Train Time,Train Bid_ask_spread,Test Time,Test Bid_ask_spread,Predicted Train Time,Predicted Bid_ask_spread
07:30:00,0.0,,,07:30:00,0.0
07:30:01,-325.0,,,07:30:01,-325.0
07:30:02,399.38,,,07:30:02,399.38
07:30:03,388.0,,,07:30:03,388.0
07:30:04,388.0,,,07:30:04,388.0
07:30:05,182.82,,,07:30:05,182.82
07:30:06,40.6,,,07:30:06,40.6
07:30:07,23.67,,,07:30:07,23.67
07:30:08,31.17,,,07:30:08,31.17
07:30:09,29.56,,,07:30:09,29.56
07:30:10,27.0,,,07:30:10,27.0
07:30:11,5.74,,,07:30:11,5.74
07:30:12,7.0,,,07:30:12,7.0
07:30:13,5.28,,,07:30:13,5.28
07:30:14,4.9,,,07:30:14,4.9
07:30:15,7.06,,,07:30:15,7.06
07:30:16,4.86,,,07:30:16,4.86
07:30:17,3.36,,,07:30:17,3.36
07:30:18,2.23,,,07:30:18,2.23
07:30:19,5.79,,,07:30:19,5.79
07:30:20,13.15,,,07:30:20,13.15
07:30:21,11.95,,,07:30:21,11.95
07:30:22,13.0,,,07:30:22,13.0
07:30:23,11.64,,,07:30:23,11.64
07:30:24,10.59,,,07:30:24,10.59
07:30:25,7.23,,,07:30:25,7.23
07:30:26,6.0,,,07:30:26,6.0
07:30:27,4.64,,,07:30:27,4.64
07:30:28,3.69,,,07:30:28,3.69
07:30:29,7.13,,,07:30:29,7.13
07:30:30,8.1,,,07:30:30,8.1
07:30:31,5.76,,,07:30:31,5.76
07:30:32,2.62,,,07:30:32,2.62
07:30:33,1.91,,,07:30:33,1.91
07:30:34,2.33,,,07:30:34,2.33
07:30:35,4.1,,,07:30:35,4.1
07:30:36,3.9,,,07:30:36,3.9
07:30:37,4.0,,,07:30:37,4.0
07:30:38,3.4,,,07:30:38,3.4
07:30:39,3.16,,,07:30:39,3.16
07:30:40,10.0,,,07:30:40,10.0
07:30:41,10.0,,,07:30:41,10.0
07:30:42,8.33,,,07:30:42,8.33
07:30:43,4.89,,,07:30:43,4.89
07:30:44,5.22,,,07:30:44,5.22
07:30:45,5.29,,,07:30:45,5.29
07:30:46,10.32,,,07:30:46,10.32
07:30:47,2.11,,,07:30:47,2.11
07:30:48,1.14,,,07:30:48,1.14
07:30:49,6.57,,,07:30:49,6.57
07:30:50,9.47,,,07:30:50,9.47
07:30:51,7.1,,,07:30:51,7.1
07:30:52,6.93,,,07:30:52,6.93
07:30:53,4.57,,,07:30:53,4.57
07:30:54,6.33,,,07:30:54,6.33
07:30:55,1.0,,,07:30:55,1.0
07:30:56,1.0,,,07:30:56,1.0
07:30:57,1.2,,,07:30:57,1.2
07:30:58,15.15,,,07:30:58,15.15
07:30:59,13.23,,,07:30:59,13.23
07:31:00,10.44,,,07:31:00,10.44
07:31:01,5.32,,,07:31:01,5.32
07:31:02,5.44,,,07:31:02,5.44
07:31:03,3.9,,,07:31:03,3.9
07:31:04,2.44,,,07:31:04,2.44
07:31:05,6.9,,,07:31:05,6.9
07:31:06,7.67,,,07:31:06,7.67
07:31:07,5.93,,,07:31:07,5.93
07:31:08,15.62,,,07:31:08,15.62
07:31:09,30.11,,,07:31:09,30.11
07:31:10,162.89,,,07:31:10,162.89
07:31:11,46.27,,,07:31:11,46.27
07:31:12,202.38,,,07:31:12,202.38
07:31:13,72.44,,,07:31:13,72.44
07:31:14,76.17,,,07:31:14,76.17
07:31:15,66.38,,,07:31:15,66.38
07:31:16,34.24,,,07:31:16,34.24
07:31:17,65.67,,,07:31:17,65.67
07:31:18,49.31,,,07:31:18,49.31
07:31:19,55.0,,,07:31:19,55.0
07:31:20,34.89,,,07:31:20,34.89
07:31:21,57.79,,,07:31:21,57.79
07:31:22,39.58,,,07:31:22,39.58
07:31:23,14.22,,,07:31:23,14.22
07:31:24,8.04,,,07:31:24,8.04
07:31:25,4.52,,,07:31:25,4.52
07:31:26,1.66,,,07:31:26,1.66
07:31:27,4.31,,,07:31:27,4.31
07:31:28,2.85,,,07:31:28,2.85
07:31:29,1.91,,,07:31:29,1.91
07:31:30,79.29,,,07:31:30,79.29
07:31:31,231.0,,,07:31:31,231.0
07:31:32,231.0,,,07:31:32,231.0
07:31:33,245.05,,,07:31:33,245.05
07:31:34,18.17,,,07:31:34,18.17
07:31:35,14.04,,,07:31:35,14.04
07:31:36,1.97,,,07:31:36,1.97
07:31:37,1.5,,,07:31:37,1.5
07:31:38,1.0,,,07:31:38,1.0
07:31:39,1.0,,,07:31:39,1.0
07:31:40,7.14,,,07:31:40,7.14
07:31:41,8.0,,,07:31:41,8.0
07:31:42,7.06,,,07:31:42,7.06
07:31:43,6.2,,,07:31:43,6.2
07:31:44,6.8,,,07:31:44,6.8
07:31:45,7.21,,,07:31:45,7.21
07:31:46,3.31,,,07:31:46,3.31
07:31:47,2.42,,,07:31:47,2.42
07:31:48,1.0,,,07:31:48,1.0
07:31:49,3.57,,,07:31:49,3.57
07:31:50,5.99,,,07:31:50,5.99
07:31:51,5.4,,,07:31:51,5.4
07:31:52,3.1,,,07:31:52,3.1
07:31:53,3.0,,,07:31:53,3.0
07:31:54,2.8,,,07:31:54,2.8
07:31:55,2.25,,,07:31:55,2.25
07:31:56,5.43,,,07:31:56,5.43
07:31:57,14.0,,,07:31:57,14.0
07:31:58,13.39,,,07:31:58,13.39
07:31:59,12.0,,,07:31:59,12.0
07:32:00,16.04,,,07:32:00,16.04
07:32:01,14.47,,,07:32:01,14.47
07:32:02,6.0,,,07:32:02,6.0
07:32:03,15.9,,,07:32:03,15.9
07:32:04,10.63,,,07:32:04,10.63
07:32:05,4.0,,,07:32:05,4.0
07:32:06,2.27,,,07:32:06,2.27
07:32:07,1.51,,,07:32:07,1.51
07:32:08,6.18,,,07:32:08,6.18
07:32:09,2.45,,,07:32:09,2.45
07:32:10,2.0,,,07:32:10,2.0
07:32:11,2.0,,,07:32:11,2.0
07:32:12,1.71,,,07:32:12,1.71
07:32:13,2.36,,,07:32:13,2.36
07:32:14,1.33,,,07:32:14,1.33
07:32:15,3.34,,,07:32:15,3.34
07:32:16,3.78,,,07:32:16,3.78
07:32:17,10.86,,,07:32:17,10.86
07:32:18,11.27,,,07:32:18,11.27
07:32:19,8.35,,,07:32:19,8.35
07:32:20,5.71,,,07:32:20,5.71
07:32:21,4.54,,,07:32:21,4.54
07:32:22,3.31,,,07:32:22,3.31
07:32:23,2.83,,,07:32:23,2.83
07:32:24,1.21,,,07:32:24,1.21
07:32:25,2.92,,,07:32:25,2.92
07:32:26,4.24,,,07:32:26,4.24
07:32:27,19.12,,,07:32:27,19.12
07:32:28,108.77,,,07:32:28,108.77
07:32:29,3.95,,,07:32:29,3.95
07:32:30,2.07,,,07:32:30,2.07
07:32:31,1.86,,,07:32:31,1.86
07:32:32,9.93,,,07:32:32,9.93
07:32:33,11.77,,,07:32:33,11.77
07:32:34,7.56,,,07:32:34,7.56
07:32:35,4.46,,,07:32:35,4.46
07:32:36,1.0,,,07:32:36,1.0
07:32:37,2.15,,,07:32:37,2.15
07:32:38,10.0,,,07:32:38,10.0
07:32:39,12.89,,,07:32:39,12.89
07:32:40,8.31,,,07:32:40,8.31
07:32:41,8.0,,,07:32:41,8.0
07:32:42,7.79,,,07:32:42,7.79
07:32:43,7.0,,,07:32:43,7.0
07:32:44,6.97,,,07:32:44,6.97
07:32:45,5.08,,,07:32:45,5.08
07:32:46,5.86,,,07:32:46,5.86
07:32:47,4.38,,,07:32:47,4.38
07:32:48,1.64,,,07:32:48,1.64
07:32:49,4.6,,,07:32:49,4.6
07:32:50,8.36,,,07:32:50,8.36
07:32:51,6.47,,,07:32:51,6.47
07:32:52,7.11,,,07:32:52,7.11
07:32:53,4.71,,,07:32:53,4.71
07:32:54,3.96,,,07:32:54,3.96
07:32:55,4.0,,,07:32:55,4.0
07:32:56,5.5,,,07:32:56,5.5
07:32:57,5.92,,,07:32:57,5.92
07:32:58,3.15,,,07:32:58,3.15
07:32:59,2.03,,,07:32:59,2.03
07:33:00,3.77,,,07:33:00,3.77
07:33:01,2.15,,,07:33:01,2.15
07:33:02,1.36,,,07:33:02,1.36
07:33:03,10.65,,,07:33:03,10.65
07:33:04,7.55,,,07:33:04,7.55
07:33:05,3.0,,,07:33:05,3.0
07:33:06,2.6,,,07:33:06,2.6
07:33:07,1.78,,,07:33:07,1.78
07:33:08,2.5,,,07:33:08,2.5
07:33:09,1.0,,,07:33:09,1.0
07:33:10,4.49,,,07:33:10,4.49
07:33:11,12.59,,,07:33:11,12.59
07:33:12,11.0,,,07:33:12,11.0
07:33:13,11.0,,,07:33:13,11.0
07:33:14,8.68,,,07:33:14,8.68
07:33:15,4.25,,,07:33:15,4.25
07:33:16,5.81,,,07:33:16,5.81
07:33:17,7.0,,,07:33:17,7.0
07:33:18,5.4,,,07:33:18,5.4
07:33:19,2.82,,,07:33:19,2.82
07:33:20,7.04,,,07:33:20,7.04
07:33:21,5.14,,,07:33:21,5.14
07:33:22,1.59,,,07:33:22,1.59
07:33:23,17.49,,,07:33:23,17.49
07:33:24,18.53,,,07:33:24,18.53
07:33:25,15.88,,,07:33:25,15.88
07:33:26,15.0,,,07:33:26,15.0
07:33:27,15.0,,,07:33:27,15.0
07:33:28,15.0,,,07:33:28,15.0
07:33:29,15.0,,,07:33:29,15.0
07:33:30,14.93,,,07:33:30,14.93
07:33:31,13.4,,,07:33:31,13.4
07:33:32,12.15,,,07:33:32,12.15
07:33:33,11.0,,,07:33:33,11.0
07:33:34,13.85,,,07:33:34,13.85
07:33:35,14.74,,,07:33:35,14.74
07:33:36,12.78,,,07:33:36,12.78
07:33:37,8.9,,,07:33:37,8.9
07:33:38,7.7,,,07:33:38,7.7
07:33:39,5.67,,,07:33:39,5.67
07:33:40,2.91,,,07:33:40,2.91
07:33:41,1.09,,,07:33:41,1.09
07:33:42,1.92,,,07:33:42,1.92
07:33:43,4.24,,,07:33:43,4.24
07:33:44,2.02,,,07:33:44,2.02
07:33:45,1.54,,,07:33:45,1.54
07:33:46,1.0,,,07:33:46,1.0
07:33:47,14.91,,,07:33:47,14.91
07:33:48,14.0,,,07:33:48,14.0
07:33:49,17.8,,,07:33:49,17.8
07:33:50,15.0,,,07:33:50,15.0
07:33:51,15.0,,,07:33:51,15.0
07:33:52,17.45,,,07:33:52,17.45
07:33:53,17.25,,,07:33:53,17.25
07:33:54,14.32,,,07:33:54,14.32
07:33:55,6.25,,,07:33:55,6.25
07:33:56,51.14,,,07:33:56,51.14
07:33:57,134.04,,,07:33:57,134.04
07:33:58,132.43,,,07:33:58,132.43
07:33:59,16.71,,,07:33:59,16.71
07:34:00,2.6,,,07:34:00,2.6
07:34:01,3.19,,,07:34:01,3.19
07:34:02,6.11,,,07:34:02,6.11
07:34:03,4.41,,,07:34:03,4.41
07:34:04,2.4,,,07:34:04,2.4
07:34:05,2.55,,,07:34:05,2.55
07:34:06,10.13,,,07:34:06,10.13
07:34:07,10.06,,,07:34:07,10.06
07:34:08,7.39,,,07:34:08,7.39
07:34:09,8.82,,,07:34:09,8.82
07:34:10,7.95,,,07:34:10,7.95
07:34:11,6.67,,,07:34:11,6.67
07:34:12,5.85,,,07:34:12,5.85
07:34:13,2.67,,,07:34:13,2.67
07:34:14,3.21,,,07:34:14,3.21
07:34:15,2.98,,,07:34:15,2.98
07:34:16,13.0,,,07:34:16,13.0
07:34:17,16.16,,,07:34:17,16.16
07:34:18,9.02,,,07:34:18,9.02
07:34:19,4.02,,,07:34:19,4.02
07:34:20,5.0,,,07:34:20,5.0
07:34:21,4.14,,,07:34:21,4.14
07:34:22,4.0,,,07:34:22,4.0
07:34:23,2.87,,,07:34:23,2.87
07:34:24,2.43,,,07:34:24,2.43
07:34:25,2.64,,,07:34:25,2.64
07:34:26,3.05,,,07:34:26,3.05
07:34:27,3.9,,,07:34:27,3.9
07:34:28,19.6,,,07:34:28,19.6
07:34:29,4.07,,,07:34:29,4.07
07:34:30,4.19,,,07:34:30,4.19
07:34:31,3.94,,,07:34:31,3.94
07:34:32,1.31,,,07:34:32,1.31
07:34:33,1.0,,,07:34:33,1.0
07:34:34,1.0,,,07:34:34,1.0
07:34:35,1.0,,,07:34:35,1.0
07:34:36,3.12,,,07:34:36,3.12
07:34:37,3.5,,,07:34:37,3.5
07:34:38,2.8,,,07:34:38,2.8
07:34:39,2.45,,,07:34:39,2.45
07:34:40,6.67,,,07:34:40,6.67
07:34:41,7.41,,,07:34:41,7.41
07:34:42,4.9,,,07:34:42,4.9
07:34:43,3.36,,,07:34:43,3.36
07:34:44,2.73,,,07:34:44,2.73
07:34:45,17.15,,,07:34:45,17.15
07:34:46,9.0,,,07:34:46,9.0
07:34:47,12.65,,,07:34:47,12.65
07:34:48,17.0,,,07:34:48,17.0
07:34:49,17.0,,,07:34:49,17.0
07:34:50,13.18,,,07:34:50,13.18
07:34:51,13.0,,,07:34:51,13.0
07:34:52,13.0,,,07:34:52,13.0
07:34:53,12.24,,,07:34:53,12.24
07:34:54,15.65,,,07:34:54,15.65
07:34:55,14.62,,,07:34:55,14.62
07:34:56,13.0,,,07:34:56,13.0
07:34:57,11.33,,,07:34:57,11.33
07:34:58,6.82,,,07:34:58,6.82
07:34:59,2.27,,,07:34:59,2.27
07:35:00,6.54,,,07:35:00,6.54
07:35:01,7.33,,,07:35:01,7.33
07:35:02,5.78,,,07:35:02,5.78
07:35:03,3.97,,,07:35:03,3.97
07:35:04,4.0,,,07:35:04,4.0
07:35:05,3.78,,,07:35:05,3.78
07:35:06,3.16,,,07:35:06,3.16
07:35:07,12.93,,,07:35:07,12.93
07:35:08,10.43,,,07:35:08,10.43
07:35:09,21.68,,,07:35:09,21.68
07:35:10,22.0,,,07:35:10,22.0
07:35:11,19.27,,,07:35:11,19.27
07:35:12,7.57,,,07:35:12,7.57
07:35:13,1.5,,,07:35:13,1.5
07:35:14,1.95,,,07:35:14,1.95
07:35:15,3.61,,,07:35:15,3.61
07:35:16,14.83,,,07:35:16,14.83
07:35:17,16.0,,,07:35:17,16.0
07:35:18,16.1,,,07:35:18,16.1
07:35:19,14.33,,,07:35:19,14.33
07:35:20,4.94,,,07:35:20,4.94
07:35:21,2.82,,,07:35:21,2.82
07:35:22,1.59,,,07:35:22,1.59
07:35:23,3.32,,,07:35:23,3.32
07:35:24,14.85,,,07:35:24,14.85
07:35:25,15.0,,,07:35:25,15.0
07:35:26,15.0,,,07:35:26,15.0
07:35:27,15.0,,,07:35:27,15.0
07:35:28,16.93,,,07:35:28,16.93
07:35:29,17.0,,,07:35:29,17.0
07:35:30,17.0,,,07:35:30,17.0
07:35:31,17.16,,,07:35:31,17.16
07:35:32,15.56,,,07:35:32,15.56
07:35:33,12.81,,,07:35:33,12.81
07:35:34,7.68,,,07:35:34,7.68
07:35:35,1.73,,,07:35:35,1.73
07:35:36,9.72,,,07:35:36,9.72
07:35:37,8.5,,,07:35:37,8.5
07:35:38,5.2,,,07:35:38,5.2
07:35:39,4.83,,,07:35:39,4.83
07:35:40,3.38,,,07:35:40,3.38
07:35:41,6.28,,,07:35:41,6.28
07:35:42,3.12,,,07:35:42,3.12
07:35:43,3.08,,,07:35:43,3.08
07:35:44,6.69,,,07:35:44,6.69
07:35:45,5.33,,,07:35:45,5.33
07:35:46,1.43,,,07:35:46,1.43
07:35:47,1.97,,,07:35:47,1.97
07:35:48,12.37,,,07:35:48,12.37
07:35:49,15.89,,,07:35:49,15.89
07:35:50,17.43,,,07:35:50,17.43
07:35:51,15.82,,,07:35:51,15.82
07:35:52,15.13,,,07:35:52,15.13
07:35:53,14.77,,,07:35:53,14.77
07:35:54,8.96,,,07:35:54,8.96
07:35:55,14.29,,,07:35:55,14.29
07:35:56,13.71,,,07:35:56,13.71
07:35:57,11.93,,,07:35:57,11.93
07:35:58,11.0,,,07:35:58,11.0
07:35:59,11.0,,,07:35:59,11.0
07:36:00,10.36,,,07:36:00,10.36
07:36:01,10.0,,,07:36:01,10.0
07:36:02,7.4,,,07:36:02,7.4
07:36:03,6.05,,,07:36:03,6.05
07:36:04,2.61,,,07:36:04,2.61
07:36:05,2.94,,,07:36:05,2.94
07:36:06,8.65,,,07:36:06,8.65
07:36:07,88.96,,,07:36:07,88.96
07:36:08,47.46,,,07:36:08,47.46
07:36:09,23.71,,,07:36:09,23.71
07:36:10,10.22,,,07:36:10,10.22
07:36:11,8.7,,,07:36:11,8.7
07:36:12,8.73,,,07:36:12,8.73
07:36:13,9.53,,,07:36:13,9.53
07:36:14,8.89,,,07:36:14,8.89
07:36:15,5.77,,,07:36:15,5.77
07:36:16,1.77,,,07:36:16,1.77
07:36:17,32.47,,,07:36:17,32.47
07:36:18,46.15,,,07:36:18,46.15
07:36:19,22.78,,,07:36:19,22.78
07:36:20,231.0,,,07:36:20,231.0
07:36:21,113.2,,,07:36:21,113.2
07:36:22,7.0,,,07:36:22,7.0
07:36:23,5.38,,,07:36:23,5.38
07:36:24,10.3,,,07:36:24,10.3
07:36:25,6.17,,,07:36:25,6.17
07:36:26,9.2,,,07:36:26,9.2
07:36:27,10.71,,,07:36:27,10.71
07:36:28,5.05,,,07:36:28,5.05
07:36:29,2.76,,,07:36:29,2.76
07:36:30,18.42,,,07:36:30,18.42
07:36:31,25.8,,,07:36:31,25.8
07:36:32,23.98,,,07:36:32,23.98
07:36:33,175.18,,,07:36:33,175.18
07:36:34,133.57,,,07:36:34,133.57
07:36:35,78.89,,,07:36:35,78.89
07:36:36,96.56,,,07:36:36,96.56
07:36:37,99.0,,,07:36:37,99.0
07:36:38,18.0,,,07:36:38,18.0
07:36:39,188.1,,,07:36:39,188.1
07:36:40,102.62,,,07:36:40,102.62
07:36:41,84.32,,,07:36:41,84.32
07:36:42,24.8,,,07:36:42,24.8
07:36:43,20.8,,,07:36:43,20.8
07:36:44,14.07,,,07:36:44,14.07
07:36:45,11.0,,,07:36:45,11.0
07:36:46,11.75,,,07:36:46,11.75
07:36:47,9.35,,,07:36:47,9.35
07:36:48,3.7,,,07:36:48,3.7
07:36:49,4.65,,,07:36:49,4.65
07:36:50,1.88,,,07:36:50,1.88
07:36:51,1.44,,,07:36:51,1.44
07:36:52,103.83,,,07:36:52,103.83
07:36:53,236.25,,,07:36:53,236.25
07:36:54,263.0,,,07:36:54,263.0
07:36:55,137.16,,,07:36:55,137.16
07:36:56,201.38,,,07:36:56,201.38
07:36:57,41.67,,,07:36:57,41.67
07:36:58,13.38,,,07:36:58,13.38
07:36:59,10.41,,,07:36:59,10.41
07:37:00,15.27,,,07:37:00,15.27
07:37:01,8.37,,,07:37:01,8.37
07:37:02,129.73,,,07:37:02,129.73
07:37:03,146.81,,,07:37:03,146.81
07:37:04,181.93,,,07:37:04,181.93
07:37:05,30.0,,,07:37:05,30.0
07:37:06,29.5,,,07:37:06,29.5
07:37:07,29.87,,,07:37:07,29.87
07:37:08,27.91,,,07:37:08,27.91
07:37:09,25.4,,,07:37:09,25.4
07:37:10,21.92,,,07:37:10,21.92
07:37:11,18.78,,,07:37:11,18.78
07:37:12,17.61,,,07:37:12,17.61
07:37:13,17.36,,,07:37:13,17.36
07:37:14,12.42,,,07:37:14,12.42
07:37:15,9.18,,,07:37:15,9.18
07:37:16,6.23,,,07:37:16,6.23
07:37:17,3.22,,,07:37:17,3.22
07:37:18,1.04,,,07:37:18,1.04
07:37:19,3.78,,,07:37:19,3.78
07:37:20,1.8,,,07:37:20,1.8
07:37:21,48.95,,,07:37:21,48.95
07:37:22,159.75,,,07:37:22,159.75
07:37:23,75.83,,,07:37:23,75.83
07:37:24,89.41,,,07:37:24,89.41
07:37:25,116.6,,,07:37:25,116.6
07:37:26,115.0,,,07:37:26,115.0
07:37:27,112.02,,,07:37:27,112.02
07:37:28,84.03,,,07:37:28,84.03
07:37:29,66.64,,,07:37:29,66.64
07:37:30,63.26,,,07:37:30,63.26
07:37:31,62.45,,,07:37:31,62.45
07:37:32,59.23,,,07:37:32,59.23
07:37:33,38.25,,,07:37:33,38.25
07:37:34,29.85,,,07:37:34,29.85
07:37:35,18.3,,,07:37:35,18.3
07:37:36,12.52,,,07:37:36,12.52
07:37:37,9.32,,,07:37:37,9.32
07:37:38,6.56,,,07:37:38,6.56
07:37:39,5.36,,,07:37:39,5.36
07:37:40,2.64,,,07:37:40,2.64
07:37:41,2.45,,,07:37:41,2.45
07:37:42,3.57,,,07:37:42,3.57
07:37:43,3.05,,,07:37:43,3.05
07:37:44,2.76,,,07:37:44,2.76
07:37:45,11.58,,,07:37:45,11.58
07:37:46,99.0,,,07:37:46,99.0
07:37:47,71.86,,,07:37:47,71.86
07:37:48,176.5,,,07:37:48,176.5
07:37:49,279.14,,,07:37:49,279.14
07:37:50,321.56,,,07:37:50,321.56
07:37:51,416.6,,,07:37:51,416.6
07:37:52,450.0,,,07:37:52,450.0
07:37:53,268.0,,,07:37:53,268.0
07:37:54,43.94,,,07:37:54,43.94
07:37:55,61.67,,,07:37:55,61.67
07:37:56,27.02,,,07:37:56,27.02
07:37:57,11.83,,,07:37:57,11.83
07:37:58,10.17,,,07:37:58,10.17
07:37:59,8.69,,,07:37:59,8.69
07:38:00,4.63,,,07:38:00,4.63
07:38:01,3.86,,,07:38:01,3.86
07:38:02,5.04,,,07:38:02,5.04
07:38:03,5.57,,,07:38:03,5.57
07:38:04,4.52,,,07:38:04,4.52
07:38:05,5.33,,,07:38:05,5.33
07:38:06,17.91,,,07:38:06,17.91
07:38:07,17.6,,,07:38:07,17.6
07:38:08,20.27,,,07:38:08,20.27
07:38:09,16.47,,,07:38:09,16.47
07:38:10,156.71,,,07:38:10,156.71
07:38:11,119.42,,,07:38:11,119.42
07:38:12,109.35,,,07:38:12,109.35
07:38:13,40.79,,,07:38:13,40.79
07:38:14,40.0,,,07:38:14,40.0
07:38:15,38.7,,,07:38:15,38.7
07:38:16,34.38,,,07:38:16,34.38
07:38:17,35.12,,,07:38:17,35.12
07:38:18,32.88,,,07:38:18,32.88
07:38:19,29.51,,,07:38:19,29.51
07:38:20,29.94,,,07:38:20,29.94
07:38:21,25.91,,,07:38:21,25.91
07:38:22,22.14,,,07:38:22,22.14
07:38:23,15.88,,,07:38:23,15.88
07:38:24,15.77,,,07:38:24,15.77
07:38:25,13.0,,,07:38:25,13.0
07:38:26,10.6,,,07:38:26,10.6
07:38:27,6.79,,,07:38:27,6.79
07:38:28,2.71,,,07:38:28,2.71
07:38:29,2.36,,,07:38:29,2.36
07:38:30,1.1,,,07:38:30,1.1
07:38:31,1.0,,,07:38:31,1.0
07:38:32,137.09,,,07:38:32,137.09
07:38:33,322.0,,,07:38:33,322.0
07:38:34,136.62,,,07:38:34,136.62
07:38:35,56.77,,,07:38:35,56.77
07:38:36,52.71,,,07:38:36,52.71
07:38:37,50.4,,,07:38:37,50.4
07:38:38,52.11,,,07:38:38,52.11
07:38:39,50.19,,,07:38:39,50.19
07:38:40,37.86,,,07:38:40,37.86
07:38:41,18.93,,,07:38:41,18.93
07:38:42,17.44,,,07:38:42,17.44
07:38:43,15.14,,,07:38:43,15.14
07:38:44,11.81,,,07:38:44,11.81
07:38:45,11.89,,,07:38:45,11.89
07:38:46,8.94,,,07:38:46,8.94
07:38:47,4.92,,,07:38:47,4.92
07:38:48,1.19,,,07:38:48,1.19
07:38:49,2.6,,,07:38:49,2.6
07:38:50,17.62,,,07:38:50,17.62
07:38:51,157.85,,,07:38:51,157.85
07:38:52,54.47,,,07:38:52,54.47
07:38:53,74.73,,,07:38:53,74.73
07:38:54,71.78,,,07:38:54,71.78
07:38:55,64.9,,,07:38:55,64.9
07:38:56,36.0,,,07:38:56,36.0
07:38:57,143.63,,,07:38:57,143.63
07:38:58,84.98,,,07:38:58,84.98
07:38:59,5.0,,,07:38:59,5.0
07:39:00,106.55,,,07:39:00,106.55
07:39:01,84.86,,,07:39:01,84.86
07:39:02,83.9,,,07:39:02,83.9
07:39:03,86.53,,,07:39:03,86.53
07:39:04,21.51,,,07:39:04,21.51
07:39:05,1.0,,,07:39:05,1.0
07:39:06,3.39,,,07:39:06,3.39
07:39:07,147.0,,,07:39:07,147.0
07:39:08,242.75,,,07:39:08,242.75
07:39:09,150.33,,,07:39:09,150.33
07:39:10,149.02,,,07:39:10,149.02
07:39:11,55.67,,,07:39:11,55.67
07:39:12,38.78,,,07:39:12,38.78
07:39:13,23.48,,,07:39:13,23.48
07:39:14,8.4,,,07:39:14,8.4
07:39:15,5.85,,,07:39:15,5.85
07:39:16,7.0,,,07:39:16,7.0
07:39:17,102.83,,,07:39:17,102.83
07:39:18,25.15,,,07:39:18,25.15
07:39:19,32.64,,,07:39:19,32.64
07:39:20,9.91,,,07:39:20,9.91
07:39:21,1.91,,,07:39:21,1.91
07:39:22,143.81,,,07:39:22,143.81
07:39:23,269.8,,,07:39:23,269.8
07:39:24,291.0,,,07:39:24,291.0
07:39:25,320.07,,,07:39:25,320.07
07:39:26,102.22,,,07:39:26,102.22
07:39:27,157.47,,,07:39:27,157.47
07:39:28,115.33,,,07:39:28,115.33
07:39:29,40.0,,,07:39:29,40.0
07:39:30,44.09,,,07:39:30,44.09
07:39:31,41.55,,,07:39:31,41.55
07:39:32,50.8,,,07:39:32,50.8
07:39:33,45.35,,,07:39:33,45.35
07:39:34,1.8,,,07:39:34,1.8
07:39:35,22.88,,,07:39:35,22.88
07:39:36,170.33,,,07:39:36,170.33
07:39:37,2.62,,,07:39:37,2.62
07:39:38,63.07,,,07:39:38,63.07
07:39:39,248.34,,,07:39:39,248.34
07:39:40,188.5,,,07:39:40,188.5
07:39:41,60.11,,,07:39:41,60.11
07:39:42,8.89,,,07:39:42,8.89
07:39:43,7.62,,,07:39:43,7.62
07:39:44,6.44,,,07:39:44,6.44
07:39:45,4.08,,,07:39:45,4.08
07:39:46,2.4,,,07:39:46,2.4
07:39:47,3.44,,,07:39:47,3.44
07:39:48,1.63,,,07:39:48,1.63
07:39:49,2.0,,,07:39:49,2.0
07:39:50,1.33,,,07:39:50,1.33
07:39:51,1.5,,,07:39:51,1.5
07:39:52,21.43,,,07:39:52,21.43
07:39:53,15.78,,,07:39:53,15.78
07:39:54,10.0,,,07:39:54,10.0
07:39:55,9.8,,,07:39:55,9.8
07:39:56,8.23,,,07:39:56,8.23
07:39:57,8.0,,,07:39:57,8.0
07:39:58,5.68,,,07:39:58,5.68
07:39:59,4.35,,,07:39:59,4.35
07:40:00,5.23,,,07:40:00,5.23
07:40:01,3.92,,,07:40:01,3.92
07:40:02,3.49,,,07:40:02,3.49
07:40:03,4.19,,,07:40:03,4.19
07:40:04,4.88,,,07:40:04,4.88
07:40:05,3.95,,,07:40:05,3.95
07:40:06,64.2,,,07:40:06,64.2
07:40:07,98.41,,,07:40:07,98.41
07:40:08,254.57,,,07:40:08,254.57
07:40:09,88.76,,,07:40:09,88.76
07:40:10,64.96,,,07:40:10,64.96
07:40:11,11.97,,,07:40:11,11.97
07:40:12,12.11,,,07:40:12,12.11
07:40:13,8.62,,,07:40:13,8.62
07:40:14,5.11,,,07:40:14,5.11
07:40:15,3.81,,,07:40:15,3.81
07:40:16,5.31,,,07:40:16,5.31
07:40:17,1.0,,,07:40:17,1.0
07:40:18,6.54,,,07:40:18,6.54
07:40:19,8.67,,,07:40:19,8.67
07:40:20,7.18,,,07:40:20,7.18
07:40:21,4.76,,,07:40:21,4.76
07:40:22,7.39,,,07:40:22,7.39
07:40:23,4.88,,,07:40:23,4.88
07:40:24,1.98,,,07:40:24,1.98
07:40:25,1.44,,,07:40:25,1.44
07:40:26,48.41,,,07:40:26,48.41
07:40:27,96.91,,,07:40:27,96.91
07:40:28,94.36,,,07:40:28,94.36
07:40:29,11.94,,,07:40:29,11.94
07:40:30,4.0,,,07:40:30,4.0
07:40:31,3.33,,,07:40:31,3.33
07:40:32,19.88,,,07:40:32,19.88
07:40:33,15.63,,,07:40:33,15.63
07:40:34,10.0,,,07:40:34,10.0
07:40:35,9.0,,,07:40:35,9.0
07:40:36,6.11,,,07:40:36,6.11
07:40:37,3.42,,,07:40:37,3.42
07:40:38,1.82,,,07:40:38,1.82
07:40:39,8.01,,,07:40:39,8.01
07:40:40,128.82,,,07:40:40,128.82
07:40:41,241.38,,,07:40:41,241.38
07:40:42,294.18,,,07:40:42,294.18
07:40:43,279.62,,,07:40:43,279.62
07:40:44,266.56,,,07:40:44,266.56
07:40:45,226.37,,,07:40:45,226.37
07:40:46,46.35,,,07:40:46,46.35
07:40:47,16.62,,,07:40:47,16.62
07:40:48,11.5,,,07:40:48,11.5
07:40:49,7.76,,,07:40:49,7.76
07:40:50,5.11,,,07:40:50,5.11
07:40:51,9.74,,,07:40:51,9.74
07:40:52,4.04,,,07:40:52,4.04
07:40:53,3.0,,,07:40:53,3.0
07:40:54,4.47,,,07:40:54,4.47
07:40:55,4.0,,,07:40:55,4.0
07:40:56,39.61,,,07:40:56,39.61
07:40:57,88.09,,,07:40:57,88.09
07:40:58,2.0,,,07:40:58,2.0
07:40:59,6.01,,,07:40:59,6.01
07:41:00,5.27,,,07:41:00,5.27
07:41:01,4.97,,,07:41:01,4.97
07:41:02,6.79,,,07:41:02,6.79
07:41:03,5.2,,,07:41:03,5.2
07:41:04,3.27,,,07:41:04,3.27
07:41:05,1.1,,,07:41:05,1.1
07:41:06,5.19,,,07:41:06,5.19
07:41:07,11.9,,,07:41:07,11.9
07:41:08,4.0,,,07:41:08,4.0
07:41:09,3.27,,,07:41:09,3.27
07:41:10,3.58,,,07:41:10,3.58
07:41:11,4.86,,,07:41:11,4.86
07:41:12,3.5,,,07:41:12,3.5
07:41:13,2.24,,,07:41:13,2.24
07:41:14,8.91,,,07:41:14,8.91
07:41:15,8.23,,,07:41:15,8.23
07:41:16,1.06,,,07:41:16,1.06
07:41:17,1.0,,,07:41:17,1.0
07:41:18,7.03,,,07:41:18,7.03
07:41:19,5.91,,,07:41:19,5.91
07:41:20,2.96,,,07:41:20,2.96
07:41:21,2.15,,,07:41:21,2.15
07:41:22,1.17,,,07:41:22,1.17
07:41:23,12.56,,,07:41:23,12.56
07:41:24,12.05,,,07:41:24,12.05
07:41:25,9.58,,,07:41:25,9.58
07:41:26,7.33,,,07:41:26,7.33
07:41:27,4.2,,,07:41:27,4.2
07:41:28,4.71,,,07:41:28,4.71
07:41:29,4.92,,,07:41:29,4.92
07:41:30,11.92,,,07:41:30,11.92
07:41:31,4.62,,,07:41:31,4.62
07:41:32,14.39,,,07:41:32,14.39
07:41:33,14.8,,,07:41:33,14.8
07:41:34,16.6,,,07:41:34,16.6
07:41:35,14.14,,,07:41:35,14.14
07:41:36,11.38,,,07:41:36,11.38
07:41:37,8.17,,,07:41:37,8.17
07:41:38,7.09,,,07:41:38,7.09
07:41:39,4.52,,,07:41:39,4.52
07:41:40,2.62,,,07:41:40,2.62
07:41:41,7.57,,,07:41:41,7.57
07:41:42,6.77,,,07:41:42,6.77
07:41:43,6.23,,,07:41:43,6.23
07:41:44,4.29,,,07:41:44,4.29
07:41:45,1.71,,,07:41:45,1.71
07:41:46,12.0,,,07:41:46,12.0
07:41:47,12.0,,,07:41:47,12.0
07:41:48,15.33,,,07:41:48,15.33
07:41:49,14.0,,,07:41:49,14.0
07:41:50,46.52,,,07:41:50,46.52
07:41:51,12.5,,,07:41:51,12.5
07:41:52,10.0,,,07:41:52,10.0
07:41:53,5.0,,,07:41:53,5.0
07:41:54,10.52,,,07:41:54,10.52
07:41:55,12.73,,,07:41:55,12.73
07:41:56,9.62,,,07:41:56,9.62
07:41:57,6.92,,,07:41:57,6.92
07:41:58,11.56,,,07:41:58,11.56
07:41:59,12.28,,,07:41:59,12.28
07:42:00,10.91,,,07:42:00,10.91
07:42:01,106.03,,,07:42:01,106.03
07:42:02,245.33,,,07:42:02,245.33
07:42:03,173.51,,,07:42:03,173.51
07:42:04,175.28,,,07:42:04,175.28
07:42:05,170.56,,,07:42:05,170.56
07:42:06,100.34,,,07:42:06,100.34
07:42:07,9.62,,,07:42:07,9.62
07:42:08,4.66,,,07:42:08,4.66
07:42:09,1.88,,,07:42:09,1.88
07:42:10,2.98,,,07:42:10,2.98
07:42:11,2.83,,,07:42:11,2.83
07:42:12,1.79,,,07:42:12,1.79
07:42:13,3.09,,,07:42:13,3.09
07:42:14,1.36,,,07:42:14,1.36
07:42:15,13.1,,,07:42:15,13.1
07:42:16,9.79,,,07:42:16,9.79
07:42:17,4.0,,,07:42:17,4.0
07:42:18,4.0,,,07:42:18,4.0
07:42:19,3.0,,,07:42:19,3.0
07:42:20,1.58,,,07:42:20,1.58
07:42:21,9.33,,,07:42:21,9.33
07:42:22,8.92,,,07:42:22,8.92
07:42:23,7.55,,,07:42:23,7.55
07:42:24,5.15,,,07:42:24,5.15
07:42:25,2.94,,,07:42:25,2.94
07:42:26,1.4,,,07:42:26,1.4
07:42:27,11.71,,,07:42:27,11.71
07:42:28,13.67,,,07:42:28,13.67
07:42:29,19.0,,,07:42:29,19.0
07:42:30,18.71,,,07:42:30,18.71
07:42:31,16.93,,,07:42:31,16.93
07:42:32,15.39,,,07:42:32,15.39
07:42:33,7.58,,,07:42:33,7.58
07:42:34,6.67,,,07:42:34,6.67
07:42:35,3.62,,,07:42:35,3.62
07:42:36,2.36,,,07:42:36,2.36
07:42:37,1.0,,,07:42:37,1.0
07:42:38,9.59,,,07:42:38,9.59
07:42:39,12.0,,,07:42:39,12.0
07:42:40,14.25,,,07:42:40,14.25
07:42:41,15.77,,,07:42:41,15.77
07:42:42,15.0,,,07:42:42,15.0
07:42:43,17.0,,,07:42:43,17.0
07:42:44,15.75,,,07:42:44,15.75
07:42:45,12.43,,,07:42:45,12.43
07:42:46,9.0,,,07:42:46,9.0
07:42:47,12.65,,,07:42:47,12.65
07:42:48,15.0,,,07:42:48,15.0
07:42:49,15.0,,,07:42:49,15.0
07:42:50,14.27,,,07:42:50,14.27
07:42:51,13.96,,,07:42:51,13.96
07:42:52,12.1,,,07:42:52,12.1
07:42:53,11.38,,,07:42:53,11.38
07:42:54,9.66,,,07:42:54,9.66
07:42:55,7.6,,,07:42:55,7.6
07:42:56,6.77,,,07:42:56,6.77
07:42:57,5.69,,,07:42:57,5.69
07:42:58,4.14,,,07:42:58,4.14
07:42:59,1.88,,,07:42:59,1.88
07:43:00,2.3,,,07:43:00,2.3
07:43:01,1.35,,,07:43:01,1.35
07:43:02,1.25,,,07:43:02,1.25
07:43:03,65.0,,,07:43:03,65.0
07:43:04,22.41,,,07:43:04,22.41
07:43:05,16.5,,,07:43:05,16.5
07:43:06,11.0,,,07:43:06,11.0
07:43:07,11.0,,,07:43:07,11.0
07:43:08,9.49,,,07:43:08,9.49
07:43:09,10.87,,,07:43:09,10.87
07:43:10,12.11,,,07:43:10,12.11
07:43:11,10.33,,,07:43:11,10.33
07:43:12,10.2,,,07:43:12,10.2
07:43:13,13.0,,,07:43:13,13.0
07:43:14,13.0,,,07:43:14,13.0
07:43:15,12.13,,,07:43:15,12.13
07:43:16,9.17,,,07:43:16,9.17
07:43:17,5.7,,,07:43:17,5.7
07:43:18,2.88,,,07:43:18,2.88
07:43:19,2.29,,,07:43:19,2.29
07:43:20,1.35,,,07:43:20,1.35
07:43:21,13.24,,,07:43:21,13.24
07:43:22,7.92,,,07:43:22,7.92
07:43:23,3.38,,,07:43:23,3.38
07:43:24,2.77,,,07:43:24,2.77
07:43:25,2.43,,,07:43:25,2.43
07:43:26,1.67,,,07:43:26,1.67
07:43:27,7.43,,,07:43:27,7.43
07:43:28,13.75,,,07:43:28,13.75
07:43:29,11.44,,,07:43:29,11.44
07:43:30,11.0,,,07:43:30,11.0
07:43:31,9.65,,,07:43:31,9.65
07:43:32,5.78,,,07:43:32,5.78
07:43:33,3.51,,,07:43:33,3.51
07:43:34,4.22,,,07:43:34,4.22
07:43:35,3.21,,,07:43:35,3.21
07:43:36,1.0,,,07:43:36,1.0
07:43:37,7.19,,,07:43:37,7.19
07:43:38,11.35,,,07:43:38,11.35
07:43:39,9.5,,,07:43:39,9.5
07:43:40,10.35,,,07:43:40,10.35
07:43:41,7.49,,,07:43:41,7.49
07:43:42,4.29,,,07:43:42,4.29
07:43:43,2.05,,,07:43:43,2.05
07:43:44,4.72,,,07:43:44,4.72
07:43:45,5.36,,,07:43:45,5.36
07:43:46,5.0,,,07:43:46,5.0
07:43:47,4.0,,,07:43:47,4.0
07:43:48,3.0,,,07:43:48,3.0
07:43:49,2.33,,,07:43:49,2.33
07:43:50,1.18,,,07:43:50,1.18
07:43:51,6.6,,,07:43:51,6.6
07:43:52,10.4,,,07:43:52,10.4
07:43:53,10.57,,,07:43:53,10.57
07:43:54,12.0,,,07:43:54,12.0
07:43:55,11.24,,,07:43:55,11.24
07:43:56,9.27,,,07:43:56,9.27
07:43:57,5.6,,,07:43:57,5.6
07:43:58,3.42,,,07:43:58,3.42
07:43:59,1.93,,,07:43:59,1.93
07:44:00,1.54,,,07:44:00,1.54
07:44:01,2.21,,,07:44:01,2.21
07:44:02,12.32,,,07:44:02,12.32
07:44:03,16.35,,,07:44:03,16.35
07:44:04,14.0,,,07:44:04,14.0
07:44:05,12.99,,,07:44:05,12.99
07:44:06,12.4,,,07:44:06,12.4
07:44:07,10.71,,,07:44:07,10.71
07:44:08,8.03,,,07:44:08,8.03
07:44:09,7.56,,,07:44:09,7.56
07:44:10,1.49,,,07:44:10,1.49
07:44:11,1.0,,,07:44:11,1.0
07:44:12,3.0,,,07:44:12,3.0
07:44:13,5.75,,,07:44:13,5.75
07:44:14,8.0,,,07:44:14,8.0
07:44:15,7.19,,,07:44:15,7.19
07:44:16,7.0,,,07:44:16,7.0
07:44:17,6.33,,,07:44:17,6.33
07:44:18,6.0,,,07:44:18,6.0
07:44:19,3.74,,,07:44:19,3.74
07:44:20,2.44,,,07:44:20,2.44
07:44:21,2.66,,,07:44:21,2.66
07:44:22,2.57,,,07:44:22,2.57
07:44:23,5.6,,,07:44:23,5.6
07:44:24,4.86,,,07:44:24,4.86
07:44:25,7.46,,,07:44:25,7.46
07:44:26,6.39,,,07:44:26,6.39
07:44:27,4.0,,,07:44:27,4.0
07:44:28,7.0,,,07:44:28,7.0
07:44:29,3.56,,,07:44:29,3.56
07:44:30,1.89,,,07:44:30,1.89
07:44:31,2.47,,,07:44:31,2.47
07:44:32,1.52,,,07:44:32,1.52
07:44:33,3.0,,,07:44:33,3.0
07:44:34,5.7,,,07:44:34,5.7
07:44:35,5.25,,,07:44:35,5.25
07:44:36,4.22,,,07:44:36,4.22
07:44:37,2.54,,,07:44:37,2.54
07:44:38,1.0,,,07:44:38,1.0
07:44:39,4.03,,,07:44:39,4.03
07:44:40,3.76,,,07:44:40,3.76
07:44:41,6.52,,,07:44:41,6.52
07:44:42,5.0,,,07:44:42,5.0
07:44:43,3.31,,,07:44:43,3.31
07:44:44,1.42,,,07:44:44,1.42
07:44:45,4.64,,,07:44:45,4.64
07:44:46,4.56,,,07:44:46,4.56
07:44:47,15.74,,,07:44:47,15.74
07:44:48,16.0,,,07:44:48,16.0
07:44:49,14.98,,,07:44:49,14.98
07:44:50,3.75,,,07:44:50,3.75
07:44:51,12.82,,,07:44:51,12.82
07:44:52,8.64,,,07:44:52,8.64
07:44:53,6.88,,,07:44:53,6.88
07:44:54,3.62,,,07:44:54,3.62
07:44:55,1.44,,,07:44:55,1.44
07:44:56,1.57,,,07:44:56,1.57
07:44:57,9.44,,,07:44:57,9.44
07:44:58,14.38,,,07:44:58,14.38
07:44:59,15.09,,,07:44:59,15.09
07:45:00,15.89,,,07:45:00,15.89
07:45:01,12.1,,,07:45:01,12.1
07:45:02,12.84,,,07:45:02,12.84
07:45:03,8.46,,,07:45:03,8.46
07:45:04,5.76,,,07:45:04,5.76
07:45:05,2.71,,,07:45:05,2.71
07:45:06,2.04,,,07:45:06,2.04
07:45:07,1.55,,,07:45:07,1.55
07:45:08,1.8,,,07:45:08,1.8
07:45:09,10.0,,,07:45:09,10.0
07:45:10,8.02,,,07:45:10,8.02
07:45:11,2.32,,,07:45:11,2.32
07:45:12,9.27,,,07:45:12,9.27
07:45:13,3.91,,,07:45:13,3.91
07:45:14,4.16,,,07:45:14,4.16
07:45:15,8.92,,,07:45:15,8.92
07:45:16,10.45,,,07:45:16,10.45
07:45:17,9.67,,,07:45:17,9.67
07:45:18,4.08,,,07:45:18,4.08
07:45:19,2.34,,,07:45:19,2.34
07:45:20,2.48,,,07:45:20,2.48
07:45:21,2.5,,,07:45:21,2.5
07:45:22,1.81,,,07:45:22,1.81
07:45:23,6.98,,,07:45:23,6.98
07:45:24,5.37,,,07:45:24,5.37
07:45:25,1.0,,,07:45:25,1.0
07:45:26,1.0,,,07:45:26,1.0
07:45:27,1.0,,,07:45:27,1.0
07:45:28,1.0,,,07:45:28,1.0
07:45:29,1.0,,,07:45:29,1.0
07:45:30,1.0,,,07:45:30,1.0
07:45:31,2.6,,,07:45:31,2.6
07:45:32,9.9,,,07:45:32,9.9
07:45:33,17.85,,,07:45:33,17.85
07:45:34,17.36,,,07:45:34,17.36
07:45:35,18.39,,,07:45:35,18.39
07:45:36,4.31,,,07:45:36,4.31
07:45:37,67.94,,,07:45:37,67.94
07:45:38,83.14,,,07:45:38,83.14
07:45:39,82.09,,,07:45:39,82.09
07:45:40,35.98,,,07:45:40,35.98
07:45:41,9.83,,,07:45:41,9.83
07:45:42,3.94,,,07:45:42,3.94
07:45:43,3.29,,,07:45:43,3.29
07:45:44,6.62,,,07:45:44,6.62
07:45:45,7.65,,,07:45:45,7.65
07:45:46,5.0,,,07:45:46,5.0
07:45:47,5.0,,,07:45:47,5.0
07:45:48,4.69,,,07:45:48,4.69
07:45:49,3.07,,,07:45:49,3.07
07:45:50,2.75,,,07:45:50,2.75
07:45:51,1.65,,,07:45:51,1.65
07:45:52,8.0,,,07:45:52,8.0
07:45:53,30.57,,,07:45:53,30.57
07:45:54,9.0,,,07:45:54,9.0
07:45:55,8.43,,,07:45:55,8.43
07:45:56,8.0,,,07:45:56,8.0
07:45:57,7.09,,,07:45:57,7.09
07:45:58,4.82,,,07:45:58,4.82
07:45:59,2.44,,,07:45:59,2.44
07:46:00,3.33,,,07:46:00,3.33
07:46:01,9.0,,,07:46:01,9.0
07:46:02,4.52,,,07:46:02,4.52
07:46:03,3.0,,,07:46:03,3.0
07:46:04,4.53,,,07:46:04,4.53
07:46:05,6.0,,,07:46:05,6.0
07:46:06,8.59,,,07:46:06,8.59
07:46:07,16.48,,,07:46:07,16.48
07:46:08,13.24,,,07:46:08,13.24
07:46:09,10.98,,,07:46:09,10.98
07:46:10,7.3,,,07:46:10,7.3
07:46:11,5.81,,,07:46:11,5.81
07:46:12,3.55,,,07:46:12,3.55
07:46:13,1.4,,,07:46:13,1.4
07:46:14,1.0,,,07:46:14,1.0
07:46:15,14.84,,,07:46:15,14.84
07:46:16,11.11,,,07:46:16,11.11
07:46:17,7.74,,,07:46:17,7.74
07:46:18,6.5,,,07:46:18,6.5
07:46:19,2.91,,,07:46:19,2.91
07:46:20,4.88,,,07:46:20,4.88
07:46:21,6.0,,,07:46:21,6.0
07:46:22,5.57,,,07:46:22,5.57
07:46:23,5.73,,,07:46:23,5.73
07:46:24,1.84,,,07:46:24,1.84
07:46:25,3.34,,,07:46:25,3.34
07:46:26,1.87,,,07:46:26,1.87
07:46:27,2.18,,,07:46:27,2.18
07:46:28,2.29,,,07:46:28,2.29
07:46:29,4.11,,,07:46:29,4.11
07:46:30,5.91,,,07:46:30,5.91
07:46:31,46.4,,,07:46:31,46.4
07:46:32,173.36,,,07:46:32,173.36
07:46:33,170.55,,,07:46:33,170.55
07:46:34,130.86,,,07:46:34,130.86
07:46:35,116.32,,,07:46:35,116.32
07:46:36,102.68,,,07:46:36,102.68
07:46:37,135.0,,,07:46:37,135.0
07:46:38,70.55,,,07:46:38,70.55
07:46:39,88.22,,,07:46:39,88.22
07:46:40,77.8,,,07:46:40,77.8
07:46:41,23.92,,,07:46:41,23.92
07:46:42,6.0,,,07:46:42,6.0
07:46:43,4.79,,,07:46:43,4.79
07:46:44,3.15,,,07:46:44,3.15
07:46:45,3.15,,,07:46:45,3.15
07:46:46,2.15,,,07:46:46,2.15
07:46:47,14.15,,,07:46:47,14.15
07:46:48,98.64,,,07:46:48,98.64
07:46:49,118.21,,,07:46:49,118.21
07:46:50,194.03,,,07:46:50,194.03
07:46:51,90.0,,,07:46:51,90.0
07:46:52,57.53,,,07:46:52,57.53
07:46:53,80.86,,,07:46:53,80.86
07:46:54,129.07,,,07:46:54,129.07
07:46:55,12.62,,,07:46:55,12.62
07:46:56,10.81,,,07:46:56,10.81
07:46:57,8.1,,,07:46:57,8.1
07:46:58,2.87,,,07:46:58,2.87
07:46:59,2.95,,,07:46:59,2.95
07:47:00,3.0,,,07:47:00,3.0
07:47:01,2.02,,,07:47:01,2.02
07:47:02,2.96,,,07:47:02,2.96
07:47:03,2.44,,,07:47:03,2.44
07:47:04,1.3,,,07:47:04,1.3
07:47:05,2.42,,,07:47:05,2.42
07:47:06,9.0,,,07:47:06,9.0
07:47:07,11.0,,,07:47:07,11.0
07:47:08,12.15,,,07:47:08,12.15
07:47:09,7.63,,,07:47:09,7.63
07:47:10,5.31,,,07:47:10,5.31
07:47:11,5.52,,,07:47:11,5.52
07:47:12,2.54,,,07:47:12,2.54
07:47:13,4.72,,,07:47:13,4.72
07:47:14,10.45,,,07:47:14,10.45
07:47:15,6.92,,,07:47:15,6.92
07:47:16,6.04,,,07:47:16,6.04
07:47:17,2.91,,,07:47:17,2.91
07:47:18,1.92,,,07:47:18,1.92
07:47:19,2.33,,,07:47:19,2.33
07:47:20,2.42,,,07:47:20,2.42
07:47:21,2.0,,,07:47:21,2.0
07:47:22,1.38,,,07:47:22,1.38
07:47:23,9.91,,,07:47:23,9.91
07:47:24,11.0,,,07:47:24,11.0
07:47:25,9.93,,,07:47:25,9.93
07:47:26,9.0,,,07:47:26,9.0
07:47:27,7.75,,,07:47:27,7.75
07:47:28,6.0,,,07:47:28,6.0
07:47:29,8.34,,,07:47:29,8.34
07:47:30,5.98,,,07:47:30,5.98
07:47:31,3.79,,,07:47:31,3.79
07:47:32,2.75,,,07:47:32,2.75
07:47:33,2.61,,,07:47:33,2.61
07:47:34,4.77,,,07:47:34,4.77
07:47:35,1.83,,,07:47:35,1.83
07:47:36,2.32,,,07:47:36,2.32
07:47:37,5.5,,,07:47:37,5.5
07:47:38,10.0,,,07:47:38,10.0
07:47:39,1.87,,,07:47:39,1.87
07:47:40,8.93,,,07:47:40,8.93
07:47:41,7.3,,,07:47:41,7.3
07:47:42,3.8,,,07:47:42,3.8
07:47:43,2.38,,,07:47:43,2.38
07:47:44,7.0,,,07:47:44,7.0
07:47:45,6.36,,,07:47:45,6.36
07:47:46,6.0,,,07:47:46,6.0
07:47:47,9.0,,,07:47:47,9.0
07:47:48,9.33,,,07:47:48,9.33
07:47:49,5.71,,,07:47:49,5.71
07:47:50,11.19,,,07:47:50,11.19
07:47:51,12.0,,,07:47:51,12.0
07:47:52,11.21,,,07:47:52,11.21
07:47:53,11.0,,,07:47:53,11.0
07:47:54,10.81,,,07:47:54,10.81
07:47:55,8.86,,,07:47:55,8.86
07:47:56,8.0,,,07:47:56,8.0
07:47:57,9.33,,,07:47:57,9.33
07:47:58,10.0,,,07:47:58,10.0
07:47:59,10.6,,,07:47:59,10.6
07:48:00,11.0,,,07:48:00,11.0
07:48:01,10.88,,,07:48:01,10.88
07:48:02,7.81,,,07:48:02,7.81
07:48:03,4.97,,,07:48:03,4.97
07:48:04,4.25,,,07:48:04,4.25
07:48:05,2.76,,,07:48:05,2.76
07:48:06,1.67,,,07:48:06,1.67
07:48:07,1.0,,,07:48:07,1.0
07:48:08,1.0,,,07:48:08,1.0
07:48:09,7.0,,,07:48:09,7.0
07:48:10,17.06,,,07:48:10,17.06
07:48:11,13.03,,,07:48:11,13.03
07:48:12,2.0,,,07:48:12,2.0
07:48:13,1.88,,,07:48:13,1.88
07:48:14,2.79,,,07:48:14,2.79
07:48:15,2.81,,,07:48:15,2.81
07:48:16,3.7,,,07:48:16,3.7
07:48:17,3.08,,,07:48:17,3.08
07:48:18,6.82,,,07:48:18,6.82
07:48:19,4.11,,,07:48:19,4.11
07:48:20,2.85,,,07:48:20,2.85
07:48:21,6.37,,,07:48:21,6.37
07:48:22,2.03,,,07:48:22,2.03
07:48:23,3.0,,,07:48:23,3.0
07:48:24,2.59,,,07:48:24,2.59
07:48:25,2.0,,,07:48:25,2.0
07:48:26,2.0,,,07:48:26,2.0
07:48:27,2.0,,,07:48:27,2.0
07:48:28,2.0,,,07:48:28,2.0
07:48:29,2.54,,,07:48:29,2.54
07:48:30,3.17,,,07:48:30,3.17
07:48:31,7.63,,,07:48:31,7.63
07:48:32,8.62,,,07:48:32,8.62
07:48:33,7.68,,,07:48:33,7.68
07:48:34,6.0,,,07:48:34,6.0
07:48:35,4.07,,,07:48:35,4.07
07:48:36,3.25,,,07:48:36,3.25
07:48:37,2.18,,,07:48:37,2.18
07:48:38,1.7,,,07:48:38,1.7
07:48:39,7.04,,,07:48:39,7.04
07:48:40,16.0,,,07:48:40,16.0
07:48:41,15.74,,,07:48:41,15.74
07:48:42,14.56,,,07:48:42,14.56
07:48:43,3.12,,,07:48:43,3.12
07:48:44,2.12,,,07:48:44,2.12
07:48:45,4.93,,,07:48:45,4.93
07:48:46,3.5,,,07:48:46,3.5
07:48:47,3.2,,,07:48:47,3.2
07:48:48,4.73,,,07:48:48,4.73
07:48:49,3.39,,,07:48:49,3.39
07:48:50,5.6,,,07:48:50,5.6
07:48:51,7.12,,,07:48:51,7.12
07:48:52,3.92,,,07:48:52,3.92
07:48:53,2.36,,,07:48:53,2.36
07:48:54,2.51,,,07:48:54,2.51
07:48:55,3.5,,,07:48:55,3.5
07:48:56,3.0,,,07:48:56,3.0
07:48:57,4.6,,,07:48:57,4.6
07:48:58,7.0,,,07:48:58,7.0
07:48:59,9.91,,,07:48:59,9.91
07:49:00,11.0,,,07:49:00,11.0
07:49:01,11.0,,,07:49:01,11.0
07:49:02,11.0,,,07:49:02,11.0
07:49:03,11.0,,,07:49:03,11.0
07:49:04,11.0,,,07:49:04,11.0
07:49:05,11.0,,,07:49:05,11.0
07:49:06,11.0,,,07:49:06,11.0
07:49:07,11.0,,,07:49:07,11.0
07:49:08,11.0,,,07:49:08,11.0
07:49:09,11.0,,,07:49:09,11.0
07:49:10,11.0,,,07:49:10,11.0
07:49:11,17.22,,,07:49:11,17.22
07:49:12,18.84,,,07:49:12,18.84
07:49:13,15.72,,,07:49:13,15.72
07:49:14,13.36,,,07:49:14,13.36
07:49:15,11.21,,,07:49:15,11.21
07:49:16,7.94,,,07:49:16,7.94
07:49:17,5.83,,,07:49:17,5.83
07:49:18,2.76,,,07:49:18,2.76
07:49:19,9.34,,,07:49:19,9.34
07:49:20,13.24,,,07:49:20,13.24
07:49:21,12.38,,,07:49:21,12.38
07:49:22,10.06,,,07:49:22,10.06
07:49:23,4.71,,,07:49:23,4.71
07:49:24,3.95,,,07:49:24,3.95
07:49:25,2.05,,,07:49:25,2.05
07:49:26,13.85,,,07:49:26,13.85
07:49:27,10.4,,,07:49:27,10.4
07:49:28,8.51,,,07:49:28,8.51
07:49:29,5.06,,,07:49:29,5.06
07:49:30,6.37,,,07:49:30,6.37
07:49:31,14.0,,,07:49:31,14.0
07:49:32,14.0,,,07:49:32,14.0
07:49:33,14.0,,,07:49:33,14.0
07:49:34,14.0,,,07:49:34,14.0
07:49:35,14.76,,,07:49:35,14.76
07:49:36,14.62,,,07:49:36,14.62
07:49:37,13.89,,,07:49:37,13.89
07:49:38,13.5,,,07:49:38,13.5
07:49:39,12.62,,,07:49:39,12.62
07:49:40,12.0,,,07:49:40,12.0
07:49:41,12.0,,,07:49:41,12.0
07:49:42,11.09,,,07:49:42,11.09
07:49:43,10.88,,,07:49:43,10.88
07:49:44,10.0,,,07:49:44,10.0
07:49:45,9.1,,,07:49:45,9.1
07:49:46,9.0,,,07:49:46,9.0
07:49:47,6.23,,,07:49:47,6.23
07:49:48,2.81,,,07:49:48,2.81
07:49:49,2.84,,,07:49:49,2.84
07:49:50,3.0,,,07:49:50,3.0
07:49:51,1.64,,,07:49:51,1.64
07:49:52,1.0,,,07:49:52,1.0
07:49:53,16.0,,,07:49:53,16.0
07:49:54,16.0,,,07:49:54,16.0
07:49:55,15.75,,,07:49:55,15.75
07:49:56,14.55,,,07:49:56,14.55
07:49:57,12.17,,,07:49:57,12.17
07:49:58,10.56,,,07:49:58,10.56
07:49:59,8.23,,,07:49:59,8.23
07:50:00,10.07,,,07:50:00,10.07
07:50:01,8.33,,,07:50:01,8.33
07:50:02,4.2,,,07:50:02,4.2
07:50:03,12.53,,,07:50:03,12.53
07:50:04,20.92,,,07:50:04,20.92
07:50:05,13.82,,,07:50:05,13.82
07:50:06,6.86,,,07:50:06,6.86
07:50:07,2.42,,,07:50:07,2.42
07:50:08,2.59,,,07:50:08,2.59
07:50:09,5.4,,,07:50:09,5.4
07:50:10,5.25,,,07:50:10,5.25
07:50:11,3.71,,,07:50:11,3.71
07:50:12,1.32,,,07:50:12,1.32
07:50:13,1.0,,,07:50:13,1.0
07:50:14,6.14,,,07:50:14,6.14
07:50:15,13.0,,,07:50:15,13.0
07:50:16,12.56,,,07:50:16,12.56
07:50:17,14.13,,,07:50:17,14.13
07:50:18,12.52,,,07:50:18,12.52
07:50:19,9.45,,,07:50:19,9.45
07:50:20,11.62,,,07:50:20,11.62
07:50:21,11.44,,,07:50:21,11.44
07:50:22,8.9,,,07:50:22,8.9
07:50:23,7.36,,,07:50:23,7.36
07:50:24,5.66,,,07:50:24,5.66
07:50:25,3.51,,,07:50:25,3.51
07:50:26,14.83,,,07:50:26,14.83
07:50:27,13.17,,,07:50:27,13.17
07:50:28,9.11,,,07:50:28,9.11
07:50:29,18.35,,,07:50:29,18.35
07:50:30,1.0,,,07:50:30,1.0
07:50:31,69.39,,,07:50:31,69.39
07:50:32,12.37,,,07:50:32,12.37
07:50:33,4.31,,,07:50:33,4.31
07:50:34,4.0,,,07:50:34,4.0
07:50:35,3.22,,,07:50:35,3.22
07:50:36,1.82,,,07:50:36,1.82
07:50:37,13.4,,,07:50:37,13.4
07:50:38,15.49,,,07:50:38,15.49
07:50:39,15.96,,,07:50:39,15.96
07:50:40,14.0,,,07:50:40,14.0
07:50:41,13.36,,,07:50:41,13.36
07:50:42,11.26,,,07:50:42,11.26
07:50:43,6.99,,,07:50:43,6.99
07:50:44,6.94,,,07:50:44,6.94
07:50:45,11.53,,,07:50:45,11.53
07:50:46,7.48,,,07:50:46,7.48
07:50:47,3.65,,,07:50:47,3.65
07:50:48,4.07,,,07:50:48,4.07
07:50:49,2.38,,,07:50:49,2.38
07:50:50,6.89,,,07:50:50,6.89
07:50:51,2.0,,,07:50:51,2.0
07:50:52,1.0,,,07:50:52,1.0
07:50:53,1.0,,,07:50:53,1.0
07:50:54,1.0,,,07:50:54,1.0
07:50:55,11.91,,,07:50:55,11.91
07:50:56,12.53,,,07:50:56,12.53
07:50:57,3.21,,,07:50:57,3.21
07:50:58,12.15,,,07:50:58,12.15
07:50:59,15.14,,,07:50:59,15.14
07:51:00,17.0,,,07:51:00,17.0
07:51:01,16.48,,,07:51:01,16.48
07:51:02,6.6,,,07:51:02,6.6
07:51:03,6.0,,,07:51:03,6.0
07:51:04,4.27,,,07:51:04,4.27
07:51:05,10.1,,,07:51:05,10.1
07:51:06,11.33,,,07:51:06,11.33
07:51:07,12.0,,,07:51:07,12.0
07:51:08,10.0,,,07:51:08,10.0
07:51:09,8.52,,,07:51:09,8.52
07:51:10,14.0,,,07:51:10,14.0
07:51:11,2.49,,,07:51:11,2.49
07:51:12,15.0,,,07:51:12,15.0
07:51:13,12.94,,,07:51:13,12.94
07:51:14,10.38,,,07:51:14,10.38
07:51:15,6.87,,,07:51:15,6.87
07:51:16,5.67,,,07:51:16,5.67
07:51:17,6.13,,,07:51:17,6.13
07:51:18,5.22,,,07:51:18,5.22
07:51:19,1.75,,,07:51:19,1.75
07:51:20,2.33,,,07:51:20,2.33
07:51:21,3.0,,,07:51:21,3.0
07:51:22,3.0,,,07:51:22,3.0
07:51:23,3.0,,,07:51:23,3.0
07:51:24,19.55,,,07:51:24,19.55
07:51:25,3.0,,,07:51:25,3.0
07:51:26,3.0,,,07:51:26,3.0
07:51:27,6.6,,,07:51:27,6.6
07:51:28,9.0,,,07:51:28,9.0
07:51:29,7.91,,,07:51:29,7.91
07:51:30,5.58,,,07:51:30,5.58
07:51:31,4.62,,,07:51:31,4.62
07:51:32,2.44,,,07:51:32,2.44
07:51:33,1.2,,,07:51:33,1.2
07:51:34,10.29,,,07:51:34,10.29
07:51:35,13.37,,,07:51:35,13.37
07:51:36,7.95,,,07:51:36,7.95
07:51:37,2.29,,,07:51:37,2.29
07:51:38,1.0,,,07:51:38,1.0
07:51:39,1.38,,,07:51:39,1.38
07:51:40,12.16,,,07:51:40,12.16
07:51:41,8.09,,,07:51:41,8.09
07:51:42,2.17,,,07:51:42,2.17
07:51:43,1.56,,,07:51:43,1.56
07:51:44,1.0,,,07:51:44,1.0
07:51:45,12.05,,,07:51:45,12.05
07:51:46,3.93,,,07:51:46,3.93
07:51:47,2.6,,,07:51:47,2.6
07:51:48,2.0,,,07:51:48,2.0
07:51:49,1.06,,,07:51:49,1.06
07:51:50,1.4,,,07:51:50,1.4
07:51:51,2.0,,,07:51:51,2.0
07:51:52,2.0,,,07:51:52,2.0
07:51:53,2.0,,,07:51:53,2.0
07:51:54,1.27,,,07:51:54,1.27
07:51:55,1.0,,,07:51:55,1.0
07:51:56,1.0,,,07:51:56,1.0
07:51:57,1.0,,,07:51:57,1.0
07:51:58,1.13,,,07:51:58,1.13
07:51:59,2.0,,,07:51:59,2.0
07:52:00,1.64,,,07:52:00,1.64
07:52:01,1.77,,,07:52:01,1.77
07:52:02,2.0,,,07:52:02,2.0
07:52:03,2.62,,,07:52:03,2.62
07:52:04,1.0,,,07:52:04,1.0
07:52:05,1.95,,,07:52:05,1.95
07:52:06,1.11,,,07:52:06,1.11
07:52:07,3.14,,,07:52:07,3.14
07:52:08,1.08,,,07:52:08,1.08
07:52:09,7.57,,,07:52:09,7.57
07:52:10,6.8,,,07:52:10,6.8
07:52:11,7.54,,,07:52:11,7.54
07:52:12,8.0,,,07:52:12,8.0
07:52:13,7.81,,,07:52:13,7.81
07:52:14,6.0,,,07:52:14,6.0
07:52:15,5.48,,,07:52:15,5.48
07:52:16,6.22,,,07:52:16,6.22
07:52:17,3.4,,,07:52:17,3.4
07:52:18,1.64,,,07:52:18,1.64
07:52:19,1.89,,,07:52:19,1.89
07:52:20,1.1,,,07:52:20,1.1
07:52:21,1.51,,,07:52:21,1.51
07:52:22,4.27,,,07:52:22,4.27
07:52:23,6.39,,,07:52:23,6.39
07:52:24,1.12,,,07:52:24,1.12
07:52:25,1.0,,,07:52:25,1.0
07:52:26,1.0,,,07:52:26,1.0
07:52:27,1.0,,,07:52:27,1.0
07:52:28,3.0,,,07:52:28,3.0
07:52:29,3.12,,,07:52:29,3.12
07:52:30,1.54,,,07:52:30,1.54
07:52:31,2.67,,,07:52:31,2.67
07:52:32,4.33,,,07:52:32,4.33
07:52:33,6.94,,,07:52:33,6.94
07:52:34,12.68,,,07:52:34,12.68
07:52:35,9.56,,,07:52:35,9.56
07:52:36,8.08,,,07:52:36,8.08
07:52:37,5.4,,,07:52:37,5.4
07:52:38,4.62,,,07:52:38,4.62
07:52:39,6.06,,,07:52:39,6.06
07:52:40,3.55,,,07:52:40,3.55
07:52:41,2.19,,,07:52:41,2.19
07:52:42,4.27,,,07:52:42,4.27
07:52:43,4.22,,,07:52:43,4.22
07:52:44,2.15,,,07:52:44,2.15
07:52:45,2.0,,,07:52:45,2.0
07:52:46,1.82,,,07:52:46,1.82
07:52:47,2.7,,,07:52:47,2.7
07:52:48,6.07,,,07:52:48,6.07
07:52:49,1.9,,,07:52:49,1.9
07:52:50,8.91,,,07:52:50,8.91
07:52:51,8.63,,,07:52:51,8.63
07:52:52,5.87,,,07:52:52,5.87
07:52:53,2.82,,,07:52:53,2.82
07:52:54,6.21,,,07:52:54,6.21
07:52:55,10.0,,,07:52:55,10.0
07:52:56,9.17,,,07:52:56,9.17
07:52:57,7.68,,,07:52:57,7.68
07:52:58,7.0,,,07:52:58,7.0
07:52:59,7.0,,,07:52:59,7.0
07:53:00,6.2,,,07:53:00,6.2
07:53:01,5.0,,,07:53:01,5.0
07:53:02,4.35,,,07:53:02,4.35
07:53:03,5.05,,,07:53:03,5.05
07:53:04,6.0,,,07:53:04,6.0
07:53:05,7.74,,,07:53:05,7.74
07:53:06,10.25,,,07:53:06,10.25
07:53:07,8.46,,,07:53:07,8.46
07:53:08,2.82,,,07:53:08,2.82
07:53:09,2.71,,,07:53:09,2.71
07:53:10,10.83,,,07:53:10,10.83
07:53:11,17.0,,,07:53:11,17.0
07:53:12,17.0,,,07:53:12,17.0
07:53:13,17.0,,,07:53:13,17.0
07:53:14,17.0,,,07:53:14,17.0
07:53:15,17.0,,,07:53:15,17.0
07:53:16,18.0,,,07:53:16,18.0
07:53:17,14.22,,,07:53:17,14.22
07:53:18,18.36,,,07:53:18,18.36
07:53:19,9.91,,,07:53:19,9.91
07:53:20,8.82,,,07:53:20,8.82
07:53:21,7.75,,,07:53:21,7.75
07:53:22,10.71,,,07:53:22,10.71
07:53:23,6.84,,,07:53:23,6.84
07:53:24,3.63,,,07:53:24,3.63
07:53:25,1.73,,,07:53:25,1.73
07:53:26,5.91,,,07:53:26,5.91
07:53:27,3.1,,,07:53:27,3.1
07:53:28,1.66,,,07:53:28,1.66
07:53:29,9.71,,,07:53:29,9.71
07:53:30,14.0,,,07:53:30,14.0
07:53:31,14.0,,,07:53:31,14.0
07:53:32,11.76,,,07:53:32,11.76
07:53:33,9.05,,,07:53:33,9.05
07:53:34,6.62,,,07:53:34,6.62
07:53:35,3.68,,,07:53:35,3.68
07:53:36,3.47,,,07:53:36,3.47
07:53:37,1.05,,,07:53:37,1.05
07:53:38,1.0,,,07:53:38,1.0
07:53:39,1.0,,,07:53:39,1.0
07:53:40,1.0,,,07:53:40,1.0
07:53:41,1.0,,,07:53:41,1.0
07:53:42,1.18,,,07:53:42,1.18
07:53:43,1.47,,,07:53:43,1.47
07:53:44,2.86,,,07:53:44,2.86
07:53:45,3.38,,,07:53:45,3.38
07:53:46,5.26,,,07:53:46,5.26
07:53:47,6.06,,,07:53:47,6.06
07:53:48,6.94,,,07:53:48,6.94
07:53:49,2.12,,,07:53:49,2.12
07:53:50,2.0,,,07:53:50,2.0
07:53:51,2.0,,,07:53:51,2.0
07:53:52,2.0,,,07:53:52,2.0
07:53:53,2.0,,,07:53:53,2.0
07:53:54,1.88,,,07:53:54,1.88
07:53:55,3.35,,,07:53:55,3.35
07:53:56,4.0,,,07:53:56,4.0
07:53:57,4.0,,,07:53:57,4.0
07:53:58,4.0,,,07:53:58,4.0
07:53:59,4.0,,,07:53:59,4.0
07:54:00,4.0,,,07:54:00,4.0
07:54:01,4.0,,,07:54:01,4.0
07:54:02,4.0,,,07:54:02,4.0
07:54:03,1.89,,,07:54:03,1.89
07:54:04,1.0,,,07:54:04,1.0
07:54:05,1.28,,,07:54:05,1.28
07:54:06,4.49,,,07:54:06,4.49
07:54:07,3.67,,,07:54:07,3.67
07:54:08,3.56,,,07:54:08,3.56
07:54:09,6.12,,,07:54:09,6.12
07:54:10,3.69,,,07:54:10,3.69
07:54:11,2.46,,,07:54:11,2.46
07:54:12,0.86,,,07:54:12,0.86
07:54:13,4.12,,,07:54:13,4.12
07:54:14,3.47,,,07:54:14,3.47
07:54:15,3.82,,,07:54:15,3.82
07:54:16,11.0,,,07:54:16,11.0
07:54:17,13.92,,,07:54:17,13.92
07:54:18,6.81,,,07:54:18,6.81
07:54:19,8.89,,,07:54:19,8.89
07:54:20,8.62,,,07:54:20,8.62
07:54:21,6.54,,,07:54:21,6.54
07:54:22,6.0,,,07:54:22,6.0
07:54:23,5.1,,,07:54:23,5.1
07:54:24,2.08,,,07:54:24,2.08
07:54:25,1.0,,,07:54:25,1.0
07:54:26,6.41,,,07:54:26,6.41
07:54:27,3.29,,,07:54:27,3.29
07:54:28,9.66,,,07:54:28,9.66
07:54:29,2.4,,,07:54:29,2.4
07:54:30,2.27,,,07:54:30,2.27
07:54:31,2.44,,,07:54:31,2.44
07:54:32,5.29,,,07:54:32,5.29
07:54:33,7.0,,,07:54:33,7.0
07:54:34,7.0,,,07:54:34,7.0
07:54:35,7.0,,,07:54:35,7.0
07:54:36,6.19,,,07:54:36,6.19
07:54:37,3.6,,,07:54:37,3.6
07:54:38,2.53,,,07:54:38,2.53
07:54:39,3.79,,,07:54:39,3.79
07:54:40,2.33,,,07:54:40,2.33
07:54:41,2.7,,,07:54:41,2.7
07:54:42,4.0,,,07:54:42,4.0
07:54:43,4.0,,,07:54:43,4.0
07:54:44,2.43,,,07:54:44,2.43
07:54:45,2.0,,,07:54:45,2.0
07:54:46,1.17,,,07:54:46,1.17
07:54:47,7.11,,,07:54:47,7.11
07:54:48,12.0,,,07:54:48,12.0
07:54:49,12.0,,,07:54:49,12.0
07:54:50,12.58,,,07:54:50,12.58
07:54:51,13.0,,,07:54:51,13.0
07:54:52,12.28,,,07:54:52,12.28
07:54:53,12.81,,,07:54:53,12.81
07:54:54,11.62,,,07:54:54,11.62
07:54:55,11.0,,,07:54:55,11.0
07:54:56,8.46,,,07:54:56,8.46
07:54:57,5.54,,,07:54:57,5.54
07:54:58,4.33,,,07:54:58,4.33
07:54:59,2.87,,,07:54:59,2.87
07:55:00,2.61,,,07:55:00,2.61
07:55:01,6.65,,,07:55:01,6.65
07:55:02,10.88,,,07:55:02,10.88
07:55:03,9.38,,,07:55:03,9.38
07:55:04,8.67,,,07:55:04,8.67
07:55:05,7.29,,,07:55:05,7.29
07:55:06,2.42,,,07:55:06,2.42
07:55:07,4.47,,,07:55:07,4.47
07:55:08,5.08,,,07:55:08,5.08
07:55:09,9.24,,,07:55:09,9.24
07:55:10,15.58,,,07:55:10,15.58
07:55:11,13.59,,,07:55:11,13.59
07:55:12,10.0,,,07:55:12,10.0
07:55:13,8.7,,,07:55:13,8.7
07:55:14,2.65,,,07:55:14,2.65
07:55:15,1.06,,,07:55:15,1.06
07:55:16,1.0,,,07:55:16,1.0
07:55:17,8.0,,,07:55:17,8.0
07:55:18,8.0,,,07:55:18,8.0
07:55:19,12.9,,,07:55:19,12.9
07:55:20,13.0,,,07:55:20,13.0
07:55:21,13.0,,,07:55:21,13.0
07:55:22,11.29,,,07:55:22,11.29
07:55:23,8.15,,,07:55:23,8.15
07:55:24,8.59,,,07:55:24,8.59
07:55:25,7.04,,,07:55:25,7.04
07:55:26,6.0,,,07:55:26,6.0
07:55:27,6.0,,,07:55:27,6.0
07:55:28,5.15,,,07:55:28,5.15
07:55:29,2.5,,,07:55:29,2.5
07:55:30,3.24,,,07:55:30,3.24
07:55:31,10.01,,,07:55:31,10.01
07:55:32,10.36,,,07:55:32,10.36
07:55:33,11.87,,,07:55:33,11.87
07:55:34,10.78,,,07:55:34,10.78
07:55:35,8.44,,,07:55:35,8.44
07:55:36,5.82,,,07:55:36,5.82
07:55:37,7.27,,,07:55:37,7.27
07:55:38,7.0,,,07:55:38,7.0
07:55:39,7.0,,,07:55:39,7.0
07:55:40,7.0,,,07:55:40,7.0
07:55:41,3.12,,,07:55:41,3.12
07:55:42,5.14,,,07:55:42,5.14
07:55:43,5.0,,,07:55:43,5.0
07:55:44,3.58,,,07:55:44,3.58
07:55:45,1.91,,,07:55:45,1.91
07:55:46,1.27,,,07:55:46,1.27
07:55:47,1.0,,,07:55:47,1.0
07:55:48,10.42,,,07:55:48,10.42
07:55:49,9.44,,,07:55:49,9.44
07:55:50,8.0,,,07:55:50,8.0
07:55:51,6.48,,,07:55:51,6.48
07:55:52,4.07,,,07:55:52,4.07
07:55:53,1.46,,,07:55:53,1.46
07:55:54,1.36,,,07:55:54,1.36
07:55:55,2.0,,,07:55:55,2.0
07:55:56,1.67,,,07:55:56,1.67
07:55:57,1.0,,,07:55:57,1.0
07:55:58,2.15,,,07:55:58,2.15
07:55:59,10.0,,,07:55:59,10.0
07:56:00,10.35,,,07:56:00,10.35
07:56:01,15.0,,,07:56:01,15.0
07:56:02,15.0,,,07:56:02,15.0
07:56:03,14.97,,,07:56:03,14.97
07:56:04,11.43,,,07:56:04,11.43
07:56:05,9.45,,,07:56:05,9.45
07:56:06,7.82,,,07:56:06,7.82
07:56:07,8.28,,,07:56:07,8.28
07:56:08,8.31,,,07:56:08,8.31
07:56:09,7.91,,,07:56:09,7.91
07:56:10,4.54,,,07:56:10,4.54
07:56:11,3.4,,,07:56:11,3.4
07:56:12,3.64,,,07:56:12,3.64
07:56:13,15.98,,,07:56:13,15.98
07:56:14,13.66,,,07:56:14,13.66
07:56:15,11.38,,,07:56:15,11.38
07:56:16,11.62,,,07:56:16,11.62
07:56:17,9.0,,,07:56:17,9.0
07:56:18,7.47,,,07:56:18,7.47
07:56:19,1.79,,,07:56:19,1.79
07:56:20,6.55,,,07:56:20,6.55
07:56:21,11.0,,,07:56:21,11.0
07:56:22,11.0,,,07:56:22,11.0
07:56:23,13.8,,,07:56:23,13.8
07:56:24,9.45,,,07:56:24,9.45
07:56:25,5.71,,,07:56:25,5.71
07:56:26,4.93,,,07:56:26,4.93
07:56:27,4.0,,,07:56:27,4.0
07:56:28,4.0,,,07:56:28,4.0
07:56:29,2.8,,,07:56:29,2.8
07:56:30,1.69,,,07:56:30,1.69
07:56:31,1.0,,,07:56:31,1.0
07:56:32,3.25,,,07:56:32,3.25
07:56:33,5.0,,,07:56:33,5.0
07:56:34,5.0,,,07:56:34,5.0
07:56:35,9.0,,,07:56:35,9.0
07:56:36,9.43,,,07:56:36,9.43
07:56:37,5.55,,,07:56:37,5.55
07:56:38,4.74,,,07:56:38,4.74
07:56:39,4.0,,,07:56:39,4.0
07:56:40,3.2,,,07:56:40,3.2
07:56:41,1.82,,,07:56:41,1.82
07:56:42,2.84,,,07:56:42,2.84
07:56:43,9.71,,,07:56:43,9.71
07:56:44,9.12,,,07:56:44,9.12
07:56:45,8.85,,,07:56:45,8.85
07:56:46,8.0,,,07:56:46,8.0
07:56:47,8.0,,,07:56:47,8.0
07:56:48,8.0,,,07:56:48,8.0
07:56:49,7.11,,,07:56:49,7.11
07:56:50,5.5,,,07:56:50,5.5
07:56:51,3.97,,,07:56:51,3.97
07:56:52,2.77,,,07:56:52,2.77
07:56:53,1.64,,,07:56:53,1.64
07:56:54,1.71,,,07:56:54,1.71
07:56:55,2.0,,,07:56:55,2.0
07:56:56,6.59,,,07:56:56,6.59
07:56:57,14.35,,,07:56:57,14.35
07:56:58,10.99,,,07:56:58,10.99
07:56:59,6.55,,,07:56:59,6.55
07:57:00,5.58,,,07:57:00,5.58
07:57:01,3.33,,,07:57:01,3.33
07:57:02,4.33,,,07:57:02,4.33
07:57:03,3.05,,,07:57:03,3.05
07:57:04,1.89,,,07:57:04,1.89
07:57:05,1.95,,,07:57:05,1.95
07:57:06,9.96,,,07:57:06,9.96
07:57:07,11.0,,,07:57:07,11.0
07:57:08,11.0,,,07:57:08,11.0
07:57:09,11.0,,,07:57:09,11.0
07:57:10,11.0,,,07:57:10,11.0
07:57:11,12.33,,,07:57:11,12.33
07:57:12,14.0,,,07:57:12,14.0
07:57:13,15.0,,,07:57:13,15.0
07:57:14,14.94,,,07:57:14,14.94
07:57:15,13.2,,,07:57:15,13.2
07:57:16,6.8,,,07:57:16,6.8
07:57:17,5.0,,,07:57:17,5.0
07:57:18,3.14,,,07:57:18,3.14
07:57:19,4.84,,,07:57:19,4.84
07:57:20,14.18,,,07:57:20,14.18
07:57:21,14.1,,,07:57:21,14.1
07:57:22,11.96,,,07:57:22,11.96
07:57:23,4.0,,,07:57:23,4.0
07:57:24,2.01,,,07:57:24,2.01
07:57:25,3.0,,,07:57:25,3.0
07:57:26,3.08,,,07:57:26,3.08
07:57:27,2.67,,,07:57:27,2.67
07:57:28,4.0,,,07:57:28,4.0
07:57:29,6.0,,,07:57:29,6.0
07:57:30,6.0,,,07:57:30,6.0
07:57:31,6.0,,,07:57:31,6.0
07:57:32,6.0,,,07:57:32,6.0
07:57:33,6.0,,,07:57:33,6.0
07:57:34,5.62,,,07:57:34,5.62
07:57:35,4.55,,,07:57:35,4.55
07:57:36,5.0,,,07:57:36,5.0
07:57:37,3.17,,,07:57:37,3.17
07:57:38,1.18,,,07:57:38,1.18
07:57:39,7.14,,,07:57:39,7.14
07:57:40,10.0,,,07:57:40,10.0
07:57:41,10.0,,,07:57:41,10.0
07:57:42,10.0,,,07:57:42,10.0
07:57:43,8.36,,,07:57:43,8.36
07:57:44,7.65,,,07:57:44,7.65
07:57:45,9.05,,,07:57:45,9.05
07:57:46,9.1,,,07:57:46,9.1
07:57:47,9.3,,,07:57:47,9.3
07:57:48,9.0,,,07:57:48,9.0
07:57:49,8.07,,,07:57:49,8.07
07:57:50,6.76,,,07:57:50,6.76
07:57:51,3.5,,,07:57:51,3.5
07:57:52,2.32,,,07:57:52,2.32
07:57:53,2.23,,,07:57:53,2.23
07:57:54,5.01,,,07:57:54,5.01
07:57:55,1.13,,,07:57:55,1.13
07:57:56,8.41,,,07:57:56,8.41
07:57:57,12.91,,,07:57:57,12.91
07:57:58,11.67,,,07:57:58,11.67
07:57:59,5.38,,,07:57:59,5.38
07:58:00,3.0,,,07:58:00,3.0
07:58:01,3.0,,,07:58:01,3.0
07:58:02,3.0,,,07:58:02,3.0
07:58:03,3.0,,,07:58:03,3.0
07:58:04,4.93,,,07:58:04,4.93
07:58:05,4.0,,,07:58:05,4.0
07:58:06,4.0,,,07:58:06,4.0
07:58:07,4.0,,,07:58:07,4.0
07:58:08,12.13,,,07:58:08,12.13
07:58:09,10.89,,,07:58:09,10.89
07:58:10,9.5,,,07:58:10,9.5
07:58:11,9.0,,,07:58:11,9.0
07:58:12,15.8,,,07:58:12,15.8
07:58:13,16.0,,,07:58:13,16.0
07:58:14,7.82,,,07:58:14,7.82
07:58:15,8.5,,,07:58:15,8.5
07:58:16,14.59,,,07:58:16,14.59
07:58:17,12.99,,,07:58:17,12.99
07:58:18,8.52,,,07:58:18,8.52
07:58:19,6.39,,,07:58:19,6.39
07:58:20,5.19,,,07:58:20,5.19
07:58:21,3.59,,,07:58:21,3.59
07:58:22,3.58,,,07:58:22,3.58
07:58:23,3.05,,,07:58:23,3.05
07:58:24,6.4,,,07:58:24,6.4
07:58:25,6.05,,,07:58:25,6.05
07:58:26,4.55,,,07:58:26,4.55
07:58:27,4.0,,,07:58:27,4.0
07:58:28,4.0,,,07:58:28,4.0
07:58:29,4.0,,,07:58:29,4.0
07:58:30,3.11,,,07:58:30,3.11
07:58:31,1.75,,,07:58:31,1.75
07:58:32,3.12,,,07:58:32,3.12
07:58:33,2.03,,,07:58:33,2.03
07:58:34,1.0,,,07:58:34,1.0
07:58:35,10.66,,,07:58:35,10.66
07:58:36,19.65,,,07:58:36,19.65
07:58:37,16.0,,,07:58:37,16.0
07:58:38,13.04,,,07:58:38,13.04
07:58:39,11.67,,,07:58:39,11.67
07:58:40,9.13,,,07:58:40,9.13
07:58:41,7.0,,,07:58:41,7.0
07:58:42,3.88,,,07:58:42,3.88
07:58:43,3.6,,,07:58:43,3.6
07:58:44,5.08,,,07:58:44,5.08
07:58:45,6.32,,,07:58:45,6.32
07:58:46,6.45,,,07:58:46,6.45
07:58:47,8.0,,,07:58:47,8.0
07:58:48,8.0,,,07:58:48,8.0
07:58:49,8.0,,,07:58:49,8.0
07:58:50,5.14,,,07:58:50,5.14
07:58:51,3.0,,,07:58:51,3.0
07:58:52,1.25,,,07:58:52,1.25
07:58:53,1.93,,,07:58:53,1.93
07:58:54,6.0,,,07:58:54,6.0
07:58:55,6.0,,,07:58:55,6.0
07:58:56,6.0,,,07:58:56,6.0
07:58:57,6.0,,,07:58:57,6.0
07:58:58,6.0,,,07:58:58,6.0
07:58:59,5.17,,,07:58:59,5.17
07:59:00,5.0,,,07:59:00,5.0
07:59:01,4.09,,,07:59:01,4.09
07:59:02,3.14,,,07:59:02,3.14
07:59:03,2.27,,,07:59:03,2.27
07:59:04,2.0,,,07:59:04,2.0
07:59:05,1.47,,,07:59:05,1.47
07:59:06,3.13,,,07:59:06,3.13
07:59:07,10.2,,,07:59:07,10.2
07:59:08,8.64,,,07:59:08,8.64
07:59:09,6.85,,,07:59:09,6.85
07:59:10,6.0,,,07:59:10,6.0
07:59:11,6.0,,,07:59:11,6.0
07:59:12,5.0,,,07:59:12,5.0
07:59:13,4.08,,,07:59:13,4.08
07:59:14,3.27,,,07:59:14,3.27
07:59:15,2.71,,,07:59:15,2.71
07:59:16,7.86,,,07:59:16,7.86
07:59:17,7.25,,,07:59:17,7.25
07:59:18,7.0,,,07:59:18,7.0
07:59:19,7.0,,,07:59:19,7.0
07:59:20,10.27,,,07:59:20,10.27
07:59:21,10.57,,,07:59:21,10.57
07:59:22,8.15,,,07:59:22,8.15
07:59:23,2.89,,,07:59:23,2.89
07:59:24,5.32,,,07:59:24,5.32
07:59:25,10.84,,,07:59:25,10.84
07:59:26,8.1,,,07:59:26,8.1
07:59:27,10.28,,,07:59:27,10.28
07:59:28,6.88,,,07:59:28,6.88
07:59:29,5.63,,,07:59:29,5.63
07:59:30,8.0,,,07:59:30,8.0
07:59:31,11.92,,,07:59:31,11.92
07:59:32,11.61,,,07:59:32,11.61
07:59:33,8.09,,,07:59:33,8.09
07:59:34,11.1,,,07:59:34,11.1
07:59:35,10.0,,,07:59:35,10.0
07:59:36,9.51,,,07:59:36,9.51
07:59:37,5.0,,,07:59:37,5.0
07:59:38,4.21,,,07:59:38,4.21
07:59:39,2.38,,,07:59:39,2.38
07:59:40,2.14,,,07:59:40,2.14
07:59:41,3.05,,,07:59:41,3.05
07:59:42,2.9,,,07:59:42,2.9
07:59:43,1.0,,,07:59:43,1.0
07:59:44,1.46,,,07:59:44,1.46
07:59:45,2.31,,,07:59:45,2.31
07:59:46,1.85,,,07:59:46,1.85
07:59:47,7.52,,,07:59:47,7.52
07:59:48,4.27,,,07:59:48,4.27
07:59:49,13.67,,,07:59:49,13.67
07:59:50,10.54,,,07:59:50,10.54
07:59:51,7.06,,,07:59:51,7.06
07:59:52,6.0,,,07:59:52,6.0
07:59:53,8.5,,,07:59:53,8.5
07:59:54,11.0,,,07:59:54,11.0
07:59:55,9.26,,,07:59:55,9.26
07:59:56,5.9,,,07:59:56,5.9
07:59:57,3.28,,,07:59:57,3.28
07:59:58,1.6,,,07:59:58,1.6
07:59:59,2.86,,,07:59:59,2.86
08:00:00,10.2,,,08:00:00,10.2
08:00:01,7.13,,,08:00:01,7.13
08:00:02,3.17,,,08:00:02,3.17
08:00:03,5.41,,,08:00:03,5.41
08:00:04,6.88,,,08:00:04,6.88
08:00:05,4.2,,,08:00:05,4.2
08:00:06,4.8,,,08:00:06,4.8
08:00:07,4.55,,,08:00:07,4.55
08:00:08,4.0,,,08:00:08,4.0
08:00:09,1.75,,,08:00:09,1.75
08:00:10,1.0,,,08:00:10,1.0
08:00:11,1.0,,,08:00:11,1.0
08:00:12,1.0,,,08:00:12,1.0
08:00:13,6.0,,,08:00:13,6.0
08:00:14,4.5,,,08:00:14,4.5
08:00:15,4.0,,,08:00:15,4.0
08:00:16,3.0,,,08:00:16,3.0
08:00:17,1.0,,,08:00:17,1.0
08:00:18,2.91,,,08:00:18,2.91
08:00:19,4.0,,,08:00:19,4.0
08:00:20,4.0,,,08:00:20,4.0
08:00:21,3.18,,,08:00:21,3.18
08:00:22,3.0,,,08:00:22,3.0
08:00:23,3.0,,,08:00:23,3.0
08:00:24,4.37,,,08:00:24,4.37
08:00:25,1.0,,,08:00:25,1.0
08:00:26,3.25,,,08:00:26,3.25
08:00:27,4.0,,,08:00:27,4.0
08:00:28,4.0,,,08:00:28,4.0
08:00:29,4.0,,,08:00:29,4.0
08:00:30,4.0,,,08:00:30,4.0
08:00:31,8.58,,,08:00:31,8.58
08:00:32,5.14,,,08:00:32,5.14
08:00:33,5.0,,,08:00:33,5.0
08:00:34,3.37,,,08:00:34,3.37
08:00:35,1.83,,,08:00:35,1.83
08:00:36,2.39,,,08:00:36,2.39
08:00:37,11.4,,,08:00:37,11.4
08:00:38,9.93,,,08:00:38,9.93
08:00:39,6.8,,,08:00:39,6.8
08:00:40,6.0,,,08:00:40,6.0
08:00:41,4.3,,,08:00:41,4.3
08:00:42,4.0,,,08:00:42,4.0
08:00:43,3.58,,,08:00:43,3.58
08:00:44,1.08,,,08:00:44,1.08
08:00:45,2.98,,,08:00:45,2.98
08:00:46,9.27,,,08:00:46,9.27
08:00:47,8.65,,,08:00:47,8.65
08:00:48,6.7,,,08:00:48,6.7
08:00:49,6.0,,,08:00:49,6.0
08:00:50,6.0,,,08:00:50,6.0
08:00:51,5.62,,,08:00:51,5.62
08:00:52,3.16,,,08:00:52,3.16
08:00:53,1.92,,,08:00:53,1.92
08:00:54,1.52,,,08:00:54,1.52
08:00:55,14.09,,,08:00:55,14.09
08:00:56,15.0,,,08:00:56,15.0
08:00:57,15.85,,,08:00:57,15.85
08:00:58,13.53,,,08:00:58,13.53
08:00:59,16.0,,,08:00:59,16.0
08:01:00,15.03,,,08:01:00,15.03
08:01:01,15.0,,,08:01:01,15.0
08:01:02,15.0,,,08:01:02,15.0
08:01:03,12.72,,,08:01:03,12.72
08:01:04,10.83,,,08:01:04,10.83
08:01:05,7.0,,,08:01:05,7.0
08:01:06,5.0,,,08:01:06,5.0
08:01:07,5.93,,,08:01:07,5.93
08:01:08,8.0,,,08:01:08,8.0
08:01:09,6.64,,,08:01:09,6.64
08:01:10,5.21,,,08:01:10,5.21
08:01:11,3.11,,,08:01:11,3.11
08:01:12,1.43,,,08:01:12,1.43
08:01:13,1.81,,,08:01:13,1.81
08:01:14,7.97,,,08:01:14,7.97
08:01:15,11.19,,,08:01:15,11.19
08:01:16,8.93,,,08:01:16,8.93
08:01:17,4.69,,,08:01:17,4.69
08:01:18,2.46,,,08:01:18,2.46
08:01:19,3.49,,,08:01:19,3.49
08:01:20,5.73,,,08:01:20,5.73
08:01:21,3.6,,,08:01:21,3.6
08:01:22,1.56,,,08:01:22,1.56
08:01:23,4.64,,,08:01:23,4.64
08:01:24,13.75,,,08:01:24,13.75
08:01:25,8.5,,,08:01:25,8.5
08:01:26,6.0,,,08:01:26,6.0
08:01:27,5.0,,,08:01:27,5.0
08:01:28,5.36,,,08:01:28,5.36
08:01:29,7.38,,,08:01:29,7.38
08:01:30,8.54,,,08:01:30,8.54
08:01:31,9.69,,,08:01:31,9.69
08:01:32,9.69,,,08:01:32,9.69
08:01:33,6.4,,,08:01:33,6.4
08:01:34,5.45,,,08:01:34,5.45
08:01:35,6.29,,,08:01:35,6.29
08:01:36,10.2,,,08:01:36,10.2
08:01:37,11.0,,,08:01:37,11.0
08:01:38,9.36,,,08:01:38,9.36
08:01:39,4.0,,,08:01:39,4.0
08:01:40,3.08,,,08:01:40,3.08
08:01:41,5.28,,,08:01:41,5.28
08:01:42,19.93,,,08:01:42,19.93
08:01:43,16.83,,,08:01:43,16.83
08:01:44,12.89,,,08:01:44,12.89
08:01:45,7.04,,,08:01:45,7.04
08:01:46,2.39,,,08:01:46,2.39
08:01:47,4.23,,,08:01:47,4.23
08:01:48,1.68,,,08:01:48,1.68
08:01:49,4.88,,,08:01:49,4.88
08:01:50,3.35,,,08:01:50,3.35
08:01:51,4.58,,,08:01:51,4.58
08:01:52,4.43,,,08:01:52,4.43
08:01:53,4.74,,,08:01:53,4.74
08:01:54,1.56,,,08:01:54,1.56
08:01:55,11.25,,,08:01:55,11.25
08:01:56,10.0,,,08:01:56,10.0
08:01:57,10.0,,,08:01:57,10.0
08:01:58,8.66,,,08:01:58,8.66
08:01:59,11.73,,,08:01:59,11.73
08:02:00,12.95,,,08:02:00,12.95
08:02:01,2.0,,,08:02:01,2.0
08:02:02,2.0,,,08:02:02,2.0
08:02:03,2.0,,,08:02:03,2.0
08:02:04,1.44,,,08:02:04,1.44
08:02:05,1.79,,,08:02:05,1.79
08:02:06,2.29,,,08:02:06,2.29
08:02:07,5.15,,,08:02:07,5.15
08:02:08,6.0,,,08:02:08,6.0
08:02:09,6.0,,,08:02:09,6.0
08:02:10,3.17,,,08:02:10,3.17
08:02:11,3.0,,,08:02:11,3.0
08:02:12,4.86,,,08:02:12,4.86
08:02:13,5.17,,,08:02:13,5.17
08:02:14,1.87,,,08:02:14,1.87
08:02:15,2.0,,,08:02:15,2.0
08:02:16,1.94,,,08:02:16,1.94
08:02:17,3.5,,,08:02:17,3.5
08:02:18,4.0,,,08:02:18,4.0
08:02:19,3.0,,,08:02:19,3.0
08:02:20,2.09,,,08:02:20,2.09
08:02:21,4.06,,,08:02:21,4.06
08:02:22,8.64,,,08:02:22,8.64
08:02:23,9.0,,,08:02:23,9.0
08:02:24,9.0,,,08:02:24,9.0
08:02:25,9.69,,,08:02:25,9.69
08:02:26,10.2,,,08:02:26,10.2
08:02:27,9.0,,,08:02:27,9.0
08:02:28,7.65,,,08:02:28,7.65
08:02:29,4.0,,,08:02:29,4.0
08:02:30,4.67,,,08:02:30,4.67
08:02:31,3.47,,,08:02:31,3.47
08:02:32,4.42,,,08:02:32,4.42
08:02:33,3.25,,,08:02:33,3.25
08:02:34,14.93,,,08:02:34,14.93
08:02:35,18.17,,,08:02:35,18.17
08:02:36,17.41,,,08:02:36,17.41
08:02:37,12.11,,,08:02:37,12.11
08:02:38,8.62,,,08:02:38,8.62
08:02:39,6.7,,,08:02:39,6.7
08:02:40,4.25,,,08:02:40,4.25
08:02:41,2.18,,,08:02:41,2.18
08:02:42,1.85,,,08:02:42,1.85
08:02:43,8.74,,,08:02:43,8.74
08:02:44,9.0,,,08:02:44,9.0
08:02:45,5.52,,,08:02:45,5.52
08:02:46,4.0,,,08:02:46,4.0
08:02:47,3.4,,,08:02:47,3.4
08:02:48,1.33,,,08:02:48,1.33
08:02:49,2.64,,,08:02:49,2.64
08:02:50,14.0,,,08:02:50,14.0
08:02:51,21.59,,,08:02:51,21.59
08:02:52,12.67,,,08:02:52,12.67
08:02:53,8.59,,,08:02:53,8.59
08:02:54,7.0,,,08:02:54,7.0
08:02:55,6.9,,,08:02:55,6.9
08:02:56,4.38,,,08:02:56,4.38
08:02:57,3.0,,,08:02:57,3.0
08:02:58,3.19,,,08:02:58,3.19
08:02:59,7.0,,,08:02:59,7.0
08:03:00,7.79,,,08:03:00,7.79
08:03:01,8.0,,,08:03:01,8.0
08:03:02,8.0,,,08:03:02,8.0
08:03:03,8.0,,,08:03:03,8.0
08:03:04,14.94,,,08:03:04,14.94
08:03:05,16.0,,,08:03:05,16.0
08:03:06,12.39,,,08:03:06,12.39
08:03:07,4.0,,,08:03:07,4.0
08:03:08,6.1,,,08:03:08,6.1
08:03:09,5.76,,,08:03:09,5.76
08:03:10,2.92,,,08:03:10,2.92
08:03:11,3.29,,,08:03:11,3.29
08:03:12,4.9,,,08:03:12,4.9
08:03:13,3.84,,,08:03:13,3.84
08:03:14,2.17,,,08:03:14,2.17
08:03:15,3.14,,,08:03:15,3.14
08:03:16,11.55,,,08:03:16,11.55
08:03:17,4.96,,,08:03:17,4.96
08:03:18,3.89,,,08:03:18,3.89
08:03:19,4.0,,,08:03:19,4.0
08:03:20,2.86,,,08:03:20,2.86
08:03:21,4.67,,,08:03:21,4.67
08:03:22,6.0,,,08:03:22,6.0
08:03:23,6.0,,,08:03:23,6.0
08:03:24,5.8,,,08:03:24,5.8
08:03:25,5.0,,,08:03:25,5.0
08:03:26,5.0,,,08:03:26,5.0
08:03:27,4.09,,,08:03:27,4.09
08:03:28,1.7,,,08:03:28,1.7
08:03:29,2.16,,,08:03:29,2.16
08:03:30,1.07,,,08:03:30,1.07
08:03:31,4.4,,,08:03:31,4.4
08:03:32,12.31,,,08:03:32,12.31
08:03:33,8.21,,,08:03:33,8.21
08:03:34,9.22,,,08:03:34,9.22
08:03:35,11.04,,,08:03:35,11.04
08:03:36,8.52,,,08:03:36,8.52
08:03:37,7.0,,,08:03:37,7.0
08:03:38,4.76,,,08:03:38,4.76
08:03:39,4.77,,,08:03:39,4.77
08:03:40,5.38,,,08:03:40,5.38
08:03:41,1.82,,,08:03:41,1.82
08:03:42,1.0,,,08:03:42,1.0
08:03:43,17.88,,,08:03:43,17.88
08:03:44,5.53,,,08:03:44,5.53
08:03:45,6.43,,,08:03:45,6.43
08:03:46,12.16,,,08:03:46,12.16
08:03:47,5.66,,,08:03:47,5.66
08:03:48,7.62,,,08:03:48,7.62
08:03:49,1.85,,,08:03:49,1.85
08:03:50,7.93,,,08:03:50,7.93
08:03:51,3.3,,,08:03:51,3.3
08:03:52,5.26,,,08:03:52,5.26
08:03:53,12.9,,,08:03:53,12.9
08:03:54,7.57,,,08:03:54,7.57
08:03:55,5.25,,,08:03:55,5.25
08:03:56,6.77,,,08:03:56,6.77
08:03:57,4.43,,,08:03:57,4.43
08:03:58,1.26,,,08:03:58,1.26
08:03:59,6.0,,,08:03:59,6.0
08:04:00,6.0,,,08:04:00,6.0
08:04:01,6.0,,,08:04:01,6.0
08:04:02,6.0,,,08:04:02,6.0
08:04:03,6.0,,,08:04:03,6.0
08:04:04,5.5,,,08:04:04,5.5
08:04:05,3.82,,,08:04:05,3.82
08:04:06,3.88,,,08:04:06,3.88
08:04:07,3.23,,,08:04:07,3.23
08:04:08,4.92,,,08:04:08,4.92
08:04:09,4.68,,,08:04:09,4.68
08:04:10,2.78,,,08:04:10,2.78
08:04:11,2.76,,,08:04:11,2.76
08:04:12,5.0,,,08:04:12,5.0
08:04:13,5.0,,,08:04:13,5.0
08:04:14,4.57,,,08:04:14,4.57
08:04:15,3.73,,,08:04:15,3.73
08:04:16,2.07,,,08:04:16,2.07
08:04:17,2.0,,,08:04:17,2.0
08:04:18,2.4,,,08:04:18,2.4
08:04:19,5.38,,,08:04:19,5.38
08:04:20,6.0,,,08:04:20,6.0
08:04:21,7.62,,,08:04:21,7.62
08:04:22,8.61,,,08:04:22,8.61
08:04:23,8.79,,,08:04:23,8.79
08:04:24,7.18,,,08:04:24,7.18
08:04:25,4.21,,,08:04:25,4.21
08:04:26,1.0,,,08:04:26,1.0
08:04:27,5.73,,,08:04:27,5.73
08:04:28,9.72,,,08:04:28,9.72
08:04:29,9.0,,,08:04:29,9.0
08:04:30,9.0,,,08:04:30,9.0
08:04:31,15.65,,,08:04:31,15.65
08:04:32,10.23,,,08:04:32,10.23
08:04:33,6.32,,,08:04:33,6.32
08:04:34,4.08,,,08:04:34,4.08
08:04:35,9.42,,,08:04:35,9.42
08:04:36,7.0,,,08:04:36,7.0
08:04:37,5.86,,,08:04:37,5.86
08:04:38,3.93,,,08:04:38,3.93
08:04:39,3.98,,,08:04:39,3.98
08:04:40,9.07,,,08:04:40,9.07
08:04:41,10.4,,,08:04:41,10.4
08:04:42,6.91,,,08:04:42,6.91
08:04:43,6.24,,,08:04:43,6.24
08:04:44,5.29,,,08:04:44,5.29
08:04:45,3.69,,,08:04:45,3.69
08:04:46,3.16,,,08:04:46,3.16
08:04:47,11.27,,,08:04:47,11.27
08:04:48,5.43,,,08:04:48,5.43
08:04:49,2.0,,,08:04:49,2.0
08:04:50,1.87,,,08:04:50,1.87
08:04:51,16.37,,,08:04:51,16.37
08:04:52,19.73,,,08:04:52,19.73
08:04:53,16.92,,,08:04:53,16.92
08:04:54,3.0,,,08:04:54,3.0
08:04:55,2.54,,,08:04:55,2.54
08:04:56,16.37,,,08:04:56,16.37
08:04:57,12.96,,,08:04:57,12.96
08:04:58,9.16,,,08:04:58,9.16
08:04:59,3.5,,,08:04:59,3.5
08:05:00,1.83,,,08:05:00,1.83
08:05:01,2.67,,,08:05:01,2.67
08:05:02,6.68,,,08:05:02,6.68
08:05:03,5.39,,,08:05:03,5.39
08:05:04,3.4,,,08:05:04,3.4
08:05:05,2.89,,,08:05:05,2.89
08:05:06,2.46,,,08:05:06,2.46
08:05:07,4.95,,,08:05:07,4.95
08:05:08,9.97,,,08:05:08,9.97
08:05:09,13.61,,,08:05:09,13.61
08:05:10,10.73,,,08:05:10,10.73
08:05:11,9.0,,,08:05:11,9.0
08:05:12,6.42,,,08:05:12,6.42
08:05:13,4.75,,,08:05:13,4.75
08:05:14,6.34,,,08:05:14,6.34
08:05:15,8.88,,,08:05:15,8.88
08:05:16,6.09,,,08:05:16,6.09
08:05:17,4.36,,,08:05:17,4.36
08:05:18,3.0,,,08:05:18,3.0
08:05:19,3.0,,,08:05:19,3.0
08:05:20,3.0,,,08:05:20,3.0
08:05:21,3.31,,,08:05:21,3.31
08:05:22,3.89,,,08:05:22,3.89
08:05:23,5.22,,,08:05:23,5.22
08:05:24,7.06,,,08:05:24,7.06
08:05:25,4.29,,,08:05:25,4.29
08:05:26,47.93,,,08:05:26,47.93
08:05:27,90.11,,,08:05:27,90.11
08:05:28,54.8,,,08:05:28,54.8
08:05:29,85.2,,,08:05:29,85.2
08:05:30,58.11,,,08:05:30,58.11
08:05:31,12.62,,,08:05:31,12.62
08:05:32,10.54,,,08:05:32,10.54
08:05:33,9.29,,,08:05:33,9.29
08:05:34,7.11,,,08:05:34,7.11
08:05:35,5.92,,,08:05:35,5.92
08:05:36,5.23,,,08:05:36,5.23
08:05:37,4.0,,,08:05:37,4.0
08:05:38,4.0,,,08:05:38,4.0
08:05:39,2.3,,,08:05:39,2.3
08:05:40,1.0,,,08:05:40,1.0
08:05:41,20.95,,,08:05:41,20.95
08:05:42,299.71,,,08:05:42,299.71
08:05:43,338.0,,,08:05:43,338.0
08:05:44,220.46,,,08:05:44,220.46
08:05:45,194.0,,,08:05:45,194.0
08:05:46,120.13,,,08:05:46,120.13
08:05:47,15.38,,,08:05:47,15.38
08:05:48,2.47,,,08:05:48,2.47
08:05:49,2.56,,,08:05:49,2.56
08:05:50,6.0,,,08:05:50,6.0
08:05:51,6.0,,,08:05:51,6.0
08:05:52,6.0,,,08:05:52,6.0
08:05:53,14.1,,,08:05:53,14.1
08:05:54,5.15,,,08:05:54,5.15
08:05:55,5.97,,,08:05:55,5.97
08:05:56,5.59,,,08:05:56,5.59
08:05:57,2.27,,,08:05:57,2.27
08:05:58,4.84,,,08:05:58,4.84
08:05:59,5.27,,,08:05:59,5.27
08:06:00,2.58,,,08:06:00,2.58
08:06:01,18.84,,,08:06:01,18.84
08:06:02,132.1,,,08:06:02,132.1
08:06:03,187.0,,,08:06:03,187.0
08:06:04,184.17,,,08:06:04,184.17
08:06:05,64.94,,,08:06:05,64.94
08:06:06,3.56,,,08:06:06,3.56
08:06:07,2.08,,,08:06:07,2.08
08:06:08,2.0,,,08:06:08,2.0
08:06:09,2.67,,,08:06:09,2.67
08:06:10,3.29,,,08:06:10,3.29
08:06:11,1.12,,,08:06:11,1.12
08:06:12,1.0,,,08:06:12,1.0
08:06:13,7.2,,,08:06:13,7.2
08:06:14,9.0,,,08:06:14,9.0
08:06:15,9.0,,,08:06:15,9.0
08:06:16,65.68,,,08:06:16,65.68
08:06:17,122.83,,,08:06:17,122.83
08:06:18,116.44,,,08:06:18,116.44
08:06:19,46.16,,,08:06:19,46.16
08:06:20,6.84,,,08:06:20,6.84
08:06:21,1.43,,,08:06:21,1.43
08:06:22,1.0,,,08:06:22,1.0
08:06:23,1.0,,,08:06:23,1.0
08:06:24,3.48,,,08:06:24,3.48
08:06:25,3.87,,,08:06:25,3.87
08:06:26,2.99,,,08:06:26,2.99
08:06:27,6.65,,,08:06:27,6.65
08:06:28,26.4,,,08:06:28,26.4
08:06:29,36.57,,,08:06:29,36.57
08:06:30,112.87,,,08:06:30,112.87
08:06:31,109.0,,,08:06:31,109.0
08:06:32,156.1,,,08:06:32,156.1
08:06:33,99.18,,,08:06:33,99.18
08:06:34,1.64,,,08:06:34,1.64
08:06:35,1.0,,,08:06:35,1.0
08:06:36,5.86,,,08:06:36,5.86
08:06:37,4.7,,,08:06:37,4.7
08:06:38,4.0,,,08:06:38,4.0
08:06:39,2.3,,,08:06:39,2.3
08:06:40,1.0,,,08:06:40,1.0
08:06:41,1.6,,,08:06:41,1.6
08:06:42,8.96,,,08:06:42,8.96
08:06:43,1.0,,,08:06:43,1.0
08:06:44,8.75,,,08:06:44,8.75
08:06:45,8.25,,,08:06:45,8.25
08:06:46,8.22,,,08:06:46,8.22
08:06:47,5.2,,,08:06:47,5.2
08:06:48,8.5,,,08:06:48,8.5
08:06:49,9.0,,,08:06:49,9.0
08:06:50,11.0,,,08:06:50,11.0
08:06:51,13.35,,,08:06:51,13.35
08:06:52,10.79,,,08:06:52,10.79
08:06:53,2.04,,,08:06:53,2.04
08:06:54,1.85,,,08:06:54,1.85
08:06:55,2.64,,,08:06:55,2.64
08:06:56,7.83,,,08:06:56,7.83
08:06:57,5.67,,,08:06:57,5.67
08:06:58,8.29,,,08:06:58,8.29
08:06:59,4.27,,,08:06:59,4.27
08:07:00,1.0,,,08:07:00,1.0
08:07:01,1.2,,,08:07:01,1.2
08:07:02,2.0,,,08:07:02,2.0
08:07:03,2.0,,,08:07:03,2.0
08:07:04,2.0,,,08:07:04,2.0
08:07:05,4.25,,,08:07:05,4.25
08:07:06,4.7,,,08:07:06,4.7
08:07:07,4.29,,,08:07:07,4.29
08:07:08,7.82,,,08:07:08,7.82
08:07:09,7.23,,,08:07:09,7.23
08:07:10,2.08,,,08:07:10,2.08
08:07:11,2.0,,,08:07:11,2.0
08:07:12,2.0,,,08:07:12,2.0
08:07:13,73.11,,,08:07:13,73.11
08:07:14,1.75,,,08:07:14,1.75
08:07:15,1.5,,,08:07:15,1.5
08:07:16,2.0,,,08:07:16,2.0
08:07:17,2.0,,,08:07:17,2.0
08:07:18,3.0,,,08:07:18,3.0
08:07:19,6.0,,,08:07:19,6.0
08:07:20,6.83,,,08:07:20,6.83
08:07:21,7.0,,,08:07:21,7.0
08:07:22,5.75,,,08:07:22,5.75
08:07:23,4.23,,,08:07:23,4.23
08:07:24,1.77,,,08:07:24,1.77
08:07:25,3.0,,,08:07:25,3.0
08:07:26,3.0,,,08:07:26,3.0
08:07:27,1.69,,,08:07:27,1.69
08:07:28,2.0,,,08:07:28,2.0
08:07:29,1.27,,,08:07:29,1.27
08:07:30,11.73,,,08:07:30,11.73
08:07:31,12.0,,,08:07:31,12.0
08:07:32,12.0,,,08:07:32,12.0
08:07:33,11.6,,,08:07:33,11.6
08:07:34,11.0,,,08:07:34,11.0
08:07:35,10.33,,,08:07:35,10.33
08:07:36,9.6,,,08:07:36,9.6
08:07:37,11.7,,,08:07:37,11.7
08:07:38,6.51,,,08:07:38,6.51
08:07:39,2.65,,,08:07:39,2.65
08:07:40,1.68,,,08:07:40,1.68
08:07:41,1.75,,,08:07:41,1.75
08:07:42,3.35,,,08:07:42,3.35
08:07:43,2.44,,,08:07:43,2.44
08:07:44,1.62,,,08:07:44,1.62
08:07:45,4.61,,,08:07:45,4.61
08:07:46,12.37,,,08:07:46,12.37
08:07:47,12.08,,,08:07:47,12.08
08:07:48,10.4,,,08:07:48,10.4
08:07:49,9.0,,,08:07:49,9.0
08:07:50,7.19,,,08:07:50,7.19
08:07:51,5.49,,,08:07:51,5.49
08:07:52,1.41,,,08:07:52,1.41
08:07:53,1.0,,,08:07:53,1.0
08:07:54,1.88,,,08:07:54,1.88
08:07:55,5.64,,,08:07:55,5.64
08:07:56,14.6,,,08:07:56,14.6
08:07:57,12.94,,,08:07:57,12.94
08:07:58,11.9,,,08:07:58,11.9
08:07:59,11.0,,,08:07:59,11.0
08:08:00,11.0,,,08:08:00,11.0
08:08:01,12.48,,,08:08:01,12.48
08:08:02,11.86,,,08:08:02,11.86
08:08:03,11.0,,,08:08:03,11.0
08:08:04,10.83,,,08:08:04,10.83
08:08:05,10.0,,,08:08:05,10.0
08:08:06,10.0,,,08:08:06,10.0
08:08:07,6.24,,,08:08:07,6.24
08:08:08,1.0,,,08:08:08,1.0
08:08:09,4.62,,,08:08:09,4.62
08:08:10,2.46,,,08:08:10,2.46
08:08:11,1.33,,,08:08:11,1.33
08:08:12,12.2,,,08:08:12,12.2
08:08:13,18.51,,,08:08:13,18.51
08:08:14,10.72,,,08:08:14,10.72
08:08:15,1.93,,,08:08:15,1.93
08:08:16,1.68,,,08:08:16,1.68
08:08:17,3.9,,,08:08:17,3.9
08:08:18,5.46,,,08:08:18,5.46
08:08:19,7.0,,,08:08:19,7.0
08:08:20,5.0,,,08:08:20,5.0
08:08:21,3.83,,,08:08:21,3.83
08:08:22,3.0,,,08:08:22,3.0
08:08:23,1.76,,,08:08:23,1.76
08:08:24,8.06,,,08:08:24,8.06
08:08:25,2.0,,,08:08:25,2.0
08:08:26,23.85,,,08:08:26,23.85
08:08:27,32.8,,,08:08:27,32.8
08:08:28,106.73,,,08:08:28,106.73
08:08:29,254.44,,,08:08:29,254.44
08:08:30,220.0,,,08:08:30,220.0
08:08:31,127.92,,,08:08:31,127.92
08:08:32,144.44,,,08:08:32,144.44
08:08:33,148.62,,,08:08:33,148.62
08:08:34,129.62,,,08:08:34,129.62
08:08:35,38.62,,,08:08:35,38.62
08:08:36,27.05,,,08:08:36,27.05
08:08:37,37.0,,,08:08:37,37.0
08:08:38,35.0,,,08:08:38,35.0
08:08:39,34.67,,,08:08:39,34.67
08:08:40,33.83,,,08:08:40,33.83
08:08:41,32.62,,,08:08:41,32.62
08:08:42,28.1,,,08:08:42,28.1
08:08:43,26.76,,,08:08:43,26.76
08:08:44,26.08,,,08:08:44,26.08
08:08:45,15.17,,,08:08:45,15.17
08:08:46,1.64,,,08:08:46,1.64
08:08:47,31.33,,,08:08:47,31.33
08:08:48,109.6,,,08:08:48,109.6
08:08:49,6.88,,,08:08:49,6.88
08:08:50,6.23,,,08:08:50,6.23
08:08:51,2.93,,,08:08:51,2.93
08:08:52,43.16,,,08:08:52,43.16
08:08:53,93.57,,,08:08:53,93.57
08:08:54,75.07,,,08:08:54,75.07
08:08:55,42.24,,,08:08:55,42.24
08:08:56,13.69,,,08:08:56,13.69
08:08:57,1.0,,,08:08:57,1.0
08:08:58,1.0,,,08:08:58,1.0
08:08:59,96.29,,,08:08:59,96.29
08:09:00,166.55,,,08:09:00,166.55
08:09:01,163.0,,,08:09:01,163.0
08:09:02,117.73,,,08:09:02,117.73
08:09:03,45.24,,,08:09:03,45.24
08:09:04,39.66,,,08:09:04,39.66
08:09:05,35.49,,,08:09:05,35.49
08:09:06,33.31,,,08:09:06,33.31
08:09:07,27.58,,,08:09:07,27.58
08:09:08,25.1,,,08:09:08,25.1
08:09:09,28.94,,,08:09:09,28.94
08:09:10,24.77,,,08:09:10,24.77
08:09:11,20.42,,,08:09:11,20.42
08:09:12,17.51,,,08:09:12,17.51
08:09:13,1.95,,,08:09:13,1.95
08:09:14,1.27,,,08:09:14,1.27
08:09:15,1.0,,,08:09:15,1.0
08:09:16,4.26,,,08:09:16,4.26
08:09:17,4.86,,,08:09:17,4.86
08:09:18,2.88,,,08:09:18,2.88
08:09:19,13.2,,,08:09:19,13.2
08:09:20,5.72,,,08:09:20,5.72
08:09:21,3.94,,,08:09:21,3.94
08:09:22,54.63,,,08:09:22,54.63
08:09:23,68.68,,,08:09:23,68.68
08:09:24,128.6,,,08:09:24,128.6
08:09:25,130.38,,,08:09:25,130.38
08:09:26,21.99,,,08:09:26,21.99
08:09:27,17.57,,,08:09:27,17.57
08:09:28,7.73,,,08:09:28,7.73
08:09:29,46.71,,,08:09:29,46.71
08:09:30,37.76,,,08:09:30,37.76
08:09:31,36.62,,,08:09:31,36.62
08:09:32,47.11,,,08:09:32,47.11
08:09:33,212.0,,,08:09:33,212.0
08:09:34,264.36,,,08:09:34,264.36
08:09:35,203.77,,,08:09:35,203.77
08:09:36,232.88,,,08:09:36,232.88
08:09:37,223.46,,,08:09:37,223.46
08:09:38,265.65,,,08:09:38,265.65
08:09:39,104.5,,,08:09:39,104.5
08:09:40,47.25,,,08:09:40,47.25
08:09:41,45.6,,,08:09:41,45.6
08:09:42,39.77,,,08:09:42,39.77
08:09:43,8.45,,,08:09:43,8.45
08:09:44,7.57,,,08:09:44,7.57
08:09:45,3.0,,,08:09:45,3.0
08:09:46,2.73,,,08:09:46,2.73
08:09:47,6.96,,,08:09:47,6.96
08:09:48,5.61,,,08:09:48,5.61
08:09:49,9.05,,,08:09:49,9.05
08:09:50,8.16,,,08:09:50,8.16
08:09:51,1.0,,,08:09:51,1.0
08:09:52,4.44,,,08:09:52,4.44
08:09:53,1.82,,,08:09:53,1.82
08:09:54,4.16,,,08:09:54,4.16
08:09:55,7.33,,,08:09:55,7.33
08:09:56,6.57,,,08:09:56,6.57
08:09:57,3.65,,,08:09:57,3.65
08:09:58,2.28,,,08:09:58,2.28
08:09:59,5.66,,,08:09:59,5.66
08:10:00,6.98,,,08:10:00,6.98
08:10:01,3.0,,,08:10:01,3.0
08:10:02,4.11,,,08:10:02,4.11
08:10:03,8.53,,,08:10:03,8.53
08:10:04,2.4,,,08:10:04,2.4
08:10:05,5.4,,,08:10:05,5.4
08:10:06,6.46,,,08:10:06,6.46
08:10:07,6.99,,,08:10:07,6.99
08:10:08,4.58,,,08:10:08,4.58
08:10:09,1.97,,,08:10:09,1.97
08:10:10,2.17,,,08:10:10,2.17
08:10:11,3.22,,,08:10:11,3.22
08:10:12,2.55,,,08:10:12,2.55
08:10:13,2.41,,,08:10:13,2.41
08:10:14,1.06,,,08:10:14,1.06
08:10:15,4.82,,,08:10:15,4.82
08:10:16,2.92,,,08:10:16,2.92
08:10:17,2.77,,,08:10:17,2.77
08:10:18,7.56,,,08:10:18,7.56
08:10:19,5.46,,,08:10:19,5.46
08:10:20,10.98,,,08:10:20,10.98
08:10:21,2.0,,,08:10:21,2.0
08:10:22,1.9,,,08:10:22,1.9
08:10:23,1.83,,,08:10:23,1.83
08:10:24,4.0,,,08:10:24,4.0
08:10:25,7.0,,,08:10:25,7.0
08:10:26,7.0,,,08:10:26,7.0
08:10:27,6.08,,,08:10:27,6.08
08:10:28,4.48,,,08:10:28,4.48
08:10:29,3.69,,,08:10:29,3.69
08:10:30,2.33,,,08:10:30,2.33
08:10:31,7.95,,,08:10:31,7.95
08:10:32,5.93,,,08:10:32,5.93
08:10:33,8.0,,,08:10:33,8.0
08:10:34,11.42,,,08:10:34,11.42
08:10:35,12.7,,,08:10:35,12.7
08:10:36,6.31,,,08:10:36,6.31
08:10:37,10.89,,,08:10:37,10.89
08:10:38,3.44,,,08:10:38,3.44
08:10:39,4.51,,,08:10:39,4.51
08:10:40,1.93,,,08:10:40,1.93
08:10:41,1.27,,,08:10:41,1.27
08:10:42,1.47,,,08:10:42,1.47
08:10:43,3.91,,,08:10:43,3.91
08:10:44,3.0,,,08:10:44,3.0
08:10:45,3.0,,,08:10:45,3.0
08:10:46,3.92,,,08:10:46,3.92
08:10:47,4.0,,,08:10:47,4.0
08:10:48,4.0,,,08:10:48,4.0
08:10:49,4.0,,,08:10:49,4.0
08:10:50,3.55,,,08:10:50,3.55
08:10:51,6.0,,,08:10:51,6.0
08:10:52,6.27,,,08:10:52,6.27
08:10:53,2.0,,,08:10:53,2.0
08:10:54,3.05,,,08:10:54,3.05
08:10:55,6.21,,,08:10:55,6.21
08:10:56,2.0,,,08:10:56,2.0
08:10:57,5.61,,,08:10:57,5.61
08:10:58,5.0,,,08:10:58,5.0
08:10:59,3.76,,,08:10:59,3.76
08:11:00,3.9,,,08:11:00,3.9
08:11:01,7.0,,,08:11:01,7.0
08:11:02,4.18,,,08:11:02,4.18
08:11:03,1.08,,,08:11:03,1.08
08:11:04,1.0,,,08:11:04,1.0
08:11:05,4.81,,,08:11:05,4.81
08:11:06,12.06,,,08:11:06,12.06
08:11:07,11.23,,,08:11:07,11.23
08:11:08,6.86,,,08:11:08,6.86
08:11:09,1.21,,,08:11:09,1.21
08:11:10,2.0,,,08:11:10,2.0
08:11:11,2.33,,,08:11:11,2.33
08:11:12,2.6,,,08:11:12,2.6
08:11:13,2.0,,,08:11:13,2.0
08:11:14,6.87,,,08:11:14,6.87
08:11:15,8.0,,,08:11:15,8.0
08:11:16,7.28,,,08:11:16,7.28
08:11:17,7.86,,,08:11:17,7.86
08:11:18,76.67,,,08:11:18,76.67
08:11:19,79.53,,,08:11:19,79.53
08:11:20,38.1,,,08:11:20,38.1
08:11:21,43.16,,,08:11:21,43.16
08:11:22,106.44,,,08:11:22,106.44
08:11:23,105.0,,,08:11:23,105.0
08:11:24,52.78,,,08:11:24,52.78
08:11:25,85.28,,,08:11:25,85.28
08:11:26,76.66,,,08:11:26,76.66
08:11:27,78.71,,,08:11:27,78.71
08:11:28,65.0,,,08:11:28,65.0
08:11:29,36.07,,,08:11:29,36.07
08:11:30,22.29,,,08:11:30,22.29
08:11:31,25.4,,,08:11:31,25.4
08:11:32,21.73,,,08:11:32,21.73
08:11:33,20.0,,,08:11:33,20.0
08:11:34,18.21,,,08:11:34,18.21
08:11:35,12.34,,,08:11:35,12.34
08:11:36,9.26,,,08:11:36,9.26
08:11:37,5.39,,,08:11:37,5.39
08:11:38,1.22,,,08:11:38,1.22
08:11:39,1.82,,,08:11:39,1.82
08:11:40,1.93,,,08:11:40,1.93
08:11:41,6.82,,,08:11:41,6.82
08:11:42,63.87,,,08:11:42,63.87
08:11:43,61.85,,,08:11:43,61.85
08:11:44,41.94,,,08:11:44,41.94
08:11:45,38.0,,,08:11:45,38.0
08:11:46,38.3,,,08:11:46,38.3
08:11:47,5.95,,,08:11:47,5.95
08:11:48,1.18,,,08:11:48,1.18
08:11:49,1.25,,,08:11:49,1.25
08:11:50,2.0,,,08:11:50,2.0
08:11:51,1.89,,,08:11:51,1.89
08:11:52,4.41,,,08:11:52,4.41
08:11:53,3.11,,,08:11:53,3.11
08:11:54,3.0,,,08:11:54,3.0
08:11:55,6.33,,,08:11:55,6.33
08:11:56,7.0,,,08:11:56,7.0
08:11:57,5.82,,,08:11:57,5.82
08:11:58,5.0,,,08:11:58,5.0
08:11:59,6.05,,,08:11:59,6.05
08:12:00,7.0,,,08:12:00,7.0
08:12:01,7.0,,,08:12:01,7.0
08:12:02,5.55,,,08:12:02,5.55
08:12:03,3.01,,,08:12:03,3.01
08:12:04,3.0,,,08:12:04,3.0
08:12:05,3.0,,,08:12:05,3.0
08:12:06,3.0,,,08:12:06,3.0
08:12:07,2.44,,,08:12:07,2.44
08:12:08,2.0,,,08:12:08,2.0
08:12:09,2.07,,,08:12:09,2.07
08:12:10,2.0,,,08:12:10,2.0
08:12:11,2.17,,,08:12:11,2.17
08:12:12,2.83,,,08:12:12,2.83
08:12:13,6.0,,,08:12:13,6.0
08:12:14,7.96,,,08:12:14,7.96
08:12:15,4.88,,,08:12:15,4.88
08:12:16,3.84,,,08:12:16,3.84
08:12:17,2.73,,,08:12:17,2.73
08:12:18,1.23,,,08:12:18,1.23
08:12:19,1.0,,,08:12:19,1.0
08:12:20,2.81,,,08:12:20,2.81
08:12:21,1.7,,,08:12:21,1.7
08:12:22,2.2,,,08:12:22,2.2
08:12:23,1.0,,,08:12:23,1.0
08:12:24,1.0,,,08:12:24,1.0
08:12:25,2.34,,,08:12:25,2.34
08:12:26,17.09,,,08:12:26,17.09
08:12:27,16.18,,,08:12:27,16.18
08:12:28,7.0,,,08:12:28,7.0
08:12:29,13.48,,,08:12:29,13.48
08:12:30,4.79,,,08:12:30,4.79
08:12:31,1.0,,,08:12:31,1.0
08:12:32,1.0,,,08:12:32,1.0
08:12:33,6.0,,,08:12:33,6.0
08:12:34,9.12,,,08:12:34,9.12
08:12:35,13.69,,,08:12:35,13.69
08:12:36,13.81,,,08:12:36,13.81
08:12:37,8.84,,,08:12:37,8.84
08:12:38,6.96,,,08:12:38,6.96
08:12:39,4.33,,,08:12:39,4.33
08:12:40,3.43,,,08:12:40,3.43
08:12:41,3.0,,,08:12:41,3.0
08:12:42,2.44,,,08:12:42,2.44
08:12:43,1.11,,,08:12:43,1.11
08:12:44,7.18,,,08:12:44,7.18
08:12:45,8.73,,,08:12:45,8.73
08:12:46,9.57,,,08:12:46,9.57
08:12:47,7.93,,,08:12:47,7.93
08:12:48,6.29,,,08:12:48,6.29
08:12:49,4.86,,,08:12:49,4.86
08:12:50,2.91,,,08:12:50,2.91
08:12:51,2.83,,,08:12:51,2.83
08:12:52,2.72,,,08:12:52,2.72
08:12:53,2.0,,,08:12:53,2.0
08:12:54,2.12,,,08:12:54,2.12
08:12:55,1.76,,,08:12:55,1.76
08:12:56,7.42,,,08:12:56,7.42
08:12:57,15.56,,,08:12:57,15.56
08:12:58,10.36,,,08:12:58,10.36
08:12:59,9.0,,,08:12:59,9.0
08:13:00,9.0,,,08:13:00,9.0
08:13:01,9.0,,,08:13:01,9.0
08:13:02,8.88,,,08:13:02,8.88
08:13:03,7.0,,,08:13:03,7.0
08:13:04,8.0,,,08:13:04,8.0
08:13:05,9.33,,,08:13:05,9.33
08:13:06,7.58,,,08:13:06,7.58
08:13:07,6.0,,,08:13:07,6.0
08:13:08,4.0,,,08:13:08,4.0
08:13:09,5.27,,,08:13:09,5.27
08:13:10,8.86,,,08:13:10,8.86
08:13:11,6.0,,,08:13:11,6.0
08:13:12,5.31,,,08:13:12,5.31
08:13:13,7.07,,,08:13:13,7.07
08:13:14,5.81,,,08:13:14,5.81
08:13:15,2.04,,,08:13:15,2.04
08:13:16,3.0,,,08:13:16,3.0
08:13:17,8.29,,,08:13:17,8.29
08:13:18,10.02,,,08:13:18,10.02
08:13:19,4.47,,,08:13:19,4.47
08:13:20,3.74,,,08:13:20,3.74
08:13:21,1.0,,,08:13:21,1.0
08:13:22,1.33,,,08:13:22,1.33
08:13:23,3.7,,,08:13:23,3.7
08:13:24,13.0,,,08:13:24,13.0
08:13:25,10.27,,,08:13:25,10.27
08:13:26,8.0,,,08:13:26,8.0
08:13:27,14.16,,,08:13:27,14.16
08:13:28,13.5,,,08:13:28,13.5
08:13:29,9.72,,,08:13:29,9.72
08:13:30,8.3,,,08:13:30,8.3
08:13:31,12.0,,,08:13:31,12.0
08:13:32,11.3,,,08:13:32,11.3
08:13:33,12.64,,,08:13:33,12.64
08:13:34,13.0,,,08:13:34,13.0
08:13:35,12.3,,,08:13:35,12.3
08:13:36,15.66,,,08:13:36,15.66
08:13:37,5.21,,,08:13:37,5.21
08:13:38,7.87,,,08:13:38,7.87
08:13:39,3.54,,,08:13:39,3.54
08:13:40,3.9,,,08:13:40,3.9
08:13:41,3.91,,,08:13:41,3.91
08:13:42,6.36,,,08:13:42,6.36
08:13:43,6.0,,,08:13:43,6.0
08:13:44,6.0,,,08:13:44,6.0
08:13:45,6.02,,,08:13:45,6.02
08:13:46,6.0,,,08:13:46,6.0
08:13:47,5.33,,,08:13:47,5.33
08:13:48,6.64,,,08:13:48,6.64
08:13:49,6.38,,,08:13:49,6.38
08:13:50,5.48,,,08:13:50,5.48
08:13:51,4.9,,,08:13:51,4.9
08:13:52,2.58,,,08:13:52,2.58
08:13:53,10.87,,,08:13:53,10.87
08:13:54,7.22,,,08:13:54,7.22
08:13:55,4.21,,,08:13:55,4.21
08:13:56,2.16,,,08:13:56,2.16
08:13:57,1.89,,,08:13:57,1.89
08:13:58,3.39,,,08:13:58,3.39
08:13:59,4.45,,,08:13:59,4.45
08:14:00,2.0,,,08:14:00,2.0
08:14:01,1.0,,,08:14:01,1.0
08:14:02,1.14,,,08:14:02,1.14
08:14:03,4.74,,,08:14:03,4.74
08:14:04,12.99,,,08:14:04,12.99
08:14:05,11.45,,,08:14:05,11.45
08:14:06,8.71,,,08:14:06,8.71
08:14:07,61.92,,,08:14:07,61.92
08:14:08,114.81,,,08:14:08,114.81
08:14:09,36.89,,,08:14:09,36.89
08:14:10,4.53,,,08:14:10,4.53
08:14:11,11.33,,,08:14:11,11.33
08:14:12,6.87,,,08:14:12,6.87
08:14:13,5.0,,,08:14:13,5.0
08:14:14,3.65,,,08:14:14,3.65
08:14:15,9.15,,,08:14:15,9.15
08:14:16,8.0,,,08:14:16,8.0
08:14:17,8.0,,,08:14:17,8.0
08:14:18,7.17,,,08:14:18,7.17
08:14:19,5.86,,,08:14:19,5.86
08:14:20,4.62,,,08:14:20,4.62
08:14:21,4.0,,,08:14:21,4.0
08:14:22,4.0,,,08:14:22,4.0
08:14:23,5.13,,,08:14:23,5.13
08:14:24,4.29,,,08:14:24,4.29
08:14:25,3.62,,,08:14:25,3.62
08:14:26,1.81,,,08:14:26,1.81
08:14:27,4.0,,,08:14:27,4.0
08:14:28,3.46,,,08:14:28,3.46
08:14:29,1.95,,,08:14:29,1.95
08:14:30,1.18,,,08:14:30,1.18
08:14:31,3.07,,,08:14:31,3.07
08:14:32,12.66,,,08:14:32,12.66
08:14:33,13.31,,,08:14:33,13.31
08:14:34,13.0,,,08:14:34,13.0
08:14:35,11.36,,,08:14:35,11.36
08:14:36,8.0,,,08:14:36,8.0
08:14:37,8.0,,,08:14:37,8.0
08:14:38,8.0,,,08:14:38,8.0
08:14:39,7.77,,,08:14:39,7.77
08:14:40,7.36,,,08:14:40,7.36
08:14:41,7.09,,,08:14:41,7.09
08:14:42,7.9,,,08:14:42,7.9
08:14:43,8.0,,,08:14:43,8.0
08:14:44,6.88,,,08:14:44,6.88
08:14:45,4.58,,,08:14:45,4.58
08:14:46,2.38,,,08:14:46,2.38
08:14:47,1.58,,,08:14:47,1.58
08:14:48,6.73,,,08:14:48,6.73
08:14:49,8.36,,,08:14:49,8.36
08:14:50,4.16,,,08:14:50,4.16
08:14:51,1.58,,,08:14:51,1.58
08:14:52,2.06,,,08:14:52,2.06
08:14:53,10.88,,,08:14:53,10.88
08:14:54,13.45,,,08:14:54,13.45
08:14:55,13.27,,,08:14:55,13.27
08:14:56,15.2,,,08:14:56,15.2
08:14:57,14.83,,,08:14:57,14.83
08:14:58,1.98,,,08:14:58,1.98
08:14:59,2.4,,,08:14:59,2.4
08:15:00,7.06,,,08:15:00,7.06
08:15:01,1.0,,,08:15:01,1.0
08:15:02,1.0,,,08:15:02,1.0
08:15:03,1.0,,,08:15:03,1.0
08:15:04,1.0,,,08:15:04,1.0
08:15:05,1.0,,,08:15:05,1.0
08:15:06,2.33,,,08:15:06,2.33
08:15:07,1.68,,,08:15:07,1.68
08:15:08,17.2,,,08:15:08,17.2
08:15:09,12.57,,,08:15:09,12.57
08:15:10,2.44,,,08:15:10,2.44
08:15:11,5.58,,,08:15:11,5.58
08:15:12,2.47,,,08:15:12,2.47
08:15:13,1.92,,,08:15:13,1.92
08:15:14,2.72,,,08:15:14,2.72
08:15:15,6.0,,,08:15:15,6.0
08:15:16,5.09,,,08:15:16,5.09
08:15:17,3.18,,,08:15:17,3.18
08:15:18,2.75,,,08:15:18,2.75
08:15:19,5.2,,,08:15:19,5.2
08:15:20,12.75,,,08:15:20,12.75
08:15:21,8.0,,,08:15:21,8.0
08:15:22,11.66,,,08:15:22,11.66
08:15:23,8.01,,,08:15:23,8.01
08:15:24,6.93,,,08:15:24,6.93
08:15:25,4.22,,,08:15:25,4.22
08:15:26,6.65,,,08:15:26,6.65
08:15:27,3.0,,,08:15:27,3.0
08:15:28,2.67,,,08:15:28,2.67
08:15:29,1.81,,,08:15:29,1.81
08:15:30,2.03,,,08:15:30,2.03
08:15:31,111.49,,,08:15:31,111.49
08:15:32,4.29,,,08:15:32,4.29
08:15:33,3.0,,,08:15:33,3.0
08:15:34,2.93,,,08:15:34,2.93
08:15:35,6.73,,,08:15:35,6.73
08:15:36,6.0,,,08:15:36,6.0
08:15:37,5.17,,,08:15:37,5.17
08:15:38,3.26,,,08:15:38,3.26
08:15:39,1.85,,,08:15:39,1.85
08:15:40,1.0,,,08:15:40,1.0
08:15:41,10.0,,,08:15:41,10.0
08:15:42,8.19,,,08:15:42,8.19
08:15:43,4.82,,,08:15:43,4.82
08:15:44,1.65,,,08:15:44,1.65
08:15:45,1.0,,,08:15:45,1.0
08:15:46,1.0,,,08:15:46,1.0
08:15:47,1.0,,,08:15:47,1.0
08:15:48,4.67,,,08:15:48,4.67
08:15:49,11.67,,,08:15:49,11.67
08:15:50,9.71,,,08:15:50,9.71
08:15:51,8.0,,,08:15:51,8.0
08:15:52,6.76,,,08:15:52,6.76
08:15:53,1.0,,,08:15:53,1.0
08:15:54,11.45,,,08:15:54,11.45
08:15:55,10.46,,,08:15:55,10.46
08:15:56,7.79,,,08:15:56,7.79
08:15:57,7.0,,,08:15:57,7.0
08:15:58,5.85,,,08:15:58,5.85
08:15:59,7.54,,,08:15:59,7.54
08:16:00,5.18,,,08:16:00,5.18
08:16:01,4.5,,,08:16:01,4.5
08:16:02,3.93,,,08:16:02,3.93
08:16:03,2.09,,,08:16:03,2.09
08:16:04,13.08,,,08:16:04,13.08
08:16:05,5.24,,,08:16:05,5.24
08:16:06,3.95,,,08:16:06,3.95
08:16:07,2.93,,,08:16:07,2.93
08:16:08,3.9,,,08:16:08,3.9
08:16:09,8.8,,,08:16:09,8.8
08:16:10,5.29,,,08:16:10,5.29
08:16:11,2.5,,,08:16:11,2.5
08:16:12,-0.39,,,08:16:12,-0.39
08:16:13,1.79,,,08:16:13,1.79
08:16:14,2.0,,,08:16:14,2.0
08:16:15,2.0,,,08:16:15,2.0
08:16:16,1.0,,,08:16:16,1.0
08:16:17,1.5,,,08:16:17,1.5
08:16:18,3.58,,,08:16:18,3.58
08:16:19,12.86,,,08:16:19,12.86
08:16:20,14.65,,,08:16:20,14.65
08:16:21,10.09,,,08:16:21,10.09
08:16:22,6.56,,,08:16:22,6.56
08:16:23,4.0,,,08:16:23,4.0
08:16:24,1.68,,,08:16:24,1.68
08:16:25,2.25,,,08:16:25,2.25
08:16:26,9.43,,,08:16:26,9.43
08:16:27,8.95,,,08:16:27,8.95
08:16:28,13.0,,,08:16:28,13.0
08:16:29,10.59,,,08:16:29,10.59
08:16:30,5.22,,,08:16:30,5.22
08:16:31,5.0,,,08:16:31,5.0
08:16:32,5.0,,,08:16:32,5.0
08:16:33,4.91,,,08:16:33,4.91
08:16:34,4.0,,,08:16:34,4.0
08:16:35,3.0,,,08:16:35,3.0
08:16:36,7.71,,,08:16:36,7.71
08:16:37,5.1,,,08:16:37,5.1
08:16:38,5.75,,,08:16:38,5.75
08:16:39,4.83,,,08:16:39,4.83
08:16:40,6.27,,,08:16:40,6.27
08:16:41,1.65,,,08:16:41,1.65
08:16:42,1.8,,,08:16:42,1.8
08:16:43,14.0,,,08:16:43,14.0
08:16:44,5.24,,,08:16:44,5.24
08:16:45,4.33,,,08:16:45,4.33
08:16:46,2.47,,,08:16:46,2.47
08:16:47,3.43,,,08:16:47,3.43
08:16:48,4.12,,,08:16:48,4.12
08:16:49,8.2,,,08:16:49,8.2
08:16:50,12.24,,,08:16:50,12.24
08:16:51,11.0,,,08:16:51,11.0
08:16:52,9.9,,,08:16:52,9.9
08:16:53,7.8,,,08:16:53,7.8
08:16:54,4.34,,,08:16:54,4.34
08:16:55,7.52,,,08:16:55,7.52
08:16:56,7.01,,,08:16:56,7.01
08:16:57,3.39,,,08:16:57,3.39
08:16:58,1.89,,,08:16:58,1.89
08:16:59,3.02,,,08:16:59,3.02
08:17:00,3.55,,,08:17:00,3.55
08:17:01,4.22,,,08:17:01,4.22
08:17:02,3.97,,,08:17:02,3.97
08:17:03,5.58,,,08:17:03,5.58
08:17:04,5.46,,,08:17:04,5.46
08:17:05,4.0,,,08:17:05,4.0
08:17:06,4.0,,,08:17:06,4.0
08:17:07,4.0,,,08:17:07,4.0
08:17:08,3.69,,,08:17:08,3.69
08:17:09,3.0,,,08:17:09,3.0
08:17:10,1.65,,,08:17:10,1.65
08:17:11,2.0,,,08:17:11,2.0
08:17:12,7.64,,,08:17:12,7.64
08:17:13,6.0,,,08:17:13,6.0
08:17:14,6.43,,,08:17:14,6.43
08:17:15,6.79,,,08:17:15,6.79
08:17:16,2.09,,,08:17:16,2.09
08:17:17,1.43,,,08:17:17,1.43
08:17:18,4.82,,,08:17:18,4.82
08:17:19,7.0,,,08:17:19,7.0
08:17:20,1.86,,,08:17:20,1.86
08:17:21,1.0,,,08:17:21,1.0
08:17:22,5.41,,,08:17:22,5.41
08:17:23,5.68,,,08:17:23,5.68
08:17:24,5.0,,,08:17:24,5.0
08:17:25,5.0,,,08:17:25,5.0
08:17:26,2.2,,,08:17:26,2.2
08:17:27,1.81,,,08:17:27,1.81
08:17:28,3.06,,,08:17:28,3.06
08:17:29,5.33,,,08:17:29,5.33
08:17:30,3.23,,,08:17:30,3.23
08:17:31,3.66,,,08:17:31,3.66
08:17:32,2.51,,,08:17:32,2.51
08:17:33,1.54,,,08:17:33,1.54
08:17:34,2.0,,,08:17:34,2.0
08:17:35,2.68,,,08:17:35,2.68
08:17:36,2.41,,,08:17:36,2.41
08:17:37,2.0,,,08:17:37,2.0
08:17:38,1.87,,,08:17:38,1.87
08:17:39,1.0,,,08:17:39,1.0
08:17:40,3.55,,,08:17:40,3.55
08:17:41,9.18,,,08:17:41,9.18
08:17:42,13.75,,,08:17:42,13.75
08:17:43,12.5,,,08:17:43,12.5
08:17:44,18.45,,,08:17:44,18.45
08:17:45,18.0,,,08:17:45,18.0
08:17:46,18.9,,,08:17:46,18.9
08:17:47,14.0,,,08:17:47,14.0
08:17:48,9.0,,,08:17:48,9.0
08:17:49,28.27,,,08:17:49,28.27
08:17:50,73.02,,,08:17:50,73.02
08:17:51,78.25,,,08:17:51,78.25
08:17:52,77.0,,,08:17:52,77.0
08:17:53,76.0,,,08:17:53,76.0
08:17:54,74.36,,,08:17:54,74.36
08:17:55,72.8,,,08:17:55,72.8
08:17:56,71.0,,,08:17:56,71.0
08:17:57,71.0,,,08:17:57,71.0
08:17:58,68.69,,,08:17:58,68.69
08:17:59,65.84,,,08:17:59,65.84
08:18:00,63.09,,,08:18:00,63.09
08:18:01,39.57,,,08:18:01,39.57
08:18:02,36.23,,,08:18:02,36.23
08:18:03,3.4,,,08:18:03,3.4
08:18:04,2.85,,,08:18:04,2.85
08:18:05,2.07,,,08:18:05,2.07
08:18:06,1.19,,,08:18:06,1.19
08:18:07,5.66,,,08:18:07,5.66
08:18:08,4.52,,,08:18:08,4.52
08:18:09,14.33,,,08:18:09,14.33
08:18:10,78.37,,,08:18:10,78.37
08:18:11,49.97,,,08:18:11,49.97
08:18:12,16.76,,,08:18:12,16.76
08:18:13,2.35,,,08:18:13,2.35
08:18:14,1.02,,,08:18:14,1.02
08:18:15,7.86,,,08:18:15,7.86
08:18:16,5.88,,,08:18:16,5.88
08:18:17,4.0,,,08:18:17,4.0
08:18:18,4.0,,,08:18:18,4.0
08:18:19,4.0,,,08:18:19,4.0
08:18:20,4.0,,,08:18:20,4.0
08:18:21,3.46,,,08:18:21,3.46
08:18:22,3.0,,,08:18:22,3.0
08:18:23,2.11,,,08:18:23,2.11
08:18:24,2.0,,,08:18:24,2.0
08:18:25,1.89,,,08:18:25,1.89
08:18:26,1.5,,,08:18:26,1.5
08:18:27,4.25,,,08:18:27,4.25
08:18:28,5.95,,,08:18:28,5.95
08:18:29,6.0,,,08:18:29,6.0
08:18:30,6.0,,,08:18:30,6.0
08:18:31,6.0,,,08:18:31,6.0
08:18:32,6.0,,,08:18:32,6.0
08:18:33,6.0,,,08:18:33,6.0
08:18:34,3.85,,,08:18:34,3.85
08:18:35,3.0,,,08:18:35,3.0
08:18:36,2.69,,,08:18:36,2.69
08:18:37,2.15,,,08:18:37,2.15
08:18:38,1.56,,,08:18:38,1.56
08:18:39,1.22,,,08:18:39,1.22
08:18:40,1.0,,,08:18:40,1.0
08:18:41,10.08,,,08:18:41,10.08
08:18:42,13.0,,,08:18:42,13.0
08:18:43,1.0,,,08:18:43,1.0
08:18:44,1.08,,,08:18:44,1.08
08:18:45,6.6,,,08:18:45,6.6
08:18:46,12.65,,,08:18:46,12.65
08:18:47,11.0,,,08:18:47,11.0
08:18:48,10.37,,,08:18:48,10.37
08:18:49,16.21,,,08:18:49,16.21
08:18:50,13.88,,,08:18:50,13.88
08:18:51,12.0,,,08:18:51,12.0
08:18:52,9.27,,,08:18:52,9.27
08:18:53,7.0,,,08:18:53,7.0
08:18:54,2.46,,,08:18:54,2.46
08:18:55,4.92,,,08:18:55,4.92
08:18:56,5.55,,,08:18:56,5.55
08:18:57,5.0,,,08:18:57,5.0
08:18:58,5.75,,,08:18:58,5.75
08:18:59,10.22,,,08:18:59,10.22
08:19:00,10.2,,,08:19:00,10.2
08:19:01,9.08,,,08:19:01,9.08
08:19:02,6.93,,,08:19:02,6.93
08:19:03,3.71,,,08:19:03,3.71
08:19:04,7.0,,,08:19:04,7.0
08:19:05,6.42,,,08:19:05,6.42
08:19:06,5.11,,,08:19:06,5.11
08:19:07,4.62,,,08:19:07,4.62
08:19:08,3.63,,,08:19:08,3.63
08:19:09,1.57,,,08:19:09,1.57
08:19:10,3.62,,,08:19:10,3.62
08:19:11,2.67,,,08:19:11,2.67
08:19:12,1.94,,,08:19:12,1.94
08:19:13,2.0,,,08:19:13,2.0
08:19:14,7.17,,,08:19:14,7.17
08:19:15,9.8,,,08:19:15,9.8
08:19:16,7.51,,,08:19:16,7.51
08:19:17,2.12,,,08:19:17,2.12
08:19:18,2.07,,,08:19:18,2.07
08:19:19,2.0,,,08:19:19,2.0
08:19:20,2.0,,,08:19:20,2.0
08:19:21,1.65,,,08:19:21,1.65
08:19:22,2.1,,,08:19:22,2.1
08:19:23,11.33,,,08:19:23,11.33
08:19:24,10.14,,,08:19:24,10.14
08:19:25,8.54,,,08:19:25,8.54
08:19:26,6.44,,,08:19:26,6.44
08:19:27,7.0,,,08:19:27,7.0
08:19:28,7.0,,,08:19:28,7.0
08:19:29,6.16,,,08:19:29,6.16
08:19:30,7.25,,,08:19:30,7.25
08:19:31,5.45,,,08:19:31,5.45
08:19:32,8.91,,,08:19:32,8.91
08:19:33,8.4,,,08:19:33,8.4
08:19:34,6.71,,,08:19:34,6.71
08:19:35,3.78,,,08:19:35,3.78
08:19:36,2.83,,,08:19:36,2.83
08:19:37,2.97,,,08:19:37,2.97
08:19:38,6.36,,,08:19:38,6.36
08:19:39,4.88,,,08:19:39,4.88
08:19:40,2.44,,,08:19:40,2.44
08:19:41,8.64,,,08:19:41,8.64
08:19:42,7.47,,,08:19:42,7.47
08:19:43,6.23,,,08:19:43,6.23
08:19:44,5.0,,,08:19:44,5.0
08:19:45,4.27,,,08:19:45,4.27
08:19:46,5.02,,,08:19:46,5.02
08:19:47,14.72,,,08:19:47,14.72
08:19:48,16.78,,,08:19:48,16.78
08:19:49,15.57,,,08:19:49,15.57
08:19:50,13.83,,,08:19:50,13.83
08:19:51,9.29,,,08:19:51,9.29
08:19:52,8.0,,,08:19:52,8.0
08:19:53,4.49,,,08:19:53,4.49
08:19:54,4.48,,,08:19:54,4.48
08:19:55,5.94,,,08:19:55,5.94
08:19:56,5.0,,,08:19:56,5.0
08:19:57,3.63,,,08:19:57,3.63
08:19:58,2.69,,,08:19:58,2.69
08:19:59,5.28,,,08:19:59,5.28
08:20:00,8.0,,,08:20:00,8.0
08:20:01,7.22,,,08:20:01,7.22
08:20:02,5.22,,,08:20:02,5.22
08:20:03,6.53,,,08:20:03,6.53
08:20:04,8.0,,,08:20:04,8.0
08:20:05,7.47,,,08:20:05,7.47
08:20:06,5.67,,,08:20:06,5.67
08:20:07,4.0,,,08:20:07,4.0
08:20:08,4.0,,,08:20:08,4.0
08:20:09,4.0,,,08:20:09,4.0
08:20:10,4.0,,,08:20:10,4.0
08:20:11,5.0,,,08:20:11,5.0
08:20:12,5.0,,,08:20:12,5.0
08:20:13,4.27,,,08:20:13,4.27
08:20:14,5.14,,,08:20:14,5.14
08:20:15,11.82,,,08:20:15,11.82
08:20:16,12.0,,,08:20:16,12.0
08:20:17,10.57,,,08:20:17,10.57
08:20:18,9.0,,,08:20:18,9.0
08:20:19,8.1,,,08:20:19,8.1
08:20:20,8.99,,,08:20:20,8.99
08:20:21,4.95,,,08:20:21,4.95
08:20:22,4.0,,,08:20:22,4.0
08:20:23,2.73,,,08:20:23,2.73
08:20:24,3.6,,,08:20:24,3.6
08:20:25,5.13,,,08:20:25,5.13
08:20:26,7.25,,,08:20:26,7.25
08:20:27,5.52,,,08:20:27,5.52
08:20:28,5.44,,,08:20:28,5.44
08:20:29,3.12,,,08:20:29,3.12
08:20:30,2.56,,,08:20:30,2.56
08:20:31,1.44,,,08:20:31,1.44
08:20:32,12.55,,,08:20:32,12.55
08:20:33,15.0,,,08:20:33,15.0
08:20:34,14.72,,,08:20:34,14.72
08:20:35,7.15,,,08:20:35,7.15
08:20:36,2.0,,,08:20:36,2.0
08:20:37,2.0,,,08:20:37,2.0
08:20:38,8.68,,,08:20:38,8.68
08:20:39,7.28,,,08:20:39,7.28
08:20:40,3.45,,,08:20:40,3.45
08:20:41,7.66,,,08:20:41,7.66
08:20:42,8.21,,,08:20:42,8.21
08:20:43,12.25,,,08:20:43,12.25
08:20:44,3.97,,,08:20:44,3.97
08:20:45,3.0,,,08:20:45,3.0
08:20:46,1.48,,,08:20:46,1.48
08:20:47,1.56,,,08:20:47,1.56
08:20:48,1.83,,,08:20:48,1.83
08:20:49,1.89,,,08:20:49,1.89
08:20:50,9.57,,,08:20:50,9.57
08:20:51,9.0,,,08:20:51,9.0
08:20:52,3.16,,,08:20:52,3.16
08:20:53,2.0,,,08:20:53,2.0
08:20:54,2.0,,,08:20:54,2.0
08:20:55,2.0,,,08:20:55,2.0
08:20:56,5.17,,,08:20:56,5.17
08:20:57,1.0,,,08:20:57,1.0
08:20:58,1.0,,,08:20:58,1.0
08:20:59,1.0,,,08:20:59,1.0
08:21:00,5.13,,,08:21:00,5.13
08:21:01,2.04,,,08:21:01,2.04
08:21:02,2.4,,,08:21:02,2.4
08:21:03,7.87,,,08:21:03,7.87
08:21:04,14.05,,,08:21:04,14.05
08:21:05,14.0,,,08:21:05,14.0
08:21:06,14.0,,,08:21:06,14.0
08:21:07,14.0,,,08:21:07,14.0
08:21:08,12.14,,,08:21:08,12.14
08:21:09,17.69,,,08:21:09,17.69
08:21:10,18.54,,,08:21:10,18.54
08:21:11,13.44,,,08:21:11,13.44
08:21:12,1.0,,,08:21:12,1.0
08:21:13,1.0,,,08:21:13,1.0
08:21:14,61.26,,,08:21:14,61.26
08:21:15,105.14,,,08:21:15,105.14
08:21:16,100.2,,,08:21:16,100.2
08:21:17,98.83,,,08:21:17,98.83
08:21:18,95.65,,,08:21:18,95.65
08:21:19,43.38,,,08:21:19,43.38
08:21:20,9.0,,,08:21:20,9.0
08:21:21,8.47,,,08:21:21,8.47
08:21:22,5.13,,,08:21:22,5.13
08:21:23,3.15,,,08:21:23,3.15
08:21:24,9.24,,,08:21:24,9.24
08:21:25,3.69,,,08:21:25,3.69
08:21:26,1.95,,,08:21:26,1.95
08:21:27,1.91,,,08:21:27,1.91
08:21:28,2.07,,,08:21:28,2.07
08:21:29,3.12,,,08:21:29,3.12
08:21:30,8.23,,,08:21:30,8.23
08:21:31,4.36,,,08:21:31,4.36
08:21:32,2.23,,,08:21:32,2.23
08:21:33,1.31,,,08:21:33,1.31
08:21:34,2.13,,,08:21:34,2.13
08:21:35,1.09,,,08:21:35,1.09
08:21:36,2.52,,,08:21:36,2.52
08:21:37,2.27,,,08:21:37,2.27
08:21:38,1.92,,,08:21:38,1.92
08:21:39,1.25,,,08:21:39,1.25
08:21:40,2.82,,,08:21:40,2.82
08:21:41,3.1,,,08:21:41,3.1
08:21:42,9.45,,,08:21:42,9.45
08:21:43,8.45,,,08:21:43,8.45
08:21:44,10.26,,,08:21:44,10.26
08:21:45,10.65,,,08:21:45,10.65
08:21:46,7.27,,,08:21:46,7.27
08:21:47,5.28,,,08:21:47,5.28
08:21:48,4.19,,,08:21:48,4.19
08:21:49,4.23,,,08:21:49,4.23
08:21:50,2.6,,,08:21:50,2.6
08:21:51,9.55,,,08:21:51,9.55
08:21:52,15.0,,,08:21:52,15.0
08:21:53,15.0,,,08:21:53,15.0
08:21:54,12.79,,,08:21:54,12.79
08:21:55,9.75,,,08:21:55,9.75
08:21:56,4.97,,,08:21:56,4.97
08:21:57,3.5,,,08:21:57,3.5
08:21:58,3.0,,,08:21:58,3.0
08:21:59,2.05,,,08:21:59,2.05
08:22:00,9.0,,,08:22:00,9.0
08:22:01,9.71,,,08:22:01,9.71
08:22:02,11.15,,,08:22:02,11.15
08:22:03,11.0,,,08:22:03,11.0
08:22:04,10.83,,,08:22:04,10.83
08:22:05,7.95,,,08:22:05,7.95
08:22:06,5.82,,,08:22:06,5.82
08:22:07,4.69,,,08:22:07,4.69
08:22:08,2.7,,,08:22:08,2.7
08:22:09,1.09,,,08:22:09,1.09
08:22:10,1.0,,,08:22:10,1.0
08:22:11,8.64,,,08:22:11,8.64
08:22:12,8.85,,,08:22:12,8.85
08:22:13,7.0,,,08:22:13,7.0
08:22:14,5.19,,,08:22:14,5.19
08:22:15,3.0,,,08:22:15,3.0
08:22:16,2.42,,,08:22:16,2.42
08:22:17,1.0,,,08:22:17,1.0
08:22:18,9.06,,,08:22:18,9.06
08:22:19,11.1,,,08:22:19,11.1
08:22:20,12.22,,,08:22:20,12.22
08:22:21,13.0,,,08:22:21,13.0
08:22:22,13.0,,,08:22:22,13.0
08:22:23,11.2,,,08:22:23,11.2
08:22:24,10.0,,,08:22:24,10.0
08:22:25,8.33,,,08:22:25,8.33
08:22:26,5.52,,,08:22:26,5.52
08:22:27,5.54,,,08:22:27,5.54
08:22:28,5.44,,,08:22:28,5.44
08:22:29,3.45,,,08:22:29,3.45
08:22:30,3.36,,,08:22:30,3.36
08:22:31,1.33,,,08:22:31,1.33
08:22:32,3.37,,,08:22:32,3.37
08:22:33,2.87,,,08:22:33,2.87
08:22:34,5.63,,,08:22:34,5.63
08:22:35,8.97,,,08:22:35,8.97
08:22:36,10.79,,,08:22:36,10.79
08:22:37,2.24,,,08:22:37,2.24
08:22:38,1.25,,,08:22:38,1.25
08:22:39,5.99,,,08:22:39,5.99
08:22:40,7.0,,,08:22:40,7.0
08:22:41,7.0,,,08:22:41,7.0
08:22:42,7.0,,,08:22:42,7.0
08:22:43,5.97,,,08:22:43,5.97
08:22:44,4.14,,,08:22:44,4.14
08:22:45,2.79,,,08:22:45,2.79
08:22:46,4.81,,,08:22:46,4.81
08:22:47,5.89,,,08:22:47,5.89
08:22:48,5.46,,,08:22:48,5.46
08:22:49,6.14,,,08:22:49,6.14
08:22:50,6.0,,,08:22:50,6.0
08:22:51,5.5,,,08:22:51,5.5
08:22:52,4.11,,,08:22:52,4.11
08:22:53,3.18,,,08:22:53,3.18
08:22:54,3.0,,,08:22:54,3.0
08:22:55,1.92,,,08:22:55,1.92
08:22:56,9.86,,,08:22:56,9.86
08:22:57,8.56,,,08:22:57,8.56
08:22:58,6.87,,,08:22:58,6.87
08:22:59,6.0,,,08:22:59,6.0
08:23:00,5.0,,,08:23:00,5.0
08:23:01,6.19,,,08:23:01,6.19
08:23:02,6.0,,,08:23:02,6.0
08:23:03,4.64,,,08:23:03,4.64
08:23:04,3.67,,,08:23:04,3.67
08:23:05,2.62,,,08:23:05,2.62
08:23:06,2.0,,,08:23:06,2.0
08:23:07,2.28,,,08:23:07,2.28
08:23:08,1.59,,,08:23:08,1.59
08:23:09,1.15,,,08:23:09,1.15
08:23:10,9.2,,,08:23:10,9.2
08:23:11,14.38,,,08:23:11,14.38
08:23:12,13.35,,,08:23:12,13.35
08:23:13,12.98,,,08:23:13,12.98
08:23:14,10.91,,,08:23:14,10.91
08:23:15,8.83,,,08:23:15,8.83
08:23:16,6.94,,,08:23:16,6.94
08:23:17,3.95,,,08:23:17,3.95
08:23:18,2.58,,,08:23:18,2.58
08:23:19,8.39,,,08:23:19,8.39
08:23:20,12.0,,,08:23:20,12.0
08:23:21,11.35,,,08:23:21,11.35
08:23:22,7.86,,,08:23:22,7.86
08:23:23,6.2,,,08:23:23,6.2
08:23:24,5.0,,,08:23:24,5.0
08:23:25,5.0,,,08:23:25,5.0
08:23:26,9.0,,,08:23:26,9.0
08:23:27,9.0,,,08:23:27,9.0
08:23:28,10.09,,,08:23:28,10.09
08:23:29,5.88,,,08:23:29,5.88
08:23:30,1.69,,,08:23:30,1.69
08:23:31,1.71,,,08:23:31,1.71
08:23:32,2.91,,,08:23:32,2.91
08:23:33,2.42,,,08:23:33,2.42
08:23:34,3.5,,,08:23:34,3.5
08:23:35,9.08,,,08:23:35,9.08
08:23:36,8.67,,,08:23:36,8.67
08:23:37,6.61,,,08:23:37,6.61
08:23:38,3.08,,,08:23:38,3.08
08:23:39,1.88,,,08:23:39,1.88
08:23:40,2.1,,,08:23:40,2.1
08:23:41,8.54,,,08:23:41,8.54
08:23:42,6.86,,,08:23:42,6.86
08:23:43,5.93,,,08:23:43,5.93
08:23:44,3.88,,,08:23:44,3.88
08:23:45,1.81,,,08:23:45,1.81
08:23:46,2.08,,,08:23:46,2.08
08:23:47,3.0,,,08:23:47,3.0
08:23:48,12.12,,,08:23:48,12.12
08:23:49,13.52,,,08:23:49,13.52
08:23:50,8.37,,,08:23:50,8.37
08:23:51,4.08,,,08:23:51,4.08
08:23:52,2.65,,,08:23:52,2.65
08:23:53,1.82,,,08:23:53,1.82
08:23:54,8.05,,,08:23:54,8.05
08:23:55,10.64,,,08:23:55,10.64
08:23:56,6.44,,,08:23:56,6.44
08:23:57,2.81,,,08:23:57,2.81
08:23:58,4.69,,,08:23:58,4.69
08:23:59,4.67,,,08:23:59,4.67
08:24:00,1.19,,,08:24:00,1.19
08:24:01,7.36,,,08:24:01,7.36
08:24:02,8.0,,,08:24:02,8.0
08:24:03,8.0,,,08:24:03,8.0
08:24:04,8.0,,,08:24:04,8.0
08:24:05,8.0,,,08:24:05,8.0
08:24:06,16.0,,,08:24:06,16.0
08:24:07,16.0,,,08:24:07,16.0
08:24:08,15.29,,,08:24:08,15.29
08:24:09,14.07,,,08:24:09,14.07
08:24:10,12.67,,,08:24:10,12.67
08:24:11,9.41,,,08:24:11,9.41
08:24:12,7.04,,,08:24:12,7.04
08:24:13,4.64,,,08:24:13,4.64
08:24:14,2.61,,,08:24:14,2.61
08:24:15,4.0,,,08:24:15,4.0
08:24:16,3.5,,,08:24:16,3.5
08:24:17,10.26,,,08:24:17,10.26
08:24:18,12.0,,,08:24:18,12.0
08:24:19,12.0,,,08:24:19,12.0
08:24:20,12.0,,,08:24:20,12.0
08:24:21,11.93,,,08:24:21,11.93
08:24:22,6.83,,,08:24:22,6.83
08:24:23,5.56,,,08:24:23,5.56
08:24:24,4.56,,,08:24:24,4.56
08:24:25,3.2,,,08:24:25,3.2
08:24:26,3.22,,,08:24:26,3.22
08:24:27,4.56,,,08:24:27,4.56
08:24:28,6.42,,,08:24:28,6.42
08:24:29,4.77,,,08:24:29,4.77
08:24:30,3.0,,,08:24:30,3.0
08:24:31,7.15,,,08:24:31,7.15
08:24:32,7.96,,,08:24:32,7.96
08:24:33,4.0,,,08:24:33,4.0
08:24:34,3.22,,,08:24:34,3.22
08:24:35,3.0,,,08:24:35,3.0
08:24:36,3.25,,,08:24:36,3.25
08:24:37,9.0,,,08:24:37,9.0
08:24:38,9.0,,,08:24:38,9.0
08:24:39,8.48,,,08:24:39,8.48
08:24:40,8.0,,,08:24:40,8.0
08:24:41,4.2,,,08:24:41,4.2
08:24:42,3.38,,,08:24:42,3.38
08:24:43,5.12,,,08:24:43,5.12
08:24:44,2.98,,,08:24:44,2.98
08:24:45,6.73,,,08:24:45,6.73
08:24:46,17.24,,,08:24:46,17.24
08:24:47,16.96,,,08:24:47,16.96
08:24:48,17.85,,,08:24:48,17.85
08:24:49,9.67,,,08:24:49,9.67
08:24:50,10.32,,,08:24:50,10.32
08:24:51,16.86,,,08:24:51,16.86
08:24:52,7.54,,,08:24:52,7.54
08:24:53,1.02,,,08:24:53,1.02
08:24:54,1.18,,,08:24:54,1.18
08:24:55,1.0,,,08:24:55,1.0
08:24:56,3.41,,,08:24:56,3.41
08:24:57,7.97,,,08:24:57,7.97
08:24:58,4.0,,,08:24:58,4.0
08:24:59,4.0,,,08:24:59,4.0
08:25:00,4.0,,,08:25:00,4.0
08:25:01,3.09,,,08:25:01,3.09
08:25:02,2.81,,,08:25:02,2.81
08:25:03,1.11,,,08:25:03,1.11
08:25:04,3.59,,,08:25:04,3.59
08:25:05,8.66,,,08:25:05,8.66
08:25:06,6.78,,,08:25:06,6.78
08:25:07,1.89,,,08:25:07,1.89
08:25:08,3.12,,,08:25:08,3.12
08:25:09,2.97,,,08:25:09,2.97
08:25:10,2.03,,,08:25:10,2.03
08:25:11,1.63,,,08:25:11,1.63
08:25:12,11.63,,,08:25:12,11.63
08:25:13,21.06,,,08:25:13,21.06
08:25:14,16.1,,,08:25:14,16.1
08:25:15,10.92,,,08:25:15,10.92
08:25:16,11.57,,,08:25:16,11.57
08:25:17,10.78,,,08:25:17,10.78
08:25:18,11.0,,,08:25:18,11.0
08:25:19,11.0,,,08:25:19,11.0
08:25:20,7.54,,,08:25:20,7.54
08:25:21,2.0,,,08:25:21,2.0
08:25:22,3.0,,,08:25:22,3.0
08:25:23,6.8,,,08:25:23,6.8
08:25:24,4.2,,,08:25:24,4.2
