Time,Bid1,Bid2,Ask1,Ask2,Mid-Price,Total_volume,Bid_ask_spread,Order_imbalance
07:30:00,"[0, 0]","[0, 0]","[0, 0]","[0, 0]",0.0,0,0.0,0.0
07:30:01,"[0, 0]","[0, 0]","[799.5, 8]","[0, 0]",399.75,8,799.5,-1.0
07:30:02,"[181.0, 6]","[0, 0]","[797.25, 16]","[0, 0]",489.12,22,616.25,-0.45
07:30:03,"[186.0, 11]","[181.0, 2]","[796.0, 4]","[0, 0]",491.0,17,610.0,0.53
07:30:04,"[186.0, 44]","[181.0, 8]","[665.29, 17]","[794.0, 13]",425.65,82,479.29,0.27
07:30:05,"[186.0, 44]","[181.0, 8]","[511.75, 16]","[697.0, 16]",348.88,84,325.75,0.24
07:30:06,"[186.0, 66]","[181.0, 12]","[598.08, 26]","[600.0, 24]",392.04,128,412.08,0.22
07:30:07,"[186.42, 38]","[185.78, 92]","[384.72, 46]","[397.98, 45]",285.57,221,198.3,0.18
07:30:08,"[187.0, 14]","[186.0, 77]","[216.5, 32]","[219.39, 33]",201.75,156,29.5,0.17
07:30:09,"[186.0, 63]","[181.96, 89]","[209.06, 32]","[211.24, 34]",197.53,218,23.06,0.39
07:30:10,"[186.0, 74]","[182.0, 153]","[204.7, 50]","[205.67, 45]",195.35,322,18.7,0.41
07:30:11,"[186.0, 79]","[182.0, 187]","[201.08, 60]","[201.67, 75]",193.54,401,15.08,0.33
07:30:12,"[186.0, 84]","[182.0, 204]","[196.2, 50]","[197.4, 68]",191.1,406,10.2,0.42
07:30:13,"[186.0, 48]","[182.0, 136]","[192.8, 50]","[194.14, 35]",189.4,269,6.8,0.37
07:30:14,"[186.0, 45]","[182.0, 153]","[189.77, 44]","[192.29, 48]",187.89,290,3.77,0.37
07:30:15,"[186.84, 61]","[184.28, 79]","[188.69, 51]","[190.14, 42]",187.76,233,1.85,0.2
07:30:16,"[186.0, 40]","[182.0, 136]","[187.5, 32]","[194.0, 16]",186.75,224,1.5,0.57
07:30:17,"[186.0, 15]","[182.0, 51]","[187.0, 12]","[194.0, 6]",186.5,84,1.0,0.57
07:30:18,"[186.0, 7]","[182.0, 119]","[193.47, 17]","[194.65, 31]",189.74,174,7.47,0.45
07:30:19,"[184.71, 14]","[182.04, 212]","[189.83, 52]","[191.92, 84]",187.27,362,5.11,0.25
07:30:20,"[182.05, 169]","[181.86, 177]","[187.25, 65]","[189.69, 117]",184.65,528,5.19,0.31
07:30:21,"[182.0, 231]","[181.0, 90]","[184.79, 71]","[185.82, 49]",183.39,441,2.79,0.46
07:30:22,"[182.0, 203]","[181.0, 102]","[183.41, 61]","[184.2, 75]",182.7,441,1.41,0.38
07:30:23,"[182.0, 114]","[181.0, 36]","[183.86, 64]","[188.73, 71]",182.93,285,1.86,0.05
07:30:24,"[182.83, 96]","[181.94, 68]","[184.0, 50]","[190.0, 60]",183.42,274,1.17,0.2
07:30:25,"[183.0, 130]","[182.0, 104]","[184.0, 65]","[190.0, 78]",183.5,377,1.0,0.24
07:30:26,"[183.0, 110]","[181.93, 85]","[184.0, 55]","[190.0, 66]",183.5,316,1.0,0.23
07:30:27,"[183.0, 90]","[182.0, 81]","[184.0, 45]","[190.0, 54]",183.5,270,1.0,0.27
07:30:28,"[183.0, 50]","[182.0, 90]","[189.62, 52]","[190.67, 36]",186.31,228,6.62,0.23
07:30:29,"[183.0, 55]","[182.0, 99]","[187.36, 44]","[189.95, 21]",185.18,219,4.36,0.41
07:30:30,"[183.98, 43]","[182.72, 97]","[186.24, 68]","[189.0, 17]",185.11,225,2.26,0.24
07:30:31,"[185.0, 32]","[183.0, 80]","[186.0, 64]","[189.0, 16]",185.5,192,1.0,0.17
07:30:32,"[183.08, 52]","[182.05, 95]","[186.0, 24]","[189.27, 11]",184.54,182,2.92,0.62
07:30:33,"[183.0, 59]","[182.0, 117]","[185.19, 32]","[187.4, 20]",184.09,228,2.19,0.54
07:30:34,"[183.0, 36]","[182.0, 108]","[184.75, 36]","[192.0, 12]",183.88,192,1.75,0.5
07:30:35,"[182.4, 45]","[181.9, 60]","[185.14, 21]","[192.67, 18]",183.77,144,2.74,0.46
07:30:36,"[182.0, 123]","[181.0, 22]","[192.0, 13]","[193.19, 27]",187.0,185,10.0,0.57
07:30:37,"[182.0, 124]","[181.0, 24]","[192.0, 36]","[194.17, 48]",187.0,232,10.0,0.28
07:30:38,"[185.2, 25]","[181.97, 74]","[191.96, 25]","[193.45, 11]",188.58,135,6.76,0.47
07:30:39,"[187.0, 18]","[182.0, 81]","[191.0, 15]","[192.0, 21]",189.0,135,4.0,0.47
07:30:40,"[185.42, 38]","[181.97, 121]","[189.67, 21]","[190.7, 23]",187.54,203,4.25,0.57
07:30:41,"[182.0, 78]","[181.0, 26]","[186.46, 13]","[188.23, 13]",184.23,130,4.46,0.6
07:30:42,"[182.0, 60]","[181.0, 20]","[186.8, 10]","[189.89, 28]",184.4,118,4.8,0.36
07:30:43,"[182.0, 60]","[181.0, 20]","[186.1, 10]","[190.0, 30]",184.05,120,4.1,0.33
07:30:44,"[182.0, 84]","[181.0, 28]","[185.0, 14]","[190.35, 46]",183.5,172,3.0,0.3
07:30:45,"[182.0, 93]","[181.0, 30]","[186.96, 27]","[190.51, 49]",184.48,199,4.96,0.24
07:30:46,"[182.0, 36]","[181.0, 12]","[189.0, 36]","[191.0, 12]",185.5,96,7.0,0.0
07:30:47,"[182.0, 42]","[181.0, 36]","[188.91, 43]","[189.88, 16]",185.45,137,6.91,0.14
07:30:48,"[181.89, 37]","[180.94, 35]","[187.06, 64]","[188.06, 51]",184.48,187,5.17,-0.23
07:30:49,"[175.0, 13]","[174.0, 39]","[185.43, 63]","[186.82, 56]",180.21,171,10.43,-0.39
07:30:50,"[175.73, 15]","[174.19, 26]","[183.42, 48]","[185.0, 93]",179.57,182,7.68,-0.55
07:30:51,"[176.14, 58]","[174.16, 49]","[181.44, 61]","[184.62, 34]",178.79,202,5.3,0.06
07:30:52,"[176.0, 47]","[174.7, 20]","[182.49, 76]","[184.25, 20]",179.24,163,6.49,-0.18
07:30:53,"[176.85, 13]","[175.19, 16]","[184.63, 46]","[491.88, 32]",180.74,107,7.78,-0.46
07:30:54,"[177.08, 12]","[174.0, 37]","[185.36, 50]","[227.29, 56]",181.22,155,8.28,-0.37
07:30:55,"[177.33, 12]","[173.94, 32]","[185.0, 60]","[228.92, 60]",181.17,164,7.67,-0.46
07:30:56,"[174.0, 8]","[173.0, 8]","[184.81, 36]","[187.62, 40]",179.4,92,10.81,-0.65
07:30:57,"[174.0, 7]","[173.0, 7]","[184.77, 31]","[188.23, 31]",179.39,76,10.77,-0.63
07:30:58,"[181.0, 28]","[173.11, 19]","[185.0, 70]","[334.35, 54]",183.0,171,4.0,-0.45
07:30:59,"[181.0, 20]","[173.0, 10]","[185.0, 50]","[300.84, 25]",183.0,105,4.0,-0.43
07:31:00,"[182.0, 65]","[181.0, 26]","[184.46, 65]","[265.66, 35]",183.23,191,2.46,-0.05
07:31:01,"[181.69, 29]","[174.57, 21]","[185.37, 38]","[204.0, 25]",183.53,113,3.68,-0.12
07:31:02,"[181.97, 67]","[180.67, 27]","[183.0, 45]","[188.0, 48]",182.49,187,1.03,0.01
07:31:03,"[181.26, 38]","[177.87, 39]","[182.6, 15]","[185.11, 27]",181.93,119,1.34,0.29
07:31:04,"[181.0, 36]","[176.93, 41]","[183.56, 9]","[186.67, 27]",182.28,113,2.56,0.36
07:31:05,"[181.0, 17]","[174.0, 11]","[187.0, 33]","[189.0, 33]",184.0,94,6.0,-0.4
07:31:06,"[181.0, 4]","[174.0, 4]","[187.0, 12]","[189.0, 12]",184.0,32,6.0,-0.5
07:31:07,"[181.0, 8]","[174.0, 8]","[187.0, 24]","[189.0, 24]",184.0,64,6.0,-0.5
07:31:08,"[182.0, 127]","[181.0, 14]","[187.0, 42]","[189.0, 42]",184.5,225,5.0,0.25
07:31:09,"[183.43, 37]","[182.68, 81]","[187.0, 36]","[189.0, 36]",185.22,190,3.57,0.24
07:31:10,"[184.32, 25]","[182.83, 93]","[187.0, 39]","[189.0, 39]",185.66,196,2.68,0.2
07:31:11,"[183.0, 49]","[182.0, 56]","[186.36, 25]","[188.29, 21]",184.68,151,3.36,0.39
07:31:12,"[183.0, 98]","[182.0, 112]","[186.0, 56]","[188.0, 42]",184.5,308,3.0,0.36
07:31:13,"[183.0, 49]","[182.0, 56]","[185.0, 28]","[188.0, 21]",184.0,154,2.0,0.36
07:31:14,"[183.0, 41]","[182.0, 56]","[184.92, 26]","[188.24, 17]",183.96,140,1.92,0.39
07:31:15,"[183.0, 11]","[182.0, 88]","[188.0, 33]","[190.0, 11]",185.5,143,5.0,0.38
07:31:16,"[183.0, 12]","[182.0, 96]","[188.0, 36]","[190.0, 12]",185.5,156,5.0,0.38
07:31:17,"[183.0, 9]","[182.0, 72]","[188.42, 19]","[190.71, 17]",185.71,117,5.42,0.38
07:31:18,"[182.2, 45]","[181.75, 96]","[190.0, 15]","[191.0, 45]",186.1,201,7.8,0.4
07:31:19,"[182.0, 48]","[181.0, 32]","[190.0, 8]","[191.0, 24]",186.0,112,8.0,0.43
07:31:20,"[182.0, 45]","[181.0, 56]","[183.43, 47]","[185.12, 41]",182.71,189,1.43,0.07
07:31:21,"[182.0, 36]","[181.0, 48]","[184.94, 31]","[187.25, 48]",183.47,163,2.94,0.03
07:31:22,"[181.7, 27]","[180.45, 58]","[183.88, 34]","[186.0, 68]",182.79,187,2.18,-0.09
07:31:23,"[180.73, 15]","[179.96, 46]","[182.08, 24]","[186.0, 48]",181.41,133,1.35,-0.08
07:31:24,"[179.88, 48]","[176.43, 42]","[181.93, 30]","[188.33, 90]",180.9,210,2.06,-0.14
07:31:25,"[179.0, 34]","[173.0, 132]","[180.35, 34]","[186.76, 51]",179.68,251,1.35,0.32
07:31:26,"[179.27, 22]","[173.33, 79]","[184.35, 31]","[187.57, 42]",181.81,174,5.08,0.16
07:31:27,"[181.0, 20]","[180.0, 20]","[185.0, 20]","[188.0, 40]",183.0,100,4.0,-0.2
07:31:28,"[181.0, 14]","[180.0, 14]","[185.0, 14]","[188.0, 28]",183.0,70,4.0,-0.2
07:31:29,"[181.65, 17]","[180.79, 28]","[184.18, 55]","[187.39, 67]",182.91,167,2.53,-0.46
07:31:30,"[182.0, 13]","[181.0, 26]","[184.0, 65]","[187.0, 117]",183.0,221,2.0,-0.65
07:31:31,"[182.0, 9]","[181.0, 18]","[183.0, 44]","[187.0, 81]",182.5,152,1.0,-0.64
07:31:32,"[181.14, 21]","[180.25, 24]","[185.62, 42]","[187.14, 56]",183.38,143,4.48,-0.37
07:31:33,"[181.0, 28]","[180.0, 28]","[185.03, 72]","[186.86, 58]",183.01,186,4.03,-0.4
07:31:34,"[175.95, 38]","[176.0, 14]","[184.06, 50]","[185.49, 53]",180.0,155,8.11,-0.33
07:31:35,"[175.0, 40]","[173.0, 10]","[181.9, 30]","[184.0, 60]",178.45,140,6.9,-0.29
07:31:36,"[175.0, 60]","[173.0, 15]","[179.69, 36]","[182.33, 67]",177.35,178,4.69,-0.16
07:31:37,"[175.02, 61]","[173.42, 19]","[177.1, 40]","[178.68, 38]",176.06,158,2.08,0.01
07:31:38,"[174.96, 46]","[173.0, 15]","[176.8, 30]","[178.95, 95]",175.88,186,1.84,-0.34
07:31:39,"[174.0, 112]","[172.79, 14]","[175.67, 42]","[176.77, 26]",174.83,194,1.67,0.3
07:31:40,"[174.0, 54]","[171.33, 9]","[175.92, 13]","[179.87, 15]",174.96,91,1.92,0.38
07:31:41,"[174.0, 96]","[168.88, 16]","[179.0, 48]","[181.24, 72]",176.5,232,5.0,-0.03
07:31:42,"[175.38, 16]","[172.67, 12]","[179.0, 24]","[181.0, 40]",177.19,92,3.62,-0.39
07:31:43,"[175.59, 34]","[174.0, 30]","[179.5, 24]","[181.38, 48]",177.54,136,3.91,-0.06
07:31:44,"[175.0, 54]","[169.13, 15]","[181.0, 18]","[182.0, 54]",178.0,141,6.0,-0.02
07:31:45,"[175.0, 48]","[170.88, 8]","[181.5, 16]","[260.24, 38]",178.25,110,6.5,0.02
07:31:46,"[175.0, 72]","[172.0, 12]","[182.0, 24]","[501.54, 48]",178.5,156,7.0,0.08
07:31:47,"[175.0, 36]","[172.0, 6]","[182.0, 12]","[288.71, 7]",178.5,61,7.0,0.38
07:31:48,"[175.93, 90]","[174.8, 45]","[182.0, 20]","[244.6, 10]",178.97,165,6.07,0.64
07:31:49,"[176.0, 70]","[172.0, 5]","[181.0, 20]","[182.0, 10]",178.5,105,5.0,0.43
07:31:50,"[177.95, 80]","[175.48, 69]","[180.0, 40]","[202.6, 20]",178.97,209,2.05,0.43
07:31:51,"[179.5, 48]","[175.13, 69]","[181.0, 12]","[182.67, 24]",180.25,153,1.5,0.53
07:31:52,"[180.0, 47]","[176.94, 62]","[184.91, 23]","[245.84, 19]",182.46,151,4.91,0.44
07:31:53,"[180.7, 30]","[175.8, 50]","[186.0, 20]","[311.4, 10]",183.35,110,5.3,0.45
07:31:54,"[181.87, 46]","[179.91, 46]","[185.12, 32]","[221.24, 25]",183.5,149,3.26,0.23
07:31:55,"[180.0, 36]","[176.0, 12]","[185.2, 15]","[201.29, 21]",182.6,84,5.2,0.14
07:31:56,"[180.0, 33]","[176.0, 11]","[183.18, 11]","[185.91, 22]",181.59,77,3.18,0.14
07:31:57,"[180.0, 42]","[176.0, 14]","[183.0, 14]","[185.0, 28]",181.5,98,3.0,0.14
07:31:58,"[178.25, 16]","[172.39, 31]","[183.0, 28]","[185.0, 20]",180.62,95,4.75,-0.01
07:31:59,"[180.93, 74]","[175.27, 15]","[182.6, 20]","[185.27, 44]",181.77,153,1.67,0.16
07:32:00,"[181.54, 41]","[180.75, 64]","[185.13, 61]","[216.33, 42]",183.33,208,3.59,0.01
07:32:01,"[181.7, 37]","[180.75, 85]","[185.77, 79]","[232.85, 41]",183.74,242,4.07,0.01
07:32:02,"[181.0, 43]","[174.0, 13]","[187.0, 7]","[188.0, 35]",184.0,98,6.0,0.14
07:32:03,"[182.82, 22]","[179.89, 95]","[187.96, 57]","[223.1, 21]",185.39,195,5.15,0.2
07:32:04,"[181.3, 117]","[180.19, 81]","[187.61, 49]","[206.45, 67]",184.46,314,6.31,0.26
07:32:05,"[181.0, 130]","[175.0, 13]","[187.48, 25]","[211.24, 55]",184.24,223,6.48,0.28
07:32:06,"[182.06, 62]","[180.79, 114]","[185.2, 15]","[188.0, 75]",183.63,266,3.14,0.32
07:32:07,"[181.39, 46]","[179.25, 80]","[187.7, 50]","[235.4, 10]",184.55,186,6.31,0.35
07:32:08,"[181.0, 100]","[174.0, 38]","[184.18, 34]","[191.19, 42]",182.59,214,3.18,0.29
07:32:09,"[181.0, 29]","[174.0, 8]","[183.0, 24]","[187.25, 40]",182.0,101,2.0,-0.27
07:32:10,"[181.25, 20]","[179.25, 20]","[186.98, 44]","[347.57, 28]",184.11,112,5.73,-0.29
07:32:11,"[185.13, 15]","[182.62, 32]","[188.0, 64]","[555.0, 26]",186.57,137,2.87,-0.31
07:32:12,"[186.0, 26]","[181.0, 39]","[235.87, 46]","[463.44, 16]",210.93,127,49.87,0.02
07:32:13,"[186.0, 14]","[181.0, 21]","[188.0, 28]","[257.0, 21]",187.0,84,2.0,-0.17
07:32:14,"[186.0, 8]","[181.0, 12]","[188.0, 16]","[257.0, 12]",187.0,48,2.0,-0.17
07:32:15,"[186.0, 12]","[182.67, 18]","[188.0, 24]","[257.0, 18]",187.0,72,2.0,-0.17
07:32:16,"[186.0, 14]","[183.0, 21]","[188.0, 28]","[301.8, 15]",187.0,78,2.0,-0.1
07:32:17,"[183.48, 25]","[181.64, 33]","[188.0, 44]","[352.1, 29]",185.74,131,4.52,-0.11
07:32:18,"[183.0, 12]","[182.0, 18]","[188.0, 24]","[530.17, 18]",185.5,72,5.0,-0.17
07:32:19,"[183.0, 18]","[182.0, 27]","[188.0, 36]","[476.89, 27]",185.5,108,5.0,-0.17
07:32:20,"[183.0, 23]","[182.0, 39]","[185.0, 13]","[188.53, 43]",184.0,118,2.0,0.05
07:32:21,"[182.09, 23]","[181.17, 36]","[185.72, 36]","[225.44, 36]",183.9,131,3.64,-0.1
07:32:22,"[182.0, 16]","[181.0, 24]","[183.0, 24]","[189.62, 32]",182.5,96,1.0,-0.17
07:32:23,"[182.0, 8]","[181.0, 12]","[183.0, 12]","[190.0, 16]",182.5,48,1.0,-0.17
07:32:24,"[181.0, 26]","[179.56, 32]","[183.0, 27]","[190.0, 36]",182.0,121,2.0,-0.04
07:32:25,"[180.0, 36]","[176.0, 24]","[183.0, 18]","[190.0, 24]",181.5,102,3.0,0.18
07:32:26,"[180.0, 24]","[176.0, 16]","[183.0, 12]","[190.0, 16]",181.5,68,3.0,0.18
07:32:27,"[180.0, 50]","[176.0, 40]","[183.0, 30]","[193.0, 40]",181.5,160,3.0,0.12
07:32:28,"[181.0, 10]","[180.0, 10]","[183.0, 38]","[191.5, 40]",182.0,98,2.0,-0.59
07:32:29,"[181.0, 8]","[177.0, 20]","[183.0, 35]","[190.0, 32]",182.0,95,2.0,-0.41
07:32:30,"[180.81, 27]","[176.88, 32]","[182.88, 48]","[187.0, 42]",181.84,149,2.06,-0.21
07:32:31,"[177.54, 13]","[174.3, 54]","[182.26, 35]","[185.71, 28]",179.9,130,4.72,0.03
07:32:32,"[175.38, 13]","[173.36, 53]","[182.0, 40]","[185.0, 30]",178.69,136,6.62,-0.03
07:32:33,"[176.5, 4]","[174.08, 13]","[182.0, 16]","[185.0, 12]",179.25,45,5.5,-0.24
07:32:34,"[175.0, 13]","[173.15, 52]","[181.31, 52]","[182.75, 48]",178.15,165,6.31,-0.21
07:32:35,"[175.0, 10]","[173.0, 40]","[181.18, 34]","[182.24, 37]",178.09,121,6.18,-0.17
07:32:36,"[175.5, 10]","[172.8, 40]","[182.05, 19]","[184.83, 35]",178.78,104,6.55,-0.04
07:32:37,"[176.33, 18]","[173.78, 36]","[183.0, 12]","[191.0, 96]",179.67,162,6.67,-0.33
07:32:38,"[175.65, 26]","[174.03, 64]","[182.73, 15]","[190.91, 89]",179.19,194,7.08,-0.07
07:32:39,"[177.0, 10]","[174.1, 40]","[182.0, 40]","[183.0, 10]",179.5,100,5.0,0.0
07:32:40,"[177.95, 21]","[173.23, 83]","[182.31, 61]","[186.19, 36]",180.13,201,4.36,0.03
07:32:41,"[175.72, 18]","[173.38, 52]","[179.0, 56]","[180.53, 40]",177.36,166,3.28,-0.16
07:32:42,"[172.29, 28]","[171.27, 117]","[175.68, 41]","[177.36, 50]",173.98,236,3.4,0.23
07:32:43,"[172.0, 32]","[171.0, 136]","[175.0, 24]","[177.0, 32]",173.5,224,3.0,0.5
07:32:44,"[173.7, 20]","[170.26, 121]","[175.0, 27]","[177.0, 36]",174.35,204,1.3,0.38
07:32:45,"[174.0, 36]","[170.0, 189]","[175.0, 27]","[177.0, 36]",174.5,288,1.0,0.56
07:32:46,"[174.0, 36]","[170.0, 157]","[175.0, 27]","[177.0, 36]",174.5,256,1.0,0.51
07:32:47,"[174.0, 26]","[170.0, 170]","[175.75, 40]","[176.76, 42]",174.88,278,1.75,0.41
07:32:48,"[170.5, 32]","[169.97, 58]","[176.0, 15]","[177.0, 12]",173.25,117,5.5,0.54
07:32:49,"[170.32, 157]","[169.95, 158]","[176.0, 65]","[177.0, 52]",173.16,432,5.68,0.46
07:32:50,"[173.17, 60]","[170.0, 111]","[176.0, 60]","[177.8, 60]",174.58,291,2.83,0.18
07:32:51,"[174.0, 55]","[169.0, 56]","[176.0, 55]","[178.66, 58]",175.0,224,2.0,-0.01
07:32:52,"[175.04, 52]","[172.21, 38]","[176.6, 40]","[178.2, 40]",175.82,170,1.56,0.06
07:32:53,"[176.91, 23]","[175.6, 15]","[178.0, 16]","[179.0, 64]",177.46,118,1.09,-0.36
07:32:54,"[172.29, 63]","[167.74, 31]","[179.0, 128]","[181.0, 112]",175.64,334,6.71,-0.44
07:32:55,"[170.38, 94]","[168.49, 37]","[179.0, 96]","[181.0, 84]",174.69,311,8.62,-0.16
07:32:56,"[172.91, 99]","[167.91, 22]","[179.0, 88]","[181.0, 45]",175.95,254,6.09,-0.05
07:32:57,"[174.94, 153]","[168.59, 34]","[179.9, 51]","[181.25, 56]",177.42,294,4.96,0.27
07:32:58,"[174.94, 82]","[169.82, 22]","[177.76, 49]","[179.41, 37]",176.35,190,2.82,0.09
07:32:59,"[169.04, 149]","[168.08, 52]","[181.0, 28]","[182.0, 56]",175.02,285,11.96,0.41
07:33:00,"[169.81, 93]","[168.66, 71]","[181.4, 15]","[189.48, 42]",175.6,221,11.59,0.48
07:33:01,"[174.39, 44]","[169.63, 138]","[182.0, 54]","[519.93, 70]",178.19,306,7.61,0.19
07:33:02,"[176.67, 43]","[174.14, 35]","[182.0, 42]","[185.0, 42]",179.34,162,5.33,-0.04
07:33:03,"[181.0, 112]","[174.45, 22]","[182.0, 36]","[185.0, 39]",181.5,209,1.0,0.28
07:33:04,"[181.0, 56]","[174.0, 32]","[182.0, 16]","[185.0, 24]",181.5,128,1.0,0.38
07:33:05,"[181.0, 49]","[174.0, 28]","[183.12, 16]","[252.14, 21]",182.06,114,2.12,0.35
07:33:06,"[181.25, 81]","[174.96, 51]","[337.8, 40]","[438.41, 44]",259.52,216,156.55,0.22
07:33:07,"[186.0, 24]","[181.0, 42]","[398.0, 14]","[420.8, 10]",292.0,90,212.0,0.47
07:33:08,"[186.0, 36]","[181.0, 63]","[364.33, 12]","[417.96, 25]",275.17,136,178.33,0.46
07:33:09,"[186.0, 12]","[181.0, 21]","[369.0, 3]","[425.82, 11]",277.5,47,183.0,0.4
07:33:10,"[187.45, 22]","[185.19, 43]","[257.0, 30]","[353.0, 25]",222.23,120,69.55,0.08
07:33:11,"[188.2, 15]","[186.0, 32]","[259.78, 18]","[288.08, 26]",223.99,91,71.58,0.03
07:33:12,"[189.0, 8]","[186.0, 32]","[226.0, 22]","[260.43, 21]",207.5,83,37.0,-0.04
07:33:13,"[189.0, 8]","[186.0, 44]","[220.33, 18]","[227.73, 22]",204.67,92,31.33,0.13
07:33:14,"[186.0, 130]","[183.0, 130]","[219.9, 20]","[251.17, 35]",202.95,315,33.9,0.65
07:33:15,"[186.0, 143]","[183.0, 143]","[217.6, 30]","[240.37, 38]",201.8,354,31.6,0.62
07:33:16,"[186.0, 117]","[183.0, 117]","[214.05, 42]","[215.24, 21]",200.02,297,28.05,0.58
07:33:17,"[186.0, 182]","[183.0, 191]","[212.06, 33]","[213.16, 55]",199.03,461,26.06,0.62
07:33:18,"[186.04, 204]","[183.47, 249]","[195.62, 66]","[196.22, 68]",190.83,587,9.58,0.54
07:33:19,"[186.45, 47]","[185.29, 119]","[188.55, 22]","[189.38, 32]",187.5,220,2.1,0.51
07:33:20,"[186.21, 141]","[183.09, 159]","[188.59, 54]","[191.6, 50]",187.4,404,2.38,0.49
07:33:21,"[187.0, 88]","[186.0, 18]","[188.0, 72]","[216.33, 72]",187.5,250,1.0,-0.15
07:33:22,"[187.0, 30]","[186.0, 11]","[188.0, 44]","[205.52, 54]",187.5,139,1.0,-0.41
07:33:23,"[186.0, 11]","[183.0, 154]","[190.36, 28]","[202.67, 61]",188.18,254,4.36,0.3
07:33:24,"[184.44, 27]","[182.83, 199]","[188.33, 33]","[189.74, 43]",186.39,302,3.89,0.5
07:33:25,"[183.0, 182]","[181.0, 221]","[186.31, 26]","[189.7, 44]",184.65,473,3.31,0.7
07:33:26,"[183.0, 160]","[181.0, 141]","[184.15, 26]","[185.85, 26]",183.58,353,1.15,0.71
07:33:27,"[183.0, 122]","[181.0, 77]","[186.9, 31]","[220.73, 37]",184.95,267,3.9,0.49
07:33:28,"[183.0, 130]","[181.0, 139]","[190.0, 65]","[326.49, 43]",186.5,377,7.0,0.43
07:33:29,"[183.0, 140]","[181.0, 154]","[190.0, 70]","[242.7, 50]",186.5,414,7.0,0.42
07:33:30,"[183.0, 91]","[181.0, 121]","[189.85, 53]","[238.27, 55]",186.42,320,6.85,0.33
07:33:31,"[181.6, 47]","[180.88, 25]","[189.0, 20]","[190.4, 25]",185.3,117,7.4,0.23
07:33:32,"[181.24, 50]","[180.94, 70]","[188.9, 40]","[191.0, 50]",185.07,210,7.66,0.14
07:33:33,"[181.0, 121]","[180.0, 11]","[182.71, 34]","[188.17, 90]",181.85,256,1.71,0.03
07:33:34,"[181.0, 70]","[180.0, 10]","[182.0, 25]","[188.0, 50]",181.5,155,1.0,0.03
07:33:35,"[181.0, 56]","[180.0, 8]","[182.0, 16]","[188.0, 40]",181.5,120,1.0,0.07
07:33:36,"[180.81, 26]","[178.57, 21]","[183.58, 19]","[195.62, 40]",182.19,106,2.77,-0.11
07:33:37,"[143.0, 45]","[117.0, 55]","[187.94, 53]","[243.45, 55]",165.47,208,44.94,-0.04
07:33:38,"[133.86, 56]","[83.0, 60]","[199.15, 39]","[266.13, 54]",166.51,209,65.3,0.11
07:33:39,"[161.85, 65]","[93.91, 57]","[177.0, 13]","[261.77, 65]",169.42,200,15.15,0.22
07:33:40,"[170.49, 49]","[95.62, 40]","[176.25, 8]","[180.87, 31]",173.37,128,5.76,0.39
07:33:41,"[146.8, 87]","[85.88, 80]","[178.42, 45]","[275.3, 27]",162.61,239,31.62,0.4
07:33:42,"[131.41, 34]","[116.83, 29]","[180.0, 29]","[191.68, 25]",155.71,117,48.59,0.08
07:33:43,"[165.14, 29]","[126.6, 25]","[178.29, 28]","[179.38, 26]",171.71,108,13.15,0.0
07:33:44,"[166.0, 28]","[165.0, 35]","[176.0, 33]","[177.0, 30]",171.0,126,10.0,0.0
07:33:45,"[166.67, 36]","[165.71, 51]","[175.0, 78]","[213.33, 30]",170.83,195,8.33,-0.11
07:33:46,"[171.15, 26]","[168.91, 22]","[175.0, 32]","[223.43, 28]",173.08,108,3.85,-0.11
07:33:47,"[172.25, 32]","[170.0, 16]","[175.0, 32]","[394.5, 28]",173.62,108,2.75,-0.11
07:33:48,"[170.5, 24]","[155.17, 12]","[175.0, 18]","[340.67, 30]",172.75,84,4.5,-0.14
07:33:49,"[153.0, 10]","[98.0, 25]","[175.0, 6]","[177.0, 20]",164.0,61,22.0,0.15
07:33:50,"[153.75, 16]","[117.64, 28]","[175.0, 8]","[177.0, 32]",164.38,84,21.25,0.05
07:33:51,"[161.55, 29]","[159.44, 27]","[439.0, 36]","[464.1, 21]",300.28,113,277.45,-0.01
07:33:52,"[163.73, 11]","[162.0, 22]","[321.26, 53]","[337.52, 21]",242.5,107,157.54,-0.38
07:33:53,"[166.0, 14]","[163.5, 40]","[177.0, 70]","[178.38, 56]",171.5,180,11.0,-0.4
07:33:54,"[169.71, 14]","[167.4, 10]","[178.0, 40]","[179.0, 24]",173.86,88,8.29,-0.45
07:33:55,"[172.1, 20]","[171.31, 13]","[176.0, 45]","[176.91, 43]",174.05,121,3.9,-0.45
07:33:56,"[172.13, 30]","[143.2, 143]","[174.88, 64]","[177.25, 48]",173.5,285,2.74,0.21
07:33:57,"[155.87, 30]","[74.19, 93]","[175.14, 28]","[177.32, 19]",165.5,170,19.28,0.45
07:33:58,"[154.58, 24]","[102.75, 69]","[177.28, 25]","[179.0, 22]",165.93,140,22.7,0.33
07:33:59,"[155.0, 12]","[51.24, 90]","[177.0, 22]","[179.0, 12]",166.0,136,22.0,0.5
07:34:00,"[160.75, 142]","[67.46, 67]","[218.0, 20]","[243.78, 18]",189.37,247,57.25,0.69
07:34:01,"[161.25, 68]","[159.35, 125]","[302.4, 10]","[454.1, 10]",231.82,213,141.15,0.81
07:34:02,"[162.44, 36]","[156.49, 118]","[180.91, 35]","[278.79, 14]",171.68,203,18.47,0.52
07:34:03,"[166.72, 25]","[158.9, 29]","[233.0, 13]","[503.76, 17]",199.86,84,66.28,0.29
07:34:04,"[182.0, 7]","[175.86, 14]","[233.0, 7]","[388.0, 13]",207.5,41,51.0,0.02
07:34:05,"[183.2, 10]","[181.2, 10]","[316.4, 10]","[374.0, 14]",249.8,44,133.2,-0.09
07:34:06,"[182.0, 8]","[181.0, 16]","[372.0, 24]","[436.62, 8]",277.0,56,190.0,-0.14
07:34:07,"[187.88, 48]","[181.82, 11]","[372.0, 30]","[551.0, 10]",279.94,99,184.12,0.19
07:34:08,"[188.14, 29]","[186.44, 27]","[399.67, 27]","[435.24, 17]",293.9,100,211.53,0.12
07:34:09,"[188.0, 16]","[182.0, 8]","[604.2, 20]","[646.0, 6]",396.1,50,416.2,-0.04
07:34:10,"[183.01, 77]","[116.23, 52]","[482.48, 29]","[677.16, 19]",332.75,177,299.47,0.46
07:34:11,"[188.0, 52]","[137.0, 42]","[264.0, 12]","[683.0, 8]",226.0,114,76.0,0.65
07:34:12,"[188.0, 78]","[95.81, 42]","[275.0, 18]","[598.83, 12]",231.5,150,87.0,0.6
07:34:13,"[188.0, 156]","[106.6, 102]","[221.6, 50]","[297.85, 41]",204.8,349,33.6,0.48
07:34:14,"[188.0, 153]","[172.0, 45]","[199.77, 69]","[201.17, 65]",193.88,332,11.77,0.19
07:34:15,"[188.0, 110]","[180.24, 49]","[195.0, 55]","[197.0, 55]",191.5,269,7.0,0.18
07:34:16,"[188.0, 70]","[183.0, 35]","[194.29, 31]","[196.14, 35]",191.15,171,6.29,0.23
07:34:17,"[188.0, 109]","[184.35, 65]","[190.06, 51]","[191.24, 51]",189.03,276,2.06,0.26
07:34:18,"[187.59, 37]","[184.06, 34]","[190.12, 40]","[191.67, 30]",188.86,141,2.53,0.01
07:34:19,"[184.56, 41]","[182.5, 60]","[188.43, 35]","[190.51, 45]",186.49,181,3.87,0.12
07:34:20,"[183.0, 40]","[182.0, 60]","[184.14, 37]","[345.24, 34]",183.57,171,1.14,0.17
07:34:21,"[183.0, 8]","[182.0, 24]","[184.0, 16]","[247.0, 12]",183.5,60,1.0,0.07
07:34:22,"[182.47, 30]","[181.7, 54]","[184.0, 44]","[500.38, 32]",183.23,160,1.53,0.05
07:34:23,"[182.79, 19]","[181.88, 32]","[356.22, 27]","[530.84, 19]",269.51,97,173.43,0.05
07:34:24,"[182.32, 22]","[181.77, 52]","[474.83, 24]","[705.92, 26]",328.58,124,292.52,0.19
07:34:25,"[182.0, 42]","[181.0, 40]","[656.64, 28]","[769.0, 6]",419.32,116,474.64,0.41
07:34:26,"[182.0, 4]","[181.0, 16]","[535.93, 15]","[537.0, 9]",358.97,44,353.93,-0.09
07:34:27,"[182.0, 8]","[181.0, 32]","[532.28, 36]","[533.29, 34]",357.14,110,350.28,-0.27
07:34:28,"[182.86, 35]","[181.23, 26]","[356.58, 48]","[442.83, 47]",269.72,156,173.73,-0.22
07:34:29,"[183.71, 52]","[182.16, 32]","[223.67, 45]","[246.43, 35]",203.69,164,39.96,0.02
07:34:30,"[184.0, 24]","[182.0, 12]","[244.0, 16]","[245.0, 20]",214.0,72,60.0,0.0
07:34:31,"[184.0, 54]","[182.0, 28]","[225.18, 44]","[243.22, 37]",204.59,163,41.18,0.01
07:34:32,"[184.0, 45]","[182.08, 52]","[189.88, 69]","[199.99, 67]",186.94,233,5.88,-0.17
07:34:33,"[183.04, 52]","[182.44, 25]","[184.82, 55]","[196.92, 66]",183.93,198,1.78,-0.22
07:34:34,"[181.84, 19]","[169.0, 9]","[202.6, 30]","[326.07, 27]",192.22,85,20.76,-0.34
07:34:35,"[181.84, 31]","[155.29, 7]","[280.8, 15]","[525.06, 32]",231.32,85,98.96,-0.11
07:34:36,"[182.86, 58]","[181.94, 69]","[277.31, 29]","[280.53, 19]",230.09,175,94.45,0.45
07:34:37,"[182.0, 120]","[181.0, 10]","[264.0, 34]","[329.19, 42]",223.0,206,82.0,0.26
07:34:38,"[182.29, 84]","[181.8, 30]","[256.12, 24]","[263.75, 24]",219.21,162,73.84,0.41
07:34:39,"[183.25, 24]","[182.01, 86]","[256.0, 27]","[268.0, 27]",219.62,164,72.75,0.34
07:34:40,"[181.96, 69]","[180.4, 15]","[252.88, 24]","[256.32, 22]",217.42,130,70.92,0.29
07:34:41,"[183.33, 15]","[143.43, 47]","[250.09, 33]","[254.0, 22]",216.71,117,66.76,0.06
07:34:42,"[186.65, 31]","[134.34, 29]","[249.75, 32]","[253.04, 23]",218.2,115,63.1,0.04
07:34:43,"[184.82, 11]","[116.83, 18]","[247.64, 14]","[248.29, 21]",216.23,64,62.82,-0.09
07:34:44,"[188.0, 18]","[181.0, 9]","[245.57, 21]","[246.5, 12]",216.79,60,57.57,-0.1
07:34:45,"[186.12, 16]","[182.88, 8]","[245.0, 24]","[246.0, 16]",215.56,64,58.88,-0.25
07:34:46,"[179.13, 77]","[147.46, 41]","[222.47, 60]","[332.05, 43]",200.8,221,43.34,0.07
07:34:47,"[178.08, 72]","[154.88, 42]","[194.14, 42]","[395.71, 42]",186.11,198,16.06,0.15
07:34:48,"[182.73, 33]","[176.55, 33]","[193.36, 33]","[446.82, 33]",188.05,132,10.64,0.0
07:34:49,"[183.55, 33]","[182.0, 33]","[191.82, 33]","[294.09, 33]",187.68,132,8.27,0.0
07:34:50,"[184.0, 27]","[151.25, 8]","[190.0, 15]","[463.6, 15]",187.0,65,6.0,0.08
07:34:51,"[184.0, 48]","[145.57, 56]","[189.62, 24]","[357.25, 24]",186.81,152,5.62,0.37
07:34:52,"[184.0, 72]","[148.47, 114]","[186.92, 36]","[195.67, 36]",185.46,258,2.92,0.44
07:34:53,"[184.0, 30]","[153.4, 35]","[185.0, 15]","[187.0, 15]",184.5,95,1.0,0.37
07:34:54,"[143.55, 97]","[91.82, 66]","[177.14, 28]","[220.54, 39]",160.34,230,33.6,0.42
07:34:55,"[164.94, 96]","[157.58, 77]","[222.0, 27]","[271.0, 20]",193.47,220,57.06,0.57
07:34:56,"[175.78, 54]","[173.07, 90]","[561.0, 27]","[634.33, 27]",368.39,198,385.22,0.45
07:34:57,"[188.0, 52]","[183.0, 52]","[383.62, 29]","[523.33, 30]",285.81,163,195.62,0.28
07:34:58,"[188.0, 24]","[183.0, 24]","[430.0, 18]","[574.0, 6]",309.0,72,242.0,0.33
07:34:59,"[188.0, 27]","[183.0, 36]","[350.64, 22]","[650.67, 15]",269.32,100,162.64,0.26
07:35:00,"[188.29, 14]","[183.11, 45]","[326.73, 11]","[516.24, 17]",257.51,87,138.44,0.36
07:35:01,"[189.33, 36]","[188.0, 9]","[263.37, 27]","[406.75, 16]",226.35,88,74.04,0.02
07:35:02,"[190.89, 36]","[188.0, 11]","[262.09, 44]","[426.82, 22]",226.49,113,71.2,-0.17
07:35:03,"[191.0, 18]","[185.67, 27]","[260.33, 36]","[425.0, 18]",225.67,99,69.33,-0.09
07:35:04,"[187.44, 36]","[185.15, 26]","[349.05, 20]","[445.8, 15]",268.25,97,161.61,0.28
07:35:05,"[186.14, 28]","[183.29, 34]","[295.82, 11]","[336.64, 11]",240.98,84,109.68,0.48
07:35:06,"[184.0, 26]","[183.0, 100]","[281.1, 39]","[316.36, 11]",232.55,176,97.1,0.43
07:35:07,"[184.0, 42]","[183.0, 87]","[281.0, 45]","[282.0, 9]",232.5,183,97.0,0.41
07:35:08,"[184.0, 41]","[183.0, 63]","[280.38, 13]","[281.02, 41]",232.19,158,96.38,0.32
07:35:09,"[184.0, 36]","[183.0, 77]","[279.19, 31]","[280.88, 40]",231.6,184,95.19,0.23
07:35:10,"[184.0, 8]","[183.0, 56]","[270.5, 40]","[279.38, 16]",227.25,120,86.5,0.07
07:35:11,"[184.0, 6]","[183.0, 42]","[245.0, 30]","[279.0, 30]",214.5,108,61.0,-0.11
07:35:12,"[184.0, 10]","[183.0, 70]","[242.88, 26]","[249.76, 34]",213.44,140,58.88,0.14
07:35:13,"[183.38, 26]","[182.81, 64]","[229.65, 20]","[240.21, 29]",206.52,139,46.27,0.29
07:35:14,"[183.0, 26]","[182.0, 39]","[213.67, 43]","[214.71, 34]",198.34,142,30.67,-0.08
07:35:15,"[182.78, 18]","[181.72, 29]","[206.76, 29]","[208.86, 28]",194.77,104,23.98,-0.1
07:35:16,"[181.0, 24]","[175.7, 30]","[182.76, 17]","[198.85, 20]",181.88,91,1.76,0.19
07:35:17,"[153.38, 13]","[129.21, 19]","[179.0, 22]","[180.0, 21]",166.19,75,25.62,-0.15
07:35:18,"[163.4, 10]","[133.6, 10]","[221.17, 18]","[261.71, 14]",192.28,52,57.77,-0.23
07:35:19,"[169.62, 8]","[147.0, 8]","[355.03, 32]","[521.31, 16]",262.33,64,185.41,-0.5
07:35:20,"[188.0, 34]","[180.54, 13]","[306.0, 40]","[670.8, 5]",247.0,92,118.0,0.02
07:35:21,"[188.0, 45]","[184.0, 18]","[340.44, 45]","[414.83, 30]",264.22,138,152.44,-0.09
07:35:22,"[186.22, 18]","[151.12, 8]","[342.67, 30]","[532.0, 30]",264.44,86,156.44,-0.4
07:35:23,"[149.83, 6]","[88.0, 5]","[231.5, 24]","[375.0, 25]",190.67,60,81.67,-0.63
07:35:24,"[133.47, 15]","[103.17, 12]","[174.0, 44]","[177.87, 15]",153.73,86,40.53,-0.37
07:35:25,"[135.57, 7]","[134.0, 7]","[174.0, 28]","[176.0, 14]",154.79,56,38.43,-0.5
07:35:26,"[136.88, 8]","[134.38, 8]","[174.0, 32]","[176.0, 16]",155.44,64,37.12,-0.5
07:35:27,"[138.4, 10]","[137.4, 10]","[174.61, 23]","[178.25, 32]",156.5,75,36.21,-0.47
07:35:28,"[140.62, 8]","[139.12, 8]","[176.0, 8]","[179.0, 32]",158.31,56,35.38,-0.43
07:35:29,"[144.0, 12]","[141.5, 8]","[177.5, 12]","[179.08, 26]",160.75,58,33.5,-0.31
07:35:30,"[164.67, 21]","[146.83, 42]","[178.77, 22]","[179.33, 18]",171.72,103,14.11,0.22
07:35:31,"[152.33, 6]","[124.68, 25]","[179.0, 15]","[180.0, 5]",165.67,51,26.67,0.22
07:35:32,"[162.0, 23]","[143.57, 28]","[278.3, 57]","[406.53, 49]",220.15,157,116.3,-0.35
07:35:33,"[185.12, 8]","[184.0, 8]","[544.0, 31]","[599.71, 21]",364.56,68,358.88,-0.53
07:35:34,"[177.38, 13]","[162.67, 12]","[506.93, 41]","[559.0, 14]",342.16,80,329.54,-0.38
07:35:35,"[176.6, 15]","[145.5, 12]","[378.23, 26]","[511.0, 19]",277.42,72,201.63,-0.25
07:35:36,"[182.38, 74]","[142.15, 78]","[281.82, 51]","[329.24, 45]",232.1,248,99.45,0.23
07:35:37,"[182.07, 61]","[161.88, 25]","[285.0, 30]","[306.0, 30]",233.53,146,102.93,0.18
07:35:38,"[182.88, 41]","[181.46, 46]","[283.3, 20]","[371.25, 24]",233.09,131,100.42,0.33
07:35:39,"[188.0, 48]","[182.0, 56]","[237.53, 19]","[453.14, 21]",212.76,144,49.53,0.44
07:35:40,"[188.0, 30]","[182.0, 77]","[214.36, 33]","[292.32, 28]",201.18,168,26.36,0.27
07:35:41,"[183.05, 57]","[181.47, 75]","[258.15, 39]","[267.92, 39]",220.6,210,75.1,0.26
07:35:42,"[182.0, 28]","[181.0, 35]","[248.79, 19]","[276.86, 21]",215.39,103,66.79,0.22
07:35:43,"[182.0, 40]","[181.0, 50]","[246.38, 26]","[255.17, 18]",214.19,134,64.38,0.34
07:35:44,"[183.64, 22]","[181.88, 41]","[201.45, 22]","[258.44, 18]",192.55,103,17.82,0.22
07:35:45,"[182.8, 50]","[181.47, 77]","[191.06, 51]","[199.81, 32]",186.93,210,8.26,0.21
07:35:46,"[182.0, 48]","[181.0, 64]","[189.53, 36]","[194.11, 35]",185.76,183,7.53,0.22
07:35:47,"[181.76, 62]","[180.27, 66]","[183.79, 42]","[185.72, 18]",182.77,188,2.03,0.36
07:35:48,"[181.0, 34]","[160.75, 16]","[184.62, 8]","[185.62, 8]",182.81,66,3.62,0.52
07:35:49,"[181.0, 12]","[159.0, 10]","[183.2, 5]","[253.56, 9]",182.1,36,2.2,0.22
07:35:50,"[181.0, 12]","[109.3, 20]","[209.58, 12]","[288.0, 27]",195.29,71,28.58,-0.1
07:35:51,"[187.53, 32]","[108.0, 35]","[322.29, 21]","[0, 0]",254.91,88,134.75,0.52
07:35:52,"[188.0, 48]","[181.5, 32]","[380.94, 34]","[435.4, 15]",284.47,129,192.94,0.24
07:35:53,"[188.0, 30]","[184.0, 15]","[293.71, 21]","[404.75, 20]",240.86,86,105.71,0.05
07:35:54,"[188.0, 54]","[184.0, 27]","[533.09, 43]","[633.11, 38]",360.55,162,345.09,0.0
07:35:55,"[188.0, 60]","[184.12, 50]","[541.0, 50]","[656.0, 40]",364.5,200,353.0,0.1
07:35:56,"[188.0, 42]","[187.0, 14]","[617.0, 35]","[656.0, 28]",402.5,119,429.0,-0.06
07:35:57,"[188.0, 32]","[187.0, 12]","[617.0, 30]","[706.0, 24]",402.5,98,429.0,-0.1
07:35:58,"[187.4, 10]","[185.2, 20]","[616.83, 30]","[684.36, 25]",402.12,85,429.43,-0.29
07:35:59,"[184.78, 9]","[183.68, 50]","[582.77, 39]","[616.88, 40]",383.77,138,397.99,-0.14
07:36:00,"[182.47, 43]","[181.85, 47]","[576.0, 60]","[615.75, 60]",379.23,210,393.53,-0.14
07:36:01,"[182.01, 82]","[170.42, 48]","[520.51, 68]","[609.71, 62]",351.26,260,338.5,0.0
07:36:02,"[184.0, 21]","[182.55, 77]","[388.27, 44]","[420.18, 50]",286.14,192,204.27,0.02
07:36:03,"[184.0, 30]","[183.0, 35]","[340.5, 16]","[386.87, 23]",262.25,104,156.5,0.25
07:36:04,"[184.92, 131]","[183.99, 83]","[200.94, 52]","[214.93, 45]",192.93,311,16.02,0.38
07:36:05,"[185.0, 90]","[184.0, 45]","[199.51, 43]","[200.66, 29]",192.26,207,14.51,0.3
07:36:06,"[185.8, 80]","[184.83, 120]","[197.12, 48]","[198.72, 64]",191.46,312,11.32,0.28
07:36:07,"[187.82, 44]","[185.0, 110]","[195.57, 53]","[196.51, 35]",191.69,242,7.75,0.27
07:36:08,"[185.0, 80]","[184.0, 40]","[193.62, 32]","[194.38, 32]",189.31,184,8.62,0.3
07:36:09,"[185.0, 90]","[184.0, 45]","[191.56, 45]","[193.0, 27]",188.28,207,6.56,0.3
07:36:10,"[185.0, 80]","[184.0, 40]","[190.38, 40]","[193.0, 24]",187.69,184,5.38,0.3
07:36:11,"[185.0, 95]","[184.0, 55]","[189.64, 55]","[193.0, 33]",187.32,238,4.64,0.26
07:36:12,"[184.45, 42]","[183.42, 84]","[250.94, 51]","[275.62, 56]",217.7,233,66.49,0.08
07:36:13,"[186.67, 18]","[183.36, 33]","[458.22, 27]","[555.0, 36]",322.44,114,271.56,-0.11
07:36:14,"[188.0, 14]","[184.0, 16]","[284.67, 9]","[475.64, 22]",236.33,61,96.67,-0.02
07:36:15,"[188.0, 18]","[184.0, 21]","[197.4, 15]","[245.12, 32]",192.7,86,9.4,-0.09
07:36:16,"[186.08, 26]","[183.17, 54]","[193.77, 39]","[195.62, 39]",189.92,158,7.69,0.01
07:36:17,"[186.57, 23]","[183.21, 39]","[192.48, 23]","[194.56, 27]",189.52,112,5.91,0.11
07:36:18,"[187.2, 15]","[185.86, 7]","[193.0, 15]","[195.0, 15]",190.1,52,5.8,-0.15
07:36:19,"[188.0, 33]","[187.0, 33]","[189.73, 45]","[191.0, 33]",188.87,144,1.73,-0.08
07:36:20,"[187.0, 33]","[185.0, 13]","[189.0, 65]","[190.0, 39]",188.0,150,2.0,-0.39
07:36:21,"[186.29, 34]","[182.11, 172]","[187.92, 76]","[188.97, 68]",187.11,350,1.63,0.18
07:36:22,"[182.35, 68]","[181.94, 86]","[186.33, 36]","[212.64, 44]",184.34,234,3.98,0.32
07:36:23,"[182.22, 73]","[181.93, 115]","[184.0, 22]","[401.0, 18]",183.11,228,1.78,0.65
07:36:24,"[182.13, 102]","[181.45, 40]","[315.37, 27]","[432.74, 27]",248.75,196,133.24,0.45
07:36:25,"[188.0, 24]","[182.19, 96]","[277.54, 56]","[278.6, 40]",232.77,216,89.54,0.11
07:36:26,"[188.0, 22]","[185.0, 33]","[275.91, 55]","[277.0, 33]",231.95,143,87.91,-0.23
07:36:27,"[185.21, 28]","[182.07, 120]","[272.2, 66]","[273.21, 70]",228.71,284,86.98,0.04
07:36:28,"[185.0, 28]","[182.0, 126]","[267.57, 46]","[269.88, 66]",226.28,266,82.57,0.16
07:36:29,"[182.18, 51]","[181.59, 29]","[263.34, 32]","[265.25, 32]",222.76,144,81.17,0.11
07:36:30,"[182.19, 31]","[181.41, 41]","[258.72, 58]","[260.27, 60]",220.46,190,76.53,-0.24
07:36:31,"[182.0, 18]","[181.0, 18]","[254.73, 41]","[256.12, 49]",218.37,126,72.73,-0.43
07:36:32,"[182.0, 22]","[181.0, 22]","[248.81, 47]","[249.57, 53]",215.4,144,66.81,-0.39
07:36:33,"[164.12, 8]","[59.4, 10]","[245.47, 36]","[247.36, 28]",204.8,82,81.35,-0.56
07:36:34,"[143.18, 11]","[78.72, 25]","[243.81, 53]","[245.03, 39]",193.5,128,100.63,-0.44
07:36:35,"[161.76, 37]","[141.06, 16]","[220.13, 70]","[238.25, 80]",190.94,203,58.37,-0.48
07:36:36,"[161.09, 115]","[158.68, 28]","[176.13, 75]","[178.0, 45]",168.61,263,15.05,0.09
07:36:37,"[168.4, 80]","[152.41, 22]","[175.0, 40]","[178.0, 30]",171.7,172,6.6,0.19
07:36:38,"[170.09, 97]","[150.7, 27]","[175.0, 48]","[177.46, 46]",172.55,218,4.91,0.14
07:36:39,"[167.43, 100]","[157.43, 44]","[174.69, 58]","[177.0, 51]",171.06,253,7.26,0.14
07:36:40,"[145.28, 25]","[139.64, 22]","[175.0, 28]","[178.0, 21]",160.14,96,29.72,-0.02
07:36:41,"[157.0, 56]","[141.6, 35]","[176.87, 30]","[179.0, 36]",166.93,157,19.87,0.16
07:36:42,"[160.83, 65]","[159.67, 55]","[174.52, 25]","[177.35, 17]",167.68,162,13.69,0.48
07:36:43,"[165.0, 52]","[162.77, 52]","[176.06, 34]","[177.63, 19]",170.53,157,11.06,0.32
07:36:44,"[167.91, 35]","[165.98, 41]","[174.49, 49]","[175.46, 26]",171.2,151,6.58,0.01
07:36:45,"[172.08, 39]","[170.95, 39]","[174.44, 36]","[175.48, 21]",173.26,135,2.37,0.16
07:36:46,"[172.3, 43]","[171.35, 62]","[174.47, 32]","[177.59, 17]",173.39,154,2.17,0.36
07:36:47,"[176.17, 72]","[166.33, 54]","[199.15, 20]","[292.56, 39]",187.66,185,22.98,0.36
07:36:48,"[178.07, 56]","[171.67, 90]","[290.23, 22]","[348.49, 53]",234.15,221,112.16,0.32
07:36:49,"[183.3, 66]","[180.62, 42]","[288.91, 11]","[350.45, 44]",236.11,163,105.61,0.33
07:36:50,"[186.15, 96]","[185.7, 120]","[287.25, 12]","[351.33, 48]",236.7,276,101.1,0.57
07:36:51,"[188.0, 22]","[186.0, 154]","[274.52, 29]","[388.04, 27]",231.26,232,86.52,0.52
07:36:52,"[189.68, 25]","[188.98, 116]","[286.0, 12]","[519.84, 45]",237.84,198,96.32,0.42
07:36:53,"[191.0, 12]","[189.0, 132]","[263.33, 18]","[286.0, 42]",227.17,204,72.33,0.41
07:36:54,"[189.15, 68]","[188.89, 62]","[254.0, 12]","[285.33, 48]",221.57,190,64.85,0.37
07:36:55,"[189.0, 90]","[188.0, 10]","[254.0, 10]","[375.65, 31]",221.5,141,65.0,0.42
07:36:56,"[189.0, 117]","[188.0, 39]","[251.62, 13]","[362.92, 52]",220.31,221,62.62,0.41
07:36:57,"[189.0, 108]","[188.0, 168]","[233.61, 36]","[309.28, 18]",211.31,330,44.61,0.67
07:36:58,"[189.0, 117]","[188.0, 182]","[211.12, 49]","[215.23, 43]",200.06,391,22.12,0.53
07:36:59,"[189.0, 64]","[188.0, 112]","[205.45, 11]","[209.93, 29]",197.23,216,16.45,0.63
07:37:00,"[188.41, 123]","[187.08, 182]","[206.08, 25]","[209.2, 40]",197.25,370,17.67,0.65
07:37:01,"[188.0, 148]","[186.0, 182]","[203.44, 41]","[204.4, 40]",195.72,411,15.44,0.61
07:37:02,"[188.0, 130]","[186.0, 182]","[200.07, 15]","[201.24, 37]",194.03,364,12.07,0.71
07:37:03,"[188.0, 110]","[186.0, 154]","[198.65, 34]","[339.22, 27]",193.32,325,10.65,0.62
07:37:04,"[188.0, 100]","[186.0, 140]","[198.0, 22]","[198.86, 28]",193.0,290,10.0,0.66
07:37:05,"[188.0, 110]","[186.0, 154]","[193.97, 31]","[194.77, 13]",190.98,308,5.97,0.71
07:37:06,"[188.0, 167]","[186.0, 154]","[190.72, 29]","[192.04, 25]",189.36,375,2.72,0.71
07:37:07,"[188.0, 134]","[186.0, 154]","[189.27, 33]","[190.27, 33]",188.64,354,1.27,0.63
07:37:08,"[188.0, 77]","[185.6, 139]","[267.45, 29]","[301.21, 29]",227.72,274,79.45,0.58
07:37:09,"[188.0, 70]","[185.0, 110]","[527.67, 39]","[659.77, 44]",357.83,263,339.67,0.37
07:37:10,"[188.39, 23]","[187.77, 71]","[484.09, 32]","[578.25, 53]",336.24,179,295.7,0.05
07:37:11,"[189.0, 9]","[188.0, 63]","[196.0, 27]","[403.0, 18]",192.5,117,7.0,0.23
07:37:12,"[189.0, 8]","[187.49, 47]","[195.06, 17]","[222.56, 25]",192.03,97,6.06,0.13
07:37:13,"[189.0, 9]","[186.89, 36]","[193.11, 18]","[196.0, 27]",191.06,90,4.11,0.0
07:37:14,"[189.0, 11]","[188.0, 44]","[191.18, 22]","[247.02, 49]",190.09,126,2.18,-0.13
07:37:15,"[187.42, 38]","[186.1, 51]","[189.91, 22]","[296.09, 55]",188.67,166,2.49,0.07
07:37:16,"[187.16, 19]","[185.48, 42]","[189.0, 12]","[427.0, 35]",188.08,108,1.84,0.13
07:37:17,"[186.0, 40]","[185.0, 110]","[188.3, 10]","[274.78, 18]",187.15,178,2.3,0.69
07:37:18,"[185.11, 74]","[184.79, 28]","[187.75, 8]","[188.75, 8]",186.43,118,2.64,0.73
07:37:19,"[185.0, 137]","[184.0, 13]","[186.23, 13]","[187.23, 13]",185.62,176,1.23,0.7
07:37:20,"[185.0, 25]","[184.0, 7]","[186.43, 7]","[351.21, 19]",185.71,58,1.43,0.1
07:37:21,"[185.0, 21]","[184.0, 7]","[285.18, 11]","[422.39, 33]",235.09,72,100.18,-0.22
07:37:22,"[187.74, 19]","[184.91, 23]","[353.7, 37]","[541.73, 33]",270.72,112,165.97,-0.25
07:37:23,"[189.0, 31]","[185.0, 24]","[251.0, 24]","[606.0, 24]",220.0,103,62.0,0.07
07:37:24,"[189.0, 20]","[185.0, 15]","[425.0, 15]","[559.41, 17]",307.0,67,236.0,0.04
07:37:25,"[185.0, 22]","[184.0, 11]","[245.27, 33]","[495.0, 33]",215.14,99,60.27,-0.33
07:37:26,"[184.11, 18]","[183.43, 7]","[251.14, 21]","[340.0, 21]",217.63,67,67.03,-0.25
07:37:27,"[183.0, 30]","[182.0, 6]","[297.33, 18]","[340.0, 18]",240.17,72,114.33,0.0
07:37:28,"[183.0, 36]","[182.0, 5]","[458.8, 15]","[756.0, 15]",320.9,71,275.8,0.15
07:37:29,"[183.0, 21]","[182.0, 3]","[264.0, 9]","[756.0, 9]",223.5,42,81.0,0.14
07:37:30,"[183.0, 41]","[182.0, 8]","[571.5, 24]","[756.0, 9]",377.25,82,388.5,0.2
07:37:31,"[183.0, 32]","[182.0, 8]","[579.38, 24]","[0, 0]",381.19,64,396.38,0.25
07:37:32,"[185.75, 8]","[183.4, 10]","[639.0, 12]","[0, 0]",412.38,30,453.25,0.2
07:37:33,"[188.5, 24]","[184.92, 26]","[637.43, 35]","[638.5, 30]",412.96,115,448.93,-0.13
07:37:34,"[188.0, 36]","[183.0, 48]","[610.33, 46]","[616.48, 50]",399.16,180,422.33,-0.07
07:37:35,"[183.26, 116]","[182.42, 19]","[532.44, 45]","[570.86, 50]",357.85,230,349.19,0.17
07:37:36,"[184.95, 43]","[183.11, 36]","[293.13, 23]","[302.47, 19]",239.04,121,108.18,0.31
07:37:37,"[184.2, 45]","[183.01, 153]","[259.53, 30]","[260.76, 45]",221.87,273,75.33,0.45
07:37:38,"[183.04, 106]","[182.77, 39]","[254.34, 29]","[256.2, 15]",218.69,189,71.31,0.53
07:37:39,"[183.55, 49]","[182.89, 45]","[250.29, 28]","[252.17, 18]",216.92,140,66.73,0.34
07:37:40,"[186.0, 11]","[183.0, 88]","[217.39, 31]","[233.09, 32]",201.69,162,31.39,0.22
07:37:41,"[186.0, 15]","[183.21, 112]","[212.78, 41]","[214.21, 43]",199.39,211,26.78,0.2
07:37:42,"[186.0, 12]","[184.0, 72]","[208.72, 40]","[209.89, 27]",197.36,151,22.72,0.11
07:37:43,"[185.28, 50]","[183.6, 100]","[205.47, 36]","[206.39, 31]",195.38,217,20.19,0.38
07:37:44,"[183.05, 56]","[182.42, 19]","[201.4, 25]","[204.03, 31]",192.23,131,18.35,0.15
07:37:45,"[183.86, 37]","[182.99, 81]","[196.28, 47]","[196.93, 41]",190.07,206,12.41,0.15
07:37:46,"[183.19, 63]","[182.73, 41]","[188.72, 47]","[190.28, 40]",185.96,191,5.53,0.09
07:37:47,"[177.07, 28]","[141.35, 20]","[183.96, 28]","[186.0, 14]",180.52,90,6.89,0.07
07:37:48,"[174.0, 33]","[82.0, 15]","[180.3, 23]","[182.15, 26]",177.15,97,6.3,-0.01
07:37:49,"[162.8, 15]","[118.0, 25]","[180.0, 25]","[181.0, 15]",171.4,80,17.2,0.0
07:37:50,"[146.57, 35]","[128.5, 40]","[179.16, 19]","[179.65, 23]",162.86,117,32.59,0.28
07:37:51,"[147.0, 40]","[146.0, 30]","[176.56, 18]","[178.17, 12]",161.78,100,29.56,0.4
07:37:52,"[155.0, 36]","[146.8, 46]","[177.0, 20]","[180.84, 19]",166.0,121,22.0,0.36
07:37:53,"[148.0, 44]","[94.38, 29]","[176.76, 29]","[187.76, 17]",162.38,119,28.76,0.23
07:37:54,"[150.78, 36]","[82.57, 21]","[181.0, 18]","[409.77, 26]",165.89,101,30.22,0.13
07:37:55,"[152.06, 49]","[148.28, 29]","[180.79, 29]","[396.62, 52]",166.43,159,28.73,-0.02
07:37:56,"[154.0, 52]","[141.93, 43]","[180.15, 26]","[220.38, 26]",167.08,147,26.15,0.29
07:37:57,"[155.56, 54]","[139.85, 41]","[308.43, 28]","[428.43, 28]",231.99,151,152.87,0.26
07:37:58,"[188.0, 30]","[159.09, 66]","[305.39, 33]","[366.75, 48]",246.7,177,117.39,0.08
07:37:59,"[188.0, 22]","[165.6, 45]","[253.91, 22]","[342.64, 22]",220.95,111,65.91,0.21
07:38:00,"[184.78, 27]","[171.42, 33]","[252.5, 20]","[285.6, 20]",218.64,100,67.72,0.2
07:38:01,"[187.4, 72]","[185.93, 92]","[249.94, 34]","[260.33, 24]",218.67,222,62.54,0.48
07:38:02,"[188.09, 44]","[186.24, 82]","[248.14, 28]","[249.5, 32]",218.12,186,60.05,0.35
07:38:03,"[188.77, 26]","[187.47, 68]","[243.42, 48]","[246.0, 24]",216.09,166,54.65,0.13
07:38:04,"[188.62, 48]","[185.69, 32]","[240.73, 60]","[241.9, 58]",214.68,198,52.11,-0.19
07:38:05,"[189.56, 27]","[186.0, 9]","[233.84, 37]","[235.22, 36]",211.7,109,44.28,-0.34
07:38:06,"[191.0, 33]","[186.0, 13]","[216.74, 47]","[220.62, 48]",203.87,141,25.74,-0.35
07:38:07,"[191.0, 10]","[186.0, 12]","[198.6, 40]","[199.43, 28]",194.8,90,7.6,-0.51
07:38:08,"[190.17, 12]","[185.95, 21]","[194.86, 42]","[196.38, 42]",192.51,117,4.69,-0.44
07:38:09,"[186.0, 22]","[185.0, 11]","[188.85, 34]","[190.37, 46]",187.43,113,2.85,-0.42
07:38:10,"[184.44, 18]","[182.74, 23]","[186.64, 28]","[187.85, 39]",185.54,108,2.2,-0.24
07:38:11,"[182.75, 24]","[173.56, 48]","[184.06, 32]","[187.2, 30]",183.41,134,1.31,0.07
07:38:12,"[183.95, 44]","[126.35, 62]","[189.76, 21]","[215.06, 31]",186.86,158,5.81,0.34
07:38:13,"[189.0, 69]","[182.35, 23]","[190.08, 13]","[191.87, 23]",189.54,128,1.08,0.44
07:38:14,"[189.0, 42]","[183.0, 10]","[191.11, 18]","[238.0, 12]",190.06,82,2.11,0.27
07:38:15,"[187.3, 37]","[152.32, 22]","[190.4, 20]","[261.0, 10]",188.85,89,3.1,0.33
07:38:16,"[168.86, 14]","[154.53, 36]","[190.0, 16]","[261.0, 8]",179.43,74,21.14,0.35
07:38:17,"[183.89, 19]","[142.03, 39]","[190.0, 18]","[274.44, 9]",186.95,85,6.11,0.36
07:38:18,"[182.0, 12]","[108.5, 20]","[190.0, 8]","[326.25, 12]",186.0,52,8.0,0.23
07:38:19,"[182.5, 24]","[139.37, 38]","[188.5, 20]","[267.33, 30]",185.5,112,6.0,0.11
07:38:20,"[184.05, 19]","[182.14, 29]","[188.0, 20]","[250.75, 28]",186.03,96,3.95,0.0
07:38:21,"[182.44, 27]","[162.21, 29]","[187.33, 27]","[254.53, 49]",184.89,132,4.89,-0.15
07:38:22,"[184.35, 17]","[182.1, 41]","[186.68, 25]","[381.86, 35]",185.52,118,2.33,-0.02
07:38:23,"[186.0, 18]","[184.0, 9]","[187.0, 9]","[246.63, 41]",186.5,77,1.0,-0.3
07:38:24,"[186.0, 16]","[184.0, 11]","[189.57, 35]","[257.55, 31]",187.79,93,3.57,-0.42
07:38:25,"[186.0, 9]","[184.5, 12]","[317.56, 27]","[522.2, 10]",251.78,58,131.56,-0.28
07:38:26,"[185.5, 12]","[183.0, 10]","[431.62, 16]","[528.0, 8]",308.56,46,246.12,-0.04
07:38:27,"[188.0, 9]","[182.0, 15]","[309.75, 16]","[429.71, 7]",248.88,47,121.75,0.02
07:38:28,"[183.2, 10]","[164.4, 30]","[275.76, 34]","[309.75, 32]",229.48,106,92.56,-0.25
07:38:29,"[180.2, 10]","[157.39, 28]","[325.33, 45]","[410.44, 18]",252.77,101,145.13,-0.25
07:38:30,"[181.0, 22]","[180.0, 11]","[397.65, 46]","[420.02, 41]",289.33,120,216.65,-0.45
07:38:31,"[169.44, 36]","[156.59, 27]","[277.39, 64]","[297.5, 70]",223.42,197,107.95,-0.36
07:38:32,"[177.0, 15]","[130.96, 23]","[267.88, 34]","[268.93, 43]",222.44,115,90.88,-0.34
07:38:33,"[189.0, 6]","[148.14, 7]","[266.14, 29]","[267.13, 23]",227.57,65,77.14,-0.6
07:38:34,"[190.11, 9]","[189.0, 9]","[265.34, 41]","[266.47, 38]",227.73,97,75.23,-0.63
07:38:35,"[167.69, 13]","[146.33, 18]","[258.87, 38]","[264.61, 49]",213.28,118,91.18,-0.47
07:38:36,"[163.83, 12]","[128.55, 22]","[174.0, 16]","[192.62, 26]",168.92,76,10.17,-0.11
07:38:37,"[168.94, 32]","[147.38, 26]","[173.8, 30]","[174.93, 30]",171.37,118,4.86,-0.02
07:38:38,"[138.8, 10]","[119.79, 84]","[175.0, 24]","[176.0, 10]",156.9,128,36.2,0.47
07:38:39,"[127.24, 21]","[90.0, 67]","[175.37, 19]","[176.88, 32]",151.3,139,48.13,0.27
07:38:40,"[128.86, 14]","[7.0, 63]","[180.74, 19]","[334.62, 26]",154.8,122,51.88,0.26
07:38:41,"[132.3, 23]","[123.67, 27]","[179.8, 25]","[313.75, 40]",156.05,115,47.5,-0.13
07:38:42,"[131.55, 47]","[130.71, 41]","[317.41, 51]","[439.16, 57]",224.48,196,185.86,-0.1
07:38:43,"[145.32, 44]","[144.23, 35]","[190.07, 29]","[283.21, 47]",167.69,155,44.75,0.02
07:38:44,"[149.0, 18]","[148.0, 18]","[173.0, 18]","[175.0, 18]",161.0,72,24.0,0.0
07:38:45,"[153.25, 65]","[152.4, 47]","[173.0, 18]","[175.0, 32]",163.12,162,19.75,0.38
07:38:46,"[156.75, 59]","[155.75, 32]","[173.0, 13]","[175.0, 26]",164.87,130,16.25,0.4
07:38:47,"[158.56, 32]","[156.92, 24]","[176.82, 34]","[176.55, 22]",167.69,112,18.26,0.0
07:38:48,"[160.0, 14]","[159.0, 21]","[177.0, 35]","[178.0, 21]",168.5,91,17.0,-0.23
07:38:49,"[160.8, 20]","[159.44, 27]","[175.29, 41]","[177.39, 23]",168.05,111,14.49,-0.15
07:38:50,"[162.0, 6]","[161.0, 6]","[175.0, 15]","[177.0, 6]",168.5,33,13.0,-0.27
07:38:51,"[164.37, 27]","[162.4, 20]","[175.0, 50]","[177.0, 20]",169.69,117,10.63,-0.2
07:38:52,"[167.09, 44]","[166.0, 46]","[177.0, 18]","[178.0, 54]",172.05,162,9.91,0.11
07:38:53,"[171.65, 23]","[169.0, 27]","[178.27, 11]","[474.77, 30]",174.96,91,6.62,0.1
07:38:54,"[174.03, 29]","[172.86, 21]","[176.71, 14]","[446.55, 22]",175.37,86,2.68,0.16
07:38:55,"[175.33, 27]","[173.0, 18]","[179.0, 9]","[246.07, 28]",177.17,82,3.67,0.1
07:38:56,"[176.57, 21]","[175.25, 24]","[179.0, 9]","[217.23, 31]",177.79,85,2.43,0.06
07:38:57,"[178.62, 13]","[177.1, 20]","[215.0, 21]","[333.0, 21]",196.81,75,36.38,-0.12
07:38:58,"[181.11, 28]","[168.33, 18]","[220.23, 52]","[374.42, 31]",200.67,129,39.12,-0.29
07:38:59,"[184.6, 15]","[182.56, 9]","[220.0, 45]","[464.11, 18]",202.3,87,35.4,-0.45
07:39:00,"[183.0, 7]","[182.0, 7]","[218.14, 35]","[615.9, 20]",200.57,69,35.14,-0.59
07:39:01,"[185.4, 15]","[182.44, 9]","[215.71, 35]","[527.67, 27]",200.56,86,30.31,-0.44
07:39:02,"[187.55, 66]","[185.58, 38]","[213.22, 78]","[291.86, 70]",200.38,252,25.67,-0.17
07:39:03,"[189.0, 66]","[186.0, 33]","[210.44, 41]","[211.89, 47]",199.72,187,21.44,0.06
07:39:04,"[189.0, 48]","[186.0, 24]","[205.6, 30]","[207.03, 34]",197.3,136,16.6,0.06
07:39:05,"[189.0, 66]","[186.0, 33]","[202.55, 55]","[249.5, 32]",195.77,186,13.55,0.06
07:39:06,"[189.0, 72]","[186.0, 39]","[200.23, 65]","[391.22, 36]",194.62,212,11.23,0.05
07:39:07,"[189.0, 30]","[186.0, 18]","[198.96, 26]","[427.38, 21]",193.98,95,9.96,0.01
07:39:08,"[189.0, 35]","[186.0, 21]","[196.71, 7]","[199.0, 51]",192.86,114,7.71,-0.02
07:39:09,"[189.0, 55]","[186.0, 33]","[195.47, 19]","[215.79, 47]",192.24,154,6.47,0.14
07:39:10,"[189.0, 50]","[186.0, 30]","[195.37, 19]","[243.03, 37]",192.18,136,6.37,0.18
07:39:11,"[189.03, 36]","[186.58, 26]","[193.08, 26]","[194.57, 14]",191.05,102,4.05,0.22
07:39:12,"[190.85, 13]","[189.0, 65]","[193.0, 52]","[194.0, 13]",191.92,143,2.15,0.09
07:39:13,"[189.0, 56]","[185.0, 98]","[191.29, 56]","[194.0, 14]",190.14,224,2.29,0.38
07:39:14,"[185.37, 65]","[184.24, 59]","[192.12, 17]","[301.66, 47]",188.74,188,6.75,0.32
07:39:15,"[185.17, 70]","[184.11, 62]","[191.5, 18]","[203.46, 24]",188.34,174,6.33,0.52
07:39:16,"[186.0, 20]","[184.17, 12]","[189.5, 24]","[191.0, 12]",187.75,68,3.5,-0.06
07:39:17,"[184.0, 20]","[183.0, 10]","[188.71, 17]","[307.14, 29]",186.35,76,4.71,-0.21
07:39:18,"[184.96, 23]","[183.46, 13]","[189.0, 22]","[359.27, 55]",186.98,113,4.04,-0.36
07:39:19,"[186.64, 11]","[184.38, 16]","[199.81, 37]","[307.06, 52]",193.22,116,13.17,-0.53
07:39:20,"[185.0, 11]","[184.0, 22]","[205.0, 55]","[429.68, 53]",195.0,141,20.0,-0.53
07:39:21,"[183.14, 103]","[182.64, 44]","[292.02, 53]","[388.06, 53]",237.58,253,108.88,0.16
07:39:22,"[183.0, 192]","[182.0, 60]","[243.75, 12]","[244.94, 48]",213.38,312,60.75,0.62
07:39:23,"[183.0, 197]","[180.15, 65]","[220.27, 37]","[223.03, 33]",201.64,332,37.27,0.58
07:39:24,"[183.0, 61]","[180.92, 37]","[215.0, 11]","[217.0, 11]",199.0,120,32.0,0.63
07:39:25,"[183.62, 78]","[182.44, 54]","[213.98, 50]","[214.58, 26]",198.8,208,30.36,0.27
07:39:26,"[189.0, 28]","[183.0, 91]","[211.11, 18]","[212.95, 40]",200.06,177,22.11,0.34
07:39:27,"[189.0, 22]","[183.0, 77]","[208.18, 11]","[209.4, 15]",198.59,125,19.18,0.58
07:39:28,"[172.3, 40]","[174.59, 46]","[205.36, 28]","[206.93, 14]",188.83,128,33.06,0.34
07:39:29,"[161.0, 70]","[85.47, 57]","[203.91, 11]","[204.44, 9]",182.45,147,42.91,0.73
07:39:30,"[159.96, 99]","[93.36, 84]","[188.64, 28]","[190.59, 17]",174.3,228,28.68,0.61
07:39:31,"[99.71, 111]","[92.39, 93]","[175.34, 53]","[177.09, 33]",137.53,290,75.63,0.41
07:39:32,"[141.24, 76]","[128.25, 80]","[174.71, 70]","[175.55, 55]",157.98,281,33.48,0.11
07:39:33,"[148.18, 66]","[146.08, 98]","[173.27, 11]","[175.0, 55]",160.73,230,25.09,0.43
07:39:34,"[149.33, 36]","[146.0, 60]","[171.33, 6]","[175.0, 30]",160.33,132,22.0,0.45
07:39:35,"[151.3, 60]","[146.0, 100]","[173.46, 13]","[175.38, 40]",162.38,213,22.16,0.5
07:39:36,"[152.0, 54]","[100.29, 85]","[175.0, 9]","[176.0, 27]",163.5,175,23.0,0.59
07:39:37,"[152.45, 22]","[138.45, 44]","[175.0, 7]","[176.0, 21]",163.73,94,22.55,0.4
07:39:38,"[153.0, 14]","[152.0, 42]","[175.0, 7]","[176.0, 21]",164.0,84,22.0,0.33
07:39:39,"[153.9, 40]","[152.2, 49]","[176.0, 20]","[177.0, 10]",164.95,119,22.1,0.5
07:39:40,"[155.0, 48]","[153.0, 16]","[176.0, 16]","[177.0, 8]",165.5,88,21.0,0.45
07:39:41,"[156.0, 26]","[154.96, 46]","[230.44, 18]","[415.2, 15]",193.22,105,74.44,0.37
07:39:42,"[165.65, 49]","[160.57, 28]","[405.64, 14]","[571.33, 46]",285.65,137,239.99,0.12
07:39:43,"[186.76, 51]","[184.88, 33]","[404.56, 45]","[406.0, 9]",295.66,138,217.79,0.22
07:39:44,"[188.0, 74]","[185.0, 55]","[402.79, 29]","[403.35, 31]",295.4,189,214.79,0.37
07:39:45,"[188.23, 130]","[185.86, 70]","[400.4, 40]","[401.86, 35]",294.32,275,212.17,0.45
07:39:46,"[189.26, 46]","[188.0, 44]","[385.58, 43]","[400.07, 29]",287.42,162,196.32,0.11
07:39:47,"[190.67, 24]","[188.0, 48]","[279.49, 39]","[300.89, 56]",235.08,167,88.82,-0.14
07:39:48,"[190.18, 22]","[187.68, 38]","[216.58, 31]","[239.36, 42]",203.38,133,26.4,-0.1
07:39:49,"[188.0, 44]","[186.0, 24]","[192.15, 33]","[193.4, 30]",190.08,131,4.15,0.04
07:39:50,"[188.0, 40]","[186.0, 20]","[190.37, 35]","[191.14, 42]",189.19,137,2.37,-0.12
07:39:51,"[188.0, 28]","[186.0, 18]","[189.55, 22]","[227.79, 19]",188.77,87,1.55,0.06
07:39:52,"[188.0, 26]","[186.0, 26]","[190.0, 39]","[361.69, 13]",189.0,104,2.0,0.0
07:39:53,"[187.82, 22]","[185.8, 25]","[203.94, 34]","[342.69, 32]",195.88,113,16.12,-0.17
07:39:54,"[185.57, 35]","[184.85, 59]","[242.9, 31]","[272.14, 56]",214.24,181,57.33,0.04
07:39:55,"[185.0, 40]","[184.0, 24]","[186.0, 16]","[187.0, 8]",185.5,88,1.0,0.45
07:39:56,"[185.91, 47]","[183.65, 52]","[224.62, 26]","[407.85, 52]",205.27,177,38.7,0.12
07:39:57,"[184.36, 33]","[183.12, 72]","[271.46, 35]","[440.69, 36]",227.91,176,87.09,0.19
07:39:58,"[185.4, 40]","[184.0, 30]","[290.5, 32]","[595.89, 38]",237.95,140,105.1,0.0
07:39:59,"[186.0, 40]","[184.0, 30]","[407.53, 38]","[417.67, 24]",296.76,132,221.53,0.06
07:40:00,"[186.75, 24]","[185.85, 39]","[355.57, 42]","[388.23, 31]",271.16,136,168.82,-0.07
07:40:01,"[183.35, 69]","[182.49, 37]","[354.1, 40]","[664.34, 41]",268.72,187,170.75,0.13
07:40:02,"[183.08, 74]","[182.22, 41]","[353.0, 36]","[681.0, 45]",268.04,196,169.92,0.17
07:40:03,"[183.82, 22]","[182.77, 35]","[256.33, 24]","[431.1, 21]",220.08,102,72.52,0.12
07:40:04,"[188.0, 26]","[183.0, 104]","[235.64, 53]","[374.73, 49]",211.82,232,47.64,0.12
07:40:05,"[184.72, 32]","[182.86, 84]","[232.64, 39]","[233.65, 43]",208.68,198,47.92,0.17
07:40:06,"[188.0, 174]","[183.0, 91]","[227.98, 41]","[229.36, 50]",207.99,356,39.98,0.49
07:40:07,"[188.0, 135]","[183.0, 63]","[227.0, 27]","[229.0, 36]",207.5,261,39.0,0.52
07:40:08,"[188.0, 170]","[183.0, 84]","[224.5, 34]","[226.61, 38]",206.25,326,36.5,0.56
07:40:09,"[188.0, 130]","[183.55, 87]","[219.75, 40]","[221.61, 36]",203.88,293,31.75,0.48
07:40:10,"[188.0, 106]","[185.0, 78]","[214.79, 48]","[216.12, 51]",201.4,283,26.79,0.3
07:40:11,"[188.0, 112]","[185.0, 96]","[201.45, 62]","[201.27, 56]",194.73,326,13.45,0.28
07:40:12,"[188.0, 63]","[185.0, 54]","[191.0, 27]","[193.0, 45]",189.5,189,3.0,0.24
07:40:13,"[188.0, 90]","[185.12, 75]","[189.43, 56]","[191.88, 56]",188.71,277,1.43,0.19
07:40:14,"[186.36, 33]","[185.1, 60]","[188.85, 27]","[191.09, 22]",187.61,142,2.49,0.31
07:40:15,"[185.03, 61]","[183.79, 38]","[186.64, 11]","[188.0, 22]",185.83,132,1.6,0.5
07:40:16,"[185.0, 50]","[184.0, 24]","[186.0, 12]","[208.53, 19]",185.5,105,1.0,0.41
07:40:17,"[185.0, 20]","[184.0, 18]","[251.38, 13]","[281.65, 23]",218.19,74,66.38,0.03
07:40:18,"[183.05, 83]","[182.14, 29]","[210.88, 24]","[282.15, 13]",196.96,149,27.83,0.5
07:40:19,"[183.59, 95]","[182.91, 100]","[242.25, 28]","[355.09, 22]",212.92,245,58.66,0.59
07:40:20,"[186.75, 51]","[183.0, 143]","[263.62, 40]","[288.07, 27]",225.19,261,76.88,0.49
07:40:21,"[184.26, 34]","[182.95, 110]","[225.0, 30]","[299.88, 17]",204.63,191,40.74,0.51
07:40:22,"[186.11, 81]","[182.9, 87]","[203.0, 18]","[225.0, 27]",194.56,213,16.89,0.58
07:40:23,"[189.0, 70]","[185.76, 58]","[231.92, 24]","[279.84, 32]",210.46,184,42.92,0.39
07:40:24,"[189.0, 49]","[188.0, 28]","[243.0, 28]","[249.4, 15]",216.0,120,54.0,0.28
07:40:25,"[189.0, 91]","[188.0, 52]","[221.18, 45]","[309.35, 52]",205.09,240,32.18,0.19
07:40:26,"[189.0, 70]","[188.0, 40]","[213.89, 38]","[360.68, 31]",201.45,179,24.89,0.23
07:40:27,"[189.0, 119]","[188.0, 68]","[210.22, 36]","[211.15, 66]",199.61,289,21.22,0.29
07:40:28,"[189.25, 71]","[188.14, 42]","[209.67, 24]","[211.0, 48]",199.46,185,20.41,0.22
07:40:29,"[190.33, 21]","[189.0, 22]","[207.73, 22]","[211.0, 44]",199.03,109,17.39,-0.21
07:40:30,"[189.55, 22]","[187.4, 60]","[206.0, 28]","[211.0, 56]",197.77,166,16.45,-0.01
07:40:31,"[189.0, 14]","[186.0, 28]","[204.33, 24]","[205.09, 22]",196.67,88,15.33,-0.05
07:40:32,"[189.0, 26]","[186.27, 37]","[201.54, 52]","[202.67, 60]",195.27,175,12.54,-0.28
07:40:33,"[187.42, 38]","[185.79, 34]","[198.83, 48]","[201.14, 56]",193.13,176,11.41,-0.18
07:40:34,"[186.0, 44]","[185.0, 55]","[195.0, 30]","[196.92, 26]",190.5,155,9.0,0.28
07:40:35,"[186.0, 240]","[185.0, 80]","[191.95, 42]","[192.93, 54]",188.98,416,5.95,0.54
07:40:36,"[186.0, 157]","[185.0, 65]","[187.15, 26]","[189.63, 38]",186.58,286,1.15,0.55
07:40:37,"[186.0, 64]","[185.0, 60]","[189.09, 44]","[206.78, 36]",187.55,204,3.09,0.22
07:40:38,"[185.75, 60]","[184.75, 60]","[188.0, 15]","[411.9, 20]",186.88,155,2.25,0.55
07:40:39,"[185.0, 50]","[184.0, 50]","[187.1, 10]","[467.53, 43]",186.05,153,2.1,0.31
07:40:40,"[185.0, 40]","[184.0, 40]","[186.88, 8]","[364.9, 31]",185.94,119,1.88,0.34
07:40:41,"[185.0, 33]","[183.7, 79]","[186.0, 13]","[248.17, 58]",185.5,183,1.0,0.22
07:40:42,"[183.04, 90]","[181.81, 32]","[185.14, 28]","[210.72, 25]",184.09,175,2.1,0.39
07:40:43,"[183.41, 118]","[182.69, 32]","[213.19, 37]","[249.83, 36]",198.3,223,29.78,0.35
07:40:44,"[189.0, 24]","[183.31, 16]","[273.0, 24]","[316.0, 6]",231.0,70,84.0,0.14
07:40:45,"[189.0, 24]","[184.0, 6]","[265.23, 22]","[287.33, 12]",227.11,64,76.23,-0.06
07:40:46,"[184.3, 54]","[182.94, 67]","[303.71, 14]","[409.66, 41]",244.01,176,119.42,0.38
07:40:47,"[188.0, 12]","[183.0, 54]","[293.5, 10]","[369.33, 21]",240.75,97,105.5,0.36
07:40:48,"[188.0, 32]","[183.0, 144]","[299.23, 71]","[472.24, 54]",243.61,301,111.23,0.17
07:40:49,"[188.0, 26]","[183.0, 117]","[325.49, 49]","[375.02, 52]",256.74,244,137.49,0.17
07:40:50,"[188.0, 26]","[184.67, 81]","[311.71, 58]","[324.68, 53]",249.85,218,123.71,-0.02
07:40:51,"[187.27, 22]","[184.98, 53]","[298.0, 36]","[324.0, 45]",242.64,156,110.73,-0.04
07:40:52,"[183.35, 69]","[182.19, 63]","[296.33, 63]","[301.25, 52]",239.84,247,112.99,0.07
07:40:53,"[185.0, 25]","[183.0, 39]","[293.67, 39]","[301.28, 39]",239.33,142,108.67,-0.1
07:40:54,"[185.0, 13]","[183.0, 65]","[248.76, 21]","[268.89, 61]",216.88,160,63.76,-0.03
07:40:55,"[185.0, 9]","[183.0, 45]","[231.81, 21]","[241.03, 33]",208.4,108,46.81,0.0
07:40:56,"[185.0, 12]","[183.0, 60]","[228.14, 44]","[230.14, 28]",206.57,144,43.14,0.0
07:40:57,"[184.5, 12]","[182.83, 54]","[225.1, 50]","[228.0, 30]",204.8,146,40.6,-0.1
07:40:58,"[187.14, 29]","[182.31, 39]","[222.87, 23]","[225.22, 27]",205.0,118,35.73,0.15
07:40:59,"[189.0, 34]","[183.0, 31]","[219.79, 19]","[222.87, 47]",204.39,131,30.79,-0.01
07:41:00,"[185.0, 45]","[182.74, 68]","[219.0, 60]","[220.0, 12]",202.0,185,34.0,0.22
07:41:01,"[183.0, 120]","[182.0, 72]","[217.31, 16]","[217.44, 32]",200.16,240,34.31,0.6
07:41:02,"[183.31, 128]","[182.62, 115]","[210.74, 72]","[211.92, 60]",197.02,375,27.42,0.3
07:41:03,"[188.0, 11]","[184.83, 48]","[207.73, 55]","[209.0, 11]",197.86,125,19.73,-0.06
07:41:04,"[186.22, 45]","[184.88, 57]","[205.42, 53]","[205.89, 53]",195.82,208,19.19,-0.02
07:41:05,"[186.0, 35]","[184.0, 28]","[203.21, 19]","[204.87, 23]",194.61,105,17.21,0.2
07:41:06,"[186.0, 75]","[184.0, 60]","[201.27, 75]","[204.0, 15]",193.63,225,15.27,0.2
07:41:07,"[185.17, 58]","[183.24, 134]","[198.85, 34]","[199.5, 50]",192.01,276,13.68,0.39
07:41:08,"[186.0, 21]","[184.0, 28]","[194.84, 19]","[197.3, 27]",190.42,95,8.84,0.03
07:41:09,"[187.8, 71]","[184.57, 28]","[191.11, 45]","[193.22, 45]",189.46,189,3.31,0.05
07:41:10,"[188.0, 47]","[185.86, 14]","[189.0, 70]","[280.62, 24]",188.5,155,1.0,-0.21
07:41:11,"[187.33, 18]","[184.36, 25]","[280.02, 53]","[509.53, 45]",233.68,141,92.69,-0.39
07:41:12,"[184.75, 16]","[183.67, 18]","[445.87, 31]","[473.33, 30]",315.31,95,261.12,-0.28
07:41:13,"[184.14, 28]","[182.62, 52]","[379.31, 35]","[422.84, 38]",281.73,153,195.17,0.05
07:41:14,"[184.22, 27]","[182.73, 33]","[329.47, 30]","[335.72, 29]",256.84,119,145.24,0.01
07:41:15,"[184.14, 35]","[181.41, 61]","[251.33, 24]","[343.25, 32]",217.74,152,67.19,0.26
07:41:16,"[182.0, 72]","[176.0, 90]","[488.82, 17]","[598.48, 33]",335.41,212,306.82,0.53
07:41:17,"[187.25, 64]","[180.97, 116]","[209.96, 50]","[236.2, 20]",198.61,250,22.71,0.44
07:41:18,"[189.0, 56]","[182.0, 112]","[207.57, 56]","[274.0, 14]",198.29,238,18.57,0.41
07:41:19,"[189.0, 28]","[182.0, 56]","[204.8, 30]","[231.54, 13]",196.9,127,15.8,0.32
07:41:20,"[189.0, 24]","[182.0, 48]","[203.38, 29]","[204.6, 25]",196.19,126,14.38,0.14
07:41:21,"[189.0, 36]","[180.54, 41]","[201.62, 32]","[202.7, 40]",195.31,149,12.62,0.03
07:41:22,"[189.0, 84]","[182.0, 14]","[199.14, 56]","[201.0, 28]",194.07,182,10.14,0.08
07:41:23,"[189.02, 122]","[185.17, 30]","[193.04, 69]","[194.79, 78]",191.03,299,4.03,0.02
07:41:24,"[169.76, 34]","[170.45, 20]","[188.51, 41]","[263.84, 45]",179.14,140,18.75,-0.23
07:41:25,"[129.0, 120]","[115.47, 135]","[182.76, 29]","[184.62, 29]",155.88,313,53.76,0.63
07:41:26,"[129.01, 121]","[103.76, 74]","[177.18, 33]","[178.78, 27]",153.1,255,48.17,0.53
07:41:27,"[145.0, 36]","[94.87, 60]","[177.0, 49]","[178.0, 24]",161.0,169,32.0,0.14
07:41:28,"[139.85, 13]","[126.59, 29]","[175.19, 47]","[177.8, 15]",157.52,104,35.35,-0.19
07:41:29,"[184.67, 82]","[171.91, 35]","[253.06, 51]","[293.39, 41]",218.86,209,68.39,0.12
07:41:30,"[188.09, 11]","[186.0, 121]","[262.48, 50]","[388.92, 39]",225.29,221,74.39,0.19
07:41:31,"[190.6, 10]","[186.0, 110]","[259.38, 42]","[306.91, 46]",224.99,208,68.78,0.15
07:41:32,"[186.08, 121]","[183.64, 103]","[257.0, 44]","[260.02, 49]",221.54,317,70.92,0.41
07:41:33,"[186.0, 165]","[183.31, 32]","[256.5, 32]","[277.0, 40]",221.25,269,70.5,0.46
07:41:34,"[186.0, 126]","[183.0, 63]","[255.29, 28]","[277.0, 35]",220.64,252,69.29,0.5
07:41:35,"[187.5, 36]","[185.77, 117]","[246.44, 25]","[292.07, 30]",216.97,208,58.94,0.47
07:41:36,"[186.23, 117]","[184.5, 108]","[227.09, 33]","[248.27, 33]",206.66,291,40.86,0.55
07:41:37,"[186.0, 144]","[183.0, 72]","[232.33, 12]","[239.46, 26]",209.17,254,46.33,0.7
07:41:38,"[186.0, 206]","[184.54, 117]","[230.05, 42]","[231.75, 16]",208.02,381,44.05,0.7
07:41:39,"[186.0, 176]","[185.0, 110]","[229.91, 35]","[230.4, 20]",207.96,341,43.91,0.68
07:41:40,"[186.0, 144]","[185.0, 90]","[229.0, 9]","[230.0, 36]",207.5,279,43.0,0.68
07:41:41,"[186.0, 129]","[185.0, 90]","[227.17, 12]","[228.48, 33]",206.58,264,41.17,0.66
07:41:42,"[187.43, 77]","[185.86, 141]","[223.71, 42]","[224.48, 25]",205.57,285,36.29,0.53
07:41:43,"[188.0, 50]","[186.0, 110]","[207.23, 31]","[211.03, 40]",197.61,231,19.23,0.39
07:41:44,"[188.0, 39]","[186.0, 88]","[192.74, 19]","[194.61, 33]",190.37,179,4.74,0.42
07:41:45,"[186.21, 114]","[185.25, 133]","[191.0, 57]","[240.98, 55]",188.61,359,4.79,0.38
07:41:46,"[185.34, 104]","[184.64, 78]","[187.72, 46]","[194.87, 53]",186.53,281,2.38,0.3
07:41:47,"[185.0, 63]","[184.0, 28]","[187.17, 29]","[306.96, 27]",186.09,147,2.17,0.24
07:41:48,"[185.0, 120]","[184.0, 60]","[200.27, 59]","[248.91, 44]",192.64,283,15.27,0.27
07:41:49,"[185.0, 48]","[184.0, 32]","[246.89, 28]","[384.0, 24]",215.95,132,61.89,0.21
07:41:50,"[186.17, 36]","[185.43, 46]","[239.54, 65]","[246.31, 29]",212.85,176,53.37,-0.07
07:41:51,"[185.0, 68]","[184.0, 48]","[233.56, 45]","[236.87, 39]",209.28,200,48.56,0.16
07:41:52,"[186.5, 56]","[184.5, 56]","[230.13, 67]","[344.85, 48]",208.32,227,43.63,-0.01
07:41:53,"[188.0, 21]","[185.0, 48]","[227.67, 52]","[255.48, 46]",207.84,167,39.67,-0.17
07:41:54,"[188.0, 13]","[185.0, 82]","[226.85, 65]","[364.25, 16]",207.42,176,38.85,0.08
07:41:55,"[186.36, 22]","[185.12, 66]","[226.0, 50]","[234.0, 40]",206.18,178,39.64,-0.01
07:41:56,"[186.53, 45]","[185.19, 64]","[211.05, 58]","[216.25, 71]",198.79,238,24.52,-0.08
07:41:57,"[188.62, 48]","[187.0, 36]","[202.33, 60]","[207.14, 42]",195.48,186,13.71,-0.1
07:41:58,"[189.0, 45]","[188.0, 27]","[201.0, 45]","[270.0, 9]",195.0,126,12.0,0.14
07:41:59,"[189.0, 47]","[188.0, 36]","[200.92, 60]","[270.0, 12]",194.96,155,11.92,0.07
07:42:00,"[186.0, 24]","[185.0, 16]","[199.5, 40]","[260.07, 14]",192.75,94,13.5,-0.15
07:42:01,"[186.0, 30]","[185.0, 20]","[199.0, 50]","[329.56, 27]",192.5,127,13.0,-0.21
07:42:02,"[186.0, 33]","[185.0, 22]","[198.45, 55]","[207.95, 38]",192.23,148,12.45,-0.26
07:42:03,"[185.76, 34]","[183.97, 31]","[196.67, 60]","[198.0, 60]",191.22,185,10.9,-0.3
07:42:04,"[185.0, 11]","[184.0, 11]","[194.45, 55]","[196.18, 55]",189.73,132,9.45,-0.67
07:42:05,"[185.0, 12]","[184.0, 12]","[192.28, 46]","[262.33, 52]",188.64,122,7.28,-0.61
07:42:06,"[188.05, 21]","[184.62, 13]","[190.57, 47]","[192.58, 57]",189.31,138,2.53,-0.51
07:42:07,"[186.33, 12]","[184.2, 10]","[189.62, 26]","[211.57, 42]",187.97,90,3.28,-0.51
07:42:08,"[185.0, 8]","[184.0, 8]","[187.12, 16]","[188.94, 32]",186.06,64,2.12,-0.5
07:42:09,"[183.24, 50]","[182.46, 26]","[186.8, 10]","[306.21, 38]",185.02,124,3.56,0.23
07:42:10,"[183.83, 46]","[182.7, 37]","[186.0, 13]","[296.08, 13]",184.91,109,2.17,0.52
07:42:11,"[185.0, 48]","[184.0, 14]","[271.0, 18]","[358.2, 50]",228.0,130,86.0,-0.05
07:42:12,"[185.0, 21]","[184.0, 7]","[195.0, 35]","[351.0, 7]",190.0,70,10.0,-0.2
07:42:13,"[188.48, 46]","[184.94, 32]","[195.0, 60]","[420.75, 12]",191.74,150,6.52,0.04
07:42:14,"[189.0, 31]","[184.38, 32]","[453.84, 37]","[584.12, 17]",321.42,117,264.84,0.08
07:42:15,"[189.0, 55]","[184.0, 44]","[508.68, 19]","[675.36, 47]",348.84,165,319.68,0.2
07:42:16,"[189.0, 21]","[184.0, 28]","[305.47, 19]","[678.88, 8]",247.24,76,116.47,0.29
07:42:17,"[184.6, 25]","[183.05, 88]","[387.92, 60]","[403.87, 53]",286.26,226,203.32,0.0
07:42:18,"[184.0, 6]","[183.0, 42]","[385.36, 28]","[386.31, 26]",284.68,102,201.36,-0.06
07:42:19,"[183.01, 70]","[162.25, 61]","[281.04, 46]","[346.56, 39]",232.03,216,98.03,0.21
07:42:20,"[183.0, 54]","[154.0, 6]","[250.5, 30]","[347.22, 27]",216.75,117,67.5,0.03
07:42:21,"[183.4, 60]","[170.69, 52]","[315.77, 35]","[331.49, 37]",249.59,184,132.37,0.22
07:42:22,"[184.0, 24]","[183.0, 36]","[314.0, 20]","[315.0, 16]",249.0,96,130.0,0.25
07:42:23,"[185.52, 181]","[184.49, 105]","[312.58, 62]","[313.75, 64]",249.05,412,127.06,0.39
07:42:24,"[189.0, 60]","[186.0, 180]","[312.58, 57]","[353.94, 51]",250.79,348,123.58,0.38
07:42:25,"[189.0, 8]","[185.61, 93]","[313.0, 40]","[371.0, 32]",251.0,173,124.0,0.17
07:42:26,"[185.22, 23]","[183.47, 38]","[312.9, 39]","[414.82, 34]",249.06,134,127.68,-0.09
07:42:27,"[188.0, 144]","[184.0, 24]","[311.32, 37]","[312.43, 35]",249.66,240,123.32,0.4
07:42:28,"[188.0, 140]","[184.0, 42]","[309.88, 41]","[310.92, 49]",248.94,272,121.88,0.34
07:42:29,"[188.0, 120]","[184.19, 26]","[306.39, 54]","[307.78, 54]",247.19,254,118.39,0.15
07:42:30,"[188.0, 70]","[185.0, 7]","[303.71, 28]","[306.0, 35]",245.86,140,115.71,0.1
07:42:31,"[188.0, 90]","[185.0, 9]","[270.91, 35]","[282.0, 39]",229.46,173,82.91,0.14
07:42:32,"[188.0, 120]","[185.0, 12]","[240.22, 37]","[241.3, 44]",214.11,213,52.22,0.24
07:42:33,"[188.0, 48]","[185.0, 6]","[236.73, 15]","[238.0, 15]",212.37,84,48.73,0.29
07:42:34,"[188.0, 63]","[185.0, 9]","[235.09, 44]","[236.03, 33]",211.55,149,47.09,-0.03
07:42:35,"[188.0, 77]","[185.0, 11]","[212.23, 22]","[233.33, 45]",200.11,155,24.23,0.14
07:42:36,"[188.0, 49]","[185.0, 7]","[191.75, 16]","[192.16, 19]",189.88,91,3.75,0.23
07:42:37,"[188.0, 54]","[185.0, 9]","[189.71, 17]","[197.0, 36]",188.85,116,1.71,0.09
07:42:38,"[188.0, 18]","[185.0, 9]","[189.33, 45]","[290.8, 15]",188.67,87,1.33,-0.38
07:42:39,"[188.0, 30]","[185.0, 13]","[270.83, 36]","[336.0, 29]",229.42,108,82.83,-0.2
07:42:40,"[186.76, 29]","[184.84, 50]","[367.55, 22]","[623.36, 11]",277.15,112,180.79,0.41
07:42:41,"[185.0, 18]","[184.0, 12]","[299.09, 11]","[405.56, 9]",242.05,50,114.09,0.2
07:42:42,"[183.69, 61]","[183.17, 24]","[242.0, 20]","[252.0, 26]",212.84,131,58.31,0.3
07:42:43,"[186.55, 62]","[182.92, 75]","[241.0, 10]","[242.0, 20]",213.77,167,54.45,0.64
07:42:44,"[188.0, 51]","[183.0, 209]","[226.53, 15]","[241.9, 20]",207.27,295,38.53,0.76
07:42:45,"[188.0, 11]","[183.0, 209]","[237.83, 24]","[238.67, 30]",212.92,274,49.83,0.61
07:42:46,"[183.1, 153]","[182.78, 73]","[226.95, 39]","[233.75, 32]",205.02,297,43.85,0.52
07:42:47,"[183.46, 70]","[182.92, 78]","[216.0, 14]","[217.0, 21]",199.73,183,32.54,0.62
07:42:48,"[185.0, 11]","[183.0, 216]","[214.44, 27]","[221.3, 33]",199.72,287,29.44,0.58
07:42:49,"[185.0, 12]","[183.0, 252]","[211.17, 12]","[213.0, 48]",198.08,324,26.17,0.63
07:42:50,"[183.53, 55]","[183.0, 195]","[208.4, 15]","[212.78, 46]",195.96,311,24.87,0.61
07:42:51,"[186.89, 61]","[184.1, 201]","[206.08, 74]","[207.08, 37]",196.48,373,19.2,0.4
07:42:52,"[188.0, 36]","[186.0, 96]","[197.89, 45]","[206.05, 19]",192.94,196,9.89,0.35
07:42:53,"[189.7, 60]","[185.32, 152]","[192.68, 56]","[203.24, 38]",191.19,306,2.98,0.39
07:42:54,"[188.47, 38]","[184.47, 98]","[204.25, 32]","[227.0, 44]",196.36,212,15.78,0.28
07:42:55,"[185.0, 64]","[183.77, 56]","[203.81, 54]","[221.5, 48]",194.41,222,18.81,0.08
07:42:56,"[185.0, 60]","[184.0, 23]","[200.44, 64]","[202.15, 71]",192.72,218,15.44,-0.24
07:42:57,"[186.48, 27]","[184.2, 25]","[197.81, 54]","[198.87, 63]",192.15,169,11.33,-0.38
07:42:58,"[189.0, 20]","[185.0, 10]","[194.68, 47]","[195.91, 43]",191.84,120,5.68,-0.5
07:42:59,"[185.15, 26]","[183.11, 55]","[192.57, 35]","[195.0, 28]",188.86,144,7.42,0.12
07:43:00,"[184.0, 55]","[183.0, 143]","[190.23, 48]","[191.76, 51]",187.11,297,6.23,0.33
07:43:01,"[184.62, 26]","[183.32, 38]","[188.41, 44]","[189.3, 43]",186.51,151,3.79,-0.15
07:43:02,"[183.03, 147]","[182.44, 118]","[185.09, 44]","[203.84, 38]",184.06,347,2.06,0.53
07:43:03,"[183.0, 182]","[182.0, 84]","[184.64, 14]","[243.62, 26]",183.82,306,1.64,0.74
07:43:04,"[183.05, 120]","[182.36, 84]","[185.33, 24]","[281.0, 36]",184.19,264,2.28,0.55
07:43:05,"[187.06, 17]","[184.0, 22]","[330.62, 26]","[582.21, 38]",258.84,103,143.56,-0.24
07:43:06,"[190.0, 6]","[189.0, 24]","[494.67, 24]","[630.92, 26]",342.33,80,304.67,-0.25
07:43:07,"[190.0, 9]","[189.0, 36]","[419.32, 37]","[529.6, 40]",304.66,122,229.32,-0.26
07:43:08,"[189.81, 16]","[188.85, 54]","[380.43, 56]","[529.0, 70]",285.12,196,190.62,-0.29
07:43:09,"[189.0, 24]","[185.0, 16]","[228.25, 32]","[391.59, 34]",208.62,106,39.25,-0.25
07:43:10,"[189.0, 42]","[185.0, 28]","[224.09, 44]","[261.14, 56]",206.55,170,35.09,-0.18
07:43:11,"[187.82, 17]","[183.75, 32]","[222.0, 33]","[226.0, 44]",204.91,126,34.18,-0.22
07:43:12,"[185.5, 12]","[183.4, 30]","[214.71, 38]","[360.0, 51]",200.11,131,29.21,-0.36
07:43:13,"[188.0, 28]","[186.0, 7]","[192.89, 27]","[215.09, 22]",190.44,84,4.89,-0.17
07:43:14,"[188.0, 24]","[186.0, 6]","[192.0, 18]","[225.64, 22]",190.0,70,4.0,-0.14
07:43:15,"[188.0, 18]","[186.0, 12]","[191.83, 36]","[225.25, 36]",189.92,102,3.83,-0.41
07:43:16,"[188.0, 7]","[186.0, 10]","[191.0, 21]","[229.0, 21]",189.5,59,3.0,-0.42
07:43:17,"[187.56, 9]","[185.78, 18]","[191.0, 27]","[462.18, 34]",189.28,88,3.44,-0.39
07:43:18,"[186.0, 6]","[185.0, 12]","[189.33, 18]","[479.0, 24]",187.67,60,3.33,-0.4
07:43:19,"[184.87, 23]","[184.07, 54]","[186.91, 23]","[316.35, 49]",185.89,149,2.04,0.03
07:43:20,"[184.0, 114]","[183.0, 52]","[185.46, 26]","[298.21, 47]",184.73,239,1.46,0.39
07:43:21,"[183.43, 28]","[182.21, 56]","[261.92, 26]","[296.78, 27]",222.68,137,78.49,0.23
07:43:22,"[183.29, 51]","[182.11, 111]","[257.39, 31]","[295.12, 26]",220.34,219,74.09,0.48
07:43:23,"[184.0, 45]","[183.0, 36]","[197.82, 17]","[235.4, 10]",190.91,108,13.82,0.5
07:43:24,"[183.33, 30]","[182.13, 63]","[187.0, 14]","[223.0, 7]",185.17,114,3.67,0.63
07:43:25,"[183.05, 39]","[182.05, 127]","[186.0, 16]","[228.52, 25]",184.53,207,2.95,0.6
07:43:26,"[184.41, 17]","[182.42, 57]","[396.62, 32]","[579.92, 37]",290.52,143,212.21,0.03
07:43:27,"[189.0, 44]","[187.82, 11]","[368.12, 32]","[438.84, 37]",278.56,124,179.12,-0.11
07:43:28,"[189.0, 36]","[188.0, 9]","[448.5, 24]","[590.31, 29]",318.75,98,259.5,-0.08
07:43:29,"[189.0, 40]","[188.0, 10]","[385.27, 30]","[523.45, 22]",287.13,102,196.27,-0.02
07:43:30,"[189.0, 22]","[188.0, 10]","[324.5, 24]","[559.8, 20]",256.75,76,135.5,-0.16
07:43:31,"[185.09, 43]","[183.17, 29]","[344.44, 18]","[451.75, 16]",264.77,106,159.35,0.36
07:43:32,"[185.0, 48]","[183.0, 32]","[378.95, 19]","[508.84, 19]",281.97,118,193.95,0.36
07:43:33,"[184.07, 45]","[182.46, 52]","[327.79, 29]","[343.97, 62]",255.93,188,143.73,0.03
07:43:34,"[183.0, 18]","[182.0, 24]","[321.95, 21]","[327.2, 15]",252.48,78,138.95,0.08
07:43:35,"[175.03, 36]","[140.2, 59]","[296.83, 53]","[302.34, 29]",235.93,177,121.8,0.07
07:43:36,"[155.59, 88]","[111.89, 54]","[259.38, 32]","[259.95, 38]",207.48,212,103.78,0.34
07:43:37,"[153.21, 58]","[115.67, 96]","[256.82, 22]","[259.0, 55]",205.01,231,103.61,0.33
07:43:38,"[185.4, 60]","[142.08, 72]","[252.5, 20]","[258.64, 44]",218.95,196,67.1,0.35
07:43:39,"[181.0, 56]","[171.47, 76]","[253.53, 38]","[257.07, 29]",217.26,199,72.53,0.33
07:43:40,"[181.79, 58]","[172.0, 54]","[253.29, 35]","[255.0, 14]",217.54,161,71.49,0.39
07:43:41,"[183.0, 72]","[149.1, 58]","[251.43, 21]","[252.85, 39]",217.21,190,68.43,0.37
07:43:42,"[183.21, 71]","[170.11, 64]","[246.13, 31]","[248.55, 33]",214.67,199,62.92,0.36
07:43:43,"[183.71, 56]","[182.28, 50]","[241.6, 35]","[242.21, 29]",212.66,170,57.89,0.25
07:43:44,"[188.0, 32]","[183.21, 116]","[236.28, 25]","[237.83, 30]",212.14,203,48.28,0.46
07:43:45,"[188.0, 22]","[186.0, 33]","[228.94, 32]","[229.47, 36]",208.47,123,40.94,-0.11
07:43:46,"[188.0, 26]","[186.0, 45]","[222.95, 22]","[224.18, 45]",205.48,138,34.95,0.03
07:43:47,"[186.14, 56]","[185.13, 60]","[217.45, 20]","[219.76, 29]",201.8,165,31.31,0.41
07:43:48,"[186.0, 40]","[185.0, 40]","[213.69, 35]","[214.87, 31]",199.84,146,27.69,0.1
07:43:49,"[187.81, 72]","[186.42, 48]","[212.64, 61]","[213.26, 38]",200.22,219,24.83,0.1
07:43:50,"[188.0, 15]","[187.0, 33]","[205.82, 34]","[207.37, 19]",196.91,101,17.82,-0.05
07:43:51,"[188.0, 9]","[187.0, 27]","[202.68, 37]","[204.0, 23]",195.34,96,14.68,-0.25
07:43:52,"[187.2, 25]","[186.6, 25]","[198.32, 56]","[199.92, 61]",192.76,167,11.12,-0.4
07:43:53,"[187.0, 22]","[186.0, 11]","[190.15, 41]","[191.43, 28]",188.57,102,3.15,-0.35
07:43:54,"[186.6, 5]","[185.27, 11]","[187.62, 13]","[189.59, 22]",187.11,51,1.02,-0.37
07:43:55,"[185.11, 27]","[184.25, 48]","[187.0, 45]","[233.0, 24]",186.06,144,1.89,0.04
07:43:56,"[183.53, 73]","[182.8, 86]","[186.45, 55]","[366.6, 43]",184.99,257,2.92,0.24
07:43:57,"[183.0, 95]","[182.0, 77]","[185.44, 16]","[249.98, 49]",184.22,237,2.44,0.45
07:43:58,"[183.0, 81]","[182.0, 63]","[212.76, 25]","[383.63, 41]",197.88,210,29.76,0.37
07:43:59,"[183.0, 36]","[182.0, 28]","[213.0, 12]","[214.0, 12]",198.0,88,30.0,0.45
07:44:00,"[183.0, 56]","[182.0, 98]","[208.25, 44]","[319.41, 34]",195.62,232,25.25,0.33
07:44:01,"[183.0, 7]","[182.0, 49]","[204.57, 35]","[206.0, 21]",193.79,112,21.57,0.0
07:44:02,"[182.08, 62]","[173.96, 54]","[202.71, 70]","[206.0, 42]",192.4,228,20.63,0.02
07:44:03,"[182.25, 72]","[146.77, 69]","[199.23, 43]","[200.2, 61]",190.74,245,16.98,0.15
07:44:04,"[183.0, 30]","[182.0, 60]","[197.5, 24]","[198.69, 26]",190.25,140,14.5,0.29
07:44:05,"[182.42, 43]","[170.21, 56]","[196.91, 33]","[198.0, 22]",189.66,154,14.49,0.29
07:44:06,"[182.06, 64]","[152.11, 53]","[194.05, 39]","[195.09, 46]",188.06,202,11.99,0.16
07:44:07,"[182.0, 45]","[129.51, 35]","[191.67, 27]","[194.0, 45]",186.83,152,9.67,0.05
07:44:08,"[182.0, 70]","[133.05, 19]","[187.09, 43]","[189.12, 65]",184.55,197,5.09,-0.1
07:44:09,"[184.6, 40]","[182.13, 46]","[188.48, 46]","[189.62, 26]",186.54,158,3.88,0.09
07:44:10,"[187.25, 57]","[184.25, 48]","[192.9, 41]","[232.89, 73]",190.07,219,5.66,-0.04
07:44:11,"[186.2, 30]","[183.0, 30]","[219.21, 29]","[255.03, 29]",202.7,118,33.01,0.02
07:44:12,"[184.75, 24]","[182.35, 49]","[216.97, 40]","[218.24, 25]",200.86,138,32.22,0.06
07:44:13,"[183.8, 41]","[182.95, 82]","[200.61, 41]","[210.57, 40]",192.21,204,16.8,0.21
07:44:14,"[184.47, 34]","[183.29, 84]","[195.88, 41]","[289.64, 47]",190.17,206,11.41,0.15
07:44:15,"[185.46, 26]","[184.04, 109]","[195.2, 50]","[310.96, 48]",190.33,233,9.74,0.16
07:44:16,"[188.0, 22]","[185.88, 64]","[191.83, 36]","[193.13, 30]",189.92,152,3.83,0.13
07:44:17,"[186.26, 62]","[185.64, 50]","[189.0, 34]","[191.27, 44]",187.63,190,2.74,0.18
07:44:18,"[186.0, 50]","[185.0, 20]","[187.93, 28]","[231.75, 32]",186.96,130,1.93,0.08
07:44:19,"[185.38, 48]","[184.35, 23]","[187.07, 28]","[197.56, 32]",186.22,131,1.7,0.08
07:44:20,"[184.0, 33]","[182.83, 47]","[185.55, 22]","[187.0, 22]",184.77,124,1.55,0.29
07:44:21,"[184.0, 11]","[183.0, 143]","[187.0, 22]","[402.27, 45]",185.5,221,3.0,0.39
07:44:22,"[183.0, 36]","[182.0, 4]","[186.75, 8]","[622.0, 17]",184.88,65,3.75,0.23
07:44:23,"[183.0, 81]","[182.0, 9]","[184.78, 18]","[578.57, 28]",183.89,136,1.78,0.32
07:44:24,"[183.08, 78]","[182.69, 26]","[249.67, 18]","[410.62, 16]",216.37,138,66.59,0.51
07:44:25,"[183.0, 72]","[182.0, 8]","[372.0, 16]","[534.0, 8]",277.5,104,189.0,0.54
07:44:26,"[182.98, 55]","[172.45, 11]","[322.26, 35]","[365.4, 10]",252.62,111,139.28,0.19
07:44:27,"[183.0, 30]","[182.0, 10]","[320.6, 50]","[387.74, 19]",251.8,109,137.6,-0.27
07:44:28,"[183.0, 20]","[182.0, 10]","[311.86, 14]","[320.32, 47]",247.43,91,128.86,-0.34
07:44:29,"[157.47, 34]","[131.14, 7]","[250.43, 7]","[274.1, 31]",203.95,79,92.96,0.04
07:44:30,"[152.66, 70]","[98.05, 55]","[178.25, 24]","[189.31, 48]",165.45,197,25.59,0.27
07:44:31,"[160.47, 172]","[158.15, 156]","[280.88, 17]","[254.95, 61]",220.67,406,120.42,0.62
07:44:32,"[184.62, 39]","[166.4, 35]","[312.5, 20]","[394.75, 20]",248.56,114,127.88,0.3
07:44:33,"[189.0, 40]","[185.02, 56]","[194.0, 8]","[322.88, 24]",191.5,128,5.0,0.5
07:44:34,"[189.0, 45]","[185.0, 122]","[194.0, 9]","[336.0, 27]",191.5,203,5.0,0.65
07:44:35,"[189.0, 39]","[185.0, 144]","[194.0, 8]","[344.05, 22]",191.5,213,5.0,0.72
07:44:36,"[189.0, 24]","[185.0, 108]","[193.11, 18]","[286.0, 8]",191.06,158,4.11,0.67
07:44:37,"[189.0, 36]","[186.73, 85]","[191.11, 9]","[193.0, 36]",190.06,166,2.11,0.46
07:44:38,"[188.0, 63]","[185.0, 162]","[189.67, 9]","[326.56, 27]",188.83,261,1.67,0.72
07:44:39,"[188.0, 54]","[185.0, 162]","[317.0, 27]","[487.0, 18]",252.5,261,129.0,0.66
07:44:40,"[188.0, 48]","[185.0, 144]","[329.78, 23]","[482.35, 17]",258.89,232,141.78,0.66
07:44:41,"[188.0, 78]","[185.0, 234]","[413.69, 32]","[503.19, 21]",300.84,365,225.69,0.71
07:44:42,"[188.0, 6]","[185.0, 108]","[464.0, 12]","[483.0, 18]",326.0,144,276.0,0.58
07:44:43,"[188.0, 14]","[185.0, 252]","[335.1, 29]","[417.68, 31]",261.55,326,147.1,0.63
07:44:44,"[185.05, 112]","[184.4, 90]","[315.09, 11]","[368.0, 11]",250.07,224,130.04,0.8
07:44:45,"[185.0, 130]","[184.0, 78]","[262.31, 26]","[360.0, 18]",223.65,252,77.31,0.65
07:44:46,"[185.0, 57]","[184.0, 42]","[307.0, 14]","[313.0, 7]",246.0,120,122.0,0.65
07:44:47,"[184.17, 42]","[183.14, 73]","[294.86, 14]","[307.92, 13]",239.51,142,110.69,0.62
07:44:48,"[184.0, 33]","[183.0, 77]","[265.08, 13]","[285.6, 15]",224.54,138,81.08,0.59
07:44:49,"[184.0, 27]","[183.0, 63]","[238.0, 9]","[239.0, 18]",211.0,117,54.0,0.54
07:44:50,"[189.0, 42]","[183.61, 54]","[235.79, 14]","[298.29, 28]",212.39,138,46.79,0.39
07:44:51,"[189.0, 33]","[183.0, 77]","[233.82, 11]","[535.92, 39]",211.41,160,44.82,0.38
07:44:52,"[189.0, 30]","[183.94, 124]","[231.0, 10]","[271.1, 42]",210.0,206,42.0,0.5
07:44:53,"[189.0, 27]","[185.73, 33]","[229.22, 9]","[253.67, 9]",209.11,78,40.22,0.54
07:44:54,"[189.0, 30]","[188.0, 20]","[221.9, 10]","[273.1, 10]",205.45,70,32.9,0.43
07:44:55,"[189.0, 27]","[188.0, 18]","[227.11, 9]","[285.0, 9]",208.06,63,38.11,0.43
07:44:56,"[189.0, 36]","[188.0, 24]","[225.25, 12]","[285.0, 12]",207.12,84,36.25,0.43
07:44:57,"[189.0, 24]","[188.0, 16]","[223.88, 8]","[412.75, 8]",206.44,56,34.88,0.43
07:44:58,"[189.0, 34]","[188.0, 24]","[223.0, 12]","[524.23, 26]",206.0,96,34.0,0.21
07:44:59,"[189.0, 12]","[188.0, 24]","[222.0, 12]","[585.58, 12]",205.5,60,33.0,0.2
07:45:00,"[185.08, 147]","[184.29, 84]","[220.71, 17]","[443.22, 9]",202.89,257,35.62,0.8
07:45:01,"[185.0, 352]","[184.0, 208]","[219.1, 41]","[219.84, 51]",202.05,652,34.1,0.72
07:45:02,"[185.22, 324]","[184.22, 270]","[212.46, 28]","[213.66, 38]",198.84,660,27.24,0.8
07:45:03,"[188.0, 48]","[185.0, 220]","[206.28, 47]","[209.79, 19]",197.14,334,18.28,0.6
07:45:04,"[185.93, 110]","[184.74, 215]","[188.86, 50]","[198.47, 49]",187.39,424,2.93,0.53
07:45:05,"[185.0, 209]","[184.0, 154]","[186.55, 11]","[188.0, 33]",185.77,407,1.55,0.78
07:45:06,"[185.0, 279]","[184.0, 210]","[187.76, 41]","[222.97, 58]",186.38,588,2.76,0.66
07:45:07,"[185.0, 250]","[184.0, 140]","[186.2, 30]","[533.42, 33]",185.6,453,1.2,0.72
07:45:08,"[185.0, 288]","[184.0, 168]","[262.18, 34]","[517.0, 30]",223.59,520,77.18,0.75
07:45:09,"[185.0, 89]","[184.0, 112]","[503.5, 8]","[570.5, 8]",344.25,217,318.5,0.85
07:45:10,"[186.65, 63]","[185.22, 45]","[479.64, 11]","[0, 0]",333.14,119,292.99,0.82
07:45:11,"[188.0, 22]","[187.0, 44]","[525.45, 20]","[550.0, 6]",356.73,92,337.45,0.43
07:45:12,"[188.62, 26]","[187.29, 28]","[482.74, 38]","[541.14, 21]",335.68,113,294.12,-0.04
07:45:13,"[189.0, 48]","[188.0, 24]","[402.46, 59]","[430.76, 46]",295.73,177,213.46,-0.19
07:45:14,"[188.0, 12]","[187.0, 24]","[344.0, 30]","[595.11, 9]",266.0,75,156.0,-0.04
07:45:15,"[188.6, 20]","[187.0, 40]","[344.0, 50]","[535.71, 34]",266.3,144,155.4,-0.17
07:45:16,"[189.82, 22]","[187.0, 56]","[325.33, 66]","[387.31, 58]",257.58,202,135.52,-0.23
07:45:17,"[188.09, 11]","[185.25, 128]","[199.61, 49]","[205.67, 36]",193.85,224,11.52,0.24
07:45:18,"[185.2, 100]","[184.74, 184]","[197.82, 73]","[199.99, 71]",191.51,428,12.62,0.33
07:45:19,"[184.45, 22]","[182.41, 92]","[195.31, 49]","[196.88, 50]",189.88,213,10.85,0.07
07:45:20,"[185.41, 37]","[183.66, 35]","[194.0, 70]","[195.0, 56]",189.7,198,8.59,-0.27
07:45:21,"[186.0, 77]","[184.09, 11]","[191.81, 53]","[192.83, 46]",188.91,187,5.81,-0.06
07:45:22,"[186.0, 67]","[184.0, 11]","[189.18, 55]","[191.0, 44]",187.59,177,3.18,-0.12
07:45:23,"[185.89, 54]","[183.38, 29]","[187.52, 63]","[189.19, 43]",186.71,189,1.63,-0.12
07:45:24,"[183.1, 29]","[182.55, 33]","[185.32, 22]","[223.86, 35]",184.21,119,2.21,0.04
07:45:25,"[182.43, 21]","[170.8, 40]","[183.73, 15]","[208.17, 47]",183.08,123,1.3,-0.01
07:45:26,"[182.0, 22]","[138.47, 34]","[183.0, 40]","[310.22, 18]",182.5,114,1.0,-0.02
07:45:27,"[179.5, 16]","[169.69, 26]","[183.0, 40]","[326.0, 20]",181.25,102,3.5,-0.18
07:45:28,"[139.14, 14]","[85.02, 43]","[181.89, 36]","[278.33, 24]",160.52,117,42.75,-0.03
07:45:29,"[116.94, 17]","[111.32, 41]","[282.37, 19]","[268.0, 26]",199.65,103,165.43,0.13
07:45:30,"[158.53, 34]","[126.33, 12]","[332.69, 13]","[556.0, 8]",245.61,67,174.16,0.37
07:45:31,"[156.52, 29]","[127.17, 23]","[176.6, 10]","[332.82, 17]",166.56,79,20.08,0.32
07:45:32,"[162.56, 9]","[137.92, 39]","[335.93, 14]","[449.0, 11]",249.24,73,173.37,0.32
07:45:33,"[181.62, 26]","[110.83, 60]","[415.12, 16]","[458.0, 25]",298.37,127,233.51,0.35
07:45:34,"[188.0, 65]","[187.0, 117]","[341.0, 28]","[444.26, 27]",264.5,237,153.0,0.54
07:45:35,"[188.0, 77]","[187.0, 81]","[339.59, 27]","[340.5, 18]",263.8,203,151.59,0.56
07:45:36,"[188.0, 117]","[187.0, 126]","[335.58, 48]","[337.08, 52]",261.79,343,147.58,0.42
07:45:37,"[188.0, 54]","[187.0, 81]","[334.0, 36]","[335.0, 36]",261.0,207,146.0,0.3
07:45:38,"[188.0, 49]","[187.0, 81]","[332.78, 36]","[334.33, 36]",260.39,202,144.78,0.29
07:45:39,"[188.0, 45]","[187.0, 99]","[330.24, 42]","[331.42, 43]",259.12,229,142.24,0.26
07:45:40,"[187.0, 126]","[186.0, 28]","[324.16, 45]","[327.53, 51]",255.58,250,137.16,0.23
07:45:41,"[187.0, 99]","[186.0, 22]","[321.85, 39]","[323.49, 41]",254.42,201,134.85,0.2
07:45:42,"[187.0, 90]","[186.0, 20]","[244.63, 30]","[265.67, 33]",215.82,173,57.63,0.27
07:45:43,"[187.17, 63]","[186.87, 93]","[224.6, 53]","[225.53, 60]",205.89,269,37.43,0.16
07:45:44,"[187.0, 47]","[186.0, 16]","[223.62, 32]","[224.62, 32]",205.31,127,36.62,-0.01
07:45:45,"[187.0, 40]","[186.0, 20]","[220.56, 34]","[221.46, 39]",203.78,133,33.56,-0.1
07:45:46,"[187.0, 28]","[186.0, 14]","[216.46, 26]","[217.07, 15]",201.73,83,29.46,0.01
07:45:47,"[187.0, 36]","[186.0, 18]","[214.67, 36]","[216.0, 27]",200.83,117,27.67,-0.08
07:45:48,"[187.0, 44]","[186.0, 22]","[213.86, 42]","[215.54, 35]",200.43,143,26.86,-0.08
07:45:49,"[187.0, 52]","[186.0, 26]","[210.78, 46]","[212.62, 45]",198.89,169,23.78,-0.08
07:45:50,"[187.0, 29]","[186.0, 20]","[204.2, 40]","[205.84, 37]",195.6,126,17.2,-0.22
07:45:51,"[187.0, 30]","[186.0, 30]","[199.61, 59]","[203.5, 50]",193.31,169,12.61,-0.29
07:45:52,"[187.15, 26]","[186.15, 26]","[196.96, 46]","[197.89, 45]",192.06,143,9.8,-0.27
07:45:53,"[188.0, 38]","[187.0, 38]","[193.07, 58]","[194.3, 67]",190.53,201,5.07,-0.24
07:45:54,"[187.71, 21]","[186.11, 36]","[189.3, 30]","[192.0, 30]",188.51,117,1.59,-0.03
07:45:55,"[186.0, 24]","[185.0, 24]","[187.86, 21]","[189.0, 24]",186.93,93,1.86,0.03
07:45:56,"[185.44, 43]","[184.47, 45]","[187.69, 39]","[188.6, 45]",186.57,172,2.25,0.02
07:45:57,"[185.0, 33]","[184.0, 33]","[187.04, 23]","[187.73, 33]",186.02,122,2.04,0.08
07:45:58,"[185.0, 18]","[184.0, 24]","[186.0, 8]","[187.0, 24]",185.5,74,1.0,0.14
07:45:59,"[183.55, 31]","[170.58, 57]","[186.14, 22]","[219.9, 31]",184.84,141,2.59,0.25
07:46:00,"[161.71, 56]","[139.06, 68]","[185.2, 30]","[255.8, 30]",173.46,184,23.49,0.35
07:46:01,"[154.04, 46]","[147.58, 76]","[184.4, 30]","[336.38, 40]",169.22,192,30.36,0.27
07:46:02,"[157.0, 42]","[155.37, 54]","[184.66, 41]","[301.43, 51]",170.83,188,27.66,0.02
07:46:03,"[183.37, 19]","[166.91, 35]","[268.36, 28]","[317.0, 29]",225.86,111,84.99,-0.03
07:46:04,"[187.31, 35]","[170.64, 25]","[279.69, 36]","[475.0, 36]",233.5,132,92.38,-0.09
07:46:05,"[189.0, 28]","[184.73, 11]","[261.14, 28]","[427.57, 21]",225.07,88,72.14,-0.11
07:46:06,"[189.0, 32]","[188.0, 10]","[313.44, 36]","[376.18, 40]",251.22,118,124.44,-0.29
07:46:07,"[189.0, 18]","[188.0, 6]","[320.14, 28]","[321.8, 25]",254.57,77,131.14,-0.38
07:46:08,"[186.34, 169]","[185.44, 85]","[320.31, 65]","[343.23, 52]",253.33,371,133.96,0.37
07:46:09,"[186.0, 261]","[183.08, 13]","[303.79, 42]","[411.15, 39]",244.89,355,117.79,0.54
07:46:10,"[186.0, 348]","[184.0, 12]","[316.92, 60]","[495.86, 42]",251.46,462,130.92,0.56
07:46:11,"[186.0, 348]","[184.0, 12]","[311.92, 60]","[322.18, 57]",248.96,477,125.92,0.51
07:46:12,"[186.0, 474]","[185.0, 48]","[289.0, 52]","[307.5, 60]",237.5,634,103.0,0.65
07:46:13,"[186.0, 423]","[185.0, 36]","[223.5, 20]","[244.59, 22]",204.75,501,37.5,0.83
07:46:14,"[186.0, 575]","[185.0, 52]","[218.85, 65]","[219.43, 49]",202.42,741,32.85,0.69
07:46:15,"[186.02, 310]","[185.61, 72]","[217.0, 40]","[218.0, 40]",201.51,462,30.98,0.65
07:46:16,"[189.0, 22]","[186.0, 484]","[215.19, 43]","[216.47, 43]",202.09,592,26.19,0.71
07:46:17,"[186.04, 436]","[185.77, 172]","[213.0, 65]","[214.0, 65]",199.52,738,26.96,0.65
07:46:18,"[186.33, 361]","[185.9, 286]","[208.05, 41]","[208.6, 45]",197.19,733,21.72,0.77
07:46:19,"[188.0, 112]","[186.34, 130]","[203.35, 17]","[205.14, 37]",195.68,296,15.35,0.64
07:46:20,"[188.0, 70]","[187.0, 40]","[198.55, 22]","[200.71, 14]",193.27,146,10.55,0.51
07:46:21,"[188.0, 91]","[187.0, 52]","[197.15, 65]","[199.0, 13]",192.58,221,9.15,0.29
07:46:22,"[188.0, 108]","[187.0, 56]","[195.13, 62]","[196.02, 42]",191.56,268,7.13,0.22
07:46:23,"[187.05, 63]","[185.86, 527]","[189.45, 62]","[190.64, 33]",188.25,685,2.4,0.72
07:46:24,"[187.0, 15]","[185.0, 208]","[188.3, 50]","[191.12, 17]",187.65,290,1.3,0.54
07:46:25,"[185.14, 86]","[184.4, 241]","[188.0, 11]","[220.45, 11]",186.57,349,2.86,0.87
07:46:26,"[185.0, 128]","[184.0, 232]","[259.12, 8]","[519.3, 10]",222.06,378,74.12,0.9
07:46:27,"[186.2, 80]","[184.6, 189]","[261.0, 11]","[347.18, 11]",223.6,291,74.8,0.85
07:46:28,"[188.0, 39]","[187.0, 36]","[378.6, 20]","[457.36, 14]",283.3,109,190.6,0.38
07:46:29,"[188.0, 8]","[187.0, 24]","[263.5, 8]","[297.0, 16]",225.75,56,75.5,0.14
07:46:30,"[188.0, 12]","[187.0, 36]","[259.17, 12]","[300.65, 26]",223.58,86,71.17,0.12
07:46:31,"[187.8, 10]","[185.77, 62]","[412.77, 13]","[426.22, 18]",300.28,103,224.97,0.4
07:46:32,"[185.1, 124]","[184.74, 154]","[315.02, 55]","[390.15, 34]",250.06,367,129.92,0.51
07:46:33,"[185.39, 28]","[184.78, 54]","[214.71, 14]","[241.81, 16]",200.05,112,29.32,0.46
07:46:34,"[187.14, 14]","[185.0, 93]","[197.48, 23]","[198.11, 44]",192.31,174,10.34,0.23
07:46:35,"[185.0, 80]","[184.0, 19]","[194.87, 23]","[196.75, 32]",189.93,154,9.87,0.29
07:46:36,"[185.0, 54]","[184.0, 24]","[192.25, 24]","[193.67, 36]",188.62,138,7.25,0.13
07:46:37,"[177.88, 25]","[167.34, 87]","[189.97, 39]","[191.48, 42]",183.93,193,12.09,0.16
07:46:38,"[176.23, 35]","[162.64, 39]","[186.66, 47]","[187.93, 57]",181.44,178,10.43,-0.17
07:46:39,"[165.96, 25]","[114.64, 33]","[182.75, 24]","[183.67, 18]",174.36,100,16.79,0.16
07:46:40,"[120.62, 39]","[69.75, 12]","[180.65, 17]","[181.89, 19]",150.63,87,60.03,0.17
07:46:41,"[164.5, 48]","[153.3, 33]","[177.86, 21]","[183.81, 32]",171.18,134,13.36,0.21
07:46:42,"[168.0, 30]","[160.12, 40]","[175.0, 10]","[176.0, 30]",171.5,110,7.0,0.27
07:46:43,"[163.23, 44]","[147.27, 78]","[173.17, 12]","[175.69, 39]",168.2,173,9.94,0.41
07:46:44,"[153.46, 39]","[132.57, 42]","[172.56, 9]","[175.0, 18]",163.01,108,19.09,0.5
07:46:45,"[158.25, 36]","[141.47, 30]","[171.55, 11]","[175.0, 22]",164.9,99,13.3,0.33
07:46:46,"[166.76, 68]","[163.0, 57]","[288.67, 49]","[472.74, 43]",227.72,217,121.91,0.15
07:46:47,"[168.88, 51]","[167.45, 33]","[347.95, 19]","[390.76, 29]",258.41,132,179.07,0.27
07:46:48,"[169.27, 99]","[168.0, 33]","[178.07, 43]","[367.48, 23]",173.67,198,8.8,0.33
07:46:49,"[170.68, 111]","[169.07, 42]","[176.65, 55]","[177.54, 28]",173.67,236,5.98,0.3
07:46:50,"[173.55, 87]","[172.21, 84]","[175.88, 48]","[177.18, 33]",174.71,252,2.32,0.36
07:46:51,"[175.27, 90]","[174.6, 90]","[179.0, 11]","[345.18, 33]",177.13,224,3.73,0.61
07:46:52,"[179.43, 65]","[178.61, 69]","[285.22, 27]","[360.47, 17]",232.33,178,105.79,0.51
07:46:53,"[182.77, 39]","[182.05, 93]","[422.04, 27]","[550.84, 25]",302.4,184,239.27,0.43
07:46:54,"[186.1, 21]","[185.68, 79]","[316.8, 15]","[568.41, 17]",251.45,132,130.7,0.52
07:46:55,"[187.88, 50]","[186.06, 70]","[312.71, 14]","[445.44, 16]",250.3,150,124.83,0.6
07:46:56,"[188.0, 77]","[187.0, 7]","[363.57, 7]","[466.0, 7]",275.79,98,175.57,0.71
07:46:57,"[188.0, 64]","[187.0, 6]","[362.17, 6]","[562.86, 14]",275.08,90,174.17,0.56
07:46:58,"[189.0, 90]","[187.0, 11]","[290.47, 15]","[461.4, 15]",239.73,131,101.47,0.54
07:46:59,"[189.0, 60]","[187.0, 10]","[270.15, 26]","[292.36, 14]",229.58,110,81.15,0.27
07:47:00,"[189.82, 66]","[187.0, 11]","[228.0, 11]","[275.0, 23]",208.91,111,38.18,0.39
07:47:01,"[191.0, 54]","[187.0, 9]","[228.0, 9]","[369.21, 33]",209.5,105,37.0,0.2
07:47:02,"[191.0, 22]","[187.22, 9]","[224.0, 11]","[303.67, 21]",207.5,63,33.0,-0.02
07:47:03,"[191.0, 22]","[188.55, 11]","[214.22, 41]","[216.44, 27]",202.61,101,23.22,-0.35
07:47:04,"[189.4, 25]","[184.33, 48]","[212.43, 30]","[213.35, 68]",200.92,171,23.03,-0.15
07:47:05,"[189.0, 11]","[184.0, 23]","[208.13, 23]","[210.59, 32]",198.57,89,19.13,-0.24
07:47:06,"[189.0, 13]","[185.18, 34]","[203.22, 23]","[216.36, 25]",196.11,95,14.22,-0.01
07:47:07,"[189.77, 13]","[188.62, 16]","[198.2, 15]","[199.03, 37]",193.98,81,8.43,-0.28
07:47:08,"[184.67, 30]","[183.15, 120]","[198.0, 12]","[199.0, 36]",191.33,198,13.33,0.52
07:47:09,"[186.0, 16]","[184.0, 32]","[197.42, 19]","[199.0, 48]",191.71,115,11.42,-0.17
07:47:10,"[183.36, 50]","[182.67, 36]","[196.53, 19]","[198.75, 24]",189.94,129,13.17,0.33
07:47:11,"[183.25, 96]","[182.48, 92]","[196.0, 36]","[197.0, 12]",189.62,236,12.75,0.59
07:47:12,"[188.0, 39]","[186.0, 26]","[195.27, 33]","[195.58, 19]",191.64,117,7.27,0.11
07:47:13,"[188.0, 27]","[186.0, 18]","[192.09, 23]","[193.46, 13]",190.04,81,4.09,0.11
07:47:14,"[188.0, 30]","[186.0, 20]","[190.8, 30]","[191.71, 28]",189.4,108,2.8,-0.07
07:47:15,"[184.42, 55]","[180.61, 98]","[188.52, 25]","[255.77, 26]",186.47,204,4.1,0.5
07:47:16,"[183.26, 117]","[163.22, 46]","[187.0, 9]","[500.35, 23]",185.13,195,3.74,0.67
07:47:17,"[184.0, 150]","[183.0, 130]","[315.88, 34]","[392.12, 25]",249.94,339,131.88,0.65
07:47:18,"[187.08, 78]","[183.87, 206]","[279.43, 21]","[317.48, 33]",233.25,338,92.35,0.68
07:47:19,"[189.0, 40]","[184.0, 150]","[262.71, 14]","[264.53, 15]",225.86,219,73.71,0.74
07:47:20,"[189.0, 48]","[184.0, 180]","[261.5, 16]","[262.8, 20]",225.25,264,72.5,0.73
07:47:21,"[189.0, 39]","[184.0, 195]","[259.83, 24]","[261.2, 15]",224.42,273,70.83,0.71
07:47:22,"[185.25, 120]","[183.78, 192]","[256.25, 32]","[256.89, 36]",220.75,380,71.0,0.64
07:47:23,"[184.92, 118]","[184.01, 195]","[255.0, 14]","[256.0, 28]",219.96,355,70.08,0.76
07:47:24,"[186.0, 45]","[185.0, 88]","[252.95, 20]","[253.96, 23]",219.47,176,66.95,0.51
07:47:25,"[186.0, 9]","[185.0, 72]","[242.61, 23]","[246.91, 22]",214.3,126,56.61,0.29
07:47:26,"[185.42, 24]","[184.64, 125]","[225.44, 27]","[236.87, 31]",205.43,207,40.03,0.44
07:47:27,"[185.0, 30]","[184.0, 150]","[201.11, 28]","[202.08, 12]",193.05,220,16.11,0.64
07:47:28,"[185.0, 24]","[184.0, 120]","[199.55, 22]","[200.23, 13]",192.27,179,14.55,0.61
07:47:29,"[185.0, 24]","[184.0, 120]","[196.86, 14]","[197.82, 22]",190.93,180,11.86,0.6
07:47:30,"[185.33, 138]","[183.74, 202]","[194.18, 33]","[195.22, 32]",189.75,405,8.86,0.68
07:47:31,"[185.64, 66]","[183.87, 156]","[189.81, 16]","[190.95, 21]",187.72,259,4.18,0.71
07:47:32,"[185.45, 47]","[183.94, 124]","[188.0, 10]","[189.0, 20]",186.72,201,2.55,0.7
07:47:33,"[184.09, 88]","[183.35, 75]","[186.44, 9]","[189.0, 18]",185.27,190,2.35,0.72
07:47:34,"[184.0, 143]","[183.0, 84]","[186.15, 13]","[210.85, 27]",185.08,267,2.15,0.7
07:47:35,"[184.0, 120]","[183.0, 84]","[188.08, 24]","[304.96, 52]",186.04,280,4.08,0.46
07:47:36,"[184.0, 36]","[183.0, 63]","[187.78, 18]","[230.0, 11]",185.89,128,3.78,0.55
07:47:37,"[183.79, 56]","[182.97, 79]","[185.92, 26]","[187.54, 26]",184.85,187,2.14,0.44
07:47:38,"[183.0, 46]","[182.0, 11]","[184.51, 35]","[336.86, 21]",183.76,113,1.51,0.01
07:47:39,"[175.46, 26]","[161.84, 25]","[183.69, 26]","[304.0, 13]",179.58,90,8.23,0.13
07:47:40,"[162.85, 26]","[116.09, 22]","[206.33, 18]","[470.0, 29]",184.59,95,43.49,0.01
07:47:41,"[189.0, 9]","[143.7, 23]","[374.0, 21]","[525.45, 33]",281.5,86,185.0,-0.26
07:47:42,"[189.0, 55]","[184.67, 12]","[402.0, 25]","[775.0, 5]",295.5,97,213.0,0.38
07:47:43,"[189.01, 122]","[188.2, 55]","[236.08, 60]","[478.0, 31]",212.55,268,47.08,0.32
07:47:44,"[189.13, 23]","[188.8, 41]","[221.0, 25]","[286.0, 6]",205.07,95,31.87,0.35
07:47:45,"[189.0, 80]","[188.0, 32]","[224.88, 34]","[292.38, 21]",206.94,167,35.88,0.34
07:47:46,"[189.0, 88]","[188.0, 36]","[253.24, 33]","[370.0, 14]",221.12,171,64.24,0.45
07:47:47,"[189.0, 54]","[188.0, 24]","[252.93, 27]","[253.67, 15]",220.96,120,63.93,0.3
07:47:48,"[189.0, 57]","[188.0, 28]","[251.57, 14]","[252.94, 32]",220.29,131,62.57,0.3
07:47:49,"[189.0, 75]","[188.0, 40]","[248.3, 20]","[252.06, 32]",218.65,167,59.3,0.38
07:47:50,"[188.57, 37]","[187.4, 40]","[245.91, 45]","[247.69, 35]",217.24,157,57.34,-0.02
07:47:51,"[188.2, 40]","[186.5, 32]","[241.29, 24]","[243.0, 28]",214.75,124,53.09,0.16
07:47:52,"[189.0, 28]","[188.0, 28]","[238.86, 29]","[239.6, 25]",213.93,110,49.86,0.02
07:47:53,"[189.0, 24]","[188.0, 24]","[236.78, 18]","[238.67, 24]",212.89,90,47.78,0.07
07:47:54,"[189.0, 52]","[188.0, 54]","[235.43, 56]","[236.14, 35]",212.21,197,46.43,0.08
07:47:55,"[188.71, 7]","[187.61, 31]","[233.06, 32]","[234.29, 17]",210.89,87,44.35,-0.13
07:47:56,"[188.0, 8]","[186.0, 24]","[230.43, 30]","[232.47, 34]",209.22,96,42.43,-0.33
07:47:57,"[188.0, 8]","[186.0, 24]","[230.88, 24]","[234.0, 16]",209.44,72,42.88,-0.11
07:47:58,"[188.0, 13]","[186.0, 39]","[226.49, 35]","[230.67, 30]",207.24,117,38.49,-0.11
07:47:59,"[188.0, 13]","[186.0, 39]","[202.23, 26]","[209.67, 27]",195.12,105,14.23,-0.01
07:48:00,"[188.0, 13]","[186.0, 39]","[195.92, 26]","[196.92, 26]",191.96,104,7.92,0.0
07:48:01,"[186.82, 40]","[185.22, 102]","[194.39, 36]","[195.67, 30]",190.61,208,7.56,0.37
07:48:02,"[187.73, 71]","[185.22, 128]","[190.76, 54]","[191.82, 44]",189.25,297,3.03,0.34
07:48:03,"[185.62, 29]","[184.99, 108]","[188.08, 24]","[189.43, 28]",186.85,189,2.46,0.45
07:48:04,"[185.06, 143]","[184.5, 60]","[187.94, 36]","[274.38, 42]",186.5,281,2.88,0.44
07:48:05,"[186.36, 22]","[184.75, 16]","[193.0, 8]","[194.0, 8]",189.68,54,6.64,0.41
07:48:06,"[188.0, 50]","[185.0, 60]","[191.7, 20]","[193.2, 20]",189.85,150,3.7,0.47
07:48:07,"[188.0, 30]","[185.0, 36]","[191.0, 12]","[193.0, 12]",189.5,90,3.0,0.47
07:48:08,"[188.0, 45]","[185.0, 92]","[190.07, 15]","[191.67, 18]",189.03,170,2.07,0.61
07:48:09,"[188.0, 21]","[185.0, 115]","[189.0, 5]","[329.4, 10]",188.5,151,1.0,0.8
07:48:10,"[188.84, 19]","[185.84, 32]","[519.73, 11]","[643.76, 17]",354.28,79,330.89,0.29
07:48:11,"[189.0, 36]","[188.0, 27]","[406.56, 27]","[566.58, 36]",297.78,126,217.56,0.0
07:48:12,"[189.0, 18]","[188.0, 18]","[291.0, 12]","[646.0, 30]",240.0,78,102.0,-0.08
07:48:13,"[189.0, 14]","[188.0, 21]","[472.43, 14]","[646.0, 35]",330.71,84,283.43,-0.17
07:48:14,"[189.0, 18]","[188.0, 27]","[455.95, 21]","[622.0, 42]",322.48,108,266.95,-0.17
07:48:15,"[185.39, 62]","[184.67, 54]","[296.46, 26]","[484.36, 11]",240.92,153,111.07,0.52
07:48:16,"[185.0, 108]","[184.0, 90]","[238.0, 24]","[0, 0]",211.5,222,53.0,0.78
07:48:17,"[185.0, 126]","[184.0, 105]","[328.0, 28]","[0, 0]",256.5,259,143.0,0.78
07:48:18,"[185.0, 73]","[184.0, 60]","[486.0, 16]","[0, 0]",335.5,149,301.0,0.79
07:48:19,"[185.24, 114]","[184.3, 129]","[501.33, 36]","[0, 0]",343.29,279,316.1,0.74
07:48:20,"[186.91, 33]","[184.86, 106]","[509.0, 32]","[0, 0]",347.95,171,322.09,0.63
07:48:21,"[186.09, 66]","[184.44, 108]","[380.2, 25]","[374.53, 17]",283.15,216,194.11,0.61
07:48:22,"[187.74, 70]","[184.83, 174]","[218.09, 43]","[254.96, 50]",202.92,337,30.35,0.45
07:48:23,"[185.0, 132]","[184.0, 180]","[215.85, 39]","[216.77, 39]",200.42,390,30.85,0.6
07:48:24,"[185.0, 156]","[184.0, 120]","[213.92, 25]","[215.12, 24]",199.46,325,28.92,0.7
07:48:25,"[185.0, 242]","[184.0, 150]","[207.5, 40]","[212.5, 32]",196.25,464,22.5,0.69
07:48:26,"[185.0, 230]","[184.0, 150]","[205.19, 26]","[208.0, 33]",195.1,439,20.19,0.73
07:48:27,"[185.06, 140]","[184.49, 94]","[205.35, 23]","[207.88, 24]",195.2,281,20.29,0.67
07:48:28,"[185.17, 139]","[184.91, 152]","[202.66, 47]","[204.0, 42]",193.92,380,17.49,0.53
07:48:29,"[185.0, 154]","[184.0, 16]","[200.75, 24]","[202.0, 32]",192.88,226,15.75,0.5
07:48:30,"[185.0, 229]","[184.0, 26]","[197.05, 42]","[198.0, 45]",191.02,342,12.05,0.49
07:48:31,"[186.89, 72]","[185.74, 124]","[193.07, 58]","[193.91, 57]",189.98,311,6.18,0.26
07:48:32,"[186.0, 66]","[185.2, 160]","[190.0, 60]","[191.94, 68]",188.0,354,4.0,0.28
07:48:33,"[187.94, 67]","[185.22, 51]","[356.64, 53]","[471.56, 50]",272.29,221,168.7,0.07
07:48:34,"[188.0, 36]","[185.0, 90]","[611.0, 21]","[636.85, 27]",399.5,174,423.0,0.45
07:48:35,"[188.0, 28]","[185.0, 70]","[439.82, 11]","[577.35, 17]",313.91,126,251.82,0.56
07:48:36,"[188.0, 32]","[184.0, 8]","[302.0, 12]","[378.33, 12]",245.0,64,114.0,0.25
07:48:37,"[188.0, 60]","[184.73, 15]","[300.53, 45]","[300.49, 35]",244.27,155,112.53,-0.03
07:48:38,"[188.0, 55]","[185.0, 16]","[295.15, 40]","[295.63, 52]",241.57,163,107.15,-0.13
07:48:39,"[188.0, 9]","[185.0, 9]","[281.89, 19]","[281.74, 23]",234.95,60,93.89,-0.4
07:48:40,"[188.0, 9]","[185.0, 9]","[260.94, 17]","[270.53, 17]",224.47,52,72.94,-0.31
07:48:41,"[188.25, 12]","[185.3, 10]","[259.2, 30]","[262.0, 10]",223.72,62,70.95,-0.29
07:48:42,"[189.78, 27]","[188.0, 9]","[255.0, 27]","[258.53, 19]",222.39,82,65.22,-0.12
07:48:43,"[188.85, 26]","[183.18, 166]","[241.76, 62]","[255.27, 44]",215.3,298,52.91,0.29
07:48:44,"[184.0, 8]","[183.0, 160]","[242.38, 24]","[248.46, 26]",213.19,218,58.38,0.54
07:48:45,"[189.0, 52]","[184.0, 13]","[240.87, 31]","[241.43, 21]",214.94,117,51.87,0.11
07:48:46,"[189.0, 36]","[184.0, 9]","[238.39, 33]","[239.4, 15]",213.7,93,49.39,-0.03
07:48:47,"[189.0, 52]","[184.0, 13]","[235.91, 35]","[237.33, 39]",212.46,139,46.91,-0.06
07:48:48,"[189.0, 21]","[184.0, 7]","[212.95, 21]","[228.0, 11]",200.98,60,23.95,-0.07
