Time,Bid1,Bid2,Ask1,Ask2,Mid-Price,Total_volume,Bid_ask_spread,Order_imbalance
07:30:00,"[0, 0]","[0, 0]","[0, 0]","[0, 0]",0.0,0,0.0,0.0
07:30:01,"[0, 0]","[0, 0]","[365.75, 8]","[374.0, 5]",182.88,13,365.75,-1.0
07:30:02,"[104.64, 11]","[1.0, 6]","[352.0, 9]","[463.0, 15]",228.32,41,247.36,-0.17
07:30:03,"[229.7, 20]","[135.07, 29]","[296.75, 16]","[422.7, 23]",263.23,88,67.05,0.11
07:30:04,"[232.78, 27]","[230.0, 36]","[275.0, 24]","[397.0, 26]",253.89,113,42.22,0.12
07:30:05,"[242.0, 11]","[233.75, 20]","[275.0, 19]","[277.0, 18]",258.5,68,33.0,-0.09
07:30:06,"[246.5, 8]","[236.4, 5]","[275.0, 12]","[277.0, 12]",260.75,37,28.5,-0.3
07:30:07,"[242.39, 23]","[241.07, 15]","[275.0, 18]","[277.0, 18]",258.7,74,32.61,0.03
07:30:08,"[245.41, 37]","[244.18, 22]","[275.0, 18]","[277.0, 18]",260.2,95,29.59,0.24
07:30:09,"[249.25, 40]","[247.59, 39]","[342.27, 33]","[396.27, 33]",295.76,145,93.02,0.09
07:30:10,"[285.73, 22]","[277.25, 16]","[381.44, 59]","[596.53, 45]",333.58,142,95.71,-0.46
07:30:11,"[292.0, 22]","[290.83, 29]","[353.9, 48]","[361.31, 48]",322.95,147,61.9,-0.31
07:30:12,"[292.0, 29]","[291.0, 52]","[335.26, 43]","[337.54, 57]",313.63,181,43.26,-0.1
07:30:13,"[292.0, 21]","[291.0, 28]","[327.15, 26]","[328.9, 29]",309.58,104,35.15,-0.06
07:30:14,"[291.6, 25]","[290.8, 25]","[323.0, 33]","[324.68, 41]",307.3,124,31.4,-0.19
07:30:15,"[285.23, 106]","[284.32, 38]","[315.26, 31]","[316.9, 30]",300.24,205,30.03,0.4
07:30:16,"[285.0, 102]","[284.0, 36]","[308.87, 23]","[310.45, 29]",296.93,190,23.87,0.45
07:30:17,"[285.0, 204]","[284.0, 72]","[302.43, 23]","[303.52, 46]",293.72,345,17.43,0.6
07:30:18,"[285.0, 153]","[284.0, 54]","[297.73, 41]","[299.33, 24]",291.37,272,12.73,0.52
07:30:19,"[285.0, 136]","[284.0, 48]","[294.97, 39]","[296.74, 31]",289.99,254,9.97,0.45
07:30:20,"[285.0, 174]","[284.0, 72]","[294.0, 60]","[296.0, 48]",289.5,354,9.0,0.39
07:30:21,"[291.0, 26]","[285.0, 182]","[292.95, 43]","[294.25, 63]",291.98,314,1.95,0.32
07:30:22,"[285.0, 182]","[284.0, 78]","[292.0, 39]","[295.57, 61]",288.5,360,7.0,0.44
07:30:23,"[285.0, 182]","[284.0, 78]","[291.77, 35]","[298.1, 59]",288.39,354,6.77,0.47
07:30:24,"[285.0, 203]","[284.0, 90]","[296.58, 45]","[298.24, 59]",290.79,397,11.58,0.48
07:30:25,"[285.0, 65]","[284.0, 30]","[298.0, 25]","[300.0, 15]",291.5,135,13.0,0.41
07:30:26,"[285.0, 156]","[284.0, 72]","[298.0, 60]","[300.0, 36]",291.5,324,13.0,0.41
07:30:27,"[285.0, 117]","[284.0, 54]","[298.0, 45]","[300.0, 27]",291.5,243,13.0,0.41
07:30:28,"[285.0, 61]","[284.0, 48]","[298.0, 35]","[300.0, 21]",291.5,165,13.0,0.32
07:30:29,"[285.12, 40]","[284.1, 101]","[298.0, 45]","[300.0, 27]",291.56,213,12.88,0.32
07:30:30,"[289.2, 100]","[284.31, 113]","[296.09, 56]","[297.4, 58]",292.64,327,6.89,0.3
07:30:31,"[291.0, 100]","[285.0, 50]","[294.0, 40]","[295.5, 50]",292.5,240,3.0,0.25
07:30:32,"[292.31, 147]","[291.17, 72]","[294.0, 36]","[296.0, 45]",293.15,300,1.69,0.46
07:30:33,"[293.0, 103]","[292.0, 36]","[295.82, 44]","[300.59, 61]",294.41,244,2.82,0.14
07:30:34,"[293.0, 165]","[292.0, 60]","[298.85, 67]","[300.83, 58]",295.93,350,5.85,0.29
07:30:35,"[293.0, 110]","[292.0, 40]","[297.0, 40]","[299.0, 20]",295.0,210,4.0,0.43
07:30:36,"[293.0, 153]","[292.0, 60]","[294.8, 15]","[296.33, 27]",293.9,255,1.8,0.67
07:30:37,"[293.0, 112]","[292.0, 52]","[294.08, 13]","[300.25, 32]",293.54,209,1.08,0.57
07:30:38,"[293.0, 95]","[292.0, 52]","[301.55, 71]","[304.08, 59]",297.27,277,8.55,0.06
07:30:39,"[293.0, 56]","[292.0, 32]","[302.0, 32]","[306.62, 32]",297.5,152,9.0,0.16
07:30:40,"[293.0, 70]","[292.0, 40]","[302.0, 40]","[304.0, 40]",297.5,190,9.0,0.16
07:30:41,"[293.0, 77]","[292.0, 44]","[302.0, 44]","[303.83, 29]",297.5,194,9.0,0.25
07:30:42,"[293.0, 105]","[292.0, 60]","[302.0, 60]","[303.0, 17]",297.5,242,9.0,0.36
07:30:43,"[293.0, 55]","[292.0, 32]","[302.0, 32]","[303.0, 8]",297.5,127,9.0,0.37
07:30:44,"[293.0, 54]","[292.0, 36]","[302.0, 36]","[303.0, 9]",297.5,135,9.0,0.33
07:30:45,"[293.0, 42]","[292.0, 28]","[302.0, 28]","[303.0, 7]",297.5,105,9.0,0.33
07:30:46,"[292.61, 31]","[291.75, 48]","[301.11, 37]","[302.02, 45]",296.86,161,8.5,-0.02
07:30:47,"[293.0, 13]","[292.0, 52]","[300.15, 39]","[302.0, 46]",296.58,150,7.15,-0.13
07:30:48,"[293.0, 12]","[291.08, 48]","[300.0, 36]","[302.0, 12]",296.5,108,7.0,0.11
07:30:49,"[292.2, 20]","[290.77, 52]","[298.21, 42]","[303.11, 47]",295.21,161,6.01,-0.11
07:30:50,"[291.48, 92]","[286.58, 38]","[295.56, 48]","[302.0, 64]",293.52,242,4.08,0.07
07:30:51,"[292.0, 96]","[288.0, 24]","[295.0, 36]","[302.5, 48]",293.5,204,3.0,0.18
07:30:52,"[292.0, 123]","[288.0, 24]","[294.92, 36]","[302.36, 44]",293.46,227,2.92,0.3
07:30:53,"[292.0, 57]","[288.0, 24]","[294.0, 36]","[304.0, 44]",293.0,161,2.0,0.01
07:30:54,"[290.07, 29]","[286.83, 24]","[300.51, 43]","[305.68, 88]",295.29,184,10.44,-0.42
07:30:55,"[288.94, 34]","[286.62, 26]","[301.15, 52]","[303.77, 52]",295.05,164,12.21,-0.27
07:30:56,"[290.73, 44]","[287.75, 32]","[300.19, 64]","[302.44, 64]",295.46,204,9.46,-0.25
07:30:57,"[291.0, 13]","[288.0, 26]","[296.44, 36]","[298.25, 48]",293.72,123,5.44,-0.37
07:30:58,"[287.5, 20]","[286.09, 33]","[293.13, 46]","[293.5, 36]",290.32,135,5.63,-0.21
07:30:59,"[286.0, 32]","[285.0, 48]","[287.51, 61]","[290.12, 34]",286.75,175,1.51,-0.09
07:31:00,"[286.33, 18]","[284.79, 38]","[289.33, 9]","[291.0, 36]",287.83,101,3.0,0.11
07:31:01,"[286.27, 30]","[285.2, 69]","[290.15, 39]","[291.82, 51]",288.21,189,3.89,0.05
07:31:02,"[286.0, 20]","[285.0, 50]","[290.44, 45]","[293.14, 35]",288.22,150,4.44,-0.07
07:31:03,"[285.62, 39]","[283.85, 78]","[288.13, 62]","[289.43, 51]",286.87,230,2.51,0.02
07:31:04,"[285.11, 57]","[280.42, 72]","[290.15, 61]","[296.29, 21]",287.63,211,5.04,0.22
07:31:05,"[283.73, 40]","[281.64, 28]","[297.0, 54]","[298.0, 18]",290.36,140,13.27,-0.03
07:31:06,"[291.0, 98]","[279.17, 132]","[295.5, 42]","[302.17, 35]",293.25,307,4.5,0.5
07:31:07,"[291.0, 119]","[290.0, 17]","[294.16, 45]","[295.43, 63]",292.58,244,3.16,0.11
07:31:08,"[291.0, 43]","[290.0, 7]","[297.4, 25]","[298.13, 23]",294.2,98,6.4,0.02
07:31:09,"[291.12, 51]","[290.69, 26]","[297.0, 33]","[298.76, 63]",294.06,173,5.88,-0.11
07:31:10,"[293.0, 9]","[291.0, 54]","[296.0, 27]","[299.0, 34]",294.5,124,3.0,0.02
07:31:11,"[291.25, 24]","[290.72, 25]","[295.0, 30]","[299.98, 55]",293.12,134,3.75,-0.27
07:31:12,"[291.0, 37]","[290.0, 13]","[294.92, 39]","[299.8, 75]",292.96,164,3.92,-0.39
07:31:13,"[291.0, 22]","[290.0, 11]","[293.55, 33]","[295.0, 33]",292.27,99,2.55,-0.33
07:31:14,"[290.0, 16]","[286.0, 24]","[295.0, 48]","[299.11, 112]",292.5,200,5.0,-0.6
07:31:15,"[289.56, 9]","[285.89, 9]","[293.86, 21]","[296.88, 43]",291.71,82,4.3,-0.56
07:31:16,"[280.04, 51]","[279.42, 24]","[292.0, 36]","[293.0, 12]",286.02,123,11.96,0.22
07:31:17,"[284.0, 60]","[279.0, 72]","[291.0, 26]","[292.05, 22]",287.5,180,7.0,0.47
07:31:18,"[280.67, 120]","[278.22, 102]","[286.59, 34]","[288.03, 38]",283.63,294,5.92,0.51
07:31:19,"[279.86, 112]","[277.62, 64]","[284.0, 38]","[285.0, 14]",281.93,228,4.14,0.54
07:31:20,"[283.0, 92]","[278.62, 58]","[284.05, 22]","[289.89, 18]",283.52,190,1.05,0.58
07:31:21,"[278.88, 34]","[277.05, 74]","[283.25, 8]","[295.38, 32]",281.07,148,4.37,0.46
07:31:22,"[278.0, 40]","[277.0, 150]","[283.0, 15]","[295.0, 60]",280.5,265,5.0,0.43
07:31:23,"[278.0, 12]","[277.0, 60]","[292.79, 19]","[296.47, 30]",285.39,121,14.79,0.19
07:31:24,"[288.4, 60]","[277.21, 76]","[291.16, 50]","[295.04, 54]",289.78,240,2.76,0.13
07:31:25,"[282.24, 95]","[276.31, 64]","[292.67, 84]","[293.89, 94]",287.45,337,10.42,-0.06
07:31:26,"[278.79, 114]","[277.35, 80]","[289.08, 60]","[290.5, 48]",283.94,302,10.29,0.28
07:31:27,"[279.06, 170]","[277.0, 136]","[287.39, 77]","[290.97, 64]",283.22,447,8.33,0.37
07:31:28,"[280.0, 150]","[277.0, 42]","[282.85, 26]","[287.13, 31]",281.42,249,2.85,0.54
07:31:29,"[280.59, 109]","[276.38, 100]","[283.0, 32]","[291.0, 16]",281.79,257,2.41,0.63
07:31:30,"[283.53, 131]","[274.7, 105]","[290.03, 35]","[291.17, 18]",286.78,289,6.49,0.63
07:31:31,"[286.67, 63]","[273.0, 88]","[289.33, 18]","[292.0, 9]",288.0,178,2.67,0.7
07:31:32,"[288.0, 56]","[274.75, 64]","[293.38, 8]","[294.64, 14]",290.69,142,5.38,0.69
07:31:33,"[288.0, 105]","[275.0, 120]","[293.86, 21]","[294.93, 29]",290.93,275,5.86,0.64
07:31:34,"[288.18, 67]","[277.39, 98]","[293.76, 58]","[294.64, 39]",290.97,262,5.58,0.26
07:31:35,"[288.25, 64]","[283.17, 48]","[294.35, 20]","[296.72, 60]",291.3,192,6.1,0.17
07:31:36,"[288.0, 90]","[287.0, 15]","[294.13, 15]","[296.77, 39]",291.07,159,6.13,0.32
07:31:37,"[288.0, 66]","[287.0, 11]","[293.0, 11]","[297.0, 47]",290.5,135,5.0,0.14
07:31:38,"[288.0, 48]","[287.0, 8]","[291.38, 8]","[297.0, 32]",289.69,96,3.38,0.17
07:31:39,"[288.68, 93]","[287.94, 84]","[290.0, 14]","[295.88, 43]",289.34,234,1.32,0.51
07:31:40,"[288.62, 100]","[287.9, 80]","[291.87, 15]","[299.37, 27]",290.24,222,3.25,0.62
07:31:41,"[292.0, 65]","[288.0, 78]","[295.31, 13]","[300.33, 15]",293.65,171,3.31,0.67
07:31:42,"[292.0, 45]","[288.26, 46]","[295.0, 9]","[298.0, 9]",293.5,109,3.0,0.67
07:31:43,"[292.0, 31]","[291.0, 22]","[294.29, 21]","[297.73, 11]",293.14,85,2.29,0.25
07:31:44,"[291.29, 28]","[288.63, 76]","[295.84, 38]","[300.56, 18]",293.56,160,4.56,0.3
07:31:45,"[291.0, 28]","[288.0, 84]","[297.14, 28]","[298.09, 22]",294.07,162,6.14,0.38
07:31:46,"[281.45, 49]","[275.9, 63]","[294.12, 32]","[295.88, 32]",287.79,176,12.68,0.27
07:31:47,"[274.55, 20]","[273.12, 92]","[286.98, 45]","[293.5, 40]",280.76,197,12.43,0.14
07:31:48,"[275.0, 11]","[273.85, 53]","[276.15, 27]","[279.09, 22]",275.57,113,1.15,0.13
07:31:49,"[276.87, 15]","[274.26, 43]","[285.4, 30]","[289.87, 30]",281.13,118,8.53,-0.02
07:31:50,"[277.0, 7]","[274.0, 56]","[287.0, 14]","[289.0, 14]",282.0,91,10.0,0.38
07:31:51,"[281.96, 137]","[276.04, 25]","[284.89, 36]","[287.22, 36]",283.43,234,2.93,0.38
07:31:52,"[279.41, 41]","[275.73, 41]","[288.92, 26]","[292.0, 50]",284.17,158,9.51,0.04
07:31:53,"[276.17, 24]","[274.0, 24]","[282.71, 14]","[286.58, 38]",279.44,100,6.55,-0.04
07:31:54,"[277.77, 26]","[273.09, 22]","[280.41, 17]","[283.06, 35]",279.09,100,2.64,-0.04
07:31:55,"[287.38, 48]","[273.12, 64]","[289.7, 46]","[541.11, 38]",288.54,196,2.32,0.14
07:31:56,"[293.0, 71]","[282.08, 24]","[294.0, 36]","[561.58, 48]",293.5,179,1.0,0.06
07:31:57,"[293.0, 176]","[286.38, 26]","[294.0, 45]","[554.6, 40]",293.5,287,1.0,0.41
07:31:58,"[293.0, 132]","[291.0, 54]","[294.0, 54]","[377.31, 35]",293.5,275,1.0,0.35
07:31:59,"[293.0, 84]","[291.0, 36]","[294.0, 31]","[509.62, 21]",293.5,172,1.0,0.4
07:32:00,"[293.0, 40]","[291.0, 36]","[294.0, 30]","[351.64, 22]",293.5,128,1.0,0.19
07:32:01,"[291.5, 12]","[290.68, 38]","[294.0, 35]","[476.0, 21]",292.75,106,2.5,-0.06
07:32:02,"[292.99, 92]","[291.54, 13]","[294.0, 40]","[397.88, 32]",293.49,177,1.01,0.19
07:32:03,"[293.0, 120]","[292.0, 10]","[294.0, 50]","[355.0, 40]",293.5,220,1.0,0.18
07:32:04,"[293.0, 44]","[292.0, 8]","[294.0, 40]","[355.0, 32]",293.5,124,1.0,-0.16
07:32:05,"[293.0, 80]","[292.0, 8]","[294.0, 34]","[381.25, 32]",293.5,154,1.0,0.14
07:32:06,"[293.0, 70]","[292.0, 7]","[294.0, 46]","[393.38, 26]",293.5,149,1.0,0.03
07:32:07,"[293.0, 60]","[292.0, 6]","[294.0, 42]","[404.0, 20]",293.5,128,1.0,0.03
07:32:08,"[293.0, 150]","[292.0, 15]","[294.0, 105]","[356.34, 58]",293.5,328,1.0,0.01
07:32:09,"[293.0, 80]","[292.0, 8]","[294.0, 56]","[363.92, 25]",293.5,169,1.0,0.04
07:32:10,"[293.0, 89]","[292.0, 14]","[294.0, 98]","[590.36, 42]",293.5,243,1.0,-0.15
07:32:11,"[293.0, 32]","[292.0, 8]","[294.0, 56]","[587.84, 25]",293.5,121,1.0,-0.34
07:32:12,"[292.6, 40]","[289.5, 16]","[294.0, 70]","[528.12, 34]",293.3,160,1.4,-0.3
07:32:13,"[291.0, 34]","[286.38, 21]","[294.0, 70]","[385.0, 40]",292.5,165,3.0,-0.33
07:32:14,"[291.0, 7]","[288.0, 7]","[294.0, 49]","[442.96, 25]",292.5,88,3.0,-0.68
07:32:15,"[291.0, 11]","[288.0, 11]","[293.68, 62]","[368.76, 50]",292.34,134,2.68,-0.67
07:32:16,"[291.0, 10]","[288.0, 10]","[293.0, 40]","[294.92, 26]",292.0,86,2.0,-0.53
07:32:17,"[291.0, 9]","[288.0, 9]","[293.0, 24]","[295.0, 27]",292.0,69,2.0,-0.48
07:32:18,"[291.0, 5]","[288.0, 5]","[293.0, 5]","[295.0, 15]",292.0,30,2.0,-0.33
07:32:19,"[291.0, 6]","[288.0, 6]","[293.0, 6]","[295.0, 18]",292.0,36,2.0,-0.33
07:32:20,"[291.0, 9]","[288.0, 9]","[293.0, 9]","[295.74, 38]",292.0,65,2.0,-0.45
07:32:21,"[289.4, 15]","[286.36, 39]","[292.13, 31]","[294.7, 46]",290.76,131,2.73,-0.18
07:32:22,"[288.0, 10]","[285.48, 29]","[291.2, 20]","[295.0, 10]",289.6,69,3.2,0.13
07:32:23,"[288.0, 14]","[286.0, 28]","[290.36, 28]","[295.93, 14]",289.18,84,2.36,0.0
07:32:24,"[286.0, 24]","[281.46, 56]","[292.75, 32]","[298.62, 69]",289.38,181,6.75,-0.12
07:32:25,"[275.92, 50]","[278.08, 50]","[294.92, 48]","[298.27, 52]",285.42,200,19.0,0.0
07:32:26,"[286.86, 74]","[274.17, 60]","[297.0, 11]","[298.0, 33]",291.93,178,10.14,0.51
07:32:27,"[291.25, 64]","[278.66, 70]","[297.0, 13]","[298.0, 63]",294.12,210,5.75,0.28
07:32:28,"[292.0, 44]","[291.0, 44]","[297.0, 11]","[298.0, 49]",294.5,148,5.0,0.19
07:32:29,"[292.97, 158]","[291.0, 60]","[295.07, 60]","[297.0, 15]",294.02,293,2.09,0.49
07:32:30,"[293.0, 245]","[291.0, 64]","[297.77, 78]","[301.2, 65]",295.38,452,4.77,0.37
07:32:31,"[293.0, 59]","[291.0, 28]","[300.6, 30]","[301.27, 33]",296.8,150,7.6,0.16
07:32:32,"[293.0, 25]","[291.0, 20]","[300.0, 15]","[301.0, 10]",296.5,70,7.0,0.29
07:32:33,"[293.0, 28]","[291.0, 24]","[300.0, 18]","[301.0, 6]",296.5,76,7.0,0.37
07:32:34,"[293.0, 56]","[291.0, 56]","[297.67, 54]","[299.23, 30]",295.33,196,4.67,0.14
07:32:35,"[293.0, 40]","[291.0, 40]","[296.53, 38]","[297.29, 42]",294.76,160,3.53,0.0
07:32:36,"[293.0, 36]","[291.0, 36]","[295.33, 27]","[297.0, 45]",294.17,144,2.33,0.0
07:32:37,"[283.81, 37]","[281.4, 50]","[295.67, 42]","[300.0, 45]",289.74,174,11.86,0.0
07:32:38,"[276.0, 44]","[275.0, 66]","[293.82, 55]","[295.09, 55]",284.91,220,17.82,0.0
07:32:39,"[276.0, 60]","[275.0, 90]","[290.87, 75]","[292.07, 75]",283.43,300,14.87,0.0
07:32:40,"[276.48, 23]","[275.71, 62]","[290.14, 56]","[291.57, 70]",283.31,211,13.66,-0.19
07:32:41,"[277.33, 12]","[276.13, 39]","[289.73, 44]","[291.0, 55]",283.53,150,12.39,-0.32
07:32:42,"[279.94, 16]","[278.0, 32]","[288.48, 58]","[290.7, 80]",284.21,186,8.55,-0.48
07:32:43,"[278.5, 12]","[274.17, 24]","[289.0, 28]","[290.0, 35]",283.75,99,10.5,-0.27
07:32:44,"[279.54, 41]","[275.28, 67]","[287.19, 64]","[290.22, 58]",283.36,230,7.65,-0.06
07:32:45,"[282.36, 39]","[280.48, 46]","[285.68, 57]","[292.33, 18]",284.02,160,3.33,0.06
07:32:46,"[283.0, 15]","[278.0, 30]","[293.0, 15]","[294.0, 35]",288.0,95,10.0,-0.05
07:32:47,"[278.83, 12]","[274.83, 48]","[291.92, 12]","[293.46, 28]",285.38,100,13.08,0.2
07:32:48,"[276.2, 49]","[273.2, 50]","[282.52, 33]","[290.47, 17]",279.36,149,6.31,0.33
07:32:49,"[276.0, 26]","[273.23, 26]","[279.69, 13]","[285.5, 18]",277.85,83,3.69,0.25
07:32:50,"[276.0, 18]","[274.0, 18]","[278.0, 9]","[279.0, 9]",277.0,54,2.0,0.33
07:32:51,"[276.0, 16]","[274.0, 16]","[283.0, 32]","[286.06, 17]",279.5,81,7.0,-0.21
07:32:52,"[276.0, 18]","[274.0, 18]","[283.0, 36]","[284.0, 36]",279.5,108,7.0,-0.33
07:32:53,"[276.0, 8]","[274.0, 8]","[283.0, 16]","[284.0, 16]",279.5,48,7.0,-0.33
07:32:54,"[277.21, 224]","[276.79, 66]","[283.0, 56]","[284.0, 56]",280.1,402,5.79,0.44
07:32:55,"[278.69, 260]","[272.38, 26]","[283.0, 52]","[284.0, 52]",280.85,390,4.31,0.47
07:32:56,"[279.0, 220]","[271.0, 22]","[283.0, 44]","[284.0, 44]",281.0,330,4.0,0.47
07:32:57,"[280.0, 260]","[270.86, 28]","[283.0, 52]","[284.0, 52]",281.5,392,3.0,0.47
07:32:58,"[280.0, 100]","[270.0, 20]","[283.0, 20]","[284.0, 20]",281.5,160,3.0,0.5
07:32:59,"[281.0, 240]","[270.0, 52]","[283.0, 48]","[284.0, 48]",282.0,388,2.0,0.51
07:33:00,"[281.0, 280]","[270.96, 108]","[283.04, 54]","[284.26, 54]",282.02,496,2.04,0.56
07:33:01,"[281.87, 300]","[271.67, 120]","[283.76, 34]","[290.07, 30]",282.82,484,1.9,0.74
07:33:02,"[272.88, 164]","[271.64, 61]","[291.86, 43]","[293.43, 28]",282.37,296,18.98,0.52
07:33:03,"[274.0, 198]","[270.87, 23]","[290.0, 26]","[292.0, 11]",282.0,258,16.0,0.71
07:33:04,"[275.1, 218]","[273.44, 72]","[289.8, 15]","[293.66, 77]",282.45,382,14.7,0.52
07:33:05,"[276.67, 324]","[273.0, 144]","[288.77, 39]","[291.61, 89]",282.72,596,12.1,0.57
07:33:06,"[277.95, 274]","[272.25, 128]","[285.22, 46]","[288.44, 64]",281.58,512,7.27,0.57
07:33:07,"[279.88, 204]","[272.0, 154]","[284.29, 68]","[285.47, 68]",282.09,494,4.41,0.45
07:33:08,"[281.0, 84]","[274.57, 56]","[283.0, 28]","[284.0, 28]",282.0,196,2.0,0.43
07:33:09,"[281.54, 156]","[275.08, 104]","[283.0, 52]","[284.0, 52]",282.27,364,1.46,0.43
07:33:10,"[280.63, 140]","[275.5, 80]","[283.31, 52]","[285.5, 48]",281.97,320,2.68,0.38
07:33:11,"[276.0, 56]","[271.0, 14]","[284.0, 28]","[290.0, 21]",280.0,119,8.0,0.18
07:33:12,"[276.0, 75]","[271.0, 20]","[284.0, 40]","[290.0, 30]",280.0,165,8.0,0.15
07:33:13,"[276.0, 56]","[271.26, 19]","[284.0, 32]","[290.0, 24]",280.0,131,8.0,0.15
07:33:14,"[276.0, 56]","[271.0, 16]","[284.0, 32]","[290.0, 24]",280.0,128,8.0,0.12
07:33:15,"[276.12, 64]","[272.52, 23]","[284.0, 36]","[290.0, 27]",280.06,150,7.88,0.16
07:33:16,"[278.62, 128]","[273.1, 80]","[284.0, 61]","[290.0, 100]",281.31,369,5.38,0.13
07:33:17,"[280.0, 80]","[270.79, 19]","[284.0, 30]","[290.0, 30]",282.0,159,4.0,0.25
07:33:18,"[280.75, 96]","[270.67, 12]","[284.0, 36]","[290.0, 36]",282.38,180,3.25,0.2
07:33:19,"[280.6, 53]","[280.38, 32]","[284.0, 37]","[290.0, 45]",282.3,167,3.4,0.02
07:33:20,"[269.33, 42]","[267.22, 36]","[284.0, 9]","[290.0, 27]",276.67,114,14.67,0.37
07:33:21,"[268.69, 52]","[267.45, 31]","[282.08, 39]","[284.0, 13]",275.38,135,13.38,0.23
07:33:22,"[270.95, 80]","[269.0, 20]","[282.08, 62]","[284.62, 26]",276.52,188,11.13,0.06
07:33:23,"[269.5, 16]","[268.02, 49]","[282.15, 52]","[286.14, 43]",275.83,160,12.65,-0.19
07:33:24,"[269.95, 21]","[268.5, 18]","[284.64, 44]","[286.4, 20]",277.29,103,14.68,-0.24
07:33:25,"[270.0, 20]","[268.2, 44]","[285.0, 32]","[286.67, 24]",277.5,120,15.0,0.07
07:33:26,"[271.0, 28]","[269.81, 16]","[282.0, 28]","[285.73, 26]",276.5,98,11.0,-0.1
07:33:27,"[280.79, 28]","[270.9, 31]","[282.0, 26]","[284.86, 28]",281.39,113,1.21,0.04
07:33:28,"[268.94, 47]","[267.55, 38]","[283.06, 47]","[285.88, 64]",276.0,196,14.13,-0.13
07:33:29,"[276.92, 36]","[268.17, 36]","[282.0, 33]","[287.0, 48]",279.46,153,5.08,-0.06
07:33:30,"[268.0, 27]","[266.0, 27]","[282.0, 9]","[285.0, 73]",275.0,136,14.0,-0.21
07:33:31,"[268.0, 27]","[266.0, 27]","[283.15, 13]","[286.11, 76]",275.58,143,15.15,-0.24
07:33:32,"[268.1, 20]","[266.5, 24]","[283.82, 34]","[303.38, 32]",275.96,110,15.72,-0.2
07:33:33,"[269.19, 31]","[268.06, 31]","[275.0, 52]","[340.26, 57]",272.1,171,5.81,-0.27
07:33:34,"[270.86, 7]","[269.0, 21]","[275.0, 28]","[359.17, 29]",272.93,85,4.14,-0.34
07:33:35,"[271.0, 10]","[267.2, 30]","[275.0, 40]","[283.0, 41]",273.0,121,4.0,-0.34
07:33:36,"[271.83, 35]","[268.65, 26]","[275.0, 38]","[278.0, 22]",273.41,121,3.17,0.01
07:33:37,"[273.33, 9]","[272.0, 81]","[275.0, 9]","[278.0, 18]",274.17,117,1.67,0.54
07:33:38,"[276.52, 86]","[272.5, 54]","[282.3, 46]","[284.15, 52]",279.41,238,5.78,0.18
07:33:39,"[277.1, 70]","[275.65, 62]","[279.57, 14]","[283.14, 14]",278.34,160,2.47,0.65
07:33:40,"[278.0, 6]","[270.0, 30]","[283.0, 36]","[284.0, 6]",280.5,78,5.0,-0.08
07:33:41,"[279.98, 123]","[274.5, 30]","[283.0, 161]","[284.0, 83]",281.49,397,3.02,-0.23
07:33:42,"[280.18, 88]","[279.0, 11]","[283.0, 110]","[284.0, 66]",281.59,275,2.82,-0.28
07:33:43,"[281.38, 39]","[280.26, 105]","[283.17, 108]","[296.97, 99]",282.28,351,1.78,-0.18
07:33:44,"[275.83, 18]","[267.93, 28]","[284.0, 84]","[308.16, 19]",279.92,149,8.17,-0.38
07:33:45,"[269.81, 37]","[268.52, 25]","[284.0, 78]","[377.27, 30]",276.91,170,14.19,-0.27
07:33:46,"[272.65, 31]","[271.09, 44]","[283.86, 84]","[284.81, 64]",278.25,223,11.21,-0.33
07:33:47,"[274.67, 45]","[273.0, 30]","[281.48, 46]","[283.92, 76]",278.07,197,6.81,-0.24
07:33:48,"[269.92, 26]","[268.38, 16]","[282.31, 52]","[284.31, 61]",276.12,155,12.38,-0.46
07:33:49,"[269.89, 18]","[268.94, 17]","[276.0, 18]","[281.78, 54]",272.94,107,6.11,-0.35
07:33:50,"[270.91, 22]","[267.62, 32]","[276.0, 20]","[280.0, 50]",273.45,124,5.09,-0.13
07:33:51,"[272.72, 25]","[267.39, 31]","[276.0, 12]","[280.0, 60]",274.36,128,3.28,-0.12
07:33:52,"[274.92, 36]","[273.0, 24]","[276.0, 12]","[280.0, 60]",275.46,132,1.08,-0.09
07:33:53,"[273.67, 18]","[265.25, 16]","[279.75, 32]","[283.51, 82]",276.71,148,6.08,-0.54
07:33:54,"[274.88, 16]","[268.0, 36]","[280.0, 40]","[284.0, 96]",277.44,188,5.12,-0.45
07:33:55,"[276.55, 22]","[275.55, 22]","[280.0, 55]","[284.0, 132]",278.27,231,3.45,-0.62
07:33:56,"[278.44, 32]","[276.88, 32]","[281.71, 105]","[284.33, 172]",280.08,341,3.28,-0.62
07:33:57,"[280.94, 34]","[279.7, 46]","[283.6, 55]","[284.22, 136]",282.27,271,2.66,-0.41
07:33:58,"[282.0, 24]","[267.5, 80]","[283.52, 64]","[284.22, 111]",282.76,279,1.52,-0.25
07:33:59,"[282.0, 34]","[266.0, 152]","[283.0, 29]","[284.0, 181]",282.5,396,1.0,-0.06
07:34:00,"[269.52, 126]","[267.78, 128]","[283.98, 99]","[284.72, 58]",276.75,411,14.46,0.24
07:34:01,"[272.29, 17]","[268.82, 100]","[281.22, 23]","[284.03, 115]",276.76,255,8.92,-0.08
07:34:02,"[274.25, 12]","[267.0, 24]","[280.0, 12]","[284.0, 84]",277.12,132,5.75,-0.45
07:34:03,"[275.22, 9]","[267.0, 18]","[280.0, 9]","[284.0, 90]",277.61,126,4.78,-0.57
07:34:04,"[276.0, 13]","[266.08, 26]","[280.64, 22]","[283.98, 53]",278.32,114,4.64,-0.32
07:34:05,"[279.57, 14]","[270.5, 20]","[317.75, 16]","[385.81, 16]",298.66,66,38.18,0.03
07:34:06,"[284.86, 14]","[283.68, 19]","[392.0, 9]","[541.78, 9]",338.43,51,107.14,0.29
07:34:07,"[285.82, 11]","[284.71, 14]","[424.0, 7]","[540.0, 7]",354.91,39,138.18,0.28
07:34:08,"[287.36, 11]","[285.1, 21]","[407.96, 23]","[549.56, 32]",347.66,87,120.59,-0.26
07:34:09,"[288.25, 12]","[287.08, 12]","[539.52, 27]","[634.55, 33]",413.88,84,251.27,-0.43
07:34:10,"[286.38, 13]","[284.16, 73]","[397.93, 30]","[424.73, 11]",342.16,127,111.55,0.35
07:34:11,"[285.0, 14]","[284.0, 98]","[396.57, 14]","[397.73, 22]",340.79,148,111.57,0.51
07:34:12,"[291.77, 39]","[284.28, 58]","[374.82, 22]","[395.55, 22]",333.29,141,83.05,0.38
07:34:13,"[284.0, 206]","[279.53, 60]","[355.24, 34]","[392.09, 22]",319.62,322,71.24,0.65
07:34:14,"[284.0, 168]","[213.0, 14]","[393.14, 14]","[394.29, 14]",338.57,210,109.14,0.73
07:34:15,"[284.03, 136]","[279.45, 60]","[391.62, 16]","[392.62, 16]",337.83,228,107.6,0.72
07:34:16,"[285.0, 54]","[284.0, 189]","[340.67, 15]","[378.4, 15]",312.83,273,55.67,0.78
07:34:17,"[284.15, 47]","[282.31, 153]","[307.0, 18]","[383.71, 14]",295.57,232,22.85,0.72
07:34:18,"[284.0, 280]","[203.73, 45]","[305.07, 30]","[311.6, 30]",294.53,385,21.07,0.69
07:34:19,"[284.0, 224]","[176.61, 44]","[302.96, 52]","[303.7, 46]",293.48,366,18.96,0.46
07:34:20,"[284.71, 196]","[277.75, 102]","[298.84, 62]","[300.23, 47]",291.78,407,14.12,0.46
07:34:21,"[292.0, 18]","[287.89, 72]","[295.58, 60]","[296.72, 57]",293.79,207,3.58,-0.13
07:34:22,"[291.15, 26]","[285.6, 80]","[292.91, 55]","[293.91, 55]",292.03,216,1.76,-0.02
07:34:23,"[284.85, 59]","[284.08, 60]","[287.76, 37]","[297.73, 51]",286.3,207,2.91,0.15
07:34:24,"[284.0, 49]","[283.0, 7]","[291.76, 33]","[505.55, 20]",287.88,109,7.76,0.03
07:34:25,"[284.0, 63]","[283.0, 9]","[290.11, 45]","[486.73, 15]",287.06,132,6.11,0.09
07:34:26,"[284.34, 59]","[283.67, 21]","[288.11, 45]","[307.0, 9]",286.23,134,3.77,0.19
07:34:27,"[283.85, 59]","[247.09, 23]","[287.73, 55]","[354.49, 43]",285.79,180,3.88,-0.09
07:34:28,"[281.98, 43]","[246.23, 52]","[285.02, 50]","[314.14, 70]",283.5,215,3.04,-0.12
07:34:29,"[283.04, 81]","[282.0, 20]","[296.67, 45]","[330.03, 37]",289.85,183,13.63,0.1
07:34:30,"[281.29, 70]","[280.0, 9]","[295.0, 9]","[296.0, 45]",288.14,133,13.71,0.19
07:34:31,"[281.0, 32]","[280.0, 7]","[294.57, 7]","[296.0, 35]",287.79,81,13.57,-0.04
07:34:32,"[281.88, 34]","[280.98, 41]","[292.0, 11]","[296.64, 55]",286.94,141,10.12,0.06
07:34:33,"[282.04, 73]","[281.09, 44]","[290.55, 11]","[296.18, 55]",286.29,183,8.5,0.28
07:34:34,"[284.1, 30]","[281.12, 68]","[288.7, 10]","[295.5, 50]",286.4,158,4.6,0.24
07:34:35,"[285.0, 24]","[280.71, 17]","[293.0, 16]","[299.25, 32]",289.0,89,8.0,-0.08
07:34:36,"[289.0, 36]","[283.87, 31]","[295.53, 57]","[337.54, 72]",292.26,196,6.53,-0.32
07:34:37,"[286.15, 13]","[280.25, 64]","[294.31, 39]","[295.92, 65]",290.23,181,8.15,-0.15
07:34:38,"[287.93, 14]","[286.0, 140]","[291.57, 42]","[295.07, 70]",289.75,266,3.64,0.16
07:34:39,"[286.02, 91]","[283.81, 37]","[291.0, 30]","[295.3, 50]",288.51,208,4.98,0.23
07:34:40,"[286.0, 130]","[278.32, 139]","[291.46, 41]","[295.69, 62]",288.73,372,5.46,0.45
07:34:41,"[289.6, 50]","[284.35, 126]","[294.91, 46]","[300.18, 51]",292.26,273,5.31,0.29
07:34:42,"[286.95, 95]","[282.88, 82]","[292.15, 26]","[295.0, 65]",289.55,268,5.21,0.32
07:34:43,"[286.35, 86]","[282.64, 53]","[293.42, 48]","[345.71, 34]",289.88,221,7.07,0.26
07:34:44,"[291.0, 22]","[286.0, 110]","[300.0, 55]","[384.0, 55]",295.5,242,9.0,0.09
07:34:45,"[292.79, 96]","[286.97, 62]","[300.0, 55]","[374.53, 19]",296.4,232,7.21,0.36
07:34:46,"[293.0, 280]","[291.0, 28]","[300.0, 70]","[339.12, 34]",296.5,412,7.0,0.5
07:34:47,"[293.0, 220]","[291.0, 22]","[298.27, 33]","[300.73, 55]",295.64,330,5.27,0.47
07:34:48,"[293.0, 316]","[291.0, 34]","[296.82, 51]","[304.0, 85]",294.91,486,3.82,0.44
07:34:49,"[293.0, 164]","[291.0, 20]","[295.2, 30]","[306.3, 50]",294.1,264,2.2,0.39
07:34:50,"[293.0, 119]","[291.0, 26]","[301.27, 49]","[376.14, 64]",297.13,258,8.27,0.12
07:34:51,"[293.0, 55]","[291.0, 50]","[308.0, 55]","[452.85, 20]",300.5,180,15.0,0.17
07:34:52,"[293.0, 60]","[291.0, 192]","[308.0, 60]","[346.74, 19]",300.5,331,15.0,0.52
07:34:53,"[293.0, 40]","[291.0, 128]","[308.0, 40]","[435.12, 17]",300.5,225,15.0,0.49
07:34:54,"[293.0, 35]","[291.0, 112]","[308.0, 35]","[362.14, 7]",300.5,189,15.0,0.56
07:34:55,"[291.0, 96]","[288.0, 6]","[308.0, 30]","[358.83, 6]",299.5,138,17.0,0.48
07:34:56,"[291.0, 96]","[288.0, 6]","[308.0, 30]","[411.5, 8]",299.5,140,17.0,0.46
07:34:57,"[291.0, 118]","[288.0, 8]","[306.93, 28]","[323.0, 20]",298.96,174,15.93,0.45
07:34:58,"[291.0, 140]","[288.0, 10]","[304.62, 34]","[324.12, 32]",297.81,216,13.62,0.39
07:34:59,"[291.14, 70]","[290.7, 50]","[305.0, 50]","[429.0, 10]",298.07,180,13.86,0.33
07:35:00,"[292.0, 26]","[291.0, 117]","[303.59, 54]","[312.02, 53]",297.8,250,11.59,0.14
07:35:01,"[292.43, 21]","[291.1, 60]","[303.0, 36]","[400.27, 33]",297.71,150,10.57,0.08
07:35:02,"[293.0, 36]","[292.0, 24]","[300.61, 49]","[309.45, 58]",296.81,167,7.61,-0.28
07:35:03,"[292.08, 39]","[291.5, 16]","[299.67, 18]","[300.77, 39]",295.87,112,7.59,-0.02
07:35:04,"[291.0, 117]","[288.0, 13]","[296.05, 37]","[298.38, 13]",293.53,180,5.05,0.44
07:35:05,"[291.0, 99]","[288.0, 11]","[293.62, 32]","[295.22, 23]",292.31,165,2.62,0.33
07:35:06,"[290.89, 66]","[286.26, 62]","[300.33, 63]","[334.42, 45]",295.61,236,9.44,0.08
07:35:07,"[292.0, 40]","[286.2, 50]","[307.0, 50]","[357.0, 40]",299.5,180,15.0,0.0
07:35:08,"[292.0, 28]","[288.0, 7]","[307.0, 35]","[357.0, 28]",299.5,98,15.0,-0.29
07:35:09,"[292.0, 18]","[288.0, 6]","[307.0, 30]","[493.71, 14]",299.5,68,15.0,-0.29
07:35:10,"[292.0, 15]","[288.0, 5]","[307.0, 25]","[680.71, 17]",299.5,62,15.0,-0.35
07:35:11,"[292.0, 15]","[288.0, 5]","[307.0, 25]","[666.0, 15]",299.5,60,15.0,-0.33
07:35:12,"[292.0, 36]","[288.0, 12]","[307.0, 60]","[666.0, 36]",299.5,144,15.0,-0.33
07:35:13,"[292.0, 18]","[290.73, 11]","[307.0, 30]","[432.67, 18]",299.5,77,15.0,-0.25
07:35:14,"[292.0, 20]","[291.0, 80]","[307.0, 40]","[316.0, 24]",299.5,164,15.0,0.22
07:35:15,"[291.2, 20]","[290.62, 29]","[307.0, 20]","[371.5, 12]",299.1,81,15.8,0.21
07:35:16,"[291.0, 40]","[288.0, 8]","[307.0, 25]","[347.0, 25]",299.0,98,16.0,-0.02
07:35:17,"[291.0, 33]","[288.0, 15]","[307.0, 45]","[363.44, 45]",299.0,138,16.0,-0.3
07:35:18,"[286.71, 7]","[282.78, 9]","[306.79, 29]","[441.29, 35]",296.75,80,20.08,-0.6
07:35:19,"[285.0, 9]","[283.0, 9]","[304.57, 23]","[495.0, 45]",294.78,86,19.57,-0.58
07:35:20,"[285.3, 10]","[283.2, 10]","[300.91, 23]","[441.68, 31]",293.11,74,15.61,-0.46
07:35:21,"[281.55, 22]","[226.79, 47]","[298.0, 20]","[299.0, 30]",289.77,119,16.45,0.16
07:35:22,"[282.11, 81]","[281.85, 78]","[295.61, 36]","[297.04, 49]",288.86,244,13.5,0.3
07:35:23,"[284.03, 66]","[233.1, 50]","[295.19, 32]","[323.27, 40]",289.61,188,11.16,0.23
07:35:24,"[287.0, 10]","[285.75, 16]","[389.8, 5]","[472.8, 15]",338.4,46,102.8,0.13
07:35:25,"[286.5, 32]","[283.18, 38]","[329.29, 21]","[513.52, 23]",307.89,114,42.79,0.23
07:35:26,"[285.89, 18]","[184.57, 35]","[298.71, 17]","[321.32, 19]",292.3,89,12.82,0.19
07:35:27,"[285.0, 12]","[172.17, 30]","[298.0, 15]","[352.0, 18]",291.5,75,13.0,0.12
07:35:28,"[290.33, 36]","[209.0, 14]","[298.0, 24]","[372.0, 18]",294.17,92,7.67,0.09
07:35:29,"[291.0, 80]","[286.0, 20]","[296.49, 35]","[312.88, 24]",293.74,159,5.49,0.26
07:35:30,"[290.21, 33]","[265.36, 28]","[294.05, 20]","[295.08, 52]",292.13,133,3.84,-0.08
07:35:31,"[290.31, 13]","[284.14, 14]","[292.47, 15]","[296.61, 31]",291.39,73,2.16,-0.26
07:35:32,"[288.0, 8]","[281.75, 16]","[291.2, 20]","[299.0, 16]",289.6,60,3.2,-0.2
07:35:33,"[283.15, 13]","[218.88, 33]","[288.74, 27]","[291.96, 25]",285.95,98,5.59,-0.06
07:35:34,"[281.0, 8]","[131.44, 48]","[286.97, 32]","[292.11, 28]",283.98,116,5.97,-0.03
07:35:35,"[281.0, 10]","[143.45, 22]","[285.87, 30]","[288.19, 32]",283.43,94,4.87,-0.32
07:35:36,"[281.0, 11]","[92.51, 43]","[282.97, 37]","[283.88, 25]",281.99,116,1.97,-0.07
07:35:37,"[281.0, 12]","[173.45, 75]","[282.0, 12]","[283.0, 48]",281.5,147,1.0,0.18
07:35:38,"[182.21, 56]","[113.36, 45]","[283.0, 32]","[284.0, 8]",232.61,141,100.79,0.43
07:35:39,"[246.43, 35]","[121.29, 28]","[283.4, 15]","[290.75, 12]",264.91,90,36.97,0.4
07:35:40,"[252.09, 11]","[175.82, 49]","[287.18, 11]","[310.69, 26]",269.64,97,35.09,0.24
07:35:41,"[289.65, 17]","[240.22, 18]","[293.73, 44]","[406.5, 32]",291.69,111,4.08,-0.37
07:35:42,"[293.0, 10]","[290.0, 5]","[294.0, 20]","[519.0, 10]",293.5,45,1.0,-0.33
07:35:43,"[293.0, 8]","[291.88, 16]","[294.0, 16]","[519.0, 8]",293.5,48,1.0,0.0
07:35:44,"[293.0, 10]","[292.0, 25]","[294.0, 20]","[575.67, 6]",293.5,61,1.0,0.15
07:35:45,"[293.0, 10]","[292.0, 49]","[294.0, 20]","[604.0, 5]",293.5,84,1.0,0.4
07:35:46,"[293.0, 10]","[292.0, 85]","[294.0, 20]","[316.0, 10]",293.5,125,1.0,0.52
07:35:47,"[292.12, 51]","[291.89, 54]","[294.0, 24]","[316.0, 12]",293.06,141,1.88,0.49
07:35:48,"[292.0, 58]","[290.0, 4]","[294.0, 16]","[316.0, 8]",293.0,86,2.0,0.44
07:35:49,"[292.0, 85]","[290.0, 9]","[293.75, 32]","[303.42, 24]",292.88,150,1.75,0.25
07:35:50,"[292.0, 40]","[290.0, 7]","[293.62, 26]","[299.42, 19]",292.81,92,1.62,0.02
07:35:51,"[287.0, 56]","[284.71, 34]","[293.0, 27]","[298.56, 27]",290.0,144,6.0,0.25
07:35:52,"[285.95, 19]","[284.71, 42]","[293.0, 15]","[299.0, 15]",289.47,91,7.05,0.34
07:35:53,"[291.0, 9]","[285.0, 126]","[292.56, 27]","[299.0, 27]",291.78,189,1.56,0.43
07:35:54,"[285.08, 71]","[283.16, 19]","[297.83, 18]","[344.56, 9]",291.46,117,12.75,0.54
07:35:55,"[285.0, 154]","[278.0, 11]","[298.24, 34]","[317.0, 27]",291.62,226,13.24,0.46
07:35:56,"[285.0, 154]","[244.75, 32]","[295.0, 25]","[296.78, 37]",290.0,248,10.0,0.5
07:35:57,"[285.0, 182]","[251.6, 55]","[292.47, 38]","[295.08, 26]",288.74,301,7.47,0.57
07:35:58,"[285.0, 168]","[279.88, 16]","[289.0, 48]","[290.0, 36]",287.0,268,4.0,0.37
07:35:59,"[285.0, 210]","[281.0, 15]","[286.27, 30]","[288.0, 75]",285.63,330,1.27,0.36
07:36:00,"[285.02, 129]","[284.29, 51]","[288.43, 47]","[296.03, 38]",286.72,265,3.4,0.36
07:36:01,"[285.71, 85]","[284.88, 64]","[298.0, 36]","[302.0, 24]",291.85,209,12.29,0.43
07:36:02,"[286.0, 84]","[285.0, 70]","[296.48, 63]","[298.69, 42]",291.24,259,10.48,0.19
07:36:03,"[286.0, 70]","[284.52, 50]","[287.27, 44]","[296.67, 48]",286.64,212,1.27,0.13
07:36:04,"[286.0, 14]","[285.0, 12]","[287.0, 16]","[298.0, 20]",286.5,62,1.0,-0.16
07:36:05,"[285.08, 26]","[283.06, 99]","[297.0, 44]","[527.42, 31]",291.04,200,11.92,0.25
07:36:06,"[290.6, 15]","[284.2, 30]","[298.0, 35]","[505.0, 21]",294.3,101,7.4,-0.11
07:36:07,"[292.0, 24]","[285.0, 36]","[298.0, 60]","[498.09, 35]",295.0,155,6.0,-0.23
07:36:08,"[285.39, 31]","[283.19, 21]","[297.0, 20]","[298.0, 32]",291.19,104,11.61,0.0
07:36:09,"[282.0, 84]","[279.0, 15]","[295.36, 22]","[297.88, 32]",288.68,153,13.36,0.29
07:36:10,"[282.0, 20]","[279.0, 15]","[284.0, 10]","[289.4, 10]",283.0,55,2.0,0.27
07:36:11,"[282.0, 40]","[279.0, 14]","[283.0, 20]","[286.2, 20]",282.5,94,1.0,0.15
07:36:12,"[281.86, 42]","[278.62, 16]","[283.0, 24]","[288.0, 24]",282.43,106,1.14,0.09
07:36:13,"[279.81, 43]","[278.23, 31]","[286.71, 24]","[335.91, 47]",283.26,145,6.89,0.02
07:36:14,"[280.12, 33]","[279.0, 12]","[282.0, 12]","[284.5, 24]",281.06,81,1.88,0.11
07:36:15,"[279.62, 13]","[277.27, 26]","[284.0, 23]","[290.83, 36]",281.81,98,4.38,-0.2
07:36:16,"[278.4, 10]","[276.0, 30]","[285.69, 16]","[293.11, 38]",282.04,94,7.29,-0.15
07:36:17,"[283.46, 91]","[277.89, 101]","[293.0, 58]","[293.89, 54]",288.23,304,9.54,0.26
07:36:18,"[291.0, 75]","[290.0, 62]","[295.0, 55]","[297.0, 11]",293.0,203,4.0,0.35
07:36:19,"[291.86, 42]","[290.0, 42]","[295.0, 35]","[297.0, 7]",293.43,126,3.14,0.33
07:36:20,"[292.0, 42]","[290.0, 42]","[295.0, 35]","[297.0, 7]",293.5,126,3.0,0.33
07:36:21,"[292.0, 60]","[290.0, 60]","[295.0, 54]","[297.0, 10]",293.5,184,3.0,0.3
07:36:22,"[292.0, 54]","[290.0, 54]","[294.57, 69]","[295.93, 15]",293.28,192,2.57,0.12
07:36:23,"[292.0, 30]","[290.0, 54]","[293.0, 45]","[297.0, 9]",292.5,138,1.0,0.22
07:36:24,"[290.29, 56]","[288.0, 40]","[295.15, 26]","[298.78, 36]",292.72,158,4.87,0.22
07:36:25,"[290.0, 87]","[285.0, 24]","[293.66, 29]","[296.08, 39]",291.83,179,3.66,0.24
07:36:26,"[290.0, 143]","[285.0, 22]","[291.23, 26]","[295.31, 29]",290.62,220,1.23,0.5
07:36:27,"[290.0, 182]","[285.0, 28]","[291.0, 56]","[292.19, 16]",290.5,282,1.0,0.49
07:36:28,"[290.0, 79]","[285.0, 14]","[291.32, 19]","[295.18, 11]",290.66,123,1.32,0.51
07:36:29,"[290.0, 99]","[282.78, 23]","[293.0, 11]","[303.48, 29]",291.5,162,3.0,0.51
07:36:30,"[290.0, 72]","[283.19, 48]","[293.0, 8]","[301.0, 16]",291.5,144,3.0,0.67
07:36:31,"[290.0, 45]","[286.0, 55]","[293.0, 5]","[301.0, 10]",291.5,115,3.0,0.74
07:36:32,"[290.0, 45]","[286.0, 55]","[293.0, 5]","[301.0, 10]",291.5,115,3.0,0.74
07:36:33,"[290.0, 48]","[286.17, 72]","[292.89, 9]","[300.53, 17]",291.44,146,2.89,0.64
07:36:34,"[290.0, 52]","[286.0, 132]","[291.92, 12]","[295.29, 14]",290.96,210,1.92,0.75
07:36:35,"[290.0, 12]","[286.0, 66]","[294.67, 6]","[301.0, 12]",292.33,96,4.67,0.62
07:36:36,"[286.94, 49]","[285.06, 86]","[295.0, 10]","[301.8, 20]",290.97,165,8.06,0.64
07:36:37,"[290.0, 66]","[286.33, 92]","[295.0, 12]","[302.0, 24]",292.5,194,5.0,0.63
07:36:38,"[291.0, 71]","[288.0, 27]","[295.0, 9]","[302.0, 18]",293.0,125,4.0,0.57
07:36:39,"[291.75, 32]","[290.45, 49]","[295.0, 13]","[301.92, 26]",293.38,120,3.25,0.35
07:36:40,"[292.0, 10]","[291.0, 20]","[295.0, 5]","[301.0, 10]",293.5,45,3.0,0.33
07:36:41,"[292.0, 24]","[291.0, 48]","[294.0, 24]","[295.58, 12]",293.0,108,2.0,0.33
07:36:42,"[292.0, 14]","[291.0, 28]","[293.43, 14]","[296.0, 7]",292.71,63,1.43,0.33
07:36:43,"[291.16, 38]","[288.92, 39]","[295.87, 15]","[303.05, 21]",293.51,113,4.71,0.36
07:36:44,"[291.0, 24]","[288.0, 24]","[298.0, 8]","[305.0, 16]",294.5,72,7.0,0.33
07:36:45,"[291.0, 18]","[288.0, 18]","[298.0, 6]","[305.0, 12]",294.5,54,7.0,0.33
07:36:46,"[289.69, 16]","[286.21, 86]","[295.54, 13]","[304.63, 19]",292.61,134,5.85,0.52
07:36:47,"[288.0, 9]","[286.0, 99]","[291.33, 24]","[301.69, 13]",289.67,145,3.33,0.49
07:36:48,"[286.0, 112]","[285.0, 64]","[297.05, 55]","[299.89, 19]",291.53,250,11.05,0.41
07:36:49,"[287.17, 64]","[286.34, 59]","[296.1, 40]","[298.0, 10]",291.64,173,8.93,0.42
07:36:50,"[292.29, 99]","[288.97, 124]","[296.0, 60]","[300.71, 21]",294.15,304,3.71,0.47
07:36:51,"[293.0, 122]","[291.0, 104]","[294.8, 61]","[297.25, 48]",293.9,335,1.8,0.35
07:36:52,"[291.91, 53]","[289.2, 140]","[297.37, 49]","[300.29, 34]",294.64,276,5.46,0.4
07:36:53,"[292.43, 56]","[289.56, 50]","[299.0, 45]","[303.67, 30]",295.71,181,6.57,0.17
07:36:54,"[293.0, 40]","[291.0, 20]","[299.0, 30]","[305.0, 20]",296.0,110,6.0,0.09
07:36:55,"[293.0, 52]","[291.0, 26]","[299.0, 39]","[305.0, 26]",296.0,143,6.0,0.09
07:36:56,"[293.0, 32]","[291.0, 16]","[299.0, 24]","[305.0, 16]",296.0,88,6.0,0.09
07:36:57,"[293.0, 52]","[291.0, 26]","[299.0, 39]","[305.0, 26]",296.0,143,6.0,0.09
07:36:58,"[293.0, 36]","[291.0, 18]","[299.0, 27]","[305.0, 18]",296.0,99,6.0,0.09
07:36:59,"[293.0, 52]","[291.0, 26]","[296.61, 46]","[298.35, 17]",294.8,141,3.61,0.11
07:37:00,"[293.0, 52]","[292.0, 26]","[295.69, 52]","[298.0, 13]",294.35,143,2.69,0.09
07:37:01,"[292.88, 50]","[291.79, 28]","[294.52, 23]","[298.72, 46]",293.7,147,1.64,0.06
07:37:02,"[291.9, 20]","[289.8, 30]","[293.8, 10]","[301.19, 21]",292.85,81,1.9,0.23
07:37:03,"[291.0, 26]","[288.0, 180]","[292.0, 15]","[293.0, 15]",291.5,236,1.0,0.75
07:37:04,"[288.0, 48]","[286.17, 18]","[292.0, 4]","[304.0, 10]",290.0,80,4.0,0.65
07:37:05,"[288.0, 71]","[286.0, 40]","[299.0, 12]","[306.36, 22]",293.5,145,11.0,0.53
07:37:06,"[288.16, 74]","[286.45, 62]","[299.49, 43]","[306.65, 31]",293.83,210,11.33,0.3
07:37:07,"[291.71, 28]","[288.41, 73]","[302.82, 62]","[306.43, 42]",297.27,205,11.11,-0.01
07:37:08,"[293.0, 38]","[289.15, 68]","[303.46, 97]","[305.37, 27]",298.23,230,10.46,-0.08
07:37:09,"[289.28, 47]","[287.2, 70]","[300.0, 65]","[304.6, 47]",294.64,229,10.72,0.02
07:37:10,"[288.4, 20]","[286.05, 41]","[298.45, 55]","[302.0, 44]",293.43,160,10.05,-0.24
07:37:11,"[291.8, 30]","[290.25, 28]","[297.43, 70]","[302.0, 56]",294.61,184,5.63,-0.37
07:37:12,"[291.0, 21]","[288.0, 7]","[296.0, 35]","[302.0, 28]",293.5,91,5.0,-0.38
07:37:13,"[289.89, 27]","[287.33, 9]","[295.89, 45]","[302.0, 36]",292.89,117,6.0,-0.38
07:37:14,"[286.59, 51]","[285.81, 37]","[293.65, 85]","[302.92, 103]",290.12,276,7.06,-0.36
07:37:15,"[287.64, 42]","[286.0, 42]","[292.79, 70]","[300.56, 36]",290.21,190,5.14,-0.12
07:37:16,"[288.0, 27]","[285.86, 21]","[292.0, 45]","[301.62, 26]",290.0,119,4.0,-0.19
07:37:17,"[290.74, 34]","[287.92, 37]","[292.0, 65]","[302.0, 52]",291.37,188,1.26,-0.24
07:37:18,"[288.33, 48]","[286.5, 22]","[302.0, 56]","[303.0, 98]",295.17,224,13.67,-0.38
07:37:19,"[290.0, 16]","[288.0, 24]","[302.0, 32]","[303.0, 56]",296.0,128,12.0,-0.38
07:37:20,"[290.43, 14]","[288.0, 33]","[302.0, 44]","[303.0, 77]",296.21,168,11.57,-0.44
07:37:21,"[289.33, 24]","[287.94, 49]","[300.35, 82]","[302.74, 91]",294.84,246,11.02,-0.41
07:37:22,"[286.0, 53]","[285.0, 7]","[299.17, 35]","[300.62, 29]",292.59,124,13.17,-0.03
07:37:23,"[286.09, 33]","[285.46, 46]","[297.96, 68]","[298.68, 31]",292.02,178,11.86,-0.11
07:37:24,"[286.0, 66]","[285.0, 61]","[297.0, 33]","[298.0, 70]",291.5,230,11.0,0.1
07:37:25,"[286.0, 66]","[285.0, 15]","[297.0, 47]","[299.0, 55]",291.5,183,11.0,-0.11
07:37:26,"[286.0, 54]","[285.0, 11]","[294.0, 45]","[295.78, 45]",290.0,155,8.0,-0.16
07:37:27,"[286.14, 91]","[285.32, 19]","[289.5, 70]","[290.57, 70]",287.82,250,3.36,-0.12
07:37:28,"[287.13, 45]","[286.0, 60]","[295.2, 50]","[299.15, 82]",291.17,237,8.07,-0.11
07:37:29,"[288.97, 30]","[286.0, 72]","[297.0, 60]","[300.0, 108]",292.98,270,8.03,-0.24
07:37:30,"[290.0, 25]","[286.0, 30]","[297.0, 25]","[300.0, 45]",293.5,125,7.0,-0.12
07:37:31,"[291.0, 8]","[290.0, 32]","[297.0, 40]","[300.0, 37]",294.0,117,6.0,-0.32
07:37:32,"[291.83, 46]","[290.15, 47]","[297.96, 75]","[301.65, 80]",294.89,248,6.13,-0.25
07:37:33,"[292.0, 30]","[290.5, 16]","[296.0, 24]","[303.0, 54]",294.0,124,4.0,-0.26
07:37:34,"[292.0, 50]","[291.0, 20]","[296.0, 40]","[302.96, 54]",294.0,164,4.0,-0.15
07:37:35,"[292.0, 35]","[291.0, 14]","[296.0, 28]","[302.0, 7]",294.0,84,4.0,0.17
07:37:36,"[292.0, 26]","[291.0, 20]","[296.0, 40]","[302.0, 10]",294.0,96,4.0,-0.04
07:37:37,"[292.0, 22]","[291.0, 22]","[296.0, 44]","[302.0, 11]",294.0,99,4.0,-0.11
07:37:38,"[292.0, 10]","[291.0, 10]","[296.0, 20]","[302.0, 5]",294.0,45,4.0,-0.11
07:37:39,"[291.83, 12]","[290.67, 15]","[296.0, 24]","[302.0, 6]",293.92,57,4.17,-0.05
07:37:40,"[290.86, 37]","[289.82, 83]","[293.68, 50]","[295.28, 47]",292.27,217,2.82,0.11
07:37:41,"[290.0, 83]","[285.0, 54]","[291.69, 26]","[299.82, 34]",290.85,197,1.69,0.39
07:37:42,"[290.0, 18]","[285.0, 27]","[291.0, 18]","[301.62, 39]",290.5,102,1.0,-0.12
07:37:43,"[285.0, 3]","[284.0, 9]","[291.0, 6]","[301.0, 20]",288.0,38,6.0,-0.37
07:37:44,"[285.0, 10]","[284.0, 30]","[290.9, 20]","[301.0, 100]",287.95,160,5.9,-0.5
07:37:45,"[285.0, 14]","[282.22, 54]","[288.64, 28]","[301.0, 140]",286.82,236,3.64,-0.42
07:37:46,"[285.0, 14]","[282.0, 56]","[287.21, 28]","[294.6, 75]",286.11,173,2.21,-0.19
07:37:47,"[285.0, 7]","[282.72, 25]","[286.0, 14]","[293.0, 35]",285.5,81,1.0,-0.21
07:37:48,"[284.14, 14]","[282.55, 22]","[291.83, 24]","[297.91, 22]",287.99,82,7.69,-0.12
07:37:49,"[284.0, 12]","[282.0, 16]","[293.0, 22]","[302.0, 12]",288.5,62,9.0,-0.1
07:37:50,"[283.2, 35]","[280.41, 44]","[291.82, 11]","[295.94, 36]",287.51,126,8.62,0.25
07:37:51,"[282.0, 44]","[278.0, 35]","[288.23, 31]","[290.39, 23]",285.11,133,6.23,0.19
07:37:52,"[282.0, 36]","[278.0, 9]","[286.62, 21]","[291.89, 9]",284.31,75,4.62,0.2
07:37:53,"[282.0, 64]","[278.06, 16]","[284.25, 32]","[291.0, 16]",283.12,128,2.25,0.25
07:37:54,"[281.86, 42]","[277.94, 17]","[285.0, 22]","[294.27, 41]",283.43,122,3.14,-0.03
07:37:55,"[279.0, 10]","[276.0, 30]","[292.22, 23]","[294.94, 66]",285.61,129,13.22,-0.38
07:37:56,"[280.15, 75]","[277.83, 29]","[290.41, 58]","[291.98, 42]",285.28,204,10.27,0.02
07:37:57,"[278.0, 98]","[277.0, 14]","[293.57, 30]","[295.65, 23]",285.78,165,15.57,0.36
07:37:58,"[279.16, 124]","[277.67, 103]","[292.04, 23]","[293.45, 51]",285.6,301,12.88,0.51
07:37:59,"[288.82, 17]","[278.67, 63]","[291.91, 22]","[293.68, 37]",290.37,139,3.09,0.15
07:38:00,"[289.0, 14]","[284.0, 14]","[293.82, 55]","[294.84, 43]",291.41,126,4.82,-0.56
07:38:01,"[286.6, 15]","[285.6, 15]","[294.0, 30]","[296.0, 12]",290.3,72,7.4,-0.17
07:38:02,"[286.0, 16]","[284.0, 4]","[294.64, 22]","[299.18, 11]",290.32,53,8.64,-0.25
07:38:03,"[289.0, 50]","[286.0, 40]","[296.0, 70]","[491.62, 40]",292.5,200,7.0,-0.1
07:38:04,"[289.06, 33]","[286.29, 31]","[296.0, 56]","[521.12, 26]",292.53,146,6.94,-0.12
07:38:05,"[289.45, 11]","[287.62, 21]","[295.0, 7]","[296.0, 37]",292.23,76,5.55,-0.16
07:38:06,"[286.0, 10]","[284.0, 10]","[294.0, 10]","[295.62, 26]",290.0,56,8.0,-0.29
07:38:07,"[284.0, 8]","[276.0, 128]","[292.25, 8]","[293.25, 8]",288.12,152,8.25,0.79
07:38:08,"[284.0, 10]","[276.0, 165]","[289.5, 10]","[290.5, 10]",286.75,195,5.5,0.79
07:38:09,"[284.0, 8]","[280.18, 34]","[288.75, 8]","[290.0, 8]",286.38,58,4.75,0.45
07:38:10,"[284.0, 8]","[281.0, 8]","[290.0, 8]","[294.88, 40]",287.0,64,6.0,-0.5
07:38:11,"[285.25, 12]","[283.14, 21]","[293.92, 48]","[300.42, 60]",289.58,141,8.67,-0.53
07:38:12,"[286.5, 12]","[283.33, 18]","[295.58, 60]","[309.6, 58]",291.04,148,9.08,-0.59
07:38:13,"[284.94, 32]","[283.6, 10]","[295.0, 40]","[302.0, 40]",289.97,122,10.06,-0.31
07:38:14,"[285.69, 80]","[283.45, 22]","[293.19, 48]","[295.28, 90]",289.44,240,7.5,-0.15
07:38:15,"[286.19, 62]","[285.0, 20]","[292.25, 36]","[296.0, 95]",289.22,213,6.06,-0.23
07:38:16,"[288.05, 88]","[286.75, 64]","[291.58, 36]","[296.0, 60]",289.81,248,3.54,0.23
07:38:17,"[289.34, 106]","[288.26, 117]","[294.57, 63]","[297.27, 75]",291.96,361,5.23,0.24
07:38:18,"[290.37, 35]","[288.84, 95]","[296.6, 50]","[299.4, 50]",293.49,230,6.23,0.13
07:38:19,"[289.0, 80]","[286.0, 50]","[298.15, 67]","[300.3, 50]",293.57,247,9.15,0.05
07:38:20,"[289.0, 48]","[286.0, 30]","[297.69, 39]","[299.0, 30]",293.35,147,8.69,0.06
07:38:21,"[289.0, 64]","[286.0, 40]","[296.5, 32]","[298.0, 40]",292.75,176,7.5,0.18
07:38:22,"[289.0, 56]","[286.0, 50]","[296.0, 40]","[298.0, 50]",292.5,196,7.0,0.08
07:38:23,"[289.0, 6]","[286.0, 30]","[295.17, 24]","[298.5, 30]",292.08,90,6.17,-0.2
07:38:24,"[289.0, 10]","[286.0, 50]","[293.8, 40]","[299.26, 47]",291.4,147,4.8,-0.18
07:38:25,"[289.0, 12]","[286.0, 50]","[291.26, 38]","[293.56, 25]",290.13,125,2.26,-0.01
07:38:26,"[286.33, 45]","[285.52, 33]","[289.21, 24]","[290.82, 33]",287.77,135,2.88,0.16
07:38:27,"[285.25, 8]","[283.14, 7]","[287.0, 8]","[289.0, 4]",286.12,27,1.75,0.11
07:38:28,"[283.22, 18]","[281.73, 22]","[284.85, 26]","[285.86, 21]",284.03,87,1.62,-0.08
07:38:29,"[281.91, 22]","[275.64, 94]","[283.64, 22]","[294.36, 39]",282.77,177,1.73,0.31
07:38:30,"[281.0, 8]","[275.0, 56]","[283.0, 8]","[295.0, 16]",282.0,88,2.0,0.45
07:38:31,"[281.0, 16]","[275.0, 112]","[282.86, 14]","[293.29, 28]",281.93,170,1.86,0.51
07:38:32,"[281.0, 22]","[275.0, 154]","[282.0, 18]","[286.47, 30]",281.5,224,1.0,0.57
07:38:33,"[281.0, 14]","[275.02, 85]","[282.0, 14]","[283.0, 28]",281.5,141,1.0,0.4
07:38:34,"[281.0, 22]","[275.0, 154]","[282.94, 34]","[294.82, 44]",281.97,254,1.94,0.39
07:38:35,"[275.34, 105]","[274.7, 60]","[292.58, 38]","[297.91, 55]",283.96,258,17.24,0.28
07:38:36,"[275.0, 99]","[274.0, 18]","[288.0, 36]","[295.54, 37]",281.5,190,13.0,0.23
07:38:37,"[275.3, 67]","[274.87, 76]","[287.0, 15]","[292.0, 44]",281.15,202,11.7,0.42
07:38:38,"[278.5, 28]","[275.0, 160]","[292.0, 56]","[298.0, 56]",285.25,300,13.5,0.25
07:38:39,"[280.53, 15]","[275.64, 39]","[292.0, 40]","[298.0, 40]",286.27,134,11.47,-0.19
07:38:40,"[283.32, 19]","[282.0, 14]","[292.0, 56]","[296.5, 32]",287.66,121,8.68,-0.45
07:38:41,"[282.5, 12]","[276.0, 28]","[293.68, 38]","[297.49, 37]",288.09,115,11.18,-0.3
07:38:42,"[278.0, 9]","[277.0, 18]","[298.0, 36]","[299.0, 45]",288.0,108,20.0,-0.5
07:38:43,"[277.64, 22]","[273.33, 122]","[293.27, 71]","[320.84, 61]",285.45,276,15.63,0.04
07:38:44,"[279.24, 62]","[273.22, 102]","[295.63, 57]","[318.98, 64]",287.44,285,16.39,0.15
07:38:45,"[281.46, 65]","[279.0, 13]","[289.15, 59]","[292.14, 44]",285.31,181,7.69,-0.14
07:38:46,"[283.0, 50]","[279.0, 10]","[287.4, 50]","[289.15, 41]",285.2,151,4.4,-0.21
07:38:47,"[283.5, 60]","[279.0, 12]","[285.42, 60]","[289.0, 84]",284.46,216,1.92,-0.33
07:38:48,"[284.06, 50]","[278.08, 12]","[286.28, 47]","[290.02, 44]",285.17,153,2.22,-0.19
07:38:49,"[284.31, 29]","[272.66, 94]","[289.0, 39]","[292.0, 39]",286.66,201,4.69,0.22
07:38:50,"[273.33, 33]","[271.93, 110]","[289.0, 20]","[292.0, 24]",281.17,187,15.67,0.53
07:38:51,"[273.94, 18]","[272.85, 91]","[288.17, 24]","[289.69, 26]",281.06,159,14.22,0.37
07:38:52,"[275.57, 14]","[273.02, 85]","[287.54, 26]","[289.93, 59]",281.55,184,11.97,0.08
07:38:53,"[273.32, 62]","[272.25, 134]","[281.35, 23]","[287.33, 48]",277.34,267,8.03,0.47
07:38:54,"[273.0, 49]","[272.0, 98]","[277.0, 7]","[278.0, 14]",275.0,168,4.0,0.75
07:38:55,"[274.05, 66]","[272.29, 147]","[277.0, 12]","[278.0, 24]",275.52,249,2.95,0.71
07:38:56,"[277.0, 17]","[271.38, 117]","[284.92, 36]","[289.25, 51]",280.96,221,7.92,0.21
07:38:57,"[278.67, 49]","[278.38, 29]","[288.0, 51]","[294.0, 26]",283.34,155,9.33,0.01
07:38:58,"[281.24, 17]","[269.83, 163]","[289.2, 50]","[351.84, 25]",285.22,255,7.96,0.41
07:38:59,"[281.5, 10]","[271.0, 100]","[294.0, 20]","[559.06, 16]",287.75,146,12.5,0.51
07:39:00,"[282.0, 9]","[274.33, 72]","[288.0, 30]","[319.43, 23]",285.0,134,6.0,0.21
07:39:01,"[277.19, 52]","[275.69, 26]","[285.0, 45]","[294.0, 18]",281.1,141,7.81,0.11
07:39:02,"[278.33, 96]","[276.0, 24]","[285.0, 60]","[294.0, 24]",281.67,204,6.67,0.18
07:39:03,"[279.21, 112]","[273.86, 28]","[281.29, 70]","[283.89, 47]",280.25,257,2.07,0.09
07:39:04,"[280.0, 72]","[274.0, 18]","[281.0, 42]","[282.0, 27]",280.5,159,1.0,0.13
07:39:05,"[278.36, 44]","[272.2, 20]","[281.6, 30]","[284.5, 24]",279.98,118,3.24,0.08
07:39:06,"[275.9, 50]","[271.6, 20]","[282.04, 28]","[285.29, 14]",278.97,112,6.14,0.25
07:39:07,"[276.0, 65]","[271.92, 26]","[278.68, 37]","[283.59, 34]",277.34,162,2.68,0.12
07:39:08,"[276.67, 45]","[270.39, 23]","[278.0, 22]","[282.0, 45]",277.33,135,1.33,0.01
07:39:09,"[277.0, 32]","[269.0, 40]","[278.0, 16]","[282.0, 40]",277.5,128,1.0,0.12
07:39:10,"[277.0, 24]","[269.0, 40]","[278.0, 16]","[282.0, 40]",277.5,120,1.0,0.07
07:39:11,"[270.49, 35]","[267.33, 120]","[281.59, 39]","[282.41, 17]",276.04,211,11.1,0.47
07:39:12,"[270.07, 57]","[269.21, 48]","[282.14, 44]","[285.5, 40]",276.1,189,12.07,0.11
07:39:13,"[270.0, 27]","[269.0, 12]","[283.0, 12]","[288.0, 12]",276.5,63,13.0,0.24
07:39:14,"[271.68, 38]","[269.21, 38]","[282.54, 39]","[286.26, 38]",277.11,153,10.85,-0.01
07:39:15,"[272.86, 28]","[268.28, 125]","[287.08, 52]","[291.06, 32]",279.97,237,14.22,0.29
07:39:16,"[270.07, 28]","[269.0, 42]","[282.68, 50]","[288.6, 40]",276.38,160,12.61,-0.12
07:39:17,"[271.73, 22]","[268.12, 49]","[275.0, 33]","[287.0, 44]",273.36,148,3.27,-0.04
07:39:18,"[272.0, 16]","[268.0, 24]","[275.0, 24]","[285.0, 32]",273.5,96,3.0,-0.17
07:39:19,"[273.37, 19]","[269.67, 36]","[275.0, 32]","[280.08, 52]",274.18,139,1.63,-0.21
07:39:20,"[273.92, 26]","[271.57, 21]","[275.0, 9]","[277.0, 36]",274.46,92,1.08,0.02
07:39:21,"[274.0, 33]","[267.0, 22]","[277.0, 44]","[282.0, 11]",275.5,110,3.0,0.0
07:39:22,"[274.05, 21]","[269.88, 25]","[278.4, 43]","[283.04, 23]",276.22,112,4.35,-0.18
07:39:23,"[266.35, 23]","[264.41, 58]","[282.0, 54]","[284.78, 27]",274.17,162,15.65,0.0
07:39:24,"[266.0, 21]","[264.0, 28]","[282.0, 42]","[283.0, 7]",274.0,98,16.0,0.0
07:39:25,"[266.0, 18]","[264.0, 18]","[282.0, 36]","[283.0, 6]",274.0,78,16.0,-0.08
07:39:26,"[266.0, 39]","[264.0, 26]","[278.55, 71]","[282.12, 48]",272.27,184,12.55,-0.29
07:39:27,"[266.0, 24]","[264.0, 16]","[274.5, 40]","[278.82, 44]",270.25,124,8.5,-0.35
07:39:28,"[266.0, 24]","[264.0, 16]","[274.0, 38]","[275.0, 40]",270.0,118,8.0,-0.32
07:39:29,"[266.0, 12]","[264.0, 8]","[274.0, 16]","[275.0, 20]",270.0,56,8.0,-0.29
07:39:30,"[266.76, 33]","[264.86, 21]","[274.0, 30]","[275.0, 45]",270.38,129,7.24,-0.16
07:39:31,"[269.33, 60]","[266.0, 36]","[274.0, 23]","[275.0, 60]",271.67,179,4.67,0.07
07:39:32,"[270.5, 50]","[266.0, 30]","[274.0, 10]","[275.0, 50]",272.25,140,3.5,0.14
07:39:33,"[272.1, 21]","[270.51, 61]","[274.85, 40]","[275.95, 44]",273.47,166,2.75,-0.01
07:39:34,"[271.17, 60]","[266.0, 36]","[275.0, 48]","[278.0, 24]",273.08,168,3.83,0.14
07:39:35,"[273.36, 70]","[262.86, 42]","[275.0, 56]","[278.0, 28]",274.18,196,1.64,0.14
07:39:36,"[274.0, 55]","[261.27, 33]","[280.44, 72]","[280.33, 15]",277.22,175,6.44,0.01
07:39:37,"[274.12, 40]","[263.21, 109]","[282.0, 96]","[283.0, 12]",278.06,257,7.88,0.16
07:39:38,"[277.88, 42]","[275.45, 42]","[281.11, 73]","[282.01, 105]",279.5,262,3.23,-0.36
07:39:39,"[279.83, 36]","[271.1, 31]","[281.43, 61]","[282.08, 61]",280.63,189,1.59,-0.29
07:39:40,"[279.69, 16]","[266.72, 58]","[282.0, 16]","[283.0, 16]",280.84,106,2.31,0.4
07:39:41,"[276.36, 11]","[269.0, 18]","[282.0, 9]","[283.0, 9]",279.18,47,5.64,0.23
07:39:42,"[267.8, 20]","[264.0, 20]","[281.11, 18]","[282.2, 10]",274.46,68,13.31,0.18
07:39:43,"[266.92, 26]","[265.23, 26]","[280.38, 26]","[281.71, 17]",273.65,95,13.46,0.09
07:39:44,"[269.2, 50]","[268.64, 50]","[279.0, 26]","[281.0, 65]",274.1,191,9.8,0.05
07:39:45,"[270.94, 34]","[269.0, 106]","[280.03, 38]","[280.76, 37]",275.48,215,9.09,0.3
07:39:46,"[272.71, 34]","[269.5, 48]","[278.0, 9]","[279.0, 9]",275.35,100,5.29,0.64
07:39:47,"[275.56, 54]","[274.24, 66]","[278.2, 15]","[280.11, 27]",276.88,162,2.64,0.48
07:39:48,"[276.0, 84]","[264.0, 46]","[279.21, 14]","[281.17, 69]",277.61,213,3.21,0.22
07:39:49,"[276.68, 68]","[265.13, 69]","[282.0, 14]","[283.83, 53]",279.34,204,5.32,0.34
07:39:50,"[278.0, 30]","[266.0, 18]","[282.0, 11]","[283.0, 18]",280.0,77,4.0,0.25
07:39:51,"[279.04, 50]","[272.82, 49]","[282.0, 26]","[283.0, 39]",280.52,164,2.96,0.21
07:39:52,"[279.34, 67]","[267.55, 33]","[282.1, 29]","[283.09, 43]",280.72,172,2.76,0.16
07:39:53,"[270.59, 51]","[269.66, 65]","[280.09, 32]","[281.78, 49]",275.34,197,9.51,0.18
07:39:54,"[272.29, 42]","[271.0, 92]","[275.18, 17]","[279.22, 55]",273.73,206,2.89,0.3
07:39:55,"[274.53, 45]","[267.26, 38]","[279.0, 60]","[283.0, 45]",276.77,188,4.47,-0.12
07:39:56,"[276.47, 90]","[274.1, 60]","[278.95, 60]","[281.72, 74]",277.71,284,2.48,0.06
07:39:57,"[275.86, 42]","[266.0, 28]","[283.62, 24]","[300.4, 42]",279.74,136,7.77,0.03
07:39:58,"[277.0, 42]","[265.29, 28]","[285.07, 42]","[374.33, 36]",281.04,148,8.07,-0.05
07:39:59,"[280.67, 54]","[276.17, 47]","[285.0, 54]","[401.79, 43]",282.83,198,4.33,0.02
07:40:00,"[283.0, 30]","[282.0, 30]","[384.36, 28]","[549.21, 29]",333.68,117,101.36,0.03
07:40:01,"[285.43, 23]","[283.73, 33]","[444.75, 24]","[570.0, 13]",365.09,93,159.32,0.2
07:40:02,"[290.0, 5]","[285.8, 15]","[456.0, 10]","[593.2, 5]",373.0,35,166.0,0.14
07:40:03,"[290.0, 9]","[287.0, 27]","[430.75, 24]","[501.3, 23]",360.38,83,140.75,-0.13
07:40:04,"[289.83, 46]","[283.07, 58]","[364.74, 23]","[455.81, 47]",327.28,174,74.91,0.2
07:40:05,"[281.15, 115]","[280.63, 108]","[408.25, 69]","[447.57, 63]",344.7,355,127.1,0.26
07:40:06,"[280.0, 121]","[275.27, 22]","[341.9, 49]","[345.64, 28]",310.95,220,61.9,0.3
07:40:07,"[280.64, 85]","[278.38, 32]","[345.0, 50]","[355.57, 23]",312.82,190,64.36,0.23
07:40:08,"[289.07, 29]","[283.98, 86]","[332.22, 45]","[370.83, 60]",310.65,220,43.15,0.05
07:40:09,"[289.0, 20]","[284.0, 80]","[342.17, 46]","[450.93, 29]",315.59,175,53.17,0.14
07:40:10,"[288.53, 38]","[283.27, 59]","[332.97, 37]","[420.2, 50]",310.75,184,44.45,0.05
07:40:11,"[283.0, 33]","[281.57, 70]","[413.29, 31]","[614.14, 35]",348.15,169,130.29,0.22
07:40:12,"[283.0, 48]","[281.0, 96]","[289.31, 68]","[386.67, 33]",286.15,245,6.31,0.18
07:40:13,"[281.7, 46]","[280.57, 46]","[283.95, 38]","[369.77, 35]",282.82,165,2.25,0.12
07:40:14,"[281.0, 66]","[279.0, 22]","[283.0, 11]","[286.0, 44]",282.0,143,2.0,0.23
07:40:15,"[281.0, 54]","[279.0, 18]","[282.11, 27]","[285.0, 18]",281.56,117,1.11,0.23
07:40:16,"[281.0, 58]","[279.0, 22]","[282.0, 44]","[285.18, 11]",281.5,135,1.0,0.19
07:40:17,"[281.0, 30]","[279.0, 12]","[282.0, 22]","[286.0, 6]",281.5,70,1.0,0.2
07:40:18,"[281.0, 24]","[279.0, 12]","[282.0, 12]","[286.0, 6]",281.5,54,1.0,0.33
07:40:19,"[281.0, 33]","[279.0, 22]","[282.0, 20]","[286.0, 11]",281.5,86,1.0,0.28
07:40:20,"[279.46, 26]","[276.27, 44]","[282.0, 12]","[286.0, 12]",280.73,94,2.54,0.49
07:40:21,"[280.45, 38]","[277.29, 28]","[283.2, 10]","[287.26, 19]",281.82,95,2.75,0.39
07:40:22,"[282.0, 65]","[274.2, 50]","[287.51, 39]","[289.68, 37]",284.76,191,5.51,0.2
07:40:23,"[282.94, 35]","[278.93, 58]","[288.54, 52]","[291.0, 45]",285.74,190,5.6,-0.02
07:40:24,"[285.1, 30]","[283.28, 25]","[289.0, 33]","[290.82, 33]",287.05,121,3.9,-0.09
07:40:25,"[286.36, 33]","[284.0, 22]","[289.0, 33]","[290.0, 33]",287.68,121,2.64,-0.09
07:40:26,"[286.96, 27]","[283.4, 35]","[289.3, 30]","[392.92, 36]",288.13,128,2.34,-0.03
07:40:27,"[278.13, 31]","[273.87, 23]","[290.0, 27]","[453.97, 37]",284.06,118,11.87,-0.08
07:40:28,"[282.88, 33]","[273.61, 93]","[292.2, 30]","[407.5, 38]",287.54,194,9.32,0.3
07:40:29,"[280.5, 46]","[270.85, 85]","[292.6, 20]","[408.29, 28]",286.55,179,12.1,0.46
07:40:30,"[276.77, 62]","[275.89, 53]","[291.5, 28]","[293.0, 42]",284.14,185,14.73,0.24
07:40:31,"[282.14, 14]","[277.38, 26]","[290.57, 14]","[293.0, 21]",286.36,75,8.43,0.07
07:40:32,"[284.11, 18]","[282.0, 18]","[290.0, 18]","[293.0, 27]",287.06,81,5.89,-0.11
07:40:33,"[285.14, 14]","[282.06, 17]","[289.84, 19]","[294.85, 26]",287.49,76,4.7,-0.18
07:40:34,"[284.09, 11]","[282.07, 15]","[288.6, 20]","[289.4, 20]",286.35,66,4.51,-0.21
07:40:35,"[284.19, 37]","[282.25, 24]","[287.46, 35]","[288.68, 44]",285.82,140,3.27,-0.13
07:40:36,"[279.33, 18]","[274.45, 58]","[284.59, 34]","[285.7, 43]",281.96,153,5.25,-0.01
07:40:37,"[272.05, 57]","[268.5, 42]","[284.8, 20]","[285.86, 28]",278.43,147,12.75,0.35
07:40:38,"[271.0, 72]","[189.88, 24]","[283.64, 11]","[284.97, 29]",277.32,136,12.64,0.41
07:40:39,"[271.0, 81]","[213.04, 25]","[281.25, 44]","[282.86, 21]",276.12,171,10.25,0.24
07:40:40,"[271.65, 86]","[256.04, 83]","[279.26, 23]","[280.33, 49]",275.46,241,7.61,0.4
07:40:41,"[275.0, 18]","[271.0, 45]","[278.0, 9]","[280.0, 27]",276.5,99,3.0,0.27
07:40:42,"[275.0, 20]","[271.0, 30]","[279.78, 18]","[280.91, 66]",277.39,134,4.78,-0.25
07:40:43,"[275.92, 13]","[273.67, 24]","[280.0, 22]","[281.0, 88]",277.96,147,4.08,-0.5
07:40:44,"[277.0, 15]","[274.0, 30]","[280.0, 19]","[281.0, 120]",278.5,184,3.0,-0.51
07:40:45,"[277.4, 15]","[270.74, 92]","[280.0, 15]","[281.0, 100]",278.7,222,2.6,-0.04
07:40:46,"[272.97, 29]","[269.23, 65]","[280.38, 21]","[281.26, 38]",276.67,153,7.42,0.23
07:40:47,"[272.0, 55]","[268.0, 99]","[280.78, 41]","[281.77, 52]",276.39,247,8.78,0.25
07:40:48,"[272.0, 45]","[269.0, 81]","[281.0, 36]","[282.0, 45]",276.5,207,9.0,0.22
07:40:49,"[272.57, 30]","[270.74, 86]","[279.69, 45]","[281.09, 57]",276.13,218,7.12,0.06
07:40:50,"[274.88, 8]","[272.0, 40]","[280.85, 26]","[281.79, 38]",277.86,112,5.97,-0.14
07:40:51,"[276.42, 12]","[272.0, 60]","[281.0, 48]","[282.0, 60]",278.71,180,4.58,-0.2
07:40:52,"[270.11, 57]","[267.46, 109]","[280.0, 22]","[282.09, 47]",275.05,235,9.89,0.41
07:40:53,"[269.0, 50]","[265.86, 70]","[279.5, 22]","[282.27, 22]",274.25,164,10.5,0.46
07:40:54,"[269.0, 55]","[264.43, 35]","[277.43, 28]","[281.82, 11]",273.21,129,8.43,0.4
07:40:55,"[269.0, 65]","[268.0, 26]","[281.65, 43]","[282.7, 37]",275.33,171,12.65,0.06
07:40:56,"[269.0, 50]","[268.0, 20]","[281.0, 27]","[282.0, 40]",275.0,137,12.0,0.02
07:40:57,"[269.0, 25]","[268.0, 10]","[281.0, 30]","[282.0, 20]",275.0,85,12.0,-0.18
07:40:58,"[272.0, 20]","[269.1, 50]","[281.0, 60]","[282.0, 40]",276.5,170,9.0,-0.18
07:40:59,"[274.36, 28]","[270.0, 70]","[281.0, 84]","[282.0, 56]",277.68,238,6.64,-0.18
07:41:00,"[270.58, 38]","[267.55, 38]","[281.0, 54]","[282.0, 36]",275.79,166,10.42,-0.08
07:41:01,"[271.0, 44]","[268.0, 22]","[281.0, 66]","[282.0, 44]",276.0,176,10.0,-0.25
07:41:02,"[272.0, 81]","[270.45, 44]","[279.0, 18]","[281.06, 64]",275.5,207,7.0,0.21
07:41:03,"[272.32, 66]","[270.67, 30]","[282.62, 26]","[283.67, 12]",277.47,134,10.3,0.43
07:41:04,"[274.11, 9]","[272.0, 36]","[283.0, 27]","[285.0, 9]",278.56,81,8.89,0.11
07:41:05,"[275.0, 10]","[268.0, 20]","[282.35, 31]","[284.5, 12]",278.68,73,7.35,-0.18
07:41:06,"[276.22, 74]","[273.25, 16]","[278.0, 56]","[283.0, 42]",277.11,188,1.78,-0.04
07:41:07,"[277.05, 57]","[276.33, 27]","[281.95, 38]","[283.62, 16]",279.5,138,4.89,0.22
07:41:08,"[278.31, 39]","[266.0, 54]","[283.13, 30]","[284.88, 17]",280.72,140,4.83,0.33
07:41:09,"[280.4, 30]","[266.15, 66]","[284.0, 20]","[286.3, 20]",282.2,136,3.6,0.41
07:41:10,"[276.2, 20]","[267.24, 34]","[284.0, 16]","[286.0, 16]",280.1,86,7.8,0.26
07:41:11,"[269.8, 30]","[267.61, 23]","[277.89, 9]","[284.57, 14]",273.84,76,8.09,0.39
07:41:12,"[271.4, 60]","[268.0, 20]","[273.0, 10]","[283.45, 22]",272.2,112,1.6,0.43
07:41:13,"[272.64, 84]","[267.03, 67]","[282.0, 14]","[284.0, 25]",277.32,190,9.36,0.59
07:41:14,"[275.46, 78]","[267.0, 65]","[283.12, 16]","[312.3, 37]",279.29,196,7.66,0.46
07:41:15,"[278.82, 66]","[264.95, 41]","[285.0, 22]","[314.65, 17]",281.91,146,6.18,0.47
07:41:16,"[280.0, 72]","[265.74, 70]","[285.0, 24]","[323.79, 19]",282.5,185,5.0,0.54
07:41:17,"[280.0, 60]","[266.0, 74]","[285.0, 20]","[448.2, 20]",282.5,174,5.0,0.54
07:41:18,"[280.47, 75]","[266.03, 111]","[283.48, 64]","[305.96, 49]",281.98,299,3.02,0.24
07:41:19,"[268.0, 14]","[266.05, 122]","[284.0, 31]","[292.49, 41]",276.0,208,16.0,0.31
07:41:20,"[269.93, 14]","[267.9, 70]","[280.0, 56]","[284.0, 28]",274.96,168,10.07,0.0
07:41:21,"[271.14, 7]","[268.0, 42]","[305.14, 28]","[429.38, 26]",288.14,103,34.0,-0.05
07:41:22,"[274.42, 50]","[271.24, 55]","[323.13, 30]","[337.96, 67]",298.78,202,48.71,0.04
07:41:23,"[289.64, 69]","[284.55, 31]","[318.32, 44]","[326.47, 49]",303.98,193,28.68,0.04
07:41:24,"[290.7, 70]","[289.0, 20]","[314.5, 20]","[318.0, 40]",302.6,150,23.8,0.2
07:41:25,"[291.0, 63]","[289.0, 18]","[301.88, 16]","[316.86, 29]",296.44,126,10.88,0.29
07:41:26,"[291.0, 105]","[289.0, 30]","[298.6, 30]","[571.33, 63]",294.8,228,7.6,0.18
07:41:27,"[291.0, 84]","[289.0, 28]","[295.58, 24]","[496.04, 49]",293.29,185,4.58,0.21
07:41:28,"[290.59, 59]","[287.43, 67]","[324.52, 27]","[400.17, 18]",307.56,171,33.93,0.47
07:41:29,"[289.0, 42]","[286.0, 76]","[358.75, 24]","[391.71, 42]",323.88,184,69.75,0.28
07:41:30,"[289.0, 15]","[286.0, 42]","[427.73, 11]","[543.64, 22]",358.36,90,138.73,0.27
07:41:31,"[290.0, 14]","[289.0, 36]","[426.33, 12]","[513.08, 26]",358.17,88,136.33,0.14
07:41:32,"[290.0, 8]","[289.0, 24]","[425.88, 8]","[580.14, 28]",357.94,68,135.88,-0.06
07:41:33,"[287.69, 26]","[287.06, 54]","[424.36, 14]","[513.08, 52]",356.02,146,136.66,0.1
07:41:34,"[286.0, 50]","[284.0, 70]","[346.6, 40]","[363.43, 28]",316.3,188,60.6,0.28
07:41:35,"[287.26, 19]","[284.16, 38]","[348.0, 20]","[412.69, 29]",317.63,106,60.74,0.08
07:41:36,"[290.0, 14]","[286.0, 17]","[400.89, 9]","[424.91, 22]",345.44,62,110.89,0.0
07:41:37,"[290.0, 18]","[286.0, 27]","[405.09, 11]","[473.0, 18]",347.55,74,115.09,0.22
07:41:38,"[288.29, 21]","[284.36, 77]","[421.57, 35]","[422.51, 41]",354.93,174,133.29,0.13
07:41:39,"[284.06, 109]","[283.28, 97]","[418.69, 39]","[422.0, 65]",351.37,310,134.64,0.33
07:41:40,"[285.0, 26]","[284.0, 127]","[403.45, 29]","[410.86, 37]",344.22,219,118.45,0.4
07:41:41,"[284.0, 46]","[283.25, 95]","[393.15, 13]","[394.92, 37]",338.58,191,109.15,0.48
07:41:42,"[284.17, 82]","[282.15, 94]","[385.69, 16]","[386.86, 14]",334.93,206,101.52,0.71
07:41:43,"[291.0, 60]","[283.43, 74]","[381.5, 10]","[383.0, 10]",336.25,154,90.5,0.74
07:41:44,"[291.0, 84]","[286.57, 98]","[340.21, 38]","[345.31, 26]",315.61,246,49.21,0.48
07:41:45,"[291.0, 35]","[290.0, 90]","[335.07, 15]","[337.0, 21]",313.03,161,44.07,0.55
07:41:46,"[286.13, 62]","[284.19, 95]","[311.49, 35]","[321.17, 29]",298.81,221,25.36,0.42
07:41:47,"[286.0, 54]","[284.0, 81]","[304.89, 27]","[308.67, 27]",295.44,189,18.89,0.43
07:41:48,"[286.28, 53]","[284.15, 78]","[303.44, 9]","[305.0, 36]",294.86,176,17.16,0.49
07:41:49,"[289.0, 50]","[286.0, 60]","[301.12, 16]","[302.06, 34]",295.06,160,12.12,0.38
07:41:50,"[289.0, 28]","[286.0, 48]","[300.0, 8]","[302.0, 32]",294.5,116,11.0,0.31
07:41:51,"[289.0, 13]","[286.0, 78]","[298.95, 40]","[299.84, 25]",293.98,156,9.95,0.17
07:41:52,"[289.0, 13]","[286.0, 78]","[294.71, 38]","[295.44, 41]",291.86,170,5.71,0.07
07:41:53,"[286.08, 73]","[284.2, 120]","[291.79, 34]","[292.45, 22]",288.94,249,5.71,0.55
07:41:54,"[286.0, 70]","[284.0, 126]","[289.08, 25]","[293.24, 49]",287.54,270,3.08,0.45
07:41:55,"[286.0, 44]","[284.0, 90]","[287.42, 38]","[289.22, 23]",286.71,195,1.42,0.37
07:41:56,"[286.52, 62]","[284.18, 99]","[288.69, 26]","[289.85, 53]",287.6,240,2.18,0.34
07:41:57,"[286.85, 59]","[284.71, 42]","[339.92, 25]","[456.9, 31]",313.38,157,53.07,0.29
07:41:58,"[282.98, 61]","[240.75, 59]","[342.0, 33]","[372.84, 37]",312.49,190,59.02,0.26
07:41:59,"[283.7, 63]","[281.34, 58]","[341.22, 27]","[431.44, 18]",312.46,166,57.52,0.46
07:42:00,"[285.0, 65]","[283.0, 26]","[341.0, 39]","[451.31, 26]",313.0,156,56.0,0.17
07:42:01,"[287.27, 75]","[283.0, 30]","[339.87, 45]","[514.69, 39]",313.57,189,52.6,0.11
07:42:02,"[290.48, 77]","[289.4, 90]","[338.33, 58]","[380.33, 54]",314.4,279,47.85,0.2
07:42:03,"[288.5, 64]","[285.65, 68]","[336.33, 33]","[378.04, 48]",312.42,213,47.83,0.24
07:42:04,"[286.0, 42]","[283.0, 14]","[332.43, 7]","[335.0, 21]",309.21,84,46.43,0.33
07:42:05,"[286.0, 96]","[284.0, 16]","[330.06, 34]","[332.4, 40]",308.03,186,44.06,0.2
07:42:06,"[286.0, 66]","[284.0, 11]","[324.91, 35]","[327.31, 29]",305.46,141,38.91,0.09
07:42:07,"[286.0, 60]","[284.0, 10]","[321.42, 38]","[323.59, 32]",303.71,140,35.42,0.0
07:42:08,"[288.78, 83]","[285.97, 67]","[317.33, 27]","[318.61, 31]",303.06,208,28.55,0.44
07:42:09,"[289.0, 70]","[286.0, 60]","[313.55, 22]","[313.83, 36]",301.27,188,24.55,0.38
07:42:10,"[289.0, 52]","[286.0, 66]","[310.96, 23]","[312.77, 26]",299.98,167,21.96,0.41
07:42:11,"[289.0, 26]","[286.0, 78]","[307.6, 40]","[308.31, 32]",298.3,176,18.6,0.18
07:42:12,"[289.0, 28]","[286.0, 84]","[303.5, 38]","[305.0, 18]",296.25,168,14.5,0.33
07:42:13,"[286.09, 68]","[284.31, 39]","[300.55, 20]","[302.42, 33]",293.32,160,14.46,0.34
07:42:14,"[286.0, 22]","[284.0, 39]","[295.48, 23]","[334.3, 37]",290.74,121,9.48,0.01
07:42:15,"[289.54, 82]","[288.84, 221]","[299.77, 39]","[420.58, 36]",294.65,378,10.23,0.6
07:42:16,"[289.69, 105]","[288.78, 246]","[397.96, 27]","[434.25, 40]",343.82,418,108.28,0.68
07:42:17,"[291.0, 36]","[289.0, 171]","[424.11, 9]","[610.13, 30]",357.56,246,133.11,0.68
07:42:18,"[291.87, 60]","[289.59, 54]","[333.67, 12]","[629.67, 18]",312.77,144,41.8,0.58
07:42:19,"[292.0, 88]","[291.0, 32]","[421.5, 8]","[633.83, 36]",356.75,164,129.5,0.46
07:42:20,"[292.0, 112]","[291.0, 48]","[419.31, 16]","[614.83, 36]",355.66,212,127.31,0.51
07:42:21,"[292.0, 39]","[291.0, 28]","[414.24, 17]","[416.55, 11]",353.12,95,122.24,0.41
07:42:22,"[292.0, 45]","[291.0, 36]","[413.0, 27]","[416.0, 9]",352.5,117,121.0,0.38
07:42:23,"[292.0, 26]","[291.0, 40]","[348.25, 24]","[560.0, 16]",320.12,106,56.25,0.25
07:42:24,"[292.0, 8]","[289.35, 92]","[305.84, 31]","[307.0, 26]",298.92,157,13.84,0.27
07:42:25,"[292.0, 12]","[289.02, 192]","[303.06, 32]","[302.57, 40]",297.53,276,11.06,0.48
07:42:26,"[292.0, 16]","[291.0, 16]","[296.75, 20]","[301.91, 76]",294.38,128,4.75,-0.5
07:42:27,"[291.83, 6]","[288.5, 10]","[293.83, 18]","[294.17, 18]",292.83,52,2.0,-0.38
07:42:28,"[287.1, 41]","[285.41, 61]","[291.47, 15]","[293.79, 39]",289.28,156,4.37,0.31
07:42:29,"[286.0, 70]","[284.45, 80]","[290.07, 54]","[292.33, 30]",288.04,234,4.07,0.28
07:42:30,"[284.99, 81]","[283.79, 103]","[288.05, 63]","[289.56, 27]",286.52,274,3.06,0.34
07:42:31,"[285.45, 55]","[284.45, 55]","[287.69, 42]","[436.0, 14]",286.57,166,2.24,0.33
07:42:32,"[285.0, 63]","[284.0, 78]","[319.41, 17]","[502.69, 35]",302.21,193,34.41,0.46
07:42:33,"[284.44, 27]","[283.0, 36]","[331.67, 18]","[760.17, 6]",308.06,87,47.22,0.45
07:42:34,"[286.65, 26]","[283.62, 32]","[355.86, 14]","[590.75, 4]",321.26,76,69.2,0.53
07:42:35,"[291.0, 28]","[290.0, 44]","[410.51, 43]","[622.75, 8]",350.76,123,119.51,0.17
07:42:36,"[291.0, 4]","[290.0, 16]","[440.0, 20]","[644.0, 4]",365.5,44,149.0,-0.09
07:42:37,"[291.0, 9]","[290.0, 36]","[457.33, 45]","[644.0, 9]",374.17,99,166.33,-0.09
07:42:38,"[291.0, 8]","[290.0, 32]","[464.75, 16]","[466.0, 40]",377.88,96,173.75,-0.17
07:42:39,"[290.0, 21]","[285.0, 7]","[456.46, 13]","[465.81, 32]",373.23,73,166.46,-0.23
07:42:40,"[289.2, 30]","[283.95, 20]","[448.0, 24]","[465.59, 58]",368.6,132,158.8,-0.24
07:42:41,"[284.0, 24]","[282.0, 42]","[392.29, 14]","[465.0, 24]",338.14,104,108.29,0.27
07:42:42,"[285.33, 24]","[282.56, 48]","[300.84, 25]","[393.17, 24]",293.09,121,15.51,0.19
07:42:43,"[284.73, 44]","[282.68, 62]","[299.06, 17]","[300.29, 31]",291.89,154,14.33,0.38
07:42:44,"[284.0, 48]","[283.0, 60]","[296.8, 20]","[299.39, 23]",290.4,151,12.8,0.43
07:42:45,"[284.0, 52]","[283.0, 65]","[292.59, 39]","[293.61, 41]",288.29,197,8.59,0.19
07:42:46,"[284.86, 56]","[283.7, 64]","[290.29, 63]","[291.4, 45]",287.57,228,5.43,0.05
07:42:47,"[286.8, 118]","[283.52, 58]","[289.12, 41]","[290.05, 63]",287.96,280,2.33,0.26
07:42:48,"[287.0, 101]","[284.0, 56]","[288.78, 46]","[364.28, 18]",287.89,221,1.78,0.42
07:42:49,"[287.0, 96]","[284.0, 48]","[289.0, 36]","[413.04, 26]",288.0,206,2.0,0.4
07:42:50,"[287.0, 88]","[284.0, 44]","[288.45, 33]","[303.72, 29]",287.73,194,1.45,0.36
07:42:51,"[287.0, 86]","[284.0, 52]","[288.0, 39]","[294.0, 39]",287.5,216,1.0,0.28
07:42:52,"[285.5, 24]","[283.84, 38]","[290.45, 33]","[302.67, 27]",287.98,122,4.95,0.02
07:42:53,"[284.0, 48]","[283.0, 24]","[297.0, 36]","[394.67, 12]",290.5,120,13.0,0.2
07:42:54,"[285.74, 27]","[282.58, 24]","[295.96, 25]","[310.11, 27]",290.85,103,10.22,-0.01
07:42:55,"[288.0, 21]","[282.45, 11]","[293.0, 22]","[296.74, 31]",290.5,85,5.0,-0.25
07:42:56,"[282.78, 9]","[248.52, 21]","[295.0, 18]","[298.0, 27]",288.89,75,12.22,-0.2
07:42:57,"[289.2, 10]","[284.1, 20]","[295.0, 20]","[298.0, 30]",292.1,80,5.8,-0.25
07:42:58,"[292.0, 11]","[284.62, 16]","[295.0, 22]","[298.0, 33]",293.5,82,3.0,-0.34
07:42:59,"[292.0, 11]","[284.0, 66]","[294.09, 22]","[298.0, 33]",293.05,132,2.09,0.17
07:43:00,"[288.0, 12]","[283.97, 37]","[294.0, 15]","[298.84, 19]",291.0,83,6.0,0.18
07:43:01,"[284.0, 66]","[283.0, 12]","[297.19, 16]","[303.22, 32]",290.59,126,13.19,0.24
07:43:02,"[286.17, 29]","[288.9, 80]","[295.85, 13]","[301.79, 19]",291.01,141,9.67,0.55
07:43:03,"[291.0, 12]","[290.0, 112]","[293.06, 17]","[297.56, 25]",292.03,166,2.06,0.49
07:43:04,"[291.0, 6]","[290.0, 36]","[293.0, 12]","[297.54, 28]",292.0,82,2.0,0.02
07:43:05,"[290.6, 15]","[289.7, 60]","[292.67, 24]","[298.5, 54]",291.63,153,2.07,-0.02
07:43:06,"[290.0, 16]","[287.0, 16]","[292.0, 16]","[306.25, 24]",291.0,72,2.0,-0.11
07:43:07,"[284.0, 40]","[282.0, 70]","[292.0, 20]","[307.0, 30]",288.0,160,8.0,0.38
07:43:08,"[284.0, 29]","[282.0, 56]","[291.88, 16]","[307.0, 24]",287.94,125,7.88,0.36
07:43:09,"[284.0, 55]","[282.0, 70]","[290.7, 20]","[306.4, 30]",287.35,175,6.7,0.43
07:43:10,"[284.47, 53]","[282.49, 65]","[287.31, 13]","[295.15, 20]",285.89,151,2.84,0.56
07:43:11,"[285.26, 38]","[284.0, 30]","[298.08, 26]","[468.0, 14]",291.67,108,12.81,0.26
07:43:12,"[292.0, 26]","[285.85, 13]","[299.0, 21]","[471.57, 7]",295.5,67,7.0,0.16
07:43:13,"[292.0, 40]","[290.0, 20]","[297.78, 18]","[328.2, 20]",294.89,98,5.78,0.22
07:43:14,"[292.0, 14]","[290.0, 36]","[296.22, 18]","[298.44, 27]",294.11,95,4.22,0.05
07:43:15,"[292.0, 7]","[290.0, 28]","[295.0, 14]","[298.57, 21]",293.5,70,3.0,0.0
07:43:16,"[292.0, 9]","[290.0, 36]","[293.78, 18]","[300.0, 27]",292.89,90,1.78,0.0
07:43:17,"[292.0, 5]","[290.0, 20]","[293.0, 10]","[300.0, 15]",292.5,50,1.0,0.0
07:43:18,"[290.0, 24]","[285.0, 24]","[291.67, 12]","[300.0, 18]",290.83,78,1.67,0.23
07:43:19,"[289.29, 42]","[284.95, 39]","[291.48, 23]","[360.08, 25]",290.38,129,2.19,0.26
07:43:20,"[284.19, 16]","[280.18, 38]","[302.0, 6]","[754.67, 12]",293.09,72,17.81,0.5
07:43:21,"[283.0, 6]","[279.0, 34]","[302.0, 2]","[767.0, 4]",292.5,46,19.0,0.74
07:43:22,"[283.0, 18]","[279.0, 102]","[295.78, 9]","[506.22, 9]",289.39,138,12.78,0.74
07:43:23,"[283.0, 21]","[279.0, 119]","[289.62, 13]","[291.12, 8]",286.31,161,6.62,0.74
07:43:24,"[279.22, 108]","[278.55, 40]","[288.0, 16]","[289.0, 8]",283.61,172,8.78,0.72
07:43:25,"[279.0, 171]","[276.0, 9]","[287.0, 17]","[287.75, 16]",283.0,213,8.0,0.69
07:43:26,"[279.0, 185]","[276.0, 10]","[281.26, 19]","[283.37, 19]",280.13,233,2.26,0.67
07:43:27,"[279.06, 141]","[216.53, 30]","[283.78, 18]","[307.76, 17]",281.42,206,4.72,0.66
07:43:28,"[283.31, 26]","[279.11, 74]","[289.0, 32]","[333.75, 16]",286.15,148,5.69,0.35
07:43:29,"[284.0, 64]","[282.38, 16]","[286.88, 32]","[292.75, 16]",285.44,128,2.88,0.25
07:43:30,"[284.0, 63]","[282.0, 18]","[286.45, 29]","[343.0, 18]",285.22,128,2.45,0.27
07:43:31,"[284.25, 32]","[282.73, 22]","[292.89, 18]","[381.56, 18]",288.57,90,8.64,0.2
07:43:32,"[282.91, 22]","[279.29, 56]","[294.0, 20]","[346.0, 20]",288.45,118,11.09,0.32
07:43:33,"[280.0, 2]","[279.0, 16]","[294.0, 4]","[346.0, 4]",287.0,26,14.0,0.38
07:43:34,"[283.0, 24]","[280.0, 6]","[293.5, 8]","[311.33, 12]",288.25,50,10.5,0.2
07:43:35,"[289.47, 53]","[281.71, 14]","[293.0, 8]","[294.0, 16]",291.24,91,3.53,0.47
07:43:36,"[290.2, 60]","[280.96, 80]","[293.0, 12]","[294.0, 24]",291.6,176,2.8,0.59
07:43:37,"[290.46, 84]","[283.12, 40]","[292.0, 48]","[293.0, 12]",291.23,184,1.54,0.35
07:43:38,"[290.75, 118]","[288.82, 56]","[292.64, 22]","[294.0, 28]",291.69,224,1.89,0.55
07:43:39,"[292.0, 72]","[290.0, 45]","[293.0, 9]","[295.0, 9]",292.5,135,1.0,0.73
07:43:40,"[292.0, 46]","[290.0, 80]","[293.0, 12]","[295.0, 12]",292.5,150,1.0,0.68
07:43:41,"[292.0, 39]","[290.0, 72]","[293.0, 8]","[295.0, 8]",292.5,127,1.0,0.75
07:43:42,"[292.0, 40]","[290.0, 45]","[293.0, 5]","[295.0, 5]",292.5,95,1.0,0.79
07:43:43,"[292.0, 104]","[290.61, 115]","[293.0, 15]","[295.0, 15]",292.5,249,1.0,0.76
07:43:44,"[292.0, 36]","[291.0, 63]","[293.0, 9]","[295.2, 10]",292.5,118,1.0,0.68
07:43:45,"[291.45, 44]","[290.57, 74]","[293.0, 10]","[296.0, 20]",292.23,148,1.55,0.59
07:43:46,"[291.0, 42]","[290.0, 56]","[293.0, 7]","[295.17, 24]",292.0,129,2.0,0.52
07:43:47,"[291.0, 48]","[290.0, 64]","[293.0, 8]","[295.0, 32]",292.0,152,2.0,0.47
07:43:48,"[291.4, 20]","[290.75, 64]","[293.0, 10]","[295.0, 40]",292.2,134,1.6,0.25
07:43:49,"[292.0, 13]","[291.0, 78]","[293.0, 13]","[295.0, 52]",292.5,156,1.0,0.17
07:43:50,"[291.67, 12]","[290.75, 64]","[293.0, 10]","[295.0, 40]",292.33,126,1.33,0.21
07:43:51,"[291.0, 8]","[290.0, 32]","[293.0, 4]","[295.0, 16]",292.0,60,2.0,0.33
07:43:52,"[291.0, 14]","[290.0, 56]","[293.0, 7]","[295.0, 28]",292.0,105,2.0,0.33
07:43:53,"[290.07, 88]","[287.0, 60]","[292.2, 15]","[294.52, 33]",291.13,196,2.13,0.51
07:43:54,"[290.0, 56]","[285.0, 39]","[296.23, 43]","[298.08, 52]",293.12,190,6.23,0.0
07:43:55,"[288.81, 21]","[284.17, 12]","[295.33, 9]","[297.33, 24]",292.07,66,6.52,0.0
07:43:56,"[281.5, 12]","[277.88, 16]","[294.0, 11]","[297.0, 44]",287.75,83,12.5,-0.33
07:43:57,"[282.71, 7]","[279.0, 7]","[294.0, 7]","[296.57, 28]",288.36,49,11.29,-0.43
07:43:58,"[284.17, 18]","[281.5, 12]","[294.0, 12]","[296.0, 48]",289.08,90,9.83,-0.33
07:43:59,"[285.02, 59]","[283.8, 15]","[294.0, 9]","[296.0, 36]",289.51,119,8.98,0.24
07:44:00,"[286.25, 8]","[285.0, 56]","[294.0, 8]","[296.0, 32]",290.12,104,7.75,0.23
07:44:01,"[290.0, 135]","[287.0, 16]","[292.12, 48]","[297.6, 40]",291.06,239,2.12,0.26
07:44:02,"[290.29, 35]","[286.45, 51]","[294.0, 11]","[300.0, 44]",292.14,141,3.71,0.22
07:44:03,"[291.0, 36]","[290.0, 36]","[294.0, 12]","[301.0, 48]",292.5,132,3.0,0.09
07:44:04,"[291.0, 39]","[290.0, 39]","[293.1, 31]","[300.14, 35]",292.05,144,2.1,0.08
07:44:05,"[290.57, 35]","[287.54, 71]","[295.34, 29]","[301.37, 35]",292.96,170,4.77,0.25
07:44:06,"[291.75, 16]","[290.0, 48]","[298.0, 16]","[301.69, 58]",294.88,138,6.25,-0.07
07:44:07,"[292.0, 9]","[290.0, 27]","[297.0, 9]","[300.0, 18]",294.5,63,5.0,0.14
07:44:08,"[292.0, 43]","[290.0, 39]","[296.69, 13]","[298.0, 13]",294.35,108,4.69,0.52
07:44:09,"[292.0, 45]","[290.0, 30]","[295.6, 10]","[298.0, 10]",293.8,95,3.6,0.58
07:44:10,"[292.0, 18]","[290.0, 27]","[294.11, 9]","[298.0, 9]",293.06,63,2.11,0.43
07:44:11,"[292.0, 18]","[291.0, 27]","[294.0, 9]","[298.0, 9]",293.0,63,2.0,0.43
07:44:12,"[292.0, 23]","[291.0, 42]","[295.15, 26]","[298.94, 16]",293.58,107,3.15,0.21
07:44:13,"[292.0, 8]","[291.0, 24]","[296.0, 32]","[298.38, 8]",294.0,72,4.0,-0.11
07:44:14,"[292.0, 15]","[291.0, 45]","[299.89, 18]","[303.14, 36]",295.94,114,7.89,0.05
07:44:15,"[291.85, 13]","[290.92, 36]","[300.0, 27]","[301.75, 12]",295.92,88,8.15,0.11
07:44:16,"[291.0, 24]","[290.0, 36]","[297.42, 24]","[300.75, 12]",294.21,96,6.42,0.25
07:44:17,"[290.4, 30]","[288.12, 48]","[293.0, 24]","[295.0, 21]",291.7,123,2.6,0.27
07:44:18,"[290.0, 24]","[287.0, 40]","[291.0, 16]","[294.0, 16]",290.5,96,1.0,0.33
07:44:19,"[290.0, 20]","[287.0, 40]","[291.75, 16]","[296.0, 16]",290.88,92,1.75,0.3
07:44:20,"[289.03, 77]","[286.82, 55]","[293.41, 29]","[303.59, 32]",291.22,193,4.39,0.37
07:44:21,"[290.0, 135]","[287.0, 45]","[302.24, 21]","[303.71, 14]",296.12,215,12.24,0.67
07:44:22,"[290.0, 135]","[287.0, 55]","[301.45, 44]","[303.79, 19]",295.73,253,11.45,0.5
07:44:23,"[290.0, 120]","[287.0, 60]","[298.5, 48]","[303.0, 27]",294.25,255,8.5,0.41
07:44:24,"[290.0, 60]","[287.0, 45]","[298.0, 36]","[303.0, 17]",294.0,158,8.0,0.33
07:44:25,"[290.0, 20]","[288.5, 20]","[298.0, 16]","[303.0, 4]",294.0,60,8.0,0.33
07:44:26,"[290.0, 34]","[289.0, 50]","[298.0, 40]","[303.0, 10]",294.0,134,8.0,0.25
07:44:27,"[290.0, 10]","[287.0, 50]","[298.0, 40]","[303.0, 10]",294.0,110,8.0,0.09
07:44:28,"[289.17, 18]","[286.97, 66]","[297.86, 56]","[303.0, 14]",293.51,154,8.69,0.09
07:44:29,"[287.0, 35]","[285.0, 7]","[297.0, 28]","[303.0, 7]",292.0,77,10.0,0.09
07:44:30,"[289.74, 57]","[286.97, 66]","[296.93, 56]","[303.0, 14]",293.33,193,7.19,0.27
07:44:31,"[290.0, 68]","[287.0, 121]","[293.68, 53]","[294.92, 26]",291.84,268,3.68,0.41
07:44:32,"[290.0, 21]","[287.0, 60]","[291.5, 12]","[292.98, 45]",290.75,138,1.5,0.17
07:44:33,"[290.0, 15]","[287.0, 75]","[292.96, 57]","[300.42, 26]",291.48,173,2.96,0.04
07:44:34,"[290.86, 37]","[287.41, 29]","[292.8, 30]","[299.52, 29]",291.83,125,1.94,0.06
07:44:35,"[291.0, 45]","[290.0, 11]","[300.71, 31]","[303.2, 15]",295.85,102,9.71,0.1
07:44:36,"[291.0, 30]","[290.0, 8]","[302.0, 24]","[304.0, 8]",296.5,70,11.0,0.09
07:44:37,"[291.25, 24]","[290.0, 8]","[302.0, 24]","[304.0, 8]",296.62,64,10.75,0.0
07:44:38,"[292.0, 24]","[290.0, 10]","[302.0, 30]","[304.5, 12]",297.0,76,10.0,-0.11
07:44:39,"[292.94, 17]","[290.0, 17]","[302.0, 51]","[305.51, 41]",297.47,126,9.06,-0.46
07:44:40,"[293.0, 9]","[290.79, 19]","[302.0, 27]","[305.0, 18]",297.5,73,9.0,-0.23
07:44:41,"[293.0, 9]","[291.0, 27]","[302.0, 27]","[305.0, 18]",297.5,81,9.0,-0.11
07:44:42,"[293.0, 35]","[291.0, 33]","[301.78, 32]","[303.93, 27]",297.39,127,8.78,0.07
07:44:43,"[293.0, 65]","[291.0, 39]","[303.0, 39]","[304.0, 50]",298.0,193,10.0,0.08
07:44:44,"[292.86, 66]","[291.69, 78]","[303.0, 42]","[304.0, 28]",297.93,214,10.14,0.35
07:44:45,"[291.64, 42]","[290.64, 14]","[303.0, 24]","[304.0, 16]",297.32,96,11.36,0.17
07:44:46,"[291.0, 24]","[290.0, 8]","[301.81, 32]","[302.55, 29]",296.41,93,10.81,-0.31
07:44:47,"[291.0, 28]","[288.33, 43]","[300.0, 45]","[301.58, 43]",295.5,159,9.0,-0.11
07:44:48,"[291.0, 66]","[288.0, 99]","[298.36, 55]","[299.51, 47]",294.68,267,7.36,0.24
07:44:49,"[293.56, 102]","[290.75, 72]","[297.0, 70]","[298.07, 70]",295.28,314,3.44,0.11
07:44:50,"[293.0, 30]","[291.0, 60]","[296.0, 50]","[298.0, 50]",294.5,190,3.0,-0.05
07:44:51,"[292.05, 63]","[289.78, 111]","[294.69, 80]","[297.57, 70]",293.37,324,2.64,0.07
07:44:52,"[291.0, 72]","[288.0, 108]","[292.64, 45]","[294.55, 42]",291.82,267,1.64,0.35
07:44:53,"[290.11, 61]","[287.95, 83]","[292.04, 49]","[294.27, 22]",291.08,215,1.93,0.34
07:44:54,"[288.0, 108]","[286.5, 18]","[294.92, 24]","[302.0, 24]",291.46,174,6.92,0.45
07:44:55,"[290.39, 67]","[287.91, 99]","[298.36, 33]","[301.77, 26]",294.38,225,7.98,0.48
07:44:56,"[292.0, 40]","[288.0, 90]","[298.0, 30]","[301.0, 20]",295.0,180,6.0,0.44
07:44:57,"[292.0, 32]","[288.0, 72]","[296.75, 24]","[301.0, 16]",294.38,144,4.75,0.44
07:44:58,"[292.0, 54]","[288.0, 135]","[293.88, 48]","[295.16, 57]",292.94,294,1.88,0.29
07:44:59,"[288.7, 40]","[287.85, 68]","[293.51, 35]","[295.55, 44]",291.11,187,4.81,0.16
07:45:00,"[291.03, 76]","[287.83, 59]","[296.07, 54]","[303.09, 68]",293.55,257,5.05,0.05
07:45:01,"[293.0, 20]","[288.0, 60]","[303.2, 50]","[304.26, 38]",298.1,168,10.2,-0.05
07:45:02,"[293.0, 24]","[289.45, 58]","[302.5, 60]","[303.51, 51]",297.75,193,9.5,-0.15
07:45:03,"[293.0, 28]","[291.0, 56]","[304.0, 85]","[307.0, 28]",298.5,197,11.0,-0.15
07:45:04,"[292.73, 44]","[290.53, 76]","[300.72, 78]","[302.61, 82]",296.72,280,7.99,-0.14
07:45:05,"[291.0, 39]","[288.0, 78]","[295.92, 52]","[301.1, 29]",293.46,198,4.92,0.18
07:45:06,"[291.0, 21]","[288.0, 66]","[294.26, 38]","[298.57, 28]",292.63,153,3.26,0.14
07:45:07,"[289.47, 55]","[287.33, 21]","[292.11, 36]","[293.33, 24]",290.79,136,2.64,0.12
07:45:08,"[291.0, 145]","[288.0, 52]","[292.18, 44]","[294.09, 22]",291.59,263,1.18,0.5
07:45:09,"[291.0, 51]","[288.0, 28]","[292.0, 28]","[297.0, 8]",291.5,115,1.0,0.37
07:45:10,"[290.37, 38]","[287.54, 26]","[292.45, 22]","[298.78, 9]",291.41,95,2.09,0.35
07:45:11,"[288.0, 32]","[286.0, 24]","[296.0, 16]","[297.0, 8]",292.0,80,8.0,0.4
07:45:12,"[288.0, 30]","[286.0, 24]","[296.0, 16]","[297.62, 8]",292.0,78,8.0,0.38
07:45:13,"[288.5, 40]","[287.18, 34]","[295.09, 22]","[298.0, 11]",291.8,107,6.59,0.38
07:45:14,"[288.3, 40]","[287.26, 19]","[293.8, 20]","[297.0, 10]",291.05,89,5.5,0.33
07:45:15,"[288.0, 36]","[286.0, 9]","[295.14, 14]","[298.62, 16]",291.57,75,7.14,0.2
07:45:16,"[291.96, 45]","[287.8, 20]","[296.0, 12]","[299.89, 18]",293.98,95,4.04,0.37
07:45:17,"[293.0, 10]","[292.0, 70]","[296.0, 10]","[301.0, 20]",294.5,110,3.0,0.45
07:45:18,"[293.0, 3]","[292.0, 21]","[296.0, 3]","[301.0, 6]",294.5,33,3.0,0.45
07:45:19,"[293.0, 8]","[292.0, 56]","[296.0, 8]","[301.0, 16]",294.5,88,3.0,0.45
07:45:20,"[293.0, 8]","[292.0, 56]","[296.0, 8]","[301.88, 34]",294.5,106,3.0,0.21
07:45:21,"[293.0, 7]","[292.0, 49]","[296.0, 7]","[302.0, 35]",294.5,98,3.0,0.14
07:45:22,"[293.0, 9]","[292.0, 63]","[296.0, 9]","[301.11, 45]",294.5,126,3.0,0.14
07:45:23,"[293.0, 10]","[292.0, 70]","[295.1, 10]","[297.79, 14]",294.05,104,2.1,0.54
07:45:24,"[292.01, 105]","[288.72, 47]","[294.0, 13]","[296.0, 13]",293.0,178,1.99,0.71
07:45:25,"[292.0, 137]","[288.0, 60]","[295.6, 15]","[300.63, 67]",293.8,279,3.6,0.41
07:45:26,"[292.0, 126]","[288.0, 56]","[298.05, 64]","[299.7, 50]",295.02,296,6.05,0.23
07:45:27,"[292.0, 90]","[288.0, 40]","[298.0, 60]","[299.0, 50]",295.0,240,6.0,0.08
07:45:28,"[292.03, 62]","[288.63, 38]","[298.0, 51]","[299.0, 68]",295.02,219,5.97,-0.09
07:45:29,"[293.0, 17]","[292.0, 51]","[296.76, 85]","[298.5, 101]",294.88,254,3.76,-0.46
07:45:30,"[293.0, 11]","[292.0, 33]","[295.45, 55]","[299.74, 47]",294.23,146,2.45,-0.4
07:45:31,"[293.0, 13]","[292.0, 39]","[294.46, 65]","[300.0, 65]",293.73,182,1.46,-0.43
07:45:32,"[289.83, 29]","[287.85, 27]","[293.35, 43]","[298.44, 45]",291.59,144,3.52,-0.22
07:45:33,"[287.75, 59]","[286.77, 43]","[292.0, 80]","[299.0, 80]",289.87,262,4.25,-0.22
07:45:34,"[288.62, 39]","[286.31, 29]","[297.77, 65]","[304.27, 41]",293.19,174,9.15,-0.22
07:45:35,"[287.0, 24]","[286.0, 16]","[297.0, 40]","[304.25, 24]",292.0,104,10.0,-0.23
07:45:36,"[287.37, 27]","[286.09, 22]","[295.69, 16]","[297.36, 58]",291.53,123,8.32,-0.2
07:45:37,"[287.9, 10]","[284.5, 10]","[295.0, 10]","[297.0, 50]",291.45,80,7.1,-0.5
07:45:38,"[284.0, 13]","[282.0, 13]","[295.0, 13]","[298.34, 61]",289.5,100,11.0,-0.48
07:45:39,"[284.93, 14]","[282.08, 25]","[294.43, 14]","[299.0, 58]",289.68,111,9.5,-0.3
07:45:40,"[286.0, 10]","[282.0, 20]","[293.3, 10]","[298.0, 10]",289.65,50,7.3,0.2
07:45:41,"[287.12, 17]","[284.26, 23]","[291.88, 17]","[299.97, 72]",289.5,129,4.76,-0.38
07:45:42,"[285.5, 22]","[282.0, 15]","[299.48, 29]","[300.95, 44]",292.49,110,13.98,-0.33
07:45:43,"[280.0, 64]","[277.88, 8]","[281.0, 24]","[298.62, 16]",280.5,112,1.0,0.29
07:45:44,"[280.97, 31]","[278.44, 9]","[292.9, 20]","[303.04, 25]",286.93,85,11.93,-0.06
07:45:45,"[283.15, 47]","[282.39, 44]","[297.38, 78]","[314.91, 54]",290.27,223,14.24,-0.18
07:45:46,"[283.57, 84]","[282.34, 41]","[296.31, 71]","[298.02, 96]",289.94,292,12.74,-0.14
07:45:47,"[291.4, 86]","[285.86, 84]","[295.0, 56]","[297.51, 65]",293.2,291,3.6,0.17
07:45:48,"[294.0, 32]","[293.0, 32]","[296.0, 16]","[298.0, 48]",295.0,128,2.0,0.0
07:45:49,"[294.0, 78]","[293.0, 36]","[296.0, 18]","[298.0, 49]",295.0,181,2.0,0.26
07:45:50,"[294.0, 130]","[293.0, 52]","[295.83, 29]","[297.71, 14]",294.91,225,1.83,0.62
07:45:51,"[294.0, 110]","[293.0, 48]","[295.0, 60]","[298.0, 36]",294.5,254,1.0,0.24
07:45:52,"[294.0, 34]","[293.0, 32]","[296.8, 25]","[299.38, 24]",295.4,115,2.8,0.15
07:45:53,"[294.0, 27]","[293.0, 36]","[298.0, 18]","[299.0, 9]",296.0,90,4.0,0.4
07:45:54,"[294.0, 42]","[293.0, 56]","[297.0, 55]","[298.22, 23]",295.5,176,3.0,0.11
07:45:55,"[294.0, 27]","[293.0, 36]","[296.0, 45]","[298.44, 18]",295.0,126,2.0,0.0
07:45:56,"[293.12, 33]","[291.06, 32]","[297.61, 46]","[301.24, 17]",295.36,128,4.49,0.02
07:45:57,"[291.93, 43]","[288.86, 14]","[298.27, 44]","[303.0, 11]",295.1,112,6.34,0.02
07:45:58,"[292.0, 65]","[291.0, 13]","[294.69, 52]","[303.91, 47]",293.35,177,2.69,-0.12
07:45:59,"[292.0, 65]","[291.0, 13]","[294.0, 52]","[302.15, 81]",293.0,211,2.0,-0.26
07:46:00,"[292.0, 50]","[291.0, 10]","[294.0, 40]","[301.6, 50]",293.0,150,2.0,-0.2
07:46:01,"[292.0, 22]","[291.0, 10]","[301.19, 47]","[304.48, 29]",296.6,108,9.19,-0.41
07:46:02,"[290.0, 20]","[289.75, 16]","[304.65, 86]","[306.6, 20]",297.33,142,14.65,-0.49
07:46:03,"[293.3, 159]","[286.85, 52]","[305.0, 105]","[308.8, 15]",299.15,331,11.7,0.27
07:46:04,"[294.0, 208]","[287.0, 64]","[303.86, 44]","[305.03, 76]",298.93,392,9.86,0.39
07:46:05,"[294.0, 136]","[287.0, 60]","[303.47, 15]","[305.0, 105]",298.73,316,9.47,0.24
07:46:06,"[294.0, 56]","[287.0, 56]","[301.93, 14]","[306.12, 64]",297.96,190,7.93,0.18
07:46:07,"[287.06, 230]","[285.42, 48]","[300.0, 20]","[307.0, 120]",293.53,418,12.94,0.33
07:46:08,"[289.93, 400]","[286.98, 86]","[300.0, 22]","[304.93, 116]",294.96,624,10.07,0.56
07:46:09,"[291.67, 216]","[287.0, 48]","[300.0, 12]","[304.0, 60]",295.83,336,8.33,0.57
07:46:10,"[292.93, 248]","[287.0, 56]","[300.0, 14]","[304.0, 70]",296.46,388,7.07,0.57
07:46:11,"[294.0, 224]","[293.0, 28]","[299.21, 14]","[304.0, 70]",296.61,336,5.21,0.5
07:46:12,"[294.0, 124]","[293.0, 22]","[297.73, 11]","[302.88, 43]",295.86,200,3.73,0.46
07:46:13,"[294.0, 56]","[293.0, 14]","[296.67, 9]","[301.67, 27]",295.33,106,2.67,0.32
07:46:14,"[294.0, 64]","[293.0, 20]","[295.92, 26]","[299.0, 22]",294.96,132,1.92,0.27
07:46:15,"[294.0, 50]","[293.0, 20]","[295.9, 30]","[302.0, 50]",294.95,150,1.9,-0.07
07:46:16,"[294.0, 55]","[293.0, 22]","[295.0, 33]","[302.0, 55]",294.5,165,1.0,-0.07
07:46:17,"[294.0, 70]","[293.0, 34]","[297.87, 61]","[302.71, 70]",295.93,235,3.87,-0.11
07:46:18,"[294.0, 26]","[293.0, 26]","[305.96, 48]","[309.64, 50]",299.98,150,11.96,-0.31
07:46:19,"[294.0, 18]","[293.0, 18]","[306.44, 36]","[308.5, 40]",300.22,112,12.44,-0.36
07:46:20,"[294.0, 26]","[293.0, 26]","[305.12, 32]","[306.12, 50]",299.56,134,11.12,-0.22
07:46:21,"[294.0, 18]","[293.0, 18]","[303.0, 32]","[304.0, 22]",298.5,90,9.0,-0.2
07:46:22,"[293.55, 22]","[292.44, 27]","[300.45, 22]","[302.17, 24]",297.0,95,6.91,0.03
07:46:23,"[293.0, 20]","[292.0, 30]","[300.0, 20]","[302.0, 20]",296.5,90,7.0,0.11
07:46:24,"[293.0, 30]","[292.0, 45]","[298.04, 46]","[299.88, 32]",295.52,153,5.04,-0.02
07:46:25,"[292.81, 32]","[291.68, 57]","[294.73, 30]","[296.69, 52]",293.77,171,1.92,0.04
07:46:26,"[292.12, 24]","[291.12, 72]","[297.93, 28]","[301.59, 17]",295.03,141,5.8,0.36
07:46:27,"[293.0, 14]","[292.0, 42]","[304.35, 34]","[305.37, 27]",298.68,117,11.35,-0.04
07:46:28,"[291.68, 41]","[290.52, 120]","[302.74, 38]","[304.79, 72]",297.21,271,11.05,0.19
07:46:29,"[291.0, 72]","[288.0, 96]","[302.0, 24]","[305.0, 67]",296.5,259,11.0,0.3
07:46:30,"[291.0, 30]","[288.0, 40]","[302.0, 10]","[305.0, 36]",296.5,116,11.0,0.21
07:46:31,"[288.56, 43]","[287.36, 44]","[301.33, 18]","[305.0, 72]",294.95,177,12.78,-0.02
07:46:32,"[288.12, 51]","[287.22, 46]","[301.0, 22]","[304.25, 32]",294.56,151,12.88,0.28
07:46:33,"[287.71, 41]","[286.22, 46]","[300.6, 20]","[301.82, 11]",294.15,118,12.89,0.47
07:46:34,"[291.62, 153]","[285.03, 72]","[299.36, 28]","[301.1, 29]",295.49,282,7.74,0.6
07:46:35,"[292.0, 104]","[287.76, 34]","[298.0, 16]","[302.0, 24]",295.0,178,6.0,0.55
07:46:36,"[292.0, 130]","[288.03, 32]","[296.0, 18]","[301.0, 28]",294.0,208,4.0,0.56
07:46:37,"[292.0, 156]","[291.0, 12]","[293.42, 12]","[295.0, 24]",292.71,204,1.42,0.65
07:46:38,"[292.14, 73]","[291.92, 71]","[295.0, 22]","[303.68, 19]",293.57,185,2.86,0.56
07:46:39,"[292.0, 70]","[291.0, 7]","[293.53, 17]","[294.76, 29]",292.76,123,1.53,0.25
07:46:40,"[292.0, 67]","[291.0, 10]","[293.96, 47]","[303.11, 56]",292.98,180,1.96,-0.14
07:46:41,"[292.0, 60]","[291.0, 12]","[293.08, 60]","[303.67, 54]",292.54,186,1.08,-0.23
07:46:42,"[291.95, 39]","[290.29, 14]","[293.47, 58]","[302.13, 38]",292.71,149,1.52,-0.29
07:46:43,"[291.0, 18]","[286.0, 18]","[302.0, 27]","[303.0, 45]",296.5,108,11.0,-0.33
07:46:44,"[291.0, 14]","[286.0, 14]","[300.43, 21]","[302.4, 25]",295.71,74,9.43,-0.24
07:46:45,"[291.0, 22]","[286.0, 22]","[298.09, 33]","[302.76, 63]",294.55,140,7.09,-0.37
07:46:46,"[293.0, 48]","[291.0, 32]","[296.62, 48]","[302.38, 48]",294.81,176,3.62,-0.09
07:46:47,"[292.91, 47]","[290.82, 33]","[295.25, 48]","[303.75, 53]",294.08,181,2.34,-0.12
07:46:48,"[292.43, 35]","[289.38, 26]","[303.27, 37]","[305.52, 52]",297.85,150,10.84,-0.19
07:46:49,"[293.0, 75]","[291.86, 35]","[302.73, 60]","[304.55, 55]",297.87,225,9.73,-0.02
07:46:50,"[292.14, 35]","[291.23, 13]","[301.27, 44]","[304.0, 55]",296.71,147,9.13,-0.35
07:46:51,"[292.0, 33]","[291.0, 11]","[298.18, 44]","[302.45, 33]",295.09,121,6.18,-0.27
07:46:52,"[289.56, 48]","[286.52, 29]","[296.62, 64]","[304.7, 77]",293.09,218,7.06,-0.29
07:46:53,"[289.0, 42]","[286.0, 28]","[295.93, 56]","[304.0, 28]",292.46,154,6.93,-0.09
07:46:54,"[289.0, 24]","[286.0, 18]","[294.78, 36]","[303.35, 23]",291.89,101,5.78,-0.17
07:46:55,"[287.91, 11]","[282.25, 32]","[293.86, 28]","[303.0, 21]",290.88,92,5.95,-0.07
07:46:56,"[285.0, 6]","[281.55, 44]","[291.83, 24]","[302.88, 17]",288.42,91,6.83,0.1
07:46:57,"[285.0, 10]","[283.0, 60]","[290.7, 40]","[301.7, 20]",287.85,130,5.7,0.08
07:46:58,"[285.0, 9]","[283.0, 54]","[289.33, 36]","[299.0, 18]",287.17,117,4.33,0.08
07:46:59,"[283.53, 34]","[282.15, 94]","[287.79, 56]","[291.41, 44]",285.66,228,4.26,0.12
07:47:00,"[283.0, 80]","[281.0, 128]","[285.94, 63]","[286.86, 70]",284.47,341,2.94,0.22
07:47:01,"[283.43, 79]","[281.59, 102]","[284.9, 58]","[285.95, 74]",284.16,313,1.47,0.16
07:47:02,"[282.33, 64]","[280.73, 97]","[285.93, 59]","[292.44, 27]",284.13,247,3.6,0.3
07:47:03,"[282.0, 60]","[280.7, 63]","[293.68, 37]","[300.72, 58]",287.84,218,11.68,0.13
07:47:04,"[282.0, 60]","[281.0, 40]","[297.4, 20]","[298.5, 20]",289.7,140,15.4,0.43
07:47:05,"[284.44, 59]","[281.71, 70]","[296.31, 26]","[298.0, 26]",290.37,181,11.87,0.43
07:47:06,"[282.35, 31]","[280.93, 45]","[295.08, 26]","[297.38, 26]",288.72,128,12.72,0.19
07:47:07,"[287.0, 11]","[282.64, 25]","[295.0, 22]","[297.0, 22]",291.0,80,8.0,-0.1
07:47:08,"[292.71, 70]","[288.17, 18]","[294.0, 26]","[298.68, 66]",293.36,180,1.29,-0.02
07:47:09,"[293.0, 73]","[291.4, 120]","[296.47, 36]","[298.2, 45]",294.74,274,3.47,0.41
07:47:10,"[293.0, 52]","[292.0, 108]","[294.12, 32]","[296.33, 12]",293.56,204,1.12,0.57
07:47:11,"[293.0, 12]","[292.0, 54]","[296.0, 6]","[301.33, 6]",294.5,78,3.0,0.69
07:47:12,"[293.0, 12]","[292.0, 54]","[296.0, 6]","[302.0, 6]",294.5,78,3.0,0.69
07:47:13,"[293.0, 18]","[292.0, 81]","[296.0, 9]","[302.0, 9]",294.5,117,3.0,0.69
07:47:14,"[293.0, 16]","[292.0, 72]","[295.0, 8]","[296.0, 8]",294.0,104,2.0,0.69
07:47:15,"[293.0, 20]","[292.0, 96]","[295.0, 10]","[296.0, 10]",294.0,136,2.0,0.71
07:47:16,"[293.0, 26]","[292.0, 100]","[294.8, 10]","[297.5, 10]",293.9,146,1.8,0.73
07:47:17,"[293.0, 12]","[292.0, 60]","[296.0, 6]","[300.67, 6]",294.5,84,3.0,0.71
07:47:18,"[293.0, 14]","[292.0, 70]","[296.0, 7]","[300.0, 7]",294.5,98,3.0,0.71
07:47:19,"[293.0, 16]","[292.0, 80]","[296.0, 8]","[300.0, 8]",294.5,112,3.0,0.71
07:47:20,"[293.0, 10]","[292.0, 50]","[295.6, 5]","[299.8, 5]",294.3,70,2.6,0.71
07:47:21,"[292.22, 46]","[291.76, 66]","[295.0, 9]","[299.0, 9]",293.61,130,2.78,0.72
07:47:22,"[292.0, 68]","[291.0, 48]","[294.38, 16]","[298.67, 12]",293.19,144,2.38,0.61
07:47:23,"[291.2, 40]","[288.75, 32]","[293.14, 42]","[295.9, 10]",292.17,124,1.94,0.16
07:47:24,"[291.0, 64]","[288.0, 48]","[295.56, 16]","[298.86, 22]",293.28,150,4.56,0.49
07:47:25,"[291.0, 28]","[288.0, 21]","[295.0, 7]","[299.38, 8]",293.0,64,4.0,0.53
07:47:26,"[291.0, 56]","[288.0, 42]","[295.0, 14]","[299.75, 16]",293.0,128,4.0,0.53
07:47:27,"[290.77, 39]","[287.7, 30]","[295.0, 10]","[299.0, 20]",292.88,99,4.23,0.39
07:47:28,"[288.0, 30]","[285.0, 30]","[292.8, 10]","[299.0, 20]",290.4,90,4.8,0.33
07:47:29,"[288.0, 42]","[285.0, 42]","[293.12, 17]","[298.52, 25]",290.56,126,5.12,0.33
07:47:30,"[291.44, 45]","[289.88, 40]","[297.0, 20]","[299.0, 10]",294.22,115,5.56,0.48
07:47:31,"[292.0, 56]","[291.0, 70]","[297.0, 28]","[299.0, 14]",294.5,168,5.0,0.5
07:47:32,"[291.31, 51]","[289.46, 41]","[297.0, 22]","[299.0, 11]",294.16,125,5.69,0.47
07:47:33,"[292.0, 41]","[291.0, 70]","[297.0, 28]","[300.2, 20]",294.5,159,5.0,0.4
07:47:34,"[292.12, 16]","[290.75, 67]","[297.0, 30]","[299.0, 45]",294.56,158,4.88,0.05
07:47:35,"[293.25, 16]","[289.0, 18]","[296.0, 50]","[297.3, 20]",294.62,104,2.75,-0.35
07:47:36,"[294.0, 10]","[291.0, 7]","[296.0, 35]","[298.0, 14]",295.0,66,2.0,-0.48
07:47:37,"[286.0, 42]","[285.0, 14]","[295.29, 35]","[298.0, 14]",290.64,105,9.29,0.07
07:47:38,"[286.0, 54]","[285.0, 22]","[293.5, 52]","[294.46, 41]",289.75,169,7.5,-0.1
07:47:39,"[286.0, 24]","[285.0, 16]","[290.88, 34]","[292.0, 38]",288.44,112,4.88,-0.29
07:47:40,"[285.95, 57]","[283.67, 18]","[287.98, 61]","[289.81, 63]",286.97,199,2.04,-0.25
07:47:41,"[285.25, 8]","[280.58, 19]","[287.74, 27]","[292.5, 24]",286.5,78,2.49,-0.31
07:47:42,"[285.0, 5]","[278.4, 10]","[287.6, 20]","[296.0, 15]",286.3,50,2.6,-0.4
07:47:43,"[279.48, 21]","[276.35, 34]","[286.0, 21]","[294.36, 22]",282.74,98,6.52,0.12
07:47:44,"[280.0, 60]","[278.0, 16]","[287.66, 32]","[296.32, 38]",283.83,146,7.66,0.04
07:47:45,"[280.25, 64]","[279.2, 20]","[295.0, 91]","[296.64, 14]",287.62,189,14.75,-0.11
07:47:46,"[279.5, 72]","[278.0, 12]","[294.4, 50]","[296.38, 58]",286.95,192,14.9,-0.12
07:47:47,"[279.42, 26]","[278.27, 59]","[294.0, 33]","[295.0, 55]",286.71,173,14.58,-0.02
07:47:48,"[282.0, 8]","[280.0, 15]","[293.17, 29]","[294.5, 30]",287.59,82,11.17,-0.44
07:47:49,"[281.29, 14]","[279.16, 76]","[291.24, 34]","[294.0, 30]",286.26,154,9.95,0.17
07:47:50,"[279.62, 32]","[278.87, 150]","[292.27, 33]","[294.81, 64]",285.95,279,12.65,0.3
07:47:51,"[279.25, 72]","[278.0, 130]","[281.0, 39]","[293.19, 37]",280.12,278,1.75,0.45
07:47:52,"[278.19, 47]","[273.36, 110]","[281.27, 33]","[286.95, 19]",279.73,209,3.08,0.5
07:47:53,"[275.0, 136]","[153.0, 48]","[284.0, 24]","[286.75, 20]",279.5,228,9.0,0.61
07:47:54,"[277.11, 70]","[274.74, 91]","[283.53, 34]","[284.71, 42]",280.32,237,6.42,0.36
07:47:55,"[282.0, 88]","[280.82, 33]","[283.55, 44]","[286.18, 33]",282.77,198,1.55,0.22
07:47:56,"[282.24, 41]","[279.0, 21]","[290.41, 27]","[292.64, 25]",286.33,114,8.16,0.09
07:47:57,"[283.0, 40]","[279.0, 24]","[293.0, 8]","[348.36, 14]",288.0,86,10.0,0.49
07:47:58,"[283.0, 30]","[279.0, 18]","[293.0, 6]","[481.67, 18]",288.0,72,10.0,0.33
07:47:59,"[283.33, 30]","[279.0, 18]","[383.22, 9]","[506.71, 21]",333.28,78,99.89,0.23
07:48:00,"[284.79, 34]","[283.07, 29]","[495.67, 30]","[553.0, 13]",390.23,106,210.87,0.19
07:48:01,"[290.36, 14]","[284.81, 26]","[495.0, 55]","[496.0, 44]",392.68,139,204.64,-0.42
07:48:02,"[286.0, 33]","[284.25, 40]","[495.0, 55]","[515.42, 38]",390.5,166,209.0,-0.12
07:48:03,"[287.0, 65]","[285.0, 26]","[414.2, 61]","[448.59, 17]",350.6,169,127.2,0.08
07:48:04,"[287.0, 35]","[282.0, 16]","[374.0, 35]","[499.57, 7]",330.5,93,87.0,0.1
07:48:05,"[287.0, 45]","[278.75, 24]","[324.15, 13]","[376.85, 41]",305.58,123,37.15,0.12
07:48:06,"[287.0, 45]","[284.6, 20]","[293.0, 9]","[370.57, 42]",290.0,116,6.0,0.12
07:48:07,"[287.0, 60]","[285.89, 35]","[291.04, 46]","[320.86, 29]",289.02,170,4.04,0.12
07:48:08,"[286.29, 17]","[281.63, 38]","[428.67, 21]","[404.74, 34]",357.48,110,142.37,0.0
07:48:09,"[285.24, 17]","[279.15, 65]","[433.0, 14]","[535.11, 19]",359.12,115,147.76,0.43
07:48:10,"[284.0, 18]","[279.0, 81]","[290.0, 9]","[313.15, 13]",287.0,121,6.0,0.64
07:48:11,"[284.0, 12]","[279.0, 54]","[287.75, 8]","[290.0, 6]",285.88,80,3.75,0.65
07:48:12,"[284.0, 12]","[279.0, 54]","[286.8, 10]","[287.5, 8]",285.4,84,2.8,0.57
07:48:13,"[279.19, 104]","[277.6, 60]","[284.5, 16]","[290.11, 18]",281.85,198,5.31,0.66
07:48:14,"[279.88, 50]","[278.4, 120]","[282.07, 88]","[285.8, 20]",280.97,278,2.19,0.22
07:48:15,"[280.22, 18]","[275.17, 23]","[282.0, 41]","[284.0, 11]",281.11,93,1.78,-0.12
07:48:16,"[278.5, 8]","[277.0, 8]","[282.0, 16]","[284.0, 8]",280.25,40,3.5,-0.2
07:48:17,"[279.5, 10]","[276.19, 16]","[282.0, 19]","[284.0, 10]",280.75,55,2.5,-0.05
07:48:18,"[279.0, 10]","[274.0, 70]","[282.0, 10]","[284.0, 10]",280.5,100,3.0,0.6
07:48:19,"[280.14, 14]","[273.66, 32]","[282.0, 14]","[283.0, 56]",281.07,116,1.86,-0.21
07:48:20,"[273.59, 34]","[271.83, 46]","[282.0, 10]","[283.0, 40]",277.79,130,8.41,0.23
07:48:21,"[270.0, 104]","[269.0, 104]","[281.54, 13]","[282.96, 46]",275.77,267,11.54,0.56
07:48:22,"[270.0, 104]","[269.0, 104]","[278.02, 46]","[279.23, 13]",274.01,267,8.02,0.56
07:48:23,"[270.71, 93]","[269.53, 102]","[278.95, 19]","[281.25, 16]",274.83,230,8.24,0.7
07:48:24,"[271.59, 51]","[270.61, 69]","[281.0, 12]","[282.67, 9]",276.29,141,9.41,0.7
07:48:25,"[272.88, 40]","[270.0, 8]","[289.68, 44]","[290.81, 36]",281.28,128,16.81,-0.25
07:48:26,"[274.55, 22]","[269.2, 20]","[288.71, 31]","[290.14, 35]",281.63,108,14.16,-0.22
07:48:27,"[271.0, 26]","[269.31, 65]","[287.07, 75]","[290.53, 66]",279.03,232,16.07,-0.22
07:48:28,"[278.27, 33]","[270.97, 60]","[287.0, 45]","[290.38, 39]",282.64,177,8.73,0.05
07:48:29,"[276.25, 24]","[271.09, 22]","[287.22, 54]","[290.1, 49]",281.74,149,10.97,-0.38
07:48:30,"[273.71, 34]","[271.82, 17]","[287.0, 44]","[290.0, 44]",280.35,139,13.29,-0.27
07:48:31,"[275.48, 42]","[274.65, 40]","[287.0, 48]","[290.0, 48]",281.24,178,11.52,-0.08
07:48:32,"[278.62, 32]","[277.86, 28]","[287.0, 40]","[290.0, 40]",282.81,140,8.38,-0.14
07:48:33,"[284.07, 30]","[281.0, 30]","[287.0, 40]","[290.0, 40]",285.53,140,2.93,-0.14
07:48:34,"[285.0, 28]","[283.0, 14]","[287.0, 28]","[290.0, 28]",286.0,98,2.0,-0.14
07:48:35,"[285.2, 20]","[283.5, 16]","[287.0, 32]","[290.0, 32]",286.1,100,1.8,-0.28
07:48:36,"[285.71, 14]","[276.25, 24]","[287.0, 11]","[290.0, 28]",286.36,77,1.29,-0.01
07:48:37,"[286.0, 17]","[285.0, 16]","[287.0, 8]","[290.0, 32]",286.5,73,1.0,-0.1
07:48:38,"[285.71, 7]","[278.41, 17]","[287.0, 6]","[290.0, 24]",286.36,54,1.29,-0.11
07:48:39,"[272.56, 45]","[267.93, 75]","[286.1, 10]","[288.46, 13]",279.33,143,13.54,0.68
07:48:40,"[269.0, 55]","[267.0, 80]","[285.4, 10]","[287.4, 10]",277.2,155,16.4,0.74
07:48:41,"[269.63, 38]","[267.25, 64]","[278.95, 21]","[286.38, 42]",274.29,165,9.32,0.24
07:48:42,"[270.0, 66]","[269.0, 22]","[275.0, 22]","[283.33, 45]",272.5,155,5.0,0.14
07:48:43,"[270.54, 26]","[267.12, 68]","[275.0, 14]","[278.0, 35]",272.77,143,4.46,0.31
07:48:44,"[272.58, 48]","[268.32, 112]","[276.67, 36]","[278.56, 54]",274.62,250,4.08,0.28
07:48:45,"[273.0, 36]","[267.95, 74]","[278.0, 45]","[283.0, 18]",275.5,173,5.0,0.27
07:48:46,"[275.12, 104]","[273.0, 32]","[278.0, 40]","[283.0, 37]",276.56,213,2.88,0.28
07:48:47,"[276.0, 130]","[273.0, 40]","[278.0, 50]","[283.0, 50]",277.0,270,2.0,0.26
07:48:48,"[276.33, 117]","[273.0, 42]","[278.0, 44]","[283.0, 45]",277.17,248,1.67,0.28
07:48:49,"[277.0, 91]","[273.0, 30]","[278.0, 28]","[283.0, 35]",277.5,184,1.0,0.32
07:48:50,"[277.0, 86]","[264.0, 60]","[283.38, 32]","[285.76, 34]",280.19,212,6.38,0.38
07:48:51,"[279.6, 163]","[277.95, 180]","[283.95, 111]","[366.53, 102]",281.77,556,4.34,0.23
07:48:52,"[280.0, 123]","[269.0, 22]","[284.0, 44]","[428.87, 47]",282.0,236,4.0,0.23
07:48:53,"[280.08, 108]","[269.0, 51]","[286.8, 59]","[368.71, 38]",283.44,256,6.71,0.24
07:48:54,"[283.33, 108]","[269.0, 36]","[287.0, 60]","[290.0, 60]",285.17,264,3.67,0.09
07:48:55,"[284.03, 108]","[272.0, 45]","[285.92, 36]","[287.26, 42]",284.97,231,1.89,0.32
07:48:56,"[284.0, 87]","[269.62, 39]","[285.13, 23]","[287.09, 22]",284.57,171,1.13,0.47
07:48:57,"[284.36, 55]","[268.6, 45]","[287.96, 51]","[291.7, 54]",286.16,205,3.6,-0.02
07:48:58,"[285.0, 52]","[269.0, 26]","[288.0, 40]","[292.0, 40]",286.5,158,3.0,-0.01
07:48:59,"[285.0, 56]","[269.0, 34]","[288.0, 50]","[292.0, 50]",286.5,190,3.0,-0.05
07:49:00,"[285.0, 35]","[269.0, 35]","[288.0, 14]","[292.0, 35]",286.5,119,3.0,0.18
07:49:01,"[285.0, 38]","[270.96, 46]","[288.0, 20]","[292.0, 50]",286.5,154,3.0,0.09
07:49:02,"[285.0, 9]","[284.0, 9]","[288.0, 6]","[292.0, 15]",286.5,39,3.0,-0.08
