Time,Bid1,Bid2,Ask1,Ask2,Mid-Price,Total_volume,Bid_ask_spread,Order_imbalance
07:30:00,"[0, 0]","[0, 0]","[197.0, 10]","[0, 0]",98.5,10,197.0,-1.0
07:30:01,"[0, 0]","[0, 0]","[502.0, 5]","[0, 0]",251.0,5,502.0,-1.0
07:30:02,"[0, 0]","[0, 0]","[738.0, 5]","[0, 0]",369.0,5,738.0,-1.0
07:30:03,"[92.0, 16]","[40.33, 9]","[690.25, 20]","[0, 0]",391.12,45,598.25,0.11
07:30:04,"[92.0, 12]","[45.0, 9]","[340.67, 15]","[0, 0]",216.33,36,248.67,0.17
07:30:05,"[92.0, 8]","[24.0, 6]","[301.5, 10]","[0, 0]",196.75,24,209.5,0.17
07:30:06,"[92.0, 8]","[24.0, 6]","[115.83, 6]","[121.0, 10]",103.92,30,23.83,-0.07
07:30:07,"[98.55, 44]","[81.14, 44]","[112.26, 19]","[114.76, 38]",105.4,145,13.72,0.21
07:30:08,"[94.0, 36]","[20.56, 18]","[101.11, 18]","[104.29, 17]",97.56,89,7.11,0.21
07:30:09,"[94.0, 32]","[62.75, 16]","[98.5, 16]","[99.82, 22]",96.25,86,4.5,0.12
07:30:10,"[94.0, 24]","[15.0, 12]","[97.94, 16]","[99.76, 17]",95.97,69,3.94,0.04
07:30:11,"[94.0, 20]","[33.6, 10]","[99.25, 8]","[102.3, 20]",96.62,58,5.25,0.03
07:30:12,"[95.52, 33]","[84.33, 24]","[100.0, 13]","[103.0, 35]",97.76,105,4.48,0.09
07:30:13,"[97.58, 12]","[94.0, 32]","[103.0, 40]","[104.0, 8]",100.29,92,5.42,-0.04
07:30:14,"[101.4, 10]","[98.71, 14]","[103.0, 34]","[104.0, 7]",102.2,65,1.6,-0.26
07:30:15,"[101.0, 4]","[94.0, 8]","[103.0, 8]","[104.0, 2]",102.0,22,2.0,0.09
07:30:16,"[101.8, 10]","[97.5, 8]","[103.0, 12]","[104.0, 3]",102.4,33,1.2,0.09
07:30:17,"[103.27, 15]","[101.82, 17]","[109.52, 21]","[113.36, 14]",106.4,67,6.26,-0.04
07:30:18,"[107.78, 18]","[106.57, 28]","[112.0, 35]","[121.0, 7]",109.89,88,4.22,0.05
07:30:19,"[108.0, 25]","[106.1, 20]","[111.0, 5]","[112.0, 25]",109.5,75,3.0,0.2
07:30:20,"[106.0, 57]","[98.36, 44]","[111.0, 11]","[112.0, 55]",108.5,167,5.0,0.21
07:30:21,"[107.4, 154]","[104.96, 46]","[110.37, 19]","[111.9, 50]",108.89,269,2.97,0.49
07:30:22,"[108.91, 132]","[106.0, 33]","[111.0, 11]","[113.27, 55]",109.95,231,2.09,0.43
07:30:23,"[109.0, 144]","[106.0, 52]","[111.0, 12]","[114.27, 44]",110.0,252,2.0,0.56
07:30:24,"[109.0, 132]","[106.0, 41]","[111.0, 11]","[115.2, 20]",110.0,204,2.0,0.7
07:30:25,"[109.0, 132]","[106.0, 55]","[110.82, 11]","[114.0, 44]",109.91,242,1.82,0.55
07:30:26,"[109.0, 143]","[106.0, 65]","[112.92, 60]","[136.42, 45]",110.96,313,3.92,0.33
07:30:27,"[109.0, 132]","[106.0, 60]","[111.58, 60]","[113.67, 48]",110.29,300,2.58,0.28
07:30:28,"[109.0, 110]","[106.0, 44]","[110.5, 50]","[113.0, 40]",109.75,244,1.5,0.26
07:30:29,"[109.0, 41]","[102.71, 28]","[112.57, 35]","[357.03, 31]",110.79,135,3.57,0.02
07:30:30,"[108.92, 48]","[106.73, 15]","[113.0, 78]","[306.57, 49]",110.96,190,4.08,-0.34
07:30:31,"[103.58, 55]","[85.52, 61]","[113.0, 90]","[483.0, 15]",108.29,221,9.42,0.05
07:30:32,"[104.79, 19]","[102.92, 36]","[112.6, 43]","[184.04, 26]",108.7,124,7.82,-0.11
07:30:33,"[102.75, 51]","[90.71, 49]","[109.62, 52]","[110.78, 67]",106.18,219,6.87,-0.09
07:30:34,"[102.0, 36]","[75.65, 26]","[107.4, 25]","[108.69, 35]",104.7,122,5.4,0.02
07:30:35,"[102.0, 42]","[81.12, 8]","[108.32, 37]","[156.13, 31]",105.16,118,6.32,-0.15
07:30:36,"[102.0, 24]","[82.25, 4]","[109.0, 16]","[341.0, 4]",105.5,48,7.0,0.17
07:30:37,"[104.3, 20]","[102.11, 38]","[108.14, 28]","[117.52, 25]",106.22,111,3.84,0.05
07:30:38,"[106.94, 36]","[104.0, 24]","[108.75, 48]","[315.1, 21]",107.85,129,1.81,-0.07
07:30:39,"[108.0, 20]","[104.0, 20]","[448.0, 34]","[655.96, 26]",278.0,100,340.0,-0.2
07:30:40,"[107.89, 18]","[105.33, 24]","[147.18, 39]","[273.91, 23]",127.53,104,39.29,-0.19
07:30:41,"[104.55, 22]","[101.55, 44]","[108.0, 52]","[109.0, 52]",106.27,170,3.45,-0.22
07:30:42,"[104.0, 18]","[101.0, 36]","[107.0, 51]","[109.0, 36]",105.5,141,3.0,-0.23
07:30:43,"[104.0, 18]","[101.0, 36]","[106.82, 66]","[108.23, 39]",105.41,159,2.82,-0.32
07:30:44,"[104.3, 23]","[102.13, 30]","[134.45, 40]","[125.69, 45]",119.38,138,30.15,-0.23
07:30:45,"[105.68, 47]","[104.35, 31]","[300.61, 18]","[377.0, 23]",203.15,119,194.93,0.31
07:30:46,"[105.62, 8]","[104.43, 21]","[317.0, 12]","[362.17, 12]",211.31,53,211.38,0.09
07:30:47,"[101.95, 21]","[101.29, 14]","[293.0, 18]","[629.67, 18]",197.48,71,191.05,-0.01
07:30:48,"[110.0, 139]","[101.02, 45]","[213.0, 24]","[649.6, 20]",161.5,228,103.0,0.61
07:30:49,"[110.0, 160]","[102.87, 38]","[203.2, 49]","[340.88, 24]",156.6,271,93.2,0.46
07:30:50,"[110.0, 110]","[103.53, 38]","[196.18, 33]","[370.55, 22]",153.09,203,86.18,0.46
07:30:51,"[110.0, 80]","[104.0, 32]","[194.0, 24]","[227.18, 22]",152.0,158,84.0,0.42
07:30:52,"[110.0, 80]","[104.0, 32]","[191.12, 24]","[193.0, 24]",150.56,160,81.12,0.4
07:30:53,"[110.0, 90]","[104.0, 36]","[163.7, 23]","[169.43, 23]",136.85,172,53.7,0.47
07:30:54,"[110.0, 98]","[104.0, 52]","[152.93, 45]","[154.2, 44]",131.47,239,42.93,0.26
07:30:55,"[110.0, 90]","[104.53, 60]","[148.36, 47]","[149.86, 50]",129.18,247,38.36,0.21
07:30:56,"[110.0, 66]","[105.14, 42]","[143.09, 35]","[143.97, 37]",126.54,180,33.09,0.2
07:30:57,"[110.0, 72]","[108.0, 24]","[124.0, 48]","[142.0, 36]",117.0,180,14.0,0.07
07:30:58,"[110.0, 48]","[108.0, 16]","[123.0, 28]","[127.64, 28]",116.5,120,13.0,0.07
07:30:59,"[110.0, 54]","[108.0, 18]","[120.37, 30]","[121.91, 33]",115.18,135,10.37,0.07
07:31:00,"[110.0, 90]","[108.0, 30]","[116.76, 55]","[117.76, 50]",113.38,225,6.76,0.07
07:31:01,"[110.0, 84]","[108.98, 184]","[111.45, 51]","[112.55, 47]",110.73,366,1.45,0.46
07:31:02,"[109.65, 43]","[108.96, 187]","[112.78, 41]","[138.27, 51]",111.22,322,3.13,0.43
07:31:03,"[109.0, 195]","[108.0, 96]","[120.47, 19]","[164.83, 46]",114.74,356,11.47,0.63
07:31:04,"[109.0, 115]","[108.0, 81]","[115.53, 15]","[116.74, 42]",112.27,253,6.53,0.55
07:31:05,"[109.0, 91]","[108.0, 84]","[111.54, 48]","[112.96, 24]",110.27,247,2.54,0.42
07:31:06,"[109.0, 44]","[108.0, 56]","[110.97, 36]","[134.35, 26]",109.99,162,1.97,0.23
07:31:07,"[109.0, 50]","[108.0, 50]","[173.34, 47]","[277.21, 43]",141.17,190,64.34,0.05
07:31:08,"[109.9, 67]","[108.7, 54]","[360.79, 43]","[463.07, 41]",235.34,205,250.9,0.18
07:31:09,"[113.0, 53]","[110.0, 90]","[252.78, 41]","[380.36, 47]",182.89,231,139.78,0.24
07:31:10,"[112.14, 63]","[109.89, 91]","[206.25, 48]","[266.77, 47]",159.2,249,94.11,0.24
07:31:11,"[110.0, 99]","[109.0, 55]","[193.73, 44]","[407.18, 45]",151.86,243,83.73,0.27
07:31:12,"[110.0, 72]","[109.0, 40]","[192.88, 32]","[278.0, 32]",151.44,176,82.88,0.27
07:31:13,"[110.0, 99]","[109.0, 55]","[190.36, 44]","[330.96, 45]",150.18,243,80.36,0.27
07:31:14,"[110.0, 99]","[109.0, 55]","[175.96, 47]","[292.11, 45]",142.98,246,65.96,0.25
07:31:15,"[110.0, 81]","[109.0, 45]","[145.41, 41]","[168.0, 40]",127.71,207,35.41,0.22
07:31:16,"[110.0, 99]","[109.0, 55]","[144.0, 44]","[146.0, 55]",127.0,253,34.0,0.22
07:31:17,"[110.0, 75]","[109.0, 60]","[143.25, 48]","[146.0, 60]",126.62,243,33.25,0.11
07:31:18,"[110.0, 50]","[109.0, 50]","[139.23, 26]","[141.47, 34]",124.62,160,29.23,0.25
07:31:19,"[110.0, 50]","[109.0, 50]","[136.67, 24]","[137.89, 36]",123.33,160,26.67,0.25
07:31:20,"[109.78, 55]","[108.58, 78]","[134.92, 48]","[137.0, 24]",122.35,205,25.13,0.3
07:31:21,"[109.0, 52]","[108.0, 143]","[132.0, 42]","[134.0, 36]",120.5,273,23.0,0.43
07:31:22,"[109.0, 64]","[108.0, 176]","[128.41, 58]","[129.58, 38]",118.71,336,19.41,0.43
07:31:23,"[109.0, 34]","[108.0, 121]","[124.95, 40]","[126.54, 26]",116.97,221,15.95,0.4
07:31:24,"[108.09, 99]","[107.79, 42]","[121.87, 45]","[122.82, 39]",114.98,225,13.78,0.25
07:31:25,"[108.0, 150]","[107.0, 15]","[118.12, 32]","[120.03, 58]",113.06,255,10.12,0.29
07:31:26,"[109.47, 76]","[107.97, 72]","[117.0, 18]","[120.0, 36]",113.24,202,7.53,0.47
07:31:27,"[109.24, 79]","[107.97, 103]","[112.45, 47]","[119.96, 47]",110.84,276,3.21,0.32
07:31:28,"[108.0, 120]","[107.0, 12]","[110.0, 60]","[111.92, 60]",109.0,252,2.0,0.05
07:31:29,"[108.0, 76]","[107.0, 14]","[200.64, 70]","[342.24, 66]",154.32,226,92.64,-0.2
07:31:30,"[106.35, 34]","[105.44, 27]","[429.8, 59]","[521.26, 43]",268.07,163,323.44,-0.25
07:31:31,"[106.2, 45]","[105.31, 39]","[185.71, 14]","[352.31, 26]",145.96,124,79.51,0.35
07:31:32,"[107.54, 26]","[106.0, 40]","[150.0, 10]","[543.14, 35]",128.77,111,42.46,0.19
07:31:33,"[108.96, 56]","[107.06, 17]","[148.95, 19]","[321.2, 40]",128.96,132,39.98,0.11
07:31:34,"[112.45, 66]","[109.67, 54]","[138.65, 34]","[139.12, 41]",125.55,195,26.19,0.23
07:31:35,"[113.0, 54]","[110.0, 36]","[125.67, 9]","[127.0, 18]",119.33,117,12.67,0.54
07:31:36,"[113.0, 78]","[110.0, 52]","[119.66, 29]","[119.67, 33]",116.33,192,6.66,0.35
07:31:37,"[113.0, 35]","[110.0, 44]","[114.77, 39]","[116.52, 54]",113.88,172,1.77,-0.08
07:31:38,"[110.19, 47]","[109.15, 26]","[142.31, 59]","[261.12, 16]",126.25,148,32.11,-0.01
07:31:39,"[109.88, 32]","[108.33, 42]","[167.0, 9]","[281.62, 29]",138.44,112,57.12,0.32
07:31:40,"[109.0, 16]","[108.0, 112]","[144.25, 12]","[268.64, 36]",126.62,176,35.25,0.45
07:31:41,"[108.12, 135]","[107.92, 171]","[159.72, 47]","[220.71, 73]",133.92,426,51.6,0.44
07:31:42,"[108.0, 221]","[106.0, 13]","[445.03, 39]","[545.74, 57]",276.51,330,337.03,0.42
07:31:43,"[108.0, 135]","[106.0, 8]","[318.5, 40]","[472.38, 32]",213.25,215,210.5,0.33
07:31:44,"[108.26, 95]","[107.86, 86]","[198.0, 55]","[461.37, 27]",153.13,263,89.74,0.38
07:31:45,"[108.0, 157]","[106.0, 10]","[189.81, 42]","[279.24, 34]",148.9,243,81.81,0.37
07:31:46,"[108.0, 80]","[106.0, 5]","[273.0, 25]","[491.65, 17]",190.5,127,165.0,0.34
07:31:47,"[108.0, 134]","[106.0, 9]","[248.89, 45]","[437.65, 37]",178.44,225,140.89,0.27
07:31:48,"[108.0, 43]","[106.0, 5]","[156.86, 21]","[237.33, 9]",132.43,78,48.86,0.23
07:31:49,"[107.6, 25]","[105.57, 7]","[109.0, 25]","[144.0, 5]",108.3,62,1.4,0.03
07:31:50,"[107.48, 42]","[106.5, 10]","[109.0, 50]","[176.28, 46]",108.24,148,1.52,-0.3
07:31:51,"[107.75, 24]","[105.38, 16]","[109.0, 32]","[293.7, 50]",108.38,122,1.25,-0.34
07:31:52,"[105.0, 4]","[104.0, 16]","[109.0, 12]","[491.0, 20]",107.0,52,4.0,-0.23
07:31:53,"[106.44, 54]","[105.0, 9]","[109.0, 27]","[560.64, 33]",107.72,123,2.56,0.02
07:31:54,"[107.0, 60]","[105.0, 10]","[108.06, 51]","[158.9, 30]",107.53,151,1.06,-0.07
07:31:55,"[107.0, 48]","[105.0, 8]","[108.0, 34]","[110.0, 24]",107.5,114,1.0,-0.02
07:31:56,"[107.0, 30]","[104.38, 13]","[108.0, 21]","[110.0, 21]",107.5,85,1.0,0.01
07:31:57,"[107.0, 14]","[104.91, 44]","[108.0, 27]","[110.0, 27]",107.5,112,1.0,0.04
07:31:58,"[105.0, 20]","[104.0, 40]","[107.43, 14]","[108.55, 22]",106.21,96,2.43,0.25
07:31:59,"[104.47, 30]","[103.58, 48]","[107.31, 13]","[131.7, 20]",105.89,111,2.84,0.41
07:32:00,"[104.0, 28]","[103.0, 35]","[108.7, 20]","[309.93, 14]",106.35,97,4.7,0.3
07:32:01,"[104.05, 42]","[103.14, 58]","[107.88, 16]","[172.08, 26]",105.96,142,3.83,0.41
07:32:02,"[104.0, 40]","[102.08, 49]","[231.88, 32]","[552.0, 16]",167.94,137,127.88,0.3
07:32:03,"[102.0, 20]","[72.0, 4]","[147.53, 15]","[206.27, 15]",124.77,54,45.53,-0.11
07:32:04,"[102.0, 35]","[76.0, 7]","[107.0, 28]","[108.0, 14]",104.5,84,5.0,0.0
07:32:05,"[102.78, 9]","[101.8, 15]","[106.0, 20]","[107.43, 28]",104.39,72,3.22,-0.33
07:32:06,"[103.0, 17]","[84.0, 16]","[106.47, 15]","[193.33, 36]",104.73,84,3.47,-0.21
07:32:07,"[103.0, 16]","[80.43, 23]","[108.0, 32]","[319.2, 35]",105.5,106,5.0,-0.26
07:32:08,"[103.0, 6]","[56.67, 6]","[108.0, 12]","[110.0, 12]",105.5,36,5.0,-0.33
07:32:09,"[104.0, 12]","[42.33, 6]","[107.87, 31]","[108.8, 30]",105.94,79,3.87,-0.54
07:32:10,"[103.0, 16]","[80.47, 38]","[106.71, 17]","[108.12, 67]",104.85,138,3.71,-0.22
07:32:11,"[102.11, 18]","[65.67, 45]","[108.0, 27]","[170.53, 34]",105.06,124,5.89,0.02
07:32:12,"[102.27, 22]","[92.2, 25]","[108.0, 33]","[296.89, 36]",105.14,116,5.73,-0.19
07:32:13,"[103.0, 28]","[95.36, 28]","[108.0, 30]","[375.21, 42]",105.5,128,5.0,-0.12
07:32:14,"[102.0, 21]","[101.0, 21]","[108.0, 21]","[206.14, 29]",105.0,92,6.0,-0.09
07:32:15,"[102.0, 19]","[101.0, 21]","[377.81, 21]","[492.27, 30]",239.9,91,275.81,-0.12
07:32:16,"[106.0, 50]","[102.0, 10]","[404.63, 38]","[600.94, 34]",255.32,132,298.63,-0.09
07:32:17,"[106.0, 45]","[102.0, 9]","[145.67, 27]","[284.51, 37]",125.83,118,39.67,-0.08
07:32:18,"[104.89, 18]","[101.77, 35]","[182.62, 42]","[254.0, 40]",143.75,135,77.73,-0.21
07:32:19,"[110.0, 67]","[105.0, 8]","[188.96, 23]","[256.67, 24]",149.48,122,78.96,0.23
07:32:20,"[110.0, 110]","[106.43, 14]","[276.2, 50]","[451.52, 27]",193.1,201,166.2,0.23
07:32:21,"[108.7, 23]","[107.0, 11]","[414.11, 18]","[504.76, 34]",261.4,86,305.42,-0.21
07:32:22,"[108.25, 12]","[106.03, 31]","[486.47, 34]","[610.11, 38]",297.36,115,378.22,-0.25
07:32:23,"[105.96, 50]","[104.92, 26]","[435.0, 52]","[525.37, 38]",270.48,166,329.04,-0.08
07:32:24,"[106.18, 33]","[105.05, 19]","[228.19, 32]","[390.31, 26]",167.18,110,122.01,-0.05
07:32:25,"[107.33, 27]","[106.4, 15]","[158.05, 42]","[324.2, 30]",132.69,114,50.71,-0.26
07:32:26,"[108.0, 30]","[107.0, 20]","[154.3, 50]","[506.0, 28]",131.15,128,46.3,-0.22
07:32:27,"[112.15, 53]","[107.67, 18]","[153.0, 35]","[503.56, 18]",132.58,124,40.85,0.15
07:32:28,"[113.0, 88]","[108.0, 26]","[153.0, 40]","[357.75, 16]",133.0,170,40.0,0.34
07:32:29,"[113.0, 88]","[108.0, 24]","[153.0, 40]","[278.67, 24]",133.0,176,40.0,0.27
07:32:30,"[113.0, 102]","[108.0, 33]","[151.73, 55]","[310.0, 41]",132.36,231,38.73,0.17
07:32:31,"[113.0, 116]","[108.75, 56]","[151.0, 80]","[252.58, 24]",132.0,276,38.0,0.25
07:32:32,"[113.0, 56]","[108.0, 37]","[138.21, 38]","[150.29, 34]",125.61,165,25.21,0.13
07:32:33,"[113.0, 20]","[108.79, 33]","[148.58, 36]","[149.43, 44]",130.79,133,35.58,-0.2
07:32:34,"[113.0, 30]","[110.0, 23]","[144.66, 62]","[146.76, 46]",128.83,161,31.66,-0.34
07:32:35,"[113.0, 18]","[110.0, 9]","[140.88, 33]","[142.15, 39]",126.94,99,27.88,-0.45
07:32:36,"[113.0, 16]","[110.0, 8]","[138.09, 22]","[139.67, 36]",125.55,82,25.09,-0.41
07:32:37,"[113.0, 32]","[110.0, 16]","[132.47, 49]","[133.4, 42]",122.73,139,19.47,-0.31
07:32:38,"[113.0, 26]","[110.0, 13]","[128.0, 39]","[130.0, 26]",120.5,104,15.0,-0.25
07:32:39,"[113.0, 18]","[110.0, 9]","[124.76, 34]","[126.0, 26]",118.88,87,11.76,-0.38
07:32:40,"[113.0, 36]","[110.0, 18]","[119.81, 64]","[120.33, 72]",116.41,190,6.81,-0.43
07:32:41,"[111.11, 18]","[108.57, 56]","[112.64, 66]","[114.16, 44]",111.87,184,1.53,-0.2
07:32:42,"[108.02, 122]","[107.47, 45]","[109.24, 66]","[122.9, 39]",108.63,272,1.22,0.23
07:32:43,"[107.4, 30]","[106.4, 15]","[109.0, 60]","[136.55, 40]",108.2,145,1.6,-0.38
07:32:44,"[106.78, 9]","[105.64, 11]","[162.11, 45]","[229.67, 21]",134.44,86,55.33,-0.53
07:32:45,"[102.67, 15]","[102.4, 10]","[290.81, 21]","[335.76, 34]",196.74,80,188.14,-0.38
07:32:46,"[101.95, 19]","[94.4, 15]","[103.31, 13]","[260.8, 25]",102.63,72,1.36,-0.06
07:32:47,"[101.0, 9]","[67.2, 45]","[102.89, 9]","[290.67, 21]",101.94,84,1.89,0.29
07:32:48,"[101.0, 9]","[66.65, 49]","[102.0, 9]","[104.0, 9]",101.5,76,1.0,0.53
07:32:49,"[101.62, 16]","[67.74, 23]","[105.33, 12]","[143.96, 27]",103.48,78,3.71,0.0
07:32:50,"[102.0, 35]","[101.0, 7]","[105.57, 14]","[186.5, 16]",103.79,72,3.57,0.17
07:32:51,"[102.0, 25]","[101.0, 5]","[104.0, 6]","[106.0, 10]",103.0,46,2.0,0.3
07:32:52,"[102.0, 35]","[101.0, 7]","[170.8, 10]","[147.73, 11]",136.4,63,68.8,0.33
07:32:53,"[102.91, 46]","[99.66, 73]","[224.76, 21]","[387.06, 32]",163.84,172,121.85,0.38
07:32:54,"[109.46, 39]","[105.96, 50]","[111.0, 52]","[365.49, 35]",110.23,176,1.54,0.01
07:32:55,"[108.59, 22]","[107.57, 35]","[214.77, 26]","[368.9, 21]",161.68,104,106.18,0.1
07:32:56,"[108.0, 9]","[107.0, 15]","[408.33, 12]","[621.0, 15]",258.17,51,300.33,-0.06
07:32:57,"[108.0, 21]","[107.0, 35]","[222.76, 29]","[479.48, 25]",165.38,110,114.76,0.02
07:32:58,"[108.5, 24]","[107.47, 38]","[146.0, 50]","[188.33, 12]",127.25,124,37.5,0.0
07:32:59,"[107.89, 54]","[107.19, 32]","[306.12, 40]","[575.18, 22]",207.01,148,198.24,0.16
07:33:00,"[112.0, 35]","[107.29, 31]","[462.0, 20]","[582.4, 25]",287.0,111,350.0,0.19
07:33:01,"[110.0, 8]","[107.0, 112]","[457.29, 34]","[633.43, 35]",283.65,189,347.29,0.27
07:33:02,"[109.13, 45]","[107.37, 54]","[311.81, 27]","[432.0, 24]",210.47,150,202.68,0.32
07:33:03,"[113.0, 27]","[110.0, 18]","[309.0, 9]","[410.0, 36]",211.0,90,196.0,0.0
07:33:04,"[113.0, 24]","[110.0, 16]","[248.0, 30]","[316.0, 22]",180.5,92,135.0,-0.13
07:33:05,"[107.89, 131]","[106.98, 98]","[242.86, 28]","[252.0, 30]",175.38,287,134.96,0.6
07:33:06,"[108.39, 103]","[107.06, 86]","[241.3, 10]","[243.0, 40]",174.84,239,132.91,0.58
07:33:07,"[109.0, 87]","[108.0, 10]","[238.32, 19]","[241.84, 31]",173.66,147,129.32,0.32
07:33:08,"[109.0, 72]","[108.0, 8]","[235.64, 33]","[236.65, 31]",172.32,144,126.64,0.11
07:33:09,"[109.0, 62]","[108.0, 65]","[234.07, 14]","[234.85, 20]",171.54,161,125.07,0.58
07:33:10,"[109.0, 63]","[108.0, 72]","[229.08, 12]","[230.19, 27]",169.04,174,120.08,0.55
07:33:11,"[109.19, 52]","[108.23, 62]","[225.55, 20]","[226.4, 20]",167.37,154,116.36,0.48
07:33:12,"[109.19, 52]","[108.23, 62]","[222.62, 8]","[224.0, 11]",165.91,133,113.43,0.71
07:33:13,"[109.0, 91]","[108.0, 104]","[220.78, 37]","[221.26, 19]",164.89,251,111.78,0.55
07:33:14,"[109.0, 35]","[108.0, 40]","[218.2, 5]","[220.0, 5]",163.6,85,109.2,0.76
07:33:15,"[109.0, 84]","[108.0, 96]","[215.86, 21]","[219.0, 12]",162.43,213,106.86,0.69
07:33:16,"[109.0, 77]","[108.0, 90]","[211.04, 23]","[212.95, 20]",160.02,210,102.04,0.59
07:33:17,"[109.0, 80]","[108.0, 99]","[208.64, 14]","[210.02, 41]",158.82,234,99.64,0.53
07:33:18,"[109.36, 22]","[108.14, 42]","[207.83, 6]","[210.0, 24]",158.6,94,98.47,0.36
07:33:19,"[111.46, 13]","[108.35, 69]","[202.63, 35]","[205.59, 44]",157.05,161,91.17,0.02
07:33:20,"[109.21, 14]","[108.01, 118]","[197.4, 50]","[199.14, 14]",153.31,196,88.19,0.35
07:33:21,"[109.85, 26]","[108.26, 43]","[186.0, 29]","[196.96, 45]",147.92,143,76.15,-0.03
07:33:22,"[108.54, 82]","[107.36, 61]","[190.16, 55]","[191.3, 46]",149.35,244,81.63,0.17
07:33:23,"[108.0, 84]","[107.0, 70]","[187.09, 22]","[188.29, 7]",147.55,183,79.09,0.68
07:33:24,"[108.0, 156]","[107.0, 112]","[185.15, 61]","[186.29, 56]",146.57,385,77.15,0.39
07:33:25,"[108.0, 182]","[107.0, 43]","[181.88, 24]","[183.14, 42]",144.94,291,73.88,0.55
07:33:26,"[108.0, 153]","[107.0, 65]","[170.6, 25]","[177.98, 49]",139.3,292,62.6,0.49
07:33:27,"[108.0, 125]","[107.0, 65]","[158.49, 37]","[160.02, 41]",133.24,268,50.49,0.42
07:33:28,"[108.0, 72]","[107.0, 40]","[155.14, 28]","[157.5, 20]",131.57,160,47.14,0.4
07:33:29,"[108.0, 90]","[107.0, 50]","[154.02, 41]","[155.02, 46]",131.01,227,46.02,0.23
07:33:30,"[108.0, 64]","[107.0, 60]","[154.18, 51]","[154.71, 24]",131.09,199,46.18,0.25
07:33:31,"[107.07, 75]","[106.04, 131]","[150.3, 27]","[150.89, 35]",128.68,268,43.23,0.54
07:33:32,"[107.0, 70]","[106.0, 150]","[147.85, 34]","[148.21, 42]",127.43,296,40.85,0.49
07:33:33,"[106.65, 77]","[105.86, 105]","[144.64, 25]","[145.48, 33]",125.64,240,37.99,0.52
07:33:34,"[106.0, 135]","[105.0, 75]","[139.35, 55]","[140.37, 43]",122.67,308,33.35,0.36
07:33:35,"[106.0, 144]","[105.0, 80]","[133.87, 54]","[134.7, 74]",119.94,352,27.87,0.27
07:33:36,"[107.57, 74]","[105.78, 115]","[119.79, 39]","[121.77, 43]",113.68,271,12.23,0.39
07:33:37,"[111.07, 29]","[107.08, 61]","[115.07, 14]","[117.0, 70]",113.07,174,4.0,0.03
07:33:38,"[109.73, 22]","[106.06, 82]","[113.97, 34]","[115.59, 22]",111.85,160,4.24,0.3
07:33:39,"[106.43, 63]","[105.6, 75]","[108.86, 29]","[111.36, 28]",107.65,195,2.43,0.42
07:33:40,"[106.32, 66]","[105.64, 70]","[108.0, 36]","[109.0, 40]",107.16,212,1.68,0.28
07:33:41,"[106.16, 107]","[105.27, 77]","[108.0, 45]","[218.33, 45]",107.08,274,1.84,0.34
07:33:42,"[106.0, 90]","[105.0, 10]","[108.0, 23]","[217.0, 30]",107.0,153,2.0,0.31
07:33:43,"[106.0, 41]","[105.0, 10]","[165.29, 28]","[413.8, 40]",135.64,119,59.29,-0.14
07:33:44,"[106.0, 14]","[105.0, 7]","[381.92, 24]","[488.86, 21]",243.96,66,275.92,-0.36
07:33:45,"[106.0, 20]","[105.0, 10]","[393.0, 30]","[481.0, 20]",249.5,80,287.0,-0.25
07:33:46,"[106.0, 76]","[105.0, 13]","[348.86, 42]","[388.33, 36]",227.43,167,242.86,0.07
07:33:47,"[106.0, 19]","[105.0, 7]","[268.0, 14]","[510.74, 27]",187.0,67,162.0,-0.22
07:33:48,"[106.44, 18]","[105.44, 9]","[196.0, 11]","[321.75, 12]",151.22,50,89.56,0.08
07:33:49,"[107.75, 16]","[106.0, 12]","[109.0, 12]","[241.5, 12]",108.38,52,1.25,0.08
07:33:50,"[107.5, 16]","[105.86, 14]","[124.0, 40]","[399.62, 8]",115.75,78,16.5,-0.23
07:33:51,"[105.59, 22]","[104.31, 13]","[168.09, 22]","[255.54, 26]",136.84,83,62.5,-0.16
07:33:52,"[106.3, 30]","[104.0, 30]","[265.64, 14]","[554.0, 14]",185.97,88,159.34,0.36
07:33:53,"[104.81, 16]","[103.2, 15]","[286.0, 8]","[320.4, 10]",195.41,49,181.19,0.27
07:33:54,"[102.6, 10]","[80.52, 23]","[300.0, 10]","[575.8, 5]",201.3,48,197.4,0.38
07:33:55,"[106.82, 44]","[103.09, 22]","[312.9, 21]","[683.12, 17]",209.86,104,206.09,0.27
07:33:56,"[109.33, 60]","[105.5, 32]","[180.67, 9]","[333.86, 29]",145.0,130,71.33,0.42
07:33:57,"[110.0, 28]","[107.8, 10]","[114.0, 4]","[344.5, 4]",112.0,46,4.0,0.65
07:33:58,"[110.1, 58]","[109.47, 30]","[170.5, 10]","[425.85, 34]",140.3,132,60.4,0.33
07:33:59,"[113.0, 9]","[110.0, 63]","[223.56, 9]","[366.56, 9]",168.28,90,110.56,0.6
07:34:00,"[113.0, 10]","[110.0, 70]","[329.3, 10]","[591.9, 10]",221.15,100,216.3,0.6
07:34:01,"[110.18, 51]","[109.54, 39]","[214.0, 10]","[484.0, 10]",162.09,110,103.82,0.64
07:34:02,"[110.0, 117]","[109.0, 36]","[321.33, 9]","[733.78, 9]",215.67,171,211.33,0.79
07:34:03,"[110.55, 40]","[109.9, 82]","[494.3, 10]","[758.95, 20]",302.43,152,383.75,0.61
07:34:04,"[113.0, 4]","[110.0, 44]","[279.6, 10]","[344.0, 8]",196.3,66,166.6,0.45
07:34:05,"[113.0, 8]","[110.0, 88]","[275.71, 14]","[279.82, 22]",194.36,132,162.71,0.45
07:34:06,"[113.0, 9]","[110.0, 115]","[248.35, 17]","[255.8, 10]",180.68,151,135.35,0.64
07:34:07,"[113.0, 9]","[112.0, 18]","[235.8, 15]","[249.0, 12]",174.4,54,122.8,0.0
07:34:08,"[113.0, 8]","[110.05, 79]","[189.1, 10]","[228.59, 17]",151.05,114,76.1,0.53
07:34:09,"[110.03, 91]","[109.29, 38]","[193.0, 20]","[210.0, 18]",151.52,167,82.97,0.54
07:34:10,"[110.0, 48]","[109.0, 18]","[192.5, 12]","[242.0, 6]",151.25,84,82.5,0.57
07:34:11,"[110.0, 21]","[109.0, 21]","[192.0, 14]","[340.0, 7]",151.0,63,82.0,0.33
07:34:12,"[110.0, 21]","[109.0, 21]","[186.86, 14]","[403.57, 14]",148.43,70,76.86,0.2
07:34:13,"[109.0, 16]","[108.0, 36]","[156.67, 18]","[174.15, 13]",132.83,83,47.67,0.25
07:34:14,"[109.0, 7]","[108.0, 28]","[142.27, 11]","[162.17, 12]",125.64,58,33.27,0.21
07:34:15,"[108.0, 48]","[107.0, 12]","[132.46, 26]","[165.27, 22]",120.23,108,24.46,0.11
07:34:16,"[108.0, 28]","[107.0, 7]","[130.54, 26]","[131.5, 16]",119.27,77,22.54,-0.09
07:34:17,"[108.0, 36]","[107.0, 9]","[127.85, 26]","[129.29, 28]",117.92,99,19.85,-0.09
07:34:18,"[108.0, 44]","[107.0, 11]","[125.05, 42]","[126.17, 24]",116.52,121,17.05,-0.09
07:34:19,"[108.0, 29]","[107.0, 9]","[124.49, 35]","[125.6, 20]",116.24,93,16.49,-0.18
07:34:20,"[108.0, 31]","[107.0, 11]","[122.73, 37]","[123.86, 42]",115.36,121,14.73,-0.31
07:34:21,"[107.64, 14]","[106.38, 24]","[119.84, 50]","[120.78, 46]",113.74,134,12.2,-0.43
07:34:22,"[107.33, 9]","[106.14, 21]","[109.26, 38]","[110.72, 39]",108.3,107,1.93,-0.44
07:34:23,"[105.41, 63]","[105.17, 111]","[108.49, 59]","[111.03, 60]",106.95,293,3.08,0.19
07:34:24,"[105.0, 248]","[104.0, 12]","[108.03, 33]","[131.41, 39]",106.52,332,3.03,0.57
07:34:25,"[105.0, 153]","[104.0, 11]","[106.56, 27]","[185.57, 28]",105.78,219,1.56,0.5
07:34:26,"[105.06, 64]","[104.91, 53]","[261.0, 20]","[452.0, 39]",183.03,176,155.94,0.33
07:34:27,"[106.13, 106]","[104.92, 13]","[269.58, 24]","[360.4, 35]",187.86,178,163.45,0.34
07:34:28,"[106.78, 36]","[104.98, 82]","[140.29, 14]","[147.74, 19]",123.53,151,33.51,0.56
07:34:29,"[109.0, 26]","[105.0, 130]","[121.0, 18]","[125.32, 19]",115.0,193,12.0,0.62
07:34:30,"[109.0, 20]","[105.0, 100]","[111.53, 15]","[113.33, 15]",110.27,150,2.53,0.6
07:34:31,"[105.11, 72]","[104.59, 17]","[107.83, 24]","[111.78, 9]",106.47,122,2.72,0.46
07:34:32,"[105.0, 140]","[104.0, 14]","[107.54, 70]","[135.07, 15]",106.27,239,2.54,0.29
07:34:33,"[107.78, 135]","[105.98, 86]","[199.94, 32]","[273.0, 66]",153.86,319,92.16,0.39
07:34:34,"[110.0, 70]","[105.41, 34]","[276.76, 29]","[475.9, 20]",193.38,153,166.76,0.36
07:34:35,"[110.0, 56]","[106.4, 30]","[163.38, 16]","[365.12, 16]",136.69,118,53.38,0.46
07:34:36,"[110.0, 42]","[107.0, 36]","[185.55, 20]","[500.5, 8]",147.78,106,75.55,0.47
07:34:37,"[109.47, 19]","[107.38, 48]","[164.0, 40]","[492.27, 11]",136.74,118,54.53,0.14
07:34:38,"[109.0, 26]","[108.0, 55]","[315.75, 24]","[514.36, 22]",212.38,127,206.75,0.28
07:34:39,"[109.0, 26]","[108.0, 89]","[189.0, 26]","[300.4, 25]",149.0,166,80.0,0.39
07:34:40,"[109.0, 18]","[108.0, 45]","[216.1, 20]","[341.2, 20]",162.55,103,107.1,0.22
07:34:41,"[112.0, 16]","[108.38, 16]","[161.56, 9]","[418.67, 6]",136.78,47,49.56,0.36
07:34:42,"[112.29, 34]","[108.48, 29]","[160.06, 17]","[262.84, 19]",136.18,99,47.76,0.27
07:34:43,"[109.0, 20]","[108.0, 50]","[159.0, 15]","[170.67, 15]",134.0,100,50.0,0.4
07:34:44,"[111.86, 28]","[108.33, 30]","[198.44, 18]","[296.33, 9]",155.15,85,86.59,0.36
07:34:45,"[113.0, 44]","[109.0, 22]","[266.64, 22]","[482.42, 12]",189.82,100,153.64,0.32
07:34:46,"[113.0, 8]","[109.0, 8]","[391.0, 8]","[550.67, 6]",252.0,30,278.0,0.07
07:34:47,"[113.0, 10]","[109.0, 10]","[303.0, 11]","[459.4, 10]",208.0,41,190.0,-0.02
07:34:48,"[113.0, 26]","[109.0, 68]","[155.79, 28]","[207.5, 32]",134.39,154,42.79,0.22
07:34:49,"[113.0, 24]","[109.0, 108]","[133.33, 24]","[138.23, 31]",123.17,187,20.33,0.41
07:34:50,"[111.11, 38]","[108.97, 93]","[132.69, 26]","[173.06, 34]",121.9,191,21.59,0.37
07:34:51,"[109.0, 66]","[108.0, 11]","[131.09, 22]","[190.04, 25]",120.05,124,22.09,0.24
07:34:52,"[109.0, 72]","[108.0, 13]","[130.0, 26]","[540.78, 37]",119.5,148,21.0,0.15
07:34:53,"[109.0, 22]","[108.0, 100]","[128.1, 20]","[187.0, 21]",118.55,163,19.1,0.5
07:34:54,"[108.18, 50]","[107.96, 147]","[126.83, 24]","[129.0, 24]",117.51,245,18.65,0.61
07:34:55,"[108.0, 215]","[106.0, 17]","[123.78, 23]","[124.65, 34]",115.89,289,15.78,0.61
07:34:56,"[109.74, 23]","[106.67, 15]","[121.75, 24]","[123.57, 21]",115.74,83,12.01,-0.08
07:34:57,"[109.0, 32]","[108.0, 16]","[119.35, 31]","[121.0, 17]",114.18,96,10.35,0.0
07:34:58,"[106.8, 15]","[105.08, 79]","[114.5, 32]","[116.32, 19]",110.65,145,7.7,0.3
07:34:59,"[108.68, 66]","[106.05, 84]","[112.62, 42]","[234.42, 19]",110.65,211,3.94,0.42
07:35:00,"[107.0, 44]","[106.0, 99]","[115.55, 20]","[156.53, 15]",111.28,178,8.55,0.61
07:35:01,"[107.0, 28]","[106.0, 63]","[109.86, 14]","[112.0, 21]",108.43,126,2.86,0.44
07:35:02,"[107.0, 40]","[106.0, 99]","[111.71, 14]","[153.53, 19]",109.36,172,4.71,0.62
07:35:03,"[110.61, 77]","[106.85, 40]","[118.6, 10]","[301.5, 12]",114.61,139,7.99,0.68
07:35:04,"[109.45, 22]","[106.6, 45]","[116.64, 11]","[253.0, 11]",113.05,89,7.18,0.51
07:35:05,"[107.55, 22]","[106.05, 85]","[113.41, 27]","[206.82, 11]",110.48,145,5.86,0.48
07:35:06,"[110.0, 64]","[107.0, 22]","[112.0, 55]","[125.73, 11]",111.0,152,2.0,0.13
07:35:07,"[106.95, 44]","[105.92, 101]","[406.28, 32]","[687.67, 21]",256.62,198,299.33,0.46
07:35:08,"[106.0, 60]","[105.0, 63]","[107.0, 27]","[322.0, 18]",106.5,168,1.0,0.46
07:35:09,"[106.0, 36]","[105.0, 42]","[107.0, 18]","[188.0, 12]",106.5,108,1.0,0.44
07:35:10,"[106.91, 66]","[105.9, 67]","[187.52, 31]","[498.29, 14]",147.21,178,80.61,0.49
07:35:11,"[107.35, 49]","[106.33, 72]","[176.2, 54]","[194.38, 45]",141.78,220,68.86,0.1
07:35:12,"[108.0, 12]","[107.0, 20]","[161.88, 17]","[162.6, 25]",134.94,74,53.88,-0.14
07:35:13,"[107.0, 22]","[105.29, 56]","[158.74, 35]","[161.14, 35]",132.87,148,51.74,0.05
07:35:14,"[105.67, 42]","[104.67, 42]","[113.91, 55]","[117.0, 11]",109.79,150,8.24,0.12
07:35:15,"[105.05, 57]","[104.11, 63]","[111.27, 33]","[111.46, 37]",108.16,190,6.22,0.26
07:35:16,"[104.31, 61]","[103.54, 52]","[107.7, 20]","[184.69, 32]",106.01,165,3.39,0.37
07:35:17,"[104.0, 42]","[103.0, 24]","[115.17, 6]","[259.5, 6]",109.58,78,11.17,0.69
07:35:18,"[106.48, 29]","[103.7, 40]","[116.57, 7]","[234.0, 13]",111.53,89,10.09,0.55
07:35:19,"[113.0, 14]","[104.86, 49]","[115.71, 7]","[214.2, 10]",114.36,80,2.71,0.57
07:35:20,"[113.0, 20]","[106.8, 40]","[115.0, 10]","[243.0, 20]",114.0,90,2.0,0.33
07:35:21,"[113.0, 14]","[105.89, 27]","[196.15, 13]","[267.38, 16]",154.58,70,83.15,0.17
07:35:22,"[113.0, 10]","[109.0, 10]","[229.37, 19]","[246.89, 18]",171.18,57,116.37,-0.3
07:35:23,"[111.71, 14]","[106.8, 25]","[226.79, 56]","[251.86, 28]",169.25,123,115.07,-0.37
07:35:24,"[108.82, 17]","[105.07, 59]","[221.83, 24]","[237.42, 24]",165.33,124,113.01,0.23
07:35:25,"[110.0, 27]","[106.0, 9]","[223.44, 36]","[442.0, 11]",166.72,83,113.44,-0.13
07:35:26,"[110.0, 27]","[106.0, 9]","[222.56, 36]","[296.5, 14]",166.28,86,112.56,-0.16
07:35:27,"[110.0, 30]","[106.0, 10]","[210.3, 40]","[222.5, 40]",160.15,120,100.3,-0.33
07:35:28,"[110.0, 18]","[106.0, 6]","[214.92, 25]","[221.44, 27]",162.46,76,104.92,-0.37
07:35:29,"[110.0, 10]","[106.0, 8]","[218.57, 35]","[220.35, 37]",164.29,90,108.57,-0.6
07:35:30,"[110.0, 11]","[106.0, 11]","[176.18, 55]","[218.49, 49]",143.09,126,66.18,-0.65
07:35:31,"[110.0, 14]","[106.0, 14]","[207.59, 66]","[216.55, 62]",158.8,156,97.59,-0.64
07:35:32,"[112.9, 30]","[109.71, 14]","[159.91, 66]","[161.43, 70]",136.4,180,47.01,-0.51
07:35:33,"[113.0, 9]","[110.0, 9]","[157.24, 42]","[158.77, 39]",135.12,99,44.24,-0.64
07:35:34,"[106.33, 60]","[106.43, 21]","[152.75, 69]","[153.86, 70]",129.54,220,46.42,-0.26
07:35:35,"[105.0, 130]","[103.43, 21]","[147.21, 57]","[149.67, 60]",126.11,268,42.21,0.13
07:35:36,"[106.55, 29]","[105.66, 29]","[143.51, 53]","[144.92, 48]",125.03,159,36.96,-0.27
07:35:37,"[109.16, 31]","[105.23, 119]","[138.48, 69]","[139.25, 75]",123.82,294,29.32,0.02
07:35:38,"[109.75, 57]","[107.8, 25]","[134.42, 55]","[136.0, 68]",122.09,205,24.66,-0.2
07:35:39,"[108.0, 8]","[107.0, 8]","[130.77, 39]","[131.84, 38]",119.38,93,22.77,-0.66
07:35:40,"[108.0, 37]","[107.0, 10]","[127.85, 41]","[128.81, 43]",117.93,131,19.85,-0.28
07:35:41,"[107.97, 63]","[105.82, 34]","[122.79, 42]","[124.8, 56]",115.38,195,14.82,-0.01
07:35:42,"[107.85, 48]","[105.11, 74]","[117.37, 27]","[123.17, 41]",112.61,190,9.52,0.28
07:35:43,"[107.0, 11]","[105.13, 115]","[116.73, 41]","[118.06, 47]",111.87,214,9.73,0.18
07:35:44,"[108.62, 37]","[106.19, 37]","[114.09, 33]","[115.23, 39]",111.36,146,5.47,0.01
07:35:45,"[109.0, 45]","[107.0, 9]","[111.0, 45]","[112.0, 27]",110.0,126,2.0,-0.14
07:35:46,"[109.51, 35]","[106.17, 58]","[134.37, 49]","[206.92, 49]",121.94,191,24.85,-0.03
07:35:47,"[106.74, 94]","[105.34, 65]","[253.09, 55]","[347.86, 35]",179.92,249,146.35,0.28
07:35:48,"[108.2, 50]","[106.66, 88]","[336.93, 55]","[434.57, 35]",222.56,228,228.73,0.21
07:35:49,"[110.0, 22]","[109.0, 11]","[313.41, 41]","[334.43, 47]",211.71,121,203.41,-0.45
07:35:50,"[108.16, 76]","[106.09, 101]","[290.68, 38]","[313.43, 42]",199.42,257,182.53,0.38
07:35:51,"[108.0, 74]","[106.0, 140]","[310.86, 44]","[312.83, 36]",209.43,294,202.86,0.46
07:35:52,"[106.49, 74]","[105.76, 166]","[180.21, 34]","[205.43, 42]",143.35,316,73.72,0.52
07:35:53,"[106.0, 84]","[105.0, 60]","[107.38, 24]","[108.25, 12]",106.69,180,1.38,0.6
07:35:54,"[106.0, 90]","[105.0, 110]","[107.53, 51]","[115.41, 17]",106.76,268,1.53,0.49
07:35:55,"[106.0, 35]","[105.0, 70]","[108.0, 35]","[110.0, 7]",107.0,147,2.0,0.43
07:35:56,"[106.0, 40]","[105.0, 80]","[108.0, 40]","[110.0, 8]",107.0,168,2.0,0.43
07:35:57,"[106.0, 40]","[105.0, 80]","[107.75, 40]","[110.0, 8]",106.88,168,1.75,0.43
07:35:58,"[106.0, 35]","[104.53, 38]","[107.0, 40]","[110.0, 8]",106.5,121,1.0,0.21
07:35:59,"[105.97, 37]","[104.44, 16]","[107.07, 46]","[121.8, 10]",106.52,109,1.09,-0.03
07:36:00,"[105.0, 6]","[104.0, 18]","[109.67, 6]","[345.67, 6]",107.33,36,4.67,0.33
07:36:01,"[106.0, 10]","[105.0, 10]","[108.2, 10]","[110.0, 10]",107.1,40,2.2,0.0
07:36:02,"[103.0, 20]","[83.2, 10]","[107.0, 10]","[110.0, 10]",105.0,50,4.0,0.2
07:36:03,"[103.0, 26]","[95.47, 72]","[200.3, 20]","[190.12, 17]",151.65,135,97.3,0.45
07:36:04,"[110.0, 72]","[103.0, 24]","[218.46, 39]","[314.29, 51]",164.23,186,108.46,0.03
07:36:05,"[110.0, 66]","[107.34, 29]","[175.47, 38]","[236.5, 30]",142.74,163,65.47,0.17
07:36:06,"[110.0, 66]","[109.0, 33]","[174.45, 44]","[255.46, 35]",142.23,178,64.45,0.11
07:36:07,"[110.0, 72]","[109.0, 36]","[173.17, 48]","[207.04, 28]",141.58,184,63.17,0.17
07:36:08,"[110.0, 55]","[109.0, 30]","[172.2, 40]","[332.69, 32]",141.1,157,62.2,0.08
07:36:09,"[110.0, 65]","[109.0, 39]","[169.91, 43]","[308.6, 50]",139.95,197,59.91,0.06
07:36:10,"[110.0, 65]","[109.0, 39]","[170.77, 52]","[394.69, 61]",140.38,217,60.77,-0.04
07:36:11,"[110.0, 35]","[109.0, 21]","[170.0, 28]","[468.41, 17]",140.0,101,60.0,0.11
07:36:12,"[110.0, 63]","[109.0, 45]","[169.47, 60]","[357.03, 39]",139.73,207,59.47,0.04
07:36:13,"[110.0, 38]","[109.0, 21]","[168.43, 28]","[208.24, 25]",139.21,112,58.43,0.05
07:36:14,"[110.0, 24]","[109.0, 24]","[162.77, 26]","[167.93, 29]",136.38,103,52.77,-0.07
07:36:15,"[108.44, 18]","[107.22, 55]","[143.44, 36]","[148.33, 24]",125.94,133,35.0,0.1
07:36:16,"[108.0, 10]","[107.0, 35]","[141.2, 20]","[142.4, 20]",124.6,85,33.2,0.06
07:36:17,"[108.49, 43]","[107.07, 83]","[139.05, 42]","[140.95, 42]",123.77,210,30.56,0.2
07:36:18,"[109.0, 73]","[108.0, 75]","[138.4, 60]","[139.14, 42]",123.7,250,29.4,0.18
07:36:19,"[108.01, 106]","[107.06, 112]","[136.04, 56]","[137.5, 64]",122.02,338,28.03,0.29
07:36:20,"[108.17, 87]","[107.17, 109]","[132.47, 60]","[133.6, 50]",120.32,306,24.29,0.28
07:36:21,"[108.29, 51]","[107.49, 82]","[128.44, 64]","[131.0, 64]",118.37,261,20.14,0.02
07:36:22,"[110.29, 14]","[107.96, 27]","[126.07, 56]","[128.14, 56]",118.18,153,15.79,-0.46
07:36:23,"[109.0, 14]","[108.0, 196]","[123.5, 56]","[124.86, 56]",116.25,322,14.5,0.3
07:36:24,"[109.0, 11]","[108.0, 154]","[118.72, 36]","[120.53, 30]",113.86,231,9.72,0.43
07:36:25,"[107.62, 78]","[106.94, 68]","[111.29, 14]","[118.14, 28]",109.45,188,3.67,0.55
07:36:26,"[107.0, 85]","[106.0, 14]","[118.7, 27]","[269.9, 39]",112.85,165,11.7,0.2
07:36:27,"[106.8, 20]","[105.22, 36]","[118.25, 24]","[307.33, 60]",112.53,140,11.45,-0.2
07:36:28,"[104.86, 14]","[104.24, 17]","[118.0, 16]","[348.57, 28]",111.43,75,13.14,-0.17
07:36:29,"[107.52, 89]","[104.17, 24]","[117.89, 18]","[263.33, 42]",112.7,173,10.37,0.31
07:36:30,"[105.0, 90]","[104.0, 24]","[117.0, 12]","[229.35, 23]",111.0,149,12.0,0.53
07:36:31,"[105.0, 23]","[104.0, 36]","[117.0, 18]","[219.0, 27]",111.0,104,12.0,0.13
07:36:32,"[104.55, 11]","[103.83, 29]","[116.73, 22]","[234.27, 55]",110.64,117,12.18,-0.32
07:36:33,"[104.0, 4]","[103.0, 4]","[114.75, 8]","[184.0, 20]",109.38,36,10.75,-0.56
07:36:34,"[104.0, 9]","[103.0, 9]","[112.67, 18]","[188.22, 45]",108.33,81,8.67,-0.56
07:36:35,"[109.85, 41]","[103.83, 6]","[196.5, 12]","[393.14, 21]",153.18,80,86.65,0.17
07:36:36,"[110.0, 36]","[104.0, 5]","[279.65, 23]","[280.38, 16]",194.83,80,169.65,0.03
07:36:37,"[110.0, 48]","[105.97, 67]","[271.91, 46]","[279.8, 59]",190.96,220,161.91,0.05
07:36:38,"[111.0, 24]","[107.6, 40]","[147.19, 31]","[197.55, 29]",129.1,124,36.19,0.03
07:36:39,"[113.0, 24]","[110.0, 55]","[146.25, 60]","[277.0, 48]",129.62,187,33.25,-0.16
07:36:40,"[113.0, 30]","[110.0, 75]","[142.94, 66]","[174.48, 69]",127.97,240,29.94,-0.12
07:36:41,"[113.0, 18]","[110.0, 45]","[139.56, 36]","[143.0, 45]",126.28,144,26.56,-0.12
07:36:42,"[113.0, 20]","[110.23, 61]","[136.24, 42]","[137.17, 48]",124.62,171,23.24,-0.05
07:36:43,"[111.14, 56]","[110.8, 35]","[134.38, 26]","[135.64, 28]",122.76,145,23.24,0.26
07:36:44,"[111.0, 98]","[110.0, 40]","[131.83, 48]","[132.76, 42]",121.42,228,20.83,0.21
07:36:45,"[110.71, 56]","[109.53, 38]","[130.0, 32]","[132.0, 40]",120.36,166,19.29,0.13
07:36:46,"[110.13, 45]","[109.3, 60]","[129.94, 48]","[239.85, 33]",120.04,186,19.8,0.13
07:36:47,"[110.8, 30]","[109.89, 81]","[125.53, 72]","[127.17, 63]",118.16,246,14.73,-0.1
07:36:48,"[110.0, 56]","[109.0, 42]","[121.12, 69]","[122.58, 60]",115.56,227,11.12,-0.14
07:36:49,"[110.0, 110]","[109.0, 33]","[119.09, 55]","[120.09, 55]",114.55,253,9.09,0.13
07:36:50,"[110.29, 31]","[109.25, 48]","[116.6, 75]","[117.6, 75]",113.45,229,6.31,-0.31
07:36:51,"[110.0, 12]","[109.0, 30]","[112.7, 50]","[114.2, 50]",111.35,142,2.7,-0.41
07:36:52,"[108.56, 25]","[106.71, 35]","[110.18, 55]","[111.18, 55]",109.37,170,1.62,-0.29
07:36:53,"[106.5, 28]","[105.53, 30]","[108.0, 51]","[109.57, 35]",107.25,144,1.5,-0.19
07:36:54,"[105.82, 22]","[104.86, 14]","[107.75, 40]","[116.05, 22]",106.78,98,1.93,-0.27
07:36:55,"[105.47, 34]","[104.47, 17]","[109.31, 32]","[116.67, 103]",107.39,186,3.84,-0.45
07:36:56,"[106.0, 52]","[105.0, 26]","[107.17, 35]","[108.9, 40]",106.59,153,1.17,0.02
07:36:57,"[105.36, 28]","[103.89, 38]","[108.83, 48]","[109.77, 71]",107.1,185,3.48,-0.29
07:36:58,"[106.0, 10]","[105.0, 62]","[109.0, 40]","[110.0, 50]",107.5,162,3.0,-0.11
07:36:59,"[105.11, 18]","[104.2, 20]","[108.0, 50]","[109.0, 40]",106.56,128,2.89,-0.41
07:37:00,"[104.75, 24]","[103.6, 30]","[106.55, 33]","[108.4, 45]",105.65,132,1.8,-0.18
07:37:01,"[104.0, 20]","[103.0, 40]","[107.0, 20]","[109.0, 40]",105.5,120,3.0,0.0
07:37:02,"[104.92, 65]","[103.37, 38]","[108.74, 46]","[172.64, 44]",106.83,193,3.82,0.07
07:37:03,"[106.1, 118]","[104.4, 30]","[109.0, 56]","[238.08, 48]",107.55,252,2.9,0.17
07:37:04,"[107.0, 68]","[105.2, 35]","[108.5, 56]","[272.0, 56]",107.75,215,1.5,-0.04
07:37:05,"[88.67, 24]","[67.61, 41]","[109.0, 40]","[438.3, 33]",98.83,138,20.33,-0.06
07:37:06,"[85.14, 56]","[73.73, 33]","[108.8, 45]","[396.11, 37]",96.97,171,23.66,0.04
07:37:07,"[90.99, 77]","[82.26, 61]","[104.9, 49]","[467.22, 36]",97.94,223,13.91,0.24
07:37:08,"[104.17, 69]","[78.68, 82]","[295.11, 36]","[550.24, 42]",199.64,229,190.94,0.32
07:37:09,"[110.0, 50]","[109.0, 10]","[337.13, 31]","[475.23, 39]",223.56,130,227.13,-0.08
07:37:10,"[110.0, 30]","[109.0, 6]","[119.0, 30]","[167.33, 24]",114.5,90,9.0,-0.2
07:37:11,"[110.0, 35]","[109.0, 7]","[117.57, 28]","[128.71, 35]",113.79,105,7.57,-0.2
07:37:12,"[109.91, 33]","[107.5, 24]","[117.0, 36]","[517.91, 22]",113.45,115,7.09,-0.01
07:37:13,"[109.0, 12]","[107.0, 82]","[116.08, 48]","[333.18, 44]",112.54,186,7.08,0.01
07:37:14,"[109.0, 12]","[107.0, 72]","[114.67, 48]","[156.04, 50]",111.83,182,5.67,-0.08
07:37:15,"[108.29, 24]","[106.09, 53]","[112.17, 48]","[114.0, 48]",110.23,173,3.88,-0.11
07:37:16,"[108.0, 8]","[107.0, 40]","[112.0, 25]","[114.0, 32]",110.0,105,4.0,-0.09
07:37:17,"[108.0, 13]","[107.0, 65]","[111.08, 48]","[112.74, 43]",109.54,169,3.08,-0.08
07:37:18,"[108.0, 11]","[107.0, 55]","[110.0, 24]","[112.0, 33]",109.0,123,2.0,0.07
07:37:19,"[107.33, 15]","[106.76, 33]","[109.1, 20]","[132.94, 17]",108.22,85,1.77,0.13
07:37:20,"[106.16, 43]","[102.6, 53]","[268.0, 34]","[451.06, 35]",187.08,165,161.84,0.16
07:37:21,"[106.75, 48]","[104.48, 48]","[235.8, 50]","[319.75, 32]",171.28,178,129.05,0.08
07:37:22,"[107.37, 30]","[106.66, 44]","[241.82, 34]","[432.57, 37]",174.6,145,134.46,0.02
07:37:23,"[110.0, 9]","[106.0, 27]","[258.0, 18]","[360.59, 22]",184.0,76,148.0,-0.05
07:37:24,"[84.49, 61]","[71.26, 43]","[217.59, 37]","[282.81, 42]",151.04,183,133.1,0.14
07:37:25,"[73.56, 63]","[43.0, 4]","[99.3, 10]","[139.29, 21]",86.43,98,25.74,0.37
07:37:26,"[50.0, 35]","[0, 0]","[104.79, 29]","[179.94, 35]",77.4,99,54.79,-0.29
07:37:27,"[0, 0]","[0, 0]","[105.87, 30]","[202.58, 24]",52.93,54,105.87,-1.0
07:37:28,"[0, 0]","[0, 0]","[105.0, 8]","[106.0, 9]",52.5,17,105.0,-1.0
07:37:29,"[0, 0]","[0, 0]","[98.08, 26]","[168.91, 22]",49.04,48,98.08,-1.0
07:37:30,"[0, 0]","[0, 0]","[95.0, 13]","[153.0, 22]",47.5,35,95.0,-1.0
07:37:31,"[30.0, 3]","[0, 0]","[95.0, 7]","[119.77, 13]",62.5,23,65.0,-0.74
07:37:32,"[46.0, 7]","[24.8, 5]","[95.0, 7]","[191.25, 16]",70.5,35,49.0,-0.31
07:37:33,"[77.88, 17]","[29.25, 8]","[220.47, 19]","[334.41, 34]",149.18,78,142.59,-0.36
07:37:34,"[106.09, 33]","[93.11, 19]","[135.48, 23]","[243.42, 26]",120.78,101,29.39,0.03
07:37:35,"[107.0, 17]","[106.0, 27]","[115.44, 9]","[119.11, 18]",111.22,71,8.44,0.24
07:37:36,"[107.0, 14]","[106.0, 21]","[114.0, 7]","[156.0, 14]",110.5,56,7.0,0.25
07:37:37,"[107.22, 18]","[106.28, 29]","[113.0, 16]","[133.76, 17]",110.11,80,5.78,0.17
07:37:38,"[108.0, 26]","[107.0, 15]","[110.07, 14]","[118.58, 24]",109.04,79,2.07,0.04
07:37:39,"[108.0, 30]","[107.0, 7]","[120.67, 12]","[126.16, 19]",114.33,68,12.67,0.09
07:37:40,"[108.0, 24]","[107.0, 6]","[123.0, 12]","[127.0, 18]",115.5,60,15.0,0.0
07:37:41,"[108.0, 28]","[107.0, 9]","[123.0, 18]","[127.0, 27]",115.5,82,15.0,-0.1
07:37:42,"[108.0, 6]","[107.0, 6]","[123.0, 12]","[127.0, 18]",115.5,42,15.0,-0.43
07:37:43,"[108.89, 63]","[107.5, 14]","[125.77, 39]","[139.54, 24]",117.33,140,16.88,0.1
07:37:44,"[109.0, 64]","[108.0, 8]","[123.0, 40]","[128.71, 28]",116.0,140,14.0,0.03
07:37:45,"[109.0, 29]","[108.0, 10]","[122.6, 60]","[125.59, 41]",115.8,140,13.6,-0.44
07:37:46,"[109.0, 27]","[108.0, 18]","[120.0, 48]","[123.48, 63]",114.5,156,11.0,-0.42
07:37:47,"[109.1, 39]","[107.63, 19]","[120.57, 56]","[122.41, 85]",114.84,199,11.47,-0.42
07:37:48,"[110.22, 36]","[109.82, 39]","[116.33, 60]","[117.55, 62]",113.28,197,6.11,-0.24
07:37:49,"[111.0, 9]","[110.0, 36]","[116.0, 36]","[117.0, 36]",113.5,117,5.0,-0.23
07:37:50,"[111.0, 5]","[110.0, 20]","[116.0, 20]","[117.0, 20]",113.5,65,5.0,-0.23
07:37:51,"[110.4, 20]","[109.64, 50]","[114.86, 73]","[116.18, 44]",112.63,187,4.46,-0.25
07:37:52,"[110.0, 42]","[109.0, 60]","[115.0, 90]","[116.0, 40]",112.5,232,5.0,-0.12
07:37:53,"[110.0, 45]","[109.0, 54]","[114.59, 61]","[115.44, 36]",112.3,196,4.59,0.01
07:37:54,"[109.92, 76]","[108.98, 86]","[112.61, 67]","[113.96, 67]",111.27,296,2.69,0.09
07:37:55,"[109.0, 33]","[108.0, 22]","[110.18, 44]","[114.91, 44]",109.59,143,1.18,-0.23
07:37:56,"[108.15, 53]","[107.24, 17]","[109.81, 54]","[113.38, 52]",108.98,176,1.66,-0.2
07:37:57,"[107.9, 21]","[106.5, 8]","[109.5, 24]","[114.0, 48]",108.7,101,1.6,-0.43
07:37:58,"[108.0, 50]","[107.0, 11]","[110.09, 44]","[113.43, 56]",109.05,161,2.09,-0.24
07:37:59,"[107.9, 20]","[106.69, 13]","[112.0, 76]","[115.25, 72]",109.95,181,4.1,-0.64
07:38:00,"[107.79, 34]","[106.18, 17]","[112.0, 80]","[114.0, 50]",109.9,181,4.21,-0.44
07:38:01,"[108.0, 117]","[106.85, 68]","[111.96, 83]","[113.35, 74]",109.98,342,3.96,0.08
07:38:02,"[108.0, 99]","[107.0, 121]","[110.27, 11]","[111.87, 60]",109.14,291,2.27,0.51
07:38:03,"[108.0, 54]","[107.0, 66]","[110.0, 6]","[111.0, 24]",109.0,150,2.0,0.6
07:38:04,"[108.0, 99]","[107.0, 121]","[109.18, 11]","[110.91, 44]",108.59,275,1.18,0.6
07:38:05,"[108.0, 40]","[107.0, 88]","[109.92, 26]","[112.61, 62]",108.96,216,1.92,0.19
07:38:06,"[108.5, 16]","[107.03, 131]","[110.0, 40]","[112.69, 65]",109.25,252,1.5,0.17
07:38:07,"[109.0, 20]","[107.0, 126]","[110.0, 40]","[112.0, 40]",109.5,226,1.0,0.29
07:38:08,"[109.0, 21]","[107.0, 80]","[110.0, 28]","[112.0, 28]",109.5,157,1.0,0.29
07:38:09,"[109.0, 27]","[107.04, 75]","[110.0, 36]","[112.0, 36]",109.5,174,1.0,0.17
07:38:10,"[109.0, 19]","[107.0, 108]","[110.0, 36]","[112.0, 36]",109.5,199,1.0,0.28
07:38:11,"[109.0, 20]","[107.0, 156]","[111.47, 49]","[112.74, 61]",110.23,286,2.47,0.23
07:38:12,"[109.0, 6]","[107.0, 72]","[110.0, 18]","[112.71, 28]",109.5,124,1.0,0.26
07:38:13,"[109.0, 9]","[107.0, 108]","[110.0, 27]","[112.9, 42]",109.5,186,1.0,0.26
07:38:14,"[109.0, 6]","[107.0, 54]","[110.0, 18]","[111.0, 12]",109.5,90,1.0,0.33
07:38:15,"[107.72, 25]","[106.45, 66]","[110.0, 33]","[111.0, 22]",108.86,146,2.28,0.25
07:38:16,"[108.0, 48]","[107.0, 22]","[109.53, 17]","[110.93, 44]",108.76,131,1.53,0.07
07:38:17,"[108.0, 50]","[107.0, 18]","[110.47, 19]","[111.3, 33]",109.24,120,2.47,0.13
07:38:18,"[108.0, 41]","[107.0, 14]","[111.0, 21]","[112.0, 14]",109.5,90,3.0,0.22
07:38:19,"[108.0, 36]","[107.0, 12]","[111.0, 17]","[112.0, 12]",109.5,77,3.0,0.25
07:38:20,"[108.0, 18]","[107.0, 6]","[111.0, 6]","[112.0, 6]",109.5,36,3.0,0.33
07:38:21,"[108.89, 54]","[107.77, 44]","[111.0, 24]","[112.0, 24]",109.94,146,2.11,0.34
07:38:22,"[109.5, 16]","[107.92, 26]","[111.0, 14]","[112.0, 14]",110.25,70,1.5,0.2
07:38:23,"[108.0, 32]","[107.0, 16]","[111.0, 16]","[112.0, 16]",109.5,80,3.0,0.2
07:38:24,"[110.0, 36]","[107.67, 24]","[111.86, 14]","[112.86, 14]",110.93,88,1.86,0.36
07:38:25,"[111.0, 43]","[108.0, 32]","[112.0, 16]","[113.0, 16]",111.5,107,1.0,0.4
07:38:26,"[111.0, 45]","[108.22, 36]","[112.0, 18]","[113.71, 28]",111.5,127,1.0,0.28
07:38:27,"[111.0, 45]","[110.0, 36]","[112.0, 18]","[171.25, 16]",111.5,115,1.0,0.41
07:38:28,"[111.0, 25]","[110.0, 20]","[112.0, 10]","[113.0, 20]",111.5,75,1.0,0.2
07:38:29,"[111.0, 26]","[110.0, 40]","[112.0, 20]","[113.0, 40]",111.5,126,1.0,0.05
07:38:30,"[111.0, 18]","[110.0, 36]","[112.0, 18]","[113.0, 36]",111.5,108,1.0,0.0
07:38:31,"[111.0, 14]","[110.0, 28]","[112.0, 14]","[113.0, 28]",111.5,84,1.0,0.0
07:38:32,"[110.04, 46]","[108.31, 26]","[112.67, 36]","[113.33, 36]",111.36,144,2.62,0.0
07:38:33,"[110.0, 28]","[108.0, 14]","[112.14, 28]","[113.08, 26]",111.07,96,2.14,-0.12
07:38:34,"[110.0, 41]","[108.85, 27]","[111.7, 40]","[112.64, 44]",110.85,152,1.7,-0.11
07:38:35,"[109.44, 27]","[108.55, 22]","[111.0, 27]","[112.0, 72]",110.22,148,1.56,-0.34
07:38:36,"[108.39, 23]","[107.15, 41]","[111.0, 30]","[112.0, 80]",109.7,174,2.61,-0.26
07:38:37,"[108.0, 10]","[107.0, 25]","[110.8, 15]","[112.0, 40]",109.4,90,2.8,-0.22
07:38:38,"[107.41, 34]","[106.69, 51]","[110.49, 53]","[111.33, 48]",108.95,186,3.08,-0.09
07:38:39,"[107.0, 35]","[106.0, 28]","[110.57, 14]","[111.08, 50]",108.79,127,3.57,-0.01
07:38:40,"[107.0, 35]","[106.0, 28]","[109.0, 7]","[110.6, 40]",108.0,110,2.0,0.15
07:38:41,"[106.76, 51]","[105.43, 84]","[109.07, 42]","[110.42, 48]",107.92,225,2.31,0.2
07:38:42,"[106.0, 34]","[105.0, 176]","[109.18, 44]","[110.17, 48]",107.59,302,3.18,0.39
07:38:43,"[106.86, 22]","[105.18, 101]","[109.09, 44]","[110.07, 56]",107.98,223,2.23,0.1
07:38:44,"[105.23, 78]","[104.65, 95]","[110.0, 48]","[111.0, 48]",107.62,269,4.77,0.29
07:38:45,"[106.0, 25]","[105.0, 70]","[110.0, 40]","[111.0, 40]",108.0,175,4.0,0.09
07:38:46,"[106.0, 6]","[105.0, 42]","[110.0, 24]","[111.0, 24]",108.0,96,4.0,0.0
07:38:47,"[106.0, 9]","[105.0, 63]","[110.38, 21]","[111.12, 32]",108.19,125,4.38,0.15
07:38:48,"[105.52, 21]","[104.89, 87]","[110.21, 75]","[111.86, 28]",107.87,211,4.69,0.02
07:38:49,"[105.7, 46]","[104.4, 50]","[110.0, 60]","[111.3, 20]",107.85,176,4.3,0.09
07:38:50,"[107.41, 34]","[105.48, 33]","[110.0, 35]","[111.0, 14]",108.71,116,2.59,0.16
07:38:51,"[108.0, 84]","[107.0, 48]","[110.0, 36]","[111.0, 24]",109.0,192,2.0,0.38
07:38:52,"[109.0, 96]","[108.0, 84]","[110.0, 36]","[111.0, 24]",109.5,240,1.0,0.5
07:38:53,"[109.0, 88]","[108.0, 77]","[110.0, 42]","[111.0, 22]",109.5,229,1.0,0.44
07:38:54,"[108.76, 58]","[107.35, 62]","[110.0, 66]","[111.0, 22]",109.38,208,1.24,0.15
07:38:55,"[108.0, 16]","[107.0, 56]","[110.0, 48]","[111.0, 16]",109.0,136,2.0,0.06
07:38:56,"[107.3, 20]","[106.72, 29]","[110.0, 30]","[111.0, 10]",108.65,89,2.7,0.1
07:38:57,"[107.0, 84]","[106.0, 52]","[109.17, 35]","[110.03, 60]",108.09,231,2.17,0.18
07:38:58,"[107.0, 67]","[106.0, 50]","[108.89, 28]","[109.82, 50]",107.95,195,1.89,0.2
07:38:59,"[107.0, 60]","[106.0, 47]","[108.16, 32]","[109.13, 39]",107.58,178,1.16,0.2
07:39:00,"[107.0, 22]","[106.0, 20]","[108.0, 15]","[109.0, 20]",107.5,77,1.0,0.09
07:39:01,"[107.0, 26]","[106.0, 52]","[108.0, 39]","[109.0, 44]",107.5,161,1.0,-0.03
07:39:02,"[106.29, 34]","[105.77, 26]","[108.0, 33]","[109.0, 44]",107.15,137,1.71,-0.12
07:39:03,"[106.56, 36]","[105.8, 20]","[108.0, 24]","[109.0, 32]",107.28,112,1.44,0.0
07:39:04,"[107.0, 55]","[105.23, 52]","[109.0, 11]","[110.0, 33]",108.0,151,2.0,0.42
07:39:05,"[107.0, 25]","[105.0, 25]","[109.92, 13]","[281.3, 23]",108.46,86,2.92,0.16
07:39:06,"[107.5, 40]","[106.43, 70]","[110.0, 42]","[264.5, 56]",108.75,208,2.5,0.06
07:39:07,"[107.61, 23]","[106.84, 38]","[109.86, 29]","[355.76, 46]",108.74,136,2.25,-0.1
07:39:08,"[107.0, 24]","[105.0, 8]","[108.0, 16]","[109.25, 24]",107.5,72,1.0,-0.11
07:39:09,"[105.38, 52]","[103.2, 20]","[108.0, 24]","[109.0, 38]",106.69,134,2.62,0.07
07:39:10,"[104.0, 29]","[102.0, 19]","[108.0, 14]","[109.0, 35]",106.0,97,4.0,-0.01
07:39:11,"[104.0, 20]","[103.0, 15]","[108.0, 10]","[109.0, 18]",106.0,63,4.0,0.11
07:39:12,"[104.0, 32]","[103.0, 24]","[108.0, 16]","[109.0, 56]",106.0,128,4.0,-0.12
07:39:13,"[104.55, 44]","[102.44, 43]","[108.0, 14]","[109.0, 49]",106.27,150,3.45,0.16
07:39:14,"[105.23, 156]","[104.0, 43]","[108.0, 26]","[109.0, 91]",106.62,316,2.77,0.26
07:39:15,"[106.86, 84]","[104.0, 21]","[108.0, 14]","[109.0, 49]",107.43,168,1.14,0.25
07:39:16,"[107.0, 64]","[104.0, 24]","[108.0, 16]","[109.0, 56]",107.5,160,1.0,0.1
07:39:17,"[104.0, 18]","[103.0, 48]","[108.23, 30]","[135.9, 30]",106.12,126,4.23,0.05
07:39:18,"[105.56, 41]","[103.33, 36]","[108.0, 26]","[109.0, 35]",106.78,138,2.44,0.12
07:39:19,"[106.47, 15]","[105.9, 59]","[108.71, 14]","[112.86, 28]",107.59,116,2.25,0.28
07:39:20,"[106.19, 63]","[105.51, 75]","[108.57, 14]","[113.97, 30]",107.38,182,2.38,0.52
07:39:21,"[106.68, 25]","[105.99, 73]","[108.2, 10]","[126.9, 10]",107.44,118,1.52,0.66
07:39:22,"[107.12, 42]","[105.88, 52]","[109.1, 31]","[173.41, 17]",108.11,142,1.98,0.32
07:39:23,"[105.69, 59]","[103.56, 48]","[107.41, 49]","[108.27, 44]",106.55,200,1.71,0.07
07:39:24,"[103.13, 46]","[101.46, 61]","[106.6, 10]","[108.2, 50]",104.87,167,3.47,0.28
07:39:25,"[103.0, 25]","[101.0, 30]","[106.0, 5]","[109.0, 25]",104.5,85,3.0,0.29
07:39:26,"[103.0, 55]","[101.0, 66]","[104.73, 11]","[109.0, 55]",103.86,187,1.73,0.29
07:39:27,"[103.0, 50]","[101.0, 60]","[107.27, 22]","[109.25, 53]",105.14,185,4.27,0.19
07:39:28,"[103.0, 27]","[101.0, 54]","[108.0, 27]","[110.0, 54]",105.5,162,5.0,0.0
07:39:29,"[103.74, 19]","[102.38, 48]","[108.0, 39]","[110.0, 78]",105.87,184,4.26,-0.27
07:39:30,"[105.33, 9]","[104.0, 27]","[110.0, 54]","[415.39, 31]",107.67,121,4.67,-0.4
07:39:31,"[106.85, 13]","[104.0, 39]","[110.0, 78]","[444.69, 45]",108.42,175,3.15,-0.41
07:39:32,"[107.56, 9]","[104.0, 27]","[110.0, 36]","[318.6, 30]",108.78,102,2.44,-0.29
07:39:33,"[108.0, 6]","[104.0, 18]","[110.0, 18]","[184.2, 20]",109.0,62,2.0,-0.23
07:39:34,"[108.57, 7]","[104.0, 21]","[110.0, 18]","[180.43, 21]",109.29,67,1.43,-0.16
07:39:35,"[106.88, 17]","[104.12, 32]","[110.0, 22]","[243.18, 33]",108.44,104,3.12,-0.06
07:39:36,"[106.94, 34]","[105.68, 19]","[110.0, 26]","[328.81, 32]",108.47,111,3.06,-0.05
07:39:37,"[106.58, 48]","[105.2, 69]","[108.05, 58]","[109.0, 64]",107.32,239,1.47,-0.02
07:39:38,"[105.17, 40]","[104.43, 47]","[107.66, 41]","[125.13, 53]",106.42,181,2.48,-0.04
07:39:39,"[105.0, 29]","[104.0, 24]","[108.0, 16]","[110.0, 16]",106.5,85,3.0,0.25
07:39:40,"[105.0, 11]","[104.0, 33]","[108.0, 22]","[110.0, 22]",106.5,88,3.0,0.0
07:39:41,"[105.0, 7]","[104.0, 21]","[107.5, 20]","[109.43, 14]",106.25,62,2.5,-0.1
07:39:42,"[103.07, 56]","[102.25, 24]","[107.0, 55]","[108.0, 22]",105.04,157,3.93,0.02
07:39:43,"[103.93, 30]","[102.95, 38]","[106.48, 31]","[107.2, 30]",105.21,129,2.55,0.05
07:39:44,"[102.2, 41]","[70.14, 29]","[107.07, 29]","[221.33, 30]",104.63,129,4.87,0.09
07:39:45,"[102.0, 24]","[58.62, 24]","[108.5, 16]","[382.32, 25]",105.25,89,6.5,0.08
07:39:46,"[102.57, 28]","[80.5, 24]","[108.0, 16]","[420.85, 33]",105.29,101,5.43,0.03
07:39:47,"[104.13, 124]","[102.09, 43]","[108.0, 22]","[368.18, 51]",106.06,240,3.87,0.39
07:39:48,"[106.13, 155]","[104.91, 130]","[175.67, 51]","[231.04, 53]",140.9,389,69.54,0.47
07:39:49,"[110.0, 17]","[108.31, 140]","[155.59, 68]","[274.38, 73]",132.79,298,45.59,0.05
07:39:50,"[109.94, 50]","[108.75, 63]","[154.06, 64]","[249.56, 72]",132.0,249,44.12,-0.09
07:39:51,"[109.86, 28]","[108.27, 88]","[150.5, 48]","[229.0, 58]",130.18,222,40.64,0.05
07:39:52,"[110.25, 8]","[108.09, 53]","[149.25, 32]","[237.0, 27]",129.75,120,39.0,0.02
07:39:53,"[111.0, 12]","[109.0, 12]","[149.0, 48]","[202.27, 44]",130.0,116,38.0,-0.59
07:39:54,"[111.0, 9]","[109.0, 9]","[142.89, 27]","[147.95, 21]",126.94,66,31.89,-0.45
07:39:55,"[111.0, 10]","[109.0, 10]","[145.11, 19]","[145.96, 25]",128.05,64,34.11,-0.38
07:39:56,"[109.95, 19]","[108.15, 94]","[144.0, 22]","[145.0, 11]",126.97,146,34.05,0.55
07:39:57,"[109.0, 12]","[108.0, 112]","[142.73, 11]","[143.8, 10]",125.86,145,33.73,0.71
07:39:58,"[108.12, 74]","[107.79, 163]","[138.07, 29]","[139.45, 22]",123.1,288,29.95,0.65
07:39:59,"[108.0, 130]","[107.0, 30]","[131.93, 28]","[134.15, 26]",119.96,214,23.93,0.5
07:40:00,"[108.0, 83]","[107.0, 21]","[120.0, 16]","[131.4, 20]",114.0,140,12.0,0.49
07:40:01,"[108.0, 41]","[107.0, 21]","[109.0, 7]","[139.75, 8]",108.5,77,1.0,0.61
07:40:02,"[108.0, 54]","[107.0, 18]","[109.0, 6]","[366.77, 13]",108.5,91,1.0,0.58
07:40:03,"[108.0, 42]","[107.0, 18]","[109.0, 6]","[413.82, 11]",108.5,77,1.0,0.56
07:40:04,"[108.0, 53]","[107.0, 30]","[109.0, 10]","[201.77, 30]",108.5,123,1.0,0.35
07:40:05,"[108.0, 33]","[107.0, 30]","[109.0, 10]","[132.2, 40]",108.5,113,1.0,0.12
07:40:06,"[108.0, 21]","[107.0, 21]","[109.0, 7]","[300.8, 20]",108.5,69,1.0,0.22
07:40:07,"[108.0, 12]","[107.0, 12]","[109.0, 4]","[275.0, 12]",108.5,40,1.0,0.2
07:40:08,"[108.0, 24]","[107.0, 24]","[109.0, 8]","[275.0, 24]",108.5,80,1.0,0.2
07:40:09,"[107.38, 24]","[106.23, 39]","[109.0, 8]","[434.35, 31]",108.19,102,1.62,0.24
07:40:10,"[107.62, 16]","[105.92, 39]","[163.43, 28]","[606.45, 22]",135.53,105,55.8,0.05
07:40:11,"[109.35, 17]","[106.61, 31]","[118.0, 36]","[262.73, 22]",113.68,106,8.65,-0.09
07:40:12,"[107.0, 15]","[106.0, 30]","[120.24, 17]","[195.56, 18]",113.62,80,13.24,0.12
07:40:13,"[107.0, 11]","[106.0, 42]","[108.0, 18]","[193.0, 28]",107.5,99,1.0,0.07
07:40:14,"[107.0, 11]","[106.0, 66]","[108.24, 17]","[138.95, 42]",107.62,136,1.24,0.13
07:40:15,"[105.97, 31]","[105.04, 46]","[108.27, 48]","[155.5, 40]",107.12,165,2.3,-0.07
07:40:16,"[105.62, 16]","[104.6, 50]","[108.17, 18]","[123.83, 48]",106.9,132,2.54,0.0
07:40:17,"[105.0, 21]","[104.0, 70]","[110.59, 27]","[194.14, 28]",107.8,146,5.59,0.25
07:40:18,"[104.47, 34]","[103.97, 62]","[110.0, 56]","[295.25, 32]",107.24,184,5.53,0.04
07:40:19,"[104.0, 81]","[103.0, 13]","[109.15, 26]","[153.78, 36]",106.58,156,5.15,0.21
07:40:20,"[104.0, 99]","[103.0, 11]","[108.0, 22]","[110.0, 44]",106.0,176,4.0,0.25
07:40:21,"[104.94, 51]","[103.95, 57]","[108.0, 18]","[110.0, 36]",106.47,162,3.06,0.33
07:40:22,"[106.12, 17]","[101.42, 31]","[108.92, 26]","[126.0, 36]",107.52,110,2.81,-0.13
07:40:23,"[103.33, 9]","[89.14, 14]","[110.0, 36]","[229.7, 20]",106.67,79,6.67,-0.42
07:40:24,"[104.0, 13]","[102.0, 13]","[109.14, 58]","[152.79, 47]",106.57,131,5.14,-0.6
07:40:25,"[64.38, 26]","[57.46, 35]","[106.47, 55]","[108.62, 64]",85.43,180,42.09,-0.32
07:40:26,"[106.0, 28]","[29.0, 14]","[108.64, 25]","[172.23, 31]",107.32,98,2.64,-0.14
07:40:27,"[100.32, 28]","[28.26, 23]","[108.08, 48]","[111.68, 57]",104.2,156,7.76,-0.35
07:40:28,"[36.0, 21]","[18.8, 15]","[99.83, 47]","[102.91, 43]",67.91,126,63.83,-0.43
07:40:29,"[78.0, 5]","[41.6, 10]","[96.0, 15]","[98.0, 25]",87.0,55,18.0,-0.45
07:40:30,"[58.24, 17]","[50.0, 10]","[96.0, 27]","[98.0, 55]",77.12,109,37.76,-0.5
07:40:31,"[56.17, 12]","[0, 0]","[96.0, 12]","[98.0, 30]",76.08,54,39.83,-0.56
07:40:32,"[93.0, 24]","[0, 0]","[96.0, 34]","[98.0, 60]",94.5,118,3.0,-0.59
07:40:33,"[77.0, 12]","[38.0, 12]","[96.0, 42]","[98.0, 30]",86.5,96,19.0,-0.5
07:40:34,"[61.96, 51]","[49.62, 26]","[96.0, 56]","[98.0, 40]",78.98,173,34.04,-0.11
07:40:35,"[69.3, 63]","[60.6, 53]","[96.68, 56]","[99.36, 53]",82.99,225,27.38,0.03
07:40:36,"[85.79, 67]","[84.62, 32]","[98.0, 33]","[100.0, 44]",91.9,176,12.21,0.12
07:40:37,"[90.57, 21]","[88.12, 51]","[98.75, 24]","[100.23, 26]",94.66,122,8.18,0.18
07:40:38,"[93.89, 35]","[93.15, 40]","[100.0, 30]","[101.0, 20]",96.94,125,6.11,0.2
07:40:39,"[98.75, 8]","[97.71, 14]","[100.82, 17]","[102.36, 22]",99.79,61,2.07,-0.28
07:40:40,"[99.4, 10]","[98.14, 14]","[102.0, 24]","[104.0, 48]",100.7,96,2.6,-0.5
07:40:41,"[99.78, 23]","[97.23, 26]","[170.5, 32]","[194.7, 74]",135.14,155,70.72,-0.37
07:40:42,"[92.17, 40]","[51.7, 60]","[340.33, 60]","[403.59, 39]",216.25,199,248.16,0.01
07:40:43,"[107.68, 25]","[105.36, 44]","[296.0, 50]","[385.58, 43]",201.84,162,188.32,-0.15
07:40:44,"[106.86, 14]","[104.14, 28]","[296.0, 40]","[421.27, 22]",201.43,104,189.14,-0.19
07:40:45,"[106.75, 20]","[105.0, 44]","[225.23, 53]","[381.0, 38]",165.99,155,118.48,-0.17
07:40:46,"[108.0, 5]","[105.0, 20]","[159.0, 25]","[307.67, 18]",133.5,68,51.0,-0.26
07:40:47,"[108.0, 8]","[105.0, 52]","[164.62, 40]","[234.4, 35]",136.31,135,56.62,-0.11
07:40:48,"[106.08, 25]","[103.12, 68]","[291.19, 58]","[496.19, 37]",198.63,188,185.11,-0.01
07:40:49,"[105.0, 8]","[101.0, 16]","[188.0, 10]","[387.57, 7]",146.5,41,83.0,0.17
07:40:50,"[106.0, 24]","[105.0, 36]","[188.0, 45]","[372.33, 45]",147.0,150,82.0,-0.2
07:40:51,"[106.0, 10]","[105.0, 20]","[189.08, 13]","[293.05, 22]",147.54,65,83.08,-0.08
07:40:52,"[106.0, 18]","[104.2, 40]","[144.33, 30]","[234.81, 42]",125.17,130,38.33,-0.11
07:40:53,"[106.0, 12]","[101.21, 43]","[123.33, 12]","[183.83, 30]",114.67,97,17.33,0.13
07:40:54,"[106.0, 16]","[105.0, 24]","[121.71, 21]","[144.17, 23]",113.86,84,15.71,-0.05
07:40:55,"[109.64, 22]","[105.47, 17]","[121.29, 21]","[123.0, 14]",115.46,74,11.65,0.05
07:40:56,"[111.0, 48]","[106.17, 24]","[117.75, 36]","[123.0, 24]",114.38,132,6.75,0.09
07:40:57,"[111.0, 40]","[108.0, 22]","[115.0, 30]","[120.12, 25]",113.0,117,4.0,0.06
07:40:58,"[110.18, 22]","[107.45, 22]","[112.13, 30]","[115.65, 31]",111.16,105,1.95,-0.16
07:40:59,"[107.6, 20]","[105.73, 22]","[109.5, 32]","[111.06, 48]",108.55,122,1.9,-0.31
07:41:00,"[105.36, 33]","[104.46, 39]","[244.02, 41]","[242.59, 44]",174.69,157,138.66,-0.08
07:41:01,"[110.0, 39]","[107.18, 66]","[185.0, 37]","[188.64, 28]",147.5,170,75.0,0.24
07:41:02,"[110.0, 14]","[109.0, 144]","[152.0, 28]","[181.25, 32]",131.0,218,42.0,0.45
07:41:03,"[110.0, 8]","[109.0, 96]","[173.0, 24]","[174.0, 16]",141.5,144,63.0,0.44
07:41:04,"[110.0, 11]","[107.77, 125]","[171.09, 33]","[231.73, 22]",140.55,191,61.09,0.42
07:41:05,"[107.28, 89]","[106.44, 86]","[157.42, 38]","[217.06, 32]",132.35,245,50.14,0.43
07:41:06,"[108.57, 70]","[107.0, 49]","[168.92, 26]","[193.26, 19]",138.75,164,60.35,0.45
07:41:07,"[109.0, 100]","[105.59, 34]","[159.06, 34]","[166.33, 24]",134.03,192,50.06,0.4
07:41:08,"[109.0, 140]","[107.67, 18]","[149.34, 53]","[159.89, 35]",129.17,246,40.34,0.28
07:41:09,"[109.9, 93]","[108.78, 85]","[145.7, 40]","[146.57, 37]",127.8,255,35.8,0.4
07:41:10,"[111.0, 30]","[109.0, 66]","[144.33, 18]","[146.0, 24]",127.67,138,33.33,0.39
07:41:11,"[110.18, 60]","[108.99, 80]","[141.64, 28]","[145.09, 35]",125.91,203,31.46,0.38
07:41:12,"[110.0, 97]","[109.0, 72]","[139.03, 30]","[140.36, 33]",124.52,232,29.03,0.46
07:41:13,"[110.0, 120]","[109.0, 120]","[136.33, 36]","[138.0, 48]",123.17,324,26.33,0.48
07:41:14,"[110.0, 93]","[109.0, 120]","[134.0, 34]","[135.0, 36]",122.0,283,24.0,0.51
07:41:15,"[110.0, 81]","[109.0, 108]","[133.0, 36]","[134.0, 27]",121.5,252,23.0,0.5
07:41:16,"[110.98, 49]","[109.57, 84]","[132.33, 36]","[134.0, 27]",121.66,196,21.35,0.36
07:41:17,"[111.0, 64]","[109.73, 88]","[129.28, 36]","[131.75, 32]",120.14,220,18.28,0.38
07:41:18,"[110.0, 256]","[109.0, 128]","[123.8, 51]","[124.74, 57]",116.9,492,13.8,0.56
07:41:19,"[110.0, 144]","[109.0, 72]","[120.81, 26]","[122.07, 30]",115.4,272,10.81,0.59
07:41:20,"[110.0, 237]","[109.0, 120]","[111.91, 44]","[113.0, 38]",110.95,439,1.91,0.63
07:41:21,"[110.0, 84]","[109.0, 64]","[111.45, 22]","[113.88, 16]",110.73,186,1.45,0.59
07:41:22,"[110.0, 126]","[109.0, 112]","[111.07, 28]","[115.0, 28]",110.54,294,1.07,0.62
07:41:23,"[110.0, 98]","[109.0, 112]","[113.43, 28]","[343.5, 28]",111.71,266,3.43,0.58
07:41:24,"[110.19, 62]","[109.4, 106]","[113.0, 28]","[446.71, 28]",111.6,224,2.81,0.5
07:41:25,"[110.0, 42]","[109.0, 88]","[112.09, 22]","[238.86, 14]",111.05,166,2.09,0.57
07:41:26,"[110.0, 22]","[109.0, 88]","[112.0, 22]","[368.65, 20]",111.0,152,2.0,0.45
07:41:27,"[109.36, 50]","[108.9, 80]","[111.0, 26]","[265.71, 14]",110.18,170,1.64,0.53
07:41:28,"[108.65, 34]","[107.4, 30]","[239.67, 24]","[369.37, 19]",174.16,107,131.02,0.2
07:41:29,"[107.17, 36]","[106.47, 19]","[274.86, 21]","[289.44, 18]",191.01,94,167.69,0.17
07:41:30,"[106.47, 19]","[105.13, 23]","[180.15, 13]","[333.25, 24]",143.31,79,73.68,0.06
07:41:31,"[105.12, 17]","[103.45, 33]","[420.64, 11]","[619.53, 19]",262.88,80,315.52,0.25
07:41:32,"[109.0, 9]","[106.08, 13]","[159.0, 9]","[176.6, 15]",134.0,46,50.0,-0.04
07:41:33,"[109.0, 39]","[107.0, 45]","[204.42, 12]","[385.27, 22]",156.71,118,95.42,0.42
07:41:34,"[109.0, 46]","[107.0, 52]","[510.54, 39]","[559.67, 24]",309.77,161,401.54,0.22
07:41:35,"[109.97, 198]","[108.6, 30]","[406.61, 46]","[454.0, 42]",258.29,316,296.64,0.44
07:41:36,"[110.0, 144]","[109.0, 44]","[281.75, 24]","[323.84, 51]",195.88,263,171.75,0.43
07:41:37,"[110.0, 84]","[109.0, 54]","[170.0, 18]","[326.0, 45]",140.0,201,60.0,0.37
07:41:38,"[110.0, 96]","[109.0, 72]","[169.0, 60]","[222.0, 30]",139.5,258,59.0,0.3
07:41:39,"[110.0, 56]","[109.0, 42]","[168.71, 35]","[281.14, 35]",139.36,168,58.71,0.17
07:41:40,"[110.0, 75]","[109.0, 72]","[166.13, 54]","[167.42, 60]",138.06,261,56.13,0.13
07:41:41,"[110.0, 55]","[109.0, 66]","[165.45, 55]","[166.64, 55]",137.73,231,55.45,0.05
07:41:42,"[110.0, 45]","[109.0, 54]","[161.67, 45]","[163.11, 45]",135.83,189,51.67,0.05
07:41:43,"[110.0, 65]","[109.0, 78]","[116.9, 62]","[149.24, 62]",113.45,267,6.9,0.07
07:41:44,"[110.0, 45]","[109.0, 54]","[114.22, 45]","[116.0, 45]",112.11,189,4.22,0.05
07:41:45,"[110.71, 38]","[109.22, 69]","[114.0, 60]","[200.34, 29]",112.36,196,3.29,0.09
07:41:46,"[109.21, 38]","[108.55, 44]","[175.93, 30]","[281.73, 22]",142.57,134,66.72,0.22
07:41:47,"[111.07, 58]","[108.59, 51]","[314.88, 16]","[513.0, 16]",212.97,141,203.81,0.55
07:41:48,"[112.0, 56]","[109.0, 48]","[336.0, 16]","[523.86, 14]",224.0,134,224.0,0.55
07:41:49,"[112.0, 49]","[109.33, 36]","[513.0, 14]","[626.36, 11]",312.5,110,401.0,0.55
07:41:50,"[112.0, 63]","[109.0, 54]","[327.33, 9]","[452.62, 13]",219.67,139,215.33,0.68
07:41:51,"[112.0, 70]","[109.0, 60]","[171.33, 18]","[216.78, 18]",141.67,166,59.33,0.57
07:41:52,"[112.0, 35]","[109.0, 30]","[159.6, 5]","[161.0, 5]",135.8,75,47.6,0.73
07:41:53,"[112.0, 103]","[109.0, 96]","[159.0, 16]","[277.1, 20]",135.5,235,47.0,0.69
07:41:54,"[112.0, 42]","[109.0, 42]","[159.0, 7]","[457.67, 9]",135.5,100,47.0,0.68
07:41:55,"[112.0, 54]","[109.0, 54]","[158.56, 9]","[330.71, 17]",135.28,134,46.56,0.61
07:41:56,"[112.0, 78]","[109.17, 72]","[136.71, 21]","[249.89, 18]",124.36,189,24.71,0.59
07:41:57,"[111.58, 57]","[108.82, 67]","[149.15, 13]","[173.6, 20]",130.37,157,37.57,0.58
07:41:58,"[108.69, 107]","[107.93, 72]","[137.74, 31]","[151.03, 39]",123.22,249,29.05,0.44
07:41:59,"[109.0, 76]","[108.0, 84]","[118.6, 25]","[119.06, 53]",113.8,238,9.6,0.34
07:42:00,"[109.0, 32]","[108.0, 49]","[115.55, 31]","[117.45, 11]",112.27,123,6.55,0.32
07:42:01,"[109.73, 30]","[108.76, 58]","[114.49, 37]","[115.29, 41]",112.11,166,4.75,0.06
07:42:02,"[109.12, 50]","[108.27, 97]","[113.67, 40]","[127.8, 64]",111.4,251,4.55,0.17
07:42:03,"[109.0, 41]","[108.0, 84]","[110.33, 12]","[112.0, 60]",109.67,197,1.33,0.27
07:42:04,"[108.0, 20]","[107.0, 7]","[110.0, 7]","[112.0, 35]",109.0,69,2.0,-0.22
07:42:05,"[108.0, 26]","[107.0, 7]","[111.81, 27]","[198.76, 33]",109.91,93,3.81,-0.29
07:42:06,"[108.36, 22]","[107.73, 11]","[112.0, 35]","[468.0, 28]",110.18,96,3.64,-0.31
07:42:07,"[108.82, 22]","[107.9, 20]","[111.54, 52]","[304.07, 41]",110.18,135,2.72,-0.38
07:42:08,"[108.0, 16]","[107.0, 8]","[109.62, 40]","[267.86, 28]",108.81,92,1.62,-0.48
07:42:09,"[105.18, 38]","[104.24, 34]","[108.16, 38]","[179.5, 24]",106.67,134,2.97,0.07
07:42:10,"[104.68, 37]","[103.5, 32]","[106.56, 25]","[117.53, 30]",105.62,124,1.88,0.11
07:42:11,"[103.38, 16]","[74.73, 22]","[107.09, 23]","[376.0, 14]",105.23,75,3.71,0.01
07:42:12,"[65.75, 16]","[26.36, 22]","[105.92, 26]","[380.0, 14]",85.84,78,40.17,-0.03
07:42:13,"[68.5, 8]","[28.29, 14]","[101.89, 9]","[139.38, 16]",85.19,47,33.39,-0.06
07:42:14,"[67.71, 7]","[59.67, 6]","[101.0, 5]","[369.67, 6]",84.36,24,33.29,0.08
07:42:15,"[83.1, 20]","[64.35, 23]","[100.56, 9]","[101.0, 4]",91.83,56,17.46,0.54
07:42:16,"[89.81, 21]","[79.0, 14]","[350.71, 14]","[101.0, 2]",220.26,51,260.9,0.37
07:42:17,"[107.85, 13]","[103.06, 16]","[506.0, 21]","[0, 0]",306.92,50,398.15,0.16
07:42:18,"[97.33, 24]","[86.67, 21]","[491.25, 24]","[0, 0]",294.29,69,393.92,0.3
07:42:19,"[106.33, 12]","[98.71, 14]","[345.83, 18]","[568.0, 12]",226.08,56,239.5,-0.07
07:42:20,"[96.6, 15]","[90.67, 15]","[344.0, 21]","[629.86, 28]",220.3,79,247.4,-0.24
07:42:21,"[100.0, 28]","[86.57, 7]","[195.72, 25]","[439.15, 26]",147.86,86,95.72,-0.19
07:42:22,"[100.0, 32]","[91.16, 19]","[102.0, 44]","[543.48, 31]",101.0,126,2.0,-0.19
07:42:23,"[100.0, 8]","[97.0, 16]","[102.0, 16]","[429.71, 14]",101.0,54,2.0,-0.11
07:42:24,"[100.0, 20]","[90.71, 28]","[102.0, 40]","[329.18, 34]",101.0,122,2.0,-0.21
07:42:25,"[100.0, 14]","[79.29, 7]","[102.0, 28]","[411.23, 22]",101.0,71,2.0,-0.41
07:42:26,"[94.58, 19]","[64.45, 11]","[101.6, 40]","[309.88, 41]",98.09,111,7.02,-0.46
07:42:27,"[35.5, 16]","[11.86, 7]","[100.95, 19]","[102.0, 28]",68.22,70,65.45,-0.34
07:42:28,"[44.12, 17]","[37.36, 22]","[401.18, 17]","[554.88, 17]",222.65,73,357.06,0.07
07:42:29,"[76.95, 19]","[46.25, 16]","[540.04, 25]","[662.0, 24]",308.49,84,463.09,-0.17
07:42:30,"[104.17, 24]","[70.07, 27]","[489.64, 25]","[689.33, 24]",296.9,100,385.47,0.02
07:42:31,"[88.0, 2]","[64.0, 8]","[94.0, 4]","[100.0, 8]",91.0,22,6.0,-0.09
07:42:32,"[88.0, 3]","[60.67, 12]","[98.0, 6]","[287.0, 8]",93.0,29,10.0,0.03
07:42:33,"[90.02, 46]","[88.07, 85]","[146.1, 29]","[319.87, 23]",118.06,183,56.08,0.43
07:42:34,"[92.02, 133]","[89.03, 88]","[156.73, 44]","[338.71, 35]",124.37,300,64.71,0.47
07:42:35,"[104.85, 110]","[93.89, 125]","[186.38, 26]","[312.33, 43]",145.62,304,81.53,0.55
07:42:36,"[108.83, 167]","[107.9, 174]","[153.55, 33]","[230.5, 24]",131.19,398,44.72,0.71
07:42:37,"[112.0, 51]","[109.0, 234]","[204.89, 19]","[419.52, 23]",158.45,327,92.89,0.74
07:42:38,"[112.0, 24]","[109.0, 208]","[299.0, 10]","[512.33, 18]",205.5,260,187.0,0.78
07:42:39,"[112.0, 21]","[109.0, 182]","[499.73, 11]","[546.82, 17]",305.86,231,387.73,0.76
07:42:40,"[112.0, 30]","[109.0, 260]","[415.33, 12]","[558.23, 13]",263.67,315,303.33,0.84
07:42:41,"[109.2, 134]","[108.53, 148]","[353.0, 8]","[576.75, 8]",231.1,298,243.8,0.89
07:42:42,"[109.0, 276]","[108.0, 168]","[182.08, 39]","[331.69, 13]",145.54,496,73.08,0.79
07:42:43,"[109.0, 198]","[108.0, 224]","[179.75, 64]","[316.35, 31]",144.38,517,70.75,0.63
07:42:44,"[109.0, 42]","[108.0, 112]","[176.88, 32]","[269.57, 14]",142.94,200,67.88,0.54
07:42:45,"[109.0, 24]","[108.0, 98]","[175.29, 28]","[177.0, 28]",142.14,178,66.29,0.37
07:42:46,"[109.27, 41]","[108.05, 194]","[173.6, 80]","[249.34, 64]",141.43,379,64.33,0.24
07:42:47,"[108.29, 41]","[108.09, 22]","[172.62, 26]","[230.03, 29]",140.45,118,64.32,0.07
07:42:48,"[109.15, 26]","[108.34, 29]","[170.25, 16]","[172.68, 19]",139.7,90,61.1,0.22
07:42:49,"[109.55, 44]","[108.26, 61]","[168.0, 28]","[167.81, 37]",138.77,170,58.45,0.24
07:42:50,"[112.0, 22]","[109.0, 44]","[163.93, 14]","[165.2, 41]",137.96,121,51.93,0.09
07:42:51,"[112.0, 15]","[109.0, 36]","[161.93, 30]","[163.53, 15]",136.97,96,49.93,0.06
07:42:52,"[112.0, 14]","[109.0, 56]","[159.11, 38]","[160.5, 32]",135.55,140,47.11,0.0
07:42:53,"[112.0, 13]","[109.0, 52]","[156.59, 22]","[157.87, 46]",134.3,133,44.59,-0.02
07:42:54,"[112.0, 9]","[109.0, 36]","[152.69, 32]","[153.71, 24]",132.34,101,40.69,-0.11
07:42:55,"[112.0, 13]","[109.0, 52]","[149.59, 34]","[151.03, 38]",130.79,137,37.59,-0.05
07:42:56,"[112.0, 17]","[109.0, 32]","[126.38, 32]","[147.25, 16]",119.19,97,14.38,0.01
07:42:57,"[112.0, 5]","[109.0, 20]","[113.0, 15]","[114.0, 25]",112.5,65,1.0,-0.23
07:42:58,"[109.18, 17]","[108.05, 74]","[113.0, 24]","[121.58, 38]",111.09,153,3.82,0.19
07:42:59,"[109.0, 28]","[108.0, 140]","[112.21, 42]","[136.94, 62]",110.61,272,3.21,0.24
07:43:00,"[108.11, 55]","[107.68, 44]","[110.76, 37]","[111.64, 33]",109.43,169,2.65,0.17
07:43:01,"[108.0, 78]","[107.0, 28]","[109.84, 43]","[146.58, 55]",108.92,204,1.84,0.04
07:43:02,"[108.0, 36]","[107.0, 24]","[382.91, 46]","[500.33, 51]",245.46,157,274.91,-0.24
07:43:03,"[112.0, 18]","[108.0, 27]","[300.0, 36]","[394.67, 45]",206.0,126,188.0,-0.29
07:43:04,"[112.0, 30]","[108.6, 53]","[260.38, 63]","[487.92, 72]",186.19,218,148.38,-0.24
07:43:05,"[112.0, 26]","[109.0, 40]","[204.88, 32]","[208.0, 40]",158.44,138,92.88,-0.04
07:43:06,"[112.0, 20]","[109.0, 50]","[202.59, 37]","[206.17, 46]",157.3,153,90.59,-0.08
07:43:07,"[112.0, 22]","[109.0, 55]","[200.45, 47]","[202.09, 44]",156.22,168,88.45,-0.08
07:43:08,"[110.85, 26]","[108.73, 55]","[195.72, 53]","[196.89, 56]",153.28,190,84.87,-0.15
07:43:09,"[108.9, 29]","[107.95, 41]","[191.27, 41]","[191.59, 54]",150.08,165,82.37,-0.15
07:43:10,"[108.97, 87]","[107.95, 44]","[182.82, 39]","[184.16, 56]",145.89,226,73.85,0.16
07:43:11,"[109.0, 60]","[108.0, 39]","[174.76, 42]","[176.24, 42]",141.88,183,65.76,0.08
07:43:12,"[109.0, 28]","[108.0, 42]","[170.2, 44]","[171.06, 54]",139.6,168,61.2,-0.17
07:43:13,"[107.88, 50]","[106.39, 67]","[165.8, 64]","[167.2, 45]",136.84,226,57.92,0.04
07:43:14,"[107.0, 22]","[106.0, 121]","[163.09, 53]","[164.34, 41]",135.05,237,56.09,0.21
07:43:15,"[107.0, 22]","[106.0, 121]","[159.08, 37]","[159.91, 44]",133.04,224,52.08,0.28
07:43:16,"[107.0, 22]","[106.0, 121]","[157.38, 26]","[158.43, 37]",132.19,206,50.38,0.39
07:43:17,"[107.0, 16]","[106.0, 88]","[154.42, 31]","[155.71, 21]",130.71,156,47.42,0.33
07:43:18,"[107.0, 26]","[106.0, 143]","[150.38, 53]","[151.73, 45]",128.69,267,43.38,0.27
07:43:19,"[106.99, 84]","[105.96, 115]","[144.3, 46]","[145.53, 45]",125.65,290,37.32,0.37
07:43:20,"[107.58, 74]","[105.99, 144]","[140.6, 60]","[142.06, 66]",124.09,344,33.02,0.27
07:43:21,"[107.69, 58]","[106.8, 112]","[128.89, 37]","[132.11, 44]",118.29,251,21.2,0.35
07:43:22,"[108.0, 73]","[107.0, 171]","[111.41, 68]","[112.7, 66]",109.71,378,3.41,0.29
07:43:23,"[107.93, 184]","[106.86, 155]","[109.0, 78]","[110.0, 72]",108.46,489,1.07,0.39
07:43:24,"[108.0, 103]","[107.0, 72]","[109.0, 18]","[244.3, 33]",108.5,226,1.0,0.55
07:43:25,"[108.6, 60]","[107.63, 86]","[231.67, 12]","[301.57, 42]",170.13,200,123.07,0.46
07:43:26,"[110.32, 25]","[108.32, 75]","[340.78, 45]","[491.0, 23]",225.55,168,230.46,0.19
07:43:27,"[112.0, 8]","[110.0, 24]","[149.86, 29]","[157.54, 35]",130.93,96,37.86,-0.33
07:43:28,"[112.0, 11]","[110.0, 33]","[137.1, 41]","[154.47, 38]",124.55,123,25.1,-0.28
07:43:29,"[110.59, 17]","[109.38, 39]","[115.0, 36]","[174.33, 9]",112.79,101,4.41,0.11
07:43:30,"[110.0, 21]","[109.0, 42]","[115.0, 28]","[542.76, 17]",112.5,108,5.0,0.17
07:43:31,"[110.0, 28]","[109.0, 66]","[114.09, 44]","[386.09, 33]",112.05,171,4.09,0.1
07:43:32,"[110.0, 14]","[109.0, 42]","[112.16, 19]","[113.75, 16]",111.08,91,2.16,0.23
07:43:33,"[109.09, 117]","[108.48, 63]","[111.18, 33]","[180.65, 37]",110.13,250,2.1,0.44
07:43:34,"[109.0, 42]","[108.0, 30]","[110.0, 20]","[206.0, 30]",109.5,122,1.0,0.18
07:43:35,"[108.0, 27]","[107.0, 45]","[135.31, 29]","[276.45, 33]",121.66,134,27.31,0.07
07:43:36,"[108.0, 33]","[107.0, 55]","[115.73, 11]","[335.54, 39]",111.86,138,7.73,0.28
07:43:37,"[107.76, 25]","[106.94, 35]","[115.0, 9]","[173.84, 43]",111.38,112,7.24,0.07
07:43:38,"[108.79, 29]","[107.64, 33]","[115.0, 10]","[210.76, 34]",111.9,106,6.21,0.17
07:43:39,"[108.25, 40]","[107.27, 55]","[113.73, 15]","[227.55, 49]",110.99,159,5.48,0.19
07:43:40,"[109.0, 22]","[108.0, 33]","[111.45, 11]","[297.33, 45]",110.23,111,2.45,-0.01
07:43:41,"[109.0, 15]","[108.0, 27]","[110.02, 41]","[209.12, 17]",109.51,100,1.02,-0.16
07:43:42,"[107.94, 32]","[106.96, 27]","[140.29, 70]","[313.68, 50]",124.11,179,32.35,-0.34
07:43:43,"[107.0, 24]","[106.0, 12]","[310.81, 42]","[354.89, 54]",208.9,132,203.81,-0.45
07:43:44,"[111.81, 52]","[107.58, 33]","[210.88, 34]","[347.57, 37]",161.35,156,99.07,0.09
07:43:45,"[110.0, 70]","[107.71, 49]","[210.0, 56]","[215.06, 48]",160.0,223,100.0,0.07
07:43:46,"[108.0, 65]","[107.0, 26]","[208.91, 22]","[213.82, 55]",158.45,168,100.91,0.08
07:43:47,"[108.84, 86]","[107.49, 39]","[205.52, 23]","[209.44, 50]",157.18,198,96.68,0.26
07:43:48,"[110.0, 78]","[108.0, 59]","[190.71, 34]","[202.38, 42]",150.35,213,80.71,0.29
07:43:49,"[110.43, 42]","[107.77, 52]","[139.0, 22]","[140.0, 33]",124.71,149,28.57,0.26
07:43:50,"[112.43, 37]","[107.69, 13]","[136.0, 12]","[137.33, 18]",124.22,80,23.57,0.25
07:43:51,"[107.61, 33]","[106.9, 40]","[132.65, 46]","[133.76, 45]",120.13,164,25.05,-0.11
07:43:52,"[108.8, 30]","[107.8, 10]","[131.0, 40]","[132.2, 40]",119.9,120,22.2,-0.33
07:43:53,"[106.09, 22]","[102.86, 14]","[127.77, 52]","[129.79, 56]",116.93,144,21.68,-0.5
07:43:54,"[76.37, 19]","[41.42, 19]","[119.57, 28]","[120.33, 18]",97.97,84,43.2,-0.1
07:43:55,"[71.0, 44]","[28.55, 44]","[179.97, 38]","[220.39, 38]",125.49,164,108.97,0.07
07:43:56,"[68.0, 32]","[57.62, 32]","[448.72, 25]","[730.13, 31]",258.36,120,380.72,0.07
07:43:57,"[99.7, 40]","[60.67, 36]","[277.5, 16]","[656.75, 16]",188.6,108,177.8,0.41
07:43:58,"[109.0, 34]","[104.0, 48]","[637.5, 16]","[708.5, 16]",373.25,114,528.5,0.44
07:43:59,"[107.85, 26]","[103.45, 44]","[340.0, 16]","[612.62, 16]",223.92,102,232.15,0.37
07:44:00,"[104.0, 9]","[101.0, 12]","[340.0, 6]","[727.0, 6]",222.0,33,236.0,0.27
07:44:01,"[107.37, 59]","[104.82, 49]","[221.0, 16]","[388.38, 16]",164.19,140,113.63,0.54
07:44:02,"[109.0, 18]","[105.17, 29]","[266.0, 16]","[138.0, 2]",187.5,65,157.0,0.45
07:44:03,"[106.29, 17]","[104.8, 15]","[731.0, 12]","[0, 0]",418.65,44,624.71,0.45
07:44:04,"[105.31, 32]","[104.29, 21]","[434.67, 12]","[0, 0]",269.99,65,329.35,0.63
07:44:05,"[105.0, 30]","[104.0, 15]","[173.0, 10]","[0, 0]",139.0,55,68.0,0.64
07:44:06,"[105.0, 6]","[104.0, 3]","[173.0, 2]","[0, 0]",139.0,11,68.0,0.64
07:44:07,"[105.29, 17]","[104.83, 36]","[171.0, 21]","[173.0, 14]",138.15,88,65.71,0.2
07:44:08,"[108.33, 24]","[106.38, 37]","[160.74, 19]","[171.88, 16]",134.54,96,52.4,0.27
07:44:09,"[108.51, 37]","[106.94, 72]","[163.55, 22]","[531.0, 18]",136.03,149,55.03,0.46
07:44:10,"[107.42, 40]","[106.77, 44]","[144.5, 20]","[179.4, 25]",125.96,129,37.08,0.3
07:44:11,"[109.0, 10]","[108.0, 5]","[131.6, 15]","[344.0, 10]",120.3,40,22.6,-0.25
07:44:12,"[107.73, 33]","[106.5, 12]","[130.33, 27]","[486.67, 18]",119.03,90,22.61,0.0
07:44:13,"[107.13, 15]","[106.27, 11]","[129.0, 9]","[557.0, 6]",118.07,41,21.87,0.27
07:44:14,"[109.0, 8]","[107.0, 56]","[126.94, 17]","[165.3, 23]",117.97,104,17.94,0.23
07:44:15,"[107.64, 47]","[105.67, 24]","[125.12, 24]","[127.38, 26]",116.38,121,17.49,0.17
07:44:16,"[112.0, 18]","[107.0, 24]","[123.75, 16]","[125.14, 14]",117.88,72,11.75,0.17
07:44:17,"[112.0, 39]","[107.91, 22]","[121.7, 37]","[123.21, 28]",116.85,126,9.7,-0.03
07:44:18,"[108.07, 42]","[105.07, 14]","[119.93, 28]","[121.0, 42]",114.0,126,11.86,-0.11
07:44:19,"[107.21, 29]","[104.79, 19]","[117.21, 42]","[118.47, 40]",112.21,130,10.01,-0.26
07:44:20,"[109.0, 15]","[107.0, 15]","[113.61, 33]","[115.61, 44]",111.3,107,4.61,-0.44
07:44:21,"[105.9, 21]","[103.5, 12]","[108.79, 28]","[110.04, 27]",107.35,88,2.88,-0.25
07:44:22,"[104.0, 8]","[101.0, 16]","[106.0, 18]","[107.0, 22]",105.0,64,2.0,-0.25
07:44:23,"[104.0, 7]","[101.0, 14]","[105.0, 21]","[106.0, 14]",104.5,56,1.0,-0.25
07:44:24,"[101.3, 10]","[38.43, 37]","[122.42, 24]","[162.16, 31]",111.86,102,21.12,-0.08
07:44:25,"[101.0, 11]","[49.0, 64]","[143.39, 49]","[299.36, 28]",122.19,152,42.39,-0.01
07:44:26,"[60.58, 72]","[23.87, 55]","[140.56, 41]","[275.27, 37]",100.57,205,79.98,0.24
07:44:27,"[97.41, 44]","[49.67, 43]","[147.0, 50]","[176.0, 20]",122.2,157,49.59,0.11
07:44:28,"[110.0, 21]","[108.0, 7]","[146.0, 7]","[147.0, 35]",128.0,70,36.0,-0.2
07:44:29,"[109.93, 28]","[107.69, 13]","[131.06, 16]","[145.1, 41]",120.5,98,21.13,-0.16
07:44:30,"[107.12, 17]","[65.18, 17]","[127.0, 4]","[147.0, 20]",117.06,58,19.88,0.17
07:44:31,"[107.0, 84]","[36.75, 36]","[126.8, 10]","[212.8, 20]",116.9,150,19.8,0.6
07:44:32,"[88.53, 51]","[72.0, 51]","[125.67, 9]","[301.78, 18]",107.1,129,37.14,0.58
07:44:33,"[52.91, 56]","[39.69, 61]","[116.36, 11]","[348.84, 19]",84.64,147,63.45,0.59
07:44:34,"[74.09, 107]","[53.2, 50]","[120.31, 13]","[278.19, 31]",97.2,201,46.21,0.56
07:44:35,"[61.32, 38]","[38.31, 32]","[122.2, 10]","[256.0, 27]",91.76,107,60.88,0.31
07:44:36,"[72.31, 49]","[53.67, 30]","[121.0, 8]","[299.58, 19]",96.65,106,48.69,0.49
07:44:37,"[90.8, 60]","[49.08, 62]","[118.95, 42]","[119.94, 18]",104.88,182,28.15,0.34
07:44:38,"[108.7, 47]","[104.49, 63]","[115.64, 44]","[118.0, 11]",112.17,165,6.93,0.33
07:44:39,"[109.0, 49]","[108.0, 24]","[111.21, 34]","[112.87, 47]",110.1,154,2.21,-0.05
07:44:40,"[109.0, 16]","[108.0, 8]","[110.0, 16]","[111.0, 20]",109.5,60,1.0,-0.2
07:44:41,"[94.64, 25]","[77.87, 39]","[109.19, 43]","[144.47, 30]",101.91,137,14.55,-0.07
07:44:42,"[89.0, 35]","[67.79, 57]","[106.87, 52]","[107.53, 85]",97.93,229,17.87,-0.2
07:44:43,"[101.39, 31]","[92.43, 63]","[105.24, 49]","[142.06, 32]",103.32,175,3.86,0.07
07:44:44,"[95.3, 40]","[81.19, 43]","[107.0, 16]","[210.0, 16]",101.15,115,11.7,0.44
07:44:45,"[101.93, 59]","[95.62, 56]","[112.69, 26]","[157.54, 26]",107.31,167,10.76,0.38
07:44:46,"[100.39, 85]","[96.56, 72]","[129.36, 22]","[271.29, 34]",114.88,213,28.98,0.47
07:44:47,"[108.0, 45]","[105.49, 49]","[144.46, 26]","[482.14, 35]",126.23,155,36.46,0.21
07:44:48,"[110.0, 55]","[107.0, 33]","[339.52, 21]","[477.5, 20]",224.76,129,229.52,0.36
07:44:49,"[110.0, 38]","[107.0, 30]","[206.46, 13]","[214.24, 17]",158.23,98,96.46,0.39
07:44:50,"[110.0, 18]","[108.0, 27]","[181.81, 21]","[205.44, 18]",145.9,84,71.81,0.07
07:44:51,"[110.0, 24]","[108.0, 36]","[138.57, 14]","[142.86, 21]",124.29,95,28.57,0.26
07:44:52,"[109.88, 67]","[108.91, 97]","[133.76, 17]","[136.95, 38]",121.82,219,23.88,0.5
07:44:53,"[109.0, 56]","[108.0, 21]","[132.73, 11]","[133.82, 17]",120.86,105,23.73,0.47
07:44:54,"[109.0, 120]","[108.0, 45]","[131.33, 15]","[133.0, 45]",120.17,225,22.33,0.47
07:44:55,"[109.0, 59]","[108.0, 30]","[129.4, 10]","[133.0, 30]",119.2,129,20.4,0.38
07:44:56,"[109.0, 286]","[108.0, 42]","[126.29, 28]","[131.75, 28]",117.64,384,17.29,0.71
07:44:57,"[109.0, 276]","[108.0, 72]","[124.33, 36]","[128.0, 12]",116.67,396,15.33,0.76
07:44:58,"[109.0, 206]","[108.0, 54]","[124.0, 27]","[126.11, 37]",116.5,324,15.0,0.6
07:44:59,"[109.0, 267]","[108.0, 72]","[122.57, 28]","[124.5, 28]",115.79,395,13.57,0.72
07:45:00,"[109.0, 286]","[108.0, 78]","[121.0, 13]","[122.0, 39]",115.0,416,12.0,0.75
07:45:01,"[109.0, 304]","[108.0, 84]","[118.09, 32]","[118.32, 31]",113.55,451,9.09,0.72
07:45:02,"[109.0, 344]","[108.0, 102]","[111.98, 63]","[112.48, 67]",110.49,576,2.98,0.55
07:45:03,"[109.0, 194]","[108.0, 66]","[110.14, 43]","[113.67, 27]",109.57,330,1.14,0.58
07:45:04,"[109.0, 253]","[108.0, 54]","[110.0, 42]","[240.65, 52]",109.5,401,1.0,0.53
07:45:05,"[109.0, 99]","[108.0, 27]","[271.86, 35]","[382.22, 45]",190.43,206,162.86,0.22
07:45:06,"[109.0, 33]","[108.0, 21]","[383.71, 35]","[514.86, 35]",246.36,124,274.71,-0.13
07:45:07,"[108.57, 42]","[107.73, 74]","[350.0, 40]","[509.5, 40]",229.29,196,241.43,0.18
07:45:08,"[108.0, 87]","[107.0, 100]","[167.0, 50]","[454.8, 50]",137.5,287,59.0,0.3
07:45:09,"[108.0, 15]","[107.0, 100]","[111.0, 45]","[492.9, 50]",109.5,210,3.0,0.1
07:45:10,"[107.12, 34]","[106.89, 45]","[111.0, 36]","[202.0, 45]",109.06,160,3.88,-0.01
07:45:11,"[107.0, 84]","[106.0, 14]","[230.03, 61]","[271.21, 68]",168.52,227,123.03,-0.14
07:45:12,"[110.0, 90]","[108.45, 22]","[457.46, 39]","[623.55, 33]",283.73,184,347.46,0.22
07:45:13,"[110.0, 40]","[109.0, 8]","[406.71, 17]","[464.46, 13]",258.35,78,296.71,0.23
07:45:14,"[110.0, 90]","[109.0, 18]","[179.59, 29]","[360.72, 39]",144.79,176,69.59,0.23
07:45:15,"[110.0, 70]","[109.0, 14]","[194.63, 19]","[411.76, 17]",152.32,120,84.63,0.4
07:45:16,"[110.0, 100]","[109.0, 20]","[374.67, 15]","[392.0, 20]",242.33,155,264.67,0.55
07:45:17,"[110.0, 120]","[109.0, 24]","[302.34, 35]","[328.8, 30]",206.17,209,192.34,0.38
07:45:18,"[110.07, 54]","[109.8, 50]","[282.13, 15]","[282.83, 12]",196.1,131,172.06,0.59
07:45:19,"[110.04, 114]","[109.65, 62]","[236.24, 21]","[229.27, 30]",173.14,227,126.2,0.55
07:45:20,"[110.0, 110]","[109.0, 22]","[151.83, 12]","[198.38, 29]",130.92,173,41.83,0.53
07:45:21,"[110.0, 160]","[109.0, 36]","[147.13, 23]","[150.08, 25]",128.57,244,37.13,0.61
07:45:22,"[110.0, 130]","[109.0, 52]","[143.47, 15]","[147.25, 24]",126.73,221,33.47,0.65
07:45:23,"[111.22, 49]","[109.92, 98]","[144.11, 19]","[146.43, 14]",127.66,180,32.88,0.63
07:45:24,"[110.0, 81]","[109.0, 36]","[142.5, 14]","[144.15, 13]",126.25,144,32.5,0.62
07:45:25,"[110.0, 99]","[109.0, 30]","[138.18, 22]","[139.12, 17]",124.09,168,28.18,0.54
07:45:26,"[110.0, 117]","[109.0, 29]","[134.71, 28]","[137.62, 26]",122.36,200,24.71,0.46
07:45:27,"[110.0, 139]","[109.0, 103]","[129.88, 34]","[132.21, 38]",119.94,314,19.88,0.54
07:45:28,"[110.0, 88]","[109.0, 77]","[127.08, 26]","[128.0, 32]",118.54,223,17.08,0.48
07:45:29,"[110.0, 86]","[109.0, 84]","[124.53, 30]","[125.64, 28]",117.27,228,14.53,0.49
07:45:30,"[110.0, 54]","[109.0, 91]","[120.85, 26]","[122.89, 38]",115.42,209,10.85,0.39
07:45:31,"[110.0, 36]","[109.0, 84]","[117.65, 34]","[118.53, 38]",113.82,192,7.65,0.25
07:45:32,"[110.0, 36]","[109.0, 84]","[114.92, 24]","[116.47, 38]",112.46,182,4.92,0.32
07:45:33,"[110.0, 26]","[109.0, 63]","[112.83, 24]","[113.54, 26]",111.42,139,2.83,0.28
07:45:34,"[109.63, 38]","[108.79, 106]","[111.22, 46]","[112.53, 38]",110.42,228,1.59,0.26
07:45:35,"[109.0, 48]","[108.0, 135]","[112.09, 23]","[184.0, 20]",110.54,226,3.09,0.62
07:45:36,"[109.0, 62]","[108.0, 120]","[133.12, 16]","[232.0, 18]",121.06,216,24.12,0.69
07:45:37,"[109.0, 36]","[108.0, 105]","[131.43, 14]","[372.96, 25]",120.21,180,22.43,0.57
07:45:38,"[108.03, 74]","[107.67, 36]","[130.25, 16]","[226.0, 24]",119.14,150,22.22,0.47
07:45:39,"[109.0, 9]","[108.0, 108]","[128.64, 22]","[215.33, 27]",118.82,166,19.64,0.41
07:45:40,"[109.0, 10]","[108.0, 120]","[125.11, 38]","[127.36, 22]",117.05,190,16.11,0.37
07:45:41,"[108.01, 91]","[107.4, 30]","[122.16, 38]","[124.68, 25]",115.08,184,14.15,0.32
07:45:42,"[108.0, 90]","[107.0, 18]","[118.83, 35]","[120.57, 28]",113.41,171,10.83,0.26
07:45:43,"[108.0, 62]","[107.0, 16]","[115.07, 29]","[116.0, 24]",111.53,131,7.07,0.19
07:45:44,"[108.0, 51]","[107.0, 22]","[110.29, 28]","[111.79, 33]",109.14,134,2.29,0.09
07:45:45,"[106.88, 16]","[105.93, 15]","[108.86, 14]","[244.72, 29]",107.87,74,1.98,-0.16
07:45:46,"[106.0, 14]","[105.0, 7]","[329.46, 13]","[340.86, 14]",217.73,48,223.46,-0.12
07:45:47,"[105.0, 18]","[103.58, 26]","[247.3, 23]","[249.0, 14]",176.15,81,142.3,0.09
07:45:48,"[105.8, 20]","[104.0, 30]","[246.3, 30]","[369.32, 38]",176.05,118,140.5,-0.15
07:45:49,"[112.0, 24]","[106.0, 16]","[245.25, 24]","[376.0, 32]",178.62,96,133.25,-0.17
07:45:50,"[112.0, 30]","[106.73, 22]","[244.16, 38]","[277.75, 32]",178.08,122,132.16,-0.15
07:45:51,"[112.0, 11]","[110.0, 7]","[241.08, 25]","[243.5, 24]",176.54,67,129.08,-0.46
07:45:52,"[108.67, 36]","[105.12, 32]","[239.75, 32]","[242.08, 26]",174.21,126,131.08,0.08
07:45:53,"[109.0, 72]","[106.0, 9]","[237.15, 33]","[238.4, 30]",173.08,144,128.15,0.12
07:45:54,"[109.0, 80]","[106.0, 10]","[235.84, 38]","[237.5, 32]",172.42,160,126.84,0.12
07:45:55,"[109.0, 56]","[106.0, 21]","[234.18, 33]","[236.0, 44]",171.59,154,125.18,0.0
07:45:56,"[109.0, 36]","[106.0, 9]","[174.66, 29]","[232.53, 34]",141.83,108,65.66,-0.17
07:45:57,"[108.57, 56]","[105.42, 48]","[205.43, 56]","[230.48, 56]",157.0,216,96.86,-0.04
07:45:58,"[104.57, 7]","[103.25, 4]","[226.57, 14]","[227.43, 14]",165.57,39,122.0,-0.44
07:45:59,"[104.67, 18]","[103.25, 8]","[223.27, 30]","[224.26, 27]",163.97,83,118.6,-0.37
07:46:00,"[105.91, 66]","[104.0, 11]","[214.29, 41]","[221.86, 36]",160.1,154,108.38,0.0
07:46:01,"[106.65, 46]","[105.71, 21]","[124.09, 44]","[154.89, 36]",115.37,147,17.44,-0.09
07:46:02,"[106.81, 21]","[97.73, 11]","[120.94, 34]","[122.53, 30]",113.88,96,14.13,-0.33
07:46:03,"[104.11, 18]","[89.11, 19]","[119.45, 44]","[120.77, 39]",111.78,120,15.34,-0.38
07:46:04,"[103.0, 10]","[81.91, 22]","[116.29, 34]","[117.23, 35]",109.65,101,13.29,-0.37
07:46:05,"[103.0, 14]","[92.5, 14]","[111.02, 48]","[112.33, 51]",107.01,127,8.02,-0.56
07:46:06,"[101.12, 8]","[96.25, 8]","[104.14, 28]","[105.17, 23]",102.63,67,3.02,-0.52
07:46:07,"[94.75, 8]","[73.38, 8]","[101.71, 21]","[103.12, 25]",98.23,62,6.96,-0.48
07:46:08,"[94.0, 9]","[40.0, 9]","[99.78, 41]","[102.0, 21]",96.89,80,5.78,-0.55
07:46:09,"[61.6, 5]","[29.8, 5]","[98.57, 7]","[101.2, 10]",80.09,27,36.97,-0.26
07:46:10,"[45.44, 9]","[11.71, 17]","[96.85, 13]","[99.6, 10]",71.15,49,51.4,0.06
07:46:11,"[70.75, 4]","[7.0, 12]","[98.29, 7]","[100.5, 6]",84.52,29,27.54,0.1
07:46:12,"[31.05, 20]","[26.87, 23]","[100.17, 18]","[101.39, 31]",65.61,92,69.12,-0.07
07:46:13,"[84.58, 19]","[55.85, 20]","[97.0, 16]","[100.0, 16]",90.79,71,12.42,0.1
07:46:14,"[96.05, 60]","[95.0, 22]","[98.58, 19]","[100.56, 27]",97.31,128,2.53,0.28
07:46:15,"[97.0, 30]","[73.8, 20]","[98.75, 44]","[100.27, 22]",97.88,116,1.75,-0.14
07:46:16,"[69.8, 15]","[40.38, 16]","[100.0, 14]","[101.0, 21]",84.9,66,30.2,-0.06
07:46:17,"[79.86, 28]","[74.7, 27]","[96.73, 22]","[100.25, 24]",88.29,101,16.87,0.09
07:46:18,"[77.07, 27]","[58.0, 38]","[114.52, 23]","[334.46, 26]",95.8,114,37.45,0.14
07:46:19,"[85.39, 23]","[75.12, 17]","[134.22, 18]","[466.0, 17]",109.81,75,48.83,0.07
07:46:20,"[91.0, 28]","[75.27, 33]","[426.12, 51]","[540.09, 23]",258.56,135,335.12,-0.1
07:46:21,"[110.0, 42]","[106.71, 14]","[192.48, 29]","[372.06, 31]",151.24,116,82.48,-0.03
07:46:22,"[110.0, 42]","[107.0, 14]","[185.93, 29]","[361.09, 23]",147.97,108,75.93,0.04
07:46:23,"[110.0, 44]","[107.26, 23]","[218.77, 31]","[316.09, 45]",164.39,143,108.77,-0.06
07:46:24,"[110.0, 24]","[109.0, 24]","[378.07, 28]","[536.0, 28]",244.04,104,268.07,-0.08
07:46:25,"[110.0, 18]","[109.0, 18]","[191.48, 27]","[622.87, 15]",150.74,78,81.48,-0.08
07:46:26,"[110.0, 21]","[109.0, 21]","[162.0, 35]","[527.71, 14]",136.0,91,52.0,-0.08
07:46:27,"[109.18, 17]","[108.12, 26]","[283.83, 30]","[555.82, 33]",196.5,106,174.66,-0.19
07:46:28,"[109.0, 8]","[108.0, 24]","[515.71, 28]","[599.43, 28]",312.36,88,406.71,-0.27
07:46:29,"[108.25, 8]","[107.2, 30]","[322.62, 24]","[324.0, 16]",215.44,78,214.38,-0.03
07:46:30,"[108.74, 19]","[106.71, 17]","[322.0, 18]","[324.0, 12]",215.37,66,213.26,0.09
07:46:31,"[109.0, 20]","[107.0, 14]","[205.21, 29]","[286.81, 21]",157.1,84,96.21,-0.19
07:46:32,"[109.0, 16]","[107.0, 16]","[171.5, 24]","[179.0, 40]",140.25,96,62.5,-0.33
07:46:33,"[109.0, 16]","[107.0, 16]","[155.6, 30]","[192.96, 28]",132.3,90,46.6,-0.29
07:46:34,"[109.0, 11]","[107.0, 22]","[139.68, 41]","[148.4, 47]",124.34,121,30.68,-0.45
07:46:35,"[106.71, 21]","[106.43, 14]","[121.44, 27]","[137.86, 28]",114.08,90,14.73,-0.22
07:46:36,"[106.0, 36]","[105.0, 9]","[115.67, 36]","[117.0, 27]",110.83,108,9.67,-0.17
07:46:37,"[106.0, 32]","[105.0, 8]","[114.88, 32]","[132.0, 24]",110.44,96,8.88,-0.17
07:46:38,"[106.0, 56]","[105.0, 14]","[111.07, 56]","[132.27, 44]",108.54,170,5.07,-0.18
07:46:39,"[105.9, 40]","[104.13, 69]","[107.73, 48]","[109.0, 47]",106.81,204,1.83,0.07
07:46:40,"[105.0, 7]","[104.0, 45]","[106.0, 21]","[107.0, 28]",105.5,101,1.0,0.03
07:46:41,"[105.0, 14]","[104.0, 70]","[106.7, 50]","[214.36, 56]",105.85,190,1.7,-0.12
07:46:42,"[104.63, 19]","[103.83, 72]","[105.9, 40]","[277.09, 57]",105.27,188,1.27,-0.03
07:46:43,"[103.97, 30]","[84.33, 90]","[294.52, 31]","[453.88, 33]",199.24,184,190.55,0.3
07:46:44,"[110.78, 37]","[98.4, 60]","[219.54, 39]","[430.0, 38]",165.16,174,108.75,0.11
07:46:45,"[110.41, 17]","[106.0, 8]","[217.17, 18]","[218.17, 18]",163.79,61,106.75,-0.18
07:46:46,"[109.0, 27]","[103.89, 9]","[215.44, 27]","[216.67, 27]",162.22,90,106.44,-0.2
07:46:47,"[109.0, 27]","[105.0, 9]","[204.29, 17]","[239.32, 28]",156.65,81,95.29,-0.11
07:46:48,"[109.13, 31]","[106.0, 12]","[187.6, 30]","[294.03, 34]",148.36,107,78.47,-0.2
07:46:49,"[108.78, 23]","[99.63, 41]","[214.9, 30]","[353.29, 21]",161.84,115,106.12,0.11
07:46:50,"[109.5, 20]","[107.5, 20]","[192.04, 23]","[206.68, 19]",150.77,82,82.54,-0.02
07:46:51,"[111.5, 12]","[109.0, 36]","[147.92, 26]","[177.33, 33]",129.71,107,36.42,-0.1
07:46:52,"[111.0, 10]","[109.0, 30]","[135.5, 30]","[137.0, 40]",123.25,110,24.5,-0.27
07:46:53,"[111.0, 11]","[109.0, 33]","[132.89, 27]","[142.45, 20]",121.94,91,21.89,-0.03
07:46:54,"[108.77, 43]","[107.53, 49]","[130.8, 45]","[132.0, 15]",119.78,152,22.03,0.21
07:46:55,"[108.0, 30]","[104.0, 22]","[129.93, 29]","[131.2, 15]",118.97,96,21.93,0.08
07:46:56,"[108.0, 26]","[106.79, 116]","[121.08, 37]","[128.18, 39]",114.54,218,13.08,0.3
07:46:57,"[107.18, 88]","[106.67, 108]","[123.69, 48]","[125.71, 28]",115.43,272,16.51,0.44
07:46:58,"[107.17, 87]","[106.5, 72]","[122.0, 33]","[123.0, 55]",114.59,247,14.83,0.29
07:46:59,"[108.0, 42]","[107.0, 168]","[120.09, 32]","[121.75, 44]",114.05,286,12.09,0.47
07:47:00,"[108.0, 33]","[107.0, 132]","[116.77, 53]","[118.49, 35]",112.39,253,8.77,0.3
07:47:01,"[108.0, 44]","[107.0, 192]","[112.88, 58]","[114.86, 70]",110.44,364,4.88,0.3
07:47:02,"[108.46, 13]","[107.02, 122]","[112.14, 44]","[123.33, 48]",110.3,227,3.67,0.19
07:47:03,"[106.79, 86]","[105.0, 150]","[109.77, 74]","[112.66, 53]",108.28,363,2.98,0.3
07:47:04,"[103.01, 145]","[84.2, 103]","[105.61, 36]","[106.92, 48]",104.31,332,2.6,0.49
07:47:05,"[102.05, 168]","[95.6, 100]","[104.34, 53]","[216.69, 54]",103.19,375,2.29,0.43
07:47:06,"[98.31, 104]","[74.47, 76]","[104.32, 37]","[191.27, 37]",101.32,254,6.02,0.42
07:47:07,"[68.8, 40]","[65.2, 80]","[103.17, 24]","[104.03, 37]",85.98,181,34.37,0.33
07:47:08,"[29.11, 72]","[9.0, 72]","[103.0, 18]","[104.0, 36]",66.06,198,73.89,0.45
07:47:09,"[59.11, 72]","[19.38, 52]","[103.33, 18]","[195.67, 36]",81.22,178,44.22,0.39
07:47:10,"[36.78, 36]","[31.33, 24]","[102.08, 26]","[258.0, 7]",69.43,93,65.3,0.29
07:47:11,"[50.67, 12]","[39.67, 30]","[172.24, 25]","[312.36, 11]",111.45,78,121.57,0.08
07:47:12,"[108.12, 85]","[67.27, 22]","[293.5, 32]","[407.36, 28]",200.81,167,185.38,0.28
07:47:13,"[110.0, 54]","[107.82, 33]","[276.15, 26]","[472.86, 14]",193.08,127,166.15,0.37
07:47:14,"[110.0, 21]","[108.0, 36]","[213.53, 15]","[476.4, 10]",161.77,82,103.53,0.39
07:47:15,"[108.29, 28]","[107.6, 15]","[172.0, 16]","[372.5, 8]",140.14,67,63.71,0.28
07:47:16,"[108.0, 32]","[107.0, 8]","[348.8, 10]","[473.43, 14]",228.4,64,240.8,0.25
07:47:17,"[108.0, 28]","[107.0, 12]","[350.0, 12]","[594.0, 24]",229.0,76,242.0,0.05
07:47:18,"[107.5, 8]","[66.0, 6]","[350.0, 6]","[614.0, 12]",228.75,32,242.5,-0.12
07:47:19,"[107.0, 8]","[61.0, 8]","[350.0, 8]","[599.5, 16]",228.5,40,243.0,-0.2
07:47:20,"[109.0, 8]","[107.0, 8]","[298.0, 10]","[575.14, 14]",203.5,40,189.0,-0.2
07:47:21,"[108.14, 28]","[107.22, 18]","[221.35, 23]","[485.93, 30]",164.75,99,113.2,-0.07
07:47:22,"[108.04, 49]","[107.14, 28]","[174.69, 13]","[399.89, 47]",141.37,137,66.65,0.12
07:47:23,"[108.38, 37]","[106.67, 33]","[173.77, 13]","[652.31, 52]",141.07,135,65.39,0.04
07:47:24,"[112.0, 35]","[109.0, 28]","[173.0, 7]","[457.75, 16]",142.5,86,61.0,0.47
07:47:25,"[112.0, 54]","[109.0, 48]","[172.25, 12]","[353.07, 27]",142.12,141,60.25,0.45
07:47:26,"[112.0, 22]","[109.0, 44]","[152.36, 11]","[300.71, 17]",132.18,94,40.36,0.4
07:47:27,"[111.25, 48]","[108.49, 82]","[147.44, 25]","[547.6, 35]",129.34,190,36.19,0.37
07:47:28,"[109.92, 50]","[108.16, 90]","[136.47, 30]","[179.89, 9]",123.19,179,26.55,0.56
07:47:29,"[109.08, 77]","[108.12, 128]","[138.03, 33]","[175.44, 9]",123.55,247,28.95,0.66
07:47:30,"[112.0, 37]","[109.0, 90]","[171.0, 10]","[289.32, 28]",141.5,165,59.0,0.54
07:47:31,"[112.0, 45]","[109.0, 135]","[168.33, 15]","[282.0, 60]",140.17,255,56.33,0.41
07:47:32,"[111.54, 46]","[108.87, 135]","[165.43, 14]","[248.92, 52]",138.49,247,53.89,0.47
07:47:33,"[109.0, 70]","[108.0, 180]","[162.9, 10]","[288.26, 38]",135.95,298,53.9,0.68
07:47:34,"[109.0, 98]","[108.0, 252]","[160.29, 14]","[336.65, 54]",134.64,418,51.29,0.67
07:47:35,"[109.1, 59]","[108.13, 165]","[159.45, 11]","[339.74, 47]",134.28,282,50.35,0.59
07:47:36,"[109.5, 14]","[108.73, 67]","[158.2, 20]","[296.17, 23]",133.85,124,48.7,0.31
07:47:37,"[109.0, 84]","[108.0, 216]","[155.49, 39]","[157.0, 21]",132.24,360,46.49,0.67
07:47:38,"[108.15, 80]","[107.87, 62]","[152.48, 25]","[154.0, 10]",130.31,177,44.33,0.6
07:47:39,"[108.0, 238]","[106.65, 34]","[150.14, 56]","[152.0, 14]",129.07,342,42.14,0.59
07:47:40,"[108.0, 204]","[106.43, 21]","[149.56, 36]","[150.0, 24]",128.78,285,41.56,0.58
07:47:41,"[108.02, 174]","[107.77, 44]","[147.58, 12]","[149.0, 48]",127.8,278,39.56,0.57
07:47:42,"[109.37, 19]","[108.12, 116]","[143.0, 19]","[149.13, 47]",126.18,201,33.63,0.34
07:47:43,"[108.08, 100]","[108.14, 14]","[136.75, 12]","[141.77, 35]",122.41,161,28.67,0.42
07:47:44,"[108.0, 160]","[107.0, 10]","[117.0, 19]","[117.9, 20]",112.5,209,9.0,0.63
07:47:45,"[108.04, 217]","[107.79, 61]","[112.12, 34]","[113.25, 36]",110.08,348,4.08,0.6
07:47:46,"[108.0, 250]","[107.0, 16]","[110.48, 23]","[111.65, 23]",109.24,312,2.48,0.71
07:47:47,"[108.0, 118]","[107.0, 8]","[109.86, 14]","[251.89, 18]",108.93,158,1.86,0.59
07:47:48,"[108.0, 325]","[107.0, 21]","[109.67, 42]","[294.79, 81]",108.83,469,1.67,0.48
07:47:49,"[108.0, 132]","[107.0, 12]","[110.0, 24]","[282.0, 60]",109.0,228,2.0,0.26
07:47:50,"[108.27, 133]","[107.31, 29]","[235.86, 29]","[348.85, 65]",172.07,256,127.59,0.27
07:47:51,"[112.0, 40]","[108.0, 72]","[372.0, 8]","[397.0, 40]",242.0,160,260.0,0.4
07:47:52,"[111.62, 16]","[108.3, 30]","[372.0, 4]","[397.0, 20]",241.81,70,260.38,0.31
07:47:53,"[109.0, 60]","[107.95, 76]","[293.09, 46]","[415.06, 36]",201.04,218,184.09,0.25
07:47:54,"[108.26, 46]","[107.58, 38]","[228.6, 10]","[402.5, 50]",168.43,144,120.34,0.17
07:47:55,"[107.91, 35]","[106.35, 23]","[152.35, 31]","[281.91, 55]",130.13,144,44.44,-0.19
07:47:56,"[107.0, 11]","[106.0, 55]","[150.51, 39]","[224.49, 35]",128.76,140,43.51,-0.06
07:47:57,"[107.0, 11]","[106.0, 55]","[138.09, 55]","[168.63, 19]",122.55,140,31.09,-0.06
07:47:58,"[107.0, 10]","[106.0, 50]","[138.0, 50]","[166.0, 18]",122.5,128,31.0,-0.06
07:47:59,"[107.0, 8]","[106.0, 40]","[136.68, 37]","[227.32, 25]",121.84,110,29.68,-0.13
07:48:00,"[106.07, 43]","[105.38, 39]","[134.06, 48]","[135.76, 51]",120.07,181,27.99,-0.09
07:48:01,"[106.92, 61]","[105.92, 38]","[130.25, 40]","[133.0, 32]",118.58,171,23.33,0.16
07:48:02,"[107.44, 77]","[106.94, 85]","[129.94, 69]","[132.74, 57]",118.69,288,22.5,0.12
07:48:03,"[109.14, 107]","[108.47, 75]","[127.38, 55]","[128.77, 70]",118.26,307,18.24,0.19
07:48:04,"[109.0, 99]","[108.0, 11]","[124.57, 30]","[125.27, 49]",116.78,189,15.57,0.16
07:48:05,"[109.0, 82]","[108.0, 11]","[122.71, 14]","[123.98, 41]",115.86,148,13.71,0.26
07:48:06,"[108.35, 68]","[106.45, 44]","[120.37, 51]","[121.3, 33]",114.36,196,12.02,0.14
07:48:07,"[110.0, 40]","[108.0, 25]","[117.08, 12]","[118.86, 14]",113.54,91,7.08,0.43
07:48:08,"[110.0, 88]","[108.62, 39]","[114.38, 42]","[115.43, 21]",112.19,190,4.38,0.34
07:48:09,"[109.46, 41]","[108.12, 40]","[111.0, 10]","[156.7, 33]",110.23,124,1.54,0.31
07:48:10,"[108.0, 59]","[106.0, 60]","[145.07, 14]","[275.82, 34]",126.54,167,37.07,0.43
07:48:11,"[108.91, 44]","[107.78, 45]","[262.27, 15]","[395.47, 15]",185.59,119,153.36,0.5
07:48:12,"[108.59, 27]","[107.23, 70]","[138.0, 39]","[336.0, 13]",123.3,149,29.41,0.3
07:48:13,"[108.0, 10]","[107.0, 60]","[134.4, 30]","[161.92, 26]",121.2,126,26.4,0.11
07:48:14,"[110.79, 42]","[107.28, 25]","[130.2, 50]","[132.0, 10]",120.49,127,19.41,0.06
07:48:15,"[108.86, 7]","[107.03, 31]","[129.39, 18]","[129.5, 18]",119.12,74,20.53,0.03
07:48:16,"[107.31, 35]","[106.41, 51]","[127.91, 11]","[129.0, 55]",117.61,152,20.59,0.13
07:48:17,"[107.0, 51]","[105.99, 71]","[120.55, 29]","[125.1, 39]",113.78,190,13.55,0.28
07:48:18,"[108.08, 24]","[106.66, 41]","[115.65, 37]","[117.59, 37]",111.87,139,7.57,-0.06
07:48:19,"[109.0, 12]","[107.0, 18]","[113.83, 30]","[114.5, 10]",111.42,70,4.83,-0.14
07:48:20,"[109.43, 21]","[108.38, 48]","[111.9, 51]","[113.27, 55]",110.67,175,2.47,-0.21
07:48:21,"[109.0, 18]","[108.0, 45]","[110.86, 21]","[112.3, 33]",109.93,117,1.86,0.08
07:48:22,"[109.0, 10]","[108.0, 45]","[111.29, 38]","[115.83, 23]",110.14,116,2.29,-0.05
07:48:23,"[108.09, 44]","[107.42, 48]","[110.0, 60]","[112.0, 24]",109.05,176,1.91,0.05
07:48:24,"[108.0, 53]","[107.0, 52]","[109.46, 65]","[246.32, 44]",108.73,214,1.46,-0.02
07:48:25,"[107.6, 40]","[106.48, 67]","[141.24, 58]","[278.86, 58]",124.42,223,33.64,-0.04
07:48:26,"[106.38, 32]","[105.88, 32]","[211.38, 16]","[261.16, 38]",158.88,118,105.0,0.08
07:48:27,"[106.29, 42]","[104.69, 48]","[188.62, 26]","[268.97, 29]",147.45,145,82.33,0.24
07:48:28,"[107.11, 57]","[106.11, 73]","[210.0, 30]","[322.13, 60]",158.55,220,102.89,0.18
07:48:29,"[112.0, 10]","[109.57, 21]","[203.5, 20]","[272.6, 40]",157.75,91,91.5,-0.32
07:48:30,"[112.0, 7]","[110.0, 14]","[115.0, 14]","[208.0, 14]",113.5,49,3.0,-0.14
07:48:31,"[112.0, 9]","[110.0, 18]","[113.89, 18]","[255.67, 30]",112.94,75,1.89,-0.28
07:48:32,"[107.82, 17]","[106.6, 10]","[113.0, 18]","[349.26, 38]",110.41,83,5.18,-0.35
07:48:33,"[105.0, 25]","[103.0, 10]","[112.6, 10]","[386.0, 20]",108.8,65,7.6,0.08
07:48:34,"[107.25, 40]","[104.43, 35]","[111.9, 20]","[306.62, 32]",109.58,127,4.65,0.18
07:48:35,"[104.8, 46]","[103.47, 19]","[184.89, 18]","[401.8, 20]",144.85,103,80.08,0.26
07:48:36,"[105.79, 53]","[104.0, 15]","[109.0, 10]","[224.0, 20]",107.4,98,3.21,0.39
07:48:37,"[107.88, 72]","[104.0, 24]","[123.18, 22]","[188.4, 20]",115.53,138,15.31,0.39
07:48:38,"[108.0, 39]","[104.0, 18]","[487.56, 18]","[685.0, 8]",297.78,83,379.56,0.37
07:48:39,"[108.0, 42]","[104.0, 21]","[427.36, 25]","[684.4, 10]",267.68,98,319.36,0.29
07:48:40,"[109.0, 48]","[106.0, 36]","[384.0, 36]","[684.0, 9]",246.5,129,275.0,0.3
07:48:41,"[108.0, 60]","[104.0, 30]","[398.69, 32]","[481.82, 22]",253.34,144,290.69,0.25
07:48:42,"[108.0, 48]","[104.0, 24]","[391.68, 19]","[399.83, 12]",249.84,103,283.68,0.4
07:48:43,"[108.0, 57]","[106.31, 13]","[331.62, 26]","[389.46, 13]",219.81,109,223.62,0.28
07:48:44,"[107.29, 28]","[104.65, 17]","[383.25, 16]","[384.7, 20]",245.27,81,275.96,0.11
07:48:45,"[104.86, 14]","[103.11, 18]","[379.31, 13]","[381.06, 17]",242.08,62,274.45,0.03
07:48:46,"[104.94, 36]","[97.58, 33]","[359.79, 28]","[374.55, 22]",232.37,119,254.84,0.16
07:48:47,"[111.68, 114]","[109.46, 156]","[319.82, 45]","[332.85, 48]",215.75,363,208.14,0.49
07:48:48,"[112.0, 66]","[110.0, 99]","[306.73, 40]","[308.3, 44]",209.36,249,194.73,0.33
07:48:49,"[112.0, 40]","[110.0, 90]","[297.0, 32]","[301.1, 30]",204.5,192,185.0,0.35
07:48:50,"[112.83, 48]","[110.16, 69]","[260.96, 52]","[284.3, 50]",186.9,219,148.13,0.07
07:48:51,"[112.0, 5]","[110.0, 45]","[245.29, 21]","[246.47, 17]",178.64,88,133.29,0.14
07:48:52,"[112.0, 7]","[110.0, 63]","[244.3, 23]","[245.05, 21]",178.15,114,132.3,0.23
07:48:53,"[112.0, 16]","[110.0, 144]","[240.16, 50]","[242.3, 54]",176.08,264,128.16,0.21
07:48:54,"[112.0, 12]","[110.0, 108]","[235.29, 24]","[236.19, 48]",173.65,192,123.29,0.25
07:48:55,"[112.0, 9]","[110.0, 81]","[231.89, 19]","[233.8, 25]",171.95,134,119.89,0.34
07:48:56,"[112.0, 12]","[110.0, 108]","[223.84, 31]","[231.2, 20]",167.92,171,111.84,0.4
07:48:57,"[112.0, 11]","[110.0, 99]","[205.0, 21]","[200.61, 31]",158.5,162,93.0,0.36
