Time,Bid1,Bid2,Ask1,Ask2,Mid-Price,Total_volume,Bid_ask_spread,Order_imbalance
07:30:00,"[0, 0]","[0, 0]","[0, 0]","[0, 0]",0.0,0,0.0,0.0
07:30:02,"[1.0, 9]","[0, 0]","[158.0, 10]","[0, 0]",79.5,19,157.0,-0.05
07:30:03,"[2.31, 13]","[2.0, 9]","[158.0, 10]","[0, 0]",80.15,32,155.69,0.38
07:30:04,"[14.98, 48]","[4.0, 70]","[156.92, 36]","[192.24, 25]",85.95,179,141.94,0.32
07:30:05,"[125.22, 18]","[37.07, 15]","[133.94, 17]","[144.0, 13]",129.58,63,8.72,0.05
07:30:06,"[128.26, 34]","[94.25, 8]","[130.64, 22]","[133.29, 14]",129.45,78,2.37,0.08
07:30:07,"[129.0, 2]","[128.0, 2]","[132.0, 10]","[134.0, 6]",130.5,20,3.0,-0.6
07:30:08,"[129.0, 6]","[128.0, 6]","[131.27, 11]","[132.25, 20]",130.14,43,2.27,-0.44
07:30:09,"[116.62, 26]","[27.68, 34]","[131.26, 23]","[132.59, 22]",123.94,105,14.65,0.14
07:30:10,"[114.0, 54]","[71.5, 6]","[132.0, 22]","[133.6, 20]",123.0,102,18.0,0.18
07:30:11,"[115.0, 36]","[104.5, 4]","[132.0, 4]","[133.0, 16]",123.5,60,17.0,0.33
07:30:12,"[116.0, 90]","[108.6, 10]","[132.0, 16]","[133.0, 40]",124.0,156,16.0,0.28
07:30:13,"[117.44, 81]","[110.0, 9]","[129.33, 27]","[132.67, 18]",123.39,135,11.89,0.33
07:30:14,"[118.38, 72]","[117.58, 36]","[131.28, 29]","[133.46, 26]",124.83,163,12.9,0.33
07:30:15,"[121.0, 90]","[119.0, 30]","[133.0, 45]","[134.0, 30]",127.0,195,12.0,0.23
07:30:16,"[123.2, 45]","[121.77, 39]","[132.25, 24]","[133.14, 21]",127.72,129,9.05,0.3
07:30:17,"[128.62, 85]","[125.66, 87]","[131.53, 19]","[132.31, 39]",130.07,230,2.9,0.5
07:30:18,"[130.35, 62]","[129.04, 54]","[132.69, 13]","[133.43, 21]",131.52,150,2.34,0.55
07:30:19,"[129.0, 50]","[121.8, 5]","[134.6, 20]","[136.41, 17]",131.8,92,5.6,0.2
07:30:20,"[129.0, 55]","[125.0, 7]","[136.33, 27]","[162.62, 13]",132.67,102,7.33,0.22
07:30:21,"[132.77, 43]","[130.52, 25]","[138.0, 27]","[212.41, 29]",135.38,124,5.23,0.1
07:30:22,"[136.54, 26]","[135.05, 38]","[383.63, 51]","[435.74, 34]",260.08,149,247.09,-0.14
07:30:23,"[137.0, 15]","[135.0, 66]","[171.06, 34]","[440.66, 59]",154.03,174,34.06,-0.07
07:30:24,"[138.06, 34]","[136.67, 46]","[169.92, 26]","[492.63, 57]",153.99,163,31.86,-0.02
07:30:25,"[138.77, 44]","[137.95, 42]","[167.75, 24]","[450.94, 48]",153.26,158,28.98,0.09
07:30:26,"[140.63, 46]","[140.65, 34]","[165.4, 20]","[335.16, 38]",153.02,138,24.77,0.16
07:30:27,"[142.18, 17]","[141.08, 76]","[163.23, 26]","[268.89, 27]",152.7,146,21.05,0.27
07:30:28,"[141.75, 16]","[140.63, 38]","[162.0, 16]","[169.0, 16]",151.88,86,20.25,0.26
07:30:29,"[141.0, 20]","[140.0, 52]","[149.75, 8]","[159.0, 8]",145.38,88,8.75,0.64
07:30:30,"[141.0, 27]","[140.0, 78]","[147.0, 12]","[150.0, 37]",144.0,154,6.0,0.36
07:30:31,"[141.0, 20]","[140.0, 130]","[145.7, 20]","[152.64, 50]",143.35,220,4.7,0.36
07:30:32,"[141.0, 24]","[140.0, 156]","[143.92, 26]","[152.57, 23]",142.46,229,2.92,0.57
07:30:33,"[140.04, 95]","[139.79, 33]","[142.0, 18]","[144.7, 20]",141.02,166,1.96,0.54
07:30:34,"[140.0, 65]","[139.0, 5]","[141.2, 10]","[145.0, 10]",140.6,90,1.2,0.56
07:30:35,"[140.0, 90]","[139.0, 10]","[141.0, 20]","[221.6, 47]",140.5,167,1.0,0.2
07:30:36,"[140.0, 37]","[139.0, 7]","[141.0, 14]","[148.0, 14]",140.5,72,1.0,0.22
07:30:37,"[138.86, 21]","[137.74, 19]","[309.16, 31]","[453.12, 24]",224.01,95,170.3,-0.16
07:30:38,"[137.0, 36]","[135.0, 54]","[311.12, 17]","[552.42, 19]",224.06,126,174.12,0.43
07:30:39,"[141.0, 20]","[137.58, 52]","[236.0, 27]","[373.36, 33]",188.5,132,95.0,0.09
07:30:40,"[139.33, 24]","[137.6, 40]","[372.2, 20]","[593.64, 14]",255.77,98,232.87,0.31
07:30:41,"[138.0, 40]","[137.0, 40]","[444.35, 20]","[524.65, 20]",291.18,120,306.35,0.33
07:30:42,"[138.0, 36]","[137.0, 36]","[331.0, 9]","[460.0, 27]",234.5,108,193.0,0.33
07:30:43,"[138.0, 28]","[137.0, 28]","[449.0, 7]","[477.62, 16]",293.5,79,311.0,0.42
07:30:44,"[138.0, 32]","[137.0, 32]","[395.28, 18]","[491.09, 22]",266.64,104,257.28,0.23
07:30:45,"[136.94, 35]","[134.98, 61]","[412.41, 34]","[581.32, 25]",274.68,155,275.47,0.24
07:30:46,"[139.59, 34]","[134.96, 53]","[187.73, 41]","[280.65, 23]",163.66,151,48.14,0.15
07:30:47,"[136.26, 38]","[134.56, 18]","[208.79, 14]","[287.24, 34]",172.52,104,72.52,0.08
07:30:48,"[134.9, 58]","[131.0, 13]","[147.8, 25]","[385.31, 29]",141.35,125,12.9,0.14
07:30:49,"[132.0, 16]","[98.09, 11]","[146.75, 24]","[412.44, 32]",139.38,83,14.75,-0.35
07:30:50,"[133.73, 37]","[132.79, 24]","[146.0, 33]","[407.67, 45]",139.86,139,12.27,-0.12
07:30:51,"[137.0, 49]","[134.98, 49]","[226.71, 42]","[407.71, 42]",181.86,182,89.71,0.08
07:30:52,"[139.93, 27]","[138.67, 15]","[348.67, 12]","[513.0, 24]",244.3,78,208.74,0.08
07:30:53,"[140.52, 25]","[139.0, 26]","[236.76, 25]","[349.44, 27]",188.64,103,96.24,-0.01
07:30:54,"[142.0, 29]","[140.69, 26]","[208.67, 27]","[458.11, 27]",175.33,109,66.67,0.01
07:30:55,"[142.33, 36]","[141.6, 40]","[172.09, 56]","[222.92, 24]",157.21,156,29.76,-0.03
07:30:56,"[143.0, 10]","[142.0, 20]","[172.8, 30]","[176.0, 30]",157.9,90,29.8,-0.33
07:30:57,"[143.0, 8]","[142.0, 16]","[170.88, 8]","[310.08, 12]",156.94,44,27.88,0.09
07:30:58,"[143.0, 10]","[142.0, 20]","[168.6, 10]","[549.47, 34]",155.8,74,25.6,-0.19
07:30:59,"[141.5, 16]","[141.67, 18]","[165.71, 42]","[408.11, 18]",153.61,94,24.21,-0.28
07:31:00,"[140.0, 25]","[139.0, 10]","[162.73, 26]","[164.2, 20]",151.37,81,22.73,-0.14
07:31:01,"[140.0, 10]","[139.0, 10]","[160.06, 48]","[161.04, 28]",150.03,96,20.06,-0.58
07:31:02,"[141.0, 78]","[140.0, 13]","[159.06, 33]","[159.62, 53]",150.03,177,18.06,0.03
07:31:03,"[141.78, 54]","[140.0, 9]","[154.05, 39]","[155.17, 35]",147.91,137,12.27,-0.08
07:31:04,"[143.0, 65]","[140.0, 13]","[152.74, 53]","[153.88, 64]",147.87,195,9.74,-0.2
07:31:05,"[143.0, 64]","[140.0, 16]","[149.24, 75]","[150.91, 69]",146.12,224,6.24,-0.29
07:31:06,"[142.94, 53]","[139.93, 14]","[146.05, 38]","[147.95, 61]",144.5,166,3.11,-0.19
07:31:07,"[137.82, 22]","[136.21, 43]","[143.58, 24]","[155.31, 36]",140.7,125,5.77,0.04
07:31:08,"[137.72, 54]","[136.04, 52]","[141.95, 22]","[152.88, 34]",139.84,162,4.23,0.31
07:31:09,"[138.61, 127]","[137.86, 49]","[141.53, 49]","[149.55, 33]",140.07,258,2.92,0.36
07:31:10,"[139.0, 130]","[138.0, 40]","[140.59, 34]","[171.36, 33]",139.79,237,1.59,0.43
07:31:11,"[139.57, 133]","[137.27, 41]","[143.97, 37]","[287.28, 18]",141.77,229,4.4,0.52
07:31:12,"[139.0, 90]","[138.0, 10]","[161.5, 10]","[213.77, 13]",150.25,123,22.5,0.63
07:31:13,"[139.45, 99]","[138.0, 11]","[160.0, 11]","[273.0, 22]",149.73,143,20.55,0.54
07:31:14,"[140.0, 63]","[138.0, 7]","[159.14, 7]","[352.0, 14]",149.57,91,19.14,0.54
07:31:15,"[141.96, 130]","[140.64, 92]","[157.64, 14]","[321.9, 20]",149.8,256,15.68,0.73
07:31:16,"[143.0, 59]","[141.0, 99]","[154.45, 11]","[259.4, 25]",148.73,194,11.45,0.63
07:31:17,"[143.0, 44]","[141.0, 99]","[152.57, 14]","[206.0, 21]",147.79,178,9.57,0.61
07:31:18,"[143.0, 26]","[141.0, 72]","[150.82, 11]","[151.46, 13]",146.91,122,7.82,0.61
07:31:19,"[141.15, 78]","[140.23, 115]","[147.55, 22]","[149.0, 11]",144.35,226,6.39,0.71
07:31:20,"[141.0, 112]","[140.0, 143]","[146.38, 26]","[149.0, 13]",143.69,294,5.38,0.73
07:31:21,"[141.0, 40]","[140.0, 110]","[145.24, 17]","[147.15, 13]",143.12,180,4.24,0.67
07:31:22,"[141.0, 42]","[140.0, 143]","[144.19, 21]","[211.71, 34]",142.6,240,3.19,0.54
07:31:23,"[141.0, 20]","[140.0, 110]","[142.1, 20]","[302.68, 25]",141.55,175,1.1,0.49
07:31:24,"[140.03, 136]","[139.38, 58]","[257.86, 37]","[306.65, 34]",198.95,265,117.84,0.46
07:31:25,"[140.15, 81]","[139.56, 48]","[230.3, 23]","[253.88, 26]",185.23,178,90.16,0.45
07:31:26,"[143.0, 18]","[142.0, 12]","[192.0, 12]","[226.0, 18]",167.5,60,49.0,0.0
07:31:27,"[143.0, 44]","[142.0, 36]","[222.92, 52]","[257.04, 27]",182.96,159,79.92,0.01
07:31:28,"[143.0, 18]","[142.0, 18]","[223.11, 27]","[322.0, 9]",183.06,72,80.11,0.0
07:31:29,"[141.12, 43]","[140.92, 25]","[223.0, 33]","[271.36, 14]",182.06,115,81.88,0.18
07:31:30,"[140.0, 108]","[139.0, 36]","[221.17, 36]","[227.85, 26]",180.58,206,81.17,0.4
07:31:31,"[140.16, 32]","[139.5, 18]","[220.0, 12]","[221.0, 12]",180.08,74,79.84,0.35
07:31:32,"[141.07, 74]","[139.96, 107]","[219.0, 42]","[221.0, 42]",180.03,265,77.93,0.37
07:31:33,"[142.0, 55]","[141.0, 146]","[217.27, 33]","[219.0, 33]",179.64,267,75.27,0.51
07:31:34,"[142.88, 40]","[141.0, 112]","[216.0, 24]","[218.0, 24]",179.44,200,73.12,0.52
07:31:35,"[143.0, 70]","[141.0, 196]","[213.68, 38]","[214.9, 40]",178.34,344,70.68,0.55
07:31:36,"[142.31, 105]","[140.91, 231]","[156.24, 49]","[161.57, 42]",149.28,427,13.93,0.57
07:31:37,"[141.0, 156]","[140.0, 91]","[147.11, 37]","[147.8, 41]",144.05,325,6.11,0.52
07:31:38,"[141.0, 138]","[140.0, 98]","[142.27, 51]","[143.53, 30]",141.64,317,1.27,0.49
07:31:39,"[140.49, 96]","[139.76, 67]","[142.26, 47]","[143.5, 36]",141.37,246,1.77,0.33
07:31:40,"[139.67, 66]","[137.92, 50]","[141.6, 40]","[142.4, 40]",140.63,196,1.93,0.18
07:31:41,"[139.36, 25]","[137.06, 53]","[141.89, 37]","[265.75, 40]",140.63,155,2.53,0.01
07:31:42,"[139.58, 43]","[136.85, 40]","[153.25, 36]","[278.85, 41]",146.42,160,13.67,0.04
07:31:43,"[137.0, 45]","[136.0, 80]","[180.64, 33]","[278.03, 37]",158.82,195,43.64,0.28
07:31:44,"[137.0, 24]","[136.0, 80]","[208.88, 16]","[336.8, 20]",172.94,140,71.88,0.49
07:31:45,"[137.0, 21]","[136.0, 70]","[207.43, 14]","[311.0, 28]",172.21,133,70.43,0.37
07:31:46,"[137.0, 30]","[136.0, 84]","[206.69, 26]","[330.24, 25]",171.85,165,69.69,0.38
07:31:47,"[136.04, 72]","[135.23, 35]","[206.0, 20]","[396.53, 36]",171.02,163,69.96,0.31
07:31:48,"[136.0, 108]","[135.0, 36]","[192.16, 31]","[325.2, 40]",164.08,215,56.16,0.34
07:31:49,"[136.0, 99]","[135.0, 33]","[176.61, 36]","[262.15, 26]",156.31,194,40.61,0.36
07:31:50,"[137.96, 100]","[135.77, 53]","[159.67, 48]","[164.0, 30]",148.81,231,21.71,0.32
07:31:51,"[143.0, 98]","[142.0, 28]","[157.8, 40]","[160.17, 48]",150.4,214,14.8,0.18
07:31:52,"[143.0, 98]","[142.0, 28]","[154.92, 50]","[156.0, 34]",148.96,210,11.92,0.2
07:31:53,"[143.0, 85]","[142.0, 28]","[150.43, 42]","[152.86, 42]",146.71,197,7.43,0.15
07:31:54,"[140.27, 44]","[140.24, 34]","[145.84, 38]","[146.85, 40]",143.06,156,5.57,0.0
07:31:55,"[137.0, 40]","[136.0, 20]","[141.86, 28]","[144.25, 32]",139.43,120,4.86,0.0
07:31:56,"[137.0, 40]","[136.0, 20]","[140.16, 38]","[141.64, 22]",138.58,120,3.16,0.0
07:31:57,"[136.86, 29]","[135.7, 20]","[138.44, 18]","[140.0, 36]",137.65,103,1.58,-0.05
07:31:58,"[131.62, 29]","[127.17, 23]","[139.35, 46]","[341.0, 40]",135.48,138,7.73,-0.25
07:31:59,"[131.0, 20]","[120.4, 50]","[137.4, 40]","[257.67, 36]",134.2,146,6.4,-0.04
07:32:00,"[131.95, 190]","[116.69, 45]","[221.57, 51]","[375.8, 64]",176.76,350,89.62,0.34
07:32:01,"[134.05, 194]","[132.93, 56]","[139.7, 61]","[196.26, 38]",136.88,349,5.66,0.43
07:32:02,"[135.96, 54]","[128.26, 38]","[146.13, 38]","[345.71, 28]",141.05,158,10.17,0.16
07:32:03,"[137.0, 180]","[135.05, 118]","[145.73, 15]","[147.3, 27]",141.37,340,8.73,0.75
07:32:04,"[138.41, 135]","[136.76, 68]","[143.08, 13]","[252.8, 25]",140.74,241,4.67,0.68
07:32:05,"[139.0, 76]","[137.0, 40]","[143.0, 8]","[229.73, 37]",141.0,161,4.0,0.44
07:32:06,"[139.0, 72]","[137.0, 60]","[141.44, 27]","[220.75, 40]",140.22,199,2.44,0.33
07:32:07,"[139.0, 56]","[137.0, 55]","[140.0, 44]","[233.22, 49]",139.5,204,1.0,0.09
07:32:08,"[139.0, 10]","[137.0, 50]","[207.0, 40]","[318.0, 45]",173.0,145,68.0,-0.17
07:32:09,"[137.36, 22]","[136.35, 49]","[205.42, 38]","[228.76, 34]",171.39,143,68.06,-0.01
07:32:10,"[136.45, 33]","[135.47, 85]","[209.39, 28]","[348.04, 27]",172.92,173,72.94,0.36
07:32:11,"[137.2, 30]","[135.23, 78]","[246.0, 7]","[555.79, 34]",191.6,149,108.8,0.45
07:32:12,"[142.0, 12]","[139.0, 30]","[246.0, 6]","[373.31, 26]",194.0,74,104.0,0.14
07:32:13,"[139.75, 16]","[136.96, 47]","[359.64, 22]","[440.52, 21]",249.69,106,219.89,0.19
07:32:14,"[136.79, 57]","[135.44, 81]","[373.8, 30]","[454.2, 30]",255.29,198,237.01,0.39
07:32:15,"[140.67, 12]","[137.6, 42]","[385.0, 9]","[425.44, 36]",262.83,99,244.33,0.09
07:32:16,"[139.63, 27]","[136.14, 51]","[443.48, 25]","[493.92, 25]",291.55,128,303.85,0.22
07:32:17,"[139.67, 48]","[135.48, 33]","[480.2, 20]","[786.0, 5]",309.93,106,340.53,0.53
07:32:18,"[141.0, 26]","[139.67, 48]","[577.0, 20]","[786.0, 5]",359.0,99,436.0,0.49
07:32:19,"[142.89, 27]","[140.0, 99]","[495.33, 36]","[786.0, 9]",319.11,171,352.44,0.47
07:32:20,"[141.8, 50]","[139.73, 118]","[174.79, 24]","[328.48, 29]",158.3,221,32.99,0.52
07:32:21,"[140.0, 60]","[136.0, 24]","[171.0, 18]","[272.56, 9]",155.5,111,31.0,0.51
07:32:22,"[140.0, 45]","[136.0, 24]","[171.0, 18]","[324.04, 27]",155.5,114,31.0,0.21
07:32:23,"[140.0, 75]","[136.0, 44]","[170.27, 33]","[238.27, 44]",155.14,196,30.27,0.21
07:32:24,"[140.3, 40]","[138.0, 48]","[168.3, 30]","[210.35, 31]",154.3,149,28.0,0.18
07:32:25,"[142.42, 31]","[139.72, 58]","[166.0, 30]","[255.0, 12]",154.21,131,23.58,0.36
07:32:26,"[143.0, 30]","[140.0, 60]","[166.0, 30]","[225.0, 16]",154.5,136,23.0,0.32
07:32:27,"[143.0, 42]","[140.0, 84]","[157.14, 50]","[190.4, 30]",150.07,206,14.14,0.22
07:32:28,"[140.47, 38]","[139.33, 36]","[146.0, 30]","[183.78, 18]",143.24,122,5.53,0.21
07:32:29,"[140.0, 36]","[139.0, 27]","[143.67, 27]","[226.0, 9]",141.83,99,3.67,0.27
07:32:30,"[140.0, 36]","[139.0, 27]","[226.0, 9]","[583.0, 18]",183.0,90,86.0,0.4
07:32:31,"[140.0, 40]","[139.0, 30]","[224.69, 16]","[448.88, 16]",182.34,102,84.69,0.37
07:32:32,"[140.74, 82]","[139.65, 51]","[220.32, 44]","[222.54, 35]",180.53,212,79.57,0.25
07:32:33,"[141.0, 49]","[140.0, 38]","[200.0, 23]","[201.0, 24]",170.5,134,59.0,0.3
07:32:34,"[141.11, 38]","[140.1, 40]","[198.14, 28]","[199.27, 22]",169.62,128,57.04,0.22
07:32:35,"[141.0, 56]","[140.0, 72]","[194.46, 35]","[195.5, 36]",167.73,199,53.46,0.29
07:32:36,"[141.81, 21]","[140.33, 30]","[181.76, 25]","[183.43, 14]",161.78,90,39.95,0.13
07:32:37,"[143.0, 14]","[142.0, 7]","[178.82, 11]","[180.76, 17]",160.91,49,35.82,-0.14
07:32:38,"[143.0, 20]","[142.0, 22]","[176.74, 23]","[177.92, 25]",159.87,90,33.74,-0.07
07:32:39,"[143.0, 22]","[142.0, 17]","[172.57, 30]","[173.96, 25]",157.78,94,29.57,-0.17
07:32:40,"[143.0, 22]","[142.0, 11]","[170.04, 27]","[169.97, 29]",156.52,89,27.04,-0.26
07:32:41,"[141.15, 72]","[140.42, 122]","[159.02, 57]","[159.49, 59]",150.09,310,17.86,0.25
07:32:42,"[140.64, 44]","[139.84, 38]","[153.71, 14]","[154.7, 10]",147.18,106,13.08,0.55
07:32:43,"[140.0, 80]","[139.0, 30]","[149.88, 16]","[151.64, 28]",144.94,154,9.88,0.43
07:32:44,"[140.3, 23]","[139.9, 62]","[146.35, 17]","[148.2, 10]",143.33,112,6.05,0.52
07:32:45,"[140.23, 31]","[139.82, 68]","[143.54, 35]","[145.04, 52]",141.88,186,3.32,0.06
07:32:46,"[139.61, 31]","[137.68, 57]","[248.27, 49]","[392.0, 46]",193.94,183,108.65,-0.04
07:32:47,"[139.84, 83]","[137.43, 21]","[276.76, 34]","[344.56, 43]",208.3,181,136.92,0.15
07:32:48,"[140.94, 152]","[138.22, 18]","[323.01, 86]","[390.77, 52]",231.98,308,182.07,0.1
07:32:49,"[141.25, 64]","[140.0, 8]","[448.0, 36]","[516.42, 33]",294.62,141,306.75,0.02
07:32:50,"[142.88, 68]","[140.0, 11]","[453.91, 22]","[700.31, 51]",298.4,152,311.03,0.04
07:32:51,"[143.0, 14]","[140.0, 6]","[249.55, 22]","[503.0, 14]",196.27,56,106.55,-0.29
07:32:52,"[143.0, 8]","[140.0, 8]","[250.47, 30]","[376.78, 18]",196.73,64,107.47,-0.5
07:32:53,"[143.0, 8]","[140.0, 8]","[220.33, 24]","[444.0, 24]",181.67,64,77.33,-0.5
07:32:54,"[137.71, 34]","[135.83, 24]","[381.52, 31]","[571.3, 33]",259.61,122,243.81,-0.05
07:32:55,"[137.0, 39]","[135.0, 36]","[143.82, 34]","[301.97, 35]",140.41,144,6.82,0.04
07:32:56,"[135.88, 32]","[131.0, 30]","[137.44, 27]","[160.12, 32]",136.66,121,1.57,0.02
07:32:57,"[135.8, 40]","[131.47, 38]","[137.75, 32]","[167.86, 42]",136.78,152,1.95,0.03
07:32:58,"[85.44, 43]","[45.91, 22]","[140.0, 40]","[317.5, 36]",112.72,141,54.56,-0.08
07:32:59,"[138.0, 84]","[137.0, 12]","[140.0, 48]","[438.82, 44]",139.0,188,2.0,0.02
07:33:00,"[138.0, 70]","[137.0, 10]","[140.0, 40]","[250.33, 27]",139.0,147,2.0,0.09
07:33:01,"[138.0, 60]","[137.0, 12]","[197.64, 44]","[247.48, 21]",167.82,137,59.64,0.05
07:33:02,"[138.31, 29]","[137.92, 49]","[213.75, 48]","[419.07, 41]",176.03,167,75.44,-0.07
07:33:03,"[142.64, 44]","[138.38, 26]","[150.0, 24]","[198.0, 32]",146.32,126,7.36,0.11
07:33:04,"[143.0, 131]","[141.8, 20]","[154.18, 33]","[187.18, 44]",148.59,228,11.18,0.32
07:33:05,"[143.0, 153]","[142.0, 27]","[170.74, 23]","[255.62, 16]",156.87,219,27.74,0.64
07:33:06,"[143.0, 114]","[142.0, 24]","[165.35, 17]","[248.79, 19]",154.18,174,22.35,0.59
07:33:07,"[143.0, 39]","[142.0, 13]","[199.29, 21]","[313.17, 24]",171.14,97,56.29,0.07
07:33:08,"[143.0, 32]","[142.0, 16]","[219.0, 32]","[350.1, 20]",181.0,100,76.0,-0.04
07:33:09,"[141.2, 10]","[140.5, 8]","[219.0, 16]","[385.0, 4]",180.1,38,77.8,-0.05
07:33:10,"[140.68, 22]","[139.59, 17]","[218.25, 32]","[306.86, 21]",179.47,92,77.57,-0.15
07:33:11,"[139.25, 8]","[137.62, 16]","[217.0, 12]","[256.0, 6]",178.12,42,77.75,0.14
07:33:12,"[138.0, 20]","[137.0, 88]","[217.0, 16]","[483.5, 12]",177.5,136,79.0,0.59
07:33:13,"[138.0, 18]","[137.0, 99]","[215.22, 18]","[275.12, 25]",176.61,160,77.22,0.46
07:33:14,"[138.0, 10]","[137.0, 55]","[214.08, 13]","[230.75, 8]",176.04,86,76.08,0.51
07:33:15,"[138.0, 26]","[137.0, 143]","[183.66, 29]","[183.21, 33]",160.83,231,45.66,0.46
07:33:16,"[137.17, 58]","[135.91, 121]","[157.08, 24]","[158.18, 17]",147.13,220,19.91,0.63
07:33:17,"[139.56, 123]","[137.4, 95]","[155.3, 20]","[156.05, 44]",147.43,282,15.74,0.55
07:33:18,"[140.0, 91]","[138.0, 65]","[151.73, 30]","[153.29, 28]",145.87,214,11.73,0.46
07:33:19,"[140.0, 70]","[138.0, 50]","[148.41, 22]","[149.2, 20]",144.2,162,8.41,0.48
07:33:20,"[140.0, 87]","[137.79, 76]","[142.74, 46]","[143.45, 44]",141.37,253,2.74,0.29
07:33:21,"[140.0, 38]","[137.24, 42]","[142.18, 22]","[143.04, 46]",141.09,148,2.18,0.08
07:33:22,"[140.0, 10]","[138.0, 10]","[141.7, 10]","[142.9, 31]",140.85,61,1.7,-0.34
07:33:23,"[139.0, 8]","[137.09, 44]","[141.0, 8]","[142.8, 20]",140.0,80,2.0,0.3
07:33:24,"[138.0, 9]","[137.0, 90]","[140.22, 9]","[143.0, 36]",139.11,144,2.22,0.38
07:33:25,"[137.01, 73]","[135.22, 91]","[138.57, 28]","[142.18, 22]",137.79,214,1.56,0.53
07:33:26,"[137.0, 60]","[135.0, 156]","[203.68, 19]","[383.43, 49]",170.34,284,66.68,0.52
07:33:27,"[137.0, 28]","[135.0, 98]","[290.29, 21]","[506.55, 22]",213.64,169,153.29,0.49
07:33:28,"[137.0, 44]","[135.0, 64]","[150.0, 33]","[429.34, 35]",143.5,176,13.0,0.23
07:33:29,"[137.0, 28]","[135.0, 42]","[218.09, 23]","[322.09, 22]",177.54,115,81.09,0.22
07:33:30,"[137.45, 33]","[135.17, 48]","[314.4, 30]","[632.08, 26]",225.93,137,176.95,0.18
07:33:31,"[140.0, 50]","[137.0, 40]","[351.19, 37]","[512.94, 32]",245.59,159,211.19,0.13
07:33:32,"[140.0, 31]","[139.0, 28]","[429.0, 21]","[459.0, 21]",284.5,101,289.0,0.17
07:33:33,"[140.75, 24]","[139.38, 32]","[429.0, 24]","[459.0, 24]",284.88,104,288.25,0.08
07:33:34,"[140.0, 71]","[139.0, 52]","[306.25, 32]","[394.53, 38]",223.12,193,166.25,0.27
07:33:35,"[140.0, 71]","[139.0, 44]","[211.0, 22]","[340.57, 37]",175.5,174,71.0,0.32
07:33:36,"[141.22, 18]","[140.0, 45]","[209.56, 18]","[357.44, 27]",175.39,108,68.33,0.17
07:33:37,"[142.43, 28]","[140.48, 66]","[207.38, 37]","[371.65, 43]",174.9,174,64.95,0.08
07:33:38,"[143.0, 10]","[142.0, 20]","[199.69, 13]","[205.63, 19]",171.35,62,56.69,-0.03
07:33:39,"[142.57, 28]","[141.36, 47]","[186.67, 27]","[192.3, 20]",164.62,122,44.1,0.23
07:33:40,"[142.0, 29]","[140.0, 85]","[145.71, 34]","[151.84, 49]",143.85,197,3.71,0.16
07:33:41,"[140.42, 19]","[139.62, 32]","[143.0, 8]","[146.0, 13]",141.71,72,2.58,0.42
07:33:42,"[139.43, 53]","[138.49, 53]","[141.08, 39]","[142.8, 15]",140.26,160,1.64,0.33
07:33:43,"[139.0, 64]","[136.0, 21]","[140.0, 28]","[238.92, 13]",139.5,126,1.0,0.35
07:33:44,"[139.0, 44]","[136.0, 36]","[140.0, 45]","[218.08, 13]",139.5,138,1.0,0.16
07:33:45,"[136.27, 26]","[135.11, 54]","[154.15, 26]","[217.5, 14]",145.21,120,17.88,0.33
07:33:46,"[140.0, 6]","[136.0, 18]","[213.2, 10]","[219.85, 20]",176.6,54,73.2,-0.11
07:33:47,"[140.0, 6]","[136.0, 18]","[211.5, 6]","[213.0, 12]",175.75,42,71.5,0.14
07:33:48,"[140.0, 11]","[136.0, 33]","[211.0, 11]","[213.0, 22]",175.5,77,71.0,0.14
07:33:49,"[142.7, 20]","[138.0, 12]","[209.0, 10]","[210.86, 14]",175.85,56,66.3,0.14
07:33:50,"[137.33, 27]","[135.15, 61]","[199.42, 38]","[204.15, 27]",168.38,153,62.09,0.15
07:33:51,"[141.12, 57]","[136.1, 41]","[187.79, 61]","[190.14, 14]",164.45,173,46.66,0.13
07:33:52,"[142.0, 80]","[141.0, 8]","[185.47, 17]","[186.88, 16]",163.74,121,43.47,0.45
07:33:53,"[142.0, 96]","[141.0, 12]","[181.88, 33]","[183.73, 15]",161.94,156,39.88,0.38
07:33:54,"[142.0, 60]","[141.0, 12]","[179.0, 51]","[179.93, 29]",160.5,152,37.0,-0.05
07:33:55,"[142.0, 40]","[141.0, 8]","[177.5, 40]","[179.0, 16]",159.75,104,35.5,-0.08
07:33:56,"[142.0, 45]","[141.0, 9]","[174.44, 45]","[179.0, 18]",158.22,117,32.44,-0.08
07:33:57,"[142.05, 42]","[141.56, 18]","[169.53, 43]","[173.97, 35]",155.79,138,27.49,-0.13
07:33:58,"[142.0, 50]","[141.0, 12]","[144.05, 38]","[160.49, 49]",143.03,149,2.05,-0.17
07:33:59,"[142.0, 21]","[141.0, 7]","[145.0, 28]","[172.0, 35]",143.5,91,3.0,-0.38
07:34:00,"[141.41, 41]","[139.7, 37]","[144.0, 45]","[154.88, 68]",142.71,191,2.59,-0.18
07:34:01,"[139.36, 44]","[138.39, 46]","[141.27, 15]","[147.8, 60]",140.32,165,1.9,0.09
07:34:02,"[140.56, 63]","[138.13, 30]","[143.21, 38]","[165.82, 45]",141.88,176,2.65,0.06
07:34:03,"[143.0, 130]","[142.0, 39]","[146.0, 52]","[174.0, 65]",144.5,286,3.0,0.18
07:34:04,"[143.0, 120]","[142.0, 36]","[146.0, 48]","[312.17, 60]",144.5,264,3.0,0.18
07:34:05,"[143.0, 90]","[142.0, 27]","[146.0, 36]","[403.16, 37]",144.5,190,3.0,0.23
07:34:06,"[143.0, 58]","[142.0, 27]","[145.62, 39]","[219.33, 18]",144.31,142,2.62,0.2
07:34:07,"[142.74, 46]","[141.45, 22]","[144.98, 46]","[194.64, 44]",143.86,158,2.24,-0.14
07:34:08,"[142.0, 21]","[139.0, 15]","[147.0, 60]","[220.73, 75]",144.5,171,5.0,-0.58
07:34:09,"[137.82, 28]","[137.07, 27]","[147.0, 44]","[262.07, 43]",142.41,142,9.18,-0.23
07:34:10,"[139.61, 23]","[136.78, 54]","[147.0, 48]","[383.0, 12]",143.3,137,7.39,0.12
07:34:11,"[137.0, 16]","[136.0, 49]","[147.0, 52]","[184.84, 49]",142.0,166,10.0,-0.22
07:34:12,"[137.0, 22]","[136.0, 33]","[147.0, 44]","[165.0, 55]",142.0,154,10.0,-0.29
07:34:13,"[139.14, 21]","[136.25, 24]","[146.86, 37]","[163.36, 44]",143.0,126,7.72,-0.29
07:34:14,"[140.0, 30]","[136.4, 30]","[145.33, 60]","[147.58, 48]",142.67,168,5.33,-0.29
07:34:15,"[137.0, 22]","[136.0, 33]","[145.0, 55]","[148.0, 44]",141.0,154,8.0,-0.29
07:34:16,"[139.12, 34]","[136.29, 21]","[143.12, 40]","[144.41, 39]",141.12,134,4.01,-0.18
07:34:17,"[140.0, 47]","[137.0, 18]","[143.0, 45]","[144.0, 45]",141.5,155,3.0,-0.16
07:34:18,"[140.0, 33]","[137.0, 22]","[143.0, 55]","[144.0, 55]",141.5,165,3.0,-0.33
07:34:19,"[139.25, 24]","[135.35, 69]","[141.15, 33]","[143.84, 37]",140.2,163,1.9,0.14
07:34:20,"[137.0, 36]","[135.42, 65]","[139.9, 50]","[141.0, 10]",138.45,161,2.9,0.25
07:34:21,"[136.46, 83]","[135.09, 250]","[139.0, 30]","[144.33, 24]",137.73,387,2.54,0.72
07:34:22,"[136.75, 72]","[135.44, 102]","[141.0, 8]","[145.0, 16]",138.88,198,4.25,0.76
07:34:23,"[138.7, 90]","[135.57, 111]","[144.0, 16]","[146.58, 38]",141.35,255,5.3,0.58
07:34:24,"[139.92, 112]","[138.58, 151]","[143.44, 54]","[145.49, 53]",141.68,370,3.52,0.42
07:34:25,"[140.08, 48]","[139.25, 96]","[141.83, 48]","[143.09, 46]",140.96,238,1.75,0.21
07:34:26,"[139.64, 25]","[138.24, 89]","[141.0, 28]","[145.0, 18]",140.32,160,1.36,0.42
07:34:27,"[139.18, 55]","[137.93, 70]","[143.0, 20]","[315.84, 19]",141.09,164,3.82,0.52
07:34:28,"[139.0, 90]","[135.16, 122]","[146.5, 20]","[184.31, 48]",142.75,280,7.5,0.51
07:34:29,"[139.0, 63]","[135.0, 182]","[145.0, 7]","[485.8, 25]",142.0,277,6.0,0.77
07:34:30,"[135.59, 61]","[134.33, 30]","[145.0, 3]","[709.0, 9]",140.3,103,9.41,0.77
07:34:31,"[135.44, 41]","[134.92, 132]","[145.0, 6]","[562.96, 24]",140.22,203,9.56,0.7
07:34:32,"[137.33, 24]","[136.22, 125]","[145.0, 12]","[343.36, 47]",141.17,208,7.67,0.43
07:34:33,"[139.0, 8]","[137.0, 51]","[145.0, 8]","[501.0, 32]",142.0,99,6.0,0.19
07:34:34,"[139.5, 8]","[137.04, 46]","[145.0, 8]","[550.74, 38]",142.25,100,5.5,0.08
07:34:35,"[143.0, 9]","[139.0, 9]","[145.0, 9]","[362.67, 45]",144.0,72,2.0,-0.5
07:34:36,"[141.55, 11]","[137.24, 59]","[144.69, 13]","[413.09, 47]",143.12,130,3.15,0.08
07:34:37,"[139.0, 7]","[137.0, 63]","[145.29, 7]","[383.63, 19]",142.14,96,6.29,0.46
07:34:38,"[137.47, 34]","[136.64, 113]","[144.92, 12]","[146.0, 12]",141.19,171,7.45,0.72
07:34:39,"[137.0, 36]","[136.0, 51]","[142.33, 6]","[143.33, 6]",139.67,99,5.33,0.76
07:34:40,"[137.0, 82]","[136.0, 120]","[141.53, 15]","[143.73, 15]",139.27,232,4.53,0.74
07:34:41,"[137.0, 40]","[136.0, 112]","[141.0, 14]","[143.0, 14]",139.0,180,4.0,0.69
07:34:42,"[136.46, 39]","[135.8, 90]","[143.0, 12]","[332.41, 49]",139.73,190,6.54,0.36
07:34:43,"[140.7, 115]","[135.16, 64]","[143.0, 12]","[343.33, 48]",141.85,239,2.3,0.5
07:34:44,"[142.0, 104]","[135.0, 88]","[143.0, 11]","[203.73, 44]",142.5,247,1.0,0.55
07:34:45,"[142.0, 80]","[136.18, 68]","[143.0, 10]","[335.6, 40]",142.5,198,1.0,0.49
07:34:46,"[142.0, 48]","[139.0, 45]","[143.0, 9]","[575.41, 34]",142.5,136,1.0,0.37
07:34:47,"[142.0, 40]","[139.0, 40]","[143.0, 8]","[315.75, 32]",142.5,120,1.0,0.33
07:34:48,"[142.0, 20]","[140.44, 36]","[143.0, 4]","[272.75, 16]",142.5,76,1.0,0.47
07:34:49,"[142.0, 45]","[141.0, 117]","[143.0, 9]","[297.89, 36]",142.5,207,1.0,0.57
07:34:50,"[141.13, 75]","[140.02, 51]","[143.0, 7]","[528.8, 40]",142.07,173,1.87,0.46
07:34:51,"[141.09, 86]","[140.27, 82]","[190.08, 13]","[246.4, 40]",165.58,221,48.98,0.52
07:34:52,"[141.32, 38]","[140.88, 166]","[145.0, 42]","[264.43, 56]",143.16,302,3.68,0.35
07:34:53,"[142.93, 46]","[141.19, 48]","[144.25, 36]","[149.62, 39]",143.59,169,1.32,0.11
07:34:54,"[142.02, 45]","[141.02, 198]","[143.86, 36]","[213.48, 54]",142.94,333,1.84,0.46
07:34:55,"[141.29, 73]","[140.75, 163]","[143.0, 30]","[295.25, 48]",142.14,314,1.71,0.5
07:34:56,"[141.0, 157]","[139.0, 70]","[142.4, 40]","[233.91, 44]",141.7,311,1.4,0.46
07:34:57,"[141.0, 35]","[139.0, 35]","[143.0, 14]","[313.0, 28]",142.0,112,2.0,0.25
07:34:58,"[141.0, 60]","[139.0, 60]","[143.0, 24]","[319.0, 48]",142.0,192,2.0,0.25
07:34:59,"[141.0, 21]","[139.0, 25]","[258.14, 14]","[417.8, 20]",199.57,80,117.14,0.15
07:35:00,"[141.0, 18]","[139.5, 30]","[345.0, 24]","[568.11, 9]",243.0,81,204.0,0.19
07:35:01,"[140.29, 42]","[139.4, 50]","[329.8, 40]","[561.18, 34]",235.04,166,189.51,0.11
07:35:02,"[140.0, 41]","[139.0, 50]","[310.8, 40]","[473.82, 34]",225.4,165,170.8,0.1
07:35:03,"[140.74, 19]","[139.65, 43]","[389.58, 19]","[505.06, 31]",265.16,112,248.84,0.11
07:35:04,"[139.86, 28]","[138.85, 52]","[329.73, 30]","[462.57, 35]",234.8,145,189.88,0.1
07:35:05,"[137.1, 62]","[134.04, 75]","[138.67, 30]","[266.93, 44]",137.88,211,1.57,0.3
07:35:06,"[135.0, 50]","[116.23, 52]","[137.0, 30]","[140.0, 10]",136.0,142,2.0,0.44
07:35:07,"[135.0, 50]","[133.0, 10]","[136.3, 30]","[436.0, 34]",135.65,124,1.3,-0.03
07:35:08,"[140.49, 70]","[135.21, 38]","[430.37, 41]","[535.92, 48]",285.43,197,289.88,0.1
07:35:09,"[142.0, 20]","[139.0, 10]","[421.0, 15]","[450.0, 20]",281.5,65,279.0,-0.08
07:35:10,"[136.67, 43]","[134.93, 27]","[457.83, 29]","[532.12, 33]",297.25,132,321.15,0.06
07:35:11,"[135.2, 59]","[133.62, 16]","[253.92, 24]","[496.0, 34]",194.56,133,118.71,0.13
07:35:12,"[136.74, 19]","[134.89, 19]","[207.31, 13]","[385.86, 14]",172.02,65,70.57,0.17
07:35:13,"[140.0, 36]","[136.0, 9]","[225.87, 15]","[361.33, 18]",182.93,78,85.87,0.15
07:35:14,"[140.03, 31]","[136.92, 13]","[142.0, 11]","[254.0, 22]",141.02,77,1.97,0.14
07:35:15,"[140.5, 12]","[139.6, 20]","[142.0, 8]","[313.62, 16]",141.25,56,1.5,0.14
07:35:16,"[135.0, 50]","[127.32, 38]","[141.57, 14]","[382.89, 18]",138.29,120,6.57,0.47
07:35:17,"[135.05, 58]","[128.38, 58]","[140.2, 40]","[220.41, 29]",137.63,185,5.15,0.25
07:35:18,"[135.92, 104]","[129.15, 52]","[139.29, 42]","[268.0, 28]",137.6,226,3.36,0.38
07:35:19,"[135.81, 74]","[128.3, 43]","[139.0, 21]","[298.76, 17]",137.41,155,3.19,0.51
07:35:20,"[135.0, 119]","[80.33, 72]","[213.51, 37]","[333.64, 36]",174.26,264,78.51,0.45
07:35:21,"[135.0, 70]","[82.59, 51]","[195.31, 13]","[213.0, 12]",165.15,146,60.31,0.66
07:35:22,"[135.0, 108]","[80.94, 68]","[195.0, 27]","[196.0, 18]",165.0,221,60.0,0.59
07:35:23,"[135.0, 85]","[92.0, 40]","[150.9, 30]","[237.46, 28]",142.95,183,15.9,0.37
07:35:24,"[135.0, 35]","[114.0, 15]","[139.0, 15]","[280.0, 13]",137.0,78,4.0,0.28
07:35:25,"[136.84, 76]","[127.78, 59]","[152.26, 19]","[394.83, 23]",144.55,177,15.42,0.53
07:35:26,"[142.0, 38]","[137.73, 77]","[284.18, 17]","[527.56, 18]",213.09,150,142.18,0.53
07:35:27,"[142.0, 20]","[141.0, 70]","[341.93, 15]","[435.89, 18]",241.97,123,199.93,0.46
07:35:28,"[142.0, 18]","[141.0, 63]","[349.89, 18]","[417.11, 18]",245.94,117,207.89,0.38
07:35:29,"[142.0, 8]","[141.0, 28]","[308.75, 8]","[425.44, 9]",225.38,53,166.75,0.36
07:35:30,"[142.78, 18]","[141.22, 18]","[351.75, 8]","[463.0, 12]",247.26,56,208.97,0.29
07:35:31,"[143.0, 70]","[142.0, 16]","[350.25, 16]","[459.32, 34]",246.62,136,207.25,0.26
07:35:32,"[143.0, 60]","[142.0, 12]","[345.82, 11]","[449.93, 27]",244.41,110,202.82,0.31
07:35:33,"[143.0, 108]","[142.0, 30]","[224.58, 31]","[298.18, 50]",183.79,219,81.58,0.26
07:35:34,"[143.0, 70]","[142.0, 20]","[182.33, 30]","[267.29, 35]",162.67,155,39.33,0.16
07:35:35,"[143.0, 84]","[142.0, 24]","[180.47, 38]","[181.71, 34]",161.74,180,37.47,0.2
07:35:36,"[143.0, 28]","[142.0, 28]","[179.71, 56]","[181.0, 28]",161.36,140,36.71,-0.2
07:35:37,"[142.29, 28]","[141.2, 87]","[176.08, 48]","[177.89, 36]",159.18,199,33.8,0.16
07:35:38,"[142.0, 20]","[141.0, 70]","[173.44, 36]","[175.33, 24]",157.72,150,31.44,0.2
07:35:39,"[141.25, 55]","[140.73, 67]","[168.48, 42]","[169.67, 36]",154.87,200,27.22,0.22
07:35:40,"[141.0, 60]","[140.0, 30]","[165.31, 26]","[166.27, 22]",153.15,138,24.31,0.3
07:35:41,"[141.0, 168]","[140.0, 39]","[160.31, 35]","[160.7, 40]",150.66,282,19.31,0.47
07:35:42,"[141.0, 83]","[140.0, 54]","[155.66, 64]","[156.58, 57]",148.33,258,14.66,0.06
07:35:43,"[141.0, 60]","[140.0, 45]","[147.36, 61]","[148.63, 63]",144.18,229,6.36,-0.08
07:35:44,"[140.9, 29]","[139.92, 26]","[142.81, 32]","[144.39, 36]",141.85,123,1.92,-0.11
07:35:45,"[139.39, 23]","[137.29, 41]","[143.37, 41]","[146.28, 29]",141.38,134,3.97,-0.04
07:35:46,"[138.42, 43]","[136.65, 79]","[140.34, 74]","[159.44, 41]",139.38,237,1.92,0.03
07:35:47,"[137.68, 31]","[135.47, 98]","[146.02, 49]","[235.06, 36]",141.85,214,8.34,0.21
07:35:48,"[135.11, 108]","[101.89, 160]","[161.93, 28]","[164.0, 56]",148.52,352,26.82,0.52
07:35:49,"[135.0, 80]","[131.0, 176]","[161.0, 32]","[194.07, 58]",148.0,346,26.0,0.48
07:35:50,"[135.0, 21]","[131.22, 111]","[160.38, 26]","[206.15, 40]",147.69,198,25.38,0.33
07:35:51,"[138.6, 40]","[133.67, 18]","[159.44, 18]","[267.33, 33]",149.02,109,20.84,0.06
07:35:52,"[139.0, 54]","[135.0, 9]","[155.0, 18]","[192.19, 21]",147.0,102,16.0,0.24
07:35:53,"[140.36, 33]","[138.64, 33]","[154.25, 16]","[183.49, 39]",147.31,121,13.89,0.09
07:35:54,"[142.04, 24]","[139.1, 62]","[152.82, 22]","[184.0, 44]",147.43,152,10.78,0.13
07:35:55,"[143.0, 8]","[142.0, 16]","[151.25, 16]","[237.67, 18]",147.12,58,8.25,-0.17
07:35:56,"[143.0, 14]","[142.0, 28]","[148.0, 30]","[257.16, 25]",145.5,97,5.0,-0.13
07:35:57,"[139.67, 36]","[138.03, 64]","[144.93, 30]","[146.0, 36]",142.3,166,5.27,0.2
07:35:58,"[140.0, 26]","[139.0, 60]","[143.08, 25]","[145.39, 36]",141.54,147,3.08,0.17
07:35:59,"[139.67, 54]","[137.32, 112]","[141.75, 48]","[193.5, 42]",140.71,256,2.08,0.3
07:36:00,"[141.75, 32]","[139.2, 20]","[143.75, 16]","[277.0, 24]",142.75,92,2.0,0.13
07:36:01,"[139.69, 52]","[138.47, 19]","[143.0, 11]","[374.38, 26]",141.35,108,3.31,0.31
07:36:02,"[139.0, 60]","[138.0, 24]","[142.33, 12]","[278.58, 31]",140.67,127,3.33,0.32
07:36:03,"[140.24, 34]","[138.81, 43]","[276.45, 31]","[432.95, 21]",208.34,129,136.22,0.19
07:36:04,"[143.0, 33]","[142.0, 22]","[303.91, 33]","[486.86, 28]",223.45,116,160.91,-0.05
07:36:05,"[142.0, 16]","[138.47, 19]","[340.0, 20]","[586.71, 28]",241.0,83,198.0,-0.16
07:36:06,"[142.0, 20]","[139.0, 30]","[361.2, 20]","[580.0, 40]",251.6,110,219.2,-0.09
07:36:07,"[142.0, 14]","[139.0, 21]","[486.29, 14]","[580.0, 28]",314.14,77,344.29,-0.09
07:36:08,"[140.76, 37]","[138.88, 24]","[380.0, 16]","[616.25, 32]",260.38,109,239.24,0.12
07:36:09,"[141.0, 68]","[139.0, 36]","[202.62, 13]","[356.65, 31]",171.81,148,61.62,0.41
07:36:10,"[141.0, 42]","[139.0, 36]","[148.17, 12]","[150.0, 24]",144.58,114,7.17,0.37
07:36:11,"[140.56, 18]","[138.64, 33]","[146.36, 11]","[150.0, 22]",143.46,84,5.81,0.21
07:36:12,"[139.0, 8]","[138.0, 24]","[144.88, 8]","[161.85, 26]",141.94,66,5.88,-0.03
07:36:13,"[139.0, 11]","[138.0, 24]","[142.88, 8]","[148.0, 32]",140.94,75,3.88,-0.07
07:36:14,"[138.73, 11]","[137.62, 39]","[141.55, 11]","[451.03, 29]",140.14,90,2.82,0.11
07:36:15,"[138.97, 33]","[137.62, 13]","[268.44, 9]","[584.0, 18]",203.71,73,129.47,0.26
07:36:16,"[139.42, 33]","[136.91, 11]","[310.12, 17]","[599.83, 23]",224.77,84,170.69,0.05
07:36:17,"[137.0, 9]","[135.0, 36]","[300.6, 20]","[479.2, 10]",218.8,75,163.6,0.2
07:36:18,"[125.5, 10]","[101.1, 40]","[228.25, 16]","[340.71, 14]",176.88,80,102.75,0.25
07:36:19,"[119.3, 10]","[97.64, 14]","[203.18, 22]","[218.83, 24]",161.24,70,83.88,-0.31
07:36:20,"[135.0, 58]","[105.0, 8]","[144.0, 12]","[201.8, 20]",139.5,98,9.0,0.35
07:36:21,"[135.13, 113]","[128.29, 51]","[141.62, 26]","[164.38, 13]",138.37,203,6.48,0.62
07:36:22,"[135.27, 30]","[133.8, 50]","[139.18, 22]","[147.09, 11]",137.22,113,3.92,0.42
07:36:23,"[135.65, 89]","[134.29, 157]","[138.4, 35]","[215.56, 41]",137.03,322,2.75,0.53
07:36:24,"[137.0, 120]","[135.0, 84]","[139.0, 12]","[365.58, 12]",138.0,228,2.0,0.79
07:36:25,"[135.44, 45]","[99.55, 22]","[139.0, 6]","[274.67, 6]",137.22,79,3.56,0.7
07:36:26,"[136.26, 19]","[129.97, 31]","[139.0, 5]","[297.14, 14]",137.63,69,2.74,0.45
07:36:27,"[135.97, 80]","[133.53, 53]","[260.91, 23]","[327.25, 32]",198.44,188,124.94,0.41
07:36:28,"[136.88, 85]","[135.14, 112]","[321.0, 44]","[450.21, 38]",228.94,279,184.12,0.41
07:36:29,"[143.0, 33]","[137.65, 46]","[321.0, 32]","[507.54, 26]",232.0,137,178.0,0.15
07:36:30,"[143.0, 8]","[141.14, 70]","[222.0, 32]","[323.88, 32]",182.5,142,79.0,0.1
07:36:31,"[143.0, 8]","[142.0, 88]","[253.88, 32]","[344.0, 32]",198.44,160,110.88,0.2
07:36:32,"[143.0, 8]","[142.0, 88]","[349.75, 32]","[499.88, 32]",246.38,160,206.75,0.2
07:36:33,"[143.0, 8]","[142.0, 88]","[329.0, 32]","[497.62, 32]",236.0,160,186.0,0.2
07:36:34,"[142.0, 81]","[141.0, 99]","[198.93, 29]","[347.89, 36]",170.47,245,56.93,0.47
07:36:35,"[142.0, 99]","[141.0, 121]","[226.56, 43]","[366.68, 37]",184.28,300,84.56,0.47
07:36:36,"[142.17, 71]","[141.35, 119]","[153.0, 52]","[188.69, 39]",147.58,281,10.83,0.35
07:36:37,"[143.0, 21]","[142.0, 42]","[153.0, 24]","[333.53, 19]",148.0,106,10.0,0.19
07:36:38,"[142.29, 17]","[141.51, 68]","[152.0, 32]","[278.43, 28]",147.15,145,9.71,0.17
07:36:39,"[142.0, 40]","[141.0, 110]","[151.38, 42]","[238.8, 40]",146.69,232,9.38,0.29
07:36:40,"[141.12, 137]","[139.33, 99]","[148.0, 70]","[149.77, 65]",144.56,371,6.88,0.27
07:36:41,"[141.0, 147]","[138.28, 80]","[144.44, 43]","[145.77, 62]",142.72,332,3.44,0.37
07:36:42,"[141.0, 17]","[140.0, 45]","[143.2, 20]","[167.11, 36]",142.1,118,2.2,0.05
07:36:43,"[140.23, 26]","[139.11, 54]","[142.25, 32]","[150.56, 36]",141.24,148,2.02,0.08
07:36:44,"[140.0, 32]","[138.0, 60]","[141.1, 40]","[176.4, 40]",140.55,172,1.1,0.07
07:36:45,"[138.43, 63]","[137.25, 168]","[188.37, 41]","[231.04, 51]",163.4,323,49.94,0.43
07:36:46,"[137.7, 63]","[137.01, 185]","[156.43, 28]","[257.39, 31]",147.06,307,18.73,0.62
07:36:47,"[137.0, 252]","[135.0, 60]","[163.67, 24]","[270.73, 30]",150.33,366,26.67,0.7
07:36:48,"[137.12, 172]","[136.32, 127]","[162.0, 24]","[224.0, 27]",149.56,350,24.88,0.71
07:36:49,"[142.95, 74]","[137.43, 92]","[161.5, 24]","[291.49, 45]",152.22,235,18.55,0.41
07:36:50,"[143.0, 80]","[142.0, 10]","[161.0, 20]","[196.25, 32]",152.0,142,18.0,0.27
07:36:51,"[143.0, 84]","[142.0, 12]","[161.0, 24]","[377.63, 38]",152.0,158,18.0,0.22
07:36:52,"[143.0, 24]","[142.0, 6]","[161.0, 12]","[236.0, 24]",152.0,66,18.0,-0.09
07:36:53,"[143.0, 69]","[142.0, 12]","[160.58, 24]","[161.58, 24]",151.79,129,17.58,0.26
07:36:54,"[143.0, 55]","[142.0, 10]","[159.9, 20]","[162.0, 20]",151.45,105,16.9,0.24
07:36:55,"[143.0, 38]","[142.0, 8]","[157.5, 16]","[290.0, 16]",150.25,78,14.5,0.18
07:36:56,"[143.0, 8]","[142.0, 6]","[156.5, 12]","[429.06, 17]",149.75,43,13.5,-0.35
07:36:57,"[137.0, 160]","[135.0, 28]","[155.19, 31]","[315.16, 19]",146.1,238,18.19,0.58
07:36:58,"[137.0, 291]","[135.0, 42]","[151.88, 80]","[154.64, 77]",144.44,490,14.88,0.36
07:36:59,"[137.0, 156]","[135.0, 36]","[144.68, 57]","[146.67, 30]",140.84,279,7.68,0.38
07:37:00,"[137.0, 156]","[135.0, 36]","[140.43, 23]","[142.3, 33]",138.72,248,3.43,0.55
07:37:01,"[137.47, 103]","[136.66, 94]","[140.78, 49]","[143.03, 59]",139.12,305,3.31,0.29
07:37:02,"[137.33, 63]","[136.67, 72]","[142.26, 34]","[552.74, 43]",139.8,212,4.93,0.27
07:37:03,"[139.0, 27]","[137.0, 102]","[140.78, 36]","[396.33, 27]",139.89,192,1.78,0.34
07:37:04,"[138.09, 22]","[136.27, 62]","[233.26, 39]","[357.79, 29]",185.67,152,95.17,0.11
07:37:05,"[136.64, 25]","[135.89, 81]","[296.22, 45]","[395.33, 27]",216.43,178,159.58,0.19
07:37:06,"[136.0, 72]","[135.0, 72]","[294.25, 8]","[296.0, 40]",215.12,192,158.25,0.5
07:37:07,"[136.0, 99]","[135.0, 99]","[267.69, 13]","[295.92, 51]",201.85,262,131.69,0.51
07:37:08,"[136.11, 54]","[135.27, 99]","[289.85, 39]","[290.8, 35]",212.98,227,153.74,0.35
07:37:09,"[136.0, 17]","[135.0, 108]","[282.92, 60]","[285.25, 40]",209.46,225,146.92,0.11
07:37:10,"[135.03, 91]","[117.1, 50]","[244.28, 46]","[273.23, 52]",189.66,239,109.25,0.18
07:37:11,"[135.0, 72]","[104.4, 30]","[211.38, 29]","[190.45, 29]",173.19,160,76.38,0.28
07:37:12,"[135.0, 76]","[94.25, 32]","[144.47, 15]","[145.22, 51]",139.73,174,9.47,0.24
07:37:13,"[135.0, 55]","[91.95, 42]","[142.12, 40]","[144.91, 54]",138.56,191,7.12,0.02
07:37:14,"[141.11, 37]","[135.38, 21]","[144.0, 40]","[376.62, 40]",142.55,138,2.89,-0.16
07:37:15,"[142.33, 36]","[136.75, 16]","[214.87, 39]","[477.53, 38]",178.6,129,72.54,-0.19
07:37:16,"[139.21, 48]","[137.45, 22]","[502.56, 36]","[524.33, 36]",320.88,142,363.35,-0.01
07:37:17,"[141.82, 113]","[139.91, 94]","[477.0, 26]","[581.48, 46]",309.41,279,335.18,0.48
07:37:18,"[142.0, 88]","[140.0, 80]","[356.19, 26]","[433.33, 21]",249.1,215,214.19,0.56
07:37:19,"[142.0, 91]","[140.0, 90]","[232.83, 36]","[314.19, 36]",187.42,253,90.83,0.43
07:37:20,"[142.0, 32]","[140.0, 80]","[333.97, 32]","[381.85, 34]",237.98,178,191.97,0.26
07:37:21,"[142.0, 39]","[140.0, 130]","[355.64, 39]","[370.8, 61]",248.82,269,213.64,0.26
07:37:22,"[142.0, 30]","[140.12, 68]","[268.0, 30]","[340.06, 34]",205.0,162,126.0,0.21
07:37:23,"[142.0, 30]","[141.0, 20]","[240.81, 26]","[297.86, 14]",191.4,90,98.81,0.11
07:37:24,"[142.0, 27]","[141.0, 18]","[221.93, 29]","[249.58, 31]",181.97,105,79.93,-0.14
07:37:25,"[142.33, 36]","[141.53, 34]","[217.22, 46]","[303.54, 52]",179.78,168,74.88,-0.17
07:37:26,"[143.0, 30]","[142.0, 45]","[213.44, 54]","[214.53, 51]",178.22,180,70.44,-0.17
07:37:27,"[142.0, 24]","[140.46, 78]","[211.3, 40]","[213.45, 44]",176.65,186,69.3,0.1
07:37:28,"[141.0, 24]","[140.0, 120]","[193.47, 43]","[206.67, 45]",167.23,232,52.47,0.24
07:37:29,"[140.55, 42]","[139.98, 122]","[182.64, 56]","[188.26, 53]",161.6,273,42.1,0.2
07:37:30,"[140.0, 72]","[139.0, 8]","[167.0, 32]","[169.0, 32]",153.5,144,27.0,0.11
07:37:31,"[140.09, 85]","[139.8, 45]","[164.88, 50]","[175.74, 46]",152.49,226,24.79,0.15
07:37:32,"[140.11, 76]","[139.82, 44]","[162.31, 39]","[163.2, 45]",151.21,204,22.2,0.18
07:37:33,"[140.0, 63]","[139.0, 11]","[160.64, 44]","[162.0, 33]",150.32,151,20.64,-0.02
07:37:34,"[140.0, 70]","[139.0, 14]","[158.32, 53]","[159.47, 45]",149.16,182,18.32,-0.08
07:37:35,"[140.0, 60]","[139.0, 12]","[155.53, 45]","[156.64, 39]",147.77,156,15.53,-0.08
07:37:36,"[140.0, 60]","[139.0, 16]","[151.39, 61]","[153.12, 51]",145.7,188,11.39,-0.19
07:37:37,"[140.0, 34]","[139.0, 14]","[145.12, 50]","[146.08, 52]",142.56,150,5.12,-0.36
07:37:38,"[139.5, 14]","[138.2, 35]","[141.31, 49]","[143.14, 49]",140.4,147,1.81,-0.33
07:37:39,"[137.67, 33]","[137.48, 46]","[140.0, 36]","[144.0, 48]",138.83,163,2.33,-0.03
07:37:40,"[138.76, 102]","[137.26, 70]","[141.06, 66]","[174.3, 80]",139.91,318,2.3,0.08
07:37:41,"[139.0, 52]","[137.0, 42]","[142.4, 40]","[239.64, 39]",140.7,173,3.4,0.09
07:37:42,"[139.0, 27]","[137.0, 27]","[140.56, 36]","[214.59, 29]",139.78,119,1.56,-0.09
07:37:43,"[139.95, 22]","[138.17, 36]","[168.62, 32]","[214.78, 36]",154.29,126,28.67,-0.08
07:37:44,"[142.0, 10]","[140.0, 50]","[243.48, 33]","[351.16, 32]",192.74,125,101.48,-0.04
07:37:45,"[142.0, 15]","[140.0, 75]","[222.18, 44]","[327.93, 43]",182.09,177,80.18,0.02
07:37:46,"[141.38, 13]","[139.94, 48]","[501.18, 17]","[589.0, 30]",321.28,108,359.79,0.13
07:37:47,"[140.0, 16]","[139.0, 21]","[402.33, 9]","[447.14, 21]",271.17,67,262.33,0.1
07:37:48,"[140.0, 5]","[137.4, 30]","[423.0, 15]","[547.2, 15]",281.5,65,283.0,0.08
07:37:49,"[140.0, 10]","[138.22, 59]","[484.93, 28]","[547.46, 28]",312.46,125,344.93,0.1
07:37:50,"[140.0, 13]","[139.0, 78]","[348.47, 19]","[487.54, 35]",244.24,145,208.47,0.26
07:37:51,"[140.0, 9]","[139.0, 54]","[185.65, 37]","[263.89, 27]",162.82,127,45.65,-0.01
07:37:52,"[140.38, 32]","[138.27, 52]","[182.25, 24]","[184.0, 60]",161.31,168,41.88,0.0
07:37:53,"[140.47, 64]","[137.71, 79]","[179.6, 35]","[183.08, 48]",160.03,226,39.13,0.27
07:37:54,"[141.78, 36]","[139.89, 36]","[144.13, 54]","[150.67, 61]",142.95,187,2.35,-0.23
07:37:55,"[138.22, 54]","[137.74, 54]","[142.39, 56]","[143.88, 64]",140.31,228,4.17,-0.05
07:37:56,"[137.07, 108]","[136.14, 35]","[140.36, 58]","[145.71, 42]",138.72,243,3.29,0.18
07:37:57,"[137.58, 72]","[136.79, 29]","[141.4, 40]","[275.4, 10]",139.49,151,3.82,0.34
07:37:58,"[138.0, 18]","[137.0, 39]","[140.33, 49]","[190.53, 34]",139.16,140,2.33,-0.19
07:37:59,"[137.05, 19]","[136.09, 33]","[139.11, 28]","[197.18, 17]",138.08,97,2.05,0.07
07:38:00,"[136.18, 11]","[135.29, 21]","[139.0, 9]","[270.8, 5]",137.59,46,2.82,0.39
07:38:01,"[136.91, 105]","[135.11, 80]","[139.73, 15]","[205.61, 57]",138.32,257,2.82,0.44
07:38:02,"[137.0, 51]","[135.0, 56]","[139.0, 14]","[140.0, 7]",138.0,128,2.0,0.67
07:38:03,"[138.35, 52]","[133.46, 70]","[294.76, 21]","[394.04, 24]",216.55,167,156.42,0.46
07:38:04,"[143.0, 32]","[136.33, 36]","[404.23, 26]","[489.29, 14]",273.62,108,261.23,0.26
07:38:05,"[143.0, 31]","[135.0, 40]","[439.57, 14]","[451.46, 26]",291.29,111,296.57,0.28
07:38:06,"[143.0, 30]","[137.84, 37]","[245.69, 13]","[396.03, 39]",194.35,119,102.69,0.13
07:38:07,"[143.0, 33]","[140.0, 33]","[390.3, 27]","[371.37, 35]",266.65,128,247.3,0.03
07:38:08,"[143.0, 18]","[140.0, 18]","[460.0, 30]","[532.0, 12]",301.5,78,317.0,-0.08
07:38:09,"[143.0, 24]","[140.38, 24]","[334.67, 36]","[507.56, 36]",238.83,120,191.67,-0.2
07:38:10,"[143.0, 35]","[140.0, 33]","[178.0, 44]","[458.33, 43]",160.5,155,35.0,-0.12
07:38:11,"[143.0, 14]","[140.0, 21]","[178.0, 28]","[436.0, 7]",160.5,70,35.0,0.0
07:38:12,"[143.0, 22]","[140.0, 33]","[245.22, 41]","[369.74, 23]",194.11,119,102.22,-0.08
07:38:13,"[143.0, 8]","[140.0, 12]","[336.75, 16]","[340.77, 13]",239.88,49,193.75,-0.18
07:38:14,"[141.0, 15]","[138.8, 30]","[245.81, 42]","[294.79, 33]",193.4,120,104.81,-0.25
07:38:15,"[139.0, 8]","[138.0, 40]","[167.14, 21]","[196.95, 21]",153.07,90,28.14,0.07
07:38:16,"[138.06, 64]","[137.19, 104]","[140.95, 55]","[142.0, 51]",139.5,274,2.88,0.23
07:38:17,"[138.0, 45]","[137.0, 63]","[139.89, 36]","[144.0, 27]",138.94,171,1.89,0.26
07:38:18,"[138.0, 55]","[137.0, 77]","[139.0, 38]","[143.36, 33]",138.5,203,1.0,0.3
07:38:19,"[138.62, 24]","[137.59, 34]","[142.67, 18]","[205.73, 11]",140.65,87,4.04,0.33
07:38:20,"[138.54, 26]","[137.57, 49]","[141.1, 20]","[143.0, 30]",139.82,125,2.56,0.2
07:38:21,"[138.0, 44]","[137.0, 77]","[141.75, 28]","[172.22, 23]",139.88,172,3.75,0.41
07:38:22,"[138.56, 18]","[137.59, 34]","[141.06, 17]","[156.6, 15]",139.81,84,2.5,0.24
07:38:23,"[139.23, 26]","[137.74, 53]","[141.86, 35]","[198.15, 13]",140.54,127,2.63,0.24
07:38:24,"[137.0, 91]","[135.0, 143]","[140.77, 39]","[147.03, 35]",138.88,308,3.77,0.52
07:38:25,"[137.0, 84]","[135.0, 132]","[138.29, 38]","[139.27, 56]",137.64,310,1.29,0.39
07:38:26,"[137.0, 47]","[135.0, 88]","[138.5, 30]","[140.06, 34]",137.75,199,1.5,0.36
07:38:27,"[135.19, 85]","[133.56, 78]","[141.12, 33]","[220.33, 15]",138.15,211,5.93,0.55
07:38:28,"[135.0, 90]","[126.53, 38]","[142.0, 40]","[328.3, 10]",138.5,178,7.0,0.44
07:38:29,"[135.0, 75]","[131.05, 21]","[141.76, 29]","[173.43, 21]",138.38,146,6.76,0.32
07:38:30,"[135.0, 60]","[133.0, 24]","[259.7, 20]","[225.55, 38]",197.35,142,124.7,0.18
07:38:31,"[138.79, 19]","[134.58, 19]","[357.0, 25]","[401.0, 15]",247.89,78,218.21,-0.03
07:38:32,"[143.0, 39]","[135.8, 50]","[357.0, 65]","[437.4, 25]",250.0,179,214.0,-0.01
07:38:33,"[143.0, 54]","[139.0, 30]","[208.91, 47]","[477.28, 43]",175.96,174,65.91,-0.03
07:38:34,"[143.0, 16]","[139.0, 16]","[201.43, 28]","[285.56, 16]",172.21,76,58.43,-0.16
07:38:35,"[143.0, 22]","[139.0, 76]","[199.62, 52]","[355.15, 39]",171.31,189,56.62,0.04
07:38:36,"[143.0, 10]","[139.0, 120]","[198.9, 40]","[350.91, 33]",170.95,203,55.9,0.28
07:38:37,"[143.0, 13]","[139.09, 132]","[198.0, 52]","[233.62, 52]",170.5,249,55.0,0.16
07:38:38,"[143.0, 7]","[140.0, 28]","[197.86, 28]","[206.0, 28]",170.43,91,54.86,-0.23
07:38:39,"[143.0, 11]","[141.54, 35]","[196.64, 44]","[398.32, 38]",169.82,128,53.64,-0.28
07:38:40,"[142.36, 14]","[140.91, 102]","[181.58, 57]","[415.52, 65]",161.97,238,39.22,-0.03
07:38:41,"[141.12, 72]","[140.94, 201]","[151.1, 41]","[161.38, 52]",146.11,366,9.97,0.49
07:38:42,"[140.9, 117]","[139.36, 56]","[142.84, 25]","[159.26, 31]",141.87,229,1.94,0.51
07:38:43,"[139.33, 144]","[138.0, 128]","[143.0, 60]","[149.58, 52]",141.17,384,3.67,0.42
07:38:44,"[140.9, 80]","[139.0, 120]","[143.0, 30]","[144.2, 30]",141.95,260,2.1,0.54
07:38:45,"[141.84, 170]","[139.88, 75]","[143.5, 36]","[226.51, 51]",142.67,332,1.66,0.48
07:38:46,"[142.0, 99]","[141.0, 27]","[144.0, 27]","[261.5, 40]",143.0,193,2.0,0.31
07:38:47,"[142.0, 121]","[141.0, 33]","[144.0, 33]","[412.4, 52]",143.0,239,2.0,0.29
07:38:48,"[142.0, 22]","[141.0, 6]","[144.0, 6]","[345.0, 10]",143.0,44,2.0,0.27
07:38:49,"[142.0, 66]","[141.0, 18]","[144.0, 18]","[325.5, 24]",143.0,126,2.0,0.33
07:38:50,"[142.0, 121]","[141.0, 33]","[143.94, 32]","[271.82, 45]",142.97,231,1.94,0.33
07:38:51,"[142.0, 132]","[141.0, 36]","[143.0, 24]","[144.0, 36]",142.5,228,1.0,0.47
07:38:52,"[142.0, 33]","[141.0, 18]","[143.75, 16]","[179.38, 26]",142.88,93,1.75,0.1
07:38:53,"[141.43, 47]","[140.45, 33]","[144.0, 42]","[285.91, 69]",142.71,191,2.57,-0.16
07:38:54,"[141.0, 24]","[140.0, 16]","[144.0, 24]","[517.0, 32]",142.5,96,3.0,-0.17
07:38:55,"[141.0, 30]","[140.0, 20]","[143.29, 42]","[251.79, 29]",142.14,121,2.29,-0.17
07:38:56,"[141.0, 24]","[140.0, 16]","[142.75, 40]","[144.0, 24]",141.88,104,1.75,-0.23
07:38:57,"[140.6, 20]","[139.33, 24]","[142.0, 60]","[144.0, 36]",141.3,140,1.4,-0.37
07:38:58,"[140.0, 11]","[139.0, 22]","[142.0, 55]","[185.11, 35]",141.0,123,2.0,-0.46
07:38:59,"[140.77, 57]","[138.1, 21]","[196.29, 70]","[314.54, 57]",168.53,205,55.51,-0.24
07:39:00,"[135.59, 17]","[134.24, 63]","[239.4, 30]","[362.83, 48]",187.49,158,103.81,0.01
07:39:01,"[134.02, 57]","[133.36, 22]","[145.0, 16]","[199.63, 38]",139.51,133,10.98,0.19
07:39:02,"[140.18, 34]","[134.16, 124]","[210.23, 43]","[261.21, 76]",175.2,277,70.06,0.14
07:39:03,"[135.0, 14]","[134.0, 70]","[269.67, 15]","[359.65, 17]",202.33,116,134.67,0.45
07:39:04,"[135.44, 18]","[134.26, 68]","[145.0, 13]","[436.44, 41]",140.22,140,9.56,0.23
07:39:05,"[137.0, 11]","[135.95, 84]","[145.0, 11]","[420.13, 30]",141.0,136,8.0,0.4
07:39:06,"[137.0, 5]","[136.0, 42]","[145.0, 5]","[335.0, 8]",141.0,60,8.0,0.57
07:39:07,"[137.92, 13]","[136.56, 114]","[143.54, 35]","[188.85, 13]",140.73,175,5.62,0.45
07:39:08,"[138.62, 13]","[137.0, 114]","[142.08, 39]","[145.0, 13]",140.35,179,3.46,0.42
07:39:09,"[139.0, 10]","[137.0, 100]","[141.6, 30]","[145.0, 10]",140.3,150,2.6,0.47
07:39:10,"[139.0, 13]","[137.0, 90]","[141.0, 39]","[146.54, 13]",140.0,155,2.0,0.33
07:39:11,"[139.0, 11]","[137.0, 22]","[140.0, 33]","[146.09, 11]",139.5,77,1.0,-0.14
07:39:12,"[136.43, 35]","[135.86, 42]","[143.0, 18]","[332.98, 40]",139.71,135,6.57,0.14
07:39:13,"[139.89, 54]","[137.38, 32]","[145.19, 16]","[256.64, 22]",142.54,124,5.3,0.39
07:39:14,"[143.0, 42]","[140.36, 66]","[144.29, 14]","[145.86, 14]",143.64,136,1.29,0.59
07:39:15,"[142.5, 24]","[140.56, 32]","[144.0, 8]","[145.0, 8]",143.25,72,1.5,0.56
07:39:16,"[141.0, 35]","[140.0, 84]","[142.25, 12]","[144.33, 12]",141.62,143,1.25,0.66
07:39:17,"[141.6, 20]","[140.1, 39]","[145.33, 9]","[338.82, 33]",143.47,101,3.73,0.17
07:39:18,"[142.79, 28]","[141.0, 12]","[146.43, 21]","[323.56, 48]",144.61,109,3.64,-0.27
07:39:19,"[141.92, 13]","[140.06, 52]","[146.0, 40]","[147.0, 10]",143.96,115,4.08,0.13
07:39:20,"[140.08, 53]","[138.57, 98]","[145.71, 35]","[145.8, 20]",142.89,206,5.64,0.47
07:39:21,"[140.0, 86]","[138.0, 140]","[142.78, 32]","[143.71, 35]",141.39,293,2.78,0.54
07:39:22,"[140.94, 124]","[137.95, 126]","[144.0, 15]","[459.6, 15]",142.47,280,3.06,0.79
07:39:23,"[142.0, 98]","[138.0, 90]","[146.78, 9]","[641.0, 9]",144.39,206,4.78,0.83
07:39:24,"[142.0, 80]","[138.0, 75]","[146.06, 34]","[306.75, 8]",144.03,197,4.06,0.57
07:39:25,"[142.0, 130]","[137.0, 147]","[145.09, 66]","[157.77, 13]",143.55,356,3.09,0.56
07:39:26,"[143.0, 30]","[142.0, 110]","[144.45, 55]","[147.0, 11]",143.73,206,1.45,0.36
07:39:27,"[143.0, 20]","[142.0, 100]","[144.0, 50]","[147.0, 10]",143.5,180,1.0,0.33
07:39:28,"[142.05, 74]","[140.35, 34]","[145.26, 19]","[159.22, 9]",143.66,136,3.21,0.59
07:39:29,"[142.0, 120]","[138.0, 24]","[144.95, 37]","[234.25, 12]",143.47,193,2.95,0.49
07:39:30,"[142.0, 62]","[138.0, 16]","[143.0, 24]","[383.75, 8]",142.5,110,1.0,0.42
07:39:31,"[141.9, 41]","[138.75, 16]","[166.36, 22]","[567.12, 8]",154.13,87,24.46,0.31
07:39:32,"[140.0, 12]","[138.0, 12]","[597.5, 6]","[665.83, 6]",368.75,36,457.5,0.33
07:39:33,"[140.0, 18]","[138.0, 24]","[218.64, 11]","[315.87, 15]",179.32,68,78.64,0.24
07:39:34,"[139.71, 21]","[137.86, 21]","[144.83, 12]","[147.0, 36]",142.27,90,5.12,-0.07
07:39:35,"[138.0, 13]","[137.0, 26]","[144.0, 13]","[147.0, 39]",141.0,91,6.0,-0.14
07:39:36,"[136.91, 11]","[135.2, 100]","[144.0, 11]","[147.0, 33]",140.45,155,7.09,0.43
07:39:37,"[136.98, 41]","[135.5, 30]","[143.0, 9]","[147.0, 27]",139.99,107,6.02,0.33
07:39:38,"[138.21, 33]","[136.78, 45]","[146.0, 24]","[231.0, 42]",142.11,144,7.79,0.08
07:39:39,"[142.74, 27]","[137.51, 39]","[144.83, 36]","[307.46, 35]",143.79,137,2.09,-0.04
07:39:40,"[143.0, 22]","[142.0, 6]","[144.27, 22]","[163.4, 20]",143.64,70,1.27,-0.2
07:39:41,"[142.93, 14]","[141.33, 15]","[144.88, 34]","[206.71, 28]",143.91,91,1.95,-0.36
07:39:42,"[136.45, 65]","[135.36, 123]","[141.8, 35]","[143.67, 33]",139.12,256,5.35,0.47
07:39:43,"[136.0, 70]","[135.0, 110]","[137.55, 11]","[139.05, 19]",136.77,210,1.55,0.71
07:39:44,"[135.38, 74]","[132.47, 91]","[136.91, 11]","[139.0, 22]",136.14,198,1.53,0.67
07:39:45,"[135.0, 136]","[107.0, 42]","[136.46, 13]","[139.24, 25]",135.73,216,1.46,0.65
07:39:46,"[135.0, 66]","[59.0, 6]","[138.5, 12]","[141.0, 18]",136.75,102,3.5,0.41
07:39:47,"[135.0, 77]","[131.65, 55]","[138.5, 12]","[206.74, 23]",136.75,167,3.5,0.58
07:39:48,"[135.0, 77]","[133.0, 63]","[141.0, 7]","[335.0, 28]",138.0,175,6.0,0.6
07:39:49,"[135.03, 68]","[133.34, 65]","[139.0, 7]","[301.29, 28]",137.01,168,3.97,0.58
07:39:50,"[135.52, 23]","[134.69, 86]","[138.5, 8]","[192.91, 23]",137.01,140,2.98,0.56
07:39:51,"[138.0, 8]","[135.17, 46]","[174.43, 14]","[206.75, 32]",156.21,100,36.43,0.08
07:39:52,"[142.0, 10]","[137.0, 10]","[373.1, 40]","[511.86, 37]",257.55,97,231.1,-0.59
07:39:53,"[137.25, 67]","[134.12, 51]","[254.41, 29]","[400.26, 38]",195.83,185,117.16,0.28
07:39:54,"[140.0, 99]","[137.21, 19]","[274.0, 10]","[286.96, 25]",207.0,153,134.0,0.54
07:39:55,"[140.0, 168]","[138.0, 8]","[323.31, 26]","[491.86, 14]",231.65,216,183.31,0.63
07:39:56,"[140.0, 200]","[138.0, 11]","[485.09, 11]","[744.0, 44]",312.55,266,345.09,0.59
07:39:57,"[140.0, 119]","[138.0, 7]","[598.29, 7]","[744.0, 28]",369.14,161,458.29,0.57
07:39:58,"[140.0, 200]","[138.0, 12]","[366.25, 12]","[630.5, 48]",253.12,272,226.25,0.56
07:39:59,"[140.4, 75]","[139.88, 48]","[174.5, 6]","[459.0, 24]",157.45,153,34.1,0.61
07:40:00,"[141.0, 57]","[140.0, 120]","[172.0, 8]","[599.38, 32]",156.5,217,31.0,0.63
07:40:01,"[141.0, 55]","[140.0, 165]","[171.47, 19]","[518.53, 38]",156.24,277,30.47,0.59
07:40:02,"[140.09, 57]","[139.9, 79]","[170.67, 45]","[172.0, 9]",155.38,190,30.58,0.43
07:40:03,"[140.0, 130]","[138.0, 10]","[168.9, 50]","[172.0, 10]",154.45,200,28.9,0.4
07:40:04,"[140.0, 117]","[138.0, 9]","[168.0, 45]","[177.33, 9]",154.0,180,28.0,0.4
07:40:05,"[140.0, 156]","[138.0, 12]","[167.25, 60]","[230.58, 52]",153.62,280,27.25,0.2
07:40:06,"[140.0, 124]","[138.0, 10]","[153.9, 50]","[171.8, 50]",146.95,234,13.9,0.15
07:40:07,"[140.73, 131]","[139.81, 97]","[146.59, 85]","[148.82, 85]",143.66,398,5.86,0.15
07:40:08,"[143.0, 48]","[140.0, 22]","[145.58, 60]","[146.58, 60]",144.29,190,2.58,-0.26
07:40:09,"[142.84, 38]","[139.0, 15]","[144.4, 50]","[151.83, 47]",143.62,150,1.56,-0.29
07:40:10,"[140.97, 31]","[138.11, 45]","[145.29, 21]","[152.92, 65]",143.13,162,4.32,-0.06
07:40:11,"[140.0, 12]","[138.0, 24]","[144.0, 6]","[146.0, 30]",142.0,72,4.0,0.0
07:40:12,"[138.73, 44]","[137.4, 81]","[141.9, 31]","[204.37, 54]",140.32,210,3.18,0.19
07:40:13,"[137.54, 13]","[136.01, 97]","[138.84, 44]","[145.93, 42]",138.19,196,1.3,0.12
07:40:14,"[135.26, 65]","[122.07, 116]","[137.69, 52]","[199.04, 46]",136.48,279,2.43,0.3
07:40:15,"[135.0, 73]","[121.96, 137]","[136.11, 27]","[187.18, 34]",135.56,271,1.11,0.55
07:40:16,"[135.0, 26]","[124.0, 128]","[136.0, 12]","[318.7, 20]",135.5,186,1.0,0.66
07:40:17,"[135.0, 30]","[112.85, 108]","[137.0, 27]","[207.36, 28]",136.0,193,2.0,0.43
07:40:18,"[81.0, 56]","[48.0, 80]","[138.75, 16]","[176.5, 16]",109.88,168,57.75,0.62
07:40:19,"[93.91, 46]","[63.8, 64]","[181.64, 33]","[265.41, 39]",137.77,182,87.72,0.21
07:40:20,"[137.34, 64]","[85.31, 26]","[199.61, 33]","[301.0, 47]",168.47,170,62.26,0.06
07:40:21,"[138.04, 102]","[136.0, 30]","[299.55, 44]","[312.83, 47]",218.79,223,161.51,0.18
07:40:22,"[137.79, 56]","[129.0, 16]","[306.11, 36]","[309.0, 36]",221.95,144,168.33,0.0
07:40:23,"[137.48, 23]","[127.12, 32]","[305.44, 36]","[327.89, 36]",221.46,127,167.97,-0.13
07:40:24,"[138.0, 27]","[135.0, 18]","[290.07, 30]","[324.79, 28]",214.03,103,152.07,-0.13
07:40:25,"[138.0, 42]","[135.0, 28]","[217.53, 34]","[250.21, 48]",177.76,152,79.53,-0.08
07:40:26,"[138.0, 27]","[135.0, 18]","[204.25, 24]","[205.2, 30]",171.12,99,66.25,-0.09
07:40:27,"[138.0, 39]","[131.43, 37]","[169.08, 26]","[204.26, 38]",153.54,140,31.08,0.09
07:40:28,"[138.0, 33]","[133.46, 39]","[190.13, 23]","[223.0, 32]",164.07,127,52.13,0.13
07:40:29,"[138.0, 42]","[135.0, 56]","[197.65, 20]","[198.1, 30]",167.82,148,59.65,0.32
07:40:30,"[138.57, 42]","[136.35, 40]","[192.65, 20]","[195.57, 28]",165.61,130,54.08,0.26
07:40:31,"[140.09, 69]","[138.71, 51]","[190.67, 21]","[191.87, 30]",165.38,171,50.58,0.4
07:40:32,"[142.0, 14]","[140.0, 84]","[187.5, 20]","[188.88, 16]",164.75,134,45.5,0.46
07:40:33,"[140.12, 52]","[138.27, 132]","[186.67, 21]","[187.33, 21]",163.39,226,46.55,0.63
07:40:34,"[140.0, 52]","[138.0, 48]","[185.8, 15]","[186.96, 25]",162.9,140,45.8,0.43
07:40:35,"[140.0, 44]","[138.82, 33]","[181.48, 23]","[183.47, 19]",160.74,119,41.48,0.29
07:40:36,"[140.0, 62]","[139.0, 39]","[177.17, 23]","[177.81, 31]",158.59,155,37.17,0.3
07:40:37,"[140.0, 51]","[139.0, 45]","[173.95, 44]","[174.82, 17]",156.98,157,33.95,0.22
07:40:38,"[140.0, 30]","[139.0, 30]","[171.61, 23]","[173.22, 18]",155.8,101,31.61,0.19
07:40:39,"[142.24, 71]","[139.65, 51]","[167.5, 22]","[169.09, 46]",154.87,190,25.26,0.28
07:40:40,"[139.91, 35]","[138.45, 60]","[147.15, 34]","[150.08, 38]",143.53,167,7.23,0.14
07:40:41,"[137.36, 56]","[135.87, 138]","[141.42, 24]","[143.21, 33]",139.39,251,4.06,0.55
07:40:42,"[137.0, 53]","[135.0, 130]","[138.5, 14]","[139.88, 24]",137.75,221,1.5,0.66
07:40:43,"[137.0, 21]","[135.0, 117]","[138.0, 27]","[139.0, 9]",137.5,174,1.0,0.59
07:40:44,"[135.82, 22]","[132.92, 111]","[161.48, 23]","[257.65, 40]",148.65,196,25.66,0.36
07:40:45,"[135.04, 81]","[120.69, 71]","[246.0, 45]","[459.67, 24]",190.52,221,110.96,0.38
07:40:46,"[138.18, 11]","[135.01, 92]","[246.0, 40]","[332.0, 16]",192.09,159,107.82,0.3
07:40:47,"[142.0, 48]","[136.0, 12]","[238.73, 33]","[365.38, 48]",190.36,141,96.73,-0.15
07:40:48,"[142.0, 20]","[136.0, 6]","[348.0, 24]","[503.0, 16]",245.0,66,206.0,-0.21
07:40:49,"[142.0, 18]","[136.67, 9]","[500.69, 39]","[580.93, 30]",321.35,96,358.69,-0.44
07:40:50,"[142.36, 25]","[140.4, 30]","[353.08, 52]","[494.21, 39]",247.72,146,210.72,-0.25
07:40:51,"[143.0, 24]","[142.0, 16]","[402.0, 40]","[495.25, 16]",272.5,96,259.0,-0.17
07:40:52,"[142.86, 21]","[140.4, 60]","[182.44, 45]","[346.97, 33]",162.65,159,39.59,0.02
07:40:53,"[140.06, 72]","[138.85, 52]","[155.0, 35]","[434.47, 17]",147.53,176,14.94,0.41
07:40:54,"[140.0, 126]","[137.0, 36]","[182.72, 36]","[464.93, 27]",161.36,225,42.72,0.44
07:40:55,"[140.0, 168]","[137.0, 48]","[181.88, 17]","[223.37, 57]",160.94,290,41.88,0.49
07:40:56,"[140.0, 98]","[137.0, 28]","[167.4, 25]","[169.45, 11]",153.7,162,27.4,0.56
07:40:57,"[140.0, 102]","[137.0, 32]","[166.87, 23]","[167.59, 17]",153.43,174,26.87,0.54
07:40:58,"[140.0, 101]","[137.0, 44]","[164.12, 32]","[166.7, 23]",152.06,200,24.12,0.45
07:40:59,"[140.04, 138]","[137.56, 59]","[161.2, 40]","[162.84, 25]",150.62,262,21.16,0.5
07:41:00,"[141.0, 78]","[140.0, 117]","[157.27, 33]","[158.0, 42]",149.14,270,16.27,0.44
07:41:01,"[140.53, 85]","[139.71, 102]","[148.32, 34]","[149.3, 43]",144.43,264,7.79,0.42
07:41:02,"[140.0, 71]","[139.0, 72]","[141.36, 50]","[142.32, 31]",140.68,224,1.36,0.28
07:41:03,"[138.5, 26]","[136.65, 68]","[140.12, 74]","[144.13, 47]",139.31,215,1.62,-0.13
07:41:04,"[135.24, 68]","[134.12, 34]","[138.6, 15]","[140.0, 21]",136.92,138,3.36,0.48
07:41:05,"[135.0, 72]","[132.0, 12]","[136.83, 18]","[138.0, 12]",135.92,114,1.83,0.47
07:41:06,"[135.0, 73]","[120.5, 24]","[138.03, 37]","[275.39, 36]",136.51,170,3.03,0.14
07:41:07,"[135.24, 34]","[130.5, 28]","[138.12, 40]","[564.51, 37]",136.68,139,2.89,-0.11
07:41:08,"[137.0, 8]","[133.0, 20]","[138.0, 20]","[457.25, 20]",137.5,68,1.0,-0.18
07:41:09,"[137.0, 22]","[133.0, 55]","[138.0, 55]","[262.04, 51]",137.5,183,1.0,-0.16
07:41:10,"[136.45, 22]","[133.98, 49]","[138.0, 55]","[195.65, 34]",137.23,160,1.55,-0.11
07:41:11,"[134.26, 27]","[124.86, 56]","[137.08, 60]","[140.83, 53]",135.67,196,2.82,-0.15
07:41:12,"[133.0, 55]","[66.67, 15]","[140.0, 39]","[194.73, 15]",136.5,124,7.0,0.13
07:41:13,"[133.0, 55]","[98.93, 15]","[139.47, 38]","[166.0, 21]",136.24,129,6.47,0.09
07:41:14,"[133.75, 24]","[130.65, 48]","[137.73, 55]","[139.35, 43]",135.74,170,3.98,-0.15
07:41:15,"[137.0, 56]","[135.0, 8]","[139.0, 32]","[140.0, 24]",138.0,120,2.0,0.07
07:41:16,"[137.0, 74]","[135.0, 10]","[139.0, 40]","[140.3, 30]",138.0,154,2.0,0.09
07:41:17,"[137.0, 72]","[135.0, 9]","[139.0, 36]","[141.0, 27]",138.0,144,2.0,0.12
07:41:18,"[136.94, 31]","[133.85, 13]","[138.0, 45]","[139.09, 35]",137.47,124,1.06,-0.29
07:41:19,"[136.2, 285]","[135.0, 15]","[137.88, 67]","[210.53, 49]",137.04,416,1.68,0.44
07:41:20,"[137.64, 74]","[137.55, 40]","[141.17, 36]","[309.19, 43]",139.4,193,3.53,0.18
07:41:21,"[141.0, 129]","[140.0, 22]","[142.0, 33]","[339.82, 44]",141.5,228,1.0,0.32
07:41:22,"[141.0, 220]","[140.0, 24]","[142.0, 36]","[223.1, 40]",141.5,320,1.0,0.53
07:41:23,"[141.0, 158]","[140.0, 22]","[142.0, 33]","[307.2, 50]",141.5,263,1.0,0.37
07:41:24,"[141.0, 104]","[140.0, 24]","[142.0, 36]","[536.65, 48]",141.5,212,1.0,0.21
07:41:25,"[141.0, 60]","[140.0, 18]","[142.0, 27]","[227.06, 17]",141.5,122,1.0,0.28
07:41:26,"[140.98, 60]","[139.7, 20]","[142.0, 39]","[230.5, 24]",141.49,143,1.02,0.12
07:41:27,"[133.14, 14]","[126.33, 6]","[139.6, 15]","[172.87, 15]",136.37,50,6.46,-0.2
07:41:28,"[132.75, 12]","[129.0, 12]","[136.0, 12]","[141.0, 18]",134.38,54,3.25,-0.11
07:41:29,"[135.11, 9]","[132.12, 25]","[139.75, 24]","[175.29, 21]",137.43,79,4.64,-0.14
07:41:30,"[136.0, 4]","[135.0, 4]","[141.0, 12]","[201.0, 8]",138.5,28,5.0,-0.43
07:41:31,"[136.56, 9]","[135.0, 9]","[140.0, 14]","[141.22, 27]",138.28,59,3.44,-0.39
07:41:32,"[137.0, 12]","[135.0, 12]","[139.1, 30]","[141.0, 18]",138.05,72,2.1,-0.33
07:41:33,"[135.45, 33]","[128.14, 22]","[137.64, 33]","[140.1, 31]",136.55,119,2.18,-0.08
07:41:34,"[136.0, 45]","[134.0, 18]","[137.0, 18]","[139.56, 27]",136.5,108,1.0,0.17
07:41:35,"[135.0, 10]","[115.67, 12]","[136.2, 10]","[139.4, 15]",135.6,47,1.2,-0.06
07:41:36,"[131.0, 24]","[108.67, 36]","[138.27, 45]","[148.22, 40]",134.63,145,7.27,-0.17
07:41:37,"[131.0, 18]","[108.67, 12]","[134.76, 21]","[137.67, 24]",132.88,75,3.76,-0.2
07:41:38,"[131.0, 22]","[101.73, 11]","[134.0, 44]","[136.0, 11]",132.5,88,3.0,-0.25
07:41:39,"[131.0, 16]","[111.0, 9]","[133.33, 33]","[135.45, 22]",132.17,80,2.33,-0.38
07:41:40,"[131.0, 7]","[108.26, 23]","[133.0, 28]","[136.0, 21]",132.0,79,2.0,-0.24
07:41:41,"[132.2, 30]","[131.0, 10]","[203.09, 33]","[252.62, 26]",167.65,99,70.89,-0.19
07:41:42,"[139.85, 39]","[139.84, 31]","[309.26, 35]","[442.0, 30]",224.55,135,169.41,0.04
07:41:43,"[143.0, 6]","[142.0, 18]","[198.0, 18]","[404.77, 13]",170.5,55,55.0,-0.13
07:41:44,"[142.25, 20]","[141.43, 35]","[173.7, 30]","[378.09, 22]",157.97,107,31.45,0.03
07:41:45,"[142.85, 41]","[141.72, 29]","[189.31, 26]","[432.37, 19]",166.08,115,46.45,0.22
07:41:46,"[143.0, 20]","[142.0, 12]","[409.0, 8]","[450.5, 12]",276.0,52,266.0,0.23
07:41:47,"[143.0, 36]","[142.0, 24]","[192.22, 23]","[410.06, 17]",167.61,100,49.22,0.2
07:41:48,"[143.0, 24]","[142.0, 24]","[169.78, 23]","[409.35, 17]",156.39,88,26.78,0.09
07:41:49,"[143.0, 30]","[142.0, 30]","[233.66, 29]","[384.59, 22]",188.33,111,90.66,0.08
07:41:50,"[142.61, 23]","[141.67, 27]","[227.09, 35]","[348.09, 22]",184.85,107,84.48,-0.07
07:41:51,"[142.0, 32]","[141.0, 36]","[227.0, 48]","[513.0, 24]",184.5,140,85.0,-0.03
07:41:52,"[142.0, 9]","[141.0, 27]","[225.89, 36]","[506.89, 18]",183.94,90,83.89,-0.2
07:41:53,"[142.89, 45]","[140.81, 32]","[224.42, 38]","[255.0, 41]",183.65,156,81.53,-0.01
07:41:54,"[143.0, 52]","[142.0, 13]","[199.78, 36]","[206.28, 36]",171.39,137,56.78,-0.05
07:41:55,"[143.0, 64]","[141.7, 20]","[168.19, 43]","[170.27, 37]",155.59,164,25.19,0.02
07:41:56,"[143.0, 52]","[142.0, 13]","[164.9, 42]","[166.05, 43]",153.95,150,21.9,-0.13
07:41:57,"[143.0, 44]","[142.0, 11]","[162.07, 29]","[163.38, 32]",152.53,116,19.07,-0.05
07:41:58,"[143.0, 24]","[142.0, 6]","[161.0, 24]","[162.0, 18]",152.0,72,18.0,-0.17
07:41:59,"[143.0, 52]","[142.0, 13]","[159.96, 50]","[161.8, 40]",151.48,155,16.96,-0.16
07:42:00,"[142.51, 37]","[140.3, 46]","[157.67, 36]","[158.43, 28]",150.09,147,15.15,0.13
07:42:01,"[141.0, 36]","[140.0, 156]","[155.36, 39]","[156.43, 42]",148.18,273,14.36,0.41
07:42:02,"[140.12, 100]","[139.87, 60]","[151.32, 31]","[152.42, 24]",145.72,215,11.2,0.49
07:42:03,"[140.14, 111]","[139.48, 21]","[148.57, 42]","[149.61, 33]",144.36,207,8.43,0.28
07:42:04,"[142.0, 52]","[140.0, 137]","[147.0, 26]","[148.0, 52]",144.5,267,5.0,0.42
07:42:05,"[140.59, 81]","[139.9, 73]","[144.03, 31]","[145.6, 40]",142.31,225,3.44,0.37
07:42:06,"[140.08, 52]","[139.75, 32]","[141.88, 32]","[179.12, 50]",140.98,166,1.8,0.01
07:42:07,"[140.0, 100]","[139.0, 17]","[142.0, 34]","[237.58, 84]",141.0,235,2.0,-0.0
07:42:08,"[140.0, 40]","[139.0, 8]","[142.0, 16]","[241.44, 32]",141.0,96,2.0,0.0
07:42:09,"[140.0, 50]","[139.0, 10]","[141.86, 21]","[194.06, 35]",140.93,116,1.86,0.03
07:42:10,"[140.0, 49]","[137.0, 156]","[141.0, 39]","[191.68, 44]",140.5,288,1.0,0.42
07:42:11,"[137.1, 87]","[136.63, 19]","[192.56, 32]","[258.68, 34]",164.83,172,55.46,0.23
07:42:12,"[137.4, 114]","[137.12, 82]","[190.52, 25]","[488.71, 41]",163.96,262,53.12,0.5
07:42:13,"[139.11, 55]","[137.67, 132]","[188.15, 13]","[244.94, 64]",163.63,264,49.04,0.42
07:42:14,"[139.0, 63]","[137.0, 108]","[171.52, 27]","[275.89, 18]",155.26,216,32.52,0.58
07:42:15,"[139.0, 91]","[137.0, 156]","[169.92, 13]","[324.08, 52]",154.46,312,30.92,0.58
07:42:16,"[139.03, 71]","[137.11, 127]","[169.0, 11]","[287.82, 40]",154.01,249,29.97,0.59
07:42:17,"[139.0, 84]","[137.0, 144]","[167.42, 12]","[246.0, 48]",153.21,288,28.42,0.58
07:42:18,"[139.0, 16]","[137.0, 156]","[165.54, 13]","[322.85, 52]",152.27,237,26.54,0.45
07:42:19,"[137.36, 45]","[136.95, 101]","[145.44, 25]","[204.5, 32]",141.4,203,8.08,0.44
07:42:20,"[137.24, 76]","[136.51, 88]","[141.92, 52]","[159.85, 20]",139.58,236,4.69,0.39
07:42:21,"[137.0, 56]","[135.53, 43]","[141.74, 23]","[256.54, 35]",139.37,157,4.74,0.26
07:42:22,"[137.0, 65]","[136.0, 13]","[141.04, 23]","[214.17, 23]",139.02,124,4.04,0.26
07:42:23,"[137.31, 58]","[136.65, 23]","[141.18, 33]","[202.0, 33]",139.25,147,3.87,0.1
07:42:24,"[138.0, 64]","[137.0, 60]","[141.0, 36]","[331.26, 35]",139.5,195,3.0,0.27
07:42:25,"[138.9, 48]","[137.0, 53]","[140.79, 38]","[195.14, 28]",139.84,167,1.89,0.21
07:42:26,"[137.07, 29]","[136.36, 11]","[140.36, 25]","[161.0, 21]",138.71,86,3.29,-0.07
07:42:27,"[137.0, 32]","[136.0, 8]","[140.0, 24]","[141.38, 24]",138.5,88,3.0,-0.09
07:42:28,"[137.0, 36]","[135.29, 21]","[139.22, 27]","[142.0, 27]",138.11,111,2.22,0.03
07:42:29,"[137.0, 30]","[135.0, 60]","[139.58, 36]","[147.14, 42]",138.29,168,2.58,0.07
07:42:30,"[135.8, 10]","[134.87, 23]","[141.0, 21]","[259.55, 31]",138.4,85,5.2,-0.22
07:42:31,"[135.0, 18]","[134.0, 9]","[141.0, 27]","[273.22, 45]",138.0,99,6.0,-0.45
07:42:32,"[99.12, 48]","[84.38, 21]","[138.54, 37]","[263.6, 40]",118.83,146,39.42,-0.05
07:42:33,"[110.56, 32]","[90.53, 43]","[132.59, 51]","[133.15, 41]",121.58,167,22.03,-0.1
07:42:34,"[123.95, 37]","[112.23, 30]","[132.0, 51]","[170.4, 43]",127.97,161,8.05,-0.17
07:42:35,"[97.73, 22]","[96.0, 11]","[131.43, 23]","[132.88, 17]",114.58,73,33.71,-0.1
07:42:36,"[98.4, 20]","[92.73, 11]","[125.34, 41]","[127.6, 20]",111.87,92,26.94,-0.33
07:42:37,"[99.0, 18]","[79.44, 18]","[224.04, 27]","[301.95, 44]",161.52,107,125.04,-0.33
07:42:38,"[107.0, 15]","[66.77, 26]","[326.62, 32]","[451.97, 33]",216.81,106,219.62,-0.23
07:42:39,"[134.14, 21]","[104.83, 18]","[393.23, 40]","[463.6, 52]",263.68,131,259.08,-0.4
07:42:40,"[121.71, 58]","[116.65, 62]","[155.53, 15]","[158.21, 67]",138.62,202,33.83,0.19
07:42:41,"[124.06, 128]","[122.6, 104]","[131.0, 14]","[132.0, 45]",127.53,291,6.94,0.59
07:42:42,"[126.87, 134]","[124.11, 178]","[131.83, 48]","[162.0, 44]",129.35,404,4.97,0.54
07:42:43,"[128.83, 24]","[127.0, 288]","[132.0, 60]","[404.19, 48]",130.42,420,3.17,0.49
07:42:44,"[130.11, 108]","[129.67, 129]","[132.9, 40]","[201.14, 35]",131.51,312,2.79,0.52
07:42:45,"[133.62, 32]","[110.62, 24]","[342.67, 30]","[431.2, 35]",238.15,121,209.04,-0.07
07:42:46,"[141.3, 20]","[140.07, 30]","[368.04, 25]","[517.85, 27]",254.67,102,226.74,-0.02
07:42:47,"[142.0, 12]","[141.0, 4]","[405.0, 5]","[493.8, 5]",273.5,26,263.0,0.23
07:42:48,"[142.0, 24]","[141.0, 12]","[419.25, 16]","[639.36, 22]",280.62,74,277.25,-0.03
07:42:49,"[142.2, 10]","[141.0, 18]","[427.88, 32]","[596.29, 31]",285.04,91,285.68,-0.38
07:42:50,"[143.0, 10]","[141.0, 20]","[292.11, 38]","[404.62, 32]",217.55,100,149.11,-0.4
07:42:51,"[140.43, 14]","[140.33, 6]","[292.29, 14]","[573.43, 14]",216.36,48,151.86,-0.17
07:42:52,"[140.0, 42]","[139.0, 7]","[282.85, 27]","[402.31, 32]",211.43,108,142.85,-0.09
07:42:53,"[140.0, 54]","[139.0, 9]","[535.22, 23]","[600.07, 43]",337.61,129,395.22,-0.02
07:42:54,"[140.0, 54]","[139.0, 9]","[426.24, 38]","[519.43, 30]",283.12,131,286.24,-0.04
07:42:55,"[140.47, 64]","[139.73, 33]","[409.0, 44]","[453.45, 55]",274.73,196,268.53,-0.01
07:42:56,"[141.0, 75]","[140.18, 33]","[274.64, 56]","[309.35, 57]",207.82,221,133.64,-0.02
07:42:57,"[143.0, 35]","[142.0, 28]","[207.22, 18]","[236.39, 23]",175.11,104,64.22,0.21
07:42:58,"[143.0, 51]","[142.0, 44]","[204.38, 50]","[205.47, 38]",173.69,183,61.38,0.04
07:42:59,"[142.57, 37]","[141.75, 32]","[200.39, 36]","[201.49, 39]",171.48,144,57.82,-0.04
07:43:00,"[142.0, 48]","[140.0, 12]","[196.45, 44]","[197.82, 50]",169.23,154,54.45,-0.22
07:43:01,"[142.0, 48]","[140.0, 16]","[185.04, 53]","[192.19, 47]",163.52,164,43.04,-0.22
07:43:02,"[141.38, 69]","[139.58, 48]","[156.49, 73]","[162.63, 71]",148.93,261,15.12,-0.1
07:43:03,"[139.98, 43]","[138.17, 24]","[151.88, 51]","[152.84, 56]",145.93,174,11.91,-0.23
07:43:04,"[140.25, 48]","[137.13, 124]","[147.22, 50]","[148.5, 54]",143.74,276,6.97,0.25
07:43:05,"[138.75, 134]","[135.96, 230]","[141.59, 56]","[143.31, 58]",140.17,478,2.84,0.52
07:43:06,"[137.0, 147]","[135.0, 375]","[139.58, 48]","[142.09, 47]",138.29,617,2.58,0.69
07:43:07,"[137.0, 55]","[135.02, 254]","[139.52, 29]","[141.62, 32]",138.26,370,2.52,0.67
07:43:08,"[137.0, 20]","[135.0, 175]","[138.21, 19]","[140.5, 16]",137.61,230,1.21,0.7
07:43:09,"[135.03, 117]","[133.33, 30]","[138.4, 15]","[183.0, 9]",136.72,171,3.37,0.72
07:43:10,"[135.1, 202]","[131.1, 60]","[195.57, 14]","[374.09, 34]",165.34,310,60.47,0.69
07:43:11,"[137.26, 46]","[135.48, 91]","[269.43, 23]","[396.18, 39]",203.35,199,132.17,0.38
07:43:12,"[139.0, 50]","[138.0, 46]","[215.14, 28]","[229.53, 30]",177.07,154,76.14,0.25
07:43:13,"[139.35, 115]","[138.57, 95]","[184.28, 61]","[199.19, 72]",161.81,343,44.93,0.22
07:43:14,"[142.36, 33]","[141.29, 82]","[185.0, 52]","[186.0, 65]",163.68,232,42.64,-0.01
07:43:15,"[143.0, 78]","[142.0, 48]","[182.05, 63]","[183.68, 63]",162.52,252,39.05,0.0
07:43:16,"[143.0, 84]","[142.0, 24]","[177.48, 58]","[178.52, 50]",160.24,216,34.48,0.0
07:43:17,"[143.0, 70]","[142.0, 20]","[173.2, 45]","[174.73, 48]",158.1,183,30.2,-0.02
07:43:18,"[143.0, 65]","[142.0, 30]","[171.0, 68]","[172.06, 71]",157.0,234,28.0,-0.19
07:43:19,"[143.0, 30]","[142.0, 20]","[167.11, 44]","[168.11, 47]",155.06,141,24.11,-0.29
07:43:20,"[143.0, 45]","[142.0, 30]","[161.69, 64]","[163.03, 66]",152.34,205,18.69,-0.27
07:43:21,"[143.0, 36]","[142.0, 24]","[155.56, 54]","[156.67, 55]",149.28,169,12.56,-0.29
07:43:22,"[143.0, 42]","[142.0, 28]","[150.14, 70]","[151.12, 68]",146.57,208,7.14,-0.33
07:43:23,"[143.0, 27]","[142.0, 18]","[148.0, 45]","[149.22, 45]",145.5,135,5.0,-0.33
07:43:24,"[142.55, 22]","[141.29, 28]","[145.74, 38]","[146.81, 43]",144.14,131,3.19,-0.24
07:43:25,"[141.11, 36]","[140.2, 40]","[143.67, 42]","[144.74, 47]",142.39,165,2.56,-0.08
07:43:26,"[140.2, 40]","[139.23, 39]","[142.11, 38]","[143.19, 31]",141.15,148,1.91,0.07
07:43:27,"[137.97, 30]","[136.0, 48]","[139.18, 17]","[140.63, 19]",138.57,114,1.21,0.37
07:43:28,"[135.0, 80]","[111.0, 11]","[137.11, 18]","[178.97, 29]",136.06,138,2.11,0.32
07:43:29,"[135.0, 40]","[100.13, 15]","[137.22, 18]","[247.38, 32]",136.11,105,2.22,0.05
07:43:30,"[135.42, 26]","[119.72, 18]","[200.09, 44]","[440.69, 45]",167.76,133,64.67,-0.34
07:43:31,"[138.36, 11]","[135.21, 33]","[449.89, 45]","[751.0, 36]",294.13,125,311.53,-0.3
07:43:32,"[135.0, 30]","[103.5, 6]","[536.17, 30]","[740.33, 24]",335.58,90,401.17,-0.2
07:43:33,"[135.0, 38]","[103.0, 11]","[494.11, 36]","[641.22, 36]",314.56,121,359.11,-0.19
07:43:34,"[132.22, 23]","[105.76, 21]","[420.5, 52]","[552.29, 45]",276.36,141,288.28,-0.38
07:43:35,"[128.64, 22]","[112.83, 12]","[436.9, 40]","[569.83, 48]",282.77,122,308.26,-0.44
07:43:36,"[111.0, 9]","[104.0, 9]","[271.61, 23]","[476.35, 31]",191.3,72,160.61,-0.5
07:43:37,"[106.33, 12]","[67.23, 13]","[236.9, 39]","[444.78, 36]",171.62,100,130.56,-0.5
07:43:38,"[91.0, 22]","[54.0, 11]","[125.0, 33]","[305.0, 28]",108.0,94,34.0,-0.3
07:43:39,"[108.09, 46]","[95.1, 20]","[224.38, 24]","[305.18, 38]",166.23,128,116.29,0.03
07:43:40,"[133.26, 19]","[112.27, 15]","[385.07, 30]","[759.18, 33]",259.16,97,251.8,-0.3
07:43:41,"[138.0, 14]","[108.2, 20]","[405.43, 28]","[578.69, 26]",271.71,88,267.43,-0.23
07:43:42,"[142.55, 22]","[134.87, 23]","[275.45, 44]","[418.18, 44]",209.0,133,132.91,-0.32
07:43:43,"[143.0, 22]","[138.36, 22]","[244.73, 44]","[321.09, 44]",193.86,132,101.73,-0.33
07:43:44,"[143.0, 10]","[140.0, 10]","[243.89, 18]","[335.6, 20]",193.44,58,100.89,-0.31
07:43:45,"[143.0, 26]","[140.0, 26]","[240.71, 42]","[242.0, 36]",191.86,130,97.71,-0.2
07:43:46,"[143.0, 14]","[140.0, 14]","[238.09, 22]","[238.72, 29]",190.55,79,95.09,-0.29
07:43:47,"[143.0, 18]","[140.0, 18]","[236.14, 28]","[237.31, 26]",189.57,90,93.14,-0.2
07:43:48,"[141.46, 26]","[137.14, 42]","[231.1, 48]","[232.44, 57]",186.28,173,89.64,-0.21
07:43:49,"[137.54, 37]","[133.61, 69]","[225.5, 52]","[229.38, 52]",181.52,210,87.96,0.01
07:43:50,"[135.8, 35]","[113.37, 60]","[192.0, 51]","[194.16, 38]",163.9,184,56.2,0.03
07:43:51,"[142.0, 14]","[141.0, 144]","[173.72, 58]","[178.25, 65]",157.86,281,31.72,0.12
07:43:52,"[141.22, 88]","[140.68, 65]","[146.53, 77]","[151.15, 73]",143.87,303,5.32,0.01
07:43:53,"[141.48, 29]","[140.9, 81]","[144.11, 45]","[146.0, 36]",142.8,191,2.63,0.15
07:43:54,"[141.0, 143]","[139.0, 26]","[143.31, 58]","[144.81, 59]",142.16,286,2.31,0.18
07:43:55,"[141.0, 60]","[139.0, 18]","[154.67, 36]","[228.42, 38]",147.83,152,13.67,0.03
07:43:56,"[141.0, 9]","[139.0, 18]","[258.11, 38]","[268.62, 26]",199.55,91,117.11,-0.41
07:43:57,"[141.0, 10]","[139.0, 20]","[208.5, 46]","[329.65, 23]",174.75,99,67.5,-0.39
07:43:58,"[141.0, 7]","[139.0, 14]","[182.03, 31]","[340.53, 17]",161.52,69,41.03,-0.39
07:43:59,"[141.0, 7]","[139.0, 14]","[179.36, 11]","[188.39, 31]",160.18,63,38.36,-0.33
07:44:00,"[142.03, 35]","[141.0, 13]","[181.0, 65]","[403.73, 22]",161.51,135,38.97,-0.29
07:44:01,"[143.0, 8]","[141.0, 8]","[180.12, 40]","[281.0, 32]",161.56,88,37.12,-0.64
07:44:02,"[143.0, 14]","[141.0, 14]","[178.93, 70]","[224.42, 38]",160.96,136,35.93,-0.59
07:44:03,"[143.0, 14]","[140.76, 17]","[175.29, 70]","[176.29, 70]",159.14,171,32.29,-0.64
07:44:04,"[141.0, 87]","[139.87, 30]","[173.77, 65]","[175.54, 65]",157.38,247,32.77,-0.05
07:44:05,"[141.0, 90]","[140.0, 20]","[169.68, 38]","[172.8, 50]",155.34,198,28.68,0.11
07:44:06,"[141.0, 126]","[140.0, 28]","[154.02, 58]","[168.5, 66]",147.51,278,13.02,0.11
07:44:07,"[141.0, 62]","[140.0, 28]","[151.07, 70]","[152.14, 70]",146.04,230,10.07,-0.22
07:44:08,"[141.26, 23]","[140.55, 22]","[147.5, 40]","[151.0, 40]",144.38,125,6.24,-0.28
07:44:09,"[143.0, 41]","[141.0, 60]","[146.33, 75]","[148.6, 75]",144.67,251,3.33,-0.2
07:44:10,"[142.61, 28]","[140.9, 42]","[144.82, 55]","[147.62, 39]",143.71,164,2.21,-0.15
07:44:11,"[140.0, 25]","[138.27, 44]","[142.84, 32]","[233.9, 21]",141.42,122,2.84,0.13
07:44:12,"[137.58, 12]","[136.12, 41]","[207.18, 17]","[342.1, 21]",172.38,91,69.59,0.16
07:44:13,"[137.0, 8]","[136.0, 28]","[301.0, 8]","[339.33, 15]",219.0,59,164.0,0.22
07:44:14,"[137.75, 12]","[136.1, 30]","[297.92, 12]","[305.92, 12]",217.83,66,160.17,0.27
07:44:15,"[140.0, 12]","[137.0, 12]","[227.67, 12]","[267.36, 14]",183.83,50,87.67,-0.04
07:44:16,"[139.4, 15]","[136.57, 21]","[194.57, 21]","[220.25, 24]",166.99,81,55.17,-0.11
07:44:17,"[137.0, 9]","[136.0, 27]","[192.44, 9]","[224.53, 15]",164.72,60,55.44,0.2
07:44:18,"[135.25, 110]","[121.86, 69]","[190.05, 20]","[229.15, 20]",162.65,219,54.8,0.63
07:44:19,"[137.34, 125]","[135.39, 125]","[186.33, 15]","[188.33, 15]",161.84,280,48.99,0.79
07:44:20,"[136.62, 26]","[135.0, 126]","[184.85, 13]","[209.77, 22]",160.73,187,48.23,0.63
07:44:21,"[137.0, 14]","[135.1, 31]","[171.27, 11]","[173.64, 11]",154.14,67,34.27,0.34
07:44:22,"[138.72, 36]","[136.55, 33]","[157.07, 27]","[158.74, 47]",147.9,143,18.35,-0.03
07:44:23,"[137.27, 60]","[136.01, 75]","[142.6, 15]","[144.0, 16]",139.93,166,5.33,0.63
07:44:24,"[136.24, 37]","[106.54, 113]","[138.29, 24]","[139.79, 14]",137.27,188,2.05,0.6
07:44:25,"[120.33, 30]","[96.06, 77]","[136.4, 10]","[162.3, 10]",128.37,127,16.07,0.69
07:44:26,"[127.47, 68]","[103.67, 63]","[280.08, 12]","[404.8, 15]",203.78,158,152.61,0.66
07:44:27,"[139.67, 45]","[124.67, 46]","[328.37, 19]","[526.64, 11]",234.02,121,188.7,0.5
07:44:28,"[142.0, 54]","[140.96, 141]","[308.76, 17]","[442.75, 12]",225.38,224,166.76,0.74
07:44:29,"[142.0, 60]","[141.0, 187]","[251.55, 11]","[382.13, 15]",196.77,273,109.55,0.81
07:44:30,"[142.0, 40]","[141.0, 136]","[217.25, 8]","[345.88, 8]",179.62,192,75.25,0.83
07:44:31,"[142.0, 40]","[141.0, 136]","[336.5, 8]","[496.05, 20]",239.25,204,194.5,0.73
07:44:32,"[142.0, 25]","[141.0, 85]","[302.88, 17]","[398.08, 12]",222.44,139,160.88,0.58
07:44:33,"[141.29, 120]","[140.83, 144]","[293.0, 42]","[294.05, 19]",217.15,325,151.71,0.62
07:44:34,"[141.0, 204]","[140.0, 60]","[276.11, 37]","[291.74, 27]",208.55,328,135.11,0.61
07:44:35,"[141.0, 170]","[140.0, 50]","[225.96, 46]","[288.43, 28]",183.48,294,84.96,0.5
07:44:36,"[141.0, 221]","[140.0, 65]","[177.18, 28]","[237.14, 22]",159.09,336,36.18,0.7
07:44:37,"[141.0, 197]","[140.0, 75]","[163.23, 22]","[164.07, 43]",152.11,337,22.23,0.61
07:44:38,"[141.0, 152]","[140.0, 84]","[158.81, 21]","[161.72, 39]",149.9,296,17.81,0.59
07:44:39,"[141.0, 90]","[140.0, 105]","[149.93, 30]","[155.93, 43]",145.47,268,8.93,0.46
07:44:40,"[141.0, 90]","[140.0, 105]","[146.22, 27]","[147.07, 42]",143.61,264,5.22,0.48
07:44:41,"[142.0, 132]","[141.0, 72]","[144.7, 20]","[145.5, 16]",143.35,240,2.7,0.7
07:44:42,"[142.01, 107]","[141.05, 82]","[144.21, 19]","[146.05, 38]",143.11,246,2.2,0.54
07:44:43,"[142.06, 51]","[141.14, 84]","[143.59, 39]","[145.86, 42]",142.82,216,1.53,0.25
07:44:44,"[141.0, 96]","[140.0, 90]","[143.94, 32]","[415.65, 20]",142.47,238,2.94,0.56
07:44:45,"[141.0, 50]","[140.0, 50]","[216.67, 18]","[294.83, 12]",178.83,130,75.67,0.54
07:44:46,"[140.47, 38]","[139.6, 50]","[291.33, 15]","[383.42, 19]",215.9,122,150.86,0.44
07:44:47,"[140.0, 47]","[139.0, 139]","[337.0, 22]","[503.0, 55]",238.5,263,197.0,0.41
07:44:48,"[139.17, 76]","[137.46, 127]","[316.79, 29]","[491.29, 41]",227.98,273,177.62,0.49
07:44:49,"[140.25, 72]","[139.0, 66]","[263.0, 60]","[423.0, 24]",201.62,222,122.75,0.24
07:44:50,"[141.0, 46]","[139.0, 66]","[432.86, 35]","[596.75, 12]",286.93,159,291.86,0.41
07:44:51,"[141.07, 29]","[139.32, 50]","[430.05, 37]","[481.63, 41]",285.56,157,288.99,0.01
07:44:52,"[141.0, 24]","[139.0, 48]","[417.43, 28]","[447.25, 32]",279.21,132,276.43,0.09
07:44:53,"[141.0, 42]","[139.0, 84]","[407.1, 50]","[428.85, 34]",274.05,210,266.1,0.2
07:44:54,"[140.47, 30]","[138.24, 74]","[415.13, 45]","[419.0, 42]",277.8,191,274.67,0.09
07:44:55,"[143.0, 9]","[139.0, 45]","[283.67, 36]","[339.88, 24]",213.33,114,140.67,-0.05
07:44:56,"[143.0, 9]","[139.0, 45]","[185.85, 41]","[235.12, 16]",164.43,111,42.85,-0.03
07:44:57,"[142.11, 9]","[138.27, 55]","[170.15, 40]","[170.97, 38]",156.13,142,28.04,-0.1
07:44:58,"[139.0, 13]","[137.0, 130]","[167.32, 62]","[168.55, 55]",153.16,260,28.32,0.1
07:44:59,"[137.56, 25]","[136.95, 74]","[166.33, 45]","[168.0, 36]",151.95,180,28.77,0.1
07:45:00,"[137.0, 63]","[136.0, 14]","[164.0, 35]","[168.0, 28]",150.5,140,27.0,0.1
07:45:01,"[138.2, 105]","[136.79, 68]","[161.73, 52]","[163.44, 55]",149.97,280,23.53,0.24
07:45:02,"[140.05, 63]","[137.55, 99]","[159.49, 55]","[160.36, 39]",149.77,256,19.44,0.27
07:45:03,"[140.0, 42]","[139.0, 14]","[157.0, 28]","[160.0, 35]",148.5,119,17.0,-0.06
07:45:04,"[140.0, 48]","[137.0, 72]","[154.53, 34]","[156.94, 36]",147.26,190,14.53,0.26
07:45:05,"[142.0, 48]","[140.0, 72]","[150.15, 27]","[155.74, 31]",146.07,178,8.15,0.35
07:45:06,"[140.23, 70]","[137.25, 108]","[142.72, 40]","[145.15, 26]",141.48,244,2.5,0.46
07:45:07,"[137.81, 73]","[136.72, 87]","[142.5, 20]","[292.12, 34]",140.15,214,4.69,0.5
07:45:08,"[137.0, 154]","[136.0, 66]","[145.53, 19]","[293.67, 27]",141.26,266,8.53,0.65
07:45:09,"[137.01, 109]","[135.53, 75]","[144.2, 20]","[345.0, 50]",140.6,254,7.19,0.45
07:45:10,"[137.14, 56]","[136.26, 76]","[143.12, 16]","[394.5, 40]",140.13,188,5.98,0.4
07:45:11,"[138.0, 30]","[137.0, 48]","[142.0, 30]","[406.45, 67]",140.0,175,4.0,-0.11
07:45:12,"[135.28, 109]","[133.34, 59]","[142.0, 28]","[310.17, 66]",138.64,262,6.72,0.28
07:45:13,"[135.69, 58]","[134.17, 60]","[167.48, 21]","[257.89, 45]",151.58,184,31.79,0.28
07:45:14,"[140.0, 22]","[136.39, 46]","[249.0, 55]","[360.18, 28]",194.5,151,109.0,-0.1
07:45:15,"[140.0, 16]","[139.0, 16]","[261.14, 28]","[296.84, 31]",200.57,91,121.14,-0.3
07:45:16,"[141.29, 28]","[139.55, 22]","[253.92, 49]","[312.91, 55]",197.6,154,112.63,-0.35
07:45:17,"[142.0, 24]","[140.0, 16]","[259.8, 25]","[447.7, 37]",200.9,102,117.8,-0.22
07:45:18,"[141.36, 22]","[139.42, 24]","[204.62, 39]","[514.22, 45]",172.99,130,63.25,-0.29
07:45:19,"[137.6, 20]","[136.5, 48]","[164.33, 48]","[263.19, 36]",150.97,152,26.73,-0.11
07:45:20,"[137.0, 22]","[136.0, 55]","[266.88, 34]","[331.4, 40]",201.94,151,129.88,0.02
07:45:21,"[137.0, 16]","[136.0, 40]","[232.91, 22]","[270.32, 31]",184.95,109,95.91,0.03
07:45:22,"[137.0, 26]","[136.0, 65]","[178.16, 62]","[214.2, 50]",157.58,203,41.16,-0.1
07:45:23,"[137.0, 24]","[136.0, 60]","[171.33, 60]","[234.32, 57]",154.17,201,34.33,-0.16
07:45:24,"[136.2, 30]","[135.29, 51]","[170.76, 17]","[175.67, 45]",153.48,143,34.56,0.13
07:45:25,"[136.0, 20]","[135.0, 30]","[169.0, 5]","[171.0, 25]",152.5,80,33.0,0.25
07:45:26,"[136.15, 33]","[135.32, 62]","[167.35, 34]","[168.06, 36]",151.75,165,31.2,0.15
07:45:27,"[137.0, 12]","[136.0, 64]","[166.0, 32]","[167.0, 8]",151.5,116,29.0,0.31
07:45:28,"[138.9, 10]","[137.0, 20]","[165.88, 41]","[166.69, 13]",152.39,84,26.98,-0.29
07:45:29,"[141.53, 60]","[137.67, 36]","[161.39, 46]","[162.25, 60]",151.46,202,19.86,-0.05
07:45:30,"[140.64, 14]","[137.0, 84]","[153.29, 42]","[153.9, 42]",146.96,182,12.64,0.08
07:45:31,"[138.33, 30]","[136.55, 103]","[149.98, 47]","[151.58, 24]",144.16,204,11.65,0.3
07:45:32,"[140.61, 88]","[136.8, 41]","[147.34, 53]","[147.77, 44]",143.98,226,6.73,0.14
07:45:33,"[141.28, 68]","[139.28, 18]","[144.2, 49]","[191.05, 83]",142.74,218,2.92,-0.21
07:45:34,"[140.0, 11]","[137.0, 43]","[143.55, 55]","[403.29, 17]",141.77,126,3.55,-0.14
07:45:35,"[140.0, 17]","[137.0, 81]","[141.88, 85]","[407.23, 43]",140.94,226,1.88,-0.13
07:45:36,"[137.26, 46]","[136.22, 46]","[163.62, 32]","[507.0, 14]",150.44,138,26.36,0.33
07:45:37,"[142.0, 40]","[137.53, 34]","[153.7, 40]","[225.0, 14]",147.85,128,11.7,0.16
07:45:38,"[140.0, 7]","[139.0, 35]","[153.0, 28]","[263.0, 9]",146.5,79,13.0,0.06
07:45:39,"[141.83, 18]","[139.08, 38]","[153.0, 40]","[271.83, 30]",147.42,126,11.17,-0.11
07:45:40,"[140.6, 35]","[137.18, 82]","[151.75, 48]","[312.71, 42]",146.18,207,11.15,0.13
07:45:41,"[137.46, 39]","[136.57, 42]","[150.21, 19]","[181.13, 23]",143.84,123,12.75,0.32
07:45:42,"[137.0, 90]","[135.0, 27]","[149.33, 27]","[151.0, 36]",143.17,180,12.33,0.3
07:45:43,"[137.0, 135]","[135.0, 28]","[147.87, 30]","[155.04, 45]",142.43,238,10.87,0.37
07:45:44,"[137.3, 112]","[135.86, 51]","[146.4, 10]","[148.0, 40]",141.85,213,9.1,0.53
07:45:45,"[142.0, 77]","[137.0, 66]","[144.36, 11]","[148.0, 44]",143.18,198,2.36,0.44
07:45:46,"[142.0, 71]","[137.8, 60]","[147.14, 29]","[169.23, 26]",144.57,186,5.14,0.41
07:45:47,"[142.0, 60]","[141.0, 40]","[147.4, 40]","[238.67, 15]",144.7,155,5.4,0.29
07:45:48,"[142.88, 50]","[141.94, 70]","[144.95, 41]","[146.3, 43]",143.92,204,2.07,0.18
07:45:49,"[142.21, 56]","[141.27, 66]","[144.19, 48]","[298.86, 29]",143.2,199,1.97,0.23
07:45:50,"[141.87, 30]","[140.76, 59]","[143.41, 41]","[236.07, 30]",142.64,160,1.55,0.11
07:45:51,"[141.0, 36]","[139.0, 63]","[238.43, 28]","[311.42, 24]",189.71,151,97.43,0.31
07:45:52,"[141.0, 60]","[139.0, 105]","[272.57, 46]","[365.1, 31]",206.78,242,131.57,0.36
07:45:53,"[140.23, 65]","[138.27, 132]","[273.05, 22]","[274.55, 44]",206.64,263,132.81,0.5
07:45:54,"[139.0, 44]","[137.57, 84]","[237.95, 21]","[261.71, 14]",188.48,163,98.95,0.57
07:45:55,"[139.0, 53]","[138.0, 102]","[205.74, 34]","[247.91, 23]",172.37,212,66.74,0.46
07:45:56,"[141.86, 91]","[137.46, 89]","[198.62, 29]","[234.31, 13]",170.24,222,56.76,0.62
07:45:57,"[143.0, 70]","[140.82, 51]","[226.0, 18]","[227.33, 18]",184.5,157,83.0,0.54
07:45:58,"[143.0, 80]","[140.08, 52]","[187.67, 18]","[203.36, 22]",165.33,172,44.67,0.53
07:45:59,"[143.0, 70]","[138.0, 35]","[175.83, 12]","[176.56, 9]",159.42,126,32.83,0.67
07:46:00,"[143.0, 110]","[139.57, 46]","[172.94, 16]","[175.48, 21]",157.97,193,29.94,0.62
07:46:01,"[143.0, 130]","[140.57, 28]","[168.45, 38]","[169.43, 53]",155.72,249,25.45,0.27
07:46:02,"[143.0, 70]","[142.0, 13]","[163.11, 27]","[165.42, 24]",153.06,134,20.11,0.24
07:46:03,"[143.0, 80]","[142.0, 16]","[159.04, 26]","[159.73, 33]",151.02,155,16.04,0.24
07:46:04,"[143.0, 49]","[142.0, 11]","[156.07, 14]","[157.74, 19]",149.54,93,13.07,0.29
07:46:05,"[143.0, 32]","[142.0, 16]","[150.48, 27]","[152.82, 33]",146.74,108,7.48,-0.11
07:46:06,"[143.0, 32]","[142.0, 16]","[147.71, 56]","[148.17, 42]",145.36,146,4.71,-0.34
07:46:07,"[140.63, 19]","[138.3, 53]","[143.37, 51]","[144.33, 24]",142.0,147,2.74,-0.02
07:46:08,"[138.0, 33]","[137.0, 144]","[141.6, 58]","[142.6, 20]",139.8,255,3.6,0.39
07:46:09,"[137.07, 55]","[135.85, 52]","[139.38, 24]","[141.54, 26]",138.22,157,2.3,0.36
07:46:10,"[137.0, 149]","[135.0, 81]","[139.43, 70]","[236.5, 14]",138.21,314,2.43,0.46
07:46:11,"[136.79, 56]","[134.97, 31]","[185.54, 26]","[522.33, 18]",161.16,131,48.75,0.33
07:46:12,"[137.0, 20]","[135.0, 60]","[533.2, 30]","[604.0, 36]",335.1,146,396.2,0.1
07:46:13,"[137.0, 12]","[135.0, 36]","[409.56, 18]","[485.89, 19]",273.28,85,272.56,0.13
07:46:14,"[137.0, 20]","[135.0, 60]","[144.95, 21]","[151.65, 34]",140.98,135,7.95,0.19
07:46:15,"[137.6, 30]","[135.59, 44]","[163.69, 26]","[248.7, 37]",150.65,137,26.09,0.08
07:46:16,"[137.73, 22]","[136.5, 24]","[321.77, 39]","[464.18, 44]",229.75,129,184.04,-0.29
07:46:17,"[136.57, 28]","[135.25, 24]","[301.16, 50]","[428.79, 42]",218.87,144,164.59,-0.28
07:46:18,"[135.35, 20]","[125.66, 32]","[242.35, 51]","[385.79, 43]",188.85,146,107.0,-0.29
07:46:19,"[111.92, 25]","[60.58, 19]","[127.0, 62]","[158.0, 33]",119.46,139,15.08,-0.37
07:46:20,"[100.22, 18]","[62.95, 19]","[127.0, 52]","[131.0, 30]",113.61,119,26.78,-0.38
07:46:21,"[99.67, 9]","[64.65, 23]","[127.0, 20]","[131.0, 27]",113.33,79,27.33,-0.19
07:46:22,"[101.7, 47]","[92.32, 56]","[127.0, 22]","[131.0, 33]",114.35,158,25.3,0.3
07:46:23,"[107.36, 14]","[103.06, 155]","[127.0, 22]","[131.0, 33]",117.18,224,19.64,0.51
07:46:24,"[109.29, 21]","[103.19, 160]","[257.5, 32]","[434.92, 39]",183.39,252,148.21,0.44
07:46:25,"[114.9, 138]","[113.75, 32]","[394.15, 40]","[506.62, 47]",254.52,257,279.25,0.32
07:46:26,"[138.98, 175]","[133.51, 55]","[156.36, 33]","[279.38, 40]",147.67,303,17.39,0.52
07:46:27,"[139.0, 134]","[138.0, 28]","[144.0, 21]","[468.03, 29]",141.5,212,5.0,0.53
07:46:28,"[139.0, 259]","[138.0, 44]","[142.51, 47]","[286.27, 37]",140.76,387,3.51,0.57
07:46:29,"[139.0, 293]","[138.0, 52]","[140.81, 43]","[157.04, 52]",139.91,440,1.81,0.57
07:46:30,"[139.0, 57]","[138.0, 52]","[174.07, 58]","[331.02, 47]",156.53,214,35.07,0.02
07:46:31,"[139.88, 42]","[138.13, 23]","[177.0, 24]","[246.0, 24]",158.44,113,37.12,0.15
07:46:32,"[138.11, 18]","[137.5, 32]","[283.88, 24]","[396.88, 24]",210.99,98,145.76,0.02
07:46:33,"[138.0, 36]","[137.0, 20]","[333.6, 15]","[377.0, 15]",235.8,86,195.6,0.3
07:46:34,"[139.7, 70]","[137.69, 52]","[274.53, 38]","[291.42, 38]",207.11,198,134.83,0.23
07:46:35,"[140.0, 75]","[138.0, 54]","[232.59, 37]","[250.81, 31]",186.3,197,92.59,0.31
07:46:36,"[140.89, 63]","[138.0, 54]","[236.94, 33]","[252.53, 32]",188.91,182,96.05,0.29
07:46:37,"[141.32, 62]","[139.48, 71]","[264.89, 47]","[265.81, 37]",203.11,217,123.57,0.23
07:46:38,"[142.0, 40]","[141.0, 70]","[260.47, 30]","[261.54, 26]",201.23,166,118.47,0.33
07:46:39,"[142.0, 56]","[141.0, 98]","[238.77, 39]","[246.4, 35]",190.38,228,96.77,0.35
07:46:40,"[141.41, 59]","[139.75, 72]","[196.94, 53]","[197.8, 25]",169.18,209,55.54,0.25
07:46:41,"[141.0, 119]","[138.0, 102]","[192.4, 52]","[194.25, 48]",166.7,321,51.4,0.38
07:46:42,"[141.0, 56]","[138.0, 72]","[187.45, 33]","[189.13, 47]",164.23,208,46.45,0.23
07:46:43,"[138.42, 48]","[136.85, 104]","[182.76, 34]","[183.82, 65]",160.59,251,44.35,0.21
07:46:44,"[137.95, 42]","[136.14, 91]","[179.64, 44]","[182.49, 47]",158.79,224,41.68,0.19
07:46:45,"[137.97, 29]","[136.07, 124]","[173.03, 61]","[176.14, 43]",155.5,257,35.07,0.19
07:46:46,"[140.58, 12]","[138.91, 11]","[168.2, 25]","[169.92, 52]",154.39,100,27.62,-0.54
07:46:47,"[136.85, 74]","[135.45, 100]","[164.98, 51]","[165.58, 55]",150.92,280,28.13,0.24
07:46:48,"[136.0, 195]","[135.0, 278]","[161.08, 39]","[163.31, 51]",148.54,563,25.08,0.68
07:46:49,"[136.0, 195]","[135.0, 285]","[154.53, 53]","[156.78, 41]",145.26,574,18.53,0.67
07:46:50,"[135.28, 185]","[123.02, 111]","[149.31, 35]","[150.44, 45]",142.3,376,14.03,0.57
07:46:51,"[135.6, 110]","[128.32, 92]","[143.46, 48]","[144.73, 45]",139.53,295,7.86,0.37
07:46:52,"[137.0, 255]","[135.0, 52]","[139.04, 47]","[140.15, 41]",138.02,395,2.04,0.55
07:46:53,"[137.0, 162]","[135.0, 45]","[138.79, 19]","[232.62, 21]",137.89,247,1.79,0.68
07:46:54,"[137.0, 129]","[135.0, 36]","[360.79, 34]","[443.75, 20]",248.9,219,223.79,0.51
07:46:55,"[137.0, 75]","[135.0, 20]","[265.24, 17]","[442.22, 9]",201.12,121,128.24,0.57
07:46:56,"[138.0, 15]","[137.0, 75]","[191.2, 15]","[227.57, 14]",164.6,119,53.2,0.51
07:46:57,"[138.38, 21]","[137.11, 113]","[189.56, 43]","[191.09, 33]",163.97,210,51.18,0.28
07:46:58,"[140.0, 10]","[139.0, 20]","[188.87, 46]","[189.71, 34]",164.43,110,48.87,-0.45
07:46:59,"[140.0, 11]","[139.0, 34]","[186.67, 45]","[187.42, 43]",163.33,133,46.67,-0.32
07:47:00,"[140.95, 21]","[139.71, 14]","[184.43, 37]","[185.73, 51]",162.69,123,43.48,-0.43
07:47:01,"[139.31, 13]","[137.02, 170]","[180.65, 48]","[181.75, 48]",159.98,279,41.34,0.31
07:47:02,"[139.0, 11]","[137.0, 165]","[177.68, 47]","[178.51, 41]",158.34,264,38.68,0.33
07:47:03,"[137.36, 33]","[136.88, 133]","[174.92, 49]","[177.18, 55]",156.14,270,37.55,0.23
07:47:04,"[137.21, 38]","[136.76, 100]","[163.2, 46]","[167.09, 46]",150.2,230,25.99,0.2
07:47:05,"[137.04, 129]","[135.52, 54]","[160.47, 51]","[162.19, 37]",148.75,271,23.43,0.35
07:47:06,"[142.0, 6]","[137.0, 84]","[158.17, 18]","[160.0, 30]",150.08,138,16.17,0.3
07:47:07,"[142.0, 6]","[137.0, 84]","[156.67, 18]","[160.0, 30]",149.33,138,14.67,0.3
07:47:08,"[142.0, 6]","[137.0, 84]","[149.0, 18]","[155.09, 22]",145.5,130,7.0,0.38
07:47:09,"[142.0, 11]","[137.98, 55]","[144.22, 37]","[145.64, 33]",143.11,136,2.22,-0.03
07:47:10,"[137.19, 104]","[136.12, 100]","[142.62, 40]","[143.38, 40]",139.91,284,5.43,0.44
07:47:11,"[138.42, 60]","[137.19, 156]","[142.0, 36]","[143.0, 60]",140.21,312,3.58,0.38
07:47:12,"[138.04, 135]","[137.15, 68]","[142.89, 54]","[340.85, 54]",140.46,311,4.85,0.31
07:47:13,"[138.0, 50]","[137.0, 25]","[141.2, 20]","[464.43, 14]",139.6,109,3.2,0.38
07:47:14,"[138.0, 74]","[137.0, 40]","[140.0, 24]","[270.44, 25]",139.0,163,2.0,0.4
07:47:15,"[138.0, 30]","[137.0, 30]","[140.0, 12]","[428.0, 18]",139.0,90,2.0,0.33
07:47:16,"[137.43, 35]","[135.97, 31]","[211.33, 21]","[286.46, 26]",174.38,113,73.9,0.17
07:47:17,"[137.0, 35]","[135.0, 28]","[233.2, 25]","[333.2, 20]",185.1,108,96.2,0.17
07:47:18,"[138.76, 76]","[135.84, 38]","[236.5, 46]","[251.11, 38]",187.63,198,97.74,0.15
07:47:19,"[140.0, 77]","[138.0, 7]","[237.77, 26]","[347.4, 20]",188.88,130,97.77,0.29
07:47:20,"[140.48, 56]","[139.93, 84]","[317.06, 34]","[464.32, 38]",228.77,212,176.58,0.32
07:47:21,"[140.18, 104]","[139.55, 47]","[216.1, 41]","[310.76, 58]",178.14,250,75.91,0.21
07:47:22,"[140.0, 75]","[139.0, 15]","[239.0, 32]","[258.23, 47]",189.5,169,99.0,0.07
07:47:23,"[140.0, 55]","[139.0, 11]","[204.17, 29]","[205.77, 26]",172.09,121,64.17,0.09
07:47:24,"[140.0, 50]","[139.0, 10]","[201.23, 22]","[202.68, 25]",170.61,107,61.23,0.12
07:47:25,"[140.68, 41]","[138.69, 13]","[169.58, 19]","[193.07, 41]",155.13,114,28.9,-0.05
07:47:26,"[140.04, 23]","[138.21, 14]","[143.0, 41]","[144.0, 26]",141.52,104,2.96,-0.29
07:47:27,"[137.28, 32]","[135.31, 191]","[139.71, 42]","[141.62, 26]",138.5,291,2.43,0.53
07:47:28,"[135.32, 138]","[134.25, 226]","[139.69, 39]","[141.0, 13]",137.51,416,4.37,0.75
07:47:29,"[135.0, 176]","[118.0, 16]","[137.6, 20]","[138.5, 12]",136.3,224,2.6,0.71
07:47:30,"[135.03, 92]","[132.61, 61]","[141.22, 23]","[233.0, 19]",138.12,195,6.18,0.57
07:47:31,"[136.57, 7]","[135.01, 103]","[141.0, 28]","[467.12, 17]",138.79,155,4.43,0.42
07:47:32,"[137.69, 16]","[135.7, 20]","[140.0, 80]","[141.0, 64]",138.84,180,2.31,-0.6
07:47:33,"[138.0, 9]","[135.0, 35]","[140.62, 39]","[184.86, 37]",139.31,120,2.62,-0.27
07:47:34,"[139.0, 14]","[135.71, 56]","[162.86, 36]","[220.65, 46]",150.93,152,23.86,-0.08
07:47:35,"[140.77, 13]","[137.0, 52]","[181.45, 55]","[289.97, 37]",161.11,157,40.69,-0.17
07:47:36,"[139.22, 18]","[137.78, 18]","[160.08, 48]","[164.71, 34]",149.65,118,20.86,-0.39
07:47:37,"[140.04, 47]","[138.0, 56]","[150.57, 42]","[153.0, 70]",145.31,215,10.53,-0.04
07:47:38,"[137.54, 35]","[135.51, 43]","[148.48, 29]","[150.44, 43]",143.01,150,10.94,0.04
07:47:39,"[137.27, 45]","[136.52, 23]","[144.4, 45]","[147.0, 15]",140.83,128,7.13,0.06
07:47:40,"[137.73, 22]","[136.92, 26]","[141.09, 22]","[142.35, 20]",139.41,90,3.36,0.07
07:47:41,"[138.0, 30]","[137.0, 45]","[139.0, 15]","[140.0, 45]",138.5,135,1.0,0.11
07:47:42,"[137.14, 28]","[135.34, 35]","[138.9, 10]","[139.96, 28]",138.02,101,1.76,0.25
07:47:43,"[136.5, 20]","[134.57, 23]","[138.43, 14]","[139.69, 26]",137.46,83,1.93,0.04
07:47:44,"[134.0, 47]","[106.95, 21]","[136.55, 11]","[145.35, 37]",135.27,116,2.55,0.17
07:47:45,"[134.38, 45]","[133.61, 31]","[136.0, 8]","[164.07, 30]",135.19,114,1.62,0.33
07:47:46,"[135.0, 47]","[122.56, 16]","[136.0, 11]","[154.0, 44]",135.5,118,1.0,0.07
07:47:47,"[138.45, 29]","[133.33, 12]","[151.0, 24]","[213.52, 31]",144.72,96,12.55,-0.15
07:47:48,"[140.0, 35]","[135.0, 14]","[233.96, 25]","[491.4, 15]",186.98,89,93.96,0.1
07:47:49,"[140.0, 32]","[135.0, 16]","[230.88, 32]","[305.73, 11]",185.44,91,90.88,0.05
07:47:50,"[140.0, 27]","[135.0, 18]","[253.23, 26]","[262.44, 27]",196.62,98,113.23,-0.08
07:47:51,"[140.11, 19]","[136.0, 15]","[231.11, 18]","[243.5, 24]",185.61,76,91.01,-0.11
07:47:52,"[142.0, 8]","[140.0, 24]","[224.0, 28]","[227.85, 26]",183.0,86,82.0,-0.26
07:47:53,"[142.0, 9]","[140.0, 27]","[173.82, 22]","[222.44, 36]",157.91,94,31.82,-0.23
07:47:54,"[140.15, 13]","[138.67, 9]","[145.27, 22]","[146.67, 18]",142.71,62,5.12,-0.29
07:47:55,"[140.0, 9]","[138.0, 8]","[144.62, 32]","[156.86, 28]",142.31,77,4.62,-0.56
07:47:56,"[134.32, 19]","[102.18, 11]","[144.0, 24]","[145.0, 24]",139.16,78,9.68,-0.23
07:47:57,"[140.0, 132]","[85.35, 46]","[143.17, 41]","[144.82, 44]",141.59,263,3.17,0.35
07:47:58,"[140.0, 79]","[137.0, 56]","[141.0, 30]","[158.63, 19]",140.5,184,1.0,0.47
07:47:59,"[140.0, 46]","[137.13, 45]","[172.56, 18]","[259.11, 18]",156.28,127,32.56,0.43
07:48:00,"[140.48, 31]","[139.75, 16]","[411.38, 13]","[606.39, 18]",275.93,78,270.9,0.21
07:48:01,"[141.0, 50]","[140.0, 40]","[420.96, 26]","[643.79, 29]",280.98,145,279.96,0.24
07:48:02,"[142.26, 81]","[140.75, 40]","[325.0, 36]","[535.88, 24]",233.63,181,182.74,0.34
07:48:03,"[143.0, 283]","[142.0, 65]","[406.4, 30]","[544.39, 46]",274.7,424,263.4,0.64
07:48:04,"[143.0, 138]","[142.0, 35]","[435.33, 18]","[507.47, 17]",289.17,208,292.33,0.66
07:48:05,"[143.0, 144]","[142.0, 45]","[255.78, 27]","[356.67, 27]",199.39,243,112.78,0.56
07:48:06,"[143.0, 144]","[142.0, 45]","[168.11, 27]","[347.35, 23]",155.56,239,25.11,0.58
07:48:07,"[141.56, 66]","[140.33, 46]","[167.73, 33]","[246.0, 24]",154.64,169,26.17,0.33
07:48:08,"[142.59, 34]","[140.43, 21]","[165.92, 36]","[390.17, 36]",154.25,127,23.33,-0.13
07:48:09,"[143.0, 36]","[140.41, 17]","[163.0, 27]","[166.0, 27]",153.0,107,20.0,-0.01
07:48:10,"[140.68, 53]","[139.88, 40]","[161.58, 36]","[166.0, 36]",151.13,165,20.9,0.13
07:48:11,"[141.0, 14]","[140.0, 55]","[159.45, 33]","[162.09, 33]",150.23,135,18.45,0.02
07:48:12,"[141.98, 64]","[140.64, 14]","[154.4, 30]","[158.0, 30]",148.19,138,12.42,0.13
07:48:13,"[142.0, 70]","[141.0, 10]","[151.5, 30]","[158.0, 30]",146.75,140,9.5,0.14
07:48:14,"[142.0, 84]","[141.0, 12]","[149.67, 36]","[158.0, 36]",145.83,168,7.67,0.14
07:48:15,"[142.0, 56]","[141.0, 8]","[149.0, 24]","[158.0, 24]",145.5,112,7.0,0.14
07:48:16,"[142.0, 63]","[141.0, 9]","[148.56, 27]","[154.0, 27]",145.28,126,6.56,0.14
07:48:17,"[142.0, 42]","[141.0, 6]","[147.33, 18]","[149.0, 18]",144.67,84,5.33,0.14
07:48:18,"[142.0, 49]","[141.0, 8]","[146.38, 24]","[148.0, 24]",144.19,105,4.38,0.09
07:48:19,"[142.0, 42]","[141.0, 7]","[145.0, 21]","[147.0, 21]",143.5,91,3.0,0.08
07:48:20,"[142.0, 84]","[141.0, 14]","[143.36, 42]","[144.36, 42]",142.68,182,1.36,0.08
07:48:21,"[142.0, 16]","[141.0, 11]","[143.0, 33]","[144.0, 33]",142.5,93,1.0,-0.42
07:48:22,"[141.25, 4]","[140.06, 16]","[143.75, 12]","[261.0, 12]",142.5,44,2.5,-0.09
07:48:23,"[140.07, 58]","[139.5, 40]","[141.62, 29]","[196.43, 35]",140.84,162,1.55,0.21
07:48:24,"[140.0, 51]","[139.0, 20]","[277.29, 28]","[331.6, 20]",208.64,119,137.29,0.19
07:48:25,"[139.08, 13]","[138.75, 16]","[360.18, 22]","[470.88, 24]",249.63,75,221.1,-0.23
07:48:26,"[138.0, 30]","[137.0, 10]","[327.6, 30]","[527.33, 27]",232.8,97,189.6,-0.18
07:48:27,"[138.46, 35]","[137.17, 12]","[168.0, 33]","[302.0, 33]",153.23,113,29.54,-0.17
07:48:28,"[140.0, 96]","[138.9, 80]","[164.24, 17]","[181.2, 30]",152.12,223,24.24,0.58
07:48:29,"[140.0, 52]","[139.0, 90]","[165.6, 10]","[395.97, 30]",152.8,182,25.6,0.56
07:48:30,"[142.25, 118]","[140.55, 66]","[164.07, 14]","[256.9, 40]",153.16,238,21.82,0.55
07:48:31,"[142.0, 81]","[140.0, 36]","[163.67, 9]","[240.37, 19]",152.83,145,21.67,0.61
07:48:32,"[142.0, 99]","[140.0, 44]","[161.74, 19]","[166.31, 45]",151.87,207,19.74,0.38
07:48:33,"[142.0, 63]","[140.0, 36]","[150.33, 18]","[161.91, 33]",146.17,150,8.33,0.32
07:48:34,"[142.0, 98]","[140.0, 52]","[160.23, 13]","[162.0, 65]",151.12,228,18.23,0.32
07:48:35,"[142.0, 26]","[140.0, 52]","[157.2, 25]","[161.12, 49]",149.6,152,15.2,0.03
07:48:36,"[142.0, 16]","[140.0, 36]","[153.56, 9]","[154.89, 9]",147.78,70,11.56,0.49
07:48:37,"[142.98, 45]","[141.47, 15]","[152.0, 12]","[154.0, 12]",147.49,84,9.02,0.43
07:48:38,"[143.0, 64]","[142.0, 16]","[150.37, 52]","[150.72, 36]",146.68,168,7.37,-0.05
07:48:39,"[143.0, 48]","[142.0, 12]","[146.33, 24]","[147.2, 20]",144.67,104,3.33,0.15
07:48:40,"[143.0, 71]","[142.0, 14]","[144.67, 18]","[146.05, 66]",143.83,169,1.67,0.01
07:48:41,"[143.0, 35]","[142.0, 7]","[144.43, 35]","[149.0, 7]",143.71,84,1.43,0.0
07:48:42,"[142.91, 44]","[140.67, 24]","[144.41, 44]","[299.83, 24]",143.66,136,1.5,0.0
07:48:43,"[139.44, 64]","[138.64, 99]","[147.27, 11]","[293.18, 44]",143.36,218,7.84,0.5
07:48:44,"[140.53, 68]","[139.0, 153]","[145.0, 17]","[315.03, 74]",142.76,312,4.47,0.42
07:48:45,"[141.0, 40]","[139.0, 90]","[144.2, 10]","[355.82, 44]",142.6,184,3.2,0.41
07:48:46,"[139.0, 99]","[138.0, 99]","[142.37, 43]","[201.0, 20]",140.69,261,3.37,0.52
07:48:47,"[139.0, 91]","[138.0, 99]","[141.09, 44]","[474.32, 47]",140.05,281,2.09,0.35
07:48:48,"[139.0, 88]","[138.0, 99]","[175.43, 42]","[377.44, 50]",157.21,279,36.43,0.34
07:48:49,"[139.0, 80]","[138.0, 90]","[204.25, 36]","[205.2, 44]",171.62,250,65.25,0.36
07:48:50,"[139.0, 88]","[138.0, 153]","[201.06, 66]","[201.85, 52]",170.03,359,62.06,0.34
