Time,Bid1,Bid2,Ask1,Ask2,Mid-Price,Total_volume,Bid_ask_spread,Order_imbalance
07:30:00,"[33.0, 3]","[1.0, 1]","[799.5, 4]","[0, 0]",416.25,8,766.5,0.0
07:30:01,"[98.5, 2]","[97.0, 2]","[799.0, 3]","[0, 0]",448.75,7,700.5,0.14
07:30:02,"[0, 0]","[0, 0]","[111.0, 5]","[354.33, 3]",55.5,8,111.0,-1.0
07:30:03,"[1.0, 1]","[0, 0]","[97.0, 6]","[105.0, 2]",49.0,9,96.0,-0.78
07:30:04,"[1.0, 1]","[0, 0]","[97.0, 3]","[105.0, 1]",49.0,5,96.0,-0.6
07:30:05,"[56.25, 8]","[68.57, 7]","[97.0, 18]","[101.0, 12]",76.62,45,40.75,-0.33
07:30:06,"[90.6, 5]","[89.0, 10]","[97.0, 15]","[101.0, 10]",93.8,40,6.4,-0.25
07:30:07,"[91.86, 7]","[89.67, 3]","[97.0, 4]","[101.0, 4]",94.43,18,5.14,0.11
07:30:08,"[92.0, 30]","[91.0, 5]","[97.0, 10]","[101.0, 10]",94.5,55,5.0,0.27
07:30:09,"[93.57, 28]","[93.34, 29]","[97.0, 15]","[100.0, 32]",95.29,104,3.43,0.1
07:30:10,"[94.83, 36]","[89.33, 12]","[97.0, 6]","[100.0, 24]",95.92,78,2.17,0.23
07:30:11,"[95.63, 19]","[92.0, 12]","[126.25, 8]","[175.0, 14]",110.94,53,30.62,0.17
07:30:12,"[107.0, 6]","[97.86, 28]","[128.4, 20]","[205.14, 14]",117.7,68,21.4,0.0
07:30:13,"[107.38, 32]","[102.62, 32]","[117.0, 28]","[134.71, 21]",112.19,113,9.62,0.13
07:30:14,"[109.0, 22]","[107.0, 42]","[116.89, 27]","[130.09, 22]",112.94,113,7.89,0.13
07:30:15,"[110.2, 30]","[108.45, 66]","[116.46, 26]","[120.82, 33]",113.33,155,6.26,0.24
07:30:16,"[109.0, 24]","[107.0, 18]","[117.0, 12]","[130.0, 9]",113.0,63,8.0,0.33
07:30:17,"[109.0, 48]","[107.0, 40]","[115.56, 18]","[124.4, 20]",112.28,126,6.56,0.4
07:30:18,"[109.0, 44]","[107.0, 90]","[110.0, 9]","[115.78, 36]",109.5,179,1.0,0.5
07:30:19,"[107.14, 42]","[106.6, 35]","[110.0, 7]","[115.0, 28]",108.57,112,2.86,0.38
07:30:20,"[107.23, 35]","[106.86, 42]","[110.0, 7]","[115.0, 28]",108.61,112,2.77,0.38
07:30:21,"[107.2, 45]","[106.87, 62]","[109.7, 10]","[113.74, 31]",108.45,148,2.5,0.45
07:30:22,"[107.14, 94]","[106.75, 72]","[109.4, 25]","[112.93, 45]",108.27,236,2.26,0.41
07:30:23,"[108.33, 48]","[107.64, 100]","[110.0, 12]","[113.0, 48]",109.17,208,1.67,0.42
07:30:24,"[109.0, 8]","[108.0, 32]","[112.0, 6]","[113.5, 16]",110.5,62,3.0,0.29
07:30:25,"[109.0, 18]","[108.0, 72]","[112.11, 18]","[113.2, 20]",110.56,128,3.11,0.41
07:30:26,"[110.56, 50]","[108.67, 24]","[112.0, 18]","[113.0, 18]",111.28,110,1.44,0.35
07:30:27,"[111.13, 60]","[109.0, 24]","[115.22, 27]","[122.11, 27]",113.18,138,4.09,0.22
07:30:28,"[112.0, 38]","[109.0, 38]","[119.98, 58]","[140.38, 39]",115.99,173,7.98,-0.12
07:30:29,"[112.0, 10]","[109.0, 20]","[120.0, 30]","[142.0, 20]",116.0,80,8.0,-0.25
07:30:30,"[112.0, 12]","[109.0, 24]","[120.0, 36]","[136.5, 24]",116.0,96,8.0,-0.25
07:30:31,"[112.85, 41]","[111.16, 19]","[120.0, 39]","[127.54, 26]",116.43,125,7.15,-0.04
07:30:32,"[113.0, 40]","[112.0, 8]","[120.0, 24]","[126.5, 16]",116.5,88,7.0,0.09
07:30:33,"[113.25, 40]","[112.0, 8]","[120.0, 24]","[131.0, 16]",116.62,88,6.75,0.09
07:30:34,"[114.62, 65]","[112.0, 13]","[119.34, 53]","[124.0, 33]",116.98,164,4.72,-0.05
07:30:35,"[112.42, 36]","[109.89, 27]","[118.28, 54]","[119.12, 74]",115.35,191,5.86,-0.34
07:30:36,"[112.0, 30]","[109.0, 40]","[118.0, 30]","[119.0, 50]",115.0,150,6.0,-0.07
07:30:37,"[112.0, 30]","[109.43, 35]","[116.42, 36]","[117.2, 44]",114.21,145,4.42,-0.1
07:30:38,"[112.0, 36]","[110.0, 36]","[114.46, 48]","[115.54, 48]",113.23,168,2.46,-0.14
07:30:39,"[109.64, 47]","[108.25, 135]","[112.78, 37]","[114.23, 44]",111.21,263,3.15,0.38
07:30:40,"[108.38, 63]","[107.61, 236]","[110.5, 28]","[114.47, 34]",109.44,361,2.12,0.66
07:30:41,"[109.58, 52]","[108.09, 130]","[115.94, 33]","[227.19, 37]",112.76,252,6.36,0.44
07:30:42,"[111.05, 58]","[109.5, 130]","[114.72, 25]","[167.76, 37]",112.89,250,3.67,0.5
07:30:43,"[111.36, 55]","[109.83, 103]","[114.25, 24]","[119.48, 31]",112.81,213,2.89,0.48
07:30:44,"[111.0, 119]","[108.0, 136]","[114.85, 53]","[115.83, 36]",112.92,344,3.85,0.48
07:30:45,"[111.71, 94]","[108.27, 66]","[114.0, 71]","[203.4, 25]",112.86,256,2.29,0.25
07:30:46,"[108.74, 46]","[107.1, 250]","[249.45, 29]","[314.13, 45]",179.09,370,140.71,0.6
07:30:47,"[108.83, 59]","[107.09, 159]","[447.37, 49]","[538.74, 39]",278.1,306,338.54,0.42
07:30:48,"[112.43, 21]","[109.0, 20]","[540.33, 36]","[0, 0]",326.38,77,427.9,0.06
07:30:49,"[115.1, 20]","[112.92, 13]","[715.0, 44]","[0, 0]",415.05,77,599.9,-0.14
07:30:50,"[111.33, 6]","[111.5, 8]","[590.5, 16]","[0, 0]",350.92,30,479.17,-0.07
07:30:51,"[109.0, 10]","[108.0, 10]","[217.0, 20]","[392.0, 15]",163.0,55,108.0,-0.27
07:30:52,"[109.0, 16]","[108.0, 16]","[160.62, 32]","[576.5, 40]",134.81,104,51.62,-0.38
07:30:53,"[107.0, 224]","[80.25, 52]","[124.9, 31]","[643.37, 27]",115.95,334,17.9,0.65
07:30:54,"[107.02, 254]","[84.09, 108]","[122.18, 33]","[190.81, 32]",114.6,427,15.17,0.7
07:30:55,"[109.0, 12]","[107.0, 336]","[120.75, 36]","[410.67, 48]",114.88,432,11.75,0.61
07:30:56,"[107.4, 35]","[106.58, 202]","[114.29, 28]","[124.88, 34]",110.84,299,6.89,0.59
07:30:57,"[107.0, 242]","[73.5, 72]","[110.0, 32]","[114.0, 40]",108.5,386,3.0,0.63
07:30:58,"[107.0, 476]","[85.64, 88]","[110.0, 56]","[114.0, 125]",108.5,745,3.0,0.51
07:30:59,"[107.0, 258]","[102.56, 54]","[109.85, 27]","[112.69, 52]",108.43,391,2.85,0.6
07:31:00,"[107.29, 68]","[104.33, 144]","[109.84, 50]","[112.65, 68]",108.57,330,2.55,0.28
07:31:01,"[108.0, 20]","[107.0, 120]","[109.5, 18]","[112.0, 45]",108.75,203,1.5,0.38
07:31:02,"[108.0, 18]","[107.0, 102]","[109.0, 9]","[112.5, 36]",108.5,165,1.0,0.45
07:31:03,"[108.0, 16]","[107.0, 90]","[109.22, 9]","[112.22, 27]",108.61,142,1.22,0.49
07:31:04,"[108.0, 8]","[107.0, 80]","[110.0, 8]","[113.0, 80]",109.0,176,2.0,0.0
07:31:05,"[107.47, 17]","[106.18, 85]","[110.0, 9]","[113.0, 75]",108.74,186,2.53,0.1
07:31:06,"[107.28, 96]","[104.81, 160]","[112.28, 53]","[123.8, 80]",109.78,389,5.0,0.32
07:31:07,"[108.23, 39]","[107.02, 183]","[110.48, 54]","[112.41, 51]",109.36,327,2.25,0.36
07:31:08,"[109.31, 32]","[107.12, 156]","[112.31, 65]","[214.02, 56]",110.81,309,3.0,0.22
07:31:09,"[107.57, 81]","[96.36, 167]","[113.0, 39]","[172.88, 64]",110.28,351,5.43,0.41
07:31:10,"[107.69, 58]","[102.75, 120]","[112.85, 54]","[126.28, 50]",110.27,282,5.16,0.26
07:31:11,"[108.0, 18]","[107.0, 54]","[115.35, 23]","[145.33, 24]",111.67,119,7.35,0.21
07:31:12,"[109.48, 27]","[107.06, 67]","[148.09, 44]","[266.55, 44]",128.79,182,38.61,0.03
07:31:13,"[108.0, 10]","[107.0, 150]","[396.4, 40]","[440.0, 11]",252.2,211,288.4,0.52
07:31:14,"[107.0, 60]","[62.67, 15]","[167.4, 20]","[649.67, 6]",137.2,101,60.4,0.49
07:31:15,"[107.0, 96]","[88.63, 57]","[156.12, 32]","[413.0, 16]",131.56,201,49.12,0.52
07:31:16,"[107.0, 72]","[92.5, 60]","[123.0, 14]","[317.25, 16]",115.0,162,16.0,0.63
07:31:17,"[107.0, 66]","[86.58, 52]","[123.0, 12]","[366.0, 12]",115.0,142,16.0,0.66
07:31:18,"[107.11, 70]","[102.5, 28]","[118.2, 10]","[167.47, 15]",112.66,123,11.09,0.59
07:31:19,"[109.0, 68]","[107.21, 42]","[114.6, 15]","[121.86, 21]",111.8,146,5.6,0.51
07:31:20,"[109.36, 66]","[108.82, 44]","[113.17, 36]","[131.62, 29]",111.27,175,3.8,0.26
07:31:21,"[109.67, 42]","[108.88, 41]","[123.97, 35]","[159.44, 32]",116.82,150,14.3,0.11
07:31:22,"[109.07, 59]","[108.33, 15]","[131.74, 35]","[365.1, 20]",120.41,129,22.68,0.15
07:31:23,"[110.2, 20]","[107.93, 56]","[277.15, 27]","[298.78, 23]",193.67,126,166.95,0.21
07:31:24,"[107.07, 108]","[77.67, 27]","[249.2, 20]","[282.53, 15]",178.14,170,142.13,0.59
07:31:25,"[108.0, 24]","[107.0, 56]","[178.0, 12]","[651.0, 6]",143.0,98,70.0,0.63
07:31:26,"[108.0, 65]","[107.0, 168]","[177.25, 36]","[737.42, 36]",142.62,305,69.25,0.53
07:31:27,"[108.16, 38]","[107.02, 112]","[110.0, 26]","[248.81, 32]",109.08,208,1.84,0.44
07:31:28,"[108.0, 13]","[107.0, 178]","[110.0, 13]","[490.0, 45]",109.0,249,2.0,0.53
07:31:29,"[107.0, 104]","[94.38, 8]","[438.92, 24]","[543.09, 32]",272.96,168,331.92,0.33
07:31:30,"[108.25, 73]","[105.78, 41]","[176.73, 51]","[470.07, 56]",142.49,221,68.48,0.03
07:31:31,"[107.16, 50]","[100.41, 34]","[321.0, 27]","[484.33, 27]",214.08,138,213.84,0.22
07:31:32,"[107.0, 46]","[79.0, 10]","[494.2, 20]","[621.0, 25]",300.6,101,387.2,0.11
07:31:33,"[107.0, 40]","[77.0, 8]","[255.2, 20]","[621.0, 25]",181.1,93,148.2,0.03
07:31:34,"[107.0, 54]","[38.5, 6]","[287.88, 25]","[640.03, 29]",197.44,114,180.88,0.05
07:31:35,"[107.85, 66]","[106.45, 71]","[469.12, 40]","[759.0, 32]",288.49,209,361.28,0.31
07:31:36,"[109.56, 85]","[108.17, 127]","[253.84, 32]","[400.58, 76]",181.7,320,144.28,0.33
07:31:37,"[110.76, 84]","[109.11, 72]","[301.12, 24]","[303.15, 48]",205.94,228,190.36,0.37
07:31:38,"[111.0, 98]","[110.0, 55]","[297.0, 11]","[299.87, 23]",204.0,187,186.0,0.64
07:31:39,"[112.0, 32]","[110.25, 20]","[294.17, 12]","[295.5, 4]",203.08,68,182.17,0.53
07:31:40,"[112.38, 39]","[111.23, 39]","[293.96, 26]","[294.5, 10]",203.17,114,181.58,0.37
07:31:41,"[114.31, 13]","[112.0, 72]","[264.12, 17]","[293.89, 37]",189.21,139,149.81,0.22
07:31:42,"[115.79, 14]","[112.0, 119]","[241.45, 58]","[249.53, 30]",178.62,221,125.66,0.2
07:31:43,"[112.0, 56]","[110.0, 40]","[238.6, 20]","[239.39, 36]",175.3,152,126.6,0.26
07:31:44,"[112.22, 81]","[110.97, 87]","[232.2, 35]","[236.05, 55]",172.21,258,119.98,0.3
07:31:45,"[113.11, 27]","[112.0, 63]","[227.88, 41]","[228.76, 34]",170.49,165,114.77,0.09
07:31:46,"[112.0, 39]","[110.0, 60]","[214.02, 56]","[216.71, 58]",163.01,213,102.02,-0.07
07:31:47,"[112.0, 27]","[110.0, 50]","[210.3, 50]","[220.73, 44]",161.15,171,98.3,-0.1
07:31:48,"[112.0, 20]","[110.0, 50]","[206.98, 47]","[208.18, 49]",159.49,166,94.98,-0.16
07:31:49,"[110.28, 29]","[107.46, 65]","[203.1, 30]","[204.15, 34]",156.69,158,92.82,0.19
07:31:50,"[115.0, 11]","[110.0, 55]","[199.46, 48]","[200.76, 45]",157.23,159,84.46,-0.17
07:31:51,"[111.65, 26]","[108.64, 73]","[194.1, 48]","[195.41, 51]",152.88,198,82.45,0.0
07:31:52,"[110.0, 40]","[107.0, 113]","[190.84, 49]","[192.19, 48]",150.42,250,80.84,0.22
07:31:53,"[111.52, 84]","[107.42, 114]","[176.34, 82]","[182.32, 79]",143.93,359,64.82,0.1
07:31:54,"[114.0, 42]","[110.0, 22]","[159.09, 44]","[174.62, 52]",136.55,160,45.09,-0.2
07:31:55,"[114.0, 14]","[110.0, 28]","[154.3, 64]","[159.43, 60]",134.15,166,40.3,-0.49
07:31:56,"[110.87, 23]","[108.12, 172]","[131.3, 60]","[140.98, 61]",121.08,316,20.43,0.23
07:31:57,"[108.09, 94]","[107.38, 96]","[111.67, 30]","[135.57, 28]",109.88,248,3.58,0.53
07:31:58,"[108.0, 192]","[107.0, 132]","[110.28, 40]","[114.93, 43]",109.14,407,2.28,0.59
07:31:59,"[108.0, 54]","[107.0, 96]","[109.63, 38]","[150.86, 28]",108.82,216,1.63,0.39
07:32:00,"[108.12, 67]","[105.05, 76]","[112.0, 56]","[406.0, 43]",110.06,242,3.88,0.18
07:32:01,"[109.48, 31]","[108.5, 30]","[112.8, 40]","[351.71, 28]",111.14,129,3.32,-0.05
07:32:02,"[110.11, 44]","[109.15, 40]","[112.92, 48]","[282.19, 32]",111.52,164,2.8,0.02
07:32:03,"[109.51, 35]","[107.55, 105]","[111.59, 63]","[112.88, 64]",110.55,267,2.07,0.05
07:32:04,"[108.33, 30]","[106.95, 86]","[111.88, 32]","[223.0, 22]",110.1,170,3.54,0.36
07:32:05,"[109.0, 24]","[107.0, 72]","[113.0, 24]","[443.2, 15]",111.0,135,4.0,0.42
07:32:06,"[109.0, 9]","[107.0, 72]","[113.0, 24]","[425.57, 14]",111.0,119,4.0,0.36
07:32:07,"[109.0, 6]","[107.0, 72]","[113.0, 24]","[374.77, 13]",111.0,115,4.0,0.36
07:32:08,"[109.55, 11]","[107.2, 70]","[198.02, 41]","[522.2, 30]",153.78,152,88.48,0.07
07:32:09,"[108.88, 16]","[107.27, 78]","[227.09, 23]","[348.26, 27]",167.98,144,118.21,0.31
07:32:10,"[109.04, 23]","[107.2, 119]","[122.17, 24]","[126.09, 35]",115.61,201,13.12,0.41
07:32:11,"[108.41, 29]","[107.21, 76]","[113.56, 18]","[114.5, 12]",110.98,135,5.14,0.56
07:32:12,"[108.0, 55]","[107.0, 132]","[111.36, 22]","[113.55, 22]",109.68,231,3.36,0.62
07:32:13,"[108.0, 50]","[107.0, 120]","[109.9, 20]","[112.71, 21]",108.95,211,1.9,0.61
07:32:14,"[108.37, 43]","[107.32, 124]","[110.71, 42]","[112.57, 42]",109.54,251,2.34,0.33
07:32:15,"[108.5, 16]","[107.31, 52]","[111.0, 21]","[113.0, 21]",109.75,110,2.5,0.24
07:32:16,"[108.0, 19]","[107.0, 60]","[111.0, 15]","[113.0, 15]",109.5,109,3.0,0.45
07:32:17,"[109.19, 79]","[107.64, 87]","[111.95, 38]","[194.0, 60]",110.57,264,2.76,0.26
07:32:18,"[110.0, 88]","[108.0, 24]","[111.42, 24]","[113.0, 33]",110.71,169,1.42,0.33
07:32:19,"[110.27, 60]","[108.0, 30]","[112.04, 27]","[113.3, 23]",111.15,140,1.77,0.29
07:32:20,"[108.0, 7]","[107.0, 54]","[113.0, 14]","[114.0, 7]",110.5,82,5.0,0.49
07:32:21,"[108.0, 12]","[107.0, 127]","[317.95, 37]","[509.78, 36]",212.97,212,209.95,0.31
07:32:22,"[111.73, 15]","[107.02, 93]","[345.03, 31]","[576.83, 41]",228.38,180,233.3,0.2
07:32:23,"[107.85, 113]","[105.64, 14]","[321.59, 49]","[511.77, 57]",214.72,233,213.74,0.09
07:32:24,"[107.0, 83]","[105.0, 13]","[377.41, 39]","[572.32, 38]",242.21,173,270.41,0.11
07:32:25,"[107.84, 38]","[106.96, 49]","[578.77, 26]","[657.32, 41]",343.31,154,470.93,0.13
07:32:26,"[108.0, 32]","[107.0, 48]","[524.82, 34]","[600.57, 23]",316.41,137,416.82,0.17
07:32:27,"[109.25, 24]","[107.67, 48]","[123.21, 38]","[269.6, 20]",116.23,130,13.96,0.11
07:32:28,"[110.82, 22]","[108.7, 20]","[121.64, 55]","[201.91, 22]",116.23,119,10.82,-0.29
07:32:29,"[111.0, 14]","[110.0, 7]","[121.0, 35]","[323.0, 14]",116.0,70,10.0,-0.4
07:32:30,"[111.65, 26]","[110.23, 13]","[121.0, 55]","[317.2, 40]",116.33,134,9.35,-0.42
07:32:31,"[114.97, 32]","[114.2, 44]","[120.31, 84]","[292.67, 90]",117.64,250,5.34,-0.39
07:32:32,"[113.14, 7]","[111.25, 16]","[118.57, 21]","[120.0, 35]",115.86,79,5.43,-0.42
07:32:33,"[112.0, 11]","[109.0, 22]","[115.16, 45]","[117.58, 43]",113.58,121,3.16,-0.45
07:32:34,"[108.9, 31]","[107.85, 52]","[113.02, 52]","[114.47, 38]",110.96,173,4.12,-0.04
07:32:35,"[107.83, 36]","[106.91, 66]","[109.27, 33]","[115.18, 33]",108.55,168,1.44,0.21
07:32:36,"[108.26, 54]","[106.95, 40]","[110.0, 24]","[129.0, 24]",109.13,142,1.74,0.32
07:32:37,"[109.36, 25]","[108.8, 82]","[130.55, 33]","[310.74, 23]",119.95,163,21.19,0.31
07:32:38,"[110.58, 12]","[109.0, 96]","[138.17, 36]","[358.41, 17]",124.38,161,27.58,0.34
07:32:39,"[111.38, 16]","[109.35, 62]","[244.26, 39]","[399.28, 43]",177.82,160,132.88,-0.03
07:32:40,"[110.24, 25]","[109.06, 94]","[129.9, 40]","[208.1, 42]",120.07,201,19.66,0.18
07:32:41,"[110.0, 10]","[109.0, 40]","[111.0, 10]","[131.0, 10]",110.5,70,1.0,0.43
07:32:42,"[108.06, 51]","[101.27, 66]","[110.12, 34]","[119.75, 24]",109.09,175,2.06,0.34
07:32:43,"[107.32, 38]","[98.6, 40]","[110.5, 16]","[253.14, 14]",108.91,108,3.18,0.44
07:32:44,"[107.76, 68]","[105.41, 68]","[138.5, 16]","[390.0, 14]",123.13,166,30.74,0.64
07:32:45,"[108.0, 72]","[107.0, 76]","[264.15, 26]","[347.18, 17]",186.08,191,156.15,0.55
07:32:46,"[108.0, 44]","[107.0, 80]","[195.08, 24]","[215.18, 22]",151.54,170,87.08,0.46
07:32:47,"[114.6, 70]","[109.59, 34]","[134.64, 44]","[282.45, 22]",124.62,170,20.04,0.22
07:32:48,"[115.0, 29]","[112.0, 20]","[134.0, 40]","[289.57, 28]",124.5,117,19.0,-0.16
07:32:49,"[115.75, 16]","[114.0, 24]","[134.0, 48]","[301.69, 29]",124.88,117,18.25,-0.32
07:32:50,"[115.67, 9]","[113.0, 18]","[134.0, 36]","[191.41, 22]",124.83,85,18.33,-0.36
07:32:51,"[110.33, 18]","[109.45, 22]","[131.7, 40]","[168.94, 17]",121.02,97,21.37,-0.18
07:32:52,"[109.0, 16]","[108.0, 16]","[110.0, 32]","[111.0, 16]",109.5,80,1.0,-0.2
07:32:53,"[108.17, 36]","[107.04, 156]","[109.59, 51]","[120.05, 37]",108.88,280,1.42,0.37
07:32:54,"[107.0, 80]","[74.23, 26]","[108.5, 40]","[110.0, 8]",107.75,154,1.5,0.38
07:32:55,"[107.0, 35]","[73.0, 28]","[109.57, 7]","[111.0, 14]",108.29,84,2.57,0.5
07:32:56,"[107.0, 39]","[85.87, 38]","[108.5, 8]","[111.0, 16]",107.75,101,1.5,0.52
07:32:57,"[107.27, 22]","[101.23, 13]","[109.8, 10]","[318.39, 23]",108.54,68,2.53,0.03
07:32:58,"[110.0, 8]","[107.43, 42]","[111.0, 16]","[449.11, 19]",110.5,85,1.0,0.18
07:32:59,"[110.0, 4]","[108.0, 36]","[111.0, 8]","[273.45, 11]",110.5,59,1.0,0.36
07:33:00,"[110.0, 11]","[108.02, 92]","[236.32, 31]","[263.3, 46]",173.16,180,126.32,0.14
07:33:01,"[110.42, 12]","[109.07, 15]","[213.79, 14]","[324.83, 23]",162.1,64,103.37,-0.16
07:33:02,"[111.79, 14]","[110.0, 14]","[132.85, 26]","[176.32, 31]",122.32,85,21.06,-0.34
07:33:03,"[113.18, 11]","[110.0, 11]","[129.71, 17]","[132.43, 28]",121.44,67,16.52,-0.34
07:33:04,"[112.62, 21]","[111.19, 32]","[128.16, 31]","[129.04, 45]",120.39,129,15.54,-0.18
07:33:05,"[110.0, 8]","[109.0, 16]","[123.31, 26]","[124.07, 29]",116.65,79,13.31,-0.39
07:33:06,"[107.3, 63]","[99.37, 38]","[120.5, 46]","[121.76, 49]",113.9,196,13.2,0.03
07:33:07,"[109.33, 58]","[106.63, 107]","[117.54, 26]","[118.95, 59]",113.43,250,8.21,0.32
07:33:08,"[107.49, 74]","[102.49, 43]","[115.54, 67]","[117.04, 25]",111.51,209,8.05,0.12
07:33:09,"[108.0, 24]","[107.0, 24]","[114.0, 24]","[118.0, 6]",111.0,78,6.0,0.23
07:33:10,"[108.0, 52]","[107.0, 52]","[113.93, 30]","[116.93, 15]",110.97,149,5.93,0.4
07:33:11,"[108.0, 48]","[107.0, 45]","[110.84, 19]","[111.65, 17]",109.42,129,2.84,0.44
07:33:12,"[107.29, 49]","[101.88, 58]","[109.25, 32]","[157.61, 46]",108.27,185,1.96,0.16
07:33:13,"[107.0, 49]","[79.0, 42]","[108.33, 12]","[137.22, 23]",107.67,126,1.33,0.44
07:33:14,"[109.16, 50]","[89.5, 52]","[174.3, 33]","[277.65, 51]",141.73,186,65.14,0.1
07:33:15,"[113.05, 44]","[108.02, 120]","[216.9, 61]","[297.37, 57]",164.97,282,103.86,0.16
07:33:16,"[114.29, 14]","[108.93, 54]","[216.0, 27]","[289.52, 21]",165.14,116,101.71,0.17
07:33:17,"[113.0, 8]","[108.0, 88]","[175.17, 36]","[278.86, 28]",144.08,160,62.17,0.2
07:33:18,"[108.6, 75]","[107.8, 123]","[197.4, 53]","[290.55, 67]",153.0,318,88.8,0.25
07:33:19,"[109.23, 61]","[107.96, 114]","[203.24, 49]","[223.76, 41]",156.24,265,94.02,0.32
07:33:20,"[110.83, 60]","[108.0, 132]","[125.67, 54]","[169.31, 39]",118.25,285,14.83,0.35
07:33:21,"[111.57, 47]","[108.5, 119]","[116.23, 43]","[314.08, 61]",113.9,270,4.66,0.23
07:33:22,"[108.84, 38]","[107.75, 59]","[116.0, 27]","[259.82, 44]",112.42,168,7.16,0.15
07:33:23,"[108.0, 52]","[107.0, 39]","[111.42, 43]","[160.45, 58]",109.71,192,3.42,-0.05
07:33:24,"[108.0, 16]","[107.0, 12]","[110.0, 12]","[111.0, 20]",109.0,60,2.0,-0.07
07:33:25,"[107.91, 57]","[91.62, 13]","[109.71, 31]","[115.71, 45]",108.81,146,1.8,-0.04
07:33:26,"[107.0, 12]","[17.52, 23]","[112.0, 14]","[181.0, 21]",109.5,70,5.0,0.0
07:33:27,"[107.0, 10]","[95.83, 12]","[112.0, 12]","[186.22, 23]",109.5,57,5.0,-0.23
07:33:28,"[107.88, 58]","[99.62, 24]","[112.0, 12]","[187.0, 24]",109.94,118,4.12,0.39
07:33:29,"[109.0, 136]","[107.0, 24]","[111.22, 9]","[128.67, 18]",110.11,187,2.22,0.71
07:33:30,"[109.0, 204]","[107.0, 36]","[111.0, 14]","[123.54, 26]",110.0,280,2.0,0.71
07:33:31,"[110.0, 110]","[107.0, 21]","[111.0, 21]","[218.91, 34]",110.5,186,1.0,0.41
07:33:32,"[110.0, 70]","[107.0, 15]","[111.0, 15]","[608.0, 20]",110.5,120,1.0,0.42
07:33:33,"[109.68, 63]","[106.6, 15]","[302.8, 25]","[676.27, 30]",206.24,133,193.12,0.17
07:33:34,"[109.58, 73]","[92.76, 17]","[121.86, 29]","[277.14, 44]",115.72,163,12.29,0.1
07:33:35,"[109.17, 70]","[105.0, 16]","[309.75, 32]","[536.56, 36]",209.46,154,200.58,0.12
07:33:36,"[110.51, 82]","[108.0, 44]","[542.15, 41]","[578.56, 36]",326.33,203,431.63,0.24
07:33:37,"[112.44, 50]","[110.97, 77]","[129.08, 26]","[369.73, 44]",120.76,197,16.64,0.29
07:33:38,"[114.0, 63]","[113.0, 9]","[127.62, 32]","[128.48, 21]",120.81,125,13.62,0.15
07:33:39,"[114.36, 77]","[113.0, 11]","[126.68, 34]","[127.86, 43]",120.52,165,12.31,0.07
07:33:40,"[116.33, 126]","[115.62, 56]","[124.88, 41]","[125.57, 47]",120.61,270,8.54,0.35
07:33:41,"[117.0, 121]","[116.0, 77]","[122.0, 15]","[123.73, 22]",119.5,235,5.0,0.69
07:33:42,"[117.0, 67]","[116.0, 84]","[118.15, 13]","[119.08, 12]",117.58,176,1.15,0.72
07:33:43,"[116.02, 52]","[114.4, 15]","[230.5, 12]","[410.33, 24]",173.26,103,114.48,0.3
07:33:44,"[116.0, 32]","[113.0, 8]","[366.41, 17]","[427.0, 17]",241.21,74,250.41,0.08
07:33:45,"[116.0, 32]","[113.0, 8]","[149.0, 8]","[540.62, 8]",132.5,56,33.0,0.43
07:33:46,"[116.0, 28]","[113.0, 7]","[332.29, 7]","[516.43, 7]",224.14,49,216.29,0.43
07:33:47,"[116.0, 40]","[113.0, 10]","[270.5, 10]","[325.2, 10]",193.25,70,154.5,0.43
07:33:48,"[116.0, 20]","[113.0, 5]","[131.0, 5]","[132.0, 5]",123.5,35,15.0,0.43
07:33:49,"[116.04, 28]","[113.3, 10]","[131.0, 10]","[598.37, 19]",123.52,67,14.96,0.13
07:33:50,"[113.13, 31]","[111.71, 41]","[128.61, 49]","[505.68, 25]",120.87,146,15.48,-0.01
07:33:51,"[111.64, 33]","[109.47, 45]","[127.0, 45]","[130.0, 9]",119.32,132,15.36,0.18
07:33:52,"[109.5, 48]","[108.83, 116]","[116.77, 26]","[126.47, 34]",113.13,224,7.27,0.46
07:33:53,"[108.81, 104]","[107.92, 76]","[111.0, 18]","[112.97, 37]",109.9,235,2.19,0.53
07:33:54,"[109.21, 28]","[108.06, 64]","[110.92, 26]","[111.97, 62]",110.07,180,1.71,0.02
07:33:55,"[108.07, 30]","[106.89, 18]","[110.71, 14]","[112.35, 23]",109.39,85,2.65,0.13
07:33:56,"[107.0, 56]","[106.0, 40]","[111.0, 8]","[112.0, 24]",109.0,128,4.0,0.5
07:33:57,"[108.71, 7]","[107.0, 49]","[110.57, 7]","[112.0, 21]",109.64,84,1.86,0.33
07:33:58,"[108.08, 13]","[106.85, 39]","[110.92, 13]","[258.13, 31]",109.5,96,2.85,0.08
07:33:59,"[107.0, 24]","[106.0, 44]","[111.26, 34]","[338.5, 30]",109.13,132,4.26,0.03
07:34:00,"[107.0, 31]","[106.0, 77]","[110.2, 25]","[111.06, 53]",108.6,186,3.2,0.16
07:34:01,"[107.26, 27]","[106.03, 69]","[109.52, 31]","[110.9, 61]",108.39,188,2.26,0.02
07:34:02,"[107.89, 36]","[106.14, 28]","[109.26, 46]","[131.4, 25]",108.57,135,1.37,-0.05
07:34:03,"[107.0, 2]","[105.0, 6]","[111.0, 3]","[247.0, 2]",109.0,13,4.0,0.23
07:34:04,"[107.0, 30]","[105.0, 66]","[110.2, 25]","[132.48, 29]",108.6,150,3.2,0.28
07:34:05,"[107.0, 28]","[105.0, 48]","[109.44, 18]","[116.6, 20]",108.22,114,2.44,0.33
07:34:06,"[107.92, 26]","[106.45, 22]","[111.0, 33]","[289.85, 13]",109.46,94,3.08,0.02
07:34:07,"[108.64, 11]","[107.87, 15]","[111.0, 35]","[484.43, 7]",109.82,68,2.36,-0.24
07:34:08,"[110.0, 5]","[109.0, 5]","[111.0, 25]","[329.8, 5]",110.5,40,1.0,-0.5
07:34:09,"[110.0, 7]","[109.0, 7]","[111.0, 35]","[213.0, 12]",110.5,61,1.0,-0.54
07:34:10,"[107.5, 10]","[106.0, 15]","[111.0, 50]","[194.54, 13]",109.25,88,3.5,-0.43
07:34:11,"[105.17, 54]","[103.68, 19]","[110.41, 49]","[113.98, 53]",107.79,175,5.24,-0.17
07:34:12,"[104.98, 42]","[103.54, 13]","[110.0, 40]","[111.12, 32]",107.49,127,5.02,-0.13
07:34:13,"[104.0, 5]","[103.0, 30]","[110.0, 25]","[111.0, 20]",107.0,80,6.0,-0.12
07:34:14,"[103.45, 11]","[98.0, 32]","[110.0, 30]","[111.0, 24]",106.73,97,6.55,-0.11
07:34:15,"[103.0, 96]","[18.65, 34]","[109.11, 85]","[110.18, 62]",106.05,277,6.11,-0.06
07:34:16,"[103.09, 66]","[76.5, 42]","[107.49, 41]","[108.47, 53]",105.29,202,4.4,0.07
07:34:17,"[105.4, 30]","[103.0, 60]","[107.0, 30]","[108.0, 60]",106.2,180,1.6,0.0
07:34:18,"[102.68, 47]","[100.73, 52]","[107.96, 69]","[108.9, 59]",105.32,227,5.28,-0.13
07:34:19,"[104.56, 34]","[103.1, 30]","[108.0, 83]","[109.0, 109]",106.28,256,3.44,-0.5
07:34:20,"[106.08, 26]","[102.16, 75]","[108.0, 45]","[109.0, 66]",107.04,212,1.92,-0.05
07:34:21,"[106.55, 22]","[103.86, 63]","[108.0, 22]","[109.0, 71]",107.27,178,1.45,-0.04
07:34:22,"[106.91, 22]","[103.41, 73]","[108.0, 18]","[109.0, 81]",107.45,194,1.09,-0.02
07:34:23,"[105.95, 38]","[102.29, 92]","[108.88, 72]","[194.25, 64]",107.41,266,2.93,-0.02
07:34:24,"[102.75, 32]","[100.77, 53]","[109.0, 63]","[277.43, 28]",105.88,176,6.25,-0.03
07:34:25,"[103.0, 28]","[102.0, 56]","[108.24, 37]","[184.28, 25]",105.62,146,5.24,0.15
07:34:26,"[102.7, 46]","[100.37, 68]","[107.0, 40]","[108.0, 29]",104.85,183,4.3,0.25
07:34:27,"[102.0, 56]","[86.87, 30]","[107.0, 32]","[108.0, 24]",104.5,142,5.0,0.21
07:34:28,"[102.0, 49]","[75.0, 21]","[106.12, 34]","[107.08, 37]",104.06,141,4.12,-0.01
07:34:29,"[102.0, 63]","[75.88, 17]","[105.93, 43]","[106.91, 53]",103.97,176,3.93,-0.09
07:34:30,"[102.0, 63]","[88.91, 33]","[103.24, 42]","[105.0, 27]",102.62,165,1.24,0.16
07:34:31,"[102.0, 38]","[90.0, 40]","[104.12, 24]","[106.71, 42]",103.06,144,2.12,0.08
07:34:32,"[102.0, 27]","[0, 0]","[104.5, 8]","[106.83, 12]",103.25,47,2.5,0.15
07:34:33,"[102.0, 16]","[81.0, 20]","[106.0, 8]","[107.0, 16]",104.0,60,4.0,0.2
07:34:34,"[102.0, 32]","[82.0, 40]","[104.44, 18]","[106.62, 13]",103.22,103,2.44,0.4
07:34:35,"[103.0, 7]","[102.0, 28]","[107.0, 12]","[258.19, 21]",105.0,68,4.0,0.03
07:34:36,"[104.22, 9]","[101.67, 36]","[107.0, 18]","[265.71, 34]",105.61,97,2.78,-0.07
07:34:37,"[105.94, 17]","[101.0, 28]","[107.0, 14]","[212.84, 25]",106.47,84,1.06,0.07
07:34:38,"[106.0, 6]","[101.0, 24]","[107.0, 12]","[539.43, 23]",106.5,65,1.0,-0.08
07:34:39,"[106.0, 9]","[95.49, 82]","[107.0, 21]","[291.07, 29]",106.5,141,1.0,0.29
07:34:40,"[101.05, 109]","[64.97, 79]","[105.96, 28]","[154.0, 26]",103.51,242,4.92,0.55
07:34:41,"[101.05, 156]","[96.45, 66]","[103.71, 28]","[105.5, 20]",102.38,270,2.66,0.64
07:34:42,"[101.29, 51]","[100.54, 78]","[104.09, 11]","[105.93, 45]",102.69,185,2.8,0.39
07:34:43,"[103.37, 27]","[101.75, 56]","[105.39, 18]","[107.46, 82]",104.38,183,2.02,-0.09
07:34:44,"[102.04, 46]","[100.08, 106]","[107.32, 69]","[126.7, 63]",104.68,284,5.28,0.07
07:34:45,"[100.4, 140]","[98.45, 98]","[138.47, 30]","[185.39, 46]",119.43,314,38.07,0.52
07:34:46,"[99.89, 130]","[96.0, 80]","[125.31, 35]","[169.72, 43]",112.6,288,25.42,0.46
07:34:47,"[109.0, 42]","[98.0, 84]","[151.5, 24]","[268.22, 27]",130.25,177,42.5,0.42
07:34:48,"[109.0, 21]","[98.0, 84]","[381.57, 28]","[584.57, 21]",245.29,154,272.57,0.36
07:34:49,"[110.47, 30]","[100.2, 90]","[374.17, 36]","[607.42, 48]",242.32,204,263.7,0.18
07:34:50,"[109.0, 24]","[100.37, 76]","[416.62, 24]","[647.26, 39]",262.81,163,307.62,0.23
07:34:51,"[109.73, 22]","[108.71, 28]","[255.5, 26]","[303.02, 41]",182.61,117,145.77,-0.15
07:34:52,"[113.61, 56]","[109.8, 45]","[251.39, 18]","[378.11, 57]",182.5,176,137.78,0.15
07:34:53,"[115.0, 31]","[111.0, 20]","[249.9, 10]","[303.32, 38]",182.45,99,134.9,0.03
07:34:54,"[115.36, 22]","[113.17, 46]","[247.44, 50]","[261.0, 22]",181.4,140,132.08,-0.03
07:34:55,"[113.67, 18]","[111.4, 30]","[245.83, 12]","[247.07, 28]",179.75,88,132.17,0.09
07:34:56,"[113.0, 27]","[109.0, 27]","[238.36, 11]","[246.74, 23]",175.68,88,125.36,0.23
07:34:57,"[113.0, 42]","[109.0, 42]","[153.84, 25]","[179.31, 36]",133.42,145,40.84,0.16
07:34:58,"[113.0, 78]","[109.0, 33]","[145.84, 25]","[146.37, 19]",129.42,155,32.84,0.43
07:34:59,"[113.0, 38]","[109.0, 33]","[143.18, 11]","[146.0, 33]",128.09,115,30.18,0.23
07:35:00,"[112.36, 28]","[107.46, 39]","[141.08, 12]","[146.0, 36]",126.72,115,28.73,0.17
07:35:01,"[102.06, 72]","[100.66, 70]","[140.64, 14]","[144.21, 29]",121.35,185,38.59,0.54
07:35:02,"[102.14, 14]","[101.0, 49]","[139.71, 7]","[236.22, 18]",120.93,88,37.57,0.43
07:35:03,"[107.97, 88]","[106.94, 109]","[139.0, 18]","[140.0, 18]",123.48,233,31.03,0.69
07:35:04,"[109.14, 29]","[108.19, 74]","[137.86, 7]","[139.14, 7]",123.5,117,28.72,0.76
07:35:05,"[109.65, 43]","[108.54, 78]","[133.41, 17]","[134.65, 17]",121.53,155,23.76,0.56
07:35:06,"[109.12, 25]","[108.11, 94]","[131.7, 10]","[133.4, 10]",120.41,139,22.58,0.71
07:35:07,"[109.43, 42]","[108.33, 108]","[130.07, 15]","[132.0, 15]",119.75,180,20.64,0.67
07:35:08,"[108.32, 88]","[107.47, 94]","[129.25, 12]","[132.0, 12]",118.78,206,20.93,0.77
07:35:09,"[109.4, 105]","[107.29, 98]","[124.64, 14]","[257.62, 29]",117.02,246,15.24,0.65
07:35:10,"[115.0, 27]","[108.0, 108]","[119.15, 27]","[121.0, 9]",117.07,171,4.15,0.58
07:35:11,"[115.0, 30]","[108.0, 120]","[117.5, 22]","[118.29, 28]",116.25,200,2.5,0.5
07:35:12,"[110.58, 26]","[107.83, 111]","[117.76, 34]","[118.45, 31]",114.17,202,7.19,0.36
07:35:13,"[111.0, 11]","[109.0, 11]","[114.3, 23]","[114.5, 32]",112.65,77,3.3,-0.43
07:35:14,"[110.25, 8]","[108.13, 38]","[111.64, 11]","[112.97, 29]",110.94,86,1.39,0.07
07:35:15,"[108.06, 34]","[105.69, 32]","[109.89, 38]","[265.85, 13]",108.98,117,1.84,0.13
07:35:16,"[99.71, 14]","[77.29, 14]","[112.0, 7]","[601.12, 17]",105.86,52,12.29,0.08
07:35:17,"[74.45, 11]","[62.33, 18]","[111.0, 9]","[370.0, 24]",92.73,62,36.55,-0.06
07:35:18,"[77.26, 19]","[35.07, 15]","[125.44, 27]","[323.29, 28]",101.35,89,48.18,-0.24
07:35:19,"[103.29, 14]","[70.8, 15]","[216.03, 29]","[341.0, 30]",159.66,88,112.75,-0.34
07:35:20,"[81.5, 20]","[30.0, 30]","[226.59, 44]","[332.79, 33]",154.05,127,145.09,-0.21
07:35:21,"[87.95, 77]","[72.83, 41]","[152.71, 45]","[178.55, 44]",120.33,207,64.76,0.14
07:35:22,"[113.0, 60]","[99.75, 40]","[123.67, 75]","[127.11, 57]",118.33,232,10.67,-0.14
07:35:23,"[113.95, 76]","[112.74, 38]","[123.0, 50]","[189.0, 10]",118.47,174,9.05,0.31
07:35:24,"[114.21, 112]","[113.0, 56]","[120.07, 46]","[126.42, 38]",117.14,252,5.85,0.33
07:35:25,"[114.44, 100]","[111.03, 71]","[116.09, 44]","[213.82, 40]",115.27,255,1.65,0.34
07:35:26,"[110.04, 54]","[108.53, 38]","[115.18, 33]","[175.26, 42]",112.61,167,5.14,0.1
07:35:27,"[109.58, 33]","[108.94, 34]","[114.0, 11]","[115.0, 55]",111.79,133,4.42,0.01
07:35:28,"[111.11, 28]","[109.04, 24]","[113.58, 12]","[146.36, 36]",112.35,100,2.48,0.04
07:35:29,"[111.96, 23]","[108.92, 52]","[178.07, 27]","[412.03, 69]",145.02,171,66.12,-0.12
07:35:30,"[108.76, 33]","[107.33, 12]","[143.3, 10]","[195.6, 43]",126.03,98,34.54,-0.08
07:35:31,"[107.0, 20]","[106.0, 20]","[140.36, 42]","[188.11, 18]",123.68,100,33.36,-0.2
07:35:32,"[107.0, 92]","[106.0, 20]","[139.88, 34]","[140.46, 26]",123.44,172,32.88,0.3
07:35:33,"[107.04, 131]","[106.28, 36]","[137.23, 52]","[138.85, 34]",122.13,253,30.19,0.32
07:35:34,"[107.0, 54]","[106.0, 18]","[136.14, 14]","[137.05, 41]",121.57,127,29.14,0.13
07:35:35,"[107.08, 26]","[106.6, 20]","[134.5, 6]","[137.0, 30]",120.79,82,27.42,0.12
07:35:36,"[108.0, 12]","[107.0, 72]","[132.09, 44]","[135.86, 28]",120.05,156,24.09,0.08
07:35:37,"[107.33, 18]","[106.64, 28]","[129.88, 40]","[133.0, 8]",118.6,94,22.54,-0.02
07:35:38,"[108.26, 19]","[106.92, 26]","[128.22, 45]","[133.0, 9]",118.24,99,19.96,-0.09
07:35:39,"[109.12, 17]","[106.67, 24]","[126.9, 39]","[128.56, 27]",118.01,107,17.78,-0.23
07:35:40,"[107.0, 11]","[106.0, 22]","[123.89, 19]","[126.45, 47]",115.45,99,16.89,-0.33
07:35:41,"[112.88, 81]","[106.25, 24]","[121.09, 55]","[122.71, 35]",116.98,195,8.21,0.08
07:35:42,"[111.14, 44]","[109.73, 44]","[121.0, 45]","[332.57, 14]",116.07,147,9.86,0.2
07:35:43,"[115.0, 16]","[110.0, 64]","[119.12, 32]","[120.15, 33]",117.06,145,4.12,0.1
07:35:44,"[112.65, 34]","[109.92, 74]","[116.67, 51]","[144.33, 43]",114.66,202,4.02,0.07
07:35:45,"[110.0, 64]","[107.0, 38]","[114.89, 28]","[178.81, 27]",112.45,157,4.89,0.3
07:35:46,"[110.0, 48]","[107.0, 16]","[114.67, 12]","[128.0, 6]",112.33,82,4.67,0.56
07:35:47,"[110.0, 20]","[106.43, 7]","[113.2, 10]","[140.0, 5]",111.6,42,3.2,0.29
07:35:48,"[110.0, 14]","[106.73, 30]","[111.29, 21]","[125.88, 17]",110.64,82,1.29,0.07
07:35:49,"[107.19, 32]","[106.62, 16]","[111.14, 7]","[122.4, 10]",109.17,65,3.96,0.48
07:35:50,"[107.0, 76]","[106.0, 18]","[108.17, 23]","[112.0, 18]",107.59,135,1.17,0.39
07:35:51,"[107.25, 44]","[89.43, 37]","[110.0, 24]","[115.33, 18]",108.62,123,2.75,0.32
07:35:52,"[108.65, 52]","[107.8, 66]","[111.64, 22]","[117.0, 22]",110.15,162,2.98,0.46
07:35:53,"[109.0, 32]","[108.0, 70]","[111.0, 20]","[264.0, 15]",110.0,137,2.0,0.49
07:35:54,"[108.3, 40]","[107.78, 90]","[110.12, 17]","[120.64, 28]",109.21,175,1.82,0.49
07:35:55,"[109.0, 5]","[108.0, 35]","[110.0, 10]","[156.86, 7]",109.5,57,1.0,0.4
07:35:56,"[108.06, 47]","[107.38, 56]","[180.67, 18]","[364.82, 17]",144.37,138,72.6,0.49
07:35:57,"[110.94, 81]","[107.69, 32]","[178.18, 17]","[209.0, 24]",144.56,154,67.24,0.47
07:35:58,"[112.0, 40]","[108.0, 20]","[125.5, 10]","[150.73, 11]",118.75,81,13.5,0.48
07:35:59,"[112.75, 24]","[108.0, 24]","[124.0, 12]","[155.2, 20]",118.38,80,11.25,0.2
07:36:00,"[111.92, 24]","[107.44, 36]","[128.08, 13]","[165.83, 23]",120.0,96,16.16,0.25
07:36:01,"[107.25, 24]","[105.59, 51]","[152.54, 26]","[268.46, 13]",129.89,114,45.29,0.32
07:36:02,"[107.0, 21]","[105.0, 42]","[130.0, 19]","[148.2, 20]",118.5,102,23.0,0.24
07:36:03,"[107.0, 18]","[105.0, 36]","[123.94, 16]","[145.18, 17]",115.47,87,16.94,0.24
07:36:04,"[107.0, 27]","[105.0, 54]","[123.44, 27]","[195.1, 31]",115.22,139,16.44,0.17
07:36:05,"[107.08, 26]","[105.22, 55]","[123.0, 30]","[187.59, 22]",115.04,133,15.92,0.22
07:36:06,"[114.36, 33]","[109.29, 49]","[122.0, 39]","[157.64, 44]",118.18,165,7.64,-0.01
07:36:07,"[115.0, 42]","[110.0, 84]","[120.93, 42]","[125.0, 56]",117.96,224,5.93,0.12
07:36:08,"[115.0, 24]","[110.0, 48]","[119.0, 24]","[179.25, 32]",117.0,128,4.0,0.12
07:36:09,"[114.29, 42]","[109.93, 84]","[117.35, 48]","[186.48, 61]",115.82,235,3.07,0.07
07:36:10,"[109.43, 35]","[108.6, 45]","[114.52, 23]","[116.12, 34]",111.98,137,5.09,0.17
07:36:11,"[108.0, 35]","[107.0, 15]","[113.67, 12]","[115.71, 14]",110.83,76,5.67,0.32
07:36:12,"[108.03, 65]","[107.21, 34]","[112.1, 40]","[114.0, 20]",110.07,159,4.07,0.25
07:36:13,"[108.11, 53]","[107.47, 45]","[109.79, 34]","[112.1, 42]",108.95,174,1.68,0.13
07:36:14,"[104.46, 28]","[61.21, 28]","[107.66, 32]","[154.79, 34]",106.06,122,3.19,-0.08
07:36:15,"[82.33, 27]","[42.41, 32]","[104.45, 22]","[118.42, 31]",93.39,112,22.12,0.05
07:36:16,"[85.4, 15]","[59.62, 16]","[200.8, 20]","[532.5, 24]",143.1,75,115.4,-0.17
07:36:17,"[79.6, 15]","[72.38, 16]","[607.82, 17]","[608.0, 10]",343.71,58,528.22,0.07
07:36:18,"[91.08, 39]","[64.24, 63]","[522.15, 13]","[608.78, 45]",306.62,160,431.08,0.28
07:36:19,"[98.17, 30]","[87.57, 28]","[359.71, 28]","[446.75, 16]",228.94,102,261.55,0.14
07:36:20,"[105.62, 21]","[87.33, 61]","[303.88, 32]","[359.5, 40]",204.75,154,198.26,0.06
07:36:21,"[104.87, 15]","[83.02, 59]","[322.9, 31]","[365.35, 17]",213.88,122,218.04,0.21
07:36:22,"[105.92, 71]","[81.74, 65]","[167.81, 16]","[617.56, 16]",136.86,168,61.9,0.62
07:36:23,"[106.45, 143]","[77.8, 64]","[153.0, 11]","[218.91, 55]",129.73,273,46.55,0.52
07:36:24,"[107.94, 94]","[97.25, 36]","[152.12, 8]","[346.62, 32]",130.03,170,44.19,0.53
07:36:25,"[106.29, 21]","[98.55, 47]","[152.0, 9]","[392.0, 45]",129.14,122,45.71,0.11
07:36:26,"[112.0, 28]","[109.25, 8]","[377.0, 16]","[524.75, 8]",244.5,60,265.0,0.2
07:36:27,"[112.11, 54]","[110.0, 48]","[383.0, 10]","[392.0, 50]",247.56,162,270.89,0.26
07:36:28,"[113.5, 24]","[109.71, 56]","[261.5, 28]","[366.85, 20]",187.5,128,148.0,0.25
07:36:29,"[108.0, 55]","[107.0, 25]","[222.43, 28]","[232.5, 20]",165.21,128,114.43,0.25
07:36:30,"[108.08, 53]","[107.4, 35]","[228.93, 41]","[573.54, 13]",168.5,142,120.85,0.24
07:36:31,"[109.0, 10]","[108.0, 35]","[160.69, 13]","[251.53, 17]",134.85,75,51.69,0.2
07:36:32,"[109.18, 11]","[108.05, 37]","[115.33, 30]","[116.08, 26]",112.26,104,6.15,-0.08
07:36:33,"[108.35, 23]","[107.76, 37]","[114.0, 35]","[115.0, 35]",111.17,130,5.65,-0.08
07:36:34,"[108.64, 33]","[107.6, 30]","[111.6, 50]","[115.0, 50]",110.12,163,2.96,-0.23
07:36:35,"[108.14, 35]","[107.09, 33]","[113.69, 49]","[504.67, 12]",110.92,129,5.55,0.05
07:36:36,"[108.0, 24]","[107.0, 24]","[114.0, 32]","[382.38, 8]",111.0,88,6.0,0.09
07:36:37,"[108.16, 19]","[107.21, 19]","[114.0, 24]","[611.0, 6]",111.08,68,5.84,0.12
07:36:38,"[108.0, 29]","[107.0, 43]","[113.44, 36]","[525.0, 9]",110.72,117,5.44,0.23
07:36:39,"[109.0, 4]","[108.0, 12]","[110.75, 16]","[661.0, 4]",109.88,36,1.75,-0.11
07:36:40,"[107.76, 17]","[105.66, 29]","[126.65, 23]","[418.6, 10]",117.21,79,18.89,0.16
07:36:41,"[110.08, 13]","[105.94, 17]","[203.52, 21]","[339.58, 12]",156.8,63,93.45,-0.05
07:36:42,"[113.48, 33]","[112.64, 33]","[186.71, 17]","[187.93, 15]",150.1,98,73.22,0.35
07:36:43,"[113.44, 34]","[112.0, 10]","[184.0, 10]","[185.0, 10]",148.72,64,70.56,0.38
07:36:44,"[114.0, 36]","[112.0, 12]","[182.25, 24]","[183.5, 12]",148.12,84,68.25,0.14
07:36:45,"[107.0, 42]","[57.88, 16]","[180.13, 15]","[181.86, 21]",143.57,94,73.13,0.23
07:36:46,"[109.0, 33]","[107.0, 110]","[177.65, 23]","[177.86, 21]",143.33,187,68.65,0.53
07:36:47,"[109.0, 30]","[107.0, 66]","[130.53, 15]","[140.61, 18]",119.77,129,21.53,0.49
07:36:48,"[109.64, 14]","[107.92, 65]","[126.58, 12]","[128.25, 12]",118.11,103,16.94,0.53
07:36:49,"[111.96, 81]","[108.62, 16]","[121.21, 14]","[207.89, 19]",116.59,130,9.25,0.49
07:36:50,"[108.02, 102]","[107.11, 110]","[114.85, 41]","[116.71, 21]",111.44,274,6.83,0.55
07:36:51,"[108.0, 66]","[107.0, 42]","[112.0, 8]","[113.29, 14]",110.0,130,4.0,0.66
07:36:52,"[108.12, 100]","[107.34, 95]","[109.7, 20]","[113.32, 31]",108.91,246,1.58,0.59
07:36:53,"[109.17, 18]","[108.0, 33]","[111.0, 6]","[114.0, 24]",110.08,81,1.83,0.26
07:36:54,"[107.33, 27]","[106.58, 36]","[111.0, 6]","[133.0, 30]",109.17,99,3.67,0.27
07:36:55,"[107.12, 41]","[106.33, 60]","[109.94, 17]","[143.13, 46]",108.53,164,2.82,0.23
07:36:56,"[105.33, 36]","[70.0, 38]","[108.19, 16]","[129.58, 12]",106.76,102,2.85,0.45
07:36:57,"[105.0, 55]","[56.76, 41]","[106.0, 32]","[107.0, 11]",105.5,139,1.0,0.38
07:36:58,"[107.49, 45]","[97.2, 40]","[152.35, 17]","[248.29, 31]",129.92,133,44.86,0.28
07:36:59,"[109.89, 35]","[108.56, 36]","[188.0, 9]","[222.0, 45]",148.94,125,78.11,0.14
07:37:00,"[110.0, 10]","[109.0, 20]","[179.4, 10]","[237.11, 18]",144.7,58,69.4,0.03
07:37:01,"[110.23, 26]","[109.08, 48]","[179.94, 32]","[284.84, 57]",145.08,163,69.71,-0.09
07:37:02,"[109.77, 31]","[108.0, 30]","[257.45, 22]","[338.43, 28]",183.61,111,147.68,0.1
07:37:03,"[109.75, 48]","[108.89, 55]","[579.68, 22]","[622.26, 38]",344.72,163,469.93,0.26
07:37:04,"[112.0, 12]","[110.0, 74]","[284.89, 38]","[347.79, 29]",198.45,153,172.89,0.12
07:37:05,"[112.78, 9]","[110.0, 72]","[135.0, 32]","[136.21, 19]",123.89,132,22.22,0.23
07:37:06,"[113.92, 12]","[110.7, 86]","[133.5, 42]","[134.86, 42]",123.71,182,19.58,0.08
07:37:07,"[114.55, 11]","[112.0, 66]","[131.59, 34]","[133.79, 43]",123.07,154,17.04,0.0
07:37:08,"[116.0, 11]","[112.0, 66]","[127.98, 47]","[129.07, 45]",121.99,169,11.98,-0.09
07:37:09,"[116.89, 9]","[112.0, 54]","[122.35, 34]","[124.32, 31]",119.62,128,5.46,-0.02
07:37:10,"[111.5, 34]","[109.94, 64]","[118.86, 49]","[120.12, 56]",115.18,203,7.36,-0.03
07:37:11,"[110.0, 22]","[109.0, 55]","[113.41, 44]","[114.43, 51]",111.7,172,3.41,-0.1
07:37:12,"[108.68, 25]","[107.31, 65]","[110.22, 27]","[111.28, 29]",109.45,146,1.54,0.23
07:37:13,"[107.09, 111]","[88.54, 92]","[110.0, 40]","[196.68, 38]",108.55,281,2.91,0.44
07:37:14,"[107.0, 20]","[71.46, 39]","[108.82, 22]","[109.33, 18]",107.91,99,1.82,0.19
07:37:15,"[107.0, 7]","[78.15, 27]","[108.4, 15]","[289.57, 21]",107.7,70,1.4,-0.03
07:37:16,"[108.04, 52]","[104.71, 31]","[297.96, 23]","[465.76, 33]",203.0,139,189.92,0.19
07:37:17,"[111.0, 21]","[108.14, 57]","[298.0, 33]","[332.19, 37]",204.5,148,187.0,0.05
07:37:18,"[115.88, 16]","[112.87, 15]","[220.48, 21]","[268.85, 20]",168.18,72,104.6,-0.14
07:37:19,"[116.0, 16]","[115.0, 8]","[193.27, 30]","[201.09, 23]",154.63,77,77.27,-0.38
07:37:20,"[116.0, 20]","[115.0, 10]","[184.91, 34]","[217.43, 28]",150.46,92,68.91,-0.35
07:37:21,"[116.0, 18]","[115.0, 9]","[142.94, 31]","[150.88, 41]",129.47,99,26.94,-0.45
07:37:22,"[116.0, 13]","[115.0, 12]","[141.5, 36]","[144.0, 87]",128.75,148,25.5,-0.66
07:37:23,"[112.57, 21]","[109.67, 27]","[139.78, 27]","[328.09, 33]",126.17,108,27.21,-0.11
07:37:24,"[109.6, 15]","[108.05, 82]","[138.29, 21]","[398.71, 21]",123.94,139,28.69,0.4
07:37:25,"[109.0, 20]","[108.0, 130]","[137.25, 36]","[410.35, 34]",123.12,220,28.25,0.36
07:37:26,"[109.14, 22]","[108.03, 107]","[134.0, 41]","[135.16, 31]",121.57,201,24.86,0.28
07:37:27,"[109.0, 36]","[108.0, 156]","[130.79, 42]","[132.0, 54]",119.89,288,21.79,0.33
07:37:28,"[109.0, 40]","[108.0, 130]","[127.22, 27]","[128.29, 38]",118.11,235,18.22,0.45
07:37:29,"[108.21, 29]","[107.76, 42]","[125.53, 19]","[126.71, 21]",116.87,111,17.32,0.28
07:37:30,"[108.1, 81]","[107.12, 32]","[121.85, 47]","[123.27, 49]",114.97,209,13.75,0.08
07:37:31,"[109.0, 40]","[108.0, 20]","[115.21, 33]","[116.46, 28]",112.11,121,6.21,-0.01
07:37:32,"[108.9, 40]","[107.82, 22]","[110.56, 27]","[112.4, 30]",109.73,119,1.66,0.04
07:37:33,"[107.64, 28]","[83.03, 72]","[109.34, 44]","[230.46, 37]",108.49,181,1.7,0.1
07:37:34,"[87.14, 58]","[74.55, 87]","[108.5, 14]","[208.63, 38]",97.82,197,21.36,0.47
07:37:35,"[107.76, 49]","[93.91, 55]","[157.64, 25]","[276.3, 33]",132.7,162,49.88,0.28
07:37:36,"[97.54, 37]","[80.0, 84]","[155.11, 9]","[428.56, 18]",126.33,148,57.57,0.64
07:37:37,"[90.0, 65]","[46.6, 50]","[114.2, 15]","[317.8, 10]",102.1,140,24.2,0.64
07:37:38,"[87.67, 84]","[46.1, 69]","[137.22, 9]","[331.43, 21]",112.44,183,49.56,0.67
07:37:39,"[92.36, 25]","[42.82, 44]","[153.0, 5]","[393.4, 10]",122.68,84,60.64,0.64
07:37:40,"[91.38, 61]","[47.5, 92]","[150.73, 11]","[458.2, 25]",121.05,189,59.35,0.62
07:37:41,"[60.63, 19]","[50.49, 65]","[106.24, 29]","[160.6, 20]",83.44,133,45.61,0.26
07:37:42,"[67.26, 23]","[55.07, 56]","[101.65, 17]","[103.31, 39]",84.45,135,34.39,0.17
07:37:43,"[71.0, 6]","[60.9, 10]","[98.5, 6]","[100.33, 9]",84.75,31,27.5,0.03
07:37:44,"[78.39, 57]","[70.36, 55]","[100.17, 23]","[102.36, 53]",89.28,188,21.79,0.19
07:37:45,"[98.28, 25]","[78.32, 53]","[103.0, 71]","[105.0, 27]",100.64,176,4.72,-0.11
07:37:46,"[101.56, 18]","[83.57, 14]","[103.0, 42]","[105.0, 48]",102.28,122,1.44,-0.48
07:37:47,"[82.61, 46]","[69.05, 44]","[103.0, 24]","[105.0, 29]",92.8,143,20.39,0.26
07:37:48,"[86.31, 52]","[73.95, 41]","[103.0, 14]","[105.0, 21]",94.65,128,16.69,0.45
07:37:49,"[96.32, 44]","[94.98, 41]","[105.25, 16]","[388.57, 21]",100.78,122,8.93,0.39
07:37:50,"[97.0, 14]","[96.0, 20]","[106.0, 8]","[502.0, 10]",101.5,52,9.0,0.31
07:37:51,"[97.0, 14]","[94.0, 14]","[502.0, 10]","[674.0, 2]",299.5,40,405.0,0.4
07:37:52,"[107.47, 30]","[105.0, 70]","[228.61, 31]","[472.0, 25]",168.04,156,121.15,0.28
07:37:53,"[109.41, 32]","[106.35, 46]","[123.83, 36]","[134.12, 16]",116.62,130,14.43,0.2
07:37:54,"[112.14, 28]","[108.77, 52]","[123.0, 24]","[124.0, 40]",117.57,144,10.86,0.11
07:37:55,"[113.7, 37]","[110.0, 56]","[121.27, 33]","[123.27, 37]",117.49,163,7.57,0.14
07:37:56,"[113.88, 43]","[110.25, 64]","[117.78, 41]","[119.26, 43]",115.83,191,3.9,0.12
07:37:57,"[108.38, 56]","[107.52, 94]","[114.42, 36]","[116.17, 36]",111.4,222,6.04,0.35
07:37:58,"[109.0, 36]","[108.0, 84]","[113.42, 36]","[116.0, 36]",111.21,192,4.42,0.25
07:37:59,"[109.0, 62]","[108.0, 98]","[111.84, 31]","[113.64, 42]",110.42,233,2.84,0.37
07:38:00,"[107.7, 71]","[105.24, 74]","[109.42, 31]","[124.84, 19]",108.56,195,1.72,0.49
07:38:01,"[107.24, 51]","[97.71, 31]","[130.0, 15]","[232.58, 12]",118.62,109,22.76,0.5
07:38:02,"[108.62, 24]","[104.91, 44]","[250.3, 10]","[345.45, 29]",179.46,107,141.68,0.27
07:38:03,"[107.29, 17]","[101.56, 32]","[374.32, 37]","[407.79, 38]",240.81,124,267.03,-0.21
07:38:04,"[107.0, 16]","[100.41, 17]","[313.67, 36]","[445.27, 33]",210.33,102,206.67,-0.35
07:38:05,"[108.1, 67]","[107.2, 20]","[147.26, 38]","[190.6, 43]",127.68,168,39.16,0.04
07:38:06,"[109.02, 43]","[107.62, 32]","[146.82, 44]","[148.0, 55]",127.92,174,37.79,-0.14
07:38:07,"[108.0, 55]","[107.0, 20]","[146.0, 40]","[267.5, 18]",127.0,133,38.0,0.13
07:38:08,"[108.0, 35]","[107.0, 10]","[145.6, 20]","[429.0, 5]",126.8,70,37.6,0.29
07:38:09,"[108.0, 44]","[107.0, 16]","[143.31, 35]","[163.52, 29]",125.66,124,35.31,-0.03
07:38:10,"[111.0, 56]","[107.67, 48]","[139.57, 67]","[141.74, 77]",125.28,248,28.57,-0.16
07:38:11,"[115.0, 18]","[108.17, 24]","[139.0, 30]","[140.0, 24]",127.0,96,24.0,-0.12
07:38:12,"[115.0, 41]","[109.91, 46]","[137.13, 46]","[138.24, 67]",126.07,200,22.13,-0.13
07:38:13,"[109.13, 31]","[108.18, 44]","[135.18, 49]","[136.33, 36]",122.16,160,26.05,-0.06
07:38:14,"[109.85, 103]","[108.38, 32]","[133.78, 36]","[135.0, 45]",121.82,216,23.92,0.25
07:38:15,"[110.5, 264]","[109.0, 36]","[131.85, 53]","[132.9, 52]",121.17,405,21.35,0.48
07:38:16,"[111.0, 286]","[109.0, 39]","[127.8, 54]","[129.56, 55]",119.4,434,16.8,0.5
07:38:17,"[111.07, 258]","[109.0, 39]","[124.64, 56]","[125.74, 61]",117.86,414,13.57,0.43
07:38:18,"[112.75, 144]","[109.0, 24]","[122.57, 35]","[123.65, 37]",117.66,240,9.82,0.4
07:38:19,"[114.0, 144]","[110.58, 38]","[120.47, 30]","[121.64, 28]",117.23,240,6.47,0.52
07:38:20,"[113.96, 227]","[111.79, 86]","[117.06, 62]","[121.74, 69]",115.51,444,3.11,0.41
07:38:21,"[112.39, 46]","[111.06, 77]","[121.91, 55]","[225.0, 19]",117.15,197,9.52,0.25
07:38:22,"[111.07, 57]","[108.75, 48]","[121.0, 45]","[224.38, 16]",116.04,166,9.93,0.27
07:38:23,"[113.0, 8]","[109.43, 28]","[121.0, 40]","[202.25, 20]",117.0,96,8.0,-0.25
07:38:24,"[110.33, 15]","[109.54, 13]","[121.0, 35]","[192.0, 35]",115.67,98,10.67,-0.43
07:38:25,"[109.0, 50]","[108.0, 43]","[121.0, 50]","[192.95, 22]",115.0,165,12.0,0.13
07:38:26,"[110.2, 25]","[108.64, 39]","[120.0, 35]","[200.14, 7]",115.1,106,9.8,0.21
07:38:27,"[109.81, 31]","[108.84, 38]","[118.89, 45]","[445.0, 9]",114.35,123,9.08,0.12
07:38:28,"[110.0, 16]","[109.0, 37]","[116.18, 33]","[134.88, 40]",113.09,126,6.18,-0.16
07:38:29,"[109.82, 22]","[108.27, 52]","[113.98, 54]","[115.33, 45]",111.9,173,4.16,-0.14
07:38:30,"[108.51, 43]","[107.76, 50]","[112.36, 55]","[115.0, 44]",110.44,192,3.85,-0.03
07:38:31,"[109.0, 27]","[108.0, 36]","[111.14, 44]","[142.23, 31]",110.07,138,2.14,-0.09
07:38:32,"[108.76, 55]","[107.58, 57]","[204.24, 38]","[352.6, 20]",156.5,170,95.47,0.32
07:38:33,"[113.0, 42]","[108.0, 119]","[273.96, 26]","[380.85, 26]",193.48,213,160.96,0.51
07:38:34,"[113.0, 48]","[108.0, 136]","[223.75, 20]","[290.86, 22]",168.38,226,110.75,0.63
07:38:35,"[113.0, 102]","[108.25, 159]","[208.95, 22]","[270.77, 61]",160.98,344,95.95,0.52
07:38:36,"[113.0, 60]","[109.0, 40]","[200.7, 20]","[203.0, 10]",156.85,130,87.7,0.54
07:38:37,"[113.0, 77]","[109.04, 79]","[184.46, 41]","[261.75, 60]",148.73,257,71.46,0.21
07:38:38,"[111.84, 31]","[108.55, 87]","[197.64, 28]","[234.86, 37]",154.74,183,85.8,0.29
07:38:39,"[109.0, 18]","[108.0, 138]","[196.1, 29]","[196.74, 23]",152.55,208,87.1,0.5
07:38:40,"[109.72, 25]","[108.35, 69]","[148.76, 37]","[170.4, 35]",129.24,166,39.04,0.13
07:38:41,"[111.33, 36]","[109.29, 42]","[161.12, 52]","[166.73, 44]",136.22,174,49.78,-0.1
07:38:42,"[112.56, 36]","[111.0, 20]","[151.5, 50]","[175.22, 37]",132.03,143,38.94,-0.22
07:38:43,"[113.22, 18]","[111.44, 18]","[135.41, 41]","[165.41, 27]",124.32,104,22.19,-0.31
07:38:44,"[111.38, 39]","[108.74, 62]","[127.8, 30]","[208.0, 59]",119.59,190,16.42,0.06
07:38:45,"[109.91, 88]","[108.45, 110]","[124.75, 24]","[126.2, 40]",117.33,262,14.84,0.51
07:38:46,"[114.67, 81]","[111.59, 96]","[122.05, 38]","[124.07, 30]",118.36,245,7.39,0.44
07:38:47,"[116.88, 52]","[115.0, 90]","[119.16, 31]","[120.8, 40]",118.02,213,2.28,0.33
07:38:48,"[115.29, 28]","[110.39, 79]","[120.88, 25]","[122.5, 16]",118.08,148,5.59,0.45
07:38:49,"[115.0, 54]","[108.0, 73]","[120.62, 26]","[121.57, 28]",117.81,181,5.62,0.4
07:38:50,"[115.0, 48]","[108.38, 24]","[120.0, 16]","[121.0, 32]",117.5,120,5.0,0.2
07:38:51,"[115.0, 54]","[109.0, 27]","[119.5, 24]","[120.8, 30]",117.25,135,4.5,0.2
07:38:52,"[115.0, 30]","[109.0, 15]","[119.0, 20]","[120.0, 10]",117.0,75,4.0,0.2
07:38:53,"[115.0, 33]","[109.0, 24]","[118.55, 22]","[136.21, 28]",116.77,107,3.55,0.07
07:38:54,"[115.0, 10]","[110.41, 34]","[119.0, 40]","[199.0, 30]",117.0,114,4.0,-0.23
07:38:55,"[112.91, 23]","[110.88, 64]","[116.93, 27]","[118.71, 42]",114.92,156,4.01,0.12
07:38:56,"[112.44, 9]","[110.16, 49]","[114.11, 18]","[209.57, 28]",113.28,104,1.67,0.12
07:38:57,"[109.25, 72]","[109.05, 65]","[189.5, 28]","[250.36, 28]",149.38,193,80.25,0.42
07:38:58,"[109.0, 70]","[108.0, 21]","[236.17, 12]","[237.67, 24]",172.58,127,127.17,0.43
07:38:59,"[109.0, 93]","[108.0, 30]","[233.84, 19]","[235.18, 11]",171.42,153,124.84,0.61
07:39:00,"[109.0, 55]","[108.0, 28]","[232.0, 20]","[235.0, 10]",170.5,113,123.0,0.47
07:39:01,"[110.37, 54]","[105.94, 48]","[231.0, 23]","[232.36, 22]",170.69,147,120.63,0.39
07:39:02,"[113.0, 24]","[109.0, 24]","[180.85, 33]","[202.52, 21]",146.92,102,67.85,-0.06
07:39:03,"[109.14, 21]","[105.93, 41]","[158.1, 30]","[184.05, 22]",133.62,114,48.96,0.09
07:39:04,"[100.29, 35]","[87.18, 33]","[160.54, 13]","[184.0, 26]",130.41,107,60.25,0.27
07:39:05,"[98.09, 11]","[55.29, 14]","[121.0, 14]","[165.0, 15]",109.55,54,22.91,-0.07
07:39:06,"[75.45, 11]","[59.92, 13]","[186.0, 14]","[534.08, 26]",130.73,64,110.55,-0.25
07:39:07,"[87.0, 12]","[83.0, 3]","[134.8, 10]","[456.67, 9]",110.9,34,47.8,-0.12
07:39:08,"[85.67, 12]","[37.4, 10]","[106.68, 19]","[216.47, 17]",96.18,58,21.02,-0.24
07:39:09,"[63.62, 13]","[62.0, 2]","[105.96, 23]","[206.78, 23]",84.79,61,42.34,-0.51
07:39:10,"[84.0, 14]","[23.0, 2]","[104.43, 28]","[107.0, 14]",94.21,58,20.43,-0.45
07:39:11,"[84.0, 6]","[23.0, 2]","[102.25, 4]","[105.5, 8]",93.12,20,18.25,-0.2
07:39:12,"[40.0, 14]","[26.0, 16]","[104.0, 7]","[107.0, 14]",72.0,51,64.0,0.18
07:39:13,"[23.33, 24]","[11.33, 18]","[102.43, 7]","[107.0, 14]",62.88,63,79.1,0.33
07:39:14,"[32.67, 30]","[14.0, 24]","[100.78, 9]","[107.0, 18]",66.72,81,68.11,0.33
07:39:15,"[88.0, 28]","[25.57, 14]","[99.4, 10]","[103.71, 21]",93.7,73,11.4,0.15
07:39:16,"[88.0, 16]","[35.0, 8]","[99.0, 4]","[104.0, 20]",93.5,48,11.0,0.0
07:39:17,"[89.5, 18]","[88.0, 24]","[99.0, 6]","[104.0, 30]",94.25,78,9.5,0.08
07:39:18,"[92.0, 27]","[67.51, 37]","[99.0, 9]","[104.0, 45]",95.5,118,7.0,0.08
07:39:19,"[94.56, 32]","[91.22, 27]","[103.29, 35]","[104.55, 55]",98.92,149,8.72,-0.21
07:39:20,"[96.18, 38]","[95.12, 32]","[104.2, 49]","[105.16, 49]",100.19,168,8.02,-0.17
07:39:21,"[100.16, 32]","[97.16, 77]","[104.9, 50]","[106.57, 23]",102.53,182,4.74,0.2
07:39:22,"[101.42, 38]","[99.62, 32]","[104.36, 33]","[135.92, 62]",102.89,165,2.94,-0.15
07:39:23,"[102.55, 33]","[101.29, 28]","[107.0, 11]","[180.73, 37]",104.77,109,4.45,0.12
07:39:24,"[103.52, 31]","[102.62, 39]","[107.0, 13]","[113.0, 65]",105.26,148,3.48,-0.05
07:39:25,"[103.83, 36]","[102.33, 36]","[107.0, 18]","[193.0, 36]",105.42,126,3.17,0.14
07:39:26,"[107.12, 24]","[106.12, 24]","[155.55, 22]","[326.0, 24]",131.34,94,48.42,0.02
07:39:27,"[108.43, 35]","[93.43, 28]","[273.9, 30]","[346.49, 35]",191.16,128,165.47,-0.02
07:39:28,"[110.92, 52]","[108.24, 17]","[246.44, 54]","[267.57, 56]",178.68,179,135.52,-0.23
07:39:29,"[114.33, 27]","[108.0, 9]","[149.11, 27]","[171.35, 37]",131.72,100,34.78,-0.28
07:39:30,"[117.0, 27]","[108.0, 13]","[149.35, 49]","[170.24, 41]",133.17,130,32.35,-0.38
07:39:31,"[117.0, 26]","[114.15, 13]","[168.15, 41]","[169.0, 57]",142.57,137,51.15,-0.43
07:39:32,"[115.2, 100]","[112.18, 11]","[165.29, 34]","[166.09, 44]",140.25,189,50.09,0.17
07:39:33,"[115.0, 234]","[111.69, 26]","[162.8, 40]","[163.78, 51]",138.9,351,47.8,0.48
07:39:34,"[115.0, 206]","[112.0, 24]","[133.97, 30]","[134.43, 42]",124.48,302,18.97,0.52
07:39:35,"[115.0, 119]","[112.0, 24]","[122.26, 35]","[123.44, 27]",118.63,205,7.26,0.4
07:39:36,"[115.0, 50]","[112.0, 20]","[120.53, 30]","[121.77, 43]",117.77,143,5.53,-0.02
07:39:37,"[114.65, 52]","[111.31, 26]","[116.78, 51]","[118.54, 35]",115.72,164,2.13,-0.05
07:39:38,"[112.0, 17]","[109.0, 50]","[115.39, 23]","[118.29, 14]",113.7,104,3.39,0.29
07:39:39,"[109.17, 36]","[108.15, 78]","[114.0, 26]","[115.0, 39]",111.58,179,4.83,0.27
07:39:40,"[109.0, 123]","[108.0, 72]","[113.2, 20]","[115.0, 36]",111.1,251,4.2,0.55
07:39:41,"[109.0, 131]","[108.0, 78]","[111.54, 37]","[113.4, 15]",110.27,261,2.54,0.6
07:39:42,"[107.95, 42]","[106.93, 134]","[134.24, 17]","[181.68, 19]",121.09,212,26.28,0.66
07:39:43,"[110.91, 11]","[107.0, 125]","[177.0, 11]","[178.27, 11]",143.95,158,66.09,0.72
07:39:44,"[108.37, 38]","[105.7, 125]","[174.36, 14]","[177.0, 14]",141.36,191,65.99,0.71
07:39:45,"[108.93, 83]","[100.59, 59]","[145.04, 24]","[172.58, 12]",126.98,178,36.11,0.6
07:39:46,"[115.0, 40]","[107.43, 46]","[133.88, 16]","[136.83, 18]",124.44,120,18.88,0.43
07:39:47,"[115.0, 18]","[109.0, 15]","[130.07, 15]","[131.27, 15]",122.53,63,15.07,0.05
07:39:48,"[115.0, 9]","[110.0, 36]","[127.93, 30]","[129.44, 9]",121.47,84,12.93,0.07
07:39:49,"[115.0, 10]","[113.0, 30]","[125.56, 16]","[126.68, 19]",120.28,75,10.56,0.07
07:39:50,"[115.0, 7]","[113.0, 21]","[124.6, 10]","[126.28, 25]",119.8,63,9.6,-0.11
07:39:51,"[115.0, 13]","[113.0, 39]","[122.45, 38]","[123.18, 38]",118.72,128,7.45,-0.19
07:39:52,"[113.67, 15]","[109.63, 95]","[117.42, 50]","[118.24, 62]",115.54,222,3.75,-0.01
07:39:53,"[109.85, 80]","[108.8, 60]","[112.94, 33]","[114.14, 56]",111.39,229,3.09,0.22
07:39:54,"[109.32, 37]","[108.5, 40]","[110.67, 9]","[114.64, 33]",110.0,119,1.34,0.29
07:39:55,"[108.76, 34]","[107.6, 40]","[110.19, 16]","[123.36, 22]",109.48,112,1.42,0.32
07:39:56,"[108.0, 28]","[107.0, 56]","[109.14, 7]","[168.8, 10]",108.57,101,1.14,0.66
07:39:57,"[107.31, 51]","[93.93, 75]","[109.0, 10]","[345.14, 37]",108.16,173,1.69,0.46
07:39:58,"[108.0, 30]","[107.0, 75]","[157.0, 20]","[299.85, 40]",132.5,165,49.0,0.27
07:39:59,"[110.13, 23]","[108.97, 65]","[214.56, 27]","[367.28, 29]",162.34,144,104.43,0.22
07:40:00,"[112.38, 16]","[109.75, 72]","[446.24, 29]","[633.22, 27]",279.31,144,333.87,0.22
07:40:01,"[113.0, 16]","[112.0, 72]","[392.71, 28]","[630.87, 31]",252.86,147,279.71,0.2
07:40:02,"[113.0, 22]","[112.0, 99]","[334.74, 38]","[452.24, 34]",223.87,193,221.74,0.25
07:40:03,"[112.68, 50]","[111.36, 75]","[232.52, 42]","[417.15, 52]",172.6,219,119.84,0.14
07:40:04,"[112.0, 51]","[107.0, 24]","[305.89, 36]","[552.0, 36]",208.94,147,193.89,0.02
07:40:05,"[112.16, 37]","[109.42, 31]","[300.56, 32]","[430.09, 44]",206.36,144,188.4,-0.06
07:40:06,"[112.0, 22]","[107.2, 20]","[303.56, 36]","[546.91, 22]",207.78,100,191.56,-0.16
07:40:07,"[112.0, 11]","[109.0, 8]","[181.22, 27]","[404.11, 27]",146.61,73,69.22,-0.48
07:40:08,"[103.43, 14]","[78.14, 28]","[183.0, 36]","[310.74, 46]",143.21,124,79.57,-0.32
07:40:09,"[105.1, 20]","[66.58, 33]","[138.0, 20]","[306.0, 30]",121.55,103,32.9,0.03
07:40:10,"[115.0, 10]","[87.18, 33]","[138.0, 10]","[347.17, 18]",126.5,71,23.0,0.21
07:40:11,"[88.76, 59]","[77.97, 70]","[189.53, 34]","[246.42, 33]",139.15,196,100.77,0.32
07:40:12,"[89.42, 91]","[75.86, 63]","[109.63, 68]","[246.4, 52]",99.52,274,20.21,0.12
07:40:13,"[90.0, 110]","[87.4, 25]","[105.0, 35]","[261.08, 39]",97.5,209,15.0,0.29
07:40:14,"[96.67, 33]","[95.22, 83]","[342.67, 27]","[407.6, 30]",219.67,173,246.0,0.34
07:40:15,"[109.0, 6]","[108.0, 66]","[396.53, 19]","[607.67, 18]",252.76,109,287.53,0.32
07:40:16,"[110.0, 13]","[108.18, 51]","[351.18, 33]","[484.22, 41]",230.59,138,241.18,-0.07
07:40:17,"[112.25, 32]","[110.27, 15]","[337.61, 41]","[485.16, 51]",224.93,139,225.36,-0.32
07:40:18,"[112.8, 20]","[110.2, 10]","[398.06, 34]","[571.91, 35]",255.43,99,285.26,-0.39
07:40:19,"[114.0, 18]","[111.78, 9]","[380.0, 36]","[599.8, 30]",247.0,93,266.0,-0.42
07:40:20,"[113.44, 18]","[108.27, 51]","[263.54, 37]","[340.86, 42]",188.49,148,150.1,-0.07
07:40:21,"[108.13, 62]","[107.79, 112]","[352.76, 50]","[568.51, 49]",230.44,273,244.63,0.27
07:40:22,"[108.0, 53]","[107.0, 36]","[304.07, 29]","[446.09, 22]",206.03,140,196.07,0.27
07:40:23,"[108.26, 68]","[107.53, 85]","[218.0, 27]","[248.62, 52]",163.13,232,109.74,0.32
07:40:24,"[108.72, 36]","[107.03, 155]","[182.62, 56]","[184.58, 24]",145.67,271,73.9,0.41
07:40:25,"[110.14, 21]","[107.13, 134]","[135.35, 23]","[138.22, 37]",122.75,215,25.2,0.44
07:40:26,"[113.0, 10]","[108.0, 20]","[116.64, 22]","[117.75, 16]",114.82,68,3.64,-0.12
07:40:27,"[113.0, 13]","[111.24, 79]","[114.38, 13]","[116.0, 39]",113.69,144,1.38,0.28
07:40:28,"[113.0, 45]","[112.0, 110]","[114.0, 10]","[116.0, 30]",113.5,195,1.0,0.59
07:40:29,"[112.08, 66]","[111.17, 80]","[113.32, 22]","[115.62, 26]",112.7,194,1.24,0.51
07:40:30,"[112.0, 24]","[110.0, 21]","[193.0, 24]","[368.62, 16]",152.5,85,81.0,0.06
07:40:31,"[112.0, 6]","[110.0, 18]","[462.96, 23]","[538.53, 19]",287.48,66,350.96,-0.27
07:40:32,"[111.43, 7]","[110.0, 12]","[224.0, 15]","[698.0, 20]",167.71,54,112.57,-0.3
07:40:33,"[110.0, 21]","[109.0, 28]","[155.0, 21]","[156.0, 21]",132.5,91,45.0,0.08
07:40:34,"[110.92, 74]","[109.72, 29]","[154.33, 27]","[156.0, 27]",132.63,157,43.41,0.31
07:40:35,"[111.58, 43]","[110.88, 51]","[153.71, 21]","[291.83, 23]",132.65,138,42.13,0.36
07:40:36,"[112.0, 45]","[110.79, 57]","[153.0, 27]","[484.78, 18]",132.5,147,41.0,0.39
07:40:37,"[112.0, 30]","[110.0, 18]","[153.0, 18]","[260.11, 18]",132.5,84,41.0,0.14
07:40:38,"[112.0, 50]","[110.0, 30]","[151.61, 23]","[152.78, 27]",131.8,130,39.61,0.23
07:40:39,"[111.71, 41]","[109.54, 39]","[149.42, 26]","[150.79, 19]",130.57,125,37.72,0.28
07:40:40,"[110.0, 30]","[109.0, 90]","[148.0, 30]","[150.0, 20]",129.0,170,38.0,0.41
07:40:41,"[110.0, 30]","[109.0, 117]","[147.77, 39]","[150.0, 26]",128.88,212,37.77,0.39
07:40:42,"[114.69, 96]","[109.4, 45]","[146.75, 36]","[149.77, 26]",130.72,203,32.06,0.39
07:40:43,"[115.0, 83]","[110.0, 18]","[145.92, 26]","[149.37, 19]",130.46,146,30.92,0.38
07:40:44,"[116.0, 39]","[115.0, 117]","[143.35, 34]","[144.97, 31]",129.68,221,27.35,0.41
07:40:45,"[116.0, 42]","[115.0, 126]","[133.23, 39]","[135.46, 37]",124.62,244,17.23,0.38
07:40:46,"[116.0, 45]","[115.0, 135]","[123.6, 43]","[125.12, 32]",119.8,255,7.6,0.41
07:40:47,"[116.0, 30]","[115.0, 90]","[119.5, 20]","[121.0, 30]",117.75,170,3.5,0.41
07:40:48,"[115.44, 48]","[114.57, 69]","[117.41, 27]","[162.5, 20]",116.42,164,1.97,0.43
07:40:49,"[115.0, 90]","[110.0, 20]","[117.3, 20]","[257.3, 23]",116.15,153,2.3,0.44
07:40:50,"[112.97, 58]","[109.16, 38]","[117.0, 18]","[168.0, 36]",114.98,150,4.03,0.28
07:40:51,"[109.48, 88]","[108.88, 72]","[151.14, 51]","[205.18, 76]",130.31,287,41.66,0.11
07:40:52,"[109.13, 31]","[108.92, 39]","[324.8, 20]","[477.93, 28]",216.96,118,215.67,0.19
07:40:53,"[109.01, 71]","[108.47, 19]","[379.51, 35]","[462.28, 25]",244.26,150,270.5,0.2
07:40:54,"[109.0, 84]","[108.0, 12]","[304.68, 57]","[305.84, 44]",206.84,197,195.68,-0.03
07:40:55,"[109.0, 77]","[108.0, 11]","[273.86, 35]","[274.55, 55]",191.43,178,164.86,-0.01
07:40:56,"[109.04, 26]","[108.5, 14]","[152.27, 15]","[173.06, 17]",130.65,72,43.23,0.11
07:40:57,"[109.0, 21]","[108.0, 7]","[150.0, 7]","[151.0, 35]",129.5,70,41.0,-0.2
07:40:58,"[107.43, 51]","[106.33, 132]","[130.78, 64]","[131.09, 32]",119.11,279,23.35,0.31
07:40:59,"[110.18, 34]","[107.36, 44]","[118.0, 13]","[119.0, 65]",114.09,156,7.82,0.0
07:41:00,"[112.85, 26]","[111.0, 46]","[115.36, 39]","[117.39, 41]",114.1,152,2.51,-0.05
07:41:01,"[111.31, 32]","[108.4, 89]","[112.9, 48]","[113.91, 32]",112.1,201,1.58,0.2
07:41:02,"[108.07, 82]","[102.38, 69]","[112.83, 29]","[240.47, 15]",110.45,195,4.75,0.55
07:41:03,"[108.49, 65]","[107.42, 83]","[111.73, 33]","[120.1, 30]",110.11,211,3.23,0.4
07:41:04,"[107.49, 78]","[105.38, 58]","[110.87, 31]","[306.45, 22]",109.18,189,3.38,0.44
07:41:05,"[107.27, 33]","[105.58, 38]","[109.2, 10]","[111.0, 15]",108.24,96,1.93,0.48
07:41:06,"[107.08, 77]","[104.0, 35]","[109.0, 18]","[111.0, 27]",108.04,157,1.92,0.43
07:41:07,"[106.98, 65]","[105.07, 28]","[108.08, 26]","[109.29, 21]",107.53,140,1.09,0.33
07:41:08,"[98.17, 12]","[66.57, 14]","[107.64, 22]","[154.27, 22]",102.9,70,9.47,-0.26
07:41:09,"[62.56, 18]","[54.33, 30]","[106.0, 7]","[107.29, 7]",84.28,62,43.44,0.55
07:41:10,"[56.71, 14]","[27.75, 48]","[103.0, 8]","[104.25, 8]",79.86,78,46.29,0.59
07:41:11,"[32.98, 40]","[23.52, 33]","[181.87, 15]","[102.5, 12]",107.42,100,148.89,0.46
07:41:12,"[101.29, 7]","[48.22, 9]","[703.0, 12]","[0, 0]",402.14,28,601.71,0.14
07:41:13,"[93.0, 3]","[82.0, 1]","[323.0, 6]","[0, 0]",208.0,10,230.0,-0.2
07:41:14,"[108.32, 91]","[104.5, 10]","[400.58, 33]","[444.68, 19]",254.45,153,292.26,0.32
07:41:15,"[110.16, 32]","[107.4, 5]","[380.0, 20]","[387.0, 5]",245.08,62,269.84,0.19
07:41:16,"[112.47, 32]","[111.43, 14]","[358.76, 21]","[357.67, 21]",235.62,88,246.29,0.05
07:41:17,"[115.6, 20]","[114.0, 30]","[330.0, 10]","[350.0, 24]",222.8,84,214.4,0.19
07:41:18,"[116.0, 18]","[114.0, 27]","[226.22, 36]","[232.3, 33]",171.11,114,110.22,-0.21
07:41:19,"[116.75, 8]","[115.14, 7]","[211.67, 12]","[215.0, 12]",164.21,39,94.92,-0.23
07:41:20,"[117.0, 15]","[116.0, 10]","[210.94, 17]","[214.2, 20]",163.97,62,93.94,-0.19
07:41:21,"[117.0, 24]","[116.0, 16]","[208.5, 32]","[210.0, 8]",162.75,80,91.5,0.0
07:41:22,"[117.0, 18]","[116.0, 24]","[193.87, 30]","[207.5, 24]",155.43,96,76.87,-0.12
07:41:23,"[114.22, 9]","[114.08, 13]","[140.16, 19]","[143.85, 20]",127.19,61,25.94,-0.28
07:41:24,"[112.0, 10]","[111.0, 10]","[139.1, 40]","[361.27, 22]",125.55,82,27.1,-0.51
07:41:25,"[112.0, 9]","[111.0, 9]","[137.33, 36]","[263.75, 24]",124.67,78,25.33,-0.54
07:41:26,"[112.0, 7]","[111.0, 7]","[138.62, 26]","[243.43, 21]",125.31,61,26.62,-0.54
07:41:27,"[111.88, 8]","[110.17, 12]","[144.0, 24]","[316.0, 32]",127.94,76,32.12,-0.47
07:41:28,"[108.59, 73]","[107.35, 80]","[140.96, 74]","[171.59, 71]",124.77,298,32.37,0.03
07:41:29,"[108.2, 41]","[107.1, 61]","[137.15, 65]","[139.0, 65]",122.67,232,28.96,-0.12
07:41:30,"[109.43, 14]","[107.5, 24]","[135.5, 40]","[139.0, 40]",122.46,118,26.07,-0.36
07:41:31,"[112.0, 9]","[109.0, 9]","[133.11, 45]","[136.0, 45]",122.56,108,21.11,-0.67
07:41:32,"[109.0, 11]","[108.0, 33]","[129.45, 55]","[131.0, 55]",119.23,154,20.45,-0.43
07:41:33,"[109.3, 10]","[108.05, 22]","[126.62, 40]","[127.62, 40]",117.96,112,17.33,-0.43
07:41:34,"[108.67, 9]","[107.26, 69]","[124.33, 45]","[125.33, 45]",116.5,168,15.67,-0.07
07:41:35,"[108.0, 10]","[107.0, 170]","[120.8, 50]","[121.8, 50]",114.4,280,12.8,0.29
07:41:36,"[107.02, 133]","[106.68, 50]","[119.71, 38]","[120.4, 50]",113.36,271,12.7,0.35
07:41:37,"[107.29, 138]","[106.83, 96]","[114.0, 57]","[115.67, 61]",110.64,352,6.71,0.33
07:41:38,"[107.45, 62]","[106.92, 98]","[111.8, 50]","[115.0, 50]",109.63,260,4.35,0.23
07:41:39,"[109.71, 28]","[107.11, 94]","[113.1, 50]","[242.74, 38]",111.41,210,3.39,0.16
07:41:40,"[110.0, 6]","[109.0, 4]","[114.0, 10]","[469.0, 6]",112.0,26,4.0,-0.23
07:41:41,"[110.35, 23]","[109.55, 22]","[114.0, 45]","[420.29, 28]",112.17,118,3.65,-0.24
07:41:42,"[109.56, 27]","[107.84, 50]","[111.76, 37]","[399.58, 36]",110.66,150,2.2,0.03
07:41:43,"[108.0, 15]","[107.0, 91]","[206.22, 23]","[346.41, 27]",157.11,156,98.22,0.36
07:41:44,"[109.67, 72]","[106.86, 56]","[265.62, 16]","[267.42, 19]",187.65,163,155.96,0.57
07:41:45,"[114.14, 73]","[107.42, 186]","[227.47, 34]","[245.83, 36]",170.8,329,113.33,0.57
07:41:46,"[108.0, 58]","[107.0, 72]","[238.33, 12]","[239.5, 12]",173.17,154,130.33,0.69
07:41:47,"[108.0, 76]","[107.0, 96]","[236.88, 16]","[239.0, 16]",172.44,204,128.88,0.69
07:41:48,"[108.0, 81]","[107.0, 108]","[232.22, 18]","[233.78, 18]",170.11,225,124.22,0.68
07:41:49,"[108.0, 90]","[107.0, 120]","[228.2, 20]","[230.0, 20]",168.1,250,120.2,0.68
07:41:50,"[108.0, 63]","[107.0, 84]","[226.43, 14]","[227.71, 14]",167.21,175,118.43,0.68
07:41:51,"[108.0, 63]","[107.0, 84]","[223.71, 14]","[224.71, 14]",165.86,175,115.71,0.68
07:41:52,"[108.94, 147]","[107.96, 154]","[218.37, 35]","[220.02, 43]",163.66,379,109.43,0.59
07:41:53,"[110.0, 27]","[109.0, 108]","[215.48, 21]","[217.24, 25]",162.74,181,105.48,0.49
07:41:54,"[110.92, 36]","[109.0, 144]","[211.24, 33]","[212.21, 33]",161.08,246,100.33,0.46
07:41:55,"[112.0, 54]","[109.28, 65]","[175.67, 33]","[180.54, 35]",143.83,187,63.67,0.27
07:41:56,"[109.0, 49]","[108.0, 85]","[167.47, 17]","[168.85, 26]",138.24,177,58.47,0.51
07:41:57,"[109.0, 86]","[108.0, 169]","[161.1, 41]","[163.55, 29]",135.05,325,52.1,0.57
07:41:58,"[109.43, 98]","[107.62, 112]","[156.67, 46]","[157.32, 31]",133.05,287,47.25,0.46
07:41:59,"[110.71, 62]","[107.36, 44]","[153.5, 16]","[156.0, 16]",132.1,138,42.79,0.54
07:42:00,"[115.0, 102]","[109.0, 19]","[148.71, 42]","[154.2, 30]",131.86,193,33.71,0.25
07:42:01,"[115.0, 42]","[109.0, 10]","[150.11, 47]","[151.52, 23]",132.55,122,35.11,-0.15
07:42:02,"[115.0, 39]","[109.0, 13]","[146.38, 26]","[148.15, 47]",130.69,125,31.38,-0.17
07:42:03,"[115.0, 39]","[109.0, 13]","[141.0, 32]","[141.91, 35]",128.0,119,26.0,-0.13
07:42:04,"[115.19, 32]","[112.75, 24]","[134.12, 52]","[134.84, 37]",124.65,145,18.93,-0.23
07:42:05,"[115.0, 18]","[109.0, 6]","[131.17, 24]","[132.56, 18]",123.08,66,16.17,-0.27
07:42:06,"[115.0, 30]","[109.0, 10]","[128.94, 35]","[129.86, 35]",121.97,110,13.94,-0.27
07:42:07,"[115.0, 27]","[109.36, 11]","[124.53, 30]","[126.26, 27]",119.77,95,9.53,-0.2
07:42:08,"[109.0, 13]","[108.0, 81]","[121.88, 41]","[122.94, 32]",115.44,167,12.88,0.13
07:42:09,"[109.0, 33]","[108.0, 66]","[117.09, 33]","[117.56, 34]",113.05,166,8.09,0.19
07:42:10,"[107.93, 41]","[107.25, 48]","[112.2, 41]","[112.89, 28]",110.06,158,4.27,0.13
07:42:11,"[107.15, 55]","[106.11, 27]","[109.26, 19]","[110.62, 26]",108.2,127,2.12,0.29
07:42:12,"[108.0, 90]","[107.0, 32]","[109.0, 20]","[112.0, 50]",108.5,192,1.0,0.27
07:42:13,"[108.5, 30]","[107.65, 23]","[111.6, 25]","[319.0, 16]",110.05,94,3.1,0.13
07:42:14,"[108.46, 46]","[107.8, 25]","[110.67, 45]","[288.72, 25]",109.56,141,2.21,0.01
07:42:15,"[109.0, 30]","[108.0, 25]","[110.0, 25]","[264.2, 5]",109.5,85,1.0,0.29
07:42:16,"[109.0, 48]","[108.0, 40]","[110.0, 40]","[446.78, 9]",109.5,137,1.0,0.28
07:42:17,"[108.38, 8]","[107.56, 27]","[624.5, 8]","[765.0, 4]",366.44,47,516.12,0.49
07:42:18,"[107.89, 19]","[107.54, 52]","[514.44, 18]","[765.0, 9]",311.17,98,406.55,0.45
07:42:19,"[109.78, 45]","[107.06, 68]","[484.38, 16]","[655.0, 11]",297.08,140,374.6,0.61
07:42:20,"[113.46, 57]","[108.05, 63]","[406.63, 19]","[482.86, 14]",260.04,153,293.18,0.57
07:42:21,"[115.0, 70]","[112.0, 30]","[256.6, 20]","[441.29, 14]",185.8,134,141.6,0.49
07:42:22,"[115.0, 77]","[112.0, 33]","[254.45, 22]","[283.09, 22]",184.73,154,139.45,0.43
07:42:23,"[115.0, 91]","[112.0, 39]","[251.77, 26]","[253.23, 26]",183.38,182,136.77,0.43
07:42:24,"[115.0, 84]","[112.0, 36]","[249.75, 24]","[251.17, 24]",182.38,168,134.75,0.43
07:42:25,"[115.14, 73]","[113.02, 41]","[248.77, 26]","[250.14, 28]",181.95,168,133.63,0.36
07:42:26,"[115.54, 92]","[114.39, 88]","[246.81, 32]","[344.69, 29]",181.18,241,131.27,0.49
07:42:27,"[115.0, 77]","[112.0, 33]","[245.56, 25]","[246.37, 38]",180.28,173,130.56,0.27
07:42:28,"[114.31, 52]","[109.56, 81]","[231.14, 28]","[245.74, 46]",172.73,207,116.84,0.29
07:42:29,"[115.0, 56]","[109.24, 196]","[139.84, 44]","[182.93, 30]",127.42,326,24.84,0.55
07:42:30,"[115.0, 40]","[112.0, 40]","[126.0, 35]","[126.57, 35]",120.5,150,11.0,0.07
07:42:31,"[113.66, 47]","[109.72, 166]","[122.03, 34]","[123.5, 42]",117.84,289,8.37,0.47
07:42:32,"[112.0, 30]","[109.0, 180]","[115.47, 15]","[117.0, 15]",113.73,240,3.47,0.75
07:42:33,"[109.16, 95]","[108.55, 66]","[112.35, 23]","[118.47, 19]",110.75,203,3.19,0.59
07:42:34,"[109.0, 166]","[108.0, 66]","[111.62, 37]","[239.91, 46]",110.31,315,2.62,0.47
07:42:35,"[109.0, 55]","[108.0, 48]","[110.94, 32]","[527.61, 33]",109.97,168,1.94,0.23
07:42:36,"[108.0, 10]","[106.0, 10]","[109.4, 5]","[636.8, 20]",108.7,45,1.4,-0.11
07:42:37,"[108.72, 25]","[106.6, 20]","[360.73, 44]","[0, 0]",234.72,89,252.01,0.01
07:42:38,"[109.0, 21]","[108.0, 7]","[292.0, 28]","[0, 0]",200.5,56,183.0,0.0
07:42:39,"[108.79, 33]","[107.22, 27]","[430.94, 47]","[570.8, 20]",269.86,127,322.15,-0.06
07:42:40,"[109.0, 42]","[108.0, 6]","[393.81, 21]","[506.57, 21]",251.4,90,284.81,0.07
07:42:41,"[109.0, 49]","[108.0, 7]","[329.62, 26]","[426.35, 23]",219.31,105,220.62,0.07
07:42:42,"[109.84, 51]","[108.86, 14]","[205.0, 27]","[298.67, 36]",157.42,128,95.16,0.02
07:42:43,"[110.24, 51]","[107.67, 48]","[213.88, 68]","[574.91, 44]",162.06,211,103.65,-0.06
07:42:44,"[97.46, 48]","[91.18, 17]","[194.81, 42]","[590.89, 36]",146.13,143,97.35,-0.09
07:42:45,"[100.33, 33]","[95.2, 20]","[320.09, 22]","[668.0, 28]",210.21,103,219.76,0.03
07:42:46,"[107.04, 54]","[105.09, 32]","[388.35, 31]","[630.03, 67]",247.7,184,281.32,-0.07
07:42:47,"[116.0, 48]","[115.0, 10]","[257.17, 30]","[329.8, 35]",186.58,123,141.17,-0.06
07:42:48,"[116.0, 24]","[115.0, 6]","[208.0, 6]","[285.73, 22]",162.0,58,92.0,0.03
07:42:49,"[107.49, 74]","[104.5, 8]","[208.0, 8]","[402.86, 21]",157.74,111,100.51,0.48
07:42:50,"[107.12, 101]","[105.05, 20]","[318.14, 37]","[384.78, 49]",212.63,207,211.02,0.17
07:42:51,"[109.0, 36]","[107.01, 100]","[197.67, 12]","[318.0, 48]",153.33,196,88.67,0.39
07:42:52,"[109.0, 15]","[107.0, 45]","[181.0, 5]","[307.57, 23]",145.0,88,72.0,0.36
07:42:53,"[107.38, 78]","[106.09, 64]","[181.0, 12]","[306.57, 56]",144.19,210,73.62,0.35
07:42:54,"[107.0, 83]","[103.0, 10]","[187.22, 37]","[226.62, 37]",147.11,167,80.22,0.11
07:42:55,"[107.06, 68]","[105.0, 16]","[206.19, 31]","[217.24, 41]",156.63,156,99.13,0.08
07:42:56,"[108.27, 22]","[107.0, 88]","[211.55, 33]","[214.0, 55]",159.91,198,103.27,0.11
07:42:57,"[109.32, 50]","[106.5, 32]","[209.16, 19]","[239.62, 21]",159.24,122,99.84,0.34
07:42:58,"[107.14, 43]","[105.61, 23]","[207.64, 33]","[209.0, 11]",157.39,110,100.5,0.2
07:42:59,"[109.0, 8]","[107.0, 44]","[197.94, 16]","[207.33, 12]",153.47,80,88.94,0.3
07:43:00,"[108.16, 43]","[106.88, 65]","[189.67, 9]","[206.83, 23]",148.91,140,81.5,0.54
07:43:01,"[112.42, 38]","[108.14, 63]","[175.96, 27]","[203.94, 17]",144.19,145,63.54,0.39
07:43:02,"[109.0, 90]","[107.7, 120]","[154.49, 39]","[158.48, 42]",131.74,291,45.49,0.44
07:43:03,"[109.0, 151]","[108.0, 106]","[150.54, 24]","[151.85, 33]",129.77,314,41.54,0.64
07:43:04,"[109.0, 99]","[108.0, 72]","[145.61, 18]","[146.67, 18]",127.31,207,36.61,0.65
07:43:05,"[109.0, 176]","[108.0, 96]","[140.09, 35]","[141.38, 29]",124.54,336,31.09,0.62
07:43:06,"[110.13, 68]","[109.17, 114]","[132.95, 37]","[134.71, 31]",121.54,250,22.81,0.46
07:43:07,"[114.0, 8]","[113.0, 40]","[127.9, 21]","[129.31, 16]",120.95,85,13.9,0.13
07:43:08,"[114.96, 51]","[113.0, 75]","[122.72, 50]","[124.1, 30]",118.84,206,7.76,0.22
07:43:09,"[115.02, 64]","[113.1, 79]","[119.16, 51]","[120.22, 49]",117.09,243,4.14,0.18
07:43:10,"[112.28, 39]","[109.56, 50]","[115.18, 11]","[116.77, 26]",113.73,126,2.9,0.41
07:43:11,"[109.43, 35]","[108.4, 50]","[113.4, 10]","[116.0, 10]",111.41,105,3.97,0.62
07:43:12,"[110.0, 21]","[109.0, 44]","[111.26, 31]","[114.09, 11]",110.63,107,1.26,0.21
07:43:13,"[109.27, 11]","[108.35, 34]","[111.0, 15]","[287.33, 9]",110.14,69,1.73,0.3
07:43:14,"[109.0, 35]","[108.0, 61]","[111.0, 33]","[514.0, 33]",110.0,162,2.0,0.19
07:43:15,"[109.0, 21]","[108.0, 63]","[110.86, 21]","[550.63, 19]",109.93,124,1.86,0.35
07:43:16,"[108.0, 56]","[107.0, 42]","[741.4, 15]","[797.9, 20]",424.7,133,633.4,0.47
07:43:17,"[108.0, 24]","[107.0, 24]","[778.1, 10]","[791.6, 10]",443.05,68,670.1,0.41
07:43:18,"[108.0, 57]","[107.0, 60]","[583.44, 27]","[672.56, 27]",345.72,171,475.44,0.37
07:43:19,"[108.0, 50]","[107.0, 47]","[509.86, 28]","[540.6, 30]",308.93,155,401.86,0.25
07:43:20,"[108.0, 16]","[107.0, 24]","[539.0, 24]","[564.68, 19]",323.5,83,431.0,-0.04
07:43:21,"[109.4, 20]","[108.0, 10]","[538.39, 18]","[551.46, 26]",323.89,74,428.99,-0.19
07:43:22,"[107.53, 34]","[106.33, 12]","[344.46, 26]","[536.62, 26]",226.0,98,236.93,-0.06
07:43:23,"[108.83, 72]","[106.88, 17]","[223.08, 39]","[230.31, 52]",165.96,180,114.24,-0.01
07:43:24,"[109.0, 49]","[107.0, 30]","[221.69, 65]","[251.88, 50]",165.35,194,112.69,-0.19
07:43:25,"[109.67, 15]","[108.0, 20]","[217.32, 40]","[218.28, 40]",163.5,115,107.66,-0.39
07:43:26,"[110.27, 11]","[108.56, 18]","[212.29, 41]","[214.52, 31]",161.28,101,102.02,-0.43
07:43:27,"[109.53, 34]","[107.55, 22]","[168.34, 35]","[176.45, 49]",138.94,140,58.81,-0.2
07:43:28,"[110.0, 18]","[109.0, 18]","[159.43, 35]","[161.35, 37]",134.71,108,49.43,-0.33
07:43:29,"[110.17, 23]","[109.23, 26]","[157.53, 59]","[158.67, 45]",133.85,153,47.35,-0.36
07:43:30,"[109.0, 10]","[108.0, 110]","[154.92, 36]","[156.2, 44]",131.96,200,45.92,0.2
07:43:31,"[114.68, 76]","[108.21, 56]","[152.5, 48]","[156.0, 80]",133.59,260,37.82,0.02
07:43:32,"[115.0, 60]","[109.0, 10]","[151.0, 36]","[154.98, 44]",133.0,150,36.0,-0.07
07:43:33,"[112.43, 98]","[107.63, 41]","[148.25, 59]","[149.19, 77]",130.34,275,35.83,0.01
07:43:34,"[108.0, 99]","[107.0, 77]","[145.7, 47]","[146.54, 41]",126.85,264,37.7,0.33
07:43:35,"[108.0, 99]","[107.0, 77]","[143.86, 35]","[144.94, 53]",125.93,264,35.86,0.33
07:43:36,"[111.04, 23]","[107.9, 70]","[142.53, 36]","[143.29, 28]",126.79,157,31.48,0.18
07:43:37,"[108.76, 66]","[107.45, 101]","[138.87, 47]","[140.69, 49]",123.81,263,30.11,0.27
07:43:38,"[108.8, 128]","[107.69, 151]","[121.59, 64]","[122.31, 59]",115.2,402,12.8,0.39
07:43:39,"[110.06, 201]","[109.17, 194]","[114.31, 80]","[116.15, 54]",112.19,529,4.25,0.49
07:43:40,"[110.0, 91]","[108.58, 96]","[112.04, 27]","[113.39, 56]",111.02,270,2.04,0.39
07:43:41,"[110.0, 11]","[108.0, 43]","[113.0, 27]","[114.96, 28]",111.5,109,3.0,-0.01
07:43:42,"[109.29, 17]","[107.33, 73]","[112.0, 32]","[204.32, 68]",110.65,190,2.71,-0.05
07:43:43,"[108.0, 12]","[107.0, 84]","[125.25, 24]","[187.0, 45]",116.62,165,17.25,0.16
07:43:44,"[106.17, 48]","[102.13, 89]","[127.25, 24]","[390.83, 24]",116.71,185,21.08,0.48
07:43:45,"[115.0, 10]","[105.06, 65]","[124.4, 20]","[127.0, 20]",119.7,115,9.4,0.3
07:43:46,"[113.24, 17]","[107.86, 35]","[122.85, 26]","[125.15, 26]",118.04,104,9.61,0.0
07:43:47,"[109.0, 57]","[107.0, 24]","[119.17, 24]","[121.25, 24]",114.08,129,10.17,0.26
07:43:48,"[108.5, 16]","[95.5, 18]","[117.0, 16]","[120.0, 16]",112.75,66,8.5,0.03
07:43:49,"[108.94, 64]","[104.68, 57]","[114.81, 32]","[117.25, 32]",111.88,185,5.88,0.31
07:43:50,"[108.29, 28]","[99.0, 32]","[110.8, 20]","[116.0, 20]",109.54,100,2.51,0.2
07:43:51,"[97.41, 49]","[66.68, 38]","[109.22, 18]","[266.33, 12]",103.32,117,11.81,0.49
07:43:52,"[92.33, 36]","[36.06, 49]","[191.37, 27]","[265.59, 17]",141.85,129,99.04,0.32
07:43:53,"[109.8, 30]","[99.45, 22]","[177.82, 34]","[486.26, 31]",143.81,117,68.02,-0.11
07:43:54,"[108.5, 16]","[107.55, 11]","[272.12, 8]","[447.62, 16]",190.31,51,163.62,0.06
07:43:55,"[110.0, 10]","[108.0, 15]","[189.0, 15]","[301.64, 11]",149.5,51,79.0,-0.02
07:43:56,"[110.41, 37]","[108.31, 39]","[223.82, 49]","[292.43, 30]",167.11,155,113.41,-0.02
07:43:57,"[113.0, 11]","[110.68, 37]","[191.91, 44]","[229.0, 11]",152.45,103,78.91,-0.07
07:43:58,"[108.7, 10]","[107.43, 21]","[189.2, 40]","[341.67, 18]",148.95,89,80.5,-0.3
07:43:59,"[108.73, 11]","[107.57, 14]","[186.64, 44]","[319.55, 22]",147.68,91,77.91,-0.45
07:44:00,"[109.0, 10]","[108.0, 10]","[184.2, 40]","[186.0, 40]",146.6,100,75.2,-0.6
07:44:01,"[109.0, 11]","[108.0, 11]","[177.0, 44]","[180.18, 44]",143.0,110,68.0,-0.6
07:44:02,"[108.83, 35]","[104.17, 35]","[143.08, 52]","[170.48, 62]",125.95,184,34.25,-0.24
07:44:03,"[109.69, 26]","[107.52, 21]","[116.18, 44]","[117.72, 50]",112.94,141,6.49,-0.33
07:44:04,"[114.24, 74]","[110.59, 34]","[116.71, 62]","[117.65, 68]",115.48,238,2.47,-0.09
07:44:05,"[112.89, 38]","[110.5, 32]","[116.75, 69]","[117.83, 72]",114.82,211,3.86,-0.34
07:44:06,"[111.1, 20]","[105.53, 15]","[115.0, 28]","[116.0, 32]",113.05,95,3.9,-0.26
07:44:07,"[107.43, 56]","[85.03, 37]","[115.0, 22]","[116.0, 44]",111.21,159,7.57,0.17
07:44:08,"[110.0, 34]","[104.71, 45]","[113.92, 26]","[115.52, 42]",111.96,147,3.92,0.07
07:44:09,"[106.0, 24]","[101.15, 26]","[110.79, 28]","[112.43, 28]",108.39,106,4.79,-0.06
07:44:10,"[105.07, 41]","[55.59, 34]","[109.3, 20]","[112.11, 19]",107.19,114,4.23,0.32
07:44:11,"[67.96, 25]","[50.5, 12]","[104.75, 32]","[163.73, 11]",86.35,80,36.79,-0.07
07:44:12,"[67.5, 16]","[52.05, 38]","[192.12, 24]","[221.41, 32]",129.81,110,124.62,-0.02
07:44:13,"[111.0, 10]","[109.0, 15]","[150.43, 21]","[415.24, 17]",130.71,63,39.43,-0.21
07:44:14,"[111.0, 14]","[109.0, 21]","[157.72, 18]","[385.75, 24]",134.36,77,46.72,-0.09
07:44:15,"[109.8, 25]","[107.48, 105]","[155.3, 30]","[157.0, 20]",132.55,180,45.5,0.44
07:44:16,"[109.04, 25]","[107.04, 150]","[154.3, 20]","[155.32, 25]",131.67,220,45.26,0.59
07:44:17,"[111.0, 11]","[109.0, 33]","[152.77, 26]","[154.31, 29]",131.88,99,41.77,-0.11
07:44:18,"[111.0, 10]","[109.0, 30]","[149.6, 20]","[151.0, 30]",130.3,90,38.6,-0.11
07:44:19,"[107.07, 220]","[76.99, 117]","[149.0, 32]","[151.0, 48]",128.04,417,41.93,0.62
07:44:20,"[107.12, 211]","[94.99, 201]","[145.85, 33]","[147.52, 42]",126.48,487,38.73,0.69
07:44:21,"[109.0, 55]","[107.0, 136]","[142.15, 26]","[144.72, 29]",125.58,246,33.15,0.55
07:44:22,"[109.29, 70]","[107.0, 182]","[141.5, 40]","[143.4, 30]",125.39,322,32.21,0.57
07:44:23,"[110.0, 29]","[107.1, 58]","[138.91, 22]","[163.14, 28]",124.45,137,28.91,0.27
07:44:24,"[110.0, 30]","[108.0, 15]","[138.43, 51]","[271.63, 38]",124.22,134,28.43,-0.33
07:44:25,"[110.0, 14]","[108.0, 7]","[137.0, 35]","[139.0, 14]",123.5,70,27.0,-0.4
07:44:26,"[114.88, 172]","[112.44, 57]","[136.0, 60]","[139.0, 24]",125.44,313,21.12,0.46
07:44:27,"[115.0, 168]","[113.0, 90]","[134.38, 32]","[135.84, 38]",124.69,328,19.38,0.57
07:44:28,"[115.0, 60]","[113.0, 90]","[130.62, 29]","[134.41, 41]",122.81,220,15.62,0.36
07:44:29,"[113.12, 67]","[112.25, 63]","[125.04, 54]","[125.11, 36]",119.08,220,11.92,0.18
07:44:30,"[113.65, 34]","[112.77, 94]","[117.79, 38]","[121.28, 39]",115.72,205,4.14,0.25
07:44:31,"[112.28, 109]","[111.4, 136]","[115.8, 49]","[117.16, 31]",114.04,325,3.52,0.51
07:44:32,"[112.0, 121]","[111.0, 135]","[114.22, 32]","[116.61, 23]",113.11,311,2.22,0.65
07:44:33,"[112.0, 192]","[111.0, 120]","[122.24, 17]","[238.6, 20]",117.12,349,10.24,0.79
07:44:34,"[112.0, 112]","[111.0, 126]","[134.5, 14]","[249.52, 25]",123.25,277,22.5,0.72
07:44:35,"[112.55, 87]","[111.16, 86]","[134.0, 10]","[370.26, 38]",123.28,221,21.45,0.57
07:44:36,"[114.0, 98]","[112.0, 98]","[133.31, 26]","[334.93, 45]",123.65,267,19.31,0.47
07:44:37,"[112.73, 134]","[111.31, 157]","[130.78, 23]","[131.42, 53]",121.76,367,18.05,0.59
07:44:38,"[112.81, 26]","[111.9, 89]","[129.58, 12]","[131.0, 36]",121.2,163,16.78,0.41
07:44:39,"[111.82, 49]","[110.99, 73]","[126.68, 25]","[128.82, 11]",119.25,158,14.86,0.54
07:44:40,"[111.99, 89]","[110.88, 41]","[124.67, 27]","[128.0, 9]",118.33,166,12.68,0.57
07:44:41,"[111.0, 90]","[110.0, 10]","[123.73, 26]","[125.86, 14]",117.37,140,12.73,0.43
07:44:42,"[111.0, 74]","[110.0, 10]","[120.49, 35]","[121.2, 25]",115.74,144,9.49,0.17
07:44:43,"[111.0, 63]","[110.0, 9]","[117.05, 20]","[118.46, 26]",114.03,118,6.05,0.22
07:44:44,"[111.0, 50]","[110.0, 10]","[115.4, 30]","[117.0, 10]",113.2,100,4.4,0.2
07:44:45,"[111.0, 21]","[110.0, 15]","[113.64, 25]","[114.23, 52]",112.32,113,2.64,-0.36
07:44:46,"[109.02, 56]","[108.07, 118]","[111.25, 12]","[114.0, 48]",110.13,234,2.23,0.49
07:44:47,"[109.0, 43]","[108.0, 90]","[110.17, 24]","[113.29, 21]",109.58,178,1.17,0.49
07:44:48,"[108.51, 49]","[107.8, 89]","[195.0, 48]","[332.76, 21]",151.76,207,86.49,0.33
07:44:49,"[108.6, 60]","[107.74, 65]","[462.13, 31]","[498.82, 22]",285.36,178,353.53,0.4
07:44:50,"[109.0, 62]","[108.0, 88]","[343.44, 41]","[502.9, 40]",226.22,231,234.44,0.3
07:44:51,"[109.0, 90]","[108.0, 29]","[449.43, 46]","[507.11, 57]",279.22,222,340.43,0.07
07:44:52,"[109.72, 125]","[108.76, 59]","[240.94, 36]","[420.11, 38]",175.33,258,131.22,0.43
07:44:53,"[111.51, 126]","[109.84, 95]","[254.71, 42]","[363.95, 44]",183.11,307,143.21,0.44
07:44:54,"[111.0, 120]","[109.0, 61]","[250.83, 35]","[252.1, 29]",180.91,245,139.83,0.48
07:44:55,"[111.15, 120]","[109.97, 86]","[227.0, 25]","[250.11, 38]",169.07,269,115.85,0.53
07:44:56,"[112.83, 72]","[111.0, 12]","[246.25, 32]","[248.71, 28]",179.54,144,133.42,0.17
07:44:57,"[114.92, 80]","[111.0, 18]","[212.74, 43]","[246.57, 42]",163.83,183,97.82,0.07
07:44:58,"[115.0, 67]","[111.0, 15]","[178.4, 50]","[179.31, 39]",146.7,171,63.4,-0.04
07:44:59,"[111.4, 65]","[109.74, 57]","[175.58, 53]","[176.29, 34]",143.49,209,64.18,0.17
07:45:00,"[110.11, 54]","[109.4, 90]","[170.71, 21]","[171.57, 44]",140.41,209,60.6,0.38
07:45:01,"[110.0, 44]","[109.0, 66]","[149.05, 19]","[161.05, 22]",129.53,151,39.05,0.46
07:45:02,"[110.0, 60]","[109.0, 90]","[130.5, 40]","[130.93, 46]",120.25,236,20.5,0.27
07:45:03,"[110.0, 32]","[109.0, 48]","[126.57, 30]","[127.62, 32]",118.28,142,16.57,0.13
07:45:04,"[110.0, 44]","[109.0, 66]","[122.66, 32]","[123.86, 37]",116.33,179,12.66,0.23
07:45:05,"[111.17, 48]","[109.48, 58]","[120.32, 31]","[121.52, 29]",115.74,166,9.16,0.28
07:45:06,"[110.0, 24]","[109.0, 36]","[118.0, 14]","[119.12, 16]",114.0,90,8.0,0.33
07:45:07,"[110.0, 40]","[109.0, 76]","[113.82, 33]","[115.12, 24]",111.91,173,3.82,0.34
07:45:08,"[109.36, 47]","[108.6, 50]","[111.64, 36]","[113.14, 29]",110.5,162,2.28,0.2
07:45:09,"[108.61, 62]","[107.44, 64]","[109.86, 42]","[110.71, 35]",109.24,203,1.24,0.24
07:45:10,"[107.87, 46]","[106.12, 82]","[109.44, 36]","[110.69, 52]",108.66,216,1.57,0.19
07:45:11,"[107.08, 78]","[93.91, 66]","[109.77, 39]","[119.38, 39]",108.42,222,2.69,0.3
07:45:12,"[107.67, 27]","[106.89, 57]","[115.43, 30]","[192.83, 12]",111.55,126,7.77,0.33
07:45:13,"[108.64, 66]","[106.89, 38]","[247.55, 11]","[369.8, 10]",178.09,125,138.91,0.66
07:45:14,"[110.22, 23]","[108.91, 132]","[124.95, 57]","[126.25, 24]",117.58,236,14.73,0.31
07:45:15,"[109.95, 44]","[108.85, 104]","[122.81, 62]","[124.2, 50]",116.38,260,12.85,0.14
07:45:16,"[110.0, 27]","[108.76, 34]","[122.0, 16]","[123.0, 40]",116.0,117,12.0,0.04
07:45:17,"[110.89, 54]","[109.07, 88]","[118.52, 60]","[141.33, 54]",114.7,256,7.63,0.11
07:45:18,"[112.0, 30]","[109.0, 50]","[115.6, 20]","[473.4, 10]",113.8,110,3.6,0.45
07:45:19,"[109.3, 61]","[107.34, 59]","[113.08, 26]","[154.2, 20]",111.19,166,3.78,0.45
07:45:20,"[109.0, 28]","[107.0, 64]","[110.75, 16]","[112.29, 14]",109.88,122,1.75,0.51
07:45:21,"[109.0, 9]","[107.0, 72]","[110.0, 18]","[115.0, 9]",109.5,108,1.0,0.5
07:45:22,"[107.0, 82]","[90.77, 52]","[218.06, 17]","[313.46, 13]",162.53,164,111.06,0.63
07:45:23,"[108.92, 26]","[107.54, 26]","[140.38, 26]","[164.0, 22]",124.65,100,31.46,0.04
07:45:24,"[109.0, 45]","[108.0, 15]","[113.08, 25]","[113.87, 23]",111.04,108,4.08,0.11
07:45:25,"[109.0, 18]","[108.0, 12]","[111.83, 12]","[113.0, 36]",110.42,78,2.83,-0.23
07:45:26,"[108.83, 18]","[107.25, 24]","[112.62, 21]","[262.33, 33]",110.73,96,3.79,-0.12
07:45:27,"[109.41, 34]","[108.77, 26]","[112.73, 33]","[187.67, 36]",111.07,129,3.32,-0.07
07:45:28,"[111.0, 20]","[109.0, 40]","[128.8, 20]","[190.71, 28]",119.9,108,17.8,0.11
07:45:29,"[111.92, 24]","[109.0, 48]","[115.96, 26]","[239.61, 23]",113.94,121,4.04,0.19
07:45:30,"[109.92, 26]","[108.47, 34]","[112.47, 32]","[183.81, 27]",111.2,119,2.55,0.01
07:45:31,"[107.25, 24]","[99.23, 44]","[110.48, 27]","[222.0, 16]",108.87,111,3.23,0.23
07:45:32,"[107.0, 14]","[93.43, 28]","[108.86, 21]","[204.2, 15]",107.93,78,1.86,0.08
07:45:33,"[77.5, 24]","[57.59, 34]","[108.33, 18]","[142.71, 28]",92.92,104,30.83,0.12
07:45:34,"[62.0, 16]","[27.0, 32]","[105.5, 14]","[108.5, 18]",83.75,80,43.5,0.2
07:45:35,"[67.0, 16]","[13.0, 32]","[154.22, 9]","[213.7, 23]",110.61,80,87.22,0.2
07:45:36,"[105.62, 26]","[54.3, 20]","[237.0, 8]","[263.0, 16]",171.31,70,131.38,0.31
07:45:37,"[109.0, 105]","[98.52, 46]","[307.93, 27]","[470.69, 29]",208.46,207,198.93,0.46
07:45:38,"[107.4, 60]","[87.75, 20]","[373.2, 44]","[500.33, 24]",240.3,148,265.8,0.08
07:45:39,"[94.77, 13]","[28.56, 18]","[326.0, 21]","[505.57, 7]",210.38,59,231.23,0.05
07:45:40,"[68.29, 7]","[28.36, 11]","[245.38, 8]","[355.26, 19]",156.83,45,177.09,-0.2
07:45:41,"[49.0, 8]","[41.0, 4]","[195.38, 8]","[405.43, 14]",122.19,34,146.38,-0.29
07:45:42,"[76.63, 19]","[34.76, 17]","[238.82, 22]","[513.59, 34]",157.72,92,162.19,-0.22
07:45:43,"[112.0, 24]","[67.12, 16]","[245.68, 19]","[522.3, 20]",178.84,79,133.68,0.01
07:45:44,"[113.43, 21]","[105.32, 44]","[319.0, 34]","[466.06, 17]",216.21,116,205.57,0.12
07:45:45,"[114.55, 47]","[109.48, 50]","[362.73, 59]","[401.7, 43]",238.64,199,248.18,-0.03
07:45:46,"[113.8, 20]","[109.33, 54]","[238.77, 39]","[264.53, 51]",176.28,164,124.97,-0.1
07:45:47,"[113.2, 10]","[109.16, 38]","[233.12, 32]","[244.68, 25]",173.16,105,119.92,-0.09
07:45:48,"[107.23, 69]","[93.25, 120]","[159.17, 48]","[198.67, 45]",133.2,282,51.93,0.34
07:45:49,"[107.66, 83]","[98.65, 79]","[155.33, 36]","[156.44, 36]",131.5,234,47.67,0.38
07:45:50,"[108.0, 64]","[107.0, 56]","[154.12, 32]","[156.0, 32]",131.06,184,46.12,0.3
07:45:51,"[107.0, 59]","[84.0, 14]","[153.71, 28]","[155.43, 28]",130.36,129,46.71,0.13
07:45:52,"[107.0, 77]","[84.0, 22]","[145.39, 46]","[153.82, 44]",126.2,189,38.39,0.05
07:45:53,"[107.0, 76]","[81.0, 24]","[152.67, 48]","[153.67, 48]",129.83,196,45.67,0.02
07:45:54,"[103.51, 35]","[82.23, 65]","[143.91, 44]","[152.82, 44]",123.71,188,40.39,0.06
07:45:55,"[95.04, 51]","[68.31, 61]","[148.7, 40]","[149.8, 40]",121.87,192,53.66,0.17
07:45:56,"[108.29, 48]","[97.91, 34]","[146.27, 44]","[148.0, 44]",127.28,170,37.98,-0.04
07:45:57,"[114.89, 38]","[113.11, 28]","[127.2, 80]","[131.0, 80]",121.05,226,12.31,-0.42
07:45:58,"[117.0, 10]","[116.0, 10]","[121.2, 40]","[122.5, 40]",119.1,100,4.2,-0.6
07:45:59,"[117.0, 9]","[116.0, 9]","[119.56, 36]","[121.0, 36]",118.28,90,2.56,-0.6
07:46:00,"[115.91, 11]","[113.26, 19]","[118.43, 49]","[140.82, 45]",117.17,124,2.52,-0.52
07:46:01,"[113.0, 12]","[112.0, 60]","[117.31, 51]","[119.38, 47]",115.16,170,4.31,-0.15
07:46:02,"[112.12, 34]","[109.95, 63]","[114.95, 39]","[116.38, 32]",113.53,168,2.83,0.15
07:46:03,"[109.21, 99]","[108.52, 46]","[111.58, 43]","[121.63, 52]",110.4,240,2.37,0.21
07:46:04,"[108.17, 60]","[82.16, 70]","[109.55, 40]","[111.55, 44]",108.86,214,1.38,0.21
07:46:05,"[108.0, 102]","[102.0, 33]","[109.6, 20]","[134.59, 41]",108.8,196,1.6,0.38
07:46:06,"[108.0, 82]","[102.0, 39]","[118.36, 25]","[298.72, 53]",113.18,199,10.36,0.22
07:46:07,"[108.0, 60]","[94.07, 58]","[427.5, 44]","[554.59, 49]",267.75,211,319.5,0.12
07:46:08,"[108.0, 68]","[107.0, 48]","[182.58, 36]","[277.54, 50]",145.29,202,74.58,0.15
07:46:09,"[107.64, 25]","[101.97, 39]","[147.0, 21]","[396.0, 21]",127.32,106,39.36,0.21
07:46:10,"[107.0, 33]","[93.0, 25]","[474.43, 14]","[623.74, 19]",290.71,91,367.43,0.27
07:46:11,"[107.94, 70]","[87.78, 69]","[438.27, 22]","[553.0, 31]",273.11,192,330.33,0.45
07:46:12,"[107.0, 22]","[71.25, 48]","[508.67, 27]","[725.76, 33]",307.83,130,401.67,0.08
07:46:13,"[107.4, 15]","[78.72, 43]","[476.8, 15]","[740.0, 15]",292.1,88,369.4,0.32
07:46:14,"[107.0, 20]","[75.0, 25]","[484.4, 15]","[643.8, 15]",295.7,75,377.4,0.2
07:46:15,"[107.14, 37]","[77.91, 44]","[141.27, 11]","[273.44, 27]",124.2,119,34.14,0.36
07:46:16,"[107.51, 49]","[89.58, 62]","[138.18, 17]","[140.02, 53]",122.84,181,30.67,0.23
07:46:17,"[109.73, 52]","[107.88, 33]","[136.22, 9]","[140.0, 36]",122.98,130,26.49,0.31
07:46:18,"[111.0, 46]","[108.0, 16]","[134.0, 20]","[136.6, 20]",122.5,102,23.0,0.22
07:46:19,"[111.5, 32]","[108.0, 16]","[132.43, 14]","[133.92, 26]",121.96,88,20.93,0.09
07:46:20,"[113.58, 48]","[108.0, 36]","[128.57, 42]","[130.45, 47]",121.08,173,14.99,-0.03
07:46:21,"[100.27, 15]","[100.65, 31]","[123.38, 21]","[125.0, 16]",111.82,83,23.11,0.11
07:46:22,"[109.0, 29]","[71.33, 30]","[121.52, 21]","[122.11, 9]",115.26,89,12.52,0.33
07:46:23,"[110.45, 33]","[92.45, 47]","[117.88, 40]","[120.28, 25]",114.16,145,7.42,0.1
07:46:24,"[109.92, 13]","[101.3, 27]","[115.13, 23]","[116.71, 17]",112.53,80,5.21,0.0
07:46:25,"[109.0, 24]","[107.0, 40]","[114.12, 32]","[115.2, 20]",111.56,116,5.12,0.1
07:46:26,"[109.84, 38]","[108.29, 28]","[112.12, 32]","[113.25, 32]",110.98,130,2.28,0.02
07:46:27,"[109.31, 13]","[90.84, 25]","[111.76, 21]","[112.67, 24]",110.53,83,2.45,-0.08
07:46:28,"[109.0, 27]","[93.0, 45]","[110.11, 36]","[111.11, 36]",109.56,144,1.11,0.0
07:46:29,"[98.76, 34]","[98.41, 22]","[110.0, 32]","[178.0, 18]",104.38,106,11.24,0.06
07:46:30,"[104.0, 20]","[102.0, 12]","[109.0, 16]","[178.0, 12]",106.5,60,5.0,0.07
07:46:31,"[104.09, 55]","[91.85, 55]","[108.58, 26]","[135.54, 39]",106.33,175,4.49,0.26
07:46:32,"[105.78, 45]","[80.64, 47]","[108.43, 14]","[128.05, 21]",107.1,127,2.65,0.45
07:46:33,"[108.1, 29]","[71.72, 43]","[423.2, 10]","[685.32, 25]",265.65,107,315.1,0.35
07:46:34,"[110.32, 19]","[108.67, 18]","[606.0, 7]","[706.0, 21]",358.16,65,495.68,0.14
07:46:35,"[113.19, 27]","[112.25, 28]","[606.0, 11]","[706.0, 33]",359.59,99,492.81,0.11
07:46:36,"[115.91, 47]","[114.7, 44]","[502.55, 11]","[674.52, 21]",309.23,123,386.63,0.48
07:46:37,"[116.64, 22]","[115.58, 24]","[298.56, 9]","[706.0, 27]",207.6,82,181.92,0.12
07:46:38,"[117.0, 14]","[116.0, 14]","[129.0, 7]","[680.95, 19]",123.0,54,12.0,0.04
07:46:39,"[116.5, 8]","[115.17, 24]","[186.38, 8]","[320.71, 14]",151.44,54,69.88,0.19
07:46:40,"[116.0, 12]","[115.0, 60]","[289.94, 16]","[441.81, 16]",202.97,104,173.94,0.38
07:46:41,"[115.26, 27]","[114.06, 51]","[225.57, 14]","[296.91, 11]",170.42,103,110.31,0.51
07:46:42,"[115.0, 54]","[112.24, 50]","[170.56, 16]","[208.7, 20]",142.78,140,55.56,0.49
07:46:43,"[115.0, 72]","[114.0, 54]","[133.32, 50]","[134.71, 28]",124.16,204,18.32,0.24
07:46:44,"[116.3, 233]","[113.56, 95]","[129.76, 34]","[131.24, 29]",123.03,391,13.46,0.68
07:46:45,"[117.0, 256]","[115.0, 56]","[136.48, 29]","[180.55, 31]",126.74,372,19.48,0.68
07:46:46,"[117.0, 135]","[115.0, 36]","[222.09, 11]","[291.2, 15]",169.55,197,105.09,0.74
07:46:47,"[117.0, 165]","[115.0, 44]","[218.92, 39]","[273.79, 29]",167.96,277,101.92,0.51
07:46:48,"[117.0, 155]","[115.0, 44]","[215.33, 15]","[219.4, 53]",166.17,267,98.33,0.49
07:46:49,"[117.0, 140]","[115.0, 48]","[197.75, 20]","[206.31, 52]",157.38,260,80.75,0.45
07:46:50,"[117.0, 143]","[115.0, 52]","[189.32, 19]","[190.69, 49]",153.16,263,72.32,0.48
07:46:51,"[117.0, 138]","[115.0, 60]","[186.0, 27]","[186.64, 33]",151.5,258,69.0,0.53
07:46:52,"[117.0, 136]","[115.0, 68]","[162.61, 33]","[180.0, 37]",139.8,274,45.61,0.49
07:46:53,"[116.11, 54]","[114.54, 26]","[151.0, 11]","[155.08, 39]",133.56,130,34.89,0.23
07:46:54,"[112.0, 9]","[109.09, 23]","[150.21, 19]","[155.24, 17]",131.11,68,38.21,-0.06
07:46:55,"[112.0, 10]","[109.0, 30]","[147.62, 16]","[149.75, 24]",129.81,80,35.62,0.0
07:46:56,"[112.0, 6]","[109.0, 18]","[143.88, 16]","[145.75, 8]",127.94,48,31.88,0.0
07:46:57,"[108.7, 46]","[108.6, 30]","[138.35, 17]","[142.32, 22]",123.52,115,29.66,0.32
07:46:58,"[108.0, 194]","[107.0, 33]","[114.68, 19]","[129.29, 14]",111.34,260,6.68,0.75
07:46:59,"[108.0, 146]","[107.0, 30]","[111.44, 16]","[119.0, 18]",109.72,210,3.44,0.68
07:47:00,"[108.0, 70]","[107.0, 15]","[111.57, 7]","[128.0, 9]",109.79,101,3.57,0.68
07:47:01,"[108.03, 87]","[107.44, 32]","[112.0, 11]","[442.0, 20]",110.02,150,3.97,0.59
07:47:02,"[108.04, 73]","[107.48, 29]","[137.17, 12]","[706.44, 27]",122.6,141,29.13,0.45
07:47:03,"[109.33, 72]","[108.61, 62]","[387.04, 25]","[629.42, 48]",248.19,207,277.71,0.29
07:47:04,"[110.48, 29]","[109.64, 56]","[399.68, 41]","[470.52, 25]",255.08,151,289.2,0.13
07:47:05,"[110.19, 31]","[109.3, 40]","[136.86, 21]","[381.7, 23]",123.53,115,26.66,0.23
07:47:06,"[109.89, 71]","[108.5, 48]","[134.33, 18]","[135.36, 22]",122.11,159,24.45,0.5
07:47:07,"[110.0, 135]","[109.0, 36]","[133.0, 27]","[134.0, 18]",121.5,216,23.0,0.58
07:47:08,"[110.28, 74]","[109.5, 32]","[132.0, 12]","[133.0, 18]",121.14,136,21.72,0.56
07:47:09,"[112.0, 63]","[110.0, 72]","[130.87, 15]","[132.5, 24]",121.43,174,18.87,0.55
07:47:10,"[112.0, 70]","[110.0, 80]","[126.7, 10]","[131.0, 20]",119.35,180,14.7,0.67
07:47:11,"[112.28, 125]","[110.27, 111]","[121.53, 17]","[123.24, 17]",116.9,270,9.25,0.75
07:47:12,"[113.85, 95]","[110.41, 111]","[117.68, 25]","[119.33, 15]",115.77,246,3.83,0.67
07:47:13,"[110.37, 93]","[109.67, 60]","[115.04, 25]","[116.09, 33]",112.7,211,4.67,0.45
07:47:14,"[110.28, 74]","[109.49, 67]","[112.78, 18]","[116.4, 25]",111.53,184,2.49,0.53
07:47:15,"[110.0, 73]","[109.0, 26]","[111.1, 20]","[112.1, 20]",110.55,139,1.1,0.42
07:47:16,"[110.0, 92]","[109.0, 60]","[169.62, 29]","[247.25, 48]",139.81,229,59.62,0.33
07:47:17,"[110.64, 33]","[109.71, 56]","[322.41, 34]","[438.86, 37]",216.52,160,211.78,0.11
07:47:18,"[109.48, 29]","[108.23, 91]","[229.0, 48]","[424.9, 29]",169.24,197,119.52,0.22
07:47:19,"[112.25, 32]","[108.39, 46]","[338.73, 30]","[655.56, 32]",225.49,140,226.48,0.11
07:47:20,"[113.78, 90]","[112.2, 50]","[229.74, 46]","[419.64, 44]",171.76,230,115.96,0.22
07:47:21,"[113.81, 64]","[112.37, 38]","[126.0, 22]","[239.09, 44]",119.91,168,12.19,0.21
07:47:22,"[113.0, 29]","[109.0, 16]","[215.6, 30]","[302.89, 18]",164.3,93,102.6,-0.03
07:47:23,"[113.0, 9]","[109.0, 18]","[221.25, 12]","[242.71, 34]",167.12,73,108.25,-0.26
07:47:24,"[110.45, 11]","[108.22, 36]","[219.09, 11]","[269.22, 36]",164.77,94,108.64,0.0
07:47:25,"[108.1, 10]","[107.05, 85]","[145.55, 22]","[266.62, 16]",126.82,133,37.45,0.43
07:47:26,"[108.33, 9]","[107.05, 57]","[179.29, 21]","[228.67, 24]",143.81,111,70.95,0.19
07:47:27,"[109.0, 12]","[108.0, 12]","[142.15, 26]","[225.92, 26]",125.58,76,33.15,-0.37
07:47:28,"[110.0, 14]","[109.0, 14]","[125.76, 17]","[386.49, 41]",117.88,86,15.76,-0.35
07:47:29,"[114.17, 18]","[113.62, 24]","[124.56, 36]","[126.0, 9]",119.36,87,10.39,-0.03
07:47:30,"[107.69, 35]","[106.7, 23]","[123.46, 26]","[124.24, 29]",115.57,113,15.78,0.03
07:47:31,"[107.62, 78]","[106.57, 94]","[119.72, 29]","[119.63, 41]",113.67,242,12.11,0.42
07:47:32,"[115.0, 6]","[107.0, 54]","[116.67, 6]","[119.0, 24]",115.83,90,1.67,0.33
07:47:33,"[107.0, 83]","[102.44, 27]","[116.0, 7]","[239.86, 28]",111.5,145,9.0,0.52
07:47:34,"[107.23, 198]","[101.87, 103]","[114.43, 28]","[249.86, 35]",110.83,364,7.2,0.65
07:47:35,"[108.0, 89]","[107.0, 182]","[112.63, 19]","[243.27, 48]",110.32,338,4.63,0.6
07:47:36,"[108.0, 28]","[107.0, 84]","[111.0, 6]","[187.0, 30]",109.5,148,3.0,0.51
07:47:37,"[108.0, 48]","[107.0, 140]","[109.7, 10]","[375.88, 25]",108.85,223,1.7,0.69
07:47:38,"[109.07, 60]","[107.25, 112]","[164.5, 20]","[430.03, 33]",136.78,225,55.43,0.53
07:47:39,"[112.1, 31]","[108.3, 53]","[267.45, 31]","[412.33, 33]",189.77,148,155.35,0.14
07:47:40,"[113.83, 12]","[112.0, 24]","[263.96, 26]","[288.8, 25]",188.9,87,150.13,-0.17
07:47:41,"[115.29, 14]","[112.0, 28]","[243.0, 28]","[263.0, 7]",179.14,77,127.71,0.09
07:47:42,"[113.39, 23]","[109.25, 51]","[250.27, 15]","[261.22, 9]",181.83,98,136.88,0.51
07:47:43,"[108.8, 60]","[107.26, 113]","[257.19, 27]","[258.07, 15]",182.99,215,148.39,0.61
07:47:44,"[109.0, 48]","[108.0, 32]","[245.88, 8]","[256.44, 16]",177.44,104,136.88,0.54
07:47:45,"[109.0, 76]","[108.0, 56]","[179.93, 30]","[205.23, 26]",144.47,188,70.93,0.4
07:47:46,"[109.0, 44]","[108.0, 44]","[149.67, 51]","[151.33, 15]",129.33,154,40.67,0.14
07:47:47,"[109.0, 22]","[108.0, 36]","[117.33, 9]","[145.59, 29]",113.17,96,8.33,0.21
07:47:48,"[109.0, 16]","[108.0, 32]","[113.75, 8]","[115.5, 8]",111.38,64,4.75,0.5
07:47:49,"[109.33, 24]","[108.06, 34]","[112.09, 33]","[113.33, 9]",110.71,100,2.76,0.16
07:47:50,"[109.79, 56]","[108.08, 37]","[111.65, 23]","[113.13, 15]",110.72,131,1.87,0.42
07:47:51,"[108.67, 18]","[107.51, 70]","[111.38, 8]","[154.5, 8]",110.02,104,2.71,0.69
07:47:52,"[108.04, 52]","[107.13, 71]","[113.0, 6]","[536.0, 6]",110.52,135,4.96,0.82
07:47:53,"[109.0, 12]","[108.0, 54]","[113.0, 6]","[334.33, 6]",111.0,78,4.0,0.69
07:47:54,"[109.0, 22]","[108.0, 99]","[111.18, 11]","[594.09, 11]",110.09,143,2.18,0.69
07:47:55,"[108.37, 70]","[107.08, 78]","[159.91, 11]","[659.0, 10]",134.14,169,51.54,0.75
07:47:56,"[109.64, 14]","[108.88, 26]","[659.0, 6]","[0, 0]",384.32,46,549.36,0.74
07:47:57,"[110.0, 4]","[109.0, 20]","[390.0, 8]","[659.0, 4]",250.0,36,280.0,0.33
07:47:58,"[111.82, 17]","[109.4, 35]","[390.0, 16]","[659.0, 8]",250.91,76,278.18,0.37
07:47:59,"[112.0, 11]","[109.0, 55]","[244.9, 30]","[361.7, 23]",178.45,119,132.9,0.11
07:48:00,"[109.27, 33]","[108.31, 49]","[218.74, 61]","[275.3, 47]",164.01,190,109.46,-0.14
07:48:01,"[110.0, 36]","[108.33, 27]","[216.03, 38]","[217.07, 43]",163.01,144,106.03,-0.12
07:48:02,"[111.0, 54]","[109.0, 27]","[214.29, 42]","[215.38, 39]",162.64,162,103.29,0.0
07:48:03,"[110.59, 58]","[108.69, 39]","[212.23, 61]","[213.38, 56]",161.41,214,101.64,-0.09
07:48:04,"[109.0, 33]","[108.0, 27]","[205.27, 41]","[209.47, 38]",157.13,139,96.27,-0.14
07:48:05,"[109.0, 44]","[108.0, 36]","[156.78, 40]","[199.11, 56]",132.89,176,47.78,-0.09
07:48:06,"[109.0, 18]","[108.0, 18]","[121.37, 27]","[122.44, 27]",115.19,90,12.37,-0.2
07:48:07,"[109.12, 32]","[107.46, 52]","[117.6, 60]","[118.7, 66]",113.36,210,8.47,-0.2
07:48:08,"[109.53, 15]","[107.32, 31]","[116.75, 32]","[118.0, 40]",113.14,118,7.22,-0.22
07:48:09,"[108.19, 37]","[107.04, 75]","[116.66, 44]","[135.66, 61]",112.42,217,8.47,0.03
07:48:10,"[108.86, 28]","[107.12, 48]","[115.0, 50]","[116.0, 30]",111.93,156,6.14,-0.03
07:48:11,"[108.0, 35]","[107.0, 73]","[115.0, 60]","[116.0, 36]",111.5,204,7.0,0.06
07:48:12,"[112.0, 43]","[108.0, 22]","[115.06, 53]","[123.62, 32]",113.53,150,3.06,-0.13
07:48:13,"[112.0, 8]","[108.0, 16]","[116.0, 24]","[149.0, 16]",114.0,64,4.0,-0.25
07:48:14,"[108.21, 19]","[104.76, 41]","[115.36, 25]","[167.4, 30]",111.79,115,7.15,0.04
07:48:15,"[107.5, 30]","[91.21, 33]","[114.18, 22]","[115.33, 18]",110.84,103,6.68,0.22
07:48:16,"[107.81, 32]","[102.0, 24]","[112.5, 24]","[115.0, 16]",110.16,96,4.69,0.17
07:48:17,"[107.0, 33]","[80.39, 31]","[164.44, 25]","[245.55, 22]",135.72,111,57.44,0.15
07:48:18,"[70.9, 31]","[60.39, 28]","[184.2, 10]","[254.73, 22]",127.55,91,113.3,0.3
07:48:19,"[70.88, 34]","[66.0, 36]","[104.33, 9]","[116.4, 15]",87.61,94,33.45,0.49
07:48:20,"[101.88, 34]","[91.19, 31]","[104.22, 9]","[123.46, 13]",103.05,87,2.34,0.49
07:48:21,"[103.57, 28]","[88.35, 23]","[105.0, 7]","[178.71, 21]",104.29,79,1.43,0.29
07:48:22,"[104.0, 27]","[86.45, 29]","[226.76, 25]","[390.52, 21]",165.38,102,122.76,0.1
07:48:23,"[105.3, 20]","[97.04, 23]","[266.62, 24]","[485.88, 24]",185.96,91,161.32,-0.05
07:48:24,"[107.67, 18]","[105.33, 18]","[361.0, 18]","[470.15, 13]",234.33,67,253.33,0.07
07:48:25,"[108.84, 45]","[106.4, 30]","[150.65, 51]","[246.56, 25]",129.75,151,41.8,-0.01
07:48:26,"[110.07, 29]","[109.03, 105]","[119.0, 50]","[202.31, 26]",114.53,210,8.93,0.28
07:48:27,"[111.58, 38]","[109.9, 41]","[119.0, 65]","[230.31, 39]",115.29,183,7.42,-0.14
07:48:28,"[111.46, 78]","[108.97, 145]","[117.64, 55]","[253.91, 33]",114.55,311,6.17,0.43
07:48:29,"[112.0, 23]","[109.0, 112]","[116.0, 40]","[292.33, 18]",114.0,193,4.0,0.4
07:48:30,"[110.32, 25]","[108.97, 168]","[115.0, 60]","[252.0, 24]",112.66,277,4.68,0.39
07:48:31,"[109.0, 112]","[108.0, 40]","[115.0, 40]","[169.5, 24]",112.0,216,6.0,0.41
07:48:32,"[109.0, 140]","[108.0, 50]","[114.2, 50]","[232.6, 30]",111.6,270,5.2,0.41
07:48:33,"[109.0, 187]","[108.0, 69]","[111.98, 61]","[228.0, 39]",110.49,356,2.98,0.44
07:48:34,"[109.0, 70]","[108.0, 49]","[204.07, 14]","[223.0, 17]",156.54,150,95.07,0.59
07:48:35,"[109.0, 80]","[108.0, 54]","[162.0, 8]","[219.47, 34]",135.5,176,53.0,0.52
07:48:36,"[109.0, 110]","[108.0, 55]","[158.48, 31]","[217.29, 35]",133.74,231,49.48,0.43
07:48:37,"[109.14, 115]","[108.31, 65]","[149.16, 49]","[157.7, 23]",129.15,252,40.02,0.43
07:48:38,"[110.2, 88]","[109.0, 160]","[153.5, 60]","[154.14, 36]",131.85,344,43.3,0.44
07:48:39,"[109.11, 73]","[107.74, 62]","[150.64, 11]","[152.0, 55]",129.87,201,41.53,0.34
07:48:40,"[109.0, 42]","[107.0, 42]","[148.03, 31]","[150.36, 11]",128.52,126,39.03,0.33
07:48:41,"[110.5, 24]","[107.17, 46]","[147.56, 45]","[148.05, 21]",129.03,136,37.06,0.03
07:48:42,"[115.0, 33]","[109.46, 26]","[143.84, 19]","[145.7, 47]",129.42,125,28.84,-0.06
07:48:43,"[111.5, 10]","[109.18, 17]","[140.22, 32]","[141.12, 16]",125.86,75,28.72,-0.28
07:48:44,"[111.14, 35]","[109.57, 14]","[136.5, 16]","[138.42, 36]",123.82,101,25.36,-0.03
07:48:45,"[112.0, 32]","[110.0, 8]","[134.1, 20]","[135.77, 13]",123.05,73,22.1,0.1
07:48:46,"[112.0, 18]","[110.0, 6]","[133.71, 7]","[135.82, 11]",122.86,42,21.71,0.14
07:48:47,"[112.0, 27]","[110.0, 9]","[131.22, 18]","[132.0, 19]",121.61,73,19.22,-0.01
07:48:48,"[112.0, 42]","[110.0, 14]","[126.69, 29]","[128.0, 25]",119.34,110,14.69,0.02
07:48:49,"[113.5, 26]","[112.67, 36]","[124.55, 20]","[125.83, 23]",119.03,105,11.05,0.18
07:48:50,"[115.56, 16]","[113.0, 48]","[121.43, 28]","[122.38, 37]",118.5,129,5.87,-0.01
07:48:51,"[115.05, 19]","[112.83, 47]","[117.84, 31]","[119.02, 43]",116.45,140,2.79,-0.06
07:48:52,"[112.86, 42]","[111.13, 69]","[116.17, 35]","[176.24, 25]",114.51,171,3.31,0.3
