Time,Bid1,Bid2,Ask1,Ask2,Mid-Price,Total_volume,Bid_ask_spread,Order_imbalance
07:30:00,"[0, 0]","[0, 0]","[0, 0]","[0, 0]",0.0,0,0.0,0.0
07:30:01,"[1.33, 15]","[0, 0]","[549.0, 8]","[0, 0]",275.17,23,547.67,0.3
07:30:02,"[93.97, 29]","[23.57, 23]","[692.25, 16]","[0, 0]",393.11,68,598.28,0.53
07:30:03,"[86.13, 23]","[69.91, 32]","[739.73, 11]","[740.0, 12]",412.93,78,653.6,0.41
07:30:04,"[126.45, 38]","[123.2, 25]","[533.23, 13]","[592.08, 13]",329.84,89,406.78,0.42
07:30:05,"[131.26, 76]","[124.64, 36]","[155.82, 11]","[158.3, 10]",143.54,133,24.56,0.68
07:30:06,"[136.0, 24]","[130.0, 15]","[149.5, 4]","[151.8, 5]",142.75,48,13.5,0.62
07:30:07,"[136.0, 21]","[130.0, 35]","[146.86, 7]","[149.0, 9]",141.43,72,10.86,0.56
07:30:08,"[136.0, 15]","[130.0, 25]","[146.0, 11]","[147.0, 5]",141.0,56,10.0,0.43
07:30:09,"[136.0, 27]","[130.27, 44]","[145.0, 9]","[146.0, 27]",140.5,107,9.0,0.33
07:30:10,"[136.06, 32]","[131.86, 49]","[142.07, 27]","[143.4, 15]",139.07,123,6.01,0.32
07:30:11,"[137.21, 28]","[135.58, 57]","[139.92, 61]","[143.03, 37]",138.57,183,2.7,-0.07
07:30:12,"[136.0, 27]","[132.45, 116]","[139.36, 28]","[140.95, 22]",137.68,193,3.36,0.48
07:30:13,"[136.0, 13]","[131.86, 112]","[138.04, 26]","[138.64, 22]",137.02,173,2.04,0.45
07:30:14,"[131.02, 114]","[130.16, 83]","[135.36, 36]","[136.88, 17]",133.19,250,4.34,0.58
07:30:15,"[131.05, 60]","[130.14, 111]","[132.59, 27]","[133.94, 52]",131.82,250,1.54,0.37
07:30:16,"[131.0, 16]","[130.0, 48]","[133.46, 24]","[136.18, 22]",132.23,110,2.46,0.16
07:30:17,"[130.31, 64]","[128.67, 117]","[133.0, 70]","[137.09, 34]",131.66,285,2.69,0.27
07:30:18,"[130.0, 63]","[117.0, 33]","[132.91, 55]","[137.0, 33]",131.45,184,2.91,0.04
07:30:19,"[130.0, 16]","[124.5, 36]","[131.54, 28]","[136.75, 20]",130.77,100,1.54,0.04
07:30:20,"[126.15, 52]","[118.29, 35]","[134.4, 25]","[135.76, 25]",130.28,137,8.25,0.27
07:30:21,"[125.78, 41]","[115.41, 17]","[133.0, 18]","[134.0, 27]",129.39,103,7.22,0.13
07:30:22,"[132.0, 35]","[118.0, 15]","[133.0, 10]","[134.0, 15]",132.5,75,1.0,0.33
07:30:23,"[132.0, 70]","[119.11, 27]","[133.69, 26]","[135.8, 30]",132.85,153,1.69,0.27
07:30:24,"[132.0, 64]","[118.71, 28]","[133.24, 38]","[134.9, 30]",132.62,160,1.24,0.15
07:30:25,"[132.0, 32]","[118.0, 24]","[134.0, 20]","[136.5, 16]",133.0,92,2.0,0.22
07:30:26,"[132.0, 44]","[118.0, 33]","[133.82, 22]","[135.0, 11]",132.91,110,1.82,0.4
07:30:27,"[132.0, 25]","[121.3, 30]","[133.0, 20]","[135.0, 10]",132.5,85,1.0,0.29
07:30:28,"[132.0, 5]","[129.0, 15]","[133.0, 10]","[135.0, 5]",132.5,35,1.0,0.14
07:30:29,"[129.1, 31]","[119.0, 33]","[133.46, 13]","[135.65, 23]",131.28,100,4.36,0.28
07:30:30,"[129.0, 27]","[118.0, 27]","[133.78, 9]","[135.86, 29]",131.39,92,4.78,0.17
07:30:31,"[129.0, 15]","[118.0, 15]","[133.33, 9]","[134.88, 17]",131.17,56,4.33,0.07
07:30:32,"[129.24, 34]","[119.0, 33]","[133.0, 37]","[134.77, 31]",131.12,135,3.76,-0.01
07:30:33,"[129.21, 39]","[120.0, 30]","[133.0, 56]","[135.0, 83]",131.1,208,3.79,-0.34
07:30:34,"[130.0, 25]","[127.38, 8]","[133.0, 32]","[135.0, 40]",131.5,105,3.0,-0.37
07:30:35,"[130.0, 21]","[127.0, 7]","[133.0, 28]","[134.14, 35]",131.5,91,3.0,-0.38
07:30:36,"[127.0, 3]","[123.85, 26]","[133.0, 12]","[134.0, 15]",130.0,56,6.0,0.04
07:30:37,"[127.0, 14]","[123.71, 98]","[133.0, 52]","[134.0, 70]",130.0,234,6.0,-0.04
07:30:38,"[127.0, 21]","[120.26, 46]","[132.22, 37]","[133.04, 121]",129.61,225,5.22,-0.4
07:30:39,"[128.31, 143]","[126.29, 38]","[132.66, 85]","[229.62, 89]",130.49,355,4.34,0.02
07:30:40,"[129.73, 150]","[127.24, 17]","[132.94, 94]","[398.99, 71]",131.33,332,3.2,0.01
07:30:41,"[131.0, 92]","[126.0, 12]","[132.0, 58]","[133.0, 60]",131.5,222,1.0,-0.06
07:30:42,"[131.0, 65]","[126.0, 12]","[132.41, 49]","[162.55, 44]",131.7,170,1.41,-0.09
07:30:43,"[131.0, 32]","[125.12, 8]","[132.15, 65]","[263.0, 15]",131.58,120,1.15,-0.33
07:30:44,"[131.0, 10]","[125.0, 7]","[132.0, 49]","[133.0, 28]",131.5,94,1.0,-0.64
07:30:45,"[131.0, 8]","[127.86, 14]","[132.0, 56]","[304.43, 35]",131.5,113,1.0,-0.61
07:30:46,"[131.0, 6]","[125.0, 6]","[132.0, 42]","[225.0, 30]",131.5,84,1.0,-0.71
07:30:47,"[128.75, 8]","[124.45, 11]","[132.0, 46]","[254.5, 20]",130.38,85,3.25,-0.55
07:30:48,"[127.88, 34]","[124.36, 22]","[232.16, 44]","[499.0, 18]",180.02,118,104.28,-0.05
07:30:49,"[135.1, 62]","[133.51, 45]","[146.07, 56]","[158.93, 14]",140.58,177,10.97,0.21
07:30:50,"[136.42, 24]","[135.69, 29]","[146.0, 36]","[194.97, 29]",141.21,118,9.58,-0.1
07:30:51,"[136.88, 16]","[135.88, 16]","[146.0, 32]","[176.82, 28]",141.44,92,9.12,-0.3
07:30:52,"[137.0, 20]","[136.0, 20]","[144.8, 40]","[417.24, 25]",140.9,105,7.8,-0.24
07:30:53,"[137.0, 22]","[136.0, 78]","[141.91, 44]","[259.69, 52]",139.45,196,4.91,0.02
07:30:54,"[136.04, 97]","[132.71, 102]","[139.07, 56]","[140.14, 56]",137.56,311,3.03,0.28
07:30:55,"[136.0, 42]","[132.0, 77]","[137.73, 44]","[170.56, 32]",136.86,195,1.73,0.22
07:30:56,"[132.52, 62]","[131.29, 97]","[136.57, 56]","[216.5, 16]",134.54,231,4.06,0.38
07:30:57,"[132.0, 27]","[131.0, 108]","[134.22, 36]","[182.45, 31]",133.11,202,2.22,0.34
07:30:58,"[132.0, 15]","[131.0, 48]","[133.47, 17]","[143.6, 20]",132.74,100,1.47,0.26
07:30:59,"[131.36, 33]","[130.16, 75]","[134.0, 36]","[266.5, 12]",132.68,156,2.64,0.38
07:31:00,"[132.37, 100]","[130.74, 62]","[304.62, 34]","[487.77, 40]",218.49,236,172.25,0.37
07:31:01,"[136.0, 60]","[131.0, 108]","[200.0, 30]","[239.0, 18]",168.0,216,64.0,0.56
07:31:02,"[136.0, 46]","[131.0, 100]","[197.21, 42]","[268.5, 14]",166.61,202,61.21,0.45
07:31:03,"[134.12, 16]","[130.91, 66]","[194.18, 33]","[315.09, 23]",164.15,138,60.06,0.19
07:31:04,"[130.86, 77]","[128.98, 82]","[136.02, 91]","[253.8, 45]",133.44,295,5.16,0.08
07:31:05,"[130.0, 25]","[115.78, 9]","[132.0, 35]","[303.0, 15]",131.0,84,2.0,-0.19
07:31:06,"[130.0, 40]","[125.4, 20]","[132.0, 56]","[303.0, 24]",131.0,140,2.0,-0.14
07:31:07,"[130.0, 40]","[129.0, 32]","[132.0, 32]","[303.0, 24]",131.0,128,2.0,0.12
07:31:08,"[129.56, 72]","[102.52, 65]","[131.54, 63]","[195.52, 46]",130.55,246,1.98,0.11
07:31:09,"[129.0, 30]","[69.81, 27]","[132.0, 32]","[133.0, 8]",130.5,97,3.0,0.18
07:31:10,"[127.89, 18]","[109.84, 31]","[130.79, 29]","[182.33, 9]",129.34,87,2.9,0.13
07:31:11,"[117.47, 34]","[45.24, 25]","[131.62, 13]","[291.29, 14]",124.54,86,14.14,0.37
07:31:12,"[129.1, 61]","[113.45, 66]","[237.47, 17]","[339.16, 19]",183.28,163,108.37,0.56
07:31:13,"[134.89, 27]","[132.0, 63]","[293.7, 23]","[399.8, 10]",214.29,123,158.81,0.46
07:31:14,"[136.27, 33]","[132.55, 65]","[242.43, 21]","[409.17, 12]",189.35,131,106.16,0.5
07:31:15,"[138.27, 33]","[137.0, 33]","[221.0, 33]","[379.84, 19]",179.64,118,82.73,0.12
07:31:16,"[139.0, 34]","[137.0, 42]","[406.08, 36]","[488.91, 23]",272.54,135,267.08,0.13
07:31:17,"[139.0, 15]","[137.0, 45]","[204.88, 16]","[391.67, 33]",171.94,109,65.88,0.1
07:31:18,"[139.0, 11]","[137.0, 33]","[245.27, 22]","[262.69, 13]",192.14,79,106.27,0.11
07:31:19,"[139.0, 13]","[137.0, 39]","[183.0, 26]","[246.77, 26]",161.0,104,44.0,0.0
07:31:20,"[139.0, 12]","[137.0, 36]","[144.0, 24]","[146.0, 24]",141.5,96,5.0,0.0
07:31:21,"[137.2, 20]","[136.4, 15]","[142.91, 22]","[201.64, 22]",140.05,79,5.71,-0.11
07:31:22,"[137.0, 12]","[136.0, 6]","[142.0, 12]","[279.25, 8]",139.5,38,5.0,-0.05
07:31:23,"[137.0, 14]","[136.0, 9]","[142.0, 18]","[239.6, 15]",139.5,56,5.0,-0.18
07:31:24,"[134.47, 15]","[131.86, 59]","[141.38, 26]","[207.33, 15]",137.93,115,6.92,0.29
07:31:25,"[135.66, 35]","[129.92, 24]","[140.42, 24]","[216.4, 20]",138.04,103,4.76,0.15
07:31:26,"[137.3, 40]","[134.04, 47]","[140.04, 25]","[206.43, 21]",138.67,133,2.74,0.31
07:31:27,"[136.0, 24]","[132.0, 112]","[298.57, 14]","[527.32, 25]",217.29,175,162.57,0.55
07:31:28,"[137.0, 36]","[136.0, 47]","[463.58, 24]","[593.0, 39]",300.29,146,326.58,0.14
07:31:29,"[137.0, 24]","[136.0, 42]","[534.5, 30]","[662.67, 12]",335.75,108,397.5,0.22
07:31:30,"[137.0, 40]","[136.0, 70]","[514.0, 50]","[650.2, 20]",325.5,180,377.0,0.22
07:31:31,"[137.0, 44]","[136.0, 77]","[238.43, 46]","[541.45, 31]",187.72,198,101.43,0.22
07:31:32,"[136.21, 38]","[134.45, 29]","[478.0, 14]","[562.14, 35]",307.11,116,341.79,0.16
07:31:33,"[136.0, 48]","[133.0, 24]","[493.91, 22]","[518.71, 34]",314.95,128,357.91,0.12
07:31:34,"[136.0, 42]","[133.0, 21]","[441.0, 14]","[512.0, 35]",288.5,112,305.0,0.12
07:31:35,"[136.0, 72]","[133.0, 36]","[217.1, 39]","[294.91, 54]",176.55,201,81.1,0.07
07:31:36,"[136.0, 90]","[133.0, 45]","[168.6, 30]","[182.25, 59]",152.3,224,32.6,0.21
07:31:37,"[136.17, 72]","[134.33, 54]","[166.65, 37]","[167.3, 37]",151.41,200,30.48,0.26
07:31:38,"[132.63, 97]","[132.04, 85]","[163.77, 43]","[164.55, 55]",148.2,280,31.14,0.3
07:31:39,"[132.15, 94]","[131.75, 32]","[162.0, 50]","[163.0, 20]",147.07,196,29.85,0.29
07:31:40,"[132.5, 111]","[131.96, 137]","[158.68, 38]","[160.96, 67]",145.59,353,26.18,0.41
07:31:41,"[137.17, 53]","[135.92, 52]","[153.94, 69]","[155.06, 63]",145.56,237,16.77,-0.11
07:31:42,"[137.0, 44]","[136.0, 33]","[151.39, 41]","[152.29, 41]",144.2,159,14.39,-0.03
07:31:43,"[137.0, 52]","[136.0, 39]","[146.65, 51]","[147.71, 49]",141.82,191,9.65,-0.05
07:31:44,"[137.0, 60]","[135.41, 142]","[140.36, 36]","[141.74, 50]",138.68,288,3.36,0.4
07:31:45,"[136.32, 53]","[135.55, 141]","[138.39, 31]","[198.88, 51]",137.35,276,2.07,0.41
07:31:46,"[136.0, 75]","[133.0, 49]","[137.0, 21]","[246.33, 27]",136.5,172,1.0,0.44
07:31:47,"[136.0, 108]","[134.32, 82]","[305.36, 47]","[364.48, 48]",220.68,285,169.36,0.33
07:31:48,"[136.0, 40]","[133.0, 42]","[205.0, 6]","[358.83, 30]",170.5,118,69.0,0.39
07:31:49,"[136.0, 66]","[133.0, 84]","[368.08, 39]","[459.72, 58]",252.04,247,232.08,0.21
07:31:50,"[136.0, 24]","[133.0, 56]","[176.52, 23]","[293.57, 21]",156.26,124,40.52,0.29
07:31:51,"[136.0, 10]","[133.0, 28]","[156.5, 4]","[176.0, 16]",146.25,58,20.5,0.31
07:31:52,"[136.0, 53]","[133.0, 63]","[162.0, 9]","[285.33, 36]",149.0,161,26.0,0.44
07:31:53,"[136.0, 42]","[133.0, 42]","[170.0, 8]","[259.0, 16]",153.0,108,34.0,0.56
07:31:54,"[136.0, 77]","[133.0, 77]","[176.86, 29]","[303.78, 27]",156.43,210,40.86,0.47
07:31:55,"[136.0, 63]","[133.0, 63]","[175.39, 23]","[218.89, 18]",155.7,167,39.39,0.51
07:31:56,"[136.0, 42]","[133.0, 42]","[173.06, 17]","[174.54, 13]",154.53,114,37.06,0.47
07:31:57,"[136.0, 84]","[133.0, 126]","[166.94, 34]","[170.06, 34]",151.47,278,30.94,0.51
07:31:58,"[134.59, 17]","[132.99, 82]","[150.48, 25]","[151.74, 31]",142.53,155,15.89,0.28
07:31:59,"[133.0, 88]","[132.0, 11]","[146.36, 33]","[148.0, 22]",139.68,154,13.36,0.29
07:32:00,"[133.0, 112]","[132.0, 15]","[145.6, 40]","[147.14, 35]",139.3,202,12.6,0.26
07:32:01,"[133.0, 60]","[131.5, 16]","[143.37, 27]","[145.09, 33]",138.19,136,10.37,0.12
07:32:02,"[133.0, 26]","[131.0, 28]","[140.52, 31]","[142.23, 39]",136.76,124,7.52,-0.13
07:32:03,"[131.67, 42]","[87.5, 30]","[139.0, 22]","[140.0, 33]",135.33,127,7.33,0.13
07:32:04,"[132.0, 56]","[129.0, 17]","[138.57, 14]","[140.0, 21]",135.29,108,6.57,0.35
07:32:05,"[132.0, 72]","[129.0, 18]","[137.04, 25]","[138.6, 20]",134.52,135,5.04,0.33
07:32:06,"[132.0, 34]","[129.0, 18]","[133.67, 21]","[231.1, 21]",132.83,94,1.67,0.11
07:32:07,"[129.67, 18]","[98.76, 25]","[150.4, 30]","[315.14, 21]",140.03,94,20.73,-0.09
07:32:08,"[129.0, 14]","[112.05, 57]","[133.0, 20]","[258.86, 14]",131.0,105,4.0,0.35
07:32:09,"[129.0, 20]","[113.0, 90]","[132.37, 19]","[252.88, 24]",130.68,153,3.37,0.44
07:32:10,"[125.14, 14]","[110.71, 42]","[130.0, 21]","[131.57, 14]",127.57,91,4.86,0.23
07:32:11,"[129.12, 32]","[103.97, 35]","[130.44, 36]","[132.15, 26]",129.78,129,1.32,0.04
07:32:12,"[130.0, 40]","[129.0, 20]","[132.0, 20]","[133.0, 10]",131.0,90,2.0,0.33
07:32:13,"[130.0, 32]","[129.0, 16]","[137.0, 15]","[152.16, 19]",133.5,82,7.0,0.17
07:32:14,"[130.18, 33]","[128.1, 20]","[211.63, 38]","[323.4, 30]",170.91,121,81.45,-0.12
07:32:15,"[135.81, 32]","[133.38, 29]","[235.4, 30]","[306.0, 28]",185.61,119,99.59,0.03
07:32:16,"[136.6, 50]","[134.9, 58]","[179.12, 49]","[183.36, 39]",157.86,196,42.52,0.1
07:32:17,"[136.0, 55]","[132.87, 46]","[151.52, 23]","[177.82, 44]",143.76,168,15.52,0.2
07:32:18,"[136.0, 63]","[128.0, 30]","[163.26, 27]","[164.71, 48]",149.63,168,27.26,0.11
07:32:19,"[136.0, 18]","[128.0, 12]","[160.67, 12]","[161.22, 18]",148.33,60,24.67,0.0
07:32:20,"[136.0, 27]","[130.38, 45]","[155.75, 12]","[159.64, 33]",145.88,117,19.75,0.23
07:32:21,"[136.0, 30]","[130.93, 56]","[146.38, 13]","[149.89, 37]",141.19,136,10.38,0.26
07:32:22,"[136.0, 51]","[131.4, 20]","[142.11, 36]","[144.75, 24]",139.06,131,6.11,0.08
07:32:23,"[136.0, 62]","[133.0, 11]","[138.36, 14]","[140.21, 38]",137.18,125,2.36,0.17
07:32:24,"[136.0, 18]","[133.0, 8]","[142.25, 8]","[192.92, 26]",139.12,60,6.25,-0.13
07:32:25,"[136.0, 16]","[133.0, 8]","[143.25, 8]","[508.12, 32]",139.62,64,7.25,-0.25
07:32:26,"[136.0, 14]","[133.0, 7]","[141.29, 7]","[496.85, 26]",138.64,54,5.29,-0.22
07:32:27,"[135.0, 24]","[132.83, 48]","[139.1, 10]","[215.67, 36]",137.05,118,4.1,0.22
07:32:28,"[133.0, 36]","[131.0, 18]","[138.22, 9]","[256.38, 26]",135.61,89,5.22,0.21
07:32:29,"[131.67, 30]","[130.07, 28]","[215.76, 17]","[348.1, 31]",173.72,106,84.1,0.09
07:32:30,"[136.0, 24]","[131.0, 12]","[322.62, 26]","[341.5, 16]",229.31,78,186.62,-0.08
07:32:31,"[136.0, 52]","[131.46, 26]","[309.32, 59]","[391.26, 35]",222.66,172,173.32,-0.09
07:32:32,"[134.46, 26]","[131.44, 18]","[137.11, 9]","[139.0, 27]",135.79,80,2.65,0.1
07:32:33,"[131.38, 26]","[130.08, 24]","[136.46, 13]","[139.0, 39]",133.92,102,5.08,-0.02
07:32:34,"[130.13, 15]","[83.69, 32]","[135.0, 11]","[250.94, 16]",132.57,74,4.87,0.27
07:32:35,"[128.0, 4]","[87.0, 12]","[135.0, 4]","[218.85, 13]",131.5,33,7.0,-0.03
07:32:36,"[128.64, 22]","[109.64, 25]","[133.64, 14]","[372.31, 52]",131.14,113,5.01,-0.17
07:32:37,"[129.0, 11]","[128.0, 29]","[130.91, 11]","[162.53, 15]",129.95,66,1.91,0.21
07:32:38,"[128.03, 29]","[115.5, 36]","[130.1, 30]","[164.44, 27]",129.07,122,2.07,0.07
07:32:39,"[94.5, 42]","[54.09, 22]","[127.19, 26]","[132.73, 59]",110.85,149,32.69,-0.14
07:32:40,"[91.19, 72]","[80.47, 40]","[127.0, 27]","[231.89, 9]",109.1,148,35.81,0.51
07:32:41,"[114.4, 50]","[111.64, 33]","[127.0, 15]","[128.0, 5]",120.7,103,12.6,0.61
07:32:42,"[118.02, 99]","[117.03, 64]","[127.0, 51]","[128.0, 9]",122.51,223,8.98,0.46
07:32:43,"[120.75, 120]","[118.58, 74]","[127.0, 50]","[128.7, 10]",123.88,254,6.25,0.53
07:32:44,"[124.54, 61]","[123.73, 75]","[147.64, 14]","[527.63, 19]",136.09,169,23.1,0.61
07:32:45,"[125.55, 112]","[120.1, 101]","[208.18, 22]","[289.93, 28]",166.87,263,82.63,0.62
07:32:46,"[127.81, 128]","[125.44, 100]","[285.0, 21]","[313.7, 30]",206.41,279,157.19,0.63
07:32:47,"[128.0, 91]","[127.0, 42]","[320.0, 7]","[471.14, 14]",224.0,154,192.0,0.73
07:32:48,"[128.0, 87]","[127.0, 42]","[319.29, 7]","[569.0, 14]",223.64,150,191.29,0.72
07:32:49,"[128.06, 122]","[127.0, 66]","[207.44, 18]","[246.31, 16]",167.75,222,79.39,0.69
07:32:50,"[130.56, 108]","[127.57, 98]","[186.97, 34]","[187.13, 23]",158.76,263,56.42,0.57
07:32:51,"[136.0, 75]","[131.38, 91]","[144.68, 22]","[145.36, 25]",140.34,213,8.68,0.56
07:32:52,"[136.6, 82]","[133.71, 70]","[141.1, 20]","[143.27, 26]",138.85,198,4.5,0.54
07:32:53,"[136.3, 27]","[134.12, 85]","[139.0, 24]","[140.0, 11]",137.65,147,2.7,0.52
07:32:54,"[137.0, 7]","[136.0, 35]","[138.73, 11]","[139.4, 10]",137.86,63,1.73,0.33
07:32:55,"[133.9, 108]","[132.97, 165]","[137.17, 12]","[139.0, 24]",135.53,309,3.27,0.77
07:32:56,"[133.0, 217]","[132.0, 65]","[135.69, 13]","[139.0, 26]",134.35,321,2.69,0.76
07:32:57,"[133.0, 192]","[132.0, 80]","[169.92, 48]","[228.24, 34]",151.46,354,36.92,0.54
07:32:58,"[133.0, 114]","[132.0, 50]","[180.1, 40]","[189.4, 25]",156.55,229,47.1,0.43
07:32:59,"[135.83, 113]","[132.85, 103]","[175.17, 41]","[190.86, 28]",155.5,285,39.34,0.52
07:33:00,"[137.0, 86]","[133.0, 121]","[180.0, 44]","[199.0, 22]",158.5,273,43.0,0.52
07:33:01,"[137.0, 30]","[133.0, 66]","[180.0, 36]","[199.0, 12]",158.5,144,43.0,0.33
07:33:02,"[137.47, 38]","[135.92, 64]","[179.67, 73]","[244.59, 27]",158.57,202,42.2,0.01
07:33:03,"[139.0, 22]","[137.0, 44]","[177.82, 44]","[411.2, 25]",158.41,135,38.82,-0.02
07:33:04,"[139.0, 22]","[136.06, 48]","[176.0, 44]","[414.52, 31]",157.5,145,37.0,-0.03
07:33:05,"[139.0, 16]","[137.0, 8]","[174.62, 32]","[455.0, 24]",156.81,80,35.62,-0.4
07:33:06,"[136.61, 69]","[133.26, 106]","[173.81, 64]","[336.13, 38]",155.21,277,37.2,0.26
07:33:07,"[136.0, 45]","[133.0, 99]","[170.0, 28]","[302.61, 31]",153.0,203,34.0,0.42
07:33:08,"[136.0, 64]","[133.0, 89]","[166.33, 30]","[169.67, 30]",151.17,213,30.33,0.44
07:33:09,"[136.0, 54]","[133.0, 99]","[165.62, 26]","[166.29, 28]",150.81,207,29.62,0.48
07:33:10,"[133.85, 92]","[132.69, 96]","[139.56, 18]","[180.04, 23]",136.7,229,5.71,0.64
07:33:11,"[133.0, 96]","[132.0, 45]","[134.44, 18]","[137.0, 9]",133.72,168,1.44,0.68
07:33:12,"[133.0, 78]","[132.0, 50]","[134.0, 20]","[137.0, 10]",133.5,158,1.0,0.62
07:33:13,"[133.0, 86]","[132.0, 70]","[189.2, 25]","[439.84, 25]",161.1,206,56.2,0.51
07:33:14,"[132.93, 68]","[131.83, 66]","[342.6, 20]","[636.43, 28]",237.76,182,209.67,0.47
07:33:15,"[132.24, 42]","[131.15, 137]","[472.53, 17]","[635.15, 26]",302.38,222,340.29,0.61
07:33:16,"[133.2, 15]","[132.0, 44]","[270.1, 20]","[360.24, 21]",201.65,100,136.9,0.18
07:33:17,"[135.3, 10]","[132.0, 40]","[188.0, 20]","[230.33, 15]",161.65,85,52.7,0.18
07:33:18,"[136.86, 7]","[132.0, 28]","[188.0, 14]","[251.0, 14]",162.43,63,51.14,0.11
07:33:19,"[135.57, 7]","[131.48, 42]","[188.0, 14]","[370.86, 14]",161.79,77,52.43,0.27
07:33:20,"[131.1, 61]","[130.52, 126]","[186.55, 22]","[421.67, 21]",158.82,230,55.45,0.63
07:33:21,"[131.27, 33]","[130.73, 135]","[163.36, 28]","[286.24, 21]",147.31,217,32.08,0.55
07:33:22,"[132.0, 27]","[131.13, 52]","[148.52, 29]","[260.15, 26]",140.26,134,16.52,0.18
07:33:23,"[133.12, 8]","[132.0, 40]","[181.33, 18]","[318.64, 22]",157.23,88,48.21,0.09
07:33:24,"[132.65, 43]","[130.87, 118]","[177.8, 35]","[234.33, 45]",155.23,241,45.15,0.34
07:33:25,"[131.0, 36]","[130.0, 72]","[175.0, 12]","[333.5, 18]",153.0,138,44.0,0.57
07:33:26,"[131.1, 40]","[130.14, 84]","[174.62, 16]","[374.0, 34]",152.86,174,43.53,0.43
07:33:27,"[132.0, 24]","[131.0, 72]","[174.0, 24]","[277.57, 42]",153.0,162,42.0,0.19
07:33:28,"[131.0, 78]","[129.64, 94]","[172.92, 26]","[254.0, 39]",151.96,237,41.92,0.45
07:33:29,"[133.86, 21]","[130.06, 47]","[172.0, 14]","[238.29, 21]",152.93,103,38.14,0.32
07:33:30,"[136.26, 27]","[135.24, 33]","[159.64, 33]","[172.9, 30]",147.95,123,23.38,-0.02
07:33:31,"[137.0, 12]","[136.0, 48]","[154.11, 45]","[154.95, 37]",145.56,142,17.11,-0.15
07:33:32,"[137.0, 12]","[136.0, 48]","[151.0, 36]","[151.94, 35]",144.0,131,14.0,-0.08
07:33:33,"[137.0, 13]","[136.0, 91]","[146.93, 42]","[148.6, 30]",141.96,176,9.93,0.18
07:33:34,"[136.38, 29]","[135.43, 95]","[142.16, 43]","[142.7, 23]",139.27,190,5.78,0.31
07:33:35,"[136.0, 75]","[133.0, 72]","[138.03, 40]","[140.38, 32]",137.01,219,2.03,0.34
07:33:36,"[134.16, 49]","[131.98, 110]","[136.76, 51]","[270.89, 44]",135.46,254,2.6,0.25
07:33:37,"[131.53, 57]","[130.35, 101]","[134.64, 33]","[300.0, 35]",133.08,226,3.11,0.4
07:33:38,"[131.0, 35]","[130.0, 55]","[133.0, 15]","[342.4, 15]",132.0,120,2.0,0.5
07:33:39,"[131.0, 70]","[130.0, 110]","[133.0, 26]","[218.5, 30]",132.0,236,2.0,0.53
07:33:40,"[131.44, 90]","[130.2, 138]","[168.68, 44]","[411.39, 44]",150.06,316,37.24,0.44
07:33:41,"[133.0, 12]","[131.0, 56]","[161.0, 40]","[332.0, 24]",147.0,132,28.0,0.03
07:33:42,"[133.0, 6]","[131.0, 42]","[161.0, 30]","[388.67, 18]",147.0,96,28.0,0.0
07:33:43,"[131.0, 18]","[130.0, 66]","[161.0, 30]","[638.0, 18]",146.0,132,30.0,0.27
07:33:44,"[131.3, 27]","[130.08, 60]","[509.33, 30]","[730.71, 14]",320.31,131,378.04,0.33
07:33:45,"[132.08, 50]","[131.28, 36]","[458.21, 42]","[587.5, 42]",295.15,170,326.13,0.01
07:33:46,"[133.0, 20]","[132.0, 106]","[384.59, 44]","[448.92, 36]",258.8,206,251.59,0.22
07:33:47,"[134.17, 30]","[133.0, 12]","[228.88, 24]","[389.8, 15]",181.52,81,94.71,0.04
07:33:48,"[135.0, 45]","[133.0, 30]","[319.44, 54]","[505.5, 36]",227.22,165,184.44,-0.09
07:33:49,"[135.2, 30]","[133.55, 22]","[236.29, 41]","[381.7, 20]",185.75,113,101.09,-0.08
07:33:50,"[136.33, 36]","[135.33, 36]","[237.33, 24]","[348.82, 33]",186.83,129,101.0,0.12
07:33:51,"[137.5, 30]","[136.1, 30]","[191.82, 34]","[233.34, 29]",164.66,123,54.32,-0.02
07:33:52,"[137.04, 85]","[133.52, 23]","[189.64, 44]","[291.7, 43]",163.34,195,52.6,0.11
07:33:53,"[137.0, 130]","[133.0, 20]","[187.4, 40]","[305.21, 38]",162.2,228,50.4,0.32
07:33:54,"[137.0, 156]","[133.0, 24]","[185.75, 48]","[301.0, 42]",161.38,270,48.75,0.33
07:33:55,"[137.0, 104]","[134.8, 10]","[185.0, 32]","[317.0, 40]",161.0,186,48.0,0.23
07:33:56,"[137.0, 130]","[136.0, 10]","[184.2, 40]","[310.3, 50]",160.6,230,47.2,0.22
07:33:57,"[137.0, 63]","[136.0, 10]","[182.6, 20]","[250.0, 25]",159.8,118,45.6,0.24
07:33:58,"[137.0, 176]","[136.0, 92]","[178.78, 50]","[208.66, 62]",157.89,380,41.78,0.41
07:33:59,"[137.0, 110]","[136.0, 70]","[169.63, 19]","[170.35, 31]",153.32,230,32.63,0.57
07:34:00,"[137.0, 82]","[136.0, 56]","[166.78, 9]","[167.88, 8]",151.89,155,29.78,0.78
07:34:01,"[137.0, 85]","[136.0, 98]","[163.26, 23]","[164.53, 19]",150.13,225,26.26,0.63
07:34:02,"[137.0, 85]","[136.0, 119]","[149.52, 29]","[150.71, 34]",143.26,267,12.52,0.53
07:34:03,"[136.63, 65]","[135.15, 74]","[138.72, 25]","[141.06, 47]",137.68,211,2.09,0.32
07:34:04,"[136.0, 40]","[133.0, 30]","[137.9, 10]","[139.0, 20]",136.95,100,1.9,0.4
07:34:05,"[136.0, 45]","[133.0, 36]","[138.38, 32]","[141.87, 60]",137.19,173,2.38,-0.06
07:34:06,"[136.0, 15]","[133.0, 11]","[137.71, 14]","[142.0, 28]",136.86,68,1.71,-0.24
07:34:07,"[134.09, 11]","[132.53, 15]","[140.53, 34]","[338.2, 50]",137.31,110,6.44,-0.53
07:34:08,"[135.52, 44]","[134.11, 37]","[140.0, 50]","[192.53, 49]",137.76,180,4.48,-0.1
07:34:09,"[137.0, 10]","[136.0, 48]","[138.0, 30]","[584.52, 29]",137.5,117,1.0,-0.01
07:34:10,"[137.0, 10]","[136.0, 80]","[138.0, 50]","[535.0, 50]",137.5,190,1.0,-0.05
07:34:11,"[136.07, 44]","[135.0, 32]","[304.91, 55]","[751.0, 40]",220.49,171,168.84,-0.11
07:34:12,"[136.0, 16]","[132.0, 8]","[463.93, 28]","[443.0, 30]",299.96,82,327.93,-0.41
07:34:13,"[136.0, 20]","[132.0, 10]","[428.57, 42]","[557.08, 38]",282.29,110,292.57,-0.45
07:34:14,"[136.0, 10]","[132.0, 5]","[591.2, 15]","[728.43, 21]",363.6,51,455.2,-0.41
07:34:15,"[136.0, 8]","[132.0, 4]","[461.5, 12]","[647.43, 14]",298.75,38,325.5,-0.37
07:34:16,"[136.0, 20]","[132.0, 10]","[489.4, 30]","[607.9, 30]",312.7,90,353.4,-0.33
07:34:17,"[130.33, 112]","[129.73, 60]","[360.46, 39]","[521.0, 27]",245.4,238,230.13,0.45
07:34:18,"[131.0, 50]","[130.0, 190]","[393.81, 42]","[468.1, 30]",262.4,312,262.81,0.54
07:34:19,"[131.46, 65]","[130.0, 247]","[309.67, 45]","[387.76, 59]",220.56,416,178.21,0.5
07:34:20,"[132.02, 56]","[130.05, 214]","[233.08, 48]","[235.42, 52]",182.55,370,101.07,0.46
07:34:21,"[137.21, 39]","[134.4, 35]","[229.74, 53]","[231.06, 53]",183.47,180,92.53,-0.18
07:34:22,"[138.0, 66]","[137.0, 60]","[223.92, 63]","[225.31, 72]",180.96,261,85.92,-0.03
07:34:23,"[138.0, 28]","[137.0, 56]","[220.66, 59]","[222.22, 49]",179.33,192,82.66,-0.12
07:34:24,"[138.47, 34]","[137.0, 68]","[217.79, 68]","[218.82, 71]",178.13,241,79.32,-0.15
07:34:25,"[139.0, 40]","[137.0, 80]","[209.01, 82]","[210.09, 88]",174.01,290,70.01,-0.17
07:34:26,"[139.0, 16]","[137.0, 32]","[205.21, 34]","[206.25, 40]",172.1,122,66.21,-0.21
07:34:27,"[138.43, 28]","[136.64, 44]","[200.09, 45]","[201.88, 58]",169.26,175,61.66,-0.18
07:34:28,"[137.0, 16]","[133.0, 8]","[196.26, 35]","[197.25, 28]",166.63,87,59.26,-0.45
07:34:29,"[138.0, 14]","[137.0, 28]","[191.18, 40]","[192.88, 41]",164.59,123,53.18,-0.32
07:34:30,"[132.13, 71]","[131.16, 102]","[187.56, 52]","[189.09, 34]",159.84,259,55.43,0.34
07:34:31,"[132.0, 96]","[130.34, 144]","[184.83, 54]","[187.42, 38]",158.42,332,52.83,0.45
07:34:32,"[132.0, 128]","[130.0, 285]","[179.53, 58]","[182.65, 51]",155.77,522,47.53,0.58
07:34:33,"[135.58, 69]","[132.24, 135]","[177.45, 64]","[179.94, 65]",156.52,333,41.87,0.23
07:34:34,"[138.0, 12]","[137.0, 12]","[172.7, 46]","[173.79, 42]",155.35,112,34.7,-0.57
07:34:35,"[138.0, 14]","[137.0, 14]","[167.33, 36]","[169.3, 46]",152.67,110,29.33,-0.49
07:34:36,"[136.42, 36]","[132.91, 33]","[165.6, 43]","[166.47, 34]",151.01,146,29.19,-0.05
07:34:37,"[136.0, 236]","[133.0, 11]","[164.0, 55]","[166.0, 55]",150.0,357,28.0,0.38
07:34:38,"[136.0, 318]","[133.0, 14]","[159.34, 58]","[161.42, 60]",147.67,450,23.34,0.48
07:34:39,"[136.0, 208]","[133.0, 10]","[155.26, 35]","[156.36, 39]",145.63,292,19.26,0.49
07:34:40,"[136.0, 234]","[133.0, 13]","[150.42, 48]","[152.8, 44]",143.21,339,14.42,0.46
07:34:41,"[136.0, 236]","[133.0, 17]","[146.17, 58]","[147.31, 77]",141.09,388,10.17,0.3
07:34:42,"[137.0, 57]","[136.09, 175]","[140.63, 81]","[141.77, 83]",138.81,396,3.63,0.17
07:34:43,"[136.3, 86]","[135.18, 165]","[212.05, 64]","[253.7, 53]",174.17,368,75.74,0.36
07:34:44,"[136.36, 92]","[134.2, 120]","[268.62, 37]","[270.4, 47]",202.49,296,132.26,0.43
07:34:45,"[136.0, 84]","[133.22, 46]","[265.21, 28]","[267.94, 35]",200.61,193,129.21,0.35
07:34:46,"[136.0, 35]","[133.0, 45]","[231.22, 18]","[247.14, 14]",183.61,112,95.22,0.43
07:34:47,"[136.0, 98]","[133.0, 126]","[204.79, 56]","[223.22, 51]",170.39,331,68.79,0.35
07:34:48,"[136.0, 77]","[133.0, 99]","[200.63, 41]","[202.24, 42]",168.32,259,64.63,0.36
07:34:49,"[136.11, 56]","[134.11, 114]","[176.67, 54]","[187.08, 50]",156.39,274,40.56,0.24
07:34:50,"[136.0, 52]","[133.0, 114]","[164.18, 45]","[165.33, 48]",150.09,259,28.18,0.28
07:34:51,"[134.94, 68]","[132.96, 67]","[159.35, 40]","[161.36, 28]",147.15,203,24.41,0.33
07:34:52,"[136.0, 106]","[133.0, 208]","[157.25, 64]","[159.1, 63]",146.62,441,21.25,0.42
07:34:53,"[136.0, 96]","[133.0, 208]","[155.07, 60]","[156.24, 63]",145.53,427,19.07,0.42
07:34:54,"[136.0, 79]","[133.0, 247]","[141.0, 57]","[146.42, 57]",138.5,440,5.0,0.48
07:34:55,"[133.0, 130]","[132.0, 10]","[137.0, 14]","[138.0, 30]",135.0,184,4.0,0.52
07:34:56,"[133.0, 130]","[132.0, 10]","[135.11, 18]","[137.0, 22]",134.06,180,2.11,0.56
07:34:57,"[133.0, 108]","[132.0, 9]","[134.0, 21]","[251.64, 25]",133.5,163,1.0,0.44
07:34:58,"[134.01, 71]","[132.95, 83]","[334.1, 39]","[416.07, 46]",234.06,239,200.09,0.29
07:34:59,"[136.0, 145]","[133.0, 132]","[403.35, 37]","[462.68, 40]",269.68,354,267.35,0.56
07:35:00,"[136.0, 198]","[133.0, 156]","[232.85, 39]","[272.89, 36]",184.42,429,96.85,0.65
07:35:01,"[136.0, 182]","[133.0, 168]","[226.89, 38]","[229.08, 26]",181.45,414,90.89,0.69
07:35:02,"[137.11, 72]","[134.73, 113]","[223.33, 27]","[224.44, 27]",180.22,239,86.22,0.55
07:35:03,"[136.73, 110]","[134.31, 149]","[220.42, 36]","[222.17, 36]",178.57,331,83.69,0.56
07:35:04,"[136.0, 120]","[133.0, 120]","[209.45, 33]","[221.4, 30]",172.73,303,73.45,0.58
07:35:05,"[136.0, 108]","[133.0, 108]","[213.89, 28]","[216.14, 28]",174.95,272,77.89,0.59
07:35:06,"[136.0, 120]","[133.0, 120]","[207.9, 30]","[209.0, 30]",171.95,300,71.9,0.6
07:35:07,"[136.0, 120]","[133.0, 120]","[205.5, 30]","[209.0, 30]",170.75,300,69.5,0.6
07:35:08,"[136.0, 52]","[133.0, 96]","[204.75, 24]","[208.0, 24]",170.38,196,68.75,0.51
07:35:09,"[136.9, 124]","[134.41, 68]","[202.11, 27]","[204.0, 21]",169.51,240,65.21,0.6
07:35:10,"[137.0, 252]","[136.0, 72]","[176.6, 60]","[203.38, 48]",156.8,432,39.6,0.5
07:35:11,"[137.0, 110]","[136.0, 60]","[198.4, 45]","[200.13, 45]",167.7,260,61.4,0.31
07:35:12,"[137.0, 30]","[136.0, 40]","[196.4, 30]","[197.4, 30]",166.7,130,59.4,0.08
07:35:13,"[137.0, 36]","[136.0, 48]","[191.38, 39]","[193.76, 37]",164.19,160,54.38,0.05
07:35:14,"[137.0, 45]","[136.0, 60]","[169.96, 47]","[172.13, 47]",153.48,199,32.96,0.06
07:35:15,"[136.1, 29]","[133.07, 160]","[166.44, 43]","[168.07, 42]",151.27,274,30.34,0.38
07:35:16,"[136.88, 16]","[135.1, 40]","[154.19, 42]","[161.51, 51]",145.53,149,17.32,-0.25
07:35:17,"[137.0, 16]","[136.0, 32]","[147.04, 52]","[148.1, 50]",142.02,150,10.04,-0.36
07:35:18,"[133.36, 66]","[134.18, 22]","[144.94, 64]","[147.0, 48]",139.15,200,11.57,-0.12
07:35:19,"[133.0, 72]","[132.0, 12]","[141.34, 38]","[142.53, 36]",137.17,158,8.34,0.06
07:35:20,"[135.96, 77]","[132.97, 31]","[137.85, 54]","[143.65, 46]",136.91,208,1.89,0.04
07:35:21,"[134.0, 44]","[131.36, 36]","[137.0, 24]","[165.0, 60]",135.5,164,3.0,-0.02
07:35:22,"[133.33, 99]","[132.81, 59]","[137.0, 34]","[160.41, 64]",135.17,256,3.67,0.23
07:35:23,"[133.0, 90]","[132.0, 12]","[136.42, 24]","[308.5, 24]",134.71,150,3.42,0.36
07:35:24,"[133.0, 24]","[132.0, 9]","[134.11, 18]","[360.62, 29]",133.56,80,1.11,-0.17
07:35:25,"[132.0, 4]","[131.0, 28]","[342.0, 20]","[473.22, 9]",237.0,61,210.0,0.05
07:35:26,"[132.2, 10]","[131.02, 57]","[373.11, 45]","[468.3, 20]",252.66,132,240.91,0.02
07:35:27,"[133.0, 24]","[131.09, 54]","[411.07, 40]","[545.14, 35]",272.04,153,278.07,0.02
07:35:28,"[131.2, 59]","[128.17, 46]","[249.02, 47]","[467.05, 57]",190.11,209,117.82,0.0
07:35:29,"[131.0, 20]","[121.03, 39]","[185.0, 50]","[256.55, 22]",158.0,131,54.0,-0.1
07:35:30,"[131.0, 20]","[130.0, 20]","[184.4, 50]","[377.43, 35]",157.7,125,53.4,-0.36
07:35:31,"[131.0, 18]","[130.0, 18]","[183.78, 45]","[209.0, 24]",157.39,105,52.78,-0.31
07:35:32,"[134.57, 21]","[130.62, 16]","[182.27, 37]","[189.27, 26]",158.42,100,47.7,-0.26
07:35:33,"[136.0, 33]","[131.33, 24]","[169.25, 40]","[180.38, 37]",152.62,134,33.25,-0.15
07:35:34,"[136.0, 44]","[133.0, 36]","[167.11, 45]","[173.25, 24]",151.56,149,31.11,0.07
07:35:35,"[136.0, 200]","[133.0, 55]","[167.0, 50]","[278.17, 29]",151.5,334,31.0,0.53
07:35:36,"[136.0, 100]","[133.0, 20]","[167.0, 25]","[359.0, 17]",151.5,162,31.0,0.48
07:35:37,"[136.0, 240]","[133.0, 58]","[166.5, 60]","[248.5, 36]",151.25,394,30.5,0.51
07:35:38,"[136.0, 165]","[133.0, 54]","[162.56, 45]","[231.0, 27]",149.28,291,26.56,0.51
07:35:39,"[136.0, 170]","[133.0, 60]","[160.95, 42]","[215.75, 36]",148.48,308,24.95,0.49
07:35:40,"[136.13, 78]","[135.59, 177]","[157.12, 58]","[158.07, 43]",146.62,356,20.99,0.43
07:35:41,"[137.0, 20]","[136.0, 170]","[154.42, 36]","[155.2, 44]",145.71,270,17.42,0.41
07:35:42,"[136.06, 178]","[134.69, 151]","[150.63, 65]","[152.16, 57]",143.34,451,14.57,0.46
07:35:43,"[136.0, 129]","[133.0, 54]","[149.0, 39]","[150.0, 33]",142.5,255,13.0,0.44
07:35:44,"[137.39, 216]","[135.74, 205]","[144.32, 62]","[146.8, 50]",140.86,533,6.93,0.58
07:35:45,"[139.0, 165]","[136.0, 166]","[141.53, 45]","[143.67, 43]",140.27,419,2.53,0.58
07:35:46,"[139.0, 132]","[136.0, 140]","[140.0, 30]","[142.0, 50]",139.5,352,1.0,0.55
07:35:47,"[139.0, 91]","[136.0, 140]","[141.74, 46]","[194.44, 18]",140.37,295,2.74,0.57
07:35:48,"[139.0, 60]","[136.0, 140]","[142.57, 46]","[333.58, 12]",140.78,258,3.57,0.55
07:35:49,"[137.71, 65]","[135.92, 76]","[663.11, 27]","[664.0, 18]",400.41,186,525.4,0.52
07:35:50,"[138.56, 95]","[135.98, 129]","[662.6, 40]","[664.0, 30]",400.58,294,524.04,0.52
07:35:51,"[136.0, 70]","[135.0, 15]","[607.05, 19]","[671.44, 16]",371.53,120,471.05,0.42
07:35:52,"[136.0, 88]","[135.0, 21]","[321.5, 24]","[567.82, 22]",228.75,155,185.5,0.41
07:35:53,"[136.0, 84]","[135.0, 21]","[321.0, 28]","[377.0, 15]",228.5,148,185.0,0.42
07:35:54,"[136.0, 96]","[135.0, 24]","[320.75, 32]","[377.0, 24]",228.38,176,184.75,0.36
07:35:55,"[136.0, 47]","[135.0, 12]","[319.25, 16]","[479.0, 12]",227.62,87,183.25,0.36
07:35:56,"[136.46, 13]","[135.93, 45]","[319.0, 28]","[477.14, 21]",227.73,107,182.54,0.08
07:35:57,"[137.0, 73]","[136.0, 91]","[290.78, 51]","[344.85, 54]",213.89,269,153.78,0.22
07:35:58,"[137.0, 99]","[136.0, 63]","[269.16, 31]","[271.71, 42]",203.08,235,132.16,0.38
07:35:59,"[137.0, 104]","[136.0, 74]","[269.12, 41]","[270.08, 49]",203.06,268,132.12,0.33
07:36:00,"[137.0, 64]","[136.0, 112]","[267.99, 67]","[269.19, 77]",202.49,320,130.99,0.1
07:36:01,"[137.0, 24]","[136.0, 30]","[262.27, 26]","[265.6, 25]",199.63,105,125.27,0.03
07:36:02,"[137.0, 28]","[136.0, 56]","[213.03, 36]","[234.83, 12]",175.01,132,76.03,0.27
07:36:03,"[137.0, 19]","[136.0, 91]","[210.59, 54]","[212.27, 63]",173.8,227,73.59,-0.03
07:36:04,"[136.2, 25]","[135.7, 50]","[208.0, 46]","[209.0, 44]",172.1,165,71.8,-0.09
07:36:05,"[136.0, 24]","[135.0, 18]","[207.62, 24]","[378.62, 24]",171.81,90,71.62,-0.07
07:36:06,"[136.0, 36]","[135.0, 27]","[205.51, 37]","[207.59, 17]",170.76,117,69.51,0.08
07:36:07,"[136.0, 20]","[135.0, 15]","[205.0, 25]","[207.0, 5]",170.5,65,69.0,0.08
07:36:08,"[136.13, 30]","[135.21, 38]","[203.89, 54]","[204.23, 30]",170.01,152,67.76,-0.11
07:36:09,"[137.0, 6]","[136.0, 12]","[200.67, 30]","[202.0, 6]",168.83,54,63.67,-0.33
07:36:10,"[136.0, 14]","[135.0, 21]","[199.45, 11]","[200.06, 31]",167.73,77,63.45,-0.09
07:36:11,"[136.0, 18]","[135.0, 27]","[198.78, 9]","[200.0, 45]",167.39,99,62.78,-0.09
07:36:12,"[135.2, 10]","[133.07, 83]","[197.31, 13]","[199.22, 41]",166.25,147,62.11,0.27
07:36:13,"[135.0, 6]","[133.0, 60]","[196.0, 6]","[197.0, 30]",165.5,102,61.0,0.29
07:36:14,"[135.0, 8]","[133.0, 80]","[195.88, 8]","[197.0, 40]",165.44,136,60.88,0.29
07:36:15,"[135.31, 13]","[133.02, 91]","[193.8, 10]","[197.0, 50]",164.55,164,58.49,0.27
07:36:16,"[136.36, 56]","[135.0, 14]","[190.03, 66]","[191.26, 54]",163.19,190,53.67,-0.26
07:36:17,"[137.0, 36]","[135.0, 12]","[187.0, 51]","[188.59, 41]",162.0,140,50.0,-0.31
07:36:18,"[133.57, 70]","[133.36, 11]","[184.91, 55]","[187.0, 22]",159.24,158,51.34,0.03
07:36:19,"[133.87, 127]","[132.93, 75]","[183.33, 60]","[187.0, 24]",158.6,286,49.47,0.41
07:36:20,"[136.0, 172]","[133.46, 104]","[182.14, 70]","[187.0, 28]",159.07,374,46.14,0.48
07:36:21,"[136.0, 132]","[135.0, 48]","[177.98, 47]","[180.33, 33]",156.99,260,41.98,0.38
07:36:22,"[136.41, 181]","[135.46, 52]","[169.31, 48]","[173.19, 36]",152.86,317,32.9,0.47
07:36:23,"[137.0, 105]","[136.0, 104]","[154.76, 41]","[171.67, 30]",145.88,280,17.76,0.49
07:36:24,"[137.0, 36]","[136.0, 72]","[165.24, 21]","[168.24, 21]",151.12,150,28.24,0.44
07:36:25,"[136.0, 104]","[135.0, 52]","[153.32, 25]","[154.0, 22]",144.66,203,17.32,0.54
07:36:26,"[137.0, 78]","[136.0, 112]","[148.71, 24]","[149.85, 27]",142.85,241,11.71,0.58
07:36:27,"[136.0, 66]","[135.0, 44]","[144.67, 39]","[146.29, 31]",140.33,180,8.67,0.22
07:36:28,"[136.0, 66]","[135.0, 44]","[138.87, 39]","[141.79, 28]",137.44,177,2.87,0.24
07:36:29,"[135.84, 37]","[134.0, 48]","[138.07, 29]","[143.08, 13]",136.95,127,2.23,0.34
07:36:30,"[136.78, 55]","[133.74, 38]","[138.82, 11]","[144.68, 19]",137.8,123,2.04,0.51
07:36:31,"[137.0, 37]","[135.0, 16]","[156.0, 16]","[428.7, 27]",146.5,96,19.0,0.1
07:36:32,"[137.0, 44]","[135.0, 22]","[157.47, 34]","[170.18, 34]",147.24,134,20.47,-0.01
07:36:33,"[137.0, 42]","[134.91, 69]","[157.0, 32]","[559.0, 44]",147.0,187,20.0,0.19
07:36:34,"[135.11, 38]","[133.36, 33]","[155.0, 20]","[401.5, 40]",145.05,131,19.89,0.08
07:36:35,"[135.0, 52]","[133.0, 39]","[153.08, 26]","[300.85, 52]",144.04,169,18.08,0.08
07:36:36,"[133.0, 24]","[132.0, 8]","[151.12, 16]","[557.0, 32]",142.06,80,18.12,-0.2
07:36:37,"[133.0, 22]","[131.56, 18]","[149.33, 24]","[383.67, 18]",141.17,82,16.33,-0.02
07:36:38,"[133.2, 10]","[132.01, 113]","[149.0, 18]","[237.44, 27]",141.1,168,15.8,0.46
07:36:39,"[135.22, 18]","[133.0, 9]","[149.0, 18]","[263.85, 33]",142.11,78,13.78,-0.31
07:36:40,"[136.23, 30]","[134.0, 12]","[148.67, 27]","[323.0, 15]",142.45,84,12.43,0.0
07:36:41,"[132.11, 93]","[131.33, 30]","[147.43, 21]","[148.25, 24]",139.77,168,15.32,0.46
07:36:42,"[132.0, 143]","[130.88, 50]","[145.57, 28]","[146.44, 27]",138.79,248,13.57,0.56
07:36:43,"[132.0, 143]","[131.0, 66]","[142.82, 22]","[146.0, 33]",137.41,264,10.82,0.58
07:36:44,"[132.0, 96]","[131.0, 54]","[141.44, 18]","[146.0, 27]",136.72,195,9.44,0.54
07:36:45,"[132.0, 60]","[131.0, 36]","[139.57, 14]","[144.5, 16]",135.79,126,7.57,0.52
07:36:46,"[132.0, 80]","[131.0, 48]","[137.57, 21]","[138.74, 19]",134.79,168,5.57,0.52
07:36:47,"[132.0, 45]","[131.0, 30]","[135.8, 10]","[253.0, 15]",133.9,100,3.8,0.5
07:36:48,"[132.0, 30]","[131.0, 36]","[133.33, 12]","[253.0, 18]",132.67,96,1.33,0.38
07:36:49,"[132.0, 32]","[131.0, 42]","[133.0, 14]","[558.76, 25]",132.5,113,1.0,0.31
07:36:50,"[132.0, 34]","[131.0, 66]","[133.0, 22]","[400.65, 34]",132.5,156,1.0,0.28
07:36:51,"[136.58, 31]","[132.32, 19]","[158.0, 28]","[433.0, 21]",147.29,99,21.42,0.01
07:36:52,"[137.03, 29]","[136.37, 19]","[249.67, 18]","[590.18, 17]",193.35,83,112.63,0.16
07:36:53,"[138.29, 7]","[137.0, 52]","[453.1, 20]","[557.69, 26]",295.69,105,314.81,0.12
07:36:54,"[138.0, 14]","[136.96, 73]","[351.0, 16]","[422.5, 32]",244.5,135,213.0,0.29
07:36:55,"[137.0, 83]","[136.0, 36]","[351.0, 24]","[493.0, 48]",244.0,191,214.0,0.25
07:36:56,"[137.0, 72]","[136.0, 36]","[349.17, 24]","[476.73, 41]",243.08,173,212.17,0.25
07:36:57,"[137.0, 42]","[136.0, 21]","[315.25, 24]","[365.11, 18]",226.12,105,178.25,0.2
07:36:58,"[137.0, 46]","[136.0, 33]","[321.32, 38]","[342.04, 25]",229.16,142,184.32,0.11
07:36:59,"[136.33, 18]","[134.8, 30]","[332.0, 24]","[408.4, 30]",234.17,102,195.67,-0.06
07:37:00,"[136.0, 21]","[133.0, 21]","[322.69, 13]","[456.4, 20]",229.35,75,186.69,0.12
07:37:01,"[134.55, 29]","[132.68, 22]","[159.25, 40]","[261.44, 41]",146.9,132,24.7,-0.23
07:37:02,"[131.0, 50]","[130.0, 10]","[288.55, 31]","[412.0, 26]",209.77,117,157.55,0.03
07:37:03,"[131.0, 40]","[129.14, 28]","[281.76, 17]","[308.64, 22]",206.38,107,150.76,0.27
07:37:04,"[132.11, 27]","[129.67, 45]","[289.3, 20]","[295.86, 28]",210.71,120,157.19,0.2
07:37:05,"[131.17, 35]","[130.18, 68]","[287.09, 22]","[308.95, 38]",209.13,163,155.92,0.26
07:37:06,"[133.0, 12]","[131.0, 48]","[285.33, 24]","[330.0, 36]",209.17,120,152.33,0.0
07:37:07,"[132.5, 12]","[130.63, 57]","[257.0, 32]","[327.83, 35]",194.75,136,124.5,0.01
07:37:08,"[130.71, 17]","[129.84, 57]","[229.05, 42]","[230.17, 24]",179.88,140,98.34,0.06
07:37:09,"[130.0, 56]","[129.0, 84]","[226.3, 40]","[228.18, 44]",178.15,224,96.3,0.25
07:37:10,"[130.0, 32]","[129.0, 48]","[222.77, 26]","[224.36, 22]",176.38,128,92.77,0.25
07:37:11,"[130.07, 29]","[129.09, 46]","[221.23, 26]","[222.55, 22]",175.65,123,91.16,0.22
07:37:12,"[129.32, 38]","[124.19, 48]","[220.88, 32]","[222.0, 16]",175.1,134,91.56,0.28
07:37:13,"[137.0, 18]","[129.0, 24]","[219.67, 24]","[222.0, 12]",178.33,78,82.67,0.08
07:37:14,"[137.0, 42]","[136.0, 84]","[217.38, 52]","[219.75, 32]",177.19,210,80.38,0.2
07:37:15,"[136.06, 48]","[131.91, 33]","[153.68, 38]","[173.1, 40]",144.87,159,17.62,0.02
07:37:16,"[136.09, 77]","[131.53, 47]","[149.17, 36]","[203.4, 60]",142.63,220,13.08,0.13
07:37:17,"[137.0, 84]","[136.0, 60]","[146.83, 48]","[157.73, 45]",141.92,237,9.83,0.22
07:37:18,"[137.08, 84]","[136.0, 60]","[144.35, 46]","[145.6, 40]",140.72,230,7.26,0.25
07:37:19,"[138.63, 75]","[136.18, 49]","[141.33, 30]","[142.56, 36]",139.98,190,2.71,0.31
07:37:20,"[137.24, 17]","[136.08, 38]","[142.8, 30]","[395.0, 25]",140.02,110,5.56,0.0
07:37:21,"[137.0, 12]","[136.0, 60]","[142.13, 38]","[171.27, 44]",139.57,154,5.13,-0.06
07:37:22,"[136.0, 9]","[133.0, 36]","[141.0, 18]","[143.0, 24]",138.5,87,5.0,0.03
07:37:23,"[133.65, 23]","[132.62, 48]","[139.44, 27]","[140.72, 29]",136.55,127,5.79,0.12
07:37:24,"[133.0, 78]","[132.0, 78]","[137.02, 44]","[139.04, 47]",135.01,247,4.02,0.26
07:37:25,"[134.58, 38]","[132.16, 50]","[136.54, 35]","[140.33, 36]",135.56,159,1.96,0.11
07:37:26,"[133.78, 54]","[132.14, 56]","[136.92, 36]","[177.17, 23]",135.35,169,3.14,0.3
07:37:27,"[133.0, 36]","[132.0, 54]","[135.71, 17]","[168.29, 21]",134.35,128,2.71,0.41
07:37:28,"[133.0, 18]","[132.0, 54]","[134.22, 9]","[201.71, 21]",133.61,102,1.22,0.41
07:37:29,"[133.67, 72]","[131.51, 71]","[562.23, 53]","[691.11, 38]",347.95,234,428.56,0.22
07:37:30,"[136.0, 25]","[132.0, 30]","[342.0, 5]","[628.0, 25]",239.0,85,206.0,0.29
07:37:31,"[136.0, 55]","[132.35, 57]","[334.27, 48]","[405.63, 19]",235.14,179,198.27,0.25
07:37:32,"[136.0, 40]","[133.0, 40]","[193.1, 50]","[202.9, 41]",164.55,171,57.1,-0.06
07:37:33,"[136.15, 47]","[133.96, 52]","[140.3, 50]","[146.87, 47]",138.22,196,4.15,0.01
07:37:34,"[137.0, 58]","[133.0, 18]","[140.0, 30]","[151.67, 30]",138.5,136,3.0,0.12
07:37:35,"[137.0, 57]","[133.0, 21]","[139.29, 35]","[186.68, 31]",138.14,144,2.29,0.08
07:37:36,"[136.2, 70]","[133.0, 30]","[137.7, 50]","[273.71, 14]",136.95,164,1.5,0.22
07:37:37,"[136.0, 32]","[133.0, 24]","[157.4, 30]","[291.2, 20]",146.7,106,21.4,0.06
07:37:38,"[136.0, 5]","[133.0, 15]","[290.0, 10]","[299.9, 21]",213.0,51,154.0,-0.22
07:37:39,"[136.0, 10]","[133.0, 30]","[373.94, 35]","[629.65, 23]",254.97,98,237.94,-0.18
07:37:40,"[136.2, 10]","[133.12, 25]","[466.71, 17]","[573.87, 39]",301.45,91,330.51,-0.23
07:37:41,"[136.88, 34]","[133.15, 34]","[153.69, 61]","[268.39, 23]",145.29,152,16.81,-0.11
07:37:42,"[135.71, 34]","[133.3, 27]","[152.11, 45]","[287.43, 14]",143.91,120,16.41,0.02
07:37:43,"[137.05, 81]","[134.15, 52]","[150.21, 70]","[238.18, 22]",143.63,225,13.16,0.18
07:37:44,"[137.0, 99]","[132.0, 44]","[148.64, 55]","[402.14, 14]",142.82,212,11.64,0.35
07:37:45,"[137.0, 90]","[132.4, 40]","[197.95, 43]","[421.22, 18]",167.48,191,60.95,0.36
07:37:46,"[137.0, 45]","[133.0, 20]","[415.4, 20]","[417.0, 10]",276.2,95,278.4,0.37
07:37:47,"[137.0, 99]","[133.0, 44]","[265.91, 44]","[313.0, 26]",201.45,213,128.91,0.34
07:37:48,"[137.0, 99]","[133.0, 54]","[207.19, 36]","[239.65, 34]",172.1,223,70.19,0.37
07:37:49,"[137.0, 81]","[133.0, 42]","[180.73, 33]","[229.33, 18]",158.86,174,43.73,0.41
07:37:50,"[137.0, 108]","[134.54, 41]","[190.61, 49]","[228.89, 18]",163.81,216,53.61,0.38
07:37:51,"[137.0, 90]","[136.0, 50]","[227.0, 40]","[228.0, 10]",182.0,190,90.0,0.47
07:37:52,"[137.0, 78]","[136.0, 50]","[225.06, 34]","[226.5, 16]",181.03,178,88.06,0.44
07:37:53,"[137.09, 88]","[136.05, 74]","[222.53, 15]","[225.0, 60]",179.81,237,85.44,0.37
07:37:54,"[138.73, 88]","[137.0, 44]","[221.09, 11]","[225.0, 44]",179.91,187,82.36,0.41
07:37:55,"[139.0, 126]","[137.0, 68]","[218.81, 63]","[221.52, 23]",178.9,280,79.81,0.39
07:37:56,"[139.0, 12]","[137.0, 48]","[215.57, 35]","[220.26, 27]",177.29,122,76.57,-0.02
07:37:57,"[139.0, 14]","[137.0, 56]","[203.0, 41]","[219.0, 32]",171.0,143,64.0,-0.02
07:37:58,"[137.67, 12]","[136.44, 36]","[154.88, 16]","[213.8, 30]",146.27,94,17.21,0.02
07:37:59,"[137.0, 26]","[136.0, 65]","[151.83, 24]","[153.5, 16]",144.42,131,14.83,0.39
07:38:00,"[137.0, 28]","[136.0, 70]","[148.22, 27]","[150.73, 15]",142.61,140,11.22,0.4
07:38:01,"[136.44, 45]","[135.11, 71]","[144.79, 29]","[146.68, 22]",140.62,167,8.35,0.39
07:38:02,"[134.88, 67]","[132.83, 60]","[139.32, 37]","[140.56, 36]",137.1,200,4.44,0.27
07:38:03,"[133.0, 55]","[132.0, 22]","[136.29, 14]","[137.06, 17]",134.64,108,3.29,0.43
07:38:04,"[132.44, 18]","[131.07, 60]","[133.78, 9]","[171.88, 17]",133.11,104,1.33,0.5
07:38:05,"[132.97, 107]","[131.27, 33]","[140.43, 28]","[179.45, 44]",136.7,212,7.46,0.32
07:38:06,"[133.72, 92]","[132.9, 49]","[243.8, 50]","[371.8, 10]",188.76,201,110.08,0.4
07:38:07,"[136.35, 34]","[133.0, 42]","[273.0, 7]","[311.0, 35]",204.68,118,136.65,0.29
07:38:08,"[138.6, 40]","[133.0, 60]","[272.45, 22]","[293.5, 50]",205.53,172,133.85,0.16
07:38:09,"[139.0, 42]","[134.45, 66]","[385.55, 31]","[434.1, 51]",262.27,190,246.55,0.14
07:38:10,"[138.03, 29]","[135.93, 45]","[445.09, 11]","[505.43, 35]",291.56,120,307.06,0.23
07:38:11,"[137.0, 77]","[133.0, 66]","[288.96, 23]","[427.73, 11]",212.98,177,151.96,0.62
07:38:12,"[137.0, 53]","[133.0, 48]","[279.75, 12]","[560.25, 28]",208.38,141,142.75,0.43
07:38:13,"[137.0, 72]","[133.0, 84]","[387.94, 36]","[430.83, 36]",262.47,228,250.94,0.37
07:38:14,"[137.0, 24]","[133.0, 48]","[208.0, 8]","[209.0, 40]",172.5,120,71.0,0.2
07:38:15,"[135.74, 57]","[132.94, 83]","[189.73, 48]","[264.84, 68]",162.73,256,53.99,0.09
07:38:16,"[133.67, 27]","[132.53, 17]","[174.45, 33]","[206.0, 11]",154.06,88,40.79,0.0
07:38:17,"[133.0, 18]","[132.0, 6]","[172.4, 10]","[177.71, 14]",152.7,48,39.4,0.0
07:38:18,"[131.03, 181]","[130.02, 122]","[150.29, 28]","[164.21, 34]",140.66,365,19.25,0.66
07:38:19,"[131.0, 192]","[130.0, 132]","[142.97, 34]","[148.5, 34]",136.99,392,11.97,0.65
07:38:20,"[134.79, 66]","[130.94, 173]","[140.53, 17]","[141.7, 27]",137.66,283,5.74,0.69
07:38:21,"[136.0, 56]","[131.0, 192]","[137.52, 31]","[146.0, 25]",136.76,304,1.52,0.63
07:38:22,"[131.83, 96]","[130.78, 82]","[137.0, 30]","[282.6, 10]",134.42,218,5.17,0.63
07:38:23,"[133.93, 58]","[130.93, 90]","[146.8, 25]","[343.44, 9]",140.37,182,12.87,0.63
07:38:24,"[137.0, 30]","[136.0, 12]","[382.0, 6]","[533.9, 21]",259.5,69,245.0,0.22
07:38:25,"[137.0, 60]","[136.0, 24]","[276.25, 12]","[498.8, 30]",206.62,126,139.25,0.33
07:38:26,"[137.0, 45]","[136.0, 18]","[303.22, 9]","[528.0, 36]",220.11,108,166.22,0.17
07:38:27,"[137.0, 57]","[136.0, 18]","[445.0, 18]","[531.89, 27]",291.0,120,308.0,0.25
07:38:28,"[137.0, 72]","[136.0, 18]","[277.33, 36]","[669.11, 9]",207.17,135,140.33,0.33
07:38:29,"[137.0, 96]","[136.0, 24]","[272.89, 27]","[328.07, 30]",204.94,177,135.89,0.36
07:38:30,"[137.0, 70]","[136.0, 50]","[232.0, 10]","[549.8, 10]",184.5,140,95.0,0.71
07:38:31,"[137.0, 78]","[136.0, 221]","[568.12, 34]","[654.09, 11]",352.56,344,431.12,0.74
07:38:32,"[137.0, 65]","[136.0, 170]","[355.44, 32]","[487.26, 38]",246.22,305,218.44,0.54
07:38:33,"[137.0, 56]","[136.0, 136]","[350.38, 16]","[442.75, 32]",243.69,240,213.38,0.6
07:38:34,"[137.0, 70]","[136.0, 170]","[350.0, 20]","[481.8, 40]",243.5,300,213.0,0.6
07:38:35,"[137.07, 29]","[136.17, 82]","[350.0, 12]","[558.0, 24]",243.53,147,212.93,0.51
07:38:36,"[137.0, 47]","[136.0, 204]","[349.13, 30]","[447.0, 34]",243.07,315,212.13,0.59
07:38:37,"[137.0, 13]","[136.0, 221]","[180.78, 36]","[193.33, 49]",158.89,319,43.78,0.47
07:38:38,"[137.0, 7]","[136.0, 119]","[142.29, 14]","[147.0, 28]",139.64,168,5.29,0.5
07:38:39,"[136.03, 115]","[132.73, 147]","[140.39, 23]","[163.9, 42]",138.21,327,4.37,0.6
07:38:40,"[136.0, 144]","[132.43, 42]","[137.9, 31]","[198.63, 27]",136.95,244,1.9,0.52
07:38:41,"[136.0, 110]","[133.0, 30]","[137.0, 30]","[522.38, 40]",136.5,210,1.0,0.33
07:38:42,"[136.0, 74]","[133.0, 30]","[175.24, 41]","[354.12, 34]",155.62,179,39.24,0.16
07:38:43,"[136.61, 46]","[135.52, 56]","[169.0, 50]","[283.0, 40]",152.8,192,32.39,0.06
07:38:44,"[137.0, 36]","[136.0, 72]","[226.1, 30]","[330.1, 30]",181.55,168,89.1,0.29
07:38:45,"[136.41, 68]","[135.37, 71]","[304.1, 49]","[376.57, 51]",220.26,239,167.69,0.16
07:38:46,"[136.0, 55]","[133.0, 21]","[281.33, 33]","[336.82, 34]",208.67,143,145.33,0.06
07:38:47,"[136.0, 91]","[133.0, 39]","[233.46, 65]","[318.24, 62]",184.73,257,97.46,0.01
07:38:48,"[136.0, 55]","[133.0, 33]","[236.09, 45]","[270.96, 54]",186.04,187,100.09,-0.06
07:38:49,"[135.61, 69]","[132.67, 36]","[217.91, 44]","[220.0, 55]",176.76,204,82.3,0.03
07:38:50,"[133.38, 26]","[131.84, 45]","[216.0, 40]","[220.0, 50]",174.69,161,82.62,-0.12
07:38:51,"[132.0, 24]","[131.0, 48]","[189.67, 24]","[206.67, 24]",160.83,120,57.67,0.2
07:38:52,"[131.25, 40]","[130.59, 61]","[187.15, 26]","[188.13, 30]",159.2,157,55.9,0.29
07:38:53,"[132.38, 58]","[130.92, 37]","[184.0, 16]","[187.0, 32]",158.19,143,51.62,0.33
07:38:54,"[133.0, 135]","[132.0, 13]","[170.47, 34]","[183.82, 44]",151.74,226,37.47,0.31
07:38:55,"[133.51, 82]","[132.0, 10]","[165.24, 34]","[168.6, 30]",149.37,156,31.72,0.18
07:38:56,"[135.54, 91]","[132.0, 13]","[162.9, 40]","[164.88, 51]",149.22,195,27.36,0.07
07:38:57,"[136.17, 30]","[132.0, 6]","[160.78, 18]","[161.4, 20]",148.47,74,24.61,-0.03
07:38:58,"[137.0, 60]","[132.0, 12]","[156.22, 18]","[158.3, 23]",146.61,113,19.22,0.27
07:38:59,"[137.0, 50]","[132.0, 10]","[150.57, 21]","[152.28, 36]",143.79,117,13.57,0.03
07:39:00,"[137.0, 55]","[132.0, 11]","[147.2, 25]","[149.12, 25]",142.1,116,10.2,0.14
07:39:01,"[137.72, 54]","[136.78, 68]","[144.38, 50]","[146.1, 62]",141.05,234,6.66,0.04
07:39:02,"[138.45, 11]","[137.0, 55]","[142.53, 17]","[144.0, 36]",140.49,119,4.07,0.11
07:39:03,"[137.07, 56]","[136.11, 87]","[140.04, 25]","[141.61, 38]",138.56,206,2.97,0.39
07:39:04,"[136.29, 70]","[133.64, 42]","[137.82, 44]","[146.41, 34]",137.05,190,1.53,0.18
07:39:05,"[135.75, 16]","[133.4, 30]","[143.0, 7]","[156.0, 14]",139.38,67,7.25,0.37
07:39:06,"[137.85, 26]","[133.55, 66]","[154.84, 25]","[286.65, 62]",146.34,179,16.99,0.03
07:39:07,"[139.0, 22]","[136.0, 33]","[155.0, 22]","[288.37, 51]",147.0,128,16.0,-0.14
07:39:08,"[139.0, 20]","[136.0, 36]","[153.2, 20]","[237.55, 40]",146.1,116,14.2,-0.03
07:39:09,"[139.0, 12]","[136.94, 47]","[149.33, 24]","[151.0, 12]",144.17,95,10.33,0.24
07:39:10,"[139.0, 41]","[137.0, 56]","[147.71, 34]","[351.7, 23]",143.35,154,8.71,0.26
07:39:11,"[139.0, 80]","[137.0, 32]","[147.0, 40]","[148.0, 16]",143.0,168,8.0,0.33
07:39:12,"[139.0, 11]","[137.0, 44]","[145.42, 43]","[146.71, 34]",142.21,132,6.42,-0.17
07:39:13,"[136.42, 33]","[134.76, 58]","[144.83, 60]","[145.44, 45]",140.63,196,8.41,-0.07
07:39:14,"[137.17, 23]","[132.1, 42]","[143.67, 30]","[145.0, 75]",140.42,170,6.49,-0.24
07:39:15,"[138.03, 40]","[133.31, 29]","[142.12, 68]","[143.91, 44]",140.07,181,4.09,-0.24
07:39:16,"[135.47, 17]","[132.95, 37]","[138.61, 54]","[153.5, 54]",137.04,162,3.14,-0.33
07:39:17,"[135.7, 60]","[132.75, 16]","[155.69, 26]","[223.45, 22]",145.7,124,19.99,0.23
07:39:18,"[136.0, 110]","[133.0, 26]","[214.17, 29]","[246.58, 24]",175.09,189,78.17,0.44
07:39:19,"[136.0, 99]","[133.0, 18]","[200.96, 24]","[212.46, 26]",168.48,167,64.96,0.4
07:39:20,"[136.0, 57]","[133.0, 24]","[183.38, 32]","[208.5, 16]",159.69,129,47.38,0.26
07:39:21,"[136.0, 62]","[133.0, 22]","[206.42, 24]","[207.67, 12]",171.21,120,70.42,0.4
07:39:22,"[136.88, 102]","[135.87, 94]","[203.13, 30]","[204.31, 58]",170.01,284,66.25,0.38
07:39:23,"[137.0, 98]","[136.0, 72]","[200.0, 12]","[201.0, 24]",168.5,206,63.0,0.65
07:39:24,"[137.0, 99]","[136.0, 34]","[200.0, 11]","[201.0, 22]",168.5,166,63.0,0.6
07:39:25,"[136.65, 68]","[135.08, 39]","[198.21, 28]","[199.31, 35]",167.43,170,61.57,0.26
07:39:26,"[136.0, 60]","[132.7, 50]","[192.95, 58]","[194.72, 54]",164.47,222,56.95,-0.01
07:39:27,"[136.0, 50]","[133.0, 91]","[190.0, 26]","[191.0, 52]",163.0,219,54.0,0.29
07:39:28,"[136.0, 38]","[133.0, 98]","[189.39, 23]","[190.57, 46]",162.7,205,53.39,0.33
07:39:29,"[137.16, 43]","[134.0, 42]","[181.0, 15]","[187.43, 23]",159.08,123,43.84,0.38
07:39:30,"[138.3, 50]","[136.0, 22]","[143.4, 25]","[144.33, 15]",140.85,112,5.1,0.29
07:39:31,"[139.0, 43]","[136.71, 14]","[142.36, 25]","[143.2, 30]",140.68,112,3.36,0.02
07:39:32,"[138.27, 11]","[136.37, 19]","[140.67, 18]","[142.12, 25]",139.47,73,2.39,-0.18
07:39:33,"[136.14, 28]","[133.2, 182]","[184.97, 35]","[211.82, 28]",160.56,273,48.83,0.54
07:39:34,"[133.04, 76]","[132.53, 32]","[247.83, 18]","[254.5, 18]",190.44,144,114.79,0.5
07:39:35,"[133.0, 90]","[132.0, 18]","[247.0, 6]","[396.35, 26]",190.0,140,114.0,0.54
07:39:36,"[133.0, 135]","[132.0, 27]","[245.85, 13]","[318.07, 41]",189.42,216,112.85,0.5
07:39:37,"[133.0, 105]","[132.0, 21]","[244.57, 35]","[246.0, 7]",188.79,168,111.57,0.5
07:39:38,"[133.0, 87]","[132.0, 26]","[243.08, 25]","[243.41, 29]",188.04,167,110.08,0.35
07:39:39,"[133.0, 63]","[132.0, 32]","[238.71, 17]","[239.59, 37]",185.85,149,105.71,0.28
07:39:40,"[133.0, 70]","[132.0, 39]","[237.9, 10]","[239.0, 50]",185.45,169,104.9,0.29
07:39:41,"[133.0, 57]","[132.0, 44]","[227.33, 15]","[236.42, 43]",180.17,159,94.33,0.27
07:39:42,"[133.44, 18]","[131.92, 39]","[234.0, 42]","[235.0, 18]",183.72,117,100.56,-0.03
07:39:43,"[136.0, 12]","[132.42, 48]","[228.14, 14]","[233.75, 40]",182.07,114,92.14,0.05
07:39:44,"[133.39, 46]","[132.23, 104]","[145.85, 60]","[160.29, 28]",139.62,238,12.46,0.26
07:39:45,"[133.0, 50]","[132.0, 104]","[136.45, 38]","[137.1, 48]",134.72,240,3.45,0.28
07:39:46,"[132.0, 56]","[131.0, 26]","[135.13, 23]","[136.15, 26]",133.57,131,3.13,0.25
07:39:47,"[132.0, 48]","[131.0, 12]","[133.5, 8]","[134.5, 16]",132.75,84,1.5,0.43
07:39:48,"[132.0, 40]","[131.0, 12]","[133.2, 10]","[196.22, 18]",132.6,80,1.2,0.3
07:39:49,"[132.0, 47]","[131.0, 22]","[133.0, 22]","[507.48, 25]",132.5,116,1.0,0.19
07:39:50,"[132.0, 20]","[131.0, 8]","[453.36, 11]","[553.0, 17]",292.68,56,321.36,0.0
07:39:51,"[132.18, 44]","[131.36, 28]","[345.86, 14]","[378.92, 25]",239.02,111,213.68,0.3
07:39:52,"[131.0, 11]","[130.0, 55]","[232.31, 13]","[245.79, 19]",181.65,98,101.31,0.35
07:39:53,"[131.0, 6]","[130.0, 30]","[217.17, 6]","[219.0, 12]",174.08,54,86.17,0.33
07:39:54,"[131.0, 11]","[130.0, 55]","[214.55, 11]","[229.0, 20]",172.77,97,83.55,0.36
07:39:55,"[133.64, 11]","[129.45, 11]","[213.36, 11]","[397.64, 14]",173.5,47,79.73,-0.06
07:39:56,"[131.12, 120]","[129.5, 12]","[211.5, 12]","[300.9, 21]",171.31,165,80.38,0.6
07:39:57,"[132.0, 130]","[129.0, 14]","[209.8, 10]","[301.0, 10]",170.9,164,77.8,0.76
07:39:58,"[132.16, 125]","[131.11, 37]","[207.35, 17]","[222.26, 19]",169.76,198,75.19,0.64
07:39:59,"[133.15, 137]","[130.52, 83]","[205.08, 13]","[207.0, 26]",169.12,259,71.92,0.7
07:40:00,"[137.0, 120]","[130.0, 108]","[205.0, 12]","[207.0, 24]",171.0,264,68.0,0.73
07:40:01,"[137.0, 64]","[130.0, 72]","[181.38, 8]","[206.31, 13]",159.19,157,44.38,0.73
07:40:02,"[136.31, 81]","[129.99, 100]","[139.49, 41]","[140.93, 29]",137.9,251,3.18,0.44
07:40:03,"[130.0, 94]","[129.0, 14]","[136.34, 35]","[138.0, 26]",133.17,169,6.34,0.28
07:40:04,"[130.8, 60]","[129.97, 74]","[134.26, 54]","[135.73, 30]",132.53,218,3.46,0.23
07:40:05,"[131.0, 46]","[130.0, 72]","[133.23, 30]","[135.0, 17]",132.12,165,2.23,0.43
07:40:06,"[131.0, 30]","[130.0, 60]","[132.1, 20]","[138.0, 20]",131.55,130,1.1,0.38
07:40:07,"[113.89, 18]","[112.17, 40]","[137.07, 28]","[385.35, 37]",125.48,123,23.18,-0.06
07:40:08,"[115.45, 31]","[57.84, 19]","[126.9, 20]","[127.66, 47]",121.18,117,11.45,-0.15
07:40:09,"[83.05, 64]","[31.21, 70]","[123.92, 13]","[126.0, 65]",103.48,212,40.88,0.26
07:40:10,"[98.0, 30]","[75.33, 36]","[123.8, 10]","[126.14, 29]",110.9,105,25.8,0.26
07:40:11,"[87.71, 14]","[0, 0]","[173.77, 22]","[480.5, 14]",130.74,50,86.06,-0.44
07:40:12,"[86.0, 6]","[0, 0]","[142.0, 9]","[534.0, 3]",114.0,18,56.0,-0.33
07:40:13,"[133.9, 42]","[109.33, 15]","[141.43, 14]","[226.36, 14]",137.67,85,7.52,0.34
07:40:14,"[138.3, 120]","[136.06, 65]","[141.0, 20]","[330.5, 16]",139.65,221,2.7,0.67
07:40:15,"[139.0, 48]","[136.0, 35]","[141.0, 10]","[344.61, 18]",140.0,111,2.0,0.5
07:40:16,"[139.0, 38]","[136.0, 49]","[323.29, 17]","[545.95, 19]",231.15,123,184.29,0.41
07:40:17,"[139.0, 27]","[136.0, 63]","[468.86, 28]","[604.39, 36]",303.93,154,329.86,0.17
07:40:18,"[138.0, 18]","[135.37, 41]","[384.95, 19]","[492.25, 16]",261.47,94,246.95,0.26
07:40:19,"[136.8, 30]","[134.51, 70]","[486.0, 21]","[629.0, 28]",311.4,149,349.2,0.34
07:40:20,"[136.0, 21]","[134.0, 78]","[427.05, 19]","[604.22, 23]",281.53,141,291.05,0.4
07:40:21,"[136.0, 5]","[134.0, 65]","[347.0, 20]","[623.8, 15]",241.5,105,211.0,0.33
07:40:22,"[134.17, 92]","[133.59, 88]","[295.53, 36]","[351.6, 25]",214.85,241,161.35,0.49
07:40:23,"[134.54, 59]","[133.78, 83]","[181.75, 40]","[183.41, 34]",158.15,216,47.21,0.31
07:40:24,"[134.0, 112]","[133.0, 54]","[178.11, 37]","[179.68, 25]",156.05,228,44.11,0.46
07:40:25,"[134.0, 96]","[133.0, 48]","[172.62, 40]","[174.25, 40]",153.31,224,38.62,0.29
07:40:26,"[136.0, 60]","[134.0, 120]","[169.64, 14]","[171.3, 50]",152.82,244,33.64,0.48
07:40:27,"[136.0, 48]","[134.0, 96]","[166.88, 8]","[171.0, 40]",151.44,192,30.88,0.5
07:40:28,"[136.55, 33]","[134.32, 114]","[163.14, 51]","[163.57, 35]",149.84,233,26.59,0.26
07:40:29,"[136.0, 30]","[134.0, 120]","[157.34, 38]","[159.0, 38]",146.67,226,21.34,0.33
07:40:30,"[136.0, 30]","[134.0, 120]","[153.39, 18]","[155.63, 46]",144.69,214,17.39,0.4
07:40:31,"[136.56, 16]","[134.74, 57]","[151.7, 50]","[152.7, 50]",144.13,173,15.14,-0.16
07:40:32,"[136.0, 28]","[134.0, 168]","[149.07, 58]","[150.18, 66]",142.53,320,13.07,0.23
07:40:33,"[134.04, 112]","[133.15, 82]","[144.09, 55]","[146.0, 55]",139.06,304,10.06,0.28
07:40:34,"[134.27, 121]","[133.0, 71]","[141.18, 51]","[143.14, 43]",137.72,286,6.9,0.34
07:40:35,"[135.92, 89]","[132.88, 68]","[140.17, 46]","[148.28, 46]",138.05,249,4.25,0.26
07:40:36,"[135.73, 66]","[132.97, 74]","[142.0, 65]","[187.56, 27]",138.86,232,6.27,0.21
07:40:37,"[134.62, 26]","[132.68, 62]","[142.0, 55]","[343.57, 14]",138.31,157,7.38,0.12
07:40:38,"[133.73, 22]","[132.09, 33]","[141.43, 35]","[161.0, 14]",137.58,104,7.7,0.06
07:40:39,"[137.0, 36]","[133.0, 27]","[140.33, 45]","[253.33, 18]",138.67,126,3.33,0.0
07:40:40,"[137.0, 32]","[132.64, 28]","[138.38, 40]","[408.61, 23]",137.69,123,1.38,-0.02
07:40:41,"[134.32, 69]","[131.52, 29]","[338.68, 22]","[386.08, 36]",236.5,156,204.36,0.26
07:40:42,"[133.05, 55]","[132.61, 67]","[300.59, 22]","[311.31, 32]",216.82,176,167.54,0.39
07:40:43,"[136.0, 22]","[133.0, 227]","[292.64, 11]","[349.7, 43]",214.32,303,156.64,0.64
07:40:44,"[133.16, 115]","[132.76, 80]","[248.71, 17]","[366.25, 28]",190.93,240,115.55,0.62
07:40:45,"[132.82, 44]","[130.95, 21]","[175.12, 16]","[191.31, 36]",153.97,117,42.31,0.11
07:40:46,"[131.0, 28]","[130.0, 70]","[158.07, 14]","[190.81, 37]",144.54,149,27.07,0.32
07:40:47,"[135.67, 45]","[130.6, 47]","[156.67, 15]","[366.68, 69]",146.17,176,21.0,0.05
07:40:48,"[131.32, 37]","[124.06, 32]","[194.52, 21]","[355.84, 37]",162.92,127,63.2,0.09
07:40:49,"[130.5, 36]","[129.08, 51]","[429.86, 21]","[594.14, 21]",280.18,129,299.36,0.35
07:40:50,"[137.8, 60]","[136.75, 24]","[565.0, 5]","[597.0, 15]",351.4,104,427.2,0.62
07:40:51,"[138.17, 96]","[137.0, 36]","[381.75, 28]","[444.81, 16]",259.96,176,243.58,0.5
07:40:52,"[139.0, 128]","[137.0, 80]","[257.5, 38]","[408.19, 26]",198.25,272,118.5,0.53
07:40:53,"[139.0, 124]","[137.0, 102]","[279.07, 43]","[280.04, 25]",209.03,294,140.07,0.54
07:40:54,"[139.0, 72]","[137.0, 36]","[276.36, 28]","[279.5, 20]",207.68,156,137.36,0.38
07:40:55,"[139.0, 120]","[137.0, 60]","[271.91, 34]","[309.43, 42]",205.46,256,132.91,0.41
07:40:56,"[139.0, 144]","[137.0, 102]","[272.67, 30]","[275.25, 40]",205.83,316,133.67,0.56
07:40:57,"[139.0, 72]","[137.0, 72]","[264.0, 6]","[265.0, 18]",201.5,168,125.0,0.71
07:40:58,"[139.0, 126]","[137.0, 144]","[222.75, 24]","[271.04, 26]",180.88,320,83.75,0.69
07:40:59,"[139.0, 120]","[137.0, 144]","[213.39, 28]","[270.02, 56]",176.2,348,74.39,0.52
07:41:00,"[139.0, 40]","[137.0, 48]","[259.5, 20]","[261.0, 4]",199.25,112,120.5,0.57
07:41:01,"[139.0, 90]","[137.0, 108]","[258.12, 33]","[258.14, 21]",198.56,252,119.12,0.57
07:41:02,"[139.0, 102]","[137.0, 144]","[249.54, 28]","[255.55, 44]",194.27,318,110.54,0.55
07:41:03,"[139.0, 88]","[137.0, 132]","[157.06, 31]","[217.36, 39]",148.03,290,18.06,0.52
07:41:04,"[139.0, 96]","[137.0, 158]","[151.88, 32]","[154.72, 40]",145.44,326,12.88,0.56
07:41:05,"[139.0, 144]","[137.0, 294]","[147.37, 38]","[148.93, 44]",143.18,520,8.37,0.68
07:41:06,"[139.0, 96]","[137.0, 204]","[142.18, 28]","[144.11, 35]",140.59,363,3.18,0.65
07:41:07,"[139.0, 89]","[137.0, 255]","[140.0, 75]","[141.74, 54]",139.5,473,1.0,0.45
07:41:08,"[137.26, 78]","[136.74, 46]","[139.67, 30]","[145.43, 14]",138.46,168,2.41,0.48
07:41:09,"[137.0, 58]","[136.0, 12]","[141.08, 12]","[157.5, 4]",139.04,86,4.08,0.63
07:41:10,"[137.0, 60]","[136.0, 15]","[154.0, 5]","[161.0, 5]",145.5,85,17.0,0.76
07:41:11,"[137.47, 75]","[136.7, 50]","[159.15, 26]","[198.29, 14]",148.31,165,21.69,0.52
07:41:12,"[138.75, 56]","[137.0, 56]","[160.0, 40]","[233.5, 18]",149.38,170,21.25,0.32
07:41:13,"[139.0, 92]","[137.0, 98]","[159.86, 70]","[275.63, 30]",149.43,290,20.86,0.31
07:41:14,"[139.0, 45]","[137.0, 63]","[159.0, 45]","[346.52, 23]",149.0,176,20.0,0.23
07:41:15,"[139.0, 40]","[137.0, 56]","[158.25, 20]","[206.18, 34]",148.62,150,19.25,0.28
07:41:16,"[139.0, 80]","[137.0, 112]","[154.35, 68]","[155.75, 28]",146.68,288,15.35,0.33
07:41:17,"[139.0, 75]","[137.0, 105]","[150.16, 43]","[151.23, 47]",144.58,270,11.16,0.33
07:41:18,"[139.0, 50]","[137.0, 70]","[148.18, 34]","[148.46, 26]",143.59,180,9.18,0.33
07:41:19,"[137.69, 55]","[136.16, 19]","[145.77, 13]","[148.0, 65]",141.73,152,8.08,-0.03
07:41:20,"[136.0, 90]","[133.0, 16]","[144.56, 16]","[148.0, 80]",140.28,202,8.56,0.05
07:41:21,"[136.37, 27]","[134.25, 12]","[143.29, 28]","[147.64, 44]",139.83,111,6.92,-0.3
07:41:22,"[137.0, 22]","[136.0, 11]","[141.82, 11]","[143.0, 55]",139.41,99,4.82,-0.33
07:41:23,"[136.96, 24]","[135.84, 19]","[138.53, 53]","[141.45, 31]",137.74,127,1.57,-0.32
07:41:24,"[134.0, 9]","[132.06, 51]","[137.83, 29]","[229.76, 37]",135.91,126,3.83,-0.05
07:41:25,"[133.0, 9]","[132.0, 72]","[137.67, 27]","[356.38, 32]",135.33,140,4.67,0.16
07:41:26,"[133.0, 9]","[132.0, 72]","[136.18, 34]","[139.96, 28]",134.59,143,3.18,0.13
07:41:27,"[132.16, 57]","[131.78, 82]","[134.47, 53]","[135.53, 45]",133.31,237,2.31,0.17
07:41:28,"[132.0, 72]","[131.0, 42]","[178.62, 52]","[271.22, 54]",155.31,220,46.62,0.04
07:41:29,"[136.0, 15]","[131.25, 12]","[315.0, 12]","[334.6, 25]",225.5,64,179.0,-0.16
07:41:30,"[137.0, 70]","[132.0, 14]","[323.27, 56]","[390.54, 54]",230.13,194,186.27,-0.13
07:41:31,"[137.0, 54]","[132.0, 24]","[239.03, 29]","[333.45, 51]",188.02,158,102.03,-0.01
07:41:32,"[138.21, 98]","[137.0, 42]","[327.97, 35]","[330.29, 35]",233.09,210,189.76,0.33
07:41:33,"[139.0, 90]","[137.0, 45]","[323.73, 48]","[325.33, 18]",231.36,201,184.73,0.34
07:41:34,"[139.0, 60]","[137.0, 36]","[318.0, 37]","[318.82, 44]",228.5,177,179.0,0.08
07:41:35,"[138.05, 38]","[135.12, 48]","[245.9, 42]","[270.33, 48]",191.98,176,107.85,-0.02
07:41:36,"[137.0, 24]","[132.0, 24]","[229.64, 14]","[231.85, 26]",183.32,88,92.64,0.09
07:41:37,"[136.23, 13]","[133.16, 19]","[228.21, 43]","[229.43, 14]",182.22,89,91.98,-0.28
07:41:38,"[132.0, 11]","[131.0, 33]","[206.06, 34]","[226.48, 31]",169.03,109,74.06,-0.19
07:41:39,"[131.33, 18]","[130.52, 42]","[167.88, 24]","[172.49, 47]",149.6,131,36.54,-0.08
07:41:40,"[130.0, 39]","[129.0, 13]","[160.94, 31]","[163.28, 39]",145.47,122,30.94,-0.15
07:41:41,"[132.8, 15]","[130.3, 20]","[157.73, 44]","[159.0, 33]",145.26,112,24.93,-0.38
07:41:42,"[132.79, 14]","[129.96, 28]","[156.03, 38]","[157.5, 48]",144.41,128,23.24,-0.34
07:41:43,"[130.9, 10]","[129.23, 22]","[152.1, 10]","[155.18, 22]",141.5,64,21.2,0.0
07:41:44,"[130.0, 12]","[129.0, 20]","[148.22, 32]","[149.28, 18]",139.11,82,18.22,-0.22
07:41:45,"[134.67, 12]","[129.67, 12]","[143.91, 22]","[145.42, 26]",139.29,72,9.24,-0.33
07:41:46,"[137.0, 12]","[130.0, 12]","[141.15, 40]","[141.77, 26]",139.07,90,4.15,-0.47
07:41:47,"[126.71, 14]","[93.12, 41]","[135.51, 43]","[137.03, 31]",131.11,129,8.8,-0.15
07:41:48,"[124.17, 52]","[79.81, 37]","[133.64, 11]","[136.21, 19]",128.9,119,9.46,0.5
07:41:49,"[132.19, 94]","[120.99, 121]","[136.27, 33]","[191.21, 38]",134.23,286,4.08,0.5
07:41:50,"[132.34, 53]","[127.58, 24]","[135.85, 39]","[270.96, 56]",134.09,172,3.51,-0.1
07:41:51,"[132.0, 101]","[117.67, 18]","[135.0, 27]","[317.89, 45]",133.5,191,3.0,0.25
07:41:52,"[132.0, 114]","[131.0, 11]","[291.02, 45]","[385.74, 46]",211.51,216,159.02,0.16
07:41:53,"[132.0, 58]","[131.0, 7]","[337.0, 35]","[391.0, 35]",234.5,135,205.0,-0.04
07:41:54,"[135.72, 57]","[133.88, 16]","[249.78, 18]","[337.0, 45]",192.75,136,114.06,0.07
07:41:55,"[137.0, 36]","[136.0, 72]","[232.0, 18]","[503.89, 45]",184.5,171,95.0,0.26
07:41:56,"[137.03, 37]","[136.03, 91]","[267.29, 45]","[372.11, 45]",202.16,218,130.26,0.17
07:41:57,"[137.33, 15]","[136.8, 25]","[267.33, 9]","[330.9, 21]",202.33,70,130.0,0.14
07:41:58,"[136.0, 69]","[132.0, 10]","[264.44, 16]","[370.14, 14]",200.22,109,128.44,0.45
07:41:59,"[136.0, 11]","[132.0, 11]","[173.77, 48]","[263.33, 12]",154.89,82,37.77,-0.46
07:42:00,"[136.0, 7]","[132.0, 22]","[159.75, 8]","[167.94, 31]",147.88,68,23.75,-0.15
07:42:01,"[136.86, 35]","[134.0, 10]","[156.67, 12]","[167.9, 42]",146.76,99,19.81,-0.09
07:42:02,"[137.0, 84]","[136.0, 14]","[163.35, 31]","[204.64, 39]",150.18,168,26.35,0.17
07:42:03,"[137.08, 52]","[136.4, 30]","[160.45, 11]","[161.89, 19]",148.77,112,23.38,0.46
07:42:04,"[138.36, 28]","[137.0, 84]","[157.29, 45]","[157.46, 37]",147.82,194,18.93,0.15
07:42:05,"[139.0, 24]","[137.0, 72]","[152.95, 44]","[153.82, 28]",145.98,168,13.95,0.14
07:42:06,"[139.0, 16]","[137.0, 120]","[151.2, 20]","[152.83, 24]",145.1,180,12.2,0.51
07:42:07,"[139.0, 16]","[137.0, 180]","[149.14, 44]","[150.67, 18]",144.07,258,10.14,0.52
07:42:08,"[139.0, 10]","[137.0, 150]","[145.62, 34]","[146.86, 22]",142.31,216,6.62,0.48
07:42:09,"[139.0, 13]","[137.0, 195]","[141.62, 34]","[143.1, 20]",140.31,262,2.62,0.59
07:42:10,"[137.06, 65]","[136.26, 114]","[139.57, 30]","[141.53, 49]",138.31,258,2.51,0.39
07:42:11,"[137.0, 9]","[136.0, 54]","[142.0, 18]","[147.4, 20]",139.5,101,5.0,0.25
07:42:12,"[137.0, 23]","[136.0, 84]","[141.13, 46]","[144.84, 38]",139.07,191,4.13,0.12
07:42:13,"[137.24, 25]","[136.03, 68]","[140.0, 24]","[175.33, 36]",138.62,153,2.76,0.22
07:42:14,"[136.89, 19]","[135.67, 72]","[138.59, 37]","[221.32, 25]",137.74,153,1.7,0.19
07:42:15,"[134.46, 37]","[132.56, 57]","[172.1, 30]","[305.86, 21]",153.28,145,37.64,0.3
07:42:16,"[133.0, 12]","[132.0, 60]","[187.23, 22]","[221.91, 32]",160.11,126,54.23,0.14
07:42:17,"[132.64, 11]","[131.81, 43]","[162.3, 20]","[198.5, 12]",147.47,86,29.66,0.26
07:42:18,"[132.07, 29]","[131.07, 60]","[158.12, 8]","[161.0, 24]",145.1,121,26.06,0.47
07:42:19,"[131.0, 88]","[130.0, 22]","[156.0, 39]","[216.09, 33]",143.5,182,25.0,0.21
07:42:20,"[131.0, 65]","[130.0, 20]","[154.0, 10]","[156.0, 10]",142.5,105,23.0,0.62
07:42:21,"[129.38, 48]","[91.49, 35]","[148.5, 18]","[152.0, 18]",138.94,119,19.12,0.39
07:42:22,"[125.57, 14]","[73.48, 42]","[128.7, 10]","[130.42, 12]",127.14,78,3.13,0.44
07:42:23,"[56.16, 44]","[56.71, 28]","[169.26, 23]","[255.0, 18]",112.71,113,113.1,0.27
07:42:24,"[82.0, 6]","[64.0, 30]","[123.0, 16]","[220.0, 6]",102.5,58,41.0,0.24
07:42:25,"[95.5, 10]","[65.5, 50]","[242.57, 14]","[431.64, 22]",169.04,96,147.07,0.25
07:42:26,"[114.4, 10]","[60.04, 77]","[232.7, 23]","[247.62, 13]",173.55,123,118.3,0.41
07:42:27,"[131.09, 11]","[102.48, 25]","[211.93, 27]","[288.39, 31]",171.51,94,80.84,-0.23
07:42:28,"[136.0, 12]","[123.55, 33]","[245.0, 24]","[316.83, 36]",190.5,105,109.0,-0.14
07:42:29,"[136.81, 26]","[130.55, 33]","[243.33, 18]","[356.2, 20]",190.07,97,106.53,0.22
07:42:30,"[137.0, 49]","[136.0, 7]","[233.57, 7]","[244.67, 12]",185.29,75,96.57,0.49
07:42:31,"[137.0, 63]","[136.0, 9]","[207.22, 9]","[215.78, 9]",172.11,90,70.22,0.6
07:42:32,"[137.3, 67]","[136.27, 15]","[206.46, 13]","[243.0, 30]",171.88,125,69.16,0.31
07:42:33,"[138.0, 120]","[137.0, 24]","[204.52, 23]","[221.16, 32]",171.26,199,66.52,0.45
07:42:34,"[138.79, 115]","[137.0, 32]","[198.94, 52]","[199.08, 24]",168.87,223,60.15,0.32
07:42:35,"[139.0, 105]","[137.0, 30]","[193.17, 46]","[194.96, 23]",166.09,204,54.17,0.32
07:42:36,"[139.0, 77]","[137.0, 22]","[187.36, 55]","[190.0, 11]",163.18,165,48.36,0.2
07:42:37,"[139.0, 52]","[137.0, 20]","[183.96, 28]","[185.64, 14]",161.48,114,44.96,0.26
07:42:38,"[139.0, 35]","[137.0, 14]","[181.05, 19]","[181.85, 13]",160.03,81,42.05,0.21
07:42:39,"[139.0, 54]","[137.0, 36]","[177.03, 38]","[178.14, 70]",158.01,198,38.03,-0.09
07:42:40,"[139.0, 33]","[137.0, 34]","[173.42, 31]","[176.0, 26]",156.21,124,34.42,0.08
07:42:41,"[139.0, 14]","[137.0, 28]","[168.39, 61]","[168.85, 26]",153.7,129,29.39,-0.35
07:42:42,"[136.03, 210]","[135.15, 52]","[165.29, 45]","[165.56, 71]",150.66,378,29.26,0.39
07:42:43,"[136.0, 220]","[135.0, 48]","[159.71, 28]","[161.55, 53]",147.86,349,23.71,0.54
07:42:44,"[136.0, 256]","[135.0, 48]","[152.84, 61]","[154.46, 46]",144.42,411,16.84,0.48
07:42:45,"[136.0, 151]","[135.0, 36]","[149.04, 28]","[151.7, 46]",142.52,261,13.04,0.43
07:42:46,"[137.27, 66]","[135.97, 111]","[144.73, 37]","[145.97, 36]",141.0,250,7.46,0.42
07:42:47,"[138.0, 66]","[136.0, 99]","[140.58, 43]","[141.94, 33]",139.29,241,2.58,0.37
07:42:48,"[136.96, 71]","[135.07, 107]","[139.88, 40]","[142.58, 31]",138.42,249,2.92,0.43
07:42:49,"[136.0, 63]","[135.0, 72]","[140.24, 17]","[141.65, 17]",138.12,169,4.24,0.6
07:42:50,"[136.0, 77]","[135.0, 88]","[138.82, 17]","[139.64, 22]",137.41,204,2.82,0.62
07:42:51,"[136.0, 51]","[135.0, 88]","[137.57, 21]","[162.79, 19]",136.79,179,1.57,0.55
07:42:52,"[136.0, 28]","[135.0, 80]","[137.0, 20]","[393.7, 10]",136.5,138,1.0,0.57
07:42:53,"[136.0, 13]","[135.0, 88]","[347.24, 17]","[433.62, 29]",241.62,147,211.24,0.37
07:42:54,"[136.0, 13]","[135.0, 104]","[400.73, 30]","[429.0, 36]",268.37,183,264.73,0.28
07:42:55,"[136.0, 13]","[135.0, 104]","[228.4, 15]","[296.88, 16]",182.2,148,92.4,0.58
07:42:56,"[135.05, 44]","[134.0, 24]","[239.0, 20]","[412.29, 28]",187.02,116,103.95,0.17
07:42:57,"[135.0, 68]","[132.0, 14]","[286.74, 35]","[342.62, 42]",210.87,159,151.74,0.03
07:42:58,"[135.0, 48]","[132.0, 11]","[142.29, 34]","[148.18, 17]",138.65,110,7.29,0.07
07:42:59,"[135.1, 40]","[134.0, 18]","[141.0, 32]","[144.33, 15]",138.05,105,5.9,0.1
07:43:00,"[136.0, 16]","[135.0, 48]","[140.0, 32]","[278.82, 22]",138.0,118,4.0,0.08
07:43:01,"[136.0, 16]","[135.0, 48]","[137.38, 32]","[304.0, 16]",136.69,112,1.38,0.14
07:43:02,"[135.03, 62]","[133.12, 16]","[343.73, 44]","[430.87, 30]",239.38,152,208.7,0.03
07:43:03,"[135.0, 17]","[132.0, 22]","[359.24, 68]","[369.34, 64]",247.12,171,224.24,-0.54
07:43:04,"[131.18, 22]","[130.06, 36]","[323.33, 36]","[337.06, 34]",227.26,128,192.15,-0.09
07:43:05,"[131.0, 45]","[130.0, 75]","[222.84, 63]","[224.05, 58]",176.92,241,91.84,-0.0
07:43:06,"[131.0, 39]","[130.0, 65]","[217.8, 50]","[219.31, 52]",174.4,206,86.8,0.01
07:43:07,"[133.47, 85]","[130.39, 107]","[141.88, 85]","[147.85, 55]",137.68,332,8.41,0.16
07:43:08,"[135.22, 82]","[131.3, 80]","[138.0, 56]","[140.34, 58]",136.61,276,2.78,0.17
07:43:09,"[132.0, 13]","[131.0, 70]","[135.5, 40]","[176.4, 40]",133.75,163,3.5,0.02
07:43:10,"[132.0, 14]","[131.0, 98]","[133.45, 44]","[140.14, 43]",132.73,199,1.45,0.13
07:43:11,"[131.0, 54]","[129.0, 66]","[133.9, 20]","[232.0, 40]",132.45,180,2.9,0.33
07:43:12,"[131.0, 27]","[129.75, 48]","[178.73, 30]","[234.56, 45]",154.87,150,47.73,0.0
07:43:13,"[130.14, 22]","[128.62, 39]","[224.5, 44]","[228.93, 56]",177.32,161,94.36,-0.24
07:43:14,"[134.95, 109]","[129.5, 12]","[204.97, 36]","[205.9, 48]",169.96,205,70.02,0.18
07:43:15,"[135.0, 144]","[130.0, 36]","[202.55, 44]","[204.54, 52]",168.77,276,67.55,0.3
07:43:16,"[136.0, 9]","[135.0, 108]","[200.22, 45]","[203.0, 27]",168.11,189,64.22,0.24
07:43:17,"[136.0, 13]","[135.0, 156]","[174.31, 55]","[180.27, 56]",155.15,280,38.31,0.21
07:43:18,"[136.0, 8]","[135.0, 96]","[167.71, 38]","[168.62, 26]",151.86,168,31.71,0.24
07:43:19,"[135.0, 88]","[130.0, 11]","[162.83, 35]","[164.77, 39]",148.91,173,27.83,0.14
07:43:20,"[135.24, 63]","[134.35, 46]","[158.12, 41]","[159.13, 47]",146.68,197,22.88,0.11
07:43:21,"[135.1, 147]","[134.6, 81]","[156.08, 52]","[156.39, 49]",145.59,329,20.97,0.39
07:43:22,"[135.33, 97]","[134.88, 170]","[150.83, 70]","[151.68, 50]",143.08,387,15.5,0.38
07:43:23,"[136.3, 43]","[134.98, 211]","[146.4, 57]","[147.52, 58]",141.35,369,10.1,0.38
07:43:24,"[135.5, 60]","[134.95, 152]","[142.29, 48]","[143.57, 42]",138.9,302,6.79,0.4
07:43:25,"[135.39, 69]","[134.91, 138]","[138.34, 56]","[141.0, 40]",136.87,303,2.95,0.37
07:43:26,"[135.0, 111]","[131.96, 23]","[138.0, 42]","[286.21, 43]",136.5,219,3.0,0.22
07:43:27,"[135.0, 36]","[132.0, 12]","[142.0, 18]","[496.33, 30]",138.5,96,7.0,0.0
07:43:28,"[135.82, 33]","[134.89, 56]","[140.2, 30]","[446.5, 50]",138.01,169,4.38,0.05
07:43:29,"[135.15, 59]","[133.2, 30]","[138.42, 36]","[427.29, 58]",136.78,183,3.26,-0.03
07:43:30,"[135.0, 18]","[132.0, 12]","[137.0, 18]","[281.0, 24]",136.0,72,2.0,-0.17
07:43:31,"[134.79, 29]","[131.72, 25]","[173.71, 31]","[387.56, 43]",154.25,128,38.92,-0.16
07:43:32,"[131.6, 20]","[130.95, 44]","[298.0, 32]","[503.24, 34]",214.8,130,166.4,-0.02
07:43:33,"[133.0, 6]","[130.6, 15]","[211.0, 24]","[570.0, 24]",172.0,69,78.0,-0.39
07:43:34,"[131.0, 9]","[130.0, 36]","[467.33, 36]","[577.08, 26]",299.17,107,336.33,-0.16
07:43:35,"[131.0, 8]","[130.0, 32]","[332.63, 27]","[509.85, 26]",231.81,93,201.63,-0.14
07:43:36,"[133.86, 14]","[130.24, 21]","[250.98, 41]","[337.48, 25]",192.42,101,117.12,-0.31
07:43:37,"[132.86, 14]","[130.33, 6]","[141.95, 21]","[202.0, 9]",137.4,50,9.1,-0.2
07:43:38,"[130.0, 33]","[129.0, 11]","[140.55, 11]","[142.0, 44]",135.27,99,10.55,-0.11
07:43:39,"[130.0, 21]","[129.0, 9]","[139.11, 9]","[142.0, 36]",134.56,75,9.11,-0.2
07:43:40,"[130.0, 18]","[129.0, 13]","[139.0, 9]","[174.67, 36]",134.5,76,9.0,-0.18
07:43:41,"[130.93, 59]","[129.86, 14]","[139.0, 8]","[240.0, 32]",134.97,113,8.07,0.29
07:43:42,"[131.16, 77]","[130.38, 26]","[138.33, 18]","[275.4, 20]",134.74,141,7.18,0.46
07:43:43,"[132.0, 58]","[131.0, 65]","[136.23, 35]","[137.47, 17]",134.11,175,4.23,0.41
07:43:44,"[132.0, 8]","[131.0, 40]","[135.17, 12]","[136.1, 20]",133.58,80,3.17,0.2
07:43:45,"[130.03, 30]","[128.37, 60]","[132.25, 28]","[216.3, 37]",131.14,155,2.22,0.16
07:43:46,"[130.0, 23]","[128.03, 91]","[149.72, 53]","[177.3, 57]",139.86,224,19.72,0.02
07:43:47,"[130.0, 6]","[128.2, 20]","[298.8, 25]","[550.71, 17]",214.4,68,168.8,-0.24
07:43:48,"[135.29, 34]","[129.6, 10]","[572.0, 32]","[761.88, 43]",353.65,119,436.71,-0.26
07:43:49,"[136.0, 36]","[130.0, 6]","[270.5, 12]","[292.0, 24]",203.25,78,134.5,0.08
07:43:50,"[136.0, 27]","[130.0, 4]","[272.0, 8]","[292.0, 16]",204.0,55,136.0,0.13
07:43:51,"[134.96, 23]","[129.5, 8]","[227.12, 16]","[292.0, 16]",181.04,63,92.17,-0.02
07:43:52,"[131.67, 9]","[129.33, 9]","[386.78, 18]","[638.0, 4]",259.22,40,255.11,-0.1
07:43:53,"[135.0, 4]","[130.0, 4]","[550.29, 14]","[426.0, 4]",342.64,26,415.29,-0.38
07:43:54,"[123.86, 14]","[55.95, 22]","[738.81, 31]","[778.0, 12]",431.33,79,614.95,-0.09
07:43:55,"[127.5, 16]","[114.62, 8]","[373.0, 6]","[768.33, 24]",250.25,54,245.5,-0.11
07:43:56,"[130.35, 37]","[123.86, 14]","[417.33, 6]","[720.0, 24]",273.84,81,286.98,0.26
07:43:57,"[131.6, 25]","[126.0, 18]","[399.0, 7]","[720.0, 28]",265.3,78,267.4,0.1
07:43:58,"[133.29, 21]","[131.0, 28]","[219.43, 7]","[404.4, 10]",176.36,66,86.14,0.48
07:43:59,"[136.18, 33]","[131.0, 44]","[151.83, 12]","[174.29, 35]",144.01,124,15.65,0.24
07:44:00,"[137.36, 14]","[131.0, 40]","[151.0, 20]","[160.5, 16]",144.18,90,13.64,0.2
07:44:01,"[138.0, 5]","[131.0, 20]","[151.0, 10]","[193.29, 14]",144.5,49,13.0,0.02
07:44:02,"[138.0, 14]","[131.0, 56]","[153.81, 27]","[316.04, 26]",145.91,123,15.81,0.14
07:44:03,"[137.83, 12]","[133.78, 54]","[234.75, 12]","[431.73, 15]",186.29,93,96.92,0.42
07:44:04,"[136.0, 11]","[131.86, 59]","[382.31, 26]","[525.23, 35]",259.15,131,246.31,0.07
07:44:05,"[136.0, 52]","[132.0, 66]","[405.44, 36]","[419.5, 32]",270.72,186,269.44,0.27
07:44:06,"[136.0, 36]","[132.0, 54]","[403.22, 36]","[406.0, 21]",269.61,147,267.22,0.22
07:44:07,"[136.0, 32]","[132.0, 48]","[375.86, 28]","[390.52, 31]",255.93,139,239.86,0.15
07:44:08,"[132.73, 44]","[131.12, 26]","[280.45, 11]","[370.55, 22]",206.59,103,147.73,0.36
07:44:09,"[132.0, 120]","[131.0, 14]","[171.92, 52]","[172.6, 20]",151.96,206,39.92,0.3
07:44:10,"[132.0, 165]","[131.0, 11]","[170.25, 32]","[171.71, 34]",151.12,242,38.25,0.45
07:44:11,"[132.0, 142]","[131.0, 10]","[166.5, 32]","[168.57, 28]",149.25,212,34.5,0.43
07:44:12,"[132.61, 143]","[132.55, 49]","[161.59, 54]","[163.47, 30]",147.1,276,28.98,0.39
07:44:13,"[136.89, 38]","[132.77, 94]","[158.24, 42]","[159.32, 38]",147.57,212,21.34,0.25
07:44:14,"[135.0, 36]","[132.73, 22]","[155.71, 28]","[157.56, 36]",145.36,122,20.71,-0.05
07:44:15,"[135.0, 44]","[132.83, 24]","[154.53, 30]","[155.22, 36]",144.77,134,19.53,0.01
07:44:16,"[132.33, 92]","[131.92, 73]","[151.74, 38]","[153.22, 36]",142.03,239,19.41,0.38
07:44:17,"[132.11, 94]","[131.9, 72]","[135.58, 48]","[146.17, 48]",133.84,262,3.48,0.27
07:44:18,"[132.0, 128]","[131.0, 12]","[133.35, 34]","[156.24, 45]",132.68,219,1.35,0.28
07:44:19,"[132.0, 40]","[131.0, 10]","[194.67, 48]","[478.65, 34]",163.33,132,62.67,-0.24
07:44:20,"[132.0, 41]","[131.0, 10]","[224.92, 38]","[419.79, 43]",178.46,132,92.92,-0.23
07:44:21,"[132.0, 55]","[131.0, 11]","[223.18, 11]","[498.02, 51]",177.59,128,91.18,0.03
07:44:22,"[132.0, 75]","[131.0, 15]","[216.74, 23]","[282.02, 44]",174.37,157,84.74,0.15
07:44:23,"[131.59, 49]","[130.47, 15]","[211.1, 41]","[220.25, 24]",171.34,129,79.51,-0.01
07:44:24,"[135.55, 67]","[131.42, 62]","[218.81, 16]","[221.0, 48]",177.18,193,83.26,0.34
07:44:25,"[137.0, 72]","[136.0, 36]","[195.17, 24]","[220.7, 30]",166.08,162,58.17,0.33
07:44:26,"[138.0, 66]","[136.0, 33]","[206.88, 40]","[212.89, 28]",172.44,167,68.88,0.19
07:44:27,"[138.0, 66]","[136.0, 33]","[187.76, 29]","[200.68, 38]",162.88,166,49.76,0.19
07:44:28,"[138.0, 80]","[136.0, 48]","[174.17, 24]","[298.73, 60]",156.08,212,36.17,0.21
07:44:29,"[138.0, 65]","[136.0, 39]","[183.88, 25]","[341.94, 31]",160.94,160,45.88,0.3
07:44:30,"[137.25, 40]","[135.6, 25]","[181.65, 20]","[182.85, 20]",159.45,105,44.4,0.24
07:44:31,"[136.0, 39]","[135.0, 26]","[177.44, 25]","[179.44, 27]",156.72,117,41.44,0.11
07:44:32,"[135.72, 29]","[133.4, 30]","[176.0, 45]","[177.0, 15]",155.86,119,40.28,-0.01
07:44:33,"[135.0, 14]","[132.0, 14]","[173.72, 36]","[174.13, 30]",154.36,94,38.72,-0.4
07:44:34,"[135.0, 9]","[132.0, 12]","[170.08, 13]","[171.32, 31]",152.54,65,35.08,-0.35
07:44:35,"[130.69, 32]","[130.31, 26]","[166.6, 20]","[167.83, 46]",148.64,124,35.91,-0.06
07:44:36,"[120.0, 44]","[95.22, 36]","[135.0, 22]","[161.08, 36]",127.5,138,15.0,0.16
07:44:37,"[119.0, 35]","[89.83, 24]","[122.33, 18]","[123.85, 13]",120.67,90,3.33,0.31
07:44:38,"[119.0, 35]","[81.86, 14]","[120.43, 7]","[122.0, 21]",119.71,77,1.43,0.27
07:44:39,"[113.15, 41]","[54.8, 50]","[122.57, 28]","[123.0, 39]",117.86,158,9.43,0.15
07:44:40,"[100.0, 26]","[74.69, 65]","[124.0, 52]","[125.0, 13]",112.0,156,24.0,0.17
07:44:41,"[99.23, 26]","[73.09, 44]","[154.86, 35]","[289.09, 23]",127.04,128,55.63,0.09
07:44:42,"[135.0, 11]","[66.83, 46]","[183.27, 33]","[297.53, 15]",159.14,105,48.27,0.09
07:44:43,"[135.95, 66]","[82.79, 19]","[224.29, 21]","[278.37, 19]",180.12,125,88.33,0.36
07:44:44,"[136.0, 60]","[135.0, 10]","[235.1, 20]","[389.7, 10]",185.55,100,99.1,0.4
07:44:45,"[136.0, 32]","[135.0, 8]","[234.38, 16]","[288.0, 8]",185.19,64,98.38,0.25
07:44:46,"[136.0, 52]","[135.0, 13]","[230.9, 20]","[245.85, 26]",183.45,111,94.9,0.17
07:44:47,"[136.0, 36]","[135.0, 9]","[230.27, 11]","[232.62, 16]",183.14,72,94.27,0.25
07:44:48,"[136.3, 30]","[135.57, 14]","[229.0, 16]","[230.0, 8]",182.65,68,92.7,0.29
07:44:49,"[138.0, 45]","[136.0, 74]","[226.1, 21]","[227.0, 24]",182.05,164,88.1,0.45
07:44:50,"[136.47, 51]","[130.67, 119]","[203.03, 39]","[216.5, 42]",169.75,251,66.56,0.35
07:44:51,"[129.39, 126]","[128.45, 66]","[135.08, 25]","[156.08, 26]",132.23,243,5.69,0.58
07:44:52,"[129.0, 84]","[128.0, 30]","[132.06, 18]","[163.4, 20]",130.53,152,3.06,0.5
07:44:53,"[129.0, 42]","[128.0, 18]","[152.0, 12]","[254.43, 14]",140.5,86,23.0,0.4
07:44:54,"[133.42, 38]","[130.33, 27]","[315.55, 22]","[465.94, 33]",224.48,120,182.12,0.08
07:44:55,"[136.0, 29]","[129.09, 65]","[522.89, 35]","[608.36, 22]",329.44,151,386.89,0.25
07:44:56,"[136.0, 10]","[129.0, 35]","[513.92, 13]","[541.31, 13]",324.96,71,377.92,0.27
07:44:57,"[136.0, 24]","[131.61, 33]","[320.97, 38]","[362.78, 41]",228.49,136,184.97,-0.16
07:44:58,"[131.1, 20]","[130.0, 12]","[282.0, 15]","[309.0, 20]",206.55,67,150.9,-0.04
07:44:59,"[135.0, 39]","[129.0, 91]","[197.28, 29]","[321.97, 38]",166.14,197,62.28,0.32
07:45:00,"[135.0, 33]","[129.0, 77]","[148.0, 33]","[253.51, 43]",141.5,186,13.0,0.18
07:45:01,"[131.56, 57]","[128.91, 69]","[147.18, 33]","[239.62, 45]",139.37,204,15.62,0.24
07:45:02,"[132.85, 39]","[130.58, 64]","[146.21, 43]","[240.08, 37]",139.53,183,13.36,0.13
07:45:03,"[135.0, 22]","[132.0, 33]","[144.73, 33]","[146.0, 44]",139.86,132,9.73,-0.17
07:45:04,"[132.0, 39]","[131.0, 91]","[144.0, 39]","[146.0, 52]",138.0,221,12.0,0.18
07:45:05,"[132.0, 59]","[131.0, 91]","[141.38, 37]","[145.45, 49]",136.69,236,9.38,0.27
07:45:06,"[132.0, 113]","[130.78, 45]","[133.89, 53]","[139.41, 58]",132.94,269,1.89,0.17
07:45:07,"[132.0, 46]","[130.4, 10]","[133.0, 40]","[244.95, 20]",132.5,116,1.0,-0.03
07:45:08,"[132.0, 32]","[131.0, 8]","[133.0, 32]","[282.0, 32]",132.5,104,1.0,-0.23
07:45:09,"[132.15, 26]","[131.14, 14]","[153.1, 30]","[246.36, 28]",142.63,98,20.95,-0.18
07:45:10,"[114.41, 22]","[111.93, 14]","[133.41, 27]","[147.62, 24]",123.91,87,19.0,-0.17
07:45:11,"[107.29, 41]","[103.67, 33]","[122.6, 35]","[124.52, 33]",114.95,142,15.31,0.04
07:45:12,"[114.6, 25]","[109.26, 31]","[121.0, 10]","[122.0, 40]",117.8,106,6.4,0.06
07:45:13,"[117.83, 53]","[113.88, 52]","[121.0, 15]","[122.0, 60]",119.42,180,3.17,0.17
07:45:14,"[120.42, 40]","[83.21, 34]","[121.93, 43]","[124.14, 42]",121.18,159,1.51,-0.07
07:45:15,"[121.45, 33]","[96.14, 21]","[127.77, 26]","[237.56, 16]",124.61,96,6.31,0.12
07:45:16,"[123.89, 36]","[122.58, 36]","[128.0, 26]","[343.82, 11]",125.94,109,4.11,0.32
07:45:17,"[125.26, 34]","[124.0, 30]","[128.0, 8]","[297.2, 10]",126.63,82,2.74,0.56
07:45:18,"[127.0, 55]","[126.0, 33]","[128.0, 11]","[245.81, 16]",127.5,115,1.0,0.53
07:45:19,"[127.0, 40]","[104.94, 35]","[550.33, 24]","[711.33, 30]",338.67,129,423.33,0.16
07:45:20,"[128.28, 32]","[109.1, 41]","[336.07, 27]","[511.4, 30]",232.18,130,207.79,0.12
07:45:21,"[130.8, 30]","[129.0, 20]","[189.3, 10]","[518.0, 20]",160.05,80,58.5,0.25
07:45:22,"[133.72, 61]","[131.57, 42]","[187.29, 14]","[240.7, 40]",160.5,157,53.56,0.31
07:45:23,"[135.0, 69]","[129.68, 31]","[186.25, 12]","[326.5, 32]",160.62,144,51.25,0.39
07:45:24,"[136.25, 24]","[135.0, 32]","[184.17, 12]","[390.0, 48]",160.21,116,47.92,-0.03
07:45:25,"[135.62, 26]","[132.0, 30]","[182.7, 10]","[186.0, 20]",159.16,86,47.08,0.3
07:45:26,"[135.0, 24]","[130.0, 33]","[181.55, 11]","[214.0, 22]",158.27,90,46.55,0.27
07:45:27,"[135.0, 34]","[132.0, 153]","[179.95, 20]","[274.13, 31]",157.47,238,44.95,0.57
07:45:28,"[134.14, 28]","[131.94, 93]","[179.22, 18]","[249.47, 15]",156.68,154,45.08,0.57
07:45:29,"[134.26, 113]","[132.23, 105]","[179.0, 34]","[180.0, 17]",156.63,269,44.74,0.62
07:45:30,"[137.0, 66]","[136.0, 44]","[179.0, 22]","[180.0, 11]",158.0,143,42.0,0.54
07:45:31,"[137.0, 60]","[136.0, 40]","[171.4, 20]","[179.67, 12]",154.2,132,34.4,0.52
07:45:32,"[136.6, 50]","[135.4, 50]","[177.1, 20]","[180.0, 10]",156.85,130,40.5,0.54
07:45:33,"[136.0, 40]","[135.0, 60]","[175.0, 16]","[177.14, 14]",155.5,130,39.0,0.54
07:45:34,"[136.0, 52]","[135.0, 78]","[173.62, 16]","[174.87, 23]",154.81,169,37.62,0.54
07:45:35,"[136.0, 36]","[135.0, 84]","[171.84, 25]","[172.48, 23]",153.92,168,35.84,0.43
07:45:36,"[136.0, 22]","[135.0, 66]","[149.08, 24]","[169.82, 17]",142.54,129,13.08,0.36
07:45:37,"[135.18, 44]","[132.63, 114]","[138.13, 31]","[145.0, 25]",136.66,214,2.95,0.48
07:45:38,"[135.85, 40]","[132.22, 97]","[137.71, 34]","[148.78, 23]",136.78,194,1.86,0.41
07:45:39,"[136.0, 8]","[135.0, 8]","[137.0, 16]","[225.19, 21]",136.5,53,1.0,-0.4
07:45:40,"[132.79, 33]","[132.02, 122]","[137.0, 24]","[390.57, 28]",134.89,207,4.21,0.5
07:45:41,"[132.54, 56]","[131.81, 129]","[416.88, 50]","[568.33, 39]",274.71,274,284.34,0.35
07:45:42,"[132.0, 66]","[131.0, 77]","[402.0, 18]","[427.09, 23]",267.0,184,270.0,0.55
07:45:43,"[132.21, 76]","[131.07, 90]","[352.7, 23]","[374.54, 26]",242.45,215,220.49,0.54
07:45:44,"[136.0, 62]","[132.0, 102]","[208.53, 30]","[275.59, 34]",172.27,228,72.53,0.44
07:45:45,"[136.0, 36]","[131.27, 37]","[195.0, 21]","[196.25, 24]",165.5,118,59.0,0.24
07:45:46,"[136.0, 30]","[132.0, 50]","[191.75, 16]","[192.88, 17]",163.88,113,55.75,0.42
07:45:47,"[136.0, 30]","[132.0, 50]","[189.91, 32]","[190.69, 26]",162.95,138,53.91,0.16
07:45:48,"[134.33, 36]","[131.95, 44]","[186.83, 60]","[211.17, 24]",160.58,164,52.5,-0.02
07:45:49,"[132.23, 39]","[131.17, 36]","[182.49, 57]","[194.51, 55]",157.36,187,50.26,-0.2
07:45:50,"[134.47, 60]","[132.75, 48]","[155.67, 51]","[158.33, 54]",145.07,213,21.2,0.01
07:45:51,"[136.2, 30]","[134.2, 40]","[145.52, 31]","[146.57, 28]",140.86,129,9.32,0.09
07:45:52,"[136.44, 41]","[133.5, 24]","[143.67, 45]","[146.0, 36]",140.05,146,7.23,-0.11
07:45:53,"[136.0, 39]","[134.79, 38]","[141.31, 52]","[142.61, 61]",138.65,190,5.31,-0.19
07:45:54,"[135.7, 20]","[134.65, 46]","[138.48, 66]","[140.0, 77]",137.09,209,2.78,-0.37
07:45:55,"[131.36, 33]","[129.71, 48]","[135.5, 64]","[137.68, 62]",133.43,207,4.14,-0.22
07:45:56,"[131.0, 26]","[130.0, 26]","[133.49, 51]","[134.46, 52]",132.25,155,2.49,-0.33
07:45:57,"[129.71, 48]","[129.04, 27]","[131.75, 32]","[319.77, 39]",130.73,146,2.04,0.03
07:45:58,"[130.6, 47]","[129.0, 36]","[239.93, 15]","[414.55, 22]",185.26,120,109.34,0.38
07:45:59,"[131.0, 48]","[129.0, 48]","[375.61, 31]","[512.79, 29]",253.31,156,244.61,0.23
07:46:00,"[132.12, 32]","[130.09, 44]","[332.73, 22]","[349.92, 26]",232.43,124,200.6,0.23
07:46:01,"[129.53, 34]","[127.73, 22]","[214.11, 18]","[246.89, 18]",171.82,92,84.58,0.22
07:46:02,"[130.56, 9]","[85.73, 22]","[165.43, 14]","[281.71, 14]",147.99,59,34.87,0.05
07:46:03,"[135.0, 12]","[127.0, 6]","[164.67, 12]","[313.46, 13]",149.83,43,29.67,-0.16
07:46:04,"[107.04, 25]","[75.76, 34]","[140.0, 13]","[177.87, 23]",123.52,95,32.96,0.24
07:46:05,"[85.43, 14]","[25.0, 36]","[252.21, 24]","[320.86, 29]",168.82,103,166.78,-0.03
07:46:06,"[85.43, 7]","[61.0, 7]","[231.5, 12]","[258.35, 17]",158.46,43,146.07,-0.35
07:46:07,"[57.25, 8]","[47.0, 8]","[199.75, 16]","[242.55, 22]",128.5,54,142.5,-0.41
07:46:08,"[101.11, 9]","[47.0, 9]","[198.11, 18]","[218.0, 27]",149.61,63,97.0,-0.43
07:46:09,"[64.0, 7]","[47.0, 7]","[125.0, 7]","[187.86, 14]",94.5,35,61.0,-0.2
07:46:10,"[84.4, 5]","[47.0, 5]","[124.11, 9]","[126.0, 6]",104.26,25,39.71,-0.2
07:46:11,"[77.24, 17]","[59.89, 9]","[132.33, 18]","[313.68, 19]",104.78,63,55.1,-0.17
07:46:12,"[130.16, 50]","[118.1, 20]","[139.0, 16]","[551.76, 21]",134.58,107,8.84,0.31
07:46:13,"[131.0, 42]","[130.0, 18]","[139.0, 12]","[397.0, 12]",135.0,84,8.0,0.43
07:46:14,"[133.35, 68]","[130.74, 47]","[188.56, 18]","[377.56, 18]",160.95,151,55.2,0.52
07:46:15,"[135.0, 32]","[131.0, 28]","[356.75, 8]","[432.86, 7]",245.88,75,221.75,0.6
07:46:16,"[135.1, 62]","[132.32, 73]","[244.93, 27]","[356.83, 24]",190.01,186,109.83,0.45
07:46:17,"[136.0, 11]","[135.0, 56]","[248.08, 13]","[432.15, 26]",192.04,106,112.08,0.26
07:46:18,"[136.18, 22]","[134.11, 27]","[274.29, 14]","[423.0, 10]",205.23,73,138.1,0.34
07:46:19,"[135.0, 32]","[131.12, 16]","[401.86, 7]","[419.0, 5]",268.43,60,266.86,0.6
07:46:20,"[135.17, 48]","[134.48, 29]","[355.5, 8]","[438.0, 32]",245.33,117,220.33,0.32
07:46:21,"[137.88, 16]","[135.89, 18]","[166.07, 30]","[381.07, 15]",151.97,79,28.19,-0.14
07:46:22,"[139.0, 24]","[137.0, 12]","[293.0, 42]","[489.13, 23]",216.0,101,154.0,-0.29
07:46:23,"[139.0, 12]","[137.0, 6]","[270.37, 19]","[352.0, 14]",204.68,51,131.37,-0.29
07:46:24,"[139.0, 22]","[137.0, 11]","[280.11, 36]","[283.91, 33]",209.56,102,141.11,-0.35
07:46:25,"[139.0, 20]","[137.0, 10]","[230.61, 23]","[271.44, 27]",184.8,80,91.61,-0.25
07:46:26,"[139.0, 24]","[137.0, 42]","[228.92, 36]","[283.0, 34]",183.96,136,89.92,-0.03
07:46:27,"[139.0, 28]","[137.0, 56]","[226.43, 42]","[231.6, 30]",182.71,156,87.43,0.08
07:46:28,"[138.0, 48]","[136.62, 78]","[220.5, 44]","[224.89, 54]",179.25,224,82.5,0.12
07:46:29,"[137.0, 60]","[136.0, 120]","[174.35, 43]","[179.82, 33]",155.67,256,37.35,0.41
07:46:30,"[137.0, 40]","[136.0, 80]","[170.83, 36]","[171.68, 40]",153.92,196,33.83,0.22
07:46:31,"[137.0, 32]","[136.0, 64]","[164.73, 22]","[170.83, 36]",150.86,154,27.73,0.25
07:46:32,"[137.0, 56]","[136.0, 112]","[139.51, 43]","[144.72, 58]",138.26,269,2.51,0.25
07:46:33,"[136.5, 48]","[134.71, 84]","[137.93, 29]","[139.86, 43]",137.22,204,1.43,0.29
07:46:34,"[136.0, 44]","[133.0, 156]","[137.81, 37]","[157.03, 29]",136.91,266,1.81,0.5
07:46:35,"[134.18, 33]","[133.5, 48]","[137.86, 28]","[226.5, 28]",136.02,137,3.68,0.18
07:46:36,"[133.0, 110]","[132.0, 60]","[390.83, 35]","[521.64, 33]",261.91,238,257.83,0.43
07:46:37,"[133.0, 121]","[132.0, 66]","[505.28, 39]","[702.91, 44]",319.14,270,372.28,0.39
07:46:38,"[133.0, 139]","[132.0, 85]","[398.2, 40]","[546.19, 48]",265.6,312,265.2,0.44
07:46:39,"[133.0, 90]","[132.0, 63]","[273.81, 31]","[356.73, 33]",203.4,217,140.81,0.41
07:46:40,"[133.0, 80]","[132.0, 63]","[348.0, 38]","[433.55, 31]",240.5,212,215.0,0.35
07:46:41,"[133.6, 30]","[132.19, 78]","[288.51, 47]","[404.96, 50]",211.06,205,154.91,0.05
07:46:42,"[133.0, 27]","[132.0, 105]","[209.78, 63]","[212.18, 67]",171.39,262,76.78,0.01
07:46:43,"[132.0, 54]","[131.0, 39]","[208.31, 51]","[210.98, 53]",170.16,197,76.31,-0.06
07:46:44,"[132.0, 36]","[131.0, 27]","[205.03, 39]","[206.09, 33]",168.51,135,73.03,-0.07
07:46:45,"[131.5, 40]","[130.16, 95]","[202.0, 75]","[203.0, 45]",166.75,255,70.5,0.06
07:46:46,"[132.17, 23]","[130.24, 74]","[201.06, 80]","[203.0, 48]",166.62,225,68.89,-0.14
07:46:47,"[130.05, 42]","[129.33, 24]","[177.95, 37]","[201.29, 35]",154.0,138,47.9,-0.04
07:46:48,"[130.0, 42]","[129.0, 14]","[186.84, 31]","[201.8, 25]",158.42,112,56.84,0.0
07:46:49,"[131.15, 59]","[129.92, 48]","[196.97, 68]","[199.14, 44]",164.06,219,65.82,-0.02
07:46:50,"[136.05, 43]","[130.21, 87]","[195.77, 71]","[197.41, 49]",165.91,250,59.73,0.04
07:46:51,"[136.0, 24]","[130.0, 48]","[193.0, 24]","[194.0, 40]",164.5,136,57.0,0.06
07:46:52,"[136.0, 33]","[130.0, 66]","[143.7, 30]","[174.15, 20]",139.85,149,7.7,0.33
07:46:53,"[136.0, 38]","[130.0, 84]","[138.37, 38]","[165.5, 48]",137.18,208,2.37,0.17
07:46:54,"[132.69, 32]","[130.22, 46]","[141.32, 37]","[167.47, 34]",137.01,149,8.64,0.05
07:46:55,"[132.0, 66]","[130.0, 54]","[428.12, 34]","[470.89, 27]",280.06,181,296.12,0.33
07:46:56,"[132.07, 61]","[130.18, 66]","[300.09, 44]","[417.14, 42]",216.08,213,168.03,0.19
07:46:57,"[132.8, 15]","[130.67, 54]","[297.33, 36]","[320.78, 36]",215.07,141,164.53,-0.02
07:46:58,"[132.0, 16]","[130.0, 48]","[294.75, 32]","[298.0, 32]",213.38,128,162.75,0.0
07:46:59,"[132.0, 20]","[130.0, 60]","[277.11, 36]","[280.76, 41]",204.56,157,145.11,0.02
07:47:00,"[132.0, 18]","[130.0, 54]","[147.21, 33]","[161.77, 26]",139.61,131,15.21,0.1
07:47:01,"[135.0, 20]","[131.6, 20]","[144.69, 55]","[145.49, 51]",139.85,146,9.69,-0.45
07:47:02,"[137.96, 45]","[136.71, 34]","[142.18, 71]","[143.71, 82]",140.07,232,4.23,-0.32
07:47:03,"[125.36, 14]","[119.0, 17]","[139.67, 45]","[140.6, 43]",132.51,119,14.31,-0.48
07:47:04,"[108.18, 11]","[94.69, 13]","[137.78, 45]","[139.22, 45]",122.98,114,29.6,-0.58
07:47:05,"[124.12, 16]","[68.27, 11]","[135.32, 41]","[136.56, 45]",129.72,113,11.19,-0.52
07:47:06,"[102.89, 9]","[33.33, 12]","[123.0, 35]","[131.5, 20]",112.94,76,20.11,-0.45
07:47:07,"[101.0, 8]","[73.79, 14]","[122.57, 35]","[123.3, 54]",111.79,111,21.57,-0.6
07:47:08,"[104.43, 7]","[54.38, 13]","[123.0, 40]","[124.0, 15]",113.71,75,18.57,-0.47
07:47:09,"[106.25, 8]","[43.81, 16]","[123.16, 38]","[124.75, 16]",114.7,78,16.91,-0.38
07:47:10,"[99.25, 12]","[46.25, 12]","[126.31, 13]","[195.17, 12]",112.78,49,27.06,-0.02
07:47:11,"[105.17, 18]","[101.89, 18]","[127.0, 12]","[162.0, 12]",116.08,60,21.83,0.2
07:47:12,"[103.59, 17]","[102.96, 23]","[126.35, 23]","[345.08, 26]",114.97,89,22.76,-0.1
07:47:13,"[107.55, 29]","[105.93, 43]","[125.56, 45]","[127.0, 18]",116.55,135,18.0,0.07
07:47:14,"[109.28, 36]","[107.75, 40]","[122.42, 36]","[124.14, 42]",115.85,154,13.14,-0.01
07:47:15,"[113.71, 34]","[112.75, 32]","[121.0, 50]","[122.0, 30]",117.35,146,7.29,-0.1
07:47:16,"[116.9, 10]","[116.28, 18]","[121.0, 20]","[122.0, 12]",118.95,60,4.1,-0.07
07:47:17,"[119.11, 18]","[117.17, 18]","[141.0, 25]","[191.08, 24]",130.06,85,21.89,-0.15
07:47:18,"[122.27, 30]","[121.9, 30]","[126.0, 30]","[129.0, 16]",124.13,106,3.73,0.13
07:47:19,"[125.33, 45]","[83.87, 60]","[173.78, 41]","[259.63, 63]",149.56,209,48.45,0.0
07:47:20,"[136.5, 58]","[132.77, 79]","[318.67, 72]","[448.6, 75]",227.58,284,182.17,-0.04
07:47:21,"[138.64, 44]","[136.0, 66]","[142.06, 47]","[338.91, 55]",140.35,212,3.43,0.04
07:47:22,"[136.16, 76]","[132.57, 42]","[139.0, 13]","[401.72, 29]",137.58,160,2.84,0.47
07:47:23,"[136.0, 53]","[132.0, 33]","[261.1, 31]","[317.79, 39]",198.55,156,125.1,0.1
07:47:24,"[129.0, 27]","[87.14, 28]","[351.18, 17]","[365.14, 42]",240.09,114,222.18,-0.04
07:47:25,"[81.12, 24]","[61.0, 30]","[228.29, 14]","[362.07, 29]",154.71,97,147.16,0.11
07:47:26,"[76.88, 48]","[64.3, 40]","[126.0, 32]","[158.68, 19]",101.44,139,49.12,0.27
07:47:27,"[108.0, 50]","[90.0, 18]","[126.5, 16]","[134.88, 16]",117.25,100,18.5,0.36
07:47:28,"[108.0, 70]","[62.0, 21]","[127.25, 12]","[153.93, 15]",117.62,118,19.25,0.54
07:47:29,"[109.56, 45]","[97.78, 90]","[130.5, 16]","[140.85, 13]",120.03,164,20.94,0.65
07:47:30,"[131.33, 90]","[69.52, 48]","[180.0, 20]","[241.32, 34]",155.67,192,48.67,0.44
07:47:31,"[134.73, 55]","[133.66, 58]","[262.73, 22]","[382.5, 40]",198.73,175,128.0,0.29
07:47:32,"[136.6, 50]","[133.56, 36]","[365.2, 50]","[476.48, 46]",250.9,182,228.6,-0.05
07:47:33,"[136.78, 37]","[132.82, 17]","[583.5, 26]","[664.71, 38]",360.14,118,446.72,-0.08
07:47:34,"[133.0, 20]","[132.0, 30]","[319.62, 21]","[552.14, 28]",226.31,99,186.62,0.01
07:47:35,"[135.25, 8]","[132.77, 13]","[308.89, 18]","[360.67, 12]",222.07,51,173.64,-0.18
07:47:36,"[136.0, 15]","[133.0, 12]","[294.27, 15]","[320.33, 12]",215.13,54,158.27,0.0
07:47:37,"[137.0, 63]","[136.0, 24]","[304.75, 16]","[318.5, 16]",220.88,119,167.75,0.46
07:47:38,"[136.22, 27]","[133.9, 20]","[293.89, 18]","[326.22, 18]",215.06,83,157.67,0.13
07:47:39,"[136.92, 36]","[135.83, 35]","[192.89, 45]","[307.83, 24]",164.9,140,55.97,0.01
07:47:40,"[137.0, 27]","[136.0, 27]","[246.58, 24]","[345.11, 18]",191.79,96,109.58,0.12
07:47:41,"[136.48, 23]","[134.96, 23]","[300.78, 18]","[357.56, 18]",218.63,82,164.3,0.12
07:47:42,"[136.0, 15]","[133.0, 10]","[266.6, 10]","[300.0, 10]",201.3,45,130.6,0.11
07:47:43,"[134.93, 28]","[132.32, 37]","[198.07, 30]","[245.36, 22]",166.5,117,63.14,0.11
07:47:44,"[134.33, 9]","[132.07, 27]","[171.3, 20]","[205.76, 17]",152.82,73,36.97,-0.01
07:47:45,"[136.0, 18]","[133.0, 9]","[164.91, 23]","[168.55, 22]",150.46,72,28.91,-0.25
07:47:46,"[135.33, 21]","[132.36, 25]","[141.12, 40]","[148.69, 16]",138.23,102,5.79,-0.1
07:47:47,"[134.36, 11]","[133.0, 11]","[138.91, 44]","[140.17, 35]",136.64,101,4.55,-0.56
07:47:48,"[132.8, 10]","[131.81, 27]","[137.75, 32]","[140.07, 29]",135.28,98,4.95,-0.24
07:47:49,"[134.62, 16]","[133.24, 34]","[139.0, 39]","[149.16, 19]",136.81,108,4.38,-0.07
07:47:50,"[132.55, 11]","[131.14, 14]","[136.4, 5]","[201.0, 5]",134.47,35,3.85,0.43
07:47:51,"[132.0, 14]","[131.0, 21]","[144.82, 17]","[205.73, 11]",138.41,63,12.82,0.11
07:47:52,"[134.5, 12]","[131.4, 15]","[140.0, 18]","[188.0, 6]",137.25,51,5.5,0.06
07:47:53,"[137.0, 26]","[132.0, 26]","[139.38, 39]","[149.93, 29]",138.19,120,2.38,-0.13
07:47:54,"[133.0, 20]","[131.33, 12]","[140.55, 20]","[143.25, 24]",136.78,76,7.55,-0.16
07:47:55,"[133.89, 19]","[131.55, 11]","[141.0, 8]","[171.65, 23]",137.45,61,7.11,-0.02
07:47:56,"[136.0, 36]","[131.68, 19]","[138.35, 26]","[341.76, 17]",137.17,98,2.35,0.12
07:47:57,"[136.0, 27]","[132.0, 27]","[137.0, 27]","[140.0, 9]",136.5,90,1.0,0.2
07:47:58,"[135.59, 29]","[133.38, 39]","[160.38, 29]","[298.71, 21]",147.98,118,24.79,0.15
07:47:59,"[132.71, 24]","[131.47, 17]","[178.77, 22]","[287.75, 20]",155.74,83,46.06,-0.01
07:48:00,"[131.0, 12]","[129.08, 12]","[150.33, 12]","[151.33, 12]",140.67,48,19.33,0.0
07:48:01,"[119.22, 9]","[95.94, 17]","[143.0, 10]","[149.75, 8]",131.11,44,23.78,0.18
07:48:02,"[90.5, 22]","[70.55, 22]","[133.19, 16]","[140.29, 14]",111.84,74,42.69,0.19
07:48:03,"[128.85, 207]","[118.38, 42]","[185.46, 28]","[194.83, 46]",157.15,323,56.62,0.54
07:48:04,"[129.0, 64]","[115.85, 26]","[419.75, 24]","[526.29, 14]",274.38,128,290.75,0.41
07:48:05,"[130.05, 77]","[128.53, 72]","[292.7, 43]","[445.73, 30]",211.37,222,162.65,0.34
07:48:06,"[133.12, 74]","[132.0, 51]","[186.44, 27]","[304.24, 29]",159.78,181,53.32,0.38
07:48:07,"[134.02, 54]","[132.25, 24]","[158.0, 27]","[463.23, 26]",146.01,131,23.98,0.19
07:48:08,"[135.92, 65]","[134.89, 53]","[416.58, 31]","[552.76, 29]",276.25,178,280.66,0.33
07:48:09,"[136.0, 78]","[134.8, 61]","[277.17, 47]","[349.55, 33]",206.59,219,141.17,0.27
07:48:10,"[137.26, 38]","[136.39, 59]","[219.71, 42]","[290.47, 38]",178.49,177,82.45,0.1
07:48:11,"[138.0, 24]","[137.0, 48]","[188.96, 46]","[328.61, 33]",163.48,151,50.96,-0.05
07:48:12,"[137.11, 36]","[136.14, 56]","[190.36, 39]","[267.93, 28]",163.74,159,53.25,0.16
07:48:13,"[136.86, 42]","[135.57, 63]","[192.4, 40]","[326.4, 20]",164.63,165,55.54,0.27
07:48:14,"[136.0, 30]","[133.0, 45]","[191.2, 20]","[197.0, 10]",163.6,105,55.2,0.43
07:48:15,"[136.0, 54]","[133.0, 81]","[191.0, 36]","[225.0, 18]",163.5,189,55.0,0.43
07:48:16,"[136.0, 40]","[133.0, 90]","[190.3, 40]","[234.48, 21]",163.15,191,54.3,0.36
07:48:17,"[133.56, 43]","[132.57, 46]","[190.0, 36]","[351.78, 27]",161.78,152,56.44,0.17
07:48:18,"[135.25, 28]","[132.92, 51]","[189.85, 33]","[321.83, 24]",162.55,136,54.6,0.16
07:48:19,"[134.0, 45]","[132.56, 45]","[188.35, 43]","[189.26, 47]",161.17,180,54.35,0.0
07:48:20,"[133.0, 84]","[131.0, 28]","[187.02, 56]","[188.16, 64]",160.01,232,54.02,-0.03
07:48:21,"[133.0, 66]","[131.0, 22]","[180.22, 45]","[181.49, 45]",156.61,178,47.22,-0.01
07:48:22,"[133.0, 84]","[131.95, 76]","[176.79, 56]","[178.0, 56]",154.89,272,43.79,0.18
07:48:23,"[136.0, 72]","[133.08, 37]","[171.79, 48]","[173.8, 46]",153.9,203,35.79,0.07
07:48:24,"[137.0, 47]","[136.0, 16]","[147.83, 70]","[162.15, 68]",142.41,201,10.83,-0.37
07:48:25,"[134.28, 29]","[132.91, 64]","[138.05, 55]","[138.94, 63]",136.17,211,3.78,-0.12
07:48:26,"[133.0, 52]","[132.0, 54]","[137.38, 26]","[138.41, 34]",135.19,166,4.38,0.28
07:48:27,"[133.0, 38]","[132.0, 72]","[134.8, 30]","[138.13, 30]",133.9,170,1.8,0.29
07:48:28,"[133.0, 30]","[132.0, 90]","[135.58, 19]","[138.8, 59]",134.29,198,2.58,0.21
07:48:29,"[132.4, 40]","[131.75, 48]","[134.78, 18]","[135.47, 15]",133.59,121,2.38,0.45
07:48:30,"[131.9, 48]","[130.9, 29]","[133.0, 30]","[134.75, 16]",132.45,123,1.1,0.25
07:48:31,"[131.79, 131]","[130.9, 61]","[134.78, 27]","[298.73, 52]",133.29,271,2.98,0.42
07:48:32,"[133.07, 123]","[132.07, 97]","[134.46, 26]","[429.64, 25]",133.76,271,1.4,0.62
07:48:33,"[133.0, 118]","[131.0, 60]","[146.77, 26]","[304.54, 24]",139.88,228,13.77,0.56
07:48:34,"[134.6, 90]","[131.0, 50]","[138.0, 40]","[385.6, 10]",136.3,190,3.4,0.47
07:48:35,"[135.0, 81]","[131.33, 45]","[289.0, 12]","[536.92, 25]",212.0,163,154.0,0.55
07:48:36,"[135.78, 146]","[132.0, 65]","[295.0, 22]","[532.82, 33]",215.39,266,159.22,0.59
07:48:37,"[136.0, 126]","[132.0, 45]","[379.64, 25]","[457.26, 27]",257.82,223,243.64,0.53
07:48:38,"[136.13, 106]","[134.05, 82]","[197.53, 47]","[282.74, 34]",166.83,269,61.4,0.4
07:48:39,"[137.0, 24]","[136.0, 72]","[255.97, 40]","[298.25, 36]",196.49,172,118.97,0.12
07:48:40,"[137.0, 22]","[136.0, 93]","[277.3, 27]","[277.51, 47]",207.15,189,140.3,0.22
07:48:41,"[137.0, 66]","[136.0, 165]","[241.74, 31]","[274.74, 23]",189.37,285,104.74,0.62
07:48:42,"[137.0, 54]","[136.0, 135]","[237.0, 41]","[252.0, 13]",187.0,243,100.0,0.56
07:48:43,"[136.62, 64]","[135.96, 152]","[222.7, 50]","[231.97, 34]",179.66,300,86.07,0.44
07:48:44,"[136.18, 132]","[135.67, 81]","[195.97, 31]","[203.8, 51]",166.07,295,59.79,0.44
07:48:45,"[137.0, 52]","[136.0, 156]","[189.96, 57]","[190.52, 21]",163.48,286,52.96,0.45
07:48:46,"[137.0, 28]","[136.0, 30]","[188.21, 19]","[189.87, 23]",162.61,100,51.21,0.16
07:48:47,"[137.0, 56]","[136.0, 66]","[186.26, 34]","[187.9, 50]",161.63,206,49.26,0.18
07:48:48,"[137.0, 44]","[136.0, 55]","[168.38, 21]","[161.13, 31]",152.69,151,31.38,0.31
