Time,Bid1,Bid2,Ask1,Ask2,Mid-Price,Total_volume,Bid_ask_spread,Order_imbalance
07:30:00,"[0, 0]","[0, 0]","[0, 0]","[0, 0]",0.0,0,0.0,0.0
07:30:02,"[161.0, 4]","[0, 0]","[183.33, 12]","[192.0, 8]",172.17,24,22.33,-0.67
07:30:04,"[161.0, 8]","[0, 0]","[178.0, 10]","[185.5, 8]",169.5,26,17.0,-0.38
07:30:05,"[161.0, 16]","[0, 0]","[175.11, 9]","[177.32, 19]",168.06,44,14.11,-0.27
07:30:06,"[161.0, 16]","[0, 0]","[172.07, 14]","[174.14, 14]",166.54,44,11.07,-0.27
07:30:07,"[161.0, 14]","[0, 0]","[170.5, 18]","[172.06, 17]",165.75,49,9.5,-0.43
07:30:08,"[161.0, 12]","[124.0, 9]","[166.0, 11]","[166.68, 19]",163.5,51,5.0,-0.18
07:30:09,"[162.0, 7]","[161.0, 14]","[164.14, 7]","[166.0, 21]",163.07,49,2.14,-0.14
07:30:10,"[161.15, 13]","[156.5, 8]","[165.42, 19]","[171.19, 27]",163.29,67,4.27,-0.37
07:30:11,"[161.0, 10]","[155.0, 5]","[165.0, 15]","[169.6, 20]",163.0,50,4.0,-0.4
07:30:12,"[134.75, 64]","[123.8, 20]","[166.59, 39]","[172.75, 48]",150.67,171,31.84,-0.02
07:30:13,"[127.25, 64]","[120.89, 57]","[153.67, 18]","[156.93, 41]",140.46,180,26.42,0.34
07:30:14,"[146.0, 6]","[134.17, 18]","[153.91, 22]","[158.17, 24]",149.95,70,7.91,-0.31
07:30:15,"[147.26, 19]","[140.04, 25]","[151.53, 38]","[153.85, 66]",149.39,148,4.26,-0.41
07:30:16,"[148.83, 6]","[144.0, 6]","[152.5, 8]","[155.4, 20]",150.67,40,3.67,-0.4
07:30:17,"[150.4, 10]","[145.2, 5]","[154.0, 5]","[156.0, 20]",152.2,40,3.6,-0.25
07:30:18,"[152.18, 34]","[151.03, 29]","[154.0, 9]","[156.0, 36]",153.09,108,1.82,0.17
07:30:19,"[153.0, 58]","[146.11, 19]","[155.17, 29]","[156.91, 44]",154.09,150,2.17,0.03
07:30:20,"[149.36, 22]","[144.47, 17]","[154.0, 23]","[155.95, 42]",151.68,104,4.64,-0.25
07:30:21,"[146.55, 29]","[144.31, 29]","[154.0, 13]","[156.41, 34]",150.28,105,7.45,0.1
07:30:22,"[146.96, 46]","[143.78, 18]","[154.0, 12]","[157.61, 46]",150.48,122,7.04,0.05
07:30:23,"[151.0, 20]","[146.0, 16]","[158.16, 25]","[161.15, 26]",154.58,87,7.16,-0.17
07:30:24,"[154.79, 19]","[142.47, 17]","[159.4, 40]","[170.64, 33]",157.09,109,4.61,-0.34
07:30:25,"[144.03, 29]","[142.56, 54]","[157.11, 36]","[161.53, 30]",150.57,149,13.08,0.11
07:30:26,"[145.54, 50]","[144.65, 142]","[158.38, 42]","[163.47, 30]",151.96,264,12.84,0.45
07:30:27,"[146.0, 51]","[145.0, 168]","[154.14, 29]","[155.73, 33]",150.07,281,8.14,0.56
07:30:28,"[146.0, 54]","[145.0, 170]","[150.08, 25]","[151.19, 31]",148.04,280,4.08,0.6
07:30:29,"[146.0, 42]","[145.0, 140]","[148.57, 14]","[150.93, 27]",147.29,223,2.57,0.63
07:30:30,"[146.0, 24]","[145.0, 80]","[147.88, 8]","[151.0, 16]",146.94,128,1.88,0.62
07:30:31,"[146.22, 27]","[145.08, 76]","[154.81, 31]","[240.18, 34]",150.51,168,8.58,0.23
07:30:32,"[148.23, 39]","[145.73, 49]","[152.0, 56]","[153.0, 65]",150.12,209,3.77,-0.16
07:30:33,"[150.0, 33]","[145.0, 44]","[152.62, 16]","[258.81, 31]",151.31,124,2.62,0.24
07:30:34,"[149.13, 15]","[144.94, 17]","[270.14, 7]","[453.0, 12]",209.64,51,121.01,0.25
07:30:35,"[146.2, 20]","[145.0, 30]","[358.0, 20]","[484.94, 34]",252.1,104,211.8,-0.04
07:30:36,"[148.65, 43]","[147.29, 34]","[398.73, 22]","[481.0, 24]",273.69,123,250.08,0.25
07:30:37,"[150.8, 30]","[149.3, 80]","[356.45, 55]","[511.08, 50]",253.63,215,205.65,0.02
07:30:38,"[154.83, 46]","[153.84, 25]","[257.22, 27]","[414.0, 36]",206.02,134,102.4,0.06
07:30:39,"[158.27, 22]","[156.0, 22]","[355.0, 34]","[483.88, 43]",256.64,121,196.73,-0.27
07:30:40,"[155.23, 70]","[154.8, 10]","[214.5, 34]","[544.28, 25]",184.86,139,59.27,0.15
07:30:41,"[155.0, 55]","[154.0, 5]","[156.0, 25]","[346.89, 18]",155.5,103,1.0,0.17
07:30:42,"[155.0, 84]","[154.0, 6]","[156.0, 30]","[276.71, 21]",155.5,141,1.0,0.28
07:30:43,"[155.0, 72]","[154.0, 8]","[156.0, 40]","[223.0, 24]",155.5,144,1.0,0.11
07:30:44,"[155.0, 32]","[154.0, 4]","[181.12, 16]","[433.86, 14]",168.06,66,26.12,0.09
07:30:45,"[155.0, 56]","[154.0, 7]","[507.87, 23]","[595.0, 24]",331.43,110,352.87,0.15
07:30:46,"[155.0, 38]","[154.0, 7]","[406.27, 30]","[500.65, 23]",280.63,98,251.27,-0.08
07:30:47,"[158.5, 60]","[154.88, 40]","[272.38, 39]","[359.17, 35]",215.44,174,113.88,0.15
07:30:48,"[161.0, 55]","[156.04, 27]","[284.19, 27]","[289.06, 33]",222.59,142,123.19,0.15
07:30:49,"[161.85, 13]","[160.08, 13]","[225.95, 42]","[272.33, 36]",193.9,104,64.11,-0.5
07:30:50,"[163.0, 9]","[161.0, 9]","[195.33, 36]","[252.38, 32]",179.17,86,32.33,-0.58
07:30:51,"[163.0, 12]","[161.0, 12]","[196.83, 48]","[266.28, 47]",179.92,119,33.83,-0.6
07:30:52,"[161.5, 16]","[159.57, 28]","[191.75, 48]","[413.08, 25]",176.62,117,30.25,-0.25
07:30:53,"[160.0, 26]","[159.0, 65]","[189.23, 52]","[213.57, 46]",174.62,189,29.23,-0.04
07:30:54,"[160.0, 24]","[159.0, 60]","[177.08, 48]","[185.08, 48]",168.54,180,17.08,-0.07
07:30:55,"[159.36, 22]","[157.65, 62]","[170.91, 44]","[171.91, 44]",165.14,172,11.55,-0.02
07:30:56,"[159.0, 28]","[157.0, 84]","[167.29, 56]","[169.14, 56]",163.14,224,8.29,0.0
07:30:57,"[159.0, 16]","[157.0, 48]","[163.38, 32]","[164.5, 32]",161.19,128,4.38,0.0
07:30:58,"[157.65, 31]","[155.97, 62]","[160.22, 36]","[162.0, 36]",158.93,165,2.58,0.13
07:30:59,"[163.86, 21]","[156.38, 26]","[196.0, 28]","[310.55, 22]",179.93,97,32.14,-0.03
07:31:00,"[163.2, 40]","[156.06, 51]","[194.44, 27]","[197.78, 46]",178.82,164,31.24,0.11
07:31:01,"[164.11, 54]","[159.44, 32]","[187.85, 59]","[192.35, 51]",175.98,196,23.74,-0.12
07:31:02,"[159.0, 80]","[157.0, 30]","[186.23, 48]","[188.24, 42]",172.61,200,27.23,0.1
07:31:03,"[159.0, 56]","[157.0, 30]","[184.02, 46]","[186.18, 44]",171.51,176,25.02,-0.02
07:31:04,"[160.94, 134]","[158.62, 32]","[179.33, 61]","[181.42, 74]",170.13,301,18.39,0.1
07:31:05,"[161.0, 110]","[159.0, 22]","[175.33, 51]","[177.25, 48]",168.17,231,14.33,0.14
07:31:06,"[161.0, 98]","[159.0, 22]","[172.36, 55]","[176.0, 44]",166.68,219,11.36,0.1
07:31:07,"[161.0, 46]","[158.09, 22]","[172.0, 30]","[176.0, 24]",166.5,122,11.0,0.11
07:31:08,"[161.0, 112]","[158.0, 56]","[171.74, 34]","[173.23, 65]",166.37,267,10.74,0.26
07:31:09,"[161.0, 111]","[158.0, 60]","[167.11, 53]","[168.7, 57]",164.06,281,6.11,0.22
07:31:10,"[160.85, 54]","[157.0, 36]","[163.23, 65]","[227.25, 16]",162.04,171,2.38,0.05
07:31:11,"[157.73, 52]","[155.44, 54]","[162.0, 65]","[298.09, 23]",159.87,194,4.27,0.09
07:31:12,"[158.0, 60]","[157.0, 18]","[161.8, 44]","[279.04, 23]",159.9,145,3.8,0.08
07:31:13,"[158.67, 15]","[157.33, 15]","[160.63, 38]","[218.0, 30]",159.65,98,1.96,-0.39
07:31:14,"[158.0, 8]","[157.0, 16]","[160.0, 16]","[344.43, 21]",159.0,61,2.0,-0.21
07:31:15,"[157.33, 12]","[156.67, 12]","[160.0, 16]","[456.27, 22]",158.67,62,2.67,-0.23
07:31:16,"[155.8, 15]","[152.67, 9]","[159.83, 12]","[345.53, 17]",157.82,53,4.03,-0.09
07:31:17,"[95.15, 26]","[37.46, 26]","[158.1, 20]","[243.2, 15]",126.63,87,62.95,0.2
07:31:18,"[155.09, 33]","[152.71, 28]","[158.0, 24]","[159.0, 16]",156.55,101,2.91,0.21
07:31:19,"[155.08, 26]","[152.2, 20]","[156.36, 14]","[157.75, 12]",155.72,72,1.28,0.28
07:31:20,"[150.33, 18]","[135.25, 32]","[156.33, 18]","[280.67, 18]",153.33,86,6.0,0.16
07:31:21,"[150.17, 12]","[112.05, 20]","[193.82, 11]","[526.17, 18]",171.99,61,43.65,0.05
07:31:22,"[161.0, 5]","[148.0, 10]","[206.2, 10]","[683.0, 15]",183.6,40,45.2,-0.25
07:31:23,"[162.25, 20]","[152.56, 59]","[249.75, 32]","[269.67, 36]",206.0,147,87.5,0.07
07:31:24,"[165.84, 77]","[161.9, 40]","[236.63, 35]","[297.72, 36]",201.24,188,70.78,0.24
07:31:25,"[162.0, 30]","[161.0, 10]","[172.0, 30]","[258.0, 20]",167.0,90,10.0,-0.11
07:31:26,"[162.0, 24]","[161.0, 8]","[171.18, 17]","[217.2, 20]",166.59,69,9.18,-0.07
07:31:27,"[162.0, 57]","[161.0, 15]","[170.53, 30]","[418.02, 47]",166.27,149,8.53,-0.03
07:31:28,"[161.4, 25]","[160.22, 9]","[168.89, 18]","[462.08, 26]",165.14,78,7.49,-0.13
07:31:29,"[160.6, 15]","[157.33, 27]","[167.3, 20]","[317.0, 20]",163.95,82,6.7,0.02
07:31:30,"[160.4, 40]","[156.36, 88]","[293.31, 26]","[417.93, 30]",226.85,184,132.91,0.39
07:31:31,"[159.29, 28]","[156.08, 150]","[309.04, 49]","[372.33, 24]",234.16,251,149.76,0.42
07:31:32,"[158.0, 14]","[156.0, 126]","[241.1, 21]","[269.13, 15]",199.55,176,83.1,0.59
07:31:33,"[157.1, 40]","[155.97, 200]","[217.62, 21]","[227.61, 36]",187.36,297,60.52,0.62
07:31:34,"[156.0, 216]","[153.0, 24]","[192.21, 33]","[193.13, 23]",174.11,296,36.21,0.62
07:31:35,"[156.0, 133]","[153.0, 22]","[157.0, 11]","[158.0, 11]",156.5,177,1.0,0.75
07:31:36,"[156.25, 57]","[155.41, 61]","[157.92, 13]","[174.62, 13]",157.08,144,1.68,0.64
07:31:37,"[156.46, 39]","[155.74, 69]","[162.33, 12]","[276.1, 20]",159.4,140,5.87,0.54
07:31:38,"[157.44, 16]","[155.91, 65]","[174.8, 10]","[326.0, 30]",166.12,121,17.36,0.34
07:31:39,"[160.0, 13]","[157.85, 91]","[170.76, 49]","[281.43, 23]",165.38,176,10.76,0.18
07:31:40,"[158.91, 22]","[157.84, 73]","[169.0, 65]","[173.0, 13]",163.95,173,10.09,0.1
07:31:41,"[158.0, 38]","[154.0, 11]","[168.3, 27]","[168.51, 39]",163.15,115,10.3,-0.15
07:31:42,"[158.0, 16]","[154.0, 8]","[166.03, 36]","[167.42, 12]",162.01,72,8.03,-0.33
07:31:43,"[158.0, 26]","[154.0, 13]","[164.26, 61]","[165.88, 17]",161.13,117,6.26,-0.33
07:31:44,"[158.0, 112]","[154.0, 14]","[160.67, 30]","[162.0, 54]",159.33,210,2.67,0.2
07:31:45,"[158.0, 72]","[154.0, 9]","[160.78, 9]","[218.0, 27]",159.39,117,2.78,0.38
07:31:46,"[158.0, 84]","[154.0, 11]","[159.57, 14]","[211.56, 27]",158.79,136,1.57,0.4
07:31:47,"[158.17, 12]","[156.29, 7]","[160.0, 5]","[403.0, 21]",159.08,45,1.83,-0.16
07:31:48,"[157.09, 11]","[149.64, 28]","[469.27, 41]","[500.35, 37]",313.18,117,312.18,-0.33
07:31:49,"[156.82, 11]","[149.59, 22]","[363.26, 47]","[527.92, 37]",260.04,117,206.44,-0.44
07:31:50,"[158.55, 20]","[156.0, 10]","[398.34, 32]","[520.74, 38]",278.45,100,239.79,-0.4
07:31:51,"[147.0, 25]","[107.6, 5]","[233.53, 19]","[537.33, 21]",190.26,70,86.53,-0.14
07:31:52,"[131.57, 35]","[82.86, 7]","[153.0, 49]","[437.14, 28]",142.29,119,21.43,-0.29
07:31:53,"[133.83, 12]","[97.75, 20]","[153.0, 56]","[306.43, 28]",143.42,116,19.17,-0.45
07:31:54,"[126.67, 6]","[103.0, 30]","[153.0, 42]","[291.33, 18]",139.83,96,26.33,-0.25
07:31:55,"[108.93, 15]","[46.29, 21]","[153.0, 35]","[249.0, 15]",130.97,86,44.07,-0.16
07:31:56,"[134.77, 78]","[48.39, 33]","[153.0, 77]","[403.81, 48]",143.88,236,18.23,-0.06
07:31:57,"[127.26, 57]","[67.74, 27]","[152.49, 69]","[153.12, 40]",139.88,193,25.23,-0.13
07:31:58,"[123.3, 43]","[81.17, 24]","[150.77, 39]","[152.27, 55]",137.04,161,27.47,-0.17
07:31:59,"[79.29, 14]","[62.88, 32]","[149.38, 24]","[151.25, 24]",114.33,94,70.09,-0.02
07:32:00,"[72.54, 93]","[72.6, 106]","[148.15, 61]","[149.83, 53]",110.34,313,75.61,0.27
07:32:01,"[137.0, 13]","[98.15, 91]","[147.0, 52]","[148.2, 74]",142.0,230,10.0,-0.1
07:32:02,"[139.66, 122]","[138.56, 32]","[146.08, 52]","[148.0, 65]",142.87,271,6.42,0.14
07:32:03,"[140.0, 60]","[139.0, 12]","[146.0, 18]","[148.0, 30]",143.0,120,6.0,0.2
07:32:04,"[143.79, 71]","[141.52, 112]","[147.78, 45]","[148.98, 49]",145.78,277,3.99,0.32
07:32:05,"[147.27, 102]","[145.42, 62]","[148.88, 41]","[150.44, 27]",148.08,232,1.6,0.41
07:32:06,"[145.96, 125]","[131.87, 108]","[151.07, 30]","[153.5, 46]",148.51,309,5.11,0.51
07:32:07,"[134.33, 99]","[112.71, 89]","[153.09, 47]","[154.67, 30]",143.71,265,18.75,0.42
07:32:08,"[135.14, 126]","[134.0, 84]","[151.92, 37]","[153.08, 36]",143.53,283,16.78,0.48
07:32:09,"[137.44, 96]","[135.91, 99]","[149.54, 26]","[153.0, 39]",143.49,260,12.1,0.5
07:32:10,"[139.35, 142]","[99.88, 94]","[150.58, 24]","[156.77, 52]",144.97,312,11.23,0.51
07:32:11,"[141.6, 120]","[140.0, 90]","[158.29, 21]","[189.14, 35]",149.94,266,16.69,0.58
07:32:12,"[142.72, 58]","[141.65, 68]","[161.75, 24]","[337.26, 23]",152.24,173,19.03,0.46
07:32:13,"[146.11, 92]","[144.14, 72]","[155.0, 10]","[277.89, 27]",150.55,201,8.89,0.63
07:32:14,"[148.7, 80]","[147.0, 60]","[153.77, 22]","[233.55, 20]",151.24,182,5.07,0.54
07:32:15,"[148.71, 73]","[147.67, 73]","[151.27, 33]","[153.55, 33]",149.99,212,2.56,0.38
07:32:16,"[150.98, 48]","[147.03, 71]","[152.92, 39]","[154.22, 27]",151.95,185,1.94,0.29
07:32:17,"[152.92, 26]","[133.44, 50]","[154.15, 13]","[205.46, 13]",153.54,102,1.23,0.49
07:32:18,"[153.79, 43]","[135.43, 46]","[307.54, 13]","[375.87, 23]",230.66,125,153.75,0.42
07:32:19,"[159.0, 45]","[123.71, 63]","[406.63, 41]","[516.88, 34]",282.82,183,247.63,0.18
07:32:20,"[160.66, 38]","[154.0, 30]","[241.5, 30]","[544.33, 30]",201.08,128,80.84,0.06
07:32:21,"[67.62, 65]","[46.26, 47]","[219.0, 21]","[516.0, 16]",143.31,149,151.38,0.5
07:32:22,"[112.43, 28]","[102.52, 92]","[337.36, 33]","[513.8, 30]",224.9,183,224.94,0.31
07:32:23,"[147.0, 33]","[138.67, 69]","[154.0, 27]","[303.55, 40]",150.5,169,7.0,0.21
07:32:24,"[147.08, 36]","[116.68, 96]","[206.68, 66]","[400.39, 46]",176.88,244,59.6,0.08
07:32:25,"[157.27, 119]","[135.0, 51]","[623.0, 37]","[725.45, 40]",390.13,247,465.73,0.38
07:32:26,"[158.0, 121]","[156.0, 33]","[324.33, 24]","[568.62, 26]",241.17,204,166.33,0.51
07:32:27,"[158.27, 41]","[157.81, 97]","[228.92, 26]","[250.36, 22]",193.6,186,70.65,0.48
07:32:28,"[157.69, 78]","[133.14, 42]","[204.5, 20]","[208.8, 20]",181.1,160,46.81,0.5
07:32:29,"[156.0, 12]","[116.0, 24]","[203.67, 9]","[465.82, 11]",179.83,56,47.67,0.29
07:32:30,"[156.0, 27]","[129.33, 54]","[201.4, 20]","[202.85, 26]",178.7,127,45.4,0.28
07:32:31,"[156.0, 27]","[155.0, 18]","[198.76, 33]","[199.5, 24]",177.38,102,42.76,-0.12
07:32:32,"[156.0, 24]","[155.0, 16]","[195.32, 25]","[195.95, 21]",175.66,86,39.32,-0.07
07:32:33,"[157.23, 31]","[155.43, 21]","[191.4, 40]","[193.5, 24]",174.31,116,34.17,-0.1
07:32:34,"[162.0, 90]","[158.0, 16]","[188.96, 53]","[190.08, 48]",175.48,207,26.96,0.02
07:32:35,"[162.0, 21]","[158.0, 9]","[183.94, 35]","[185.4, 20]",172.97,85,21.94,-0.29
07:32:36,"[161.05, 38]","[157.29, 17]","[180.69, 52]","[181.8, 49]",170.87,156,19.64,-0.29
07:32:37,"[156.0, 45]","[155.0, 30]","[176.75, 51]","[177.56, 41]",166.37,167,20.75,-0.1
07:32:38,"[164.0, 64]","[157.16, 19]","[172.09, 44]","[173.54, 35]",168.05,162,8.09,0.02
07:32:39,"[166.0, 121]","[164.59, 37]","[170.46, 52]","[171.85, 52]",168.23,262,4.46,0.21
07:32:40,"[166.0, 70]","[164.63, 41]","[167.53, 34]","[169.05, 38]",166.76,183,1.53,0.21
07:32:41,"[165.62, 21]","[161.96, 57]","[169.35, 46]","[172.4, 40]",167.48,164,3.73,-0.05
07:32:42,"[158.0, 36]","[156.0, 36]","[167.85, 39]","[169.33, 45]",162.92,156,9.85,-0.08
07:32:43,"[158.0, 39]","[156.0, 53]","[162.55, 47]","[164.82, 44]",160.28,183,4.55,0.01
07:32:44,"[156.58, 64]","[155.85, 82]","[159.45, 44]","[301.36, 33]",158.02,223,2.88,0.31
07:32:45,"[156.0, 56]","[155.0, 16]","[157.88, 40]","[159.0, 24]",156.94,136,1.88,0.06
07:32:46,"[156.0, 35]","[155.0, 16]","[157.0, 40]","[242.75, 24]",156.5,115,1.0,-0.11
07:32:47,"[155.77, 53]","[130.48, 29]","[157.0, 70]","[335.69, 36]",156.39,188,1.23,-0.13
07:32:48,"[156.0, 41]","[155.0, 18]","[217.42, 31]","[451.87, 15]",186.71,105,61.42,0.12
07:32:49,"[156.0, 20]","[155.0, 20]","[361.37, 19]","[642.75, 24]",258.68,83,205.37,-0.04
07:32:50,"[159.88, 34]","[156.77, 26]","[286.31, 26]","[455.55, 11]",223.1,97,126.43,0.24
07:32:51,"[166.0, 42]","[162.0, 42]","[404.43, 7]","[498.85, 20]",285.21,111,238.43,0.51
07:32:52,"[166.0, 70]","[162.0, 93]","[213.0, 12]","[509.3, 27]",189.5,202,47.0,0.61
07:32:53,"[166.0, 21]","[162.0, 30]","[213.0, 5]","[452.0, 20]",189.5,76,47.0,0.34
07:32:54,"[166.0, 18]","[162.0, 48]","[213.0, 8]","[452.0, 32]",189.5,106,47.0,0.25
07:32:55,"[162.0, 48]","[156.0, 16]","[217.0, 12]","[418.12, 25]",189.5,101,55.0,0.27
07:32:56,"[162.0, 32]","[157.75, 16]","[221.0, 24]","[421.86, 14]",191.5,86,59.0,0.12
07:32:57,"[162.45, 11]","[160.5, 16]","[251.0, 8]","[430.0, 24]",206.73,59,88.55,-0.08
07:32:58,"[163.0, 7]","[162.0, 14]","[251.0, 7]","[345.0, 21]",207.0,49,88.0,-0.14
07:32:59,"[156.93, 15]","[116.9, 78]","[340.4, 20]","[375.32, 28]",248.67,141,183.47,0.32
07:33:00,"[156.25, 12]","[155.05, 19]","[512.92, 36]","[569.06, 16]",334.58,83,356.67,-0.25
07:33:01,"[163.33, 30]","[160.31, 16]","[518.43, 14]","[535.23, 26]",340.88,86,355.1,0.07
07:33:02,"[165.0, 56]","[163.0, 24]","[185.78, 18]","[289.93, 14]",175.39,112,20.78,0.43
07:33:03,"[165.0, 49]","[163.0, 21]","[182.13, 23]","[185.08, 13]",173.57,106,17.13,0.32
07:33:04,"[165.0, 63]","[163.0, 27]","[181.0, 9]","[182.0, 45]",173.0,144,16.0,0.25
07:33:05,"[164.86, 84]","[162.76, 51]","[178.82, 51]","[179.54, 41]",171.84,227,13.97,0.19
07:33:06,"[163.0, 19]","[161.0, 21]","[178.0, 21]","[179.0, 21]",170.5,82,15.0,-0.02
07:33:07,"[161.5, 32]","[156.29, 92]","[174.18, 44]","[175.55, 40]",167.84,208,12.68,0.19
07:33:08,"[161.0, 25]","[160.0, 26]","[165.82, 45]","[166.96, 49]",163.41,145,4.82,-0.3
07:33:09,"[155.3, 111]","[152.37, 116]","[161.33, 55]","[162.46, 65]",158.31,347,6.03,0.31
07:33:10,"[155.27, 111]","[148.67, 116]","[158.8, 30]","[160.63, 49]",157.04,306,3.53,0.48
07:33:11,"[155.0, 125]","[130.26, 19]","[283.56, 27]","[452.81, 27]",219.28,198,128.56,0.45
07:33:12,"[158.36, 22]","[86.56, 18]","[636.27, 11]","[685.29, 31]",397.32,82,477.91,-0.02
07:33:13,"[161.0, 54]","[156.6, 30]","[508.2, 30]","[570.79, 33]",334.6,147,347.2,0.14
07:33:14,"[161.0, 37]","[157.0, 36]","[305.27, 22]","[329.82, 28]",233.14,123,144.27,0.19
07:33:15,"[161.0, 24]","[157.0, 24]","[242.8, 20]","[244.86, 14]",201.9,82,81.8,0.17
07:33:16,"[162.2, 60]","[158.6, 40]","[229.32, 38]","[242.67, 24]",195.76,162,67.12,0.23
07:33:17,"[162.07, 30]","[159.22, 36]","[222.06, 32]","[241.83, 24]",192.06,122,60.0,0.08
07:33:18,"[162.71, 14]","[160.0, 32]","[166.0, 16]","[239.71, 28]",164.36,90,3.29,0.02
07:33:19,"[161.0, 44]","[157.0, 44]","[165.21, 28]","[199.78, 23]",163.11,139,4.21,0.27
07:33:20,"[161.0, 32]","[158.59, 17]","[163.91, 22]","[191.45, 33]",162.45,104,2.91,-0.06
07:33:21,"[161.91, 33]","[160.77, 13]","[163.0, 26]","[315.35, 37]",162.45,109,1.09,-0.16
07:33:22,"[162.0, 42]","[161.0, 14]","[163.0, 28]","[257.3, 37]",162.5,121,1.0,-0.07
07:33:23,"[161.07, 14]","[159.82, 11]","[218.38, 26]","[283.94, 32]",189.73,83,57.31,-0.4
07:33:24,"[160.0, 5]","[159.0, 5]","[229.2, 10]","[403.0, 15]",194.6,35,69.2,-0.43
07:33:25,"[156.15, 26]","[116.45, 29]","[307.28, 29]","[486.43, 28]",231.71,112,151.12,-0.02
07:33:26,"[155.0, 20]","[113.0, 40]","[314.31, 32]","[511.97, 33]",234.66,125,159.31,-0.04
07:33:27,"[161.0, 8]","[138.2, 10]","[382.0, 20]","[622.4, 10]",271.5,48,221.0,-0.25
07:33:28,"[155.0, 18]","[113.0, 36]","[420.7, 37]","[759.64, 44]",287.85,135,265.7,-0.2
07:33:29,"[155.0, 24]","[105.22, 72]","[391.31, 51]","[445.63, 54]",273.16,201,236.31,-0.04
07:33:30,"[155.0, 28]","[119.13, 62]","[219.44, 34]","[230.24, 50]",187.22,174,64.44,0.03
07:33:31,"[138.56, 32]","[122.56, 63]","[156.76, 29]","[204.21, 39]",147.66,163,18.2,0.17
07:33:32,"[152.4, 40]","[119.17, 46]","[422.9, 60]","[590.06, 67]",287.65,213,270.5,-0.19
07:33:33,"[161.0, 42]","[132.29, 68]","[264.95, 42]","[376.67, 60]",212.98,212,103.95,0.04
07:33:34,"[161.0, 27]","[149.0, 18]","[219.89, 18]","[317.75, 40]",190.44,103,58.89,-0.13
07:33:35,"[161.0, 129]","[160.0, 22]","[217.64, 22]","[259.36, 44]",189.32,217,56.64,0.39
07:33:36,"[161.07, 82]","[160.8, 69]","[214.25, 24]","[246.0, 48]",187.66,223,53.18,0.35
07:33:37,"[162.25, 16]","[160.97, 79]","[211.0, 24]","[251.67, 24]",186.62,143,48.75,0.33
07:33:38,"[161.37, 43]","[160.92, 78]","[211.82, 22]","[271.0, 44]",186.6,187,50.45,0.29
07:33:39,"[161.0, 90]","[160.0, 20]","[194.46, 26]","[279.41, 37]",177.73,173,33.46,0.27
07:33:40,"[161.0, 81]","[160.0, 18]","[168.0, 50]","[210.5, 24]",164.5,173,7.0,0.14
07:33:41,"[160.36, 56]","[158.16, 38]","[167.71, 35]","[176.32, 31]",164.04,160,7.36,0.17
07:33:42,"[159.72, 25]","[158.51, 82]","[165.2, 25]","[166.5, 32]",162.46,164,5.48,0.3
07:33:43,"[159.27, 44]","[158.0, 60]","[162.79, 29]","[164.29, 35]",161.03,168,3.52,0.24
07:33:44,"[129.09, 34]","[85.31, 95]","[157.12, 25]","[180.94, 31]",143.1,185,28.03,0.39
07:33:45,"[39.92, 104]","[33.24, 83]","[159.0, 28]","[376.93, 29]",99.46,244,119.08,0.53
07:33:46,"[60.44, 77]","[34.25, 85]","[149.0, 55]","[156.91, 23]",104.72,240,88.56,0.35
07:33:47,"[96.94, 70]","[90.03, 72]","[149.0, 60]","[151.0, 60]",122.97,262,52.06,0.08
07:33:48,"[113.62, 16]","[112.02, 61]","[149.0, 35]","[151.0, 35]",131.31,147,35.38,0.05
07:33:49,"[114.0, 70]","[113.0, 7]","[149.0, 35]","[151.0, 35]",131.5,147,35.0,0.05
07:33:50,"[114.82, 73]","[113.59, 17]","[148.4, 20]","[149.59, 34]",131.61,144,33.58,0.25
07:33:51,"[136.04, 24]","[129.31, 70]","[148.31, 26]","[149.71, 56]",142.17,176,12.27,0.07
07:33:52,"[137.44, 18]","[136.99, 81]","[150.8, 20]","[161.05, 43]",144.12,162,13.36,0.22
07:33:53,"[146.59, 39]","[139.25, 32]","[153.86, 21]","[175.0, 30]",150.22,122,7.27,0.16
07:33:54,"[150.0, 27]","[149.0, 72]","[153.0, 18]","[155.0, 27]",151.5,144,3.0,0.38
07:33:55,"[151.76, 58]","[151.88, 85]","[154.89, 38]","[304.0, 46]",153.33,227,3.14,0.26
07:33:56,"[152.97, 29]","[152.83, 92]","[155.0, 27]","[438.44, 18]",153.98,166,2.03,0.46
07:33:57,"[153.61, 76]","[138.79, 94]","[238.66, 41]","[410.62, 58]",196.13,269,85.05,0.26
07:33:58,"[154.73, 110]","[100.29, 70]","[252.11, 45]","[384.73, 45]",203.42,270,97.38,0.33
07:33:59,"[155.0, 110]","[127.55, 62]","[247.76, 42]","[359.0, 42]",201.38,256,92.76,0.34
07:34:00,"[155.23, 62]","[139.64, 94]","[162.67, 24]","[269.0, 38]",158.95,218,7.44,0.43
07:34:01,"[156.13, 23]","[155.06, 106]","[161.08, 52]","[405.27, 44]",158.6,225,4.95,0.15
07:34:02,"[156.58, 24]","[155.04, 102]","[159.52, 46]","[279.58, 48]",158.05,220,2.94,0.15
07:34:03,"[156.04, 46]","[142.89, 112]","[158.25, 48]","[267.46, 26]",157.15,232,2.21,0.36
07:34:04,"[156.7, 111]","[120.66, 164]","[269.86, 57]","[365.57, 53]",213.28,385,113.16,0.43
07:34:05,"[162.0, 30]","[155.0, 120]","[232.0, 50]","[289.14, 28]",197.0,228,70.0,0.32
07:34:06,"[162.0, 33]","[155.0, 132]","[233.57, 42]","[302.39, 31]",197.79,238,71.57,0.39
07:34:07,"[162.0, 21]","[155.0, 84]","[231.29, 21]","[233.0, 14]",196.64,140,69.29,0.5
07:34:08,"[162.0, 54]","[155.63, 164]","[228.94, 54]","[233.0, 36]",195.47,308,66.94,0.42
07:34:09,"[162.0, 12]","[161.0, 52]","[227.75, 36]","[233.0, 24]",194.88,124,65.75,0.03
07:34:10,"[162.0, 6]","[161.0, 30]","[225.5, 18]","[233.0, 12]",193.75,66,63.5,0.09
07:34:11,"[162.0, 9]","[161.0, 45]","[223.89, 27]","[233.0, 18]",192.94,99,61.89,0.09
07:34:12,"[159.0, 23]","[155.82, 88]","[221.13, 31]","[223.17, 24]",190.06,166,62.13,0.34
07:34:13,"[157.0, 16]","[155.0, 96]","[218.87, 23]","[220.24, 17]",187.93,152,61.87,0.47
07:34:14,"[156.63, 86]","[152.73, 146]","[206.53, 47]","[217.71, 49]",181.58,328,49.9,0.41
07:34:15,"[157.22, 54]","[154.97, 122]","[214.44, 27]","[216.93, 28]",185.83,231,57.22,0.52
07:34:16,"[156.0, 9]","[155.0, 108]","[212.67, 27]","[215.0, 18]",184.33,162,56.67,0.44
07:34:17,"[155.38, 13]","[151.08, 51]","[211.0, 20]","[212.0, 30]",183.19,114,55.62,0.12
07:34:18,"[155.0, 8]","[131.25, 16]","[210.67, 18]","[211.82, 22]",182.83,64,55.67,-0.25
07:34:19,"[155.0, 3]","[125.0, 6]","[210.0, 9]","[211.0, 6]",182.5,24,55.0,-0.25
07:34:20,"[133.86, 14]","[118.57, 14]","[209.14, 21]","[211.0, 14]",171.5,63,75.29,-0.11
07:34:21,"[129.49, 71]","[101.62, 26]","[186.79, 39]","[197.86, 37]",158.14,173,57.3,0.12
07:34:22,"[126.25, 130]","[125.67, 58]","[149.66, 41]","[150.73, 59]",137.96,288,23.4,0.31
07:34:23,"[142.39, 36]","[136.15, 20]","[147.21, 29]","[148.13, 31]",144.8,116,4.82,-0.03
07:34:24,"[145.03, 79]","[144.41, 27]","[147.11, 27]","[148.04, 25]",146.07,158,2.09,0.34
07:34:25,"[145.56, 9]","[141.12, 16]","[148.0, 14]","[149.25, 8]",146.78,47,2.44,0.06
07:34:26,"[134.86, 14]","[87.0, 14]","[149.0, 7]","[151.0, 7]",141.93,42,14.14,0.33
07:34:27,"[129.5, 128]","[128.0, 32]","[163.44, 39]","[158.57, 40]",146.47,239,33.94,0.34
07:34:28,"[132.26, 35]","[129.5, 32]","[420.67, 9]","[635.73, 22]",276.46,98,288.41,0.37
07:34:29,"[157.0, 53]","[132.08, 96]","[383.67, 36]","[738.0, 48]",270.33,233,226.67,0.28
07:34:30,"[157.57, 23]","[155.58, 113]","[343.0, 47]","[615.78, 54]",250.28,237,185.43,0.15
07:34:31,"[160.85, 13]","[155.21, 76]","[217.39, 36]","[260.23, 44]",189.12,169,56.54,0.05
07:34:32,"[165.0, 13]","[159.0, 13]","[185.38, 52]","[187.0, 13]",175.19,91,20.38,-0.43
07:34:33,"[165.0, 14]","[159.29, 14]","[183.38, 47]","[184.39, 23]",174.19,98,18.38,-0.43
07:34:34,"[165.0, 8]","[160.0, 8]","[180.62, 8]","[182.0, 32]",172.81,56,15.62,-0.43
07:34:35,"[165.0, 12]","[160.0, 12]","[177.17, 36]","[180.33, 24]",171.08,84,12.17,-0.43
07:34:36,"[160.29, 14]","[158.24, 25]","[175.89, 44]","[176.77, 26]",168.09,109,15.6,-0.28
07:34:37,"[160.71, 14]","[158.4, 20]","[172.17, 23]","[173.45, 47]",166.44,104,11.46,-0.35
07:34:38,"[162.0, 12]","[159.0, 12]","[169.33, 24]","[170.89, 36]",165.67,84,7.33,-0.43
07:34:39,"[162.0, 13]","[159.67, 33]","[167.02, 49]","[168.25, 16]",164.51,111,5.02,-0.17
07:34:40,"[162.0, 13]","[159.77, 43]","[166.23, 52]","[166.71, 31]",164.12,139,4.23,-0.19
07:34:41,"[161.12, 16]","[159.67, 12]","[164.44, 36]","[165.44, 36]",162.78,100,3.32,-0.44
07:34:42,"[161.55, 69]","[159.9, 20]","[163.52, 23]","[164.21, 56]",162.54,168,1.97,0.06
07:34:43,"[161.0, 27]","[159.71, 17]","[325.26, 19]","[336.82, 22]",243.13,85,164.26,0.04
07:34:44,"[162.71, 126]","[161.0, 42]","[274.22, 32]","[324.53, 19]",218.47,219,111.5,0.53
07:34:45,"[162.73, 101]","[160.88, 51]","[168.0, 28]","[198.97, 29]",165.37,209,5.27,0.45
07:34:46,"[160.0, 21]","[159.0, 7]","[163.86, 7]","[165.0, 14]",161.93,49,3.86,0.14
07:34:47,"[160.0, 27]","[159.0, 11]","[161.55, 11]","[165.27, 22]",160.77,71,1.55,0.07
07:34:48,"[159.46, 13]","[157.17, 69]","[220.65, 17]","[292.71, 35]",190.05,134,61.19,0.22
07:34:49,"[160.29, 14]","[157.05, 74]","[317.46, 26]","[398.0, 24]",238.87,138,157.18,0.28
07:34:50,"[162.0, 27]","[157.06, 65]","[369.19, 21]","[499.75, 16]",265.6,129,207.19,0.43
07:34:51,"[162.0, 13]","[157.04, 46]","[464.0, 6]","[465.0, 12]",313.0,77,302.0,0.53
07:34:52,"[161.57, 21]","[158.4, 43]","[274.43, 28]","[489.59, 32]",218.0,124,112.86,0.03
07:34:53,"[157.2, 50]","[155.82, 110]","[461.6, 10]","[524.46, 39]",309.4,209,304.4,0.53
07:34:54,"[157.0, 63]","[155.0, 91]","[429.75, 8]","[473.5, 14]",293.38,176,272.75,0.75
07:34:55,"[157.0, 81]","[155.0, 117]","[425.0, 9]","[518.61, 23]",291.0,230,268.0,0.72
07:34:56,"[157.0, 54]","[155.0, 78]","[297.5, 8]","[518.0, 18]",227.25,158,140.5,0.67
07:34:57,"[157.0, 120]","[155.0, 182]","[169.88, 25]","[210.57, 46]",163.44,373,12.88,0.62
07:34:58,"[157.0, 82]","[155.0, 164]","[169.0, 11]","[170.0, 22]",163.0,279,12.0,0.76
07:34:59,"[157.0, 114]","[155.0, 176]","[168.0, 11]","[250.0, 42]",162.5,343,11.0,0.69
07:35:00,"[157.0, 135]","[155.0, 144]","[165.22, 9]","[246.72, 25]",161.11,313,8.22,0.78
07:35:01,"[158.6, 115]","[156.61, 164]","[258.47, 47]","[319.47, 36]",208.53,362,99.87,0.54
07:35:02,"[161.0, 84]","[157.0, 105]","[217.68, 31]","[231.86, 35]",189.34,255,56.68,0.48
07:35:03,"[162.22, 131]","[157.84, 190]","[223.08, 66]","[233.46, 61]",192.65,448,60.85,0.43
07:35:04,"[165.0, 91]","[161.0, 100]","[226.8, 50]","[234.0, 40]",195.9,281,61.8,0.36
07:35:05,"[165.0, 61]","[161.0, 100]","[223.3, 50]","[283.5, 40]",194.15,251,58.3,0.28
07:35:06,"[161.0, 70]","[160.0, 14]","[221.0, 35]","[298.33, 30]",191.0,149,60.0,0.13
07:35:07,"[161.0, 60]","[160.0, 14]","[215.0, 35]","[270.88, 32]",188.0,141,54.0,0.05
07:35:08,"[161.0, 28]","[160.0, 8]","[215.0, 20]","[520.18, 17]",188.0,73,54.0,-0.01
07:35:09,"[161.0, 36]","[160.0, 18]","[214.33, 45]","[764.0, 45]",187.67,144,53.33,-0.25
07:35:10,"[160.46, 26]","[159.46, 13]","[214.0, 50]","[657.02, 47]",187.23,136,53.54,-0.43
07:35:11,"[157.0, 119]","[155.0, 70]","[213.2, 50]","[412.0, 50]",185.1,289,56.2,0.31
07:35:12,"[157.0, 90]","[155.0, 83]","[200.13, 55]","[238.35, 69]",178.56,297,43.13,0.16
07:35:13,"[157.0, 58]","[155.0, 54]","[167.0, 45]","[198.15, 33]",162.0,190,10.0,0.18
07:35:14,"[157.0, 76]","[155.0, 66]","[209.87, 45]","[210.76, 41]",183.43,228,52.87,0.25
07:35:15,"[157.0, 72]","[155.0, 54]","[208.68, 31]","[209.85, 41]",182.84,198,51.68,0.27
07:35:16,"[157.0, 96]","[155.0, 72]","[206.63, 38]","[207.43, 42]",181.82,248,49.63,0.35
07:35:17,"[157.0, 112]","[155.0, 84]","[182.63, 52]","[185.43, 46]",169.82,294,25.63,0.33
07:35:18,"[157.0, 88]","[155.0, 60]","[179.0, 55]","[181.0, 33]",168.0,236,22.0,0.25
07:35:19,"[158.92, 52]","[156.73, 75]","[177.92, 62]","[179.3, 50]",168.42,239,19.0,0.06
07:35:20,"[160.84, 37]","[157.38, 53]","[173.69, 65]","[174.57, 61]",167.27,216,12.85,-0.17
07:35:21,"[157.0, 92]","[155.0, 208]","[166.97, 33]","[169.19, 21]",161.98,354,9.97,0.69
07:35:22,"[157.0, 60]","[155.0, 160]","[163.13, 23]","[165.33, 15]",160.07,258,6.13,0.71
07:35:23,"[157.0, 54]","[155.0, 144]","[159.43, 28]","[160.12, 33]",158.21,259,2.43,0.53
07:35:24,"[157.0, 28]","[155.0, 176]","[158.0, 55]","[331.65, 49]",157.5,308,1.0,0.32
07:35:25,"[158.24, 29]","[155.43, 94]","[308.0, 52]","[432.4, 50]",233.12,225,149.76,0.09
07:35:26,"[160.08, 48]","[158.17, 12]","[259.85, 41]","[308.0, 40]",209.97,141,99.77,-0.15
07:35:27,"[161.26, 46]","[160.33, 21]","[255.54, 39]","[294.35, 31]",208.4,137,94.28,-0.02
07:35:28,"[162.1, 20]","[160.0, 14]","[268.0, 14]","[269.0, 28]",215.05,76,105.9,-0.11
07:35:29,"[163.0, 24]","[160.0, 24]","[247.4, 30]","[268.73, 44]",205.2,122,84.4,-0.21
07:35:30,"[160.5, 28]","[159.08, 74]","[201.35, 37]","[227.86, 29]",180.93,168,40.85,0.21
07:35:31,"[159.0, 100]","[157.0, 14]","[166.3, 20]","[174.25, 32]",162.65,166,7.3,0.37
07:35:32,"[159.0, 80]","[157.0, 14]","[165.12, 16]","[326.93, 28]",162.06,138,6.12,0.36
07:35:33,"[159.0, 65]","[157.0, 12]","[165.0, 24]","[244.2, 54]",162.0,155,6.0,-0.01
07:35:34,"[159.0, 14]","[157.0, 6]","[164.17, 12]","[325.67, 30]",161.58,62,5.17,-0.35
07:35:35,"[155.31, 39]","[145.5, 6]","[162.73, 11]","[384.0, 30]",159.02,86,7.42,0.05
07:35:36,"[155.0, 27]","[143.09, 11]","[161.67, 3]","[363.82, 11]",158.33,52,6.67,0.46
07:35:37,"[155.0, 81]","[144.0, 45]","[159.89, 9]","[161.0, 9]",157.44,144,4.89,0.75
07:35:38,"[155.0, 81]","[144.0, 45]","[160.33, 9]","[482.35, 23]",157.67,158,5.33,0.59
07:35:39,"[155.0, 98]","[144.0, 60]","[160.08, 12]","[349.0, 36]",157.54,206,5.08,0.53
07:35:40,"[155.26, 46]","[151.23, 73]","[196.26, 35]","[348.86, 21]",175.76,175,41.0,0.36
07:35:41,"[156.64, 86]","[152.58, 109]","[163.25, 81]","[164.14, 35]",159.94,311,6.61,0.25
07:35:42,"[157.0, 59]","[155.0, 33]","[159.66, 53]","[161.22, 37]",158.33,182,2.66,0.01
07:35:43,"[155.0, 42]","[154.0, 42]","[157.7, 46]","[197.31, 36]",156.35,166,2.7,0.01
07:35:44,"[154.75, 36]","[127.56, 54]","[198.27, 33]","[324.47, 34]",176.51,157,43.52,0.15
07:35:45,"[155.2, 10]","[154.0, 30]","[301.8, 30]","[658.3, 10]",228.5,80,146.6,0.0
07:35:46,"[132.14, 22]","[106.05, 37]","[231.56, 27]","[520.8, 10]",181.85,96,99.42,0.23
07:35:47,"[137.0, 30]","[122.33, 66]","[153.0, 24]","[579.36, 11]",145.0,131,16.0,0.47
07:35:48,"[116.38, 65]","[100.11, 47]","[153.0, 20]","[367.11, 19]",134.69,151,36.62,0.48
07:35:49,"[118.36, 80]","[110.69, 52]","[205.61, 31]","[259.2, 25]",161.99,188,87.25,0.4
07:35:50,"[136.2, 55]","[103.0, 9]","[262.73, 11]","[359.46, 13]",199.46,88,126.53,0.45
07:35:51,"[126.66, 100]","[80.9, 20]","[296.37, 19]","[508.53, 17]",211.51,156,169.71,0.54
07:35:52,"[93.0, 4]","[76.75, 32]","[165.0, 5]","[306.0, 8]",129.0,49,72.0,0.47
07:35:53,"[104.0, 18]","[93.64, 14]","[437.71, 17]","[639.11, 19]",270.85,68,333.71,-0.06
07:35:54,"[154.9, 20]","[121.5, 14]","[521.38, 16]","[640.62, 21]",338.14,71,366.48,-0.04
07:35:55,"[157.5, 12]","[154.1, 10]","[235.32, 25]","[376.9, 20]",196.41,67,77.82,-0.34
07:35:56,"[164.14, 28]","[158.33, 33]","[190.0, 27]","[257.78, 18]",177.07,106,25.86,0.15
07:35:57,"[159.46, 13]","[157.13, 30]","[190.0, 18]","[304.0, 12]",174.73,73,30.54,0.18
07:35:58,"[160.0, 27]","[159.0, 9]","[189.72, 29]","[406.0, 25]",174.86,90,29.72,-0.2
07:35:59,"[161.29, 21]","[159.0, 7]","[187.96, 25]","[189.0, 24]",174.62,77,26.67,-0.27
07:36:00,"[163.08, 39]","[159.0, 13]","[186.54, 39]","[188.0, 52]",174.81,143,23.46,-0.27
07:36:01,"[163.59, 34]","[157.9, 29]","[185.93, 42]","[188.0, 56]",174.76,161,22.34,-0.22
07:36:02,"[164.48, 31]","[160.2, 10]","[183.8, 30]","[188.0, 40]",174.14,111,19.32,-0.26
07:36:03,"[165.0, 48]","[161.0, 12]","[181.25, 36]","[188.0, 48]",173.12,144,16.25,-0.17
07:36:04,"[162.2, 15]","[157.07, 114]","[179.4, 35]","[182.0, 28]",170.8,192,17.2,0.34
07:36:05,"[159.0, 7]","[157.0, 112]","[177.29, 21]","[179.0, 28]",168.14,168,18.29,0.42
07:36:06,"[157.0, 84]","[155.0, 18]","[176.17, 18]","[179.0, 24]",166.58,144,19.17,0.42
07:36:07,"[157.0, 98]","[155.0, 21]","[174.88, 25]","[176.17, 24]",165.94,168,17.88,0.42
07:36:08,"[162.0, 12]","[158.05, 114]","[172.68, 38]","[173.65, 46]",167.34,210,10.68,0.2
07:36:09,"[162.18, 11]","[161.02, 51]","[169.69, 51]","[171.33, 42]",165.93,155,7.5,-0.2
07:36:10,"[161.94, 32]","[160.88, 68]","[166.96, 70]","[169.46, 57]",164.45,227,5.02,-0.12
07:36:11,"[160.94, 31]","[159.83, 12]","[162.18, 55]","[259.74, 19]",161.56,117,1.25,-0.26
07:36:12,"[159.18, 11]","[157.03, 128]","[375.81, 53]","[456.38, 48]",267.5,240,216.63,0.16
07:36:13,"[159.0, 11]","[157.0, 154]","[279.85, 52]","[426.32, 47]",219.42,264,120.85,0.25
07:36:14,"[156.95, 44]","[154.79, 103]","[350.96, 54]","[437.0, 54]",253.96,255,194.01,0.15
07:36:15,"[157.89, 28]","[155.65, 31]","[311.56, 43]","[344.23, 44]",234.73,146,153.67,-0.19
07:36:16,"[158.0, 30]","[157.0, 15]","[238.88, 59]","[240.38, 32]",198.44,136,80.88,-0.34
07:36:17,"[159.56, 18]","[157.29, 14]","[232.42, 57]","[233.76, 51]",195.99,140,72.87,-0.54
07:36:18,"[161.0, 30]","[159.0, 10]","[211.05, 41]","[220.5, 30]",186.02,111,50.05,-0.28
07:36:19,"[161.0, 24]","[159.0, 8]","[206.36, 28]","[207.14, 28]",183.68,88,45.36,-0.27
07:36:20,"[160.33, 18]","[157.89, 37]","[203.12, 41]","[204.04, 47]",181.73,143,42.79,-0.23
07:36:21,"[157.08, 50]","[155.46, 70]","[201.55, 22]","[202.86, 35]",179.31,177,44.47,0.36
07:36:22,"[157.28, 72]","[155.74, 106]","[198.37, 41]","[199.26, 70]",177.82,289,41.09,0.23
07:36:23,"[157.91, 33]","[156.45, 62]","[194.96, 52]","[197.15, 52]",176.44,199,37.05,-0.05
07:36:24,"[157.0, 36]","[155.0, 60]","[188.19, 42]","[190.81, 32]",172.6,170,31.19,0.13
07:36:25,"[158.33, 33]","[157.42, 71]","[180.9, 58]","[182.75, 56]",169.61,218,22.56,-0.05
07:36:26,"[160.0, 20]","[158.67, 48]","[177.53, 34]","[180.5, 40]",168.76,142,17.53,-0.04
07:36:27,"[160.0, 60]","[157.0, 40]","[171.81, 32]","[174.6, 30]",165.91,162,11.81,0.23
07:36:28,"[161.0, 13]","[160.0, 78]","[168.54, 52]","[170.11, 38]",164.77,181,7.54,0.01
07:36:29,"[161.36, 14]","[160.0, 84]","[166.23, 62]","[167.39, 61]",163.79,221,4.87,-0.11
07:36:30,"[158.41, 46]","[157.03, 38]","[161.14, 58]","[162.44, 57]",159.78,199,2.72,-0.16
07:36:31,"[156.89, 19]","[155.38, 16]","[158.38, 32]","[161.25, 32]",157.63,99,1.48,-0.29
07:36:32,"[156.0, 8]","[155.0, 40]","[158.0, 32]","[162.0, 32]",157.0,112,2.0,-0.14
07:36:33,"[156.0, 10]","[155.0, 50]","[157.91, 22]","[161.79, 38]",156.95,120,1.91,0.0
07:36:34,"[143.47, 60]","[122.15, 68]","[151.11, 36]","[155.47, 30]",147.29,194,7.64,0.32
07:36:35,"[122.53, 75]","[98.69, 55]","[147.0, 49]","[151.0, 70]",134.77,249,24.47,0.04
07:36:36,"[121.16, 43]","[109.0, 44]","[147.0, 30]","[151.0, 42]",134.08,159,25.84,0.09
07:36:37,"[120.48, 54]","[99.25, 32]","[150.59, 39]","[152.03, 29]",135.54,154,30.11,0.12
07:36:38,"[115.53, 94]","[98.91, 46]","[149.08, 12]","[151.0, 84]",132.31,236,33.55,0.19
07:36:39,"[93.99, 72]","[87.24, 33]","[151.21, 29]","[152.23, 39]",122.6,173,57.22,0.21
07:36:40,"[84.29, 35]","[0, 0]","[153.0, 7]","[155.0, 7]",118.64,49,68.71,0.43
07:36:41,"[159.86, 35]","[147.0, 20]","[241.33, 6]","[307.38, 21]",200.6,82,81.48,0.34
07:36:42,"[138.39, 23]","[119.5, 16]","[216.22, 27]","[383.27, 22]",177.31,88,77.83,-0.11
07:36:43,"[117.0, 15]","[108.0, 6]","[154.0, 11]","[252.0, 15]",135.5,47,37.0,-0.11
07:36:44,"[113.56, 45]","[45.33, 18]","[150.46, 41]","[163.88, 41]",132.01,145,36.91,-0.13
07:36:45,"[86.0, 20]","[14.0, 8]","[150.0, 20]","[151.0, 20]",118.0,68,64.0,-0.18
07:36:46,"[100.95, 22]","[94.71, 14]","[150.0, 30]","[151.0, 30]",125.48,96,49.05,-0.25
07:36:47,"[109.17, 30]","[47.0, 6]","[150.33, 30]","[151.5, 24]",129.75,90,41.17,-0.2
07:36:48,"[128.95, 19]","[45.65, 23]","[151.0, 16]","[154.0, 14]",139.97,72,22.05,0.17
07:36:49,"[50.0, 6]","[45.0, 30]","[151.0, 26]","[153.0, 8]",100.5,70,101.0,0.03
07:36:50,"[121.68, 19]","[47.78, 32]","[151.54, 41]","[208.33, 12]",136.61,104,29.85,-0.02
07:36:51,"[138.96, 28]","[139.0, 3]","[153.0, 31]","[154.0, 14]",145.98,76,14.04,-0.18
07:36:52,"[141.36, 66]","[141.0, 24]","[152.2, 30]","[153.1, 40]",146.78,160,10.84,0.12
07:36:53,"[145.67, 12]","[142.09, 33]","[151.2, 15]","[153.0, 30]",148.43,90,5.53,0.0
07:36:54,"[148.39, 92]","[147.75, 80]","[151.36, 66]","[153.06, 64]",149.88,302,2.97,0.14
07:36:55,"[151.2, 40]","[149.8, 40]","[153.0, 29]","[154.0, 10]",152.1,119,1.8,0.34
07:36:56,"[151.0, 36]","[150.0, 24]","[153.43, 14]","[154.75, 16]",152.21,90,2.43,0.33
07:36:57,"[152.88, 32]","[150.4, 20]","[154.57, 14]","[165.0, 22]",153.72,88,1.7,0.18
07:36:58,"[154.0, 80]","[33.93, 107]","[183.53, 36]","[266.5, 20]",168.76,243,29.53,0.54
07:36:59,"[154.0, 56]","[81.6, 57]","[314.0, 7]","[335.97, 31]",234.0,151,160.0,0.5
07:37:00,"[155.92, 26]","[130.67, 48]","[291.5, 6]","[531.08, 12]",223.71,92,135.58,0.61
07:37:01,"[165.0, 38]","[162.83, 48]","[281.15, 13]","[503.07, 27]",223.08,126,116.15,0.37
07:37:02,"[165.0, 19]","[164.0, 40]","[355.1, 10]","[522.0, 50]",260.05,119,190.1,-0.01
07:37:03,"[165.0, 12]","[164.0, 48]","[302.39, 18]","[364.7, 30]",233.69,108,137.39,0.11
07:37:04,"[164.0, 27]","[161.11, 9]","[172.89, 27]","[323.08, 25]",168.44,88,8.89,-0.18
07:37:05,"[160.5, 66]","[159.06, 49]","[169.95, 43]","[200.92, 38]",165.23,196,9.45,0.17
07:37:06,"[161.0, 33]","[159.0, 22]","[166.47, 32]","[169.17, 23]",163.73,110,5.47,0.0
07:37:07,"[160.88, 32]","[157.46, 52]","[164.69, 39]","[166.0, 26]",162.78,149,3.82,0.13
07:37:08,"[157.33, 24]","[156.13, 92]","[163.29, 21]","[166.0, 14]",160.31,151,5.95,0.54
07:37:09,"[157.67, 66]","[156.04, 184]","[160.94, 36]","[164.68, 34]",159.31,320,3.28,0.56
07:37:10,"[157.0, 12]","[156.0, 80]","[158.0, 15]","[163.67, 6]",157.5,113,1.0,0.63
07:37:11,"[156.11, 36]","[155.57, 56]","[172.75, 8]","[395.75, 4]",164.43,104,16.64,0.77
07:37:12,"[156.0, 160]","[155.0, 120]","[209.3, 10]","[216.6, 10]",182.65,300,53.3,0.87
07:37:13,"[156.18, 98]","[155.62, 156]","[205.91, 11]","[249.18, 11]",181.05,276,49.73,0.84
07:37:14,"[157.0, 24]","[156.0, 128]","[213.62, 8]","[262.0, 8]",185.31,168,56.62,0.81
07:37:15,"[157.0, 15]","[156.0, 80]","[192.6, 5]","[232.6, 5]",174.8,105,35.6,0.81
07:37:16,"[161.0, 26]","[157.38, 39]","[177.85, 13]","[189.15, 13]",169.42,91,16.85,0.43
07:37:17,"[161.0, 20]","[158.0, 30]","[174.88, 34]","[175.23, 26]",167.94,110,13.88,-0.09
07:37:18,"[156.56, 90]","[155.6, 75]","[168.38, 26]","[173.88, 34]",162.47,225,11.83,0.47
07:37:19,"[163.36, 88]","[155.98, 191]","[169.4, 25]","[173.94, 53]",166.38,357,6.04,0.56
07:37:20,"[165.0, 102]","[159.0, 51]","[171.09, 43]","[173.37, 63]",168.05,259,6.09,0.18
07:37:21,"[157.17, 131]","[155.75, 118]","[168.07, 28]","[171.4, 20]",162.62,297,10.9,0.68
07:37:22,"[156.0, 220]","[155.0, 180]","[168.53, 15]","[169.87, 15]",162.27,430,12.53,0.86
07:37:23,"[155.97, 143]","[154.51, 221]","[165.0, 14]","[167.57, 14]",160.49,392,9.03,0.86
07:37:24,"[158.0, 91]","[155.0, 351]","[161.69, 13]","[162.69, 13]",159.85,468,3.69,0.89
07:37:25,"[158.0, 98]","[155.0, 378]","[160.07, 14]","[237.28, 25]",159.04,515,2.07,0.85
07:37:26,"[158.0, 91]","[155.0, 343]","[190.71, 14]","[342.79, 53]",174.36,501,32.71,0.73
07:37:27,"[158.0, 75]","[155.0, 368]","[357.51, 47]","[373.32, 25]",257.76,515,199.51,0.72
07:37:28,"[158.0, 78]","[155.0, 398]","[166.0, 75]","[221.48, 25]",162.0,576,8.0,0.65
07:37:29,"[158.0, 24]","[155.0, 156]","[165.33, 30]","[173.0, 12]",161.67,222,7.33,0.62
07:37:30,"[158.33, 30]","[155.22, 276]","[162.81, 80]","[173.0, 32]",160.57,418,4.48,0.46
07:37:31,"[157.12, 40]","[155.11, 225]","[161.67, 60]","[173.0, 24]",159.4,349,4.54,0.52
07:37:32,"[155.0, 312]","[134.0, 12]","[160.33, 60]","[240.09, 23]",157.67,407,5.33,0.59
07:37:33,"[155.0, 390]","[128.08, 25]","[158.2, 75]","[331.43, 23]",156.6,513,3.2,0.62
07:37:34,"[155.52, 128]","[154.64, 108]","[291.0, 16]","[586.9, 20]",223.26,272,135.48,0.74
07:37:35,"[157.0, 94]","[155.0, 210]","[445.69, 26]","[551.5, 14]",301.35,344,288.69,0.77
07:37:36,"[157.4, 105]","[155.02, 276]","[406.32, 63]","[448.05, 73]",281.86,517,248.92,0.47
07:37:37,"[159.43, 98]","[156.0, 84]","[353.15, 26]","[379.84, 50]",256.29,258,193.73,0.41
07:37:38,"[160.0, 98]","[156.0, 84]","[332.14, 14]","[334.0, 14]",246.07,210,172.14,0.73
07:37:39,"[160.13, 90]","[157.47, 114]","[208.14, 51]","[270.3, 23]",184.14,278,48.0,0.47
07:37:40,"[160.11, 37]","[157.0, 56]","[185.67, 21]","[193.09, 33]",172.89,147,25.56,0.27
07:37:41,"[160.0, 49]","[156.0, 60]","[183.32, 22]","[185.84, 38]",171.66,169,23.32,0.29
07:37:42,"[160.0, 37]","[156.14, 56]","[181.15, 54]","[180.69, 36]",170.57,183,21.15,0.02
07:37:43,"[160.0, 8]","[157.0, 8]","[173.06, 16]","[174.9, 20]",166.53,52,13.06,-0.38
07:37:44,"[160.0, 9]","[157.0, 9]","[171.53, 43]","[172.85, 13]",165.77,74,11.53,-0.51
07:37:45,"[160.0, 9]","[157.0, 9]","[166.52, 33]","[168.44, 45]",163.26,96,6.52,-0.62
07:37:46,"[158.93, 14]","[156.2, 44]","[163.07, 46]","[163.83, 54]",161.0,158,4.14,-0.27
07:37:47,"[157.0, 13]","[156.0, 113]","[161.52, 42]","[174.0, 37]",159.26,205,4.52,0.23
07:37:48,"[158.04, 49]","[156.43, 70]","[161.54, 52]","[229.86, 28]",159.79,199,3.5,0.2
07:37:49,"[159.0, 16]","[158.0, 55]","[161.0, 32]","[188.57, 23]",160.0,126,2.0,0.13
07:37:50,"[158.03, 29]","[156.96, 50]","[169.27, 45]","[211.04, 46]",163.65,170,11.23,-0.07
07:37:51,"[156.76, 17]","[155.91, 68]","[180.72, 50]","[182.56, 45]",168.74,180,23.96,-0.06
07:37:52,"[157.99, 170]","[156.55, 22]","[179.44, 36]","[180.33, 48]",168.72,276,21.46,0.39
07:37:53,"[159.41, 41]","[157.99, 188]","[178.79, 56]","[195.54, 74]",169.1,359,19.37,0.28
07:37:54,"[158.1, 84]","[157.22, 60]","[177.8, 40]","[179.0, 40]",167.95,224,19.7,0.29
07:37:55,"[158.0, 120]","[157.0, 72]","[176.43, 42]","[177.75, 48]",167.21,282,18.43,0.36
07:37:56,"[159.74, 76]","[157.88, 50]","[173.17, 46]","[174.54, 26]",166.46,198,13.44,0.27
07:37:57,"[160.67, 54]","[158.72, 50]","[170.38, 32]","[171.71, 34]",165.52,170,9.71,0.22
07:37:58,"[160.03, 67]","[158.24, 50]","[167.95, 40]","[168.64, 44]",163.99,201,7.92,0.16
07:37:59,"[159.5, 80]","[158.06, 97]","[163.08, 52]","[164.86, 58]",161.29,287,3.58,0.23
07:38:00,"[159.0, 36]","[158.0, 81]","[161.0, 26]","[162.38, 32]",160.0,175,2.0,0.34
07:38:01,"[158.0, 107]","[156.0, 42]","[160.53, 43]","[173.0, 30]",159.27,222,2.53,0.34
07:38:02,"[158.0, 30]","[156.0, 40]","[275.82, 17]","[395.25, 12]",216.91,99,117.82,0.41
07:38:03,"[163.0, 33]","[161.5, 48]","[253.0, 18]","[408.8, 15]",208.0,114,90.0,0.42
07:38:04,"[164.45, 33]","[162.0, 78]","[265.56, 25]","[422.05, 20]",215.01,156,101.11,0.42
07:38:05,"[149.14, 35]","[150.62, 29]","[356.27, 11]","[402.73, 22]",252.71,97,207.13,0.32
07:38:06,"[121.17, 36]","[64.86, 42]","[220.67, 12]","[367.25, 16]",170.92,106,99.5,0.47
07:38:07,"[118.61, 56]","[78.1, 94]","[154.0, 9]","[316.71, 14]",136.3,173,35.39,0.73
07:38:08,"[128.0, 54]","[43.22, 99]","[152.21, 39]","[247.56, 18]",140.1,210,24.21,0.46
07:38:09,"[136.8, 90]","[53.33, 99]","[154.09, 43]","[201.19, 27]",145.45,259,17.29,0.46
07:38:10,"[138.29, 21]","[128.89, 27]","[150.0, 10]","[156.0, 5]",144.14,63,11.71,0.52
07:38:11,"[127.91, 56]","[104.94, 77]","[154.07, 14]","[349.71, 21]",140.99,168,26.16,0.58
07:38:12,"[128.65, 138]","[110.71, 133]","[191.97, 37]","[256.44, 27]",160.31,335,63.32,0.62
07:38:13,"[129.64, 198]","[117.73, 121]","[154.0, 44]","[203.0, 11]",141.82,374,24.36,0.71
07:38:14,"[131.65, 77]","[127.72, 134]","[154.0, 34]","[293.0, 14]",142.82,259,22.35,0.63
07:38:15,"[132.38, 16]","[131.0, 144]","[152.57, 28]","[241.5, 16]",142.47,204,20.2,0.57
07:38:16,"[135.63, 126]","[134.97, 174]","[152.0, 75]","[154.0, 30]",143.82,405,16.37,0.48
07:38:17,"[139.74, 100]","[139.06, 72]","[152.0, 53]","[154.0, 24]",145.87,249,12.26,0.38
07:38:18,"[145.05, 84]","[143.55, 102]","[152.77, 26]","[238.25, 16]",148.91,228,7.72,0.63
07:38:19,"[148.74, 46]","[146.96, 46]","[154.0, 7]","[270.55, 11]",151.37,110,5.26,0.67
07:38:20,"[154.82, 56]","[149.28, 142]","[228.1, 20]","[406.64, 22]",191.46,240,73.28,0.65
07:38:21,"[161.27, 44]","[156.97, 130]","[211.0, 16]","[372.0, 8]",186.14,198,49.73,0.76
07:38:22,"[166.0, 25]","[160.29, 42]","[270.0, 9]","[406.25, 8]",218.0,84,104.0,0.6
07:38:23,"[164.07, 29]","[157.3, 47]","[171.68, 37]","[186.19, 31]",167.87,144,7.61,0.06
07:38:24,"[164.22, 9]","[158.73, 22]","[170.65, 23]","[171.23, 26]",167.44,80,6.43,-0.23
07:38:25,"[161.5, 16]","[157.09, 44]","[169.6, 20]","[171.0, 50]",165.55,130,8.1,-0.08
07:38:26,"[160.0, 19]","[157.28, 71]","[168.06, 48]","[170.11, 36]",164.03,174,8.06,0.03
07:38:27,"[160.0, 5]","[159.0, 15]","[165.4, 10]","[167.0, 25]",162.7,55,5.4,-0.27
07:38:28,"[160.0, 4]","[159.0, 12]","[164.55, 11]","[166.76, 17]",162.27,44,4.55,-0.27
07:38:29,"[159.6, 15]","[158.39, 69]","[163.5, 60]","[165.0, 24]",161.55,168,3.9,0.0
07:38:30,"[158.59, 34]","[157.92, 146]","[160.48, 52]","[184.83, 23]",159.53,255,1.89,0.41
07:38:31,"[158.0, 140]","[156.0, 60]","[162.44, 25]","[218.28, 25]",160.22,250,4.44,0.6
07:38:32,"[158.86, 99]","[157.93, 160]","[160.0, 24]","[161.0, 36]",159.43,319,1.14,0.62
07:38:33,"[158.39, 46]","[157.83, 92]","[160.5, 30]","[271.0, 25]",159.45,193,2.11,0.43
07:38:34,"[158.0, 53]","[156.0, 16]","[161.0, 12]","[238.5, 16]",159.5,97,3.0,0.42
07:38:35,"[158.8, 90]","[157.47, 90]","[302.14, 44]","[391.14, 42]",230.47,266,143.34,0.35
07:38:36,"[159.48, 65]","[157.39, 127]","[327.31, 26]","[516.21, 39]",243.39,257,167.83,0.49
07:38:37,"[158.0, 51]","[156.0, 85]","[246.0, 10]","[247.0, 20]",202.0,166,88.0,0.64
07:38:38,"[158.0, 37]","[156.0, 108]","[245.17, 12]","[247.0, 24]",201.58,181,87.17,0.6
07:38:39,"[159.84, 93]","[156.45, 66]","[243.42, 24]","[376.92, 48]",201.63,231,83.58,0.38
07:38:40,"[161.08, 102]","[160.6, 35]","[242.67, 18]","[330.78, 36]",201.87,191,81.59,0.43
07:38:41,"[163.79, 106]","[161.11, 175]","[241.41, 34]","[400.06, 68]",202.6,383,77.62,0.47
07:38:42,"[164.56, 90]","[161.78, 9]","[232.92, 26]","[255.9, 21]",198.74,146,68.37,0.36
07:38:43,"[165.0, 70]","[162.0, 7]","[192.53, 17]","[210.45, 22]",178.76,116,27.53,0.33
07:38:44,"[165.0, 80]","[162.0, 8]","[191.0, 24]","[192.0, 16]",178.0,128,26.0,0.38
07:38:45,"[165.0, 150]","[162.0, 17]","[190.63, 43]","[191.43, 42]",177.81,252,25.63,0.33
07:38:46,"[165.0, 84]","[162.0, 16]","[187.81, 37]","[188.95, 43]",176.41,180,22.81,0.11
07:38:47,"[165.0, 36]","[162.0, 9]","[184.69, 26]","[185.57, 23]",174.85,94,19.69,-0.04
07:38:48,"[164.79, 38]","[157.64, 33]","[180.64, 33]","[182.0, 33]",172.71,137,15.85,0.04
07:38:49,"[161.0, 12]","[156.0, 144]","[178.83, 36]","[181.34, 35]",169.92,227,17.83,0.37
07:38:50,"[161.0, 14]","[156.62, 87]","[175.25, 32]","[176.25, 32]",168.12,165,14.25,0.22
07:38:51,"[156.0, 132]","[62.0, 63]","[171.15, 26]","[172.54, 24]",163.58,245,15.15,0.59
07:38:52,"[156.0, 144]","[67.36, 84]","[163.24, 34]","[164.68, 40]",159.62,302,7.24,0.51
07:38:53,"[156.0, 180]","[108.88, 51]","[159.29, 35]","[160.77, 31]",157.64,297,3.29,0.56
07:38:54,"[156.63, 134]","[147.06, 97]","[159.27, 26]","[161.53, 43]",157.95,300,2.63,0.54
07:38:55,"[159.84, 73]","[158.84, 99]","[161.77, 31]","[219.63, 57]",160.8,260,1.94,0.32
07:38:56,"[160.77, 105]","[159.27, 33]","[162.0, 33]","[243.73, 55]",161.39,226,1.23,0.22
07:38:57,"[161.0, 90]","[160.0, 30]","[318.4, 50]","[444.78, 32]",239.7,202,157.4,0.19
07:38:58,"[161.61, 96]","[160.43, 46]","[320.0, 70]","[474.55, 62]",240.81,274,158.39,0.04
07:38:59,"[162.1, 41]","[160.34, 29]","[321.56, 45]","[388.22, 27]",241.83,142,159.46,-0.01
07:39:00,"[161.0, 30]","[159.29, 14]","[322.0, 40]","[511.11, 28]",241.5,112,161.0,-0.21
07:39:01,"[160.0, 21]","[158.0, 7]","[329.71, 35]","[559.43, 21]",244.86,84,169.71,-0.33
07:39:02,"[160.0, 12]","[158.0, 16]","[511.0, 23]","[572.75, 12]",335.5,63,351.0,-0.11
07:39:03,"[160.0, 27]","[158.0, 36]","[428.75, 51]","[531.89, 27]",294.37,141,268.75,-0.11
07:39:04,"[160.0, 27]","[158.0, 36]","[459.94, 31]","[506.73, 41]",309.97,135,299.94,-0.07
07:39:05,"[160.0, 24]","[158.0, 32]","[180.0, 24]","[353.71, 28]",170.0,108,20.0,0.04
07:39:06,"[160.0, 18]","[158.0, 24]","[438.0, 18]","[629.5, 30]",299.0,90,278.0,-0.07
07:39:07,"[160.0, 18]","[158.0, 24]","[569.6, 15]","[641.12, 24]",364.8,81,409.6,0.04
07:39:08,"[160.82, 17]","[159.8, 40]","[354.54, 41]","[467.0, 36]",257.68,134,193.71,-0.15
07:39:09,"[161.0, 6]","[160.0, 18]","[348.8, 15]","[376.29, 17]",254.9,56,187.8,-0.14
07:39:10,"[160.0, 7]","[158.0, 28]","[246.0, 21]","[374.0, 14]",203.0,70,86.0,0.0
07:39:11,"[162.18, 22]","[156.91, 22]","[244.0, 20]","[245.17, 18]",203.09,82,81.82,0.07
07:39:12,"[159.85, 54]","[156.4, 40]","[242.12, 32]","[243.54, 26]",200.99,152,82.27,0.24
07:39:13,"[158.0, 60]","[156.0, 32]","[239.36, 22]","[241.3, 10]",198.68,124,81.36,0.48
07:39:14,"[159.17, 69]","[157.74, 77]","[209.21, 28]","[225.68, 28]",184.19,202,50.04,0.45
07:39:15,"[160.96, 28]","[159.11, 28]","[198.8, 10]","[223.95, 19]",179.88,85,37.84,0.32
07:39:16,"[162.95, 42]","[162.29, 28]","[196.35, 20]","[197.15, 34]",179.65,124,33.4,0.13
07:39:17,"[161.46, 13]","[160.16, 25]","[192.95, 19]","[193.75, 16]",177.2,73,31.49,0.04
07:39:18,"[162.28, 46]","[158.97, 36]","[187.18, 28]","[188.67, 33]",174.73,143,24.9,0.15
07:39:19,"[163.0, 65]","[160.0, 26]","[185.32, 19]","[186.17, 36]",174.16,146,22.32,0.25
07:39:20,"[163.0, 70]","[160.0, 28]","[179.39, 28]","[181.19, 31]",171.2,157,16.39,0.25
07:39:21,"[158.65, 62]","[157.42, 97]","[171.22, 32]","[173.12, 33]",164.93,224,12.57,0.42
07:39:22,"[158.55, 66]","[157.05, 76]","[167.39, 23]","[169.62, 26]",162.97,191,8.85,0.49
07:39:23,"[158.57, 42]","[157.14, 84]","[162.5, 46]","[162.61, 46]",160.54,218,3.93,0.16
07:39:24,"[156.04, 49]","[153.3, 40]","[159.79, 48]","[160.2, 40]",157.92,177,3.75,0.01
07:39:25,"[153.0, 24]","[151.0, 24]","[155.53, 17]","[156.74, 19]",154.26,84,2.53,0.14
07:39:26,"[153.0, 17]","[142.86, 28]","[177.5, 16]","[191.0, 20]",165.25,81,24.5,0.11
07:39:27,"[156.72, 61]","[152.1, 59]","[247.65, 43]","[391.77, 26]",202.19,189,90.93,0.27
07:39:28,"[160.21, 71]","[158.6, 53]","[247.0, 55]","[248.0, 44]",203.61,223,86.79,0.11
07:39:29,"[161.5, 80]","[159.85, 52]","[247.0, 65]","[268.95, 42]",204.25,239,85.5,0.1
07:39:30,"[162.0, 40]","[161.0, 16]","[247.0, 20]","[336.0, 8]",204.5,84,85.0,0.33
07:39:31,"[162.0, 150]","[161.0, 60]","[245.0, 75]","[300.46, 52]",203.5,337,83.0,0.25
07:39:32,"[162.36, 77]","[161.71, 98]","[183.58, 67]","[256.83, 35]",172.97,277,21.22,0.26
07:39:33,"[162.0, 80]","[161.0, 32]","[173.0, 40]","[345.88, 17]",167.5,169,11.0,0.33
07:39:34,"[162.09, 33]","[161.73, 44]","[173.0, 30]","[192.0, 6]",167.55,113,10.91,0.36
07:39:35,"[162.86, 14]","[161.95, 81]","[173.0, 40]","[600.75, 8]",167.93,143,10.14,0.33
07:39:36,"[162.0, 70]","[161.0, 40]","[171.05, 42]","[172.56, 18]",166.52,170,9.05,0.29
07:39:37,"[162.0, 42]","[161.0, 36]","[169.89, 45]","[172.0, 9]",165.94,132,7.89,0.18
07:39:38,"[162.0, 52]","[161.0, 52]","[167.92, 65]","[172.0, 13]",164.96,182,5.92,0.14
07:39:39,"[162.0, 52]","[161.0, 52]","[166.72, 61]","[170.24, 17]",164.36,182,4.72,0.14
07:39:40,"[161.5, 56]","[160.5, 56]","[163.36, 22]","[344.76, 55]",162.43,189,1.86,0.19
07:39:41,"[161.0, 45]","[160.0, 52]","[536.36, 25]","[676.1, 40]",348.68,162,375.36,0.2
07:39:42,"[160.93, 45]","[159.89, 63]","[359.51, 47]","[435.97, 39]",260.22,194,198.58,0.11
07:39:43,"[161.84, 111]","[159.46, 39]","[222.0, 36]","[223.0, 9]",191.92,195,60.16,0.54
07:39:44,"[162.0, 153]","[160.0, 27]","[221.67, 18]","[222.1, 29]",191.83,227,59.67,0.59
07:39:45,"[162.0, 136]","[160.0, 24]","[219.35, 20]","[221.64, 22]",190.68,202,57.35,0.58
07:39:46,"[162.0, 254]","[160.09, 46]","[192.38, 52]","[218.11, 28]",177.19,380,30.38,0.58
07:39:47,"[162.0, 165]","[160.75, 24]","[184.72, 29]","[227.37, 27]",173.36,245,22.72,0.54
07:39:48,"[162.0, 135]","[160.0, 27]","[216.83, 24]","[243.0, 30]",189.42,216,54.83,0.5
07:39:49,"[162.0, 173]","[160.0, 36]","[214.47, 38]","[215.88, 32]",188.24,279,52.47,0.5
07:39:50,"[162.05, 105]","[161.2, 60]","[210.16, 38]","[211.57, 42]",186.1,245,48.11,0.35
07:39:51,"[164.8, 10]","[162.0, 120]","[188.71, 28]","[205.27, 30]",176.76,188,23.91,0.38
07:39:52,"[165.0, 13]","[162.0, 170]","[182.54, 41]","[185.25, 48]",173.77,272,17.54,0.35
07:39:53,"[162.67, 36]","[161.81, 120]","[181.0, 30]","[186.0, 40]",171.83,226,18.33,0.38
07:39:54,"[162.0, 206]","[160.0, 17]","[172.62, 52]","[190.65, 63]",167.31,338,10.62,0.32
07:39:55,"[162.0, 92]","[160.0, 10]","[164.11, 27]","[170.17, 29]",163.06,158,2.11,0.29
07:39:56,"[162.0, 52]","[160.81, 43]","[164.0, 26]","[185.46, 26]",163.0,147,2.0,0.29
07:39:57,"[161.57, 42]","[160.93, 45]","[164.0, 18]","[190.71, 28]",162.79,133,2.43,0.31
07:39:58,"[161.23, 39]","[160.78, 23]","[183.71, 28]","[209.82, 22]",172.47,112,22.48,0.11
07:39:59,"[162.0, 30]","[161.0, 60]","[337.95, 38]","[534.0, 28]",249.97,156,175.95,0.15
07:40:00,"[164.0, 18]","[161.6, 45]","[167.0, 24]","[526.58, 48]",165.5,135,3.0,-0.07
07:40:01,"[162.3, 20]","[161.38, 26]","[167.0, 16]","[466.62, 26]",164.65,88,4.7,0.05
07:40:02,"[161.46, 59]","[160.6, 25]","[289.9, 20]","[430.62, 21]",225.68,125,128.44,0.34
07:40:03,"[161.0, 55]","[159.09, 11]","[194.82, 11]","[317.8, 20]",177.91,97,33.82,0.36
07:40:04,"[161.0, 45]","[159.83, 29]","[192.11, 9]","[337.0, 18]",176.56,101,31.11,0.47
07:40:05,"[161.0, 33]","[160.0, 42]","[191.0, 7]","[270.0, 14]",176.0,96,30.0,0.56
07:40:06,"[160.71, 34]","[159.8, 40]","[185.14, 22]","[222.29, 14]",172.92,110,24.43,0.35
07:40:07,"[160.0, 28]","[158.0, 14]","[182.71, 17]","[184.06, 32]",171.35,91,22.71,-0.08
07:40:08,"[162.31, 65]","[159.11, 55]","[178.21, 39]","[180.15, 39]",170.26,198,15.9,0.21
07:40:09,"[164.29, 56]","[159.53, 60]","[174.28, 39]","[175.98, 45]",169.28,200,10.0,0.16
07:40:10,"[161.58, 57]","[159.63, 57]","[170.57, 51]","[171.64, 33]",166.07,198,8.99,0.15
07:40:11,"[162.0, 117]","[160.77, 70]","[167.35, 31]","[168.23, 44]",164.68,262,5.35,0.43
07:40:12,"[162.0, 108]","[161.0, 72]","[163.75, 32]","[165.74, 19]",162.88,231,1.75,0.56
07:40:13,"[162.0, 42]","[161.0, 48]","[163.44, 16]","[165.86, 14]",162.72,120,1.44,0.5
07:40:14,"[161.58, 43]","[160.78, 54]","[163.0, 18]","[171.56, 36]",162.29,151,1.42,0.28
07:40:15,"[159.67, 30]","[159.0, 36]","[161.57, 7]","[201.0, 26]",160.62,99,1.9,0.33
07:40:16,"[159.0, 18]","[158.0, 6]","[161.0, 3]","[360.0, 6]",160.0,33,2.0,0.45
07:40:17,"[159.0, 11]","[158.0, 22]","[301.47, 17]","[360.0, 10]",230.24,60,142.47,0.1
07:40:18,"[159.0, 9]","[158.0, 18]","[359.44, 18]","[474.0, 6]",259.22,51,200.44,0.06
07:40:19,"[158.9, 20]","[156.39, 41]","[358.0, 16]","[591.0, 16]",258.45,93,199.1,0.31
07:40:20,"[159.31, 51]","[156.43, 84]","[290.08, 24]","[364.17, 24]",224.7,183,130.77,0.48
07:40:21,"[161.43, 14]","[159.74, 23]","[276.0, 12]","[579.4, 10]",218.71,59,114.57,0.25
07:40:22,"[162.4, 20]","[159.04, 23]","[275.88, 16]","[562.85, 13]",219.14,72,113.47,0.19
07:40:23,"[161.27, 11]","[157.0, 48]","[275.0, 18]","[545.0, 12]",218.14,89,113.73,0.33
07:40:24,"[158.0, 12]","[156.0, 144]","[273.29, 14]","[285.53, 19]",215.64,189,115.29,0.65
07:40:25,"[158.0, 16]","[156.0, 114]","[270.08, 24]","[273.0, 24]",214.04,178,112.08,0.46
07:40:26,"[158.0, 14]","[156.0, 77]","[267.43, 28]","[271.0, 14]",212.71,133,109.43,0.37
07:40:27,"[156.36, 78]","[148.24, 191]","[260.69, 51]","[263.02, 42]",208.52,362,104.33,0.49
07:40:28,"[162.0, 80]","[159.8, 10]","[247.74, 19]","[248.19, 31]",204.87,140,85.74,0.29
07:40:29,"[162.0, 91]","[161.0, 14]","[243.42, 19]","[246.92, 37]",202.71,161,81.42,0.3
07:40:30,"[162.0, 88]","[161.0, 8]","[239.8, 15]","[241.44, 9]",200.9,120,77.8,0.6
07:40:31,"[165.62, 116]","[161.99, 166]","[235.17, 30]","[236.66, 29]",200.39,341,69.55,0.65
07:40:32,"[166.0, 77]","[162.0, 121]","[230.0, 24]","[231.2, 15]",198.0,237,64.0,0.67
07:40:33,"[166.0, 47]","[162.0, 77]","[184.22, 23]","[214.55, 20]",175.11,167,18.22,0.49
07:40:34,"[164.57, 84]","[161.98, 135]","[194.98, 48]","[198.28, 18]",179.78,285,30.41,0.54
07:40:35,"[162.0, 88]","[161.0, 9]","[182.0, 27]","[210.13, 30]",172.0,154,20.0,0.26
07:40:36,"[162.0, 63]","[161.0, 7]","[179.59, 17]","[186.1, 21]",170.79,108,17.59,0.3
07:40:37,"[162.0, 20]","[161.0, 5]","[175.95, 19]","[177.08, 13]",168.97,57,13.95,-0.12
07:40:38,"[162.43, 21]","[161.92, 39]","[172.47, 36]","[174.0, 32]",167.45,128,10.04,-0.06
07:40:39,"[162.43, 49]","[161.98, 124]","[166.76, 25]","[167.89, 35]",164.59,233,4.33,0.48
07:40:40,"[162.0, 118]","[161.0, 11]","[163.05, 38]","[164.94, 17]",162.53,184,1.05,0.4
07:40:41,"[162.0, 36]","[161.0, 4]","[163.0, 16]","[164.0, 4]",162.5,60,1.0,0.33
07:40:42,"[162.0, 84]","[161.0, 10]","[163.0, 40]","[425.75, 16]",162.5,150,1.0,0.25
07:40:43,"[162.0, 36]","[161.0, 7]","[357.44, 18]","[593.67, 24]",259.72,85,195.44,0.01
07:40:44,"[162.0, 24]","[161.0, 6]","[529.0, 20]","[639.25, 16]",345.5,66,367.0,-0.09
07:40:45,"[162.44, 36]","[161.5, 16]","[542.24, 34]","[630.92, 26]",352.34,112,379.79,-0.07
07:40:46,"[166.0, 28]","[162.0, 56]","[565.23, 39]","[583.36, 50]",365.62,173,399.23,-0.03
07:40:47,"[166.0, 24]","[162.0, 48]","[387.8, 40]","[487.6, 40]",276.9,152,221.8,-0.05
07:40:48,"[166.0, 13]","[164.65, 34]","[371.14, 28]","[429.0, 21]",268.57,96,205.14,-0.02
07:40:49,"[165.67, 15]","[164.78, 54]","[326.18, 39]","[338.91, 46]",245.92,154,160.51,-0.1
07:40:50,"[165.0, 40]","[162.0, 56]","[244.86, 42]","[290.71, 38]",204.93,176,79.86,0.09
07:40:51,"[162.0, 40]","[161.0, 8]","[198.93, 30]","[234.94, 36]",180.47,114,36.93,-0.16
07:40:52,"[162.0, 45]","[161.0, 9]","[178.9, 29]","[180.12, 43]",170.45,126,16.9,-0.14
07:40:53,"[162.0, 36]","[160.04, 23]","[167.38, 40]","[178.76, 46]",164.69,145,5.38,-0.19
07:40:54,"[162.2, 10]","[160.22, 18]","[179.0, 50]","[201.0, 50]",170.6,128,16.8,-0.56
07:40:55,"[157.78, 27]","[152.29, 55]","[178.56, 45]","[353.25, 40]",168.17,167,20.78,-0.02
07:40:56,"[156.0, 103]","[135.69, 26]","[178.0, 55]","[410.0, 55]",167.0,239,22.0,0.08
07:40:57,"[156.0, 80]","[139.54, 26]","[177.5, 40]","[221.64, 33]",166.75,179,21.5,0.18
07:40:58,"[156.47, 75]","[145.76, 68]","[176.55, 55]","[192.0, 44]",166.51,242,20.08,0.18
07:40:59,"[160.65, 74]","[156.51, 88]","[175.38, 65]","[196.64, 56]",168.02,283,14.74,0.14
07:41:00,"[162.0, 90]","[160.2, 75]","[172.67, 75]","[175.67, 75]",167.33,315,10.67,0.05
07:41:01,"[162.0, 53]","[161.0, 60]","[170.33, 60]","[171.67, 60]",166.17,233,8.33,-0.03
07:41:02,"[162.0, 33]","[160.92, 49]","[167.18, 55]","[169.18, 55]",164.59,192,5.18,-0.15
07:41:03,"[160.18, 55]","[158.18, 44]","[165.0, 52]","[166.0, 65]",162.59,216,4.82,-0.08
07:41:04,"[160.66, 136]","[159.81, 167]","[163.34, 95]","[164.64, 94]",162.0,492,2.68,0.23
07:41:05,"[160.81, 63]","[157.87, 30]","[162.33, 18]","[184.26, 39]",161.57,150,1.52,0.24
07:41:06,"[158.0, 13]","[157.0, 52]","[161.38, 26]","[399.85, 26]",159.69,117,3.38,0.11
07:41:07,"[159.35, 95]","[157.71, 14]","[275.52, 31]","[420.0, 31]",217.43,171,116.17,0.27
07:41:08,"[160.0, 72]","[158.0, 9]","[306.33, 27]","[415.43, 35]",233.17,143,146.33,0.13
07:41:09,"[160.0, 72]","[158.0, 9]","[246.0, 18]","[311.67, 18]",203.0,117,86.0,0.38
07:41:10,"[160.0, 66]","[158.0, 9]","[209.42, 24]","[335.45, 29]",184.71,128,49.42,0.17
07:41:11,"[160.0, 31]","[158.0, 9]","[244.0, 18]","[366.0, 42]",202.0,100,84.0,-0.2
07:41:12,"[160.9, 10]","[159.22, 23]","[241.68, 31]","[326.45, 22]",201.29,86,80.78,-0.23
07:41:13,"[157.0, 7]","[156.0, 30]","[240.0, 35]","[243.0, 14]",198.5,86,83.0,-0.14
07:41:14,"[157.0, 11]","[156.0, 64]","[238.12, 34]","[239.81, 43]",197.56,152,81.12,-0.01
07:41:15,"[157.0, 11]","[156.0, 60]","[235.64, 55]","[239.0, 22]",196.32,148,78.64,-0.04
07:41:16,"[156.23, 26]","[152.36, 47]","[234.3, 50]","[239.0, 20]",195.27,143,78.07,0.02
07:41:17,"[156.09, 46]","[155.25, 40]","[205.17, 54]","[210.7, 30]",180.63,170,49.08,0.01
07:41:18,"[159.6, 10]","[155.27, 22]","[164.19, 32]","[185.12, 34]",161.89,98,4.59,-0.35
07:41:19,"[156.0, 9]","[155.0, 27]","[290.16, 38]","[341.2, 30]",223.08,104,134.16,-0.31
07:41:20,"[166.0, 49]","[156.0, 7]","[331.43, 28]","[335.0, 28]",248.71,112,165.43,0.0
07:41:21,"[166.0, 29]","[156.0, 7]","[294.76, 25]","[366.56, 16]",230.38,77,128.76,-0.06
07:41:22,"[166.0, 24]","[156.0, 8]","[231.5, 32]","[256.0, 20]",198.75,84,65.5,-0.24
07:41:23,"[166.0, 42]","[156.9, 20]","[229.0, 58]","[230.29, 56]",197.5,176,63.0,-0.3
07:41:24,"[166.0, 12]","[158.0, 12]","[226.56, 18]","[227.44, 18]",196.28,60,60.56,-0.2
07:41:25,"[162.8, 20]","[157.0, 16]","[220.46, 46]","[223.04, 47]",191.63,129,57.66,-0.44
07:41:26,"[166.0, 51]","[159.75, 73]","[196.75, 71]","[203.06, 49]",181.37,244,30.75,0.02
07:41:27,"[166.0, 19]","[160.0, 56]","[192.0, 35]","[196.0, 7]",179.0,117,26.0,0.28
07:41:28,"[160.22, 54]","[158.25, 64]","[192.0, 40]","[207.29, 17]",176.11,175,31.78,0.35
07:41:29,"[161.64, 44]","[159.62, 45]","[186.7, 37]","[191.88, 51]",174.17,177,25.07,0.01
07:41:30,"[162.0, 48]","[160.0, 44]","[189.47, 38]","[191.33, 45]",175.74,175,27.47,0.05
07:41:31,"[162.0, 18]","[160.0, 36]","[188.02, 41]","[189.38, 32]",175.01,127,26.02,-0.15
07:41:32,"[162.0, 7]","[161.0, 21]","[187.0, 35]","[189.0, 28]",174.5,91,25.0,-0.38
07:41:33,"[162.0, 14]","[161.0, 42]","[183.73, 59]","[184.97, 61]",172.86,176,21.73,-0.36
07:41:34,"[161.04, 23]","[160.06, 47]","[180.68, 57]","[182.29, 51]",170.86,178,19.64,-0.21
07:41:35,"[161.0, 18]","[160.0, 36]","[178.57, 35]","[180.17, 41]",169.79,130,17.57,-0.17
07:41:36,"[160.37, 49]","[159.75, 16]","[176.02, 62]","[177.17, 48]",168.19,175,15.65,-0.26
07:41:37,"[160.0, 44]","[159.0, 11]","[172.39, 54]","[173.65, 49]",166.19,158,12.39,-0.3
07:41:38,"[160.51, 53]","[159.52, 23]","[168.08, 65]","[169.14, 66]",164.29,207,7.57,-0.27
07:41:39,"[162.7, 40]","[159.68, 57]","[165.49, 51]","[166.53, 59]",164.1,207,2.79,-0.06
07:41:40,"[160.0, 48]","[158.0, 108]","[162.97, 40]","[165.11, 56]",161.49,252,2.97,0.24
07:41:41,"[158.33, 97]","[156.75, 131]","[161.64, 42]","[162.64, 42]",159.99,312,3.31,0.46
07:41:42,"[158.0, 72]","[156.0, 45]","[160.7, 30]","[163.07, 28]",159.35,175,2.7,0.34
07:41:43,"[157.54, 70]","[145.27, 90]","[159.83, 54]","[181.91, 34]",158.69,248,2.29,0.29
07:41:44,"[156.0, 59]","[90.2, 70]","[158.1, 30]","[426.6, 10]",157.05,169,2.1,0.53
07:41:45,"[156.0, 26]","[121.92, 52]","[273.69, 16]","[543.54, 13]",214.84,107,117.69,0.46
07:41:46,"[156.0, 20]","[127.8, 25]","[266.2, 30]","[267.33, 18]",211.1,93,110.2,-0.03
07:41:47,"[157.64, 22]","[136.15, 26]","[251.15, 41]","[255.91, 43]",204.39,132,93.51,-0.27
07:41:48,"[165.0, 13]","[160.29, 14]","[187.64, 42]","[211.9, 39]",176.32,108,22.64,-0.5
07:41:49,"[165.0, 16]","[161.0, 16]","[183.77, 52]","[184.73, 60]",174.38,144,18.77,-0.56
07:41:50,"[165.0, 9]","[161.0, 9]","[180.78, 27]","[181.9, 30]",172.89,75,15.78,-0.52
07:41:51,"[163.43, 23]","[161.75, 32]","[178.0, 42]","[180.0, 42]",170.72,139,14.57,-0.21
07:41:52,"[162.0, 56]","[161.0, 14]","[176.65, 46]","[178.79, 43]",169.33,159,14.65,-0.12
07:41:53,"[162.0, 44]","[161.0, 11]","[171.68, 40]","[172.82, 33]",166.84,128,9.68,-0.14
07:41:54,"[162.78, 18]","[161.97, 29]","[170.9, 31]","[171.84, 25]",166.84,103,8.13,-0.09
07:41:55,"[162.43, 14]","[161.6, 20]","[168.91, 33]","[170.71, 42]",165.67,109,6.48,-0.38
07:41:56,"[162.0, 10]","[161.0, 10]","[166.6, 30]","[167.8, 30]",164.3,80,4.6,-0.5
07:41:57,"[160.56, 18]","[159.11, 53]","[164.14, 44]","[165.14, 37]",162.35,152,3.58,-0.07
07:41:58,"[159.15, 53]","[157.96, 47]","[162.44, 36]","[163.92, 39]",160.8,175,3.29,0.14
07:41:59,"[159.0, 27]","[158.0, 36]","[162.04, 26]","[164.67, 27]",160.52,116,3.04,0.09
07:42:00,"[158.71, 38]","[157.8, 60]","[160.45, 22]","[162.55, 33]",159.58,153,1.74,0.28
07:42:01,"[160.27, 74]","[123.98, 57]","[164.09, 33]","[201.52, 31]",162.18,195,3.82,0.34
07:42:02,"[162.0, 32]","[156.0, 32]","[163.0, 16]","[261.92, 12]",162.5,92,1.0,0.39
07:42:03,"[160.5, 24]","[154.91, 32]","[300.5, 16]","[401.5, 10]",230.5,82,140.0,0.37
07:42:04,"[161.58, 83]","[154.87, 23]","[302.59, 17]","[388.31, 16]",232.08,139,141.01,0.53
07:42:05,"[162.0, 45]","[156.33, 18]","[492.16, 19]","[551.45, 11]",327.08,93,330.16,0.35
07:42:06,"[162.0, 5]","[156.0, 10]","[357.0, 6]","[659.33, 9]",259.5,30,195.0,0.0
07:42:07,"[162.0, 8]","[156.0, 16]","[286.95, 20]","[612.9, 10]",224.47,54,124.95,-0.11
07:42:08,"[162.5, 6]","[158.0, 9]","[246.0, 13]","[309.62, 16]",204.25,44,83.5,-0.32
07:42:09,"[163.0, 7]","[162.0, 7]","[232.89, 19]","[308.5, 16]",197.95,49,69.89,-0.43
07:42:10,"[163.0, 9]","[162.0, 9]","[230.89, 27]","[674.0, 18]",196.94,63,67.89,-0.43
07:42:11,"[160.67, 9]","[160.57, 7]","[230.0, 21]","[423.29, 21]",195.33,58,69.33,-0.45
07:42:12,"[156.0, 32]","[125.74, 95]","[229.73, 45]","[295.64, 33]",192.87,205,73.73,0.24
07:42:13,"[157.98, 167]","[155.44, 63]","[210.5, 30]","[254.4, 30]",184.24,290,52.52,0.59
07:42:14,"[159.68, 114]","[157.03, 87]","[222.32, 25]","[229.26, 38]",191.0,264,62.64,0.52
07:42:15,"[166.0, 128]","[158.0, 240]","[202.14, 66]","[215.53, 59]",184.07,493,36.14,0.49
07:42:16,"[166.0, 34]","[158.0, 120]","[185.12, 24]","[286.4, 25]",175.56,203,19.12,0.52
07:42:17,"[158.31, 78]","[156.42, 71]","[214.0, 18]","[511.0, 12]",186.15,179,55.69,0.66
07:42:18,"[158.0, 75]","[156.0, 58]","[212.4, 15]","[537.0, 10]",185.2,158,54.4,0.68
07:42:19,"[161.0, 27]","[158.36, 70]","[211.82, 33]","[641.0, 22]",186.41,152,50.82,0.28
07:42:20,"[160.25, 16]","[158.11, 84]","[192.67, 24]","[433.72, 18]",176.46,142,32.42,0.41
07:42:21,"[158.64, 44]","[157.65, 127]","[161.67, 36]","[163.0, 9]",160.15,216,3.03,0.58
07:42:22,"[158.0, 216]","[156.0, 92]","[159.75, 36]","[161.04, 45]",158.88,389,1.75,0.58
07:42:23,"[158.0, 135]","[156.0, 63]","[159.0, 31]","[304.25, 16]",158.5,245,1.0,0.62
07:42:24,"[158.0, 123]","[156.0, 70]","[360.78, 27]","[437.46, 35]",259.39,255,202.78,0.51
07:42:25,"[158.57, 84]","[157.26, 114]","[260.27, 22]","[426.96, 24]",209.42,244,101.7,0.62
07:42:26,"[158.22, 74]","[156.66, 73]","[290.22, 23]","[349.0, 13]",224.22,183,132.0,0.61
07:42:27,"[158.0, 60]","[156.0, 54]","[216.0, 6]","[299.0, 18]",187.0,138,58.0,0.65
07:42:28,"[158.0, 130]","[156.0, 121]","[299.0, 39]","[479.92, 13]",228.5,303,141.0,0.66
07:42:29,"[158.15, 96]","[156.57, 98]","[236.3, 20]","[411.07, 27]",197.22,241,78.15,0.61
07:42:30,"[156.9, 40]","[143.11, 47]","[185.0, 9]","[350.76, 33]",170.95,129,28.1,0.35
07:42:31,"[156.51, 70]","[150.94, 102]","[339.0, 13]","[531.77, 39]",247.76,224,182.49,0.54
07:42:32,"[158.0, 18]","[156.0, 90]","[395.57, 14]","[565.0, 11]",276.79,133,237.57,0.62
07:42:33,"[158.0, 33]","[156.0, 183]","[386.0, 33]","[448.64, 11]",272.0,260,228.0,0.66
07:42:34,"[158.17, 29]","[156.04, 147]","[384.42, 31]","[470.35, 17]",271.3,224,226.25,0.57
07:42:35,"[159.0, 40]","[158.0, 24]","[348.58, 19]","[366.88, 24]",253.79,107,189.58,0.2
07:42:36,"[164.06, 18]","[160.59, 32]","[250.27, 26]","[251.35, 26]",207.16,102,86.21,-0.02
07:42:37,"[165.4, 15]","[163.95, 20]","[247.83, 18]","[248.77, 66]",206.62,119,82.43,-0.41
07:42:38,"[163.0, 14]","[162.0, 7]","[245.29, 35]","[247.0, 7]",204.14,63,82.29,-0.33
07:42:39,"[162.14, 21]","[159.6, 15]","[244.08, 37]","[245.24, 17]",203.11,90,81.94,-0.2
07:42:40,"[160.77, 26]","[156.77, 62]","[204.67, 30]","[228.39, 28]",182.72,146,43.9,0.21
07:42:41,"[156.06, 137]","[138.22, 121]","[159.24, 25]","[167.21, 33]",157.65,316,3.18,0.63
07:42:42,"[156.0, 153]","[110.06, 49]","[158.04, 26]","[167.06, 16]",157.02,244,2.04,0.66
07:42:43,"[157.02, 89]","[149.17, 66]","[179.86, 21]","[330.71, 21]",168.44,197,22.83,0.57
07:42:44,"[159.0, 10]","[158.0, 110]","[202.36, 14]","[388.2, 46]",180.68,180,43.36,0.33
07:42:45,"[160.87, 62]","[158.11, 70]","[200.2, 10]","[683.0, 50]",180.54,192,39.33,0.38
07:42:46,"[161.0, 112]","[160.0, 8]","[198.5, 8]","[381.5, 40]",179.75,168,37.5,0.43
07:42:47,"[162.55, 116]","[161.67, 48]","[197.42, 12]","[375.08, 60]",179.98,236,34.86,0.39
07:42:48,"[166.0, 70]","[162.0, 100]","[195.6, 10]","[385.74, 38]",180.8,218,29.6,0.56
07:42:49,"[166.0, 65]","[164.5, 120]","[194.92, 12]","[358.32, 38]",180.46,235,28.92,0.57
07:42:50,"[166.0, 18]","[165.0, 60]","[192.83, 6]","[382.0, 18]",179.42,102,26.83,0.53
07:42:51,"[166.0, 27]","[165.0, 90]","[192.0, 9]","[389.22, 27]",179.0,153,26.0,0.53
07:42:52,"[165.49, 39]","[164.76, 76]","[192.0, 9]","[438.9, 20]",178.74,144,26.51,0.6
07:42:53,"[165.0, 110]","[162.0, 33]","[188.76, 25]","[324.26, 19]",176.88,187,23.76,0.53
07:42:54,"[165.0, 110]","[162.0, 33]","[184.26, 19]","[185.6, 25]",174.63,187,19.26,0.53
07:42:55,"[165.0, 78]","[162.0, 24]","[182.36, 14]","[183.83, 18]",173.68,134,17.36,0.52
07:42:56,"[165.0, 99]","[162.0, 33]","[180.44, 27]","[181.76, 17]",172.72,176,15.44,0.5
07:42:57,"[165.0, 89]","[162.0, 30]","[178.2, 30]","[181.0, 10]",171.6,159,13.2,0.5
07:42:58,"[165.0, 96]","[162.0, 36]","[174.15, 26]","[175.95, 22]",169.58,180,9.15,0.47
07:42:59,"[165.0, 48]","[162.08, 26]","[172.33, 9]","[174.0, 27]",168.67,110,7.33,0.35
07:43:00,"[165.0, 35]","[163.0, 14]","[172.0, 7]","[174.0, 21]",168.5,77,7.0,0.27
07:43:01,"[165.0, 55]","[163.0, 22]","[171.28, 18]","[173.44, 27]",168.14,122,6.28,0.26
07:43:02,"[164.54, 39]","[162.3, 40]","[169.0, 35]","[170.0, 30]",166.77,144,4.46,0.1
07:43:03,"[163.0, 9]","[162.0, 36]","[165.83, 24]","[166.94, 18]",164.42,87,2.83,0.03
07:43:04,"[162.09, 33]","[161.58, 52]","[164.18, 51]","[166.04, 47]",163.13,183,2.09,-0.07
07:43:05,"[160.75, 20]","[158.25, 40]","[164.8, 10]","[166.0, 30]",162.78,100,4.05,0.2
07:43:06,"[161.16, 102]","[159.8, 59]","[164.11, 18]","[166.05, 38]",162.63,217,2.95,0.48
07:43:07,"[162.0, 29]","[161.0, 90]","[165.38, 13]","[227.13, 23]",163.69,155,3.38,0.54
07:43:08,"[161.22, 23]","[160.94, 53]","[163.75, 8]","[443.62, 26]",162.48,110,2.53,0.38
07:43:09,"[161.0, 44]","[160.0, 8]","[162.62, 8]","[465.83, 18]",161.81,78,1.62,0.33
07:43:10,"[161.0, 40]","[160.0, 8]","[627.0, 18]","[720.0, 9]",394.0,75,466.0,0.28
07:43:11,"[162.52, 42]","[160.95, 42]","[546.1, 30]","[0, 0]",354.31,114,383.58,0.47
07:43:12,"[163.0, 32]","[161.0, 40]","[681.0, 24]","[0, 0]",422.0,96,518.0,0.5
07:43:13,"[161.44, 41]","[160.48, 31]","[407.54, 39]","[540.0, 9]",284.49,120,246.1,0.2
07:43:14,"[161.0, 48]","[160.0, 24]","[471.91, 58]","[778.16, 38]",316.46,168,310.91,-0.14
07:43:15,"[161.0, 18]","[160.0, 12]","[330.83, 18]","[733.0, 30]",245.92,78,169.83,-0.23
07:43:16,"[160.53, 15]","[158.95, 19]","[494.5, 24]","[766.75, 20]",327.52,78,333.97,-0.13
07:43:17,"[162.0, 20]","[159.0, 8]","[282.17, 18]","[283.0, 9]",222.08,55,120.17,0.02
07:43:18,"[162.0, 60]","[159.0, 24]","[280.82, 44]","[306.58, 52]",221.41,180,118.82,-0.07
07:43:19,"[160.31, 16]","[157.05, 40]","[261.18, 34]","[276.02, 40]",210.74,130,100.86,-0.14
07:43:20,"[139.8, 20]","[69.0, 14]","[261.95, 43]","[266.07, 29]",200.88,106,122.15,-0.36
07:43:21,"[146.0, 18]","[53.6, 30]","[225.98, 44]","[533.36, 33]",185.99,125,79.98,-0.23
07:43:22,"[166.0, 10]","[158.0, 20]","[175.68, 38]","[205.78, 41]",170.84,109,9.68,-0.45
07:43:23,"[166.0, 4]","[158.0, 8]","[174.0, 16]","[175.0, 12]",170.0,40,8.0,-0.4
07:43:24,"[166.0, 8]","[158.0, 16]","[172.84, 25]","[173.9, 31]",169.42,80,6.84,-0.4
07:43:25,"[166.0, 7]","[158.0, 14]","[170.77, 22]","[172.11, 27]",168.39,70,4.77,-0.4
07:43:26,"[166.0, 8]","[158.0, 16]","[168.75, 32]","[170.0, 24]",167.38,80,2.75,-0.4
07:43:27,"[158.89, 9]","[143.8, 10]","[167.0, 20]","[466.63, 19]",162.94,58,8.11,-0.34
07:43:28,"[159.71, 21]","[156.5, 24]","[165.46, 26]","[300.22, 36]",162.59,107,5.75,-0.16
07:43:29,"[160.67, 27]","[158.56, 27]","[163.05, 42]","[164.33, 24]",161.86,120,2.38,-0.1
07:43:30,"[159.0, 10]","[158.0, 10]","[160.83, 12]","[162.22, 18]",159.92,50,1.83,-0.2
07:43:31,"[157.87, 15]","[155.5, 24]","[159.85, 13]","[388.0, 16]",158.86,68,1.98,0.15
07:43:32,"[152.8, 15]","[121.79, 19]","[157.25, 12]","[266.67, 18]",155.03,64,4.45,0.06
07:43:33,"[146.88, 25]","[115.1, 29]","[154.25, 20]","[316.79, 14]",150.56,88,7.37,0.23
07:43:34,"[120.58, 24]","[109.5, 14]","[150.19, 21]","[152.0, 17]",135.39,76,29.61,0.0
07:43:35,"[132.0, 26]","[114.47, 19]","[153.82, 11]","[181.07, 30]",142.91,86,21.82,0.05
07:43:36,"[124.0, 10]","[101.0, 5]","[152.0, 10]","[156.0, 15]",138.0,40,28.0,-0.25
07:43:37,"[130.02, 49]","[125.14, 14]","[152.0, 15]","[154.4, 30]",141.01,108,21.98,0.17
07:43:38,"[133.53, 30]","[132.0, 40]","[152.0, 5]","[153.0, 15]",142.77,90,18.47,0.56
07:43:39,"[136.16, 38]","[135.6, 30]","[152.86, 7]","[153.15, 13]",144.51,88,16.7,0.55
07:43:40,"[143.51, 37]","[140.81, 111]","[154.0, 33]","[155.0, 11]",148.76,192,10.49,0.54
07:43:41,"[150.25, 112]","[132.19, 36]","[153.78, 27]","[154.47, 17]",152.01,192,3.53,0.54
07:43:42,"[152.08, 48]","[136.17, 29]","[154.05, 20]","[155.3, 10]",153.07,107,1.97,0.44
07:43:43,"[153.29, 7]","[75.14, 7]","[155.09, 11]","[379.11, 18]",154.19,43,1.81,-0.35
07:43:44,"[75.33, 6]","[0, 0]","[152.5, 6]","[156.0, 6]",113.92,18,77.17,-0.33
07:43:45,"[89.8, 30]","[88.0, 5]","[151.0, 5]","[156.0, 5]",120.4,45,61.2,0.56
07:43:46,"[91.0, 30]","[48.21, 82]","[245.94, 16]","[351.2, 20]",168.47,148,154.94,0.51
07:43:47,"[117.07, 14]","[76.81, 54]","[426.43, 21]","[556.29, 14]",271.75,103,309.36,0.32
07:43:48,"[119.0, 20]","[118.0, 70]","[330.77, 30]","[470.88, 24]",224.88,144,211.77,0.25
07:43:49,"[154.1, 20]","[122.6, 20]","[351.71, 14]","[548.36, 22]",252.91,76,197.61,0.05
07:43:50,"[163.77, 60]","[162.0, 10]","[467.75, 24]","[566.47, 34]",315.76,128,303.98,0.09
07:43:51,"[164.14, 35]","[162.0, 7]","[335.0, 10]","[492.53, 17]",249.57,69,170.86,0.22
07:43:52,"[165.0, 40]","[162.0, 8]","[537.81, 27]","[631.75, 12]",351.41,87,372.81,0.1
07:43:53,"[165.11, 28]","[164.25, 20]","[555.75, 32]","[638.24, 29]",360.43,109,390.64,-0.12
07:43:54,"[165.06, 32]","[163.88, 16]","[636.6, 20]","[688.38, 29]",400.83,97,471.54,-0.01
07:43:55,"[164.4, 25]","[160.57, 14]","[548.0, 12]","[672.0, 36]",356.2,87,383.6,-0.1
07:43:56,"[162.0, 8]","[160.0, 16]","[359.25, 8]","[526.29, 14]",260.62,46,197.25,0.04
07:43:57,"[160.59, 17]","[159.13, 78]","[213.55, 22]","[227.74, 23]",187.07,140,52.96,0.36
07:43:58,"[160.0, 16]","[159.0, 110]","[202.4, 20]","[203.22, 18]",181.2,164,42.4,0.54
07:43:59,"[163.56, 72]","[159.08, 96]","[194.05, 22]","[202.87, 38]",178.8,228,30.49,0.47
07:44:00,"[164.0, 104]","[160.0, 13]","[199.58, 19]","[200.36, 33]",181.79,169,35.58,0.38
07:44:01,"[164.0, 24]","[160.0, 6]","[197.25, 8]","[198.75, 16]",180.62,54,33.25,0.11
07:44:02,"[163.49, 37]","[159.28, 53]","[192.63, 38]","[193.89, 27]",178.06,155,29.15,0.16
07:44:03,"[161.0, 6]","[160.0, 6]","[189.83, 24]","[191.0, 6]",175.42,42,28.83,-0.43
07:44:04,"[161.0, 12]","[160.0, 12]","[187.26, 27]","[188.85, 33]",174.13,84,26.26,-0.43
07:44:05,"[159.6, 67]","[157.68, 80]","[186.29, 34]","[190.07, 27]",172.95,208,26.7,0.41
07:44:06,"[163.0, 27]","[159.0, 126]","[183.22, 27]","[184.61, 28]",173.11,208,20.22,0.47
07:44:07,"[159.1, 120]","[156.28, 151]","[180.64, 33]","[182.61, 31]",169.87,335,21.54,0.62
07:44:08,"[159.15, 162]","[156.87, 152]","[176.07, 57]","[177.14, 56]",167.61,427,16.92,0.47
07:44:09,"[160.78, 27]","[158.72, 97]","[172.34, 35]","[173.43, 28]",166.56,187,11.57,0.33
07:44:10,"[159.0, 165]","[156.0, 132]","[168.04, 57]","[169.11, 54]",163.52,408,9.04,0.46
07:44:11,"[159.0, 68]","[156.0, 48]","[163.04, 27]","[164.89, 44]",161.02,187,4.04,0.24
07:44:12,"[157.3, 53]","[142.34, 70]","[159.88, 50]","[163.56, 45]",158.59,218,2.58,0.13
07:44:13,"[156.68, 38]","[148.28, 85]","[159.0, 48]","[166.0, 48]",157.84,219,2.32,0.12
07:44:14,"[156.0, 58]","[113.97, 73]","[157.43, 28]","[158.82, 44]",156.71,203,1.43,0.29
07:44:15,"[156.0, 48]","[108.07, 57]","[157.88, 34]","[200.39, 23]",156.94,162,1.88,0.3
07:44:16,"[156.0, 28]","[118.72, 29]","[157.89, 18]","[592.14, 7]",156.94,82,1.89,0.39
07:44:17,"[156.0, 56]","[119.5, 24]","[157.0, 24]","[375.29, 14]",156.5,118,1.0,0.36
07:44:18,"[156.0, 50]","[121.82, 34]","[258.36, 14]","[522.08, 12]",207.18,110,102.36,0.53
07:44:19,"[156.0, 36]","[146.33, 54]","[381.0, 9]","[487.56, 9]",268.5,108,225.0,0.67
07:44:20,"[157.39, 46]","[129.09, 65]","[385.0, 16]","[519.65, 17]",271.2,144,227.61,0.54
07:44:21,"[160.0, 10]","[150.67, 12]","[408.0, 6]","[607.8, 5]",284.0,33,248.0,0.33
07:44:22,"[152.23, 39]","[142.0, 28]","[246.72, 29]","[478.06, 17]",199.48,113,94.49,0.19
07:44:23,"[141.79, 28]","[131.86, 14]","[602.5, 10]","[652.54, 26]",372.14,78,460.71,0.08
07:44:24,"[120.33, 57]","[111.0, 33]","[177.23, 53]","[186.22, 41]",148.78,184,56.89,-0.02
07:44:25,"[132.02, 88]","[120.14, 69]","[175.1, 84]","[176.01, 79]",153.56,320,43.07,-0.02
07:44:26,"[160.76, 91]","[144.31, 58]","[170.71, 84]","[171.79, 86]",165.74,319,9.96,-0.07
07:44:27,"[162.4, 60]","[159.56, 81]","[166.03, 74]","[167.75, 61]",164.21,276,3.63,0.02
07:44:28,"[162.77, 65]","[159.71, 97]","[164.07, 60]","[165.44, 54]",163.42,276,1.3,0.17
07:44:29,"[160.0, 40]","[156.0, 70]","[161.29, 34]","[199.1, 21]",160.65,165,1.29,0.33
07:44:30,"[157.33, 54]","[155.78, 54]","[161.0, 48]","[211.0, 12]",159.17,168,3.67,0.29
07:44:31,"[156.0, 54]","[155.0, 18]","[160.56, 27]","[179.83, 18]",158.28,117,4.56,0.23
07:44:32,"[136.89, 61]","[120.48, 54]","[158.33, 48]","[165.15, 52]",147.61,215,21.45,0.07
07:44:33,"[128.45, 31]","[85.27, 11]","[153.0, 6]","[160.22, 18]",140.73,66,24.55,0.27
07:44:34,"[109.53, 19]","[38.33, 9]","[153.0, 4]","[154.0, 4]",131.26,36,43.47,0.56
07:44:35,"[79.0, 54]","[71.0, 9]","[151.08, 39]","[152.29, 17]",115.04,119,72.08,0.06
07:44:36,"[141.0, 6]","[79.0, 18]","[149.67, 12]","[153.0, 3]",145.33,39,8.67,0.23
07:44:37,"[97.0, 30]","[81.36, 22]","[148.0, 19]","[152.56, 9]",122.5,80,51.0,0.3
07:44:38,"[79.84, 43]","[59.63, 27]","[148.0, 10]","[152.0, 20]",113.92,100,68.16,0.4
07:44:39,"[93.0, 30]","[61.46, 26]","[151.2, 10]","[152.5, 8]",122.1,74,58.2,0.51
07:44:40,"[93.0, 20]","[49.5, 24]","[152.0, 8]","[153.0, 4]",122.5,56,59.0,0.57
07:44:41,"[94.0, 30]","[21.0, 24]","[152.57, 14]","[253.89, 9]",123.29,77,58.57,0.4
07:44:42,"[94.0, 40]","[0, 0]","[286.26, 31]","[365.0, 29]",190.13,100,192.26,-0.2
07:44:43,"[95.38, 40]","[18.0, 84]","[358.0, 32]","[390.62, 32]",226.69,188,262.62,0.32
07:44:44,"[96.29, 42]","[75.54, 69]","[251.63, 27]","[332.33, 36]",173.96,174,155.34,0.28
07:44:45,"[99.9, 39]","[98.36, 33]","[230.88, 32]","[233.38, 32]",165.39,136,130.98,0.06
07:44:46,"[102.19, 31]","[100.88, 32]","[229.71, 28]","[234.0, 28]",165.95,119,127.52,0.06
07:44:47,"[166.0, 28]","[154.93, 30]","[228.0, 28]","[234.0, 28]",197.0,114,62.0,0.02
07:44:48,"[166.0, 28]","[165.0, 28]","[227.71, 28]","[279.0, 28]",196.86,112,61.71,0.0
07:44:49,"[166.0, 40]","[165.0, 40]","[225.7, 40]","[279.0, 40]",195.85,160,59.7,0.0
07:44:50,"[165.29, 28]","[163.48, 33]","[224.71, 28]","[475.0, 28]",195.0,117,59.43,0.04
07:44:51,"[165.0, 34]","[163.0, 50]","[210.23, 22]","[287.54, 37]",187.61,143,45.23,0.17
07:44:52,"[165.0, 20]","[163.0, 50]","[189.0, 13]","[190.95, 37]",177.0,120,24.0,0.17
07:44:53,"[165.0, 14]","[163.0, 35]","[187.14, 28]","[189.0, 7]",176.07,84,22.14,0.17
07:44:54,"[164.5, 24]","[162.65, 69]","[185.91, 44]","[187.34, 29]",175.2,166,21.41,0.12
07:44:55,"[162.54, 35]","[161.92, 118]","[184.93, 41]","[186.75, 20]",173.73,214,22.38,0.43
07:44:56,"[162.0, 40]","[161.0, 25]","[183.5, 8]","[184.12, 17]",172.75,90,21.5,0.44
07:44:57,"[162.0, 69]","[161.0, 55]","[181.18, 44]","[183.0, 11]",171.59,179,19.18,0.39
07:44:58,"[162.0, 30]","[161.0, 50]","[179.48, 31]","[180.47, 19]",170.74,130,17.48,0.23
07:44:59,"[162.0, 36]","[161.0, 60]","[176.56, 18]","[263.67, 42]",169.28,156,14.56,0.23
07:45:00,"[162.0, 12]","[161.0, 20]","[177.0, 4]","[315.75, 16]",169.5,52,15.0,0.23
07:45:01,"[161.17, 72]","[159.5, 80]","[175.44, 16]","[236.28, 25]",168.3,193,14.27,0.58
07:45:02,"[160.27, 79]","[158.87, 63]","[171.0, 15]","[173.13, 15]",165.63,172,10.73,0.65
07:45:03,"[160.88, 33]","[158.94, 32]","[167.84, 19]","[168.71, 14]",164.36,98,6.96,0.33
07:45:04,"[159.81, 52]","[158.58, 24]","[165.0, 12]","[167.88, 25]",162.4,113,5.19,0.35
07:45:05,"[159.96, 54]","[158.9, 20]","[161.94, 34]","[162.78, 23]",160.95,131,1.98,0.13
07:45:06,"[158.9, 20]","[157.18, 34]","[161.05, 19]","[209.43, 23]",159.98,96,2.15,0.12
07:45:07,"[158.4, 20]","[156.12, 104]","[161.9, 50]","[260.0, 40]",160.15,214,3.5,0.16
07:45:08,"[156.37, 60]","[142.79, 126]","[160.18, 55]","[351.76, 33]",158.27,274,3.82,0.36
07:45:09,"[157.87, 23]","[156.06, 81]","[159.0, 53]","[307.98, 53]",158.43,210,1.13,-0.01
07:45:10,"[162.0, 42]","[156.7, 71]","[193.21, 52]","[198.35, 54]",177.61,219,31.21,0.03
07:45:11,"[164.0, 36]","[162.0, 27]","[192.07, 43]","[193.17, 29]",178.03,135,28.07,-0.07
07:45:12,"[163.64, 44]","[160.86, 35]","[189.73, 49]","[190.82, 55]",176.69,183,26.1,-0.14
07:45:13,"[162.0, 18]","[157.0, 25]","[185.9, 39]","[187.27, 33]",173.95,115,23.9,-0.25
07:45:14,"[162.0, 14]","[157.29, 21]","[185.0, 35]","[186.0, 21]",173.5,91,23.0,-0.23
07:45:15,"[162.0, 20]","[157.0, 30]","[184.0, 30]","[185.0, 50]",173.0,130,22.0,-0.23
07:45:16,"[156.16, 31]","[135.81, 32]","[182.71, 59]","[183.84, 45]",169.44,167,26.55,-0.25
07:45:17,"[151.69, 29]","[73.45, 31]","[179.44, 45]","[182.0, 27]",165.57,132,27.75,-0.09
07:45:18,"[157.46, 13]","[154.48, 23]","[177.05, 21]","[178.53, 19]",167.25,76,19.59,-0.05
07:45:19,"[166.5, 32]","[158.67, 60]","[175.38, 39]","[176.37, 49]",170.94,180,8.88,0.02
07:45:20,"[167.0, 33]","[159.0, 77]","[173.68, 53]","[175.14, 35]",170.34,198,6.68,0.11
07:45:21,"[160.0, 48]","[156.86, 49]","[170.88, 24]","[172.56, 27]",165.44,148,10.88,0.31
07:45:22,"[159.0, 56]","[156.0, 65]","[168.16, 50]","[169.29, 42]",163.58,213,9.16,0.14
07:45:23,"[157.8, 25]","[154.68, 79]","[161.6, 50]","[192.92, 48]",159.7,202,3.8,0.03
07:45:24,"[156.0, 55]","[142.39, 102]","[161.44, 32]","[195.82, 22]",158.72,211,5.44,0.49
07:45:25,"[93.37, 114]","[84.14, 57]","[159.92, 24]","[160.96, 46]",126.64,241,66.55,0.42
07:45:26,"[62.6, 80]","[35.52, 58]","[170.58, 19]","[182.81, 32]",116.59,189,107.98,0.46
07:45:27,"[105.6, 30]","[43.67, 36]","[245.0, 37]","[376.52, 33]",175.3,136,139.4,-0.03
07:45:28,"[148.09, 33]","[110.33, 33]","[349.65, 31]","[556.95, 19]",248.87,116,201.55,0.14
07:45:29,"[165.34, 38]","[163.32, 34]","[279.0, 60]","[485.75, 24]",222.17,156,113.66,-0.08
07:45:30,"[166.75, 36]","[164.76, 46]","[289.35, 57]","[534.07, 30]",228.05,169,122.6,-0.03
07:45:31,"[166.0, 15]","[163.0, 45]","[558.6, 10]","[660.4, 10]",362.3,80,392.6,0.5
07:45:32,"[166.0, 21]","[163.0, 39]","[289.5, 32]","[563.0, 14]",227.75,106,123.5,0.13
07:45:33,"[166.0, 15]","[163.0, 5]","[301.45, 22]","[449.0, 13]",233.73,55,135.45,-0.27
07:45:34,"[166.0, 25]","[163.0, 9]","[395.19, 21]","[585.67, 18]",280.6,73,229.19,-0.07
07:45:35,"[166.0, 7]","[163.0, 7]","[379.45, 11]","[390.0, 32]",272.73,57,213.45,-0.51
07:45:36,"[166.0, 5]","[163.0, 5]","[377.8, 5]","[380.0, 25]",271.9,40,211.8,-0.5
07:45:37,"[161.38, 8]","[159.63, 30]","[376.58, 12]","[630.97, 32]",268.98,82,215.21,-0.07
07:45:38,"[159.0, 35]","[157.0, 10]","[261.76, 17]","[375.92, 13]",210.38,75,102.76,0.2
07:45:39,"[159.01, 78]","[157.34, 41]","[179.88, 48]","[185.5, 40]",169.44,207,20.86,0.15
07:45:40,"[159.03, 58]","[157.52, 54]","[174.8, 30]","[174.7, 30]",166.92,172,15.77,0.3
07:45:41,"[159.0, 58]","[157.0, 45]","[168.84, 25]","[171.72, 29]",163.92,157,9.84,0.31
07:45:42,"[162.85, 91]","[158.91, 132]","[167.0, 36]","[166.78, 36]",164.92,295,4.15,0.51
07:45:43,"[164.0, 40]","[163.0, 10]","[165.76, 46]","[300.4, 50]",164.88,146,1.76,-0.32
07:45:44,"[161.18, 38]","[159.71, 103]","[228.4, 42]","[176.07, 46]",194.79,229,67.22,0.23
07:45:45,"[164.0, 24]","[160.0, 40]","[400.75, 40]","[0, 0]",282.38,104,236.75,0.23
07:45:46,"[164.0, 12]","[160.0, 20]","[616.0, 20]","[0, 0]",390.0,52,452.0,0.23
07:45:47,"[164.0, 33]","[161.91, 115]","[246.94, 53]","[381.42, 33]",205.47,234,82.94,0.26
07:45:48,"[165.71, 21]","[162.53, 45]","[236.62, 24]","[331.36, 33]",201.17,123,70.91,0.07
07:45:49,"[162.79, 34]","[161.4, 40]","[219.5, 24]","[232.0, 30]",191.15,128,56.71,0.16
07:45:50,"[162.05, 44]","[160.64, 44]","[223.19, 27]","[233.03, 38]",192.62,153,61.14,0.15
07:45:51,"[163.0, 8]","[162.0, 56]","[229.62, 24]","[232.0, 40]",196.31,128,66.62,0.0
07:45:52,"[163.0, 10]","[162.0, 70]","[227.0, 30]","[289.33, 48]",195.0,158,64.0,0.01
07:45:53,"[162.2, 15]","[161.64, 33]","[224.0, 21]","[576.0, 28]",193.1,97,61.8,-0.01
07:45:54,"[162.0, 21]","[161.0, 21]","[222.14, 21]","[472.25, 32]",192.07,95,60.14,-0.12
07:45:55,"[162.0, 13]","[161.0, 15]","[222.0, 15]","[250.0, 20]",192.0,63,60.0,-0.11
07:45:56,"[162.0, 22]","[161.0, 30]","[220.8, 30]","[386.11, 45]",191.4,127,58.8,-0.18
07:45:57,"[162.0, 14]","[161.0, 42]","[212.41, 44]","[347.37, 59]",187.2,159,50.41,-0.3
07:45:58,"[161.17, 12]","[159.21, 58]","[190.14, 42]","[282.14, 42]",175.65,154,28.98,-0.09
07:45:59,"[161.0, 12]","[159.0, 72]","[186.25, 44]","[375.0, 40]",173.62,168,25.25,0.0
07:46:00,"[161.0, 8]","[159.0, 48]","[215.0, 24]","[502.5, 32]",188.0,112,54.0,0.0
07:46:01,"[159.27, 52]","[157.97, 87]","[208.86, 65]","[209.52, 73]",184.07,277,49.59,0.0
07:46:02,"[159.0, 55]","[156.61, 28]","[191.53, 38]","[205.48, 31]",175.26,152,32.53,0.09
07:46:03,"[159.0, 60]","[156.0, 42]","[191.93, 43]","[196.06, 35]",175.47,180,32.93,0.13
07:46:04,"[159.0, 60]","[156.0, 108]","[181.46, 35]","[182.4, 45]",170.23,248,22.46,0.35
07:46:05,"[159.0, 65]","[156.0, 117]","[177.63, 62]","[179.29, 28]",168.31,272,18.63,0.34
07:46:06,"[159.86, 35]","[157.07, 70]","[174.38, 39]","[175.36, 33]",167.12,177,14.53,0.19
07:46:07,"[160.36, 44]","[157.23, 122]","[169.94, 72]","[170.91, 67]",165.15,305,9.58,0.09
07:46:08,"[159.21, 29]","[156.21, 87]","[163.66, 47]","[164.45, 33]",161.43,196,4.45,0.18
07:46:09,"[156.96, 56]","[139.97, 117]","[160.02, 47]","[163.76, 50]",158.49,270,3.06,0.28
07:46:10,"[156.03, 130]","[124.02, 88]","[158.73, 77]","[198.58, 53]",157.38,348,2.7,0.25
07:46:11,"[156.11, 27]","[155.0, 24]","[158.53, 17]","[571.97, 38]",157.32,106,2.42,-0.04
07:46:12,"[154.71, 21]","[84.0, 13]","[423.29, 14]","[652.18, 34]",289.0,82,268.57,-0.17
07:46:13,"[159.12, 64]","[138.0, 36]","[502.75, 57]","[687.31, 64]",330.94,221,343.63,-0.1
07:46:14,"[166.0, 48]","[159.74, 38]","[216.75, 48]","[245.77, 52]",191.38,186,50.75,-0.08
07:46:15,"[166.0, 53]","[161.48, 58]","[201.14, 70]","[216.07, 70]",183.57,251,35.14,-0.12
07:46:16,"[161.58, 43]","[158.87, 53]","[213.0, 65]","[214.38, 65]",187.29,226,51.42,-0.15
07:46:17,"[161.0, 33]","[158.0, 44]","[209.27, 55]","[210.36, 55]",185.14,187,48.27,-0.18
07:46:18,"[161.0, 30]","[158.0, 40]","[208.5, 50]","[209.5, 50]",184.75,170,47.5,-0.18
07:46:19,"[160.45, 44]","[157.85, 54]","[206.5, 70]","[208.14, 70]",183.48,238,46.05,-0.18
07:46:20,"[156.8, 30]","[154.24, 51]","[191.34, 59]","[193.88, 59]",174.07,199,34.54,-0.19
07:46:21,"[156.0, 14]","[154.36, 39]","[183.0, 35]","[185.0, 35]",169.5,123,27.0,-0.14
07:46:22,"[156.33, 24]","[154.33, 48]","[181.83, 60]","[183.08, 60]",169.08,192,25.5,-0.25
07:46:23,"[158.27, 22]","[156.0, 22]","[180.0, 55]","[181.0, 55]",169.14,154,21.73,-0.43
07:46:24,"[161.31, 32]","[157.19, 136]","[177.79, 70]","[178.79, 70]",169.55,308,16.47,0.09
07:46:25,"[163.0, 12]","[158.0, 72]","[175.17, 30]","[177.0, 30]",169.08,144,12.17,0.17
07:46:26,"[158.24, 29]","[157.73, 89]","[173.78, 45]","[176.33, 45]",166.01,208,15.54,0.13
07:46:27,"[158.04, 125]","[156.8, 138]","[170.14, 81]","[171.45, 77]",164.09,421,12.1,0.25
07:46:28,"[158.0, 104]","[156.0, 204]","[167.3, 43]","[168.81, 58]",162.65,409,9.3,0.51
07:46:29,"[158.0, 112]","[156.0, 233]","[161.09, 43]","[162.35, 57]",159.55,445,3.09,0.55
07:46:30,"[158.0, 94]","[156.0, 208]","[159.88, 42]","[162.38, 53]",158.94,397,1.88,0.52
07:46:31,"[157.49, 86]","[155.97, 277]","[160.29, 49]","[179.86, 84]",158.89,496,2.8,0.46
07:46:32,"[156.0, 250]","[153.0, 39]","[159.0, 26]","[210.25, 63]",157.5,378,3.0,0.53
07:46:33,"[156.0, 126]","[142.68, 19]","[158.86, 14]","[526.89, 27]",157.43,186,2.86,0.56
07:46:34,"[156.11, 122]","[148.55, 154]","[611.65, 52]","[686.45, 55]",383.88,383,455.54,0.44
07:46:35,"[158.5, 28]","[156.0, 198]","[545.28, 29]","[625.11, 27]",351.89,282,386.78,0.6
07:46:36,"[160.14, 28]","[156.55, 88]","[486.18, 22]","[494.87, 30]",323.16,168,326.04,0.38
07:46:37,"[161.7, 20]","[157.81, 64]","[280.31, 51]","[426.0, 31]",221.01,166,118.61,0.01
07:46:38,"[163.0, 11]","[161.0, 22]","[207.0, 55]","[411.92, 24]",185.0,112,44.0,-0.41
07:46:39,"[163.0, 16]","[161.0, 32]","[204.54, 48]","[206.55, 53]",183.77,149,41.54,-0.36
07:46:40,"[160.5, 20]","[158.0, 55]","[199.56, 25]","[200.62, 34]",180.03,134,39.06,0.12
07:46:41,"[158.0, 52]","[156.0, 234]","[188.11, 28]","[193.53, 15]",173.05,329,30.11,0.74
07:46:42,"[158.0, 34]","[156.0, 230]","[171.76, 49]","[174.18, 49]",164.88,362,13.76,0.46
07:46:43,"[158.0, 34]","[156.0, 289]","[167.89, 46]","[169.34, 61]",162.95,430,9.89,0.5
07:46:44,"[158.0, 26]","[156.0, 243]","[161.73, 45]","[163.24, 25]",159.87,339,3.73,0.59
07:46:45,"[158.0, 73]","[156.0, 228]","[160.66, 38]","[163.37, 38]",159.33,377,2.66,0.6
07:46:46,"[158.0, 15]","[156.0, 190]","[161.42, 38]","[165.77, 13]",159.71,256,3.42,0.6
07:46:47,"[156.27, 81]","[146.56, 345]","[160.06, 34]","[161.06, 67]",158.17,527,3.79,0.62
07:46:48,"[156.0, 124]","[105.2, 80]","[302.06, 33]","[387.42, 26]",229.03,263,146.06,0.55
07:46:49,"[156.0, 66]","[96.0, 48]","[381.43, 14]","[466.9, 20]",268.71,148,225.43,0.54
07:46:50,"[158.12, 51]","[148.45, 76]","[293.89, 9]","[295.0, 45]",226.0,181,135.77,0.4
07:46:51,"[162.0, 12]","[156.22, 37]","[293.0, 4]","[447.5, 20]",227.5,73,131.0,0.34
07:46:52,"[162.0, 21]","[158.0, 28]","[293.0, 7]","[594.48, 33]",227.5,89,131.0,0.1
07:46:53,"[162.0, 30]","[158.0, 40]","[277.0, 30]","[293.0, 10]",219.5,110,115.0,0.27
07:46:54,"[159.11, 54]","[156.24, 167]","[291.85, 13]","[565.0, 45]",225.48,279,132.74,0.58
07:46:55,"[158.82, 55]","[156.5, 128]","[290.12, 8]","[600.0, 24]",224.47,215,131.31,0.7
07:46:56,"[161.6, 25]","[158.0, 40]","[288.4, 5]","[624.0, 15]",225.0,85,126.8,0.53
07:46:57,"[161.16, 49]","[156.71, 112]","[287.0, 8]","[706.0, 24]",224.08,193,125.84,0.67
07:46:58,"[158.0, 25]","[156.0, 96]","[285.0, 4]","[531.5, 12]",221.5,137,127.0,0.77
07:46:59,"[158.27, 75]","[147.46, 122]","[283.18, 39]","[311.0, 57]",220.72,293,124.91,0.34
07:47:00,"[156.49, 75]","[150.26, 170]","[277.66, 41]","[279.2, 25]",217.08,311,121.17,0.58
07:47:01,"[159.82, 34]","[156.97, 65]","[276.03, 29]","[277.11, 45]",217.93,173,116.21,0.14
07:47:02,"[160.87, 30]","[159.44, 55]","[273.0, 70]","[274.42, 86]",216.93,241,112.13,-0.29
07:47:03,"[156.35, 113]","[144.46, 39]","[269.47, 45]","[271.51, 57]",212.91,254,113.11,0.2
07:47:04,"[162.3, 70]","[154.32, 66]","[264.9, 50]","[265.89, 38]",213.6,224,102.6,0.21
07:47:05,"[163.0, 63]","[162.0, 54]","[252.8, 44]","[262.33, 45]",207.9,206,89.8,0.14
07:47:06,"[163.0, 84]","[162.0, 72]","[259.62, 56]","[260.83, 52]",211.31,264,96.62,0.18
07:47:07,"[162.94, 53]","[160.44, 81]","[255.73, 55]","[259.0, 11]",209.34,200,92.78,0.34
07:47:08,"[162.0, 30]","[158.73, 66]","[241.34, 47]","[254.83, 42]",201.67,185,79.34,0.04
07:47:09,"[160.24, 51]","[158.54, 37]","[250.06, 31]","[252.86, 35]",205.15,154,89.83,0.14
07:47:10,"[160.42, 43]","[158.34, 29]","[222.74, 42]","[234.37, 27]",191.58,141,62.32,0.02
07:47:11,"[166.0, 51]","[160.0, 85]","[198.24, 25]","[199.71, 80]",182.12,241,32.24,0.13
07:47:12,"[166.0, 30]","[160.0, 50]","[194.16, 38]","[196.39, 38]",180.08,156,28.16,0.03
07:47:13,"[166.0, 21]","[160.0, 35]","[189.52, 31]","[190.93, 27]",177.76,114,23.52,-0.02
07:47:14,"[166.0, 42]","[160.23, 52]","[188.0, 70]","[189.0, 70]",177.0,234,22.0,-0.2
07:47:15,"[166.0, 21]","[161.0, 14]","[187.16, 19]","[187.86, 35]",176.58,89,21.16,-0.21
07:47:16,"[166.0, 30]","[161.0, 20]","[172.08, 24]","[177.32, 40]",169.04,114,6.08,-0.12
07:47:17,"[164.97, 39]","[160.52, 42]","[176.04, 47]","[220.02, 55]",170.51,183,11.07,-0.11
07:47:18,"[160.32, 38]","[157.17, 63]","[187.0, 55]","[242.27, 44]",173.66,200,26.68,0.01
07:47:19,"[163.0, 28]","[162.0, 28]","[186.14, 37]","[187.54, 67]",174.57,160,23.14,-0.3
07:47:20,"[160.35, 34]","[156.48, 202]","[182.64, 70]","[185.0, 28]",171.5,334,22.29,0.41
07:47:21,"[159.38, 58]","[156.03, 440]","[179.22, 50]","[181.09, 35]",169.3,583,19.84,0.71
07:47:22,"[161.7, 81]","[156.26, 250]","[174.56, 90]","[175.44, 54]",168.13,475,12.85,0.39
07:47:23,"[158.0, 67]","[156.0, 403]","[172.59, 32]","[174.0, 59]",165.3,561,14.59,0.68
07:47:24,"[158.0, 63]","[156.22, 199]","[170.11, 45]","[172.0, 18]",164.06,325,12.11,0.61
07:47:25,"[158.0, 91]","[156.44, 223]","[166.59, 46]","[168.09, 33]",162.29,393,8.59,0.6
07:47:26,"[159.62, 56]","[156.89, 128]","[162.79, 38]","[163.73, 74]",161.21,296,3.16,0.24
07:47:27,"[159.2, 50]","[156.52, 181]","[161.49, 73]","[164.83, 24]",160.35,328,2.29,0.41
07:47:28,"[156.67, 24]","[155.91, 111]","[159.33, 15]","[399.5, 8]",158.0,158,2.67,0.71
07:47:29,"[156.38, 55]","[155.76, 127]","[277.47, 19]","[325.43, 14]",216.93,215,121.09,0.69
07:47:30,"[163.11, 76]","[155.8, 102]","[316.96, 51]","[317.57, 42]",240.03,271,153.86,0.31
07:47:31,"[166.0, 8]","[156.0, 8]","[313.5, 8]","[315.0, 10]",239.75,34,147.5,-0.06
07:47:32,"[166.0, 24]","[157.2, 15]","[312.15, 27]","[313.56, 27]",239.07,93,146.15,-0.16
07:47:33,"[166.0, 36]","[162.0, 9]","[308.15, 41]","[309.32, 41]",237.07,127,142.15,-0.29
07:47:34,"[166.0, 44]","[162.0, 11]","[301.89, 54]","[303.19, 53]",233.94,162,135.89,-0.32
07:47:35,"[162.23, 65]","[156.75, 32]","[297.15, 53]","[298.66, 53]",229.69,203,134.92,-0.04
07:47:36,"[161.0, 84]","[156.29, 42]","[249.82, 55]","[269.38, 58]",205.41,239,88.82,0.05
07:47:37,"[161.0, 84]","[157.67, 18]","[194.43, 51]","[196.25, 60]",177.72,213,33.43,-0.04
07:47:38,"[161.26, 69]","[160.4, 30]","[188.47, 59]","[189.4, 55]",174.87,213,27.21,-0.07
07:47:39,"[164.0, 22]","[161.0, 77]","[183.68, 40]","[185.3, 43]",173.84,182,19.68,0.09
07:47:40,"[164.0, 22]","[161.0, 77]","[178.64, 55]","[179.63, 52]",171.32,206,14.64,-0.04
07:47:41,"[164.0, 14]","[161.0, 49]","[174.14, 35]","[176.0, 35]",169.07,133,10.14,-0.05
07:47:42,"[164.0, 20]","[161.0, 70]","[172.86, 35]","[174.23, 47]",168.43,172,8.86,0.05
07:47:43,"[163.75, 32]","[161.99, 97]","[167.23, 56]","[168.83, 47]",165.49,232,3.48,0.11
07:47:44,"[162.64, 78]","[160.94, 72]","[164.58, 60]","[166.0, 24]",163.61,234,1.94,0.28
07:47:45,"[161.0, 91]","[159.0, 13]","[163.69, 65]","[166.0, 26]",162.35,195,2.69,0.07
07:47:46,"[161.0, 91]","[159.31, 13]","[162.85, 41]","[163.95, 44]",161.93,189,1.85,0.1
07:47:47,"[163.27, 22]","[160.2, 10]","[168.64, 11]","[187.48, 33]",165.95,76,5.36,-0.16
07:47:48,"[166.0, 40]","[162.0, 32]","[175.0, 8]","[266.0, 32]",170.5,112,9.0,0.29
07:47:49,"[166.0, 19]","[162.0, 44]","[306.54, 24]","[351.27, 44]",236.27,131,140.54,-0.04
07:47:50,"[166.0, 11]","[162.09, 35]","[231.1, 31]","[490.05, 41]",198.55,118,65.1,-0.22
07:47:51,"[166.0, 8]","[163.0, 8]","[180.0, 40]","[428.88, 25]",173.0,81,14.0,-0.6
07:47:52,"[162.8, 10]","[161.15, 26]","[516.11, 36]","[649.71, 28]",339.46,100,353.31,-0.28
07:47:53,"[161.14, 7]","[159.67, 9]","[495.76, 21]","[645.55, 22]",328.45,59,334.62,-0.46
07:47:54,"[158.67, 15]","[157.46, 13]","[261.11, 36]","[263.0, 36]",209.89,100,102.44,-0.44
07:47:55,"[156.0, 73]","[150.89, 35]","[257.36, 36]","[259.19, 43]",206.68,187,101.36,0.16
07:47:56,"[156.0, 30]","[155.0, 30]","[252.5, 36]","[255.35, 34]",204.25,130,96.5,-0.08
07:47:57,"[158.27, 22]","[131.94, 17]","[250.18, 51]","[252.7, 40]",204.22,130,91.9,-0.4
07:47:58,"[159.0, 22]","[155.0, 11]","[214.81, 47]","[239.71, 38]",186.9,118,55.81,-0.44
07:47:59,"[159.27, 22]","[156.71, 14]","[173.62, 26]","[174.78, 32]",166.44,94,14.34,-0.23
07:48:00,"[159.67, 12]","[158.33, 12]","[171.88, 16]","[173.0, 24]",165.77,64,12.21,-0.25
07:48:01,"[159.82, 22]","[156.33, 12]","[169.1, 30]","[171.0, 20]",164.46,84,9.28,-0.19
07:48:02,"[160.8, 60]","[151.73, 82]","[166.65, 81]","[167.67, 61]",163.73,284,5.85,0.0
07:48:03,"[156.0, 32]","[153.0, 288]","[161.0, 44]","[162.12, 40]",158.5,404,5.0,0.58
07:48:04,"[157.03, 31]","[153.08, 148]","[160.47, 30]","[210.7, 20]",158.75,229,3.43,0.56
07:48:05,"[158.0, 68]","[155.37, 86]","[161.65, 68]","[345.91, 23]",159.82,245,3.65,0.26
07:48:06,"[158.0, 40]","[156.0, 50]","[160.1, 40]","[236.22, 37]",159.05,167,2.1,0.08
07:48:07,"[158.0, 44]","[156.0, 55]","[563.45, 44]","[609.62, 37]",360.73,180,405.45,0.1
07:48:08,"[159.85, 80]","[156.7, 77]","[625.92, 24]","[639.38, 64]",392.88,245,466.07,0.28
07:48:09,"[166.0, 88]","[159.0, 55]","[267.27, 11]","[383.27, 15]",216.64,169,101.27,0.69
07:48:10,"[166.0, 56]","[159.86, 35]","[232.29, 7]","[235.0, 7]",199.14,105,66.29,0.73
07:48:11,"[166.0, 40]","[165.0, 25]","[232.0, 5]","[235.0, 5]",199.0,75,66.0,0.73
07:48:12,"[166.0, 96]","[165.0, 60]","[231.17, 12]","[248.83, 12]",198.58,180,65.17,0.73
07:48:13,"[166.0, 112]","[165.0, 70]","[228.62, 34]","[248.7, 23]",197.31,239,62.62,0.52
07:48:14,"[166.0, 73]","[165.0, 70]","[224.62, 29]","[225.71, 41]",195.31,213,58.62,0.34
07:48:15,"[166.0, 60]","[165.0, 60]","[221.0, 32]","[221.57, 28]",193.5,180,55.0,0.33
07:48:16,"[166.0, 52]","[165.0, 55]","[205.83, 18]","[219.27, 22]",185.92,147,39.83,0.46
07:48:17,"[165.0, 44]","[162.0, 66]","[206.16, 19]","[209.0, 17]",185.58,146,41.16,0.51
07:48:18,"[165.0, 48]","[162.0, 72]","[193.14, 42]","[196.43, 21]",179.07,183,28.14,0.31
07:48:19,"[163.85, 52]","[161.85, 52]","[195.0, 28]","[195.98, 43]",179.42,175,31.15,0.19
07:48:20,"[162.0, 20]","[160.0, 13]","[193.36, 50]","[194.71, 28]",177.68,111,31.36,-0.41
07:48:21,"[162.0, 6]","[160.0, 6]","[188.69, 13]","[191.12, 17]",175.35,42,26.69,-0.43
07:48:22,"[161.27, 11]","[158.52, 27]","[180.23, 13]","[189.7, 23]",170.75,74,18.96,0.03
07:48:23,"[158.3, 33]","[156.41, 123]","[186.14, 44]","[186.52, 50]",172.22,250,27.83,0.25
07:48:24,"[158.0, 14]","[156.0, 73]","[183.32, 25]","[184.2, 10]",170.66,122,25.32,0.43
07:48:25,"[158.0, 20]","[156.0, 98]","[172.4, 20]","[177.09, 22]",165.2,160,14.4,0.47
07:48:26,"[158.0, 14]","[156.0, 104]","[169.14, 49]","[170.05, 38]",163.57,205,11.14,0.15
07:48:27,"[157.23, 39]","[155.71, 98]","[165.84, 50]","[166.39, 76]",161.54,263,8.61,0.04
07:48:28,"[157.57, 86]","[155.77, 79]","[160.93, 30]","[163.25, 44]",159.25,239,3.36,0.38
07:48:29,"[156.32, 19]","[153.78, 45]","[158.85, 26]","[159.35, 17]",157.58,107,2.53,0.2
07:48:30,"[156.0, 12]","[152.12, 26]","[158.0, 12]","[159.0, 24]",157.0,74,2.0,0.03
07:48:31,"[154.33, 24]","[150.32, 37]","[157.22, 18]","[192.42, 38]",155.78,117,2.89,0.04
07:48:32,"[152.0, 50]","[110.1, 10]","[350.2, 45]","[579.1, 50]",251.1,155,198.2,-0.23
07:48:33,"[152.0, 25]","[116.2, 5]","[407.0, 25]","[508.0, 20]",279.5,75,255.0,-0.2
07:48:34,"[152.0, 45]","[109.0, 9]","[480.05, 39]","[546.88, 43]",316.03,136,328.05,-0.21
07:48:35,"[152.0, 16]","[134.38, 8]","[421.81, 37]","[502.42, 38]",286.91,99,269.81,-0.52
07:48:36,"[150.44, 18]","[122.53, 30]","[389.56, 25]","[365.93, 41]",270.0,114,239.12,-0.16
07:48:37,"[88.38, 52]","[77.5, 38]","[152.17, 29]","[153.97, 37]",120.28,156,63.79,0.15
07:48:38,"[105.0, 60]","[87.62, 64]","[150.57, 44]","[151.86, 29]",127.78,197,45.57,0.26
07:48:39,"[105.0, 12]","[85.6, 10]","[150.0, 3]","[152.0, 3]",127.5,28,45.0,0.57
07:48:40,"[106.08, 13]","[92.57, 7]","[150.0, 4]","[152.0, 4]",128.04,28,43.92,0.43
07:48:41,"[108.59, 29]","[72.8, 30]","[150.0, 9]","[152.0, 9]",129.29,77,41.41,0.53
07:48:42,"[110.14, 37]","[106.24, 50]","[153.05, 21]","[154.59, 37]",131.59,145,42.91,0.2
07:48:43,"[133.96, 28]","[119.11, 27]","[228.23, 39]","[272.4, 52]",181.1,146,94.27,-0.25
07:48:44,"[136.41, 46]","[135.42, 38]","[149.0, 32]","[172.55, 33]",142.71,149,12.59,0.13
07:48:45,"[142.11, 36]","[140.24, 34]","[149.0, 20]","[412.22, 36]",145.56,126,6.89,0.11
07:48:46,"[144.89, 37]","[143.55, 33]","[303.59, 34]","[454.12, 32]",224.24,136,158.7,0.03
07:48:47,"[149.06, 32]","[146.21, 42]","[396.06, 51]","[451.59, 34]",272.56,159,247.0,-0.07
07:48:48,"[162.36, 14]","[160.13, 38]","[335.78, 23]","[597.68, 41]",249.07,116,173.43,-0.1
07:48:49,"[162.04, 78]","[161.14, 35]","[619.51, 49]","[686.69, 32]",390.77,194,457.47,0.16
