Time,Bid1,Bid2,Ask1,Ask2,Mid-Price,Total_volume,Bid_ask_spread,Order_imbalance
07:30:00,"[0, 0]","[0, 0]","[0, 0]","[0, 0]",0.0,0,0.0,0.0
07:30:01,"[189.0, 4]","[0, 0]","[0, 0]","[0, 0]",94.5,4,-189.0,1.0
07:30:02,"[161.45, 31]","[142.69, 13]","[223.0, 10]","[475.0, 4]",192.23,58,61.55,0.52
07:30:03,"[167.16, 19]","[156.71, 14]","[223.0, 15]","[410.0, 12]",195.08,60,55.84,0.1
07:30:04,"[169.25, 24]","[167.0, 64]","[222.89, 37]","[402.05, 21]",196.07,146,53.64,0.21
07:30:05,"[173.05, 57]","[171.81, 97]","[213.81, 57]","[218.3, 43]",193.43,254,40.75,0.21
07:30:06,"[174.6, 15]","[172.0, 40]","[205.0, 25]","[208.0, 10]",189.8,90,30.4,0.22
07:30:07,"[177.42, 43]","[175.22, 36]","[203.0, 14]","[205.0, 35]",190.21,128,25.58,0.23
07:30:08,"[178.0, 72]","[175.0, 27]","[199.72, 29]","[202.92, 24]",188.86,152,21.72,0.3
07:30:09,"[178.0, 80]","[175.0, 30]","[195.56, 36]","[196.4, 40]",186.78,186,17.56,0.18
07:30:10,"[179.21, 38]","[178.03, 89]","[194.26, 38]","[195.77, 71]",186.74,236,15.05,0.08
07:30:11,"[180.24, 114]","[179.07, 123]","[192.14, 51]","[193.51, 55]",186.19,343,11.9,0.38
07:30:12,"[182.33, 27]","[180.0, 27]","[192.0, 36]","[193.0, 27]",187.17,117,9.67,-0.08
07:30:13,"[183.94, 53]","[182.73, 33]","[190.75, 48]","[192.57, 37]",187.35,171,6.81,0.01
07:30:14,"[186.38, 39]","[185.1, 49]","[189.12, 51]","[192.12, 41]",187.75,180,2.73,-0.02
07:30:15,"[193.57, 28]","[187.33, 36]","[203.62, 8]","[319.14, 14]",198.6,86,10.05,0.49
07:30:16,"[203.41, 59]","[198.52, 63]","[218.0, 15]","[343.54, 26]",210.7,163,14.59,0.5
07:30:17,"[203.5, 30]","[200.75, 40]","[217.17, 24]","[351.2, 10]",210.33,104,13.67,0.35
07:30:18,"[203.27, 52]","[199.99, 72]","[215.87, 71]","[252.38, 16]",209.57,211,12.6,0.18
07:30:19,"[203.91, 44]","[202.45, 89]","[212.57, 35]","[213.98, 55]",208.24,223,8.66,0.19
07:30:20,"[203.0, 48]","[202.0, 102]","[211.78, 32]","[212.2, 44]",207.39,226,8.78,0.33
07:30:21,"[203.0, 68]","[201.96, 100]","[209.56, 41]","[210.28, 25]",206.28,234,6.56,0.44
07:30:22,"[203.0, 38]","[201.0, 54]","[207.09, 44]","[208.33, 12]",205.05,148,4.09,0.24
07:30:23,"[203.0, 39]","[201.0, 104]","[206.65, 26]","[207.1, 41]",204.83,210,3.65,0.36
07:30:24,"[201.44, 72]","[200.75, 55]","[207.56, 25]","[257.13, 30]",204.5,182,6.12,0.4
07:30:25,"[201.0, 72]","[199.0, 9]","[211.05, 19]","[212.6, 10]",206.03,110,10.05,0.47
07:30:26,"[201.0, 96]","[199.0, 12]","[208.35, 52]","[209.58, 36]",204.67,196,7.35,0.1
07:30:27,"[201.0, 84]","[199.0, 16]","[204.75, 48]","[205.94, 48]",202.88,196,3.75,0.02
07:30:28,"[198.68, 31]","[197.38, 13]","[202.13, 55]","[205.13, 47]",200.4,146,3.45,-0.4
07:30:29,"[197.0, 60]","[192.0, 10]","[199.4, 30]","[201.0, 50]",198.2,150,2.4,-0.07
07:30:30,"[190.91, 45]","[189.25, 16]","[198.97, 38]","[247.04, 49]",194.94,148,8.06,-0.18
07:30:31,"[183.23, 65]","[179.38, 86]","[194.0, 45]","[206.0, 18]",188.62,214,10.77,0.41
07:30:32,"[184.0, 112]","[157.74, 70]","[194.77, 26]","[201.98, 47]",189.38,255,10.77,0.43
07:30:33,"[185.67, 36]","[174.18, 44]","[196.15, 13]","[197.31, 13]",190.91,106,10.49,0.51
07:30:34,"[186.1, 127]","[180.45, 88]","[196.0, 12]","[198.0, 12]",191.05,239,9.9,0.8
07:30:35,"[188.71, 84]","[183.0, 56]","[196.0, 7]","[198.0, 7]",192.36,154,7.29,0.82
07:30:36,"[189.0, 36]","[183.0, 24]","[195.4, 5]","[197.33, 3]",192.2,68,6.4,0.76
07:30:37,"[189.0, 60]","[183.0, 40]","[194.8, 15]","[196.0, 5]",191.9,120,5.8,0.67
07:30:38,"[189.74, 65]","[183.38, 95]","[195.19, 16]","[200.54, 39]",192.46,215,5.45,0.49
07:30:39,"[192.33, 3]","[190.0, 36]","[198.0, 3]","[199.0, 12]",195.17,54,5.67,0.44
07:30:40,"[193.62, 8]","[190.37, 41]","[201.0, 16]","[393.27, 26]",197.31,91,7.38,0.08
07:30:41,"[194.99, 100]","[193.89, 9]","[201.0, 18]","[412.72, 43]",198.0,170,6.01,0.28
07:30:42,"[195.02, 119]","[194.75, 32]","[201.0, 20]","[286.87, 46]",198.01,217,5.98,0.39
07:30:43,"[197.89, 65]","[195.13, 77]","[286.74, 27]","[368.98, 50]",242.32,219,88.85,0.3
07:30:44,"[198.65, 94]","[199.33, 30]","[284.4, 10]","[358.0, 50]",241.52,184,85.75,0.35
07:30:45,"[200.76, 21]","[199.99, 111]","[227.96, 47]","[254.05, 19]",214.36,198,27.2,0.33
07:30:46,"[200.0, 55]","[199.0, 5]","[226.8, 5]","[375.81, 21]",213.4,86,26.8,0.4
07:30:47,"[200.0, 28]","[199.0, 4]","[226.0, 4]","[563.75, 20]",213.0,56,26.0,0.14
07:30:48,"[201.0, 30]","[199.0, 5]","[226.0, 5]","[615.74, 19]",213.5,59,25.0,0.19
07:30:49,"[202.22, 9]","[200.75, 8]","[225.0, 6]","[650.27, 22]",213.61,45,22.78,-0.24
07:30:50,"[202.0, 4]","[198.0, 16]","[223.75, 4]","[669.5, 20]",212.88,44,21.75,-0.09
07:30:51,"[203.67, 42]","[202.27, 15]","[222.11, 9]","[569.67, 45]",212.89,111,18.44,0.03
07:30:52,"[204.44, 18]","[203.6, 20]","[219.29, 7]","[677.0, 35]",211.87,80,14.84,-0.05
07:30:53,"[205.0, 9]","[203.0, 6]","[219.0, 3]","[555.57, 14]",212.0,32,14.0,-0.06
07:30:54,"[206.0, 27]","[203.0, 18]","[218.22, 9]","[252.0, 36]",212.11,90,12.22,0.0
07:30:55,"[207.0, 18]","[204.8, 20]","[216.67, 12]","[223.76, 21]",211.83,71,9.67,0.07
07:30:56,"[207.0, 8]","[204.0, 16]","[215.0, 8]","[216.0, 8]",211.0,40,8.0,0.2
07:30:57,"[207.0, 6]","[202.8, 15]","[214.14, 14]","[215.33, 6]",210.57,41,7.14,0.02
07:30:58,"[207.82, 34]","[203.31, 26]","[211.88, 8]","[213.5, 16]",209.85,84,4.05,0.43
07:30:59,"[208.0, 112]","[207.0, 8]","[210.0, 20]","[210.8, 10]",209.0,150,2.0,0.6
07:31:00,"[208.0, 145]","[207.0, 15]","[242.17, 46]","[353.73, 26]",225.09,232,34.17,0.38
07:31:01,"[208.0, 60]","[207.0, 10]","[351.73, 30]","[424.1, 42]",279.87,142,143.73,-0.01
07:31:02,"[208.0, 28]","[207.0, 7]","[310.41, 27]","[311.38, 21]",259.2,83,102.41,-0.16
07:31:03,"[208.0, 32]","[207.0, 8]","[307.96, 27]","[309.07, 29]",257.98,96,99.96,-0.17
07:31:04,"[208.0, 32]","[207.0, 8]","[304.08, 26]","[305.2, 30]",256.04,96,96.08,-0.17
07:31:05,"[208.0, 48]","[207.0, 12]","[300.91, 43]","[302.37, 41]",254.45,144,92.91,-0.17
07:31:06,"[207.71, 21]","[203.69, 29]","[297.46, 37]","[298.93, 40]",252.59,127,89.75,-0.21
07:31:07,"[203.17, 30]","[201.33, 63]","[293.64, 39]","[294.77, 47]",248.4,179,90.47,0.04
07:31:08,"[202.0, 27]","[200.0, 45]","[288.62, 26]","[290.23, 22]",245.31,120,86.62,0.2
07:31:09,"[200.0, 12]","[199.0, 8]","[287.0, 16]","[288.0, 4]",243.5,40,87.0,0.0
07:31:10,"[203.51, 51]","[202.67, 94]","[283.34, 38]","[284.52, 31]",243.43,214,79.83,0.36
07:31:11,"[203.52, 23]","[201.2, 15]","[266.0, 35]","[281.0, 28]",234.76,101,62.48,-0.25
07:31:12,"[203.0, 7]","[200.0, 21]","[264.93, 15]","[268.23, 26]",233.97,69,61.93,-0.19
07:31:13,"[203.0, 9]","[200.0, 27]","[262.74, 27]","[263.92, 13]",232.87,76,59.74,-0.05
07:31:14,"[203.0, 14]","[200.0, 42]","[261.9, 29]","[262.97, 36]",232.45,121,58.9,-0.07
07:31:15,"[203.0, 12]","[200.0, 36]","[259.17, 18]","[261.86, 42]",231.08,108,56.17,-0.11
07:31:16,"[203.0, 5]","[200.0, 15]","[257.6, 20]","[259.0, 5]",230.3,45,54.6,-0.11
07:31:17,"[203.0, 13]","[200.46, 39]","[255.61, 41]","[256.68, 19]",229.3,112,52.61,-0.07
07:31:18,"[203.36, 14]","[202.01, 79]","[251.4, 53]","[252.56, 39]",227.38,185,48.04,0.01
07:31:19,"[202.71, 17]","[201.24, 17]","[248.82, 22]","[249.89, 27]",225.76,83,46.11,-0.18
07:31:20,"[201.79, 38]","[200.71, 42]","[242.59, 54]","[243.96, 46]",222.19,180,40.8,-0.11
07:31:21,"[201.27, 22]","[200.33, 36]","[238.74, 54]","[239.71, 49]",220.01,161,37.47,-0.28
07:31:22,"[199.59, 151]","[198.07, 98]","[235.8, 40]","[236.04, 46]",217.69,335,36.21,0.49
07:31:23,"[203.0, 121]","[200.0, 22]","[229.82, 17]","[232.71, 31]",216.41,191,26.82,0.5
07:31:24,"[203.0, 80]","[200.0, 14]","[227.0, 28]","[229.0, 7]",215.0,129,24.0,0.46
07:31:25,"[203.0, 52]","[200.0, 20]","[225.71, 34]","[226.62, 16]",214.35,122,22.71,0.18
07:31:26,"[203.0, 33]","[200.0, 22]","[220.85, 20]","[222.11, 38]",211.93,113,17.85,-0.03
07:31:27,"[204.05, 60]","[201.8, 30]","[217.05, 42]","[218.56, 18]",210.55,150,13.0,0.2
07:31:28,"[206.55, 106]","[204.78, 59]","[214.17, 46]","[215.44, 25]",210.36,236,7.63,0.4
07:31:29,"[208.0, 148]","[207.0, 112]","[211.17, 58]","[212.29, 42]",209.59,360,3.17,0.44
07:31:30,"[206.79, 57]","[202.92, 36]","[208.42, 48]","[213.32, 47]",207.6,188,1.63,-0.01
07:31:31,"[203.0, 33]","[202.0, 33]","[207.18, 34]","[239.7, 33]",205.09,133,4.18,-0.01
07:31:32,"[203.0, 21]","[202.0, 30]","[205.4, 20]","[207.0, 40]",204.2,111,2.4,-0.08
07:31:33,"[203.0, 16]","[202.0, 24]","[204.38, 16]","[207.0, 32]",203.69,88,1.38,-0.09
07:31:34,"[202.05, 38]","[200.22, 27]","[235.54, 26]","[370.67, 30]",218.8,121,33.49,0.07
07:31:35,"[202.0, 36]","[200.0, 24]","[224.82, 17]","[276.17, 24]",213.41,101,22.82,0.19
07:31:36,"[202.0, 84]","[200.0, 26]","[230.95, 19]","[262.45, 22]",216.47,151,28.95,0.46
07:31:37,"[202.0, 71]","[200.0, 26]","[234.42, 31]","[281.15, 26]",218.21,154,32.42,0.26
07:31:38,"[203.81, 128]","[202.0, 32]","[228.41, 39]","[233.54, 41]",216.11,240,24.6,0.33
07:31:39,"[204.0, 90]","[202.0, 30]","[229.14, 35]","[231.25, 40]",216.57,195,25.14,0.23
07:31:40,"[204.4, 60]","[202.0, 20]","[227.3, 30]","[229.0, 20]",215.85,130,22.9,0.23
07:31:41,"[205.37, 114]","[202.0, 38]","[224.44, 39]","[226.08, 48]",214.9,239,19.07,0.27
07:31:42,"[206.0, 96]","[202.55, 22]","[221.59, 34]","[222.59, 34]",213.79,186,15.59,0.27
07:31:43,"[206.0, 27]","[202.0, 18]","[219.22, 36]","[221.0, 18]",212.61,99,13.22,-0.09
07:31:44,"[206.0, 30]","[203.08, 13]","[218.67, 30]","[219.67, 30]",212.33,103,12.67,-0.17
07:31:45,"[206.0, 33]","[202.44, 18]","[214.71, 28]","[215.61, 36]",210.36,115,8.71,-0.11
07:31:46,"[206.0, 12]","[202.0, 24]","[212.17, 24]","[214.0, 48]",209.08,108,6.17,-0.33
07:31:47,"[206.0, 10]","[202.0, 20]","[211.17, 24]","[213.38, 32]",208.58,86,5.17,-0.3
07:31:48,"[206.0, 10]","[202.0, 20]","[209.71, 34]","[210.54, 26]",207.85,90,3.71,-0.33
07:31:49,"[205.0, 8]","[201.2, 20]","[208.62, 32]","[211.0, 16]",206.81,76,3.62,-0.26
07:31:50,"[202.0, 12]","[200.0, 48]","[207.42, 48]","[211.0, 24]",204.71,132,5.42,-0.09
07:31:51,"[202.0, 12]","[200.0, 48]","[204.33, 30]","[205.7, 27]",203.17,117,2.33,0.03
07:31:52,"[200.67, 24]","[199.31, 58]","[202.22, 41]","[203.3, 20]",201.44,143,1.55,0.15
07:31:53,"[199.93, 45]","[198.42, 77]","[201.62, 32]","[247.29, 28]",200.78,182,1.69,0.34
07:31:54,"[201.05, 74]","[198.82, 100]","[204.0, 14]","[436.46, 26]",202.53,214,2.95,0.63
07:31:55,"[202.5, 18]","[200.72, 50]","[204.0, 13]","[676.38, 13]",203.25,94,1.5,0.45
07:31:56,"[202.12, 25]","[200.13, 94]","[204.0, 14]","[527.57, 14]",203.06,147,1.88,0.62
07:31:57,"[202.25, 24]","[200.32, 95]","[221.44, 16]","[493.5, 16]",211.84,151,19.19,0.58
07:31:58,"[201.0, 22]","[199.93, 91]","[297.48, 25]","[437.5, 14]",249.24,152,96.48,0.49
07:31:59,"[201.43, 56]","[199.5, 16]","[294.0, 20]","[524.6, 10]",247.71,102,92.57,0.41
07:32:00,"[202.15, 104]","[200.0, 26]","[293.0, 26]","[417.77, 13]",247.58,169,90.85,0.54
07:32:01,"[203.68, 96]","[200.0, 28]","[292.0, 28]","[437.0, 14]",247.84,166,88.32,0.49
07:32:02,"[204.45, 60]","[200.0, 22]","[292.0, 22]","[497.0, 11]",248.22,115,87.55,0.43
07:32:03,"[206.57, 28]","[204.5, 32]","[281.71, 21]","[321.4, 15]",244.14,96,75.14,0.25
07:32:04,"[207.0, 6]","[206.0, 18]","[220.0, 6]","[292.0, 12]",213.5,42,13.0,0.14
07:32:05,"[206.7, 10]","[205.23, 26]","[220.0, 8]","[292.0, 16]",213.35,60,13.3,0.2
07:32:06,"[206.0, 21]","[202.0, 35]","[218.43, 14]","[238.0, 8]",212.21,78,12.43,0.44
07:32:07,"[206.0, 27]","[202.76, 21]","[217.0, 21]","[267.11, 18]",211.5,87,11.0,0.1
07:32:08,"[205.25, 24]","[202.25, 48]","[212.11, 45]","[216.0, 18]",208.68,135,6.86,0.07
07:32:09,"[203.0, 16]","[202.0, 96]","[209.5, 16]","[210.71, 28]",206.25,156,6.5,0.44
07:32:10,"[202.0, 63]","[200.0, 14]","[208.47, 17]","[209.29, 17]",205.24,111,6.47,0.39
07:32:11,"[202.59, 88]","[201.86, 116]","[205.32, 44]","[272.95, 74]",203.95,322,2.73,0.27
07:32:12,"[202.0, 66]","[200.27, 22]","[205.27, 37]","[295.82, 55]",203.64,180,3.27,-0.02
07:32:13,"[201.57, 28]","[199.22, 23]","[203.73, 41]","[280.95, 42]",202.65,134,2.16,-0.24
07:32:14,"[200.0, 16]","[198.0, 24]","[202.24, 25]","[203.48, 31]",201.12,96,2.24,-0.17
07:32:15,"[198.49, 41]","[197.75, 40]","[201.62, 32]","[230.0, 42]",200.06,155,3.14,0.05
07:32:16,"[196.12, 50]","[186.18, 34]","[323.12, 43]","[357.86, 21]",259.62,148,127.0,0.14
07:32:17,"[195.0, 40]","[134.0, 24]","[521.0, 7]","[705.0, 21]",358.0,92,326.0,0.39
07:32:18,"[195.0, 35]","[125.67, 9]","[522.33, 9]","[707.42, 19]",358.67,72,327.33,0.22
07:32:19,"[196.17, 23]","[183.68, 19]","[250.17, 12]","[591.0, 11]",223.17,65,53.99,0.29
07:32:20,"[204.0, 12]","[197.0, 60]","[248.92, 25]","[284.0, 25]",226.46,122,44.92,0.18
07:32:21,"[206.0, 27]","[198.03, 31]","[247.33, 18]","[249.0, 27]",226.67,103,41.33,0.13
07:32:22,"[208.0, 19]","[199.32, 25]","[241.0, 29]","[245.0, 28]",224.5,101,33.0,-0.13
07:32:23,"[208.0, 13]","[207.0, 13]","[236.53, 36]","[240.2, 44]",222.26,106,28.53,-0.51
07:32:24,"[208.0, 8]","[207.0, 8]","[231.7, 20]","[234.4, 20]",219.85,56,23.7,-0.43
07:32:25,"[207.11, 9]","[199.32, 25]","[229.95, 22]","[230.7, 23]",218.53,79,22.84,-0.14
07:32:26,"[207.0, 7]","[199.0, 21]","[228.29, 14]","[230.0, 21]",217.64,63,21.29,-0.11
07:32:27,"[207.0, 12]","[199.0, 36]","[226.56, 25]","[228.8, 35]",216.78,108,19.56,-0.11
07:32:28,"[201.13, 15]","[198.14, 65]","[223.92, 36]","[225.0, 24]",212.52,140,22.78,0.14
07:32:29,"[206.43, 46]","[203.25, 24]","[222.52, 23]","[223.59, 34]",214.48,127,16.09,0.1
07:32:30,"[208.0, 58]","[203.0, 52]","[219.57, 30]","[221.85, 40]",213.78,180,11.57,0.22
07:32:31,"[208.0, 43]","[203.0, 90]","[216.73, 33]","[217.69, 49]",212.36,215,8.73,0.24
07:32:32,"[208.0, 10]","[203.0, 44]","[212.23, 26]","[213.48, 25]",210.12,105,4.23,0.03
07:32:33,"[208.0, 14]","[203.21, 28]","[210.43, 28]","[211.04, 54]",209.21,124,2.43,-0.32
07:32:34,"[203.65, 23]","[202.23, 26]","[208.48, 27]","[209.28, 25]",206.07,101,4.83,-0.03
07:32:35,"[202.4, 20]","[200.44, 54]","[203.95, 19]","[204.95, 44]",203.17,137,1.55,0.08
07:32:36,"[200.83, 48]","[199.91, 44]","[203.29, 24]","[204.73, 48]",202.06,164,2.46,0.12
07:32:37,"[200.04, 46]","[199.15, 26]","[202.98, 56]","[361.76, 49]",201.51,177,2.94,-0.19
07:32:38,"[201.78, 9]","[200.0, 36]","[203.0, 45]","[459.0, 45]",202.39,135,1.22,-0.33
07:32:39,"[198.2, 40]","[197.29, 56]","[202.36, 70]","[418.29, 70]",200.28,236,4.16,-0.19
07:32:40,"[198.75, 48]","[197.58, 31]","[201.12, 80]","[284.48, 52]",199.94,211,2.38,-0.25
07:32:41,"[197.5, 18]","[196.08, 37]","[248.84, 50]","[285.39, 38]",223.17,143,51.34,-0.23
07:32:42,"[196.32, 31]","[195.36, 55]","[257.7, 30]","[262.45, 33]",227.01,149,61.38,0.15
07:32:43,"[196.0, 30]","[195.0, 47]","[255.84, 38]","[261.42, 19]",225.92,134,59.84,0.15
07:32:44,"[197.33, 54]","[189.33, 82]","[253.51, 37]","[254.02, 41]",225.42,214,56.18,0.27
07:32:45,"[202.0, 35]","[195.0, 42]","[250.47, 15]","[251.07, 27]",226.23,119,48.47,0.29
07:32:46,"[202.0, 70]","[196.8, 75]","[247.39, 18]","[249.14, 66]",224.69,229,45.39,0.27
07:32:47,"[202.0, 38]","[198.0, 50]","[245.3, 10]","[247.0, 50]",223.65,148,43.3,0.19
07:32:48,"[199.95, 37]","[197.57, 35]","[244.45, 11]","[247.0, 55]",222.2,138,44.51,0.04
07:32:49,"[201.83, 42]","[199.19, 53]","[243.33, 9]","[247.0, 45]",222.58,149,41.5,0.28
07:32:50,"[205.15, 54]","[203.92, 96]","[242.0, 12]","[247.0, 60]",223.57,222,36.85,0.35
07:32:51,"[206.0, 84]","[203.0, 14]","[241.43, 7]","[247.0, 35]",223.71,140,35.43,0.4
07:32:52,"[206.0, 132]","[203.0, 22]","[240.27, 15]","[246.86, 51]",223.13,220,34.27,0.4
07:32:53,"[206.02, 98]","[204.74, 38]","[238.54, 35]","[288.15, 46]",222.28,217,32.52,0.25
07:32:54,"[207.0, 7]","[206.0, 77]","[236.0, 14]","[239.0, 35]",221.5,133,29.0,0.26
07:32:55,"[207.0, 17]","[206.0, 187]","[233.33, 43]","[236.63, 76]",220.16,323,26.33,0.26
07:32:56,"[206.35, 51]","[204.0, 18]","[231.14, 21]","[232.6, 30]",218.75,120,24.79,0.15
07:32:57,"[208.0, 39]","[206.0, 30]","[227.17, 48]","[228.95, 42]",217.58,159,19.17,-0.13
07:32:58,"[208.0, 9]","[206.0, 18]","[224.44, 45]","[226.0, 18]",216.22,90,16.44,-0.4
07:32:59,"[208.0, 11]","[206.0, 22]","[219.47, 34]","[220.77, 43]",213.74,110,11.47,-0.4
07:33:00,"[206.12, 34]","[203.4, 30]","[213.83, 36]","[216.41, 54]",209.98,154,7.72,-0.17
07:33:01,"[205.55, 40]","[202.81, 32]","[209.28, 29]","[210.92, 26]",207.41,127,3.73,0.13
07:33:02,"[201.37, 27]","[200.12, 17]","[203.94, 32]","[205.69, 32]",202.65,108,2.57,-0.19
07:33:03,"[200.43, 14]","[198.18, 44]","[205.04, 23]","[343.66, 35]",202.74,116,4.61,0.0
07:33:04,"[199.43, 7]","[197.86, 22]","[204.29, 7]","[205.09, 11]",201.86,47,4.86,0.23
07:33:05,"[196.09, 114]","[191.89, 76]","[200.44, 18]","[203.64, 22]",198.27,230,4.36,0.65
07:33:06,"[196.0, 81]","[157.0, 7]","[197.29, 14]","[226.88, 16]",196.64,118,1.29,0.49
07:33:07,"[196.02, 41]","[184.86, 14]","[343.33, 6]","[722.0, 13]",269.68,74,147.31,0.49
07:33:08,"[197.0, 8]","[196.0, 80]","[657.67, 18]","[720.12, 17]",427.33,123,460.67,0.43
07:33:09,"[196.89, 18]","[195.65, 65]","[500.06, 31]","[736.0, 4]",348.48,118,303.18,0.41
07:33:10,"[208.0, 8]","[198.0, 4]","[508.0, 16]","[0, 0]",358.0,28,300.0,-0.14
07:33:11,"[207.74, 19]","[201.88, 17]","[746.0, 40]","[0, 0]",476.87,76,538.26,-0.05
07:33:12,"[196.88, 42]","[174.59, 27]","[600.32, 25]","[604.45, 33]",398.6,127,403.44,0.09
07:33:13,"[196.08, 78]","[157.87, 47]","[601.45, 31]","[666.5, 16]",398.76,172,405.37,0.45
07:33:14,"[196.0, 72]","[113.0, 32]","[340.09, 35]","[450.86, 28]",268.04,167,144.09,0.25
07:33:15,"[196.92, 26]","[190.39, 82]","[208.87, 46]","[263.4, 50]",202.9,204,11.95,0.06
07:33:16,"[199.0, 6]","[196.0, 54]","[208.0, 18]","[209.0, 30]",203.5,108,9.0,0.11
07:33:17,"[199.0, 12]","[196.0, 108]","[207.42, 36]","[209.0, 60]",203.21,216,8.42,0.11
07:33:18,"[199.0, 9]","[196.0, 81]","[205.84, 31]","[207.73, 41]",202.42,162,6.84,0.11
07:33:19,"[195.87, 46]","[189.38, 74]","[202.25, 48]","[205.0, 80]",199.06,248,6.38,-0.03
07:33:20,"[195.0, 50]","[164.55, 31]","[199.78, 27]","[203.11, 57]",197.39,165,4.78,-0.02
07:33:21,"[195.0, 8]","[130.0, 20]","[200.38, 24]","[206.15, 34]",197.69,86,5.38,-0.35
07:33:22,"[195.0, 10]","[146.67, 30]","[200.0, 30]","[205.86, 44]",197.5,114,5.0,-0.3
07:33:23,"[196.4, 10]","[142.95, 22]","[199.35, 31]","[201.7, 30]",197.88,93,2.95,-0.31
07:33:24,"[197.0, 10]","[195.0, 10]","[198.75, 24]","[204.2, 30]",197.88,74,1.75,-0.46
07:33:25,"[195.4, 10]","[134.2, 10]","[198.17, 12]","[203.61, 18]",196.78,50,2.77,-0.2
07:33:26,"[195.0, 12]","[98.5, 12]","[196.92, 12]","[198.38, 21]",195.96,57,1.92,-0.16
07:33:27,"[146.18, 39]","[124.53, 36]","[198.21, 53]","[204.46, 56]",172.19,184,52.03,-0.18
07:33:28,"[107.67, 24]","[86.81, 48]","[195.64, 53]","[195.67, 33]",151.65,158,87.97,-0.09
07:33:29,"[156.0, 62]","[137.67, 12]","[190.42, 12]","[192.46, 26]",173.21,112,34.42,0.32
07:33:30,"[157.33, 60]","[153.71, 28]","[188.08, 12]","[189.92, 12]",172.71,112,30.75,0.57
07:33:31,"[158.25, 60]","[153.21, 24]","[188.0, 12]","[190.0, 12]",173.12,108,29.75,0.56
07:33:32,"[161.0, 60]","[159.58, 60]","[190.67, 12]","[192.0, 12]",175.83,144,29.67,0.67
07:33:33,"[168.16, 61]","[164.77, 65]","[194.0, 13]","[197.0, 39]",181.08,178,25.84,0.42
07:33:34,"[168.14, 35]","[166.29, 35]","[196.82, 17]","[253.0, 9]",182.48,96,28.68,0.46
07:33:35,"[170.0, 50]","[169.0, 50]","[196.0, 15]","[225.0, 15]",183.0,130,26.0,0.54
07:33:36,"[171.83, 30]","[170.67, 30]","[196.0, 9]","[235.33, 9]",183.92,78,24.17,0.54
07:33:37,"[172.75, 40]","[171.0, 40]","[197.0, 16]","[412.35, 20]",184.88,116,24.25,0.38
07:33:38,"[175.58, 60]","[173.92, 60]","[196.11, 73]","[226.09, 66]",185.85,259,20.53,-0.07
07:33:39,"[178.78, 45]","[177.56, 45]","[195.71, 56]","[196.64, 47]",187.25,193,16.94,-0.07
07:33:40,"[179.67, 45]","[178.22, 45]","[195.29, 28]","[196.35, 23]",187.48,141,15.62,0.28
07:33:41,"[188.85, 33]","[185.37, 27]","[365.0, 27]","[601.0, 9]",276.92,96,176.15,0.25
07:33:42,"[202.21, 29]","[199.3, 46]","[445.25, 60]","[498.61, 36]",323.73,171,243.04,-0.12
07:33:43,"[202.0, 40]","[194.0, 20]","[413.77, 22]","[471.21, 34]",307.89,116,211.77,0.03
07:33:44,"[199.19, 64]","[196.6, 75]","[270.59, 22]","[344.68, 28]",234.89,189,71.4,0.47
07:33:45,"[197.0, 108]","[194.0, 18]","[317.44, 9]","[501.67, 12]",257.22,147,120.44,0.71
07:33:46,"[197.45, 88]","[196.45, 150]","[311.0, 37]","[418.82, 28]",254.23,303,113.55,0.57
07:33:47,"[198.0, 33]","[197.0, 164]","[224.05, 38]","[270.85, 13]",211.03,248,26.05,0.59
07:33:48,"[197.14, 114]","[196.74, 108]","[223.69, 52]","[267.69, 13]",210.42,287,26.55,0.55
07:33:49,"[201.14, 69]","[197.05, 151]","[215.29, 62]","[218.08, 50]",208.22,332,14.15,0.33
07:33:50,"[198.0, 9]","[197.0, 81]","[210.47, 34]","[212.14, 28]",204.24,152,12.47,0.18
07:33:51,"[198.0, 12]","[197.0, 108]","[205.08, 48]","[207.33, 36]",201.54,204,7.08,0.18
07:33:52,"[197.12, 51]","[196.35, 69]","[199.26, 38]","[200.73, 44]",198.19,202,2.15,0.19
07:33:53,"[197.0, 87]","[194.0, 30]","[198.0, 20]","[200.0, 40]",197.5,177,1.0,0.32
07:33:54,"[197.0, 36]","[194.0, 30]","[264.81, 16]","[381.21, 34]",230.91,116,67.81,0.14
07:33:55,"[201.71, 14]","[195.75, 24]","[365.4, 10]","[415.5, 10]",283.56,58,163.69,0.31
07:33:56,"[208.0, 7]","[204.08, 24]","[428.0, 7]","[437.0, 7]",318.0,45,220.0,0.38
07:33:57,"[208.0, 9]","[207.0, 63]","[229.54, 35]","[271.53, 17]",218.77,124,21.54,0.16
07:33:58,"[208.0, 10]","[207.0, 70]","[222.39, 46]","[237.62, 26]",215.2,152,14.39,0.05
07:33:59,"[208.0, 9]","[207.0, 63]","[222.78, 45]","[570.07, 27]",215.39,144,14.78,0.0
07:34:00,"[207.05, 44]","[206.28, 50]","[222.0, 40]","[368.25, 8]",214.52,142,14.95,0.32
07:34:01,"[207.0, 67]","[206.0, 60]","[235.15, 41]","[379.0, 21]",221.07,189,28.15,0.34
07:34:02,"[207.0, 36]","[206.0, 36]","[247.0, 24]","[384.0, 24]",227.0,120,40.0,0.2
07:34:03,"[207.0, 54]","[206.0, 54]","[246.0, 36]","[429.5, 30]",226.5,174,39.0,0.24
07:34:04,"[206.52, 50]","[205.45, 66]","[244.31, 51]","[409.62, 52]",225.42,219,37.79,0.06
07:34:05,"[203.31, 32]","[201.74, 19]","[227.69, 26]","[309.7, 30]",215.5,107,24.38,-0.05
07:34:06,"[202.04, 25]","[199.89, 19]","[245.0, 32]","[493.75, 24]",223.52,100,42.96,-0.12
07:34:07,"[201.0, 18]","[200.0, 12]","[244.0, 24]","[627.5, 12]",222.5,66,43.0,-0.09
07:34:08,"[201.0, 12]","[200.0, 8]","[244.0, 16]","[353.6, 10]",222.5,46,43.0,-0.13
07:34:09,"[202.4, 15]","[200.47, 19]","[242.5, 32]","[313.75, 16]",222.45,82,40.1,-0.17
07:34:10,"[201.5, 12]","[200.0, 12]","[238.4, 20]","[271.5, 18]",219.95,62,36.9,-0.23
07:34:11,"[203.0, 18]","[199.71, 14]","[240.33, 39]","[299.4, 30]",221.67,101,37.33,-0.37
07:34:12,"[204.25, 24]","[199.25, 12]","[236.29, 51]","[237.22, 54]",220.27,141,32.04,-0.49
07:34:13,"[205.9, 20]","[200.0, 10]","[230.53, 36]","[232.0, 29]",218.21,95,24.63,-0.37
07:34:14,"[206.0, 16]","[200.0, 8]","[227.76, 21]","[229.0, 36]",216.88,81,21.76,-0.41
07:34:15,"[206.0, 12]","[200.0, 6]","[224.74, 27]","[225.67, 18]",215.37,63,18.74,-0.43
07:34:16,"[201.38, 52]","[198.86, 72]","[222.79, 48]","[224.05, 42]",212.09,214,21.41,0.16
07:34:17,"[202.0, 52]","[199.0, 104]","[219.88, 43]","[220.39, 44]",210.94,243,17.88,0.28
07:34:18,"[203.05, 38]","[199.79, 76]","[214.67, 15]","[217.22, 45]",208.86,174,11.61,0.31
07:34:19,"[200.16, 67]","[198.89, 57]","[210.56, 32]","[211.81, 27]",205.36,183,10.4,0.36
07:34:20,"[199.59, 63]","[198.67, 70]","[205.87, 30]","[206.36, 28]",202.73,191,6.28,0.39
07:34:21,"[199.0, 80]","[198.0, 80]","[203.8, 25]","[205.89, 55]",201.4,240,4.8,0.33
07:34:22,"[198.73, 74]","[197.93, 59]","[202.24, 59]","[205.07, 42]",200.48,234,3.51,0.14
07:34:23,"[198.0, 65]","[196.07, 42]","[204.19, 37]","[206.34, 61]",201.09,205,6.19,0.04
07:34:24,"[198.0, 14]","[196.0, 9]","[203.0, 7]","[208.0, 28]",200.5,58,5.0,-0.21
07:34:25,"[198.0, 18]","[196.0, 9]","[202.22, 9]","[325.5, 40]",200.11,76,4.22,-0.29
07:34:26,"[198.0, 18]","[126.25, 56]","[202.0, 9]","[444.0, 25]",200.0,108,4.0,0.37
07:34:27,"[198.0, 24]","[196.0, 144]","[202.0, 12]","[286.0, 14]",200.0,194,4.0,0.73
07:34:28,"[203.0, 14]","[196.59, 34]","[213.0, 7]","[418.0, 21]",208.0,76,10.0,0.26
07:34:29,"[200.15, 26]","[197.2, 30]","[279.46, 41]","[391.64, 33]",239.81,130,79.31,-0.14
07:34:30,"[198.32, 62]","[196.1, 41]","[306.12, 40]","[376.0, 50]",252.22,193,107.8,0.07
07:34:31,"[199.0, 45]","[198.0, 18]","[306.0, 45]","[554.0, 39]",252.5,147,107.0,-0.14
07:34:32,"[199.0, 55]","[198.0, 22]","[288.27, 55]","[343.25, 53]",243.64,185,89.27,-0.17
07:34:33,"[199.0, 33]","[198.0, 18]","[246.18, 38]","[289.29, 35]",222.59,124,47.18,-0.18
07:34:34,"[199.0, 14]","[198.0, 14]","[208.67, 30]","[209.65, 23]",203.83,81,9.67,-0.31
07:34:35,"[202.05, 59]","[198.22, 45]","[207.16, 56]","[208.23, 52]",204.61,212,5.11,-0.02
07:34:36,"[203.0, 80]","[199.0, 30]","[205.54, 63]","[305.8, 45]",204.27,218,2.54,0.01
07:34:37,"[205.27, 66]","[201.29, 42]","[230.27, 60]","[262.35, 48]",217.77,216,24.99,0.0
07:34:38,"[208.0, 26]","[204.29, 49]","[279.0, 30]","[280.0, 20]",243.5,125,71.0,0.2
07:34:39,"[206.15, 54]","[203.78, 54]","[278.17, 36]","[280.0, 24]",242.16,168,72.02,0.29
07:34:40,"[206.0, 41]","[203.0, 44]","[277.0, 33]","[280.0, 22]",241.5,140,71.0,0.21
07:34:41,"[205.0, 26]","[202.11, 53]","[276.06, 48]","[280.0, 32]",240.53,159,71.06,-0.01
07:34:42,"[202.0, 14]","[200.0, 42]","[274.33, 36]","[275.91, 23]",238.17,115,72.33,-0.03
07:34:43,"[201.31, 13]","[199.78, 27]","[257.49, 41]","[272.72, 25]",229.4,106,56.18,-0.25
07:34:44,"[198.42, 33]","[198.4, 20]","[253.62, 21]","[259.03, 33]",226.02,107,55.19,-0.01
07:34:45,"[198.0, 112]","[197.0, 30]","[248.8, 30]","[251.74, 38]",223.4,210,50.8,0.35
07:34:46,"[198.0, 143]","[197.0, 39]","[246.04, 27]","[301.57, 30]",222.02,239,48.04,0.52
07:34:47,"[197.9, 30]","[196.65, 31]","[242.62, 32]","[242.91, 23]",220.26,116,44.72,0.05
07:34:48,"[198.0, 24]","[194.08, 26]","[238.48, 23]","[239.82, 17]",218.24,90,40.48,0.11
07:34:49,"[202.0, 45]","[196.9, 51]","[237.58, 48]","[239.0, 12]",219.79,156,35.58,0.23
07:34:50,"[208.0, 48]","[199.58, 19]","[236.71, 17]","[237.26, 23]",222.35,107,28.71,0.25
07:34:51,"[208.0, 36]","[198.0, 18]","[236.0, 6]","[237.0, 24]",222.0,84,28.0,0.29
07:34:52,"[208.0, 60]","[198.0, 45]","[233.32, 25]","[235.32, 25]",220.66,155,25.32,0.35
07:34:53,"[208.0, 72]","[202.0, 72]","[228.42, 33]","[230.7, 27]",218.21,204,20.42,0.41
07:34:54,"[208.0, 60]","[202.0, 72]","[223.96, 45]","[223.85, 27]",215.98,204,15.96,0.29
07:34:55,"[208.0, 65]","[202.0, 120]","[219.84, 37]","[220.62, 52]",213.92,274,11.84,0.35
07:34:56,"[208.0, 65]","[203.05, 84]","[210.87, 45]","[219.14, 28]",209.43,222,2.87,0.34
07:34:57,"[207.94, 32]","[205.4, 15]","[209.38, 39]","[214.32, 41]",208.66,127,1.45,-0.26
07:34:58,"[207.0, 12]","[202.25, 160]","[210.0, 60]","[232.66, 58]",208.5,290,3.0,0.19
07:34:59,"[207.0, 11]","[202.0, 220]","[210.0, 55]","[268.0, 44]",208.5,330,3.0,0.4
07:35:00,"[202.0, 181]","[200.0, 78]","[209.48, 25]","[333.8, 46]",205.74,330,7.48,0.57
07:35:01,"[202.02, 102]","[200.41, 98]","[206.53, 15]","[209.0, 15]",204.28,230,4.51,0.74
07:35:02,"[202.0, 70]","[200.19, 48]","[203.8, 15]","[222.68, 25]",202.9,158,1.8,0.49
07:35:03,"[202.0, 45]","[201.0, 11]","[204.0, 11]","[237.0, 33]",203.0,100,2.0,0.12
07:35:04,"[202.0, 60]","[200.07, 75]","[204.0, 15]","[249.13, 45]",203.0,195,2.0,0.38
07:35:05,"[202.0, 14]","[200.0, 49]","[308.86, 21]","[349.62, 26]",255.43,110,106.86,0.15
07:35:06,"[200.45, 44]","[198.17, 120]","[294.37, 41]","[312.44, 54]",247.41,259,93.91,0.27
07:35:07,"[208.0, 18]","[200.0, 31]","[274.33, 27]","[295.45, 31]",241.17,107,66.33,-0.08
07:35:08,"[208.0, 20]","[200.0, 40]","[261.0, 30]","[278.0, 31]",234.5,121,53.0,-0.01
07:35:09,"[205.33, 18]","[198.89, 54]","[259.0, 27]","[363.84, 37]",232.17,136,53.67,0.06
07:35:10,"[200.0, 12]","[198.0, 60]","[258.83, 18]","[391.0, 19]",229.42,109,58.83,0.32
07:35:11,"[202.8, 60]","[199.45, 22]","[256.8, 30]","[402.75, 32]",229.8,144,54.0,0.14
07:35:12,"[203.33, 21]","[202.77, 53]","[255.11, 27]","[358.12, 32]",229.22,133,51.78,0.11
07:35:13,"[203.16, 50]","[202.1, 40]","[252.8, 30]","[253.8, 30]",227.98,150,49.64,0.2
07:35:14,"[204.44, 45]","[203.0, 63]","[252.0, 27]","[253.0, 27]",228.22,162,47.56,0.33
07:35:15,"[204.23, 35]","[202.76, 96]","[250.73, 45]","[252.2, 45]",227.48,221,46.5,0.19
07:35:16,"[204.64, 22]","[202.93, 86]","[245.8, 45]","[246.73, 45]",225.22,198,41.16,0.09
07:35:17,"[203.0, 61]","[200.0, 19]","[242.3, 33]","[243.41, 44]",222.65,157,39.3,0.02
07:35:18,"[203.0, 36]","[200.0, 12]","[236.63, 38]","[237.38, 32]",219.82,118,33.63,-0.19
07:35:19,"[202.5, 18]","[198.59, 17]","[232.27, 30]","[234.27, 11]",217.38,76,29.77,-0.08
07:35:20,"[198.93, 15]","[197.54, 52]","[215.12, 16]","[222.86, 28]",207.03,111,16.19,0.21
07:35:21,"[197.77, 47]","[196.99, 144]","[211.53, 36]","[213.85, 26]",204.65,253,13.76,0.51
07:35:22,"[197.12, 102]","[196.69, 32]","[207.48, 29]","[208.28, 39]",202.3,202,10.37,0.33
07:35:23,"[198.0, 126]","[195.31, 13]","[200.12, 17]","[201.6, 35]",199.06,191,2.12,0.46
07:35:24,"[198.3, 57]","[197.13, 75]","[200.0, 22]","[213.25, 36]",199.15,190,1.7,0.39
07:35:25,"[196.92, 71]","[196.19, 27]","[199.92, 13]","[236.0, 39]",198.42,150,3.01,0.31
07:35:26,"[196.0, 26]","[194.85, 13]","[198.75, 12]","[262.05, 43]",197.38,94,2.75,-0.17
07:35:27,"[196.0, 14]","[194.0, 14]","[363.77, 22]","[428.48, 23]",279.89,73,167.77,-0.23
07:35:28,"[198.82, 88]","[197.44, 66]","[276.85, 52]","[475.64, 42]",237.83,248,78.03,0.24
07:35:29,"[202.0, 148]","[201.0, 36]","[325.46, 39]","[421.5, 42]",263.73,265,123.46,0.39
07:35:30,"[202.0, 88]","[201.0, 24]","[267.0, 24]","[405.12, 32]",234.5,168,65.0,0.33
07:35:31,"[202.0, 99]","[201.0, 105]","[305.55, 33]","[457.09, 44]",253.77,281,103.55,0.45
07:35:32,"[202.0, 48]","[201.0, 96]","[347.0, 24]","[389.25, 32]",274.5,200,145.0,0.44
07:35:33,"[202.0, 42]","[201.0, 84]","[365.0, 24]","[387.71, 28]",283.5,178,163.0,0.42
07:35:34,"[202.0, 78]","[201.0, 156]","[349.62, 52]","[455.57, 42]",275.81,328,147.62,0.43
07:35:35,"[203.67, 18]","[202.0, 36]","[277.43, 23]","[419.84, 19]",240.55,96,73.77,0.12
07:35:36,"[205.0, 18]","[202.0, 48]","[573.55, 29]","[617.59, 27]",389.28,122,368.55,0.08
07:35:37,"[206.09, 11]","[202.5, 36]","[390.27, 44]","[560.5, 40]",298.18,131,184.18,-0.28
07:35:38,"[207.0, 9]","[205.0, 9]","[452.73, 30]","[518.33, 36]",329.87,84,245.73,-0.57
07:35:39,"[207.0, 10]","[205.0, 10]","[363.34, 32]","[469.27, 33]",285.17,85,156.34,-0.53
07:35:40,"[201.09, 97]","[200.6, 40]","[439.21, 29]","[456.55, 33]",320.15,199,238.11,0.38
07:35:41,"[201.0, 132]","[200.0, 24]","[388.56, 32]","[390.6, 30]",294.78,218,187.56,0.43
07:35:42,"[201.0, 99]","[200.0, 18]","[377.56, 16]","[376.45, 22]",289.28,155,176.56,0.51
07:35:43,"[201.0, 176]","[200.0, 32]","[224.77, 30]","[243.06, 35]",212.88,273,23.77,0.52
07:35:44,"[201.39, 128]","[200.85, 106]","[219.5, 46]","[221.27, 48]",210.45,328,18.11,0.43
07:35:45,"[202.13, 52]","[201.11, 91]","[218.73, 33]","[220.0, 33]",210.43,209,16.59,0.37
07:35:46,"[202.31, 168]","[201.41, 148]","[215.23, 22]","[216.17, 52]",208.77,390,12.92,0.62
07:35:47,"[205.0, 38]","[202.03, 91]","[210.18, 33]","[211.31, 29]",207.59,191,5.18,0.35
07:35:48,"[202.2, 59]","[201.49, 89]","[205.53, 15]","[206.95, 19]",203.87,182,3.33,0.63
07:35:49,"[202.0, 76]","[201.0, 20]","[204.3, 10]","[205.9, 20]",203.15,126,2.3,0.52
07:35:50,"[202.0, 98]","[201.0, 33]","[203.92, 13]","[220.81, 32]",202.96,176,1.92,0.49
07:35:51,"[202.0, 48]","[201.0, 18]","[206.0, 18]","[552.0, 16]",204.0,100,4.0,0.32
07:35:52,"[202.0, 85]","[201.0, 33]","[205.36, 33]","[327.0, 24]",203.68,175,3.36,0.35
07:35:53,"[202.0, 40]","[201.0, 24]","[205.0, 24]","[342.1, 20]",203.5,108,3.0,0.19
07:35:54,"[202.0, 16]","[201.0, 24]","[204.38, 24]","[355.0, 24]",203.19,88,2.38,-0.09
07:35:55,"[202.0, 9]","[201.0, 10]","[204.0, 18]","[355.0, 18]",203.0,55,2.0,-0.31
07:35:56,"[201.25, 16]","[200.33, 18]","[204.0, 24]","[474.12, 24]",202.62,82,2.75,-0.17
07:35:57,"[201.0, 13]","[200.0, 16]","[202.62, 24]","[545.12, 24]",201.81,77,1.62,-0.25
07:35:58,"[200.43, 7]","[197.32, 56]","[202.0, 15]","[428.0, 15]",201.21,93,1.57,0.35
07:35:59,"[197.32, 56]","[196.64, 77]","[350.4, 15]","[672.4, 15]",273.86,163,153.08,0.63
07:36:00,"[197.0, 275]","[106.36, 11]","[420.2, 15]","[468.45, 33]",308.6,334,223.2,0.71
07:36:01,"[202.93, 104]","[197.97, 109]","[418.65, 17]","[419.67, 24]",310.79,254,215.71,0.68
07:36:02,"[207.0, 66]","[201.0, 30]","[367.88, 8]","[418.82, 11]",287.44,115,160.88,0.67
07:36:03,"[207.0, 60]","[202.59, 32]","[417.0, 8]","[419.0, 16]",312.0,116,210.0,0.59
07:36:04,"[207.0, 30]","[206.0, 54]","[415.22, 9]","[416.56, 9]",311.11,102,208.22,0.65
07:36:05,"[206.07, 67]","[201.92, 49]","[413.44, 9]","[415.0, 18]",309.76,143,207.37,0.62
07:36:06,"[206.0, 30]","[201.0, 25]","[411.43, 14]","[412.43, 7]",308.71,76,205.43,0.45
07:36:07,"[207.0, 16]","[206.0, 48]","[410.77, 26]","[411.45, 22]",308.88,112,203.77,0.14
07:36:08,"[207.0, 18]","[206.0, 54]","[379.94, 17]","[410.28, 29]",293.47,118,172.94,0.22
07:36:09,"[207.0, 16]","[206.0, 48]","[246.57, 23]","[256.28, 18]",226.78,105,39.57,0.22
07:36:10,"[207.0, 26]","[206.0, 78]","[242.57, 23]","[243.52, 21]",224.78,148,35.57,0.41
07:36:11,"[207.0, 15]","[206.0, 72]","[235.84, 31]","[237.5, 20]",221.42,138,28.84,0.26
07:36:12,"[207.0, 11]","[206.0, 66]","[220.08, 26]","[220.41, 27]",213.54,130,13.08,0.18
07:36:13,"[207.0, 10]","[205.93, 58]","[213.34, 29]","[214.59, 17]",210.17,114,6.34,0.19
07:36:14,"[207.0, 11]","[205.05, 38]","[213.0, 44]","[214.0, 22]",210.0,115,6.0,-0.15
07:36:15,"[207.0, 11]","[206.0, 11]","[210.71, 28]","[212.18, 33]",208.86,83,3.71,-0.47
07:36:16,"[205.17, 12]","[201.04, 137]","[208.44, 39]","[209.42, 38]",206.8,226,3.27,0.32
07:36:17,"[201.14, 116]","[200.56, 72]","[204.95, 38]","[206.31, 26]",203.04,252,3.81,0.49
07:36:18,"[201.0, 168]","[199.0, 24]","[203.08, 48]","[205.0, 24]",202.04,264,2.08,0.45
07:36:19,"[201.0, 128]","[199.0, 21]","[202.2, 50]","[242.43, 28]",201.6,227,1.2,0.31
07:36:20,"[200.58, 76]","[198.73, 45]","[206.71, 28]","[457.0, 56]",203.65,205,6.14,0.18
07:36:21,"[199.6, 60]","[198.7, 81]","[205.53, 17]","[295.53, 34]",202.56,192,5.93,0.47
07:36:22,"[199.55, 22]","[198.06, 51]","[203.83, 12]","[205.9, 21]",201.69,106,4.29,0.38
07:36:23,"[199.0, 12]","[198.0, 54]","[202.53, 19]","[203.6, 10]",200.76,95,3.53,0.39
07:36:24,"[198.24, 46]","[197.11, 112]","[199.93, 30]","[210.86, 42]",199.09,230,1.69,0.37
07:36:25,"[199.0, 18]","[197.0, 12]","[200.83, 6]","[211.43, 7]",199.92,43,1.83,0.4
07:36:26,"[199.0, 22]","[197.0, 18]","[227.6, 10]","[291.23, 13]",213.3,63,28.6,0.27
07:36:27,"[198.83, 12]","[196.81, 27]","[316.17, 24]","[516.42, 24]",257.5,87,117.33,-0.1
07:36:28,"[197.0, 8]","[196.0, 40]","[243.5, 16]","[360.88, 16]",220.25,80,46.5,0.2
07:36:29,"[197.0, 7]","[196.0, 35]","[266.86, 14]","[460.45, 22]",231.93,78,69.86,0.08
07:36:30,"[196.78, 18]","[195.75, 24]","[377.15, 26]","[484.82, 22]",286.97,90,180.38,-0.07
07:36:31,"[201.11, 18]","[197.0, 12]","[389.0, 24]","[629.0, 12]",295.06,66,187.89,-0.09
07:36:32,"[203.0, 48]","[198.0, 24]","[529.57, 28]","[641.77, 26]",366.29,126,326.57,0.14
07:36:33,"[203.32, 31]","[200.11, 38]","[404.59, 44]","[544.71, 28]",303.96,141,201.27,-0.02
07:36:34,"[206.95, 19]","[198.69, 13]","[433.71, 34]","[616.56, 18]",320.33,84,226.76,-0.24
07:36:35,"[208.0, 18]","[203.0, 6]","[495.0, 16]","[628.22, 18]",351.5,58,287.0,-0.17
07:36:36,"[197.43, 42]","[196.64, 56]","[536.23, 26]","[624.5, 32]",366.83,156,338.8,0.26
07:36:37,"[198.74, 68]","[197.45, 66]","[278.9, 49]","[357.05, 42]",238.82,225,80.16,0.19
07:36:38,"[200.3, 30]","[198.68, 37]","[243.22, 45]","[281.0, 36]",221.76,148,42.92,-0.09
07:36:39,"[199.7, 40]","[198.0, 30]","[240.02, 49]","[267.8, 41]",219.86,160,40.32,-0.12
07:36:40,"[200.0, 36]","[198.57, 21]","[236.31, 39]","[237.92, 39]",218.15,135,36.31,-0.16
07:36:41,"[200.61, 28]","[199.12, 42]","[225.76, 59]","[226.34, 53]",213.18,182,25.16,-0.23
07:36:42,"[204.4, 10]","[202.0, 10]","[224.29, 35]","[225.71, 35]",214.34,90,19.89,-0.56
07:36:43,"[203.2, 10]","[199.43, 28]","[224.0, 50]","[225.0, 20]",213.6,108,20.8,-0.3
07:36:44,"[202.0, 11]","[199.83, 24]","[221.65, 43]","[222.94, 34]",211.83,112,19.65,-0.38
07:36:45,"[202.43, 14]","[199.65, 34]","[219.95, 57]","[220.88, 34]",211.19,139,17.52,-0.31
07:36:46,"[203.0, 50]","[202.0, 10]","[217.41, 46]","[218.41, 29]",210.21,135,14.41,-0.11
07:36:47,"[203.0, 165]","[202.0, 15]","[215.89, 65]","[217.23, 65]",209.45,310,12.89,0.16
07:36:48,"[202.91, 132]","[200.55, 22]","[212.2, 44]","[213.72, 47]",207.56,245,9.3,0.26
07:36:49,"[199.0, 27]","[198.0, 88]","[208.05, 44]","[209.05, 37]",203.52,196,9.05,0.17
07:36:50,"[199.0, 9]","[198.0, 72]","[206.29, 28]","[207.32, 37]",202.64,146,7.29,0.11
07:36:51,"[199.0, 10]","[198.0, 80]","[204.32, 19]","[205.78, 23]",201.66,132,5.32,0.36
07:36:52,"[198.07, 43]","[197.09, 44]","[199.82, 11]","[201.5, 14]",198.94,112,1.75,0.55
07:36:53,"[197.58, 48]","[195.42, 45]","[199.0, 48]","[418.45, 11]",198.29,152,1.42,0.22
07:36:54,"[196.93, 30]","[187.56, 32]","[272.81, 21]","[502.25, 4]",234.87,87,75.88,0.43
07:36:55,"[200.2, 40]","[198.0, 27]","[420.0, 8]","[0, 0]",310.1,75,219.8,0.79
07:36:56,"[200.0, 31]","[198.0, 15]","[573.0, 5]","[0, 0]",386.5,51,373.0,0.8
07:36:57,"[208.0, 7]","[200.0, 46]","[637.57, 7]","[0, 0]",422.79,60,429.57,0.77
07:36:58,"[204.73, 11]","[200.86, 21]","[484.43, 7]","[0, 0]",344.58,39,279.7,0.64
07:36:59,"[202.0, 30]","[200.0, 60]","[455.72, 18]","[536.62, 13]",328.86,121,253.72,0.49
07:37:00,"[200.68, 31]","[200.12, 17]","[321.24, 25]","[364.67, 9]",260.96,82,120.56,0.17
07:37:01,"[200.0, 50]","[198.0, 14]","[318.29, 28]","[323.0, 7]",259.14,99,118.29,0.29
07:37:02,"[200.0, 52]","[198.0, 16]","[317.12, 32]","[323.0, 8]",258.56,108,117.12,0.26
07:37:03,"[200.39, 23]","[199.76, 34]","[315.6, 20]","[386.0, 7]",258.0,84,115.21,0.36
07:37:04,"[203.0, 7]","[200.0, 70]","[313.0, 28]","[470.0, 21]",258.0,126,110.0,0.22
07:37:05,"[203.0, 6]","[200.0, 60]","[299.18, 22]","[406.8, 20]",251.09,108,96.18,0.22
07:37:06,"[202.88, 50]","[199.38, 64]","[311.08, 26]","[556.4, 10]",256.98,150,108.2,0.52
07:37:07,"[208.0, 48]","[201.68, 50]","[309.88, 16]","[311.0, 32]",258.94,146,101.88,0.34
07:37:08,"[208.0, 36]","[202.0, 36]","[288.67, 9]","[305.0, 12]",248.33,93,80.67,0.55
07:37:09,"[208.0, 60]","[202.0, 60]","[279.69, 32]","[281.75, 16]",243.84,168,71.69,0.43
07:37:10,"[208.0, 78]","[202.0, 78]","[277.4, 43]","[279.36, 25]",242.7,224,69.4,0.39
07:37:11,"[208.0, 56]","[202.0, 66]","[267.06, 35]","[268.64, 25]",237.53,182,59.06,0.34
07:37:12,"[208.0, 80]","[202.0, 96]","[247.0, 37]","[263.98, 57]",227.5,270,39.0,0.3
07:37:13,"[208.0, 65]","[202.07, 67]","[235.92, 26]","[237.31, 26]",221.96,184,27.92,0.43
07:37:14,"[202.95, 38]","[200.94, 51]","[233.94, 34]","[235.29, 28]",218.44,151,30.99,0.18
07:37:15,"[202.17, 24]","[200.42, 38]","[228.44, 63]","[229.82, 57]",215.31,182,26.28,-0.32
07:37:16,"[204.11, 9]","[202.0, 18]","[225.36, 22]","[226.62, 26]",214.74,75,21.25,-0.28
07:37:17,"[205.0, 10]","[202.0, 20]","[219.9, 29]","[221.56, 32]",212.45,91,14.9,-0.34
07:37:18,"[203.47, 17]","[200.57, 42]","[217.25, 32]","[218.07, 59]",210.36,150,13.78,-0.21
07:37:19,"[200.4, 15]","[199.38, 48]","[214.25, 32]","[216.83, 24]",207.32,119,13.85,0.06
07:37:20,"[199.21, 82]","[198.44, 119]","[210.67, 57]","[211.39, 66]",204.94,324,11.46,0.24
07:37:21,"[199.67, 108]","[198.62, 116]","[207.03, 33]","[209.65, 51]",203.35,308,7.36,0.45
07:37:22,"[201.18, 132]","[199.0, 144]","[203.41, 44]","[205.11, 47]",202.3,367,2.23,0.5
07:37:23,"[199.23, 104]","[197.77, 143]","[207.87, 75]","[304.65, 46]",203.55,368,8.64,0.34
07:37:24,"[198.0, 18]","[197.0, 153]","[206.78, 45]","[216.0, 45]",202.39,261,8.78,0.31
07:37:25,"[198.0, 9]","[197.0, 153]","[204.11, 45]","[296.56, 43]",201.06,250,6.11,0.3
07:37:26,"[198.0, 8]","[197.0, 136]","[202.5, 40]","[392.4, 30]",200.25,214,4.5,0.35
07:37:27,"[197.18, 33]","[196.49, 105]","[201.85, 39]","[349.78, 27]",199.51,204,4.66,0.35
07:37:28,"[197.0, 71]","[195.0, 81]","[198.67, 18]","[201.0, 30]",197.83,200,1.67,0.52
07:37:29,"[195.5, 72]","[194.6, 60]","[198.0, 20]","[284.2, 20]",196.75,172,2.5,0.53
07:37:30,"[196.0, 16]","[195.0, 36]","[198.0, 8]","[295.6, 10]",197.0,70,2.0,0.49
07:37:31,"[196.55, 44]","[194.36, 75]","[198.0, 22]","[216.0, 33]",197.27,174,1.45,0.37
07:37:32,"[198.14, 56]","[193.0, 52]","[273.46, 41]","[324.6, 47]",235.8,196,75.32,0.1
07:37:33,"[199.4, 20]","[195.25, 16]","[314.0, 20]","[410.57, 14]",256.7,70,114.6,0.03
07:37:34,"[201.14, 14]","[197.06, 16]","[314.0, 28]","[726.0, 14]",257.57,72,112.86,-0.17
07:37:35,"[197.62, 52]","[196.29, 42]","[217.92, 48]","[283.71, 42]",207.77,184,20.3,0.02
07:37:36,"[198.56, 32]","[196.95, 43]","[208.0, 32]","[225.75, 32]",203.28,139,9.44,0.08
07:37:37,"[197.0, 54]","[196.0, 36]","[206.83, 24]","[235.8, 15]",201.92,129,9.83,0.4
07:37:38,"[201.48, 92]","[199.53, 45]","[206.0, 48]","[383.57, 21]",203.74,206,4.52,0.33
07:37:39,"[203.41, 51]","[201.84, 55]","[218.7, 40]","[256.05, 22]",211.06,168,15.29,0.26
07:37:40,"[202.08, 36]","[199.38, 37]","[247.62, 26]","[388.59, 29]",224.85,128,45.53,0.14
07:37:41,"[203.7, 40]","[200.71, 28]","[246.64, 28]","[328.83, 35]",225.17,131,42.94,0.04
07:37:42,"[201.95, 19]","[200.2, 10]","[232.18, 22]","[286.29, 14]",217.06,65,30.23,-0.11
07:37:43,"[201.0, 8]","[199.0, 32]","[226.0, 16]","[278.91, 22]",213.5,78,25.0,0.03
07:37:44,"[200.11, 9]","[198.82, 22]","[283.0, 16]","[396.67, 12]",241.56,59,82.89,0.05
07:37:45,"[197.57, 7]","[196.09, 11]","[340.0, 24]","[347.33, 12]",268.79,54,142.43,-0.33
07:37:46,"[196.75, 4]","[195.86, 7]","[340.0, 16]","[350.0, 8]",268.38,35,143.25,-0.37
07:37:47,"[207.0, 24]","[196.0, 12]","[338.71, 55]","[340.77, 44]",272.85,135,131.71,-0.47
07:37:48,"[207.0, 16]","[196.0, 8]","[268.73, 30]","[307.27, 30]",237.87,84,61.73,-0.43
07:37:49,"[207.0, 14]","[196.0, 7]","[253.83, 29]","[254.88, 34]",230.41,84,46.83,-0.5
07:37:50,"[207.0, 4]","[196.0, 2]","[253.0, 10]","[254.0, 8]",230.0,24,46.0,-0.5
07:37:51,"[207.0, 28]","[196.0, 14]","[241.89, 55]","[247.75, 51]",224.45,148,34.89,-0.43
07:37:52,"[203.0, 14]","[145.82, 11]","[235.79, 28]","[236.63, 27]",219.39,80,32.79,-0.38
07:37:53,"[193.3, 23]","[141.73, 67]","[223.32, 50]","[233.11, 57]",208.31,197,30.02,-0.09
07:37:54,"[196.29, 14]","[193.46, 13]","[232.0, 24]","[233.0, 40]",214.14,91,35.71,-0.41
07:37:55,"[198.41, 32]","[197.15, 26]","[227.69, 55]","[229.03, 64]",213.05,177,29.28,-0.34
07:37:56,"[197.23, 13]","[196.0, 26]","[223.15, 52]","[225.0, 39]",210.19,130,25.92,-0.4
07:37:57,"[197.75, 8]","[193.36, 11]","[218.73, 22]","[222.2, 30]",208.24,71,20.98,-0.46
07:37:58,"[196.73, 22]","[162.45, 11]","[199.05, 38]","[218.85, 39]",197.89,110,2.33,-0.4
07:37:59,"[177.59, 70]","[133.24, 42]","[198.21, 57]","[200.95, 64]",187.9,233,20.62,-0.04
07:38:00,"[151.94, 67]","[150.24, 37]","[196.46, 52]","[199.0, 52]",174.2,208,44.52,0.0
07:38:01,"[163.5, 111]","[165.75, 59]","[193.95, 56]","[195.51, 69]",178.72,295,30.45,0.15
07:38:02,"[178.76, 42]","[156.94, 69]","[190.52, 50]","[192.0, 45]",184.64,206,11.76,0.08
07:38:03,"[183.36, 28]","[181.15, 55]","[190.91, 35]","[194.45, 49]",187.14,167,7.56,-0.01
07:38:04,"[186.45, 55]","[185.95, 55]","[193.81, 42]","[323.15, 13]",190.13,165,7.35,0.33
07:38:05,"[194.02, 49]","[190.31, 36]","[346.33, 15]","[686.83, 23]",270.18,123,152.31,0.38
07:38:06,"[201.0, 48]","[198.0, 16]","[302.5, 16]","[640.62, 16]",251.75,96,101.5,0.33
07:38:07,"[201.03, 91]","[199.73, 33]","[418.6, 30]","[532.0, 14]",309.82,168,217.57,0.48
07:38:08,"[201.0, 114]","[198.0, 12]","[405.33, 9]","[444.17, 18]",303.17,153,204.33,0.65
07:38:09,"[202.9, 40]","[201.17, 46]","[378.67, 15]","[477.5, 6]",290.78,107,175.77,0.61
07:38:10,"[204.22, 50]","[202.0, 18]","[436.78, 9]","[727.19, 21]",320.5,98,232.56,0.39
07:38:11,"[205.36, 22]","[204.08, 26]","[435.83, 6]","[466.0, 6]",320.6,60,230.47,0.6
07:38:12,"[205.0, 35]","[202.0, 10]","[302.6, 5]","[372.4, 5]",253.8,55,97.6,0.64
07:38:13,"[205.13, 30]","[203.4, 15]","[260.0, 5]","[263.0, 5]",232.57,55,54.87,0.64
07:38:14,"[207.0, 10]","[205.0, 35]","[259.25, 8]","[261.2, 5]",233.12,58,52.25,0.55
07:38:15,"[207.0, 10]","[205.0, 35]","[248.56, 9]","[250.57, 7]",227.78,61,41.56,0.48
07:38:16,"[207.0, 24]","[205.0, 84]","[226.25, 16]","[246.0, 20]",216.62,144,19.25,0.5
07:38:17,"[205.18, 22]","[203.4, 15]","[224.4, 5]","[226.0, 10]",214.79,52,19.22,0.42
07:38:18,"[205.0, 32]","[202.0, 20]","[223.3, 10]","[226.0, 20]",214.15,82,18.3,0.27
07:38:19,"[205.0, 24]","[202.0, 16]","[223.0, 8]","[226.0, 16]",214.0,64,18.0,0.25
07:38:20,"[201.0, 273]","[198.0, 26]","[222.0, 24]","[223.8, 15]",211.5,338,21.0,0.77
07:38:21,"[201.0, 222]","[198.0, 24]","[217.72, 25]","[218.6, 20]",209.36,291,16.72,0.69
07:38:22,"[201.0, 186]","[198.44, 18]","[211.83, 30]","[212.72, 18]",206.42,252,10.83,0.62
07:38:23,"[201.0, 126]","[199.0, 10]","[206.89, 19]","[208.0, 18]",203.95,173,5.89,0.57
07:38:24,"[201.0, 114]","[199.0, 15]","[203.23, 30]","[204.88, 24]",202.12,183,2.23,0.41
07:38:25,"[201.35, 23]","[200.67, 24]","[241.17, 12]","[350.15, 13]",221.26,72,39.82,0.31
07:38:26,"[201.0, 12]","[199.0, 6]","[242.0, 14]","[494.6, 10]",221.5,42,41.0,-0.14
07:38:27,"[197.47, 17]","[196.86, 7]","[214.0, 21]","[410.0, 7]",205.74,52,16.53,-0.08
07:38:28,"[197.0, 30]","[196.0, 10]","[212.32, 38]","[240.9, 30]",204.66,108,15.32,-0.26
07:38:29,"[197.0, 21]","[196.0, 7]","[209.12, 26]","[210.57, 28]",203.06,82,12.12,-0.32
07:38:30,"[199.0, 21]","[197.0, 16]","[206.5, 24]","[208.28, 25]",202.75,86,7.5,-0.14
07:38:31,"[199.0, 35]","[197.0, 20]","[204.87, 31]","[205.92, 39]",201.94,125,5.87,-0.12
07:38:32,"[199.0, 24]","[197.0, 16]","[202.12, 32]","[203.25, 32]",200.56,104,3.12,-0.23
07:38:33,"[197.72, 25]","[196.25, 24]","[200.1, 29]","[201.3, 40]",198.91,118,2.38,-0.17
07:38:34,"[172.85, 33]","[166.27, 60]","[198.12, 50]","[249.05, 40]",185.48,183,25.27,0.02
07:38:35,"[196.0, 24]","[129.19, 32]","[198.38, 16]","[371.0, 16]",197.19,88,2.38,0.27
07:38:36,"[180.27, 11]","[107.67, 9]","[198.0, 10]","[349.4, 10]",189.14,40,17.73,0.0
07:38:37,"[136.07, 30]","[104.75, 40]","[195.12, 16]","[243.1, 20]",165.6,106,59.06,0.32
07:38:38,"[166.43, 21]","[142.6, 25]","[478.8, 15]","[676.0, 15]",322.61,76,312.37,0.21
07:38:39,"[164.41, 34]","[156.67, 30]","[559.16, 38]","[670.7, 30]",361.78,132,394.75,-0.03
07:38:40,"[137.0, 35]","[44.27, 15]","[534.0, 21]","[613.0, 17]",335.5,88,397.0,0.14
07:38:41,"[70.71, 42]","[58.0, 26]","[200.17, 18]","[289.72, 25]",135.44,111,129.45,0.23
07:38:42,"[96.12, 24]","[79.77, 22]","[194.17, 12]","[255.65, 17]",145.15,75,98.04,0.23
07:38:43,"[98.97, 31]","[89.0, 28]","[195.0, 22]","[275.71, 35]",146.98,116,96.03,0.02
07:38:44,"[131.02, 51]","[135.29, 48]","[193.27, 33]","[229.12, 24]",162.15,156,62.25,0.27
07:38:45,"[177.5, 24]","[176.0, 60]","[190.67, 12]","[194.0, 12]",184.08,108,13.17,0.56
07:38:46,"[180.74, 31]","[178.52, 67]","[192.95, 20]","[319.18, 33]",186.85,151,12.21,0.3
07:38:47,"[185.52, 31]","[183.24, 45]","[476.75, 40]","[528.69, 39]",331.13,155,291.23,-0.02
07:38:48,"[202.75, 28]","[200.2, 45]","[466.88, 51]","[565.34, 53]",334.82,177,264.13,-0.18
07:38:49,"[201.09, 22]","[198.05, 19]","[584.29, 21]","[643.76, 17]",392.69,79,383.19,0.04
07:38:50,"[196.92, 52]","[191.24, 25]","[375.67, 43]","[530.59, 61]",286.3,181,178.75,-0.15
07:38:51,"[196.0, 31]","[128.5, 24]","[398.18, 28]","[472.97, 33]",297.09,116,202.18,-0.05
07:38:52,"[196.0, 130]","[106.45, 51]","[217.06, 16]","[269.08, 26]",206.53,223,21.06,0.62
07:38:53,"[200.03, 134]","[184.81, 133]","[205.0, 45]","[285.64, 42]",202.51,354,4.97,0.51
07:38:54,"[201.0, 98]","[196.0, 91]","[203.0, 38]","[342.22, 23]",202.0,250,2.0,0.51
07:38:55,"[202.0, 9]","[201.0, 126]","[255.33, 36]","[355.76, 29]",228.67,200,53.33,0.35
07:38:56,"[202.0, 7]","[201.0, 98]","[366.4, 15]","[457.15, 20]",284.2,140,164.4,0.5
07:38:57,"[202.0, 6]","[201.0, 84]","[310.55, 20]","[409.67, 18]",256.27,128,108.55,0.41
07:38:58,"[202.0, 8]","[201.0, 112]","[278.5, 32]","[403.44, 32]",240.25,184,76.5,0.3
07:38:59,"[202.83, 29]","[201.08, 76]","[245.29, 35]","[384.21, 29]",224.06,169,42.46,0.24
07:39:00,"[203.0, 32]","[202.0, 8]","[264.19, 16]","[376.95, 21]",233.59,77,61.19,0.04
07:39:01,"[202.98, 53]","[201.62, 16]","[258.96, 47]","[265.16, 19]",230.97,135,55.98,0.02
07:39:02,"[204.16, 109]","[202.0, 24]","[258.0, 12]","[262.89, 57]",231.08,202,53.84,0.32
07:39:03,"[205.26, 123]","[202.0, 30]","[257.87, 46]","[289.5, 48]",231.56,247,52.61,0.24
07:39:04,"[206.0, 36]","[202.0, 16]","[252.25, 20]","[257.32, 25]",229.12,97,46.25,0.07
07:39:05,"[206.0, 24]","[202.8, 30]","[248.0, 17]","[254.45, 22]",227.0,93,42.0,0.16
07:39:06,"[206.0, 30]","[202.0, 38]","[246.15, 41]","[247.2, 35]",226.07,144,40.15,-0.06
07:39:07,"[202.0, 30]","[200.71, 35]","[239.04, 28]","[241.21, 28]",220.52,121,37.04,0.07
07:39:08,"[202.84, 19]","[199.98, 44]","[234.6, 30]","[236.24, 25]",218.72,118,31.76,0.07
07:39:09,"[202.29, 21]","[199.5, 52]","[216.88, 26]","[221.35, 40]",209.59,139,14.6,0.05
07:39:10,"[201.72, 32]","[200.03, 34]","[205.04, 28]","[206.43, 23]",203.38,117,3.32,0.13
07:39:11,"[199.21, 34]","[198.57, 21]","[201.25, 16]","[202.73, 15]",200.23,86,2.04,0.28
07:39:12,"[199.0, 18]","[198.0, 12]","[200.58, 12]","[222.38, 24]",199.79,66,1.58,-0.09
07:39:13,"[198.46, 13]","[197.46, 13]","[257.71, 24]","[395.34, 41]",228.08,91,59.25,-0.43
07:39:14,"[196.1, 40]","[194.0, 40]","[235.17, 48]","[484.81, 42]",215.63,170,39.07,-0.06
07:39:15,"[196.0, 22]","[194.0, 24]","[401.0, 24]","[752.4, 25]",298.5,95,205.0,-0.03
07:39:16,"[194.0, 36]","[138.48, 27]","[261.6, 25]","[410.33, 36]",227.8,124,67.6,0.02
07:39:17,"[194.0, 10]","[124.33, 18]","[196.0, 10]","[381.0, 20]",195.0,58,2.0,-0.03
07:39:18,"[194.0, 20]","[105.7, 37]","[196.0, 20]","[428.07, 43]",195.0,120,2.0,-0.05
07:39:19,"[194.0, 14]","[182.45, 33]","[196.0, 14]","[334.52, 29]",195.0,90,2.0,0.04
07:39:20,"[194.0, 4]","[189.0, 14]","[196.0, 4]","[321.0, 8]",195.0,30,2.0,0.2
07:39:21,"[199.29, 28]","[189.14, 29]","[292.97, 33]","[326.78, 36]",246.13,126,93.68,-0.1
07:39:22,"[203.45, 22]","[196.46, 26]","[271.0, 36]","[333.0, 45]",237.23,129,67.55,-0.26
07:39:23,"[195.0, 16]","[121.1, 40]","[332.33, 36]","[386.33, 36]",263.67,128,137.33,-0.12
07:39:24,"[194.0, 20]","[103.72, 53]","[302.2, 40]","[314.74, 46]",248.1,159,108.2,-0.08
07:39:25,"[194.2, 10]","[116.55, 22]","[215.43, 14]","[273.33, 24]",204.81,70,21.23,-0.09
07:39:26,"[194.46, 13]","[150.17, 36]","[197.17, 23]","[250.8, 20]",195.82,92,2.71,0.07
07:39:27,"[194.0, 10]","[96.0, 30]","[197.0, 15]","[198.0, 10]",195.5,65,3.0,0.23
07:39:28,"[191.6, 15]","[130.4, 30]","[195.25, 16]","[196.09, 32]",193.43,93,3.65,-0.03
07:39:29,"[163.57, 46]","[107.29, 58]","[195.18, 22]","[196.28, 29]",179.37,155,31.62,0.34
07:39:30,"[148.76, 29]","[76.58, 26]","[194.0, 10]","[196.0, 10]",171.38,75,45.24,0.47
07:39:31,"[119.43, 42]","[54.29, 35]","[193.86, 14]","[196.0, 14]",156.64,105,74.43,0.47
07:39:32,"[107.24, 76]","[91.85, 41]","[270.19, 27]","[326.6, 30]",188.71,174,162.95,0.34
07:39:33,"[110.82, 38]","[63.66, 92]","[478.58, 36]","[575.77, 39]",294.7,205,367.77,0.27
07:39:34,"[138.51, 109]","[83.54, 67]","[219.85, 39]","[383.43, 21]",179.18,236,81.33,0.49
07:39:35,"[148.05, 86]","[133.48, 62]","[194.87, 46]","[240.76, 63]",171.46,257,46.82,0.15
07:39:36,"[154.11, 37]","[147.33, 12]","[192.5, 16]","[196.36, 44]",173.3,109,38.39,-0.1
07:39:37,"[160.97, 33]","[144.16, 25]","[195.57, 14]","[197.88, 34]",178.27,106,34.6,0.09
07:39:38,"[170.06, 35]","[160.42, 43]","[196.08, 25]","[198.52, 25]",183.07,128,26.02,0.22
07:39:39,"[176.55, 74]","[175.08, 52]","[195.91, 44]","[241.97, 36]",186.23,206,19.36,0.22
07:39:40,"[188.66, 47]","[179.78, 37]","[308.31, 32]","[402.62, 32]",248.49,148,119.65,0.14
07:39:41,"[198.13, 69]","[195.46, 41]","[321.0, 36]","[405.67, 27]",259.57,173,122.87,0.27
07:39:42,"[199.0, 28]","[196.0, 126]","[295.0, 24]","[324.96, 25]",247.0,203,96.0,0.52
07:39:43,"[196.53, 60]","[195.91, 94]","[243.0, 21]","[321.0, 28]",219.77,203,46.47,0.52
07:39:44,"[197.57, 35]","[196.0, 126]","[232.8, 10]","[242.95, 19]",215.19,190,35.23,0.69
07:39:45,"[199.55, 55]","[196.08, 118]","[217.79, 14]","[237.15, 33]",208.67,220,18.24,0.57
07:39:46,"[200.14, 35]","[197.17, 12]","[215.03, 31]","[225.0, 9]",207.59,87,14.89,0.08
07:39:47,"[201.42, 60]","[198.0, 156]","[213.2, 20]","[214.15, 34]",207.31,270,11.78,0.6
07:39:48,"[203.11, 36]","[200.52, 103]","[208.33, 51]","[209.02, 49]",205.72,239,5.22,0.16
07:39:49,"[201.36, 50]","[198.59, 102]","[203.76, 50]","[240.89, 44]",202.56,246,2.4,0.24
07:39:50,"[199.0, 56]","[198.0, 266]","[204.36, 42]","[311.07, 58]",201.68,422,5.36,0.53
07:39:51,"[199.5, 32]","[198.3, 108]","[202.92, 36]","[220.0, 36]",201.21,212,3.42,0.32
07:39:52,"[198.19, 150]","[197.71, 117]","[292.71, 24]","[345.89, 44]",245.45,335,94.52,0.59
07:39:53,"[199.21, 48]","[199.62, 42]","[328.33, 15]","[358.92, 37]",263.77,142,129.12,0.27
07:39:54,"[202.42, 12]","[198.21, 192]","[213.14, 14]","[422.94, 32]",207.78,250,10.73,0.63
07:39:55,"[202.0, 11]","[198.87, 46]","[211.0, 11]","[337.65, 17]",206.5,85,9.0,0.34
07:39:56,"[202.0, 6]","[200.0, 12]","[209.17, 6]","[420.0, 18]",205.58,42,7.17,-0.14
07:39:57,"[198.11, 111]","[197.73, 11]","[209.0, 8]","[409.3, 20]",203.55,150,10.89,0.63
07:39:58,"[198.0, 110]","[195.0, 6]","[208.83, 6]","[313.0, 6]",203.42,128,10.83,0.81
07:39:59,"[198.0, 232]","[195.0, 14]","[208.0, 14]","[279.18, 22]",203.0,282,10.0,0.74
07:40:00,"[198.0, 28]","[195.0, 12]","[208.0, 12]","[654.2, 30]",203.0,82,10.0,-0.02
07:40:01,"[198.0, 20]","[195.0, 5]","[207.8, 5]","[669.8, 15]",202.9,45,9.8,0.11
07:40:02,"[198.19, 26]","[195.75, 12]","[207.0, 10]","[620.33, 36]",202.6,84,8.81,-0.1
07:40:03,"[199.07, 54]","[198.25, 40]","[207.0, 12]","[421.86, 29]",203.04,135,7.93,0.39
07:40:04,"[201.18, 55]","[200.49, 51]","[207.0, 14]","[235.83, 46]",204.09,166,5.82,0.28
07:40:05,"[202.9, 42]","[199.28, 47]","[205.32, 34]","[345.07, 44]",204.11,167,2.42,0.07
07:40:06,"[202.0, 10]","[198.0, 5]","[206.0, 5]","[302.0, 20]",204.0,40,4.0,-0.25
07:40:07,"[200.0, 33]","[197.36, 14]","[204.5, 12]","[344.92, 53]",202.25,112,4.5,-0.16
07:40:08,"[197.25, 80]","[195.79, 70]","[203.0, 50]","[204.0, 10]",200.12,210,5.75,0.43
07:40:09,"[200.16, 32]","[197.36, 67]","[272.2, 20]","[326.1, 31]",236.18,150,72.04,0.32
07:40:10,"[202.17, 29]","[197.69, 26]","[438.03, 35]","[729.33, 36]",320.1,126,235.86,-0.13
07:40:11,"[203.0, 19]","[200.0, 16]","[594.88, 17]","[694.34, 29]",398.94,81,391.88,-0.14
07:40:12,"[203.0, 12]","[200.0, 12]","[368.67, 18]","[684.0, 24]",285.83,66,165.67,-0.27
07:40:13,"[199.57, 21]","[195.6, 45]","[585.55, 33]","[699.6, 30]",392.56,129,385.97,0.02
07:40:14,"[195.0, 30]","[194.0, 110]","[545.67, 46]","[641.54, 37]",370.34,223,350.67,0.26
07:40:15,"[194.9, 42]","[193.99, 146]","[447.47, 75]","[525.45, 62]",321.19,325,252.56,0.16
07:40:16,"[194.0, 100]","[193.0, 80]","[445.0, 50]","[446.0, 50]",319.5,280,251.0,0.29
07:40:17,"[194.64, 66]","[193.56, 108]","[335.04, 52]","[426.52, 58]",264.84,284,140.4,0.23
07:40:18,"[195.06, 36]","[193.62, 64]","[319.0, 35]","[321.0, 28]",257.03,163,123.94,0.23
07:40:19,"[206.22, 18]","[196.47, 34]","[301.8, 25]","[334.33, 42]",254.01,119,95.58,-0.13
07:40:20,"[208.0, 20]","[200.0, 20]","[226.2, 41]","[270.71, 41]",217.1,122,18.2,-0.34
07:40:21,"[208.0, 24]","[199.0, 27]","[213.61, 56]","[214.75, 60]",210.8,167,5.61,-0.39
07:40:22,"[202.38, 32]","[194.54, 112]","[209.12, 41]","[210.47, 60]",205.75,245,6.75,0.18
07:40:23,"[199.43, 28]","[194.26, 116]","[202.95, 42]","[203.46, 52]",201.19,238,3.52,0.21
07:40:24,"[196.54, 67]","[194.38, 116]","[199.83, 23]","[201.82, 39]",198.18,245,3.29,0.49
07:40:25,"[197.0, 61]","[195.73, 55]","[198.73, 33]","[199.6, 15]",197.86,164,1.73,0.41
07:40:26,"[197.0, 40]","[195.0, 40]","[241.97, 34]","[317.95, 21]",219.49,135,44.97,0.19
07:40:27,"[197.0, 40]","[195.0, 40]","[254.88, 32]","[257.16, 38]",225.94,150,57.88,0.07
07:40:28,"[197.0, 40]","[195.0, 40]","[211.38, 16]","[253.25, 32]",204.19,128,14.38,0.25
07:40:29,"[174.86, 28]","[104.75, 89]","[210.73, 55]","[212.0, 11]",192.79,183,35.87,0.28
07:40:30,"[197.0, 36]","[162.51, 106]","[208.0, 45]","[210.67, 9]",202.5,196,11.0,0.45
07:40:31,"[174.5, 18]","[153.03, 60]","[207.0, 45]","[544.8, 30]",190.75,153,32.5,0.02
07:40:32,"[171.59, 34]","[114.3, 46]","[205.62, 40]","[329.7, 44]",188.61,164,34.04,-0.02
07:40:33,"[133.22, 9]","[113.83, 36]","[206.86, 35]","[458.08, 13]",170.04,93,73.63,-0.03
07:40:34,"[147.88, 24]","[139.29, 35]","[204.85, 46]","[437.83, 30]",176.36,135,56.97,-0.13
07:40:35,"[174.92, 39]","[151.0, 30]","[203.39, 38]","[216.93, 41]",189.16,148,28.47,-0.07
07:40:36,"[199.64, 33]","[196.5, 48]","[204.11, 45]","[216.0, 36]",201.87,162,4.47,0.0
07:40:37,"[200.8, 20]","[199.5, 48]","[204.0, 60]","[216.0, 48]",202.4,176,3.2,-0.23
07:40:38,"[200.14, 22]","[198.93, 45]","[364.65, 37]","[435.93, 27]",282.39,131,164.51,0.02
07:40:39,"[200.56, 27]","[198.0, 54]","[303.45, 33]","[389.03, 35]",252.01,149,102.9,0.09
07:40:40,"[201.24, 49]","[180.92, 77]","[237.53, 55]","[238.8, 50]",219.39,231,36.28,0.09
07:40:41,"[198.6, 52]","[127.21, 19]","[236.0, 39]","[237.0, 52]",217.3,162,37.4,-0.12
07:40:42,"[201.4, 101]","[200.9, 40]","[234.81, 36]","[236.34, 47]",218.1,224,33.41,0.26
07:40:43,"[202.0, 81]","[200.0, 18]","[230.44, 27]","[233.0, 36]",216.22,162,28.44,0.22
07:40:44,"[202.0, 63]","[200.0, 16]","[229.5, 24]","[233.0, 32]",215.75,135,27.5,0.17
07:40:45,"[202.0, 36]","[200.0, 18]","[226.88, 25]","[228.05, 21]",214.44,100,24.88,0.08
07:40:46,"[202.0, 32]","[200.0, 20]","[226.0, 30]","[227.0, 40]",214.0,122,24.0,-0.15
07:40:47,"[202.33, 18]","[201.0, 24]","[223.47, 15]","[225.06, 47]",212.9,104,21.13,-0.19
07:40:48,"[203.43, 14]","[202.0, 28]","[221.21, 14]","[225.0, 56]",212.32,112,17.79,-0.25
07:40:49,"[206.14, 14]","[203.86, 21]","[218.83, 53]","[219.48, 23]",212.49,111,12.69,-0.37
07:40:50,"[207.0, 8]","[206.0, 8]","[216.52, 25]","[217.61, 31]",211.76,72,9.52,-0.56
07:40:51,"[199.89, 18]","[198.24, 21]","[214.1, 31]","[215.5, 32]",206.99,102,14.21,-0.24
07:40:52,"[201.29, 14]","[198.26, 19]","[212.0, 28]","[213.0, 21]",206.64,82,10.71,-0.2
07:40:53,"[206.0, 78]","[199.78, 54]","[211.15, 59]","[212.83, 46]",208.58,237,5.15,0.11
07:40:54,"[205.58, 53]","[199.64, 44]","[208.86, 14]","[217.84, 32]",207.22,143,3.27,0.36
07:40:55,"[200.0, 48]","[198.0, 24]","[207.29, 14]","[208.09, 22]",203.64,108,7.29,0.33
07:40:56,"[200.0, 56]","[198.0, 39]","[205.25, 24]","[206.08, 24]",202.62,143,5.25,0.33
07:40:57,"[200.0, 58]","[198.0, 48]","[201.54, 24]","[203.38, 21]",200.77,151,1.54,0.4
07:40:58,"[199.74, 69]","[197.8, 45]","[254.54, 26]","[351.27, 22]",227.14,162,54.8,0.41
07:40:59,"[201.45, 22]","[199.71, 41]","[298.25, 16]","[344.28, 25]",249.85,104,96.8,0.21
07:41:00,"[204.0, 11]","[200.53, 57]","[323.0, 44]","[442.0, 14]",263.5,126,119.0,0.08
07:41:01,"[202.37, 27]","[200.42, 71]","[375.07, 28]","[485.5, 16]",288.72,142,172.7,0.38
07:41:02,"[202.0, 15]","[200.0, 105]","[369.58, 36]","[444.2, 15]",285.79,171,167.58,0.4
07:41:03,"[200.91, 44]","[199.71, 28]","[439.92, 12]","[442.33, 18]",320.41,102,239.01,0.41
07:41:04,"[203.73, 15]","[200.0, 27]","[425.67, 15]","[440.75, 16]",314.7,73,221.93,0.15
07:41:05,"[200.92, 13]","[198.41, 44]","[413.0, 8]","[414.0, 32]",306.96,97,212.08,0.18
07:41:06,"[198.33, 24]","[197.54, 26]","[413.0, 6]","[414.0, 24]",305.67,80,214.67,0.25
07:41:07,"[198.62, 40]","[197.74, 34]","[290.12, 16]","[413.85, 26]",244.38,116,91.5,0.28
07:41:08,"[200.38, 40]","[198.0, 45]","[217.0, 40]","[412.0, 8]",208.69,133,16.62,0.28
07:41:09,"[202.0, 40]","[198.0, 60]","[216.94, 32]","[287.68, 19]",209.47,151,14.94,0.32
07:41:10,"[202.0, 40]","[198.0, 40]","[215.38, 8]","[295.06, 33]",208.69,121,13.38,0.32
07:41:11,"[202.0, 55]","[198.0, 55]","[211.45, 11]","[239.86, 14]",206.73,135,9.45,0.63
07:41:12,"[204.82, 55]","[201.88, 66]","[209.43, 14]","[279.65, 17]",207.12,152,4.61,0.59
07:41:13,"[209.0, 13]","[203.76, 41]","[400.9, 30]","[309.86, 22]",304.95,106,191.9,0.02
07:41:14,"[209.0, 8]","[202.0, 40]","[433.12, 32]","[515.0, 12]",321.06,92,224.12,0.04
07:41:15,"[209.0, 5]","[202.0, 27]","[307.89, 18]","[522.8, 20]",258.44,70,98.89,-0.09
07:41:16,"[204.62, 16]","[201.84, 38]","[305.62, 16]","[337.62, 32]",255.12,102,101.0,0.06
07:41:17,"[202.0, 25]","[199.0, 5]","[304.4, 10]","[581.4, 20]",253.2,60,102.4,0.0
07:41:18,"[202.0, 28]","[199.0, 8]","[304.0, 16]","[516.3, 40]",253.0,92,102.0,-0.22
07:41:19,"[202.22, 27]","[200.78, 23]","[304.0, 18]","[495.82, 44]",253.11,112,101.78,-0.11
07:41:20,"[202.59, 22]","[201.86, 42]","[288.0, 28]","[462.62, 32]",245.3,124,85.41,0.03
07:41:21,"[201.0, 25]","[199.0, 5]","[276.0, 20]","[304.0, 10]",238.5,60,75.0,0.0
07:41:22,"[201.36, 22]","[200.2, 10]","[296.0, 14]","[364.0, 22]",248.68,68,94.64,-0.06
07:41:23,"[203.0, 18]","[201.0, 27]","[269.08, 26]","[305.29, 28]",236.04,99,66.08,-0.09
07:41:24,"[203.0, 28]","[201.0, 42]","[232.45, 40]","[283.5, 48]",217.72,158,29.45,-0.11
07:41:25,"[202.76, 25]","[200.71, 28]","[258.81, 21]","[306.54, 39]",230.78,113,56.05,-0.06
07:41:26,"[203.0, 60]","[201.0, 30]","[255.54, 57]","[258.25, 48]",229.27,195,52.54,-0.08
07:41:27,"[203.0, 42]","[201.0, 48]","[251.25, 24]","[254.0, 60]",227.12,174,48.25,0.03
07:41:28,"[203.0, 16]","[201.0, 32]","[248.62, 16]","[254.0, 40]",225.81,104,45.62,-0.08
07:41:29,"[202.0, 24]","[200.6, 30]","[248.0, 24]","[254.0, 60]",225.0,138,46.0,-0.22
07:41:30,"[201.85, 66]","[199.97, 29]","[228.8, 40]","[251.33, 36]",215.32,171,26.95,0.11
07:41:31,"[202.0, 144]","[201.0, 36]","[220.8, 56]","[222.15, 85]",211.4,321,18.8,0.12
07:41:32,"[202.92, 39]","[201.0, 26]","[219.21, 38]","[220.96, 57]",211.07,160,16.29,-0.19
07:41:33,"[203.04, 25]","[201.32, 19]","[217.21, 33]","[218.33, 45]",210.13,122,14.17,-0.28
07:41:34,"[203.03, 33]","[201.17, 35]","[212.43, 49]","[214.56, 73]",207.73,190,9.4,-0.28
07:41:35,"[202.29, 31]","[199.47, 34]","[210.5, 70]","[211.5, 70]",206.4,205,8.21,-0.37
07:41:36,"[199.0, 49]","[198.0, 39]","[206.25, 48]","[208.17, 59]",202.62,195,7.25,-0.1
07:41:37,"[174.6, 35]","[107.42, 65]","[199.8, 75]","[202.28, 74]",187.2,249,25.2,-0.2
07:41:38,"[81.5, 8]","[80.0, 8]","[198.0, 22]","[201.53, 32]",139.75,70,116.5,-0.54
07:41:39,"[98.63, 19]","[81.0, 9]","[195.0, 36]","[196.0, 9]",146.82,73,96.37,-0.23
07:41:40,"[177.06, 17]","[126.2, 10]","[194.22, 36]","[196.0, 9]",185.64,72,17.16,-0.25
07:41:41,"[178.0, 12]","[149.47, 30]","[193.0, 48]","[196.0, 12]",185.5,102,15.0,-0.18
07:41:42,"[179.03, 58]","[178.7, 23]","[193.0, 21]","[196.0, 9]",186.02,111,13.97,0.46
07:41:43,"[181.63, 59]","[179.23, 31]","[193.0, 10]","[196.0, 10]",187.31,110,11.37,0.64
07:41:44,"[183.55, 55]","[183.61, 62]","[193.0, 13]","[196.0, 13]",188.27,143,9.45,0.64
07:41:45,"[185.0, 13]","[184.0, 104]","[193.0, 13]","[196.0, 13]",189.0,143,8.0,0.64
07:41:46,"[187.55, 33]","[184.12, 75]","[193.0, 12]","[196.0, 12]",190.27,132,5.45,0.64
07:41:47,"[189.25, 32]","[188.91, 67]","[193.0, 11]","[196.0, 11]",191.12,121,3.75,0.64
07:41:48,"[190.97, 91]","[189.8, 41]","[193.0, 12]","[196.0, 12]",191.98,156,2.03,0.69
07:41:49,"[191.77, 44]","[187.5, 18]","[196.0, 15]","[243.57, 35]",193.89,112,4.23,0.11
07:41:50,"[192.47, 79]","[191.0, 12]","[195.0, 24]","[197.0, 24]",193.73,139,2.53,0.31
07:41:51,"[193.0, 10]","[191.0, 5]","[194.09, 22]","[195.4, 10]",193.55,47,1.09,-0.36
07:41:52,"[192.26, 19]","[100.71, 28]","[193.94, 48]","[195.29, 41]",193.1,136,1.67,-0.31
07:41:53,"[141.82, 17]","[117.78, 36]","[192.0, 45]","[194.18, 79]",166.91,177,50.18,-0.4
07:41:54,"[155.6, 10]","[153.0, 10]","[190.95, 40]","[193.5, 48]",173.27,108,35.35,-0.63
07:41:55,"[156.83, 12]","[149.5, 12]","[190.87, 23]","[191.56, 27]",173.85,74,34.04,-0.35
07:41:56,"[159.44, 27]","[157.47, 17]","[191.0, 40]","[192.0, 33]",175.22,117,31.56,-0.25
07:41:57,"[173.11, 27]","[160.82, 17]","[191.09, 35]","[192.34, 29]",182.1,108,17.97,-0.19
07:41:58,"[188.21, 19]","[173.56, 27]","[191.0, 30]","[192.0, 27]",189.61,103,2.79,-0.11
07:41:59,"[190.67, 18]","[182.0, 24]","[192.74, 38]","[194.05, 56]",191.7,136,2.07,-0.38
07:42:00,"[192.08, 26]","[190.0, 13]","[194.44, 45]","[195.2, 50]",193.26,134,2.37,-0.42
07:42:01,"[193.5, 8]","[180.33, 9]","[195.0, 20]","[196.0, 12]",194.25,49,1.5,-0.31
07:42:02,"[105.92, 13]","[37.17, 46]","[195.33, 30]","[196.27, 44]",150.63,133,89.41,-0.11
07:42:03,"[112.25, 8]","[60.67, 6]","[194.38, 16]","[196.68, 25]",153.31,55,82.12,-0.49
07:42:04,"[125.5, 6]","[112.83, 6]","[194.0, 12]","[197.0, 17]",159.75,41,68.5,-0.41
07:42:05,"[128.0, 3]","[113.0, 3]","[194.0, 6]","[197.0, 15]",161.0,27,66.0,-0.56
07:42:06,"[128.67, 6]","[123.0, 6]","[195.67, 18]","[197.46, 26]",162.17,56,67.0,-0.57
07:42:07,"[129.0, 6]","[128.0, 6]","[197.0, 30]","[199.0, 18]",163.0,60,68.0,-0.6
07:42:08,"[159.0, 4]","[129.0, 2]","[197.0, 10]","[199.0, 6]",178.0,22,38.0,-0.45
07:42:09,"[180.41, 27]","[126.27, 11]","[367.13, 31]","[412.54, 39]",273.77,108,186.72,-0.3
07:42:10,"[198.34, 35]","[159.42, 19]","[386.83, 41]","[544.82, 44]",292.59,139,188.49,-0.22
07:42:11,"[169.11, 9]","[132.43, 40]","[191.89, 45]","[222.03, 34]",180.5,128,22.78,-0.23
07:42:12,"[179.73, 11]","[179.07, 15]","[191.0, 50]","[193.0, 50]",185.36,126,11.27,-0.59
07:42:13,"[186.38, 8]","[143.38, 34]","[191.0, 28]","[193.0, 40]",188.69,110,4.62,-0.24
07:42:14,"[187.33, 9]","[128.79, 57]","[191.0, 22]","[193.0, 45]",189.17,133,3.67,-0.01
07:42:15,"[174.57, 7]","[89.0, 6]","[194.85, 26]","[255.08, 26]",184.71,65,20.27,-0.6
07:42:16,"[89.0, 4]","[0, 0]","[339.92, 13]","[646.8, 10]",214.46,27,250.92,-0.7
07:42:17,"[119.0, 28]","[57.98, 49]","[344.54, 28]","[528.65, 20]",231.77,125,225.54,0.23
07:42:18,"[199.44, 9]","[89.71, 31]","[445.91, 11]","[488.76, 17]",322.68,68,246.46,0.18
07:42:19,"[206.33, 54]","[203.19, 53]","[344.22, 23]","[445.18, 22]",275.28,152,137.88,0.41
07:42:20,"[207.0, 36]","[203.0, 72]","[315.23, 22]","[436.9, 21]",261.11,151,108.23,0.43
07:42:21,"[208.0, 8]","[207.0, 48]","[349.82, 22]","[436.7, 20]",278.91,98,141.82,0.14
07:42:22,"[207.08, 26]","[203.57, 84]","[249.84, 19]","[261.94, 18]",228.46,147,42.77,0.5
07:42:23,"[207.0, 26]","[203.0, 84]","[247.0, 14]","[251.0, 21]",227.0,145,40.0,0.52
07:42:24,"[207.0, 30]","[203.0, 120]","[220.97, 34]","[228.05, 37]",213.99,221,13.97,0.36
07:42:25,"[207.0, 15]","[203.0, 60]","[215.8, 15]","[224.11, 19]",211.4,109,8.8,0.38
07:42:26,"[204.59, 17]","[204.55, 22]","[215.0, 15]","[247.0, 10]",209.79,64,10.41,0.22
07:42:27,"[203.0, 99]","[201.0, 9]","[213.84, 19]","[214.92, 26]",208.42,153,10.84,0.41
07:42:28,"[203.0, 84]","[201.0, 8]","[212.6, 20]","[213.4, 20]",207.8,132,9.6,0.39
07:42:29,"[203.0, 53]","[201.0, 11]","[211.62, 24]","[212.87, 31]",207.31,119,8.62,0.08
07:42:30,"[203.4, 30]","[202.33, 18]","[209.65, 23]","[210.91, 22]",206.53,93,6.25,0.03
07:42:31,"[203.0, 41]","[201.0, 11]","[206.55, 29]","[208.92, 26]",204.78,107,3.55,-0.03
07:42:32,"[202.56, 9]","[200.47, 15]","[204.56, 16]","[205.75, 24]",203.56,64,2.01,-0.25
07:42:33,"[202.25, 8]","[199.57, 21]","[204.0, 7]","[205.0, 21]",203.12,57,1.75,0.02
07:42:34,"[199.43, 37]","[197.38, 58]","[203.85, 13]","[205.0, 39]",201.64,147,4.41,0.29
07:42:35,"[199.0, 36]","[197.0, 72]","[201.07, 14]","[204.88, 34]",200.04,156,2.07,0.38
07:42:36,"[197.67, 45]","[196.75, 40]","[200.15, 20]","[210.73, 15]",198.91,120,2.48,0.42
07:42:37,"[198.75, 24]","[196.86, 42]","[209.28, 18]","[249.92, 13]",204.01,97,10.53,0.36
07:42:38,"[204.0, 10]","[198.25, 64]","[206.65, 23]","[207.67, 27]",205.33,124,2.65,0.19
07:42:39,"[203.2, 40]","[202.33, 72]","[205.82, 28]","[207.75, 32]",204.51,172,2.62,0.3
07:42:40,"[203.28, 29]","[202.3, 46]","[206.0, 24]","[383.0, 16]",204.64,115,2.72,0.3
07:42:41,"[203.0, 48]","[198.0, 12]","[204.6, 10]","[205.33, 18]",203.8,88,1.6,0.36
07:42:42,"[203.0, 51]","[199.29, 28]","[204.13, 15]","[213.37, 43]",203.57,137,1.13,0.15
07:42:43,"[202.45, 33]","[199.5, 24]","[204.42, 24]","[307.32, 41]",203.44,122,1.96,-0.07
07:42:44,"[202.5, 36]","[199.33, 18]","[204.0, 18]","[250.0, 9]",203.25,81,1.5,0.33
07:42:45,"[203.0, 30]","[200.0, 12]","[204.0, 12]","[295.6, 10]",203.5,64,1.0,0.31
07:42:46,"[203.0, 31]","[200.0, 14]","[224.29, 14]","[289.36, 14]",213.64,73,21.29,0.23
07:42:47,"[200.82, 22]","[197.6, 20]","[351.67, 18]","[445.0, 22]",276.24,82,150.85,0.02
07:42:48,"[195.21, 38]","[188.37, 38]","[231.0, 25]","[426.2, 10]",213.11,111,35.79,0.37
07:42:49,"[196.29, 14]","[195.0, 42]","[199.0, 21]","[487.0, 10]",197.64,87,2.71,0.29
07:42:50,"[197.64, 22]","[193.6, 60]","[199.0, 33]","[468.86, 22]",198.32,137,1.36,0.2
07:42:51,"[197.14, 14]","[194.17, 29]","[198.94, 17]","[420.22, 9]",198.04,69,1.8,0.25
07:42:52,"[195.93, 54]","[193.1, 80]","[198.35, 23]","[257.46, 28]",197.14,185,2.42,0.45
07:42:53,"[197.0, 129]","[195.0, 13]","[199.0, 14]","[431.31, 13]",198.0,169,2.0,0.68
07:42:54,"[195.58, 55]","[183.14, 28]","[203.0, 10]","[322.8, 10]",199.29,103,7.42,0.61
07:42:55,"[192.4, 15]","[188.07, 56]","[203.0, 7]","[389.57, 7]",197.7,85,10.6,0.67
07:42:56,"[197.53, 53]","[192.49, 37]","[203.0, 13]","[276.98, 43]",200.26,146,5.47,0.23
07:42:57,"[196.0, 26]","[194.0, 6]","[203.0, 6]","[274.0, 15]",199.5,53,7.0,0.21
07:42:58,"[193.23, 13]","[190.48, 25]","[253.2, 20]","[531.23, 13]",223.22,71,59.97,0.07
07:42:59,"[192.0, 10]","[190.0, 25]","[194.0, 9]","[384.79, 19]",193.0,63,2.0,0.11
07:43:00,"[192.0, 12]","[190.0, 30]","[194.75, 8]","[207.08, 26]",193.38,76,2.75,0.11
07:43:01,"[192.0, 8]","[190.0, 20]","[196.0, 8]","[265.0, 14]",194.0,50,4.0,0.12
07:43:02,"[190.0, 10]","[0, 0]","[260.0, 5]","[263.33, 3]",225.0,18,70.0,0.11
07:43:03,"[191.0, 54]","[190.0, 21]","[251.67, 9]","[376.53, 15]",221.33,99,60.67,0.52
07:43:04,"[191.51, 55]","[191.53, 19]","[198.0, 18]","[492.67, 18]",194.75,110,6.49,0.35
07:43:05,"[193.53, 47]","[192.31, 59]","[246.0, 14]","[431.6, 20]",219.77,140,52.47,0.51
07:43:06,"[195.4, 25]","[192.75, 48]","[282.0, 10]","[536.5, 8]",238.7,91,86.6,0.6
07:43:07,"[195.6, 35]","[191.2, 50]","[281.73, 11]","[553.28, 18]",238.66,114,86.13,0.49
07:43:08,"[197.91, 32]","[195.81, 75]","[280.91, 33]","[380.18, 22]",239.41,162,83.0,0.32
07:43:09,"[201.84, 43]","[195.45, 22]","[227.32, 19]","[286.77, 13]",214.58,97,25.48,0.34
07:43:10,"[192.64, 39]","[190.25, 40]","[282.2, 5]","[676.29, 21]",237.42,105,89.56,0.5
07:43:11,"[198.57, 70]","[197.0, 35]","[302.0, 7]","[463.47, 17]",250.29,129,103.43,0.63
07:43:12,"[200.67, 120]","[196.36, 70]","[291.5, 20]","[456.54, 48]",246.08,258,90.83,0.47
07:43:13,"[201.97, 31]","[198.3, 50]","[220.0, 18]","[268.0, 45]",210.98,144,18.03,0.12
07:43:14,"[203.79, 42]","[202.0, 70]","[256.97, 31]","[316.18, 67]",230.38,210,53.18,0.07
07:43:15,"[204.93, 42]","[202.89, 94]","[230.79, 38]","[231.41, 34]",217.86,208,25.86,0.31
07:43:16,"[203.56, 41]","[202.7, 50]","[227.62, 8]","[229.25, 8]",215.59,107,24.06,0.7
07:43:17,"[205.44, 27]","[204.0, 45]","[226.11, 9]","[227.89, 9]",215.78,90,20.67,0.6
07:43:18,"[204.9, 31]","[203.35, 65]","[222.82, 11]","[224.18, 11]",213.86,118,17.91,0.63
07:43:19,"[204.25, 16]","[202.75, 32]","[219.45, 11]","[220.73, 11]",211.85,70,15.2,0.37
07:43:20,"[202.08, 26]","[200.48, 21]","[216.67, 15]","[218.56, 18]",209.37,80,14.59,0.17
07:43:21,"[200.29, 21]","[199.04, 56]","[212.77, 13]","[215.21, 19]",206.53,109,12.48,0.41
07:43:22,"[199.73, 11]","[198.33, 27]","[210.31, 13]","[211.09, 22]",205.02,73,10.58,0.04
07:43:23,"[197.49, 41]","[181.08, 65]","[207.7, 10]","[210.57, 28]",202.59,144,10.21,0.47
07:43:24,"[200.0, 28]","[197.0, 36]","[205.33, 15]","[207.0, 6]",202.67,85,5.33,0.51
07:43:25,"[200.0, 24]","[197.0, 18]","[204.67, 6]","[205.11, 9]",202.33,57,4.67,0.47
07:43:26,"[200.0, 44]","[186.81, 77]","[201.81, 43]","[203.62, 16]",200.91,180,1.81,0.34
07:43:27,"[154.13, 15]","[10.93, 94]","[200.73, 22]","[202.31, 13]",177.43,144,46.59,0.51
07:43:28,"[168.4, 99]","[9.33, 36]","[197.07, 27]","[197.5, 22]",182.74,184,28.67,0.47
07:43:29,"[171.51, 98]","[60.25, 28]","[192.43, 14]","[195.0, 14]",181.97,154,20.92,0.64
07:43:30,"[128.64, 11]","[15.27, 88]","[189.27, 11]","[195.0, 11]",158.95,121,60.64,0.64
07:43:31,"[153.12, 8]","[65.62, 64]","[192.36, 11]","[196.93, 14]",172.74,97,39.24,0.48
07:43:32,"[164.0, 6]","[71.24, 33]","[196.0, 8]","[198.0, 18]",180.0,65,32.0,0.2
07:43:33,"[164.0, 5]","[71.0, 25]","[196.0, 5]","[198.0, 15]",180.0,50,32.0,0.2
07:43:34,"[90.57, 30]","[59.0, 69]","[267.88, 16]","[296.53, 30]",179.22,145,177.31,0.37
07:43:35,"[48.92, 36]","[36.0, 3]","[446.89, 18]","[498.5, 24]",247.9,81,397.97,-0.04
07:43:36,"[147.4, 70]","[142.78, 76]","[446.4, 30]","[549.33, 75]",296.9,251,299.0,0.16
07:43:37,"[208.0, 21]","[207.0, 99]","[358.0, 18]","[656.33, 30]",283.0,168,150.0,0.43
07:43:38,"[207.03, 65]","[203.33, 83]","[227.05, 38]","[478.79, 28]",217.04,214,20.02,0.38
07:43:39,"[207.0, 49]","[202.0, 63]","[218.86, 28]","[567.29, 35]",212.93,175,11.86,0.28
07:43:40,"[207.0, 84]","[202.79, 102]","[218.0, 48]","[551.95, 57]",212.5,291,11.0,0.28
07:43:41,"[207.0, 49]","[206.0, 70]","[217.57, 28]","[248.0, 14]",212.29,161,10.57,0.48
07:43:42,"[207.0, 64]","[206.0, 100]","[217.0, 40]","[248.0, 20]",212.0,224,10.0,0.46
07:43:43,"[207.0, 48]","[206.0, 80]","[216.12, 32]","[431.88, 16]",211.56,176,9.12,0.45
07:43:44,"[207.0, 66]","[206.0, 110]","[215.09, 44]","[524.27, 22]",211.05,242,8.09,0.45
07:43:45,"[206.0, 110]","[203.0, 13]","[214.55, 22]","[260.65, 46]",210.27,191,8.55,0.29
07:43:46,"[206.0, 28]","[203.0, 6]","[213.5, 6]","[215.0, 24]",209.75,64,7.5,0.06
07:43:47,"[206.6, 15]","[205.57, 21]","[210.8, 45]","[211.87, 15]",208.7,96,4.2,-0.25
07:43:48,"[206.0, 18]","[203.0, 9]","[208.78, 36]","[210.0, 9]",207.39,72,2.78,-0.25
07:43:49,"[204.83, 18]","[202.09, 69]","[274.51, 41]","[516.31, 42]",239.67,170,69.68,0.02
07:43:50,"[203.0, 8]","[202.0, 72]","[310.88, 16]","[459.25, 40]",256.94,136,107.88,0.18
07:43:51,"[203.0, 8]","[202.0, 72]","[343.82, 22]","[459.91, 22]",273.41,124,140.82,0.29
07:43:52,"[202.0, 38]","[200.0, 66]","[368.06, 32]","[583.33, 21]",285.03,157,166.06,0.32
07:43:53,"[201.18, 22]","[199.88, 48]","[236.83, 30]","[288.85, 26]",219.01,126,35.65,0.11
07:43:54,"[200.0, 24]","[199.0, 48]","[226.57, 14]","[228.67, 18]",213.29,104,26.57,0.38
07:43:55,"[200.54, 13]","[199.72, 29]","[224.71, 17]","[226.0, 19]",212.62,78,24.17,0.08
07:43:56,"[202.7, 10]","[200.0, 30]","[221.5, 30]","[223.0, 10]",212.1,80,18.8,0.0
07:43:57,"[203.0, 9]","[200.89, 27]","[219.57, 21]","[220.67, 15]",211.29,72,16.57,0.0
07:43:58,"[208.0, 90]","[203.0, 13]","[215.96, 23]","[215.79, 29]",211.98,155,7.96,0.33
07:43:59,"[208.0, 72]","[203.5, 12]","[210.46, 28]","[212.27, 22]",209.23,134,2.46,0.25
07:44:00,"[207.45, 11]","[203.75, 16]","[209.11, 18]","[210.13, 23]",208.28,68,1.66,-0.21
07:44:01,"[202.8, 30]","[201.26, 38]","[206.56, 16]","[207.25, 24]",204.68,108,3.76,0.26
07:44:02,"[203.0, 36]","[202.0, 36]","[204.51, 37]","[205.65, 26]",203.76,135,1.51,0.07
07:44:03,"[203.0, 30]","[202.0, 87]","[204.0, 44]","[205.0, 33]",203.5,194,1.0,0.21
07:44:04,"[202.67, 27]","[201.6, 60]","[241.25, 48]","[336.73, 41]",221.96,176,38.58,-0.01
07:44:05,"[201.28, 25]","[199.28, 50]","[276.43, 28]","[322.24, 41]",238.85,144,75.15,0.04
07:44:06,"[200.67, 63]","[198.33, 110]","[298.39, 41]","[346.3, 44]",249.53,258,97.72,0.34
07:44:07,"[201.04, 79]","[200.0, 44]","[229.04, 45]","[236.02, 45]",215.04,213,28.01,0.15
07:44:08,"[201.19, 37]","[198.7, 43]","[217.3, 37]","[218.6, 40]",209.24,157,16.11,0.02
07:44:09,"[199.67, 45]","[198.42, 72]","[215.67, 27]","[218.0, 36]",207.67,180,16.0,0.3
07:44:10,"[199.0, 60]","[198.0, 168]","[210.86, 42]","[211.71, 42]",204.93,312,11.86,0.46
07:44:11,"[199.0, 23]","[198.0, 166]","[207.94, 34]","[209.07, 43]",203.47,266,8.94,0.42
07:44:12,"[199.0, 8]","[198.0, 136]","[209.0, 32]","[210.0, 24]",204.0,200,10.0,0.44
07:44:13,"[202.6, 30]","[198.21, 98]","[208.51, 37]","[209.33, 36]",205.56,201,5.91,0.27
07:44:14,"[201.0, 20]","[198.0, 150]","[204.75, 28]","[207.31, 13]",202.88,211,3.75,0.61
07:44:15,"[197.53, 118]","[195.57, 46]","[205.64, 39]","[248.85, 27]",201.58,230,8.12,0.43
07:44:16,"[203.0, 34]","[197.5, 78]","[204.8, 30]","[209.82, 34]",203.9,176,1.8,0.27
07:44:17,"[196.24, 76]","[195.74, 27]","[204.18, 34]","[366.0, 29]",200.21,166,7.94,0.24
07:44:18,"[196.0, 60]","[195.0, 9]","[202.17, 29]","[280.55, 31]",199.09,129,6.17,0.07
07:44:19,"[196.0, 20]","[195.0, 4]","[197.0, 8]","[203.0, 16]",196.5,48,1.0,0.0
07:44:20,"[196.0, 20]","[195.0, 8]","[197.0, 16]","[214.11, 27]",196.5,71,1.0,-0.21
07:44:21,"[196.0, 10]","[195.0, 10]","[197.0, 20]","[199.0, 20]",196.5,60,1.0,-0.33
07:44:22,"[196.0, 9]","[195.0, 9]","[217.8, 20]","[303.48, 29]",206.9,67,21.8,-0.46
07:44:23,"[203.51, 45]","[199.35, 23]","[262.89, 37]","[340.33, 58]",233.2,163,59.38,-0.17
07:44:24,"[207.18, 33]","[203.0, 24]","[262.0, 20]","[263.0, 15]",234.59,92,54.82,0.24
07:44:25,"[209.0, 47]","[204.0, 54]","[261.67, 36]","[263.0, 27]",235.33,164,52.67,0.23
07:44:26,"[209.0, 36]","[204.0, 72]","[258.17, 48]","[371.0, 36]",233.58,192,49.17,0.12
07:44:27,"[206.61, 46]","[203.75, 59]","[227.1, 42]","[260.44, 25]",216.85,172,20.49,0.22
07:44:28,"[204.0, 78]","[203.0, 45]","[222.73, 37]","[227.88, 32]",213.36,192,18.73,0.28
07:44:29,"[204.0, 48]","[203.0, 100]","[220.41, 39]","[221.7, 33]",212.21,220,16.41,0.35
07:44:30,"[204.0, 48]","[203.0, 136]","[216.27, 30]","[217.94, 34]",210.13,248,12.27,0.48
07:44:31,"[204.0, 10]","[203.0, 170]","[212.4, 40]","[217.68, 38]",208.2,258,8.4,0.4
07:44:32,"[203.27, 22]","[202.97, 103]","[208.33, 30]","[212.13, 30]",205.8,185,5.06,0.35
07:44:33,"[203.0, 221]","[200.0, 15]","[205.55, 55]","[206.57, 63]",204.27,354,2.55,0.33
07:44:34,"[203.0, 63]","[200.0, 7]","[204.43, 28]","[208.0, 28]",203.71,126,1.43,0.11
07:44:35,"[203.0, 81]","[200.0, 9]","[204.0, 36]","[208.0, 36]",203.5,162,1.0,0.11
07:44:36,"[203.0, 36]","[200.0, 8]","[204.0, 32]","[257.42, 19]",203.5,95,1.0,-0.07
07:44:37,"[202.57, 14]","[199.18, 17]","[227.67, 18]","[308.27, 11]",215.12,60,25.1,0.03
07:44:38,"[200.98, 64]","[199.56, 16]","[298.88, 24]","[592.62, 16]",249.93,120,97.89,0.33
07:44:39,"[201.0, 63]","[200.0, 9]","[469.29, 17]","[667.32, 19]",335.15,108,268.29,0.33
07:44:40,"[202.52, 81]","[200.95, 81]","[406.68, 19]","[584.87, 23]",304.6,204,204.17,0.59
07:44:41,"[203.55, 29]","[201.97, 34]","[259.0, 24]","[455.57, 14]",231.28,101,55.45,0.25
07:44:42,"[205.0, 24]","[204.0, 29]","[408.88, 8]","[666.75, 8]",306.94,69,203.88,0.54
07:44:43,"[202.97, 38]","[202.63, 41]","[230.6, 15]","[436.33, 15]",216.79,109,27.63,0.45
07:44:44,"[201.0, 36]","[200.0, 9]","[216.11, 27]","[309.0, 9]",208.56,81,15.11,0.11
07:44:45,"[201.0, 26]","[200.0, 25]","[214.79, 14]","[221.07, 41]",207.89,106,13.79,-0.04
07:44:46,"[202.6, 30]","[200.4, 10]","[212.45, 20]","[215.4, 25]",207.52,85,9.85,-0.06
07:44:47,"[203.0, 82]","[200.98, 107]","[209.68, 41]","[210.78, 27]",206.34,257,6.68,0.47
07:44:48,"[203.0, 74]","[201.0, 154]","[207.0, 32]","[207.88, 34]",205.0,294,4.0,0.55
07:44:49,"[203.03, 37]","[201.07, 91]","[206.39, 18]","[207.55, 33]",204.71,179,3.36,0.43
07:44:50,"[203.17, 12]","[201.1, 116]","[206.43, 42]","[207.86, 42]",204.8,212,3.26,0.21
07:44:51,"[201.24, 41]","[200.47, 75]","[204.0, 30]","[205.36, 33]",202.62,179,2.76,0.3
07:44:52,"[201.0, 52]","[199.06, 32]","[220.0, 18]","[262.65, 17]",210.5,119,19.0,0.41
07:44:53,"[202.36, 44]","[200.91, 44]","[305.83, 24]","[387.5, 12]",254.1,124,103.47,0.42
07:44:54,"[204.26, 57]","[201.0, 65]","[291.48, 23]","[434.21, 14]",247.87,159,87.22,0.53
07:44:55,"[205.4, 30]","[201.0, 50]","[216.4, 10]","[265.23, 13]",210.9,103,11.0,0.55
07:44:56,"[206.62, 24]","[201.0, 54]","[217.33, 12]","[233.0, 8]",211.98,98,10.71,0.59
07:44:57,"[208.0, 24]","[203.0, 24]","[217.0, 16]","[218.0, 8]",212.5,72,9.0,0.33
07:44:58,"[208.0, 33]","[203.0, 54]","[216.73, 22]","[226.73, 11]",212.36,120,8.73,0.45
07:44:59,"[208.0, 30]","[203.0, 60]","[216.0, 20]","[244.6, 10]",212.0,120,8.0,0.5
07:45:00,"[206.46, 26]","[202.16, 62]","[215.0, 16]","[259.0, 8]",210.73,112,8.54,0.57
07:45:01,"[203.0, 36]","[201.0, 75]","[215.0, 18]","[270.67, 9]",209.0,138,12.0,0.61
07:45:02,"[202.88, 48]","[201.03, 78]","[215.0, 30]","[401.33, 15]",208.94,171,12.12,0.47
07:45:03,"[201.0, 36]","[200.0, 47]","[214.88, 16]","[361.09, 11]",207.94,110,13.88,0.51
07:45:04,"[201.47, 15]","[200.67, 42]","[213.8, 10]","[214.94, 17]",207.63,84,12.33,0.36
07:45:05,"[205.14, 7]","[201.47, 17]","[213.0, 14]","[214.0, 7]",209.07,45,7.86,0.07
07:45:06,"[208.0, 10]","[205.1, 10]","[211.07, 15]","[211.73, 15]",209.53,50,3.07,-0.2
07:45:07,"[202.0, 20]","[201.0, 60]","[208.97, 29]","[210.12, 16]",205.48,125,6.97,0.28
07:45:08,"[203.0, 28]","[202.0, 14]","[205.92, 25]","[207.15, 33]",204.46,100,2.92,-0.16
07:45:09,"[202.2, 10]","[201.03, 33]","[204.07, 14]","[206.0, 14]",203.14,71,1.87,0.21
07:45:10,"[202.0, 10]","[200.33, 24]","[203.0, 10]","[204.0, 20]",202.5,64,1.0,0.06
07:45:11,"[200.23, 31]","[199.14, 98]","[202.33, 18]","[244.19, 26]",201.28,173,2.11,0.49
07:45:12,"[199.72, 53]","[198.86, 43]","[202.21, 19]","[427.0, 11]",200.96,126,2.49,0.52
07:45:13,"[200.0, 48]","[199.0, 65]","[201.0, 39]","[425.72, 29]",200.5,181,1.0,0.25
07:45:14,"[199.04, 57]","[198.08, 131]","[266.4, 30]","[424.0, 39]",232.72,257,67.36,0.46
07:45:15,"[199.0, 45]","[198.0, 99]","[206.38, 42]","[304.5, 12]",202.69,198,7.38,0.45
07:45:16,"[199.0, 56]","[198.0, 132]","[203.0, 24]","[302.71, 24]",201.0,236,4.0,0.59
07:45:17,"[198.45, 53]","[197.96, 92]","[202.08, 24]","[296.0, 36]",200.27,205,3.63,0.41
07:45:18,"[198.0, 78]","[197.0, 13]","[202.0, 26]","[293.93, 41]",200.0,158,4.0,0.15
07:45:19,"[199.22, 36]","[198.64, 28]","[201.88, 16]","[296.0, 24]",200.55,104,2.65,0.23
07:45:20,"[200.0, 20]","[198.77, 26]","[267.0, 14]","[361.0, 12]",233.5,72,67.0,0.28
07:45:21,"[200.0, 14]","[198.0, 42]","[355.0, 21]","[589.9, 31]",277.5,108,155.0,0.04
07:45:22,"[200.0, 14]","[198.0, 42]","[365.86, 21]","[467.14, 21]",282.93,98,165.86,0.14
07:45:23,"[198.5, 48]","[197.8, 45]","[372.2, 30]","[475.07, 45]",285.35,168,173.7,0.11
07:45:24,"[198.0, 40]","[197.0, 10]","[276.8, 25]","[417.8, 25]",237.4,100,78.8,0.0
07:45:25,"[201.07, 15]","[197.98, 53]","[367.41, 34]","[441.1, 40]",284.24,142,166.35,-0.04
07:45:26,"[198.0, 16]","[197.0, 8]","[351.75, 16]","[442.04, 23]",274.88,63,153.75,-0.24
07:45:27,"[206.18, 11]","[197.86, 7]","[230.0, 8]","[369.0, 8]",218.09,34,23.82,0.06
07:45:28,"[208.0, 28]","[198.0, 20]","[284.0, 20]","[369.0, 20]",246.0,88,76.0,0.09
07:45:29,"[208.0, 16]","[198.0, 16]","[319.0, 16]","[325.31, 13]",263.5,61,111.0,0.05
07:45:30,"[208.0, 18]","[198.0, 34]","[302.95, 19]","[365.65, 20]",255.47,91,94.95,0.14
07:45:31,"[198.0, 13]","[197.0, 7]","[275.0, 14]","[276.0, 21]",236.5,55,77.0,-0.27
07:45:32,"[195.27, 22]","[183.15, 26]","[293.63, 27]","[367.93, 40]",244.45,115,98.36,-0.17
07:45:33,"[193.0, 12]","[172.14, 14]","[231.29, 14]","[290.43, 14]",212.14,54,38.29,-0.04
07:45:34,"[198.17, 24]","[191.33, 24]","[352.21, 39]","[479.52, 44]",275.19,131,154.04,-0.27
07:45:35,"[200.0, 90]","[198.88, 51]","[344.06, 31]","[407.61, 36]",272.03,208,144.06,0.36
07:45:36,"[202.75, 64]","[200.16, 50]","[301.44, 9]","[426.54, 13]",252.1,136,98.69,0.68
07:45:37,"[201.49, 70]","[199.54, 65]","[298.81, 47]","[359.6, 43]",250.15,225,97.32,0.2
07:45:38,"[200.19, 64]","[197.69, 26]","[296.23, 47]","[296.42, 19]",248.21,156,96.05,0.15
07:45:39,"[201.15, 47]","[199.14, 28]","[292.32, 38]","[294.3, 46]",246.73,159,91.17,-0.06
07:45:40,"[204.05, 40]","[200.0, 32]","[290.88, 80]","[291.58, 24]",247.46,176,86.82,-0.18
07:45:41,"[206.0, 26]","[201.93, 61]","[289.27, 63]","[290.54, 61]",247.63,211,83.27,-0.18
07:45:42,"[203.05, 59]","[201.69, 65]","[285.05, 56]","[286.75, 60]",244.05,240,82.0,0.03
07:45:43,"[202.0, 188]","[200.0, 90]","[265.77, 39]","[280.23, 47]",233.88,364,63.77,0.53
07:45:44,"[202.0, 217]","[200.0, 98]","[224.87, 30]","[249.36, 36]",213.43,381,22.87,0.65
07:45:45,"[202.0, 225]","[200.0, 105]","[212.55, 29]","[213.42, 53]",207.28,412,10.55,0.6
07:45:46,"[202.0, 150]","[200.0, 70]","[209.4, 35]","[210.23, 22]",205.7,277,7.4,0.59
07:45:47,"[202.08, 119]","[201.23, 146]","[207.24, 58]","[208.11, 61]",204.66,384,5.17,0.38
07:45:48,"[201.43, 162]","[199.71, 200]","[203.23, 69]","[204.69, 64]",202.33,495,1.8,0.46
07:45:49,"[200.0, 27]","[198.0, 84]","[202.25, 16]","[280.86, 14]",201.12,141,2.25,0.57
07:45:50,"[200.0, 22]","[198.0, 120]","[247.76, 17]","[407.09, 22]",223.88,181,47.76,0.57
07:45:51,"[208.0, 63]","[200.0, 9]","[357.45, 11]","[536.24, 25]",282.73,108,149.45,0.33
07:45:52,"[208.0, 63]","[200.0, 9]","[536.0, 27]","[542.0, 9]",372.0,108,328.0,0.33
07:45:53,"[208.0, 62]","[200.0, 11]","[345.57, 23]","[536.19, 31]",276.78,127,137.57,0.15
07:45:54,"[208.0, 52]","[200.0, 13]","[325.89, 27]","[453.23, 39]",266.94,131,117.89,-0.01
07:45:55,"[208.0, 32]","[200.0, 8]","[398.88, 24]","[563.71, 17]",303.44,81,190.88,-0.01
07:45:56,"[208.0, 28]","[198.9, 20]","[404.89, 18]","[478.43, 14]",306.44,80,196.89,0.2
07:45:57,"[207.79, 38]","[200.09, 23]","[271.25, 32]","[403.56, 27]",239.52,120,63.46,0.02
07:45:58,"[200.0, 10]","[198.0, 122]","[307.42, 48]","[433.31, 32]",253.71,212,107.42,0.25
07:45:59,"[198.87, 23]","[197.85, 135]","[305.77, 13]","[349.71, 35]",252.32,206,106.9,0.53
07:46:00,"[198.0, 169]","[194.0, 65]","[275.61, 18]","[483.42, 31]",236.81,283,77.61,0.65
07:46:01,"[198.0, 13]","[194.0, 5]","[200.0, 1]","[318.0, 1]",199.0,20,2.0,0.8
07:46:02,"[198.14, 142]","[194.96, 72]","[518.36, 22]","[614.26, 54]",358.25,290,320.22,0.48
07:46:03,"[200.04, 46]","[199.64, 14]","[358.0, 18]","[686.67, 30]",279.02,108,157.96,0.11
07:46:04,"[202.89, 27]","[200.46, 35]","[272.29, 41]","[477.19, 37]",237.59,140,69.4,-0.11
07:46:05,"[202.67, 9]","[200.2, 51]","[250.78, 45]","[299.0, 9]",226.72,114,48.11,0.05
07:46:06,"[205.6, 10]","[200.75, 122]","[229.0, 50]","[299.0, 10]",217.3,192,23.4,0.38
07:46:07,"[203.2, 30]","[200.74, 89]","[298.64, 11]","[401.29, 41]",250.92,171,95.44,0.39
07:46:08,"[200.19, 93]","[198.59, 102]","[296.36, 11]","[351.4, 30]",248.28,236,96.17,0.65
07:46:09,"[200.0, 132]","[198.0, 99]","[296.0, 11]","[393.62, 26]",248.0,268,96.0,0.72
07:46:10,"[200.0, 123]","[198.33, 27]","[295.64, 11]","[328.45, 22]",247.82,183,95.64,0.64
07:46:11,"[200.09, 94]","[199.74, 38]","[251.35, 23]","[285.72, 25]",225.72,180,51.26,0.47
07:46:12,"[201.0, 12]","[200.0, 42]","[233.0, 30]","[250.0, 6]",217.0,90,32.0,0.2
07:46:13,"[202.5, 16]","[200.77, 31]","[240.0, 30]","[272.28, 53]",221.25,130,37.5,-0.28
07:46:14,"[199.74, 50]","[197.5, 18]","[241.35, 17]","[242.38, 37]",220.55,122,41.61,0.11
07:46:15,"[198.0, 56]","[196.0, 70]","[207.78, 9]","[234.59, 27]",202.89,162,9.78,0.56
07:46:16,"[198.5, 40]","[196.68, 91]","[207.0, 11]","[242.64, 55]",202.75,197,8.5,0.33
07:46:17,"[198.0, 60]","[197.0, 100]","[207.0, 10]","[257.14, 42]",202.5,212,9.0,0.51
07:46:18,"[198.0, 54]","[197.0, 90]","[207.0, 9]","[236.71, 35]",202.5,188,9.0,0.53
07:46:19,"[198.0, 48]","[197.0, 80]","[205.62, 8]","[217.0, 40]",201.81,176,7.62,0.45
07:46:20,"[198.0, 65]","[197.0, 130]","[203.63, 19]","[213.41, 41]",200.82,255,5.63,0.53
07:46:21,"[198.0, 40]","[197.0, 80]","[201.12, 8]","[202.3, 10]",199.56,138,3.12,0.74
07:46:22,"[198.0, 60]","[197.0, 150]","[199.4, 15]","[202.0, 15]",198.7,240,1.4,0.75
07:46:23,"[198.0, 27]","[197.0, 120]","[199.0, 12]","[205.73, 30]",198.5,189,1.0,0.56
07:46:24,"[198.0, 10]","[197.0, 50]","[199.0, 5]","[214.0, 20]",198.5,85,1.0,0.41
07:46:25,"[197.07, 54]","[194.0, 50]","[199.0, 7]","[294.86, 29]",198.04,140,1.93,0.49
07:46:26,"[197.0, 80]","[190.63, 49]","[198.67, 9]","[382.89, 45]",197.83,183,1.67,0.41
07:46:27,"[191.86, 28]","[115.67, 18]","[282.57, 28]","[417.84, 32]",237.21,106,90.71,-0.13
07:46:28,"[165.12, 43]","[120.33, 43]","[240.92, 48]","[466.31, 55]",203.02,189,75.8,-0.09
07:46:29,"[159.98, 88]","[128.25, 40]","[238.71, 56]","[427.8, 61]",199.35,245,78.74,0.04
07:46:30,"[129.0, 48]","[126.04, 56]","[208.51, 43]","[226.0, 34]",168.76,181,79.51,0.15
07:46:31,"[146.38, 64]","[134.72, 72]","[197.0, 52]","[198.0, 39]",171.69,227,50.62,0.2
07:46:32,"[170.91, 65]","[160.71, 89]","[195.17, 58]","[197.45, 44]",183.04,256,24.26,0.2
07:46:33,"[190.57, 51]","[187.81, 79]","[192.62, 56]","[195.0, 48]",191.6,234,2.06,0.11
07:46:34,"[174.25, 40]","[75.71, 14]","[191.27, 22]","[194.57, 28]",182.76,104,17.02,0.04
07:46:35,"[71.67, 6]","[65.17, 6]","[191.0, 27]","[192.0, 6]",131.33,45,119.33,-0.47
07:46:36,"[87.25, 8]","[72.5, 8]","[191.0, 32]","[192.0, 8]",139.12,56,103.75,-0.43
07:46:37,"[94.5, 8]","[57.0, 8]","[195.67, 36]","[242.43, 23]",145.08,75,101.17,-0.57
07:46:38,"[95.0, 9]","[86.67, 9]","[197.11, 27]","[217.35, 43]",146.06,88,102.11,-0.59
07:46:39,"[123.33, 36]","[101.03, 33]","[197.41, 41]","[334.76, 29]",160.37,139,74.08,-0.01
07:46:40,"[155.06, 17]","[128.3, 37]","[194.09, 22]","[195.69, 39]",174.57,115,39.03,-0.06
07:46:41,"[152.43, 7]","[130.76, 17]","[191.0, 6]","[192.0, 24]",171.71,54,38.57,-0.11
07:46:42,"[134.78, 18]","[130.97, 31]","[191.77, 31]","[193.17, 46]",163.28,126,57.0,-0.22
07:46:43,"[150.92, 90]","[148.31, 72]","[192.49, 49]","[195.92, 52]",171.71,263,41.57,0.23
07:46:44,"[158.15, 59]","[157.14, 43]","[196.82, 17]","[203.25, 12]",177.49,131,38.67,0.56
07:46:45,"[160.0, 16]","[159.0, 8]","[197.0, 10]","[198.0, 8]",178.5,42,37.0,0.14
07:46:46,"[160.4, 20]","[159.0, 10]","[196.3, 10]","[197.5, 10]",178.35,50,35.9,0.2
07:46:47,"[173.79, 39]","[174.64, 61]","[191.43, 35]","[196.33, 15]",182.61,150,17.63,0.33
07:46:48,"[184.48, 31]","[182.34, 68]","[190.0, 60]","[195.0, 12]",187.24,171,5.52,0.16
07:46:49,"[188.84, 70]","[187.0, 20]","[190.21, 47]","[195.17, 12]",189.53,149,1.37,0.21
07:46:50,"[189.98, 44]","[188.26, 31]","[195.8, 10]","[256.0, 10]",192.89,95,5.82,0.58
07:46:51,"[192.2, 35]","[189.89, 28]","[196.14, 14]","[551.85, 41]",194.17,118,3.94,0.07
07:46:52,"[193.82, 11]","[102.94, 49]","[195.31, 35]","[317.67, 21]",194.57,116,1.5,0.03
07:46:53,"[67.15, 20]","[43.88, 41]","[195.0, 29]","[197.0, 7]",131.07,97,127.85,0.26
07:46:54,"[123.46, 35]","[82.91, 34]","[194.59, 37]","[196.33, 12]",159.03,118,71.14,0.17
07:46:55,"[179.0, 20]","[156.56, 34]","[191.78, 36]","[194.67, 36]",185.39,126,12.78,-0.14
07:46:56,"[179.91, 22]","[149.27, 33]","[191.0, 44]","[192.0, 22]",185.45,121,11.09,-0.09
07:46:57,"[181.55, 11]","[148.09, 23]","[191.0, 24]","[192.0, 12]",186.27,70,9.45,-0.03
07:46:58,"[183.0, 9]","[182.0, 18]","[191.0, 36]","[192.0, 18]",187.0,81,8.0,-0.33
07:46:59,"[185.2, 10]","[182.33, 18]","[190.73, 30]","[194.67, 30]",187.97,88,5.53,-0.36
07:47:00,"[191.12, 16]","[190.08, 13]","[193.0, 15]","[196.0, 40]",192.06,84,1.88,-0.31
07:47:01,"[191.68, 19]","[174.0, 12]","[193.0, 10]","[196.0, 40]",192.34,81,1.32,-0.23
07:47:02,"[190.0, 10]","[139.12, 48]","[194.32, 28]","[196.12, 16]",192.16,102,4.32,0.14
07:47:03,"[163.75, 8]","[142.0, 40]","[193.13, 23]","[194.75, 8]",178.44,79,29.38,0.22
07:47:04,"[180.0, 26]","[139.69, 26]","[193.0, 40]","[194.0, 10]",186.5,102,13.0,0.02
07:47:05,"[157.22, 40]","[127.23, 26]","[193.0, 19]","[194.0, 10]",175.11,95,35.78,0.39
07:47:06,"[179.09, 55]","[129.0, 11]","[194.45, 11]","[195.71, 21]",186.77,98,15.36,0.35
07:47:07,"[175.0, 40]","[138.75, 8]","[194.27, 11]","[195.95, 22]",184.64,81,19.27,0.19
07:47:08,"[176.91, 45]","[172.77, 47]","[191.37, 19]","[193.0, 60]",184.14,171,14.46,0.08
07:47:09,"[181.55, 11]","[161.71, 49]","[191.0, 11]","[193.0, 44]",186.27,115,9.45,0.04
07:47:10,"[182.58, 12]","[133.15, 52]","[191.81, 21]","[193.2, 45]",187.2,130,9.23,-0.02
07:47:11,"[184.25, 8]","[124.93, 28]","[193.0, 32]","[194.0, 24]",188.62,92,8.75,-0.22
07:47:12,"[185.75, 8]","[112.62, 24]","[195.0, 8]","[196.0, 8]",190.38,48,9.25,0.33
07:47:13,"[186.0, 13]","[113.21, 33]","[194.14, 36]","[195.38, 13]",190.07,95,8.14,-0.03
07:47:14,"[187.67, 9]","[122.0, 9]","[194.0, 18]","[195.0, 9]",190.83,45,6.33,-0.2
07:47:15,"[188.75, 16]","[142.62, 16]","[192.76, 37]","[194.05, 21]",190.75,90,4.01,-0.29
07:47:16,"[129.92, 13]","[68.08, 48]","[192.69, 45]","[253.62, 32]",161.31,138,62.77,-0.12
07:47:17,"[126.1, 42]","[71.68, 25]","[189.0, 36]","[190.75, 48]",157.55,151,62.9,-0.11
07:47:18,"[147.88, 16]","[142.12, 32]","[189.67, 27]","[191.0, 30]",168.77,105,41.79,-0.09
07:47:19,"[148.56, 18]","[142.83, 24]","[191.0, 30]","[195.0, 20]",169.78,92,42.44,-0.09
07:47:20,"[147.5, 16]","[146.38, 16]","[191.0, 24]","[195.0, 16]",169.25,72,43.5,-0.11
07:47:21,"[163.4, 10]","[149.29, 14]","[191.0, 18]","[195.0, 14]",177.2,56,27.6,-0.14
07:47:22,"[185.08, 24]","[162.64, 22]","[192.43, 21]","[196.15, 26]",188.76,93,7.35,-0.01
07:47:23,"[188.77, 65]","[187.88, 65]","[279.32, 38]","[415.72, 43]",234.04,211,90.55,0.23
07:47:24,"[199.27, 59]","[193.75, 107]","[325.0, 42]","[574.86, 56]",262.14,264,125.73,0.26
07:47:25,"[204.95, 19]","[203.64, 28]","[320.76, 34]","[411.64, 33]",262.86,114,115.82,-0.18
07:47:26,"[204.0, 9]","[203.0, 90]","[276.17, 35]","[284.29, 28]",240.09,162,72.17,0.22
07:47:27,"[204.95, 98]","[203.02, 102]","[274.0, 48]","[334.0, 45]",239.47,293,69.05,0.37
07:47:28,"[205.0, 22]","[203.0, 20]","[274.0, 8]","[348.0, 8]",239.5,58,69.0,0.45
07:47:29,"[205.4, 75]","[203.08, 52]","[273.14, 28]","[333.25, 16]",239.27,171,67.74,0.49
07:47:30,"[207.0, 40]","[205.0, 4]","[273.0, 16]","[289.0, 4]",240.0,64,66.0,0.38
07:47:31,"[207.0, 66]","[205.0, 11]","[237.05, 44]","[295.93, 30]",222.02,151,30.05,0.02
07:47:32,"[207.0, 66]","[205.0, 11]","[218.17, 36]","[236.4, 30]",212.58,143,11.17,0.08
07:47:33,"[207.0, 60]","[205.0, 10]","[215.9, 40]","[217.0, 20]",211.45,130,8.9,0.08
07:47:34,"[207.0, 54]","[205.0, 13]","[213.44, 43]","[214.59, 41]",210.22,151,6.44,-0.11
07:47:35,"[206.68, 19]","[203.42, 38]","[209.38, 26]","[211.17, 29]",208.03,112,2.7,0.02
07:47:36,"[203.05, 123]","[202.2, 150]","[205.53, 30]","[208.73, 33]",204.29,336,2.48,0.62
07:47:37,"[203.0, 50]","[202.0, 50]","[204.2, 10]","[209.0, 10]",203.6,120,1.2,0.67
07:47:38,"[203.68, 82]","[202.68, 94]","[207.6, 25]","[217.47, 32]",205.64,233,3.92,0.51
07:47:39,"[204.0, 79]","[203.0, 104]","[205.93, 28]","[207.4, 30]",204.96,241,1.93,0.52
07:47:40,"[204.0, 53]","[203.0, 88]","[205.46, 26]","[206.28, 29]",204.73,196,1.46,0.44
07:47:41,"[203.06, 90]","[202.13, 126]","[243.74, 19]","[394.83, 30]",223.4,265,40.68,0.63
07:47:42,"[202.68, 50]","[201.75, 80]","[258.0, 9]","[377.4, 10]",230.34,149,55.32,0.74
07:47:43,"[202.07, 67]","[200.25, 57]","[235.44, 25]","[287.09, 11]",218.76,160,33.37,0.55
07:47:44,"[202.0, 52]","[200.0, 50]","[207.05, 19]","[230.59, 22]",204.53,143,5.05,0.43
07:47:45,"[202.0, 16]","[200.0, 40]","[206.0, 32]","[584.56, 32]",204.0,120,4.0,-0.07
07:47:46,"[200.59, 17]","[199.79, 28]","[205.75, 12]","[318.21, 33]",203.17,90,5.16,0.0
07:47:47,"[201.1, 21]","[166.53, 15]","[205.0, 7]","[646.0, 21]",203.05,64,3.9,0.12
07:47:48,"[198.43, 21]","[167.2, 20]","[570.55, 22]","[205.0, 1]",384.49,64,372.12,0.28
07:47:49,"[207.0, 2]","[197.0, 4]","[588.0, 6]","[0, 0]",397.5,12,381.0,0.0
07:47:50,"[207.0, 5]","[197.0, 10]","[468.2, 15]","[0, 0]",337.6,30,261.2,0.0
07:47:51,"[207.0, 8]","[197.0, 16]","[578.14, 22]","[672.0, 6]",392.57,52,371.14,-0.08
07:47:52,"[207.0, 7]","[197.55, 11]","[670.71, 14]","[679.14, 21]",438.86,53,463.71,-0.32
07:47:53,"[199.92, 13]","[197.22, 9]","[668.71, 14]","[798.0, 21]",434.32,57,468.79,-0.23
07:47:54,"[198.92, 48]","[197.0, 9]","[654.6, 15]","[759.0, 24]",426.76,96,455.68,0.19
07:47:55,"[200.45, 44]","[197.0, 11]","[591.67, 21]","[605.17, 12]",396.06,88,391.21,0.25
07:47:56,"[201.11, 18]","[199.0, 8]","[271.6, 5]","[531.8, 10]",236.36,41,70.49,0.27
07:47:57,"[202.0, 14]","[201.0, 28]","[259.77, 13]","[424.69, 13]",230.88,68,57.77,0.24
07:47:58,"[201.67, 12]","[199.67, 24]","[206.0, 16]","[365.0, 11]",203.83,63,4.33,0.14
07:47:59,"[201.0, 7]","[197.0, 14]","[204.0, 17]","[237.71, 14]",202.5,52,3.0,-0.19
07:48:00,"[201.53, 15]","[197.89, 18]","[203.64, 28]","[302.32, 25]",202.59,86,2.11,-0.23
07:48:01,"[201.64, 14]","[198.27, 15]","[203.33, 27]","[427.46, 13]",202.49,69,1.69,-0.16
07:48:02,"[201.38, 13]","[197.27, 70]","[202.86, 28]","[380.75, 24]",202.12,135,1.47,0.23
07:48:03,"[197.27, 89]","[196.32, 123]","[343.04, 28]","[527.29, 17]",270.15,257,145.77,0.65
07:48:04,"[199.16, 25]","[196.88, 102]","[277.2, 15]","[434.3, 10]",238.18,152,78.04,0.67
07:48:05,"[203.0, 13]","[197.22, 135]","[264.72, 29]","[272.64, 22]",233.86,199,61.72,0.49
07:48:06,"[200.57, 28]","[197.19, 93]","[262.88, 34]","[263.54, 24]",231.73,179,62.31,0.35
07:48:07,"[199.0, 11]","[197.0, 132]","[258.81, 16]","[262.83, 29]",228.91,188,59.81,0.52
07:48:08,"[199.0, 7]","[197.0, 80]","[260.16, 19]","[262.5, 16]",229.58,122,61.16,0.43
07:48:09,"[197.4, 30]","[196.86, 58]","[259.73, 22]","[260.14, 28]",228.56,138,62.33,0.28
07:48:10,"[197.0, 54]","[196.0, 28]","[223.72, 29]","[246.37, 43]",210.36,154,26.72,0.06
07:48:11,"[196.4, 15]","[195.71, 17]","[198.32, 19]","[199.33, 39]",197.36,90,1.92,-0.29
07:48:12,"[161.4, 10]","[126.54, 13]","[197.0, 8]","[200.0, 32]",179.2,63,35.6,-0.27
07:48:13,"[81.0, 30]","[44.71, 28]","[195.74, 19]","[249.47, 19]",138.37,96,114.74,0.21
07:48:14,"[123.3, 20]","[75.0, 22]","[195.75, 8]","[235.7, 20]",159.53,70,72.45,0.2
07:48:15,"[131.18, 33]","[93.56, 27]","[223.86, 21]","[326.91, 33]",177.52,114,92.68,0.05
07:48:16,"[161.57, 63]","[127.33, 43]","[230.0, 27]","[231.0, 27]",195.79,160,68.43,0.33
07:48:17,"[202.8, 30]","[176.74, 38]","[229.12, 24]","[230.25, 24]",215.96,116,26.32,0.17
07:48:18,"[203.73, 180]","[202.0, 15]","[223.67, 45]","[225.0, 45]",213.7,285,19.93,0.37
07:48:19,"[204.38, 156]","[202.0, 13]","[219.08, 39]","[220.46, 39]",211.73,247,14.69,0.37
07:48:20,"[205.24, 204]","[202.0, 17]","[217.29, 51]","[219.65, 51]",211.26,323,12.06,0.37
07:48:21,"[206.0, 162]","[203.57, 14]","[215.0, 42]","[216.0, 42]",210.5,260,9.0,0.35
07:48:22,"[206.0, 90]","[202.9, 10]","[211.5, 30]","[212.6, 30]",208.75,160,5.5,0.25
07:48:23,"[206.0, 51]","[205.0, 10]","[209.1, 30]","[286.0, 30]",207.55,121,3.1,0.01
07:48:24,"[205.6, 20]","[201.77, 47]","[207.73, 33]","[420.91, 33]",206.66,133,2.13,0.01
07:48:25,"[202.0, 12]","[201.0, 228]","[204.67, 52]","[253.68, 37]",203.34,329,2.67,0.46
07:48:26,"[201.02, 173]","[199.62, 87]","[202.71, 42]","[330.03, 36]",201.87,338,1.7,0.54
07:48:27,"[201.0, 96]","[197.0, 21]","[272.6, 15]","[574.0, 10]",236.8,142,71.6,0.65
07:48:28,"[201.0, 132]","[197.0, 33]","[354.25, 20]","[425.25, 16]",277.62,201,153.25,0.64
07:48:29,"[199.53, 38]","[181.59, 17]","[215.33, 24]","[351.88, 16]",207.43,95,15.81,0.16
07:48:30,"[201.61, 18]","[197.94, 16]","[214.4, 40]","[216.0, 20]",208.01,94,12.79,-0.28
07:48:31,"[204.67, 15]","[203.2, 10]","[213.48, 29]","[214.91, 22]",209.07,76,8.82,-0.34
07:48:32,"[205.0, 26]","[204.0, 13]","[212.0, 39]","[214.0, 52]",208.5,130,7.0,-0.4
07:48:33,"[205.71, 14]","[203.68, 31]","[211.15, 40]","[212.64, 44]",208.43,129,5.44,-0.3
07:48:34,"[205.0, 20]","[201.0, 100]","[207.52, 31]","[208.53, 51]",206.26,202,2.52,0.19
07:48:35,"[205.96, 23]","[201.36, 66]","[208.0, 28]","[211.16, 25]",206.98,142,2.04,0.25
07:48:36,"[206.56, 18]","[202.65, 68]","[220.11, 36]","[456.0, 42]",213.33,164,13.56,0.05
07:48:37,"[201.14, 83]","[199.86, 70]","[398.78, 18]","[519.89, 36]",299.96,207,197.63,0.48
07:48:38,"[201.0, 78]","[199.0, 45]","[209.0, 9]","[453.0, 18]",205.0,150,8.0,0.64
07:48:39,"[201.0, 96]","[199.0, 60]","[275.18, 38]","[328.31, 42]",238.09,236,74.18,0.32
07:48:40,"[201.0, 72]","[199.0, 45]","[286.22, 36]","[289.0, 36]",243.61,189,85.22,0.24
07:48:41,"[201.0, 96]","[199.0, 60]","[286.0, 48]","[455.18, 39]",243.5,243,85.0,0.28
07:48:42,"[201.0, 76]","[199.0, 55]","[286.0, 44]","[486.0, 19]",243.5,194,85.0,0.35
07:48:43,"[201.69, 39]","[200.29, 42]","[285.0, 48]","[314.25, 16]",243.35,145,83.31,0.12
07:48:44,"[201.38, 8]","[199.29, 24]","[285.0, 24]","[321.0, 6]",243.19,62,83.62,0.03
07:48:45,"[205.2, 10]","[199.64, 22]","[284.9, 40]","[552.37, 19]",245.05,91,79.7,-0.3
07:48:46,"[207.0, 11]","[204.81, 21]","[265.0, 38]","[428.93, 29]",236.0,99,58.0,-0.35
07:48:47,"[207.0, 15]","[205.0, 30]","[257.58, 48]","[358.36, 39]",232.29,132,50.58,-0.32
07:48:48,"[207.0, 10]","[205.0, 20]","[250.1, 40]","[399.0, 18]",228.55,88,43.1,-0.32
07:48:49,"[205.77, 13]","[203.36, 22]","[248.33, 36]","[428.53, 15]",227.05,86,42.56,-0.19
07:48:50,"[205.0, 16]","[202.0, 45]","[246.51, 51]","[455.07, 55]",225.75,167,41.51,-0.27
07:48:51,"[206.0, 21]","[205.0, 7]","[239.64, 22]","[240.43, 28]",222.82,78,33.64,-0.28
