Time,Bid1,Bid2,Ask1,Ask2,Mid-Price,Total_volume,Bid_ask_spread,Order_imbalance
07:30:00,"[0, 0]","[0, 0]","[799.5, 8]","[0, 0]",399.75,8,799.5,-1.0
07:30:01,"[0, 0]","[0, 0]","[165.5, 8]","[482.5, 8]",82.75,16,165.5,-1.0
07:30:02,"[139.0, 4]","[105.74, 38]","[163.6, 15]","[165.0, 20]",151.3,77,24.6,0.09
07:30:03,"[139.0, 1]","[119.0, 2]","[162.0, 4]","[163.0, 3]",150.5,10,23.0,-0.4
07:30:04,"[139.0, 3]","[119.0, 6]","[161.0, 11]","[162.0, 10]",150.0,30,22.0,-0.4
07:30:05,"[139.0, 2]","[119.0, 4]","[158.5, 6]","[160.0, 8]",148.75,20,19.5,-0.4
07:30:06,"[139.0, 4]","[119.0, 8]","[153.0, 11]","[158.33, 12]",146.0,35,14.0,-0.31
07:30:07,"[139.0, 3]","[119.0, 6]","[146.67, 12]","[149.0, 3]",142.83,24,7.67,-0.25
07:30:08,"[139.0, 7]","[119.0, 10]","[145.45, 22]","[153.33, 9]",142.23,48,6.45,-0.29
07:30:09,"[139.0, 6]","[119.0, 12]","[143.52, 25]","[144.24, 25]",141.26,68,4.52,-0.47
07:30:10,"[139.0, 13]","[119.0, 26]","[141.15, 65]","[143.0, 52]",140.08,156,2.15,-0.5
07:30:11,"[120.28, 25]","[107.49, 146]","[139.54, 59]","[142.04, 28]",129.91,258,19.26,0.33
07:30:12,"[119.64, 28]","[111.0, 196]","[136.7, 40]","[138.65, 46]",128.17,310,17.06,0.45
07:30:13,"[120.81, 31]","[115.96, 52]","[139.59, 22]","[142.0, 14]",130.2,119,18.78,0.39
07:30:14,"[121.75, 59]","[120.95, 123]","[134.12, 40]","[138.53, 38]",127.94,260,12.38,0.4
07:30:15,"[123.0, 50]","[122.0, 132]","[129.0, 30]","[136.0, 10]",126.0,222,6.0,0.64
07:30:16,"[123.82, 85]","[122.04, 261]","[132.85, 48]","[143.06, 17]",128.34,411,9.03,0.68
07:30:17,"[129.12, 155]","[126.55, 125]","[134.18, 33]","[141.0, 39]",131.65,352,5.07,0.59
07:30:18,"[131.0, 130]","[129.0, 50]","[132.0, 20]","[138.0, 30]",131.5,230,1.0,0.57
07:30:19,"[131.0, 39]","[129.0, 15]","[134.57, 7]","[140.43, 7]",132.79,68,3.57,0.59
07:30:20,"[132.78, 67]","[132.07, 74]","[155.0, 17]","[176.58, 62]",143.89,220,22.22,0.28
07:30:21,"[137.78, 64]","[136.61, 89]","[155.0, 17]","[235.84, 25]",146.39,195,17.22,0.57
07:30:22,"[141.31, 102]","[140.78, 138]","[155.0, 12]","[220.0, 24]",148.16,276,13.69,0.74
07:30:23,"[143.33, 78]","[141.25, 59]","[155.0, 14]","[220.0, 28]",149.17,179,11.67,0.53
07:30:24,"[145.99, 171]","[142.94, 93]","[155.0, 12]","[229.0, 20]",150.49,296,9.01,0.78
07:30:25,"[147.0, 143]","[145.0, 70]","[152.93, 14]","[154.21, 14]",149.96,241,5.93,0.77
07:30:26,"[147.0, 70]","[145.88, 41]","[151.43, 7]","[154.69, 13]",149.21,131,4.43,0.69
07:30:27,"[147.0, 60]","[145.38, 32]","[150.17, 6]","[156.0, 6]",148.58,104,3.17,0.77
07:30:28,"[147.0, 120]","[145.0, 60]","[150.0, 12]","[154.5, 12]",148.5,204,3.0,0.76
07:30:29,"[147.0, 60]","[145.0, 30]","[150.0, 6]","[153.0, 6]",148.5,102,3.0,0.76
07:30:30,"[147.0, 100]","[145.0, 50]","[149.7, 10]","[212.83, 18]",148.35,178,2.7,0.69
07:30:31,"[147.0, 108]","[145.0, 55]","[148.18, 11]","[215.88, 26]",147.59,200,1.18,0.63
07:30:32,"[145.27, 51]","[143.06, 165]","[151.86, 21]","[230.7, 23]",148.57,260,6.58,0.66
07:30:33,"[145.76, 83]","[143.62, 116]","[151.18, 39]","[154.19, 16]",148.47,254,5.42,0.57
07:30:34,"[146.23, 71]","[145.0, 56]","[152.57, 28]","[154.0, 14]",149.4,169,6.35,0.5
07:30:35,"[147.0, 52]","[145.0, 52]","[151.31, 32]","[185.92, 25]",149.16,161,4.31,0.29
07:30:36,"[147.0, 26]","[145.0, 44]","[150.15, 20]","[184.25, 24]",148.57,114,3.15,0.23
07:30:37,"[145.56, 50]","[144.22, 46]","[148.96, 23]","[152.81, 16]",147.26,135,3.4,0.42
07:30:38,"[145.0, 40]","[143.0, 20]","[148.1, 10]","[155.0, 10]",146.55,80,3.1,0.5
07:30:39,"[143.51, 39]","[141.37, 63]","[148.0, 10]","[155.0, 10]",145.76,122,4.49,0.67
07:30:40,"[144.33, 9]","[140.03, 96]","[147.33, 6]","[155.0, 6]",145.83,117,3.0,0.79
07:30:41,"[145.46, 26]","[141.54, 89]","[146.54, 13]","[155.0, 13]",146.0,141,1.08,0.63
07:30:42,"[141.26, 77]","[140.18, 187]","[150.9, 10]","[219.84, 19]",146.08,293,9.64,0.8
07:30:43,"[141.09, 106]","[140.15, 258]","[153.0, 14]","[257.47, 17]",147.05,395,11.91,0.84
07:30:44,"[142.0, 12]","[141.0, 108]","[151.14, 29]","[201.33, 12]",146.57,161,9.14,0.49
07:30:45,"[142.0, 14]","[141.0, 266]","[150.6, 40]","[191.1, 30]",146.3,350,8.6,0.6
07:30:46,"[142.0, 10]","[141.0, 230]","[147.08, 38]","[148.22, 49]",144.54,327,5.08,0.47
07:30:47,"[142.0, 14]","[141.0, 322]","[145.71, 56]","[147.38, 73]",143.86,465,3.71,0.45
07:30:48,"[142.0, 16]","[141.0, 368]","[145.19, 62]","[146.79, 76]",143.6,522,3.19,0.47
07:30:49,"[141.02, 60]","[140.3, 77]","[145.0, 50]","[146.0, 30]",143.01,217,3.98,0.26
07:30:50,"[141.0, 58]","[140.0, 78]","[144.93, 68]","[146.18, 38]",142.96,242,3.93,0.12
07:30:51,"[141.0, 101]","[140.0, 96]","[143.41, 66]","[145.12, 56]",142.2,319,2.41,0.24
07:30:52,"[141.0, 18]","[140.0, 54]","[146.0, 27]","[220.0, 36]",143.5,135,5.0,0.07
07:30:53,"[140.29, 34]","[139.43, 69]","[146.0, 27]","[325.22, 36]",143.15,166,5.71,0.24
07:30:54,"[140.0, 30]","[139.0, 45]","[146.0, 12]","[314.29, 14]",143.0,101,6.0,0.49
07:30:55,"[140.0, 30]","[139.0, 45]","[146.0, 10]","[220.5, 8]",143.0,93,6.0,0.61
07:30:56,"[141.04, 46]","[139.21, 57]","[146.0, 14]","[215.0, 28]",143.52,145,4.96,0.42
07:30:57,"[143.44, 79]","[140.71, 63]","[146.0, 26]","[209.46, 52]",144.72,220,2.56,0.29
07:30:58,"[144.09, 22]","[143.21, 19]","[146.0, 12]","[279.33, 24]",145.05,77,1.91,0.06
07:30:59,"[144.11, 18]","[143.16, 25]","[463.48, 21]","[561.17, 29]",303.79,93,319.37,-0.08
07:31:00,"[145.0, 10]","[143.0, 30]","[462.4, 40]","[538.62, 37]",303.7,117,317.4,-0.32
07:31:01,"[141.04, 98]","[140.12, 73]","[427.59, 17]","[465.38, 32]",284.31,220,286.55,0.55
07:31:02,"[142.54, 39]","[140.47, 57]","[420.22, 9]","[440.17, 24]",281.38,129,277.68,0.49
07:31:03,"[143.35, 34]","[140.64, 56]","[412.83, 18]","[414.0, 6]",278.09,114,269.48,0.58
07:31:04,"[141.05, 58]","[140.23, 91]","[387.0, 30]","[412.5, 20]",264.03,199,245.95,0.5
07:31:05,"[142.98, 57]","[141.02, 93]","[282.24, 45]","[343.59, 39]",212.61,234,139.26,0.28
07:31:06,"[143.0, 32]","[141.0, 56]","[155.0, 24]","[276.64, 22]",149.0,134,12.0,0.31
07:31:07,"[144.0, 28]","[143.0, 28]","[154.14, 21]","[411.33, 15]",149.07,92,10.14,0.22
07:31:08,"[144.0, 35]","[143.0, 44]","[153.09, 33]","[424.8, 15]",148.55,127,9.09,0.24
07:31:09,"[145.0, 45]","[143.0, 60]","[151.27, 45]","[336.92, 39]",148.13,189,6.27,0.11
07:31:10,"[145.33, 27]","[143.0, 36]","[149.33, 27]","[153.0, 9]",147.33,99,4.0,0.27
07:31:11,"[147.0, 36]","[143.0, 48]","[148.8, 30]","[153.0, 12]",147.9,126,1.8,0.33
07:31:12,"[145.61, 23]","[142.18, 34]","[148.0, 7]","[281.48, 29]",146.8,93,2.39,0.23
07:31:13,"[143.0, 24]","[141.0, 42]","[148.0, 6]","[172.5, 18]",145.5,90,5.0,0.47
07:31:14,"[143.0, 51]","[141.0, 84]","[147.5, 12]","[236.26, 34]",145.25,181,4.5,0.49
07:31:15,"[143.0, 31]","[141.0, 56]","[147.0, 8]","[333.62, 24]",145.0,119,4.0,0.46
07:31:16,"[143.0, 6]","[141.0, 21]","[146.4, 5]","[361.4, 5]",144.7,37,3.4,0.46
07:31:17,"[143.0, 12]","[141.0, 42]","[145.0, 6]","[146.0, 18]",144.0,78,2.0,0.38
07:31:18,"[143.0, 18]","[141.0, 84]","[144.25, 12]","[146.0, 36]",143.62,150,1.25,0.36
07:31:19,"[142.73, 52]","[141.11, 66]","[145.04, 23]","[179.84, 49]",143.89,190,2.31,0.24
07:31:20,"[143.0, 35]","[142.0, 22]","[145.0, 31]","[147.27, 33]",144.0,121,2.0,-0.06
07:31:21,"[142.11, 9]","[139.7, 23]","[146.8, 15]","[202.65, 20]",144.46,67,4.69,-0.04
07:31:22,"[140.0, 14]","[139.0, 56]","[147.47, 19]","[244.79, 19]",143.74,108,7.47,0.3
07:31:23,"[140.0, 12]","[139.0, 39]","[146.89, 18]","[267.88, 16]",143.44,85,6.89,0.2
07:31:24,"[140.0, 24]","[139.0, 60]","[146.39, 18]","[260.21, 42]",143.19,144,6.39,0.17
07:31:25,"[142.35, 23]","[139.15, 41]","[147.6, 30]","[422.78, 46]",144.97,140,5.25,-0.09
07:31:26,"[140.0, 20]","[139.0, 50]","[146.24, 46]","[161.4, 30]",143.12,146,6.24,-0.04
07:31:27,"[140.0, 16]","[139.0, 38]","[146.0, 40]","[147.0, 24]",143.0,118,6.0,-0.08
07:31:28,"[139.55, 40]","[138.93, 108]","[146.0, 65]","[175.77, 31]",142.78,244,6.45,0.21
07:31:29,"[139.0, 126]","[138.0, 56]","[143.94, 47]","[144.28, 65]",141.47,294,4.94,0.24
07:31:30,"[139.0, 87]","[138.0, 40]","[140.5, 24]","[141.79, 38]",139.75,189,1.5,0.34
07:31:31,"[139.0, 60]","[138.0, 40]","[142.14, 21]","[158.54, 46]",140.57,167,3.14,0.2
07:31:32,"[142.03, 76]","[140.95, 75]","[146.0, 75]","[216.0, 15]",144.01,241,3.97,0.25
07:31:33,"[144.68, 78]","[141.94, 68]","[146.0, 66]","[411.31, 36]",145.34,248,1.32,0.18
07:31:34,"[145.0, 42]","[139.0, 43]","[146.0, 12]","[324.64, 14]",145.5,111,1.0,0.53
07:31:35,"[145.0, 52]","[139.18, 68]","[146.0, 20]","[338.11, 18]",145.5,158,1.0,0.52
07:31:36,"[145.0, 18]","[140.0, 24]","[146.0, 12]","[227.78, 18]",145.5,72,1.0,0.17
07:31:37,"[145.0, 30]","[140.0, 40]","[306.4, 35]","[349.66, 29]",225.7,134,161.4,0.04
07:31:38,"[145.0, 21]","[140.0, 28]","[471.29, 14]","[600.86, 14]",308.14,77,326.29,0.27
07:31:39,"[144.58, 19]","[141.15, 26]","[283.14, 7]","[533.67, 12]",213.86,64,138.56,0.41
07:31:40,"[141.44, 72]","[139.52, 92]","[334.02, 63]","[533.15, 26]",237.73,253,192.57,0.3
07:31:41,"[140.0, 40]","[139.0, 80]","[174.0, 20]","[425.35, 31]",157.0,171,34.0,0.4
07:31:42,"[139.4, 40]","[138.84, 38]","[179.82, 22]","[319.0, 24]",159.61,124,40.42,0.26
07:31:43,"[139.0, 60]","[138.0, 18]","[162.0, 33]","[197.2, 30]",150.5,141,23.0,0.11
07:31:44,"[139.0, 49]","[138.0, 16]","[146.0, 40]","[193.25, 24]",142.5,129,7.0,0.01
07:31:45,"[139.22, 64]","[138.56, 36]","[146.0, 28]","[193.0, 24]",142.61,152,6.78,0.32
07:31:46,"[140.27, 22]","[139.19, 37]","[146.0, 11]","[204.64, 22]",143.14,92,5.73,0.28
07:31:47,"[139.44, 45]","[136.54, 37]","[145.36, 25]","[229.46, 26]",142.4,133,5.92,0.23
07:31:48,"[139.0, 59]","[136.0, 60]","[143.92, 52]","[144.45, 49]",141.46,220,4.92,0.08
07:31:49,"[138.37, 38]","[130.05, 37]","[141.75, 24]","[143.29, 34]",140.06,133,3.38,0.13
07:31:50,"[136.0, 36]","[112.0, 9]","[141.33, 24]","[143.05, 21]",138.67,90,5.33,0.0
07:31:51,"[136.0, 48]","[115.07, 28]","[139.5, 48]","[142.0, 18]",137.75,142,3.5,0.07
07:31:52,"[136.24, 37]","[132.12, 34]","[140.5, 20]","[142.86, 14]",138.37,105,4.26,0.35
07:31:53,"[131.62, 26]","[129.78, 18]","[142.13, 23]","[190.9, 10]",136.87,77,10.52,0.14
07:31:54,"[131.33, 27]","[120.3, 94]","[289.22, 18]","[577.0, 9]",210.28,148,157.89,0.64
07:31:55,"[139.5, 14]","[128.9, 30]","[390.45, 11]","[526.23, 13]",264.98,68,250.95,0.29
07:31:56,"[142.62, 24]","[139.38, 26]","[169.0, 20]","[289.53, 34]",155.81,104,26.38,-0.04
07:31:57,"[145.18, 22]","[143.72, 29]","[241.61, 46]","[464.94, 34]",193.4,131,96.43,-0.22
07:31:58,"[147.0, 28]","[146.0, 16]","[257.12, 32]","[377.74, 31]",202.06,107,110.12,-0.18
07:31:59,"[147.0, 40]","[146.0, 16]","[498.8, 25]","[688.45, 31]",322.9,112,351.8,0.0
07:32:00,"[147.0, 60]","[146.0, 24]","[315.44, 43]","[453.62, 47]",231.22,174,168.44,-0.03
07:32:01,"[147.0, 65]","[146.0, 26]","[211.0, 52]","[258.0, 52]",179.0,195,64.0,-0.07
07:32:02,"[147.0, 43]","[146.0, 22]","[210.55, 44]","[333.85, 34]",178.77,143,63.55,-0.09
07:32:03,"[147.0, 11]","[146.0, 27]","[207.45, 44]","[313.82, 44]",177.23,126,60.45,-0.4
07:32:04,"[146.22, 27]","[145.12, 32]","[205.0, 52]","[206.0, 52]",175.61,163,58.78,-0.28
07:32:05,"[147.89, 36]","[146.0, 27]","[201.31, 35]","[203.26, 35]",174.6,133,53.43,-0.05
07:32:06,"[148.0, 45]","[146.43, 42]","[190.86, 56]","[191.93, 56]",169.43,199,42.86,-0.13
07:32:07,"[147.8, 30]","[146.8, 30]","[185.2, 40]","[186.8, 40]",166.5,140,37.4,-0.14
07:32:08,"[147.0, 25]","[146.0, 27]","[180.9, 31]","[182.11, 36]",163.95,119,33.9,-0.13
07:32:09,"[147.0, 12]","[146.0, 18]","[179.43, 21]","[180.57, 21]",163.21,72,32.43,-0.17
07:32:10,"[147.0, 20]","[146.0, 30]","[175.74, 39]","[177.18, 39]",161.37,128,28.74,-0.22
07:32:11,"[147.0, 22]","[146.0, 33]","[172.0, 44]","[173.65, 34]",159.5,133,25.0,-0.17
07:32:12,"[147.0, 18]","[146.0, 19]","[157.21, 33]","[159.94, 34]",152.11,104,10.21,-0.29
07:32:13,"[145.43, 46]","[142.02, 47]","[148.13, 62]","[148.96, 54]",146.78,209,2.69,-0.11
07:32:14,"[144.0, 22]","[140.77, 66]","[145.78, 27]","[147.41, 37]",144.89,152,1.78,0.16
07:32:15,"[141.95, 80]","[140.25, 72]","[143.35, 20]","[145.78, 27]",142.65,199,1.4,0.53
07:32:16,"[142.0, 22]","[141.0, 14]","[145.84, 19]","[416.67, 27]",143.92,82,3.84,-0.12
07:32:17,"[142.0, 21]","[141.0, 14]","[146.0, 21]","[556.43, 28]",144.0,84,4.0,-0.17
07:32:18,"[142.0, 12]","[141.0, 8]","[146.0, 12]","[693.0, 16]",144.0,48,4.0,-0.17
07:32:19,"[141.6, 15]","[140.06, 108]","[289.12, 32]","[421.89, 36]",215.36,191,147.53,0.29
07:32:20,"[140.73, 59]","[134.39, 126]","[184.64, 28]","[354.5, 24]",162.69,237,43.91,0.56
07:32:21,"[140.11, 122]","[137.11, 72]","[183.55, 55]","[250.6, 30]",161.83,279,43.43,0.39
07:32:22,"[140.0, 68]","[139.0, 48]","[174.38, 24]","[297.38, 24]",157.19,164,34.38,0.41
07:32:23,"[140.22, 51]","[139.7, 106]","[181.87, 75]","[397.18, 49]",161.04,281,41.65,0.12
07:32:24,"[141.12, 25]","[140.11, 61]","[180.0, 45]","[181.0, 45]",160.56,176,38.88,-0.02
07:32:25,"[141.0, 50]","[140.0, 90]","[178.8, 50]","[179.8, 50]",159.9,240,37.8,0.17
07:32:26,"[141.0, 19]","[140.0, 81]","[177.11, 45]","[178.11, 45]",159.06,190,36.11,0.05
07:32:27,"[141.0, 14]","[140.0, 154]","[174.58, 60]","[176.12, 56]",157.79,284,33.58,0.18
07:32:28,"[141.0, 10]","[140.0, 130]","[168.7, 44]","[170.3, 44]",154.85,228,27.7,0.23
07:32:29,"[141.0, 10]","[140.0, 130]","[153.7, 27]","[154.5, 26]",147.35,193,12.7,0.45
07:32:30,"[141.0, 12]","[140.0, 156]","[148.53, 34]","[150.68, 38]",144.76,240,7.53,0.4
07:32:31,"[141.71, 35]","[140.04, 131]","[145.44, 57]","[146.31, 45]",143.58,268,3.72,0.24
07:32:32,"[140.0, 59]","[139.0, 32]","[142.86, 21]","[143.86, 21]",141.43,133,2.86,0.37
07:32:33,"[140.0, 48]","[139.0, 28]","[141.2, 15]","[149.14, 21]",140.6,112,1.2,0.36
07:32:34,"[140.0, 8]","[139.0, 24]","[163.06, 17]","[418.08, 26]",151.53,75,23.06,-0.15
07:32:35,"[139.6, 5]","[129.0, 38]","[166.0, 15]","[412.0, 25]",152.8,83,26.4,0.04
07:32:36,"[118.14, 14]","[40.56, 50]","[261.62, 24]","[412.46, 26]",189.88,114,143.48,0.12
07:32:37,"[114.07, 73]","[18.96, 81]","[133.0, 50]","[390.98, 51]",123.53,255,18.93,0.21
07:32:38,"[99.23, 13]","[31.43, 7]","[133.0, 18]","[316.0, 15]",116.12,53,33.77,-0.25
07:32:39,"[66.55, 11]","[16.56, 9]","[153.0, 15]","[328.43, 23]",109.77,58,86.45,-0.31
07:32:40,"[78.54, 13]","[68.07, 15]","[241.92, 26]","[375.77, 39]",160.23,93,163.38,-0.4
07:32:41,"[94.0, 11]","[84.43, 7]","[139.0, 10]","[343.0, 15]",116.5,43,45.0,-0.16
07:32:42,"[118.65, 23]","[116.86, 14]","[132.9, 31]","[152.52, 33]",125.78,101,14.25,-0.27
07:32:43,"[125.82, 17]","[124.5, 12]","[130.0, 24]","[134.0, 24]",127.91,77,4.18,-0.25
07:32:44,"[128.29, 17]","[121.43, 23]","[131.0, 24]","[267.18, 33]",129.65,97,2.71,-0.18
07:32:45,"[130.06, 32]","[126.52, 23]","[144.71, 21]","[244.53, 43]",137.39,119,14.65,-0.08
07:32:46,"[132.13, 15]","[131.2, 15]","[224.0, 6]","[414.5, 18]",178.07,54,91.87,0.11
07:32:47,"[144.17, 99]","[142.66, 83]","[295.92, 39]","[385.57, 35]",220.05,256,151.75,0.42
07:32:48,"[147.15, 13]","[146.5, 22]","[351.0, 10]","[524.0, 6]",249.08,51,203.85,0.37
07:32:49,"[148.0, 16]","[147.0, 88]","[209.71, 31]","[237.92, 26]",178.85,161,61.71,0.29
07:32:50,"[148.0, 16]","[147.0, 88]","[209.0, 32]","[357.95, 22]",178.5,158,61.0,0.32
07:32:51,"[147.0, 94]","[146.0, 55]","[208.4, 20]","[338.0, 5]",177.7,174,61.4,0.71
07:32:52,"[147.0, 144]","[146.0, 66]","[206.17, 24]","[338.0, 6]",176.58,240,59.17,0.75
07:32:53,"[147.0, 144]","[146.0, 66]","[170.0, 18]","[190.0, 14]",158.5,242,23.0,0.74
07:32:54,"[147.0, 114]","[146.0, 66]","[169.52, 25]","[174.67, 24]",158.26,229,22.52,0.57
07:32:55,"[147.0, 152]","[146.0, 88]","[167.88, 32]","[170.64, 28]",157.44,300,20.88,0.6
07:32:56,"[147.0, 152]","[146.0, 88]","[166.12, 32]","[237.91, 34]",156.56,306,19.12,0.57
07:32:57,"[147.0, 133]","[146.0, 77]","[166.0, 28]","[201.43, 35]",156.5,273,19.0,0.54
07:32:58,"[147.0, 148]","[146.0, 93]","[165.55, 31]","[167.69, 39]",156.27,311,18.55,0.55
07:32:59,"[147.0, 170]","[146.0, 110]","[162.74, 38]","[164.25, 32]",154.87,350,15.74,0.6
07:33:00,"[147.0, 112]","[146.0, 110]","[161.1, 40]","[162.15, 39]",154.05,301,14.1,0.48
07:33:01,"[146.29, 70]","[145.47, 75]","[159.84, 31]","[161.1, 40]",153.06,216,13.55,0.34
07:33:02,"[146.0, 100]","[144.0, 40]","[157.3, 40]","[159.0, 30]",151.65,210,11.3,0.33
07:33:03,"[146.44, 64]","[145.56, 90]","[154.32, 44]","[155.35, 40]",150.38,238,7.88,0.29
07:33:04,"[146.09, 94]","[144.71, 56]","[151.15, 13]","[152.32, 37]",148.62,200,5.07,0.5
07:33:05,"[146.06, 32]","[145.25, 32]","[148.09, 11]","[149.67, 12]",147.08,87,2.03,0.47
07:33:06,"[146.0, 66]","[144.0, 44]","[147.36, 22]","[226.63, 38]",146.68,170,1.36,0.29
07:33:07,"[146.0, 9]","[144.0, 30]","[147.0, 6]","[554.0, 3]",146.5,48,1.0,0.62
07:33:08,"[144.67, 18]","[143.43, 70]","[420.24, 17]","[548.38, 26]",282.45,131,275.57,0.34
07:33:09,"[140.72, 29]","[53.83, 47]","[307.6, 20]","[490.57, 28]",224.16,124,166.88,0.23
07:33:10,"[140.5, 16]","[113.82, 44]","[297.86, 37]","[334.77, 35]",219.18,132,157.36,-0.09
07:33:11,"[141.0, 6]","[140.0, 24]","[278.17, 24]","[325.33, 6]",209.58,60,137.17,0.0
07:33:12,"[141.0, 10]","[140.0, 40]","[276.5, 40]","[278.0, 40]",208.75,130,135.5,-0.23
07:33:13,"[141.0, 11]","[140.0, 104]","[268.53, 38]","[277.45, 44]",204.76,197,127.53,0.17
07:33:14,"[141.0, 12]","[140.0, 120]","[274.58, 48]","[277.33, 48]",207.79,228,133.58,0.16
07:33:15,"[141.0, 17]","[140.0, 287]","[245.77, 70]","[263.45, 69]",193.39,443,104.77,0.37
07:33:16,"[141.0, 29]","[140.0, 114]","[144.17, 24]","[145.2, 25]",142.58,192,3.17,0.49
07:33:17,"[140.74, 58]","[139.89, 207]","[142.82, 44]","[146.91, 47]",141.78,356,2.08,0.49
07:33:18,"[140.0, 83]","[84.0, 15]","[160.0, 16]","[204.19, 21]",150.0,135,20.0,0.45
07:33:19,"[140.0, 45]","[84.0, 15]","[219.17, 24]","[306.16, 19]",179.58,103,79.17,0.17
07:33:20,"[140.57, 56]","[120.0, 57]","[182.72, 47]","[216.96, 24]",161.65,184,42.15,0.23
07:33:21,"[147.0, 88]","[144.0, 22]","[180.82, 55]","[195.18, 49]",163.91,214,33.82,0.03
07:33:22,"[147.0, 70]","[144.0, 24]","[177.94, 48]","[179.41, 54]",162.47,196,30.94,-0.04
07:33:23,"[147.0, 52]","[144.0, 22]","[173.43, 40]","[174.43, 37]",160.21,151,26.43,-0.02
07:33:24,"[147.0, 40]","[144.0, 20]","[170.1, 50]","[170.97, 29]",158.55,139,23.1,-0.14
07:33:25,"[145.41, 17]","[140.3, 92]","[166.63, 27]","[168.0, 36]",156.02,172,21.22,0.27
07:33:26,"[145.0, 66]","[144.0, 11]","[161.85, 46]","[163.7, 46]",153.42,169,16.85,-0.09
07:33:27,"[145.07, 90]","[142.12, 51]","[158.67, 49]","[159.86, 70]",151.87,260,13.61,0.08
07:33:28,"[147.73, 66]","[142.0, 44]","[157.0, 22]","[159.0, 55]",152.36,187,9.27,0.18
07:33:29,"[148.0, 44]","[142.22, 45]","[154.88, 34]","[158.26, 43]",151.44,166,6.88,0.07
07:33:30,"[148.0, 24]","[144.0, 45]","[152.12, 41]","[153.58, 26]",150.06,136,4.12,0.01
07:33:31,"[148.0, 15]","[144.0, 40]","[150.47, 34]","[150.75, 24]",149.24,113,2.47,-0.03
07:33:32,"[143.89, 73]","[141.85, 66]","[146.89, 63]","[163.77, 57]",145.39,259,3.0,0.07
07:33:33,"[141.71, 48]","[140.86, 88]","[144.61, 18]","[304.67, 36]",143.16,190,2.9,0.43
07:33:34,"[140.84, 50]","[139.9, 78]","[278.55, 22]","[306.75, 24]",209.69,174,137.71,0.47
07:33:35,"[140.0, 72]","[139.0, 56]","[331.14, 21]","[442.14, 21]",235.57,170,191.14,0.51
07:33:36,"[140.0, 117]","[139.0, 72]","[329.22, 27]","[444.08, 36]",234.61,252,189.22,0.5
07:33:37,"[140.53, 60]","[139.76, 136]","[196.33, 36]","[394.8, 30]",168.43,262,55.8,0.5
07:33:38,"[140.85, 20]","[139.93, 107]","[263.84, 25]","[284.3, 20]",202.34,172,122.99,0.48
07:33:39,"[140.18, 62]","[139.68, 124]","[222.56, 27]","[243.89, 28]",181.37,241,82.38,0.54
07:33:40,"[140.0, 111]","[139.0, 88]","[202.0, 22]","[203.0, 11]",171.0,232,62.0,0.72
07:33:41,"[140.0, 72]","[139.0, 64]","[202.0, 16]","[203.0, 8]",171.0,160,62.0,0.7
07:33:42,"[140.0, 66]","[139.0, 91]","[200.73, 22]","[203.0, 11]",170.36,190,60.73,0.65
07:33:43,"[139.59, 75]","[121.57, 79]","[159.81, 27]","[205.0, 18]",149.7,199,20.23,0.55
07:33:44,"[148.64, 22]","[141.36, 67]","[158.14, 28]","[304.79, 42]",153.39,159,9.51,0.12
07:33:45,"[147.0, 8]","[141.0, 54]","[156.62, 16]","[406.5, 16]",151.81,94,9.62,0.32
07:33:46,"[147.0, 8]","[141.0, 48]","[156.0, 16]","[321.5, 26]",151.5,98,9.0,0.14
07:33:47,"[145.6, 15]","[141.62, 53]","[155.11, 18]","[303.56, 45]",150.36,131,9.51,0.04
07:33:48,"[144.06, 65]","[141.67, 69]","[154.17, 24]","[257.92, 60]",149.11,218,10.11,0.23
07:33:49,"[144.0, 48]","[141.0, 48]","[151.76, 17]","[190.22, 27]",147.88,140,7.76,0.37
07:33:50,"[145.19, 59]","[142.67, 54]","[150.57, 21]","[151.75, 24]",147.88,158,5.38,0.43
07:33:51,"[146.59, 51]","[145.32, 53]","[149.25, 24]","[151.0, 16]",147.92,144,2.66,0.44
07:33:52,"[145.31, 62]","[144.25, 55]","[149.79, 19]","[261.09, 22]",147.55,158,4.48,0.48
07:33:53,"[145.0, 75]","[144.0, 66]","[147.38, 26]","[189.7, 40]",146.19,207,2.38,0.36
07:33:54,"[145.87, 38]","[144.54, 65]","[148.0, 48]","[448.93, 59]",146.93,210,2.13,-0.02
07:33:55,"[144.75, 40]","[143.55, 55]","[147.8, 40]","[417.47, 47]",146.28,182,3.05,0.04
07:33:56,"[144.16, 49]","[142.78, 59]","[146.67, 46]","[339.92, 53]",145.42,207,2.51,0.04
07:33:57,"[142.2, 25]","[141.0, 35]","[147.0, 20]","[168.0, 25]",144.6,105,4.8,0.14
07:33:58,"[142.0, 30]","[141.0, 42]","[146.33, 24]","[269.33, 30]",144.17,126,4.33,0.14
07:33:59,"[142.0, 25]","[141.0, 31]","[146.0, 17]","[472.0, 25]",144.0,98,4.0,0.14
07:34:00,"[142.0, 35]","[141.0, 35]","[146.0, 7]","[262.71, 35]",144.0,112,4.0,0.25
07:34:01,"[142.0, 24]","[141.0, 25]","[143.8, 5]","[179.0, 25]",142.9,79,1.8,0.24
07:34:02,"[142.58, 31]","[141.47, 38]","[318.8, 40]","[546.62, 29]",230.69,138,176.22,0.0
07:34:03,"[143.91, 33]","[142.83, 18]","[483.04, 27]","[534.67, 15]",313.47,93,339.13,0.1
07:34:04,"[144.0, 60]","[143.0, 30]","[151.35, 23]","[270.86, 35]",147.67,148,7.35,0.22
07:34:05,"[144.2, 59]","[143.1, 60]","[149.5, 20]","[344.8, 50]",146.85,189,5.3,0.26
07:34:06,"[144.02, 57]","[141.4, 52]","[147.6, 20]","[330.34, 35]",145.81,164,3.58,0.33
07:34:07,"[144.0, 36]","[140.74, 47]","[147.0, 20]","[281.38, 26]",145.5,129,3.0,0.29
07:34:08,"[144.0, 30]","[140.28, 50]","[145.9, 39]","[261.19, 57]",144.95,176,1.9,-0.09
07:34:09,"[144.0, 16]","[141.0, 24]","[145.0, 16]","[146.0, 40]",144.5,96,1.0,-0.17
07:34:10,"[141.39, 31]","[140.25, 24]","[143.91, 22]","[245.24, 37]",142.65,114,2.52,-0.04
07:34:11,"[133.69, 70]","[60.0, 38]","[142.76, 37]","[168.62, 48]",138.22,193,9.07,0.12
07:34:12,"[140.35, 68]","[139.18, 107]","[150.47, 34]","[232.77, 39]",145.41,248,10.12,0.41
07:34:13,"[141.0, 14]","[140.0, 77]","[216.0, 21]","[303.29, 21]",178.5,133,75.0,0.37
07:34:14,"[141.0, 28]","[139.97, 66]","[278.43, 21]","[318.57, 21]",209.71,136,137.43,0.38
07:34:15,"[142.0, 40]","[140.0, 80]","[170.68, 38]","[310.38, 24]",156.34,182,28.68,0.32
07:34:16,"[142.0, 40]","[140.0, 80]","[277.5, 26]","[378.43, 28]",209.75,174,135.5,0.38
07:34:17,"[142.0, 30]","[140.0, 60]","[223.67, 18]","[240.5, 24]",182.83,132,81.67,0.36
07:34:18,"[141.0, 60]","[139.48, 81]","[246.0, 33]","[288.52, 29]",193.5,203,105.0,0.39
07:34:19,"[140.0, 77]","[138.0, 70]","[287.42, 36]","[295.0, 32]",213.71,215,147.42,0.37
07:34:20,"[144.76, 63]","[138.96, 54]","[281.44, 25]","[282.58, 38]",213.1,180,136.68,0.3
07:34:21,"[147.0, 120]","[143.13, 69]","[265.11, 28]","[272.38, 34]",206.05,251,118.11,0.51
07:34:22,"[147.0, 110]","[144.0, 66]","[202.23, 30]","[203.21, 28]",174.62,234,55.23,0.5
07:34:23,"[146.42, 93]","[143.05, 63]","[197.52, 25]","[198.8, 30]",171.97,211,51.1,0.48
07:34:24,"[144.0, 42]","[140.0, 35]","[194.08, 12]","[195.08, 12]",169.04,101,50.08,0.52
07:34:25,"[146.41, 92]","[142.0, 60]","[191.57, 14]","[193.3, 20]",168.99,186,45.16,0.63
07:34:26,"[147.5, 26]","[146.74, 135]","[190.7, 20]","[193.14, 29]",169.1,210,43.2,0.53
07:34:27,"[147.13, 75]","[145.87, 155]","[188.6, 25]","[189.9, 39]",167.87,294,41.47,0.56
07:34:28,"[147.0, 175]","[139.13, 39]","[182.7, 30]","[185.27, 33]",164.85,277,35.7,0.55
07:34:29,"[147.0, 30]","[140.05, 41]","[181.75, 12]","[182.4, 15]",164.38,98,34.75,0.45
07:34:30,"[147.0, 33]","[143.63, 81]","[179.91, 22]","[181.0, 11]",163.45,147,32.91,0.55
07:34:31,"[147.0, 27]","[146.0, 63]","[176.56, 18]","[177.85, 13]",161.78,121,29.56,0.49
07:34:32,"[147.0, 51]","[146.0, 119]","[169.82, 44]","[171.33, 48]",158.41,262,22.82,0.3
07:34:33,"[146.04, 80]","[142.97, 29]","[158.76, 33]","[157.75, 32]",152.4,174,12.72,0.25
07:34:34,"[146.0, 77]","[142.0, 22]","[148.76, 29]","[150.46, 26]",147.38,154,2.76,0.29
07:34:35,"[146.0, 40]","[142.0, 20]","[148.38, 16]","[150.27, 22]",147.19,98,2.38,0.22
07:34:36,"[142.25, 32]","[141.03, 62]","[145.04, 23]","[146.39, 28]",143.65,145,2.79,0.3
07:34:37,"[141.07, 30]","[140.02, 196]","[143.0, 16]","[150.83, 12]",142.03,254,1.93,0.78
07:34:38,"[140.95, 38]","[139.97, 266]","[212.2, 40]","[359.97, 32]",176.57,376,71.25,0.62
07:34:39,"[144.0, 7]","[140.0, 161]","[204.0, 28]","[586.0, 28]",174.0,224,60.0,0.5
07:34:40,"[144.18, 11]","[140.04, 209]","[341.45, 40]","[466.6, 40]",242.82,300,197.27,0.47
07:34:41,"[145.44, 9]","[144.0, 9]","[364.1, 29]","[400.45, 33]",254.77,80,218.66,-0.55
07:34:42,"[141.32, 63]","[140.14, 87]","[398.53, 51]","[525.14, 56]",269.92,257,257.21,0.17
07:34:43,"[141.71, 34]","[140.15, 134]","[395.4, 30]","[450.0, 20]",268.55,218,253.69,0.54
07:34:44,"[147.0, 13]","[141.0, 65]","[242.38, 39]","[362.94, 34]",194.69,151,95.38,0.03
07:34:45,"[147.0, 10]","[141.0, 50]","[209.38, 26]","[328.75, 24]",178.19,110,62.38,0.09
07:34:46,"[147.0, 14]","[141.0, 70]","[228.0, 42]","[581.12, 41]",187.5,167,81.0,0.01
07:34:47,"[142.76, 17]","[140.18, 139]","[220.24, 25]","[291.75, 32]",181.5,213,77.48,0.46
07:34:48,"[142.2, 30]","[140.01, 166]","[227.0, 39]","[313.31, 32]",184.6,267,84.8,0.47
07:34:49,"[141.0, 18]","[140.0, 29]","[226.11, 27]","[262.67, 18]",183.56,92,85.11,0.02
07:34:50,"[140.92, 26]","[139.33, 36]","[225.0, 21]","[260.0, 14]",182.96,97,84.08,0.28
07:34:51,"[142.38, 104]","[140.91, 66]","[201.4, 30]","[220.1, 31]",171.89,231,59.02,0.47
07:34:52,"[143.69, 128]","[141.0, 96]","[160.32, 47]","[165.33, 36]",152.0,307,16.63,0.46
07:34:53,"[145.14, 112]","[141.0, 132]","[149.79, 39]","[157.71, 34]",147.47,317,4.65,0.54
07:34:54,"[147.0, 43]","[146.0, 88]","[149.6, 30]","[230.34, 29]",148.3,190,2.6,0.38
07:34:55,"[147.0, 9]","[146.0, 56]","[150.0, 21]","[381.0, 14]",148.5,100,3.0,0.3
07:34:56,"[146.44, 18]","[145.88, 68]","[149.0, 30]","[322.86, 28]",147.72,144,2.56,0.19
07:34:57,"[142.78, 81]","[141.42, 72]","[240.74, 35]","[435.23, 31]",191.76,219,97.97,0.4
07:34:58,"[141.01, 197]","[140.4, 43]","[390.73, 49]","[511.79, 53]",265.87,342,249.72,0.4
07:34:59,"[141.01, 121]","[140.48, 31]","[367.81, 37]","[388.45, 38]",254.41,227,226.8,0.34
07:35:00,"[141.15, 61]","[140.94, 143]","[225.04, 56]","[233.7, 57]",183.09,317,83.89,0.29
07:35:01,"[141.27, 105]","[140.73, 129]","[194.28, 71]","[195.97, 62]",167.77,367,53.02,0.28
07:35:02,"[141.0, 66]","[140.0, 50]","[194.0, 50]","[287.0, 26]",167.5,192,53.0,0.21
07:35:03,"[140.58, 36]","[124.58, 33]","[193.8, 50]","[206.95, 42]",167.19,161,53.22,-0.14
07:35:04,"[147.23, 78]","[142.69, 16]","[192.7, 50]","[194.0, 50]",169.97,194,45.47,-0.03
07:35:05,"[144.0, 190]","[141.0, 11]","[189.64, 55]","[192.0, 55]",166.82,311,45.64,0.29
07:35:06,"[145.95, 97]","[143.96, 155]","[186.58, 53]","[190.0, 55]",166.27,360,40.64,0.4
07:35:07,"[147.0, 62]","[144.0, 144]","[185.0, 50]","[186.8, 50]",166.0,306,38.0,0.35
07:35:08,"[147.0, 55]","[144.19, 106]","[183.36, 55]","[185.0, 55]",165.18,271,36.36,0.19
07:35:09,"[147.0, 50]","[146.0, 20]","[182.74, 47]","[184.4, 50]",164.87,167,35.74,-0.16
07:35:10,"[146.54, 35]","[144.14, 138]","[170.48, 54]","[180.57, 58]",158.51,285,23.94,0.21
07:35:11,"[144.0, 174]","[141.0, 16]","[175.89, 73]","[177.11, 71]",159.95,334,31.89,0.14
07:35:12,"[144.0, 126]","[141.0, 14]","[166.77, 61]","[167.93, 57]",155.39,258,22.77,0.09
07:35:13,"[144.06, 86]","[143.5, 54]","[164.12, 67]","[165.1, 68]",154.09,275,20.06,0.02
07:35:14,"[145.75, 8]","[144.0, 72]","[160.21, 28]","[161.6, 30]",152.98,138,14.46,0.16
07:35:15,"[147.0, 12]","[144.11, 105]","[157.55, 55]","[158.54, 50]",152.27,222,10.55,0.05
07:35:16,"[146.0, 33]","[144.0, 99]","[154.15, 54]","[155.42, 50]",150.07,236,8.15,0.12
07:35:17,"[146.76, 74]","[144.62, 78]","[149.24, 42]","[151.67, 42]",148.0,236,2.48,0.29
07:35:18,"[146.68, 19]","[144.8, 30]","[147.83, 24]","[149.09, 22]",147.26,95,1.15,0.03
07:35:19,"[144.42, 57]","[143.44, 124]","[146.73, 44]","[274.0, 15]",145.57,240,2.31,0.51
07:35:20,"[144.0, 81]","[141.62, 91]","[145.11, 36]","[323.86, 21]",144.56,229,1.11,0.5
07:35:21,"[144.0, 52]","[141.0, 99]","[374.11, 35]","[479.64, 33]",259.06,219,230.11,0.38
07:35:22,"[143.6, 40]","[141.67, 81]","[277.33, 27]","[451.03, 31]",210.47,179,133.73,0.35
07:35:23,"[147.37, 146]","[141.51, 110]","[239.45, 33]","[314.56, 43]",193.41,332,92.08,0.54
07:35:24,"[142.0, 16]","[141.0, 36]","[243.0, 12]","[383.86, 14]",192.5,78,101.0,0.33
07:35:25,"[142.0, 36]","[141.0, 73]","[155.23, 35]","[236.96, 28]",148.61,172,13.23,0.27
07:35:26,"[144.36, 56]","[141.92, 39]","[216.5, 36]","[253.3, 43]",180.43,174,72.14,0.09
07:35:27,"[141.29, 14]","[140.03, 62]","[255.33, 18]","[309.45, 22]",198.31,116,114.05,0.31
07:35:28,"[138.62, 13]","[128.64, 47]","[300.0, 30]","[514.0, 30]",219.31,120,161.38,0.0
07:35:29,"[141.89, 19]","[139.6, 10]","[283.64, 33]","[344.0, 30]",212.77,92,141.74,-0.37
07:35:30,"[142.0, 18]","[140.0, 9]","[233.78, 27]","[248.22, 27]",187.89,81,91.78,-0.33
07:35:31,"[142.0, 22]","[140.0, 11]","[174.36, 33]","[333.45, 33]",158.18,99,32.36,-0.33
07:35:32,"[142.0, 14]","[140.0, 7]","[173.14, 21]","[410.0, 21]",157.57,63,31.14,-0.33
07:35:33,"[130.53, 86]","[109.05, 98]","[170.85, 72]","[214.73, 56]",150.69,312,40.31,0.18
07:35:34,"[102.7, 142]","[72.29, 180]","[142.83, 18]","[157.42, 48]",122.77,388,40.13,0.66
07:35:35,"[114.67, 24]","[101.11, 72]","[165.38, 40]","[294.58, 43]",140.02,179,50.71,0.07
07:35:36,"[140.62, 16]","[125.75, 16]","[169.88, 40]","[390.52, 31]",155.25,103,29.25,-0.38
07:35:37,"[141.0, 24]","[140.0, 18]","[169.0, 45]","[398.0, 39]",155.0,126,28.0,-0.33
07:35:38,"[149.0, 84]","[143.5, 30]","[168.67, 30]","[368.0, 30]",158.83,174,19.67,0.31
07:35:39,"[148.3, 130]","[143.31, 65]","[160.02, 56]","[163.23, 57]",154.16,308,11.72,0.27
07:35:40,"[146.08, 13]","[144.39, 31]","[156.0, 40]","[158.0, 32]",151.04,116,9.92,-0.24
07:35:41,"[147.38, 16]","[145.07, 29]","[155.11, 54]","[156.25, 63]",151.24,162,7.74,-0.44
07:35:42,"[147.0, 13]","[146.0, 13]","[150.74, 62]","[152.47, 55]",148.87,143,3.74,-0.64
07:35:43,"[143.63, 19]","[142.38, 29]","[147.81, 31]","[210.89, 27]",145.72,106,4.17,-0.09
07:35:44,"[143.0, 50]","[141.0, 30]","[146.9, 29]","[178.0, 50]",144.95,159,3.9,0.01
07:35:45,"[143.48, 50]","[142.09, 46]","[146.75, 60]","[226.09, 46]",145.12,202,3.27,-0.05
07:35:46,"[143.0, 35]","[140.2, 15]","[145.0, 35]","[391.59, 29]",144.0,114,2.0,-0.12
07:35:47,"[142.44, 43]","[139.74, 19]","[144.09, 55]","[260.0, 55]",143.27,172,1.65,-0.28
07:35:48,"[140.0, 18]","[139.0, 14]","[153.73, 33]","[240.69, 39]",146.86,104,13.73,-0.38
07:35:49,"[140.0, 10]","[139.0, 5]","[368.7, 10]","[492.7, 10]",254.35,35,228.7,-0.14
07:35:50,"[113.04, 46]","[53.06, 35]","[200.71, 14]","[229.79, 19]",156.88,114,87.67,0.42
07:35:51,"[91.73, 98]","[57.17, 70]","[130.0, 16]","[144.75, 16]",110.87,200,38.27,0.68
07:35:52,"[80.22, 144]","[63.67, 90]","[130.0, 18]","[131.0, 18]",105.11,270,49.78,0.73
07:35:53,"[82.0, 96]","[56.0, 60]","[132.8, 10]","[133.33, 12]",107.4,178,50.8,0.75
07:35:54,"[83.25, 64]","[59.0, 40]","[137.0, 4]","[138.0, 8]",110.12,116,53.75,0.79
07:35:55,"[86.6, 105]","[59.56, 91]","[133.1, 41]","[134.64, 22]",109.85,259,46.5,0.51
07:35:56,"[99.13, 54]","[95.84, 49]","[133.0, 30]","[134.0, 18]",116.06,151,33.87,0.36
07:35:57,"[106.69, 105]","[101.67, 45]","[133.0, 56]","[134.0, 36]",119.84,242,26.31,0.24
07:35:58,"[112.83, 42]","[102.0, 36]","[133.0, 16]","[134.0, 18]",122.92,112,20.17,0.39
07:35:59,"[114.5, 44]","[110.11, 63]","[132.0, 40]","[133.0, 16]",123.25,163,17.5,0.31
07:36:00,"[116.83, 42]","[115.0, 30]","[132.0, 30]","[133.0, 12]",124.42,114,15.17,0.26
07:36:01,"[120.47, 70]","[119.0, 47]","[133.66, 29]","[136.0, 8]",127.06,154,13.18,0.52
07:36:02,"[124.64, 141]","[123.72, 132]","[134.0, 42]","[137.0, 13]",129.32,328,9.36,0.66
07:36:03,"[130.78, 79]","[129.44, 80]","[134.0, 33]","[137.0, 11]",132.39,203,3.22,0.57
07:36:04,"[132.6, 125]","[131.81, 99]","[138.0, 12]","[139.28, 29]",135.3,265,5.4,0.69
07:36:05,"[136.91, 46]","[135.27, 44]","[138.0, 16]","[139.0, 8]",137.46,114,1.09,0.58
07:36:06,"[136.93, 109]","[117.07, 60]","[138.47, 19]","[139.93, 29]",137.7,217,1.55,0.56
07:36:07,"[137.54, 26]","[125.75, 60]","[139.7, 10]","[202.84, 44]",138.62,140,2.16,0.23
07:36:08,"[138.77, 57]","[105.92, 24]","[140.0, 8]","[265.04, 26]",139.39,115,1.23,0.41
07:36:09,"[139.0, 76]","[98.66, 61]","[281.48, 25]","[377.56, 27]",210.24,189,142.48,0.45
07:36:10,"[139.0, 80]","[100.6, 75]","[287.9, 29]","[412.08, 26]",213.45,210,148.9,0.48
07:36:11,"[139.67, 30]","[98.5, 20]","[267.0, 6]","[555.0, 9]",203.33,65,127.33,0.54
07:36:12,"[146.07, 54]","[119.0, 88]","[431.11, 19]","[562.85, 26]",288.59,187,285.03,0.52
07:36:13,"[146.0, 20]","[91.78, 18]","[232.0, 4]","[555.0, 6]",189.0,48,86.0,0.58
07:36:14,"[146.0, 70]","[134.97, 62]","[219.38, 16]","[240.58, 19]",182.69,167,73.38,0.58
07:36:15,"[147.0, 69]","[146.0, 90]","[200.0, 27]","[231.0, 33]",173.5,219,53.0,0.45
07:36:16,"[147.8, 50]","[146.0, 100]","[199.14, 21]","[206.38, 34]",173.47,205,51.34,0.46
07:36:17,"[148.0, 55]","[145.83, 109]","[197.45, 22]","[254.0, 22]",172.73,208,49.45,0.58
07:36:18,"[148.0, 33]","[144.0, 81]","[177.14, 28]","[208.92, 26]",162.57,168,29.14,0.36
07:36:19,"[148.0, 75]","[146.0, 100]","[269.1, 29]","[336.89, 36]",208.55,240,121.1,0.46
07:36:20,"[148.0, 45]","[146.0, 150]","[297.35, 26]","[301.2, 65]",222.67,286,149.35,0.36
07:36:21,"[147.15, 52]","[145.7, 122]","[211.26, 38]","[284.94, 18]",179.21,230,64.11,0.51
07:36:22,"[146.0, 121]","[144.0, 99]","[236.67, 36]","[274.4, 15]",191.33,271,90.67,0.62
07:36:23,"[146.0, 64]","[144.0, 72]","[213.57, 35]","[236.94, 17]",179.79,188,67.57,0.45
07:36:24,"[146.0, 18]","[144.0, 81]","[211.44, 25]","[212.41, 32]",178.72,156,65.44,0.27
07:36:25,"[146.42, 24]","[144.27, 73]","[209.02, 56]","[210.31, 16]",177.72,169,62.6,0.15
07:36:26,"[145.22, 59]","[143.22, 54]","[208.68, 37]","[209.08, 65]",176.95,215,63.46,0.05
07:36:27,"[144.0, 30]","[141.0, 60]","[208.0, 10]","[209.0, 50]",176.0,150,64.0,0.2
07:36:28,"[146.7, 20]","[144.0, 32]","[207.33, 18]","[208.97, 66]",177.02,136,60.63,-0.24
07:36:29,"[147.0, 12]","[144.92, 24]","[203.04, 28]","[204.59, 44]",175.02,108,56.04,-0.33
07:36:30,"[147.0, 9]","[143.57, 21]","[197.8, 25]","[198.14, 29]",172.4,84,50.8,-0.29
07:36:31,"[147.93, 83]","[145.59, 49]","[195.85, 13]","[198.0, 65]",171.89,210,47.92,0.26
07:36:32,"[148.0, 121]","[147.0, 11]","[193.29, 31]","[195.86, 35]",170.65,198,45.29,0.33
07:36:33,"[148.0, 77]","[147.0, 7]","[190.86, 7]","[192.0, 35]",169.43,126,42.86,0.33
07:36:34,"[148.0, 143]","[147.0, 13]","[188.31, 29]","[191.76, 49]",168.16,234,40.31,0.33
07:36:35,"[148.0, 75]","[147.0, 9]","[186.52, 29]","[187.28, 25]",167.26,138,38.52,0.22
07:36:36,"[148.0, 88]","[147.0, 11]","[177.09, 11]","[184.79, 39]",162.55,149,29.09,0.33
07:36:37,"[148.0, 96]","[147.0, 12]","[177.42, 24]","[184.0, 20]",162.71,152,29.42,0.42
07:36:38,"[148.0, 72]","[147.0, 9]","[181.45, 33]","[361.71, 17]",164.73,131,33.45,0.24
07:36:39,"[148.0, 64]","[147.0, 8]","[180.62, 24]","[248.86, 14]",164.31,110,32.62,0.31
07:36:40,"[147.4, 106]","[145.44, 27]","[177.36, 53]","[178.71, 51]",162.38,237,29.96,0.12
07:36:41,"[146.27, 177]","[145.11, 141]","[171.93, 46]","[173.66, 50]",159.1,414,25.66,0.54
07:36:42,"[147.0, 88]","[146.0, 143]","[169.28, 29]","[170.53, 30]",158.14,290,22.28,0.59
07:36:43,"[146.05, 233]","[144.58, 78]","[166.14, 58]","[167.27, 52]",156.09,421,20.09,0.48
07:36:44,"[147.0, 21]","[146.0, 91]","[162.88, 17]","[163.63, 19]",154.94,148,15.88,0.51
07:36:45,"[147.0, 49]","[146.0, 273]","[159.81, 54]","[162.0, 57]",153.41,433,12.81,0.49
07:36:46,"[147.0, 11]","[146.0, 143]","[149.56, 43]","[150.89, 27]",148.28,224,2.56,0.38
07:36:47,"[146.03, 102]","[145.62, 48]","[151.35, 23]","[152.2, 56]",148.69,229,5.32,0.31
07:36:48,"[146.0, 120]","[144.0, 12]","[202.25, 12]","[240.75, 24]",174.12,168,56.25,0.57
07:36:49,"[146.0, 106]","[144.0, 13]","[150.69, 13]","[180.18, 33]",148.35,165,4.69,0.44
07:36:50,"[146.0, 107]","[144.0, 13]","[149.15, 13]","[219.0, 13]",147.58,146,3.15,0.64
07:36:51,"[146.0, 189]","[144.0, 13]","[148.0, 13]","[327.97, 29]",147.0,244,2.0,0.66
07:36:52,"[146.0, 123]","[144.0, 10]","[195.0, 30]","[341.61, 18]",170.5,181,49.0,0.47
07:36:53,"[146.0, 71]","[144.0, 11]","[235.35, 23]","[566.9, 31]",190.67,136,89.35,0.21
07:36:54,"[146.95, 84]","[145.94, 33]","[291.0, 9]","[533.08, 13]",218.98,139,144.05,0.68
07:36:55,"[147.66, 59]","[146.0, 24]","[317.5, 6]","[558.0, 10]",232.58,99,169.84,0.68
07:36:56,"[148.0, 45]","[146.82, 44]","[198.2, 25]","[450.0, 5]",173.1,119,50.2,0.5
07:36:57,"[148.0, 48]","[147.0, 90]","[300.44, 34]","[598.39, 31]",224.22,203,152.44,0.36
07:36:58,"[148.0, 76]","[147.0, 194]","[286.39, 36]","[590.31, 80]",217.19,386,138.39,0.4
07:36:59,"[148.0, 16]","[147.0, 96]","[463.37, 19]","[587.39, 36]",305.68,167,315.37,0.34
07:37:00,"[148.0, 10]","[147.0, 60]","[281.89, 9]","[551.26, 19]",214.94,98,133.89,0.43
07:37:01,"[148.0, 13]","[147.0, 120]","[317.46, 46]","[470.77, 13]",232.73,192,169.46,0.39
07:37:02,"[147.1, 86]","[146.44, 75]","[257.34, 41]","[354.85, 46]",202.22,248,110.24,0.3
07:37:03,"[147.0, 99]","[146.0, 54]","[231.0, 36]","[397.3, 33]",189.0,222,84.0,0.38
07:37:04,"[147.0, 82]","[146.0, 66]","[258.0, 36]","[316.75, 32]",202.5,216,111.0,0.37
07:37:05,"[147.0, 28]","[146.0, 40]","[336.24, 33]","[408.45, 31]",241.62,132,189.24,0.03
07:37:06,"[147.0, 12]","[146.0, 34]","[288.0, 30]","[521.0, 24]",217.5,100,141.0,-0.08
07:37:07,"[147.0, 12]","[146.0, 54]","[268.0, 10]","[409.52, 23]",207.5,99,121.0,0.33
07:37:08,"[147.8, 30]","[146.37, 43]","[272.36, 11]","[451.12, 32]",210.08,116,124.56,0.26
07:37:09,"[147.0, 26]","[146.0, 117]","[283.54, 13]","[367.0, 60]",215.27,216,136.54,0.32
07:37:10,"[146.12, 64]","[145.67, 43]","[282.47, 19]","[341.4, 47]",214.3,173,136.35,0.24
07:37:11,"[146.71, 56]","[145.94, 66]","[280.5, 30]","[280.47, 30]",213.61,182,133.79,0.34
07:37:12,"[147.0, 75]","[146.0, 120]","[188.05, 38]","[229.53, 53]",167.53,286,41.05,0.36
07:37:13,"[147.0, 65]","[146.0, 104]","[162.72, 25]","[164.89, 53]",154.86,247,15.72,0.37
07:37:14,"[147.0, 70]","[146.0, 96]","[159.28, 54]","[159.0, 30]",153.14,250,12.28,0.33
07:37:15,"[146.75, 53]","[145.88, 68]","[153.0, 26]","[154.88, 34]",149.88,181,6.25,0.34
07:37:16,"[146.0, 45]","[144.0, 9]","[150.85, 27]","[151.85, 26]",148.43,107,4.85,0.01
07:37:17,"[147.0, 61]","[146.0, 70]","[148.09, 34]","[149.78, 23]",147.54,188,1.09,0.39
07:37:18,"[146.29, 21]","[145.82, 33]","[147.64, 11]","[149.75, 16]",146.96,81,1.35,0.33
07:37:19,"[146.0, 37]","[144.0, 11]","[147.23, 13]","[356.26, 23]",146.62,84,1.23,0.14
07:37:20,"[142.07, 29]","[140.8, 56]","[145.83, 12]","[148.0, 12]",143.95,109,3.76,0.56
07:37:21,"[142.52, 31]","[140.81, 72]","[147.12, 17]","[224.85, 73]",144.82,193,4.6,0.07
07:37:22,"[143.94, 31]","[142.67, 21]","[251.59, 37]","[454.46, 65]",197.77,154,107.66,-0.32
07:37:23,"[145.23, 26]","[141.55, 22]","[394.85, 47]","[478.58, 31]",270.04,126,249.62,-0.24
07:37:24,"[147.0, 14]","[141.0, 14]","[235.0, 16]","[578.93, 27]",191.0,71,88.0,-0.21
07:37:25,"[147.29, 7]","[146.14, 28]","[178.0, 20]","[320.71, 21]",162.64,76,30.71,-0.08
07:37:26,"[148.0, 11]","[147.0, 44]","[253.51, 49]","[349.85, 47]",200.76,151,105.51,-0.27
07:37:27,"[147.29, 7]","[146.29, 28]","[282.0, 35]","[359.0, 7]",214.64,77,134.71,-0.09
07:37:28,"[147.0, 7]","[146.0, 28]","[248.17, 29]","[252.55, 31]",197.59,95,101.17,-0.26
07:37:29,"[147.0, 7]","[146.0, 34]","[174.25, 32]","[221.06, 31]",160.62,104,27.25,-0.21
07:37:30,"[147.0, 9]","[146.0, 90]","[162.56, 36]","[242.19, 42]",154.78,177,15.56,0.12
07:37:31,"[147.0, 11]","[146.0, 44]","[161.73, 44]","[281.45, 44]",154.36,143,14.73,-0.23
07:37:32,"[147.0, 6]","[146.0, 24]","[161.0, 24]","[237.76, 25]",154.0,79,14.0,-0.24
07:37:33,"[146.55, 44]","[144.16, 89]","[159.94, 72]","[246.22, 90]",153.24,295,13.4,-0.1
07:37:34,"[146.0, 33]","[142.0, 76]","[157.91, 44]","[273.64, 55]",151.95,208,11.91,0.05
07:37:35,"[146.0, 30]","[142.0, 60]","[157.0, 40]","[184.0, 50]",151.5,180,11.0,0.0
07:37:36,"[146.0, 24]","[142.91, 33]","[156.62, 32]","[184.0, 40]",151.31,129,10.62,-0.12
07:37:37,"[146.0, 30]","[144.0, 30]","[155.39, 31]","[217.41, 37]",150.69,128,9.39,-0.06
07:37:38,"[146.09, 43]","[144.27, 45]","[151.21, 39]","[153.56, 36]",148.65,163,5.11,0.08
07:37:39,"[147.0, 24]","[146.0, 36]","[149.44, 39]","[150.07, 27]",148.22,126,2.44,-0.05
07:37:40,"[145.61, 28]","[144.27, 45]","[147.66, 29]","[175.57, 49]",146.63,151,2.05,-0.03
07:37:41,"[143.44, 48]","[141.47, 177]","[145.93, 27]","[148.89, 35]",144.68,287,2.49,0.57
07:37:42,"[141.04, 150]","[140.24, 185]","[143.44, 18]","[231.79, 19]",142.24,372,2.4,0.8
07:37:43,"[141.0, 130]","[140.0, 140]","[142.0, 20]","[144.0, 10]",141.5,300,1.0,0.8
07:37:44,"[141.0, 109]","[140.0, 126]","[187.9, 20]","[431.78, 27]",164.45,282,46.9,0.67
07:37:45,"[141.42, 66]","[140.47, 88]","[318.75, 24]","[488.15, 34]",230.09,212,177.33,0.45
07:37:46,"[145.8, 30]","[143.88, 50]","[447.36, 70]","[580.93, 42]",296.58,192,301.56,-0.17
07:37:47,"[148.0, 36]","[147.0, 12]","[197.44, 45]","[268.52, 44]",172.72,137,49.44,-0.3
07:37:48,"[148.0, 36]","[147.0, 12]","[182.42, 48]","[288.77, 40]",165.21,136,34.42,-0.29
07:37:49,"[148.0, 11]","[147.0, 9]","[181.22, 36]","[328.85, 39]",164.61,95,33.22,-0.58
07:37:50,"[148.0, 6]","[147.0, 6]","[180.0, 24]","[298.04, 28]",164.0,64,32.0,-0.62
07:37:51,"[148.0, 12]","[147.0, 12]","[179.25, 48]","[317.12, 52]",163.62,124,31.25,-0.61
07:37:52,"[147.0, 12]","[144.6, 30]","[179.0, 48]","[222.1, 31]",163.0,121,32.0,-0.31
07:37:53,"[146.0, 4]","[144.0, 16]","[178.0, 16]","[229.0, 8]",162.0,44,32.0,-0.09
07:37:54,"[146.0, 10]","[144.0, 40]","[176.8, 25]","[291.44, 39]",161.4,114,30.8,-0.12
07:37:55,"[144.0, 30]","[143.0, 50]","[174.0, 19]","[174.76, 25]",159.0,124,30.0,0.29
07:37:56,"[144.0, 42]","[143.0, 70]","[171.57, 14]","[173.0, 14]",157.79,140,27.57,0.6
07:37:57,"[144.0, 30]","[143.0, 50]","[169.95, 19]","[171.38, 16]",156.97,115,25.95,0.39
07:37:58,"[144.0, 53]","[143.0, 90]","[166.14, 51]","[167.15, 60]",155.07,254,22.14,0.13
07:37:59,"[144.0, 26]","[143.0, 65]","[160.12, 43]","[162.27, 37]",152.06,171,16.12,0.06
07:38:00,"[143.0, 42]","[141.0, 56]","[156.68, 38]","[157.14, 56]",149.84,192,13.68,0.02
07:38:01,"[145.11, 76]","[141.4, 60]","[152.32, 19]","[153.54, 46]",148.71,201,7.21,0.35
07:38:02,"[147.0, 110]","[143.0, 42]","[148.07, 56]","[162.05, 43]",147.54,251,1.07,0.21
07:38:03,"[141.79, 91]","[125.29, 28]","[235.29, 42]","[514.62, 47]",188.54,208,93.49,0.14
07:38:04,"[141.0, 70]","[140.0, 14]","[472.1, 20]","[484.47, 17]",306.55,121,331.1,0.39
07:38:05,"[141.18, 76]","[140.84, 38]","[589.82, 44]","[712.47, 17]",365.5,175,448.63,0.3
07:38:06,"[144.1, 10]","[141.22, 74]","[274.81, 31]","[353.43, 35]",209.45,150,130.71,0.12
07:38:07,"[141.18, 103]","[140.67, 66]","[196.28, 64]","[205.91, 47]",168.73,280,55.1,0.21
07:38:08,"[141.0, 99]","[140.0, 22]","[184.91, 46]","[190.73, 55]",162.96,222,43.91,0.09
07:38:09,"[141.0, 55]","[140.0, 43]","[149.75, 40]","[182.63, 49]",145.38,187,8.75,0.05
07:38:10,"[142.46, 41]","[140.92, 65]","[147.23, 53]","[148.08, 65]",144.84,224,4.76,-0.05
07:38:11,"[141.36, 67]","[140.21, 97]","[144.49, 65]","[145.58, 55]",142.93,284,3.13,0.15
07:38:12,"[141.0, 49]","[140.0, 84]","[142.38, 52]","[144.0, 42]",141.69,227,1.38,0.17
07:38:13,"[140.0, 24]","[100.86, 150]","[142.28, 18]","[155.56, 32]",141.14,224,2.28,0.55
07:38:14,"[140.0, 16]","[104.7, 70]","[143.62, 24]","[308.38, 8]",141.81,118,3.62,0.46
07:38:15,"[140.93, 29]","[129.77, 39]","[142.9, 30]","[296.0, 10]",141.92,108,1.97,0.26
07:38:16,"[134.8, 50]","[126.19, 144]","[172.8, 30]","[325.5, 40]",153.8,264,38.0,0.47
07:38:17,"[124.72, 39]","[121.29, 147]","[165.0, 18]","[242.0, 9]",144.86,213,40.28,0.75
07:38:18,"[144.45, 80]","[134.56, 192]","[232.0, 22]","[435.35, 26]",188.22,320,87.55,0.7
07:38:19,"[147.0, 16]","[144.0, 71]","[344.57, 14]","[466.4, 20]",245.79,121,197.57,0.44
07:38:20,"[142.58, 19]","[123.19, 16]","[286.66, 41]","[471.8, 20]",214.62,96,144.08,-0.27
07:38:21,"[99.52, 23]","[79.36, 14]","[194.9, 31]","[390.7, 40]",147.21,108,95.38,-0.31
07:38:22,"[102.0, 49]","[13.0, 42]","[147.75, 16]","[357.42, 19]",124.88,126,45.75,0.44
07:38:23,"[24.67, 51]","[6.4, 53]","[130.0, 16]","[329.53, 17]",77.33,137,105.33,0.52
07:38:24,"[47.0, 35]","[13.0, 30]","[130.0, 10]","[134.0, 5]",88.5,80,83.0,0.62
07:38:25,"[92.0, 42]","[47.0, 21]","[132.8, 10]","[258.15, 13]",112.4,86,40.8,0.47
07:38:26,"[131.45, 62]","[138.44, 81]","[298.1, 10]","[431.71, 31]",214.78,184,166.65,0.55
07:38:27,"[143.09, 22]","[140.15, 81]","[223.5, 8]","[387.25, 32]",183.3,143,80.41,0.44
07:38:28,"[144.0, 20]","[142.0, 10]","[173.22, 9]","[362.0, 8]",158.61,47,29.22,0.28
07:38:29,"[144.0, 32]","[142.0, 16]","[151.13, 30]","[211.46, 13]",147.57,91,7.13,0.05
07:38:30,"[144.0, 20]","[142.0, 10]","[150.17, 24]","[161.33, 18]",147.08,72,6.17,-0.17
07:38:31,"[144.0, 18]","[142.0, 12]","[149.33, 30]","[372.44, 9]",146.67,69,5.33,-0.13
07:38:32,"[145.25, 24]","[142.83, 24]","[148.8, 56]","[535.4, 40]",147.03,144,3.55,-0.33
07:38:33,"[147.0, 10]","[144.0, 14]","[148.0, 7]","[387.64, 22]",147.5,53,1.0,-0.09
07:38:34,"[145.57, 7]","[141.48, 27]","[148.0, 6]","[217.0, 18]",146.79,58,2.43,0.17
07:38:35,"[142.29, 14]","[140.09, 89]","[148.0, 7]","[235.0, 9]",145.14,119,5.71,0.73
07:38:36,"[142.0, 18]","[140.0, 153]","[147.67, 9]","[188.29, 21]",144.83,201,5.67,0.7
07:38:37,"[141.62, 16]","[140.0, 136]","[147.0, 8]","[304.55, 22]",144.31,182,5.38,0.67
07:38:38,"[141.0, 16]","[140.0, 136]","[216.3, 10]","[382.88, 24]",178.65,186,75.3,0.63
07:38:39,"[144.75, 32]","[140.09, 112]","[353.68, 47]","[373.76, 45]",249.22,236,208.93,0.22
07:38:40,"[146.89, 54]","[143.95, 40]","[287.07, 70]","[323.71, 42]",216.98,206,140.18,-0.09
07:38:41,"[146.0, 36]","[144.0, 36]","[282.42, 60]","[289.25, 56]",214.21,188,136.42,-0.23
07:38:42,"[144.0, 21]","[141.0, 184]","[276.65, 68]","[279.36, 70]",210.32,343,132.65,0.2
07:38:43,"[144.9, 10]","[141.05, 57]","[237.12, 40]","[238.08, 38]",191.01,145,92.22,-0.08
07:38:44,"[147.0, 26]","[144.0, 10]","[236.0, 50]","[237.6, 50]",191.5,136,89.0,-0.47
07:38:45,"[145.0, 30]","[142.5, 16]","[225.75, 44]","[241.21, 48]",185.38,138,80.75,-0.33
07:38:46,"[141.47, 57]","[140.73, 123]","[226.28, 40]","[233.17, 54]",183.87,274,84.8,0.31
07:38:47,"[141.16, 57]","[140.43, 63]","[232.0, 27]","[233.0, 45]",186.58,192,90.84,0.25
07:38:48,"[144.0, 13]","[141.0, 117]","[230.15, 65]","[232.0, 39]",187.08,234,86.15,0.11
07:38:49,"[141.9, 20]","[140.82, 66]","[227.81, 26]","[228.92, 38]",184.85,150,85.91,0.15
07:38:50,"[141.0, 55]","[140.0, 54]","[176.52, 29]","[208.27, 33]",158.76,171,35.52,0.27
07:38:51,"[145.24, 34]","[140.62, 32]","[158.0, 18]","[236.0, 28]",151.62,112,12.76,0.18
07:38:52,"[147.0, 84]","[143.0, 60]","[157.06, 34]","[195.09, 32]",152.03,210,10.06,0.37
07:38:53,"[147.0, 72]","[144.0, 48]","[151.76, 21]","[153.5, 18]",149.38,159,4.76,0.51
07:38:54,"[147.0, 20]","[144.21, 58]","[150.21, 28]","[151.38, 21]",148.61,127,3.21,0.23
07:38:55,"[145.5, 30]","[143.41, 41]","[147.5, 20]","[150.38, 26]",146.5,117,2.0,0.21
07:38:56,"[144.0, 32]","[141.0, 40]","[146.0, 16]","[388.2, 15]",145.0,103,2.0,0.4
07:38:57,"[144.0, 36]","[141.0, 45]","[146.0, 18]","[401.4, 15]",145.0,114,2.0,0.42
07:38:58,"[144.0, 32]","[141.0, 40]","[146.0, 16]","[212.06, 32]",145.0,120,2.0,0.2
07:38:59,"[144.0, 20]","[141.0, 28]","[261.38, 16]","[419.17, 6]",202.69,70,117.38,0.37
07:39:00,"[144.82, 17]","[142.62, 52]","[465.78, 18]","[544.93, 15]",305.3,102,320.95,0.35
07:39:01,"[141.7, 47]","[140.85, 184]","[415.58, 48]","[455.77, 26]",278.64,305,273.88,0.51
07:39:02,"[141.25, 72]","[140.65, 155]","[325.7, 30]","[403.25, 51]",233.47,308,184.45,0.47
07:39:03,"[141.32, 47]","[140.84, 107]","[315.04, 25]","[363.89, 19]",228.18,198,173.72,0.56
07:39:04,"[141.03, 101]","[140.48, 88]","[270.86, 29]","[288.93, 29]",205.95,247,129.83,0.53
07:39:05,"[141.0, 126]","[140.0, 63]","[267.44, 18]","[273.08, 24]",204.22,231,126.44,0.64
07:39:06,"[141.03, 115]","[140.2, 70]","[264.67, 18]","[265.78, 18]",202.85,221,123.64,0.67
07:39:07,"[142.0, 27]","[141.0, 122]","[261.89, 18]","[263.0, 18]",201.94,185,119.89,0.61
07:39:08,"[143.33, 36]","[141.0, 156]","[258.17, 24]","[260.5, 24]",200.75,240,114.83,0.6
07:39:09,"[145.83, 36]","[141.0, 156]","[236.26, 19]","[256.58, 24]",191.05,235,90.43,0.63
07:39:10,"[146.8, 44]","[142.32, 57]","[180.33, 12]","[231.0, 12]",163.56,125,33.54,0.62
07:39:11,"[147.0, 51]","[146.0, 27]","[178.78, 18]","[180.29, 14]",162.89,110,31.78,0.42
07:39:12,"[147.0, 35]","[146.0, 33]","[171.59, 22]","[177.43, 14]",159.3,104,24.59,0.31
07:39:13,"[147.0, 28]","[146.0, 21]","[149.43, 14]","[154.29, 14]",148.21,77,2.43,0.27
07:39:14,"[141.74, 92]","[141.04, 100]","[148.57, 14]","[218.52, 63]",145.16,269,6.83,0.43
07:39:15,"[141.07, 81]","[140.04, 80]","[148.0, 12]","[224.43, 46]",144.54,219,6.93,0.47
07:39:16,"[142.8, 30]","[141.0, 17]","[148.0, 5]","[291.5, 8]",145.4,60,5.2,0.57
07:39:17,"[143.71, 83]","[141.15, 61]","[175.14, 21]","[236.56, 39]",159.43,204,31.43,0.41
07:39:18,"[144.0, 33]","[142.0, 33]","[211.82, 44]","[382.6, 30]",177.91,140,67.82,-0.06
07:39:19,"[144.0, 13]","[142.0, 33]","[222.61, 49]","[364.2, 60]",183.31,155,78.61,-0.41
07:39:20,"[144.22, 9]","[142.0, 27]","[215.0, 36]","[331.12, 50]",179.61,122,70.78,-0.41
07:39:21,"[145.0, 10]","[142.44, 27]","[202.0, 36]","[464.68, 47]",173.5,120,57.0,-0.38
07:39:22,"[143.31, 13]","[131.28, 18]","[332.62, 39]","[502.05, 43]",237.96,113,189.31,-0.45
07:39:23,"[143.27, 11]","[92.53, 17]","[273.0, 32]","[468.5, 28]",208.14,88,129.73,-0.36
07:39:24,"[125.3, 71]","[100.55, 31]","[195.88, 32]","[343.66, 29]",160.59,163,70.58,0.25
07:39:25,"[126.0, 56]","[113.88, 24]","[133.0, 19]","[136.0, 24]",129.5,123,7.0,0.3
07:39:26,"[106.73, 22]","[68.81, 26]","[133.0, 24]","[136.0, 18]",119.86,90,26.27,0.07
07:39:27,"[122.32, 44]","[106.5, 12]","[133.0, 32]","[136.12, 24]",127.66,112,10.68,0.0
07:39:28,"[127.5, 18]","[126.0, 42]","[133.0, 9]","[137.0, 18]",130.25,87,5.5,0.38
07:39:29,"[128.31, 39]","[85.66, 73]","[135.8, 20]","[193.59, 37]",132.05,169,7.49,0.33
07:39:30,"[129.0, 12]","[59.0, 4]","[137.0, 8]","[139.0, 4]",133.0,28,8.0,0.14
07:39:31,"[130.44, 27]","[45.31, 13]","[137.0, 18]","[139.0, 9]",133.72,67,6.56,0.19
07:39:32,"[121.14, 21]","[19.25, 32]","[134.05, 19]","[135.38, 21]",127.6,93,12.91,0.14
07:39:33,"[82.56, 41]","[70.09, 65]","[134.0, 27]","[137.0, 18]",108.28,151,51.44,0.4
07:39:34,"[112.0, 22]","[98.53, 38]","[136.44, 32]","[138.33, 12]",124.22,104,24.44,0.15
07:39:35,"[113.9, 78]","[107.67, 18]","[137.0, 18]","[139.0, 9]",125.45,123,23.1,0.56
07:39:36,"[114.0, 84]","[113.0, 12]","[137.0, 12]","[139.0, 6]",125.5,114,23.0,0.68
07:39:37,"[117.95, 40]","[105.74, 23]","[137.0, 16]","[139.0, 8]",127.47,87,19.05,0.45
07:39:38,"[116.67, 12]","[84.25, 8]","[137.0, 12]","[139.0, 6]",126.83,38,20.33,0.05
07:39:39,"[119.08, 12]","[115.85, 39]","[137.0, 20]","[139.0, 10]",128.04,81,17.92,0.26
07:39:40,"[125.57, 28]","[121.47, 36]","[136.0, 56]","[137.0, 38]",130.79,158,10.43,-0.19
07:39:41,"[131.25, 16]","[130.58, 12]","[136.0, 11]","[137.0, 18]",133.62,57,4.75,-0.02
07:39:42,"[135.36, 28]","[134.08, 26]","[260.9, 21]","[314.92, 49]",198.13,124,125.55,-0.13
07:39:43,"[140.62, 24]","[139.75, 28]","[335.97, 33]","[485.59, 22]",238.3,107,195.34,-0.03
07:39:44,"[143.18, 34]","[142.1, 40]","[192.5, 64]","[370.33, 30]",167.84,168,49.32,-0.12
07:39:45,"[144.6, 20]","[142.04, 49]","[442.33, 48]","[644.0, 12]",293.47,129,297.73,0.07
07:39:46,"[142.38, 13]","[138.5, 60]","[266.85, 20]","[451.62, 26]",204.62,119,124.47,0.23
07:39:47,"[141.9, 10]","[107.33, 18]","[286.0, 14]","[483.0, 28]",213.95,70,144.1,-0.2
07:39:48,"[144.0, 10]","[141.0, 40]","[237.71, 14]","[332.17, 24]",190.86,88,93.71,0.14
07:39:49,"[144.0, 11]","[141.0, 44]","[172.5, 20]","[207.74, 19]",158.25,94,28.5,0.17
07:39:50,"[128.43, 117]","[100.88, 49]","[169.17, 24]","[231.29, 14]",148.8,204,40.74,0.63
07:39:51,"[148.0, 154]","[134.29, 42]","[170.09, 46]","[173.46, 35]",159.04,277,22.09,0.42
07:39:52,"[147.26, 31]","[145.26, 31]","[167.22, 18]","[169.89, 36]",157.24,116,19.96,0.07
07:39:53,"[140.0, 20]","[116.08, 64]","[168.16, 19]","[169.89, 38]",154.08,141,28.16,0.19
07:39:54,"[140.0, 30]","[114.91, 32]","[166.14, 28]","[167.57, 14]",153.07,104,26.14,0.19
07:39:55,"[140.44, 27]","[135.42, 19]","[164.11, 9]","[166.0, 36]",152.28,91,23.67,0.01
07:39:56,"[143.35, 80]","[141.53, 51]","[160.48, 23]","[163.31, 45]",151.91,199,17.13,0.32
07:39:57,"[146.25, 60]","[142.0, 36]","[155.05, 20]","[156.5, 18]",150.65,134,8.8,0.43
07:39:58,"[147.32, 59]","[142.0, 39]","[152.11, 38]","[152.4, 35]",149.71,171,4.78,0.15
07:39:59,"[146.5, 32]","[143.88, 49]","[148.86, 28]","[150.57, 46]",147.68,155,2.36,0.05
07:40:00,"[144.0, 44]","[142.0, 33]","[146.94, 16]","[149.23, 26]",145.47,119,2.94,0.29
07:40:01,"[144.0, 14]","[142.0, 18]","[148.0, 16]","[176.0, 18]",146.0,66,4.0,-0.03
07:40:02,"[143.0, 14]","[141.68, 31]","[150.55, 44]","[572.0, 15]",146.77,104,7.55,-0.13
07:40:03,"[146.75, 53]","[143.79, 28]","[148.86, 56]","[287.07, 28]",147.81,165,2.1,-0.02
07:40:04,"[146.85, 94]","[144.36, 22]","[157.11, 36]","[279.33, 18]",151.98,170,10.26,0.36
07:40:05,"[143.44, 18]","[140.47, 17]","[189.0, 14]","[341.57, 7]",166.22,56,45.56,0.25
07:40:06,"[142.0, 48]","[141.0, 24]","[190.42, 19]","[274.0, 17]",166.21,108,48.42,0.33
07:40:07,"[142.96, 81]","[141.89, 108]","[378.2, 15]","[585.63, 27]",260.58,231,235.24,0.64
07:40:08,"[143.24, 25]","[142.0, 90]","[362.6, 15]","[505.73, 15]",252.92,145,219.36,0.59
07:40:09,"[144.6, 10]","[142.0, 45]","[165.0, 5]","[408.0, 10]",154.8,70,20.4,0.57
07:40:10,"[145.23, 26]","[142.0, 117]","[163.25, 57]","[248.8, 15]",154.24,215,18.01,0.33
07:40:11,"[147.05, 38]","[145.51, 57]","[161.73, 55]","[222.0, 11]",154.39,161,14.67,0.18
07:40:12,"[148.0, 22]","[147.0, 44]","[160.64, 55]","[385.15, 20]",154.32,141,12.64,-0.06
07:40:13,"[147.14, 28]","[145.79, 77]","[159.0, 60]","[435.37, 35]",153.07,200,11.86,0.05
07:40:14,"[146.0, 72]","[142.0, 108]","[156.56, 36]","[158.67, 48]",151.28,264,10.56,0.36
07:40:15,"[146.0, 48]","[142.0, 72]","[154.32, 38]","[155.64, 22]",150.16,180,8.32,0.33
07:40:16,"[146.0, 68]","[142.0, 108]","[150.86, 51]","[152.44, 43]",148.43,270,4.86,0.3
07:40:17,"[146.0, 30]","[142.0, 90]","[147.53, 30]","[149.67, 45]",146.77,195,1.53,0.23
07:40:18,"[142.07, 110]","[141.27, 33]","[150.67, 64]","[394.33, 27]",146.37,234,8.6,0.22
07:40:19,"[142.04, 55]","[141.43, 21]","[149.29, 35]","[179.0, 7]",145.66,118,7.25,0.29
07:40:20,"[142.0, 72]","[141.0, 36]","[148.88, 40]","[179.0, 8]",145.44,156,6.88,0.38
07:40:21,"[142.12, 96]","[141.23, 78]","[147.35, 48]","[156.14, 28]",144.74,250,5.23,0.39
07:40:22,"[142.07, 70]","[140.95, 177]","[145.1, 61]","[147.38, 58]",143.58,366,3.03,0.35
07:40:23,"[141.0, 185]","[140.0, 88]","[144.94, 53]","[146.85, 65]",142.97,391,3.94,0.4
07:40:24,"[141.0, 104]","[140.0, 59]","[143.17, 24]","[166.8, 20]",142.08,207,2.17,0.57
07:40:25,"[141.0, 145]","[140.0, 56]","[142.0, 36]","[224.71, 48]",141.5,285,1.0,0.41
07:40:26,"[141.0, 60]","[140.0, 25]","[142.0, 10]","[266.27, 15]",141.5,110,1.0,0.55
07:40:27,"[144.0, 48]","[140.92, 118]","[311.75, 16]","[581.59, 27]",227.88,209,167.75,0.59
07:40:28,"[144.6, 10]","[140.43, 35]","[699.05, 22]","[0, 0]",421.82,67,554.45,0.34
07:40:29,"[147.0, 33]","[141.0, 3]","[711.0, 9]","[712.0, 6]",429.0,51,564.0,0.41
07:40:30,"[147.44, 27]","[146.26, 43]","[709.29, 21]","[712.0, 21]",428.37,112,561.84,0.25
07:40:31,"[147.0, 38]","[141.0, 25]","[459.6, 15]","[523.0, 15]",303.3,93,312.6,0.35
07:40:32,"[147.0, 10]","[141.0, 10]","[397.0, 6]","[543.0, 6]",272.0,32,250.0,0.25
07:40:33,"[147.0, 28]","[141.0, 40]","[395.41, 17]","[396.83, 23]",271.21,108,248.41,0.26
07:40:34,"[147.0, 28]","[141.18, 44]","[337.0, 36]","[394.4, 30]",242.0,138,190.0,0.04
07:40:35,"[147.0, 22]","[143.67, 116]","[278.58, 26]","[289.73, 33]",212.79,197,131.58,0.4
07:40:36,"[147.0, 10]","[144.0, 90]","[277.2, 10]","[279.0, 15]",212.1,125,130.2,0.6
07:40:37,"[147.0, 26]","[144.99, 178]","[237.6, 30]","[273.53, 32]",192.3,266,90.6,0.53
07:40:38,"[146.22, 64]","[144.97, 174]","[180.43, 28]","[196.27, 30]",163.32,296,34.21,0.61
07:40:39,"[146.0, 51]","[144.0, 162]","[179.44, 18]","[255.95, 19]",162.72,250,33.44,0.7
07:40:40,"[146.0, 35]","[144.0, 126]","[176.73, 15]","[214.78, 18]",161.37,194,30.73,0.66
07:40:41,"[146.0, 40]","[144.0, 144]","[174.12, 16]","[177.0, 24]",160.06,224,28.12,0.64
07:40:42,"[144.33, 150]","[143.31, 173]","[172.22, 27]","[176.09, 33]",158.28,383,27.89,0.69
07:40:43,"[144.03, 154]","[143.03, 148]","[168.6, 20]","[170.0, 30]",156.31,352,24.57,0.72
07:40:44,"[144.0, 187]","[141.0, 80]","[166.22, 27]","[167.74, 23]",155.11,317,22.22,0.68
07:40:45,"[144.0, 240]","[141.0, 112]","[147.05, 43]","[149.75, 48]",145.52,443,3.05,0.59
07:40:46,"[144.0, 165]","[141.0, 96]","[145.68, 57]","[163.57, 56]",144.84,374,1.68,0.4
07:40:47,"[144.21, 63]","[142.15, 78]","[165.64, 44]","[278.55, 44]",154.92,229,21.43,0.23
07:40:48,"[145.0, 16]","[144.0, 40]","[392.0, 30]","[639.91, 22]",268.5,108,247.0,0.04
07:40:49,"[145.4, 20]","[144.0, 50]","[215.22, 45]","[265.8, 35]",180.31,150,69.82,-0.07
07:40:50,"[146.0, 18]","[144.0, 45]","[220.38, 39]","[221.29, 42]",183.19,144,74.38,-0.12
07:40:51,"[144.77, 57]","[142.12, 67]","[164.47, 38]","[213.09, 46]",154.62,208,19.7,0.19
07:40:52,"[144.21, 43]","[141.71, 63]","[153.55, 44]","[163.0, 36]",148.88,186,9.34,0.14
07:40:53,"[147.0, 12]","[144.0, 60]","[151.67, 48]","[167.0, 36]",149.33,156,4.67,-0.08
07:40:54,"[147.0, 49]","[144.0, 55]","[148.9, 50]","[165.33, 43]",147.95,197,1.9,0.06
07:40:55,"[147.0, 35]","[144.0, 47]","[149.57, 28]","[188.0, 28]",148.29,138,2.57,0.19
07:40:56,"[147.0, 40]","[144.0, 64]","[148.5, 32]","[188.0, 32]",147.75,168,1.5,0.24
07:40:57,"[147.0, 18]","[144.0, 80]","[212.04, 47]","[252.58, 36]",179.52,181,65.04,0.08
07:40:58,"[145.76, 17]","[143.9, 84]","[257.43, 46]","[450.89, 45]",201.6,192,111.67,0.05
07:40:59,"[144.0, 49]","[141.73, 22]","[222.0, 28]","[555.57, 35]",183.0,134,78.0,0.06
07:41:00,"[143.92, 49]","[141.18, 22]","[208.8, 40]","[299.32, 38]",176.36,149,64.88,-0.05
07:41:01,"[142.0, 14]","[141.0, 14]","[222.0, 28]","[321.57, 21]",182.0,77,80.0,-0.27
07:41:02,"[143.62, 42]","[140.06, 16]","[220.92, 48]","[308.14, 42]",182.27,148,77.3,-0.22
07:41:03,"[144.0, 10]","[140.0, 10]","[219.1, 40]","[367.0, 36]",181.55,96,75.1,-0.58
07:41:04,"[147.75, 20]","[141.0, 12]","[219.0, 32]","[301.84, 37]",183.38,101,71.25,-0.37
07:41:05,"[146.97, 59]","[143.36, 50]","[200.56, 41]","[241.74, 46]",173.76,196,53.59,0.11
07:41:06,"[144.47, 32]","[141.7, 60]","[215.24, 45]","[218.3, 40]",179.86,177,70.78,0.04
07:41:07,"[147.0, 13]","[144.0, 21]","[189.53, 17]","[203.0, 24]",168.26,75,42.53,-0.09
07:41:08,"[147.0, 14]","[144.0, 21]","[187.6, 20]","[189.33, 18]",167.3,73,40.6,-0.04
07:41:09,"[147.96, 54]","[146.64, 25]","[185.4, 30]","[187.14, 42]",166.68,151,37.44,0.05
07:41:10,"[145.59, 17]","[142.95, 38]","[169.57, 28]","[184.86, 28]",157.58,111,23.98,-0.01
07:41:11,"[144.0, 16]","[142.0, 40]","[175.67, 24]","[185.33, 24]",159.83,104,31.67,0.08
07:41:12,"[144.0, 21]","[142.0, 45]","[179.38, 26]","[180.7, 20]",161.69,112,35.38,0.18
07:41:13,"[142.86, 28]","[141.48, 62]","[174.33, 21]","[176.22, 18]",158.6,129,31.48,0.4
07:41:14,"[144.07, 60]","[142.25, 64]","[165.47, 34]","[167.19, 27]",154.77,185,21.4,0.34
07:41:15,"[145.75, 48]","[144.0, 48]","[160.44, 36]","[161.14, 28]",153.1,160,14.69,0.2
07:41:16,"[146.0, 60]","[144.0, 60]","[158.5, 20]","[159.33, 30]",152.25,170,12.5,0.41
07:41:17,"[146.0, 44]","[144.0, 44]","[157.25, 16]","[158.32, 25]",151.62,129,11.25,0.36
07:41:18,"[146.0, 52]","[144.0, 52]","[153.55, 22]","[154.39, 31]",149.77,157,7.55,0.32
07:41:19,"[145.51, 53]","[143.45, 58]","[149.97, 31]","[151.43, 23]",147.74,165,4.46,0.35
07:41:20,"[142.16, 49]","[140.98, 123]","[146.93, 28]","[148.34, 29]",144.55,229,4.77,0.5
07:41:21,"[141.0, 90]","[140.0, 33]","[143.3, 20]","[148.0, 20]",142.15,163,2.3,0.51
07:41:22,"[142.0, 48]","[141.0, 114]","[145.76, 42]","[148.24, 34]",143.88,238,3.76,0.36
07:41:23,"[141.57, 37]","[140.64, 66]","[146.55, 22]","[331.0, 11]",144.06,136,4.98,0.51
07:41:24,"[141.0, 32]","[140.0, 33]","[168.08, 13]","[558.86, 14]",154.54,92,27.08,0.41
07:41:25,"[141.0, 36]","[140.0, 27]","[200.11, 9]","[322.26, 19]",170.56,91,59.11,0.38
07:41:26,"[140.0, 18]","[139.0, 18]","[198.5, 6]","[316.36, 14]",169.25,56,58.5,0.29
07:41:27,"[141.08, 25]","[139.07, 45]","[195.0, 17]","[196.0, 17]",168.04,104,53.92,0.35
07:41:28,"[143.25, 32]","[140.69, 13]","[177.0, 11]","[179.45, 11]",160.12,67,33.75,0.34
07:41:29,"[144.06, 34]","[141.5, 26]","[171.41, 22]","[171.39, 38]",157.73,120,27.35,0.0
07:41:30,"[147.0, 14]","[141.57, 28]","[165.74, 50]","[165.87, 30]",156.37,122,18.74,-0.31
07:41:31,"[147.0, 7]","[144.22, 9]","[158.97, 31]","[159.55, 11]",152.98,58,11.97,-0.45
07:41:32,"[146.55, 11]","[143.5, 16]","[157.35, 23]","[158.93, 43]",151.95,93,10.8,-0.42
07:41:33,"[146.0, 8]","[142.0, 16]","[155.12, 8]","[157.0, 40]",150.56,72,9.12,-0.33
07:41:34,"[146.0, 14]","[142.0, 28]","[152.22, 18]","[154.72, 18]",149.11,78,6.22,0.08
07:41:35,"[142.71, 17]","[139.9, 20]","[149.92, 38]","[150.32, 22]",146.31,97,7.22,-0.24
07:41:36,"[142.0, 26]","[139.0, 26]","[146.28, 29]","[148.94, 33]",144.14,114,4.28,-0.09
07:41:37,"[139.92, 26]","[106.69, 26]","[143.76, 21]","[145.04, 57]",141.84,130,3.84,-0.2
07:41:38,"[139.14, 21]","[128.71, 42]","[143.31, 16]","[144.96, 48]",141.23,127,4.17,-0.01
07:41:39,"[141.83, 18]","[140.0, 8]","[144.67, 18]","[291.0, 30]",143.25,74,2.83,-0.3
07:41:40,"[143.0, 12]","[142.0, 48]","[144.17, 60]","[439.59, 59]",143.58,179,1.17,-0.33
07:41:41,"[141.72, 53]","[139.91, 44]","[179.88, 58]","[262.06, 63]",160.8,218,38.16,-0.11
07:41:42,"[141.79, 38]","[140.83, 48]","[261.67, 60]","[441.19, 27]",201.73,173,119.88,-0.01
07:41:43,"[141.4, 30]","[140.25, 64]","[318.22, 45]","[528.14, 28]",229.81,167,176.82,0.13
07:41:44,"[143.82, 11]","[141.0, 33]","[366.45, 44]","[609.36, 55]",255.14,143,222.64,-0.38
07:41:45,"[140.64, 55]","[139.91, 33]","[181.31, 52]","[342.46, 65]",160.97,205,40.67,-0.14
07:41:46,"[140.0, 64]","[138.0, 16]","[169.33, 30]","[308.8, 25]",154.67,135,29.33,0.19
07:41:47,"[140.0, 64]","[138.0, 16]","[264.33, 24]","[396.4, 30]",202.17,134,124.33,0.19
07:41:48,"[140.13, 45]","[139.2, 45]","[249.58, 53]","[367.58, 60]",194.86,203,109.45,-0.11
07:41:49,"[140.0, 99]","[138.0, 20]","[204.43, 46]","[335.22, 45]",172.22,210,64.43,0.13
07:41:50,"[140.53, 131]","[127.45, 47]","[374.51, 59]","[525.18, 61]",257.52,298,233.97,0.19
07:41:51,"[147.0, 30]","[140.0, 66]","[467.11, 27]","[651.56, 27]",307.06,150,320.11,0.28
07:41:52,"[147.0, 35]","[140.0, 81]","[428.0, 35]","[661.88, 34]",287.5,185,281.0,0.25
07:41:53,"[140.95, 44]","[139.13, 46]","[389.67, 30]","[640.0, 30]",265.31,150,248.71,0.2
07:41:54,"[140.92, 38]","[139.43, 46]","[304.75, 32]","[495.82, 44]",222.84,160,163.83,0.05
07:41:55,"[144.0, 22]","[141.0, 11]","[175.22, 36]","[313.45, 22]",159.61,91,31.22,-0.27
07:41:56,"[145.76, 33]","[143.27, 15]","[174.33, 48]","[357.16, 45]",160.05,141,28.58,-0.32
07:41:57,"[146.61, 36]","[143.71, 14]","[174.0, 48]","[356.41, 54]",160.31,152,27.39,-0.34
07:41:58,"[144.0, 6]","[141.0, 6]","[174.0, 24]","[364.41, 27]",159.0,63,30.0,-0.62
07:41:59,"[144.0, 8]","[141.4, 10]","[173.25, 32]","[357.0, 16]",158.62,66,29.25,-0.45
07:42:00,"[144.0, 17]","[143.0, 17]","[169.9, 58]","[180.25, 40]",156.95,132,25.9,-0.48
07:42:01,"[140.54, 52]","[139.09, 32]","[165.96, 52]","[167.04, 56]",153.25,192,25.42,-0.12
07:42:02,"[140.08, 118]","[138.86, 105]","[162.43, 47]","[164.49, 68]",151.26,338,22.34,0.32
07:42:03,"[141.0, 24]","[140.0, 84]","[159.57, 35]","[160.5, 18]",150.29,161,18.57,0.34
07:42:04,"[146.79, 56]","[140.88, 41]","[155.25, 84]","[156.1, 70]",151.02,251,8.46,-0.23
07:42:05,"[147.0, 36]","[141.0, 24]","[151.07, 43]","[152.45, 22]",149.03,125,4.07,-0.04
07:42:06,"[147.0, 36]","[141.0, 28]","[148.67, 30]","[149.07, 54]",147.83,148,1.67,-0.14
07:42:07,"[142.68, 25]","[140.13, 93]","[148.07, 71]","[150.84, 61]",145.38,250,5.39,-0.06
07:42:08,"[140.15, 27]","[139.55, 33]","[146.59, 34]","[165.08, 26]",143.37,120,6.44,0.0
07:42:09,"[140.0, 30]","[139.0, 33]","[150.22, 36]","[276.42, 31]",145.11,130,10.22,-0.03
07:42:10,"[140.0, 22]","[139.0, 33]","[147.28, 43]","[150.0, 22]",143.64,120,7.28,-0.08
07:42:11,"[140.0, 32]","[139.0, 48]","[143.97, 34]","[146.35, 46]",141.99,160,3.97,0.0
07:42:12,"[139.24, 33]","[124.0, 32]","[180.6, 25]","[254.49, 41]",159.92,131,41.36,-0.01
07:42:13,"[140.66, 38]","[137.15, 26]","[296.0, 39]","[340.0, 65]",218.33,168,155.34,-0.24
07:42:14,"[141.9, 20]","[141.03, 36]","[296.0, 36]","[340.0, 60]",218.95,152,154.1,-0.26
07:42:15,"[146.21, 28]","[145.11, 28]","[327.05, 40]","[484.11, 62]",236.63,158,180.84,-0.29
07:42:16,"[148.0, 5]","[146.0, 15]","[275.57, 21]","[416.2, 15]",211.79,56,127.57,-0.29
07:42:17,"[148.0, 13]","[146.0, 39]","[305.64, 44]","[382.73, 37]",226.82,133,157.64,-0.22
07:42:18,"[144.0, 24]","[140.0, 48]","[169.78, 27]","[187.37, 35]",156.89,134,25.78,0.07
07:42:19,"[144.25, 16]","[140.36, 44]","[164.94, 18]","[166.97, 66]",154.6,144,20.69,-0.17
07:42:20,"[145.27, 11]","[144.0, 11]","[162.24, 49]","[163.95, 19]",153.76,90,16.97,-0.51
07:42:21,"[146.0, 11]","[144.0, 11]","[160.1, 39]","[161.74, 27]",153.05,88,14.1,-0.5
07:42:22,"[142.25, 28]","[140.23, 26]","[159.68, 28]","[160.09, 44]",150.96,126,17.43,-0.14
07:42:23,"[143.0, 13]","[142.0, 39]","[157.31, 13]","[160.0, 65]",150.15,130,14.31,-0.2
07:42:24,"[143.0, 9]","[142.0, 27]","[155.91, 33]","[156.29, 21]",149.45,90,12.91,-0.2
07:42:25,"[144.37, 35]","[142.27, 33]","[154.88, 17]","[156.0, 85]",149.63,170,10.51,-0.2
07:42:26,"[145.25, 40]","[144.2, 25]","[153.67, 15]","[156.0, 75]",149.46,155,8.42,-0.16
07:42:27,"[146.47, 30]","[145.14, 28]","[149.07, 45]","[169.96, 54]",147.77,157,2.6,-0.26
07:42:28,"[143.92, 36]","[142.25, 67]","[219.49, 71]","[337.3, 50]",181.7,224,75.58,-0.08
07:42:29,"[141.05, 59]","[140.75, 28]","[288.0, 40]","[290.0, 40]",214.53,167,146.95,0.04
07:42:30,"[141.0, 104]","[140.0, 13]","[286.45, 44]","[288.23, 52]",213.73,213,145.45,0.1
07:42:31,"[141.0, 96]","[140.0, 12]","[208.5, 48]","[223.75, 32]",174.75,188,67.5,0.15
07:42:32,"[141.07, 81]","[140.32, 25]","[191.88, 32]","[224.1, 40]",166.47,178,50.8,0.19
07:42:33,"[141.25, 24]","[140.78, 18]","[214.09, 22]","[215.29, 14]",177.67,78,72.84,0.08
07:42:34,"[141.0, 39]","[140.0, 9]","[214.0, 36]","[215.0, 18]",177.5,102,73.0,-0.06
07:42:35,"[141.0, 71]","[140.0, 13]","[208.1, 42]","[208.47, 30]",174.55,156,67.1,0.08
07:42:36,"[141.0, 29]","[140.0, 39]","[184.5, 32]","[195.45, 31]",162.75,131,43.5,0.04
07:42:37,"[142.33, 18]","[140.5, 24]","[181.86, 21]","[182.89, 27]",162.1,90,39.52,-0.07
07:42:38,"[143.0, 33]","[141.0, 33]","[178.75, 32]","[179.71, 35]",160.88,133,35.75,-0.01
07:42:39,"[143.0, 24]","[141.0, 24]","[176.5, 40]","[178.0, 16]",159.75,104,33.5,-0.08
07:42:40,"[143.0, 36]","[141.0, 36]","[174.5, 60]","[178.0, 24]",158.75,156,31.5,-0.08
07:42:41,"[141.67, 54]","[140.43, 63]","[171.24, 34]","[173.56, 45]",156.45,196,29.57,0.19
07:42:42,"[142.76, 17]","[140.29, 34]","[169.56, 36]","[172.0, 18]",156.16,105,26.79,-0.03
07:42:43,"[144.75, 16]","[140.4, 50]","[169.73, 49]","[172.49, 47]",157.24,162,24.98,-0.19
07:42:44,"[141.24, 178]","[140.47, 134]","[166.2, 55]","[167.26, 58]",153.72,425,24.96,0.47
07:42:45,"[144.2, 59]","[142.18, 79]","[161.59, 29]","[162.9, 29]",152.89,196,17.38,0.41
07:42:46,"[144.86, 56]","[142.59, 68]","[156.61, 41]","[157.24, 41]",150.73,206,11.75,0.2
07:42:47,"[144.0, 92]","[142.0, 84]","[150.97, 29]","[152.49, 41]",147.48,246,6.97,0.43
07:42:48,"[144.14, 128]","[142.62, 96]","[147.0, 37]","[148.06, 52]",145.57,313,2.86,0.43
07:42:49,"[144.91, 53]","[143.96, 103]","[146.94, 32]","[149.81, 37]",145.92,225,2.03,0.39
07:42:50,"[143.83, 71]","[140.57, 92]","[147.5, 32]","[152.0, 48]",145.67,243,3.67,0.34
07:42:51,"[140.13, 188]","[135.56, 167]","[146.38, 32]","[150.0, 38]",143.25,425,6.25,0.67
07:42:52,"[140.0, 193]","[113.85, 39]","[144.25, 24]","[145.43, 21]",142.12,277,4.25,0.68
07:42:53,"[141.0, 150]","[140.0, 266]","[143.16, 38]","[144.11, 37]",142.08,491,2.16,0.69
07:42:54,"[140.62, 112]","[138.45, 186]","[152.31, 26]","[207.8, 30]",146.47,354,11.68,0.68
07:42:55,"[141.56, 85]","[140.25, 143]","[409.31, 26]","[489.13, 62]",275.44,316,267.74,0.44
07:42:56,"[147.0, 14]","[141.0, 63]","[486.5, 24]","[532.5, 20]",316.75,121,339.5,0.27
07:42:57,"[147.0, 18]","[141.0, 81]","[401.08, 39]","[534.11, 36]",274.04,174,254.08,0.14
07:42:58,"[148.0, 55]","[147.0, 22]","[318.0, 55]","[566.0, 34]",233.0,166,170.0,-0.07
07:42:59,"[147.27, 22]","[145.55, 31]","[306.82, 55]","[401.5, 24]",227.05,132,159.55,-0.2
07:43:00,"[149.35, 46]","[146.35, 23]","[279.07, 27]","[358.67, 30]",214.21,126,129.73,0.1
07:43:01,"[148.29, 21]","[146.04, 45]","[349.67, 24]","[462.48, 33]",248.98,123,201.38,0.07
07:43:02,"[148.86, 85]","[146.48, 46]","[431.21, 58]","[475.68, 57]",290.03,246,282.35,0.07
07:43:03,"[147.47, 34]","[146.09, 43]","[367.0, 75]","[463.48, 54]",257.24,206,219.53,-0.25
07:43:04,"[143.67, 43]","[140.42, 71]","[509.07, 41]","[618.38, 52]",326.37,207,365.4,0.1
07:43:05,"[147.0, 30]","[140.0, 140]","[472.21, 38]","[591.46, 26]",309.61,234,325.21,0.45
07:43:06,"[147.0, 30]","[140.07, 120]","[276.4, 50]","[478.71, 28]",211.7,228,129.4,0.32
07:43:07,"[147.0, 24]","[141.0, 32]","[320.16, 19]","[460.56, 18]",233.58,93,173.16,0.2
07:43:08,"[147.0, 36]","[141.0, 48]","[194.1, 21]","[222.52, 23]",170.55,128,47.1,0.31
07:43:09,"[142.71, 28]","[140.26, 94]","[148.09, 22]","[250.77, 26]",145.4,170,5.38,0.44
07:43:10,"[141.0, 38]","[140.0, 149]","[146.0, 22]","[384.2, 40]",143.5,249,5.0,0.5
07:43:11,"[141.0, 20]","[140.0, 90]","[145.5, 20]","[469.4, 40]",143.25,170,4.5,0.29
07:43:12,"[141.0, 14]","[140.0, 70]","[143.6, 20]","[333.89, 18]",142.3,122,2.6,0.38
07:43:13,"[140.05, 82]","[139.62, 32]","[141.65, 31]","[315.93, 43]",140.85,188,1.6,0.21
07:43:14,"[140.0, 80]","[139.0, 8]","[141.0, 16]","[178.5, 32]",140.5,136,1.0,0.29
07:43:15,"[141.05, 40]","[140.29, 14]","[325.62, 26]","[331.0, 14]",233.33,94,184.57,0.15
07:43:16,"[141.85, 20]","[141.54, 13]","[357.0, 24]","[562.0, 20]",249.43,77,215.15,-0.14
07:43:17,"[140.0, 82]","[139.0, 10]","[371.2, 40]","[539.9, 40]",255.6,172,231.2,0.07
07:43:18,"[140.0, 63]","[139.0, 7]","[270.82, 22]","[548.71, 28]",205.41,120,130.82,0.17
07:43:19,"[140.58, 89]","[139.88, 59]","[200.93, 30]","[311.17, 48]",170.76,226,60.35,0.31
07:43:20,"[136.82, 22]","[107.64, 14]","[170.0, 20]","[543.8, 40]",153.41,96,33.18,-0.25
07:43:21,"[118.92, 53]","[88.81, 32]","[143.69, 13]","[195.75, 24]",131.31,122,24.77,0.39
07:43:22,"[132.29, 65]","[124.29, 70]","[169.27, 30]","[285.35, 46]",150.78,211,36.97,0.28
07:43:23,"[144.75, 192]","[138.69, 86]","[167.88, 32]","[313.86, 28]",156.31,338,23.12,0.64
07:43:24,"[146.0, 136]","[96.0, 8]","[166.12, 16]","[269.43, 23]",156.06,183,20.12,0.57
07:43:25,"[146.0, 100]","[90.6, 10]","[164.3, 20]","[333.0, 40]",155.15,170,18.3,0.29
07:43:26,"[146.0, 72]","[82.33, 15]","[164.0, 16]","[279.0, 32]",155.0,135,18.0,0.29
07:43:27,"[146.0, 148]","[103.0, 22]","[163.47, 15]","[215.34, 32]",154.73,217,17.47,0.57
07:43:28,"[146.0, 260]","[103.0, 26]","[158.11, 18]","[159.12, 17]",152.06,321,12.11,0.78
07:43:29,"[146.0, 180]","[103.0, 30]","[151.7, 10]","[152.73, 11]",148.85,231,5.7,0.82
07:43:30,"[146.03, 127]","[134.42, 52]","[148.92, 13]","[150.0, 10]",147.48,202,2.89,0.77
07:43:31,"[146.0, 114]","[103.0, 22]","[147.5, 12]","[157.93, 14]",146.75,162,1.5,0.68
07:43:32,"[146.71, 41]","[145.95, 83]","[154.96, 23]","[173.27, 44]",150.83,191,8.25,0.3
07:43:33,"[148.38, 16]","[146.42, 57]","[285.21, 43]","[559.95, 41]",216.79,157,136.83,-0.07
07:43:34,"[147.14, 21]","[144.98, 65]","[337.48, 27]","[444.0, 26]",242.31,139,190.34,0.24
07:43:35,"[146.0, 99]","[140.0, 121]","[236.67, 36]","[486.47, 43]",191.33,299,90.67,0.47
07:43:36,"[146.0, 72]","[140.0, 96]","[345.88, 32]","[468.27, 30]",245.94,230,199.88,0.46
07:43:37,"[146.0, 93]","[140.0, 108]","[208.75, 24]","[338.94, 31]",177.38,256,62.75,0.57
07:43:38,"[146.0, 141]","[140.62, 156]","[207.13, 45]","[424.79, 58]",176.57,400,61.13,0.48
07:43:39,"[146.0, 81]","[144.0, 72]","[206.0, 27]","[517.56, 27]",176.0,207,60.0,0.48
07:43:40,"[146.0, 108]","[144.0, 96]","[205.08, 36]","[314.46, 26]",175.54,266,59.08,0.53
07:43:41,"[146.0, 117]","[144.0, 104]","[201.23, 39]","[318.64, 33]",173.62,293,55.23,0.51
07:43:42,"[146.04, 56]","[144.49, 41]","[196.44, 41]","[387.39, 36]",171.24,174,50.4,0.11
07:43:43,"[146.57, 42]","[145.73, 118]","[190.54, 54]","[199.83, 64]",168.55,278,43.97,0.15
07:43:44,"[146.0, 99]","[144.0, 88]","[191.32, 47]","[197.26, 47]",168.66,281,45.32,0.33
07:43:45,"[146.0, 107]","[144.0, 136]","[194.46, 81]","[196.18, 55]",170.23,379,48.46,0.28
07:43:46,"[146.0, 56]","[144.0, 112]","[182.1, 52]","[186.46, 57]",164.05,277,36.1,0.21
07:43:47,"[146.12, 33]","[144.1, 84]","[174.98, 41]","[176.6, 47]",160.55,205,28.85,0.14
07:43:48,"[146.69, 29]","[145.11, 54]","[172.29, 62]","[173.33, 55]",159.49,200,25.6,-0.17
07:43:49,"[146.94, 33]","[145.62, 42]","[169.2, 69]","[170.51, 57]",158.07,201,22.26,-0.25
07:43:50,"[144.51, 65]","[144.58, 19]","[165.95, 59]","[167.13, 68]",155.23,211,21.44,-0.2
07:43:51,"[144.0, 24]","[143.0, 4]","[163.75, 20]","[165.0, 16]",153.88,64,19.75,-0.12
07:43:52,"[144.0, 60]","[143.0, 10]","[160.76, 45]","[162.44, 45]",152.38,160,16.76,-0.12
07:43:53,"[144.0, 66]","[143.0, 11]","[155.82, 40]","[157.38, 39]",149.91,156,11.82,-0.01
07:43:54,"[144.0, 60]","[143.0, 10]","[153.15, 39]","[154.1, 40]",148.58,149,9.15,-0.06
07:43:55,"[144.69, 116]","[143.83, 36]","[150.0, 44]","[151.0, 33]",147.34,229,5.31,0.33
07:43:56,"[145.35, 178]","[142.76, 102]","[147.67, 57]","[148.67, 48]",146.51,385,2.32,0.45
07:43:57,"[144.0, 40]","[141.0, 126]","[146.89, 36]","[147.89, 36]",145.44,238,2.89,0.39
07:43:58,"[144.67, 43]","[141.26, 91]","[157.31, 39]","[186.11, 36]",150.99,209,12.63,0.28
07:43:59,"[146.45, 11]","[144.0, 22]","[242.0, 44]","[385.73, 44]",194.23,121,95.55,-0.45
07:44:00,"[148.0, 5]","[144.0, 10]","[358.11, 18]","[430.89, 18]",253.06,51,210.11,-0.41
07:44:01,"[148.0, 5]","[144.0, 10]","[259.0, 20]","[315.6, 10]",203.5,45,111.0,-0.33
07:44:02,"[148.0, 9]","[140.8, 30]","[189.0, 36]","[329.57, 28]",168.5,103,41.0,-0.24
07:44:03,"[118.72, 54]","[116.33, 73]","[237.17, 48]","[465.67, 42]",177.94,217,118.44,0.17
07:44:04,"[141.39, 31]","[140.04, 72]","[262.73, 33]","[501.0, 30]",202.06,166,121.34,0.24
07:44:05,"[146.33, 18]","[143.86, 22]","[169.5, 24]","[233.0, 16]",157.92,80,23.17,0.0
07:44:06,"[147.0, 16]","[146.0, 8]","[194.0, 24]","[233.0, 16]",170.5,64,47.0,-0.25
07:44:07,"[147.0, 14]","[146.0, 7]","[218.38, 16]","[326.16, 19]",182.69,56,71.38,-0.25
07:44:08,"[147.0, 4]","[146.0, 2]","[469.4, 5]","[691.0, 6]",308.2,17,322.4,-0.29
07:44:09,"[147.0, 10]","[146.0, 19]","[518.69, 26]","[620.26, 38]",332.85,93,371.69,-0.38
07:44:10,"[147.0, 48]","[146.0, 32]","[300.38, 16]","[562.25, 32]",223.69,128,153.38,0.25
07:44:11,"[147.0, 23]","[146.0, 32]","[244.58, 24]","[500.92, 25]",195.79,104,97.58,0.06
07:44:12,"[144.95, 22]","[145.52, 31]","[223.27, 22]","[240.74, 38]",184.11,113,78.32,-0.06
07:44:13,"[144.0, 29]","[141.0, 9]","[187.64, 22]","[298.0, 32]",165.82,92,43.64,-0.17
07:44:14,"[144.0, 8]","[141.0, 8]","[172.0, 16]","[277.32, 19]",158.0,51,28.0,-0.37
07:44:15,"[144.5, 28]","[142.8, 20]","[171.07, 28]","[326.25, 36]",157.79,112,26.57,-0.14
07:44:16,"[142.5, 18]","[140.05, 56]","[169.5, 24]","[329.91, 46]",156.0,144,27.0,0.03
07:44:17,"[140.6, 91]","[114.52, 71]","[165.27, 22]","[246.33, 24]",152.94,208,24.67,0.56
07:44:18,"[146.84, 50]","[143.82, 99]","[162.82, 22]","[221.79, 29]",154.83,200,15.98,0.49
07:44:19,"[140.0, 90]","[98.0, 20]","[159.4, 20]","[293.56, 27]",149.7,157,19.4,0.4
07:44:20,"[140.0, 90]","[102.94, 17]","[159.0, 20]","[283.29, 21]",149.5,148,19.0,0.45
07:44:21,"[140.0, 72]","[100.24, 71]","[159.0, 16]","[222.0, 16]",149.5,175,19.0,0.63
07:44:22,"[140.0, 89]","[126.87, 30]","[157.51, 35]","[190.0, 20]",148.76,174,17.51,0.37
07:44:23,"[140.03, 155]","[125.45, 40]","[154.29, 79]","[155.13, 60]",147.16,334,14.26,0.17
07:44:24,"[141.0, 18]","[140.0, 198]","[146.94, 70]","[148.98, 57]",143.97,343,5.94,0.26
07:44:25,"[140.05, 101]","[115.49, 118]","[143.43, 82]","[144.59, 37]",141.74,338,3.38,0.3
07:44:26,"[140.0, 44]","[128.0, 9]","[141.23, 35]","[144.92, 24]",140.61,112,1.23,-0.05
07:44:27,"[140.0, 30]","[137.43, 63]","[141.0, 55]","[142.0, 30]",140.5,178,1.0,0.04
07:44:28,"[102.4, 15]","[48.83, 41]","[141.0, 24]","[164.86, 21]",121.7,101,38.6,0.11
07:44:29,"[48.11, 35]","[40.88, 67]","[140.33, 18]","[252.38, 13]",94.22,133,92.22,0.53
07:44:30,"[96.24, 17]","[56.86, 36]","[139.02, 41]","[206.67, 18]",117.63,112,42.79,-0.05
07:44:31,"[125.0, 25]","[110.65, 17]","[137.73, 55]","[140.0, 22]",131.36,119,12.73,-0.29
07:44:32,"[126.8, 40]","[120.6, 15]","[137.0, 65]","[139.47, 30]",131.9,150,10.2,-0.27
07:44:33,"[129.46, 26]","[128.61, 31]","[205.11, 37]","[239.8, 15]",167.28,109,75.65,0.05
07:44:34,"[129.67, 24]","[128.43, 28]","[261.03, 32]","[406.38, 34]",195.35,118,131.36,-0.12
07:44:35,"[130.66, 65]","[104.9, 20]","[137.99, 76]","[211.02, 50]",134.32,211,7.33,-0.19
07:44:36,"[133.15, 52]","[98.82, 17]","[135.6, 20]","[137.81, 37]",134.38,126,2.45,0.1
07:44:37,"[132.71, 31]","[102.93, 15]","[135.0, 24]","[137.0, 12]",133.85,82,2.29,0.12
07:44:38,"[126.0, 24]","[122.53, 15]","[133.31, 13]","[135.09, 23]",129.65,75,7.31,0.04
07:44:39,"[124.13, 30]","[117.45, 11]","[134.25, 8]","[135.91, 11]",129.19,60,10.12,0.37
07:44:40,"[108.2, 20]","[64.24, 17]","[135.0, 6]","[137.0, 6]",121.6,49,26.8,0.51
07:44:41,"[82.98, 41]","[74.67, 45]","[134.44, 16]","[136.57, 14]",108.71,116,51.46,0.48
07:44:42,"[83.6, 25]","[73.27, 52]","[136.69, 32]","[148.54, 37]",110.14,146,53.09,0.05
07:44:43,"[144.0, 12]","[132.62, 32]","[148.75, 28]","[216.73, 22]",146.38,94,4.75,-0.06
07:44:44,"[145.14, 14]","[142.53, 19]","[148.0, 35]","[265.0, 28]",146.57,96,2.86,-0.31
07:44:45,"[140.26, 46]","[144.0, 2]","[148.0, 35]","[262.64, 22]",144.13,105,7.74,-0.09
07:44:46,"[140.0, 12]","[0, 0]","[147.36, 14]","[499.0, 9]",143.68,35,7.36,-0.31
07:44:47,"[140.0, 20]","[0, 0]","[324.9, 20]","[407.55, 11]",232.45,51,184.9,-0.22
07:44:48,"[140.0, 12]","[28.0, 4]","[277.91, 11]","[372.45, 11]",208.95,38,137.91,-0.16
07:44:49,"[140.0, 32]","[35.89, 18]","[196.8, 10]","[287.21, 24]",168.4,84,56.8,0.19
07:44:50,"[141.88, 32]","[121.86, 14]","[234.82, 11]","[290.79, 14]",188.35,71,92.94,0.3
07:44:51,"[142.0, 30]","[140.0, 12]","[239.0, 30]","[311.22, 9]",190.5,81,97.0,0.04
07:44:52,"[140.31, 64]","[59.0, 58]","[195.57, 28]","[316.86, 29]",167.94,179,55.26,0.36
07:44:53,"[140.13, 206]","[91.72, 130]","[145.12, 80]","[270.09, 43]",142.63,459,5.0,0.46
07:44:54,"[141.94, 35]","[140.47, 30]","[143.44, 34]","[297.71, 21]",142.69,120,1.5,0.08
07:44:55,"[142.0, 60]","[141.0, 13]","[392.8, 10]","[461.0, 5]",267.4,88,250.8,0.66
07:44:56,"[142.05, 63]","[141.44, 27]","[400.48, 21]","[402.29, 7]",271.26,118,258.43,0.53
07:44:57,"[143.27, 45]","[142.0, 180]","[258.85, 60]","[314.54, 46]",201.06,331,115.58,0.36
07:44:58,"[145.0, 39]","[142.0, 156]","[209.0, 28]","[210.0, 37]",177.0,260,64.0,0.5
07:44:59,"[145.64, 33]","[142.0, 132]","[201.07, 30]","[201.57, 21]",173.35,216,55.43,0.53
07:45:00,"[146.0, 21]","[142.38, 74]","[152.13, 23]","[153.6, 10]",149.07,128,6.13,0.48
07:45:01,"[142.84, 114]","[141.96, 97]","[151.94, 64]","[152.71, 17]",147.39,292,9.1,0.45
07:45:02,"[142.0, 132]","[141.0, 40]","[150.06, 50]","[151.43, 49]",146.03,271,8.06,0.27
07:45:03,"[142.0, 89]","[141.0, 99]","[147.85, 53]","[148.47, 19]",144.92,260,5.85,0.45
07:45:04,"[142.0, 14]","[141.0, 126]","[146.64, 45]","[171.6, 42]",144.32,227,4.64,0.23
07:45:05,"[142.0, 9]","[141.0, 81]","[145.22, 9]","[198.0, 45]",143.61,144,3.22,0.25
07:45:06,"[141.1, 60]","[140.75, 72]","[240.73, 26]","[383.58, 36]",190.92,194,99.63,0.36
07:45:07,"[142.75, 64]","[140.12, 34]","[504.0, 34]","[547.22, 36]",323.38,168,361.25,0.17
07:45:08,"[124.68, 28]","[74.87, 55]","[494.27, 22]","[533.13, 31]",309.48,136,369.59,0.22
07:45:09,"[103.53, 17]","[71.73, 59]","[386.63, 27]","[473.67, 27]",245.08,130,283.1,0.17
07:45:10,"[109.33, 12]","[64.87, 67]","[366.27, 22]","[379.48, 25]",237.8,126,256.94,0.25
07:45:11,"[131.74, 38]","[122.88, 49]","[346.47, 32]","[371.22, 23]",239.1,142,214.73,0.23
07:45:12,"[147.0, 16]","[136.0, 14]","[291.71, 21]","[331.58, 19]",219.36,70,144.71,-0.14
07:45:13,"[147.0, 16]","[144.75, 8]","[247.05, 21]","[268.18, 22]",197.02,67,100.05,-0.28
07:45:14,"[142.25, 16]","[136.29, 14]","[194.21, 24]","[212.35, 26]",168.23,80,51.96,-0.25
07:45:15,"[125.73, 30]","[114.29, 35]","[135.4, 30]","[140.94, 36]",130.57,131,9.67,-0.01
07:45:16,"[123.09, 22]","[117.73, 77]","[132.73, 22]","[135.91, 22]",127.91,143,9.64,0.38
07:45:17,"[124.09, 22]","[113.17, 72]","[137.0, 26]","[139.0, 34]",130.55,154,12.91,0.22
07:45:18,"[125.29, 28]","[106.69, 52]","[139.0, 33]","[140.0, 33]",132.14,146,13.71,0.1
07:45:19,"[126.0, 12]","[90.95, 41]","[139.77, 13]","[437.5, 28]",132.88,94,13.77,0.13
07:45:20,"[127.19, 52]","[119.83, 60]","[140.0, 13]","[241.94, 34]",133.6,159,12.81,0.41
07:45:21,"[129.96, 46]","[128.29, 34]","[193.0, 12]","[275.41, 34]",161.48,126,63.04,0.27
07:45:22,"[131.91, 22]","[130.0, 88]","[212.71, 34]","[392.12, 43]",172.31,187,80.8,0.18
07:45:23,"[132.33, 24]","[130.06, 66]","[134.0, 11]","[382.43, 23]",133.17,124,1.67,0.45
07:45:24,"[140.64, 55]","[130.61, 62]","[363.74, 23]","[495.79, 33]",252.19,173,223.1,0.35
07:45:25,"[147.6, 20]","[142.9, 41]","[269.0, 16]","[411.88, 24]",208.3,101,121.4,0.21
07:45:26,"[147.82, 67]","[146.62, 47]","[329.48, 27]","[366.06, 50]",238.65,191,181.66,0.19
07:45:27,"[147.38, 26]","[146.22, 36]","[355.5, 30]","[357.0, 18]",251.44,110,208.12,0.13
07:45:28,"[147.0, 28]","[146.0, 49]","[228.69, 29]","[394.15, 26]",187.84,132,81.69,0.17
07:45:29,"[147.0, 16]","[146.0, 28]","[162.0, 20]","[323.86, 7]",154.5,71,15.0,0.24
07:45:30,"[147.0, 9]","[146.0, 63]","[162.0, 45]","[464.78, 18]",154.5,135,15.0,0.07
07:45:31,"[147.0, 3]","[146.0, 21]","[162.0, 15]","[178.0, 6]",154.5,45,15.0,0.07
07:45:32,"[147.0, 24]","[146.0, 56]","[162.0, 40]","[178.0, 16]",154.5,136,15.0,0.18
07:45:33,"[146.51, 47]","[144.83, 81]","[161.85, 65]","[328.75, 32]",154.18,225,15.34,0.14
07:45:34,"[146.0, 24]","[142.0, 24]","[160.25, 20]","[449.0, 12]",153.12,80,14.25,0.2
07:45:35,"[146.0, 36]","[142.0, 36]","[157.59, 27]","[218.4, 25]",151.8,124,11.59,0.16
07:45:36,"[146.0, 67]","[142.0, 72]","[153.69, 51]","[155.26, 57]",149.84,247,7.69,0.13
07:45:37,"[146.0, 14]","[142.0, 84]","[150.29, 56]","[154.0, 70]",148.14,224,4.29,-0.12
07:45:38,"[145.25, 16]","[142.26, 62]","[148.66, 53]","[156.64, 42]",146.96,173,3.41,-0.1
07:45:39,"[144.0, 24]","[142.0, 72]","[146.08, 48]","[234.81, 31]",145.04,175,2.08,0.1
07:45:40,"[142.37, 54]","[141.78, 46]","[226.08, 48]","[329.8, 40]",184.23,188,83.71,0.06
07:45:41,"[142.0, 28]","[141.0, 7]","[264.08, 26]","[265.25, 16]",203.04,77,122.08,-0.09
07:45:42,"[147.0, 166]","[142.0, 56]","[213.08, 48]","[259.28, 36]",180.04,306,66.08,0.45
07:45:43,"[147.0, 94]","[142.0, 56]","[168.24, 38]","[170.62, 45]",157.62,233,21.24,0.29
07:45:44,"[147.0, 90]","[144.97, 31]","[154.88, 43]","[155.98, 48]",150.94,212,7.88,0.14
07:45:45,"[147.0, 72]","[146.0, 72]","[151.24, 42]","[152.14, 44]",149.12,230,4.24,0.25
07:45:46,"[147.0, 24]","[146.0, 60]","[148.0, 30]","[150.0, 30]",147.5,144,1.0,0.17
07:45:47,"[146.18, 66]","[144.0, 72]","[148.44, 41]","[149.88, 57]",147.31,236,2.26,0.17
07:45:48,"[146.0, 83]","[142.1, 49]","[147.0, 60]","[259.11, 36]",146.5,228,1.0,0.16
07:45:49,"[142.0, 37]","[141.0, 60]","[178.89, 38]","[413.77, 26]",160.45,161,36.89,0.2
07:45:50,"[142.0, 12]","[141.0, 72]","[542.21, 33]","[651.65, 26]",342.11,143,400.21,0.17
07:45:51,"[141.78, 9]","[140.82, 51]","[436.9, 20]","[518.0, 12]",289.34,92,295.12,0.3
07:45:52,"[143.06, 32]","[140.33, 67]","[360.6, 20]","[407.93, 30]",251.83,149,217.54,0.33
07:45:53,"[144.0, 20]","[141.0, 20]","[326.0, 10]","[328.0, 10]",235.0,60,182.0,0.33
07:45:54,"[144.0, 32]","[141.75, 32]","[295.95, 20]","[327.5, 16]",219.97,100,151.95,0.28
07:45:55,"[144.0, 20]","[142.0, 30]","[227.6, 10]","[228.82, 22]",185.8,82,83.6,0.22
07:45:56,"[142.88, 16]","[141.09, 33]","[226.64, 11]","[228.0, 11]",184.76,71,83.76,0.38
07:45:57,"[142.0, 13]","[141.0, 26]","[215.15, 13]","[219.62, 13]",178.58,65,73.15,0.2
07:45:58,"[146.14, 29]","[141.44, 18]","[178.69, 13]","[180.23, 13]",162.42,73,32.55,0.29
07:45:59,"[145.03, 32]","[143.12, 24]","[174.6, 10]","[177.8, 10]",159.82,76,29.57,0.47
07:46:00,"[141.0, 110]","[140.0, 135]","[172.33, 15]","[173.6, 15]",156.67,275,31.33,0.78
07:46:01,"[141.0, 72]","[140.0, 108]","[167.58, 12]","[169.0, 12]",154.29,204,26.58,0.76
07:46:02,"[141.0, 66]","[140.0, 117]","[159.52, 31]","[166.15, 13]",150.26,227,18.52,0.61
07:46:03,"[140.14, 57]","[131.94, 62]","[157.35, 20]","[158.51, 35]",148.75,174,17.21,0.37
07:46:04,"[141.0, 72]","[140.0, 84]","[153.53, 32]","[155.94, 17]",147.27,205,12.53,0.52
07:46:05,"[141.0, 38]","[140.0, 91]","[149.76, 17]","[151.07, 29]",145.38,175,8.76,0.47
07:46:06,"[141.0, 30]","[140.0, 105]","[145.78, 23]","[146.22, 37]",143.39,195,4.78,0.38
07:46:07,"[140.19, 52]","[139.12, 64]","[218.94, 36]","[303.8, 30]",179.57,182,78.75,0.27
07:46:08,"[140.0, 91]","[109.54, 13]","[300.12, 56]","[308.41, 56]",220.06,216,160.12,-0.04
07:46:09,"[140.98, 55]","[138.21, 67]","[223.93, 61]","[226.19, 31]",182.46,214,82.95,0.14
07:46:10,"[142.0, 21]","[140.0, 49]","[177.0, 35]","[254.33, 9]",159.5,114,35.0,0.23
07:46:11,"[142.0, 24]","[140.0, 52]","[176.0, 40]","[177.0, 24]",159.0,140,34.0,0.09
07:46:12,"[140.08, 235]","[126.01, 84]","[173.63, 67]","[174.63, 60]",156.85,446,33.55,0.43
07:46:13,"[144.36, 42]","[142.1, 119]","[169.81, 37]","[170.8, 41]",157.08,239,25.45,0.35
07:46:14,"[147.0, 30]","[144.0, 120]","[159.94, 34]","[167.8, 40]",153.47,224,12.94,0.34
07:46:15,"[147.08, 36]","[144.07, 135]","[165.33, 48]","[166.33, 48]",156.21,267,18.25,0.28
07:46:16,"[148.0, 27]","[147.0, 27]","[162.71, 42]","[163.79, 38]",155.36,134,14.71,-0.19
07:46:17,"[148.0, 33]","[147.0, 33]","[159.91, 44]","[161.7, 53]",153.95,163,11.91,-0.19
07:46:18,"[148.0, 29]","[147.0, 39]","[157.3, 53]","[158.23, 60]",152.65,181,9.3,-0.25
07:46:19,"[148.0, 13]","[147.0, 39]","[153.67, 57]","[154.86, 58]",150.83,167,5.67,-0.38
07:46:20,"[146.17, 35]","[144.2, 133]","[150.7, 50]","[152.0, 40]",148.44,258,4.53,0.3
07:46:21,"[144.58, 96]","[143.92, 148]","[147.89, 46]","[149.38, 52]",146.24,342,3.31,0.43
07:46:22,"[144.1, 97]","[143.4, 30]","[147.0, 32]","[149.0, 40]",145.55,199,2.9,0.28
07:46:23,"[144.2, 75]","[143.63, 41]","[146.85, 33]","[149.24, 29]",145.52,178,2.65,0.3
07:46:24,"[144.0, 108]","[141.0, 9]","[145.78, 36]","[200.0, 27]",144.89,180,1.78,0.3
07:46:25,"[144.0, 77]","[141.0, 11]","[145.0, 44]","[212.36, 33]",144.5,165,1.0,0.07
07:46:26,"[144.0, 55]","[141.0, 11]","[145.0, 44]","[240.09, 33]",144.5,143,1.0,-0.08
07:46:27,"[144.39, 23]","[142.67, 9]","[165.25, 16]","[251.2, 15]",154.82,63,20.86,0.02
07:46:28,"[146.35, 23]","[143.9, 31]","[203.29, 21]","[503.14, 21]",174.82,96,56.94,0.12
07:46:29,"[144.0, 45]","[141.0, 9]","[226.68, 28]","[230.22, 27]",185.34,109,82.68,-0.01
07:46:30,"[144.0, 40]","[141.0, 8]","[218.88, 24]","[221.0, 32]",181.44,104,74.88,-0.08
07:46:31,"[144.0, 64]","[141.0, 13]","[217.8, 41]","[220.64, 50]",180.9,168,73.8,-0.08
07:46:32,"[141.17, 216]","[139.13, 184]","[216.62, 47]","[217.89, 37]",178.89,484,75.45,0.65
07:46:33,"[146.23, 43]","[142.1, 100]","[208.14, 42]","[216.55, 33]",177.19,218,61.91,0.31
07:46:34,"[147.0, 16]","[146.0, 56]","[204.9, 39]","[214.33, 33]",175.95,144,57.9,0.0
07:46:35,"[146.06, 70]","[144.78, 36]","[203.0, 39]","[204.0, 52]",174.53,197,56.94,0.08
07:46:36,"[146.0, 89]","[144.0, 30]","[199.5, 52]","[201.15, 53]",172.75,224,53.5,0.06
07:46:37,"[146.0, 60]","[144.0, 24]","[195.3, 27]","[196.75, 40]",170.65,151,49.3,0.11
07:46:38,"[148.04, 57]","[143.6, 30]","[189.63, 27]","[190.69, 35]",168.83,149,41.59,0.17
07:46:39,"[147.18, 44]","[141.91, 46]","[185.12, 48]","[187.04, 23]",166.15,161,37.94,0.12
07:46:40,"[144.0, 22]","[141.0, 44]","[181.21, 33]","[184.38, 26]",162.61,125,37.21,0.06
07:46:41,"[141.15, 40]","[140.08, 52]","[180.23, 26]","[181.41, 59]",160.69,177,39.08,0.04
07:46:42,"[144.36, 36]","[142.89, 27]","[175.31, 35]","[177.27, 41]",159.84,139,30.95,-0.09
07:46:43,"[146.0, 62]","[143.14, 84]","[169.38, 52]","[174.47, 51]",157.69,249,23.38,0.17
07:46:44,"[146.0, 31]","[144.0, 156]","[166.76, 25]","[168.86, 42]",156.38,254,20.76,0.47
07:46:45,"[146.0, 12]","[144.0, 144]","[162.38, 24]","[166.0, 24]",154.19,204,16.38,0.53
07:46:46,"[146.0, 81]","[144.0, 204]","[160.31, 36]","[160.74, 39]",153.15,360,14.31,0.58
07:46:47,"[144.27, 111]","[143.35, 46]","[157.71, 14]","[158.98, 41]",150.99,212,13.44,0.48
07:46:48,"[144.0, 149]","[141.06, 97]","[156.61, 46]","[157.23, 31]",150.3,323,12.61,0.52
07:46:49,"[145.89, 89]","[143.93, 160]","[153.43, 61]","[154.62, 78]",149.66,388,7.54,0.28
07:46:50,"[145.2, 55]","[143.28, 188]","[148.9, 52]","[149.52, 46]",147.05,341,3.7,0.43
07:46:51,"[144.05, 116]","[141.32, 148]","[146.2, 60]","[148.0, 45]",145.13,369,2.15,0.43
07:46:52,"[144.0, 58]","[141.0, 60]","[145.3, 40]","[148.0, 30]",144.65,188,1.3,0.26
07:46:53,"[144.0, 29]","[141.0, 60]","[145.0, 20]","[237.49, 43]",144.5,152,1.0,0.17
07:46:54,"[141.17, 60]","[140.33, 54]","[277.18, 51]","[354.54, 48]",209.17,213,136.01,0.07
07:46:55,"[141.05, 38]","[140.33, 36]","[392.35, 17]","[485.09, 35]",266.7,126,251.3,0.17
07:46:56,"[141.0, 53]","[140.0, 36]","[200.44, 36]","[324.48, 33]",170.72,158,59.44,0.13
07:46:57,"[140.11, 45]","[139.04, 94]","[197.55, 44]","[261.12, 32]",168.83,215,57.43,0.29
07:46:58,"[140.29, 28]","[139.42, 77]","[196.48, 31]","[239.62, 42]",168.38,178,56.2,0.18
07:46:59,"[141.17, 12]","[140.04, 26]","[156.0, 44]","[157.0, 11]",148.58,93,14.83,-0.18
07:47:00,"[142.0, 81]","[141.0, 9]","[156.0, 36]","[157.0, 9]",149.0,135,14.0,0.33
07:47:01,"[143.57, 51]","[142.97, 70]","[156.0, 48]","[210.78, 18]",149.78,187,12.43,0.29
07:47:02,"[146.0, 28]","[144.0, 70]","[153.0, 47]","[193.09, 46]",149.5,191,7.0,0.03
07:47:03,"[146.0, 22]","[144.09, 44]","[149.1, 29]","[150.18, 34]",147.55,129,3.1,0.02
07:47:04,"[144.8, 45]","[143.26, 31]","[147.67, 36]","[148.95, 55]",146.23,167,2.87,-0.09
07:47:05,"[144.0, 56]","[142.0, 44]","[147.29, 28]","[193.03, 38]",145.64,166,3.29,0.2
07:47:06,"[145.24, 45]","[142.27, 64]","[149.0, 72]","[319.0, 18]",147.12,199,3.76,0.1
07:47:07,"[146.91, 56]","[142.44, 16]","[148.5, 48]","[372.92, 12]",147.71,132,1.59,0.09
07:47:08,"[146.0, 8]","[141.0, 40]","[148.0, 32]","[382.28, 29]",147.0,109,2.0,-0.12
07:47:09,"[141.51, 37]","[140.21, 121]","[147.91, 44]","[196.45, 44]",144.71,246,6.4,0.28
07:47:10,"[142.77, 31]","[141.24, 42]","[146.5, 64]","[171.75, 64]",144.64,201,3.73,-0.27
07:47:11,"[143.97, 62]","[142.96, 25]","[147.0, 52]","[296.82, 39]",145.48,178,3.03,-0.02
07:47:12,"[144.19, 63]","[142.97, 29]","[158.38, 64]","[196.6, 60]",151.28,216,14.18,-0.15
07:47:13,"[145.67, 12]","[144.33, 12]","[185.0, 10]","[298.43, 21]",165.33,55,39.33,-0.13
07:47:14,"[145.89, 27]","[144.84, 19]","[272.06, 17]","[388.0, 43]",208.97,106,126.17,-0.13
07:47:15,"[140.55, 66]","[139.94, 192]","[368.42, 48]","[384.0, 48]",254.48,354,227.87,0.46
07:47:16,"[140.0, 133]","[139.0, 28]","[306.18, 22]","[367.43, 28]",223.09,211,166.18,0.53
07:47:17,"[140.0, 152]","[139.0, 32]","[191.35, 17]","[271.32, 19]",165.68,220,51.35,0.67
07:47:18,"[140.0, 239]","[139.0, 52]","[242.26, 19]","[253.24, 49]",191.13,359,102.26,0.62
07:47:19,"[144.0, 32]","[140.0, 136]","[239.29, 17]","[242.61, 23]",191.65,208,95.29,0.62
07:47:20,"[144.0, 34]","[140.0, 221]","[235.45, 49]","[236.4, 40]",189.72,344,91.45,0.48
07:47:21,"[145.68, 25]","[140.04, 198]","[229.77, 30]","[231.74, 39]",187.72,292,84.09,0.53
07:47:22,"[144.0, 11]","[140.0, 198]","[226.14, 43]","[227.26, 38]",185.07,290,82.14,0.44
07:47:23,"[140.12, 193]","[139.41, 88]","[217.73, 51]","[221.38, 56]",178.92,388,77.6,0.45
07:47:24,"[140.0, 117]","[139.0, 36]","[217.03, 36]","[218.16, 32]",178.51,221,77.03,0.38
07:47:25,"[141.95, 74]","[139.95, 164]","[210.06, 63]","[212.22, 63]",176.0,364,68.12,0.31
07:47:26,"[143.0, 40]","[140.0, 130]","[205.15, 39]","[206.35, 37]",174.08,246,62.15,0.38
07:47:27,"[142.25, 48]","[140.4, 89]","[202.36, 44]","[203.4, 35]",172.31,216,60.11,0.27
07:47:28,"[140.0, 92]","[139.0, 44]","[198.52, 48]","[199.87, 46]",169.26,230,58.52,0.18
07:47:29,"[141.71, 105]","[138.64, 100]","[193.81, 59]","[195.24, 62]",167.76,326,52.1,0.26
07:47:30,"[140.57, 158]","[110.34, 88]","[186.49, 67]","[187.73, 44]",163.53,357,45.92,0.38
07:47:31,"[140.06, 105]","[136.1, 79]","[183.08, 51]","[184.46, 61]",161.57,296,43.02,0.24
07:47:32,"[141.69, 16]","[140.0, 176]","[177.24, 79]","[178.24, 66]",159.46,337,35.55,0.14
07:47:33,"[140.44, 41]","[139.96, 103]","[176.0, 65]","[177.0, 65]",158.22,274,35.56,0.05
07:47:34,"[141.94, 31]","[139.92, 38]","[171.03, 36]","[173.67, 12]",156.48,117,29.09,0.18
07:47:35,"[146.0, 24]","[140.03, 78]","[168.39, 46]","[169.73, 41]",157.2,189,22.39,0.08
07:47:36,"[145.38, 26]","[140.45, 49]","[165.44, 63]","[166.78, 46]",155.41,184,20.06,-0.18
07:47:37,"[142.91, 53]","[140.24, 68]","[164.89, 56]","[165.57, 35]",153.9,212,21.99,0.14
07:47:38,"[143.0, 30]","[142.0, 15]","[162.78, 36]","[164.04, 27]",152.89,108,19.78,-0.17
07:47:39,"[141.52, 174]","[139.46, 67]","[158.13, 67]","[159.37, 68]",149.83,376,16.62,0.28
07:47:40,"[144.58, 127]","[142.21, 117]","[153.7, 69]","[155.09, 86]",149.14,399,9.11,0.22
07:47:41,"[148.0, 121]","[146.3, 92]","[149.43, 70]","[150.35, 85]",148.71,368,1.43,0.16
07:47:42,"[148.0, 21]","[146.0, 49]","[150.0, 35]","[151.0, 35]",149.0,140,2.0,0.0
07:47:43,"[146.19, 93]","[141.35, 93]","[148.93, 71]","[150.87, 75]",147.56,332,2.74,0.12
07:47:44,"[146.0, 42]","[140.03, 31]","[148.92, 26]","[163.0, 30]",147.46,129,2.92,0.13
07:47:45,"[146.0, 91]","[141.0, 11]","[150.91, 55]","[198.55, 55]",148.45,212,4.91,-0.04
07:47:46,"[147.0, 96]","[146.0, 108]","[149.58, 60]","[150.58, 60]",148.29,324,2.58,0.26
07:47:47,"[147.0, 62]","[146.0, 45]","[148.22, 45]","[155.22, 45]",147.61,197,1.22,0.09
07:47:48,"[146.27, 55]","[145.44, 57]","[241.24, 59]","[417.47, 49]",193.76,220,94.96,0.02
07:47:49,"[146.0, 12]","[145.0, 32]","[247.89, 18]","[324.18, 22]",196.94,84,101.89,0.05
07:47:50,"[145.83, 23]","[144.82, 34]","[213.64, 22]","[281.29, 14]",179.73,93,67.81,0.23
07:47:51,"[146.0, 25]","[145.0, 28]","[211.54, 26]","[417.61, 23]",178.77,102,65.54,0.04
07:47:52,"[146.0, 10]","[145.0, 40]","[193.0, 20]","[230.0, 50]",169.5,120,47.0,-0.17
07:47:53,"[146.0, 10]","[145.0, 40]","[172.23, 26]","[338.05, 44]",159.12,120,26.23,-0.17
07:47:54,"[144.08, 24]","[143.83, 60]","[147.68, 19]","[150.0, 70]",145.88,173,3.6,-0.03
07:47:55,"[142.0, 38]","[141.0, 81]","[144.44, 9]","[150.0, 45]",143.22,173,2.44,0.38
07:47:56,"[141.37, 57]","[140.5, 108]","[219.67, 36]","[260.14, 28]",180.52,229,78.3,0.44
07:47:57,"[141.0, 33]","[140.0, 113]","[234.33, 15]","[236.73, 51]",187.67,212,93.33,0.38
07:47:58,"[141.0, 27]","[140.0, 99]","[212.22, 9]","[232.94, 33]",176.61,168,71.22,0.5
07:47:59,"[141.0, 18]","[140.0, 66]","[152.78, 18]","[155.5, 18]",146.89,120,11.78,0.4
07:48:00,"[140.1, 60]","[139.38, 58]","[150.11, 9]","[152.26, 27]",145.11,154,10.01,0.53
07:48:01,"[140.01, 99]","[139.1, 80]","[147.09, 34]","[148.28, 25]",143.55,238,7.08,0.5
07:48:02,"[140.23, 71]","[139.21, 68]","[145.17, 29]","[148.0, 18]",142.7,186,4.95,0.49
07:48:03,"[144.0, 60]","[140.0, 105]","[148.07, 60]","[190.05, 40]",146.03,265,4.07,0.25
07:48:04,"[144.0, 8]","[140.0, 56]","[191.0, 32]","[279.5, 38]",167.5,134,47.0,-0.04
07:48:05,"[142.0, 14]","[139.78, 55]","[173.0, 40]","[191.0, 32]",157.5,141,31.0,-0.02
07:48:06,"[140.0, 77]","[138.0, 66]","[251.91, 44]","[294.55, 55]",195.95,242,111.91,0.18
07:48:07,"[144.42, 19]","[139.48, 23]","[340.26, 31]","[474.29, 34]",242.34,107,195.84,-0.21
07:48:08,"[138.44, 81]","[129.18, 11]","[262.76, 41]","[421.0, 38]",200.6,171,124.31,0.08
07:48:09,"[138.0, 56]","[71.65, 17]","[267.0, 45]","[508.46, 28]",202.5,146,129.0,0.0
07:48:10,"[138.0, 16]","[132.51, 55]","[220.47, 17]","[246.11, 45]",179.24,133,82.47,0.07
07:48:11,"[134.29, 28]","[132.09, 23]","[188.89, 35]","[304.34, 41]",161.59,127,54.6,-0.2
07:48:12,"[127.43, 51]","[87.36, 44]","[221.0, 22]","[360.71, 38]",174.22,155,93.57,0.23
07:48:13,"[147.1, 62]","[145.94, 79]","[220.67, 18]","[312.0, 36]",183.88,195,73.57,0.45
07:48:14,"[148.0, 72]","[147.0, 84]","[216.69, 29]","[287.79, 38]",182.34,223,68.69,0.4
07:48:15,"[148.13, 62]","[147.16, 75]","[219.0, 22]","[289.6, 20]",183.56,179,70.87,0.53
07:48:16,"[148.0, 60]","[147.0, 70]","[217.47, 30]","[230.67, 15]",182.73,175,69.47,0.49
07:48:17,"[148.0, 71]","[147.0, 112]","[179.84, 50]","[215.5, 56]",163.92,289,31.84,0.27
07:48:18,"[148.0, 12]","[147.0, 84]","[154.82, 34]","[166.18, 44]",151.41,174,6.82,0.1
07:48:19,"[148.0, 16]","[147.0, 112]","[150.62, 73]","[151.89, 45]",149.31,246,2.62,0.04
07:48:20,"[147.01, 71]","[146.15, 47]","[148.58, 43]","[149.67, 42]",147.8,203,1.57,0.16
07:48:21,"[146.64, 45]","[144.83, 48]","[148.0, 27]","[149.73, 33]",147.32,153,1.36,0.22
07:48:22,"[146.0, 11]","[144.0, 35]","[147.27, 11]","[204.91, 11]",146.64,68,1.27,0.35
07:48:23,"[146.0, 61]","[144.0, 105]","[212.57, 35]","[290.62, 48]",179.29,249,66.57,0.33
07:48:24,"[144.65, 31]","[142.11, 38]","[359.27, 22]","[460.17, 23]",251.96,114,214.63,0.21
07:48:25,"[144.0, 32]","[141.08, 78]","[456.65, 49]","[491.2, 40]",300.33,199,312.65,0.11
07:48:26,"[144.0, 50]","[142.0, 30]","[268.45, 33]","[410.82, 44]",206.23,157,124.45,0.02
07:48:27,"[144.0, 108]","[142.0, 27]","[148.0, 36]","[417.61, 36]",146.0,207,4.0,0.3
07:48:28,"[144.12, 136]","[142.65, 98]","[468.64, 55]","[538.34, 58]",306.38,347,324.52,0.35
07:48:29,"[145.67, 48]","[144.0, 144]","[240.5, 60]","[370.79, 56]",193.08,308,94.83,0.25
07:48:30,"[146.0, 56]","[144.0, 168]","[295.98, 58]","[351.56, 59]",220.99,341,149.98,0.31
07:48:31,"[144.0, 109]","[141.0, 128]","[191.15, 65]","[417.14, 42]",167.58,344,47.15,0.38
07:48:32,"[141.15, 40]","[140.23, 62]","[345.5, 16]","[439.0, 32]",243.32,150,204.35,0.36
07:48:33,"[142.6, 30]","[141.0, 60]","[279.86, 28]","[451.0, 34]",211.23,152,137.26,0.18
07:48:34,"[143.42, 36]","[141.0, 72]","[245.56, 36]","[419.22, 36]",194.49,180,102.14,0.2
07:48:35,"[145.0, 18]","[141.0, 36]","[283.67, 15]","[520.36, 22]",214.33,91,138.67,0.19
07:48:36,"[145.75, 24]","[141.0, 48]","[326.13, 30]","[382.4, 20]",235.94,122,180.38,0.18
07:48:37,"[146.12, 24]","[142.08, 26]","[219.29, 14]","[240.33, 24]",182.71,88,73.16,0.14
07:48:38,"[147.0, 30]","[144.8, 30]","[217.83, 24]","[218.83, 24]",182.42,108,70.83,0.11
07:48:39,"[144.14, 28]","[141.11, 81]","[207.22, 36]","[211.87, 46]",175.68,191,63.08,0.14
07:48:40,"[140.36, 45]","[139.43, 42]","[170.3, 20]","[171.78, 18]",155.33,125,29.94,0.39
07:48:41,"[140.16, 25]","[139.65, 51]","[168.73, 22]","[169.4, 20]",154.44,118,28.57,0.29
07:48:42,"[144.76, 51]","[141.3, 116]","[164.09, 44]","[165.19, 62]",154.43,273,19.33,0.22
07:48:43,"[146.0, 60]","[143.45, 49]","[159.78, 36]","[161.6, 30]",152.89,175,13.78,0.25
07:48:44,"[147.0, 48]","[144.0, 48]","[158.18, 44]","[159.43, 28]",152.59,168,11.18,0.14
07:48:45,"[147.0, 36]","[144.0, 36]","[153.69, 26]","[155.08, 26]",150.35,124,6.69,0.16
07:48:46,"[146.6, 55]","[143.85, 55]","[149.57, 37]","[150.29, 42]",148.08,189,2.97,0.16
