Time,Bid1,Bid2,Ask1,Ask2,Mid-Price,Total_volume,Bid_ask_spread,Order_imbalance
07:30:00,"[0, 0]","[0, 0]","[189.0, 1]","[0, 0]",94.5,1,189.0,-1.0
07:30:01,"[147.0, 2]","[0, 0]","[663.14, 7]","[664.0, 2]",405.07,11,516.14,-0.64
07:30:02,"[147.0, 4]","[143.0, 2]","[663.0, 6]","[693.0, 2]",405.0,14,516.0,-0.14
07:30:03,"[147.0, 12]","[79.0, 12]","[470.08, 13]","[536.08, 13]",308.54,50,323.08,-0.04
07:30:04,"[164.14, 14]","[120.5, 8]","[200.25, 16]","[202.0, 4]",182.2,42,36.11,0.05
07:30:05,"[171.57, 14]","[166.43, 14]","[199.86, 14]","[200.86, 7]",185.71,49,28.29,0.14
07:30:06,"[173.0, 14]","[171.0, 35]","[197.6, 20]","[198.64, 22]",185.3,91,24.6,0.08
07:30:07,"[173.0, 16]","[171.0, 45]","[194.33, 36]","[196.0, 18]",183.67,115,21.33,0.06
07:30:08,"[171.15, 27]","[163.0, 20]","[192.05, 19]","[193.08, 24]",181.6,90,20.9,0.04
07:30:09,"[165.39, 51]","[122.81, 37]","[188.37, 38]","[190.18, 34]",176.88,160,22.98,0.1
07:30:10,"[160.0, 20]","[130.0, 16]","[186.89, 36]","[187.86, 28]",173.44,100,26.89,-0.28
07:30:11,"[163.43, 28]","[148.6, 20]","[183.29, 34]","[184.56, 36]",173.36,118,19.87,-0.19
07:30:12,"[168.0, 44]","[161.27, 22]","[179.26, 53]","[180.16, 43]",173.63,162,11.26,-0.19
07:30:13,"[168.0, 44]","[162.0, 22]","[175.18, 44]","[176.0, 40]",171.59,150,7.18,-0.12
07:30:14,"[168.0, 38]","[162.15, 26]","[169.97, 38]","[170.88, 43]",168.99,145,1.97,-0.12
07:30:15,"[164.0, 31]","[162.57, 28]","[167.88, 32]","[169.33, 36]",165.94,127,3.88,-0.07
07:30:16,"[163.76, 29]","[162.7, 46]","[165.18, 44]","[166.48, 42]",164.47,161,1.42,-0.07
07:30:17,"[163.25, 16]","[162.04, 25]","[164.31, 39]","[172.68, 75]",163.78,155,1.06,-0.47
07:30:18,"[162.07, 15]","[152.67, 9]","[163.25, 24]","[172.67, 60]",162.66,108,1.18,-0.56
07:30:19,"[162.0, 18]","[150.0, 9]","[163.0, 27]","[168.0, 36]",162.5,90,1.0,-0.4
07:30:20,"[161.92, 26]","[157.33, 15]","[166.29, 28]","[169.0, 36]",164.1,105,4.36,-0.22
07:30:21,"[162.0, 30]","[150.5, 10]","[167.0, 10]","[168.0, 40]",164.5,90,5.0,-0.11
07:30:22,"[162.11, 27]","[155.63, 51]","[167.0, 9]","[168.0, 36]",164.56,123,4.89,0.27
07:30:23,"[158.8, 75]","[156.3, 37]","[165.0, 13]","[167.45, 44]",161.9,169,6.2,0.33
07:30:24,"[157.81, 80]","[151.5, 14]","[162.14, 14]","[165.91, 55]",159.98,163,4.33,0.15
07:30:25,"[152.62, 13]","[146.67, 6]","[161.0, 5]","[165.0, 55]",156.81,79,8.38,-0.52
07:30:26,"[153.0, 50]","[148.0, 10]","[160.0, 46]","[164.49, 59]",156.5,165,7.0,-0.27
07:30:27,"[153.0, 60]","[148.0, 12]","[159.31, 29]","[160.21, 86]",156.16,187,6.31,-0.23
07:30:28,"[153.0, 55]","[148.0, 11]","[159.5, 36]","[160.22, 88]",156.25,190,6.5,-0.31
07:30:29,"[153.0, 60]","[148.0, 12]","[160.0, 108]","[161.0, 36]",156.5,216,7.0,-0.33
07:30:30,"[153.32, 22]","[152.61, 38]","[160.0, 90]","[161.0, 30]",156.66,180,6.68,-0.33
07:30:31,"[163.17, 58]","[154.1, 21]","[206.52, 62]","[337.3, 27]",184.84,168,43.34,-0.06
07:30:32,"[173.0, 33]","[170.22, 46]","[287.43, 42]","[404.0, 14]",230.21,135,114.43,0.17
07:30:33,"[171.84, 43]","[161.85, 78]","[269.36, 33]","[309.74, 38]",220.6,192,97.53,0.26
07:30:34,"[171.0, 33]","[155.61, 31]","[280.53, 17]","[578.11, 36]",225.76,117,109.53,0.09
07:30:35,"[171.0, 24]","[164.38, 8]","[286.25, 16]","[658.36, 22]",228.62,70,115.25,-0.09
07:30:36,"[171.0, 36]","[169.0, 12]","[235.17, 24]","[384.67, 24]",203.08,96,64.17,0.0
07:30:37,"[171.0, 30]","[169.0, 20]","[229.8, 20]","[246.5, 20]",200.4,90,58.8,0.11
07:30:38,"[170.5, 32]","[168.0, 20]","[212.92, 24]","[215.0, 24]",191.71,100,42.42,0.04
07:30:39,"[166.23, 26]","[163.27, 11]","[205.45, 22]","[214.45, 22]",185.84,81,39.22,-0.09
07:30:40,"[168.0, 120]","[163.0, 30]","[174.3, 20]","[186.8, 20]",171.15,190,6.3,0.58
07:30:41,"[166.89, 54]","[162.82, 22]","[172.25, 32]","[174.09, 23]",169.57,131,5.36,0.16
07:30:42,"[163.0, 33]","[162.0, 11]","[168.93, 43]","[169.82, 34]",165.97,121,5.93,-0.27
07:30:43,"[163.0, 48]","[162.0, 16]","[168.93, 70]","[267.85, 47]",165.96,181,5.93,-0.29
07:30:44,"[160.04, 255]","[125.0, 64]","[168.41, 37]","[180.73, 66]",164.22,422,8.37,0.51
07:30:45,"[160.0, 252]","[103.72, 58]","[165.68, 62]","[176.87, 45]",162.84,417,5.68,0.49
07:30:46,"[160.0, 184]","[96.74, 46]","[163.22, 27]","[194.55, 29]",161.61,286,3.22,0.61
07:30:47,"[160.0, 214]","[108.91, 78]","[161.5, 48]","[162.82, 34]",160.75,374,1.5,0.56
07:30:48,"[160.18, 132]","[128.67, 60]","[227.39, 31]","[292.0, 24]",193.78,247,67.21,0.55
07:30:49,"[168.0, 9]","[160.0, 24]","[330.0, 9]","[417.0, 6]",249.0,48,162.0,0.38
07:30:50,"[168.0, 30]","[160.09, 70]","[304.29, 42]","[362.0, 26]",236.14,168,136.29,0.19
07:30:51,"[170.86, 21]","[165.0, 21]","[291.9, 21]","[381.03, 29]",231.38,92,121.05,-0.09
07:30:52,"[173.0, 33]","[169.72, 47]","[263.0, 22]","[391.56, 36]",218.0,138,90.0,0.16
07:30:53,"[172.0, 12]","[169.18, 66]","[302.88, 16]","[376.42, 19]",237.44,113,130.88,0.38
07:30:54,"[171.0, 10]","[169.0, 100]","[246.98, 45]","[308.34, 29]",208.99,184,75.98,0.2
07:30:55,"[171.0, 8]","[169.0, 80]","[245.03, 35]","[320.07, 28]",208.01,151,74.03,0.17
07:30:56,"[169.0, 77]","[168.0, 33]","[304.0, 33]","[418.79, 28]",236.5,171,135.0,0.29
07:30:57,"[169.0, 37]","[168.0, 24]","[303.33, 18]","[358.83, 24]",236.17,103,134.33,0.18
07:30:58,"[169.0, 42]","[168.0, 21]","[302.29, 14]","[432.0, 35]",235.64,112,133.29,0.12
07:30:59,"[169.0, 41]","[168.0, 24]","[299.86, 28]","[318.5, 16]",234.43,109,130.86,0.19
07:31:00,"[169.0, 30]","[168.0, 24]","[298.0, 16]","[315.1, 39]",233.5,109,129.0,-0.01
07:31:01,"[169.0, 24]","[168.0, 38]","[200.0, 16]","[329.88, 16]",184.5,94,31.0,0.32
07:31:02,"[168.06, 52]","[164.46, 35]","[184.62, 26]","[185.45, 22]",176.34,135,16.56,0.29
07:31:03,"[167.0, 8]","[163.08, 26]","[183.0, 14]","[185.0, 28]",175.0,76,16.0,-0.11
07:31:04,"[164.0, 14]","[163.0, 28]","[167.43, 14]","[182.75, 16]",165.71,72,3.43,0.17
07:31:05,"[163.23, 26]","[162.44, 27]","[165.0, 8]","[184.31, 26]",164.12,87,1.77,0.22
07:31:06,"[163.0, 16]","[162.0, 21]","[164.6, 10]","[165.95, 19]",163.8,66,1.6,0.12
07:31:07,"[163.0, 14]","[162.0, 21]","[164.0, 28]","[165.0, 7]",163.5,70,1.0,0.0
07:31:08,"[162.4, 20]","[161.4, 30]","[163.8, 40]","[165.0, 10]",163.1,100,1.4,0.0
07:31:09,"[161.29, 14]","[160.13, 46]","[163.0, 28]","[165.0, 7]",162.14,95,1.71,0.26
07:31:10,"[161.16, 19]","[160.12, 52]","[244.07, 29]","[440.73, 30]",202.61,130,82.91,0.09
07:31:11,"[163.62, 8]","[161.0, 16]","[309.0, 32]","[628.0, 16]",236.31,72,145.38,-0.33
07:31:12,"[165.44, 9]","[160.83, 18]","[311.18, 34]","[361.2, 20]",238.31,81,145.73,-0.33
07:31:13,"[167.17, 12]","[163.0, 12]","[485.47, 34]","[568.11, 38]",326.32,96,318.3,-0.5
07:31:14,"[168.5, 4]","[163.0, 4]","[479.0, 16]","[606.0, 8]",323.75,32,310.5,-0.5
07:31:15,"[169.0, 8]","[163.0, 8]","[449.0, 24]","[510.75, 24]",309.0,64,280.0,-0.5
07:31:16,"[169.0, 8]","[163.0, 8]","[318.0, 28]","[487.3, 20]",243.5,64,149.0,-0.5
07:31:17,"[166.33, 49]","[160.75, 32]","[262.15, 40]","[565.27, 22]",214.24,143,95.82,0.13
07:31:18,"[168.0, 49]","[163.0, 21]","[253.57, 14]","[264.86, 28]",210.79,112,85.57,0.25
07:31:19,"[169.0, 48]","[168.0, 84]","[252.17, 24]","[262.71, 28]",210.58,184,83.17,0.43
07:31:20,"[168.18, 66]","[166.0, 51]","[246.14, 28]","[251.13, 30]",207.16,175,77.96,0.34
07:31:21,"[165.91, 55]","[162.05, 40]","[246.1, 42]","[248.14, 28]",206.0,165,80.19,0.15
07:31:22,"[163.0, 40]","[162.0, 20]","[243.5, 24]","[244.39, 36]",203.25,120,80.5,0.0
07:31:23,"[163.0, 40]","[162.0, 20]","[241.1, 20]","[243.0, 40]",202.05,120,78.1,0.0
07:31:24,"[163.02, 53]","[162.13, 30]","[219.17, 46]","[221.43, 42]",191.1,171,56.16,-0.03
07:31:25,"[162.46, 35]","[161.47, 38]","[164.72, 39]","[169.75, 24]",163.59,136,2.26,0.07
07:31:26,"[161.0, 10]","[160.0, 60]","[162.83, 12]","[164.11, 18]",161.92,100,1.83,0.4
07:31:27,"[161.0, 7]","[160.0, 42]","[162.0, 21]","[165.0, 7]",161.5,77,1.0,0.27
07:31:28,"[161.0, 9]","[160.0, 54]","[162.0, 23]","[165.0, 9]",161.5,95,1.0,0.33
07:31:29,"[161.0, 11]","[160.0, 66]","[239.33, 27]","[373.04, 23]",200.17,127,78.33,0.21
07:31:30,"[161.19, 43]","[152.37, 35]","[298.02, 47]","[363.9, 40]",229.6,165,136.84,-0.05
07:31:31,"[163.28, 43]","[159.42, 76]","[275.96, 46]","[314.96, 57]",219.62,222,112.68,0.07
07:31:32,"[160.56, 45]","[154.86, 28]","[209.38, 13]","[289.5, 40]",184.97,126,48.83,0.16
07:31:33,"[162.68, 47]","[160.0, 40]","[167.5, 16]","[210.7, 40]",165.09,143,4.82,0.22
07:31:34,"[163.0, 26]","[160.0, 52]","[166.66, 58]","[237.74, 34]",164.83,170,3.66,-0.08
07:31:35,"[163.0, 18]","[160.0, 36]","[165.26, 31]","[167.0, 9]",164.13,94,2.26,0.15
07:31:36,"[160.32, 19]","[121.28, 53]","[166.18, 11]","[249.2, 41]",163.25,124,5.87,0.16
07:31:37,"[160.0, 14]","[127.0, 56]","[166.68, 25]","[352.78, 50]",163.34,145,6.68,-0.03
07:31:38,"[160.0, 14]","[154.28, 64]","[165.19, 16]","[166.54, 26]",162.59,120,5.19,0.3
07:31:39,"[160.44, 9]","[154.29, 21]","[164.0, 6]","[166.0, 6]",162.22,42,3.56,0.43
07:31:40,"[161.55, 31]","[158.15, 13]","[163.6, 10]","[166.0, 10]",162.57,64,2.05,0.38
07:31:41,"[155.0, 28]","[136.53, 34]","[161.5, 20]","[163.12, 17]",158.25,99,6.5,0.25
07:31:42,"[110.46, 97]","[92.55, 64]","[243.19, 36]","[390.38, 48]",176.83,245,132.73,0.31
07:31:43,"[93.27, 56]","[51.6, 60]","[159.0, 36]","[555.12, 43]",126.13,195,65.73,0.19
07:31:44,"[125.89, 27]","[50.34, 47]","[188.09, 23]","[342.0, 30]",156.99,127,62.2,0.17
07:31:45,"[88.2, 15]","[41.74, 31]","[322.5, 16]","[454.71, 14]",205.35,76,234.3,0.21
07:31:46,"[91.96, 75]","[46.58, 78]","[406.42, 31]","[548.81, 31]",249.19,215,314.46,0.42
07:31:47,"[162.43, 23]","[97.89, 57]","[288.11, 18]","[630.33, 27]",225.27,125,125.68,0.28
07:31:48,"[164.83, 12]","[162.0, 18]","[259.0, 12]","[744.0, 18]",211.92,60,94.17,0.0
07:31:49,"[165.0, 24]","[162.0, 39]","[337.11, 37]","[441.77, 30]",251.05,130,172.11,-0.03
07:31:50,"[165.29, 7]","[162.2, 20]","[226.6, 30]","[257.67, 24]",195.94,81,61.31,-0.33
07:31:51,"[166.27, 15]","[164.0, 30]","[176.76, 49]","[185.74, 62]",171.51,156,10.49,-0.42
07:31:52,"[170.5, 32]","[166.25, 16]","[176.25, 36]","[261.44, 36]",173.38,120,5.75,-0.2
07:31:53,"[171.0, 8]","[169.0, 8]","[176.0, 24]","[317.62, 32]",173.5,72,5.0,-0.56
07:31:54,"[171.0, 7]","[169.0, 7]","[175.71, 21]","[283.43, 28]",173.36,63,4.71,-0.56
07:31:55,"[163.71, 69]","[144.65, 80]","[174.36, 33]","[260.8, 20]",169.04,202,10.65,0.48
07:31:56,"[165.0, 112]","[147.94, 104]","[172.85, 39]","[298.93, 41]",168.92,296,7.85,0.46
07:31:57,"[163.0, 54]","[162.0, 36]","[172.0, 27]","[182.91, 33]",167.5,150,9.0,0.2
07:31:58,"[163.0, 66]","[162.0, 44]","[171.27, 33]","[225.32, 41]",167.14,184,8.27,0.2
07:31:59,"[164.74, 46]","[162.32, 74]","[169.88, 48]","[270.79, 71]",167.31,239,5.14,0.0
07:32:00,"[163.42, 19]","[161.81, 26]","[167.12, 25]","[207.35, 31]",165.27,101,3.7,-0.11
07:32:01,"[161.53, 17]","[152.52, 46]","[163.67, 33]","[166.0, 27]",162.6,123,2.14,0.02
07:32:02,"[161.0, 32]","[154.0, 40]","[162.57, 28]","[164.12, 26]",161.79,126,1.57,0.14
07:32:03,"[156.0, 28]","[114.95, 38]","[162.0, 18]","[271.0, 24]",159.0,108,6.0,0.22
07:32:04,"[142.15, 52]","[87.93, 70]","[338.4, 42]","[355.43, 37]",240.28,201,196.25,0.21
07:32:05,"[152.93, 58]","[119.49, 78]","[225.17, 36]","[314.62, 66]",189.05,238,72.24,0.14
07:32:06,"[164.33, 57]","[156.13, 77]","[205.18, 33]","[207.0, 55]",184.76,222,40.85,0.21
07:32:07,"[165.41, 58]","[161.83, 72]","[204.84, 32]","[206.88, 48]",185.13,210,39.43,0.24
07:32:08,"[173.0, 10]","[162.06, 96]","[203.1, 50]","[204.41, 34]",188.05,190,30.1,0.12
07:32:09,"[173.0, 15]","[163.71, 84]","[200.99, 71]","[201.99, 73]",186.99,243,27.99,-0.19
07:32:10,"[173.0, 10]","[168.0, 40]","[196.06, 48]","[197.16, 32]",184.53,130,23.06,-0.23
07:32:11,"[171.67, 15]","[166.86, 57]","[194.3, 50]","[195.23, 48]",182.98,170,22.63,-0.15
07:32:12,"[168.0, 44]","[164.0, 11]","[192.33, 45]","[193.58, 43]",180.17,143,24.33,-0.23
07:32:13,"[168.33, 36]","[166.29, 14]","[191.12, 40]","[191.91, 32]",179.73,122,22.79,-0.18
07:32:14,"[169.0, 20]","[168.0, 20]","[189.71, 21]","[190.6, 25]",179.36,86,20.71,-0.07
07:32:15,"[169.0, 20]","[168.0, 32]","[188.33, 30]","[189.56, 36]",178.67,118,19.33,-0.12
07:32:16,"[168.62, 16]","[165.82, 44]","[185.52, 52]","[186.91, 55]",177.07,167,16.89,-0.28
07:32:17,"[168.0, 8]","[164.0, 32]","[179.11, 37]","[180.71, 34]",173.55,111,11.11,-0.28
07:32:18,"[164.14, 84]","[163.2, 147]","[176.25, 60]","[177.58, 60]",170.2,351,12.11,0.32
07:32:19,"[167.43, 84]","[163.46, 97]","[172.83, 42]","[173.7, 50]",170.13,273,5.4,0.33
07:32:20,"[165.6, 73]","[163.43, 158]","[172.89, 56]","[173.83, 60]",169.25,347,7.29,0.33
07:32:21,"[164.0, 38]","[163.0, 243]","[172.85, 53]","[173.82, 55]",168.42,389,8.85,0.44
07:32:22,"[164.0, 10]","[163.0, 115]","[172.0, 20]","[173.0, 25]",168.0,170,8.0,0.47
07:32:23,"[164.0, 57]","[163.0, 276]","[171.17, 48]","[176.89, 54]",167.58,435,7.17,0.53
07:32:24,"[164.0, 36]","[163.0, 276]","[169.15, 27]","[175.28, 32]",166.57,371,5.15,0.68
07:32:25,"[164.0, 51]","[163.0, 299]","[166.24, 25]","[167.77, 31]",165.12,406,2.24,0.72
07:32:26,"[163.38, 32]","[162.98, 141]","[165.0, 7]","[166.0, 28]",164.19,208,1.62,0.66
07:32:27,"[163.0, 220]","[162.0, 30]","[164.06, 34]","[209.62, 16]",163.53,300,1.06,0.67
07:32:28,"[163.0, 180]","[162.0, 27]","[164.33, 9]","[258.69, 35]",163.67,251,1.33,0.65
07:32:29,"[168.73, 89]","[162.9, 63]","[556.0, 15]","[684.0, 10]",362.37,177,387.27,0.72
07:32:30,"[173.0, 76]","[163.0, 95]","[395.04, 23]","[590.57, 14]",284.02,208,222.04,0.64
07:32:31,"[173.0, 126]","[163.0, 132]","[370.0, 45]","[587.0, 27]",271.5,330,197.0,0.56
07:32:32,"[173.0, 108]","[164.51, 37]","[371.0, 27]","[608.26, 27]",272.0,199,198.0,0.46
07:32:33,"[173.0, 121]","[171.0, 11]","[513.47, 43]","[607.71, 42]",343.23,217,340.47,0.22
07:32:34,"[173.0, 99]","[171.0, 9]","[484.33, 27]","[672.33, 24]",328.67,159,311.33,0.36
07:32:35,"[173.0, 55]","[171.0, 5]","[486.0, 14]","[635.45, 11]",329.5,85,313.0,0.41
07:32:36,"[173.0, 67]","[171.0, 8]","[296.0, 38]","[447.37, 19]",234.5,132,123.0,0.14
07:32:37,"[173.0, 40]","[171.0, 12]","[508.5, 32]","[668.71, 51]",340.75,135,335.5,-0.23
07:32:38,"[173.0, 21]","[171.0, 9]","[395.82, 34]","[593.49, 41]",284.41,105,222.82,-0.43
07:32:39,"[173.0, 7]","[171.0, 7]","[313.0, 16]","[536.97, 29]",243.0,59,140.0,-0.53
07:32:40,"[173.0, 8]","[171.0, 8]","[187.06, 33]","[189.05, 37]",180.03,86,14.06,-0.63
07:32:41,"[172.27, 11]","[169.59, 17]","[185.12, 43]","[187.98, 47]",178.69,118,12.84,-0.53
07:32:42,"[168.56, 36]","[166.57, 112]","[181.25, 55]","[182.85, 53]",174.91,256,12.7,0.16
07:32:43,"[168.0, 48]","[163.04, 100]","[178.88, 43]","[180.26, 47]",173.44,238,10.88,0.24
07:32:44,"[163.01, 117]","[152.5, 32]","[171.02, 53]","[179.73, 59]",167.01,261,8.01,0.14
07:32:45,"[163.0, 64]","[73.5, 8]","[175.35, 37]","[180.32, 37]",169.18,146,12.35,-0.01
07:32:46,"[163.0, 88]","[137.2, 20]","[178.78, 46]","[179.85, 53]",170.89,207,15.78,0.04
07:32:47,"[173.0, 20]","[164.0, 60]","[178.0, 50]","[179.0, 40]",175.5,170,5.0,-0.06
07:32:48,"[173.0, 26]","[170.66, 118]","[175.96, 53]","[178.06, 64]",174.48,261,2.96,0.1
07:32:49,"[171.4, 30]","[170.5, 36]","[173.64, 28]","[175.08, 26]",172.52,120,2.24,0.1
07:32:50,"[171.0, 51]","[168.0, 24]","[172.16, 51]","[309.03, 29]",171.58,155,1.16,-0.03
07:32:51,"[169.42, 19]","[166.46, 26]","[192.5, 20]","[313.0, 13]",180.96,78,23.08,0.15
07:32:52,"[168.11, 18]","[166.22, 36]","[264.7, 10]","[319.55, 11]",216.41,75,96.59,0.44
07:32:53,"[166.89, 9]","[164.04, 23]","[264.86, 7]","[267.57, 7]",215.87,46,97.97,0.39
07:32:54,"[166.7, 10]","[164.31, 16]","[261.9, 10]","[265.0, 10]",214.3,46,95.2,0.13
07:32:55,"[168.33, 9]","[166.0, 9]","[260.11, 9]","[525.92, 13]",214.22,40,91.78,-0.1
07:32:56,"[169.0, 9]","[166.0, 9]","[258.18, 40]","[258.59, 17]",213.59,75,89.18,-0.52
07:32:57,"[169.0, 12]","[166.0, 12]","[238.56, 36]","[246.38, 52]",203.78,112,69.56,-0.57
07:32:58,"[169.0, 8]","[166.0, 8]","[212.91, 35]","[214.22, 37]",190.96,88,43.91,-0.64
07:32:59,"[169.0, 12]","[166.0, 12]","[209.54, 56]","[211.0, 52]",189.27,132,40.54,-0.64
07:33:00,"[169.0, 7]","[166.0, 7]","[207.0, 28]","[208.0, 35]",188.0,77,38.0,-0.64
07:33:01,"[166.2, 15]","[160.89, 27]","[207.36, 44]","[214.14, 35]",186.78,121,41.16,-0.31
07:33:02,"[165.8, 82]","[145.78, 32]","[205.43, 42]","[208.0, 70]",185.62,226,39.62,0.01
07:33:03,"[165.86, 35]","[164.38, 8]","[203.62, 16]","[206.57, 28]",184.74,87,37.77,-0.01
07:33:04,"[164.4, 10]","[163.17, 23]","[198.97, 29]","[201.48, 29]",181.68,91,34.57,-0.27
07:33:05,"[164.0, 6]","[163.0, 18]","[193.79, 24]","[194.57, 21]",178.9,69,29.79,-0.3
07:33:06,"[168.8, 10]","[163.33, 18]","[190.53, 34]","[191.58, 38]",179.66,100,21.73,-0.44
07:33:07,"[165.45, 11]","[163.1, 21]","[187.36, 33]","[188.62, 39]",176.41,104,21.91,-0.38
07:33:08,"[164.0, 9]","[163.0, 90]","[184.76, 29]","[186.0, 27]",174.38,155,20.76,0.28
07:33:09,"[164.99, 78]","[163.69, 36]","[183.0, 40]","[184.0, 24]",173.99,178,18.01,0.28
07:33:10,"[165.0, 99]","[164.0, 90]","[181.95, 39]","[183.09, 33]",173.47,261,16.95,0.45
07:33:11,"[165.64, 121]","[164.0, 110]","[178.12, 43]","[181.03, 37]",171.88,311,12.48,0.49
07:33:12,"[167.4, 55]","[164.0, 50]","[178.0, 15]","[185.0, 15]",172.7,135,10.6,0.56
07:33:13,"[168.0, 88]","[164.0, 80]","[176.25, 24]","[180.75, 24]",172.12,216,8.25,0.56
07:33:14,"[168.87, 87]","[164.0, 90]","[172.6, 15]","[173.67, 27]",170.74,219,3.73,0.62
07:33:15,"[169.25, 80]","[166.01, 167]","[172.23, 39]","[174.87, 45]",170.74,331,2.98,0.49
07:33:16,"[169.02, 183]","[167.48, 33]","[209.92, 26]","[344.14, 37]",189.47,279,40.9,0.55
07:33:17,"[169.0, 110]","[164.78, 9]","[237.21, 33]","[373.33, 12]",203.11,164,68.21,0.45
07:33:18,"[169.0, 72]","[164.83, 6]","[179.5, 6]","[197.67, 24]",174.25,108,10.5,0.44
07:33:19,"[169.0, 117]","[164.0, 81]","[177.47, 19]","[212.6, 20]",173.24,237,8.47,0.67
07:33:20,"[169.0, 53]","[164.41, 27]","[175.13, 15]","[177.03, 37]",172.07,132,6.13,0.21
07:33:21,"[164.16, 96]","[163.04, 135]","[172.68, 19]","[176.8, 41]",168.42,291,8.53,0.59
07:33:22,"[164.0, 40]","[163.0, 81]","[171.9, 20]","[172.5, 12]",167.95,153,7.9,0.58
07:33:23,"[164.0, 40]","[163.0, 88]","[170.62, 8]","[172.0, 24]",167.31,160,6.62,0.6
07:33:24,"[164.0, 45]","[163.0, 99]","[168.47, 15]","[171.57, 21]",166.23,180,4.47,0.6
07:33:25,"[163.1, 98]","[147.27, 48]","[165.17, 12]","[166.32, 28]",164.13,186,2.06,0.57
07:33:26,"[163.0, 94]","[103.89, 45]","[258.15, 13]","[372.38, 29]",210.58,181,95.15,0.54
07:33:27,"[163.13, 23]","[123.33, 24]","[260.0, 9]","[340.67, 9]",211.57,65,96.87,0.45
07:33:28,"[164.0, 18]","[163.0, 60]","[260.0, 18]","[327.0, 18]",212.0,114,96.0,0.37
07:33:29,"[164.0, 6]","[163.0, 20]","[327.0, 6]","[385.0, 6]",245.5,38,163.0,0.37
07:33:30,"[164.0, 21]","[163.0, 70]","[230.09, 23]","[490.83, 23]",197.04,137,66.09,0.33
07:33:31,"[165.7, 20]","[164.27, 64]","[237.36, 47]","[639.68, 44]",201.53,175,71.66,-0.04
07:33:32,"[168.36, 14]","[166.0, 28]","[316.44, 63]","[381.65, 52]",242.4,157,148.09,-0.46
07:33:33,"[163.64, 78]","[127.42, 57]","[202.02, 53]","[248.47, 38]",182.83,226,38.38,0.19
07:33:34,"[163.0, 44]","[77.0, 18]","[172.17, 29]","[238.17, 23]",167.59,114,9.17,0.09
07:33:35,"[163.0, 116]","[99.83, 36]","[170.25, 56]","[171.23, 52]",166.62,260,7.25,0.17
07:33:36,"[163.0, 47]","[151.0, 33]","[167.32, 38]","[168.42, 31]",165.16,149,4.32,0.07
07:33:37,"[154.0, 28]","[148.52, 29]","[164.52, 31]","[298.1, 51]",159.26,139,10.52,-0.18
07:33:38,"[161.05, 40]","[110.0, 15]","[164.0, 14]","[318.8, 25]",162.53,94,2.95,0.17
07:33:39,"[163.24, 34]","[116.41, 17]","[357.05, 20]","[598.42, 19]",260.14,90,193.81,0.13
07:33:40,"[163.0, 80]","[116.29, 28]","[381.39, 33]","[495.39, 49]",272.2,190,218.39,0.14
07:33:41,"[164.7, 33]","[161.95, 38]","[465.0, 8]","[539.29, 28]",314.85,107,300.3,0.33
07:33:42,"[165.0, 16]","[163.0, 60]","[364.88, 33]","[444.45, 22]",264.94,131,199.88,0.16
07:33:43,"[163.25, 55]","[158.32, 77]","[388.33, 36]","[437.4, 30]",275.79,198,225.08,0.33
07:33:44,"[163.88, 48]","[161.2, 100]","[399.29, 31]","[464.19, 26]",281.58,205,235.42,0.44
07:33:45,"[168.11, 44]","[163.09, 99]","[279.5, 12]","[398.94, 33]",223.81,188,111.39,0.52
07:33:46,"[169.0, 42]","[163.0, 72]","[202.64, 22]","[213.0, 9]",185.82,145,33.64,0.57
07:33:47,"[169.0, 33]","[163.0, 84]","[200.29, 14]","[202.0, 28]",184.64,159,31.29,0.47
07:33:48,"[169.0, 12]","[163.0, 48]","[199.14, 14]","[200.8, 10]",184.07,84,30.14,0.43
07:33:49,"[169.0, 27]","[163.0, 108]","[198.46, 26]","[199.29, 28]",183.73,189,29.46,0.43
07:33:50,"[169.0, 21]","[163.25, 64]","[196.4, 20]","[198.45, 22]",182.7,127,27.4,0.34
07:33:51,"[169.0, 33]","[163.24, 102]","[194.0, 36]","[194.89, 38]",181.5,209,25.0,0.29
07:33:52,"[169.58, 55]","[163.43, 168]","[191.16, 38]","[192.43, 37]",180.37,298,21.58,0.5
07:33:53,"[171.0, 48]","[169.0, 36]","[185.97, 33]","[187.93, 27]",178.48,144,14.97,0.17
07:33:54,"[171.0, 41]","[169.0, 51]","[177.91, 46]","[179.91, 46]",174.46,184,6.91,0.0
07:33:55,"[169.8, 20]","[166.31, 52]","[174.75, 24]","[176.03, 29]",172.28,125,4.95,0.15
07:33:56,"[168.11, 27]","[163.57, 65]","[171.75, 24]","[172.78, 23]",169.93,139,3.64,0.32
07:33:57,"[165.2, 79]","[163.27, 118]","[169.38, 42]","[223.27, 52]",167.29,291,4.18,0.35
07:33:58,"[164.0, 56]","[163.0, 120]","[169.5, 16]","[190.37, 35]",166.75,227,5.5,0.55
07:33:59,"[164.78, 23]","[163.16, 55]","[167.4, 30]","[269.81, 21]",166.09,129,2.62,0.21
07:34:00,"[163.86, 37]","[162.91, 11]","[165.82, 11]","[239.16, 38]",164.84,97,1.95,-0.01
07:34:01,"[163.0, 70]","[148.39, 64]","[357.82, 17]","[461.79, 28]",260.41,179,194.82,0.5
07:34:02,"[163.0, 48]","[156.14, 49]","[424.3, 20]","[551.0, 16]",293.65,133,261.3,0.46
07:34:03,"[163.51, 49]","[161.36, 66]","[330.6, 30]","[438.11, 36]",247.06,181,167.09,0.27
07:34:04,"[168.0, 9]","[163.0, 69]","[448.14, 28]","[648.08, 26]",308.07,132,280.14,0.18
07:34:05,"[168.0, 5]","[163.0, 45]","[361.12, 16]","[572.33, 15]",264.56,81,193.12,0.23
07:34:06,"[164.0, 25]","[162.65, 69]","[304.88, 34]","[359.78, 23]",234.44,151,140.88,0.25
07:34:07,"[163.0, 24]","[162.0, 36]","[417.71, 21]","[616.74, 19]",290.36,100,254.71,0.2
07:34:08,"[163.33, 15]","[162.05, 44]","[458.09, 22]","[495.8, 30]",310.71,111,294.76,0.06
07:34:09,"[168.0, 8]","[163.0, 16]","[290.64, 22]","[359.67, 18]",229.32,64,122.64,-0.25
07:34:10,"[168.42, 12]","[163.39, 23]","[278.36, 47]","[284.64, 39]",223.39,121,109.95,-0.42
07:34:11,"[169.25, 36]","[165.63, 43]","[276.15, 54]","[277.16, 62]",222.7,195,106.9,-0.19
07:34:12,"[168.6, 35]","[164.83, 24]","[192.34, 50]","[230.24, 41]",180.47,150,23.74,-0.21
07:34:13,"[165.33, 9]","[164.67, 9]","[170.0, 18]","[172.0, 24]",167.67,60,4.67,-0.4
07:34:14,"[165.1, 20]","[162.37, 43]","[168.67, 48]","[170.0, 36]",166.88,147,3.57,-0.14
07:34:15,"[165.62, 8]","[162.68, 19]","[167.0, 32]","[169.83, 23]",166.31,82,1.38,-0.34
07:34:16,"[164.21, 57]","[162.72, 43]","[195.29, 28]","[330.3, 27]",179.75,155,31.08,0.29
07:34:17,"[165.71, 42]","[163.0, 23]","[321.57, 14]","[449.14, 14]",243.64,93,155.86,0.4
07:34:18,"[166.64, 22]","[163.0, 24]","[320.18, 22]","[408.95, 21]",243.41,89,153.55,0.03
07:34:19,"[162.09, 67]","[161.31, 13]","[316.92, 24]","[320.0, 12]",239.5,116,154.83,0.38
07:34:20,"[162.0, 36]","[161.0, 6]","[316.0, 12]","[320.0, 6]",239.0,60,154.0,0.4
07:34:21,"[162.0, 43]","[161.0, 8]","[315.25, 16]","[320.0, 8]",238.62,75,153.25,0.36
07:34:22,"[165.43, 28]","[138.69, 13]","[314.44, 25]","[319.14, 14]",239.93,80,149.01,0.03
07:34:23,"[160.81, 26]","[141.5, 14]","[312.5, 8]","[314.0, 16]",236.65,64,151.69,0.25
07:34:24,"[161.16, 76]","[160.0, 12]","[195.65, 23]","[199.57, 40]",178.41,151,34.49,0.17
07:34:25,"[163.7, 54]","[162.44, 36]","[193.93, 14]","[195.0, 70]",178.82,174,30.22,0.03
07:34:26,"[163.0, 48]","[160.0, 12]","[192.5, 12]","[195.0, 60]",177.75,132,29.5,-0.09
07:34:27,"[163.71, 42]","[161.73, 22]","[191.05, 42]","[193.5, 20]",177.38,126,27.33,0.02
07:34:28,"[163.0, 34]","[161.0, 20]","[186.94, 34]","[191.37, 19]",174.97,107,23.94,0.01
07:34:29,"[163.0, 26]","[161.0, 26]","[189.65, 37]","[190.46, 28]",176.32,117,26.65,-0.11
07:34:30,"[167.29, 14]","[163.69, 26]","[188.0, 52]","[189.0, 13]",177.64,105,20.71,-0.24
07:34:31,"[167.43, 14]","[163.89, 27]","[186.28, 43]","[187.36, 45]",176.85,129,18.85,-0.36
07:34:32,"[168.2, 15]","[163.67, 27]","[182.74, 19]","[183.15, 46]",175.47,107,14.54,-0.21
07:34:33,"[171.0, 15]","[167.42, 57]","[180.36, 39]","[180.48, 50]",175.68,161,9.36,-0.11
07:34:34,"[169.71, 28]","[168.69, 96]","[176.1, 21]","[177.26, 57]",172.9,202,6.38,0.23
07:34:35,"[169.0, 96]","[164.0, 32]","[174.54, 56]","[174.72, 47]",171.77,231,5.54,0.11
07:34:36,"[169.0, 92]","[164.06, 31]","[171.39, 28]","[172.31, 52]",170.2,203,2.39,0.21
07:34:37,"[166.72, 54]","[162.62, 71]","[170.69, 51]","[174.53, 102]",168.7,278,3.96,-0.1
07:34:38,"[163.0, 54]","[162.0, 153]","[168.28, 43]","[170.21, 38]",165.64,288,5.28,0.44
07:34:39,"[163.0, 90]","[162.0, 255]","[166.0, 60]","[168.0, 75]",164.5,480,3.0,0.44
07:34:40,"[163.0, 60]","[162.0, 170]","[164.89, 36]","[167.5, 48]",163.94,314,1.89,0.46
07:34:41,"[163.0, 52]","[162.0, 204]","[164.19, 48]","[166.02, 44]",163.59,348,1.19,0.47
07:34:42,"[162.09, 103]","[158.34, 164]","[164.29, 63]","[204.39, 33]",163.19,363,2.2,0.47
07:34:43,"[162.0, 165]","[146.64, 36]","[165.0, 21]","[478.24, 29]",163.5,251,3.0,0.6
07:34:44,"[162.0, 120]","[159.46, 26]","[163.62, 8]","[369.0, 8]",162.81,162,1.62,0.8
07:34:45,"[162.0, 98]","[160.0, 14]","[163.0, 7]","[285.91, 22]",162.5,141,1.0,0.59
07:34:46,"[162.23, 189]","[125.74, 76]","[185.37, 54]","[455.29, 24]",173.8,343,23.14,0.55
07:34:47,"[173.0, 36]","[162.0, 117]","[325.81, 27]","[370.0, 18]",249.41,198,152.81,0.55
07:34:48,"[173.0, 40]","[162.0, 130]","[328.2, 40]","[330.0, 10]",250.6,220,155.2,0.55
07:34:49,"[162.16, 100]","[145.35, 75]","[238.8, 40]","[294.77, 31]",200.48,246,76.64,0.42
07:34:50,"[164.38, 61]","[155.7, 89]","[199.15, 52]","[357.6, 43]",181.77,245,34.78,0.22
07:34:51,"[163.0, 56]","[162.0, 96]","[197.25, 32]","[486.69, 16]",180.12,200,34.25,0.52
07:34:52,"[165.31, 52]","[162.37, 76]","[189.5, 12]","[196.31, 26]",177.4,166,24.19,0.54
07:34:53,"[168.0, 66]","[163.0, 77]","[192.72, 36]","[194.0, 41]",180.36,220,24.72,0.3
07:34:54,"[168.26, 47]","[164.82, 66]","[191.0, 40]","[192.0, 30]",179.63,183,22.74,0.23
07:34:55,"[168.19, 43]","[164.45, 69]","[190.55, 42]","[191.54, 35]",179.37,189,22.36,0.19
07:34:56,"[169.0, 20]","[168.0, 50]","[185.36, 36]","[186.5, 38]",177.18,144,16.36,-0.03
07:34:57,"[169.0, 22]","[168.0, 55]","[180.63, 43]","[182.23, 39]",174.81,159,11.63,-0.03
07:34:58,"[169.0, 28]","[168.0, 70]","[177.73, 45]","[178.69, 52]",173.37,195,8.73,0.01
07:34:59,"[169.0, 26]","[168.0, 65]","[174.04, 51]","[175.11, 54]",171.52,196,5.04,-0.07
07:35:00,"[167.68, 44]","[166.41, 54]","[169.75, 36]","[172.08, 49]",168.72,183,2.07,0.07
07:35:01,"[166.0, 52]","[164.0, 22]","[167.43, 23]","[170.06, 34]",166.72,131,1.43,0.13
07:35:02,"[163.98, 43]","[162.63, 52]","[166.13, 30]","[167.71, 31]",165.06,156,2.16,0.22
07:35:03,"[163.0, 52]","[162.0, 55]","[164.53, 30]","[166.27, 41]",163.77,178,1.53,0.2
07:35:04,"[163.0, 53]","[127.64, 77]","[164.0, 34]","[165.0, 52]",163.5,216,1.0,0.2
07:35:05,"[55.02, 63]","[46.68, 57]","[217.64, 28]","[281.67, 39]",136.33,187,162.63,0.28
07:35:06,"[41.9, 58]","[11.0, 14]","[172.3, 30]","[228.94, 32]",107.1,134,130.4,0.07
07:35:07,"[157.11, 54]","[134.33, 36]","[187.0, 27]","[315.1, 31]",172.06,148,29.89,0.22
07:35:08,"[162.23, 73]","[126.41, 39]","[186.78, 27]","[349.25, 32]",174.51,171,24.54,0.31
07:35:09,"[163.0, 102]","[162.0, 42]","[185.83, 18]","[400.0, 18]",174.42,180,22.83,0.6
07:35:10,"[164.11, 159]","[163.24, 227]","[184.13, 55]","[213.09, 56]",174.12,497,20.01,0.55
07:35:11,"[166.0, 36]","[165.0, 204]","[181.84, 38]","[182.89, 46]",173.92,324,15.84,0.48
07:35:12,"[168.22, 27]","[165.07, 91]","[177.0, 21]","[180.64, 25]",172.61,164,8.78,0.44
07:35:13,"[171.0, 66]","[165.11, 135]","[173.0, 33]","[180.0, 33]",172.0,267,2.0,0.51
07:35:14,"[171.0, 50]","[165.26, 175]","[173.0, 33]","[180.0, 33]",172.0,291,2.0,0.55
07:35:15,"[168.31, 58]","[164.78, 199]","[172.09, 33]","[185.21, 42]",170.2,332,3.78,0.55
07:35:16,"[165.0, 30]","[164.0, 170]","[177.71, 31]","[239.08, 39]",171.35,270,12.71,0.48
07:35:17,"[164.04, 83]","[163.24, 70]","[232.0, 24]","[237.0, 18]",198.02,195,67.96,0.57
07:35:18,"[164.0, 96]","[163.0, 72]","[222.0, 24]","[383.86, 21]",193.0,213,58.0,0.58
07:35:19,"[164.0, 160]","[163.0, 120]","[329.43, 35]","[482.16, 37]",246.71,352,165.43,0.59
07:35:20,"[164.32, 112]","[163.77, 260]","[282.56, 50]","[431.45, 53]",223.44,475,118.24,0.57
07:35:21,"[165.28, 69]","[164.01, 186]","[224.0, 39]","[257.0, 52]",194.64,346,58.72,0.47
07:35:22,"[164.0, 126]","[163.0, 108]","[224.0, 27]","[257.0, 36]",194.0,297,60.0,0.58
07:35:23,"[164.0, 112]","[163.0, 96]","[222.25, 32]","[224.0, 24]",193.12,264,58.25,0.58
07:35:24,"[164.0, 112]","[163.0, 96]","[222.0, 32]","[294.58, 24]",193.0,264,58.0,0.58
07:35:25,"[164.0, 182]","[163.0, 156]","[220.92, 52]","[305.24, 29]",192.46,419,56.92,0.61
07:35:26,"[164.0, 146]","[163.0, 122]","[206.18, 34]","[253.87, 30]",185.09,332,42.18,0.61
07:35:27,"[165.33, 60]","[164.22, 113]","[175.09, 46]","[177.35, 40]",170.21,259,9.75,0.34
07:35:28,"[168.77, 52]","[165.42, 108]","[173.0, 56]","[176.56, 36]",170.88,252,4.23,0.27
07:35:29,"[169.0, 26]","[166.0, 50]","[172.69, 32]","[187.14, 28]",170.84,136,3.69,0.12
07:35:30,"[166.56, 43]","[165.22, 90]","[172.17, 36]","[352.85, 47]",169.36,216,5.61,0.23
07:35:31,"[166.0, 52]","[165.0, 110]","[171.65, 34]","[525.62, 37]",168.82,233,5.65,0.39
07:35:32,"[166.0, 10]","[165.0, 50]","[170.8, 15]","[329.0, 10]",168.4,85,4.8,0.41
07:35:33,"[168.0, 143]","[166.0, 26]","[183.35, 40]","[364.23, 44]",175.68,253,15.35,0.34
07:35:34,"[165.49, 35]","[163.24, 129]","[201.57, 35]","[203.0, 35]",183.53,234,36.09,0.4
07:35:35,"[164.69, 96]","[163.15, 198]","[198.42, 60]","[199.67, 60]",181.55,414,33.73,0.42
07:35:36,"[164.52, 84]","[163.08, 244]","[192.92, 60]","[195.08, 60]",178.72,448,28.39,0.46
07:35:37,"[164.0, 55]","[163.0, 278]","[190.73, 55]","[194.55, 55]",177.36,443,26.73,0.5
07:35:38,"[164.0, 45]","[163.0, 162]","[187.67, 45]","[188.67, 45]",175.83,297,23.67,0.39
07:35:39,"[164.0, 50]","[163.0, 180]","[186.3, 50]","[188.0, 50]",175.15,330,22.3,0.39
07:35:40,"[164.0, 36]","[163.0, 263]","[184.25, 60]","[186.42, 60]",174.12,419,20.25,0.43
07:35:41,"[169.58, 59]","[166.14, 63]","[181.08, 64]","[182.47, 58]",175.33,244,11.5,0.0
07:35:42,"[171.0, 85]","[168.23, 47]","[177.47, 85]","[179.0, 65]",174.24,282,6.47,-0.06
07:35:43,"[171.0, 35]","[169.0, 7]","[172.96, 23]","[174.14, 35]",171.98,100,1.96,-0.16
07:35:44,"[168.63, 60]","[166.0, 45]","[171.54, 39]","[174.54, 65]",170.09,209,2.91,0.0
07:35:45,"[165.0, 36]","[164.0, 36]","[171.0, 18]","[175.0, 30]",168.0,120,6.0,0.2
07:35:46,"[165.0, 60]","[164.0, 60]","[169.34, 44]","[172.08, 36]",167.17,200,4.34,0.2
07:35:47,"[165.0, 72]","[164.0, 57]","[168.08, 60]","[170.0, 36]",166.54,225,3.08,0.15
07:35:48,"[165.0, 68]","[164.0, 42]","[167.44, 57]","[186.71, 41]",166.22,208,2.44,0.06
07:35:49,"[164.15, 27]","[163.05, 116]","[165.25, 12]","[444.08, 26]",164.7,181,1.1,0.58
07:35:50,"[164.3, 33]","[161.65, 71]","[257.46, 13]","[442.38, 16]",210.88,133,93.16,0.56
07:35:51,"[163.0, 70]","[121.58, 19]","[344.86, 35]","[443.43, 14]",253.93,138,181.86,0.29
07:35:52,"[163.0, 110]","[122.4, 103]","[343.18, 55]","[428.36, 25]",253.09,293,180.18,0.45
07:35:53,"[166.89, 37]","[162.44, 32]","[337.63, 54]","[396.86, 37]",252.26,160,170.74,-0.14
07:35:54,"[170.78, 27]","[167.4, 25]","[342.0, 18]","[343.0, 45]",256.39,115,171.22,-0.1
07:35:55,"[166.14, 35]","[164.29, 21]","[339.62, 34]","[340.37, 43]",252.88,133,173.47,-0.16
07:35:56,"[167.88, 40]","[165.0, 11]","[209.35, 34]","[269.1, 31]",188.61,116,41.48,-0.12
07:35:57,"[165.88, 16]","[163.08, 78]","[179.75, 40]","[183.0, 16]",172.81,150,13.88,0.25
07:35:58,"[163.28, 50]","[157.75, 120]","[176.38, 32]","[177.11, 38]",169.83,240,13.09,0.42
07:35:59,"[173.0, 55]","[163.0, 132]","[175.0, 22]","[176.0, 55]",174.0,264,2.0,0.42
07:36:00,"[173.0, 40]","[166.0, 32]","[175.0, 16]","[176.0, 40]",174.0,128,2.0,0.12
07:36:01,"[167.67, 21]","[163.23, 52]","[175.0, 10]","[176.0, 25]",171.33,108,7.33,0.35
07:36:02,"[166.0, 44]","[163.0, 132]","[174.0, 31]","[181.52, 44]",170.0,251,8.0,0.4
07:36:03,"[166.0, 44]","[163.24, 95]","[172.2, 30]","[207.56, 25]",169.1,194,6.2,0.43
07:36:04,"[164.71, 42]","[163.61, 74]","[172.0, 27]","[173.0, 18]",168.36,161,7.29,0.44
07:36:05,"[164.04, 73]","[163.16, 131]","[168.61, 46]","[169.83, 52]",166.32,302,4.57,0.35
07:36:06,"[164.02, 55]","[163.07, 102]","[165.62, 21]","[169.42, 19]",164.82,197,1.6,0.59
07:36:07,"[164.0, 37]","[163.0, 128]","[165.0, 32]","[229.64, 14]",164.5,211,1.0,0.56
07:36:08,"[164.0, 20]","[163.0, 80]","[184.06, 17]","[355.38, 21]",174.03,138,20.06,0.45
07:36:09,"[163.29, 69]","[162.81, 86]","[224.45, 29]","[445.54, 24]",193.87,208,61.16,0.49
07:36:10,"[163.0, 215]","[162.0, 80]","[672.9, 50]","[0, 0]",417.95,345,509.9,0.71
07:36:11,"[163.0, 100]","[162.0, 40]","[749.6, 25]","[0, 0]",456.3,165,586.6,0.7
07:36:12,"[163.0, 72]","[162.0, 32]","[760.29, 17]","[761.0, 15]",461.65,136,597.29,0.53
07:36:13,"[163.0, 90]","[162.0, 40]","[759.2, 20]","[761.0, 25]",461.1,175,596.2,0.49
07:36:14,"[163.0, 126]","[162.0, 56]","[655.82, 33]","[759.67, 30]",409.41,245,492.82,0.49
07:36:15,"[163.21, 114]","[162.41, 95]","[688.57, 46]","[763.55, 44]",425.89,299,525.35,0.4
07:36:16,"[163.52, 62]","[162.52, 100]","[757.7, 40]","[769.0, 50]",460.61,252,594.18,0.29
07:36:17,"[163.0, 63]","[162.0, 72]","[655.24, 21]","[733.67, 33]",409.12,189,492.24,0.43
07:36:18,"[163.0, 42]","[162.0, 48]","[522.58, 19]","[534.0, 14]",342.79,123,359.58,0.46
07:36:19,"[163.0, 49]","[162.0, 56]","[239.0, 35]","[390.26, 19]",201.0,159,76.0,0.32
07:36:20,"[163.25, 32]","[162.6, 80]","[237.12, 49]","[322.08, 52]",200.19,213,73.87,0.05
07:36:21,"[163.96, 52]","[162.75, 87]","[234.88, 48]","[357.21, 56]",199.42,243,70.91,0.14
07:36:22,"[168.0, 22]","[164.0, 61]","[230.67, 24]","[231.62, 42]",199.33,149,62.67,0.11
07:36:23,"[168.75, 40]","[165.14, 42]","[228.73, 22]","[231.0, 44]",198.74,148,59.98,0.11
07:36:24,"[167.58, 24]","[163.47, 30]","[215.32, 37]","[215.49, 41]",191.45,132,47.74,-0.18
07:36:25,"[163.0, 28]","[156.24, 100]","[193.72, 50]","[195.27, 30]",178.36,208,30.72,0.23
07:36:26,"[171.67, 54]","[161.94, 96]","[189.08, 25]","[191.28, 29]",180.37,204,17.41,0.47
07:36:27,"[172.0, 61]","[163.0, 168]","[185.13, 39]","[186.56, 25]",178.56,293,13.13,0.56
07:36:28,"[163.13, 134]","[162.52, 23]","[183.0, 28]","[184.05, 37]",173.07,222,19.87,0.41
07:36:29,"[173.0, 10]","[163.0, 120]","[178.59, 27]","[180.0, 20]",175.8,177,5.59,0.47
07:36:30,"[172.05, 19]","[163.21, 106]","[176.2, 35]","[177.45, 20]",174.13,180,4.15,0.39
07:36:31,"[171.0, 20]","[164.0, 20]","[173.3, 20]","[174.6, 20]",172.15,80,2.3,0.0
07:36:32,"[164.3, 88]","[163.22, 36]","[171.85, 40]","[172.63, 38]",168.07,202,7.55,0.23
07:36:33,"[163.0, 110]","[162.0, 11]","[170.0, 22]","[172.0, 44]",166.5,187,7.0,0.29
07:36:34,"[163.33, 27]","[162.97, 74]","[169.38, 32]","[185.58, 33]",166.35,166,6.04,0.22
07:36:35,"[164.0, 8]","[163.0, 64]","[167.4, 20]","[168.86, 28]",165.7,120,3.4,0.2
07:36:36,"[163.14, 28]","[120.57, 56]","[165.67, 21]","[167.12, 17]",164.4,122,2.52,0.38
07:36:37,"[163.27, 55]","[101.38, 52]","[180.78, 18]","[430.0, 7]",172.03,132,17.51,0.62
07:36:38,"[164.09, 33]","[163.13, 46]","[447.14, 14]","[564.88, 8]",305.62,101,283.05,0.56
07:36:39,"[166.73, 33]","[164.0, 66]","[351.89, 19]","[525.35, 17]",259.31,135,185.17,0.47
07:36:40,"[168.5, 30]","[164.0, 60]","[241.6, 10]","[362.67, 18]",205.05,118,73.1,0.53
07:36:41,"[166.0, 36]","[163.72, 67]","[303.69, 29]","[385.26, 23]",234.84,155,137.69,0.33
07:36:42,"[166.0, 16]","[164.0, 32]","[299.36, 22]","[460.0, 10]",232.68,80,133.36,0.2
07:36:43,"[166.5, 20]","[164.0, 40]","[411.75, 20]","[462.21, 14]",289.12,94,245.25,0.28
07:36:44,"[168.27, 22]","[164.0, 44]","[224.86, 35]","[434.43, 53]",196.56,154,56.58,-0.14
07:36:45,"[169.0, 14]","[164.0, 28]","[223.14, 35]","[234.0, 15]",196.07,92,54.14,-0.09
07:36:46,"[165.58, 24]","[162.9, 40]","[222.4, 50]","[344.0, 10]",193.99,124,56.82,0.03
07:36:47,"[163.0, 20]","[161.0, 20]","[220.92, 13]","[248.53, 17]",191.96,70,57.92,0.14
07:36:48,"[163.0, 24]","[161.0, 24]","[217.33, 30]","[219.0, 6]",190.17,84,54.33,0.14
07:36:49,"[163.75, 32]","[161.89, 36]","[216.11, 45]","[326.06, 17]",189.93,130,52.36,0.05
07:36:50,"[166.5, 18]","[164.27, 33]","[214.1, 50]","[437.02, 46]",190.3,147,47.6,-0.31
07:36:51,"[165.0, 30]","[163.0, 37]","[211.3, 50]","[529.8, 30]",188.15,147,46.3,-0.09
07:36:52,"[165.0, 27]","[163.69, 26]","[209.0, 25]","[252.45, 29]",187.0,107,44.0,-0.01
07:36:53,"[165.0, 18]","[164.0, 18]","[208.0, 6]","[209.0, 30]",186.5,72,43.0,0.0
07:36:54,"[165.0, 33]","[164.0, 33]","[193.88, 33]","[198.73, 37]",179.44,136,28.88,-0.03
07:36:55,"[164.6, 10]","[163.2, 30]","[189.75, 24]","[190.67, 30]",177.18,94,25.15,-0.15
07:36:56,"[164.0, 8]","[163.0, 48]","[186.4, 25]","[189.42, 31]",175.2,112,22.4,0.0
07:36:57,"[165.0, 35]","[163.14, 84]","[185.12, 64]","[185.65, 46]",175.06,229,20.12,0.04
07:36:58,"[169.0, 25]","[164.0, 51]","[178.62, 71]","[179.94, 51]",173.81,198,9.62,-0.23
07:36:59,"[165.07, 28]","[162.74, 70]","[176.06, 80]","[179.0, 64]",170.57,242,10.99,-0.19
07:37:00,"[164.27, 26]","[162.25, 28]","[174.39, 38]","[178.68, 25]",169.33,117,10.13,-0.08
07:37:01,"[164.97, 116]","[162.85, 81]","[171.56, 50]","[173.14, 74]",168.26,321,6.59,0.23
07:37:02,"[163.75, 68]","[149.18, 66]","[167.03, 71]","[168.06, 86]",165.39,291,3.28,-0.08
07:37:03,"[163.62, 42]","[156.45, 44]","[166.66, 56]","[167.64, 45]",165.14,187,3.04,-0.08
07:37:04,"[152.8, 20]","[137.32, 19]","[165.94, 33]","[168.61, 23]",159.37,95,13.14,-0.18
07:37:05,"[124.28, 36]","[105.42, 36]","[165.15, 27]","[203.83, 24]",144.71,123,40.87,0.17
07:37:06,"[121.0, 10]","[68.2, 50]","[172.33, 27]","[450.64, 14]",146.67,101,51.33,0.19
07:37:07,"[164.0, 49]","[95.73, 11]","[266.81, 31]","[528.31, 35]",215.4,126,102.81,-0.05
07:37:08,"[165.0, 60]","[96.9, 20]","[209.52, 42]","[235.19, 54]",187.26,176,44.52,-0.09
07:37:09,"[164.11, 91]","[117.64, 99]","[192.55, 44]","[297.25, 20]",178.33,254,28.44,0.5
07:37:10,"[164.09, 45]","[112.17, 46]","[191.0, 24]","[362.33, 12]",177.54,127,26.91,0.43
07:37:11,"[165.29, 28]","[164.0, 56]","[190.29, 28]","[368.71, 14]",177.79,126,25.0,0.33
07:37:12,"[166.0, 44]","[164.0, 88]","[190.0, 44]","[306.71, 17]",178.0,193,24.0,0.37
07:37:13,"[164.0, 83]","[71.37, 38]","[189.09, 44]","[265.64, 22]",176.55,187,25.09,0.29
07:37:14,"[164.0, 72]","[83.0, 32]","[188.4, 30]","[231.0, 18]",176.2,152,24.4,0.37
07:37:15,"[164.0, 63]","[139.71, 28]","[188.71, 28]","[241.44, 9]",176.36,128,24.71,0.42
07:37:16,"[164.0, 64]","[132.47, 30]","[186.5, 32]","[237.0, 8]",175.25,134,22.5,0.4
07:37:17,"[168.96, 24]","[160.0, 32]","[186.0, 20]","[237.0, 5]",177.48,81,17.04,0.38
07:37:18,"[171.0, 32]","[164.0, 56]","[183.75, 32]","[235.91, 11]",177.38,131,12.75,0.34
07:37:19,"[171.0, 36]","[164.0, 63]","[181.33, 39]","[206.91, 23]",176.17,161,10.33,0.23
07:37:20,"[171.0, 52]","[164.0, 115]","[178.19, 54]","[179.25, 63]",174.59,284,7.19,0.18
07:37:21,"[167.81, 83]","[164.09, 94]","[174.19, 72]","[176.83, 72]",171.0,321,6.39,0.1
07:37:22,"[164.56, 104]","[163.2, 113]","[171.58, 60]","[173.0, 60]",168.07,337,7.03,0.29
07:37:23,"[169.0, 20]","[168.0, 40]","[170.4, 50]","[171.8, 50]",169.7,160,1.4,-0.25
07:37:24,"[168.0, 11]","[164.0, 41]","[170.0, 55]","[171.0, 55]",169.0,162,2.0,-0.36
07:37:25,"[166.0, 10]","[163.07, 71]","[168.67, 48]","[199.46, 41]",167.33,170,2.67,-0.05
07:37:26,"[164.0, 8]","[163.0, 112]","[166.22, 37]","[167.29, 34]",165.11,191,2.22,0.26
07:37:27,"[163.46, 26]","[162.28, 174]","[165.62, 52]","[228.39, 36]",164.54,288,2.15,0.39
07:37:28,"[161.73, 99]","[141.7, 73]","[166.32, 50]","[286.38, 26]",164.02,248,4.59,0.39
07:37:29,"[142.0, 20]","[88.57, 28]","[213.93, 14]","[238.41, 17]",177.96,79,71.93,0.22
07:37:30,"[152.2, 10]","[126.28, 18]","[212.0, 7]","[214.0, 14]",182.1,49,59.8,0.14
07:37:31,"[148.8, 40]","[99.57, 14]","[210.29, 14]","[212.25, 16]",179.54,84,61.49,0.29
07:37:32,"[155.0, 20]","[140.6, 20]","[178.45, 11]","[209.83, 12]",166.73,63,23.45,0.27
07:37:33,"[158.0, 12]","[134.5, 24]","[161.0, 12]","[283.67, 12]",159.5,60,3.0,0.2
07:37:34,"[160.25, 16]","[118.8, 30]","[282.75, 16]","[463.5, 16]",221.5,78,122.5,0.18
07:37:35,"[163.22, 18]","[108.4, 10]","[453.0, 12]","[481.0, 12]",308.11,52,289.78,0.08
07:37:36,"[164.9, 30]","[163.0, 62]","[471.85, 13]","[557.0, 20]",318.37,125,306.95,0.47
07:37:37,"[165.67, 27]","[163.5, 32]","[438.64, 33]","[479.33, 18]",302.15,110,272.97,0.07
07:37:38,"[166.0, 39]","[164.0, 26]","[222.48, 21]","[228.44, 55]",194.24,141,56.48,-0.08
07:37:39,"[165.8, 20]","[164.04, 46]","[207.33, 18]","[211.09, 32]",186.57,116,41.53,0.14
07:37:40,"[164.0, 40]","[163.0, 220]","[204.44, 25]","[205.0, 25]",184.22,310,40.44,0.68
07:37:41,"[164.0, 23]","[163.0, 176]","[201.08, 26]","[202.57, 14]",182.54,239,37.08,0.67
07:37:42,"[163.04, 106]","[149.44, 147]","[196.0, 15]","[200.0, 35]",179.52,303,32.96,0.67
07:37:43,"[163.0, 92]","[121.02, 84]","[192.88, 25]","[198.17, 30]",177.94,231,29.88,0.52
07:37:44,"[163.14, 118]","[124.89, 84]","[191.62, 26]","[192.34, 29]",177.38,257,28.48,0.57
07:37:45,"[163.0, 129]","[112.82, 22]","[187.26, 27]","[189.0, 28]",175.13,206,24.26,0.47
07:37:46,"[164.19, 101]","[149.3, 47]","[182.53, 30]","[184.33, 30]",173.36,208,18.35,0.42
07:37:47,"[168.0, 64]","[163.0, 143]","[178.92, 52]","[183.0, 26]",173.46,285,10.92,0.45
07:37:48,"[169.25, 40]","[163.26, 116]","[175.44, 25]","[177.0, 32]",172.34,213,6.19,0.46
07:37:49,"[170.39, 23]","[165.09, 23]","[174.55, 11]","[480.14, 14]",172.47,71,4.15,0.3
07:37:50,"[163.0, 68]","[99.82, 56]","[174.0, 14]","[587.71, 14]",168.5,152,11.0,0.63
07:37:51,"[163.22, 37]","[142.62, 34]","[174.0, 12]","[610.0, 12]",168.61,95,10.78,0.49
07:37:52,"[164.86, 14]","[163.04, 48]","[174.0, 14]","[743.3, 23]",169.43,99,9.14,0.25
07:37:53,"[164.0, 57]","[158.0, 32]","[174.0, 12]","[720.0, 30]",169.0,131,10.0,0.36
07:37:54,"[164.0, 70]","[163.0, 30]","[173.4, 10]","[431.75, 16]",168.7,126,9.4,0.59
07:37:55,"[164.12, 127]","[163.47, 91]","[172.31, 26]","[275.63, 38]",168.21,282,8.19,0.55
07:37:56,"[165.0, 45]","[164.0, 75]","[170.24, 21]","[171.31, 26]",167.62,167,5.24,0.44
07:37:57,"[165.0, 45]","[164.0, 75]","[168.0, 30]","[169.0, 15]",166.5,165,3.0,0.45
07:37:58,"[165.34, 29]","[164.44, 48]","[169.78, 18]","[187.49, 37]",167.56,132,4.43,0.17
07:37:59,"[164.52, 31]","[163.58, 43]","[173.0, 22]","[199.71, 49]",168.76,145,8.48,0.02
07:38:00,"[166.42, 24]","[164.0, 24]","[172.83, 24]","[206.62, 42]",169.62,114,6.42,-0.16
07:38:01,"[167.83, 60]","[165.62, 26]","[171.08, 26]","[227.0, 39]",169.46,151,3.24,0.14
07:38:02,"[167.31, 35]","[163.43, 37]","[169.7, 20]","[271.27, 22]",168.51,114,2.39,0.26
07:38:03,"[164.0, 24]","[163.0, 39]","[165.62, 21]","[186.45, 22]",164.81,106,1.62,0.19
07:38:04,"[164.88, 32]","[162.12, 109]","[233.14, 49]","[391.77, 35]",199.01,225,68.27,0.25
07:38:05,"[170.0, 58]","[167.0, 33]","[204.26, 27]","[211.7, 23]",187.13,141,34.26,0.29
07:38:06,"[170.0, 32]","[167.0, 24]","[189.75, 32]","[191.0, 8]",179.88,96,19.75,0.17
07:38:07,"[170.0, 40]","[167.29, 34]","[188.0, 40]","[191.0, 10]",179.0,124,18.0,0.19
07:38:08,"[169.17, 48]","[167.74, 47]","[186.73, 26]","[192.95, 41]",177.95,162,17.56,0.17
07:38:09,"[168.0, 50]","[167.0, 33]","[186.27, 44]","[211.88, 41]",177.14,168,18.27,-0.01
07:38:10,"[168.18, 34]","[167.28, 29]","[184.56, 36]","[187.0, 36]",176.37,135,16.38,-0.07
07:38:11,"[167.55, 22]","[166.29, 14]","[181.38, 32]","[187.0, 32]",174.46,100,13.83,-0.28
07:38:12,"[167.0, 10]","[165.0, 5]","[179.0, 20]","[187.0, 20]",173.0,55,12.0,-0.45
07:38:13,"[169.7, 20]","[166.85, 13]","[177.57, 28]","[178.71, 28]",173.64,89,7.87,-0.26
07:38:14,"[168.29, 28]","[166.0, 16]","[174.58, 48]","[175.58, 48]",171.43,140,6.3,-0.37
07:38:15,"[167.0, 20]","[165.0, 10]","[173.0, 40]","[174.0, 40]",170.0,110,6.0,-0.45
07:38:16,"[167.46, 26]","[165.92, 13]","[171.8, 40]","[173.2, 40]",169.63,119,4.34,-0.34
07:38:17,"[167.67, 24]","[166.0, 12]","[169.12, 32]","[257.43, 28]",168.4,96,1.46,-0.25
07:38:18,"[164.86, 7]","[163.02, 61]","[323.76, 17]","[450.57, 14]",244.31,99,158.91,0.37
07:38:19,"[163.53, 17]","[162.95, 114]","[290.12, 25]","[383.7, 20]",226.82,176,126.59,0.49
07:38:20,"[167.3, 115]","[162.86, 84]","[236.08, 26]","[299.48, 21]",201.69,246,68.77,0.62
07:38:21,"[166.76, 71]","[162.82, 107]","[229.69, 32]","[234.76, 17]",198.22,227,62.93,0.57
07:38:22,"[161.75, 56]","[123.87, 122]","[203.07, 41]","[209.58, 43]",182.41,262,41.32,0.36
07:38:23,"[162.23, 94]","[74.44, 18]","[174.6, 45]","[202.09, 33]",168.42,190,12.37,0.18
07:38:24,"[163.5, 20]","[162.2, 101]","[172.29, 31]","[199.0, 24]",167.9,176,8.79,0.38
07:38:25,"[163.14, 35]","[162.58, 72]","[167.8, 20]","[170.0, 20]",165.47,147,4.66,0.46
07:38:26,"[163.0, 62]","[162.0, 108]","[165.28, 25]","[169.36, 28]",164.14,223,2.28,0.52
07:38:27,"[162.0, 96]","[145.75, 32]","[163.08, 36]","[165.0, 24]",162.54,188,1.08,0.36
07:38:28,"[156.0, 39]","[120.79, 19]","[164.16, 19]","[355.83, 24]",160.08,101,8.16,0.15
07:38:29,"[81.62, 16]","[57.1, 20]","[160.44, 16]","[484.3, 40]",121.03,92,78.81,-0.22
07:38:30,"[86.24, 17]","[39.0, 4]","[156.0, 14]","[161.5, 6]",121.12,41,69.76,0.02
07:38:31,"[121.6, 25]","[104.67, 40]","[156.0, 16]","[161.0, 8]",138.8,89,34.4,0.46
07:38:32,"[115.43, 14]","[108.75, 48]","[156.0, 16]","[160.62, 8]",135.71,86,40.57,0.44
07:38:33,"[116.47, 17]","[110.77, 13]","[156.0, 6]","[158.0, 3]",136.24,39,39.53,0.54
07:38:34,"[110.0, 56]","[60.0, 24]","[156.0, 16]","[158.0, 8]",133.0,104,46.0,0.54
07:38:35,"[62.71, 14]","[60.47, 17]","[156.0, 12]","[158.0, 6]",109.36,49,93.29,0.27
07:38:36,"[111.57, 23]","[70.09, 57]","[156.0, 26]","[158.0, 14]",133.78,120,44.43,0.33
07:38:37,"[128.83, 18]","[69.33, 30]","[156.67, 6]","[159.2, 10]",142.75,64,27.83,0.5
07:38:38,"[130.33, 18]","[71.24, 21]","[158.0, 6]","[160.0, 18]",144.17,63,27.67,0.24
07:38:39,"[131.5, 30]","[95.36, 22]","[158.0, 10]","[159.13, 46]",144.75,108,26.5,-0.04
07:38:40,"[132.0, 27]","[82.3, 20]","[158.97, 62]","[159.58, 36]",145.48,145,26.97,-0.35
07:38:41,"[132.27, 37]","[94.12, 68]","[160.11, 38]","[172.69, 48]",146.19,191,27.83,0.1
07:38:42,"[134.23, 26]","[132.35, 34]","[159.71, 21]","[161.83, 54]",146.97,135,25.48,-0.11
07:38:43,"[136.9, 30]","[50.92, 48]","[197.36, 22]","[197.3, 47]",167.13,147,60.46,0.06
07:38:44,"[153.1, 30]","[133.09, 33]","[247.0, 48]","[371.86, 42]",200.05,153,93.9,-0.18
07:38:45,"[161.37, 325]","[159.88, 131]","[323.56, 66]","[447.93, 58]",242.47,580,162.19,0.57
07:38:46,"[162.21, 159]","[161.87, 231]","[308.7, 56]","[371.07, 41]",235.45,487,146.49,0.6
07:38:47,"[164.05, 40]","[162.01, 453]","[270.15, 78]","[308.82, 44]",217.1,615,106.1,0.6
07:38:48,"[164.92, 24]","[162.0, 324]","[263.23, 39]","[284.33, 42]",214.07,429,98.31,0.62
07:38:49,"[162.71, 93]","[159.0, 208]","[171.05, 42]","[196.73, 30]",166.88,373,8.34,0.61
07:38:50,"[162.0, 198]","[128.1, 103]","[168.11, 37]","[186.21, 43]",165.05,381,6.11,0.58
07:38:51,"[162.0, 159]","[129.0, 108]","[166.83, 35]","[201.15, 39]",164.41,341,4.83,0.57
07:38:52,"[162.0, 215]","[129.8, 120]","[178.57, 30]","[269.98, 45]",170.28,410,16.57,0.63
07:38:53,"[162.0, 168]","[130.0, 70]","[407.42, 19]","[558.75, 24]",284.71,281,245.42,0.69
07:38:54,"[162.0, 216]","[126.49, 101]","[299.76, 29]","[327.12, 33]",230.88,379,137.76,0.67
07:38:55,"[162.02, 241]","[132.27, 123]","[244.0, 33]","[357.7, 43]",203.01,440,81.98,0.65
07:38:56,"[162.06, 162]","[139.48, 102]","[345.4, 25]","[481.86, 35]",253.73,324,183.34,0.63
07:38:57,"[162.0, 220]","[146.82, 132]","[430.88, 25]","[481.06, 31]",296.44,408,268.88,0.73
07:38:58,"[172.0, 30]","[162.0, 120]","[253.88, 16]","[436.88, 8]",212.94,174,81.88,0.72
07:38:59,"[168.67, 60]","[160.81, 172]","[219.54, 13]","[257.18, 11]",194.1,256,50.87,0.81
07:39:00,"[162.07, 196]","[105.38, 142]","[214.73, 15]","[215.92, 12]",188.4,365,52.66,0.85
07:39:01,"[163.53, 45]","[162.44, 96]","[207.46, 24]","[212.11, 18]",185.5,183,43.93,0.54
07:39:02,"[165.73, 55]","[163.38, 94]","[173.04, 54]","[174.13, 15]",169.38,218,7.31,0.37
07:39:03,"[168.0, 16]","[164.16, 62]","[172.97, 29]","[173.64, 11]",170.48,118,4.97,0.32
07:39:04,"[165.17, 47]","[164.08, 60]","[172.0, 7]","[173.0, 28]",168.59,142,6.83,0.51
07:39:05,"[163.0, 76]","[162.0, 89]","[169.45, 44]","[172.0, 11]",166.23,220,6.45,0.5
07:39:06,"[163.0, 58]","[162.0, 20]","[169.0, 32]","[172.0, 8]",166.0,118,6.0,0.32
07:39:07,"[163.46, 26]","[162.86, 64]","[168.24, 49]","[189.27, 45]",165.85,184,4.78,-0.02
07:39:08,"[164.5, 8]","[162.42, 24]","[166.69, 29]","[186.52, 25]",165.59,86,2.19,-0.26
07:39:09,"[163.0, 13]","[162.0, 82]","[189.9, 40]","[269.18, 34]",176.45,169,26.9,0.12
07:39:10,"[171.65, 26]","[168.42, 19]","[326.0, 18]","[620.0, 24]",248.83,87,154.35,0.03
07:39:11,"[172.0, 29]","[170.0, 45]","[315.61, 31]","[400.94, 32]",243.81,137,143.61,0.08
07:39:12,"[172.0, 7]","[170.0, 35]","[302.91, 22]","[334.22, 27]",237.45,91,130.91,-0.08
07:39:13,"[171.17, 12]","[169.79, 39]","[263.31, 26]","[333.68, 19]",217.24,96,92.14,0.06
07:39:14,"[170.0, 45]","[168.0, 36]","[331.56, 18]","[409.53, 34]",250.78,133,161.56,0.22
07:39:15,"[170.0, 25]","[168.0, 20]","[330.6, 10]","[530.78, 18]",250.3,73,160.6,0.23
07:39:16,"[169.22, 41]","[167.08, 25]","[330.0, 18]","[570.56, 36]",249.61,120,160.78,0.1
07:39:17,"[168.0, 40]","[164.0, 20]","[327.33, 24]","[368.56, 27]",247.67,111,159.33,0.08
07:39:18,"[167.33, 48]","[163.83, 24]","[321.71, 24]","[324.81, 27]",244.52,123,154.37,0.17
07:39:19,"[163.72, 25]","[162.06, 156]","[219.83, 24]","[228.54, 26]",191.78,231,56.11,0.57
07:39:20,"[162.0, 221]","[161.0, 13]","[196.72, 36]","[197.65, 20]",179.36,290,34.72,0.61
07:39:21,"[162.53, 182]","[161.87, 78]","[190.61, 51]","[191.43, 23]",176.57,334,28.08,0.56
07:39:22,"[170.0, 33]","[162.0, 187]","[189.0, 44]","[190.0, 22]",179.5,286,19.0,0.54
07:39:23,"[162.0, 210]","[161.0, 12]","[186.38, 26]","[187.83, 23]",174.19,271,24.38,0.64
07:39:24,"[162.0, 246]","[161.0, 15]","[183.0, 46]","[184.1, 40]",172.5,347,21.0,0.5
07:39:25,"[168.15, 13]","[162.1, 143]","[180.22, 36]","[181.8, 40]",174.19,232,12.07,0.34
07:39:26,"[172.0, 6]","[167.0, 6]","[177.5, 16]","[178.5, 8]",174.75,36,5.5,-0.33
07:39:27,"[172.0, 12]","[167.0, 12]","[175.17, 24]","[175.89, 35]",173.58,83,3.17,-0.42
07:39:28,"[169.92, 12]","[164.27, 22]","[173.17, 36]","[177.83, 23]",171.54,93,3.25,-0.27
07:39:29,"[167.08, 13]","[163.11, 37]","[172.31, 32]","[173.34, 59]",169.69,141,5.24,-0.29
07:39:30,"[168.0, 28]","[167.0, 13]","[170.24, 50]","[172.22, 41]",169.12,132,2.24,-0.38
07:39:31,"[168.0, 22]","[167.0, 8]","[169.12, 40]","[205.25, 16]",168.56,86,1.12,-0.3
07:39:32,"[163.5, 24]","[162.08, 114]","[436.38, 37]","[448.18, 22]",299.94,197,272.88,0.4
07:39:33,"[162.0, 104]","[161.0, 8]","[355.56, 27]","[400.32, 25]",258.78,164,193.56,0.37
07:39:34,"[162.0, 72]","[161.0, 9]","[347.5, 24]","[355.48, 31]",254.75,136,185.5,0.19
07:39:35,"[161.5, 24]","[115.44, 59]","[266.27, 55]","[302.2, 50]",213.89,188,104.77,-0.12
07:39:36,"[161.98, 55]","[140.67, 9]","[265.42, 19]","[266.36, 22]",213.7,105,103.44,0.22
07:39:37,"[162.0, 60]","[161.0, 7]","[200.88, 32]","[264.16, 19]",181.44,118,38.88,0.14
07:39:38,"[162.42, 71]","[160.65, 31]","[250.32, 41]","[266.61, 31]",206.37,174,87.89,0.17
07:39:39,"[164.0, 65]","[162.14, 84]","[260.69, 52]","[266.16, 19]",212.35,220,96.69,0.35
07:39:40,"[164.0, 47]","[163.0, 33]","[256.12, 25]","[260.06, 36]",210.06,141,92.12,0.13
07:39:41,"[164.0, 12]","[163.0, 36]","[176.57, 23]","[258.07, 43]",170.28,114,12.57,-0.16
07:39:42,"[164.0, 14]","[162.48, 62]","[173.93, 57]","[174.79, 56]",168.96,189,9.93,-0.2
07:39:43,"[164.0, 13]","[163.0, 39]","[169.8, 35]","[170.68, 60]",166.9,147,5.8,-0.29
07:39:44,"[164.0, 8]","[163.0, 24]","[166.38, 21]","[168.44, 16]",165.19,69,2.38,-0.07
07:39:45,"[163.19, 21]","[162.15, 82]","[165.35, 31]","[166.67, 15]",164.27,149,2.16,0.38
07:39:46,"[162.0, 91]","[161.0, 14]","[216.78, 36]","[319.22, 18]",189.39,159,54.78,0.32
07:39:47,"[161.3, 10]","[149.32, 25]","[229.62, 37]","[498.55, 22]",195.46,94,68.32,-0.26
07:39:48,"[157.67, 9]","[146.56, 18]","[161.53, 30]","[192.22, 36]",159.6,93,3.87,-0.42
07:39:49,"[151.69, 29]","[128.12, 33]","[161.0, 22]","[162.0, 44]",156.34,128,9.31,-0.03
07:39:50,"[159.6, 70]","[157.6, 40]","[161.4, 30]","[224.76, 37]",160.5,177,1.8,0.24
07:39:51,"[160.0, 63]","[159.0, 36]","[161.0, 15]","[162.0, 36]",160.5,150,1.0,0.32
07:39:52,"[159.95, 85]","[158.29, 49]","[161.42, 19]","[170.64, 50]",160.69,203,1.47,0.32
07:39:53,"[160.0, 56]","[157.26, 50]","[222.19, 54]","[489.53, 45]",191.09,205,62.19,0.03
07:39:54,"[161.2, 20]","[152.0, 5]","[211.0, 15]","[566.6, 5]",186.1,45,49.8,0.11
07:39:55,"[162.38, 40]","[159.55, 22]","[241.29, 21]","[560.0, 7]",201.83,90,78.91,0.38
07:39:56,"[163.75, 40]","[162.0, 40]","[411.57, 21]","[518.9, 10]",287.66,111,247.82,0.44
07:39:57,"[164.5, 46]","[162.6, 52]","[215.1, 29]","[411.33, 21]",189.8,148,50.6,0.32
07:39:58,"[168.0, 40]","[167.0, 8]","[316.79, 14]","[415.57, 21]",242.39,83,148.79,0.16
07:39:59,"[168.0, 32]","[167.0, 10]","[305.0, 10]","[367.0, 30]",236.5,82,137.0,0.02
07:40:00,"[163.27, 60]","[162.21, 39]","[323.46, 13]","[440.26, 31]",243.36,143,160.19,0.38
07:40:01,"[163.0, 48]","[162.0, 30]","[406.58, 12]","[474.86, 14]",284.79,104,243.58,0.5
07:40:02,"[162.53, 86]","[161.45, 77]","[259.74, 62]","[318.0, 42]",211.14,267,97.21,0.22
07:40:03,"[162.0, 48]","[161.0, 42]","[200.0, 35]","[251.57, 21]",181.0,146,38.0,0.23
07:40:04,"[162.0, 38]","[161.0, 54]","[197.93, 43]","[309.1, 31]",179.97,166,35.93,0.11
07:40:05,"[162.0, 72]","[161.0, 78]","[196.6, 53]","[197.62, 64]",179.3,267,34.6,0.12
07:40:06,"[162.19, 42]","[160.43, 53]","[194.19, 31]","[194.9, 49]",178.19,175,32.0,0.09
07:40:07,"[162.0, 55]","[158.11, 35]","[191.47, 36]","[193.68, 37]",176.74,163,29.47,0.1
07:40:08,"[162.0, 40]","[161.0, 40]","[190.72, 36]","[192.16, 19]",176.36,135,28.72,0.19
07:40:09,"[162.0, 41]","[161.0, 55]","[188.62, 32]","[189.38, 29]",175.31,157,26.62,0.22
07:40:10,"[162.0, 66]","[161.0, 55]","[185.11, 27]","[185.59, 34]",173.56,182,23.11,0.33
07:40:11,"[162.0, 60]","[161.0, 70]","[181.29, 17]","[182.06, 35]",171.65,182,19.29,0.43
07:40:12,"[164.83, 24]","[161.84, 51]","[178.46, 24]","[179.75, 40]",171.65,139,13.62,0.08
07:40:13,"[170.0, 72]","[164.0, 19]","[175.29, 34]","[177.06, 31]",172.65,156,5.29,0.17
07:40:14,"[170.0, 70]","[166.4, 30]","[172.05, 39]","[174.38, 26]",171.03,165,2.05,0.21
07:40:15,"[168.67, 81]","[167.91, 129]","[186.57, 37]","[251.06, 16]",177.62,263,17.9,0.6
07:40:16,"[168.0, 186]","[164.0, 12]","[200.92, 24]","[287.81, 36]",184.46,258,32.92,0.53
07:40:17,"[169.0, 52]","[167.71, 92]","[180.75, 8]","[341.78, 23]",174.88,175,11.75,0.65
07:40:18,"[168.23, 70]","[167.49, 106]","[179.0, 10]","[251.35, 46]",173.61,232,10.77,0.52
07:40:19,"[168.0, 88]","[167.0, 72]","[177.75, 8]","[199.0, 40]",172.88,208,9.75,0.54
07:40:20,"[168.0, 121]","[167.0, 99]","[174.91, 11]","[187.95, 19]",171.45,250,6.91,0.76
07:40:21,"[168.62, 29]","[167.92, 108]","[172.6, 10]","[174.2, 10]",170.61,157,3.98,0.75
07:40:22,"[168.04, 85]","[167.27, 123]","[169.85, 13]","[221.12, 17]",168.94,238,1.81,0.75
07:40:23,"[168.0, 63]","[167.0, 90]","[230.71, 14]","[352.8, 30]",199.36,197,62.71,0.55
07:40:24,"[170.18, 33]","[167.53, 57]","[489.89, 27]","[536.19, 43]",330.04,160,319.71,0.12
07:40:25,"[172.0, 18]","[168.0, 30]","[478.6, 20]","[532.21, 28]",325.3,96,306.6,0.0
07:40:26,"[172.0, 11]","[168.0, 35]","[333.2, 25]","[503.35, 31]",252.6,102,161.2,-0.1
07:40:27,"[172.0, 12]","[168.0, 60]","[256.25, 20]","[371.21, 42]",214.12,134,84.25,0.07
07:40:28,"[170.57, 14]","[167.83, 54]","[254.3, 10]","[410.6, 30]",212.44,108,83.73,0.26
07:40:29,"[168.0, 65]","[167.0, 117]","[252.0, 25]","[261.6, 45]",210.0,252,84.0,0.44
07:40:30,"[168.0, 40]","[167.0, 72]","[228.4, 30]","[245.19, 26]",198.2,168,60.4,0.33
07:40:31,"[168.0, 40]","[167.0, 99]","[201.86, 43]","[212.78, 27]",184.93,209,33.86,0.33
07:40:32,"[168.0, 30]","[167.0, 140]","[199.03, 67]","[200.43, 23]",183.51,260,31.03,0.31
07:40:33,"[167.06, 105]","[165.39, 137]","[197.91, 34]","[197.46, 50]",182.48,326,30.85,0.48
07:40:34,"[167.3, 23]","[166.42, 69]","[194.56, 9]","[197.0, 45]",180.93,146,27.25,0.26
07:40:35,"[167.4, 20]","[166.3, 86]","[193.02, 51]","[195.0, 15]",180.21,172,25.62,0.23
07:40:36,"[167.0, 28]","[165.0, 70]","[191.45, 11]","[192.06, 31]",179.23,140,24.45,0.4
07:40:37,"[167.29, 68]","[165.24, 136]","[187.19, 32]","[189.16, 64]",177.24,300,19.89,0.36
07:40:38,"[168.0, 40]","[167.0, 32]","[183.75, 8]","[185.84, 32]",175.88,112,15.75,0.29
07:40:39,"[167.96, 94]","[166.76, 82]","[179.33, 27]","[180.51, 47]",173.65,250,11.38,0.41
07:40:40,"[167.0, 36]","[165.0, 90]","[175.2, 25]","[176.56, 9]",171.1,160,8.2,0.57
07:40:41,"[165.81, 67]","[164.63, 142]","[174.07, 61]","[175.41, 17]",169.94,287,8.26,0.46
07:40:42,"[165.31, 78]","[164.35, 139]","[170.89, 28]","[173.34, 58]",168.1,303,5.59,0.43
07:40:43,"[164.19, 240]","[163.96, 110]","[167.6, 86]","[169.23, 22]",165.9,458,3.41,0.53
07:40:44,"[164.0, 146]","[163.0, 59]","[166.76, 41]","[167.38, 37]",165.38,283,2.76,0.45
07:40:45,"[164.0, 95]","[163.0, 55]","[165.73, 55]","[354.0, 55]",164.86,260,1.73,0.15
07:40:46,"[164.0, 21]","[163.0, 30]","[354.43, 28]","[470.82, 34]",259.21,113,190.43,-0.1
07:40:47,"[163.4, 20]","[162.43, 56]","[376.09, 23]","[445.28, 32]",269.74,131,212.69,0.16
07:40:48,"[163.45, 11]","[162.48, 31]","[387.67, 21]","[442.34, 29]",275.56,92,224.21,-0.09
07:40:49,"[163.67, 12]","[162.6, 40]","[213.0, 20]","[438.42, 36]",188.33,108,49.33,-0.04
07:40:50,"[163.4, 20]","[162.14, 56]","[212.0, 20]","[344.16, 37]",187.7,133,48.6,0.14
07:40:51,"[165.44, 18]","[162.5, 32]","[211.2, 20]","[458.69, 29]",188.32,99,45.76,0.01
07:40:52,"[164.59, 29]","[164.8, 129]","[211.0, 24]","[686.59, 29]",187.79,211,46.41,0.5
07:40:53,"[168.17, 70]","[167.96, 112]","[191.29, 28]","[327.95, 21]",179.73,231,23.11,0.58
07:40:54,"[168.0, 112]","[167.0, 7]","[202.38, 16]","[514.0, 18]",185.19,153,34.38,0.56
07:40:55,"[168.0, 112]","[167.0, 7]","[209.64, 11]","[307.0, 12]",188.82,142,41.64,0.68
07:40:56,"[168.0, 112]","[167.0, 7]","[194.11, 9]","[198.87, 15]",181.06,143,26.11,0.66
07:40:57,"[168.0, 160]","[167.0, 10]","[180.36, 22]","[181.67, 21]",174.18,213,12.36,0.6
07:40:58,"[168.0, 228]","[167.0, 18]","[174.58, 62]","[175.41, 44]",171.29,352,6.58,0.4
07:40:59,"[168.0, 87]","[167.0, 9]","[169.81, 32]","[171.05, 19]",168.91,147,1.81,0.31
07:41:00,"[167.26, 38]","[165.0, 14]","[264.93, 44]","[485.89, 35]",216.1,131,97.67,-0.21
07:41:01,"[171.0, 32]","[163.33, 6]","[457.0, 18]","[688.0, 18]",314.0,74,286.0,0.03
07:41:02,"[172.0, 210]","[164.0, 15]","[293.73, 45]","[344.0, 45]",232.87,315,121.73,0.43
07:41:03,"[172.0, 168]","[164.0, 12]","[279.75, 36]","[283.0, 36]",225.88,252,107.75,0.43
07:41:04,"[172.0, 180]","[165.83, 24]","[267.08, 39]","[269.92, 39]",219.54,282,95.08,0.45
07:41:05,"[172.0, 111]","[169.29, 28]","[265.45, 33]","[492.87, 45]",218.73,217,93.45,0.28
07:41:06,"[172.0, 37]","[170.0, 18]","[264.33, 18]","[329.33, 18]",218.17,91,92.33,0.21
07:41:07,"[171.89, 38]","[169.84, 37]","[212.46, 39]","[303.0, 45]",192.18,159,40.57,-0.06
07:41:08,"[170.0, 16]","[164.0, 8]","[209.83, 18]","[394.56, 34]",189.92,76,39.83,-0.37
07:41:09,"[170.0, 18]","[164.0, 9]","[207.46, 13]","[209.26, 23]",188.73,63,37.46,-0.14
07:41:10,"[170.0, 20]","[163.7, 10]","[202.8, 20]","[203.45, 20]",186.4,70,32.8,-0.14
07:41:11,"[170.0, 20]","[164.0, 10]","[199.0, 14]","[214.5, 24]",184.5,68,29.0,-0.12
07:41:12,"[163.78, 18]","[162.04, 57]","[197.11, 9]","[198.11, 9]",180.44,93,33.33,0.61
07:41:13,"[162.12, 64]","[156.58, 36]","[193.53, 15]","[195.21, 14]",177.83,129,31.41,0.55
07:41:14,"[163.32, 76]","[159.58, 43]","[191.69, 13]","[192.82, 22]",177.5,154,28.38,0.55
07:41:15,"[167.0, 56]","[162.0, 98]","[187.21, 14]","[188.64, 14]",177.11,182,20.21,0.69
07:41:16,"[167.59, 49]","[164.22, 63]","[184.74, 19]","[185.41, 17]",176.16,148,17.15,0.51
07:41:17,"[168.0, 76]","[167.0, 64]","[181.12, 25]","[182.0, 23]",174.56,188,13.12,0.49
07:41:18,"[169.42, 124]","[167.44, 72]","[175.92, 26]","[176.87, 30]",172.67,252,6.5,0.56
07:41:19,"[172.0, 83]","[168.0, 96]","[184.38, 13]","[242.32, 25]",178.19,217,12.38,0.65
07:41:20,"[172.0, 24]","[168.0, 64]","[247.0, 16]","[371.53, 17]",209.5,121,75.0,0.45
07:41:21,"[172.0, 30]","[168.0, 80]","[232.38, 26]","[324.6, 20]",202.19,156,60.38,0.41
07:41:22,"[172.0, 30]","[168.0, 80]","[285.8, 20]","[381.2, 20]",228.9,150,113.8,0.47
07:41:23,"[172.0, 36]","[168.0, 96]","[243.36, 33]","[355.25, 24]",207.68,189,71.36,0.4
07:41:24,"[172.0, 22]","[168.0, 64]","[221.0, 24]","[308.0, 16]",196.5,126,49.0,0.37
07:41:25,"[170.0, 36]","[167.86, 84]","[220.0, 12]","[221.0, 36]",195.0,168,50.0,0.43
07:41:26,"[168.0, 69]","[167.0, 48]","[220.0, 12]","[298.24, 29]",194.0,158,52.0,0.48
07:41:27,"[167.0, 48]","[164.0, 120]","[190.86, 21]","[261.75, 16]",178.93,205,23.86,0.64
07:41:28,"[167.0, 24]","[164.0, 60]","[220.0, 6]","[439.25, 16]",193.5,106,53.0,0.58
07:41:29,"[167.0, 20]","[164.0, 44]","[186.33, 9]","[383.18, 11]",176.67,84,19.33,0.52
07:41:30,"[167.0, 44]","[164.0, 106]","[177.68, 25]","[269.04, 25]",172.34,200,10.68,0.5
07:41:31,"[168.4, 15]","[165.68, 50]","[217.0, 9]","[342.22, 27]",192.7,101,48.6,0.29
07:41:32,"[167.3, 20]","[164.32, 74]","[216.88, 8]","[353.0, 24]",192.09,126,49.57,0.49
07:41:33,"[167.0, 39]","[164.0, 143]","[213.69, 13]","[353.0, 39]",190.35,234,46.69,0.56
07:41:34,"[165.0, 54]","[163.65, 102]","[210.0, 30]","[211.0, 10]",187.5,196,45.0,0.59
07:41:35,"[164.0, 81]","[163.0, 81]","[209.22, 27]","[211.0, 9]",186.61,198,45.22,0.64
07:41:36,"[165.35, 37]","[163.96, 67]","[208.6, 25]","[209.58, 19]",186.98,148,43.25,0.41
07:41:37,"[172.0, 10]","[167.4, 30]","[192.22, 46]","[207.08, 26]",182.11,112,20.22,-0.29
07:41:38,"[168.25, 32]","[164.32, 76]","[206.81, 26]","[207.32, 22]",187.53,156,38.56,0.38
07:41:39,"[168.0, 30]","[164.0, 70]","[205.1, 10]","[206.75, 24]",186.55,134,37.1,0.49
07:41:40,"[166.05, 41]","[163.53, 92]","[201.95, 21]","[202.74, 19]",184.0,173,35.9,0.54
07:41:41,"[163.12, 127]","[162.38, 125]","[198.96, 24]","[199.81, 16]",181.04,292,35.84,0.73
07:41:42,"[165.56, 100]","[162.74, 129]","[195.19, 31]","[197.07, 15]",180.38,275,29.63,0.67
07:41:43,"[167.0, 112]","[163.0, 126]","[193.4, 30]","[194.19, 62]",180.2,330,26.4,0.44
07:41:44,"[164.23, 78]","[162.39, 69]","[190.58, 31]","[191.12, 17]",177.41,195,26.35,0.51
07:41:45,"[163.0, 126]","[162.0, 98]","[186.36, 28]","[189.78, 40]",174.68,292,23.36,0.53
07:41:46,"[164.69, 78]","[162.76, 143]","[174.27, 60]","[178.57, 47]",169.48,328,9.57,0.35
07:41:47,"[163.12, 65]","[162.15, 123]","[166.78, 36]","[169.0, 40]",164.95,264,3.65,0.42
07:41:48,"[162.79, 70]","[160.68, 168]","[164.8, 49]","[182.21, 56]",163.79,343,2.01,0.39
07:41:49,"[168.0, 39]","[162.0, 140]","[218.14, 37]","[354.69, 49]",193.07,265,50.14,0.35
07:41:50,"[167.13, 46]","[163.07, 73]","[211.0, 30]","[273.0, 10]",189.07,159,43.87,0.5
07:41:51,"[170.0, 50]","[168.0, 40]","[211.0, 30]","[273.0, 10]",190.5,130,41.0,0.38
07:41:52,"[170.0, 40]","[168.0, 32]","[206.69, 29]","[218.64, 14]",188.34,115,36.69,0.25
07:41:53,"[170.0, 52]","[168.0, 48]","[203.75, 24]","[205.0, 60]",186.88,184,33.75,0.09
07:41:54,"[168.56, 25]","[165.05, 61]","[200.92, 13]","[203.0, 26]",184.74,125,32.36,0.38
07:41:55,"[168.0, 20]","[164.0, 35]","[197.45, 11]","[201.0, 10]",182.73,76,29.45,0.45
07:41:56,"[168.0, 27]","[164.0, 45]","[196.33, 18]","[198.0, 9]",182.17,99,28.33,0.45
07:41:57,"[169.78, 27]","[166.17, 35]","[194.9, 20]","[197.08, 13]",182.34,95,25.12,0.31
07:41:58,"[172.0, 16]","[168.0, 24]","[192.77, 13]","[194.0, 11]",182.38,64,20.77,0.25
07:41:59,"[172.0, 26]","[168.0, 39]","[189.67, 24]","[190.93, 15]",180.83,104,17.67,0.25
07:42:00,"[169.71, 14]","[164.73, 49]","[185.25, 16]","[187.18, 17]",177.48,96,15.54,0.31
07:42:01,"[168.0, 10]","[164.0, 50]","[181.25, 16]","[181.86, 14]",174.62,90,13.25,0.33
07:42:02,"[166.43, 23]","[163.7, 142]","[177.23, 22]","[178.52, 33]",171.83,220,10.79,0.5
07:42:03,"[166.18, 68]","[162.83, 159]","[175.73, 15]","[177.0, 30]",170.95,272,9.56,0.67
07:42:04,"[164.27, 44]","[162.95, 128]","[173.32, 19]","[174.26, 19]",168.79,210,9.04,0.64
07:42:05,"[167.57, 37]","[165.92, 78]","[171.14, 21]","[172.4, 15]",169.36,151,3.58,0.52
07:42:06,"[167.0, 43]","[163.24, 191]","[168.47, 30]","[170.74, 27]",167.73,291,1.47,0.61
07:42:07,"[166.57, 14]","[163.01, 176]","[168.0, 28]","[184.21, 14]",167.29,232,1.43,0.64
07:42:08,"[163.02, 113]","[162.13, 103]","[168.0, 20]","[169.0, 50]",165.51,286,4.98,0.51
07:42:09,"[162.54, 145]","[161.71, 192]","[166.5, 32]","[168.06, 47]",164.52,416,3.96,0.62
07:42:10,"[162.08, 196]","[161.27, 198]","[165.52, 31]","[166.72, 36]",163.8,461,3.43,0.71
07:42:11,"[162.0, 122]","[161.0, 80]","[164.0, 12]","[197.04, 25]",163.0,239,2.0,0.69
07:42:12,"[162.21, 114]","[161.45, 146]","[165.57, 35]","[248.45, 67]",163.89,362,3.36,0.44
07:42:13,"[162.0, 60]","[161.0, 72]","[163.67, 18]","[316.17, 35]",162.83,185,1.67,0.43
07:42:14,"[162.0, 24]","[161.0, 64]","[178.87, 15]","[457.97, 29]",170.43,132,16.87,0.33
07:42:15,"[162.0, 11]","[161.0, 88]","[382.45, 33]","[490.22, 18]",272.23,150,220.45,0.32
07:42:16,"[164.85, 40]","[161.27, 22]","[404.3, 10]","[520.81, 36]",284.57,108,239.45,0.15
07:42:17,"[165.0, 14]","[162.0, 8]","[391.0, 7]","[568.32, 25]",278.0,54,226.0,-0.19
07:42:18,"[166.8, 10]","[165.0, 10]","[400.57, 7]","[615.38, 13]",283.69,40,233.77,0.0
07:42:19,"[168.0, 10]","[165.0, 10]","[377.33, 15]","[554.67, 9]",272.67,44,209.33,-0.09
07:42:20,"[168.0, 16]","[165.0, 16]","[327.68, 28]","[601.07, 14]",247.84,74,159.68,-0.14
07:42:21,"[168.0, 20]","[165.0, 20]","[242.89, 28]","[422.2, 30]",205.45,98,74.89,-0.18
07:42:22,"[166.0, 20]","[164.4, 20]","[214.67, 36]","[355.55, 33]",190.33,109,48.67,-0.27
07:42:23,"[165.89, 18]","[164.67, 18]","[440.83, 36]","[498.11, 27]",303.36,99,274.94,-0.27
07:42:24,"[165.0, 26]","[162.0, 26]","[441.4, 50]","[461.51, 41]",303.2,143,276.4,-0.27
07:42:25,"[165.0, 18]","[162.0, 27]","[378.26, 19]","[433.61, 36]",271.63,100,213.26,-0.1
07:42:26,"[166.64, 22]","[162.23, 26]","[355.86, 21]","[433.5, 36]",261.25,105,189.22,-0.09
07:42:27,"[169.8, 20]","[163.5, 24]","[390.3, 20]","[469.0, 40]",280.05,104,220.5,-0.15
07:42:28,"[165.0, 6]","[162.0, 18]","[390.0, 12]","[484.0, 30]",277.5,66,225.0,-0.27
07:42:29,"[160.55, 58]","[153.95, 78]","[307.14, 21]","[394.26, 19]",233.85,176,146.59,0.55
07:42:30,"[160.43, 138]","[143.48, 92]","[273.2, 20]","[320.4, 20]",216.82,270,112.77,0.7
07:42:31,"[160.5, 186]","[153.92, 182]","[255.27, 30]","[268.17, 36]",207.88,434,94.77,0.7
07:42:32,"[164.73, 82]","[161.2, 149]","[221.29, 34]","[237.16, 31]",193.01,296,56.56,0.56
07:42:33,"[168.0, 54]","[167.0, 51]","[224.58, 24]","[241.48, 21]",196.29,150,56.58,0.4
07:42:34,"[168.0, 78]","[167.0, 91]","[220.16, 37]","[221.29, 28]",194.08,234,52.16,0.44
07:42:35,"[168.0, 62]","[167.0, 98]","[217.16, 31]","[218.43, 35]",192.58,226,49.16,0.42
07:42:36,"[168.0, 103]","[167.0, 64]","[208.37, 27]","[214.26, 31]",188.19,225,40.37,0.48
07:42:37,"[168.0, 210]","[167.0, 45]","[186.43, 37]","[193.89, 38]",177.22,330,18.43,0.55
07:42:38,"[168.14, 87]","[167.7, 60]","[183.44, 18]","[185.09, 22]",175.79,187,15.31,0.57
07:42:39,"[172.0, 16]","[170.0, 64]","[179.86, 36]","[181.23, 39]",175.93,155,7.86,0.03
07:42:40,"[172.0, 9]","[170.0, 36]","[174.19, 26]","[175.47, 19]",173.1,90,2.19,0.0
07:42:41,"[170.18, 22]","[168.13, 120]","[172.0, 24]","[175.27, 22]",171.09,188,1.82,0.51
07:42:42,"[168.14, 100]","[167.86, 131]","[171.0, 26]","[305.19, 21]",169.57,278,2.86,0.66
07:42:43,"[168.0, 172]","[167.0, 42]","[170.29, 28]","[400.7, 20]",169.14,262,2.29,0.63
07:42:44,"[168.0, 84]","[167.0, 24]","[191.22, 18]","[240.8, 20]",179.61,146,23.22,0.48
07:42:45,"[168.0, 80]","[166.64, 22]","[202.59, 22]","[475.0, 18]",185.3,142,34.59,0.44
07:42:46,"[168.0, 80]","[166.93, 28]","[290.2, 30]","[486.44, 16]",229.1,154,122.2,0.4
07:42:47,"[168.0, 136]","[167.0, 51]","[261.22, 37]","[434.94, 49]",214.61,273,93.22,0.37
07:42:48,"[168.0, 67]","[167.0, 27]","[260.0, 36]","[395.33, 27]",214.0,157,92.0,0.2
07:42:49,"[167.91, 32]","[166.95, 40]","[377.42, 48]","[513.71, 42]",272.66,162,209.51,-0.11
07:42:50,"[167.92, 24]","[166.68, 50]","[286.94, 47]","[438.07, 54]",227.43,175,119.02,-0.15
07:42:51,"[167.0, 9]","[165.0, 36]","[348.8, 30]","[413.59, 29]",257.9,104,181.8,-0.13
07:42:52,"[164.6, 25]","[163.73, 55]","[252.76, 37]","[253.64, 33]",208.68,150,88.16,0.07
07:42:53,"[164.0, 60]","[163.0, 105]","[251.27, 45]","[285.51, 41]",207.63,251,87.27,0.31
07:42:54,"[164.19, 54]","[163.09, 85]","[214.54, 52]","[243.98, 41]",189.36,232,50.35,0.2
07:42:55,"[164.0, 44]","[163.0, 77]","[213.24, 42]","[238.97, 35]",188.62,198,49.24,0.22
07:42:56,"[168.8, 50]","[163.41, 59]","[208.97, 39]","[210.68, 38]",188.89,186,40.17,0.17
07:42:57,"[172.0, 55]","[164.0, 44]","[204.24, 38]","[205.38, 39]",188.12,176,32.24,0.12
07:42:58,"[172.0, 22]","[164.0, 40]","[202.0, 30]","[204.0, 40]",187.0,132,30.0,-0.06
07:42:59,"[172.0, 12]","[164.0, 48]","[198.87, 45]","[199.91, 44]",185.43,149,26.87,-0.19
07:43:00,"[171.58, 19]","[165.46, 82]","[194.17, 72]","[196.25, 64]",182.87,237,22.59,-0.15
07:43:01,"[163.29, 59]","[162.42, 55]","[189.33, 36]","[190.27, 44]",176.31,194,26.05,0.18
07:43:02,"[164.84, 19]","[162.74, 47]","[188.78, 23]","[189.89, 27]",176.81,116,23.94,0.14
07:43:03,"[167.15, 78]","[162.78, 63]","[187.58, 72]","[188.89, 47]",177.37,260,20.43,0.08
07:43:04,"[169.45, 11]","[164.5, 8]","[183.11, 19]","[188.17, 36]",176.28,74,13.65,-0.49
07:43:05,"[168.0, 11]","[164.0, 11]","[183.92, 36]","[184.61, 28]",175.96,86,15.92,-0.49
07:43:06,"[168.0, 9]","[164.88, 16]","[178.8, 15]","[179.8, 30]",173.4,70,10.8,-0.29
07:43:07,"[168.0, 13]","[165.0, 26]","[175.31, 36]","[176.61, 31]",171.65,106,7.31,-0.26
07:43:08,"[166.88, 16]","[164.87, 23]","[171.55, 47]","[172.38, 47]",169.21,133,4.68,-0.41
07:43:09,"[165.0, 20]","[164.0, 10]","[168.78, 23]","[170.21, 34]",166.89,87,3.78,-0.31
07:43:10,"[163.6, 20]","[162.4, 15]","[167.5, 12]","[168.31, 13]",165.55,60,3.9,0.17
07:43:11,"[163.0, 33]","[162.0, 84]","[165.43, 42]","[166.89, 36]",164.21,195,2.43,0.2
07:43:12,"[161.73, 37]","[158.74, 62]","[163.22, 46]","[164.83, 48]",162.47,193,1.49,0.03
07:43:13,"[159.62, 8]","[153.16, 43]","[210.61, 28]","[430.5, 16]",185.12,95,50.98,0.07
07:43:14,"[159.0, 9]","[153.0, 54]","[163.0, 36]","[516.47, 15]",161.0,114,4.0,0.11
07:43:15,"[161.0, 11]","[159.0, 11]","[163.0, 44]","[441.39, 33]",162.0,99,2.0,-0.56
07:43:16,"[162.0, 23]","[159.0, 7]","[163.0, 23]","[223.38, 26]",162.5,79,1.0,-0.24
07:43:17,"[162.0, 102]","[157.88, 8]","[163.0, 24]","[222.0, 40]",162.5,174,1.0,0.26
07:43:18,"[162.0, 123]","[156.0, 12]","[163.0, 36]","[271.92, 50]",162.5,221,1.0,0.22
07:43:19,"[162.0, 80]","[156.0, 9]","[213.65, 31]","[344.0, 34]",187.82,154,51.65,0.16
07:43:20,"[162.0, 56]","[156.0, 8]","[315.68, 28]","[366.33, 21]",238.84,113,153.68,0.13
07:43:21,"[162.0, 48]","[153.62, 8]","[242.05, 22]","[329.71, 28]",202.02,106,80.05,0.06
07:43:22,"[162.0, 106]","[155.7, 126]","[209.04, 47]","[315.95, 37]",185.52,316,47.04,0.47
07:43:23,"[162.0, 84]","[156.0, 132]","[173.42, 36]","[174.42, 36]",167.71,288,11.42,0.5
07:43:24,"[162.0, 54]","[156.0, 110]","[172.2, 30]","[174.0, 30]",167.1,224,10.2,0.46
07:43:25,"[162.0, 37]","[156.0, 99]","[170.56, 27]","[171.56, 27]",166.28,190,8.56,0.43
07:43:26,"[162.0, 45]","[156.0, 99]","[167.56, 27]","[169.22, 27]",164.78,198,5.56,0.45
07:43:27,"[162.44, 45]","[156.69, 87]","[166.33, 27]","[169.0, 27]",164.39,186,3.89,0.42
07:43:28,"[162.4, 50]","[159.68, 34]","[165.06, 48]","[195.12, 52]",163.73,184,2.66,-0.09
07:43:29,"[155.94, 52]","[151.02, 99]","[163.43, 42]","[290.72, 57]",159.69,250,7.49,0.21
07:43:30,"[155.0, 140]","[120.0, 60]","[160.67, 36]","[217.27, 44]",157.83,280,5.67,0.43
07:43:31,"[155.0, 40]","[118.0, 24]","[160.0, 4]","[161.0, 12]",157.5,80,5.0,0.6
07:43:32,"[154.52, 105]","[130.82, 76]","[159.18, 17]","[165.12, 32]",156.85,230,4.65,0.57
07:43:33,"[155.0, 40]","[126.18, 39]","[158.0, 16]","[161.0, 16]",156.5,111,3.0,0.42
07:43:34,"[156.08, 60]","[143.12, 81]","[158.0, 24]","[161.0, 24]",157.04,189,1.92,0.49
07:43:35,"[157.0, 40]","[153.0, 96]","[265.21, 33]","[394.79, 38]",211.11,207,108.21,0.31
07:43:36,"[164.81, 48]","[158.34, 91]","[196.0, 42]","[379.29, 56]",180.41,237,31.19,0.17
07:43:37,"[169.78, 83]","[166.66, 29]","[196.0, 27]","[448.0, 36]",182.89,175,26.22,0.28
07:43:38,"[170.0, 143]","[168.0, 39]","[194.89, 27]","[217.04, 46]",182.44,255,24.89,0.43
07:43:39,"[170.0, 72]","[168.0, 21]","[190.14, 22]","[193.46, 13]",180.07,128,20.14,0.45
07:43:40,"[170.0, 66]","[168.0, 33]","[183.63, 35]","[184.87, 31]",176.81,165,13.63,0.2
07:43:41,"[170.0, 36]","[168.0, 36]","[178.1, 30]","[179.38, 34]",174.05,136,8.1,0.06
07:43:42,"[168.88, 32]","[166.4, 45]","[172.95, 37]","[174.6, 20]",170.91,134,4.07,0.15
07:43:43,"[168.0, 11]","[165.0, 36]","[170.96, 25]","[171.73, 11]",169.48,83,2.96,0.13
07:43:44,"[168.0, 7]","[165.0, 28]","[169.29, 7]","[171.0, 21]",168.64,63,1.29,0.11
07:43:45,"[165.39, 46]","[164.44, 54]","[167.57, 21]","[169.84, 31]",166.48,152,2.18,0.32
07:43:46,"[165.0, 27]","[164.0, 27]","[166.0, 9]","[188.9, 21]",165.5,84,1.0,0.29
07:43:47,"[164.14, 14]","[163.43, 14]","[292.81, 16]","[475.07, 28]",228.48,72,128.67,-0.22
07:43:48,"[163.58, 24]","[162.44, 18]","[168.73, 45]","[338.09, 43]",166.16,130,5.15,-0.35
07:43:49,"[162.57, 7]","[161.57, 7]","[164.0, 25]","[166.0, 15]",163.29,54,1.43,-0.48
07:43:50,"[161.67, 6]","[130.29, 14]","[163.78, 23]","[404.18, 22]",162.72,65,2.12,-0.38
07:43:51,"[161.81, 26]","[97.79, 28]","[439.75, 32]","[675.12, 34]",300.78,120,277.94,-0.1
07:43:52,"[164.0, 16]","[162.5, 28]","[173.36, 14]","[303.0, 20]",168.68,78,9.36,0.13
07:43:53,"[163.22, 46]","[162.56, 27]","[173.0, 27]","[174.0, 45]",168.11,145,9.78,0.01
07:43:54,"[163.0, 54]","[161.89, 9]","[172.24, 25]","[174.0, 45]",167.62,133,9.24,-0.05
07:43:55,"[163.0, 60]","[162.0, 10]","[170.23, 22]","[201.1, 29]",166.61,121,7.23,0.16
07:43:56,"[163.0, 80]","[162.0, 12]","[166.58, 12]","[170.0, 60]",164.79,164,3.58,0.12
07:43:57,"[163.0, 35]","[162.0, 7]","[165.0, 7]","[225.71, 35]",164.0,84,2.0,0.0
07:43:58,"[163.0, 45]","[162.0, 9]","[164.89, 9]","[346.05, 39]",163.94,102,1.89,0.06
07:43:59,"[163.08, 50]","[162.44, 18]","[393.57, 23]","[508.35, 46]",278.32,137,230.49,-0.01
07:44:00,"[164.69, 51]","[163.38, 52]","[310.68, 41]","[404.13, 30]",237.68,174,146.0,0.18
07:44:01,"[165.97, 74]","[165.17, 78]","[259.49, 41]","[260.26, 47]",212.73,240,93.51,0.27
07:44:02,"[170.0, 42]","[168.0, 70]","[259.0, 30]","[260.0, 50]",214.5,192,89.0,0.17
07:44:03,"[170.0, 11]","[168.0, 121]","[258.36, 33]","[303.82, 55]",214.18,220,88.36,0.2
07:44:04,"[170.0, 13]","[168.0, 143]","[302.27, 52]","[317.92, 65]",236.13,273,132.27,0.14
07:44:05,"[168.1, 58]","[166.77, 56]","[287.16, 25]","[307.31, 32]",227.63,171,119.06,0.33
07:44:06,"[168.0, 83]","[165.0, 36]","[250.56, 45]","[305.0, 36]",209.28,200,82.56,0.19
07:44:07,"[168.0, 42]","[165.0, 36]","[290.5, 36]","[305.5, 24]",229.25,138,122.5,0.13
07:44:08,"[168.0, 80]","[165.0, 64]","[189.22, 67]","[199.63, 71]",178.61,282,21.22,0.02
07:44:09,"[168.18, 22]","[165.27, 44]","[187.2, 30]","[193.43, 42]",177.69,138,19.02,-0.04
07:44:10,"[166.41, 39]","[165.54, 57]","[184.8, 40]","[186.88, 68]",175.61,204,18.39,-0.06
07:44:11,"[165.0, 40]","[164.0, 50]","[182.5, 32]","[183.29, 28]",173.75,150,17.5,0.2
07:44:12,"[165.0, 44]","[164.0, 55]","[176.49, 35]","[181.3, 40]",170.74,174,11.49,0.14
07:44:13,"[165.41, 39]","[164.24, 66]","[170.92, 48]","[178.45, 58]",168.16,211,5.51,-0.0
07:44:14,"[162.65, 83]","[158.74, 58]","[178.62, 64]","[179.69, 64]",170.64,269,15.97,0.05
07:44:15,"[162.54, 103]","[158.27, 83]","[174.53, 60]","[175.93, 60]",168.54,306,11.99,0.22
07:44:16,"[163.0, 117]","[162.0, 54]","[171.67, 36]","[172.89, 36]",167.33,243,8.67,0.41
07:44:17,"[163.0, 91]","[162.0, 42]","[170.57, 28]","[172.0, 28]",166.79,189,7.57,0.41
07:44:18,"[163.0, 143]","[162.0, 66]","[168.55, 44]","[169.64, 44]",165.77,297,5.55,0.41
07:44:19,"[163.0, 178]","[162.0, 60]","[166.9, 40]","[168.2, 40]",164.95,318,3.9,0.5
07:44:20,"[163.0, 275]","[162.0, 132]","[164.93, 60]","[184.02, 50]",163.97,517,1.93,0.57
07:44:21,"[163.0, 173]","[162.0, 156]","[185.82, 40]","[412.31, 39]",174.41,408,22.82,0.61
07:44:22,"[163.0, 130]","[162.0, 122]","[188.1, 30]","[328.57, 14]",175.55,296,25.1,0.7
07:44:23,"[163.0, 117]","[162.0, 156]","[186.67, 36]","[398.28, 32]",174.83,341,23.67,0.6
07:44:24,"[169.86, 306]","[162.91, 95]","[184.31, 48]","[447.06, 48]",177.09,497,14.45,0.61
07:44:25,"[170.0, 213]","[167.81, 85]","[181.61, 31]","[225.0, 21]",175.81,350,11.61,0.7
07:44:26,"[170.0, 238]","[168.0, 126]","[180.0, 42]","[182.0, 28]",175.0,434,10.0,0.68
07:44:27,"[170.0, 120]","[168.0, 90]","[176.81, 27]","[178.26, 23]",173.41,260,6.81,0.62
07:44:28,"[170.0, 144]","[168.0, 108]","[172.44, 25]","[173.4, 35]",171.22,312,2.44,0.62
07:44:29,"[170.0, 99]","[168.0, 81]","[171.35, 23]","[180.5, 16]",170.67,219,1.35,0.64
07:44:30,"[170.0, 54]","[168.0, 54]","[171.5, 16]","[179.5, 8]",170.75,132,1.5,0.64
07:44:31,"[170.0, 31]","[168.0, 81]","[182.69, 13]","[318.25, 16]",176.35,141,12.69,0.59
07:44:32,"[170.0, 27]","[168.0, 81]","[207.62, 16]","[358.0, 25]",188.81,149,37.62,0.45
07:44:33,"[170.0, 16]","[168.0, 72]","[182.09, 22]","[295.67, 18]",176.05,128,12.09,0.38
07:44:34,"[170.0, 14]","[168.0, 126]","[293.1, 30]","[466.08, 26]",231.55,196,123.1,0.43
07:44:35,"[170.0, 8]","[168.0, 75]","[184.0, 16]","[199.0, 24]",177.0,123,14.0,0.35
07:44:36,"[168.61, 23]","[167.82, 88]","[183.2, 30]","[382.41, 17]",175.9,158,14.59,0.41
07:44:37,"[168.0, 64]","[164.0, 16]","[182.88, 32]","[356.62, 16]",175.44,128,14.88,0.25
07:44:38,"[168.0, 88]","[164.0, 22]","[181.09, 44]","[397.44, 16]",174.55,170,13.09,0.29
07:44:39,"[168.0, 54]","[164.0, 12]","[178.62, 26]","[429.71, 28]",173.31,120,10.62,0.1
07:44:40,"[168.0, 88]","[166.58, 57]","[176.0, 55]","[179.0, 44]",172.0,244,8.0,0.19
07:44:41,"[168.0, 96]","[167.0, 84]","[174.75, 60]","[179.0, 48]",171.38,288,6.75,0.25
07:44:42,"[168.14, 118]","[167.07, 105]","[174.0, 75]","[179.0, 60]",171.07,358,5.86,0.25
07:44:43,"[170.29, 49]","[167.81, 112]","[173.5, 80]","[217.28, 67]",171.89,308,3.21,0.05
07:44:44,"[168.0, 78]","[167.0, 84]","[171.61, 44]","[220.68, 56]",169.81,262,3.61,0.24
07:44:45,"[167.19, 52]","[165.74, 38]","[171.0, 40]","[228.0, 8]",169.1,138,3.81,0.3
07:44:46,"[167.0, 23]","[165.0, 36]","[169.78, 45]","[184.65, 34]",168.39,138,2.78,-0.14
07:44:47,"[165.06, 34]","[163.33, 48]","[169.5, 50]","[356.0, 20]",167.28,152,4.44,0.08
07:44:48,"[165.68, 25]","[164.06, 53]","[168.92, 60]","[364.77, 57]",167.3,195,3.24,-0.2
07:44:49,"[162.77, 77]","[162.51, 45]","[168.0, 70]","[292.24, 42]",165.38,234,5.23,0.04
07:44:50,"[162.0, 188]","[161.0, 16]","[166.63, 68]","[203.79, 56]",164.32,328,4.63,0.24
07:44:51,"[162.0, 153]","[161.0, 9]","[164.17, 29]","[165.14, 43]",163.09,234,2.17,0.38
07:44:52,"[162.0, 127]","[161.0, 8]","[164.25, 28]","[177.91, 32]",163.12,195,2.25,0.38
07:44:53,"[162.0, 99]","[161.0, 7]","[197.46, 13]","[365.35, 17]",179.73,136,35.46,0.56
07:44:54,"[162.2, 100]","[161.8, 35]","[418.79, 19]","[559.67, 18]",290.49,172,256.59,0.57
07:44:55,"[172.0, 8]","[162.0, 112]","[386.0, 22]","[511.2, 10]",279.0,152,214.0,0.58
07:44:56,"[162.4, 50]","[161.88, 32]","[267.71, 21]","[514.53, 17]",215.06,120,105.31,0.37
07:44:57,"[162.4, 90]","[161.67, 18]","[272.0, 14]","[327.29, 7]",217.2,129,109.6,0.67
07:44:58,"[162.0, 96]","[159.2, 20]","[411.38, 8]","[681.0, 40]",286.69,164,249.38,0.41
07:44:59,"[162.0, 187]","[161.0, 45]","[433.7, 43]","[663.38, 48]",297.85,323,271.7,0.44
07:45:00,"[162.0, 66]","[161.0, 18]","[386.5, 30]","[548.5, 6]",274.25,120,224.5,0.4
07:45:01,"[162.18, 94]","[161.21, 53]","[389.0, 40]","[573.0, 8]",275.59,195,226.82,0.51
07:45:02,"[166.36, 211]","[164.53, 151]","[380.59, 44]","[455.08, 52]",273.47,458,214.24,0.58
07:45:03,"[165.28, 58]","[162.78, 103]","[323.11, 35]","[393.7, 30]",244.2,226,157.84,0.42
07:45:04,"[166.91, 23]","[164.17, 12]","[244.71, 28]","[319.67, 27]",205.81,90,77.8,-0.22
07:45:05,"[167.07, 14]","[165.14, 14]","[244.0, 28]","[588.84, 55]",205.54,111,76.93,-0.5
07:45:06,"[163.43, 35]","[162.18, 83]","[243.73, 22]","[382.77, 43]",203.58,183,80.3,0.29
07:45:07,"[164.76, 68]","[162.14, 144]","[231.38, 52]","[352.55, 56]",198.07,320,66.62,0.33
07:45:08,"[169.0, 40]","[163.0, 40]","[224.6, 20]","[232.33, 36]",196.8,136,55.6,0.18
07:45:09,"[167.15, 78]","[162.27, 89]","[224.0, 24]","[255.44, 32]",195.58,223,56.85,0.5
07:45:10,"[169.0, 45]","[163.0, 20]","[222.89, 9]","[389.0, 6]",195.94,80,53.89,0.62
07:45:11,"[166.7, 73]","[162.21, 94]","[185.56, 18]","[211.11, 18]",176.13,203,18.86,0.65
07:45:12,"[163.0, 48]","[162.0, 175]","[173.75, 12]","[175.0, 25]",168.38,260,10.75,0.72
07:45:13,"[163.0, 55]","[162.0, 210]","[171.17, 24]","[173.12, 16]",167.08,305,8.17,0.74
07:45:14,"[163.0, 27]","[162.0, 135]","[170.22, 18]","[172.0, 9]",166.61,189,7.22,0.71
07:45:15,"[162.0, 145]","[161.0, 72]","[168.32, 28]","[170.8, 15]",165.16,260,6.32,0.67
07:45:16,"[162.0, 130]","[161.0, 78]","[166.35, 34]","[167.04, 25]",164.18,267,4.35,0.56
07:45:17,"[162.14, 51]","[161.25, 88]","[164.11, 27]","[165.36, 33]",163.12,199,1.97,0.4
07:45:18,"[163.0, 11]","[162.0, 32]","[164.0, 31]","[167.5, 18]",163.5,92,1.0,-0.07
07:45:19,"[162.09, 22]","[160.46, 35]","[166.86, 21]","[371.87, 31]",164.47,109,4.77,0.05
07:45:20,"[161.14, 28]","[149.71, 28]","[366.67, 36]","[577.5, 28]",263.9,120,205.52,-0.07
07:45:21,"[161.69, 48]","[148.17, 30]","[188.62, 37]","[253.33, 45]",175.15,160,26.93,-0.03
07:45:22,"[164.58, 96]","[160.06, 32]","[185.67, 24]","[189.0, 60]",175.12,212,21.08,0.21
07:45:23,"[166.1, 58]","[164.0, 54]","[183.87, 30]","[193.48, 71]",174.99,213,17.76,0.05
07:45:24,"[167.16, 19]","[164.7, 37]","[182.0, 22]","[347.88, 34]",174.58,112,14.84,0.0
07:45:25,"[163.82, 22]","[161.18, 11]","[182.0, 14]","[348.24, 17]",172.91,64,18.18,0.03
07:45:26,"[164.0, 18]","[163.0, 6]","[181.0, 12]","[331.25, 16]",172.5,52,17.0,-0.08
07:45:27,"[164.0, 24]","[163.0, 8]","[180.38, 16]","[327.11, 27]",172.19,75,16.38,-0.15
07:45:28,"[164.0, 30]","[163.0, 10]","[177.73, 22]","[257.88, 32]",170.86,94,13.73,-0.15
07:45:29,"[164.91, 22]","[163.57, 23]","[175.55, 22]","[177.0, 33]",170.23,100,10.64,-0.1
07:45:30,"[165.0, 20]","[163.08, 25]","[175.0, 20]","[193.46, 39]",170.0,104,10.0,-0.13
07:45:31,"[165.06, 17]","[163.89, 18]","[173.33, 18]","[247.0, 27]",169.2,80,8.27,-0.12
07:45:32,"[166.69, 13]","[164.38, 26]","[172.23, 26]","[315.26, 47]",169.46,112,5.54,-0.3
07:45:33,"[164.83, 29]","[163.24, 58]","[170.18, 40]","[190.81, 42]",167.5,169,5.35,0.03
07:45:34,"[163.36, 47]","[159.19, 67]","[167.0, 41]","[168.34, 44]",165.18,199,3.64,0.15
07:45:35,"[135.22, 23]","[119.15, 26]","[163.42, 19]","[166.81, 31]",149.32,99,28.2,-0.01
07:45:36,"[99.35, 17]","[35.18, 11]","[157.0, 7]","[160.06, 17]",128.18,52,57.65,0.08
07:45:37,"[117.81, 16]","[73.88, 24]","[194.72, 25]","[209.11, 27]",156.27,92,76.91,-0.13
07:45:38,"[136.79, 19]","[55.8, 25]","[226.4, 40]","[273.46, 37]",181.59,121,89.61,-0.27
07:45:39,"[173.0, 60]","[158.95, 43]","[217.68, 41]","[224.75, 32]",195.34,176,44.68,0.17
07:45:40,"[173.0, 28]","[169.0, 30]","[215.15, 13]","[216.24, 37]",194.08,108,42.15,0.07
07:45:41,"[173.0, 12]","[169.0, 36]","[213.25, 12]","[216.0, 48]",193.12,108,40.25,-0.11
07:45:42,"[167.67, 21]","[167.68, 28]","[210.39, 44]","[211.69, 26]",189.03,119,42.72,-0.18
07:45:43,"[165.0, 22]","[164.0, 14]","[206.2, 35]","[208.97, 35]",185.6,106,41.2,-0.32
07:45:44,"[165.0, 14]","[164.0, 14]","[203.43, 56]","[224.97, 29]",184.21,113,38.43,-0.5
07:45:45,"[165.5, 12]","[164.08, 12]","[201.1, 40]","[202.33, 48]",183.3,112,35.6,-0.57
07:45:46,"[171.0, 12]","[165.0, 12]","[199.0, 44]","[200.13, 30]",185.0,98,28.0,-0.51
07:45:47,"[171.0, 12]","[165.0, 12]","[196.82, 44]","[198.11, 36]",183.91,104,25.82,-0.54
07:45:48,"[171.0, 13]","[165.92, 13]","[194.69, 52]","[196.18, 44]",182.85,122,23.69,-0.57
07:45:49,"[170.33, 9]","[166.46, 39]","[193.33, 36]","[194.67, 36]",181.83,120,23.0,-0.2
07:45:50,"[166.27, 22]","[165.67, 54]","[191.8, 50]","[192.92, 50]",179.04,176,25.53,-0.14
07:45:51,"[164.74, 43]","[163.22, 18]","[188.29, 42]","[189.37, 54]",176.51,157,23.54,-0.22
07:45:52,"[168.4, 60]","[164.82, 39]","[185.4, 40]","[188.18, 44]",176.9,183,17.0,0.08
07:45:53,"[168.0, 15]","[164.0, 45]","[183.68, 50]","[184.4, 50]",175.84,160,15.68,-0.25
07:45:54,"[168.0, 13]","[164.0, 39]","[178.15, 52]","[179.36, 50]",173.08,154,10.15,-0.32
07:45:55,"[163.71, 28]","[135.78, 27]","[173.94, 33]","[175.03, 33]",168.83,121,10.23,-0.09
07:45:56,"[163.16, 32]","[149.57, 28]","[169.9, 31]","[170.77, 35]",166.53,126,6.75,-0.05
07:45:57,"[164.95, 39]","[163.47, 15]","[166.6, 20]","[167.88, 32]",165.77,106,1.65,0.02
07:45:58,"[165.2, 15]","[164.6, 10]","[167.67, 24]","[169.11, 18]",166.43,67,2.47,-0.25
07:45:59,"[163.66, 29]","[163.32, 25]","[166.82, 39]","[186.67, 15]",165.24,108,3.17,0.0
07:46:00,"[163.0, 73]","[162.0, 42]","[235.7, 40]","[450.89, 28]",199.35,183,72.7,0.26
07:46:01,"[164.5, 36]","[162.71, 42]","[271.0, 11]","[306.8, 20]",217.75,109,106.5,0.43
07:46:02,"[162.71, 21]","[113.59, 29]","[269.38, 8]","[272.0, 8]",216.04,66,106.66,0.52
07:46:03,"[133.62, 13]","[51.25, 8]","[269.0, 7]","[336.0, 7]",201.31,35,135.38,0.2
07:46:04,"[152.5, 48]","[78.0, 13]","[223.74, 31]","[311.92, 13]",188.12,105,71.24,0.16
07:46:05,"[110.22, 9]","[74.6, 15]","[205.29, 21]","[219.95, 21]",157.75,66,95.06,-0.27
07:46:06,"[166.43, 14]","[136.61, 44]","[197.43, 14]","[198.08, 26]",181.93,98,31.0,0.18
07:46:07,"[163.0, 36]","[154.0, 12]","[192.94, 16]","[194.12, 16]",177.97,80,29.94,0.2
07:46:08,"[163.0, 21]","[148.29, 7]","[189.11, 19]","[190.33, 9]",176.05,56,26.11,0.0
07:46:09,"[168.5, 52]","[162.36, 42]","[188.0, 11]","[189.0, 33]",178.25,138,19.5,0.36
07:46:10,"[164.32, 57]","[152.0, 27]","[184.38, 21]","[187.0, 27]",174.35,132,20.07,0.27
07:46:11,"[163.0, 15]","[141.29, 7]","[164.0, 7]","[186.89, 19]",163.5,48,1.0,-0.08
07:46:12,"[162.41, 17]","[148.14, 14]","[164.0, 14]","[208.95, 43]",163.21,88,1.59,-0.3
07:46:13,"[154.4, 47]","[120.93, 14]","[158.53, 32]","[211.0, 25]",156.47,118,4.13,0.03
07:46:14,"[118.59, 51]","[60.27, 44]","[158.21, 33]","[162.33, 18]",138.4,146,39.62,0.3
07:46:15,"[64.38, 21]","[52.54, 35]","[161.0, 8]","[164.0, 8]",112.69,72,96.62,0.56
07:46:16,"[57.6, 10]","[56.0, 12]","[159.12, 17]","[161.6, 5]",108.36,44,101.52,0.0
07:46:17,"[98.5, 12]","[57.4, 10]","[159.0, 20]","[161.0, 5]",128.75,47,60.5,-0.06
07:46:18,"[98.61, 33]","[58.94, 31]","[156.27, 66]","[159.42, 38]",127.44,168,57.67,-0.24
07:46:19,"[63.9, 20]","[61.0, 30]","[153.0, 42]","[159.0, 50]",108.45,142,89.1,-0.3
07:46:20,"[135.07, 43]","[113.04, 25]","[154.54, 26]","[158.67, 54]",144.8,148,19.47,-0.08
07:46:21,"[152.92, 13]","[149.23, 13]","[157.8, 20]","[159.57, 42]",155.36,88,4.88,-0.41
07:46:22,"[157.26, 19]","[155.43, 14]","[159.92, 26]","[161.43, 37]",158.59,96,2.66,-0.31
07:46:23,"[160.0, 23]","[158.45, 22]","[168.11, 35]","[213.59, 56]",164.06,136,8.11,-0.34
07:46:24,"[164.0, 23]","[162.87, 15]","[305.39, 61]","[380.64, 47]",234.7,146,141.39,-0.48
07:46:25,"[127.11, 27]","[48.61, 23]","[329.9, 40]","[398.33, 45]",228.51,135,202.79,-0.26
07:46:26,"[112.65, 49]","[89.5, 26]","[267.0, 39]","[354.44, 43]",189.83,157,154.35,-0.04
07:46:27,"[117.38, 32]","[106.24, 68]","[198.2, 45]","[291.41, 51]",157.79,196,80.82,0.02
07:46:28,"[128.87, 30]","[119.04, 47]","[153.0, 17]","[233.08, 37]",140.93,131,24.13,0.18
07:46:29,"[136.0, 18]","[135.0, 27]","[161.0, 18]","[172.11, 19]",148.5,82,25.0,0.1
07:46:30,"[154.05, 38]","[136.56, 36]","[161.0, 24]","[162.0, 36]",157.53,134,6.95,0.1
07:46:31,"[157.29, 14]","[156.29, 28]","[161.11, 18]","[162.73, 22]",159.2,82,3.83,0.02
07:46:32,"[157.75, 12]","[140.6, 30]","[206.68, 22]","[234.39, 41]",182.22,105,48.93,-0.2
07:46:33,"[159.25, 16]","[124.2, 20]","[254.88, 8]","[281.65, 31]",207.06,75,95.62,-0.04
07:46:34,"[162.33, 27]","[157.0, 9]","[259.78, 9]","[377.33, 45]",211.06,90,97.44,-0.2
07:46:35,"[160.9, 20]","[96.0, 32]","[257.43, 14]","[382.53, 51]",209.16,117,96.53,-0.11
07:46:36,"[167.0, 40]","[155.89, 18]","[257.3, 10]","[592.4, 50]",212.15,118,90.3,-0.02
07:46:37,"[167.0, 36]","[161.0, 18]","[177.79, 14]","[235.08, 12]",172.39,80,10.79,0.35
07:46:38,"[167.0, 20]","[161.0, 10]","[170.8, 5]","[172.0, 10]",168.9,45,3.8,0.33
07:46:39,"[165.0, 30]","[150.4, 15]","[169.1, 10]","[194.18, 22]",167.05,77,4.1,0.17
07:46:40,"[163.91, 64]","[147.8, 15]","[166.61, 33]","[261.33, 27]",165.26,139,2.7,0.14
07:46:41,"[159.93, 56]","[136.95, 19]","[165.5, 56]","[166.48, 21]",162.71,152,5.57,-0.01
07:46:42,"[147.45, 44]","[144.56, 41]","[164.4, 20]","[222.77, 48]",155.93,153,16.95,0.11
07:46:43,"[157.29, 42]","[150.23, 31]","[434.5, 22]","[629.73, 48]",295.89,143,277.21,0.02
07:46:44,"[165.4, 30]","[164.11, 36]","[380.85, 27]","[629.11, 19]",273.13,112,215.45,0.18
07:46:45,"[150.16, 25]","[125.82, 44]","[357.27, 44]","[643.0, 33]",253.72,146,207.11,-0.05
07:46:46,"[161.95, 110]","[127.64, 44]","[328.07, 45]","[458.58, 38]",245.01,237,166.12,0.3
07:46:47,"[163.0, 64]","[91.92, 13]","[247.83, 23]","[253.67, 30]",205.41,130,84.83,0.18
07:46:48,"[163.56, 112]","[152.9, 61]","[241.42, 43]","[312.63, 60]",202.49,276,77.86,0.25
07:46:49,"[164.25, 60]","[163.74, 140]","[221.18, 38]","[243.84, 38]",192.72,276,56.93,0.45
07:46:50,"[164.42, 64]","[163.72, 162]","[201.4, 43]","[214.25, 48]",182.91,317,36.97,0.43
07:46:51,"[165.35, 83]","[163.79, 34]","[183.0, 30]","[185.0, 40]",174.17,187,17.65,0.25
07:46:52,"[167.0, 104]","[164.0, 39]","[182.43, 40]","[206.64, 42]",174.71,225,15.43,0.27
07:46:53,"[167.0, 88]","[164.0, 33]","[179.5, 34]","[180.93, 42]",173.25,197,12.5,0.23
07:46:54,"[167.6, 70]","[164.0, 30]","[176.03, 32]","[177.2, 30]",171.82,162,8.43,0.23
07:46:55,"[169.0, 70]","[164.0, 30]","[173.31, 32]","[174.52, 31]",171.16,163,4.31,0.23
07:46:56,"[168.67, 46]","[163.71, 38]","[170.71, 31]","[172.62, 32]",169.69,147,2.04,0.14
07:46:57,"[164.0, 18]","[163.0, 66]","[171.43, 21]","[173.71, 21]",167.71,126,7.43,0.33
07:46:58,"[164.0, 21]","[163.0, 77]","[170.64, 25]","[171.5, 24]",167.32,147,6.64,0.33
07:46:59,"[165.57, 14]","[163.1, 124]","[168.11, 37]","[169.4, 47]",166.84,222,2.54,0.24
07:47:00,"[163.06, 131]","[162.02, 55]","[167.0, 33]","[169.0, 44]",165.03,263,3.94,0.41
07:47:01,"[164.2, 30]","[162.35, 74]","[167.0, 45]","[169.0, 64]",165.6,213,2.8,-0.02
07:47:02,"[166.46, 26]","[162.2, 30]","[168.89, 53]","[337.93, 15]",167.67,124,2.43,-0.1
07:47:03,"[168.0, 24]","[164.0, 24]","[368.44, 25]","[486.8, 20]",268.22,93,200.44,0.03
07:47:04,"[164.76, 17]","[160.29, 83]","[224.91, 32]","[319.79, 24]",194.84,156,60.14,0.28
07:47:05,"[162.1, 40]","[160.61, 59]","[212.0, 30]","[304.06, 18]",187.05,147,49.9,0.35
07:47:06,"[162.75, 169]","[159.73, 90]","[210.87, 45]","[248.47, 75]",186.81,379,48.12,0.37
07:47:07,"[163.07, 60]","[160.48, 50]","[209.25, 24]","[255.83, 12]",186.16,146,46.18,0.51
07:47:08,"[164.51, 49]","[163.29, 68]","[208.0, 33]","[322.0, 28]",186.26,178,43.49,0.31
07:47:09,"[165.0, 20]","[164.0, 16]","[207.25, 12]","[228.0, 20]",186.12,68,42.25,0.06
07:47:10,"[165.0, 65]","[164.0, 52]","[206.85, 39]","[305.88, 34]",185.92,190,41.85,0.23
07:47:11,"[166.88, 40]","[164.0, 32]","[205.25, 24]","[246.38, 13]",186.06,109,38.38,0.32
07:47:12,"[169.0, 50]","[164.05, 37]","[202.5, 30]","[235.79, 28]",185.75,145,33.5,0.2
07:47:13,"[168.27, 62]","[163.8, 41]","[192.54, 41]","[208.35, 37]",180.41,181,24.26,0.14
07:47:14,"[164.0, 30]","[163.0, 100]","[199.04, 27]","[214.79, 24]",181.52,181,35.04,0.44
07:47:15,"[166.73, 66]","[163.19, 148]","[179.23, 35]","[196.02, 49]",172.98,298,12.5,0.44
07:47:16,"[173.0, 18]","[164.0, 84]","[176.67, 24]","[198.0, 36]",174.83,162,3.67,0.26
07:47:17,"[169.29, 17]","[163.85, 82]","[174.77, 26]","[198.2, 30]",172.03,155,5.48,0.28
07:47:18,"[164.0, 63]","[163.0, 132]","[172.56, 27]","[203.68, 19]",168.28,241,8.56,0.62
07:47:19,"[164.47, 51]","[163.16, 114]","[171.0, 33]","[174.0, 11]",167.74,209,6.53,0.58
07:47:20,"[165.48, 50]","[163.26, 97]","[171.0, 25]","[174.0, 11]",168.24,183,5.52,0.61
07:47:21,"[169.0, 69]","[164.29, 24]","[170.82, 11]","[214.15, 13]",169.91,117,1.82,0.59
07:47:22,"[165.15, 26]","[163.26, 92]","[191.43, 21]","[430.6, 35]",178.29,174,26.27,0.36
07:47:23,"[163.4, 70]","[162.69, 96]","[200.0, 30]","[755.0, 10]",181.7,206,36.6,0.61
07:47:24,"[163.0, 114]","[161.12, 34]","[296.48, 29]","[555.15, 13]",229.74,190,133.48,0.56
07:47:25,"[164.29, 56]","[162.67, 72]","[322.6, 30]","[366.85, 20]",243.44,178,158.31,0.44
07:47:26,"[163.23, 70]","[161.71, 56]","[256.5, 16]","[333.0, 24]",209.86,166,93.27,0.52
07:47:27,"[164.0, 44]","[163.0, 110]","[233.45, 22]","[308.44, 27]",198.73,203,69.45,0.52
07:47:28,"[164.0, 21]","[163.0, 90]","[233.0, 18]","[234.0, 18]",198.5,147,69.0,0.51
07:47:29,"[163.0, 63]","[161.0, 42]","[232.29, 14]","[638.0, 7]",197.64,126,69.29,0.67
07:47:30,"[169.09, 23]","[163.38, 24]","[231.0, 16]","[638.0, 8]",200.04,71,61.91,0.32
07:47:31,"[173.0, 20]","[168.0, 10]","[229.45, 29]","[252.42, 19]",201.22,78,56.45,-0.23
07:47:32,"[173.0, 16]","[168.5, 8]","[228.62, 24]","[231.0, 16]",200.81,64,55.62,-0.25
07:47:33,"[173.0, 26]","[169.0, 26]","[178.5, 42]","[188.91, 46]",175.75,140,5.5,-0.26
07:47:34,"[172.69, 26]","[168.86, 14]","[174.38, 32]","[178.05, 40]",173.53,112,1.68,-0.29
07:47:35,"[169.0, 16]","[168.0, 16]","[174.44, 48]","[227.0, 64]",171.72,144,5.44,-0.56
07:47:36,"[171.8, 75]","[168.58, 12]","[174.0, 36]","[227.0, 48]",172.9,171,2.2,0.02
07:47:37,"[171.91, 103]","[168.77, 13]","[174.0, 39]","[328.77, 52]",172.96,207,2.09,0.12
07:47:38,"[171.0, 32]","[169.0, 8]","[174.0, 24]","[374.0, 32]",172.5,96,3.0,-0.17
07:47:39,"[171.0, 28]","[169.0, 7]","[173.71, 21]","[374.0, 28]",172.36,84,2.71,-0.17
07:47:40,"[165.43, 147]","[163.4, 135]","[171.39, 54]","[339.56, 72]",168.41,408,5.96,0.38
07:47:41,"[164.0, 194]","[163.0, 280]","[166.65, 60]","[211.08, 62]",165.32,596,2.65,0.59
07:47:42,"[163.43, 49]","[153.98, 116]","[174.11, 27]","[274.39, 31]",168.77,223,10.68,0.48
07:47:43,"[163.0, 202]","[107.19, 64]","[222.87, 63]","[341.04, 57]",192.94,386,59.87,0.38
07:47:44,"[165.47, 86]","[158.98, 98]","[179.67, 36]","[260.9, 31]",172.57,251,14.2,0.47
07:47:45,"[167.85, 80]","[163.84, 220]","[178.0, 60]","[273.48, 50]",172.93,410,10.15,0.46
07:47:46,"[171.0, 49]","[164.29, 85]","[175.02, 43]","[206.3, 40]",173.01,217,4.02,0.24
07:47:47,"[170.95, 37]","[165.8, 25]","[173.12, 41]","[174.08, 49]",172.03,152,2.18,-0.18
07:47:48,"[164.07, 76]","[163.16, 100]","[173.0, 32]","[174.0, 40]",168.53,248,8.93,0.42
07:47:49,"[164.0, 54]","[163.0, 96]","[172.18, 34]","[173.58, 38]",168.09,222,8.18,0.35
07:47:50,"[164.0, 38]","[163.0, 96]","[169.54, 39]","[171.55, 33]",166.77,206,5.54,0.3
07:47:51,"[164.0, 16]","[163.0, 60]","[167.0, 20]","[169.0, 25]",165.5,121,3.0,0.26
07:47:52,"[164.0, 12]","[163.0, 40]","[167.0, 16]","[169.0, 20]",165.5,88,3.0,0.18
07:47:53,"[164.0, 18]","[163.0, 32]","[166.83, 24]","[169.0, 30]",165.42,104,2.83,-0.04
07:47:54,"[164.0, 36]","[163.0, 42]","[166.0, 25]","[169.0, 35]",165.0,138,2.0,0.13
07:47:55,"[164.0, 54]","[163.0, 54]","[165.0, 45]","[166.0, 27]",164.5,180,1.0,0.2
07:47:56,"[130.0, 30]","[109.48, 31]","[165.0, 40]","[328.0, 32]",147.5,133,35.0,-0.08
07:47:57,"[101.82, 22]","[66.2, 20]","[162.88, 16]","[233.78, 23]",132.35,81,61.06,0.04
07:47:58,"[153.29, 126]","[69.82, 22]","[157.0, 7]","[161.04, 23]",155.14,178,3.71,0.66
07:47:59,"[154.0, 162]","[100.35, 40]","[157.0, 9]","[160.0, 45]",155.5,256,3.0,0.58
07:48:00,"[154.64, 252]","[119.16, 38]","[158.88, 24]","[160.36, 55]",156.76,369,4.23,0.57
07:48:01,"[157.9, 146]","[140.16, 49]","[236.97, 37]","[279.62, 21]",197.44,253,79.07,0.54
07:48:02,"[161.44, 104]","[161.85, 136]","[218.96, 46]","[254.81, 32]",190.2,318,57.51,0.51
07:48:03,"[165.67, 216]","[163.0, 24]","[213.96, 46]","[288.58, 59]",189.81,345,48.29,0.39
07:48:04,"[167.08, 176]","[166.48, 165]","[194.78, 49]","[199.39, 56]",180.93,446,27.7,0.53
07:48:05,"[168.98, 166]","[167.33, 54]","[192.09, 33]","[195.0, 44]",180.53,297,23.12,0.48
07:48:06,"[169.0, 158]","[168.0, 18]","[191.79, 19]","[193.88, 32]",180.39,227,22.79,0.55
07:48:07,"[169.0, 153]","[168.0, 20]","[190.06, 34]","[191.43, 14]",179.53,221,21.06,0.57
07:48:08,"[169.0, 255]","[168.0, 34]","[188.43, 56]","[189.19, 53]",178.71,398,19.43,0.45
07:48:09,"[169.0, 165]","[168.0, 22]","[185.8, 25]","[187.44, 36]",177.4,248,16.8,0.51
07:48:10,"[169.0, 185]","[168.0, 26]","[179.0, 47]","[181.03, 36]",174.0,294,10.0,0.44
07:48:11,"[169.33, 48]","[168.91, 88]","[175.29, 21]","[177.12, 41]",172.31,198,5.95,0.37
07:48:12,"[170.69, 13]","[169.35, 46]","[173.23, 26]","[173.6, 30]",171.96,115,2.54,0.03
07:48:13,"[169.02, 126]","[168.28, 36]","[170.43, 14]","[173.0, 42]",169.72,218,1.41,0.49
07:48:14,"[169.0, 29]","[168.0, 18]","[339.57, 28]","[383.5, 30]",254.29,105,170.57,-0.1
07:48:15,"[167.35, 40]","[166.3, 44]","[415.67, 48]","[579.05, 39]",291.51,171,248.32,-0.02
07:48:16,"[167.82, 17]","[166.29, 31]","[366.97, 32]","[549.93, 30]",267.4,110,199.15,-0.13
07:48:17,"[170.0, 12]","[167.67, 12]","[334.13, 31]","[506.34, 29]",252.06,84,164.13,-0.43
07:48:18,"[169.0, 13]","[166.04, 25]","[277.42, 19]","[534.12, 16]",223.21,73,108.42,0.04
07:48:19,"[165.91, 35]","[164.53, 49]","[215.8, 20]","[336.09, 22]",190.86,126,49.89,0.33
07:48:20,"[165.05, 94]","[164.02, 129]","[224.3, 33]","[363.87, 31]",194.68,287,59.25,0.55
07:48:21,"[165.0, 6]","[164.0, 54]","[241.43, 14]","[260.25, 16]",203.21,90,76.43,0.33
07:48:22,"[167.36, 75]","[163.64, 87]","[239.83, 24]","[242.0, 36]",203.6,222,72.47,0.46
07:48:23,"[173.0, 52]","[168.4, 25]","[219.62, 47]","[224.8, 40]",196.31,164,46.62,-0.06
07:48:24,"[169.11, 18]","[164.04, 102]","[204.58, 24]","[207.0, 60]",186.85,204,35.47,0.18
07:48:25,"[166.0, 15]","[164.0, 150]","[200.74, 66]","[202.75, 72]",183.37,303,34.74,0.09
07:48:26,"[168.0, 14]","[166.0, 7]","[197.74, 31]","[200.3, 23]",182.87,75,29.74,-0.44
07:48:27,"[167.47, 30]","[165.65, 17]","[193.27, 44]","[194.97, 36]",180.37,127,25.81,-0.26
07:48:28,"[167.62, 48]","[166.79, 68]","[190.0, 56]","[191.76, 58]",178.81,230,22.38,0.01
07:48:29,"[167.5, 36]","[166.0, 12]","[176.69, 32]","[179.25, 56]",172.09,136,9.19,-0.29
07:48:30,"[170.79, 19]","[168.83, 52]","[174.24, 55]","[175.06, 65]",172.51,191,3.45,-0.26
07:48:31,"[168.27, 37]","[164.86, 21]","[170.9, 20]","[172.89, 38]",169.59,116,2.63,0.0
07:48:32,"[165.77, 61]","[163.58, 26]","[169.08, 24]","[240.0, 16]",167.43,127,3.31,0.37
07:48:33,"[164.0, 121]","[163.0, 71]","[168.0, 22]","[287.45, 31]",166.0,245,4.0,0.57
07:48:34,"[164.0, 77]","[163.0, 28]","[168.0, 14]","[294.29, 21]",166.0,140,4.0,0.5
07:48:35,"[164.0, 147]","[163.0, 63]","[167.33, 18]","[380.33, 27]",165.67,255,3.33,0.65
07:48:36,"[164.0, 187]","[163.0, 49]","[166.18, 22]","[274.38, 37]",165.09,295,2.18,0.6
07:48:37,"[164.0, 234]","[163.0, 126]","[165.15, 39]","[225.09, 33]",164.58,432,1.15,0.67
07:48:38,"[164.0, 64]","[163.0, 74]","[262.0, 24]","[269.25, 40]",213.0,202,98.0,0.37
07:48:39,"[164.0, 45]","[163.0, 81]","[243.48, 31]","[285.75, 40]",203.74,197,79.48,0.28
07:48:40,"[166.62, 63]","[163.22, 69]","[347.07, 29]","[509.03, 37]",256.84,198,180.45,0.33
07:48:41,"[164.9, 61]","[163.05, 95]","[254.0, 36]","[434.43, 47]",209.45,239,89.1,0.31
07:48:42,"[167.25, 40]","[163.96, 51]","[374.86, 21]","[433.97, 29]",271.05,141,207.61,0.29
07:48:43,"[173.0, 43]","[166.0, 44]","[345.43, 14]","[372.16, 31]",259.21,132,172.43,0.32
07:48:44,"[173.0, 24]","[166.0, 32]","[342.64, 11]","[439.86, 22]",257.82,89,169.64,0.26
07:48:45,"[170.41, 27]","[164.96, 77]","[350.18, 11]","[415.38, 39]",260.29,154,179.77,0.35
07:48:46,"[167.32, 41]","[164.44, 81]","[347.98, 60]","[348.54, 28]",257.65,210,180.67,0.16
