Time,Bid1,Bid2,Ask1,Ask2,Mid-Price,Total_volume,Bid_ask_spread,Order_imbalance
07:30:00,"[0, 0]","[0, 0]","[0, 0]","[0, 0]",0.0,0,0.0,0.0
07:30:01,"[0, 0]","[0, 0]","[150.0, 10]","[163.0, 1]",75.0,11,150.0,-1.0
07:30:02,"[0, 0]","[0, 0]","[153.5, 2]","[150.0, 5]",76.75,7,153.5,-1.0
07:30:03,"[154.0, 10]","[0, 0]","[215.67, 3]","[0, 0]",184.83,13,61.67,0.54
07:30:05,"[154.0, 12]","[0, 0]","[157.96, 25]","[171.5, 18]",155.98,55,3.96,-0.56
07:30:06,"[154.0, 6]","[0, 0]","[156.0, 5]","[158.0, 15]",155.0,26,2.0,-0.54
07:30:07,"[154.0, 8]","[123.0, 6]","[155.25, 4]","[159.0, 20]",154.62,38,1.25,-0.26
07:30:08,"[154.0, 6]","[123.0, 9]","[155.0, 3]","[159.0, 15]",154.5,33,1.0,-0.09
07:30:09,"[146.2, 15]","[126.0, 18]","[155.0, 6]","[159.0, 30]",150.6,69,8.8,-0.04
07:30:10,"[131.34, 58]","[94.75, 56]","[154.0, 10]","[158.76, 42]",142.67,166,22.66,0.37
07:30:11,"[134.18, 73]","[133.37, 119]","[151.15, 13]","[152.15, 13]",142.67,218,16.98,0.76
07:30:12,"[137.0, 7]","[134.0, 54]","[150.0, 42]","[151.0, 7]",143.5,110,13.0,0.11
07:30:13,"[138.83, 12]","[134.08, 36]","[149.06, 17]","[149.89, 36]",143.95,101,10.23,-0.05
07:30:14,"[139.91, 92]","[136.14, 28]","[147.79, 14]","[149.0, 14]",143.85,148,7.87,0.62
07:30:15,"[143.04, 124]","[142.9, 90]","[152.51, 35]","[162.44, 39]",147.78,288,9.47,0.49
07:30:16,"[157.18, 11]","[146.57, 14]","[172.0, 33]","[244.0, 22]",164.59,80,14.82,-0.38
07:30:17,"[161.0, 4]","[151.0, 4]","[172.0, 12]","[244.0, 8]",166.5,28,11.0,-0.43
07:30:18,"[161.0, 4]","[156.0, 56]","[171.82, 11]","[233.54, 13]",166.41,84,10.82,0.43
07:30:19,"[156.32, 77]","[154.72, 94]","[168.95, 43]","[285.49, 45]",162.64,259,12.63,0.32
07:30:20,"[156.0, 238]","[151.0, 23]","[164.65, 52]","[167.47, 43]",160.33,356,8.65,0.47
07:30:21,"[156.0, 289]","[152.92, 25]","[162.35, 34]","[163.49, 74]",159.18,422,6.35,0.49
07:30:22,"[156.44, 109]","[155.85, 102]","[160.45, 22]","[162.2, 49]",158.45,282,4.01,0.5
07:30:23,"[158.0, 32]","[156.0, 96]","[159.5, 16]","[162.0, 40]",158.75,184,1.5,0.39
07:30:24,"[157.33, 36]","[155.95, 101]","[159.47, 19]","[162.06, 34]",158.4,190,2.14,0.44
07:30:25,"[155.72, 116]","[152.86, 86]","[162.0, 36]","[163.0, 24]",158.86,262,6.28,0.54
07:30:26,"[155.91, 22]","[152.8, 80]","[162.0, 18]","[163.0, 12]",158.95,132,6.09,0.55
07:30:27,"[160.0, 11]","[155.0, 99]","[162.0, 33]","[163.0, 22]",161.0,165,2.0,0.33
07:30:28,"[160.0, 11]","[155.0, 99]","[162.0, 33]","[163.0, 22]",161.0,165,2.0,0.33
07:30:29,"[160.0, 8]","[155.88, 16]","[162.0, 24]","[163.0, 16]",161.0,64,2.0,-0.25
07:30:30,"[160.0, 9]","[157.0, 9]","[162.0, 27]","[358.67, 15]",161.0,60,2.0,-0.4
07:30:31,"[155.97, 31]","[155.12, 16]","[162.0, 33]","[345.8, 15]",158.98,95,6.03,-0.01
07:30:32,"[155.0, 27]","[154.0, 22]","[161.09, 33]","[235.93, 29]",158.05,111,6.09,-0.12
07:30:33,"[155.0, 11]","[154.0, 22]","[158.27, 33]","[160.91, 33]",156.64,99,3.27,-0.33
07:30:34,"[155.0, 12]","[154.0, 24]","[157.75, 36]","[160.08, 36]",156.38,108,2.75,-0.33
07:30:35,"[144.35, 31]","[144.0, 12]","[156.4, 30]","[160.27, 33]",150.38,106,12.05,-0.19
07:30:36,"[144.0, 30]","[142.0, 10]","[151.88, 32]","[157.08, 25]",147.94,97,7.88,-0.18
07:30:37,"[144.0, 36]","[142.0, 12]","[148.52, 48]","[150.1, 42]",146.26,138,4.52,-0.3
07:30:38,"[144.0, 24]","[142.0, 8]","[146.13, 31]","[146.8, 25]",145.06,88,2.13,-0.27
07:30:39,"[143.2, 10]","[136.4, 10]","[145.4, 50]","[150.0, 50]",144.3,120,2.2,-0.67
07:30:40,"[143.6, 20]","[137.33, 12]","[146.93, 58]","[148.25, 32]",145.27,122,3.33,-0.48
07:30:41,"[144.0, 30]","[141.07, 15]","[148.67, 27]","[149.53, 57]",146.33,129,4.67,-0.3
07:30:42,"[144.0, 18]","[141.0, 9]","[149.0, 27]","[150.0, 45]",146.5,99,5.0,-0.45
07:30:43,"[144.0, 24]","[141.0, 12]","[149.0, 18]","[150.0, 90]",146.5,144,5.0,-0.5
07:30:44,"[143.12, 16]","[137.75, 12]","[162.67, 42]","[217.86, 29]",152.9,99,19.54,-0.43
07:30:45,"[142.38, 13]","[137.0, 15]","[146.4, 40]","[150.4, 45]",144.39,113,4.02,-0.5
07:30:46,"[141.67, 21]","[136.56, 16]","[144.08, 37]","[145.11, 27]",142.87,101,2.41,-0.27
07:30:47,"[142.6, 70]","[139.8, 10]","[144.0, 40]","[145.0, 30]",143.3,150,1.4,0.07
07:30:48,"[143.0, 42]","[139.0, 6]","[144.0, 18]","[145.0, 18]",143.5,84,1.0,0.14
07:30:49,"[142.78, 18]","[137.36, 11]","[144.88, 24]","[145.88, 24]",143.83,77,2.1,-0.25
07:30:50,"[144.0, 16]","[138.38, 8]","[145.0, 24]","[146.0, 24]",144.5,72,1.0,-0.33
07:30:51,"[144.0, 14]","[138.0, 7]","[145.14, 21]","[146.87, 23]",144.57,65,1.14,-0.35
07:30:52,"[144.0, 20]","[138.0, 16]","[146.0, 30]","[149.71, 35]",145.0,101,2.0,-0.29
07:30:53,"[143.93, 28]","[139.09, 22]","[147.41, 34]","[150.47, 43]",145.67,127,3.48,-0.21
07:30:54,"[143.0, 22]","[137.4, 15]","[146.5, 12]","[149.3, 23]",144.75,72,3.5,0.03
07:30:55,"[143.0, 16]","[137.0, 47]","[151.54, 26]","[297.72, 29]",147.27,118,8.54,0.07
07:30:56,"[143.33, 6]","[137.6, 20]","[152.0, 6]","[270.0, 15]",147.67,47,8.67,0.11
07:30:57,"[144.67, 27]","[142.45, 22]","[152.0, 22]","[297.66, 41]",148.33,112,7.33,-0.12
07:30:58,"[147.45, 22]","[146.0, 77]","[152.0, 22]","[220.8, 40]",149.73,161,4.55,0.23
07:30:59,"[149.02, 55]","[146.8, 35]","[152.0, 20]","[182.84, 38]",150.51,148,2.98,0.22
07:31:00,"[151.7, 57]","[149.67, 48]","[263.69, 26]","[398.57, 40]",207.7,171,111.99,0.23
07:31:01,"[159.0, 21]","[153.82, 22]","[434.0, 27]","[465.57, 28]",296.5,98,275.0,-0.12
07:31:02,"[159.0, 18]","[156.0, 12]","[446.73, 22]","[479.64, 22]",302.86,74,287.73,-0.19
07:31:03,"[159.0, 12]","[156.0, 16]","[531.4, 20]","[533.91, 22]",345.2,70,372.4,-0.2
07:31:04,"[159.0, 26]","[156.0, 24]","[357.73, 26]","[450.5, 22]",258.37,98,198.73,0.02
07:31:05,"[159.0, 20]","[156.0, 16]","[281.0, 16]","[445.5, 12]",220.0,64,122.0,0.12
07:31:06,"[159.0, 45]","[156.0, 36]","[313.79, 43]","[515.44, 27]",236.4,151,154.79,0.07
07:31:07,"[159.0, 10]","[156.0, 8]","[240.38, 8]","[293.25, 8]",199.69,34,81.38,0.06
07:31:08,"[159.0, 16]","[156.0, 20]","[201.0, 15]","[259.43, 21]",180.0,72,42.0,0.0
07:31:09,"[159.0, 8]","[156.0, 16]","[248.0, 12]","[279.5, 20]",203.5,56,89.0,-0.14
07:31:10,"[158.65, 34]","[155.74, 46]","[247.36, 25]","[279.33, 45]",203.0,150,88.71,0.07
07:31:11,"[161.0, 16]","[159.0, 24]","[197.12, 17]","[234.75, 24]",179.06,81,36.12,-0.01
07:31:12,"[160.69, 26]","[158.35, 49]","[179.85, 26]","[181.31, 26]",170.27,127,19.15,0.18
07:31:13,"[159.0, 12]","[157.0, 48]","[178.17, 12]","[181.0, 12]",168.58,84,19.17,0.43
07:31:14,"[159.0, 14]","[157.0, 56]","[178.0, 14]","[181.0, 14]",168.5,98,19.0,0.43
07:31:15,"[157.1, 41]","[156.07, 122]","[177.0, 14]","[178.86, 14]",167.05,191,19.9,0.71
07:31:16,"[156.0, 133]","[155.0, 14]","[175.86, 14]","[177.71, 14]",165.93,175,19.86,0.68
07:31:17,"[156.0, 79]","[155.0, 10]","[174.2, 10]","[175.4, 10]",165.1,109,18.2,0.63
07:31:18,"[156.0, 189]","[155.0, 26]","[172.46, 26]","[174.38, 26]",164.23,267,16.46,0.61
07:31:19,"[156.0, 182]","[154.43, 42]","[167.76, 25]","[168.57, 28]",161.88,277,11.76,0.62
07:31:20,"[156.21, 192]","[154.19, 232]","[163.36, 42]","[164.76, 29]",159.78,495,7.15,0.71
07:31:21,"[158.0, 163]","[156.0, 228]","[159.84, 43]","[161.43, 28]",158.92,462,1.84,0.69
07:31:22,"[156.63, 99]","[155.84, 101]","[159.0, 27]","[215.17, 29]",157.81,256,2.37,0.56
07:31:23,"[156.0, 119]","[155.0, 28]","[158.43, 21]","[215.0, 25]",157.21,193,2.43,0.52
07:31:24,"[156.0, 59]","[155.0, 16]","[196.0, 12]","[221.5, 18]",176.0,105,40.0,0.43
07:31:25,"[156.0, 114]","[155.0, 44]","[190.14, 44]","[245.18, 51]",173.07,253,34.14,0.25
07:31:26,"[156.0, 73]","[155.0, 36]","[265.78, 45]","[306.0, 27]",210.89,181,109.78,0.2
07:31:27,"[156.0, 35]","[155.0, 20]","[281.0, 21]","[322.84, 19]",218.5,95,125.0,0.16
07:31:28,"[156.0, 56]","[155.0, 32]","[288.67, 27]","[434.77, 31]",222.33,146,132.67,0.21
07:31:29,"[156.0, 29]","[154.0, 132]","[266.7, 50]","[293.14, 42]",211.35,253,110.7,0.27
07:31:30,"[156.0, 8]","[154.13, 38]","[220.88, 8]","[306.0, 12]",188.44,66,64.88,0.39
07:31:31,"[156.0, 14]","[155.0, 28]","[230.58, 19]","[275.55, 11]",193.29,72,74.58,0.17
07:31:32,"[155.46, 13]","[154.88, 48]","[253.0, 7]","[388.68, 19]",204.23,87,97.54,0.4
07:31:33,"[155.0, 67]","[154.0, 66]","[266.21, 14]","[337.0, 18]",210.61,165,111.21,0.61
07:31:34,"[155.0, 90]","[154.0, 81]","[233.6, 15]","[516.27, 15]",194.3,201,78.6,0.7
07:31:35,"[155.0, 110]","[154.0, 99]","[314.0, 13]","[363.43, 14]",234.5,236,159.0,0.77
07:31:36,"[155.0, 100]","[154.0, 90]","[316.5, 16]","[514.0, 20]",235.75,226,161.5,0.68
07:31:37,"[156.6, 94]","[154.3, 90]","[316.0, 40]","[317.0, 10]",236.3,234,159.4,0.57
07:31:38,"[160.0, 110]","[155.0, 99]","[285.3, 46]","[315.12, 17]",222.65,272,125.3,0.54
07:31:39,"[160.0, 70]","[156.31, 80]","[181.64, 55]","[251.21, 53]",170.82,258,21.64,0.16
07:31:40,"[160.0, 34]","[158.0, 85]","[179.67, 54]","[210.9, 39]",169.83,212,19.67,0.12
07:31:41,"[158.15, 26]","[155.19, 77]","[173.11, 18]","[173.4, 30]",165.63,151,14.96,0.36
07:31:42,"[158.0, 33]","[155.0, 99]","[169.92, 26]","[172.66, 29]",163.96,187,11.92,0.41
07:31:43,"[158.0, 27]","[155.0, 81]","[168.22, 36]","[171.0, 9]",163.11,153,10.22,0.41
07:31:44,"[158.0, 48]","[155.0, 153]","[165.74, 31]","[170.69, 26]",161.87,258,7.74,0.56
07:31:45,"[159.64, 77]","[155.67, 81]","[162.89, 36]","[163.78, 36]",161.26,230,3.25,0.37
07:31:46,"[160.0, 60]","[158.0, 24]","[162.5, 28]","[188.17, 35]",161.25,147,2.5,0.14
07:31:47,"[160.0, 56]","[158.0, 28]","[162.93, 56]","[275.0, 14]",161.46,154,2.93,0.09
07:31:48,"[159.7, 33]","[157.89, 36]","[171.45, 29]","[423.67, 12]",165.57,110,11.75,0.25
07:31:49,"[158.0, 31]","[157.0, 44]","[404.36, 42]","[455.05, 19]",281.18,136,246.36,0.1
07:31:50,"[158.0, 10]","[157.0, 40]","[175.0, 20]","[290.2, 50]",166.5,120,17.0,-0.17
07:31:51,"[158.0, 9]","[157.0, 36]","[177.32, 31]","[222.67, 30]",167.66,106,19.32,-0.15
07:31:52,"[158.0, 85]","[157.0, 52]","[387.7, 53]","[465.75, 48]",272.85,238,229.7,0.15
07:31:53,"[158.0, 82]","[157.0, 40]","[320.0, 20]","[484.67, 42]",239.0,184,162.0,0.33
07:31:54,"[158.0, 96]","[157.0, 48]","[405.7, 20]","[457.55, 40]",281.85,204,247.7,0.41
07:31:55,"[158.0, 56]","[157.0, 40]","[324.82, 17]","[394.0, 14]",241.41,127,166.82,0.51
07:31:56,"[157.44, 48]","[156.5, 46]","[323.79, 28]","[327.62, 26]",240.61,148,166.35,0.27
07:31:57,"[154.38, 79]","[153.57, 142]","[308.35, 20]","[323.48, 23]",231.36,264,153.97,0.67
07:31:58,"[154.0, 40]","[153.0, 72]","[319.13, 15]","[320.56, 9]",236.57,136,165.13,0.65
07:31:59,"[154.0, 50]","[153.0, 90]","[315.67, 18]","[316.85, 13]",234.83,171,161.67,0.64
07:32:00,"[154.0, 66]","[153.0, 135]","[314.0, 15]","[315.0, 30]",234.0,246,160.0,0.63
07:32:01,"[154.78, 27]","[153.34, 41]","[302.21, 14]","[314.22, 18]",228.5,100,147.44,0.36
07:32:02,"[154.0, 12]","[153.0, 108]","[242.26, 27]","[260.39, 31]",198.13,178,88.26,0.35
07:32:03,"[152.69, 48]","[151.25, 71]","[207.5, 12]","[208.76, 25]",180.09,156,54.81,0.53
07:32:04,"[154.0, 62]","[153.0, 99]","[205.16, 19]","[206.43, 14]",179.58,194,51.16,0.66
07:32:05,"[154.73, 44]","[153.16, 97]","[186.92, 26]","[204.76, 21]",170.83,188,32.2,0.5
07:32:06,"[154.53, 47]","[153.03, 80]","[159.83, 29]","[199.97, 30]",157.18,186,5.3,0.37
07:32:07,"[153.39, 31]","[152.02, 41]","[160.48, 33]","[167.58, 19]",156.94,124,7.1,0.16
07:32:08,"[157.0, 4]","[153.0, 28]","[159.25, 20]","[162.0, 12]",158.12,64,2.25,0.0
07:32:09,"[153.19, 42]","[151.52, 54]","[158.1, 50]","[234.0, 14]",155.65,160,4.91,0.2
07:32:10,"[153.0, 49]","[151.0, 35]","[156.29, 17]","[161.23, 31]",154.65,132,3.29,0.27
07:32:11,"[153.0, 59]","[151.0, 40]","[154.21, 38]","[155.14, 28]",153.61,165,1.21,0.2
07:32:12,"[150.86, 29]","[147.28, 50]","[154.79, 29]","[156.0, 16]",152.83,124,3.93,0.27
07:32:13,"[150.64, 22]","[146.97, 33]","[154.57, 14]","[155.57, 14]",152.6,83,3.94,0.33
07:32:14,"[149.33, 18]","[144.0, 28]","[153.6, 10]","[154.0, 4]",151.47,60,4.27,0.53
07:32:15,"[148.0, 24]","[141.63, 38]","[152.83, 12]","[0, 0]",150.42,74,4.83,0.68
07:32:16,"[148.03, 29]","[105.05, 19]","[151.55, 22]","[152.0, 4]",149.79,74,3.51,0.3
07:32:17,"[148.0, 40]","[59.96, 68]","[150.42, 24]","[223.0, 7]",149.21,139,2.42,0.55
07:32:18,"[147.78, 36]","[115.33, 81]","[150.56, 18]","[303.89, 9]",149.17,144,2.78,0.62
07:32:19,"[147.0, 32]","[131.0, 72]","[148.25, 16]","[237.5, 8]",147.62,128,1.25,0.62
07:32:20,"[147.0, 28]","[131.0, 63]","[396.57, 7]","[536.81, 16]",271.79,114,249.57,0.6
07:32:21,"[147.64, 33]","[136.95, 43]","[386.0, 6]","[636.33, 30]",266.82,112,238.36,0.36
07:32:22,"[150.93, 15]","[149.14, 57]","[177.82, 33]","[648.86, 21]",164.38,126,26.88,0.14
07:32:23,"[153.87, 39]","[151.06, 65]","[156.43, 23]","[201.81, 43]",155.15,170,2.56,0.22
07:32:24,"[154.83, 29]","[152.38, 13]","[264.59, 22]","[413.63, 19]",209.71,83,109.76,0.01
07:32:25,"[155.0, 32]","[154.0, 8]","[475.09, 11]","[594.82, 22]",315.05,73,320.09,0.1
07:32:26,"[156.29, 35]","[154.71, 17]","[376.0, 19]","[519.89, 9]",266.14,80,219.71,0.3
07:32:27,"[158.0, 53]","[155.0, 44]","[390.27, 22]","[519.43, 37]",274.14,156,232.27,0.24
07:32:28,"[158.0, 21]","[155.0, 28]","[290.14, 28]","[314.0, 35]",224.07,112,132.14,-0.12
07:32:29,"[158.0, 30]","[155.82, 22]","[245.82, 44]","[348.36, 44]",201.91,140,87.82,-0.26
07:32:30,"[158.0, 24]","[156.29, 28]","[317.16, 50]","[450.91, 47]",237.58,149,159.16,-0.3
07:32:31,"[158.0, 26]","[157.0, 52]","[489.83, 36]","[522.06, 53]",323.92,167,331.83,-0.07
07:32:32,"[158.0, 18]","[157.0, 36]","[233.25, 24]","[254.47, 34]",195.62,112,75.25,-0.04
07:32:33,"[158.0, 30]","[157.0, 36]","[230.81, 21]","[232.4, 25]",194.4,112,72.81,0.18
07:32:34,"[158.0, 13]","[157.0, 40]","[227.34, 32]","[228.62, 21]",192.67,106,69.34,0.0
07:32:35,"[157.25, 16]","[156.67, 24]","[225.69, 29]","[226.74, 23]",191.47,92,68.44,-0.13
07:32:36,"[157.0, 23]","[156.0, 18]","[220.18, 22]","[222.1, 20]",188.59,83,63.18,-0.01
07:32:37,"[157.0, 9]","[156.0, 18]","[217.54, 35]","[218.33, 24]",187.27,86,60.54,-0.37
07:32:38,"[157.0, 8]","[156.0, 16]","[214.64, 22]","[215.27, 30]",185.82,76,57.64,-0.37
07:32:39,"[155.56, 32]","[155.57, 23]","[209.02, 41]","[211.0, 23]",182.29,119,53.46,-0.08
07:32:40,"[156.86, 43]","[155.06, 18]","[206.64, 25]","[207.44, 27]",181.75,113,49.78,0.08
07:32:41,"[160.0, 24]","[157.0, 24]","[203.61, 18]","[205.0, 12]",181.81,78,43.61,0.23
07:32:42,"[160.0, 26]","[157.0, 36]","[201.9, 30]","[203.38, 32]",180.95,124,41.9,0.0
07:32:43,"[158.2, 25]","[156.05, 38]","[199.5, 24]","[200.93, 29]",178.85,116,41.3,0.09
07:32:44,"[157.0, 9]","[155.0, 27]","[197.15, 26]","[198.12, 25]",177.08,87,40.15,-0.17
07:32:45,"[159.7, 20]","[156.2, 15]","[192.89, 37]","[195.1, 40]",176.3,112,33.19,-0.38
07:32:46,"[156.38, 29]","[154.22, 59]","[191.33, 42]","[192.38, 39]",173.86,169,34.95,0.04
07:32:47,"[157.0, 24]","[155.0, 24]","[187.91, 22]","[189.27, 30]",172.45,100,30.91,-0.04
07:32:48,"[157.53, 38]","[155.58, 36]","[185.35, 34]","[186.17, 53]",171.44,161,27.83,-0.08
07:32:49,"[158.29, 28]","[155.86, 21]","[183.81, 31]","[185.17, 30]",171.05,110,25.52,-0.11
07:32:50,"[157.0, 16]","[155.17, 18]","[179.9, 21]","[180.84, 19]",168.45,74,22.9,-0.08
07:32:51,"[156.67, 18]","[155.25, 24]","[175.54, 28]","[177.43, 21]",166.1,91,18.87,-0.08
07:32:52,"[156.67, 15]","[155.07, 15]","[172.62, 24]","[173.8, 15]",164.65,69,15.96,-0.13
07:32:53,"[158.0, 37]","[156.0, 9]","[170.0, 27]","[171.0, 27]",164.0,100,12.0,-0.08
07:32:54,"[158.0, 40]","[156.0, 10]","[168.26, 19]","[169.21, 28]",163.13,97,10.26,0.03
07:32:55,"[158.0, 36]","[156.0, 9]","[164.46, 13]","[167.36, 22]",161.23,80,6.46,0.12
07:32:56,"[158.0, 64]","[156.0, 16]","[161.24, 34]","[162.14, 42]",159.62,156,3.24,0.03
07:32:57,"[157.05, 38]","[154.65, 26]","[159.5, 16]","[160.86, 28]",158.28,108,2.45,0.19
07:32:58,"[154.0, 78]","[152.91, 44]","[157.81, 37]","[158.8, 35]",155.91,194,3.81,0.26
07:32:59,"[154.0, 63]","[153.0, 143]","[155.77, 39]","[157.52, 29]",154.88,274,1.77,0.5
07:33:00,"[153.02, 135]","[151.63, 35]","[159.0, 15]","[189.28, 25]",156.01,210,5.98,0.62
07:33:01,"[153.06, 83]","[151.62, 26]","[159.4, 10]","[213.0, 20]",156.23,139,6.34,0.57
07:33:02,"[158.0, 10]","[153.0, 80]","[159.0, 10]","[299.6, 20]",158.5,120,1.0,0.5
07:33:03,"[155.27, 74]","[152.75, 64]","[309.09, 22]","[337.09, 22]",232.18,182,153.82,0.52
07:33:04,"[157.0, 84]","[153.0, 112]","[313.5, 28]","[538.24, 34]",235.25,258,156.5,0.52
07:33:05,"[157.0, 36]","[153.0, 48]","[575.11, 18]","[620.0, 12]",366.06,114,418.11,0.47
07:33:06,"[157.0, 36]","[153.0, 72]","[498.0, 24]","[565.6, 30]",327.5,162,341.0,0.33
07:33:07,"[157.9, 60]","[155.12, 34]","[487.15, 26]","[530.82, 22]",322.53,142,329.25,0.32
07:33:08,"[158.0, 90]","[157.0, 30]","[342.0, 22]","[467.38, 32]",250.0,174,184.0,0.38
07:33:09,"[158.33, 54]","[157.64, 42]","[304.12, 16]","[307.0, 16]",231.23,128,145.79,0.5
07:33:10,"[160.0, 30]","[158.61, 69]","[244.11, 37]","[288.09, 23]",202.05,159,84.11,0.25
07:33:11,"[159.57, 47]","[158.6, 90]","[224.48, 50]","[226.14, 28]",192.03,215,64.91,0.27
07:33:12,"[159.0, 40]","[158.0, 72]","[222.5, 32]","[226.0, 16]",190.75,160,63.5,0.4
07:33:13,"[159.0, 55]","[158.0, 99]","[220.62, 32]","[222.0, 34]",189.81,220,61.62,0.4
07:33:14,"[159.0, 39]","[158.0, 81]","[220.0, 36]","[221.0, 18]",189.5,174,61.0,0.38
07:33:15,"[159.0, 24]","[158.0, 72]","[219.27, 22]","[220.23, 26]",189.14,144,60.27,0.33
07:33:16,"[158.11, 81]","[157.5, 54]","[217.5, 24]","[220.0, 48]",187.81,207,59.39,0.3
07:33:17,"[158.0, 80]","[157.0, 30]","[215.3, 20]","[217.85, 26]",186.65,156,57.3,0.41
07:33:18,"[158.0, 64]","[157.0, 24]","[212.78, 18]","[213.54, 26]",185.39,132,54.78,0.33
07:33:19,"[158.0, 53]","[157.0, 33]","[211.09, 22]","[213.0, 44]",184.55,152,53.09,0.13
07:33:20,"[158.0, 10]","[157.0, 30]","[206.15, 26]","[212.78, 36]",182.08,102,48.15,-0.22
07:33:21,"[158.0, 12]","[157.0, 36]","[208.14, 28]","[209.75, 32]",183.07,108,50.14,-0.11
07:33:22,"[156.0, 60]","[155.0, 22]","[204.85, 54]","[206.32, 31]",180.43,167,48.85,-0.02
07:33:23,"[156.0, 44]","[155.0, 22]","[201.27, 30]","[202.57, 28]",178.63,124,45.27,0.06
07:33:24,"[156.0, 32]","[155.0, 16]","[197.55, 29]","[199.57, 21]",176.78,98,41.55,-0.02
07:33:25,"[156.29, 62]","[155.52, 46]","[192.56, 54]","[194.27, 60]",174.42,222,36.27,-0.03
07:33:26,"[157.0, 39]","[156.0, 52]","[187.54, 37]","[188.8, 40]",172.27,168,30.54,0.08
07:33:27,"[156.73, 33]","[155.84, 38]","[185.18, 33]","[186.85, 33]",170.95,137,28.45,0.04
07:33:28,"[156.0, 36]","[155.0, 24]","[184.67, 30]","[185.69, 32]",170.33,122,28.67,-0.02
07:33:29,"[154.54, 35]","[153.05, 86]","[178.65, 23]","[180.72, 29]",166.6,173,24.11,0.4
07:33:30,"[151.91, 66]","[150.43, 84]","[174.57, 28]","[176.08, 24]",163.24,202,22.66,0.49
07:33:31,"[151.69, 35]","[150.48, 62]","[172.17, 12]","[173.07, 29]",161.93,138,20.48,0.41
07:33:32,"[152.33, 30]","[150.76, 66]","[169.54, 13]","[172.88, 34]",160.94,143,17.21,0.34
07:33:33,"[151.0, 45]","[150.0, 72]","[167.05, 21]","[167.93, 14]",159.02,152,16.05,0.54
07:33:34,"[159.23, 98]","[157.3, 113]","[162.69, 35]","[163.76, 25]",160.96,271,3.45,0.56
07:33:35,"[160.0, 89]","[158.0, 35]","[161.27, 15]","[162.67, 12]",160.63,151,1.27,0.64
07:33:36,"[160.0, 53]","[158.0, 45]","[407.71, 41]","[610.57, 21]",283.85,160,247.71,0.23
07:33:37,"[159.0, 32]","[157.38, 24]","[525.0, 40]","[713.75, 16]",342.0,112,366.0,0.0
07:33:38,"[158.0, 59]","[155.0, 8]","[311.17, 18]","[519.41, 34]",234.58,119,153.17,0.13
07:33:39,"[158.0, 50]","[155.67, 9]","[195.8, 15]","[212.0, 12]",176.9,86,37.8,0.37
07:33:40,"[158.0, 45]","[156.0, 9]","[194.4, 15]","[195.8, 15]",176.2,84,36.4,0.29
07:33:41,"[158.0, 50]","[156.0, 10]","[192.57, 14]","[193.92, 26]",175.29,100,34.57,0.2
07:33:42,"[158.0, 80]","[156.0, 16]","[190.19, 36]","[190.64, 28]",174.1,160,32.19,0.2
07:33:43,"[158.0, 65]","[156.0, 13]","[186.97, 31]","[221.4, 40]",172.48,149,28.97,0.05
07:33:44,"[157.48, 27]","[155.22, 18]","[183.33, 43]","[185.12, 34]",170.4,122,25.84,-0.26
07:33:45,"[153.31, 51]","[150.79, 78]","[182.4, 30]","[183.55, 33]",167.86,192,29.09,0.34
07:33:46,"[158.17, 46]","[152.22, 80]","[180.56, 27]","[181.59, 29]",169.36,182,22.38,0.38
07:33:47,"[160.0, 22]","[158.0, 149]","[178.6, 35]","[180.43, 42]",169.3,248,18.6,0.38
07:33:48,"[160.0, 16]","[158.0, 128]","[176.0, 32]","[177.0, 24]",168.0,200,16.0,0.44
07:33:49,"[160.0, 18]","[158.0, 144]","[173.82, 39]","[175.8, 30]",166.91,231,13.82,0.4
07:33:50,"[160.0, 18]","[158.0, 144]","[172.78, 45]","[174.0, 36]",166.39,243,12.78,0.33
07:33:51,"[160.0, 14]","[158.0, 112]","[171.21, 33]","[173.48, 29]",165.61,188,11.21,0.34
07:33:52,"[160.0, 14]","[158.0, 112]","[167.6, 25]","[168.39, 31]",163.8,182,7.6,0.38
07:33:53,"[158.05, 174]","[157.32, 44]","[165.58, 62]","[166.31, 49]",161.81,329,7.53,0.33
07:33:54,"[158.0, 137]","[156.0, 12]","[162.24, 49]","[163.02, 45]",160.12,243,4.24,0.23
07:33:55,"[158.0, 102]","[156.0, 14]","[159.68, 47]","[161.11, 63]",158.84,226,1.68,0.03
07:33:56,"[156.0, 15]","[155.0, 15]","[158.87, 45]","[346.47, 57]",157.43,132,2.87,-0.55
07:33:57,"[154.17, 72]","[153.67, 18]","[157.22, 27]","[267.08, 39]",155.69,156,3.06,0.15
07:33:58,"[154.0, 198]","[153.0, 36]","[156.11, 27]","[253.22, 45]",155.06,306,2.11,0.53
07:33:59,"[154.0, 44]","[153.0, 8]","[156.0, 6]","[170.0, 10]",155.0,68,2.0,0.53
07:34:00,"[154.0, 265]","[153.0, 56]","[157.46, 39]","[164.54, 50]",155.73,410,3.46,0.57
07:34:01,"[154.0, 153]","[153.0, 52]","[156.78, 32]","[157.68, 34]",155.39,271,2.78,0.51
07:34:02,"[154.03, 95]","[153.18, 49]","[156.31, 32]","[174.91, 33]",155.17,209,2.28,0.38
07:34:03,"[154.0, 76]","[153.0, 36]","[156.11, 27]","[326.67, 27]",155.06,166,2.11,0.35
07:34:04,"[153.6, 40]","[152.5, 32]","[155.1, 30]","[304.0, 30]",154.35,132,1.5,0.09
07:34:05,"[152.95, 37]","[150.53, 34]","[154.3, 30]","[304.0, 30]",153.62,131,1.35,0.08
07:34:06,"[150.04, 78]","[142.69, 78]","[154.0, 24]","[267.62, 24]",152.02,204,3.96,0.53
07:34:07,"[150.0, 45]","[131.0, 18]","[363.0, 9]","[384.0, 9]",256.5,81,213.0,0.56
07:34:08,"[150.1, 83]","[142.75, 48]","[345.86, 21]","[479.14, 21]",247.98,173,195.76,0.51
07:34:09,"[151.0, 28]","[148.73, 60]","[419.14, 21]","[546.0, 21]",285.07,130,268.14,0.35
07:34:10,"[151.4, 40]","[150.0, 70]","[491.5, 30]","[688.39, 28]",321.45,168,340.1,0.31
07:34:11,"[152.91, 44]","[150.0, 95]","[486.18, 33]","[688.65, 23]",319.55,195,333.27,0.43
07:34:12,"[154.0, 28]","[150.05, 37]","[256.0, 21]","[328.47, 19]",205.0,105,102.0,0.24
07:34:13,"[154.0, 22]","[151.0, 7]","[345.73, 11]","[385.43, 21]",249.86,61,191.73,-0.05
07:34:14,"[157.43, 42]","[151.92, 13]","[357.27, 11]","[379.0, 27]",257.35,93,199.84,0.18
07:34:15,"[160.0, 92]","[154.0, 18]","[356.22, 9]","[503.27, 22]",258.11,141,196.22,0.56
07:34:16,"[160.0, 98]","[154.0, 22]","[322.0, 23]","[449.8, 15]",241.0,158,162.0,0.52
07:34:17,"[160.0, 84]","[157.33, 48]","[328.29, 24]","[536.53, 32]",244.15,188,168.29,0.4
07:34:18,"[160.0, 66]","[158.0, 64]","[232.26, 19]","[586.36, 25]",196.13,174,72.26,0.49
07:34:19,"[160.0, 39]","[158.0, 72]","[161.38, 52]","[162.29, 28]",160.69,191,1.38,0.16
07:34:20,"[158.0, 66]","[156.0, 11]","[436.2, 25]","[531.8, 15]",297.1,117,278.2,0.32
07:34:21,"[158.43, 83]","[157.82, 57]","[513.0, 9]","[610.0, 9]",335.72,158,354.57,0.77
07:34:22,"[160.0, 22]","[158.0, 143]","[389.36, 25]","[499.9, 21]",274.68,211,229.36,0.56
07:34:23,"[160.0, 17]","[158.0, 156]","[357.12, 25]","[408.32, 25]",258.56,223,197.12,0.55
07:34:24,"[158.11, 76]","[156.65, 120]","[248.2, 20]","[256.31, 16]",203.15,232,90.09,0.69
07:34:25,"[158.0, 90]","[156.0, 70]","[233.0, 26]","[240.06, 18]",195.5,204,75.0,0.57
07:34:26,"[158.0, 73]","[156.0, 84]","[230.31, 32]","[231.31, 32]",194.16,221,72.31,0.42
07:34:27,"[158.0, 36]","[156.0, 63]","[226.47, 17]","[227.71, 14]",192.24,130,68.47,0.52
07:34:28,"[158.0, 36]","[156.0, 63]","[222.9, 21]","[226.6, 10]",190.45,130,64.9,0.52
07:34:29,"[156.83, 63]","[155.23, 146]","[212.92, 36]","[215.0, 60]",184.87,305,56.09,0.37
07:34:30,"[160.0, 75]","[156.0, 90]","[209.91, 35]","[212.04, 45]",184.96,245,49.91,0.35
07:34:31,"[157.7, 94]","[155.25, 192]","[204.41, 39]","[205.75, 24]",181.06,349,46.71,0.64
07:34:32,"[156.0, 90]","[155.0, 201]","[200.4, 20]","[201.4, 25]",178.2,336,44.4,0.73
07:34:33,"[156.0, 72]","[155.0, 48]","[197.67, 21]","[199.8, 15]",176.83,156,41.67,0.54
07:34:34,"[156.0, 90]","[155.0, 60]","[194.68, 22]","[195.3, 30]",175.34,202,38.68,0.49
07:34:35,"[156.0, 63]","[155.0, 68]","[191.44, 48]","[192.22, 23]",173.72,202,35.44,0.3
07:34:36,"[156.0, 15]","[155.0, 36]","[184.75, 24]","[190.0, 24]",170.38,99,28.75,0.03
07:34:37,"[156.0, 12]","[155.0, 48]","[186.63, 19]","[188.0, 22]",171.32,101,30.63,0.19
07:34:38,"[156.0, 12]","[155.0, 48]","[182.71, 24]","[183.78, 32]",169.35,116,26.71,0.03
07:34:39,"[157.87, 91]","[155.33, 36]","[177.0, 22]","[178.2, 35]",167.43,184,19.13,0.38
07:34:40,"[158.0, 164]","[156.0, 16]","[171.26, 46]","[174.32, 19]",164.63,245,13.26,0.47
07:34:41,"[158.0, 320]","[156.0, 16]","[166.59, 68]","[168.8, 30]",162.29,434,8.59,0.55
07:34:42,"[159.17, 115]","[157.96, 147]","[165.93, 75]","[167.0, 15]",162.55,352,6.77,0.49
07:34:43,"[160.0, 114]","[158.0, 222]","[163.32, 71]","[164.81, 78]",161.66,485,3.32,0.39
07:34:44,"[158.13, 164]","[156.68, 150]","[162.6, 45]","[164.58, 57]",160.37,416,4.47,0.51
07:34:45,"[158.0, 187]","[156.0, 121]","[161.87, 53]","[163.43, 46]",159.93,407,3.87,0.51
07:34:46,"[158.0, 169]","[156.0, 132]","[160.49, 57]","[257.6, 45]",159.25,403,2.49,0.49
07:34:47,"[158.0, 68]","[156.0, 132]","[159.83, 24]","[263.54, 46]",158.92,270,1.83,0.48
07:34:48,"[158.0, 22]","[156.0, 99]","[159.0, 18]","[201.31, 35]",158.5,174,1.0,0.39
07:34:49,"[156.91, 35]","[155.79, 112]","[159.0, 22]","[205.7, 43]",157.96,212,2.09,0.39
07:34:50,"[155.73, 75]","[154.97, 116]","[255.0, 45]","[355.31, 49]",205.37,285,99.27,0.34
07:34:51,"[158.0, 42]","[155.0, 64]","[363.67, 30]","[383.12, 32]",260.83,168,205.67,0.26
07:34:52,"[158.0, 45]","[155.0, 72]","[362.78, 27]","[398.55, 31]",260.39,175,204.78,0.34
07:34:53,"[158.0, 40]","[155.0, 64]","[289.37, 19]","[381.88, 24]",223.68,147,131.37,0.41
07:34:54,"[155.25, 61]","[154.53, 15]","[301.0, 27]","[415.38, 24]",228.12,127,145.75,0.2
07:34:55,"[155.0, 88]","[154.0, 11]","[220.21, 34]","[246.76, 38]",187.6,171,65.21,0.16
07:34:56,"[155.0, 118]","[154.0, 12]","[208.33, 36]","[252.88, 40]",181.67,206,53.33,0.26
07:34:57,"[155.0, 90]","[154.0, 9]","[204.22, 27]","[269.35, 34]",179.61,160,49.22,0.24
07:34:58,"[155.0, 60]","[154.0, 6]","[193.17, 18]","[222.43, 21]",174.08,105,38.17,0.26
07:34:59,"[155.0, 80]","[154.0, 8]","[193.0, 24]","[433.9, 20]",174.0,132,38.0,0.33
07:35:00,"[155.0, 96]","[154.0, 10]","[192.1, 30]","[496.91, 23]",173.55,159,37.1,0.33
07:35:01,"[155.0, 102]","[154.0, 15]","[182.67, 45]","[270.4, 45]",168.83,207,27.67,0.13
07:35:02,"[155.0, 62]","[154.0, 12]","[175.75, 60]","[177.0, 36]",165.38,170,20.75,-0.13
07:35:03,"[155.0, 162]","[153.67, 12]","[171.91, 56]","[175.22, 45]",163.46,275,16.91,0.27
07:35:04,"[155.0, 78]","[154.0, 13]","[165.02, 59]","[167.4, 52]",160.01,202,10.02,-0.1
07:35:05,"[155.88, 51]","[154.75, 24]","[162.04, 27]","[163.23, 39]",158.96,141,6.15,0.06
07:35:06,"[158.0, 44]","[155.0, 72]","[160.0, 24]","[163.0, 60]",159.0,200,2.0,0.16
07:35:07,"[159.0, 37]","[158.0, 33]","[162.04, 49]","[163.73, 37]",160.52,156,3.04,-0.1
07:35:08,"[159.0, 27]","[158.0, 27]","[161.49, 35]","[162.65, 37]",160.24,126,2.49,-0.14
07:35:09,"[158.82, 33]","[156.88, 43]","[160.0, 33]","[192.24, 51]",159.41,160,1.18,-0.05
07:35:10,"[155.6, 80]","[154.89, 72]","[158.74, 43]","[209.75, 48]",157.17,243,3.14,0.25
07:35:11,"[155.0, 54]","[154.0, 9]","[156.56, 18]","[159.0, 27]",155.78,108,1.56,0.17
07:35:12,"[155.0, 29]","[154.0, 10]","[171.0, 25]","[330.0, 30]",163.0,94,16.0,-0.17
07:35:13,"[155.0, 16]","[154.0, 8]","[181.0, 24]","[405.27, 30]",168.0,78,26.0,-0.38
07:35:14,"[156.33, 6]","[154.5, 8]","[181.0, 18]","[438.0, 24]",168.67,56,24.67,-0.5
07:35:15,"[153.71, 17]","[151.38, 21]","[181.0, 27]","[404.0, 32]",167.35,97,27.29,-0.22
07:35:16,"[153.0, 14]","[150.0, 21]","[183.14, 21]","[371.61, 23]",168.07,79,30.14,-0.11
07:35:17,"[153.0, 22]","[150.0, 33]","[182.64, 11]","[492.12, 43]",167.82,109,29.64,0.01
07:35:18,"[154.57, 23]","[150.67, 27]","[181.4, 10]","[435.38, 21]",167.98,81,26.83,0.23
07:35:19,"[154.58, 36]","[151.0, 27]","[180.7, 20]","[259.0, 36]",167.64,119,26.12,0.06
07:35:20,"[150.0, 33]","[75.68, 50]","[180.0, 11]","[223.8, 41]",165.0,135,30.0,0.23
07:35:21,"[123.41, 17]","[82.94, 47]","[231.78, 9]","[324.4, 25]",177.59,98,108.37,0.31
07:35:22,"[150.56, 82]","[103.15, 39]","[430.08, 24]","[625.33, 36]",290.32,181,279.52,0.34
07:35:23,"[160.0, 44]","[94.16, 70]","[257.56, 50]","[391.52, 46]",208.78,210,97.56,0.09
07:35:24,"[160.0, 10]","[137.91, 69]","[198.0, 40]","[324.69, 29]",179.0,148,38.0,0.07
07:35:25,"[160.0, 11]","[158.0, 66]","[197.09, 44]","[230.72, 47]",178.55,168,37.09,-0.08
07:35:26,"[158.61, 23]","[156.15, 78]","[194.73, 44]","[211.0, 55]",176.67,200,36.12,0.01
07:35:27,"[158.0, 36]","[153.57, 69]","[192.89, 36]","[278.71, 35]",175.44,176,34.89,0.19
07:35:28,"[158.0, 48]","[152.19, 52]","[192.0, 48]","[306.39, 36]",175.0,184,34.0,0.09
07:35:29,"[158.0, 44]","[157.0, 12]","[191.5, 48]","[258.04, 56]",174.75,160,33.5,-0.3
07:35:30,"[155.71, 63]","[152.56, 45]","[187.61, 36]","[206.36, 44]",171.66,188,31.9,0.15
07:35:31,"[155.72, 87]","[154.03, 62]","[178.51, 43]","[180.42, 38]",167.12,230,22.79,0.3
07:35:32,"[155.11, 81]","[152.27, 66]","[173.88, 32]","[175.92, 52]",164.49,231,18.76,0.27
07:35:33,"[155.0, 102]","[153.53, 129]","[168.36, 56]","[171.87, 46]",161.68,333,13.36,0.39
07:35:34,"[156.0, 72]","[154.31, 78]","[164.44, 32]","[165.5, 32]",160.22,214,8.44,0.4
07:35:35,"[155.0, 42]","[154.0, 63]","[159.92, 26]","[160.81, 21]",157.46,152,4.92,0.38
07:35:36,"[154.54, 39]","[153.82, 109]","[157.23, 26]","[159.0, 52]",155.88,226,2.69,0.31
07:35:37,"[152.48, 66]","[150.59, 51]","[153.84, 38]","[163.63, 41]",153.16,196,1.36,0.19
07:35:38,"[149.33, 49]","[111.65, 71]","[154.71, 14]","[174.17, 29]",152.02,163,5.39,0.47
07:35:39,"[150.27, 22]","[115.6, 40]","[166.0, 30]","[405.0, 10]",158.14,102,15.73,0.22
07:35:40,"[157.67, 45]","[152.56, 16]","[230.73, 22]","[536.54, 26]",194.2,109,73.06,0.12
07:35:41,"[158.0, 48]","[155.0, 14]","[180.86, 42]","[584.97, 69]",169.43,173,22.86,-0.28
07:35:42,"[154.0, 25]","[150.33, 27]","[176.0, 15]","[562.0, 24]",165.0,91,22.0,0.14
07:35:43,"[150.0, 25]","[112.02, 51]","[176.0, 27]","[378.0, 38]",163.0,141,26.0,0.08
07:35:44,"[149.95, 81]","[90.94, 31]","[176.0, 33]","[405.91, 46]",162.98,191,26.05,0.17
07:35:45,"[150.57, 77]","[128.57, 37]","[176.0, 21]","[349.29, 31]",163.29,166,25.43,0.37
07:35:46,"[153.82, 136]","[150.51, 118]","[174.24, 68]","[286.23, 66]",164.03,388,20.41,0.31
07:35:47,"[159.0, 112]","[157.0, 56]","[172.14, 70]","[338.42, 62]",165.57,300,13.14,0.12
07:35:48,"[159.0, 64]","[157.0, 32]","[171.12, 40]","[191.0, 24]",165.06,160,12.12,0.2
07:35:49,"[159.0, 69]","[157.0, 48]","[169.5, 60]","[191.0, 36]",164.25,213,10.5,0.1
07:35:50,"[159.0, 45]","[157.0, 36]","[165.48, 31]","[170.32, 41]",162.24,153,6.48,0.06
07:35:51,"[159.0, 45]","[157.0, 36]","[162.22, 37]","[164.03, 31]",160.61,149,3.22,0.09
07:35:52,"[158.37, 51]","[154.56, 72]","[160.26, 27]","[163.03, 31]",159.32,181,1.89,0.36
07:35:53,"[157.0, 44]","[154.43, 21]","[159.55, 11]","[169.41, 51]",158.27,127,2.55,0.02
07:35:54,"[157.0, 43]","[153.78, 51]","[174.33, 15]","[178.86, 51]",165.67,160,17.33,0.17
07:35:55,"[157.0, 21]","[154.0, 28]","[205.91, 33]","[237.0, 11]",181.45,93,48.91,0.05
07:35:56,"[157.0, 36]","[154.0, 48]","[204.83, 36]","[221.53, 32]",180.92,152,47.83,0.11
07:35:57,"[157.0, 44]","[154.0, 52]","[203.23, 39]","[390.89, 55]",180.12,190,46.23,0.01
07:35:58,"[157.0, 16]","[154.0, 20]","[203.0, 15]","[210.0, 20]",180.0,71,46.0,0.01
07:35:59,"[154.6, 45]","[153.11, 111]","[185.86, 42]","[208.6, 45]",170.23,243,31.26,0.28
07:36:00,"[154.83, 24]","[153.45, 53]","[199.16, 19]","[245.24, 25]",177.0,121,44.32,0.27
07:36:01,"[156.0, 41]","[153.93, 42]","[200.17, 46]","[228.31, 36]",178.09,165,44.17,0.01
07:36:02,"[155.31, 26]","[154.31, 26]","[197.75, 24]","[199.12, 24]",176.53,100,42.44,0.04
07:36:03,"[159.0, 12]","[156.56, 90]","[197.0, 36]","[199.0, 36]",178.0,174,38.0,0.17
07:36:04,"[157.0, 84]","[155.0, 36]","[196.78, 27]","[199.0, 27]",176.89,174,39.78,0.38
07:36:05,"[157.0, 134]","[155.0, 56]","[193.5, 42]","[194.86, 42]",175.25,274,36.5,0.39
07:36:06,"[157.0, 182]","[155.0, 56]","[191.86, 42]","[194.0, 42]",174.43,322,34.86,0.48
07:36:07,"[157.0, 195]","[155.0, 60]","[187.24, 54]","[188.92, 48]",172.12,357,30.24,0.43
07:36:08,"[157.0, 193]","[155.0, 56]","[180.6, 45]","[182.35, 43]",168.8,337,23.6,0.48
07:36:09,"[157.0, 154]","[155.0, 44]","[175.05, 37]","[176.03, 36]",166.03,271,18.05,0.46
07:36:10,"[157.0, 174]","[155.0, 52]","[169.64, 55]","[172.26, 43]",163.32,324,12.64,0.4
07:36:11,"[157.0, 120]","[155.0, 48]","[169.0, 60]","[171.0, 36]",163.0,264,12.0,0.27
07:36:12,"[157.0, 110]","[155.0, 60]","[166.4, 55]","[167.44, 55]",161.7,280,9.4,0.21
07:36:13,"[156.62, 21]","[154.9, 31]","[163.43, 28]","[164.57, 28]",160.02,108,6.81,-0.04
07:36:14,"[155.0, 33]","[154.0, 45]","[162.44, 36]","[164.0, 27]",158.72,141,7.44,0.11
07:36:15,"[154.25, 16]","[153.6, 50]","[161.44, 27]","[162.86, 21]",157.85,114,7.19,0.16
07:36:16,"[154.0, 41]","[152.0, 40]","[161.0, 40]","[162.0, 32]",157.5,153,7.0,0.06
07:36:17,"[154.0, 40]","[152.0, 40]","[158.88, 40]","[162.0, 32]",156.44,152,4.88,0.05
07:36:18,"[154.0, 41]","[152.0, 45]","[157.57, 35]","[159.83, 46]",155.79,167,3.57,0.03
07:36:19,"[153.41, 51]","[151.5, 60]","[156.08, 48]","[269.31, 58]",154.75,217,2.67,0.02
07:36:20,"[152.22, 27]","[150.44, 45]","[153.56, 36]","[341.67, 36]",152.89,144,1.33,0.0
07:36:21,"[151.85, 26]","[148.3, 30]","[166.25, 40]","[353.61, 36]",159.05,132,14.4,-0.15
07:36:22,"[157.59, 51]","[150.25, 36]","[215.27, 30]","[482.71, 42]",186.43,159,57.68,0.09
07:36:23,"[158.0, 24]","[151.0, 6]","[212.0, 12]","[323.44, 18]",185.0,60,54.0,0.0
07:36:24,"[158.0, 24]","[153.0, 12]","[209.92, 25]","[233.38, 21]",183.96,82,51.92,-0.12
07:36:25,"[158.0, 20]","[155.0, 20]","[207.5, 24]","[208.83, 23]",182.75,87,49.5,-0.08
07:36:26,"[159.83, 185]","[156.4, 30]","[203.68, 41]","[204.79, 29]",181.75,285,43.86,0.51
07:36:27,"[160.0, 207]","[158.0, 18]","[195.24, 21]","[199.24, 21]",177.62,267,35.24,0.69
07:36:28,"[160.0, 276]","[158.0, 35]","[186.83, 24]","[188.08, 24]",173.42,359,26.83,0.73
07:36:29,"[160.0, 207]","[158.0, 27]","[185.56, 18]","[193.23, 26]",172.78,278,25.56,0.68
07:36:30,"[160.0, 261]","[158.0, 33]","[181.78, 41]","[182.2, 20]",170.89,355,21.78,0.66
07:36:31,"[160.0, 370]","[158.0, 48]","[176.66, 41]","[179.06, 36]",168.33,495,16.66,0.69
07:36:32,"[160.0, 198]","[158.0, 27]","[175.22, 36]","[177.0, 9]",167.61,270,15.22,0.67
07:36:33,"[160.0, 220]","[158.0, 30]","[172.03, 30]","[174.48, 33]",166.02,313,12.03,0.6
07:36:34,"[160.0, 374]","[158.0, 51]","[166.35, 37]","[167.22, 46]",163.18,508,6.35,0.67
07:36:35,"[160.0, 231]","[158.0, 36]","[163.59, 27]","[245.86, 35]",161.8,329,3.59,0.62
07:36:36,"[160.0, 136]","[158.0, 27]","[165.0, 36]","[351.22, 36]",162.5,235,5.0,0.39
07:36:37,"[160.0, 60]","[158.0, 15]","[163.2, 20]","[429.2, 20]",161.6,115,3.2,0.3
07:36:38,"[160.0, 108]","[158.0, 30]","[219.2, 40]","[435.72, 43]",189.6,221,59.2,0.25
07:36:39,"[157.0, 29]","[154.82, 33]","[724.0, 40]","[0, 0]",440.5,102,567.0,0.22
07:36:40,"[155.58, 60]","[154.27, 55]","[483.67, 60]","[0, 0]",319.62,175,328.08,0.31
07:36:41,"[156.82, 34]","[155.43, 35]","[447.0, 35]","[0, 0]",301.91,104,290.18,0.33
07:36:42,"[156.6, 40]","[155.36, 55]","[227.0, 36]","[607.33, 24]",191.8,155,70.4,0.23
07:36:43,"[156.0, 24]","[155.0, 30]","[265.0, 24]","[528.0, 24]",210.5,102,109.0,0.06
07:36:44,"[156.18, 22]","[155.12, 34]","[310.14, 28]","[544.43, 28]",233.16,112,153.96,0.0
07:36:45,"[156.0, 14]","[155.0, 30]","[282.5, 24]","[354.5, 24]",219.25,92,126.5,-0.04
07:36:46,"[155.6, 5]","[154.58, 26]","[310.0, 16]","[577.0, 16]",232.8,63,154.4,-0.02
07:36:47,"[155.25, 16]","[154.03, 68]","[280.86, 28]","[509.0, 24]",218.05,136,125.61,0.24
07:36:48,"[157.4, 15]","[154.08, 36]","[276.0, 24]","[0, 0]",216.7,75,118.6,0.36
07:36:49,"[158.0, 32]","[155.0, 9]","[258.0, 32]","[0, 0]",208.0,73,100.0,0.12
07:36:50,"[158.0, 28]","[155.0, 12]","[227.6, 20]","[228.0, 16]",192.8,76,69.6,0.05
07:36:51,"[154.18, 93]","[153.11, 141]","[225.6, 20]","[227.5, 32]",189.89,286,71.42,0.64
07:36:52,"[156.62, 64]","[153.29, 113]","[222.12, 16]","[226.0, 16]",189.38,209,65.5,0.69
07:36:53,"[158.0, 110]","[153.0, 160]","[221.3, 20]","[226.0, 20]",189.65,310,63.3,0.74
07:36:54,"[158.0, 114]","[153.72, 174]","[219.5, 20]","[226.0, 20]",188.75,328,61.5,0.76
07:36:55,"[158.0, 66]","[154.0, 108]","[217.33, 12]","[222.0, 12]",187.67,198,59.33,0.76
07:36:56,"[158.0, 110]","[154.0, 180]","[203.64, 22]","[206.73, 22]",180.82,334,45.64,0.74
07:36:57,"[158.16, 77]","[154.5, 144]","[197.89, 18]","[198.89, 18]",178.02,257,39.73,0.72
07:36:58,"[160.0, 24]","[158.0, 72]","[196.0, 16]","[198.0, 16]",178.0,128,36.0,0.5
07:36:59,"[160.0, 33]","[158.0, 99]","[193.45, 22]","[195.18, 22]",176.73,176,33.45,0.5
07:37:00,"[160.0, 18]","[158.0, 54]","[189.67, 12]","[191.67, 12]",174.83,96,29.67,0.5
07:37:01,"[160.0, 39]","[158.0, 117]","[187.64, 25]","[188.75, 24]",173.82,205,27.64,0.52
07:37:02,"[160.0, 27]","[158.0, 81]","[184.78, 18]","[185.71, 17]",172.39,143,24.78,0.51
07:37:03,"[160.0, 51]","[158.0, 153]","[181.56, 32]","[182.52, 33]",170.78,269,21.56,0.52
07:37:04,"[160.0, 20]","[158.0, 108]","[176.18, 22]","[177.22, 23]",168.09,173,16.18,0.48
07:37:05,"[158.04, 89]","[157.09, 33]","[172.07, 29]","[172.97, 33]",165.06,184,14.02,0.33
07:37:06,"[158.0, 50]","[156.0, 10]","[166.7, 20]","[167.54, 13]",162.35,93,8.7,0.29
07:37:07,"[158.0, 55]","[156.0, 10]","[164.21, 19]","[165.3, 20]",161.11,104,6.21,0.25
07:37:08,"[158.0, 96]","[156.0, 16]","[161.3, 23]","[162.62, 26]",159.65,161,3.3,0.39
07:37:09,"[159.04, 46]","[157.33, 39]","[163.0, 26]","[164.0, 26]",161.02,137,3.96,0.24
07:37:10,"[158.0, 10]","[157.0, 50]","[162.0, 20]","[164.0, 20]",160.0,100,4.0,0.2
07:37:11,"[157.33, 18]","[156.83, 36]","[159.75, 24]","[162.33, 24]",158.54,102,2.42,0.06
07:37:12,"[157.0, 24]","[156.0, 12]","[158.33, 24]","[159.33, 24]",157.67,84,1.33,-0.14
07:37:13,"[154.0, 111]","[153.0, 16]","[157.5, 16]","[284.67, 15]",155.75,158,3.5,0.61
07:37:14,"[154.0, 120]","[153.0, 20]","[156.4, 20]","[273.5, 32]",155.2,192,2.4,0.46
07:37:15,"[154.0, 98]","[153.0, 18]","[155.11, 18]","[243.9, 20]",154.56,154,1.11,0.51
07:37:16,"[154.21, 95]","[153.2, 30]","[213.6, 30]","[500.02, 43]",183.91,198,59.39,0.26
07:37:17,"[158.0, 35]","[154.29, 17]","[250.43, 21]","[477.0, 24]",204.21,97,92.43,0.07
07:37:18,"[159.23, 13]","[157.89, 45]","[248.56, 27]","[253.68, 25]",203.89,110,89.32,0.05
07:37:19,"[158.0, 50]","[157.0, 50]","[245.2, 30]","[246.2, 30]",201.6,160,87.2,0.25
07:37:20,"[158.0, 45]","[157.0, 45]","[226.53, 19]","[244.56, 27]",192.26,136,68.53,0.32
07:37:21,"[157.63, 68]","[156.83, 60]","[160.7, 44]","[259.62, 21]",159.17,193,3.07,0.33
07:37:22,"[157.0, 55]","[155.0, 22]","[168.96, 25]","[377.11, 18]",162.98,120,11.96,0.28
07:37:23,"[157.0, 55]","[155.0, 22]","[327.18, 28]","[483.36, 28]",242.09,133,170.18,0.16
07:37:24,"[157.0, 37]","[155.0, 22]","[424.13, 46]","[446.93, 29]",290.57,134,267.13,-0.12
07:37:25,"[153.9, 20]","[152.47, 15]","[371.15, 46]","[471.58, 31]",262.53,112,217.25,-0.38
07:37:26,"[154.33, 18]","[151.8, 10]","[421.75, 40]","[559.0, 16]",288.04,84,267.42,-0.33
07:37:27,"[154.52, 60]","[152.78, 18]","[420.4, 50]","[440.8, 40]",287.46,168,265.88,-0.07
07:37:28,"[155.0, 39]","[153.0, 18]","[380.74, 38]","[439.72, 43]",267.87,138,225.74,-0.17
07:37:29,"[155.0, 21]","[153.0, 14]","[315.12, 34]","[333.93, 29]",235.06,98,160.12,-0.29
07:37:30,"[155.0, 24]","[153.0, 16]","[313.75, 40]","[343.86, 28]",234.38,108,158.75,-0.26
07:37:31,"[156.96, 52]","[153.67, 18]","[312.12, 40]","[462.0, 32]",234.54,142,155.16,-0.01
07:37:32,"[158.0, 136]","[155.0, 24]","[311.62, 40]","[559.0, 22]",234.81,222,153.62,0.44
07:37:33,"[158.0, 85]","[155.0, 21]","[309.2, 25]","[310.2, 25]",233.6,156,151.2,0.36
07:37:34,"[158.0, 136]","[155.0, 40]","[307.25, 40]","[310.0, 40]",232.62,256,149.25,0.38
07:37:35,"[158.0, 168]","[155.0, 50]","[305.8, 50]","[307.9, 50]",231.9,318,147.8,0.37
07:37:36,"[158.0, 160]","[155.8, 50]","[299.1, 49]","[306.3, 50]",228.55,309,141.1,0.36
07:37:37,"[158.0, 224]","[156.0, 70]","[207.13, 54]","[207.23, 53]",182.56,401,49.13,0.47
07:37:38,"[158.1, 200]","[156.7, 92]","[160.45, 49]","[204.22, 49]",159.27,390,2.35,0.5
07:37:39,"[158.0, 90]","[156.0, 50]","[159.0, 20]","[277.12, 24]",158.5,184,1.0,0.52
07:37:40,"[158.0, 104]","[156.25, 60]","[159.0, 24]","[218.0, 12]",158.5,200,1.0,0.64
07:37:41,"[158.0, 80]","[157.0, 60]","[159.0, 24]","[296.28, 32]",158.5,196,1.0,0.43
07:37:42,"[158.0, 24]","[156.7, 50]","[312.25, 24]","[467.59, 27]",235.12,125,154.25,0.18
07:37:43,"[159.65, 34]","[156.97, 29]","[392.33, 27]","[470.0, 26]",275.99,116,232.69,0.09
07:37:44,"[160.0, 32]","[158.0, 16]","[211.18, 22]","[295.95, 20]",185.59,90,51.18,0.07
07:37:45,"[160.0, 14]","[158.0, 22]","[177.73, 22]","[197.06, 17]",168.86,75,17.73,-0.04
07:37:46,"[159.14, 28]","[157.36, 47]","[194.18, 22]","[214.36, 33]",176.66,130,35.04,0.15
07:37:47,"[158.0, 8]","[156.0, 25]","[194.0, 10]","[234.0, 15]",176.0,58,36.0,0.14
07:37:48,"[158.0, 10]","[156.0, 50]","[193.1, 20]","[243.8, 30]",175.55,110,35.1,0.09
07:37:49,"[158.0, 29]","[156.0, 45]","[192.11, 18]","[251.0, 27]",175.06,119,34.11,0.24
07:37:50,"[158.0, 84]","[156.0, 70]","[191.5, 40]","[415.34, 41]",174.75,235,33.5,0.31
07:37:51,"[158.0, 78]","[156.0, 55]","[191.0, 55]","[192.0, 22]",174.5,210,33.0,0.27
07:37:52,"[158.0, 90]","[155.92, 60]","[189.45, 51]","[190.06, 36]",173.73,237,31.45,0.27
07:37:53,"[158.0, 55]","[155.63, 95]","[186.15, 79]","[187.53, 57]",172.08,286,28.15,0.05
07:37:54,"[157.06, 34]","[155.64, 56]","[184.7, 37]","[186.2, 35]",170.88,162,27.64,0.11
07:37:55,"[156.0, 40]","[155.0, 50]","[172.69, 36]","[176.94, 34]",164.35,160,16.69,0.12
07:37:56,"[156.0, 60]","[155.0, 75]","[169.43, 44]","[170.41, 58]",162.72,237,13.43,0.14
07:37:57,"[156.0, 60]","[155.0, 75]","[167.52, 42]","[168.8, 41]",161.76,218,11.52,0.24
07:37:58,"[156.72, 39]","[155.41, 68]","[163.68, 44]","[164.94, 63]",160.2,214,6.96,0.0
07:37:59,"[157.22, 23]","[155.67, 42]","[161.65, 37]","[162.88, 51]",159.43,153,4.43,-0.15
07:38:00,"[156.0, 56]","[155.0, 42]","[159.43, 70]","[161.0, 42]",157.71,210,3.43,-0.07
07:38:01,"[155.38, 48]","[154.41, 34]","[156.73, 48]","[158.76, 58]",156.05,188,1.35,-0.13
07:38:02,"[152.89, 19]","[147.45, 20]","[155.32, 44]","[156.21, 48]",154.11,131,2.42,-0.4
07:38:03,"[149.0, 11]","[76.27, 15]","[152.0, 34]","[152.97, 37]",150.5,97,3.0,-0.46
07:38:04,"[149.0, 8]","[117.0, 40]","[152.4, 15]","[176.3, 10]",150.7,73,3.4,0.32
07:38:05,"[149.0, 11]","[101.73, 55]","[152.18, 22]","[154.82, 11]",150.59,99,3.18,0.33
07:38:06,"[149.0, 10]","[87.56, 18]","[151.0, 20]","[154.0, 10]",150.0,58,2.0,-0.03
07:38:07,"[149.0, 13]","[96.94, 32]","[150.4, 25]","[171.0, 15]",149.7,85,1.4,0.06
07:38:08,"[149.0, 9]","[113.0, 18]","[151.29, 14]","[154.0, 9]",150.14,50,2.29,0.08
07:38:09,"[114.71, 21]","[102.08, 12]","[153.64, 11]","[272.34, 47]",134.18,91,38.92,-0.27
07:38:10,"[118.52, 29]","[114.19, 26]","[380.82, 51]","[481.87, 45]",249.67,151,262.31,-0.27
07:38:11,"[149.6, 20]","[138.2, 20]","[230.05, 40]","[361.18, 34]",189.82,114,80.45,-0.3
07:38:12,"[146.52, 23]","[135.0, 34]","[271.0, 41]","[380.67, 36]",208.76,134,124.48,-0.15
07:38:13,"[99.29, 41]","[82.1, 20]","[150.91, 23]","[293.09, 33]",125.1,117,51.62,0.04
07:38:14,"[109.91, 55]","[91.73, 22]","[161.15, 39]","[218.59, 49]",135.53,165,51.24,-0.07
07:38:15,"[136.38, 24]","[105.58, 57]","[148.0, 24]","[152.0, 30]",142.19,135,11.62,0.2
07:38:16,"[153.5, 14]","[148.24, 38]","[173.0, 36]","[294.5, 18]",163.25,106,19.5,-0.02
07:38:17,"[158.0, 8]","[155.0, 24]","[172.18, 17]","[174.5, 22]",165.09,71,14.18,-0.1
07:38:18,"[158.0, 8]","[155.0, 24]","[171.62, 16]","[234.5, 20]",164.81,68,13.62,-0.06
07:38:19,"[158.0, 6]","[155.0, 18]","[171.0, 12]","[367.0, 18]",164.5,54,13.0,-0.11
07:38:20,"[155.3, 10]","[154.1, 30]","[169.3, 20]","[281.29, 14]",162.3,74,14.0,0.08
07:38:21,"[154.89, 18]","[153.82, 56]","[168.5, 28]","[422.5, 24]",161.69,126,13.61,0.17
07:38:22,"[157.69, 64]","[155.45, 22]","[167.09, 22]","[207.38, 16]",162.39,124,9.4,0.39
07:38:23,"[158.0, 45]","[155.0, 10]","[167.0, 10]","[219.43, 7]",162.5,72,9.0,0.53
07:38:24,"[158.0, 63]","[155.92, 26]","[166.86, 14]","[463.0, 10]",162.43,113,8.86,0.58
07:38:25,"[158.08, 53]","[156.49, 37]","[166.0, 16]","[347.75, 16]",162.04,122,7.92,0.48
07:38:26,"[158.0, 62]","[156.0, 48]","[254.83, 24]","[618.67, 24]",206.42,158,96.83,0.39
07:38:27,"[158.0, 19]","[156.0, 32]","[209.89, 19]","[254.5, 16]",183.95,86,51.89,0.19
07:38:28,"[158.0, 24]","[156.0, 48]","[162.08, 48]","[211.2, 30]",160.04,150,4.08,-0.04
07:38:29,"[159.7, 27]","[157.47, 30]","[161.1, 63]","[192.4, 40]",160.4,160,1.39,-0.29
07:38:30,"[157.2, 30]","[155.86, 42]","[160.65, 40]","[216.9, 42]",158.93,154,3.45,-0.06
07:38:31,"[156.24, 50]","[155.16, 51]","[159.88, 50]","[162.41, 41]",158.06,192,3.64,0.05
07:38:32,"[156.0, 46]","[155.0, 65]","[157.98, 43]","[161.04, 46]",156.99,200,1.98,0.11
07:38:33,"[155.02, 51]","[154.11, 45]","[171.45, 33]","[223.22, 36]",163.24,165,16.43,0.16
07:38:34,"[155.0, 35]","[154.0, 28]","[171.24, 25]","[265.36, 22]",163.12,110,16.24,0.15
07:38:35,"[155.0, 30]","[154.0, 40]","[169.41, 32]","[297.5, 20]",162.2,122,14.41,0.15
07:38:36,"[155.62, 26]","[152.38, 26]","[167.27, 33]","[182.43, 42]",161.44,127,11.66,-0.18
07:38:37,"[158.0, 44]","[154.0, 24]","[166.58, 36]","[178.0, 48]",162.29,152,8.58,-0.11
07:38:38,"[158.0, 22]","[154.0, 22]","[164.18, 33]","[268.33, 36]",161.09,113,6.18,-0.22
07:38:39,"[158.0, 14]","[154.0, 14]","[164.0, 21]","[341.11, 18]",161.0,67,6.0,-0.16
07:38:40,"[158.0, 16]","[154.0, 16]","[163.5, 24]","[193.0, 32]",160.75,88,5.5,-0.27
07:38:41,"[156.5, 20]","[153.1, 20]","[162.3, 30]","[205.0, 40]",159.4,110,5.8,-0.27
07:38:42,"[151.04, 23]","[130.13, 23]","[161.56, 27]","[317.94, 34]",156.3,107,10.51,-0.14
07:38:43,"[151.18, 22]","[134.17, 23]","[160.03, 33]","[270.85, 26]",155.61,104,8.85,-0.13
07:38:44,"[150.39, 36]","[139.32, 31]","[158.46, 35]","[159.66, 44]",154.42,146,8.07,-0.08
07:38:45,"[149.0, 36]","[110.25, 36]","[157.04, 24]","[215.67, 24]",153.02,120,8.04,0.2
07:38:46,"[144.56, 27]","[137.0, 27]","[158.93, 30]","[222.0, 34]",151.74,118,14.38,-0.08
07:38:47,"[139.71, 42]","[137.8, 30]","[153.53, 15]","[155.82, 34]",146.62,121,13.82,0.19
07:38:48,"[140.77, 65]","[88.58, 26]","[147.76, 33]","[235.92, 48]",144.26,172,6.99,0.06
07:38:49,"[142.0, 40]","[98.81, 16]","[147.15, 33]","[169.64, 39]",144.58,128,5.15,-0.12
07:38:50,"[143.0, 35]","[97.0, 10]","[147.42, 19]","[199.15, 33]",145.21,97,4.42,-0.07
07:38:51,"[143.0, 25]","[123.6, 5]","[146.8, 15]","[308.67, 18]",144.9,63,3.8,-0.05
07:38:52,"[143.0, 25]","[96.57, 7]","[145.0, 15]","[148.0, 15]",144.0,62,2.0,0.03
07:38:53,"[143.0, 30]","[78.67, 24]","[145.0, 18]","[148.0, 18]",144.0,90,2.0,0.2
07:38:54,"[143.83, 29]","[134.31, 64]","[145.0, 39]","[148.0, 39]",144.41,171,1.17,0.09
07:38:55,"[144.0, 20]","[119.0, 20]","[146.57, 23]","[148.47, 34]",145.28,97,2.57,-0.18
07:38:56,"[144.0, 18]","[119.0, 18]","[146.45, 11]","[165.33, 27]",145.23,74,2.45,-0.03
07:38:57,"[144.0, 12]","[92.6, 20]","[149.0, 12]","[238.0, 17]",146.5,61,5.0,0.05
07:38:58,"[144.12, 16]","[94.5, 32]","[149.0, 16]","[278.5, 16]",146.56,80,4.88,0.2
07:38:59,"[145.0, 12]","[107.67, 24]","[147.17, 30]","[149.0, 12]",146.08,78,2.17,-0.08
07:39:00,"[145.0, 26]","[126.0, 52]","[147.0, 65]","[149.0, 26]",146.0,169,2.0,-0.08
07:39:01,"[135.28, 25]","[88.71, 28]","[145.92, 36]","[147.5, 24]",140.6,113,10.64,-0.06
07:39:02,"[109.0, 27]","[12.0, 18]","[144.22, 27]","[190.96, 24]",126.61,96,35.22,-0.06
07:39:03,"[109.0, 24]","[33.9, 20]","[149.0, 16]","[252.95, 22]",129.0,82,40.0,0.07
07:39:04,"[85.96, 25]","[63.7, 20]","[149.0, 18]","[252.0, 30]",117.48,93,63.04,-0.03
07:39:05,"[79.76, 33]","[74.78, 27]","[147.65, 52]","[149.13, 23]",113.71,135,67.9,-0.11
07:39:06,"[129.75, 16]","[111.2, 15]","[146.67, 30]","[149.0, 12]",138.21,73,16.92,-0.15
07:39:07,"[132.16, 38]","[131.14, 37]","[146.0, 55]","[149.56, 27]",139.08,157,13.84,-0.04
07:39:08,"[134.57, 28]","[133.43, 28]","[144.88, 40]","[150.0, 24]",139.72,120,10.3,-0.07
07:39:09,"[135.62, 32]","[134.0, 24]","[143.88, 34]","[149.0, 8]",139.75,98,8.26,0.14
07:39:10,"[138.16, 43]","[136.73, 41]","[142.52, 21]","[149.0, 15]",140.34,120,4.36,0.4
07:39:11,"[139.0, 20]","[138.0, 15]","[141.0, 5]","[149.0, 20]",140.0,60,2.0,0.17
07:39:12,"[139.33, 48]","[138.0, 36]","[143.6, 20]","[148.5, 32]",141.47,136,4.27,0.24
07:39:13,"[141.57, 47]","[135.66, 35]","[143.42, 24]","[148.15, 26]",142.5,132,1.84,0.24
07:39:14,"[141.7, 27]","[137.89, 28]","[147.58, 24]","[148.94, 33]",144.64,112,5.88,-0.02
07:39:15,"[142.92, 36]","[127.59, 54]","[148.0, 36]","[150.0, 18]",145.46,144,5.08,0.25
07:39:16,"[143.83, 36]","[135.08, 60]","[148.24, 46]","[149.82, 22]",146.04,164,4.41,0.17
07:39:17,"[146.21, 57]","[138.25, 52]","[169.0, 41]","[183.0, 23]",157.61,173,22.79,0.26
07:39:18,"[147.0, 80]","[146.0, 24]","[409.0, 18]","[438.82, 22]",278.0,144,262.0,0.44
07:39:19,"[151.52, 87]","[150.17, 52]","[242.79, 28]","[255.76, 37]",197.15,204,91.27,0.36
07:39:20,"[156.0, 30]","[155.0, 18]","[172.0, 12]","[175.0, 18]",164.0,78,16.0,0.23
07:39:21,"[159.44, 36]","[155.93, 43]","[170.0, 24]","[174.25, 24]",164.72,127,10.56,0.24
07:39:22,"[160.0, 12]","[156.65, 37]","[171.67, 12]","[261.61, 28]",165.83,89,11.67,0.1
07:39:23,"[158.27, 75]","[157.48, 97]","[170.0, 20]","[256.45, 44]",164.13,236,11.73,0.46
07:39:24,"[158.0, 86]","[156.0, 55]","[170.0, 22]","[332.92, 39]",164.0,202,12.0,0.4
07:39:25,"[158.0, 60]","[156.0, 50]","[170.0, 20]","[385.88, 40]",164.0,170,12.0,0.29
07:39:26,"[158.0, 36]","[156.0, 30]","[170.0, 12]","[339.0, 24]",164.0,102,12.0,0.29
07:39:27,"[158.0, 33]","[156.0, 45]","[170.0, 18]","[305.0, 30]",164.0,126,12.0,0.24
07:39:28,"[158.0, 33]","[156.0, 55]","[169.0, 22]","[295.23, 26]",163.5,136,11.0,0.29
07:39:29,"[158.0, 30]","[156.0, 50]","[167.12, 16]","[168.29, 14]",162.56,110,9.12,0.45
07:39:30,"[158.0, 30]","[156.0, 50]","[164.62, 26]","[165.67, 12]",161.31,118,6.62,0.36
07:39:31,"[158.0, 24]","[156.0, 40]","[164.0, 12]","[164.67, 12]",161.0,88,6.0,0.45
07:39:32,"[159.17, 36]","[156.53, 34]","[161.21, 24]","[232.86, 14]",160.19,108,2.04,0.3
07:39:33,"[160.0, 18]","[158.0, 24]","[289.42, 31]","[493.91, 33]",224.71,106,129.42,-0.21
07:39:34,"[159.25, 16]","[157.03, 31]","[220.0, 24]","[418.54, 39]",189.62,110,60.75,-0.15
07:39:35,"[160.0, 36]","[157.0, 24]","[259.64, 28]","[370.41, 34]",209.82,122,99.64,-0.02
07:39:36,"[160.0, 21]","[157.0, 14]","[266.0, 14]","[408.54, 26]",213.0,75,106.0,-0.07
07:39:37,"[160.0, 35]","[157.0, 26]","[219.65, 46]","[311.93, 29]",189.83,136,59.65,-0.1
07:39:38,"[160.0, 11]","[157.0, 22]","[215.56, 32]","[328.27, 22]",187.78,87,55.56,-0.24
07:39:39,"[160.0, 9]","[156.33, 30]","[262.43, 14]","[296.33, 18]",211.21,71,102.43,0.1
07:39:40,"[158.0, 12]","[155.45, 44]","[261.22, 18]","[262.22, 18]",209.61,92,103.22,0.22
07:39:41,"[158.0, 24]","[156.45, 33]","[260.25, 24]","[491.35, 23]",209.12,104,102.25,0.1
07:39:42,"[159.71, 82]","[156.8, 40]","[258.3, 20]","[425.64, 11]",209.0,153,98.59,0.59
07:39:43,"[160.0, 130]","[156.08, 52]","[225.14, 28]","[252.25, 28]",192.57,238,65.14,0.53
07:39:44,"[160.0, 112]","[156.44, 32]","[192.38, 29]","[196.89, 35]",176.19,208,32.38,0.38
07:39:45,"[160.0, 96]","[157.0, 38]","[182.68, 28]","[186.0, 32]",171.34,194,22.68,0.38
07:39:46,"[160.0, 60]","[157.0, 32]","[180.12, 24]","[183.0, 16]",170.06,132,20.12,0.39
07:39:47,"[160.0, 24]","[157.0, 16]","[180.0, 12]","[183.0, 8]",170.0,60,20.0,0.33
07:39:48,"[160.0, 54]","[157.0, 36]","[178.43, 21]","[180.0, 24]",169.21,135,18.43,0.33
07:39:49,"[160.0, 60]","[157.0, 40]","[172.33, 24]","[178.03, 29]",166.17,153,12.33,0.31
07:39:50,"[160.0, 32]","[157.0, 28]","[172.0, 14]","[179.0, 21]",166.0,95,12.0,0.26
07:39:51,"[158.5, 24]","[156.5, 24]","[170.88, 16]","[173.74, 19]",164.69,83,12.38,0.16
07:39:52,"[157.0, 45]","[156.0, 45]","[168.15, 41]","[169.65, 34]",162.57,165,11.15,0.09
07:39:53,"[157.0, 12]","[156.0, 12]","[165.0, 12]","[166.0, 8]",161.0,44,8.0,0.09
07:39:54,"[157.4, 25]","[156.67, 45]","[162.05, 57]","[163.24, 49]",159.73,176,4.65,-0.2
07:39:55,"[156.88, 26]","[155.87, 46]","[160.65, 31]","[231.55, 44]",158.76,147,3.76,-0.02
07:39:56,"[156.0, 50]","[155.0, 100]","[160.09, 22]","[236.27, 33]",158.05,205,4.09,0.46
07:39:57,"[156.0, 52]","[155.0, 130]","[157.25, 48]","[189.63, 43]",156.62,273,1.25,0.33
07:39:58,"[155.13, 53]","[154.89, 45]","[156.74, 35]","[199.86, 28]",155.94,161,1.61,0.22
07:39:59,"[155.0, 26]","[154.0, 5]","[158.0, 15]","[339.0, 20]",156.5,66,3.0,-0.06
07:40:00,"[155.0, 40]","[154.0, 8]","[158.0, 24]","[473.5, 32]",156.5,104,3.0,-0.08
07:40:01,"[155.0, 36]","[154.0, 14]","[157.93, 42]","[476.57, 46]",156.46,138,2.93,-0.28
07:40:02,"[153.26, 23]","[151.6, 15]","[155.47, 17]","[156.67, 18]",154.37,73,2.21,0.04
07:40:03,"[152.71, 21]","[150.67, 18]","[228.44, 16]","[368.86, 14]",190.58,69,75.72,0.13
07:40:04,"[156.14, 49]","[151.53, 38]","[461.92, 52]","[601.08, 52]",309.03,191,305.78,-0.09
07:40:05,"[160.0, 27]","[155.0, 33]","[540.76, 37]","[576.54, 37]",350.38,134,380.76,-0.1
07:40:06,"[160.0, 36]","[155.0, 48]","[194.0, 24]","[454.82, 51]",177.0,159,34.0,0.06
07:40:07,"[157.31, 26]","[152.73, 37]","[294.21, 38]","[360.11, 36]",225.76,137,136.9,-0.08
07:40:08,"[153.75, 32]","[148.29, 42]","[359.16, 63]","[497.5, 36]",256.45,173,205.41,-0.14
07:40:09,"[150.0, 80]","[125.88, 32]","[360.56, 48]","[503.05, 42]",255.28,202,210.56,0.11
07:40:10,"[150.29, 41]","[145.43, 56]","[296.54, 26]","[342.27, 37]",223.42,160,146.25,0.21
07:40:11,"[153.1, 31]","[132.37, 54]","[231.54, 39]","[244.82, 44]",192.32,168,78.44,0.01
07:40:12,"[156.0, 54]","[150.0, 55]","[227.6, 42]","[229.15, 47]",191.8,198,71.6,0.1
07:40:13,"[156.0, 78]","[150.0, 65]","[208.84, 50]","[219.12, 57]",182.42,250,52.84,0.14
07:40:14,"[156.0, 34]","[150.0, 57]","[172.51, 35]","[173.93, 29]",164.26,155,16.51,0.17
07:40:15,"[158.0, 110]","[156.0, 20]","[171.29, 34]","[172.13, 46]",164.65,210,13.29,0.24
07:40:16,"[158.0, 153]","[156.0, 24]","[168.73, 49]","[169.85, 40]",163.37,266,10.73,0.33
07:40:17,"[158.0, 148]","[156.0, 28]","[163.07, 56]","[164.24, 55]",160.54,287,5.07,0.23
07:40:18,"[158.0, 90]","[156.0, 20]","[159.62, 37]","[160.67, 45]",158.81,192,1.62,0.15
07:40:19,"[156.91, 22]","[155.11, 18]","[163.0, 36]","[196.89, 28]",159.95,104,6.09,-0.23
07:40:20,"[156.0, 34]","[154.0, 17]","[165.35, 43]","[230.9, 41]",160.67,135,9.35,-0.24
07:40:21,"[156.0, 24]","[154.0, 12]","[161.41, 34]","[163.23, 26]",158.71,96,5.41,-0.25
07:40:22,"[155.74, 23]","[153.77, 13]","[158.95, 19]","[162.77, 26]",157.34,81,3.21,-0.11
07:40:23,"[154.0, 11]","[153.0, 11]","[156.77, 13]","[162.4, 20]",155.38,55,2.77,-0.2
07:40:24,"[153.45, 11]","[150.22, 69]","[156.0, 12]","[413.71, 21]",154.73,113,2.55,0.42
07:40:25,"[150.25, 95]","[142.41, 17]","[155.36, 11]","[156.45, 11]",152.81,134,5.11,0.67
07:40:26,"[150.35, 85]","[146.61, 85]","[154.0, 10]","[155.0, 10]",152.18,190,3.65,0.79
07:40:27,"[149.31, 195]","[113.38, 26]","[154.15, 13]","[254.2, 15]",151.73,249,4.85,0.78
07:40:28,"[149.03, 117]","[140.67, 36]","[153.83, 12]","[263.12, 16]",151.43,181,4.8,0.69
07:40:29,"[149.5, 32]","[148.94, 68]","[151.9, 10]","[185.4, 10]",150.7,120,2.4,0.67
07:40:30,"[153.91, 53]","[152.43, 68]","[297.85, 47]","[420.97, 33]",225.88,201,143.95,0.2
07:40:31,"[158.0, 14]","[155.0, 35]","[238.0, 9]","[392.89, 19]",198.0,77,80.0,0.27
07:40:32,"[158.0, 66]","[155.0, 45]","[265.0, 9]","[408.7, 23]",211.5,143,107.0,0.55
07:40:33,"[158.0, 179]","[155.0, 55]","[438.33, 12]","[667.14, 29]",298.17,275,280.33,0.7
07:40:34,"[158.0, 104]","[155.71, 34]","[252.0, 8]","[531.0, 8]",205.0,154,94.0,0.79
07:40:35,"[158.0, 91]","[156.0, 28]","[252.0, 7]","[519.57, 7]",205.0,133,94.0,0.79
07:40:36,"[158.0, 70]","[156.0, 44]","[285.93, 14]","[401.18, 11]",221.96,139,127.93,0.64
07:40:37,"[158.0, 30]","[156.0, 24]","[292.75, 16]","[293.35, 17]",225.38,87,134.75,0.24
07:40:38,"[158.0, 70]","[156.0, 56]","[287.43, 28]","[292.43, 49]",222.71,203,129.43,0.24
07:40:39,"[158.0, 25]","[156.0, 20]","[219.43, 7]","[264.57, 14]",188.71,66,61.43,0.36
07:40:40,"[158.0, 24]","[156.0, 81]","[218.21, 28]","[240.4, 20]",188.11,153,60.21,0.37
07:40:41,"[158.0, 9]","[156.0, 63]","[201.21, 33]","[211.33, 18]",179.61,123,43.21,0.17
07:40:42,"[156.15, 53]","[155.44, 63]","[158.95, 38]","[159.53, 17]",157.55,171,2.8,0.36
07:40:43,"[156.0, 63]","[155.0, 45]","[157.77, 31]","[158.33, 24]",156.89,163,1.77,0.33
07:40:44,"[156.22, 55]","[155.19, 62]","[244.6, 45]","[287.29, 24]",200.41,186,88.38,0.26
07:40:45,"[158.0, 22]","[156.0, 44]","[487.29, 21]","[603.84, 19]",322.64,106,329.29,0.25
07:40:46,"[158.0, 16]","[156.0, 32]","[422.1, 20]","[557.17, 12]",290.05,80,264.1,0.2
07:40:47,"[158.0, 14]","[156.0, 28]","[279.88, 17]","[459.64, 11]",218.94,70,121.88,0.2
07:40:48,"[158.0, 16]","[155.74, 23]","[257.5, 10]","[326.7, 20]",207.75,69,99.5,0.13
07:40:49,"[157.2, 15]","[152.0, 18]","[244.32, 19]","[279.73, 15]",200.76,67,87.12,-0.01
07:40:50,"[155.4, 10]","[152.78, 23]","[260.44, 16]","[526.8, 10]",207.92,59,105.04,0.12
07:40:51,"[151.62, 24]","[148.0, 27]","[266.29, 14]","[429.1, 20]",208.96,85,114.66,0.2
07:40:52,"[156.4, 30]","[147.67, 18]","[239.83, 24]","[240.44, 18]",198.12,90,83.43,0.07
07:40:53,"[160.0, 81]","[151.0, 27]","[238.67, 36]","[240.0, 36]",199.33,180,78.67,0.2
07:40:54,"[160.0, 68]","[151.0, 30]","[236.0, 40]","[237.3, 40]",198.0,178,76.0,0.1
07:40:55,"[160.0, 60]","[151.0, 36]","[232.29, 45]","[236.67, 48]",196.14,189,72.29,0.02
07:40:56,"[150.98, 46]","[143.04, 28]","[159.0, 12]","[323.81, 21]",154.99,107,8.02,0.38
07:40:57,"[146.64, 25]","[126.0, 23]","[148.6, 15]","[243.09, 11]",147.62,74,1.96,0.3
07:40:58,"[131.52, 85]","[86.78, 135]","[542.0, 24]","[673.86, 28]",336.76,272,410.48,0.62
07:40:59,"[129.71, 85]","[89.35, 193]","[460.52, 23]","[598.83, 36]",295.11,337,330.82,0.65
07:41:00,"[137.88, 32]","[42.0, 12]","[257.4, 20]","[321.27, 22]",197.64,86,119.52,0.02
07:41:01,"[160.0, 80]","[150.56, 64]","[257.0, 30]","[275.0, 35]",208.5,209,97.0,0.38
07:41:02,"[158.0, 160]","[155.84, 77]","[221.18, 49]","[257.94, 50]",189.59,336,63.18,0.41
07:41:03,"[158.72, 78]","[157.3, 71]","[193.22, 36]","[195.0, 27]",175.97,212,34.5,0.41
07:41:04,"[160.0, 112]","[158.0, 192]","[190.29, 58]","[209.06, 54]",175.15,416,30.29,0.46
07:41:05,"[160.0, 70]","[158.0, 120]","[185.24, 34]","[187.0, 36]",172.62,260,25.24,0.46
07:41:06,"[160.0, 78]","[158.0, 168]","[181.89, 56]","[182.96, 46]",170.95,348,21.89,0.41
07:41:07,"[160.0, 55]","[158.0, 132]","[178.92, 51]","[180.16, 38]",169.46,276,18.92,0.36
07:41:08,"[160.0, 30]","[158.0, 144]","[174.57, 49]","[175.7, 40]",167.29,263,14.57,0.32
07:41:09,"[159.29, 28]","[157.79, 121]","[169.39, 41]","[170.05, 40]",164.34,230,10.1,0.3
07:41:10,"[158.0, 96]","[156.0, 106]","[166.26, 35]","[167.88, 51]",162.13,288,8.26,0.4
07:41:11,"[160.0, 72]","[158.0, 96]","[164.35, 40]","[167.57, 56]",162.18,264,4.35,0.27
07:41:12,"[159.79, 75]","[157.81, 106]","[161.27, 55]","[176.61, 51]",160.53,287,1.49,0.26
07:41:13,"[158.0, 53]","[156.0, 90]","[159.39, 41]","[386.28, 43]",158.7,227,1.39,0.26
07:41:14,"[156.05, 41]","[155.16, 62]","[158.8, 25]","[604.6, 25]",157.42,153,2.75,0.35
07:41:15,"[156.0, 34]","[155.0, 65]","[158.0, 25]","[619.0, 25]",157.0,149,2.0,0.33
07:41:16,"[156.0, 24]","[155.0, 52]","[158.0, 20]","[277.0, 20]",157.0,116,2.0,0.31
07:41:17,"[155.31, 64]","[154.93, 56]","[190.38, 40]","[268.0, 40]",172.84,200,35.06,0.2
07:41:18,"[155.0, 54]","[154.0, 6]","[208.91, 22]","[246.33, 30]",181.95,112,53.91,0.07
07:41:19,"[155.0, 98]","[154.0, 10]","[207.7, 10]","[270.0, 50]",181.35,168,52.7,0.29
07:41:20,"[155.7, 46]","[154.2, 10]","[206.1, 10]","[501.89, 38]",180.9,104,50.4,0.08
07:41:21,"[157.0, 32]","[155.0, 9]","[205.11, 9]","[599.0, 27]",181.06,77,48.11,0.06
07:41:22,"[157.86, 42]","[154.83, 12]","[204.67, 12]","[495.15, 52]",181.26,118,46.81,-0.08
07:41:23,"[158.0, 40]","[155.0, 10]","[204.0, 10]","[450.1, 50]",181.0,110,46.0,-0.09
07:41:24,"[159.88, 204]","[157.84, 55]","[202.0, 16]","[459.19, 80]",180.94,355,42.12,0.46
07:41:25,"[160.0, 76]","[158.0, 32]","[186.42, 36]","[254.75, 12]",173.21,156,26.42,0.38
07:41:26,"[160.0, 63]","[158.0, 36]","[185.57, 21]","[224.64, 33]",172.79,153,25.57,0.29
07:41:27,"[160.0, 81]","[158.0, 48]","[162.44, 48]","[372.59, 32]",161.22,209,2.44,0.23
07:41:28,"[160.0, 60]","[158.0, 40]","[161.0, 50]","[446.59, 32]",160.5,182,1.0,0.1
07:41:29,"[160.0, 14]","[156.26, 57]","[179.89, 45]","[321.0, 33]",169.94,149,19.89,-0.05
07:41:30,"[158.73, 11]","[155.06, 101]","[195.0, 55]","[290.36, 44]",176.86,211,36.27,0.06
07:41:31,"[158.0, 12]","[155.0, 132]","[238.78, 55]","[340.0, 48]",198.39,247,80.78,0.17
07:41:32,"[155.2, 59]","[154.9, 49]","[313.89, 36]","[393.95, 43]",234.55,187,158.69,0.16
07:41:33,"[155.0, 99]","[154.0, 9]","[311.11, 36]","[344.74, 38]",233.06,182,156.11,0.19
07:41:34,"[155.0, 121]","[154.0, 11]","[315.0, 44]","[445.27, 55]",235.0,231,160.0,0.14
07:41:35,"[155.0, 70]","[153.14, 42]","[313.33, 36]","[353.0, 27]",234.17,175,158.33,0.28
07:41:36,"[155.0, 60]","[153.0, 90]","[301.39, 36]","[307.32, 25]",228.19,211,146.39,0.42
07:41:37,"[155.0, 48]","[153.0, 72]","[259.12, 16]","[303.9, 29]",207.06,165,104.12,0.45
07:41:38,"[157.5, 12]","[154.6, 45]","[257.43, 14]","[258.71, 14]",207.46,85,99.93,0.34
07:41:39,"[160.0, 14]","[155.33, 54]","[200.12, 49]","[255.29, 28]",180.06,145,40.12,-0.06
07:41:40,"[160.0, 12]","[158.0, 12]","[170.89, 36]","[218.15, 27]",165.44,87,10.89,-0.45
07:41:41,"[160.0, 13]","[158.0, 13]","[176.15, 26]","[195.23, 26]",168.08,78,16.15,-0.33
07:41:42,"[155.42, 62]","[154.99, 75]","[173.69, 32]","[174.76, 34]",164.55,203,18.27,0.35
07:41:43,"[155.0, 120]","[154.0, 12]","[171.0, 24]","[174.0, 48]",163.0,204,16.0,0.29
07:41:44,"[155.03, 103]","[154.5, 20]","[170.09, 22]","[171.5, 24]",162.56,169,15.06,0.46
07:41:45,"[155.33, 45]","[154.92, 65]","[166.55, 44]","[167.39, 46]",160.94,200,11.21,0.1
07:41:46,"[156.0, 12]","[155.0, 72]","[160.17, 24]","[162.67, 24]",158.08,132,4.17,0.27
07:41:47,"[155.09, 46]","[154.77, 31]","[157.53, 30]","[167.38, 24]",156.31,131,2.45,0.18
07:41:48,"[155.0, 62]","[154.0, 11]","[156.21, 39]","[157.46, 26]",155.6,138,1.21,0.06
07:41:49,"[154.69, 16]","[152.38, 13]","[156.12, 16]","[213.24, 21]",155.41,66,1.44,-0.12
07:41:50,"[151.26, 23]","[149.95, 38]","[153.47, 36]","[199.56, 27]",152.37,124,2.21,-0.02
07:41:51,"[151.0, 10]","[149.0, 18]","[152.0, 14]","[153.32, 37]",151.5,79,1.0,-0.29
07:41:52,"[149.44, 18]","[134.24, 29]","[153.87, 30]","[171.27, 15]",151.66,92,4.42,0.02
07:41:53,"[150.0, 22]","[146.19, 32]","[153.54, 37]","[160.49, 43]",151.77,134,3.54,-0.19
07:41:54,"[147.91, 32]","[141.71, 28]","[152.0, 12]","[155.0, 48]",149.95,120,4.09,0.0
07:41:55,"[107.0, 4]","[43.0, 4]","[152.0, 2]","[155.0, 8]",129.5,18,45.0,-0.11
07:41:56,"[93.5, 20]","[62.0, 40]","[148.93, 14]","[150.16, 44]",121.21,118,55.43,0.02
07:41:57,"[132.51, 35]","[126.89, 73]","[147.36, 22]","[148.85, 47]",139.94,177,14.85,0.22
07:41:58,"[96.9, 40]","[66.73, 37]","[145.97, 35]","[151.33, 27]",121.44,139,49.07,0.11
07:41:59,"[68.6, 60]","[43.0, 10]","[145.0, 38]","[149.0, 20]",106.8,128,76.4,0.09
07:42:00,"[119.19, 16]","[41.84, 61]","[191.41, 34]","[283.85, 41]",155.3,152,72.22,0.01
07:42:01,"[156.0, 42]","[109.0, 17]","[292.0, 35]","[594.29, 7]",224.0,101,136.0,0.17
07:42:02,"[159.38, 78]","[154.07, 84]","[249.05, 44]","[292.17, 42]",204.22,248,89.66,0.31
07:42:03,"[160.0, 71]","[156.14, 84]","[184.9, 50]","[188.95, 41]",172.45,246,24.9,0.26
07:42:04,"[160.0, 65]","[158.0, 78]","[171.77, 65]","[379.07, 28]",165.88,236,11.77,0.21
07:42:05,"[160.0, 51]","[158.0, 90]","[169.6, 75]","[465.52, 54]",164.8,270,9.6,0.04
07:42:06,"[160.0, 20]","[158.0, 60]","[170.86, 29]","[219.69, 39]",165.43,148,10.86,0.08
07:42:07,"[160.0, 24]","[158.0, 72]","[208.32, 22]","[240.36, 36]",184.16,154,48.32,0.25
07:42:08,"[160.0, 16]","[158.0, 48]","[190.0, 12]","[211.36, 28]",175.0,104,30.0,0.23
07:42:09,"[159.11, 18]","[157.11, 54]","[208.16, 19]","[215.0, 9]",183.63,100,49.05,0.44
07:42:10,"[158.0, 53]","[156.0, 144]","[209.17, 36]","[314.62, 32]",183.58,265,51.17,0.49
07:42:11,"[158.0, 45]","[156.06, 102]","[207.11, 27]","[275.86, 21]",182.56,195,49.11,0.51
07:42:12,"[158.0, 45]","[156.12, 96]","[207.0, 27]","[367.59, 17]",182.5,185,49.0,0.52
07:42:13,"[158.14, 43]","[156.1, 101]","[205.7, 20]","[237.97, 31]",181.92,195,47.56,0.48
07:42:14,"[160.0, 24]","[158.0, 40]","[202.36, 22]","[204.17, 18]",181.18,104,42.36,0.23
07:42:15,"[156.52, 97]","[155.5, 120]","[199.07, 27]","[201.29, 28]",177.79,272,42.56,0.6
07:42:16,"[157.57, 69]","[155.69, 130]","[196.54, 39]","[197.69, 35]",177.05,273,38.97,0.46
07:42:17,"[156.0, 130]","[155.0, 130]","[192.58, 38]","[193.75, 36]",174.29,334,36.58,0.56
07:42:18,"[156.0, 66]","[155.0, 70]","[188.0, 20]","[189.4, 15]",172.0,171,32.0,0.59
07:42:19,"[156.0, 48]","[155.0, 60]","[183.41, 17]","[185.0, 17]",169.71,142,27.41,0.52
07:42:20,"[156.0, 112]","[155.0, 140]","[179.15, 53]","[180.0, 50]",167.58,355,23.15,0.42
07:42:21,"[156.0, 96]","[155.0, 120]","[173.32, 28]","[176.22, 55]",164.66,299,17.32,0.44
07:42:22,"[156.0, 110]","[155.0, 140]","[168.16, 57]","[169.27, 51]",162.08,358,12.16,0.4
07:42:23,"[156.0, 35]","[155.0, 50]","[165.87, 23]","[166.71, 17]",160.93,125,9.87,0.36
07:42:24,"[155.16, 102]","[154.42, 95]","[163.89, 57]","[165.04, 57]",159.53,311,8.74,0.27
07:42:25,"[155.0, 87]","[154.0, 75]","[158.46, 57]","[159.28, 58]",156.73,277,3.46,0.17
07:42:26,"[154.17, 36]","[153.19, 52]","[156.85, 33]","[157.84, 25]",155.51,146,2.68,0.21
07:42:27,"[154.0, 75]","[153.0, 105]","[155.97, 30]","[157.68, 38]",154.98,248,1.97,0.45
07:42:28,"[154.0, 49]","[153.0, 77]","[155.0, 33]","[218.07, 29]",154.5,188,1.0,0.34
07:42:29,"[154.0, 20]","[153.0, 42]","[222.56, 18]","[267.0, 24]",188.28,104,68.56,0.19
07:42:30,"[153.3, 50]","[152.63, 49]","[358.38, 52]","[608.15, 52]",255.84,203,205.08,-0.02
07:42:31,"[156.0, 60]","[152.85, 26]","[682.38, 32]","[756.2, 20]",419.19,138,526.38,0.25
07:42:32,"[156.0, 26]","[153.0, 24]","[771.29, 14]","[772.0, 20]",463.64,84,615.29,0.19
07:42:33,"[156.0, 8]","[153.0, 32]","[395.08, 24]","[771.0, 24]",275.54,88,239.08,-0.09
07:42:34,"[156.0, 11]","[154.22, 41]","[221.83, 24]","[450.75, 24]",188.92,100,65.83,0.04
07:42:35,"[156.0, 28]","[155.0, 70]","[179.71, 28]","[372.59, 34]",167.86,160,23.71,0.23
07:42:36,"[156.0, 16]","[155.0, 43]","[179.0, 16]","[233.19, 16]",167.5,91,23.0,0.3
07:42:37,"[156.0, 18]","[155.0, 72]","[178.0, 18]","[221.21, 19]",167.0,127,22.0,0.42
07:42:38,"[155.05, 76]","[153.5, 64]","[177.84, 25]","[293.54, 26]",166.45,191,22.79,0.47
07:42:39,"[155.0, 60]","[153.0, 40]","[176.0, 10]","[178.0, 20]",165.5,130,21.0,0.54
07:42:40,"[155.0, 38]","[153.0, 44]","[175.64, 11]","[178.0, 22]",165.32,115,20.64,0.43
07:42:41,"[155.52, 29]","[153.21, 58]","[171.55, 33]","[172.97, 35]",163.53,155,16.03,0.12
07:42:42,"[160.0, 15]","[157.4, 70]","[166.95, 40]","[167.6, 25]",163.47,150,6.95,0.13
07:42:43,"[158.17, 69]","[157.1, 60]","[163.56, 27]","[165.0, 18]",160.86,174,5.38,0.48
07:42:44,"[157.48, 77]","[154.69, 26]","[159.76, 50]","[161.44, 18]",158.62,171,2.28,0.2
07:42:45,"[153.0, 52]","[151.0, 13]","[156.75, 20]","[157.56, 16]",154.88,101,3.75,0.29
07:42:46,"[153.0, 56]","[151.0, 14]","[178.2, 20]","[277.88, 25]",165.6,115,25.2,0.22
07:42:47,"[152.49, 57]","[150.71, 14]","[197.62, 29]","[276.46, 41]",175.06,141,45.13,0.01
07:42:48,"[152.87, 62]","[148.59, 17]","[285.22, 32]","[385.77, 35]",219.04,146,132.35,0.08
07:42:49,"[153.88, 8]","[139.12, 8]","[354.12, 16]","[433.12, 16]",254.0,48,200.25,-0.33
07:42:50,"[158.0, 12]","[154.33, 12]","[262.0, 24]","[387.83, 24]",210.0,72,104.0,-0.33
07:42:51,"[158.0, 12]","[155.0, 12]","[236.67, 30]","[255.83, 36]",197.33,90,78.67,-0.47
07:42:52,"[156.9, 10]","[150.64, 11]","[218.0, 20]","[232.0, 32]",187.45,73,61.1,-0.42
07:42:53,"[142.04, 28]","[132.0, 15]","[151.35, 34]","[173.5, 24]",146.69,101,9.32,-0.15
07:42:54,"[132.57, 74]","[95.57, 28]","[147.89, 37]","[150.68, 50]",140.23,189,15.32,0.08
07:42:55,"[109.37, 27]","[67.97, 40]","[148.64, 25]","[175.86, 28]",129.01,120,39.27,0.12
07:42:56,"[128.32, 38]","[109.81, 42]","[275.9, 20]","[572.79, 29]",202.11,129,147.58,0.24
07:42:57,"[153.15, 13]","[143.64, 25]","[201.0, 7]","[379.57, 14]",177.08,59,47.85,0.29
07:42:58,"[151.0, 39]","[97.57, 28]","[213.83, 53]","[541.77, 22]",182.42,142,62.83,-0.06
07:42:59,"[155.55, 33]","[145.38, 8]","[307.0, 30]","[398.5, 12]",231.27,83,151.45,-0.01
07:43:00,"[156.0, 48]","[153.0, 8]","[304.55, 22]","[385.94, 34]",230.27,112,148.55,0.0
07:43:01,"[156.0, 51]","[154.75, 16]","[245.19, 21]","[357.72, 36]",200.6,124,89.19,0.08
07:43:02,"[156.0, 60]","[155.0, 24]","[226.54, 39]","[264.33, 30]",191.27,153,70.54,0.1
07:43:03,"[156.0, 49]","[155.0, 22]","[224.27, 22]","[449.33, 33]",190.14,126,68.27,0.13
07:43:04,"[153.9, 10]","[151.35, 23]","[221.88, 16]","[236.0, 8]",187.89,57,67.97,0.16
07:43:05,"[157.41, 34]","[151.59, 17]","[220.0, 18]","[236.0, 9]",188.71,78,62.59,0.31
07:43:06,"[158.0, 75]","[154.86, 28]","[220.0, 30]","[236.0, 15]",189.0,148,62.0,0.39
07:43:07,"[156.67, 27]","[154.25, 16]","[220.0, 22]","[294.0, 22]",188.33,87,63.33,-0.01
07:43:08,"[155.0, 26]","[149.77, 26]","[219.0, 26]","[338.76, 17]",187.0,95,64.0,0.09
07:43:09,"[155.06, 17]","[150.96, 57]","[216.73, 22]","[322.83, 12]",185.89,108,61.67,0.37
07:43:10,"[153.7, 33]","[152.32, 71]","[215.0, 22]","[253.06, 36]",184.35,162,61.3,0.28
07:43:11,"[155.0, 33]","[153.0, 77]","[214.45, 22]","[232.0, 55]",184.73,187,59.45,0.18
07:43:12,"[160.0, 18]","[155.0, 18]","[207.67, 12]","[228.83, 24]",183.83,72,47.67,0.0
07:43:13,"[160.0, 39]","[155.54, 59]","[211.23, 26]","[232.0, 65]",185.62,189,51.23,0.04
07:43:14,"[160.0, 39]","[156.0, 104]","[210.31, 26]","[342.74, 35]",185.15,204,50.31,0.4
07:43:15,"[160.0, 30]","[156.0, 80]","[312.91, 22]","[375.55, 22]",236.45,154,152.91,0.43
07:43:16,"[160.0, 24]","[156.0, 64]","[258.2, 20]","[342.79, 19]",209.1,127,98.2,0.39
07:43:17,"[160.0, 13]","[156.0, 72]","[200.0, 18]","[384.0, 18]",180.0,121,40.0,0.4
07:43:18,"[160.0, 15]","[156.0, 120]","[199.47, 30]","[367.2, 30]",179.73,195,39.47,0.38
07:43:19,"[160.0, 8]","[156.0, 64]","[197.0, 16]","[496.78, 18]",178.5,106,37.0,0.36
07:43:20,"[160.0, 10]","[156.0, 80]","[195.3, 20]","[499.04, 28]",177.65,138,35.3,0.3
07:43:21,"[160.0, 15]","[156.0, 120]","[195.0, 30]","[401.07, 30]",177.5,195,35.0,0.38
07:43:22,"[158.42, 53]","[155.93, 129]","[179.84, 63]","[210.6, 48]",169.13,293,21.43,0.24
07:43:23,"[157.07, 90]","[155.76, 74]","[173.76, 51]","[174.93, 30]",165.42,245,16.7,0.34
07:43:24,"[158.0, 68]","[156.0, 77]","[164.37, 27]","[169.8, 30]",161.19,202,6.37,0.44
07:43:25,"[156.12, 67]","[155.21, 34]","[158.7, 20]","[159.7, 20]",157.41,141,2.58,0.43
07:43:26,"[156.0, 35]","[155.0, 24]","[157.25, 16]","[159.0, 16]",156.62,91,1.25,0.3
07:43:27,"[156.0, 20]","[155.0, 30]","[198.78, 18]","[282.53, 15]",177.39,83,42.78,0.2
07:43:28,"[155.25, 24]","[154.71, 21]","[317.12, 24]","[513.09, 11]",236.19,80,161.88,0.12
07:43:29,"[159.56, 9]","[157.29, 21]","[305.32, 25]","[397.0, 11]",232.44,66,145.76,-0.09
07:43:30,"[160.0, 10]","[158.0, 30]","[303.67, 24]","[421.0, 14]",231.83,78,143.67,0.03
07:43:31,"[157.33, 18]","[156.14, 21]","[289.88, 34]","[349.77, 26]",223.61,99,132.55,-0.21
07:43:32,"[155.14, 28]","[154.14, 14]","[312.31, 52]","[354.29, 34]",233.73,128,157.16,-0.34
07:43:33,"[156.0, 44]","[155.0, 22]","[302.07, 27]","[311.36, 44]",229.04,137,146.07,-0.04
07:43:34,"[156.0, 36]","[155.0, 24]","[266.34, 29]","[296.94, 34]",211.17,123,110.34,-0.02
07:43:35,"[156.0, 72]","[155.0, 54]","[252.5, 60]","[269.0, 70]",204.25,256,96.5,-0.02
07:43:36,"[156.0, 40]","[155.0, 30]","[244.8, 40]","[246.64, 39]",200.4,149,88.8,-0.06
07:43:37,"[156.0, 70]","[155.0, 48]","[239.96, 53]","[241.49, 61]",197.98,232,83.96,0.02
07:43:38,"[155.33, 24]","[154.38, 16]","[235.98, 47]","[237.0, 38]",195.66,125,80.65,-0.36
07:43:39,"[159.17, 18]","[154.62, 8]","[233.85, 27]","[234.93, 30]",196.51,83,74.69,-0.37
07:43:40,"[160.0, 12]","[155.0, 8]","[231.0, 29]","[231.93, 29]",195.5,78,71.0,-0.49
07:43:41,"[160.0, 12]","[155.0, 12]","[226.36, 42]","[228.0, 43]",193.18,109,66.36,-0.56
07:43:42,"[158.24, 17]","[153.37, 59]","[220.98, 57]","[222.16, 58]",189.61,191,62.75,-0.2
07:43:43,"[155.0, 80]","[153.0, 128]","[214.16, 58]","[214.84, 63]",184.58,329,59.16,0.26
07:43:44,"[155.0, 117]","[153.0, 104]","[207.8, 50]","[208.91, 55]",181.4,326,52.8,0.36
07:43:45,"[155.26, 122]","[153.73, 102]","[204.7, 53]","[205.75, 64]",179.98,341,49.44,0.31
07:43:46,"[156.0, 88]","[155.0, 99]","[200.49, 39]","[202.1, 40]",178.24,266,44.49,0.41
07:43:47,"[156.0, 80]","[155.0, 126]","[183.2, 59]","[197.02, 61]",169.6,326,27.2,0.26
07:43:48,"[156.0, 52]","[155.0, 117]","[161.68, 56]","[169.15, 52]",158.84,277,5.68,0.22
07:43:49,"[155.24, 94]","[154.89, 81]","[157.63, 63]","[158.64, 78]",156.44,316,2.39,0.11
07:43:50,"[154.98, 41]","[153.56, 18]","[156.54, 46]","[157.4, 50]",155.76,155,1.57,-0.24
07:43:51,"[152.79, 47]","[149.94, 136]","[155.55, 73]","[156.62, 80]",154.17,336,2.76,0.09
07:43:52,"[147.47, 128]","[126.4, 138]","[292.32, 40]","[359.8, 50]",219.9,356,144.86,0.49
07:43:53,"[147.0, 75]","[71.93, 45]","[242.0, 10]","[422.11, 19]",194.5,149,95.0,0.61
07:43:54,"[147.0, 75]","[123.0, 5]","[360.29, 14]","[450.55, 11]",253.64,105,213.29,0.52
07:43:55,"[148.6, 25]","[147.04, 171]","[206.55, 29]","[376.83, 41]",177.58,266,57.95,0.47
07:43:56,"[147.45, 58]","[145.63, 123]","[393.85, 26]","[542.74, 39]",270.65,246,246.4,0.47
07:43:57,"[147.23, 95]","[129.9, 20]","[353.86, 14]","[544.29, 21]",250.54,150,206.63,0.53
07:43:58,"[147.0, 84]","[113.0, 12]","[238.33, 12]","[339.17, 18]",192.67,126,91.33,0.52
07:43:59,"[147.04, 99]","[137.64, 22]","[306.55, 22]","[386.89, 27]",226.79,170,159.51,0.42
07:44:00,"[157.39, 23]","[148.19, 67]","[324.86, 35]","[423.88, 33]",241.12,158,167.47,0.14
07:44:01,"[158.0, 27]","[155.0, 27]","[382.93, 41]","[423.88, 33]",270.46,128,224.93,-0.16
07:44:02,"[158.91, 22]","[156.67, 27]","[252.8, 44]","[408.9, 41]",205.85,134,93.89,-0.27
07:44:03,"[160.0, 30]","[158.0, 45]","[320.73, 75]","[436.46, 59]",240.37,209,160.73,-0.28
07:44:04,"[159.61, 36]","[156.17, 84]","[314.43, 56]","[325.99, 69]",237.02,245,154.82,-0.02
07:44:05,"[160.0, 66]","[158.0, 11]","[313.88, 50]","[321.16, 49]",236.94,176,153.88,-0.12
07:44:06,"[160.0, 72]","[158.0, 14]","[298.86, 59]","[302.64, 67]",229.43,212,138.86,-0.19
07:44:07,"[160.0, 50]","[158.0, 10]","[293.62, 42]","[295.61, 41]",226.81,143,133.62,-0.16
07:44:08,"[160.0, 35]","[158.0, 7]","[293.24, 33]","[294.23, 26]",226.62,101,133.24,-0.17
07:44:09,"[160.0, 45]","[158.0, 9]","[293.5, 24]","[294.38, 29]",226.75,107,133.5,0.01
07:44:10,"[160.0, 14]","[158.0, 10]","[290.7, 40]","[291.47, 34]",225.35,98,130.7,-0.51
07:44:11,"[160.0, 14]","[158.0, 14]","[224.64, 47]","[244.27, 52]",192.32,127,64.64,-0.56
07:44:12,"[157.86, 14]","[155.22, 54]","[162.79, 56]","[171.18, 44]",160.32,168,4.93,-0.19
07:44:13,"[157.0, 6]","[155.74, 38]","[161.0, 24]","[162.0, 24]",159.0,92,4.0,-0.04
07:44:14,"[156.05, 37]","[155.22, 64]","[159.27, 15]","[160.96, 45]",157.66,161,3.21,0.25
07:44:15,"[156.77, 44]","[155.39, 41]","[158.77, 52]","[180.06, 36]",157.77,173,2.0,-0.02
07:44:16,"[156.51, 43]","[155.5, 32]","[172.41, 22]","[202.91, 44]",164.46,141,15.9,0.06
07:44:17,"[155.81, 52]","[154.95, 42]","[188.0, 10]","[324.0, 22]",171.9,126,32.19,0.49
07:44:18,"[155.0, 40]","[154.0, 8]","[188.0, 8]","[209.5, 8]",171.5,64,33.0,0.5
07:44:19,"[155.0, 45]","[154.0, 9]","[187.22, 9]","[225.07, 41]",171.11,104,32.22,0.04
07:44:20,"[159.62, 130]","[154.79, 73]","[186.0, 12]","[192.0, 60]",172.81,275,26.38,0.48
07:44:21,"[160.0, 96]","[155.0, 72]","[185.25, 8]","[256.75, 40]",172.62,216,25.25,0.56
07:44:22,"[160.0, 168]","[158.0, 350]","[184.5, 14]","[387.3, 64]",172.25,596,24.5,0.74
07:44:23,"[160.0, 84]","[158.0, 175]","[182.83, 12]","[362.0, 15]",171.42,286,22.83,0.81
07:44:24,"[160.0, 168]","[158.0, 350]","[181.0, 15]","[182.0, 28]",170.5,561,21.0,0.85
07:44:25,"[160.0, 160]","[157.21, 170]","[178.76, 46]","[179.79, 39]",169.38,415,18.76,0.59
07:44:26,"[159.88, 69]","[157.53, 57]","[175.05, 20]","[176.95, 43]",167.47,189,15.17,0.33
07:44:27,"[158.0, 36]","[155.0, 81]","[167.33, 18]","[168.6, 15]",162.67,150,9.33,0.56
07:44:28,"[158.0, 17]","[155.0, 99]","[164.04, 27]","[164.96, 27]",161.02,170,6.04,0.36
07:44:29,"[155.64, 39]","[154.93, 61]","[160.2, 15]","[160.62, 16]",157.92,131,4.56,0.53
07:44:30,"[155.82, 65]","[154.97, 68]","[157.38, 52]","[169.5, 24]",156.6,209,1.57,0.27
07:44:31,"[155.0, 102]","[154.0, 17]","[158.69, 29]","[159.45, 22]",156.84,170,3.69,0.4
07:44:32,"[155.0, 72]","[154.0, 12]","[156.42, 24]","[158.0, 12]",155.71,120,1.42,0.4
07:44:33,"[155.0, 46]","[153.09, 44]","[156.29, 14]","[268.67, 9]",155.64,113,1.29,0.59
07:44:34,"[155.0, 32]","[153.03, 58]","[156.0, 8]","[331.17, 23]",155.5,121,1.0,0.49
07:44:35,"[156.06, 35]","[153.29, 42]","[200.17, 12]","[295.95, 42]",178.11,131,44.11,0.18
07:44:36,"[158.0, 24]","[154.0, 16]","[209.0, 8]","[418.88, 32]",183.5,80,51.0,0.0
07:44:37,"[158.71, 28]","[156.08, 36]","[317.06, 32]","[419.87, 23]",237.89,119,158.35,0.08
07:44:38,"[159.23, 26]","[156.47, 49]","[324.76, 25]","[355.07, 40]",242.0,140,165.53,0.07
07:44:39,"[158.0, 30]","[155.0, 75]","[233.07, 15]","[325.61, 54]",195.53,174,75.07,0.21
07:44:40,"[158.0, 23]","[155.0, 60]","[198.0, 12]","[289.62, 45]",178.0,140,40.0,0.19
07:44:41,"[156.2, 20]","[154.88, 52]","[196.45, 11]","[283.0, 44]",176.33,127,40.25,0.13
07:44:42,"[155.85, 41]","[154.61, 46]","[182.86, 50]","[211.62, 37]",169.36,174,27.01,0.0
07:44:43,"[155.0, 24]","[154.0, 24]","[178.0, 28]","[182.2, 20]",166.5,96,23.0,0.0
07:44:44,"[154.25, 16]","[152.66, 29]","[176.5, 12]","[177.1, 20]",165.38,77,22.25,0.17
07:44:45,"[159.39, 46]","[152.27, 22]","[176.69, 29]","[188.23, 52]",168.04,149,17.3,-0.09
07:44:46,"[160.0, 42]","[153.0, 126]","[176.21, 42]","[223.26, 57]",168.11,267,16.21,0.26
07:44:47,"[160.0, 25]","[156.45, 29]","[174.27, 33]","[278.24, 46]",167.14,133,14.27,-0.19
07:44:48,"[160.0, 18]","[158.0, 46]","[172.0, 27]","[173.11, 27]",166.0,118,12.0,0.08
07:44:49,"[160.0, 32]","[158.0, 96]","[170.56, 48]","[171.56, 48]",165.28,224,10.56,0.14
07:44:50,"[158.36, 66]","[156.09, 99]","[161.03, 67]","[169.54, 35]",159.7,267,2.67,0.24
07:44:51,"[158.0, 66]","[155.0, 77]","[160.12, 17]","[163.28, 47]",159.06,207,2.12,0.38
07:44:52,"[158.0, 36]","[155.0, 42]","[160.67, 30]","[269.0, 6]",159.33,114,2.67,0.37
07:44:53,"[158.0, 74]","[155.0, 91]","[159.46, 65]","[408.47, 17]",158.73,247,1.46,0.34
07:44:54,"[156.3, 37]","[154.9, 126]","[159.0, 50]","[283.62, 34]",157.65,247,2.7,0.32
07:44:55,"[155.0, 147]","[154.0, 84]","[159.0, 35]","[257.26, 31]",157.0,297,4.0,0.56
07:44:56,"[155.0, 105]","[154.0, 60]","[159.0, 25]","[313.33, 9]",157.0,199,4.0,0.66
07:44:57,"[155.0, 147]","[154.0, 84]","[159.0, 35]","[334.65, 23]",157.0,289,4.0,0.6
07:44:58,"[155.0, 252]","[154.0, 144]","[159.0, 60]","[219.0, 12]",157.0,468,4.0,0.69
07:44:59,"[155.32, 124]","[154.78, 216]","[158.17, 60]","[225.54, 48]",156.74,448,2.84,0.52
07:45:00,"[156.0, 40]","[155.0, 168]","[157.81, 31]","[186.25, 20]",156.9,259,1.81,0.61
07:45:01,"[156.0, 30]","[155.0, 210]","[157.0, 20]","[158.0, 50]",156.5,310,1.0,0.55
07:45:02,"[155.02, 251]","[154.21, 198]","[176.39, 31]","[236.76, 46]",165.71,526,21.36,0.71
07:45:03,"[156.22, 108]","[154.62, 128]","[269.83, 36]","[376.57, 21]",213.03,293,113.61,0.61
07:45:04,"[158.0, 80]","[155.0, 160]","[241.68, 19]","[256.52, 31]",199.84,290,83.68,0.66
07:45:05,"[158.0, 88]","[155.0, 176]","[221.0, 22]","[223.0, 22]",189.5,308,63.0,0.71
07:45:06,"[158.0, 80]","[155.0, 102]","[219.9, 20]","[221.2, 20]",188.95,222,61.9,0.64
07:45:07,"[158.0, 76]","[155.88, 68]","[168.0, 27]","[204.89, 27]",163.0,198,10.0,0.45
07:45:08,"[158.0, 40]","[155.0, 82]","[162.7, 20]","[163.89, 55]",160.35,197,4.7,0.24
07:45:09,"[155.3, 122]","[153.58, 139]","[160.8, 30]","[161.87, 30]",158.05,321,5.5,0.63
07:45:10,"[155.0, 63]","[153.31, 52]","[158.12, 16]","[159.5, 16]",156.56,147,3.12,0.56
07:45:11,"[158.5, 30]","[154.05, 38]","[268.0, 17]","[330.58, 19]",213.25,104,109.5,0.31
07:45:12,"[160.0, 110]","[158.0, 77]","[327.36, 11]","[559.93, 28]",243.68,226,167.36,0.65
07:45:13,"[160.0, 82]","[158.0, 63]","[241.21, 14]","[531.95, 21]",200.61,180,81.21,0.61
07:45:14,"[160.0, 64]","[158.0, 56]","[243.5, 8]","[480.29, 14]",201.75,142,83.5,0.69
07:45:15,"[160.0, 136]","[158.0, 175]","[214.4, 25]","[238.39, 41]",187.2,377,54.4,0.65
07:45:16,"[160.0, 80]","[158.0, 110]","[210.53, 34]","[212.77, 26]",185.26,250,50.53,0.52
07:45:17,"[160.0, 112]","[158.0, 154]","[207.69, 54]","[208.77, 30]",183.84,350,47.69,0.52
07:45:18,"[160.0, 62]","[158.0, 110]","[179.09, 44]","[181.5, 18]",169.55,234,19.09,0.47
07:45:19,"[160.0, 60]","[158.0, 132]","[177.93, 40]","[178.77, 26]",168.96,258,17.93,0.49
07:45:20,"[160.0, 50]","[158.0, 110]","[175.43, 30]","[175.83, 30]",167.72,220,15.43,0.45
07:45:21,"[160.0, 25]","[158.0, 77]","[173.86, 7]","[175.0, 35]",166.93,144,13.86,0.42
07:45:22,"[160.0, 36]","[158.0, 132]","[170.71, 28]","[173.02, 44]",165.36,240,10.71,0.4
07:45:23,"[160.0, 34]","[158.0, 154]","[165.37, 54]","[166.13, 30]",162.69,272,5.37,0.38
07:45:24,"[158.37, 54]","[157.43, 154]","[161.39, 62]","[163.21, 38]",159.88,308,3.02,0.35
07:45:25,"[157.89, 112]","[155.54, 123]","[193.56, 59]","[218.2, 56]",175.73,350,35.67,0.34
07:45:26,"[156.0, 20]","[155.0, 140]","[544.07, 30]","[646.2, 20]",350.03,210,388.07,0.52
07:45:27,"[155.0, 168]","[154.0, 72]","[463.92, 48]","[579.08, 48]",309.46,336,308.92,0.43
07:45:28,"[155.2, 90]","[154.2, 70]","[394.2, 25]","[513.14, 28]",274.7,213,239.0,0.5
07:45:29,"[158.0, 48]","[155.0, 112]","[432.0, 32]","[714.0, 32]",295.0,224,274.0,0.43
07:45:30,"[158.0, 60]","[155.0, 140]","[432.0, 40]","[635.6, 30]",295.0,270,274.0,0.48
07:45:31,"[158.0, 30]","[155.0, 70]","[422.18, 11]","[440.67, 18]",290.09,129,264.18,0.55
07:45:32,"[158.0, 60]","[155.0, 140]","[312.77, 39]","[318.87, 23]",235.38,262,154.77,0.53
07:45:33,"[158.0, 27]","[155.0, 84]","[274.83, 24]","[503.0, 6]",216.42,141,116.83,0.57
07:45:34,"[158.0, 15]","[155.0, 70]","[336.45, 11]","[738.0, 12]",247.23,108,178.45,0.57
07:45:35,"[159.33, 18]","[156.17, 46]","[546.83, 12]","[735.08, 36]",353.08,112,387.5,0.14
07:45:36,"[160.0, 10]","[158.0, 15]","[234.0, 5]","[530.6, 25]",197.0,55,74.0,-0.09
07:45:37,"[159.33, 18]","[156.0, 63]","[511.43, 46]","[552.43, 14]",335.38,141,352.1,0.15
07:45:38,"[158.0, 10]","[155.0, 70]","[531.4, 25]","[536.0, 5]",344.7,110,373.4,0.45
07:45:39,"[158.0, 28]","[155.0, 195]","[473.5, 66]","[531.16, 62]",315.75,351,315.5,0.27
07:45:40,"[159.14, 14]","[155.87, 55]","[385.91, 55]","[528.0, 55]",272.53,179,226.77,-0.23
07:45:41,"[158.0, 20]","[155.0, 130]","[374.71, 41]","[384.1, 50]",266.35,241,216.71,0.24
07:45:42,"[157.38, 48]","[154.93, 89]","[382.92, 38]","[383.88, 40]",270.15,215,225.55,0.27
07:45:43,"[158.0, 73]","[155.0, 160]","[216.41, 37]","[275.49, 35]",187.2,305,58.41,0.53
07:45:44,"[158.0, 57]","[155.0, 304]","[191.48, 61]","[192.8, 76]",174.74,498,33.48,0.45
07:45:45,"[156.29, 49]","[154.9, 124]","[186.6, 35]","[187.32, 37]",171.44,245,30.31,0.41
07:45:46,"[155.0, 118]","[154.0, 66]","[184.33, 45]","[185.58, 43]",169.67,272,29.33,0.35
07:45:47,"[155.0, 64]","[154.0, 48]","[182.53, 32]","[183.81, 32]",168.77,176,27.53,0.27
07:45:48,"[155.0, 104]","[154.0, 78]","[178.33, 60]","[179.31, 58]",166.67,300,23.33,0.21
07:45:49,"[155.0, 74]","[154.0, 60]","[174.35, 48]","[176.63, 41]",164.68,223,19.35,0.2
07:45:50,"[155.0, 60]","[154.0, 72]","[170.17, 52]","[171.54, 48]",162.59,232,15.17,0.14
07:45:51,"[155.0, 50]","[154.0, 60]","[165.49, 49]","[167.08, 38]",160.24,197,10.49,0.12
07:45:52,"[157.73, 66]","[154.29, 51]","[162.0, 28]","[163.07, 28]",159.86,173,4.27,0.35
07:45:53,"[160.0, 69]","[155.0, 40]","[161.0, 16]","[163.58, 38]",160.5,163,1.0,0.34
07:45:54,"[160.0, 27]","[155.73, 33]","[164.0, 45]","[251.0, 9]",162.0,114,4.0,0.05
07:45:55,"[160.0, 33]","[158.0, 22]","[214.81, 27]","[401.91, 11]",187.41,93,54.81,0.18
07:45:56,"[156.57, 21]","[154.57, 21]","[378.38, 8]","[451.25, 8]",267.47,58,221.8,0.45
07:45:57,"[153.05, 19]","[151.8, 15]","[414.67, 6]","[428.2, 5]",283.86,45,261.61,0.51
07:45:58,"[152.29, 42]","[150.46, 46]","[346.73, 15]","[351.83, 18]",249.51,121,194.45,0.45
07:45:59,"[153.53, 45]","[151.73, 33]","[344.18, 11]","[347.0, 22]",248.86,111,190.65,0.41
07:46:00,"[158.04, 52]","[154.71, 63]","[333.81, 16]","[339.1, 20]",245.93,151,175.77,0.52
07:46:01,"[160.0, 26]","[156.14, 43]","[319.7, 20]","[324.0, 19]",239.85,108,159.7,0.28
07:46:02,"[160.0, 20]","[158.0, 30]","[232.7, 10]","[259.82, 11]",196.35,71,72.7,0.41
07:46:03,"[160.0, 26]","[158.0, 39]","[195.93, 28]","[220.0, 17]",177.96,110,35.93,0.18
07:46:04,"[160.0, 18]","[158.0, 27]","[169.15, 26]","[219.06, 17]",164.58,88,9.15,0.02
07:46:05,"[160.0, 86]","[158.0, 39]","[215.69, 26]","[220.0, 13]",187.85,164,55.69,0.52
07:46:06,"[160.0, 106]","[158.0, 39]","[213.62, 13]","[215.0, 26]",186.81,184,53.62,0.58
07:46:07,"[160.0, 84]","[158.0, 36]","[211.44, 18]","[212.33, 18]",185.72,156,51.44,0.54
07:46:08,"[160.0, 98]","[158.0, 42]","[208.14, 14]","[210.0, 28]",184.07,182,48.14,0.54
07:46:09,"[160.0, 77]","[158.0, 33]","[205.0, 24]","[207.13, 15]",182.5,149,45.0,0.48
07:46:10,"[160.0, 72]","[158.0, 48]","[202.56, 36]","[204.03, 58]",181.28,214,42.56,0.12
07:46:11,"[160.0, 48]","[158.0, 48]","[199.25, 40]","[202.93, 56]",179.62,192,39.25,0.0
07:46:12,"[160.0, 33]","[158.0, 43]","[192.5, 40]","[197.47, 30]",176.25,146,32.5,0.04
07:46:13,"[160.0, 36]","[158.0, 156]","[197.0, 48]","[198.0, 24]",178.5,264,37.0,0.45
07:46:14,"[160.0, 45]","[158.0, 195]","[194.35, 34]","[195.44, 50]",177.18,324,34.35,0.48
07:46:15,"[160.0, 42]","[158.0, 182]","[191.07, 56]","[194.0, 28]",175.54,308,31.07,0.45
07:46:16,"[160.0, 30]","[158.0, 130]","[188.26, 35]","[189.75, 32]",174.13,227,28.26,0.41
07:46:17,"[160.0, 19]","[158.0, 221]","[184.09, 70]","[185.65, 66]",172.04,376,24.09,0.28
07:46:18,"[158.27, 45]","[157.87, 90]","[179.41, 29]","[180.53, 38]",168.84,202,21.15,0.34
07:46:19,"[158.0, 169]","[157.0, 52]","[174.96, 46]","[176.2, 51]",166.48,318,16.96,0.39
07:46:20,"[158.0, 105]","[157.0, 40]","[168.46, 41]","[169.07, 42]",163.23,228,10.46,0.27
07:46:21,"[158.0, 43]","[157.0, 44]","[162.94, 34]","[164.71, 41]",160.47,162,4.94,0.07
07:46:22,"[156.84, 45]","[156.17, 60]","[159.59, 27]","[160.83, 72]",158.22,204,2.75,0.03
07:46:23,"[154.93, 80]","[153.9, 62]","[161.57, 49]","[361.45, 49]",158.25,240,6.65,0.18
07:46:24,"[154.3, 27]","[152.41, 17]","[164.41, 17]","[205.97, 37]",159.35,98,10.12,-0.1
07:46:25,"[155.0, 22]","[154.0, 22]","[161.91, 11]","[166.0, 33]",158.45,88,6.91,0.0
07:46:26,"[155.71, 21]","[154.62, 16]","[160.1, 20]","[163.5, 12]",157.91,69,4.39,0.07
07:46:27,"[157.74, 23]","[155.94, 32]","[160.0, 19]","[582.68, 25]",158.87,99,2.26,0.11
07:46:28,"[155.23, 26]","[154.22, 27]","[158.46, 13]","[276.92, 25]",156.85,91,3.23,0.16
07:46:29,"[153.11, 38]","[151.16, 38]","[157.0, 13]","[307.5, 18]",155.05,107,3.89,0.42
07:46:30,"[153.0, 26]","[151.0, 44]","[155.78, 18]","[156.47, 15]",154.39,103,2.78,0.36
07:46:31,"[153.0, 25]","[151.0, 52]","[332.16, 31]","[531.97, 37]",242.58,145,179.16,0.06
07:46:32,"[158.0, 7]","[151.08, 25]","[230.57, 21]","[309.86, 21]",194.29,74,72.57,-0.14
07:46:33,"[160.0, 14]","[155.53, 34]","[264.79, 42]","[443.0, 28]",212.39,118,104.79,-0.19
07:46:34,"[160.0, 8]","[158.0, 16]","[210.0, 40]","[289.75, 24]",185.0,88,50.0,-0.45
07:46:35,"[155.09, 11]","[153.2, 25]","[210.0, 40]","[391.0, 16]",182.55,92,54.91,-0.22
07:46:36,"[151.0, 20]","[150.0, 50]","[208.65, 46]","[263.51, 35]",179.83,151,57.65,-0.07
07:46:37,"[151.0, 20]","[150.0, 50]","[208.0, 40]","[209.0, 50]",179.5,160,57.0,-0.12
07:46:38,"[151.47, 15]","[150.41, 34]","[207.07, 54]","[208.11, 45]",179.27,148,55.61,-0.34
07:46:39,"[151.21, 14]","[150.12, 34]","[172.56, 27]","[198.0, 34]",161.88,109,21.34,-0.12
07:46:40,"[151.0, 16]","[137.96, 23]","[171.25, 32]","[173.0, 24]",161.12,95,20.25,-0.18
07:46:41,"[153.82, 44]","[149.0, 46]","[169.78, 55]","[170.73, 51]",161.8,196,15.96,-0.08
07:46:42,"[155.0, 60]","[153.4, 45]","[168.33, 60]","[170.0, 75]",161.67,240,13.33,-0.12
07:46:43,"[155.89, 36]","[154.35, 23]","[167.86, 28]","[170.0, 35]",161.87,122,11.97,-0.03
07:46:44,"[157.0, 42]","[155.0, 40]","[165.62, 42]","[169.17, 48]",161.31,172,8.62,-0.05
07:46:45,"[158.64, 22]","[155.33, 24]","[164.0, 35]","[165.0, 28]",161.32,109,5.36,-0.16
07:46:46,"[160.0, 84]","[156.0, 28]","[162.74, 62]","[163.69, 64]",161.37,238,2.74,-0.06
07:46:47,"[157.79, 29]","[154.86, 44]","[197.57, 28]","[264.83, 36]",177.68,137,39.78,0.07
07:46:48,"[159.43, 28]","[155.47, 34]","[223.78, 27]","[256.8, 25]",191.6,114,64.35,0.09
07:46:49,"[160.0, 23]","[156.0, 16]","[221.62, 24]","[302.0, 24]",190.81,87,61.62,-0.1
07:46:50,"[160.0, 22]","[156.0, 22]","[218.85, 27]","[219.79, 28]",189.43,99,58.85,-0.11
07:46:51,"[155.18, 56]","[154.2, 20]","[218.0, 14]","[254.57, 21]",186.59,111,62.82,0.37
07:46:52,"[155.0, 117]","[154.0, 39]","[216.46, 65]","[217.38, 32]",185.73,253,61.46,0.23
07:46:53,"[154.52, 33]","[153.18, 49]","[213.58, 62]","[215.15, 65]",184.05,209,59.07,-0.22
07:46:54,"[157.88, 68]","[154.07, 27]","[209.95, 62]","[211.08, 62]",183.92,219,52.07,-0.13
07:46:55,"[158.0, 66]","[155.0, 55]","[206.3, 37]","[207.4, 52]",182.15,210,48.3,0.15
07:46:56,"[158.0, 60]","[155.0, 50]","[202.4, 50]","[205.0, 20]",180.2,180,44.4,0.22
07:46:57,"[158.0, 78]","[155.08, 49]","[201.92, 65]","[205.0, 26]",179.96,218,43.92,0.17
07:46:58,"[158.0, 78]","[156.42, 19]","[200.28, 47]","[201.59, 44]",179.14,188,42.28,0.03
07:46:59,"[158.0, 66]","[156.0, 11]","[197.0, 34]","[198.84, 43]",177.5,154,39.0,0.0
07:47:00,"[158.0, 24]","[156.0, 8]","[194.71, 28]","[195.29, 28]",176.36,88,36.71,-0.27
07:47:01,"[158.0, 36]","[156.0, 18]","[192.57, 84]","[194.24, 42]",175.29,180,34.57,-0.4
07:47:02,"[158.0, 28]","[156.0, 84]","[186.89, 44]","[187.7, 47]",172.44,203,28.89,0.1
07:47:03,"[158.0, 42]","[156.0, 128]","[181.53, 30]","[182.56, 48]",169.77,248,23.53,0.37
07:47:04,"[156.67, 45]","[155.62, 65]","[176.3, 30]","[177.29, 14]",166.48,154,19.63,0.43
07:47:05,"[156.0, 90]","[155.0, 75]","[170.07, 61]","[172.67, 67]",163.03,293,14.07,0.13
07:47:06,"[155.79, 48]","[154.96, 57]","[168.36, 53]","[169.08, 65]",162.08,223,12.57,-0.06
07:47:07,"[155.0, 89]","[154.0, 14]","[164.67, 66]","[165.44, 18]",159.83,187,9.67,0.1
07:47:08,"[155.0, 90]","[154.0, 10]","[158.83, 30]","[161.1, 30]",156.92,160,3.83,0.25
07:47:09,"[155.0, 86]","[154.0, 12]","[156.62, 40]","[158.73, 48]",155.81,186,1.62,0.05
07:47:10,"[153.87, 15]","[152.91, 47]","[155.79, 38]","[161.04, 46]",154.83,146,1.92,-0.15
07:47:11,"[153.8, 15]","[152.33, 9]","[178.05, 21]","[350.18, 11]",165.92,56,24.25,-0.14
07:47:12,"[153.0, 6]","[151.0, 6]","[248.33, 6]","[405.33, 12]",200.67,30,95.33,-0.2
07:47:13,"[153.0, 7]","[151.0, 7]","[212.41, 17]","[273.14, 7]",182.71,38,59.41,-0.26
07:47:14,"[154.89, 27]","[153.5, 8]","[212.0, 24]","[291.25, 8]",183.44,67,57.11,0.04
07:47:15,"[155.53, 17]","[154.95, 38]","[211.45, 33]","[319.59, 17]",183.49,105,55.93,0.05
07:47:16,"[156.0, 27]","[155.0, 36]","[210.56, 27]","[271.0, 9]",183.28,99,54.56,0.27
07:47:17,"[156.0, 17]","[155.0, 56]","[206.28, 60]","[207.13, 52]",181.14,185,50.28,-0.21
07:47:18,"[155.62, 21]","[154.96, 54]","[201.96, 67]","[203.62, 47]",178.79,189,46.34,-0.21
07:47:19,"[154.3, 43]","[153.1, 10]","[195.18, 38]","[198.0, 30]",174.74,121,40.88,-0.12
07:47:20,"[154.43, 49]","[152.14, 14]","[193.0, 21]","[194.0, 35]",173.71,119,38.57,0.06
07:47:21,"[160.0, 90]","[153.0, 68]","[192.49, 49]","[193.73, 55]",176.24,262,32.49,0.21
07:47:22,"[160.0, 77]","[156.81, 105]","[188.98, 47]","[190.45, 73]",174.49,302,28.98,0.21
07:47:23,"[160.0, 65]","[158.0, 104]","[184.36, 45]","[185.98, 47]",172.18,261,24.36,0.3
07:47:24,"[160.0, 75]","[158.0, 140]","[176.84, 62]","[178.78, 59]",168.42,336,16.84,0.28
07:47:25,"[160.0, 50]","[158.0, 100]","[171.7, 30]","[174.0, 50]",165.85,230,11.7,0.3
07:47:26,"[160.0, 50]","[158.0, 100]","[169.07, 40]","[171.25, 40]",164.54,230,9.07,0.3
07:47:27,"[158.07, 145]","[154.33, 122]","[167.7, 64]","[186.8, 59]",162.89,390,9.63,0.37
07:47:28,"[158.0, 26]","[154.0, 104]","[163.77, 56]","[165.11, 56]",160.88,242,5.77,0.07
07:47:29,"[158.0, 32]","[154.0, 96]","[161.78, 45]","[162.58, 60]",159.89,233,3.78,0.1
07:47:30,"[155.09, 66]","[153.8, 60]","[158.95, 42]","[159.93, 42]",157.02,210,3.86,0.2
07:47:31,"[154.0, 92]","[153.0, 26]","[157.0, 26]","[159.0, 65]",155.5,209,3.0,0.13
07:47:32,"[154.0, 63]","[153.0, 18]","[155.62, 32]","[157.2, 20]",154.81,133,1.62,0.22
07:47:33,"[154.21, 34]","[151.48, 29]","[229.69, 48]","[403.19, 32]",191.95,143,75.48,-0.12
07:47:34,"[160.0, 88]","[154.16, 19]","[644.25, 24]","[705.64, 25]",402.12,156,484.25,0.37
07:47:35,"[160.0, 48]","[156.03, 29]","[480.33, 6]","[684.0, 12]",320.17,95,320.33,0.62
07:47:36,"[160.0, 100]","[158.0, 88]","[205.42, 19]","[388.57, 14]",182.71,221,45.42,0.7
07:47:37,"[160.0, 121]","[158.0, 88]","[165.82, 22]","[289.09, 23]",162.91,254,5.82,0.65
07:47:38,"[160.0, 75]","[158.0, 88]","[163.91, 22]","[323.0, 33]",161.95,218,3.91,0.5
07:47:39,"[160.0, 7]","[158.0, 56]","[163.0, 14]","[286.4, 15]",161.5,92,3.0,0.37
07:47:40,"[160.0, 5]","[158.0, 40]","[163.0, 10]","[338.0, 6]",161.5,61,3.0,0.48
07:47:41,"[160.0, 11]","[158.0, 88]","[163.0, 22]","[375.0, 18]",161.5,139,3.0,0.42
07:47:42,"[158.05, 43]","[156.23, 71]","[161.25, 16]","[397.0, 16]",159.65,146,3.2,0.56
07:47:43,"[157.69, 52]","[155.91, 89]","[301.9, 20]","[454.43, 14]",229.8,175,144.21,0.61
07:47:44,"[157.58, 38]","[155.86, 56]","[387.71, 14]","[531.0, 7]",272.65,115,230.14,0.63
07:47:45,"[156.88, 57]","[155.56, 72]","[324.0, 12]","[481.71, 21]",240.44,162,167.12,0.59
07:47:46,"[155.24, 66]","[154.2, 25]","[186.89, 9]","[460.31, 13]",171.07,113,31.65,0.61
07:47:47,"[156.33, 90]","[154.56, 45]","[189.0, 27]","[470.0, 12]",172.67,174,32.67,0.55
07:47:48,"[158.0, 70]","[156.0, 7]","[286.47, 15]","[546.07, 14]",222.23,106,128.47,0.45
07:47:49,"[158.0, 36]","[156.0, 8]","[370.42, 19]","[616.29, 21]",264.21,84,212.42,0.05
07:47:50,"[158.0, 21]","[156.0, 7]","[660.0, 21]","[680.0, 14]",409.0,63,502.0,-0.11
07:47:51,"[158.0, 33]","[156.0, 11]","[492.0, 33]","[606.27, 22]",325.0,99,334.0,-0.11
07:47:52,"[158.95, 57]","[157.93, 28]","[349.25, 32]","[526.79, 47]",254.1,164,190.3,0.04
07:47:53,"[159.0, 27]","[158.0, 21]","[527.0, 35]","[546.57, 14]",343.0,97,368.0,-0.01
07:47:54,"[159.0, 48]","[158.0, 48]","[256.9, 40]","[457.98, 49]",207.95,185,97.9,0.04
07:47:55,"[159.0, 42]","[158.0, 42]","[255.86, 14]","[503.0, 28]",207.43,126,96.86,0.33
07:47:56,"[158.79, 34]","[157.59, 34]","[251.23, 44]","[319.57, 46]",205.01,158,92.43,-0.14
07:47:57,"[154.63, 43]","[153.29, 48]","[248.59, 49]","[248.62, 29]",201.61,169,93.96,0.08
07:47:58,"[155.33, 54]","[152.91, 44]","[242.91, 11]","[247.93, 46]",199.12,155,87.58,0.26
07:47:59,"[157.0, 66]","[154.0, 55]","[192.32, 22]","[209.93, 15]",174.66,158,35.32,0.53
07:48:00,"[157.0, 78]","[154.0, 65]","[177.59, 41]","[178.65, 37]",167.29,221,20.59,0.29
07:48:01,"[157.0, 72]","[154.0, 60]","[172.29, 48]","[174.38, 24]",164.65,204,15.29,0.29
07:48:02,"[157.0, 66]","[154.0, 55]","[168.52, 23]","[170.44, 43]",162.76,187,11.52,0.29
07:48:03,"[157.0, 60]","[154.0, 50]","[165.0, 26]","[166.62, 34]",161.0,170,8.0,0.29
07:48:04,"[157.0, 72]","[154.0, 60]","[162.41, 32]","[164.03, 40]",159.7,204,5.41,0.29
07:48:05,"[157.04, 81]","[153.55, 62]","[205.44, 63]","[238.12, 25]",181.24,231,48.41,0.24
07:48:06,"[157.74, 101]","[153.8, 81]","[239.73, 73]","[276.06, 51]",198.73,306,81.98,0.19
07:48:07,"[156.0, 98]","[153.53, 85]","[244.76, 59]","[245.93, 61]",200.38,303,88.76,0.21
07:48:08,"[156.4, 60]","[153.7, 115]","[240.64, 67]","[242.13, 77]",198.52,319,84.24,0.1
07:48:09,"[157.0, 66]","[156.0, 33]","[236.74, 50]","[238.46, 41]",196.87,190,79.74,0.04
07:48:10,"[157.0, 60]","[156.0, 33]","[223.5, 28]","[231.27, 30]",190.25,151,66.5,0.23
07:48:11,"[157.0, 16]","[156.0, 48]","[174.81, 63]","[182.3, 27]",165.9,154,17.81,-0.17
07:48:12,"[157.0, 17]","[156.0, 51]","[169.23, 52]","[169.65, 62]",163.12,182,12.23,-0.25
07:48:13,"[156.19, 26]","[154.53, 57]","[162.21, 33]","[163.93, 45]",159.2,161,6.02,0.03
07:48:14,"[156.24, 33]","[154.31, 78]","[158.0, 60]","[159.44, 64]",157.12,235,1.76,-0.06
07:48:15,"[154.46, 39]","[153.53, 102]","[156.75, 55]","[205.19, 42]",155.6,238,2.28,0.18
07:48:16,"[154.0, 30]","[153.0, 50]","[155.0, 16]","[157.0, 24]",154.5,120,1.0,0.33
07:48:17,"[153.34, 58]","[152.43, 56]","[154.75, 16]","[157.0, 32]",154.05,162,1.41,0.41
07:48:18,"[153.0, 63]","[151.0, 40]","[156.25, 32]","[284.71, 28]",154.62,163,3.25,0.26
07:48:19,"[153.0, 7]","[151.0, 28]","[156.29, 28]","[455.0, 14]",154.64,77,3.29,-0.09
07:48:20,"[153.0, 6]","[151.0, 24]","[154.17, 24]","[344.0, 30]",153.58,84,1.17,-0.29
07:48:21,"[158.19, 54]","[150.82, 44]","[266.15, 26]","[474.27, 49]",212.17,173,107.97,0.13
07:48:22,"[159.0, 60]","[151.0, 40]","[244.06, 48]","[311.16, 25]",201.53,173,85.06,0.16
07:48:23,"[159.0, 51]","[151.43, 28]","[253.08, 36]","[268.13, 38]",206.04,153,94.08,0.03
07:48:24,"[159.0, 37]","[154.0, 9]","[238.83, 18]","[244.75, 28]",198.92,92,79.83,0.0
07:48:25,"[159.0, 9]","[154.0, 9]","[230.0, 35]","[250.67, 27]",194.5,80,71.0,-0.55
07:48:26,"[159.0, 11]","[156.5, 36]","[209.33, 27]","[223.05, 40]",184.17,114,50.33,-0.18
07:48:27,"[159.0, 6]","[157.0, 36]","[197.5, 18]","[199.0, 12]",178.25,72,38.5,0.17
07:48:28,"[159.0, 9]","[157.0, 54]","[190.0, 30]","[195.0, 23]",174.5,116,31.0,0.09
07:48:29,"[159.0, 13]","[157.0, 78]","[183.41, 44]","[184.94, 51]",171.2,186,24.41,-0.02
07:48:30,"[157.15, 26]","[155.17, 144]","[179.47, 30]","[183.28, 29]",168.31,229,22.31,0.48
07:48:31,"[157.0, 24]","[155.0, 132]","[176.21, 14]","[177.26, 34]",166.61,204,19.21,0.53
07:48:32,"[155.39, 62]","[154.87, 75]","[170.32, 25]","[175.0, 27]",162.85,189,14.93,0.45
07:48:33,"[156.48, 27]","[154.98, 102]","[164.78, 27]","[168.03, 29]",160.63,185,8.3,0.39
07:48:34,"[155.0, 105]","[154.0, 30]","[161.41, 27]","[162.52, 33]",158.2,195,6.41,0.38
07:48:35,"[155.0, 84]","[154.0, 60]","[157.93, 28]","[160.06, 18]",156.46,190,2.93,0.52
07:48:36,"[155.0, 96]","[154.0, 75]","[156.67, 45]","[159.0, 15]",155.83,231,1.67,0.48
07:48:37,"[155.0, 26]","[154.0, 55]","[156.86, 21]","[159.55, 11]",155.93,113,1.86,0.43
07:48:38,"[154.78, 18]","[153.97, 72]","[422.43, 47]","[565.45, 47]",288.6,184,267.65,-0.02
07:48:39,"[153.85, 33]","[152.74, 19]","[249.95, 43]","[370.84, 25]",201.9,120,96.11,-0.13
07:48:40,"[153.0, 4]","[152.0, 4]","[287.77, 13]","[495.85, 13]",220.38,34,134.77,-0.53
07:48:41,"[157.88, 82]","[152.83, 12]","[255.83, 46]","[485.55, 38]",206.85,178,97.95,0.06
07:48:42,"[158.0, 79]","[153.0, 11]","[160.0, 44]","[247.27, 33]",159.0,167,2.0,0.08
07:48:43,"[158.5, 28]","[155.92, 12]","[332.0, 36]","[471.0, 60]",245.25,136,173.5,-0.41
07:48:44,"[155.5, 14]","[151.54, 26]","[395.64, 28]","[463.5, 36]",275.57,104,240.14,-0.23
07:48:45,"[153.0, 18]","[150.0, 42]","[341.0, 30]","[426.0, 18]",247.0,108,188.0,0.11
07:48:46,"[153.0, 27]","[150.0, 63]","[341.0, 45]","[472.29, 17]",247.0,152,188.0,0.18
07:48:47,"[153.0, 21]","[150.0, 49]","[340.2, 30]","[357.89, 27]",246.6,127,187.2,0.1
07:48:48,"[153.0, 30]","[150.0, 70]","[252.0, 10]","[339.0, 40]",202.5,150,99.0,0.33
07:48:49,"[151.24, 51]","[127.91, 74]","[303.33, 24]","[361.91, 44]",227.28,193,152.1,0.3
07:48:50,"[151.04, 46]","[130.6, 30]","[337.58, 48]","[343.85, 47]",244.31,171,186.54,-0.11
07:48:51,"[133.29, 7]","[106.08, 13]","[336.0, 20]","[337.0, 20]",234.64,60,202.71,-0.33
