Time,Bid1,Bid2,Ask1,Ask2,Mid-Price,Total_volume,Bid_ask_spread,Order_imbalance
07:30:00,"[0, 0]","[0, 0]","[0, 0]","[0, 0]",0.0,0,0.0,0.0
07:30:01,"[0, 0]","[0, 0]","[444.0, 8]","[472.0, 1]",222.0,9,444.0,-1.0
07:30:02,"[1.0, 1]","[0, 0]","[444.0, 8]","[449.0, 4]",222.5,13,443.0,-0.85
07:30:03,"[360.95, 19]","[240.33, 3]","[444.0, 12]","[449.0, 6]",402.47,40,83.05,0.1
07:30:04,"[361.13, 68]","[360.14, 7]","[441.4, 30]","[444.29, 28]",401.27,133,80.27,0.13
07:30:05,"[362.67, 54]","[361.0, 6]","[432.14, 21]","[440.2, 30]",397.4,111,69.48,0.08
07:30:06,"[363.0, 63]","[361.0, 7]","[422.0, 18]","[426.04, 23]",392.5,111,59.0,0.26
07:30:07,"[363.0, 90]","[361.0, 10]","[404.88, 26]","[409.0, 25]",383.94,151,41.88,0.32
07:30:08,"[363.0, 63]","[361.0, 7]","[395.16, 25]","[399.38, 21]",379.08,116,32.16,0.21
07:30:09,"[363.0, 63]","[361.0, 7]","[391.84, 32]","[392.97, 32]",377.42,134,28.84,0.04
07:30:10,"[363.0, 72]","[361.0, 8]","[388.72, 39]","[390.02, 45]",375.86,164,25.72,-0.02
07:30:11,"[362.85, 27]","[360.71, 7]","[383.36, 25]","[385.57, 30]",373.11,89,20.51,-0.24
07:30:12,"[361.0, 5]","[360.0, 5]","[380.55, 22]","[382.3, 23]",370.77,55,19.55,-0.64
07:30:13,"[361.0, 10]","[360.0, 10]","[377.86, 43]","[378.89, 44]",369.43,107,16.86,-0.63
07:30:14,"[361.0, 10]","[360.0, 10]","[374.23, 44]","[375.7, 46]",367.61,110,13.23,-0.64
07:30:15,"[361.0, 8]","[360.0, 8]","[370.53, 34]","[371.47, 34]",365.76,84,9.53,-0.62
07:30:16,"[359.33, 27]","[356.64, 75]","[366.0, 60]","[367.07, 60]",362.67,222,6.67,-0.08
07:30:17,"[358.0, 75]","[356.0, 315]","[362.42, 65]","[363.47, 64]",360.21,519,4.42,0.5
07:30:18,"[356.06, 165]","[355.86, 113]","[358.62, 52]","[360.19, 54]",357.34,384,2.55,0.45
07:30:19,"[356.0, 263]","[354.0, 16]","[359.0, 63]","[359.99, 77]",357.5,419,3.0,0.33
07:30:20,"[356.0, 154]","[354.0, 11]","[358.0, 44]","[359.0, 55]",357.0,264,2.0,0.25
07:30:21,"[356.0, 164]","[354.0, 16]","[358.41, 80]","[364.27, 66]",357.21,326,2.41,0.1
07:30:22,"[356.0, 18]","[354.0, 9]","[370.3, 47]","[372.07, 54]",363.15,128,14.3,-0.58
07:30:23,"[333.85, 26]","[311.47, 19]","[371.66, 29]","[372.91, 35]",352.75,109,37.81,-0.17
07:30:24,"[332.52, 75]","[325.04, 52]","[348.52, 31]","[371.79, 57]",340.52,215,16.0,0.18
07:30:25,"[334.0, 90]","[333.0, 45]","[346.0, 30]","[370.77, 77]",340.0,242,12.0,0.12
07:30:26,"[335.5, 60]","[332.76, 75]","[346.0, 18]","[360.78, 37]",340.75,190,10.5,0.42
07:30:27,"[338.0, 27]","[332.0, 54]","[346.0, 9]","[350.0, 18]",342.0,108,8.0,0.5
07:30:28,"[338.71, 21]","[330.08, 50]","[358.55, 11]","[363.5, 28]",348.63,110,19.83,0.29
07:30:29,"[352.15, 39]","[333.58, 59]","[369.0, 39]","[371.0, 117]",360.58,254,16.85,-0.23
07:30:30,"[356.43, 101]","[333.05, 77]","[369.0, 45]","[371.0, 135]",362.71,358,12.57,-0.01
07:30:31,"[361.31, 58]","[360.29, 70]","[369.0, 33]","[371.0, 99]",365.16,260,7.69,-0.02
07:30:32,"[361.0, 84]","[356.0, 24]","[369.0, 36]","[371.0, 108]",365.0,252,8.0,-0.14
07:30:33,"[361.0, 24]","[356.0, 12]","[369.0, 18]","[371.0, 54]",365.0,108,8.0,-0.33
07:30:34,"[358.27, 44]","[341.07, 82]","[367.61, 36]","[369.43, 63]",362.94,225,9.34,0.12
07:30:35,"[356.0, 14]","[339.0, 42]","[365.0, 14]","[368.0, 21]",360.5,91,9.0,0.23
07:30:36,"[356.0, 18]","[339.0, 54]","[363.0, 18]","[369.54, 52]",359.5,142,7.0,0.01
07:30:37,"[356.3, 20]","[341.12, 48]","[360.27, 44]","[364.92, 26]",358.29,138,3.97,-0.01
07:30:38,"[357.0, 28]","[356.0, 28]","[358.62, 32]","[364.52, 58]",357.81,146,1.62,-0.23
07:30:39,"[356.0, 20]","[340.56, 90]","[358.8, 20]","[369.0, 50]",357.4,180,2.8,0.22
07:30:40,"[344.28, 103]","[340.23, 137]","[355.5, 28]","[360.71, 41]",349.89,309,11.22,0.55
07:30:41,"[344.76, 34]","[343.0, 119]","[361.76, 45]","[365.76, 83]",353.26,281,16.99,0.09
07:30:42,"[347.5, 28]","[344.45, 76]","[364.29, 42]","[365.4, 50]",355.89,196,16.79,0.06
07:30:43,"[351.73, 15]","[346.24, 34]","[363.27, 45]","[364.0, 33]",357.5,127,11.53,-0.23
07:30:44,"[356.0, 51]","[352.24, 34]","[358.94, 51]","[360.12, 51]",357.47,187,2.94,-0.09
07:30:45,"[356.0, 45]","[354.0, 30]","[357.67, 45]","[358.67, 45]",356.83,165,1.67,-0.09
07:30:46,"[354.4, 30]","[346.11, 64]","[357.07, 42]","[366.94, 66]",355.74,202,2.67,-0.07
07:30:47,"[347.18, 33]","[345.44, 45]","[357.0, 27]","[364.71, 35]",352.09,140,9.82,0.11
07:30:48,"[345.0, 35]","[343.0, 35]","[356.57, 21]","[368.53, 34]",350.79,125,11.57,0.12
07:30:49,"[346.16, 50]","[344.17, 65]","[355.7, 60]","[365.0, 80]",350.93,255,9.54,-0.1
07:30:50,"[350.11, 18]","[348.68, 19]","[354.0, 48]","[362.75, 64]",352.06,149,3.89,-0.5
07:30:51,"[350.71, 21]","[348.16, 31]","[352.27, 45]","[361.84, 76]",351.49,173,1.55,-0.4
07:30:52,"[346.86, 14]","[343.82, 22]","[363.76, 25]","[366.74, 47]",355.31,108,16.9,-0.33
07:30:53,"[354.82, 17]","[346.0, 19]","[366.0, 42]","[367.0, 70]",360.41,148,11.18,-0.51
07:30:54,"[358.73, 11]","[352.32, 38]","[366.0, 24]","[367.0, 40]",362.36,113,7.27,-0.13
07:30:55,"[356.12, 8]","[351.79, 38]","[365.38, 24]","[366.5, 30]",360.75,100,9.25,-0.08
07:30:56,"[358.57, 14]","[356.0, 14]","[365.0, 42]","[366.0, 42]",361.79,112,6.43,-0.5
07:30:57,"[359.0, 10]","[356.0, 10]","[363.3, 30]","[367.91, 66]",361.15,116,4.3,-0.66
07:30:58,"[359.77, 13]","[352.19, 21]","[363.0, 39]","[367.96, 71]",361.38,144,3.23,-0.53
07:30:59,"[356.0, 11]","[348.0, 55]","[362.73, 33]","[365.91, 33]",359.36,132,6.73,0.0
07:31:00,"[348.67, 60]","[347.69, 36]","[355.38, 48]","[361.88, 48]",352.02,192,6.71,0.0
07:31:01,"[347.95, 63]","[342.8, 30]","[349.0, 45]","[360.33, 45]",348.48,183,1.05,0.02
07:31:02,"[347.75, 24]","[341.4, 45]","[349.0, 45]","[357.33, 45]",348.38,159,1.25,-0.13
07:31:03,"[350.73, 33]","[346.79, 14]","[351.92, 39]","[354.88, 43]",351.33,129,1.2,-0.27
07:31:04,"[360.67, 54]","[357.64, 112]","[366.86, 42]","[370.22, 64]",363.76,272,6.19,0.22
07:31:05,"[359.82, 66]","[357.78, 103]","[364.0, 42]","[367.0, 56]",361.91,267,4.18,0.27
07:31:06,"[358.0, 99]","[357.0, 44]","[366.57, 42]","[368.54, 35]",362.29,220,8.57,0.3
07:31:07,"[358.0, 84]","[357.0, 40]","[362.82, 33]","[369.23, 35]",360.41,192,4.82,0.29
07:31:08,"[358.0, 56]","[357.0, 32]","[359.0, 24]","[369.83, 36]",358.5,148,1.0,0.19
07:31:09,"[358.0, 60]","[357.0, 36]","[359.0, 27]","[371.0, 72]",358.5,195,1.0,-0.02
07:31:10,"[358.0, 48]","[357.0, 32]","[362.31, 29]","[371.1, 59]",360.16,168,4.31,-0.05
07:31:11,"[358.0, 30]","[357.0, 30]","[371.0, 40]","[373.0, 15]",364.5,115,13.0,0.04
07:31:12,"[358.0, 66]","[357.0, 66]","[370.35, 69]","[371.41, 74]",364.17,275,12.35,-0.04
07:31:13,"[358.31, 61]","[357.3, 60]","[370.0, 100]","[371.75, 48]",364.16,269,11.69,-0.1
07:31:14,"[359.0, 90]","[358.0, 90]","[369.15, 130]","[371.36, 77]",364.08,387,10.15,-0.07
07:31:15,"[361.0, 90]","[358.0, 90]","[367.71, 120]","[369.37, 57]",364.35,357,6.71,0.01
07:31:16,"[363.11, 94]","[358.84, 134]","[365.97, 93]","[369.55, 69]",364.54,390,2.86,0.17
07:31:17,"[363.18, 34]","[361.26, 86]","[365.0, 36]","[366.54, 56]",364.09,212,1.82,0.13
07:31:18,"[362.0, 74]","[358.0, 96]","[364.67, 36]","[368.42, 36]",363.33,242,2.67,0.4
07:31:19,"[362.0, 18]","[358.0, 72]","[364.0, 27]","[365.0, 27]",363.0,144,2.0,0.25
07:31:20,"[358.33, 96]","[357.59, 54]","[363.27, 45]","[365.0, 45]",360.8,240,4.93,0.25
07:31:21,"[358.0, 108]","[357.0, 32]","[360.62, 48]","[364.06, 48]",359.31,236,2.62,0.19
07:31:22,"[358.0, 41]","[357.0, 30]","[359.0, 45]","[369.53, 45]",358.5,161,1.0,-0.12
07:31:23,"[357.0, 10]","[355.52, 31]","[371.0, 15]","[374.0, 15]",364.0,71,14.0,0.15
07:31:24,"[357.0, 12]","[356.0, 24]","[370.0, 12]","[371.0, 18]",363.5,66,13.0,0.09
07:31:25,"[357.33, 36]","[356.08, 52]","[370.0, 49]","[372.25, 56]",363.67,193,12.67,-0.09
07:31:26,"[358.64, 84]","[357.0, 28]","[369.0, 28]","[370.0, 42]",363.82,182,10.36,0.23
07:31:27,"[359.58, 72]","[357.0, 24]","[369.0, 24]","[370.0, 36]",364.29,156,9.42,0.23
07:31:28,"[361.08, 72]","[357.0, 24]","[369.0, 24]","[370.0, 36]",365.04,156,7.92,0.23
07:31:29,"[362.0, 78]","[357.0, 26]","[369.0, 26]","[370.85, 39]",365.5,169,7.0,0.23
07:31:30,"[362.0, 60]","[357.0, 20]","[369.0, 20]","[371.0, 30]",365.5,130,7.0,0.23
07:31:31,"[362.0, 17]","[357.0, 24]","[369.0, 24]","[371.0, 36]",365.5,101,7.0,-0.19
07:31:32,"[362.0, 10]","[357.0, 20]","[368.1, 20]","[371.0, 30]",365.05,80,6.1,-0.25
07:31:33,"[359.71, 21]","[357.73, 22]","[367.07, 30]","[368.56, 32]",363.39,105,7.35,-0.18
07:31:34,"[356.0, 56]","[355.0, 28]","[364.5, 28]","[366.5, 28]",360.25,140,8.5,0.2
07:31:35,"[356.0, 60]","[355.0, 30]","[359.55, 40]","[361.47, 30]",357.77,160,3.55,0.12
07:31:36,"[356.0, 56]","[355.0, 31]","[357.74, 38]","[358.81, 42]",356.87,167,1.74,0.04
07:31:37,"[356.0, 20]","[355.0, 30]","[363.33, 24]","[365.32, 38]",359.67,112,7.33,-0.11
07:31:38,"[356.0, 16]","[355.0, 12]","[369.0, 24]","[371.0, 32]",362.5,84,13.0,-0.33
07:31:39,"[355.0, 12]","[353.0, 24]","[369.0, 36]","[371.0, 48]",362.0,120,14.0,-0.4
07:31:40,"[355.0, 12]","[353.0, 24]","[366.17, 36]","[368.75, 40]",360.58,112,11.17,-0.36
07:31:41,"[355.0, 7]","[353.0, 14]","[364.0, 21]","[366.43, 21]",359.5,63,9.0,-0.33
07:31:42,"[355.94, 34]","[354.6, 20]","[363.5, 50]","[366.56, 54]",359.72,158,7.56,-0.32
07:31:43,"[356.0, 22]","[355.0, 11]","[362.0, 11]","[363.0, 33]",359.0,77,6.0,-0.14
07:31:44,"[356.0, 26]","[355.0, 13]","[360.4, 20]","[361.58, 33]",358.2,92,4.4,-0.15
07:31:45,"[354.94, 32]","[349.04, 49]","[357.76, 50]","[360.62, 29]",356.35,160,2.82,0.01
07:31:46,"[352.0, 16]","[347.0, 72]","[358.43, 14]","[360.5, 12]",355.21,114,6.43,0.54
07:31:47,"[352.0, 34]","[347.0, 153]","[357.06, 34]","[360.0, 17]",354.53,238,5.06,0.57
07:31:48,"[352.0, 18]","[347.0, 81]","[356.88, 16]","[358.91, 11]",354.44,126,4.88,0.57
07:31:49,"[352.0, 30]","[347.0, 135]","[355.4, 15]","[357.19, 16]",353.7,196,3.4,0.68
07:31:50,"[352.0, 22]","[347.0, 99]","[353.36, 11]","[362.61, 23]",352.68,155,1.36,0.56
07:31:51,"[352.0, 22]","[347.0, 117]","[358.8, 20]","[367.05, 65]",355.4,224,6.8,0.24
07:31:52,"[352.98, 41]","[348.48, 44]","[366.37, 102]","[367.11, 56]",359.67,243,13.4,-0.3
07:31:53,"[355.83, 72]","[353.57, 28]","[362.85, 39]","[365.91, 108]",359.34,247,7.01,-0.19
07:31:54,"[357.0, 45]","[354.0, 42]","[362.0, 28]","[365.0, 42]",359.5,157,5.0,0.11
07:31:55,"[357.82, 17]","[354.0, 51]","[361.35, 34]","[364.68, 31]",359.59,133,3.53,0.02
07:31:56,"[358.5, 14]","[354.0, 42]","[360.0, 28]","[365.0, 42]",359.25,126,1.5,-0.11
07:31:57,"[354.88, 40]","[349.97, 38]","[363.45, 31]","[367.4, 60]",359.16,169,8.58,-0.08
07:31:58,"[359.71, 49]","[353.18, 33]","[364.38, 13]","[368.44, 64]",362.05,159,4.67,0.03
07:31:59,"[357.13, 45]","[346.8, 90]","[362.79, 14]","[369.0, 112]",359.96,261,5.65,0.03
07:32:00,"[355.81, 36]","[351.55, 33]","[361.0, 15]","[369.09, 95]",358.4,179,5.19,-0.23
07:32:01,"[356.0, 22]","[354.0, 11]","[361.0, 11]","[370.0, 33]",358.5,77,5.0,-0.14
07:32:02,"[356.47, 34]","[354.76, 21]","[359.24, 17]","[369.98, 41]",357.85,113,2.76,-0.03
07:32:03,"[356.0, 32]","[354.0, 16]","[357.0, 16]","[370.74, 31]",356.5,95,1.0,0.01
07:32:04,"[347.19, 47]","[343.25, 40]","[356.63, 19]","[372.55, 67]",351.91,173,9.44,0.01
07:32:05,"[347.0, 16]","[344.0, 8]","[356.0, 8]","[371.0, 24]",351.5,56,9.0,-0.14
07:32:06,"[345.29, 63]","[343.27, 41]","[352.38, 29]","[370.0, 45]",348.83,178,7.09,0.17
07:32:07,"[345.0, 126]","[344.0, 14]","[349.0, 70]","[352.57, 14]",347.0,224,4.0,0.25
07:32:08,"[346.34, 97]","[344.93, 129]","[348.82, 85]","[349.48, 29]",347.58,340,2.48,0.33
07:32:09,"[345.36, 110]","[342.73, 66]","[348.71, 70]","[349.33, 30]",347.04,276,3.35,0.28
07:32:10,"[345.14, 63]","[340.0, 21]","[349.63, 19]","[366.52, 23]",347.39,126,4.49,0.33
07:32:11,"[347.01, 109]","[342.69, 78]","[367.92, 63]","[370.37, 57]",357.46,307,20.91,0.22
07:32:12,"[352.63, 41]","[349.25, 32]","[369.0, 116]","[371.0, 45]",360.82,234,16.37,-0.38
07:32:13,"[347.0, 60]","[346.0, 135]","[368.15, 54]","[369.06, 95]",357.57,344,21.15,0.13
07:32:14,"[347.0, 60]","[346.0, 135]","[358.98, 46]","[367.62, 65]",352.99,306,11.98,0.27
07:32:15,"[348.05, 155]","[346.57, 105]","[352.0, 120]","[365.6, 80]",350.02,460,3.95,0.13
07:32:16,"[349.21, 114]","[348.15, 94]","[351.82, 51]","[356.44, 82]",350.52,341,2.61,0.22
07:32:17,"[353.79, 76]","[348.38, 84]","[356.41, 51]","[358.53, 76]",355.1,287,2.62,0.11
07:32:18,"[361.26, 70]","[358.9, 60]","[365.43, 89]","[366.34, 109]",363.34,328,4.17,-0.21
07:32:19,"[363.0, 13]","[361.0, 78]","[366.0, 104]","[367.0, 91]",364.5,286,3.0,-0.36
07:32:20,"[363.0, 9]","[361.0, 62]","[366.0, 72]","[367.0, 63]",364.5,206,3.0,-0.31
07:32:21,"[363.0, 8]","[361.0, 80]","[365.85, 52]","[366.84, 50]",364.42,190,2.85,-0.07
07:32:22,"[363.0, 12]","[361.0, 120]","[365.0, 48]","[366.0, 72]",364.0,252,2.0,0.05
07:32:23,"[363.0, 7]","[361.0, 70]","[365.0, 28]","[366.0, 28]",364.0,133,2.0,0.16
07:32:24,"[363.0, 9]","[361.0, 90]","[365.0, 36]","[366.0, 36]",364.0,171,2.0,0.16
07:32:25,"[363.0, 11]","[361.0, 110]","[364.62, 39]","[365.55, 44]",363.81,204,1.62,0.19
07:32:26,"[361.26, 23]","[359.75, 40]","[364.47, 17]","[365.4, 20]",362.87,100,3.21,0.26
07:32:27,"[361.0, 110]","[356.41, 59]","[365.0, 44]","[366.55, 44]",363.0,257,4.0,0.32
07:32:28,"[361.0, 130]","[357.0, 102]","[365.0, 77]","[367.0, 52]",363.0,361,4.0,0.29
07:32:29,"[361.0, 90]","[357.0, 90]","[364.71, 28]","[366.11, 36]",362.86,244,3.71,0.48
07:32:30,"[361.0, 130]","[357.0, 130]","[363.69, 26]","[365.23, 52]",362.35,338,2.69,0.54
07:32:31,"[361.0, 98]","[357.0, 140]","[364.32, 38]","[366.36, 56]",362.66,332,3.32,0.43
07:32:32,"[361.0, 32]","[357.0, 80]","[366.0, 32]","[367.0, 32]",363.5,176,5.0,0.27
07:32:33,"[361.0, 16]","[357.0, 100]","[364.69, 39]","[365.82, 34]",362.85,189,3.69,0.23
07:32:34,"[357.24, 85]","[356.56, 90]","[362.63, 43]","[363.46, 48]",359.93,266,5.39,0.32
07:32:35,"[357.0, 90]","[356.0, 45]","[359.69, 29]","[360.65, 34]",358.34,198,2.69,0.36
07:32:36,"[357.0, 108]","[356.0, 75]","[361.0, 58]","[369.52, 73]",359.0,314,4.0,0.17
07:32:37,"[356.0, 15]","[355.0, 9]","[372.0, 12]","[373.0, 30]",364.0,66,16.0,-0.27
07:32:38,"[356.71, 17]","[355.85, 41]","[372.0, 36]","[373.0, 52]",364.35,146,15.29,-0.21
07:32:39,"[356.36, 22]","[355.43, 47]","[372.0, 52]","[373.0, 60]",364.18,181,15.64,-0.24
07:32:40,"[355.92, 25]","[348.83, 46]","[365.04, 68]","[368.33, 51]",360.48,190,9.12,-0.25
07:32:41,"[355.0, 44]","[354.0, 11]","[362.36, 55]","[373.0, 22]",358.68,132,7.36,-0.17
07:32:42,"[355.0, 44]","[354.0, 11]","[361.64, 55]","[373.84, 38]",358.32,148,6.64,-0.26
07:32:43,"[354.77, 31]","[345.44, 27]","[360.54, 65]","[373.19, 42]",357.66,165,5.76,-0.3
07:32:44,"[354.0, 9]","[343.0, 27]","[359.67, 45]","[366.71, 28]",356.83,109,5.67,-0.34
07:32:45,"[354.0, 9]","[343.0, 27]","[358.56, 45]","[366.0, 27]",356.28,108,4.56,-0.33
07:32:46,"[354.0, 13]","[343.0, 39]","[357.54, 65]","[366.0, 39]",355.77,156,3.54,-0.33
07:32:47,"[351.8, 15]","[342.76, 41]","[355.64, 53]","[358.74, 62]",353.72,171,3.84,-0.35
07:32:48,"[343.0, 42]","[341.0, 70]","[356.45, 22]","[358.17, 69]",349.73,203,13.45,0.1
07:32:49,"[343.0, 27]","[341.0, 45]","[355.33, 9]","[357.0, 45]",349.17,126,12.33,0.14
07:32:50,"[343.0, 39]","[341.0, 65]","[352.07, 29]","[354.22, 49]",347.53,182,9.07,0.14
07:32:51,"[343.59, 17]","[341.29, 41]","[349.59, 17]","[350.05, 37]",346.59,112,6.0,0.04
07:32:52,"[345.0, 14]","[341.26, 70]","[348.43, 14]","[350.0, 79]",346.71,177,3.43,-0.05
07:32:53,"[343.0, 52]","[339.85, 82]","[349.97, 61]","[351.33, 18]",346.48,213,6.97,0.26
07:32:54,"[343.0, 44]","[339.0, 44]","[350.0, 47]","[352.0, 11]",346.5,146,7.0,0.21
07:32:55,"[344.85, 26]","[342.38, 52]","[357.31, 32]","[361.68, 44]",351.08,154,12.47,0.01
07:32:56,"[346.05, 38]","[341.0, 76]","[353.05, 65]","[356.36, 66]",349.55,245,6.99,-0.07
07:32:57,"[348.29, 48]","[342.75, 64]","[352.0, 100]","[354.71, 70]",350.15,282,3.71,-0.21
07:32:58,"[345.43, 56]","[343.16, 44]","[351.97, 77]","[353.71, 35]",348.7,212,6.55,-0.06
07:32:59,"[341.84, 61]","[339.64, 44]","[352.0, 55]","[355.82, 22]",346.92,182,10.16,0.15
07:33:00,"[342.0, 84]","[338.0, 48]","[352.0, 60]","[356.0, 24]",347.0,216,10.0,0.22
07:33:01,"[344.04, 77]","[342.81, 37]","[350.81, 59]","[353.93, 59]",347.43,232,6.77,-0.02
07:33:02,"[346.15, 65]","[343.0, 26]","[352.57, 49]","[358.7, 47]",349.36,187,6.42,-0.03
07:33:03,"[349.65, 65]","[348.05, 60]","[359.0, 15]","[361.0, 75]",354.32,215,9.35,0.16
07:33:04,"[358.33, 30]","[356.19, 63]","[360.75, 40]","[361.46, 46]",359.54,179,2.42,0.04
07:33:05,"[358.78, 27]","[356.34, 59]","[362.5, 36]","[404.21, 28]",360.64,150,3.72,0.15
07:33:06,"[356.2, 60]","[351.64, 44]","[437.28, 29]","[481.5, 30]",396.74,163,81.08,0.28
07:33:07,"[356.6, 40]","[354.08, 50]","[359.0, 40]","[584.35, 34]",357.8,164,2.4,0.1
07:33:08,"[358.0, 24]","[356.0, 84]","[359.0, 48]","[566.58, 24]",358.5,180,1.0,0.2
07:33:09,"[357.55, 31]","[355.72, 86]","[359.0, 52]","[378.0, 13]",358.27,182,1.45,0.29
07:33:10,"[356.0, 49]","[344.0, 14]","[359.0, 28]","[439.33, 15]",357.5,106,3.0,0.19
07:33:11,"[356.0, 69]","[344.0, 22]","[359.0, 44]","[418.85, 47]",357.5,182,3.0,0.0
07:33:12,"[356.0, 84]","[344.0, 24]","[359.0, 48]","[364.0, 48]",357.5,204,3.0,0.06
07:33:13,"[356.0, 83]","[347.75, 16]","[359.0, 44]","[364.0, 44]",357.5,187,3.0,0.06
07:33:14,"[356.0, 71]","[344.83, 24]","[358.1, 40]","[359.38, 52]",357.05,187,2.1,0.02
07:33:15,"[356.0, 8]","[344.0, 8]","[358.0, 12]","[361.0, 16]",357.0,44,2.0,-0.27
07:33:16,"[356.0, 26]","[344.0, 26]","[357.0, 39]","[361.77, 52]",356.5,143,1.0,-0.27
07:33:17,"[346.82, 22]","[342.55, 22]","[360.43, 42]","[365.09, 44]",353.62,130,13.61,-0.32
07:33:18,"[345.79, 28]","[340.86, 28]","[360.91, 57]","[365.64, 56]",353.35,169,15.13,-0.34
07:33:19,"[347.27, 22]","[340.0, 22]","[357.56, 27]","[359.65, 23]",352.41,94,10.28,-0.06
07:33:20,"[351.0, 28]","[348.67, 24]","[356.76, 51]","[359.0, 17]",353.88,120,5.76,-0.13
07:33:21,"[349.28, 94]","[344.37, 51]","[358.54, 82]","[362.81, 31]",353.91,258,9.26,0.12
07:33:22,"[357.0, 104]","[341.07, 69]","[360.0, 57]","[368.0, 52]",358.5,282,3.0,0.23
07:33:23,"[357.0, 88]","[342.0, 11]","[359.91, 89]","[363.83, 46]",358.46,234,2.91,-0.15
07:33:24,"[357.0, 112]","[342.0, 17]","[358.55, 29]","[360.39, 76]",357.78,234,1.55,0.1
07:33:25,"[357.0, 25]","[345.0, 64]","[364.81, 36]","[371.67, 33]",360.9,158,7.81,0.13
07:33:26,"[357.0, 30]","[344.82, 68]","[365.0, 76]","[371.8, 45]",361.0,219,8.0,-0.11
07:33:27,"[357.0, 8]","[342.0, 4]","[365.0, 28]","[371.8, 15]",361.0,55,8.0,-0.56
07:33:28,"[357.0, 26]","[341.93, 56]","[365.0, 67]","[368.17, 41]",361.0,190,8.0,-0.14
07:33:29,"[357.0, 12]","[353.29, 31]","[365.0, 30]","[371.36, 22]",361.0,95,8.0,-0.09
07:33:30,"[357.0, 12]","[356.0, 30]","[365.0, 30]","[373.0, 24]",361.0,96,8.0,-0.12
07:33:31,"[357.4, 10]","[356.35, 23]","[364.91, 33]","[371.62, 29]",361.15,95,7.51,-0.31
07:33:32,"[356.03, 76]","[345.17, 36]","[362.84, 50]","[364.17, 72]",359.43,234,6.81,-0.04
07:33:33,"[356.2, 44]","[353.39, 59]","[360.0, 78]","[362.0, 64]",358.1,245,3.8,-0.16
07:33:34,"[356.65, 17]","[355.25, 59]","[358.59, 54]","[360.11, 76]",357.62,206,1.95,-0.26
07:33:35,"[355.24, 29]","[344.45, 22]","[357.13, 31]","[358.98, 41]",356.19,123,1.89,-0.17
07:33:36,"[345.0, 16]","[342.0, 32]","[358.0, 32]","[366.0, 40]",351.5,120,13.0,-0.2
07:33:37,"[345.0, 16]","[342.0, 32]","[358.0, 32]","[367.75, 40]",351.5,120,13.0,-0.2
07:33:38,"[345.0, 20]","[342.0, 40]","[356.21, 29]","[361.74, 38]",350.6,127,11.21,-0.06
07:33:39,"[345.46, 26]","[342.53, 34]","[348.0, 18]","[352.21, 19]",346.73,97,2.54,0.24
07:33:40,"[346.0, 36]","[342.0, 41]","[349.78, 9]","[351.89, 9]",347.89,95,3.78,0.62
07:33:41,"[347.39, 62]","[344.35, 74]","[355.35, 34]","[357.31, 16]",351.37,186,7.97,0.46
07:33:42,"[350.71, 68]","[349.71, 68]","[355.96, 50]","[357.73, 45]",353.33,231,5.25,0.18
07:33:43,"[352.18, 44]","[350.0, 44]","[355.0, 33]","[360.23, 39]",353.59,160,2.82,0.1
07:33:44,"[351.14, 37]","[342.91, 44]","[359.83, 35]","[363.11, 19]",355.48,135,8.69,0.2
07:33:45,"[353.66, 38]","[346.95, 38]","[363.0, 30]","[365.0, 10]",358.33,116,9.34,0.31
07:33:46,"[358.0, 119]","[356.0, 51]","[361.42, 66]","[364.93, 81]",359.71,317,3.42,0.07
07:33:47,"[358.04, 76]","[356.78, 54]","[359.5, 56]","[362.36, 53]",358.77,239,1.46,0.09
07:33:48,"[358.0, 57]","[356.0, 57]","[360.87, 76]","[367.74, 62]",359.43,252,2.87,-0.1
07:33:49,"[359.6, 75]","[348.87, 55]","[367.78, 64]","[369.6, 45]",363.69,239,8.18,0.09
07:33:50,"[361.0, 180]","[356.33, 45]","[364.87, 30]","[367.0, 60]",362.93,315,3.87,0.43
07:33:51,"[361.0, 88]","[357.0, 30]","[364.0, 20]","[367.0, 40]",362.5,178,3.0,0.33
07:33:52,"[361.0, 88]","[357.0, 33]","[362.64, 22]","[367.0, 44]",361.82,187,1.64,0.29
07:33:53,"[361.0, 100]","[357.0, 48]","[362.0, 31]","[368.12, 64]",361.5,243,1.0,0.22
07:33:54,"[361.0, 36]","[357.0, 27]","[367.33, 21]","[370.0, 40]",364.17,124,6.33,0.02
07:33:55,"[361.0, 24]","[357.0, 18]","[369.0, 24]","[371.0, 30]",365.0,96,8.0,-0.12
07:33:56,"[361.0, 32]","[357.0, 24]","[369.0, 32]","[371.0, 40]",365.0,128,8.0,-0.12
07:33:57,"[361.0, 48]","[357.0, 36]","[369.0, 48]","[371.0, 60]",365.0,192,8.0,-0.12
07:33:58,"[361.0, 17]","[357.0, 24]","[369.0, 32]","[371.0, 40]",365.0,113,8.0,-0.27
07:33:59,"[359.15, 13]","[356.5, 42]","[369.0, 40]","[371.0, 50]",364.08,145,9.85,-0.24
07:34:00,"[357.0, 20]","[356.0, 70]","[369.0, 40]","[371.35, 46]",363.0,176,12.0,0.02
07:34:01,"[360.08, 52]","[356.28, 58]","[369.22, 54]","[372.07, 56]",364.65,220,9.15,0.0
07:34:02,"[361.0, 65]","[357.0, 26]","[369.0, 39]","[371.9, 49]",365.0,179,8.0,0.02
07:34:03,"[361.0, 40]","[357.0, 16]","[369.0, 24]","[371.0, 24]",365.0,104,8.0,0.08
07:34:04,"[361.0, 42]","[357.0, 18]","[369.0, 27]","[371.0, 27]",365.0,114,8.0,0.05
07:34:05,"[361.6, 20]","[360.2, 20]","[369.0, 18]","[371.0, 18]",365.3,76,7.4,0.05
07:34:06,"[362.92, 36]","[361.0, 48]","[369.0, 36]","[371.0, 36]",365.96,156,6.08,0.08
07:34:07,"[363.0, 30]","[361.0, 40]","[369.0, 30]","[371.0, 30]",366.0,130,6.0,0.08
07:34:08,"[363.0, 27]","[361.0, 36]","[369.0, 27]","[371.0, 27]",366.0,117,6.0,0.08
07:34:09,"[363.0, 27]","[361.0, 36]","[369.0, 27]","[371.0, 27]",366.0,117,6.0,0.08
07:34:10,"[363.0, 9]","[361.0, 28]","[369.0, 21]","[371.0, 21]",366.0,79,6.0,-0.06
07:34:11,"[363.0, 5]","[361.0, 20]","[368.67, 9]","[369.8, 15]",365.83,49,5.67,0.02
07:34:12,"[361.29, 28]","[359.04, 46]","[367.3, 10]","[370.18, 51]",364.29,135,6.01,0.1
07:34:13,"[361.1, 31]","[358.77, 47]","[367.0, 10]","[371.0, 82]",364.05,170,5.9,-0.08
07:34:14,"[362.0, 14]","[361.0, 56]","[364.86, 14]","[371.35, 68]",363.43,152,2.86,-0.08
07:34:15,"[358.05, 86]","[357.0, 46]","[362.17, 18]","[368.83, 36]",360.11,186,4.12,0.42
07:34:16,"[358.0, 60]","[357.0, 24]","[360.25, 12]","[362.0, 12]",359.12,108,2.25,0.56
07:34:17,"[358.0, 45]","[357.0, 18]","[359.0, 9]","[362.0, 9]",358.5,81,1.0,0.56
07:34:18,"[358.0, 25]","[357.0, 10]","[359.0, 5]","[362.0, 5]",358.5,45,1.0,0.56
07:34:19,"[358.0, 43]","[357.0, 20]","[361.0, 13]","[370.25, 16]",359.5,92,3.0,0.37
07:34:20,"[357.72, 50]","[356.39, 46]","[359.9, 31]","[368.3, 56]",358.81,183,2.18,0.05
07:34:21,"[356.59, 34]","[355.0, 48]","[359.0, 14]","[372.61, 62]",357.79,158,2.41,0.04
07:34:22,"[356.0, 44]","[349.61, 28]","[359.0, 10]","[371.0, 30]",357.5,112,3.0,0.29
07:34:23,"[355.85, 41]","[351.32, 28]","[357.32, 34]","[369.0, 36]",356.59,139,1.47,-0.01
07:34:24,"[352.44, 16]","[347.85, 68]","[355.92, 12]","[364.5, 20]",354.18,116,3.48,0.45
07:34:25,"[353.75, 40]","[349.59, 44]","[368.26, 38]","[369.8, 30]",361.01,152,14.51,0.11
07:34:26,"[357.0, 14]","[356.0, 28]","[369.8, 15]","[370.9, 20]",363.4,77,12.8,0.09
07:34:27,"[360.42, 38]","[359.32, 69]","[369.54, 41]","[370.77, 43]",364.98,191,9.12,0.12
07:34:28,"[362.0, 24]","[361.0, 60]","[368.49, 51]","[369.3, 33]",365.25,168,6.49,0.0
07:34:29,"[362.0, 28]","[361.0, 70]","[365.88, 64]","[368.33, 46]",363.94,208,3.88,-0.06
07:34:30,"[361.12, 67]","[359.3, 46]","[366.25, 69]","[370.79, 61]",363.68,243,5.13,-0.07
07:34:31,"[361.0, 24]","[358.0, 24]","[371.0, 60]","[376.0, 36]",366.0,144,10.0,-0.33
07:34:32,"[360.0, 24]","[357.4, 40]","[369.42, 65]","[370.16, 55]",364.71,184,9.42,-0.3
07:34:33,"[358.0, 7]","[357.0, 21]","[366.79, 28]","[368.1, 30]",362.39,86,8.79,-0.35
07:34:34,"[357.13, 31]","[356.25, 48]","[364.5, 60]","[365.91, 57]",360.81,196,7.37,-0.19
07:34:35,"[357.0, 36]","[356.0, 48]","[360.67, 52]","[361.45, 53]",358.84,189,3.67,-0.11
07:34:36,"[356.11, 54]","[349.12, 111]","[358.04, 45]","[359.79, 75]",357.08,285,1.93,0.16
07:34:37,"[353.0, 60]","[348.85, 111]","[357.02, 66]","[366.92, 50]",355.01,287,4.02,0.19
07:34:38,"[348.69, 87]","[347.56, 108]","[355.79, 70]","[372.0, 60]",352.24,325,7.1,0.2
07:34:39,"[348.0, 81]","[347.0, 54]","[352.33, 45]","[364.64, 47]",350.17,227,4.33,0.19
07:34:40,"[348.0, 72]","[347.0, 48]","[354.12, 40]","[366.88, 33]",351.06,193,6.12,0.24
07:34:41,"[348.17, 84]","[347.5, 76]","[354.0, 36]","[368.22, 27]",351.08,223,5.83,0.43
07:34:42,"[350.87, 15]","[349.07, 57]","[354.0, 26]","[366.0, 13]",352.43,111,3.13,0.3
07:34:43,"[351.46, 24]","[348.5, 72]","[363.33, 18]","[366.97, 72]",357.4,186,11.88,0.03
07:34:44,"[354.7, 46]","[351.22, 64]","[361.64, 22]","[366.83, 42]",358.17,174,6.94,0.26
07:34:45,"[359.0, 20]","[356.0, 28]","[366.18, 51]","[367.75, 60]",362.59,159,7.18,-0.4
07:34:46,"[361.11, 18]","[355.68, 37]","[366.23, 65]","[368.0, 58]",363.67,178,5.12,-0.38
07:34:47,"[360.0, 13]","[355.0, 52]","[365.53, 38]","[366.62, 65]",362.76,168,5.53,-0.23
07:34:48,"[354.06, 47]","[350.79, 85]","[363.69, 32]","[365.5, 40]",358.88,204,9.62,0.29
07:34:49,"[357.0, 33]","[353.0, 66]","[363.0, 44]","[364.0, 22]",360.0,165,6.0,0.2
07:34:50,"[357.0, 42]","[353.0, 84]","[360.07, 28]","[363.0, 56]",358.54,210,3.07,0.2
07:34:51,"[357.0, 12]","[353.0, 48]","[362.29, 28]","[366.16, 38]",359.64,126,5.29,-0.05
07:34:52,"[357.0, 12]","[353.0, 72]","[362.58, 48]","[369.0, 60]",359.79,192,5.58,-0.12
07:34:53,"[357.0, 19]","[353.0, 114]","[360.47, 76]","[368.95, 62]",358.74,271,3.47,-0.02
07:34:54,"[354.88, 17]","[352.76, 51]","[358.0, 44]","[370.27, 37]",356.44,149,3.12,-0.09
07:34:55,"[353.0, 11]","[349.0, 11]","[358.0, 44]","[370.0, 55]",355.5,121,5.0,-0.64
07:34:56,"[353.0, 10]","[349.0, 10]","[358.0, 40]","[370.0, 50]",355.5,110,5.0,-0.64
07:34:57,"[346.0, 40]","[344.0, 64]","[357.29, 28]","[365.38, 32]",351.64,164,11.29,0.27
07:34:58,"[346.0, 100]","[344.0, 160]","[353.84, 45]","[354.27, 66]",349.92,371,7.84,0.4
07:34:59,"[346.0, 70]","[344.04, 100]","[351.15, 40]","[356.3, 43]",348.57,253,5.15,0.34
07:35:00,"[346.0, 35]","[344.09, 44]","[362.0, 14]","[364.0, 7]",354.0,100,16.0,0.58
07:35:01,"[346.0, 45]","[344.0, 72]","[362.0, 18]","[364.0, 9]",354.0,144,16.0,0.62
07:35:02,"[345.47, 60]","[343.2, 90]","[362.71, 31]","[365.5, 16]",354.09,197,17.24,0.52
07:35:03,"[349.71, 181]","[346.58, 104]","[360.1, 63]","[362.46, 50]",354.9,398,10.38,0.43
07:35:04,"[350.0, 154]","[346.0, 100]","[354.44, 54]","[358.79, 42]",352.22,350,4.44,0.45
07:35:05,"[350.0, 110]","[346.0, 40]","[354.0, 40]","[360.0, 30]",352.0,220,4.0,0.36
07:35:06,"[350.7, 110]","[346.0, 40]","[352.1, 40]","[361.38, 34]",351.4,224,1.4,0.34
07:35:07,"[351.0, 144]","[345.81, 64]","[357.56, 72]","[362.38, 64]",354.28,344,6.56,0.21
07:35:08,"[351.0, 98]","[345.75, 32]","[361.81, 62]","[362.89, 37]",356.4,229,10.81,0.14
07:35:09,"[352.35, 52]","[349.47, 94]","[361.0, 80]","[363.0, 38]",356.67,264,8.65,0.11
07:35:10,"[359.67, 72]","[354.5, 28]","[361.0, 80]","[363.0, 32]",360.33,212,1.33,-0.06
07:35:11,"[360.0, 60]","[358.0, 12]","[362.09, 33]","[363.82, 33]",361.05,138,2.09,0.04
07:35:12,"[361.0, 45]","[358.0, 9]","[363.0, 18]","[364.0, 27]",362.0,99,2.0,0.09
07:35:13,"[361.0, 50]","[358.0, 10]","[363.0, 20]","[364.0, 30]",362.0,110,2.0,0.09
07:35:14,"[361.91, 55]","[358.0, 11]","[363.0, 22]","[364.0, 33]",362.45,121,1.09,0.09
07:35:15,"[359.52, 33]","[357.36, 25]","[363.95, 38]","[365.6, 15]",361.73,111,4.43,0.05
07:35:16,"[359.64, 66]","[355.85, 26]","[363.53, 34]","[364.22, 54]",361.58,180,3.89,0.02
07:35:17,"[351.87, 30]","[345.51, 97]","[360.56, 18]","[363.25, 24]",356.21,169,8.69,0.5
07:35:18,"[346.53, 17]","[345.95, 73]","[359.57, 14]","[360.25, 16]",353.05,120,13.04,0.5
07:35:19,"[347.0, 10]","[346.0, 76]","[348.0, 25]","[352.25, 16]",347.5,127,1.0,0.35
07:35:20,"[347.0, 10]","[344.5, 40]","[349.78, 18]","[356.0, 12]",348.39,80,2.78,0.25
07:35:21,"[344.81, 32]","[342.32, 53]","[348.74, 38]","[352.47, 17]",346.77,140,3.92,0.21
07:35:22,"[343.0, 36]","[336.0, 9]","[346.0, 36]","[351.56, 9]",344.5,90,3.0,0.0
07:35:23,"[343.0, 40]","[336.0, 10]","[346.0, 40]","[349.22, 27]",344.5,117,3.0,-0.15
07:35:24,"[343.0, 52]","[336.0, 13]","[346.0, 52]","[349.0, 65]",344.5,182,3.0,-0.29
07:35:25,"[358.0, 68]","[348.21, 78]","[363.0, 54]","[365.0, 54]",360.5,254,5.0,0.15
07:35:26,"[360.0, 18]","[341.36, 25]","[363.0, 30]","[365.0, 30]",361.5,103,3.0,-0.17
07:35:27,"[360.0, 7]","[339.0, 28]","[363.0, 21]","[364.31, 29]",361.5,85,3.0,-0.18
07:35:28,"[360.0, 4]","[339.0, 16]","[363.0, 12]","[364.0, 20]",361.5,52,3.0,-0.23
07:35:29,"[360.0, 9]","[343.62, 39]","[363.0, 27]","[364.0, 45]",361.5,120,3.0,-0.2
07:35:30,"[360.91, 69]","[347.65, 34]","[363.0, 36]","[364.0, 60]",361.96,199,2.09,0.04
07:35:31,"[361.0, 81]","[360.0, 18]","[363.0, 27]","[364.0, 45]",362.0,171,2.0,0.16
07:35:32,"[361.0, 59]","[360.0, 14]","[362.44, 27]","[363.69, 29]",361.72,129,1.44,0.13
07:35:33,"[361.0, 98]","[360.0, 28]","[362.0, 70]","[363.0, 42]",361.5,238,1.0,0.06
07:35:34,"[360.84, 25]","[357.33, 30]","[361.73, 55]","[363.14, 35]",361.28,145,0.89,-0.24
07:35:35,"[355.0, 48]","[354.0, 24]","[364.89, 90]","[367.08, 36]",359.94,198,9.89,-0.27
07:35:36,"[355.0, 52]","[354.0, 26]","[364.52, 77]","[365.82, 62]",359.76,217,9.52,-0.28
07:35:37,"[355.0, 63]","[354.0, 24]","[363.43, 63]","[364.59, 54]",359.21,204,8.43,-0.15
07:35:38,"[355.0, 63]","[354.0, 18]","[362.22, 36]","[365.0, 45]",358.61,162,7.22,0.0
07:35:39,"[355.16, 77]","[354.27, 30]","[361.0, 52]","[363.46, 65]",358.08,224,5.84,-0.04
07:35:40,"[356.83, 36]","[354.96, 46]","[361.0, 48]","[363.0, 60]",358.92,190,4.17,-0.14
07:35:41,"[354.71, 17]","[353.09, 93]","[361.0, 36]","[363.0, 45]",357.85,191,6.29,0.15
07:35:42,"[354.4, 5]","[353.02, 52]","[361.0, 16]","[363.0, 20]",357.7,93,6.6,0.23
07:35:43,"[355.0, 20]","[354.0, 10]","[361.0, 40]","[363.0, 50]",358.0,120,6.0,-0.5
07:35:44,"[357.27, 22]","[354.62, 16]","[361.86, 21]","[364.18, 56]",359.56,115,4.58,-0.34
07:35:45,"[355.5, 20]","[353.09, 67]","[362.0, 62]","[371.09, 46]",358.75,195,6.5,-0.11
07:35:46,"[353.5, 32]","[344.14, 88]","[361.67, 18]","[363.83, 36]",357.58,174,8.17,0.38
07:35:47,"[353.0, 15]","[340.0, 150]","[359.5, 10]","[361.83, 30]",356.25,205,6.5,0.61
07:35:48,"[353.0, 4]","[340.0, 60]","[358.0, 4]","[361.0, 4]",355.5,72,5.0,0.78
07:35:49,"[353.0, 13]","[340.0, 195]","[357.62, 16]","[360.31, 13]",355.31,237,4.62,0.76
07:35:50,"[353.0, 14]","[340.0, 210]","[356.53, 19]","[357.35, 23]",354.76,266,3.53,0.68
07:35:51,"[342.55, 56]","[339.8, 183]","[354.29, 28]","[357.29, 14]",348.42,281,11.73,0.7
07:35:52,"[340.0, 120]","[338.0, 48]","[349.59, 34]","[355.14, 14]",344.79,216,9.59,0.56
07:35:53,"[340.0, 195]","[338.0, 78]","[349.0, 65]","[352.15, 26]",344.5,364,9.0,0.5
07:35:54,"[340.0, 120]","[338.0, 48]","[349.0, 40]","[350.0, 16]",344.5,224,9.0,0.5
07:35:55,"[340.0, 165]","[338.0, 66]","[349.0, 55]","[350.0, 22]",344.5,308,9.0,0.5
07:35:56,"[340.28, 195]","[339.06, 141]","[349.0, 32]","[350.0, 32]",344.64,400,8.72,0.68
07:35:57,"[342.0, 54]","[340.0, 135]","[349.0, 9]","[350.0, 18]",345.5,216,7.0,0.75
07:35:58,"[344.4, 90]","[339.72, 71]","[357.4, 15]","[360.36, 33]",350.9,209,13.0,0.54
07:35:59,"[346.15, 78]","[338.87, 23]","[363.0, 13]","[365.15, 26]",354.58,140,16.85,0.44
07:36:00,"[347.0, 78]","[339.0, 26]","[361.76, 21]","[363.56, 18]",354.38,143,14.76,0.45
07:36:01,"[352.19, 64]","[347.1, 58]","[359.37, 38]","[361.0, 35]",355.78,195,7.18,0.25
07:36:02,"[358.33, 60]","[357.0, 45]","[361.4, 30]","[363.33, 18]",359.87,153,3.07,0.37
07:36:03,"[358.2, 51]","[355.92, 52]","[362.0, 40]","[365.79, 38]",360.1,181,3.8,0.14
07:36:04,"[359.07, 28]","[357.0, 42]","[362.0, 28]","[365.0, 70]",360.54,168,2.93,-0.17
07:36:05,"[360.0, 24]","[353.0, 36]","[362.0, 24]","[365.0, 93]",361.0,177,2.0,-0.32
07:36:06,"[360.0, 18]","[356.56, 27]","[362.0, 18]","[365.0, 54]",361.0,117,2.0,-0.23
07:36:07,"[360.54, 26]","[358.0, 39]","[363.58, 38]","[365.63, 57]",362.06,160,3.04,-0.19
07:36:08,"[362.77, 44]","[360.71, 31]","[365.0, 75]","[368.0, 45]",363.89,195,2.23,-0.23
07:36:09,"[362.1, 10]","[358.26, 23]","[365.0, 40]","[368.0, 24]",363.55,97,2.9,-0.32
07:36:10,"[362.0, 10]","[358.0, 30]","[364.0, 50]","[366.83, 60]",363.0,150,2.0,-0.47
07:36:11,"[358.0, 26]","[356.0, 26]","[362.59, 29]","[364.15, 55]",360.29,136,4.59,-0.24
07:36:12,"[358.0, 20]","[356.0, 26]","[361.62, 26]","[365.16, 44]",359.81,116,3.62,-0.21
07:36:13,"[358.0, 28]","[356.0, 112]","[361.0, 70]","[373.79, 42]",359.5,252,3.0,0.11
07:36:14,"[358.0, 24]","[356.0, 96]","[360.57, 54]","[368.7, 50]",359.29,224,2.57,0.07
07:36:15,"[356.09, 86]","[354.28, 115]","[358.07, 30]","[367.19, 62]",357.08,293,1.97,0.37
07:36:16,"[356.0, 66]","[354.0, 135]","[364.38, 61]","[369.94, 51]",360.19,313,8.38,0.28
07:36:17,"[356.1, 30]","[354.07, 84]","[367.42, 36]","[369.41, 46]",361.76,196,11.32,0.16
07:36:18,"[359.3, 40]","[354.97, 96]","[365.67, 54]","[368.0, 90]",362.48,280,6.37,-0.03
07:36:19,"[356.0, 19]","[354.0, 171]","[362.68, 57]","[368.0, 95]",359.34,342,6.68,0.11
07:36:20,"[356.0, 7]","[354.0, 63]","[361.0, 21]","[369.79, 47]",358.5,138,5.0,0.01
07:36:21,"[356.0, 10]","[354.0, 90]","[361.0, 30]","[370.0, 70]",358.5,200,5.0,0.0
07:36:22,"[355.52, 21]","[353.87, 149]","[359.29, 51]","[369.87, 113]",357.41,334,3.77,0.02
07:36:23,"[356.33, 27]","[354.03, 77]","[369.08, 85]","[372.63, 115]",362.71,304,12.75,-0.32
07:36:24,"[358.94, 35]","[357.83, 70]","[370.0, 75]","[371.35, 79]",364.47,259,11.06,-0.19
07:36:25,"[361.93, 14]","[360.05, 19]","[370.0, 70]","[371.0, 70]",365.96,173,8.07,-0.62
07:36:26,"[362.0, 13]","[361.0, 13]","[369.87, 63]","[370.85, 65]",365.94,154,7.87,-0.66
07:36:27,"[362.0, 16]","[361.0, 16]","[368.86, 84]","[370.13, 68]",365.43,184,6.86,-0.65
07:36:28,"[362.92, 39]","[361.8, 15]","[367.13, 62]","[369.0, 75]",365.03,191,4.21,-0.43
07:36:29,"[363.0, 51]","[362.0, 17]","[366.14, 70]","[371.35, 49]",364.57,187,3.14,-0.27
07:36:30,"[363.0, 30]","[362.0, 10]","[366.0, 40]","[372.0, 30]",364.5,110,3.0,-0.27
07:36:31,"[361.92, 13]","[358.71, 31]","[366.0, 44]","[372.0, 33]",363.96,121,4.08,-0.27
07:36:32,"[361.0, 10]","[358.0, 60]","[365.2, 40]","[372.0, 30]",363.1,140,4.2,0.0
07:36:33,"[361.0, 9]","[358.0, 54]","[363.33, 36]","[372.11, 27]",362.17,126,2.33,0.0
07:36:34,"[358.43, 14]","[357.33, 36]","[362.88, 32]","[372.0, 24]",360.65,106,4.45,-0.06
07:36:35,"[358.0, 32]","[357.0, 64]","[360.88, 64]","[372.0, 48]",359.44,208,2.88,-0.08
07:36:36,"[357.08, 48]","[356.11, 74]","[359.92, 52]","[372.0, 39]",358.5,213,2.84,0.15
07:36:37,"[356.3, 40]","[353.6, 90]","[357.55, 44]","[371.83, 54]",356.92,228,1.25,0.14
07:36:38,"[353.17, 124]","[351.82, 104]","[364.91, 75]","[370.15, 88]",359.04,391,11.74,0.17
07:36:39,"[353.0, 108]","[350.0, 12]","[366.56, 34]","[366.96, 28]",359.78,182,13.56,0.32
07:36:40,"[353.0, 135]","[350.0, 15]","[361.07, 43]","[362.14, 29]",357.03,222,8.07,0.35
07:36:41,"[353.0, 70]","[350.0, 12]","[358.41, 22]","[359.32, 34]",355.7,138,5.41,0.19
07:36:42,"[353.26, 61]","[352.07, 29]","[355.69, 39]","[358.0, 13]",354.48,142,2.43,0.27
07:36:43,"[353.17, 66]","[348.24, 140]","[356.67, 18]","[365.26, 47]",354.92,271,3.5,0.52
07:36:44,"[353.5, 28]","[350.77, 43]","[355.64, 28]","[366.75, 28]",354.57,127,2.14,0.12
07:36:45,"[354.91, 88]","[352.85, 39]","[365.62, 40]","[371.29, 51]",360.27,218,10.72,0.17
07:36:46,"[357.0, 72]","[354.73, 52]","[368.0, 37]","[371.25, 36]",362.5,197,11.0,0.26
07:36:47,"[358.0, 72]","[353.0, 12]","[368.23, 39]","[371.08, 36]",363.12,159,10.23,0.06
07:36:48,"[358.0, 54]","[355.59, 29]","[368.44, 41]","[371.22, 27]",363.22,151,10.44,0.1
07:36:49,"[358.68, 65]","[355.95, 56]","[368.0, 60]","[371.0, 36]",363.34,217,9.32,0.12
07:36:50,"[356.35, 69]","[355.31, 39]","[365.67, 60]","[368.73, 75]",361.01,243,9.32,-0.11
07:36:51,"[357.5, 16]","[356.76, 42]","[364.2, 40]","[369.0, 50]",360.85,148,6.7,-0.22
07:36:52,"[358.0, 9]","[357.0, 36]","[362.56, 36]","[369.22, 45]",360.28,126,4.56,-0.29
07:36:53,"[360.84, 19]","[357.6, 10]","[362.0, 28]","[370.0, 35]",361.42,92,1.16,-0.37
07:36:54,"[358.0, 6]","[357.0, 24]","[370.0, 30]","[372.0, 18]",364.0,78,12.0,-0.23
07:36:55,"[359.38, 13]","[357.0, 52]","[369.81, 37]","[370.68, 53]",364.6,155,10.43,-0.16
07:36:56,"[361.93, 15]","[357.0, 60]","[368.47, 15]","[370.0, 75]",365.2,165,6.53,-0.09
07:36:57,"[357.39, 31]","[355.6, 60]","[367.31, 13]","[370.72, 89]",362.35,193,9.92,-0.06
07:36:58,"[360.5, 48]","[356.86, 42]","[366.21, 14]","[370.67, 72]",363.36,176,5.71,0.02
07:36:59,"[363.0, 56]","[358.0, 42]","[364.58, 26]","[365.05, 58]",363.79,182,1.58,0.08
07:37:00,"[363.0, 32]","[358.0, 30]","[364.24, 21]","[365.56, 48]",363.62,131,1.24,-0.05
07:37:01,"[359.36, 33]","[356.55, 33]","[363.13, 31]","[364.22, 46]",361.25,143,3.77,-0.08
07:37:02,"[356.0, 6]","[354.0, 30]","[362.0, 12]","[363.0, 30]",359.0,78,6.0,-0.08
07:37:03,"[354.0, 54]","[351.0, 36]","[360.51, 84]","[362.24, 42]",357.26,216,6.51,-0.17
07:37:04,"[354.32, 31]","[352.55, 29]","[360.0, 60]","[362.0, 24]",357.16,144,5.68,-0.17
07:37:05,"[356.0, 32]","[354.0, 48]","[358.65, 77]","[360.89, 35]",357.32,192,2.65,-0.17
07:37:06,"[354.27, 45]","[349.16, 64]","[356.7, 53]","[358.06, 31]",355.48,193,2.43,0.13
07:37:07,"[351.0, 42]","[347.43, 49]","[364.16, 68]","[364.37, 30]",357.58,189,13.16,-0.04
07:37:08,"[348.0, 48]","[347.0, 64]","[366.8, 120]","[371.39, 64]",357.4,296,18.8,-0.24
07:37:09,"[348.0, 33]","[347.0, 44]","[367.25, 32]","[369.33, 79]",357.62,188,19.25,-0.18
07:37:10,"[348.0, 33]","[347.0, 44]","[365.0, 11]","[367.91, 68]",356.5,156,17.0,-0.01
07:37:11,"[354.0, 87]","[348.21, 42]","[364.31, 29]","[366.69, 32]",359.16,190,10.31,0.36
07:37:12,"[353.58, 31]","[348.51, 61]","[364.0, 52]","[365.0, 13]",358.79,157,10.42,0.17
07:37:13,"[356.62, 26]","[351.55, 55]","[364.0, 60]","[365.0, 15]",360.31,156,7.38,0.04
07:37:14,"[357.2, 15]","[356.04, 25]","[363.08, 52]","[364.54, 13]",360.14,105,5.88,-0.24
07:37:15,"[358.93, 15]","[356.0, 30]","[363.0, 60]","[364.0, 15]",360.97,120,4.07,-0.25
07:37:16,"[360.22, 9]","[356.71, 28]","[363.0, 36]","[364.0, 9]",361.61,82,2.78,-0.1
07:37:17,"[361.0, 14]","[357.0, 56]","[363.0, 56]","[364.0, 14]",362.0,140,2.0,0.0
07:37:18,"[357.38, 53]","[356.45, 44]","[362.33, 69]","[363.6, 20]",359.86,186,4.96,0.04
07:37:19,"[356.77, 60]","[354.95, 40]","[358.71, 82]","[360.14, 63]",357.74,245,1.94,-0.18
07:37:20,"[355.6, 60]","[351.83, 24]","[357.18, 67]","[358.91, 44]",356.39,195,1.58,-0.14
07:37:21,"[353.0, 28]","[346.0, 14]","[355.83, 36]","[356.42, 55]",354.42,133,2.83,-0.37
07:37:22,"[346.0, 42]","[344.0, 12]","[348.75, 24]","[354.76, 37]",347.38,115,2.75,-0.06
07:37:23,"[346.0, 23]","[344.0, 14]","[347.0, 42]","[352.06, 62]",346.5,141,1.0,-0.48
07:37:24,"[348.21, 68]","[346.09, 23]","[350.82, 55]","[352.45, 83]",349.51,229,2.61,-0.21
07:37:25,"[349.39, 92]","[348.9, 178]","[351.0, 65]","[352.0, 112]",350.2,447,1.61,0.21
07:37:26,"[349.29, 196]","[341.0, 14]","[351.0, 28]","[352.0, 98]",350.14,336,1.71,0.25
07:37:27,"[349.66, 128]","[339.04, 27]","[351.51, 41]","[352.04, 73]",350.58,269,1.86,0.15
07:37:28,"[339.0, 9]","[338.0, 45]","[351.73, 33]","[352.1, 39]",345.36,126,12.73,-0.14
07:37:29,"[340.33, 51]","[339.74, 89]","[351.92, 77]","[352.52, 29]",346.13,246,11.59,0.14
07:37:30,"[343.58, 118]","[341.11, 90]","[352.0, 80]","[353.0, 16]",347.79,304,8.42,0.37
07:37:31,"[345.52, 60]","[344.17, 144]","[349.74, 23]","[352.03, 67]",347.63,294,4.22,0.39
07:37:32,"[347.55, 172]","[346.1, 197]","[350.26, 39]","[352.01, 86]",348.9,494,2.71,0.49
07:37:33,"[349.0, 49]","[347.86, 161]","[351.38, 52]","[352.17, 48]",350.19,310,2.38,0.35
07:37:34,"[349.8, 165]","[348.0, 150]","[352.02, 43]","[354.32, 19]",350.91,377,2.22,0.67
07:37:35,"[350.5, 153]","[348.79, 141]","[356.05, 41]","[358.55, 55]",353.27,390,5.55,0.51
07:37:36,"[352.5, 139]","[351.33, 134]","[358.0, 65]","[361.0, 26]",355.25,364,5.5,0.5
07:37:37,"[355.07, 145]","[353.78, 149]","[358.0, 70]","[361.0, 28]",356.53,392,2.93,0.5
07:37:38,"[356.39, 114]","[353.78, 82]","[358.75, 40]","[362.35, 37]",357.57,273,2.36,0.44
07:37:39,"[356.42, 86]","[354.0, 80]","[361.0, 22]","[363.0, 55]",358.71,243,4.58,0.37
07:37:40,"[359.27, 66]","[356.38, 96]","[362.67, 48]","[363.44, 36]",360.97,246,3.39,0.32
07:37:41,"[362.41, 82]","[358.51, 78]","[368.66, 35]","[392.38, 21]",365.54,216,6.24,0.48
07:37:42,"[363.0, 32]","[362.0, 24]","[390.13, 15]","[435.56, 9]",376.57,80,27.13,0.4
07:37:43,"[363.0, 61]","[362.0, 27]","[364.89, 27]","[388.92, 25]",363.94,140,1.89,0.26
07:37:44,"[363.0, 114]","[362.0, 39]","[365.0, 52]","[419.71, 34]",364.0,239,2.0,0.28
07:37:45,"[363.0, 37]","[362.0, 21]","[365.0, 28]","[502.56, 9]",364.0,95,2.0,0.22
07:37:46,"[362.45, 33]","[360.22, 27]","[365.0, 44]","[551.0, 26]",363.73,130,2.55,-0.08
07:37:47,"[362.31, 26]","[358.22, 23]","[365.0, 65]","[518.21, 56]",363.65,170,2.69,-0.42
07:37:48,"[363.78, 9]","[359.44, 9]","[365.0, 63]","[451.33, 36]",364.39,117,1.22,-0.69
07:37:49,"[364.0, 12]","[363.0, 12]","[365.0, 84]","[394.5, 48]",364.5,156,1.0,-0.69
07:37:50,"[364.0, 5]","[363.0, 5]","[365.0, 35]","[400.0, 20]",364.5,65,1.0,-0.69
07:37:51,"[358.9, 58]","[354.5, 122]","[364.22, 59]","[370.49, 139]",361.56,378,5.32,-0.05
07:37:52,"[359.0, 10]","[358.0, 5]","[362.0, 5]","[365.53, 17]",360.5,37,3.0,-0.19
07:37:53,"[359.0, 24]","[358.0, 12]","[360.44, 34]","[362.65, 46]",359.72,116,1.44,-0.38
07:37:54,"[358.12, 16]","[355.09, 11]","[359.62, 39]","[360.59, 46]",358.87,112,1.49,-0.52
07:37:55,"[356.0, 12]","[351.0, 12]","[357.68, 22]","[358.98, 41]",356.84,87,1.68,-0.45
07:37:56,"[350.77, 26]","[347.71, 84]","[357.16, 38]","[358.5, 32]",353.96,180,6.39,0.22
07:37:57,"[352.0, 32]","[345.38, 128]","[354.4, 67]","[355.0, 88]",353.2,315,2.4,0.02
07:37:58,"[345.19, 74]","[341.28, 116]","[353.62, 66]","[356.86, 56]",349.41,312,8.43,0.22
07:37:59,"[345.18, 49]","[341.47, 68]","[352.0, 30]","[354.0, 36]",348.59,183,6.82,0.28
07:38:00,"[346.62, 117]","[343.8, 80]","[352.0, 65]","[354.0, 52]",349.31,314,5.38,0.25
07:38:01,"[348.93, 135]","[344.5, 32]","[352.0, 75]","[354.0, 60]",350.47,302,3.07,0.11
07:38:02,"[342.65, 138]","[294.94, 138]","[352.89, 54]","[355.67, 36]",347.77,366,10.24,0.51
07:38:03,"[339.09, 105]","[307.68, 123]","[357.73, 44]","[365.62, 42]",348.41,314,18.64,0.45
07:38:04,"[350.01, 75]","[338.5, 32]","[359.0, 44]","[361.0, 44]",354.51,195,8.99,0.1
07:38:05,"[357.1, 39]","[347.67, 18]","[359.0, 46]","[361.0, 48]",358.05,151,1.9,-0.25
07:38:06,"[357.73, 30]","[339.12, 102]","[360.41, 41]","[427.08, 48]",359.07,221,2.68,0.19
07:38:07,"[357.0, 18]","[338.0, 120]","[362.24, 38]","[483.11, 19]",359.62,195,5.24,0.42
07:38:08,"[338.0, 108]","[337.0, 36]","[361.91, 33]","[362.86, 21]",349.95,198,23.91,0.45
07:38:09,"[338.0, 120]","[337.0, 40]","[359.9, 10]","[362.0, 50]",348.95,220,21.9,0.45
07:38:10,"[338.0, 84]","[337.0, 28]","[358.33, 24]","[359.93, 27]",348.17,163,20.33,0.37
07:38:11,"[337.68, 88]","[336.59, 34]","[356.91, 44]","[357.44, 36]",347.3,202,19.23,0.21
07:38:12,"[337.16, 57]","[336.33, 36]","[355.04, 55]","[357.64, 56]",346.1,204,17.88,-0.09
07:38:13,"[342.71, 70]","[339.35, 95]","[355.9, 93]","[391.22, 58]",349.31,316,13.19,0.04
07:38:14,"[352.61, 127]","[339.23, 65]","[359.0, 45]","[406.0, 15]",355.81,252,6.39,0.52
07:38:15,"[358.0, 285]","[343.0, 64]","[361.0, 44]","[415.0, 16]",359.5,409,3.0,0.71
07:38:16,"[358.23, 130]","[356.73, 123]","[473.4, 15]","[510.0, 15]",415.82,283,115.17,0.79
07:38:17,"[363.0, 40]","[358.0, 108]","[428.74, 27]","[505.33, 9]",395.87,184,65.74,0.61
07:38:18,"[363.0, 28]","[358.0, 84]","[475.67, 27]","[512.23, 26]",419.33,165,112.67,0.36
07:38:19,"[359.13, 71]","[357.12, 68]","[485.22, 9]","[561.82, 17]",422.17,165,126.1,0.68
07:38:20,"[358.0, 99]","[355.0, 36]","[378.22, 9]","[461.33, 9]",368.11,153,20.22,0.76
07:38:21,"[357.81, 73]","[354.17, 48]","[444.92, 12]","[600.42, 12]",401.36,145,87.11,0.67
07:38:22,"[359.0, 26]","[355.0, 52]","[381.81, 37]","[474.92, 13]",370.41,128,22.81,0.22
07:38:23,"[359.0, 16]","[355.0, 32]","[363.38, 32]","[367.0, 8]",361.19,88,4.38,0.09
07:38:24,"[359.0, 24]","[355.0, 48]","[361.92, 48]","[382.33, 12]",360.46,132,2.92,0.09
07:38:25,"[355.21, 38]","[352.39, 46]","[359.29, 28]","[374.0, 22]",357.25,134,4.08,0.25
07:38:26,"[351.67, 36]","[346.67, 36]","[374.19, 27]","[492.94, 17]",362.93,116,22.52,0.24
07:38:27,"[350.28, 29]","[346.82, 33]","[440.8, 15]","[596.45, 11]",395.54,88,90.52,0.41
07:38:28,"[351.36, 11]","[350.0, 30]","[365.0, 30]","[404.4, 10]",358.18,81,13.64,0.01
07:38:29,"[356.57, 14]","[353.83, 18]","[365.0, 24]","[525.0, 8]",360.79,64,8.43,0.0
07:38:30,"[360.2, 15]","[358.31, 13]","[364.12, 57]","[384.87, 31]",362.16,116,3.92,-0.52
07:38:31,"[360.0, 20]","[355.91, 23]","[361.55, 44]","[365.06, 31]",360.77,118,1.55,-0.27
07:38:32,"[358.0, 10]","[352.38, 26]","[360.36, 11]","[363.05, 21]",359.18,68,2.36,0.06
07:38:33,"[358.0, 10]","[352.0, 30]","[360.6, 10]","[368.0, 30]",359.3,80,2.6,0.0
07:38:34,"[355.0, 12]","[351.5, 24]","[360.5, 8]","[367.82, 22]",357.75,66,5.5,0.09
07:38:35,"[352.0, 27]","[350.0, 27]","[359.12, 32]","[367.64, 25]",355.56,111,7.12,-0.03
07:38:36,"[351.37, 19]","[349.18, 33]","[358.0, 44]","[366.0, 33]",354.68,129,6.63,-0.19
07:38:37,"[350.45, 29]","[350.11, 37]","[358.0, 52]","[366.0, 39]",354.22,157,7.55,-0.16
07:38:38,"[343.18, 49]","[310.91, 47]","[355.55, 44]","[356.67, 60]",349.36,200,12.36,-0.04
07:38:39,"[344.0, 112]","[339.0, 14]","[351.25, 48]","[353.89, 36]",347.62,210,7.25,0.2
07:38:40,"[345.82, 17]","[343.92, 122]","[349.15, 55]","[353.0, 58]",347.48,252,3.32,0.1
07:38:41,"[347.08, 12]","[336.0, 36]","[349.0, 36]","[353.0, 72]",348.04,156,1.92,-0.38
07:38:42,"[336.6, 117]","[335.19, 106]","[349.31, 39]","[353.39, 74]",342.95,336,12.71,0.33
07:38:43,"[338.0, 111]","[337.31, 236]","[353.0, 15]","[363.43, 21]",345.5,383,15.0,0.81
07:38:44,"[344.25, 225]","[342.9, 220]","[353.65, 31]","[357.19, 31]",348.95,507,9.4,0.76
07:38:45,"[348.09, 261]","[345.42, 129]","[354.0, 52]","[363.0, 13]",351.05,455,5.91,0.71
07:38:46,"[352.06, 378]","[345.95, 148]","[354.27, 66]","[363.27, 22]",353.16,614,2.22,0.71
07:38:47,"[354.7, 149]","[354.51, 158]","[363.0, 14]","[364.0, 42]",358.85,363,8.3,0.69
07:38:48,"[360.5, 80]","[359.36, 94]","[363.0, 13]","[364.0, 39]",361.75,226,2.5,0.54
07:38:49,"[361.23, 73]","[359.05, 76]","[363.78, 23]","[365.09, 33]",362.51,205,2.55,0.45
07:38:50,"[361.17, 72]","[358.75, 64]","[364.0, 30]","[366.0, 30]",362.58,196,2.83,0.39
07:38:51,"[361.11, 76]","[358.39, 62]","[408.82, 28]","[461.45, 20]",384.96,186,47.72,0.48
07:38:52,"[362.7, 90]","[359.0, 54]","[365.0, 28]","[450.0, 42]",363.85,214,2.3,0.35
07:38:53,"[364.0, 63]","[358.0, 54]","[365.0, 18]","[398.44, 27]",364.5,162,1.0,0.44
07:38:54,"[364.0, 53]","[358.0, 66]","[365.0, 22]","[399.74, 19]",364.5,160,1.0,0.49
07:38:55,"[364.0, 32]","[358.12, 43]","[365.0, 16]","[413.0, 8]",364.5,99,1.0,0.52
07:38:56,"[364.0, 56]","[363.0, 14]","[365.0, 28]","[418.29, 17]",364.5,115,1.0,0.22
07:38:57,"[364.0, 24]","[363.0, 6]","[365.0, 12]","[402.07, 27]",364.5,69,1.0,-0.13
07:38:58,"[364.0, 22]","[363.0, 10]","[365.0, 20]","[399.8, 50]",364.5,102,1.0,-0.37
07:38:59,"[358.55, 44]","[356.08, 170]","[364.0, 26]","[378.98, 40]",361.27,280,5.45,0.53
07:39:00,"[358.0, 75]","[356.0, 315]","[362.0, 60]","[363.56, 45]",360.0,495,4.0,0.58
07:39:01,"[359.08, 26]","[356.09, 110]","[361.0, 50]","[363.0, 20]",360.04,206,1.92,0.32
07:39:02,"[360.0, 28]","[358.0, 24]","[361.0, 64]","[363.0, 53]",360.5,169,1.0,-0.38
07:39:03,"[357.01, 71]","[355.77, 202]","[360.88, 72]","[365.96, 51]",358.94,396,3.86,0.38
07:39:04,"[358.31, 117]","[356.0, 368]","[360.42, 36]","[365.18, 73]",359.36,594,2.11,0.63
07:39:05,"[359.0, 12]","[356.0, 44]","[365.0, 2]","[367.0, 10]",362.0,68,6.0,0.65
07:39:06,"[359.0, 54]","[356.01, 149]","[365.0, 9]","[367.0, 45]",362.0,257,6.0,0.58
07:39:07,"[359.39, 46]","[358.84, 87]","[365.0, 11]","[367.0, 55]",362.2,199,5.61,0.34
07:39:08,"[359.06, 51]","[358.62, 96]","[365.0, 6]","[367.0, 30]",362.03,183,5.94,0.61
07:39:09,"[359.0, 112]","[358.0, 84]","[365.0, 7]","[367.0, 35]",362.0,238,6.0,0.65
07:39:10,"[359.0, 32]","[358.0, 24]","[365.0, 2]","[367.0, 10]",362.0,68,6.0,0.65
07:39:11,"[359.0, 128]","[358.0, 96]","[365.0, 8]","[367.0, 40]",362.0,272,6.0,0.65
07:39:12,"[359.0, 112]","[358.0, 84]","[365.0, 7]","[367.0, 35]",362.0,238,6.0,0.65
07:39:13,"[359.0, 144]","[358.0, 120]","[364.8, 10]","[366.9, 42]",361.9,316,5.8,0.67
07:39:14,"[359.0, 96]","[358.0, 96]","[364.0, 8]","[365.54, 13]",361.5,213,5.0,0.8
07:39:15,"[359.0, 104]","[358.0, 120]","[363.02, 46]","[364.8, 15]",361.01,285,4.02,0.57
07:39:16,"[359.0, 110]","[358.0, 132]","[362.93, 29]","[363.6, 15]",360.97,286,3.93,0.69
07:39:17,"[359.0, 72]","[358.0, 120]","[362.88, 16]","[363.21, 28]",360.94,236,3.88,0.63
07:39:18,"[359.0, 21]","[358.0, 84]","[365.22, 9]","[370.85, 27]",362.11,141,6.22,0.49
07:39:19,"[359.0, 18]","[358.0, 72]","[362.6, 10]","[370.43, 14]",360.8,114,3.6,0.58
07:39:20,"[359.0, 27]","[358.0, 108]","[369.0, 42]","[373.76, 37]",364.0,214,10.0,0.26
07:39:21,"[359.0, 33]","[358.0, 485]","[369.0, 60]","[372.0, 12]",364.0,590,10.0,0.76
07:39:22,"[359.0, 26]","[358.0, 559]","[367.46, 13]","[369.79, 61]",363.23,659,8.46,0.78
07:39:23,"[359.0, 26]","[358.0, 559]","[366.77, 13]","[372.0, 13]",362.88,611,7.77,0.91
07:39:24,"[359.0, 28]","[358.0, 602]","[365.86, 14]","[370.08, 50]",362.43,694,6.86,0.82
07:39:25,"[359.0, 34]","[358.0, 732]","[362.12, 57]","[364.45, 44]",360.56,867,3.12,0.77
07:39:26,"[359.64, 39]","[358.03, 322]","[362.08, 12]","[371.0, 24]",360.86,397,2.44,0.82
07:39:27,"[359.65, 37]","[358.03, 325]","[368.2, 20]","[371.95, 40]",363.92,422,8.55,0.72
07:39:28,"[359.0, 12]","[358.0, 540]","[369.17, 36]","[372.4, 40]",364.08,628,10.17,0.76
07:39:29,"[358.0, 486]","[357.34, 134]","[365.15, 65]","[369.46, 26]",361.58,711,7.15,0.74
07:39:30,"[358.0, 484]","[352.34, 59]","[361.09, 55]","[369.0, 22]",359.55,620,3.09,0.75
07:39:31,"[358.0, 412]","[348.0, 90]","[359.18, 28]","[369.8, 20]",358.59,550,1.18,0.83
07:39:32,"[358.17, 47]","[357.72, 321]","[372.38, 26]","[373.71, 28]",365.28,422,14.21,0.74
07:39:33,"[358.01, 186]","[357.66, 44]","[372.0, 24]","[373.0, 12]",365.0,266,13.99,0.73
07:39:34,"[359.22, 111]","[358.07, 103]","[369.77, 40]","[374.28, 25]",364.5,279,10.56,0.53
07:39:35,"[363.0, 15]","[359.0, 20]","[370.0, 25]","[377.0, 15]",366.5,75,7.0,-0.07
07:39:36,"[363.0, 15]","[359.0, 20]","[370.0, 25]","[381.0, 15]",366.5,75,7.0,-0.07
07:39:37,"[363.0, 24]","[359.0, 32]","[370.0, 40]","[381.0, 24]",366.5,120,7.0,-0.07
07:39:38,"[363.0, 18]","[359.0, 28]","[369.71, 35]","[376.6, 25]",366.36,106,6.71,-0.13
07:39:39,"[363.0, 18]","[359.03, 33]","[368.67, 45]","[370.0, 13]",365.83,109,5.67,-0.06
07:39:40,"[360.45, 22]","[358.44, 18]","[368.0, 55]","[370.0, 11]",364.23,106,7.55,-0.25
07:39:41,"[359.0, 20]","[358.0, 27]","[367.92, 49]","[370.57, 14]",363.46,110,8.92,-0.15
07:39:42,"[359.0, 18]","[358.0, 20]","[366.44, 36]","[368.0, 45]",362.72,119,7.44,-0.36
07:39:43,"[359.0, 15]","[358.0, 16]","[365.0, 32]","[368.0, 40]",362.0,103,6.0,-0.4
07:39:44,"[359.0, 2]","[358.0, 4]","[365.0, 8]","[368.0, 10]",362.0,24,6.0,-0.5
07:39:45,"[359.0, 11]","[358.0, 55]","[362.76, 51]","[364.33, 48]",360.88,165,3.76,-0.2
07:39:46,"[358.19, 31]","[357.57, 35]","[360.0, 55]","[367.2, 30]",359.1,151,1.81,-0.13
07:39:47,"[358.33, 43]","[353.14, 29]","[359.93, 59]","[368.0, 32]",359.13,163,1.61,-0.12
07:39:48,"[359.0, 52]","[355.0, 13]","[360.0, 65]","[370.0, 26]",359.5,156,1.0,-0.17
07:39:49,"[359.0, 32]","[355.0, 11]","[363.87, 31]","[370.75, 16]",361.44,90,4.87,-0.04
07:39:50,"[359.0, 12]","[355.0, 6]","[370.0, 12]","[372.0, 6]",364.5,36,11.0,0.0
07:39:51,"[359.75, 32]","[358.2, 20]","[370.0, 24]","[372.0, 12]",364.88,88,10.25,0.18
07:39:52,"[359.75, 32]","[358.2, 20]","[370.0, 24]","[372.0, 12]",364.88,88,10.25,0.18
07:39:53,"[359.0, 14]","[355.0, 7]","[368.77, 26]","[370.15, 13]",363.88,60,9.77,-0.3
07:39:54,"[358.2, 20]","[351.0, 12]","[367.5, 48]","[369.25, 24]",362.85,104,9.3,-0.38
07:39:55,"[349.18, 33]","[343.59, 17]","[362.5, 56]","[367.74, 38]",355.84,144,13.32,-0.31
07:39:56,"[346.0, 33]","[342.0, 11]","[360.8, 49]","[367.33, 27]",353.4,120,14.8,-0.27
07:39:57,"[346.0, 27]","[342.0, 9]","[365.92, 52]","[377.08, 26]",355.96,114,19.92,-0.37
07:39:58,"[346.0, 27]","[342.0, 9]","[364.67, 36]","[366.0, 18]",355.33,90,18.67,-0.2
07:39:59,"[346.45, 60]","[343.5, 20]","[363.36, 56]","[367.0, 28]",354.9,164,16.91,-0.02
07:40:00,"[348.45, 77]","[346.82, 66]","[361.38, 53]","[365.11, 38]",354.92,234,12.92,0.22
07:40:01,"[350.47, 86]","[349.68, 56]","[357.0, 42]","[362.0, 56]",353.73,240,6.53,0.18
07:40:02,"[352.34, 112]","[345.58, 72]","[355.09, 85]","[359.1, 61]",353.72,330,2.75,0.12
07:40:03,"[353.75, 32]","[340.86, 42]","[355.27, 55]","[360.37, 43]",354.51,172,1.52,-0.14
07:40:04,"[346.64, 33]","[339.85, 34]","[355.0, 23]","[360.0, 36]",350.82,126,8.36,0.06
07:40:05,"[345.0, 21]","[338.0, 7]","[355.0, 14]","[360.0, 21]",350.0,63,10.0,-0.11
07:40:06,"[345.0, 24]","[338.0, 8]","[355.0, 16]","[359.64, 28]",350.0,76,10.0,-0.16
07:40:07,"[345.0, 27]","[338.0, 9]","[354.06, 36]","[355.79, 19]",349.53,91,9.06,-0.21
07:40:08,"[345.0, 30]","[338.3, 10]","[358.8, 30]","[361.22, 36]",351.9,106,13.8,-0.25
07:40:09,"[345.0, 24]","[339.0, 8]","[360.0, 8]","[362.0, 32]",352.5,72,15.0,-0.11
07:40:10,"[345.0, 18]","[339.0, 6]","[360.0, 6]","[362.0, 24]",352.5,54,15.0,-0.11
07:40:11,"[345.54, 26]","[344.04, 25]","[361.64, 39]","[365.09, 35]",353.59,125,16.1,-0.18
07:40:12,"[346.94, 32]","[345.0, 48]","[351.79, 33]","[354.76, 34]",349.36,147,4.85,0.09
07:40:13,"[348.0, 16]","[344.5, 16]","[351.0, 16]","[353.0, 16]",349.5,64,3.0,0.0
07:40:14,"[349.0, 18]","[342.22, 9]","[351.0, 18]","[353.0, 18]",350.0,63,2.0,-0.14
07:40:15,"[349.0, 10]","[336.0, 4]","[351.0, 8]","[353.0, 8]",350.0,30,2.0,-0.07
07:40:16,"[350.0, 18]","[349.0, 13]","[351.0, 18]","[353.0, 18]",350.5,67,1.0,-0.07
07:40:17,"[350.67, 30]","[344.12, 17]","[353.33, 30]","[356.73, 33]",352.0,110,2.67,-0.15
07:40:18,"[351.45, 29]","[337.15, 26]","[356.0, 18]","[360.0, 27]",353.72,100,4.55,0.1
07:40:19,"[352.0, 130]","[351.0, 20]","[356.0, 20]","[360.0, 30]",354.0,200,4.0,0.5
07:40:20,"[352.48, 120]","[352.73, 120]","[355.97, 31]","[359.83, 47]",354.23,318,3.48,0.51
07:40:21,"[353.8, 129]","[347.75, 120]","[355.7, 23]","[362.46, 52]",354.75,324,1.9,0.54
07:40:22,"[352.14, 103]","[337.82, 34]","[355.38, 16]","[359.23, 26]",353.76,179,3.24,0.53
07:40:23,"[339.0, 70]","[336.8, 60]","[365.63, 109]","[368.14, 56]",352.32,295,26.63,-0.12
07:40:24,"[342.99, 86]","[339.6, 78]","[366.0, 140]","[369.0, 56]",354.49,360,23.01,-0.09
07:40:25,"[364.55, 49]","[356.93, 55]","[366.0, 140]","[369.0, 56]",365.28,300,1.45,-0.31
07:40:26,"[365.0, 108]","[364.0, 24]","[366.0, 64]","[432.4, 48]",365.5,244,1.0,0.08
07:40:27,"[365.0, 90]","[364.0, 20]","[366.0, 60]","[423.41, 39]",365.5,209,1.0,0.05
07:40:28,"[365.0, 54]","[364.0, 12]","[366.0, 36]","[493.17, 24]",365.5,126,1.0,0.05
07:40:29,"[365.0, 69]","[364.0, 18]","[366.0, 54]","[369.0, 18]",365.5,159,1.0,0.09
07:40:30,"[365.0, 24]","[364.0, 12]","[366.0, 36]","[369.0, 12]",365.5,84,1.0,-0.14
07:40:31,"[364.71, 21]","[361.0, 20]","[366.0, 42]","[369.0, 14]",365.36,97,1.29,-0.15
07:40:32,"[364.64, 22]","[361.33, 30]","[365.94, 64]","[368.31, 26]",365.29,142,1.3,-0.27
07:40:33,"[360.92, 26]","[356.67, 24]","[365.0, 36]","[366.0, 19]",362.96,105,4.08,-0.05
07:40:34,"[359.41, 58]","[350.33, 21]","[365.0, 60]","[366.0, 15]",362.21,154,5.59,0.03
07:40:35,"[363.0, 21]","[359.0, 28]","[365.0, 28]","[366.0, 7]",364.0,84,2.0,0.17
07:40:36,"[357.56, 34]","[347.18, 39]","[365.0, 36]","[366.0, 9]",361.28,118,7.44,0.24
07:40:37,"[342.0, 40]","[341.0, 16]","[365.0, 32]","[366.0, 8]",353.5,96,23.0,0.17
07:40:38,"[360.0, 28]","[343.57, 28]","[364.67, 36]","[366.0, 9]",362.33,101,4.67,0.11
07:40:39,"[360.0, 33]","[343.0, 11]","[363.36, 44]","[367.73, 11]",361.68,99,3.36,-0.11
07:40:40,"[360.0, 33]","[343.0, 11]","[363.0, 44]","[369.0, 11]",361.5,99,3.0,-0.11
07:40:41,"[360.0, 30]","[345.47, 17]","[362.7, 40]","[369.67, 12]",361.35,99,2.7,-0.05
07:40:42,"[360.0, 53]","[346.0, 22]","[362.0, 44]","[368.0, 11]",361.0,130,2.0,0.15
07:40:43,"[360.0, 56]","[345.95, 19]","[362.0, 28]","[368.86, 7]",361.0,110,2.0,0.36
07:40:44,"[360.0, 80]","[357.0, 12]","[361.12, 32]","[363.36, 33]",360.56,157,1.12,0.17
07:40:45,"[360.0, 28]","[357.0, 12]","[368.14, 14]","[372.67, 12]",364.07,66,8.14,0.21
07:40:46,"[359.57, 42]","[358.85, 52]","[370.25, 12]","[373.0, 12]",364.91,118,10.68,0.59
07:40:47,"[360.0, 30]","[359.0, 60]","[368.0, 10]","[373.0, 10]",364.0,110,8.0,0.64
07:40:48,"[360.43, 37]","[359.36, 66]","[368.0, 15]","[372.07, 15]",364.22,133,7.57,0.55
07:40:49,"[361.0, 28]","[360.0, 42]","[367.05, 58]","[370.12, 17]",364.03,145,6.05,-0.03
07:40:50,"[361.94, 32]","[360.0, 48]","[367.0, 80]","[372.0, 32]",364.47,192,5.06,-0.17
07:40:51,"[363.16, 38]","[360.0, 57]","[366.26, 95]","[372.0, 51]",364.71,241,3.11,-0.21
07:40:52,"[363.52, 25]","[359.85, 39]","[365.52, 58]","[372.0, 69]",364.52,191,2.0,-0.33
07:40:53,"[360.68, 47]","[359.44, 54]","[363.08, 39]","[372.0, 65]",361.88,205,2.4,-0.01
07:40:54,"[360.4, 40]","[359.2, 60]","[363.0, 36]","[374.57, 70]",361.7,206,2.6,-0.03
07:40:55,"[360.31, 39]","[358.89, 35]","[367.79, 42]","[375.18, 51]",364.05,167,7.48,-0.11
07:40:56,"[360.0, 36]","[357.0, 12]","[375.0, 72]","[378.0, 12]",367.5,132,15.0,-0.27
07:40:57,"[360.0, 14]","[357.0, 8]","[375.0, 48]","[378.0, 8]",367.5,78,15.0,-0.44
07:40:58,"[360.84, 31]","[359.5, 32]","[375.0, 72]","[378.0, 12]",367.92,147,14.16,-0.14
07:40:59,"[360.0, 36]","[357.81, 57]","[373.71, 34]","[375.18, 28]",366.85,155,13.71,0.2
07:41:00,"[360.0, 70]","[358.0, 133]","[363.43, 35]","[372.58, 79]",361.71,317,3.43,0.28
07:41:01,"[360.0, 15]","[358.0, 35]","[363.0, 25]","[365.0, 5]",361.5,80,3.0,0.25
07:41:02,"[360.0, 29]","[358.0, 98]","[361.87, 46]","[362.39, 46]",360.93,219,1.87,0.16
07:41:03,"[356.69, 49]","[344.9, 143]","[360.59, 44]","[362.07, 29]",358.64,265,3.9,0.45
07:41:04,"[347.0, 16]","[344.07, 251]","[356.06, 31]","[357.04, 46]",351.53,344,9.06,0.55
07:41:05,"[347.73, 41]","[345.17, 72]","[353.98, 85]","[355.25, 24]",350.85,222,6.24,0.02
07:41:06,"[348.0, 90]","[346.01, 86]","[353.15, 71]","[355.75, 32]",350.58,279,5.15,0.26
07:41:07,"[353.24, 67]","[351.76, 85]","[365.08, 72]","[367.29, 17]",359.16,241,11.84,0.26
07:41:08,"[360.16, 31]","[356.39, 41]","[365.0, 77]","[367.0, 11]",362.58,160,4.84,-0.1
07:41:09,"[359.6, 20]","[350.17, 46]","[365.0, 63]","[366.75, 12]",362.3,141,5.4,-0.06
07:41:10,"[348.18, 77]","[345.8, 69]","[364.61, 69]","[365.65, 51]",356.4,266,16.43,0.1
07:41:11,"[345.7, 46]","[343.6, 15]","[356.0, 11]","[361.84, 57]",350.85,129,10.3,-0.05
07:41:12,"[345.0, 30]","[342.0, 15]","[354.88, 57]","[357.32, 19]",349.94,121,9.88,-0.26
07:41:13,"[345.0, 22]","[342.0, 11]","[353.73, 44]","[356.0, 11]",349.36,88,8.73,-0.25
07:41:14,"[345.0, 18]","[343.33, 18]","[353.0, 36]","[356.0, 9]",349.0,81,8.0,-0.11
07:41:15,"[345.0, 18]","[344.0, 36]","[352.89, 36]","[356.0, 9]",348.94,99,7.89,0.09
07:41:16,"[345.0, 18]","[343.67, 24]","[352.0, 36]","[356.0, 9]",348.5,87,7.0,-0.03
07:41:17,"[345.07, 15]","[341.16, 55]","[352.0, 32]","[356.0, 8]",348.53,110,6.93,0.27
07:41:18,"[346.0, 14]","[344.39, 51]","[352.0, 52]","[356.0, 14]",349.0,131,6.0,-0.01
07:41:19,"[346.5, 14]","[344.0, 130]","[352.0, 28]","[356.0, 14]",349.25,186,5.5,0.55
07:41:20,"[348.59, 37]","[342.59, 153]","[352.0, 34]","[354.0, 68]",350.3,292,3.41,0.3
07:41:21,"[350.22, 49]","[340.68, 106]","[352.0, 25]","[354.0, 56]",351.11,236,1.78,0.31
07:41:22,"[351.18, 34]","[341.76, 75]","[353.95, 37]","[355.74, 31]",352.56,177,2.77,0.23
07:41:23,"[352.79, 28]","[340.29, 112]","[354.86, 49]","[357.5, 42]",353.82,231,2.07,0.21
07:41:24,"[335.8, 182]","[332.79, 144]","[356.0, 32]","[357.93, 45]",345.9,403,20.2,0.62
07:41:25,"[336.0, 88]","[335.0, 156]","[351.26, 38]","[356.4, 15]",343.63,297,15.26,0.64
07:41:26,"[337.0, 36]","[336.0, 96]","[351.0, 48]","[355.43, 21]",344.0,201,14.0,0.31
07:41:27,"[337.02, 133]","[336.31, 116]","[351.0, 49]","[355.0, 52]",344.01,350,13.98,0.42
07:41:28,"[339.75, 52]","[338.96, 113]","[351.0, 17]","[355.0, 68]",345.38,250,11.25,0.32
07:41:29,"[342.85, 40]","[340.28, 128]","[351.75, 32]","[354.17, 72]",347.3,272,8.9,0.24
07:41:30,"[343.23, 104]","[333.0, 156]","[352.0, 13]","[354.0, 39]",347.62,312,8.77,0.67
07:41:31,"[345.29, 112]","[333.67, 126]","[352.0, 14]","[354.0, 42]",348.64,294,6.71,0.62
07:41:32,"[347.44, 128]","[333.28, 176]","[352.0, 16]","[354.0, 48]",349.72,368,4.56,0.65
07:41:33,"[348.0, 72]","[333.74, 86]","[352.0, 9]","[353.0, 27]",350.0,194,4.0,0.63
07:41:34,"[348.0, 72]","[332.52, 69]","[352.27, 11]","[353.11, 27]",350.14,179,4.27,0.58
07:41:35,"[348.0, 56]","[338.0, 21]","[353.0, 21]","[354.0, 21]",350.5,119,5.0,0.29
07:41:36,"[349.62, 104]","[338.0, 39]","[353.0, 39]","[354.0, 39]",351.31,221,3.38,0.29
07:41:37,"[351.94, 32]","[346.53, 83]","[353.69, 48]","[355.1, 70]",352.81,233,1.75,-0.01
07:41:38,"[354.0, 26]","[341.0, 39]","[356.33, 63]","[357.47, 64]",355.17,192,2.33,-0.32
07:41:39,"[354.08, 24]","[341.74, 35]","[357.0, 84]","[359.0, 24]",355.54,167,2.92,-0.29
07:41:40,"[355.0, 12]","[354.0, 12]","[357.0, 42]","[359.0, 12]",356.0,78,2.0,-0.38
07:41:41,"[355.42, 19]","[354.6, 20]","[357.0, 56]","[359.0, 16]",356.21,111,1.58,-0.3
07:41:42,"[355.86, 14]","[349.0, 14]","[357.27, 30]","[359.45, 22]",356.56,80,1.41,-0.3
07:41:43,"[338.57, 46]","[336.88, 32]","[358.72, 18]","[359.81, 43]",348.64,139,20.16,0.12
07:41:44,"[337.0, 30]","[335.0, 10]","[357.0, 9]","[359.62, 16]",347.0,65,20.0,0.23
07:41:45,"[337.45, 11]","[336.8, 20]","[357.0, 15]","[360.0, 30]",347.23,76,19.55,-0.18
07:41:46,"[338.0, 9]","[337.0, 27]","[357.0, 18]","[360.0, 73]",347.5,127,19.0,-0.43
07:41:47,"[339.94, 31]","[338.41, 37]","[356.36, 22]","[358.75, 40]",348.15,130,16.43,0.05
07:41:48,"[347.92, 59]","[339.94, 54]","[357.86, 28]","[359.97, 62]",352.89,203,9.94,0.11
07:41:49,"[348.0, 48]","[342.0, 24]","[358.87, 15]","[360.89, 37]",353.43,124,10.87,0.16
07:41:50,"[349.61, 108]","[347.5, 84]","[359.77, 44]","[369.37, 30]",354.69,266,10.16,0.44
07:41:51,"[353.59, 290]","[350.08, 143]","[356.26, 31]","[359.35, 34]",354.92,498,2.67,0.74
07:41:52,"[355.08, 97]","[352.07, 98]","[357.28, 32]","[359.84, 25]",356.18,252,2.2,0.55
07:41:53,"[357.35, 85]","[356.73, 91]","[360.0, 11]","[362.0, 55]",358.68,242,2.65,0.45
07:41:54,"[357.55, 73]","[352.15, 130]","[359.77, 13]","[361.67, 51]",358.66,267,2.22,0.52
07:41:55,"[358.09, 46]","[348.13, 92]","[364.05, 19]","[375.82, 49]",361.07,206,5.97,0.34
07:41:56,"[361.96, 45]","[360.2, 51]","[367.0, 60]","[518.5, 16]",364.48,172,5.04,0.12
07:41:57,"[364.42, 24]","[362.29, 42]","[367.0, 60]","[530.67, 30]",365.71,156,2.58,-0.15
07:41:58,"[362.45, 22]","[353.85, 67]","[367.0, 40]","[549.5, 12]",364.73,141,4.55,0.26
07:41:59,"[362.0, 28]","[360.0, 35]","[367.0, 35]","[518.17, 23]",364.5,121,5.0,0.04
07:42:00,"[362.0, 36]","[360.0, 45]","[367.0, 45]","[482.94, 17]",364.5,143,5.0,0.13
07:42:01,"[362.0, 20]","[360.0, 25]","[366.2, 25]","[368.0, 21]",364.1,91,4.2,-0.01
07:42:02,"[362.06, 36]","[360.15, 54]","[365.25, 60]","[368.33, 60]",363.65,210,3.19,-0.14
07:42:03,"[362.48, 27]","[359.52, 33]","[365.5, 70]","[377.62, 58]",363.99,188,3.02,-0.36
07:42:04,"[360.0, 22]","[350.0, 33]","[370.23, 44]","[404.19, 27]",365.11,126,10.23,-0.13
07:42:05,"[360.0, 28]","[350.57, 42]","[367.83, 41]","[387.05, 42]",363.91,153,7.83,-0.08
07:42:06,"[353.2, 30]","[348.8, 55]","[366.5, 32]","[370.72, 53]",359.85,170,13.3,0.0
07:42:07,"[350.0, 30]","[347.0, 140]","[362.7, 20]","[366.0, 30]",356.35,220,12.7,0.55
07:42:08,"[350.0, 42]","[347.1, 156]","[363.07, 43]","[394.95, 59]",356.53,300,13.07,0.32
07:42:09,"[359.0, 42]","[350.0, 42]","[364.14, 42]","[376.0, 70]",361.57,196,5.14,-0.14
07:42:10,"[362.0, 40]","[355.1, 30]","[368.15, 40]","[453.5, 50]",365.07,160,6.15,-0.12
07:42:11,"[350.75, 32]","[344.39, 46]","[367.31, 26]","[437.27, 49]",359.03,153,16.56,0.02
07:42:12,"[348.87, 71]","[347.77, 83]","[369.43, 61]","[415.0, 52]",359.15,267,20.55,0.15
07:42:13,"[353.0, 36]","[352.0, 27]","[372.56, 45]","[435.89, 18]",362.78,126,19.56,0.0
07:42:14,"[353.63, 27]","[352.3, 20]","[373.0, 35]","[432.0, 14]",363.31,96,19.37,-0.02
07:42:15,"[356.08, 37]","[354.9, 42]","[373.0, 75]","[511.8, 59]",364.54,213,16.92,-0.26
07:42:16,"[359.4, 30]","[357.51, 35]","[373.0, 80]","[529.5, 80]",366.2,225,13.6,-0.42
07:42:17,"[359.76, 17]","[357.96, 23]","[373.0, 50]","[483.59, 39]",366.38,129,13.24,-0.38
07:42:18,"[360.98, 49]","[359.4, 15]","[373.0, 65]","[593.52, 33]",366.99,162,12.02,-0.21
07:42:19,"[361.0, 52]","[360.0, 13]","[370.46, 65]","[470.51, 49]",365.73,179,9.46,-0.27
07:42:20,"[360.67, 18]","[356.0, 30]","[362.0, 12]","[373.0, 60]",361.33,120,1.33,-0.2
07:42:21,"[360.63, 19]","[357.31, 13]","[362.0, 13]","[373.46, 65]",361.32,110,1.37,-0.42
07:42:22,"[360.0, 7]","[352.0, 28]","[361.86, 7]","[374.58, 31]",360.93,73,1.86,-0.04
07:42:23,"[352.38, 42]","[351.44, 18]","[362.33, 12]","[377.52, 44]",357.36,116,9.95,0.03
07:42:24,"[352.0, 64]","[351.0, 16]","[374.97, 61]","[386.39, 59]",363.48,200,22.97,-0.2
07:42:25,"[351.47, 17]","[343.02, 89]","[369.97, 37]","[373.05, 40]",360.72,183,18.5,0.16
07:42:26,"[351.0, 8]","[341.0, 160]","[367.74, 31]","[369.6, 25]",359.37,224,16.74,0.5
07:42:27,"[351.79, 19]","[341.36, 83]","[364.7, 23]","[367.92, 26]",358.24,151,12.91,0.35
07:42:28,"[352.0, 45]","[350.89, 19]","[365.44, 18]","[368.56, 45]",358.72,127,13.44,0.01
07:42:29,"[352.69, 65]","[351.0, 39]","[362.23, 26]","[366.92, 50]",357.46,180,9.54,0.16
07:42:30,"[355.26, 62]","[351.75, 40]","[363.12, 40]","[410.67, 33]",359.19,175,7.87,0.17
07:42:31,"[363.54, 78]","[359.25, 72]","[369.98, 44]","[378.62, 64]",366.76,258,6.44,0.16
07:42:32,"[364.0, 71]","[363.0, 84]","[368.36, 42]","[378.93, 70]",366.18,267,4.36,0.16
07:42:33,"[364.14, 84]","[362.23, 104]","[370.61, 62]","[414.2, 82]",367.38,332,6.47,0.13
07:42:34,"[359.91, 35]","[358.04, 24]","[382.25, 60]","[690.0, 20]",371.08,139,22.34,-0.15
07:42:35,"[359.2, 49]","[352.77, 53]","[449.5, 38]","[669.1, 29]",404.35,169,90.3,0.21
07:42:36,"[359.12, 17]","[355.36, 14]","[380.54, 26]","[448.18, 11]",369.83,68,21.42,-0.09
07:42:37,"[359.0, 18]","[356.0, 9]","[373.83, 23]","[391.2, 20]",366.41,70,14.83,-0.23
07:42:38,"[360.29, 48]","[312.61, 51]","[378.88, 51]","[392.78, 23]",369.59,173,18.59,0.14
07:42:39,"[362.4, 20]","[354.8, 15]","[376.86, 21]","[378.43, 21]",369.63,77,14.46,-0.09
07:42:40,"[358.78, 18]","[282.57, 84]","[375.78, 27]","[377.56, 27]",367.28,156,17.0,0.31
07:42:41,"[354.0, 22]","[278.95, 192]","[375.0, 33]","[376.0, 33]",364.5,280,21.0,0.53
07:42:42,"[354.94, 72]","[308.61, 84]","[374.1, 61]","[375.15, 39]",364.52,256,19.15,0.22
07:42:43,"[357.73, 37]","[355.09, 44]","[371.26, 35]","[373.09, 33]",364.49,149,13.53,0.09
07:42:44,"[358.04, 75]","[356.94, 17]","[365.74, 39]","[366.57, 35]",361.89,166,7.7,0.11
07:42:45,"[359.83, 36]","[357.08, 96]","[364.12, 48]","[365.21, 48]",361.98,228,4.29,0.16
07:42:46,"[360.94, 50]","[355.94, 136]","[362.04, 73]","[366.0, 33]",361.49,292,1.1,0.27
07:42:47,"[358.66, 58]","[354.23, 78]","[374.16, 38]","[427.84, 32]",366.41,206,15.5,0.32
07:42:48,"[362.0, 32]","[355.0, 64]","[374.75, 24]","[384.0, 24]",368.38,144,12.75,0.33
07:42:49,"[359.62, 47]","[354.71, 90]","[373.1, 30]","[382.5, 30]",366.36,197,13.48,0.39
07:42:50,"[355.38, 78]","[354.11, 71]","[363.86, 29]","[372.45, 33]",359.62,211,8.48,0.41
07:42:51,"[356.0, 50]","[355.0, 80]","[358.7, 30]","[361.18, 22]",357.35,182,2.7,0.43
07:42:52,"[350.96, 85]","[349.9, 82]","[365.57, 40]","[426.15, 46]",358.27,253,14.61,0.32
07:42:53,"[363.0, 20]","[351.33, 36]","[372.0, 30]","[444.7, 20]",367.5,106,9.0,0.06
07:42:54,"[366.0, 32]","[359.6, 20]","[372.0, 48]","[483.05, 43]",369.0,143,6.0,-0.27
07:42:55,"[366.0, 32]","[360.91, 100]","[372.0, 48]","[434.0, 44]",369.0,224,6.0,0.18
07:42:56,"[366.0, 22]","[360.0, 11]","[370.0, 33]","[372.55, 33]",368.0,99,4.0,-0.33
07:42:57,"[366.0, 20]","[360.0, 10]","[370.0, 30]","[378.03, 29]",368.0,89,4.0,-0.33
07:42:58,"[366.0, 26]","[360.0, 13]","[370.0, 39]","[407.1, 41]",368.0,119,4.0,-0.34
07:42:59,"[366.0, 12]","[360.0, 6]","[370.0, 18]","[375.0, 18]",368.0,54,4.0,-0.33
07:43:00,"[360.5, 42]","[355.61, 18]","[369.38, 61]","[373.42, 38]",364.94,159,8.88,-0.25
07:43:01,"[361.2, 50]","[360.3, 46]","[363.0, 40]","[369.0, 50]",362.1,186,1.8,0.03
07:43:02,"[361.06, 79]","[359.59, 17]","[362.77, 31]","[365.81, 48]",361.92,175,1.71,0.1
07:43:03,"[361.0, 192]","[359.0, 16]","[363.0, 64]","[375.77, 56]",362.0,328,2.0,0.27
07:43:04,"[361.0, 144]","[359.0, 12]","[362.94, 47]","[376.46, 37]",361.97,240,1.94,0.3
07:43:05,"[361.04, 100]","[360.71, 56]","[363.75, 48]","[372.17, 36]",362.39,240,2.71,0.3
07:43:06,"[361.88, 32]","[361.13, 62]","[364.0, 72]","[372.0, 54]",362.94,220,2.12,-0.15
07:43:07,"[361.0, 72]","[359.0, 9]","[364.0, 36]","[372.0, 27]",362.5,144,3.0,0.12
07:43:08,"[361.0, 68]","[359.0, 12]","[363.92, 39]","[369.54, 39]",362.46,158,2.92,0.01
07:43:09,"[361.96, 92]","[357.92, 12]","[363.0, 12]","[364.0, 48]",362.48,164,1.04,0.27
07:43:10,"[362.0, 75]","[359.0, 8]","[363.0, 8]","[364.25, 32]",362.5,123,1.0,0.35
07:43:11,"[362.0, 56]","[359.0, 8]","[363.0, 8]","[366.0, 32]",362.5,104,1.0,0.23
07:43:12,"[362.0, 56]","[359.0, 8]","[363.0, 8]","[366.0, 32]",362.5,104,1.0,0.23
07:43:13,"[362.0, 52]","[359.0, 11]","[365.62, 32]","[366.61, 23]",363.81,118,3.62,0.07
07:43:14,"[362.0, 52]","[359.0, 13]","[366.2, 40]","[370.29, 21]",364.1,126,4.2,0.03
07:43:15,"[366.23, 52]","[361.47, 17]","[368.0, 10]","[372.0, 30]",367.12,109,1.77,0.27
07:43:16,"[367.0, 52]","[362.0, 26]","[368.0, 13]","[372.0, 39]",367.5,130,1.0,0.2
07:43:17,"[367.0, 48]","[362.0, 24]","[368.0, 12]","[372.0, 36]",367.5,120,1.0,0.2
07:43:18,"[365.26, 23]","[353.82, 22]","[368.0, 11]","[372.0, 33]",366.63,89,2.74,0.01
07:43:19,"[359.0, 10]","[342.67, 30]","[367.8, 10]","[371.69, 26]",363.4,76,8.8,0.05
07:43:20,"[360.35, 89]","[354.47, 15]","[367.0, 12]","[368.0, 12]",363.67,128,6.65,0.62
07:43:21,"[361.0, 72]","[359.0, 14]","[367.0, 22]","[371.8, 30]",364.0,138,6.0,0.25
07:43:22,"[362.86, 44]","[359.31, 13]","[367.0, 24]","[374.0, 36]",364.93,117,4.14,-0.03
07:43:23,"[361.08, 51]","[354.63, 19]","[365.0, 26]","[370.69, 39]",363.04,135,3.92,0.04
07:43:24,"[351.0, 22]","[346.18, 22]","[355.0, 11]","[367.0, 44]",353.0,99,4.0,-0.11
07:43:25,"[352.0, 18]","[346.0, 18]","[355.0, 9]","[367.0, 36]",353.5,81,3.0,-0.11
07:43:26,"[352.92, 49]","[350.0, 22]","[355.0, 11]","[367.0, 44]",353.96,126,2.08,0.13
07:43:27,"[353.0, 35]","[350.0, 14]","[355.0, 7]","[367.0, 28]",354.0,84,2.0,0.17
07:43:28,"[353.4, 25]","[350.0, 10]","[355.0, 5]","[367.0, 20]",354.2,60,1.6,0.17
07:43:29,"[358.62, 73]","[355.44, 54]","[366.59, 58]","[367.64, 22]",362.6,207,7.97,0.23
07:43:30,"[361.0, 40]","[360.0, 32]","[367.0, 32]","[368.0, 8]",364.0,112,6.0,0.29
07:43:31,"[361.0, 25]","[360.0, 20]","[367.0, 20]","[368.0, 5]",364.0,70,6.0,0.29
07:43:32,"[361.73, 55]","[360.77, 52]","[367.0, 44]","[368.0, 11]",364.36,162,5.27,0.32
07:43:33,"[361.18, 55]","[360.22, 46]","[367.0, 44]","[368.0, 11]",364.09,156,5.82,0.29
07:43:34,"[361.0, 55]","[360.0, 44]","[366.64, 44]","[367.53, 17]",363.82,160,5.64,0.24
07:43:35,"[361.0, 35]","[360.0, 77]","[365.86, 28]","[369.85, 27]",363.43,167,4.86,0.34
07:43:36,"[361.0, 70]","[360.0, 154]","[363.21, 56]","[370.0, 62]",362.11,342,2.21,0.31
07:43:37,"[361.0, 37]","[360.0, 44]","[363.0, 44]","[370.91, 11]",362.0,136,2.0,0.19
07:43:38,"[361.38, 39]","[360.11, 54]","[366.12, 25]","[373.81, 72]",363.75,190,4.74,-0.02
07:43:39,"[362.6, 98]","[361.0, 38]","[372.97, 68]","[373.93, 114]",367.79,318,10.37,-0.14
07:43:40,"[364.28, 78]","[363.45, 159]","[373.0, 60]","[374.0, 108]",368.64,405,8.72,0.17
07:43:41,"[366.41, 34]","[363.9, 116]","[371.71, 56]","[373.12, 66]",369.06,272,5.3,0.1
07:43:42,"[364.0, 136]","[363.0, 204]","[367.24, 85]","[370.0, 34]",365.62,459,3.24,0.48
07:43:43,"[363.9, 111]","[362.86, 142]","[371.0, 60]","[376.43, 35]",367.45,348,7.1,0.45
07:43:44,"[363.02, 170]","[361.92, 52]","[376.0, 48]","[379.0, 32]",369.51,302,12.98,0.47
07:43:45,"[366.45, 80]","[363.95, 130]","[376.0, 40]","[380.53, 15]",371.23,265,9.55,0.58
07:43:46,"[368.0, 10]","[367.0, 80]","[376.0, 40]","[381.0, 10]",372.0,140,8.0,0.29
07:43:47,"[368.0, 14]","[367.0, 112]","[375.5, 48]","[376.79, 38]",371.75,212,7.5,0.19
07:43:48,"[368.0, 13]","[367.0, 104]","[372.21, 38]","[373.29, 31]",370.11,186,4.21,0.26
07:43:49,"[367.26, 34]","[365.18, 132]","[369.57, 42]","[372.0, 42]",368.42,250,2.31,0.33
07:43:50,"[364.85, 67]","[362.93, 162]","[368.57, 47]","[371.64, 42]",366.71,318,3.72,0.44
07:43:51,"[363.0, 144]","[361.0, 24]","[367.33, 36]","[378.48, 23]",365.17,227,4.33,0.48
07:43:52,"[363.0, 180]","[361.0, 32]","[364.75, 48]","[378.88, 24]",363.88,284,1.75,0.49
07:43:53,"[363.0, 126]","[361.0, 28]","[364.0, 42]","[378.0, 42]",363.5,238,1.0,0.29
07:43:54,"[363.0, 118]","[361.0, 28]","[364.0, 35]","[378.0, 42]",363.5,223,1.0,0.31
07:43:55,"[363.0, 52]","[361.0, 20]","[376.0, 28]","[379.14, 14]",369.5,114,13.0,0.26
07:43:56,"[363.0, 32]","[361.0, 16]","[378.0, 24]","[380.0, 8]",370.5,80,15.0,0.2
07:43:57,"[363.0, 24]","[361.0, 12]","[378.0, 18]","[380.0, 6]",370.5,60,15.0,0.2
07:43:58,"[362.14, 14]","[360.25, 16]","[378.0, 24]","[380.0, 8]",370.07,62,15.86,-0.03
07:43:59,"[360.83, 12]","[358.67, 24]","[377.84, 31]","[379.54, 13]",369.34,80,17.01,-0.1
07:44:00,"[359.9, 42]","[352.0, 138]","[374.69, 16]","[378.19, 32]",367.3,228,14.78,0.58
07:44:01,"[364.0, 78]","[362.04, 25]","[374.43, 42]","[378.16, 19]",369.21,164,10.43,0.26
07:44:02,"[364.0, 54]","[363.0, 9]","[378.2, 15]","[380.67, 9]",371.1,87,14.2,0.45
07:44:03,"[363.79, 28]","[358.21, 34]","[380.0, 6]","[381.0, 6]",371.89,74,16.21,0.68
07:44:04,"[362.89, 54]","[357.81, 62]","[378.3, 61]","[380.44, 18]",370.59,195,15.41,0.19
07:44:05,"[363.0, 48]","[362.0, 80]","[377.57, 70]","[379.29, 17]",370.29,215,14.57,0.19
07:44:06,"[363.0, 44]","[362.0, 77]","[376.33, 15]","[377.02, 54]",369.67,190,13.33,0.27
07:44:07,"[363.58, 52]","[362.05, 86]","[375.15, 53]","[376.84, 57]",369.36,248,11.57,0.11
07:44:08,"[365.0, 46]","[363.0, 14]","[373.43, 70]","[374.43, 70]",369.21,200,8.43,-0.4
07:44:09,"[365.0, 64]","[363.0, 16]","[371.56, 80]","[372.56, 80]",368.28,240,6.56,-0.33
07:44:10,"[365.19, 54]","[363.95, 21]","[370.87, 77]","[371.94, 80]",368.03,232,5.68,-0.35
07:44:11,"[366.0, 26]","[365.0, 26]","[369.31, 65]","[370.62, 65]",367.65,182,3.31,-0.43
07:44:12,"[362.56, 82]","[360.24, 45]","[368.46, 65]","[374.53, 38]",365.51,230,5.9,0.1
07:44:13,"[362.0, 150]","[356.67, 60]","[366.58, 59]","[367.93, 59]",364.29,328,4.58,0.28
07:44:14,"[362.0, 129]","[357.0, 60]","[365.06, 47]","[367.32, 57]",363.53,293,3.06,0.29
07:44:15,"[362.0, 84]","[357.0, 48]","[364.83, 36]","[379.5, 18]",363.42,186,2.83,0.42
07:44:16,"[362.0, 59]","[359.0, 56]","[364.78, 27]","[378.62, 40]",363.39,182,2.78,0.26
07:44:17,"[362.0, 14]","[361.0, 28]","[377.0, 7]","[381.0, 21]",369.5,70,15.0,0.2
07:44:18,"[362.0, 12]","[361.0, 24]","[377.0, 6]","[381.0, 18]",369.5,60,15.0,0.2
07:44:19,"[362.0, 6]","[361.0, 12]","[377.0, 3]","[381.0, 9]",369.5,30,15.0,0.2
07:44:20,"[362.91, 22]","[361.83, 24]","[377.0, 11]","[381.0, 33]",369.95,90,14.09,0.02
07:44:21,"[363.5, 20]","[362.0, 20]","[375.69, 42]","[378.71, 14]",369.6,96,12.19,-0.17
07:44:22,"[364.0, 28]","[362.0, 28]","[374.03, 62]","[377.72, 18]",369.02,136,10.03,-0.18
07:44:23,"[361.81, 37]","[359.63, 19]","[374.09, 44]","[377.73, 22]",367.95,122,12.28,-0.08
07:44:24,"[361.67, 18]","[359.57, 14]","[374.0, 32]","[375.0, 8]",367.83,72,12.33,-0.11
07:44:25,"[361.0, 36]","[356.09, 66]","[373.08, 49]","[376.07, 14]",367.04,165,12.08,0.24
07:44:26,"[363.31, 26]","[359.0, 50]","[373.0, 48]","[376.5, 36]",368.15,160,9.69,-0.05
07:44:27,"[369.0, 26]","[364.0, 26]","[373.0, 52]","[374.0, 39]",371.0,143,4.0,-0.27
07:44:28,"[369.0, 32]","[364.0, 32]","[372.56, 64]","[374.0, 48]",370.78,176,3.56,-0.27
07:44:29,"[367.89, 18]","[363.1, 20]","[371.5, 34]","[374.67, 27]",369.69,99,3.61,-0.23
07:44:30,"[361.5, 12]","[359.14, 43]","[374.46, 26]","[376.82, 33]",367.98,114,12.96,-0.04
07:44:31,"[361.0, 9]","[359.0, 36]","[372.78, 18]","[375.0, 27]",366.89,90,11.78,0.0
07:44:32,"[365.64, 14]","[360.53, 17]","[369.69, 29]","[372.18, 28]",367.67,88,4.05,-0.3
07:44:33,"[366.0, 13]","[361.0, 13]","[367.86, 21]","[368.93, 45]",366.93,92,1.86,-0.43
07:44:34,"[362.88, 8]","[359.21, 28]","[367.0, 16]","[376.44, 48]",364.94,100,4.12,-0.28
07:44:35,"[356.23, 60]","[352.48, 77]","[365.46, 48]","[374.79, 72]",360.85,257,9.22,0.07
07:44:36,"[357.0, 35]","[351.0, 161]","[363.3, 57]","[364.37, 60]",360.15,313,6.3,0.25
07:44:37,"[357.0, 15]","[351.0, 135]","[358.47, 51]","[360.33, 30]",357.74,231,1.47,0.3
07:44:38,"[357.0, 9]","[351.0, 73]","[358.0, 36]","[359.0, 18]",357.5,136,1.0,0.21
07:44:39,"[354.2, 15]","[349.6, 80]","[358.0, 60]","[359.75, 65]",356.1,220,3.8,-0.14
07:44:40,"[352.36, 66]","[351.0, 11]","[357.7, 23]","[359.0, 56]",355.03,156,5.33,-0.01
07:44:41,"[353.31, 26]","[352.6, 15]","[358.0, 15]","[360.0, 35]",355.65,91,4.69,-0.1
07:44:42,"[355.5, 60]","[354.52, 50]","[358.35, 40]","[360.38, 80]",356.93,230,2.85,-0.04
07:44:43,"[357.9, 39]","[353.44, 36]","[360.0, 77]","[373.67, 49]",358.95,201,2.1,-0.25
07:44:44,"[359.0, 32]","[358.0, 8]","[360.0, 50]","[370.0, 40]",359.5,130,1.0,-0.38
07:44:45,"[360.1, 20]","[351.29, 24]","[366.0, 50]","[372.25, 80]",363.05,174,5.9,-0.49
07:44:46,"[367.57, 14]","[366.57, 14]","[369.5, 40]","[372.21, 70]",368.54,138,1.93,-0.59
07:44:47,"[367.85, 13]","[366.46, 13]","[370.42, 43]","[372.85, 65]",369.13,134,2.57,-0.61
07:44:48,"[367.11, 9]","[364.3, 33]","[370.0, 9]","[371.0, 45]",368.56,96,2.89,-0.12
07:44:49,"[366.0, 16]","[364.0, 112]","[369.42, 26]","[371.58, 60]",367.71,214,3.42,0.2
07:44:50,"[364.15, 66]","[361.4, 68]","[372.77, 40]","[373.75, 80]",368.46,254,8.62,0.06
07:44:51,"[369.0, 48]","[364.0, 16]","[374.0, 80]","[375.0, 80]",371.5,224,5.0,-0.43
07:44:52,"[369.0, 27]","[364.0, 9]","[373.86, 29]","[374.92, 60]",371.43,125,4.86,-0.42
07:44:53,"[369.0, 30]","[364.0, 10]","[370.45, 38]","[373.72, 32]",369.72,110,1.45,-0.27
07:44:54,"[369.0, 27]","[364.0, 9]","[370.62, 13]","[376.85, 41]",369.81,90,1.62,-0.2
07:44:55,"[370.21, 43]","[368.82, 28]","[376.0, 30]","[378.0, 50]",373.1,151,5.79,-0.06
07:44:56,"[370.14, 28]","[367.33, 18]","[377.0, 50]","[379.0, 55]",373.57,151,6.86,-0.39
07:44:57,"[369.0, 30]","[364.0, 15]","[377.0, 75]","[379.0, 83]",373.0,203,8.0,-0.56
07:44:58,"[369.0, 22]","[365.0, 22]","[377.0, 55]","[379.0, 55]",373.0,154,8.0,-0.43
07:44:59,"[369.0, 6]","[365.0, 10]","[377.0, 25]","[379.0, 25]",373.0,66,8.0,-0.52
07:45:00,"[369.0, 5]","[365.0, 10]","[377.0, 25]","[379.0, 25]",373.0,65,8.0,-0.54
07:45:01,"[369.9, 10]","[368.27, 11]","[377.0, 50]","[379.0, 50]",373.45,121,7.1,-0.65
07:45:02,"[365.62, 8]","[364.62, 8]","[377.0, 40]","[379.0, 40]",371.31,96,11.38,-0.67
07:45:03,"[365.0, 6]","[364.0, 6]","[377.0, 54]","[379.0, 30]",371.0,96,12.0,-0.75
07:45:04,"[365.0, 9]","[364.0, 9]","[377.0, 81]","[379.0, 45]",371.0,144,12.0,-0.75
07:45:05,"[365.0, 8]","[364.0, 8]","[377.0, 72]","[379.62, 39]",371.0,127,12.0,-0.75
07:45:06,"[365.0, 13]","[364.0, 13]","[377.0, 77]","[379.8, 40]",371.0,143,12.0,-0.64
07:45:07,"[364.36, 11]","[362.44, 18]","[375.3, 20]","[379.11, 35]",369.83,84,10.94,-0.31
07:45:08,"[364.34, 29]","[362.65, 52]","[377.7, 20]","[380.56, 34]",371.02,135,13.36,0.2
07:45:09,"[366.0, 14]","[363.0, 84]","[375.47, 38]","[377.22, 27]",370.74,163,9.47,0.2
07:45:10,"[366.89, 27]","[364.1, 41]","[374.0, 48]","[375.0, 16]",370.44,132,7.11,0.03
07:45:11,"[368.0, 30]","[365.33, 18]","[373.06, 48]","[374.25, 32]",370.53,128,5.06,-0.25
07:45:12,"[365.0, 75]","[363.0, 30]","[369.53, 45]","[371.0, 45]",367.27,195,4.53,0.08
07:45:13,"[365.0, 70]","[363.0, 28]","[366.5, 32]","[368.62, 24]",365.75,154,1.5,0.27
07:45:14,"[363.65, 37]","[361.79, 28]","[365.5, 42]","[374.25, 16]",364.57,123,1.85,0.06
07:45:15,"[362.0, 30]","[361.0, 30]","[364.07, 45]","[376.6, 15]",363.03,120,2.07,0.0
07:45:16,"[362.0, 18]","[361.0, 18]","[363.0, 27]","[375.33, 9]",362.5,72,1.0,0.0
07:45:17,"[361.43, 14]","[359.8, 10]","[366.38, 13]","[376.29, 7]",363.91,44,4.96,0.09
07:45:18,"[361.0, 18]","[358.0, 9]","[374.0, 9]","[378.0, 9]",367.5,45,13.0,0.2
07:45:19,"[351.83, 36]","[170.19, 57]","[372.85, 13]","[375.23, 13]",362.34,119,21.01,0.56
07:45:20,"[350.67, 36]","[340.38, 26]","[356.7, 23]","[363.5, 12]",353.68,97,6.03,0.28
07:45:21,"[354.0, 25]","[350.38, 37]","[364.7, 44]","[366.0, 40]",359.35,146,10.7,-0.15
07:45:22,"[357.4, 10]","[355.0, 10]","[366.09, 34]","[368.57, 14]",361.74,68,8.69,-0.41
07:45:23,"[360.41, 22]","[359.12, 26]","[371.64, 42]","[375.27, 44]",366.03,134,11.23,-0.28
07:45:24,"[363.03, 35]","[361.47, 17]","[372.0, 52]","[376.0, 52]",367.51,156,8.97,-0.33
07:45:25,"[365.0, 30]","[363.0, 10]","[371.53, 45]","[382.76, 37]",368.27,122,6.53,-0.34
07:45:26,"[365.57, 42]","[357.45, 22]","[371.0, 84]","[372.0, 42]",368.29,190,5.43,-0.33
07:45:27,"[366.83, 18]","[365.76, 17]","[371.0, 48]","[372.0, 24]",368.92,107,4.17,-0.35
07:45:28,"[367.0, 8]","[364.0, 8]","[371.0, 48]","[372.0, 24]",369.0,88,4.0,-0.64
07:45:29,"[368.66, 29]","[364.8, 15]","[371.0, 54]","[372.0, 27]",369.83,125,2.34,-0.3
07:45:30,"[369.0, 66]","[367.0, 11]","[370.79, 61]","[371.89, 27]",369.89,165,1.79,-0.07
07:45:31,"[369.0, 78]","[367.0, 13]","[370.0, 62]","[372.82, 33]",369.5,186,1.0,-0.02
07:45:32,"[359.29, 28]","[323.33, 36]","[369.3, 74]","[372.42, 52]",364.29,190,10.01,-0.33
07:45:33,"[351.38, 37]","[331.76, 17]","[357.0, 20]","[361.91, 45]",354.19,119,5.62,-0.09
07:45:34,"[351.78, 54]","[350.45, 22]","[357.0, 10]","[358.0, 10]",354.39,96,5.22,0.58
07:45:35,"[352.0, 70]","[350.1, 30]","[357.6, 10]","[358.88, 34]",354.8,144,5.6,0.39
07:45:36,"[352.45, 62]","[350.75, 24]","[358.0, 8]","[359.0, 40]",355.23,134,5.55,0.28
07:45:37,"[355.08, 84]","[352.0, 36]","[358.0, 12]","[359.0, 60]",356.54,192,2.92,0.25
07:45:38,"[356.77, 91]","[349.23, 39]","[359.41, 17]","[359.47, 59]",358.09,206,2.64,0.26
07:45:39,"[357.0, 22]","[340.0, 33]","[361.18, 51]","[362.8, 30]",359.09,136,4.18,-0.19
07:45:40,"[357.31, 32]","[344.91, 57]","[360.59, 27]","[362.0, 48]",358.95,164,3.28,0.09
07:45:41,"[358.0, 22]","[347.0, 44]","[360.0, 11]","[362.0, 37]",359.0,114,2.0,0.16
07:45:42,"[347.52, 46]","[339.42, 19]","[359.14, 28]","[361.33, 24]",353.33,117,11.62,0.11
07:45:43,"[352.0, 8]","[347.0, 32]","[369.19, 16]","[371.89, 19]",360.59,75,17.19,0.07
07:45:44,"[352.0, 8]","[345.25, 32]","[370.86, 14]","[373.32, 22]",361.43,76,18.86,0.05
07:45:45,"[360.47, 17]","[348.5, 8]","[371.0, 10]","[374.0, 15]",365.74,50,10.53,0.0
07:45:46,"[361.0, 32]","[352.0, 8]","[370.75, 16]","[373.45, 22]",365.88,78,9.75,0.03
07:45:47,"[356.62, 24]","[343.38, 94]","[359.36, 44]","[370.31, 26]",357.99,188,2.74,0.26
07:45:48,"[355.17, 88]","[354.03, 73]","[357.0, 52]","[370.0, 32]",356.09,245,1.83,0.31
07:45:49,"[356.0, 112]","[343.37, 19]","[360.25, 16]","[370.4, 30]",358.12,177,4.25,0.48
07:45:50,"[360.95, 76]","[359.05, 114]","[370.0, 34]","[372.0, 51]",365.47,275,9.05,0.38
07:45:51,"[366.8, 59]","[361.04, 139]","[371.02, 41]","[372.32, 44]",368.91,283,4.23,0.4
07:45:52,"[366.0, 45]","[353.0, 54]","[372.0, 27]","[373.0, 18]",369.0,144,6.0,0.38
07:45:53,"[366.67, 24]","[358.91, 44]","[372.0, 24]","[373.0, 16]",369.33,108,5.33,0.26
07:45:54,"[368.86, 14]","[364.61, 56]","[372.0, 33]","[373.0, 22]",370.43,125,3.14,0.12
07:45:55,"[366.0, 20]","[353.0, 30]","[372.0, 15]","[373.0, 10]",369.0,75,6.0,0.33
07:45:56,"[366.0, 40]","[353.0, 60]","[372.0, 30]","[373.0, 20]",369.0,150,6.0,0.33
07:45:57,"[362.44, 54]","[353.04, 77]","[372.17, 36]","[378.61, 23]",367.31,190,9.72,0.38
07:45:58,"[356.71, 42]","[350.98, 94]","[373.0, 22]","[424.27, 11]",364.86,169,16.29,0.61
07:45:59,"[366.0, 30]","[351.0, 150]","[370.19, 32]","[372.26, 43]",368.09,255,4.19,0.41
07:46:00,"[353.9, 62]","[351.06, 63]","[367.68, 25]","[368.53, 49]",360.79,199,13.78,0.26
07:46:01,"[351.0, 130]","[349.0, 26]","[365.97, 62]","[366.83, 29]",358.48,247,14.97,0.26
07:46:02,"[351.0, 120]","[349.0, 24]","[364.74, 27]","[366.04, 57]",357.87,228,13.74,0.26
07:46:03,"[352.5, 54]","[349.33, 168]","[361.79, 39]","[364.29, 48]",357.15,309,9.29,0.44
07:46:04,"[353.0, 45]","[347.0, 84]","[359.56, 25]","[360.8, 50]",356.28,204,6.56,0.26
07:46:05,"[353.31, 48]","[347.0, 64]","[358.0, 32]","[360.83, 96]",355.66,240,4.69,-0.07
07:46:06,"[354.0, 48]","[346.0, 190]","[355.0, 32]","[359.0, 32]",354.5,302,1.0,0.58
07:46:07,"[354.0, 33]","[346.0, 106]","[355.0, 15]","[359.0, 22]",354.5,176,1.0,0.58
07:46:08,"[348.71, 17]","[345.4, 20]","[358.73, 15]","[360.94, 65]",353.72,117,10.03,-0.37
07:46:09,"[349.46, 26]","[346.0, 50]","[359.0, 26]","[361.0, 117]",354.23,219,9.54,-0.31
07:46:10,"[351.33, 30]","[350.43, 28]","[356.5, 48]","[360.38, 52]",353.92,158,5.17,-0.27
07:46:11,"[354.67, 30]","[350.33, 27]","[356.0, 41]","[359.0, 26]",355.33,124,1.33,-0.08
07:46:12,"[344.41, 44]","[341.08, 104]","[358.29, 17]","[360.68, 50]",351.35,215,13.89,0.38
07:46:13,"[342.0, 114]","[341.0, 126]","[363.61, 46]","[374.61, 87]",352.8,373,21.61,0.29
07:46:14,"[342.0, 100]","[341.0, 60]","[366.0, 70]","[434.0, 30]",354.0,260,24.0,0.23
07:46:15,"[342.0, 80]","[341.0, 48]","[365.98, 50]","[410.5, 14]",353.99,192,23.98,0.33
07:46:16,"[342.0, 40]","[341.0, 24]","[365.08, 13]","[370.45, 20]",353.54,97,23.08,0.32
07:46:17,"[342.0, 40]","[341.0, 24]","[363.67, 6]","[365.86, 28]",352.83,98,21.67,0.31
07:46:18,"[342.0, 100]","[341.0, 60]","[363.0, 10]","[365.23, 26]",352.5,196,21.0,0.63
07:46:19,"[342.03, 113]","[341.13, 76]","[363.0, 12]","[364.0, 12]",352.51,213,20.97,0.77
07:46:20,"[343.72, 54]","[342.03, 79]","[359.09, 46]","[363.06, 16]",351.4,195,15.36,0.36
07:46:21,"[345.78, 69]","[344.74, 38]","[359.0, 42]","[362.25, 24]",352.39,173,13.22,0.24
07:46:22,"[346.36, 66]","[345.46, 52]","[359.0, 33]","[361.0, 33]",352.68,184,12.64,0.28
07:46:23,"[347.0, 78]","[346.0, 78]","[358.84, 31]","[360.95, 37]",352.92,224,11.84,0.39
07:46:24,"[348.68, 57]","[347.62, 96]","[358.0, 80]","[359.0, 16]",353.34,249,9.32,0.23
07:46:25,"[349.84, 57]","[348.57, 42]","[357.96, 47]","[358.47, 19]",353.9,165,8.12,0.2
07:46:26,"[352.66, 64]","[350.89, 38]","[357.0, 12]","[358.0, 60]",354.83,174,4.34,0.17
07:46:27,"[356.0, 60]","[351.4, 25]","[357.0, 30]","[358.12, 34]",356.5,149,1.0,0.14
07:46:28,"[356.0, 42]","[349.0, 21]","[357.0, 42]","[359.0, 10]",356.5,115,1.0,0.1
07:46:29,"[356.44, 25]","[352.73, 55]","[358.84, 38]","[359.93, 58]",357.64,176,2.4,-0.09
07:46:30,"[357.44, 50]","[355.54, 52]","[359.0, 28]","[360.0, 72]",358.22,202,1.56,0.01
07:46:31,"[358.17, 48]","[355.0, 44]","[359.75, 32]","[360.2, 60]",358.96,184,1.58,0.0
07:46:32,"[357.14, 35]","[341.58, 33]","[360.87, 46]","[362.05, 55]",359.01,169,3.73,-0.2
07:46:33,"[349.26, 19]","[342.78, 23]","[360.8, 20]","[361.24, 41]",355.03,103,11.54,-0.18
07:46:34,"[350.0, 20]","[346.5, 10]","[362.0, 40]","[363.0, 10]",356.0,80,12.0,-0.25
07:46:35,"[350.0, 20]","[343.0, 10]","[362.0, 40]","[363.0, 10]",356.0,80,12.0,-0.25
07:46:36,"[350.0, 12]","[343.0, 6]","[362.0, 24]","[363.0, 6]",356.0,48,12.0,-0.25
07:46:37,"[350.17, 24]","[346.11, 18]","[361.09, 43]","[362.02, 53]",355.63,138,10.93,-0.39
07:46:38,"[351.67, 15]","[350.0, 30]","[356.48, 31]","[358.42, 59]",354.08,135,4.82,-0.33
07:46:39,"[353.86, 21]","[351.76, 21]","[356.5, 32]","[358.08, 52]",355.18,126,2.64,-0.33
07:46:40,"[355.8, 15]","[354.5, 12]","[359.45, 31]","[361.14, 28]",357.63,86,3.65,-0.37
07:46:41,"[358.31, 13]","[356.0, 26]","[361.0, 35]","[362.0, 52]",359.65,126,2.69,-0.38
07:46:42,"[360.0, 14]","[356.0, 28]","[361.25, 16]","[362.04, 50]",360.62,108,1.25,-0.22
07:46:43,"[360.9, 29]","[350.06, 33]","[362.8, 20]","[392.79, 28]",361.85,110,1.9,0.13
07:46:44,"[360.78, 9]","[345.48, 23]","[364.0, 9]","[369.0, 27]",362.39,68,3.22,-0.06
07:46:45,"[362.88, 17]","[361.0, 17]","[367.45, 47]","[377.31, 42]",365.16,123,4.56,-0.45
07:46:46,"[362.88, 64]","[351.48, 44]","[366.78, 54]","[369.06, 51]",364.83,213,3.9,0.01
07:46:47,"[364.75, 130]","[363.62, 48]","[373.62, 58]","[484.82, 51]",369.19,287,8.87,0.24
07:46:48,"[371.9, 20]","[367.06, 32]","[379.0, 42]","[492.0, 56]",375.45,150,7.1,-0.31
07:46:49,"[373.0, 10]","[371.5, 10]","[379.0, 30]","[581.5, 16]",376.0,66,6.0,-0.39
07:46:50,"[372.17, 12]","[371.17, 12]","[379.0, 36]","[624.66, 56]",375.58,116,6.83,-0.59
07:46:51,"[372.78, 18]","[371.64, 11]","[379.0, 33]","[409.45, 55]",375.89,117,6.22,-0.5
07:46:52,"[373.0, 14]","[372.0, 7]","[379.0, 21]","[411.0, 21]",376.0,63,6.0,-0.33
07:46:53,"[368.23, 88]","[367.23, 44]","[379.0, 42]","[491.27, 40]",373.61,214,10.77,0.23
07:46:54,"[367.0, 126]","[366.0, 63]","[378.36, 28]","[471.24, 25]",372.68,242,11.36,0.56
07:46:55,"[367.0, 154]","[366.0, 77]","[376.82, 22]","[378.73, 33]",371.91,286,9.82,0.62
07:46:56,"[367.0, 112]","[366.0, 56]","[375.5, 16]","[381.62, 24]",371.25,208,8.5,0.62
07:46:57,"[367.0, 148]","[366.0, 77]","[373.41, 34]","[378.7, 23]",370.21,282,6.41,0.6
07:46:58,"[367.0, 117]","[366.0, 63]","[372.56, 27]","[373.17, 36]",369.78,243,5.56,0.48
07:46:59,"[367.0, 156]","[366.0, 84]","[371.67, 30]","[372.93, 54]",369.33,324,4.67,0.48
07:47:00,"[367.0, 188]","[366.0, 112]","[370.59, 59]","[371.34, 53]",368.8,412,3.59,0.46
07:47:01,"[367.0, 80]","[366.0, 63]","[368.1, 39]","[369.83, 24]",367.55,206,1.1,0.39
07:47:02,"[367.0, 65]","[366.0, 70]","[368.15, 41]","[372.13, 23]",367.57,199,1.15,0.36
07:47:03,"[366.17, 64]","[365.58, 85]","[376.35, 46]","[397.71, 38]",371.26,233,10.18,0.28
07:47:04,"[366.0, 25]","[365.0, 20]","[378.0, 15]","[416.0, 15]",372.0,75,12.0,0.2
07:47:05,"[366.0, 46]","[365.0, 40]","[445.6, 30]","[529.88, 34]",405.8,150,79.6,0.15
07:47:06,"[366.0, 36]","[365.0, 36]","[645.36, 33]","[769.8, 30]",505.68,135,279.36,0.07
07:47:07,"[366.0, 32]","[365.0, 32]","[614.44, 25]","[673.74, 31]",490.22,120,248.44,0.07
07:47:08,"[365.2, 15]","[364.57, 21]","[582.73, 22]","[716.47, 19]",473.96,77,217.53,-0.06
07:47:09,"[365.29, 34]","[364.76, 50]","[378.0, 33]","[577.06, 35]",371.65,152,12.71,0.11
07:47:10,"[366.0, 60]","[365.0, 90]","[378.0, 45]","[498.55, 58]",372.0,253,12.0,0.19
07:47:11,"[366.64, 28]","[365.0, 84]","[378.0, 42]","[782.0, 34]",372.32,188,11.36,0.19
07:47:12,"[367.92, 26]","[365.0, 78]","[376.76, 37]","[531.32, 19]",372.34,160,8.83,0.3
07:47:13,"[368.25, 32]","[365.26, 92]","[373.75, 36]","[375.37, 46]",371.0,206,5.5,0.2
07:47:14,"[368.76, 34]","[365.0, 102]","[371.59, 17]","[374.0, 51]",370.18,204,2.82,0.33
07:47:15,"[369.83, 24]","[366.62, 128]","[371.0, 12]","[374.0, 36]",370.42,200,1.17,0.52
07:47:16,"[367.08, 147]","[365.57, 92]","[370.31, 13]","[375.86, 21]",368.69,273,3.23,0.75
07:47:17,"[367.0, 61]","[365.0, 48]","[369.88, 8]","[371.0, 8]",368.44,125,2.88,0.74
07:47:18,"[367.0, 37]","[365.0, 36]","[368.8, 10]","[381.69, 16]",367.9,99,1.8,0.47
07:47:19,"[367.0, 36]","[365.0, 24]","[369.08, 12]","[390.0, 36]",368.04,108,2.08,0.11
07:47:20,"[366.12, 25]","[364.2, 40]","[388.74, 35]","[479.85, 39]",377.43,139,22.62,-0.06
07:47:21,"[364.0, 24]","[363.0, 36]","[390.0, 18]","[394.0, 6]",377.0,84,26.0,0.43
07:47:22,"[364.0, 24]","[363.0, 36]","[394.43, 14]","[421.6, 10]",379.21,84,30.43,0.43
07:47:23,"[364.6, 35]","[363.22, 108]","[393.69, 39]","[424.39, 31]",379.15,213,29.09,0.34
07:47:24,"[364.0, 22]","[363.0, 132]","[389.81, 31]","[391.86, 21]",376.9,206,25.81,0.5
07:47:25,"[364.0, 26]","[363.0, 156]","[383.95, 38]","[386.25, 36]",373.97,256,19.95,0.42
07:47:26,"[364.0, 13]","[363.0, 96]","[377.38, 21]","[378.68, 19]",370.69,149,13.38,0.46
07:47:27,"[364.0, 6]","[363.0, 72]","[376.0, 12]","[377.0, 18]",370.0,108,12.0,0.44
07:47:28,"[363.02, 110]","[360.86, 84]","[370.71, 31]","[372.21, 34]",366.86,259,7.69,0.5
07:47:29,"[363.0, 49]","[360.0, 45]","[369.0, 27]","[370.0, 18]",366.0,139,6.0,0.35
07:47:30,"[361.5, 20]","[359.33, 12]","[368.75, 12]","[370.0, 8]",365.12,52,7.25,0.23
07:47:31,"[361.0, 24]","[359.78, 37]","[367.16, 19]","[368.15, 26]",364.08,106,6.16,0.15
07:47:32,"[363.08, 24]","[359.21, 52]","[366.27, 30]","[367.43, 28]",364.67,134,3.18,0.13
07:47:33,"[362.86, 36]","[354.71, 59]","[368.86, 21]","[405.63, 19]",365.86,135,6.0,0.41
07:47:34,"[353.71, 124]","[351.77, 44]","[376.67, 12]","[485.83, 12]",365.19,192,22.96,0.75
07:47:35,"[355.98, 243]","[355.92, 159]","[374.67, 15]","[389.93, 45]",365.32,462,18.69,0.74
07:47:36,"[369.0, 22]","[364.0, 120]","[380.0, 8]","[388.0, 32]",374.5,182,11.0,0.56
07:47:37,"[369.93, 46]","[364.75, 53]","[377.27, 11]","[388.0, 44]",373.6,154,7.34,0.29
07:47:38,"[370.0, 6]","[369.0, 6]","[377.0, 6]","[484.67, 24]",373.5,42,7.0,-0.43
07:47:39,"[364.35, 85]","[358.92, 60]","[376.12, 34]","[469.36, 22]",370.24,201,11.76,0.44
07:47:40,"[364.0, 116]","[358.0, 99]","[376.0, 54]","[509.33, 36]",370.0,305,12.0,0.41
07:47:41,"[364.0, 117]","[358.0, 110]","[374.15, 41]","[413.86, 42]",369.07,310,10.15,0.46
07:47:42,"[364.0, 99]","[358.0, 121]","[369.24, 34]","[370.58, 43]",366.62,297,5.24,0.48
07:47:43,"[364.0, 63]","[358.0, 77]","[366.14, 14]","[368.0, 14]",365.07,168,2.14,0.67
07:47:44,"[364.0, 64]","[358.0, 110]","[366.9, 20]","[368.71, 35]",365.45,229,2.9,0.52
07:47:45,"[361.13, 46]","[356.6, 110]","[366.66, 29]","[367.39, 41]",363.89,226,5.52,0.38
07:47:46,"[358.0, 144]","[351.0, 154]","[360.62, 53]","[363.41, 32]",359.31,383,2.62,0.56
07:47:47,"[361.57, 42]","[352.8, 15]","[361.24, 25]","[369.71, 14]",361.41,96,-0.33,0.19
07:47:48,"[364.0, 35]","[353.0, 14]","[365.29, 14]","[368.29, 7]",364.64,70,1.29,0.4
07:47:49,"[364.0, 35]","[353.0, 14]","[365.0, 14]","[370.0, 7]",364.5,70,1.0,0.4
07:47:50,"[364.0, 24]","[353.0, 24]","[368.92, 13]","[376.0, 12]",366.46,73,4.92,0.32
07:47:51,"[364.0, 10]","[360.2, 20]","[368.3, 10]","[372.6, 10]",366.15,50,4.3,0.2
07:47:52,"[364.0, 15]","[362.0, 14]","[366.14, 7]","[374.0, 7]",365.07,43,2.14,0.35
07:47:53,"[364.0, 105]","[362.46, 26]","[367.69, 13]","[376.08, 13]",365.85,157,3.69,0.67
07:47:54,"[364.0, 42]","[363.0, 14]","[374.57, 7]","[383.0, 7]",369.29,70,10.57,0.6
07:47:55,"[364.0, 36]","[363.0, 12]","[376.0, 6]","[384.67, 6]",370.0,60,12.0,0.6
07:47:56,"[364.0, 54]","[363.0, 18]","[374.04, 27]","[416.61, 23]",369.02,122,10.04,0.18
07:47:57,"[364.08, 78]","[363.43, 42]","[372.33, 75]","[374.93, 45]",368.21,240,8.26,0.0
07:47:58,"[365.0, 20]","[364.0, 60]","[372.0, 50]","[374.0, 30]",368.5,160,7.0,0.0
07:47:59,"[365.0, 30]","[364.0, 90]","[371.07, 75]","[374.0, 45]",368.03,240,6.07,0.0
07:48:00,"[365.25, 32]","[364.0, 96]","[369.19, 80]","[374.0, 48]",367.22,256,3.94,0.0
07:48:01,"[366.0, 32]","[364.0, 96]","[368.0, 64]","[374.12, 48]",367.0,240,2.0,0.07
07:48:02,"[366.21, 38]","[363.96, 94]","[369.7, 74]","[375.61, 99]",367.96,305,3.49,-0.13
07:48:03,"[363.8, 50]","[362.57, 35]","[374.8, 79]","[378.28, 67]",369.3,231,11.0,-0.26
07:48:04,"[364.08, 48]","[363.18, 49]","[373.06, 68]","[375.94, 51]",368.57,216,8.98,-0.1
07:48:05,"[365.91, 23]","[363.58, 77]","[372.53, 76]","[379.0, 57]",369.22,233,6.61,-0.14
07:48:06,"[364.8, 15]","[363.04, 67]","[372.0, 44]","[377.0, 33]",368.4,159,7.2,0.03
07:48:07,"[368.0, 15]","[364.0, 15]","[369.87, 60]","[377.0, 45]",368.93,135,1.87,-0.56
07:48:08,"[363.41, 54]","[362.75, 32]","[373.11, 38]","[377.06, 34]",368.26,158,9.7,0.09
07:48:09,"[363.0, 112]","[362.0, 28]","[374.57, 14]","[378.33, 18]",368.79,172,11.57,0.63
07:48:10,"[363.0, 112]","[357.6, 40]","[369.97, 34]","[372.15, 20]",366.49,206,6.97,0.48
07:48:11,"[363.0, 52]","[359.56, 36]","[368.95, 22]","[369.7, 10]",365.98,120,5.95,0.47
07:48:12,"[363.0, 38]","[362.0, 76]","[365.94, 36]","[367.38, 50]",364.47,200,2.94,0.14
07:48:13,"[363.31, 32]","[362.19, 54]","[364.83, 18]","[370.14, 36]",364.07,140,1.52,0.23
07:48:14,"[363.0, 14]","[362.0, 40]","[373.82, 22]","[380.29, 42]",368.41,118,10.82,-0.08
07:48:15,"[364.58, 205]","[362.75, 16]","[376.0, 39]","[380.67, 45]",370.29,305,11.42,0.45
07:48:16,"[366.0, 170]","[363.0, 10]","[376.0, 30]","[380.25, 24]",371.0,234,10.0,0.54
07:48:17,"[367.29, 289]","[363.0, 17]","[370.67, 63]","[376.88, 43]",368.98,412,3.37,0.49
07:48:18,"[368.0, 187]","[363.0, 11]","[375.18, 34]","[379.08, 13]",371.59,245,7.18,0.62
07:48:19,"[368.27, 187]","[363.0, 11]","[376.0, 33]","[380.0, 11]",372.14,242,7.73,0.64
07:48:20,"[370.0, 254]","[363.0, 12]","[376.0, 36]","[380.0, 12]",373.0,314,6.0,0.69
07:48:21,"[370.86, 158]","[369.83, 41]","[376.0, 27]","[380.0, 9]",373.43,235,5.14,0.69
07:48:22,"[371.0, 179]","[370.0, 55]","[376.0, 33]","[380.0, 11]",373.5,278,5.0,0.68
07:48:23,"[371.0, 176]","[370.0, 55]","[376.0, 33]","[380.0, 11]",373.5,275,5.0,0.68
07:48:24,"[371.0, 192]","[370.0, 60]","[375.82, 33]","[378.0, 18]",373.41,303,4.82,0.66
07:48:25,"[371.0, 224]","[370.0, 70]","[375.26, 35]","[379.52, 52]",373.13,381,4.26,0.54
07:48:26,"[371.0, 256]","[370.0, 80]","[373.39, 33]","[374.94, 18]",372.2,387,2.39,0.74
07:48:27,"[371.0, 141]","[370.0, 55]","[372.84, 19]","[377.0, 30]",371.92,245,1.84,0.6
07:48:28,"[371.0, 144]","[370.0, 65]","[375.62, 32]","[378.67, 27]",373.31,268,4.62,0.56
07:48:29,"[371.0, 61]","[370.0, 60]","[380.0, 36]","[381.0, 12]",375.5,169,9.0,0.43
07:48:30,"[370.33, 18]","[368.57, 42]","[380.0, 30]","[381.0, 10]",375.17,100,9.67,0.2
07:48:31,"[370.0, 21]","[366.0, 14]","[380.0, 21]","[384.64, 11]",375.0,67,10.0,0.04
07:48:32,"[370.0, 27]","[366.0, 18]","[380.0, 27]","[386.0, 18]",375.0,90,10.0,0.0
07:48:33,"[366.58, 24]","[364.64, 44]","[371.47, 58]","[381.03, 35]",369.02,161,4.88,-0.16
07:48:34,"[367.0, 24]","[366.0, 24]","[373.31, 52]","[382.0, 32]",370.15,132,6.31,-0.27
07:48:35,"[366.76, 21]","[365.2, 20]","[381.0, 27]","[385.0, 18]",373.88,86,14.24,-0.05
07:48:36,"[364.0, 40]","[362.0, 32]","[380.2, 30]","[382.33, 24]",372.1,126,16.2,0.14
07:48:37,"[364.0, 60]","[362.0, 48]","[380.0, 48]","[381.5, 36]",372.0,192,16.0,0.12
07:48:38,"[364.0, 45]","[362.0, 36]","[378.67, 36]","[381.67, 27]",371.33,144,14.67,0.12
07:48:39,"[364.0, 75]","[359.46, 26]","[376.73, 60]","[381.55, 38]",370.37,199,12.73,0.02
07:48:40,"[364.0, 38]","[362.0, 12]","[376.0, 48]","[382.0, 33]",370.0,131,12.0,-0.24
07:48:41,"[364.0, 33]","[362.0, 11]","[375.09, 44]","[380.59, 34]",369.55,122,11.09,-0.28
07:48:42,"[364.0, 21]","[362.0, 7]","[374.29, 28]","[379.0, 28]",369.14,84,10.29,-0.33
07:48:43,"[368.82, 84]","[367.62, 82]","[373.71, 56]","[380.58, 43]",371.27,265,4.89,0.25
07:48:44,"[369.6, 70]","[368.7, 53]","[375.5, 48]","[381.32, 38]",372.55,209,5.9,0.18
07:48:45,"[370.7, 20]","[369.0, 70]","[381.0, 23]","[384.0, 46]",375.85,159,10.3,0.13
07:48:46,"[371.0, 20]","[369.0, 70]","[383.0, 20]","[384.0, 40]",377.0,150,12.0,0.2
07:48:47,"[370.22, 23]","[368.68, 60]","[383.0, 20]","[384.0, 56]",376.61,159,12.78,0.04
07:48:48,"[365.0, 8]","[364.0, 24]","[380.63, 19]","[382.72, 47]",372.82,98,15.63,-0.35
07:48:49,"[369.0, 120]","[365.0, 10]","[377.71, 35]","[381.25, 40]",373.36,205,8.71,0.27
07:48:50,"[369.0, 120]","[365.0, 19]","[376.8, 50]","[380.0, 15]",372.9,204,7.8,0.36
07:48:51,"[369.0, 192]","[365.0, 16]","[373.3, 70]","[374.86, 56]",371.15,334,4.3,0.25
07:48:52,"[369.0, 72]","[365.0, 7]","[370.12, 32]","[379.56, 41]",369.56,152,1.12,0.04
07:48:53,"[368.43, 28]","[364.1, 49]","[384.12, 68]","[386.6, 40]",376.27,185,15.69,-0.17
07:48:54,"[365.0, 11]","[364.0, 121]","[385.0, 88]","[389.0, 22]",375.0,242,20.0,0.09
07:48:55,"[365.0, 7]","[364.0, 67]","[385.0, 21]","[389.0, 49]",375.0,144,20.0,0.03
07:48:56,"[365.0, 8]","[364.0, 84]","[378.12, 32]","[387.91, 44]",371.56,168,13.12,0.1
07:48:57,"[365.0, 12]","[364.0, 132]","[385.0, 36]","[386.38, 63]",375.0,243,20.0,0.19
07:48:58,"[364.07, 83]","[363.56, 85]","[384.08, 39]","[385.15, 65]",374.07,272,20.0,0.24
