Time,Bid1,Bid2,Ask1,Ask2,Mid-Price,Total_volume,Bid_ask_spread,Order_imbalance
07:30:00,"[118.0, 2]","[0, 0]","[171.0, 8]","[0, 0]",144.5,10,53.0,-0.6
07:30:02,"[118.0, 4]","[0, 0]","[170.8, 5]","[345.5, 8]",144.4,17,52.8,-0.53
07:30:03,"[121.0, 14]","[118.0, 4]","[160.93, 14]","[163.23, 26]",140.96,58,39.93,-0.38
07:30:04,"[139.0, 9]","[120.67, 18]","[152.6, 15]","[159.2, 30]",145.8,72,13.6,-0.25
07:30:05,"[139.0, 4]","[124.0, 8]","[147.1, 10]","[148.67, 12]",143.05,34,8.1,-0.29
07:30:06,"[139.0, 5]","[124.0, 10]","[145.44, 9]","[146.6, 10]",142.22,34,6.44,-0.12
07:30:07,"[139.0, 9]","[124.0, 18]","[141.88, 17]","[142.56, 25]",140.44,69,2.88,-0.22
07:30:08,"[124.0, 12]","[49.0, 48]","[131.44, 18]","[134.16, 25]",127.72,103,7.44,0.17
07:30:09,"[127.75, 8]","[86.0, 20]","[130.0, 7]","[131.0, 28]",128.88,63,2.25,-0.11
07:30:10,"[129.62, 16]","[124.71, 14]","[130.86, 21]","[131.68, 37]",130.24,88,1.23,-0.32
07:30:11,"[129.67, 15]","[124.83, 12]","[131.84, 25]","[132.6, 25]",130.75,77,2.17,-0.3
07:30:12,"[130.0, 21]","[129.0, 7]","[132.0, 7]","[133.0, 21]",131.0,56,2.0,0.0
07:30:13,"[130.4, 30]","[129.0, 10]","[132.0, 10]","[133.0, 30]",131.2,80,1.6,0.0
07:30:14,"[131.0, 9]","[129.0, 3]","[136.67, 6]","[358.2, 10]",133.83,28,5.67,-0.14
07:30:15,"[132.2, 49]","[130.96, 23]","[136.23, 52]","[277.36, 50]",134.22,174,4.03,-0.17
07:30:16,"[131.38, 24]","[127.44, 16]","[134.89, 37]","[137.7, 40]",133.13,117,3.52,-0.32
07:30:17,"[127.8, 10]","[126.31, 13]","[247.0, 14]","[202.29, 28]",187.4,65,119.2,-0.29
07:30:18,"[132.09, 33]","[132.24, 17]","[327.3, 47]","[382.0, 34]",229.69,131,195.21,-0.24
07:30:19,"[145.0, 42]","[139.71, 42]","[316.76, 42]","[331.86, 42]",230.88,168,171.76,0.0
07:30:20,"[147.0, 105]","[140.17, 69]","[151.04, 75]","[192.8, 30]",149.02,279,4.04,0.25
07:30:21,"[147.0, 62]","[139.4, 65]","[150.62, 64]","[152.0, 16]",148.81,207,3.62,0.23
07:30:22,"[147.0, 24]","[145.0, 8]","[149.69, 26]","[274.5, 16]",148.35,74,2.69,-0.14
07:30:23,"[147.0, 30]","[145.0, 10]","[152.0, 10]","[301.77, 43]",149.5,93,5.0,-0.14
07:30:24,"[147.0, 30]","[145.0, 10]","[151.0, 50]","[152.1, 10]",149.0,100,4.0,-0.2
07:30:25,"[147.0, 23]","[145.0, 13]","[151.0, 65]","[215.91, 22]",149.0,123,4.0,-0.41
07:30:26,"[147.0, 11]","[145.0, 11]","[151.0, 55]","[153.0, 22]",149.0,99,4.0,-0.56
07:30:27,"[147.0, 11]","[145.0, 11]","[150.64, 55]","[153.0, 22]",148.82,99,3.64,-0.56
07:30:28,"[147.0, 11]","[145.0, 11]","[150.0, 55]","[153.0, 22]",148.5,99,3.0,-0.56
07:30:29,"[143.0, 18]","[140.23, 47]","[150.0, 55]","[153.0, 22]",146.5,142,7.0,-0.08
07:30:30,"[141.0, 22]","[139.0, 88]","[149.0, 52]","[150.21, 39]",145.0,201,8.0,0.09
07:30:31,"[139.08, 100]","[138.4, 40]","[146.06, 67]","[147.92, 49]",142.57,256,6.98,0.09
07:30:32,"[139.0, 56]","[138.0, 18]","[140.56, 18]","[143.0, 18]",139.78,110,1.56,0.35
07:30:33,"[139.0, 26]","[138.0, 20]","[142.2, 20]","[144.1, 20]",140.6,86,3.2,0.07
07:30:34,"[139.67, 12]","[138.8, 20]","[144.0, 20]","[145.0, 20]",141.83,72,4.33,-0.11
07:30:35,"[140.62, 8]","[139.0, 16]","[144.0, 16]","[145.0, 16]",142.31,56,3.38,-0.14
07:30:36,"[141.0, 11]","[138.78, 18]","[144.0, 16]","[145.0, 18]",142.5,63,3.0,-0.08
07:30:37,"[139.12, 34]","[136.53, 36]","[144.0, 15]","[145.0, 30]",141.56,115,4.88,0.22
07:30:38,"[138.64, 22]","[134.1, 40]","[144.0, 10]","[145.0, 20]",141.32,92,5.36,0.35
07:30:39,"[135.0, 8]","[134.0, 48]","[142.81, 26]","[143.5, 12]",138.9,94,7.81,0.19
07:30:40,"[135.0, 61]","[131.71, 70]","[139.51, 35]","[140.35, 37]",137.26,203,4.51,0.29
07:30:41,"[136.09, 33]","[133.0, 74]","[140.57, 14]","[142.23, 43]",138.33,164,4.48,0.3
07:30:42,"[136.65, 17]","[134.4, 50]","[140.8, 10]","[142.24, 29]",138.72,106,4.15,0.26
07:30:43,"[139.0, 7]","[135.0, 35]","[140.0, 14]","[141.0, 7]",139.5,63,1.0,0.33
07:30:44,"[135.67, 6]","[134.33, 15]","[140.0, 18]","[143.0, 12]",137.83,51,4.33,-0.18
07:30:45,"[134.36, 11]","[133.12, 16]","[139.0, 16]","[140.0, 8]",136.68,51,4.64,0.06
07:30:46,"[134.0, 4]","[133.0, 4]","[139.0, 8]","[140.0, 4]",136.5,20,5.0,-0.2
07:30:47,"[134.0, 5]","[133.0, 5]","[139.0, 10]","[140.0, 5]",136.5,25,5.0,-0.2
07:30:48,"[132.0, 20]","[131.0, 35]","[138.29, 14]","[140.0, 7]",135.14,76,6.29,0.45
07:30:49,"[132.0, 20]","[131.0, 50]","[136.73, 22]","[139.0, 12]",134.36,104,4.73,0.35
07:30:50,"[132.0, 22]","[131.0, 55]","[138.0, 15]","[141.18, 22]",135.0,114,6.0,0.35
07:30:51,"[132.3, 23]","[131.05, 42]","[139.56, 9]","[141.0, 18]",135.93,92,7.25,0.41
07:30:52,"[133.0, 91]","[131.61, 36]","[139.0, 13]","[255.29, 17]",136.0,157,6.0,0.62
07:30:53,"[135.48, 97]","[132.6, 80]","[185.15, 39]","[192.0, 42]",160.32,258,49.67,0.37
07:30:54,"[144.28, 36]","[141.83, 70]","[230.0, 26]","[234.6, 45]",187.14,177,85.72,0.2
07:30:55,"[143.97, 31]","[139.28, 29]","[228.0, 16]","[231.0, 32]",185.98,108,84.03,0.11
07:30:56,"[143.0, 36]","[137.81, 78]","[201.62, 21]","[257.28, 36]",172.31,171,58.62,0.33
07:30:57,"[143.0, 24]","[138.0, 56]","[164.88, 16]","[387.8, 30]",153.94,126,21.88,0.27
07:30:58,"[143.0, 24]","[138.0, 56]","[162.24, 37]","[199.82, 17]",152.62,134,19.24,0.19
07:30:59,"[143.0, 10]","[140.7, 70]","[159.66, 41]","[160.55, 29]",151.33,150,16.66,0.07
07:31:00,"[146.64, 121]","[141.23, 87]","[155.69, 35]","[157.67, 84]",151.16,327,9.05,0.27
07:31:01,"[147.0, 72]","[143.0, 9]","[152.98, 41]","[153.62, 13]",149.99,135,5.98,0.2
07:31:02,"[147.0, 61]","[145.96, 73]","[150.9, 29]","[151.69, 49]",148.95,212,3.9,0.26
07:31:03,"[146.88, 50]","[145.96, 67]","[148.77, 13]","[150.17, 35]",147.82,165,1.89,0.42
07:31:04,"[146.0, 8]","[143.0, 8]","[147.33, 12]","[148.67, 12]",146.67,40,1.33,-0.2
07:31:05,"[143.0, 9]","[141.0, 63]","[146.11, 18]","[148.0, 9]",144.56,99,3.11,0.45
07:31:06,"[141.05, 43]","[139.29, 49]","[143.71, 14]","[247.67, 24]",142.38,130,2.67,0.42
07:31:07,"[141.0, 49]","[139.0, 49]","[143.0, 14]","[318.74, 23]",142.0,135,2.0,0.45
07:31:08,"[141.0, 63]","[139.0, 63]","[207.9, 20]","[565.61, 33]",174.45,179,66.9,0.41
07:31:09,"[143.62, 13]","[140.71, 42]","[389.2, 30]","[443.0, 38]",266.41,123,245.58,-0.11
07:31:10,"[147.0, 20]","[143.0, 10]","[294.61, 31]","[359.56, 16]",220.81,77,147.61,-0.22
07:31:11,"[147.0, 24]","[143.0, 14]","[281.0, 20]","[534.11, 18]",214.0,76,134.0,0.0
07:31:12,"[147.0, 20]","[143.0, 10]","[215.62, 34]","[216.42, 38]",181.31,102,68.62,-0.41
07:31:13,"[139.49, 164]","[138.3, 82]","[212.93, 28]","[213.77, 44]",176.21,318,73.44,0.55
07:31:14,"[139.0, 110]","[138.0, 55]","[211.0, 5]","[213.0, 25]",175.0,195,72.0,0.69
07:31:15,"[139.0, 146]","[138.0, 77]","[209.14, 7]","[213.0, 35]",174.07,265,70.14,0.68
07:31:16,"[139.0, 140]","[138.0, 46]","[207.75, 36]","[210.67, 12]",173.38,234,68.75,0.59
07:31:17,"[139.0, 96]","[138.0, 24]","[205.83, 18]","[206.5, 18]",172.42,156,66.83,0.54
07:31:18,"[139.01, 200]","[138.46, 97]","[202.68, 22]","[205.68, 56]",170.85,375,63.67,0.58
07:31:19,"[139.0, 165]","[138.0, 80]","[150.11, 18]","[188.38, 16]",144.56,279,11.11,0.76
07:31:20,"[139.1, 99]","[138.44, 125]","[148.1, 21]","[149.3, 20]",143.6,265,8.99,0.69
07:31:21,"[140.0, 14]","[139.0, 77]","[145.8, 10]","[146.91, 11]",142.9,112,5.8,0.62
07:31:22,"[139.57, 56]","[138.81, 163]","[142.21, 28]","[143.44, 18]",140.89,265,2.64,0.65
07:31:23,"[139.0, 145]","[138.0, 172]","[140.62, 48]","[141.79, 28]",139.81,393,1.62,0.61
07:31:24,"[139.0, 160]","[138.0, 126]","[140.0, 70]","[141.95, 19]",139.5,375,1.0,0.53
07:31:25,"[139.0, 52]","[138.0, 90]","[142.78, 37]","[412.71, 14]",140.89,193,3.78,0.47
07:31:26,"[139.0, 20]","[138.0, 90]","[207.65, 34]","[612.56, 27]",173.32,171,68.65,0.29
07:31:27,"[139.0, 13]","[138.0, 21]","[166.0, 25]","[609.0, 5]",152.5,64,27.0,0.06
07:31:28,"[138.4, 5]","[135.6, 15]","[166.0, 15]","[595.67, 3]",152.2,38,27.6,0.05
07:31:29,"[140.56, 9]","[138.54, 13]","[385.0, 45]","[552.56, 9]",262.78,76,244.44,-0.42
07:31:30,"[141.0, 8]","[139.0, 8]","[371.36, 22]","[388.67, 12]",256.18,50,230.36,-0.36
07:31:31,"[139.09, 11]","[137.12, 67]","[183.63, 43]","[301.18, 34]",161.36,155,44.54,0.01
07:31:32,"[137.76, 76]","[136.95, 76]","[139.0, 22]","[221.77, 47]",138.38,221,1.24,0.38
07:31:33,"[137.4, 134]","[110.77, 103]","[253.47, 43]","[301.04, 54]",195.43,334,116.07,0.42
07:31:34,"[139.0, 93]","[137.0, 90]","[263.88, 25]","[265.8, 25]",201.44,233,124.88,0.57
07:31:35,"[139.73, 89]","[137.5, 108]","[262.67, 24]","[263.22, 36]",201.2,257,122.94,0.53
07:31:36,"[146.0, 42]","[139.68, 73]","[231.05, 21]","[262.96, 46]",188.52,182,85.05,0.26
07:31:37,"[145.17, 23]","[137.7, 69]","[196.89, 28]","[207.87, 23]",171.03,143,51.72,0.29
07:31:38,"[138.17, 41]","[105.21, 28]","[193.55, 22]","[195.64, 14]",165.86,105,55.37,0.31
07:31:39,"[142.0, 8]","[137.35, 46]","[190.69, 26]","[192.0, 14]",166.35,94,48.69,0.15
07:31:40,"[137.11, 46]","[95.41, 92]","[187.92, 25]","[189.21, 28]",162.51,191,50.81,0.45
07:31:41,"[141.0, 20]","[137.97, 29]","[186.13, 39]","[187.16, 31]",163.56,119,45.13,-0.18
07:31:42,"[141.0, 22]","[139.0, 22]","[182.76, 42]","[184.03, 35]",161.88,121,41.76,-0.27
07:31:43,"[142.59, 39]","[140.27, 22]","[178.2, 35]","[179.29, 34]",160.39,130,35.61,-0.06
07:31:44,"[143.0, 48]","[141.0, 24]","[172.81, 42]","[174.75, 44]",157.9,158,29.81,-0.09
07:31:45,"[143.06, 36]","[141.27, 30]","[163.56, 54]","[164.86, 42]",153.31,162,20.5,-0.19
07:31:46,"[144.0, 9]","[143.0, 18]","[161.38, 29]","[162.46, 26]",152.69,82,17.38,-0.34
07:31:47,"[144.7, 10]","[143.0, 20]","[159.5, 30]","[160.85, 39]",152.1,99,14.8,-0.39
07:31:48,"[145.0, 9]","[143.0, 18]","[156.72, 32]","[158.04, 28]",150.86,87,11.72,-0.38
07:31:49,"[145.0, 10]","[143.0, 20]","[154.9, 30]","[155.92, 39]",149.95,99,9.9,-0.39
07:31:50,"[141.18, 114]","[139.55, 101]","[151.8, 41]","[152.76, 42]",146.49,298,10.63,0.44
07:31:51,"[141.0, 128]","[139.0, 135]","[145.17, 41]","[145.83, 46]",143.09,350,4.17,0.5
07:31:52,"[141.0, 70]","[139.0, 99]","[142.82, 33]","[144.86, 43]",141.91,245,1.82,0.38
07:31:53,"[141.0, 26]","[139.0, 90]","[143.6, 30]","[218.6, 40]",142.3,186,2.6,0.25
07:31:54,"[141.0, 43]","[139.0, 102]","[144.5, 32]","[309.5, 32]",142.75,209,3.5,0.39
07:31:55,"[140.12, 95]","[134.5, 180]","[142.57, 56]","[371.9, 61]",141.34,392,2.46,0.4
07:31:56,"[139.0, 154]","[107.33, 39]","[301.2, 46]","[551.3, 50]",220.1,289,162.2,0.34
07:31:57,"[141.25, 32]","[138.35, 131]","[320.0, 10]","[464.5, 48]",230.62,221,178.75,0.48
07:31:58,"[143.0, 12]","[139.0, 84]","[318.17, 6]","[479.0, 24]",230.58,126,175.17,0.52
07:31:59,"[143.0, 18]","[139.0, 126]","[308.17, 12]","[473.7, 33]",225.58,189,165.17,0.52
07:32:00,"[143.0, 22]","[139.0, 193]","[237.21, 38]","[344.74, 46]",190.11,299,94.21,0.44
07:32:01,"[143.0, 13]","[139.0, 164]","[211.06, 16]","[219.93, 61]",177.03,254,68.06,0.39
07:32:02,"[139.11, 106]","[138.65, 60]","[183.44, 25]","[186.46, 13]",161.28,204,44.33,0.63
07:32:03,"[139.77, 250]","[138.95, 199]","[142.62, 13]","[216.56, 36]",141.19,498,2.84,0.8
07:32:04,"[140.7, 175]","[139.62, 247]","[144.0, 13]","[475.83, 46]",142.35,481,3.3,0.75
07:32:05,"[141.78, 172]","[139.36, 106]","[144.0, 10]","[440.92, 37]",142.89,325,2.22,0.71
07:32:06,"[143.0, 114]","[139.0, 54]","[213.33, 12]","[257.0, 24]",178.17,204,70.33,0.65
07:32:07,"[143.55, 209]","[139.0, 99]","[223.17, 48]","[376.81, 48]",183.36,404,79.62,0.52
07:32:08,"[145.68, 145]","[139.42, 62]","[441.83, 48]","[568.0, 42]",293.75,297,296.16,0.39
07:32:09,"[146.0, 182]","[143.0, 39]","[365.22, 63]","[458.13, 55]",255.61,339,219.22,0.3
07:32:10,"[144.75, 48]","[141.36, 33]","[166.19, 43]","[220.91, 45]",155.47,169,21.44,-0.04
07:32:11,"[143.39, 23]","[141.44, 27]","[158.26, 47]","[161.44, 43]",150.82,140,14.86,-0.29
07:32:12,"[144.83, 36]","[143.0, 24]","[157.34, 56]","[158.18, 55]",151.09,171,12.51,-0.3
07:32:13,"[146.0, 27]","[143.0, 18]","[154.22, 27]","[157.0, 45]",150.11,117,8.22,-0.23
07:32:14,"[145.18, 22]","[142.14, 21]","[151.39, 31]","[153.83, 41]",148.28,115,6.21,-0.25
07:32:15,"[143.0, 10]","[141.0, 15]","[149.0, 15]","[150.0, 25]",146.0,65,6.0,-0.23
07:32:16,"[143.0, 56]","[141.0, 36]","[148.43, 44]","[149.77, 52]",145.72,188,5.43,-0.02
07:32:17,"[143.0, 20]","[141.42, 36]","[145.24, 34]","[146.74, 46]",144.12,136,2.24,-0.18
07:32:18,"[141.36, 36]","[139.22, 185]","[143.95, 58]","[144.87, 38]",142.65,317,2.59,0.39
07:32:19,"[139.07, 245]","[138.68, 93]","[141.68, 38]","[143.97, 88]",140.38,464,2.61,0.46
07:32:20,"[139.03, 148]","[138.67, 72]","[142.81, 16]","[145.0, 48]",140.92,284,3.79,0.55
07:32:21,"[140.5, 12]","[139.02, 87]","[143.74, 19]","[231.76, 17]",142.12,135,3.24,0.47
07:32:22,"[141.0, 26]","[139.0, 91]","[144.0, 21]","[461.5, 8]",142.5,146,3.0,0.6
07:32:23,"[141.0, 32]","[139.0, 104]","[143.62, 24]","[588.0, 15]",142.31,175,2.62,0.55
07:32:24,"[139.09, 93]","[138.32, 41]","[141.25, 16]","[195.78, 18]",140.17,168,2.16,0.6
07:32:25,"[138.4, 40]","[116.32, 47]","[140.2, 30]","[374.96, 25]",139.3,142,1.8,0.23
07:32:26,"[138.03, 29]","[116.62, 37]","[139.88, 24]","[503.43, 14]",138.95,104,1.84,0.27
07:32:27,"[138.0, 32]","[125.86, 35]","[139.0, 24]","[297.6, 10]",138.5,101,1.0,0.33
07:32:28,"[138.2, 45]","[124.9, 51]","[247.78, 23]","[329.53, 19]",192.99,138,109.58,0.39
07:32:29,"[123.12, 17]","[109.53, 38]","[149.38, 16]","[251.0, 13]",136.25,84,26.26,0.31
07:32:30,"[118.0, 16]","[82.38, 26]","[131.0, 24]","[136.0, 32]",124.5,98,13.0,-0.14
07:32:31,"[121.0, 42]","[97.17, 24]","[130.33, 9]","[131.77, 26]",125.67,101,9.33,0.31
07:32:32,"[93.48, 29]","[73.64, 44]","[457.6, 10]","[452.55, 22]",275.54,105,364.12,0.39
07:32:33,"[139.0, 9]","[91.61, 33]","[269.92, 25]","[329.24, 17]",204.46,84,130.92,0.0
07:32:34,"[140.89, 19]","[127.57, 14]","[245.89, 19]","[488.39, 23]",193.39,75,105.0,-0.12
07:32:35,"[141.0, 14]","[139.0, 7]","[184.0, 7]","[462.0, 14]",162.5,42,43.0,0.0
07:32:36,"[141.0, 16]","[139.77, 13]","[176.4, 10]","[445.45, 22]",158.7,61,35.4,-0.05
07:32:37,"[141.0, 12]","[139.0, 8]","[174.92, 13]","[391.53, 17]",157.96,50,33.92,-0.2
07:32:38,"[143.03, 88]","[141.56, 18]","[241.92, 24]","[529.56, 27]",192.48,157,98.88,0.35
07:32:39,"[144.88, 40]","[143.0, 48]","[316.57, 14]","[462.8, 10]",230.72,112,171.7,0.57
07:32:40,"[145.0, 40]","[143.0, 56]","[174.75, 20]","[258.67, 18]",159.88,134,29.75,0.43
07:32:41,"[145.96, 117]","[144.71, 70]","[176.68, 19]","[208.21, 33]",161.32,239,30.73,0.56
07:32:42,"[146.0, 72]","[145.0, 65]","[281.18, 40]","[414.89, 36]",213.59,213,135.18,0.29
07:32:43,"[146.0, 44]","[145.0, 55]","[355.44, 25]","[410.91, 23]",250.72,147,209.44,0.35
07:32:44,"[145.0, 45]","[143.0, 61]","[323.88, 17]","[353.91, 22]",234.44,145,178.88,0.46
07:32:45,"[145.0, 24]","[143.0, 56]","[221.38, 16]","[224.0, 8]",183.19,104,76.38,0.54
07:32:46,"[147.0, 84]","[145.0, 36]","[216.96, 25]","[269.44, 27]",181.98,172,69.96,0.4
07:32:47,"[147.0, 56]","[145.0, 24]","[216.25, 24]","[219.0, 32]",181.62,136,69.25,0.18
07:32:48,"[147.0, 91]","[145.0, 39]","[212.58, 38]","[213.78, 46]",179.79,214,65.58,0.21
07:32:49,"[147.0, 84]","[145.55, 66]","[208.53, 34]","[209.71, 34]",177.76,218,61.53,0.38
07:32:50,"[147.0, 84]","[146.0, 216]","[203.85, 39]","[204.6, 40]",175.42,379,56.85,0.58
07:32:51,"[147.0, 50]","[146.0, 270]","[197.36, 47]","[200.36, 50]",172.18,417,50.36,0.53
07:32:52,"[146.04, 111]","[145.63, 57]","[186.76, 33]","[193.26, 19]",166.4,220,40.72,0.53
07:32:53,"[146.0, 144]","[145.0, 33]","[183.13, 30]","[184.08, 37]",164.57,244,37.13,0.45
07:32:54,"[146.0, 120]","[145.0, 30]","[180.56, 27]","[181.93, 30]",163.28,207,34.56,0.45
07:32:55,"[146.0, 144]","[145.0, 36]","[176.11, 38]","[176.94, 36]",161.05,254,30.11,0.42
07:32:56,"[146.0, 96]","[145.0, 36]","[172.17, 30]","[173.83, 41]",159.08,203,26.17,0.3
07:32:57,"[146.0, 72]","[145.0, 33]","[167.33, 36]","[168.71, 41]",156.67,182,21.33,0.15
07:32:58,"[146.0, 48]","[145.0, 36]","[164.11, 35]","[165.13, 38]",155.06,157,18.11,0.07
07:32:59,"[145.8, 50]","[144.5, 40]","[161.16, 43]","[161.98, 43]",153.48,176,15.36,0.02
07:33:00,"[142.84, 38]","[140.94, 62]","[157.73, 55]","[158.62, 52]",150.28,207,14.89,-0.03
07:33:01,"[142.88, 32]","[140.87, 119]","[151.77, 47]","[153.27, 56]",147.32,254,8.89,0.19
07:33:02,"[141.68, 88]","[140.7, 91]","[146.74, 53]","[147.75, 52]",144.21,284,5.05,0.26
07:33:03,"[141.0, 53]","[140.0, 27]","[142.16, 25]","[188.2, 15]",141.58,120,1.16,0.33
07:33:04,"[142.8, 25]","[140.12, 33]","[197.3, 20]","[422.09, 11]",170.05,89,54.5,0.3
07:33:05,"[147.0, 21]","[143.0, 28]","[333.75, 8]","[539.0, 13]",240.38,70,186.75,0.4
07:33:06,"[147.0, 15]","[143.0, 20]","[485.44, 9]","[644.56, 9]",316.22,53,338.44,0.32
07:33:07,"[147.0, 24]","[144.25, 32]","[427.5, 16]","[535.5, 16]",287.25,88,280.5,0.27
07:33:08,"[144.65, 17]","[142.96, 23]","[425.33, 12]","[480.33, 12]",284.99,64,280.69,0.25
07:33:09,"[143.0, 68]","[140.0, 36]","[424.17, 24]","[593.18, 22]",283.58,150,281.17,0.39
07:33:10,"[143.0, 30]","[140.0, 15]","[423.6, 10]","[538.5, 8]",283.3,63,280.6,0.43
07:33:11,"[143.0, 66]","[140.0, 33]","[233.67, 21]","[324.95, 21]",188.33,141,90.67,0.4
07:33:12,"[143.41, 51]","[141.88, 48]","[231.32, 19]","[374.14, 14]",187.36,132,87.9,0.5
07:33:13,"[145.17, 18]","[143.0, 36]","[229.75, 8]","[287.8, 10]",187.46,72,84.58,0.5
07:33:14,"[146.0, 27]","[143.0, 54]","[216.2, 15]","[247.14, 22]",181.1,118,70.2,0.37
07:33:15,"[144.91, 33]","[142.47, 51]","[244.56, 27]","[382.93, 28]",194.73,139,99.65,0.21
07:33:16,"[143.0, 8]","[140.0, 24]","[252.6, 20]","[333.0, 12]",197.8,64,109.6,0.0
07:33:17,"[143.0, 15]","[140.26, 119]","[250.2, 30]","[438.59, 29]",196.6,193,107.2,0.39
07:33:18,"[143.0, 7]","[141.0, 74]","[250.0, 14]","[440.0, 21]",196.5,116,107.0,0.4
07:33:19,"[143.0, 8]","[141.0, 112]","[215.22, 18]","[404.91, 22]",179.11,160,72.22,0.5
07:33:20,"[141.0, 68]","[140.0, 56]","[149.0, 21]","[247.0, 14]",145.0,159,8.0,0.56
07:33:21,"[141.0, 80]","[140.0, 80]","[147.1, 20]","[149.0, 30]",144.05,210,6.1,0.52
07:33:22,"[141.0, 168]","[140.0, 168]","[144.16, 57]","[146.81, 36]",142.58,429,3.16,0.57
07:33:23,"[141.04, 47]","[140.09, 53]","[142.62, 16]","[234.65, 17]",141.83,133,1.58,0.5
07:33:24,"[141.21, 38]","[139.77, 83]","[292.47, 17]","[522.78, 23]",216.84,161,151.26,0.5
07:33:25,"[141.0, 53]","[139.0, 143]","[283.38, 16]","[336.75, 24]",212.19,236,142.38,0.66
07:33:26,"[141.82, 44]","[140.04, 54]","[240.44, 25]","[305.33, 15]",191.13,138,98.62,0.42
07:33:27,"[142.17, 36]","[141.0, 44]","[239.18, 33]","[397.0, 3]",190.67,116,97.02,0.38
07:33:28,"[141.0, 12]","[139.0, 52]","[237.25, 12]","[348.0, 8]",189.12,84,96.25,0.52
07:33:29,"[141.38, 24]","[139.09, 68]","[235.83, 18]","[509.0, 24]",188.6,134,94.46,0.37
07:33:30,"[140.22, 37]","[139.02, 60]","[234.83, 18]","[670.0, 24]",187.52,139,94.62,0.4
07:33:31,"[140.3, 40]","[139.0, 130]","[232.6, 30]","[645.0, 40]",186.45,240,92.3,0.42
07:33:32,"[142.48, 61]","[139.56, 72]","[230.62, 32]","[418.58, 31]",186.55,196,88.15,0.36
07:33:33,"[145.15, 52]","[139.38, 64]","[228.0, 28]","[232.0, 21]",186.58,165,82.85,0.41
07:33:34,"[147.0, 59]","[141.0, 28]","[224.0, 23]","[225.69, 26]",185.5,136,77.0,0.28
07:33:35,"[147.0, 98]","[142.71, 49]","[220.73, 51]","[221.46, 52]",183.86,250,73.73,0.18
07:33:36,"[147.0, 105]","[145.0, 45]","[207.9, 59]","[217.67, 49]",177.45,258,60.9,0.16
07:33:37,"[147.0, 119]","[145.0, 51]","[172.96, 47]","[197.09, 57]",159.98,274,25.96,0.24
07:33:38,"[147.0, 98]","[145.0, 42]","[169.05, 44]","[169.15, 26]",158.02,210,22.05,0.33
07:33:39,"[146.92, 97]","[144.84, 49]","[164.9, 50]","[165.89, 35]",155.91,231,17.98,0.26
07:33:40,"[144.23, 26]","[141.89, 36]","[159.32, 31]","[160.14, 42]",151.78,135,15.09,-0.08
07:33:41,"[141.83, 35]","[140.12, 64]","[155.07, 45]","[156.2, 30]",148.45,174,13.24,0.14
07:33:42,"[143.38, 16]","[141.65, 37]","[151.54, 13]","[152.74, 19]",147.46,85,8.16,0.25
07:33:43,"[143.0, 30]","[141.0, 75]","[146.68, 25]","[148.35, 17]",144.84,147,3.68,0.43
07:33:44,"[142.09, 22]","[140.93, 59]","[144.0, 39]","[241.76, 34]",143.05,154,1.91,0.05
07:33:45,"[141.0, 60]","[140.0, 24]","[142.92, 24]","[259.0, 48]",141.96,156,1.92,0.08
07:33:46,"[141.0, 32]","[140.0, 26]","[188.54, 35]","[297.89, 63]",164.77,156,47.54,-0.26
07:33:47,"[144.6, 30]","[140.43, 14]","[212.5, 24]","[421.83, 30]",178.55,98,67.9,-0.1
07:33:48,"[147.0, 90]","[141.0, 30]","[302.1, 29]","[462.71, 42]",224.55,191,155.1,0.26
07:33:49,"[147.0, 126]","[141.0, 40]","[252.14, 56]","[366.29, 56]",199.57,278,105.14,0.19
07:33:50,"[147.0, 81]","[141.0, 9]","[223.0, 36]","[249.5, 40]",185.0,166,76.0,0.08
07:33:51,"[147.0, 57]","[141.0, 9]","[223.0, 36]","[405.04, 25]",185.0,127,76.0,0.04
07:33:52,"[147.0, 55]","[140.06, 49]","[202.88, 41]","[333.64, 14]",174.94,159,55.88,0.31
07:33:53,"[144.14, 42]","[140.38, 56]","[161.0, 40]","[246.0, 13]",152.57,151,16.86,0.3
07:33:54,"[141.0, 32]","[140.0, 50]","[160.3, 40]","[363.07, 29]",150.65,151,19.3,0.09
07:33:55,"[140.83, 12]","[139.68, 38]","[158.67, 48]","[265.6, 50]",149.75,148,17.83,-0.32
07:33:56,"[139.0, 54]","[138.0, 42]","[158.0, 24]","[295.43, 28]",148.5,148,19.0,0.3
07:33:57,"[139.0, 108]","[138.0, 63]","[158.0, 36]","[361.4, 15]",148.5,222,19.0,0.54
07:33:58,"[139.0, 120]","[138.0, 70]","[156.27, 22]","[159.1, 40]",147.64,252,17.27,0.51
07:33:59,"[139.0, 96]","[137.03, 36]","[153.8, 20]","[155.29, 28]",146.4,180,14.8,0.47
07:34:00,"[139.01, 81]","[138.14, 58]","[152.09, 22]","[154.0, 44]",145.55,205,13.08,0.36
07:34:01,"[141.95, 61]","[138.68, 28]","[151.0, 24]","[152.33, 24]",146.48,137,9.05,0.3
07:34:02,"[143.0, 63]","[141.0, 7]","[149.43, 14]","[151.0, 28]",146.21,112,6.43,0.25
07:34:03,"[143.0, 90]","[141.0, 10]","[147.33, 24]","[149.0, 36]",145.17,160,4.33,0.25
07:34:04,"[143.0, 48]","[141.0, 7]","[144.57, 14]","[147.0, 28]",143.79,97,1.57,0.13
07:34:05,"[143.51, 39]","[142.33, 18]","[147.0, 36]","[350.24, 29]",145.26,122,3.49,-0.07
07:34:06,"[145.67, 60]","[143.0, 56]","[557.96, 48]","[587.04, 50]",351.81,214,412.29,0.08
07:34:07,"[146.0, 39]","[144.5, 16]","[306.62, 39]","[369.68, 40]",226.31,134,160.62,-0.18
07:34:08,"[146.46, 24]","[144.96, 26]","[303.12, 26]","[304.14, 14]",224.79,90,156.66,0.11
07:34:09,"[139.09, 64]","[138.41, 49]","[298.25, 20]","[300.0, 28]",218.67,161,159.16,0.4
07:34:10,"[138.34, 44]","[134.9, 30]","[296.9, 30]","[298.0, 40]",217.62,144,158.56,0.03
07:34:11,"[138.62, 40]","[136.45, 31]","[293.21, 19]","[296.85, 27]",215.92,117,154.59,0.21
07:34:12,"[139.93, 70]","[138.88, 40]","[234.57, 14]","[251.86, 14]",187.25,138,94.64,0.59
07:34:13,"[140.29, 63]","[139.0, 35]","[154.29, 7]","[182.43, 7]",147.29,112,14.0,0.75
07:34:14,"[141.0, 135]","[139.0, 75]","[152.36, 44]","[153.16, 45]",146.68,299,11.36,0.4
07:34:15,"[141.0, 126]","[139.0, 72]","[150.09, 33]","[151.86, 37]",145.55,268,9.09,0.48
07:34:16,"[141.0, 100]","[139.0, 60]","[146.14, 22]","[147.17, 18]",143.57,200,5.14,0.6
07:34:17,"[141.0, 110]","[139.0, 60]","[143.35, 31]","[145.25, 12]",142.18,213,2.35,0.6
07:34:18,"[141.0, 79]","[139.0, 48]","[142.0, 32]","[143.5, 18]",141.5,177,1.0,0.44
07:34:19,"[140.87, 92]","[138.94, 83]","[148.08, 53]","[254.67, 15]",144.47,243,7.21,0.44
07:34:20,"[139.0, 60]","[131.38, 48]","[410.75, 12]","[541.7, 20]",274.88,140,271.75,0.54
07:34:21,"[138.62, 24]","[124.0, 30]","[606.62, 16]","[671.0, 20]",372.62,90,468.0,0.2
07:34:22,"[77.45, 11]","[36.78, 23]","[366.33, 6]","[522.4, 10]",221.89,50,288.88,0.36
07:34:23,"[114.66, 77]","[40.64, 56]","[221.18, 11]","[368.71, 14]",167.92,158,106.52,0.68
07:34:24,"[143.0, 102]","[139.0, 54]","[255.0, 12]","[449.71, 14]",199.0,182,112.0,0.71
07:34:25,"[143.02, 87]","[141.48, 69]","[411.27, 11]","[543.7, 10]",277.15,177,268.25,0.76
07:34:26,"[143.0, 142]","[140.0, 77]","[454.15, 13]","[512.5, 20]",298.58,252,311.15,0.74
07:34:27,"[143.03, 37]","[140.73, 37]","[436.8, 10]","[486.14, 7]",289.91,91,293.77,0.63
07:34:28,"[144.0, 9]","[143.0, 91]","[322.78, 18]","[402.85, 13]",233.39,131,178.78,0.53
07:34:29,"[145.0, 8]","[143.0, 92]","[330.0, 25]","[472.88, 16]",237.5,141,185.0,0.42
07:34:30,"[144.09, 11]","[142.7, 71]","[439.33, 27]","[456.26, 19]",291.71,128,295.24,0.28
07:34:31,"[143.0, 65]","[140.0, 70]","[356.76, 29]","[458.0, 19]",249.88,183,213.76,0.48
07:34:32,"[143.0, 72]","[140.0, 63]","[152.36, 22]","[216.37, 19]",147.68,176,9.36,0.53
07:34:33,"[141.09, 88]","[139.17, 203]","[143.0, 39]","[143.78, 32]",142.05,362,1.91,0.61
07:34:34,"[140.0, 31]","[139.0, 147]","[141.0, 21]","[209.33, 15]",140.5,214,1.0,0.66
07:34:35,"[140.0, 12]","[139.0, 63]","[141.0, 9]","[243.0, 6]",140.5,90,1.0,0.67
07:34:36,"[140.0, 11]","[139.0, 173]","[293.24, 17]","[399.86, 14]",216.62,215,153.24,0.71
07:34:37,"[140.0, 6]","[139.0, 132]","[398.0, 12]","[514.25, 8]",269.0,158,258.0,0.75
07:34:38,"[139.18, 73]","[116.69, 55]","[398.0, 14]","[416.71, 14]",268.59,156,258.82,0.64
07:34:39,"[139.0, 198]","[95.95, 58]","[398.0, 18]","[413.89, 18]",268.5,292,259.0,0.75
07:34:40,"[139.0, 205]","[98.94, 34]","[243.73, 22]","[579.82, 11]",191.36,272,104.73,0.76
07:34:41,"[139.0, 132]","[122.62, 24]","[325.25, 16]","[542.33, 12]",232.12,184,186.25,0.7
07:34:42,"[139.09, 86]","[138.49, 35]","[539.0, 14]","[565.0, 14]",339.05,149,399.91,0.62
07:34:43,"[139.0, 142]","[138.0, 36]","[497.67, 24]","[619.67, 24]",318.33,226,358.67,0.58
07:34:44,"[139.0, 42]","[138.0, 21]","[285.36, 14]","[360.42, 19]",212.18,96,146.36,0.31
07:34:45,"[139.0, 67]","[138.0, 33]","[244.91, 22]","[247.0, 55]",191.95,177,105.91,0.13
07:34:46,"[139.0, 63]","[138.0, 36]","[242.17, 36]","[245.21, 48]",190.58,183,103.17,0.08
07:34:47,"[139.0, 62]","[138.0, 36]","[238.91, 44]","[239.11, 37]",188.95,179,99.91,0.09
07:34:48,"[139.0, 78]","[119.7, 40]","[236.39, 41]","[237.76, 42]",187.7,201,97.39,0.17
07:34:49,"[139.2, 40]","[138.07, 59]","[235.68, 44]","[236.26, 47]",187.44,190,96.48,0.04
07:34:50,"[140.08, 26]","[139.18, 22]","[233.5, 20]","[234.71, 14]",186.79,82,93.42,0.17
07:34:51,"[141.08, 25]","[140.04, 50]","[229.68, 41]","[231.09, 47]",185.38,163,88.6,-0.08
07:34:52,"[143.89, 18]","[142.33, 12]","[226.69, 26]","[227.54, 26]",185.29,82,82.8,-0.27
07:34:53,"[144.27, 30]","[143.0, 15]","[212.64, 42]","[213.51, 45]",178.45,132,68.38,-0.32
07:34:54,"[145.0, 24]","[143.0, 12]","[205.54, 41]","[206.06, 32]",175.27,109,60.54,-0.34
07:34:55,"[145.0, 30]","[143.0, 15]","[198.48, 54]","[200.33, 36]",171.74,135,53.48,-0.33
07:34:56,"[145.0, 13]","[143.0, 11]","[191.0, 25]","[194.26, 19]",168.0,68,46.0,-0.29
07:34:57,"[145.5, 24]","[143.29, 14]","[187.61, 61]","[188.66, 41]",166.55,140,42.11,-0.46
07:34:58,"[146.0, 60]","[145.0, 10]","[182.31, 35]","[183.96, 23]",164.16,128,36.31,0.09
07:34:59,"[146.0, 48]","[145.0, 8]","[179.95, 37]","[181.47, 19]",162.97,112,33.95,0.0
07:35:00,"[146.29, 102]","[145.6, 30]","[178.36, 44]","[179.74, 54]",162.33,230,32.07,0.15
07:35:01,"[147.0, 114]","[146.0, 114]","[176.68, 62]","[177.36, 50]",161.84,340,29.68,0.34
07:35:02,"[147.0, 54]","[146.0, 54]","[171.0, 37]","[171.79, 33]",159.0,178,24.0,0.21
07:35:03,"[147.0, 72]","[145.69, 35]","[166.35, 43]","[167.53, 60]",156.67,210,19.35,0.02
07:35:04,"[147.0, 31]","[146.0, 54]","[160.84, 67]","[161.73, 60]",153.92,212,13.84,-0.2
07:35:05,"[146.53, 17]","[145.79, 47]","[154.61, 46]","[155.7, 40]",150.57,150,8.08,-0.15
07:35:06,"[142.33, 12]","[140.33, 24]","[147.09, 33]","[148.85, 26]",144.71,95,4.76,-0.24
07:35:07,"[142.16, 56]","[139.44, 54]","[144.58, 67]","[145.36, 55]",143.37,232,2.42,-0.05
07:35:08,"[139.12, 96]","[138.35, 92]","[141.05, 43]","[143.0, 44]",140.09,275,1.92,0.37
07:35:09,"[139.0, 60]","[138.0, 60]","[141.06, 18]","[329.67, 42]",140.03,180,2.06,0.33
07:35:10,"[139.0, 18]","[107.63, 35]","[141.0, 9]","[441.56, 36]",140.0,98,2.0,0.08
07:35:11,"[139.0, 20]","[136.0, 12]","[140.3, 10]","[545.2, 25]",139.65,67,1.3,-0.04
07:35:12,"[139.0, 14]","[138.0, 11]","[338.73, 30]","[478.58, 31]",238.87,86,199.73,-0.42
07:35:13,"[134.68, 59]","[93.71, 24]","[298.33, 39]","[371.36, 39]",216.51,161,163.66,0.03
07:35:14,"[140.65, 62]","[139.0, 51]","[193.14, 56]","[202.57, 23]",166.89,192,52.5,0.18
07:35:15,"[142.54, 52]","[139.0, 52]","[171.54, 52]","[209.0, 13]",157.04,169,29.0,0.23
07:35:16,"[143.0, 28]","[139.0, 28]","[168.43, 28]","[181.16, 25]",155.71,109,25.43,0.03
07:35:17,"[143.0, 44]","[139.0, 44]","[165.1, 41]","[166.68, 37]",154.05,166,22.1,0.06
07:35:18,"[143.37, 38]","[139.03, 39]","[159.59, 49]","[163.95, 38]",151.48,164,16.22,-0.06
07:35:19,"[140.0, 24]","[139.0, 24]","[161.58, 48]","[165.0, 36]",150.79,132,21.58,-0.27
07:35:20,"[140.0, 26]","[139.0, 26]","[160.02, 51]","[163.6, 40]",150.01,143,20.02,-0.27
07:35:21,"[140.0, 24]","[139.0, 24]","[157.83, 48]","[159.0, 36]",148.92,132,17.83,-0.27
07:35:22,"[147.0, 10]","[140.82, 11]","[157.0, 40]","[159.0, 30]",152.0,91,10.0,-0.54
07:35:23,"[147.0, 11]","[141.0, 11]","[155.36, 55]","[157.0, 44]",151.18,121,8.36,-0.64
07:35:24,"[139.6, 40]","[138.07, 135]","[153.27, 75]","[155.01, 68]",146.43,318,13.67,0.1
07:35:25,"[138.58, 33]","[137.87, 95]","[150.14, 36]","[151.41, 44]",144.36,208,11.56,0.23
07:35:26,"[143.0, 16]","[138.0, 159]","[145.97, 58]","[147.26, 68]",144.48,301,2.97,0.16
07:35:27,"[138.2, 85]","[126.6, 53]","[145.51, 41]","[179.7, 40]",141.86,219,7.31,0.26
07:35:28,"[139.0, 56]","[138.0, 108]","[143.3, 50]","[164.05, 38]",141.15,252,4.3,0.3
07:35:29,"[139.0, 36]","[138.0, 135]","[142.15, 46]","[145.75, 57]",140.58,274,3.15,0.25
07:35:30,"[138.19, 31]","[123.42, 69]","[141.02, 49]","[142.29, 42]",139.61,191,2.83,0.05
07:35:31,"[138.37, 19]","[120.49, 37]","[140.0, 33]","[142.0, 33]",139.18,122,1.63,-0.08
07:35:32,"[138.0, 24]","[92.89, 38]","[139.75, 24]","[141.38, 32]",138.88,118,1.75,0.05
07:35:33,"[89.96, 74]","[84.33, 45]","[136.71, 35]","[181.1, 29]",113.34,183,46.75,0.3
07:35:34,"[90.69, 77]","[85.94, 50]","[138.1, 10]","[367.0, 26]",114.39,163,47.41,0.56
07:35:35,"[110.96, 52]","[105.0, 50]","[135.62, 13]","[168.59, 39]",123.29,154,24.65,0.32
07:35:36,"[128.17, 46]","[125.47, 57]","[134.5, 10]","[136.0, 40]",131.34,153,6.33,0.35
07:35:37,"[131.0, 30]","[130.0, 40]","[134.0, 10]","[136.0, 40]",132.5,120,3.0,0.17
07:35:38,"[132.27, 11]","[127.93, 41]","[136.0, 40]","[361.29, 42]",134.14,134,3.73,-0.22
07:35:39,"[125.44, 18]","[43.93, 15]","[135.1, 20]","[304.62, 16]",130.27,69,9.66,-0.04
07:35:40,"[129.0, 24]","[87.5, 6]","[132.94, 16]","[135.31, 13]",130.97,59,3.94,0.02
07:35:41,"[129.91, 88]","[127.06, 34]","[132.65, 26]","[134.83, 23]",131.28,171,2.74,0.43
07:35:42,"[130.0, 70]","[95.47, 34]","[131.0, 11]","[133.0, 21]",130.5,136,1.0,0.53
07:35:43,"[130.57, 70]","[91.0, 35]","[133.35, 17]","[136.44, 18]",131.96,140,2.78,0.5
07:35:44,"[132.0, 110]","[91.0, 55]","[136.17, 12]","[148.93, 43]",134.08,220,4.17,0.5
07:35:45,"[132.76, 41]","[91.0, 25]","[135.8, 10]","[137.0, 10]",134.28,86,3.04,0.53
07:35:46,"[133.0, 28]","[91.0, 20]","[135.6, 10]","[185.29, 14]",134.3,72,2.6,0.33
07:35:47,"[96.91, 67]","[66.81, 64]","[133.0, 36]","[163.24, 42]",114.96,209,36.09,0.25
07:35:48,"[102.04, 56]","[79.28, 50]","[207.96, 26]","[248.82, 33]",155.0,165,105.93,0.28
07:35:49,"[111.89, 54]","[109.2, 80]","[281.78, 18]","[401.81, 31]",196.83,183,169.89,0.46
07:35:50,"[135.94, 50]","[115.08, 63]","[215.69, 26]","[281.73, 22]",175.82,161,79.75,0.4
07:35:51,"[142.66, 134]","[141.02, 59]","[227.71, 28]","[234.72, 29]",185.19,250,85.06,0.54
07:35:52,"[143.81, 84]","[141.2, 50]","[224.14, 21]","[225.4, 15]",183.98,170,80.33,0.58
07:35:53,"[145.0, 64]","[140.0, 24]","[223.75, 16]","[225.0, 8]",184.38,112,78.75,0.57
07:35:54,"[145.0, 56]","[140.0, 30]","[222.33, 27]","[223.35, 17]",183.67,130,77.33,0.32
07:35:55,"[145.0, 40]","[140.5, 12]","[220.17, 12]","[221.81, 27]",182.58,91,75.17,0.14
07:35:56,"[145.0, 50]","[141.0, 10]","[217.42, 24]","[218.13, 30]",181.21,114,72.42,0.05
07:35:57,"[145.0, 37]","[141.0, 9]","[213.67, 12]","[215.88, 17]",179.33,75,68.67,0.23
07:35:58,"[145.0, 21]","[141.0, 7]","[211.12, 8]","[212.25, 16]",178.06,52,66.12,0.08
07:35:59,"[145.0, 21]","[141.0, 7]","[197.07, 14]","[210.1, 10]",171.04,52,52.07,0.08
07:36:00,"[145.0, 30]","[141.0, 10]","[204.69, 32]","[206.73, 15]",174.84,87,59.69,-0.08
07:36:01,"[145.0, 34]","[141.0, 14]","[200.68, 38]","[204.12, 43]",172.84,129,55.68,-0.26
07:36:02,"[142.5, 20]","[139.29, 35]","[199.74, 27]","[201.89, 27]",171.12,109,57.24,0.01
07:36:03,"[140.0, 24]","[139.0, 78]","[180.83, 36]","[187.38, 48]",160.42,186,40.83,0.1
07:36:04,"[140.0, 10]","[139.0, 60]","[167.46, 46]","[169.05, 20]",153.73,136,27.46,0.03
07:36:05,"[140.3, 10]","[139.07, 45]","[166.21, 14]","[167.02, 46]",153.26,115,25.91,-0.04
07:36:06,"[139.26, 23]","[138.14, 43]","[165.0, 8]","[167.0, 40]",152.13,114,25.74,0.16
07:36:07,"[139.0, 48]","[138.0, 96]","[161.41, 46]","[162.86, 49]",150.21,239,22.41,0.21
07:36:08,"[139.0, 48]","[132.25, 73]","[154.32, 47]","[156.7, 54]",146.66,222,15.32,0.09
07:36:09,"[139.0, 56]","[138.0, 48]","[150.85, 34]","[151.82, 51]",144.93,189,11.85,0.1
07:36:10,"[139.0, 60]","[138.0, 40]","[148.8, 25]","[149.2, 25]",143.9,150,9.8,0.33
07:36:11,"[139.0, 54]","[138.0, 36]","[147.35, 34]","[148.72, 39]",143.18,163,8.35,0.1
07:36:12,"[139.0, 51]","[138.0, 40]","[144.9, 40]","[146.0, 10]",141.95,141,5.9,0.29
07:36:13,"[138.36, 56]","[104.09, 46]","[140.09, 34]","[143.95, 44]",139.22,180,1.73,0.13
07:36:14,"[138.0, 30]","[75.0, 30]","[144.0, 36]","[146.38, 45]",141.0,141,6.0,-0.15
07:36:15,"[138.55, 29]","[127.18, 33]","[144.0, 44]","[145.0, 55]",141.28,161,5.45,-0.23
07:36:16,"[138.0, 30]","[122.1, 29]","[142.58, 24]","[189.24, 34]",140.29,117,4.58,0.01
07:36:17,"[138.0, 18]","[111.62, 29]","[139.0, 24]","[208.59, 39]",138.5,110,1.0,-0.15
07:36:18,"[100.89, 18]","[80.87, 23]","[139.0, 10]","[264.0, 45]",119.94,96,38.11,-0.15
07:36:19,"[139.63, 54]","[117.47, 19]","[256.19, 48]","[398.25, 60]",197.91,181,116.56,-0.19
07:36:20,"[143.69, 72]","[141.97, 76]","[211.5, 50]","[292.11, 54]",177.6,252,67.81,0.17
07:36:21,"[143.3, 46]","[142.29, 68]","[194.81, 47]","[473.32, 41]",169.06,202,51.5,0.13
07:36:22,"[144.91, 22]","[143.0, 88]","[285.55, 33]","[416.73, 37]",215.23,180,140.64,0.22
07:36:23,"[143.11, 74]","[140.39, 46]","[555.05, 38]","[746.8, 55]",349.08,213,411.94,0.13
07:36:24,"[141.59, 34]","[138.43, 42]","[412.33, 36]","[461.31, 26]",276.96,138,270.75,0.1
07:36:25,"[140.33, 36]","[138.29, 42]","[313.8, 15]","[352.96, 25]",227.07,118,173.47,0.32
07:36:26,"[143.0, 48]","[139.0, 48]","[176.96, 23]","[238.86, 14]",159.98,133,33.96,0.44
07:36:27,"[143.0, 42]","[140.45, 22]","[175.67, 36]","[227.38, 13]",159.33,113,32.67,0.13
07:36:28,"[140.33, 36]","[138.5, 48]","[174.75, 32]","[407.0, 16]",157.54,132,34.42,0.27
07:36:29,"[139.0, 51]","[138.0, 84]","[173.14, 56]","[469.89, 36]",156.07,227,34.14,0.19
07:36:30,"[139.0, 24]","[138.0, 48]","[171.62, 32]","[430.18, 11]",155.31,115,32.62,0.25
07:36:31,"[139.85, 13]","[138.57, 28]","[388.77, 26]","[649.53, 30]",264.31,97,248.92,-0.15
07:36:32,"[145.86, 21]","[139.18, 33]","[329.84, 31]","[532.92, 25]",237.85,110,183.98,-0.02
07:36:33,"[147.0, 27]","[141.0, 36]","[157.33, 30]","[296.57, 21]",152.17,114,10.33,0.11
07:36:34,"[147.0, 30]","[141.0, 40]","[152.8, 40]","[154.0, 10]",149.9,120,5.8,0.17
07:36:35,"[147.0, 27]","[141.0, 36]","[152.0, 36]","[279.0, 12]",149.5,111,5.0,0.14
07:36:36,"[141.58, 31]","[139.42, 19]","[152.0, 36]","[241.32, 25]",146.79,111,10.42,-0.1
07:36:37,"[139.4, 47]","[128.55, 85]","[150.35, 46]","[158.36, 55]",144.88,233,10.94,0.13
07:36:38,"[138.58, 31]","[130.65, 49]","[146.88, 32]","[148.05, 41]",142.73,153,8.29,0.05
07:36:39,"[141.0, 160]","[138.0, 32]","[143.96, 25]","[145.11, 27]",142.48,244,2.96,0.57
07:36:40,"[141.06, 176]","[139.83, 92]","[143.25, 48]","[321.86, 56]",142.15,372,2.19,0.44
07:36:41,"[140.21, 117]","[139.87, 106]","[434.35, 34]","[560.49, 37]",287.28,294,294.15,0.52
07:36:42,"[140.37, 73]","[139.95, 161]","[338.72, 29]","[356.39, 41]",239.55,304,198.35,0.54
07:36:43,"[140.0, 112]","[139.0, 14]","[330.08, 13]","[332.86, 21]",235.04,160,190.08,0.57
07:36:44,"[140.0, 160]","[139.0, 20]","[330.5, 30]","[398.46, 28]",235.25,238,190.5,0.51
07:36:45,"[140.0, 160]","[139.0, 20]","[329.2, 30]","[381.0, 40]",234.6,250,189.2,0.44
07:36:46,"[140.01, 161]","[139.44, 36]","[281.9, 29]","[347.56, 36]",210.95,262,141.89,0.5
07:36:47,"[141.14, 7]","[140.0, 112]","[157.0, 21]","[158.0, 21]",149.07,161,15.86,0.48
07:36:48,"[142.5, 10]","[140.0, 160]","[155.9, 30]","[157.1, 30]",149.2,230,13.4,0.48
07:36:49,"[140.74, 94]","[139.86, 58]","[153.08, 36]","[156.0, 36]",146.91,224,12.34,0.36
07:36:50,"[141.0, 69]","[140.0, 60]","[151.83, 36]","[153.5, 36]",146.42,201,10.83,0.28
07:36:51,"[141.0, 16]","[140.0, 45]","[148.78, 27]","[150.11, 27]",144.89,115,7.78,0.06
07:36:52,"[140.04, 52]","[139.2, 50]","[145.88, 43]","[147.83, 36]",142.96,181,5.85,0.13
07:36:53,"[140.59, 61]","[139.35, 43]","[143.83, 48]","[147.0, 36]",142.21,188,3.24,0.11
07:36:54,"[139.94, 47]","[138.54, 65]","[142.17, 48]","[236.67, 36]",141.05,196,2.23,0.14
07:36:55,"[139.0, 52]","[138.0, 54]","[140.62, 42]","[209.81, 27]",139.81,175,1.62,0.21
07:36:56,"[138.09, 70]","[130.94, 17]","[140.43, 28]","[267.5, 26]",139.26,141,2.34,0.23
07:36:57,"[138.0, 46]","[95.0, 7]","[139.0, 14]","[140.0, 14]",138.5,81,1.0,0.31
07:36:58,"[138.0, 32]","[103.83, 12]","[139.0, 14]","[306.67, 9]",138.5,67,1.0,0.31
07:36:59,"[139.95, 37]","[134.0, 36]","[337.0, 35]","[492.17, 18]",238.47,126,197.05,0.16
07:37:00,"[144.33, 9]","[143.0, 27]","[324.68, 25]","[550.67, 27]",234.51,88,180.35,-0.18
07:37:01,"[146.94, 108]","[143.88, 16]","[421.77, 26]","[549.13, 15]",284.36,165,274.82,0.5
07:37:02,"[147.0, 74]","[145.0, 8]","[531.0, 24]","[563.0, 8]",339.0,114,384.0,0.44
07:37:03,"[147.0, 91]","[145.57, 14]","[255.21, 42]","[531.8, 40]",201.11,187,108.21,0.12
07:37:04,"[145.88, 52]","[141.14, 42]","[279.84, 32]","[465.18, 34]",212.86,160,133.96,0.17
07:37:05,"[147.0, 48]","[141.5, 16]","[325.5, 12]","[534.0, 18]",236.25,94,178.5,0.36
07:37:06,"[147.0, 64]","[140.0, 32]","[237.38, 32]","[400.9, 20]",192.19,148,90.38,0.3
07:37:07,"[147.0, 92]","[142.6, 120]","[227.93, 46]","[235.77, 48]",187.47,306,80.93,0.39
07:37:08,"[147.0, 84]","[143.23, 155]","[202.14, 57]","[202.91, 55]",174.57,351,55.14,0.36
07:37:09,"[146.9, 30]","[144.23, 66]","[197.0, 24]","[198.0, 60]",171.95,180,50.1,0.07
07:37:10,"[146.0, 13]","[143.77, 169]","[160.12, 52]","[169.76, 42]",153.06,276,14.12,0.32
07:37:11,"[146.0, 8]","[145.0, 104]","[152.41, 37]","[158.27, 30]",149.2,179,6.41,0.25
07:37:12,"[146.0, 11]","[145.0, 143]","[149.28, 46]","[149.79, 34]",147.64,234,3.28,0.32
07:37:13,"[145.08, 66]","[143.83, 156]","[146.33, 36]","[157.27, 45]",145.7,303,1.26,0.47
07:37:14,"[143.19, 129]","[141.56, 75]","[303.92, 39]","[380.18, 22]",223.55,265,160.74,0.54
07:37:15,"[143.0, 78]","[141.0, 6]","[535.0, 18]","[705.0, 6]",339.0,108,392.0,0.56
07:37:16,"[143.0, 89]","[141.0, 7]","[503.43, 21]","[673.06, 17]",323.21,134,360.43,0.43
07:37:17,"[143.0, 72]","[141.0, 66]","[293.17, 18]","[659.62, 8]",218.08,164,150.17,0.68
07:37:18,"[143.0, 108]","[141.0, 117]","[447.32, 19]","[558.72, 18]",295.16,262,304.32,0.72
07:37:19,"[143.0, 117]","[141.0, 46]","[208.2, 20]","[440.12, 24]",175.6,207,65.2,0.57
07:37:20,"[143.0, 77]","[141.0, 7]","[205.88, 16]","[623.67, 24]",174.44,124,62.88,0.35
07:37:21,"[143.0, 115]","[141.0, 15]","[207.0, 18]","[639.32, 25]",175.0,173,64.0,0.5
07:37:22,"[143.03, 93]","[142.58, 57]","[206.44, 18]","[279.43, 28]",174.74,196,63.41,0.53
07:37:23,"[145.0, 10]","[143.0, 150]","[169.76, 34]","[229.48, 23]",157.38,217,24.76,0.47
07:37:24,"[143.04, 138]","[142.43, 63]","[205.36, 22]","[286.48, 40]",174.2,263,62.32,0.53
07:37:25,"[144.6, 50]","[142.95, 154]","[195.1, 20]","[202.33, 18]",169.85,242,50.5,0.69
07:37:26,"[147.0, 11]","[143.0, 165]","[198.89, 18]","[200.38, 21]",172.94,215,51.89,0.64
07:37:27,"[147.0, 11]","[143.0, 165]","[192.86, 22]","[194.33, 24]",169.93,222,45.86,0.59
07:37:28,"[143.06, 145]","[140.87, 30]","[189.09, 33]","[190.62, 24]",166.07,232,46.04,0.51
07:37:29,"[143.0, 170]","[141.0, 28]","[185.73, 30]","[186.73, 22]",164.37,250,42.73,0.58
07:37:30,"[143.0, 99]","[141.0, 22]","[179.2, 25]","[180.12, 24]",161.1,170,36.2,0.42
07:37:31,"[143.0, 90]","[141.0, 20]","[158.64, 22]","[161.35, 23]",150.82,155,15.64,0.42
07:37:32,"[142.9, 82]","[140.71, 28]","[146.87, 23]","[147.48, 23]",144.89,156,3.97,0.41
07:37:33,"[142.92, 48]","[140.36, 44]","[144.53, 38]","[145.75, 40]",143.72,170,1.61,0.08
07:37:34,"[140.26, 35]","[138.94, 144]","[142.84, 19]","[144.17, 24]",141.55,222,2.58,0.61
07:37:35,"[139.0, 144]","[138.0, 96]","[140.29, 14]","[161.18, 22]",139.64,276,1.29,0.74
07:37:36,"[139.0, 135]","[138.0, 128]","[252.96, 26]","[349.49, 41]",195.98,330,113.96,0.59
07:37:37,"[139.0, 42]","[138.0, 48]","[149.0, 18]","[556.5, 8]",144.0,116,10.0,0.55
07:37:38,"[139.0, 49]","[138.0, 56]","[148.07, 27]","[250.82, 11]",143.54,143,9.07,0.47
07:37:39,"[139.0, 100]","[138.0, 112]","[145.79, 70]","[285.77, 26]",142.39,308,6.79,0.38
07:37:40,"[139.05, 56]","[138.27, 66]","[143.88, 40]","[412.44, 16]",141.46,178,4.82,0.37
07:37:41,"[139.67, 15]","[138.33, 60]","[143.0, 60]","[484.0, 28]",141.33,163,3.33,-0.08
07:37:42,"[138.85, 13]","[137.21, 53]","[142.5, 60]","[447.08, 25]",140.67,151,3.65,-0.13
07:37:43,"[138.0, 80]","[120.3, 20]","[141.62, 40]","[506.33, 15]",139.81,155,3.62,0.29
07:37:44,"[138.0, 140]","[111.12, 34]","[141.0, 70]","[232.0, 70]",139.5,314,3.0,0.11
07:37:45,"[138.0, 90]","[130.56, 9]","[140.22, 45]","[226.33, 36]",139.11,180,2.22,0.1
07:37:46,"[138.0, 78]","[136.43, 14]","[140.0, 48]","[224.84, 38]",139.0,178,2.0,0.03
07:37:47,"[138.43, 14]","[137.85, 26]","[140.0, 32]","[267.75, 40]",139.21,112,1.57,-0.29
07:37:48,"[138.0, 40]","[135.8, 10]","[355.48, 33]","[402.69, 32]",246.74,115,217.48,-0.13
07:37:49,"[138.63, 43]","[137.3, 23]","[140.05, 41]","[146.3, 27]",139.34,134,1.42,-0.01
07:37:50,"[138.0, 24]","[103.03, 35]","[272.97, 29]","[301.17, 23]",205.48,111,134.97,0.06
07:37:51,"[134.31, 26]","[101.89, 35]","[189.44, 45]","[242.85, 39]",161.88,145,55.14,-0.16
07:37:52,"[123.6, 40]","[85.67, 48]","[222.38, 37]","[277.51, 37]",172.99,162,98.78,0.09
07:37:53,"[119.55, 33]","[116.91, 44]","[154.38, 26]","[236.0, 44]",136.97,147,34.84,0.05
07:37:54,"[120.83, 18]","[116.0, 24]","[131.0, 6]","[136.0, 24]",125.92,72,10.17,0.17
07:37:55,"[121.86, 21]","[117.14, 28]","[133.79, 19]","[269.86, 28]",127.82,96,11.93,0.02
07:37:56,"[122.62, 24]","[75.75, 32]","[136.0, 24]","[259.62, 26]",129.31,106,13.38,0.06
07:37:57,"[136.68, 25]","[102.48, 23]","[175.33, 9]","[262.2, 25]",156.01,82,38.65,0.17
07:37:58,"[141.0, 36]","[128.0, 27]","[193.44, 9]","[195.0, 9]",167.22,81,52.44,0.56
07:37:59,"[141.0, 40]","[138.0, 30]","[191.4, 10]","[331.44, 16]",166.2,96,50.4,0.46
07:38:00,"[141.0, 52]","[138.0, 39]","[190.23, 13]","[214.71, 28]",165.62,132,49.23,0.38
07:38:01,"[142.75, 24]","[140.08, 25]","[190.0, 8]","[247.0, 13]",166.38,70,47.25,0.4
07:38:02,"[147.0, 11]","[143.0, 16]","[189.62, 8]","[275.0, 32]",168.31,67,42.62,-0.19
07:38:03,"[143.0, 15]","[143.0, 16]","[189.0, 7]","[288.71, 28]",166.0,66,46.0,-0.06
07:38:04,"[140.69, 29]","[136.8, 30]","[187.5, 34]","[188.0, 16]",164.09,109,46.81,0.08
07:38:05,"[138.42, 12]","[134.12, 34]","[183.46, 24]","[186.67, 36]",160.94,106,45.04,-0.13
07:38:06,"[133.76, 17]","[110.93, 28]","[181.38, 32]","[181.91, 23]",157.57,100,47.61,-0.1
07:38:07,"[42.13, 30]","[18.8, 20]","[135.0, 16]","[180.44, 9]",88.57,75,92.87,0.33
07:38:08,"[64.56, 32]","[57.44, 50]","[131.96, 24]","[162.55, 11]",98.26,117,67.4,0.4
07:38:09,"[101.71, 51]","[68.29, 66]","[128.44, 57]","[130.0, 46]",115.07,220,26.73,0.06
07:38:10,"[117.0, 24]","[80.0, 18]","[127.0, 30]","[130.0, 18]",122.0,90,10.0,-0.07
07:38:11,"[117.0, 40]","[80.0, 30]","[127.0, 52]","[130.0, 30]",122.0,152,10.0,-0.08
07:38:12,"[88.83, 46]","[59.46, 61]","[127.0, 25]","[130.0, 33]",107.91,165,38.17,0.3
07:38:13,"[82.06, 16]","[72.88, 24]","[127.0, 4]","[130.0, 12]",104.53,56,44.94,0.43
07:38:14,"[77.33, 54]","[58.89, 35]","[130.0, 10]","[131.0, 75]",103.67,174,52.67,0.02
07:38:15,"[84.82, 56]","[81.76, 34]","[129.26, 27]","[130.94, 67]",107.04,184,44.44,-0.02
07:38:16,"[101.65, 34]","[100.73, 60]","[127.45, 55]","[130.0, 11]",114.55,160,25.81,0.17
07:38:17,"[104.86, 14]","[103.33, 18]","[127.0, 35]","[130.0, 7]",115.93,74,22.14,-0.14
07:38:18,"[106.54, 26]","[105.15, 26]","[278.29, 41]","[508.44, 54]",192.42,147,171.75,-0.29
07:38:19,"[123.15, 27]","[121.46, 52]","[270.18, 33]","[464.21, 38]",196.66,150,147.03,0.05
07:38:20,"[128.38, 16]","[127.38, 16]","[135.75, 24]","[264.6, 25]",132.06,81,7.38,-0.21
07:38:21,"[131.1, 40]","[130.1, 40]","[179.44, 32]","[175.66, 62]",155.27,174,48.34,-0.08
07:38:22,"[136.03, 29]","[134.15, 26]","[397.91, 44]","[465.23, 47]",266.97,146,261.87,-0.25
07:38:23,"[141.25, 24]","[139.71, 42]","[459.62, 21]","[502.8, 45]",300.43,132,318.37,0.0
07:38:24,"[144.65, 23]","[142.0, 30]","[270.95, 38]","[342.69, 26]",207.8,117,126.3,-0.09
07:38:25,"[145.95, 19]","[144.45, 11]","[213.5, 16]","[266.71, 34]",179.72,80,67.55,-0.25
07:38:26,"[145.78, 18]","[143.93, 15]","[200.76, 29]","[219.66, 29]",173.27,91,54.98,-0.27
07:38:27,"[145.0, 6]","[143.0, 12]","[171.67, 24]","[172.67, 12]",158.33,54,26.67,-0.33
07:38:28,"[139.75, 32]","[138.91, 53]","[157.24, 49]","[167.59, 37]",148.5,171,17.49,-0.01
07:38:29,"[138.0, 22]","[121.56, 9]","[139.83, 24]","[182.21, 33]",138.92,88,1.83,-0.3
07:38:30,"[133.0, 11]","[87.91, 11]","[211.44, 39]","[343.32, 19]",172.22,80,78.44,-0.45
07:38:31,"[129.18, 38]","[122.67, 18]","[210.33, 51]","[279.84, 32]",169.76,139,81.15,-0.19
07:38:32,"[140.72, 18]","[132.33, 18]","[196.57, 42]","[262.11, 45]",168.65,123,55.85,-0.41
07:38:33,"[139.95, 40]","[137.48, 33]","[195.0, 42]","[391.64, 50]",167.47,165,55.05,-0.12
07:38:34,"[140.88, 16]","[139.0, 56]","[194.57, 23]","[308.89, 19]",167.72,114,53.69,0.26
07:38:35,"[143.12, 101]","[142.39, 138]","[187.21, 75]","[187.67, 73]",165.17,387,44.09,0.24
07:38:36,"[143.83, 46]","[142.76, 150]","[185.08, 50]","[186.3, 66]",164.45,312,41.25,0.26
07:38:37,"[143.33, 120]","[141.76, 145]","[180.89, 55]","[182.93, 58]",162.11,378,37.56,0.4
07:38:38,"[144.18, 34]","[142.48, 104]","[176.13, 31]","[177.12, 41]",160.15,210,31.95,0.31
07:38:39,"[143.03, 58]","[141.41, 79]","[174.89, 36]","[176.0, 27]",158.96,200,31.85,0.37
07:38:40,"[144.0, 6]","[143.0, 48]","[172.18, 28]","[173.26, 23]",158.09,105,28.18,0.03
07:38:41,"[143.38, 32]","[142.28, 100]","[169.29, 49]","[171.05, 58]",156.33,239,25.91,0.1
07:38:42,"[143.0, 66]","[141.0, 121]","[162.69, 48]","[166.89, 44]",152.84,279,19.69,0.34
07:38:43,"[143.0, 90]","[141.0, 165]","[155.22, 51]","[156.24, 70]",149.11,376,12.22,0.36
07:38:44,"[143.0, 84]","[141.0, 154]","[151.48, 58]","[152.68, 62]",147.24,358,8.48,0.33
07:38:45,"[143.0, 30]","[141.0, 143]","[148.23, 52]","[149.64, 47]",145.62,272,5.23,0.27
07:38:46,"[141.51, 70]","[140.87, 114]","[145.19, 54]","[146.28, 61]",143.35,299,3.67,0.23
07:38:47,"[141.0, 38]","[140.0, 18]","[142.0, 12]","[162.77, 26]",141.5,94,1.0,0.19
07:38:48,"[141.0, 27]","[140.0, 33]","[158.8, 25]","[252.27, 33]",149.9,118,17.8,0.02
07:38:49,"[141.0, 4]","[140.0, 12]","[172.0, 12]","[222.0, 12]",156.5,40,31.0,-0.2
07:38:50,"[141.0, 10]","[140.0, 30]","[157.6, 30]","[191.8, 30]",149.3,100,16.6,-0.2
07:38:51,"[140.25, 12]","[139.18, 51]","[172.0, 18]","[320.0, 18]",156.12,99,31.75,0.27
07:38:52,"[141.81, 16]","[139.33, 58]","[172.0, 27]","[281.14, 21]",156.91,122,30.19,0.21
07:38:53,"[147.0, 30]","[143.0, 15]","[170.87, 45]","[237.7, 33]",158.93,123,23.87,-0.27
07:38:54,"[139.31, 209]","[138.31, 64]","[166.86, 42]","[191.43, 42]",153.08,357,27.55,0.53
07:38:55,"[139.47, 205]","[138.8, 180]","[165.93, 42]","[281.47, 32]",152.7,459,26.46,0.68
07:38:56,"[140.05, 142]","[139.02, 203]","[149.58, 36]","[326.54, 28]",144.82,409,9.53,0.69
07:38:57,"[141.14, 29]","[139.69, 58]","[484.76, 25]","[539.96, 25]",312.95,137,343.62,0.27
07:38:58,"[140.0, 45]","[139.0, 162]","[538.96, 25]","[671.55, 11]",339.48,243,398.96,0.7
07:38:59,"[139.25, 103]","[138.77, 104]","[523.67, 9]","[538.86, 22]",331.46,238,384.41,0.74
07:39:00,"[143.31, 32]","[141.31, 13]","[474.94, 18]","[484.11, 27]",309.13,90,331.63,0.0
07:39:01,"[144.46, 130]","[143.0, 26]","[303.16, 19]","[319.65, 17]",223.81,192,158.7,0.62
07:39:02,"[145.0, 68]","[143.0, 20]","[153.9, 21]","[168.32, 25]",149.45,134,8.9,0.31
07:39:03,"[145.0, 66]","[143.0, 22]","[152.36, 11]","[153.94, 31]",148.68,130,7.36,0.35
07:39:04,"[145.01, 67]","[143.43, 28]","[150.08, 12]","[150.81, 16]",147.55,123,5.07,0.54
07:39:05,"[145.62, 16]","[144.94, 62]","[148.27, 11]","[150.53, 15]",146.95,104,2.65,0.5
07:39:06,"[144.88, 60]","[142.47, 30]","[152.37, 30]","[191.92, 36]",148.62,156,7.48,0.15
07:39:07,"[145.0, 33]","[143.0, 22]","[152.37, 51]","[153.46, 37]",148.69,143,7.37,-0.23
07:39:08,"[144.35, 46]","[141.71, 34]","[150.21, 47]","[151.92, 73]",147.28,200,5.86,-0.2
07:39:09,"[142.0, 20]","[141.0, 40]","[148.0, 50]","[150.0, 30]",145.0,140,6.0,-0.14
07:39:10,"[142.89, 36]","[141.67, 24]","[147.66, 44]","[149.17, 36]",145.27,140,4.77,-0.14
07:39:11,"[143.0, 18]","[142.0, 18]","[145.0, 27]","[148.0, 45]",144.0,108,2.0,-0.33
07:39:12,"[143.0, 12]","[142.0, 28]","[145.68, 40]","[147.79, 56]",144.34,136,2.68,-0.41
07:39:13,"[141.61, 23]","[140.71, 34]","[144.38, 29]","[149.88, 32]",142.99,118,2.77,-0.03
07:39:14,"[141.0, 24]","[140.0, 32]","[144.62, 24]","[201.92, 12]",142.81,92,3.62,0.22
07:39:15,"[141.16, 25]","[140.35, 34]","[143.14, 42]","[149.17, 29]",142.15,130,1.98,-0.09
07:39:16,"[138.7, 64]","[122.52, 27]","[143.0, 33]","[144.0, 33]",140.85,157,4.3,0.16
07:39:17,"[138.0, 70]","[119.71, 41]","[141.09, 33]","[143.09, 33]",139.55,177,3.09,0.25
07:39:18,"[138.28, 43]","[133.78, 54]","[141.58, 36]","[253.75, 36]",139.93,169,3.3,0.15
07:39:19,"[137.78, 37]","[136.59, 29]","[139.31, 48]","[198.25, 32]",138.55,146,1.53,-0.1
07:39:20,"[81.82, 22]","[74.38, 16]","[188.76, 17]","[351.83, 30]",135.29,85,106.95,-0.11
07:39:21,"[79.0, 9]","[57.0, 27]","[148.0, 21]","[175.11, 27]",113.5,84,69.0,-0.14
07:39:22,"[74.52, 25]","[47.66, 32]","[180.0, 50]","[324.2, 50]",127.26,157,105.48,-0.27
07:39:23,"[120.03, 29]","[96.49, 35]","[169.86, 35]","[181.02, 43]",144.95,142,49.82,-0.1
07:39:24,"[136.59, 29]","[115.27, 37]","[167.0, 10]","[170.0, 50]",151.79,126,30.41,0.05
07:39:25,"[136.07, 30]","[103.42, 19]","[153.5, 16]","[169.75, 32]",144.78,97,17.43,0.01
07:39:26,"[137.0, 29]","[100.37, 19]","[150.0, 25]","[342.52, 25]",143.5,98,13.0,-0.02
07:39:27,"[129.92, 36]","[83.0, 12]","[153.73, 44]","[167.54, 24]",141.82,116,23.81,-0.17
07:39:28,"[125.79, 42]","[82.17, 18]","[162.77, 22]","[281.74, 58]",144.28,140,36.99,-0.14
07:39:29,"[127.45, 22]","[71.43, 42]","[149.31, 32]","[259.36, 33]",138.38,129,21.86,-0.01
07:39:30,"[128.0, 14]","[107.77, 26]","[131.14, 37]","[132.18, 67]",129.57,144,3.14,-0.44
07:39:31,"[127.66, 56]","[122.0, 15]","[131.25, 20]","[132.3, 53]",129.46,144,3.59,-0.01
07:39:32,"[128.88, 48]","[106.5, 12]","[130.83, 12]","[132.21, 39]",129.85,111,1.96,0.08
07:39:33,"[129.0, 48]","[102.86, 14]","[132.0, 40]","[134.0, 32]",130.5,134,3.0,-0.07
07:39:34,"[130.0, 54]","[107.4, 15]","[131.96, 28]","[133.94, 33]",130.98,130,1.96,0.06
07:39:35,"[130.0, 42]","[97.29, 21]","[131.71, 7]","[133.27, 22]",130.86,92,1.71,0.37
07:39:36,"[119.67, 54]","[88.84, 25]","[132.7, 23]","[133.38, 32]",126.18,134,13.03,0.18
07:39:37,"[72.92, 26]","[36.86, 14]","[133.0, 70]","[136.0, 10]",102.96,120,60.08,-0.33
07:39:38,"[71.4, 25]","[45.09, 11]","[133.0, 23]","[136.0, 7]",102.2,66,61.6,0.09
07:39:39,"[73.09, 33]","[71.43, 23]","[136.16, 19]","[274.3, 23]",104.62,98,63.07,0.14
07:39:40,"[77.96, 26]","[75.0, 18]","[137.0, 18]","[339.67, 30]",107.48,92,59.04,-0.04
07:39:41,"[89.13, 71]","[86.9, 40]","[134.85, 26]","[222.91, 22]",111.99,159,45.72,0.4
07:39:42,"[90.74, 46]","[89.8, 51]","[130.0, 18]","[131.0, 18]",110.37,133,39.26,0.46
07:39:43,"[97.24, 25]","[91.51, 47]","[130.05, 21]","[131.14, 21]",113.64,114,32.81,0.26
07:39:44,"[94.67, 60]","[93.68, 37]","[131.0, 9]","[134.0, 9]",112.83,115,36.33,0.69
07:39:45,"[95.04, 83]","[94.14, 58]","[131.0, 11]","[133.35, 23]",113.02,175,35.96,0.61
07:39:46,"[104.33, 30]","[95.85, 40]","[131.0, 8]","[133.0, 40]",117.67,118,26.67,0.19
07:39:47,"[111.32, 76]","[110.39, 59]","[131.0, 11]","[133.0, 55]",121.16,201,19.68,0.34
07:39:48,"[114.89, 93]","[112.87, 63]","[131.0, 12]","[133.0, 60]",122.95,228,16.11,0.37
07:39:49,"[121.38, 47]","[117.0, 26]","[131.0, 11]","[132.55, 55]",126.19,139,9.62,0.05
07:39:50,"[126.93, 46]","[126.0, 94]","[130.06, 53]","[131.6, 25]",128.5,218,3.12,0.28
07:39:51,"[127.53, 57]","[126.2, 90]","[131.11, 64]","[133.26, 31]",129.32,242,3.58,0.21
07:39:52,"[128.4, 57]","[126.43, 42]","[133.0, 54]","[134.0, 45]",130.7,198,4.6,0.0
07:39:53,"[129.0, 96]","[127.0, 36]","[132.3, 54]","[133.03, 73]",130.65,259,3.3,0.02
07:39:54,"[129.09, 70]","[127.5, 32]","[133.0, 48]","[134.0, 9]",131.04,159,3.91,0.28
07:39:55,"[131.79, 73]","[130.42, 38]","[133.0, 50]","[134.0, 10]",132.4,171,1.21,0.3
07:39:56,"[132.0, 82]","[130.53, 51]","[133.0, 53]","[134.0, 13]",132.5,199,1.0,0.34
07:39:57,"[130.18, 66]","[120.45, 44]","[244.75, 40]","[324.47, 34]",187.47,184,114.57,0.2
07:39:58,"[131.29, 28]","[126.8, 20]","[252.5, 10]","[324.67, 30]",191.89,88,121.21,0.09
07:39:59,"[140.07, 14]","[137.57, 46]","[245.0, 12]","[403.21, 58]",192.54,130,104.93,-0.08
07:40:00,"[141.83, 6]","[139.0, 24]","[245.0, 6]","[613.0, 30]",193.42,66,103.17,-0.09
07:40:01,"[141.0, 18]","[139.06, 36]","[244.82, 11]","[298.91, 46]",192.91,111,103.82,-0.03
07:40:02,"[141.33, 18]","[138.82, 34]","[176.06, 34]","[244.14, 14]",158.7,100,34.73,0.04
07:40:03,"[138.68, 38]","[136.12, 51]","[213.75, 20]","[244.29, 17]",176.22,126,75.07,0.41
07:40:04,"[138.0, 22]","[117.0, 12]","[238.8, 20]","[265.68, 41]",188.4,95,100.8,-0.28
07:40:05,"[138.0, 32]","[117.76, 17]","[240.75, 32]","[243.0, 32]",189.38,113,102.75,-0.13
07:40:06,"[138.47, 30]","[132.36, 22]","[239.0, 30]","[242.2, 30]",188.73,112,100.53,-0.07
07:40:07,"[139.0, 20]","[138.0, 20]","[235.6, 20]","[236.6, 20]",187.3,80,96.6,0.0
07:40:08,"[139.0, 24]","[138.0, 24]","[233.58, 24]","[242.0, 23]",186.29,95,94.58,0.01
07:40:09,"[139.0, 28]","[138.0, 28]","[158.65, 34]","[212.48, 29]",148.82,119,19.65,-0.06
07:40:10,"[139.0, 34]","[138.0, 34]","[151.29, 34]","[152.53, 34]",145.15,136,12.29,0.0
07:40:11,"[139.45, 22]","[138.27, 22]","[148.38, 26]","[149.91, 23]",143.92,93,8.93,-0.05
07:40:12,"[140.84, 50]","[138.97, 122]","[145.18, 38]","[146.21, 42]",143.01,252,4.34,0.37
07:40:13,"[138.96, 93]","[137.75, 111]","[142.61, 31]","[215.74, 38]",140.78,273,3.66,0.49
07:40:14,"[138.0, 144]","[136.62, 91]","[139.91, 22]","[502.7, 56]",138.95,313,1.91,0.5
07:40:15,"[138.95, 76]","[137.15, 78]","[350.04, 25]","[484.88, 56]",244.49,235,211.09,0.31
07:40:16,"[147.0, 42]","[138.13, 94]","[373.55, 51]","[541.74, 47]",260.27,234,226.55,0.16
07:40:17,"[142.5, 12]","[138.03, 109]","[321.05, 38]","[570.0, 38]",231.78,197,178.55,0.23
07:40:18,"[138.32, 41]","[137.7, 81]","[325.15, 20]","[471.85, 27]",231.73,169,186.83,0.44
07:40:19,"[138.55, 11]","[137.9, 60]","[248.0, 14]","[477.1, 31]",193.27,116,109.45,0.22
07:40:20,"[138.96, 48]","[134.4, 50]","[355.86, 21]","[470.53, 32]",247.41,151,216.9,0.3
07:40:21,"[139.58, 43]","[136.05, 37]","[383.0, 6]","[671.0, 30]",261.29,116,243.42,0.38
07:40:22,"[140.0, 31]","[137.0, 63]","[383.0, 8]","[614.75, 40]",261.5,142,243.0,0.32
07:40:23,"[140.25, 8]","[137.2, 30]","[383.0, 4]","[392.0, 8]",261.62,50,242.75,0.52
07:40:24,"[141.67, 24]","[140.0, 24]","[267.73, 22]","[385.57, 14]",204.7,84,126.06,0.14
07:40:25,"[146.74, 114]","[141.6, 30]","[220.44, 62]","[459.18, 22]",183.59,228,73.7,0.26
07:40:26,"[147.0, 68]","[142.45, 22]","[190.42, 12]","[299.0, 14]",168.71,116,43.42,0.55
07:40:27,"[146.93, 59]","[143.89, 38]","[231.69, 29]","[297.85, 20]",189.31,146,84.76,0.33
07:40:28,"[146.0, 18]","[141.0, 72]","[328.0, 9]","[421.0, 18]",237.0,117,182.0,0.54
07:40:29,"[146.0, 12]","[141.0, 48]","[402.4, 10]","[665.0, 20]",274.2,90,256.4,0.33
07:40:30,"[146.0, 18]","[141.0, 72]","[341.68, 19]","[666.59, 32]",243.84,141,195.68,0.28
07:40:31,"[146.0, 13]","[141.34, 58]","[258.57, 21]","[421.62, 26]",202.29,118,112.57,0.2
07:40:32,"[146.0, 10]","[143.0, 20]","[230.96, 26]","[360.12, 40]",188.48,96,84.96,-0.38
07:40:33,"[141.12, 43]","[140.38, 16]","[172.0, 40]","[173.0, 8]",156.56,107,30.88,0.1
07:40:34,"[141.0, 52]","[140.0, 24]","[169.26, 54]","[170.4, 42]",155.13,172,28.26,-0.12
07:40:35,"[141.0, 28]","[140.0, 28]","[165.87, 52]","[167.5, 60]",153.43,168,24.87,-0.33
07:40:36,"[141.0, 34]","[140.0, 34]","[162.25, 69]","[163.9, 61]",151.62,198,21.25,-0.31
07:40:37,"[141.0, 16]","[139.4, 20]","[152.46, 26]","[158.0, 38]",146.73,100,11.46,-0.28
07:40:38,"[141.0, 16]","[140.0, 48]","[149.97, 34]","[151.15, 34]",145.49,132,8.97,-0.03
07:40:39,"[140.26, 61]","[139.75, 118]","[146.62, 53]","[147.85, 53]",143.44,285,6.36,0.26
07:40:40,"[140.0, 134]","[139.0, 96]","[143.5, 80]","[144.38, 74]",141.75,384,3.5,0.2
07:40:41,"[140.0, 26]","[139.0, 60]","[141.9, 50]","[143.0, 50]",140.95,186,1.9,-0.08
07:40:42,"[138.92, 74]","[138.34, 116]","[140.84, 77]","[143.71, 85]",139.88,352,1.93,0.08
07:40:43,"[138.0, 53]","[137.0, 12]","[139.08, 36]","[233.75, 56]",138.54,157,1.08,-0.17
07:40:44,"[132.61, 31]","[114.09, 55]","[158.57, 28]","[432.36, 44]",145.59,158,25.96,0.09
07:40:45,"[134.88, 16]","[111.42, 40]","[278.33, 12]","[596.5, 24]",206.6,92,143.46,0.22
07:40:46,"[135.65, 34]","[119.97, 35]","[271.36, 28]","[278.53, 17]",203.5,114,135.71,0.21
07:40:47,"[147.0, 20]","[100.66, 38]","[186.11, 18]","[250.4, 10]",166.56,86,39.11,0.35
07:40:48,"[147.0, 16]","[104.5, 56]","[185.62, 16]","[429.22, 9]",166.31,97,38.62,0.48
07:40:49,"[117.53, 38]","[92.06, 90]","[170.27, 22]","[364.3, 20]",143.9,170,52.75,0.51
07:40:50,"[92.41, 82]","[68.06, 82]","[133.0, 30]","[136.0, 20]",112.71,214,40.59,0.53
07:40:51,"[40.23, 26]","[36.27, 51]","[131.62, 29]","[133.64, 22]",85.93,128,91.39,0.2
07:40:52,"[43.25, 16]","[40.0, 40]","[131.0, 40]","[133.0, 24]",87.12,120,87.75,-0.07
07:40:53,"[45.67, 18]","[38.05, 44]","[131.0, 18]","[133.0, 30]",88.33,110,85.33,0.13
07:40:54,"[114.24, 42]","[90.12, 52]","[130.18, 67]","[131.67, 81]",122.21,242,15.94,-0.22
07:40:55,"[124.89, 37]","[115.45, 22]","[128.71, 14]","[130.0, 28]",126.8,101,3.82,0.17
07:40:56,"[123.0, 21]","[120.24, 55]","[129.57, 28]","[130.8, 60]",126.29,164,6.57,-0.07
07:40:57,"[106.33, 75]","[97.13, 46]","[129.57, 14]","[130.94, 51]",117.95,186,23.24,0.3
07:40:58,"[109.31, 52]","[106.95, 37]","[129.0, 14]","[130.0, 7]",119.15,110,19.69,0.62
07:40:59,"[118.58, 96]","[103.32, 50]","[128.58, 24]","[130.0, 12]",123.58,182,10.0,0.6
07:41:00,"[119.4, 80]","[55.51, 35]","[127.0, 20]","[130.0, 10]",123.2,145,7.6,0.59
07:41:01,"[120.0, 64]","[74.2, 20]","[130.0, 8]","[131.0, 48]",125.0,140,10.0,0.2
07:41:02,"[121.36, 100]","[104.48, 65]","[130.81, 43]","[132.0, 57]",126.09,265,9.45,0.25
07:41:03,"[123.83, 96]","[107.62, 26]","[129.0, 28]","[131.0, 36]",126.42,186,5.17,0.31
07:41:04,"[125.0, 24]","[63.0, 9]","[129.0, 6]","[131.0, 9]",127.0,48,4.0,0.38
07:41:05,"[125.4, 100]","[103.81, 54]","[128.38, 56]","[130.06, 33]",126.89,243,2.97,0.27
07:41:06,"[126.57, 56]","[42.0, 35]","[131.36, 11]","[132.4, 25]",128.97,127,4.79,0.43
07:41:07,"[127.22, 72]","[50.0, 36]","[132.0, 18]","[133.0, 45]",129.61,171,4.78,0.26
07:41:08,"[78.09, 45]","[41.68, 25]","[131.0, 27]","[132.0, 18]",104.54,115,52.91,0.22
07:41:09,"[77.07, 14]","[53.42, 26]","[131.84, 32]","[224.73, 22]",104.46,94,54.77,-0.15
07:41:10,"[128.25, 8]","[124.5, 8]","[137.0, 32]","[466.91, 22]",132.62,70,8.75,-0.54
07:41:11,"[129.03, 29]","[107.62, 21]","[137.0, 44]","[486.0, 44]",133.02,138,7.97,-0.28
07:41:12,"[129.0, 27]","[113.0, 45]","[136.46, 37]","[146.36, 33]",132.73,142,7.46,0.01
07:41:13,"[129.0, 26]","[48.71, 34]","[134.0, 50]","[136.73, 22]",131.5,132,5.0,-0.09
07:41:14,"[130.0, 66]","[121.59, 17]","[133.0, 53]","[134.5, 24]",131.5,160,3.0,0.04
07:41:15,"[130.53, 38]","[115.0, 21]","[133.0, 28]","[134.0, 14]",131.76,101,2.47,0.17
07:41:16,"[114.34, 29]","[75.65, 17]","[178.27, 22]","[327.79, 24]",146.31,92,63.93,0.0
07:41:17,"[84.93, 44]","[65.64, 22]","[293.08, 26]","[456.09, 35]",189.0,127,208.15,0.04
07:41:18,"[80.29, 34]","[29.29, 14]","[200.0, 20]","[298.4, 20]",140.15,88,119.71,0.09
07:41:19,"[143.0, 8]","[113.2, 30]","[261.0, 16]","[378.0, 16]",202.0,70,118.0,0.09
07:41:20,"[141.6, 20]","[128.41, 27]","[258.56, 18]","[378.0, 18]",200.08,83,116.96,0.13
07:41:21,"[141.0, 26]","[109.85, 39]","[248.23, 26]","[372.14, 44]",194.62,135,107.23,-0.04
07:41:22,"[114.18, 17]","[91.1, 29]","[197.79, 28]","[233.6, 30]",155.98,104,83.61,-0.12
07:41:23,"[108.6, 10]","[35.79, 14]","[210.57, 28]","[264.55, 22]",159.59,74,101.97,-0.35
07:41:24,"[114.88, 8]","[38.0, 10]","[180.43, 14]","[191.0, 32]",147.65,64,65.55,-0.44
07:41:25,"[146.0, 7]","[139.67, 9]","[181.5, 16]","[196.71, 28]",163.75,60,35.5,-0.47
07:41:26,"[143.33, 9]","[137.53, 17]","[201.29, 28]","[277.71, 28]",172.31,82,57.95,-0.37
07:41:27,"[140.0, 26]","[137.0, 26]","[213.77, 52]","[576.88, 34]",176.88,138,73.77,-0.25
07:41:28,"[91.13, 62]","[85.83, 35]","[209.92, 48]","[509.25, 40]",150.52,185,118.79,0.05
07:41:29,"[105.27, 45]","[104.0, 45]","[154.81, 47]","[198.18, 44]",130.04,181,49.54,-0.01
07:41:30,"[107.5, 48]","[106.88, 73]","[127.75, 32]","[130.0, 22]",117.62,175,20.25,0.38
07:41:31,"[108.3, 30]","[107.0, 80]","[127.0, 20]","[130.0, 20]",117.65,150,18.7,0.47
07:41:32,"[110.09, 23]","[107.21, 43]","[127.0, 12]","[130.0, 32]",118.54,110,16.91,0.2
07:41:33,"[112.05, 20]","[110.91, 35]","[128.15, 13]","[130.14, 28]",120.1,96,16.1,0.15
07:41:34,"[114.33, 78]","[112.26, 43]","[129.52, 50]","[130.49, 49]",121.93,220,15.19,0.1
07:41:35,"[115.13, 46]","[114.03, 31]","[126.78, 23]","[130.0, 35]",120.96,135,11.65,0.14
07:41:36,"[116.12, 24]","[115.0, 64]","[129.2, 30]","[130.71, 34]",122.66,152,13.07,0.16
07:41:37,"[117.0, 21]","[115.0, 56]","[129.0, 35]","[130.0, 28]",123.0,140,12.0,0.1
07:41:38,"[120.28, 32]","[116.9, 30]","[129.0, 40]","[130.0, 32]",124.64,134,8.72,-0.07
07:41:39,"[124.27, 30]","[123.0, 38]","[129.0, 30]","[130.0, 24]",126.63,122,4.73,0.11
07:41:40,"[125.23, 47]","[124.83, 24]","[129.0, 40]","[130.0, 32]",127.12,143,3.77,-0.01
07:41:41,"[127.67, 24]","[126.0, 36]","[129.14, 58]","[130.17, 48]",128.4,166,1.47,-0.28
07:41:42,"[129.49, 41]","[128.46, 26]","[130.56, 41]","[132.12, 32]",130.02,140,1.07,-0.04
07:41:43,"[130.84, 31]","[129.73, 26]","[134.28, 25]","[135.85, 26]",132.56,108,3.44,0.06
07:41:44,"[133.14, 35]","[131.0, 14]","[135.0, 28]","[137.0, 21]",134.07,98,1.86,0.0
07:41:45,"[131.0, 4]","[23.0, 8]","[135.0, 8]","[137.0, 6]",133.0,26,4.0,-0.08
07:41:46,"[132.5, 20]","[107.25, 16]","[135.0, 24]","[137.0, 18]",133.75,78,2.5,-0.08
07:41:47,"[133.54, 26]","[101.82, 17]","[135.0, 22]","[137.0, 24]",134.27,89,1.46,-0.03
07:41:48,"[118.73, 11]","[37.25, 4]","[136.64, 11]","[182.16, 31]",127.68,57,17.91,-0.47
07:41:49,"[110.0, 5]","[40.2, 5]","[135.0, 20]","[262.4, 5]",122.5,35,25.0,-0.43
07:41:50,"[83.9, 10]","[81.0, 1]","[132.0, 41]","[141.27, 33]",107.95,85,48.1,-0.74
07:41:51,"[29.6, 10]","[23.0, 1]","[131.05, 19]","[132.62, 26]",80.33,56,101.45,-0.61
07:41:52,"[25.6, 10]","[0, 0]","[133.91, 11]","[137.57, 14]",79.75,35,108.31,-0.43
07:41:53,"[26.67, 6]","[0, 0]","[138.0, 3]","[443.0, 3]",82.33,12,111.33,0.0
07:41:54,"[28.68, 19]","[28.0, 15]","[134.12, 8]","[174.62, 8]",81.4,50,105.44,0.36
07:41:55,"[31.75, 24]","[30.0, 16]","[136.38, 8]","[183.07, 15]",84.06,63,104.62,0.27
07:41:56,"[32.0, 21]","[30.0, 14]","[133.15, 13]","[135.25, 8]",82.58,56,101.15,0.25
07:41:57,"[76.43, 7]","[35.38, 13]","[130.67, 6]","[131.56, 9]",103.55,35,54.24,0.14
07:41:58,"[81.65, 31]","[79.58, 26]","[127.94, 18]","[130.33, 18]",104.79,93,46.3,0.23
07:41:59,"[84.54, 24]","[82.16, 19]","[127.0, 18]","[129.0, 9]",105.77,70,42.46,0.23
07:42:00,"[95.25, 12]","[87.88, 16]","[127.0, 19]","[129.64, 14]",111.12,61,31.75,-0.08
07:42:01,"[126.68, 31]","[119.5, 32]","[128.92, 25]","[133.2, 25]",127.8,113,2.24,0.12
07:42:02,"[133.03, 33]","[131.5, 34]","[136.86, 28]","[218.0, 13]",134.94,108,3.83,0.24
07:42:03,"[136.47, 19]","[134.83, 23]","[214.0, 22]","[435.11, 18]",175.24,82,77.53,0.02
07:42:04,"[139.79, 33]","[137.11, 19]","[267.0, 55]","[441.14, 35]",203.39,142,127.21,-0.27
07:42:05,"[138.25, 16]","[137.59, 22]","[266.38, 39]","[315.29, 42]",202.32,119,128.13,-0.36
07:42:06,"[138.0, 16]","[128.2, 20]","[265.08, 49]","[285.0, 35]",201.54,120,127.08,-0.4
07:42:07,"[139.31, 26]","[125.92, 13]","[265.0, 40]","[280.59, 17]",202.15,96,125.69,-0.19
07:42:08,"[140.0, 36]","[137.0, 18]","[265.4, 25]","[499.0, 27]",202.7,106,125.4,0.02
07:42:09,"[140.0, 20]","[137.0, 10]","[170.55, 22]","[341.48, 23]",155.27,75,30.55,-0.2
07:42:10,"[140.84, 25]","[138.5, 16]","[169.89, 45]","[501.56, 18]",155.36,104,29.05,-0.21
07:42:11,"[142.65, 43]","[140.0, 7]","[169.0, 35]","[473.65, 23]",155.83,108,26.35,-0.07
07:42:12,"[144.2, 50]","[143.0, 40]","[168.2, 50]","[292.38, 32]",156.2,172,24.0,0.05
07:42:13,"[145.0, 31]","[143.0, 28]","[167.57, 35]","[334.0, 35]",156.29,129,22.57,-0.09
07:42:14,"[145.0, 27]","[143.0, 36]","[166.0, 45]","[472.97, 33]",155.5,141,21.0,-0.11
07:42:15,"[145.0, 12]","[143.0, 16]","[165.0, 20]","[528.5, 20]",155.0,68,20.0,-0.18
07:42:16,"[144.67, 18]","[142.9, 20]","[164.88, 40]","[450.71, 28]",154.77,106,20.21,-0.28
07:42:17,"[143.0, 24]","[140.0, 20]","[164.0, 40]","[594.25, 16]",153.5,100,21.0,-0.12
07:42:18,"[143.0, 39]","[140.0, 39]","[163.77, 65]","[336.46, 35]",153.38,178,20.77,-0.12
07:42:19,"[143.0, 18]","[140.0, 18]","[163.0, 30]","[360.0, 18]",153.0,84,20.0,-0.14
07:42:20,"[143.0, 33]","[140.0, 33]","[161.59, 34]","[192.26, 47]",152.29,147,18.59,-0.1
07:42:21,"[140.82, 11]","[139.09, 35]","[158.57, 21]","[161.38, 42]",149.69,109,17.75,-0.16
07:42:22,"[141.11, 47]","[139.98, 87]","[153.81, 86]","[154.65, 62]",147.46,282,12.71,-0.05
07:42:23,"[141.0, 32]","[139.69, 64]","[145.81, 72]","[146.82, 45]",143.4,213,4.81,-0.1
07:42:24,"[139.75, 59]","[139.13, 71]","[141.82, 57]","[143.1, 50]",140.79,237,2.08,0.1
07:42:25,"[139.0, 56]","[138.0, 9]","[140.0, 27]","[141.0, 36]",139.5,128,1.0,0.02
07:42:26,"[138.0, 7]","[108.67, 9]","[139.86, 21]","[273.86, 7]",138.93,44,1.86,-0.27
07:42:27,"[114.08, 12]","[53.81, 21]","[191.61, 23]","[232.33, 18]",152.85,74,77.53,-0.11
07:42:28,"[100.89, 9]","[37.17, 24]","[176.12, 26]","[191.15, 27]",138.5,86,75.23,-0.23
07:42:29,"[111.36, 11]","[90.73, 11]","[129.7, 40]","[130.06, 17]",120.53,79,18.34,-0.44
07:42:30,"[104.82, 11]","[85.27, 11]","[142.48, 31]","[363.71, 31]",123.65,84,37.67,-0.48
07:42:31,"[116.39, 28]","[117.23, 26]","[273.5, 22]","[678.95, 39]",194.95,115,157.11,-0.06
07:42:32,"[144.56, 16]","[141.29, 31]","[351.33, 21]","[561.75, 28]",247.95,96,206.77,-0.02
07:42:33,"[145.0, 31]","[143.08, 13]","[412.33, 18]","[415.52, 27]",278.67,89,267.33,-0.01
07:42:34,"[145.47, 38]","[141.92, 26]","[347.19, 43]","[420.0, 21]",246.33,128,201.71,0.0
07:42:35,"[146.93, 41]","[145.97, 31]","[331.1, 31]","[345.97, 39]",239.01,142,184.17,0.01
07:42:36,"[146.18, 11]","[145.2, 15]","[317.7, 50]","[319.0, 10]",231.94,86,171.52,-0.4
07:42:37,"[145.2, 10]","[141.24, 34]","[309.48, 42]","[289.24, 17]",227.34,103,164.28,-0.15
07:42:38,"[145.0, 9]","[141.0, 36]","[194.62, 39]","[214.7, 20]",169.81,104,49.62,-0.13
07:42:39,"[141.34, 35]","[140.2, 20]","[193.96, 52]","[209.27, 33]",167.65,140,52.62,-0.21
07:42:40,"[141.56, 18]","[140.9, 42]","[191.53, 51]","[193.45, 33]",166.54,144,49.97,-0.17
07:42:41,"[142.0, 13]","[141.0, 52]","[189.5, 32]","[190.36, 59]",165.75,156,47.5,-0.17
07:42:42,"[141.09, 70]","[140.73, 60]","[187.84, 31]","[188.97, 67]",164.46,228,46.75,0.14
07:42:43,"[141.0, 52]","[139.0, 9]","[186.64, 33]","[188.12, 32]",163.82,126,45.64,-0.03
07:42:44,"[140.33, 36]","[118.58, 48]","[181.62, 32]","[188.05, 57]",160.98,173,41.29,-0.03
07:42:45,"[139.0, 39]","[138.0, 156]","[184.7, 20]","[186.81, 37]",161.85,252,45.7,0.55
07:42:46,"[139.0, 36]","[138.0, 144]","[182.81, 27]","[184.36, 14]",160.91,221,43.81,0.63
07:42:47,"[139.27, 33]","[138.14, 126]","[179.33, 43]","[181.33, 30]",159.3,232,40.05,0.37
07:42:48,"[138.4, 86]","[130.57, 46]","[175.43, 30]","[176.91, 44]",156.91,206,37.04,0.28
07:42:49,"[138.0, 126]","[123.0, 28]","[172.43, 42]","[174.0, 14]",155.21,210,34.43,0.47
07:42:50,"[138.0, 22]","[109.02, 42]","[170.38, 26]","[171.11, 27]",154.19,117,32.38,0.09
07:42:51,"[146.93, 242]","[129.86, 37]","[166.84, 31]","[167.97, 33]",156.88,343,19.91,0.63
07:42:52,"[147.0, 224]","[138.0, 28]","[161.77, 26]","[162.77, 31]",154.38,309,14.77,0.63
07:42:53,"[147.0, 164]","[145.0, 33]","[158.36, 25]","[159.11, 27]",152.68,249,11.36,0.58
07:42:54,"[147.0, 132]","[145.0, 33]","[156.48, 23]","[157.44, 32]",151.74,220,9.48,0.5
07:42:55,"[147.0, 144]","[145.0, 36]","[152.96, 27]","[154.08, 25]",149.98,232,5.96,0.55
07:42:56,"[147.0, 173]","[145.0, 48]","[148.68, 38]","[200.38, 32]",147.84,291,1.68,0.52
07:42:57,"[147.0, 49]","[145.0, 21]","[149.0, 7]","[508.0, 28]",148.0,105,2.0,0.33
07:42:58,"[147.0, 49]","[145.0, 21]","[148.71, 7]","[238.86, 28]",147.86,105,1.71,0.33
07:42:59,"[147.0, 63]","[145.0, 27]","[148.0, 9]","[399.2, 30]",147.5,129,1.0,0.4
07:43:00,"[147.0, 42]","[145.0, 27]","[148.0, 9]","[422.07, 29]",147.5,107,1.0,0.29
07:43:01,"[145.8, 30]","[144.14, 21]","[470.37, 38]","[575.77, 52]",308.08,141,324.57,-0.28
07:43:02,"[145.0, 30]","[143.0, 15]","[275.33, 48]","[419.89, 57]",210.17,150,130.33,-0.4
07:43:03,"[144.45, 11]","[142.31, 13]","[194.0, 14]","[295.71, 28]",169.23,66,49.55,-0.27
07:43:04,"[145.15, 13]","[143.47, 17]","[193.08, 26]","[370.97, 34]",169.12,90,47.92,-0.33
07:43:05,"[146.0, 12]","[145.0, 12]","[191.33, 24]","[572.0, 28]",168.67,76,45.33,-0.37
07:43:06,"[142.0, 12]","[141.0, 36]","[188.67, 12]","[584.0, 18]",165.33,78,46.67,0.23
07:43:07,"[142.0, 20]","[141.0, 60]","[188.0, 20]","[400.0, 16]",165.0,116,46.0,0.38
07:43:08,"[142.0, 16]","[141.0, 54]","[186.4, 30]","[193.2, 15]",164.2,115,44.4,0.22
07:43:09,"[142.0, 9]","[141.0, 54]","[185.0, 18]","[209.13, 30]",163.5,111,43.0,0.14
07:43:10,"[140.73, 11]","[140.76, 34]","[185.0, 14]","[188.0, 28]",162.86,87,44.27,0.03
07:43:11,"[139.0, 28]","[138.0, 14]","[183.0, 14]","[428.38, 13]",161.0,69,44.0,0.22
07:43:12,"[139.0, 20]","[138.0, 16]","[369.2, 20]","[629.62, 26]",254.1,82,230.2,-0.12
07:43:13,"[138.23, 13]","[100.06, 17]","[431.29, 14]","[453.31, 26]",284.76,70,293.05,-0.14
07:43:14,"[139.15, 131]","[135.68, 40]","[429.27, 22]","[467.79, 58]",284.21,251,290.13,0.36
07:43:15,"[142.0, 84]","[139.0, 108]","[341.13, 30]","[393.0, 33]",241.57,255,199.13,0.51
07:43:16,"[142.0, 63]","[139.91, 66]","[295.47, 15]","[296.07, 30]",218.73,174,153.47,0.48
07:43:17,"[142.0, 69]","[141.0, 72]","[249.89, 35]","[263.78, 27]",195.94,203,107.89,0.39
07:43:18,"[141.44, 36]","[140.03, 93]","[219.12, 34]","[220.03, 39]",180.28,202,77.67,0.28
07:43:19,"[141.0, 56]","[139.0, 108]","[208.53, 30]","[215.0, 30]",174.77,224,67.53,0.46
07:43:20,"[141.0, 80]","[139.0, 144]","[212.38, 52]","[213.6, 40]",176.69,316,71.38,0.42
07:43:21,"[144.38, 80]","[139.83, 108]","[208.05, 38]","[210.2, 46]",176.21,272,63.68,0.38
07:43:22,"[147.0, 53]","[142.45, 55]","[204.77, 52]","[205.75, 51]",175.88,211,57.77,0.02
07:43:23,"[147.0, 16]","[143.0, 64]","[201.54, 41]","[202.78, 46]",174.27,167,54.54,-0.04
07:43:24,"[147.0, 15]","[142.23, 65]","[196.48, 46]","[198.23, 48]",171.74,174,49.48,-0.08
07:43:25,"[143.83, 24]","[140.3, 77]","[191.57, 49]","[193.1, 39]",167.7,189,47.74,0.07
07:43:26,"[143.0, 6]","[141.0, 12]","[187.1, 21]","[188.43, 21]",165.05,60,44.1,-0.4
07:43:27,"[143.0, 19]","[141.0, 38]","[177.06, 70]","[183.51, 61]",160.03,188,34.06,-0.39
07:43:28,"[143.0, 12]","[141.0, 24]","[179.66, 47]","[180.71, 45]",161.33,128,36.66,-0.44
07:43:29,"[142.37, 19]","[139.9, 58]","[174.27, 44]","[176.58, 48]",158.32,169,31.9,-0.09
07:43:30,"[141.38, 39]","[139.15, 104]","[167.91, 47]","[169.8, 30]",154.65,220,26.53,0.3
07:43:31,"[142.0, 33]","[141.0, 32]","[164.14, 14]","[165.2, 41]",153.07,120,22.14,0.08
07:43:32,"[142.02, 52]","[141.04, 71]","[159.06, 31]","[161.52, 56]",150.54,210,17.05,0.17
07:43:33,"[143.0, 10]","[142.0, 30]","[154.07, 15]","[154.68, 34]",148.53,89,11.07,-0.1
07:43:34,"[141.37, 59]","[139.21, 159]","[151.68, 25]","[153.65, 48]",146.53,291,10.31,0.5
07:43:35,"[141.0, 40]","[139.0, 120]","[148.3, 40]","[150.0, 10]",144.65,210,7.3,0.52
07:43:36,"[141.0, 56]","[139.0, 123]","[147.37, 41]","[151.07, 14]",144.18,234,6.37,0.53
07:43:37,"[146.0, 30]","[141.0, 48]","[148.08, 50]","[149.0, 34]",147.04,162,2.08,-0.04
07:43:38,"[141.32, 47]","[140.15, 26]","[146.06, 33]","[147.28, 25]",143.69,131,4.74,0.11
07:43:39,"[140.93, 29]","[139.72, 25]","[143.26, 38]","[144.64, 22]",142.1,114,2.33,-0.05
07:43:40,"[138.98, 64]","[138.23, 61]","[140.81, 26]","[142.05, 56]",139.9,207,1.82,0.21
07:43:41,"[137.09, 11]","[122.33, 21]","[138.78, 18]","[143.53, 15]",137.93,65,1.69,-0.02
07:43:42,"[129.67, 15]","[116.75, 16]","[138.93, 15]","[323.28, 25]",134.3,71,9.27,-0.13
07:43:43,"[112.58, 24]","[81.1, 39]","[137.48, 21]","[210.49, 39]",125.03,123,24.89,0.02
07:43:44,"[126.87, 46]","[125.18, 22]","[133.83, 23]","[165.3, 20]",130.35,111,6.96,0.23
07:43:45,"[127.0, 45]","[94.33, 24]","[129.57, 21]","[145.5, 24]",128.29,114,2.57,0.21
07:43:46,"[127.82, 34]","[104.5, 24]","[129.67, 18]","[167.5, 18]",128.75,94,1.84,0.23
07:43:47,"[129.06, 34]","[71.54, 35]","[170.3, 33]","[355.21, 43]",149.68,145,41.24,-0.05
07:43:48,"[139.43, 21]","[138.86, 42]","[160.0, 12]","[286.33, 58]",149.71,133,20.57,-0.05
07:43:49,"[140.92, 13]","[139.43, 7]","[159.0, 4]","[571.5, 20]",149.96,44,18.08,-0.09
07:43:50,"[141.86, 56]","[140.0, 14]","[159.0, 14]","[311.79, 70]",150.43,154,17.14,-0.09
07:43:51,"[143.48, 54]","[142.55, 33]","[158.71, 14]","[185.92, 52]",151.1,153,15.23,0.14
07:43:52,"[145.0, 40]","[143.0, 40]","[155.38, 26]","[156.16, 19]",150.19,125,10.38,0.28
07:43:53,"[145.0, 14]","[143.0, 56]","[151.76, 33]","[152.8, 20]",148.38,123,6.76,0.14
07:43:54,"[145.0, 12]","[143.67, 48]","[148.25, 16]","[150.7, 20]",146.62,96,3.25,0.25
07:43:55,"[142.49, 39]","[140.47, 60]","[145.0, 26]","[152.88, 49]",143.74,174,2.51,0.14
07:43:56,"[140.46, 35]","[139.74, 27]","[142.45, 44]","[155.68, 31]",141.46,137,2.0,-0.09
07:43:57,"[140.0, 11]","[139.0, 11]","[142.0, 44]","[200.82, 51]",141.0,117,2.0,-0.62
07:43:58,"[137.33, 36]","[102.93, 45]","[140.16, 51]","[353.62, 34]",138.75,166,2.82,-0.02
07:43:59,"[98.25, 12]","[53.91, 23]","[138.76, 21]","[198.2, 20]",118.51,76,40.51,-0.08
07:44:00,"[77.73, 33]","[42.0, 45]","[136.6, 20]","[137.14, 28]",107.16,126,58.87,0.24
07:44:01,"[57.43, 21]","[23.86, 28]","[136.0, 7]","[241.25, 16]",96.71,72,78.57,0.36
07:44:02,"[104.65, 40]","[32.27, 44]","[135.12, 16]","[464.3, 33]",119.89,133,30.47,0.26
07:44:03,"[128.0, 22]","[105.43, 37]","[130.1, 51]","[176.88, 16]",129.05,126,2.1,-0.06
07:44:04,"[106.4, 10]","[51.63, 19]","[133.54, 13]","[163.0, 10]",119.97,52,27.14,0.12
07:44:05,"[134.19, 54]","[76.91, 22]","[435.5, 16]","[500.3, 23]",284.84,115,301.31,0.32
07:44:06,"[139.0, 42]","[105.83, 24]","[221.07, 27]","[287.77, 13]",180.04,106,82.07,0.25
07:44:07,"[139.0, 56]","[79.4, 30]","[220.25, 40]","[263.0, 16]",179.62,142,81.25,0.21
07:44:08,"[136.21, 71]","[72.1, 42]","[140.85, 34]","[153.94, 50]",138.53,197,4.64,0.15
07:44:09,"[106.0, 24]","[90.82, 22]","[134.38, 13]","[182.0, 17]",120.19,76,28.38,0.21
07:44:10,"[97.85, 41]","[79.58, 38]","[128.82, 11]","[130.0, 63]",113.34,153,30.96,0.03
07:44:11,"[89.78, 18]","[69.72, 25]","[128.0, 7]","[130.0, 44]",108.89,94,38.22,-0.09
07:44:12,"[78.15, 39]","[72.93, 27]","[127.44, 9]","[130.0, 45]",102.8,120,49.29,0.1
07:44:13,"[79.18, 45]","[73.28, 36]","[129.69, 26]","[201.47, 34]",104.44,141,50.51,0.15
07:44:14,"[107.8, 15]","[84.25, 16]","[130.0, 33]","[495.0, 17]",118.9,81,22.2,-0.23
07:44:15,"[124.57, 14]","[117.86, 14]","[130.0, 25]","[237.46, 13]",127.29,66,5.43,-0.15
07:44:16,"[122.77, 26]","[117.61, 33]","[130.0, 50]","[201.57, 21]",126.38,130,7.23,-0.09
07:44:17,"[125.7, 10]","[124.0, 20]","[130.0, 49]","[263.41, 29]",127.85,108,4.3,-0.44
07:44:18,"[137.96, 23]","[130.88, 26]","[180.64, 42]","[262.84, 38]",159.3,129,42.69,-0.24
07:44:19,"[143.0, 11]","[142.0, 33]","[230.82, 33]","[431.55, 33]",186.91,110,87.82,-0.2
07:44:20,"[142.6, 5]","[140.5, 24]","[243.4, 15]","[475.4, 15]",193.0,59,100.8,-0.02
07:44:21,"[142.0, 22]","[140.0, 48]","[250.0, 24]","[421.71, 17]",196.0,111,108.0,0.26
07:44:22,"[142.5, 28]","[140.59, 51]","[275.73, 45]","[374.64, 28]",209.12,152,133.23,0.04
07:44:23,"[144.91, 22]","[141.49, 47]","[242.36, 28]","[276.29, 42]",193.63,139,97.45,-0.01
07:44:24,"[142.55, 22]","[140.26, 62]","[180.48, 46]","[205.52, 27]",161.51,157,37.93,0.07
07:44:25,"[140.24, 34]","[138.57, 42]","[176.68, 56]","[179.88, 33]",158.46,165,36.44,-0.08
07:44:26,"[141.54, 13]","[139.67, 18]","[177.0, 30]","[178.0, 30]",159.27,91,35.46,-0.32
07:44:27,"[142.0, 22]","[140.0, 33]","[172.09, 47]","[176.36, 53]",157.04,155,30.09,-0.29
07:44:28,"[142.0, 24]","[140.0, 45]","[160.07, 75]","[161.47, 75]",151.03,219,18.07,-0.37
07:44:29,"[140.86, 14]","[139.53, 32]","[156.56, 45]","[157.67, 45]",148.71,136,15.7,-0.32
07:44:30,"[140.36, 22]","[139.08, 49]","[155.09, 55]","[156.45, 55]",147.73,181,14.73,-0.22
07:44:31,"[140.0, 24]","[139.0, 60]","[151.0, 60]","[152.58, 60]",145.5,204,11.0,-0.18
07:44:32,"[140.0, 20]","[139.0, 50]","[149.0, 50]","[159.85, 46]",144.5,166,9.0,-0.16
07:44:33,"[139.0, 28]","[138.0, 56]","[148.0, 33]","[212.71, 17]",143.5,134,9.0,0.25
07:44:34,"[139.0, 36]","[138.0, 78]","[146.16, 43]","[147.66, 29]",142.58,186,7.16,0.23
07:44:35,"[139.76, 17]","[138.85, 61]","[144.07, 44]","[145.07, 68]",141.92,190,4.3,-0.18
07:44:36,"[140.0, 10]","[138.32, 76]","[141.71, 34]","[143.74, 46]",140.85,166,1.71,0.04
07:44:37,"[138.0, 96]","[137.0, 72]","[141.67, 27]","[446.67, 9]",139.83,204,3.67,0.65
07:44:38,"[138.0, 59]","[137.0, 64]","[139.62, 32]","[141.0, 24]",138.81,179,1.62,0.37
07:44:39,"[137.68, 50]","[136.39, 82]","[197.5, 26]","[390.89, 28]",167.59,186,59.82,0.42
07:44:40,"[138.04, 27]","[131.29, 51]","[396.86, 21]","[488.41, 29]",267.45,128,258.82,0.22
07:44:41,"[142.54, 35]","[138.49, 39]","[279.91, 32]","[367.23, 26]",211.22,132,137.36,0.12
07:44:42,"[146.0, 96]","[140.0, 48]","[267.0, 34]","[345.9, 30]",206.5,208,121.0,0.38
07:44:43,"[146.0, 124]","[143.28, 50]","[201.62, 61]","[204.02, 47]",173.81,282,55.62,0.23
07:44:44,"[146.0, 84]","[145.0, 48]","[160.0, 44]","[161.0, 42]",153.0,218,14.0,0.21
07:44:45,"[146.0, 20]","[145.0, 40]","[157.6, 30]","[160.0, 50]",151.8,140,11.6,-0.14
07:44:46,"[146.0, 22]","[145.0, 44]","[155.27, 41]","[156.67, 48]",150.63,155,9.27,-0.15
07:44:47,"[146.0, 20]","[145.0, 40]","[152.27, 44]","[154.38, 39]",149.14,143,6.27,-0.16
07:44:48,"[146.0, 26]","[145.0, 52]","[150.36, 55]","[151.43, 49]",148.18,182,4.36,-0.14
07:44:49,"[145.0, 34]","[143.82, 44]","[147.1, 41]","[162.29, 35]",146.05,154,2.1,0.01
07:44:50,"[140.43, 74]","[139.14, 56]","[143.86, 42]","[161.04, 27]",142.14,199,3.42,0.31
07:44:51,"[139.78, 27]","[137.86, 28]","[141.74, 35]","[167.52, 25]",140.76,115,1.97,-0.04
07:44:52,"[138.0, 27]","[137.0, 36]","[142.23, 13]","[148.65, 23]",140.12,99,4.23,0.27
07:44:53,"[138.0, 27]","[137.0, 36]","[140.0, 27]","[141.0, 9]",139.0,99,2.0,0.27
07:44:54,"[138.0, 15]","[137.0, 20]","[139.0, 15]","[141.0, 5]",138.5,55,1.0,0.27
07:44:55,"[137.23, 26]","[111.24, 33]","[327.18, 17]","[452.44, 9]",232.2,85,189.95,0.39
07:44:56,"[138.58, 38]","[128.62, 34]","[497.75, 40]","[681.0, 10]",318.16,122,359.17,0.18
07:44:57,"[139.0, 36]","[137.0, 32]","[409.5, 40]","[696.5, 20]",274.25,128,270.5,0.06
07:44:58,"[139.0, 7]","[137.0, 28]","[332.0, 35]","[425.36, 11]",235.5,81,193.0,-0.14
07:44:59,"[139.0, 8]","[137.0, 32]","[353.5, 40]","[371.5, 40]",246.25,120,214.5,-0.33
07:45:00,"[139.0, 5]","[137.0, 20]","[313.78, 9]","[342.8, 25]",226.39,59,174.78,-0.15
07:45:01,"[139.0, 8]","[137.84, 25]","[285.11, 28]","[323.5, 20]",212.05,81,146.11,-0.19
07:45:02,"[144.04, 27]","[135.96, 24]","[272.78, 45]","[284.85, 13]",208.41,109,128.74,-0.06
07:45:03,"[146.0, 44]","[138.0, 26]","[185.15, 39]","[201.77, 65]",165.58,174,39.15,-0.2
07:45:04,"[146.0, 18]","[138.0, 18]","[151.74, 43]","[172.18, 39]",148.87,118,5.74,-0.39
07:45:05,"[146.0, 14]","[138.0, 14]","[147.86, 35]","[185.0, 21]",146.93,84,1.86,-0.33
07:45:06,"[139.33, 12]","[137.29, 7]","[175.05, 20]","[318.93, 28]",157.19,67,35.72,-0.43
07:45:07,"[138.0, 22]","[137.0, 11]","[181.36, 33]","[283.64, 53]",159.68,119,43.36,-0.45
07:45:08,"[137.89, 27]","[136.57, 21]","[178.68, 53]","[236.13, 63]",158.28,164,40.79,-0.41
07:45:09,"[138.47, 15]","[134.66, 32]","[167.8, 50]","[177.0, 56]",153.13,153,29.33,-0.39
07:45:10,"[142.0, 8]","[138.85, 13]","[159.0, 35]","[176.0, 35]",150.5,91,17.0,-0.54
07:45:11,"[123.21, 19]","[123.16, 25]","[166.79, 56]","[176.23, 52]",145.0,152,43.58,-0.42
07:45:12,"[122.05, 56]","[104.95, 60]","[174.38, 40]","[175.62, 40]",148.21,196,52.32,0.18
07:45:13,"[142.87, 38]","[140.09, 32]","[173.52, 48]","[174.47, 32]",158.19,150,30.65,-0.07
07:45:14,"[144.57, 35]","[143.0, 7]","[172.0, 35]","[173.0, 21]",158.29,98,27.43,-0.14
07:45:15,"[145.0, 50]","[143.0, 10]","[168.79, 24]","[169.12, 26]",156.9,110,23.79,0.09
07:45:16,"[144.82, 22]","[139.31, 52]","[164.67, 6]","[167.0, 30]",154.74,110,19.85,0.35
07:45:17,"[139.24, 85]","[138.71, 168]","[161.47, 19]","[162.24, 17]",150.35,289,22.24,0.75
07:45:18,"[139.0, 180]","[138.0, 108]","[157.48, 27]","[158.29, 17]",148.24,332,18.48,0.73
07:45:19,"[139.23, 131]","[138.47, 159]","[154.33, 12]","[156.0, 60]",146.78,362,15.1,0.6
07:45:20,"[139.52, 61]","[138.68, 114]","[152.33, 33]","[155.43, 21]",145.93,229,12.81,0.53
07:45:21,"[139.0, 90]","[138.0, 108]","[151.0, 45]","[154.0, 9]",145.0,252,12.0,0.57
07:45:22,"[139.35, 46]","[138.29, 84]","[149.38, 13]","[150.11, 45]",144.37,188,10.04,0.38
07:45:23,"[142.18, 34]","[138.98, 61]","[147.02, 41]","[148.77, 13]",144.6,149,4.85,0.28
07:45:24,"[139.4, 50]","[138.36, 165]","[144.76, 67]","[145.29, 59]",142.08,341,5.36,0.26
07:45:25,"[139.36, 28]","[138.45, 66]","[140.92, 12]","[142.94, 36]",140.14,142,1.56,0.32
07:45:26,"[138.41, 41]","[137.77, 78]","[150.29, 35]","[184.7, 27]",144.35,181,11.87,0.31
07:45:27,"[138.0, 60]","[137.0, 45]","[191.0, 21]","[410.47, 19]",164.5,145,53.0,0.45
07:45:28,"[138.74, 54]","[137.57, 105]","[234.1, 30]","[368.8, 30]",186.42,219,95.36,0.45
07:45:29,"[138.0, 60]","[137.0, 108]","[167.94, 54]","[282.72, 39]",152.97,261,29.94,0.29
07:45:30,"[139.95, 38]","[138.17, 95]","[158.24, 51]","[315.05, 63]",149.09,247,18.29,0.08
07:45:31,"[142.18, 33]","[139.19, 96]","[156.77, 39]","[319.96, 46]",149.48,214,14.59,0.21
07:45:32,"[143.42, 12]","[142.0, 60]","[153.5, 36]","[207.54, 39]",148.46,147,10.08,-0.02
07:45:33,"[144.0, 10]","[142.0, 50]","[161.68, 31]","[269.41, 22]",152.84,113,17.68,0.06
07:45:34,"[140.09, 22]","[135.44, 32]","[155.33, 45]","[405.17, 23]",147.71,122,15.24,-0.11
07:45:35,"[114.25, 56]","[99.88, 65]","[154.15, 65]","[452.08, 39]",134.2,225,39.9,0.08
07:45:36,"[74.65, 49]","[51.03, 29]","[152.9, 31]","[253.27, 26]",113.78,135,78.25,0.16
07:45:37,"[85.39, 36]","[43.6, 25]","[152.48, 31]","[181.3, 30]",118.94,122,67.09,0.0
07:45:38,"[85.0, 15]","[57.96, 27]","[130.0, 8]","[140.33, 30]",107.5,80,45.0,0.05
07:45:39,"[60.5, 32]","[31.0, 12]","[130.18, 17]","[132.0, 9]",95.34,70,69.68,0.26
07:45:40,"[27.9, 20]","[13.0, 4]","[134.5, 30]","[135.38, 24]",81.2,78,106.6,-0.38
07:45:41,"[39.93, 28]","[13.83, 36]","[134.86, 28]","[173.96, 27]",87.39,119,94.93,0.08
07:45:42,"[110.14, 14]","[43.33, 18]","[135.65, 23]","[195.07, 28]",122.9,83,25.51,-0.23
07:45:43,"[133.23, 26]","[70.73, 22]","[135.12, 41]","[149.86, 28]",134.18,117,1.89,-0.18
07:45:44,"[134.12, 34]","[133.71, 34]","[135.76, 25]","[254.45, 31]",134.94,124,1.64,0.1
07:45:45,"[136.0, 15]","[94.65, 34]","[209.55, 51]","[321.02, 60]",172.77,160,73.55,-0.39
07:45:46,"[128.4, 20]","[92.35, 20]","[192.33, 30]","[238.24, 42]",160.37,112,63.93,-0.29
07:45:47,"[111.83, 12]","[66.0, 12]","[153.2, 10]","[195.25, 8]",132.52,42,41.37,0.14
07:45:48,"[131.67, 9]","[127.85, 26]","[249.18, 11]","[449.88, 16]",190.42,62,117.52,0.13
07:45:49,"[139.0, 7]","[137.0, 28]","[144.16, 19]","[190.6, 10]",141.58,64,5.16,0.09
07:45:50,"[139.0, 9]","[137.0, 36]","[142.11, 36]","[143.22, 27]",140.56,108,3.11,-0.17
07:45:51,"[139.0, 9]","[137.0, 36]","[141.0, 36]","[143.0, 36]",140.0,117,2.0,-0.23
07:45:52,"[137.44, 62]","[128.71, 42]","[141.39, 51]","[179.85, 60]",139.41,215,3.96,-0.03
07:45:53,"[138.0, 58]","[137.0, 44]","[139.33, 36]","[140.22, 41]",138.67,179,1.33,0.14
07:45:54,"[137.68, 31]","[130.88, 49]","[139.68, 41]","[152.5, 32]",138.68,153,2.01,0.05
07:45:55,"[137.46, 26]","[126.76, 41]","[143.32, 37]","[191.56, 32]",140.39,136,5.86,-0.01
07:45:56,"[146.0, 96]","[144.32, 71]","[258.03, 31]","[305.53, 34]",202.02,232,112.03,0.44
07:45:57,"[146.0, 96]","[145.0, 117]","[292.0, 36]","[341.44, 18]",219.0,267,146.0,0.6
07:45:58,"[146.0, 64]","[145.0, 143]","[340.71, 28]","[510.5, 26]",243.36,261,194.71,0.59
07:45:59,"[145.33, 36]","[144.85, 41]","[345.2, 10]","[541.12, 17]",245.27,104,199.87,0.48
07:46:00,"[145.0, 16]","[142.0, 3]","[304.0, 6]","[692.0, 3]",224.5,28,159.0,0.36
07:46:01,"[145.0, 20]","[142.0, 10]","[302.94, 47]","[388.29, 21]",223.97,98,157.94,-0.39
07:46:02,"[143.25, 16]","[138.67, 18]","[220.9, 50]","[274.3, 50]",182.07,134,77.65,-0.49
07:46:03,"[140.31, 59]","[139.07, 15]","[200.0, 40]","[201.0, 40]",170.15,154,59.69,-0.04
07:46:04,"[146.0, 25]","[140.0, 72]","[199.11, 45]","[201.0, 45]",172.56,187,53.11,0.04
07:46:05,"[146.0, 26]","[140.0, 104]","[198.92, 65]","[218.17, 41]",172.46,236,52.92,0.1
07:46:06,"[146.0, 22]","[140.36, 39]","[196.81, 37]","[209.0, 40]",171.41,138,50.81,-0.12
07:46:07,"[146.0, 16]","[142.0, 8]","[195.11, 19]","[196.14, 37]",170.55,80,49.11,-0.4
07:46:08,"[144.2, 20]","[140.8, 10]","[192.23, 26]","[193.46, 35]",168.22,91,48.03,-0.34
07:46:09,"[139.51, 37]","[133.74, 23]","[189.98, 45]","[191.92, 48]",164.75,153,50.46,-0.22
07:46:10,"[141.36, 126]","[139.0, 28]","[181.62, 53]","[186.71, 49]",161.49,256,40.27,0.2
07:46:11,"[143.42, 108]","[139.0, 24]","[179.31, 45]","[188.39, 59]",161.36,236,35.89,0.12
07:46:12,"[144.88, 72]","[139.0, 16]","[178.29, 34]","[186.68, 38]",161.58,160,33.42,0.1
07:46:13,"[145.0, 63]","[140.91, 44]","[177.52, 31]","[183.2, 20]",161.26,158,32.52,0.35
07:46:14,"[145.0, 54]","[141.0, 63]","[176.71, 28]","[179.92, 26]",160.86,171,31.71,0.37
07:46:15,"[145.0, 9]","[141.0, 63]","[173.36, 22]","[174.29, 28]",159.18,122,28.36,0.18
07:46:16,"[145.0, 9]","[141.0, 63]","[171.44, 18]","[173.0, 18]",158.22,108,26.44,0.33
07:46:17,"[142.0, 20]","[140.56, 45]","[169.5, 20]","[170.7, 20]",155.75,105,27.5,0.24
07:46:18,"[141.33, 27]","[140.38, 39]","[164.69, 32]","[165.84, 31]",153.01,129,23.35,0.02
07:46:19,"[139.23, 13]","[138.15, 60]","[160.42, 24]","[161.4, 20]",149.82,117,21.19,0.25
07:46:20,"[139.0, 10]","[138.0, 130]","[156.36, 25]","[157.48, 25]",147.68,190,17.36,0.47
07:46:21,"[139.0, 15]","[138.0, 193]","[153.07, 30]","[153.52, 31]",146.03,269,14.07,0.55
07:46:22,"[139.0, 11]","[138.0, 141]","[149.15, 41]","[151.17, 12]",144.07,205,10.15,0.48
07:46:23,"[139.0, 14]","[138.0, 210]","[145.29, 31]","[146.61, 28]",142.15,283,6.29,0.58
07:46:24,"[138.1, 98]","[137.63, 213]","[140.74, 27]","[156.41, 27]",139.42,365,2.64,0.7
07:46:25,"[138.0, 135]","[137.0, 34]","[139.0, 20]","[140.0, 10]",138.5,199,1.0,0.7
07:46:26,"[138.0, 90]","[137.0, 10]","[160.17, 12]","[293.73, 15]",149.08,127,22.17,0.57
07:46:27,"[138.0, 71]","[137.0, 9]","[262.0, 18]","[431.62, 16]",200.0,114,124.0,0.4
07:46:28,"[138.29, 34]","[137.68, 19]","[300.0, 22]","[478.94, 17]",219.15,92,161.71,0.15
07:46:29,"[140.88, 34]","[138.82, 17]","[372.0, 10]","[667.43, 14]",256.44,75,231.12,0.36
07:46:30,"[141.0, 12]","[139.0, 12]","[405.79, 19]","[416.71, 17]",273.39,60,264.79,-0.2
07:46:31,"[139.88, 16]","[138.19, 32]","[323.12, 49]","[334.8, 61]",231.5,158,183.25,-0.39
07:46:32,"[140.0, 11]","[138.0, 33]","[260.52, 23]","[280.3, 43]",200.26,110,120.52,-0.2
07:46:33,"[140.0, 7]","[138.0, 21]","[268.23, 31]","[276.19, 21]",204.11,80,128.23,-0.3
07:46:34,"[140.0, 8]","[138.0, 24]","[252.8, 10]","[267.41, 37]",196.4,79,112.8,-0.19
07:46:35,"[139.33, 24]","[137.88, 34]","[256.0, 55]","[325.93, 61]",197.67,174,116.67,-0.33
07:46:36,"[138.0, 22]","[137.0, 11]","[207.82, 22]","[223.0, 31]",172.91,86,69.82,-0.23
07:46:37,"[140.33, 9]","[124.14, 21]","[167.33, 6]","[237.29, 21]",153.83,57,27.0,0.05
07:46:38,"[142.0, 16]","[137.0, 8]","[166.58, 12]","[203.44, 18]",154.29,54,24.58,-0.11
07:46:39,"[117.59, 92]","[99.72, 39]","[163.8, 54]","[165.67, 30]",140.69,215,46.21,0.22
07:46:40,"[130.03, 68]","[129.11, 130]","[161.04, 48]","[160.25, 16]",145.54,262,31.01,0.51
07:46:41,"[102.0, 36]","[98.0, 36]","[149.5, 12]","[152.18, 17]",125.75,101,47.5,0.43
07:46:42,"[106.52, 112]","[95.31, 71]","[133.0, 62]","[139.89, 44]",119.76,289,26.48,0.27
07:46:43,"[108.47, 73]","[100.38, 53]","[133.47, 17]","[134.54, 37]",120.97,180,25.0,0.4
07:46:44,"[104.56, 64]","[103.57, 47]","[131.54, 13]","[134.0, 13]",118.05,137,26.98,0.62
07:46:45,"[113.35, 147]","[112.68, 125]","[130.43, 47]","[138.19, 31]",121.89,350,17.08,0.55
07:46:46,"[119.73, 92]","[117.71, 189]","[143.19, 58]","[281.85, 27]",131.46,366,23.46,0.54
07:46:47,"[128.84, 55]","[126.26, 87]","[405.45, 29]","[459.5, 32]",267.14,203,276.61,0.4
07:46:48,"[139.32, 19]","[137.34, 87]","[348.1, 29]","[375.7, 44]",243.71,179,208.79,0.18
07:46:49,"[139.0, 22]","[137.0, 99]","[222.12, 40]","[304.76, 37]",180.56,198,83.12,0.22
07:46:50,"[139.74, 70]","[135.92, 107]","[205.18, 61]","[221.95, 38]",172.46,276,65.44,0.28
07:46:51,"[142.0, 48]","[140.0, 54]","[219.88, 40]","[223.0, 16]",180.94,158,77.88,0.29
07:46:52,"[143.4, 40]","[141.0, 56]","[219.0, 45]","[336.62, 16]",181.2,157,75.6,0.22
07:46:53,"[142.8, 30]","[139.85, 39]","[219.0, 30]","[237.0, 6]",180.9,105,76.2,0.31
07:46:54,"[142.0, 60]","[138.0, 70]","[214.0, 44]","[227.0, 18]",178.0,192,72.0,0.35
07:46:55,"[141.81, 84]","[138.07, 109]","[163.03, 77]","[197.81, 36]",152.42,306,21.22,0.26
07:46:56,"[142.19, 63]","[137.73, 77]","[161.18, 55]","[288.77, 26]",151.69,221,18.99,0.27
07:46:57,"[146.0, 36]","[138.0, 56]","[160.5, 40]","[317.82, 22]",153.25,154,14.5,0.19
07:46:58,"[144.2, 20]","[138.8, 40]","[158.5, 50]","[162.79, 42]",151.35,152,14.3,-0.21
07:46:59,"[141.08, 52]","[138.51, 47]","[156.82, 55]","[159.0, 55]",148.95,209,15.74,-0.05
07:47:00,"[142.9, 70]","[140.71, 35]","[155.2, 50]","[159.0, 50]",149.05,205,12.3,0.02
07:47:01,"[144.86, 49]","[141.0, 35]","[154.71, 35]","[157.86, 35]",149.79,154,9.86,0.09
07:47:02,"[145.0, 133]","[141.0, 95]","[153.03, 91]","[154.37, 95]",149.02,414,8.03,0.1
07:47:03,"[145.0, 55]","[141.0, 65]","[148.03, 61]","[149.43, 53]",146.52,234,3.03,0.03
07:47:04,"[141.48, 54]","[139.11, 56]","[146.12, 41]","[147.08, 65]",143.8,216,4.64,0.02
07:47:05,"[140.67, 21]","[138.25, 80]","[144.19, 26]","[145.68, 22]",142.43,149,3.53,0.36
07:47:06,"[138.17, 69]","[137.29, 84]","[143.15, 39]","[143.94, 17]",140.66,209,4.98,0.46
07:47:07,"[138.36, 67]","[137.16, 57]","[140.03, 31]","[141.26, 19]",139.2,174,1.67,0.43
07:47:08,"[139.2, 35]","[138.0, 21]","[266.67, 15]","[543.16, 19]",202.93,90,127.47,0.24
07:47:09,"[142.12, 16]","[137.0, 56]","[346.5, 24]","[526.88, 24]",244.31,120,204.38,0.2
07:47:10,"[143.15, 26]","[139.44, 123]","[267.72, 47]","[497.0, 36]",205.44,232,124.57,0.28
07:47:11,"[144.0, 18]","[140.0, 189]","[259.44, 36]","[497.0, 27]",201.72,270,115.44,0.53
07:47:12,"[144.35, 17]","[140.05, 234]","[289.3, 44]","[315.15, 54]",216.82,349,144.94,0.44
07:47:13,"[146.0, 14]","[144.0, 14]","[244.06, 48]","[334.21, 29]",195.03,105,98.06,-0.47
07:47:14,"[146.0, 10]","[144.99, 109]","[241.0, 30]","[541.11, 19]",193.5,168,95.0,0.42
07:47:15,"[146.0, 8]","[145.0, 96]","[240.12, 24]","[311.38, 8]",193.06,136,94.12,0.53
07:47:16,"[146.0, 9]","[145.0, 108]","[194.92, 25]","[199.75, 32]",170.46,174,48.92,0.34
07:47:17,"[146.0, 12]","[145.0, 144]","[192.04, 24]","[193.53, 34]",169.02,214,46.04,0.46
07:47:18,"[145.14, 56]","[144.94, 102]","[176.4, 25]","[190.87, 31]",160.77,214,31.26,0.48
07:47:19,"[145.0, 104]","[144.0, 13]","[172.33, 33]","[178.56, 32]",158.67,182,27.33,0.29
07:47:20,"[145.0, 38]","[144.0, 11]","[168.74, 31]","[171.0, 24]",156.87,104,23.74,-0.06
07:47:21,"[145.0, 24]","[144.0, 12]","[166.42, 24]","[168.0, 36]",155.71,96,21.42,-0.25
07:47:22,"[145.0, 20]","[144.0, 10]","[166.0, 20]","[168.0, 30]",155.5,80,21.0,-0.25
07:47:23,"[145.0, 20]","[144.0, 10]","[164.28, 25]","[165.4, 25]",154.64,80,19.28,-0.25
07:47:24,"[145.0, 26]","[144.0, 13]","[157.88, 33]","[159.79, 43]",151.44,115,12.88,-0.32
07:47:25,"[145.0, 28]","[144.0, 14]","[156.26, 43]","[157.06, 49]",150.63,134,11.26,-0.37
07:47:26,"[145.0, 24]","[144.0, 12]","[152.55, 22]","[154.18, 33]",148.77,91,7.55,-0.21
07:47:27,"[145.0, 24]","[144.0, 12]","[150.46, 35]","[151.44, 25]",147.73,96,5.46,-0.25
07:47:28,"[144.26, 23]","[140.4, 96]","[146.07, 43]","[146.64, 39]",145.17,201,1.81,0.18
07:47:29,"[140.08, 99]","[139.79, 97]","[143.45, 11]","[144.56, 18]",141.77,225,3.37,0.74
07:47:30,"[140.0, 236]","[139.0, 30]","[143.14, 29]","[145.65, 52]",141.57,347,3.14,0.53
07:47:31,"[140.0, 49]","[139.0, 14]","[141.25, 16]","[142.08, 26]",140.62,105,1.25,0.2
07:47:32,"[140.2, 60]","[139.56, 36]","[141.8, 40]","[197.25, 32]",141.0,168,1.6,0.14
07:47:33,"[141.0, 30]","[140.0, 55]","[142.0, 44]","[282.44, 18]",141.5,147,1.0,0.16
07:47:34,"[140.06, 31]","[138.22, 45]","[290.95, 21]","[416.83, 12]",215.51,109,150.89,0.39
07:47:35,"[139.53, 17]","[137.87, 30]","[383.0, 8]","[482.0, 8]",261.26,63,243.47,0.49
07:47:36,"[140.16, 19]","[139.28, 25]","[177.69, 13]","[426.25, 12]",158.93,69,37.53,0.28
07:47:37,"[141.83, 18]","[140.56, 32]","[173.52, 33]","[222.29, 21]",157.67,104,31.68,-0.04
07:47:38,"[144.92, 39]","[143.57, 21]","[187.79, 28]","[194.13, 31]",166.35,119,42.86,0.01
07:47:39,"[145.6, 30]","[144.79, 34]","[178.19, 37]","[192.27, 22]",161.89,123,32.59,0.04
07:47:40,"[146.2, 10]","[144.82, 22]","[173.31, 26]","[180.4, 15]",159.75,73,27.11,-0.12
07:47:41,"[145.7, 10]","[144.7, 10]","[172.56, 18]","[173.18, 22]",159.13,60,26.86,-0.33
07:47:42,"[146.0, 10]","[145.0, 10]","[170.4, 10]","[173.0, 30]",158.2,60,24.4,-0.33
07:47:43,"[144.56, 16]","[142.52, 29]","[168.77, 22]","[169.65, 26]",156.67,93,24.21,-0.03
07:47:44,"[140.54, 78]","[138.43, 84]","[167.36, 28]","[168.92, 52]",153.95,242,26.82,0.34
07:47:45,"[139.0, 69]","[138.0, 64]","[142.21, 28]","[152.48, 25]",140.61,186,3.21,0.43
07:47:46,"[139.0, 40]","[138.0, 32]","[140.0, 20]","[142.0, 8]",139.5,100,1.0,0.44
07:47:47,"[139.0, 63]","[138.0, 36]","[140.0, 9]","[142.0, 9]",139.5,117,1.0,0.69
07:47:48,"[139.0, 77]","[138.0, 44]","[141.45, 11]","[538.11, 19]",140.23,151,2.45,0.6
07:47:49,"[139.0, 71]","[138.0, 48]","[177.27, 30]","[348.87, 23]",158.13,172,38.27,0.38
07:47:50,"[139.9, 62]","[138.75, 32]","[204.0, 30]","[491.14, 28]",171.95,152,64.1,0.24
07:47:51,"[140.33, 42]","[139.0, 18]","[204.0, 18]","[273.2, 20]",172.17,98,63.67,0.22
07:47:52,"[141.69, 91]","[139.29, 34]","[159.15, 52]","[414.12, 32]",150.42,209,17.46,0.2
07:47:53,"[142.0, 16]","[140.0, 8]","[206.4, 15]","[416.5, 12]",174.2,51,64.4,-0.06
07:47:54,"[142.0, 28]","[140.0, 28]","[236.74, 47]","[397.87, 53]",189.37,156,94.74,-0.28
07:47:55,"[146.4, 60]","[143.58, 24]","[162.0, 56]","[331.27, 55]",154.2,195,15.6,-0.14
07:47:56,"[147.0, 64]","[145.32, 19]","[180.5, 30]","[350.31, 26]",163.75,139,33.5,0.19
07:47:57,"[147.0, 72]","[146.0, 18]","[156.14, 22]","[256.57, 28]",151.57,140,9.14,0.29
07:47:58,"[147.0, 76]","[146.0, 22]","[152.65, 31]","[154.1, 20]",149.82,149,5.65,0.32
07:47:59,"[147.0, 40]","[146.0, 20]","[150.54, 26]","[151.5, 24]",148.77,110,3.54,0.09
07:48:00,"[146.64, 33]","[145.67, 18]","[150.56, 18]","[158.32, 28]",148.6,97,3.92,0.05
07:48:01,"[143.5, 40]","[141.67, 30]","[153.2, 15]","[154.73, 15]",148.35,100,9.7,0.4
07:48:02,"[140.73, 44]","[139.54, 59]","[150.91, 11]","[153.0, 11]",145.82,125,10.18,0.65
07:48:03,"[140.88, 34]","[139.85, 61]","[148.0, 14]","[149.57, 14]",144.44,123,7.12,0.54
07:48:04,"[141.0, 18]","[139.0, 85]","[143.56, 9]","[144.56, 9]",142.28,121,2.56,0.7
07:48:05,"[141.0, 21]","[139.0, 105]","[142.55, 11]","[144.0, 11]",141.77,148,1.55,0.7
07:48:06,"[139.35, 40]","[138.84, 92]","[142.0, 13]","[151.3, 10]",140.68,155,2.65,0.7
07:48:07,"[139.0, 62]","[138.0, 30]","[140.48, 21]","[211.5, 6]",139.74,119,1.48,0.55
07:48:08,"[139.0, 52]","[138.0, 40]","[140.38, 8]","[532.25, 8]",139.69,108,1.38,0.7
07:48:09,"[139.19, 42]","[138.38, 48]","[253.89, 9]","[628.42, 19]",196.54,118,114.7,0.53
07:48:10,"[146.0, 12]","[142.47, 30]","[187.14, 21]","[312.18, 11]",166.57,74,41.14,0.14
07:48:11,"[142.0, 18]","[141.0, 12]","[167.0, 6]","[221.14, 21]",154.5,57,25.0,0.05
07:48:12,"[141.0, 5]","[140.0, 20]","[165.8, 5]","[252.2, 5]",153.4,35,24.8,0.43
07:48:13,"[141.0, 6]","[140.0, 24]","[163.83, 6]","[450.5, 8]",152.42,44,22.83,0.36
07:48:14,"[141.0, 10]","[140.0, 40]","[162.3, 10]","[448.69, 26]",151.65,86,21.3,0.16
07:48:15,"[141.95, 82]","[140.27, 22]","[161.0, 10]","[294.0, 30]",151.48,144,19.05,0.44
07:48:16,"[142.89, 117]","[141.0, 9]","[161.0, 9]","[277.58, 19]",151.94,154,18.11,0.64
07:48:17,"[143.29, 63]","[138.67, 78]","[157.94, 17]","[213.18, 55]",150.61,213,14.66,0.32
07:48:18,"[140.24, 63]","[132.63, 105]","[159.0, 12]","[214.0, 60]",149.62,240,18.76,0.4
07:48:19,"[138.0, 85]","[118.9, 10]","[158.0, 13]","[209.58, 38]",148.0,146,20.0,0.3
07:48:20,"[138.0, 35]","[123.0, 7]","[155.56, 9]","[156.33, 12]",146.78,63,17.56,0.33
07:48:21,"[138.39, 66]","[133.59, 32]","[151.73, 11]","[152.73, 11]",145.06,120,13.33,0.63
07:48:22,"[139.0, 66]","[138.0, 50]","[147.12, 16]","[148.91, 11]",143.06,143,8.12,0.62
07:48:23,"[140.54, 65]","[139.71, 14]","[145.0, 20]","[146.0, 10]",142.77,109,4.46,0.45
07:48:24,"[142.0, 60]","[139.0, 51]","[145.0, 20]","[146.0, 10]",143.5,141,3.0,0.57
07:48:25,"[142.0, 46]","[139.0, 45]","[144.1, 10]","[145.0, 16]",143.05,117,2.1,0.56
07:48:26,"[142.36, 14]","[140.71, 35]","[144.0, 8]","[145.0, 16]",143.18,73,1.64,0.34
07:48:27,"[139.42, 79]","[138.22, 90]","[143.57, 23]","[144.84, 31]",141.49,223,4.15,0.52
07:48:28,"[139.09, 65]","[138.42, 86]","[173.65, 48]","[214.23, 39]",156.37,238,34.55,0.27
07:48:29,"[139.0, 78]","[138.0, 45]","[193.11, 36]","[195.0, 45]",166.06,204,54.11,0.21
07:48:30,"[140.33, 42]","[138.83, 59]","[191.9, 39]","[209.79, 42]",166.12,182,51.56,0.11
07:48:31,"[143.13, 94]","[141.67, 69]","[190.0, 48]","[192.0, 60]",166.56,271,46.87,0.2
07:48:32,"[143.0, 72]","[140.75, 63]","[190.0, 48]","[192.0, 60]",166.5,243,47.0,0.11
07:48:33,"[143.0, 90]","[141.0, 65]","[184.75, 60]","[190.4, 62]",163.88,277,41.75,0.12
07:48:34,"[143.0, 99]","[141.0, 55]","[187.4, 45]","[188.04, 48]",165.2,247,44.4,0.25
07:48:35,"[143.0, 84]","[141.0, 55]","[184.05, 42]","[185.2, 25]",163.52,206,41.05,0.35
07:48:36,"[143.14, 44]","[141.29, 41]","[184.0, 32]","[185.0, 16]",163.57,133,40.86,0.28
07:48:37,"[146.0, 28]","[143.0, 84]","[182.09, 68]","[184.34, 58]",164.04,238,36.09,-0.06
07:48:38,"[146.0, 18]","[143.0, 54]","[179.67, 45]","[184.0, 36]",162.83,153,33.67,-0.06
07:48:39,"[146.0, 20]","[143.0, 60]","[179.0, 50]","[184.0, 40]",162.5,170,33.0,-0.06
07:48:40,"[146.0, 26]","[143.0, 78]","[176.88, 59]","[179.24, 58]",161.44,221,30.88,-0.06
07:48:41,"[145.0, 15]","[142.71, 35]","[173.43, 21]","[174.57, 21]",159.21,92,28.43,0.09
07:48:42,"[143.0, 55]","[141.0, 55]","[171.38, 40]","[172.28, 40]",157.19,190,28.38,0.16
07:48:43,"[143.0, 33]","[141.0, 45]","[167.59, 37]","[168.95, 40]",155.3,155,24.59,0.01
07:48:44,"[143.0, 14]","[141.0, 70]","[161.18, 33]","[162.71, 45]",152.09,162,18.18,0.04
07:48:45,"[142.47, 19]","[140.71, 82]","[152.85, 40]","[152.83, 36]",147.66,177,10.38,0.14
07:48:46,"[141.0, 66]","[139.0, 164]","[145.02, 43]","[146.86, 21]",143.01,294,4.02,0.56
07:48:47,"[139.37, 43]","[138.62, 26]","[142.27, 22]","[143.27, 15]",140.82,106,2.9,0.3
07:48:48,"[139.47, 40]","[138.9, 62]","[141.41, 39]","[142.67, 36]",140.44,177,1.94,0.15
07:48:49,"[139.0, 24]","[138.0, 18]","[140.3, 20]","[141.86, 21]",139.65,83,1.3,0.01
07:48:50,"[138.0, 26]","[137.0, 26]","[140.82, 22]","[304.93, 40]",139.41,114,2.82,-0.09
