Time,Bid1,Bid2,Ask1,Ask2,Mid-Price,Total_volume,Bid_ask_spread,Order_imbalance
07:30:00,"[0, 0]","[0, 0]","[0, 0]","[0, 0]",0.0,0,0.0,0.0
07:30:02,"[146.0, 9]","[0, 0]","[0, 0]","[0, 0]",73.0,9,-146.0,1.0
07:30:03,"[147.0, 3]","[146.0, 9]","[0, 0]","[0, 0]",73.5,12,-147.0,1.0
07:30:04,"[147.0, 18]","[146.0, 54]","[151.91, 22]","[414.86, 14]",149.45,108,4.91,0.33
07:30:05,"[147.0, 9]","[134.67, 27]","[187.0, 12]","[423.33, 6]",167.0,54,40.0,0.33
07:30:06,"[147.75, 12]","[112.0, 36]","[187.0, 16]","[630.0, 14]",167.38,78,39.25,0.23
07:30:07,"[149.0, 15]","[122.4, 45]","[186.89, 18]","[408.67, 18]",167.94,96,37.89,0.25
07:30:08,"[150.0, 48]","[138.0, 36]","[178.27, 11]","[182.73, 15]",164.14,110,28.27,0.53
07:30:09,"[150.05, 66]","[150.0, 9]","[171.81, 21]","[175.64, 22]",160.93,118,21.76,0.27
07:30:10,"[150.85, 78]","[151.33, 27]","[165.03, 34]","[166.7, 30]",157.94,169,14.18,0.24
07:30:11,"[155.6, 30]","[154.0, 28]","[157.0, 14]","[158.86, 14]",156.3,86,1.4,0.35
07:30:12,"[155.33, 12]","[149.76, 34]","[157.2, 10]","[159.5, 16]",156.27,72,1.87,0.28
07:30:13,"[154.83, 12]","[147.0, 54]","[158.0, 6]","[161.0, 24]",156.42,96,3.17,0.38
07:30:14,"[156.0, 24]","[147.92, 108]","[158.0, 12]","[161.0, 68]",157.0,212,2.0,0.25
07:30:15,"[157.27, 22]","[147.0, 99]","[160.49, 45]","[285.36, 44]",158.88,210,3.22,0.15
07:30:16,"[154.59, 29]","[146.06, 97]","[159.83, 52]","[161.59, 41]",157.21,219,5.24,0.15
07:30:17,"[148.45, 99]","[134.0, 77]","[159.8, 20]","[192.1, 31]",154.13,227,11.35,0.55
07:30:18,"[151.0, 71]","[134.0, 70]","[155.9, 10]","[180.57, 23]",153.45,174,4.9,0.62
07:30:19,"[151.08, 65]","[135.71, 76]","[156.0, 11]","[177.0, 11]",153.54,163,4.92,0.73
07:30:20,"[152.0, 60]","[150.96, 56]","[156.0, 12]","[197.19, 52]",154.0,180,4.0,0.29
07:30:21,"[153.34, 38]","[152.37, 38]","[155.5, 10]","[185.74, 23]",154.42,109,2.16,0.39
07:30:22,"[155.0, 60]","[154.0, 36]","[156.0, 20]","[192.0, 36]",155.5,152,1.0,0.26
07:30:23,"[156.26, 95]","[151.95, 66]","[185.25, 48]","[197.38, 87]",170.76,296,28.99,0.09
07:30:24,"[159.77, 112]","[158.38, 71]","[192.0, 45]","[198.0, 90]",175.88,318,32.23,0.15
07:30:25,"[161.48, 102]","[160.07, 141]","[188.3, 56]","[194.38, 29]",174.89,328,26.82,0.48
07:30:26,"[161.76, 82]","[160.26, 134]","[181.38, 55]","[183.41, 39]",171.57,310,19.63,0.39
07:30:27,"[161.0, 48]","[160.0, 40]","[176.47, 32]","[179.73, 30]",168.73,150,15.47,0.17
07:30:28,"[161.0, 48]","[160.0, 40]","[175.19, 32]","[176.07, 40]",168.09,160,14.19,0.1
07:30:29,"[161.0, 66]","[160.0, 55]","[171.86, 42]","[173.23, 47]",166.43,210,10.86,0.15
07:30:30,"[161.09, 53]","[160.43, 70]","[167.76, 59]","[168.76, 41]",164.43,223,6.67,0.1
07:30:31,"[162.72, 25]","[161.07, 45]","[167.05, 42]","[168.53, 38]",164.88,150,4.33,-0.07
07:30:32,"[163.0, 54]","[162.0, 9]","[164.48, 42]","[168.22, 27]",163.74,132,1.48,-0.05
07:30:33,"[163.0, 40]","[161.41, 17]","[168.03, 58]","[169.8, 30]",165.52,145,5.03,-0.21
07:30:34,"[164.27, 30]","[163.43, 28]","[169.0, 60]","[171.0, 10]",166.63,128,4.73,-0.09
07:30:35,"[168.0, 3]","[164.0, 3]","[169.0, 18]","[171.0, 3]",168.5,27,1.0,-0.56
07:30:36,"[166.4, 10]","[163.18, 34]","[168.77, 39]","[169.74, 19]",167.58,102,2.37,-0.14
07:30:37,"[163.2, 35]","[162.72, 57]","[167.03, 34]","[167.75, 36]",165.11,162,3.83,0.14
07:30:38,"[163.0, 77]","[160.74, 27]","[165.73, 11]","[168.27, 33]",164.36,148,2.73,0.41
07:30:39,"[163.0, 42]","[160.0, 42]","[167.75, 8]","[168.69, 16]",165.38,108,4.75,0.56
07:30:40,"[163.0, 53]","[160.0, 64]","[168.94, 34]","[248.11, 18]",165.97,169,5.94,0.38
07:30:41,"[163.0, 32]","[160.0, 48]","[168.0, 16]","[169.0, 32]",165.5,128,5.0,0.25
07:30:42,"[160.86, 56]","[159.75, 32]","[166.73, 22]","[185.0, 32]",163.79,142,5.87,0.24
07:30:43,"[165.12, 60]","[161.54, 41]","[169.41, 27]","[246.45, 44]",167.26,172,4.29,0.17
07:30:44,"[168.0, 59]","[167.0, 44]","[169.37, 19]","[217.25, 32]",168.68,154,1.37,0.34
07:30:45,"[167.84, 19]","[166.91, 33]","[170.0, 9]","[224.0, 36]",168.92,97,2.16,0.07
07:30:46,"[167.0, 27]","[164.0, 9]","[170.0, 9]","[227.51, 37]",168.5,82,3.0,-0.12
07:30:47,"[167.0, 30]","[164.0, 10]","[290.11, 46]","[434.0, 41]",228.55,127,123.11,-0.37
07:30:48,"[167.0, 30]","[164.0, 10]","[359.67, 45]","[560.96, 45]",263.33,130,192.67,-0.38
07:30:49,"[167.0, 27]","[164.0, 9]","[422.82, 39]","[653.0, 41]",294.91,116,255.82,-0.38
07:30:50,"[167.0, 30]","[164.0, 10]","[271.04, 49]","[363.63, 41]",219.02,130,104.04,-0.38
07:30:51,"[167.0, 18]","[164.0, 6]","[237.11, 19]","[294.66, 29]",202.05,72,70.11,-0.33
07:30:52,"[167.0, 36]","[164.0, 12]","[170.86, 85]","[253.37, 27]",168.93,160,3.86,-0.4
07:30:53,"[165.17, 6]","[162.5, 6]","[169.0, 36]","[191.0, 8]",167.08,56,3.83,-0.57
07:30:54,"[164.0, 8]","[163.0, 8]","[169.0, 72]","[278.95, 19]",166.5,107,5.0,-0.7
07:30:55,"[166.0, 13]","[163.27, 15]","[169.0, 115]","[378.0, 52]",167.5,195,3.0,-0.71
07:30:56,"[161.8, 10]","[160.6, 15]","[169.0, 56]","[352.8, 20]",165.4,101,7.2,-0.5
07:30:57,"[160.0, 24]","[159.0, 27]","[169.0, 60]","[364.0, 36]",164.5,147,9.0,-0.31
07:30:58,"[160.0, 10]","[159.0, 15]","[169.0, 20]","[423.45, 22]",164.5,67,9.0,-0.25
07:30:59,"[160.0, 18]","[159.0, 32]","[168.82, 34]","[204.77, 26]",164.41,110,8.82,-0.09
07:31:00,"[160.96, 152]","[159.67, 18]","[168.0, 27]","[169.0, 29]",164.48,226,7.04,0.5
07:31:01,"[161.0, 230]","[160.0, 20]","[168.0, 30]","[169.0, 30]",164.5,310,7.0,0.61
07:31:02,"[161.0, 190]","[160.0, 20]","[168.0, 30]","[169.12, 24]",164.5,264,7.0,0.59
07:31:03,"[161.0, 133]","[160.0, 14]","[168.0, 23]","[169.0, 21]",164.5,191,7.0,0.54
07:31:04,"[161.0, 323]","[160.0, 34]","[167.63, 81]","[168.82, 55]",164.31,493,6.63,0.45
07:31:05,"[161.0, 285]","[160.0, 30]","[167.4, 45]","[169.0, 69]",164.2,429,6.4,0.47
07:31:06,"[161.0, 158]","[160.0, 20]","[166.0, 28]","[169.0, 46]",163.5,252,5.0,0.41
07:31:07,"[161.01, 136]","[160.45, 33]","[163.6, 25]","[167.8, 25]",162.3,219,2.59,0.54
07:31:08,"[161.0, 99]","[158.14, 58]","[162.0, 21]","[166.0, 14]",161.5,192,1.0,0.64
07:31:09,"[161.0, 180]","[158.04, 182]","[162.0, 30]","[166.0, 28]",161.5,420,1.0,0.72
07:31:10,"[161.0, 110]","[160.0, 40]","[162.0, 20]","[166.0, 20]",161.5,190,1.0,0.58
07:31:11,"[161.0, 56]","[160.0, 32]","[162.0, 16]","[166.0, 16]",161.5,120,1.0,0.47
07:31:12,"[160.5, 32]","[159.67, 24]","[162.0, 16]","[167.0, 24]",161.25,96,1.5,0.17
07:31:13,"[161.0, 11]","[160.0, 44]","[162.0, 22]","[166.18, 33]",161.5,110,1.0,0.0
07:31:14,"[161.0, 9]","[160.0, 36]","[162.0, 18]","[166.22, 27]",161.5,90,1.0,0.0
07:31:15,"[161.0, 10]","[160.0, 40]","[169.75, 65]","[387.91, 35]",165.38,150,8.75,-0.33
07:31:16,"[161.67, 18]","[160.14, 28]","[170.0, 70]","[364.8, 30]",165.83,146,8.33,-0.37
07:31:17,"[162.33, 27]","[161.0, 9]","[170.0, 63]","[235.22, 27]",166.17,126,7.67,-0.43
07:31:18,"[163.0, 39]","[161.0, 13]","[167.61, 67]","[170.16, 80]",165.31,199,4.61,-0.48
07:31:19,"[162.9, 30]","[160.15, 47]","[165.35, 43]","[166.23, 83]",164.12,203,2.45,-0.24
07:31:20,"[160.68, 19]","[159.85, 67]","[164.05, 37]","[165.73, 67]",162.37,190,3.37,-0.09
07:31:21,"[158.51, 55]","[157.2, 25]","[162.61, 49]","[168.02, 59]",160.56,188,4.1,-0.15
07:31:22,"[157.58, 36]","[155.14, 57]","[160.68, 19]","[162.29, 45]",159.13,157,3.1,0.18
07:31:23,"[160.0, 17]","[157.0, 17]","[161.35, 17]","[162.84, 19]",160.68,70,1.35,-0.03
07:31:24,"[159.18, 34]","[158.83, 46]","[162.46, 13]","[163.95, 19]",160.82,112,3.29,0.43
07:31:25,"[158.17, 12]","[154.14, 21]","[164.0, 12]","[176.4, 25]",161.08,70,5.83,-0.06
07:31:26,"[157.0, 7]","[154.0, 28]","[164.0, 14]","[318.28, 29]",160.5,78,7.0,-0.1
07:31:27,"[157.0, 8]","[154.0, 32]","[164.0, 16]","[165.0, 16]",160.5,72,7.0,0.11
07:31:28,"[159.2, 10]","[154.12, 33]","[164.78, 18]","[322.7, 33]",161.99,94,5.58,-0.09
07:31:29,"[158.0, 11]","[154.0, 44]","[163.7, 27]","[201.17, 30]",160.85,112,5.7,-0.02
07:31:30,"[159.83, 12]","[155.62, 24]","[163.0, 60]","[505.6, 48]",161.42,144,3.17,-0.5
07:31:31,"[153.57, 47]","[95.77, 31]","[163.0, 35]","[188.0, 7]",158.29,120,9.43,0.3
07:31:32,"[153.08, 60]","[124.58, 40]","[163.0, 30]","[223.33, 6]",158.04,136,9.92,0.47
07:31:33,"[154.0, 40]","[153.0, 88]","[163.0, 40]","[246.57, 14]",158.5,182,9.0,0.41
07:31:34,"[154.0, 20]","[153.0, 44]","[163.0, 20]","[211.0, 16]",158.5,100,9.0,0.28
07:31:35,"[158.52, 90]","[155.85, 93]","[213.39, 67]","[312.47, 75]",185.96,325,54.87,0.13
07:31:36,"[165.14, 88]","[162.19, 121]","[338.12, 78]","[380.33, 36]",251.63,323,172.98,0.29
07:31:37,"[169.57, 28]","[166.43, 49]","[283.18, 39]","[307.93, 54]",226.38,170,113.61,-0.09
07:31:38,"[169.0, 20]","[165.0, 90]","[227.65, 34]","[240.38, 32]",198.32,176,58.65,0.25
07:31:39,"[169.0, 22]","[165.0, 99]","[185.31, 32]","[186.65, 23]",177.16,176,16.31,0.38
07:31:40,"[169.0, 36]","[165.55, 132]","[180.25, 60]","[182.87, 30]",174.62,258,11.25,0.3
07:31:41,"[169.0, 22]","[168.0, 44]","[177.46, 41]","[179.86, 14]",173.23,121,8.46,0.09
07:31:42,"[168.32, 31]","[165.99, 69]","[175.27, 22]","[186.56, 27]",171.8,149,6.95,0.34
07:31:43,"[165.26, 57]","[162.05, 57]","[173.78, 27]","[174.92, 24]",169.52,165,8.51,0.38
07:31:44,"[165.0, 78]","[161.0, 78]","[169.71, 34]","[171.57, 21]",167.35,211,4.71,0.48
07:31:45,"[165.0, 45]","[161.0, 54]","[167.55, 42]","[169.29, 21]",166.27,162,2.55,0.22
07:31:46,"[161.87, 23]","[110.84, 83]","[166.35, 57]","[171.81, 16]",164.11,179,4.48,0.18
07:31:47,"[161.0, 16]","[58.3, 40]","[164.42, 24]","[166.08, 24]",162.71,104,3.42,0.08
07:31:48,"[146.91, 22]","[138.0, 29]","[163.0, 35]","[164.0, 7]",154.95,93,16.09,0.1
07:31:49,"[139.47, 127]","[132.36, 45]","[160.97, 30]","[159.19, 27]",150.22,229,21.49,0.5
07:31:50,"[146.19, 31]","[116.41, 59]","[199.5, 8]","[249.55, 22]",172.85,120,53.31,0.5
07:31:51,"[160.64, 42]","[130.79, 24]","[334.0, 16]","[466.12, 32]",247.32,114,173.36,0.16
07:31:52,"[161.27, 33]","[147.56, 36]","[543.65, 34]","[702.46, 26]",352.46,129,382.37,0.07
07:31:53,"[162.7, 30]","[160.0, 30]","[424.38, 32]","[504.56, 36]",293.54,128,261.68,-0.06
07:31:54,"[161.13, 62]","[143.33, 52]","[419.09, 87]","[480.41, 39]",290.11,240,257.96,-0.05
07:31:55,"[160.39, 38]","[149.5, 26]","[381.79, 38]","[479.69, 26]",271.09,128,221.39,0.0
07:31:56,"[164.54, 37]","[157.83, 58]","[411.71, 49]","[554.26, 46]",288.13,190,247.17,0.0
07:31:57,"[168.0, 26]","[162.29, 70]","[315.43, 35]","[400.88, 32]",241.71,163,147.43,0.18
07:31:58,"[168.95, 37]","[166.8, 20]","[371.69, 39]","[372.74, 19]",270.32,115,202.75,-0.01
07:31:59,"[169.0, 70]","[168.0, 28]","[371.4, 68]","[510.56, 50]",270.2,216,202.4,-0.09
07:32:00,"[169.0, 44]","[168.0, 20]","[368.5, 50]","[370.0, 40]",268.75,154,199.5,-0.17
07:32:01,"[169.0, 30]","[168.0, 20]","[363.54, 48]","[364.67, 42]",266.27,140,194.54,-0.29
07:32:02,"[169.0, 28]","[168.0, 28]","[337.85, 53]","[362.68, 44]",253.42,153,168.85,-0.27
07:32:03,"[168.9, 10]","[167.9, 20]","[241.18, 33]","[254.3, 23]",205.04,86,72.28,-0.3
07:32:04,"[167.2, 5]","[164.6, 10]","[226.33, 12]","[227.44, 18]",196.77,45,59.13,-0.33
07:32:05,"[167.0, 6]","[164.0, 12]","[223.83, 12]","[226.0, 24]",195.42,54,56.83,-0.33
07:32:06,"[161.15, 82]","[160.44, 36]","[219.53, 19]","[223.62, 26]",190.34,163,58.38,0.45
07:32:07,"[161.0, 96]","[160.0, 36]","[185.27, 15]","[194.55, 20]",173.13,167,24.27,0.58
07:32:08,"[161.53, 105]","[160.48, 54]","[177.54, 13]","[179.0, 11]",169.54,183,16.01,0.74
07:32:09,"[165.0, 77]","[161.0, 143]","[175.17, 24]","[176.08, 26]",170.08,270,10.17,0.63
07:32:10,"[165.0, 99]","[161.0, 195]","[170.69, 45]","[171.44, 34]",167.84,373,5.69,0.58
07:32:11,"[165.0, 48]","[161.0, 104]","[166.03, 29]","[167.3, 10]",165.52,191,1.03,0.59
07:32:12,"[165.0, 21]","[161.0, 104]","[166.0, 32]","[168.5, 8]",165.5,165,1.0,0.52
07:32:13,"[163.32, 62]","[160.95, 149]","[169.75, 16]","[267.96, 25]",166.54,252,6.43,0.67
07:32:14,"[165.0, 24]","[161.0, 178]","[170.0, 16]","[171.0, 8]",167.5,226,5.0,0.79
07:32:15,"[165.17, 23]","[161.06, 252]","[168.7, 20]","[171.0, 10]",166.94,305,3.53,0.8
07:32:16,"[166.88, 16]","[165.0, 16]","[170.38, 8]","[256.89, 18]",168.62,58,3.5,0.1
07:32:17,"[166.11, 18]","[161.41, 78]","[441.23, 22]","[469.28, 25]",303.67,143,275.12,0.34
07:32:18,"[166.0, 19]","[161.91, 32]","[455.04, 50]","[712.7, 40]",310.52,141,289.04,-0.28
07:32:19,"[163.77, 13]","[161.03, 111]","[405.83, 60]","[726.0, 36]",284.8,220,242.06,0.13
07:32:20,"[167.15, 78]","[160.7, 154]","[380.09, 44]","[492.43, 46]",273.62,322,212.94,0.44
07:32:21,"[169.0, 43]","[161.0, 99]","[385.57, 35]","[423.18, 39]",277.29,216,216.57,0.31
07:32:22,"[169.0, 24]","[161.53, 34]","[396.5, 16]","[419.59, 34]",282.75,108,227.5,0.07
07:32:23,"[169.0, 10]","[163.0, 4]","[404.0, 20]","[544.0, 9]",286.5,43,235.0,-0.35
07:32:24,"[167.22, 9]","[160.4, 53]","[402.22, 45]","[613.67, 27]",284.72,134,235.0,-0.07
07:32:25,"[163.77, 26]","[160.85, 66]","[386.0, 30]","[402.0, 50]",274.88,172,222.23,0.07
07:32:26,"[160.41, 117]","[159.0, 17]","[384.2, 50]","[386.0, 30]",272.31,214,223.79,0.25
07:32:27,"[161.89, 152]","[159.35, 92]","[380.3, 50]","[381.31, 48]",271.1,342,218.41,0.43
07:32:28,"[169.0, 56]","[160.0, 140]","[254.94, 31]","[319.39, 23]",211.97,250,85.94,0.57
07:32:29,"[169.0, 52]","[160.0, 205]","[195.09, 55]","[196.64, 55]",182.05,367,26.09,0.4
07:32:30,"[169.0, 40]","[160.0, 200]","[192.79, 48]","[193.9, 50]",180.9,338,23.79,0.42
07:32:31,"[169.0, 44]","[160.0, 164]","[186.27, 55]","[192.0, 55]",177.64,318,17.27,0.31
07:32:32,"[169.12, 16]","[163.24, 45]","[184.83, 30]","[189.67, 30]",176.98,121,15.71,0.01
07:32:33,"[170.0, 20]","[169.0, 20]","[184.79, 38]","[257.0, 44]",177.39,122,14.79,-0.34
07:32:34,"[169.42, 19]","[168.08, 96]","[180.2, 30]","[185.0, 75]",174.81,220,10.78,0.05
07:32:35,"[169.0, 7]","[168.0, 56]","[177.57, 14]","[183.38, 26]",173.29,103,8.57,0.22
07:32:36,"[169.0, 10]","[168.0, 80]","[174.26, 23]","[174.94, 32]",171.63,145,5.26,0.24
07:32:37,"[169.0, 10]","[168.0, 80]","[172.2, 20]","[173.82, 44]",170.6,154,3.2,0.17
07:32:38,"[168.05, 59]","[167.77, 31]","[170.09, 23]","[171.5, 20]",169.07,133,2.04,0.35
07:32:39,"[167.24, 21]","[163.38, 34]","[173.67, 15]","[349.4, 25]",170.45,95,6.43,0.16
07:32:40,"[164.0, 36]","[160.22, 74]","[361.58, 24]","[432.27, 33]",262.79,167,197.58,0.32
07:32:41,"[164.0, 18]","[160.0, 36]","[233.27, 15]","[246.33, 15]",198.63,84,69.27,0.29
07:32:42,"[164.12, 34]","[160.67, 72]","[219.79, 42]","[273.43, 56]",191.95,204,55.67,0.04
07:32:43,"[164.0, 24]","[160.0, 48]","[196.0, 40]","[219.0, 24]",180.0,136,32.0,0.06
07:32:44,"[164.0, 36]","[160.0, 72]","[188.17, 41]","[217.23, 30]",176.09,179,24.17,0.21
07:32:45,"[164.0, 15]","[161.29, 21]","[194.0, 15]","[288.8, 5]",179.0,56,30.0,0.29
07:32:46,"[164.0, 30]","[163.0, 30]","[194.0, 30]","[382.0, 10]",179.0,100,30.0,0.2
07:32:47,"[164.0, 42]","[163.0, 42]","[191.21, 42]","[244.83, 47]",177.61,173,27.21,-0.03
07:32:48,"[164.0, 27]","[163.0, 27]","[188.29, 28]","[323.46, 37]",176.14,119,24.29,-0.09
07:32:49,"[164.55, 40]","[163.66, 41]","[182.19, 43]","[210.0, 41]",173.37,165,17.64,-0.02
07:32:50,"[167.0, 12]","[166.0, 48]","[189.38, 24]","[213.43, 21]",178.19,105,22.38,0.14
07:32:51,"[166.75, 32]","[165.94, 99]","[189.18, 51]","[337.26, 53]",177.96,235,22.43,0.11
07:32:52,"[166.0, 56]","[164.0, 21]","[188.43, 21]","[406.7, 27]",177.21,125,22.43,0.23
07:32:53,"[166.0, 72]","[164.0, 27]","[187.22, 27]","[328.0, 9]",176.61,135,21.22,0.47
07:32:54,"[166.0, 73]","[164.0, 30]","[171.35, 37]","[438.54, 37]",168.68,177,5.35,0.16
07:32:55,"[166.0, 60]","[164.0, 30]","[496.0, 36]","[531.83, 40]",331.0,166,330.0,0.08
07:32:56,"[166.0, 36]","[164.0, 27]","[399.59, 37]","[432.17, 36]",282.8,136,233.59,-0.07
07:32:57,"[166.0, 27]","[163.67, 27]","[331.13, 30]","[332.48, 29]",248.57,113,165.13,-0.04
07:32:58,"[166.0, 42]","[163.08, 36]","[324.72, 43]","[326.37, 46]",245.36,167,158.72,-0.07
07:32:59,"[164.55, 44]","[161.25, 32]","[322.3, 37]","[323.61, 38]",243.42,151,157.75,0.01
07:33:00,"[162.0, 73]","[160.0, 143]","[320.5, 48]","[321.63, 43]",241.25,307,158.5,0.41
07:33:01,"[165.93, 30]","[161.91, 45]","[315.8, 30]","[316.69, 29]",240.87,134,149.87,0.12
07:33:02,"[167.96, 152]","[163.78, 18]","[278.46, 37]","[300.71, 31]",223.21,238,110.5,0.43
07:33:03,"[168.0, 110]","[164.0, 10]","[214.6, 30]","[253.8, 30]",191.3,180,46.6,0.33
07:33:04,"[168.0, 154]","[164.0, 14]","[211.28, 47]","[212.38, 47]",189.64,262,43.28,0.28
07:33:05,"[168.0, 165]","[164.0, 15]","[207.66, 47]","[208.91, 47]",187.83,274,39.66,0.31
07:33:06,"[168.0, 132]","[164.0, 12]","[201.26, 46]","[202.93, 40]",184.63,230,33.26,0.25
07:33:07,"[168.0, 107]","[164.0, 13]","[196.37, 51]","[197.57, 49]",182.19,220,28.37,0.09
07:33:08,"[168.0, 35]","[164.0, 5]","[193.06, 16]","[194.4, 20]",180.53,76,25.06,0.05
07:33:09,"[168.3, 40]","[167.65, 46]","[192.0, 30]","[194.0, 40]",180.15,156,23.7,0.1
07:33:10,"[169.0, 18]","[168.0, 63]","[190.56, 27]","[194.0, 36]",179.78,144,21.56,0.12
07:33:11,"[169.0, 18]","[168.0, 63]","[188.34, 29]","[192.45, 33]",178.67,143,19.34,0.13
07:33:12,"[168.15, 53]","[167.03, 37]","[184.64, 42]","[185.8, 44]",176.4,176,16.49,0.02
07:33:13,"[168.0, 70]","[164.0, 14]","[180.52, 44]","[182.64, 45]",174.26,173,12.52,-0.03
07:33:14,"[168.0, 61]","[164.0, 14]","[175.98, 44]","[177.03, 37]",171.99,156,7.98,-0.04
07:33:15,"[160.48, 77]","[150.04, 23]","[171.73, 49]","[173.38, 32]",166.11,181,11.25,0.1
07:33:16,"[159.0, 77]","[141.8, 20]","[168.08, 36]","[168.91, 23]",163.54,156,9.08,0.24
07:33:17,"[159.9, 68]","[157.0, 52]","[164.45, 33]","[167.0, 11]",162.18,164,4.56,0.46
07:33:18,"[159.0, 80]","[103.19, 37]","[163.41, 22]","[165.32, 19]",161.2,158,4.41,0.48
07:33:19,"[159.0, 180]","[139.3, 40]","[161.05, 21]","[167.54, 39]",160.02,280,2.05,0.57
07:33:20,"[159.3, 145]","[151.54, 52]","[166.88, 33]","[237.81, 53]",163.09,283,7.58,0.39
07:33:21,"[166.0, 46]","[163.0, 88]","[167.8, 30]","[317.11, 28]",166.9,192,1.8,0.4
07:33:22,"[164.6, 47]","[161.78, 79]","[454.66, 29]","[505.22, 23]",309.63,178,290.06,0.42
07:33:23,"[162.71, 95]","[158.98, 118]","[455.8, 49]","[507.17, 23]",309.25,285,293.09,0.49
07:33:24,"[164.0, 44]","[162.46, 81]","[502.5, 40]","[572.75, 8]",333.25,173,338.5,0.45
07:33:25,"[164.0, 34]","[163.0, 90]","[496.71, 41]","[564.85, 27]",330.35,192,332.71,0.29
07:33:26,"[164.0, 27]","[163.0, 90]","[318.45, 29]","[407.53, 17]",241.22,163,154.45,0.44
07:33:27,"[164.0, 9]","[163.0, 30]","[318.0, 15]","[320.0, 3]",241.0,57,154.0,0.37
07:33:28,"[163.17, 72]","[161.13, 106]","[203.69, 13]","[281.13, 46]",183.43,237,40.53,0.5
07:33:29,"[168.0, 16]","[163.36, 66]","[304.64, 28]","[398.57, 35]",236.32,145,136.64,0.13
07:33:30,"[168.0, 20]","[167.0, 30]","[298.59, 34]","[374.47, 38]",233.29,122,130.59,-0.18
07:33:31,"[168.0, 24]","[167.0, 36]","[270.46, 56]","[271.39, 36]",219.23,152,102.46,-0.21
07:33:32,"[163.39, 76]","[163.02, 44]","[249.74, 47]","[270.58, 36]",206.57,203,86.35,0.18
07:33:33,"[163.75, 40]","[162.87, 115]","[245.87, 61]","[270.57, 47]",204.81,263,82.12,0.18
07:33:34,"[166.0, 11]","[163.0, 110]","[268.47, 51]","[269.86, 37]",217.24,209,102.47,0.16
07:33:35,"[166.0, 13]","[163.0, 136]","[218.22, 49]","[262.12, 41]",192.11,239,52.22,0.25
07:33:36,"[166.0, 8]","[163.0, 88]","[205.0, 40]","[267.0, 24]",185.5,160,39.0,0.2
07:33:37,"[163.47, 38]","[162.77, 86]","[203.82, 34]","[208.76, 46]",183.65,204,40.35,0.22
07:33:38,"[163.02, 107]","[162.1, 83]","[200.19, 72]","[201.61, 64]",181.61,326,37.18,0.17
07:33:39,"[162.08, 49]","[160.11, 175]","[196.24, 85]","[198.59, 85]",179.16,394,34.15,0.14
07:33:40,"[161.24, 29]","[159.92, 72]","[192.43, 35]","[193.86, 35]",176.83,171,31.19,0.18
07:33:41,"[160.25, 75]","[159.36, 66]","[190.17, 48]","[191.21, 48]",175.21,237,29.91,0.19
07:33:42,"[161.59, 102]","[160.0, 136]","[185.85, 71]","[186.78, 65]",173.72,374,24.26,0.27
07:33:43,"[162.1, 51]","[160.0, 80]","[178.3, 44]","[179.39, 38]",170.2,213,16.2,0.23
07:33:44,"[163.62, 80]","[160.0, 152]","[171.64, 66]","[173.1, 72]",167.63,370,8.01,0.25
07:33:45,"[161.64, 88]","[159.9, 116]","[168.06, 48]","[170.46, 50]",164.85,302,6.43,0.35
07:33:46,"[164.0, 43]","[160.05, 109]","[167.46, 41]","[169.54, 63]",165.73,256,3.46,0.19
07:33:47,"[160.0, 137]","[159.0, 33]","[166.0, 55]","[167.0, 33]",163.0,258,6.0,0.32
07:33:48,"[160.25, 72]","[159.65, 51]","[164.95, 41]","[166.66, 29]",162.6,193,4.7,0.27
07:33:49,"[161.83, 23]","[159.96, 78]","[164.16, 25]","[172.55, 29]",162.99,155,2.33,0.3
07:33:50,"[160.0, 117]","[159.0, 52]","[164.57, 46]","[320.82, 28]",162.28,243,4.57,0.39
07:33:51,"[160.45, 82]","[159.79, 97]","[219.69, 36]","[320.29, 55]",190.07,270,59.24,0.33
07:33:52,"[161.0, 28]","[160.0, 56]","[492.14, 21]","[606.75, 24]",326.57,129,331.14,0.3
07:33:53,"[160.0, 56]","[159.0, 22]","[396.72, 29]","[476.43, 21]",278.36,128,236.72,0.22
07:33:54,"[165.37, 30]","[162.25, 64]","[379.05, 57]","[470.52, 56]",272.21,207,213.69,-0.09
07:33:55,"[163.08, 26]","[165.67, 36]","[297.59, 34]","[387.72, 36]",230.33,132,134.51,-0.06
07:33:56,"[159.77, 53]","[158.0, 48]","[207.53, 30]","[216.7, 27]",183.65,158,47.76,0.28
07:33:57,"[160.0, 51]","[159.0, 51]","[174.14, 50]","[175.67, 33]",167.07,185,14.14,0.1
07:33:58,"[160.0, 42]","[159.0, 42]","[167.7, 30]","[168.3, 47]",163.85,161,7.7,0.04
07:33:59,"[159.49, 47]","[158.75, 32]","[161.53, 30]","[165.05, 44]",160.51,153,2.04,0.03
07:34:00,"[159.26, 57]","[158.41, 22]","[160.53, 38]","[164.12, 32]",159.89,149,1.26,0.06
07:34:01,"[150.0, 32]","[121.18, 44]","[159.76, 29]","[170.18, 38]",154.88,143,9.76,0.06
07:34:02,"[149.86, 84]","[140.1, 20]","[195.17, 23]","[382.32, 25]",172.52,152,45.32,0.37
07:34:03,"[167.0, 20]","[152.0, 18]","[304.71, 14]","[381.0, 36]",235.86,88,137.71,-0.14
07:34:04,"[149.0, 9]","[142.53, 15]","[311.91, 23]","[343.27, 41]",230.46,88,162.91,-0.45
07:34:05,"[137.5, 20]","[87.04, 26]","[155.0, 8]","[278.25, 24]",146.25,78,17.5,0.18
07:34:06,"[148.0, 63]","[99.0, 16]","[155.0, 9]","[177.0, 27]",151.5,115,7.0,0.37
07:34:07,"[148.0, 56]","[116.0, 8]","[155.0, 8]","[161.64, 33]",151.5,105,7.0,0.22
07:34:08,"[148.0, 28]","[116.0, 4]","[155.0, 4]","[157.0, 24]",151.5,60,7.0,0.07
07:34:09,"[148.3, 53]","[130.2, 35]","[153.86, 21]","[155.75, 16]",151.08,125,5.56,0.41
07:34:10,"[112.0, 70]","[62.0, 10]","[156.78, 54]","[158.48, 31]",134.39,165,44.78,-0.03
07:34:11,"[115.21, 71]","[102.0, 55]","[155.94, 69]","[156.96, 69]",135.58,264,40.73,-0.05
07:34:12,"[117.11, 54]","[110.63, 57]","[155.0, 35]","[156.0, 27]",136.06,173,37.89,0.28
07:34:13,"[132.25, 51]","[123.68, 41]","[154.07, 42]","[156.0, 42]",143.16,176,21.82,0.05
07:34:14,"[150.94, 70]","[140.74, 97]","[153.33, 30]","[155.86, 42]",152.14,239,2.39,0.4
07:34:15,"[151.05, 84]","[130.58, 24]","[155.12, 16]","[156.43, 37]",153.09,161,4.08,0.34
07:34:16,"[153.06, 70]","[152.14, 70]","[156.0, 10]","[157.0, 80]",154.53,230,2.94,0.22
07:34:17,"[154.0, 60]","[153.0, 90]","[156.0, 9]","[157.0, 72]",155.0,231,2.0,0.3
07:34:18,"[155.73, 44]","[153.0, 110]","[157.27, 59]","[158.88, 43]",156.5,256,1.54,0.2
07:34:19,"[157.3, 40]","[147.24, 102]","[159.33, 27]","[163.32, 28]",158.32,197,2.03,0.44
07:34:20,"[132.12, 64]","[93.88, 64]","[166.76, 33]","[297.86, 14]",149.44,175,34.63,0.46
07:34:21,"[166.77, 26]","[85.96, 25]","[177.0, 40]","[229.4, 10]",171.88,101,10.23,0.01
07:34:22,"[168.0, 18]","[164.0, 12]","[177.0, 24]","[351.0, 6]",172.5,60,9.0,0.0
07:34:23,"[166.9, 29]","[163.47, 30]","[283.43, 23]","[349.15, 26]",225.17,108,116.54,0.09
07:34:24,"[165.67, 9]","[164.0, 18]","[267.5, 12]","[286.69, 13]",216.58,52,101.83,0.04
07:34:25,"[166.0, 10]","[164.0, 20]","[243.9, 10]","[266.0, 13]",204.95,53,77.9,0.13
07:34:26,"[166.1, 10]","[164.0, 20]","[197.09, 35]","[199.79, 19]",181.59,84,30.99,-0.29
07:34:27,"[165.0, 12]","[163.05, 152]","[193.5, 48]","[195.5, 24]",179.25,236,28.5,0.39
07:34:28,"[163.07, 54]","[161.75, 64]","[192.0, 30]","[194.0, 6]",177.54,154,28.93,0.53
07:34:29,"[163.0, 153]","[160.0, 81]","[191.52, 33]","[191.86, 21]",177.26,288,28.52,0.62
07:34:30,"[163.0, 187]","[160.0, 99]","[188.65, 23]","[189.31, 35]",175.83,344,25.65,0.66
07:34:31,"[163.0, 187]","[160.0, 99]","[185.36, 11]","[187.27, 15]",174.18,312,22.36,0.83
07:34:32,"[163.0, 128]","[160.0, 73]","[185.0, 8]","[189.0, 40]",174.0,249,22.0,0.61
07:34:33,"[163.0, 91]","[160.67, 30]","[184.22, 9]","[187.74, 27]",173.61,157,21.22,0.54
07:34:34,"[163.07, 76]","[162.36, 22]","[182.25, 16]","[183.75, 16]",172.66,130,19.18,0.51
07:34:35,"[164.0, 95]","[163.0, 152]","[178.84, 31]","[180.44, 71]",171.42,349,14.84,0.42
07:34:36,"[165.72, 29]","[164.85, 68]","[174.8, 25]","[175.67, 27]",170.26,149,9.08,0.3
07:34:37,"[166.26, 34]","[164.48, 128]","[169.13, 52]","[171.05, 44]",167.7,258,2.87,0.26
07:34:38,"[164.0, 39]","[162.78, 83]","[167.28, 25]","[252.44, 27]",165.64,174,3.28,0.4
07:34:39,"[163.0, 88]","[162.0, 63]","[165.0, 21]","[503.86, 21]",164.0,193,2.0,0.56
07:34:40,"[163.01, 93]","[162.07, 107]","[327.33, 36]","[535.75, 36]",245.17,272,164.32,0.47
07:34:41,"[163.0, 46]","[162.0, 66]","[273.46, 35]","[485.0, 36]",218.23,183,110.46,0.22
07:34:42,"[162.43, 42]","[161.77, 26]","[208.69, 26]","[395.64, 36]",185.56,130,46.26,0.05
07:34:43,"[162.0, 24]","[161.0, 6]","[206.5, 12]","[208.0, 24]",184.25,66,44.5,-0.09
07:34:44,"[160.9, 20]","[159.09, 69]","[203.96, 53]","[205.88, 32]",182.43,174,43.06,0.02
07:34:45,"[159.07, 45]","[124.0, 53]","[201.4, 30]","[202.42, 38]",180.23,166,42.33,0.18
07:34:46,"[160.04, 48]","[155.58, 76]","[197.43, 35]","[198.45, 40]",178.74,199,37.39,0.25
07:34:47,"[160.46, 35]","[159.1, 60]","[195.17, 29]","[196.53, 30]",177.81,154,34.72,0.23
07:34:48,"[161.22, 40]","[159.33, 36]","[193.1, 29]","[194.17, 23]",177.16,128,31.88,0.19
07:34:49,"[163.6, 42]","[160.0, 24]","[191.75, 24]","[193.0, 32]",177.67,122,28.15,0.08
07:34:50,"[164.0, 85]","[160.0, 51]","[189.05, 37]","[190.73, 52]",176.53,225,25.05,0.21
07:34:51,"[164.5, 84]","[163.47, 90]","[182.42, 38]","[185.67, 36]",173.46,248,17.92,0.4
07:34:52,"[165.53, 73]","[163.89, 108]","[170.05, 41]","[174.02, 56]",167.79,278,4.51,0.3
07:34:53,"[164.0, 68]","[163.0, 12]","[165.95, 20]","[167.86, 28]",164.97,128,1.95,0.25
07:34:54,"[164.0, 152]","[163.0, 11]","[166.3, 20]","[342.97, 39]",165.15,222,2.3,0.47
07:34:55,"[164.0, 188]","[163.0, 13]","[453.24, 34]","[569.83, 59]",308.62,294,289.24,0.37
07:34:56,"[164.53, 68]","[163.93, 60]","[385.59, 32]","[598.49, 35]",275.06,195,221.06,0.31
07:34:57,"[164.08, 107]","[163.64, 22]","[197.56, 27]","[236.67, 42]",180.82,198,33.47,0.3
07:34:58,"[164.0, 26]","[163.0, 2]","[197.0, 4]","[198.0, 10]",180.5,42,33.0,0.33
07:34:59,"[164.0, 90]","[163.0, 9]","[195.08, 13]","[227.42, 26]",179.54,138,31.08,0.43
07:35:00,"[166.0, 32]","[164.0, 64]","[191.23, 13]","[194.73, 11]",178.62,120,25.23,0.6
07:35:01,"[166.0, 37]","[164.0, 41]","[189.71, 45]","[325.45, 55]",177.86,178,23.71,-0.12
07:35:02,"[166.0, 16]","[164.0, 101]","[188.54, 26]","[245.05, 38]",177.27,181,22.54,0.29
07:35:03,"[166.0, 22]","[164.0, 154]","[187.64, 22]","[478.95, 42]",176.82,240,21.64,0.47
07:35:04,"[166.0, 8]","[164.0, 56]","[186.5, 8]","[317.0, 16]",176.25,88,20.5,0.45
07:35:05,"[164.22, 54]","[163.84, 50]","[184.9, 40]","[185.69, 26]",174.56,170,20.68,0.22
07:35:06,"[162.22, 54]","[160.12, 50]","[181.57, 28]","[182.71, 28]",171.9,160,19.35,0.3
07:35:07,"[162.97, 127]","[161.83, 48]","[177.67, 24]","[178.75, 24]",170.32,223,14.7,0.57
07:35:08,"[163.71, 62]","[161.33, 48]","[174.28, 36]","[175.62, 26]",168.99,172,10.57,0.28
07:35:09,"[164.0, 144]","[161.0, 24]","[172.22, 18]","[173.36, 22]",168.11,208,8.22,0.62
07:35:10,"[165.9, 20]","[164.38, 80]","[171.15, 26]","[172.18, 22]",168.53,148,5.25,0.35
07:35:11,"[165.23, 44]","[164.38, 74]","[168.67, 27]","[170.33, 36]",166.95,181,3.44,0.3
07:35:12,"[163.75, 156]","[162.0, 24]","[168.33, 24]","[172.17, 24]",166.04,228,4.58,0.58
07:35:13,"[163.0, 125]","[162.0, 20]","[166.2, 20]","[167.2, 20]",164.6,185,3.2,0.57
07:35:14,"[163.0, 120]","[162.0, 20]","[164.8, 20]","[165.8, 20]",163.9,180,1.8,0.56
07:35:15,"[163.0, 78]","[162.0, 18]","[177.12, 32]","[268.43, 35]",170.06,163,14.12,0.18
07:35:16,"[164.27, 63]","[162.52, 25]","[261.8, 40]","[445.9, 40]",213.03,168,97.53,0.05
07:35:17,"[162.4, 20]","[161.2, 10]","[547.4, 20]","[724.0, 24]",354.9,74,385.0,-0.19
07:35:18,"[162.0, 18]","[160.0, 6]","[558.91, 22]","[770.71, 14]",360.45,60,396.91,-0.2
07:35:19,"[162.0, 27]","[160.0, 9]","[409.82, 39]","[431.4, 35]",285.91,110,247.82,-0.35
07:35:20,"[165.08, 52]","[160.75, 52]","[273.45, 58]","[280.0, 64]",219.26,226,108.37,-0.08
07:35:21,"[166.0, 56]","[162.0, 42]","[271.52, 62]","[272.62, 64]",218.76,224,105.52,-0.12
07:35:22,"[166.0, 44]","[162.0, 33]","[269.19, 53]","[270.52, 46]",217.59,176,103.19,-0.12
07:35:23,"[166.0, 16]","[162.0, 39]","[238.57, 60]","[243.27, 51]",202.28,166,72.57,-0.34
07:35:24,"[166.0, 10]","[162.0, 28]","[221.91, 44]","[224.29, 42]",193.95,124,55.91,-0.39
07:35:25,"[162.95, 21]","[160.14, 29]","[218.3, 47]","[218.96, 50]",190.63,147,55.35,-0.32
07:35:26,"[160.71, 28]","[159.14, 73]","[215.53, 43]","[217.45, 51]",188.12,195,54.82,0.04
07:35:27,"[159.26, 77]","[157.29, 65]","[210.18, 62]","[211.25, 65]",184.72,269,50.92,0.06
07:35:28,"[159.0, 38]","[153.0, 12]","[206.0, 16]","[207.09, 22]",182.5,88,47.0,0.14
07:35:29,"[163.79, 57]","[157.11, 38]","[187.3, 66]","[187.77, 65]",175.55,226,23.51,-0.16
07:35:30,"[166.0, 54]","[159.0, 36]","[170.38, 56]","[171.61, 54]",168.19,200,4.38,-0.1
07:35:31,"[160.31, 32]","[138.72, 25]","[165.31, 35]","[166.89, 38]",162.81,130,5.0,-0.12
07:35:32,"[159.0, 16]","[125.0, 24]","[160.4, 10]","[161.25, 8]",159.7,58,1.4,0.38
07:35:33,"[124.1, 31]","[89.34, 32]","[157.55, 20]","[158.95, 19]",140.82,102,33.45,0.24
07:35:34,"[113.96, 50]","[100.84, 37]","[155.8, 20]","[157.0, 26]",134.88,133,41.84,0.31
07:35:35,"[156.53, 87]","[135.23, 47]","[166.5, 24]","[208.5, 24]",161.51,182,9.97,0.47
07:35:36,"[160.17, 54]","[159.18, 98]","[166.0, 22]","[326.15, 47]",163.08,221,5.83,0.38
07:35:37,"[163.0, 6]","[160.0, 36]","[258.69, 16]","[356.83, 30]",210.84,88,95.69,-0.05
07:35:38,"[166.67, 6]","[161.38, 16]","[298.71, 21]","[414.5, 30]",232.69,73,132.05,-0.4
07:35:39,"[169.0, 12]","[168.0, 12]","[337.29, 42]","[468.81, 36]",253.14,102,168.29,-0.53
07:35:40,"[169.0, 11]","[168.0, 11]","[311.3, 40]","[410.84, 31]",240.15,93,142.3,-0.53
07:35:41,"[163.0, 27]","[161.08, 39]","[327.0, 24]","[579.14, 42]",245.0,132,164.0,0.0
07:35:42,"[160.0, 48]","[159.0, 80]","[242.5, 12]","[353.16, 19]",201.25,159,82.5,0.61
07:35:43,"[159.87, 52]","[158.62, 104]","[225.0, 11]","[226.0, 22]",192.43,189,65.13,0.65
07:35:44,"[159.0, 35]","[106.58, 38]","[224.2, 5]","[342.2, 10]",191.6,88,65.2,0.66
07:35:45,"[161.07, 29]","[128.31, 61]","[224.0, 7]","[286.0, 35]",192.53,132,62.93,0.36
07:35:46,"[159.0, 78]","[72.87, 69]","[222.08, 13]","[614.2, 41]",190.54,201,63.08,0.46
07:35:47,"[159.0, 46]","[104.5, 66]","[198.87, 15]","[584.29, 21]",178.93,148,39.87,0.51
07:35:48,"[120.96, 57]","[111.78, 77]","[165.5, 40]","[366.82, 22]",143.23,196,44.54,0.37
07:35:49,"[163.0, 17]","[116.14, 56]","[176.5, 8]","[458.44, 9]",169.75,90,13.5,0.62
07:35:50,"[163.0, 30]","[100.41, 51]","[265.88, 16]","[516.56, 9]",214.44,106,102.88,0.53
07:35:51,"[163.0, 45]","[158.58, 76]","[414.85, 26]","[601.46, 13]",288.92,160,251.85,0.51
07:35:52,"[166.46, 35]","[160.94, 31]","[335.29, 14]","[426.66, 41]",250.87,121,168.83,0.09
07:35:53,"[168.0, 22]","[164.0, 8]","[296.87, 15]","[361.59, 17]",232.43,62,128.87,-0.03
07:35:54,"[168.0, 10]","[164.0, 5]","[300.14, 7]","[509.0, 8]",234.07,30,132.14,0.0
07:35:55,"[168.6, 5]","[167.71, 7]","[203.0, 4]","[571.0, 8]",185.8,24,34.4,0.0
07:35:56,"[169.0, 12]","[168.0, 24]","[202.25, 12]","[449.67, 18]",185.62,66,33.25,0.09
07:35:57,"[169.0, 14]","[168.0, 28]","[184.57, 14]","[498.92, 26]",176.79,82,15.57,0.02
07:35:58,"[163.47, 38]","[163.8, 20]","[179.6, 10]","[315.12, 34]",171.54,102,16.13,0.14
07:35:59,"[163.83, 29]","[162.23, 26]","[177.04, 57]","[257.16, 19]",170.43,131,13.21,-0.16
07:36:00,"[164.08, 24]","[161.77, 31]","[175.75, 16]","[177.02, 56]",169.92,127,11.67,-0.13
07:36:01,"[161.89, 57]","[160.86, 42]","[173.48, 23]","[176.84, 58]",167.69,180,11.58,0.1
07:36:02,"[162.0, 46]","[161.0, 30]","[172.35, 46]","[173.14, 28]",167.17,150,10.35,0.01
07:36:03,"[161.7, 20]","[160.45, 33]","[172.0, 55]","[173.0, 44]",166.85,152,10.3,-0.3
07:36:04,"[162.24, 21]","[160.65, 37]","[172.16, 101]","[173.06, 72]",167.2,231,9.92,-0.5
07:36:05,"[160.0, 140]","[144.38, 128]","[171.52, 29]","[172.92, 38]",165.76,335,11.52,0.6
07:36:06,"[160.56, 72]","[159.67, 72]","[166.98, 53]","[168.53, 17]",163.77,214,6.43,0.35
07:36:07,"[160.4, 15]","[159.53, 34]","[163.17, 23]","[164.87, 15]",161.79,87,2.77,0.13
07:36:08,"[159.25, 32]","[137.64, 58]","[169.87, 23]","[223.08, 26]",164.56,139,10.62,0.29
07:36:09,"[159.0, 36]","[129.9, 21]","[374.33, 12]","[514.95, 37]",266.67,106,215.33,0.08
07:36:10,"[164.62, 32]","[152.87, 23]","[266.0, 11]","[421.72, 36]",215.31,102,101.38,0.08
07:36:11,"[168.0, 36]","[162.33, 36]","[197.27, 33]","[374.08, 37]",182.64,142,29.27,0.01
07:36:12,"[168.0, 32]","[167.0, 8]","[196.0, 24]","[197.0, 40]",182.0,104,28.0,-0.23
07:36:13,"[168.0, 24]","[167.0, 6]","[196.0, 18]","[255.67, 30]",182.0,78,28.0,-0.23
07:36:14,"[168.24, 42]","[167.5, 16]","[195.6, 30]","[505.89, 45]",181.92,133,27.36,-0.13
07:36:15,"[169.0, 30]","[168.0, 24]","[195.0, 18]","[436.54, 26]",182.0,98,26.0,0.1
07:36:16,"[169.0, 30]","[168.0, 24]","[195.0, 18]","[446.0, 24]",182.0,96,26.0,0.12
07:36:17,"[169.0, 40]","[168.0, 32]","[194.0, 24]","[350.39, 33]",181.5,129,25.0,0.12
07:36:18,"[169.0, 25]","[168.0, 20]","[192.8, 15]","[207.0, 25]",180.9,85,23.8,0.06
07:36:19,"[169.0, 55]","[168.0, 44]","[190.27, 33]","[337.08, 48]",179.64,180,21.27,0.1
07:36:20,"[169.0, 45]","[168.0, 36]","[189.0, 27]","[361.78, 45]",179.0,153,20.0,0.06
07:36:21,"[169.0, 44]","[168.0, 40]","[189.0, 30]","[356.0, 50]",179.0,164,20.0,0.02
07:36:22,"[167.17, 127]","[166.65, 102]","[189.0, 33]","[355.36, 55]",178.09,317,21.83,0.44
07:36:23,"[167.0, 114]","[166.0, 48]","[188.83, 18]","[272.0, 28]",177.92,208,21.83,0.56
07:36:24,"[167.0, 152]","[166.0, 64]","[282.41, 34]","[428.28, 32]",224.71,282,115.41,0.53
07:36:25,"[167.0, 168]","[166.0, 88]","[191.22, 45]","[225.92, 48]",179.11,349,24.22,0.47
07:36:26,"[167.0, 60]","[166.0, 48]","[184.33, 24]","[193.0, 24]",175.67,156,17.33,0.38
07:36:27,"[167.0, 120]","[166.0, 96]","[182.92, 48]","[196.5, 48]",174.96,312,15.92,0.38
07:36:28,"[167.0, 90]","[166.0, 72]","[181.67, 36]","[344.44, 36]",174.33,234,14.67,0.38
07:36:29,"[167.04, 104]","[166.2, 100]","[181.0, 48]","[458.43, 49]",174.02,301,13.96,0.36
07:36:30,"[168.0, 8]","[167.0, 40]","[180.5, 16]","[241.47, 17]",174.25,81,12.5,0.19
07:36:31,"[168.0, 18]","[167.0, 90]","[179.89, 36]","[217.12, 34]",173.94,178,11.89,0.21
07:36:32,"[167.07, 61]","[166.19, 108]","[178.77, 52]","[375.46, 39]",172.92,260,11.7,0.3
07:36:33,"[167.0, 55]","[166.0, 88]","[177.64, 44]","[492.67, 46]",172.32,233,10.64,0.23
07:36:34,"[167.0, 52]","[166.0, 96]","[177.0, 48]","[226.0, 36]",172.0,232,10.0,0.28
07:36:35,"[167.0, 32]","[166.0, 64]","[175.78, 36]","[197.43, 28]",171.39,160,8.78,0.2
07:36:36,"[167.17, 35]","[166.12, 64]","[174.11, 45]","[176.0, 36]",170.64,180,6.94,0.1
07:36:37,"[166.17, 87]","[163.59, 122]","[172.38, 56]","[174.46, 52]",169.27,317,6.2,0.32
07:36:38,"[164.75, 96]","[162.9, 78]","[168.63, 46]","[170.19, 53]",166.69,273,3.88,0.27
07:36:39,"[163.0, 116]","[162.0, 132]","[165.83, 53]","[167.27, 55]",164.42,356,2.83,0.39
07:36:40,"[163.0, 28]","[162.0, 140]","[197.12, 33]","[310.67, 42]",180.06,243,34.12,0.38
07:36:41,"[162.0, 172]","[160.0, 72]","[223.71, 28]","[353.96, 47]",192.86,319,61.71,0.53
07:36:42,"[162.0, 75]","[160.0, 78]","[218.74, 54]","[219.74, 39]",190.37,246,56.74,0.24
07:36:43,"[162.32, 37]","[161.0, 60]","[211.45, 22]","[213.11, 45]",186.89,164,49.13,0.18
07:36:44,"[162.0, 182]","[160.0, 78]","[209.11, 36]","[213.2, 50]",185.56,346,47.11,0.5
07:36:45,"[164.86, 84]","[161.89, 222]","[207.83, 48]","[210.0, 24]",186.35,378,42.98,0.62
07:36:46,"[166.0, 48]","[162.0, 216]","[206.62, 32]","[210.0, 16]",186.31,312,40.62,0.69
07:36:47,"[166.0, 34]","[162.0, 189]","[182.71, 21]","[200.73, 26]",174.36,270,16.71,0.65
07:36:48,"[166.0, 20]","[162.0, 270]","[168.86, 35]","[170.48, 29]",167.43,354,2.86,0.64
07:36:49,"[162.0, 380]","[160.0, 114]","[164.0, 74]","[165.28, 58]",163.0,626,2.0,0.58
07:36:50,"[162.1, 116]","[160.97, 70]","[163.93, 30]","[347.0, 36]",163.02,252,1.83,0.48
07:36:51,"[164.45, 44]","[162.07, 110]","[353.78, 46]","[539.87, 39]",259.12,239,189.33,0.29
07:36:52,"[167.0, 24]","[163.0, 12]","[455.0, 30]","[525.0, 24]",311.0,90,288.0,-0.2
07:36:53,"[167.0, 32]","[163.0, 19]","[468.52, 29]","[564.37, 35]",317.76,115,301.52,-0.11
07:36:54,"[167.0, 48]","[163.0, 24]","[360.44, 57]","[494.8, 51]",263.72,180,193.44,-0.2
07:36:55,"[167.13, 23]","[164.0, 16]","[319.38, 32]","[397.26, 31]",243.25,102,152.24,-0.24
07:36:56,"[167.0, 16]","[163.0, 16]","[264.24, 37]","[344.06, 34]",215.62,103,97.24,-0.38
07:36:57,"[167.76, 58]","[164.45, 22]","[235.73, 44]","[238.0, 44]",201.74,168,67.97,-0.05
07:36:58,"[168.0, 110]","[167.0, 20]","[234.0, 40]","[407.3, 40]",201.0,210,66.0,0.24
07:36:59,"[168.72, 79]","[167.0, 18]","[233.78, 36]","[664.56, 36]",201.25,169,65.06,0.15
07:37:00,"[169.0, 39]","[167.0, 12]","[181.2, 20]","[207.5, 16]",175.1,87,12.2,0.17
07:37:01,"[169.0, 71]","[167.0, 26]","[179.38, 52]","[187.54, 26]",174.19,175,10.38,0.11
07:37:02,"[169.0, 65]","[167.0, 41]","[179.0, 52]","[251.3, 40]",174.0,198,10.0,0.07
07:37:03,"[167.56, 48]","[166.56, 54]","[178.17, 48]","[238.08, 48]",172.86,198,10.6,0.03
07:37:04,"[168.78, 27]","[167.0, 18]","[177.78, 36]","[277.47, 30]",173.28,111,9.0,-0.19
07:37:05,"[169.0, 33]","[167.0, 22]","[176.64, 44]","[296.11, 36]",172.82,135,7.64,-0.19
07:37:06,"[169.0, 24]","[167.0, 16]","[175.88, 32]","[252.0, 32]",172.44,104,6.88,-0.23
07:37:07,"[169.0, 21]","[167.0, 14]","[175.0, 28]","[243.91, 22]",172.0,85,6.0,-0.18
07:37:08,"[169.0, 21]","[167.0, 14]","[174.14, 28]","[189.0, 14]",171.57,77,5.14,-0.09
07:37:09,"[167.29, 21]","[163.08, 102]","[173.0, 44]","[241.71, 17]",170.14,184,5.71,0.34
07:37:10,"[167.0, 9]","[163.0, 90]","[171.89, 36]","[557.0, 26]",169.44,161,4.89,0.23
07:37:11,"[163.0, 56]","[162.0, 7]","[170.0, 28]","[580.2, 20]",166.5,111,7.0,0.14
07:37:12,"[163.0, 134]","[162.0, 13]","[169.38, 52]","[290.84, 31]",166.19,230,6.38,0.28
07:37:13,"[164.29, 28]","[162.42, 115]","[168.0, 56]","[456.08, 53]",166.14,252,3.71,0.13
07:37:14,"[162.12, 130]","[161.02, 102]","[167.31, 65]","[188.75, 48]",164.72,345,5.18,0.34
07:37:15,"[163.22, 92]","[161.52, 83]","[166.3, 54]","[167.2, 50]",164.76,279,3.08,0.25
07:37:16,"[162.19, 54]","[160.87, 62]","[165.89, 35]","[703.43, 21]",164.04,172,3.7,0.35
07:37:17,"[162.0, 56]","[160.0, 40]","[164.26, 31]","[561.79, 19]",163.13,146,2.26,0.32
07:37:18,"[162.0, 84]","[160.0, 48]","[164.0, 48]","[538.33, 24]",163.0,204,2.0,0.29
07:37:19,"[161.74, 38]","[160.8, 50]","[199.41, 34]","[422.75, 16]",180.57,138,37.67,0.28
07:37:20,"[161.03, 74]","[160.24, 33]","[776.83, 52]","[777.6, 25]",468.93,184,615.8,0.16
07:37:21,"[161.0, 25]","[160.0, 15]","[773.2, 10]","[776.0, 25]",467.1,75,612.2,0.07
07:37:22,"[161.09, 23]","[160.09, 23]","[773.0, 16]","[776.0, 5]",467.04,67,611.91,0.37
07:37:23,"[161.91, 121]","[160.5, 36]","[650.14, 42]","[674.77, 35]",406.03,234,488.23,0.34
07:37:24,"[162.0, 144]","[161.0, 24]","[368.67, 36]","[421.45, 33]",265.33,237,206.67,0.42
07:37:25,"[167.0, 10]","[162.0, 120]","[282.0, 20]","[283.0, 50]",224.5,200,115.0,0.3
07:37:26,"[166.47, 17]","[162.29, 140]","[212.65, 34]","[245.0, 62]",189.56,253,46.18,0.24
07:37:27,"[162.65, 74]","[161.63, 142]","[194.68, 37]","[211.7, 53]",178.66,306,32.03,0.41
07:37:28,"[162.0, 110]","[161.0, 110]","[191.27, 44]","[191.85, 41]",176.64,305,29.27,0.44
07:37:29,"[162.0, 70]","[161.0, 70]","[187.43, 35]","[188.39, 31]",174.71,206,25.43,0.36
07:37:30,"[162.0, 110]","[161.0, 110]","[184.63, 49]","[185.82, 55]",173.32,324,22.63,0.36
07:37:31,"[162.39, 144]","[161.13, 150]","[179.19, 48]","[180.63, 65]",170.79,407,16.8,0.44
07:37:32,"[166.0, 84]","[162.06, 96]","[171.91, 33]","[172.57, 42]",168.95,255,5.91,0.41
07:37:33,"[166.0, 72]","[163.0, 22]","[168.24, 34]","[168.91, 45]",167.12,173,2.24,0.09
07:37:34,"[164.8, 10]","[162.23, 26]","[168.53, 19]","[169.57, 21]",166.66,76,3.73,-0.05
07:37:35,"[163.0, 16]","[162.0, 86]","[166.03, 34]","[167.12, 25]",164.51,161,3.03,0.27
07:37:36,"[162.24, 66]","[161.63, 136]","[164.41, 61]","[165.57, 47]",163.33,310,2.17,0.3
07:37:37,"[162.09, 99]","[161.25, 107]","[163.73, 45]","[296.0, 38]",162.91,289,1.64,0.43
07:37:38,"[162.14, 42]","[161.26, 68]","[164.86, 21]","[421.14, 28]",163.5,159,2.71,0.38
07:37:39,"[162.0, 26]","[161.0, 50]","[164.0, 15]","[391.6, 20]",163.0,111,2.0,0.37
07:37:40,"[166.57, 42]","[161.09, 44]","[379.53, 30]","[516.5, 32]",273.05,148,212.96,0.16
07:37:41,"[168.0, 79]","[162.0, 11]","[449.41, 41]","[506.55, 44]",308.71,175,281.41,0.03
07:37:42,"[168.06, 32]","[164.73, 11]","[491.25, 16]","[494.86, 28]",329.66,87,323.19,-0.01
07:37:43,"[168.33, 30]","[167.83, 30]","[344.15, 26]","[395.22, 36]",256.24,122,175.82,-0.02
07:37:44,"[168.0, 36]","[167.0, 9]","[215.0, 36]","[255.0, 36]",191.5,117,47.0,-0.23
07:37:45,"[163.15, 33]","[161.24, 25]","[231.0, 34]","[261.56, 36]",197.08,128,67.85,-0.09
07:37:46,"[160.0, 40]","[159.0, 40]","[252.25, 16]","[254.0, 16]",206.12,112,92.25,0.43
07:37:47,"[160.0, 55]","[159.0, 51]","[248.0, 22]","[250.82, 22]",204.0,150,88.0,0.41
07:37:48,"[160.0, 65]","[159.0, 56]","[244.55, 40]","[245.38, 52]",202.28,213,84.55,0.14
07:37:49,"[161.92, 26]","[160.0, 40]","[239.09, 35]","[243.83, 30]",200.5,131,77.16,0.01
07:37:50,"[162.15, 78]","[160.8, 60]","[239.33, 27]","[241.13, 39]",200.74,204,77.18,0.35
07:37:51,"[162.0, 96]","[160.0, 48]","[223.67, 49]","[222.11, 36]",192.84,229,61.67,0.26
07:37:52,"[162.21, 71]","[161.26, 76]","[191.58, 38]","[213.2, 51]",176.9,236,29.37,0.25
07:37:53,"[162.68, 74]","[161.76, 91]","[188.14, 50]","[190.22, 41]",175.41,256,25.46,0.29
07:37:54,"[162.0, 52]","[160.0, 27]","[184.44, 27]","[185.58, 36]",173.22,142,22.44,0.11
07:37:55,"[163.46, 37]","[160.73, 33]","[179.53, 38]","[182.09, 32]",171.49,140,16.07,0.0
07:37:56,"[168.0, 31]","[162.0, 52]","[176.34, 47]","[178.36, 44]",172.17,174,8.34,-0.05
07:37:57,"[163.41, 34]","[160.62, 52]","[172.64, 50]","[173.74, 74]",168.03,210,9.23,-0.18
07:37:58,"[162.0, 36]","[160.0, 36]","[167.63, 30]","[168.58, 48]",164.82,150,5.63,-0.04
07:37:59,"[162.38, 26]","[160.83, 36]","[164.75, 12]","[167.87, 52]",163.57,126,2.37,-0.02
07:38:00,"[160.34, 29]","[159.39, 46]","[163.57, 7]","[167.48, 23]",161.96,105,3.23,0.43
07:38:01,"[160.0, 64]","[159.0, 84]","[162.03, 32]","[166.3, 56]",161.02,236,2.03,0.25
07:38:02,"[160.0, 24]","[159.0, 56]","[221.43, 28]","[267.05, 38]",190.71,146,61.43,0.1
07:38:03,"[160.0, 21]","[159.0, 49]","[592.14, 21]","[661.0, 28]",376.07,119,432.14,0.18
07:38:04,"[161.6, 5]","[159.3, 10]","[609.0, 6]","[661.0, 8]",385.3,29,447.4,0.03
07:38:05,"[164.0, 16]","[160.0, 24]","[389.13, 31]","[539.62, 32]",276.56,103,225.13,-0.22
07:38:06,"[162.29, 14]","[157.93, 30]","[311.0, 40]","[481.8, 40]",236.64,124,148.71,-0.29
07:38:07,"[162.57, 7]","[159.43, 14]","[289.4, 20]","[403.8, 20]",225.99,61,126.83,-0.31
07:38:08,"[162.4, 10]","[159.4, 20]","[170.74, 23]","[194.0, 16]",166.57,69,8.34,-0.13
07:38:09,"[159.12, 17]","[157.86, 14]","[167.67, 12]","[171.78, 18]",163.39,61,8.55,0.02
07:38:10,"[159.87, 23]","[157.0, 35]","[164.74, 39]","[166.24, 21]",162.31,118,4.87,-0.02
07:38:11,"[160.38, 29]","[151.22, 27]","[163.0, 13]","[181.71, 34]",161.69,103,2.62,0.09
07:38:12,"[164.28, 18]","[163.48, 63]","[415.27, 37]","[702.09, 33]",289.77,151,250.99,0.07
07:38:13,"[167.0, 6]","[164.0, 48]","[395.91, 22]","[703.4, 20]",281.45,96,228.91,0.12
07:38:14,"[167.67, 27]","[164.12, 75]","[286.0, 48]","[506.27, 44]",226.83,194,118.33,0.05
07:38:15,"[168.0, 46]","[167.0, 11]","[292.22, 45]","[341.6, 50]",230.11,152,124.22,-0.25
07:38:16,"[168.53, 17]","[167.95, 38]","[186.0, 44]","[278.72, 47]",177.26,146,17.47,-0.25
07:38:17,"[167.0, 16]","[166.57, 49]","[228.19, 47]","[297.6, 43]",197.6,155,61.19,-0.16
07:38:18,"[164.0, 54]","[162.0, 9]","[360.9, 41]","[521.0, 35]",262.45,139,196.9,-0.09
07:38:19,"[164.0, 58]","[162.0, 10]","[206.43, 37]","[312.97, 39]",185.22,144,42.43,-0.06
07:38:20,"[166.4, 20]","[163.88, 17]","[219.0, 16]","[262.89, 19]",192.7,72,52.6,0.03
07:38:21,"[165.33, 18]","[163.07, 15]","[541.4, 25]","[680.71, 31]",353.37,89,376.07,-0.26
07:38:22,"[164.0, 11]","[163.0, 11]","[571.53, 15]","[628.54, 35]",367.77,72,407.53,-0.39
07:38:23,"[163.55, 11]","[162.55, 11]","[476.45, 11]","[521.09, 11]",320.0,44,312.91,0.0
07:38:24,"[163.0, 8]","[162.0, 8]","[430.95, 19]","[522.0, 8]",296.97,43,267.95,-0.26
07:38:25,"[163.0, 6]","[162.0, 6]","[204.95, 21]","[313.17, 12]",183.98,45,41.95,-0.47
07:38:26,"[163.06, 63]","[161.02, 45]","[172.79, 29]","[208.18, 44]",167.93,181,9.73,0.19
07:38:27,"[164.02, 121]","[161.25, 118]","[169.17, 41]","[172.32, 31]",166.59,311,5.15,0.54
07:38:28,"[164.78, 18]","[163.68, 85]","[168.31, 32]","[182.0, 19]",166.55,154,3.53,0.34
07:38:29,"[164.0, 92]","[161.89, 81]","[167.0, 45]","[332.89, 36]",165.5,254,3.0,0.36
07:38:30,"[164.0, 70]","[162.5, 72]","[166.0, 35]","[167.0, 35]",165.0,212,2.0,0.34
07:38:31,"[163.68, 113]","[162.86, 126]","[195.63, 62]","[291.34, 58]",179.66,359,31.95,0.33
07:38:32,"[163.0, 108]","[161.39, 33]","[273.17, 29]","[306.0, 36]",218.09,206,110.17,0.37
07:38:33,"[163.0, 72]","[162.0, 36]","[272.0, 18]","[274.0, 24]",217.5,150,109.0,0.44
07:38:34,"[163.0, 156]","[162.0, 78]","[229.33, 39]","[253.39, 46]",196.17,319,66.33,0.47
07:38:35,"[163.0, 108]","[162.0, 54]","[212.46, 24]","[235.0, 24]",187.73,210,49.46,0.54
07:38:36,"[163.0, 96]","[162.0, 48]","[183.14, 21]","[198.0, 14]",173.07,179,20.14,0.61
07:38:37,"[163.0, 134]","[162.0, 66]","[165.96, 26]","[166.96, 26]",164.48,252,2.96,0.59
07:38:38,"[163.0, 118]","[162.0, 84]","[200.93, 42]","[451.75, 53]",181.96,297,37.93,0.36
07:38:39,"[162.6, 75]","[161.69, 64]","[207.21, 43]","[294.87, 55]",184.9,237,44.61,0.17
07:38:40,"[162.52, 46]","[160.67, 36]","[169.44, 27]","[171.0, 36]",165.98,145,6.92,0.13
07:38:41,"[163.85, 26]","[161.13, 46]","[226.54, 26]","[349.33, 36]",195.19,134,62.69,0.07
07:38:42,"[162.55, 22]","[160.57, 28]","[275.0, 9]","[326.0, 36]",218.77,95,112.45,0.05
07:38:43,"[164.25, 40]","[162.25, 59]","[174.65, 46]","[234.67, 36]",169.45,181,10.4,0.09
07:38:44,"[168.45, 69]","[165.36, 44]","[170.27, 15]","[383.08, 65]",169.36,193,1.82,0.17
07:38:45,"[169.0, 17]","[167.0, 14]","[170.0, 7]","[426.86, 28]",169.5,66,1.0,-0.06
07:38:46,"[168.77, 13]","[166.33, 24]","[290.11, 47]","[353.7, 47]",229.44,131,121.34,-0.44
07:38:47,"[162.84, 25]","[160.64, 44]","[366.0, 45]","[387.0, 36]",264.42,150,203.16,-0.08
07:38:48,"[160.28, 58]","[159.27, 22]","[366.0, 25]","[387.0, 20]",263.14,125,205.72,0.28
07:38:49,"[162.0, 126]","[159.91, 75]","[339.33, 45]","[387.0, 36]",250.67,282,177.33,0.43
07:38:50,"[163.0, 140]","[160.0, 140]","[330.6, 30]","[346.22, 41]",246.8,351,167.6,0.6
07:38:51,"[163.0, 98]","[160.16, 76]","[333.71, 7]","[336.0, 35]",248.36,216,170.71,0.61
07:38:52,"[163.0, 119]","[162.0, 33]","[248.43, 49]","[285.79, 39]",205.71,240,85.43,0.27
07:38:53,"[163.0, 99]","[162.0, 33]","[266.07, 46]","[289.0, 32]",214.53,210,103.07,0.26
07:38:54,"[163.0, 79]","[162.0, 54]","[291.0, 33]","[333.0, 11]",227.0,177,128.0,0.5
07:38:55,"[163.96, 25]","[162.2, 46]","[289.59, 27]","[317.27, 11]",226.78,109,125.63,0.3
07:38:56,"[167.0, 28]","[163.0, 42]","[234.59, 58]","[287.62, 52]",200.79,180,67.59,-0.22
07:38:57,"[167.0, 16]","[163.38, 24]","[228.67, 36]","[287.36, 28]",197.83,104,61.67,-0.23
07:38:58,"[167.0, 20]","[164.0, 30]","[279.05, 38]","[282.55, 40]",223.03,128,112.05,-0.22
07:38:59,"[167.0, 26]","[164.0, 39]","[221.59, 29]","[251.81, 31]",194.29,125,54.59,0.04
07:39:00,"[167.0, 21]","[164.0, 33]","[192.83, 35]","[193.49, 37]",179.91,126,25.83,-0.14
07:39:01,"[164.27, 22]","[163.17, 36]","[186.29, 34]","[188.53, 34]",175.28,126,22.02,-0.08
07:39:02,"[162.81, 27]","[160.78, 78]","[182.11, 38]","[183.72, 32]",172.46,175,19.29,0.2
07:39:03,"[162.0, 39]","[160.0, 156]","[178.35, 37]","[181.45, 33]",170.18,265,16.35,0.47
07:39:04,"[162.0, 24]","[160.0, 96]","[174.04, 24]","[175.25, 16]",168.02,160,12.04,0.5
07:39:05,"[165.43, 42]","[161.06, 51]","[169.44, 27]","[170.8, 15]",167.44,135,4.02,0.38
07:39:06,"[167.0, 153]","[166.0, 32]","[168.06, 16]","[169.62, 16]",167.53,217,1.06,0.71
07:39:07,"[167.0, 142]","[166.0, 36]","[169.82, 33]","[459.59, 41]",168.41,252,2.82,0.41
07:39:08,"[167.0, 88]","[166.0, 32]","[169.38, 40]","[688.0, 18]",168.19,178,2.38,0.35
07:39:09,"[167.0, 115]","[166.0, 44]","[168.09, 55]","[303.0, 16]",167.55,230,1.09,0.38
07:39:10,"[167.45, 44]","[166.0, 44]","[448.53, 38]","[588.6, 15]",307.99,141,281.07,0.25
07:39:11,"[167.78, 18]","[165.5, 16]","[461.0, 20]","[623.0, 5]",314.39,59,293.22,0.15
07:39:12,"[163.45, 22]","[161.43, 28]","[461.0, 28]","[623.0, 7]",312.23,85,297.55,0.18
07:39:13,"[164.29, 14]","[159.96, 25]","[387.5, 16]","[466.18, 34]",275.89,89,223.21,-0.12
07:39:14,"[47.63, 19]","[31.47, 15]","[288.82, 11]","[530.55, 20]",168.22,65,241.19,0.05
07:39:15,"[90.93, 14]","[45.78, 27]","[159.0, 11]","[458.54, 26]",124.96,78,68.07,0.05
07:39:16,"[151.69, 39]","[136.95, 20]","[217.9, 40]","[559.41, 27]",184.8,126,66.21,-0.06
07:39:17,"[162.92, 49]","[158.95, 21]","[338.5, 16]","[462.55, 11]",250.71,97,175.58,0.44
07:39:18,"[163.0, 60]","[159.03, 37]","[325.0, 14]","[358.19, 16]",244.0,127,162.0,0.53
07:39:19,"[163.0, 60]","[160.2, 10]","[308.11, 18]","[318.33, 12]",235.56,100,145.11,0.4
07:39:20,"[163.0, 51]","[162.0, 8]","[307.5, 16]","[323.62, 8]",235.25,83,144.5,0.42
07:39:21,"[163.0, 54]","[162.0, 9]","[307.0, 18]","[402.47, 15]",235.0,96,144.0,0.31
07:39:22,"[165.74, 35]","[162.33, 12]","[306.83, 24]","[363.4, 15]",236.29,86,141.09,0.09
07:39:23,"[167.0, 11]","[163.0, 11]","[265.09, 22]","[342.2, 30]",216.05,74,98.09,-0.41
07:39:24,"[167.64, 22]","[164.87, 15]","[199.14, 28]","[283.9, 20]",183.39,85,31.51,-0.13
07:39:25,"[166.88, 16]","[161.91, 22]","[169.8, 20]","[171.0, 10]",168.34,68,2.93,0.12
07:39:26,"[162.0, 7]","[160.0, 28]","[168.14, 14]","[410.09, 22]",165.07,71,6.14,-0.01
07:39:27,"[166.0, 14]","[162.0, 7]","[168.0, 14]","[434.0, 28]",167.0,63,2.0,-0.33
07:39:28,"[166.0, 14]","[162.0, 7]","[168.0, 14]","[414.58, 19]",167.0,54,2.0,-0.22
07:39:29,"[166.0, 14]","[162.0, 10]","[167.9, 20]","[371.23, 26]",166.95,70,1.9,-0.31
07:39:30,"[164.0, 14]","[160.4, 35]","[314.82, 34]","[399.73, 37]",239.41,120,150.82,-0.18
07:39:31,"[160.0, 8]","[159.0, 8]","[213.83, 18]","[363.5, 8]",186.92,42,53.83,-0.24
07:39:32,"[160.0, 2]","[159.0, 2]","[195.0, 6]","[308.0, 2]",177.5,12,35.0,-0.33
07:39:33,"[160.0, 8]","[159.0, 11]","[192.14, 28]","[230.0, 22]",176.07,69,32.14,-0.45
07:39:34,"[163.62, 13]","[158.12, 16]","[265.87, 23]","[296.0, 13]",214.74,65,102.25,-0.11
07:39:35,"[160.76, 17]","[152.0, 16]","[281.0, 9]","[355.2, 15]",220.88,57,120.24,0.16
07:39:36,"[162.0, 40]","[159.0, 8]","[280.62, 8]","[419.0, 8]",221.31,64,118.62,0.5
07:39:37,"[162.0, 37]","[159.88, 8]","[278.17, 18]","[292.52, 29]",220.08,92,116.17,-0.02
07:39:38,"[162.0, 28]","[160.0, 14]","[225.46, 50]","[240.09, 53]",193.73,145,63.46,-0.42
07:39:39,"[162.56, 27]","[161.14, 14]","[216.23, 26]","[217.35, 23]",189.39,90,53.68,-0.09
07:39:40,"[167.0, 30]","[163.0, 50]","[215.29, 42]","[216.22, 36]",191.14,158,48.29,0.01
07:39:41,"[167.0, 51]","[163.1, 78]","[209.32, 74]","[210.65, 75]",188.16,278,42.32,-0.07
07:39:42,"[167.0, 28]","[164.0, 28]","[204.47, 68]","[206.48, 58]",185.74,182,37.47,-0.38
07:39:43,"[167.0, 28]","[164.0, 28]","[197.8, 56]","[199.1, 60]",182.4,172,30.8,-0.35
07:39:44,"[165.07, 28]","[163.18, 55]","[191.47, 45]","[193.2, 49]",178.27,177,26.4,-0.06
07:39:45,"[166.0, 40]","[164.0, 20]","[187.08, 38]","[188.63, 19]",176.54,117,21.08,0.03
07:39:46,"[166.77, 52]","[165.54, 26]","[186.7, 27]","[187.1, 21]",176.74,126,19.93,0.24
07:39:47,"[167.0, 120]","[166.0, 60]","[183.76, 34]","[184.57, 40]",175.38,254,16.76,0.42
07:39:48,"[167.0, 76]","[166.0, 48]","[181.86, 42]","[182.43, 21]",174.43,187,14.86,0.33
07:39:49,"[167.0, 32]","[166.0, 32]","[179.11, 19]","[180.19, 16]",173.05,99,12.11,0.29
07:39:50,"[167.0, 32]","[166.0, 32]","[176.0, 16]","[179.0, 40]",171.5,120,9.0,0.07
07:39:51,"[166.73, 55]","[165.78, 45]","[172.21, 19]","[173.44, 32]",169.47,151,5.48,0.32
07:39:52,"[166.0, 31]","[164.0, 11]","[168.43, 14]","[169.29, 14]",167.21,70,2.43,0.2
07:39:53,"[164.67, 12]","[163.05, 42]","[166.06, 17]","[167.46, 13]",165.36,84,1.39,0.29
07:39:54,"[162.21, 57]","[161.88, 51]","[165.0, 12]","[167.0, 6]",163.61,126,2.79,0.71
07:39:55,"[162.0, 180]","[160.59, 17]","[164.31, 29]","[165.35, 20]",163.16,246,2.31,0.6
07:39:56,"[162.0, 191]","[160.0, 14]","[163.12, 26]","[164.55, 33]",162.56,264,1.12,0.55
07:39:57,"[162.0, 139]","[160.0, 13]","[163.0, 13]","[323.58, 38]",162.5,203,1.0,0.5
07:39:58,"[161.9, 40]","[159.78, 9]","[246.12, 16]","[416.58, 24]",204.01,89,84.22,0.1
07:39:59,"[162.9, 60]","[161.86, 29]","[259.64, 22]","[423.0, 22]",211.27,133,96.74,0.34
07:40:00,"[163.0, 42]","[162.0, 21]","[211.0, 14]","[573.88, 16]",187.0,93,48.0,0.35
07:40:01,"[163.0, 34]","[162.0, 24]","[474.83, 24]","[483.89, 18]",318.92,100,311.83,0.16
07:40:02,"[162.92, 13]","[161.64, 22]","[465.0, 13]","[597.4, 10]",313.96,58,302.08,0.21
07:40:03,"[168.0, 288]","[162.0, 20]","[380.67, 27]","[425.42, 19]",274.33,354,212.67,0.74
07:40:04,"[168.0, 168]","[162.0, 91]","[269.0, 28]","[339.0, 8]",218.5,295,101.0,0.76
07:40:05,"[168.0, 240]","[162.2, 148]","[336.32, 19]","[355.58, 31]",252.16,438,168.32,0.77
07:40:06,"[168.0, 336]","[167.0, 42]","[254.44, 16]","[296.05, 21]",211.22,415,86.44,0.82
07:40:07,"[168.0, 188]","[167.0, 24]","[229.62, 8]","[230.62, 8]",198.81,228,61.62,0.86
07:40:08,"[168.0, 286]","[167.0, 39]","[226.54, 13]","[227.69, 13]",197.27,351,58.54,0.85
07:40:09,"[168.0, 242]","[167.0, 36]","[225.0, 12]","[226.0, 12]",196.5,302,57.0,0.84
07:40:10,"[168.0, 180]","[167.0, 27]","[197.0, 12]","[225.67, 9]",182.5,228,29.0,0.82
07:40:11,"[168.0, 320]","[167.0, 48]","[223.75, 16]","[225.06, 16]",195.88,400,55.75,0.84
07:40:12,"[168.0, 140]","[167.0, 21]","[221.86, 7]","[223.0, 7]",194.93,175,53.86,0.84
07:40:13,"[168.0, 209]","[167.0, 33]","[218.91, 11]","[220.64, 11]",193.45,264,50.91,0.83
07:40:14,"[168.0, 209]","[167.0, 33]","[207.0, 20]","[210.47, 17]",187.5,279,39.0,0.73
07:40:15,"[168.0, 200]","[167.0, 33]","[200.73, 11]","[202.93, 14]",184.36,258,32.73,0.81
07:40:16,"[168.0, 192]","[167.0, 36]","[198.58, 12]","[199.58, 12]",183.29,252,30.58,0.81
07:40:17,"[168.0, 256]","[167.0, 48]","[195.19, 16]","[196.62, 16]",181.59,336,27.19,0.81
07:40:18,"[168.85, 106]","[167.98, 147]","[190.1, 10]","[191.6, 10]",179.47,273,21.25,0.85
07:40:19,"[169.0, 80]","[168.0, 176]","[187.36, 11]","[188.36, 11]",178.18,278,18.36,0.84
07:40:20,"[169.0, 65]","[168.0, 208]","[183.89, 19]","[184.46, 28]",176.45,320,14.89,0.71
07:40:21,"[169.0, 65]","[168.0, 208]","[176.54, 13]","[177.69, 13]",172.77,299,7.54,0.83
07:40:22,"[169.0, 61]","[168.0, 224]","[171.07, 14]","[172.5, 14]",170.04,313,2.07,0.82
07:40:23,"[168.09, 108]","[167.79, 101]","[169.83, 12]","[172.5, 12]",168.96,233,1.74,0.79
07:40:24,"[168.0, 74]","[167.0, 30]","[169.0, 10]","[170.0, 10]",168.5,124,1.0,0.68
07:40:25,"[168.0, 26]","[167.0, 21]","[169.29, 7]","[246.0, 15]",168.64,69,1.29,0.36
07:40:26,"[168.0, 28]","[167.0, 30]","[170.0, 10]","[407.5, 18]",169.0,86,2.0,0.35
07:40:27,"[168.0, 11]","[167.0, 33]","[169.27, 11]","[296.43, 14]",168.64,69,1.27,0.28
07:40:28,"[167.36, 14]","[166.45, 33]","[242.78, 9]","[414.88, 16]",205.07,72,75.42,0.31
07:40:29,"[168.36, 11]","[167.0, 33]","[423.73, 11]","[623.74, 46]",296.05,101,255.36,-0.13
07:40:30,"[166.63, 27]","[165.83, 41]","[235.33, 15]","[587.29, 24]",200.98,107,68.7,0.27
07:40:31,"[166.4, 55]","[164.71, 34]","[279.12, 42]","[500.26, 46]",222.76,177,112.72,0.01
07:40:32,"[168.0, 36]","[166.0, 48]","[385.42, 60]","[598.67, 60]",276.71,204,217.42,-0.18
07:40:33,"[168.0, 27]","[166.47, 15]","[510.97, 37]","[494.62, 29]",339.49,108,342.97,-0.22
07:40:34,"[168.0, 17]","[167.0, 11]","[265.33, 43]","[461.06, 31]",216.66,102,97.33,-0.45
07:40:35,"[168.0, 8]","[167.0, 8]","[272.25, 40]","[556.5, 40]",220.12,96,104.25,-0.67
07:40:36,"[168.0, 16]","[167.0, 16]","[239.47, 58]","[277.77, 74]",203.73,164,71.47,-0.61
07:40:37,"[168.0, 10]","[167.0, 10]","[196.35, 46]","[212.29, 34]",182.17,100,28.35,-0.6
07:40:38,"[168.0, 13]","[167.0, 13]","[211.62, 39]","[286.0, 65]",189.81,130,43.62,-0.6
07:40:39,"[168.0, 11]","[167.0, 11]","[210.09, 33]","[390.45, 55]",189.05,110,42.09,-0.6
07:40:40,"[168.0, 12]","[167.0, 12]","[206.7, 40]","[259.05, 56]",187.35,120,38.7,-0.6
07:40:41,"[168.0, 10]","[167.0, 10]","[202.76, 42]","[203.58, 33]",185.38,95,34.76,-0.58
07:40:42,"[167.67, 12]","[166.67, 12]","[199.63, 54]","[200.94, 34]",183.65,112,31.96,-0.57
07:40:43,"[164.0, 10]","[163.0, 10]","[197.15, 41]","[198.52, 29]",180.57,90,33.15,-0.56
07:40:44,"[162.41, 44]","[160.8, 61]","[195.95, 40]","[196.59, 34]",179.18,179,33.54,0.17
07:40:45,"[162.0, 84]","[160.0, 96]","[188.8, 30]","[189.46, 39]",175.4,249,26.8,0.45
07:40:46,"[162.91, 44]","[162.0, 67]","[182.54, 26]","[183.34, 29]",172.72,166,19.63,0.34
07:40:47,"[167.0, 8]","[166.0, 40]","[179.5, 16]","[180.5, 16]",173.25,80,12.5,0.2
07:40:48,"[167.0, 15]","[166.0, 75]","[172.79, 48]","[174.0, 36]",169.9,174,5.79,0.03
07:40:49,"[166.26, 27]","[164.22, 63]","[169.0, 22]","[171.25, 40]",167.63,152,2.74,0.18
07:40:50,"[162.62, 58]","[160.77, 91]","[166.6, 30]","[168.5, 24]",164.61,203,3.98,0.47
07:40:51,"[164.16, 37]","[161.24, 55]","[345.6, 40]","[586.22, 45]",254.88,177,181.44,0.04
07:40:52,"[168.0, 48]","[164.0, 12]","[266.32, 28]","[309.85, 46]",217.16,134,98.32,-0.1
07:40:53,"[168.0, 42]","[164.0, 13]","[195.87, 46]","[196.53, 19]",181.93,120,27.87,-0.08
07:40:54,"[168.0, 25]","[164.0, 13]","[193.38, 13]","[195.0, 52]",180.69,103,25.38,-0.26
07:40:55,"[168.0, 16]","[164.0, 16]","[191.5, 16]","[195.0, 64]",179.75,112,23.5,-0.43
07:40:56,"[168.0, 14]","[164.0, 14]","[190.48, 23]","[194.74, 47]",179.24,98,22.48,-0.43
07:40:57,"[168.0, 7]","[164.0, 7]","[189.43, 28]","[191.0, 7]",178.71,49,21.43,-0.43
07:40:58,"[165.62, 116]","[162.95, 21]","[187.05, 38]","[188.18, 17]",176.34,192,21.43,0.43
07:40:59,"[167.0, 108]","[164.0, 8]","[185.0, 8]","[186.0, 32]",176.0,156,18.0,0.49
07:41:00,"[168.33, 84]","[164.0, 13]","[184.31, 16]","[185.96, 49]",176.32,162,15.98,0.2
07:41:01,"[169.0, 40]","[164.0, 10]","[181.46, 26]","[182.19, 31]",175.23,107,12.46,-0.07
07:41:02,"[169.0, 52]","[164.92, 13]","[180.92, 24]","[182.05, 39]",174.96,128,11.92,0.02
07:41:03,"[167.2, 25]","[162.19, 103]","[178.31, 16]","[180.61, 23]",172.76,167,11.11,0.53
07:41:04,"[164.0, 15]","[162.0, 165]","[175.62, 32]","[177.5, 16]",169.81,228,11.62,0.58
07:41:05,"[162.19, 31]","[161.02, 65]","[173.0, 28]","[174.0, 14]",167.6,138,10.81,0.39
07:41:06,"[162.01, 68]","[160.38, 69]","[172.86, 28]","[173.6, 20]",167.44,185,10.84,0.48
07:41:07,"[163.0, 53]","[162.0, 101]","[170.29, 14]","[171.05, 42]",166.64,210,7.29,0.47
07:41:08,"[163.0, 50]","[162.0, 56]","[167.69, 13]","[168.12, 17]",165.35,136,4.69,0.56
07:41:09,"[162.03, 66]","[160.24, 118]","[163.53, 19]","[164.62, 29]",162.78,232,1.5,0.59
07:41:10,"[162.0, 35]","[160.0, 92]","[214.79, 38]","[344.68, 37]",188.39,202,52.79,0.26
07:41:11,"[160.62, 26]","[159.33, 36]","[386.0, 15]","[502.91, 11]",273.31,88,225.38,0.41
07:41:12,"[160.0, 51]","[159.0, 64]","[603.5, 20]","[653.0, 12]",381.75,147,443.5,0.56
07:41:13,"[159.83, 42]","[157.03, 67]","[367.54, 13]","[596.43, 23]",263.69,145,207.71,0.5
07:41:14,"[149.39, 28]","[129.45, 31]","[285.44, 27]","[328.0, 9]",217.42,95,136.05,0.24
07:41:15,"[163.63, 19]","[154.43, 42]","[323.7, 23]","[569.85, 13]",243.66,97,160.06,0.26
07:41:16,"[167.5, 6]","[166.0, 6]","[550.0, 6]","[667.0, 18]",358.75,36,382.5,-0.33
07:41:17,"[161.08, 26]","[142.0, 14]","[445.0, 16]","[484.43, 14]",303.04,70,283.92,0.14
07:41:18,"[159.0, 36]","[124.0, 16]","[218.05, 20]","[303.17, 18]",188.53,90,59.05,0.16
07:41:19,"[159.0, 32]","[127.3, 40]","[163.14, 21]","[164.25, 24]",161.07,117,4.14,0.23
07:41:20,"[159.0, 36]","[126.58, 38]","[225.76, 25]","[185.8, 20]",192.38,119,66.76,0.24
07:41:21,"[162.0, 33]","[156.86, 28]","[282.43, 21]","[367.21, 19]",222.21,101,120.43,0.21
07:41:22,"[167.57, 131]","[162.67, 27]","[192.0, 16]","[299.6, 53]",179.79,227,24.43,0.39
07:41:23,"[168.0, 144]","[164.0, 18]","[182.2, 30]","[297.03, 66]",175.1,258,14.2,0.26
07:41:24,"[168.0, 40]","[164.0, 6]","[173.14, 22]","[174.33, 30]",170.57,98,5.14,-0.06
07:41:25,"[168.0, 60]","[164.0, 10]","[170.07, 42]","[172.11, 18]",169.04,130,2.07,0.08
07:41:26,"[168.0, 55]","[164.0, 10]","[169.91, 46]","[172.43, 14]",168.96,125,1.91,0.04
07:41:27,"[166.21, 33]","[160.67, 24]","[170.08, 13]","[224.73, 33]",168.14,103,3.86,0.11
07:41:28,"[165.34, 29]","[160.77, 26]","[168.55, 11]","[227.91, 33]",166.95,99,3.2,0.11
07:41:29,"[161.8, 20]","[159.2, 20]","[168.0, 6]","[304.83, 30]",164.9,76,6.2,0.05
07:41:30,"[159.8, 15]","[125.0, 21]","[167.67, 6]","[737.0, 18]",163.73,60,7.87,0.2
07:41:31,"[159.0, 28]","[144.0, 14]","[167.0, 7]","[591.26, 23]",163.0,72,8.0,0.17
07:41:32,"[162.25, 16]","[158.11, 19]","[166.14, 7]","[182.62, 16]",164.2,58,3.89,0.21
07:41:33,"[164.0, 11]","[159.2, 20]","[165.0, 6]","[175.78, 9]",164.5,46,1.0,0.35
07:41:34,"[164.0, 9]","[159.0, 36]","[165.0, 9]","[203.74, 31]",164.5,85,1.0,0.06
07:41:35,"[156.92, 13]","[137.44, 25]","[164.11, 28]","[197.74, 19]",160.52,85,7.18,-0.11
07:41:36,"[160.0, 51]","[145.86, 14]","[162.55, 11]","[227.73, 11]",161.27,87,2.55,0.49
07:41:37,"[160.0, 33]","[143.0, 27]","[170.22, 9]","[343.6, 15]",165.11,84,10.22,0.43
07:41:38,"[160.0, 21]","[121.0, 13]","[230.0, 9]","[432.89, 27]",195.0,70,70.0,-0.03
07:41:39,"[160.56, 27]","[127.45, 22]","[279.73, 22]","[370.4, 15]",220.14,86,119.17,0.14
07:41:40,"[162.0, 28]","[160.0, 30]","[264.39, 18]","[532.21, 28]",213.19,104,102.39,0.12
07:41:41,"[162.0, 22]","[160.0, 33]","[211.23, 26]","[452.78, 23]",186.62,104,49.23,0.06
07:41:42,"[166.0, 52]","[163.57, 28]","[389.67, 30]","[529.34, 38]",277.83,148,223.67,0.08
07:41:43,"[165.56, 18]","[163.56, 18]","[564.41, 34]","[652.56, 27]",364.98,97,398.86,-0.26
07:41:44,"[164.88, 16]","[163.5, 16]","[628.14, 35]","[659.56, 25]",396.51,92,463.27,-0.3
07:41:45,"[166.0, 24]","[164.0, 24]","[342.61, 49]","[488.45, 51]",254.31,148,176.61,-0.35
07:41:46,"[167.06, 17]","[164.33, 30]","[302.25, 40]","[303.28, 58]",234.65,145,135.19,-0.35
07:41:47,"[165.82, 17]","[164.48, 42]","[269.79, 43]","[290.98, 55]",217.81,157,103.97,-0.25
07:41:48,"[167.0, 9]","[147.33, 21]","[185.0, 45]","[265.07, 43]",176.0,118,18.0,-0.49
07:41:49,"[159.0, 10]","[123.14, 14]","[175.0, 50]","[265.0, 50]",167.0,124,16.0,-0.61
07:41:50,"[159.0, 8]","[128.0, 8]","[173.44, 36]","[191.93, 30]",166.22,82,14.44,-0.61
07:41:51,"[159.0, 11]","[114.52, 21]","[172.0, 55]","[174.0, 33]",165.5,120,13.0,-0.47
07:41:52,"[163.0, 10]","[128.06, 36]","[170.69, 36]","[171.61, 44]",166.85,126,7.69,-0.27
07:41:53,"[100.79, 34]","[75.09, 32]","[167.5, 40]","[168.64, 44]",134.15,150,66.71,-0.12
07:41:54,"[121.0, 10]","[107.1, 50]","[162.73, 26]","[163.12, 34]",141.87,120,41.73,0.0
07:41:55,"[134.68, 19]","[123.05, 44]","[159.25, 32]","[161.8, 35]",146.97,130,24.57,-0.03
07:41:56,"[122.45, 22]","[73.5, 4]","[157.48, 25]","[158.37, 19]",139.97,70,35.03,-0.26
07:41:57,"[113.18, 17]","[33.85, 13]","[155.0, 18]","[156.15, 20]",134.09,68,41.82,-0.12
07:41:58,"[84.7, 20]","[68.53, 19]","[154.28, 18]","[157.0, 26]",119.49,83,69.58,-0.06
07:41:59,"[127.73, 41]","[121.2, 25]","[153.36, 11]","[159.0, 55]",140.55,132,25.63,0.0
07:42:00,"[130.87, 23]","[129.23, 26]","[151.0, 7]","[159.0, 35]",140.93,91,20.13,0.08
07:42:01,"[133.76, 33]","[132.33, 30]","[150.11, 9]","[159.0, 45]",141.93,117,16.35,0.08
07:42:02,"[136.0, 14]","[134.0, 35]","[377.08, 13]","[319.52, 27]",256.54,89,241.08,0.1
07:42:03,"[164.0, 25]","[157.53, 19]","[414.0, 25]","[694.0, 15]",289.0,84,250.0,0.05
07:42:04,"[163.83, 60]","[162.79, 57]","[244.47, 60]","[367.4, 75]",204.15,252,80.63,-0.07
07:42:05,"[163.08, 26]","[162.29, 17]","[249.07, 29]","[373.47, 34]",206.07,106,85.99,-0.19
07:42:06,"[165.91, 11]","[162.4, 10]","[187.0, 35]","[262.0, 28]",176.45,84,21.09,-0.5
07:42:07,"[167.0, 10]","[163.0, 5]","[202.41, 17]","[238.82, 22]",184.71,54,35.41,-0.44
07:42:08,"[167.0, 14]","[163.0, 7]","[206.71, 7]","[213.0, 35]",186.86,63,39.71,-0.33
07:42:09,"[167.0, 28]","[163.0, 14]","[204.11, 55]","[205.48, 44]",185.55,141,37.11,-0.4
07:42:10,"[167.0, 12]","[163.0, 6]","[202.31, 26]","[203.36, 28]",184.65,72,35.31,-0.5
07:42:11,"[167.0, 14]","[163.0, 7]","[200.12, 34]","[201.65, 23]",183.56,78,33.12,-0.46
07:42:12,"[167.0, 16]","[163.0, 8]","[181.45, 22]","[191.61, 18]",174.23,64,14.45,-0.25
07:42:13,"[167.0, 16]","[163.0, 8]","[171.39, 28]","[173.75, 20]",169.2,72,4.39,-0.33
07:42:14,"[167.0, 20]","[163.0, 10]","[170.95, 42]","[171.89, 18]",168.98,90,3.95,-0.33
07:42:15,"[165.63, 19]","[161.33, 21]","[169.52, 21]","[170.96, 57]",167.58,118,3.89,-0.32
07:42:16,"[162.63, 19]","[160.16, 38]","[165.78, 18]","[168.86, 42]",164.2,117,3.15,-0.03
07:42:17,"[162.95, 19]","[161.0, 10]","[164.19, 21]","[170.17, 18]",163.57,68,1.24,-0.15
07:42:18,"[160.26, 23]","[159.65, 23]","[163.57, 7]","[171.0, 35]",161.92,88,3.31,0.05
07:42:19,"[97.24, 37]","[81.37, 38]","[161.27, 11]","[171.0, 55]",129.26,141,64.03,0.06
07:42:20,"[57.71, 41]","[53.1, 21]","[156.05, 43]","[160.66, 38]",106.88,143,98.34,-0.13
07:42:21,"[98.43, 61]","[77.14, 50]","[154.06, 65]","[155.29, 69]",126.24,245,55.64,-0.09
07:42:22,"[141.62, 13]","[122.1, 10]","[154.3, 10]","[155.55, 11]",147.96,44,12.68,0.05
07:42:23,"[146.47, 17]","[123.44, 25]","[240.73, 22]","[669.77, 30]",193.6,94,94.26,-0.11
07:42:24,"[165.27, 22]","[148.33, 30]","[266.12, 48]","[333.47, 32]",215.7,132,100.85,-0.21
07:42:25,"[164.53, 34]","[101.71, 35]","[192.52, 33]","[236.97, 30]",178.52,132,27.99,0.05
07:42:26,"[165.29, 28]","[157.37, 38]","[173.12, 16]","[201.25, 40]",169.21,122,7.84,0.08
07:42:27,"[164.0, 66]","[152.08, 59]","[171.67, 30]","[312.02, 47]",167.83,202,7.67,0.24
07:42:28,"[164.0, 36]","[113.87, 39]","[168.22, 18]","[298.0, 27]",166.11,120,4.22,0.25
07:42:29,"[164.0, 34]","[142.7, 66]","[271.2, 30]","[323.82, 33]",217.6,163,107.2,0.23
07:42:30,"[164.4, 30]","[144.83, 58]","[210.5, 36]","[266.17, 36]",187.45,160,46.1,0.1
07:42:31,"[165.88, 17]","[162.13, 45]","[174.64, 33]","[213.82, 33]",170.26,128,8.75,-0.03
07:42:32,"[164.0, 24]","[161.69, 32]","[173.38, 24]","[297.4, 20]",168.69,100,9.38,0.12
07:42:33,"[164.0, 39]","[163.0, 39]","[172.15, 39]","[537.61, 31]",168.08,148,8.15,0.05
07:42:34,"[164.0, 24]","[163.0, 24]","[171.0, 24]","[426.0, 24]",167.5,96,7.0,0.0
07:42:35,"[164.0, 20]","[163.0, 24]","[170.62, 24]","[367.09, 22]",167.31,90,6.62,-0.02
07:42:36,"[164.0, 14]","[163.0, 21]","[169.0, 21]","[402.6, 20]",166.5,76,5.0,-0.08
07:42:37,"[162.2, 30]","[162.55, 22]","[167.0, 30]","[415.3, 30]",164.6,112,4.8,-0.07
07:42:38,"[160.89, 54]","[159.22, 55]","[166.44, 27]","[225.25, 24]",163.67,160,5.56,0.36
07:42:39,"[161.0, 48]","[159.38, 56]","[165.0, 24]","[182.06, 17]",163.0,145,4.0,0.43
07:42:40,"[161.0, 54]","[160.0, 63]","[276.97, 31]","[429.97, 31]",218.98,179,115.97,0.31
07:42:41,"[166.23, 52]","[162.52, 54]","[297.46, 61]","[452.67, 51]",231.84,218,131.23,-0.03
07:42:42,"[168.7, 40]","[167.0, 20]","[389.6, 50]","[391.0, 50]",279.15,160,220.9,-0.25
07:42:43,"[169.0, 42]","[167.0, 22]","[388.26, 19]","[389.36, 55]",278.63,138,219.26,-0.07
07:42:44,"[169.0, 28]","[167.0, 28]","[375.09, 66]","[379.68, 34]",272.05,156,206.09,-0.28
07:42:45,"[169.0, 32]","[166.27, 82]","[355.17, 60]","[367.88, 42]",262.08,216,186.17,0.06
07:42:46,"[167.29, 56]","[165.29, 56]","[281.38, 40]","[288.17, 60]",224.33,212,114.09,0.06
07:42:47,"[167.0, 96]","[164.0, 73]","[277.14, 36]","[278.17, 60]",222.07,265,110.14,0.28
07:42:48,"[167.29, 84]","[164.58, 62]","[271.91, 56]","[272.6, 20]",219.6,222,104.62,0.32
07:42:49,"[168.82, 132]","[167.0, 66]","[268.09, 43]","[269.18, 55]",218.46,296,99.27,0.34
07:42:50,"[169.0, 80]","[167.57, 28]","[255.47, 40]","[262.9, 42]",212.24,190,86.47,0.14
07:42:51,"[169.0, 88]","[168.0, 22]","[254.0, 55]","[255.0, 55]",211.5,220,85.0,0.0
07:42:52,"[169.0, 88]","[168.0, 22]","[253.26, 31]","[253.73, 55]",211.13,196,84.26,0.12
07:42:53,"[169.0, 120]","[168.0, 30]","[250.05, 19]","[252.96, 71]",209.53,240,81.05,0.25
07:42:54,"[169.0, 80]","[168.0, 20]","[232.0, 20]","[245.95, 20]",200.5,140,63.0,0.43
07:42:55,"[169.0, 96]","[168.0, 24]","[234.56, 32]","[243.94, 34]",201.78,186,65.56,0.29
07:42:56,"[169.0, 120]","[168.0, 30]","[231.33, 60]","[240.93, 59]",200.17,269,62.33,0.12
07:42:57,"[169.0, 98]","[168.0, 28]","[208.27, 48]","[212.68, 50]",188.64,224,39.27,0.12
07:42:58,"[169.0, 66]","[168.0, 22]","[201.77, 43]","[203.33, 45]",185.38,176,32.77,0.0
07:42:59,"[169.0, 44]","[168.0, 20]","[201.0, 50]","[202.0, 30]",185.0,144,32.0,-0.11
07:43:00,"[167.28, 50]","[165.63, 65]","[200.59, 51]","[201.34, 53]",183.93,219,33.31,0.05
07:43:01,"[167.0, 22]","[166.0, 66]","[198.42, 43]","[199.82, 40]",182.71,171,31.42,0.03
07:43:02,"[166.13, 76]","[164.54, 111]","[196.68, 66]","[197.34, 53]",181.41,306,30.55,0.22
07:43:03,"[166.0, 60]","[164.0, 80]","[194.7, 30]","[197.0, 50]",180.35,220,28.7,0.27
07:43:04,"[166.0, 85]","[164.0, 112]","[189.21, 48]","[192.48, 50]",177.6,295,23.21,0.34
07:43:05,"[165.21, 99]","[163.9, 174]","[184.44, 45]","[185.91, 53]",174.83,371,19.23,0.47
07:43:06,"[164.0, 312]","[163.0, 144]","[179.47, 62]","[180.56, 61]",171.73,579,15.47,0.58
07:43:07,"[165.11, 144]","[163.61, 93]","[176.67, 45]","[177.53, 45]",170.89,327,11.56,0.45
07:43:08,"[168.0, 104]","[166.0, 42]","[173.36, 42]","[174.79, 42]",170.68,230,5.36,0.27
07:43:09,"[168.0, 96]","[166.0, 48]","[170.75, 48]","[173.0, 48]",169.38,240,2.75,0.2
07:43:10,"[168.0, 48]","[166.05, 41]","[169.53, 45]","[174.0, 57]",168.77,191,1.53,-0.07
07:43:11,"[166.04, 28]","[165.78, 27]","[172.23, 56]","[211.67, 72]",169.13,183,6.2,-0.4
07:43:12,"[164.0, 130]","[163.0, 60]","[176.16, 44]","[323.24, 34]",170.08,268,12.16,0.42
07:43:13,"[164.0, 91]","[163.0, 42]","[173.0, 14]","[175.0, 35]",168.5,182,9.0,0.46
07:43:14,"[164.0, 156]","[163.0, 72]","[171.67, 24]","[175.0, 60]",167.83,312,7.67,0.46
07:43:15,"[164.0, 130]","[163.0, 60]","[170.4, 20]","[175.0, 50]",167.2,260,6.4,0.46
07:43:16,"[164.0, 81]","[163.0, 42]","[166.57, 14]","[175.0, 35]",165.29,172,2.57,0.43
07:43:17,"[164.0, 72]","[163.0, 72]","[167.75, 24]","[353.23, 35]",165.88,203,3.75,0.42
07:43:18,"[164.22, 18]","[163.16, 50]","[176.0, 22]","[393.82, 22]",170.11,112,11.78,0.21
07:43:19,"[163.35, 23]","[163.23, 13]","[176.0, 18]","[189.0, 18]",169.67,72,12.65,0.0
07:43:20,"[163.0, 30]","[162.0, 10]","[339.62, 32]","[402.54, 26]",251.31,98,176.62,-0.18
07:43:21,"[163.0, 18]","[162.0, 6]","[209.86, 7]","[334.0, 11]",186.43,42,46.86,0.14
07:43:22,"[163.0, 30]","[162.0, 10]","[185.36, 14]","[189.88, 16]",174.18,70,22.36,0.14
07:43:23,"[163.44, 27]","[162.84, 32]","[182.73, 15]","[183.81, 27]",173.09,101,19.29,0.17
07:43:24,"[164.0, 10]","[163.0, 30]","[179.46, 13]","[181.65, 17]",171.73,70,15.46,0.14
07:43:25,"[161.33, 18]","[160.47, 38]","[177.26, 19]","[179.45, 11]",169.3,86,15.93,0.3
07:43:26,"[161.8, 30]","[160.5, 24]","[174.87, 15]","[186.81, 16]",168.33,85,13.07,0.27
07:43:27,"[162.0, 56]","[161.0, 28]","[172.0, 42]","[174.0, 14]",167.0,140,10.0,0.2
07:43:28,"[162.0, 44]","[161.0, 22]","[170.0, 33]","[174.0, 11]",166.0,110,8.0,0.2
07:43:29,"[162.0, 40]","[161.0, 22]","[170.0, 33]","[174.0, 11]",166.0,106,8.0,0.17
07:43:30,"[163.57, 42]","[161.44, 25]","[168.5, 22]","[170.13, 60]",166.04,149,4.93,-0.1
07:43:31,"[164.0, 42]","[162.0, 63]","[166.05, 38]","[168.71, 28]",165.03,171,2.05,0.23
07:43:32,"[162.86, 70]","[161.33, 120]","[168.03, 36]","[176.0, 37]",165.44,263,5.17,0.44
07:43:33,"[162.0, 56]","[160.0, 108]","[170.57, 42]","[175.36, 28]",166.29,234,8.57,0.4
07:43:34,"[160.82, 40]","[159.99, 84]","[169.29, 42]","[225.0, 28]",165.06,194,8.46,0.28
07:43:35,"[163.04, 50]","[160.71, 65]","[168.85, 39]","[305.97, 35]",165.94,189,5.81,0.22
07:43:36,"[163.4, 30]","[160.12, 75]","[220.74, 27]","[363.38, 32]",192.07,164,57.34,0.28
07:43:37,"[163.0, 33]","[160.3, 46]","[315.0, 14]","[514.35, 43]",239.0,136,152.0,0.16
07:43:38,"[163.19, 26]","[160.54, 39]","[330.74, 23]","[563.65, 43]",246.97,131,167.55,-0.01
07:43:39,"[161.5, 16]","[160.14, 28]","[304.81, 31]","[317.0, 20]",233.15,95,143.31,-0.07
07:43:40,"[161.0, 30]","[160.0, 60]","[228.42, 31]","[262.8, 40]",194.71,161,67.42,0.12
07:43:41,"[165.57, 70]","[160.57, 28]","[189.27, 15]","[190.22, 18]",177.42,131,23.7,0.5
07:43:42,"[166.0, 73]","[161.0, 24]","[186.41, 17]","[189.21, 19]",176.21,133,20.41,0.46
07:43:43,"[166.0, 22]","[163.5, 12]","[176.93, 15]","[179.55, 22]",171.47,71,10.93,-0.04
07:43:44,"[164.53, 17]","[160.92, 26]","[175.86, 14]","[355.06, 31]",170.19,88,11.33,-0.02
07:43:45,"[159.94, 17]","[149.0, 50]","[176.29, 28]","[442.78, 36]",168.11,131,16.34,0.02
07:43:46,"[162.0, 22]","[159.0, 10]","[174.6, 20]","[532.06, 17]",168.3,69,12.6,-0.07
07:43:47,"[162.0, 33]","[159.0, 11]","[171.43, 28]","[289.5, 24]",166.71,96,9.43,-0.08
07:43:48,"[162.0, 19]","[159.0, 8]","[167.6, 20]","[169.71, 28]",164.8,75,5.6,-0.28
07:43:49,"[161.6, 30]","[154.11, 18]","[164.38, 32]","[166.0, 38]",162.99,118,2.78,-0.19
07:43:50,"[124.0, 24]","[66.92, 39]","[153.02, 54]","[155.47, 30]",138.51,147,29.02,-0.14
07:43:51,"[131.5, 24]","[106.46, 13]","[150.0, 42]","[151.2, 20]",140.75,99,18.5,-0.25
07:43:52,"[133.29, 21]","[96.53, 19]","[153.43, 14]","[154.43, 14]",143.36,68,20.14,0.18
07:43:53,"[135.5, 12]","[76.0, 12]","[154.0, 8]","[155.0, 8]",144.75,40,18.5,0.2
07:43:54,"[138.44, 27]","[79.67, 27]","[154.0, 18]","[155.0, 18]",146.22,90,15.56,0.2
07:43:55,"[143.93, 91]","[139.17, 121]","[154.0, 34]","[155.0, 34]",148.97,280,10.07,0.51
07:43:56,"[147.6, 20]","[144.0, 65]","[154.0, 10]","[155.0, 10]",150.8,105,6.4,0.62
07:43:57,"[151.08, 38]","[149.9, 30]","[154.11, 18]","[155.22, 18]",152.6,104,3.03,0.31
07:43:58,"[154.31, 45]","[153.0, 32]","[156.33, 18]","[358.67, 18]",155.32,113,2.02,0.36
07:43:59,"[158.24, 46]","[155.95, 76]","[400.87, 31]","[580.8, 15]",279.56,168,242.63,0.45
07:44:00,"[164.1, 40]","[162.19, 42]","[302.9, 29]","[557.79, 28]",233.5,139,138.8,0.18
07:44:01,"[165.62, 16]","[163.13, 23]","[588.28, 32]","[662.77, 13]",376.95,84,422.66,-0.07
07:44:02,"[161.33, 15]","[159.57, 56]","[567.2, 30]","[655.82, 38]",364.27,139,405.87,0.02
07:44:03,"[161.97, 62]","[160.55, 31]","[302.9, 49]","[388.71, 49]",232.43,191,140.93,-0.03
07:44:04,"[161.16, 25]","[154.24, 17]","[246.6, 25]","[268.77, 31]",203.88,98,85.44,-0.14
07:44:05,"[159.11, 47]","[129.68, 31]","[244.86, 35]","[247.0, 21]",201.98,134,85.75,0.16
07:44:06,"[159.0, 69]","[125.47, 34]","[230.7, 44]","[244.92, 36]",194.85,183,71.7,0.13
07:44:07,"[159.0, 51]","[121.71, 35]","[242.0, 35]","[392.24, 17]",200.5,138,83.0,0.25
07:44:08,"[159.0, 24]","[120.0, 20]","[240.75, 20]","[349.75, 16]",199.88,80,81.75,0.1
07:44:09,"[160.0, 30]","[159.0, 48]","[239.72, 32]","[333.59, 34]",199.86,144,79.72,0.08
07:44:10,"[163.48, 29]","[162.39, 44]","[237.1, 10]","[239.0, 50]",200.29,133,73.62,0.1
07:44:11,"[165.15, 27]","[163.08, 52]","[237.0, 11]","[239.0, 55]",201.07,145,71.85,0.09
07:44:12,"[167.0, 37]","[165.0, 14]","[237.0, 7]","[239.0, 35]",202.0,93,70.0,0.1
07:44:13,"[167.0, 45]","[165.62, 26]","[235.46, 13]","[297.69, 32]",201.23,116,68.46,0.22
07:44:14,"[167.0, 60]","[166.0, 48]","[230.21, 53]","[233.46, 24]",198.6,185,63.21,0.17
07:44:15,"[167.0, 20]","[166.0, 16]","[229.38, 8]","[230.94, 16]",198.19,60,62.38,0.2
07:44:16,"[167.1, 51]","[166.33, 60]","[228.87, 60]","[229.45, 22]",197.98,193,61.77,0.15
07:44:17,"[167.0, 40]","[166.0, 40]","[213.6, 35]","[218.0, 28]",190.3,143,46.6,0.12
07:44:18,"[167.0, 60]","[166.0, 80]","[187.71, 89]","[191.16, 76]",177.35,305,20.71,-0.08
07:44:19,"[167.0, 32]","[166.0, 60]","[178.3, 69]","[180.42, 57]",172.65,218,11.3,-0.16
07:44:20,"[167.0, 21]","[166.0, 28]","[173.96, 27]","[176.55, 11]",170.48,87,6.96,0.13
07:44:21,"[167.0, 14]","[166.0, 28]","[169.78, 27]","[170.59, 27]",168.39,96,2.78,-0.12
07:44:22,"[164.22, 58]","[162.64, 56]","[166.67, 43]","[176.46, 28]",165.45,185,2.45,0.23
07:44:23,"[161.07, 29]","[160.06, 35]","[221.55, 31]","[423.89, 38]",191.31,133,60.48,-0.04
07:44:24,"[165.87, 150]","[160.61, 31]","[204.52, 46]","[265.22, 46]",185.19,273,38.66,0.33
07:44:25,"[166.0, 131]","[161.0, 18]","[279.0, 26]","[382.44, 36]",222.5,211,113.0,0.41
07:44:26,"[166.0, 153]","[161.0, 22]","[279.55, 22]","[296.86, 28]",222.77,225,113.55,0.56
07:44:27,"[166.0, 110]","[161.0, 20]","[191.02, 46]","[225.67, 36]",178.51,212,25.02,0.23
07:44:28,"[166.0, 110]","[161.0, 20]","[189.3, 50]","[264.71, 28]",177.65,208,23.3,0.25
07:44:29,"[166.0, 88]","[161.08, 24]","[188.56, 36]","[228.3, 33]",177.28,181,22.56,0.24
07:44:30,"[166.0, 132]","[162.0, 12]","[185.75, 57]","[186.67, 51]",175.88,252,19.75,0.14
07:44:31,"[166.0, 146]","[162.0, 14]","[179.82, 50]","[181.13, 60]",172.91,270,13.82,0.19
07:44:32,"[166.25, 48]","[165.23, 31]","[174.69, 39]","[175.71, 51]",170.47,169,8.44,-0.07
07:44:33,"[167.18, 22]","[166.08, 49]","[171.27, 22]","[173.0, 55]",169.23,148,4.09,-0.04
07:44:34,"[167.0, 24]","[166.0, 60]","[170.26, 31]","[172.58, 53]",168.63,168,3.26,0.0
07:44:35,"[166.57, 46]","[165.67, 73]","[168.35, 79]","[170.12, 48]",167.46,246,1.79,-0.03
07:44:36,"[164.98, 53]","[162.61, 23]","[166.97, 37]","[168.43, 58]",165.98,171,1.99,-0.11
07:44:37,"[162.44, 18]","[161.12, 34]","[164.1, 40]","[165.6, 30]",163.27,122,1.66,-0.15
07:44:38,"[160.06, 31]","[152.2, 45]","[163.0, 28]","[164.17, 24]",161.53,128,2.94,0.19
07:44:39,"[159.59, 27]","[122.27, 51]","[202.76, 38]","[260.71, 28]",181.18,144,43.17,0.08
07:44:40,"[163.0, 28]","[159.0, 7]","[337.29, 35]","[508.0, 28]",250.14,98,174.29,-0.29
07:44:41,"[163.33, 24]","[162.05, 21]","[314.12, 43]","[458.05, 38]",238.72,126,150.78,-0.29
07:44:42,"[162.0, 10]","[160.78, 36]","[412.12, 43]","[627.28, 47]",287.06,136,250.12,-0.32
07:44:43,"[159.0, 8]","[158.0, 32]","[429.75, 40]","[497.12, 32]",294.38,112,270.75,-0.29
07:44:44,"[162.39, 18]","[159.06, 17]","[236.0, 33]","[337.0, 55]",199.19,123,73.61,-0.43
07:44:45,"[144.37, 19]","[90.96, 23]","[305.91, 32]","[563.92, 26]",225.14,100,161.54,-0.16
07:44:46,"[156.92, 39]","[118.5, 12]","[286.33, 18]","[399.22, 18]",221.63,87,129.41,0.17
07:44:47,"[158.0, 100]","[156.0, 24]","[276.0, 32]","[397.17, 36]",217.0,192,118.0,0.29
07:44:48,"[159.67, 72]","[158.0, 24]","[329.0, 24]","[530.5, 18]",244.33,138,169.33,0.39
07:44:49,"[160.21, 87]","[158.0, 36]","[348.91, 34]","[457.75, 32]",254.56,189,188.7,0.3
07:44:50,"[166.54, 117]","[160.86, 85]","[574.5, 48]","[641.34, 32]",370.52,282,407.96,0.43
07:44:51,"[167.0, 56]","[161.0, 63]","[259.29, 21]","[600.0, 35]",213.14,175,92.29,0.36
07:44:52,"[167.0, 48]","[161.0, 54]","[221.0, 18]","[600.0, 30]",194.0,150,54.0,0.36
07:44:53,"[167.43, 28]","[165.36, 66]","[402.78, 27]","[685.7, 30]",285.1,151,235.35,0.25
07:44:54,"[168.0, 14]","[167.0, 56]","[626.77, 26]","[712.43, 23]",397.38,119,458.77,0.18
07:44:55,"[168.0, 20]","[167.0, 80]","[427.0, 40]","[690.2, 30]",297.5,170,259.0,0.18
07:44:56,"[168.0, 24]","[167.0, 96]","[469.31, 45]","[569.05, 38]",318.66,203,301.31,0.18
07:44:57,"[168.0, 22]","[167.0, 88]","[321.41, 39]","[470.06, 31]",244.71,180,153.41,0.22
07:44:58,"[168.0, 12]","[167.0, 88]","[183.46, 41]","[197.08, 26]",175.73,167,15.46,0.2
07:44:59,"[168.0, 9]","[167.0, 72]","[183.91, 33]","[197.14, 21]",175.95,135,15.91,0.2
07:45:00,"[168.0, 14]","[167.0, 112]","[194.2, 30]","[195.3, 40]",181.1,196,26.2,0.29
07:45:01,"[168.0, 11]","[167.0, 88]","[192.64, 33]","[194.0, 22]",180.32,154,24.64,0.29
07:45:02,"[167.42, 36]","[166.98, 123]","[174.9, 61]","[178.9, 58]",171.16,278,7.48,0.14
07:45:03,"[166.99, 86]","[165.68, 22]","[168.6, 50]","[170.06, 64]",167.79,222,1.61,-0.03
07:45:04,"[165.03, 36]","[162.3, 37]","[166.43, 28]","[281.88, 26]",165.73,127,1.4,0.15
07:45:05,"[165.0, 9]","[163.0, 18]","[432.33, 27]","[693.22, 27]",298.67,81,267.33,-0.33
07:45:06,"[164.14, 14]","[161.7, 46]","[529.8, 25]","[564.94, 32]",346.97,117,365.66,0.03
07:45:07,"[161.2, 40]","[160.67, 24]","[531.15, 13]","[564.76, 17]",346.18,94,369.95,0.36
07:45:08,"[161.0, 46]","[159.0, 7]","[562.14, 14]","[577.43, 21]",361.57,88,401.14,0.2
07:45:09,"[160.0, 12]","[158.02, 98]","[406.11, 18]","[496.36, 22]",283.06,150,246.11,0.47
07:45:10,"[159.46, 13]","[158.02, 114]","[257.0, 18]","[319.39, 31]",208.23,176,97.54,0.44
07:45:11,"[160.89, 19]","[158.36, 25]","[255.41, 41]","[278.69, 26]",208.15,111,94.52,-0.21
07:45:12,"[161.0, 22]","[158.9, 42]","[253.0, 22]","[254.0, 55]",207.0,141,92.0,-0.09
07:45:13,"[159.13, 30]","[158.11, 45]","[250.75, 28]","[253.43, 28]",204.94,131,91.62,0.15
07:45:14,"[164.58, 79]","[158.6, 60]","[240.1, 59]","[245.39, 33]",202.34,231,75.52,0.2
07:45:15,"[165.11, 63]","[160.75, 77]","[226.23, 65]","[237.21, 56]",195.67,261,61.12,0.07
07:45:16,"[162.5, 42]","[160.67, 63]","[224.23, 61]","[228.48, 67]",193.36,233,61.73,-0.1
07:45:17,"[162.6, 20]","[160.15, 52]","[221.4, 57]","[222.63, 27]",192.0,156,58.8,-0.08
07:45:18,"[167.0, 6]","[162.0, 12]","[218.6, 15]","[219.44, 27]",192.8,60,51.6,-0.4
07:45:19,"[167.0, 11]","[162.0, 22]","[212.78, 36]","[217.27, 37]",189.89,106,45.78,-0.38
07:45:20,"[167.0, 9]","[162.0, 18]","[191.33, 18]","[192.43, 21]",179.17,66,24.33,-0.18
07:45:21,"[167.0, 7]","[162.0, 14]","[189.86, 14]","[191.14, 14]",178.43,49,22.86,-0.14
07:45:22,"[167.42, 19]","[163.0, 17]","[188.03, 62]","[189.15, 26]",177.73,124,20.61,-0.42
07:45:23,"[168.0, 32]","[167.0, 12]","[186.17, 24]","[187.64, 39]",177.08,107,18.17,-0.18
07:45:24,"[168.0, 28]","[167.0, 14]","[182.22, 37]","[183.65, 37]",175.11,116,14.22,-0.28
07:45:25,"[167.73, 22]","[165.29, 14]","[176.36, 28]","[178.51, 43]",172.04,107,8.63,-0.33
07:45:26,"[167.0, 13]","[164.55, 20]","[174.06, 32]","[174.68, 41]",170.53,106,7.06,-0.38
07:45:27,"[167.0, 13]","[166.0, 39]","[172.15, 26]","[173.31, 32]",169.58,110,5.15,-0.05
07:45:28,"[167.0, 12]","[166.0, 36]","[169.43, 51]","[170.53, 30]",168.22,129,2.43,-0.26
07:45:29,"[166.0, 33]","[165.0, 22]","[167.48, 31]","[168.27, 55]",166.74,141,1.48,-0.22
07:45:30,"[165.56, 18]","[163.89, 36]","[167.19, 27]","[168.08, 60]",166.37,141,1.63,-0.23
07:45:31,"[163.16, 49]","[162.14, 71]","[164.97, 31]","[167.35, 40]",164.07,191,1.8,0.26
07:45:32,"[162.18, 55]","[161.23, 43]","[164.0, 32]","[218.71, 21]",163.09,151,1.82,0.3
07:45:33,"[162.0, 22]","[161.0, 24]","[175.8, 15]","[379.5, 8]",168.9,69,13.8,0.33
07:45:34,"[161.09, 11]","[159.83, 29]","[271.33, 45]","[372.11, 9]",216.21,94,110.24,-0.15
07:45:35,"[159.23, 13]","[158.03, 31]","[295.0, 19]","[378.11, 35]",227.12,98,135.77,-0.1
07:45:36,"[160.38, 13]","[157.25, 32]","[344.61, 51]","[445.0, 15]",252.5,111,184.22,-0.19
07:45:37,"[136.31, 39]","[91.4, 30]","[322.25, 40]","[454.23, 48]",229.28,157,185.94,-0.12
07:45:38,"[163.0, 26]","[144.7, 23]","[257.71, 34]","[394.15, 26]",210.35,109,94.71,-0.1
07:45:39,"[132.11, 19]","[66.0, 23]","[354.29, 7]","[400.9, 31]",243.2,80,222.18,0.05
07:45:40,"[122.0, 18]","[54.0, 24]","[404.29, 14]","[422.33, 18]",263.14,74,282.29,0.14
07:45:41,"[95.44, 27]","[51.21, 29]","[158.86, 21]","[255.6, 10]",127.15,87,63.41,0.29
07:45:42,"[65.55, 33]","[24.37, 67]","[242.31, 49]","[253.62, 21]",153.93,170,176.76,0.18
07:45:43,"[158.71, 21]","[90.38, 24]","[174.18, 17]","[178.44, 27]",166.45,89,15.46,0.01
07:45:44,"[164.84, 111]","[159.79, 72]","[176.81, 26]","[177.44, 54]",170.82,263,11.97,0.39
07:45:45,"[167.0, 38]","[160.24, 29]","[174.76, 17]","[176.89, 35]",170.88,119,7.76,0.13
07:45:46,"[167.0, 22]","[163.0, 11]","[172.36, 33]","[175.0, 11]",169.68,77,5.36,-0.14
07:45:47,"[167.0, 28]","[163.0, 14]","[171.5, 42]","[175.0, 14]",169.25,98,4.5,-0.14
07:45:48,"[167.0, 14]","[163.0, 7]","[171.0, 21]","[175.0, 7]",169.0,49,4.0,-0.14
07:45:49,"[159.62, 26]","[112.9, 21]","[170.43, 23]","[172.69, 13]",165.03,83,10.82,0.13
07:45:50,"[159.2, 10]","[119.11, 9]","[168.18, 11]","[169.67, 9]",163.69,39,8.98,-0.03
07:45:51,"[96.68, 50]","[65.61, 38]","[166.27, 33]","[169.0, 11]",131.48,132,69.59,0.33
07:45:52,"[151.07, 27]","[100.83, 47]","[159.85, 47]","[165.89, 35]",155.46,156,8.78,-0.05
07:45:53,"[154.22, 18]","[153.0, 9]","[157.29, 17]","[158.17, 41]",155.76,85,3.07,-0.36
07:45:54,"[153.8, 10]","[125.31, 26]","[156.5, 10]","[157.94, 32]",155.15,78,2.7,-0.08
07:45:55,"[153.0, 5]","[108.6, 20]","[174.44, 9]","[234.43, 23]",163.72,57,21.44,-0.12
07:45:56,"[165.59, 34]","[141.92, 26]","[501.12, 17]","[599.75, 12]",333.35,89,335.53,0.35
07:45:57,"[167.0, 50]","[162.86, 138]","[410.48, 29]","[412.08, 13]",288.74,230,243.48,0.63
07:45:58,"[167.0, 24]","[163.0, 136]","[256.41, 22]","[327.62, 29]",211.7,211,89.41,0.52
07:45:59,"[167.0, 30]","[163.0, 170]","[210.48, 29]","[344.95, 37]",188.74,266,43.48,0.5
07:46:00,"[167.0, 33]","[163.0, 187]","[209.05, 40]","[209.57, 37]",188.03,297,42.05,0.48
07:46:01,"[167.0, 30]","[163.0, 170]","[204.05, 38]","[206.06, 32]",185.53,270,37.05,0.48
07:46:02,"[167.0, 33]","[163.06, 139]","[201.02, 46]","[202.53, 34]",184.01,252,34.02,0.37
07:46:03,"[163.18, 201]","[162.44, 27]","[195.62, 69]","[197.28, 36]",179.4,333,32.44,0.37
07:46:04,"[163.0, 78]","[162.0, 12]","[194.0, 24]","[195.22, 18]",178.5,132,31.0,0.36
07:46:05,"[163.0, 87]","[162.0, 14]","[189.71, 35]","[190.72, 32]",176.36,168,26.71,0.2
07:46:06,"[163.0, 55]","[162.0, 10]","[186.62, 13]","[187.91, 22]",174.81,100,23.62,0.3
07:46:07,"[163.44, 141]","[162.79, 97]","[183.79, 58]","[186.52, 61]",173.62,357,20.35,0.33
07:46:08,"[165.95, 22]","[163.78, 18]","[183.29, 17]","[188.97, 30]",174.62,87,17.34,-0.08
07:46:09,"[166.0, 24]","[165.0, 8]","[179.92, 13]","[181.07, 14]",172.96,59,13.92,0.08
07:46:10,"[166.0, 27]","[165.0, 9]","[176.74, 27]","[178.09, 33]",171.37,96,10.74,-0.25
07:46:11,"[166.0, 36]","[165.0, 12]","[171.19, 32]","[173.43, 28]",168.59,108,5.19,-0.11
07:46:12,"[163.1, 93]","[162.16, 19]","[167.4, 50]","[170.0, 10]",165.25,172,4.3,0.3
07:46:13,"[163.0, 129]","[162.0, 24]","[200.03, 39]","[244.03, 38]",181.51,230,37.03,0.33
07:46:14,"[163.25, 24]","[162.11, 18]","[299.5, 28]","[582.12, 34]",231.38,104,136.25,-0.19
07:46:15,"[166.6, 30]","[163.0, 10]","[345.09, 22]","[528.11, 38]",255.85,100,178.49,-0.2
07:46:16,"[167.54, 28]","[162.71, 14]","[277.42, 38]","[383.68, 38]",222.48,118,109.89,-0.29
07:46:17,"[162.45, 11]","[161.25, 40]","[197.33, 18]","[274.0, 32]",179.89,101,34.88,0.01
07:46:18,"[162.0, 12]","[161.0, 60]","[298.05, 22]","[335.32, 19]",230.02,113,136.05,0.27
07:46:19,"[162.0, 20]","[161.0, 100]","[288.5, 30]","[291.0, 40]",225.25,190,126.5,0.26
07:46:20,"[162.0, 16]","[161.0, 80]","[286.88, 24]","[506.8, 20]",224.44,140,124.88,0.37
07:46:21,"[166.5, 20]","[161.5, 20]","[285.33, 18]","[542.0, 24]",225.92,82,118.83,-0.02
07:46:22,"[161.55, 99]","[159.41, 79]","[284.75, 36]","[415.29, 28]",223.15,242,123.2,0.47
07:46:23,"[161.89, 85]","[160.78, 164]","[283.0, 60]","[286.74, 53]",222.45,362,121.11,0.38
07:46:24,"[163.0, 138]","[161.1, 98]","[227.74, 38]","[251.35, 51]",195.37,325,64.74,0.45
07:46:25,"[163.0, 12]","[162.0, 10]","[206.6, 15]","[235.0, 20]",184.8,57,43.6,-0.23
07:46:26,"[162.0, 32]","[161.0, 176]","[203.0, 54]","[219.89, 56]",182.5,318,41.0,0.31
07:46:27,"[162.0, 12]","[161.0, 66]","[199.0, 20]","[200.71, 28]",180.5,126,37.0,0.24
07:46:28,"[162.0, 22]","[161.0, 121]","[195.8, 35]","[198.77, 53]",178.9,231,33.8,0.24
07:46:29,"[164.18, 22]","[161.1, 61]","[194.0, 40]","[217.0, 22]",179.09,145,29.82,0.14
07:46:30,"[166.0, 28]","[162.9, 20]","[193.86, 35]","[381.0, 7]",179.93,90,27.86,0.07
07:46:31,"[166.0, 48]","[163.0, 36]","[191.08, 60]","[197.67, 36]",178.54,180,25.08,-0.07
07:46:32,"[166.0, 60]","[163.0, 45]","[188.07, 75]","[190.0, 75]",177.03,255,22.07,-0.18
07:46:33,"[166.0, 24]","[163.0, 27]","[184.95, 42]","[186.56, 45]",175.48,138,18.95,-0.26
07:46:34,"[163.0, 8]","[162.0, 16]","[182.59, 39]","[184.15, 33]",172.79,96,19.59,-0.5
07:46:35,"[163.0, 11]","[162.0, 22]","[179.28, 50]","[180.43, 49]",171.14,132,16.28,-0.5
07:46:36,"[160.57, 42]","[159.19, 139]","[174.07, 75]","[174.96, 69]",167.32,325,13.5,0.11
07:46:37,"[159.41, 118]","[158.85, 99]","[167.57, 46]","[168.91, 53]",163.49,316,8.16,0.37
07:46:38,"[159.0, 56]","[158.0, 12]","[165.0, 16]","[166.35, 17]",162.0,101,6.0,0.35
07:46:39,"[159.19, 47]","[158.89, 79]","[166.0, 40]","[167.5, 40]",162.6,206,6.81,0.22
07:46:40,"[165.5, 36]","[159.11, 129]","[275.67, 60]","[207.0, 40]",220.58,265,110.17,0.25
07:46:41,"[167.16, 32]","[166.88, 48]","[499.19, 26]","[670.86, 35]",333.17,141,332.04,0.13
07:46:42,"[168.0, 8]","[167.0, 72]","[498.38, 24]","[799.0, 30]",333.19,134,330.38,0.19
07:46:43,"[167.04, 51]","[166.44, 25]","[458.72, 25]","[496.0, 6]",312.88,107,291.68,0.42
07:46:44,"[167.0, 56]","[165.0, 8]","[259.09, 23]","[334.47, 17]",213.04,104,92.09,0.23
07:46:45,"[166.62, 37]","[162.9, 61]","[259.0, 36]","[635.67, 24]",212.81,158,92.38,0.24
07:46:46,"[162.41, 37]","[160.17, 82]","[252.5, 24]","[521.94, 17]",207.45,160,90.09,0.49
07:46:47,"[167.0, 8]","[161.0, 32]","[207.0, 12]","[259.0, 12]",187.0,64,40.0,0.25
07:46:48,"[167.0, 28]","[161.0, 112]","[176.0, 39]","[204.37, 38]",171.5,217,9.0,0.29
07:46:49,"[167.0, 20]","[162.67, 24]","[171.7, 30]","[207.0, 30]",169.35,104,4.7,-0.15
07:46:50,"[167.0, 16]","[166.0, 8]","[171.0, 24]","[367.84, 19]",169.0,67,4.0,-0.28
07:46:51,"[167.0, 14]","[166.0, 7]","[171.0, 21]","[363.67, 18]",169.0,60,4.0,-0.3
07:46:52,"[166.77, 13]","[165.36, 14]","[169.43, 30]","[305.79, 19]",168.1,76,2.66,-0.29
07:46:53,"[166.46, 13]","[165.22, 27]","[169.38, 39]","[201.0, 38]",167.92,117,2.92,-0.32
07:46:54,"[163.14, 14]","[159.92, 36]","[169.0, 24]","[170.0, 24]",166.07,98,5.86,0.02
07:46:55,"[159.29, 140]","[158.61, 123]","[167.31, 39]","[168.77, 39]",163.3,341,8.02,0.54
07:46:56,"[159.23, 133]","[158.49, 153]","[163.22, 54]","[213.23, 56]",161.22,396,4.0,0.44
07:46:57,"[158.9, 48]","[156.92, 78]","[161.0, 21]","[187.79, 43]",159.95,190,2.1,0.33
07:46:58,"[158.0, 29]","[132.63, 70]","[159.23, 22]","[206.84, 25]",158.61,146,1.23,0.36
07:46:59,"[142.91, 53]","[98.31, 58]","[230.86, 28]","[296.67, 18]",186.88,157,87.95,0.41
07:47:00,"[143.0, 100]","[76.2, 60]","[227.45, 20]","[263.95, 22]",185.22,202,84.45,0.58
07:47:01,"[152.0, 90]","[93.55, 44]","[177.32, 19]","[189.6, 25]",164.66,178,25.32,0.51
07:47:02,"[76.8, 50]","[23.08, 48]","[153.0, 10]","[154.0, 21]",114.9,129,76.2,0.52
07:47:03,"[101.8, 150]","[16.6, 60]","[152.93, 28]","[153.95, 41]",127.36,279,51.13,0.51
07:47:04,"[135.09, 94]","[63.78, 46]","[151.7, 10]","[153.0, 10]",143.39,160,16.61,0.75
07:47:05,"[109.5, 60]","[65.8, 25]","[151.0, 6]","[154.33, 9]",130.25,100,41.5,0.7
07:47:06,"[78.5, 30]","[30.0, 45]","[154.0, 5]","[156.0, 20]",116.25,100,75.5,0.5
07:47:07,"[105.0, 35]","[39.43, 70]","[155.38, 13]","[241.04, 23]",130.19,141,50.38,0.49
07:47:08,"[101.91, 55]","[92.89, 95]","[172.17, 23]","[368.04, 26]",137.04,199,70.26,0.51
07:47:09,"[159.0, 76]","[93.38, 40]","[352.82, 28]","[473.14, 22]",255.91,166,193.82,0.4
07:47:10,"[159.14, 29]","[140.84, 49]","[218.75, 16]","[280.86, 21]",188.94,115,59.61,0.36
07:47:11,"[161.11, 9]","[159.0, 117]","[274.55, 38]","[326.5, 34]",217.83,198,113.44,0.27
07:47:12,"[166.91, 57]","[160.14, 21]","[294.0, 30]","[343.57, 37]",230.46,145,127.09,0.08
07:47:13,"[168.0, 5]","[167.0, 35]","[260.0, 15]","[299.85, 13]",214.0,68,92.0,0.18
07:47:14,"[168.0, 7]","[167.0, 49]","[259.23, 26]","[291.88, 16]",213.62,98,91.23,0.14
07:47:15,"[162.16, 31]","[159.27, 75]","[258.84, 19]","[279.8, 20]",210.5,145,96.68,0.46
07:47:16,"[161.0, 30]","[159.0, 78]","[242.29, 14]","[258.67, 12]",201.64,134,81.29,0.61
07:47:17,"[161.0, 70]","[159.0, 182]","[228.23, 39]","[217.64, 22]",194.62,313,67.23,0.61
07:47:18,"[160.47, 57]","[158.99, 143]","[178.25, 20]","[179.5, 32]",169.36,252,17.78,0.59
07:47:19,"[159.86, 70]","[158.93, 75]","[172.75, 12]","[174.73, 15]",166.3,172,12.89,0.69
07:47:20,"[159.15, 123]","[128.63, 62]","[165.13, 15]","[171.47, 15]",162.14,215,5.99,0.72
07:47:21,"[159.0, 99]","[130.93, 83]","[160.0, 12]","[171.0, 12]",159.5,206,1.0,0.77
07:47:22,"[159.0, 61]","[158.0, 156]","[160.0, 13]","[172.67, 18]",159.5,248,1.0,0.75
07:47:23,"[159.01, 104]","[117.19, 63]","[172.44, 18]","[265.33, 12]",165.73,197,13.43,0.7
07:47:24,"[163.0, 40]","[161.0, 24]","[174.0, 16]","[246.5, 14]",168.5,94,11.0,0.36
07:47:25,"[162.86, 42]","[160.06, 35]","[174.0, 18]","[391.29, 21]",168.43,116,11.14,0.33
07:47:26,"[163.0, 52]","[161.0, 47]","[174.0, 26]","[289.0, 55]",168.5,180,11.0,0.1
07:47:27,"[163.0, 28]","[161.0, 28]","[382.8, 25]","[438.25, 16]",272.9,97,219.8,0.15
07:47:28,"[166.0, 10]","[163.0, 40]","[332.43, 46]","[373.55, 44]",249.22,140,166.43,-0.29
07:47:29,"[166.0, 9]","[163.32, 38]","[208.0, 45]","[453.67, 18]",187.0,110,42.0,-0.15
07:47:30,"[166.0, 10]","[163.0, 40]","[207.45, 29]","[250.1, 40]",186.72,119,41.45,-0.16
07:47:31,"[165.24, 29]","[164.58, 76]","[205.11, 18]","[219.15, 33]",185.18,156,39.87,0.35
07:47:32,"[165.26, 76]","[164.39, 79]","[204.18, 22]","[451.05, 21]",184.72,198,38.92,0.57
07:47:33,"[165.0, 80]","[163.0, 40]","[202.4, 20]","[454.5, 32]",183.7,172,37.4,0.4
07:47:34,"[165.0, 54]","[163.0, 28]","[200.71, 14]","[295.44, 18]",182.86,114,35.71,0.44
07:47:35,"[165.0, 72]","[163.0, 48]","[199.58, 24]","[390.07, 30]",182.29,174,34.58,0.38
07:47:36,"[165.0, 78]","[163.0, 52]","[198.23, 26]","[378.45, 22]",181.62,178,33.23,0.46
07:47:37,"[165.0, 22]","[163.0, 28]","[197.86, 14]","[254.0, 14]",181.43,78,32.86,0.28
07:47:38,"[165.0, 14]","[163.0, 28]","[196.71, 17]","[574.95, 21]",180.85,80,31.71,0.05
07:47:39,"[164.0, 32]","[162.89, 36]","[193.71, 24]","[195.92, 48]",178.85,140,29.71,-0.03
07:47:40,"[161.5, 32]","[159.13, 46]","[181.29, 48]","[183.45, 22]",171.4,148,19.79,0.05
07:47:41,"[160.0, 24]","[158.57, 42]","[178.21, 34]","[179.03, 30]",169.1,130,18.21,0.02
07:47:42,"[159.0, 22]","[158.0, 33]","[171.64, 25]","[172.76, 25]",165.32,105,12.64,0.05
07:47:43,"[137.2, 40]","[143.45, 44]","[168.29, 31]","[170.8, 30]",152.75,145,31.09,0.16
07:47:44,"[127.79, 84]","[115.0, 72]","[151.76, 29]","[157.38, 26]",139.77,211,23.97,0.48
07:47:45,"[130.88, 24]","[86.3, 60]","[150.0, 48]","[153.0, 16]",140.44,148,19.12,0.14
07:47:46,"[118.69, 48]","[63.5, 30]","[149.75, 48]","[151.31, 32]",134.22,158,31.06,-0.01
07:47:47,"[97.94, 48]","[62.56, 54]","[149.94, 70]","[152.36, 28]",123.94,200,52.01,0.02
07:47:48,"[146.56, 48]","[134.5, 18]","[149.0, 24]","[150.0, 36]",147.78,126,2.44,0.05
07:47:49,"[147.0, 90]","[84.6, 30]","[149.0, 38]","[150.0, 60]",148.0,218,2.0,0.1
07:47:50,"[104.4, 90]","[40.0, 30]","[149.0, 20]","[150.0, 25]",126.7,165,44.6,0.45
07:47:51,"[76.0, 117]","[33.64, 42]","[343.21, 28]","[372.33, 30]",209.61,217,267.21,0.47
07:47:52,"[132.0, 60]","[86.0, 99]","[272.93, 30]","[312.19, 26]",202.47,215,140.93,0.48
07:47:53,"[158.0, 18]","[145.44, 39]","[266.91, 23]","[270.89, 27]",212.46,107,108.91,0.07
07:47:54,"[166.0, 28]","[162.0, 14]","[251.03, 37]","[253.9, 29]",208.51,108,85.03,-0.22
07:47:55,"[165.1, 20]","[162.82, 17]","[242.37, 19]","[248.24, 21]",203.73,77,77.27,-0.04
07:47:56,"[162.55, 11]","[159.39, 23]","[227.0, 24]","[228.0, 16]",194.77,74,64.45,-0.08
07:47:57,"[161.0, 12]","[158.84, 38]","[223.75, 24]","[224.77, 26]",192.38,100,62.75,0.0
07:47:58,"[159.0, 26]","[158.0, 39]","[216.94, 33]","[219.22, 32]",187.97,130,57.94,0.0
07:47:59,"[164.23, 75]","[154.91, 66]","[214.0, 45]","[215.0, 45]",189.11,231,49.77,0.22
07:48:00,"[165.88, 64]","[164.36, 100]","[212.36, 33]","[213.39, 38]",189.12,235,46.49,0.4
07:48:01,"[167.0, 45]","[165.0, 120]","[206.93, 44]","[208.03, 32]",186.97,241,39.93,0.37
07:48:02,"[165.41, 73]","[162.07, 150]","[204.36, 33]","[206.04, 47]",184.89,303,38.95,0.47
07:48:03,"[165.02, 44]","[161.5, 103]","[202.5, 32]","[203.85, 40]",183.76,219,37.48,0.34
07:48:04,"[166.0, 12]","[165.0, 36]","[193.73, 33]","[200.7, 30]",179.86,111,27.73,-0.14
07:48:05,"[166.0, 12]","[165.0, 36]","[197.75, 28]","[198.64, 33]",181.88,109,31.75,-0.12
07:48:06,"[166.57, 14]","[165.0, 42]","[194.5, 42]","[195.66, 38]",180.54,136,27.93,-0.18
07:48:07,"[167.0, 23]","[165.0, 39]","[191.15, 39]","[192.54, 39]",179.08,140,24.15,-0.11
07:48:08,"[167.0, 13]","[165.0, 36]","[187.32, 31]","[188.52, 29]",177.16,109,20.32,-0.1
07:48:09,"[164.18, 17]","[162.01, 75]","[185.38, 39]","[188.0, 26]",174.78,157,21.21,0.17
07:48:10,"[161.0, 84]","[159.0, 12]","[183.73, 30]","[185.6, 30]",172.37,156,22.73,0.23
07:48:11,"[161.0, 98]","[159.0, 14]","[181.14, 28]","[185.79, 42]",171.07,182,20.14,0.23
07:48:12,"[165.67, 87]","[163.67, 27]","[180.29, 35]","[185.03, 35]",172.98,184,14.62,0.24
07:48:13,"[167.28, 88]","[166.0, 24]","[177.67, 18]","[178.74, 35]",172.48,165,10.38,0.36
07:48:14,"[168.0, 36]","[166.0, 18]","[174.71, 17]","[176.53, 19]",171.35,90,6.71,0.2
07:48:15,"[167.33, 36]","[163.33, 36]","[170.14, 29]","[170.52, 42]",168.74,143,2.8,0.01
07:48:16,"[164.42, 26]","[161.88, 50]","[166.75, 64]","[170.18, 39]",165.59,179,2.33,-0.15
07:48:17,"[163.0, 9]","[162.0, 36]","[165.22, 45]","[173.0, 27]",164.11,117,2.22,-0.23
07:48:18,"[162.18, 28]","[161.39, 51]","[163.5, 60]","[406.83, 36]",162.84,175,1.32,-0.1
07:48:19,"[161.25, 24]","[160.17, 36]","[401.46, 26]","[661.0, 20]",281.36,106,240.21,0.13
07:48:20,"[161.0, 33]","[160.0, 55]","[355.67, 42]","[433.17, 24]",258.33,154,194.67,0.14
07:48:21,"[160.27, 22]","[159.71, 14]","[275.57, 14]","[288.36, 22]",217.92,72,115.3,0.0
07:48:22,"[160.23, 39]","[159.29, 41]","[251.17, 24]","[276.2, 40]",205.7,144,90.94,0.11
07:48:23,"[164.57, 138]","[162.16, 81]","[272.47, 34]","[277.0, 72]",218.52,325,107.91,0.35
07:48:24,"[165.0, 63]","[163.0, 40]","[272.0, 16]","[277.0, 32]",218.5,151,107.0,0.36
07:48:25,"[167.0, 35]","[165.0, 42]","[272.0, 14]","[277.0, 28]",219.5,119,105.0,0.29
07:48:26,"[167.0, 65]","[165.0, 78]","[189.41, 27]","[264.17, 48]",178.2,218,22.41,0.31
07:48:27,"[167.0, 52]","[165.0, 72]","[173.0, 44]","[188.57, 28]",170.0,196,6.0,0.27
07:48:28,"[167.0, 12]","[165.0, 72]","[171.42, 24]","[173.0, 48]",169.21,156,4.42,0.08
07:48:29,"[167.0, 12]","[165.5, 36]","[170.71, 28]","[172.82, 44]",168.86,120,3.71,-0.2
07:48:30,"[166.5, 8]","[165.25, 32]","[170.0, 32]","[171.0, 16]",168.25,88,3.5,-0.09
07:48:31,"[165.15, 47]","[163.0, 71]","[167.49, 43]","[224.49, 49]",166.32,210,2.34,0.12
07:48:32,"[164.38, 13]","[161.0, 24]","[232.68, 41]","[368.0, 33]",198.53,111,68.3,-0.33
07:48:33,"[163.0, 13]","[160.0, 52]","[337.92, 37]","[432.48, 33]",250.46,135,174.92,-0.04
07:48:34,"[163.0, 8]","[160.0, 32]","[244.92, 26]","[248.53, 32]",203.96,98,81.92,-0.18
07:48:35,"[159.04, 184]","[158.28, 57]","[188.38, 39]","[224.36, 33]",173.71,313,29.34,0.54
07:48:36,"[159.71, 252]","[158.91, 147]","[220.89, 53]","[228.68, 50]",190.3,502,61.17,0.59
07:48:37,"[166.29, 35]","[165.0, 20]","[218.92, 39]","[219.87, 31]",192.6,125,52.64,-0.12
07:48:38,"[159.64, 33]","[158.96, 189]","[218.0, 24]","[219.0, 32]",188.82,278,58.36,0.6
07:48:39,"[162.0, 11]","[159.0, 286]","[209.58, 38]","[214.17, 36]",185.79,371,47.58,0.6
07:48:40,"[162.47, 19]","[159.03, 263]","[190.0, 52]","[213.74, 38]",176.24,372,27.53,0.52
07:48:41,"[159.24, 99]","[158.93, 321]","[187.1, 50]","[192.24, 38]",173.17,508,27.86,0.65
07:48:42,"[160.33, 30]","[159.0, 447]","[180.98, 50]","[182.64, 47]",170.66,574,20.65,0.66
07:48:43,"[161.0, 24]","[159.18, 190]","[174.11, 46]","[175.13, 47]",167.55,307,13.11,0.39
07:48:44,"[161.0, 24]","[159.64, 86]","[166.96, 46]","[169.08, 24]",163.98,180,5.96,0.22
07:48:45,"[161.0, 24]","[159.0, 372]","[164.0, 43]","[165.12, 24]",162.5,463,3.0,0.71
07:48:46,"[159.2, 222]","[158.91, 275]","[162.1, 69]","[163.6, 20]",160.65,586,2.9,0.7
07:48:47,"[159.0, 491]","[158.0, 119]","[192.35, 49]","[292.55, 40]",175.67,699,33.35,0.75
07:48:48,"[159.0, 126]","[158.0, 42]","[344.67, 30]","[530.0, 18]",251.83,216,185.67,0.56
