Time,Bid1,Bid2,Ask1,Ask2,Mid-Price,Total_volume,Bid_ask_spread,Order_imbalance
07:30:00,"[0, 0]","[0, 0]","[294.0, 1]","[0, 0]",147.0,1,294.0,-1.0
07:30:01,"[106.0, 2]","[0, 0]","[294.0, 2]","[0, 0]",200.0,4,188.0,0.0
07:30:02,"[244.0, 1]","[0, 0]","[294.0, 1]","[0, 0]",269.0,2,50.0,0.0
07:30:03,"[144.57, 7]","[97.0, 10]","[294.0, 5]","[380.0, 6]",219.29,28,149.43,0.21
07:30:04,"[120.5, 4]","[42.5, 12]","[294.0, 4]","[372.0, 8]",207.25,28,173.5,0.14
07:30:05,"[54.33, 30]","[53.0, 3]","[356.4, 5]","[378.0, 4]",205.37,42,302.07,0.57
07:30:06,"[285.94, 77]","[227.64, 59]","[372.0, 16]","[384.0, 8]",328.97,160,86.06,0.7
07:30:07,"[299.78, 102]","[293.44, 108]","[372.0, 20]","[384.0, 10]",335.89,240,72.22,0.75
07:30:08,"[300.0, 40]","[299.0, 44]","[372.0, 8]","[381.0, 6]",336.0,98,72.0,0.71
07:30:09,"[300.0, 90]","[299.0, 99]","[336.0, 24]","[364.83, 24]",318.0,237,36.0,0.59
07:30:10,"[300.0, 60]","[299.0, 66]","[329.0, 12]","[347.25, 24]",314.5,162,29.0,0.56
07:30:11,"[301.1, 21]","[299.91, 121]","[322.25, 32]","[345.45, 29]",311.67,203,21.15,0.4
07:30:12,"[303.0, 12]","[300.0, 120]","[319.92, 48]","[323.0, 24]",311.46,204,16.92,0.29
07:30:13,"[304.67, 15]","[300.3, 54]","[317.86, 28]","[319.38, 26]",311.26,123,13.19,0.12
07:30:14,"[305.0, 7]","[304.0, 7]","[316.71, 28]","[318.0, 14]",310.86,56,11.71,-0.5
07:30:15,"[300.26, 106]","[299.3, 134]","[314.06, 67]","[314.94, 53]",307.16,360,13.8,0.33
07:30:16,"[300.0, 90]","[299.0, 99]","[310.5, 40]","[311.61, 41]",305.25,270,10.5,0.4
07:30:17,"[300.0, 140]","[299.0, 154]","[309.82, 67]","[310.75, 59]",304.91,420,9.82,0.4
07:30:18,"[300.0, 100]","[299.0, 110]","[309.0, 40]","[310.0, 50]",304.5,300,9.0,0.4
07:30:19,"[300.0, 130]","[299.0, 143]","[307.11, 54]","[308.11, 36]",303.56,363,7.11,0.5
07:30:20,"[300.0, 120]","[299.0, 209]","[304.31, 83]","[305.29, 82]",302.16,494,4.31,0.33
07:30:21,"[299.02, 91]","[298.26, 43]","[300.18, 66]","[304.05, 62]",299.6,262,1.16,0.02
07:30:22,"[298.0, 7]","[297.0, 35]","[299.14, 21]","[312.53, 17]",298.57,80,1.14,0.05
07:30:23,"[297.32, 22]","[296.92, 38]","[299.0, 30]","[312.0, 20]",298.16,110,1.68,0.09
07:30:24,"[296.98, 80]","[284.67, 24]","[312.1, 29]","[313.07, 42]",304.54,175,15.13,0.19
07:30:25,"[297.0, 72]","[296.0, 9]","[311.0, 61]","[313.16, 19]",304.0,161,14.0,0.01
07:30:26,"[297.0, 40]","[296.0, 5]","[311.0, 45]","[312.25, 8]",304.0,98,14.0,-0.08
07:30:27,"[297.0, 128]","[285.71, 28]","[310.4, 67]","[311.13, 75]",303.7,298,13.4,0.05
07:30:28,"[297.0, 96]","[280.35, 46]","[308.67, 24]","[311.0, 52]",302.83,218,11.67,0.3
07:30:29,"[297.0, 72]","[296.0, 27]","[308.0, 18]","[311.0, 49]",302.5,166,11.0,0.19
07:30:30,"[297.32, 76]","[296.5, 48]","[306.36, 22]","[308.73, 22]",301.84,168,9.05,0.48
07:30:31,"[299.0, 56]","[297.0, 112]","[304.52, 29]","[307.11, 36]",301.76,233,5.52,0.44
07:30:32,"[297.24, 68]","[296.57, 56]","[303.17, 24]","[305.0, 36]",300.2,184,5.93,0.35
07:30:33,"[297.0, 99]","[296.0, 42]","[302.71, 31]","[304.69, 39]",299.85,211,5.71,0.34
07:30:34,"[297.22, 135]","[296.44, 80]","[300.11, 54]","[301.2, 50]",298.67,319,2.89,0.35
07:30:35,"[297.05, 115]","[296.12, 58]","[298.62, 40]","[299.82, 44]",297.84,257,1.57,0.35
07:30:36,"[297.93, 45]","[296.8, 45]","[300.0, 45]","[308.0, 60]",298.97,195,2.07,-0.08
07:30:37,"[298.55, 42]","[296.8, 40]","[303.4, 47]","[308.56, 50]",300.98,179,4.86,-0.08
07:30:38,"[299.71, 24]","[298.94, 52]","[308.0, 48]","[309.58, 33]",303.85,157,8.29,-0.03
07:30:39,"[299.18, 44]","[297.96, 46]","[308.0, 48]","[309.0, 24]",303.59,162,8.82,0.11
07:30:40,"[299.0, 25]","[297.0, 24]","[308.0, 32]","[309.0, 16]",303.5,97,9.0,0.01
07:30:41,"[303.8, 10]","[298.45, 11]","[308.0, 20]","[309.0, 10]",305.9,51,4.2,-0.18
07:30:42,"[305.0, 24]","[299.85, 13]","[308.0, 48]","[309.0, 24]",306.5,109,3.0,-0.32
07:30:43,"[305.0, 15]","[300.0, 8]","[308.0, 32]","[309.0, 16]",306.5,71,3.0,-0.35
07:30:44,"[305.0, 8]","[300.0, 8]","[308.0, 32]","[309.0, 16]",306.5,64,3.0,-0.5
07:30:45,"[305.0, 8]","[300.44, 9]","[308.0, 32]","[309.0, 16]",306.5,65,3.0,-0.48
07:30:46,"[305.0, 6]","[302.0, 12]","[308.0, 24]","[309.0, 12]",306.5,54,3.0,-0.33
07:30:47,"[305.0, 7]","[302.0, 14]","[308.0, 28]","[309.0, 14]",306.5,63,3.0,-0.33
07:30:48,"[305.0, 8]","[302.0, 16]","[308.0, 32]","[309.0, 16]",306.5,72,3.0,-0.33
07:30:49,"[305.0, 7]","[302.0, 14]","[308.0, 28]","[309.0, 14]",306.5,63,3.0,-0.33
07:30:50,"[305.0, 8]","[302.0, 16]","[307.12, 32]","[308.45, 22]",306.06,78,2.12,-0.38
07:30:51,"[302.21, 29]","[300.83, 18]","[305.32, 38]","[306.32, 38]",303.76,123,3.11,-0.24
07:30:52,"[301.6, 10]","[299.67, 12]","[303.14, 21]","[304.2, 20]",302.37,63,1.54,-0.3
07:30:53,"[300.0, 15]","[299.0, 30]","[302.0, 45]","[303.0, 30]",301.0,120,2.0,-0.25
07:30:54,"[300.0, 11]","[299.0, 22]","[301.46, 26]","[302.28, 29]",300.73,88,1.46,-0.25
07:30:55,"[297.23, 26]","[296.6, 20]","[301.0, 20]","[302.0, 30]",299.12,96,3.77,-0.04
07:30:56,"[298.27, 40]","[297.3, 44]","[301.1, 31]","[302.09, 44]",299.69,159,2.82,0.06
07:30:57,"[298.16, 56]","[297.11, 57]","[303.49, 53]","[307.16, 73]",300.83,239,5.33,-0.05
07:30:58,"[304.83, 103]","[298.94, 32]","[311.0, 44]","[315.0, 99]",307.91,278,6.17,-0.03
07:30:59,"[305.0, 84]","[299.0, 36]","[311.0, 48]","[315.0, 104]",308.0,272,6.0,-0.12
07:31:00,"[305.0, 78]","[299.0, 39]","[309.77, 52]","[311.15, 52]",307.38,221,4.77,0.06
07:31:01,"[305.0, 72]","[299.0, 36]","[309.0, 48]","[313.0, 48]",307.0,204,4.0,0.06
07:31:02,"[305.0, 90]","[299.0, 45]","[307.8, 60]","[312.73, 60]",306.4,255,2.8,0.06
07:31:03,"[305.0, 14]","[299.0, 42]","[306.0, 56]","[312.0, 56]",305.5,168,1.0,-0.33
07:31:04,"[305.0, 9]","[301.58, 31]","[306.0, 36]","[312.0, 36]",305.5,112,1.0,-0.29
07:31:05,"[305.0, 6]","[304.0, 24]","[306.0, 24]","[312.0, 24]",305.5,78,1.0,-0.23
07:31:06,"[304.26, 27]","[302.68, 38]","[308.41, 51]","[312.78, 46]",306.34,162,4.15,-0.2
07:31:07,"[304.0, 56]","[299.0, 28]","[310.22, 46]","[311.24, 68]",307.11,198,6.22,-0.15
07:31:08,"[304.0, 56]","[299.0, 44]","[308.04, 50]","[309.23, 62]",306.02,212,4.04,-0.06
07:31:09,"[304.0, 38]","[299.0, 22]","[305.58, 43]","[308.09, 47]",304.79,150,1.58,-0.2
07:31:10,"[302.38, 13]","[298.61, 23]","[306.0, 55]","[316.0, 44]",304.19,135,3.62,-0.47
07:31:11,"[296.4, 30]","[291.0, 42]","[305.22, 46]","[316.0, 40]",300.81,158,8.82,-0.09
07:31:12,"[297.0, 56]","[296.0, 42]","[304.43, 49]","[311.12, 49]",300.71,196,7.43,0.0
07:31:13,"[297.0, 52]","[296.0, 39]","[303.63, 51]","[304.6, 40]",300.31,182,6.63,0.0
07:31:14,"[297.0, 36]","[296.0, 45]","[300.41, 49]","[301.31, 48]",298.7,178,3.41,-0.09
07:31:15,"[296.33, 27]","[290.62, 39]","[298.28, 29]","[299.18, 34]",297.3,129,1.94,0.02
07:31:16,"[292.41, 39]","[287.93, 75]","[297.78, 37]","[302.27, 44]",295.1,195,5.37,0.17
07:31:17,"[289.0, 70]","[287.0, 75]","[297.07, 56]","[308.43, 56]",293.04,257,8.07,0.13
07:31:18,"[290.22, 98]","[287.47, 85]","[295.29, 68]","[300.41, 68]",292.76,319,5.07,0.15
07:31:19,"[291.0, 92]","[287.0, 74]","[292.88, 68]","[294.78, 72]",291.94,306,1.88,0.08
07:31:20,"[289.32, 57]","[285.84, 86]","[293.07, 56]","[297.46, 61]",291.19,260,3.76,0.1
07:31:21,"[286.0, 49]","[285.27, 71]","[295.0, 60]","[301.0, 75]",290.5,255,9.0,-0.06
07:31:22,"[284.54, 52]","[283.65, 43]","[295.0, 40]","[301.0, 50]",289.77,185,10.46,0.03
07:31:23,"[291.32, 37]","[284.1, 80]","[298.77, 97]","[305.89, 157]",295.05,371,7.45,-0.37
07:31:24,"[286.0, 16]","[284.99, 76]","[297.41, 69]","[305.75, 125]",291.7,286,11.41,-0.36
07:31:25,"[286.87, 15]","[285.0, 75]","[289.0, 39]","[294.5, 72]",287.93,201,2.13,-0.1
07:31:26,"[287.0, 8]","[284.75, 40]","[289.0, 16]","[297.0, 32]",288.0,96,2.0,0.0
07:31:27,"[283.69, 58]","[282.72, 90]","[289.0, 21]","[295.94, 34]",286.34,203,5.31,0.46
07:31:28,"[283.0, 40]","[277.0, 4]","[289.0, 4]","[291.0, 4]",286.0,52,6.0,0.69
07:31:29,"[283.0, 112]","[277.0, 10]","[293.67, 12]","[297.62, 16]",288.33,150,10.67,0.63
07:31:30,"[283.5, 26]","[282.79, 133]","[295.7, 23]","[296.57, 47]",289.6,229,12.2,0.39
07:31:31,"[284.0, 5]","[283.0, 31]","[295.0, 5]","[296.0, 20]",289.5,61,11.0,0.18
07:31:32,"[284.0, 8]","[283.0, 40]","[292.2, 15]","[295.36, 11]",288.1,74,8.2,0.3
07:31:33,"[285.6, 15]","[284.86, 21]","[292.0, 24]","[293.72, 53]",288.8,113,6.4,-0.36
07:31:34,"[288.27, 15]","[287.44, 18]","[292.2, 25]","[293.22, 54]",290.23,112,3.93,-0.41
07:31:35,"[290.6, 20]","[281.16, 87]","[295.83, 75]","[298.66, 79]",293.21,261,5.23,-0.18
07:31:36,"[291.92, 13]","[280.57, 21]","[298.0, 44]","[305.0, 55]",294.96,133,6.08,-0.49
07:31:37,"[292.0, 13]","[280.0, 38]","[298.92, 52]","[305.0, 65]",295.46,168,6.92,-0.39
07:31:38,"[292.0, 6]","[280.0, 30]","[299.89, 18]","[303.39, 28]",295.94,82,7.89,-0.12
07:31:39,"[280.24, 51]","[277.6, 25]","[293.45, 11]","[299.8, 35]",286.84,122,13.22,0.25
07:31:40,"[280.0, 60]","[277.0, 24]","[297.4, 30]","[299.89, 35]",288.7,149,17.4,0.13
07:31:41,"[285.3, 40]","[281.56, 48]","[297.67, 54]","[303.4, 80]",291.48,222,12.37,-0.21
07:31:42,"[282.92, 12]","[281.2, 30]","[295.0, 36]","[298.0, 48]",288.96,126,12.08,-0.33
07:31:43,"[286.06, 17]","[282.0, 51]","[295.0, 51]","[298.0, 68]",290.53,187,8.94,-0.27
07:31:44,"[288.0, 14]","[282.0, 42]","[292.86, 42]","[295.73, 66]",290.43,164,4.86,-0.32
07:31:45,"[289.4, 20]","[282.58, 36]","[291.5, 42]","[294.1, 70]",290.45,168,2.1,-0.33
07:31:46,"[289.73, 11]","[282.0, 33]","[292.0, 33]","[295.0, 59]",290.86,136,2.27,-0.35
07:31:47,"[290.4, 15]","[282.0, 45]","[294.0, 45]","[295.6, 50]",292.2,155,3.6,-0.23
07:31:48,"[291.11, 9]","[281.68, 31]","[295.0, 27]","[296.0, 27]",293.06,94,3.89,-0.15
07:31:49,"[293.19, 16]","[281.0, 86]","[295.02, 46]","[296.07, 46]",294.1,194,1.83,0.05
07:31:50,"[294.0, 8]","[281.0, 56]","[296.0, 8]","[299.0, 8]",295.0,80,2.0,0.6
07:31:51,"[286.04, 24]","[280.89, 56]","[296.0, 10]","[299.0, 10]",291.02,100,9.96,0.6
07:31:52,"[284.69, 65]","[283.17, 53]","[296.46, 13]","[299.95, 21]",290.58,152,11.77,0.55
07:31:53,"[285.0, 55]","[283.0, 55]","[290.31, 35]","[297.22, 37]",287.66,182,5.31,0.21
07:31:54,"[283.0, 68]","[280.0, 30]","[290.59, 34]","[297.86, 56]",286.79,188,7.59,0.04
07:31:55,"[283.0, 65]","[280.0, 45]","[290.33, 36]","[294.52, 50]",286.67,196,7.33,0.12
07:31:56,"[283.16, 49]","[281.4, 25]","[295.94, 34]","[298.18, 76]",289.55,184,12.78,-0.2
07:31:57,"[291.0, 9]","[283.0, 27]","[294.0, 18]","[295.78, 18]",292.5,72,3.0,0.0
07:31:58,"[285.21, 14]","[281.65, 26]","[294.0, 16]","[296.0, 16]",289.61,72,8.79,0.11
07:31:59,"[283.38, 39]","[281.27, 22]","[293.57, 21]","[295.33, 18]",288.48,100,10.19,0.22
07:32:00,"[287.33, 138]","[285.05, 242]","[292.67, 49]","[293.54, 41]",290.0,470,5.35,0.62
07:32:01,"[288.0, 266]","[281.75, 32]","[290.9, 40]","[291.8, 30]",289.45,368,2.9,0.62
07:32:02,"[288.56, 219]","[277.54, 81]","[292.74, 50]","[295.0, 69]",290.65,419,4.18,0.43
07:32:03,"[283.34, 76]","[277.51, 39]","[289.29, 21]","[295.29, 21]",286.31,157,5.94,0.46
07:32:04,"[286.0, 171]","[285.0, 129]","[288.0, 60]","[291.0, 15]",287.0,375,2.0,0.6
07:32:05,"[286.66, 99]","[285.91, 275]","[288.0, 67]","[291.0, 19]",287.33,460,1.34,0.63
07:32:06,"[285.06, 89]","[276.67, 15]","[289.8, 10]","[291.88, 34]",287.43,148,4.74,0.41
07:32:07,"[278.0, 14]","[275.36, 28]","[291.0, 14]","[292.0, 70]",284.5,126,13.0,-0.33
07:32:08,"[278.94, 17]","[275.79, 19]","[290.29, 28]","[291.91, 44]",284.61,108,11.34,-0.33
07:32:09,"[280.81, 32]","[274.83, 42]","[289.5, 80]","[291.0, 16]",285.16,170,8.69,-0.13
07:32:10,"[283.53, 223]","[276.48, 71]","[288.8, 60]","[291.0, 18]",286.17,372,5.27,0.58
07:32:11,"[284.0, 361]","[282.0, 38]","[286.74, 57]","[291.0, 19]",285.37,475,2.74,0.68
07:32:12,"[284.0, 285]","[282.0, 30]","[285.13, 45]","[291.0, 15]",284.57,375,1.13,0.68
07:32:13,"[284.0, 247]","[275.16, 86]","[287.95, 19]","[292.23, 13]",285.97,365,3.95,0.82
07:32:14,"[284.1, 89]","[282.73, 199]","[295.92, 98]","[296.96, 49]",290.01,435,11.82,0.32
07:32:15,"[285.0, 10]","[284.0, 190]","[295.15, 53]","[296.05, 76]",290.08,329,10.15,0.22
07:32:16,"[284.01, 173]","[277.76, 101]","[294.0, 55]","[296.0, 88]",289.01,417,9.99,0.31
07:32:17,"[285.67, 285]","[274.0, 105]","[293.2, 75]","[295.75, 85]",289.43,550,7.53,0.42
07:32:18,"[286.0, 266]","[274.75, 113]","[289.09, 46]","[292.95, 66]",287.54,491,3.09,0.54
07:32:19,"[287.53, 361]","[274.93, 113]","[289.94, 93]","[293.92, 59]",288.73,626,2.41,0.51
07:32:20,"[289.0, 234]","[275.73, 30]","[290.61, 57]","[294.7, 46]",289.81,367,1.61,0.44
07:32:21,"[289.0, 196]","[276.0, 28]","[295.85, 52]","[299.47, 51]",292.42,327,6.85,0.37
07:32:22,"[289.03, 116]","[285.24, 42]","[292.0, 20]","[297.0, 40]",290.52,218,2.97,0.45
07:32:23,"[290.95, 132]","[288.75, 48]","[292.77, 26]","[297.06, 47]",291.86,253,1.81,0.42
07:32:24,"[290.77, 26]","[272.52, 65]","[297.0, 55]","[298.0, 39]",293.88,185,6.23,-0.02
07:32:25,"[292.21, 122]","[291.5, 32]","[297.0, 44]","[298.0, 33]",294.61,231,4.79,0.33
07:32:26,"[293.95, 119]","[281.6, 65]","[296.62, 29]","[299.47, 38]",295.29,251,2.67,0.47
07:32:27,"[295.06, 36]","[294.1, 42]","[301.33, 60]","[353.91, 92]",298.19,230,6.28,-0.32
07:32:28,"[299.0, 18]","[295.0, 72]","[302.0, 18]","[306.0, 72]",300.5,180,3.0,0.0
07:32:29,"[300.0, 28]","[295.0, 136]","[302.0, 28]","[306.0, 72]",301.0,264,2.0,0.24
07:32:30,"[300.0, 20]","[295.91, 44]","[302.0, 20]","[306.0, 40]",301.0,124,2.0,0.03
07:32:31,"[300.7, 40]","[299.08, 26]","[302.57, 28]","[306.76, 49]",301.64,143,1.87,-0.08
07:32:32,"[302.0, 76]","[300.0, 26]","[306.0, 52]","[343.0, 13]",304.0,167,4.0,0.22
07:32:33,"[302.0, 20]","[300.0, 20]","[305.12, 16]","[313.0, 28]",303.56,84,3.12,-0.05
07:32:34,"[302.0, 26]","[300.0, 26]","[303.08, 13]","[328.24, 21]",302.54,86,1.08,0.21
07:32:35,"[297.57, 30]","[296.45, 62]","[301.27, 15]","[312.0, 75]",299.42,182,3.7,0.01
07:32:36,"[297.0, 33]","[296.0, 44]","[299.36, 11]","[309.27, 55]",298.18,143,2.36,0.08
07:32:37,"[297.0, 17]","[296.0, 28]","[303.09, 11]","[310.0, 31]",300.05,87,6.09,0.03
07:32:38,"[297.0, 4]","[296.0, 16]","[308.45, 11]","[310.94, 16]",302.73,47,11.45,-0.15
07:32:39,"[296.04, 28]","[295.1, 40]","[306.18, 44]","[308.38, 26]",301.11,138,10.15,-0.01
07:32:40,"[296.0, 33]","[295.0, 44]","[305.2, 25]","[306.08, 52]",300.6,154,9.2,0.0
07:32:41,"[296.0, 27]","[295.0, 36]","[305.0, 18]","[307.22, 45]",300.5,126,9.0,0.0
07:32:42,"[296.0, 15]","[295.0, 20]","[305.0, 10]","[307.0, 25]",300.5,70,9.0,0.0
07:32:43,"[295.75, 32]","[294.8, 40]","[305.0, 20]","[307.0, 50]",300.38,142,9.25,0.01
07:32:44,"[295.92, 124]","[294.89, 72]","[304.88, 32]","[307.0, 80]",300.4,308,8.96,0.27
07:32:45,"[296.95, 86]","[295.86, 140]","[305.96, 54]","[308.07, 75]",301.46,355,9.01,0.27
07:32:46,"[297.0, 52]","[296.0, 156]","[306.68, 37]","[308.92, 65]",301.84,310,9.68,0.34
07:32:47,"[298.0, 135]","[297.0, 60]","[301.8, 30]","[305.75, 36]",299.9,261,3.8,0.49
07:32:48,"[297.5, 72]","[296.37, 43]","[299.47, 15]","[308.35, 55]",298.48,185,1.97,0.24
07:32:49,"[297.0, 44]","[296.0, 33]","[298.73, 11]","[307.66, 32]",297.86,120,1.73,0.28
07:32:50,"[297.0, 32]","[296.0, 24]","[307.62, 32]","[311.57, 28]",302.31,116,10.62,-0.03
07:32:51,"[298.79, 57]","[297.02, 49]","[308.0, 70]","[313.0, 70]",303.39,246,9.21,-0.14
07:32:52,"[300.06, 47]","[298.0, 29]","[308.0, 85]","[313.0, 85]",304.03,246,7.94,-0.38
07:32:53,"[301.38, 8]","[300.0, 8]","[308.0, 40]","[313.0, 40]",304.69,96,6.62,-0.67
07:32:54,"[302.0, 13]","[300.0, 13]","[307.38, 65]","[309.92, 65]",304.69,156,5.38,-0.67
07:32:55,"[298.84, 19]","[297.27, 22]","[307.0, 60]","[308.0, 24]",302.92,125,8.16,-0.34
07:32:56,"[296.0, 24]","[295.0, 32]","[307.0, 40]","[308.0, 16]",301.5,112,11.0,0.0
07:32:57,"[296.0, 30]","[295.0, 40]","[306.3, 50]","[309.18, 22]",301.15,142,10.3,-0.01
07:32:58,"[296.0, 51]","[294.86, 111]","[305.53, 75]","[305.65, 37]",300.77,274,9.53,0.18
07:32:59,"[296.0, 33]","[295.0, 99]","[302.12, 51]","[303.54, 37]",299.06,220,6.12,0.2
07:33:00,"[296.0, 45]","[295.0, 135]","[302.89, 47]","[302.97, 59]",299.45,286,6.89,0.26
07:33:01,"[296.19, 37]","[295.03, 111]","[304.77, 39]","[309.17, 35]",300.48,222,8.58,0.33
07:33:02,"[296.0, 18]","[295.0, 58]","[306.5, 18]","[311.86, 21]",301.25,115,10.5,0.32
07:33:03,"[296.0, 18]","[295.0, 55]","[309.0, 18]","[314.0, 24]",302.5,115,13.0,0.27
07:33:04,"[296.0, 33]","[295.0, 99]","[308.19, 27]","[311.79, 38]",302.09,197,12.19,0.34
07:33:05,"[296.0, 21]","[295.0, 63]","[306.29, 14]","[311.14, 21]",301.14,119,10.29,0.41
07:33:06,"[296.0, 18]","[294.61, 31]","[306.0, 12]","[311.5, 18]",301.0,79,10.0,0.24
07:33:07,"[296.71, 51]","[295.71, 17]","[306.0, 18]","[311.0, 27]",301.35,113,9.29,0.2
07:33:08,"[297.0, 117]","[296.0, 39]","[305.76, 21]","[309.53, 34]",301.38,211,8.76,0.48
07:33:09,"[297.0, 108]","[296.0, 36]","[303.47, 15]","[304.71, 21]",300.23,180,6.47,0.6
07:33:10,"[297.8, 135]","[296.0, 45]","[301.13, 15]","[304.0, 30]",299.47,225,3.33,0.6
07:33:11,"[298.0, 95]","[296.0, 33]","[300.09, 11]","[304.18, 22]",299.05,161,2.09,0.59
07:33:12,"[298.41, 37]","[296.14, 29]","[305.0, 20]","[313.0, 41]",301.7,127,6.59,0.04
07:33:13,"[303.0, 24]","[298.0, 16]","[305.88, 16]","[313.0, 16]",304.44,72,2.88,0.11
07:33:14,"[303.0, 36]","[298.0, 24]","[306.0, 24]","[313.0, 45]",304.5,129,3.0,-0.07
07:33:15,"[299.55, 29]","[296.2, 20]","[305.77, 26]","[312.25, 56]",302.66,131,6.22,-0.25
07:33:16,"[298.0, 26]","[295.23, 13]","[304.08, 26]","[306.92, 26]",301.04,91,6.08,-0.14
07:33:17,"[297.5, 16]","[293.23, 13]","[303.33, 18]","[309.0, 34]",300.42,81,5.83,-0.28
07:33:18,"[292.4, 89]","[290.65, 89]","[302.32, 38]","[308.84, 98]",297.36,314,9.91,0.13
07:33:19,"[294.12, 136]","[293.18, 88]","[299.28, 36]","[301.78, 36]",296.7,296,5.16,0.51
07:33:20,"[296.54, 35]","[294.34, 116]","[301.29, 34]","[304.22, 36]",298.92,221,4.75,0.37
07:33:21,"[298.3, 10]","[295.15, 65]","[306.0, 20]","[307.0, 40]",302.15,135,7.7,0.11
07:33:22,"[299.64, 14]","[297.0, 70]","[306.25, 32]","[307.04, 50]",302.95,166,6.61,0.01
07:33:23,"[302.48, 27]","[297.94, 47]","[306.57, 42]","[307.14, 42]",304.53,158,4.09,-0.06
07:33:24,"[303.0, 28]","[302.0, 7]","[306.0, 14]","[309.0, 28]",304.5,77,3.0,-0.09
07:33:25,"[303.0, 52]","[302.0, 13]","[305.17, 36]","[307.12, 32]",304.08,133,2.17,-0.02
07:33:26,"[302.53, 30]","[300.25, 32]","[304.06, 54]","[306.0, 36]",303.29,152,1.52,-0.18
07:33:27,"[302.0, 6]","[300.0, 12]","[304.0, 18]","[307.0, 12]",303.0,48,2.0,-0.25
07:33:28,"[302.0, 11]","[300.0, 22]","[303.91, 33]","[308.0, 22]",302.95,88,1.91,-0.25
07:33:29,"[297.22, 67]","[294.51, 70]","[302.91, 33]","[308.0, 22]",300.07,192,5.69,0.43
07:33:30,"[297.0, 112]","[294.0, 112]","[301.2, 56]","[304.4, 35]",299.1,315,4.2,0.42
07:33:31,"[297.0, 104]","[294.0, 104]","[298.78, 51]","[300.02, 53]",297.89,312,1.78,0.33
07:33:32,"[297.04, 108]","[293.54, 105]","[303.23, 44]","[309.32, 41]",300.13,298,6.19,0.43
07:33:33,"[297.0, 132]","[294.0, 90]","[305.28, 54]","[307.33, 36]",301.14,312,8.28,0.42
07:33:34,"[297.0, 50]","[294.0, 50]","[304.64, 28]","[306.82, 22]",300.82,150,7.64,0.33
07:33:35,"[297.0, 45]","[294.0, 45]","[302.17, 23]","[302.91, 22]",299.59,135,5.17,0.33
07:33:36,"[297.0, 31]","[294.5, 20]","[301.0, 14]","[302.0, 21]",299.0,86,4.0,0.19
07:33:37,"[297.94, 86]","[296.38, 13]","[300.3, 27]","[301.43, 28]",299.12,154,2.35,0.29
07:33:38,"[297.95, 88]","[296.2, 20]","[301.44, 54]","[307.8, 70]",299.7,232,3.49,-0.07
07:33:39,"[297.71, 28]","[295.48, 21]","[306.56, 66]","[308.05, 41]",302.14,156,8.85,-0.37
07:33:40,"[298.83, 48]","[297.55, 22]","[305.67, 60]","[308.0, 24]",302.25,154,6.83,-0.09
07:33:41,"[299.0, 56]","[297.0, 14]","[302.93, 70]","[308.0, 28]",300.96,168,3.93,-0.17
07:33:42,"[299.17, 48]","[297.0, 12]","[302.0, 60]","[308.25, 24]",300.58,144,2.83,-0.17
07:33:43,"[300.0, 52]","[297.0, 13]","[301.23, 65]","[309.0, 26]",300.62,156,1.23,-0.17
07:33:44,"[297.62, 13]","[296.07, 59]","[301.0, 9]","[309.0, 18]",299.31,99,3.38,0.45
07:33:45,"[297.56, 18]","[296.05, 93]","[300.23, 13]","[310.2, 35]",298.89,159,2.68,0.4
07:33:46,"[296.3, 20]","[295.94, 70]","[300.0, 8]","[308.79, 19]",298.15,117,3.7,0.54
07:33:47,"[297.32, 87]","[295.98, 114]","[300.0, 17]","[310.36, 56]",298.66,274,2.68,0.47
07:33:48,"[297.49, 70]","[295.92, 76]","[307.04, 25]","[311.8, 60]",302.26,231,9.55,0.26
07:33:49,"[297.88, 68]","[296.18, 119]","[309.67, 45]","[312.66, 58]",303.77,290,11.78,0.29
07:33:50,"[298.67, 24]","[297.0, 84]","[310.75, 24]","[312.24, 62]",304.71,194,12.08,0.11
07:33:51,"[299.0, 9]","[297.0, 63]","[310.0, 18]","[312.0, 72]",304.5,162,11.0,-0.11
07:33:52,"[299.0, 11]","[297.0, 77]","[309.54, 26]","[311.81, 85]",304.27,199,10.54,-0.12
07:33:53,"[297.0, 16]","[296.0, 6]","[309.0, 18]","[310.0, 12]",303.0,52,12.0,-0.15
07:33:54,"[297.78, 36]","[296.33, 12]","[309.0, 54]","[311.85, 78]",303.39,180,11.22,-0.47
07:33:55,"[298.08, 38]","[297.81, 26]","[309.0, 40]","[312.0, 64]",303.54,168,10.92,-0.24
07:33:56,"[299.4, 15]","[298.0, 105]","[309.0, 75]","[312.0, 120]",304.2,315,9.6,-0.24
07:33:57,"[298.69, 26]","[297.89, 47]","[309.0, 47]","[312.0, 88]",303.85,208,10.31,-0.3
07:33:58,"[298.0, 32]","[297.0, 8]","[308.5, 12]","[310.41, 34]",303.25,86,10.5,-0.07
07:33:59,"[299.2, 60]","[297.5, 24]","[306.15, 39]","[308.43, 21]",302.68,144,6.95,0.17
07:34:00,"[302.21, 67]","[297.92, 61]","[304.87, 47]","[306.92, 48]",303.54,223,2.66,0.15
07:34:01,"[298.0, 60]","[297.0, 15]","[302.79, 33]","[304.62, 39]",300.39,147,4.79,0.02
07:34:02,"[298.0, 60]","[297.0, 15]","[300.4, 30]","[303.0, 30]",299.2,135,2.4,0.11
07:34:03,"[297.28, 25]","[295.47, 43]","[303.64, 53]","[308.06, 54]",300.46,175,6.36,-0.22
07:34:04,"[296.0, 11]","[295.0, 44]","[301.19, 16]","[303.71, 35]",298.59,106,5.19,0.04
07:34:05,"[296.0, 13]","[295.0, 52]","[299.92, 24]","[301.47, 15]",297.96,104,3.92,0.25
07:34:06,"[295.47, 15]","[294.82, 34]","[298.44, 9]","[300.0, 18]",296.96,76,2.98,0.29
07:34:07,"[296.19, 48]","[294.84, 45]","[297.52, 21]","[303.78, 27]",296.86,141,1.34,0.32
07:34:08,"[298.86, 136]","[298.37, 82]","[304.41, 29]","[307.87, 45]",301.64,292,5.55,0.49
07:34:09,"[301.82, 121]","[299.91, 99]","[305.0, 22]","[308.0, 33]",303.41,275,3.18,0.6
07:34:10,"[302.0, 99]","[300.0, 81]","[305.0, 18]","[308.0, 27]",303.5,225,3.0,0.6
07:34:11,"[302.0, 110]","[300.0, 90]","[305.0, 20]","[308.7, 30]",303.5,250,3.0,0.6
07:34:12,"[302.0, 44]","[300.0, 36]","[305.0, 8]","[306.0, 16]",303.5,104,3.0,0.54
07:34:13,"[302.0, 66]","[300.0, 69]","[305.0, 12]","[306.0, 24]",303.5,171,3.0,0.58
07:34:14,"[302.0, 110]","[300.0, 90]","[303.3, 20]","[304.45, 22]",302.65,242,1.3,0.65
07:34:15,"[302.0, 101]","[300.24, 83]","[303.18, 22]","[304.91, 22]",302.59,228,1.18,0.61
07:34:16,"[302.0, 86]","[300.1, 100]","[307.45, 29]","[311.25, 40]",304.72,255,5.45,0.46
07:34:17,"[302.0, 42]","[300.0, 54]","[310.0, 18]","[313.0, 24]",306.0,138,8.0,0.39
07:34:18,"[302.0, 67]","[300.0, 90]","[304.0, 50]","[310.0, 30]",303.0,237,2.0,0.32
07:34:19,"[302.0, 30]","[300.0, 81]","[304.0, 45]","[310.0, 27]",303.0,183,2.0,0.21
07:34:20,"[301.57, 28]","[299.92, 103]","[304.0, 60]","[310.0, 36]",302.79,227,2.43,0.15
07:34:21,"[302.59, 88]","[299.74, 62]","[304.0, 55]","[310.0, 33]",303.3,238,1.41,0.26
07:34:22,"[303.0, 104]","[300.0, 78]","[304.0, 65]","[310.0, 39]",303.5,286,1.0,0.27
07:34:23,"[303.0, 101]","[300.0, 78]","[304.0, 65]","[310.0, 39]",303.5,283,1.0,0.27
07:34:24,"[303.0, 63]","[300.0, 54]","[304.0, 45]","[310.0, 27]",303.5,189,1.0,0.24
07:34:25,"[303.0, 98]","[300.0, 84]","[304.0, 70]","[310.0, 42]",303.5,294,1.0,0.24
07:34:26,"[303.0, 70]","[300.0, 60]","[306.25, 40]","[311.14, 35]",304.62,205,3.25,0.27
07:34:27,"[303.0, 61]","[300.0, 72]","[307.0, 36]","[311.14, 42]",305.0,211,4.0,0.26
07:34:28,"[300.75, 32]","[299.2, 40]","[304.0, 24]","[310.0, 24]",302.38,120,3.25,0.2
07:34:29,"[302.6, 90]","[299.64, 44]","[304.0, 24]","[310.0, 24]",303.3,182,1.4,0.47
07:34:30,"[303.0, 156]","[300.0, 72]","[304.0, 36]","[310.0, 36]",303.5,300,1.0,0.52
07:34:31,"[303.0, 98]","[299.6, 60]","[304.0, 33]","[310.0, 33]",303.5,224,1.0,0.41
07:34:32,"[303.0, 40]","[298.77, 35]","[304.0, 15]","[310.0, 15]",303.5,105,1.0,0.43
07:34:33,"[303.0, 94]","[299.0, 108]","[304.0, 36]","[310.0, 36]",303.5,274,1.0,0.47
07:34:34,"[303.0, 70]","[299.0, 90]","[304.0, 30]","[310.0, 30]",303.5,220,1.0,0.45
07:34:35,"[303.0, 53]","[299.0, 72]","[304.0, 24]","[310.0, 24]",303.5,173,1.0,0.45
07:34:36,"[303.0, 36]","[299.0, 90]","[304.0, 30]","[310.0, 30]",303.5,186,1.0,0.35
07:34:37,"[303.0, 36]","[299.0, 108]","[304.0, 36]","[310.0, 36]",303.5,216,1.0,0.33
07:34:38,"[301.5, 24]","[298.92, 49]","[304.0, 18]","[310.0, 18]",302.75,109,2.5,0.34
07:34:39,"[299.0, 78]","[298.0, 64]","[303.61, 36]","[308.62, 48]",301.31,226,4.61,0.26
07:34:40,"[299.0, 60]","[297.15, 104]","[304.0, 45]","[312.33, 45]",301.5,254,5.0,0.29
07:34:41,"[299.82, 44]","[298.24, 58]","[304.91, 33]","[316.0, 33]",302.36,168,5.09,0.21
07:34:42,"[301.59, 68]","[299.0, 68]","[308.43, 61]","[312.24, 63]",305.01,260,6.84,0.05
07:34:43,"[302.0, 56]","[299.0, 56]","[305.79, 70]","[310.0, 84]",303.89,266,3.79,-0.16
07:34:44,"[302.0, 52]","[297.9, 80]","[304.46, 65]","[310.0, 72]",303.23,269,2.46,-0.02
07:34:45,"[301.4, 60]","[298.19, 81]","[304.42, 69]","[310.4, 45]",302.91,255,3.02,0.11
07:34:46,"[299.0, 52]","[297.0, 143]","[308.73, 15]","[310.15, 39]",303.87,249,9.73,0.57
07:34:47,"[299.0, 44]","[297.0, 121]","[307.0, 11]","[310.0, 33]",303.0,209,8.0,0.58
07:34:48,"[299.0, 28]","[297.0, 77]","[306.14, 7]","[310.71, 21]",302.57,133,7.14,0.58
07:34:49,"[299.0, 32]","[297.0, 88]","[305.12, 8]","[311.0, 24]",302.06,152,6.12,0.58
07:34:50,"[299.0, 20]","[297.0, 99]","[305.0, 9]","[310.0, 27]",302.0,155,6.0,0.54
07:34:51,"[299.0, 22]","[297.0, 121]","[303.18, 11]","[310.0, 33]",301.09,187,4.18,0.53
07:34:52,"[299.0, 18]","[297.0, 99]","[301.82, 17]","[304.91, 11]",300.41,145,2.82,0.61
07:34:53,"[299.0, 26]","[297.0, 143]","[300.56, 18]","[301.48, 21]",299.78,208,1.56,0.62
07:34:54,"[299.0, 26]","[297.0, 143]","[307.55, 53]","[306.0, 16]",303.27,238,8.55,0.42
07:34:55,"[297.48, 66]","[296.43, 123]","[308.0, 65]","[309.0, 13]",302.74,267,10.52,0.42
07:34:56,"[299.55, 55]","[296.57, 60]","[308.0, 50]","[309.0, 10]",303.77,175,8.45,0.31
07:34:57,"[302.0, 52]","[301.0, 26]","[308.0, 65]","[309.0, 13]",305.0,156,6.0,0.0
07:34:58,"[302.0, 24]","[301.0, 12]","[308.0, 30]","[309.0, 6]",305.0,72,6.0,0.0
07:34:59,"[301.44, 36]","[298.17, 23]","[307.57, 61]","[308.17, 42]",304.51,162,6.13,-0.27
07:35:00,"[301.0, 22]","[297.0, 22]","[305.36, 55]","[308.0, 55]",303.18,154,4.36,-0.43
07:35:01,"[301.0, 22]","[297.0, 22]","[305.0, 55]","[308.0, 55]",303.0,154,4.0,-0.43
07:35:02,"[301.0, 28]","[297.0, 28]","[304.21, 70]","[310.92, 72]",302.61,198,3.21,-0.43
07:35:03,"[301.0, 20]","[296.33, 12]","[304.0, 50]","[313.0, 87]",302.5,169,3.0,-0.62
07:35:04,"[301.0, 30]","[296.53, 15]","[303.6, 75]","[312.89, 111]",302.3,231,2.6,-0.61
07:35:05,"[298.44, 25]","[291.92, 26]","[303.0, 75]","[312.0, 48]",300.72,174,4.56,-0.41
07:35:06,"[294.0, 14]","[293.0, 14]","[301.79, 70]","[311.75, 32]",297.89,130,7.79,-0.57
07:35:07,"[294.0, 15]","[293.0, 15]","[300.91, 66]","[308.22, 51]",297.45,147,6.91,-0.59
07:35:08,"[288.32, 114]","[287.35, 102]","[298.19, 42]","[300.81, 84]",293.25,342,9.87,0.26
07:35:09,"[288.49, 140]","[287.53, 136]","[291.67, 54]","[296.08, 71]",290.08,401,3.18,0.38
07:35:10,"[286.95, 144]","[279.35, 79]","[294.29, 85]","[307.0, 85]",290.62,393,7.34,0.13
07:35:11,"[284.53, 129]","[277.37, 139]","[292.65, 100]","[302.11, 36]",288.59,404,8.12,0.33
07:35:12,"[288.0, 60]","[287.0, 12]","[293.33, 49]","[301.94, 32]",290.66,153,5.33,-0.06
07:35:13,"[288.89, 55]","[286.55, 55]","[301.6, 15]","[303.87, 75]",295.25,200,12.71,0.1
07:35:14,"[289.14, 35]","[284.0, 35]","[299.86, 7]","[304.51, 35]",294.5,112,10.71,0.25
07:35:15,"[290.0, 60]","[284.0, 60]","[297.33, 12]","[303.75, 48]",293.67,180,7.33,0.33
07:35:16,"[290.92, 60]","[284.67, 60]","[296.25, 12]","[303.0, 48]",293.58,180,5.33,0.33
07:35:17,"[291.27, 75]","[285.0, 75]","[294.52, 29]","[301.56, 39]",292.89,218,3.25,0.38
07:35:18,"[292.14, 72]","[284.5, 72]","[294.15, 34]","[297.77, 22]",293.14,200,2.01,0.44
07:35:19,"[293.0, 12]","[283.6, 10]","[302.0, 6]","[303.0, 24]",297.5,52,9.0,-0.15
07:35:20,"[295.33, 30]","[289.39, 33]","[301.61, 18]","[302.96, 48]",298.47,129,6.28,-0.02
07:35:21,"[297.2, 40]","[294.93, 30]","[302.28, 36]","[303.06, 51]",299.74,157,5.08,-0.11
07:35:22,"[297.62, 21]","[295.67, 12]","[302.68, 38]","[303.4, 20]",300.15,91,5.07,-0.27
07:35:23,"[298.9, 20]","[296.0, 10]","[303.0, 40]","[304.0, 10]",300.95,80,4.1,-0.25
07:35:24,"[301.0, 18]","[296.0, 9]","[304.48, 33]","[306.53, 30]",302.74,90,3.48,-0.4
07:35:25,"[301.0, 14]","[296.0, 7]","[305.0, 28]","[307.0, 28]",303.0,77,4.0,-0.45
07:35:26,"[297.8, 80]","[288.34, 32]","[304.4, 35]","[305.5, 80]",301.1,227,6.6,-0.01
07:35:27,"[294.65, 34]","[284.82, 73]","[299.31, 13]","[304.72, 43]",296.98,163,4.66,0.31
07:35:28,"[287.53, 19]","[284.98, 85]","[290.23, 13]","[293.31, 13]",288.88,130,2.7,0.6
07:35:29,"[285.0, 84]","[283.0, 12]","[289.43, 14]","[298.39, 23]",287.21,133,4.43,0.44
07:35:30,"[285.19, 43]","[284.47, 19]","[300.18, 22]","[304.62, 32]",292.68,116,15.0,0.07
07:35:31,"[286.39, 80]","[285.49, 51]","[300.05, 21]","[304.24, 45]",293.22,197,13.66,0.33
07:35:32,"[288.64, 22]","[286.37, 43]","[302.0, 7]","[303.71, 28]",295.32,100,13.36,0.3
07:35:33,"[290.9, 40]","[286.0, 70]","[302.0, 10]","[303.0, 40]",296.45,160,11.1,0.38
07:35:34,"[293.56, 18]","[288.67, 24]","[302.0, 6]","[303.0, 24]",297.78,72,8.44,0.17
07:35:35,"[295.43, 28]","[294.0, 9]","[302.0, 9]","[303.0, 36]",298.71,82,6.57,-0.1
07:35:36,"[297.29, 21]","[294.9, 20]","[302.0, 7]","[303.0, 28]",299.64,76,4.71,0.08
07:35:37,"[298.0, 18]","[296.0, 18]","[302.0, 14]","[303.83, 24]",300.0,74,4.0,-0.03
07:35:38,"[298.0, 27]","[296.0, 27]","[301.15, 33]","[302.89, 27]",299.58,114,3.15,-0.05
07:35:39,"[296.2, 30]","[295.03, 111]","[299.95, 38]","[301.64, 22]",298.07,201,3.75,0.4
07:35:40,"[297.45, 146]","[296.0, 51]","[299.0, 34]","[300.0, 68]",298.22,299,1.55,0.32
07:35:41,"[298.0, 102]","[296.0, 54]","[299.83, 36]","[300.92, 51]",298.92,243,1.83,0.28
07:35:42,"[298.0, 30]","[295.48, 115]","[301.31, 39]","[303.25, 24]",299.65,208,3.31,0.39
07:35:43,"[298.0, 18]","[296.0, 72]","[299.56, 27]","[303.0, 18]",298.78,135,1.56,0.33
07:35:44,"[298.0, 28]","[296.0, 112]","[301.4, 35]","[308.09, 33]",299.7,208,3.4,0.35
07:35:45,"[296.46, 71]","[295.48, 138]","[305.0, 32]","[307.41, 78]",300.73,319,8.54,0.31
07:35:46,"[296.0, 96]","[295.0, 144]","[305.0, 24]","[307.0, 60]",300.5,324,9.0,0.48
07:35:47,"[296.71, 28]","[295.31, 52]","[305.0, 10]","[307.0, 25]",300.86,115,8.29,0.39
07:35:48,"[301.0, 16]","[296.0, 96]","[305.0, 24]","[307.0, 60]",303.0,196,4.0,0.14
07:35:49,"[301.0, 12]","[296.0, 96]","[306.76, 51]","[314.6, 45]",303.88,204,5.76,0.06
07:35:50,"[301.0, 12]","[296.0, 96]","[305.0, 48]","[309.5, 60]",303.0,216,4.0,0.0
07:35:51,"[301.0, 5]","[296.0, 40]","[305.0, 20]","[310.0, 25]",303.0,90,4.0,0.0
07:35:52,"[301.0, 9]","[296.0, 72]","[305.0, 36]","[310.0, 45]",303.0,162,4.0,0.0
07:35:53,"[301.0, 6]","[296.0, 48]","[305.0, 24]","[310.0, 30]",303.0,108,4.0,0.0
07:35:54,"[301.0, 5]","[296.0, 40]","[305.0, 20]","[310.0, 25]",303.0,90,4.0,0.0
07:35:55,"[301.0, 8]","[296.0, 64]","[305.0, 32]","[310.0, 40]",303.0,144,4.0,0.0
07:35:56,"[296.91, 22]","[295.84, 38]","[305.0, 28]","[310.0, 35]",300.95,123,8.09,-0.02
07:35:57,"[296.0, 78]","[295.0, 26]","[304.38, 52]","[307.19, 57]",300.19,213,8.38,-0.02
07:35:58,"[296.07, 58]","[295.4, 30]","[304.0, 44]","[305.0, 44]",300.03,176,7.93,0.0
07:35:59,"[296.05, 88]","[295.3, 40]","[303.38, 64]","[305.62, 64]",299.71,256,7.33,0.0
07:36:00,"[296.0, 48]","[295.0, 16]","[303.0, 32]","[305.0, 32]",299.5,128,7.0,0.0
07:36:01,"[296.0, 91]","[294.03, 136]","[301.85, 53]","[304.32, 38]",298.92,318,5.85,0.43
07:36:02,"[294.62, 96]","[293.9, 116]","[297.5, 40]","[299.57, 28]",296.06,280,2.88,0.51
07:36:03,"[294.0, 136]","[292.0, 14]","[295.02, 40]","[303.6, 43]",294.51,233,1.02,0.29
07:36:04,"[294.0, 130]","[292.0, 11]","[300.62, 37]","[305.83, 48]",297.31,226,6.62,0.25
07:36:05,"[294.12, 85]","[293.94, 155]","[296.41, 22]","[304.38, 58]",295.26,320,2.29,0.5
07:36:06,"[294.29, 21]","[293.98, 91]","[299.6, 10]","[305.56, 27]",296.94,149,5.31,0.5
07:36:07,"[294.0, 50]","[292.0, 5]","[304.38, 21]","[308.18, 22]",299.19,98,10.38,0.12
07:36:08,"[294.0, 100]","[292.0, 10]","[303.95, 66]","[309.31, 61]",298.98,237,9.95,-0.07
07:36:09,"[294.0, 100]","[292.0, 10]","[302.9, 30]","[304.2, 40]",298.45,180,8.9,0.22
07:36:10,"[294.0, 110]","[292.0, 11]","[301.82, 33]","[305.0, 44]",297.91,198,7.82,0.22
07:36:11,"[294.0, 110]","[292.0, 11]","[300.55, 33]","[305.0, 74]",297.27,228,6.55,0.06
07:36:12,"[294.0, 140]","[292.0, 14]","[298.5, 42]","[305.0, 95]",296.25,291,4.5,0.06
07:36:13,"[294.0, 172]","[292.0, 13]","[296.92, 39]","[305.55, 49]",295.46,273,2.92,0.36
07:36:14,"[294.0, 158]","[292.0, 10]","[295.1, 30]","[300.2, 30]",294.55,228,1.1,0.47
07:36:15,"[294.0, 133]","[292.0, 11]","[300.73, 33]","[309.35, 46]",297.36,223,6.73,0.29
07:36:16,"[294.0, 132]","[292.0, 12]","[302.11, 45]","[304.13, 38]",298.06,227,8.11,0.27
07:36:17,"[294.0, 110]","[292.0, 10]","[299.1, 30]","[304.0, 30]",296.55,180,5.1,0.33
07:36:18,"[294.0, 101]","[287.09, 22]","[299.0, 30]","[304.0, 30]",296.5,183,5.0,0.34
07:36:19,"[294.0, 141]","[286.0, 42]","[298.0, 42]","[305.57, 54]",296.0,279,4.0,0.31
07:36:20,"[292.99, 71]","[287.85, 39]","[296.9, 30]","[305.0, 50]",294.94,190,3.91,0.16
07:36:21,"[292.14, 180]","[288.59, 74]","[295.5, 54]","[303.52, 73]",293.82,381,3.36,0.33
07:36:22,"[293.76, 66]","[291.56, 110]","[298.5, 48]","[303.45, 62]",296.13,286,4.74,0.23
07:36:23,"[292.0, 96]","[284.8, 20]","[303.23, 22]","[305.16, 58]",297.61,196,11.23,0.18
07:36:24,"[292.0, 89]","[286.0, 12]","[301.06, 53]","[302.73, 30]",296.53,184,9.06,0.1
07:36:25,"[292.72, 54]","[291.61, 46]","[299.24, 17]","[300.23, 65]",295.98,182,6.51,0.1
07:36:26,"[294.14, 28]","[292.0, 98]","[298.0, 14]","[301.62, 53]",296.07,193,3.86,0.31
07:36:27,"[293.28, 76]","[290.78, 64]","[297.89, 19]","[301.0, 38]",295.59,197,4.62,0.42
07:36:28,"[292.0, 49]","[287.0, 21]","[297.0, 7]","[300.43, 14]",294.5,91,5.0,0.54
07:36:29,"[292.0, 21]","[287.0, 9]","[297.0, 3]","[300.0, 6]",294.5,39,5.0,0.54
07:36:30,"[292.33, 84]","[290.36, 73]","[297.0, 15]","[300.0, 30]",294.67,202,4.67,0.55
07:36:31,"[293.7, 40]","[292.0, 70]","[295.2, 10]","[299.2, 20]",294.45,140,1.5,0.57
07:36:32,"[294.0, 49]","[292.0, 98]","[297.0, 21]","[302.0, 42]",295.5,210,3.0,0.4
07:36:33,"[294.0, 24]","[292.0, 56]","[297.29, 28]","[302.0, 24]",295.64,132,3.29,0.21
07:36:34,"[295.49, 51]","[293.33, 63]","[297.0, 90]","[298.0, 36]",296.25,240,1.51,-0.05
07:36:35,"[296.0, 23]","[292.0, 49]","[297.0, 23]","[298.0, 14]",296.5,109,1.0,0.32
07:36:36,"[293.25, 51]","[289.95, 65]","[297.0, 26]","[298.0, 26]",295.13,168,3.75,0.38
07:36:37,"[293.2, 90]","[288.76, 59]","[296.0, 90]","[297.0, 36]",294.6,275,2.8,0.08
07:36:38,"[292.55, 44]","[290.8, 30]","[297.64, 33]","[301.13, 15]",295.09,122,5.09,0.21
07:36:39,"[292.0, 24]","[288.57, 21]","[299.0, 18]","[303.0, 9]",295.5,72,7.0,0.25
07:36:40,"[292.0, 18]","[284.0, 45]","[297.7, 20]","[299.73, 11]",294.85,94,5.7,0.34
07:36:41,"[284.59, 54]","[283.25, 40]","[296.0, 30]","[298.15, 26]",290.3,150,11.41,0.25
07:36:42,"[284.84, 96]","[283.83, 54]","[286.0, 36]","[297.0, 36]",285.42,222,1.16,0.35
07:36:43,"[285.0, 148]","[284.0, 85]","[286.0, 51]","[297.59, 34]",285.5,318,1.0,0.47
07:36:44,"[285.69, 78]","[284.62, 55]","[297.3, 23]","[300.9, 42]",291.5,198,11.61,0.34
07:36:45,"[287.67, 110]","[285.83, 58]","[296.43, 42]","[300.82, 66]",292.05,276,8.76,0.22
07:36:46,"[293.84, 45]","[292.22, 54]","[299.0, 24]","[301.0, 48]",296.42,171,5.16,0.16
07:36:47,"[295.68, 50]","[293.88, 80]","[298.68, 38]","[300.79, 58]",297.18,226,3.0,0.15
07:36:48,"[294.0, 75]","[292.0, 75]","[296.0, 52]","[297.42, 38]",295.0,240,2.0,0.25
07:36:49,"[294.0, 44]","[292.0, 70]","[295.0, 56]","[302.33, 42]",294.5,212,1.0,0.08
07:36:50,"[292.63, 19]","[287.0, 40]","[301.25, 32]","[305.62, 32]",296.94,123,8.62,-0.04
07:36:51,"[289.38, 16]","[284.64, 25]","[304.5, 36]","[305.26, 76]",296.94,153,15.12,-0.46
07:36:52,"[293.0, 26]","[291.0, 13]","[302.08, 26]","[305.0, 104]",297.54,169,9.08,-0.54
07:36:53,"[291.41, 34]","[288.12, 24]","[301.27, 30]","[306.38, 126]",296.34,214,9.85,-0.46
07:36:54,"[284.0, 108]","[283.0, 88]","[292.04, 51]","[301.82, 62]",288.02,309,8.04,0.27
07:36:55,"[284.0, 78]","[283.0, 64]","[287.31, 26]","[288.57, 21]",285.65,189,3.31,0.5
07:36:56,"[284.77, 94]","[283.83, 81]","[286.61, 23]","[287.59, 29]",285.69,227,1.84,0.54
07:36:57,"[284.47, 75]","[282.71, 63]","[287.69, 35]","[292.73, 55]",286.08,228,3.22,0.21
07:36:58,"[284.55, 49]","[281.28, 53]","[289.0, 39]","[298.0, 65]",286.78,206,4.45,-0.01
07:36:59,"[292.5, 42]","[285.91, 22]","[298.0, 50]","[300.0, 20]",295.25,134,5.5,-0.04
07:37:00,"[295.51, 41]","[292.96, 47]","[298.0, 55]","[300.0, 22]",296.76,165,2.49,0.07
07:37:01,"[296.0, 27]","[295.0, 45]","[298.0, 45]","[300.0, 18]",297.0,135,2.0,0.07
07:37:02,"[296.0, 36]","[295.0, 60]","[298.0, 60]","[300.0, 24]",297.0,180,2.0,0.07
07:37:03,"[296.0, 33]","[295.0, 55]","[298.0, 43]","[300.0, 22]",297.0,153,2.0,0.15
07:37:04,"[296.68, 37]","[295.51, 41]","[298.0, 33]","[300.0, 22]",297.34,133,1.32,0.17
07:37:05,"[296.43, 14]","[295.0, 22]","[298.0, 30]","[300.0, 20]",297.21,86,1.57,-0.16
07:37:06,"[296.0, 5]","[294.98, 49]","[298.0, 24]","[300.0, 10]",297.0,88,2.0,0.23
07:37:07,"[296.0, 11]","[295.0, 132]","[298.0, 39]","[300.0, 22]",297.0,204,2.0,0.4
07:37:08,"[296.0, 6]","[295.0, 72]","[298.0, 18]","[300.0, 12]",297.0,108,2.0,0.44
07:37:09,"[296.27, 11]","[295.03, 99]","[298.0, 32]","[300.0, 22]",297.14,164,1.73,0.34
07:37:10,"[296.0, 14]","[295.0, 168]","[298.43, 23]","[301.74, 43]",297.22,248,2.43,0.47
07:37:11,"[296.0, 9]","[295.0, 108]","[300.0, 9]","[303.0, 45]",298.0,171,4.0,0.37
07:37:12,"[296.0, 8]","[295.0, 96]","[298.4, 20]","[302.5, 24]",297.2,148,2.4,0.41
07:37:13,"[295.01, 121]","[294.55, 22]","[298.0, 44]","[302.08, 26]",296.5,213,2.99,0.34
07:37:14,"[295.0, 96]","[294.0, 8]","[298.0, 32]","[303.0, 38]",296.5,174,3.0,0.2
07:37:15,"[295.0, 156]","[294.0, 13]","[297.24, 34]","[298.5, 40]",296.12,243,2.24,0.39
07:37:16,"[295.6, 218]","[294.93, 108]","[300.37, 35]","[301.8, 35]",297.98,396,4.78,0.65
07:37:17,"[296.0, 104]","[295.0, 80]","[298.43, 14]","[299.8, 10]",297.21,208,2.43,0.77
07:37:18,"[296.0, 108]","[295.0, 160]","[297.67, 24]","[298.33, 24]",296.83,316,1.67,0.7
07:37:19,"[296.0, 37]","[295.0, 140]","[302.22, 23]","[303.38, 34]",299.11,234,6.22,0.51
07:37:20,"[296.0, 22]","[295.0, 110]","[303.0, 22]","[304.0, 44]",299.5,198,7.0,0.33
07:37:21,"[296.0, 34]","[295.0, 170]","[302.06, 34]","[304.84, 76]",299.03,314,6.06,0.3
07:37:22,"[296.0, 26]","[295.0, 130]","[300.0, 26]","[305.0, 52]",298.0,234,4.0,0.33
07:37:23,"[296.0, 11]","[295.0, 100]","[305.22, 36]","[308.06, 47]",300.61,194,9.22,0.14
07:37:24,"[296.0, 11]","[295.0, 110]","[304.25, 48]","[305.18, 44]",300.12,213,8.25,0.14
07:37:25,"[297.09, 11]","[295.03, 72]","[303.44, 36]","[305.0, 36]",300.27,155,6.35,0.07
07:37:26,"[295.03, 66]","[293.83, 59]","[300.76, 68]","[302.59, 68]",297.9,261,5.73,-0.04
07:37:27,"[294.0, 49]","[293.0, 52]","[298.0, 52]","[299.0, 52]",296.0,205,4.0,-0.01
07:37:28,"[294.52, 50]","[293.62, 64]","[297.06, 64]","[299.29, 49]",295.79,227,2.54,0.0
07:37:29,"[295.0, 12]","[294.0, 48]","[297.0, 48]","[304.0, 48]",296.0,156,2.0,-0.23
07:37:30,"[295.0, 9]","[294.0, 36]","[296.78, 36]","[304.0, 36]",295.89,117,1.78,-0.23
07:37:31,"[295.0, 11]","[294.0, 44]","[296.0, 24]","[304.33, 45]",295.5,124,1.0,-0.11
07:37:32,"[294.02, 49]","[292.11, 72]","[297.56, 32]","[305.71, 56]",295.79,209,3.54,0.16
07:37:33,"[294.0, 17]","[292.11, 61]","[304.23, 52]","[308.71, 28]",299.12,158,10.23,-0.01
07:37:34,"[294.0, 9]","[293.0, 9]","[304.78, 9]","[308.81, 26]",299.39,53,10.78,-0.32
07:37:35,"[294.0, 11]","[293.0, 11]","[303.0, 11]","[306.0, 11]",298.5,44,9.0,0.0
07:37:36,"[294.0, 9]","[293.0, 9]","[303.0, 9]","[306.0, 9]",298.5,36,9.0,0.0
07:37:37,"[292.0, 75]","[284.33, 45]","[300.96, 57]","[303.2, 15]",296.48,192,8.96,0.25
07:37:38,"[292.0, 60]","[283.0, 36]","[299.42, 48]","[303.0, 12]",295.71,156,7.42,0.23
07:37:39,"[292.0, 55]","[283.0, 33]","[299.0, 33]","[303.84, 19]",295.5,140,7.0,0.26
07:37:40,"[292.0, 95]","[282.96, 55]","[296.32, 69]","[298.53, 58]",294.16,277,4.32,0.08
07:37:41,"[292.0, 39]","[287.96, 23]","[294.76, 59]","[296.74, 47]",293.38,168,2.76,-0.26
07:37:42,"[291.97, 59]","[290.6, 25]","[293.53, 45]","[295.59, 34]",292.75,163,1.57,0.03
07:37:43,"[292.0, 142]","[291.0, 34]","[293.11, 36]","[295.48, 44]",292.56,256,1.11,0.38
07:37:44,"[292.0, 60]","[291.0, 20]","[293.0, 20]","[302.0, 10]",292.5,110,1.0,0.45
07:37:45,"[296.0, 20]","[291.91, 44]","[300.62, 13]","[305.93, 56]",298.31,133,4.62,-0.04
07:37:46,"[300.0, 11]","[297.0, 44]","[302.0, 11]","[306.0, 55]",301.0,121,2.0,-0.09
07:37:47,"[299.33, 12]","[298.83, 48]","[302.0, 5]","[306.0, 25]",300.67,90,2.67,0.33
07:37:48,"[299.0, 41]","[297.0, 28]","[302.0, 7]","[306.0, 35]",300.5,111,3.0,0.24
07:37:49,"[299.0, 50]","[297.0, 40]","[302.0, 10]","[306.0, 50]",300.5,150,3.0,0.2
07:37:50,"[299.0, 17]","[296.79, 28]","[302.0, 9]","[306.0, 45]",300.5,99,3.0,-0.09
07:37:51,"[297.69, 32]","[296.48, 40]","[301.32, 19]","[305.5, 50]",299.5,141,3.63,0.02
07:37:52,"[297.0, 27]","[294.0, 14]","[302.86, 14]","[306.47, 36]",299.93,91,5.86,-0.1
07:37:53,"[298.0, 52]","[297.0, 13]","[306.68, 31]","[307.1, 73]",302.34,169,8.68,-0.23
07:37:54,"[297.86, 28]","[295.8, 10]","[306.6, 20]","[307.07, 56]",302.23,114,8.74,-0.33
07:37:55,"[297.0, 14]","[294.19, 16]","[306.0, 39]","[307.34, 59]",301.5,128,9.0,-0.53
07:37:56,"[295.56, 25]","[294.78, 27]","[305.63, 41]","[306.63, 46]",300.6,139,10.07,-0.25
07:37:57,"[295.0, 39]","[294.0, 13]","[302.31, 16]","[304.02, 49]",298.66,117,7.31,-0.11
07:37:58,"[295.0, 45]","[294.0, 15]","[298.93, 27]","[300.17, 48]",296.96,135,3.93,-0.11
07:37:59,"[295.0, 33]","[294.0, 11]","[297.0, 11]","[298.0, 44]",296.0,99,2.0,-0.11
07:38:00,"[294.58, 19]","[293.33, 12]","[303.14, 56]","[305.87, 31]",298.86,118,8.56,-0.47
07:38:01,"[286.5, 22]","[289.4, 10]","[306.0, 50]","[307.0, 30]",296.25,112,19.5,-0.43
07:38:02,"[283.0, 39]","[281.0, 13]","[288.48, 23]","[303.1, 42]",285.74,117,5.48,-0.11
07:38:03,"[283.0, 42]","[281.0, 14]","[284.59, 29]","[285.32, 37]",283.79,122,1.59,-0.08
07:38:04,"[283.0, 21]","[281.0, 7]","[285.0, 7]","[289.0, 7]",284.0,42,2.0,0.33
07:38:05,"[283.0, 18]","[279.33, 6]","[285.0, 6]","[289.0, 6]",284.0,36,2.0,0.33
07:38:06,"[283.0, 39]","[280.97, 145]","[285.0, 13]","[287.6, 20]",284.0,217,2.0,0.7
07:38:07,"[283.0, 29]","[281.0, 169]","[285.53, 15]","[287.17, 24]",284.27,237,2.53,0.67
07:38:08,"[283.0, 13]","[281.0, 169]","[287.0, 26]","[289.0, 13]",285.0,221,4.0,0.65
07:38:09,"[281.1, 96]","[280.21, 107]","[286.8, 20]","[288.0, 16]",283.95,239,5.7,0.7
07:38:10,"[281.08, 149]","[280.08, 144]","[285.1, 20]","[287.19, 31]",283.09,344,4.02,0.7
07:38:11,"[283.91, 70]","[281.19, 86]","[287.0, 28]","[289.0, 14]",285.46,198,3.09,0.58
07:38:12,"[284.0, 80]","[282.0, 10]","[287.0, 20]","[289.0, 10]",285.5,120,3.0,0.5
07:38:13,"[285.0, 62]","[281.0, 14]","[286.59, 37]","[288.29, 17]",285.8,130,1.59,0.17
07:38:14,"[286.11, 65]","[279.06, 48]","[287.52, 27]","[290.24, 17]",286.81,157,1.41,0.44
07:38:15,"[290.82, 33]","[285.69, 35]","[295.79, 33]","[296.94, 81]",293.3,182,4.97,-0.25
07:38:16,"[294.55, 20]","[292.16, 25]","[296.0, 30]","[297.89, 45]",295.27,120,1.45,-0.25
07:38:17,"[295.5, 16]","[294.2, 10]","[297.25, 32]","[298.78, 23]",296.38,81,1.75,-0.36
07:38:18,"[295.96, 46]","[294.85, 13]","[297.81, 69]","[330.82, 51]",296.88,179,1.86,-0.34
07:38:19,"[295.0, 10]","[294.0, 10]","[301.0, 70]","[503.11, 18]",298.0,108,6.0,-0.63
07:38:20,"[292.29, 21]","[291.07, 29]","[300.8, 40]","[332.18, 40]",296.54,130,8.51,-0.23
07:38:21,"[293.79, 38]","[292.09, 33]","[297.39, 18]","[301.82, 91]",295.59,180,3.6,-0.21
07:38:22,"[293.0, 20]","[291.88, 25]","[296.0, 12]","[302.7, 66]",294.5,123,3.0,-0.27
07:38:23,"[292.79, 28]","[290.77, 40]","[295.57, 14]","[302.89, 53]",294.18,135,2.79,0.01
07:38:24,"[292.15, 65]","[291.15, 41]","[301.0, 17]","[303.0, 85]",296.58,208,8.85,0.02
07:38:25,"[292.69, 52]","[292.28, 32]","[301.0, 13]","[303.0, 65]",296.85,162,8.31,0.04
07:38:26,"[292.0, 168]","[291.0, 36]","[301.0, 12]","[304.25, 60]",296.5,276,9.0,0.48
07:38:27,"[292.0, 98]","[291.0, 21]","[299.0, 9]","[305.84, 31]",295.5,159,7.0,0.5
07:38:28,"[292.0, 84]","[291.0, 18]","[298.5, 8]","[304.85, 26]",295.25,136,6.5,0.5
07:38:29,"[292.0, 182]","[291.0, 39]","[300.0, 13]","[305.23, 65]",296.0,299,8.0,0.48
07:38:30,"[292.0, 182]","[291.0, 39]","[300.0, 13]","[306.0, 65]",296.0,299,8.0,0.48
07:38:31,"[292.0, 84]","[291.0, 18]","[300.0, 6]","[306.0, 30]",296.0,138,8.0,0.48
07:38:32,"[297.15, 46]","[292.71, 55]","[300.0, 16]","[340.67, 60]",298.58,177,2.85,0.14
07:38:33,"[293.24, 90]","[292.06, 49]","[300.0, 13]","[605.54, 65]",296.62,217,6.76,0.28
07:38:34,"[292.0, 156]","[291.0, 36]","[300.0, 12]","[546.0, 60]",296.0,264,8.0,0.45
07:38:35,"[292.0, 111]","[291.0, 42]","[299.31, 26]","[397.83, 46]",295.65,225,7.31,0.36
07:38:36,"[292.0, 60]","[291.0, 36]","[298.26, 38]","[299.57, 14]",295.13,148,6.26,0.3
07:38:37,"[292.0, 40]","[291.0, 24]","[296.5, 24]","[300.0, 8]",294.25,96,4.5,0.33
07:38:38,"[292.0, 45]","[291.0, 27]","[294.78, 27]","[295.78, 27]",293.39,126,2.78,0.14
07:38:39,"[292.0, 40]","[290.77, 26]","[293.12, 24]","[294.12, 24]",292.56,114,1.12,0.16
07:38:40,"[291.03, 39]","[286.5, 16]","[292.92, 39]","[299.78, 27]",291.97,121,1.9,-0.09
07:38:41,"[289.0, 15]","[283.5, 20]","[291.9, 30]","[300.9, 42]",290.45,107,2.9,-0.35
07:38:42,"[283.4, 25]","[281.46, 65]","[299.59, 58]","[312.08, 83]",291.49,231,16.19,-0.22
07:38:43,"[283.0, 24]","[281.0, 60]","[294.67, 24]","[297.74, 35]",288.83,143,11.67,0.17
07:38:44,"[284.2, 30]","[281.84, 73]","[293.14, 21]","[294.49, 47]",288.67,171,8.94,0.2
07:38:45,"[283.03, 31]","[282.03, 77]","[291.25, 16]","[294.15, 39]",287.14,163,8.22,0.33
07:38:46,"[285.0, 7]","[281.0, 31]","[291.92, 13]","[293.88, 32]",288.46,83,6.92,-0.08
07:38:47,"[287.42, 19]","[280.74, 53]","[292.0, 14]","[294.0, 35]",289.71,121,4.58,0.19
07:38:48,"[281.14, 43]","[279.35, 92]","[291.82, 22]","[293.84, 49]",286.48,206,10.68,0.31
07:38:49,"[280.73, 99]","[279.63, 123]","[288.8, 50]","[290.62, 32]",284.76,304,8.07,0.46
07:38:50,"[281.0, 54]","[280.0, 81]","[285.09, 22]","[286.25, 32]",283.05,189,4.09,0.43
07:38:51,"[281.57, 28]","[280.11, 111]","[284.0, 24]","[286.0, 52]",282.79,215,2.43,0.29
07:38:52,"[283.0, 14]","[280.73, 66]","[285.25, 24]","[286.59, 51]",284.12,155,2.25,0.03
07:38:53,"[283.0, 12]","[280.18, 88]","[286.0, 36]","[288.0, 36]",284.5,172,3.0,0.16
07:38:54,"[284.81, 16]","[280.0, 144]","[286.0, 48]","[288.0, 48]",285.41,256,1.19,0.25
07:38:55,"[279.27, 44]","[277.81, 96]","[286.0, 32]","[288.0, 36]",282.64,208,6.73,0.35
07:38:56,"[278.0, 45]","[275.0, 30]","[286.0, 10]","[288.0, 15]",282.0,100,8.0,0.5
07:38:57,"[278.0, 45]","[275.0, 30]","[286.0, 10]","[288.0, 15]",282.0,100,8.0,0.5
07:38:58,"[278.29, 42]","[276.59, 51]","[286.0, 14]","[288.0, 21]",282.14,128,7.71,0.45
07:38:59,"[278.04, 92]","[274.74, 73]","[286.0, 22]","[288.0, 33]",282.02,220,7.96,0.5
07:39:00,"[277.11, 81]","[274.0, 54]","[286.0, 18]","[288.0, 27]",281.56,180,8.89,0.5
07:39:01,"[277.0, 117]","[274.0, 78]","[286.0, 26]","[288.0, 39]",281.5,260,9.0,0.5
07:39:02,"[278.03, 34]","[275.03, 220]","[288.41, 34]","[289.56, 54]",283.22,342,10.38,0.49
07:39:03,"[280.82, 17]","[275.39, 158]","[291.0, 51]","[292.0, 85]",285.91,311,10.18,0.13
07:39:04,"[281.3, 10]","[276.0, 100]","[291.94, 48]","[293.69, 32]",286.62,190,10.64,0.16
07:39:05,"[277.73, 40]","[275.59, 102]","[289.23, 83]","[291.85, 82]",283.48,307,11.5,-0.07
07:39:06,"[279.4, 30]","[278.76, 21]","[282.0, 31]","[290.0, 85]",280.7,167,2.6,-0.39
07:39:07,"[281.0, 6]","[280.0, 12]","[282.0, 6]","[288.22, 18]",281.5,42,1.0,-0.14
07:39:08,"[280.0, 14]","[272.3, 40]","[285.71, 17]","[289.75, 32]",282.85,103,5.71,0.05
07:39:09,"[280.0, 26]","[272.69, 39]","[284.54, 65]","[286.0, 26]",282.27,156,4.54,-0.17
07:39:10,"[280.31, 26]","[275.0, 13]","[284.0, 65]","[286.0, 26]",282.15,130,3.69,-0.4
07:39:11,"[282.13, 30]","[275.0, 15]","[284.0, 75]","[286.0, 30]",283.07,150,1.87,-0.4
07:39:12,"[276.53, 30]","[272.87, 31]","[284.0, 41]","[286.0, 22]",280.27,124,7.47,-0.02
07:39:13,"[274.0, 54]","[273.0, 9]","[284.0, 27]","[286.0, 18]",279.0,108,10.0,0.17
07:39:14,"[274.0, 54]","[273.0, 9]","[284.0, 27]","[286.0, 18]",279.0,108,10.0,0.17
07:39:15,"[275.0, 132]","[273.96, 56]","[284.0, 30]","[286.0, 22]",279.5,240,9.0,0.57
07:39:16,"[275.86, 84]","[274.71, 42]","[284.0, 16]","[286.0, 18]",279.93,160,8.14,0.57
07:39:17,"[282.41, 128]","[279.9, 41]","[289.5, 36]","[289.33, 36]",285.95,241,7.09,0.4
07:39:18,"[275.48, 54]","[271.26, 27]","[292.0, 96]","[295.0, 48]",283.74,225,16.52,-0.28
07:39:19,"[275.8, 165]","[271.12, 48]","[291.74, 105]","[294.0, 72]",283.77,390,15.94,0.09
07:39:20,"[277.0, 143]","[273.0, 17]","[289.0, 39]","[292.0, 85]",283.0,284,12.0,0.13
07:39:21,"[277.04, 69]","[274.07, 41]","[289.0, 21]","[292.0, 35]",283.02,166,11.96,0.33
07:39:22,"[279.17, 113]","[277.73, 41]","[289.0, 33]","[292.0, 55]",284.08,242,9.83,0.27
07:39:23,"[280.07, 117]","[275.55, 53]","[288.17, 48]","[291.09, 69]",284.12,287,8.1,0.18
07:39:24,"[278.75, 36]","[273.38, 47]","[289.0, 12]","[292.0, 108]",283.88,203,10.25,-0.18
07:39:25,"[282.16, 57]","[277.85, 65]","[289.0, 19]","[292.0, 171]",285.58,312,6.84,-0.22
07:39:26,"[281.36, 42]","[272.1, 166]","[288.31, 29]","[291.83, 86]",284.83,323,6.95,0.29
07:39:27,"[284.15, 39]","[278.37, 38]","[288.0, 52]","[289.0, 13]",286.08,142,3.85,0.08
07:39:28,"[285.07, 29]","[279.0, 130]","[288.0, 52]","[289.0, 13]",286.53,224,2.93,0.42
07:39:29,"[276.86, 57]","[276.88, 138]","[288.0, 54]","[289.0, 15]",282.43,264,11.14,0.48
07:39:30,"[275.29, 34]","[273.23, 71]","[288.0, 24]","[289.0, 8]",281.65,137,12.71,0.53
07:39:31,"[278.21, 28]","[273.0, 114]","[288.0, 42]","[290.3, 23]",283.11,207,9.79,0.37
07:39:32,"[279.0, 20]","[272.03, 77]","[288.57, 14]","[291.93, 82]",283.79,193,9.57,0.01
07:39:33,"[283.5, 24]","[281.85, 27]","[289.0, 9]","[292.0, 90]",286.25,150,5.5,-0.32
07:39:34,"[284.0, 14]","[276.14, 7]","[289.0, 7]","[292.0, 70]",286.5,98,5.0,-0.57
07:39:35,"[285.89, 18]","[277.0, 9]","[289.0, 9]","[292.0, 90]",287.44,126,3.11,-0.57
07:39:36,"[286.79, 28]","[277.8, 15]","[289.0, 14]","[292.0, 140]",287.89,197,2.21,-0.56
07:39:37,"[287.46, 41]","[284.93, 56]","[291.47, 60]","[293.19, 118]",289.47,275,4.0,-0.29
07:39:38,"[275.0, 15]","[273.65, 17]","[291.5, 48]","[292.95, 88]",283.25,168,16.5,-0.62
07:39:39,"[275.31, 13]","[273.36, 11]","[291.0, 22]","[296.25, 48]",283.15,94,15.69,-0.49
07:39:40,"[276.85, 13]","[275.87, 23]","[291.03, 29]","[294.31, 52]",283.94,117,14.19,-0.38
07:39:41,"[277.0, 33]","[276.0, 40]","[286.07, 59]","[287.92, 72]",281.53,204,9.07,-0.28
07:39:42,"[277.5, 12]","[276.4, 10]","[290.0, 12]","[292.0, 18]",283.75,52,12.5,-0.15
07:39:43,"[278.33, 15]","[277.95, 42]","[289.73, 11]","[291.33, 18]",284.03,86,11.39,0.33
07:39:44,"[280.14, 28]","[278.71, 21]","[292.48, 27]","[389.88, 32]",286.31,108,12.34,-0.09
07:39:45,"[283.2, 50]","[281.57, 70]","[294.0, 45]","[368.49, 47]",288.6,212,10.8,0.13
07:39:46,"[286.15, 26]","[284.87, 38]","[293.0, 14]","[294.0, 42]",289.58,120,6.85,0.07
07:39:47,"[290.13, 23]","[288.6, 20]","[292.09, 11]","[310.15, 39]",291.11,93,1.96,-0.08
07:39:48,"[291.46, 46]","[286.43, 35]","[329.86, 35]","[474.08, 49]",310.66,165,38.4,-0.02
07:39:49,"[294.01, 69]","[287.92, 91]","[377.84, 62]","[552.4, 60]",335.93,282,83.82,0.13
07:39:50,"[296.26, 38]","[292.48, 21]","[478.85, 65]","[579.89, 57]",387.55,181,182.58,-0.35
07:39:51,"[300.76, 21]","[298.7, 46]","[491.0, 80]","[535.94, 54]",395.88,201,190.24,-0.33
07:39:52,"[300.0, 18]","[294.0, 9]","[502.77, 26]","[540.73, 26]",401.38,79,202.77,-0.32
07:39:53,"[300.0, 20]","[294.0, 10]","[389.57, 28]","[414.89, 27]",344.79,85,89.57,-0.29
07:39:54,"[300.0, 16]","[294.0, 8]","[389.0, 16]","[391.0, 24]",344.5,64,89.0,-0.25
07:39:55,"[300.0, 10]","[296.91, 11]","[388.4, 10]","[391.0, 15]",344.2,46,88.4,-0.09
07:39:56,"[300.0, 10]","[298.0, 20]","[379.29, 14]","[388.09, 11]",339.64,55,79.29,0.09
07:39:57,"[300.0, 22]","[298.0, 44]","[381.14, 28]","[389.78, 27]",340.57,121,81.14,0.09
07:39:58,"[300.0, 24]","[298.0, 48]","[353.0, 42]","[389.6, 30]",326.5,144,53.0,0.0
07:39:59,"[300.0, 16]","[298.0, 32]","[385.0, 16]","[408.92, 26]",342.5,90,85.0,0.07
07:40:00,"[300.0, 16]","[298.0, 32]","[329.21, 28]","[368.89, 28]",314.61,104,29.21,-0.08
07:40:01,"[298.67, 36]","[297.33, 36]","[307.44, 45]","[356.14, 37]",303.06,154,8.78,-0.06
07:40:02,"[298.0, 64]","[296.0, 32]","[321.06, 36]","[353.33, 63]",309.53,195,23.06,-0.02
07:40:03,"[297.45, 33]","[294.62, 39]","[311.25, 32]","[312.35, 34]",304.35,138,13.8,0.04
07:40:04,"[296.0, 8]","[294.0, 24]","[307.5, 16]","[310.0, 32]",301.75,80,11.5,-0.2
07:40:05,"[296.0, 12]","[294.0, 36]","[304.94, 36]","[307.0, 36]",300.47,120,8.94,-0.2
07:40:06,"[296.0, 15]","[294.0, 45]","[300.19, 32]","[301.45, 44]",298.09,136,4.19,-0.12
07:40:07,"[292.93, 28]","[292.02, 60]","[297.81, 27]","[298.93, 28]",295.37,143,4.89,0.23
07:40:08,"[292.0, 18]","[291.0, 70]","[293.0, 14]","[298.86, 28]",292.5,130,1.0,0.35
07:40:09,"[291.45, 11]","[290.16, 43]","[295.57, 14]","[299.43, 28]",293.51,96,4.12,0.12
07:40:10,"[293.9, 62]","[290.33, 18]","[298.29, 28]","[300.0, 56]",296.09,164,4.38,-0.02
07:40:11,"[293.91, 35]","[290.84, 19]","[295.79, 38]","[366.23, 52]",294.85,144,1.88,-0.25
07:40:12,"[294.0, 30]","[291.8, 10]","[295.6, 20]","[587.31, 26]",294.8,86,1.6,-0.07
07:40:13,"[293.8, 15]","[290.25, 8]","[356.85, 13]","[564.0, 20]",325.32,56,63.05,-0.18
07:40:14,"[292.0, 8]","[291.0, 8]","[348.62, 24]","[491.11, 36]",320.31,76,56.62,-0.58
07:40:15,"[221.81, 27]","[181.5, 18]","[637.04, 26]","[698.64, 22]",429.43,93,415.22,-0.03
07:40:16,"[298.23, 13]","[290.02, 41]","[562.57, 14]","[632.61, 18]",430.4,86,264.34,0.26
07:40:17,"[301.0, 9]","[300.0, 54]","[487.4, 20]","[555.67, 27]",394.2,110,186.4,0.15
07:40:18,"[301.0, 5]","[300.0, 30]","[377.0, 25]","[466.0, 10]",339.0,70,76.0,0.0
07:40:19,"[300.04, 49]","[298.29, 84]","[374.62, 26]","[376.81, 43]",337.33,202,74.57,0.32
07:40:20,"[300.0, 65]","[298.0, 104]","[372.26, 27]","[373.73, 30]",336.13,226,72.26,0.5
07:40:21,"[300.0, 60]","[298.0, 96]","[366.35, 31]","[367.92, 24]",333.18,211,66.35,0.48
07:40:22,"[300.0, 35]","[298.0, 80]","[318.62, 21]","[331.86, 21]",309.31,157,18.62,0.46
07:40:23,"[297.75, 40]","[296.64, 22]","[301.05, 22]","[302.54, 26]",299.4,110,3.3,0.13
07:40:24,"[297.0, 21]","[295.0, 6]","[298.17, 18]","[300.0, 12]",297.58,57,1.17,-0.05
07:40:25,"[297.0, 6]","[295.0, 6]","[298.0, 18]","[300.0, 12]",297.5,42,1.0,-0.43
07:40:26,"[295.0, 10]","[294.0, 10]","[297.4, 30]","[308.0, 20]",296.2,70,2.4,-0.43
07:40:27,"[294.25, 8]","[293.06, 32]","[303.83, 18]","[403.42, 19]",299.04,77,9.58,0.04
07:40:28,"[294.0, 8]","[293.0, 40]","[308.93, 14]","[554.0, 19]",301.46,81,14.93,0.19
07:40:29,"[299.21, 53]","[293.05, 37]","[305.11, 18]","[307.8, 10]",302.16,118,5.9,0.53
07:40:30,"[300.0, 138]","[294.0, 6]","[304.0, 12]","[308.0, 6]",302.0,162,4.0,0.78
07:40:31,"[300.0, 157]","[294.0, 8]","[303.86, 14]","[306.4, 10]",301.93,189,3.86,0.75
07:40:32,"[300.0, 142]","[294.9, 31]","[301.8, 46]","[303.18, 11]",300.9,230,1.8,0.5
07:40:33,"[300.0, 100]","[295.0, 48]","[301.0, 60]","[304.75, 16]",300.5,224,1.0,0.32
07:40:34,"[296.19, 42]","[294.25, 32]","[303.81, 32]","[575.4, 25]",300.0,131,7.62,0.13
07:40:35,"[294.44, 18]","[293.13, 46]","[303.0, 14]","[304.0, 28]",298.72,106,8.56,0.21
07:40:36,"[294.0, 18]","[293.0, 72]","[302.11, 38]","[357.36, 22]",298.05,150,8.11,0.2
07:40:37,"[294.0, 14]","[293.0, 56]","[300.43, 28]","[302.86, 14]",297.21,112,6.43,0.25
07:40:38,"[294.0, 24]","[293.0, 96]","[299.83, 48]","[304.0, 24]",296.92,192,5.83,0.25
07:40:39,"[294.0, 41]","[293.0, 96]","[297.33, 48]","[304.5, 24]",295.67,209,3.33,0.31
07:40:40,"[294.0, 56]","[293.0, 64]","[296.86, 28]","[348.3, 20]",295.43,168,2.86,0.43
07:40:41,"[294.3, 27]","[293.75, 56]","[307.0, 18]","[408.0, 36]",300.65,137,12.7,0.21
07:40:42,"[294.0, 100]","[293.0, 39]","[307.0, 26]","[413.85, 52]",300.5,217,13.0,0.28
07:40:43,"[294.0, 70]","[293.0, 21]","[307.0, 14]","[552.0, 28]",300.5,133,13.0,0.37
07:40:44,"[294.0, 46]","[293.0, 21]","[307.0, 14]","[552.0, 28]",300.5,109,13.0,0.23
07:40:45,"[294.0, 36]","[293.0, 18]","[307.0, 12]","[509.5, 24]",300.5,90,13.0,0.2
07:40:46,"[294.0, 44]","[293.0, 30]","[307.0, 20]","[425.0, 40]",300.5,134,13.0,0.1
07:40:47,"[294.0, 14]","[293.0, 21]","[307.0, 14]","[356.0, 35]",300.5,84,13.0,-0.17
07:40:48,"[293.84, 19]","[292.6, 40]","[307.0, 18]","[493.62, 40]",300.42,117,13.16,0.01
07:40:49,"[293.0, 13]","[292.0, 144]","[297.48, 42]","[331.62, 21]",295.24,220,4.48,0.43
07:40:50,"[293.0, 5]","[292.0, 95]","[297.0, 25]","[420.88, 16]",295.0,141,4.0,0.42
07:40:51,"[292.19, 26]","[291.91, 116]","[500.33, 30]","[648.0, 30]",396.26,202,208.14,0.41
07:40:52,"[292.18, 114]","[291.14, 115]","[395.18, 34]","[604.4, 50]",343.68,313,103.0,0.46
07:40:53,"[292.23, 71]","[291.41, 93]","[309.0, 27]","[572.22, 45]",300.61,236,16.77,0.39
07:40:54,"[296.0, 28]","[292.62, 52]","[309.0, 36]","[579.83, 60]",302.5,176,13.0,-0.09
07:40:55,"[296.29, 17]","[292.59, 58]","[307.03, 37]","[331.75, 51]",301.66,163,10.73,-0.08
07:40:56,"[293.0, 45]","[292.0, 104]","[303.89, 56]","[305.47, 45]",298.45,250,10.89,0.19
07:40:57,"[293.0, 18]","[292.0, 60]","[300.8, 20]","[301.78, 18]",296.9,116,7.8,0.34
07:40:58,"[293.0, 30]","[292.0, 100]","[296.57, 46]","[297.65, 34]",294.78,210,3.57,0.24
07:40:59,"[292.4, 67]","[291.65, 138]","[294.84, 44]","[296.05, 57]",293.62,306,2.44,0.34
07:41:00,"[292.22, 37]","[291.17, 139]","[294.0, 36]","[299.38, 48]",293.11,260,1.78,0.35
07:41:01,"[293.9, 39]","[292.61, 44]","[302.25, 48]","[538.67, 54]",298.07,185,8.35,-0.1
07:41:02,"[293.34, 32]","[293.12, 8]","[305.0, 18]","[457.33, 12]",299.17,70,11.66,0.14
07:41:03,"[291.0, 136]","[287.24, 38]","[305.0, 24]","[312.12, 16]",298.0,214,14.0,0.63
07:41:04,"[291.0, 204]","[287.0, 60]","[305.0, 36]","[404.61, 36]",298.0,336,14.0,0.57
07:41:05,"[291.0, 57]","[287.0, 25]","[305.0, 15]","[438.0, 25]",298.0,122,14.0,0.34
07:41:06,"[289.82, 40]","[287.63, 49]","[304.3, 40]","[378.66, 41]",297.06,170,14.48,0.05
07:41:07,"[294.0, 32]","[292.0, 16]","[302.8, 60]","[304.76, 50]",298.4,158,8.8,-0.39
07:41:08,"[294.82, 45]","[293.5, 16]","[301.0, 20]","[302.0, 40]",297.91,121,6.18,0.01
07:41:09,"[295.95, 105]","[292.2, 60]","[299.41, 68]","[300.66, 58]",297.68,291,3.46,0.13
07:41:10,"[295.95, 19]","[291.33, 30]","[298.4, 20]","[303.5, 24]",297.17,93,2.45,0.05
07:41:11,"[291.13, 23]","[287.53, 83]","[297.23, 26]","[308.0, 39]",294.18,171,6.1,0.24
07:41:12,"[291.27, 30]","[287.16, 103]","[296.62, 26]","[308.0, 39]",293.94,198,5.35,0.34
07:41:13,"[292.0, 40]","[291.0, 20]","[295.2, 20]","[307.2, 30]",293.6,110,3.2,0.09
07:41:14,"[292.29, 28]","[291.0, 14]","[295.0, 14]","[306.0, 21]",293.64,77,2.71,0.09
07:41:15,"[293.9, 40]","[291.0, 20]","[295.0, 20]","[306.0, 30]",294.45,110,1.1,0.09
07:41:16,"[285.65, 65]","[284.06, 86]","[305.31, 32]","[329.43, 35]",295.48,218,19.67,0.39
07:41:17,"[287.24, 107]","[285.05, 56]","[303.31, 52]","[356.47, 60]",295.28,275,16.06,0.19
07:41:18,"[291.99, 92]","[291.1, 105]","[304.6, 50]","[372.26, 62]",298.29,309,12.61,0.28
07:41:19,"[294.1, 62]","[293.2, 104]","[306.0, 33]","[354.64, 11]",300.05,210,11.9,0.58
07:41:20,"[295.75, 24]","[294.0, 84]","[305.58, 36]","[329.12, 25]",300.67,169,9.83,0.28
07:41:21,"[294.5, 72]","[293.41, 102]","[305.0, 48]","[337.0, 58]",299.75,280,10.5,0.24
07:41:22,"[294.58, 170]","[293.22, 120]","[302.53, 57]","[304.52, 46]",298.55,393,7.95,0.48
07:41:23,"[296.43, 137]","[294.85, 99]","[301.68, 44]","[302.98, 41]",299.06,321,5.25,0.47
07:41:24,"[297.58, 85]","[294.87, 76]","[301.53, 38]","[310.51, 35]",299.55,234,3.95,0.38
07:41:25,"[295.65, 68]","[294.6, 100]","[306.55, 82]","[340.62, 66]",301.1,316,10.9,0.06
07:41:26,"[295.95, 42]","[294.76, 41]","[305.0, 55]","[306.0, 44]",300.48,182,9.05,-0.09
07:41:27,"[293.67, 18]","[292.03, 37]","[305.0, 65]","[306.0, 52]",299.33,172,11.33,-0.36
07:41:28,"[293.63, 19]","[291.91, 44]","[303.57, 70]","[305.1, 83]",298.6,216,9.94,-0.42
07:41:29,"[300.0, 26]","[293.0, 26]","[301.25, 48]","[302.37, 43]",300.62,143,1.25,-0.27
07:41:30,"[298.38, 21]","[293.1, 29]","[301.0, 48]","[304.5, 44]",299.69,142,2.62,-0.3
07:41:31,"[289.27, 11]","[288.88, 17]","[298.74, 38]","[302.76, 21]",294.0,87,9.46,-0.36
07:41:32,"[289.0, 16]","[286.62, 16]","[296.67, 43]","[356.57, 63]",292.84,138,7.67,-0.54
07:41:33,"[289.91, 11]","[284.55, 11]","[295.18, 44]","[538.8, 30]",292.55,96,5.27,-0.54
07:41:34,"[287.0, 4]","[284.0, 4]","[295.0, 16]","[302.0, 8]",291.0,32,8.0,-0.5
07:41:35,"[284.0, 8]","[283.0, 8]","[287.45, 22]","[293.6, 30]",285.73,68,3.45,-0.53
07:41:36,"[283.0, 6]","[282.0, 12]","[285.0, 12]","[288.0, 18]",284.0,48,2.0,-0.25
07:41:37,"[281.36, 22]","[277.09, 88]","[284.75, 24]","[287.61, 31]",283.06,165,3.39,0.33
07:41:38,"[272.34, 82]","[237.98, 86]","[283.7, 20]","[286.17, 23]",278.02,211,11.36,0.59
07:41:39,"[228.54, 52]","[152.27, 44]","[283.0, 12]","[285.0, 12]",255.77,120,54.46,0.6
07:41:40,"[227.0, 108]","[136.89, 9]","[282.96, 53]","[284.52, 21]",254.98,191,55.96,0.23
07:41:41,"[227.0, 72]","[208.78, 27]","[282.0, 10]","[283.0, 30]",254.5,139,55.0,0.42
07:41:42,"[99.23, 88]","[43.8, 100]","[281.45, 11]","[282.83, 30]",190.34,229,182.23,0.64
07:41:43,"[138.42, 19]","[70.38, 48]","[285.0, 12]","[286.5, 16]",211.71,95,146.58,0.41
07:41:44,"[177.86, 14]","[176.0, 21]","[287.57, 14]","[288.47, 17]",232.71,66,109.71,0.06
07:41:45,"[198.92, 26]","[173.66, 29]","[288.0, 20]","[289.52, 29]",243.46,104,89.08,0.06
07:41:46,"[247.0, 18]","[246.0, 72]","[288.0, 18]","[289.42, 24]",267.5,132,41.0,0.36
07:41:47,"[249.27, 30]","[244.72, 78]","[289.71, 42]","[297.0, 30]",269.49,180,40.45,0.2
07:41:48,"[286.71, 48]","[281.91, 68]","[290.0, 27]","[299.0, 18]",288.35,161,3.29,0.44
07:41:49,"[285.79, 73]","[278.97, 71]","[290.0, 21]","[291.0, 13]",287.9,178,4.21,0.62
07:41:50,"[289.0, 9]","[283.45, 11]","[290.33, 3]","[326.33, 6]",289.67,29,1.33,0.38
07:41:51,"[284.1, 30]","[208.2, 30]","[291.0, 6]","[311.86, 14]",287.55,80,6.9,0.5
07:41:52,"[282.53, 15]","[278.78, 59]","[291.0, 9]","[296.78, 18]",286.77,101,8.47,0.47
07:41:53,"[284.6, 15]","[278.87, 105]","[289.27, 15]","[293.11, 19]",286.93,154,4.67,0.56
07:41:54,"[277.28, 29]","[273.8, 35]","[290.0, 5]","[298.11, 9]",283.64,78,12.72,0.64
07:41:55,"[277.0, 35]","[273.0, 35]","[291.0, 5]","[296.0, 10]",284.0,85,14.0,0.65
07:41:56,"[277.0, 70]","[273.0, 70]","[288.35, 34]","[293.86, 14]",282.68,188,11.35,0.49
07:41:57,"[277.0, 49]","[272.71, 49]","[288.0, 35]","[291.0, 7]",282.5,140,11.0,0.4
07:41:58,"[277.0, 84]","[272.0, 84]","[288.0, 28]","[291.0, 22]",282.5,218,11.0,0.54
07:41:59,"[277.5, 42]","[275.5, 70]","[288.0, 20]","[291.0, 30]",282.75,162,10.5,0.38
07:42:00,"[278.46, 39]","[276.19, 85]","[288.0, 26]","[291.0, 39]",283.23,189,9.54,0.31
07:42:01,"[280.58, 31]","[279.46, 13]","[288.78, 18]","[291.65, 31]",284.68,93,8.2,-0.05
07:42:02,"[283.21, 38]","[281.71, 28]","[290.0, 16]","[291.0, 17]",286.61,99,6.79,0.33
07:42:03,"[285.72, 54]","[283.98, 52]","[288.38, 24]","[288.82, 34]",287.05,164,2.65,0.29
07:42:04,"[285.5, 32]","[281.3, 23]","[290.57, 21]","[291.93, 15]",288.04,91,5.07,0.21
07:42:05,"[279.35, 43]","[275.56, 134]","[292.54, 54]","[352.19, 48]",285.94,279,13.19,0.27
07:42:06,"[278.25, 32]","[276.0, 112]","[286.74, 38]","[318.62, 39]",282.49,221,8.49,0.3
07:42:07,"[278.0, 26]","[276.0, 91]","[283.26, 23]","[285.93, 29]",280.63,169,5.26,0.38
07:42:08,"[278.0, 24]","[276.0, 84]","[285.0, 12]","[288.0, 36]",281.5,156,7.0,0.38
07:42:09,"[277.44, 25]","[275.59, 79]","[286.29, 14]","[288.88, 34]",281.86,152,8.85,0.37
07:42:10,"[277.36, 44]","[275.14, 74]","[288.0, 24]","[291.0, 12]",282.68,154,10.64,0.53
07:42:11,"[278.86, 259]","[276.83, 84]","[287.57, 42]","[288.92, 26]",283.22,411,8.71,0.67
07:42:12,"[280.67, 480]","[277.6, 75]","[289.2, 50]","[290.2, 75]",284.93,680,8.53,0.63
07:42:13,"[282.0, 288]","[275.0, 45]","[290.0, 36]","[291.0, 54]",286.0,423,8.0,0.57
07:42:14,"[282.64, 352]","[275.0, 55]","[290.0, 44]","[291.0, 66]",286.32,517,7.36,0.57
07:42:15,"[284.3, 320]","[275.0, 72]","[290.0, 40]","[291.0, 60]",287.15,492,5.7,0.59
07:42:16,"[285.0, 224]","[275.0, 92]","[290.0, 28]","[291.0, 42]",287.5,386,5.0,0.64
07:42:17,"[285.36, 352]","[275.0, 121]","[291.0, 66]","[343.73, 22]",288.18,561,5.64,0.69
07:42:18,"[286.0, 256]","[275.0, 88]","[291.0, 42]","[371.47, 15]",288.5,401,5.0,0.72
07:42:19,"[286.18, 352]","[275.0, 124]","[291.0, 44]","[353.82, 11]",288.59,531,4.82,0.79
07:42:20,"[287.44, 470]","[275.17, 193]","[296.38, 74]","[327.32, 50]",291.91,787,8.94,0.68
07:42:21,"[277.53, 104]","[281.22, 83]","[347.0, 36]","[348.0, 18]",312.26,241,69.47,0.55
07:42:22,"[297.0, 99]","[294.22, 130]","[379.57, 42]","[419.48, 29]",338.29,300,82.57,0.53
07:42:23,"[295.19, 170]","[294.45, 132]","[368.3, 40]","[640.4, 20]",331.74,362,73.11,0.67
07:42:24,"[293.44, 50]","[290.94, 34]","[328.29, 28]","[659.83, 24]",310.86,136,34.85,0.24
07:42:25,"[293.97, 31]","[291.88, 33]","[377.33, 15]","[599.62, 21]",335.65,100,83.37,0.28
07:42:26,"[294.0, 24]","[292.0, 24]","[340.0, 12]","[367.33, 12]",317.0,72,46.0,0.33
07:42:27,"[294.0, 36]","[292.0, 36]","[342.64, 22]","[343.78, 18]",318.32,112,48.64,0.29
07:42:28,"[298.15, 13]","[295.85, 26]","[334.85, 26]","[340.59, 34]",316.5,99,36.69,-0.21
07:42:29,"[300.0, 12]","[298.0, 24]","[337.17, 46]","[338.77, 26]",318.59,108,37.17,-0.33
07:42:30,"[300.0, 10]","[298.0, 20]","[334.7, 37]","[336.64, 22]",317.35,89,34.7,-0.33
07:42:31,"[296.89, 18]","[295.21, 29]","[333.37, 38]","[334.64, 28]",315.13,113,36.48,-0.17
07:42:32,"[292.0, 69]","[289.0, 11]","[332.61, 36]","[333.47, 30]",312.31,146,40.61,0.1
07:42:33,"[292.91, 139]","[289.08, 13]","[327.96, 49]","[330.79, 39]",310.43,240,35.05,0.27
07:42:34,"[293.0, 125]","[291.16, 19]","[323.77, 62]","[325.15, 52]",308.39,258,30.77,0.12
07:42:35,"[293.2, 35]","[292.8, 61]","[320.81, 43]","[322.83, 24]",307.01,163,27.61,0.18
07:42:36,"[293.02, 41]","[292.18, 40]","[321.22, 36]","[323.0, 18]",307.12,135,28.2,0.2
07:42:37,"[293.0, 37]","[292.0, 45]","[317.62, 37]","[318.96, 27]",305.31,146,24.62,0.12
07:42:38,"[294.44, 25]","[292.17, 30]","[310.05, 38]","[312.44, 32]",302.25,125,15.61,-0.12
07:42:39,"[297.62, 64]","[293.0, 16]","[304.84, 73]","[308.9, 48]",301.23,201,7.21,-0.2
07:42:40,"[298.0, 44]","[293.0, 11]","[302.27, 22]","[304.0, 44]",300.14,121,4.27,-0.09
07:42:41,"[298.26, 27]","[293.0, 11]","[300.0, 44]","[303.35, 34]",299.13,116,1.74,-0.34
07:42:42,"[294.33, 9]","[292.07, 30]","[299.3, 27]","[331.41, 34]",296.81,100,4.96,-0.22
07:42:43,"[292.08, 12]","[291.06, 70]","[297.75, 48]","[299.0, 12]",294.92,142,5.67,0.15
07:42:44,"[292.0, 8]","[291.0, 48]","[294.52, 23]","[296.2, 20]",293.26,99,2.52,0.13
07:42:45,"[290.78, 46]","[288.95, 61]","[292.87, 45]","[333.33, 12]",291.82,164,2.08,0.3
07:42:46,"[290.17, 35]","[287.54, 78]","[293.62, 42]","[293.86, 21]",291.9,176,3.45,0.28
07:42:47,"[286.36, 88]","[234.23, 75]","[290.12, 43]","[292.22, 46]",288.24,252,3.75,0.29
07:42:48,"[285.15, 27]","[280.45, 33]","[288.83, 35]","[290.2, 30]",286.99,125,3.68,-0.04
07:42:49,"[284.0, 39]","[157.31, 29]","[289.0, 39]","[291.0, 13]",286.5,120,5.0,0.13
07:42:50,"[284.0, 18]","[90.0, 6]","[288.5, 18]","[291.0, 6]",286.25,48,4.5,0.0
07:42:51,"[284.0, 36]","[54.4, 50]","[288.0, 26]","[292.33, 21]",286.0,133,4.0,0.29
07:42:52,"[284.0, 21]","[179.2, 25]","[287.71, 14]","[291.0, 21]",285.86,81,3.71,0.14
07:42:53,"[284.0, 27]","[232.78, 23]","[287.0, 18]","[291.0, 27]",285.5,95,3.0,0.05
07:42:54,"[285.25, 12]","[245.33, 9]","[288.33, 6]","[291.8, 10]",286.79,37,3.08,0.14
07:42:55,"[289.0, 15]","[282.8, 15]","[291.0, 5]","[293.0, 10]",290.0,45,2.0,0.33
07:42:56,"[289.0, 24]","[270.46, 26]","[292.33, 12]","[293.71, 28]",290.67,90,3.33,0.11
07:42:57,"[289.67, 27]","[284.8, 15]","[293.67, 6]","[415.6, 25]",291.67,73,4.0,0.15
07:42:58,"[290.51, 111]","[289.58, 57]","[294.0, 15]","[506.28, 36]",292.26,219,3.49,0.53
07:42:59,"[292.25, 65]","[291.72, 25]","[346.13, 23]","[358.5, 24]",319.19,137,53.88,0.31
07:43:00,"[300.0, 9]","[297.44, 81]","[471.67, 45]","[594.33, 18]",385.83,153,171.67,0.18
07:43:01,"[300.0, 8]","[299.0, 72]","[537.78, 36]","[564.09, 22]",418.89,138,237.78,0.16
07:43:02,"[299.21, 38]","[298.38, 78]","[409.5, 32]","[524.71, 34]",354.36,182,110.29,0.27
07:43:03,"[299.0, 30]","[291.49, 35]","[386.54, 26]","[491.1, 20]",342.77,111,87.54,0.17
07:43:04,"[299.0, 33]","[293.0, 176]","[349.38, 32]","[455.33, 24]",324.19,265,50.38,0.58
07:43:05,"[299.0, 13]","[293.0, 80]","[354.0, 10]","[423.0, 12]",326.5,115,55.0,0.62
07:43:06,"[293.38, 64]","[292.29, 99]","[396.67, 18]","[443.0, 36]",345.02,217,103.29,0.5
07:43:07,"[293.02, 47]","[291.21, 78]","[527.64, 28]","[624.68, 38]",410.33,191,234.62,0.31
07:43:08,"[293.0, 7]","[291.52, 29]","[539.57, 28]","[623.0, 14]",416.29,78,246.57,-0.08
07:43:09,"[294.0, 136]","[293.0, 8]","[509.44, 36]","[547.67, 24]",401.72,204,215.44,0.41
07:43:10,"[294.0, 148]","[293.0, 8]","[497.47, 34]","[509.41, 34]",395.74,224,203.47,0.39
07:43:11,"[295.0, 107]","[294.0, 32]","[304.0, 30]","[381.79, 28]",299.5,197,9.0,0.41
07:43:12,"[295.0, 63]","[293.0, 7]","[296.0, 28]","[583.03, 29]",295.5,127,1.0,0.1
07:43:13,"[295.0, 78]","[293.0, 10]","[370.77, 40]","[614.0, 50]",332.89,178,75.77,-0.01
07:43:14,"[298.29, 14]","[296.6, 25]","[524.4, 15]","[728.0, 25]",411.34,79,226.11,-0.01
07:43:15,"[300.0, 16]","[297.0, 48]","[514.34, 32]","[637.12, 32]",407.17,128,214.34,0.0
07:43:16,"[300.0, 14]","[297.0, 42]","[713.0, 21]","[738.0, 35]",506.5,112,413.0,0.0
07:43:17,"[299.29, 21]","[296.66, 58]","[507.88, 26]","[626.0, 41]",403.59,146,208.6,0.08
07:43:18,"[297.0, 38]","[295.0, 80]","[320.23, 26]","[445.81, 21]",308.62,165,23.23,0.43
07:43:19,"[297.0, 28]","[295.0, 70]","[320.0, 28]","[454.0, 25]",308.5,151,23.0,0.3
07:43:20,"[297.0, 28]","[295.0, 70]","[319.86, 28]","[337.0, 35]",308.43,161,22.86,0.22
07:43:21,"[297.0, 32]","[295.0, 80]","[319.0, 32]","[557.5, 40]",308.0,184,22.0,0.22
07:43:22,"[297.0, 56]","[295.41, 119]","[316.93, 56]","[396.73, 56]",306.96,287,19.93,0.22
07:43:23,"[296.6, 87]","[295.65, 141]","[308.37, 59]","[310.9, 58]",302.49,345,11.78,0.32
07:43:24,"[296.0, 94]","[295.0, 140]","[303.07, 56]","[308.82, 34]",299.54,324,7.07,0.44
07:43:25,"[296.25, 32]","[295.41, 85]","[300.53, 30]","[301.65, 46]",298.39,193,4.28,0.21
07:43:26,"[295.05, 112]","[294.42, 48]","[297.79, 38]","[298.0, 40]",296.42,238,2.74,0.34
07:43:27,"[295.0, 64]","[294.0, 39]","[296.0, 56]","[352.0, 65]",295.5,224,1.0,-0.08
07:43:28,"[294.06, 32]","[293.05, 63]","[295.92, 53]","[342.51, 61]",294.99,209,1.86,-0.09
07:43:29,"[293.44, 54]","[292.62, 78]","[295.74, 57]","[303.29, 65]",294.59,254,2.29,0.04
07:43:30,"[293.0, 90]","[292.0, 108]","[295.02, 47]","[298.37, 86]",294.01,331,2.02,0.2
07:43:31,"[293.0, 10]","[292.0, 42]","[294.57, 21]","[307.0, 35]",293.79,108,1.57,-0.04
07:43:32,"[292.01, 97]","[291.04, 166]","[307.95, 41]","[314.1, 59]",299.98,363,15.94,0.45
07:43:33,"[292.0, 48]","[291.0, 80]","[305.0, 16]","[306.75, 16]",298.5,160,13.0,0.6
07:43:34,"[292.0, 58]","[291.0, 110]","[302.64, 22]","[304.09, 22]",297.32,212,10.64,0.58
07:43:35,"[292.0, 106]","[291.0, 140]","[300.36, 28]","[301.36, 28]",296.18,302,8.36,0.63
07:43:36,"[292.18, 55]","[291.5, 100]","[299.0, 20]","[300.0, 20]",295.59,195,6.82,0.59
07:43:37,"[294.0, 14]","[292.0, 140]","[298.07, 28]","[299.07, 28]",296.04,210,4.07,0.47
07:43:38,"[294.0, 11]","[292.0, 110]","[297.18, 22]","[298.18, 22]",295.59,165,3.18,0.47
07:43:39,"[294.87, 15]","[293.12, 25]","[296.4, 30]","[298.61, 33]",295.63,103,1.53,-0.22
07:43:40,"[292.89, 18]","[291.92, 25]","[295.67, 12]","[299.33, 27]",294.28,82,2.78,0.05
07:43:41,"[292.0, 36]","[290.0, 90]","[303.76, 29]","[341.6, 35]",297.88,190,11.76,0.33
07:43:42,"[292.67, 36]","[290.66, 58]","[294.0, 28]","[307.0, 70]",293.33,192,1.33,-0.02
07:43:43,"[292.84, 25]","[291.7, 20]","[294.0, 18]","[307.0, 45]",293.42,108,1.16,-0.17
07:43:44,"[292.0, 16]","[291.0, 24]","[294.0, 16]","[307.0, 40]",293.0,96,2.0,-0.17
07:43:45,"[292.0, 10]","[291.0, 15]","[304.26, 19]","[313.54, 13]",298.13,57,12.26,-0.12
07:43:46,"[292.35, 37]","[289.0, 48]","[305.3, 46]","[372.94, 18]",298.83,149,12.95,0.14
07:43:47,"[291.95, 38]","[290.36, 42]","[294.0, 36]","[307.0, 60]",292.97,176,2.05,-0.09
07:43:48,"[291.17, 23]","[289.44, 27]","[294.0, 20]","[307.0, 45]",292.59,115,2.83,-0.13
07:43:49,"[291.0, 15]","[288.2, 15]","[294.0, 10]","[307.0, 25]",292.5,65,3.0,-0.08
07:43:50,"[291.0, 15]","[288.0, 15]","[294.0, 10]","[307.0, 25]",292.5,65,3.0,-0.08
07:43:51,"[291.0, 24]","[288.0, 24]","[294.0, 16]","[307.0, 40]",292.5,104,3.0,-0.08
07:43:52,"[291.67, 9]","[290.57, 21]","[294.0, 14]","[307.0, 35]",292.83,79,2.33,-0.24
07:43:53,"[292.8, 30]","[291.25, 24]","[326.8, 40]","[392.08, 53]",309.8,147,34.0,-0.27
07:43:54,"[294.38, 26]","[292.95, 38]","[308.0, 11]","[522.14, 49]",301.19,124,13.62,0.03
07:43:55,"[295.0, 14]","[292.91, 22]","[307.86, 7]","[539.94, 31]",301.43,74,12.86,-0.03
07:43:56,"[295.0, 18]","[292.0, 9]","[305.0, 24]","[306.89, 9]",300.0,60,10.0,-0.1
07:43:57,"[292.05, 22]","[287.59, 34]","[303.83, 48]","[306.0, 12]",297.94,116,11.79,-0.03
07:43:58,"[291.0, 13]","[287.43, 21]","[303.0, 52]","[306.0, 24]",297.0,110,12.0,-0.38
07:43:59,"[291.0, 10]","[289.79, 28]","[301.12, 34]","[304.39, 23]",296.06,95,10.12,-0.2
07:44:00,"[290.0, 36]","[284.0, 12]","[293.25, 12]","[302.84, 19]",291.62,79,3.25,0.22
07:44:01,"[289.21, 38]","[282.54, 41]","[291.79, 66]","[292.33, 36]",290.5,181,2.58,-0.13
07:44:02,"[285.0, 15]","[282.5, 40]","[290.55, 56]","[292.0, 61]",287.78,172,5.55,-0.36
07:44:03,"[286.38, 16]","[281.04, 23]","[290.69, 36]","[291.75, 64]",288.53,139,4.32,-0.44
07:44:04,"[282.0, 13]","[276.85, 53]","[290.08, 13]","[292.68, 25]",286.04,104,8.08,0.27
07:44:05,"[282.0, 16]","[277.0, 80]","[290.02, 46]","[291.38, 16]",286.01,158,8.02,0.22
07:44:06,"[282.13, 15]","[277.15, 67]","[290.04, 25]","[294.36, 47]",286.09,154,7.91,0.06
07:44:07,"[283.71, 17]","[279.88, 17]","[293.63, 41]","[294.7, 33]",288.67,108,9.93,-0.37
07:44:08,"[285.23, 26]","[284.55, 22]","[293.0, 64]","[294.88, 16]",289.12,128,7.77,-0.25
07:44:09,"[286.05, 20]","[280.5, 40]","[292.07, 56]","[294.0, 25]",289.06,141,6.02,-0.15
07:44:10,"[287.61, 41]","[284.15, 40]","[291.48, 54]","[294.15, 27]",289.55,162,3.87,0.0
07:44:11,"[288.19, 48]","[278.56, 80]","[292.78, 32]","[294.94, 16]",290.48,176,4.59,0.45
07:44:12,"[289.0, 42]","[279.0, 70]","[290.71, 28]","[293.08, 77]",289.86,217,1.71,0.03
07:44:13,"[279.92, 38]","[277.45, 40]","[297.62, 13]","[300.87, 15]",288.77,106,17.69,0.47
07:44:14,"[280.0, 11]","[277.0, 55]","[286.23, 44]","[298.2, 15]",283.11,125,6.23,0.06
07:44:15,"[278.7, 40]","[276.53, 85]","[283.42, 48]","[285.19, 86]",281.06,259,4.72,-0.03
07:44:16,"[276.88, 66]","[272.2, 69]","[281.0, 45]","[283.0, 30]",278.94,210,4.12,0.29
07:44:17,"[278.0, 30]","[274.27, 75]","[281.0, 45]","[283.0, 30]",279.5,180,3.0,0.17
07:44:18,"[279.31, 32]","[273.49, 71]","[281.0, 48]","[283.0, 32]",280.16,183,1.69,0.13
07:44:19,"[277.0, 21]","[271.85, 40]","[281.0, 22]","[283.0, 16]",279.0,99,4.0,0.23
07:44:20,"[271.0, 70]","[270.0, 60]","[281.0, 10]","[283.0, 20]",276.0,160,10.0,0.62
07:44:21,"[271.0, 49]","[270.0, 42]","[290.26, 27]","[288.56, 9]",280.63,127,19.26,0.43
07:44:22,"[277.17, 86]","[275.15, 118]","[291.3, 53]","[295.35, 17]",284.24,274,14.13,0.49
07:44:23,"[287.25, 81]","[277.93, 83]","[291.67, 15]","[296.33, 15]",289.46,194,4.42,0.69
07:44:24,"[287.0, 63]","[275.0, 18]","[289.0, 9]","[293.56, 9]",288.0,99,2.0,0.64
07:44:25,"[287.0, 60]","[275.0, 24]","[289.0, 12]","[290.44, 36]",288.0,132,2.0,0.27
07:44:26,"[287.03, 36]","[277.84, 19]","[289.87, 23]","[291.18, 17]",288.45,95,2.84,0.16
07:44:27,"[286.0, 35]","[274.0, 14]","[289.35, 23]","[290.36, 22]",287.67,94,3.35,0.04
07:44:28,"[288.23, 110]","[279.45, 55]","[290.12, 34]","[294.34, 62]",289.17,261,1.89,0.26
07:44:29,"[293.0, 67]","[286.0, 55]","[294.0, 11]","[298.0, 44]",293.5,177,1.0,0.38
07:44:30,"[293.0, 45]","[286.2, 25]","[296.86, 21]","[298.82, 33]",294.93,124,3.86,0.13
07:44:31,"[293.0, 19]","[286.63, 27]","[298.0, 55]","[301.0, 33]",295.5,134,5.0,-0.31
07:44:32,"[293.0, 13]","[292.0, 13]","[297.52, 62]","[300.37, 27]",295.26,115,4.52,-0.55
07:44:33,"[293.0, 7]","[292.0, 7]","[297.15, 27]","[299.55, 11]",295.07,52,4.15,-0.46
07:44:34,"[293.88, 34]","[292.6, 10]","[297.1, 42]","[299.79, 14]",295.49,100,3.21,-0.12
07:44:35,"[294.93, 71]","[293.0, 16]","[297.92, 24]","[300.14, 42]",296.42,153,2.99,0.14
07:44:36,"[295.21, 56]","[293.0, 14]","[300.0, 14]","[302.0, 47]",297.61,131,4.79,0.07
07:44:37,"[296.24, 29]","[295.31, 26]","[300.0, 11]","[302.0, 44]",298.12,110,3.76,0.0
07:44:38,"[298.0, 11]","[296.0, 44]","[299.0, 33]","[300.0, 11]",298.5,99,1.0,0.11
07:44:39,"[298.0, 14]","[296.0, 56]","[299.0, 42]","[300.81, 26]",298.5,138,1.0,0.01
07:44:40,"[298.0, 14]","[296.0, 56]","[299.0, 42]","[300.0, 42]",298.5,154,1.0,-0.09
07:44:41,"[296.12, 34]","[295.0, 24]","[299.8, 30]","[301.74, 46]",297.96,134,3.68,-0.13
07:44:42,"[296.0, 48]","[295.0, 24]","[298.77, 26]","[300.5, 40]",297.38,138,2.77,0.04
07:44:43,"[296.0, 50]","[295.0, 28]","[297.25, 16]","[299.46, 39]",296.62,133,1.25,0.17
07:44:44,"[296.0, 8]","[294.5, 16]","[301.0, 40]","[306.0, 8]",298.5,72,5.0,-0.33
07:44:45,"[296.0, 9]","[294.88, 34]","[301.0, 45]","[303.5, 24]",298.5,112,5.0,-0.23
07:44:46,"[296.0, 12]","[295.0, 48]","[301.0, 60]","[303.0, 48]",298.5,168,5.0,-0.29
07:44:47,"[295.0, 44]","[294.0, 33]","[300.82, 55]","[302.57, 46]",297.91,178,5.82,-0.13
07:44:48,"[294.8, 45]","[293.9, 30]","[298.42, 60]","[301.0, 60]",296.61,195,3.62,-0.23
07:44:49,"[294.0, 63]","[293.0, 21]","[296.0, 105]","[302.32, 97]",295.0,286,2.0,-0.41
07:44:50,"[294.0, 39]","[293.0, 13]","[295.86, 64]","[305.0, 82]",294.93,198,1.86,-0.47
07:44:51,"[293.65, 23]","[292.24, 21]","[300.45, 44]","[305.54, 59]",297.05,147,6.8,-0.4
07:44:52,"[293.0, 15]","[292.0, 30]","[302.57, 37]","[304.0, 38]",297.78,120,9.57,-0.25
07:44:53,"[292.09, 33]","[285.57, 21]","[296.61, 57]","[296.81, 27]",294.35,138,4.52,-0.22
07:44:54,"[292.58, 26]","[286.0, 15]","[294.78, 45]","[298.11, 61]",293.68,147,2.2,-0.44
07:44:55,"[292.0, 12]","[283.0, 12]","[299.0, 33]","[304.0, 36]",295.5,93,7.0,-0.48
07:44:56,"[292.83, 48]","[290.23, 48]","[299.0, 13]","[304.0, 39]",295.92,148,6.17,0.3
07:44:57,"[291.0, 60]","[287.42, 31]","[299.0, 10]","[304.0, 30]",295.0,131,8.0,0.39
07:44:58,"[292.5, 16]","[285.38, 8]","[299.0, 8]","[304.0, 24]",295.75,56,6.5,-0.14
07:44:59,"[293.5, 16]","[286.64, 11]","[297.73, 11]","[299.36, 11]",295.61,49,4.23,0.1
07:45:00,"[291.21, 19]","[283.5, 16]","[295.68, 19]","[299.58, 19]",293.45,73,4.47,-0.04
07:45:01,"[292.0, 55]","[289.22, 18]","[298.62, 45]","[299.63, 43]",295.31,161,6.62,-0.09
07:45:02,"[292.0, 39]","[291.0, 13]","[301.0, 52]","[302.0, 39]",296.5,143,9.0,-0.27
07:45:03,"[299.09, 53]","[292.37, 35]","[301.0, 52]","[302.0, 39]",300.05,179,1.91,-0.02
07:45:04,"[300.0, 28]","[297.0, 21]","[301.0, 28]","[302.0, 21]",300.5,98,1.0,0.0
07:45:05,"[299.49, 53]","[296.57, 42]","[301.15, 61]","[302.29, 42]",300.32,198,1.66,-0.04
07:45:06,"[297.0, 33]","[291.0, 11]","[302.0, 33]","[306.0, 11]",299.5,88,5.0,0.0
07:45:07,"[297.0, 24]","[291.0, 8]","[301.14, 21]","[303.43, 14]",299.07,67,4.14,-0.04
07:45:08,"[297.11, 38]","[292.5, 16]","[299.0, 28]","[303.71, 42]",298.05,124,1.89,-0.13
07:45:09,"[297.6, 20]","[295.5, 16]","[301.5, 24]","[305.23, 26]",299.55,86,3.9,-0.16
07:45:10,"[297.0, 26]","[291.0, 13]","[301.52, 25]","[302.93, 29]",299.26,93,4.52,-0.16
07:45:11,"[297.0, 28]","[291.0, 14]","[300.64, 36]","[301.39, 18]",298.82,96,3.64,-0.12
07:45:12,"[291.67, 18]","[282.53, 17]","[297.26, 19]","[298.41, 17]",294.46,71,5.6,-0.01
07:45:13,"[292.33, 18]","[285.38, 16]","[300.84, 32]","[302.39, 28]",296.59,94,8.51,-0.28
07:45:14,"[294.0, 4]","[291.0, 4]","[305.0, 20]","[307.75, 4]",299.5,32,11.0,-0.5
07:45:15,"[292.29, 14]","[287.75, 16]","[305.0, 70]","[307.0, 14]",298.64,114,12.71,-0.47
07:45:16,"[283.7, 30]","[280.41, 51]","[305.0, 55]","[307.0, 11]",294.35,147,21.3,0.1
07:45:17,"[284.0, 70]","[281.57, 112]","[301.69, 49]","[304.94, 33]",292.85,264,17.69,0.38
07:45:18,"[287.5, 100]","[282.73, 126]","[301.19, 64]","[304.03, 68]",294.34,358,13.69,0.26
07:45:19,"[292.91, 46]","[291.0, 75]","[301.0, 30]","[304.0, 60]",296.96,211,8.09,0.15
07:45:20,"[293.0, 20]","[291.0, 50]","[301.0, 20]","[302.8, 40]",297.0,130,8.0,0.08
07:45:21,"[292.7, 20]","[289.57, 56]","[301.0, 20]","[302.0, 70]",296.85,166,8.3,-0.08
07:45:22,"[292.28, 67]","[290.11, 35]","[301.0, 26]","[302.0, 91]",296.64,219,8.72,-0.07
07:45:23,"[294.64, 44]","[293.1, 21]","[301.0, 14]","[302.0, 28]",297.82,107,6.36,0.21
07:45:24,"[297.0, 25]","[294.3, 20]","[301.0, 20]","[302.0, 40]",299.0,105,4.0,-0.14
07:45:25,"[297.0, 14]","[295.0, 14]","[301.0, 14]","[302.0, 28]",299.0,70,4.0,-0.2
07:45:26,"[297.0, 16]","[295.0, 16]","[301.0, 19]","[302.0, 32]",299.0,83,4.0,-0.23
07:45:27,"[297.0, 10]","[295.0, 10]","[301.0, 10]","[302.0, 20]",299.0,50,4.0,-0.2
07:45:28,"[297.0, 18]","[295.0, 18]","[301.0, 18]","[302.0, 36]",299.0,90,4.0,-0.2
07:45:29,"[297.0, 14]","[295.0, 14]","[301.0, 14]","[302.0, 28]",299.0,70,4.0,-0.2
07:45:30,"[297.0, 16]","[295.0, 16]","[301.0, 16]","[303.29, 14]",299.0,62,4.0,0.03
07:45:31,"[297.0, 14]","[295.0, 14]","[300.43, 14]","[302.09, 11]",298.71,53,3.43,0.06
07:45:32,"[298.0, 27]","[297.0, 18]","[300.0, 18]","[301.0, 18]",299.0,81,2.0,0.11
07:45:33,"[298.0, 17]","[297.0, 26]","[301.25, 32]","[305.5, 24]",299.62,99,3.25,-0.13
07:45:34,"[297.22, 9]","[295.44, 18]","[300.67, 27]","[303.8, 15]",298.94,69,3.44,-0.22
07:45:35,"[295.36, 11]","[293.62, 13]","[299.91, 33]","[301.0, 33]",297.64,90,4.55,-0.47
07:45:36,"[295.0, 8]","[293.0, 8]","[298.25, 24]","[301.0, 24]",296.62,64,3.25,-0.5
07:45:37,"[295.0, 9]","[293.0, 9]","[297.0, 27]","[302.33, 27]",296.0,72,2.0,-0.5
07:45:38,"[293.31, 13]","[292.15, 13]","[296.23, 39]","[306.54, 37]",294.77,102,2.92,-0.49
07:45:39,"[293.0, 13]","[292.0, 13]","[304.87, 46]","[305.93, 45]",298.93,117,11.87,-0.56
07:45:40,"[293.0, 8]","[292.0, 8]","[303.0, 24]","[305.0, 32]",298.0,72,10.0,-0.56
07:45:41,"[293.0, 10]","[292.0, 10]","[297.59, 37]","[300.57, 23]",295.3,80,4.59,-0.5
07:45:42,"[293.0, 13]","[292.0, 13]","[294.85, 52]","[299.0, 26]",293.92,104,1.85,-0.5
07:45:43,"[291.43, 28]","[290.07, 160]","[293.35, 68]","[302.97, 65]",292.39,321,1.92,0.17
07:45:44,"[290.4, 47]","[289.92, 190]","[296.27, 44]","[305.0, 49]",293.34,330,5.87,0.44
07:45:45,"[291.92, 48]","[290.81, 213]","[298.09, 46]","[299.35, 34]",295.0,341,6.17,0.53
07:45:46,"[292.32, 72]","[291.57, 260]","[296.29, 38]","[297.76, 50]",294.3,420,3.97,0.58
07:45:47,"[292.0, 273]","[290.0, 308]","[296.02, 55]","[301.75, 71]",294.01,707,4.02,0.64
07:45:48,"[292.0, 63]","[290.0, 126]","[304.0, 36]","[306.0, 27]",298.0,252,12.0,0.5
07:45:49,"[292.0, 84]","[290.0, 168]","[304.0, 48]","[306.0, 36]",298.0,336,12.0,0.5
07:45:50,"[292.0, 76]","[290.0, 168]","[303.87, 46]","[305.58, 38]",297.93,328,11.87,0.49
07:45:51,"[290.3, 99]","[288.55, 66]","[302.38, 32]","[303.52, 31]",296.34,228,12.07,0.45
07:45:52,"[290.0, 126]","[286.0, 36]","[300.93, 28]","[302.09, 35]",295.46,225,10.93,0.44
07:45:53,"[289.06, 183]","[286.33, 64]","[299.54, 39]","[302.54, 52]",294.3,338,10.48,0.46
07:45:54,"[290.95, 37]","[289.59, 79]","[297.56, 48]","[303.0, 64]",294.25,228,6.62,0.02
07:45:55,"[293.8, 10]","[289.62, 52]","[295.0, 28]","[303.0, 40]",294.4,130,1.2,-0.05
07:45:56,"[289.62, 191]","[288.35, 62]","[295.0, 22]","[303.73, 44]",292.31,319,5.38,0.59
07:45:57,"[290.0, 95]","[288.0, 20]","[295.0, 10]","[305.0, 20]",292.5,145,5.0,0.59
07:45:58,"[290.06, 158]","[287.54, 70]","[295.0, 20]","[305.0, 40]",292.53,288,4.94,0.58
07:45:59,"[292.0, 18]","[290.0, 114]","[295.0, 12]","[305.0, 24]",293.5,168,3.0,0.57
07:46:00,"[292.0, 24]","[290.0, 152]","[293.62, 16]","[301.0, 24]",292.81,216,1.62,0.63
07:46:01,"[290.95, 116]","[289.9, 230]","[298.56, 34]","[303.43, 46]",294.75,426,7.61,0.62
07:46:02,"[291.0, 144]","[290.0, 228]","[300.48, 44]","[302.86, 49]",295.74,465,9.48,0.6
07:46:03,"[290.68, 118]","[289.88, 308]","[300.5, 30]","[302.76, 115]",295.59,571,9.82,0.49
07:46:04,"[292.0, 38]","[290.77, 83]","[302.88, 155]","[303.83, 53]",297.44,329,10.88,-0.26
07:46:05,"[293.38, 32]","[291.33, 48]","[299.5, 22]","[300.7, 64]",296.44,166,6.12,-0.04
07:46:06,"[294.0, 36]","[293.0, 24]","[298.59, 44]","[301.25, 63]",296.3,167,4.59,-0.28
07:46:07,"[293.75, 24]","[292.0, 24]","[296.62, 21]","[298.33, 36]",295.18,105,2.87,-0.09
07:46:08,"[294.16, 38]","[292.45, 44]","[296.86, 86]","[305.0, 38]",295.51,206,2.7,-0.2
07:46:09,"[293.67, 27]","[292.0, 37]","[295.93, 43]","[305.0, 26]",294.8,133,2.26,-0.04
07:46:10,"[292.0, 36]","[291.0, 48]","[293.58, 36]","[304.83, 24]",292.79,144,1.58,0.17
07:46:11,"[291.27, 33]","[290.5, 24]","[299.29, 21]","[307.33, 36]",295.28,114,8.01,0.0
07:46:12,"[291.0, 44]","[290.0, 22]","[306.7, 37]","[308.54, 65]",298.85,168,15.7,-0.21
07:46:13,"[291.0, 36]","[290.0, 18]","[304.0, 18]","[308.0, 81]",297.5,153,13.0,-0.29
07:46:14,"[291.0, 28]","[290.0, 14]","[304.0, 14]","[308.0, 63]",297.5,119,13.0,-0.29
07:46:15,"[291.0, 32]","[290.0, 16]","[304.0, 16]","[308.0, 72]",297.5,136,13.0,-0.29
07:46:16,"[291.87, 155]","[290.78, 46]","[303.35, 46]","[307.43, 84]",297.61,331,11.48,0.21
07:46:17,"[293.92, 180]","[291.0, 48]","[303.56, 36]","[307.47, 60]",298.74,324,9.64,0.41
07:46:18,"[295.09, 165]","[291.0, 44]","[305.0, 22]","[308.36, 55]",300.05,286,9.91,0.46
07:46:19,"[296.0, 165]","[291.0, 44]","[305.0, 22]","[309.0, 69]",300.5,300,9.0,0.39
07:46:20,"[296.0, 120]","[291.0, 32]","[305.0, 16]","[309.0, 56]",300.5,224,9.0,0.36
07:46:21,"[296.0, 114]","[291.0, 40]","[305.0, 20]","[309.0, 70]",300.5,244,9.0,0.26
07:46:22,"[296.0, 60]","[290.0, 20]","[304.61, 23]","[308.56, 55]",300.3,158,8.61,0.01
07:46:23,"[293.07, 30]","[290.0, 38]","[303.21, 42]","[305.71, 28]",298.14,138,10.15,-0.01
07:46:24,"[293.7, 20]","[292.25, 32]","[302.81, 48]","[306.0, 32]",298.26,132,9.11,-0.21
07:46:25,"[293.8, 15]","[292.29, 21]","[301.33, 45]","[306.0, 30]",297.57,111,7.53,-0.35
07:46:26,"[292.0, 9]","[291.0, 18]","[301.0, 27]","[306.0, 18]",296.5,72,9.0,-0.25
07:46:27,"[298.68, 59]","[292.19, 16]","[302.95, 19]","[305.0, 38]",300.81,132,4.27,0.14
07:46:28,"[299.0, 56]","[292.0, 14]","[309.14, 28]","[310.29, 28]",304.07,126,10.14,0.11
07:46:29,"[299.0, 28]","[292.0, 7]","[305.0, 14]","[309.0, 14]",302.0,63,6.0,0.11
07:46:30,"[299.0, 36]","[292.0, 9]","[304.44, 18]","[307.0, 18]",301.72,81,5.44,0.11
07:46:31,"[299.0, 48]","[295.43, 21]","[302.92, 24]","[306.0, 24]",300.96,117,3.92,0.18
07:46:32,"[298.53, 38]","[295.37, 19]","[300.58, 19]","[302.62, 16]",299.55,92,2.05,0.24
07:46:33,"[296.0, 14]","[292.0, 7]","[299.83, 12]","[300.56, 9]",297.92,42,3.83,0.0
07:46:34,"[296.0, 18]","[292.0, 9]","[297.27, 15]","[299.0, 12]",296.63,54,1.27,0.0
07:46:35,"[292.77, 13]","[290.44, 25]","[296.92, 24]","[303.85, 26]",294.84,88,4.15,-0.14
07:46:36,"[290.0, 10]","[289.0, 30]","[296.0, 10]","[297.0, 20]",293.0,70,6.0,0.14
07:46:37,"[290.0, 9]","[289.0, 27]","[296.0, 9]","[297.0, 18]",293.0,63,6.0,0.14
07:46:38,"[286.76, 51]","[285.92, 132]","[291.81, 26]","[296.19, 27]",289.29,236,5.04,0.55
07:46:39,"[286.0, 111]","[285.0, 192]","[287.0, 54]","[289.36, 28]",286.5,385,1.0,0.57
07:46:40,"[286.0, 54]","[285.0, 96]","[287.0, 18]","[288.0, 18]",286.5,186,1.0,0.61
07:46:41,"[286.0, 54]","[284.62, 52]","[287.0, 18]","[288.0, 18]",286.5,142,1.0,0.49
07:46:42,"[286.0, 99]","[284.65, 85]","[287.0, 11]","[288.0, 33]",286.5,228,1.0,0.61
07:46:43,"[286.0, 63]","[285.0, 77]","[287.0, 7]","[288.0, 21]",286.5,168,1.0,0.67
07:46:44,"[286.0, 90]","[285.0, 110]","[288.0, 30]","[290.0, 20]",287.0,250,2.0,0.6
07:46:45,"[286.0, 63]","[285.0, 77]","[288.0, 21]","[290.85, 13]",287.0,174,2.0,0.61
07:46:46,"[286.04, 56]","[285.12, 75]","[288.0, 11]","[301.0, 7]",287.02,149,1.96,0.76
07:46:47,"[289.8, 20]","[286.34, 41]","[301.0, 10]","[303.0, 20]",295.4,91,11.2,0.34
07:46:48,"[289.24, 34]","[285.94, 99]","[300.03, 77]","[301.42, 19]",294.63,229,10.79,0.16
07:46:49,"[289.25, 24]","[285.64, 89]","[299.38, 65]","[301.38, 16]",294.32,194,10.13,0.16
07:46:50,"[289.55, 20]","[286.0, 112]","[296.89, 74]","[301.36, 39]",293.22,245,7.34,0.08
07:46:51,"[288.38, 32]","[285.48, 127]","[293.04, 57]","[296.53, 36]",290.71,252,4.66,0.26
07:46:52,"[281.69, 67]","[279.84, 137]","[290.0, 28]","[292.32, 85]",285.84,317,8.31,0.29
07:46:53,"[282.82, 33]","[281.0, 77]","[285.97, 31]","[289.52, 46]",284.39,187,3.15,0.18
07:46:54,"[283.23, 39]","[276.0, 91]","[285.0, 65]","[286.0, 26]",284.12,221,1.77,0.18
07:46:55,"[279.67, 21]","[264.79, 66]","[285.44, 27]","[286.75, 24]",282.56,138,5.78,0.26
07:46:56,"[278.6, 25]","[276.12, 40]","[285.0, 20]","[286.0, 20]",281.8,105,6.4,0.24
07:46:57,"[279.0, 32]","[277.0, 8]","[285.0, 16]","[286.0, 16]",282.0,72,6.0,0.11
07:46:58,"[279.37, 19]","[278.03, 31]","[284.2, 20]","[286.0, 20]",281.78,90,4.83,0.11
07:46:59,"[281.24, 29]","[278.22, 55]","[283.0, 34]","[286.0, 34]",282.12,152,1.76,0.11
07:47:00,"[279.71, 49]","[274.65, 80]","[282.9, 20]","[286.0, 28]",281.31,177,3.19,0.46
07:47:01,"[277.15, 52]","[274.0, 130]","[284.0, 18]","[286.48, 31]",280.58,231,6.85,0.58
07:47:02,"[277.0, 40]","[274.0, 100]","[285.72, 18]","[286.81, 27]",281.36,185,8.72,0.51
07:47:03,"[277.0, 32]","[274.0, 80]","[283.38, 8]","[286.0, 16]",280.19,136,6.38,0.65
07:47:04,"[277.0, 64]","[274.0, 160]","[286.0, 16]","[287.0, 48]",281.5,288,9.0,0.56
07:47:05,"[277.0, 40]","[274.0, 100]","[286.0, 10]","[287.0, 30]",281.5,180,9.0,0.56
07:47:06,"[277.0, 32]","[274.0, 80]","[286.0, 8]","[287.0, 24]",281.5,144,9.0,0.56
07:47:07,"[278.37, 83]","[275.03, 78]","[286.0, 12]","[287.0, 36]",282.19,209,7.63,0.54
07:47:08,"[276.0, 24]","[274.0, 60]","[286.0, 6]","[287.0, 18]",281.0,108,10.0,0.56
07:47:09,"[276.0, 44]","[274.15, 82]","[286.0, 11]","[287.0, 33]",281.0,170,10.0,0.48
07:47:10,"[277.07, 29]","[275.94, 31]","[284.2, 40]","[286.57, 21]",280.63,121,7.13,-0.01
07:47:11,"[278.0, 32]","[275.63, 57]","[283.94, 54]","[286.39, 46]",280.97,189,5.94,-0.06
07:47:12,"[278.0, 24]","[275.0, 60]","[283.94, 32]","[285.54, 26]",280.97,142,5.94,0.18
07:47:13,"[278.97, 33]","[276.33, 51]","[284.0, 36]","[285.86, 21]",281.48,141,5.03,0.19
07:47:14,"[280.39, 41]","[278.41, 22]","[285.27, 22]","[286.7, 20]",282.83,105,4.88,0.2
07:47:15,"[281.31, 65]","[271.33, 61]","[286.0, 26]","[287.0, 26]",283.65,178,4.69,0.42
07:47:16,"[283.5, 60]","[272.22, 18]","[286.71, 14]","[290.61, 54]",285.11,146,3.21,0.07
07:47:17,"[284.0, 55]","[271.14, 43]","[287.0, 11]","[290.0, 11]",285.5,120,3.0,0.63
07:47:18,"[285.62, 40]","[271.0, 36]","[289.25, 8]","[290.96, 56]",287.44,140,3.62,0.09
07:47:19,"[286.91, 55]","[281.52, 67]","[290.26, 19]","[290.88, 68]",288.59,209,3.35,0.17
07:47:20,"[288.47, 38]","[286.62, 65]","[289.96, 73]","[292.14, 42]",289.22,218,1.49,-0.06
07:47:21,"[289.0, 22]","[284.81, 54]","[290.0, 72]","[292.97, 29]",289.5,177,1.0,-0.14
07:47:22,"[273.45, 44]","[269.47, 34]","[288.33, 43]","[293.5, 24]",280.89,145,14.87,0.08
07:47:23,"[270.0, 44]","[269.0, 22]","[286.86, 14]","[297.65, 31]",278.43,111,16.86,0.19
07:47:24,"[269.57, 21]","[76.16, 32]","[286.4, 15]","[286.0, 9]",277.99,77,16.83,0.38
07:47:25,"[269.64, 28]","[209.62, 13]","[292.0, 28]","[300.0, 7]",280.82,76,22.36,0.08
07:47:26,"[270.0, 53]","[269.0, 19]","[292.0, 32]","[326.88, 8]",281.0,112,22.0,0.29
07:47:27,"[270.0, 56]","[269.0, 16]","[298.21, 29]","[390.75, 12]",284.1,113,28.21,0.27
07:47:28,"[276.09, 22]","[271.83, 23]","[312.0, 27]","[336.0, 9]",294.05,81,35.91,0.11
07:47:29,"[290.74, 27]","[278.69, 39]","[312.0, 45]","[384.46, 39]",301.37,150,21.26,-0.12
07:47:30,"[275.0, 30]","[274.0, 120]","[301.19, 37]","[395.72, 65]",288.09,252,26.19,0.19
07:47:31,"[274.89, 74]","[271.92, 106]","[286.71, 28]","[415.32, 50]",280.8,258,11.82,0.4
07:47:32,"[275.0, 82]","[273.08, 78]","[285.0, 15]","[286.15, 26]",280.0,201,10.0,0.59
07:47:33,"[275.43, 56]","[273.84, 62]","[285.38, 13]","[286.69, 26]",280.41,157,9.96,0.5
07:47:34,"[277.53, 15]","[274.24, 33]","[286.0, 8]","[287.0, 16]",281.77,72,8.47,0.33
07:47:35,"[279.07, 14]","[278.0, 28]","[286.0, 14]","[287.0, 28]",282.54,84,6.93,0.0
07:47:36,"[280.0, 12]","[278.0, 24]","[287.0, 12]","[288.0, 12]",283.5,60,7.0,0.2
07:47:37,"[281.41, 17]","[279.6, 10]","[287.0, 9]","[288.0, 9]",284.21,45,5.59,0.2
07:47:38,"[282.83, 6]","[281.78, 9]","[287.0, 5]","[288.0, 5]",284.92,25,4.17,0.2
07:47:39,"[285.69, 16]","[278.57, 14]","[287.5, 8]","[289.0, 8]",286.59,46,1.81,0.3
07:47:40,"[276.42, 19]","[270.89, 57]","[288.0, 9]","[290.0, 9]",282.21,94,11.58,0.62
07:47:41,"[272.0, 19]","[271.0, 66]","[288.0, 32]","[290.0, 11]",280.0,128,16.0,0.33
07:47:42,"[272.79, 14]","[271.79, 28]","[282.89, 38]","[290.62, 24]",277.84,104,10.11,-0.19
07:47:43,"[274.56, 18]","[272.5, 16]","[280.0, 50]","[282.42, 19]",277.28,103,5.44,-0.34
07:47:44,"[276.26, 19]","[275.68, 25]","[281.39, 23]","[286.57, 14]",278.83,81,5.13,0.09
07:47:45,"[279.14, 14]","[276.0, 42]","[283.05, 58]","[285.29, 14]",281.1,128,3.91,-0.12
07:47:46,"[276.28, 32]","[268.53, 90]","[286.85, 39]","[291.56, 27]",281.56,188,10.56,0.3
07:47:47,"[276.58, 36]","[268.22, 36]","[287.62, 39]","[289.12, 32]",282.1,143,11.03,0.01
07:47:48,"[277.6, 15]","[269.0, 10]","[286.0, 20]","[288.0, 40]",281.8,85,8.4,-0.41
07:47:49,"[278.56, 27]","[269.0, 42]","[286.0, 63]","[287.11, 45]",282.28,177,7.44,-0.22
07:47:50,"[279.0, 24]","[269.0, 58]","[286.0, 56]","[287.0, 40]",282.5,178,7.0,-0.08
07:47:51,"[279.62, 24]","[268.88, 48]","[286.0, 26]","[287.0, 40]",282.81,138,6.38,0.04
07:47:52,"[282.17, 36]","[268.45, 55]","[286.19, 27]","[287.08, 60]",284.18,178,4.02,0.02
07:47:53,"[284.78, 41]","[273.62, 39]","[287.93, 29]","[290.25, 32]",286.36,141,3.15,0.13
07:47:54,"[286.05, 76]","[285.14, 56]","[290.0, 36]","[294.0, 48]",288.03,216,3.95,0.22
07:47:55,"[286.81, 53]","[273.93, 76]","[290.0, 33]","[294.0, 44]",288.41,206,3.19,0.25
07:47:56,"[289.0, 30]","[285.0, 9]","[298.62, 32]","[417.9, 39]",293.81,110,9.62,-0.29
07:47:57,"[292.5, 48]","[287.82, 17]","[323.77, 30]","[442.51, 39]",308.13,134,31.27,-0.03
07:47:58,"[293.0, 72]","[284.25, 12]","[395.49, 41]","[460.95, 43]",344.24,168,102.49,0.0
07:47:59,"[294.5, 16]","[292.64, 22]","[450.0, 24]","[511.0, 18]",372.25,80,155.5,-0.05
07:48:00,"[299.0, 8]","[298.0, 16]","[435.8, 30]","[477.0, 26]",367.4,80,136.8,-0.4
07:48:01,"[295.25, 16]","[294.25, 32]","[429.25, 32]","[488.38, 24]",362.25,104,134.0,-0.08
07:48:02,"[294.0, 14]","[293.0, 36]","[366.95, 21]","[564.37, 19]",330.48,90,72.95,0.11
07:48:03,"[294.58, 19]","[293.11, 54]","[364.5, 14]","[375.0, 56]",329.54,143,69.92,0.02
07:48:04,"[298.31, 64]","[293.05, 59]","[362.86, 14]","[496.14, 56]",330.58,193,64.54,0.27
07:48:05,"[299.0, 47]","[295.0, 10]","[360.75, 12]","[448.91, 23]",329.88,92,61.75,0.24
07:48:06,"[299.0, 17]","[295.0, 17]","[356.36, 50]","[358.62, 55]",327.68,139,57.36,-0.51
07:48:07,"[299.0, 12]","[295.0, 12]","[339.06, 54]","[341.18, 33]",319.03,111,40.06,-0.57
07:48:08,"[293.06, 68]","[292.35, 34]","[335.88, 43]","[336.91, 57]",314.47,202,42.82,0.01
07:48:09,"[293.33, 36]","[292.75, 32]","[318.1, 20]","[331.5, 18]",305.72,106,24.77,0.28
07:48:10,"[294.0, 30]","[293.0, 60]","[316.52, 40]","[320.7, 30]",305.26,160,22.52,0.12
07:48:11,"[294.0, 27]","[293.0, 54]","[315.56, 45]","[317.0, 27]",304.78,153,21.56,0.06
07:48:12,"[294.0, 33]","[293.0, 66]","[313.49, 39]","[314.78, 41]",303.74,179,19.49,0.11
07:48:13,"[294.0, 36]","[293.0, 72]","[307.98, 42]","[308.69, 54]",300.99,204,13.98,0.06
07:48:14,"[294.0, 57]","[293.0, 114]","[303.19, 63]","[304.87, 61]",298.6,295,9.19,0.16
07:48:15,"[294.0, 39]","[293.0, 78]","[297.37, 41]","[298.6, 47]",295.68,205,3.37,0.14
07:48:16,"[293.33, 45]","[292.65, 46]","[294.77, 39]","[295.77, 39]",294.05,169,1.44,0.08
07:48:17,"[292.65, 17]","[291.15, 95]","[294.0, 30]","[323.8, 30]",293.32,172,1.35,0.3
07:48:18,"[292.0, 26]","[291.0, 351]","[293.65, 23]","[376.59, 37]",292.83,437,1.65,0.73
07:48:19,"[292.89, 38]","[291.16, 64]","[399.91, 11]","[543.71, 17]",346.4,130,107.01,0.57
07:48:20,"[294.88, 96]","[292.97, 62]","[529.82, 51]","[579.46, 35]",412.35,244,234.95,0.3
07:48:21,"[295.71, 34]","[293.45, 31]","[567.4, 15]","[595.92, 13]",431.55,93,271.69,0.4
07:48:22,"[299.0, 18]","[295.0, 21]","[567.62, 8]","[599.88, 8]",433.31,55,268.62,0.42
07:48:23,"[296.68, 44]","[294.15, 124]","[400.08, 48]","[546.79, 29]",348.38,245,103.4,0.37
07:48:24,"[294.33, 36]","[293.14, 84]","[377.58, 38]","[450.81, 32]",335.96,190,83.25,0.26
07:48:25,"[294.43, 49]","[293.12, 96]","[343.2, 40]","[390.59, 32]",318.81,217,48.77,0.34
07:48:26,"[295.0, 47]","[294.0, 32]","[296.62, 24]","[359.5, 24]",295.81,127,1.62,0.24
07:48:27,"[295.66, 61]","[294.71, 42]","[338.05, 57]","[497.44, 45]",316.85,205,42.4,0.0
07:48:28,"[296.0, 16]","[295.0, 12]","[508.29, 14]","[634.67, 18]",402.14,60,212.29,-0.07
07:48:29,"[295.92, 26]","[294.82, 22]","[578.78, 27]","[647.52, 29]",437.35,104,282.85,-0.08
07:48:30,"[294.0, 9]","[293.0, 54]","[608.41, 41]","[687.48, 31]",451.21,135,314.41,-0.07
07:48:31,"[294.0, 9]","[293.0, 54]","[395.0, 45]","[644.67, 27]",344.5,135,101.0,-0.07
07:48:32,"[294.0, 7]","[293.0, 42]","[509.58, 33]","[592.13, 23]",401.79,105,215.58,-0.07
07:48:33,"[294.0, 6]","[293.0, 36]","[458.0, 18]","[558.25, 28]",376.0,88,164.0,-0.05
07:48:34,"[295.0, 10]","[293.04, 50]","[410.3, 30]","[463.2, 30]",352.65,120,115.3,0.0
07:48:35,"[299.0, 11]","[294.0, 11]","[429.0, 55]","[430.0, 33]",364.0,110,130.0,-0.6
07:48:36,"[299.0, 10]","[294.0, 80]","[428.09, 45]","[428.97, 31]",363.54,166,129.09,0.08
07:48:37,"[293.66, 77]","[292.36, 99]","[325.5, 36]","[388.1, 41]",309.58,253,31.84,0.39
07:48:38,"[293.0, 16]","[292.0, 72]","[298.69, 32]","[303.57, 21]",295.84,141,5.69,0.25
07:48:39,"[293.0, 20]","[292.0, 90]","[299.31, 39]","[300.85, 26]",296.15,175,6.31,0.26
07:48:40,"[293.0, 34]","[292.0, 153]","[297.43, 67]","[298.72, 50]",295.22,304,4.43,0.23
07:48:41,"[292.82, 22]","[292.1, 51]","[294.48, 29]","[296.45, 31]",293.65,133,1.66,0.1
07:48:42,"[292.0, 77]","[291.0, 50]","[293.53, 38]","[303.39, 46]",292.76,211,1.53,0.2
07:48:43,"[292.5, 36]","[291.76, 63]","[308.93, 41]","[347.56, 34]",300.71,174,16.43,0.14
07:48:44,"[293.0, 31]","[292.0, 66]","[306.0, 33]","[330.58, 38]",299.5,168,13.0,0.15
07:48:45,"[293.0, 27]","[292.0, 54]","[306.0, 27]","[388.88, 34]",299.5,142,13.0,0.14
07:48:46,"[293.0, 30]","[292.0, 60]","[306.0, 30]","[412.0, 40]",299.5,160,13.0,0.12
07:48:47,"[291.41, 49]","[291.13, 39]","[306.0, 39]","[383.0, 39]",298.7,166,14.59,0.06
07:48:48,"[291.55, 33]","[290.9, 50]","[306.0, 42]","[341.39, 54]",298.77,179,14.45,-0.07
07:48:49,"[295.77, 78]","[293.64, 132]","[306.0, 36]","[396.0, 36]",300.88,282,10.23,0.49
07:48:50,"[299.0, 30]","[295.0, 90]","[305.05, 42]","[342.0, 30]",302.02,192,6.05,0.25
07:48:51,"[296.47, 87]","[294.36, 88]","[303.0, 80]","[304.39, 62]",299.74,317,6.53,0.1
07:48:52,"[297.89, 57]","[295.08, 59]","[301.08, 60]","[304.33, 54]",299.49,230,3.19,0.01
07:48:53,"[296.0, 133]","[294.0, 133]","[302.04, 67]","[305.63, 71]",299.02,404,6.04,0.32
07:48:54,"[296.0, 77]","[294.0, 77]","[300.18, 11]","[302.0, 55]",298.09,220,4.18,0.4
07:48:55,"[296.0, 84]","[294.0, 84]","[299.0, 36]","[300.42, 36]",297.5,240,3.0,0.4
07:48:56,"[296.0, 66]","[294.0, 91]","[297.15, 13]","[299.56, 45]",296.58,215,1.15,0.46
07:48:57,"[296.0, 20]","[294.0, 70]","[297.0, 10]","[304.0, 10]",296.5,110,1.0,0.64
07:48:58,"[296.0, 24]","[294.0, 84]","[302.17, 18]","[304.9, 20]",299.08,146,6.17,0.48
07:48:59,"[296.0, 18]","[294.0, 63]","[303.44, 18]","[350.79, 19]",299.72,118,7.44,0.37
07:49:00,"[294.14, 59]","[293.08, 179]","[303.0, 26]","[309.0, 39]",298.57,303,8.86,0.57
