Time,Bid1,Bid2,Ask1,Ask2,Mid-Price,Total_volume,Bid_ask_spread,Order_imbalance
07:30:00,"[0, 0]","[0, 0]","[0, 0]","[0, 0]",0.0,0,0.0,0.0
07:30:01,"[1.5, 6]","[0, 0]","[0, 0]","[0, 0]",0.75,6,-1.5,1.0
07:30:02,"[3.0, 3]","[0, 0]","[0, 0]","[0, 0]",1.5,3,-3.0,1.0
07:30:03,"[5.15, 13]","[3.57, 7]","[121.0, 4]","[137.0, 4]",63.08,28,115.85,0.43
07:30:04,"[6.92, 13]","[5.83, 23]","[103.33, 27]","[105.0, 9]",55.13,72,96.41,0.0
07:30:05,"[84.46, 26]","[74.58, 45]","[109.36, 22]","[277.57, 21]",96.91,114,24.9,0.25
07:30:06,"[108.31, 13]","[107.67, 18]","[292.12, 16]","[494.6, 25]",200.22,72,183.82,-0.14
07:30:07,"[109.25, 4]","[108.0, 12]","[280.38, 16]","[665.38, 16]",194.81,48,171.12,-0.33
07:30:08,"[111.5, 18]","[110.0, 6]","[160.0, 30]","[366.38, 26]",135.75,80,48.5,-0.4
07:30:09,"[112.29, 21]","[110.73, 15]","[159.29, 35]","[234.52, 31]",135.79,102,47.0,-0.29
07:30:10,"[113.0, 25]","[112.0, 9]","[157.39, 41]","[192.2, 25]",135.2,100,44.39,-0.32
07:30:11,"[113.0, 8]","[112.0, 8]","[153.61, 36]","[155.67, 12]",133.31,64,40.61,-0.5
07:30:12,"[111.03, 73]","[109.18, 17]","[148.92, 26]","[152.79, 39]",129.98,155,37.9,0.16
07:30:13,"[111.0, 32]","[109.0, 16]","[134.91, 32]","[143.45, 29]",122.95,109,23.91,-0.12
07:30:14,"[111.0, 28]","[109.0, 14]","[131.84, 19]","[133.25, 32]",121.42,93,20.84,-0.1
07:30:15,"[111.0, 12]","[109.0, 6]","[129.64, 11]","[131.67, 6]",120.32,35,18.64,0.03
07:30:16,"[111.0, 40]","[109.0, 20]","[127.98, 46]","[128.69, 26]",119.49,132,16.98,-0.09
07:30:17,"[111.0, 36]","[109.0, 18]","[125.08, 24]","[126.38, 21]",118.04,99,14.08,0.09
07:30:18,"[111.12, 40]","[109.94, 34]","[120.16, 45]","[122.19, 32]",115.64,151,9.03,-0.02
07:30:19,"[113.0, 15]","[111.1, 58]","[116.73, 49]","[117.71, 48]",114.87,170,3.73,-0.14
07:30:20,"[109.33, 36]","[107.18, 72]","[113.95, 102]","[114.87, 102]",111.64,312,4.62,-0.31
07:30:21,"[107.0, 45]","[102.12, 67]","[112.6, 75]","[113.87, 75]",109.8,262,5.6,-0.15
07:30:22,"[107.0, 15]","[102.0, 25]","[109.35, 23]","[110.45, 22]",108.17,85,2.35,-0.06
07:30:23,"[103.43, 63]","[98.25, 48]","[107.86, 49]","[109.03, 58]",105.64,218,4.43,0.02
07:30:24,"[101.87, 71]","[94.61, 49]","[104.33, 60]","[105.91, 22]",103.1,202,2.46,0.19
07:30:25,"[88.06, 17]","[87.93, 73]","[107.84, 19]","[110.4, 20]",97.95,129,19.78,0.4
07:30:26,"[82.25, 36]","[44.75, 24]","[107.33, 27]","[190.84, 32]",94.79,119,25.08,0.01
07:30:27,"[95.35, 31]","[93.46, 13]","[105.0, 11]","[106.0, 16]",100.18,71,9.65,0.24
07:30:28,"[96.27, 33]","[94.6, 15]","[102.43, 35]","[105.21, 24]",99.35,107,6.16,-0.1
07:30:29,"[95.57, 21]","[95.11, 19]","[102.0, 32]","[105.0, 40]",98.79,112,6.43,-0.29
07:30:30,"[99.0, 15]","[96.6, 45]","[102.0, 45]","[104.84, 57]",100.5,162,3.0,-0.26
07:30:31,"[96.92, 25]","[95.72, 29]","[102.0, 23]","[104.0, 27]",99.46,104,5.08,0.04
07:30:32,"[96.0, 30]","[93.17, 6]","[102.0, 12]","[104.0, 18]",99.0,66,6.0,0.09
07:30:33,"[96.0, 35]","[93.0, 7]","[101.0, 20]","[103.58, 19]",98.5,81,5.0,0.04
07:30:34,"[96.8, 20]","[95.82, 17]","[100.0, 35]","[102.0, 14]",98.4,86,3.2,-0.14
07:30:35,"[98.33, 24]","[96.25, 36]","[100.0, 60]","[102.0, 24]",99.17,144,1.67,-0.17
07:30:36,"[99.0, 18]","[96.0, 27]","[104.0, 35]","[105.0, 27]",101.5,107,5.0,-0.16
07:30:37,"[99.17, 24]","[95.33, 36]","[104.0, 48]","[105.0, 36]",101.58,144,4.83,-0.17
07:30:38,"[100.0, 18]","[94.0, 27]","[104.0, 36]","[105.0, 27]",102.0,108,4.0,-0.17
07:30:39,"[101.2, 20]","[95.35, 34]","[104.0, 46]","[105.0, 34]",102.6,134,2.8,-0.19
07:30:40,"[98.76, 17]","[96.16, 19]","[105.78, 36]","[180.15, 20]",102.27,92,7.01,-0.22
07:30:41,"[97.66, 44]","[95.12, 16]","[105.14, 21]","[106.25, 48]",101.4,129,7.48,-0.07
07:30:42,"[99.04, 23]","[97.43, 28]","[103.12, 24]","[105.26, 19]",101.08,94,4.08,0.09
07:30:43,"[100.73, 30]","[95.62, 39]","[103.0, 27]","[104.0, 68]",101.87,164,2.27,-0.16
07:30:44,"[101.64, 25]","[97.82, 17]","[103.0, 11]","[104.0, 66]",102.32,119,1.36,-0.29
07:30:45,"[101.0, 10]","[95.0, 30]","[102.42, 12]","[103.37, 49]",101.71,101,1.42,-0.21
07:30:46,"[95.46, 26]","[94.04, 166]","[100.33, 18]","[102.62, 42]",97.9,252,4.87,0.52
07:30:47,"[95.0, 30]","[94.0, 200]","[98.39, 23]","[99.7, 43]",96.7,296,3.39,0.55
07:30:48,"[94.25, 61]","[91.96, 106]","[99.0, 21]","[101.0, 35]",96.62,223,4.75,0.5
07:30:49,"[96.12, 17]","[94.49, 145]","[99.0, 39]","[100.31, 32]",97.56,233,2.88,0.39
07:30:50,"[97.92, 38]","[93.36, 136]","[99.0, 24]","[100.0, 20]",98.46,218,1.08,0.6
07:30:51,"[95.39, 115]","[92.92, 229]","[99.21, 28]","[100.41, 37]",97.3,409,3.82,0.68
07:30:52,"[93.17, 158]","[92.7, 141]","[100.0, 26]","[101.0, 65]",96.59,390,6.83,0.53
07:30:53,"[95.86, 21]","[93.0, 155]","[100.0, 14]","[101.0, 35]",97.93,225,4.14,0.56
07:30:54,"[97.0, 27]","[93.0, 207]","[100.38, 13]","[101.2, 25]",98.69,272,3.38,0.72
07:30:55,"[100.0, 40]","[93.46, 104]","[102.21, 14]","[102.9, 29]",101.11,187,2.21,0.54
07:30:56,"[93.0, 161]","[36.14, 35]","[103.0, 14]","[104.0, 7]",98.0,217,10.0,0.81
07:30:57,"[93.13, 95]","[81.46, 104]","[103.0, 16]","[104.0, 8]",98.06,223,9.87,0.78
07:30:58,"[97.18, 22]","[93.53, 228]","[105.0, 13]","[106.72, 39]",101.09,302,7.82,0.66
07:30:59,"[100.21, 29]","[98.27, 117]","[106.0, 8]","[107.0, 32]",103.1,186,5.79,0.57
07:31:00,"[102.0, 58]","[100.86, 214]","[106.0, 16]","[107.0, 64]",104.0,352,4.0,0.55
07:31:01,"[102.84, 100]","[101.93, 81]","[106.83, 29]","[170.6, 50]",104.83,260,3.99,0.39
07:31:02,"[103.71, 45]","[103.58, 48]","[223.92, 50]","[420.62, 52]",163.82,195,120.21,-0.05
07:31:03,"[111.96, 134]","[108.56, 113]","[212.26, 23]","[320.46, 13]",162.11,283,100.31,0.75
07:31:04,"[113.0, 135]","[112.0, 126]","[201.0, 11]","[206.72, 25]",157.0,297,88.0,0.76
07:31:05,"[113.0, 114]","[112.0, 170]","[184.32, 22]","[201.75, 24]",148.66,330,71.32,0.72
07:31:06,"[113.0, 116]","[112.0, 204]","[177.0, 63]","[200.0, 12]",145.0,395,64.0,0.62
07:31:07,"[113.0, 60]","[112.0, 170]","[176.07, 14]","[177.5, 46]",144.54,290,63.07,0.59
07:31:08,"[113.0, 40]","[112.0, 136]","[155.08, 12]","[176.89, 36]",134.04,224,42.08,0.57
07:31:09,"[113.0, 45]","[112.0, 153]","[139.0, 35]","[157.0, 27]",126.0,260,26.0,0.52
07:31:10,"[113.0, 30]","[112.0, 136]","[154.0, 40]","[173.0, 8]",133.5,214,41.0,0.55
07:31:11,"[113.0, 27]","[112.0, 153]","[144.82, 33]","[155.73, 33]",128.91,246,31.82,0.46
07:31:12,"[113.0, 30]","[112.0, 153]","[150.47, 15]","[153.84, 37]",131.73,235,37.47,0.56
07:31:13,"[113.0, 13]","[112.0, 119]","[148.71, 28]","[151.0, 7]",130.86,167,35.71,0.58
07:31:14,"[113.0, 19]","[112.0, 204]","[147.62, 52]","[322.07, 44]",130.31,319,34.62,0.4
07:31:15,"[112.21, 57]","[111.83, 108]","[145.7, 37]","[147.09, 44]",128.96,246,33.49,0.34
07:31:16,"[112.34, 177]","[110.73, 52]","[142.92, 53]","[144.62, 64]",127.63,346,30.59,0.32
07:31:17,"[117.0, 60]","[112.0, 150]","[138.8, 41]","[140.31, 49]",127.9,300,21.8,0.4
07:31:18,"[117.0, 72]","[112.0, 180]","[137.0, 44]","[138.08, 59]",127.0,355,20.0,0.42
07:31:19,"[117.0, 78]","[112.0, 195]","[131.69, 58]","[133.19, 57]",124.34,388,14.69,0.41
07:31:20,"[117.0, 66]","[112.0, 66]","[126.0, 57]","[127.86, 66]",121.5,255,9.0,0.04
07:31:21,"[115.75, 60]","[111.78, 94]","[120.5, 60]","[121.56, 72]",118.12,286,4.75,0.08
07:31:22,"[112.0, 45]","[111.0, 63]","[115.43, 35]","[116.29, 17]",113.71,160,3.43,0.35
07:31:23,"[111.56, 45]","[110.78, 55]","[113.12, 24]","[121.5, 40]",112.34,164,1.57,0.22
07:31:24,"[111.0, 26]","[107.15, 26]","[112.0, 45]","[204.71, 41]",111.5,138,1.0,-0.25
07:31:25,"[109.67, 24]","[107.62, 26]","[139.0, 32]","[262.38, 24]",124.33,106,29.33,-0.06
07:31:26,"[109.0, 56]","[107.2, 30]","[182.93, 42]","[233.38, 39]",145.96,167,73.93,0.03
07:31:27,"[109.0, 40]","[108.0, 10]","[179.7, 30]","[272.7, 30]",144.35,110,70.7,-0.09
07:31:28,"[111.09, 11]","[109.07, 30]","[176.1, 30]","[298.78, 27]",143.6,98,65.01,-0.16
07:31:29,"[111.46, 13]","[109.0, 52]","[172.84, 49]","[173.86, 42]",142.15,156,61.38,-0.17
07:31:30,"[110.55, 20]","[109.79, 38]","[170.71, 42]","[171.86, 42]",140.63,142,60.16,-0.18
07:31:31,"[107.25, 24]","[102.8, 10]","[169.0, 24]","[171.0, 32]",138.12,90,61.75,-0.24
07:31:32,"[106.46, 28]","[101.75, 12]","[166.14, 37]","[167.83, 35]",136.3,112,59.67,-0.29
07:31:33,"[102.0, 12]","[101.0, 12]","[112.91, 32]","[131.43, 35]",107.45,91,10.91,-0.47
07:31:34,"[103.75, 8]","[102.62, 8]","[105.25, 24]","[106.1, 20]",104.5,60,1.5,-0.47
07:31:35,"[104.0, 9]","[102.0, 9]","[105.72, 25]","[106.4, 15]",104.86,58,1.72,-0.38
07:31:36,"[102.86, 7]","[80.43, 14]","[105.0, 14]","[106.0, 21]",103.93,56,2.14,-0.25
07:31:37,"[102.0, 5]","[75.29, 14]","[105.0, 10]","[106.0, 15]",103.5,44,3.0,-0.14
07:31:38,"[74.74, 23]","[24.04, 26]","[103.18, 34]","[105.24, 63]",88.96,146,28.44,-0.33
07:31:39,"[89.0, 12]","[78.33, 12]","[99.31, 26]","[102.31, 26]",94.15,76,10.31,-0.37
07:31:40,"[90.94, 17]","[77.11, 19]","[98.93, 54]","[101.36, 50]",94.93,140,7.98,-0.49
07:31:41,"[79.86, 14]","[58.6, 10]","[98.88, 32]","[101.18, 44]",89.37,100,19.02,-0.52
07:31:42,"[77.07, 15]","[17.0, 15]","[98.77, 26]","[99.09, 46]",87.92,102,21.7,-0.41
07:31:43,"[66.56, 9]","[25.89, 18]","[99.0, 41]","[100.0, 9]",82.78,77,32.44,-0.3
07:31:44,"[46.0, 8]","[33.0, 8]","[99.0, 16]","[100.0, 6]",72.5,38,53.0,-0.16
07:31:45,"[33.0, 2]","[0, 0]","[103.9, 20]","[105.33, 21]",68.45,43,70.9,-0.91
07:31:46,"[102.0, 10]","[0, 0]","[105.0, 16]","[106.0, 12]",103.5,38,3.0,-0.47
07:31:47,"[102.0, 35]","[57.0, 16]","[104.79, 19]","[105.52, 21]",103.39,91,2.79,0.12
07:31:48,"[102.0, 15]","[63.33, 12]","[103.0, 3]","[104.0, 3]",102.5,33,1.0,0.64
07:31:49,"[102.0, 25]","[29.2, 20]","[105.4, 5]","[106.82, 17]",103.7,67,3.4,0.34
07:31:50,"[102.0, 35]","[16.57, 28]","[106.0, 7]","[107.0, 28]",104.0,98,4.0,0.29
07:31:51,"[102.0, 39]","[47.89, 36]","[106.53, 15]","[129.59, 34]",104.27,124,4.53,0.21
07:31:52,"[102.0, 44]","[63.09, 44]","[215.43, 35]","[388.17, 29]",158.71,152,113.43,0.16
07:31:53,"[111.0, 36]","[102.0, 16]","[389.75, 12]","[517.5, 12]",250.38,76,278.75,0.37
07:31:54,"[111.0, 45]","[104.27, 22]","[326.6, 15]","[731.2, 15]",218.8,97,215.6,0.38
07:31:55,"[111.0, 90]","[107.0, 50]","[566.81, 48]","[637.84, 32]",338.91,220,455.81,0.27
07:31:56,"[111.0, 81]","[107.0, 45]","[463.55, 33]","[573.74, 35]",287.27,194,352.55,0.3
07:31:57,"[111.04, 46]","[108.05, 42]","[271.6, 35]","[490.97, 37]",191.32,160,160.56,0.1
07:31:58,"[111.78, 23]","[110.54, 52]","[161.27, 55]","[452.0, 32]",136.53,162,49.49,-0.07
07:31:59,"[114.0, 11]","[111.67, 15]","[158.27, 55]","[297.81, 31]",136.14,112,44.27,-0.54
07:32:00,"[114.0, 8]","[112.0, 8]","[157.0, 40]","[301.75, 16]",135.5,72,43.0,-0.56
07:32:01,"[114.84, 32]","[112.57, 21]","[155.92, 60]","[225.5, 20]",135.38,133,41.07,-0.2
07:32:02,"[113.52, 77]","[112.65, 31]","[155.0, 80]","[325.28, 29]",134.26,217,41.48,-0.0
07:32:03,"[115.29, 21]","[112.99, 109]","[268.38, 34]","[406.62, 26]",191.83,190,153.1,0.37
07:32:04,"[117.0, 10]","[113.0, 90]","[194.45, 22]","[362.75, 12]",155.73,134,77.45,0.49
07:32:05,"[117.0, 15]","[113.0, 137]","[269.74, 19]","[378.46, 37]",193.37,208,152.74,0.46
07:32:06,"[117.0, 9]","[113.0, 85]","[153.0, 9]","[291.89, 27]",135.0,130,36.0,0.45
07:32:07,"[113.09, 86]","[112.6, 30]","[129.67, 42]","[180.33, 21]",121.38,179,16.57,0.3
07:32:08,"[114.03, 58]","[112.96, 95]","[123.82, 17]","[125.0, 85]",118.93,255,9.79,0.2
07:32:09,"[113.13, 60]","[112.47, 15]","[122.67, 9]","[125.0, 45]",117.9,129,9.53,0.16
07:32:10,"[113.0, 99]","[112.0, 15]","[122.0, 15]","[125.0, 75]",117.5,204,9.0,0.12
07:32:11,"[113.0, 45]","[112.0, 12]","[120.85, 40]","[121.44, 18]",116.92,115,7.85,-0.01
07:32:12,"[113.0, 10]","[112.0, 9]","[118.33, 12]","[119.2, 15]",115.67,46,5.33,-0.17
07:32:13,"[113.0, 10]","[111.3, 30]","[115.8, 10]","[119.0, 20]",114.4,70,2.8,0.14
07:32:14,"[112.37, 19]","[111.25, 56]","[114.46, 13]","[117.53, 19]",113.41,107,2.09,0.4
07:32:15,"[111.15, 66]","[110.19, 59]","[113.17, 40]","[116.35, 17]",112.16,182,2.02,0.37
07:32:16,"[111.0, 51]","[109.0, 24]","[112.0, 32]","[236.32, 28]",111.5,135,1.0,0.11
07:32:17,"[111.0, 14]","[109.0, 21]","[155.0, 35]","[297.29, 7]",133.0,77,44.0,-0.09
07:32:18,"[107.0, 63]","[106.0, 70]","[301.5, 8]","[423.0, 13]",204.25,154,194.5,0.73
07:32:19,"[107.0, 36]","[106.0, 50]","[173.0, 5]","[398.27, 11]",140.0,102,66.0,0.69
07:32:20,"[109.67, 18]","[106.9, 97]","[135.8, 25]","[338.78, 27]",122.73,167,26.13,0.38
07:32:21,"[112.79, 28]","[107.87, 23]","[138.25, 24]","[231.0, 8]",125.52,83,25.46,0.23
07:32:22,"[113.0, 115]","[111.0, 10]","[255.15, 26]","[441.15, 20]",184.08,171,142.15,0.46
07:32:23,"[113.0, 52]","[108.18, 17]","[316.14, 35]","[318.0, 14]",214.57,118,203.14,0.17
07:32:24,"[113.0, 79]","[110.12, 48]","[315.11, 45]","[436.91, 22]",214.06,194,202.11,0.31
07:32:25,"[113.0, 123]","[112.0, 70]","[158.52, 61]","[288.14, 37]",135.76,291,45.52,0.33
07:32:26,"[113.0, 56]","[112.0, 35]","[155.16, 32]","[252.59, 17]",134.08,140,42.16,0.3
07:32:27,"[113.0, 96]","[112.0, 60]","[153.07, 28]","[178.88, 52]",133.04,236,40.07,0.32
07:32:28,"[113.0, 80]","[112.0, 50]","[148.44, 34]","[152.31, 26]",130.72,190,35.44,0.37
07:32:29,"[113.0, 104]","[112.0, 70]","[148.0, 70]","[150.0, 14]",130.5,258,35.0,0.35
07:32:30,"[113.0, 56]","[112.0, 40]","[140.14, 22]","[146.38, 32]",126.57,150,27.14,0.28
07:32:31,"[113.0, 62]","[112.0, 40]","[138.0, 8]","[140.73, 26]",125.5,136,25.0,0.5
07:32:32,"[113.0, 60]","[112.0, 60]","[136.78, 32]","[139.88, 40]",124.89,192,23.78,0.25
07:32:33,"[113.0, 60]","[112.0, 60]","[133.19, 16]","[134.02, 56]",123.09,192,20.19,0.25
07:32:34,"[113.0, 55]","[112.0, 55]","[121.18, 33]","[122.0, 41]",117.09,184,8.18,0.2
07:32:35,"[113.0, 50]","[112.0, 50]","[117.17, 42]","[118.67, 18]",115.08,160,4.17,0.25
07:32:36,"[112.82, 55]","[111.96, 47]","[115.74, 35]","[159.72, 29]",114.28,166,2.92,0.23
07:32:37,"[112.0, 28]","[111.0, 11]","[147.74, 35]","[270.22, 36]",129.87,110,35.74,-0.29
07:32:38,"[113.11, 18]","[113.4, 25]","[150.24, 42]","[199.77, 43]",131.67,128,37.13,-0.33
07:32:39,"[112.93, 29]","[111.38, 16]","[147.36, 44]","[149.49, 47]",130.15,136,34.43,-0.34
07:32:40,"[109.59, 41]","[108.37, 41]","[146.55, 60]","[147.31, 45]",128.07,187,36.96,-0.12
07:32:41,"[109.0, 22]","[107.0, 22]","[141.74, 46]","[143.0, 31]",125.37,121,32.74,-0.27
07:32:42,"[107.22, 18]","[106.2, 10]","[138.1, 39]","[139.42, 24]",122.66,91,30.88,-0.38
07:32:43,"[107.0, 15]","[106.0, 9]","[119.89, 36]","[135.47, 38]",113.44,98,12.89,-0.51
07:32:44,"[107.64, 83]","[106.69, 29]","[110.33, 40]","[112.56, 48]",108.98,200,2.69,0.12
07:32:45,"[109.56, 90]","[107.0, 36]","[112.21, 38]","[356.93, 29]",110.88,193,2.65,0.31
07:32:46,"[110.0, 64]","[107.0, 32]","[113.12, 25]","[177.52, 25]",111.56,146,3.12,0.32
07:32:47,"[110.3, 80]","[107.0, 40]","[112.1, 10]","[136.12, 34]",111.2,164,1.8,0.46
07:32:48,"[111.82, 39]","[110.11, 72]","[218.47, 38]","[446.94, 47]",165.15,196,106.65,0.13
07:32:49,"[113.67, 12]","[110.25, 69]","[335.33, 36]","[575.0, 36]",224.5,153,221.67,0.06
07:32:50,"[107.73, 77]","[96.15, 59]","[294.78, 32]","[455.52, 23]",201.25,191,187.05,0.42
07:32:51,"[107.0, 125]","[92.22, 36]","[124.83, 24]","[127.69, 39]",115.92,224,17.83,0.44
07:32:52,"[107.0, 109]","[106.0, 32]","[123.6, 25]","[124.19, 31]",115.3,197,16.6,0.43
07:32:53,"[107.0, 67]","[106.0, 24]","[123.0, 12]","[124.0, 30]",115.0,133,16.0,0.37
07:32:54,"[107.0, 139]","[106.0, 44]","[123.0, 22]","[124.0, 55]",115.0,260,16.0,0.41
07:32:55,"[107.39, 109]","[106.41, 170]","[121.51, 84]","[122.39, 57]",114.45,420,14.13,0.33
07:32:56,"[107.0, 182]","[91.0, 14]","[118.79, 28]","[120.0, 70]",112.89,294,11.79,0.33
07:32:57,"[107.16, 154]","[91.45, 75]","[116.44, 39]","[119.64, 66]",111.8,334,9.28,0.37
07:32:58,"[107.0, 110]","[83.89, 19]","[113.25, 44]","[114.1, 50]",110.12,223,6.25,0.16
07:32:59,"[107.0, 127]","[63.17, 35]","[109.67, 64]","[110.47, 64]",108.34,290,2.67,0.12
07:33:00,"[107.0, 47]","[57.29, 28]","[151.5, 36]","[436.96, 45]",129.25,156,44.5,-0.04
07:33:01,"[110.4, 10]","[107.6, 10]","[218.0, 20]","[410.0, 50]",164.2,90,107.6,-0.56
07:33:02,"[117.0, 11]","[111.82, 11]","[195.59, 37]","[232.5, 40]",156.3,99,78.59,-0.56
07:33:03,"[111.67, 15]","[109.78, 9]","[166.0, 14]","[547.0, 35]",138.83,73,54.33,-0.34
07:33:04,"[110.08, 12]","[109.0, 60]","[206.0, 36]","[361.46, 28]",158.04,136,95.92,0.06
07:33:05,"[111.0, 7]","[109.0, 35]","[227.75, 8]","[237.97, 31]",169.38,81,116.75,0.04
07:33:06,"[112.0, 9]","[109.0, 45]","[235.54, 13]","[237.62, 26]",173.77,93,123.54,0.16
07:33:07,"[114.64, 11]","[109.0, 55]","[226.67, 15]","[234.95, 21]",170.65,102,112.03,0.29
07:33:08,"[115.0, 13]","[109.0, 65]","[233.08, 13]","[349.0, 32]",174.04,123,118.08,0.27
07:33:09,"[109.46, 26]","[107.34, 58]","[211.88, 26]","[326.25, 16]",160.67,126,102.42,0.33
07:33:10,"[109.0, 11]","[107.0, 42]","[205.93, 27]","[214.33, 15]",157.46,95,96.93,0.12
07:33:11,"[107.19, 42]","[85.46, 52]","[205.0, 11]","[206.0, 55]",156.1,160,97.81,0.17
07:33:12,"[112.51, 123]","[105.94, 62]","[128.38, 21]","[199.34, 32]",120.45,238,15.87,0.55
07:33:13,"[113.0, 87]","[107.0, 55]","[116.0, 22]","[466.02, 52]",114.5,216,3.0,0.31
07:33:14,"[113.0, 33]","[107.0, 55]","[133.09, 22]","[188.27, 55]",123.05,165,20.09,0.07
07:33:15,"[113.0, 21]","[107.0, 35]","[163.0, 14]","[274.86, 35]",138.0,105,50.0,0.07
07:33:16,"[113.0, 30]","[107.0, 50]","[249.05, 44]","[318.95, 41]",181.02,165,136.05,-0.03
07:33:17,"[112.06, 64]","[108.28, 54]","[235.72, 47]","[295.0, 35]",173.89,200,123.66,0.18
07:33:18,"[112.04, 25]","[111.6, 10]","[255.0, 25]","[309.5, 12]",183.52,72,142.96,-0.03
07:33:19,"[113.0, 31]","[112.0, 60]","[249.6, 35]","[308.82, 33]",181.3,159,136.6,0.14
07:33:20,"[112.77, 35]","[111.96, 56]","[131.2, 40]","[167.2, 35]",121.99,166,18.43,0.1
07:33:21,"[114.03, 37]","[111.36, 11]","[120.12, 32]","[131.64, 22]",117.08,102,6.1,-0.06
07:33:22,"[115.21, 28]","[114.1, 20]","[120.0, 32]","[175.0, 16]",117.61,96,4.79,0.0
07:33:23,"[117.0, 6]","[115.0, 30]","[120.0, 24]","[183.0, 12]",118.5,72,3.0,0.0
07:33:24,"[117.0, 12]","[115.0, 60]","[119.25, 48]","[129.0, 42]",118.12,162,2.25,-0.11
07:33:25,"[115.86, 21]","[114.7, 50]","[117.89, 54]","[158.92, 50]",116.87,175,2.03,-0.19
07:33:26,"[112.23, 13]","[111.08, 13]","[114.9, 40]","[150.44, 39]",113.57,105,2.67,-0.5
07:33:27,"[112.0, 5]","[111.0, 5]","[113.0, 10]","[114.0, 20]",112.5,40,1.0,-0.5
07:33:28,"[111.08, 13]","[107.02, 205]","[112.31, 26]","[114.0, 52]",111.69,296,1.23,0.47
07:33:29,"[107.07, 166]","[99.16, 77]","[113.59, 37]","[181.73, 44]",110.33,324,6.52,0.5
07:33:30,"[107.0, 167]","[76.18, 22]","[112.0, 44]","[113.0, 11]",109.5,244,5.0,0.55
07:33:31,"[107.78, 58]","[106.18, 119]","[110.89, 36]","[111.76, 21]",109.33,234,3.11,0.51
07:33:32,"[107.04, 133]","[83.0, 37]","[109.12, 26]","[110.96, 54]",108.08,250,2.08,0.36
07:33:33,"[107.0, 84]","[64.79, 19]","[109.14, 7]","[111.0, 35]",108.07,145,2.14,0.42
07:33:34,"[107.03, 60]","[77.06, 32]","[110.67, 24]","[119.29, 28]",108.85,144,3.63,0.28
07:33:35,"[109.0, 6]","[107.0, 42]","[197.29, 21]","[297.62, 13]",153.14,82,88.29,0.17
07:33:36,"[112.43, 7]","[109.29, 14]","[277.0, 12]","[428.0, 8]",194.71,41,164.57,0.02
07:33:37,"[112.45, 33]","[110.91, 66]","[276.5, 30]","[337.4, 25]",194.48,154,164.05,0.29
07:33:38,"[115.0, 12]","[111.36, 44]","[276.0, 18]","[382.54, 13]",195.5,87,161.0,0.29
07:33:39,"[115.0, 74]","[113.0, 48]","[273.77, 35]","[413.24, 25]",194.39,182,158.77,0.34
07:33:40,"[114.14, 28]","[111.62, 52]","[266.71, 21]","[404.05, 19]",190.43,120,152.57,0.33
07:33:41,"[111.89, 38]","[110.57, 69]","[275.0, 27]","[417.08, 25]",193.45,159,163.11,0.35
07:33:42,"[111.0, 41]","[109.0, 32]","[274.0, 24]","[593.53, 17]",192.5,114,163.0,0.28
07:33:43,"[111.0, 24]","[109.0, 6]","[272.29, 17]","[385.08, 13]",191.65,60,161.29,0.0
07:33:44,"[111.0, 28]","[109.0, 7]","[267.52, 25]","[268.57, 28]",189.26,88,156.52,-0.2
07:33:45,"[114.78, 74]","[110.96, 57]","[262.23, 64]","[264.45, 53]",188.51,248,147.45,0.06
07:33:46,"[115.0, 55]","[111.0, 44]","[242.29, 28]","[253.29, 35]",178.64,162,127.29,0.22
07:33:47,"[115.0, 44]","[111.0, 52]","[186.05, 21]","[210.64, 28]",150.52,145,71.05,0.32
07:33:48,"[111.0, 36]","[107.73, 22]","[144.41, 17]","[156.35, 23]",127.71,98,33.41,0.18
07:33:49,"[113.0, 17]","[108.82, 49]","[143.0, 55]","[144.0, 22]",128.0,143,30.0,-0.08
07:33:50,"[108.2, 65]","[106.68, 145]","[128.83, 35]","[137.53, 40]",118.51,285,20.63,0.47
07:33:51,"[108.73, 60]","[106.59, 82]","[118.06, 69]","[119.07, 28]",113.4,239,9.32,0.19
07:33:52,"[112.09, 88]","[109.0, 65]","[116.0, 45]","[117.07, 56]",114.05,254,3.91,0.2
07:33:53,"[110.14, 28]","[107.27, 74]","[114.29, 14]","[115.86, 29]",112.21,145,4.14,0.41
07:33:54,"[109.0, 60]","[107.0, 192]","[113.04, 57]","[114.37, 27]",111.02,336,4.04,0.5
07:33:55,"[109.0, 40]","[107.0, 160]","[111.74, 39]","[195.16, 38]",110.37,277,2.74,0.44
07:33:56,"[107.26, 92]","[106.61, 75]","[124.06, 32]","[152.57, 37]",115.66,236,16.8,0.42
07:33:57,"[107.0, 112]","[100.0, 21]","[127.11, 9]","[144.69, 16]",117.06,158,20.11,0.68
07:33:58,"[107.0, 162]","[99.38, 32]","[125.25, 12]","[227.0, 16]",116.12,222,18.25,0.75
07:33:59,"[107.0, 69]","[55.71, 7]","[125.0, 7]","[339.19, 16]",116.0,99,18.0,0.54
07:34:00,"[107.0, 35]","[37.8, 10]","[123.86, 7]","[384.0, 35]",115.43,87,16.86,0.03
07:34:01,"[107.0, 48]","[58.3, 20]","[122.91, 11]","[384.0, 55]",114.95,134,15.91,0.01
07:34:02,"[107.0, 87]","[89.46, 26]","[121.13, 30]","[280.79, 33]",114.07,176,14.13,0.28
07:34:03,"[88.61, 18]","[72.12, 25]","[119.5, 20]","[120.09, 22]",104.06,85,30.89,0.01
07:34:04,"[72.6, 30]","[59.18, 34]","[115.5, 16]","[118.86, 29]",94.05,109,42.9,0.17
07:34:05,"[93.62, 16]","[78.55, 22]","[113.25, 24]","[114.33, 15]",103.44,77,19.62,-0.01
07:34:06,"[105.77, 13]","[90.94, 17]","[109.72, 18]","[150.05, 19]",107.75,67,3.95,-0.1
07:34:07,"[103.23, 13]","[86.88, 8]","[108.5, 12]","[160.43, 14]",105.87,47,5.27,-0.11
07:34:08,"[107.0, 37]","[91.71, 7]","[108.0, 21]","[159.0, 12]",107.5,77,1.0,0.14
07:34:09,"[107.0, 35]","[104.0, 7]","[136.71, 17]","[199.8, 10]",121.85,69,29.71,0.22
07:34:10,"[107.0, 30]","[104.0, 6]","[169.0, 12]","[266.67, 6]",138.0,54,62.0,0.33
07:34:11,"[111.08, 25]","[109.19, 37]","[184.82, 22]","[261.62, 13]",147.95,97,73.74,0.28
07:34:12,"[112.45, 11]","[110.31, 29]","[244.0, 18]","[387.25, 16]",178.23,74,131.55,0.08
07:34:13,"[111.0, 33]","[107.0, 55]","[405.0, 21]","[561.18, 22]",258.0,131,294.0,0.34
07:34:14,"[114.86, 42]","[113.0, 86]","[344.0, 15]","[516.24, 21]",229.43,164,229.14,0.56
07:34:15,"[117.0, 27]","[115.0, 87]","[287.14, 29]","[449.85, 13]",202.07,156,170.14,0.46
07:34:16,"[115.08, 75]","[112.18, 34]","[227.44, 27]","[279.78, 36]",171.26,172,112.36,0.27
07:34:17,"[115.0, 90]","[111.0, 45]","[135.18, 22]","[145.7, 69]",125.09,226,20.18,0.19
07:34:18,"[115.0, 44]","[111.0, 33]","[128.26, 27]","[130.79, 39]",121.63,143,13.26,0.08
07:34:19,"[115.0, 64]","[111.0, 48]","[125.38, 16]","[128.0, 80]",120.19,208,10.38,0.08
07:34:20,"[115.0, 40]","[112.37, 70]","[123.79, 14]","[127.93, 56]",119.39,180,8.79,0.22
07:34:21,"[113.24, 124]","[112.14, 70]","[120.4, 55]","[121.47, 49]",116.82,298,7.16,0.3
07:34:22,"[113.0, 116]","[111.0, 51]","[116.24, 33]","[116.96, 69]",114.62,269,3.24,0.24
07:34:23,"[110.79, 38]","[108.31, 64]","[111.76, 29]","[115.77, 64]",111.27,195,0.97,0.05
07:34:24,"[107.09, 67]","[106.27, 37]","[110.08, 60]","[154.05, 44]",108.59,208,2.99,0.0
07:34:25,"[108.97, 119]","[106.9, 87]","[149.43, 51]","[257.97, 35]",129.2,292,40.46,0.41
07:34:26,"[110.2, 120]","[104.1, 60]","[238.25, 40]","[288.23, 39]",174.22,259,128.05,0.39
07:34:27,"[111.0, 72]","[103.38, 34]","[216.91, 11]","[242.54, 26]",163.95,143,105.91,0.48
07:34:28,"[112.58, 76]","[110.02, 53]","[177.41, 17]","[208.11, 27]",145.0,173,64.83,0.49
07:34:29,"[117.0, 35]","[115.0, 56]","[143.05, 20]","[182.42, 24]",130.03,135,26.05,0.35
07:34:30,"[117.0, 60]","[115.0, 96]","[127.91, 33]","[260.54, 26]",122.45,215,10.91,0.45
07:34:31,"[117.0, 55]","[115.0, 88]","[125.19, 26]","[126.72, 29]",121.1,198,8.19,0.44
07:34:32,"[117.0, 40]","[115.0, 64]","[123.47, 19]","[124.57, 21]",120.24,144,6.47,0.44
07:34:33,"[117.0, 70]","[115.0, 112]","[121.07, 28]","[124.0, 42]",119.04,252,4.07,0.44
07:34:34,"[115.68, 73]","[114.39, 49]","[120.0, 22]","[124.0, 33]",117.84,177,4.32,0.38
07:34:35,"[115.0, 88]","[113.0, 11]","[119.36, 22]","[124.0, 33]",117.18,154,4.36,0.29
07:34:36,"[115.0, 80]","[113.0, 10]","[117.0, 20]","[124.0, 30]",116.0,140,2.0,0.29
07:34:37,"[115.0, 31]","[113.0, 7]","[116.0, 14]","[124.0, 21]",115.5,73,1.0,0.04
07:34:38,"[113.55, 11]","[112.06, 17]","[115.33, 18]","[134.95, 19]",114.44,65,1.79,-0.14
07:34:39,"[112.56, 18]","[111.71, 28]","[295.7, 37]","[270.43, 28]",204.13,111,183.15,-0.17
07:34:40,"[114.72, 43]","[111.87, 30]","[298.09, 58]","[346.09, 44]",206.4,175,183.37,-0.17
07:34:41,"[115.0, 30]","[112.0, 20]","[224.8, 50]","[227.0, 50]",169.9,150,109.8,-0.33
07:34:42,"[116.87, 135]","[114.62, 48]","[221.32, 81]","[224.15, 65]",169.09,329,104.45,0.11
07:34:43,"[117.0, 99]","[115.0, 33]","[180.38, 16]","[216.58, 52]",148.69,200,63.38,0.32
07:34:44,"[117.0, 90]","[115.0, 30]","[176.18, 38]","[176.07, 30]",146.59,188,59.18,0.28
07:34:45,"[117.0, 70]","[114.33, 54]","[170.67, 58]","[172.08, 38]",143.84,220,53.67,0.13
07:34:46,"[117.0, 70]","[114.14, 42]","[168.0, 70]","[169.0, 70]",142.5,252,51.0,-0.11
07:34:47,"[115.7, 37]","[113.4, 25]","[167.22, 49]","[168.45, 55]",141.46,166,51.52,-0.25
07:34:48,"[113.46, 79]","[111.94, 32]","[162.42, 64]","[163.63, 71]",137.94,246,48.97,-0.1
07:34:49,"[114.0, 40]","[112.88, 16]","[159.0, 16]","[160.0, 40]",136.5,112,45.0,0.0
07:34:50,"[114.69, 65]","[113.0, 26]","[156.0, 65]","[156.68, 56]",135.35,212,41.31,-0.14
07:34:51,"[115.0, 45]","[113.0, 18]","[151.78, 45]","[155.0, 45]",133.39,153,36.78,-0.18
07:34:52,"[115.0, 25]","[113.0, 22]","[149.41, 37]","[152.27, 55]",132.2,139,34.41,-0.32
07:34:53,"[112.0, 24]","[111.0, 12]","[145.89, 36]","[147.42, 48]",128.94,120,33.89,-0.4
07:34:54,"[111.81, 27]","[109.61, 36]","[142.95, 77]","[143.54, 50]",127.38,190,31.13,-0.34
07:34:55,"[110.46, 35]","[108.62, 52]","[138.5, 80]","[139.68, 53]",124.48,220,28.04,-0.21
07:34:56,"[109.37, 38]","[108.08, 52]","[136.31, 65]","[137.85, 65]",122.84,220,26.94,-0.18
07:34:57,"[110.31, 26]","[109.0, 52]","[131.63, 30]","[133.58, 59]",120.97,167,21.33,-0.07
07:34:58,"[111.75, 24]","[109.0, 48]","[126.58, 48]","[127.38, 42]",119.17,162,14.83,-0.11
07:34:59,"[112.0, 20]","[109.0, 40]","[117.8, 20]","[123.42, 24]",114.9,104,5.8,0.15
07:35:00,"[108.04, 23]","[106.89, 54]","[113.84, 25]","[136.9, 29]",110.94,131,5.8,0.18
07:35:01,"[90.85, 34]","[69.55, 31]","[387.24, 17]","[463.77, 13]",239.04,95,296.38,0.37
07:35:02,"[67.27, 26]","[44.25, 24]","[104.26, 31]","[283.25, 12]",85.76,93,36.99,0.08
07:35:03,"[89.78, 36]","[73.11, 27]","[99.0, 27]","[106.0, 45]",94.39,135,9.22,-0.07
07:35:04,"[94.12, 43]","[91.41, 41]","[99.8, 44]","[110.95, 66]",96.96,194,5.68,-0.13
07:35:05,"[97.42, 24]","[96.77, 26]","[105.04, 28]","[126.44, 32]",101.23,110,7.62,-0.09
07:35:06,"[100.78, 18]","[99.3, 23]","[105.79, 43]","[195.59, 29]",103.28,113,5.01,-0.27
07:35:07,"[105.19, 37]","[104.0, 34]","[308.19, 42]","[445.71, 35]",206.69,148,203.0,-0.04
07:35:08,"[108.56, 18]","[106.55, 22]","[596.11, 27]","[617.41, 29]",352.33,96,487.56,-0.17
07:35:09,"[111.83, 23]","[110.12, 16]","[533.31, 26]","[611.26, 23]",322.57,88,421.48,-0.11
07:35:10,"[113.2, 20]","[112.4, 20]","[358.0, 12]","[487.18, 22]",235.6,74,244.8,0.08
07:35:11,"[113.5, 16]","[112.64, 25]","[390.0, 15]","[477.68, 19]",251.75,75,276.5,0.09
07:35:12,"[110.14, 21]","[95.06, 18]","[443.0, 24]","[678.57, 14]",276.57,77,332.86,0.01
07:35:13,"[117.0, 27]","[115.0, 9]","[521.88, 33]","[633.0, 44]",319.44,113,404.88,-0.36
07:35:14,"[116.71, 21]","[112.6, 15]","[503.0, 24]","[616.54, 41]",309.86,101,386.29,-0.29
07:35:15,"[107.84, 19]","[70.26, 43]","[423.24, 34]","[551.67, 39]",265.54,135,315.39,-0.08
07:35:16,"[105.0, 18]","[45.2, 25]","[108.5, 18]","[110.0, 6]",106.75,67,3.5,0.28
07:35:17,"[106.0, 24]","[81.16, 38]","[249.55, 33]","[110.0, 6]",177.77,101,143.55,0.23
07:35:18,"[113.0, 24]","[106.09, 22]","[319.94, 36]","[304.0, 10]",216.47,92,206.94,0.0
07:35:19,"[113.0, 15]","[105.0, 18]","[156.71, 17]","[187.78, 23]",134.85,73,43.71,-0.1
07:35:20,"[108.79, 19]","[103.57, 35]","[124.25, 12]","[126.0, 20]",116.52,86,15.46,0.26
07:35:21,"[105.0, 91]","[95.0, 45]","[118.65, 31]","[120.0, 33]",111.82,200,13.65,0.36
07:35:22,"[105.05, 42]","[97.42, 33]","[115.5, 18]","[120.0, 20]",110.27,113,10.45,0.33
07:35:23,"[106.0, 22]","[105.0, 55]","[118.09, 33]","[150.79, 47]",112.05,157,12.09,-0.02
07:35:24,"[112.69, 26]","[105.85, 47]","[118.77, 31]","[149.55, 55]",115.73,159,6.08,-0.08
07:35:25,"[113.0, 85]","[106.98, 53]","[115.53, 15]","[116.42, 24]",114.27,177,2.53,0.56
07:35:26,"[113.0, 53]","[112.0, 55]","[114.58, 12]","[116.05, 21]",113.79,141,1.58,0.53
07:35:27,"[113.0, 44]","[112.0, 55]","[115.0, 11]","[116.0, 22]",114.0,132,2.0,0.5
07:35:28,"[113.0, 26]","[112.0, 40]","[114.12, 8]","[204.05, 19]",113.56,93,1.12,0.42
07:35:29,"[112.65, 34]","[111.14, 70]","[113.86, 14]","[402.79, 58]",113.25,176,1.21,0.18
07:35:30,"[112.0, 19]","[105.0, 12]","[304.43, 21]","[367.88, 17]",208.21,69,192.43,-0.1
07:35:31,"[112.0, 21]","[105.0, 14]","[355.47, 34]","[400.0, 35]",233.74,104,243.47,-0.33
07:35:32,"[111.3, 20]","[95.92, 13]","[196.26, 19]","[387.7, 37]",153.78,89,84.96,-0.26
07:35:33,"[108.36, 45]","[98.15, 20]","[281.84, 63]","[304.14, 35]",195.1,163,173.49,-0.2
07:35:34,"[109.0, 99]","[107.43, 14]","[111.85, 39]","[146.33, 48]",110.42,200,2.85,0.13
07:35:35,"[109.0, 25]","[107.0, 5]","[113.0, 25]","[219.0, 25]",111.0,80,4.0,-0.25
07:35:36,"[110.02, 47]","[108.36, 22]","[176.6, 50]","[395.44, 45]",143.31,164,66.58,-0.16
07:35:37,"[113.0, 24]","[109.0, 35]","[347.57, 35]","[527.25, 32]",230.29,126,234.57,-0.06
07:35:38,"[113.0, 22]","[110.62, 79]","[261.22, 45]","[519.27, 48]",187.11,194,148.22,0.04
07:35:39,"[114.23, 26]","[112.5, 32]","[179.76, 34]","[402.24, 45]",147.0,137,65.53,-0.15
07:35:40,"[114.64, 22]","[111.77, 52]","[220.85, 27]","[248.75, 40]",167.74,141,106.22,0.05
07:35:41,"[111.07, 61]","[109.45, 71]","[127.31, 35]","[242.21, 29]",119.19,196,16.25,0.35
07:35:42,"[111.32, 19]","[109.29, 41]","[119.31, 13]","[121.0, 65]",115.31,138,7.99,-0.13
07:35:43,"[114.67, 9]","[111.0, 9]","[119.0, 9]","[121.0, 45]",116.83,72,4.33,-0.5
07:35:44,"[115.0, 12]","[112.6, 40]","[117.42, 12]","[184.57, 42]",116.21,106,2.42,-0.02
07:35:45,"[113.59, 37]","[112.93, 91]","[294.38, 26]","[380.21, 63]",203.99,217,180.79,0.18
07:35:46,"[113.51, 47]","[112.5, 24]","[592.11, 45]","[684.33, 36]",352.81,152,478.6,-0.07
07:35:47,"[117.0, 18]","[113.0, 54]","[198.6, 20]","[355.31, 42]",157.8,134,81.6,0.07
07:35:48,"[117.0, 14]","[113.0, 42]","[262.0, 35]","[311.32, 19]",189.5,110,145.0,0.02
07:35:49,"[117.0, 16]","[113.0, 48]","[370.29, 28]","[617.36, 22]",243.64,114,253.29,0.12
07:35:50,"[113.0, 28]","[111.0, 7]","[258.79, 19]","[411.9, 29]",185.89,83,145.79,-0.16
07:35:51,"[111.0, 8]","[109.0, 8]","[157.12, 16]","[223.0, 24]",134.06,56,46.12,-0.43
07:35:52,"[111.0, 6]","[109.0, 6]","[286.0, 18]","[335.08, 26]",198.5,56,175.0,-0.57
07:35:53,"[111.0, 6]","[109.0, 6]","[320.33, 24]","[356.57, 21]",215.67,57,209.33,-0.58
07:35:54,"[111.0, 8]","[109.0, 8]","[318.5, 32]","[438.69, 26]",214.75,74,207.5,-0.57
07:35:55,"[109.29, 14]","[106.55, 44]","[294.29, 42]","[413.85, 41]",201.79,141,185.0,-0.18
07:35:56,"[107.33, 43]","[106.65, 139]","[316.07, 41]","[462.63, 38]",211.7,261,208.75,0.39
07:35:57,"[110.94, 34]","[107.08, 99]","[312.24, 34]","[314.26, 43]",211.59,210,201.29,0.27
07:35:58,"[113.0, 22]","[108.0, 12]","[309.71, 21]","[312.29, 21]",211.36,76,196.71,-0.11
07:35:59,"[109.62, 16]","[107.01, 171]","[290.9, 48]","[306.72, 43]",200.26,278,181.27,0.35
07:36:00,"[114.0, 46]","[107.56, 151]","[174.3, 79]","[168.33, 57]",144.15,333,60.3,0.18
07:36:01,"[115.0, 44]","[111.47, 17]","[144.27, 45]","[145.38, 42]",129.63,148,29.27,-0.18
07:36:02,"[115.0, 84]","[112.0, 22]","[138.05, 78]","[140.09, 86]",126.53,270,23.05,-0.21
07:36:03,"[115.0, 32]","[112.89, 56]","[132.84, 58]","[133.66, 62]",123.92,208,17.84,-0.15
07:36:04,"[115.0, 18]","[113.0, 45]","[128.24, 29]","[129.09, 35]",121.62,127,13.24,-0.01
07:36:05,"[115.0, 32]","[113.0, 80]","[124.4, 70]","[126.06, 52]",119.7,234,9.4,-0.04
07:36:06,"[113.09, 47]","[112.06, 80]","[119.35, 63]","[120.53, 59]",116.22,249,6.26,0.02
07:36:07,"[111.53, 45]","[109.6, 65]","[113.55, 33]","[115.85, 39]",112.54,182,2.01,0.21
07:36:08,"[109.4, 60]","[106.82, 66]","[111.92, 52]","[194.28, 39]",110.66,217,2.52,0.16
07:36:09,"[107.0, 48]","[106.0, 36]","[109.91, 44]","[367.1, 42]",108.45,170,2.91,-0.01
07:36:10,"[107.0, 18]","[106.0, 27]","[109.73, 15]","[329.82, 33]",108.37,93,2.73,-0.03
07:36:11,"[107.0, 13]","[106.0, 27]","[108.45, 11]","[295.21, 29]",107.73,80,1.45,0.0
07:36:12,"[106.36, 14]","[88.76, 29]","[270.95, 20]","[383.66, 32]",188.65,95,164.59,-0.09
07:36:13,"[113.88, 48]","[91.09, 22]","[313.31, 32]","[362.88, 16]",213.59,118,199.44,0.19
07:36:14,"[115.0, 54]","[111.0, 20]","[322.57, 46]","[437.82, 38]",218.78,158,207.57,-0.06
07:36:15,"[113.62, 26]","[98.2, 35]","[277.0, 60]","[327.75, 60]",195.31,181,163.38,-0.33
07:36:16,"[107.67, 18]","[95.64, 14]","[247.0, 45]","[405.53, 17]",177.33,94,139.33,-0.32
07:36:17,"[111.0, 12]","[106.0, 12]","[199.0, 6]","[275.21, 14]",155.0,44,88.0,0.09
07:36:18,"[111.0, 10]","[106.0, 10]","[245.67, 9]","[639.76, 17]",178.33,46,134.67,-0.13
07:36:19,"[112.86, 29]","[110.5, 20]","[234.59, 22]","[443.6, 50]",173.73,121,121.73,-0.19
07:36:20,"[113.0, 36]","[108.89, 27]","[145.0, 12]","[180.27, 44]",129.0,119,32.0,0.06
07:36:21,"[108.55, 33]","[103.93, 29]","[129.75, 12]","[190.32, 44]",119.15,118,21.2,0.05
07:36:22,"[106.75, 24]","[101.46, 37]","[115.26, 23]","[117.26, 19]",111.01,103,8.51,0.18
07:36:23,"[105.4, 20]","[91.76, 29]","[111.08, 26]","[111.68, 34]",108.24,109,5.68,-0.1
07:36:24,"[106.88, 16]","[105.0, 16]","[109.12, 8]","[111.0, 40]",108.0,80,2.25,-0.2
07:36:25,"[107.3, 20]","[102.14, 21]","[109.6, 50]","[207.68, 38]",108.45,129,2.3,-0.36
07:36:26,"[106.5, 24]","[98.33, 27]","[108.56, 54]","[423.02, 56]",107.53,161,2.06,-0.37
07:36:27,"[106.14, 42]","[105.38, 26]","[295.08, 36]","[600.55, 38]",200.61,142,188.94,-0.04
07:36:28,"[106.0, 25]","[105.0, 22]","[543.14, 35]","[590.71, 35]",324.57,117,437.14,-0.2
07:36:29,"[111.85, 33]","[105.8, 20]","[238.6, 30]","[451.14, 22]",175.22,105,126.75,0.01
07:36:30,"[113.0, 65]","[105.0, 26]","[287.2, 25]","[317.07, 15]",200.1,131,174.2,0.39
07:36:31,"[113.09, 45]","[107.09, 23]","[234.12, 16]","[265.22, 54]",173.61,138,121.04,-0.01
07:36:32,"[109.62, 13]","[103.26, 23]","[238.73, 22]","[300.17, 29]",174.17,87,129.11,-0.17
07:36:33,"[110.4, 10]","[105.0, 15]","[155.0, 10]","[271.33, 15]",132.7,50,44.6,0.0
07:36:34,"[112.92, 13]","[108.64, 22]","[153.72, 25]","[174.71, 14]",133.32,74,40.8,-0.05
07:36:35,"[114.5, 6]","[113.0, 6]","[151.83, 12]","[161.0, 6]",133.17,30,37.33,-0.2
07:36:36,"[115.0, 6]","[113.0, 6]","[150.67, 12]","[437.56, 16]",132.83,40,35.67,-0.4
07:36:37,"[115.0, 11]","[113.0, 11]","[119.87, 15]","[141.24, 17]",117.43,54,4.87,-0.19
07:36:38,"[116.4, 10]","[114.4, 10]","[119.0, 20]","[120.0, 10]",117.7,50,2.6,-0.2
07:36:39,"[108.38, 29]","[106.82, 22]","[118.05, 20]","[119.09, 22]",113.21,93,9.67,0.1
07:36:40,"[107.0, 27]","[105.0, 20]","[116.0, 23]","[116.86, 22]",111.5,92,9.0,0.02
07:36:41,"[103.24, 25]","[66.65, 23]","[112.25, 32]","[113.09, 22]",107.75,102,9.01,-0.06
07:36:42,"[105.0, 30]","[65.75, 16]","[109.8, 20]","[110.46, 35]",107.4,101,4.8,-0.09
07:36:43,"[103.84, 31]","[70.0, 21]","[107.78, 46]","[110.09, 44]",105.81,142,3.94,-0.27
07:36:44,"[103.45, 55]","[76.65, 20]","[107.13, 45]","[108.22, 36]",105.29,156,3.68,-0.04
07:36:45,"[95.83, 24]","[53.87, 15]","[131.34, 29]","[159.18, 39]",113.59,107,35.51,-0.27
07:36:46,"[102.83, 12]","[94.89, 9]","[197.15, 13]","[367.0, 7]",149.99,41,94.32,0.02
07:36:47,"[112.0, 12]","[97.0, 12]","[358.44, 9]","[530.44, 9]",235.22,42,246.44,0.14
07:36:48,"[112.0, 16]","[104.5, 16]","[455.57, 14]","[566.9, 10]",283.79,56,343.57,0.14
07:36:49,"[114.4, 60]","[109.0, 20]","[181.64, 22]","[377.38, 13]",148.02,115,67.24,0.39
07:36:50,"[115.0, 108]","[112.0, 18]","[162.0, 27]","[359.8, 10]",138.5,163,47.0,0.55
07:36:51,"[115.0, 156]","[112.0, 32]","[162.0, 48]","[402.31, 32]",138.5,268,47.0,0.4
07:36:52,"[115.0, 135]","[112.0, 32]","[276.13, 75]","[335.29, 21]",195.57,263,161.13,0.27
07:36:53,"[115.0, 54]","[112.0, 18]","[280.0, 45]","[584.8, 25]",197.5,142,165.0,0.01
07:36:54,"[115.0, 66]","[112.0, 22]","[280.0, 55]","[367.24, 25]",197.5,168,165.0,0.05
07:36:55,"[115.0, 31]","[112.0, 16]","[280.0, 40]","[309.0, 8]",197.5,95,165.0,-0.01
07:36:56,"[115.0, 45]","[112.0, 18]","[197.29, 21]","[225.0, 23]",156.14,107,82.29,0.18
07:36:57,"[115.0, 55]","[112.0, 22]","[155.07, 29]","[171.73, 22]",135.03,128,40.07,0.2
07:36:58,"[115.0, 49]","[112.0, 26]","[150.4, 42]","[156.39, 38]",132.7,155,35.4,-0.03
07:36:59,"[112.43, 21]","[111.04, 54]","[122.14, 70]","[144.36, 22]",117.29,167,9.71,-0.1
07:37:00,"[112.0, 9]","[111.0, 36]","[119.81, 27]","[122.61, 36]",115.91,108,7.81,-0.17
07:37:01,"[111.8, 20]","[110.89, 38]","[118.4, 50]","[154.2, 20]",115.1,128,6.6,-0.09
07:37:02,"[112.83, 47]","[110.91, 46]","[117.45, 20]","[145.26, 54]",115.14,167,4.62,0.11
07:37:03,"[109.4, 20]","[107.45, 71]","[115.13, 15]","[117.94, 51]",112.27,157,5.73,0.16
07:37:04,"[109.0, 20]","[107.0, 70]","[113.2, 46]","[114.29, 14]",111.1,150,4.2,0.2
07:37:05,"[109.0, 11]","[107.0, 63]","[175.56, 18]","[263.52, 27]",142.28,119,66.56,0.24
07:37:06,"[110.23, 26]","[107.92, 26]","[201.36, 47]","[212.55, 33]",155.8,132,91.13,-0.21
07:37:07,"[111.5, 16]","[109.0, 8]","[186.0, 24]","[276.86, 29]",148.75,77,74.5,-0.38
07:37:08,"[112.5, 14]","[109.0, 11]","[186.0, 33]","[320.0, 33]",149.25,91,73.5,-0.45
07:37:09,"[113.7, 10]","[109.0, 10]","[186.0, 30]","[327.71, 35]",149.85,85,72.3,-0.53
07:37:10,"[115.0, 3]","[109.0, 3]","[186.0, 9]","[296.0, 10]",150.5,25,71.0,-0.52
07:37:11,"[115.0, 10]","[111.0, 90]","[186.0, 30]","[350.0, 40]",150.5,170,71.0,0.18
07:37:12,"[115.0, 6]","[111.0, 54]","[185.17, 18]","[350.0, 24]",150.08,102,70.17,0.18
07:37:13,"[111.21, 39]","[110.33, 27]","[184.27, 33]","[215.09, 44]",147.74,143,73.07,-0.08
07:37:14,"[111.0, 15]","[109.0, 9]","[183.0, 27]","[216.56, 36]",147.0,87,72.0,-0.45
07:37:15,"[111.0, 9]","[109.0, 9]","[181.11, 27]","[362.51, 39]",146.06,84,70.11,-0.57
07:37:16,"[111.31, 13]","[109.62, 13]","[163.23, 39]","[326.61, 51]",137.27,116,51.92,-0.55
07:37:17,"[111.27, 11]","[109.64, 11]","[135.4, 30]","[166.82, 34]",123.34,86,24.13,-0.49
07:37:18,"[108.78, 9]","[106.92, 36]","[135.0, 27]","[264.38, 39]",121.89,111,26.22,-0.19
07:37:19,"[111.0, 11]","[108.76, 17]","[133.25, 16]","[135.0, 24]",122.12,68,22.25,-0.18
07:37:20,"[113.0, 9]","[111.88, 32]","[132.35, 23]","[134.09, 22]",122.67,86,19.35,-0.05
07:37:21,"[112.07, 87]","[111.82, 102]","[130.94, 32]","[131.71, 28]",121.5,249,18.87,0.52
07:37:22,"[112.39, 76]","[111.88, 116]","[125.39, 36]","[127.16, 38]",118.89,266,12.99,0.44
07:37:23,"[112.0, 132]","[109.08, 12]","[121.0, 24]","[122.0, 36]",116.5,204,9.0,0.41
07:37:24,"[112.0, 78]","[109.0, 8]","[119.12, 16]","[120.12, 16]",115.56,118,7.12,0.46
07:37:25,"[112.51, 47]","[111.77, 78]","[116.47, 38]","[117.38, 32]",114.49,195,3.96,0.28
07:37:26,"[112.0, 38]","[109.0, 8]","[113.47, 19]","[135.75, 24]",112.74,89,1.47,0.03
07:37:27,"[112.19, 26]","[111.05, 22]","[153.61, 46]","[306.31, 58]",132.9,152,41.42,-0.37
07:37:28,"[113.6, 10]","[112.0, 30]","[141.7, 40]","[317.39, 46]",127.65,126,28.1,-0.37
07:37:29,"[114.58, 12]","[112.0, 36]","[154.0, 48]","[382.89, 44]",134.29,140,39.42,-0.31
07:37:30,"[115.0, 7]","[112.0, 21]","[152.46, 24]","[181.71, 28]",133.73,80,37.46,-0.3
07:37:31,"[115.0, 10]","[112.0, 30]","[149.39, 36]","[150.53, 34]",132.19,110,34.39,-0.27
07:37:32,"[110.85, 26]","[111.29, 28]","[147.36, 33]","[148.24, 37]",129.1,124,36.52,-0.13
07:37:33,"[109.0, 54]","[107.0, 12]","[132.25, 20]","[147.45, 22]",120.62,108,23.25,0.22
07:37:34,"[109.0, 63]","[107.0, 14]","[141.29, 21]","[147.56, 27]",125.14,125,32.29,0.23
07:37:35,"[109.0, 54]","[107.0, 18]","[120.75, 28]","[124.14, 29]",114.88,129,11.75,0.12
07:37:36,"[109.12, 48]","[107.86, 28]","[119.0, 27]","[120.0, 36]",114.06,139,9.88,0.09
07:37:37,"[110.16, 25]","[109.22, 54]","[117.67, 36]","[119.56, 41]",113.91,156,7.51,0.01
07:37:38,"[112.12, 17]","[109.93, 28]","[115.97, 29]","[116.89, 27]",114.04,101,3.85,-0.11
07:37:39,"[109.84, 25]","[108.22, 69]","[113.64, 36]","[114.55, 38]",111.74,168,3.8,0.12
07:37:40,"[109.0, 54]","[107.0, 81]","[110.71, 35]","[111.84, 37]",109.86,207,1.71,0.3
07:37:41,"[107.49, 49]","[90.76, 102]","[109.87, 30]","[207.5, 40]",108.68,221,2.38,0.37
07:37:42,"[107.0, 21]","[66.0, 48]","[108.83, 12]","[109.71, 14]",107.92,95,1.83,0.45
07:37:43,"[70.89, 82]","[17.98, 60]","[108.36, 14]","[112.08, 26]",89.62,182,37.47,0.56
07:37:44,"[107.36, 75]","[84.38, 76]","[208.88, 17]","[235.79, 14]",158.12,182,101.52,0.66
07:37:45,"[115.88, 24]","[107.84, 31]","[299.42, 26]","[306.0, 18]",207.65,99,183.55,0.11
07:37:46,"[117.0, 21]","[115.0, 7]","[250.73, 11]","[252.03, 31]",183.86,70,133.73,-0.2
07:37:47,"[117.0, 24]","[115.0, 8]","[247.25, 40]","[249.0, 8]",182.12,80,130.25,-0.2
07:37:48,"[117.0, 27]","[115.0, 9]","[247.0, 45]","[249.0, 9]",182.0,90,130.0,-0.2
07:37:49,"[116.8, 20]","[113.5, 12]","[246.83, 24]","[247.33, 24]",181.82,80,130.03,-0.2
07:37:50,"[112.12, 25]","[111.27, 11]","[242.77, 13]","[246.07, 41]",177.44,90,130.65,-0.2
07:37:51,"[112.0, 15]","[111.0, 5]","[237.05, 21]","[239.11, 9]",174.52,50,125.05,-0.2
07:37:52,"[112.0, 30]","[111.0, 10]","[234.2, 46]","[236.57, 14]",173.1,100,122.2,-0.2
07:37:53,"[112.0, 5]","[111.0, 5]","[176.42, 12]","[210.53, 17]",144.21,39,64.42,-0.49
07:37:54,"[112.0, 6]","[111.0, 6]","[173.89, 18]","[174.33, 12]",142.94,42,61.89,-0.43
07:37:55,"[112.0, 33]","[111.0, 13]","[169.08, 53]","[170.03, 29]",140.54,128,57.08,-0.28
07:37:56,"[112.0, 24]","[111.0, 18]","[165.85, 41]","[166.86, 51]",138.93,134,53.85,-0.37
07:37:57,"[110.04, 46]","[108.23, 26]","[157.44, 71]","[162.19, 52]",133.74,195,47.39,-0.26
07:37:58,"[108.68, 75]","[107.4, 75]","[117.85, 53]","[119.91, 33]",113.26,236,9.17,0.27
07:37:59,"[109.45, 53]","[107.9, 120]","[114.28, 32]","[114.42, 45]",111.87,250,4.83,0.38
07:38:00,"[107.0, 104]","[106.0, 48]","[114.12, 48]","[289.67, 58]",110.56,258,7.12,0.18
07:38:01,"[107.37, 46]","[106.85, 47]","[115.0, 35]","[406.0, 35]",111.18,163,7.63,0.14
07:38:02,"[110.0, 30]","[108.17, 30]","[115.0, 48]","[395.05, 37]",112.5,145,5.0,-0.17
07:38:03,"[111.42, 67]","[110.7, 33]","[114.92, 48]","[260.35, 46]",113.17,194,3.5,0.03
07:38:04,"[112.0, 28]","[111.0, 28]","[113.29, 28]","[272.0, 28]",112.64,112,1.29,0.0
07:38:05,"[112.85, 39]","[110.84, 38]","[245.31, 52]","[468.52, 29]",179.08,158,132.46,-0.03
07:38:06,"[115.0, 24]","[111.0, 32]","[501.7, 10]","[599.72, 32]",308.35,98,386.7,0.14
07:38:07,"[114.27, 22]","[110.85, 26]","[325.43, 28]","[388.75, 16]",219.85,92,211.16,0.04
07:38:08,"[111.0, 16]","[109.0, 8]","[212.23, 26]","[283.94, 16]",161.62,66,101.23,-0.27
07:38:09,"[108.59, 39]","[107.12, 48]","[156.95, 42]","[192.2, 15]",132.77,144,48.36,0.21
07:38:10,"[108.42, 76]","[106.42, 55]","[173.52, 25]","[214.79, 53]",140.97,209,65.1,0.25
07:38:11,"[113.0, 33]","[108.82, 44]","[128.74, 19]","[220.71, 14]",120.87,110,15.74,0.4
07:38:12,"[111.91, 33]","[108.45, 44]","[126.36, 22]","[249.54, 39]",119.14,138,14.45,0.12
07:38:13,"[108.65, 40]","[106.89, 38]","[124.2, 20]","[156.0, 40]",116.43,138,15.55,0.13
07:38:14,"[109.0, 56]","[107.0, 24]","[123.0, 16]","[207.75, 32]",116.0,128,14.0,0.25
07:38:15,"[110.38, 78]","[107.0, 39]","[121.69, 26]","[342.9, 20]",116.04,163,11.31,0.44
07:38:16,"[112.0, 48]","[107.0, 56]","[121.0, 16]","[219.82, 28]",116.5,148,9.0,0.41
07:38:17,"[114.51, 37]","[110.56, 54]","[121.0, 20]","[424.31, 26]",117.76,137,6.49,0.33
07:38:18,"[115.0, 5]","[112.0, 30]","[121.0, 10]","[353.31, 13]",118.0,58,6.0,0.21
07:38:19,"[113.0, 24]","[109.73, 88]","[118.34, 35]","[251.74, 46]",115.67,193,5.34,0.16
07:38:20,"[112.0, 24]","[107.0, 60]","[115.52, 29]","[116.32, 31]",113.76,144,3.52,0.17
07:38:21,"[109.27, 49]","[96.59, 74]","[113.95, 41]","[158.84, 32]",111.61,196,4.69,0.26
07:38:22,"[110.1, 39]","[108.6, 42]","[113.75, 24]","[214.0, 36]",111.93,141,3.65,0.15
07:38:23,"[111.21, 47]","[109.0, 70]","[113.5, 30]","[167.67, 36]",112.36,183,2.29,0.28
07:38:24,"[114.0, 20]","[107.22, 37]","[214.67, 27]","[349.13, 23]",164.33,107,100.67,0.07
07:38:25,"[111.0, 6]","[107.0, 30]","[272.25, 24]","[459.17, 18]",191.62,78,161.25,-0.08
07:38:26,"[107.24, 21]","[81.23, 22]","[159.0, 30]","[354.17, 18]",133.12,91,51.76,-0.05
07:38:27,"[95.0, 25]","[66.67, 30]","[159.0, 30]","[315.0, 18]",127.0,103,64.0,0.07
07:38:28,"[87.0, 25]","[21.4, 25]","[157.91, 23]","[203.1, 21]",122.46,94,70.91,0.06
07:38:29,"[101.12, 64]","[67.77, 56]","[154.63, 43]","[155.89, 47]",127.88,210,53.5,0.14
07:38:30,"[113.0, 16]","[107.0, 80]","[151.8, 35]","[154.03, 37]",132.4,168,38.8,0.14
07:38:31,"[113.0, 22]","[109.0, 77]","[148.5, 50]","[149.46, 46]",130.75,195,35.5,0.02
07:38:32,"[113.0, 20]","[109.0, 70]","[143.33, 42]","[144.7, 46]",128.17,178,30.33,0.01
07:38:33,"[109.39, 62]","[107.42, 101]","[138.23, 43]","[140.94, 47]",123.81,253,28.85,0.29
07:38:34,"[110.04, 56]","[108.46, 87]","[129.35, 37]","[130.21, 38]",119.69,218,19.32,0.31
07:38:35,"[110.0, 96]","[109.0, 84]","[127.07, 59]","[128.08, 48]",118.53,287,17.07,0.25
07:38:36,"[111.6, 120]","[109.0, 105]","[125.6, 60]","[126.65, 69]",118.6,354,14.0,0.27
07:38:37,"[112.0, 78]","[109.0, 105]","[122.58, 69]","[123.55, 65]",117.29,317,10.58,0.15
07:38:38,"[112.0, 75]","[109.0, 105]","[117.38, 61]","[119.03, 74]",114.69,315,5.38,0.14
07:38:39,"[112.0, 50]","[110.0, 55]","[113.41, 49]","[115.02, 49]",112.7,203,1.41,0.03
07:38:40,"[110.1, 58]","[109.06, 82]","[111.7, 43]","[112.57, 56]",110.9,239,1.59,0.17
07:38:41,"[109.19, 52]","[107.58, 121]","[175.0, 55]","[236.79, 43]",142.1,271,65.81,0.28
07:38:42,"[109.0, 31]","[107.0, 105]","[227.16, 25]","[267.44, 25]",168.08,186,118.16,0.46
07:38:43,"[108.19, 74]","[106.08, 171]","[226.0, 39]","[476.56, 57]",167.09,341,117.81,0.44
07:38:44,"[108.36, 236]","[102.26, 190]","[211.41, 46]","[268.17, 72]",159.89,544,103.05,0.57
07:38:45,"[109.0, 91]","[107.0, 135]","[116.0, 18]","[193.0, 27]",112.5,271,7.0,0.67
07:38:46,"[109.0, 70]","[107.0, 150]","[175.04, 25]","[205.5, 30]",142.02,275,66.04,0.6
07:38:47,"[109.0, 83]","[107.0, 195]","[167.79, 38]","[240.5, 34]",138.39,350,58.79,0.59
07:38:48,"[109.0, 40]","[107.0, 90]","[162.38, 26]","[391.88, 24]",135.69,180,53.38,0.44
07:38:49,"[113.67, 18]","[108.37, 41]","[276.17, 30]","[460.1, 30]",194.92,119,162.5,-0.01
07:38:50,"[115.0, 22]","[109.0, 44]","[406.27, 15]","[422.67, 45]",260.63,126,291.27,0.05
07:38:51,"[109.13, 23]","[108.19, 62]","[182.56, 18]","[417.39, 18]",145.84,121,73.43,0.4
07:38:52,"[109.05, 21]","[107.27, 66]","[192.61, 18]","[355.88, 26]",150.83,131,83.56,0.33
07:38:53,"[110.79, 47]","[107.48, 120]","[351.4, 10]","[353.0, 10]",231.09,187,240.61,0.79
07:38:54,"[113.0, 56]","[109.0, 84]","[190.29, 24]","[237.65, 20]",151.65,184,77.29,0.52
07:38:55,"[113.0, 56]","[110.5, 24]","[196.62, 8]","[198.5, 12]",154.81,100,83.62,0.6
07:38:56,"[113.0, 95]","[111.0, 33]","[162.38, 13]","[164.93, 15]",137.69,156,49.38,0.64
07:38:57,"[114.64, 22]","[112.94, 100]","[154.1, 10]","[155.1, 10]",134.37,142,39.46,0.72
07:38:58,"[117.0, 11]","[113.08, 75]","[151.0, 11]","[153.73, 11]",134.0,108,34.0,0.59
07:38:59,"[117.0, 7]","[115.0, 7]","[148.29, 7]","[149.71, 7]",132.64,28,31.29,0.0
07:39:00,"[113.05, 73]","[112.18, 17]","[144.73, 11]","[146.0, 10]",128.89,111,31.67,0.62
07:39:01,"[113.0, 106]","[112.0, 28]","[139.5, 26]","[141.47, 15]",126.25,175,26.5,0.53
07:39:02,"[114.21, 62]","[113.55, 69]","[137.06, 35]","[138.12, 25]",125.63,191,22.85,0.37
07:39:03,"[117.0, 10]","[115.0, 70]","[136.56, 34]","[137.73, 22]",126.78,136,19.56,0.18
07:39:04,"[117.0, 6]","[115.0, 42]","[133.45, 22]","[134.69, 26]",125.23,96,16.45,0.0
07:39:05,"[115.62, 13]","[114.71, 42]","[131.0, 14]","[131.59, 17]",123.31,86,15.38,0.28
07:39:06,"[115.0, 81]","[113.0, 46]","[128.53, 17]","[130.5, 28]",121.76,172,13.53,0.48
07:39:07,"[115.0, 73]","[113.0, 63]","[124.45, 42]","[125.45, 31]",119.73,209,9.45,0.3
07:39:08,"[114.14, 56]","[112.92, 78]","[122.12, 16]","[123.55, 29]",118.13,179,7.98,0.5
07:39:09,"[113.0, 46]","[112.0, 22]","[117.83, 23]","[118.8, 30]",115.41,121,4.83,0.12
07:39:10,"[111.73, 33]","[109.12, 67]","[113.78, 18]","[118.17, 36]",112.75,154,2.05,0.3
07:39:11,"[111.0, 35]","[109.0, 7]","[113.0, 7]","[119.0, 21]",112.0,70,2.0,0.2
07:39:12,"[110.74, 38]","[107.2, 89]","[112.16, 32]","[161.53, 34]",111.45,193,1.42,0.32
07:39:13,"[107.07, 81]","[101.99, 81]","[112.78, 9]","[212.43, 44]",109.93,215,5.7,0.51
07:39:14,"[107.0, 92]","[97.35, 62]","[158.08, 12]","[218.51, 39]",132.54,205,51.08,0.5
07:39:15,"[108.6, 20]","[107.0, 89]","[231.3, 37]","[334.96, 46]",169.95,192,122.7,0.14
07:39:16,"[109.71, 14]","[107.0, 84]","[362.88, 34]","[430.8, 25]",236.3,157,253.17,0.25
07:39:17,"[111.0, 24]","[107.0, 144]","[296.41, 54]","[301.12, 51]",203.7,273,185.41,0.23
07:39:18,"[108.94, 31]","[106.76, 118]","[262.36, 25]","[285.7, 44]",185.65,218,153.42,0.37
07:39:19,"[107.25, 57]","[103.94, 64]","[197.62, 53]","[253.39, 51]",152.43,225,90.38,0.08
07:39:20,"[107.0, 77]","[100.0, 44]","[140.91, 55]","[151.55, 55]",123.95,231,33.91,0.05
07:39:21,"[107.0, 91]","[97.32, 19]","[139.92, 65]","[163.46, 63]",123.46,238,32.92,-0.08
07:39:22,"[107.0, 84]","[93.4, 10]","[139.0, 35]","[279.67, 30]",123.0,159,32.0,0.18
07:39:23,"[107.0, 113]","[91.0, 40]","[137.14, 42]","[140.29, 34]",122.07,229,30.14,0.34
07:39:24,"[107.0, 93]","[82.53, 30]","[136.0, 45]","[137.0, 27]",121.5,195,29.0,0.26
07:39:25,"[113.29, 126]","[101.94, 53]","[134.08, 65]","[137.0, 39]",123.68,283,20.79,0.27
07:39:26,"[115.0, 66]","[111.0, 40]","[133.0, 40]","[137.0, 24]",124.0,170,18.0,0.25
07:39:27,"[115.0, 114]","[111.0, 60]","[129.8, 35]","[130.94, 53]",122.4,262,14.8,0.33
07:39:28,"[115.0, 90]","[111.0, 45]","[123.97, 33]","[125.19, 27]",119.48,195,8.97,0.38
07:39:29,"[115.0, 100]","[111.0, 50]","[120.3, 40]","[121.26, 34]",117.65,224,5.3,0.34
07:39:30,"[115.0, 105]","[111.0, 75]","[116.13, 30]","[156.6, 45]",115.57,255,1.13,0.41
07:39:31,"[112.71, 21]","[108.67, 36]","[116.0, 12]","[353.0, 18]",114.36,87,3.29,0.31
07:39:32,"[111.0, 28]","[107.0, 49]","[115.0, 14]","[353.0, 21]",113.0,112,4.0,0.38
07:39:33,"[111.0, 40]","[107.0, 84]","[114.58, 24]","[264.52, 52]",112.79,200,3.58,0.24
07:39:34,"[111.0, 19]","[107.0, 97]","[114.0, 22]","[128.96, 49]",112.5,187,3.0,0.24
07:39:35,"[107.35, 57]","[105.37, 93]","[141.67, 24]","[154.33, 45]",124.51,219,34.32,0.37
07:39:36,"[107.0, 109]","[61.75, 40]","[231.4, 50]","[335.0, 50]",169.2,249,124.4,0.2
07:39:37,"[107.0, 70]","[104.8, 10]","[227.0, 35]","[507.32, 25]",167.0,140,120.0,0.14
07:39:38,"[107.04, 99]","[83.72, 61]","[204.09, 44]","[346.0, 50]",155.57,254,97.05,0.26
07:39:39,"[109.24, 21]","[107.05, 74]","[328.74, 39]","[568.36, 33]",218.99,167,219.51,0.14
07:39:40,"[114.71, 105]","[111.05, 39]","[292.75, 52]","[556.27, 44]",203.73,240,178.04,0.2
07:39:41,"[117.0, 87]","[113.0, 40]","[484.0, 24]","[489.0, 15]",300.5,166,367.0,0.53
07:39:42,"[117.0, 72]","[113.0, 76]","[421.75, 36]","[483.29, 28]",269.38,212,304.75,0.4
07:39:43,"[117.0, 24]","[113.0, 66]","[618.0, 18]","[753.0, 6]",367.5,114,501.0,0.58
07:39:44,"[117.0, 12]","[113.0, 33]","[718.0, 9]","[0, 0]",417.5,54,601.0,0.67
07:39:45,"[117.0, 24]","[113.0, 66]","[718.0, 18]","[0, 0]",417.5,108,601.0,0.67
07:39:46,"[114.8, 71]","[112.73, 94]","[488.17, 36]","[651.0, 27]",301.48,228,373.36,0.45
07:39:47,"[117.0, 42]","[113.0, 54]","[400.08, 26]","[708.67, 9]",258.54,131,283.08,0.47
07:39:48,"[117.0, 16]","[113.0, 25]","[356.0, 16]","[657.0, 12]",236.5,69,239.0,0.19
07:39:49,"[115.09, 44]","[112.86, 37]","[356.0, 24]","[615.0, 18]",235.55,123,240.91,0.32
07:39:50,"[115.0, 87]","[113.0, 54]","[356.0, 36]","[570.22, 27]",235.5,204,241.0,0.38
07:39:51,"[115.0, 90]","[113.0, 60]","[313.41, 34]","[632.5, 36]",214.21,220,198.41,0.36
07:39:52,"[115.0, 72]","[113.0, 48]","[594.24, 29]","[686.96, 27]",354.62,176,479.24,0.36
07:39:53,"[115.0, 27]","[113.0, 18]","[187.0, 12]","[506.0, 9]",151.0,66,72.0,0.36
07:39:54,"[115.0, 54]","[113.0, 36]","[275.9, 21]","[588.57, 21]",195.45,132,160.9,0.36
07:39:55,"[115.0, 72]","[113.0, 48]","[281.48, 31]","[402.0, 25]",198.24,176,166.48,0.36
07:39:56,"[115.0, 48]","[113.0, 36]","[465.0, 24]","[761.0, 18]",290.0,126,350.0,0.33
07:39:57,"[115.0, 59]","[113.0, 60]","[150.76, 42]","[303.25, 32]",132.88,193,35.76,0.23
07:39:58,"[115.0, 60]","[113.0, 72]","[145.6, 40]","[154.56, 39]",130.3,211,30.6,0.25
07:39:59,"[115.0, 50]","[113.0, 60]","[140.11, 18]","[141.5, 24]",127.56,152,25.11,0.45
07:40:00,"[114.08, 65]","[112.92, 65]","[117.32, 69]","[121.53, 45]",115.7,244,3.24,0.07
07:40:01,"[113.0, 54]","[112.0, 11]","[114.43, 14]","[115.16, 19]",113.71,98,1.43,0.33
07:40:02,"[112.7, 27]","[109.89, 19]","[114.48, 21]","[115.6, 15]",113.59,82,1.77,0.12
07:40:03,"[111.0, 54]","[109.0, 28]","[112.97, 30]","[113.44, 39]",111.98,151,1.97,0.09
07:40:04,"[109.61, 23]","[107.2, 102]","[111.29, 21]","[113.12, 32]",110.45,178,1.68,0.4
07:40:05,"[107.0, 180]","[70.09, 46]","[109.32, 25]","[110.29, 35]",108.16,286,2.32,0.58
07:40:06,"[107.0, 96]","[67.7, 40]","[229.33, 18]","[286.0, 34]",168.17,188,122.33,0.45
07:40:07,"[109.0, 24]","[107.0, 36]","[312.5, 12]","[372.77, 13]",210.75,85,203.5,0.41
07:40:08,"[113.5, 24]","[109.17, 35]","[385.43, 21]","[442.81, 32]",249.46,112,271.93,0.05
07:40:09,"[107.71, 70]","[94.95, 43]","[298.51, 37]","[406.0, 15]",203.11,165,190.8,0.37
07:40:10,"[107.19, 129]","[102.42, 101]","[274.71, 24]","[305.81, 32]",190.95,286,167.52,0.61
07:40:11,"[113.0, 12]","[107.0, 135]","[215.13, 15]","[388.95, 19]",164.07,181,102.13,0.62
07:40:12,"[113.0, 16]","[107.0, 72]","[196.0, 18]","[250.25, 8]",154.5,114,83.0,0.54
07:40:13,"[113.0, 20]","[107.0, 160]","[187.4, 10]","[219.0, 40]",150.2,230,74.4,0.57
07:40:14,"[113.0, 20]","[107.0, 190]","[168.62, 13]","[181.38, 29]",140.81,252,55.62,0.67
07:40:15,"[113.0, 24]","[107.35, 172]","[164.0, 12]","[166.0, 36]",138.5,244,51.0,0.61
07:40:16,"[113.43, 21]","[108.12, 72]","[161.58, 31]","[162.58, 24]",137.5,148,48.15,0.26
07:40:17,"[113.0, 20]","[112.0, 33]","[155.14, 29]","[156.68, 31]",134.07,113,42.14,-0.06
07:40:18,"[112.9, 31]","[111.8, 45]","[150.64, 44]","[152.44, 54]",131.77,174,37.73,-0.13
07:40:19,"[112.0, 10]","[109.0, 10]","[132.08, 24]","[139.04, 23]",122.04,67,20.08,-0.4
07:40:20,"[107.15, 101]","[103.39, 112]","[110.5, 16]","[111.84, 19]",108.82,248,3.35,0.72
07:40:21,"[107.27, 118]","[103.56, 94]","[113.38, 24]","[145.41, 34]",110.32,270,6.1,0.57
07:40:22,"[107.74, 70]","[103.55, 186]","[113.23, 26]","[128.23, 43]",110.49,325,5.49,0.58
07:40:23,"[107.0, 206]","[85.32, 130]","[111.5, 18]","[208.47, 32]",109.25,386,4.5,0.74
07:40:24,"[107.0, 130]","[95.12, 68]","[111.0, 27]","[112.0, 9]",109.0,234,4.0,0.69
07:40:25,"[107.0, 114]","[52.4, 20]","[110.46, 13]","[111.09, 23]",108.73,170,3.46,0.58
07:40:26,"[108.24, 105]","[103.82, 98]","[109.8, 15]","[230.16, 37]",109.02,255,1.56,0.59
07:40:27,"[109.0, 55]","[107.0, 56]","[147.6, 15]","[235.77, 35]",128.3,161,38.6,0.38
07:40:28,"[109.38, 16]","[94.81, 21]","[193.85, 26]","[382.4, 30]",151.61,93,84.47,-0.2
07:40:29,"[111.8, 5]","[106.82, 11]","[204.0, 12]","[470.75, 12]",157.9,40,92.2,-0.2
07:40:30,"[48.5, 12]","[37.19, 21]","[128.25, 24]","[219.66, 38]",88.38,95,79.75,-0.31
07:40:31,"[61.25, 8]","[6.9, 31]","[103.0, 16]","[153.94, 31]",82.12,86,41.75,-0.09
07:40:32,"[91.0, 30]","[68.21, 42]","[103.0, 12]","[198.43, 23]",97.0,107,12.0,0.35
07:40:33,"[65.95, 57]","[39.79, 24]","[103.0, 16]","[156.29, 14]",84.47,111,37.05,0.46
07:40:34,"[103.08, 49]","[74.0, 10]","[104.91, 11]","[173.85, 26]",104.0,96,1.83,0.23
07:40:35,"[84.25, 92]","[19.19, 88]","[105.43, 28]","[106.86, 28]",94.84,236,21.18,0.53
07:40:36,"[57.86, 35]","[55.0, 7]","[106.0, 7]","[107.0, 14]",81.93,63,48.14,0.33
07:40:37,"[89.12, 80]","[59.38, 40]","[226.0, 14]","[203.33, 18]",157.56,152,136.88,0.58
07:40:38,"[98.36, 77]","[94.18, 77]","[294.51, 35]","[336.43, 42]",196.44,231,196.15,0.33
07:40:39,"[114.13, 53]","[105.62, 61]","[301.87, 30]","[312.51, 35]",208.0,179,187.73,0.27
07:40:40,"[115.0, 50]","[113.0, 80]","[166.44, 32]","[250.9, 31]",140.72,193,51.44,0.35
07:40:41,"[115.0, 54]","[113.0, 104]","[125.27, 33]","[284.69, 26]",120.14,217,10.27,0.46
07:40:42,"[115.22, 54]","[113.13, 120]","[124.0, 42]","[298.47, 30]",119.61,246,8.78,0.41
07:40:43,"[117.0, 33]","[115.0, 44]","[123.73, 33]","[439.5, 36]",120.36,146,6.73,0.05
07:40:44,"[113.86, 49]","[113.0, 167]","[121.71, 21]","[194.0, 14]",117.79,251,7.86,0.72
07:40:45,"[113.0, 413]","[112.0, 104]","[118.69, 59]","[127.28, 39]",115.85,615,5.69,0.68
07:40:46,"[113.0, 315]","[112.0, 80]","[115.16, 38]","[117.63, 41]",114.08,474,2.16,0.67
07:40:47,"[113.0, 216]","[112.0, 72]","[128.89, 27]","[208.4, 20]",120.94,335,15.89,0.72
07:40:48,"[113.0, 213]","[112.0, 72]","[125.89, 9]","[193.0, 36]",119.44,330,12.89,0.73
07:40:49,"[117.0, 64]","[113.0, 368]","[124.06, 16]","[199.6, 50]",120.53,498,7.06,0.73
07:40:50,"[117.0, 20]","[113.0, 184]","[123.25, 8]","[269.1, 20]",120.12,232,6.25,0.76
07:40:51,"[115.42, 19]","[113.19, 127]","[122.86, 7]","[509.0, 16]",119.14,169,7.44,0.73
07:40:52,"[115.0, 30]","[113.0, 138]","[121.5, 6]","[326.67, 6]",118.25,180,6.5,0.87
07:40:53,"[115.0, 55]","[113.0, 253]","[119.73, 11]","[121.18, 11]",117.36,330,4.73,0.87
07:40:54,"[115.0, 49]","[113.0, 253]","[117.73, 11]","[119.36, 11]",116.36,324,2.73,0.86
07:40:55,"[115.0, 22]","[113.0, 230]","[116.9, 10]","[117.9, 10]",115.95,272,1.9,0.85
07:40:56,"[113.25, 79]","[112.75, 215]","[237.89, 19]","[331.85, 26]",175.57,339,124.64,0.73
07:40:57,"[113.0, 138]","[112.0, 108]","[318.44, 18]","[414.25, 12]",215.72,276,205.44,0.78
07:40:58,"[113.0, 208]","[112.0, 180]","[294.65, 31]","[418.75, 16]",203.82,435,181.65,0.78
07:40:59,"[113.0, 111]","[112.0, 126]","[243.09, 22]","[462.31, 13]",178.05,272,130.09,0.74
07:41:00,"[113.07, 59]","[112.33, 134]","[394.0, 9]","[548.0, 36]",253.53,238,280.93,0.62
07:41:01,"[113.0, 85]","[112.0, 180]","[489.81, 26]","[600.0, 24]",301.4,315,376.81,0.68
07:41:02,"[112.05, 161]","[111.89, 81]","[243.0, 26]","[703.0, 39]",177.52,307,130.95,0.58
07:41:03,"[112.34, 47]","[112.03, 74]","[293.0, 16]","[703.0, 9]",202.67,146,180.66,0.66
07:41:04,"[113.86, 14]","[112.15, 80]","[289.45, 11]","[716.0, 10]",201.66,115,175.6,0.63
07:41:05,"[113.0, 12]","[112.0, 102]","[144.0, 6]","[483.83, 30]",128.5,150,31.0,0.52
07:41:06,"[112.81, 21]","[111.49, 63]","[301.82, 11]","[593.18, 55]",207.31,150,189.01,0.12
07:41:07,"[109.71, 14]","[107.48, 21]","[207.0, 9]","[760.67, 45]",158.36,89,97.29,-0.21
07:41:08,"[110.75, 16]","[93.5, 14]","[282.0, 8]","[781.0, 40]",196.38,78,171.25,-0.23
07:41:09,"[107.95, 42]","[87.4, 53]","[397.25, 8]","[781.0, 40]",252.6,143,289.3,0.33
07:41:10,"[113.0, 15]","[111.0, 25]","[129.0, 5]","[571.0, 25]",121.0,70,16.0,0.14
07:41:11,"[113.0, 27]","[111.0, 45]","[283.0, 9]","[346.0, 45]",198.0,126,170.0,0.14
07:41:12,"[113.0, 15]","[111.0, 25]","[338.2, 15]","[365.05, 20]",225.6,75,225.2,0.07
07:41:13,"[113.0, 12]","[111.0, 20]","[255.0, 16]","[256.0, 4]",184.0,52,142.0,0.23
07:41:14,"[113.0, 94]","[111.0, 65]","[254.0, 52]","[256.0, 13]",183.5,224,141.0,0.42
07:41:15,"[113.0, 43]","[111.0, 55]","[251.64, 44]","[256.46, 26]",182.32,168,138.64,0.17
07:41:16,"[113.0, 24]","[111.0, 40]","[249.5, 32]","[250.5, 32]",181.25,128,136.5,0.0
07:41:17,"[113.0, 53]","[111.0, 45]","[233.63, 27]","[245.83, 24]",173.31,149,120.63,0.32
07:41:18,"[116.86, 56]","[112.57, 23]","[175.89, 56]","[225.72, 39]",146.38,174,59.04,-0.09
07:41:19,"[117.0, 78]","[113.0, 26]","[127.52, 23]","[130.41, 54]",122.26,181,10.52,0.15
07:41:20,"[117.0, 90]","[113.0, 32]","[122.25, 48]","[123.6, 60]",119.62,230,5.25,0.06
07:41:21,"[117.0, 53]","[114.33, 36]","[119.55, 44]","[121.62, 26]",118.27,159,2.55,0.12
07:41:22,"[114.09, 46]","[110.39, 46]","[116.38, 45]","[117.93, 30]",115.23,167,2.29,0.1
07:41:23,"[111.0, 41]","[107.12, 103]","[113.71, 21]","[114.77, 22]",112.36,187,2.71,0.54
07:41:24,"[107.71, 51]","[104.36, 44]","[112.0, 9]","[141.2, 15]",109.85,119,4.29,0.6
07:41:25,"[109.0, 21]","[107.0, 81]","[110.44, 9]","[139.0, 36]",109.72,147,1.44,0.39
07:41:26,"[107.0, 30]","[104.0, 18]","[110.0, 6]","[272.33, 24]",108.5,78,3.0,0.23
07:41:27,"[107.0, 46]","[86.0, 20]","[109.6, 10]","[425.43, 49]",108.3,125,2.6,0.06
07:41:28,"[92.2, 15]","[66.84, 37]","[108.0, 11]","[524.0, 44]",100.1,107,15.8,-0.03
07:41:29,"[101.0, 6]","[81.0, 18]","[327.33, 12]","[405.15, 26]",214.17,62,226.33,-0.23
07:41:30,"[91.82, 17]","[71.0, 23]","[102.0, 9]","[233.22, 45]",96.91,94,10.18,-0.15
07:41:31,"[89.29, 84]","[73.2, 25]","[102.0, 10]","[217.49, 43]",95.64,162,12.71,0.35
07:41:32,"[90.66, 64]","[86.94, 32]","[141.0, 16]","[251.9, 31]",115.83,143,50.34,0.34
07:41:33,"[93.0, 12]","[91.0, 144]","[148.7, 47]","[397.35, 52]",120.85,255,55.7,0.22
07:41:34,"[95.48, 101]","[94.0, 68]","[99.88, 34]","[106.33, 48]",97.68,251,4.41,0.35
07:41:35,"[97.33, 109]","[95.86, 21]","[103.0, 10]","[106.0, 50]",100.17,190,5.67,0.37
07:41:36,"[98.0, 96]","[97.0, 8]","[103.0, 8]","[106.0, 40]",100.5,152,5.0,0.37
07:41:37,"[100.36, 97]","[98.4, 20]","[104.93, 28]","[148.63, 38]",102.64,183,4.57,0.28
07:41:38,"[101.12, 65]","[99.66, 67]","[104.0, 28]","[106.0, 40]",102.56,200,2.88,0.32
07:41:39,"[101.62, 156]","[35.6, 43]","[104.0, 26]","[106.0, 52]",102.81,277,2.38,0.44
07:41:40,"[40.4, 73]","[34.46, 57]","[106.83, 47]","[195.82, 56]",73.61,233,66.43,0.12
07:41:41,"[85.58, 128]","[86.01, 74]","[114.86, 42]","[206.67, 42]",100.22,286,29.28,0.41
07:41:42,"[115.0, 65]","[113.0, 273]","[124.08, 26]","[253.33, 48]",119.54,412,9.08,0.64
07:41:43,"[115.0, 113]","[113.0, 357]","[123.03, 38]","[181.45, 55]",119.01,563,8.03,0.67
07:41:44,"[115.0, 58]","[113.0, 210]","[119.37, 30]","[120.59, 27]",117.18,325,4.37,0.65
07:41:45,"[115.0, 35]","[113.0, 147]","[116.71, 21]","[120.0, 14]",115.86,217,1.71,0.68
07:41:46,"[115.0, 16]","[113.0, 168]","[119.5, 16]","[121.0, 40]",117.25,240,4.5,0.53
07:41:47,"[115.0, 20]","[113.0, 210]","[118.4, 20]","[121.0, 50]",116.7,300,3.4,0.53
07:41:48,"[113.14, 140]","[111.88, 197]","[116.91, 66]","[139.57, 46]",115.03,449,3.77,0.5
07:41:49,"[113.1, 103]","[111.52, 193]","[116.56, 90]","[172.0, 72]",114.83,458,3.46,0.29
07:41:50,"[113.08, 78]","[112.45, 66]","[116.0, 60]","[427.62, 42]",114.54,246,2.92,0.17
07:41:51,"[113.0, 116]","[112.0, 60]","[115.17, 60]","[164.35, 57]",114.08,293,2.17,0.2
07:41:52,"[112.04, 73]","[109.62, 93]","[129.71, 58]","[501.22, 36]",120.87,260,17.67,0.28
07:41:53,"[111.67, 66]","[107.96, 92]","[194.75, 16]","[398.69, 26]",153.21,200,83.08,0.58
07:41:54,"[115.67, 24]","[112.07, 60]","[204.56, 18]","[363.85, 27]",160.11,129,88.89,0.3
07:41:55,"[116.09, 22]","[112.22, 79]","[171.58, 38]","[253.68, 31]",143.83,170,55.49,0.19
07:41:56,"[111.26, 94]","[107.91, 145]","[146.43, 37]","[174.9, 40]",128.84,316,35.18,0.51
07:41:57,"[107.59, 148]","[95.8, 82]","[144.09, 33]","[280.66, 41]",125.84,304,36.5,0.51
07:41:58,"[109.65, 80]","[105.99, 162]","[143.21, 42]","[214.11, 36]",126.43,320,33.56,0.51
07:41:59,"[113.0, 16]","[111.0, 80]","[141.43, 42]","[346.0, 46]",127.21,184,28.43,0.04
07:42:00,"[111.5, 12]","[108.05, 57]","[120.21, 19]","[123.87, 23]",115.86,111,8.71,0.24
07:42:01,"[111.0, 18]","[107.0, 84]","[119.17, 18]","[120.21, 19]",115.08,139,8.17,0.47
07:42:02,"[111.0, 36]","[107.04, 157]","[116.35, 31]","[117.38, 32]",113.68,256,5.35,0.51
07:42:03,"[111.0, 36]","[109.0, 36]","[112.69, 35]","[115.12, 25]",111.84,132,1.69,0.09
07:42:04,"[108.11, 79]","[89.82, 34]","[112.0, 27]","[132.46, 26]",110.06,166,3.89,0.36
07:42:05,"[107.0, 54]","[85.0, 6]","[111.17, 24]","[139.6, 10]",109.08,94,4.17,0.28
07:42:06,"[109.24, 102]","[105.38, 68]","[341.44, 18]","[524.23, 13]",225.34,201,232.21,0.69
07:42:07,"[111.04, 67]","[107.29, 97]","[610.0, 11]","[737.91, 11]",360.52,186,498.96,0.76
07:42:08,"[110.37, 38]","[106.86, 64]","[530.78, 9]","[670.57, 14]",320.57,125,420.41,0.63
07:42:09,"[107.0, 54]","[100.0, 9]","[460.67, 9]","[633.53, 15]",283.83,87,353.67,0.45
07:42:10,"[108.26, 38]","[105.62, 39]","[459.33, 15]","[480.5, 10]",283.8,102,351.07,0.51
07:42:11,"[110.0, 33]","[107.0, 33]","[307.37, 19]","[361.08, 13]",208.68,98,197.37,0.35
07:42:12,"[110.18, 33]","[107.0, 33]","[132.91, 22]","[230.5, 20]",121.55,108,22.73,0.22
07:42:13,"[111.09, 22]","[97.12, 48]","[129.6, 20]","[132.0, 20]",120.35,110,18.51,0.27
07:42:14,"[108.78, 36]","[92.25, 40]","[127.75, 24]","[129.08, 24]",118.26,124,18.97,0.23
07:42:15,"[109.0, 24]","[107.0, 24]","[127.0, 12]","[128.0, 12]",118.0,72,18.0,0.33
07:42:16,"[107.89, 27]","[94.86, 42]","[125.5, 16]","[126.88, 16]",116.69,101,17.61,0.37
07:42:17,"[107.0, 37]","[84.0, 48]","[121.82, 22]","[122.82, 22]",114.41,129,14.82,0.32
07:42:18,"[107.0, 80]","[79.13, 38]","[117.64, 25]","[121.56, 32]",112.32,175,10.64,0.35
07:42:19,"[107.19, 53]","[95.38, 45]","[120.23, 26]","[121.23, 26]",113.71,150,13.04,0.31
07:42:20,"[115.0, 18]","[107.0, 45]","[117.67, 18]","[118.89, 18]",116.33,99,2.67,0.27
07:42:21,"[114.65, 17]","[108.38, 26]","[116.3, 20]","[122.12, 17]",115.47,80,1.65,0.07
07:42:22,"[113.0, 11]","[107.0, 55]","[114.91, 22]","[257.62, 16]",113.95,104,1.91,0.27
07:42:23,"[111.98, 118]","[105.59, 59]","[169.07, 30]","[252.0, 30]",140.52,237,57.08,0.49
07:42:24,"[113.0, 66]","[107.0, 55]","[317.82, 22]","[637.81, 26]",215.41,169,204.82,0.43
07:42:25,"[113.0, 36]","[107.75, 24]","[308.0, 12]","[647.92, 12]",210.5,84,195.0,0.43
07:42:26,"[116.5, 48]","[112.69, 39]","[255.43, 14]","[402.0, 10]",185.96,111,138.93,0.57
07:42:27,"[117.0, 63]","[113.0, 156]","[235.15, 39]","[257.19, 27]",176.08,285,118.15,0.54
07:42:28,"[117.0, 12]","[113.0, 72]","[234.83, 18]","[296.12, 17]",175.92,119,117.83,0.41
07:42:29,"[117.0, 16]","[113.0, 96]","[232.9, 29]","[237.44, 25]",174.95,166,115.9,0.35
07:42:30,"[117.0, 30]","[113.0, 180]","[228.82, 51]","[230.6, 52]",172.91,313,111.82,0.34
07:42:31,"[115.81, 37]","[112.57, 168]","[224.5, 52]","[225.65, 46]",170.16,303,108.69,0.35
07:42:32,"[113.0, 154]","[107.0, 168]","[222.29, 56]","[225.0, 42]",167.64,420,109.29,0.53
07:42:33,"[113.13, 94]","[109.0, 135]","[219.03, 38]","[221.46, 39]",166.08,306,105.9,0.5
07:42:34,"[115.0, 28]","[113.0, 154]","[216.0, 56]","[218.0, 42]",165.5,280,101.0,0.3
07:42:35,"[115.0, 22]","[113.0, 121]","[214.26, 35]","[215.93, 42]",164.63,220,99.26,0.3
07:42:36,"[115.0, 41]","[113.0, 209]","[208.77, 70]","[209.95, 63]",161.89,383,93.77,0.31
07:42:37,"[113.16, 87]","[111.39, 224]","[206.5, 42]","[208.0, 56]",159.83,409,93.34,0.52
07:42:38,"[113.0, 128]","[111.01, 237]","[201.9, 58]","[204.26, 53]",157.45,476,88.9,0.53
07:42:39,"[113.0, 128]","[112.0, 16]","[196.84, 58]","[197.85, 62]",154.92,264,83.84,0.09
07:42:40,"[113.0, 177]","[112.0, 14]","[192.43, 68]","[193.66, 44]",152.71,303,79.43,0.26
07:42:41,"[113.0, 180]","[112.0, 15]","[186.18, 50]","[187.17, 60]",149.59,305,73.18,0.28
07:42:42,"[113.0, 180]","[112.0, 18]","[182.34, 70]","[184.34, 58]",147.67,326,69.34,0.21
07:42:43,"[113.0, 92]","[112.0, 16]","[173.89, 47]","[173.77, 47]",143.45,202,60.89,0.07
07:42:44,"[113.15, 53]","[111.22, 88]","[118.23, 71]","[119.34, 68]",115.69,280,5.07,0.01
07:42:45,"[111.19, 159]","[110.06, 170]","[114.81, 36]","[115.56, 59]",113.0,424,3.62,0.55
07:42:46,"[111.01, 181]","[109.31, 118]","[113.33, 18]","[114.81, 43]",112.17,360,2.33,0.66
07:42:47,"[111.0, 169]","[109.0, 120]","[112.08, 24]","[155.38, 52]",111.54,365,1.08,0.58
07:42:48,"[110.46, 112]","[108.79, 112]","[150.14, 28]","[351.46, 41]",130.3,293,39.68,0.53
07:42:49,"[109.0, 110]","[107.0, 44]","[289.78, 23]","[465.0, 40]",199.39,217,180.78,0.42
07:42:50,"[109.0, 90]","[107.0, 36]","[239.97, 30]","[277.15, 20]",174.48,176,130.97,0.43
07:42:51,"[109.0, 40]","[107.0, 16]","[268.0, 12]","[289.0, 4]",188.5,72,159.0,0.56
07:42:52,"[109.22, 80]","[108.26, 76]","[266.64, 33]","[270.95, 19]",187.93,208,157.41,0.5
07:42:53,"[110.6, 20]","[109.43, 46]","[251.59, 29]","[237.18, 17]",181.09,112,140.99,0.18
07:42:54,"[111.27, 11]","[109.4, 30]","[175.77, 13]","[182.53, 17]",143.52,71,64.5,0.15
07:42:55,"[112.0, 24]","[109.0, 72]","[171.52, 29]","[172.04, 49]",141.76,174,59.52,0.1
07:42:56,"[112.0, 18]","[109.0, 54]","[166.86, 21]","[170.43, 21]",139.43,114,54.86,0.26
07:42:57,"[112.84, 50]","[109.0, 78]","[151.03, 33]","[164.52, 27]",131.94,188,38.19,0.36
07:42:58,"[113.0, 30]","[107.86, 70]","[159.94, 53]","[161.12, 51]",136.47,204,46.94,-0.02
07:42:59,"[114.5, 32]","[109.25, 32]","[155.81, 32]","[157.28, 18]",135.16,114,41.31,0.12
07:43:00,"[114.63, 27]","[111.18, 22]","[128.08, 37]","[131.93, 27]",121.36,113,13.45,-0.13
07:43:01,"[113.0, 10]","[109.0, 20]","[116.62, 26]","[118.11, 38]",114.81,94,3.62,-0.36
07:43:02,"[107.0, 39]","[101.5, 34]","[116.1, 60]","[353.49, 59]",111.55,192,9.1,-0.24
07:43:03,"[105.0, 40]","[55.42, 40]","[116.25, 24]","[117.46, 26]",110.62,130,11.25,0.23
07:43:04,"[98.0, 16]","[69.5, 24]","[111.0, 15]","[114.14, 28]",104.5,83,13.0,-0.04
07:43:05,"[57.65, 46]","[35.35, 54]","[99.38, 32]","[105.29, 14]",78.51,146,41.72,0.37
07:43:06,"[63.6, 20]","[29.18, 67]","[98.53, 17]","[100.2, 15]",81.06,119,34.93,0.46
07:43:07,"[64.3, 140]","[28.56, 55]","[99.64, 22]","[130.07, 56]",81.97,273,35.34,0.43
07:43:08,"[65.88, 112]","[31.83, 29]","[359.5, 20]","[321.5, 32]",212.69,193,293.62,0.46
07:43:09,"[103.43, 28]","[79.58, 86]","[270.47, 30]","[501.06, 33]",186.95,177,167.04,0.29
07:43:10,"[105.74, 92]","[83.74, 46]","[250.11, 36]","[427.33, 45]",177.93,219,144.37,0.26
07:43:11,"[106.1, 90]","[56.56, 18]","[269.1, 50]","[327.22, 41]",187.6,199,163.0,0.09
07:43:12,"[107.0, 81]","[100.33, 9]","[253.0, 45]","[316.12, 32]",180.0,167,146.0,0.08
07:43:13,"[108.0, 81]","[105.0, 9]","[269.0, 45]","[374.0, 36]",188.5,171,161.0,0.05
07:43:14,"[110.3, 60]","[108.79, 76]","[268.67, 60]","[490.23, 39]",189.48,235,158.37,0.16
07:43:15,"[113.0, 147]","[111.08, 75]","[230.93, 56]","[269.56, 55]",171.96,333,117.93,0.33
07:43:16,"[113.0, 137]","[112.0, 110]","[173.49, 49]","[210.08, 50]",143.24,346,60.49,0.43
07:43:17,"[113.0, 91]","[111.89, 61]","[176.0, 35]","[319.44, 25]",144.5,212,63.0,0.43
07:43:18,"[113.0, 104]","[108.84, 50]","[175.12, 40]","[311.57, 23]",144.06,217,62.12,0.42
07:43:19,"[113.0, 102]","[111.0, 126]","[174.0, 45]","[367.11, 9]",143.5,282,61.0,0.62
07:43:20,"[113.0, 120]","[111.06, 164]","[173.08, 60]","[224.33, 36]",143.04,380,60.08,0.49
07:43:21,"[113.52, 54]","[112.81, 86]","[165.91, 53]","[282.12, 43]",139.71,236,52.39,0.19
07:43:22,"[115.0, 86]","[113.0, 130]","[125.86, 37]","[157.33, 60]",120.43,313,10.86,0.38
07:43:23,"[115.0, 108]","[113.0, 90]","[124.44, 25]","[137.48, 25]",119.72,248,9.44,0.6
07:43:24,"[115.0, 124]","[113.0, 110]","[122.73, 33]","[124.0, 11]",118.86,278,7.73,0.68
07:43:25,"[115.0, 156]","[113.0, 120]","[121.0, 36]","[139.0, 22]",118.0,334,6.0,0.65
07:43:26,"[115.0, 182]","[113.0, 140]","[133.97, 34]","[161.06, 52]",124.49,408,18.97,0.58
07:43:27,"[115.0, 84]","[113.0, 100]","[116.92, 38]","[117.59, 22]",115.96,244,1.92,0.51
07:43:28,"[115.0, 71]","[113.0, 130]","[116.44, 57]","[238.58, 38]",115.72,296,1.44,0.36
07:43:29,"[113.04, 112]","[112.19, 54]","[286.59, 34]","[279.44, 36]",199.81,236,173.55,0.41
07:43:30,"[115.64, 118]","[112.85, 106]","[173.08, 24]","[199.56, 36]",144.36,284,57.44,0.58
07:43:31,"[117.0, 40]","[113.0, 100]","[124.0, 20]","[167.12, 16]",120.5,176,7.0,0.59
07:43:32,"[117.0, 10]","[113.0, 97]","[123.1, 20]","[197.28, 25]",120.05,152,6.1,0.41
07:43:33,"[117.0, 8]","[112.79, 57]","[120.38, 16]","[255.94, 16]",118.69,97,3.38,0.34
07:43:34,"[112.93, 14]","[111.15, 82]","[119.93, 28]","[272.57, 40]",116.43,164,7.0,0.17
07:43:35,"[113.0, 36]","[112.0, 11]","[119.0, 22]","[285.87, 30]",116.0,99,6.0,-0.05
07:43:36,"[113.0, 25]","[112.0, 8]","[118.5, 16]","[323.0, 24]",115.75,73,5.5,-0.1
07:43:37,"[112.57, 14]","[111.05, 88]","[118.0, 20]","[242.2, 25]",115.29,147,5.43,0.39
07:43:38,"[111.09, 77]","[110.9, 103]","[116.08, 24]","[121.0, 24]",113.59,228,4.99,0.58
07:43:39,"[111.8, 59]","[110.98, 41]","[116.0, 22]","[185.32, 25]",113.9,147,4.2,0.36
07:43:40,"[113.65, 34]","[111.1, 73]","[122.27, 26]","[221.1, 39]",117.96,172,8.62,0.24
07:43:41,"[112.0, 12]","[111.0, 132]","[160.21, 14]","[233.15, 27]",136.11,185,48.21,0.56
07:43:42,"[112.14, 14]","[110.72, 53]","[192.88, 32]","[376.22, 32]",152.51,131,80.73,0.02
07:43:43,"[113.61, 18]","[112.0, 15]","[145.38, 39]","[263.87, 23]",129.5,95,31.77,-0.31
07:43:44,"[112.5, 8]","[109.75, 8]","[115.18, 17]","[261.0, 26]",113.84,59,2.68,-0.46
07:43:45,"[109.76, 34]","[106.71, 42]","[113.43, 28]","[238.33, 61]",111.6,165,3.66,-0.08
07:43:46,"[109.67, 30]","[107.26, 47]","[112.2, 30]","[190.71, 42]",110.93,149,2.53,0.03
07:43:47,"[107.28, 32]","[92.64, 28]","[213.39, 23]","[256.65, 43]",160.34,126,106.11,-0.05
07:43:48,"[106.75, 72]","[83.4, 45]","[150.5, 16]","[184.96, 23]",128.62,156,43.75,0.5
07:43:49,"[113.0, 33]","[112.0, 69]","[183.47, 19]","[261.18, 11]",148.24,132,70.47,0.55
07:43:50,"[113.0, 36]","[112.0, 90]","[250.0, 10]","[329.15, 46]",181.5,182,137.0,0.38
07:43:51,"[113.0, 20]","[112.0, 81]","[249.33, 9]","[330.0, 45]",181.17,155,136.33,0.3
07:43:52,"[112.0, 54]","[105.29, 35]","[247.5, 6]","[330.0, 30]",179.75,125,135.5,0.42
07:43:53,"[112.0, 135]","[107.0, 75]","[164.19, 57]","[215.11, 57]",138.1,324,52.19,0.3
07:43:54,"[112.0, 72]","[107.0, 40]","[127.75, 40]","[131.0, 32]",119.88,184,15.75,0.22
07:43:55,"[112.0, 120]","[107.0, 50]","[127.0, 50]","[212.03, 29]",119.5,249,15.0,0.37
07:43:56,"[112.0, 120]","[107.0, 50]","[127.0, 50]","[236.0, 12]",119.5,232,15.0,0.47
07:43:57,"[112.84, 104]","[110.0, 100]","[126.6, 30]","[135.74, 54]",119.72,288,13.76,0.42
07:43:58,"[112.0, 90]","[107.29, 41]","[122.97, 30]","[126.5, 30]",117.48,191,10.97,0.37
07:43:59,"[116.41, 76]","[111.93, 92]","[119.41, 51]","[208.43, 21]",117.91,240,3.0,0.4
07:44:00,"[117.0, 28]","[112.0, 84]","[183.26, 73]","[268.22, 73]",150.13,258,66.26,-0.13
07:44:01,"[117.0, 10]","[112.0, 30]","[168.5, 50]","[188.86, 49]",142.75,139,51.5,-0.42
07:44:02,"[117.0, 10]","[112.12, 24]","[168.0, 50]","[254.6, 35]",142.5,119,51.0,-0.43
07:44:03,"[117.0, 18]","[113.0, 18]","[164.64, 87]","[218.12, 74]",140.82,197,47.64,-0.63
07:44:04,"[117.0, 13]","[114.52, 21]","[161.59, 59]","[162.48, 58]",139.3,151,44.59,-0.55
07:44:05,"[116.56, 16]","[114.86, 29]","[159.36, 73]","[161.16, 62]",137.96,180,42.79,-0.5
07:44:06,"[113.67, 12]","[111.5, 32]","[158.2, 50]","[159.28, 58]",135.93,152,44.53,-0.42
07:44:07,"[113.0, 15]","[111.4, 50]","[154.82, 55]","[158.61, 72]",133.91,192,41.82,-0.32
07:44:08,"[112.75, 32]","[111.5, 48]","[152.32, 22]","[154.38, 58]",132.53,160,39.57,0.0
07:44:09,"[113.67, 45]","[111.25, 32]","[144.13, 46]","[150.14, 28]",128.9,151,30.46,0.02
07:44:10,"[115.33, 24]","[111.09, 46]","[139.6, 53]","[144.25, 40]",127.47,163,24.27,-0.14
07:44:11,"[115.0, 8]","[111.0, 32]","[135.76, 17]","[136.48, 23]",125.38,80,20.76,0.0
07:44:12,"[115.0, 13]","[111.0, 52]","[131.96, 24]","[132.75, 44]",123.48,133,16.96,-0.02
07:44:13,"[115.0, 14]","[111.0, 56]","[125.66, 47]","[127.74, 43]",120.33,160,10.66,-0.12
07:44:14,"[115.0, 12]","[111.0, 48]","[118.8, 44]","[121.25, 32]",116.9,136,3.8,-0.12
07:44:15,"[111.17, 46]","[109.53, 30]","[115.77, 31]","[117.15, 54]",113.47,161,4.6,-0.06
07:44:16,"[110.9, 42]","[108.25, 32]","[113.44, 41]","[115.67, 15]",112.17,130,2.53,0.14
07:44:17,"[110.27, 55]","[107.19, 106]","[112.4, 45]","[115.89, 37]",111.34,243,2.13,0.33
07:44:18,"[109.0, 11]","[107.0, 132]","[110.91, 55]","[114.0, 11]",109.95,209,1.91,0.37
07:44:19,"[107.02, 109]","[106.57, 21]","[112.6, 20]","[357.29, 38]",109.81,188,5.58,0.38
07:44:20,"[106.99, 121]","[104.69, 16]","[110.21, 38]","[138.12, 57]",108.6,232,3.22,0.18
07:44:21,"[106.0, 8]","[99.0, 24]","[108.0, 8]","[253.75, 40]",107.0,80,2.0,-0.2
07:44:22,"[106.53, 17]","[100.47, 17]","[169.0, 31]","[221.7, 46]",137.76,111,62.47,-0.39
07:44:23,"[109.31, 48]","[107.08, 73]","[291.0, 40]","[638.48, 58]",200.16,219,181.69,0.11
07:44:24,"[109.6, 15]","[101.21, 14]","[261.62, 21]","[346.33, 30]",185.61,80,152.02,-0.28
07:44:25,"[108.47, 15]","[106.95, 44]","[277.0, 32]","[278.0, 40]",192.73,131,168.53,-0.1
07:44:26,"[115.0, 10]","[109.0, 27]","[229.24, 41]","[260.98, 49]",172.12,127,114.24,-0.42
07:44:27,"[115.0, 9]","[111.0, 9]","[125.44, 36]","[127.0, 45]",120.22,99,10.44,-0.64
07:44:28,"[115.0, 11]","[111.84, 19]","[123.82, 44]","[375.91, 55]",119.41,129,8.82,-0.53
07:44:29,"[115.92, 26]","[111.88, 16]","[123.0, 36]","[330.22, 45]",119.46,123,7.08,-0.32
07:44:30,"[117.0, 49]","[112.0, 22]","[122.09, 44]","[290.45, 55]",119.55,170,5.09,-0.16
07:44:31,"[117.0, 20]","[112.0, 10]","[268.82, 22]","[609.8, 25]",192.91,77,151.82,-0.22
07:44:32,"[117.0, 36]","[112.0, 18]","[241.32, 38]","[616.11, 45]",179.16,137,124.32,-0.21
07:44:33,"[117.0, 36]","[112.0, 18]","[169.05, 42]","[337.46, 41]",143.02,137,52.05,-0.21
07:44:34,"[111.55, 22]","[107.53, 80]","[166.0, 70]","[167.5, 70]",138.77,242,54.45,-0.16
07:44:35,"[111.86, 28]","[107.17, 92]","[164.29, 38]","[165.4, 50]",138.07,208,52.43,0.15
07:44:36,"[114.0, 48]","[109.0, 24]","[160.73, 52]","[162.8, 44]",137.37,168,46.73,-0.14
07:44:37,"[114.0, 48]","[110.73, 73]","[157.56, 52]","[159.45, 44]",135.78,217,43.56,0.12
07:44:38,"[114.0, 40]","[111.0, 90]","[154.12, 42]","[155.71, 38]",134.06,210,40.12,0.24
07:44:39,"[114.0, 38]","[111.0, 99]","[152.91, 55]","[154.0, 33]",133.45,225,38.91,0.22
07:44:40,"[114.0, 22]","[111.0, 99]","[150.51, 49]","[152.69, 35]",132.26,205,36.51,0.18
07:44:41,"[114.0, 20]","[111.0, 90]","[148.9, 50]","[149.78, 23]",131.45,183,34.9,0.2
07:44:42,"[114.0, 26]","[111.0, 117]","[146.47, 53]","[147.48, 61]",130.24,257,32.47,0.11
07:44:43,"[111.34, 97]","[110.6, 101]","[141.42, 83]","[142.7, 82]",126.38,363,30.08,0.09
07:44:44,"[111.99, 67]","[106.58, 38]","[136.58, 60]","[137.92, 63]",124.28,228,24.6,-0.08
07:44:45,"[114.0, 120]","[112.3, 20]","[132.97, 30]","[134.26, 27]",123.48,197,18.97,0.42
07:44:46,"[114.25, 118]","[113.2, 119]","[130.59, 34]","[131.36, 55]",122.42,326,16.33,0.45
07:44:47,"[117.0, 55]","[114.0, 132]","[128.3, 43]","[129.65, 34]",122.65,264,11.3,0.42
07:44:48,"[117.0, 65]","[114.0, 156]","[123.78, 49]","[125.0, 40]",120.39,310,6.78,0.43
07:44:49,"[116.44, 70]","[113.94, 207]","[119.07, 70]","[119.89, 71]",117.76,418,2.63,0.33
07:44:50,"[114.0, 99]","[113.0, 104]","[115.84, 19]","[148.68, 37]",114.92,259,1.84,0.57
07:44:51,"[114.0, 52]","[113.0, 195]","[332.22, 67]","[469.35, 74]",223.11,388,218.22,0.27
07:44:52,"[114.0, 21]","[113.0, 91]","[296.47, 19]","[346.19, 27]",205.24,158,182.47,0.42
07:44:53,"[114.0, 20]","[113.0, 130]","[257.38, 37]","[300.49, 37]",185.69,224,143.38,0.34
07:44:54,"[113.23, 39]","[112.96, 122]","[202.83, 60]","[241.62, 64]",158.03,285,89.6,0.13
07:44:55,"[113.0, 44]","[112.0, 24]","[129.85, 26]","[154.76, 34]",121.42,128,16.85,0.06
07:44:56,"[113.0, 54]","[112.0, 23]","[127.3, 20]","[129.82, 34]",120.15,131,14.3,0.18
07:44:57,"[113.0, 66]","[112.0, 11]","[125.2, 40]","[126.08, 26]",119.1,143,12.2,0.08
07:44:58,"[113.0, 78]","[112.0, 13]","[119.95, 40]","[121.58, 38]",116.47,169,6.95,0.08
07:44:59,"[113.0, 45]","[112.0, 15]","[117.2, 60]","[120.0, 30]",115.1,150,4.2,-0.2
07:45:00,"[111.6, 35]","[111.1, 20]","[114.62, 32]","[116.0, 50]",113.11,137,3.03,-0.2
07:45:01,"[111.0, 48]","[109.0, 12]","[112.78, 46]","[113.75, 32]",111.89,138,1.78,-0.13
07:45:02,"[107.8, 25]","[96.36, 22]","[110.55, 44]","[115.05, 39]",109.17,130,2.75,-0.28
07:45:03,"[107.67, 45]","[104.48, 103]","[109.95, 40]","[132.8, 49]",108.81,237,2.28,0.25
07:45:04,"[107.25, 24]","[105.32, 75]","[180.47, 19]","[307.53, 45]",143.86,163,73.22,0.21
07:45:05,"[109.73, 11]","[108.07, 30]","[227.84, 31]","[441.36, 11]",168.78,83,118.11,-0.01
07:45:06,"[111.88, 8]","[109.43, 14]","[234.5, 40]","[323.0, 8]",173.19,70,122.62,-0.37
07:45:07,"[112.5, 12]","[110.0, 12]","[235.12, 24]","[485.29, 48]",173.81,96,122.62,-0.5
07:45:08,"[113.4, 25]","[106.75, 53]","[175.36, 22]","[478.05, 39]",144.38,139,61.96,0.12
07:45:09,"[108.54, 39]","[103.86, 37]","[153.12, 32]","[168.15, 13]",130.83,121,44.59,0.26
07:45:10,"[107.0, 45]","[105.0, 54]","[152.33, 36]","[294.92, 25]",129.67,160,45.33,0.24
07:45:11,"[110.59, 87]","[106.38, 65]","[130.21, 53]","[147.82, 44]",120.4,249,19.62,0.22
07:45:12,"[113.0, 100]","[108.0, 40]","[122.0, 40]","[128.86, 35]",117.5,215,9.0,0.3
07:45:13,"[113.4, 84]","[111.74, 108]","[120.14, 56]","[122.0, 56]",116.77,304,6.74,0.26
07:45:14,"[114.0, 12]","[113.0, 108]","[119.33, 48]","[121.08, 48]",116.67,216,5.33,0.11
07:45:15,"[113.03, 36]","[109.5, 72]","[115.9, 40]","[119.0, 40]",114.46,188,2.87,0.15
07:45:16,"[111.0, 42]","[108.15, 85]","[114.4, 40]","[166.44, 43]",112.7,210,3.4,0.21
07:45:17,"[109.0, 118]","[107.0, 192]","[113.56, 36]","[173.98, 41]",111.28,387,4.56,0.6
07:45:18,"[109.0, 30]","[107.0, 98]","[112.0, 6]","[113.0, 24]",110.5,158,3.0,0.62
07:45:19,"[109.0, 29]","[107.0, 105]","[110.09, 22]","[130.29, 17]",109.55,173,1.09,0.55
07:45:20,"[109.0, 30]","[107.01, 136]","[110.0, 24]","[263.0, 20]",109.5,210,1.0,0.58
07:45:21,"[107.49, 57]","[104.74, 106]","[186.8, 20]","[429.2, 20]",147.15,203,79.31,0.61
07:45:22,"[107.0, 60]","[98.0, 6]","[247.0, 12]","[373.1, 21]",177.0,99,140.0,0.33
07:45:23,"[107.05, 147]","[102.09, 22]","[175.15, 26]","[352.74, 47]",141.1,242,68.11,0.4
07:45:24,"[111.78, 65]","[108.56, 80]","[118.53, 15]","[225.64, 22]",115.16,182,6.75,0.59
07:45:25,"[117.0, 20]","[114.0, 56]","[157.0, 8]","[309.0, 14]",137.0,98,40.0,0.55
07:45:26,"[117.0, 22]","[114.0, 88]","[307.12, 25]","[378.91, 46]",212.06,181,190.12,0.22
07:45:27,"[114.86, 28]","[112.79, 81]","[148.57, 46]","[346.26, 31]",131.71,186,33.71,0.17
07:45:28,"[114.43, 7]","[112.19, 31]","[135.25, 32]","[343.0, 14]",124.84,84,20.82,-0.1
07:45:29,"[115.0, 8]","[114.0, 8]","[319.0, 16]","[469.0, 22]",217.0,54,204.0,-0.41
07:45:30,"[113.04, 52]","[111.47, 45]","[307.0, 35]","[381.68, 74]",210.02,206,193.96,-0.06
07:45:31,"[117.0, 24]","[112.0, 40]","[246.18, 22]","[438.36, 28]",181.59,114,129.18,0.12
07:45:32,"[117.0, 10]","[112.33, 48]","[136.4, 20]","[161.0, 36]",126.7,114,19.4,0.02
07:45:33,"[117.0, 10]","[113.0, 80]","[149.31, 26]","[168.63, 38]",133.15,154,32.31,0.17
07:45:34,"[117.0, 11]","[113.0, 88]","[156.82, 34]","[174.27, 44]",136.91,177,39.82,0.12
07:45:35,"[117.0, 11]","[113.0, 88]","[153.62, 42]","[184.82, 44]",135.31,185,36.62,0.07
07:45:36,"[117.0, 10]","[113.0, 80]","[163.0, 40]","[194.0, 20]",140.0,150,46.0,0.2
07:45:37,"[113.18, 67]","[112.43, 56]","[143.6, 47]","[174.0, 30]",128.39,200,30.42,0.23
07:45:38,"[113.0, 112]","[112.0, 56]","[127.16, 50]","[128.36, 42]",120.08,260,14.16,0.29
07:45:39,"[113.0, 56]","[112.0, 56]","[123.29, 42]","[125.0, 56]",118.14,210,10.29,0.07
07:45:40,"[113.0, 48]","[112.0, 48]","[119.54, 39]","[121.0, 36]",116.27,171,6.54,0.12
07:45:41,"[113.0, 40]","[112.0, 52]","[114.92, 48]","[116.67, 42]",113.96,182,1.92,0.01
07:45:42,"[112.0, 56]","[111.0, 56]","[114.0, 56]","[121.57, 42]",113.0,210,2.0,0.07
07:45:43,"[111.08, 48]","[110.27, 15]","[116.27, 41]","[163.33, 36]",113.68,140,5.18,-0.1
07:45:44,"[111.0, 40]","[110.0, 10]","[118.6, 20]","[121.0, 30]",114.8,100,7.6,0.0
07:45:45,"[111.44, 64]","[110.64, 25]","[116.08, 39]","[118.0, 26]",113.76,154,4.64,0.16
07:45:46,"[112.0, 57]","[111.0, 42]","[116.38, 24]","[237.0, 21]",114.19,144,4.38,0.38
07:45:47,"[112.0, 49]","[111.0, 55]","[114.69, 13]","[116.12, 32]",113.35,149,2.69,0.4
07:45:48,"[111.71, 28]","[110.33, 60]","[113.42, 12]","[117.0, 22]",112.57,122,1.7,0.44
07:45:49,"[109.98, 59]","[108.5, 107]","[114.86, 14]","[200.11, 19]",112.42,199,4.87,0.67
07:45:50,"[110.45, 55]","[108.11, 81]","[117.22, 18]","[298.61, 33]",113.84,187,6.77,0.45
07:45:51,"[109.0, 63]","[107.0, 35]","[116.86, 14]","[311.06, 16]",112.93,128,7.86,0.53
07:45:52,"[109.0, 78]","[107.0, 37]","[115.44, 18]","[310.56, 27]",112.22,160,6.44,0.44
07:45:53,"[109.0, 54]","[107.0, 36]","[114.11, 18]","[305.15, 26]",111.56,134,5.11,0.34
07:45:54,"[109.0, 54]","[107.0, 33]","[114.0, 18]","[232.0, 24]",111.5,129,5.0,0.35
07:45:55,"[108.85, 26]","[106.33, 12]","[113.0, 6]","[114.0, 12]",110.92,56,4.15,0.36
07:45:56,"[107.41, 39]","[105.87, 108]","[111.61, 23]","[112.87, 15]",109.51,185,4.2,0.59
07:45:57,"[108.13, 30]","[107.0, 217]","[110.45, 11]","[318.57, 14]",109.29,272,2.32,0.82
07:45:58,"[107.23, 71]","[104.97, 93]","[254.43, 7]","[496.7, 10]",180.83,181,147.2,0.81
07:45:59,"[107.02, 171]","[101.21, 87]","[435.13, 15]","[505.73, 11]",271.08,284,328.12,0.82
07:46:00,"[113.62, 16]","[107.04, 131]","[434.72, 47]","[458.32, 19]",274.17,213,321.1,0.38
07:46:01,"[117.0, 16]","[113.25, 8]","[270.03, 36]","[342.25, 12]",193.51,72,153.03,-0.33
07:46:02,"[116.33, 9]","[108.54, 39]","[270.0, 30]","[271.0, 6]",193.17,84,153.67,0.14
07:46:03,"[108.64, 50]","[107.14, 196]","[237.0, 23]","[269.14, 43]",172.82,312,128.36,0.58
07:46:04,"[109.61, 71]","[107.07, 152]","[175.0, 40]","[217.54, 56]",142.3,319,65.39,0.4
07:46:05,"[110.47, 57]","[109.95, 66]","[172.42, 60]","[173.58, 60]",141.45,243,61.94,0.01
07:46:06,"[111.82, 33]","[110.0, 77]","[170.91, 55]","[172.0, 55]",141.36,220,59.09,0.0
07:46:07,"[113.0, 30]","[110.0, 70]","[169.5, 50]","[172.0, 50]",141.25,200,56.5,0.0
07:46:08,"[113.0, 12]","[110.0, 28]","[168.0, 20]","[172.0, 20]",140.5,80,55.0,0.0
07:46:09,"[112.27, 37]","[110.41, 46]","[167.09, 55]","[169.73, 55]",139.68,193,54.82,-0.14
07:46:10,"[110.0, 77]","[109.0, 11]","[161.82, 55]","[162.91, 55]",135.91,198,51.82,-0.11
07:46:11,"[110.0, 49]","[109.0, 7]","[160.0, 35]","[161.0, 35]",135.0,126,50.0,-0.11
07:46:12,"[110.0, 63]","[109.0, 13]","[157.38, 65]","[158.46, 65]",133.69,206,47.38,-0.26
07:46:13,"[110.74, 47]","[109.62, 32]","[141.88, 85]","[146.24, 85]",126.31,249,31.14,-0.37
07:46:14,"[112.0, 9]","[110.88, 17]","[135.89, 45]","[137.44, 45]",123.94,116,23.89,-0.55
07:46:15,"[112.0, 8]","[111.0, 16]","[134.12, 40]","[135.62, 40]",123.06,104,22.12,-0.54
07:46:16,"[112.0, 3]","[111.0, 6]","[133.0, 15]","[134.0, 15]",122.5,39,21.0,-0.54
07:46:17,"[112.0, 6]","[111.0, 12]","[131.91, 22]","[133.67, 30]",121.95,70,19.91,-0.49
07:46:18,"[107.79, 38]","[91.12, 16]","[129.61, 44]","[130.75, 44]",118.7,142,21.82,-0.24
07:46:19,"[111.2, 40]","[105.37, 98]","[126.34, 44]","[127.06, 52]",118.77,234,15.14,0.18
07:46:20,"[109.13, 46]","[103.73, 88]","[122.86, 35]","[123.19, 31]",115.99,200,13.73,0.34
07:46:21,"[107.0, 56]","[80.62, 52]","[122.0, 7]","[123.0, 35]",114.5,150,15.0,0.44
07:46:22,"[107.0, 64]","[102.23, 57]","[119.0, 17]","[121.33, 27]",113.0,165,12.0,0.47
07:46:23,"[108.77, 52]","[107.0, 76]","[116.16, 19]","[117.72, 29]",112.46,176,7.39,0.45
07:46:24,"[110.0, 52]","[108.29, 56]","[114.29, 17]","[117.38, 29]",112.15,154,4.29,0.4
07:46:25,"[110.51, 129]","[108.41, 51]","[113.62, 50]","[114.54, 46]",112.07,276,3.11,0.3
07:46:26,"[111.1, 60]","[109.53, 38]","[165.48, 25]","[498.0, 11]",138.29,134,54.38,0.46
07:46:27,"[111.0, 42]","[109.1, 31]","[257.2, 10]","[445.57, 14]",184.1,97,146.2,0.51
07:46:28,"[112.56, 27]","[110.54, 35]","[194.0, 11]","[459.64, 44]",153.28,117,81.44,0.06
07:46:29,"[114.0, 27]","[113.0, 18]","[194.0, 6]","[549.33, 24]",154.0,75,80.0,0.2
07:46:30,"[114.5, 18]","[113.6, 15]","[194.0, 5]","[633.0, 20]",154.25,58,79.5,0.14
07:46:31,"[114.0, 36]","[113.0, 36]","[192.58, 60]","[514.8, 30]",153.29,162,78.58,-0.11
07:46:32,"[113.6, 15]","[110.09, 33]","[191.22, 45]","[579.44, 18]",152.41,111,77.62,-0.14
07:46:33,"[113.0, 10]","[109.0, 40]","[190.5, 50]","[391.5, 10]",151.75,110,77.5,-0.09
07:46:34,"[110.87, 15]","[107.85, 66]","[177.6, 43]","[307.92, 26]",144.24,150,66.74,0.08
07:46:35,"[109.0, 32]","[107.0, 152]","[188.5, 40]","[451.12, 32]",148.75,256,79.5,0.44
07:46:36,"[109.0, 28]","[107.0, 133]","[188.0, 35]","[387.0, 28]",148.5,224,79.0,0.44
07:46:37,"[107.04, 200]","[91.32, 199]","[187.08, 65]","[339.64, 55]",147.06,519,80.04,0.54
07:46:38,"[107.0, 157]","[67.0, 180]","[182.83, 60]","[184.25, 60]",144.92,457,75.83,0.47
07:46:39,"[107.68, 158]","[95.44, 264]","[179.67, 75]","[180.8, 75]",143.68,572,71.98,0.48
07:46:40,"[113.11, 18]","[111.96, 83]","[174.82, 55]","[176.0, 55]",143.96,211,61.71,-0.04
07:46:41,"[114.0, 6]","[112.0, 48]","[171.33, 30]","[172.33, 30]",142.67,114,57.33,-0.05
07:46:42,"[114.0, 9]","[112.0, 72]","[170.11, 45]","[172.0, 45]",142.06,171,56.11,-0.05
07:46:43,"[114.46, 13]","[112.02, 89]","[168.08, 60]","[169.58, 60]",141.27,222,53.62,-0.08
07:46:44,"[112.0, 36]","[111.0, 27]","[162.55, 42]","[211.71, 42]",137.27,147,50.55,-0.14
07:46:45,"[111.62, 26]","[107.49, 97]","[155.26, 31]","[179.81, 37]",133.44,191,43.64,0.29
07:46:46,"[111.0, 18]","[109.44, 129]","[153.0, 9]","[156.0, 36]",132.0,192,42.0,0.53
07:46:47,"[110.23, 62]","[109.91, 118]","[149.98, 47]","[153.88, 17]",130.1,244,39.75,0.48
07:46:48,"[110.68, 93]","[109.74, 62]","[120.54, 50]","[120.92, 64]",115.61,269,9.86,0.15
07:46:49,"[111.1, 62]","[107.98, 63]","[113.04, 50]","[114.93, 68]",112.07,243,1.94,0.03
07:46:50,"[107.18, 79]","[106.35, 110]","[111.61, 28]","[116.41, 61]",109.39,278,4.43,0.36
07:46:51,"[107.0, 168]","[67.05, 43]","[112.29, 68]","[240.69, 51]",109.65,330,5.29,0.28
07:46:52,"[107.0, 120]","[90.62, 26]","[111.13, 23]","[141.0, 50]",109.07,219,4.13,0.33
07:46:53,"[107.0, 120]","[71.78, 23]","[117.26, 23]","[155.0, 48]",112.13,214,10.26,0.34
07:46:54,"[107.0, 144]","[71.95, 42]","[284.54, 48]","[466.28, 53]",195.77,287,177.54,0.3
07:46:55,"[107.2, 49]","[78.12, 33]","[246.0, 25]","[504.4, 20]",176.6,127,138.8,0.29
07:46:56,"[117.0, 13]","[110.64, 66]","[219.33, 60]","[412.63, 35]",168.17,174,102.33,-0.09
07:46:57,"[117.0, 6]","[115.0, 18]","[250.29, 28]","[323.0, 10]",183.64,62,133.29,-0.23
07:46:58,"[117.0, 6]","[115.0, 18]","[277.43, 14]","[364.95, 22]",197.21,60,160.43,-0.2
07:46:59,"[117.0, 8]","[115.0, 24]","[334.41, 17]","[451.1, 31]",225.71,80,217.41,-0.2
07:47:00,"[114.5, 12]","[113.39, 31]","[322.65, 34]","[653.62, 29]",218.57,106,208.15,-0.19
07:47:01,"[114.0, 10]","[113.0, 25]","[164.0, 25]","[488.0, 8]",139.0,68,50.0,0.03
07:47:02,"[114.0, 16]","[110.26, 46]","[271.08, 36]","[320.69, 32]",192.54,130,157.08,-0.05
07:47:03,"[92.84, 58]","[48.76, 58]","[313.84, 63]","[471.41, 27]",203.34,206,221.0,0.13
07:47:04,"[59.62, 21]","[32.56, 32]","[175.29, 14]","[340.88, 17]",117.45,84,115.67,0.26
07:47:05,"[75.33, 45]","[16.12, 16]","[220.33, 9]","[410.25, 24]",147.83,94,145.0,0.3
07:47:06,"[107.0, 45]","[39.64, 42]","[269.44, 9]","[286.75, 16]",188.22,112,162.44,0.55
07:47:07,"[107.0, 94]","[37.25, 48]","[231.12, 16]","[297.82, 22]",169.06,180,124.12,0.58
07:47:08,"[112.85, 73]","[106.14, 173]","[147.27, 15]","[231.8, 71]",130.06,332,34.42,0.48
07:47:09,"[113.02, 184]","[109.09, 184]","[146.36, 14]","[415.57, 58]",129.69,440,33.34,0.67
07:47:10,"[113.0, 129]","[107.0, 96]","[145.0, 8]","[146.0, 8]",129.0,241,32.0,0.87
07:47:11,"[113.0, 165]","[107.0, 132]","[141.0, 11]","[142.45, 11]",127.0,319,28.0,0.86
07:47:12,"[113.0, 165]","[107.14, 116]","[137.0, 11]","[138.18, 11]",125.0,303,24.0,0.85
07:47:13,"[113.0, 94]","[109.0, 36]","[135.56, 9]","[136.56, 9]",124.28,148,22.56,0.76
07:47:14,"[113.0, 110]","[109.0, 44]","[133.55, 11]","[135.09, 11]",123.27,176,20.55,0.75
07:47:15,"[113.0, 130]","[112.0, 52]","[132.54, 13]","[134.0, 13]",122.77,208,19.54,0.75
07:47:16,"[113.0, 80]","[112.0, 44]","[131.38, 8]","[132.75, 8]",122.19,140,18.38,0.77
07:47:17,"[113.0, 112]","[112.0, 59]","[129.69, 13]","[130.92, 13]",121.35,197,16.69,0.74
07:47:18,"[113.42, 85]","[112.67, 63]","[126.24, 17]","[128.08, 13]",119.83,178,12.81,0.66
07:47:19,"[114.0, 66]","[113.0, 77]","[122.0, 15]","[124.7, 20]",118.0,178,8.0,0.61
07:47:20,"[114.68, 38]","[113.85, 92]","[117.61, 31]","[119.57, 23]",116.15,184,2.93,0.41
07:47:21,"[114.2, 30]","[113.46, 52]","[116.0, 16]","[122.67, 12]",115.1,110,1.8,0.49
07:47:22,"[114.0, 42]","[113.0, 49]","[116.0, 14]","[125.0, 14]",115.0,119,2.0,0.53
07:47:23,"[114.0, 60]","[113.0, 77]","[115.55, 22]","[182.0, 19]",114.77,178,1.55,0.54
07:47:24,"[114.0, 52]","[113.0, 91]","[115.92, 26]","[369.02, 43]",114.96,212,1.92,0.35
07:47:25,"[113.14, 29]","[112.48, 29]","[115.0, 14]","[516.0, 7]",114.07,79,1.86,0.47
07:47:26,"[113.0, 50]","[112.0, 30]","[114.3, 20]","[334.88, 16]",113.65,116,1.3,0.38
07:47:27,"[112.2, 15]","[111.33, 9]","[233.73, 22]","[240.22, 9]",172.96,55,121.53,-0.13
07:47:28,"[112.0, 10]","[111.0, 10]","[371.79, 39]","[544.16, 25]",241.9,84,259.79,-0.52
07:47:29,"[112.97, 66]","[111.67, 6]","[503.71, 17]","[764.65, 23]",308.34,112,390.74,0.29
07:47:30,"[113.0, 96]","[112.0, 6]","[535.64, 11]","[548.76, 17]",324.32,130,422.64,0.57
07:47:31,"[113.0, 145]","[112.0, 10]","[450.0, 10]","[547.0, 20]",281.5,185,337.0,0.68
07:47:32,"[113.0, 96]","[112.0, 12]","[448.16, 19]","[483.29, 17]",280.58,144,335.16,0.5
07:47:33,"[113.82, 11]","[112.95, 19]","[443.56, 18]","[445.33, 12]",278.69,60,329.74,0.0
07:47:34,"[111.48, 31]","[110.33, 30]","[440.58, 19]","[444.09, 11]",276.03,91,329.1,0.34
07:47:35,"[116.27, 82]","[111.25, 32]","[312.0, 28]","[425.92, 13]",214.13,155,195.73,0.47
07:47:36,"[117.0, 72]","[115.0, 16]","[174.14, 14]","[414.43, 14]",145.57,116,57.14,0.52
07:47:37,"[117.0, 108]","[115.0, 24]","[262.82, 28]","[388.25, 24]",189.91,184,145.82,0.43
07:47:38,"[117.0, 99]","[115.0, 22]","[131.0, 11]","[238.55, 31]",124.0,163,14.0,0.48
07:47:39,"[117.0, 99]","[115.0, 40]","[130.0, 16]","[218.58, 19]",123.5,174,13.0,0.6
07:47:40,"[117.0, 72]","[115.0, 40]","[128.23, 13]","[129.55, 11]",122.62,136,11.23,0.65
07:47:41,"[117.0, 117]","[115.0, 65]","[127.0, 26]","[128.16, 19]",122.0,227,10.0,0.6
07:47:42,"[117.0, 90]","[115.0, 50]","[123.57, 14]","[124.71, 17]",120.29,171,6.57,0.64
07:47:43,"[117.0, 75]","[115.0, 75]","[118.92, 39]","[120.48, 27]",117.96,216,1.92,0.39
07:47:44,"[112.83, 46]","[112.27, 33]","[117.24, 29]","[118.04, 73]",115.03,181,4.42,-0.13
07:47:45,"[107.75, 132]","[102.18, 106]","[114.9, 20]","[116.48, 52]",111.33,310,7.15,0.54
07:47:46,"[108.04, 137]","[107.08, 138]","[111.31, 13]","[113.88, 25]",109.67,313,3.27,0.76
07:47:47,"[107.76, 130]","[106.92, 148]","[109.62, 13]","[113.76, 29]",108.69,320,1.85,0.74
07:47:48,"[110.56, 55]","[109.4, 48]","[114.77, 53]","[404.31, 48]",112.67,204,4.21,0.01
07:47:49,"[113.0, 49]","[112.0, 9]","[119.0, 43]","[316.68, 28]",116.0,129,6.0,-0.1
07:47:50,"[113.0, 11]","[112.0, 11]","[261.75, 36]","[349.32, 37]",187.38,95,148.75,-0.54
07:47:51,"[113.0, 5]","[112.0, 5]","[397.24, 17]","[527.0, 7]",255.12,34,284.24,-0.41
07:47:52,"[113.0, 10]","[112.0, 10]","[262.92, 13]","[334.76, 34]",187.96,67,149.92,-0.4
07:47:53,"[115.78, 23]","[112.22, 9]","[189.04, 27]","[245.2, 30]",152.41,89,73.25,-0.28
07:47:54,"[117.0, 88]","[113.0, 11]","[291.87, 23]","[373.84, 19]",204.43,141,174.87,0.4
07:47:55,"[117.0, 92]","[113.0, 13]","[131.0, 39]","[355.77, 13]",124.0,157,14.0,0.34
07:47:56,"[117.0, 44]","[114.54, 35]","[130.25, 24]","[147.55, 29]",123.62,132,13.25,0.2
07:47:57,"[117.0, 32]","[115.0, 72]","[129.88, 16]","[131.0, 24]",123.44,144,12.88,0.44
07:47:58,"[115.81, 59]","[114.83, 59]","[129.0, 22]","[370.69, 35]",122.41,175,13.19,0.35
07:47:59,"[115.0, 36]","[113.0, 9]","[128.11, 18]","[377.22, 27]",121.56,90,13.11,0.0
07:48:00,"[115.0, 24]","[113.3, 10]","[128.0, 20]","[219.0, 16]",121.5,70,13.0,-0.03
07:48:01,"[115.0, 12]","[114.0, 6]","[127.17, 12]","[585.25, 12]",121.08,42,12.17,-0.14
07:48:02,"[115.0, 14]","[114.0, 7]","[124.86, 14]","[126.0, 9]",119.93,44,9.86,-0.05
07:48:03,"[115.0, 24]","[114.0, 9]","[122.88, 16]","[123.68, 19]",118.94,68,7.88,-0.03
07:48:04,"[115.56, 18]","[114.09, 11]","[119.64, 22]","[122.0, 11]",117.6,62,4.08,-0.06
07:48:05,"[115.7, 40]","[113.5, 44]","[118.53, 38]","[120.67, 18]",117.11,140,2.83,0.2
07:48:06,"[115.0, 24]","[114.0, 48]","[117.45, 22]","[118.12, 34]",116.23,128,2.45,0.12
07:48:07,"[114.82, 34]","[113.98, 61]","[116.72, 25]","[125.37, 51]",115.77,171,1.9,0.11
07:48:08,"[114.0, 30]","[113.0, 7]","[117.43, 35]","[494.0, 7]",115.71,79,3.43,-0.06
07:48:09,"[112.4, 30]","[111.4, 15]","[116.22, 45]","[273.0, 27]",114.31,117,3.82,-0.23
07:48:10,"[112.0, 28]","[111.0, 14]","[114.43, 35]","[266.37, 19]",113.21,96,2.43,-0.12
07:48:11,"[112.0, 36]","[111.0, 18]","[113.67, 45]","[383.88, 17]",112.83,116,1.67,-0.07
07:48:12,"[107.92, 63]","[99.98, 49]","[249.5, 30]","[494.93, 14]",178.71,156,141.58,0.44
07:48:13,"[111.87, 23]","[107.06, 137]","[368.7, 23]","[418.58, 26]",240.28,209,256.83,0.53
07:48:14,"[115.0, 22]","[111.0, 10]","[202.0, 11]","[246.73, 11]",158.5,54,87.0,0.19
07:48:15,"[111.0, 14]","[107.05, 77]","[163.0, 14]","[165.0, 14]",137.0,119,52.0,0.53
07:48:16,"[111.0, 20]","[109.0, 10]","[162.7, 20]","[258.29, 21]",136.85,71,51.7,-0.15
07:48:17,"[111.17, 12]","[109.57, 7]","[161.0, 12]","[288.0, 12]",136.08,43,49.83,-0.12
07:48:18,"[112.0, 55]","[111.0, 39]","[153.14, 28]","[291.43, 35]",132.57,157,41.14,0.2
07:48:19,"[112.52, 42]","[111.73, 45]","[156.87, 31]","[159.05, 44]",134.7,162,44.35,0.07
07:48:20,"[113.0, 22]","[112.0, 33]","[155.75, 24]","[158.45, 33]",134.38,112,42.75,-0.02
07:48:21,"[113.0, 20]","[112.0, 30]","[154.7, 30]","[156.0, 24]",133.85,104,41.7,-0.04
07:48:22,"[113.0, 22]","[112.0, 33]","[152.27, 44]","[153.6, 25]",132.64,124,39.27,-0.11
07:48:23,"[112.8, 30]","[111.86, 42]","[147.78, 51]","[150.94, 53]",130.29,176,34.98,-0.18
07:48:24,"[112.83, 30]","[111.24, 25]","[133.94, 49]","[146.22, 41]",123.39,145,21.11,-0.24
07:48:25,"[111.0, 11]","[109.0, 11]","[114.57, 44]","[118.0, 34]",112.78,100,3.57,-0.56
07:48:26,"[107.55, 44]","[106.04, 125]","[111.21, 38]","[113.51, 49]",109.38,256,3.67,0.32
07:48:27,"[107.0, 183]","[102.85, 91]","[109.04, 46]","[115.3, 46]",108.02,366,2.04,0.5
07:48:28,"[107.0, 93]","[105.0, 84]","[115.75, 24]","[292.23, 26]",111.38,227,8.75,0.56
07:48:29,"[107.76, 59]","[105.55, 66]","[114.31, 26]","[273.08, 26]",111.04,177,6.54,0.41
07:48:30,"[108.92, 60]","[107.0, 100]","[111.55, 40]","[133.92, 26]",110.23,226,2.63,0.42
07:48:31,"[107.34, 58]","[104.53, 68]","[109.07, 30]","[110.13, 30]",108.21,186,1.72,0.35
07:48:32,"[107.0, 30]","[100.52, 23]","[108.53, 30]","[182.5, 24]",107.77,107,1.53,-0.01
07:48:33,"[101.49, 61]","[100.27, 55]","[190.21, 47]","[260.27, 22]",145.85,185,88.72,0.25
07:48:34,"[99.01, 85]","[84.89, 72]","[160.64, 56]","[236.0, 35]",129.83,248,61.63,0.27
07:48:35,"[111.15, 123]","[84.04, 79]","[155.09, 46]","[155.89, 47]",133.12,295,43.94,0.37
07:48:36,"[117.0, 21]","[111.0, 70]","[152.36, 25]","[153.5, 24]",134.68,140,35.36,0.3
07:48:37,"[117.0, 42]","[111.0, 150]","[149.71, 59]","[151.0, 48]",133.36,299,32.71,0.28
07:48:38,"[117.0, 24]","[111.0, 120]","[147.18, 45]","[148.17, 48]",132.09,237,30.18,0.22
07:48:39,"[112.2, 60]","[108.9, 126]","[143.93, 45]","[145.29, 42]",128.07,273,31.73,0.36
07:48:40,"[111.0, 56]","[107.0, 77]","[143.0, 28]","[144.0, 28]",127.0,189,32.0,0.41
07:48:41,"[111.09, 88]","[107.9, 142]","[137.86, 49]","[141.12, 40]",124.47,319,26.77,0.44
07:48:42,"[114.93, 81]","[111.75, 32]","[122.16, 37]","[128.0, 37]",118.54,187,7.24,0.21
07:48:43,"[115.0, 99]","[112.3, 40]","[116.87, 79]","[117.84, 76]",115.94,294,1.87,-0.05
07:48:44,"[111.83, 110]","[110.62, 79]","[115.0, 25]","[115.85, 61]",113.41,275,3.17,0.37
07:48:45,"[112.0, 72]","[111.0, 55]","[113.55, 44]","[117.0, 32]",112.77,203,1.55,0.25
07:48:46,"[111.38, 34]","[109.98, 41]","[112.55, 44]","[162.54, 13]",111.96,132,1.16,0.14
07:48:47,"[110.5, 16]","[107.43, 56]","[112.0, 25]","[345.0, 14]",111.25,111,1.5,0.3
07:48:48,"[109.0, 8]","[107.0, 88]","[112.0, 24]","[205.0, 14]",110.5,134,3.0,0.43
07:48:49,"[109.0, 9]","[107.0, 99]","[112.0, 27]","[301.0, 13]",110.5,148,3.0,0.46
07:48:50,"[109.0, 7]","[107.0, 77]","[112.0, 21]","[339.67, 12]",110.5,117,3.0,0.44
07:48:51,"[109.0, 11]","[107.0, 121]","[253.71, 28]","[318.22, 27]",181.36,187,144.71,0.41
