Time,Bid1,Bid2,Ask1,Ask2,Mid-Price,Total_volume,Bid_ask_spread,Order_imbalance
07:30:00,"[0, 0]","[0, 0]","[0, 0]","[0, 0]",0.0,0,0.0,0.0
07:30:01,"[0, 0]","[0, 0]","[800.0, 3]","[0, 0]",400.0,3,800.0,-1.0
07:30:02,"[0, 0]","[0, 0]","[798.0, 9]","[0, 0]",399.0,9,798.0,-1.0
07:30:03,"[2.0, 48]","[0, 0]","[794.71, 21]","[0, 0]",398.36,69,792.71,0.39
07:30:04,"[3.33, 48]","[0, 0]","[195.95, 22]","[286.35, 20]",99.64,90,192.62,0.07
07:30:05,"[41.8, 10]","[4.0, 16]","[194.33, 12]","[196.0, 9]",118.07,47,152.53,0.11
07:30:06,"[47.67, 21]","[4.0, 24]","[194.0, 12]","[196.0, 9]",120.83,66,146.33,0.36
07:30:07,"[66.12, 56]","[4.0, 64]","[192.29, 28]","[193.57, 28]",129.21,176,126.16,0.36
07:30:08,"[141.3, 27]","[13.54, 59]","[186.56, 36]","[187.57, 28]",163.93,150,45.26,0.15
07:30:09,"[161.77, 31]","[75.06, 31]","[182.66, 58]","[183.68, 31]",172.21,151,20.88,-0.18
07:30:10,"[163.16, 50]","[159.89, 19]","[181.38, 52]","[182.63, 19]",172.27,140,18.22,-0.01
07:30:11,"[165.0, 24]","[163.98, 57]","[180.17, 46]","[181.64, 11]",172.59,138,15.17,0.17
07:30:12,"[170.79, 47]","[170.16, 32]","[180.0, 63]","[182.0, 9]",175.39,151,9.21,0.05
07:30:13,"[173.71, 56]","[172.71, 56]","[180.0, 29]","[182.0, 7]",176.86,148,6.29,0.51
07:30:14,"[176.62, 116]","[174.0, 104]","[180.45, 31]","[182.74, 19]",178.54,270,3.83,0.63
07:30:15,"[180.11, 54]","[179.33, 36]","[183.0, 18]","[185.0, 18]",181.56,126,2.89,0.43
07:30:16,"[182.0, 48]","[176.75, 8]","[184.33, 12]","[185.75, 16]",183.17,84,2.33,0.33
07:30:17,"[182.96, 85]","[174.0, 14]","[185.0, 28]","[186.0, 42]",183.98,169,2.04,0.17
07:30:18,"[184.0, 45]","[175.0, 9]","[185.68, 22]","[187.54, 52]",184.84,128,1.68,-0.16
07:30:19,"[185.26, 42]","[183.47, 59]","[187.89, 105]","[216.06, 71]",186.57,277,2.62,-0.27
07:30:20,"[181.26, 19]","[175.37, 68]","[188.0, 31]","[238.67, 66]",184.63,184,6.74,-0.05
07:30:21,"[179.12, 16]","[175.1, 94]","[184.08, 53]","[196.31, 52]",181.6,215,4.95,0.02
07:30:22,"[179.0, 8]","[178.0, 8]","[180.0, 40]","[181.0, 24]",179.5,80,1.0,-0.6
07:30:23,"[179.0, 5]","[178.0, 5]","[180.0, 25]","[181.0, 15]",179.5,50,1.0,-0.6
07:30:24,"[179.0, 8]","[178.0, 8]","[180.0, 32]","[181.0, 24]",179.5,72,1.0,-0.56
07:30:25,"[179.33, 12]","[178.2, 10]","[180.75, 32]","[181.57, 14]",180.04,68,1.42,-0.35
07:30:26,"[180.0, 16]","[178.62, 8]","[182.81, 31]","[187.6, 15]",181.4,70,2.81,-0.31
07:30:27,"[181.71, 34]","[178.0, 13]","[183.0, 52]","[188.0, 26]",182.35,125,1.29,-0.25
07:30:28,"[182.0, 74]","[178.0, 13]","[198.36, 56]","[202.15, 26]",190.18,169,16.36,0.03
07:30:29,"[198.0, 65]","[190.62, 26]","[226.0, 65]","[234.0, 26]",212.0,182,28.0,0.0
07:30:30,"[196.97, 31]","[195.13, 46]","[225.81, 31]","[228.0, 40]",211.39,148,28.84,0.04
07:30:31,"[196.0, 36]","[195.0, 90]","[220.9, 58]","[221.86, 43]",208.45,227,24.9,0.11
07:30:32,"[195.25, 48]","[193.58, 72]","[216.16, 38]","[217.78, 76]",205.7,234,20.91,0.03
07:30:33,"[195.0, 36]","[194.0, 36]","[210.42, 24]","[211.46, 37]",202.71,133,15.42,0.08
07:30:34,"[195.0, 32]","[194.0, 32]","[205.89, 9]","[209.26, 19]",200.44,92,10.89,0.39
07:30:35,"[195.0, 14]","[194.0, 56]","[198.2, 44]","[209.59, 34]",196.6,148,3.2,-0.05
07:30:36,"[194.14, 28]","[192.7, 46]","[200.0, 37]","[210.25, 32]",197.07,143,5.86,0.03
07:30:37,"[193.47, 38]","[191.56, 41]","[205.6, 48]","[207.4, 30]",199.54,157,12.13,0.01
07:30:38,"[192.0, 30]","[189.0, 18]","[205.0, 42]","[206.17, 24]",198.5,114,13.0,-0.16
07:30:39,"[192.0, 25]","[189.0, 15]","[205.0, 35]","[206.0, 20]",198.5,95,13.0,-0.16
07:30:40,"[192.0, 60]","[189.0, 36]","[204.59, 59]","[205.34, 59]",198.3,214,12.59,-0.1
07:30:41,"[192.0, 31]","[189.0, 27]","[201.73, 44]","[204.14, 37]",196.86,139,9.73,-0.17
07:30:42,"[192.0, 36]","[188.54, 214]","[199.25, 60]","[202.5, 48]",195.62,358,7.25,0.4
07:30:43,"[190.06, 93]","[188.57, 235]","[197.71, 70]","[201.71, 56]",193.89,454,7.65,0.44
07:30:44,"[189.0, 246]","[185.0, 13]","[196.0, 65]","[201.0, 52]",192.5,376,7.0,0.38
07:30:45,"[189.2, 223]","[186.13, 100]","[196.0, 69]","[201.0, 60]",192.6,452,6.8,0.43
07:30:46,"[192.0, 60]","[189.0, 204]","[195.08, 48]","[201.0, 64]",193.54,376,3.08,0.4
07:30:47,"[192.0, 60]","[189.0, 204]","[194.0, 48]","[200.75, 48]",193.0,360,2.0,0.47
07:30:48,"[189.37, 122]","[184.12, 168]","[193.0, 48]","[199.08, 24]",191.18,362,3.63,0.6
07:30:49,"[189.0, 63]","[182.0, 91]","[193.0, 28]","[199.0, 14]",191.0,196,4.0,0.57
07:30:50,"[189.28, 88]","[184.58, 129]","[192.75, 48]","[196.6, 30]",191.02,295,3.47,0.47
07:30:51,"[190.67, 45]","[189.0, 153]","[192.0, 56]","[196.21, 56]",191.33,310,1.33,0.28
07:30:52,"[189.46, 35]","[188.8, 75]","[196.24, 34]","[216.02, 55]",192.85,199,6.78,0.11
07:30:53,"[189.0, 99]","[181.0, 166]","[196.62, 32]","[206.4, 20]",192.81,317,7.62,0.67
07:30:54,"[189.0, 99]","[181.0, 176]","[194.0, 55]","[196.0, 11]",191.5,341,5.0,0.61
07:30:55,"[189.1, 98]","[181.45, 256]","[191.89, 46]","[193.35, 34]",190.5,434,2.79,0.63
07:30:56,"[189.0, 61]","[181.27, 66]","[190.62, 13]","[198.38, 45]",189.81,185,1.62,0.37
07:30:57,"[189.0, 34]","[182.32, 76]","[197.94, 34]","[199.81, 52]",193.47,196,8.94,0.12
07:30:58,"[189.32, 38]","[182.21, 99]","[199.0, 65]","[200.0, 52]",194.16,254,9.68,0.08
07:30:59,"[198.0, 143]","[195.0, 22]","[199.0, 91]","[278.93, 29]",198.5,285,1.0,0.16
07:31:00,"[198.0, 72]","[195.0, 12]","[199.0, 54]","[282.0, 18]",198.5,156,1.0,0.08
07:31:01,"[198.0, 84]","[195.0, 14]","[199.0, 63]","[445.71, 21]",198.5,182,1.0,0.08
07:31:02,"[198.0, 60]","[195.0, 10]","[199.0, 45]","[452.2, 15]",198.5,130,1.0,0.08
07:31:03,"[198.0, 44]","[195.0, 14]","[199.0, 63]","[386.71, 21]",198.5,142,1.0,-0.18
07:31:04,"[198.0, 55]","[195.0, 22]","[199.0, 55]","[265.54, 37]",198.5,169,1.0,-0.09
07:31:05,"[198.0, 25]","[195.0, 10]","[199.0, 37]","[249.0, 20]",198.5,92,1.0,-0.24
07:31:06,"[198.0, 45]","[195.0, 18]","[199.0, 72]","[285.93, 29]",198.5,164,1.0,-0.23
07:31:07,"[198.0, 33]","[195.0, 14]","[199.0, 56]","[304.0, 21]",198.5,124,1.0,-0.24
07:31:08,"[198.0, 44]","[196.0, 44]","[199.0, 88]","[304.0, 33]",198.5,209,1.0,-0.16
07:31:09,"[197.85, 39]","[195.95, 38]","[199.0, 80]","[227.2, 30]",198.42,187,1.15,-0.18
07:31:10,"[196.0, 24]","[195.0, 16]","[198.08, 60]","[199.51, 35]",197.04,135,2.08,-0.41
07:31:11,"[196.0, 20]","[195.0, 16]","[197.9, 60]","[199.0, 36]",196.95,132,1.9,-0.45
07:31:12,"[195.16, 19]","[194.27, 22]","[197.18, 49]","[199.11, 70]",196.17,160,2.03,-0.49
07:31:13,"[194.17, 24]","[193.27, 22]","[195.75, 48]","[201.0, 81]",194.96,175,1.58,-0.47
07:31:14,"[192.57, 14]","[190.36, 22]","[194.53, 15]","[200.59, 29]",193.55,80,1.96,-0.1
07:31:15,"[190.9, 20]","[189.91, 46]","[193.06, 16]","[200.38, 48]",191.98,130,2.16,0.02
07:31:16,"[195.93, 29]","[188.92, 26]","[199.1, 31]","[380.46, 39]",197.51,125,3.17,-0.12
07:31:17,"[189.47, 19]","[186.75, 16]","[200.0, 39]","[305.77, 39]",194.74,113,10.53,-0.38
07:31:18,"[185.75, 71]","[174.53, 34]","[200.0, 36]","[312.52, 46]",192.87,187,14.25,0.12
07:31:19,"[186.0, 88]","[183.38, 42]","[200.0, 33]","[203.0, 22]",193.0,185,14.0,0.41
07:31:20,"[186.0, 80]","[185.0, 40]","[200.0, 30]","[203.0, 20]",193.0,170,14.0,0.41
07:31:21,"[186.0, 112]","[185.0, 56]","[199.1, 60]","[200.53, 38]",192.55,266,13.1,0.26
07:31:22,"[187.89, 47]","[186.24, 89]","[198.02, 57]","[199.36, 33]",192.96,226,10.12,0.2
07:31:23,"[190.59, 17]","[188.23, 70]","[196.45, 44]","[199.0, 33]",193.52,164,5.87,0.06
07:31:24,"[193.78, 18]","[189.94, 68]","[195.81, 54]","[199.3, 40]",194.8,180,2.04,-0.04
07:31:25,"[194.0, 8]","[186.3, 106]","[199.0, 24]","[202.0, 16]",196.5,154,5.0,0.48
07:31:26,"[189.2, 5]","[186.12, 64]","[199.0, 15]","[202.0, 10]",194.1,94,9.8,0.47
07:31:27,"[191.27, 49]","[186.45, 58]","[199.0, 24]","[202.0, 16]",195.13,147,7.73,0.46
07:31:28,"[192.0, 35]","[188.67, 18]","[199.0, 21]","[202.0, 14]",195.5,88,7.0,0.2
07:31:29,"[192.0, 30]","[188.6, 15]","[199.0, 18]","[202.0, 12]",195.5,75,7.0,0.2
07:31:30,"[192.0, 35]","[188.62, 16]","[199.0, 21]","[202.0, 14]",195.5,86,7.0,0.19
07:31:31,"[192.46, 35]","[190.67, 45]","[197.7, 10]","[199.0, 30]",195.08,120,5.24,0.33
07:31:32,"[195.0, 38]","[192.0, 95]","[196.74, 19]","[336.85, 68]",195.87,220,1.74,0.21
07:31:33,"[192.31, 39]","[189.91, 33]","[199.78, 37]","[245.1, 20]",196.05,129,7.48,0.12
07:31:34,"[192.0, 14]","[189.0, 20]","[200.0, 20]","[201.0, 4]",196.0,58,8.0,0.17
07:31:35,"[190.33, 27]","[187.0, 60]","[200.0, 45]","[201.0, 9]",195.17,141,9.67,0.23
07:31:36,"[194.88, 24]","[188.39, 31]","[199.45, 44]","[200.09, 44]",197.16,143,4.58,-0.23
07:31:37,"[193.73, 52]","[187.32, 19]","[198.0, 38]","[199.4, 45]",195.87,154,4.27,-0.08
07:31:38,"[193.0, 90]","[182.78, 9]","[195.42, 31]","[196.5, 22]",194.21,152,2.42,0.3
07:31:39,"[192.3, 47]","[176.55, 11]","[194.09, 33]","[197.85, 20]",193.19,111,1.79,0.05
07:31:40,"[183.5, 12]","[152.29, 14]","[192.8, 44]","[194.81, 27]",188.15,97,9.3,-0.46
07:31:41,"[183.91, 11]","[150.45, 11]","[190.82, 33]","[195.41, 51]",187.36,106,6.91,-0.58
07:31:42,"[181.25, 8]","[116.0, 8]","[189.27, 11]","[194.86, 36]",185.26,63,8.02,-0.49
07:31:43,"[181.45, 11]","[126.79, 14]","[188.0, 44]","[190.0, 11]",184.73,80,6.55,-0.38
07:31:44,"[168.46, 13]","[138.44, 18]","[187.65, 34]","[189.13, 23]",178.05,88,19.19,-0.3
07:31:45,"[139.0, 6]","[77.0, 4]","[184.86, 7]","[186.54, 13]",161.93,30,45.86,-0.33
07:31:46,"[105.7, 27]","[61.54, 13]","[182.56, 25]","[184.63, 19]",144.13,84,76.86,-0.05
07:31:47,"[133.68, 74]","[98.25, 24]","[183.5, 12]","[184.96, 28]",158.59,138,49.82,0.42
07:31:48,"[156.5, 24]","[128.89, 65]","[183.38, 13]","[186.79, 39]",169.94,141,26.88,0.26
07:31:49,"[155.21, 14]","[133.71, 21]","[181.0, 40]","[183.14, 14]",168.11,89,25.79,-0.21
07:31:50,"[164.04, 53]","[162.4, 55]","[180.42, 48]","[181.37, 43]",172.23,199,16.38,0.09
07:31:51,"[166.04, 108]","[164.27, 60]","[180.0, 24]","[181.0, 70]",173.02,262,13.96,0.28
07:31:52,"[178.0, 9]","[167.0, 40]","[180.0, 9]","[181.0, 45]",179.0,103,2.0,-0.05
07:31:53,"[178.78, 18]","[170.95, 42]","[180.94, 47]","[182.09, 33]",179.86,140,2.16,-0.14
07:31:54,"[179.0, 40]","[175.3, 10]","[181.0, 40]","[183.0, 20]",180.0,110,2.0,-0.09
07:31:55,"[179.75, 16]","[175.0, 4]","[181.0, 13]","[183.0, 8]",180.38,41,1.25,-0.02
07:31:56,"[177.0, 17]","[107.86, 74]","[182.8, 20]","[183.69, 13]",179.9,124,5.8,0.47
07:31:57,"[174.46, 13]","[131.64, 14]","[184.0, 7]","[185.0, 7]",179.23,41,9.54,0.32
07:31:58,"[176.04, 28]","[174.84, 32]","[182.1, 58]","[184.21, 14]",179.07,132,6.07,-0.09
07:31:59,"[178.5, 36]","[176.5, 12]","[180.26, 58]","[182.0, 60]",179.38,166,1.76,-0.42
07:32:00,"[177.82, 22]","[131.89, 38]","[181.29, 17]","[182.24, 34]",179.56,111,3.48,0.08
07:32:01,"[127.62, 52]","[111.53, 38]","[186.59, 34]","[269.54, 26]",157.1,150,58.97,0.2
07:32:02,"[170.7, 33]","[135.88, 60]","[187.05, 63]","[243.71, 70]",178.87,226,16.35,-0.18
07:32:03,"[173.81, 21]","[70.78, 23]","[185.65, 20]","[237.77, 43]",179.73,107,11.84,-0.18
07:32:04,"[174.33, 18]","[51.49, 35]","[180.0, 21]","[181.0, 7]",177.17,81,5.67,0.31
07:32:05,"[176.29, 34]","[174.71, 14]","[385.3, 43]","[552.83, 36]",280.8,127,209.01,-0.24
07:32:06,"[180.1, 29]","[176.69, 26]","[310.24, 29]","[490.65, 34]",245.17,118,130.14,-0.07
07:32:07,"[195.0, 8]","[180.18, 33]","[377.36, 22]","[467.51, 35]",286.18,98,182.36,-0.16
07:32:08,"[195.0, 6]","[191.44, 43]","[463.0, 6]","[466.5, 30]",329.0,85,268.0,0.15
07:32:09,"[195.75, 40]","[192.24, 79]","[411.14, 21]","[517.75, 60]",303.45,200,215.39,0.19
07:32:10,"[196.0, 30]","[195.0, 11]","[284.65, 23]","[440.16, 25]",240.33,89,88.65,-0.08
07:32:11,"[196.0, 10]","[195.0, 5]","[273.6, 5]","[274.6, 5]",234.8,25,77.6,0.2
07:32:12,"[194.2, 20]","[192.04, 73]","[270.9, 10]","[272.3, 10]",232.55,113,76.7,0.65
07:32:13,"[192.07, 56]","[187.45, 51]","[269.0, 10]","[272.0, 10]",230.54,127,76.93,0.69
07:32:14,"[192.0, 69]","[188.0, 98]","[265.95, 22]","[267.39, 18]",228.98,207,73.95,0.61
07:32:15,"[192.0, 9]","[188.0, 63]","[255.06, 16]","[261.75, 12]",223.53,100,63.06,0.44
07:32:16,"[197.61, 77]","[188.74, 43]","[243.83, 30]","[245.74, 38]",220.72,188,46.22,0.28
07:32:17,"[198.0, 99]","[192.0, 11]","[237.8, 30]","[238.45, 40]",217.9,180,39.8,0.22
07:32:18,"[198.0, 53]","[192.0, 12]","[231.79, 24]","[233.92, 12]",214.9,101,33.79,0.29
07:32:19,"[198.0, 44]","[192.0, 11]","[227.59, 32]","[228.35, 23]",212.8,110,29.59,0.0
07:32:20,"[198.0, 40]","[192.0, 10]","[222.8, 30]","[224.86, 28]",210.4,108,24.8,-0.07
07:32:21,"[198.0, 40]","[192.2, 10]","[219.91, 22]","[220.8, 30]",208.95,102,21.91,-0.02
07:32:22,"[197.29, 34]","[193.08, 13]","[217.64, 36]","[218.35, 40]",207.47,123,20.34,-0.24
07:32:23,"[188.53, 30]","[187.48, 54]","[214.4, 50]","[216.0, 10]",201.47,144,25.87,0.17
07:32:24,"[188.0, 64]","[184.64, 28]","[212.42, 31]","[213.0, 27]",200.21,150,24.42,0.23
07:32:25,"[188.0, 52]","[184.0, 26]","[206.76, 17]","[207.24, 21]",197.38,116,18.76,0.34
07:32:26,"[190.1, 40]","[188.25, 32]","[204.0, 12]","[205.31, 16]",197.05,100,13.9,0.44
07:32:27,"[191.52, 29]","[190.08, 73]","[199.31, 48]","[200.62, 24]",195.41,174,7.8,0.17
07:32:28,"[193.43, 21]","[192.6, 15]","[197.99, 71]","[198.74, 19]",195.71,126,4.56,-0.43
07:32:29,"[191.75, 24]","[191.0, 30]","[194.0, 16]","[195.33, 12]",192.88,82,2.25,0.32
07:32:30,"[190.67, 73]","[188.07, 81]","[192.43, 23]","[243.56, 43]",191.55,220,1.76,0.4
07:32:31,"[188.67, 123]","[187.88, 82]","[250.29, 17]","[362.5, 40]",219.48,262,61.62,0.56
07:32:32,"[189.84, 130]","[188.67, 73]","[475.68, 22]","[546.84, 19]",332.76,244,285.84,0.66
07:32:33,"[191.0, 165]","[190.0, 11]","[399.44, 32]","[476.08, 24]",295.22,232,208.44,0.52
07:32:34,"[192.29, 105]","[190.0, 7]","[326.0, 28]","[506.0, 7]",259.14,147,133.71,0.52
07:32:35,"[193.46, 168]","[191.5, 12]","[309.55, 44]","[426.0, 18]",251.5,242,116.08,0.49
07:32:36,"[194.0, 58]","[192.0, 8]","[314.92, 26]","[410.84, 19]",254.46,111,120.92,0.19
07:32:37,"[195.2, 30]","[193.71, 21]","[314.0, 6]","[431.43, 14]",254.6,71,118.8,0.44
07:32:38,"[197.0, 44]","[194.0, 67]","[313.08, 26]","[376.1, 21]",255.04,158,116.08,0.41
07:32:39,"[197.0, 40]","[194.0, 70]","[261.38, 13]","[312.45, 22]",229.19,145,64.38,0.52
07:32:40,"[197.0, 44]","[194.0, 77]","[239.84, 25]","[263.11, 18]",218.42,164,42.84,0.48
07:32:41,"[197.0, 37]","[194.0, 70]","[199.57, 14]","[240.03, 29]",198.29,150,2.57,0.43
07:32:42,"[194.25, 61]","[193.63, 43]","[198.31, 26]","[216.21, 39]",196.28,169,4.06,0.23
07:32:43,"[194.0, 81]","[192.0, 18]","[197.23, 39]","[198.05, 19]",195.62,157,3.23,0.26
07:32:44,"[191.52, 46]","[190.95, 40]","[194.08, 24]","[195.96, 28]",192.8,138,2.56,0.25
07:32:45,"[190.52, 58]","[188.5, 16]","[191.92, 12]","[192.92, 12]",191.22,98,1.4,0.51
07:32:46,"[189.93, 102]","[188.9, 94]","[191.17, 18]","[447.65, 23]",190.55,237,1.24,0.65
07:32:47,"[190.67, 18]","[189.0, 42]","[192.0, 6]","[586.43, 21]",191.33,87,1.33,0.38
07:32:48,"[189.71, 42]","[188.41, 61]","[459.0, 33]","[485.0, 11]",324.36,147,269.29,0.4
07:32:49,"[193.33, 24]","[190.1, 87]","[381.5, 36]","[485.0, 12]",287.42,159,188.17,0.4
07:32:50,"[194.95, 42]","[193.71, 28]","[281.4, 20]","[303.4, 15]",238.18,105,86.45,0.33
07:32:51,"[195.0, 28]","[194.0, 14]","[278.0, 28]","[279.0, 14]",236.5,84,83.0,0.0
07:32:52,"[195.0, 24]","[194.0, 12]","[277.33, 21]","[278.43, 14]",236.17,71,82.33,0.01
07:32:53,"[195.23, 26]","[194.5, 24]","[274.67, 15]","[275.33, 30]",234.95,95,79.44,0.05
07:32:54,"[193.29, 56]","[192.31, 78]","[270.23, 22]","[273.28, 29]",231.76,185,76.94,0.45
07:32:55,"[193.0, 54]","[191.0, 36]","[265.62, 16]","[267.55, 11]",229.31,117,72.62,0.54
07:32:56,"[193.0, 54]","[191.0, 36]","[261.58, 12]","[263.53, 15]",227.29,117,68.58,0.54
07:32:57,"[193.41, 68]","[191.93, 60]","[236.75, 12]","[258.87, 15]",215.08,155,43.34,0.65
07:32:58,"[194.0, 91]","[193.0, 104]","[254.28, 25]","[254.95, 21]",224.14,241,60.28,0.62
07:32:59,"[194.5, 80]","[193.3, 115]","[248.04, 28]","[250.37, 19]",221.27,242,53.54,0.61
07:33:00,"[198.0, 24]","[194.0, 84]","[245.73, 15]","[246.71, 24]",221.87,147,47.73,0.47
07:33:01,"[198.0, 22]","[194.0, 77]","[242.73, 26]","[243.17, 29]",220.37,154,44.73,0.29
07:33:02,"[198.0, 24]","[194.0, 84]","[237.94, 31]","[238.36, 22]",217.97,161,39.94,0.34
07:33:03,"[194.33, 49]","[193.16, 86]","[232.86, 14]","[234.95, 19]",213.59,168,38.53,0.61
07:33:04,"[194.0, 70]","[193.0, 92]","[227.54, 24]","[228.04, 23]",210.77,209,33.54,0.55
07:33:05,"[194.0, 60]","[193.0, 103]","[221.5, 12]","[222.58, 12]",207.75,187,27.5,0.74
07:33:06,"[194.0, 80]","[193.0, 144]","[218.06, 17]","[219.38, 16]",206.03,257,24.06,0.74
07:33:07,"[193.61, 90]","[192.8, 81]","[207.17, 23]","[208.96, 28]",200.39,222,13.56,0.54
07:33:08,"[195.0, 70]","[194.0, 60]","[203.22, 18]","[206.82, 38]",199.11,186,8.22,0.4
07:33:09,"[197.48, 87]","[194.63, 43]","[209.69, 13]","[212.0, 26]",203.59,169,12.21,0.54
07:33:10,"[198.0, 112]","[195.0, 42]","[206.75, 28]","[208.07, 28]",202.38,210,8.75,0.47
07:33:11,"[198.0, 77]","[195.0, 51]","[201.22, 18]","[203.15, 33]",199.61,179,3.22,0.43
07:33:12,"[195.55, 22]","[193.33, 72]","[198.92, 24]","[201.5, 20]",197.23,138,3.37,0.36
07:33:13,"[195.0, 39]","[193.0, 130]","[197.23, 31]","[198.71, 34]",196.11,234,2.23,0.44
07:33:14,"[193.0, 120]","[191.0, 12]","[195.0, 30]","[196.2, 30]",194.0,192,2.0,0.38
07:33:15,"[193.0, 255]","[191.0, 11]","[216.57, 28]","[251.92, 24]",204.79,318,23.57,0.67
07:33:16,"[193.0, 168]","[191.0, 8]","[287.0, 24]","[312.75, 8]",240.0,208,94.0,0.69
07:33:17,"[193.0, 145]","[191.0, 10]","[298.43, 14]","[418.2, 10]",245.71,179,105.43,0.73
07:33:18,"[193.0, 121]","[191.0, 12]","[415.5, 20]","[509.2, 15]",304.25,168,222.5,0.58
07:33:19,"[193.0, 90]","[191.0, 9]","[223.78, 9]","[355.0, 10]",208.39,118,30.78,0.68
07:33:20,"[193.0, 106]","[191.0, 11]","[227.24, 25]","[284.0, 15]",210.12,157,34.24,0.49
07:33:21,"[193.0, 80]","[191.0, 8]","[228.38, 24]","[261.07, 15]",210.69,127,35.38,0.39
07:33:22,"[193.0, 179]","[191.0, 13]","[227.23, 39]","[292.0, 26]",210.12,257,34.23,0.49
07:33:23,"[193.0, 141]","[191.0, 9]","[226.22, 27]","[310.22, 18]",209.61,195,33.22,0.54
07:33:24,"[193.0, 117]","[191.0, 9]","[224.33, 27]","[374.0, 18]",208.67,171,31.33,0.47
07:33:25,"[193.15, 108]","[192.24, 21]","[212.25, 24]","[286.52, 21]",202.7,174,19.1,0.48
07:33:26,"[197.0, 33]","[193.0, 117]","[200.33, 27]","[202.0, 18]",198.67,195,3.33,0.54
07:33:27,"[195.56, 36]","[192.98, 118]","[198.19, 16]","[199.43, 28]",196.87,198,2.63,0.56
07:33:28,"[193.0, 143]","[191.0, 11]","[197.55, 22]","[326.17, 23]",195.27,199,4.55,0.55
07:33:29,"[193.0, 116]","[191.0, 14]","[195.24, 34]","[309.26, 43]",194.12,207,2.24,0.26
07:33:30,"[193.0, 36]","[191.0, 7]","[194.0, 14]","[195.0, 28]",193.5,85,1.0,0.01
07:33:31,"[193.05, 76]","[192.41, 34]","[194.71, 41]","[280.25, 40]",193.88,191,1.65,0.15
07:33:32,"[193.0, 75]","[191.0, 16]","[252.07, 41]","[610.57, 42]",222.54,174,59.07,0.05
07:33:33,"[192.94, 34]","[190.65, 17]","[363.3, 30]","[655.26, 31]",278.12,112,170.36,-0.09
07:33:34,"[192.0, 12]","[190.08, 39]","[203.06, 34]","[215.21, 19]",197.53,104,11.06,-0.02
07:33:35,"[191.41, 17]","[189.97, 35]","[203.0, 40]","[204.0, 20]",197.21,112,11.59,-0.07
07:33:36,"[190.0, 52]","[188.0, 24]","[202.5, 48]","[291.23, 31]",196.25,155,12.5,-0.02
07:33:37,"[192.82, 34]","[188.48, 29]","[201.06, 64]","[257.75, 48]",196.94,175,8.24,-0.28
07:33:38,"[194.0, 42]","[190.84, 76]","[200.0, 56]","[240.71, 42]",197.0,216,6.0,0.09
07:33:39,"[194.0, 24]","[191.0, 48]","[198.62, 32]","[333.6, 20]",196.31,124,4.62,0.16
07:33:40,"[191.17, 63]","[189.83, 36]","[197.0, 36]","[369.0, 18]",194.09,153,5.83,0.29
07:33:41,"[192.0, 78]","[191.0, 92]","[195.83, 48]","[369.0, 24]",193.92,242,3.83,0.4
07:33:42,"[192.76, 58]","[191.62, 32]","[194.42, 48]","[508.54, 35]",193.59,173,1.66,0.04
07:33:43,"[192.77, 26]","[191.36, 28]","[234.52, 27]","[418.88, 24]",213.64,105,41.75,0.03
07:33:44,"[193.29, 28]","[191.14, 56]","[219.47, 34]","[402.77, 26]",206.38,144,26.18,0.17
07:33:45,"[191.05, 21]","[188.26, 57]","[305.38, 13]","[476.29, 14]",248.22,105,114.34,0.49
07:33:46,"[192.45, 11]","[191.0, 55]","[275.5, 24]","[284.56, 32]",233.98,122,83.05,0.08
07:33:47,"[191.75, 16]","[190.0, 45]","[253.27, 22]","[367.74, 31]",222.51,114,61.52,0.07
07:33:48,"[191.0, 12]","[188.0, 18]","[252.83, 12]","[383.0, 12]",221.92,54,61.83,0.11
07:33:49,"[192.07, 28]","[188.72, 25]","[251.91, 22]","[406.7, 23]",221.99,98,59.84,0.08
07:33:50,"[195.36, 64]","[192.76, 34]","[250.0, 22]","[433.35, 31]",222.68,151,54.64,0.3
07:33:51,"[197.0, 72]","[194.0, 60]","[246.12, 25]","[270.15, 33]",221.56,190,49.12,0.39
07:33:52,"[197.0, 84]","[194.0, 70]","[244.57, 28]","[340.93, 28]",220.79,210,47.57,0.47
07:33:53,"[197.0, 100]","[194.0, 95]","[241.26, 38]","[243.16, 38]",219.13,271,44.26,0.44
07:33:54,"[197.0, 70]","[194.0, 70]","[235.43, 28]","[236.79, 28]",216.21,196,38.43,0.43
07:33:55,"[197.0, 39]","[194.0, 60]","[230.0, 24]","[232.0, 54]",213.5,177,33.0,0.12
07:33:56,"[195.24, 34]","[192.78, 59]","[206.62, 21]","[219.78, 36]",200.93,150,11.38,0.24
07:33:57,"[193.31, 26]","[190.97, 62]","[195.08, 12]","[232.67, 15]",194.2,115,1.78,0.53
07:33:58,"[191.0, 24]","[190.0, 8]","[193.25, 8]","[224.62, 8]",192.12,48,2.25,0.33
07:33:59,"[191.0, 26]","[190.0, 12]","[192.83, 12]","[220.5, 40]",191.92,90,1.83,-0.16
07:34:00,"[190.67, 6]","[188.86, 7]","[218.47, 17]","[253.62, 13]",204.57,43,27.8,-0.4
07:34:01,"[188.35, 17]","[187.07, 41]","[290.33, 45]","[659.27, 37]",239.34,140,101.98,-0.17
07:34:02,"[188.95, 19]","[186.54, 57]","[379.44, 45]","[637.0, 45]",284.2,166,190.5,-0.08
07:34:03,"[191.0, 32]","[187.62, 24]","[496.5, 40]","[584.25, 40]",343.75,136,305.5,-0.18
07:34:04,"[191.0, 44]","[188.0, 33]","[260.73, 55]","[518.45, 55]",225.86,187,69.73,-0.18
07:34:05,"[191.0, 40]","[188.0, 30]","[222.0, 50]","[511.57, 35]",206.5,155,31.0,-0.1
07:34:06,"[191.0, 36]","[188.0, 27]","[258.97, 33]","[356.87, 30]",224.98,126,67.97,0.0
07:34:07,"[191.0, 32]","[188.0, 30]","[422.29, 41]","[582.34, 35]",306.65,138,231.29,-0.1
07:34:08,"[194.0, 6]","[191.0, 18]","[558.29, 21]","[559.71, 21]",376.14,66,364.29,-0.27
07:34:09,"[194.0, 4]","[191.0, 12]","[302.0, 20]","[457.82, 17]",248.0,53,108.0,-0.4
07:34:10,"[193.4, 10]","[190.67, 27]","[214.06, 33]","[215.67, 45]",203.73,115,20.66,-0.36
07:34:11,"[190.86, 21]","[187.91, 33]","[212.45, 22]","[214.0, 55]",201.66,131,21.6,-0.18
07:34:12,"[192.0, 12]","[188.0, 12]","[211.44, 36]","[213.67, 48]",201.72,108,19.44,-0.56
07:34:13,"[192.0, 11]","[188.27, 11]","[209.04, 52]","[210.2, 25]",200.52,99,17.04,-0.56
07:34:14,"[190.0, 10]","[187.25, 20]","[207.83, 18]","[209.07, 40]",198.92,88,17.83,-0.32
07:34:15,"[188.0, 12]","[186.6, 50]","[193.33, 48]","[198.25, 12]",190.67,122,5.33,0.02
07:34:16,"[188.0, 56]","[186.09, 132]","[191.23, 70]","[193.5, 20]",189.61,278,3.23,0.35
07:34:17,"[186.58, 71]","[180.68, 80]","[188.43, 14]","[189.16, 19]",187.5,184,1.85,0.64
07:34:18,"[187.42, 53]","[186.49, 96]","[308.35, 23]","[391.88, 32]",247.88,204,120.93,0.46
07:34:19,"[192.37, 19]","[191.36, 25]","[248.07, 28]","[287.31, 26]",220.22,98,55.7,-0.1
07:34:20,"[194.38, 42]","[192.94, 53]","[236.13, 23]","[259.81, 32]",215.26,150,41.75,0.27
07:34:21,"[193.0, 54]","[192.0, 18]","[257.0, 18]","[302.0, 12]",225.0,102,64.0,0.41
07:34:22,"[193.0, 72]","[192.0, 24]","[257.0, 24]","[302.0, 16]",225.0,136,64.0,0.41
07:34:23,"[193.0, 81]","[192.0, 27]","[238.86, 28]","[272.04, 23]",215.93,159,45.86,0.36
07:34:24,"[193.0, 135]","[191.27, 45]","[195.89, 38]","[246.03, 33]",194.45,251,2.89,0.43
07:34:25,"[193.0, 58]","[191.9, 89]","[194.91, 33]","[396.7, 20]",193.95,200,1.91,0.47
07:34:26,"[192.1, 79]","[191.12, 48]","[574.59, 29]","[679.06, 31]",383.34,187,382.48,0.36
07:34:27,"[194.0, 20]","[192.0, 30]","[363.18, 11]","[397.0, 21]",278.59,82,169.18,0.22
07:34:28,"[193.04, 46]","[191.91, 33]","[243.51, 61]","[267.44, 32]",218.28,172,50.46,-0.08
07:34:29,"[192.45, 22]","[191.2, 20]","[228.5, 50]","[291.0, 20]",210.48,112,36.05,-0.25
07:34:30,"[190.69, 48]","[185.19, 73]","[227.78, 45]","[317.4, 15]",209.23,181,37.09,0.34
07:34:31,"[192.0, 60]","[186.0, 120]","[225.0, 24]","[231.67, 48]",208.5,252,33.0,0.43
07:34:32,"[192.0, 65]","[186.0, 130]","[220.92, 62]","[220.44, 39]",206.46,296,28.92,0.32
07:34:33,"[192.0, 71]","[186.63, 215]","[213.96, 47]","[215.64, 56]",202.98,389,21.96,0.47
07:34:34,"[192.0, 39]","[187.0, 195]","[210.17, 30]","[210.51, 53]",201.08,317,18.17,0.48
07:34:35,"[192.0, 42]","[187.0, 210]","[203.04, 46]","[204.27, 49]",197.52,347,11.04,0.45
07:34:36,"[192.0, 42]","[187.0, 210]","[198.91, 55]","[200.14, 58]",195.45,365,6.91,0.38
07:34:37,"[188.67, 90]","[186.88, 170]","[193.82, 55]","[194.62, 56]",191.24,371,5.15,0.4
07:34:38,"[187.36, 47]","[186.92, 130]","[189.2, 40]","[191.82, 34]",188.28,251,1.84,0.41
07:34:39,"[186.83, 111]","[185.0, 105]","[191.04, 23]","[227.07, 29]",188.94,268,4.21,0.61
07:34:40,"[186.0, 45]","[184.0, 135]","[194.82, 11]","[331.24, 29]",190.41,220,8.82,0.64
07:34:41,"[186.36, 55]","[184.22, 135]","[191.36, 11]","[195.0, 33]",188.86,234,5.0,0.62
07:34:42,"[188.0, 65]","[184.09, 230]","[192.67, 21]","[237.98, 47]",190.33,363,4.67,0.63
07:34:43,"[189.33, 60]","[184.0, 240]","[194.33, 36]","[476.75, 40]",191.83,376,5.0,0.6
07:34:44,"[191.24, 33]","[189.08, 65]","[193.35, 34]","[301.27, 41]",192.3,173,2.11,0.13
07:34:45,"[191.64, 47]","[187.32, 34]","[322.89, 35]","[515.81, 26]",257.26,142,131.25,0.14
07:34:46,"[192.64, 110]","[191.0, 117]","[384.1, 59]","[566.19, 47]",288.37,333,191.47,0.36
07:34:47,"[193.23, 39]","[191.43, 69]","[358.71, 35]","[491.0, 37]",275.97,180,165.48,0.2
07:34:48,"[194.79, 14]","[193.0, 30]","[215.0, 18]","[541.62, 24]",204.89,86,20.21,0.02
07:34:49,"[195.0, 20]","[193.0, 50]","[264.58, 36]","[479.9, 30]",229.79,136,69.58,0.03
07:34:50,"[195.0, 22]","[193.0, 55]","[287.45, 55]","[319.45, 33]",241.23,165,92.45,-0.07
07:34:51,"[195.0, 28]","[193.0, 70]","[283.59, 51]","[289.52, 60]",239.29,209,88.59,-0.06
07:34:52,"[195.0, 14]","[193.0, 35]","[278.92, 25]","[279.93, 27]",236.96,101,83.92,-0.03
07:34:53,"[195.0, 8]","[193.0, 40]","[276.2, 30]","[277.36, 28]",235.6,106,81.2,-0.09
07:34:54,"[192.25, 71]","[191.43, 56]","[273.55, 49]","[274.68, 41]",232.9,217,81.3,0.17
07:34:55,"[192.0, 99]","[191.0, 54]","[270.39, 28]","[271.46, 28]",231.2,209,78.39,0.46
07:34:56,"[192.17, 70]","[191.47, 90]","[267.36, 59]","[268.32, 53]",229.76,272,75.18,0.18
07:34:57,"[192.76, 29]","[191.81, 95]","[259.38, 53]","[260.26, 58]",226.07,235,66.62,0.06
07:34:58,"[192.86, 22]","[191.77, 78]","[239.94, 32]","[254.14, 43]",216.4,175,47.07,0.14
07:34:59,"[192.0, 33]","[191.0, 66]","[223.89, 36]","[225.24, 29]",207.94,164,31.89,0.21
07:35:00,"[192.0, 25]","[191.0, 66]","[219.05, 44]","[219.93, 41]",205.52,176,27.05,0.03
07:35:01,"[189.78, 23]","[188.11, 55]","[214.5, 42]","[215.43, 44]",202.14,164,24.72,-0.05
07:35:02,"[189.0, 28]","[188.0, 98]","[211.78, 60]","[212.96, 53]",200.39,239,22.78,0.05
07:35:03,"[189.0, 14]","[188.0, 49]","[209.0, 21]","[210.0, 35]",199.0,119,20.0,0.06
07:35:04,"[189.0, 16]","[188.0, 56]","[208.13, 30]","[209.28, 36]",198.57,138,19.13,0.04
07:35:05,"[188.36, 44]","[187.75, 64]","[205.04, 46]","[206.0, 46]",196.7,200,16.68,0.08
07:35:06,"[188.27, 45]","[187.5, 56]","[201.57, 42]","[202.57, 51]",194.92,194,13.3,0.04
07:35:07,"[188.0, 33]","[186.0, 22]","[197.1, 50]","[198.17, 42]",192.55,147,9.1,-0.25
07:35:08,"[187.66, 29]","[154.0, 24]","[194.61, 31]","[194.64, 42]",191.13,126,6.96,-0.16
07:35:09,"[186.0, 7]","[147.29, 14]","[191.2, 10]","[192.32, 25]",188.6,56,5.2,-0.25
07:35:10,"[186.0, 8]","[172.5, 16]","[190.24, 21]","[193.0, 28]",188.12,73,4.24,-0.34
07:35:11,"[178.91, 11]","[154.25, 16]","[186.93, 30]","[296.96, 26]",182.92,83,8.02,-0.35
07:35:12,"[173.0, 12]","[123.0, 12]","[205.67, 18]","[594.67, 24]",189.33,66,32.67,-0.27
07:35:13,"[189.76, 54]","[174.61, 31]","[299.0, 16]","[702.0, 40]",244.38,141,109.24,0.21
07:35:14,"[194.75, 40]","[188.79, 28]","[307.0, 8]","[475.0, 20]",250.88,96,112.25,0.42
07:35:15,"[197.0, 51]","[192.02, 61]","[378.33, 12]","[732.17, 30]",287.67,154,181.33,0.45
07:35:16,"[197.0, 27]","[193.0, 7]","[273.91, 23]","[407.45, 11]",235.46,68,76.91,0.0
07:35:17,"[197.0, 18]","[193.0, 6]","[214.0, 12]","[269.0, 30]",205.5,66,17.0,-0.27
07:35:18,"[197.0, 9]","[193.0, 3]","[214.0, 6]","[279.0, 15]",205.5,33,17.0,-0.27
07:35:19,"[197.0, 15]","[194.39, 23]","[214.0, 10]","[279.0, 25]",205.5,73,17.0,0.04
07:35:20,"[197.0, 6]","[195.0, 24]","[214.0, 12]","[279.0, 30]",205.5,72,17.0,-0.17
07:35:21,"[197.0, 11]","[195.0, 44]","[214.0, 22]","[265.43, 23]",205.5,100,17.0,0.1
07:35:22,"[197.0, 12]","[195.0, 48]","[212.91, 33]","[217.71, 21]",204.95,114,15.91,0.05
07:35:23,"[195.7, 23]","[194.76, 42]","[210.12, 41]","[262.64, 47]",202.91,153,14.43,-0.15
07:35:24,"[195.0, 21]","[194.0, 14]","[206.71, 35]","[209.0, 21]",200.86,91,11.71,-0.23
07:35:25,"[195.0, 15]","[194.0, 10]","[205.71, 21]","[207.42, 19]",200.36,65,10.71,-0.23
07:35:26,"[195.0, 24]","[194.0, 16]","[202.93, 30]","[204.29, 34]",198.97,104,7.93,-0.23
07:35:27,"[195.0, 36]","[194.0, 24]","[199.73, 44]","[201.54, 52]",197.36,156,4.73,-0.23
07:35:28,"[195.0, 18]","[194.0, 12]","[198.0, 30]","[200.0, 18]",196.5,78,3.0,-0.23
07:35:29,"[194.64, 33]","[193.44, 32]","[196.35, 57]","[198.04, 53]",195.49,175,1.71,-0.26
07:35:30,"[192.24, 50]","[191.18, 117]","[194.11, 53]","[195.2, 51]",193.18,271,1.87,0.23
07:35:31,"[192.89, 47]","[191.22, 45]","[267.15, 26]","[458.54, 24]",230.02,142,74.26,0.3
07:35:32,"[193.0, 26]","[192.0, 26]","[333.62, 13]","[429.42, 19]",263.31,84,140.62,0.24
07:35:33,"[192.93, 15]","[191.82, 22]","[261.8, 10]","[467.1, 41]",227.37,88,68.87,-0.16
07:35:34,"[192.12, 16]","[189.32, 28]","[238.64, 36]","[298.5, 12]",215.38,92,46.51,-0.04
07:35:35,"[191.0, 20]","[189.0, 50]","[237.92, 38]","[251.39, 38]",214.46,146,46.92,-0.04
07:35:36,"[191.0, 24]","[189.0, 60]","[224.38, 24]","[237.88, 48]",207.69,156,33.38,0.08
07:35:37,"[191.0, 26]","[189.0, 65]","[216.76, 41]","[220.59, 37]",203.88,169,25.76,0.08
07:35:38,"[191.0, 14]","[189.0, 35]","[213.5, 12]","[216.33, 15]",202.25,76,22.5,0.29
07:35:39,"[191.0, 16]","[189.0, 40]","[212.25, 16]","[215.0, 8]",201.62,80,21.25,0.4
07:35:40,"[190.33, 18]","[188.75, 40]","[210.67, 12]","[212.33, 12]",200.5,82,20.33,0.41
07:35:41,"[191.75, 20]","[189.55, 20]","[197.51, 47]","[209.05, 19]",194.63,106,5.76,-0.25
07:35:42,"[186.63, 27]","[168.39, 28]","[200.0, 40]","[209.29, 17]",193.31,112,13.37,-0.02
07:35:43,"[185.0, 45]","[80.33, 18]","[208.11, 18]","[210.0, 9]",196.56,90,23.11,0.4
07:35:44,"[185.0, 60]","[136.18, 33]","[205.92, 12]","[462.67, 45]",195.46,150,20.92,0.24
07:35:45,"[185.25, 20]","[170.18, 34]","[204.5, 8]","[243.0, 40]",194.88,102,19.25,0.06
07:35:46,"[193.93, 113]","[185.71, 17]","[202.14, 14]","[298.39, 51]",198.04,195,8.21,0.33
07:35:47,"[196.16, 43]","[192.88, 57]","[198.5, 12]","[257.39, 18]",197.33,130,2.34,0.54
07:35:48,"[197.0, 26]","[194.0, 78]","[198.23, 13]","[369.31, 65]",197.62,182,1.23,0.14
07:35:49,"[197.0, 22]","[194.0, 66]","[198.0, 11]","[627.76, 51]",197.5,150,1.0,0.17
07:35:50,"[197.0, 16]","[194.0, 54]","[213.88, 17]","[248.2, 25]",205.44,112,16.88,0.25
07:35:51,"[197.0, 8]","[194.0, 48]","[229.26, 19]","[233.08, 36]",213.13,111,32.26,0.01
07:35:52,"[194.0, 14]","[193.0, 10]","[229.0, 20]","[243.06, 34]",211.5,78,35.0,-0.38
07:35:53,"[191.43, 21]","[188.65, 23]","[229.0, 10]","[524.0, 7]",210.21,61,37.57,0.44
07:35:54,"[191.0, 117]","[188.0, 133]","[228.08, 26]","[297.41, 49]",209.54,325,37.08,0.54
07:35:55,"[191.0, 72]","[188.0, 80]","[227.5, 16]","[311.9, 10]",209.25,178,36.5,0.71
07:35:56,"[191.0, 128]","[188.0, 150]","[226.47, 30]","[331.57, 35]",208.73,343,35.47,0.62
07:35:57,"[191.0, 48]","[188.0, 60]","[225.17, 12]","[300.39, 28]",208.08,148,34.17,0.46
07:35:58,"[192.71, 14]","[191.0, 56]","[223.43, 14]","[328.09, 23]",208.07,107,30.71,0.31
07:35:59,"[193.0, 15]","[191.0, 120]","[222.33, 18]","[254.09, 33]",207.67,186,29.33,0.45
07:36:00,"[193.18, 11]","[191.05, 74]","[222.0, 11]","[223.0, 22]",207.59,118,28.82,0.44
07:36:01,"[191.46, 39]","[188.83, 36]","[220.77, 13]","[221.57, 14]",206.12,102,29.31,0.47
07:36:02,"[191.0, 115]","[188.0, 110]","[212.62, 24]","[219.33, 18]",201.81,267,21.62,0.69
07:36:03,"[191.0, 73]","[188.0, 110]","[217.64, 11]","[219.0, 22]",204.32,216,26.64,0.69
07:36:04,"[191.6, 15]","[189.72, 47]","[217.0, 11]","[391.26, 31]",204.3,104,25.4,0.19
07:36:05,"[191.04, 28]","[189.4, 15]","[216.24, 21]","[469.39, 23]",203.64,87,25.2,-0.01
07:36:06,"[188.06, 51]","[185.13, 31]","[214.71, 17]","[234.25, 12]",201.38,111,26.65,0.48
07:36:07,"[188.0, 92]","[185.0, 66]","[201.26, 31]","[207.5, 34]",194.63,223,13.26,0.42
07:36:08,"[188.94, 36]","[187.09, 44]","[198.59, 59]","[199.44, 32]",193.77,171,9.65,-0.06
07:36:09,"[190.0, 32]","[189.0, 44]","[195.6, 65]","[196.07, 56]",192.8,197,5.6,-0.23
07:36:10,"[190.6, 20]","[189.18, 34]","[193.0, 20]","[194.48, 42]",191.8,116,2.4,-0.07
07:36:11,"[189.29, 42]","[188.04, 48]","[192.0, 32]","[196.0, 80]",190.64,202,2.71,-0.11
07:36:12,"[189.93, 30]","[188.8, 15]","[191.29, 14]","[194.61, 23]",190.61,82,1.35,0.1
07:36:13,"[189.0, 28]","[187.78, 27]","[191.0, 22]","[196.0, 55]",190.0,132,2.0,-0.17
07:36:14,"[189.5, 133]","[187.24, 50]","[194.41, 63]","[231.81, 47]",191.96,293,4.91,0.25
07:36:15,"[190.0, 55]","[188.0, 15]","[195.82, 11]","[253.92, 13]",192.91,94,5.82,0.49
07:36:16,"[190.82, 139]","[188.93, 28]","[195.86, 42]","[508.43, 14]",193.34,223,5.04,0.5
07:36:17,"[192.0, 72]","[189.0, 26]","[194.23, 39]","[323.63, 19]",193.12,156,2.23,0.26
07:36:18,"[192.11, 18]","[189.0, 18]","[299.0, 15]","[461.42, 12]",245.56,63,106.89,0.14
07:36:19,"[193.5, 2]","[189.0, 4]","[491.0, 2]","[498.0, 2]",342.25,10,297.5,0.2
07:36:20,"[194.0, 7]","[189.0, 14]","[397.18, 11]","[496.0, 7]",295.59,39,203.18,0.08
07:36:21,"[194.68, 19]","[190.0, 15]","[307.63, 19]","[343.0, 17]",251.16,70,112.95,-0.03
07:36:22,"[195.0, 71]","[194.0, 8]","[308.6, 25]","[345.9, 10]",251.8,114,113.6,0.39
07:36:23,"[195.1, 163]","[194.83, 63]","[331.13, 39]","[403.87, 30]",263.11,295,136.03,0.53
07:36:24,"[195.2, 59]","[194.9, 49]","[396.0, 17]","[573.79, 19]",295.6,144,200.8,0.5
07:36:25,"[198.0, 8]","[195.0, 88]","[378.91, 11]","[594.27, 22]",288.45,129,180.91,0.49
07:36:26,"[198.0, 9]","[195.0, 99]","[285.72, 29]","[487.3, 23]",241.86,160,87.72,0.35
07:36:27,"[195.0, 45]","[194.0, 5]","[282.71, 21]","[396.38, 16]",238.86,87,87.71,0.15
07:36:28,"[193.39, 31]","[190.92, 24]","[286.89, 27]","[422.26, 31]",240.14,113,93.5,-0.03
07:36:29,"[192.0, 12]","[189.0, 24]","[255.21, 42]","[423.33, 54]",223.61,132,63.21,-0.45
07:36:30,"[186.0, 18]","[183.12, 16]","[242.5, 30]","[427.21, 34]",214.25,98,56.5,-0.31
07:36:31,"[183.22, 54]","[171.19, 32]","[212.81, 48]","[332.03, 32]",198.02,166,29.59,0.04
07:36:32,"[184.9, 40]","[183.0, 60]","[206.94, 34]","[291.46, 41]",195.92,175,22.04,0.14
07:36:33,"[185.0, 40]","[183.0, 60]","[205.0, 30]","[441.2, 40]",195.0,170,20.0,0.18
07:36:34,"[186.54, 26]","[183.82, 44]","[203.75, 24]","[436.82, 34]",195.14,128,17.21,0.09
07:36:35,"[195.0, 7]","[190.25, 16]","[202.57, 21]","[288.12, 25]",198.79,69,7.57,-0.33
07:36:36,"[195.0, 10]","[194.0, 10]","[199.8, 30]","[201.1, 30]",197.4,80,4.8,-0.5
07:36:37,"[193.06, 66]","[192.4, 10]","[198.0, 18]","[200.0, 18]",195.53,112,4.94,0.36
07:36:38,"[193.0, 208]","[192.0, 26]","[195.62, 39]","[200.0, 39]",194.31,312,2.62,0.5
07:36:39,"[193.0, 109]","[192.0, 18]","[194.0, 27]","[200.0, 27]",193.5,181,1.0,0.4
07:36:40,"[193.0, 99]","[192.0, 24]","[235.42, 45]","[257.29, 49]",214.21,217,42.42,0.13
07:36:41,"[193.19, 62]","[192.56, 36]","[244.44, 36]","[268.08, 53]",218.82,187,51.25,0.05
07:36:42,"[195.0, 10]","[194.0, 40]","[244.0, 10]","[245.0, 20]",219.5,80,49.0,0.25
07:36:43,"[195.0, 24]","[194.0, 96]","[243.0, 30]","[244.71, 42]",219.0,192,48.0,0.25
07:36:44,"[195.0, 18]","[194.0, 72]","[240.55, 22]","[241.25, 32]",217.77,144,45.55,0.25
07:36:45,"[195.0, 16]","[194.0, 64]","[239.38, 16]","[241.0, 32]",217.19,128,44.38,0.25
07:36:46,"[194.02, 90]","[193.15, 52]","[236.71, 34]","[238.11, 38]",215.36,214,42.68,0.33
07:36:47,"[194.0, 41]","[193.0, 28]","[235.48, 31]","[261.6, 30]",214.74,130,41.48,0.06
07:36:48,"[194.0, 70]","[193.0, 44]","[233.61, 46]","[235.42, 53]",213.8,213,39.61,0.07
07:36:49,"[194.0, 84]","[193.0, 56]","[228.25, 60]","[229.96, 46]",211.12,246,34.25,0.14
07:36:50,"[194.0, 37]","[193.0, 40]","[227.0, 50]","[229.0, 30]",210.5,157,33.0,-0.02
07:36:51,"[193.24, 37]","[192.46, 26]","[226.3, 46]","[228.12, 34]",209.77,143,33.06,-0.12
07:36:52,"[191.0, 24]","[188.82, 33]","[224.0, 27]","[226.0, 45]",207.5,129,33.0,-0.12
07:36:53,"[189.0, 24]","[187.0, 17]","[221.95, 21]","[224.86, 22]",205.48,84,32.95,-0.02
07:36:54,"[192.75, 32]","[188.54, 26]","[220.18, 17]","[220.94, 31]",206.46,106,27.43,0.09
07:36:55,"[195.0, 48]","[189.0, 48]","[215.59, 29]","[216.88, 25]",205.29,150,20.59,0.28
07:36:56,"[195.0, 28]","[191.29, 28]","[213.0, 21]","[214.0, 35]",204.0,112,18.0,0.0
07:36:57,"[195.0, 28]","[193.0, 28]","[211.79, 19]","[212.31, 29]",203.39,104,16.79,0.08
07:36:58,"[195.0, 42]","[193.0, 56]","[208.28, 46]","[211.58, 38]",201.64,182,13.28,0.08
07:36:59,"[197.24, 59]","[194.25, 53]","[205.02, 47]","[206.42, 52]",201.13,211,7.78,0.06
07:37:00,"[197.62, 48]","[194.61, 41]","[200.83, 35]","[201.86, 42]",199.23,166,3.2,0.07
07:37:01,"[195.58, 36]","[194.26, 35]","[197.88, 32]","[200.5, 16]",196.73,119,2.29,0.19
07:37:02,"[195.14, 14]","[193.82, 50]","[420.11, 27]","[448.0, 3]",307.63,94,224.97,0.36
07:37:03,"[195.0, 9]","[194.0, 63]","[441.88, 16]","[445.31, 13]",318.44,101,246.88,0.43
07:37:04,"[196.68, 25]","[194.1, 31]","[421.77, 13]","[444.0, 12]",309.22,81,225.09,0.38
07:37:05,"[194.05, 61]","[193.32, 65]","[299.14, 29]","[334.54, 35]",246.59,190,105.09,0.33
07:37:06,"[194.0, 22]","[193.0, 44]","[222.79, 14]","[224.55, 22]",208.39,102,28.79,0.29
07:37:07,"[194.0, 18]","[193.0, 36]","[219.33, 9]","[224.0, 18]",206.67,81,25.33,0.33
07:37:08,"[194.0, 34]","[193.0, 44]","[217.84, 19]","[218.57, 14]",205.92,111,23.84,0.41
07:37:09,"[194.0, 41]","[192.37, 38]","[214.38, 13]","[215.95, 20]",204.19,112,20.38,0.41
07:37:10,"[194.59, 17]","[192.38, 13]","[212.73, 11]","[213.4, 10]",203.66,51,18.14,0.18
07:37:11,"[195.0, 24]","[193.0, 8]","[210.22, 9]","[211.07, 15]",202.61,56,15.22,0.14
07:37:12,"[195.0, 26]","[193.0, 10]","[209.25, 16]","[210.57, 14]",202.12,66,14.25,0.09
07:37:13,"[166.68, 40]","[140.9, 68]","[206.92, 13]","[208.74, 23]",186.8,144,40.25,0.5
07:37:14,"[138.6, 45]","[119.22, 41]","[184.57, 23]","[189.71, 21]",161.58,130,45.97,0.32
07:37:15,"[141.41, 27]","[140.18, 17]","[180.11, 19]","[181.2, 10]",160.76,73,38.7,0.21
07:37:16,"[156.73, 11]","[141.33, 18]","[182.0, 8]","[183.0, 8]",169.36,45,25.27,0.29
07:37:17,"[162.74, 34]","[168.49, 53]","[182.0, 10]","[183.0, 10]",172.37,107,19.26,0.63
07:37:18,"[177.4, 60]","[174.6, 10]","[186.52, 31]","[214.58, 19]",181.96,120,9.12,0.17
07:37:19,"[179.17, 29]","[178.79, 43]","[186.0, 40]","[188.0, 16]",182.59,128,6.83,0.12
07:37:20,"[183.66, 35]","[180.55, 31]","[191.14, 44]","[234.5, 24]",187.4,134,7.48,-0.01
07:37:21,"[188.67, 27]","[186.85, 26]","[287.0, 24]","[584.5, 12]",237.83,89,98.33,0.19
07:37:22,"[192.64, 42]","[189.89, 28]","[426.14, 22]","[623.17, 18]",309.39,110,233.49,0.27
07:37:23,"[196.16, 31]","[194.43, 28]","[348.67, 12]","[490.67, 12]",272.41,83,152.51,0.42
07:37:24,"[197.0, 28]","[195.46, 37]","[320.16, 19]","[375.64, 22]",258.58,106,123.16,0.23
07:37:25,"[196.0, 20]","[195.0, 40]","[404.06, 34]","[421.67, 15]",300.03,109,208.06,0.1
07:37:26,"[196.0, 6]","[195.0, 12]","[248.8, 5]","[392.0, 9]",222.4,32,52.8,0.12
07:37:27,"[196.0, 22]","[195.0, 44]","[235.63, 38]","[323.48, 23]",215.82,127,39.63,0.04
07:37:28,"[196.0, 12]","[195.0, 24]","[219.09, 22]","[224.29, 14]",207.55,72,23.09,0.0
07:37:29,"[195.32, 31]","[194.74, 27]","[218.33, 48]","[220.0, 24]",206.83,130,23.01,-0.11
07:37:30,"[195.0, 9]","[194.0, 7]","[216.86, 28]","[285.25, 8]",205.93,52,21.86,-0.38
07:37:31,"[195.96, 27]","[194.93, 14]","[215.49, 47]","[268.08, 38]",205.73,126,19.53,-0.35
07:37:32,"[196.0, 16]","[195.0, 8]","[211.64, 11]","[212.97, 29]",203.82,64,15.64,-0.25
07:37:33,"[196.0, 18]","[195.0, 9]","[208.7, 27]","[208.76, 21]",202.35,75,12.7,-0.28
07:37:34,"[195.57, 14]","[194.4, 10]","[202.84, 37]","[204.5, 16]",199.2,77,7.27,-0.38
07:37:35,"[195.0, 12]","[194.0, 27]","[199.67, 27]","[200.83, 48]",197.33,114,4.67,-0.32
07:37:36,"[193.93, 29]","[192.83, 41]","[196.09, 43]","[197.64, 22]",195.01,135,2.16,0.04
07:37:37,"[191.89, 46]","[190.0, 65]","[193.84, 31]","[232.44, 36]",192.87,178,1.95,0.25
07:37:38,"[193.0, 27]","[188.0, 30]","[318.45, 22]","[366.08, 26]",255.73,105,125.45,0.09
07:37:39,"[198.0, 24]","[189.0, 45]","[336.81, 43]","[513.84, 38]",267.41,150,138.81,-0.08
07:37:40,"[198.0, 18]","[189.0, 50]","[269.0, 50]","[342.0, 36]",233.5,154,71.0,-0.12
07:37:41,"[198.0, 9]","[191.77, 65]","[261.03, 30]","[270.98, 41]",229.52,145,63.03,0.02
07:37:42,"[198.0, 9]","[194.0, 81]","[216.0, 36]","[267.0, 27]",207.0,153,18.0,0.18
07:37:43,"[198.0, 5]","[194.0, 45]","[233.0, 18]","[300.6, 15]",215.5,83,35.0,0.2
07:37:44,"[194.4, 50]","[193.5, 90]","[266.0, 30]","[415.55, 44]",230.2,214,71.6,0.31
07:37:45,"[194.0, 66]","[193.0, 63]","[265.0, 21]","[559.0, 28]",229.5,178,71.0,0.45
07:37:46,"[194.0, 136]","[193.0, 90]","[261.82, 44]","[276.76, 33]",227.91,303,67.82,0.49
07:37:47,"[194.0, 122]","[193.0, 117]","[262.62, 39]","[315.0, 52]",228.31,330,68.62,0.45
07:37:48,"[194.02, 97]","[193.14, 115]","[261.38, 39]","[315.0, 52]",227.7,303,67.36,0.4
07:37:49,"[195.0, 10]","[194.0, 80]","[260.8, 30]","[314.7, 40]",227.9,160,65.8,0.12
07:37:50,"[194.03, 37]","[193.09, 89]","[232.0, 26]","[258.18, 22]",213.01,174,37.97,0.45
07:37:51,"[193.0, 27]","[189.0, 15]","[202.0, 9]","[257.0, 9]",197.5,60,9.0,0.4
07:37:52,"[193.0, 90]","[189.0, 50]","[199.44, 18]","[200.5, 24]",196.22,182,6.44,0.54
07:37:53,"[193.0, 96]","[189.0, 55]","[194.96, 23]","[196.76, 21]",193.98,195,1.96,0.55
07:37:54,"[193.0, 67]","[189.0, 50]","[255.0, 32]","[440.44, 25]",224.0,174,62.0,0.34
07:37:55,"[193.0, 45]","[189.14, 42]","[229.0, 36]","[485.0, 33]",211.0,156,36.0,0.12
07:37:56,"[193.0, 65]","[192.0, 26]","[226.82, 55]","[266.12, 52]",209.91,198,33.82,-0.08
07:37:57,"[192.88, 48]","[191.4, 20]","[223.06, 53]","[224.43, 35]",207.97,156,30.18,-0.13
07:37:58,"[191.0, 16]","[190.08, 26]","[222.94, 52]","[297.12, 42]",206.97,136,31.94,-0.38
07:37:59,"[189.0, 22]","[187.0, 32]","[221.0, 11]","[223.0, 55]",205.0,120,32.0,-0.1
07:38:00,"[189.0, 16]","[187.0, 51]","[219.29, 24]","[222.5, 24]",204.15,115,30.29,0.17
07:38:01,"[189.0, 26]","[187.0, 91]","[217.38, 65]","[220.0, 13]",203.19,195,28.38,0.2
07:38:02,"[196.0, 44]","[180.25, 16]","[215.33, 9]","[216.19, 21]",205.67,90,19.33,0.33
07:38:03,"[198.0, 132]","[191.55, 89]","[211.36, 11]","[216.0, 55]",204.68,287,13.36,0.54
07:38:04,"[198.0, 108]","[192.8, 45]","[208.08, 13]","[211.93, 41]",203.04,207,10.08,0.48
07:38:05,"[198.0, 100]","[195.9, 59]","[207.0, 9]","[208.0, 45]",202.5,213,9.0,0.49
07:38:06,"[198.0, 48]","[196.0, 42]","[207.0, 6]","[249.93, 27]",202.5,123,9.0,0.46
07:38:07,"[198.0, 96]","[196.0, 84]","[206.08, 13]","[275.88, 48]",202.04,241,8.08,0.49
07:38:08,"[198.0, 34]","[196.0, 56]","[204.11, 9]","[205.07, 15]",201.06,114,6.11,0.58
07:38:09,"[196.23, 79]","[194.28, 151]","[200.81, 21]","[202.33, 18]",198.52,269,4.58,0.71
07:38:10,"[196.0, 28]","[194.0, 52]","[197.25, 4]","[199.0, 8]",196.62,92,1.25,0.74
07:38:11,"[196.0, 54]","[194.0, 117]","[199.0, 18]","[408.0, 26]",197.5,215,3.0,0.59
07:38:12,"[196.0, 39]","[194.0, 130]","[198.8, 20]","[371.08, 26]",197.4,215,2.8,0.57
07:38:13,"[194.03, 79]","[192.39, 67]","[197.23, 26]","[305.4, 20]",195.63,192,3.21,0.52
07:38:14,"[194.0, 101]","[192.0, 81]","[196.56, 27]","[197.17, 36]",195.28,245,2.56,0.49
07:38:15,"[194.0, 81]","[192.0, 99]","[196.21, 28]","[239.49, 49]",195.11,257,2.21,0.4
07:38:16,"[194.0, 25]","[192.0, 45]","[196.0, 25]","[425.8, 10]",195.0,105,2.0,0.33
07:38:17,"[192.0, 65]","[189.0, 16]","[428.0, 12]","[610.5, 8]",310.0,101,236.0,0.6
07:38:18,"[192.6, 20]","[191.4, 20]","[387.43, 7]","[636.2, 5]",290.01,52,194.83,0.54
07:38:19,"[195.0, 20]","[192.0, 80]","[271.55, 11]","[606.1, 10]",233.27,121,76.55,0.65
07:38:20,"[195.0, 20]","[192.0, 80]","[316.06, 18]","[382.0, 10]",255.53,128,121.06,0.56
07:38:21,"[196.64, 22]","[193.75, 32]","[264.53, 19]","[315.29, 14]",230.58,87,67.89,0.24
07:38:22,"[195.82, 22]","[193.32, 38]","[236.36, 22]","[337.09, 11]",216.09,93,40.55,0.29
07:38:23,"[195.0, 16]","[193.0, 32]","[235.25, 16]","[243.0, 8]",215.12,72,40.25,0.33
07:38:24,"[195.0, 26]","[193.0, 52]","[232.87, 46]","[234.38, 26]",213.93,150,37.87,0.04
07:38:25,"[195.0, 18]","[193.0, 36]","[229.5, 24]","[230.4, 30]",212.25,108,34.5,0.0
07:38:26,"[195.0, 12]","[193.0, 24]","[228.0, 24]","[229.0, 12]",211.5,72,33.0,0.0
07:38:27,"[193.0, 28]","[192.0, 161]","[226.75, 16]","[228.08, 26]",209.88,231,33.75,0.64
07:38:28,"[193.0, 56]","[192.0, 322]","[224.72, 53]","[226.58, 55]",208.86,486,31.72,0.56
07:38:29,"[193.16, 38]","[192.13, 91]","[222.0, 44]","[223.18, 44]",207.58,217,28.84,0.19
07:38:30,"[194.27, 33]","[193.04, 50]","[216.76, 50]","[220.0, 52]",205.52,185,22.49,-0.1
07:38:31,"[195.2, 45]","[194.91, 89]","[197.93, 43]","[198.71, 42]",196.57,219,2.73,0.22
07:38:32,"[195.01, 127]","[194.22, 40]","[196.27, 15]","[198.0, 60]",195.64,242,1.26,0.38
07:38:33,"[195.0, 73]","[194.0, 27]","[196.0, 9]","[217.21, 33]",195.5,142,1.0,0.41
07:38:34,"[195.0, 41]","[194.0, 27]","[196.0, 9]","[258.44, 18]",195.5,95,1.0,0.43
07:38:35,"[194.91, 23]","[193.72, 29]","[196.0, 9]","[285.71, 14]",195.46,75,1.09,0.39
07:38:36,"[193.29, 17]","[192.6, 40]","[195.44, 9]","[402.0, 9]",194.37,75,2.15,0.52
07:38:37,"[193.0, 33]","[192.0, 44]","[194.0, 11]","[336.33, 15]",193.5,103,1.0,0.5
07:38:38,"[193.0, 24]","[192.0, 40]","[266.0, 20]","[314.11, 18]",229.5,102,73.0,0.25
07:38:39,"[192.23, 26]","[190.33, 27]","[287.0, 24]","[427.67, 12]",239.62,89,94.77,0.19
07:38:40,"[192.2, 20]","[190.71, 28]","[284.84, 25]","[390.36, 11]",238.52,84,92.64,0.14
07:38:41,"[190.06, 34]","[188.03, 76]","[279.31, 55]","[281.81, 43]",234.68,208,89.25,0.06
07:38:42,"[198.0, 15]","[188.0, 60]","[253.56, 50]","[277.77, 31]",225.78,156,55.56,-0.04
07:38:43,"[188.34, 58]","[187.06, 134]","[248.31, 64]","[346.17, 24]",218.33,280,59.97,0.37
07:38:44,"[187.41, 29]","[180.85, 52]","[247.33, 36]","[316.0, 18]",217.37,135,59.92,0.2
07:38:45,"[170.12, 24]","[140.84, 57]","[237.7, 30]","[254.83, 41]",203.91,152,67.57,0.07
07:38:46,"[190.0, 20]","[165.18, 66]","[207.25, 32]","[248.37, 38]",198.62,156,17.25,0.1
07:38:47,"[195.4, 30]","[194.14, 58]","[204.65, 20]","[264.22, 36]",200.03,144,9.25,0.22
07:38:48,"[195.0, 52]","[194.0, 65]","[201.33, 21]","[203.67, 27]",198.17,165,6.33,0.42
07:38:49,"[194.88, 41]","[193.96, 46]","[196.75, 20]","[197.62, 40]",195.81,147,1.87,0.18
07:38:50,"[194.0, 61]","[192.0, 13]","[196.29, 21]","[224.56, 34]",195.14,129,2.29,0.15
07:38:51,"[194.18, 34]","[193.3, 20]","[197.0, 27]","[221.0, 36]",195.59,117,2.82,-0.08
07:38:52,"[195.0, 15]","[194.0, 28]","[196.95, 19]","[218.33, 27]",195.97,89,1.95,-0.03
07:38:53,"[195.0, 14]","[194.0, 28]","[196.86, 21]","[253.0, 14]",195.93,77,1.86,0.09
07:38:54,"[193.03, 31]","[191.97, 29]","[195.33, 27]","[352.13, 55]",194.18,142,2.3,-0.15
07:38:55,"[188.5, 12]","[149.86, 42]","[194.75, 12]","[289.8, 40]",191.62,106,6.25,0.02
07:38:56,"[187.0, 11]","[126.06, 31]","[192.0, 11]","[286.0, 26]",189.5,79,5.0,0.06
07:38:57,"[187.84, 45]","[177.06, 16]","[191.0, 11]","[266.0, 11]",189.42,83,3.16,0.47
07:38:58,"[188.02, 175]","[187.04, 25]","[190.31, 13]","[266.0, 13]",189.16,226,2.29,0.77
07:38:59,"[195.8, 55]","[187.48, 42]","[272.67, 15]","[319.26, 42]",234.23,154,76.87,0.26
07:39:00,"[198.0, 30]","[188.0, 12]","[447.5, 24]","[529.4, 15]",322.75,81,249.5,0.04
07:39:01,"[196.27, 37]","[187.53, 87]","[287.0, 48]","[476.0, 48]",241.64,220,90.73,0.13
07:39:02,"[194.0, 15]","[186.94, 35]","[287.0, 20]","[645.2, 20]",240.5,90,93.0,0.11
07:39:03,"[194.0, 16]","[186.59, 17]","[287.0, 32]","[440.0, 32]",240.5,97,93.0,-0.32
07:39:04,"[188.0, 66]","[187.47, 19]","[492.88, 32]","[613.38, 32]",340.44,149,304.88,0.14
07:39:05,"[198.0, 21]","[193.26, 68]","[622.64, 22]","[725.0, 20]",410.32,131,424.64,0.36
07:39:06,"[198.0, 17]","[196.0, 84]","[498.11, 18]","[725.0, 20]",348.06,139,300.11,0.45
07:39:07,"[196.67, 12]","[195.68, 57]","[697.33, 21]","[724.17, 24]",447.0,114,500.67,0.21
07:39:08,"[196.0, 64]","[194.0, 72]","[688.31, 36]","[708.44, 36]",442.15,208,492.31,0.31
07:39:09,"[196.0, 40]","[194.0, 45]","[322.81, 21]","[687.33, 24]",259.4,130,126.81,0.31
07:39:10,"[196.0, 48]","[194.0, 54]","[208.14, 29]","[304.6, 25]",202.07,156,12.14,0.31
07:39:11,"[196.0, 40]","[194.0, 45]","[207.0, 25]","[209.0, 20]",201.5,130,11.0,0.31
07:39:12,"[196.0, 34]","[194.0, 72]","[207.0, 40]","[374.38, 32]",201.5,178,11.0,0.19
07:39:13,"[194.94, 36]","[193.71, 70]","[207.0, 40]","[272.0, 26]",200.97,172,12.06,0.23
07:39:14,"[195.0, 40]","[194.0, 56]","[205.5, 40]","[282.25, 32]",200.25,168,10.5,0.14
07:39:15,"[195.0, 25]","[194.0, 35]","[205.0, 25]","[300.5, 8]",200.0,93,10.0,0.29
07:39:16,"[195.0, 44]","[194.0, 70]","[204.5, 50]","[509.19, 37]",199.75,201,9.5,0.13
07:39:17,"[195.0, 10]","[194.0, 35]","[203.8, 25]","[552.5, 8]",199.4,78,8.8,0.15
07:39:18,"[195.0, 24]","[194.0, 84]","[202.09, 53]","[289.88, 43]",198.55,204,7.09,0.06
07:39:19,"[195.0, 24]","[194.0, 84]","[199.42, 48]","[201.89, 54]",197.21,210,4.42,0.03
07:39:20,"[194.11, 54]","[193.21, 101]","[196.38, 39]","[197.0, 45]",195.25,239,2.27,0.3
07:39:21,"[193.23, 91]","[192.77, 91]","[196.1, 59]","[203.26, 46]",194.67,287,2.87,0.27
07:39:22,"[192.61, 49]","[190.55, 44]","[194.22, 36]","[207.19, 36]",193.42,165,1.61,0.13
07:39:23,"[190.47, 17]","[189.13, 62]","[193.62, 16]","[252.0, 8]",192.05,103,3.15,0.53
07:39:24,"[189.4, 35]","[188.35, 93]","[193.0, 20]","[347.46, 13]",191.2,161,3.6,0.59
07:39:25,"[189.0, 62]","[187.0, 100]","[193.0, 20]","[274.88, 34]",191.0,216,4.0,0.5
07:39:26,"[189.51, 37]","[188.17, 72]","[199.63, 19]","[369.0, 10]",194.57,138,10.12,0.58
07:39:27,"[190.0, 109]","[189.0, 118]","[482.04, 25]","[726.53, 34]",336.02,286,292.04,0.59
07:39:28,"[190.09, 58]","[189.29, 136]","[396.09, 11]","[672.9, 20]",293.09,225,206.0,0.72
07:39:29,"[190.0, 64]","[189.0, 128]","[449.87, 31]","[458.73, 22]",319.94,245,259.87,0.57
07:39:30,"[190.33, 54]","[189.33, 144]","[424.06, 50]","[448.07, 56]",307.2,304,233.73,0.3
07:39:31,"[193.0, 9]","[190.03, 65]","[271.17, 36]","[291.69, 32]",232.08,142,78.17,0.04
07:39:32,"[191.47, 32]","[189.23, 137]","[228.46, 56]","[237.78, 68]",209.97,293,37.0,0.15
07:39:33,"[190.0, 11]","[189.0, 176]","[223.92, 51]","[225.04, 48]",206.96,286,33.92,0.31
07:39:34,"[190.0, 10]","[189.0, 160]","[220.34, 35]","[221.59, 41]",205.17,246,30.34,0.38
07:39:35,"[189.12, 73]","[188.91, 132]","[217.95, 37]","[218.93, 45]",203.53,287,28.82,0.43
07:39:36,"[191.31, 26]","[189.0, 148]","[215.09, 47]","[216.77, 39]",203.2,260,23.78,0.34
07:39:37,"[193.36, 28]","[189.0, 224]","[211.0, 51]","[212.06, 48]",202.18,351,17.64,0.44
07:39:38,"[194.05, 21]","[189.06, 162]","[206.78, 37]","[207.84, 37]",200.42,257,12.74,0.42
07:39:39,"[189.14, 129]","[188.71, 51]","[201.5, 36]","[203.0, 36]",195.32,252,12.36,0.43
07:39:40,"[189.02, 172]","[188.32, 88]","[196.52, 46]","[197.53, 43]",192.77,349,7.5,0.49
07:39:41,"[189.59, 17]","[188.34, 59]","[192.46, 24]","[193.57, 37]",191.02,137,2.87,0.11
07:39:42,"[189.0, 12]","[188.0, 54]","[194.0, 12]","[196.0, 48]",191.5,126,5.0,0.05
07:39:43,"[189.0, 11]","[188.0, 22]","[192.63, 19]","[195.62, 32]",190.82,84,3.63,-0.21
07:39:44,"[188.78, 9]","[187.8, 15]","[191.0, 10]","[192.64, 25]",189.89,59,2.22,-0.19
07:39:45,"[188.0, 18]","[185.0, 9]","[195.21, 34]","[419.11, 36]",191.6,97,7.21,-0.44
07:39:46,"[188.08, 26]","[185.75, 16]","[192.57, 42]","[300.0, 50]",190.32,134,4.49,-0.37
07:39:47,"[189.0, 11]","[186.33, 27]","[190.27, 33]","[195.65, 34]",189.64,105,1.27,-0.28
07:39:48,"[189.99, 118]","[185.19, 21]","[191.0, 22]","[243.0, 40]",190.5,201,1.01,0.38
07:39:49,"[190.56, 144]","[185.0, 28]","[266.0, 31]","[438.78, 41]",228.28,244,75.44,0.41
07:39:50,"[192.67, 90]","[185.0, 18]","[337.29, 24]","[508.95, 21]",264.98,153,144.63,0.41
07:39:51,"[194.0, 60]","[185.0, 12]","[311.83, 24]","[600.0, 6]",252.92,102,117.83,0.41
07:39:52,"[194.0, 48]","[185.0, 12]","[231.0, 24]","[481.17, 6]",212.5,90,37.0,0.33
07:39:53,"[192.07, 30]","[183.0, 28]","[224.97, 29]","[307.23, 26]",208.52,113,32.9,0.03
07:39:54,"[182.62, 13]","[181.98, 41]","[455.25, 24]","[624.07, 15]",318.93,93,272.63,0.16
07:39:55,"[183.86, 35]","[182.19, 31]","[299.64, 11]","[599.25, 32]",241.75,109,115.78,0.21
07:39:56,"[184.15, 34]","[183.17, 6]","[209.0, 24]","[440.0, 6]",196.57,70,24.85,0.14
07:39:57,"[186.65, 20]","[185.69, 36]","[310.76, 34]","[398.5, 16]",248.71,106,124.11,0.06
07:39:58,"[193.76, 66]","[145.6, 77]","[312.47, 15]","[621.67, 60]",253.11,218,118.71,0.31
07:39:59,"[196.0, 30]","[193.0, 8]","[577.12, 8]","[754.0, 32]",386.56,78,381.12,-0.03
07:40:00,"[195.56, 9]","[192.14, 7]","[283.71, 7]","[549.45, 22]",239.63,45,88.16,-0.29
07:40:01,"[192.94, 70]","[190.0, 10]","[282.33, 18]","[283.6, 10]",237.64,108,89.39,0.48
07:40:02,"[193.5, 88]","[192.0, 8]","[281.96, 24]","[289.12, 16]",237.73,136,88.46,0.41
07:40:03,"[194.0, 66]","[192.0, 6]","[280.29, 14]","[281.91, 22]",237.14,108,86.29,0.33
07:40:04,"[194.0, 82]","[192.0, 8]","[279.38, 40]","[281.0, 8]",236.69,138,85.38,0.3
07:40:05,"[194.0, 120]","[192.0, 12]","[270.72, 32]","[277.82, 40]",232.36,204,76.72,0.29
07:40:06,"[194.0, 100]","[192.0, 10]","[205.57, 14]","[207.02, 46]",199.79,170,11.57,0.29
07:40:07,"[194.0, 130]","[192.0, 14]","[200.1, 58]","[203.77, 22]",197.05,224,6.1,0.29
07:40:08,"[194.0, 128]","[192.0, 16]","[198.5, 56]","[198.75, 40]",196.25,240,4.5,0.2
07:40:09,"[194.0, 69]","[192.0, 11]","[195.0, 55]","[196.0, 11]",194.5,146,1.0,0.1
07:40:10,"[193.32, 41]","[192.57, 49]","[195.44, 18]","[206.48, 42]",194.38,150,2.13,0.2
07:40:11,"[194.0, 36]","[192.94, 51]","[195.11, 37]","[243.55, 11]",194.55,135,1.11,0.29
07:40:12,"[194.0, 35]","[192.0, 7]","[212.43, 7]","[322.0, 7]",203.21,56,18.43,0.5
07:40:13,"[194.0, 35]","[192.86, 7]","[370.14, 7]","[517.0, 8]",282.07,57,176.14,0.47
07:40:14,"[194.44, 9]","[193.95, 21]","[447.0, 5]","[512.33, 6]",320.72,41,252.56,0.46
07:40:15,"[194.1, 20]","[193.67, 15]","[466.64, 11]","[544.5, 10]",330.37,56,272.54,0.25
07:40:16,"[194.0, 17]","[193.0, 5]","[343.0, 5]","[487.6, 10]",268.5,37,149.0,0.19
07:40:17,"[193.2, 41]","[191.06, 17]","[295.83, 18]","[400.76, 17]",244.51,93,102.64,0.25
07:40:18,"[189.0, 24]","[188.0, 24]","[308.25, 8]","[363.38, 8]",248.62,64,119.25,0.5
07:40:19,"[189.7, 30]","[188.7, 30]","[256.25, 20]","[341.8, 10]",222.97,90,66.55,0.33
07:40:20,"[191.19, 26]","[188.88, 26]","[255.4, 30]","[436.7, 10]",223.3,92,64.21,0.13
07:40:21,"[198.0, 24]","[190.5, 12]","[253.33, 36]","[381.19, 48]",225.67,120,55.33,-0.4
07:40:22,"[198.0, 16]","[192.0, 8]","[251.88, 24]","[431.75, 40]",224.94,88,53.88,-0.45
07:40:23,"[193.83, 24]","[189.3, 20]","[251.0, 33]","[261.26, 43]",222.42,120,57.17,-0.27
07:40:24,"[191.0, 24]","[188.4, 15]","[250.33, 18]","[323.0, 6]",220.67,63,59.33,0.24
07:40:25,"[192.61, 36]","[190.71, 31]","[249.5, 24]","[535.5, 8]",221.06,99,56.89,0.35
07:40:26,"[193.96, 25]","[190.43, 56]","[244.33, 36]","[286.71, 14]",219.15,131,50.37,0.24
07:40:27,"[189.0, 115]","[188.0, 30]","[229.33, 18]","[256.91, 22]",209.17,185,40.33,0.57
07:40:28,"[189.0, 138]","[188.0, 33]","[212.96, 27]","[232.47, 17]",200.98,215,23.96,0.59
07:40:29,"[189.0, 37]","[188.0, 27]","[211.0, 27]","[368.33, 9]",200.0,100,22.0,0.28
07:40:30,"[191.0, 36]","[188.33, 27]","[210.89, 27]","[409.95, 21]",200.94,111,19.89,0.14
07:40:31,"[194.15, 52]","[192.56, 54]","[210.0, 30]","[342.0, 30]",202.08,166,15.85,0.28
07:40:32,"[196.0, 34]","[193.0, 72]","[209.83, 36]","[342.0, 36]",202.92,178,13.83,0.19
07:40:33,"[196.0, 55]","[193.0, 126]","[205.59, 41]","[230.88, 51]",200.79,273,9.59,0.33
07:40:34,"[196.0, 14]","[193.0, 42]","[203.8, 15]","[204.31, 13]",199.9,84,7.8,0.33
07:40:35,"[195.47, 34]","[192.82, 88]","[201.2, 41]","[220.53, 30]",198.33,193,5.72,0.26
07:40:36,"[193.0, 36]","[189.0, 24]","[198.17, 30]","[202.0, 6]",195.58,96,5.17,0.25
07:40:37,"[193.0, 42]","[189.0, 28]","[195.95, 19]","[196.09, 23]",194.47,112,2.95,0.25
07:40:38,"[193.0, 65]","[189.0, 40]","[194.0, 10]","[386.11, 36]",193.5,151,1.0,0.39
07:40:39,"[189.78, 18]","[187.19, 62]","[378.0, 21]","[484.9, 42]",283.89,143,188.22,0.12
07:40:40,"[193.51, 95]","[191.33, 18]","[462.91, 44]","[604.43, 23]",328.21,180,269.4,0.26
07:40:41,"[194.0, 52]","[192.0, 8]","[392.0, 16]","[470.0, 12]",293.0,88,198.0,0.36
07:40:42,"[195.8, 71]","[193.79, 58]","[390.38, 34]","[400.67, 27]",293.09,190,194.58,0.36
07:40:43,"[194.61, 92]","[193.62, 64]","[389.5, 50]","[397.73, 22]",292.05,228,194.89,0.37
07:40:44,"[194.57, 42]","[193.73, 45]","[358.5, 18]","[370.83, 18]",276.54,123,163.93,0.41
07:40:45,"[194.0, 115]","[192.0, 20]","[315.93, 28]","[410.23, 26]",254.96,189,121.93,0.43
07:40:46,"[194.0, 26]","[192.0, 10]","[539.8, 5]","[639.2, 5]",366.9,46,345.8,0.57
07:40:47,"[194.0, 44]","[192.0, 24]","[349.25, 12]","[539.08, 12]",271.62,92,155.25,0.48
07:40:48,"[194.0, 22]","[192.0, 22]","[329.52, 23]","[346.56, 25]",261.76,92,135.52,-0.04
07:40:49,"[194.0, 14]","[192.95, 38]","[326.14, 7]","[328.0, 35]",260.07,94,132.14,0.11
07:40:50,"[193.04, 47]","[192.25, 24]","[322.69, 42]","[326.22, 18]",257.87,131,129.65,0.08
07:40:51,"[193.0, 50]","[191.44, 18]","[285.06, 18]","[299.3, 20]",239.03,106,92.06,0.28
07:40:52,"[193.0, 45]","[192.0, 11]","[210.64, 11]","[306.29, 35]",201.82,102,17.64,0.1
07:40:53,"[193.0, 56]","[192.0, 14]","[206.53, 49]","[242.94, 32]",199.77,151,13.53,-0.07
07:40:54,"[193.72, 67]","[192.8, 30]","[202.29, 41]","[204.24, 33]",198.0,171,8.58,0.13
07:40:55,"[194.89, 57]","[193.96, 81]","[198.21, 48]","[198.45, 29]",196.55,215,3.31,0.28
07:40:56,"[194.21, 28]","[193.5, 24]","[195.67, 6]","[198.23, 26]",194.94,84,1.45,0.24
07:40:57,"[194.14, 28]","[193.28, 29]","[198.88, 33]","[305.42, 12]",196.51,102,4.74,0.12
07:40:58,"[195.0, 24]","[194.0, 48]","[197.42, 48]","[422.92, 12]",196.21,132,2.42,0.09
07:40:59,"[194.2, 30]","[193.4, 30]","[195.58, 24]","[440.0, 9]",194.89,93,1.38,0.29
07:41:00,"[194.0, 24]","[193.0, 33]","[408.08, 24]","[471.92, 13]",301.04,94,214.08,0.21
07:41:01,"[194.0, 20]","[193.0, 30]","[293.69, 26]","[404.93, 14]",243.85,90,99.69,0.11
07:41:02,"[193.32, 25]","[192.67, 18]","[200.0, 10]","[335.67, 18]",196.66,71,6.68,0.21
07:41:03,"[189.22, 74]","[188.35, 23]","[198.0, 17]","[560.58, 19]",193.61,133,8.78,0.46
07:41:04,"[189.0, 154]","[187.8, 45]","[190.93, 45]","[197.1, 41]",189.97,285,1.93,0.4
07:41:05,"[189.0, 46]","[187.14, 14]","[190.0, 16]","[197.0, 18]",189.5,94,1.0,0.28
07:41:06,"[189.16, 94]","[188.57, 23]","[192.8, 15]","[217.21, 29]",190.98,161,3.64,0.45
07:41:07,"[192.0, 20]","[189.0, 52]","[197.0, 12]","[475.0, 4]",194.5,88,5.0,0.64
07:41:08,"[192.0, 70]","[189.0, 182]","[195.43, 42]","[425.14, 14]",193.71,308,3.43,0.64
07:41:09,"[192.0, 54]","[189.0, 161]","[193.18, 33]","[410.64, 11]",192.59,259,1.18,0.66
07:41:10,"[192.0, 27]","[189.01, 129]","[267.75, 24]","[482.0, 15]",229.88,195,75.75,0.6
07:41:11,"[194.27, 37]","[189.41, 37]","[333.0, 28]","[372.22, 9]",263.64,111,138.73,0.33
07:41:12,"[195.0, 63]","[192.0, 9]","[289.4, 40]","[312.39, 41]",242.2,153,94.4,-0.06
07:41:13,"[195.0, 52]","[193.67, 66]","[298.25, 80]","[299.22, 73]",246.62,271,103.25,-0.13
07:41:14,"[195.45, 33]","[194.0, 121]","[295.36, 55]","[296.55, 55]",245.41,264,99.91,0.17
07:41:15,"[196.0, 39]","[194.0, 143]","[292.43, 63]","[294.77, 65]",244.21,310,96.43,0.17
07:41:16,"[194.34, 53]","[193.73, 45]","[290.43, 35]","[295.0, 35]",242.38,168,96.09,0.17
07:41:17,"[194.0, 165]","[193.0, 45]","[288.87, 75]","[292.2, 75]",241.43,360,94.87,0.17
07:41:18,"[194.0, 143]","[193.0, 39]","[269.54, 65]","[286.69, 65]",231.77,312,75.54,0.17
07:41:19,"[194.0, 71]","[193.0, 42]","[254.36, 66]","[275.87, 68]",224.18,247,60.36,-0.09
07:41:20,"[193.2, 30]","[192.43, 14]","[235.7, 50]","[243.0, 50]",214.45,144,42.5,-0.39
07:41:21,"[193.0, 24]","[192.0, 8]","[233.38, 40]","[234.62, 40]",213.19,112,40.38,-0.43
07:41:22,"[193.0, 39]","[192.0, 13]","[226.04, 57]","[229.03, 60]",209.52,169,33.04,-0.38
07:41:23,"[193.6, 20]","[192.4, 10]","[205.0, 50]","[206.3, 43]",199.3,123,11.4,-0.51
07:41:24,"[190.81, 125]","[188.95, 80]","[201.78, 69]","[203.27, 75]",196.3,349,10.97,0.17
07:41:25,"[194.27, 41]","[192.12, 25]","[200.0, 44]","[203.0, 55]",197.13,165,5.73,-0.2
07:41:26,"[197.2, 25]","[191.77, 65]","[198.95, 42]","[203.78, 45]",198.08,177,1.75,0.02
07:41:27,"[191.19, 99]","[190.05, 84]","[196.85, 33]","[197.26, 27]",194.02,243,5.66,0.51
07:41:28,"[193.8, 30]","[191.29, 62]","[196.0, 10]","[197.0, 40]",194.9,142,2.2,0.3
07:41:29,"[192.0, 42]","[191.0, 154]","[194.94, 18]","[196.73, 49]",193.47,263,2.94,0.49
07:41:30,"[191.79, 29]","[190.33, 95]","[193.88, 25]","[206.82, 51]",192.84,200,2.09,0.24
07:41:31,"[192.41, 49]","[188.44, 36]","[196.38, 64]","[376.75, 48]",194.39,197,3.97,-0.14
07:41:32,"[193.0, 65]","[189.78, 18]","[194.71, 62]","[385.0, 48]",193.85,193,1.71,-0.14
07:41:33,"[189.71, 28]","[184.59, 68]","[194.0, 36]","[410.0, 48]",191.86,180,4.29,0.07
07:41:34,"[190.0, 18]","[188.0, 27]","[192.56, 27]","[224.43, 28]",191.28,100,2.56,-0.1
07:41:35,"[188.0, 24]","[185.48, 62]","[191.0, 30]","[193.0, 30]",189.5,146,3.0,0.18
07:41:36,"[185.06, 105]","[184.13, 31]","[190.36, 33]","[193.0, 33]",187.71,202,5.31,0.35
07:41:37,"[186.0, 14]","[184.42, 132]","[188.83, 36]","[190.5, 36]",187.42,218,2.83,0.34
07:41:38,"[184.31, 65]","[183.54, 65]","[187.3, 30]","[188.8, 30]",185.8,190,2.99,0.37
07:41:39,"[184.0, 114]","[181.37, 27]","[186.75, 36]","[295.29, 34]",185.38,211,2.75,0.34
07:41:40,"[184.0, 71]","[181.0, 20]","[185.3, 30]","[211.5, 30]",184.65,151,1.3,0.21
07:41:41,"[185.38, 52]","[182.96, 46]","[303.24, 38]","[386.38, 47]",244.31,183,117.85,0.07
07:41:42,"[197.54, 35]","[185.33, 45]","[266.62, 16]","[470.26, 35]",232.08,131,69.08,0.22
07:41:43,"[198.0, 30]","[188.83, 58]","[270.56, 18]","[274.05, 42]",234.28,148,72.56,0.19
07:41:44,"[196.92, 37]","[192.63, 73]","[257.73, 11]","[365.27, 30]",227.32,151,60.81,0.46
07:41:45,"[194.0, 75]","[184.18, 55]","[223.89, 35]","[226.86, 21]",208.94,186,29.89,0.4
07:41:46,"[194.0, 55]","[186.0, 11]","[220.47, 19]","[221.32, 25]",207.24,110,26.47,0.2
07:41:47,"[194.0, 40]","[186.0, 8]","[217.18, 17]","[217.26, 23]",205.59,88,23.18,0.09
07:41:48,"[195.0, 135]","[193.42, 59]","[214.73, 15]","[217.0, 60]",204.87,269,19.73,0.44
07:41:49,"[195.55, 141]","[193.28, 75]","[211.35, 68]","[214.0, 17]",203.45,301,15.8,0.44
07:41:50,"[196.0, 96]","[194.0, 96]","[210.0, 64]","[214.0, 16]",203.0,272,14.0,0.41
07:41:51,"[196.0, 66]","[194.0, 66]","[207.37, 38]","[209.76, 17]",201.68,187,11.37,0.41
07:41:52,"[196.0, 54]","[194.0, 54]","[205.0, 36]","[206.0, 9]",200.5,153,9.0,0.41
07:41:53,"[194.9, 60]","[193.4, 60]","[202.72, 40]","[203.94, 16]",198.81,176,7.82,0.36
07:41:54,"[195.0, 42]","[194.0, 70]","[199.36, 22]","[200.15, 13]",197.18,147,4.36,0.52
07:41:55,"[195.0, 43]","[194.0, 80]","[197.0, 32]","[198.0, 8]",196.0,163,2.0,0.51
07:41:56,"[194.09, 66]","[193.54, 78]","[196.73, 26]","[198.25, 12]",195.41,182,2.64,0.58
07:41:57,"[194.0, 86]","[192.78, 27]","[195.25, 16]","[197.22, 9]",194.62,138,1.25,0.64
07:41:58,"[193.79, 42]","[192.67, 27]","[196.33, 9]","[197.44, 9]",195.06,87,2.55,0.59
07:41:59,"[192.53, 40]","[189.91, 69]","[193.52, 23]","[270.53, 19]",193.02,151,1.0,0.44
07:42:00,"[192.0, 9]","[189.0, 54]","[193.0, 27]","[425.6, 25]",192.5,115,1.0,0.1
07:42:01,"[192.0, 4]","[189.0, 24]","[193.0, 12]","[477.0, 20]",192.5,60,1.0,-0.07
07:42:02,"[189.12, 50]","[187.4, 60]","[192.4, 30]","[400.0, 50]",190.76,190,3.28,0.16
07:42:03,"[189.0, 51]","[187.0, 54]","[212.88, 25]","[511.86, 21]",200.94,151,23.88,0.39
07:42:04,"[189.0, 33]","[187.0, 40]","[417.9, 30]","[741.0, 10]",303.45,113,228.9,0.29
07:42:05,"[193.81, 54]","[188.35, 40]","[298.46, 39]","[528.72, 57]",246.14,190,104.65,-0.01
07:42:06,"[198.0, 63]","[193.0, 18]","[374.62, 37]","[437.46, 35]",286.31,153,176.62,0.06
07:42:07,"[198.0, 49]","[193.0, 14]","[390.28, 29]","[565.74, 23]",294.14,115,192.28,0.1
07:42:08,"[198.0, 57]","[193.0, 18]","[322.32, 37]","[621.0, 35]",260.16,147,124.32,0.02
07:42:09,"[193.97, 35]","[189.3, 27]","[247.84, 25]","[608.13, 38]",220.91,125,53.87,-0.01
07:42:10,"[189.0, 30]","[187.0, 24]","[246.5, 24]","[248.0, 18]",217.75,96,57.5,0.12
07:42:11,"[189.0, 36]","[187.0, 36]","[246.0, 36]","[282.67, 27]",217.5,135,57.0,0.07
07:42:12,"[192.6, 50]","[188.05, 37]","[236.12, 34]","[305.09, 33]",214.36,154,43.52,0.13
07:42:13,"[195.0, 42]","[194.0, 17]","[246.0, 28]","[515.26, 23]",220.5,110,51.0,0.07
07:42:14,"[195.0, 42]","[194.0, 21]","[245.38, 32]","[268.74, 31]",220.19,126,50.38,0.0
07:42:15,"[195.0, 40]","[194.0, 21]","[244.35, 31]","[245.38, 32]",219.68,124,49.35,-0.02
07:42:16,"[195.09, 44]","[194.17, 29]","[241.02, 41]","[242.45, 40]",218.06,154,45.93,-0.05
07:42:17,"[196.0, 24]","[195.0, 30]","[237.56, 25]","[239.28, 29]",216.78,108,41.56,0.0
07:42:18,"[196.0, 43]","[195.0, 65]","[235.94, 62]","[237.0, 55]",215.97,225,39.94,-0.04
07:42:19,"[196.0, 8]","[195.0, 40]","[233.54, 37]","[234.86, 35]",214.77,120,37.54,-0.2
07:42:20,"[195.47, 19]","[194.88, 51]","[229.44, 50]","[230.71, 51]",212.46,171,33.97,-0.18
07:42:21,"[195.0, 50]","[194.0, 30]","[218.82, 44]","[223.25, 48]",206.91,172,23.82,-0.07
07:42:22,"[195.0, 65]","[194.0, 39]","[205.62, 52]","[206.67, 54]",200.31,210,10.62,-0.01
07:42:23,"[195.0, 31]","[194.0, 33]","[203.57, 46]","[204.83, 46]",199.28,156,8.57,-0.18
07:42:24,"[194.81, 16]","[193.53, 43]","[198.68, 68]","[199.72, 64]",196.74,191,3.86,-0.38
07:42:25,"[190.19, 63]","[187.5, 80]","[193.87, 60]","[203.15, 61]",192.03,264,3.68,0.08
07:42:26,"[187.86, 44]","[184.86, 35]","[192.42, 38]","[244.89, 36]",190.14,153,4.56,0.03
07:42:27,"[187.0, 30]","[172.0, 6]","[193.17, 24]","[244.92, 25]",190.08,85,6.17,-0.15
07:42:28,"[187.0, 68]","[169.18, 68]","[192.0, 48]","[245.86, 42]",189.5,226,5.0,0.2
07:42:29,"[187.0, 53]","[178.0, 104]","[190.59, 63]","[191.63, 54]",188.79,274,3.59,0.15
07:42:30,"[183.1, 68]","[179.31, 39]","[188.12, 32]","[214.29, 45]",185.61,184,5.02,0.16
07:42:31,"[182.0, 28]","[136.0, 16]","[187.9, 10]","[275.92, 13]",184.95,67,5.9,0.31
07:42:32,"[182.0, 28]","[171.0, 4]","[188.0, 12]","[311.07, 14]",185.0,58,6.0,0.1
07:42:33,"[182.11, 63]","[156.95, 21]","[188.0, 19]","[311.45, 31]",185.06,134,5.89,0.25
07:42:34,"[185.0, 63]","[182.0, 63]","[188.0, 18]","[352.31, 35]",186.5,179,3.0,0.41
07:42:35,"[186.43, 37]","[166.92, 85]","[213.81, 37]","[314.18, 55]",200.12,214,27.38,0.14
07:42:36,"[172.37, 49]","[158.27, 123]","[321.72, 74]","[506.41, 70]",247.04,316,149.35,0.09
07:42:37,"[159.13, 90]","[154.63, 86]","[210.61, 23]","[244.41, 51]",184.87,250,51.48,0.41
07:42:38,"[158.2, 60]","[157.0, 70]","[184.0, 20]","[223.65, 46]",171.1,196,25.8,0.33
07:42:39,"[181.42, 57]","[168.54, 56]","[190.43, 35]","[214.35, 37]",185.92,185,9.01,0.22
07:42:40,"[188.33, 63]","[187.09, 198]","[191.07, 61]","[233.43, 56]",189.7,378,2.73,0.38
07:42:41,"[189.0, 42]","[187.0, 121]","[191.31, 35]","[259.12, 41]",190.16,239,2.31,0.36
07:42:42,"[189.29, 14]","[186.6, 90]","[195.5, 50]","[364.0, 40]",192.39,194,6.21,0.07
07:42:43,"[186.31, 36]","[183.33, 55]","[193.0, 60]","[195.83, 60]",189.65,211,6.69,-0.14
07:42:44,"[184.71, 63]","[175.54, 52]","[193.0, 35]","[195.0, 35]",188.86,185,8.29,0.24
07:42:45,"[185.23, 52]","[167.82, 91]","[192.74, 27]","[194.82, 55]",188.99,225,7.51,0.27
07:42:46,"[184.34, 95]","[180.47, 116]","[189.29, 17]","[194.39, 46]",186.82,274,4.96,0.54
07:42:47,"[170.37, 51]","[162.05, 82]","[198.82, 39]","[250.42, 50]",184.6,222,28.45,0.2
07:42:48,"[183.36, 14]","[110.37, 79]","[370.59, 54]","[426.67, 36]",276.97,183,187.24,0.02
07:42:49,"[185.58, 19]","[184.18, 11]","[193.77, 26]","[311.16, 25]",189.67,81,8.19,-0.26
07:42:50,"[186.41, 37]","[185.42, 12]","[193.0, 48]","[197.0, 12]",189.7,109,6.59,-0.1
07:42:51,"[184.75, 16]","[181.26, 19]","[193.0, 48]","[197.0, 12]",188.88,95,8.25,-0.26
07:42:52,"[184.6, 10]","[154.85, 40]","[191.4, 30]","[197.0, 10]",188.0,90,6.8,0.11
07:42:53,"[185.0, 7]","[168.67, 30]","[189.0, 21]","[197.0, 7]",187.0,65,4.0,0.14
07:42:54,"[185.0, 9]","[136.61, 36]","[188.0, 21]","[197.67, 9]",186.5,75,3.0,0.2
07:42:55,"[192.6, 63]","[180.05, 19]","[319.84, 51]","[367.85, 26]",256.22,159,127.24,0.03
07:42:56,"[198.0, 132]","[192.0, 120]","[371.72, 50]","[469.03, 38]",284.86,340,173.72,0.48
07:42:57,"[198.0, 99]","[192.0, 90]","[354.15, 33]","[465.0, 27]",276.08,249,156.15,0.52
07:42:58,"[198.0, 140]","[192.06, 103]","[221.0, 65]","[351.85, 39]",209.5,347,23.0,0.4
07:42:59,"[198.0, 68]","[194.0, 9]","[219.11, 45]","[221.0, 45]",208.56,167,21.11,-0.08
07:43:00,"[198.0, 56]","[194.0, 8]","[219.0, 40]","[259.36, 28]",208.5,132,21.0,-0.03
07:43:01,"[198.0, 49]","[194.0, 7]","[218.86, 35]","[302.74, 23]",208.43,114,20.86,-0.02
07:43:02,"[198.0, 70]","[194.82, 11]","[216.36, 55]","[218.18, 55]",207.18,191,18.36,-0.15
07:43:03,"[198.0, 24]","[195.0, 12]","[212.5, 60]","[214.33, 60]",205.25,156,14.5,-0.54
07:43:04,"[198.0, 10]","[194.8, 5]","[211.4, 25]","[212.8, 25]",204.7,65,13.4,-0.54
07:43:05,"[195.6, 50]","[194.69, 29]","[209.92, 65]","[216.86, 59]",202.76,203,14.32,-0.22
07:43:06,"[195.0, 65]","[194.0, 13]","[208.41, 51]","[231.25, 63]",201.71,192,13.41,-0.19
07:43:07,"[195.0, 64]","[194.0, 14]","[203.71, 45]","[206.55, 40]",199.36,163,8.71,-0.04
07:43:08,"[195.0, 18]","[194.0, 8]","[198.36, 22]","[201.42, 19]",196.68,67,3.36,-0.22
07:43:09,"[193.7, 20]","[192.53, 57]","[196.06, 53]","[203.2, 54]",194.88,184,2.36,-0.16
07:43:10,"[192.27, 55]","[191.27, 66]","[195.44, 36]","[206.0, 45]",193.86,202,3.17,0.2
07:43:11,"[189.94, 64]","[188.2, 41]","[191.93, 30]","[196.9, 49]",190.94,184,2.0,0.14
07:43:12,"[187.29, 51]","[186.04, 95]","[189.89, 36]","[271.96, 26]",188.59,208,2.59,0.4
07:43:13,"[186.0, 80]","[185.0, 8]","[188.75, 8]","[262.83, 36]",187.38,132,2.75,0.33
07:43:14,"[186.0, 80]","[185.0, 8]","[187.85, 13]","[257.57, 30]",186.92,131,1.85,0.34
07:43:15,"[186.0, 100]","[185.0, 12]","[188.0, 12]","[306.9, 30]",187.0,154,2.0,0.45
07:43:16,"[186.0, 60]","[185.0, 12]","[313.0, 24]","[357.31, 16]",249.5,112,127.0,0.29
07:43:17,"[198.0, 107]","[186.03, 61]","[339.38, 47]","[346.17, 29]",268.69,244,141.38,0.38
07:43:18,"[198.0, 20]","[188.0, 5]","[344.0, 25]","[345.0, 15]",271.0,65,146.0,-0.23
07:43:19,"[186.89, 54]","[185.27, 11]","[325.29, 35]","[344.42, 43]",256.09,143,138.4,-0.09
07:43:20,"[186.0, 25]","[185.0, 5]","[211.33, 21]","[285.78, 9]",198.67,60,25.33,0.0
07:43:21,"[186.72, 90]","[185.83, 30]","[207.96, 28]","[209.88, 48]",197.34,196,21.24,0.22
07:43:22,"[189.58, 38]","[186.94, 77]","[204.19, 26]","[209.5, 36]",196.89,177,14.61,0.3
07:43:23,"[190.54, 37]","[189.68, 74]","[196.0, 48]","[209.31, 52]",193.27,211,5.46,0.05
07:43:24,"[189.0, 33]","[188.0, 45]","[195.62, 39]","[206.0, 42]",192.31,159,6.62,-0.02
07:43:25,"[189.0, 44]","[188.0, 65]","[196.71, 51]","[278.35, 34]",192.85,194,7.71,0.12
07:43:26,"[187.37, 76]","[180.37, 38]","[194.67, 36]","[197.0, 48]",191.02,198,7.3,0.15
07:43:27,"[188.01, 172]","[186.1, 84]","[193.0, 36]","[197.0, 48]",190.51,340,4.99,0.51
07:43:28,"[188.0, 204]","[183.08, 60]","[192.83, 36]","[203.67, 52]",190.42,352,4.83,0.5
07:43:29,"[188.84, 140]","[187.36, 156]","[191.52, 29]","[192.38, 26]",190.18,351,2.68,0.69
07:43:30,"[190.63, 57]","[188.0, 153]","[192.17, 23]","[222.8, 15]",191.4,248,1.54,0.69
07:43:31,"[190.34, 41]","[187.72, 107]","[215.6, 10]","[254.0, 27]",202.97,185,25.26,0.6
07:43:32,"[188.67, 93]","[186.32, 153]","[244.26, 39]","[349.64, 33]",216.46,318,55.59,0.55
07:43:33,"[189.0, 35]","[184.85, 59]","[316.5, 24]","[465.36, 22]",252.75,140,127.5,0.34
07:43:34,"[189.0, 40]","[186.0, 40]","[290.75, 20]","[467.72, 25]",239.88,125,101.75,0.28
07:43:35,"[189.0, 30]","[186.0, 30]","[236.25, 8]","[487.38, 16]",212.62,84,47.25,0.43
07:43:36,"[189.26, 58]","[188.12, 85]","[246.15, 13]","[324.28, 32]",217.71,188,56.9,0.52
07:43:37,"[192.0, 9]","[189.0, 108]","[243.67, 9]","[321.0, 27]",217.83,153,51.67,0.53
07:43:38,"[189.74, 46]","[188.64, 91]","[243.0, 13]","[414.36, 50]",216.37,200,53.26,0.37
07:43:39,"[189.0, 156]","[186.0, 65]","[237.04, 28]","[400.15, 13]",213.02,262,48.04,0.69
07:43:40,"[189.0, 120]","[186.0, 50]","[233.21, 24]","[235.27, 22]",211.1,216,44.21,0.57
07:43:41,"[189.13, 55]","[188.42, 104]","[223.09, 33]","[231.74, 19]",206.11,211,33.96,0.51
07:43:42,"[192.13, 15]","[189.16, 136]","[205.58, 19]","[208.46, 41]",198.86,211,13.45,0.43
07:43:43,"[189.49, 43]","[188.34, 61]","[203.37, 19]","[205.68, 25]",196.43,148,13.88,0.41
07:43:44,"[189.0, 21]","[188.0, 45]","[195.6, 15]","[202.6, 15]",192.3,96,6.6,0.38
07:43:45,"[189.0, 10]","[188.0, 50]","[193.0, 10]","[195.6, 20]",191.0,90,4.0,0.33
07:43:46,"[189.0, 9]","[188.0, 45]","[191.69, 13]","[196.0, 16]",190.35,83,2.69,0.3
07:43:47,"[188.67, 15]","[187.77, 65]","[191.46, 41]","[224.48, 25]",190.07,146,2.8,0.1
07:43:48,"[191.35, 34]","[189.89, 19]","[196.0, 26]","[478.59, 37]",193.68,116,4.65,-0.09
07:43:49,"[192.5, 20]","[189.4, 20]","[196.0, 20]","[296.7, 40]",194.25,100,3.5,-0.2
07:43:50,"[193.0, 24]","[189.0, 24]","[194.85, 13]","[197.63, 19]",193.92,80,1.85,0.2
07:43:51,"[190.7, 27]","[186.36, 195]","[193.63, 27]","[198.73, 33]",192.17,282,2.93,0.57
07:43:52,"[191.0, 45]","[188.11, 19]","[193.0, 9]","[202.0, 18]",192.0,91,2.0,0.41
07:43:53,"[192.0, 60]","[186.0, 24]","[193.0, 12]","[202.0, 24]",192.5,120,1.0,0.4
07:43:54,"[192.0, 57]","[186.26, 19]","[196.6, 15]","[332.8, 30]",194.3,121,4.6,0.26
07:43:55,"[192.0, 32]","[187.0, 8]","[202.0, 16]","[414.57, 28]",197.0,84,10.0,-0.05
07:43:56,"[192.0, 37]","[185.84, 19]","[202.0, 20]","[278.62, 39]",197.0,115,10.0,-0.03
07:43:57,"[192.89, 27]","[189.0, 27]","[202.0, 18]","[236.0, 18]",197.44,90,9.11,0.2
07:43:58,"[193.8, 30]","[189.89, 27]","[202.0, 20]","[489.79, 38]",197.9,115,8.2,-0.01
07:43:59,"[196.29, 35]","[193.79, 19]","[202.0, 20]","[417.0, 40]",199.14,114,5.71,-0.05
07:44:00,"[198.0, 28]","[196.0, 7]","[202.0, 14]","[633.37, 19]",200.0,68,4.0,0.03
07:44:01,"[198.0, 36]","[196.0, 9]","[201.2, 30]","[412.95, 21]",199.6,96,3.2,-0.06
07:44:02,"[198.0, 54]","[196.0, 15]","[201.76, 42]","[209.86, 51]",199.88,162,3.76,-0.15
07:44:03,"[198.0, 18]","[196.0, 6]","[202.0, 12]","[203.0, 12]",200.0,48,4.0,0.0
07:44:04,"[198.0, 30]","[196.0, 10]","[201.5, 20]","[203.0, 20]",199.75,80,3.5,0.0
07:44:05,"[194.48, 25]","[193.13, 23]","[201.0, 24]","[242.41, 29]",197.74,101,6.52,-0.05
07:44:06,"[192.13, 30]","[189.35, 23]","[200.38, 16]","[213.0, 20]",196.25,89,8.24,0.19
07:44:07,"[192.0, 56]","[189.0, 42]","[198.64, 28]","[202.0, 70]",195.32,196,6.64,0.0
07:44:08,"[192.0, 44]","[189.0, 33]","[197.0, 22]","[200.91, 55]",194.5,154,5.0,0.0
07:44:09,"[192.0, 48]","[189.0, 36]","[194.58, 24]","[198.0, 60]",193.29,168,2.58,0.0
07:44:10,"[192.23, 48]","[188.49, 37]","[195.63, 41]","[247.64, 53]",193.93,179,3.4,-0.05
07:44:11,"[195.0, 40]","[188.0, 18]","[197.0, 30]","[425.0, 12]",196.0,100,2.0,0.16
07:44:12,"[195.0, 36]","[190.4, 30]","[197.33, 45]","[440.8, 15]",196.17,126,2.33,0.05
07:44:13,"[195.0, 28]","[194.0, 42]","[200.0, 35]","[366.71, 17]",197.5,122,5.0,0.15
07:44:14,"[195.0, 16]","[194.0, 24]","[200.0, 20]","[222.0, 20]",197.5,80,5.0,0.0
07:44:15,"[194.44, 9]","[191.0, 24]","[200.0, 15]","[222.0, 15]",197.22,63,5.56,0.05
07:44:16,"[194.0, 30]","[188.0, 72]","[200.0, 30]","[330.0, 10]",197.0,142,6.0,0.44
07:44:17,"[194.0, 35]","[190.0, 14]","[200.0, 35]","[349.09, 11]",197.0,95,6.0,0.03
07:44:18,"[194.44, 36]","[193.62, 32]","[200.0, 40]","[485.88, 8]",197.22,116,5.56,0.17
07:44:19,"[195.0, 19]","[194.0, 69]","[199.85, 53]","[298.79, 29]",197.42,170,4.85,0.04
07:44:20,"[194.11, 47]","[193.62, 56]","[196.86, 29]","[198.29, 35]",195.48,167,2.76,0.23
07:44:21,"[194.65, 31]","[192.74, 23]","[197.69, 65]","[252.06, 32]",196.17,151,3.05,-0.28
07:44:22,"[194.77, 13]","[189.32, 76]","[200.34, 44]","[277.05, 22]",197.56,155,5.57,0.15
07:44:23,"[192.0, 7]","[187.5, 80]","[199.0, 51]","[331.36, 11]",195.5,149,7.0,0.17
07:44:24,"[192.82, 11]","[187.56, 27]","[199.0, 40]","[425.0, 5]",195.91,83,6.18,-0.08
07:44:25,"[193.0, 24]","[192.0, 8]","[198.28, 29]","[203.61, 36]",195.64,97,5.28,-0.34
07:44:26,"[193.0, 24]","[192.0, 11]","[197.27, 33]","[199.18, 55]",195.14,123,4.27,-0.43
07:44:27,"[193.0, 14]","[192.0, 7]","[195.0, 21]","[200.86, 35]",194.0,77,2.0,-0.45
07:44:28,"[193.0, 14]","[192.0, 7]","[194.0, 21]","[254.52, 29]",193.5,71,1.0,-0.41
07:44:29,"[189.22, 36]","[188.07, 61]","[194.0, 21]","[199.0, 35]",191.61,153,4.78,0.27
07:44:30,"[189.0, 30]","[188.0, 60]","[194.0, 18]","[199.0, 30]",191.5,138,5.0,0.3
07:44:31,"[189.07, 43]","[188.04, 104]","[197.45, 49]","[255.16, 19]",193.26,215,8.38,0.37
07:44:32,"[192.0, 12]","[189.0, 48]","[195.13, 23]","[195.68, 31]",193.57,114,3.13,0.05
07:44:33,"[189.93, 29]","[188.55, 66]","[193.0, 20]","[197.68, 34]",191.47,149,3.07,0.28
07:44:34,"[189.16, 57]","[188.24, 41]","[191.5, 20]","[198.9, 58]",190.33,176,2.34,0.11
07:44:35,"[188.27, 22]","[187.39, 31]","[190.0, 10]","[200.0, 50]",189.14,113,1.73,-0.06
07:44:36,"[194.1, 51]","[186.77, 44]","[199.02, 51]","[291.93, 27]",196.56,173,4.92,0.1
07:44:37,"[190.41, 51]","[185.8, 25]","[199.0, 50]","[328.33, 18]",194.71,144,8.59,0.06
07:44:38,"[186.11, 54]","[183.69, 55]","[199.0, 50]","[288.0, 30]",192.56,189,12.89,0.15
07:44:39,"[187.0, 24]","[186.0, 48]","[199.0, 40]","[255.5, 8]",193.0,120,12.0,0.2
07:44:40,"[189.7, 56]","[186.07, 43]","[198.5, 60]","[235.61, 46]",194.1,205,8.8,-0.03
07:44:41,"[195.0, 176]","[190.0, 35]","[197.4, 50]","[199.0, 50]",196.2,311,2.4,0.36
07:44:42,"[195.04, 180]","[194.42, 57]","[196.77, 65]","[249.55, 55]",195.91,357,1.72,0.33
07:44:43,"[195.1, 62]","[194.62, 39]","[198.0, 23]","[386.0, 21]",196.55,145,2.9,0.39
07:44:44,"[195.0, 64]","[194.0, 24]","[198.0, 24]","[362.0, 16]",196.5,128,3.0,0.38
07:44:45,"[195.0, 88]","[194.0, 33]","[197.89, 27]","[336.97, 29]",196.44,177,2.89,0.37
07:44:46,"[195.0, 80]","[194.0, 30]","[196.3, 10]","[198.0, 30]",195.65,150,1.3,0.47
07:44:47,"[195.0, 76]","[194.0, 36]","[198.04, 28]","[294.8, 25]",196.52,165,3.04,0.36
07:44:48,"[194.21, 19]","[189.54, 28]","[201.0, 18]","[300.0, 12]",197.61,77,6.79,0.22
07:44:49,"[194.0, 27]","[189.0, 45]","[200.32, 37]","[232.0, 21]",197.16,130,6.32,0.11
07:44:50,"[194.0, 36]","[189.0, 60]","[198.35, 52]","[200.18, 44]",196.17,192,4.35,0.0
07:44:51,"[194.0, 36]","[191.0, 30]","[195.56, 52]","[197.45, 44]",194.78,162,1.56,-0.19
07:44:52,"[193.0, 28]","[189.67, 45]","[195.42, 38]","[199.44, 41]",194.21,152,2.42,-0.04
07:44:53,"[192.5, 12]","[190.33, 27]","[194.0, 18]","[195.0, 27]",193.25,84,1.5,-0.07
07:44:54,"[192.47, 19]","[190.26, 43]","[194.12, 24]","[195.71, 42]",193.3,128,1.65,-0.03
07:44:55,"[192.0, 22]","[189.0, 55]","[194.45, 33]","[205.0, 33]",193.23,143,2.45,0.08
07:44:56,"[189.75, 40]","[188.81, 31]","[193.55, 33]","[201.82, 33]",191.65,137,3.8,0.04
07:44:57,"[189.0, 35]","[188.0, 7]","[191.14, 21]","[199.0, 21]",190.07,84,2.14,0.0
07:44:58,"[189.0, 47]","[188.0, 10]","[190.0, 30]","[199.0, 30]",189.5,117,1.0,-0.03
07:44:59,"[186.54, 13]","[184.95, 21]","[199.0, 27]","[223.67, 27]",192.77,88,12.46,-0.23
07:45:00,"[185.0, 16]","[184.0, 104]","[199.0, 24]","[334.38, 24]",192.0,168,14.0,0.43
07:45:01,"[198.0, 12]","[192.35, 40]","[212.88, 32]","[327.83, 36]",205.44,120,14.88,-0.13
07:45:02,"[193.33, 18]","[191.77, 52]","[199.0, 14]","[261.64, 42]",196.17,126,5.67,0.11
07:45:03,"[186.0, 33]","[184.09, 44]","[208.55, 33]","[244.09, 33]",197.27,143,22.55,0.08
07:45:04,"[189.26, 70]","[185.37, 46]","[198.43, 47]","[217.76, 51]",193.84,214,9.17,0.08
07:45:05,"[195.0, 66]","[192.22, 36]","[196.44, 41]","[198.33, 36]",195.72,179,1.44,0.14
07:45:06,"[195.0, 30]","[194.0, 28]","[243.16, 25]","[451.35, 23]",219.08,106,48.16,0.09
07:45:07,"[195.0, 24]","[194.0, 32]","[321.61, 23]","[596.36, 25]",258.3,104,126.61,0.08
07:45:08,"[196.0, 10]","[195.0, 30]","[273.86, 21]","[350.59, 29]",234.93,90,77.86,-0.11
07:45:09,"[196.0, 10]","[195.0, 30]","[527.0, 30]","[669.0, 20]",361.5,90,331.0,-0.11
07:45:10,"[196.0, 10]","[195.0, 30]","[489.26, 31]","[714.17, 29]",342.63,100,293.26,-0.2
07:45:11,"[193.7, 27]","[193.96, 25]","[444.97, 38]","[614.9, 31]",319.34,121,251.27,-0.14
07:45:12,"[193.91, 33]","[192.4, 15]","[377.55, 33]","[420.18, 33]",285.73,114,183.64,-0.16
07:45:13,"[198.0, 18]","[193.0, 18]","[377.0, 18]","[476.0, 18]",287.5,72,179.0,0.0
07:45:14,"[197.67, 45]","[192.98, 43]","[325.47, 43]","[406.31, 39]",261.57,170,127.8,0.04
07:45:15,"[193.0, 17]","[192.0, 11]","[293.28, 25]","[359.21, 28]",243.14,81,100.28,-0.31
07:45:16,"[193.0, 10]","[192.0, 10]","[327.2, 30]","[390.44, 27]",260.1,77,134.2,-0.48
07:45:17,"[194.0, 18]","[193.0, 9]","[297.97, 29]","[412.83, 24]",245.98,80,103.97,-0.33
07:45:18,"[194.0, 20]","[193.0, 10]","[247.68, 38]","[345.14, 21]",220.84,89,53.68,-0.33
07:45:19,"[190.72, 43]","[189.4, 35]","[316.72, 47]","[326.79, 39]",253.72,164,126.0,-0.05
07:45:20,"[189.0, 72]","[188.0, 64]","[290.72, 29]","[308.75, 32]",239.86,197,101.72,0.38
07:45:21,"[189.0, 99]","[188.0, 88]","[303.0, 36]","[304.56, 41]",246.0,264,114.0,0.42
07:45:22,"[189.0, 83]","[188.0, 96]","[263.24, 42]","[273.12, 41]",226.12,262,74.24,0.37
07:45:23,"[188.32, 62]","[186.38, 39]","[220.56, 36]","[227.12, 32]",204.44,169,32.23,0.2
07:45:24,"[190.77, 61]","[188.29, 73]","[212.88, 57]","[213.93, 58]",201.82,249,22.11,0.08
07:45:25,"[159.84, 43]","[82.33, 48]","[203.28, 47]","[212.23, 52]",181.56,190,43.44,-0.04
07:45:26,"[137.0, 60]","[64.0, 6]","[186.0, 18]","[211.0, 24]",161.5,108,49.0,0.22
07:45:27,"[136.98, 92]","[68.47, 86]","[185.34, 35]","[189.39, 36]",161.16,249,48.36,0.43
07:45:28,"[122.43, 14]","[86.65, 68]","[183.86, 42]","[186.0, 42]",153.14,166,61.43,-0.01
07:45:29,"[140.4, 10]","[95.15, 41]","[241.62, 21]","[307.32, 31]",191.01,103,101.22,-0.01
07:45:30,"[195.0, 6]","[157.45, 11]","[374.75, 24]","[407.12, 17]",284.88,58,179.75,-0.41
07:45:31,"[178.19, 21]","[169.33, 12]","[293.65, 31]","[388.46, 48]",235.92,112,115.45,-0.41
07:45:32,"[173.0, 33]","[172.0, 11]","[246.17, 30]","[267.51, 37]",209.58,111,73.17,-0.21
07:45:33,"[173.0, 45]","[172.0, 15]","[181.0, 15]","[192.33, 30]",177.0,105,8.0,0.14
07:45:34,"[173.0, 33]","[160.0, 65]","[234.79, 19]","[312.8, 30]",203.89,147,61.79,0.33
07:45:35,"[187.94, 51]","[160.71, 79]","[271.0, 20]","[652.43, 47]",229.47,197,83.06,0.32
07:45:36,"[198.0, 80]","[181.5, 24]","[228.0, 28]","[311.71, 28]",213.0,160,30.0,0.3
07:45:37,"[198.0, 130]","[194.0, 39]","[199.85, 53]","[341.0, 32]",198.92,254,1.85,0.33
07:45:38,"[198.0, 58]","[194.0, 21]","[226.76, 21]","[248.86, 14]",212.38,114,28.76,0.39
07:45:39,"[198.0, 62]","[196.0, 10]","[229.2, 40]","[232.0, 10]",213.6,122,31.2,0.18
07:45:40,"[198.0, 60]","[196.0, 10]","[228.0, 40]","[277.41, 17]",213.0,127,30.0,0.1
07:45:41,"[198.0, 66]","[196.0, 11]","[226.18, 44]","[340.13, 30]",212.09,151,28.18,0.02
07:45:42,"[198.0, 55]","[196.0, 11]","[225.29, 34]","[274.85, 41]",211.65,141,27.29,-0.06
07:45:43,"[198.0, 60]","[196.0, 12]","[221.6, 30]","[223.48, 42]",209.8,144,23.6,0.0
07:45:44,"[198.0, 49]","[196.0, 11]","[215.25, 24]","[217.1, 42]",206.62,126,17.25,-0.05
07:45:45,"[198.0, 36]","[196.0, 9]","[212.69, 26]","[215.86, 28]",205.35,99,14.69,-0.09
07:45:46,"[196.5, 16]","[194.02, 97]","[209.06, 34]","[211.45, 44]",202.78,191,12.56,0.18
07:45:47,"[196.0, 12]","[194.0, 96]","[205.81, 32]","[212.31, 35]",200.91,175,9.81,0.23
07:45:48,"[196.0, 6]","[194.0, 48]","[202.83, 12]","[205.0, 12]",199.42,78,6.83,0.38
07:45:49,"[194.07, 54]","[178.5, 107]","[199.53, 30]","[201.0, 30]",196.8,221,5.46,0.46
07:45:50,"[194.0, 31]","[187.88, 32]","[196.0, 22]","[212.58, 19]",195.0,104,2.0,0.21
07:45:51,"[191.88, 17]","[187.47, 34]","[228.81, 32]","[268.05, 38]",210.35,121,36.93,-0.16
07:45:52,"[187.09, 32]","[182.18, 22]","[236.6, 30]","[276.47, 38]",211.85,122,49.51,-0.11
07:45:53,"[188.6, 75]","[186.0, 60]","[235.0, 75]","[237.0, 60]",211.8,270,46.4,0.0
07:45:54,"[194.06, 64]","[188.37, 38]","[235.89, 36]","[290.29, 24]",214.98,162,41.83,0.26
07:45:55,"[195.44, 32]","[192.86, 28]","[237.0, 16]","[408.0, 4]",216.22,80,41.56,0.5
07:45:56,"[195.69, 58]","[194.44, 86]","[237.0, 52]","[662.82, 17]",216.34,213,41.31,0.35
07:45:57,"[196.0, 18]","[195.0, 36]","[237.0, 24]","[535.17, 6]",216.5,84,41.0,0.29
07:45:58,"[196.0, 26]","[195.0, 60]","[235.56, 36]","[279.09, 22]",215.78,144,39.56,0.19
07:45:59,"[196.0, 14]","[195.0, 84]","[234.64, 56]","[236.0, 28]",215.32,182,38.64,0.08
07:46:00,"[196.0, 9]","[195.0, 54]","[233.5, 24]","[234.4, 30]",214.75,117,37.5,0.08
07:46:01,"[196.0, 7]","[195.0, 42]","[231.09, 23]","[232.17, 24]",213.54,96,35.09,0.02
07:46:02,"[196.0, 11]","[195.0, 66]","[227.86, 37]","[230.52, 33]",211.93,147,31.86,0.05
07:46:03,"[195.04, 25]","[194.25, 24]","[227.0, 28]","[228.0, 14]",211.02,91,31.96,0.08
07:46:04,"[194.98, 41]","[193.63, 52]","[222.78, 37]","[223.97, 29]",208.88,159,27.81,0.17
07:46:05,"[197.47, 30]","[193.11, 85]","[218.32, 28]","[223.51, 47]",207.89,190,20.85,0.21
07:46:06,"[193.32, 154]","[192.34, 29]","[214.94, 36]","[219.77, 44]",204.13,263,21.62,0.39
07:46:07,"[193.0, 126]","[192.0, 21]","[209.22, 18]","[210.27, 22]",201.11,187,16.22,0.57
07:46:08,"[193.13, 135]","[192.87, 161]","[204.38, 52]","[205.31, 52]",198.76,400,11.25,0.48
07:46:09,"[193.92, 24]","[192.65, 120]","[198.18, 34]","[201.0, 52]",196.05,230,4.26,0.25
07:46:10,"[192.64, 47]","[191.66, 121]","[194.67, 36]","[195.33, 36]",193.65,240,2.03,0.4
07:46:11,"[192.0, 21]","[190.0, 77]","[193.56, 18]","[194.83, 24]",192.78,140,1.56,0.4
07:46:12,"[190.11, 70]","[189.55, 40]","[319.0, 14]","[470.22, 9]",254.56,133,128.89,0.65
07:46:13,"[189.61, 38]","[188.42, 26]","[372.1, 20]","[398.08, 12]",280.85,96,182.49,0.33
07:46:14,"[192.0, 41]","[190.0, 27]","[249.8, 20]","[263.23, 13]",220.9,101,57.8,0.35
07:46:15,"[192.0, 9]","[190.0, 27]","[203.16, 19]","[204.85, 26]",197.58,81,11.16,-0.11
07:46:16,"[192.0, 10]","[190.0, 30]","[198.25, 24]","[199.27, 26]",195.12,90,6.25,-0.11
07:46:17,"[192.87, 23]","[191.17, 12]","[195.5, 16]","[197.0, 24]",194.18,75,2.63,-0.07
07:46:18,"[191.73, 22]","[190.17, 23]","[194.89, 18]","[197.0, 27]",193.31,90,3.16,0.0
07:46:19,"[190.82, 17]","[189.95, 22]","[192.7, 20]","[201.74, 19]",191.76,78,1.88,0.0
07:46:20,"[190.0, 27]","[189.0, 9]","[204.52, 27]","[243.67, 9]",197.26,72,14.52,0.0
07:46:21,"[190.44, 9]","[188.35, 34]","[218.44, 45]","[231.56, 9]",204.44,97,28.0,-0.11
07:46:22,"[190.89, 18]","[189.0, 16]","[216.6, 50]","[267.0, 10]",203.74,94,25.71,-0.28
07:46:23,"[188.0, 16]","[186.0, 8]","[215.75, 40]","[230.31, 29]",201.88,93,27.75,-0.48
07:46:24,"[188.0, 18]","[185.11, 9]","[213.37, 41]","[219.9, 40]",200.68,108,25.37,-0.5
07:46:25,"[186.58, 36]","[175.14, 107]","[211.0, 60]","[213.0, 48]",198.79,251,24.42,0.14
07:46:26,"[185.0, 180]","[142.0, 44]","[209.37, 54]","[211.6, 45]",197.19,323,24.37,0.39
07:46:27,"[187.18, 111]","[158.05, 55]","[206.25, 40]","[209.0, 32]",196.72,238,19.07,0.39
07:46:28,"[188.29, 154]","[158.9, 102]","[207.22, 51]","[256.21, 56]",197.75,363,18.93,0.41
07:46:29,"[187.65, 62]","[168.34, 70]","[206.08, 26]","[207.8, 40]",196.86,198,18.43,0.33
07:46:30,"[192.0, 21]","[186.81, 84]","[205.0, 48]","[206.0, 24]",198.5,177,13.0,0.19
07:46:31,"[198.0, 8]","[192.0, 10]","[204.77, 26]","[205.45, 22]",201.38,66,6.77,-0.45
07:46:32,"[198.0, 13]","[194.0, 13]","[202.23, 26]","[205.0, 52]",200.12,104,4.23,-0.5
07:46:33,"[198.0, 7]","[194.0, 7]","[202.0, 14]","[205.0, 28]",200.0,56,4.0,-0.5
07:46:34,"[198.0, 9]","[194.0, 9]","[201.0, 24]","[202.8, 30]",199.5,72,3.0,-0.5
07:46:35,"[195.39, 23]","[193.69, 32]","[199.0, 48]","[200.12, 32]",197.2,135,3.61,-0.19
07:46:36,"[193.64, 28]","[191.18, 22]","[196.77, 39]","[198.27, 44]",195.21,133,3.13,-0.25
07:46:37,"[191.88, 32]","[190.12, 32]","[194.25, 32]","[196.19, 42]",193.06,138,2.38,-0.07
07:46:38,"[189.35, 34]","[187.46, 74]","[192.17, 29]","[193.68, 19]",190.76,156,2.82,0.38
07:46:39,"[188.26, 27]","[186.45, 71]","[189.73, 11]","[293.06, 18]",188.99,127,1.47,0.54
07:46:40,"[188.36, 28]","[186.37, 81]","[262.91, 33]","[414.45, 33]",225.63,175,74.55,0.25
07:46:41,"[188.12, 16]","[186.07, 80]","[283.12, 8]","[385.33, 18]",235.62,122,95.0,0.57
07:46:42,"[188.0, 24]","[186.0, 132]","[209.92, 12]","[329.0, 16]",198.96,184,21.92,0.7
07:46:43,"[188.25, 8]","[186.22, 37]","[199.0, 5]","[325.57, 7]",193.62,57,10.75,0.58
07:46:44,"[189.0, 15]","[188.0, 30]","[197.67, 15]","[201.67, 15]",193.33,75,8.67,0.2
07:46:45,"[186.02, 101]","[111.03, 39]","[195.1, 10]","[198.0, 10]",190.56,160,9.08,0.75
07:46:46,"[190.68, 44]","[185.62, 74]","[194.5, 16]","[296.75, 12]",192.59,146,3.82,0.62
07:46:47,"[192.06, 64]","[188.59, 39]","[227.39, 36]","[421.81, 21]",209.73,160,35.33,0.29
07:46:48,"[192.0, 49]","[185.0, 77]","[593.6, 20]","[610.33, 9]",392.8,155,401.6,0.63
07:46:49,"[192.0, 41]","[185.0, 77]","[610.33, 9]","[632.77, 13]",401.17,140,418.33,0.69
07:46:50,"[192.0, 60]","[180.65, 23]","[262.09, 33]","[546.18, 17]",227.05,133,70.09,0.25
07:46:51,"[193.0, 36]","[189.82, 11]","[379.5, 24]","[565.06, 17]",286.25,88,186.5,0.07
07:46:52,"[195.0, 20]","[192.0, 5]","[482.14, 14]","[517.4, 10]",338.57,49,287.14,0.02
07:46:53,"[195.0, 32]","[192.98, 53]","[461.0, 32]","[503.14, 14]",328.0,131,266.0,0.3
07:46:54,"[197.61, 31]","[194.47, 38]","[342.24, 17]","[454.57, 21]",269.92,107,144.62,0.29
07:46:55,"[197.0, 9]","[194.3, 66]","[256.36, 22]","[282.38, 32]",226.68,129,59.36,0.16
07:46:56,"[195.0, 10]","[194.0, 190]","[255.2, 20]","[256.33, 24]",225.1,244,60.2,0.64
07:46:57,"[194.01, 134]","[193.4, 47]","[253.62, 16]","[256.0, 16]",223.82,213,59.62,0.7
07:46:58,"[194.0, 159]","[193.0, 44]","[252.44, 25]","[255.09, 22]",223.22,250,58.44,0.62
07:46:59,"[194.0, 179]","[193.0, 56]","[249.33, 33]","[250.68, 41]",221.67,309,55.33,0.52
07:47:00,"[194.0, 175]","[193.0, 60]","[244.79, 39]","[245.65, 34]",219.4,308,50.79,0.53
07:47:01,"[194.0, 80]","[193.0, 32]","[241.88, 34]","[243.09, 22]",217.94,168,47.88,0.33
07:47:02,"[194.0, 96]","[193.0, 48]","[238.58, 24]","[240.22, 27]",216.29,195,44.58,0.48
07:47:03,"[194.0, 112]","[193.0, 56]","[235.67, 52]","[238.0, 58]",214.84,278,41.67,0.21
07:47:04,"[194.0, 96]","[193.0, 48]","[231.47, 57]","[233.49, 57]",212.74,258,37.47,0.12
07:47:05,"[194.0, 88]","[193.0, 44]","[228.73, 55]","[229.73, 55]",211.36,242,34.73,0.09
07:47:06,"[194.0, 88]","[193.0, 44]","[227.81, 31]","[229.12, 52]",210.9,215,33.81,0.23
07:47:07,"[194.0, 102]","[193.0, 52]","[222.7, 50]","[224.02, 59]",208.35,263,28.7,0.17
07:47:08,"[194.0, 77]","[193.0, 44]","[218.65, 40]","[219.5, 40]",206.32,201,24.65,0.2
07:47:09,"[194.0, 84]","[193.0, 48]","[214.92, 51]","[215.22, 45]",204.46,228,20.92,0.16
07:47:10,"[194.0, 70]","[193.0, 40]","[209.87, 23]","[211.36, 47]",201.93,180,15.87,0.22
07:47:11,"[198.0, 22]","[194.0, 77]","[206.74, 43]","[209.76, 34]",202.37,176,8.74,0.12
07:47:12,"[198.0, 30]","[194.0, 85]","[203.81, 72]","[204.52, 66]",200.9,253,5.81,-0.09
07:47:13,"[195.89, 38]","[193.92, 98]","[199.57, 46]","[201.0, 46]",197.73,228,3.67,0.19
07:47:14,"[194.0, 80]","[193.0, 32]","[196.75, 40]","[198.25, 40]",195.38,192,2.75,0.17
07:47:15,"[194.0, 60]","[193.0, 44]","[195.36, 55]","[295.84, 51]",194.68,210,1.36,-0.01
07:47:16,"[194.14, 28]","[193.38, 52]","[321.77, 52]","[610.08, 48]",257.96,180,127.63,-0.11
07:47:17,"[190.21, 28]","[188.4, 40]","[232.77, 52]","[311.15, 52]",211.49,172,42.55,-0.21
07:47:18,"[190.33, 15]","[188.38, 34]","[203.78, 36]","[205.0, 36]",197.06,121,13.44,-0.19
07:47:19,"[192.71, 14]","[191.25, 40]","[202.5, 48]","[295.67, 48]",197.61,150,9.79,-0.28
07:47:20,"[187.2, 30]","[182.0, 55]","[201.18, 44]","[445.67, 36]",194.19,165,13.98,0.03
07:47:21,"[191.0, 32]","[186.0, 40]","[201.0, 32]","[219.0, 32]",196.0,136,10.0,0.06
07:47:22,"[191.37, 19]","[189.26, 43]","[201.0, 40]","[250.5, 40]",196.18,142,9.63,-0.13
07:47:23,"[190.85, 52]","[177.58, 38]","[200.75, 48]","[242.67, 48]",195.8,186,9.9,-0.03
07:47:24,"[186.19, 47]","[179.97, 65]","[198.45, 44]","[202.0, 44]",192.32,200,12.26,0.12
07:47:25,"[178.76, 21]","[171.38, 21]","[197.57, 28]","[202.0, 28]",188.17,98,18.81,-0.14
07:47:26,"[174.61, 84]","[156.73, 56]","[187.81, 43]","[192.74, 42]",181.21,225,13.21,0.24
07:47:27,"[178.0, 66]","[176.87, 75]","[181.6, 40]","[183.24, 34]",179.8,215,3.6,0.31
07:47:28,"[178.53, 38]","[163.5, 24]","[181.29, 21]","[183.86, 21]",179.91,104,2.76,0.19
07:47:29,"[180.91, 74]","[110.41, 69]","[184.06, 51]","[185.38, 45]",182.48,239,3.15,0.2
07:47:30,"[183.36, 25]","[145.15, 34]","[185.33, 18]","[188.41, 17]",184.35,94,1.97,0.26
07:47:31,"[190.15, 47]","[151.88, 64]","[313.69, 55]","[369.8, 59]",251.92,225,123.54,-0.01
07:47:32,"[194.18, 17]","[193.03, 87]","[266.17, 36]","[319.44, 50]",230.17,190,71.99,0.09
07:47:33,"[193.0, 48]","[186.0, 48]","[210.8, 20]","[276.93, 27]",201.9,143,17.8,0.34
07:47:34,"[193.0, 60]","[186.6, 40]","[199.35, 34]","[272.54, 26]",196.18,160,6.35,0.25
07:47:35,"[193.0, 54]","[192.0, 9]","[199.43, 28]","[201.57, 14]",196.21,105,6.43,0.2
07:47:36,"[193.0, 66]","[192.0, 11]","[200.0, 22]","[495.91, 11]",196.5,110,7.0,0.4
07:47:37,"[194.75, 96]","[192.97, 74]","[198.93, 28]","[431.76, 34]",196.84,232,4.18,0.47
07:47:38,"[194.64, 33]","[192.89, 38]","[218.54, 13]","[483.07, 27]",206.59,111,23.9,0.28
07:47:39,"[193.0, 54]","[191.0, 46]","[508.29, 17]","[511.31, 13]",350.65,130,315.29,0.54
07:47:40,"[193.0, 84]","[191.0, 126]","[206.78, 18]","[239.31, 16]",199.89,244,13.78,0.72
07:47:41,"[193.0, 40]","[191.0, 72]","[195.75, 8]","[339.5, 8]",194.38,128,2.75,0.75
07:47:42,"[193.0, 24]","[191.0, 54]","[196.0, 6]","[431.67, 6]",194.5,90,3.0,0.73
07:47:43,"[191.4, 101]","[189.88, 72]","[211.14, 14]","[501.79, 14]",201.27,201,19.75,0.72
07:47:44,"[191.0, 72]","[186.0, 48]","[303.55, 31]","[461.43, 23]",247.27,174,112.55,0.38
07:47:45,"[192.22, 40]","[189.62, 87]","[301.8, 40]","[438.52, 23]",247.01,190,109.58,0.34
07:47:46,"[191.0, 116]","[154.25, 88]","[357.85, 40]","[363.74, 31]",274.43,275,166.85,0.48
07:47:47,"[191.0, 76]","[189.0, 24]","[252.46, 37]","[253.35, 17]",221.73,154,61.46,0.3
07:47:48,"[191.0, 24]","[189.0, 8]","[204.25, 16]","[206.0, 8]",197.62,56,13.25,0.14
07:47:49,"[191.27, 82]","[190.2, 50]","[204.0, 60]","[206.0, 30]",197.63,222,12.73,0.19
07:47:50,"[192.5, 24]","[191.0, 72]","[203.0, 48]","[206.0, 24]",197.75,168,10.5,0.14
07:47:51,"[193.0, 16]","[191.0, 48]","[198.77, 26]","[200.0, 22]",195.88,112,5.77,0.14
07:47:52,"[193.0, 20]","[191.0, 60]","[197.0, 20]","[198.0, 40]",195.0,140,4.0,0.14
07:47:53,"[191.74, 38]","[190.68, 50]","[196.73, 30]","[278.83, 48]",194.24,166,5.0,0.06
07:47:54,"[191.0, 12]","[189.0, 14]","[197.14, 28]","[409.57, 23]",194.07,77,6.14,-0.32
07:47:55,"[192.34, 103]","[191.0, 14]","[195.86, 56]","[445.0, 42]",194.1,215,3.52,0.09
07:47:56,"[193.1, 77]","[192.49, 75]","[195.0, 55]","[445.0, 45]",194.05,252,1.9,0.21
07:47:57,"[192.21, 71]","[188.17, 93]","[299.64, 44]","[493.45, 29]",245.92,237,107.43,0.38
07:47:58,"[189.0, 21]","[188.0, 121]","[456.65, 20]","[548.74, 35]",322.82,197,267.65,0.44
07:47:59,"[189.0, 8]","[188.0, 88]","[278.31, 29]","[385.73, 11]",233.66,136,89.31,0.41
07:48:00,"[196.11, 18]","[188.27, 30]","[261.1, 40]","[462.2, 10]",228.61,98,64.99,-0.02
07:48:01,"[192.52, 31]","[188.24, 104]","[261.0, 72]","[366.89, 18]",226.76,225,68.48,0.2
07:48:02,"[194.0, 30]","[191.0, 20]","[260.6, 40]","[318.5, 10]",227.3,100,66.6,0.0
07:48:03,"[194.0, 22]","[191.81, 31]","[237.24, 34]","[256.11, 28]",215.62,115,43.24,-0.08
07:48:04,"[194.0, 18]","[192.0, 36]","[203.89, 36]","[207.0, 9]",198.94,99,9.89,0.09
07:48:05,"[194.0, 28]","[192.0, 56]","[201.93, 56]","[249.31, 26]",197.96,166,7.93,0.01
07:48:06,"[192.0, 21]","[191.0, 14]","[200.19, 26]","[374.41, 27]",196.1,88,8.19,-0.2
07:48:07,"[192.0, 30]","[191.0, 20]","[196.56, 36]","[197.65, 34]",194.28,120,4.56,-0.17
07:48:08,"[192.0, 42]","[191.0, 28]","[195.18, 44]","[196.3, 46]",193.59,160,3.18,-0.12
07:48:09,"[191.6, 25]","[190.47, 19]","[193.52, 31]","[202.61, 36]",192.56,111,1.92,-0.21
07:48:10,"[188.87, 38]","[187.46, 89]","[193.88, 17]","[282.46, 13]",191.38,157,5.01,0.62
07:48:11,"[189.0, 88]","[187.25, 48]","[193.38, 24]","[361.7, 10]",191.19,170,4.38,0.6
07:48:12,"[189.0, 88]","[188.0, 16]","[192.9, 21]","[306.29, 14]",190.95,139,3.9,0.5
07:48:13,"[189.0, 88]","[188.0, 16]","[192.0, 16]","[359.78, 18]",190.5,138,3.0,0.51
07:48:14,"[188.69, 114]","[187.05, 73]","[191.55, 22]","[285.36, 33]",190.12,242,2.85,0.55
07:48:15,"[188.7, 20]","[186.3, 108]","[191.0, 14]","[266.0, 21]",189.85,163,2.3,0.57
07:48:16,"[186.6, 60]","[185.82, 166]","[316.71, 21]","[485.33, 27]",251.66,274,130.11,0.65
07:48:17,"[186.98, 86]","[185.21, 63]","[485.0, 18]","[547.0, 18]",335.99,185,298.02,0.61
07:48:18,"[193.0, 48]","[186.0, 52]","[413.55, 11]","[506.8, 10]",303.27,121,220.55,0.65
07:48:19,"[193.18, 55]","[189.36, 122]","[326.31, 13]","[327.03, 37]",259.74,227,133.13,0.56
07:48:20,"[193.0, 135]","[151.0, 45]","[276.57, 23]","[314.05, 42]",234.78,245,83.57,0.47
07:48:21,"[193.0, 81]","[189.94, 17]","[298.0, 9]","[327.0, 36]",245.5,143,105.0,0.37
07:48:22,"[193.0, 99]","[192.0, 33]","[253.46, 37]","[290.26, 31]",223.23,200,60.46,0.32
07:48:23,"[193.0, 81]","[192.0, 27]","[217.0, 9]","[218.0, 27]",205.0,144,24.0,0.5
07:48:24,"[193.0, 102]","[192.0, 42]","[216.38, 26]","[217.88, 34]",204.69,204,23.38,0.41
07:48:25,"[192.0, 30]","[191.0, 50]","[215.43, 28]","[215.55, 22]",203.71,130,23.43,0.23
07:48:26,"[192.0, 22]","[191.0, 70]","[212.35, 23]","[225.3, 46]",202.17,161,20.35,0.14
07:48:27,"[192.0, 12]","[191.0, 60]","[210.0, 36]","[211.0, 12]",201.0,120,18.0,0.2
07:48:28,"[192.0, 11]","[191.0, 55]","[209.23, 13]","[210.03, 31]",200.62,110,17.23,0.2
07:48:29,"[191.5, 20]","[190.77, 52]","[207.75, 20]","[209.71, 28]",199.62,120,16.25,0.2
07:48:30,"[191.43, 70]","[187.73, 22]","[204.88, 24]","[205.91, 32]",198.15,148,13.45,0.24
07:48:31,"[193.76, 63]","[192.69, 77]","[201.41, 27]","[269.08, 39]",197.58,206,7.65,0.36
07:48:32,"[194.94, 36]","[193.7, 69]","[201.0, 45]","[322.61, 31]",197.97,181,6.06,0.16
07:48:33,"[195.42, 31]","[193.57, 77]","[200.93, 42]","[275.5, 40]",198.17,190,5.51,0.14
07:48:34,"[193.4, 60]","[192.73, 120]","[199.43, 28]","[256.25, 32]",196.41,240,6.03,0.5
07:48:35,"[193.0, 99]","[192.0, 88]","[196.64, 25]","[198.6, 30]",194.82,242,3.64,0.55
07:48:36,"[193.0, 97]","[192.0, 128]","[194.22, 36]","[360.98, 49]",193.61,310,1.22,0.45
07:48:37,"[193.0, 20]","[192.0, 80]","[194.0, 20]","[264.4, 40]",193.5,160,1.0,0.25
07:48:38,"[192.0, 56]","[190.0, 14]","[318.17, 23]","[380.8, 20]",255.09,113,126.17,0.24
07:48:39,"[192.0, 20]","[190.0, 10]","[352.0, 25]","[0, 0]",272.0,55,160.0,0.09
07:48:40,"[192.0, 30]","[190.0, 20]","[278.4, 50]","[496.67, 30]",235.2,130,86.4,-0.23
07:48:41,"[192.0, 18]","[190.0, 16]","[330.25, 40]","[505.0, 40]",261.12,114,138.25,-0.4
07:48:42,"[190.5, 12]","[188.5, 24]","[241.78, 45]","[585.67, 45]",216.14,126,51.28,-0.43
07:48:43,"[196.76, 33]","[189.57, 21]","[399.68, 38]","[603.21, 38]",298.22,130,202.93,-0.17
07:48:44,"[197.0, 14]","[190.0, 24]","[396.78, 18]","[398.87, 30]",296.89,86,199.78,-0.12
07:48:45,"[197.0, 8]","[190.0, 24]","[395.77, 26]","[397.79, 19]",296.38,77,198.77,-0.17
07:48:46,"[197.0, 9]","[190.45, 22]","[395.92, 26]","[396.84, 19]",296.46,76,198.92,-0.18
07:48:47,"[196.78, 9]","[194.2, 10]","[354.75, 24]","[366.35, 31]",275.76,74,157.97,-0.49
07:48:48,"[193.93, 15]","[190.79, 28]","[278.95, 42]","[287.62, 29]",236.44,114,85.02,-0.25
07:48:49,"[189.5, 38]","[186.87, 62]","[251.49, 35]","[267.35, 31]",220.49,166,61.99,0.2
07:48:50,"[189.28, 25]","[186.73, 66]","[216.96, 27]","[254.29, 28]",203.12,146,27.68,0.25
07:48:51,"[190.82, 44]","[189.2, 30]","[211.44, 41]","[214.6, 30]",201.13,145,20.62,0.02
07:48:52,"[192.0, 56]","[191.1, 40]","[199.04, 27]","[200.56, 27]",195.52,150,7.04,0.28
