Time,Bid1,Bid2,Ask1,Ask2,Mid-Price,Total_volume,Bid_ask_spread,Order_imbalance
07:30:00,"[122.0, 24]","[0, 0]","[612.5, 4]","[0, 0]",367.25,28,490.5,0.71
07:30:01,"[122.0, 24]","[0, 0]","[449.0, 6]","[517.67, 6]",285.5,36,327.0,0.33
07:30:02,"[140.26, 23]","[122.22, 27]","[288.4, 10]","[353.0, 10]",214.33,70,148.14,0.43
07:30:03,"[190.43, 21]","[189.7, 20]","[287.8, 10]","[289.0, 10]",239.11,61,97.37,0.34
07:30:04,"[192.22, 27]","[190.0, 54]","[284.84, 19]","[419.1, 20]",238.53,120,92.62,0.35
07:30:05,"[193.0, 24]","[190.0, 48]","[280.59, 17]","[281.68, 19]",236.79,108,87.59,0.33
07:30:06,"[190.0, 8]","[189.0, 4]","[278.5, 4]","[281.0, 4]",234.25,20,88.5,0.2
07:30:07,"[190.0, 24]","[189.0, 12]","[275.83, 12]","[277.33, 12]",232.92,60,85.83,0.2
07:30:08,"[189.62, 26]","[188.23, 13]","[259.26, 19]","[271.78, 18]",224.44,76,69.65,0.03
07:30:09,"[189.0, 16]","[187.0, 8]","[195.0, 18]","[207.75, 24]",192.0,66,6.0,-0.27
07:30:10,"[189.0, 16]","[187.0, 8]","[191.84, 19]","[193.05, 21]",190.42,64,2.84,-0.25
07:30:11,"[186.78, 9]","[184.07, 29]","[189.18, 22]","[190.33, 18]",187.98,78,2.4,-0.03
07:30:12,"[181.58, 38]","[173.97, 62]","[188.39, 23]","[189.22, 27]",184.99,150,6.81,0.33
07:30:13,"[179.0, 72]","[150.0, 24]","[184.18, 22]","[188.65, 23]",181.59,141,5.18,0.36
07:30:14,"[179.0, 66]","[146.0, 24]","[180.89, 27]","[184.79, 19]",179.94,136,1.89,0.32
07:30:15,"[179.0, 60]","[133.5, 96]","[181.0, 36]","[183.0, 24]",180.0,216,2.0,0.44
07:30:16,"[181.33, 27]","[158.1, 67]","[190.3, 43]","[191.44, 32]",185.82,169,8.97,0.11
07:30:17,"[179.82, 33]","[152.96, 51]","[189.0, 45]","[191.0, 36]",184.41,165,9.18,0.02
07:30:18,"[179.6, 50]","[141.62, 52]","[189.0, 50]","[191.0, 40]",184.3,192,9.4,0.06
07:30:19,"[180.57, 58]","[172.32, 19]","[191.35, 51]","[193.08, 39]",185.96,167,10.78,-0.08
07:30:20,"[185.7, 74]","[183.56, 54]","[192.92, 48]","[193.89, 37]",189.31,213,7.21,0.2
07:30:21,"[187.67, 126]","[185.0, 90]","[191.5, 72]","[193.79, 75]",189.58,363,3.83,0.19
07:30:22,"[188.78, 97]","[184.47, 75]","[191.36, 56]","[194.15, 59]",190.07,287,2.57,0.2
07:30:23,"[186.0, 42]","[185.0, 75]","[191.13, 30]","[194.27, 60]",188.57,207,5.13,0.13
07:30:24,"[188.93, 92]","[185.84, 31]","[190.0, 28]","[193.0, 42]",189.47,193,1.07,0.27
07:30:25,"[189.03, 78]","[186.6, 30]","[192.68, 37]","[194.76, 50]",190.85,195,3.65,0.11
07:30:26,"[189.07, 30]","[186.25, 53]","[193.0, 24]","[195.0, 32]",191.03,139,3.93,0.19
07:30:27,"[189.0, 36]","[186.0, 63]","[193.0, 27]","[195.0, 36]",191.0,162,4.0,0.22
07:30:28,"[189.0, 20]","[187.0, 30]","[193.0, 15]","[195.0, 20]",191.0,85,4.0,0.18
07:30:29,"[189.0, 36]","[187.0, 54]","[193.0, 27]","[195.0, 36]",191.0,153,4.0,0.18
07:30:30,"[189.09, 35]","[187.4, 60]","[192.71, 31]","[194.86, 43]",190.9,169,3.62,0.12
07:30:31,"[189.69, 13]","[188.71, 42]","[192.0, 30]","[195.6, 40]",190.85,125,2.31,-0.12
07:30:32,"[189.05, 21]","[187.12, 64]","[192.0, 33]","[197.0, 44]",190.52,162,2.95,0.05
07:30:33,"[187.81, 21]","[186.49, 55]","[193.67, 36]","[197.32, 47]",190.74,159,5.86,-0.04
07:30:34,"[189.75, 8]","[187.0, 24]","[197.0, 32]","[198.0, 40]",193.38,104,7.25,-0.38
07:30:35,"[191.0, 20]","[187.0, 51]","[193.48, 27]","[196.48, 58]",192.24,156,2.48,-0.09
07:30:36,"[191.0, 24]","[187.0, 27]","[192.0, 8]","[196.0, 40]",191.5,99,1.0,0.03
07:30:37,"[191.0, 24]","[187.0, 24]","[192.0, 8]","[196.0, 40]",191.5,96,1.0,0.0
07:30:38,"[191.0, 23]","[187.0, 30]","[192.0, 10]","[195.38, 26]",191.5,89,1.0,0.19
07:30:39,"[190.2, 15]","[186.72, 25]","[192.0, 7]","[196.0, 35]",191.1,82,1.8,-0.02
07:30:40,"[187.0, 36]","[186.0, 84]","[192.0, 12]","[196.0, 60]",189.5,192,5.0,0.25
07:30:41,"[186.27, 55]","[185.51, 69]","[190.36, 25]","[193.51, 41]",188.32,190,4.09,0.31
07:30:42,"[187.0, 59]","[186.0, 95]","[188.56, 43]","[191.14, 59]",187.78,256,1.56,0.2
07:30:43,"[186.08, 76]","[185.35, 43]","[191.09, 76]","[192.47, 57]",188.59,252,5.01,-0.06
07:30:44,"[185.82, 11]","[184.64, 22]","[191.94, 48]","[192.84, 32]",188.88,113,6.12,-0.42
07:30:45,"[186.0, 27]","[185.0, 18]","[191.0, 27]","[192.0, 45]",188.5,117,5.0,-0.23
07:30:46,"[186.0, 18]","[185.0, 42]","[189.5, 54]","[191.14, 70]",187.75,184,3.5,-0.35
07:30:47,"[183.18, 33]","[182.22, 54]","[189.85, 34]","[191.9, 58]",186.52,179,6.67,-0.03
07:30:48,"[188.57, 163]","[181.6, 91]","[190.0, 53]","[192.0, 95]",189.29,402,1.43,0.26
07:30:49,"[189.0, 117]","[182.6, 50]","[192.0, 50]","[193.48, 97]",190.5,314,3.0,0.06
07:30:50,"[189.0, 72]","[183.0, 27]","[193.55, 44]","[208.57, 56]",191.27,199,4.55,-0.01
07:30:51,"[189.0, 112]","[183.0, 42]","[192.81, 80]","[193.6, 70]",190.91,304,3.81,0.01
07:30:52,"[189.06, 68]","[185.4, 40]","[192.0, 30]","[193.0, 40]",190.53,178,2.94,0.21
07:30:53,"[189.0, 128]","[183.0, 48]","[191.26, 68]","[192.44, 54]",190.13,298,2.26,0.18
07:30:54,"[189.08, 52]","[186.35, 55]","[191.0, 49]","[192.0, 58]",190.04,214,1.92,0.0
07:30:55,"[189.0, 136]","[182.0, 136]","[191.0, 68]","[192.0, 119]",190.0,459,2.0,0.19
07:30:56,"[189.0, 88]","[182.32, 38]","[190.0, 44]","[192.0, 65]",189.5,235,1.0,0.07
07:30:57,"[189.0, 64]","[183.0, 33]","[190.95, 38]","[193.33, 27]",189.97,162,1.95,0.2
07:30:58,"[189.0, 36]","[183.0, 27]","[193.0, 27]","[195.0, 18]",191.0,108,4.0,0.17
07:30:59,"[189.0, 40]","[183.0, 30]","[191.63, 38]","[195.08, 37]",190.32,145,2.63,-0.03
07:31:00,"[188.38, 52]","[186.05, 63]","[191.1, 40]","[195.95, 42]",189.74,197,2.72,0.17
07:31:01,"[187.0, 48]","[182.67, 18]","[196.0, 12]","[197.0, 12]",191.5,90,9.0,0.47
07:31:02,"[188.45, 58]","[186.8, 117]","[195.0, 32]","[197.0, 32]",191.72,239,6.55,0.46
07:31:03,"[187.24, 74]","[184.63, 59]","[194.57, 14]","[195.9, 20]",190.91,167,7.33,0.59
07:31:04,"[188.76, 102]","[187.0, 136]","[193.59, 17]","[196.0, 34]",191.18,289,4.82,0.65
07:31:05,"[189.0, 65]","[187.0, 88]","[193.0, 11]","[195.64, 28]",191.0,192,4.0,0.59
07:31:06,"[189.0, 60]","[187.0, 96]","[191.17, 12]","[195.08, 48]",190.08,216,2.17,0.44
07:31:07,"[189.3, 66]","[187.37, 108]","[194.88, 86]","[196.57, 76]",192.09,336,5.58,0.04
07:31:08,"[190.0, 20]","[189.0, 20]","[195.0, 30]","[197.0, 25]",192.5,95,5.0,-0.16
07:31:09,"[192.22, 54]","[189.62, 64]","[195.0, 96]","[197.0, 80]",193.61,294,2.78,-0.2
07:31:10,"[190.51, 63]","[189.0, 74]","[194.4, 40]","[196.52, 75]",192.45,252,3.89,0.09
07:31:11,"[189.0, 44]","[187.0, 66]","[194.1, 40]","[196.29, 28]",191.55,178,5.1,0.24
07:31:12,"[188.63, 49]","[186.99, 75]","[193.0, 56]","[196.0, 28]",190.82,208,4.37,0.19
07:31:13,"[189.29, 28]","[187.0, 70]","[191.93, 56]","[196.0, 46]",190.61,200,2.64,-0.02
07:31:14,"[190.0, 26]","[187.0, 91]","[191.0, 52]","[196.52, 46]",190.5,215,1.0,0.09
07:31:15,"[187.88, 41]","[186.86, 49]","[194.56, 59]","[197.68, 56]",191.22,205,6.68,-0.12
07:31:16,"[187.0, 48]","[186.0, 16]","[194.79, 71]","[196.29, 66]",190.89,201,7.79,-0.36
07:31:17,"[187.14, 42]","[185.61, 46]","[190.69, 80]","[192.19, 80]",188.92,248,3.54,-0.29
07:31:18,"[186.0, 13]","[185.0, 117]","[188.39, 38]","[189.15, 53]",187.2,221,2.39,0.18
07:31:19,"[185.0, 91]","[182.0, 42]","[186.33, 43]","[189.36, 39]",185.66,215,1.33,0.24
07:31:20,"[181.62, 64]","[180.8, 25]","[194.11, 55]","[195.43, 47]",187.87,191,12.48,-0.07
07:31:21,"[181.0, 81]","[179.0, 9]","[194.0, 63]","[195.22, 27]",187.5,180,13.0,0.0
07:31:22,"[181.66, 134]","[180.29, 77]","[193.9, 58]","[194.78, 81]",187.78,350,12.23,0.21
07:31:23,"[183.21, 149]","[180.23, 71]","[193.6, 48]","[194.97, 127]",188.41,395,10.4,0.11
07:31:24,"[184.0, 102]","[180.0, 153]","[193.17, 138]","[202.16, 75]",188.58,468,9.17,0.09
07:31:25,"[184.0, 60]","[181.0, 90]","[192.0, 107]","[193.0, 50]",188.0,307,8.0,-0.02
07:31:26,"[184.4, 40]","[181.62, 55]","[190.9, 41]","[192.07, 71]",187.65,207,6.5,-0.08
07:31:27,"[186.0, 48]","[185.0, 32]","[189.62, 8]","[191.94, 70]",187.81,158,3.62,0.01
07:31:28,"[186.0, 54]","[185.0, 36]","[188.3, 10]","[191.83, 69]",187.15,169,2.3,0.07
07:31:29,"[186.71, 42]","[185.0, 36]","[188.0, 9]","[191.3, 23]",187.36,110,1.29,0.42
07:31:30,"[188.23, 43]","[187.34, 58]","[191.0, 16]","[193.0, 40]",189.62,157,2.77,0.29
07:31:31,"[188.13, 63]","[186.57, 42]","[191.0, 14]","[193.0, 35]",189.56,154,2.87,0.36
07:31:32,"[188.06, 70]","[186.5, 26]","[191.0, 14]","[193.0, 35]",189.53,145,2.94,0.32
07:31:33,"[188.0, 83]","[187.0, 9]","[191.0, 18]","[193.0, 45]",189.5,155,3.0,0.19
07:31:34,"[188.0, 63]","[187.0, 7]","[190.5, 10]","[192.3, 23]",189.25,103,2.5,0.36
07:31:35,"[188.0, 64]","[187.0, 8]","[193.43, 37]","[194.38, 40]",190.72,149,5.43,-0.03
07:31:36,"[188.0, 64]","[187.0, 8]","[193.62, 32]","[194.71, 28]",190.81,132,5.62,0.09
07:31:37,"[188.0, 56]","[187.0, 7]","[193.0, 21]","[194.0, 14]",190.5,98,5.0,0.29
07:31:38,"[188.78, 64]","[188.25, 32]","[193.0, 27]","[194.0, 18]",190.89,141,4.22,0.36
07:31:39,"[192.0, 18]","[191.0, 16]","[193.0, 24]","[194.0, 16]",192.5,74,1.0,-0.08
07:31:40,"[190.62, 26]","[188.43, 56]","[193.0, 22]","[194.18, 17]",191.81,121,2.38,0.36
07:31:41,"[189.71, 42]","[187.99, 97]","[192.0, 53]","[193.7, 40]",190.86,232,2.29,0.2
07:31:42,"[188.0, 78]","[187.0, 13]","[191.55, 33]","[194.64, 42]",189.77,166,3.55,0.1
07:31:43,"[188.09, 46]","[187.63, 19]","[197.0, 9]","[198.0, 45]",192.54,119,8.91,0.09
07:31:44,"[190.0, 24]","[188.0, 72]","[197.0, 12]","[198.0, 60]",193.5,168,7.0,0.14
07:31:45,"[190.0, 14]","[188.0, 42]","[195.48, 23]","[197.79, 19]",192.74,98,5.48,0.14
07:31:46,"[190.0, 4]","[188.0, 12]","[194.5, 10]","[197.0, 2]",192.25,28,4.5,0.14
07:31:47,"[190.0, 16]","[188.0, 48]","[194.0, 40]","[195.0, 24]",192.0,128,4.0,0.0
07:31:48,"[190.0, 18]","[188.0, 54]","[194.0, 45]","[195.0, 27]",192.0,144,4.0,0.0
07:31:49,"[190.73, 30]","[188.96, 46]","[193.0, 75]","[195.0, 45]",191.87,196,2.27,-0.22
07:31:50,"[190.0, 12]","[188.0, 72]","[191.5, 60]","[195.0, 36]",190.75,180,1.5,-0.07
07:31:51,"[188.08, 75]","[187.23, 78]","[190.8, 75]","[195.19, 31]",189.44,259,2.72,0.18
07:31:52,"[188.0, 48]","[187.0, 60]","[190.0, 60]","[195.0, 12]",189.0,180,2.0,0.2
07:31:53,"[187.9, 50]","[186.83, 82]","[189.52, 60]","[195.42, 19]",188.71,211,1.62,0.25
07:31:54,"[187.0, 55]","[185.0, 77]","[195.0, 11]","[197.0, 44]",191.0,187,8.0,0.41
07:31:55,"[187.0, 40]","[185.0, 56]","[195.0, 8]","[197.0, 32]",191.0,136,8.0,0.41
07:31:56,"[187.0, 55]","[185.0, 77]","[195.0, 11]","[197.0, 44]",191.0,187,8.0,0.41
07:31:57,"[187.0, 55]","[185.0, 77]","[193.71, 35]","[196.54, 26]",190.36,193,6.71,0.37
07:31:58,"[187.0, 75]","[185.0, 99]","[192.07, 75]","[194.67, 27]",189.53,276,5.07,0.26
07:31:59,"[188.5, 64]","[185.95, 63]","[192.0, 70]","[194.0, 14]",190.25,211,3.5,0.2
07:32:00,"[188.75, 64]","[186.47, 75]","[191.87, 75]","[193.93, 15]",190.31,229,3.12,0.21
07:32:01,"[187.5, 48]","[186.57, 70]","[190.4, 48]","[195.25, 32]",188.95,198,2.9,0.19
07:32:02,"[188.0, 27]","[187.0, 36]","[192.17, 24]","[195.53, 32]",190.08,119,4.17,0.06
07:32:03,"[188.0, 48]","[187.0, 64]","[191.81, 64]","[192.52, 25]",189.91,201,3.81,0.11
07:32:04,"[188.0, 51]","[187.0, 68]","[190.12, 68]","[192.0, 68]",189.06,255,2.12,-0.07
07:32:05,"[187.06, 53]","[186.05, 79]","[190.75, 55]","[191.64, 56]",188.9,243,3.69,0.09
07:32:06,"[186.56, 43]","[185.65, 68]","[188.93, 41]","[190.84, 50]",187.74,202,2.37,0.1
07:32:07,"[187.0, 15]","[185.77, 53]","[192.16, 37]","[193.33, 36]",189.58,141,5.16,-0.04
07:32:08,"[187.04, 24]","[184.21, 34]","[192.92, 38]","[193.6, 48]",189.98,144,5.88,-0.19
07:32:09,"[185.03, 37]","[181.29, 51]","[190.92, 25]","[192.6, 35]",187.97,148,5.89,0.19
07:32:10,"[184.0, 30]","[180.77, 35]","[194.48, 46]","[195.91, 69]",189.24,180,10.48,-0.28
07:32:11,"[181.0, 42]","[180.0, 28]","[190.03, 34]","[192.67, 42]",185.51,146,9.03,-0.04
07:32:12,"[181.0, 36]","[180.0, 24]","[190.22, 41]","[192.57, 46]",185.61,147,9.22,-0.18
07:32:13,"[181.0, 27]","[180.0, 18]","[191.0, 46]","[192.65, 23]",186.0,114,10.0,-0.21
07:32:14,"[181.0, 18]","[180.0, 12]","[191.0, 24]","[192.0, 12]",186.0,66,10.0,-0.09
07:32:15,"[181.0, 27]","[180.0, 18]","[191.0, 36]","[192.0, 18]",186.0,99,10.0,-0.09
07:32:16,"[181.0, 39]","[180.0, 26]","[190.5, 28]","[191.37, 38]",185.75,131,9.5,-0.01
07:32:17,"[181.1, 40]","[180.33, 36]","[186.61, 28]","[191.89, 46]",183.85,150,5.51,0.01
07:32:18,"[182.0, 13]","[180.17, 46]","[186.85, 39]","[189.38, 21]",184.42,119,4.85,-0.01
07:32:19,"[183.0, 17]","[179.71, 41]","[187.0, 19]","[189.85, 52]",185.0,129,4.0,-0.1
07:32:20,"[185.82, 49]","[183.43, 49]","[187.55, 65]","[189.59, 68]",186.69,231,1.74,-0.15
07:32:21,"[186.22, 9]","[185.22, 9]","[188.0, 36]","[192.75, 64]",187.11,118,1.78,-0.69
07:32:22,"[186.62, 13]","[180.31, 13]","[188.62, 52]","[193.0, 104]",187.62,182,2.0,-0.71
07:32:23,"[183.8, 25]","[177.64, 56]","[188.0, 13]","[189.3, 40]",185.9,134,4.2,0.21
07:32:24,"[184.0, 28]","[178.0, 95]","[185.71, 7]","[192.0, 28]",184.86,158,1.71,0.56
07:32:25,"[178.14, 86]","[177.7, 20]","[185.0, 7]","[192.0, 28]",181.57,141,6.86,0.5
07:32:26,"[178.34, 35]","[177.64, 14]","[185.0, 8]","[192.0, 32]",181.67,89,6.66,0.1
07:32:27,"[177.31, 13]","[176.42, 31]","[192.0, 21]","[193.29, 28]",184.65,93,14.69,-0.05
07:32:28,"[177.0, 12]","[176.0, 22]","[193.09, 11]","[248.53, 17]",185.05,62,16.09,0.1
07:32:29,"[176.82, 33]","[174.78, 51]","[191.05, 41]","[192.55, 22]",183.93,147,14.23,0.14
07:32:30,"[177.0, 15]","[172.88, 17]","[191.0, 25]","[192.0, 10]",184.0,67,14.0,-0.04
07:32:31,"[182.26, 54]","[177.52, 27]","[190.88, 34]","[191.38, 32]",186.57,147,8.62,0.1
07:32:32,"[186.13, 90]","[184.88, 96]","[188.97, 36]","[190.32, 34]",187.55,256,2.84,0.45
07:32:33,"[187.0, 16]","[186.0, 104]","[188.0, 23]","[190.93, 29]",187.5,172,1.0,0.4
07:32:34,"[186.04, 102]","[180.97, 70]","[187.67, 30]","[190.52, 31]",186.85,233,1.63,0.48
07:32:35,"[186.1, 40]","[180.67, 36]","[188.0, 8]","[191.0, 8]",187.05,92,1.9,0.65
07:32:36,"[187.0, 22]","[186.0, 66]","[189.71, 14]","[191.53, 15]",188.36,117,2.71,0.5
07:32:37,"[187.53, 30]","[186.23, 62]","[190.93, 28]","[192.56, 41]",189.23,161,3.4,0.14
07:32:38,"[187.82, 44]","[186.37, 38]","[192.0, 22]","[193.0, 55]",189.91,159,4.18,0.03
07:32:39,"[188.47, 68]","[187.57, 28]","[190.36, 42]","[192.94, 64]",189.41,202,1.89,-0.05
07:32:40,"[188.33, 24]","[187.13, 30]","[193.0, 64]","[194.0, 30]",190.67,148,4.67,-0.27
07:32:41,"[188.3, 10]","[187.18, 17]","[219.73, 33]","[284.53, 19]",204.01,79,31.43,-0.32
07:32:42,"[188.0, 9]","[187.0, 18]","[193.19, 31]","[279.43, 21]",190.6,79,5.19,-0.32
07:32:43,"[188.0, 15]","[187.0, 30]","[189.0, 45]","[194.0, 15]",188.5,105,1.0,-0.14
07:32:44,"[188.0, 9]","[187.0, 18]","[189.0, 27]","[194.0, 9]",188.5,63,1.0,-0.14
07:32:45,"[186.06, 16]","[184.93, 14]","[188.28, 40]","[191.06, 17]",187.17,87,2.21,-0.31
07:32:46,"[180.82, 11]","[178.91, 11]","[185.08, 48]","[187.73, 44]",182.95,114,4.27,-0.61
07:32:47,"[179.0, 11]","[178.0, 11]","[180.74, 61]","[181.5, 56]",179.87,139,1.74,-0.68
07:32:48,"[178.92, 24]","[176.62, 32]","[180.89, 71]","[181.72, 50]",179.9,177,1.97,-0.37
07:32:49,"[179.62, 21]","[175.96, 46]","[181.0, 45]","[182.0, 48]",180.31,160,1.38,-0.16
07:32:50,"[154.18, 34]","[118.85, 26]","[186.24, 21]","[187.98, 41]",170.21,122,32.06,-0.02
07:32:51,"[134.77, 31]","[91.43, 28]","[183.59, 34]","[188.33, 30]",159.18,123,48.81,-0.04
07:32:52,"[178.1, 39]","[147.58, 36]","[185.27, 22]","[188.76, 33]",181.69,130,7.17,0.15
07:32:53,"[180.31, 26]","[177.85, 40]","[188.73, 56]","[188.88, 24]",184.52,146,8.42,-0.1
07:32:54,"[183.2, 60]","[182.0, 30]","[187.04, 57]","[188.63, 95]",185.12,242,3.84,-0.26
07:32:55,"[183.67, 36]","[180.71, 35]","[185.26, 47]","[186.68, 44]",184.46,162,1.59,-0.12
07:32:56,"[181.1, 21]","[176.13, 46]","[184.06, 80]","[186.45, 29]",182.58,176,2.97,-0.24
07:32:57,"[179.0, 25]","[153.71, 7]","[184.0, 25]","[185.0, 25]",181.5,82,5.0,-0.22
07:32:58,"[179.0, 15]","[75.0, 3]","[184.0, 15]","[185.0, 15]",181.5,48,5.0,-0.25
07:32:59,"[179.0, 30]","[119.83, 6]","[184.0, 30]","[185.0, 30]",181.5,96,5.0,-0.25
07:33:00,"[179.0, 40]","[173.0, 20]","[184.0, 40]","[185.0, 40]",181.5,140,5.0,-0.14
07:33:01,"[179.0, 55]","[136.14, 21]","[183.57, 42]","[184.45, 55]",181.29,173,4.57,-0.12
07:33:02,"[179.33, 24]","[154.53, 32]","[183.09, 22]","[184.43, 35]",181.21,113,3.76,-0.01
07:33:03,"[181.0, 5]","[178.0, 25]","[182.0, 9]","[184.0, 20]",181.5,59,1.0,0.02
07:33:04,"[181.0, 11]","[178.0, 55]","[183.95, 41]","[184.93, 54]",182.48,161,2.95,-0.18
07:33:05,"[179.27, 26]","[126.86, 22]","[184.0, 32]","[185.0, 40]",181.63,120,4.73,-0.2
07:33:06,"[179.35, 51]","[177.17, 77]","[184.24, 63]","[185.46, 65]",181.8,256,4.89,0.0
07:33:07,"[180.25, 24]","[176.0, 40]","[185.0, 24]","[191.0, 8]",182.62,96,4.75,0.33
07:33:08,"[181.0, 24]","[176.76, 42]","[185.0, 16]","[191.0, 8]",183.0,90,4.0,0.47
07:33:09,"[181.91, 69]","[180.15, 34]","[186.2, 15]","[191.7, 23]",184.06,141,4.29,0.46
07:33:10,"[181.67, 27]","[176.0, 15]","[187.6, 20]","[190.03, 40]",184.63,102,5.93,-0.18
07:33:11,"[183.9, 60]","[182.55, 29]","[186.53, 15]","[188.76, 34]",185.22,138,2.63,0.29
07:33:12,"[184.0, 90]","[181.34, 29]","[185.57, 21]","[187.63, 27]",184.79,167,1.57,0.43
07:33:13,"[185.0, 60]","[175.73, 11]","[190.16, 25]","[190.36, 22]",187.58,118,5.16,0.2
07:33:14,"[185.0, 45]","[175.0, 9]","[192.0, 36]","[193.0, 9]",188.5,99,7.0,0.09
07:33:15,"[185.0, 65]","[175.0, 13]","[186.41, 59]","[191.2, 49]",185.7,186,1.41,-0.16
07:33:16,"[184.0, 50]","[174.64, 14]","[187.79, 56]","[191.49, 41]",185.89,161,3.79,-0.2
07:33:17,"[177.62, 8]","[175.43, 7]","[191.0, 28]","[195.0, 7]",184.31,50,13.38,-0.4
07:33:18,"[178.2, 10]","[176.67, 6]","[191.0, 24]","[195.0, 6]",184.6,46,12.8,-0.3
07:33:19,"[179.5, 10]","[178.0, 10]","[185.91, 33]","[185.65, 37]",182.7,90,6.41,-0.56
07:33:20,"[180.99, 141]","[179.82, 11]","[183.0, 33]","[184.0, 55]",182.0,240,2.01,0.27
07:33:21,"[181.23, 198]","[181.33, 42]","[183.95, 56]","[184.9, 50]",182.59,346,2.71,0.39
07:33:22,"[183.0, 12]","[182.0, 168]","[188.5, 18]","[192.5, 36]",185.75,234,5.5,0.54
07:33:23,"[186.57, 21]","[182.26, 78]","[193.0, 13]","[195.0, 39]",189.79,151,6.43,0.31
07:33:24,"[188.53, 17]","[186.91, 22]","[193.0, 9]","[195.0, 27]",190.76,75,4.47,0.04
07:33:25,"[190.95, 21]","[187.38, 79]","[193.0, 14]","[221.4, 50]",191.98,164,2.05,0.22
07:33:26,"[188.0, 10]","[187.0, 140]","[193.0, 10]","[316.5, 30]",190.5,190,5.0,0.58
07:33:27,"[189.6, 10]","[187.22, 36]","[196.85, 26]","[215.28, 46]",193.22,118,7.25,-0.22
07:33:28,"[189.0, 12]","[187.07, 90]","[191.52, 50]","[199.98, 57]",190.26,209,2.52,-0.02
07:33:29,"[187.02, 143]","[186.81, 52]","[192.23, 62]","[271.0, 45]",189.62,302,5.2,0.29
07:33:30,"[187.61, 72]","[186.99, 156]","[193.0, 65]","[362.62, 53]",190.31,346,5.39,0.32
07:33:31,"[189.77, 53]","[187.22, 126]","[192.82, 50]","[231.0, 68]",191.3,297,3.05,0.21
07:33:32,"[190.0, 26]","[187.0, 168]","[195.33, 52]","[294.65, 26]",192.66,272,5.33,0.43
07:33:33,"[190.0, 8]","[187.0, 56]","[198.0, 20]","[288.0, 12]",194.0,96,8.0,0.33
07:33:34,"[190.0, 12]","[187.0, 84]","[197.12, 40]","[231.45, 22]",193.56,158,7.12,0.22
07:33:35,"[190.0, 28]","[187.0, 196]","[197.0, 140]","[331.69, 26]",193.5,390,7.0,0.15
07:33:36,"[181.37, 41]","[178.71, 42]","[196.15, 100]","[212.11, 61]",188.76,244,14.78,-0.32
07:33:37,"[181.79, 42]","[180.9, 20]","[190.61, 66]","[191.7, 66]",186.2,194,8.82,-0.36
07:33:38,"[182.94, 51]","[179.39, 71]","[187.36, 73]","[189.25, 80]",185.15,275,4.41,-0.11
07:33:39,"[182.61, 31]","[178.2, 49]","[184.67, 54]","[190.87, 63]",183.64,197,2.05,-0.19
07:33:40,"[183.0, 10]","[178.02, 99]","[184.3, 20]","[189.2, 50]",183.65,179,1.3,0.22
07:33:41,"[178.13, 79]","[96.84, 69]","[185.0, 9]","[190.76, 41]",181.56,198,6.87,0.49
07:33:42,"[178.0, 51]","[168.66, 99]","[188.9, 41]","[190.71, 35]",183.45,226,10.9,0.33
07:33:43,"[178.0, 4]","[177.0, 40]","[189.0, 16]","[191.0, 12]",183.5,72,11.0,0.22
07:33:44,"[178.0, 8]","[177.0, 80]","[189.0, 32]","[191.0, 24]",183.5,144,11.0,0.22
07:33:45,"[179.83, 46]","[177.13, 46]","[189.0, 40]","[191.0, 30]",184.41,162,9.17,0.14
07:33:46,"[182.49, 45]","[176.17, 88]","[188.6, 30]","[190.58, 38]",185.54,201,6.11,0.32
07:33:47,"[186.0, 28]","[177.0, 7]","[188.0, 7]","[191.0, 21]",187.0,63,2.0,0.11
07:33:48,"[186.0, 36]","[176.17, 36]","[265.18, 11]","[205.96, 27]",225.59,110,79.18,0.31
07:33:49,"[186.5, 24]","[184.58, 19]","[395.8, 25]","[566.93, 15]",291.15,83,209.3,0.04
07:33:50,"[187.47, 34]","[186.2, 30]","[281.83, 12]","[306.65, 34]",234.65,110,94.36,0.16
07:33:51,"[188.33, 66]","[187.8, 90]","[269.95, 43]","[301.03, 35]",229.14,234,81.62,0.33
07:33:52,"[189.86, 103]","[187.88, 52]","[192.26, 34]","[271.3, 50]",191.06,239,2.4,0.3
07:33:53,"[190.0, 87]","[187.71, 28]","[191.17, 29]","[192.05, 41]",190.59,185,1.17,0.24
07:33:54,"[190.0, 108]","[186.0, 36]","[191.17, 29]","[192.05, 41]",190.59,214,1.17,0.35
07:33:55,"[190.0, 72]","[186.0, 28]","[191.69, 29]","[192.42, 19]",190.84,148,1.69,0.35
07:33:56,"[190.0, 39]","[186.0, 24]","[191.17, 30]","[197.33, 6]",190.58,99,1.17,0.27
07:33:57,"[186.29, 28]","[183.86, 28]","[199.0, 7]","[371.71, 21]",192.64,84,12.71,0.33
07:33:58,"[187.0, 32]","[186.0, 32]","[199.0, 8]","[224.0, 24]",193.0,96,12.0,0.33
07:33:59,"[187.43, 21]","[186.13, 23]","[197.5, 6]","[208.38, 8]",192.46,58,10.07,0.52
07:34:00,"[190.0, 27]","[187.0, 27]","[195.71, 21]","[197.67, 9]",192.86,84,5.71,0.29
07:34:01,"[188.44, 54]","[187.56, 48]","[194.82, 22]","[195.67, 18]",191.63,142,6.37,0.44
07:34:02,"[189.45, 77]","[187.86, 65]","[192.22, 23]","[194.48, 21]",190.84,186,2.76,0.53
07:34:03,"[190.93, 103]","[189.85, 91]","[196.94, 31]","[347.66, 41]",193.93,266,6.0,0.46
07:34:04,"[191.0, 35]","[190.0, 42]","[201.0, 6]","[406.0, 27]",196.0,110,10.0,0.4
07:34:05,"[191.0, 60]","[190.0, 70]","[197.4, 30]","[207.35, 17]",194.2,177,6.4,0.47
07:34:06,"[191.0, 5]","[190.0, 35]","[192.0, 20]","[198.0, 15]",191.5,75,1.0,0.07
07:34:07,"[191.0, 10]","[190.0, 90]","[196.16, 31]","[202.5, 12]",193.58,143,5.16,0.4
07:34:08,"[191.0, 9]","[190.0, 79]","[196.0, 27]","[204.0, 9]",193.5,124,5.0,0.42
07:34:09,"[191.0, 12]","[190.0, 84]","[194.17, 60]","[196.0, 36]",192.58,192,3.17,0.0
07:34:10,"[190.27, 30]","[189.45, 77]","[192.45, 55]","[196.78, 27]",191.36,189,2.19,0.13
07:34:11,"[190.0, 62]","[188.0, 63]","[191.28, 36]","[194.9, 21]",190.64,182,1.28,0.37
07:34:12,"[190.0, 28]","[188.0, 56]","[192.67, 24]","[288.42, 12]",191.33,120,2.67,0.4
07:34:13,"[190.0, 10]","[188.0, 70]","[200.0, 10]","[471.0, 10]",195.0,100,10.0,0.6
07:34:14,"[190.0, 27]","[188.0, 84]","[200.0, 12]","[296.73, 30]",195.0,153,10.0,0.45
07:34:15,"[190.0, 74]","[187.92, 74]","[207.5, 32]","[243.0, 20]",198.75,200,17.5,0.48
07:34:16,"[190.0, 18]","[188.0, 36]","[200.0, 45]","[280.56, 27]",195.0,126,10.0,-0.14
07:34:17,"[190.0, 10]","[188.0, 20]","[200.0, 25]","[345.0, 6]",195.0,61,10.0,-0.02
07:34:18,"[190.0, 8]","[188.0, 16]","[199.71, 14]","[247.14, 14]",194.86,52,9.71,-0.08
07:34:19,"[190.0, 18]","[188.0, 36]","[198.1, 39]","[199.42, 24]",194.05,117,8.1,-0.08
07:34:20,"[190.53, 30]","[188.8, 60]","[197.15, 65]","[198.07, 59]",193.84,214,6.62,-0.16
07:34:21,"[188.0, 47]","[186.0, 168]","[195.69, 52]","[197.0, 70]",191.85,337,7.69,0.28
07:34:22,"[187.94, 32]","[186.45, 99]","[190.69, 62]","[192.22, 59]",189.32,252,2.76,0.04
07:34:23,"[186.88, 16]","[185.7, 20]","[188.18, 11]","[190.12, 40]",187.53,87,1.31,-0.17
07:34:24,"[185.24, 55]","[184.41, 118]","[190.0, 50]","[194.36, 55]",187.62,278,4.76,0.24
07:34:25,"[185.0, 60]","[184.0, 100]","[192.0, 50]","[193.1, 50]",188.5,260,7.0,0.23
07:34:26,"[185.06, 49]","[184.07, 86]","[191.3, 23]","[192.22, 45]",188.18,203,6.24,0.33
07:34:27,"[188.0, 14]","[185.0, 84]","[189.86, 28]","[193.43, 70]",188.93,196,1.86,0.0
07:34:28,"[186.8, 15]","[184.84, 64]","[189.87, 23]","[193.3, 50]",188.33,152,3.07,0.04
07:34:29,"[185.0, 90]","[184.0, 150]","[192.65, 31]","[193.8, 75]",188.82,346,7.65,0.39
07:34:30,"[184.18, 134]","[182.44, 180]","[189.04, 26]","[191.96, 53]",186.61,393,4.86,0.6
07:34:31,"[185.04, 72]","[182.88, 130]","[187.13, 60]","[189.0, 30]",186.09,292,2.09,0.38
07:34:32,"[185.44, 32]","[182.96, 69]","[188.76, 42]","[190.84, 57]",187.1,200,3.32,0.01
07:34:33,"[183.0, 10]","[182.0, 30]","[185.44, 18]","[190.76, 34]",184.22,92,2.44,-0.13
07:34:34,"[183.0, 8]","[182.0, 24]","[185.0, 15]","[191.0, 40]",184.0,87,2.0,-0.26
07:34:35,"[182.23, 13]","[179.61, 88]","[184.64, 11]","[190.83, 36]",183.43,148,2.41,0.36
07:34:36,"[181.43, 37]","[178.85, 240]","[183.96, 24]","[189.4, 45]",182.7,346,2.53,0.6
07:34:37,"[180.0, 24]","[178.0, 168]","[182.25, 12]","[185.0, 12]",181.12,216,2.25,0.78
07:34:38,"[180.0, 12]","[178.0, 84]","[181.67, 6]","[185.0, 6]",180.83,108,1.67,0.78
07:34:39,"[180.0, 12]","[178.0, 84]","[181.0, 6]","[184.43, 7]",180.5,109,1.0,0.76
07:34:40,"[180.0, 10]","[178.0, 70]","[181.0, 5]","[183.0, 10]",180.5,95,1.0,0.68
07:34:41,"[178.48, 73]","[172.76, 169]","[180.29, 14]","[181.89, 18]",179.38,274,1.81,0.77
07:34:42,"[177.54, 63]","[171.63, 104]","[181.92, 13]","[183.35, 17]",179.73,197,4.38,0.7
07:34:43,"[176.94, 36]","[173.79, 84]","[186.33, 24]","[190.65, 68]",181.64,212,9.39,0.13
07:34:44,"[180.4, 48]","[180.08, 84]","[187.13, 30]","[189.14, 42]",183.76,204,6.74,0.29
07:34:45,"[183.14, 14]","[182.0, 77]","[187.0, 14]","[188.0, 14]",185.07,119,3.86,0.53
07:34:46,"[182.34, 58]","[181.82, 67]","[187.64, 22]","[188.72, 29]",184.99,176,5.29,0.42
07:34:47,"[185.12, 64]","[181.0, 16]","[188.0, 16]","[189.0, 24]",186.56,120,2.88,0.33
07:34:48,"[187.0, 40]","[180.38, 16]","[188.5, 12]","[189.53, 19]",187.75,87,1.5,0.29
07:34:49,"[187.0, 80]","[180.0, 50]","[189.0, 30]","[190.0, 50]",188.0,210,2.0,0.24
07:34:50,"[187.0, 60]","[180.0, 40]","[189.0, 24]","[239.62, 24]",188.0,148,2.0,0.35
07:34:51,"[187.58, 57]","[185.37, 86]","[189.0, 19]","[329.67, 15]",188.29,177,1.42,0.62
07:34:52,"[188.4, 65]","[186.07, 70]","[219.5, 16]","[348.92, 13]",203.95,164,31.1,0.65
07:34:53,"[189.0, 66]","[187.0, 48]","[264.5, 8]","[396.38, 8]",226.75,130,75.5,0.75
07:34:54,"[189.0, 49]","[187.0, 42]","[204.0, 19]","[285.25, 8]",196.5,118,15.0,0.54
07:34:55,"[189.0, 35]","[187.0, 30]","[192.0, 25]","[249.0, 5]",190.5,95,3.0,0.37
07:34:56,"[189.0, 49]","[187.0, 42]","[192.0, 35]","[251.86, 7]",190.5,133,3.0,0.37
07:34:57,"[189.0, 35]","[187.0, 30]","[192.0, 25]","[316.4, 5]",190.5,95,3.0,0.37
07:34:58,"[189.0, 35]","[187.0, 30]","[191.87, 23]","[243.89, 9]",190.43,97,2.87,0.34
07:34:59,"[189.0, 63]","[187.0, 54]","[191.0, 27]","[192.0, 45]",190.0,189,2.0,0.24
07:35:00,"[188.18, 44]","[186.86, 42]","[190.9, 20]","[191.9, 39]",189.54,145,2.72,0.19
07:35:01,"[187.82, 98]","[186.89, 54]","[190.0, 11]","[191.0, 22]",188.91,185,2.18,0.64
07:35:02,"[189.0, 56]","[187.0, 36]","[190.8, 10]","[192.67, 24]",189.9,126,1.8,0.46
07:35:03,"[189.07, 88]","[187.48, 87]","[193.55, 58]","[220.37, 30]",191.31,263,4.48,0.33
07:35:04,"[189.33, 84]","[187.05, 57]","[214.89, 28]","[375.5, 12]",202.11,181,25.56,0.56
07:35:05,"[190.0, 41]","[188.0, 8]","[303.0, 8]","[446.0, 14]",246.5,71,113.0,0.38
07:35:06,"[190.57, 21]","[187.37, 41]","[195.0, 11]","[218.0, 11]",192.79,84,4.43,0.48
07:35:07,"[191.0, 32]","[190.0, 11]","[195.0, 11]","[440.35, 17]",193.0,71,4.0,0.21
07:35:08,"[191.0, 20]","[190.0, 10]","[195.0, 10]","[446.77, 26]",193.0,66,4.0,-0.09
07:35:09,"[190.91, 22]","[189.11, 18]","[195.0, 12]","[404.0, 18]",192.95,70,4.09,0.14
07:35:10,"[190.97, 63]","[189.27, 22]","[193.44, 64]","[197.81, 16]",192.2,165,2.47,0.03
07:35:11,"[191.0, 24]","[190.0, 8]","[193.03, 29]","[299.7, 10]",192.02,71,2.03,-0.1
07:35:12,"[189.08, 24]","[187.76, 34]","[197.44, 9]","[537.0, 27]",193.26,94,8.36,0.23
07:35:13,"[189.0, 20]","[188.0, 16]","[197.0, 4]","[471.38, 16]",193.0,56,8.0,0.29
07:35:14,"[189.67, 45]","[188.0, 36]","[197.0, 9]","[352.91, 33]",193.33,123,7.33,0.32
07:35:15,"[190.0, 43]","[188.0, 32]","[197.0, 8]","[388.0, 40]",193.5,123,7.0,0.22
07:35:16,"[191.18, 50]","[189.72, 32]","[197.0, 11]","[388.0, 55]",194.09,148,5.82,0.11
07:35:17,"[192.0, 36]","[190.0, 10]","[196.04, 23]","[334.23, 22]",194.02,91,4.04,0.01
07:35:18,"[192.0, 24]","[190.0, 8]","[195.47, 19]","[307.64, 14]",193.74,65,3.47,-0.02
07:35:19,"[189.87, 45]","[187.91, 23]","[194.33, 42]","[196.29, 21]",192.1,131,4.47,0.04
07:35:20,"[187.85, 27]","[186.45, 44]","[191.43, 42]","[193.13, 30]",189.64,143,3.58,-0.01
07:35:21,"[186.28, 43]","[185.07, 80]","[188.5, 40]","[189.36, 44]",187.39,207,2.22,0.19
07:35:22,"[184.13, 77]","[182.68, 133]","[187.15, 26]","[190.74, 38]",185.64,274,3.02,0.53
07:35:23,"[186.0, 72]","[181.75, 101]","[187.0, 18]","[189.43, 28]",186.5,219,1.0,0.58
07:35:24,"[183.52, 111]","[180.82, 82]","[188.14, 28]","[190.5, 24]",185.83,245,4.62,0.58
07:35:25,"[186.53, 105]","[182.02, 51]","[189.0, 28]","[195.0, 14]",187.77,198,2.47,0.58
07:35:26,"[188.0, 54]","[183.0, 8]","[189.0, 16]","[193.5, 8]",188.5,86,1.0,0.44
07:35:27,"[184.67, 30]","[179.4, 50]","[192.27, 11]","[194.8, 10]",188.47,101,7.61,0.58
07:35:28,"[184.69, 52]","[181.0, 13]","[191.27, 15]","[192.27, 22]",187.98,102,6.57,0.27
07:35:29,"[185.94, 68]","[181.88, 17]","[189.29, 34]","[190.59, 17]",187.62,136,3.35,0.25
07:35:30,"[186.0, 48]","[182.0, 12]","[188.18, 22]","[190.33, 12]",187.09,94,2.18,0.28
07:35:31,"[183.53, 17]","[178.25, 79]","[187.86, 14]","[190.89, 18]",185.69,128,4.33,0.5
07:35:32,"[177.12, 123]","[148.18, 66]","[184.58, 19]","[189.47, 19]",180.85,227,7.46,0.67
07:35:33,"[177.0, 204]","[155.14, 63]","[183.48, 25]","[184.09, 43]",180.24,335,6.48,0.59
07:35:34,"[177.0, 144]","[163.1, 62]","[182.25, 24]","[183.75, 24]",179.62,254,5.25,0.62
07:35:35,"[177.0, 48]","[158.0, 24]","[181.75, 12]","[183.0, 4]",179.38,88,4.75,0.64
07:35:36,"[178.49, 182]","[176.07, 122]","[181.0, 33]","[183.0, 18]",179.75,355,2.51,0.71
07:35:37,"[179.4, 141]","[178.42, 191]","[181.5, 30]","[183.78, 23]",180.45,385,2.1,0.72
07:35:38,"[180.0, 77]","[179.0, 187]","[186.0, 11]","[189.0, 11]",183.0,286,6.0,0.85
07:35:39,"[181.19, 181]","[180.52, 131]","[186.0, 13]","[189.0, 13]",183.6,338,4.81,0.85
07:35:40,"[184.27, 157]","[181.23, 121]","[185.62, 21]","[188.73, 15]",184.94,314,1.35,0.77
07:35:41,"[185.61, 138]","[183.05, 123]","[190.17, 29]","[322.62, 55]",187.89,345,4.56,0.51
07:35:42,"[188.0, 56]","[180.47, 57]","[189.91, 22]","[338.63, 43]",188.95,178,1.91,0.27
07:35:43,"[189.78, 55]","[184.2, 20]","[210.17, 24]","[329.6, 50]",199.97,149,20.38,0.01
07:35:44,"[190.0, 78]","[188.0, 13]","[218.69, 26]","[350.84, 31]",204.35,148,28.69,0.23
07:35:45,"[190.38, 58]","[189.08, 39]","[217.57, 28]","[434.65, 34]",203.98,159,27.19,0.22
07:35:46,"[190.32, 62]","[186.55, 87]","[208.9, 20]","[331.29, 35]",199.61,204,18.58,0.46
07:35:47,"[192.0, 28]","[190.0, 21]","[215.14, 14]","[233.0, 14]",203.57,77,23.14,0.27
07:35:48,"[192.0, 12]","[190.0, 27]","[214.67, 18]","[469.0, 25]",203.33,82,22.67,-0.05
07:35:49,"[192.0, 12]","[190.0, 36]","[214.0, 24]","[369.4, 58]",203.0,130,22.0,-0.26
07:35:50,"[192.0, 6]","[190.0, 18]","[214.0, 12]","[315.0, 30]",203.0,66,22.0,-0.27
07:35:51,"[192.0, 6]","[190.0, 18]","[214.0, 12]","[315.0, 30]",203.0,66,22.0,-0.27
07:35:52,"[192.0, 9]","[190.0, 42]","[213.89, 18]","[354.11, 45]",202.94,114,21.89,-0.11
07:35:53,"[192.0, 8]","[190.0, 24]","[213.0, 16]","[467.0, 32]",202.5,80,21.0,-0.2
07:35:54,"[188.67, 15]","[188.61, 23]","[212.14, 14]","[457.32, 19]",200.4,71,23.48,0.07
07:35:55,"[187.29, 14]","[186.71, 28]","[211.33, 12]","[331.0, 6]",199.31,60,24.05,0.4
07:35:56,"[188.0, 11]","[187.0, 55]","[207.91, 22]","[329.38, 13]",197.95,101,19.91,0.31
07:35:57,"[190.43, 21]","[187.2, 25]","[207.0, 18]","[294.22, 27]",198.71,91,16.57,0.01
07:35:58,"[191.0, 12]","[188.0, 12]","[206.71, 28]","[266.1, 20]",198.86,72,15.71,-0.33
07:35:59,"[191.0, 10]","[188.0, 10]","[206.05, 38]","[212.47, 19]",198.53,77,15.05,-0.48
07:36:00,"[191.97, 33]","[190.77, 13]","[206.62, 26]","[350.85, 13]",199.29,85,14.65,0.08
07:36:01,"[188.37, 54]","[187.12, 83]","[205.04, 52]","[218.0, 21]",196.7,210,16.67,0.3
07:36:02,"[192.0, 36]","[188.31, 78]","[204.62, 42]","[205.29, 42]",198.31,198,12.62,0.15
07:36:03,"[192.0, 18]","[190.0, 24]","[202.23, 13]","[205.92, 24]",197.12,79,10.23,0.06
07:36:04,"[192.0, 42]","[190.0, 56]","[198.82, 33]","[199.81, 37]",195.41,168,6.82,0.17
07:36:05,"[192.0, 33]","[190.0, 54]","[196.09, 33]","[198.0, 22]",194.05,142,4.09,0.23
07:36:06,"[190.81, 52]","[189.02, 55]","[194.0, 29]","[196.06, 31]",192.4,167,3.19,0.28
07:36:07,"[190.0, 40]","[188.88, 40]","[193.17, 18]","[239.44, 18]",191.58,116,3.17,0.38
07:36:08,"[190.0, 47]","[188.28, 89]","[191.23, 39]","[202.15, 27]",190.62,202,1.23,0.35
07:36:09,"[188.0, 64]","[187.0, 13]","[360.0, 13]","[398.7, 27]",274.0,117,172.0,0.32
07:36:10,"[188.0, 12]","[187.0, 4]","[322.5, 4]","[423.5, 4]",255.25,24,134.5,0.33
07:36:11,"[188.8, 30]","[187.75, 24]","[321.42, 12]","[406.17, 12]",255.11,78,132.62,0.38
07:36:12,"[188.63, 19]","[187.71, 17]","[319.89, 9]","[320.89, 9]",254.26,54,131.26,0.33
07:36:13,"[190.1, 10]","[187.95, 22]","[319.0, 8]","[320.0, 8]",254.55,48,128.9,0.33
07:36:14,"[186.0, 58]","[185.0, 90]","[317.22, 9]","[318.33, 9]",251.61,166,131.22,0.78
07:36:15,"[186.67, 12]","[185.47, 38]","[314.8, 5]","[317.0, 5]",250.73,60,128.13,0.67
07:36:16,"[186.0, 6]","[185.0, 40]","[314.0, 4]","[317.0, 4]",250.0,54,128.0,0.7
07:36:17,"[186.0, 9]","[185.0, 90]","[313.22, 9]","[315.67, 9]",249.61,117,127.22,0.69
07:36:18,"[186.0, 7]","[185.0, 70]","[302.31, 13]","[304.4, 10]",244.15,100,116.31,0.54
07:36:19,"[191.54, 13]","[185.07, 54]","[230.04, 24]","[273.75, 12]",210.79,103,38.5,0.3
07:36:20,"[194.0, 18]","[185.29, 28]","[215.12, 26]","[216.22, 18]",204.56,90,21.12,0.02
07:36:21,"[185.22, 23]","[182.82, 33]","[199.17, 12]","[213.5, 16]",192.19,84,13.95,0.33
07:36:22,"[179.67, 9]","[131.0, 24]","[185.95, 19]","[203.44, 9]",182.81,61,6.28,0.08
07:36:23,"[173.0, 14]","[128.22, 46]","[194.57, 7]","[202.14, 22]",183.79,89,21.57,0.35
07:36:24,"[173.0, 8]","[50.0, 16]","[196.78, 9]","[323.4, 10]",184.89,43,23.78,0.12
07:36:25,"[73.0, 6]","[50.0, 12]","[180.0, 9]","[265.0, 3]",126.5,30,107.0,0.2
07:36:26,"[85.78, 9]","[76.25, 8]","[180.0, 15]","[289.0, 5]",132.89,37,94.22,-0.08
07:36:27,"[98.95, 64]","[94.09, 23]","[180.0, 14]","[289.0, 7]",139.48,108,81.05,0.61
07:36:28,"[156.12, 16]","[145.45, 20]","[274.92, 12]","[674.4, 30]",215.52,78,118.79,-0.08
07:36:29,"[177.95, 21]","[156.71, 7]","[586.67, 12]","[622.8, 15]",382.31,55,408.71,0.02
07:36:30,"[181.77, 96]","[180.74, 54]","[354.0, 12]","[449.67, 36]",267.89,198,172.23,0.52
07:36:31,"[182.02, 41]","[174.53, 30]","[406.71, 7]","[520.0, 16]",294.37,94,224.69,0.51
07:36:32,"[183.76, 33]","[178.4, 25]","[431.14, 29]","[632.66, 35]",307.45,122,247.38,-0.05
07:36:33,"[189.09, 22]","[187.09, 11]","[294.65, 51]","[379.82, 39]",241.87,123,105.56,-0.46
07:36:34,"[192.3, 46]","[190.9, 84]","[243.82, 55]","[293.67, 45]",218.06,230,51.51,0.13
07:36:35,"[193.67, 45]","[191.1, 63]","[242.22, 45]","[317.0, 45]",217.94,198,48.56,0.09
07:36:36,"[194.0, 62]","[193.0, 7]","[241.14, 35]","[329.1, 29]",217.57,133,47.14,0.04
07:36:37,"[194.0, 19]","[193.0, 10]","[239.7, 50]","[443.58, 38]",216.85,117,45.7,-0.5
07:36:38,"[194.0, 9]","[193.0, 9]","[237.67, 45]","[275.82, 33]",215.83,96,43.67,-0.62
07:36:39,"[194.0, 9]","[193.0, 9]","[221.31, 42]","[267.34, 38]",207.65,98,27.31,-0.63
07:36:40,"[194.0, 16]","[193.0, 16]","[218.04, 46]","[352.68, 63]",206.02,141,24.04,-0.55
07:36:41,"[187.78, 45]","[185.69, 75]","[211.93, 41]","[212.74, 38]",199.85,199,24.15,0.21
07:36:42,"[188.03, 115]","[186.91, 65]","[206.08, 38]","[207.49, 49]",197.06,267,18.04,0.35
07:36:43,"[189.0, 84]","[187.0, 84]","[202.42, 43]","[203.64, 42]",195.71,253,13.42,0.33
07:36:44,"[189.9, 70]","[187.11, 55]","[197.74, 42]","[199.05, 41]",193.82,208,7.84,0.2
07:36:45,"[190.38, 108]","[187.22, 54]","[193.17, 60]","[194.18, 73]",191.77,295,2.79,0.1
07:36:46,"[186.0, 70]","[185.0, 221]","[190.43, 65]","[191.89, 71]",188.22,427,4.43,0.36
07:36:47,"[186.0, 10]","[185.0, 104]","[187.29, 21]","[260.87, 39]",186.64,174,1.29,0.31
07:36:48,"[186.0, 8]","[185.0, 104]","[188.0, 16]","[263.82, 34]",187.0,162,2.0,0.38
07:36:49,"[185.15, 46]","[184.54, 118]","[187.73, 15]","[190.0, 40]",186.44,219,2.58,0.5
07:36:50,"[186.09, 22]","[185.0, 143]","[189.47, 17]","[241.6, 50]",187.78,232,3.38,0.42
07:36:51,"[187.78, 23]","[185.34, 99]","[190.67, 27]","[262.76, 51]",189.22,200,2.88,0.22
07:36:52,"[188.6, 10]","[184.0, 10]","[190.0, 10]","[191.0, 10]",189.3,40,1.4,0.0
07:36:53,"[189.0, 20]","[183.7, 20]","[190.0, 20]","[191.0, 20]",189.5,80,1.0,0.0
07:36:54,"[183.0, 20]","[181.0, 20]","[188.57, 14]","[214.82, 22]",185.79,76,5.57,0.05
07:36:55,"[184.0, 40]","[182.6, 20]","[185.0, 30]","[188.0, 10]",184.5,100,1.0,0.2
07:36:56,"[182.0, 20]","[180.05, 76]","[184.96, 28]","[187.25, 12]",183.48,136,2.96,0.41
07:36:57,"[182.0, 19]","[180.0, 108]","[184.12, 16]","[186.36, 28]",183.06,171,2.12,0.49
07:36:58,"[180.36, 33]","[179.8, 60]","[183.71, 14]","[188.94, 17]",182.04,124,3.35,0.5
07:36:59,"[180.0, 54]","[178.0, 12]","[182.0, 12]","[184.0, 6]",181.0,84,2.0,0.57
07:37:00,"[180.0, 45]","[178.0, 10]","[182.0, 10]","[184.8, 5]",181.0,70,2.0,0.57
07:37:01,"[180.0, 108]","[140.52, 89]","[184.87, 39]","[238.55, 31]",182.44,267,4.87,0.48
07:37:02,"[180.0, 126]","[178.0, 154]","[183.52, 25]","[185.09, 66]",181.76,371,3.52,0.51
07:37:03,"[179.65, 124]","[176.48, 92]","[181.56, 25]","[184.67, 55]",180.6,296,1.91,0.46
07:37:04,"[180.0, 135]","[177.22, 99]","[181.0, 21]","[183.91, 33]",180.5,288,1.0,0.62
07:37:05,"[180.0, 60]","[177.0, 44]","[181.0, 8]","[182.0, 8]",180.5,120,1.0,0.73
07:37:06,"[180.63, 114]","[178.45, 128]","[183.33, 27]","[184.47, 34]",181.98,303,2.7,0.6
07:37:07,"[180.42, 130]","[178.15, 125]","[183.96, 28]","[184.92, 39]",182.19,322,3.55,0.58
07:37:08,"[180.0, 64]","[177.0, 44]","[183.8, 5]","[184.36, 11]",181.9,124,3.8,0.74
07:37:09,"[180.0, 144]","[177.0, 99]","[186.69, 26]","[330.0, 30]",183.35,299,6.69,0.63
07:37:10,"[180.0, 112]","[177.0, 77]","[187.0, 35]","[188.43, 28]",183.5,252,7.0,0.5
07:37:11,"[180.05, 129]","[177.46, 104]","[187.0, 45]","[189.0, 36]",183.52,314,6.95,0.48
07:37:12,"[182.23, 13]","[178.81, 52]","[187.78, 41]","[222.38, 32]",185.01,138,5.55,-0.06
07:37:13,"[180.0, 33]","[178.05, 101]","[188.06, 64]","[231.16, 38]",184.03,236,8.06,0.14
07:37:14,"[180.37, 71]","[177.81, 230]","[186.4, 60]","[199.33, 60]",183.38,421,6.03,0.43
07:37:15,"[178.78, 208]","[177.65, 207]","[185.89, 18]","[189.67, 72]",182.33,505,7.11,0.64
07:37:16,"[180.19, 42]","[178.0, 144]","[183.67, 9]","[187.87, 15]",181.93,210,3.48,0.77
07:37:17,"[179.18, 74]","[177.86, 155]","[189.12, 42]","[200.38, 50]",184.15,321,9.94,0.43
07:37:18,"[181.0, 24]","[178.0, 8]","[189.0, 32]","[195.0, 32]",185.0,96,8.0,-0.33
07:37:19,"[178.75, 120]","[177.56, 149]","[188.79, 56]","[194.86, 56]",183.77,381,10.04,0.41
07:37:20,"[179.7, 86]","[178.15, 97]","[185.44, 36]","[188.54, 52]",182.57,271,5.75,0.35
07:37:21,"[178.15, 177]","[175.81, 119]","[184.85, 26]","[189.82, 34]",181.5,356,6.7,0.66
07:37:22,"[178.0, 336]","[139.41, 49]","[186.56, 32]","[190.04, 57]",182.28,474,8.56,0.62
07:37:23,"[178.0, 48]","[177.0, 60]","[190.0, 20]","[191.0, 4]",184.0,132,12.0,0.64
07:37:24,"[178.0, 156]","[177.0, 195]","[189.13, 55]","[190.3, 30]",183.56,436,11.13,0.61
07:37:25,"[178.0, 108]","[177.0, 135]","[187.0, 36]","[190.0, 9]",182.5,288,9.0,0.69
07:37:26,"[178.0, 60]","[177.0, 75]","[186.0, 20]","[190.0, 5]",182.0,160,8.0,0.69
07:37:27,"[178.33, 54]","[177.74, 170]","[186.2, 30]","[278.33, 24]",182.27,278,7.87,0.61
07:37:28,"[179.0, 26]","[178.0, 143]","[182.63, 57]","[185.77, 31]",180.82,257,3.63,0.32
07:37:29,"[179.46, 24]","[178.04, 169]","[187.06, 18]","[268.19, 32]",183.26,243,7.6,0.59
07:37:30,"[181.57, 14]","[180.83, 18]","[189.0, 8]","[341.6, 20]",185.29,60,7.43,0.07
07:37:31,"[184.11, 9]","[181.17, 23]","[189.0, 9]","[388.52, 21]",186.56,62,4.89,0.03
07:37:32,"[183.65, 23]","[181.34, 29]","[187.19, 43]","[188.76, 17]",185.42,112,3.53,-0.07
07:37:33,"[181.81, 48]","[180.04, 24]","[185.22, 45]","[186.17, 46]",183.52,163,3.41,-0.12
07:37:34,"[179.0, 70]","[178.0, 10]","[182.92, 26]","[184.09, 44]",180.96,150,3.92,0.07
07:37:35,"[179.0, 63]","[178.0, 9]","[181.12, 33]","[182.83, 30]",180.06,135,2.12,0.07
07:37:36,"[178.69, 13]","[176.09, 46]","[185.5, 8]","[290.54, 13]",182.1,80,6.81,0.47
07:37:37,"[183.33, 12]","[176.17, 48]","[191.0, 8]","[329.64, 22]",187.17,90,7.67,0.33
07:37:38,"[162.55, 38]","[117.11, 35]","[191.0, 9]","[223.24, 34]",176.78,116,28.45,0.26
07:37:39,"[177.31, 58]","[171.83, 48]","[191.0, 10]","[220.8, 10]",184.16,126,13.69,0.68
07:37:40,"[179.23, 78]","[178.06, 51]","[202.07, 14]","[388.12, 17]",190.65,160,22.84,0.61
07:37:41,"[181.39, 118]","[180.39, 124]","[213.05, 38]","[215.35, 31]",197.22,311,31.66,0.56
07:37:42,"[184.66, 29]","[182.93, 30]","[203.67, 18]","[212.0, 21]",194.16,98,19.01,0.2
07:37:43,"[186.61, 44]","[177.78, 54]","[198.06, 34]","[203.33, 36]",192.34,168,11.45,0.17
07:37:44,"[188.04, 24]","[185.91, 33]","[194.55, 22]","[199.0, 33]",191.29,112,6.5,0.02
07:37:45,"[185.92, 48]","[184.91, 47]","[192.77, 39]","[196.5, 36]",189.34,170,6.85,0.12
07:37:46,"[187.0, 50]","[186.0, 80]","[190.6, 30]","[194.0, 20]",188.8,180,3.6,0.44
07:37:47,"[187.0, 60]","[186.0, 96]","[189.92, 36]","[194.0, 24]",188.46,216,2.92,0.44
07:37:48,"[187.0, 70]","[186.0, 112]","[188.47, 32]","[190.35, 37]",187.73,251,1.47,0.45
07:37:49,"[187.0, 17]","[186.0, 72]","[211.0, 9]","[319.92, 13]",199.0,111,24.0,0.6
07:37:50,"[187.0, 7]","[186.0, 56]","[371.29, 7]","[489.0, 8]",279.14,78,184.29,0.62
07:37:51,"[191.55, 51]","[187.0, 56]","[335.92, 13]","[493.24, 17]",263.74,137,144.37,0.56
07:37:52,"[192.55, 62]","[189.96, 27]","[250.59, 17]","[338.25, 16]",221.57,122,58.04,0.46
07:37:53,"[191.0, 12]","[187.0, 3]","[252.0, 3]","[516.0, 6]",221.5,24,61.0,0.25
07:37:54,"[191.0, 48]","[187.0, 14]","[241.82, 22]","[474.91, 23]",216.41,107,50.82,0.16
07:37:55,"[191.0, 20]","[187.0, 10]","[237.57, 14]","[298.75, 16]",214.29,60,46.57,0.0
07:37:56,"[191.38, 16]","[188.78, 9]","[224.14, 14]","[253.57, 7]",207.76,46,32.77,0.09
07:37:57,"[192.86, 110]","[191.6, 25]","[234.9, 31]","[235.74, 19]",213.88,185,42.04,0.46
07:37:58,"[193.0, 264]","[191.1, 29]","[233.79, 14]","[235.0, 56]",213.39,363,40.79,0.61
07:37:59,"[193.0, 257]","[191.0, 32]","[231.36, 25]","[232.85, 55]",212.18,369,38.36,0.57
07:38:00,"[193.0, 208]","[191.0, 26]","[229.04, 46]","[230.42, 19]",211.02,299,36.04,0.57
07:38:01,"[193.0, 218]","[191.0, 28]","[225.4, 40]","[227.39, 36]",209.2,322,32.4,0.53
07:38:02,"[193.0, 169]","[191.0, 26]","[221.46, 46]","[223.93, 30]",207.23,271,28.46,0.44
07:38:03,"[193.0, 182]","[191.65, 17]","[217.08, 26]","[218.93, 46]",205.04,271,24.08,0.47
07:38:04,"[193.0, 164]","[192.0, 16]","[213.38, 24]","[217.12, 32]",203.19,236,20.38,0.53
07:38:05,"[193.0, 108]","[192.0, 18]","[210.05, 60]","[211.21, 72]",201.53,258,17.05,-0.02
07:38:06,"[193.0, 66]","[192.0, 11]","[208.73, 37]","[210.76, 51]",200.86,165,15.73,-0.07
07:38:07,"[193.0, 78]","[192.0, 13]","[206.64, 47]","[207.42, 57]",199.82,195,13.64,-0.07
07:38:08,"[192.92, 13]","[191.86, 14]","[203.36, 44]","[206.22, 54]",198.14,125,10.44,-0.57
07:38:09,"[193.0, 14]","[191.47, 19]","[198.33, 52]","[199.66, 41]",195.66,126,5.33,-0.48
07:38:10,"[190.19, 32]","[188.86, 14]","[194.4, 43]","[195.41, 32]",192.29,121,4.21,-0.24
07:38:11,"[190.33, 36]","[189.06, 17]","[192.36, 33]","[194.29, 28]",191.35,114,2.03,-0.07
07:38:12,"[189.38, 13]","[187.18, 39]","[193.95, 21]","[312.55, 22]",191.67,95,4.57,0.09
07:38:13,"[187.11, 47]","[186.85, 47]","[195.0, 36]","[374.92, 39]",191.05,169,7.89,0.11
07:38:14,"[187.0, 36]","[186.0, 6]","[195.0, 18]","[286.33, 30]",191.0,90,8.0,-0.07
07:38:15,"[187.0, 60]","[186.0, 13]","[195.0, 39]","[267.69, 26]",191.0,138,8.0,0.06
07:38:16,"[187.0, 32]","[186.0, 10]","[193.2, 30]","[307.29, 34]",190.1,106,6.2,-0.21
07:38:17,"[187.65, 17]","[186.82, 22]","[190.71, 38]","[241.53, 43]",189.18,120,3.06,-0.35
07:38:18,"[186.73, 11]","[184.8, 10]","[188.56, 18]","[312.58, 26]",187.64,65,1.83,-0.35
07:38:19,"[183.43, 7]","[182.11, 38]","[188.0, 21]","[402.0, 35]",185.71,101,4.57,-0.11
07:38:20,"[191.31, 13]","[182.04, 25]","[327.68, 19]","[474.0, 17]",259.5,74,136.38,0.03
07:38:21,"[193.33, 43]","[185.78, 18]","[405.26, 31]","[685.27, 11]",299.29,103,211.93,0.18
07:38:22,"[191.0, 30]","[190.0, 24]","[229.67, 21]","[638.2, 10]",210.33,85,38.67,0.27
07:38:23,"[191.0, 60]","[190.0, 48]","[234.0, 30]","[678.94, 34]",212.5,172,43.0,0.26
07:38:24,"[190.82, 34]","[189.26, 35]","[401.53, 17]","[628.21, 38]",296.18,124,210.71,0.11
07:38:25,"[192.09, 66]","[190.45, 44]","[433.44, 41]","[505.93, 14]",312.76,165,241.35,0.33
07:38:26,"[191.28, 29]","[190.0, 28]","[357.0, 28]","[416.0, 35]",274.14,120,165.72,-0.05
07:38:27,"[192.96, 28]","[190.0, 32]","[356.0, 16]","[357.0, 32]",274.48,108,163.04,0.11
07:38:28,"[190.92, 52]","[188.62, 52]","[333.82, 17]","[355.77, 13]",262.37,134,142.9,0.55
07:38:29,"[193.0, 66]","[190.0, 187]","[208.57, 14]","[239.42, 19]",200.79,286,15.57,0.77
07:38:30,"[193.0, 61]","[190.0, 211]","[194.56, 18]","[197.47, 15]",193.78,305,1.56,0.78
07:38:31,"[190.02, 141]","[188.48, 83]","[194.44, 9]","[201.0, 14]",192.23,247,4.42,0.81
07:38:32,"[190.0, 185]","[188.0, 90]","[192.3, 10]","[194.0, 10]",191.15,295,2.3,0.86
07:38:33,"[190.0, 134]","[188.0, 81]","[191.0, 9]","[195.4, 10]",190.5,234,1.0,0.84
07:38:34,"[190.0, 102]","[188.0, 81]","[198.62, 21]","[237.0, 24]",194.31,228,8.62,0.61
07:38:35,"[190.0, 115]","[188.0, 99]","[199.0, 44]","[201.82, 22]",194.5,280,9.0,0.53
07:38:36,"[190.46, 78]","[188.33, 97]","[198.55, 44]","[201.82, 22]",194.5,241,8.08,0.45
07:38:37,"[190.0, 96]","[188.0, 108]","[197.67, 48]","[201.0, 24]",193.83,276,7.67,0.48
07:38:38,"[190.0, 88]","[188.0, 105]","[197.0, 44]","[200.09, 22]",193.5,259,7.0,0.49
07:38:39,"[191.04, 46]","[189.57, 92]","[197.0, 44]","[200.0, 22]",194.02,204,5.96,0.35
07:38:40,"[191.73, 59]","[189.89, 160]","[195.65, 75]","[197.52, 42]",193.69,336,3.92,0.3
07:38:41,"[190.87, 63]","[189.81, 97]","[192.95, 58]","[195.09, 47]",191.91,265,2.08,0.21
07:38:42,"[190.0, 35]","[188.0, 90]","[192.0, 40]","[202.0, 20]",191.0,185,2.0,0.35
07:38:43,"[190.0, 33]","[188.0, 99]","[191.55, 44]","[202.0, 22]",190.77,198,1.55,0.33
07:38:44,"[188.71, 84]","[187.6, 90]","[198.2, 30]","[519.0, 35]",193.46,239,9.49,0.46
07:38:45,"[190.0, 116]","[188.01, 137]","[198.6, 30]","[238.11, 28]",194.3,311,8.6,0.63
07:38:46,"[190.8, 83]","[189.74, 27]","[199.67, 24]","[258.75, 16]",195.23,150,8.87,0.47
07:38:47,"[192.0, 132]","[190.0, 48]","[198.65, 26]","[286.79, 29]",195.33,235,6.65,0.53
07:38:48,"[192.0, 88]","[190.08, 26]","[194.38, 8]","[196.3, 10]",193.19,132,2.38,0.73
07:38:49,"[192.0, 143]","[191.0, 13]","[194.0, 13]","[195.0, 13]",193.0,182,2.0,0.71
07:38:50,"[192.0, 152]","[191.0, 16]","[193.88, 16]","[201.0, 28]",192.94,212,1.88,0.58
07:38:51,"[192.0, 77]","[191.0, 10]","[197.62, 13]","[288.31, 26]",194.81,126,5.62,0.38
07:38:52,"[192.0, 58]","[191.0, 10]","[203.2, 20]","[322.93, 30]",197.6,118,11.2,0.15
07:38:53,"[190.0, 40]","[188.0, 10]","[204.0, 20]","[307.47, 34]",197.0,104,14.0,-0.04
07:38:54,"[190.0, 12]","[188.0, 3]","[204.0, 6]","[573.0, 6]",197.0,27,14.0,0.11
07:38:55,"[189.29, 42]","[187.14, 14]","[201.76, 34]","[274.7, 20]",195.53,110,12.48,0.02
07:38:56,"[186.45, 44]","[185.23, 52]","[196.43, 46]","[197.55, 44]",191.44,186,9.98,0.03
07:38:57,"[186.37, 19]","[185.16, 45]","[194.17, 24]","[195.11, 45]",190.27,133,7.8,-0.04
07:38:58,"[190.94, 32]","[188.04, 23]","[192.49, 57]","[194.85, 66]",191.71,178,1.55,-0.38
07:38:59,"[186.58, 19]","[185.49, 43]","[189.27, 33]","[190.7, 23]",187.93,118,2.69,0.05
07:39:00,"[185.3, 71]","[184.35, 93]","[187.28, 25]","[205.37, 35]",186.29,224,1.98,0.46
07:39:01,"[185.0, 85]","[182.0, 55]","[198.0, 11]","[374.1, 31]",191.5,182,13.0,0.54
07:39:02,"[185.0, 24]","[182.0, 15]","[197.0, 3]","[355.0, 9]",191.0,51,12.0,0.53
07:39:03,"[185.0, 32]","[182.0, 20]","[195.0, 4]","[355.0, 12]",190.0,68,10.0,0.53
07:39:04,"[185.0, 40]","[182.0, 25]","[195.0, 5]","[355.0, 15]",190.0,85,10.0,0.53
07:39:05,"[185.0, 56]","[182.0, 35]","[193.0, 9]","[275.53, 19]",189.0,119,8.0,0.53
07:39:06,"[185.0, 88]","[147.93, 56]","[194.23, 26]","[215.27, 22]",189.62,192,9.23,0.5
07:39:07,"[185.0, 110]","[182.0, 14]","[193.57, 56]","[195.0, 14]",189.29,194,8.57,0.28
07:39:08,"[185.0, 54]","[182.0, 9]","[189.92, 12]","[193.33, 9]",187.46,84,4.92,0.5
07:39:09,"[185.0, 26]","[182.0, 13]","[191.31, 13]","[194.0, 13]",188.15,65,6.31,0.2
07:39:10,"[184.67, 33]","[171.63, 19]","[191.9, 30]","[199.25, 16]",188.28,98,7.23,0.06
07:39:11,"[183.0, 24]","[182.0, 8]","[191.0, 8]","[192.0, 40]",187.0,80,8.0,-0.2
07:39:12,"[183.0, 54]","[182.0, 9]","[190.08, 36]","[262.89, 27]",186.54,126,7.08,0.0
07:39:13,"[183.85, 39]","[182.97, 34]","[189.29, 62]","[284.41, 34]",186.57,169,5.44,-0.14
07:39:14,"[183.62, 24]","[182.65, 34]","[186.55, 65]","[188.0, 53]",185.09,176,2.93,-0.34
07:39:15,"[181.46, 39]","[179.31, 13]","[183.86, 58]","[185.0, 39]",182.66,149,2.4,-0.3
07:39:16,"[179.6, 10]","[59.68, 22]","[184.18, 17]","[193.21, 14]",181.89,63,4.58,0.02
07:39:17,"[179.0, 7]","[54.0, 21]","[187.14, 7]","[190.0, 7]",183.07,42,8.14,0.33
07:39:18,"[179.0, 14]","[147.48, 98]","[186.0, 14]","[188.57, 14]",182.5,140,7.0,0.6
07:39:19,"[183.39, 49]","[153.96, 23]","[186.18, 11]","[198.12, 17]",184.78,100,2.79,0.44
07:39:20,"[186.44, 25]","[164.83, 29]","[209.0, 56]","[452.04, 52]",197.72,162,22.56,-0.33
07:39:21,"[186.6, 20]","[183.21, 14]","[260.3, 46]","[317.0, 50]",223.45,130,73.7,-0.48
07:39:22,"[189.08, 12]","[187.36, 11]","[271.0, 45]","[386.0, 36]",230.04,104,81.92,-0.56
07:39:23,"[192.96, 49]","[191.54, 13]","[271.0, 60]","[451.14, 14]",231.98,136,78.04,-0.09
07:39:24,"[192.75, 16]","[190.55, 11]","[276.29, 35]","[459.52, 29]",234.52,91,83.54,-0.41
07:39:25,"[192.0, 15]","[190.0, 30]","[248.18, 55]","[385.77, 65]",220.09,165,56.18,-0.45
07:39:26,"[192.0, 13]","[190.0, 26]","[222.08, 13]","[475.77, 65]",207.04,117,30.08,-0.33
07:39:27,"[188.69, 35]","[186.41, 58]","[221.4, 20]","[314.71, 38]",205.04,151,32.71,0.23
07:39:28,"[193.36, 28]","[187.09, 135]","[220.63, 19]","[221.1, 31]",206.99,213,27.27,0.53
07:39:29,"[194.0, 140]","[193.0, 28]","[218.78, 23]","[219.57, 47]",206.39,238,24.78,0.41
07:39:30,"[194.0, 100]","[193.0, 20]","[216.1, 31]","[218.26, 19]",205.05,170,22.1,0.41
07:39:31,"[194.0, 96]","[193.0, 97]","[215.97, 37]","[216.69, 13]",204.99,243,21.97,0.59
07:39:32,"[194.0, 88]","[193.0, 22]","[214.69, 13]","[215.95, 38]",204.35,161,20.69,0.37
07:39:33,"[194.0, 35]","[193.0, 22]","[212.92, 12]","[215.14, 29]",203.46,98,18.92,0.16
07:39:34,"[194.0, 6]","[193.0, 12]","[211.0, 6]","[216.0, 24]",202.5,48,17.0,-0.25
07:39:35,"[194.0, 6]","[193.0, 12]","[210.0, 6]","[216.0, 24]",202.0,48,16.0,-0.25
07:39:36,"[194.0, 11]","[193.0, 22]","[208.4, 15]","[211.62, 32]",201.2,80,14.4,-0.17
07:39:37,"[193.23, 13]","[191.81, 31]","[204.26, 19]","[204.71, 17]",198.75,80,11.03,0.1
07:39:38,"[188.76, 34]","[187.51, 55]","[201.45, 11]","[202.88, 17]",195.11,117,12.69,0.52
07:39:39,"[188.0, 84]","[187.0, 108]","[199.28, 18]","[200.97, 30]",193.64,240,11.28,0.6
07:39:40,"[190.18, 44]","[187.78, 81]","[195.5, 34]","[196.74, 19]",192.84,178,5.32,0.4
07:39:41,"[189.71, 49]","[187.64, 76]","[193.0, 40]","[195.0, 10]",191.36,175,3.29,0.43
07:39:42,"[188.0, 59]","[187.0, 45]","[190.69, 29]","[192.04, 26]",189.34,159,2.69,0.31
07:39:43,"[187.11, 46]","[186.29, 101]","[189.0, 38]","[199.73, 44]",188.05,229,1.89,0.28
07:39:44,"[186.0, 81]","[176.43, 14]","[187.33, 27]","[272.0, 45]",186.67,167,1.33,0.14
07:39:45,"[186.14, 59]","[185.52, 62]","[240.12, 40]","[307.23, 30]",213.13,191,53.99,0.27
07:39:46,"[187.38, 16]","[186.0, 64]","[436.5, 40]","[700.0, 8]",311.94,128,249.12,0.25
07:39:47,"[188.9, 20]","[186.0, 74]","[605.71, 42]","[746.67, 18]",397.31,154,416.81,0.22
07:39:48,"[194.62, 16]","[188.61, 23]","[675.5, 8]","[784.0, 40]",435.06,87,480.88,-0.1
07:39:49,"[192.0, 20]","[186.0, 86]","[216.6, 10]","[784.0, 10]",204.3,126,24.6,0.68
07:39:50,"[192.0, 26]","[186.25, 61]","[458.14, 21]","[606.78, 9]",325.07,117,266.14,0.49
07:39:51,"[192.0, 22]","[189.0, 11]","[423.67, 18]","[525.6, 15]",307.83,66,231.67,0.0
07:39:52,"[192.0, 16]","[188.8, 44]","[450.43, 14]","[512.4, 10]",321.21,84,258.43,0.43
07:39:53,"[192.0, 6]","[191.0, 12]","[255.0, 3]","[483.0, 6]",223.5,27,63.0,0.33
07:39:54,"[192.8, 10]","[191.67, 12]","[254.8, 5]","[384.32, 19]",223.8,46,62.0,-0.04
07:39:55,"[191.65, 31]","[191.09, 22]","[252.67, 24]","[254.0, 12]",222.16,89,61.02,0.19
07:39:56,"[192.67, 45]","[188.5, 20]","[250.5, 20]","[277.8, 10]",221.58,95,57.83,0.37
07:39:57,"[193.0, 24]","[190.0, 26]","[250.0, 12]","[373.0, 6]",221.5,68,57.0,0.47
07:39:58,"[191.13, 53]","[189.72, 64]","[249.55, 22]","[363.14, 14]",220.34,153,58.41,0.53
07:39:59,"[190.0, 77]","[188.0, 21]","[249.0, 35]","[250.0, 14]",219.5,147,59.0,0.33
07:40:00,"[190.02, 135]","[188.47, 47]","[247.73, 30]","[248.78, 23]",218.88,235,57.71,0.55
07:40:01,"[191.0, 24]","[190.0, 88]","[244.25, 20]","[245.69, 16]",217.62,148,53.25,0.51
07:40:02,"[190.23, 52]","[189.42, 62]","[241.46, 13]","[243.27, 26]",215.85,153,51.23,0.49
07:40:03,"[189.83, 35]","[187.97, 37]","[239.08, 53]","[242.4, 25]",214.45,150,49.25,-0.04
07:40:04,"[188.0, 36]","[187.0, 12]","[230.56, 50]","[234.72, 32]",209.28,130,42.56,-0.26
07:40:05,"[189.06, 16]","[186.28, 25]","[221.0, 40]","[222.0, 40]",205.03,121,31.94,-0.32
07:40:06,"[194.0, 13]","[187.0, 13]","[219.0, 17]","[221.08, 65]",206.5,108,25.0,-0.52
07:40:07,"[194.0, 13]","[188.76, 68]","[213.58, 57]","[214.0, 45]",203.79,183,19.58,-0.11
07:40:08,"[188.63, 19]","[186.03, 33]","[210.0, 17]","[211.0, 37]",199.32,106,21.37,-0.02
07:40:09,"[188.5, 12]","[186.0, 20]","[208.23, 56]","[208.39, 28]",198.37,116,19.73,-0.45
07:40:10,"[189.0, 15]","[186.0, 30]","[203.79, 39]","[205.0, 51]",196.4,135,14.79,-0.33
07:40:11,"[188.5, 18]","[185.64, 22]","[200.75, 12]","[203.81, 48]",194.62,100,12.25,-0.2
07:40:12,"[191.0, 43]","[187.07, 14]","[197.19, 42]","[199.03, 30]",194.1,129,6.19,-0.12
07:40:13,"[190.14, 28]","[186.91, 22]","[195.08, 38]","[195.38, 42]",192.61,130,4.94,-0.23
07:40:14,"[187.0, 27]","[186.0, 9]","[190.16, 25]","[192.38, 29]",188.58,90,3.16,-0.2
07:40:15,"[187.99, 144]","[186.97, 30]","[212.34, 67]","[281.48, 31]",200.16,272,24.36,0.28
07:40:16,"[188.57, 58]","[187.0, 24]","[304.68, 41]","[325.37, 54]",246.63,177,116.11,-0.07
07:40:17,"[190.17, 48]","[187.86, 28]","[245.18, 33]","[324.44, 48]",217.67,157,55.02,-0.03
07:40:18,"[193.69, 64]","[191.87, 106]","[237.8, 64]","[320.1, 60]",215.74,294,44.11,0.16
07:40:19,"[194.0, 32]","[193.0, 32]","[243.0, 24]","[320.0, 24]",218.5,112,49.0,0.14
07:40:20,"[194.0, 40]","[193.0, 40]","[237.0, 30]","[239.5, 30]",215.5,140,43.0,0.14
07:40:21,"[194.0, 40]","[193.0, 40]","[233.83, 23]","[234.79, 28]",213.91,131,39.83,0.22
07:40:22,"[194.0, 52]","[193.0, 52]","[232.0, 27]","[233.16, 38]",213.0,169,38.0,0.23
07:40:23,"[194.0, 72]","[193.0, 72]","[228.12, 34]","[231.69, 52]",211.06,230,34.12,0.25
07:40:24,"[194.0, 60]","[193.0, 60]","[221.54, 26]","[230.05, 37]",207.77,183,27.54,0.31
07:40:25,"[194.0, 48]","[193.0, 48]","[217.18, 34]","[221.23, 26]",205.59,156,23.18,0.23
07:40:26,"[194.0, 56]","[193.0, 56]","[217.0, 42]","[218.0, 28]",205.5,182,23.0,0.23
07:40:27,"[194.0, 48]","[193.0, 48]","[215.73, 30]","[216.86, 28]",204.87,154,21.73,0.25
07:40:28,"[193.08, 52]","[192.08, 52]","[209.86, 29]","[210.92, 36]",201.47,169,16.79,0.23
07:40:29,"[193.0, 52]","[192.0, 52]","[206.06, 36]","[207.45, 29]",199.53,169,13.06,0.23
07:40:30,"[192.79, 56]","[191.88, 50]","[201.14, 36]","[202.65, 31]",196.96,173,8.35,0.23
07:40:31,"[192.2, 55]","[191.15, 26]","[196.48, 29]","[198.17, 24]",194.34,134,4.28,0.21
07:40:32,"[193.0, 95]","[192.0, 36]","[194.91, 23]","[195.91, 22]",193.96,176,1.91,0.49
07:40:33,"[192.94, 64]","[191.94, 34]","[194.92, 26]","[336.16, 19]",193.93,143,1.99,0.37
07:40:34,"[193.66, 59]","[192.13, 46]","[221.98, 43]","[403.69, 29]",207.82,177,28.32,0.19
07:40:35,"[194.0, 16]","[192.0, 32]","[321.95, 19]","[537.15, 13]",257.97,80,127.95,0.2
07:40:36,"[192.5, 16]","[191.57, 14]","[234.71, 21]","[611.33, 6]",213.61,57,42.21,0.05
07:40:37,"[192.0, 58]","[191.0, 24]","[202.05, 57]","[242.55, 44]",197.03,183,10.05,-0.1
07:40:38,"[192.0, 36]","[191.0, 22]","[195.55, 44]","[199.55, 55]",193.77,157,3.55,-0.26
07:40:39,"[191.26, 19]","[190.22, 27]","[193.2, 50]","[199.47, 47]",192.23,143,1.94,-0.36
07:40:40,"[191.0, 20]","[190.0, 30]","[192.53, 38]","[197.71, 42]",191.76,130,1.53,-0.23
07:40:41,"[190.12, 24]","[189.12, 16]","[191.4, 30]","[192.53, 38]",190.76,108,1.28,-0.26
07:40:42,"[188.4, 15]","[187.04, 25]","[189.91, 33]","[191.03, 35]",189.15,108,1.51,-0.26
07:40:43,"[186.62, 13]","[183.58, 31]","[188.59, 22]","[354.09, 44]",187.6,110,1.98,-0.2
07:40:44,"[183.0, 50]","[162.0, 10]","[184.8, 15]","[189.34, 32]",183.9,107,1.8,0.12
07:40:45,"[183.0, 57]","[148.57, 21]","[184.31, 52]","[185.21, 58]",183.65,188,1.31,-0.17
07:40:46,"[183.0, 39]","[122.82, 17]","[184.0, 20]","[185.0, 62]",183.5,138,1.0,-0.19
07:40:47,"[183.14, 28]","[131.38, 16]","[184.8, 20]","[229.17, 48]",183.97,112,1.66,-0.21
07:40:48,"[182.42, 19]","[161.46, 13]","[219.39, 33]","[313.09, 44]",200.91,109,36.97,-0.41
07:40:49,"[183.2, 15]","[157.42, 12]","[276.0, 30]","[341.92, 26]",229.6,83,92.8,-0.35
07:40:50,"[180.72, 25]","[130.67, 9]","[277.33, 39]","[453.61, 36]",229.03,109,96.61,-0.38
07:40:51,"[187.06, 49]","[184.77, 26]","[288.0, 55]","[436.35, 34]",237.53,164,100.94,-0.09
07:40:52,"[187.38, 16]","[186.65, 17]","[326.2, 25]","[380.75, 8]",256.79,66,138.82,0.0
07:40:53,"[187.91, 22]","[186.93, 54]","[290.82, 55]","[470.47, 17]",239.36,148,102.91,0.03
07:40:54,"[188.45, 22]","[186.07, 30]","[249.0, 40]","[326.0, 8]",218.73,100,60.55,0.04
07:40:55,"[191.0, 35]","[187.0, 20]","[326.0, 10]","[441.0, 40]",258.5,105,135.0,0.05
07:40:56,"[191.0, 36]","[187.0, 20]","[276.86, 14]","[531.31, 26]",233.93,96,85.86,0.17
07:40:57,"[191.0, 54]","[187.0, 28]","[326.39, 18]","[428.33, 36]",258.69,136,135.39,0.21
07:40:58,"[190.96, 25]","[188.67, 18]","[527.08, 26]","[543.31, 29]",359.02,98,336.12,-0.12
07:40:59,"[191.9, 63]","[188.5, 12]","[330.33, 45]","[451.4, 43]",261.12,163,138.43,-0.08
07:41:00,"[192.0, 77]","[190.0, 8]","[197.88, 34]","[390.0, 26]",194.94,145,5.88,0.17
07:41:01,"[192.0, 64]","[190.0, 13]","[194.67, 36]","[197.4, 50]",193.33,163,2.67,-0.06
07:41:02,"[191.85, 39]","[187.55, 49]","[193.11, 38]","[206.71, 21]",192.48,147,1.26,0.2
07:41:03,"[187.14, 66]","[186.18, 44]","[195.0, 20]","[377.0, 50]",191.07,180,7.86,0.22
07:41:04,"[192.0, 105]","[187.0, 98]","[194.57, 28]","[386.11, 38]",193.29,269,2.57,0.51
07:41:05,"[192.0, 117]","[187.0, 104]","[228.06, 34]","[380.84, 25]",210.03,280,36.06,0.58
07:41:06,"[192.0, 63]","[187.91, 70]","[352.36, 33]","[422.0, 24]",272.18,190,160.36,0.4
07:41:07,"[192.2, 60]","[188.29, 69]","[390.0, 28]","[444.29, 35]",291.1,192,197.8,0.34
07:41:08,"[194.0, 37]","[192.0, 35]","[225.0, 14]","[435.37, 27]",209.5,113,31.0,0.27
07:41:09,"[193.56, 45]","[191.03, 66]","[345.0, 36]","[455.97, 31]",269.28,178,151.44,0.25
07:41:10,"[192.0, 35]","[188.0, 56]","[403.88, 16]","[429.62, 26]",297.94,133,211.88,0.37
07:41:11,"[192.0, 30]","[188.0, 48]","[402.0, 12]","[420.0, 24]",297.0,114,210.0,0.37
07:41:12,"[192.0, 50]","[188.0, 80]","[385.27, 22]","[444.56, 36]",288.64,188,193.27,0.38
07:41:13,"[192.0, 40]","[188.03, 89]","[355.41, 29]","[387.86, 28]",273.71,186,163.41,0.39
07:41:14,"[192.0, 7]","[188.0, 56]","[236.0, 14]","[263.0, 7]",214.0,84,44.0,0.5
07:41:15,"[192.0, 38]","[188.0, 124]","[234.86, 28]","[269.75, 16]",213.43,206,42.86,0.57
07:41:16,"[192.0, 16]","[188.0, 100]","[233.24, 21]","[335.78, 23]",212.62,160,41.24,0.45
07:41:17,"[192.0, 11]","[188.0, 102]","[230.0, 27]","[232.64, 25]",211.0,165,38.0,0.37
07:41:18,"[187.31, 113]","[187.05, 55]","[230.3, 30]","[233.0, 20]",208.8,218,42.99,0.54
07:41:19,"[187.0, 498]","[186.0, 75]","[227.65, 34]","[229.33, 36]",207.32,643,40.65,0.78
07:41:20,"[187.0, 292]","[186.0, 50]","[223.31, 26]","[224.45, 22]",205.15,390,36.31,0.75
07:41:21,"[187.02, 361]","[186.64, 151]","[220.23, 47]","[222.65, 34]",203.63,593,33.21,0.73
07:41:22,"[190.78, 215]","[188.67, 186]","[218.54, 67]","[219.31, 52]",204.66,520,27.76,0.54
07:41:23,"[193.5, 48]","[191.0, 60]","[213.71, 34]","[215.17, 24]",203.6,166,20.21,0.3
07:41:24,"[194.0, 14]","[191.06, 64]","[211.62, 42]","[212.1, 42]",202.81,162,17.62,-0.04
07:41:25,"[193.53, 17]","[191.72, 36]","[208.2, 54]","[210.27, 44]",200.87,151,14.67,-0.3
07:41:26,"[192.0, 20]","[191.0, 50]","[205.54, 41]","[207.09, 47]",198.77,158,13.54,-0.11
07:41:27,"[191.39, 57]","[190.22, 54]","[203.38, 55]","[204.83, 63]",197.38,229,12.0,-0.03
07:41:28,"[191.33, 90]","[189.53, 49]","[196.91, 70]","[198.14, 69]",194.12,278,5.58,0.0
07:41:29,"[191.7, 20]","[190.69, 39]","[193.9, 40]","[194.88, 41]",192.8,140,2.2,-0.16
07:41:30,"[188.46, 28]","[187.63, 43]","[201.7, 50]","[315.58, 48]",195.08,169,13.24,-0.16
07:41:31,"[188.0, 60]","[187.0, 52]","[244.02, 43]","[280.73, 60]",216.01,215,56.02,0.04
07:41:32,"[188.0, 44]","[187.0, 44]","[204.18, 33]","[209.42, 36]",196.09,157,16.18,0.12
07:41:33,"[188.0, 31]","[187.0, 28]","[191.32, 19]","[193.0, 21]",189.66,99,3.32,0.19
07:41:34,"[187.76, 33]","[186.6, 40]","[189.5, 16]","[191.35, 17]",188.63,106,1.74,0.38
07:41:35,"[187.0, 12]","[186.0, 32]","[189.5, 8]","[301.0, 12]",188.25,64,2.5,0.38
07:41:36,"[186.11, 54]","[185.44, 54]","[190.78, 18]","[209.0, 45]",188.44,171,4.67,0.26
07:41:37,"[186.26, 27]","[185.86, 65]","[189.62, 13]","[329.4, 50]",187.94,155,3.36,0.19
07:41:38,"[186.2, 60]","[185.6, 40]","[188.56, 18]","[281.02, 49]",187.38,167,2.36,0.2
07:41:39,"[186.0, 52]","[184.16, 25]","[187.06, 16]","[371.25, 44]",186.53,137,1.06,0.12
07:41:40,"[186.0, 35]","[183.0, 35]","[187.0, 14]","[460.0, 28]",186.5,112,1.0,0.25
07:41:41,"[186.0, 35]","[183.0, 31]","[187.0, 14]","[294.53, 34]",186.5,114,1.0,0.16
07:41:42,"[186.0, 45]","[183.0, 32]","[187.0, 18]","[318.67, 45]",186.5,140,1.0,0.1
07:41:43,"[184.63, 35]","[175.78, 54]","[187.0, 14]","[231.14, 35]",185.81,138,2.37,0.29
07:41:44,"[183.62, 32]","[181.86, 35]","[218.43, 42]","[280.67, 45]",201.03,154,34.8,-0.13
07:41:45,"[182.2, 25]","[180.81, 31]","[266.57, 35]","[513.29, 35]",224.39,126,84.37,-0.11
07:41:46,"[187.67, 15]","[180.83, 30]","[546.0, 30]","[637.33, 30]",366.83,105,358.33,-0.14
07:41:47,"[191.17, 12]","[182.38, 29]","[446.14, 35]","[589.43, 35]",318.65,111,254.98,-0.26
07:41:48,"[192.5, 6]","[191.0, 12]","[296.95, 22]","[357.58, 26]",244.73,66,104.45,-0.45
07:41:49,"[193.0, 10]","[191.0, 20]","[273.03, 35]","[482.61, 44]",233.01,109,80.03,-0.45
07:41:50,"[193.0, 8]","[191.0, 16]","[257.6, 30]","[288.08, 26]",225.3,80,64.6,-0.4
07:41:51,"[189.61, 23]","[186.17, 46]","[221.17, 46]","[270.47, 34]",205.39,149,31.57,-0.07
07:41:52,"[187.0, 33]","[183.29, 63]","[190.64, 33]","[312.43, 47]",188.82,176,3.64,0.09
07:41:53,"[187.0, 39]","[182.14, 35]","[189.15, 39]","[224.05, 40]",188.08,153,2.15,-0.03
07:41:54,"[187.0, 22]","[181.0, 50]","[188.0, 30]","[262.0, 40]",187.5,142,1.0,0.01
07:41:55,"[181.05, 21]","[179.67, 27]","[187.9, 30]","[262.0, 40]",184.47,118,6.85,-0.19
07:41:56,"[180.14, 29]","[178.5, 24]","[244.88, 40]","[397.64, 44]",212.51,137,64.74,-0.23
07:41:57,"[182.0, 4]","[180.25, 8]","[184.0, 8]","[412.47, 17]",183.0,37,2.0,-0.35
07:41:58,"[181.23, 13]","[180.09, 33]","[184.0, 26]","[185.0, 26]",182.62,98,2.77,-0.06
07:41:59,"[181.0, 9]","[180.0, 27]","[184.06, 17]","[185.71, 21]",182.53,74,3.06,-0.03
07:42:00,"[181.0, 11]","[180.0, 33]","[184.41, 17]","[187.69, 39]",182.71,100,3.41,-0.12
07:42:01,"[182.0, 23]","[180.83, 23]","[199.23, 43]","[269.53, 43]",190.62,132,17.23,-0.3
07:42:02,"[183.44, 18]","[177.46, 24]","[313.14, 70]","[408.19, 54]",248.29,166,129.7,-0.49
07:42:03,"[189.27, 49]","[180.81, 31]","[320.0, 35]","[359.0, 21]",254.63,136,130.73,0.18
07:42:04,"[192.0, 30]","[188.0, 39]","[320.0, 15]","[359.0, 9]",256.0,93,128.0,0.48
07:42:05,"[192.0, 65]","[188.0, 104]","[380.38, 32]","[497.46, 37]",286.19,238,188.38,0.42
07:42:06,"[192.0, 69]","[188.0, 156]","[323.5, 48]","[353.33, 36]",257.75,309,131.5,0.46
07:42:07,"[192.0, 48]","[188.0, 104]","[250.08, 38]","[269.4, 30]",221.04,220,58.08,0.38
07:42:08,"[192.71, 34]","[189.52, 105]","[249.0, 65]","[313.0, 35]",220.85,239,56.29,0.16
07:42:09,"[192.0, 30]","[188.0, 78]","[248.17, 30]","[492.17, 12]",220.08,150,56.17,0.44
07:42:10,"[192.0, 35]","[188.0, 91]","[231.44, 32]","[346.76, 25]",211.72,183,39.44,0.38
07:42:11,"[190.32, 62]","[188.0, 84]","[216.25, 60]","[366.52, 21]",203.29,227,25.93,0.29
07:42:12,"[189.0, 136]","[188.0, 221]","[214.32, 77]","[327.23, 62]",201.66,496,25.32,0.44
07:42:13,"[190.0, 88]","[188.0, 143]","[210.79, 53]","[213.73, 37]",200.4,321,20.79,0.44
07:42:14,"[190.0, 53]","[188.0, 91]","[210.68, 25]","[212.39, 31]",200.34,200,20.68,0.44
07:42:15,"[190.0, 44]","[188.0, 156]","[206.64, 44]","[207.69, 52]",198.32,296,16.64,0.35
07:42:16,"[190.0, 66]","[187.97, 100]","[202.2, 46]","[203.33, 52]",196.1,264,12.2,0.26
07:42:17,"[190.0, 120]","[188.0, 45]","[197.47, 75]","[198.8, 80]",193.73,320,7.47,0.03
07:42:18,"[190.0, 97]","[188.0, 42]","[191.64, 70]","[193.21, 70]",190.82,279,1.64,-0.0
07:42:19,"[188.71, 28]","[187.25, 24]","[190.0, 40]","[191.08, 39]",189.36,131,1.29,-0.21
07:42:20,"[187.0, 52]","[186.0, 180]","[188.7, 100]","[258.52, 33]",187.85,365,1.7,0.27
07:42:21,"[187.0, 9]","[186.0, 81]","[188.0, 31]","[294.0, 9]",187.5,130,1.0,0.38
07:42:22,"[191.3, 23]","[188.76, 54]","[309.81, 21]","[313.59, 17]",250.56,115,118.51,0.34
07:42:23,"[192.61, 18]","[191.85, 66]","[258.0, 22]","[317.24, 21]",225.31,127,65.39,0.32
07:42:24,"[187.56, 9]","[185.12, 33]","[250.32, 25]","[311.0, 20]",218.94,87,62.76,-0.03
07:42:25,"[192.0, 14]","[187.0, 17]","[249.0, 30]","[304.94, 32]",220.5,93,57.0,-0.33
07:42:26,"[192.0, 12]","[189.0, 30]","[195.12, 56]","[359.17, 23]",193.56,121,3.12,-0.31
07:42:27,"[192.0, 4]","[190.0, 16]","[193.25, 20]","[510.56, 9]",192.62,49,1.25,-0.18
07:42:28,"[190.0, 30]","[187.0, 36]","[333.5, 32]","[483.15, 26]",261.75,124,143.5,0.06
07:42:29,"[190.0, 96]","[187.0, 48]","[292.04, 27]","[354.11, 36]",241.02,207,102.04,0.39
07:42:30,"[190.0, 195]","[188.24, 21]","[329.09, 46]","[380.32, 37]",259.54,299,139.09,0.44
07:42:31,"[190.0, 117]","[187.13, 30]","[217.27, 33]","[274.0, 30]",203.64,210,27.27,0.4
07:42:32,"[190.0, 91]","[187.69, 52]","[217.0, 28]","[231.12, 16]",203.5,187,27.0,0.53
07:42:33,"[190.0, 88]","[188.0, 96]","[216.75, 32]","[297.64, 22]",203.38,238,26.75,0.55
07:42:34,"[190.0, 110]","[188.0, 120]","[216.0, 40]","[329.59, 27]",203.0,297,26.0,0.55
07:42:35,"[190.0, 99]","[188.0, 144]","[213.75, 48]","[287.62, 26]",201.88,317,23.75,0.53
07:42:36,"[190.91, 85]","[189.76, 100]","[211.17, 48]","[406.12, 34]",201.04,267,20.26,0.39
07:42:37,"[191.0, 66]","[190.0, 88]","[207.87, 31]","[242.95, 37]",199.44,222,16.87,0.39
07:42:38,"[191.0, 36]","[190.0, 48]","[202.33, 15]","[205.44, 18]",196.67,117,11.33,0.44
07:42:39,"[191.39, 46]","[190.29, 102]","[199.72, 50]","[200.71, 48]",195.56,246,8.33,0.2
07:42:40,"[190.42, 72]","[189.01, 158]","[197.5, 64]","[198.43, 56]",193.96,350,7.08,0.31
07:42:41,"[190.28, 87]","[188.53, 159]","[194.5, 44]","[195.93, 54]",192.39,344,4.22,0.43
07:42:42,"[188.56, 68]","[187.76, 68]","[192.0, 24]","[202.08, 25]",190.28,185,3.44,0.47
07:42:43,"[188.0, 118]","[187.0, 37]","[193.42, 24]","[198.0, 18]",190.71,197,5.42,0.57
07:42:44,"[188.0, 54]","[187.0, 36]","[193.6, 15]","[226.44, 9]",190.8,114,5.6,0.58
07:42:45,"[190.42, 52]","[187.88, 65]","[196.0, 12]","[379.42, 31]",193.21,160,5.58,0.46
07:42:46,"[190.67, 64]","[188.17, 36]","[196.0, 8]","[417.0, 24]",193.34,132,5.33,0.52
07:42:47,"[191.8, 55]","[190.57, 28]","[196.0, 13]","[327.54, 37]",193.9,133,4.2,0.25
07:42:48,"[191.62, 26]","[188.73, 33]","[196.0, 9]","[241.14, 21]",193.81,89,4.38,0.33
07:42:49,"[191.0, 18]","[188.0, 45]","[196.0, 9]","[210.0, 27]",193.5,99,5.0,0.27
07:42:50,"[188.0, 24]","[187.0, 18]","[361.94, 16]","[479.25, 16]",274.97,74,173.94,0.14
07:42:51,"[188.0, 12]","[187.0, 18]","[257.33, 18]","[389.5, 18]",222.67,66,69.33,-0.09
07:42:52,"[188.0, 5]","[187.0, 15]","[219.21, 19]","[367.33, 9]",203.61,48,31.21,-0.17
07:42:53,"[188.0, 7]","[187.0, 21]","[196.0, 35]","[455.88, 16]",192.0,79,8.0,-0.29
07:42:54,"[187.4, 5]","[186.11, 54]","[196.0, 25]","[414.33, 12]",191.7,96,8.6,0.23
07:42:55,"[189.67, 30]","[186.06, 68]","[196.0, 40]","[487.84, 19]",192.83,157,6.33,0.25
07:42:56,"[190.0, 56]","[187.0, 7]","[196.0, 35]","[483.0, 35]",193.0,133,6.0,-0.05
07:42:57,"[190.0, 64]","[187.0, 10]","[196.0, 35]","[530.14, 35]",193.0,144,6.0,0.03
07:42:58,"[190.0, 126]","[187.61, 41]","[196.0, 45]","[585.0, 45]",193.0,257,6.0,0.3
07:42:59,"[190.03, 72]","[188.62, 45]","[193.38, 16]","[195.11, 18]",191.7,151,3.35,0.55
07:43:00,"[190.1, 78]","[189.38, 81]","[192.1, 20]","[195.26, 35]",191.1,214,2.0,0.49
07:43:01,"[190.0, 101]","[188.0, 40]","[194.18, 22]","[283.0, 40]",192.09,203,4.18,0.39
07:43:02,"[190.0, 88]","[188.0, 40]","[198.0, 40]","[492.5, 40]",194.0,208,8.0,0.23
07:43:03,"[190.0, 78]","[188.0, 50]","[197.0, 20]","[198.3, 50]",193.5,198,7.0,0.29
07:43:04,"[190.0, 70]","[188.0, 50]","[196.0, 20]","[199.8, 50]",193.0,190,6.0,0.26
07:43:05,"[190.0, 42]","[188.0, 30]","[199.57, 21]","[315.58, 26]",194.79,119,9.57,0.21
07:43:06,"[190.0, 42]","[188.0, 30]","[200.71, 21]","[342.5, 24]",195.36,117,10.71,0.23
07:43:07,"[192.62, 84]","[189.81, 108]","[199.38, 32]","[200.75, 80]",196.0,304,6.76,0.26
07:43:08,"[194.0, 65]","[191.08, 25]","[199.0, 26]","[200.0, 65]",196.5,181,5.0,-0.01
07:43:09,"[194.0, 50]","[193.0, 10]","[199.0, 20]","[200.0, 50]",196.5,130,5.0,-0.08
07:43:10,"[194.0, 30]","[193.0, 6]","[197.33, 12]","[200.0, 30]",195.67,78,3.33,-0.08
07:43:11,"[192.77, 39]","[190.25, 61]","[196.46, 26]","[198.67, 54]",194.62,180,3.69,0.11
07:43:12,"[190.53, 17]","[189.59, 79]","[194.73, 22]","[195.97, 32]",192.63,150,4.2,0.28
07:43:13,"[189.67, 48]","[187.96, 83]","[192.18, 22]","[193.18, 22]",190.92,175,2.52,0.5
07:43:14,"[188.0, 72]","[187.0, 65]","[190.5, 20]","[195.19, 32]",189.25,189,2.5,0.45
07:43:15,"[188.0, 60]","[187.0, 80]","[190.1, 20]","[198.7, 50]",189.05,210,2.1,0.33
07:43:16,"[188.0, 60]","[187.0, 96]","[196.78, 45]","[396.75, 60]",192.39,261,8.78,0.2
07:43:17,"[188.0, 21]","[187.0, 72]","[189.0, 18]","[198.33, 45]",188.5,156,1.0,0.19
07:43:18,"[188.0, 5]","[187.0, 40]","[189.0, 10]","[198.8, 25]",188.5,80,1.0,0.12
07:43:19,"[187.28, 67]","[185.51, 188]","[196.7, 46]","[268.09, 55]",191.99,356,9.41,0.43
07:43:20,"[192.84, 102]","[189.15, 53]","[196.25, 48]","[199.0, 80]",194.55,283,3.41,0.1
07:43:21,"[193.0, 91]","[191.0, 26]","[196.0, 39]","[199.0, 65]",194.5,221,3.0,0.06
07:43:22,"[193.0, 90]","[191.0, 28]","[194.57, 42]","[197.5, 56]",193.79,216,1.57,0.09
07:43:23,"[191.44, 18]","[189.36, 22]","[243.17, 18]","[304.0, 30]",217.31,88,51.72,-0.09
07:43:24,"[191.46, 39]","[189.92, 39]","[199.27, 15]","[205.58, 24]",195.36,117,7.81,0.33
07:43:25,"[191.0, 27]","[189.0, 27]","[198.56, 9]","[200.0, 18]",194.78,81,7.56,0.33
07:43:26,"[190.0, 36]","[187.2, 180]","[194.67, 36]","[200.05, 21]",192.33,273,4.67,0.58
07:43:27,"[189.0, 33]","[187.0, 297]","[197.64, 11]","[200.0, 22]",193.32,363,8.64,0.82
07:43:28,"[189.0, 36]","[187.0, 324]","[197.0, 12]","[199.17, 24]",193.0,396,8.0,0.82
07:43:29,"[189.0, 28]","[187.0, 324]","[197.0, 12]","[199.0, 24]",193.0,388,8.0,0.81
07:43:30,"[187.18, 112]","[186.98, 225]","[197.0, 15]","[199.0, 30]",192.09,382,9.82,0.76
07:43:31,"[187.0, 180]","[186.0, 9]","[196.78, 9]","[199.0, 18]",191.89,216,9.78,0.75
07:43:32,"[187.0, 200]","[186.0, 10]","[194.1, 20]","[195.85, 20]",190.55,250,7.1,0.68
07:43:33,"[187.0, 140]","[186.0, 7]","[191.29, 35]","[191.68, 19]",189.14,201,4.29,0.46
07:43:34,"[187.0, 260]","[186.0, 16]","[188.19, 80]","[192.19, 57]",187.59,413,1.19,0.34
07:43:35,"[187.0, 168]","[186.0, 14]","[196.39, 31]","[412.76, 63]",191.69,276,9.39,0.32
07:43:36,"[187.4, 60]","[186.96, 75]","[198.0, 18]","[276.22, 45]",192.7,198,10.6,0.36
07:43:37,"[190.62, 126]","[187.07, 172]","[196.58, 24]","[231.29, 28]",193.6,350,5.96,0.7
07:43:38,"[191.0, 110]","[187.0, 160]","[196.7, 10]","[199.4, 20]",193.85,300,5.7,0.8
07:43:39,"[187.0, 208]","[186.0, 130]","[196.0, 13]","[200.0, 26]",191.5,377,9.0,0.79
07:43:40,"[188.0, 13]","[187.0, 128]","[195.44, 9]","[200.0, 18]",191.72,168,7.44,0.68
07:43:41,"[191.2, 105]","[189.85, 108]","[195.0, 15]","[199.73, 30]",193.1,258,3.8,0.65
07:43:42,"[192.0, 19]","[191.0, 100]","[194.4, 10]","[198.1, 20]",193.2,149,2.4,0.6
07:43:43,"[192.0, 5]","[191.0, 50]","[193.8, 5]","[199.0, 10]",192.9,70,1.8,0.57
07:43:44,"[191.86, 28]","[190.67, 96]","[199.0, 20]","[229.0, 26]",195.43,170,7.14,0.46
07:43:45,"[194.0, 7]","[191.0, 70]","[199.0, 14]","[257.57, 7]",196.5,98,5.0,0.57
07:43:46,"[191.07, 45]","[190.22, 46]","[199.0, 14]","[241.0, 7]",195.03,112,7.93,0.62
07:43:47,"[191.0, 11]","[190.0, 66]","[199.0, 22]","[294.38, 40]",195.0,139,8.0,0.11
07:43:48,"[191.97, 80]","[190.52, 25]","[199.0, 30]","[388.48, 62]",195.49,197,7.03,0.07
07:43:49,"[192.0, 78]","[191.0, 13]","[199.0, 26]","[347.92, 65]",195.5,182,7.0,0.0
07:43:50,"[192.25, 72]","[191.0, 12]","[199.0, 24]","[439.37, 38]",195.62,146,6.75,0.15
07:43:51,"[193.86, 44]","[191.38, 16]","[199.0, 26]","[308.77, 39]",196.43,125,5.14,-0.04
07:43:52,"[194.0, 9]","[192.0, 18]","[199.0, 18]","[239.02, 43]",196.5,88,5.0,-0.39
07:43:53,"[194.0, 11]","[192.0, 22]","[242.56, 25]","[404.14, 35]",218.28,93,48.56,-0.29
07:43:54,"[194.0, 5]","[192.0, 34]","[256.32, 19]","[586.43, 21]",225.16,79,62.32,-0.01
07:43:55,"[194.0, 7]","[192.0, 14]","[199.0, 35]","[320.0, 21]",196.5,77,5.0,-0.45
07:43:56,"[194.0, 7]","[192.0, 14]","[199.0, 35]","[320.0, 21]",196.5,77,5.0,-0.45
07:43:57,"[194.0, 10]","[192.0, 20]","[197.5, 50]","[226.6, 50]",195.75,130,3.5,-0.54
07:43:58,"[190.86, 14]","[189.91, 46]","[195.56, 27]","[198.5, 30]",193.21,117,4.7,0.03
07:43:59,"[190.0, 126]","[188.81, 109]","[194.36, 56]","[196.0, 70]",192.18,361,4.36,0.3
07:44:00,"[189.84, 49]","[187.91, 69]","[191.75, 32]","[195.84, 49]",190.79,199,1.91,0.19
07:44:01,"[188.0, 52]","[187.0, 78]","[189.43, 49]","[197.93, 57]",188.71,236,1.43,0.1
07:44:02,"[188.0, 20]","[187.0, 30]","[189.0, 15]","[199.0, 25]",188.5,90,1.0,0.11
07:44:03,"[188.0, 30]","[187.0, 54]","[189.0, 27]","[199.0, 45]",188.5,156,1.0,0.08
07:44:04,"[187.12, 49]","[186.69, 26]","[197.16, 49]","[252.54, 39]",192.14,163,10.04,-0.08
07:44:05,"[186.62, 24]","[149.89, 37]","[197.42, 43]","[204.2, 49]",192.02,153,10.79,-0.2
07:44:06,"[186.08, 78]","[185.0, 48]","[197.0, 60]","[216.92, 24]",191.54,210,10.92,0.2
07:44:07,"[186.33, 48]","[151.82, 44]","[194.28, 47]","[245.69, 32]",190.3,171,7.94,0.08
07:44:08,"[185.0, 40]","[115.39, 46]","[195.94, 48]","[327.57, 14]",190.47,148,10.94,0.16
07:44:09,"[185.0, 24]","[113.81, 26]","[193.23, 26]","[194.91, 22]",189.12,98,8.23,0.02
07:44:10,"[185.0, 36]","[114.54, 37]","[193.0, 45]","[194.0, 27]",189.0,145,8.0,0.01
07:44:11,"[185.86, 21]","[169.52, 25]","[193.0, 35]","[194.0, 21]",189.43,102,7.14,-0.1
07:44:12,"[189.7, 20]","[188.04, 25]","[193.07, 43]","[196.22, 27]",191.38,115,3.37,-0.22
07:44:13,"[191.0, 28]","[188.0, 42]","[193.07, 42]","[214.0, 42]",192.04,154,2.07,-0.09
07:44:14,"[187.17, 41]","[185.16, 55]","[210.41, 44]","[391.88, 51]",198.79,191,23.24,0.01
07:44:15,"[191.3, 67]","[186.41, 37]","[195.0, 65]","[259.77, 43]",193.15,212,3.7,-0.02
07:44:16,"[190.0, 6]","[187.0, 18]","[193.72, 18]","[221.95, 21]",191.86,63,3.72,-0.24
07:44:17,"[188.76, 17]","[186.95, 65]","[192.33, 15]","[193.71, 51]",190.55,148,3.57,0.11
07:44:18,"[187.0, 80]","[186.0, 39]","[191.69, 13]","[194.0, 65]",189.35,197,4.69,0.21
07:44:19,"[187.0, 78]","[186.0, 36]","[189.62, 16]","[195.23, 44]",188.31,174,2.62,0.31
07:44:20,"[187.0, 48]","[186.0, 24]","[194.58, 24]","[199.28, 39]",190.79,135,7.58,0.07
07:44:21,"[187.71, 63]","[186.4, 45]","[194.0, 36]","[196.33, 60]",190.86,204,6.29,0.06
07:44:22,"[190.03, 36]","[186.65, 34]","[193.33, 54]","[196.5, 90]",191.68,214,3.31,-0.35
07:44:23,"[187.98, 45]","[187.23, 71]","[193.0, 42]","[196.0, 90]",190.49,248,5.02,-0.06
07:44:24,"[191.1, 10]","[189.03, 64]","[193.0, 21]","[196.0, 70]",192.05,165,1.9,-0.1
07:44:25,"[191.0, 14]","[189.0, 98]","[192.0, 28]","[196.0, 70]",191.5,210,1.0,0.07
07:44:26,"[189.3, 33]","[187.33, 79]","[191.67, 30]","[202.09, 44]",190.48,186,2.36,0.2
07:44:27,"[189.0, 70]","[186.15, 78]","[195.4, 50]","[286.6, 50]",192.2,248,6.4,0.19
07:44:28,"[189.0, 63]","[187.0, 27]","[195.83, 29]","[278.67, 45]",192.41,164,6.83,0.1
07:44:29,"[189.05, 42]","[187.88, 32]","[194.0, 8]","[196.0, 40]",191.52,122,4.95,0.21
07:44:30,"[189.0, 48]","[187.0, 30]","[194.0, 10]","[196.0, 50]",191.5,138,5.0,0.13
07:44:31,"[188.44, 48]","[186.71, 38]","[193.8, 10]","[199.33, 75]",191.12,171,5.36,0.01
07:44:32,"[188.0, 70]","[187.0, 30]","[191.2, 10]","[201.0, 50]",189.6,160,3.2,0.25
07:44:33,"[189.46, 82]","[187.66, 53]","[194.82, 33]","[262.89, 46]",192.14,214,5.35,0.26
07:44:34,"[191.0, 88]","[188.0, 77]","[193.36, 33]","[207.85, 52]",192.18,250,2.36,0.32
07:44:35,"[191.0, 62]","[188.0, 70]","[192.08, 39]","[197.09, 44]",191.54,215,1.08,0.23
07:44:36,"[191.0, 35]","[188.0, 35]","[193.67, 21]","[217.91, 23]",192.33,114,2.67,0.23
07:44:37,"[189.75, 24]","[187.89, 55]","[199.0, 45]","[430.56, 27]",194.38,151,9.25,0.05
07:44:38,"[188.0, 27]","[187.0, 18]","[199.0, 30]","[551.8, 15]",193.5,90,11.0,0.0
07:44:39,"[186.27, 37]","[185.36, 70]","[199.0, 40]","[521.67, 24]",192.64,171,12.73,0.25
07:44:40,"[186.0, 63]","[183.0, 35]","[198.87, 23]","[265.58, 31]",192.43,152,12.87,0.29
07:44:41,"[186.15, 93]","[183.67, 61]","[196.04, 57]","[197.95, 21]",191.09,232,9.88,0.33
07:44:42,"[186.65, 62]","[184.47, 38]","[194.45, 22]","[196.03, 62]",190.55,184,7.81,0.09
07:44:43,"[186.0, 99]","[183.0, 64]","[189.9, 20]","[190.69, 13]",187.95,196,3.9,0.66
07:44:44,"[186.47, 47]","[185.15, 113]","[189.0, 13]","[194.8, 50]",187.73,223,2.53,0.43
07:44:45,"[185.0, 70]","[184.21, 72]","[189.0, 13]","[195.77, 65]",187.0,220,4.0,0.29
07:44:46,"[185.0, 16]","[183.2, 20]","[189.0, 3]","[193.0, 15]",187.0,54,4.0,0.33
07:44:47,"[186.0, 44]","[184.0, 43]","[188.0, 11]","[192.55, 55]",187.0,153,2.0,0.14
07:44:48,"[183.58, 24]","[182.26, 43]","[186.67, 9]","[193.33, 45]",185.12,121,3.08,0.11
07:44:49,"[183.0, 35]","[179.0, 28]","[185.14, 7]","[195.14, 35]",184.07,105,2.14,0.2
07:44:50,"[184.0, 8]","[183.0, 25]","[193.46, 13]","[289.22, 23]",188.73,69,9.46,-0.04
07:44:51,"[179.38, 24]","[178.22, 23]","[189.5, 40]","[258.15, 41]",184.44,128,10.12,-0.27
07:44:52,"[182.67, 21]","[181.73, 15]","[192.29, 56]","[303.69, 52]",187.48,144,9.62,-0.5
07:44:53,"[184.92, 26]","[183.43, 14]","[191.92, 26]","[195.16, 38]",188.42,104,7.0,-0.23
07:44:54,"[186.53, 34]","[185.13, 39]","[189.15, 27]","[194.31, 58]",187.84,158,2.62,-0.08
07:44:55,"[185.89, 18]","[182.92, 26]","[187.76, 55]","[193.57, 72]",186.83,171,1.87,-0.49
07:44:56,"[182.0, 9]","[181.0, 36]","[184.75, 32]","[185.74, 19]",183.38,96,2.75,-0.06
07:44:57,"[182.0, 9]","[179.4, 20]","[184.0, 24]","[186.0, 12]",183.0,65,2.0,-0.11
07:44:58,"[182.0, 13]","[179.0, 26]","[185.0, 26]","[187.0, 13]",183.5,78,3.0,0.0
07:44:59,"[182.0, 8]","[179.0, 16]","[186.0, 8]","[234.62, 40]",184.0,72,4.0,-0.33
07:45:00,"[182.0, 4]","[179.0, 8]","[184.0, 4]","[202.5, 20]",183.0,36,2.0,-0.33
07:45:01,"[183.4, 200]","[181.9, 125]","[189.69, 32]","[280.37, 68]",186.54,425,6.29,0.53
07:45:02,"[190.0, 215]","[179.0, 31]","[347.4, 30]","[422.83, 48]",268.7,324,157.4,0.52
07:45:03,"[191.0, 26]","[190.0, 176]","[303.0, 44]","[361.47, 53]",247.0,299,112.0,0.35
07:45:04,"[190.02, 123]","[189.67, 72]","[268.72, 43]","[326.56, 34]",229.37,272,78.7,0.43
07:45:05,"[190.0, 120]","[189.0, 24]","[217.75, 32]","[251.19, 31]",203.88,207,27.75,0.39
07:45:06,"[190.0, 22]","[189.0, 6]","[192.0, 8]","[267.0, 6]",191.0,42,2.0,0.33
07:45:07,"[190.0, 77]","[182.75, 16]","[192.0, 28]","[285.34, 32]",191.0,153,2.0,0.22
07:45:08,"[190.0, 72]","[186.5, 8]","[192.0, 28]","[294.43, 35]",191.0,143,2.0,0.12
07:45:09,"[190.0, 36]","[189.0, 6]","[192.0, 24]","[245.45, 20]",191.0,86,2.0,-0.02
07:45:10,"[190.08, 39]","[189.75, 24]","[192.0, 36]","[223.0, 27]",191.04,126,1.92,0.0
07:45:11,"[191.0, 7]","[190.0, 42]","[192.0, 28]","[432.61, 28]",191.5,105,1.0,-0.07
07:45:12,"[191.0, 7]","[190.0, 42]","[192.0, 28]","[394.0, 35]",191.5,112,1.0,-0.12
07:45:13,"[190.57, 14]","[189.96, 50]","[192.0, 40]","[352.0, 50]",191.29,154,1.43,-0.17
07:45:14,"[190.25, 16]","[189.75, 16]","[192.0, 32]","[352.0, 40]",191.12,104,1.75,-0.38
07:45:15,"[189.67, 18]","[187.91, 11]","[336.5, 20]","[430.19, 26]",263.08,75,146.83,-0.23
07:45:16,"[186.22, 45]","[183.4, 25]","[339.25, 32]","[420.13, 46]",262.74,148,153.03,-0.05
07:45:17,"[186.0, 24]","[181.0, 9]","[249.0, 6]","[409.0, 15]",217.5,54,63.0,0.22
07:45:18,"[186.0, 48]","[181.0, 18]","[330.17, 24]","[412.82, 28]",258.08,118,144.17,0.12
07:45:19,"[186.0, 48]","[181.0, 18]","[278.0, 24]","[559.15, 13]",232.0,103,92.0,0.28
07:45:20,"[188.15, 13]","[186.13, 46]","[449.11, 18]","[544.71, 35]",318.63,112,260.96,0.05
07:45:21,"[189.5, 20]","[186.26, 54]","[233.08, 26]","[273.88, 32]",211.29,132,43.58,0.12
07:45:22,"[189.33, 30]","[186.92, 104]","[195.37, 38]","[197.17, 36]",192.35,208,6.04,0.29
07:45:23,"[190.53, 38]","[188.31, 64]","[192.21, 28]","[193.21, 28]",191.37,158,1.69,0.29
07:45:24,"[188.66, 41]","[186.65, 123]","[190.83, 24]","[425.98, 45]",189.75,233,2.17,0.41
07:45:25,"[186.26, 108]","[185.53, 89]","[289.83, 24]","[476.74, 46]",238.05,267,103.57,0.48
07:45:26,"[186.14, 83]","[185.0, 45]","[268.14, 29]","[366.31, 26]",227.14,183,81.99,0.4
07:45:27,"[189.0, 16]","[187.0, 24]","[362.12, 26]","[460.39, 23]",275.56,89,173.12,-0.1
07:45:28,"[187.0, 26]","[186.0, 117]","[212.0, 65]","[444.69, 39]",199.5,247,25.0,0.16
07:45:29,"[187.14, 56]","[185.39, 49]","[198.67, 33]","[205.45, 33]",192.9,171,11.52,0.23
07:45:30,"[191.0, 72]","[185.79, 71]","[196.25, 48]","[200.0, 36]",193.62,227,5.25,0.26
07:45:31,"[191.0, 66]","[186.41, 51]","[195.64, 44]","[200.27, 33]",193.32,194,4.64,0.21
07:45:32,"[191.0, 42]","[187.95, 44]","[193.25, 16]","[194.78, 27]",192.12,129,2.25,0.33
07:45:33,"[191.0, 47]","[187.31, 67]","[192.64, 28]","[193.9, 40]",191.82,182,1.64,0.25
07:45:34,"[191.05, 21]","[187.27, 74]","[193.2, 50]","[194.6, 60]",192.12,205,2.15,-0.07
07:45:35,"[187.94, 139]","[186.85, 80]","[192.89, 45]","[194.83, 48]",190.41,312,4.95,0.4
07:45:36,"[188.44, 25]","[187.99, 156]","[191.42, 48]","[196.33, 48]",189.93,277,2.98,0.31
07:45:37,"[188.02, 184]","[187.52, 54]","[189.85, 47]","[197.0, 60]",188.94,345,1.83,0.38
07:45:38,"[188.0, 210]","[187.0, 30]","[189.0, 17]","[196.61, 76]",188.5,333,1.0,0.44
07:45:39,"[188.0, 98]","[187.0, 14]","[189.0, 7]","[195.97, 29]",188.5,148,1.0,0.51
07:45:40,"[188.0, 134]","[187.0, 20]","[196.3, 46]","[198.03, 58]",192.15,258,8.3,0.19
07:45:41,"[189.75, 120]","[187.87, 90]","[197.0, 84]","[199.0, 60]",193.38,354,7.25,0.19
07:45:42,"[193.0, 43]","[188.0, 91]","[197.0, 49]","[199.0, 35]",195.0,218,4.0,0.23
07:45:43,"[192.55, 73]","[188.49, 177]","[196.0, 32]","[197.92, 104]",194.27,386,3.45,0.3
07:45:44,"[193.75, 16]","[192.5, 24]","[196.0, 12]","[199.0, 47]",194.88,99,2.25,-0.19
07:45:45,"[190.23, 22]","[190.03, 58]","[196.0, 16]","[199.0, 56]",193.11,152,5.77,0.05
07:45:46,"[188.0, 66]","[187.0, 12]","[196.0, 12]","[199.0, 42]",192.0,132,8.0,0.18
07:45:47,"[188.0, 66]","[187.0, 12]","[194.0, 12]","[198.56, 36]",191.0,126,6.0,0.24
07:45:48,"[188.19, 77]","[187.74, 61]","[195.11, 36]","[197.77, 47]",191.65,221,6.92,0.25
07:45:49,"[188.03, 77]","[186.44, 32]","[196.49, 43]","[198.71, 42]",192.26,194,8.46,0.12
07:45:50,"[188.03, 37]","[186.52, 23]","[195.0, 10]","[197.0, 40]",191.51,110,6.97,0.09
07:45:51,"[188.0, 52]","[186.71, 28]","[193.82, 34]","[195.16, 45]",190.91,159,5.82,0.01
07:45:52,"[188.0, 40]","[186.33, 30]","[193.57, 35]","[194.12, 34]",190.79,139,5.57,0.01
07:45:53,"[190.89, 53]","[188.18, 34]","[192.47, 19]","[193.33, 45]",191.68,151,1.59,0.15
07:45:54,"[188.04, 54]","[185.24, 34]","[191.24, 21]","[192.37, 41]",189.64,150,3.2,0.17
07:45:55,"[188.0, 52]","[184.0, 32]","[189.0, 34]","[197.57, 40]",188.5,158,1.0,0.06
07:45:56,"[188.73, 74]","[185.94, 31]","[198.43, 35]","[201.64, 50]",193.58,190,9.7,0.11
07:45:57,"[190.0, 240]","[188.0, 61]","[199.0, 45]","[215.79, 56]",194.5,402,9.0,0.5
07:45:58,"[190.14, 224]","[188.0, 70]","[201.29, 49]","[226.33, 42]",195.71,385,11.14,0.53
07:45:59,"[191.88, 128]","[188.55, 22]","[203.0, 32]","[266.42, 19]",197.44,201,11.12,0.49
07:46:00,"[192.57, 224]","[189.0, 28]","[202.31, 58]","[238.95, 65]",197.44,375,9.74,0.34
07:46:01,"[194.31, 208]","[188.05, 42]","[199.0, 65]","[203.0, 52]",196.65,367,4.69,0.36
07:46:02,"[195.0, 189]","[188.0, 51]","[199.0, 60]","[204.0, 48]",197.0,348,4.0,0.38
07:46:03,"[195.0, 60]","[188.0, 42]","[198.45, 22]","[200.43, 28]",196.73,152,3.45,0.34
07:46:04,"[195.0, 97]","[188.75, 28]","[197.1, 30]","[200.0, 50]",196.05,205,2.1,0.22
07:46:05,"[195.0, 75]","[191.0, 11]","[198.02, 43]","[201.0, 46]",196.51,175,3.02,-0.02
07:46:06,"[195.0, 26]","[191.0, 13]","[200.77, 65]","[203.36, 55]",197.88,159,5.77,-0.51
07:46:07,"[194.76, 17]","[190.45, 11]","[200.0, 45]","[202.8, 30]",197.38,103,5.24,-0.46
07:46:08,"[192.71, 78]","[191.89, 28]","[199.75, 40]","[202.0, 16]",196.23,162,7.04,0.31
07:46:09,"[193.0, 86]","[191.71, 14]","[199.0, 30]","[201.5, 12]",196.0,142,6.0,0.41
07:46:10,"[193.13, 166]","[192.05, 19]","[199.0, 55]","[201.0, 22]",196.07,262,5.87,0.41
07:46:11,"[194.0, 123]","[193.0, 55]","[198.09, 55]","[200.45, 22]",196.05,255,4.09,0.4
07:46:12,"[194.0, 101]","[193.0, 50]","[196.9, 50]","[199.0, 20]",195.45,221,2.9,0.37
07:46:13,"[194.15, 78]","[193.04, 52]","[195.98, 56]","[199.63, 59]",195.07,245,1.83,0.06
07:46:14,"[195.0, 59]","[194.0, 14]","[196.92, 65]","[199.87, 60]",195.96,198,1.92,-0.26
07:46:15,"[195.0, 12]","[193.38, 24]","[199.0, 48]","[200.0, 24]",197.0,108,4.0,-0.33
07:46:16,"[195.0, 6]","[193.0, 30]","[199.0, 24]","[200.0, 12]",197.0,72,4.0,0.0
07:46:17,"[195.0, 10]","[193.0, 50]","[199.0, 40]","[200.0, 20]",197.0,120,4.0,0.0
07:46:18,"[195.0, 11]","[193.0, 55]","[198.77, 26]","[199.29, 34]",196.88,126,3.77,0.05
07:46:19,"[194.43, 7]","[192.67, 30]","[198.0, 6]","[199.0, 24]",196.21,67,3.57,0.1
07:46:20,"[193.0, 58]","[191.0, 55]","[198.0, 26]","[201.5, 24]",195.5,163,5.0,0.39
07:46:21,"[193.0, 14]","[191.0, 25]","[198.0, 17]","[202.0, 10]",195.5,66,5.0,0.18
07:46:22,"[191.68, 31]","[190.58, 57]","[198.0, 42]","[202.0, 28]",194.84,158,6.32,0.11
07:46:23,"[187.56, 45]","[186.36, 55]","[197.87, 31]","[201.43, 21]",192.71,152,10.32,0.32
07:46:24,"[188.0, 32]","[187.0, 32]","[196.43, 35]","[197.7, 23]",192.21,122,8.43,0.05
07:46:25,"[187.0, 32]","[185.0, 8]","[195.75, 32]","[197.0, 24]",191.38,96,8.75,-0.17
07:46:26,"[187.0, 44]","[185.0, 11]","[193.44, 43]","[194.65, 34]",190.22,132,6.44,-0.17
07:46:27,"[187.0, 32]","[185.0, 42]","[193.0, 32]","[194.0, 24]",190.0,130,6.0,0.14
07:46:28,"[185.89, 54]","[184.6, 87]","[192.18, 44]","[194.0, 33]",189.04,218,6.29,0.29
07:46:29,"[185.0, 66]","[184.0, 77]","[199.04, 25]","[262.32, 19]",192.02,187,14.04,0.53
07:46:30,"[185.0, 72]","[184.0, 84]","[198.73, 44]","[255.0, 22]",191.86,222,13.73,0.41
07:46:31,"[186.19, 93]","[184.87, 103]","[195.11, 36]","[221.37, 38]",190.65,270,8.92,0.45
07:46:32,"[190.0, 83]","[185.6, 60]","[194.0, 14]","[196.0, 28]",192.0,185,4.0,0.55
07:46:33,"[190.0, 154]","[185.0, 54]","[194.0, 18]","[196.0, 36]",192.0,262,4.0,0.59
07:46:34,"[190.91, 162]","[189.69, 292]","[194.0, 38]","[196.0, 76]",192.46,568,3.09,0.6
07:46:35,"[192.0, 39]","[190.0, 255]","[193.67, 36]","[197.11, 54]",192.83,384,1.67,0.53
07:46:36,"[192.3, 10]","[190.0, 170]","[194.0, 20]","[198.0, 40]",193.15,240,1.7,0.5
07:46:37,"[193.0, 8]","[190.0, 136]","[194.0, 16]","[198.0, 32]",193.5,192,1.0,0.5
07:46:38,"[190.15, 143]","[189.87, 127]","[194.0, 22]","[198.0, 60]",192.07,352,3.85,0.53
07:46:39,"[190.04, 89]","[189.86, 73]","[194.0, 9]","[198.0, 36]",192.02,207,3.96,0.57
07:46:40,"[190.04, 161]","[189.62, 136]","[193.33, 18]","[196.83, 36]",191.69,351,3.29,0.69
07:46:41,"[190.0, 53]","[187.0, 12]","[193.0, 4]","[195.0, 4]",191.5,73,3.0,0.78
07:46:42,"[190.0, 157]","[187.0, 45]","[192.6, 15]","[197.48, 21]",191.3,238,2.6,0.7
07:46:43,"[190.22, 92]","[188.96, 69]","[197.0, 13]","[199.62, 52]",193.61,226,6.78,0.42
07:46:44,"[191.62, 52]","[190.0, 117]","[196.31, 13]","[199.47, 34]",193.96,216,4.69,0.56
07:46:45,"[192.0, 36]","[190.0, 81]","[194.33, 9]","[197.0, 9]",193.17,135,2.33,0.73
07:46:46,"[192.0, 40]","[190.0, 90]","[193.7, 10]","[196.67, 12]",192.85,152,1.7,0.71
07:46:47,"[192.0, 33]","[190.0, 117]","[194.85, 13]","[202.42, 31]",193.42,194,2.85,0.55
07:46:48,"[190.0, 64]","[187.0, 24]","[194.53, 32]","[197.53, 19]",192.27,139,4.53,0.27
07:46:49,"[189.45, 33]","[186.79, 28]","[193.06, 34]","[195.67, 54]",191.26,149,3.6,-0.18
07:46:50,"[189.38, 58]","[186.57, 28]","[194.0, 42]","[197.0, 59]",191.69,187,4.62,-0.08
07:46:51,"[190.0, 66]","[188.67, 12]","[192.91, 33]","[197.0, 44]",191.45,155,2.91,0.01
07:46:52,"[190.0, 12]","[189.0, 4]","[197.5, 16]","[200.0, 4]",193.75,36,7.5,-0.11
07:46:53,"[190.0, 15]","[187.0, 10]","[198.0, 20]","[200.0, 5]",194.0,50,8.0,0.0
07:46:54,"[190.0, 27]","[187.0, 18]","[198.21, 24]","[248.4, 10]",194.1,79,8.21,0.14
07:46:55,"[187.69, 13]","[186.17, 12]","[198.0, 12]","[199.0, 11]",192.85,48,10.31,0.04
07:46:56,"[187.0, 12]","[186.0, 12]","[196.86, 14]","[197.71, 17]",191.93,55,9.86,-0.13
07:46:57,"[187.0, 10]","[186.0, 10]","[195.55, 11]","[196.81, 16]",191.27,47,8.55,-0.15
07:46:58,"[187.15, 13]","[186.08, 13]","[195.0, 26]","[197.0, 13]",191.08,65,7.85,-0.2
07:46:59,"[184.83, 24]","[183.05, 19]","[194.82, 17]","[196.4, 10]",189.83,70,9.99,0.23
07:47:00,"[185.0, 22]","[184.0, 17]","[193.64, 11]","[194.64, 11]",189.32,61,8.64,0.28
07:47:01,"[185.54, 28]","[184.19, 32]","[192.0, 15]","[193.4, 15]",188.77,90,6.46,0.33
07:47:02,"[185.86, 28]","[184.43, 14]","[190.73, 15]","[194.87, 15]",188.3,72,4.88,0.17
07:47:03,"[186.95, 20]","[185.89, 36]","[191.33, 49]","[192.53, 30]",189.14,135,4.38,-0.17
07:47:04,"[187.67, 15]","[184.8, 25]","[192.5, 24]","[280.0, 15]",190.08,79,4.83,0.01
07:47:05,"[191.0, 60]","[186.83, 12]","[194.0, 36]","[270.17, 36]",192.5,144,3.0,0.0
07:47:06,"[191.0, 40]","[188.0, 8]","[194.0, 24]","[343.0, 24]",192.5,96,3.0,0.0
07:47:07,"[191.0, 55]","[188.0, 11]","[194.0, 33]","[329.71, 38]",192.5,137,3.0,-0.04
07:47:08,"[191.0, 24]","[188.0, 10]","[194.0, 30]","[330.58, 31]",192.5,95,3.0,-0.28
07:47:09,"[187.89, 28]","[187.0, 13]","[194.0, 21]","[303.04, 25]",190.95,87,6.11,-0.06
07:47:10,"[187.0, 63]","[186.0, 9]","[194.0, 31]","[373.27, 33]",190.5,136,7.0,0.06
07:47:11,"[188.13, 55]","[186.63, 75]","[193.94, 36]","[593.05, 61]",191.04,227,5.82,0.15
07:47:12,"[190.0, 30]","[187.0, 55]","[191.87, 15]","[194.67, 21]",190.93,121,1.87,0.4
07:47:13,"[190.0, 10]","[187.0, 25]","[191.0, 10]","[198.0, 26]",190.5,71,1.0,-0.01
07:47:14,"[187.7, 27]","[186.56, 36]","[196.83, 36]","[369.98, 43]",192.27,142,9.13,-0.11
07:47:15,"[187.0, 7]","[186.0, 28]","[198.0, 42]","[296.0, 35]",192.5,112,11.0,-0.38
07:47:16,"[186.0, 10]","[184.0, 80]","[198.0, 30]","[269.43, 21]",192.0,141,12.0,0.28
07:47:17,"[186.0, 14]","[184.0, 112]","[198.0, 42]","[296.0, 35]",192.0,203,12.0,0.24
07:47:18,"[186.0, 18]","[184.0, 144]","[198.0, 54]","[296.48, 23]",192.0,239,12.0,0.36
07:47:19,"[184.2, 82]","[183.85, 68]","[198.0, 54]","[201.0, 9]",191.1,213,13.8,0.41
07:47:20,"[188.0, 8]","[184.0, 120]","[198.0, 48]","[234.41, 34]",193.0,210,10.0,0.22
07:47:21,"[188.98, 92]","[184.92, 39]","[198.0, 66]","[387.56, 41]",193.49,238,9.02,0.1
07:47:22,"[189.16, 126]","[188.0, 12]","[198.0, 72]","[448.38, 40]",193.58,250,8.84,0.1
07:47:23,"[190.72, 142]","[188.93, 43]","[197.84, 45]","[235.2, 46]",194.28,276,7.13,0.34
07:47:24,"[191.75, 80]","[185.6, 35]","[197.0, 15]","[198.0, 75]",194.38,205,5.25,0.12
07:47:25,"[192.0, 45]","[190.16, 25]","[197.0, 9]","[198.0, 45]",194.5,124,5.0,0.13
07:47:26,"[191.27, 74]","[190.57, 42]","[196.5, 10]","[198.0, 50]",193.89,176,5.23,0.32
07:47:27,"[191.0, 90]","[188.0, 10]","[193.75, 16]","[194.25, 24]",192.38,140,2.75,0.43
07:47:28,"[191.0, 99]","[188.0, 11]","[193.0, 11]","[194.0, 33]",192.0,154,2.0,0.43
07:47:29,"[191.0, 90]","[188.0, 10]","[193.43, 28]","[198.44, 27]",192.21,155,2.43,0.29
07:47:30,"[191.0, 107]","[188.0, 14]","[194.14, 42]","[234.9, 58]",192.57,221,3.14,0.1
07:47:31,"[191.0, 60]","[188.0, 12]","[199.0, 46]","[269.73, 44]",195.0,162,8.0,-0.11
07:47:32,"[191.0, 70]","[188.0, 14]","[199.0, 56]","[402.33, 46]",195.0,186,8.0,-0.1
07:47:33,"[191.0, 30]","[188.0, 6]","[199.0, 24]","[310.77, 26]",195.0,86,8.0,-0.16
07:47:34,"[191.38, 34]","[190.8, 74]","[199.0, 56]","[246.2, 50]",195.19,214,7.62,0.01
07:47:35,"[193.64, 11]","[191.0, 55]","[199.0, 44]","[242.65, 51]",196.32,161,5.36,-0.18
07:47:36,"[194.75, 8]","[191.5, 12]","[199.0, 16]","[216.0, 20]",196.88,56,4.25,-0.29
07:47:37,"[193.65, 20]","[190.78, 49]","[198.36, 56]","[243.75, 61]",196.0,186,4.71,-0.26
07:47:38,"[192.85, 54]","[190.52, 25]","[198.0, 64]","[199.0, 64]",195.43,207,5.15,-0.24
07:47:39,"[191.42, 12]","[190.15, 33]","[197.92, 48]","[199.0, 48]",194.67,141,6.5,-0.36
07:47:40,"[190.2, 56]","[189.9, 104]","[196.12, 64]","[198.51, 55]",193.16,279,5.93,0.15
07:47:41,"[190.0, 95]","[188.0, 11]","[193.82, 44]","[198.07, 29]",191.91,179,3.82,0.18
07:47:42,"[190.0, 128]","[188.0, 16]","[191.69, 64]","[199.0, 16]",190.84,224,1.69,0.29
07:47:43,"[190.0, 64]","[188.0, 11]","[197.44, 27]","[199.88, 17]",193.72,119,7.44,0.26
07:47:44,"[190.0, 104]","[188.0, 13]","[195.69, 39]","[197.15, 13]",192.85,169,5.69,0.38
07:47:45,"[190.0, 96]","[188.0, 16]","[193.88, 48]","[197.26, 34]",191.94,194,3.88,0.15
07:47:46,"[190.0, 56]","[188.0, 14]","[192.14, 42]","[195.0, 42]",191.07,154,2.14,-0.09
07:47:47,"[190.21, 19]","[187.71, 14]","[194.53, 17]","[197.39, 31]",192.37,81,4.32,-0.19
07:47:48,"[191.0, 48]","[190.0, 10]","[197.0, 10]","[198.0, 30]",194.0,98,6.0,0.18
07:47:49,"[191.61, 61]","[190.88, 34]","[197.0, 13]","[198.0, 39]",194.3,147,5.39,0.29
07:47:50,"[191.25, 24]","[190.0, 27]","[197.0, 9]","[198.0, 27]",194.12,87,5.75,0.17
07:47:51,"[188.5, 10]","[187.0, 10]","[197.0, 10]","[198.0, 30]",192.75,60,8.5,-0.33
07:47:52,"[188.0, 47]","[187.0, 8]","[197.0, 4]","[198.0, 12]",192.5,71,9.0,0.55
07:47:53,"[187.4, 40]","[184.88, 60]","[196.69, 13]","[197.96, 28]",192.05,141,9.29,0.42
07:47:54,"[188.88, 48]","[187.1, 40]","[195.1, 40]","[197.0, 10]",191.99,138,6.22,0.28
07:47:55,"[186.89, 62]","[184.71, 174]","[193.95, 80]","[196.84, 32]",190.42,348,7.06,0.36
07:47:56,"[185.0, 27]","[184.0, 214]","[192.7, 40]","[196.0, 10]",188.85,291,7.7,0.66
07:47:57,"[185.0, 51]","[184.0, 201]","[191.1, 42]","[192.1, 31]",188.05,325,6.1,0.55
07:47:58,"[185.0, 150]","[184.0, 130]","[190.47, 34]","[191.64, 28]",187.74,342,5.47,0.64
07:47:59,"[185.0, 119]","[184.0, 104]","[190.0, 32]","[194.38, 8]",187.5,263,5.0,0.7
07:48:00,"[185.0, 58]","[184.0, 65]","[189.0, 20]","[193.5, 8]",187.0,151,4.0,0.63
07:48:01,"[185.0, 80]","[184.0, 104]","[189.0, 32]","[193.0, 32]",187.0,248,4.0,0.48
07:48:02,"[185.0, 60]","[184.0, 78]","[188.83, 24]","[193.0, 24]",186.92,186,3.83,0.48
07:48:03,"[184.63, 176]","[182.48, 148]","[186.25, 64]","[188.64, 66]",185.44,454,1.62,0.43
07:48:04,"[185.0, 57]","[184.0, 79]","[187.43, 28]","[189.54, 13]",186.21,177,2.43,0.54
07:48:05,"[185.0, 56]","[184.0, 80]","[188.0, 32]","[192.0, 8]",186.5,176,3.0,0.55
07:48:06,"[185.54, 92]","[184.37, 95]","[188.0, 44]","[192.0, 11]",186.77,242,2.46,0.55
07:48:07,"[186.91, 110]","[185.94, 127]","[188.0, 52]","[192.0, 13]",187.45,302,1.09,0.57
07:48:08,"[186.48, 116]","[184.22, 172]","[188.79, 38]","[256.94, 17]",187.64,343,2.31,0.68
07:48:09,"[186.85, 52]","[185.11, 114]","[191.02, 46]","[193.1, 10]",188.93,222,4.18,0.5
07:48:10,"[186.47, 76]","[182.98, 115]","[191.4, 25]","[200.46, 13]",188.94,229,4.93,0.67
07:48:11,"[186.0, 28]","[182.0, 35]","[191.2, 5]","[194.2, 5]",188.6,73,5.2,0.73
07:48:12,"[186.0, 36]","[182.0, 70]","[188.37, 35]","[230.32, 25]",187.19,166,2.37,0.28
07:48:13,"[186.0, 15]","[182.0, 35]","[188.0, 15]","[626.4, 25]",187.0,90,2.0,0.11
07:48:14,"[186.0, 15]","[182.0, 35]","[187.2, 15]","[500.25, 16]",186.6,81,1.2,0.23
07:48:15,"[182.0, 63]","[180.0, 90]","[191.9, 20]","[453.38, 32]",186.95,205,9.9,0.49
07:48:16,"[182.0, 28]","[180.0, 40]","[194.0, 8]","[446.75, 16]",188.0,92,12.0,0.48
07:48:17,"[183.0, 16]","[182.0, 42]","[194.0, 12]","[243.0, 24]",188.5,94,11.0,0.23
07:48:18,"[188.64, 28]","[182.45, 69]","[193.33, 36]","[223.67, 36]",190.99,169,4.69,0.15
07:48:19,"[189.8, 30]","[184.2, 90]","[192.72, 36]","[196.14, 21]",191.26,177,2.92,0.36
07:48:20,"[191.42, 78]","[184.56, 81]","[193.0, 24]","[194.0, 24]",192.21,207,1.58,0.54
07:48:21,"[192.0, 60]","[189.0, 24]","[194.25, 16]","[440.65, 23]",193.12,123,2.25,0.37
07:48:22,"[192.12, 34]","[190.85, 39]","[195.0, 18]","[294.91, 33]",193.56,124,2.88,0.18
07:48:23,"[192.08, 39]","[190.5, 36]","[257.12, 33]","[316.4, 25]",224.6,133,65.04,0.13
07:48:24,"[192.0, 78]","[189.0, 39]","[236.84, 31]","[581.21, 33]",214.42,181,44.84,0.29
07:48:25,"[192.0, 66]","[189.0, 39]","[196.0, 39]","[515.72, 25]",194.0,169,4.0,0.24
07:48:26,"[192.0, 22]","[189.0, 33]","[196.0, 33]","[447.22, 45]",194.0,133,4.0,-0.17
07:48:27,"[191.4, 90]","[184.74, 69]","[196.0, 45]","[432.54, 39]",193.7,243,4.6,0.31
07:48:28,"[192.0, 80]","[189.0, 26]","[196.0, 24]","[459.43, 14]",194.0,144,4.0,0.47
07:48:29,"[192.0, 130]","[189.0, 39]","[196.0, 39]","[358.35, 37]",194.0,245,4.0,0.38
07:48:30,"[192.0, 78]","[185.57, 49]","[196.0, 33]","[369.19, 31]",194.0,191,4.0,0.33
07:48:31,"[192.0, 36]","[189.0, 6]","[196.0, 18]","[332.0, 12]",194.0,72,4.0,0.17
07:48:32,"[192.0, 14]","[189.0, 3]","[196.0, 9]","[481.6, 5]",194.0,31,4.0,0.1
07:48:33,"[185.27, 59]","[182.09, 99]","[196.0, 42]","[314.46, 26]",190.64,226,10.73,0.4
07:48:34,"[187.0, 14]","[182.38, 165]","[196.0, 42]","[290.97, 31]",191.5,252,9.0,0.42
07:48:35,"[188.4, 94]","[182.38, 55]","[196.0, 42]","[367.29, 28]",192.2,219,7.6,0.36
07:48:36,"[189.0, 132]","[187.0, 12]","[259.11, 38]","[402.78, 32]",224.05,214,70.11,0.35
07:48:37,"[192.6, 60]","[192.82, 102]","[412.5, 48]","[412.12, 24]",302.55,234,219.9,0.38
07:48:38,"[195.24, 75]","[191.97, 97]","[329.53, 15]","[391.03, 39]",262.39,226,134.29,0.52
07:48:39,"[195.0, 209]","[187.82, 55]","[259.03, 59]","[278.28, 60]",227.02,383,64.03,0.38
07:48:40,"[195.0, 88]","[191.14, 43]","[263.56, 43]","[264.39, 49]",229.28,223,68.56,0.17
07:48:41,"[195.0, 84]","[193.0, 42]","[233.65, 46]","[234.78, 36]",214.33,208,38.65,0.21
07:48:42,"[195.0, 54]","[193.0, 27]","[228.0, 18]","[229.0, 45]",211.5,144,33.0,0.12
07:48:43,"[195.0, 84]","[193.0, 42]","[225.84, 63]","[226.52, 46]",210.42,235,30.84,0.07
07:48:44,"[195.0, 49]","[193.0, 30]","[221.53, 19]","[223.36, 14]",208.26,112,26.53,0.41
07:48:45,"[195.0, 26]","[192.85, 39]","[218.89, 47]","[220.21, 24]",206.95,136,23.89,-0.04
07:48:46,"[195.0, 30]","[192.34, 73]","[214.63, 71]","[216.18, 45]",204.82,219,19.63,-0.06
07:48:47,"[193.67, 30]","[192.4, 50]","[209.17, 46]","[210.57, 44]",201.42,170,15.51,-0.06
07:48:48,"[193.11, 27]","[191.29, 42]","[202.8, 49]","[203.81, 58]",197.95,176,9.68,-0.22
07:48:49,"[191.55, 11]","[188.64, 44]","[198.17, 29]","[199.77, 26]",194.86,110,6.63,0.0
07:48:50,"[191.0, 15]","[188.19, 83]","[196.36, 56]","[196.62, 39]",193.68,193,5.36,0.02
07:48:51,"[188.22, 54]","[187.33, 60]","[192.9, 31]","[194.53, 49]",190.56,194,4.68,0.18
07:48:52,"[187.98, 49]","[186.59, 27]","[189.89, 47]","[191.23, 52]",188.94,175,1.91,-0.13
07:48:53,"[187.0, 14]","[186.0, 154]","[188.14, 56]","[191.0, 70]",187.57,294,1.14,0.14
07:48:54,"[187.0, 11]","[186.0, 121]","[190.55, 53]","[250.33, 42]",188.77,227,3.55,0.16
07:48:55,"[187.0, 14]","[186.0, 154]","[189.89, 38]","[190.75, 64]",188.45,270,2.89,0.24
07:48:56,"[186.04, 112]","[185.59, 54]","[187.38, 26]","[201.39, 46]",186.71,238,1.35,0.39
07:48:57,"[186.21, 114]","[184.1, 21]","[371.86, 42]","[554.02, 47]",279.03,224,185.65,0.21
07:48:58,"[192.0, 16]","[186.0, 40]","[376.0, 12]","[600.0, 8]",284.0,76,184.0,0.47
