Time,Bid1,Bid2,Ask1,Ask2,Mid-Price,Total_volume,Bid_ask_spread,Order_imbalance
07:30:00,"[0, 0]","[0, 0]","[219.0, 5]","[0, 0]",109.5,5,219.0,-1.0
07:30:02,"[1.33, 6]","[0, 0]","[217.5, 20]","[219.0, 20]",109.42,46,216.17,-0.74
07:30:03,"[48.0, 6]","[2.0, 4]","[201.25, 20]","[226.0, 20]",124.62,50,153.25,-0.6
07:30:04,"[144.29, 7]","[106.0, 8]","[196.0, 23]","[201.0, 25]",170.14,63,51.71,-0.52
07:30:05,"[154.0, 2]","[153.0, 1]","[196.0, 3]","[201.0, 5]",175.0,11,42.0,-0.45
07:30:06,"[161.0, 2]","[154.0, 4]","[199.12, 8]","[211.5, 10]",180.06,24,38.12,-0.5
07:30:07,"[165.5, 12]","[162.0, 6]","[201.0, 25]","[222.0, 25]",183.25,68,35.5,-0.47
07:30:08,"[172.27, 11]","[168.33, 9]","[201.0, 20]","[222.0, 20]",186.64,60,28.73,-0.33
07:30:09,"[179.0, 24]","[177.64, 14]","[201.0, 31]","[222.0, 35]",190.0,104,22.0,-0.27
07:30:10,"[184.68, 22]","[183.05, 20]","[222.0, 40]","[258.0, 32]",203.34,114,37.32,-0.26
07:30:11,"[197.0, 10]","[194.29, 7]","[222.0, 25]","[258.0, 20]",209.5,62,25.0,-0.45
07:30:12,"[209.57, 14]","[208.0, 14]","[222.0, 35]","[258.0, 28]",215.79,91,12.43,-0.38
07:30:13,"[203.88, 16]","[199.11, 19]","[222.0, 45]","[258.0, 36]",212.94,116,18.12,-0.4
07:30:14,"[199.14, 22]","[194.9, 39]","[222.0, 45]","[258.0, 36]",210.57,142,22.86,-0.14
07:30:15,"[200.95, 42]","[199.52, 21]","[221.0, 45]","[228.7, 43]",210.98,151,20.05,-0.17
07:30:16,"[201.0, 65]","[200.0, 26]","[214.33, 30]","[216.61, 59]",207.67,180,13.33,0.01
07:30:17,"[203.78, 37]","[201.73, 67]","[212.6, 35]","[214.0, 61]",208.19,200,8.82,0.04
07:30:18,"[205.0, 56]","[204.0, 70]","[208.48, 65]","[209.39, 46]",206.74,237,3.48,0.06
07:30:19,"[204.55, 44]","[203.68, 44]","[205.83, 18]","[211.52, 62]",205.19,168,1.29,0.05
07:30:20,"[170.14, 22]","[148.06, 18]","[204.73, 15]","[215.09, 87]",187.43,142,34.6,-0.44
07:30:21,"[184.71, 42]","[157.64, 14]","[205.75, 40]","[208.4, 50]",195.23,146,21.04,-0.23
07:30:22,"[195.0, 35]","[171.48, 33]","[206.0, 45]","[208.45, 33]",200.5,146,11.0,-0.07
07:30:23,"[196.75, 24]","[173.77, 39]","[206.0, 35]","[207.0, 21]",201.38,119,9.25,0.06
07:30:24,"[195.0, 15]","[173.85, 26]","[206.0, 25]","[207.0, 15]",200.5,81,11.0,0.01
07:30:25,"[202.71, 84]","[186.87, 31]","[206.0, 50]","[207.0, 30]",204.36,195,3.29,0.18
07:30:26,"[204.0, 108]","[196.5, 36]","[206.0, 38]","[207.0, 27]",205.0,209,2.0,0.38
07:30:27,"[204.14, 49]","[202.88, 96]","[206.0, 44]","[207.0, 33]",205.07,222,1.86,0.31
07:30:28,"[204.03, 62]","[197.68, 28]","[206.0, 22]","[207.0, 21]",205.02,133,1.97,0.35
07:30:29,"[204.91, 22]","[203.59, 73]","[208.14, 21]","[239.5, 24]",206.53,140,3.23,0.36
07:30:30,"[202.95, 38]","[193.0, 21]","[208.88, 17]","[277.6, 20]",205.91,96,5.93,0.23
07:30:31,"[202.31, 65]","[197.78, 49]","[206.14, 29]","[208.4, 15]",204.22,158,3.83,0.44
07:30:32,"[203.0, 70]","[201.14, 35]","[204.31, 13]","[205.67, 18]",203.65,136,1.31,0.54
07:30:33,"[202.17, 36]","[199.58, 38]","[205.0, 18]","[221.0, 24]",203.58,116,2.83,0.28
07:30:34,"[202.0, 30]","[201.0, 50]","[204.65, 48]","[210.45, 31]",203.32,159,2.65,0.01
07:30:35,"[200.69, 39]","[198.6, 75]","[203.34, 53]","[213.67, 42]",202.02,209,2.65,0.09
07:30:36,"[204.0, 12]","[199.2, 30]","[209.0, 8]","[223.0, 32]",206.5,82,5.0,0.02
07:30:37,"[200.46, 26]","[197.53, 51]","[206.23, 26]","[212.57, 28]",203.35,131,5.77,0.18
07:30:38,"[200.0, 12]","[197.0, 24]","[214.0, 4]","[223.0, 16]",207.0,56,14.0,0.29
07:30:39,"[198.8, 15]","[196.6, 30]","[213.0, 5]","[223.0, 20]",205.9,70,14.2,0.29
07:30:40,"[206.47, 51]","[197.56, 27]","[213.0, 8]","[220.75, 32]",209.74,118,6.53,0.32
07:30:41,"[206.83, 18]","[198.83, 18]","[212.33, 9]","[216.2, 15]",209.58,60,5.5,0.2
07:30:42,"[199.88, 24]","[197.13, 45]","[210.4, 20]","[211.46, 13]",205.14,102,10.53,0.35
07:30:43,"[198.2, 30]","[196.33, 54]","[206.65, 37]","[207.27, 33]",202.42,154,8.45,0.09
07:30:44,"[197.25, 48]","[192.14, 42]","[204.96, 57]","[206.21, 47]",201.11,194,7.71,-0.07
07:30:45,"[198.0, 20]","[197.0, 10]","[203.2, 25]","[207.0, 10]",200.6,65,5.2,-0.08
07:30:46,"[199.74, 62]","[195.86, 28]","[202.59, 61]","[205.95, 19]",201.17,170,2.85,0.06
07:30:47,"[201.0, 16]","[198.0, 32]","[203.77, 26]","[204.91, 22]",202.38,96,2.77,0.0
07:30:48,"[203.35, 20]","[193.7, 37]","[207.33, 27]","[309.25, 24]",205.34,108,3.98,0.06
07:30:49,"[210.0, 45]","[201.0, 15]","[211.0, 60]","[369.04, 45]",210.5,165,1.0,-0.27
07:30:50,"[203.2, 15]","[194.14, 28]","[210.0, 25]","[253.86, 42]",206.6,110,6.8,-0.22
07:30:51,"[203.05, 19]","[201.22, 23]","[208.73, 22]","[240.22, 46]",205.89,110,5.67,-0.24
07:30:52,"[209.77, 13]","[202.35, 23]","[420.7, 33]","[524.23, 44]",315.23,113,210.93,-0.36
07:30:53,"[207.88, 17]","[204.55, 11]","[459.0, 45]","[533.67, 18]",333.44,91,251.12,-0.38
07:30:54,"[209.32, 80]","[207.7, 20]","[426.29, 62]","[608.52, 29]",317.81,191,216.97,0.05
07:30:55,"[211.2, 80]","[209.6, 40]","[319.25, 32]","[642.84, 19]",265.23,171,108.05,0.4
07:30:56,"[211.11, 108]","[209.54, 52]","[347.83, 30]","[431.0, 42]",279.47,232,136.72,0.38
07:30:57,"[210.0, 48]","[208.0, 12]","[379.04, 24]","[505.5, 20]",294.52,104,169.04,0.15
07:30:58,"[210.0, 48]","[208.0, 12]","[248.0, 30]","[318.0, 12]",229.0,102,38.0,0.18
07:30:59,"[210.0, 72]","[208.0, 18]","[248.0, 45]","[318.0, 18]",229.0,153,38.0,0.18
07:31:00,"[210.0, 87]","[208.0, 24]","[247.42, 45]","[364.16, 51]",228.71,207,37.42,0.07
07:31:01,"[210.0, 63]","[208.0, 20]","[244.0, 20]","[248.0, 50]",227.0,153,34.0,0.08
07:31:02,"[210.0, 60]","[208.0, 24]","[243.25, 24]","[245.82, 33]",226.62,141,33.25,0.19
07:31:03,"[210.0, 40]","[208.0, 16]","[242.62, 16]","[243.62, 16]",226.31,88,32.62,0.27
07:31:04,"[209.86, 28]","[207.95, 21]","[240.45, 22]","[241.73, 22]",225.16,93,30.6,0.05
07:31:05,"[208.05, 21]","[205.86, 14]","[236.92, 24]","[266.21, 28]",222.48,87,28.87,-0.2
07:31:06,"[205.0, 13]","[203.0, 39]","[233.26, 23]","[255.91, 22]",219.13,97,28.26,0.07
07:31:07,"[205.97, 108]","[203.94, 17]","[229.19, 42]","[231.1, 21]",217.58,188,23.22,0.33
07:31:08,"[206.0, 195]","[205.0, 13]","[226.33, 46]","[228.22, 23]",216.16,277,20.33,0.5
07:31:09,"[207.95, 60]","[206.38, 113]","[221.11, 35]","[222.31, 48]",214.53,256,13.16,0.35
07:31:10,"[210.27, 180]","[209.0, 45]","[218.14, 57]","[219.11, 18]",214.2,300,7.87,0.5
07:31:11,"[212.75, 193]","[209.0, 48]","[215.59, 49]","[216.84, 31]",214.17,321,2.84,0.5
07:31:12,"[213.12, 125]","[211.4, 75]","[214.8, 50]","[256.09, 58]",213.96,308,1.68,0.3
07:31:13,"[213.04, 84]","[209.67, 27]","[290.91, 44]","[377.5, 34]",251.97,189,77.87,0.17
07:31:14,"[213.0, 18]","[208.0, 4]","[366.0, 8]","[394.0, 4]",289.5,34,153.0,0.29
07:31:15,"[213.0, 86]","[208.0, 20]","[365.86, 28]","[378.0, 28]",289.43,162,152.86,0.31
07:31:16,"[213.0, 77]","[209.52, 67]","[363.55, 11]","[432.27, 30]",288.27,185,150.55,0.56
07:31:17,"[213.0, 63]","[210.0, 153]","[361.44, 9]","[436.67, 27]",287.22,252,148.44,0.71
07:31:18,"[213.0, 91]","[210.0, 221]","[332.78, 23]","[335.03, 30]",272.89,365,119.78,0.71
07:31:19,"[213.0, 21]","[210.0, 119]","[322.43, 7]","[324.33, 15]",267.71,162,109.43,0.73
07:31:20,"[213.0, 27]","[210.0, 153]","[320.44, 9]","[322.0, 9]",266.72,198,107.44,0.82
07:31:21,"[210.05, 179]","[208.87, 39]","[317.58, 12]","[319.33, 12]",263.82,242,107.53,0.8
07:31:22,"[210.0, 199]","[208.0, 31]","[260.55, 22]","[316.33, 12]",235.27,264,50.55,0.74
07:31:23,"[210.0, 251]","[208.0, 135]","[311.8, 15]","[313.4, 15]",260.9,416,101.8,0.86
07:31:24,"[211.2, 40]","[209.87, 137]","[307.0, 9]","[308.89, 9]",259.1,195,95.8,0.82
07:31:25,"[210.03, 225]","[208.19, 169]","[264.57, 42]","[278.83, 42]",237.3,478,54.54,0.65
07:31:26,"[210.0, 88]","[208.0, 99]","[211.0, 22]","[244.0, 33]",210.5,242,1.0,0.55
07:31:27,"[210.0, 63]","[208.0, 108]","[211.0, 24]","[289.36, 22]",210.5,217,1.0,0.58
07:31:28,"[210.0, 19]","[208.0, 81]","[211.0, 18]","[285.45, 33]",210.5,151,1.0,0.32
07:31:29,"[210.0, 24]","[208.0, 108]","[211.0, 24]","[278.83, 60]",210.5,216,1.0,0.22
07:31:30,"[210.0, 12]","[208.0, 54]","[211.0, 12]","[421.5, 20]",210.5,98,1.0,0.35
07:31:31,"[208.08, 51]","[207.24, 37]","[211.0, 16]","[274.12, 24]",209.54,128,2.92,0.38
07:31:32,"[208.0, 35]","[207.0, 20]","[211.0, 10]","[510.22, 9]",209.5,74,3.0,0.49
07:31:33,"[208.83, 42]","[207.92, 53]","[211.0, 16]","[443.75, 12]",209.92,123,2.17,0.54
07:31:34,"[208.43, 80]","[207.57, 74]","[302.2, 45]","[399.33, 58]",255.31,257,93.77,0.2
07:31:35,"[208.32, 62]","[207.26, 86]","[246.03, 70]","[298.98, 54]",227.18,272,37.71,0.09
07:31:36,"[211.47, 15]","[209.04, 50]","[233.0, 36]","[290.62, 26]",222.23,127,21.53,0.02
07:31:37,"[210.0, 44]","[208.0, 64]","[231.39, 46]","[245.07, 42]",220.7,196,21.39,0.1
07:31:38,"[210.0, 43]","[208.0, 60]","[229.57, 42]","[230.43, 42]",219.79,187,19.57,0.1
07:31:39,"[210.0, 33]","[208.0, 55]","[224.97, 37]","[228.53, 43]",217.49,168,14.97,0.05
07:31:40,"[210.57, 35]","[208.75, 40]","[216.0, 15]","[220.21, 39]",213.29,129,5.43,0.16
07:31:41,"[210.12, 33]","[208.31, 77]","[211.42, 48]","[215.81, 32]",210.77,190,1.3,0.16
07:31:42,"[208.0, 37]","[207.0, 9]","[212.14, 21]","[390.59, 29]",210.07,96,4.14,-0.04
07:31:43,"[207.25, 8]","[205.04, 55]","[272.32, 22]","[359.96, 24]",239.78,109,65.07,0.16
07:31:44,"[207.0, 8]","[205.0, 72]","[261.62, 16]","[267.62, 32]",234.31,128,54.62,0.25
07:31:45,"[207.21, 14]","[205.06, 102]","[239.12, 32]","[260.21, 42]",223.17,190,31.91,0.22
07:31:46,"[207.0, 11]","[205.0, 99]","[216.31, 39]","[242.79, 28]",211.65,177,9.31,0.24
07:31:47,"[205.0, 73]","[202.0, 105]","[209.37, 59]","[211.33, 55]",207.19,292,4.37,0.22
07:31:48,"[205.0, 57]","[202.0, 45]","[206.0, 36]","[207.0, 36]",205.5,174,1.0,0.17
07:31:49,"[205.0, 36]","[201.89, 18]","[206.64, 44]","[207.61, 23]",205.82,121,1.64,-0.11
07:31:50,"[202.4, 15]","[199.27, 15]","[205.0, 52]","[209.0, 19]",203.7,101,2.6,-0.41
07:31:51,"[184.55, 11]","[159.0, 27]","[202.27, 44]","[210.29, 31]",193.41,113,17.73,-0.33
07:31:52,"[148.56, 32]","[130.38, 16]","[200.48, 31]","[208.5, 36]",174.52,115,51.92,-0.17
07:31:53,"[151.67, 24]","[75.17, 24]","[199.0, 32]","[201.0, 24]",175.33,104,47.33,-0.08
07:31:54,"[177.57, 7]","[101.56, 9]","[199.0, 20]","[201.0, 15]",188.29,51,21.43,-0.37
07:31:55,"[178.0, 16]","[172.0, 24]","[199.29, 28]","[202.07, 28]",188.64,96,21.29,-0.17
07:31:56,"[179.62, 16]","[171.0, 40]","[199.67, 9]","[201.79, 19]",189.65,84,20.04,0.33
07:31:57,"[183.02, 59]","[181.09, 81]","[201.0, 18]","[289.4, 30]",192.01,188,17.98,0.49
07:31:58,"[188.72, 64]","[185.15, 52]","[204.0, 24]","[317.0, 32]",196.36,172,15.28,0.35
07:31:59,"[203.52, 48]","[189.25, 24]","[319.27, 44]","[429.84, 38]",261.4,154,115.75,-0.06
07:32:00,"[205.0, 25]","[197.45, 44]","[353.93, 43]","[450.09, 33]",279.47,145,148.93,-0.05
07:32:01,"[202.23, 154]","[200.28, 72]","[301.49, 49]","[497.26, 39]",251.86,314,99.26,0.44
07:32:02,"[203.0, 84]","[201.0, 36]","[270.67, 24]","[399.15, 13]",236.83,157,67.67,0.53
07:32:03,"[206.0, 42]","[204.15, 101]","[406.39, 71]","[583.73, 55]",306.2,269,200.39,0.06
07:32:04,"[205.56, 108]","[203.8, 41]","[327.24, 50]","[554.84, 49]",266.4,248,121.68,0.2
07:32:05,"[206.85, 149]","[205.5, 32]","[278.23, 52]","[535.11, 61]",242.54,294,71.39,0.23
07:32:06,"[208.0, 18]","[207.0, 48]","[536.0, 30]","[729.57, 28]",372.0,124,328.0,0.06
07:32:07,"[208.0, 30]","[207.0, 80]","[502.12, 34]","[594.04, 48]",355.06,192,294.12,0.15
07:32:08,"[208.0, 48]","[207.0, 128]","[510.21, 70]","[584.59, 61]",359.11,307,302.21,0.15
07:32:09,"[209.4, 20]","[207.57, 37]","[317.18, 40]","[435.81, 42]",263.29,139,107.78,-0.18
07:32:10,"[208.62, 26]","[207.24, 34]","[249.0, 50]","[376.82, 39]",228.81,149,40.38,-0.19
07:32:11,"[207.94, 18]","[206.89, 35]","[248.08, 60]","[341.5, 40]",228.01,153,40.14,-0.31
07:32:12,"[207.0, 7]","[205.43, 14]","[247.71, 35]","[336.29, 35]",227.36,91,40.71,-0.54
07:32:13,"[204.92, 12]","[202.36, 44]","[246.0, 60]","[282.5, 60]",225.46,176,41.08,-0.36
07:32:14,"[202.97, 36]","[201.54, 13]","[245.0, 40]","[318.5, 32]",223.99,121,42.03,-0.19
07:32:15,"[210.04, 46]","[202.88, 17]","[245.0, 25]","[436.35, 17]",227.52,105,34.96,0.2
07:32:16,"[212.0, 112]","[204.29, 14]","[242.54, 35]","[244.03, 39]",227.27,200,30.54,0.26
07:32:17,"[212.0, 150]","[205.0, 39]","[241.7, 57]","[243.09, 56]",226.85,302,29.7,0.25
07:32:18,"[212.0, 160]","[205.0, 48]","[238.73, 52]","[240.17, 59]",225.37,319,26.73,0.3
07:32:19,"[212.0, 132]","[209.86, 107]","[237.0, 42]","[238.0, 42]",224.5,323,25.0,0.48
07:32:20,"[210.98, 120]","[208.5, 80]","[212.47, 45]","[235.4, 45]",211.72,290,1.48,0.38
07:32:21,"[210.18, 100]","[209.5, 151]","[235.0, 39]","[453.92, 59]",222.59,349,24.82,0.44
07:32:22,"[212.75, 12]","[210.0, 204]","[234.35, 37]","[411.12, 50]",223.55,303,21.6,0.43
07:32:23,"[210.48, 93]","[209.92, 142]","[235.0, 33]","[431.0, 54]",222.74,322,24.52,0.46
07:32:24,"[211.03, 36]","[210.04, 125]","[228.5, 24]","[230.62, 24]",219.76,209,17.47,0.54
07:32:25,"[211.86, 35]","[210.0, 126]","[227.14, 21]","[230.0, 21]",219.5,203,15.29,0.59
07:32:26,"[210.42, 144]","[209.72, 99]","[225.83, 36]","[267.75, 36]",218.12,315,15.42,0.54
07:32:27,"[210.0, 130]","[208.0, 20]","[224.3, 30]","[505.2, 30]",217.15,210,14.3,0.43
07:32:28,"[210.0, 130]","[208.0, 20]","[470.25, 44]","[638.45, 42]",340.12,236,260.25,0.27
07:32:29,"[210.0, 156]","[208.0, 28]","[431.86, 65]","[516.57, 61]",320.93,310,221.86,0.19
07:32:30,"[210.0, 72]","[208.0, 24]","[486.3, 54]","[493.17, 46]",348.15,196,276.3,-0.02
07:32:31,"[210.0, 84]","[208.0, 28]","[477.51, 68]","[479.16, 44]",343.76,224,267.51,0.0
07:32:32,"[210.0, 67]","[208.0, 22]","[444.91, 33]","[455.29, 41]",327.45,163,234.91,0.09
07:32:33,"[210.0, 47]","[208.0, 26]","[370.43, 56]","[385.06, 52]",290.21,181,160.43,-0.19
07:32:34,"[210.0, 39]","[208.0, 26]","[315.45, 49]","[316.77, 43]",262.72,157,105.45,-0.17
07:32:35,"[210.88, 51]","[209.84, 49]","[299.21, 70]","[301.02, 58]",255.05,228,88.33,-0.12
07:32:36,"[211.0, 30]","[210.0, 30]","[285.21, 34]","[286.41, 44]",248.1,138,74.21,-0.13
07:32:37,"[210.39, 38]","[208.81, 37]","[280.25, 48]","[281.32, 50]",245.32,173,69.86,-0.13
07:32:38,"[210.0, 48]","[208.0, 24]","[276.5, 44]","[277.33, 46]",243.25,162,66.5,-0.11
07:32:39,"[209.79, 28]","[207.61, 23]","[271.24, 34]","[272.89, 38]",240.51,123,61.45,-0.17
07:32:40,"[208.59, 27]","[207.06, 35]","[268.79, 57]","[270.15, 47]",238.69,166,60.2,-0.25
07:32:41,"[209.0, 43]","[208.0, 8]","[265.46, 26]","[266.2, 30]",237.23,107,56.46,-0.05
07:32:42,"[209.67, 60]","[208.0, 12]","[263.83, 36]","[264.89, 56]",236.75,164,54.17,-0.12
07:32:43,"[210.0, 60]","[208.0, 12]","[260.79, 48]","[261.6, 40]",235.4,160,50.79,-0.1
07:32:44,"[210.47, 85]","[209.38, 29]","[255.53, 45]","[256.34, 41]",233.0,200,45.06,0.14
07:32:45,"[211.52, 145]","[209.87, 68]","[249.05, 44]","[250.29, 52]",230.28,309,37.53,0.38
07:32:46,"[212.73, 165]","[211.35, 69]","[246.08, 51]","[247.41, 51]",229.4,336,33.35,0.39
07:32:47,"[213.71, 70]","[212.0, 35]","[242.57, 21]","[244.0, 35]",228.14,161,28.86,0.3
07:32:48,"[214.0, 120]","[212.0, 75]","[239.83, 48]","[240.89, 46]",226.92,289,25.83,0.35
07:32:49,"[214.0, 70]","[212.0, 50]","[235.55, 38]","[236.63, 43]",224.78,201,21.55,0.19
07:32:50,"[214.0, 77]","[212.0, 55]","[231.43, 46]","[232.43, 46]",222.72,224,17.43,0.18
07:32:51,"[214.0, 77]","[212.0, 59]","[228.58, 43]","[229.33, 45]",221.29,224,14.58,0.21
07:32:52,"[214.0, 112]","[212.0, 112]","[224.81, 74]","[226.24, 62]",219.41,360,10.81,0.24
07:32:53,"[214.0, 105]","[212.0, 105]","[218.99, 69]","[220.33, 54]",216.49,333,4.99,0.26
07:32:54,"[212.95, 80]","[211.17, 72]","[215.71, 48]","[216.84, 49]",214.33,249,2.76,0.22
07:32:55,"[210.78, 23]","[209.32, 31]","[213.18, 28]","[217.0, 31]",211.98,113,2.4,-0.04
07:32:56,"[209.45, 22]","[208.27, 33]","[211.18, 44]","[212.3, 40]",210.32,139,1.73,-0.21
07:32:57,"[207.62, 39]","[205.73, 33]","[209.32, 47]","[210.45, 44]",208.47,163,1.7,-0.12
07:32:58,"[204.14, 70]","[193.45, 80]","[208.19, 32]","[209.73, 45]",206.17,227,4.04,0.32
07:32:59,"[203.0, 84]","[200.88, 82]","[206.0, 31]","[207.71, 34]",204.5,231,3.0,0.44
07:33:00,"[203.33, 84]","[198.05, 57]","[209.95, 37]","[230.28, 36]",206.64,214,6.61,0.32
07:33:01,"[203.92, 12]","[202.42, 19]","[226.17, 24]","[316.5, 20]",215.04,75,22.25,-0.17
07:33:02,"[205.85, 41]","[204.86, 14]","[246.26, 38]","[319.42, 45]",226.06,138,40.41,-0.2
07:33:03,"[207.53, 17]","[206.13, 46]","[210.0, 55]","[283.38, 42]",208.76,160,2.47,-0.21
07:33:04,"[208.33, 42]","[205.61, 69]","[210.0, 46]","[222.86, 56]",209.17,213,1.67,0.04
07:33:05,"[207.21, 39]","[204.67, 24]","[209.54, 13]","[469.0, 28]",208.37,104,2.33,0.21
07:33:06,"[207.0, 44]","[203.0, 20]","[217.15, 26]","[546.29, 28]",212.08,118,10.15,0.08
07:33:07,"[207.26, 19]","[204.67, 24]","[240.06, 33]","[281.39, 33]",223.66,109,32.8,-0.21
07:33:08,"[209.14, 7]","[207.0, 14]","[233.86, 14]","[273.0, 7]",221.5,42,24.71,0.0
07:33:09,"[210.09, 11]","[207.71, 28]","[230.64, 22]","[349.0, 44]",220.36,105,20.55,-0.26
07:33:10,"[209.18, 22]","[208.0, 20]","[228.0, 14]","[259.86, 28]",218.59,84,18.82,0.0
07:33:11,"[209.0, 14]","[207.0, 10]","[228.0, 10]","[245.0, 20]",218.5,54,19.0,-0.11
07:33:12,"[209.0, 30]","[207.0, 30]","[226.69, 39]","[234.5, 40]",217.85,139,17.69,-0.14
07:33:13,"[208.47, 30]","[205.63, 70]","[221.03, 29]","[224.44, 36]",214.75,165,12.57,0.21
07:33:14,"[205.05, 146]","[203.83, 58]","[207.53, 15]","[218.83, 23]",206.29,242,2.48,0.69
07:33:15,"[205.0, 110]","[203.0, 24]","[206.0, 12]","[432.27, 30]",205.5,176,1.0,0.52
07:33:16,"[205.0, 76]","[203.0, 20]","[408.29, 28]","[500.55, 31]",306.64,155,203.29,0.24
07:33:17,"[210.2, 55]","[206.5, 30]","[403.09, 44]","[636.45, 44]",306.65,173,192.89,-0.02
07:33:18,"[211.0, 52]","[207.25, 8]","[401.25, 32]","[585.12, 32]",306.12,124,190.25,-0.03
07:33:19,"[211.0, 51]","[208.0, 10]","[293.59, 37]","[627.86, 37]",252.3,135,82.59,-0.1
07:33:20,"[206.71, 28]","[205.08, 13]","[502.31, 13]","[626.16, 37]",354.51,91,295.59,-0.1
07:33:21,"[205.0, 36]","[203.0, 18]","[383.71, 7]","[610.43, 28]",294.36,89,178.71,0.21
07:33:22,"[205.0, 27]","[203.0, 28]","[260.92, 13]","[507.25, 16]",232.96,84,55.92,0.31
07:33:23,"[205.0, 18]","[203.0, 24]","[261.8, 20]","[431.33, 12]",233.4,74,56.8,0.14
07:33:24,"[206.08, 26]","[204.94, 31]","[377.1, 31]","[553.54, 26]",291.59,114,171.02,0.0
07:33:25,"[208.25, 48]","[207.5, 48]","[333.1, 30]","[473.19, 27]",270.68,153,124.85,0.25
07:33:26,"[209.81, 37]","[208.47, 57]","[289.47, 19]","[360.63, 41]",249.64,154,79.66,0.22
07:33:27,"[213.0, 28]","[211.07, 30]","[286.46, 26]","[290.0, 13]",249.73,97,73.46,0.2
07:33:28,"[213.0, 11]","[210.91, 22]","[284.36, 22]","[290.0, 11]",248.68,66,71.36,0.0
07:33:29,"[208.83, 36]","[205.0, 48]","[283.53, 30]","[293.16, 19]",246.18,133,74.7,0.26
07:33:30,"[208.0, 91]","[204.5, 64]","[282.08, 26]","[300.0, 39]",245.04,220,74.08,0.41
07:33:31,"[208.0, 49]","[205.0, 42]","[280.83, 18]","[295.8, 20]",244.42,129,72.83,0.41
07:33:32,"[208.0, 77]","[205.0, 66]","[249.26, 23]","[272.65, 26]",228.63,192,41.26,0.49
07:33:33,"[208.0, 112]","[205.0, 96]","[219.8, 35]","[220.69, 29]",213.9,272,11.8,0.53
07:33:34,"[208.0, 63]","[205.0, 54]","[213.68, 25]","[214.75, 24]",210.84,166,5.68,0.41
07:33:35,"[208.0, 37]","[205.0, 66]","[210.28, 29]","[211.52, 29]",209.14,161,2.28,0.28
07:33:36,"[205.23, 52]","[204.6, 20]","[209.75, 28]","[210.61, 23]",207.49,123,4.52,0.17
07:33:37,"[205.0, 100]","[204.0, 17]","[207.3, 30]","[208.3, 40]",206.15,187,2.3,0.25
07:33:38,"[205.0, 50]","[204.0, 10]","[206.07, 42]","[208.0, 20]",205.54,122,1.07,-0.02
07:33:39,"[205.0, 21]","[204.0, 7]","[319.6, 30]","[465.9, 10]",262.3,68,114.6,-0.18
07:33:40,"[206.17, 12]","[204.86, 14]","[348.0, 24]","[746.33, 9]",277.08,59,141.83,-0.12
07:33:41,"[205.33, 9]","[204.67, 9]","[531.0, 24]","[796.0, 12]",368.17,54,325.67,-0.33
07:33:42,"[203.2, 40]","[176.29, 28]","[233.0, 10]","[485.5, 32]",218.1,110,29.8,0.24
07:33:43,"[211.56, 54]","[203.25, 24]","[289.44, 9]","[626.62, 26]",250.5,113,77.89,0.38
07:33:44,"[212.0, 30]","[204.0, 5]","[408.8, 5]","[563.0, 20]",310.4,60,196.8,0.17
07:33:45,"[210.26, 23]","[203.09, 33]","[434.06, 18]","[571.86, 28]",322.16,102,223.79,0.1
07:33:46,"[204.71, 17]","[203.06, 32]","[274.71, 7]","[516.84, 19]",239.71,75,70.01,0.31
07:33:47,"[206.36, 66]","[204.0, 11]","[245.18, 11]","[304.59, 17]",225.77,105,38.82,0.47
07:33:48,"[208.31, 78]","[206.29, 21]","[244.08, 13]","[302.8, 15]",226.19,127,35.77,0.56
07:33:49,"[209.03, 68]","[208.16, 32]","[244.0, 10]","[284.67, 30]",226.51,140,34.97,0.43
07:33:50,"[210.0, 24]","[208.62, 48]","[243.67, 12]","[307.65, 34]",226.83,118,33.67,0.22
07:33:51,"[209.0, 18]","[208.0, 27]","[242.0, 9]","[444.62, 32]",225.5,86,33.0,0.05
07:33:52,"[209.0, 59]","[208.0, 30]","[240.4, 10]","[360.32, 38]",224.7,137,31.4,0.3
07:33:53,"[209.05, 110]","[207.42, 55]","[238.38, 16]","[279.0, 64]",223.71,245,29.33,0.35
07:33:54,"[210.0, 96]","[208.0, 36]","[237.08, 39]","[289.06, 17]",223.54,188,27.08,0.4
07:33:55,"[210.97, 31]","[208.0, 39]","[234.65, 46]","[237.45, 22]",222.81,138,23.68,0.01
07:33:56,"[212.69, 13]","[209.03, 31]","[237.0, 36]","[238.0, 9]",224.85,89,24.31,-0.01
07:33:57,"[213.0, 11]","[210.35, 34]","[236.38, 32]","[236.61, 23]",224.69,100,23.38,-0.1
07:33:58,"[208.0, 20]","[207.0, 35]","[234.5, 8]","[235.94, 17]",221.25,80,26.5,0.38
07:33:59,"[209.7, 74]","[207.3, 80]","[225.17, 41]","[225.83, 41]",217.44,236,15.47,0.31
07:34:00,"[211.0, 85]","[208.0, 52]","[213.07, 28]","[215.03, 32]",212.04,197,2.07,0.39
07:34:01,"[209.77, 39]","[206.6, 40]","[214.39, 28]","[288.71, 28]",212.08,135,4.62,0.17
07:34:02,"[211.0, 237]","[208.0, 49]","[213.12, 80]","[215.0, 64]",212.06,430,2.12,0.33
07:34:03,"[211.0, 108]","[208.0, 27]","[214.53, 34]","[341.0, 36]",212.76,205,3.53,0.32
07:34:04,"[211.0, 166]","[208.0, 45]","[212.27, 60]","[213.27, 60]",211.63,331,1.27,0.27
07:34:05,"[211.0, 92]","[208.0, 36]","[212.0, 48]","[350.08, 48]",211.5,224,1.0,0.14
07:34:06,"[211.0, 36]","[208.0, 30]","[375.7, 40]","[539.4, 40]",293.35,146,164.7,-0.1
07:34:07,"[211.0, 12]","[208.0, 18]","[449.0, 24]","[519.0, 24]",330.0,78,238.0,-0.23
07:34:08,"[208.0, 7]","[207.0, 7]","[415.0, 24]","[557.0, 28]",311.5,66,207.0,-0.58
07:34:09,"[208.0, 10]","[207.0, 10]","[490.73, 37]","[627.18, 33]",349.36,90,282.73,-0.56
07:34:10,"[208.0, 6]","[207.0, 6]","[526.0, 24]","[606.5, 18]",367.0,54,318.0,-0.56
07:34:11,"[206.67, 21]","[204.48, 44]","[352.27, 37]","[478.82, 33]",279.47,135,145.6,-0.04
07:34:12,"[207.7, 20]","[206.7, 20]","[356.5, 32]","[425.0, 24]",282.1,96,148.8,-0.17
07:34:13,"[210.73, 11]","[208.0, 11]","[359.33, 36]","[377.34, 41]",285.03,99,148.61,-0.56
07:34:14,"[212.73, 11]","[210.91, 11]","[359.0, 33]","[360.0, 44]",285.86,99,146.27,-0.56
07:34:15,"[211.38, 13]","[211.0, 10]","[357.59, 37]","[466.64, 33]",284.49,93,146.21,-0.51
07:34:16,"[208.55, 31]","[207.6, 15]","[280.69, 39]","[297.22, 41]",244.62,126,72.14,-0.27
07:34:17,"[210.88, 102]","[207.81, 89]","[240.7, 30]","[309.27, 33]",225.79,254,29.82,0.5
07:34:18,"[211.0, 63]","[207.0, 49]","[220.42, 12]","[222.42, 19]",215.71,143,9.42,0.57
07:34:19,"[211.23, 70]","[208.85, 78]","[216.24, 21]","[216.7, 37]",213.73,206,5.01,0.44
07:34:20,"[211.49, 73]","[209.49, 130]","[213.88, 16]","[216.0, 64]",212.68,283,2.38,0.43
07:34:21,"[211.0, 56]","[206.67, 63]","[212.0, 13]","[253.57, 46]",211.5,178,1.0,0.34
07:34:22,"[211.0, 20]","[206.0, 30]","[212.0, 10]","[363.76, 34]",211.5,94,1.0,0.06
07:34:23,"[206.91, 11]","[205.05, 66]","[211.8, 10]","[244.5, 50]",209.35,137,4.89,0.12
07:34:24,"[206.0, 11]","[205.0, 77]","[210.45, 11]","[225.0, 55]",208.23,154,4.45,0.14
07:34:25,"[207.92, 13]","[205.02, 57]","[223.7, 33]","[236.27, 33]",215.81,136,15.77,0.03
07:34:26,"[211.0, 50]","[206.0, 45]","[239.72, 25]","[310.44, 43]",225.36,163,28.72,0.17
07:34:27,"[211.0, 55]","[206.0, 142]","[350.29, 17]","[465.9, 42]",280.65,256,139.29,0.54
07:34:28,"[211.38, 37]","[206.23, 107]","[415.2, 10]","[532.32, 25]",313.29,179,203.82,0.61
07:34:29,"[213.0, 39]","[211.0, 25]","[541.57, 21]","[632.0, 8]",377.29,93,328.57,0.38
07:34:30,"[210.03, 34]","[207.26, 97]","[325.55, 29]","[600.42, 33]",267.79,193,115.52,0.36
07:34:31,"[208.0, 21]","[206.0, 119]","[362.92, 13]","[591.27, 22]",285.46,175,154.92,0.6
07:34:32,"[208.0, 39]","[206.0, 221]","[373.51, 41]","[436.86, 42]",290.76,343,165.51,0.52
07:34:33,"[206.06, 192]","[204.47, 144]","[218.93, 56]","[296.71, 48]",212.5,440,12.87,0.53
07:34:34,"[206.24, 100]","[205.26, 136]","[214.54, 63]","[216.36, 39]",210.39,338,8.3,0.4
07:34:35,"[204.9, 81]","[204.31, 145]","[211.21, 86]","[212.14, 74]",208.06,386,6.31,0.17
07:34:36,"[204.58, 45]","[203.67, 101]","[207.74, 38]","[208.42, 53]",206.16,237,3.16,0.23
07:34:37,"[202.86, 126]","[201.84, 57]","[206.92, 71]","[208.38, 64]",204.89,318,4.06,0.15
07:34:38,"[204.0, 42]","[202.0, 56]","[206.0, 28]","[207.0, 35]",205.0,161,2.0,0.22
07:34:39,"[204.0, 36]","[201.23, 13]","[205.44, 27]","[206.56, 27]",204.72,103,1.44,-0.05
07:34:40,"[204.05, 38]","[202.33, 18]","[206.0, 24]","[395.75, 24]",205.03,104,1.95,0.08
07:34:41,"[203.0, 42]","[200.0, 9]","[208.38, 13]","[412.54, 13]",205.69,77,5.38,0.32
07:34:42,"[203.0, 23]","[201.78, 36]","[205.95, 42]","[387.48, 42]",204.48,143,2.95,-0.17
07:34:43,"[203.0, 12]","[197.0, 12]","[204.86, 58]","[206.63, 27]",203.93,109,1.86,-0.56
07:34:44,"[208.61, 92]","[188.44, 32]","[360.15, 54]","[443.44, 57]",284.38,235,151.54,0.06
07:34:45,"[211.12, 115]","[209.69, 97]","[364.94, 34]","[435.11, 38]",288.03,284,153.82,0.49
07:34:46,"[213.0, 104]","[210.0, 169]","[237.59, 46]","[255.5, 38]",225.29,357,24.59,0.53
07:34:47,"[213.44, 108]","[209.94, 175]","[233.06, 65]","[234.08, 61]",223.25,409,19.62,0.38
07:34:48,"[210.0, 131]","[205.0, 18]","[230.33, 45]","[259.38, 42]",220.17,236,20.33,0.26
07:34:49,"[210.0, 110]","[205.0, 20]","[228.8, 50]","[231.0, 50]",219.4,230,18.8,0.13
07:34:50,"[210.0, 55]","[205.0, 20]","[226.8, 50]","[231.0, 50]",218.4,175,16.8,-0.14
07:34:51,"[210.0, 11]","[205.0, 16]","[224.89, 28]","[228.75, 40]",217.45,95,14.89,-0.43
07:34:52,"[210.0, 7]","[205.0, 14]","[222.93, 27]","[223.33, 15]",216.46,63,12.93,-0.33
07:34:53,"[209.9, 21]","[204.91, 11]","[220.73, 33]","[222.14, 21]",215.32,86,10.82,-0.26
07:34:54,"[202.0, 12]","[201.0, 12]","[216.04, 56]","[218.44, 16]",209.02,96,14.04,-0.5
07:34:55,"[210.18, 11]","[201.91, 11]","[213.91, 47]","[214.49, 47]",212.05,116,3.73,-0.62
07:34:56,"[202.0, 8]","[201.0, 8]","[210.25, 24]","[212.67, 24]",206.12,64,8.25,-0.5
07:34:57,"[202.97, 79]","[201.56, 18]","[209.95, 37]","[210.41, 17]",206.46,151,6.97,0.28
07:34:58,"[203.45, 121]","[202.0, 33]","[208.07, 27]","[209.9, 39]",205.76,220,4.62,0.4
07:34:59,"[205.0, 123]","[201.46, 24]","[206.46, 65]","[207.29, 41]",205.73,253,1.46,0.16
07:35:00,"[205.0, 54]","[199.5, 12]","[206.95, 37]","[388.14, 29]",205.97,132,1.95,0.0
07:35:01,"[204.38, 42]","[179.83, 18]","[272.31, 61]","[344.65, 26]",238.35,147,67.93,-0.18
07:35:02,"[200.5, 24]","[198.5, 12]","[345.67, 12]","[557.55, 33]",273.08,81,145.17,-0.11
07:35:03,"[206.86, 29]","[203.29, 41]","[355.0, 10]","[536.91, 22]",280.93,102,148.14,0.37
07:35:04,"[208.0, 43]","[207.0, 55]","[271.87, 30]","[307.38, 21]",239.93,149,63.87,0.32
07:35:05,"[208.83, 12]","[207.62, 16]","[229.17, 12]","[231.0, 24]",219.0,64,20.33,-0.12
07:35:06,"[211.07, 28]","[208.35, 26]","[229.0, 26]","[231.0, 52]",220.04,132,17.93,-0.18
07:35:07,"[210.82, 22]","[205.91, 11]","[228.62, 16]","[326.62, 32]",219.72,81,17.81,-0.19
07:35:08,"[204.12, 25]","[202.8, 10]","[228.0, 14]","[324.38, 13]",216.06,62,23.88,0.13
07:35:09,"[204.0, 60]","[202.0, 15]","[226.2, 30]","[227.14, 28]",215.1,133,22.2,0.13
07:35:10,"[204.31, 29]","[203.41, 17]","[225.12, 16]","[227.0, 16]",214.72,78,20.81,0.18
07:35:11,"[204.34, 35]","[182.63, 27]","[220.27, 22]","[226.11, 18]",212.31,102,15.93,0.22
07:35:12,"[204.0, 45]","[116.62, 24]","[214.62, 26]","[217.29, 28]",209.31,123,10.62,0.12
07:35:13,"[205.38, 16]","[193.03, 38]","[214.0, 16]","[219.0, 24]",209.69,94,8.62,0.15
07:35:14,"[207.04, 23]","[204.82, 17]","[214.0, 18]","[227.0, 18]",210.52,76,6.96,0.05
07:35:15,"[208.0, 28]","[206.0, 19]","[213.23, 26]","[217.0, 26]",210.62,99,5.23,-0.05
07:35:16,"[205.4, 20]","[199.14, 7]","[210.5, 20]","[211.41, 17]",207.95,64,5.1,-0.16
07:35:17,"[201.0, 48]","[180.0, 12]","[207.26, 39]","[208.26, 42]",204.13,141,6.26,-0.15
07:35:18,"[196.81, 37]","[166.8, 15]","[204.0, 22]","[205.09, 22]",200.41,96,7.19,0.08
07:35:19,"[194.0, 36]","[150.36, 14]","[201.39, 23]","[203.17, 24]",197.7,97,7.39,0.03
07:35:20,"[121.58, 19]","[81.88, 26]","[201.65, 17]","[204.56, 41]",161.61,103,80.07,-0.13
07:35:21,"[118.1, 20]","[81.97, 29]","[256.71, 28]","[336.68, 31]",187.41,108,138.61,-0.09
07:35:22,"[157.0, 2]","[115.0, 4]","[295.0, 8]","[296.0, 8]",226.0,22,138.0,-0.45
07:35:23,"[205.32, 19]","[139.75, 8]","[294.29, 28]","[338.17, 12]",249.8,67,88.97,-0.19
07:35:24,"[208.0, 25]","[154.9, 20]","[292.9, 40]","[482.8, 10]",250.45,95,84.9,-0.05
07:35:25,"[207.74, 53]","[161.47, 43]","[290.27, 60]","[400.9, 31]",249.0,187,82.53,0.03
07:35:26,"[207.0, 9]","[205.0, 18]","[286.89, 36]","[412.25, 32]",246.94,95,79.89,-0.43
07:35:27,"[206.29, 7]","[184.5, 12]","[285.2, 20]","[445.67, 18]",245.74,57,78.91,-0.33
07:35:28,"[205.0, 16]","[151.88, 24]","[283.62, 32]","[468.45, 22]",244.31,94,78.62,-0.15
07:35:29,"[205.0, 26]","[144.83, 29]","[267.56, 50]","[459.85, 33]",236.28,138,62.56,-0.2
07:35:30,"[205.07, 15]","[155.7, 23]","[227.5, 32]","[573.25, 16]",216.28,86,22.43,-0.12
07:35:31,"[206.91, 23]","[205.0, 28]","[224.79, 56]","[449.46, 28]",215.85,135,17.87,-0.24
07:35:32,"[207.0, 16]","[205.0, 16]","[222.93, 30]","[365.68, 19]",214.97,81,15.93,-0.21
07:35:33,"[179.75, 16]","[155.0, 20]","[220.22, 18]","[223.0, 36]",199.99,90,40.47,-0.2
07:35:34,"[212.0, 16]","[149.87, 52]","[218.14, 44]","[220.14, 28]",215.07,140,6.14,-0.03
07:35:35,"[195.32, 25]","[141.85, 55]","[217.0, 40]","[219.0, 20]",206.16,140,21.68,0.14
07:35:36,"[78.25, 32]","[49.12, 58]","[205.07, 30]","[211.62, 21]",141.66,141,126.82,0.28
07:35:37,"[85.0, 7]","[53.0, 42]","[196.85, 13]","[198.0, 7]",140.92,69,111.85,0.42
07:35:38,"[89.0, 10]","[51.0, 25]","[200.8, 5]","[202.76, 21]",144.9,61,111.8,0.15
07:35:39,"[201.0, 8]","[158.38, 48]","[202.0, 12]","[203.0, 40]",201.5,108,1.0,0.04
07:35:40,"[201.0, 13]","[164.4, 48]","[202.0, 34]","[203.0, 65]",201.5,160,1.0,-0.24
07:35:41,"[128.0, 10]","[36.0, 60]","[196.29, 14]","[200.68, 25]",162.14,109,68.29,0.28
07:35:42,"[44.2, 5]","[36.0, 30]","[197.0, 8]","[201.6, 10]",120.6,53,152.8,0.32
07:35:43,"[172.33, 27]","[47.64, 22]","[197.0, 7]","[200.0, 14]",184.67,70,24.67,0.4
07:35:44,"[182.73, 33]","[82.65, 23]","[197.0, 13]","[200.0, 16]",189.86,85,14.27,0.32
07:35:45,"[190.0, 45]","[59.52, 25]","[203.18, 34]","[277.41, 22]",196.59,126,13.18,0.11
07:35:46,"[85.05, 19]","[35.09, 44]","[416.38, 37]","[570.45, 33]",250.72,133,331.33,-0.05
07:35:47,"[208.35, 23]","[95.82, 33]","[375.14, 28]","[449.0, 20]",291.75,104,166.8,0.08
07:35:48,"[209.67, 30]","[208.31, 13]","[416.62, 13]","[473.0, 11]",313.14,67,206.95,0.28
07:35:49,"[210.17, 24]","[209.33, 24]","[416.63, 19]","[466.27, 11]",313.4,78,206.46,0.23
07:35:50,"[156.45, 22]","[103.72, 50]","[270.53, 30]","[346.38, 26]",213.49,128,114.08,0.12
07:35:51,"[139.75, 48]","[116.55, 51]","[202.73, 55]","[204.0, 22]",171.24,176,62.98,0.12
07:35:52,"[148.78, 18]","[140.25, 32]","[314.77, 13]","[526.2, 20]",231.77,83,165.99,0.2
07:35:53,"[212.33, 18]","[164.33, 12]","[415.17, 12]","[525.0, 6]",313.75,48,202.83,0.25
07:35:54,"[214.88, 48]","[213.0, 32]","[284.43, 14]","[421.2, 10]",249.65,104,69.55,0.54
07:35:55,"[215.0, 90]","[213.0, 60]","[230.26, 27]","[330.11, 54]",222.63,231,15.26,0.3
07:35:56,"[215.0, 42]","[213.0, 40]","[221.6, 20]","[223.0, 10]",218.3,112,6.6,0.46
07:35:57,"[215.0, 18]","[213.0, 24]","[220.0, 12]","[240.78, 9]",217.5,63,5.0,0.33
07:35:58,"[214.3, 23]","[210.63, 38]","[218.29, 14]","[261.0, 7]",216.3,82,3.98,0.49
07:35:59,"[211.64, 33]","[207.48, 62]","[217.14, 14]","[261.0, 7]",214.39,116,5.51,0.64
07:36:00,"[208.0, 36]","[204.0, 32]","[216.5, 8]","[261.0, 4]",212.25,80,8.5,0.7
07:36:01,"[208.0, 90]","[204.0, 64]","[252.82, 11]","[376.07, 30]",230.41,195,44.82,0.58
07:36:02,"[208.0, 117]","[204.0, 198]","[297.73, 30]","[336.54, 24]",252.87,369,89.73,0.71
07:36:03,"[208.0, 102]","[204.0, 234]","[236.55, 29]","[258.94, 16]",222.28,381,28.55,0.76
07:36:04,"[208.15, 52]","[204.76, 178]","[227.22, 32]","[229.63, 19]",217.69,281,19.06,0.64
07:36:05,"[210.24, 29]","[208.11, 56]","[222.59, 22]","[224.24, 17]",216.42,124,12.35,0.37
07:36:06,"[209.62, 37]","[207.67, 15]","[221.0, 25]","[222.0, 10]",215.31,87,11.38,0.2
07:36:07,"[208.0, 20]","[205.0, 4]","[221.0, 8]","[222.0, 4]",214.5,36,13.0,0.33
07:36:08,"[208.0, 40]","[205.0, 16]","[220.14, 14]","[221.2, 10]",214.07,80,12.14,0.4
07:36:09,"[208.0, 40]","[205.0, 16]","[217.1, 10]","[218.86, 14]",212.55,80,9.1,0.4
07:36:10,"[208.39, 28]","[207.5, 48]","[213.13, 15]","[215.05, 21]",210.76,112,4.74,0.36
07:36:11,"[210.0, 10]","[208.0, 50]","[212.0, 10]","[213.0, 20]",211.0,90,2.0,0.33
07:36:12,"[208.08, 72]","[206.15, 26]","[212.47, 30]","[270.39, 41]",210.28,169,4.38,0.16
07:36:13,"[208.0, 55]","[205.0, 11]","[209.59, 34]","[239.64, 22]",208.79,122,1.59,0.08
07:36:14,"[207.05, 22]","[204.03, 87]","[209.06, 31]","[242.45, 22]",208.05,162,2.02,0.35
07:36:15,"[204.23, 31]","[203.8, 105]","[206.79, 28]","[207.73, 22]",205.51,186,2.56,0.46
07:36:16,"[204.0, 66]","[203.0, 70]","[205.0, 20]","[207.0, 30]",204.5,186,1.0,0.46
07:36:17,"[204.0, 24]","[203.0, 49]","[278.04, 23]","[346.57, 35]",241.02,131,74.04,0.11
07:36:18,"[204.0, 48]","[203.0, 63]","[317.0, 45]","[384.57, 21]",260.5,177,113.0,0.25
07:36:19,"[204.33, 24]","[203.36, 44]","[319.3, 37]","[412.04, 28]",261.82,133,114.96,0.02
07:36:20,"[204.89, 9]","[203.36, 33]","[492.67, 12]","[596.14, 28]",348.78,82,287.78,0.02
07:36:21,"[200.43, 84]","[186.55, 44]","[374.0, 26]","[625.55, 62]",287.21,216,173.57,0.19
07:36:22,"[200.0, 32]","[154.53, 30]","[374.0, 16]","[633.75, 40]",287.0,118,174.0,0.05
07:36:23,"[211.0, 25]","[200.78, 18]","[279.6, 10]","[418.45, 22]",245.3,75,68.6,0.15
07:36:24,"[212.11, 9]","[206.71, 41]","[255.08, 26]","[317.82, 22]",233.59,98,42.97,0.02
07:36:25,"[211.0, 8]","[200.0, 32]","[255.0, 24]","[515.57, 35]",233.0,99,44.0,-0.19
07:36:26,"[211.0, 8]","[200.0, 32]","[254.25, 24]","[327.0, 40]",232.62,104,43.25,-0.23
07:36:27,"[211.0, 9]","[200.0, 36]","[254.0, 27]","[399.0, 45]",232.5,117,43.0,-0.23
07:36:28,"[211.0, 10]","[204.0, 60]","[253.4, 30]","[586.1, 29]",232.2,129,42.4,0.09
07:36:29,"[206.44, 55]","[202.81, 81]","[251.47, 76]","[269.57, 49]",228.96,261,45.04,0.04
07:36:30,"[212.22, 54]","[205.53, 47]","[248.08, 60]","[250.0, 24]",230.15,185,35.86,0.09
07:36:31,"[213.0, 58]","[210.0, 27]","[244.42, 33]","[246.33, 30]",228.71,148,31.42,0.15
07:36:32,"[211.5, 36]","[205.2, 45]","[241.69, 26]","[243.51, 37]",226.6,144,30.19,0.12
07:36:33,"[210.0, 90]","[204.75, 72]","[238.18, 34]","[238.68, 44]",224.09,240,28.18,0.35
07:36:34,"[210.0, 36]","[207.0, 63]","[235.92, 12]","[237.47, 15]",222.96,126,25.92,0.57
07:36:35,"[210.0, 36]","[207.0, 114]","[234.0, 30]","[236.0, 18]",222.0,198,24.0,0.52
07:36:36,"[210.0, 39]","[207.0, 247]","[233.0, 39]","[234.0, 65]",221.5,390,23.0,0.47
07:36:37,"[210.0, 21]","[207.0, 133]","[232.35, 20]","[233.82, 33]",221.18,207,22.35,0.49
07:36:38,"[210.03, 34]","[207.04, 212]","[216.91, 45]","[229.79, 29]",213.47,320,6.88,0.54
07:36:39,"[207.96, 53]","[207.21, 87]","[212.07, 28]","[214.39, 49]",210.02,217,4.11,0.29
07:36:40,"[207.0, 163]","[204.0, 54]","[210.67, 18]","[225.17, 36]",208.83,271,3.67,0.6
07:36:41,"[206.93, 161]","[204.35, 102]","[208.64, 22]","[209.59, 34]",207.78,319,1.71,0.65
07:36:42,"[205.2, 75]","[204.23, 78]","[206.96, 25]","[208.0, 15]",206.08,193,1.76,0.59
07:36:43,"[206.08, 53]","[205.1, 80]","[242.11, 19]","[319.68, 25]",224.09,177,36.03,0.5
07:36:44,"[208.4, 40]","[206.76, 21]","[418.68, 22]","[481.9, 30]",313.54,113,210.28,0.08
07:36:45,"[210.25, 80]","[208.84, 19]","[348.19, 42]","[480.97, 32]",279.22,173,137.94,0.14
07:36:46,"[212.22, 36]","[210.0, 18]","[263.38, 13]","[277.1, 42]",237.8,109,51.16,-0.01
07:36:47,"[213.0, 52]","[210.0, 26]","[225.52, 23]","[266.2, 25]",219.26,126,12.52,0.24
07:36:48,"[213.0, 44]","[210.0, 22]","[260.97, 29]","[359.89, 19]",236.98,114,47.97,0.16
07:36:49,"[213.14, 56]","[211.64, 55]","[260.0, 42]","[262.0, 14]",236.57,167,46.86,0.33
07:36:50,"[212.33, 48]","[210.67, 30]","[259.42, 36]","[262.0, 12]",235.88,126,47.08,0.24
07:36:51,"[212.0, 28]","[210.0, 14]","[256.92, 13]","[258.0, 15]",234.46,70,44.92,0.2
07:36:52,"[207.43, 56]","[205.75, 32]","[253.5, 16]","[255.4, 30]",230.46,134,46.07,0.31
07:36:53,"[207.0, 96]","[205.0, 48]","[250.38, 16]","[252.0, 8]",228.69,168,43.38,0.71
07:36:54,"[207.0, 120]","[205.0, 72]","[249.1, 42]","[249.92, 26]",228.05,260,42.1,0.48
07:36:55,"[207.07, 133]","[205.56, 108]","[224.0, 35]","[228.65, 62]",215.53,338,16.93,0.43
07:36:56,"[207.0, 178]","[205.0, 120]","[210.17, 52]","[213.71, 63]",208.59,413,3.17,0.44
07:36:57,"[205.86, 42]","[203.64, 56]","[212.67, 27]","[242.0, 30]",209.26,155,6.81,0.26
07:36:58,"[206.09, 23]","[203.95, 63]","[213.0, 24]","[214.0, 24]",209.54,134,6.91,0.28
07:36:59,"[205.31, 32]","[202.97, 124]","[212.08, 36]","[243.83, 24]",208.7,216,6.77,0.44
07:37:00,"[202.6, 60]","[200.76, 68]","[325.5, 10]","[482.5, 36]",264.05,174,122.9,0.47
07:37:01,"[208.04, 81]","[201.04, 89]","[503.06, 18]","[611.33, 27]",355.55,215,295.02,0.58
07:37:02,"[212.0, 32]","[207.38, 24]","[429.6, 15]","[464.22, 9]",320.8,80,217.6,0.4
07:37:03,"[212.0, 36]","[210.0, 27]","[409.29, 17]","[490.88, 17]",310.65,97,197.29,0.3
07:37:04,"[212.0, 36]","[210.0, 27]","[468.0, 18]","[471.0, 9]",340.0,90,256.0,0.4
07:37:05,"[212.0, 32]","[210.0, 24]","[289.85, 33]","[372.67, 18]",250.92,107,77.85,0.05
07:37:06,"[212.0, 32]","[210.0, 24]","[274.25, 40]","[483.64, 11]",243.12,107,62.25,0.05
07:37:07,"[212.0, 36]","[210.0, 27]","[272.78, 45]","[354.22, 23]",242.39,131,60.78,-0.04
07:37:08,"[212.0, 15]","[210.0, 31]","[272.0, 45]","[392.22, 18]",242.0,109,60.0,-0.16
07:37:09,"[211.17, 12]","[209.84, 37]","[268.05, 37]","[340.16, 25]",239.61,111,56.89,-0.12
07:37:10,"[210.0, 40]","[207.0, 16]","[270.71, 28]","[304.33, 36]",240.36,120,60.71,-0.07
07:37:11,"[211.39, 36]","[206.8, 20]","[269.46, 26]","[270.68, 44]",240.43,126,58.07,-0.11
07:37:12,"[212.0, 44]","[207.55, 22]","[267.45, 22]","[269.0, 55]",239.73,143,55.45,-0.08
07:37:13,"[212.0, 34]","[207.28, 25]","[266.07, 28]","[269.0, 70]",239.04,157,54.07,-0.25
07:37:14,"[209.5, 24]","[205.25, 72]","[262.06, 32]","[263.42, 24]",235.78,152,52.56,0.26
07:37:15,"[207.0, 9]","[205.0, 99]","[258.54, 13]","[260.05, 42]",232.77,163,51.54,0.33
07:37:16,"[207.0, 7]","[205.0, 77]","[256.43, 7]","[260.0, 35]",231.71,126,49.43,0.33
07:37:17,"[207.22, 18]","[205.03, 156]","[254.62, 45]","[257.81, 36]",230.92,255,47.4,0.36
07:37:18,"[208.26, 19]","[205.58, 31]","[250.72, 43]","[251.63, 30]",229.49,123,42.46,-0.19
07:37:19,"[209.0, 13]","[207.0, 13]","[245.93, 41]","[246.22, 45]",227.46,112,36.93,-0.54
07:37:20,"[205.59, 68]","[202.68, 73]","[237.5, 40]","[243.37, 19]",221.54,200,31.91,0.41
07:37:21,"[205.07, 113]","[202.18, 116]","[221.1, 50]","[223.42, 43]",213.09,322,16.03,0.42
07:37:22,"[206.0, 178]","[205.0, 92]","[215.96, 54]","[217.5, 40]",210.98,364,9.96,0.48
07:37:23,"[206.0, 160]","[203.64, 103]","[212.18, 57]","[213.88, 32]",209.09,352,6.18,0.49
07:37:24,"[206.0, 140]","[205.0, 112]","[209.55, 44]","[210.7, 40]",207.77,336,3.55,0.5
07:37:25,"[205.31, 148]","[203.51, 216]","[213.06, 64]","[219.93, 57]",209.19,485,7.75,0.5
07:37:26,"[212.0, 13]","[205.0, 120]","[213.75, 32]","[220.32, 38]",212.88,203,1.75,0.31
07:37:27,"[206.03, 97]","[204.62, 240]","[211.81, 64]","[240.84, 76]",208.92,477,5.78,0.41
07:37:28,"[206.33, 48]","[205.23, 140]","[208.7, 40]","[232.68, 59]",207.52,287,2.37,0.31
07:37:29,"[206.0, 56]","[205.0, 154]","[207.71, 28]","[282.2, 50]",206.86,288,1.71,0.46
07:37:30,"[205.06, 102]","[204.4, 60]","[450.8, 25]","[558.0, 56]",327.93,243,245.74,0.33
07:37:31,"[206.6, 20]","[205.0, 80]","[497.07, 14]","[515.78, 46]",351.84,160,290.47,0.25
07:37:32,"[207.0, 20]","[205.0, 64]","[243.05, 22]","[253.76, 38]",225.02,144,36.05,0.17
07:37:33,"[207.04, 24]","[205.0, 52]","[228.08, 13]","[251.47, 45]",217.56,134,21.04,0.13
07:37:34,"[208.67, 15]","[205.32, 57]","[226.0, 15]","[398.8, 75]",217.33,162,17.33,-0.11
07:37:35,"[210.4, 10]","[207.0, 30]","[225.5, 10]","[457.0, 50]",217.95,100,15.1,-0.2
07:37:36,"[211.44, 9]","[207.0, 27]","[225.0, 9]","[469.33, 45]",218.22,90,13.56,-0.2
07:37:37,"[212.0, 11]","[207.22, 27]","[225.0, 11]","[441.0, 55]",218.5,104,13.0,-0.27
07:37:38,"[209.22, 18]","[206.86, 28]","[224.23, 13]","[520.84, 49]",216.73,108,15.01,-0.15
07:37:39,"[207.0, 14]","[206.0, 56]","[224.0, 14]","[374.48, 66]",215.5,150,17.0,-0.07
07:37:40,"[207.0, 8]","[206.0, 32]","[223.38, 8]","[258.0, 40]",215.19,88,16.38,-0.09
07:37:41,"[206.44, 54]","[205.86, 42]","[220.71, 21]","[242.23, 61]",213.58,178,14.27,0.08
07:37:42,"[206.0, 157]","[204.1, 29]","[216.89, 35]","[218.06, 35]",211.44,256,10.89,0.45
07:37:43,"[207.79, 112]","[205.38, 29]","[216.0, 52]","[217.0, 13]",211.89,206,8.21,0.37
07:37:44,"[211.0, 110]","[206.0, 57]","[215.88, 17]","[285.46, 39]",213.44,223,4.88,0.5
07:37:45,"[211.0, 110]","[206.0, 66]","[213.82, 11]","[261.09, 55]",212.41,242,2.82,0.45
07:37:46,"[211.0, 60]","[206.0, 36]","[212.04, 26]","[238.0, 10]",211.52,132,1.04,0.45
07:37:47,"[211.0, 65]","[206.0, 42]","[212.03, 31]","[308.91, 11]",211.52,149,1.03,0.44
07:37:48,"[211.0, 19]","[206.19, 63]","[395.46, 35]","[426.04, 25]",303.23,142,184.46,0.15
07:37:49,"[211.0, 12]","[209.38, 39]","[423.54, 28]","[435.0, 40]",317.27,119,212.54,-0.14
07:37:50,"[209.27, 15]","[207.17, 36]","[233.6, 15]","[275.67, 15]",221.43,81,24.33,0.26
07:37:51,"[207.67, 15]","[206.25, 40]","[215.8, 10]","[216.8, 10]",211.73,75,8.13,0.47
07:37:52,"[206.05, 76]","[205.0, 24]","[212.71, 14]","[214.79, 14]",209.38,128,6.66,0.56
07:37:53,"[206.19, 27]","[205.3, 20]","[209.83, 12]","[210.83, 12]",208.01,71,3.65,0.32
07:37:54,"[207.0, 11]","[206.0, 27]","[208.55, 11]","[209.55, 11]",207.77,60,1.55,0.27
07:37:55,"[206.89, 54]","[205.6, 30]","[208.47, 15]","[249.16, 19]",207.68,118,1.58,0.42
07:37:56,"[207.2, 50]","[205.76, 25]","[209.57, 14]","[268.0, 42]",208.39,131,2.37,0.15
07:37:57,"[208.0, 35]","[206.0, 24]","[249.36, 25]","[284.86, 35]",228.68,119,41.36,-0.01
07:37:58,"[207.63, 27]","[205.44, 27]","[261.4, 15]","[364.8, 60]",234.51,129,53.77,-0.16
07:37:59,"[204.94, 96]","[203.18, 22]","[281.63, 51]","[361.61, 41]",243.28,210,76.69,0.12
07:38:00,"[205.22, 89]","[204.74, 61]","[236.7, 46]","[292.92, 39]",220.96,235,31.47,0.28
07:38:01,"[206.65, 69]","[204.0, 26]","[315.53, 38]","[370.44, 36]",261.09,169,108.87,0.12
07:38:02,"[208.14, 42]","[204.57, 28]","[359.0, 56]","[365.0, 14]",283.57,140,150.86,0.0
07:38:03,"[209.64, 50]","[208.0, 36]","[303.19, 53]","[332.87, 45]",256.41,184,93.55,-0.07
07:38:04,"[210.0, 52]","[209.0, 39]","[284.47, 57]","[313.08, 52]",247.24,200,74.47,-0.09
07:38:05,"[210.78, 36]","[209.0, 37]","[280.24, 33]","[385.42, 36]",245.51,142,69.46,0.03
07:38:06,"[211.0, 64]","[209.0, 128]","[262.61, 79]","[306.43, 44]",236.8,315,51.61,0.22
07:38:07,"[211.0, 32]","[209.0, 72]","[218.0, 45]","[283.33, 27]",214.5,176,7.0,0.18
07:38:08,"[211.0, 24]","[209.0, 64]","[217.0, 40]","[433.18, 17]",214.0,145,6.0,0.21
07:38:09,"[209.27, 89]","[207.78, 54]","[214.87, 75]","[378.73, 30]",212.07,248,5.6,0.15
07:38:10,"[209.0, 84]","[206.0, 24]","[212.92, 60]","[403.49, 41]",210.96,209,3.92,0.03
07:38:11,"[209.0, 63]","[206.0, 18]","[211.11, 45]","[311.0, 27]",210.06,153,2.11,0.06
07:38:12,"[208.79, 28]","[205.88, 16]","[379.61, 38]","[446.07, 15]",294.2,97,170.82,-0.09
07:38:13,"[208.4, 10]","[205.75, 8]","[440.0, 20]","[573.85, 13]",324.2,51,231.6,-0.29
07:38:14,"[207.25, 12]","[204.55, 11]","[376.68, 38]","[550.04, 28]",291.97,89,169.43,-0.48
07:38:15,"[202.31, 102]","[200.62, 32]","[634.71, 21]","[665.0, 38]",418.51,193,432.4,0.39
07:38:16,"[203.78, 101]","[201.63, 86]","[371.0, 9]","[711.0, 27]",287.39,223,167.22,0.68
07:38:17,"[206.33, 27]","[204.97, 109]","[333.5, 36]","[489.25, 16]",269.92,188,127.17,0.45
07:38:18,"[206.38, 64]","[204.83, 106]","[330.23, 44]","[348.27, 33]",268.3,247,123.85,0.38
07:38:19,"[206.0, 69]","[202.0, 182]","[284.0, 38]","[311.6, 35]",245.0,324,78.0,0.55
07:38:20,"[202.37, 129]","[201.55, 80]","[231.85, 39]","[233.0, 26]",217.11,274,29.47,0.53
07:38:21,"[202.0, 188]","[153.85, 80]","[223.62, 55]","[229.67, 49]",212.81,372,21.62,0.44
07:38:22,"[202.1, 80]","[198.0, 98]","[220.21, 28]","[223.15, 41]",211.16,247,18.11,0.44
07:38:23,"[202.0, 142]","[158.0, 22]","[217.16, 31]","[218.75, 24]",209.58,219,15.16,0.5
07:38:24,"[202.0, 81]","[166.12, 16]","[214.17, 23]","[215.65, 17]",208.09,137,12.17,0.42
07:38:25,"[203.17, 23]","[199.37, 67]","[211.25, 24]","[213.1, 31]",207.21,145,8.08,0.24
07:38:26,"[202.0, 55]","[139.13, 85]","[205.79, 29]","[207.15, 26]",203.9,195,3.79,0.44
07:38:27,"[194.49, 49]","[139.48, 71]","[203.38, 32]","[204.31, 39]",198.93,191,8.89,0.26
07:38:28,"[187.4, 60]","[149.78, 23]","[232.28, 18]","[329.7, 33]",209.84,134,44.88,0.24
07:38:29,"[207.03, 106]","[171.1, 39]","[276.0, 10]","[278.0, 30]",241.51,185,68.97,0.57
07:38:30,"[207.55, 65]","[198.08, 39]","[274.87, 23]","[365.65, 37]",241.21,164,67.32,0.27
07:38:31,"[209.82, 17]","[207.41, 69]","[232.9, 21]","[367.0, 35]",221.36,142,23.08,0.21
07:38:32,"[209.0, 14]","[207.0, 77]","[210.88, 17]","[211.45, 11]",209.94,119,1.88,0.53
07:38:33,"[207.0, 126]","[202.0, 12]","[208.5, 16]","[244.41, 32]",207.75,186,1.5,0.48
07:38:34,"[207.0, 45]","[202.0, 5]","[209.0, 15]","[621.75, 16]",208.0,81,2.0,0.23
07:38:35,"[207.05, 60]","[205.97, 34]","[209.0, 30]","[733.1, 40]",208.03,164,1.95,0.15
07:38:36,"[207.41, 155]","[205.41, 41]","[379.71, 51]","[623.65, 65]",293.56,312,172.29,0.26
07:38:37,"[208.0, 160]","[207.0, 70]","[372.54, 39]","[539.46, 35]",290.27,304,164.54,0.51
07:38:38,"[208.15, 208]","[207.0, 91]","[322.42, 60]","[559.02, 57]",265.29,416,114.26,0.44
07:38:39,"[209.75, 128]","[207.0, 56]","[478.88, 32]","[635.0, 32]",344.31,248,269.12,0.48
07:38:40,"[210.18, 142]","[207.0, 70]","[337.1, 40]","[456.88, 42]",273.64,294,126.92,0.44
07:38:41,"[211.0, 104]","[207.0, 56]","[418.0, 32]","[622.49, 37]",314.5,229,207.0,0.4
07:38:42,"[211.0, 130]","[207.0, 70]","[441.9, 40]","[526.33, 43]",326.45,283,230.9,0.41
07:38:43,"[211.0, 130]","[208.25, 56]","[340.93, 40]","[399.73, 41]",275.96,267,129.93,0.39
07:38:44,"[211.0, 68]","[209.0, 30]","[272.92, 26]","[357.67, 24]",241.96,148,61.92,0.32
07:38:45,"[211.0, 99]","[209.0, 45]","[279.76, 29]","[335.22, 36]",245.38,209,68.76,0.38
07:38:46,"[211.0, 121]","[209.0, 55]","[249.61, 36]","[269.54, 41]",230.31,253,38.61,0.39
07:38:47,"[211.0, 156]","[209.0, 75]","[220.9, 49]","[231.29, 56]",215.95,336,9.9,0.38
07:38:48,"[211.0, 50]","[209.0, 50]","[219.0, 30]","[347.85, 47]",215.0,177,8.0,0.13
07:38:49,"[211.0, 80]","[209.0, 95]","[214.74, 57]","[225.23, 60]",212.87,292,3.74,0.2
07:38:50,"[209.0, 56]","[207.0, 84]","[211.35, 37]","[212.34, 35]",210.18,212,2.35,0.32
07:38:51,"[209.0, 32]","[207.0, 98]","[210.4, 55]","[213.09, 33]",209.7,218,1.4,0.19
07:38:52,"[207.0, 66]","[206.0, 56]","[253.36, 50]","[351.21, 56]",230.18,228,46.36,0.07
07:38:53,"[209.5, 8]","[206.29, 17]","[360.75, 32]","[447.25, 32]",285.12,89,151.25,-0.44
07:38:54,"[211.0, 8]","[207.0, 8]","[278.0, 40]","[432.88, 32]",244.5,88,67.0,-0.64
07:38:55,"[211.98, 43]","[210.5, 8]","[382.0, 32]","[500.5, 32]",296.99,115,170.02,-0.11
07:38:56,"[212.0, 72]","[211.0, 18]","[240.0, 48]","[429.08, 48]",226.0,186,28.0,-0.03
07:38:57,"[213.0, 66]","[211.0, 52]","[362.23, 52]","[419.31, 52]",287.62,222,149.23,0.06
07:38:58,"[210.6, 10]","[209.91, 22]","[487.7, 40]","[653.76, 42]",349.15,114,277.1,-0.44
07:38:59,"[209.0, 7]","[206.04, 25]","[381.0, 28]","[624.86, 28]",295.0,88,172.0,-0.27
07:39:00,"[209.0, 12]","[206.79, 38]","[346.47, 43]","[519.25, 48]",277.73,141,137.47,-0.29
07:39:01,"[209.0, 16]","[207.0, 48]","[310.86, 56]","[521.78, 50]",259.93,170,101.86,-0.25
07:39:02,"[209.0, 11]","[207.0, 33]","[299.62, 39]","[452.52, 21]",254.31,104,90.62,-0.15
07:39:03,"[209.0, 15]","[207.0, 45]","[252.68, 25]","[333.72, 36]",230.84,121,43.68,-0.01
07:39:04,"[202.94, 49]","[204.18, 33]","[266.9, 20]","[351.67, 27]",234.92,129,63.96,0.27
07:39:05,"[202.35, 68]","[201.7, 108]","[221.0, 40]","[287.0, 20]",211.68,236,18.65,0.49
07:39:06,"[204.56, 18]","[202.0, 162]","[221.0, 36]","[580.92, 24]",212.78,240,16.44,0.5
07:39:07,"[202.02, 147]","[145.81, 36]","[220.09, 44]","[295.53, 34]",211.06,261,18.07,0.4
07:39:08,"[204.5, 48]","[202.2, 98]","[220.0, 80]","[320.89, 36]",212.25,262,15.5,0.11
07:39:09,"[204.19, 36]","[201.93, 61]","[219.18, 55]","[268.0, 22]",211.69,174,14.99,0.11
07:39:10,"[203.0, 28]","[202.0, 35]","[217.71, 35]","[236.57, 14]",210.36,112,14.71,0.12
07:39:11,"[203.0, 28]","[202.0, 35]","[215.43, 35]","[406.5, 16]",209.21,114,12.43,0.11
07:39:12,"[203.0, 40]","[202.0, 50]","[213.2, 50]","[509.45, 22]",208.1,162,10.2,0.11
07:39:13,"[203.82, 55]","[202.25, 80]","[212.8, 75]","[383.38, 52]",208.31,262,8.98,0.03
07:39:14,"[206.0, 42]","[203.0, 56]","[211.82, 67]","[328.91, 53]",208.91,218,5.82,-0.1
07:39:15,"[206.88, 73]","[205.0, 36]","[210.0, 53]","[211.0, 46]",208.44,208,3.12,0.05
07:39:16,"[206.0, 29]","[203.16, 31]","[208.14, 28]","[209.79, 38]",207.07,126,2.14,-0.05
07:39:17,"[202.0, 32]","[199.0, 67]","[205.5, 38]","[207.23, 26]",203.75,163,3.5,0.21
07:39:18,"[202.0, 26]","[199.0, 66]","[212.89, 28]","[259.49, 35]",207.45,155,10.89,0.19
07:39:19,"[205.53, 17]","[199.13, 46]","[275.1, 40]","[295.88, 32]",240.31,135,69.57,-0.07
07:39:20,"[211.09, 11]","[200.5, 8]","[278.0, 15]","[279.0, 10]",244.55,44,66.91,-0.14
07:39:21,"[211.0, 52]","[203.56, 50]","[259.27, 52]","[346.88, 33]",235.13,187,48.27,0.09
07:39:22,"[211.0, 42]","[204.0, 143]","[276.18, 33]","[504.37, 43]",243.59,261,65.18,0.42
07:39:23,"[211.0, 20]","[204.0, 130]","[276.0, 30]","[539.98, 44]",243.5,224,65.0,0.34
07:39:24,"[208.24, 33]","[203.98, 131]","[274.82, 33]","[520.67, 27]",241.53,224,66.58,0.46
07:39:25,"[205.8, 70]","[206.57, 65]","[274.0, 39]","[528.71, 21]",239.9,195,68.2,0.38
07:39:26,"[209.0, 35]","[204.0, 91]","[274.0, 21]","[433.5, 20]",241.5,167,65.0,0.51
07:39:27,"[209.0, 75]","[204.0, 195]","[272.57, 49]","[295.48, 71]",240.79,390,63.57,0.38
07:39:28,"[209.15, 65]","[204.74, 168]","[269.87, 54]","[270.77, 74]",239.51,361,60.72,0.29
07:39:29,"[209.4, 50]","[208.61, 62]","[267.72, 54]","[268.88, 74]",238.56,240,58.32,-0.07
07:39:30,"[208.07, 15]","[205.73, 11]","[264.92, 39]","[266.1, 42]",236.49,107,56.86,-0.51
07:39:31,"[207.0, 8]","[205.0, 8]","[261.12, 40]","[265.0, 40]",234.06,96,54.12,-0.67
07:39:32,"[206.38, 13]","[204.15, 61]","[228.07, 57]","[232.31, 59]",217.23,190,21.69,-0.22
07:39:33,"[202.75, 24]","[203.42, 83]","[210.81, 48]","[211.95, 57]",206.78,212,8.06,0.01
07:39:34,"[202.42, 38]","[201.38, 32]","[207.36, 44]","[209.12, 51]",204.89,165,4.94,-0.15
07:39:35,"[202.5, 32]","[200.91, 32]","[204.63, 38]","[205.38, 56]",203.57,158,2.13,-0.19
07:39:36,"[200.78, 51]","[197.44, 27]","[202.11, 37]","[204.71, 21]",201.45,136,1.32,0.15
07:39:37,"[199.29, 17]","[176.85, 26]","[201.18, 22]","[245.46, 13]",200.24,78,1.89,0.1
07:39:38,"[120.9, 31]","[100.62, 13]","[197.79, 28]","[200.71, 17]",159.34,89,76.88,-0.01
07:39:39,"[121.86, 50]","[108.95, 21]","[196.0, 30]","[200.0, 20]",158.93,121,74.14,0.17
07:39:40,"[122.64, 42]","[121.57, 42]","[195.0, 18]","[196.0, 18]",158.82,120,72.36,0.4
07:39:41,"[131.58, 24]","[124.47, 32]","[195.0, 24]","[196.0, 24]",163.29,104,63.42,0.08
07:39:42,"[167.0, 33]","[128.83, 59]","[195.0, 33]","[196.0, 33]",181.0,158,28.0,0.16
07:39:43,"[179.09, 33]","[136.88, 51]","[196.0, 27]","[198.0, 9]",187.55,120,16.91,0.4
07:39:44,"[185.8, 70]","[184.0, 50]","[196.0, 30]","[198.0, 10]",190.9,160,10.2,0.5
07:39:45,"[188.37, 82]","[185.98, 54]","[196.0, 42]","[198.0, 14]",192.18,192,7.63,0.42
07:39:46,"[194.89, 28]","[190.77, 26]","[197.11, 18]","[199.6, 10]",196.0,82,2.22,0.32
07:39:47,"[199.41, 61]","[198.26, 43]","[202.32, 44]","[284.86, 58]",200.86,206,2.91,0.01
07:39:48,"[198.37, 41]","[138.46, 13]","[203.0, 30]","[383.5, 30]",200.68,114,4.63,-0.05
07:39:49,"[198.0, 36]","[185.73, 45]","[202.8, 30]","[270.2, 30]",200.4,141,4.8,0.15
07:39:50,"[199.35, 31]","[191.61, 46]","[289.0, 16]","[412.33, 21]",244.18,114,89.65,0.35
07:39:51,"[206.86, 21]","[201.0, 16]","[305.0, 9]","[376.71, 14]",255.93,60,98.14,0.23
07:39:52,"[210.0, 50]","[199.8, 40]","[335.33, 30]","[374.23, 26]",272.67,146,125.33,0.23
07:39:53,"[210.0, 7]","[198.0, 28]","[334.8, 20]","[415.24, 21]",272.4,76,124.8,-0.08
07:39:54,"[132.56, 9]","[111.76, 21]","[291.21, 33]","[443.26, 27]",211.88,90,158.66,-0.33
07:39:55,"[196.72, 32]","[127.3, 20]","[198.0, 40]","[298.0, 29]",197.36,121,1.28,-0.14
07:39:56,"[181.76, 63]","[143.19, 36]","[262.8, 70]","[363.18, 45]",222.28,214,81.04,-0.07
07:39:57,"[198.0, 18]","[153.22, 27]","[315.55, 42]","[441.89, 18]",256.77,105,117.55,-0.14
07:39:58,"[198.67, 12]","[133.0, 24]","[406.88, 25]","[520.56, 16]",302.77,77,208.21,-0.06
07:39:59,"[148.53, 34]","[115.69, 16]","[207.38, 16]","[232.0, 27]",177.95,93,58.85,0.08
07:40:00,"[176.0, 28]","[143.57, 7]","[194.0, 14]","[196.0, 7]",185.0,56,18.0,0.25
07:40:01,"[176.0, 16]","[155.0, 4]","[194.0, 7]","[196.0, 4]",185.0,31,18.0,0.29
07:40:02,"[165.5, 10]","[102.25, 16]","[198.5, 16]","[201.05, 19]",182.0,61,33.0,-0.15
07:40:03,"[100.27, 11]","[66.0, 9]","[203.1, 20]","[261.78, 27]",151.69,67,102.83,-0.4
07:40:04,"[180.88, 25]","[122.15, 13]","[204.0, 9]","[276.71, 31]",192.44,78,23.12,-0.03
07:40:05,"[199.41, 44]","[196.43, 40]","[204.0, 10]","[253.0, 30]",201.7,124,4.59,0.35
07:40:06,"[200.0, 24]","[199.0, 84]","[204.0, 12]","[277.16, 25]",202.0,145,4.0,0.49
07:40:07,"[197.64, 25]","[193.26, 68]","[202.12, 34]","[203.6, 15]",199.88,142,4.48,0.31
07:40:08,"[196.66, 85]","[128.29, 24]","[203.0, 26]","[204.0, 13]",199.83,148,6.34,0.47
07:40:09,"[179.0, 16]","[83.12, 152]","[203.0, 16]","[204.0, 8]",191.0,192,24.0,0.75
07:40:10,"[187.69, 29]","[106.45, 58]","[195.5, 12]","[203.05, 21]",191.59,120,7.81,0.45
07:40:11,"[177.25, 32]","[149.6, 47]","[194.0, 8]","[203.0, 16]",185.62,103,16.75,0.53
07:40:12,"[162.47, 57]","[136.6, 179]","[199.85, 40]","[203.04, 25]",181.16,301,37.38,0.57
07:40:13,"[161.0, 30]","[134.17, 82]","[200.0, 18]","[203.0, 12]",180.5,142,39.0,0.58
07:40:14,"[177.43, 93]","[135.84, 91]","[200.91, 23]","[203.23, 13]",189.17,220,23.48,0.67
07:40:15,"[181.85, 94]","[123.11, 73]","[200.7, 40]","[203.0, 10]",191.28,217,18.85,0.54
07:40:16,"[177.0, 27]","[127.0, 63]","[200.0, 31]","[203.0, 9]",188.5,130,23.0,0.38
07:40:17,"[176.44, 34]","[151.94, 48]","[200.0, 18]","[203.0, 6]",188.22,106,23.56,0.55
07:40:18,"[162.85, 47]","[140.11, 61]","[199.59, 22]","[202.27, 11]",181.22,141,36.74,0.53
07:40:19,"[188.09, 46]","[167.94, 48]","[203.0, 32]","[331.5, 50]",195.54,176,14.91,0.07
07:40:20,"[202.0, 22]","[157.0, 33]","[203.0, 39]","[258.27, 55]",202.5,149,1.0,-0.26
07:40:21,"[141.82, 83]","[101.86, 58]","[203.0, 36]","[307.95, 38]",172.41,215,61.18,0.31
07:40:22,"[189.3, 211]","[114.17, 127]","[203.0, 39]","[277.05, 55]",196.15,432,13.7,0.56
07:40:23,"[166.29, 28]","[132.69, 68]","[210.71, 35]","[247.13, 63]",188.5,194,44.43,-0.01
07:40:24,"[159.89, 126]","[148.11, 36]","[239.0, 50]","[330.13, 30]",199.44,242,79.11,0.34
07:40:25,"[180.86, 87]","[147.22, 67]","[245.44, 45]","[358.14, 35]",213.15,234,64.58,0.32
07:40:26,"[211.0, 24]","[152.2, 54]","[270.95, 58]","[463.07, 40]",240.97,176,59.95,-0.11
07:40:27,"[209.77, 26]","[206.58, 78]","[309.0, 50]","[503.5, 36]",259.38,190,99.23,0.09
07:40:28,"[207.58, 38]","[205.73, 104]","[315.31, 52]","[458.0, 50]",261.44,244,107.73,0.16
07:40:29,"[206.0, 90]","[204.0, 70]","[271.18, 44]","[461.3, 40]",238.59,244,65.18,0.31
07:40:30,"[206.0, 54]","[204.0, 42]","[281.67, 30]","[474.0, 18]",243.83,144,75.67,0.33
07:40:31,"[206.0, 73]","[204.0, 84]","[286.25, 20]","[331.68, 56]",246.12,233,80.25,0.35
07:40:32,"[206.0, 36]","[204.0, 84]","[284.33, 12]","[295.25, 60]",245.17,192,78.33,0.25
07:40:33,"[206.0, 12]","[204.0, 42]","[283.29, 14]","[376.73, 22]",244.64,90,77.29,0.2
07:40:34,"[206.0, 27]","[204.0, 77]","[280.64, 42]","[282.48, 27]",243.32,173,74.64,0.2
07:40:35,"[208.9, 31]","[205.18, 17]","[248.65, 26]","[255.62, 16]",228.78,90,39.75,0.07
07:40:36,"[210.26, 131]","[208.43, 37]","[232.65, 51]","[232.77, 57]",221.45,276,22.39,0.22
07:40:37,"[211.56, 99]","[209.0, 27]","[223.53, 43]","[224.36, 25]",217.55,194,11.98,0.3
07:40:38,"[212.73, 121]","[209.0, 33]","[222.55, 55]","[223.42, 43]",217.64,252,9.82,0.22
07:40:39,"[213.0, 79]","[209.0, 42]","[216.65, 57]","[220.14, 49]",214.82,227,3.65,0.07
07:40:40,"[212.04, 47]","[209.9, 30]","[214.0, 24]","[226.0, 8]",213.02,109,1.96,0.41
07:40:41,"[212.0, 60]","[209.0, 45]","[213.52, 23]","[317.8, 41]",212.76,169,1.52,0.24
07:40:42,"[212.0, 19]","[209.0, 27]","[371.55, 33]","[466.29, 28]",291.77,107,159.55,-0.14
07:40:43,"[209.39, 31]","[207.82, 57]","[406.25, 40]","[438.0, 28]",307.82,156,196.86,0.13
07:40:44,"[208.69, 49]","[207.71, 84]","[333.4, 60]","[445.72, 58]",271.05,251,124.71,0.06
07:40:45,"[208.0, 20]","[207.0, 80]","[283.6, 40]","[323.9, 40]",245.8,180,75.6,0.11
07:40:46,"[208.0, 16]","[207.0, 64]","[274.29, 28]","[302.14, 28]",241.14,136,66.29,0.18
07:40:47,"[207.36, 39]","[206.86, 65]","[226.42, 48]","[228.0, 24]",216.89,176,19.06,0.18
07:40:48,"[207.0, 45]","[206.0, 9]","[225.44, 36]","[268.0, 18]",216.22,108,18.44,0.0
07:40:49,"[206.59, 17]","[205.04, 51]","[223.44, 18]","[239.2, 30]",215.02,116,16.86,0.17
07:40:50,"[206.0, 16]","[205.0, 112]","[219.95, 61]","[220.47, 40]",212.98,229,13.95,0.12
07:40:51,"[206.0, 11]","[205.0, 77]","[212.32, 41]","[213.11, 38]",209.16,167,6.32,0.05
07:40:52,"[205.07, 40]","[203.56, 75]","[207.41, 34]","[208.72, 39]",206.24,188,2.34,0.22
07:40:53,"[204.14, 14]","[203.05, 44]","[206.86, 28]","[207.43, 14]",205.5,100,2.71,0.16
07:40:54,"[203.04, 48]","[202.07, 80]","[231.5, 16]","[259.14, 29]",217.27,173,28.46,0.48
07:40:55,"[203.0, 64]","[202.0, 108]","[304.54, 39]","[475.81, 42]",253.77,253,101.54,0.36
07:40:56,"[206.76, 17]","[202.18, 88]","[338.86, 56]","[603.41, 61]",272.81,222,132.09,-0.05
07:40:57,"[202.16, 57]","[199.9, 120]","[388.53, 59]","[526.24, 59]",295.34,295,186.37,0.2
07:40:58,"[203.64, 42]","[201.0, 84]","[329.67, 36]","[479.09, 44]",266.65,206,126.02,0.22
07:40:59,"[206.11, 37]","[202.21, 116]","[271.33, 43]","[416.68, 50]",238.72,246,65.22,0.24
07:41:00,"[207.04, 48]","[202.55, 92]","[460.71, 45]","[676.35, 37]",333.88,222,253.67,0.26
07:41:01,"[208.0, 10]","[207.0, 15]","[235.09, 11]","[355.67, 9]",221.55,45,27.09,0.11
07:41:02,"[210.14, 14]","[208.38, 32]","[296.4, 20]","[444.63, 38]",253.27,104,86.26,-0.12
07:41:03,"[211.0, 8]","[208.0, 16]","[449.04, 28]","[567.2, 30]",330.02,82,238.04,-0.41
07:41:04,"[209.43, 46]","[208.5, 48]","[397.44, 50]","[513.59, 27]",303.44,171,188.01,0.1
07:41:05,"[209.02, 110]","[207.7, 40]","[392.76, 21]","[410.13, 61]",300.89,232,183.74,0.29
07:41:06,"[209.0, 86]","[207.0, 56]","[324.3, 20]","[393.5, 54]",266.65,216,115.3,0.31
07:41:07,"[209.0, 40]","[207.0, 40]","[253.82, 22]","[298.28, 18]",231.41,120,44.82,0.33
07:41:08,"[208.54, 39]","[204.73, 66]","[251.12, 32]","[334.15, 26]",229.83,163,42.59,0.29
07:41:09,"[207.0, 28]","[202.0, 100]","[248.6, 10]","[250.44, 25]",227.8,163,41.6,0.57
07:41:10,"[207.0, 10]","[204.19, 37]","[243.93, 14]","[247.3, 10]",225.46,71,36.93,0.32
07:41:11,"[207.0, 93]","[205.0, 36]","[243.33, 12]","[244.92, 12]",225.17,153,36.33,0.69
07:41:12,"[207.0, 70]","[205.0, 21]","[242.0, 7]","[243.0, 7]",224.5,105,35.0,0.73
07:41:13,"[208.06, 149]","[206.74, 115]","[238.67, 15]","[240.27, 15]",223.36,294,30.61,0.8
07:41:14,"[209.55, 80]","[207.0, 90]","[234.22, 9]","[235.22, 9]",221.89,188,24.67,0.81
07:41:15,"[210.0, 116]","[207.0, 160]","[231.69, 16]","[232.69, 16]",220.84,308,21.69,0.79
07:41:16,"[210.33, 45]","[207.0, 90]","[229.22, 9]","[230.22, 9]",219.78,153,18.89,0.76
07:41:17,"[208.09, 110]","[206.2, 100]","[227.86, 14]","[228.86, 14]",217.97,238,19.77,0.76
07:41:18,"[207.75, 40]","[206.74, 115]","[225.77, 13]","[226.92, 13]",216.76,181,18.02,0.71
07:41:19,"[210.0, 12]","[207.0, 120]","[220.83, 12]","[222.0, 12]",215.42,156,10.83,0.69
07:41:20,"[210.64, 11]","[207.45, 47]","[217.36, 11]","[218.45, 11]",214.0,80,6.73,0.45
07:41:21,"[211.75, 16]","[210.0, 16]","[214.12, 16]","[215.25, 16]",212.94,64,2.38,0.0
07:41:22,"[210.8, 15]","[208.12, 102]","[212.53, 15]","[213.73, 15]",211.67,147,1.73,0.59
07:41:23,"[208.12, 16]","[207.12, 51]","[210.2, 10]","[211.67, 6]",209.16,83,2.07,0.61
07:41:24,"[207.4, 45]","[206.69, 96]","[209.86, 21]","[291.47, 15]",208.63,177,2.46,0.59
07:41:25,"[207.13, 52]","[206.0, 60]","[209.17, 24]","[296.5, 48]",208.15,184,2.03,0.22
07:41:26,"[206.7, 10]","[205.11, 19]","[251.14, 14]","[367.79, 29]",228.92,72,44.44,-0.19
07:41:27,"[207.25, 12]","[204.64, 11]","[356.0, 20]","[357.0, 16]",281.62,59,148.75,-0.22
07:41:28,"[208.0, 15]","[205.0, 15]","[355.8, 25]","[357.0, 20]",281.9,75,147.8,-0.2
07:41:29,"[210.24, 34]","[206.88, 25]","[350.35, 43]","[404.0, 26]",280.29,128,140.11,-0.08
07:41:30,"[210.48, 29]","[207.14, 22]","[350.19, 32]","[471.88, 16]",280.34,99,139.7,0.03
07:41:31,"[208.0, 27]","[205.0, 27]","[268.67, 9]","[350.57, 37]",238.33,100,60.67,0.08
07:41:32,"[206.29, 14]","[203.86, 14]","[248.17, 18]","[335.67, 18]",227.23,64,41.88,-0.12
07:41:33,"[204.19, 32]","[199.62, 52]","[247.83, 60]","[526.78, 27]",226.01,171,43.65,-0.02
07:41:34,"[206.0, 24]","[202.0, 12]","[247.0, 30]","[580.6, 15]",226.5,81,41.0,-0.11
07:41:35,"[203.45, 22]","[199.26, 46]","[246.78, 45]","[580.0, 12]",225.12,125,43.32,0.09
07:41:36,"[202.0, 16]","[199.0, 48]","[244.2, 25]","[269.07, 29]",223.1,118,42.2,0.08
07:41:37,"[199.75, 24]","[196.33, 54]","[242.07, 28]","[242.57, 28]",220.91,134,42.32,0.16
07:41:38,"[200.85, 41]","[158.24, 68]","[240.12, 34]","[241.45, 22]",220.49,165,39.26,0.32
07:41:39,"[203.56, 117]","[202.0, 36]","[237.31, 32]","[239.33, 30]",220.43,215,33.76,0.42
07:41:40,"[205.7, 130]","[202.6, 40]","[208.29, 34]","[227.74, 31]",207.0,235,2.59,0.45
07:41:41,"[205.85, 82]","[202.88, 41]","[207.96, 46]","[230.88, 16]",206.91,185,2.1,0.33
07:41:42,"[206.56, 25]","[190.2, 119]","[249.29, 28]","[372.5, 14]",227.92,186,42.73,0.55
07:41:43,"[212.0, 9]","[205.05, 105]","[248.0, 18]","[254.0, 9]",230.0,141,36.0,0.62
07:41:44,"[207.33, 12]","[203.78, 36]","[246.75, 24]","[254.0, 12]",227.04,84,39.42,0.14
07:41:45,"[206.39, 23]","[205.79, 66]","[245.0, 26]","[347.64, 25]",225.7,140,38.61,0.27
07:41:46,"[206.52, 21]","[204.0, 54]","[244.83, 24]","[375.19, 16]",225.68,115,38.31,0.3
07:41:47,"[207.0, 16]","[203.0, 32]","[243.75, 16]","[347.17, 12]",225.38,76,36.75,0.26
07:41:48,"[208.83, 24]","[204.67, 36]","[242.08, 24]","[269.0, 60]",225.46,144,33.25,-0.17
07:41:49,"[210.0, 28]","[203.79, 38]","[239.73, 22]","[265.21, 19]",224.86,107,29.73,0.23
07:41:50,"[210.0, 14]","[203.0, 28]","[239.0, 14]","[261.0, 7]",224.5,63,29.0,0.33
07:41:51,"[210.4, 30]","[206.7, 43]","[237.13, 30]","[261.0, 15]",223.77,118,26.73,0.24
07:41:52,"[210.0, 56]","[208.0, 36]","[234.0, 12]","[235.0, 24]",222.0,128,24.0,0.44
07:41:53,"[210.0, 60]","[208.0, 51]","[231.76, 17]","[235.0, 34]",220.88,162,21.76,0.37
07:41:54,"[211.14, 21]","[209.14, 21]","[231.0, 7]","[235.0, 14]",221.07,63,19.86,0.33
07:41:55,"[212.0, 22]","[210.0, 33]","[231.0, 11]","[235.0, 22]",221.5,88,19.0,0.25
07:41:56,"[211.79, 29]","[209.86, 42]","[228.25, 24]","[229.67, 18]",220.02,113,16.46,0.26
07:41:57,"[210.0, 31]","[208.0, 39]","[224.92, 13]","[228.0, 26]",217.46,109,14.92,0.28
07:41:58,"[210.0, 19]","[208.0, 48]","[223.69, 16]","[249.79, 53]",216.84,136,13.69,-0.01
07:41:59,"[207.53, 51]","[205.53, 153]","[219.85, 27]","[247.38, 45]",213.69,276,12.32,0.48
07:42:00,"[207.7, 23]","[206.26, 113]","[217.43, 21]","[218.13, 23]",212.56,180,9.73,0.51
07:42:01,"[208.7, 23]","[206.63, 113]","[213.75, 16]","[214.75, 16]",211.22,168,5.05,0.62
07:42:02,"[207.87, 62]","[206.06, 94]","[209.79, 38]","[211.0, 26]",208.83,220,1.92,0.42
07:42:03,"[207.0, 32]","[203.1, 104]","[209.82, 17]","[210.54, 13]",208.41,166,2.82,0.64
07:42:04,"[207.0, 27]","[205.0, 60]","[208.08, 12]","[210.0, 24]",207.54,123,1.08,0.41
07:42:05,"[205.92, 51]","[204.92, 75]","[208.93, 30]","[375.11, 55]",207.43,211,3.01,0.19
07:42:06,"[205.95, 74]","[204.77, 52]","[220.79, 28]","[350.05, 44]",213.37,198,14.84,0.27
07:42:07,"[208.73, 33]","[207.79, 57]","[273.0, 24]","[386.0, 16]",240.86,130,64.27,0.38
07:42:08,"[208.0, 42]","[207.0, 24]","[308.0, 8]","[412.62, 24]",258.0,98,100.0,0.35
07:42:09,"[208.94, 34]","[207.67, 24]","[238.25, 20]","[641.55, 29]",223.6,107,29.31,0.08
07:42:10,"[210.0, 12]","[208.0, 8]","[609.82, 11]","[733.2, 15]",409.91,46,399.82,-0.13
07:42:11,"[212.0, 39]","[211.16, 31]","[549.0, 12]","[550.0, 18]",380.5,100,337.0,0.4
07:42:12,"[213.0, 9]","[212.0, 30]","[549.0, 6]","[631.0, 9]",381.0,54,336.0,0.44
07:42:13,"[214.0, 30]","[212.0, 100]","[499.19, 32]","[571.55, 29]",356.59,191,285.19,0.36
07:42:14,"[214.0, 15]","[212.0, 50]","[429.71, 21]","[476.55, 22]",321.86,108,215.71,0.2
07:42:15,"[214.0, 30]","[212.0, 100]","[326.48, 21]","[351.12, 32]",270.24,183,112.48,0.42
07:42:16,"[212.95, 38]","[211.75, 64]","[326.0, 16]","[328.0, 24]",269.47,142,113.05,0.44
07:42:17,"[212.0, 50]","[208.67, 18]","[262.15, 20]","[273.68, 25]",237.07,113,50.15,0.2
07:42:18,"[212.0, 55]","[211.0, 22]","[232.59, 39]","[234.5, 30]",222.29,146,20.59,0.05
07:42:19,"[212.0, 48]","[208.5, 24]","[225.18, 33]","[225.84, 43]",218.59,148,13.18,-0.03
07:42:20,"[212.0, 11]","[210.0, 11]","[220.54, 37]","[221.91, 22]",216.27,81,8.54,-0.46
07:42:21,"[210.25, 8]","[208.13, 15]","[218.29, 28]","[219.71, 28]",214.27,79,8.04,-0.42
07:42:22,"[209.75, 16]","[207.86, 28]","[216.34, 41]","[216.8, 35]",213.05,120,6.59,-0.27
07:42:23,"[208.94, 33]","[207.24, 42]","[210.55, 49]","[212.0, 64]",209.75,188,1.61,-0.2
07:42:24,"[206.19, 31]","[203.57, 35]","[209.53, 17]","[235.05, 20]",207.86,103,3.34,0.28
07:42:25,"[206.91, 47]","[204.63, 27]","[236.76, 17]","[317.11, 27]",221.84,118,29.85,0.25
07:42:26,"[206.54, 26]","[203.88, 41]","[367.56, 52]","[435.4, 40]",287.05,159,161.02,-0.16
07:42:27,"[208.22, 41]","[204.94, 33]","[289.39, 67]","[322.45, 55]",248.8,196,81.17,-0.24
07:42:28,"[208.0, 45]","[206.33, 30]","[274.72, 43]","[308.18, 34]",241.36,152,66.72,-0.01
07:42:29,"[207.48, 58]","[206.08, 48]","[272.53, 53]","[274.27, 55]",240.01,214,65.05,-0.01
07:42:30,"[209.36, 56]","[207.0, 112]","[271.33, 60]","[272.24, 66]",240.35,294,61.98,0.14
07:42:31,"[210.0, 40]","[207.0, 80]","[269.83, 47]","[271.35, 43]",239.91,210,59.83,0.14
07:42:32,"[210.0, 44]","[207.29, 68]","[263.0, 44]","[269.63, 51]",236.5,207,53.0,0.08
07:42:33,"[210.24, 37]","[208.6, 40]","[268.0, 40]","[269.0, 50]",239.12,167,57.76,-0.08
07:42:34,"[209.05, 38]","[207.29, 68]","[267.78, 46]","[268.85, 53]",238.42,205,58.73,0.03
07:42:35,"[208.0, 39]","[207.0, 104]","[265.62, 55]","[267.19, 62]",236.81,260,57.62,0.1
07:42:36,"[208.0, 30]","[207.0, 80]","[263.44, 45]","[265.67, 45]",235.72,200,55.44,0.1
07:42:37,"[208.0, 33]","[207.0, 88]","[221.35, 46]","[243.57, 40]",214.67,207,13.35,0.17
07:42:38,"[207.51, 65]","[206.57, 112]","[209.77, 65]","[221.14, 65]",208.64,307,2.26,0.15
07:42:39,"[207.0, 88]","[205.0, 78]","[209.65, 46]","[306.77, 31]",208.33,243,2.65,0.37
07:42:40,"[207.0, 22]","[205.0, 42]","[208.0, 14]","[232.79, 19]",207.5,97,1.0,0.32
07:42:41,"[205.5, 40]","[204.63, 38]","[239.0, 23]","[268.25, 24]",222.25,125,33.5,0.25
07:42:42,"[205.08, 52]","[203.36, 22]","[275.0, 40]","[309.5, 16]",240.04,130,69.92,0.14
07:42:43,"[205.9, 40]","[204.2, 30]","[316.27, 44]","[490.19, 32]",261.09,146,110.37,-0.04
07:42:44,"[203.27, 22]","[201.67, 12]","[495.43, 40]","[561.47, 17]",349.35,91,292.15,-0.25
07:42:45,"[204.0, 24]","[203.0, 16]","[393.0, 24]","[505.0, 40]",298.5,104,189.0,-0.23
07:42:46,"[205.43, 21]","[203.0, 14]","[336.14, 21]","[404.2, 25]",270.79,81,130.71,-0.14
07:42:47,"[207.7, 90]","[203.94, 34]","[314.4, 85]","[314.68, 75]",261.05,284,106.7,-0.13
07:42:48,"[208.1, 39]","[207.74, 27]","[248.67, 45]","[250.12, 43]",228.38,154,40.56,-0.14
07:42:49,"[206.47, 15]","[202.98, 41]","[248.11, 45]","[250.0, 27]",227.29,128,41.64,-0.12
07:42:50,"[203.0, 14]","[202.0, 42]","[247.45, 62]","[248.8, 50]",225.23,168,44.45,-0.33
07:42:51,"[202.0, 28]","[201.22, 59]","[238.75, 55]","[242.4, 55]",220.37,197,36.75,-0.12
07:42:52,"[207.03, 77]","[206.29, 35]","[232.0, 35]","[241.48, 23]",219.51,170,24.97,0.32
07:42:53,"[207.02, 101]","[204.76, 75]","[230.78, 37]","[233.65, 51]",218.9,264,23.76,0.33
07:42:54,"[207.0, 56]","[205.11, 27]","[229.71, 21]","[232.0, 35]",218.36,139,22.71,0.19
07:42:55,"[207.0, 60]","[206.0, 9]","[227.04, 28]","[260.13, 38]",217.02,135,20.04,0.02
07:42:56,"[207.0, 55]","[206.0, 11]","[225.0, 22]","[226.0, 33]",216.0,121,18.0,0.09
07:42:57,"[207.0, 35]","[206.0, 7]","[223.31, 29]","[224.33, 18]",215.16,89,16.31,-0.06
07:42:58,"[207.67, 36]","[206.71, 21]","[220.85, 39]","[222.64, 25]",214.26,121,13.18,-0.06
07:42:59,"[211.0, 18]","[207.0, 45]","[217.39, 31]","[217.9, 31]",214.19,125,6.39,0.01
07:43:00,"[209.15, 26]","[207.0, 48]","[211.86, 35]","[212.64, 28]",210.51,137,2.7,0.08
07:43:01,"[206.5, 44]","[205.14, 35]","[207.73, 22]","[229.28, 29]",207.11,130,1.23,0.22
07:43:02,"[206.5, 12]","[205.31, 26]","[246.6, 20]","[322.44, 27]",226.55,85,40.1,-0.11
07:43:03,"[208.92, 75]","[206.67, 18]","[270.42, 59]","[347.69, 52]",239.67,204,61.5,-0.09
07:43:04,"[209.29, 42]","[208.71, 42]","[232.23, 39]","[263.8, 45]",220.76,168,22.95,0.0
07:43:05,"[209.22, 46]","[208.67, 36]","[228.82, 44]","[231.0, 33]",219.02,159,19.6,0.03
07:43:06,"[209.0, 67]","[207.0, 7]","[227.14, 28]","[293.57, 21]",218.07,123,18.14,0.2
07:43:07,"[208.19, 47]","[205.07, 29]","[224.93, 61]","[288.92, 59]",216.56,196,16.74,-0.22
07:43:08,"[209.46, 52]","[205.55, 44]","[213.76, 75]","[217.65, 40]",211.61,211,4.3,-0.09
07:43:09,"[205.81, 27]","[204.28, 72]","[211.47, 75]","[214.0, 30]",208.64,204,5.65,-0.03
07:43:10,"[204.27, 131]","[203.5, 169]","[209.04, 24]","[210.22, 74]",206.66,398,4.77,0.51
07:43:11,"[204.0, 120]","[202.0, 60]","[206.8, 10]","[210.0, 50]",205.4,240,2.8,0.5
07:43:12,"[204.0, 113]","[202.0, 60]","[205.03, 34]","[273.52, 33]",204.51,240,1.03,0.44
07:43:13,"[204.33, 96]","[202.25, 67]","[221.15, 41]","[407.83, 48]",212.74,252,16.81,0.29
07:43:14,"[204.0, 88]","[201.0, 33]","[259.2, 30]","[314.24, 34]",231.6,185,55.2,0.31
07:43:15,"[204.08, 79]","[201.86, 42]","[283.5, 48]","[360.67, 24]",243.79,193,79.42,0.25
07:43:16,"[206.4, 10]","[204.15, 26]","[357.5, 16]","[422.73, 11]",281.95,63,151.1,0.14
07:43:17,"[205.8, 15]","[203.5, 18]","[328.54, 26]","[390.07, 30]",267.17,89,122.74,-0.26
07:43:18,"[204.0, 10]","[203.0, 5]","[216.0, 20]","[349.0, 10]",210.0,45,12.0,-0.33
07:43:19,"[204.0, 16]","[203.0, 10]","[216.0, 40]","[349.0, 20]",210.0,86,12.0,-0.4
07:43:20,"[204.0, 11]","[203.0, 11]","[211.6, 40]","[229.79, 38]",207.8,100,7.6,-0.56
07:43:21,"[204.0, 8]","[203.0, 8]","[208.75, 32]","[234.71, 28]",206.38,76,4.75,-0.58
07:43:22,"[201.43, 56]","[201.07, 14]","[235.89, 36]","[431.69, 26]",218.66,132,34.46,0.06
07:43:23,"[200.0, 117]","[198.0, 18]","[309.3, 20]","[410.67, 18]",254.65,173,109.3,0.56
07:43:24,"[200.94, 94]","[197.03, 159]","[378.92, 36]","[464.33, 24]",289.93,313,177.98,0.62
07:43:25,"[201.78, 36]","[200.0, 135]","[358.62, 13]","[394.59, 27]",280.2,211,156.84,0.62
07:43:26,"[203.8, 40]","[200.0, 150]","[357.21, 14]","[385.57, 28]",280.51,232,153.41,0.64
07:43:27,"[207.33, 36]","[205.67, 36]","[377.0, 27]","[459.69, 13]",292.17,112,169.67,0.29
07:43:28,"[208.0, 36]","[207.0, 36]","[336.86, 21]","[366.93, 15]",272.43,108,128.86,0.33
07:43:29,"[208.17, 48]","[207.0, 48]","[330.0, 36]","[333.21, 19]",269.08,151,121.83,0.27
07:43:30,"[208.33, 27]","[203.25, 32]","[328.62, 24]","[344.62, 13]",268.48,96,120.29,0.23
07:43:31,"[207.0, 33]","[201.0, 44]","[327.18, 33]","[400.48, 29]",267.09,139,120.18,0.11
07:43:32,"[208.06, 34]","[205.11, 38]","[325.25, 36]","[354.44, 39]",266.65,147,117.19,-0.02
07:43:33,"[209.15, 26]","[207.0, 26]","[304.92, 13]","[386.86, 43]",257.04,108,95.77,-0.04
07:43:34,"[211.4, 20]","[207.0, 20]","[319.0, 20]","[323.0, 10]",265.2,70,107.6,0.14
07:43:35,"[210.75, 24]","[204.0, 36]","[261.4, 30]","[299.14, 28]",236.07,118,50.65,0.02
07:43:36,"[207.0, 26]","[201.14, 74]","[254.56, 18]","[265.0, 22]",230.78,140,47.56,0.43
07:43:37,"[212.0, 54]","[207.0, 18]","[245.85, 13]","[248.12, 16]",228.92,101,33.85,0.43
07:43:38,"[212.0, 84]","[207.0, 28]","[242.23, 26]","[244.5, 16]",227.12,154,30.23,0.45
07:43:39,"[211.9, 51]","[206.92, 24]","[241.91, 22]","[243.43, 14]",226.91,111,30.01,0.35
07:43:40,"[207.0, 11]","[206.0, 22]","[232.62, 29]","[237.36, 22]",219.81,84,25.62,-0.21
07:43:41,"[207.0, 10]","[206.0, 20]","[215.55, 40]","[218.71, 21]",211.28,91,8.55,-0.34
07:43:42,"[209.49, 70]","[206.78, 36]","[212.36, 25]","[213.58, 33]",210.92,164,2.87,0.29
07:43:43,"[206.8, 30]","[205.12, 117]","[209.96, 47]","[266.71, 73]",208.38,267,3.16,0.1
07:43:44,"[205.56, 39]","[204.72, 85]","[208.91, 35]","[220.3, 54]",207.24,213,3.35,0.16
07:43:45,"[205.0, 92]","[202.0, 24]","[206.0, 12]","[218.17, 60]",205.5,188,1.0,0.23
07:43:46,"[205.0, 36]","[202.0, 18]","[263.95, 37]","[361.76, 17]",234.47,108,58.95,0.0
07:43:47,"[205.0, 40]","[202.0, 20]","[270.95, 38]","[370.0, 10]",237.97,108,65.95,0.11
07:43:48,"[205.0, 18]","[202.0, 18]","[429.89, 9]","[551.62, 13]",317.44,58,224.89,0.24
07:43:49,"[205.38, 13]","[203.17, 23]","[440.09, 33]","[493.43, 21]",322.74,90,234.71,-0.2
07:43:50,"[206.0, 45]","[205.0, 9]","[352.38, 13]","[447.81, 37]",279.19,104,146.38,0.04
07:43:51,"[206.67, 60]","[205.0, 12]","[219.0, 12]","[444.0, 60]",212.83,144,12.33,0.0
07:43:52,"[207.19, 63]","[205.71, 17]","[247.58, 19]","[412.47, 38]",227.38,137,40.39,0.17
07:43:53,"[208.0, 80]","[207.0, 45]","[231.5, 16]","[261.67, 27]",219.75,168,23.5,0.49
07:43:54,"[208.0, 28]","[207.0, 21]","[228.0, 7]","[307.0, 27]",218.0,83,20.0,0.18
07:43:55,"[208.0, 36]","[207.0, 27]","[228.0, 9]","[303.0, 26]",218.0,98,20.0,0.29
07:43:56,"[208.5, 42]","[207.4, 35]","[282.33, 58]","[311.77, 26]",245.41,161,73.83,-0.04
07:43:57,"[208.77, 64]","[207.42, 26]","[250.38, 48]","[369.12, 24]",229.57,162,41.61,0.11
07:43:58,"[209.2, 79]","[208.34, 41]","[219.98, 51]","[274.8, 15]",214.59,186,10.78,0.29
07:43:59,"[210.1, 84]","[209.03, 65]","[219.0, 10]","[224.9, 50]",214.55,209,8.9,0.43
07:44:00,"[212.83, 93]","[211.91, 92]","[217.31, 13]","[227.0, 65]",215.07,263,4.48,0.41
07:44:01,"[212.68, 93]","[211.97, 229]","[222.17, 23]","[341.77, 47]",217.43,392,9.5,0.64
07:44:02,"[212.0, 165]","[210.0, 22]","[226.56, 36]","[284.17, 36]",219.28,259,14.56,0.44
07:44:03,"[212.02, 209]","[210.94, 64]","[225.0, 57]","[517.07, 58]",218.51,388,12.98,0.41
07:44:04,"[212.0, 89]","[210.0, 26]","[224.85, 39]","[299.0, 26]",218.42,180,12.85,0.28
07:44:05,"[212.0, 65]","[210.0, 26]","[224.0, 39]","[301.89, 36]",218.0,166,12.0,0.1
07:44:06,"[212.0, 74]","[210.0, 28]","[223.29, 42]","[406.13, 46]",217.64,190,11.29,0.07
07:44:07,"[212.0, 70]","[210.0, 26]","[222.0, 30]","[280.91, 22]",217.0,148,10.0,0.3
07:44:08,"[212.0, 27]","[210.0, 44]","[219.55, 33]","[294.0, 22]",215.77,126,7.55,0.13
07:44:09,"[213.75, 44]","[211.5, 16]","[218.43, 21]","[313.38, 16]",216.09,97,4.68,0.24
07:44:10,"[214.0, 49]","[212.0, 14]","[217.14, 21]","[358.31, 26]",215.57,110,3.14,0.15
07:44:11,"[214.0, 43]","[212.0, 14]","[215.29, 14]","[216.38, 16]",214.64,87,1.29,0.31
07:44:12,"[214.0, 30]","[212.0, 22]","[215.64, 22]","[241.64, 22]",214.82,96,1.64,0.08
07:44:13,"[211.26, 19]","[208.89, 27]","[215.61, 23]","[329.5, 20]",213.44,89,4.35,0.03
07:44:14,"[209.7, 10]","[207.8, 30]","[213.87, 23]","[214.93, 27]",211.78,90,4.17,-0.11
07:44:15,"[205.67, 48]","[205.55, 60]","[212.15, 40]","[213.07, 55]",208.91,203,6.48,0.06
07:44:16,"[205.0, 126]","[203.0, 42]","[210.78, 36]","[212.1, 42]",207.89,246,5.78,0.37
07:44:17,"[205.0, 86]","[203.0, 35]","[206.42, 24]","[228.43, 42]",205.71,187,1.42,0.29
07:44:18,"[203.0, 45]","[180.4, 10]","[421.0, 20]","[702.59, 17]",312.0,92,218.0,0.2
07:44:19,"[203.0, 36]","[181.08, 13]","[436.78, 18]","[723.11, 18]",319.89,85,233.78,0.15
07:44:20,"[203.0, 21]","[189.0, 30]","[585.67, 12]","[689.33, 12]",394.33,75,382.67,0.36
07:44:21,"[206.5, 24]","[188.38, 13]","[347.86, 14]","[522.0, 14]",277.18,65,141.36,0.14
07:44:22,"[210.0, 20]","[207.52, 63]","[521.0, 10]","[528.0, 2]",365.5,95,311.0,0.75
07:44:23,"[210.0, 20]","[208.0, 95]","[544.2, 10]","[760.0, 12]",377.1,137,334.2,0.68
07:44:24,"[210.0, 20]","[208.0, 95]","[427.0, 10]","[661.6, 20]",318.5,145,217.0,0.59
07:44:25,"[210.0, 36]","[208.0, 171]","[426.62, 13]","[577.77, 26]",318.31,246,216.62,0.68
07:44:26,"[210.0, 28]","[208.0, 133]","[424.29, 7]","[427.0, 14]",317.14,182,214.29,0.77
07:44:27,"[210.0, 28]","[208.0, 133]","[424.0, 7]","[634.0, 26]",317.0,194,214.0,0.66
07:44:28,"[210.0, 36]","[208.0, 171]","[423.78, 9]","[720.55, 22]",316.89,238,213.78,0.74
07:44:29,"[210.0, 56]","[208.0, 266]","[355.0, 26]","[519.52, 33]",282.5,381,145.0,0.69
07:44:30,"[208.07, 192]","[207.76, 84]","[319.53, 38]","[322.62, 26]",263.8,340,111.45,0.62
07:44:31,"[208.04, 151]","[207.67, 67]","[318.33, 42]","[318.38, 26]",263.19,286,110.29,0.52
07:44:32,"[208.0, 120]","[207.0, 20]","[287.14, 14]","[296.71, 14]",247.57,168,79.14,0.67
07:44:33,"[208.0, 72]","[207.0, 12]","[247.94, 18]","[248.36, 14]",227.97,116,39.94,0.45
07:44:34,"[208.05, 152]","[207.5, 48]","[245.13, 54]","[247.19, 26]",226.59,280,37.08,0.43
07:44:35,"[211.05, 40]","[208.6, 100]","[244.08, 25]","[244.9, 41]",227.56,206,33.03,0.36
07:44:36,"[213.0, 18]","[212.0, 27]","[237.85, 13]","[238.38, 21]",225.42,79,24.85,0.14
07:44:37,"[213.64, 28]","[211.06, 51]","[232.67, 30]","[234.57, 14]",223.15,123,19.02,0.28
07:44:38,"[209.07, 75]","[207.92, 130]","[228.02, 59]","[230.03, 31]",218.54,295,18.95,0.39
07:44:39,"[208.0, 143]","[207.0, 26]","[224.48, 29]","[225.16, 49]",216.24,247,16.48,0.37
07:44:40,"[209.38, 78]","[207.87, 62]","[221.72, 29]","[222.39, 49]",215.55,218,12.34,0.28
07:44:41,"[210.0, 63]","[207.38, 32]","[215.73, 44]","[218.88, 16]",212.86,155,5.73,0.23
07:44:42,"[210.0, 27]","[207.89, 73]","[213.15, 13]","[214.92, 37]",211.58,150,3.15,0.33
07:44:43,"[208.05, 119]","[207.37, 35]","[209.92, 12]","[264.5, 16]",208.98,182,1.87,0.69
07:44:44,"[206.58, 31]","[204.1, 58]","[340.27, 15]","[461.26, 47]",273.42,151,133.69,0.18
07:44:45,"[205.64, 22]","[203.03, 183]","[509.1, 10]","[661.17, 46]",357.37,261,303.46,0.57
07:44:46,"[209.38, 24]","[203.46, 78]","[314.14, 35]","[468.16, 19]",261.76,156,104.77,0.31
07:44:47,"[203.26, 92]","[187.0, 92]","[292.62, 40]","[481.5, 12]",247.94,236,89.36,0.56
07:44:48,"[204.17, 48]","[195.18, 44]","[480.88, 8]","[600.17, 18]",342.52,118,276.71,0.56
07:44:49,"[210.0, 20]","[203.0, 29]","[338.0, 25]","[716.0, 15]",274.0,89,128.0,0.1
07:44:50,"[210.0, 16]","[203.0, 24]","[326.0, 20]","[342.0, 12]",268.0,72,116.0,0.11
07:44:51,"[211.27, 33]","[209.86, 69]","[453.63, 59]","[575.31, 58]",332.45,219,242.35,-0.07
07:44:52,"[210.0, 31]","[208.0, 45]","[423.0, 25]","[584.06, 33]",316.5,134,213.0,0.13
07:44:53,"[210.0, 36]","[208.0, 60]","[423.21, 29]","[532.72, 36]",316.6,161,213.21,0.19
07:44:54,"[210.0, 24]","[208.0, 40]","[299.0, 16]","[338.14, 21]",254.5,101,89.0,0.27
07:44:55,"[210.52, 27]","[208.84, 43]","[295.8, 30]","[302.59, 34]",253.16,134,85.28,0.04
07:44:56,"[212.64, 28]","[210.0, 42]","[290.59, 34]","[293.52, 50]",251.62,154,77.95,-0.09
07:44:57,"[213.83, 24]","[210.0, 36]","[268.29, 34]","[287.42, 38]",241.06,132,54.46,-0.09
07:44:58,"[214.0, 18]","[210.0, 27]","[266.65, 34]","[285.2, 20]",240.32,99,52.65,-0.09
07:44:59,"[210.87, 30]","[209.07, 29]","[263.33, 30]","[264.83, 48]",237.1,137,52.47,-0.14
07:45:00,"[209.0, 7]","[208.0, 35]","[219.96, 23]","[224.36, 22]",214.48,87,10.96,-0.03
07:45:01,"[209.0, 9]","[208.0, 45]","[218.06, 34]","[219.2, 20]",213.53,108,9.06,0.0
07:45:02,"[209.0, 10]","[208.0, 50]","[216.71, 28]","[217.43, 28]",212.86,116,7.71,0.03
07:45:03,"[209.0, 11]","[208.0, 55]","[214.64, 22]","[216.0, 22]",211.82,110,5.64,0.2
07:45:04,"[208.5, 10]","[207.92, 26]","[211.33, 12]","[214.67, 12]",209.92,60,2.83,0.2
07:45:05,"[208.0, 60]","[206.0, 12]","[211.0, 24]","[215.67, 24]",209.5,120,3.0,0.2
07:45:06,"[207.56, 18]","[205.18, 34]","[236.9, 21]","[241.0, 30]",222.23,103,29.35,0.01
07:45:07,"[206.0, 9]","[205.0, 63]","[282.89, 27]","[302.89, 18]",244.44,117,76.89,0.23
07:45:08,"[209.91, 23]","[205.15, 41]","[263.17, 36]","[355.58, 24]",236.54,124,53.25,0.03
07:45:09,"[211.0, 13]","[206.6, 10]","[224.22, 27]","[352.84, 25]",217.61,75,13.22,-0.39
07:45:10,"[210.33, 12]","[208.4, 20]","[220.33, 36]","[223.17, 36]",215.33,104,10.0,-0.38
07:45:11,"[209.0, 7]","[206.0, 7]","[218.0, 21]","[219.0, 21]",213.5,56,9.0,-0.5
07:45:12,"[209.0, 16]","[205.24, 46]","[217.12, 72]","[218.19, 48]",213.06,182,8.12,-0.32
07:45:13,"[205.92, 26]","[204.55, 22]","[217.0, 32]","[218.0, 30]",211.46,110,11.08,-0.13
07:45:14,"[205.94, 51]","[204.59, 59]","[215.62, 39]","[216.92, 39]",210.78,188,9.67,0.17
07:45:15,"[206.94, 34]","[204.4, 62]","[212.5, 30]","[214.0, 30]",209.72,156,5.56,0.23
07:45:16,"[206.31, 39]","[203.37, 52]","[210.27, 33]","[211.55, 33]",208.29,157,3.97,0.16
07:45:17,"[206.27, 22]","[202.57, 42]","[209.0, 21]","[250.27, 22]",207.64,107,2.73,0.2
07:45:18,"[203.0, 36]","[202.0, 162]","[208.17, 29]","[286.91, 34]",205.59,261,5.17,0.52
07:45:19,"[204.0, 62]","[202.03, 147]","[205.62, 55]","[220.12, 43]",204.81,307,1.62,0.36
07:45:20,"[204.02, 46]","[202.16, 88]","[250.08, 39]","[314.7, 46]",227.05,219,46.06,0.22
07:45:21,"[205.04, 173]","[203.25, 24]","[299.84, 74]","[473.32, 38]",252.44,309,94.8,0.28
07:45:22,"[206.0, 128]","[204.0, 16]","[379.72, 53]","[453.95, 42]",292.86,239,173.72,0.21
07:45:23,"[207.0, 62]","[204.0, 9]","[418.33, 18]","[579.44, 36]",312.67,125,211.33,0.14
07:45:24,"[208.6, 30]","[204.0, 10]","[294.0, 39]","[379.04, 23]",251.3,102,85.4,-0.22
07:45:25,"[207.75, 12]","[201.3, 30]","[252.91, 22]","[277.29, 14]",230.33,78,45.16,0.08
07:45:26,"[201.75, 24]","[200.93, 56]","[251.25, 16]","[253.0, 32]",226.5,128,49.5,0.25
07:45:27,"[202.53, 55]","[200.91, 66]","[250.28, 25]","[273.8, 30]",226.4,176,47.75,0.38
07:45:28,"[204.73, 55]","[201.97, 93]","[247.69, 32]","[249.6, 30]",226.21,210,42.96,0.41
07:45:29,"[206.56, 16]","[204.67, 27]","[243.0, 30]","[248.0, 12]",224.78,85,36.44,0.01
07:45:30,"[209.25, 36]","[205.25, 32]","[243.15, 67]","[248.1, 29]",226.2,164,33.9,-0.17
07:45:31,"[206.1, 20]","[204.11, 38]","[239.89, 36]","[247.77, 26]",222.99,120,33.79,-0.03
07:45:32,"[208.0, 22]","[206.0, 22]","[234.0, 55]","[247.0, 33]",221.0,132,26.0,-0.33
07:45:33,"[209.0, 26]","[206.62, 26]","[243.6, 35]","[246.28, 32]",226.3,119,34.6,-0.13
07:45:34,"[207.33, 36]","[206.17, 36]","[238.86, 35]","[240.32, 38]",223.1,145,31.52,-0.01
07:45:35,"[204.31, 58]","[202.53, 60]","[222.15, 40]","[228.72, 50]",213.23,208,17.84,0.13
07:45:36,"[204.33, 24]","[202.42, 43]","[208.15, 39]","[218.09, 33]",206.24,139,3.82,-0.04
07:45:37,"[204.93, 14]","[201.44, 50]","[206.86, 42]","[209.0, 42]",205.89,148,1.93,-0.14
07:45:38,"[200.44, 45]","[198.52, 97]","[207.31, 39]","[229.43, 47]",203.88,228,6.86,0.25
07:45:39,"[200.0, 35]","[198.0, 63]","[206.64, 14]","[213.71, 21]",203.32,133,6.64,0.47
07:45:40,"[200.0, 80]","[193.28, 95]","[203.32, 34]","[204.17, 41]",201.66,250,3.32,0.4
07:45:41,"[200.0, 59]","[197.0, 55]","[203.0, 29]","[204.0, 33]",201.5,176,3.0,0.3
07:45:42,"[201.69, 39]","[198.12, 34]","[203.81, 32]","[412.14, 51]",202.75,156,2.12,-0.06
07:45:43,"[199.0, 33]","[194.0, 55]","[201.55, 22]","[291.5, 28]",200.27,138,2.55,0.28
07:45:44,"[199.0, 33]","[194.0, 55]","[200.33, 21]","[203.57, 21]",199.67,130,1.33,0.35
07:45:45,"[199.0, 18]","[194.0, 30]","[201.0, 6]","[279.0, 14]",200.0,68,2.0,0.41
07:45:46,"[196.37, 38]","[192.29, 42]","[256.45, 20]","[335.21, 24]",226.41,124,60.08,0.29
07:45:47,"[194.33, 30]","[192.18, 40]","[197.9, 10]","[229.75, 12]",196.12,92,3.57,0.52
07:45:48,"[194.72, 57]","[138.07, 60]","[253.82, 39]","[324.4, 57]",224.27,213,59.1,0.1
07:45:49,"[200.58, 19]","[184.77, 13]","[414.49, 41]","[511.89, 19]",307.53,92,213.91,-0.3
07:45:50,"[193.0, 35]","[162.71, 14]","[195.0, 7]","[473.0, 35]",194.0,91,2.0,0.08
07:45:51,"[193.62, 80]","[165.59, 37]","[206.75, 16]","[360.42, 33]",200.19,166,13.12,0.41
07:45:52,"[194.33, 18]","[176.74, 19]","[197.0, 12]","[383.0, 30]",195.67,79,2.67,-0.06
07:45:53,"[194.62, 55]","[187.78, 37]","[369.09, 46]","[448.65, 26]",281.85,164,174.47,0.12
07:45:54,"[197.13, 15]","[194.93, 60]","[242.91, 11]","[356.76, 17]",220.02,103,45.78,0.46
07:45:55,"[199.0, 14]","[195.56, 80]","[205.39, 23]","[303.76, 17]",202.2,134,6.39,0.4
07:45:56,"[200.23, 22]","[196.82, 11]","[283.58, 12]","[341.32, 28]",241.91,73,83.36,-0.1
07:45:57,"[202.5, 16]","[200.56, 16]","[320.15, 33]","[335.04, 28]",261.33,93,117.65,-0.31
07:45:58,"[207.71, 17]","[202.26, 19]","[247.33, 12]","[334.32, 37]",227.52,85,39.63,-0.15
07:45:59,"[208.31, 39]","[207.57, 21]","[274.23, 44]","[323.9, 40]",241.27,144,65.92,-0.17
07:46:00,"[209.66, 47]","[208.47, 45]","[246.15, 55]","[247.12, 50]",227.9,197,36.49,-0.07
07:46:01,"[211.39, 23]","[209.44, 27]","[244.8, 40]","[246.0, 30]",228.1,120,33.41,-0.17
07:46:02,"[212.0, 30]","[211.0, 20]","[242.2, 30]","[244.0, 40]",227.1,120,30.2,-0.17
07:46:03,"[211.43, 28]","[207.35, 74]","[242.27, 51]","[244.83, 70]",226.85,223,30.85,-0.09
07:46:04,"[212.01, 71]","[208.43, 35]","[242.4, 20]","[243.91, 35]",227.21,161,30.39,0.32
07:46:05,"[213.0, 108]","[209.79, 33]","[240.36, 33]","[241.3, 27]",226.68,201,27.36,0.4
07:46:06,"[213.0, 75]","[211.0, 30]","[239.0, 40]","[240.0, 10]",226.0,155,26.0,0.35
07:46:07,"[211.0, 43]","[207.0, 45]","[237.92, 24]","[237.95, 21]",224.46,133,26.92,0.32
07:46:08,"[211.0, 55]","[207.0, 55]","[235.0, 11]","[236.0, 44]",223.0,165,24.0,0.33
07:46:09,"[211.0, 50]","[207.0, 50]","[233.25, 12]","[235.15, 34]",222.12,146,22.25,0.37
07:46:10,"[209.67, 60]","[206.62, 64]","[230.19, 21]","[231.08, 39]",219.93,184,20.52,0.35
07:46:11,"[207.0, 60]","[206.0, 72]","[225.58, 33]","[227.86, 28]",216.29,193,18.58,0.37
07:46:12,"[207.16, 38]","[206.26, 57]","[223.43, 35]","[224.57, 35]",215.29,165,16.27,0.15
07:46:13,"[207.04, 48]","[206.02, 247]","[222.23, 52]","[224.0, 39]",214.64,386,15.19,0.53
07:46:14,"[207.93, 161]","[206.25, 122]","[219.95, 43]","[221.67, 49]",213.94,375,12.03,0.51
07:46:15,"[208.0, 168]","[207.0, 36]","[215.38, 37]","[215.71, 35]",211.69,276,7.38,0.48
07:46:16,"[208.66, 208]","[207.0, 45]","[210.73, 33]","[212.17, 36]",209.7,322,2.06,0.57
07:46:17,"[209.0, 116]","[207.0, 30]","[210.56, 27]","[213.05, 41]",209.78,214,1.56,0.36
07:46:18,"[209.0, 72]","[207.0, 30]","[210.0, 30]","[215.59, 17]",209.5,149,1.0,0.37
07:46:19,"[209.0, 62]","[207.0, 33]","[210.67, 21]","[260.64, 11]",209.83,127,1.67,0.5
07:46:20,"[207.0, 33]","[206.0, 66]","[322.1, 29]","[501.47, 17]",264.55,145,115.1,0.37
07:46:21,"[207.0, 36]","[206.0, 72]","[213.0, 48]","[437.17, 12]",210.0,168,6.0,0.29
07:46:22,"[207.0, 15]","[206.0, 30]","[213.0, 20]","[340.56, 9]",210.0,74,6.0,0.22
07:46:23,"[207.56, 50]","[206.07, 84]","[211.4, 15]","[299.14, 42]",209.48,191,3.84,0.4
07:46:24,"[206.73, 33]","[205.55, 76]","[358.0, 36]","[448.27, 37]",282.36,182,151.27,0.2
07:46:25,"[207.25, 40]","[204.86, 70]","[286.0, 40]","[530.63, 30]",246.62,180,78.75,0.22
07:46:26,"[211.0, 14]","[206.5, 12]","[325.0, 28]","[468.0, 35]",268.0,89,114.0,-0.42
07:46:27,"[211.0, 24]","[207.0, 12]","[312.22, 54]","[420.81, 54]",261.61,144,101.22,-0.5
07:46:28,"[206.5, 40]","[204.08, 74]","[383.23, 26]","[445.21, 48]",294.87,188,176.73,0.21
07:46:29,"[206.0, 40]","[204.0, 80]","[363.0, 10]","[366.22, 18]",284.5,148,157.0,0.62
07:46:30,"[206.0, 64]","[204.0, 128]","[327.08, 25]","[339.42, 43]",266.54,260,121.08,0.48
07:46:31,"[206.0, 56]","[204.0, 112]","[330.73, 22]","[337.48, 48]",268.36,238,124.73,0.41
07:46:32,"[206.36, 59]","[204.46, 104]","[268.27, 22]","[298.15, 40]",237.31,225,61.92,0.45
07:46:33,"[206.0, 17]","[204.0, 56]","[256.86, 7]","[257.86, 7]",231.43,87,50.86,0.68
07:46:34,"[206.0, 14]","[204.0, 112]","[253.07, 14]","[255.57, 14]",229.54,154,47.07,0.64
07:46:35,"[206.0, 14]","[203.26, 115]","[249.86, 14]","[251.0, 14]",227.93,157,43.86,0.64
07:46:36,"[204.0, 8]","[203.0, 136]","[248.25, 8]","[249.25, 8]",226.12,160,44.25,0.8
07:46:37,"[204.0, 10]","[203.0, 170]","[245.3, 10]","[247.0, 10]",224.65,200,41.3,0.8
07:46:38,"[204.0, 11]","[203.0, 187]","[242.64, 11]","[245.55, 11]",223.32,220,38.64,0.8
07:46:39,"[206.02, 57]","[204.31, 108]","[240.08, 12]","[241.17, 12]",223.05,189,34.07,0.75
07:46:40,"[209.0, 48]","[204.97, 91]","[238.58, 12]","[239.58, 12]",223.79,163,29.58,0.71
07:46:41,"[207.62, 52]","[205.15, 52]","[235.92, 13]","[236.92, 13]",221.77,130,28.31,0.6
07:46:42,"[206.0, 37]","[205.0, 52]","[226.65, 17]","[227.62, 21]",216.32,127,20.65,0.4
07:46:43,"[205.27, 11]","[204.6, 20]","[221.33, 12]","[222.4, 15]",213.3,58,16.06,0.07
07:46:44,"[205.0, 12]","[204.0, 12]","[215.75, 12]","[217.17, 12]",210.38,48,10.75,0.0
07:46:45,"[205.75, 28]","[204.39, 18]","[212.43, 28]","[213.89, 18]",209.09,92,6.68,0.0
07:46:46,"[208.5, 22]","[207.2, 20]","[211.92, 26]","[212.75, 16]",210.21,84,3.42,0.0
07:46:47,"[204.0, 9]","[200.0, 118]","[210.33, 9]","[211.5, 12]",207.17,148,6.33,0.72
07:46:48,"[204.96, 100]","[200.88, 82]","[207.63, 19]","[208.94, 16]",206.3,217,2.67,0.68
07:46:49,"[205.0, 71]","[204.0, 27]","[206.6, 10]","[207.89, 9]",205.8,117,1.6,0.68
07:46:50,"[205.78, 58]","[203.2, 45]","[459.57, 42]","[498.64, 58]",332.67,203,253.8,0.01
07:46:51,"[209.09, 55]","[207.0, 22]","[446.0, 22]","[691.88, 48]",327.55,147,236.91,0.05
07:46:52,"[211.0, 45]","[207.0, 18]","[311.66, 29]","[511.62, 21]",261.33,113,100.66,0.12
07:46:53,"[211.0, 29]","[207.0, 14]","[275.25, 8]","[276.92, 25]",243.12,76,64.25,0.13
07:46:54,"[211.0, 48]","[207.0, 24]","[269.27, 30]","[274.14, 14]",240.13,116,58.27,0.24
07:46:55,"[211.0, 40]","[207.0, 20]","[260.0, 20]","[262.11, 38]",235.5,118,49.0,0.02
07:46:56,"[211.0, 36]","[207.0, 18]","[259.8, 15]","[267.5, 12]",235.4,81,48.8,0.33
07:46:57,"[208.45, 22]","[205.32, 25]","[256.62, 32]","[258.47, 15]",232.54,94,48.17,0.0
07:46:58,"[206.25, 16]","[204.09, 35]","[249.12, 43]","[256.82, 34]",227.68,128,42.87,-0.2
07:46:59,"[204.0, 14]","[201.0, 28]","[218.2, 10]","[238.42, 19]",211.1,71,14.2,0.18
07:47:00,"[204.0, 28]","[201.0, 77]","[214.59, 17]","[215.2, 15]",209.29,137,10.59,0.53
07:47:01,"[202.24, 34]","[200.36, 78]","[209.77, 57]","[211.04, 23]",206.0,192,7.54,0.17
07:47:02,"[201.06, 36]","[200.06, 70]","[208.0, 46]","[211.0, 20]",204.53,172,6.94,0.23
07:47:03,"[201.79, 28]","[200.8, 41]","[207.23, 35]","[208.65, 40]",204.51,144,5.44,-0.04
07:47:04,"[199.44, 45]","[198.13, 63]","[202.76, 29]","[203.9, 20]",201.1,157,3.31,0.38
07:47:05,"[197.0, 41]","[154.03, 35]","[200.0, 22]","[201.0, 11]",198.5,109,3.0,0.39
07:47:06,"[205.45, 76]","[191.0, 72]","[337.08, 26]","[345.76, 29]",271.26,203,131.63,0.46
07:47:07,"[208.48, 62]","[202.85, 117]","[337.0, 22]","[492.18, 49]",272.74,250,128.52,0.43
07:47:08,"[209.82, 66]","[208.0, 27]","[248.0, 45]","[400.62, 47]",228.91,185,38.18,0.01
07:47:09,"[210.2, 90]","[206.0, 18]","[220.53, 74]","[300.92, 62]",215.36,244,10.33,-0.11
07:47:10,"[211.0, 72]","[207.29, 21]","[217.92, 48]","[219.0, 60]",214.46,201,6.92,-0.07
07:47:11,"[211.0, 42]","[209.0, 7]","[216.83, 29]","[218.76, 34]",213.91,112,5.83,-0.12
07:47:12,"[211.0, 54]","[209.0, 9]","[216.0, 45]","[217.0, 36]",213.5,144,5.0,-0.12
07:47:13,"[211.0, 52]","[209.0, 16]","[215.2, 79]","[216.85, 65]",213.1,212,4.2,-0.36
07:47:14,"[210.57, 23]","[206.93, 29]","[212.47, 60]","[241.18, 56]",211.52,168,1.9,-0.38
07:47:15,"[206.27, 44]","[205.23, 26]","[210.62, 42]","[247.0, 55]",208.45,167,4.35,-0.16
07:47:16,"[205.59, 39]","[203.34, 129]","[208.38, 32]","[211.0, 64]",206.98,264,2.79,0.27
07:47:17,"[204.0, 11]","[203.0, 165]","[208.0, 22]","[211.0, 44]",206.0,242,4.0,0.45
07:47:18,"[203.0, 180]","[202.0, 24]","[206.38, 26]","[210.74, 46]",204.69,276,3.38,0.48
07:47:19,"[205.22, 90]","[202.88, 68]","[384.59, 58]","[486.65, 43]",294.9,259,179.36,0.22
07:47:20,"[207.89, 18]","[206.08, 52]","[231.83, 24]","[252.51, 37]",219.86,131,23.94,0.07
07:47:21,"[203.32, 37]","[202.6, 30]","[222.56, 18]","[446.16, 38]",212.94,123,19.23,0.09
07:47:22,"[203.55, 44]","[202.88, 68]","[219.81, 32]","[487.76, 46]",211.68,190,16.27,0.18
07:47:23,"[202.26, 46]","[190.92, 52]","[218.0, 28]","[322.0, 18]",210.13,144,15.74,0.36
07:47:24,"[199.55, 33]","[148.43, 21]","[217.33, 18]","[313.0, 9]",208.44,81,17.79,0.33
07:47:25,"[177.15, 13]","[149.24, 29]","[205.0, 24]","[216.0, 24]",191.08,90,27.85,-0.07
07:47:26,"[199.0, 23]","[162.67, 18]","[205.79, 28]","[237.21, 29]",202.39,98,6.79,-0.16
07:47:27,"[146.2, 20]","[104.18, 28]","[215.7, 20]","[363.25, 40]",180.95,108,69.5,-0.11
07:47:28,"[192.63, 19]","[148.32, 25]","[214.09, 22]","[345.67, 27]",203.36,93,21.46,-0.05
07:47:29,"[193.86, 21]","[98.71, 7]","[207.12, 16]","[441.71, 21]",200.49,65,13.27,-0.14
07:47:30,"[194.08, 36]","[94.42, 12]","[212.25, 24]","[467.62, 50]",203.17,122,18.17,-0.21
07:47:31,"[199.23, 31]","[183.08, 13]","[211.0, 22]","[489.64, 55]",205.11,121,11.77,-0.27
07:47:32,"[202.5, 20]","[190.5, 12]","[211.0, 16]","[494.25, 40]",206.75,88,8.5,-0.27
07:47:33,"[205.98, 146]","[204.97, 32]","[211.0, 22]","[525.19, 27]",208.49,227,5.02,0.57
07:47:34,"[208.17, 193]","[206.43, 98]","[210.37, 41]","[255.65, 23]",209.27,355,2.2,0.64
07:47:35,"[209.0, 121]","[205.86, 28]","[236.92, 24]","[487.27, 22]",222.96,195,27.92,0.53
07:47:36,"[210.16, 93]","[208.93, 28]","[367.2, 25]","[475.28, 25]",288.68,171,157.04,0.42
07:47:37,"[211.0, 126]","[209.0, 42]","[372.25, 24]","[523.08, 26]",291.62,218,161.25,0.54
07:47:38,"[211.0, 72]","[209.0, 24]","[463.0, 8]","[464.0, 8]",337.0,112,252.0,0.71
07:47:39,"[211.0, 90]","[209.0, 30]","[455.73, 11]","[463.7, 10]",333.36,141,244.73,0.7
07:47:40,"[211.21, 57]","[210.29, 42]","[364.2, 10]","[435.29, 14]",287.71,123,152.99,0.61
07:47:41,"[211.76, 84]","[210.43, 113]","[330.29, 24]","[427.61, 33]",271.03,254,118.53,0.55
07:47:42,"[211.0, 96]","[209.0, 120]","[261.77, 35]","[307.11, 18]",236.39,269,50.77,0.61
07:47:43,"[211.0, 42]","[209.0, 90]","[247.89, 27]","[255.92, 26]",229.44,185,36.89,0.43
07:47:44,"[211.0, 48]","[209.0, 160]","[244.56, 36]","[244.63, 49]",227.78,293,33.56,0.42
07:47:45,"[211.0, 54]","[209.0, 180]","[240.15, 34]","[240.68, 44]",225.57,312,29.15,0.5
07:47:46,"[210.0, 54]","[208.94, 93]","[234.62, 26]","[236.73, 22]",222.31,195,24.62,0.51
07:47:47,"[209.0, 121]","[207.0, 14]","[231.75, 32]","[232.55, 47]",220.38,214,22.75,0.26
07:47:48,"[208.72, 36]","[205.79, 33]","[226.0, 34]","[226.82, 44]",217.36,147,17.28,-0.06
07:47:49,"[209.0, 12]","[207.0, 12]","[221.41, 34]","[222.15, 33]",215.21,91,12.41,-0.47
07:47:50,"[209.0, 13]","[207.31, 13]","[217.97, 29]","[219.23, 44]",213.48,99,8.97,-0.47
07:47:51,"[208.11, 9]","[205.4, 25]","[218.0, 36]","[219.0, 9]",213.06,79,9.89,-0.14
07:47:52,"[206.0, 62]","[204.6, 91]","[215.46, 41]","[217.36, 59]",210.73,253,9.46,0.21
07:47:53,"[211.0, 68]","[205.92, 65]","[212.76, 37]","[239.41, 34]",211.88,204,1.76,0.3
07:47:54,"[208.86, 35]","[205.89, 53]","[219.59, 44]","[402.69, 26]",214.22,158,10.73,0.11
07:47:55,"[206.0, 50]","[204.0, 10]","[280.82, 22]","[310.86, 14]",243.41,96,74.82,0.25
07:47:56,"[206.0, 23]","[204.0, 11]","[246.12, 25]","[260.07, 28]",226.06,87,40.12,-0.22
07:47:57,"[205.0, 42]","[202.77, 13]","[214.0, 10]","[246.0, 20]",209.5,85,9.0,0.29
07:47:58,"[205.86, 35]","[204.0, 11]","[213.29, 17]","[243.83, 24]",209.58,87,7.44,0.06
07:47:59,"[205.89, 19]","[199.79, 29]","[212.18, 22]","[375.92, 26]",209.04,96,6.29,0.0
07:48:00,"[204.0, 10]","[199.0, 40]","[209.14, 14]","[213.67, 18]",206.57,82,5.14,0.22
07:48:01,"[202.09, 23]","[198.87, 62]","[205.85, 20]","[207.08, 24]",203.97,129,3.76,0.32
07:48:02,"[198.4, 40]","[197.21, 58]","[203.33, 15]","[205.33, 15]",200.87,128,4.93,0.53
07:48:03,"[200.5, 10]","[198.0, 28]","[302.37, 19]","[618.5, 16]",251.43,73,101.87,0.04
07:48:04,"[205.84, 19]","[199.37, 35]","[267.0, 52]","[383.69, 13]",236.42,119,61.16,-0.09
07:48:05,"[209.0, 9]","[207.12, 16]","[344.11, 38]","[506.44, 27]",276.55,90,135.11,-0.44
07:48:06,"[210.5, 24]","[207.4, 15]","[243.92, 24]","[312.15, 39]",227.21,102,33.42,-0.24
07:48:07,"[211.0, 66]","[209.0, 11]","[292.07, 41]","[495.73, 30]",251.54,148,81.07,0.04
07:48:08,"[210.65, 46]","[207.61, 23]","[300.69, 58]","[350.64, 61]",255.67,188,90.04,-0.27
07:48:09,"[209.43, 65]","[203.23, 71]","[216.0, 51]","[308.49, 77]",212.72,264,6.57,0.03
07:48:10,"[210.44, 64]","[209.0, 64]","[214.33, 55]","[225.67, 57]",212.38,240,3.89,0.07
07:48:11,"[211.0, 44]","[209.0, 60]","[213.0, 33]","[214.0, 44]",212.0,181,2.0,0.15
07:48:12,"[209.29, 63]","[207.44, 81]","[420.26, 47]","[524.03, 36]",314.77,227,210.97,0.27
07:48:13,"[209.0, 66]","[207.0, 77]","[438.03, 34]","[542.85, 27]",323.51,204,229.03,0.4
07:48:14,"[209.0, 60]","[207.0, 70]","[261.42, 36]","[262.6, 35]",235.21,201,52.42,0.29
07:48:15,"[209.0, 33]","[207.0, 77]","[261.0, 33]","[419.42, 31]",235.0,174,52.0,0.26
07:48:16,"[209.0, 45]","[207.0, 105]","[260.4, 45]","[304.31, 51]",234.7,246,51.4,0.22
07:48:17,"[209.05, 38]","[207.13, 90]","[230.38, 34]","[250.33, 36]",219.72,198,21.33,0.29
07:48:18,"[207.04, 74]","[206.64, 14]","[220.74, 39]","[222.51, 37]",213.89,164,13.7,0.07
07:48:19,"[207.0, 45]","[206.0, 9]","[210.74, 31]","[211.81, 32]",208.87,117,3.74,-0.08
07:48:20,"[207.0, 53]","[206.0, 13]","[208.92, 52]","[268.51, 41]",207.96,159,1.92,-0.17
07:48:21,"[206.46, 13]","[204.07, 87]","[282.94, 36]","[400.38, 32]",244.7,168,76.48,0.19
07:48:22,"[204.0, 66]","[201.0, 32]","[361.89, 19]","[400.93, 28]",282.95,145,157.89,0.35
07:48:23,"[204.0, 48]","[201.0, 24]","[389.71, 21]","[390.95, 21]",296.86,114,185.71,0.26
07:48:24,"[204.0, 104]","[201.0, 52]","[328.81, 32]","[350.46, 35]",266.41,223,124.81,0.4
07:48:25,"[206.38, 32]","[204.2, 30]","[275.33, 30]","[301.64, 22]",240.85,114,68.96,0.09
07:48:26,"[209.0, 24]","[207.0, 24]","[265.82, 45]","[268.53, 45]",237.41,138,56.82,-0.3
07:48:27,"[209.09, 22]","[207.33, 24]","[253.95, 41]","[259.12, 34]",231.52,121,44.86,-0.24
07:48:28,"[210.0, 7]","[209.0, 14]","[238.14, 14]","[239.29, 14]",224.07,49,28.14,-0.14
07:48:29,"[210.0, 7]","[209.0, 14]","[236.17, 24]","[237.11, 18]",223.08,63,26.17,-0.33
07:48:30,"[210.0, 7]","[209.0, 14]","[234.0, 14]","[236.0, 28]",222.0,63,24.0,-0.33
07:48:31,"[210.36, 11]","[209.0, 36]","[220.47, 38]","[234.29, 28]",215.42,113,10.11,-0.17
07:48:32,"[211.0, 25]","[209.0, 64]","[216.14, 44]","[218.84, 50]",213.57,183,5.14,-0.03
07:48:33,"[209.18, 57]","[207.63, 38]","[213.17, 24]","[215.36, 39]",211.17,158,3.99,0.2
07:48:34,"[208.74, 38]","[206.64, 28]","[210.27, 30]","[211.08, 51]",209.5,147,1.53,-0.1
07:48:35,"[208.44, 16]","[205.88, 16]","[210.89, 36]","[274.56, 36]",209.66,104,2.45,-0.38
07:48:36,"[204.24, 34]","[202.91, 53]","[207.36, 39]","[208.55, 40]",205.8,166,3.12,0.05
07:48:37,"[204.0, 20]","[202.0, 40]","[205.25, 32]","[328.3, 33]",204.62,125,1.25,-0.04
07:48:38,"[201.72, 39]","[198.78, 23]","[310.29, 35]","[460.29, 42]",256.0,139,108.57,-0.11
07:48:39,"[189.5, 12]","[170.0, 9]","[212.44, 27]","[354.79, 28]",200.97,76,22.94,-0.45
07:48:40,"[186.62, 13]","[156.23, 13]","[204.81, 43]","[209.69, 39]",195.71,108,18.2,-0.52
07:48:41,"[197.0, 12]","[188.67, 12]","[200.0, 60]","[201.67, 36]",198.5,120,3.0,-0.6
07:48:42,"[197.0, 6]","[179.67, 6]","[199.62, 24]","[200.38, 24]",198.31,60,2.62,-0.6
07:48:43,"[197.0, 11]","[164.83, 65]","[201.78, 77]","[246.13, 47]",199.39,200,4.78,-0.24
07:48:44,"[200.72, 29]","[179.8, 5]","[202.0, 50]","[225.0, 20]",201.36,104,1.28,-0.35
07:48:45,"[201.0, 50]","[198.0, 8]","[202.0, 80]","[225.0, 32]",201.5,170,1.0,-0.32
07:48:46,"[201.0, 35]","[198.0, 7]","[202.0, 42]","[225.0, 28]",201.5,112,1.0,-0.25
