Time,Bid1,Bid2,Ask1,Ask2,Mid-Price,Total_volume,Bid_ask_spread,Order_imbalance
07:30:00,"[0, 0]","[0, 0]","[0, 0]","[0, 0]",0.0,0,0.0,0.0
07:30:01,"[155.0, 1]","[0, 0]","[0, 0]","[0, 0]",77.5,1,-155.0,1.0
07:30:02,"[155.0, 1]","[0, 0]","[800.0, 5]","[0, 0]",477.5,6,645.0,-0.67
07:30:03,"[173.0, 2]","[155.0, 2]","[800.0, 10]","[0, 0]",486.5,14,627.0,-0.43
07:30:04,"[173.0, 1]","[155.0, 1]","[799.0, 5]","[0, 0]",486.0,7,626.0,-0.43
07:30:05,"[173.67, 3]","[164.0, 2]","[798.0, 10]","[0, 0]",485.83,15,624.33,-0.33
07:30:06,"[175.33, 6]","[173.0, 3]","[798.0, 15]","[0, 0]",486.67,24,622.67,-0.25
07:30:07,"[176.0, 8]","[173.0, 4]","[797.25, 20]","[798.0, 15]",486.62,47,621.25,-0.49
07:30:08,"[176.0, 8]","[173.0, 4]","[795.0, 20]","[797.25, 20]",485.5,52,619.0,-0.54
07:30:09,"[169.0, 6]","[153.0, 23]","[575.12, 16]","[793.8, 25]",372.06,70,406.12,-0.17
07:30:10,"[155.67, 9]","[150.24, 63]","[165.95, 39]","[172.0, 18]",160.81,129,10.28,0.12
07:30:11,"[156.6, 10]","[150.94, 128]","[164.71, 41]","[166.65, 17]",160.65,196,8.11,0.41
07:30:12,"[157.57, 7]","[155.71, 70]","[164.0, 28]","[165.0, 7]",160.79,112,6.43,0.38
07:30:13,"[158.7, 10]","[155.0, 100]","[169.5, 34]","[172.26, 39]",164.1,183,10.8,0.2
07:30:14,"[161.0, 13]","[155.15, 130]","[172.41, 29]","[214.23, 61]",166.71,233,11.41,0.23
07:30:15,"[162.5, 16]","[156.0, 160]","[168.62, 64]","[178.58, 66]",165.56,306,6.12,0.15
07:30:16,"[156.6, 35]","[155.27, 82]","[169.92, 39]","[173.78, 27]",163.26,183,13.32,0.28
07:30:17,"[156.0, 32]","[155.0, 80]","[164.64, 22]","[172.12, 34]",160.32,168,8.64,0.33
07:30:18,"[157.12, 33]","[155.59, 66]","[172.0, 24]","[173.0, 24]",164.56,147,14.88,0.35
07:30:19,"[163.78, 9]","[162.95, 21]","[172.0, 12]","[173.0, 12]",167.89,54,8.22,0.11
07:30:20,"[165.71, 7]","[162.53, 19]","[172.14, 14]","[175.25, 16]",168.93,56,6.43,-0.07
07:30:21,"[168.57, 23]","[165.67, 15]","[174.31, 32]","[181.79, 58]",171.44,128,5.75,-0.41
07:30:22,"[171.05, 60]","[170.0, 60]","[180.0, 36]","[182.0, 48]",175.53,204,8.95,0.18
07:30:23,"[174.23, 57]","[174.92, 39]","[181.68, 57]","[192.4, 60]",177.96,213,7.46,-0.1
07:30:24,"[173.44, 48]","[174.36, 11]","[182.0, 32]","[195.0, 32]",177.72,123,8.56,-0.04
07:30:25,"[174.0, 126]","[171.0, 24]","[182.0, 56]","[195.0, 56]",178.0,262,8.0,0.15
07:30:26,"[175.0, 48]","[172.0, 42]","[182.0, 28]","[192.71, 28]",178.5,146,7.0,0.23
07:30:27,"[175.11, 36]","[173.06, 68]","[182.0, 40]","[195.0, 40]",178.56,184,6.89,0.13
07:30:28,"[176.0, 22]","[175.0, 44]","[182.0, 44]","[195.0, 44]",179.0,154,6.0,-0.14
07:30:29,"[176.55, 22]","[175.0, 44]","[182.0, 44]","[196.36, 44]",179.27,154,5.45,-0.14
07:30:30,"[177.0, 26]","[175.0, 52]","[181.22, 36]","[189.89, 55]",179.11,169,4.22,-0.08
07:30:31,"[176.25, 32]","[174.25, 64]","[179.69, 32]","[184.45, 55]",177.97,183,3.44,0.05
07:30:32,"[175.0, 44]","[173.0, 88]","[184.5, 48]","[190.78, 49]",179.75,229,9.5,0.15
07:30:33,"[173.2, 80]","[171.46, 70]","[181.11, 45]","[182.73, 55]",177.16,250,7.91,0.2
07:30:34,"[173.0, 104]","[171.0, 84]","[179.64, 56]","[182.0, 70]",176.32,314,6.64,0.2
07:30:35,"[173.0, 56]","[171.0, 84]","[176.57, 56]","[183.15, 54]",174.79,250,3.57,0.12
07:30:36,"[173.0, 48]","[171.0, 72]","[174.56, 27]","[176.54, 35]",173.78,182,1.56,0.32
07:30:37,"[171.24, 68]","[170.13, 92]","[174.22, 18]","[177.71, 17]",172.73,195,2.99,0.64
07:30:38,"[173.75, 48]","[170.73, 44]","[177.61, 31]","[181.62, 47]",175.68,170,3.86,0.08
07:30:39,"[175.14, 28]","[174.74, 35]","[178.0, 28]","[182.0, 35]",176.57,126,2.86,0.0
07:30:40,"[175.31, 54]","[171.07, 84]","[178.0, 48]","[182.0, 60]",176.66,246,2.69,0.12
07:30:41,"[175.57, 42]","[170.86, 87]","[178.0, 36]","[182.0, 45]",176.79,210,2.43,0.23
07:30:42,"[175.0, 25]","[170.0, 60]","[178.0, 20]","[182.0, 25]",176.5,130,3.0,0.31
07:30:43,"[175.0, 50]","[171.29, 21]","[177.54, 26]","[180.5, 40]",176.27,137,2.54,0.04
07:30:44,"[174.52, 42]","[171.56, 50]","[178.0, 36]","[183.27, 75]",176.26,203,3.48,-0.09
07:30:45,"[175.0, 24]","[173.0, 60]","[178.65, 40]","[182.67, 46]",176.82,170,3.65,-0.01
07:30:46,"[175.86, 49]","[173.65, 26]","[179.17, 82]","[181.22, 90]",177.51,247,3.31,-0.39
07:30:47,"[173.71, 21]","[172.6, 15]","[181.0, 78]","[182.0, 117]",177.36,231,7.29,-0.69
07:30:48,"[172.32, 37]","[169.25, 20]","[180.45, 22]","[181.13, 126]",176.39,205,8.13,-0.44
07:30:49,"[170.86, 58]","[155.86, 37]","[177.53, 38]","[180.75, 72]",174.19,205,6.66,-0.07
07:30:50,"[174.0, 48]","[170.64, 28]","[176.45, 20]","[177.08, 52]",175.22,148,2.45,0.03
07:30:51,"[174.69, 72]","[172.15, 40]","[177.24, 58]","[178.38, 48]",175.97,218,2.55,0.03
07:30:52,"[176.0, 50]","[173.0, 10]","[178.71, 17]","[181.74, 35]",177.35,112,2.71,0.07
07:30:53,"[176.0, 100]","[173.0, 20]","[179.0, 30]","[182.0, 80]",177.5,230,3.0,0.04
07:30:54,"[176.0, 90]","[173.0, 18]","[179.0, 27]","[182.0, 47]",177.5,182,3.0,0.19
07:30:55,"[176.0, 90]","[173.0, 18]","[178.0, 18]","[179.0, 27]",177.0,153,2.0,0.41
07:30:56,"[176.0, 49]","[173.0, 14]","[178.0, 14]","[180.14, 21]",177.0,98,2.0,0.29
07:30:57,"[176.0, 35]","[173.0, 10]","[178.0, 10]","[181.0, 15]",177.0,70,2.0,0.29
07:30:58,"[176.0, 34]","[173.0, 10]","[178.0, 10]","[181.0, 15]",177.0,69,2.0,0.28
07:30:59,"[176.0, 30]","[173.0, 10]","[178.0, 10]","[181.0, 15]",177.0,65,2.0,0.23
07:31:00,"[176.0, 66]","[172.84, 19]","[177.45, 22]","[179.67, 27]",176.73,134,1.45,0.27
07:31:01,"[173.49, 182]","[171.0, 15]","[179.09, 22]","[181.6, 40]",176.29,259,5.6,0.52
07:31:02,"[174.97, 248]","[173.18, 334]","[178.79, 80]","[181.63, 76]",176.88,738,3.82,0.58
07:31:03,"[175.82, 169]","[173.22, 213]","[177.33, 48]","[181.83, 72]",176.58,502,1.51,0.52
07:31:04,"[176.0, 130]","[173.08, 198]","[178.71, 28]","[181.68, 38]",177.36,394,2.71,0.66
07:31:05,"[176.72, 25]","[174.16, 62]","[180.0, 10]","[182.0, 20]",178.36,117,3.28,0.49
07:31:06,"[178.31, 39]","[176.29, 84]","[180.94, 34]","[182.25, 48]",179.62,205,2.63,0.2
07:31:07,"[178.16, 25]","[176.35, 68]","[182.0, 44]","[183.0, 33]",180.08,170,3.84,0.09
07:31:08,"[178.3, 10]","[176.28, 65]","[182.0, 40]","[183.0, 30]",180.15,145,3.7,0.03
07:31:09,"[178.0, 7]","[176.0, 56]","[182.0, 28]","[183.0, 21]",180.0,112,4.0,0.12
07:31:10,"[178.0, 4]","[176.0, 32]","[182.0, 17]","[183.0, 12]",180.0,65,4.0,0.11
07:31:11,"[178.59, 17]","[176.16, 61]","[182.0, 53]","[183.0, 36]",180.29,167,3.41,-0.07
07:31:12,"[180.0, 18]","[178.0, 9]","[182.0, 36]","[183.0, 27]",181.0,90,2.0,-0.4
07:31:13,"[180.0, 14]","[178.0, 7]","[182.0, 28]","[183.0, 21]",181.0,70,2.0,-0.4
07:31:14,"[180.0, 20]","[178.0, 10]","[181.47, 34]","[182.28, 43]",180.74,107,1.47,-0.44
07:31:15,"[178.5, 8]","[176.04, 49]","[181.86, 21]","[182.94, 51]",180.18,129,3.36,-0.12
07:31:16,"[178.0, 10]","[176.0, 80]","[182.0, 30]","[183.0, 80]",180.0,200,4.0,-0.1
07:31:17,"[178.0, 9]","[176.0, 72]","[181.29, 21]","[182.64, 47]",179.64,149,3.29,0.09
07:31:18,"[176.26, 39]","[175.62, 65]","[179.88, 24]","[181.74, 34]",178.07,162,3.62,0.28
07:31:19,"[176.0, 63]","[175.0, 55]","[179.45, 33]","[183.0, 93]",177.73,244,3.45,-0.03
07:31:20,"[176.0, 36]","[175.0, 50]","[178.0, 30]","[182.37, 38]",177.0,154,2.0,0.12
07:31:21,"[175.71, 45]","[173.32, 184]","[178.0, 39]","[181.0, 52]",176.86,320,2.29,0.43
07:31:22,"[176.71, 28]","[175.65, 23]","[177.89, 27]","[181.0, 36]",177.3,114,1.17,-0.11
07:31:23,"[175.0, 24]","[173.0, 228]","[179.23, 35]","[181.0, 46]",177.11,333,4.23,0.51
07:31:24,"[173.04, 213]","[172.41, 93]","[177.0, 13]","[178.0, 39]",175.02,358,3.96,0.71
07:31:25,"[173.0, 57]","[172.0, 15]","[176.67, 3]","[178.0, 9]",174.83,84,3.67,0.71
07:31:26,"[173.0, 319]","[172.0, 85]","[174.75, 40]","[177.77, 44]",173.88,488,1.75,0.66
07:31:27,"[173.0, 138]","[172.0, 45]","[177.33, 27]","[180.71, 42]",175.17,252,4.33,0.45
07:31:28,"[173.0, 168]","[172.0, 60]","[178.92, 36]","[180.47, 57]",175.96,321,5.92,0.42
07:31:29,"[175.0, 55]","[173.0, 154]","[177.0, 33]","[178.45, 33]",176.0,275,2.0,0.52
07:31:30,"[175.0, 41]","[173.0, 182]","[176.86, 49]","[178.09, 33]",175.93,305,1.86,0.46
07:31:31,"[175.83, 12]","[173.83, 24]","[178.0, 18]","[179.0, 12]",176.92,66,2.17,0.09
07:31:32,"[176.7, 20]","[175.0, 20]","[178.0, 30]","[179.0, 20]",177.35,90,1.3,-0.11
07:31:33,"[174.38, 32]","[173.07, 103]","[178.0, 14]","[179.0, 20]",176.19,169,3.62,0.6
07:31:34,"[175.5, 54]","[173.12, 127]","[178.43, 14]","[179.86, 28]",176.96,223,2.93,0.62
07:31:35,"[176.0, 30]","[173.0, 84]","[179.0, 12]","[181.0, 24]",177.5,150,3.0,0.52
07:31:36,"[174.92, 39]","[172.8, 75]","[177.18, 22]","[179.57, 14]",176.05,150,2.26,0.52
07:31:37,"[173.16, 98]","[171.79, 87]","[177.88, 32]","[181.35, 46]",175.52,263,4.71,0.41
07:31:38,"[178.58, 38]","[176.72, 43]","[181.0, 22]","[182.0, 66]",179.79,169,2.42,-0.04
07:31:39,"[179.0, 48]","[177.0, 12]","[181.0, 24]","[182.0, 72]",180.0,156,2.0,-0.23
07:31:40,"[179.0, 36]","[177.0, 9]","[181.0, 18]","[182.0, 54]",180.0,117,2.0,-0.23
07:31:41,"[179.0, 55]","[177.0, 14]","[181.0, 28]","[182.0, 84]",180.0,181,2.0,-0.24
07:31:42,"[179.0, 21]","[177.0, 7]","[181.0, 14]","[182.0, 42]",180.0,84,2.0,-0.33
07:31:43,"[179.0, 30]","[176.4, 15]","[181.97, 62]","[408.0, 38]",180.48,145,2.97,-0.38
07:31:44,"[177.0, 8]","[171.47, 34]","[182.0, 48]","[266.95, 37]",179.5,127,5.0,-0.34
07:31:45,"[177.0, 7]","[174.67, 36]","[182.0, 42]","[253.0, 35]",179.5,120,5.0,-0.28
07:31:46,"[175.79, 53]","[174.77, 52]","[182.0, 54]","[253.0, 45]",178.9,204,6.21,0.03
07:31:47,"[177.0, 30]","[175.0, 48]","[181.55, 11]","[197.43, 23]",179.27,112,4.55,0.39
07:31:48,"[177.0, 75]","[175.0, 120]","[181.0, 15]","[182.0, 82]",179.0,292,4.0,0.34
07:31:49,"[177.0, 42]","[175.0, 72]","[181.0, 9]","[182.0, 54]",179.0,177,4.0,0.29
07:31:50,"[177.2, 20]","[175.67, 48]","[180.5, 10]","[181.82, 40]",178.85,118,3.3,0.15
07:31:51,"[177.2, 20]","[175.5, 64]","[179.45, 11]","[181.0, 23]",178.33,118,2.25,0.42
07:31:52,"[175.22, 9]","[174.57, 14]","[182.0, 6]","[183.0, 15]",178.61,44,6.78,0.05
07:31:53,"[175.0, 20]","[174.0, 15]","[181.38, 16]","[182.79, 19]",178.19,70,6.38,0.0
07:31:54,"[175.0, 24]","[174.0, 18]","[179.67, 24]","[181.0, 30]",177.33,96,4.67,-0.12
07:31:55,"[175.18, 44]","[174.23, 35]","[177.75, 51]","[179.36, 42]",176.46,172,2.56,-0.08
07:31:56,"[175.12, 64]","[174.16, 50]","[177.35, 68]","[180.57, 28]",176.24,210,2.23,0.09
07:31:57,"[174.23, 43]","[172.32, 75]","[180.0, 26]","[184.0, 13]",177.12,157,5.77,0.5
07:31:58,"[174.0, 36]","[172.0, 70]","[180.0, 20]","[184.0, 10]",177.0,136,6.0,0.56
07:31:59,"[174.0, 18]","[172.0, 63]","[179.36, 11]","[183.2, 10]",176.68,102,5.36,0.59
07:32:00,"[174.0, 22]","[172.0, 77]","[179.0, 33]","[184.0, 11]",176.5,143,5.0,0.38
07:32:01,"[174.0, 26]","[172.0, 77]","[177.0, 33]","[178.46, 26]",175.5,162,3.0,0.27
07:32:02,"[174.0, 33]","[172.0, 77]","[176.08, 13]","[177.06, 32]",175.04,155,2.08,0.42
07:32:03,"[172.24, 51]","[170.33, 86]","[176.5, 18]","[179.94, 34]",174.37,189,4.26,0.45
07:32:04,"[172.0, 55]","[170.0, 88]","[178.0, 22]","[183.0, 59]",175.0,224,6.0,0.28
07:32:05,"[176.33, 52]","[173.78, 58]","[178.88, 16]","[183.0, 56]",177.6,182,2.55,0.21
07:32:06,"[177.13, 78]","[173.55, 58]","[182.65, 57]","[215.51, 35]",179.89,228,5.52,0.19
07:32:07,"[177.29, 49]","[175.31, 74]","[182.0, 52]","[183.0, 80]",179.64,255,4.71,-0.04
07:32:08,"[178.79, 38]","[177.42, 48]","[181.28, 67]","[182.17, 87]",180.04,240,2.49,-0.28
07:32:09,"[178.92, 24]","[177.29, 49]","[180.0, 36]","[182.0, 76]",179.46,185,1.08,-0.21
07:32:10,"[177.0, 70]","[172.0, 50]","[181.57, 28]","[183.33, 36]",179.29,184,4.57,0.3
07:32:11,"[177.0, 84]","[172.0, 60]","[179.71, 21]","[181.86, 42]",178.36,207,2.71,0.39
07:32:12,"[174.16, 76]","[169.17, 72]","[181.12, 32]","[183.0, 44]",177.64,224,6.97,0.32
07:32:13,"[170.83, 59]","[167.53, 47]","[177.03, 62]","[183.33, 72]",173.93,240,6.2,-0.12
07:32:14,"[172.88, 16]","[171.4, 20]","[176.0, 36]","[181.0, 36]",174.44,108,3.12,-0.33
07:32:15,"[174.44, 9]","[172.0, 18]","[176.0, 27]","[181.0, 27]",175.22,81,1.56,-0.33
07:32:16,"[174.54, 13]","[170.93, 28]","[176.0, 36]","[181.0, 36]",175.27,113,1.46,-0.27
07:32:17,"[172.0, 20]","[167.0, 60]","[175.82, 22]","[179.0, 30]",173.91,132,3.82,0.21
07:32:18,"[172.0, 20]","[167.0, 60]","[174.23, 26]","[175.82, 22]",173.12,128,2.23,0.25
07:32:19,"[172.67, 36]","[169.0, 60]","[174.0, 90]","[175.0, 18]",173.33,204,1.33,-0.06
07:32:20,"[172.57, 21]","[170.53, 17]","[173.73, 45]","[175.46, 13]",173.15,96,1.16,-0.21
07:32:21,"[172.0, 9]","[170.0, 24]","[175.22, 27]","[177.68, 25]",173.61,85,3.22,-0.22
07:32:22,"[169.04, 23]","[167.18, 40]","[177.0, 36]","[178.58, 24]",173.02,123,7.96,0.02
07:32:23,"[169.27, 88]","[167.76, 33]","[177.0, 48]","[178.0, 88]",173.14,257,7.73,-0.06
07:32:24,"[171.0, 56]","[168.0, 24]","[177.0, 21]","[178.0, 42]",174.0,143,6.0,0.12
07:32:25,"[172.05, 59]","[169.15, 27]","[177.0, 24]","[178.0, 48]",174.53,158,4.95,0.09
07:32:26,"[173.05, 76]","[173.08, 39]","[177.0, 33]","[178.0, 66]",175.03,214,3.95,0.07
07:32:27,"[176.0, 45]","[175.0, 72]","[177.0, 27]","[178.0, 54]",176.5,198,1.0,0.18
07:32:28,"[176.0, 50]","[175.0, 80]","[177.0, 30]","[178.0, 54]",176.5,214,1.0,0.21
07:32:29,"[176.0, 50]","[175.0, 80]","[177.0, 30]","[178.0, 48]",176.5,208,1.0,0.25
07:32:30,"[175.5, 32]","[174.14, 56]","[176.95, 19]","[177.94, 51]",176.22,158,1.45,0.11
07:32:31,"[175.0, 99]","[172.0, 104]","[176.81, 43]","[177.36, 56]",175.91,302,1.81,0.34
07:32:32,"[175.0, 77]","[172.0, 88]","[177.0, 77]","[178.0, 44]",176.0,286,2.0,0.15
07:32:33,"[175.4, 105]","[173.11, 114]","[177.0, 96]","[178.0, 60]",176.2,375,1.6,0.17
07:32:34,"[176.62, 74]","[174.06, 51]","[178.0, 28]","[182.0, 35]",177.31,188,1.38,0.33
07:32:35,"[177.0, 128]","[175.0, 77]","[178.0, 44]","[182.0, 55]",177.5,304,1.0,0.35
07:32:36,"[177.0, 128]","[175.0, 105]","[178.0, 60]","[182.0, 75]",177.5,368,1.0,0.27
07:32:37,"[177.0, 28]","[175.0, 49]","[178.0, 28]","[182.0, 35]",177.5,140,1.0,0.1
07:32:38,"[177.0, 16]","[175.0, 28]","[178.0, 16]","[182.0, 20]",177.5,80,1.0,0.1
07:32:39,"[175.77, 35]","[174.01, 73]","[178.0, 40]","[182.0, 50]",176.89,198,2.23,0.09
07:32:40,"[176.71, 49]","[174.58, 57]","[178.0, 32]","[182.0, 40]",177.36,178,1.29,0.19
07:32:41,"[177.0, 30]","[175.0, 49]","[178.0, 28]","[182.0, 35]",177.5,142,1.0,0.11
07:32:42,"[177.0, 24]","[175.19, 52]","[178.0, 32]","[182.0, 40]",177.5,148,1.0,0.03
07:32:43,"[176.23, 39]","[174.57, 77]","[178.0, 36]","[182.0, 45]",177.12,197,1.77,0.18
07:32:44,"[176.0, 50]","[175.0, 160]","[179.05, 38]","[194.36, 44]",177.53,292,3.05,0.44
07:32:45,"[176.0, 50]","[175.0, 160]","[178.0, 30]","[182.0, 50]",177.0,290,2.0,0.45
07:32:46,"[176.0, 55]","[175.0, 176]","[177.07, 43]","[178.57, 35]",176.53,309,1.07,0.5
07:32:47,"[176.0, 34]","[175.0, 160]","[177.0, 40]","[178.2, 30]",176.5,264,1.0,0.47
07:32:48,"[175.02, 122]","[172.92, 104]","[177.88, 41]","[180.33, 45]",176.45,312,2.86,0.45
07:32:49,"[175.0, 108]","[172.0, 72]","[177.0, 45]","[179.0, 27]",176.0,252,2.0,0.43
07:32:50,"[175.0, 142]","[172.0, 112]","[176.56, 54]","[177.62, 58]",175.78,366,1.56,0.39
07:32:51,"[175.0, 100]","[174.0, 170]","[176.88, 34]","[177.83, 46]",175.94,350,1.88,0.54
07:32:52,"[175.17, 29]","[174.14, 59]","[179.0, 20]","[180.0, 12]",177.09,120,3.83,0.47
07:32:53,"[177.24, 42]","[175.3, 69]","[179.3, 50]","[181.09, 46]",178.27,207,2.06,0.07
07:32:54,"[177.0, 26]","[175.0, 104]","[180.0, 39]","[182.0, 65]",178.5,234,3.0,0.11
07:32:55,"[177.6, 25]","[175.26, 46]","[180.0, 24]","[221.38, 32]",178.8,127,2.4,0.12
07:32:56,"[177.0, 16]","[175.0, 64]","[180.0, 31]","[182.0, 16]",178.5,127,3.0,0.26
07:32:57,"[176.0, 32]","[174.91, 70]","[178.79, 38]","[180.07, 28]",177.39,168,2.79,0.21
07:32:58,"[176.58, 118]","[174.6, 53]","[179.0, 33]","[180.0, 21]",177.79,225,2.42,0.52
07:32:59,"[178.0, 105]","[175.0, 56]","[179.0, 21]","[180.0, 21]",178.5,203,1.0,0.59
07:33:00,"[178.0, 166]","[175.08, 61]","[179.0, 36]","[180.0, 32]",178.5,295,1.0,0.54
07:33:01,"[177.53, 51]","[175.03, 99]","[179.0, 45]","[194.89, 36]",178.26,231,1.47,0.3
07:33:02,"[176.0, 12]","[175.0, 96]","[179.0, 36]","[180.0, 48]",177.5,192,3.0,0.12
07:33:03,"[176.86, 21]","[175.27, 33]","[179.0, 36]","[180.0, 48]",177.93,138,2.14,-0.22
07:33:04,"[177.0, 20]","[176.0, 10]","[179.0, 30]","[180.0, 40]",178.0,100,2.0,-0.4
07:33:05,"[175.5, 56]","[174.16, 88]","[179.0, 39]","[180.0, 52]",177.25,235,3.5,0.23
07:33:06,"[175.0, 48]","[174.0, 63]","[179.0, 27]","[180.0, 36]",177.0,174,4.0,0.28
07:33:07,"[175.0, 40]","[174.0, 70]","[179.0, 30]","[180.0, 40]",177.0,180,4.0,0.22
07:33:08,"[175.33, 36]","[174.09, 69]","[179.0, 36]","[180.0, 48]",177.17,189,3.67,0.11
07:33:09,"[177.0, 18]","[175.0, 18]","[180.0, 36]","[182.0, 18]",178.5,90,3.0,-0.2
07:33:10,"[177.0, 28]","[175.0, 28]","[179.17, 29]","[179.45, 51]",178.09,136,2.17,-0.18
07:33:11,"[175.16, 31]","[174.02, 93]","[178.0, 14]","[179.59, 49]",176.58,187,2.84,0.33
07:33:12,"[175.0, 18]","[174.0, 77]","[178.47, 15]","[180.1, 39]",176.73,149,3.47,0.28
07:33:13,"[174.6, 15]","[173.8, 70]","[179.0, 10]","[180.0, 44]",176.8,139,4.4,0.22
07:33:14,"[174.0, 54]","[172.0, 63]","[179.0, 9]","[180.0, 36]",176.5,162,5.0,0.44
07:33:15,"[174.0, 48]","[172.0, 56]","[179.0, 8]","[180.0, 32]",176.5,144,5.0,0.44
07:33:16,"[174.4, 20]","[173.55, 62]","[179.0, 10]","[180.0, 40]",176.7,132,4.6,0.24
07:33:17,"[177.31, 13]","[174.0, 78]","[179.0, 13]","[180.0, 52]",178.15,156,1.69,0.17
07:33:18,"[178.0, 10]","[174.0, 60]","[179.0, 10]","[180.0, 40]",178.5,120,1.0,0.17
07:33:19,"[178.0, 10]","[174.0, 63]","[179.0, 10]","[180.0, 40]",178.5,123,1.0,0.19
07:33:20,"[178.0, 13]","[174.54, 78]","[179.0, 13]","[180.0, 52]",178.5,156,1.0,0.17
07:33:21,"[175.0, 77]","[174.0, 57]","[178.02, 47]","[179.09, 44]",176.51,225,3.02,0.19
07:33:22,"[175.0, 91]","[174.0, 65]","[177.81, 62]","[178.85, 47]",176.4,265,2.81,0.18
07:33:23,"[174.94, 51]","[172.56, 73]","[177.6, 50]","[179.6, 45]",176.27,219,2.66,0.13
07:33:24,"[174.63, 95]","[172.7, 81]","[177.0, 84]","[180.21, 87]",175.82,347,2.37,0.01
07:33:25,"[175.0, 75]","[174.0, 75]","[176.0, 60]","[178.0, 15]",175.5,225,1.0,0.33
07:33:26,"[174.67, 45]","[171.0, 60]","[179.6, 25]","[181.64, 44]",177.13,174,4.93,0.21
07:33:27,"[174.0, 20]","[172.0, 4]","[180.0, 18]","[183.0, 24]",177.0,66,6.0,-0.27
07:33:28,"[174.0, 60]","[172.0, 12]","[178.33, 60]","[180.0, 54]",176.17,186,4.33,-0.23
07:33:29,"[174.0, 65]","[172.0, 13]","[176.15, 65]","[179.62, 52]",175.08,195,2.15,-0.2
07:33:30,"[168.92, 26]","[167.91, 66]","[175.0, 40]","[179.0, 32]",171.96,164,6.08,0.12
07:33:31,"[168.0, 100]","[167.0, 30]","[174.53, 47]","[179.67, 36]",171.27,213,6.53,0.22
07:33:32,"[168.0, 127]","[167.0, 39]","[172.78, 36]","[174.91, 47]",170.39,249,4.78,0.33
07:33:33,"[168.0, 130]","[167.0, 39]","[170.71, 34]","[171.55, 44]",169.35,247,2.71,0.37
07:33:34,"[168.0, 88]","[167.0, 30]","[169.6, 20]","[172.3, 40]",168.8,178,1.6,0.33
07:33:35,"[168.0, 44]","[165.35, 17]","[171.4, 20]","[175.29, 28]",169.7,109,3.4,0.12
07:33:36,"[168.68, 22]","[166.42, 19]","[175.0, 40]","[177.0, 20]",171.84,101,6.32,-0.19
07:33:37,"[170.7, 50]","[168.91, 47]","[175.0, 40]","[177.0, 20]",172.85,157,4.3,0.24
07:33:38,"[172.0, 70]","[169.1, 50]","[175.14, 58]","[177.54, 39]",173.57,217,3.14,0.11
07:33:39,"[173.83, 30]","[172.83, 30]","[175.0, 30]","[178.0, 24]",174.42,114,1.17,0.05
07:33:40,"[174.0, 50]","[173.0, 50]","[175.0, 49]","[178.0, 40]",174.5,189,1.0,0.06
07:33:41,"[174.0, 45]","[171.79, 33]","[175.0, 28]","[178.0, 28]",174.5,134,1.0,0.16
07:33:42,"[174.0, 75]","[168.0, 52]","[177.23, 43]","[178.55, 44]",175.62,214,3.23,0.19
07:33:43,"[174.17, 24]","[171.33, 36]","[178.0, 32]","[179.0, 24]",176.08,116,3.83,0.03
07:33:44,"[174.5, 8]","[171.2, 25]","[178.0, 24]","[179.0, 18]",176.25,75,3.5,-0.12
07:33:45,"[174.47, 17]","[169.33, 18]","[178.0, 20]","[179.0, 15]",176.24,70,3.53,0.0
07:33:46,"[175.21, 28]","[174.0, 27]","[177.4, 30]","[178.27, 33]",176.31,118,2.19,-0.07
07:33:47,"[176.0, 12]","[174.0, 18]","[177.0, 18]","[178.0, 14]",176.5,62,1.0,-0.03
07:33:48,"[174.5, 40]","[172.86, 35]","[176.76, 25]","[178.96, 48]",175.63,148,2.26,0.01
07:33:49,"[174.0, 39]","[172.0, 26]","[176.0, 13]","[179.0, 26]",175.0,104,2.0,0.25
07:33:50,"[173.91, 23]","[169.58, 31]","[177.08, 12]","[179.33, 18]",175.5,84,3.17,0.29
07:33:51,"[172.0, 3]","[167.0, 45]","[179.0, 6]","[180.0, 6]",175.5,60,7.0,0.6
07:33:52,"[172.97, 161]","[167.54, 84]","[179.0, 28]","[180.0, 28]",175.98,301,6.03,0.63
07:33:53,"[173.39, 83]","[172.96, 125]","[179.0, 26]","[180.0, 26]",176.19,260,5.61,0.6
07:33:54,"[177.79, 33]","[173.08, 51]","[179.44, 18]","[275.67, 18]",178.62,120,1.66,0.4
07:33:55,"[177.0, 6]","[172.0, 6]","[180.0, 12]","[307.0, 10]",178.5,34,3.0,-0.29
07:33:56,"[177.79, 34]","[173.5, 10]","[180.0, 20]","[182.0, 10]",178.9,74,2.21,0.19
07:33:57,"[178.0, 28]","[177.0, 8]","[180.0, 16]","[182.0, 8]",179.0,60,2.0,0.2
07:33:58,"[178.29, 7]","[177.0, 7]","[180.0, 14]","[182.0, 11]",179.14,39,1.71,-0.28
07:33:59,"[178.67, 12]","[175.25, 24]","[180.0, 24]","[182.0, 12]",179.33,72,1.33,0.0
07:34:00,"[175.0, 20]","[173.85, 40]","[180.0, 18]","[182.0, 9]",177.5,87,5.0,0.38
07:34:01,"[176.0, 32]","[174.0, 64]","[178.06, 64]","[179.38, 21]",177.03,181,2.06,0.06
07:34:02,"[176.0, 17]","[174.0, 40]","[177.0, 50]","[179.0, 17]",176.5,124,1.0,-0.08
07:34:03,"[174.87, 30]","[173.33, 36]","[177.0, 70]","[179.0, 14]",175.93,150,2.13,-0.12
07:34:04,"[175.42, 36]","[174.43, 35]","[177.0, 51]","[179.0, 12]",176.21,134,1.58,0.06
07:34:05,"[175.0, 21]","[174.0, 34]","[178.27, 41]","[179.55, 11]",176.63,107,3.27,0.03
07:34:06,"[174.31, 13]","[173.03, 31]","[179.5, 16]","[181.71, 7]",176.9,67,5.19,0.31
07:34:07,"[174.0, 33]","[172.0, 55]","[175.93, 43]","[180.75, 16]",174.97,147,1.93,0.2
07:34:08,"[174.0, 24]","[172.0, 40]","[175.0, 40]","[181.75, 8]",174.5,112,1.0,0.14
07:34:09,"[172.65, 37]","[170.8, 50]","[178.2, 30]","[263.17, 12]",175.42,129,5.55,0.35
07:34:10,"[172.0, 40]","[170.0, 48]","[180.57, 35]","[181.59, 17]",176.29,140,8.57,0.26
07:34:11,"[172.0, 60]","[170.0, 72]","[179.81, 63]","[180.67, 54]",175.9,249,7.81,0.06
07:34:12,"[172.0, 40]","[170.0, 48]","[178.47, 17]","[179.47, 38]",175.24,143,6.47,0.23
07:34:13,"[172.0, 25]","[170.0, 30]","[179.0, 20]","[180.0, 30]",175.5,105,7.0,0.05
07:34:14,"[172.0, 50]","[170.0, 60]","[179.0, 70]","[180.0, 10]",175.5,190,7.0,0.16
07:34:15,"[172.0, 45]","[170.0, 54]","[179.0, 45]","[180.0, 9]",175.5,153,7.0,0.29
07:34:16,"[174.57, 28]","[171.43, 42]","[178.0, 18]","[178.97, 33]",176.29,121,3.43,0.16
07:34:17,"[176.0, 23]","[172.0, 55]","[177.0, 59]","[178.0, 18]",176.5,155,1.0,0.01
07:34:18,"[175.73, 11]","[172.06, 51]","[177.0, 64]","[179.8, 20]",176.36,146,1.27,-0.15
07:34:19,"[175.0, 5]","[172.0, 25]","[177.0, 41]","[181.0, 20]",176.0,91,2.0,-0.34
07:34:20,"[175.91, 33]","[173.04, 23]","[177.0, 99]","[181.0, 44]",176.45,199,1.09,-0.44
07:34:21,"[176.0, 30]","[175.0, 10]","[177.0, 59]","[181.0, 40]",176.5,139,1.0,-0.42
07:34:22,"[176.0, 33]","[172.78, 27]","[177.0, 66]","[250.23, 26]",176.5,152,1.0,-0.21
07:34:23,"[174.36, 61]","[170.58, 74]","[177.0, 45]","[240.98, 41]",175.68,221,2.64,0.22
07:34:24,"[172.0, 35]","[167.0, 56]","[177.0, 21]","[181.0, 35]",174.5,147,5.0,0.24
07:34:25,"[173.09, 35]","[170.38, 74]","[177.0, 29]","[181.0, 65]",175.04,203,3.91,0.07
07:34:26,"[176.0, 22]","[172.16, 49]","[177.0, 11]","[181.0, 55]",176.5,137,1.0,0.04
07:34:27,"[176.0, 25]","[174.0, 22]","[177.0, 11]","[181.0, 55]",176.5,113,1.0,-0.17
07:34:28,"[174.15, 13]","[169.76, 41]","[180.87, 31]","[275.97, 30]",177.51,115,6.72,-0.06
07:34:29,"[174.17, 24]","[170.44, 36]","[179.12, 49]","[193.33, 51]",176.64,160,4.96,-0.25
07:34:30,"[174.87, 30]","[173.73, 30]","[176.53, 60]","[178.03, 62]",175.7,182,1.67,-0.34
07:34:31,"[173.0, 38]","[171.06, 34]","[179.57, 49]","[187.21, 80]",176.29,201,6.57,-0.28
07:34:32,"[169.0, 26]","[167.0, 50]","[179.54, 26]","[181.0, 65]",174.27,167,10.54,-0.09
07:34:33,"[169.0, 30]","[167.0, 60]","[177.51, 39]","[179.88, 48]",173.26,177,8.51,0.02
07:34:34,"[169.0, 12]","[167.0, 24]","[170.71, 17]","[176.23, 13]",169.85,66,1.71,0.09
07:34:35,"[167.53, 30]","[166.31, 32]","[169.69, 32]","[172.71, 35]",168.61,129,2.15,-0.04
07:34:36,"[167.0, 10]","[166.0, 18]","[168.0, 18]","[169.96, 25]",167.5,71,1.0,-0.21
07:34:37,"[168.16, 31]","[166.22, 18]","[170.0, 33]","[171.0, 11]",169.08,93,1.84,0.05
07:34:38,"[169.0, 48]","[166.38, 13]","[170.0, 14]","[171.0, 8]",169.5,83,1.0,0.47
07:34:39,"[169.0, 42]","[166.0, 14]","[170.0, 7]","[171.0, 7]",169.5,70,1.0,0.6
07:34:40,"[168.57, 37]","[165.92, 13]","[170.29, 7]","[175.0, 15]",169.43,72,1.72,0.39
07:34:41,"[168.38, 40]","[167.67, 36]","[171.0, 11]","[177.0, 45]",169.69,132,2.62,0.15
07:34:42,"[169.0, 44]","[168.0, 55]","[171.0, 11]","[177.0, 55]",170.0,165,2.0,0.2
07:34:43,"[169.61, 49]","[168.22, 37]","[175.44, 27]","[177.36, 55]",172.53,168,5.83,0.02
07:34:44,"[170.08, 39]","[166.33, 27]","[177.0, 60]","[178.0, 60]",173.54,186,6.92,-0.29
07:34:45,"[167.23, 39]","[166.0, 26]","[176.93, 57]","[177.85, 65]",172.08,187,9.7,-0.3
07:34:46,"[168.0, 36]","[166.0, 24]","[174.0, 80]","[176.39, 36]",171.0,176,6.0,-0.32
07:34:47,"[169.68, 69]","[167.76, 34]","[174.0, 120]","[175.43, 23]",171.84,246,4.32,-0.16
07:34:48,"[170.0, 114]","[167.0, 51]","[172.05, 57]","[174.23, 79]",171.03,301,2.05,0.1
07:34:49,"[167.28, 36]","[165.38, 32]","[173.86, 73]","[175.58, 90]",170.57,231,6.59,-0.41
07:34:50,"[167.0, 20]","[165.0, 20]","[170.0, 30]","[175.0, 60]",168.5,130,3.0,-0.38
07:34:51,"[167.0, 20]","[164.57, 14]","[169.86, 28]","[174.44, 54]",168.43,116,2.86,-0.41
07:34:52,"[168.0, 30]","[165.41, 34]","[173.78, 49]","[175.06, 96]",170.89,209,5.78,-0.39
07:34:53,"[170.38, 26]","[164.0, 127]","[172.71, 42]","[175.77, 65]",171.55,260,2.33,0.18
07:34:54,"[164.44, 63]","[163.25, 32]","[174.18, 22]","[175.75, 8]",169.31,125,9.74,0.52
07:34:55,"[174.0, 84]","[164.34, 104]","[176.0, 48]","[177.0, 12]",175.0,248,2.0,0.52
07:34:56,"[174.2, 25]","[168.66, 59]","[176.25, 16]","[200.08, 26]",175.22,126,2.05,0.33
07:34:57,"[174.38, 16]","[171.76, 41]","[176.0, 34]","[177.0, 8]",175.19,99,1.62,0.15
07:34:58,"[174.0, 50]","[166.09, 46]","[176.0, 60]","[177.5, 10]",175.0,166,2.0,0.16
07:34:59,"[174.0, 35]","[166.02, 43]","[175.88, 34]","[176.59, 17]",174.94,129,1.88,0.21
07:35:00,"[174.0, 40]","[166.0, 56]","[175.0, 16]","[176.0, 34]",174.5,146,1.0,0.32
07:35:01,"[174.0, 30]","[166.4, 60]","[176.0, 34]","[177.0, 10]",175.0,134,2.0,0.34
07:35:02,"[174.0, 21]","[172.0, 14]","[176.0, 21]","[177.0, 7]",175.0,63,2.0,0.11
07:35:03,"[174.0, 15]","[172.0, 10]","[176.0, 15]","[177.0, 5]",175.0,45,2.0,0.11
07:35:04,"[174.0, 11]","[172.0, 14]","[175.0, 35]","[176.0, 21]",174.5,81,1.0,-0.38
07:35:05,"[174.0, 4]","[172.0, 8]","[175.0, 20]","[176.0, 12]",174.5,44,1.0,-0.45
07:35:06,"[169.8, 40]","[169.26, 23]","[175.0, 50]","[176.0, 30]",172.4,143,5.2,-0.12
07:35:07,"[166.17, 42]","[165.32, 22]","[174.18, 22]","[175.16, 38]",170.17,124,8.02,0.03
07:35:08,"[166.56, 32]","[165.08, 88]","[172.93, 43]","[174.89, 91]",169.75,254,6.37,-0.06
07:35:09,"[167.1, 20]","[165.09, 85]","[170.09, 45]","[172.16, 43]",168.59,193,2.99,0.09
07:35:10,"[167.43, 14]","[165.36, 22]","[170.28, 18]","[172.42, 26]",168.85,80,2.85,-0.1
07:35:11,"[165.86, 14]","[163.19, 16]","[172.0, 7]","[174.0, 51]",168.93,88,6.14,-0.32
07:35:12,"[166.03, 31]","[162.44, 18]","[171.73, 11]","[174.0, 99]",168.88,159,5.7,-0.38
07:35:13,"[167.4, 10]","[165.56, 18]","[171.0, 10]","[174.0, 90]",169.2,128,3.6,-0.56
07:35:14,"[162.67, 12]","[160.09, 47]","[171.0, 7]","[174.0, 63]",166.83,129,8.33,-0.09
07:35:15,"[162.65, 17]","[160.58, 38]","[170.31, 26]","[173.77, 78]",166.48,159,7.66,-0.31
07:35:16,"[163.0, 8]","[162.0, 8]","[169.88, 24]","[171.0, 12]",166.44,52,6.88,-0.38
07:35:17,"[163.0, 12]","[162.0, 12]","[169.0, 36]","[171.0, 52]",166.0,112,6.0,-0.57
07:35:18,"[163.0, 10]","[162.0, 10]","[168.12, 25]","[170.74, 57]",165.56,102,5.12,-0.61
07:35:19,"[163.77, 26]","[162.45, 11]","[168.0, 22]","[170.0, 55]",165.88,114,4.23,-0.35
07:35:20,"[164.38, 52]","[162.24, 21]","[168.0, 26]","[170.0, 65]",166.19,164,3.62,-0.11
07:35:21,"[165.0, 48]","[162.0, 24]","[168.0, 24]","[170.0, 60]",166.5,156,3.0,-0.08
07:35:22,"[166.36, 44]","[162.0, 22]","[168.0, 22]","[170.0, 55]",167.18,143,1.64,-0.08
07:35:23,"[167.55, 62]","[159.0, 34]","[169.77, 64]","[170.27, 41]",168.66,201,2.22,-0.04
07:35:24,"[165.19, 32]","[158.76, 21]","[169.17, 60]","[170.82, 57]",167.18,170,3.98,-0.38
07:35:25,"[159.0, 50]","[158.0, 15]","[168.27, 60]","[171.0, 75]",163.63,200,9.27,-0.35
07:35:26,"[159.0, 52]","[158.0, 13]","[167.54, 52]","[171.0, 125]",163.27,242,8.54,-0.46
07:35:27,"[160.0, 20]","[159.0, 20]","[165.2, 40]","[169.47, 55]",162.6,135,5.2,-0.41
07:35:28,"[160.0, 24]","[159.0, 24]","[164.75, 24]","[167.77, 39]",162.38,111,4.75,-0.14
07:35:29,"[165.45, 44]","[162.53, 30]","[168.0, 12]","[169.0, 60]",166.73,146,2.55,0.01
07:35:30,"[167.36, 55]","[161.0, 22]","[168.78, 27]","[169.45, 55]",168.07,159,1.41,-0.03
07:35:31,"[165.62, 52]","[159.7, 27]","[170.15, 34]","[170.69, 74]",167.88,187,4.53,-0.16
07:35:32,"[161.74, 62]","[159.61, 18]","[171.0, 72]","[172.0, 72]",166.37,224,9.26,-0.29
07:35:33,"[162.0, 48]","[159.0, 8]","[169.67, 45]","[171.53, 47]",165.83,148,7.67,-0.24
07:35:34,"[163.43, 56]","[162.0, 28]","[167.0, 70]","[170.0, 70]",165.21,224,3.57,-0.25
07:35:35,"[165.86, 56]","[160.0, 28]","[169.46, 61]","[173.5, 54]",167.66,199,3.6,-0.16
07:35:36,"[166.55, 22]","[163.11, 18]","[172.0, 14]","[307.29, 35]",169.27,89,5.45,-0.1
07:35:37,"[171.0, 72]","[170.0, 12]","[172.0, 24]","[368.37, 54]",171.5,162,1.0,0.04
07:35:38,"[170.0, 8]","[167.0, 32]","[341.75, 40]","[587.82, 22]",255.88,102,171.75,-0.22
07:35:39,"[178.15, 105]","[168.22, 81]","[382.0, 51]","[498.08, 60]",280.08,297,203.85,0.25
07:35:40,"[176.7, 23]","[173.45, 44]","[562.0, 55]","[659.0, 55]",369.35,177,385.3,-0.24
07:35:41,"[177.0, 4]","[175.0, 16]","[557.17, 12]","[590.41, 17]",367.08,49,380.17,-0.18
07:35:42,"[174.63, 19]","[169.11, 27]","[544.0, 27]","[561.0, 18]",359.32,91,369.37,0.01
07:35:43,"[172.87, 23]","[168.54, 26]","[401.19, 27]","[525.31, 26]",287.03,102,228.32,-0.04
07:35:44,"[169.48, 21]","[168.38, 21]","[221.73, 22]","[523.48, 31]",195.6,95,52.25,-0.12
07:35:45,"[176.39, 51]","[172.15, 26]","[219.64, 22]","[385.0, 22]",198.01,121,43.24,0.27
07:35:46,"[181.07, 14]","[180.0, 51]","[218.78, 18]","[483.0, 18]",199.92,101,37.71,0.29
07:35:47,"[182.0, 36]","[180.0, 12]","[218.0, 12]","[223.0, 12]",200.0,72,36.0,0.33
07:35:48,"[182.0, 44]","[180.0, 8]","[217.5, 16]","[387.25, 16]",199.75,84,35.5,0.24
07:35:49,"[181.2, 20]","[178.67, 12]","[214.14, 42]","[272.5, 24]",197.67,98,32.94,-0.35
07:35:50,"[180.0, 7]","[178.0, 7]","[211.12, 16]","[213.1, 20]",195.56,50,31.12,-0.44
07:35:51,"[180.36, 11]","[178.91, 11]","[208.8, 20]","[209.97, 35]",194.58,77,28.44,-0.43
07:35:52,"[181.0, 13]","[180.0, 13]","[205.56, 41]","[207.05, 19]",193.28,86,24.56,-0.4
07:35:53,"[181.0, 14]","[180.0, 14]","[200.0, 38]","[201.87, 46]",190.5,112,19.0,-0.5
07:35:54,"[181.0, 15]","[180.0, 15]","[194.78, 37]","[196.44, 50]",187.89,117,13.78,-0.49
07:35:55,"[179.18, 11]","[178.18, 11]","[190.91, 23]","[191.29, 35]",185.05,80,11.73,-0.45
07:35:56,"[179.0, 16]","[178.0, 16]","[184.47, 36]","[186.57, 49]",181.74,117,5.47,-0.45
07:35:57,"[174.58, 55]","[172.25, 238]","[179.52, 42]","[181.1, 51]",177.05,386,4.94,0.52
07:35:58,"[174.0, 42]","[172.0, 189]","[176.84, 19]","[177.25, 16]",175.42,266,2.84,0.74
07:35:59,"[174.0, 60]","[172.0, 297]","[175.29, 17]","[203.82, 33]",174.65,407,1.29,0.75
07:36:00,"[172.09, 135]","[167.44, 114]","[418.22, 27]","[563.71, 24]",295.16,300,246.13,0.66
07:36:01,"[176.76, 58]","[172.67, 113]","[263.45, 53]","[265.38, 52]",220.11,276,86.69,0.24
07:36:02,"[179.82, 89]","[177.11, 18]","[263.0, 33]","[265.0, 44]",221.41,184,83.18,0.16
07:36:03,"[181.0, 100]","[178.0, 10]","[261.7, 30]","[310.0, 40]",221.35,180,80.7,0.22
07:36:04,"[181.0, 98]","[177.29, 38]","[259.64, 42]","[380.79, 56]",220.32,234,78.64,0.16
07:36:05,"[181.0, 56]","[177.0, 72]","[256.18, 22]","[358.27, 22]",218.59,172,75.18,0.49
07:36:06,"[181.0, 47]","[177.0, 117]","[253.54, 26]","[254.83, 36]",217.27,226,72.54,0.45
07:36:07,"[179.77, 26]","[176.76, 71]","[252.59, 17]","[254.33, 18]",216.18,132,72.82,0.47
07:36:08,"[177.0, 74]","[176.0, 221]","[249.68, 34]","[251.03, 31]",213.34,360,72.68,0.64
07:36:09,"[178.33, 30]","[176.93, 115]","[246.69, 32]","[248.58, 38]",212.51,215,68.35,0.35
07:36:10,"[181.0, 9]","[180.0, 72]","[244.78, 18]","[246.0, 27]",212.89,126,63.78,0.29
07:36:11,"[180.29, 21]","[179.89, 54]","[243.0, 18]","[246.0, 27]",211.64,120,62.71,0.25
07:36:12,"[180.0, 38]","[179.0, 18]","[241.57, 21]","[243.38, 24]",210.79,101,61.57,0.11
07:36:13,"[180.0, 32]","[179.0, 16]","[239.4, 20]","[240.6, 20]",209.7,88,59.4,0.09
07:36:14,"[179.91, 45]","[178.38, 32]","[237.0, 31]","[238.59, 34]",208.46,142,57.09,0.08
07:36:15,"[177.29, 28]","[176.09, 112]","[207.71, 28]","[210.32, 25]",192.5,193,30.43,0.45
07:36:16,"[177.0, 52]","[176.0, 221]","[184.78, 51]","[185.86, 42]",180.89,366,7.78,0.49
07:36:17,"[176.53, 30]","[175.95, 122]","[180.64, 22]","[182.4, 30]",178.58,204,4.1,0.49
07:36:18,"[176.0, 158]","[174.0, 36]","[177.45, 40]","[178.73, 30]",176.72,264,1.45,0.47
07:36:19,"[176.0, 74]","[174.0, 30]","[178.59, 29]","[203.97, 29]",177.29,162,2.59,0.28
07:36:20,"[176.0, 32]","[174.0, 24]","[182.0, 32]","[337.11, 18]",179.0,106,6.0,0.06
07:36:21,"[174.36, 28]","[173.27, 41]","[181.27, 60]","[520.4, 30]",177.81,159,6.91,-0.13
07:36:22,"[172.0, 45]","[171.0, 30]","[180.3, 40]","[379.29, 28]",176.15,143,8.3,0.05
07:36:23,"[172.0, 39]","[171.0, 27]","[180.0, 36]","[331.9, 20]",176.0,122,8.0,0.08
07:36:24,"[176.38, 39]","[172.8, 30]","[179.0, 44]","[453.38, 26]",177.69,139,2.62,-0.01
07:36:25,"[178.75, 32]","[177.6, 20]","[361.4, 40]","[617.0, 20]",270.07,112,182.65,-0.07
07:36:26,"[180.97, 38]","[178.65, 23]","[333.96, 27]","[402.11, 27]",257.47,115,152.99,0.06
07:36:27,"[182.0, 23]","[179.33, 27]","[267.6, 20]","[283.0, 23]",224.8,93,85.6,0.08
07:36:28,"[182.0, 11]","[180.0, 33]","[242.76, 17]","[243.56, 27]",212.38,88,60.76,0.0
07:36:29,"[180.29, 14]","[178.67, 18]","[240.83, 12]","[242.8, 20]",210.56,64,60.55,0.0
07:36:30,"[179.44, 27]","[178.71, 34]","[239.39, 31]","[240.31, 13]",209.42,105,59.94,0.16
07:36:31,"[179.0, 33]","[178.0, 22]","[237.04, 23]","[238.04, 23]",208.02,101,58.04,0.09
07:36:32,"[179.0, 45]","[178.0, 30]","[232.3, 40]","[233.33, 46]",205.65,161,53.3,-0.07
07:36:33,"[179.0, 27]","[178.0, 18]","[227.0, 30]","[228.0, 33]",203.0,108,48.0,-0.17
07:36:34,"[179.0, 33]","[178.0, 22]","[222.56, 32]","[224.37, 19]",200.78,106,43.56,0.04
07:36:35,"[179.0, 27]","[178.0, 18]","[215.77, 22]","[215.25, 24]",197.39,91,36.77,-0.01
07:36:36,"[179.0, 24]","[178.0, 16]","[200.47, 17]","[202.35, 23]",189.74,80,21.47,0.0
07:36:37,"[179.0, 51]","[178.0, 34]","[196.86, 65]","[197.3, 40]",187.93,190,17.86,-0.11
07:36:38,"[179.0, 29]","[178.0, 24]","[193.0, 24]","[193.67, 48]",186.0,125,14.0,-0.15
07:36:39,"[176.83, 12]","[175.64, 22]","[190.89, 9]","[193.0, 36]",183.86,79,14.06,-0.14
07:36:40,"[177.78, 9]","[175.17, 12]","[186.4, 25]","[188.18, 22]",182.09,68,8.62,-0.38
07:36:41,"[180.36, 25]","[178.0, 20]","[182.97, 34]","[184.88, 26]",181.67,105,2.61,-0.14
07:36:42,"[178.5, 16]","[177.26, 19]","[183.6, 20]","[184.52, 31]",181.05,86,5.1,-0.19
07:36:43,"[177.25, 16]","[175.45, 22]","[179.63, 49]","[181.4, 30]",178.44,117,2.38,-0.35
07:36:44,"[175.43, 21]","[174.29, 21]","[177.52, 29]","[188.97, 39]",176.47,110,2.09,-0.24
07:36:45,"[151.98, 43]","[151.17, 23]","[200.0, 25]","[215.71, 42]",175.99,133,48.02,-0.01
07:36:46,"[146.46, 56]","[84.92, 24]","[209.0, 30]","[210.0, 40]",177.73,150,62.54,0.07
07:36:47,"[147.47, 32]","[51.83, 29]","[179.93, 29]","[196.0, 28]",163.7,118,32.46,0.03
07:36:48,"[131.57, 42]","[86.41, 29]","[171.5, 28]","[174.27, 33]",151.54,132,39.93,0.08
07:36:49,"[141.44, 16]","[111.14, 14]","[220.14, 14]","[305.0, 10]",180.79,54,78.71,0.11
07:36:50,"[182.0, 24]","[164.42, 31]","[442.11, 18]","[532.0, 16]",312.06,89,260.11,0.24
07:36:51,"[182.0, 30]","[177.0, 50]","[370.0, 32]","[438.0, 22]",276.0,134,188.0,0.19
07:36:52,"[182.0, 22]","[177.0, 50]","[200.5, 20]","[360.55, 22]",191.25,114,18.5,0.26
07:36:53,"[182.0, 20]","[177.0, 50]","[363.1, 40]","[781.0, 20]",272.55,130,181.1,0.08
07:36:54,"[179.58, 31]","[176.27, 49]","[346.82, 44]","[474.13, 46]",263.2,170,167.24,-0.06
07:36:55,"[177.0, 20]","[173.0, 21]","[316.77, 31]","[419.06, 32]",246.89,104,139.77,-0.21
07:36:56,"[177.0, 24]","[173.0, 24]","[314.92, 38]","[474.06, 34]",245.96,120,137.92,-0.2
07:36:57,"[174.33, 9]","[171.18, 33]","[461.4, 10]","[549.5, 26]",317.87,78,287.07,0.08
07:36:58,"[171.29, 28]","[141.24, 34]","[337.72, 25]","[714.4, 25]",254.5,112,166.43,0.11
07:36:59,"[171.38, 52]","[151.74, 68]","[327.45, 71]","[443.93, 40]",249.42,231,156.07,0.04
07:37:00,"[176.0, 28]","[171.0, 33]","[323.82, 55]","[327.0, 55]",249.91,171,147.82,-0.29
07:37:01,"[176.0, 24]","[172.5, 30]","[320.5, 30]","[327.0, 30]",248.25,114,144.5,-0.05
07:37:02,"[176.0, 36]","[174.0, 135]","[316.56, 45]","[318.0, 45]",246.28,261,140.56,0.31
07:37:03,"[178.51, 73]","[178.49, 113]","[314.0, 40]","[316.0, 40]",246.25,266,135.49,0.4
07:37:04,"[179.04, 168]","[177.91, 99]","[313.08, 60]","[316.0, 60]",246.06,387,134.05,0.38
07:37:05,"[179.0, 108]","[176.0, 24]","[312.0, 30]","[313.5, 30]",245.5,192,133.0,0.38
07:37:06,"[179.0, 180]","[176.0, 28]","[312.11, 18]","[318.24, 42]",245.56,268,133.11,0.55
07:37:07,"[179.0, 124]","[176.0, 28]","[309.21, 19]","[312.61, 23]",244.11,194,130.21,0.57
07:37:08,"[179.27, 168]","[177.76, 87]","[306.88, 24]","[307.19, 48]",243.07,327,127.61,0.56
07:37:09,"[182.0, 43]","[179.0, 170]","[303.8, 10]","[307.0, 50]",242.9,273,121.8,0.56
07:37:10,"[182.0, 16]","[179.0, 68]","[303.0, 4]","[307.0, 20]",242.5,108,121.0,0.56
07:37:11,"[182.0, 26]","[179.0, 221]","[302.0, 13]","[307.0, 65]",242.0,325,120.0,0.52
07:37:12,"[179.69, 39]","[178.97, 157]","[282.8, 15]","[304.41, 41]",231.25,252,103.11,0.56
07:37:13,"[179.0, 135]","[178.0, 18]","[218.24, 25]","[219.71, 17]",198.62,195,39.24,0.57
07:37:14,"[179.0, 210]","[178.0, 28]","[216.53, 38]","[216.88, 34]",197.76,310,37.53,0.54
07:37:15,"[179.0, 195]","[178.0, 26]","[211.12, 48]","[212.89, 18]",195.06,287,32.12,0.54
07:37:16,"[179.0, 175]","[178.0, 32]","[208.34, 68]","[210.13, 54]",193.67,329,29.34,0.26
07:37:17,"[179.0, 170]","[178.0, 34]","[205.91, 64]","[207.22, 55]",192.45,323,26.91,0.26
07:37:18,"[179.0, 110]","[178.0, 22]","[202.88, 25]","[204.04, 52]",190.94,209,23.88,0.26
07:37:19,"[179.0, 76]","[178.0, 20]","[201.0, 10]","[202.0, 20]",190.0,126,22.0,0.52
07:37:20,"[179.0, 90]","[178.0, 30]","[189.28, 43]","[192.04, 23]",184.14,186,10.28,0.29
07:37:21,"[179.0, 84]","[178.0, 28]","[182.12, 25]","[183.58, 26]",180.56,163,3.12,0.37
07:37:22,"[178.77, 115]","[177.43, 60]","[180.45, 33]","[182.08, 38]",179.61,246,1.69,0.42
07:37:23,"[177.0, 54]","[176.0, 42]","[178.25, 24]","[194.69, 39]",177.62,159,1.25,0.21
07:37:24,"[176.23, 26]","[175.1, 117]","[220.04, 27]","[255.07, 27]",198.13,197,43.81,0.45
07:37:25,"[176.0, 32]","[175.0, 66]","[226.51, 45]","[248.08, 24]",201.26,167,50.51,0.17
07:37:26,"[176.1, 20]","[175.18, 11]","[223.3, 30]","[230.89, 27]",199.7,88,47.2,-0.3
07:37:27,"[176.1, 20]","[175.13, 15]","[221.64, 42]","[223.14, 42]",198.87,119,45.54,-0.41
07:37:28,"[173.13, 53]","[171.24, 38]","[217.29, 56]","[218.25, 56]",195.21,203,44.15,-0.1
07:37:29,"[173.07, 30]","[171.64, 22]","[184.32, 28]","[200.57, 28]",178.69,108,11.25,-0.04
07:37:30,"[175.08, 52]","[172.0, 39]","[179.02, 49]","[186.95, 42]",177.05,182,3.94,0.0
07:37:31,"[176.0, 41]","[172.0, 30]","[177.4, 40]","[183.15, 26]",176.7,137,1.4,0.04
07:37:32,"[175.14, 56]","[171.45, 29]","[190.39, 23]","[221.84, 25]",182.77,133,15.25,0.28
07:37:33,"[180.18, 66]","[177.55, 62]","[220.5, 18]","[221.9, 30]",200.34,176,40.32,0.45
07:37:34,"[182.0, 45]","[180.0, 81]","[219.67, 27]","[221.0, 9]",200.83,162,37.67,0.56
07:37:35,"[182.0, 56]","[180.0, 108]","[217.58, 36]","[221.0, 12]",199.79,212,35.58,0.55
07:37:36,"[182.0, 11]","[180.0, 99]","[215.91, 33]","[409.67, 15]",198.95,158,33.91,0.39
07:37:37,"[182.0, 10]","[180.0, 90]","[214.0, 30]","[482.85, 33]",198.0,163,32.0,0.23
07:37:38,"[182.0, 11]","[180.0, 99]","[213.0, 33]","[370.7, 23]",197.5,166,31.0,0.33
07:37:39,"[180.0, 63]","[178.0, 36]","[211.89, 27]","[509.37, 38]",195.94,164,31.89,0.21
07:37:40,"[180.0, 42]","[178.0, 24]","[209.57, 28]","[298.75, 20]",194.79,114,29.57,0.16
07:37:41,"[180.0, 62]","[178.0, 36]","[208.0, 45]","[211.0, 27]",194.0,170,28.0,0.15
07:37:42,"[180.0, 48]","[178.0, 32]","[206.34, 38]","[207.65, 26]",193.17,144,26.34,0.11
07:37:43,"[180.0, 66]","[178.0, 44]","[205.67, 51]","[206.46, 37]",192.83,198,25.67,0.11
07:37:44,"[180.0, 60]","[178.0, 40]","[203.71, 34]","[204.87, 46]",191.85,180,23.71,0.11
07:37:45,"[180.0, 54]","[178.0, 44]","[201.89, 54]","[203.03, 33]",190.94,185,21.89,0.06
07:37:46,"[180.0, 18]","[178.0, 36]","[200.0, 45]","[201.79, 19]",190.0,118,20.0,-0.08
07:37:47,"[180.0, 18]","[178.0, 36]","[199.32, 31]","[200.29, 41]",189.66,126,19.32,-0.14
07:37:48,"[180.0, 22]","[178.0, 44]","[194.61, 49]","[199.38, 39]",187.31,154,14.61,-0.14
07:37:49,"[179.38, 26]","[177.67, 54]","[196.73, 55]","[199.44, 45]",188.06,180,17.34,-0.11
07:37:50,"[177.88, 73]","[176.99, 145]","[192.92, 78]","[194.2, 75]",185.4,371,15.05,0.18
07:37:51,"[177.0, 87]","[175.0, 20]","[188.3, 91]","[189.3, 79]",182.65,277,11.3,-0.23
07:37:52,"[174.82, 33]","[172.58, 19]","[183.8, 50]","[185.0, 55]",179.31,157,8.98,-0.34
07:37:53,"[173.7, 40]","[117.25, 56]","[175.97, 36]","[180.66, 53]",174.84,185,2.27,0.04
07:37:54,"[71.63, 79]","[53.42, 84]","[171.31, 36]","[176.73, 33]",121.47,232,99.67,0.41
07:37:55,"[78.93, 56]","[56.11, 64]","[169.17, 42]","[170.18, 17]",124.05,179,90.24,0.34
07:37:56,"[120.2, 82]","[71.71, 70]","[167.69, 35]","[169.0, 23]",143.94,210,47.49,0.45
07:37:57,"[133.86, 56]","[115.43, 49]","[165.0, 16]","[170.5, 24]",149.43,145,31.14,0.45
07:37:58,"[160.0, 20]","[141.0, 20]","[171.0, 5]","[172.0, 15]",165.5,60,11.0,0.33
07:37:59,"[160.33, 36]","[147.33, 36]","[297.56, 16]","[351.76, 25]",228.95,113,137.23,0.27
07:38:00,"[165.15, 26]","[161.12, 32]","[265.25, 40]","[433.42, 12]",215.2,110,100.1,0.05
07:38:01,"[173.15, 13]","[166.43, 28]","[189.0, 45]","[345.51, 37]",181.08,123,15.85,-0.33
07:38:02,"[163.56, 41]","[127.67, 42]","[211.73, 33]","[219.6, 15]",187.64,131,48.17,0.27
07:38:03,"[164.4, 30]","[105.77, 35]","[168.0, 16]","[171.0, 8]",166.2,89,3.6,0.46
07:38:04,"[167.0, 52]","[160.93, 58]","[169.88, 16]","[299.39, 41]",168.44,167,2.88,0.32
07:38:05,"[169.0, 10]","[153.23, 31]","[170.0, 28]","[171.0, 7]",169.5,76,1.0,0.08
07:38:06,"[169.0, 9]","[114.38, 42]","[170.0, 36]","[171.78, 9]",169.5,96,1.0,0.06
07:38:07,"[169.56, 9]","[87.45, 33]","[270.12, 43]","[288.67, 9]",219.84,94,100.56,-0.11
07:38:08,"[176.86, 21]","[134.52, 21]","[295.72, 43]","[346.53, 19]",236.29,104,118.86,-0.19
07:38:09,"[178.0, 10]","[173.38, 24]","[230.6, 10]","[257.4, 10]",204.3,54,52.6,0.26
07:38:10,"[178.0, 13]","[176.82, 22]","[229.85, 13]","[231.0, 13]",203.92,61,51.85,0.15
07:38:11,"[178.0, 10]","[177.0, 20]","[228.6, 10]","[311.3, 10]",203.3,50,50.6,0.2
07:38:12,"[177.08, 13]","[176.25, 8]","[227.29, 7]","[529.27, 11]",202.18,39,50.21,0.08
07:38:13,"[177.0, 20]","[176.0, 10]","[218.9, 10]","[327.88, 16]",197.95,56,41.9,0.07
07:38:14,"[177.0, 26]","[175.56, 41]","[217.7, 27]","[224.0, 33]",197.35,127,40.7,0.06
07:38:15,"[177.0, 16]","[176.0, 72]","[195.85, 20]","[197.77, 26]",186.43,134,18.85,0.31
07:38:16,"[178.12, 49]","[176.5, 36]","[193.18, 11]","[196.0, 44]",185.65,140,15.06,0.21
07:38:17,"[176.64, 28]","[175.63, 82]","[179.67, 18]","[182.36, 22]",178.15,150,3.02,0.47
07:38:18,"[176.0, 100]","[173.0, 60]","[179.06, 32]","[262.75, 20]",177.53,212,3.06,0.51
07:38:19,"[176.0, 55]","[173.0, 55]","[420.0, 11]","[498.18, 11]",298.0,132,244.0,0.67
07:38:20,"[176.47, 47]","[174.33, 45]","[465.0, 9]","[652.11, 9]",320.73,110,288.53,0.67
07:38:21,"[178.63, 46]","[176.57, 37]","[429.73, 11]","[679.78, 9]",304.18,103,251.1,0.61
07:38:22,"[180.0, 80]","[178.0, 30]","[402.12, 24]","[446.44, 16]",291.06,150,222.12,0.47
07:38:23,"[180.0, 44]","[178.0, 30]","[325.0, 12]","[449.41, 32]",252.5,118,145.0,0.25
07:38:24,"[180.0, 52]","[178.0, 39]","[425.67, 46]","[451.26, 34]",302.84,171,245.67,0.06
07:38:25,"[179.05, 38]","[177.45, 33]","[260.8, 30]","[328.03, 31]",219.93,132,81.75,0.08
07:38:26,"[178.25, 55]","[176.79, 57]","[224.29, 68]","[226.0, 51]",201.27,231,46.04,-0.03
07:38:27,"[180.0, 50]","[177.0, 36]","[222.32, 37]","[224.18, 33]",201.16,156,42.32,0.1
07:38:28,"[180.0, 55]","[177.0, 43]","[219.31, 49]","[220.15, 46]",199.65,193,39.31,0.02
07:38:29,"[177.9, 40]","[175.71, 65]","[216.75, 32]","[217.84, 38]",197.32,175,38.85,0.2
07:38:30,"[178.0, 15]","[177.0, 10]","[214.13, 23]","[215.25, 16]",196.07,64,36.13,-0.22
07:38:31,"[176.67, 36]","[175.24, 68]","[212.71, 34]","[214.0, 30]",194.69,168,36.04,0.24
07:38:32,"[176.0, 48]","[175.0, 120]","[209.55, 22]","[212.76, 38]",192.77,228,33.55,0.47
07:38:33,"[176.0, 42]","[175.0, 105]","[209.31, 29]","[211.67, 27]",192.66,203,33.31,0.45
07:38:34,"[176.0, 69]","[175.0, 195]","[206.02, 63]","[208.12, 41]",191.01,368,30.02,0.43
07:38:35,"[177.5, 60]","[175.19, 151]","[203.36, 56]","[205.05, 56]",190.43,323,25.86,0.31
07:38:36,"[182.0, 103]","[178.0, 22]","[201.0, 55]","[203.0, 33]",191.5,213,19.0,0.17
07:38:37,"[182.0, 210]","[178.0, 28]","[195.07, 42]","[199.92, 64]",188.54,344,13.07,0.38
07:38:38,"[181.76, 99]","[176.9, 41]","[183.0, 42]","[427.88, 67]",182.38,249,1.24,0.12
07:38:39,"[176.0, 32]","[175.0, 100]","[182.38, 32]","[467.38, 32]",179.19,196,6.38,0.35
07:38:40,"[176.74, 27]","[175.21, 42]","[181.58, 60]","[183.0, 36]",179.16,165,4.84,-0.16
07:38:41,"[178.18, 22]","[176.0, 11]","[180.18, 55]","[446.57, 46]",179.18,134,2.0,-0.51
07:38:42,"[176.46, 13]","[173.3, 10]","[180.0, 50]","[401.53, 38]",178.23,111,3.54,-0.59
07:38:43,"[176.0, 12]","[173.0, 5]","[179.83, 24]","[222.46, 13]",177.92,54,3.83,-0.37
07:38:44,"[175.83, 18]","[172.9, 10]","[178.19, 16]","[179.24, 42]",177.01,86,2.35,-0.35
07:38:45,"[172.69, 16]","[153.9, 21]","[182.8, 35]","[194.12, 41]",177.74,113,10.11,-0.35
07:38:46,"[174.33, 12]","[112.19, 21]","[275.85, 26]","[396.0, 30]",225.09,89,101.51,-0.26
07:38:47,"[176.0, 105]","[172.0, 15]","[448.09, 57]","[488.67, 73]",312.04,250,272.09,-0.04
07:38:48,"[176.0, 70]","[173.75, 40]","[335.2, 30]","[480.57, 44]",255.6,184,159.2,0.2
07:38:49,"[181.0, 98]","[174.89, 63]","[212.89, 27]","[247.33, 27]",196.94,215,31.89,0.5
07:38:50,"[181.0, 152]","[174.0, 70]","[212.0, 30]","[409.25, 40]",196.5,292,31.0,0.52
07:38:51,"[181.14, 146]","[178.4, 124]","[212.0, 36]","[397.5, 60]",196.57,366,30.86,0.48
07:38:52,"[181.0, 144]","[177.39, 23]","[194.11, 37]","[244.71, 35]",187.55,239,13.11,0.4
07:38:53,"[181.0, 240]","[178.95, 151]","[210.33, 54]","[302.49, 47]",195.67,492,29.33,0.59
07:38:54,"[181.0, 192]","[179.0, 195]","[208.53, 45]","[210.0, 60]",194.77,492,27.53,0.57
07:38:55,"[181.0, 135]","[179.0, 156]","[205.41, 44]","[207.1, 40]",193.2,375,24.41,0.55
07:38:56,"[181.0, 117]","[179.0, 169]","[202.92, 52]","[205.0, 39]",191.96,377,21.92,0.52
07:38:57,"[181.0, 90]","[179.0, 182]","[200.67, 42]","[203.64, 44]",190.83,358,19.67,0.52
07:38:58,"[181.0, 49]","[179.0, 130]","[190.74, 27]","[191.38, 26]",185.87,232,9.74,0.54
07:38:59,"[182.2, 40]","[179.96, 100]","[188.29, 41]","[189.65, 51]",185.25,232,6.09,0.21
07:39:00,"[181.75, 32]","[179.54, 89]","[184.22, 36]","[185.46, 26]",182.99,183,2.47,0.32
07:39:01,"[179.8, 100]","[178.92, 142]","[182.68, 63]","[183.55, 44]",181.24,349,2.88,0.39
07:39:02,"[179.0, 117]","[176.1, 81]","[180.17, 29]","[181.82, 34]",179.59,261,1.17,0.52
07:39:03,"[179.0, 74]","[176.73, 44]","[180.0, 36]","[231.4, 43]",179.5,197,1.0,0.2
07:39:04,"[176.63, 62]","[174.68, 59]","[180.0, 36]","[454.19, 21]",178.31,178,3.37,0.36
07:39:05,"[176.0, 33]","[174.0, 63]","[179.0, 27]","[462.33, 36]",177.5,159,3.0,0.21
07:39:06,"[174.04, 45]","[173.39, 18]","[177.17, 36]","[442.87, 46]",175.61,145,3.12,-0.13
07:39:07,"[174.95, 81]","[173.98, 45]","[205.18, 33]","[317.91, 23]",190.07,182,30.23,0.38
07:39:08,"[177.31, 104]","[174.57, 74]","[256.77, 22]","[257.47, 34]",217.04,234,79.47,0.52
07:39:09,"[180.0, 132]","[175.96, 175]","[252.86, 29]","[255.35, 31]",216.43,367,72.86,0.67
07:39:10,"[180.1, 87]","[176.19, 151]","[227.04, 47]","[250.16, 50]",203.57,335,46.94,0.42
07:39:11,"[183.0, 30]","[180.0, 70]","[222.07, 27]","[228.0, 42]",202.54,169,39.07,0.18
07:39:12,"[183.0, 21]","[180.0, 49]","[219.56, 9]","[220.37, 19]",201.28,98,36.56,0.43
07:39:13,"[183.0, 18]","[180.0, 42]","[216.62, 8]","[217.62, 16]",199.81,84,33.62,0.43
07:39:14,"[180.33, 82]","[176.55, 153]","[214.82, 38]","[215.33, 18]",197.57,291,34.49,0.62
07:39:15,"[180.0, 31]","[176.0, 84]","[212.0, 21]","[213.0, 7]",196.0,143,32.0,0.61
07:39:16,"[178.29, 56]","[175.87, 110]","[211.7, 30]","[213.0, 10]",194.99,206,33.41,0.61
07:39:17,"[176.0, 84]","[175.0, 49]","[210.54, 13]","[211.4, 15]",193.27,161,34.54,0.65
07:39:18,"[176.57, 112]","[175.77, 124]","[206.19, 16]","[210.12, 32]",191.38,284,29.62,0.66
07:39:19,"[177.0, 60]","[176.0, 120]","[203.0, 12]","[204.93, 28]",190.0,220,26.0,0.64
07:39:20,"[177.0, 90]","[176.0, 180]","[199.78, 50]","[201.2, 25]",188.39,345,22.78,0.57
07:39:21,"[178.03, 76]","[176.35, 160]","[198.27, 60]","[200.0, 45]",188.15,341,20.24,0.38
07:39:22,"[179.0, 64]","[178.0, 112]","[197.06, 33]","[199.15, 48]",188.03,257,18.06,0.37
07:39:23,"[179.0, 36]","[178.0, 63]","[189.29, 17]","[191.06, 17]",184.15,133,10.29,0.49
07:39:24,"[179.0, 44]","[178.0, 77]","[186.55, 11]","[188.0, 33]",182.77,165,7.55,0.47
07:39:25,"[178.47, 68]","[176.88, 128]","[184.35, 20]","[185.69, 16]",181.41,232,5.88,0.69
07:39:26,"[177.56, 54]","[175.92, 91]","[180.75, 8]","[182.25, 8]",179.15,161,3.19,0.8
07:39:27,"[176.0, 149]","[175.0, 91]","[177.2, 20]","[178.92, 13]",176.6,273,1.2,0.76
07:39:28,"[176.0, 70]","[175.0, 70]","[303.6, 30]","[648.57, 37]",239.8,207,127.6,0.35
07:39:29,"[179.18, 34]","[175.9, 70]","[351.71, 28]","[440.0, 32]",265.45,164,172.54,0.27
07:39:30,"[180.0, 36]","[176.0, 84]","[264.67, 36]","[292.76, 33]",222.33,189,84.67,0.27
07:39:31,"[180.0, 27]","[176.0, 63]","[212.37, 35]","[246.14, 28]",196.19,153,32.37,0.18
07:39:32,"[180.0, 49]","[176.39, 69]","[213.17, 47]","[349.5, 48]",196.59,213,33.17,0.11
07:39:33,"[180.0, 48]","[177.0, 36]","[212.75, 36]","[562.42, 40]",196.38,160,32.75,0.05
07:39:34,"[180.0, 24]","[177.0, 18]","[210.5, 18]","[531.33, 18]",195.25,78,30.5,0.08
07:39:35,"[180.0, 7]","[177.0, 21]","[210.0, 21]","[336.0, 21]",195.0,70,30.0,-0.2
07:39:36,"[180.0, 14]","[177.0, 24]","[209.62, 24]","[229.5, 24]",194.81,86,29.62,-0.12
07:39:37,"[176.1, 81]","[175.51, 101]","[206.36, 33]","[265.75, 32]",191.23,247,30.26,0.47
07:39:38,"[176.0, 92]","[175.0, 70]","[205.5, 30]","[270.64, 25]",190.75,217,29.5,0.49
07:39:39,"[177.56, 64]","[176.3, 106]","[206.46, 39]","[321.55, 33]",192.01,242,28.9,0.4
07:39:40,"[177.0, 56]","[176.0, 42]","[203.14, 21]","[472.86, 21]",190.07,140,26.14,0.4
07:39:41,"[177.48, 62]","[175.6, 70]","[200.89, 27]","[592.33, 27]",189.19,186,23.41,0.42
07:39:42,"[176.27, 44]","[175.05, 118]","[194.56, 27]","[340.22, 27]",185.41,216,18.28,0.5
07:39:43,"[175.37, 67]","[174.61, 139]","[201.42, 43]","[337.27, 33]",188.4,282,26.05,0.46
07:39:44,"[176.0, 18]","[175.0, 84]","[200.32, 22]","[201.23, 26]",188.16,150,24.32,0.36
07:39:45,"[176.29, 21]","[175.2, 88]","[197.94, 53]","[198.86, 35]",187.11,197,21.66,0.11
07:39:46,"[175.38, 50]","[174.54, 84]","[196.05, 37]","[197.76, 51]",185.72,222,20.67,0.21
07:39:47,"[175.0, 60]","[173.0, 45]","[194.2, 25]","[196.0, 15]",184.6,145,19.2,0.45
07:39:48,"[175.0, 84]","[173.0, 63]","[192.29, 35]","[196.0, 21]",183.64,203,17.29,0.45
07:39:49,"[175.0, 125]","[173.0, 99]","[190.14, 35]","[191.28, 53]",182.57,312,15.14,0.44
07:39:50,"[175.0, 50]","[173.0, 45]","[190.0, 15]","[191.0, 25]",182.5,135,15.0,0.41
07:39:51,"[175.0, 58]","[173.0, 90]","[187.52, 27]","[189.71, 38]",181.26,213,12.52,0.39
07:39:52,"[178.18, 74]","[173.31, 96]","[182.65, 40]","[186.4, 47]",180.41,257,4.47,0.32
07:39:53,"[180.0, 24]","[175.12, 17]","[181.83, 12]","[217.0, 24]",180.92,77,1.83,0.06
07:39:54,"[175.0, 15]","[173.0, 45]","[180.4, 10]","[217.0, 20]",177.7,90,5.4,0.33
07:39:55,"[176.5, 24]","[173.67, 27]","[180.0, 10]","[409.6, 5]",178.25,66,3.5,0.55
07:39:56,"[177.0, 60]","[175.0, 30]","[178.7, 20]","[444.7, 10]",177.85,120,1.7,0.5
07:39:57,"[178.17, 23]","[176.6, 45]","[241.32, 28]","[364.45, 22]",209.75,118,63.15,0.15
07:39:58,"[180.0, 14]","[177.0, 56]","[184.82, 17]","[202.79, 33]",182.41,120,4.82,0.17
07:39:59,"[176.75, 40]","[176.39, 66]","[182.0, 16]","[403.39, 59]",179.38,181,5.25,0.17
07:40:00,"[175.55, 55]","[174.86, 140]","[181.25, 12]","[361.0, 60]",178.4,267,5.7,0.46
07:40:01,"[175.0, 96]","[173.0, 40]","[179.75, 8]","[361.0, 40]",177.38,184,4.75,0.48
07:40:02,"[175.86, 84]","[174.48, 97]","[272.14, 14]","[480.9, 29]",224.0,224,96.29,0.62
07:40:03,"[178.0, 27]","[175.0, 108]","[459.38, 21]","[576.04, 27]",318.69,183,281.38,0.48
07:40:04,"[175.0, 110]","[173.0, 50]","[339.77, 13]","[548.24, 25]",257.38,198,164.77,0.62
07:40:05,"[175.0, 131]","[173.0, 50]","[226.0, 12]","[386.11, 36]",200.5,229,51.0,0.58
07:40:06,"[175.0, 110]","[173.16, 38]","[212.77, 31]","[297.53, 17]",193.89,196,37.77,0.51
07:40:07,"[175.0, 80]","[174.0, 16]","[236.78, 18]","[317.11, 37]",205.89,151,61.78,0.27
07:40:08,"[175.0, 90]","[174.0, 18]","[238.09, 22]","[307.18, 33]",206.55,163,63.09,0.33
07:40:09,"[175.0, 101]","[174.0, 22]","[211.76, 29]","[230.25, 32]",193.38,184,36.76,0.34
07:40:10,"[175.0, 90]","[174.0, 22]","[367.24, 41]","[569.08, 12]",271.12,165,192.24,0.36
07:40:11,"[175.77, 78]","[174.91, 66]","[418.66, 29]","[615.82, 22]",297.21,195,242.89,0.48
07:40:12,"[176.0, 110]","[175.0, 96]","[319.7, 53]","[414.02, 54]",247.85,313,143.7,0.32
07:40:13,"[176.0, 103]","[175.0, 78]","[288.54, 39]","[289.68, 41]",232.27,261,112.54,0.39
07:40:14,"[176.69, 70]","[175.65, 74]","[286.0, 45]","[288.47, 45]",231.34,234,109.31,0.23
07:40:15,"[178.0, 56]","[177.0, 30]","[276.18, 51]","[281.46, 46]",227.09,183,98.18,-0.06
07:40:16,"[177.76, 25]","[176.83, 24]","[244.0, 30]","[267.59, 34]",210.88,113,66.24,-0.13
07:40:17,"[178.52, 58]","[176.3, 74]","[243.18, 33]","[250.73, 33]",210.85,198,64.66,0.33
07:40:18,"[181.0, 99]","[178.0, 70]","[241.14, 42]","[243.43, 42]",211.07,253,60.14,0.34
07:40:19,"[181.0, 80]","[178.0, 128]","[221.84, 37]","[231.25, 36]",201.42,281,40.84,0.48
07:40:20,"[181.48, 116]","[178.68, 71]","[188.69, 48]","[189.59, 41]",185.09,276,7.2,0.36
07:40:21,"[183.0, 149]","[181.0, 120]","[185.07, 58]","[187.45, 53]",184.03,380,2.07,0.42
07:40:22,"[183.0, 45]","[181.0, 72]","[184.9, 31]","[186.88, 32]",183.95,180,1.9,0.3
07:40:23,"[181.0, 93]","[178.0, 60]","[182.92, 36]","[184.31, 39]",181.96,228,1.92,0.34
07:40:24,"[181.17, 12]","[178.8, 30]","[185.0, 28]","[477.77, 13]",183.08,83,3.83,0.01
07:40:25,"[182.85, 27]","[180.08, 26]","[185.0, 52]","[286.29, 28]",183.93,133,2.15,-0.2
07:40:26,"[183.0, 38]","[179.0, 12]","[184.17, 24]","[322.0, 24]",183.58,98,1.17,0.02
07:40:27,"[181.42, 24]","[176.92, 37]","[222.05, 19]","[495.55, 11]",201.73,91,40.64,0.34
07:40:28,"[178.0, 15]","[176.0, 60]","[425.0, 5]","[0, 0]",301.5,80,247.0,0.88
07:40:29,"[178.0, 14]","[176.0, 72]","[424.04, 26]","[532.75, 8]",301.02,120,246.04,0.43
07:40:30,"[176.27, 37]","[175.43, 84]","[423.78, 45]","[537.0, 36]",300.02,202,247.51,0.2
07:40:31,"[176.0, 68]","[174.0, 60]","[408.11, 38]","[496.88, 43]",292.05,209,232.11,0.22
07:40:32,"[176.0, 27]","[174.0, 30]","[184.0, 20]","[241.0, 5]",180.0,82,8.0,0.39
07:40:33,"[176.46, 57]","[174.74, 76]","[180.83, 60]","[225.8, 15]",178.64,208,4.38,0.28
07:40:34,"[178.55, 11]","[176.16, 38]","[181.69, 36]","[291.91, 11]",180.12,96,3.15,0.02
07:40:35,"[177.0, 16]","[175.8, 60]","[240.0, 30]","[367.45, 31]",208.5,137,63.0,0.11
07:40:36,"[175.67, 21]","[158.84, 37]","[239.5, 30]","[381.0, 40]",207.58,128,63.83,-0.09
07:40:37,"[173.1, 20]","[104.67, 84]","[229.83, 35]","[319.29, 35]",201.46,174,56.73,0.2
07:40:38,"[174.0, 16]","[173.0, 16]","[234.8, 25]","[250.94, 31]",204.4,88,60.8,-0.27
07:40:39,"[174.8, 10]","[173.89, 18]","[234.28, 29]","[240.78, 40]",204.54,97,59.48,-0.42
07:40:40,"[175.0, 8]","[174.0, 16]","[231.38, 24]","[235.0, 40]",203.19,88,56.38,-0.45
07:40:41,"[175.0, 11]","[174.0, 22]","[229.3, 53]","[231.57, 35]",202.15,121,54.3,-0.45
07:40:42,"[175.88, 25]","[173.83, 24]","[228.62, 65]","[230.63, 41]",202.25,155,52.74,-0.37
07:40:43,"[176.86, 28]","[174.0, 28]","[227.0, 70]","[228.0, 70]",201.93,196,50.14,-0.43
07:40:44,"[177.0, 24]","[174.0, 24]","[224.81, 57]","[226.25, 56]",200.9,161,47.81,-0.4
07:40:45,"[177.0, 28]","[174.0, 28]","[219.92, 63]","[221.33, 69]",198.46,188,42.92,-0.4
07:40:46,"[178.66, 38]","[176.77, 26]","[213.89, 54]","[215.64, 55]",196.27,173,35.23,-0.26
07:40:47,"[179.6, 30]","[178.54, 35]","[210.77, 65]","[212.05, 58]",195.18,188,31.17,-0.31
07:40:48,"[180.73, 37]","[179.55, 33]","[208.02, 57]","[209.92, 66]",194.37,193,27.29,-0.27
07:40:49,"[180.36, 22]","[177.6, 20]","[204.12, 40]","[205.3, 40]",192.24,122,23.76,-0.31
07:40:50,"[181.07, 27]","[177.48, 25]","[200.02, 54]","[201.33, 52]",190.55,158,18.94,-0.34
07:40:51,"[181.0, 18]","[177.0, 18]","[195.16, 31]","[196.71, 28]",188.08,95,14.16,-0.24
07:40:52,"[181.0, 18]","[177.0, 18]","[192.48, 31]","[193.68, 37]",186.74,104,11.48,-0.31
07:40:53,"[181.0, 20]","[177.0, 20]","[190.35, 40]","[191.41, 32]",185.68,112,9.35,-0.29
07:40:54,"[181.0, 26]","[177.94, 128]","[186.36, 47]","[187.29, 49]",183.68,250,5.36,0.23
07:40:55,"[179.75, 24]","[177.9, 39]","[183.21, 28]","[184.26, 31]",181.48,122,3.46,0.03
07:40:56,"[178.0, 36]","[177.0, 22]","[179.23, 31]","[181.97, 29]",178.61,118,1.23,-0.02
07:40:57,"[176.36, 50]","[175.93, 108]","[178.64, 33]","[315.9, 40]",177.5,231,2.28,0.37
07:40:58,"[176.0, 145]","[174.0, 24]","[178.0, 36]","[179.0, 36]",177.0,241,2.0,0.4
07:40:59,"[176.0, 126]","[174.0, 28]","[177.93, 42]","[179.0, 42]",176.96,238,1.93,0.29
07:41:00,"[176.0, 63]","[174.0, 16]","[177.5, 24]","[204.36, 28]",176.75,131,1.5,0.21
07:41:01,"[176.87, 69]","[174.89, 47]","[189.29, 31]","[227.57, 44]",183.08,191,12.42,0.21
07:41:02,"[180.85, 13]","[176.67, 61]","[202.8, 10]","[205.0, 10]",191.82,94,21.95,0.57
07:41:03,"[183.0, 15]","[179.57, 49]","[200.78, 37]","[202.18, 17]",191.89,118,17.78,0.08
07:41:04,"[182.14, 7]","[178.55, 29]","[198.05, 19]","[207.92, 25]",190.1,80,15.91,-0.1
07:41:05,"[177.26, 46]","[176.54, 52]","[189.56, 48]","[199.88, 32]",183.41,178,12.3,0.1
07:41:06,"[176.4, 30]","[175.0, 28]","[188.62, 40]","[193.5, 30]",182.51,128,12.22,-0.09
07:41:07,"[175.09, 23]","[173.36, 28]","[184.34, 56]","[189.82, 50]",179.71,157,9.25,-0.35
07:41:08,"[174.0, 16]","[164.0, 39]","[179.92, 38]","[181.62, 26]",176.96,119,5.92,-0.08
07:41:09,"[175.16, 37]","[170.42, 109]","[178.08, 75]","[179.18, 55]",176.62,276,2.92,0.06
07:41:10,"[176.0, 6]","[174.0, 42]","[223.83, 18]","[448.55, 22]",199.92,88,47.83,0.09
07:41:11,"[179.89, 9]","[174.3, 33]","[358.65, 31]","[664.76, 41]",269.27,114,178.76,-0.26
07:41:12,"[183.0, 7]","[176.0, 7]","[395.56, 27]","[567.31, 29]",289.28,70,212.56,-0.6
07:41:13,"[179.5, 4]","[174.25, 16]","[313.0, 20]","[638.0, 12]",246.25,52,133.5,-0.23
07:41:14,"[176.0, 3]","[174.0, 21]","[260.0, 15]","[275.0, 9]",218.0,48,84.0,0.0
07:41:15,"[175.69, 51]","[173.66, 35]","[260.0, 35]","[303.0, 21]",217.84,142,84.31,0.21
07:41:16,"[176.28, 43]","[175.76, 68]","[260.0, 25]","[294.0, 15]",218.14,151,83.72,0.47
07:41:17,"[174.0, 14]","[172.0, 24]","[319.38, 40]","[533.25, 24]",246.69,102,145.38,-0.25
07:41:18,"[172.4, 15]","[122.05, 37]","[335.56, 45]","[546.0, 27]",253.98,124,163.16,-0.16
07:41:19,"[172.0, 10]","[134.0, 45]","[238.82, 17]","[398.29, 14]",205.41,86,66.82,0.28
07:41:20,"[135.62, 47]","[124.62, 24]","[320.71, 14]","[432.71, 14]",228.17,99,185.1,0.43
07:41:21,"[137.74, 39]","[129.85, 39]","[173.95, 21]","[228.38, 13]",155.85,112,36.21,0.39
07:41:22,"[140.0, 26]","[95.27, 33]","[240.22, 41]","[287.15, 27]",190.11,127,100.22,-0.07
07:41:23,"[155.48, 23]","[152.8, 65]","[170.63, 30]","[222.43, 37]",163.06,155,15.16,0.14
07:41:24,"[159.5, 34]","[158.96, 114]","[169.55, 33]","[199.67, 27]",164.52,208,10.05,0.42
07:41:25,"[163.0, 53]","[159.82, 50]","[169.0, 33]","[172.0, 22]",166.0,158,6.0,0.3
07:41:26,"[165.14, 78]","[163.9, 21]","[169.0, 24]","[172.0, 16]",167.07,139,3.86,0.42
07:41:27,"[167.83, 93]","[166.14, 102]","[169.44, 41]","[172.33, 36]",168.63,272,1.61,0.43
07:41:28,"[169.03, 32]","[168.3, 53]","[172.0, 17]","[173.0, 40]",170.52,142,2.97,0.2
07:41:29,"[170.9, 20]","[169.8, 15]","[172.75, 16]","[179.77, 31]",171.82,82,1.85,-0.15
07:41:30,"[171.88, 24]","[170.0, 16]","[179.0, 35]","[191.57, 30]",175.44,105,7.12,-0.24
07:41:31,"[180.82, 56]","[177.69, 39]","[186.08, 60]","[285.02, 46]",183.45,201,5.26,-0.05
07:41:32,"[182.8, 20]","[180.82, 51]","[185.5, 50]","[334.14, 28]",184.15,149,2.7,-0.05
07:41:33,"[180.71, 34]","[176.67, 36]","[374.24, 38]","[646.21, 34]",277.47,142,193.53,-0.01
07:41:34,"[181.0, 18]","[178.0, 18]","[307.17, 18]","[527.17, 18]",244.08,72,126.17,0.0
07:41:35,"[179.58, 48]","[177.85, 26]","[262.62, 32]","[310.62, 24]",221.1,130,83.04,0.14
07:41:36,"[180.67, 33]","[179.89, 37]","[211.87, 31]","[210.76, 29]",196.27,130,31.2,0.08
07:41:37,"[181.0, 19]","[180.0, 42]","[199.86, 22]","[201.24, 34]",190.43,117,18.86,0.04
07:41:38,"[181.58, 12]","[180.32, 22]","[196.23, 30]","[198.88, 24]",188.91,88,14.65,-0.23
07:41:39,"[183.0, 9]","[181.0, 9]","[194.27, 15]","[195.57, 21]",188.63,54,11.27,-0.33
07:41:40,"[178.79, 19]","[179.12, 17]","[192.73, 11]","[194.0, 33]",185.76,80,13.94,-0.1
07:41:41,"[178.55, 44]","[177.55, 22]","[188.21, 38]","[189.58, 26]",183.38,130,9.67,0.02
07:41:42,"[178.88, 50]","[177.88, 25]","[183.39, 28]","[202.03, 32]",181.14,135,4.51,0.11
07:41:43,"[178.0, 15]","[177.0, 13]","[183.0, 39]","[267.82, 33]",180.5,100,5.0,-0.44
07:41:44,"[178.0, 15]","[176.19, 59]","[182.13, 45]","[418.76, 42]",180.07,161,4.13,-0.08
07:41:45,"[176.0, 88]","[174.0, 165]","[180.82, 33]","[421.0, 22]",178.41,308,4.82,0.64
07:41:46,"[176.8, 79]","[175.3, 86]","[179.67, 27]","[537.31, 26]",178.23,218,2.87,0.51
07:41:47,"[177.47, 111]","[176.39, 92]","[218.56, 27]","[384.68, 28]",198.01,258,41.09,0.57
07:41:48,"[178.57, 70]","[177.0, 56]","[268.0, 14]","[318.29, 21]",223.29,161,89.43,0.57
07:41:49,"[179.0, 70]","[177.0, 56]","[256.14, 14]","[282.4, 20]",217.57,160,77.14,0.57
07:41:50,"[179.17, 116]","[178.0, 38]","[234.8, 20]","[279.08, 26]",206.99,200,55.63,0.54
07:41:51,"[181.5, 120]","[179.0, 96]","[284.45, 29]","[333.75, 32]",232.97,277,102.95,0.56
07:41:52,"[182.0, 110]","[180.43, 28]","[201.67, 42]","[253.91, 33]",191.83,213,19.67,0.3
07:41:53,"[182.0, 50]","[181.0, 10]","[201.0, 20]","[309.0, 15]",191.5,95,19.0,0.26
07:41:54,"[182.57, 140]","[181.0, 28]","[200.0, 56]","[313.0, 32]",191.29,256,17.43,0.31
07:41:55,"[183.0, 80]","[181.0, 16]","[200.0, 32]","[338.17, 23]",191.5,151,17.0,0.27
07:41:56,"[183.0, 80]","[181.0, 16]","[198.25, 32]","[390.0, 24]",190.62,152,15.25,0.26
07:41:57,"[183.0, 51]","[181.0, 14]","[197.57, 28]","[229.0, 21]",190.29,114,14.57,0.14
07:41:58,"[183.0, 66]","[181.0, 26]","[190.58, 36]","[198.32, 41]",186.79,169,7.58,0.09
07:41:59,"[183.0, 18]","[181.0, 18]","[187.0, 27]","[193.54, 26]",185.0,89,4.0,-0.19
07:42:00,"[181.75, 16]","[179.4, 50]","[185.5, 16]","[190.0, 33]",183.62,115,3.75,0.15
07:42:01,"[180.33, 36]","[179.07, 86]","[182.68, 19]","[184.62, 29]",181.51,170,2.35,0.44
07:42:02,"[179.55, 31]","[178.97, 72]","[181.0, 36]","[182.91, 22]",180.27,161,1.45,0.28
07:42:03,"[179.0, 84]","[178.0, 12]","[180.88, 34]","[212.89, 18]",179.94,148,1.88,0.3
07:42:04,"[179.0, 40]","[178.0, 13]","[209.62, 29]","[260.72, 39]",194.31,121,30.62,-0.12
07:42:05,"[179.0, 10]","[178.0, 10]","[219.1, 10]","[221.0, 50]",199.05,80,40.1,-0.5
07:42:06,"[178.6, 10]","[176.8, 20]","[218.32, 22]","[220.84, 38]",198.46,90,39.72,-0.33
07:42:07,"[176.0, 14]","[175.0, 35]","[218.0, 35]","[219.0, 7]",197.0,91,42.0,0.08
07:42:08,"[176.0, 14]","[175.0, 35]","[216.52, 27]","[216.93, 15]",196.26,91,40.52,0.08
07:42:09,"[178.73, 22]","[175.8, 25]","[212.72, 39]","[214.74, 27]",195.72,113,33.99,-0.17
07:42:10,"[179.95, 19]","[176.8, 10]","[212.0, 30]","[214.0, 6]",195.97,65,32.05,-0.11
07:42:11,"[181.0, 60]","[179.0, 20]","[212.0, 50]","[214.0, 10]",196.5,140,31.0,0.14
07:42:12,"[179.36, 22]","[176.3, 20]","[211.07, 41]","[211.9, 20]",195.22,103,31.71,-0.18
07:42:13,"[179.0, 11]","[177.0, 12]","[208.23, 13]","[209.02, 41]",193.62,77,29.23,-0.4
07:42:14,"[178.48, 29]","[175.08, 13]","[205.39, 23]","[208.07, 28]",191.94,93,26.91,-0.1
07:42:15,"[180.64, 22]","[179.86, 58]","[201.97, 72]","[203.47, 57]",191.3,209,21.34,-0.23
07:42:16,"[180.2, 15]","[177.0, 24]","[195.83, 36]","[197.08, 25]",188.02,100,15.63,-0.22
07:42:17,"[180.0, 22]","[175.43, 42]","[193.42, 43]","[195.07, 29]",186.71,136,13.42,-0.06
07:42:18,"[177.78, 27]","[175.71, 42]","[190.34, 41]","[192.46, 13]",184.06,123,12.56,0.12
07:42:19,"[176.0, 45]","[174.0, 18]","[188.44, 9]","[190.0, 45]",182.22,117,12.44,0.08
07:42:20,"[176.0, 55]","[173.26, 47]","[183.94, 32]","[185.82, 33]",179.97,167,7.94,0.22
07:42:21,"[176.31, 59]","[174.41, 51]","[180.95, 21]","[182.24, 29]",178.63,160,4.65,0.38
07:42:22,"[177.31, 144]","[176.0, 112]","[178.97, 58]","[207.69, 49]",178.14,363,1.65,0.41
07:42:23,"[179.62, 71]","[176.0, 63]","[181.0, 9]","[413.74, 23]",180.31,166,1.38,0.61
07:42:24,"[176.93, 27]","[175.27, 66]","[367.27, 15]","[396.67, 30]",272.1,138,190.34,0.35
07:42:25,"[178.33, 12]","[176.0, 84]","[348.52, 33]","[424.94, 32]",263.42,161,170.18,0.19
07:42:26,"[179.0, 11]","[176.0, 77]","[304.66, 35]","[421.65, 34]",241.83,157,125.66,0.12
07:42:27,"[179.33, 12]","[176.2, 45]","[245.0, 30]","[400.29, 28]",212.17,115,65.67,-0.01
07:42:28,"[181.91, 11]","[179.0, 11]","[266.0, 22]","[548.49, 47]",223.95,91,84.09,-0.52
07:42:29,"[176.0, 77]","[173.76, 34]","[221.82, 22]","[452.0, 55]",198.91,188,45.82,0.18
07:42:30,"[176.0, 45]","[174.0, 9]","[409.87, 30]","[564.78, 41]",292.93,125,233.87,-0.14
07:42:31,"[176.0, 58]","[174.0, 10]","[442.18, 38]","[572.19, 42]",309.09,148,266.18,-0.08
07:42:32,"[176.21, 67]","[175.12, 25]","[219.54, 65]","[321.0, 44]",197.87,201,43.33,-0.08
07:42:33,"[176.0, 36]","[174.0, 12]","[376.16, 19]","[446.11, 45]",276.08,112,200.16,-0.14
07:42:34,"[176.0, 21]","[174.0, 6]","[424.44, 18]","[443.0, 8]",300.22,53,248.44,0.02
07:42:35,"[176.0, 17]","[174.0, 5]","[408.67, 6]","[409.95, 21]",292.33,49,232.67,-0.1
07:42:36,"[176.5, 16]","[174.86, 7]","[407.8, 10]","[409.0, 5]",292.15,38,231.3,0.21
07:42:37,"[176.2, 25]","[175.36, 22]","[284.65, 17]","[276.85, 53]",230.42,117,108.45,-0.2
07:42:38,"[177.0, 20]","[174.4, 10]","[204.36, 28]","[242.55, 29]",190.68,87,27.36,-0.31
07:42:39,"[181.0, 74]","[176.0, 21]","[191.64, 28]","[201.71, 34]",186.32,157,10.64,0.21
07:42:40,"[181.0, 130]","[176.0, 10]","[186.39, 18]","[187.78, 18]",183.69,176,5.39,0.59
07:42:41,"[181.0, 155]","[176.0, 14]","[183.08, 26]","[207.84, 38]",182.04,233,2.08,0.45
07:42:42,"[181.0, 111]","[176.0, 24]","[182.72, 25]","[432.91, 57]",181.86,217,1.72,0.24
07:42:43,"[180.45, 82]","[177.81, 43]","[269.5, 28]","[453.0, 50]",224.98,203,89.05,0.23
07:42:44,"[181.0, 90]","[178.0, 40]","[414.24, 42]","[618.09, 33]",297.62,205,233.24,0.27
07:42:45,"[181.33, 73]","[178.0, 36]","[404.33, 45]","[716.48, 33]",292.83,187,223.0,0.17
07:42:46,"[182.0, 96]","[178.82, 88]","[536.75, 60]","[725.0, 48]",359.38,292,354.75,0.26
07:42:47,"[182.0, 35]","[181.0, 84]","[534.62, 32]","[691.13, 31]",358.31,182,352.62,0.31
07:42:48,"[182.32, 44]","[181.09, 106]","[388.43, 42]","[667.0, 48]",285.37,240,206.11,0.25
07:42:49,"[183.0, 42]","[181.0, 84]","[653.71, 28]","[655.0, 5]",418.36,159,470.71,0.58
07:42:50,"[183.0, 54]","[181.0, 108]","[598.32, 38]","[600.94, 17]",390.66,217,415.32,0.49
07:42:51,"[183.0, 84]","[181.0, 168]","[282.35, 54]","[289.25, 48]",232.68,354,99.35,0.42
07:42:52,"[181.31, 64]","[180.14, 84]","[209.19, 37]","[223.89, 38]",195.25,223,27.88,0.33
07:42:53,"[181.0, 81]","[177.67, 36]","[208.0, 45]","[210.0, 18]",194.5,180,27.0,0.3
07:42:54,"[181.0, 90]","[177.54, 52]","[206.63, 41]","[207.93, 29]",193.82,212,25.63,0.34
07:42:55,"[181.0, 117]","[178.06, 89]","[204.39, 44]","[204.77, 47]",192.69,297,23.39,0.39
07:42:56,"[181.0, 65]","[179.0, 65]","[200.24, 41]","[202.92, 50]",190.62,221,19.24,0.18
07:42:57,"[181.0, 11]","[179.0, 55]","[195.14, 28]","[197.16, 49]",188.07,143,14.14,-0.08
07:42:58,"[178.92, 53]","[178.09, 79]","[187.49, 59]","[193.2, 50]",183.21,241,8.57,0.1
07:42:59,"[177.0, 44]","[176.0, 22]","[190.62, 40]","[192.25, 40]",183.81,146,13.62,-0.1
07:43:00,"[177.0, 32]","[176.0, 16]","[189.86, 28]","[191.24, 29]",183.43,105,12.86,-0.09
07:43:01,"[177.0, 30]","[176.0, 18]","[187.11, 18]","[189.0, 45]",182.06,111,10.11,-0.14
07:43:02,"[178.47, 15]","[176.95, 38]","[187.66, 38]","[188.95, 62]",183.06,153,9.19,-0.31
07:43:03,"[180.88, 17]","[178.67, 18]","[185.02, 48]","[186.21, 62]",182.95,145,4.14,-0.52
07:43:04,"[178.67, 12]","[177.0, 27]","[180.74, 27]","[182.25, 32]",179.7,98,2.07,-0.2
07:43:05,"[177.0, 42]","[176.0, 28]","[178.59, 34]","[179.75, 32]",177.79,136,1.59,0.03
07:43:06,"[177.0, 33]","[176.0, 101]","[197.91, 33]","[260.68, 38]",187.45,205,20.91,0.31
07:43:07,"[177.0, 36]","[176.0, 132]","[200.17, 36]","[203.0, 48]",188.58,252,23.17,0.33
07:43:08,"[179.82, 76]","[175.55, 116]","[197.79, 42]","[266.1, 42]",188.8,276,17.97,0.39
07:43:09,"[181.08, 72]","[176.77, 136]","[195.36, 42]","[197.0, 56]",188.22,306,14.27,0.36
07:43:10,"[183.0, 11]","[181.0, 77]","[193.03, 37]","[194.07, 40]",188.01,165,10.03,0.07
07:43:11,"[182.29, 34]","[180.2, 101]","[189.57, 47]","[190.71, 51]",185.93,233,7.28,0.16
07:43:12,"[181.0, 58]","[177.0, 40]","[187.94, 34]","[189.27, 33]",184.47,165,6.94,0.19
07:43:13,"[181.0, 32]","[177.0, 32]","[186.75, 16]","[189.11, 27]",183.88,107,5.75,0.2
07:43:14,"[181.0, 58]","[177.0, 60]","[184.2, 40]","[197.14, 29]",182.6,187,3.2,0.26
07:43:15,"[181.0, 25]","[177.0, 52]","[352.67, 30]","[463.63, 19]",266.83,126,171.67,0.22
07:43:16,"[181.0, 11]","[177.0, 44]","[364.93, 29]","[404.79, 38]",272.97,122,183.93,-0.1
07:43:17,"[178.11, 73]","[176.29, 73]","[230.04, 46]","[309.56, 25]",204.08,217,51.93,0.35
07:43:18,"[178.71, 139]","[177.0, 11]","[228.73, 44]","[310.71, 21]",203.72,215,50.02,0.4
07:43:19,"[180.0, 143]","[177.0, 13]","[226.98, 49]","[323.43, 21]",203.49,226,46.98,0.38
07:43:20,"[180.14, 77]","[177.0, 7]","[227.0, 28]","[359.0, 14]",203.57,126,46.86,0.33
07:43:21,"[181.0, 102]","[177.0, 10]","[226.8, 40]","[292.89, 27]",203.9,179,45.8,0.25
07:43:22,"[181.0, 130]","[177.31, 13]","[288.65, 37]","[414.1, 31]",234.82,211,107.65,0.36
07:43:23,"[181.0, 76]","[179.0, 8]","[356.33, 18]","[584.36, 11]",268.67,113,175.33,0.49
07:43:24,"[181.0, 30]","[179.0, 6]","[325.6, 10]","[362.71, 14]",253.3,60,144.6,0.2
07:43:25,"[181.0, 23]","[179.0, 7]","[301.77, 13]","[336.0, 9]",241.38,52,120.77,0.15
07:43:26,"[181.0, 9]","[179.0, 9]","[228.0, 33]","[343.42, 19]",204.5,70,47.0,-0.49
07:43:27,"[181.0, 13]","[179.0, 13]","[207.65, 37]","[219.1, 41]",194.32,104,26.65,-0.5
07:43:28,"[177.4, 10]","[176.03, 118]","[203.35, 26]","[202.89, 38]",190.37,192,25.95,0.33
07:43:29,"[177.0, 11]","[176.0, 143]","[197.81, 31]","[199.51, 39]",187.4,224,20.81,0.38
07:43:30,"[177.0, 4]","[176.0, 52]","[195.0, 20]","[196.25, 20]",186.0,96,18.0,0.17
07:43:31,"[176.1, 124]","[175.09, 98]","[192.84, 58]","[194.78, 54]",184.47,334,16.74,0.33
07:43:32,"[176.0, 157]","[174.0, 65]","[189.21, 57]","[189.55, 33]",182.61,312,13.21,0.42
07:43:33,"[176.1, 120]","[174.7, 69]","[185.6, 43]","[187.35, 23]",180.85,255,9.5,0.48
07:43:34,"[177.0, 77]","[176.0, 156]","[179.46, 50]","[181.76, 45]",178.23,328,2.46,0.42
07:43:35,"[175.72, 53]","[173.72, 58]","[219.3, 37]","[411.48, 21]",197.51,169,43.58,0.31
07:43:36,"[174.0, 20]","[172.0, 28]","[296.5, 4]","[576.0, 8]",235.25,60,122.5,0.6
07:43:37,"[174.0, 28]","[172.0, 49]","[406.67, 9]","[580.17, 12]",290.33,98,232.67,0.57
07:43:38,"[175.43, 44]","[173.26, 19]","[581.0, 7]","[618.0, 14]",378.22,84,405.57,0.5
07:43:39,"[176.07, 45]","[173.52, 29]","[436.86, 14]","[662.0, 35]",306.46,123,260.79,0.2
07:43:40,"[180.4, 20]","[176.35, 43]","[301.0, 18]","[629.17, 29]",240.7,110,120.6,0.15
07:43:41,"[181.0, 13]","[176.0, 91]","[320.46, 26]","[401.35, 17]",250.73,147,139.46,0.41
07:43:42,"[182.0, 18]","[175.8, 66]","[311.72, 57]","[325.83, 30]",246.86,171,129.72,-0.02
07:43:43,"[183.0, 33]","[181.0, 11]","[302.82, 55]","[393.62, 52]",242.91,151,119.82,-0.42
07:43:44,"[182.39, 23]","[176.33, 21]","[232.67, 45]","[294.32, 38]",207.53,127,50.28,-0.31
07:43:45,"[177.85, 26]","[175.54, 96]","[228.56, 80]","[418.78, 37]",203.2,239,50.72,0.02
07:43:46,"[178.0, 7]","[176.0, 77]","[181.0, 35]","[231.0, 35]",179.5,154,3.0,0.09
07:43:47,"[178.57, 21]","[176.12, 52]","[229.33, 60]","[353.0, 60]",203.95,193,50.76,-0.24
07:43:48,"[178.06, 36]","[174.48, 58]","[228.0, 70]","[305.57, 70]",203.03,234,49.94,-0.2
07:43:49,"[176.0, 16]","[174.0, 56]","[213.75, 40]","[380.0, 40]",194.88,152,37.75,-0.05
07:43:50,"[176.0, 22]","[174.0, 77]","[224.43, 23]","[226.86, 43]",200.22,165,48.43,0.2
07:43:51,"[177.0, 49]","[174.34, 59]","[205.71, 24]","[204.93, 44]",191.35,176,28.71,0.23
07:43:52,"[178.09, 77]","[176.0, 22]","[195.52, 23]","[197.27, 11]",186.81,133,17.43,0.49
07:43:53,"[180.09, 77]","[176.0, 22]","[193.27, 11]","[195.0, 55]",186.68,165,13.18,0.2
07:43:54,"[181.0, 53]","[176.0, 30]","[191.07, 59]","[193.94, 31]",186.03,173,10.07,-0.04
07:43:55,"[179.86, 35]","[174.55, 49]","[190.0, 29]","[190.16, 49]",184.93,162,10.14,0.04
07:43:56,"[174.05, 74]","[117.76, 87]","[186.42, 12]","[189.08, 24]",180.24,197,12.36,0.63
07:43:57,"[174.0, 12]","[121.88, 84]","[184.04, 26]","[185.17, 6]",179.02,128,10.04,0.5
07:43:58,"[178.13, 23]","[143.25, 36]","[183.0, 7]","[184.0, 35]",180.57,101,4.87,0.17
07:43:59,"[179.0, 36]","[165.28, 109]","[182.0, 36]","[183.0, 36]",180.5,217,3.0,0.34
07:44:00,"[161.26, 23]","[158.63, 126]","[181.33, 18]","[216.83, 46]",171.3,213,20.07,0.4
07:44:01,"[145.66, 87]","[113.14, 50]","[180.94, 53]","[221.0, 54]",163.3,244,35.29,0.12
07:44:02,"[147.71, 28]","[119.86, 138]","[370.64, 22]","[498.4, 52]",259.18,240,222.92,0.38
07:44:03,"[174.0, 14]","[163.24, 94]","[460.0, 21]","[797.0, 35]",317.0,164,286.0,0.32
07:44:04,"[165.0, 35]","[125.22, 50]","[460.0, 27]","[547.22, 45]",312.5,157,295.0,0.08
07:44:05,"[183.0, 14]","[127.59, 103]","[459.5, 24]","[498.62, 29]",321.25,170,276.5,0.38
07:44:06,"[183.0, 16]","[131.2, 128]","[443.77, 31]","[459.52, 25]",313.39,200,260.77,0.44
07:44:07,"[183.0, 18]","[139.46, 57]","[385.3, 30]","[499.27, 33]",284.15,138,202.3,0.09
07:44:08,"[164.75, 61]","[122.0, 48]","[350.38, 53]","[532.13, 46]",257.57,208,185.62,0.05
07:44:09,"[181.38, 45]","[179.3, 43]","[299.62, 32]","[521.16, 25]",240.5,145,118.25,0.21
07:44:10,"[180.11, 38]","[178.16, 25]","[350.65, 49]","[540.68, 38]",265.38,150,170.55,-0.16
07:44:11,"[180.55, 11]","[177.58, 12]","[452.88, 32]","[602.0, 40]",316.71,95,272.33,-0.52
07:44:12,"[182.0, 4]","[178.0, 4]","[452.0, 16]","[602.0, 10]",317.0,34,270.0,-0.53
07:44:13,"[180.21, 14]","[176.57, 35]","[414.8, 40]","[446.14, 28]",297.51,117,234.59,-0.16
07:44:14,"[177.0, 54]","[175.0, 244]","[298.43, 56]","[366.64, 56]",237.71,410,121.43,0.45
07:44:15,"[177.0, 16]","[175.0, 66]","[244.38, 26]","[310.75, 32]",210.69,140,67.38,0.17
07:44:16,"[177.0, 41]","[175.0, 48]","[219.06, 62]","[233.16, 50]",198.03,201,42.06,-0.11
07:44:17,"[177.05, 44]","[175.25, 48]","[215.04, 69]","[228.95, 65]",196.04,226,38.0,-0.19
07:44:18,"[178.75, 12]","[177.5, 18]","[204.36, 55]","[212.53, 53]",191.56,138,25.61,-0.57
07:44:19,"[180.5, 10]","[179.5, 10]","[189.8, 40]","[193.56, 41]",185.15,101,9.3,-0.6
07:44:20,"[182.9, 10]","[181.2, 10]","[186.45, 47]","[187.88, 41]",184.67,108,3.55,-0.63
07:44:21,"[181.0, 13]","[177.14, 29]","[184.0, 35]","[185.0, 55]",182.5,132,3.0,-0.36
07:44:22,"[179.0, 36]","[177.0, 27]","[184.12, 41]","[208.72, 43]",181.56,147,5.12,-0.14
07:44:23,"[179.0, 44]","[177.0, 33]","[184.0, 45]","[185.0, 55]",181.5,177,5.0,-0.13
07:44:24,"[178.42, 62]","[175.67, 99]","[182.3, 66]","[184.07, 60]",180.36,287,3.88,0.12
07:44:25,"[177.48, 25]","[175.14, 83]","[181.0, 36]","[182.0, 18]",179.24,162,3.52,0.33
07:44:26,"[177.0, 36]","[175.0, 132]","[180.19, 47]","[268.5, 34]",178.6,249,3.19,0.35
07:44:27,"[175.0, 121]","[112.27, 11]","[177.9, 29]","[220.24, 25]",176.45,186,2.9,0.42
07:44:28,"[175.0, 108]","[134.12, 17]","[176.0, 39]","[242.62, 26]",175.5,190,1.0,0.32
07:44:29,"[163.72, 25]","[121.14, 28]","[279.37, 19]","[335.13, 23]",221.54,95,115.65,0.12
07:44:30,"[133.13, 45]","[118.0, 59]","[265.37, 35]","[340.46, 41]",199.25,180,132.24,0.16
07:44:31,"[158.0, 80]","[147.25, 28]","[174.75, 32]","[221.89, 47]",166.38,187,16.75,0.16
07:44:32,"[155.23, 70]","[140.87, 38]","[164.0, 30]","[327.13, 46]",159.61,184,8.77,0.17
07:44:33,"[166.1, 20]","[140.95, 37]","[412.0, 50]","[439.2, 40]",289.05,147,245.9,-0.22
07:44:34,"[182.0, 18]","[181.0, 11]","[411.55, 44]","[436.22, 37]",296.77,110,229.55,-0.47
07:44:35,"[182.0, 17]","[181.0, 22]","[396.67, 27]","[414.89, 53]",289.33,119,214.67,-0.34
07:44:36,"[111.14, 7]","[103.75, 12]","[316.0, 18]","[377.08, 13]",213.57,50,204.86,-0.24
07:44:37,"[168.0, 28]","[69.07, 14]","[252.41, 17]","[386.18, 22]",210.21,81,84.41,0.04
07:44:38,"[155.55, 22]","[124.25, 12]","[384.38, 16]","[510.14, 28]",269.96,78,228.83,-0.13
07:44:39,"[165.6, 30]","[160.19, 32]","[329.85, 27]","[536.33, 21]",247.73,110,164.25,0.13
07:44:40,"[177.25, 16]","[159.0, 40]","[311.0, 32]","[383.0, 8]",244.12,96,133.75,0.17
07:44:41,"[177.0, 26]","[157.0, 78]","[300.33, 27]","[318.73, 37]",238.67,168,123.33,0.24
07:44:42,"[171.8, 30]","[156.05, 65]","[203.46, 24]","[246.22, 23]",187.63,142,31.66,0.34
07:44:43,"[157.57, 75]","[148.3, 50]","[165.18, 68]","[186.17, 46]",161.37,239,7.6,0.05
07:44:44,"[162.08, 50]","[160.07, 15]","[169.62, 47]","[211.08, 79]",165.85,191,7.54,-0.32
07:44:45,"[163.39, 41]","[162.0, 12]","[172.0, 35]","[385.8, 25]",167.7,113,8.61,-0.06
07:44:46,"[172.27, 63]","[165.31, 54]","[290.36, 44]","[434.82, 44]",231.32,205,118.09,0.14
07:44:47,"[182.2, 79]","[180.93, 127]","[321.39, 71]","[450.94, 48]",251.8,325,139.19,0.27
07:44:48,"[183.0, 25]","[181.0, 85]","[392.53, 19]","[508.09, 22]",287.76,151,209.53,0.46
07:44:49,"[183.0, 45]","[181.0, 171]","[295.75, 32]","[496.62, 29]",239.38,277,112.75,0.56
07:44:50,"[183.0, 45]","[181.0, 171]","[236.45, 29]","[309.18, 34]",209.72,279,53.45,0.55
07:44:51,"[183.0, 35]","[181.0, 133]","[234.0, 21]","[425.0, 28]",208.5,217,51.0,0.55
07:44:52,"[183.0, 20]","[181.0, 76]","[233.5, 12]","[522.0, 16]",208.25,124,50.5,0.55
07:44:53,"[183.0, 41]","[181.0, 248]","[231.78, 37]","[470.03, 39]",207.39,365,48.78,0.58
07:44:54,"[183.0, 27]","[181.0, 180]","[230.56, 45]","[232.0, 9]",206.78,261,47.56,0.59
07:44:55,"[183.0, 27]","[181.0, 180]","[226.58, 36]","[227.91, 32]",204.79,275,43.58,0.51
07:44:56,"[183.0, 20]","[181.0, 200]","[219.26, 47]","[222.55, 31]",201.13,298,36.26,0.48
07:44:57,"[183.0, 16]","[181.0, 160]","[184.75, 8]","[186.0, 32]",183.88,216,1.75,0.63
07:44:58,"[181.02, 182]","[177.45, 98]","[182.88, 25]","[197.12, 25]",181.95,330,1.86,0.7
07:44:59,"[181.0, 160]","[176.0, 54]","[187.0, 36]","[237.04, 27]",184.0,277,6.0,0.55
07:45:00,"[181.0, 130]","[162.87, 30]","[238.92, 37]","[406.8, 40]",209.96,237,57.92,0.35
07:45:01,"[181.0, 111]","[138.56, 41]","[225.57, 28]","[445.29, 35]",203.29,215,44.57,0.41
07:45:02,"[181.6, 200]","[175.93, 72]","[212.74, 72]","[216.31, 67]",197.17,411,31.14,0.32
07:45:03,"[181.14, 85]","[178.83, 92]","[210.21, 70]","[211.43, 58]",195.68,305,29.07,0.16
07:45:04,"[183.0, 10]","[181.0, 58]","[209.0, 46]","[210.0, 34]",196.0,148,26.0,-0.08
07:45:05,"[181.36, 33]","[178.78, 81]","[207.92, 71]","[208.8, 49]",194.64,234,26.55,-0.03
07:45:06,"[179.16, 32]","[176.76, 49]","[205.84, 31]","[207.94, 48]",192.5,160,26.68,0.01
07:45:07,"[178.3, 30]","[177.0, 40]","[197.0, 30]","[198.0, 40]",187.65,140,18.7,0.0
07:45:08,"[179.78, 23]","[177.09, 35]","[196.45, 33]","[204.86, 51]",188.12,142,16.67,-0.18
07:45:09,"[180.0, 24]","[178.75, 12]","[194.02, 59]","[261.07, 43]",187.01,138,14.02,-0.48
07:45:10,"[175.44, 41]","[166.86, 37]","[191.25, 57]","[192.41, 51]",183.34,186,15.81,-0.16
07:45:11,"[174.0, 44]","[140.88, 16]","[187.65, 52]","[189.64, 47]",180.83,159,13.65,-0.25
07:45:12,"[174.16, 25]","[151.0, 26]","[186.17, 29]","[187.24, 34]",180.17,114,12.01,-0.11
07:45:13,"[171.33, 27]","[116.72, 29]","[185.62, 37]","[186.82, 44]",178.48,137,14.29,-0.18
07:45:14,"[170.0, 6]","[141.57, 7]","[184.0, 30]","[185.0, 24]",177.0,67,14.0,-0.61
07:45:15,"[174.0, 8]","[156.0, 8]","[183.29, 34]","[184.21, 38]",178.65,88,9.29,-0.64
07:45:16,"[156.14, 21]","[142.92, 13]","[180.8, 35]","[181.8, 40]",168.47,109,24.66,-0.38
07:45:17,"[152.25, 32]","[130.58, 36]","[170.38, 40]","[172.0, 8]",161.31,116,18.12,0.17
07:45:18,"[153.4, 40]","[128.5, 30]","[172.21, 14]","[173.82, 39]",162.81,123,18.81,0.14
07:45:19,"[154.0, 16]","[131.0, 4]","[170.6, 10]","[172.5, 12]",162.3,42,16.6,-0.05
07:45:20,"[155.42, 19]","[134.25, 16]","[171.0, 7]","[173.0, 21]",163.21,63,15.58,0.11
07:45:21,"[155.4, 40]","[126.2, 10]","[170.4, 10]","[173.0, 30]",162.9,90,15.0,0.11
07:45:22,"[167.14, 28]","[158.0, 18]","[341.69, 26]","[350.33, 27]",254.42,99,174.55,-0.07
07:45:23,"[158.65, 40]","[157.53, 30]","[307.38, 40]","[396.32, 34]",233.01,144,148.72,-0.03
07:45:24,"[161.71, 49]","[157.65, 55]","[171.79, 34]","[210.68, 56]",166.75,194,10.08,0.07
07:45:25,"[165.51, 41]","[164.3, 40]","[170.0, 45]","[208.33, 27]",167.76,153,4.49,0.06
07:45:26,"[167.83, 29]","[164.55, 31]","[169.87, 23]","[216.3, 30]",168.85,113,2.04,0.06
07:45:27,"[168.53, 19]","[167.29, 21]","[170.0, 25]","[299.43, 23]",169.26,88,1.47,-0.09
07:45:28,"[173.59, 34]","[133.0, 11]","[292.56, 18]","[312.08, 25]",233.07,88,118.97,0.02
07:45:29,"[178.0, 54]","[168.0, 18]","[267.6, 20]","[322.36, 22]",222.8,114,89.6,0.26
07:45:30,"[178.77, 57]","[175.75, 32]","[333.5, 24]","[516.16, 25]",256.14,138,154.73,0.29
07:45:31,"[183.0, 20]","[181.0, 40]","[330.29, 17]","[516.84, 19]",256.65,96,147.29,0.25
07:45:32,"[183.0, 19]","[181.0, 56]","[196.86, 21]","[300.0, 7]",189.93,103,13.86,0.46
07:45:33,"[183.0, 3]","[181.0, 24]","[259.2, 5]","[511.71, 7]",221.1,39,76.2,0.38
07:45:34,"[181.0, 12]","[178.0, 27]","[306.0, 3]","[547.0, 9]",243.5,51,125.0,0.53
07:45:35,"[181.0, 16]","[178.0, 36]","[210.9, 10]","[432.5, 6]",195.95,68,29.9,0.53
07:45:36,"[181.0, 18]","[178.0, 63]","[253.71, 21]","[625.7, 10]",217.36,112,72.71,0.45
07:45:37,"[181.0, 10]","[178.0, 45]","[480.8, 20]","[687.0, 5]",330.9,80,299.8,0.38
07:45:38,"[181.0, 5]","[178.0, 36]","[261.5, 8]","[263.0, 16]",221.25,65,80.5,0.26
07:45:39,"[181.88, 17]","[178.43, 21]","[260.0, 10]","[263.0, 20]",220.94,68,78.12,0.12
07:45:40,"[182.86, 36]","[181.0, 13]","[260.0, 16]","[363.33, 30]",221.43,95,77.14,0.03
07:45:41,"[183.0, 10]","[181.0, 48]","[245.82, 22]","[387.69, 26]",214.41,106,62.82,0.09
07:45:42,"[183.0, 9]","[181.0, 54]","[228.19, 16]","[229.81, 27]",205.59,106,45.19,0.19
07:45:43,"[181.25, 55]","[180.47, 57]","[219.13, 23]","[220.22, 23]",200.19,158,37.88,0.42
07:45:44,"[181.0, 78]","[179.0, 20]","[215.27, 22]","[216.06, 17]",198.14,137,34.27,0.43
07:45:45,"[181.0, 32]","[179.0, 11]","[213.29, 14]","[214.84, 19]",197.14,76,32.29,0.13
07:45:46,"[181.4, 30]","[179.19, 48]","[207.67, 18]","[209.72, 18]",194.53,114,26.27,0.37
07:45:47,"[181.0, 31]","[178.0, 99]","[192.65, 23]","[194.36, 25]",186.83,178,11.65,0.46
07:45:48,"[181.0, 286]","[178.0, 171]","[184.22, 46]","[185.37, 51]",182.61,554,3.22,0.65
07:45:49,"[181.0, 293]","[178.43, 47]","[182.0, 13]","[217.26, 46]",181.5,399,1.0,0.7
07:45:50,"[181.0, 159]","[179.0, 24]","[206.5, 12]","[330.12, 33]",193.75,228,25.5,0.61
07:45:51,"[181.0, 80]","[179.0, 16]","[306.06, 33]","[391.68, 28]",243.53,157,125.06,0.22
07:45:52,"[181.0, 100]","[179.0, 20]","[317.76, 46]","[358.62, 32]",249.38,198,136.76,0.21
07:45:53,"[181.0, 80]","[179.0, 16]","[187.0, 8]","[267.0, 24]",184.0,128,6.0,0.5
07:45:54,"[181.0, 76]","[179.0, 20]","[249.68, 28]","[312.17, 18]",215.34,142,68.68,0.35
07:45:55,"[181.0, 48]","[179.0, 16]","[259.86, 14]","[315.83, 18]",220.43,96,78.86,0.33
07:45:56,"[181.0, 26]","[179.0, 18]","[284.56, 25]","[501.0, 31]",232.78,100,103.56,-0.12
07:45:57,"[181.0, 16]","[179.0, 16]","[434.2, 30]","[519.97, 34]",307.6,96,253.2,-0.33
07:45:58,"[181.0, 26]","[179.0, 26]","[461.57, 35]","[545.02, 41]",321.29,128,280.57,-0.19
07:45:59,"[181.0, 14]","[179.0, 14]","[306.44, 25]","[316.38, 21]",243.72,74,125.44,-0.24
07:46:00,"[180.56, 18]","[178.78, 18]","[254.62, 26]","[242.73, 33]",217.59,95,74.06,-0.24
07:46:01,"[179.0, 22]","[178.0, 22]","[223.06, 17]","[226.39, 36]",201.03,97,44.06,-0.09
07:46:02,"[179.0, 14]","[178.0, 16]","[222.0, 8]","[223.0, 16]",200.5,54,43.0,0.11
07:46:03,"[178.76, 25]","[176.71, 48]","[221.67, 15]","[223.0, 30]",200.21,118,42.91,0.24
07:46:04,"[181.2, 50]","[176.54, 52]","[213.69, 26]","[214.77, 22]",197.45,150,32.49,0.36
07:46:05,"[182.0, 28]","[177.0, 88]","[190.81, 16]","[192.89, 38]",186.41,170,8.81,0.36
07:46:06,"[182.0, 20]","[177.0, 80]","[188.8, 20]","[191.0, 10]",185.4,130,6.8,0.54
07:46:07,"[182.0, 34]","[177.35, 127]","[184.47, 30]","[186.19, 21]",183.23,212,2.47,0.52
07:46:08,"[182.0, 22]","[180.0, 45]","[183.0, 18]","[184.0, 27]",182.5,112,1.0,0.2
07:46:09,"[180.86, 37]","[177.84, 89]","[183.75, 32]","[184.35, 23]",182.31,181,2.89,0.39
07:46:10,"[177.53, 51]","[175.8, 60]","[181.67, 9]","[184.0, 27]",179.6,147,4.14,0.51
07:46:11,"[177.0, 81]","[175.0, 72]","[179.05, 40]","[180.57, 14]",178.03,207,2.05,0.48
07:46:12,"[175.73, 66]","[174.46, 78]","[178.43, 37]","[422.43, 21]",177.08,202,2.71,0.43
07:46:13,"[175.0, 38]","[174.0, 78]","[177.62, 13]","[178.69, 13]",176.31,142,2.62,0.63
07:46:14,"[176.07, 15]","[174.05, 44]","[177.56, 9]","[471.09, 23]",176.81,91,1.49,0.3
07:46:15,"[175.0, 10]","[174.0, 60]","[178.0, 10]","[301.6, 30]",176.5,110,3.0,0.27
07:46:16,"[176.0, 38]","[175.0, 11]","[344.61, 23]","[379.03, 32]",260.3,104,168.61,-0.06
07:46:17,"[176.0, 33]","[175.0, 11]","[499.0, 33]","[538.56, 45]",337.5,122,323.0,-0.28
07:46:18,"[176.0, 21]","[175.0, 7]","[314.88, 17]","[495.52, 31]",245.44,76,138.88,-0.26
07:46:19,"[176.0, 36]","[175.0, 12]","[253.86, 28]","[388.16, 45]",214.93,121,77.86,-0.21
07:46:20,"[176.63, 19]","[173.84, 44]","[273.0, 18]","[383.0, 18]",224.82,99,96.37,0.27
07:46:21,"[176.36, 22]","[175.22, 18]","[272.44, 18]","[368.0, 18]",224.4,76,96.08,0.05
07:46:22,"[177.0, 28]","[176.0, 14]","[272.0, 14]","[347.86, 14]",224.5,70,95.0,0.2
07:46:23,"[176.17, 24]","[175.09, 22]","[206.27, 22]","[242.45, 22]",191.22,90,30.11,0.02
07:46:24,"[180.0, 45]","[176.0, 18]","[205.0, 18]","[237.89, 18]",192.5,99,25.0,0.27
07:46:25,"[180.0, 60]","[176.0, 24]","[235.85, 26]","[276.88, 34]",207.92,144,55.85,0.17
07:46:26,"[179.09, 33]","[174.12, 48]","[254.4, 35]","[284.45, 55]",216.75,171,75.31,-0.05
07:46:27,"[179.71, 68]","[173.57, 28]","[198.16, 19]","[200.48, 27]",188.93,142,18.45,0.35
07:46:28,"[180.0, 128]","[175.0, 13]","[194.31, 26]","[197.93, 15]",187.15,182,14.31,0.55
07:46:29,"[180.0, 71]","[175.0, 5]","[185.89, 9]","[193.2, 10]",182.94,95,5.89,0.6
07:46:30,"[180.0, 234]","[173.5, 24]","[182.33, 27]","[183.85, 27]",181.17,312,2.33,0.65
07:46:31,"[180.0, 108]","[173.15, 13]","[181.78, 18]","[358.54, 35]",180.89,174,1.78,0.39
07:46:32,"[180.0, 112]","[176.0, 55]","[468.0, 25]","[579.29, 31]",324.0,223,288.0,0.5
07:46:33,"[180.0, 36]","[178.0, 48]","[291.0, 12]","[652.33, 12]",235.5,108,111.0,0.56
07:46:34,"[180.0, 56]","[177.09, 88]","[336.24, 34]","[618.93, 28]",258.12,206,156.24,0.4
07:46:35,"[180.0, 40]","[176.23, 26]","[330.8, 40]","[593.2, 20]",255.4,126,150.8,0.05
07:46:36,"[179.5, 12]","[176.29, 14]","[496.0, 16]","[521.2, 20]",337.75,62,316.5,-0.16
07:46:37,"[176.0, 35]","[175.0, 7]","[577.91, 22]","[762.33, 18]",376.95,82,401.91,0.02
07:46:38,"[177.16, 31]","[175.79, 38]","[520.82, 33]","[647.26, 23]",348.99,125,343.66,0.1
07:46:39,"[176.0, 30]","[175.0, 20]","[403.84, 38]","[482.04, 27]",289.92,115,227.84,-0.13
07:46:40,"[175.4, 15]","[173.62, 13]","[294.36, 44]","[352.0, 32]",234.88,104,118.96,-0.46
07:46:41,"[177.8, 20]","[174.54, 13]","[231.5, 40]","[268.0, 10]",204.65,83,53.7,-0.2
07:46:42,"[179.0, 18]","[175.0, 9]","[226.37, 27]","[242.6, 15]",202.69,69,47.37,-0.22
07:46:43,"[175.0, 14]","[165.8, 5]","[198.0, 5]","[214.0, 8]",186.5,32,23.0,0.19
07:46:44,"[173.07, 15]","[172.0, 48]","[195.58, 33]","[211.04, 27]",184.32,123,22.51,0.02
07:46:45,"[179.07, 28]","[172.39, 23]","[192.29, 14]","[213.73, 22]",185.68,87,13.21,0.17
07:46:46,"[180.0, 42]","[175.22, 37]","[191.0, 6]","[326.67, 12]",185.5,97,11.0,0.63
07:46:47,"[181.75, 8]","[180.0, 56]","[190.07, 15]","[233.44, 9]",185.91,88,8.32,0.45
07:46:48,"[183.0, 9]","[181.0, 144]","[189.0, 14]","[189.77, 13]",186.0,180,6.0,0.7
07:46:49,"[181.14, 69]","[180.82, 88]","[184.4, 15]","[369.29, 28]",182.77,200,3.26,0.57
07:46:50,"[181.22, 41]","[180.85, 52]","[344.88, 16]","[442.0, 15]",263.05,124,163.66,0.5
07:46:51,"[181.46, 24]","[180.97, 130]","[568.44, 45]","[684.0, 10]",374.95,209,386.99,0.47
07:46:52,"[183.0, 6]","[181.0, 96]","[408.0, 30]","[610.0, 30]",295.5,162,225.0,0.26
07:46:53,"[181.03, 119]","[180.28, 50]","[413.37, 43]","[633.06, 49]",297.2,261,232.34,0.3
07:46:54,"[181.0, 104]","[179.0, 16]","[235.64, 36]","[255.17, 23]",208.32,179,54.64,0.34
07:46:55,"[181.0, 169]","[179.0, 26]","[212.71, 51]","[257.9, 41]",196.85,287,31.71,0.36
07:46:56,"[181.0, 111]","[179.0, 22]","[241.81, 26]","[270.32, 41]",211.4,200,60.81,0.33
07:46:57,"[181.0, 106]","[179.0, 26]","[235.74, 31]","[286.58, 57]",208.37,220,54.74,0.2
07:46:58,"[181.0, 80]","[179.0, 20]","[240.0, 30]","[314.16, 38]",210.5,168,59.0,0.19
07:46:59,"[181.0, 80]","[179.0, 20]","[235.93, 29]","[329.39, 33]",208.47,162,54.93,0.23
07:47:00,"[181.0, 80]","[179.0, 24]","[223.19, 27]","[224.36, 33]",202.09,164,42.19,0.27
07:47:01,"[180.2, 20]","[178.2, 60]","[219.76, 37]","[221.45, 33]",199.98,150,39.56,0.07
07:47:02,"[180.17, 12]","[178.19, 37]","[216.33, 33]","[217.67, 36]",198.25,118,36.17,-0.17
07:47:03,"[179.33, 18]","[178.03, 93]","[211.5, 56]","[213.44, 54]",195.42,221,32.17,0.0
07:47:04,"[179.67, 15]","[178.1, 60]","[207.0, 41]","[208.33, 54]",193.33,170,27.33,-0.12
07:47:05,"[180.0, 9]","[178.29, 51]","[203.2, 20]","[204.85, 26]",191.6,106,23.2,0.13
07:47:06,"[180.0, 16]","[179.0, 80]","[200.55, 60]","[201.67, 42]",190.28,198,20.55,-0.03
07:47:07,"[180.96, 153]","[179.19, 37]","[196.55, 44]","[197.84, 43]",188.75,277,15.58,0.37
07:47:08,"[181.26, 114]","[180.98, 214]","[193.5, 32]","[194.4, 45]",187.38,405,12.24,0.62
07:47:09,"[181.71, 72]","[181.0, 358]","[188.89, 38]","[190.12, 57]",185.3,525,7.19,0.64
07:47:10,"[181.0, 348]","[180.0, 15]","[185.28, 50]","[186.71, 49]",183.14,462,4.28,0.57
07:47:11,"[181.0, 209]","[180.0, 11]","[183.23, 26]","[184.14, 42]",182.12,288,2.23,0.53
07:47:12,"[181.0, 131]","[180.0, 9]","[182.9, 20]","[229.19, 31]",181.95,191,1.9,0.47
07:47:13,"[181.0, 137]","[180.0, 11]","[210.91, 33]","[448.02, 51]",195.95,232,29.91,0.28
07:47:14,"[181.0, 40]","[180.0, 4]","[409.0, 12]","[524.0, 20]",295.0,76,228.0,0.16
07:47:15,"[181.0, 110]","[180.0, 11]","[355.23, 53]","[556.97, 37]",268.11,211,174.23,0.15
07:47:16,"[181.0, 60]","[180.0, 8]","[352.0, 42]","[507.55, 22]",266.5,132,171.0,0.03
07:47:17,"[181.0, 42]","[180.0, 14]","[276.18, 66]","[327.16, 58]",228.59,180,95.18,-0.38
07:47:18,"[179.08, 26]","[178.06, 31]","[188.0, 30]","[189.33, 30]",183.54,117,8.92,-0.03
07:47:19,"[179.0, 45]","[178.0, 54]","[186.44, 45]","[188.0, 45]",182.72,189,7.44,0.05
07:47:20,"[179.0, 30]","[178.0, 60]","[185.1, 50]","[187.1, 50]",182.05,190,6.1,-0.05
07:47:21,"[178.73, 45]","[177.92, 72]","[181.26, 57]","[183.0, 45]",180.0,219,2.53,0.07
07:47:22,"[177.75, 48]","[176.57, 37]","[179.95, 43]","[287.71, 14]",178.85,142,2.2,0.2
07:47:23,"[177.0, 36]","[176.0, 104]","[369.57, 21]","[499.29, 35]",273.29,196,192.57,0.43
07:47:24,"[177.73, 85]","[175.78, 275]","[297.07, 41]","[354.05, 39]",237.4,440,119.34,0.64
07:47:25,"[176.74, 81]","[174.99, 127]","[283.29, 14]","[400.2, 15]",230.01,237,106.54,0.76
07:47:26,"[176.2, 80]","[175.1, 116]","[281.62, 16]","[300.75, 16]",228.91,228,105.43,0.72
07:47:27,"[177.0, 16]","[176.0, 112]","[279.57, 14]","[281.0, 14]",228.29,156,102.57,0.64
07:47:28,"[176.51, 61]","[175.61, 134]","[275.11, 18]","[276.44, 18]",225.81,231,98.6,0.69
07:47:29,"[177.0, 63]","[176.0, 135]","[270.7, 20]","[271.5, 24]",223.85,242,93.7,0.64
07:47:30,"[177.42, 84]","[176.0, 180]","[228.3, 37]","[247.35, 17]",202.86,318,50.88,0.66
07:47:31,"[179.0, 63]","[176.0, 210]","[214.33, 30]","[215.15, 26]",196.67,329,35.33,0.66
07:47:32,"[180.72, 64]","[177.07, 123]","[207.74, 38]","[208.94, 36]",194.23,261,27.02,0.43
07:47:33,"[181.03, 92]","[180.24, 62]","[205.37, 38]","[206.22, 46]",193.2,238,24.34,0.29
07:47:34,"[182.86, 42]","[181.0, 210]","[201.61, 46]","[202.46, 52]",192.23,350,18.75,0.44
07:47:35,"[183.0, 39]","[181.0, 195]","[188.94, 34]","[192.0, 38]",185.97,306,5.94,0.53
07:47:36,"[181.36, 55]","[180.91, 66]","[184.0, 28]","[186.45, 22]",182.68,171,2.64,0.42
07:47:37,"[181.0, 115]","[180.0, 20]","[182.75, 16]","[188.24, 37]",181.88,188,1.75,0.44
07:47:38,"[180.71, 34]","[176.58, 71]","[228.14, 21]","[297.0, 12]",204.42,138,47.44,0.52
07:47:39,"[180.0, 14]","[179.0, 21]","[247.6, 10]","[276.92, 25]",213.8,70,67.6,0.0
07:47:40,"[177.0, 26]","[175.91, 118]","[270.97, 33]","[372.33, 12]",223.98,189,93.97,0.52
07:47:41,"[178.0, 11]","[176.0, 165]","[255.88, 32]","[259.39, 23]",216.94,231,77.88,0.52
07:47:42,"[178.0, 9]","[175.78, 128]","[227.38, 24]","[254.32, 25]",202.69,186,49.38,0.47
07:47:43,"[178.0, 9]","[174.62, 81]","[250.0, 27]","[254.0, 9]",214.0,126,72.0,0.43
07:47:44,"[178.0, 13]","[176.0, 173]","[201.12, 16]","[226.5, 20]",189.56,222,23.12,0.68
07:47:45,"[177.18, 40]","[175.81, 115]","[185.36, 11]","[188.0, 11]",181.27,177,8.19,0.75
07:47:46,"[178.11, 45]","[176.01, 113]","[185.0, 9]","[321.09, 11]",181.56,178,6.89,0.78
07:47:47,"[179.24, 50]","[177.97, 34]","[185.0, 12]","[336.45, 22]",182.12,118,5.76,0.42
07:47:48,"[180.2, 40]","[178.0, 30]","[286.85, 13]","[344.15, 20]",233.52,103,106.65,0.36
07:47:49,"[181.0, 56]","[178.0, 42]","[405.4, 68]","[411.42, 33]",293.2,199,224.4,-0.02
07:47:50,"[181.9, 40]","[178.0, 30]","[404.2, 50]","[405.2, 50]",293.05,170,222.3,-0.18
07:47:51,"[182.0, 64]","[178.0, 72]","[352.31, 61]","[376.22, 45]",267.16,242,170.31,0.12
07:47:52,"[182.38, 52]","[178.0, 78]","[260.39, 62]","[264.32, 25]",221.39,217,78.0,0.2
07:47:53,"[183.0, 25]","[178.0, 66]","[259.36, 55]","[262.09, 33]",221.18,179,76.36,0.02
07:47:54,"[179.22, 37]","[177.89, 61]","[256.0, 80]","[257.38, 80]",217.61,258,76.78,-0.24
07:47:55,"[178.19, 62]","[177.46, 26]","[250.24, 85]","[251.71, 85]",214.21,258,72.04,-0.32
07:47:56,"[180.0, 12]","[178.0, 24]","[246.67, 30]","[248.17, 30]",213.33,96,66.67,-0.25
07:47:57,"[179.0, 32]","[177.89, 36]","[181.53, 59]","[188.22, 59]",180.26,186,2.53,-0.27
07:47:58,"[178.0, 36]","[177.0, 9]","[179.24, 42]","[183.0, 45]",178.62,132,1.24,-0.32
07:47:59,"[177.45, 40]","[175.59, 41]","[179.0, 44]","[213.98, 51]",178.22,176,1.55,-0.08
07:48:00,"[176.0, 12]","[174.0, 24]","[177.73, 15]","[217.14, 14]",176.87,65,1.73,0.11
07:48:01,"[174.0, 66]","[164.67, 60]","[177.09, 33]","[332.04, 46]",175.55,205,3.09,0.23
07:48:02,"[174.0, 74]","[173.0, 260]","[175.83, 29]","[341.52, 48]",174.91,411,1.83,0.63
07:48:03,"[175.15, 52]","[173.06, 170]","[289.65, 43]","[354.19, 47]",232.4,312,114.5,0.42
07:48:04,"[183.0, 134]","[179.42, 99]","[261.2, 80]","[314.05, 84]",222.1,397,78.2,0.17
07:48:05,"[183.0, 72]","[181.0, 36]","[255.5, 48]","[259.0, 48]",219.25,204,72.5,0.06
07:48:06,"[183.0, 72]","[181.0, 36]","[257.82, 45]","[335.64, 39]",220.41,192,74.82,0.12
07:48:07,"[183.0, 54]","[181.0, 27]","[255.77, 31]","[256.75, 32]",219.39,144,72.77,0.12
07:48:08,"[183.0, 90]","[181.0, 45]","[249.45, 49]","[253.41, 58]",216.22,242,66.45,0.12
07:48:09,"[183.0, 38]","[181.0, 45]","[220.5, 48]","[222.2, 60]",201.75,191,37.5,-0.13
07:48:10,"[183.0, 20]","[181.0, 30]","[216.7, 30]","[222.0, 40]",199.85,120,33.7,-0.17
07:48:11,"[182.47, 19]","[179.82, 51]","[214.86, 42]","[219.43, 42]",198.67,154,32.38,-0.09
07:48:12,"[179.14, 28]","[178.19, 64]","[212.2, 60]","[216.0, 45]",195.67,197,33.06,-0.07
07:48:13,"[179.0, 25]","[178.0, 52]","[207.86, 44]","[210.53, 45]",193.43,166,28.86,-0.07
07:48:14,"[179.0, 12]","[178.0, 48]","[203.0, 38]","[204.17, 41]",191.0,139,24.0,-0.14
07:48:15,"[178.0, 26]","[174.0, 65]","[199.12, 51]","[200.7, 47]",188.56,189,21.12,-0.04
07:48:16,"[175.0, 24]","[173.77, 26]","[195.36, 33]","[196.24, 37]",185.18,120,20.36,-0.17
07:48:17,"[172.0, 24]","[168.0, 12]","[192.59, 37]","[193.51, 41]",182.3,114,20.59,-0.37
07:48:18,"[163.0, 11]","[136.9, 21]","[189.78, 27]","[190.73, 33]",176.39,92,26.78,-0.3
07:48:19,"[175.86, 21]","[151.92, 12]","[187.6, 48]","[188.64, 45]",181.73,126,11.75,-0.48
07:48:20,"[181.18, 22]","[179.11, 18]","[184.51, 39]","[185.95, 38]",182.85,117,3.33,-0.32
07:48:21,"[179.07, 29]","[177.24, 34]","[181.92, 24]","[183.62, 52]",180.49,139,2.85,-0.09
07:48:22,"[176.81, 32]","[169.5, 12]","[177.81, 21]","[182.75, 32]",177.31,97,1.0,-0.09
07:48:23,"[160.73, 45]","[88.41, 27]","[174.81, 21]","[182.21, 43]",167.77,136,14.08,0.06
07:48:24,"[158.75, 60]","[110.75, 24]","[170.0, 46]","[171.75, 12]",164.38,142,11.25,0.18
07:48:25,"[159.77, 65]","[126.62, 16]","[170.09, 34]","[171.23, 13]",164.93,128,10.32,0.27
07:48:26,"[160.0, 35]","[146.14, 7]","[171.0, 7]","[172.0, 7]",165.5,56,11.0,0.5
07:48:27,"[160.0, 50]","[90.0, 10]","[171.5, 18]","[173.74, 31]",165.75,109,11.5,0.1
07:48:28,"[165.0, 5]","[160.0, 25]","[170.18, 11]","[172.27, 15]",167.59,56,5.18,0.07
07:48:29,"[161.88, 8]","[154.25, 16]","[419.64, 11]","[582.5, 8]",290.76,43,257.76,0.12
07:48:30,"[179.07, 30]","[164.93, 27]","[417.6, 15]","[721.0, 10]",298.33,82,238.53,0.39
07:48:31,"[180.0, 6]","[179.0, 21]","[458.33, 9]","[721.0, 6]",319.17,42,278.33,0.29
07:48:32,"[180.0, 12]","[179.0, 42]","[359.33, 12]","[707.33, 18]",269.67,84,179.33,0.29
07:48:33,"[179.0, 28]","[176.0, 20]","[692.0, 12]","[0, 0]",435.5,60,513.0,0.6
07:48:34,"[179.0, 14]","[176.0, 10]","[362.5, 6]","[0, 0]",270.75,30,183.5,0.6
07:48:35,"[179.0, 23]","[176.77, 43]","[515.0, 3]","[0, 0]",347.0,69,336.0,0.91
07:48:36,"[179.88, 34]","[177.84, 19]","[0, 0]","[0, 0]",89.94,53,-179.88,1.0
07:48:37,"[181.0, 30]","[179.0, 8]","[0, 0]","[0, 0]",90.5,38,-181.0,1.0
07:48:38,"[181.0, 75]","[179.0, 20]","[773.56, 9]","[800.0, 4]",477.28,108,592.56,0.76
07:48:39,"[181.0, 132]","[179.0, 36]","[350.92, 25]","[624.13, 30]",265.96,223,169.92,0.51
07:48:40,"[181.0, 102]","[179.0, 32]","[348.93, 28]","[479.57, 30]",264.96,192,167.93,0.4
07:48:41,"[181.0, 108]","[179.0, 36]","[385.78, 41]","[397.38, 29]",283.39,214,204.78,0.35
07:48:42,"[181.0, 75]","[179.0, 32]","[368.35, 23]","[385.03, 37]",274.67,167,187.35,0.28
07:48:43,"[181.03, 34]","[179.25, 32]","[210.76, 34]","[212.0, 18]",195.9,118,29.74,0.12
07:48:44,"[180.96, 23]","[179.93, 82]","[203.29, 63]","[318.7, 40]",192.12,208,22.33,0.01
07:48:45,"[180.17, 24]","[177.48, 58]","[208.88, 32]","[358.92, 37]",194.52,151,28.71,0.09
07:48:46,"[177.62, 104]","[178.0, 24]","[206.21, 29]","[207.38, 39]",191.91,196,28.59,0.31
07:48:47,"[177.0, 143]","[176.0, 14]","[202.89, 18]","[203.86, 29]",189.94,204,25.89,0.54
07:48:48,"[177.7, 100]","[176.97, 103]","[199.87, 15]","[201.83, 24]",188.78,242,22.17,0.68
07:48:49,"[179.18, 77]","[177.0, 110]","[198.1, 40]","[199.1, 20]",188.64,247,18.92,0.51
07:48:50,"[181.0, 43]","[177.0, 130]","[196.86, 28]","[197.67, 48]",188.93,249,15.86,0.39
07:48:51,"[181.0, 24]","[177.0, 80]","[192.85, 13]","[193.91, 11]",186.92,128,11.85,0.62
07:48:52,"[181.0, 21]","[177.0, 70]","[191.57, 14]","[193.0, 7]",186.29,112,10.57,0.62
