Time,Bid1,Bid2,Ask1,Ask2,Mid-Price,Total_volume,Bid_ask_spread,Order_imbalance
07:30:00,"[0, 0]","[0, 0]","[0, 0]","[0, 0]",0.0,0,0.0,0.0
07:30:03,"[0, 0]","[0, 0]","[117.0, 8]","[147.0, 4]",58.5,12,117.0,-1.0
07:30:04,"[0, 0]","[0, 0]","[116.0, 10]","[117.0, 8]",58.0,18,116.0,-1.0
07:30:05,"[0, 0]","[0, 0]","[114.0, 6]","[116.0, 10]",57.0,16,114.0,-1.0
07:30:06,"[49.67, 3]","[28.5, 2]","[114.0, 9]","[116.0, 15]",81.83,29,64.33,-0.66
07:30:07,"[67.67, 6]","[43.17, 6]","[114.0, 18]","[116.0, 30]",90.83,60,46.33,-0.6
07:30:08,"[96.41, 17]","[94.75, 16]","[114.0, 24]","[116.0, 40]",105.21,97,17.59,-0.32
07:30:09,"[110.06, 33]","[108.96, 28]","[114.0, 42]","[116.0, 70]",112.03,173,3.94,-0.29
07:30:10,"[113.36, 22]","[110.66, 38]","[115.07, 57]","[116.81, 54]",114.22,171,1.71,-0.3
07:30:11,"[109.63, 19]","[106.2, 30]","[116.08, 24]","[148.57, 28]",112.86,101,6.45,-0.03
07:30:12,"[109.0, 12]","[106.0, 16]","[113.0, 4]","[117.0, 16]",111.0,48,4.0,0.17
07:30:13,"[110.42, 73]","[106.5, 48]","[112.12, 34]","[115.46, 26]",111.27,181,1.69,0.34
07:30:14,"[111.0, 104]","[109.0, 16]","[112.0, 24]","[113.0, 8]",111.5,152,1.0,0.58
07:30:15,"[110.93, 121]","[107.77, 26]","[114.31, 39]","[129.22, 18]",112.62,204,3.37,0.44
07:30:16,"[110.56, 50]","[108.73, 59]","[114.0, 24]","[121.0, 27]",112.28,160,3.44,0.36
07:30:17,"[111.73, 66]","[109.0, 165]","[114.0, 20]","[152.89, 27]",112.86,278,2.27,0.66
07:30:18,"[113.17, 58]","[109.22, 137]","[164.67, 15]","[203.33, 30]",138.92,240,51.49,0.62
07:30:19,"[120.0, 56]","[116.46, 105]","[183.49, 35]","[188.47, 38]",151.74,234,63.49,0.38
07:30:20,"[120.0, 44]","[119.0, 66]","[157.21, 43]","[167.78, 27]",138.6,180,37.21,0.22
07:30:21,"[122.69, 118]","[119.52, 62]","[151.19, 59]","[157.35, 40]",136.94,279,28.49,0.29
07:30:22,"[123.0, 96]","[122.0, 32]","[149.66, 65]","[151.14, 76]",136.33,269,26.66,-0.05
07:30:23,"[123.0, 35]","[122.0, 14]","[144.0, 14]","[145.0, 28]",133.5,91,21.0,0.08
07:30:24,"[123.0, 40]","[122.0, 16]","[140.79, 28]","[142.25, 24]",131.89,108,17.79,0.04
07:30:25,"[123.0, 29]","[122.0, 18]","[136.82, 34]","[138.93, 30]",129.91,111,13.82,-0.15
07:30:26,"[122.74, 23]","[121.82, 17]","[133.35, 52]","[139.6, 30]",128.04,122,10.61,-0.34
07:30:27,"[123.0, 42]","[121.4, 15]","[132.95, 101]","[146.1, 63]",127.98,221,9.95,-0.48
07:30:28,"[122.61, 62]","[120.62, 16]","[129.98, 90]","[131.09, 96]",126.3,264,7.36,-0.41
07:30:29,"[119.0, 69]","[118.0, 24]","[125.47, 53]","[126.73, 55]",122.24,201,6.47,-0.07
07:30:30,"[118.57, 42]","[113.41, 34]","[123.76, 66]","[124.67, 60]",121.16,202,5.19,-0.25
07:30:31,"[118.64, 28]","[110.0, 30]","[123.03, 67]","[124.85, 96]",120.84,221,4.39,-0.48
07:30:32,"[118.0, 40]","[105.0, 10]","[122.2, 40]","[123.78, 45]",120.1,135,4.2,-0.26
07:30:33,"[118.0, 26]","[105.0, 8]","[120.5, 32]","[122.0, 32]",119.25,98,2.5,-0.31
07:30:34,"[104.33, 52]","[102.07, 41]","[119.75, 32]","[123.5, 36]",112.04,161,15.42,0.16
07:30:35,"[109.31, 58]","[102.72, 92]","[119.0, 32]","[121.0, 55]",114.16,237,9.69,0.27
07:30:36,"[104.0, 96]","[57.83, 23]","[120.08, 26]","[188.48, 25]",112.04,170,16.08,0.4
07:30:37,"[106.05, 76]","[104.4, 103]","[114.65, 31]","[127.44, 39]",110.35,249,8.59,0.44
07:30:38,"[108.03, 58]","[106.32, 100]","[114.0, 27]","[117.0, 36]",111.02,221,5.97,0.43
07:30:39,"[109.58, 12]","[108.0, 96]","[114.0, 36]","[117.0, 48]",111.79,192,4.42,0.12
07:30:40,"[112.03, 123]","[110.9, 133]","[113.62, 53]","[116.03, 65]",112.83,374,1.59,0.37
07:30:41,"[113.2, 60]","[112.0, 60]","[116.64, 28]","[154.06, 34]",114.92,182,3.44,0.32
07:30:42,"[115.7, 20]","[114.7, 60]","[117.0, 40]","[185.8, 30]",116.35,150,1.3,0.07
07:30:43,"[115.28, 25]","[111.77, 78]","[117.0, 34]","[234.67, 18]",116.14,155,1.72,0.33
07:30:44,"[115.39, 79]","[103.8, 110]","[117.0, 14]","[403.5, 40]",116.2,243,1.61,0.56
07:30:45,"[116.0, 45]","[108.0, 72]","[135.35, 17]","[348.0, 19]",125.68,153,19.35,0.53
07:30:46,"[116.88, 50]","[110.18, 66]","[211.67, 27]","[491.0, 18]",164.27,161,94.79,0.44
07:30:47,"[121.83, 24]","[115.0, 30]","[222.8, 15]","[285.17, 12]",172.32,81,100.97,0.33
07:30:48,"[124.91, 44]","[123.0, 66]","[203.4, 30]","[283.6, 25]",164.15,165,78.49,0.33
07:30:49,"[125.0, 32]","[123.0, 48]","[211.0, 24]","[261.37, 19]",168.0,123,86.0,0.3
07:30:50,"[123.8, 50]","[122.71, 35]","[276.68, 28]","[340.35, 26]",200.24,139,152.88,0.22
07:30:51,"[123.0, 54]","[121.0, 9]","[333.11, 9]","[368.2, 15]",228.06,87,210.11,0.45
07:30:52,"[123.0, 60]","[121.0, 10]","[176.0, 12]","[417.7, 20]",149.5,102,53.0,0.37
07:30:53,"[123.0, 51]","[121.0, 9]","[248.2, 15]","[397.82, 22]",185.6,97,125.2,0.24
07:30:54,"[123.0, 25]","[122.0, 20]","[328.25, 16]","[401.31, 13]",225.62,74,205.25,0.22
07:30:55,"[123.0, 14]","[122.0, 32]","[336.12, 24]","[478.0, 16]",229.56,86,213.12,0.07
07:30:56,"[123.0, 7]","[122.0, 28]","[291.04, 24]","[311.33, 21]",207.02,80,168.04,-0.12
07:30:57,"[123.0, 4]","[122.0, 16]","[275.2, 15]","[304.77, 13]",199.1,48,152.2,-0.17
07:30:58,"[123.0, 9]","[122.0, 36]","[291.33, 36]","[343.94, 31]",207.17,112,168.33,-0.2
07:30:59,"[123.51, 94]","[122.6, 80]","[286.16, 38]","[290.45, 44]",204.83,256,162.65,0.36
07:31:00,"[125.0, 34]","[123.0, 163]","[286.0, 40]","[287.8, 40]",205.5,277,161.0,0.42
07:31:01,"[125.0, 18]","[123.0, 129]","[277.17, 24]","[281.0, 24]",201.08,195,152.17,0.51
07:31:02,"[125.0, 48]","[123.0, 366]","[259.55, 58]","[274.12, 64]",192.28,536,134.55,0.54
07:31:03,"[123.51, 59]","[122.93, 123]","[125.9, 29]","[186.71, 14]",124.7,225,2.39,0.62
07:31:04,"[123.0, 158]","[122.0, 36]","[131.44, 27]","[181.88, 17]",127.22,238,8.44,0.63
07:31:05,"[123.0, 126]","[122.0, 36]","[128.27, 30]","[466.11, 9]",125.63,201,5.27,0.61
07:31:06,"[123.0, 112]","[122.0, 52]","[172.92, 37]","[381.0, 13]",147.96,214,49.92,0.53
07:31:07,"[123.0, 30]","[122.0, 24]","[373.5, 6]","[462.5, 6]",248.25,66,250.5,0.64
07:31:08,"[123.0, 34]","[121.91, 46]","[276.5, 8]","[484.75, 8]",199.75,96,153.5,0.67
07:31:09,"[123.0, 28]","[122.0, 42]","[147.29, 7]","[182.0, 7]",135.14,84,24.29,0.67
07:31:10,"[123.0, 40]","[122.0, 66]","[290.64, 11]","[372.0, 11]",206.82,128,167.64,0.66
07:31:11,"[123.0, 15]","[122.0, 66]","[292.16, 19]","[483.73, 15]",207.58,115,169.16,0.41
07:31:12,"[123.0, 28]","[122.0, 48]","[306.0, 8]","[436.62, 16]",214.5,100,183.0,0.52
07:31:13,"[123.21, 56]","[122.08, 65]","[340.36, 11]","[562.0, 31]",231.79,163,217.15,0.48
07:31:14,"[125.0, 26]","[123.0, 30]","[225.17, 6]","[478.14, 14]",175.08,76,100.17,0.47
07:31:15,"[125.0, 28]","[123.0, 35]","[288.86, 7]","[428.36, 11]",206.93,81,163.86,0.56
07:31:16,"[125.0, 12]","[123.0, 30]","[319.83, 6]","[535.0, 30]",222.42,78,194.83,0.08
07:31:17,"[123.64, 44]","[122.49, 71]","[236.6, 40]","[238.31, 13]",180.12,168,112.96,0.37
07:31:18,"[124.31, 65]","[122.74, 68]","[233.57, 28]","[234.5, 40]",178.94,201,109.26,0.32
07:31:19,"[125.0, 55]","[123.0, 55]","[229.62, 26]","[231.12, 34]",177.31,170,104.62,0.29
07:31:20,"[125.0, 63]","[123.0, 85]","[196.08, 53]","[209.22, 46]",160.54,247,71.08,0.2
07:31:21,"[123.0, 72]","[122.0, 108]","[141.35, 43]","[142.28, 39]",132.17,262,18.35,0.37
07:31:22,"[121.59, 51]","[119.89, 54]","[137.0, 12]","[138.0, 24]",129.29,141,15.41,0.49
07:31:23,"[121.0, 10]","[119.0, 50]","[134.33, 21]","[135.12, 16]",127.67,97,13.33,0.24
07:31:24,"[119.33, 24]","[118.17, 120]","[129.39, 41]","[130.76, 25]",124.36,210,10.06,0.37
07:31:25,"[119.0, 26]","[118.0, 130]","[126.39, 33]","[127.6, 43]",122.7,232,7.39,0.34
07:31:26,"[118.88, 25]","[117.99, 97]","[122.19, 42]","[124.1, 29]",120.54,193,3.31,0.26
07:31:27,"[118.0, 57]","[117.0, 13]","[119.38, 26]","[127.0, 39]",118.69,135,1.38,0.04
07:31:28,"[120.98, 52]","[117.79, 34]","[123.97, 39]","[157.33, 45]",122.48,170,2.99,0.01
07:31:29,"[123.57, 21]","[118.44, 52]","[195.79, 67]","[391.03, 29]",159.68,169,72.22,-0.14
07:31:30,"[125.0, 60]","[123.0, 10]","[196.38, 42]","[198.57, 37]",160.69,149,71.38,-0.06
07:31:31,"[125.0, 60]","[123.0, 19]","[193.13, 46]","[194.59, 34]",159.07,159,68.13,-0.01
07:31:32,"[125.0, 30]","[123.0, 10]","[192.0, 25]","[194.0, 15]",158.5,80,67.0,0.0
07:31:33,"[125.0, 37]","[123.0, 26]","[190.59, 51]","[192.02, 53]",157.79,167,65.59,-0.25
07:31:34,"[125.0, 36]","[123.0, 24]","[187.44, 54]","[189.71, 42]",156.22,156,62.44,-0.23
07:31:35,"[125.0, 51]","[123.0, 34]","[183.34, 53]","[184.36, 83]",154.17,221,58.34,-0.23
07:31:36,"[126.0, 130]","[125.0, 39]","[181.62, 39]","[183.0, 65]",153.81,273,55.62,0.24
07:31:37,"[126.0, 82]","[125.0, 33]","[161.11, 19]","[184.23, 47]",143.55,181,35.11,0.27
07:31:38,"[122.43, 14]","[120.08, 37]","[212.71, 14]","[268.69, 13]",167.57,78,90.29,0.31
07:31:39,"[121.0, 27]","[119.0, 81]","[133.0, 18]","[276.0, 9]",127.0,135,12.0,0.6
07:31:40,"[121.33, 18]","[119.67, 54]","[260.2, 20]","[644.74, 19]",190.77,111,138.87,0.3
07:31:41,"[119.09, 65]","[118.44, 41]","[397.33, 24]","[497.44, 18]",258.21,148,278.24,0.43
07:31:42,"[119.0, 108]","[118.0, 60]","[287.63, 51]","[305.64, 44]",203.31,263,168.63,0.28
07:31:43,"[119.0, 72]","[118.0, 40]","[165.0, 40]","[181.6, 20]",142.0,172,46.0,0.3
07:31:44,"[118.43, 61]","[117.52, 58]","[163.77, 65]","[189.08, 61]",141.1,245,45.34,-0.03
07:31:45,"[119.0, 20]","[118.0, 56]","[162.2, 50]","[163.2, 50]",140.6,176,43.2,-0.14
07:31:46,"[122.8, 158]","[118.67, 36]","[161.85, 65]","[163.0, 65]",142.32,324,39.05,0.2
07:31:47,"[123.0, 96]","[121.64, 14]","[159.33, 30]","[160.67, 30]",141.17,170,36.33,0.29
07:31:48,"[123.0, 196]","[122.0, 90]","[156.07, 46]","[156.9, 50]",139.53,382,33.07,0.5
07:31:49,"[123.11, 236]","[122.53, 190]","[152.06, 35]","[154.51, 41]",137.58,502,28.95,0.7
07:31:50,"[124.93, 75]","[123.0, 300]","[147.32, 57]","[148.76, 55]",136.12,487,22.38,0.54
07:31:51,"[125.0, 68]","[123.0, 280]","[141.25, 40]","[143.16, 32]",133.12,420,16.25,0.66
07:31:52,"[125.0, 30]","[123.0, 200]","[137.34, 38]","[137.79, 38]",131.17,306,12.34,0.5
07:31:53,"[125.0, 27]","[123.0, 180]","[133.68, 25]","[134.72, 29]",129.34,261,8.68,0.59
07:31:54,"[125.0, 30]","[123.0, 200]","[131.17, 30]","[132.83, 30]",128.08,290,6.17,0.59
07:31:55,"[124.09, 88]","[122.95, 338]","[127.56, 90]","[128.38, 58]",125.82,574,3.46,0.48
07:31:56,"[123.0, 150]","[122.0, 72]","[125.23, 26]","[126.21, 28]",124.12,276,2.23,0.61
07:31:57,"[123.0, 154]","[122.0, 108]","[124.08, 36]","[235.16, 38]",123.54,336,1.08,0.56
07:31:58,"[123.0, 65]","[122.0, 72]","[156.3, 27]","[263.56, 18]",139.65,182,33.3,0.51
07:31:59,"[123.0, 49]","[122.0, 63]","[240.86, 28]","[279.6, 10]",181.93,150,117.86,0.49
07:32:00,"[123.0, 41]","[122.0, 54]","[560.89, 9]","[582.0, 20]",341.94,124,437.89,0.53
07:32:01,"[123.0, 41]","[122.0, 72]","[253.3, 20]","[565.71, 14]",188.15,147,130.3,0.54
07:32:02,"[123.0, 44]","[122.0, 99]","[221.0, 33]","[471.8, 41]",172.0,217,98.0,0.32
07:32:03,"[123.0, 56]","[122.0, 126]","[223.66, 32]","[452.81, 54]",173.33,268,100.66,0.36
07:32:04,"[124.11, 38]","[122.32, 66]","[236.65, 20]","[446.8, 40]",180.38,164,112.54,0.27
07:32:05,"[125.0, 24]","[123.0, 24]","[235.0, 24]","[339.91, 23]",180.0,95,110.0,0.01
07:32:06,"[122.31, 49]","[121.69, 87]","[226.0, 28]","[247.36, 44]",174.15,208,103.69,0.31
07:32:07,"[122.0, 71]","[121.0, 60]","[170.5, 22]","[207.32, 19]",146.25,172,48.5,0.52
07:32:08,"[122.59, 73]","[121.32, 62]","[145.43, 37]","[154.86, 28]",134.01,200,22.84,0.35
07:32:09,"[123.25, 48]","[122.08, 78]","[130.75, 36]","[140.2, 45]",127.0,207,7.5,0.22
07:32:10,"[125.0, 61]","[122.62, 56]","[130.0, 36]","[366.63, 35]",127.5,188,5.0,0.24
07:32:11,"[125.0, 80]","[122.0, 30]","[129.0, 30]","[155.7, 10]",127.0,150,4.0,0.47
07:32:12,"[125.0, 59]","[122.0, 24]","[127.88, 24]","[195.0, 8]",126.44,115,2.88,0.44
07:32:13,"[125.0, 61]","[122.0, 39]","[126.2, 15]","[286.49, 45]",125.6,160,1.2,0.25
07:32:14,"[125.0, 36]","[122.0, 36]","[312.0, 48]","[400.17, 18]",218.5,138,187.0,0.04
07:32:15,"[125.0, 39]","[122.0, 39]","[194.55, 20]","[328.29, 34]",159.78,132,69.55,0.18
07:32:16,"[125.0, 27]","[122.0, 27]","[144.94, 17]","[146.4, 10]",134.97,81,19.94,0.33
07:32:17,"[125.0, 22]","[122.0, 42]","[143.79, 28]","[146.0, 14]",134.39,106,18.79,0.21
07:32:18,"[125.0, 11]","[122.0, 33]","[141.56, 18]","[142.53, 15]",133.28,77,16.56,0.14
07:32:19,"[125.0, 12]","[122.81, 32]","[139.58, 12]","[141.0, 24]",132.29,80,14.58,0.1
07:32:20,"[125.0, 11]","[123.0, 33]","[139.0, 11]","[141.0, 22]",132.0,77,14.0,0.14
07:32:21,"[125.0, 10]","[123.0, 40]","[137.17, 12]","[140.56, 18]",131.08,80,12.17,0.25
07:32:22,"[125.0, 110]","[123.0, 55]","[136.0, 22]","[137.0, 11]",130.5,198,11.0,0.67
07:32:23,"[125.0, 130]","[123.0, 65]","[133.14, 14]","[134.48, 25]",129.07,234,8.14,0.67
07:32:24,"[125.0, 116]","[123.0, 90]","[128.46, 48]","[135.3, 40]",126.73,294,3.46,0.4
07:32:25,"[125.0, 46]","[123.0, 53]","[126.61, 28]","[137.74, 35]",125.8,162,1.61,0.22
07:32:26,"[123.82, 44]","[122.73, 91]","[127.0, 14]","[190.18, 44]",125.41,193,3.18,0.4
07:32:27,"[123.0, 66]","[122.0, 60]","[126.33, 12]","[211.98, 46]",124.67,184,3.33,0.37
07:32:28,"[123.0, 47]","[122.0, 75]","[126.0, 15]","[336.04, 23]",124.5,160,3.0,0.53
07:32:29,"[122.09, 35]","[121.09, 53]","[124.09, 33]","[187.67, 9]",123.09,130,2.01,0.35
07:32:30,"[122.0, 44]","[121.0, 72]","[123.81, 32]","[140.72, 36]",122.91,184,1.81,0.26
07:32:31,"[121.67, 36]","[120.89, 54]","[123.9, 10]","[148.23, 35]",122.78,135,2.23,0.33
07:32:32,"[121.0, 63]","[120.0, 33]","[124.45, 11]","[242.33, 27]",122.73,134,3.45,0.43
07:32:33,"[123.0, 6]","[121.0, 30]","[214.77, 26]","[354.85, 26]",168.88,88,91.77,-0.18
07:32:34,"[121.13, 30]","[120.32, 31]","[220.21, 33]","[325.56, 45]",170.67,139,99.08,-0.12
07:32:35,"[121.0, 12]","[120.0, 18]","[229.43, 23]","[316.5, 30]",175.22,83,108.43,-0.28
07:32:36,"[119.73, 33]","[118.72, 75]","[234.0, 33]","[240.77, 43]",176.86,184,114.27,0.17
07:32:37,"[121.0, 39]","[119.11, 74]","[233.39, 41]","[296.03, 33]",177.2,187,112.39,0.21
07:32:38,"[121.0, 39]","[120.0, 52]","[211.12, 41]","[234.53, 30]",166.06,162,90.12,0.12
07:32:39,"[121.0, 21]","[120.0, 28]","[215.26, 23]","[348.29, 14]",168.13,86,94.26,0.14
07:32:40,"[121.0, 39]","[120.0, 52]","[194.06, 49]","[220.75, 40]",157.53,180,73.06,0.01
07:32:41,"[121.8, 10]","[120.8, 20]","[181.0, 27]","[284.67, 45]",151.4,102,59.2,-0.41
07:32:42,"[121.45, 11]","[119.91, 22]","[181.0, 21]","[303.57, 35]",151.23,89,59.55,-0.26
07:32:43,"[119.53, 51]","[118.6, 60]","[178.9, 10]","[181.0, 30]",149.21,151,59.37,0.47
07:32:44,"[120.0, 66]","[119.0, 66]","[172.22, 27]","[177.47, 15]",146.11,174,52.22,0.52
07:32:45,"[120.0, 42]","[118.08, 39]","[159.0, 10]","[174.8, 15]",139.5,106,39.0,0.53
07:32:46,"[120.0, 36]","[119.0, 18]","[173.4, 10]","[174.86, 14]",146.7,78,53.4,0.38
07:32:47,"[120.0, 36]","[119.0, 18]","[172.5, 14]","[172.8, 10]",146.25,78,52.5,0.38
07:32:48,"[123.1, 42]","[121.38, 26]","[169.92, 26]","[170.57, 14]",146.51,108,46.83,0.26
07:32:49,"[125.0, 42]","[123.0, 24]","[155.0, 24]","[204.21, 28]",140.0,118,30.0,0.12
07:32:50,"[124.43, 21]","[121.2, 30]","[170.0, 27]","[248.67, 36]",147.21,114,45.57,-0.11
07:32:51,"[121.0, 5]","[120.0, 30]","[170.0, 15]","[235.24, 21]",145.5,71,49.0,-0.01
07:32:52,"[121.0, 13]","[120.0, 78]","[222.14, 43]","[296.32, 63]",171.57,197,101.14,-0.08
07:32:53,"[119.85, 20]","[118.57, 42]","[317.39, 31]","[371.49, 41]",218.62,134,197.54,-0.07
07:32:54,"[119.0, 8]","[118.0, 48]","[294.12, 32]","[297.17, 24]",206.56,112,175.12,0.0
07:32:55,"[118.33, 18]","[117.6, 60]","[225.28, 32]","[265.91, 22]",171.81,132,106.95,0.18
07:32:56,"[117.6, 30]","[114.35, 51]","[216.33, 30]","[218.28, 18]",166.97,129,98.73,0.26
07:32:57,"[117.0, 36]","[83.52, 33]","[214.6, 15]","[215.29, 21]",165.8,105,97.6,0.31
07:32:58,"[125.0, 45]","[117.18, 33]","[209.31, 26]","[214.17, 23]",167.15,127,84.31,0.23
07:32:59,"[125.0, 24]","[123.0, 6]","[211.0, 25]","[213.56, 9]",168.0,64,86.0,-0.06
07:33:00,"[125.0, 42]","[123.0, 14]","[155.96, 52]","[173.36, 28]",140.48,136,30.96,-0.18
07:33:01,"[125.0, 45]","[123.0, 15]","[148.91, 45]","[151.11, 35]",136.96,140,23.91,-0.14
07:33:02,"[123.38, 78]","[122.83, 48]","[145.65, 37]","[146.62, 32]",134.52,195,22.26,0.29
07:33:03,"[123.0, 91]","[122.0, 13]","[141.76, 21]","[142.62, 29]",132.38,154,18.76,0.35
07:33:04,"[123.64, 103]","[122.68, 31]","[137.74, 34]","[139.47, 19]",130.69,187,14.09,0.43
07:33:05,"[125.0, 154]","[123.0, 98]","[132.53, 45]","[133.48, 50]",128.77,347,7.53,0.45
07:33:06,"[125.0, 100]","[123.0, 70]","[127.69, 32]","[128.82, 17]",126.34,219,2.69,0.55
07:33:07,"[125.0, 74]","[123.0, 77]","[126.53, 38]","[129.14, 14]",125.76,203,1.53,0.49
07:33:08,"[123.22, 55]","[122.67, 21]","[125.91, 23]","[150.8, 25]",124.57,124,2.69,0.23
07:33:09,"[123.0, 63]","[122.0, 9]","[125.09, 33]","[136.0, 30]",124.05,135,2.09,0.07
07:33:10,"[122.35, 37]","[118.6, 60]","[206.1, 42]","[375.73, 44]",164.22,183,83.74,0.06
07:33:11,"[119.0, 54]","[118.0, 126]","[282.75, 24]","[372.67, 36]",200.88,240,163.75,0.5
07:33:12,"[119.0, 48]","[118.0, 77]","[180.38, 16]","[314.25, 32]",149.69,173,61.38,0.45
07:33:13,"[119.41, 51]","[118.48, 87]","[155.0, 24]","[225.42, 48]",137.21,210,35.59,0.31
07:33:14,"[120.0, 27]","[119.0, 54]","[155.0, 18]","[189.0, 36]",137.5,135,35.0,0.2
07:33:15,"[120.0, 27]","[119.0, 54]","[174.33, 18]","[329.6, 20]",147.17,119,54.33,0.36
07:33:16,"[120.0, 25]","[119.0, 60]","[479.29, 34]","[614.07, 29]",299.65,148,359.29,0.15
07:33:17,"[119.6, 30]","[118.54, 100]","[368.11, 38]","[446.16, 37]",243.85,205,248.51,0.27
07:33:18,"[119.38, 32]","[118.12, 156]","[303.25, 32]","[444.04, 27]",211.31,247,183.88,0.52
07:33:19,"[120.71, 7]","[118.12, 104]","[321.29, 28]","[399.08, 26]",221.0,165,200.57,0.35
07:33:20,"[118.38, 127]","[117.82, 92]","[286.27, 44]","[372.11, 38]",202.33,301,167.89,0.46
07:33:21,"[118.16, 151]","[117.44, 73]","[345.82, 44]","[372.35, 52]",231.99,320,227.66,0.4
07:33:22,"[121.07, 44]","[117.97, 146]","[271.35, 48]","[350.24, 42]",196.21,280,150.29,0.36
07:33:23,"[118.0, 126]","[117.0, 36]","[279.0, 39]","[354.84, 31]",198.5,232,161.0,0.4
07:33:24,"[121.86, 98]","[117.93, 172]","[130.21, 56]","[249.29, 35]",126.04,361,8.36,0.5
07:33:25,"[124.85, 41]","[118.24, 37]","[127.18, 44]","[219.47, 38]",126.02,160,2.33,-0.03
07:33:26,"[119.98, 49]","[118.53, 30]","[123.71, 68]","[341.91, 55]",121.84,202,3.73,-0.22
07:33:27,"[120.0, 18]","[119.0, 6]","[123.0, 24]","[414.27, 22]",121.5,70,3.0,-0.31
07:33:28,"[120.0, 27]","[119.0, 9]","[123.0, 36]","[142.33, 36]",121.5,108,3.0,-0.33
07:33:29,"[120.0, 42]","[119.0, 14]","[122.82, 50]","[207.38, 29]",121.41,135,2.82,-0.17
07:33:30,"[119.31, 35]","[118.06, 68]","[121.38, 21]","[133.83, 24]",120.35,148,2.07,0.39
07:33:31,"[118.05, 81]","[117.56, 72]","[120.42, 12]","[293.29, 28]",119.23,193,2.37,0.59
07:33:32,"[117.1, 73]","[53.69, 58]","[228.0, 15]","[346.46, 13]",172.55,159,110.9,0.65
07:33:33,"[117.0, 66]","[47.0, 72]","[282.12, 8]","[334.06, 16]",199.56,162,165.12,0.7
07:33:34,"[119.12, 102]","[92.79, 116]","[481.59, 34]","[622.86, 14]",300.35,266,362.47,0.64
07:33:35,"[123.13, 75]","[119.57, 105]","[303.41, 17]","[411.06, 64]",213.27,261,180.28,0.38
07:33:36,"[123.0, 77]","[117.0, 113]","[246.05, 38]","[324.09, 22]",184.53,250,123.05,0.52
07:33:37,"[123.0, 21]","[117.0, 14]","[204.32, 25]","[258.55, 11]",163.66,71,81.32,-0.01
07:33:38,"[123.0, 39]","[117.0, 47]","[137.86, 42]","[142.69, 59]",130.43,187,14.86,-0.08
07:33:39,"[123.0, 21]","[121.0, 14]","[128.5, 24]","[148.5, 16]",125.75,75,5.5,-0.07
07:33:40,"[123.0, 33]","[121.0, 22]","[127.36, 33]","[185.0, 11]",125.18,99,4.36,0.11
07:33:41,"[123.0, 12]","[121.0, 16]","[126.71, 21]","[152.0, 14]",124.86,63,3.71,-0.11
07:33:42,"[123.57, 21]","[121.2, 20]","[125.09, 22]","[127.0, 33]",124.33,96,1.52,-0.15
07:33:43,"[123.0, 159]","[121.69, 39]","[176.46, 39]","[241.79, 29]",149.73,266,53.46,0.49
07:33:44,"[122.68, 47]","[121.55, 22]","[274.82, 33]","[464.43, 21]",198.75,123,152.14,0.12
07:33:45,"[122.0, 16]","[121.0, 20]","[387.6, 47]","[394.38, 39]",254.8,122,265.6,-0.41
07:33:46,"[117.24, 68]","[87.85, 111]","[322.36, 75]","[424.89, 75]",219.8,329,205.12,0.09
07:33:47,"[117.6, 25]","[107.9, 30]","[371.13, 23]","[468.41, 32]",244.37,110,253.53,0.0
07:33:48,"[123.0, 9]","[121.14, 51]","[290.28, 32]","[357.12, 33]",206.64,125,167.28,-0.04
07:33:49,"[124.79, 28]","[121.48, 21]","[304.5, 32]","[306.0, 40]",214.64,121,179.71,-0.19
07:33:50,"[123.89, 38]","[122.52, 75]","[276.6, 50]","[322.28, 58]",200.25,221,152.71,0.02
07:33:51,"[123.0, 63]","[120.0, 36]","[288.79, 38]","[324.54, 41]",205.89,178,165.79,0.11
07:33:52,"[123.0, 56]","[120.0, 32]","[244.0, 32]","[245.42, 33]",183.5,153,121.0,0.15
07:33:53,"[123.0, 91]","[120.0, 52]","[240.15, 52]","[241.62, 52]",181.58,247,117.15,0.16
07:33:54,"[123.0, 84]","[120.0, 48]","[226.76, 50]","[232.76, 49]",174.88,231,103.76,0.14
07:33:55,"[123.0, 46]","[120.0, 28]","[179.32, 31]","[196.87, 30]",151.16,135,56.32,0.1
07:33:56,"[123.0, 90]","[120.0, 56]","[167.71, 56]","[210.0, 56]",145.36,258,44.71,0.13
07:33:57,"[123.0, 54]","[120.0, 36]","[166.22, 36]","[190.56, 36]",144.61,162,43.22,0.11
07:33:58,"[123.0, 40]","[120.0, 24]","[164.0, 24]","[165.0, 24]",143.5,112,41.0,0.14
07:33:59,"[123.24, 42]","[122.14, 56]","[162.89, 36]","[164.56, 36]",143.06,170,39.65,0.15
07:34:00,"[124.0, 22]","[123.0, 88]","[160.55, 44]","[162.18, 44]",142.27,198,36.55,0.11
07:34:01,"[123.0, 136]","[120.45, 58]","[139.31, 52]","[141.97, 76]",131.15,322,16.31,0.2
07:34:02,"[123.0, 106]","[122.0, 64]","[127.76, 51]","[129.63, 60]",125.38,281,4.76,0.21
07:34:03,"[123.0, 33]","[122.0, 40]","[124.52, 27]","[126.71, 41]",123.76,141,1.52,0.04
07:34:04,"[121.28, 61]","[120.55, 31]","[125.95, 39]","[200.51, 45]",123.61,176,4.67,0.05
07:34:05,"[123.33, 6]","[118.5, 8]","[127.0, 16]","[421.0, 14]",125.17,44,3.67,-0.36
07:34:06,"[125.0, 14]","[120.0, 7]","[127.0, 28]","[506.0, 14]",126.0,63,2.0,-0.33
07:34:07,"[118.93, 59]","[113.29, 14]","[127.0, 48]","[300.63, 27]",122.97,148,8.07,-0.01
07:34:08,"[117.0, 66]","[91.5, 8]","[126.0, 24]","[188.29, 21]",121.5,119,9.0,0.24
07:34:09,"[117.0, 121]","[93.18, 22]","[123.27, 44]","[142.65, 34]",120.14,221,6.27,0.29
07:34:10,"[117.16, 131]","[112.82, 67]","[120.65, 68]","[122.06, 68]",118.9,334,3.49,0.19
07:34:11,"[117.16, 148]","[107.96, 56]","[128.85, 59]","[171.05, 42]",123.0,305,11.69,0.34
07:34:12,"[117.0, 238]","[93.5, 24]","[216.07, 29]","[290.06, 34]",166.53,325,99.07,0.61
07:34:13,"[117.0, 42]","[102.0, 3]","[133.33, 3]","[135.0, 15]",125.17,63,16.33,0.43
07:34:14,"[117.0, 168]","[102.0, 12]","[131.92, 12]","[197.52, 48]",124.46,240,14.92,0.5
07:34:15,"[117.0, 168]","[102.0, 12]","[131.0, 12]","[311.58, 24]",124.0,216,14.0,0.67
07:34:16,"[117.46, 100]","[114.94, 48]","[130.36, 11]","[295.47, 19]",123.91,178,12.9,0.66
07:34:17,"[121.47, 15]","[119.52, 54]","[128.73, 11]","[348.71, 17]",125.1,97,7.26,0.42
07:34:18,"[123.5, 16]","[121.43, 14]","[127.1, 10]","[278.6, 20]",125.3,60,3.6,0.0
07:34:19,"[122.96, 52]","[121.71, 14]","[126.92, 12]","[168.25, 24]",124.94,102,3.96,0.29
07:34:20,"[123.0, 45]","[122.0, 9]","[125.78, 9]","[169.15, 13]",124.39,76,2.78,0.42
07:34:21,"[123.0, 45]","[122.0, 9]","[125.0, 9]","[182.86, 21]",124.0,84,2.0,0.29
07:34:22,"[123.0, 36]","[122.0, 9]","[326.18, 17]","[431.6, 20]",224.59,82,203.18,0.1
07:34:23,"[122.62, 26]","[119.2, 107]","[259.71, 28]","[373.36, 25]",191.16,186,137.1,0.43
07:34:24,"[121.0, 8]","[119.0, 96]","[133.12, 16]","[136.88, 16]",127.06,136,12.12,0.53
07:34:25,"[121.0, 9]","[119.0, 114]","[132.0, 18]","[134.0, 18]",126.5,159,11.0,0.55
07:34:26,"[121.0, 10]","[119.0, 140]","[132.0, 20]","[310.38, 24]",126.5,194,11.0,0.55
07:34:27,"[122.93, 27]","[119.96, 27]","[130.72, 36]","[401.87, 38]",126.82,128,7.8,-0.16
07:34:28,"[122.22, 36]","[121.6, 20]","[128.7, 40]","[130.08, 26]",125.46,122,6.48,-0.08
07:34:29,"[122.0, 40]","[121.0, 10]","[126.4, 20]","[128.0, 40]",124.2,110,4.4,-0.09
07:34:30,"[121.96, 54]","[119.63, 41]","[123.18, 45]","[124.31, 58]",122.57,198,1.21,-0.04
07:34:31,"[119.04, 113]","[118.76, 37]","[121.32, 37]","[135.54, 37]",120.18,224,2.29,0.34
07:34:32,"[119.0, 52]","[118.0, 7]","[163.94, 17]","[260.89, 18]",141.47,94,44.94,0.26
07:34:33,"[119.04, 50]","[118.43, 14]","[198.13, 23]","[401.31, 26]",158.59,113,79.09,0.13
07:34:34,"[121.67, 24]","[119.17, 46]","[322.56, 27]","[600.92, 26]",222.11,123,200.89,0.14
07:34:35,"[123.81, 27]","[122.93, 57]","[493.59, 34]","[598.5, 32]",308.7,150,369.77,0.12
07:34:36,"[123.24, 33]","[120.6, 50]","[225.0, 27]","[289.67, 27]",174.12,137,101.76,0.21
07:34:37,"[122.53, 51]","[118.98, 55]","[260.2, 30]","[410.5, 30]",191.36,166,137.67,0.28
07:34:38,"[119.24, 49]","[118.72, 25]","[464.89, 28]","[586.9, 30]",292.07,132,345.65,0.12
07:34:39,"[121.0, 15]","[119.0, 75]","[543.96, 23]","[554.07, 43]",332.48,156,422.96,0.15
07:34:40,"[119.29, 35]","[118.81, 31]","[292.46, 13]","[301.65, 31]",205.87,110,173.18,0.2
07:34:41,"[120.82, 33]","[119.61, 28]","[216.0, 14]","[293.12, 17]",168.41,92,95.18,0.33
07:34:42,"[123.0, 12]","[120.0, 24]","[245.0, 18]","[291.0, 6]",184.0,60,122.0,0.2
07:34:43,"[123.0, 20]","[120.0, 40]","[213.15, 20]","[244.5, 20]",168.07,100,90.15,0.2
07:34:44,"[104.32, 19]","[76.27, 22]","[231.83, 23]","[350.94, 31]",168.07,95,127.51,-0.14
07:34:45,"[69.0, 21]","[66.14, 14]","[240.0, 22]","[240.5, 28]",154.5,85,171.0,-0.18
07:34:46,"[106.27, 33]","[84.11, 27]","[206.88, 32]","[206.33, 30]",156.57,122,100.6,-0.02
07:34:47,"[112.24, 34]","[101.05, 19]","[128.82, 11]","[161.45, 33]",120.53,97,16.58,0.09
07:34:48,"[120.75, 64]","[101.0, 26]","[124.79, 48]","[159.61, 28]",122.77,166,4.04,0.08
07:34:49,"[119.0, 22]","[82.15, 26]","[121.51, 37]","[122.48, 27]",120.26,112,2.51,-0.14
07:34:50,"[90.08, 26]","[79.92, 25]","[120.85, 55]","[137.57, 53]",105.47,159,30.78,-0.36
07:34:51,"[100.94, 31]","[75.0, 26]","[120.28, 54]","[371.5, 36]",110.61,147,19.34,-0.22
07:34:52,"[111.0, 6]","[90.65, 17]","[120.0, 23]","[218.0, 18]",115.5,64,9.0,-0.28
07:34:53,"[111.0, 6]","[103.0, 18]","[120.0, 14]","[134.0, 18]",115.5,56,9.0,-0.14
07:34:54,"[111.0, 7]","[103.0, 21]","[117.67, 9]","[198.32, 19]",114.33,56,6.67,0.0
07:34:55,"[106.64, 11]","[101.12, 17]","[131.57, 21]","[362.0, 21]",119.1,70,24.94,-0.2
07:34:56,"[91.27, 26]","[66.88, 32]","[114.0, 27]","[132.5, 36]",102.63,121,22.73,-0.04
07:34:57,"[94.0, 7]","[48.12, 25]","[176.4, 15]","[231.0, 15]",135.2,62,82.4,0.03
07:34:58,"[100.8, 25]","[99.75, 20]","[115.0, 20]","[171.6, 42]",107.9,107,14.2,-0.16
07:34:59,"[101.74, 43]","[99.63, 19]","[196.16, 64]","[248.32, 53]",148.95,179,94.41,-0.31
07:35:00,"[110.8, 35]","[66.32, 41]","[214.08, 64]","[253.11, 65]",162.44,205,103.28,-0.26
07:35:01,"[122.92, 36]","[120.4, 48]","[205.0, 36]","[211.91, 44]",163.96,164,82.08,0.02
07:35:02,"[122.0, 21]","[120.0, 7]","[205.0, 21]","[219.0, 35]",163.5,84,83.0,-0.33
07:35:03,"[123.56, 108]","[121.38, 26]","[221.34, 56]","[243.19, 48]",172.45,238,97.78,0.13
07:35:04,"[123.68, 68]","[121.71, 21]","[222.31, 39]","[303.36, 33]",172.99,161,98.63,0.11
07:35:05,"[121.33, 42]","[120.55, 44]","[167.05, 74]","[197.13, 54]",144.19,214,45.72,-0.2
07:35:06,"[119.0, 44]","[117.0, 33]","[122.55, 33]","[240.3, 37]",120.77,147,3.55,0.05
07:35:07,"[119.0, 32]","[112.0, 24]","[121.62, 24]","[177.78, 36]",120.31,116,2.62,-0.03
07:35:08,"[119.0, 44]","[107.08, 26]","[120.18, 33]","[191.22, 49]",119.59,152,1.18,-0.08
07:35:09,"[119.0, 36]","[117.0, 18]","[201.95, 42]","[336.16, 37]",160.48,133,82.95,-0.19
07:35:10,"[118.73, 37]","[113.13, 31]","[200.38, 26]","[361.07, 45]",159.56,139,81.65,-0.02
07:35:11,"[118.2, 10]","[78.39, 38]","[199.0, 20]","[396.0, 30]",158.6,98,80.8,-0.02
07:35:12,"[122.05, 19]","[121.07, 14]","[198.27, 41]","[441.33, 42]",160.16,116,76.22,-0.43
07:35:13,"[119.67, 18]","[83.39, 23]","[198.0, 16]","[199.0, 24]",158.83,81,78.33,0.01
07:35:14,"[115.87, 31]","[79.63, 81]","[196.63, 38]","[439.25, 81]",156.25,231,80.76,-0.03
07:35:15,"[118.77, 13]","[89.83, 69]","[157.22, 18]","[202.97, 32]",138.0,132,38.45,0.24
07:35:16,"[121.0, 8]","[87.0, 56]","[150.58, 12]","[181.0, 12]",135.79,88,29.58,0.45
07:35:17,"[113.53, 80]","[90.82, 124]","[146.28, 25]","[148.14, 29]",129.9,258,32.75,0.58
07:35:18,"[87.25, 64]","[53.75, 106]","[125.07, 27]","[129.33, 24]",106.16,221,37.82,0.54
07:35:19,"[39.58, 64]","[7.57, 92]","[113.07, 30]","[115.18, 51]",76.32,237,73.49,0.32
07:35:20,"[80.6, 70]","[11.36, 33]","[122.5, 20]","[227.03, 37]",101.55,160,41.9,0.29
07:35:21,"[117.33, 45]","[89.55, 115]","[145.13, 30]","[262.0, 63]",131.23,253,27.8,0.26
07:35:22,"[118.0, 39]","[87.49, 37]","[205.0, 47]","[242.88, 59]",161.5,182,87.0,-0.16
07:35:23,"[121.68, 25]","[89.78, 55]","[144.0, 8]","[155.75, 24]",132.84,112,22.32,0.43
07:35:24,"[125.0, 120]","[120.0, 10]","[145.29, 28]","[157.6, 30]",135.14,188,20.29,0.38
07:35:25,"[125.0, 72]","[122.4, 15]","[144.0, 18]","[189.25, 20]",134.5,125,19.0,0.39
07:35:26,"[125.0, 80]","[123.0, 56]","[143.0, 42]","[274.17, 30]",134.0,208,18.0,0.31
07:35:27,"[125.0, 44]","[123.0, 44]","[141.73, 33]","[323.41, 29]",133.36,150,16.73,0.17
07:35:28,"[125.0, 32]","[123.0, 32]","[140.75, 24]","[210.03, 34]",132.88,122,15.75,0.05
07:35:29,"[125.0, 40]","[123.0, 40]","[137.12, 32]","[138.85, 20]",131.06,132,12.12,0.21
07:35:30,"[125.0, 17]","[123.0, 20]","[134.82, 11]","[135.71, 21]",129.91,69,9.82,0.07
07:35:31,"[124.33, 45]","[121.09, 138]","[130.89, 54]","[131.82, 56]",127.61,293,6.56,0.25
07:35:32,"[122.56, 36]","[121.02, 92]","[125.56, 25]","[126.03, 31]",124.06,184,3.0,0.39
07:35:33,"[121.0, 80]","[120.0, 13]","[124.09, 33]","[127.4, 48]",122.55,174,3.09,0.07
07:35:34,"[122.5, 24]","[120.8, 15]","[125.0, 37]","[127.82, 44]",123.75,120,2.5,-0.35
07:35:35,"[120.8, 15]","[118.8, 15]","[289.67, 33]","[482.53, 19]",205.23,82,168.87,-0.27
07:35:36,"[118.67, 18]","[117.47, 38]","[494.38, 16]","[686.18, 22]",306.52,94,375.71,0.19
07:35:37,"[118.96, 68]","[117.89, 44]","[204.29, 28]","[259.5, 24]",161.62,164,85.33,0.37
07:35:38,"[119.0, 58]","[118.0, 36]","[197.04, 23]","[202.18, 22]",158.02,139,78.04,0.35
07:35:39,"[119.28, 32]","[117.7, 33]","[134.2, 25]","[139.76, 21]",126.74,111,14.92,0.17
07:35:40,"[121.55, 47]","[119.0, 25]","[130.0, 30]","[131.0, 30]",125.78,132,8.45,0.09
07:35:41,"[122.0, 60]","[118.88, 48]","[128.7, 20]","[131.0, 20]",125.35,148,6.7,0.46
07:35:42,"[121.82, 98]","[118.98, 98]","[127.18, 34]","[128.88, 34]",124.5,264,5.36,0.48
07:35:43,"[119.0, 60]","[118.0, 20]","[124.7, 20]","[125.8, 20]",121.85,120,5.7,0.33
07:35:44,"[119.0, 54]","[118.0, 18]","[121.11, 18]","[122.44, 18]",120.06,108,2.11,0.33
07:35:45,"[119.67, 36]","[117.41, 49]","[121.5, 20]","[209.0, 10]",120.58,115,1.83,0.48
07:35:46,"[121.9, 20]","[117.09, 90]","[209.0, 9]","[259.6, 15]",165.45,134,87.1,0.64
07:35:47,"[117.47, 68]","[101.25, 65]","[205.52, 46]","[251.33, 30]",161.5,209,88.05,0.27
07:35:48,"[122.09, 22]","[121.29, 14]","[188.27, 44]","[196.6, 40]",155.18,120,66.18,-0.4
07:35:49,"[122.83, 12]","[118.81, 31]","[188.0, 40]","[274.25, 20]",155.42,103,65.17,-0.17
07:35:50,"[118.33, 18]","[113.22, 18]","[180.93, 29]","[197.77, 26]",149.63,91,62.6,-0.21
07:35:51,"[117.0, 38]","[86.28, 65]","[140.56, 18]","[184.81, 42]",128.78,163,23.56,0.26
07:35:52,"[122.0, 11]","[117.0, 44]","[139.91, 44]","[141.0, 11]",130.95,110,17.91,0.0
07:35:53,"[117.52, 29]","[95.06, 96]","[138.19, 64]","[204.06, 16]",127.85,205,20.67,0.22
07:35:54,"[117.91, 23]","[96.65, 46]","[135.94, 72]","[223.33, 18]",126.93,159,18.03,-0.13
07:35:55,"[117.67, 36]","[110.0, 48]","[134.08, 48]","[266.92, 12]",125.88,144,16.42,0.17
07:35:56,"[118.14, 14]","[112.97, 35]","[131.78, 36]","[150.6, 20]",124.96,105,13.63,-0.07
07:35:57,"[117.0, 21]","[101.74, 38]","[133.86, 28]","[159.93, 15]",125.43,102,16.86,0.16
07:35:58,"[117.0, 18]","[90.33, 12]","[132.83, 24]","[153.0, 30]",124.92,84,15.83,-0.29
07:35:59,"[119.86, 21]","[106.2, 15]","[132.0, 24]","[153.0, 30]",125.93,90,12.14,-0.2
07:36:00,"[117.0, 30]","[112.58, 110]","[130.91, 46]","[136.55, 44]",123.96,230,13.91,0.22
07:36:01,"[117.0, 36]","[113.0, 144]","[128.17, 48]","[269.85, 48]",122.58,276,11.17,0.3
07:36:02,"[120.14, 14]","[114.9, 29]","[128.0, 36]","[293.47, 34]",124.07,113,7.86,-0.24
07:36:03,"[117.14, 14]","[90.65, 43]","[126.56, 64]","[176.13, 62]",121.85,183,9.42,-0.38
07:36:04,"[83.83, 12]","[33.29, 89]","[122.63, 43]","[123.77, 56]",103.23,200,38.79,0.01
07:36:05,"[106.23, 73]","[75.14, 70]","[116.46, 39]","[117.44, 27]",111.35,209,10.23,0.37
07:36:06,"[107.43, 224]","[106.0, 126]","[113.54, 50]","[114.65, 46]",110.48,446,6.11,0.57
07:36:07,"[108.57, 224]","[90.71, 153]","[111.29, 24]","[112.93, 57]",109.93,458,2.72,0.65
07:36:08,"[107.14, 139]","[44.7, 61]","[112.0, 29]","[113.1, 40]",109.57,269,4.86,0.49
07:36:09,"[103.79, 196]","[101.96, 149]","[111.21, 56]","[113.0, 14]",107.5,415,7.43,0.66
07:36:10,"[108.11, 133]","[106.0, 285]","[110.0, 76]","[112.78, 23]",109.05,517,1.89,0.62
07:36:11,"[110.01, 85]","[103.32, 31]","[111.86, 50]","[112.88, 17]",110.94,183,1.85,0.27
07:36:12,"[111.24, 58]","[108.28, 81]","[113.0, 11]","[114.0, 33]",112.12,183,1.76,0.52
07:36:13,"[112.71, 28]","[102.61, 18]","[114.0, 8]","[114.88, 8]",113.36,62,1.29,0.48
07:36:14,"[113.0, 63]","[112.0, 14]","[115.0, 7]","[117.0, 7]",114.0,91,2.0,0.69
07:36:15,"[114.33, 69]","[111.29, 42]","[225.4, 25]","[340.3, 23]",169.87,159,111.07,0.4
07:36:16,"[122.42, 12]","[121.0, 30]","[230.86, 42]","[403.89, 27]",176.64,111,108.44,-0.24
07:36:17,"[124.0, 9]","[121.0, 45]","[271.44, 27]","[473.55, 22]",197.72,103,147.44,0.05
07:36:18,"[124.43, 7]","[121.0, 35]","[336.24, 17]","[526.0, 18]",230.33,77,211.81,0.09
07:36:19,"[125.0, 9]","[121.0, 45]","[372.57, 21]","[512.27, 22]",248.79,97,247.57,0.11
07:36:20,"[125.0, 12]","[121.0, 66]","[252.0, 25]","[489.0, 35]",188.5,138,127.0,0.13
07:36:21,"[121.04, 101]","[120.09, 121]","[211.09, 22]","[347.21, 28]",166.07,272,90.05,0.63
07:36:22,"[121.09, 45]","[120.04, 92]","[208.0, 18]","[324.67, 24]",164.54,179,86.91,0.53
07:36:23,"[125.0, 8]","[121.0, 32]","[208.0, 16]","[275.91, 22]",166.5,78,83.0,0.03
07:36:24,"[125.0, 8]","[121.0, 32]","[211.38, 16]","[240.62, 16]",168.19,72,86.38,0.11
07:36:25,"[120.6, 63]","[119.76, 79]","[164.89, 18]","[278.8, 20]",142.75,180,44.29,0.58
07:36:26,"[121.0, 69]","[120.0, 121]","[249.41, 34]","[383.96, 28]",185.21,252,128.41,0.51
07:36:27,"[121.0, 65]","[120.0, 143]","[357.31, 52]","[500.25, 28]",239.15,288,236.31,0.44
07:36:28,"[121.0, 55]","[120.0, 121]","[334.9, 40]","[389.62, 26]",227.95,242,213.9,0.45
07:36:29,"[120.73, 74]","[119.9, 172]","[285.01, 71]","[310.21, 58]",202.87,375,164.28,0.31
07:36:30,"[120.16, 100]","[119.26, 109]","[246.7, 63]","[336.91, 46]",183.43,318,126.54,0.31
07:36:31,"[124.1, 10]","[122.88, 17]","[246.27, 44]","[379.03, 37]",185.19,108,122.17,-0.5
07:36:32,"[125.0, 9]","[123.0, 18]","[223.0, 45]","[419.11, 36]",174.0,108,98.0,-0.5
07:36:33,"[121.11, 18]","[119.45, 71]","[222.18, 55]","[434.25, 48]",171.65,192,101.07,-0.07
07:36:34,"[120.0, 24]","[119.0, 126]","[184.02, 58]","[200.4, 50]",152.01,258,64.02,0.16
07:36:35,"[120.0, 4]","[119.0, 22]","[155.0, 10]","[156.0, 8]",137.5,44,35.0,0.18
07:36:36,"[120.0, 22]","[119.0, 85]","[155.0, 55]","[281.0, 44]",137.5,206,35.0,0.04
07:36:37,"[120.0, 10]","[119.0, 34]","[155.0, 25]","[365.0, 20]",137.5,89,35.0,-0.01
07:36:38,"[119.18, 56]","[118.29, 70]","[153.31, 65]","[180.79, 63]",136.24,254,34.13,-0.01
07:36:39,"[119.47, 38]","[118.52, 62]","[152.0, 70]","[153.0, 70]",135.74,240,32.53,-0.17
07:36:40,"[119.0, 33]","[118.0, 55]","[149.41, 51]","[150.64, 39]",134.21,178,30.41,-0.01
07:36:41,"[120.64, 33]","[118.73, 37]","[145.51, 41]","[146.26, 47]",133.07,158,24.88,-0.11
07:36:42,"[119.22, 27]","[118.05, 63]","[141.91, 53]","[143.53, 57]",130.56,200,22.68,-0.1
07:36:43,"[119.89, 36]","[118.07, 54]","[135.96, 50]","[136.78, 58]",127.92,198,16.07,-0.09
07:36:44,"[121.07, 89]","[119.23, 52]","[129.6, 42]","[130.84, 50]",125.33,233,8.53,0.21
07:36:45,"[121.75, 48]","[120.09, 66]","[124.29, 35]","[126.69, 35]",123.02,184,2.54,0.24
07:36:46,"[119.29, 35]","[117.92, 65]","[122.84, 31]","[123.88, 34]",121.06,165,3.55,0.21
07:36:47,"[119.0, 16]","[117.17, 24]","[121.12, 24]","[122.65, 17]",120.06,81,2.12,-0.01
07:36:48,"[117.22, 32]","[113.17, 60]","[119.25, 36]","[271.91, 35]",118.23,163,2.03,0.13
07:36:49,"[117.0, 19]","[86.0, 45]","[124.29, 17]","[155.74, 19]",120.65,100,7.29,0.28
07:36:50,"[111.71, 38]","[71.35, 106]","[143.73, 22]","[176.0, 28]",127.72,194,32.02,0.48
07:36:51,"[119.64, 33]","[103.5, 36]","[142.94, 48]","[159.37, 38]",131.29,155,23.3,-0.11
07:36:52,"[83.78, 50]","[65.77, 87]","[132.83, 60]","[200.61, 41]",108.31,238,49.05,0.15
07:36:53,"[111.44, 79]","[95.73, 49]","[114.36, 44]","[122.65, 51]",112.9,223,2.92,0.15
07:36:54,"[106.05, 117]","[46.62, 52]","[114.41, 54]","[125.73, 41]",110.23,264,8.36,0.28
07:36:55,"[107.47, 115]","[84.3, 53]","[115.0, 84]","[180.15, 26]",111.23,278,7.53,0.21
07:36:56,"[106.54, 41]","[79.39, 84]","[510.43, 35]","[619.44, 18]",308.48,178,403.89,0.4
07:36:57,"[120.67, 60]","[97.85, 65]","[399.3, 30]","[501.23, 22]",259.98,177,278.63,0.41
07:36:58,"[121.46, 119]","[120.0, 60]","[339.53, 45]","[573.35, 17]",230.5,241,218.07,0.49
07:36:59,"[122.98, 47]","[121.67, 43]","[510.35, 34]","[617.74, 34]",316.67,158,387.37,0.14
07:37:00,"[124.43, 28]","[123.0, 14]","[285.57, 21]","[444.0, 23]",205.0,86,161.14,-0.02
07:37:01,"[125.0, 34]","[123.0, 18]","[185.47, 34]","[245.48, 29]",155.24,115,60.47,-0.1
07:37:02,"[125.0, 20]","[123.0, 26]","[182.27, 26]","[183.38, 34]",153.63,106,57.27,-0.13
07:37:03,"[125.0, 25]","[123.0, 65]","[178.11, 38]","[179.05, 37]",151.55,165,53.11,0.09
07:37:04,"[123.5, 12]","[122.19, 78]","[174.33, 33]","[175.0, 35]",148.92,158,50.83,0.14
07:37:05,"[122.39, 23]","[121.77, 71]","[170.09, 34]","[171.4, 40]",146.24,168,47.7,0.12
07:37:06,"[122.0, 35]","[120.0, 20]","[168.15, 13]","[170.0, 18]",145.08,86,46.15,0.28
07:37:07,"[122.0, 42]","[120.0, 24]","[165.5, 12]","[168.0, 18]",143.75,96,43.5,0.38
07:37:08,"[122.0, 70]","[120.0, 40]","[158.15, 27]","[166.8, 25]",140.07,162,36.15,0.36
07:37:09,"[121.22, 51]","[119.8, 25]","[163.79, 28]","[164.73, 22]",142.5,126,42.57,0.21
07:37:10,"[121.91, 198]","[120.0, 44]","[162.0, 22]","[164.0, 33]",141.95,297,40.09,0.63
07:37:11,"[122.0, 270]","[120.38, 29]","[161.3, 40]","[163.07, 43]",141.65,382,39.3,0.57
07:37:12,"[122.02, 254]","[121.49, 74]","[157.2, 55]","[158.7, 43]",139.61,426,35.18,0.54
07:37:13,"[122.09, 105]","[121.79, 68]","[153.75, 32]","[155.36, 22]",137.92,227,31.66,0.52
07:37:14,"[122.0, 255]","[121.0, 30]","[141.0, 52]","[146.52, 42]",131.5,379,19.0,0.5
07:37:15,"[122.0, 204]","[121.0, 24]","[126.27, 33]","[128.0, 33]",124.14,294,4.27,0.55
07:37:16,"[122.09, 127]","[121.81, 74]","[123.94, 32]","[127.31, 29]",123.02,262,1.84,0.53
07:37:17,"[122.04, 157]","[120.86, 175]","[124.0, 42]","[223.52, 67]",123.02,441,1.96,0.51
07:37:18,"[122.05, 183]","[119.39, 349]","[197.13, 23]","[219.06, 62]",159.59,617,75.08,0.72
07:37:19,"[122.0, 140]","[119.0, 240]","[155.05, 22]","[264.05, 38]",138.52,440,33.05,0.73
07:37:20,"[122.0, 126]","[119.0, 216]","[183.45, 29]","[215.64, 25]",152.72,396,61.45,0.73
07:37:21,"[122.0, 44]","[119.0, 96]","[181.25, 20]","[183.0, 4]",151.62,164,59.25,0.71
07:37:22,"[122.0, 121]","[119.0, 264]","[179.89, 47]","[181.16, 19]",150.95,451,57.89,0.71
07:37:23,"[122.0, 121]","[119.0, 264]","[178.48, 31]","[179.07, 43]",150.24,459,56.48,0.68
07:37:24,"[122.84, 55]","[119.94, 100]","[177.25, 28]","[178.22, 46]",150.04,229,54.41,0.35
07:37:25,"[124.43, 28]","[123.0, 35]","[174.82, 11]","[176.94, 31]",149.62,105,50.39,0.2
07:37:26,"[125.0, 56]","[123.0, 70]","[167.84, 44]","[169.03, 30]",146.42,200,42.84,0.26
07:37:27,"[125.0, 44]","[123.0, 55]","[163.87, 45]","[165.31, 29]",144.43,173,38.87,0.14
07:37:28,"[125.0, 15]","[123.0, 75]","[160.47, 59]","[161.23, 61]",142.74,210,35.47,-0.14
07:37:29,"[124.55, 22]","[122.97, 88]","[141.07, 43]","[154.03, 59]",132.81,212,16.52,0.04
07:37:30,"[123.16, 76]","[122.26, 57]","[125.38, 42]","[130.45, 53]",124.27,228,2.22,0.17
07:37:31,"[123.0, 21]","[122.0, 27]","[124.0, 18]","[125.0, 27]",123.5,93,1.0,0.03
07:37:32,"[122.22, 18]","[121.18, 68]","[124.75, 32]","[168.9, 20]",123.49,138,2.53,0.25
07:37:33,"[121.25, 24]","[120.41, 102]","[190.89, 27]","[292.17, 36]",156.07,189,69.64,0.33
07:37:34,"[121.0, 12]","[120.0, 40]","[272.0, 4]","[279.19, 16]",196.5,72,151.0,0.44
07:37:35,"[121.05, 19]","[120.05, 63]","[271.0, 7]","[410.14, 7]",196.03,96,149.95,0.71
07:37:36,"[124.62, 8]","[121.7, 10]","[245.45, 20]","[335.09, 11]",185.04,49,120.82,-0.27
07:37:37,"[123.0, 18]","[120.03, 93]","[239.25, 12]","[411.51, 45]",181.12,168,116.25,0.32
07:37:38,"[125.0, 24]","[121.0, 8]","[237.38, 8]","[376.38, 32]",181.19,72,112.38,-0.11
07:37:39,"[125.0, 12]","[121.0, 6]","[236.5, 6]","[373.33, 24]",180.75,48,111.5,-0.25
07:37:40,"[125.0, 12]","[121.0, 6]","[227.44, 9]","[532.9, 21]",176.22,48,102.44,-0.25
07:37:41,"[125.0, 12]","[121.0, 6]","[234.0, 6]","[570.33, 24]",179.5,48,109.0,-0.25
07:37:42,"[125.0, 12]","[121.0, 6]","[218.11, 9]","[496.05, 21]",171.56,48,93.11,-0.25
07:37:43,"[123.0, 9]","[120.5, 6]","[232.5, 6]","[572.5, 24]",177.75,45,109.5,-0.33
07:37:44,"[122.62, 16]","[121.87, 23]","[204.62, 13]","[339.5, 22]",163.62,74,81.99,0.05
07:37:45,"[123.0, 9]","[122.0, 18]","[128.86, 37]","[168.89, 9]",125.93,73,5.86,-0.26
07:37:46,"[123.0, 8]","[122.0, 16]","[125.5, 8]","[325.24, 21]",124.25,53,2.5,-0.09
07:37:47,"[124.6, 15]","[122.5, 12]","[387.62, 13]","[733.5, 30]",256.11,70,263.02,-0.23
07:37:48,"[125.0, 14]","[123.0, 7]","[268.8, 25]","[457.44, 18]",196.9,64,143.8,-0.34
07:37:49,"[125.0, 8]","[123.0, 4]","[215.2, 10]","[340.55, 11]",170.1,33,90.2,-0.27
07:37:50,"[125.0, 14]","[123.0, 4]","[192.0, 16]","[219.4, 10]",158.5,44,67.0,-0.18
07:37:51,"[122.46, 13]","[119.84, 19]","[166.97, 31]","[168.07, 29]",144.71,92,44.51,-0.3
07:37:52,"[120.0, 7]","[119.0, 28]","[163.53, 34]","[165.17, 29]",141.76,98,43.53,-0.29
07:37:53,"[122.57, 56]","[119.62, 39]","[160.57, 30]","[162.12, 33]",141.57,158,38.0,0.2
07:37:54,"[123.0, 100]","[119.5, 36]","[158.0, 45]","[158.89, 45]",140.5,226,35.0,0.2
07:37:55,"[123.0, 63]","[119.44, 27]","[155.91, 44]","[157.32, 47]",139.45,181,32.91,-0.01
07:37:56,"[123.0, 32]","[120.0, 22]","[153.09, 44]","[154.18, 44]",138.05,142,30.09,-0.24
07:37:57,"[123.0, 16]","[120.0, 16]","[142.63, 35]","[151.0, 32]",132.81,99,19.63,-0.35
07:37:58,"[123.0, 12]","[120.0, 12]","[131.0, 26]","[134.43, 28]",127.0,78,8.0,-0.38
07:37:59,"[120.0, 32]","[118.29, 56]","[127.41, 54]","[128.67, 51]",123.7,193,7.41,-0.09
07:38:00,"[119.0, 27]","[118.0, 78]","[124.25, 48]","[126.85, 52]",121.62,205,5.25,0.02
07:38:01,"[118.71, 28]","[117.91, 66]","[121.38, 52]","[123.78, 55]",120.05,201,2.67,-0.06
07:38:02,"[98.33, 27]","[74.29, 51]","[116.76, 29]","[199.0, 24]",107.55,131,18.43,0.19
07:38:03,"[36.29, 68]","[23.12, 77]","[111.96, 47]","[113.69, 26]",74.13,218,75.66,0.33
07:38:04,"[16.95, 38]","[11.74, 38]","[111.75, 16]","[114.0, 8]",64.35,100,94.8,0.52
07:38:05,"[67.71, 78]","[31.67, 60]","[263.54, 24]","[309.42, 19]",165.62,181,195.84,0.52
07:38:06,"[120.0, 36]","[55.5, 20]","[204.67, 6]","[285.4, 10]",162.33,72,84.67,0.56
07:38:07,"[120.0, 90]","[107.38, 32]","[203.09, 11]","[204.89, 19]",161.55,152,83.09,0.61
07:38:08,"[120.0, 61]","[113.0, 30]","[121.7, 20]","[158.06, 17]",120.85,128,1.7,0.42
07:38:09,"[120.0, 3]","[113.0, 9]","[121.0, 6]","[203.0, 3]",120.5,21,1.0,0.14
07:38:10,"[120.0, 5]","[115.67, 18]","[121.0, 10]","[203.0, 5]",120.5,38,1.0,0.21
07:38:11,"[120.84, 32]","[101.19, 52]","[244.58, 26]","[463.32, 22]",182.71,132,123.73,0.27
07:38:12,"[125.0, 11]","[117.0, 20]","[229.0, 15]","[605.0, 10]",177.0,56,104.0,0.11
07:38:13,"[123.33, 12]","[117.67, 18]","[419.17, 12]","[691.4, 10]",271.25,52,295.83,0.15
07:38:14,"[123.57, 21]","[117.78, 23]","[495.0, 12]","[580.0, 12]",309.29,68,371.43,0.29
07:38:15,"[127.0, 30]","[123.0, 15]","[496.0, 10]","[535.0, 10]",311.5,65,369.0,0.38
07:38:16,"[127.0, 48]","[123.0, 24]","[547.25, 16]","[634.14, 21]",337.12,109,420.25,0.32
07:38:17,"[127.0, 26]","[124.05, 19]","[306.0, 15]","[533.0, 10]",216.5,70,179.0,0.29
07:38:18,"[125.0, 35]","[123.0, 21]","[306.0, 21]","[481.86, 14]",215.5,91,181.0,0.23
07:38:19,"[125.0, 40]","[123.0, 24]","[427.91, 23]","[631.67, 18]",276.46,105,302.91,0.22
07:38:20,"[125.0, 82]","[123.0, 42]","[333.12, 49]","[396.62, 42]",229.06,215,208.12,0.15
07:38:21,"[125.0, 68]","[123.0, 36]","[250.45, 33]","[288.6, 45]",187.73,182,125.45,0.14
07:38:22,"[125.0, 44]","[123.0, 33]","[151.25, 24]","[224.84, 37]",138.12,138,26.25,0.12
07:38:23,"[125.0, 38]","[123.0, 42]","[158.33, 27]","[337.06, 36]",141.67,143,33.33,0.12
07:38:24,"[124.64, 33]","[122.74, 61]","[171.64, 25]","[276.42, 38]",148.14,157,47.0,0.2
07:38:25,"[123.0, 24]","[122.0, 64]","[169.62, 24]","[170.8, 20]",146.31,132,46.62,0.33
07:38:26,"[123.0, 24]","[122.0, 64]","[169.12, 24]","[237.25, 12]",146.06,124,46.12,0.42
07:38:27,"[123.0, 46]","[122.0, 96]","[168.25, 36]","[379.06, 16]",145.62,194,45.25,0.46
07:38:28,"[123.0, 34]","[122.0, 80]","[165.3, 30]","[208.0, 10]",144.15,154,42.3,0.48
07:38:29,"[122.87, 39]","[121.97, 99]","[152.0, 39]","[345.55, 33]",137.44,210,29.13,0.31
07:38:30,"[122.0, 57]","[121.0, 36]","[164.0, 36]","[361.87, 15]",143.0,144,42.0,0.29
07:38:31,"[122.0, 32]","[121.0, 24]","[164.0, 24]","[312.0, 8]",143.0,88,42.0,0.27
07:38:32,"[122.87, 46]","[121.23, 35]","[163.0, 33]","[331.0, 11]",142.93,125,40.13,0.3
07:38:33,"[122.0, 26]","[121.0, 30]","[156.64, 33]","[236.65, 26]",139.32,115,34.64,-0.03
07:38:34,"[123.96, 23]","[121.33, 18]","[148.0, 28]","[161.0, 21]",135.98,90,24.04,-0.09
07:38:35,"[125.0, 50]","[122.0, 20]","[161.0, 30]","[259.67, 36]",143.0,136,36.0,0.03
07:38:36,"[125.0, 80]","[122.0, 32]","[161.0, 48]","[191.0, 48]",143.0,208,36.0,0.08
07:38:37,"[125.0, 50]","[122.0, 20]","[160.7, 30]","[323.89, 37]",142.85,137,35.7,0.02
07:38:38,"[125.0, 80]","[122.0, 32]","[156.5, 38]","[161.95, 41]",140.75,191,31.5,0.17
07:38:39,"[125.0, 126]","[121.69, 35]","[152.4, 40]","[153.85, 40]",138.7,241,27.4,0.34
07:38:40,"[125.0, 112]","[122.0, 16]","[149.32, 38]","[150.19, 42]",137.16,208,24.32,0.23
07:38:41,"[125.0, 140]","[122.0, 13]","[147.62, 32]","[148.83, 36]",136.31,221,22.62,0.38
07:38:42,"[125.0, 211]","[122.0, 16]","[145.14, 50]","[146.28, 53]",135.07,330,20.14,0.38
07:38:43,"[125.0, 169]","[122.0, 13]","[140.1, 29]","[141.59, 37]",132.55,248,15.1,0.47
07:38:44,"[125.0, 114]","[122.0, 11]","[133.84, 32]","[135.45, 31]",129.42,188,8.84,0.33
07:38:45,"[125.0, 100]","[122.93, 69]","[130.04, 47]","[131.47, 43]",127.52,259,5.04,0.31
07:38:46,"[125.0, 88]","[123.38, 64]","[127.5, 24]","[128.47, 34]",126.25,210,2.5,0.45
07:38:47,"[124.82, 44]","[123.67, 48]","[126.0, 20]","[146.29, 34]",125.41,146,1.18,0.26
07:38:48,"[123.2, 60]","[122.84, 38]","[280.25, 12]","[482.8, 10]",201.72,120,157.05,0.63
07:38:49,"[123.0, 71]","[122.0, 9]","[191.0, 9]","[347.67, 9]",157.0,98,68.0,0.63
07:38:50,"[124.0, 42]","[122.93, 45]","[342.78, 9]","[385.0, 9]",233.39,105,218.78,0.66
07:38:51,"[123.58, 55]","[122.8, 35]","[211.18, 11]","[349.82, 11]",167.38,112,87.6,0.61
07:38:52,"[123.0, 25]","[122.0, 5]","[160.2, 5]","[353.8, 5]",141.6,40,37.2,0.5
07:38:53,"[122.6, 15]","[121.33, 6]","[160.0, 5]","[457.33, 9]",141.3,35,37.4,0.2
07:38:54,"[122.78, 54]","[120.86, 28]","[158.2, 10]","[458.77, 26]",140.49,118,35.42,0.39
07:38:55,"[123.0, 54]","[121.11, 27]","[156.56, 9]","[461.1, 21]",139.78,111,33.56,0.46
07:38:56,"[123.0, 42]","[122.0, 21]","[156.0, 7]","[475.0, 21]",139.5,91,33.0,0.38
07:38:57,"[123.0, 52]","[122.0, 30]","[184.83, 12]","[434.14, 28]",153.92,122,61.83,0.34
07:38:58,"[123.0, 63]","[122.0, 39]","[255.14, 50]","[260.45, 55]",189.07,207,132.14,-0.01
07:38:59,"[123.0, 18]","[122.0, 18]","[250.57, 21]","[254.14, 21]",186.79,78,127.57,-0.08
07:39:00,"[123.0, 42]","[122.0, 42]","[169.27, 48]","[193.69, 35]",146.14,167,46.27,0.01
07:39:01,"[122.11, 57]","[120.71, 62]","[126.09, 55]","[129.43, 44]",124.1,218,3.99,0.09
07:39:02,"[121.0, 132]","[119.69, 26]","[122.96, 50]","[160.14, 35]",121.98,243,1.96,0.3
07:39:03,"[120.21, 42]","[118.6, 45]","[175.7, 33]","[252.81, 16]",147.96,136,55.48,0.28
07:39:04,"[122.37, 19]","[119.2, 25]","[186.78, 18]","[232.38, 13]",154.57,75,64.41,0.17
07:39:05,"[118.99, 85]","[117.92, 49]","[174.29, 49]","[196.14, 70]",146.64,253,55.3,0.06
07:39:06,"[123.77, 26]","[119.56, 27]","[182.0, 23]","[573.42, 48]",152.88,124,58.23,-0.15
07:39:07,"[125.0, 14]","[123.0, 14]","[184.29, 14]","[631.68, 19]",154.64,61,59.29,-0.08
07:39:08,"[125.0, 10]","[123.0, 10]","[183.0, 10]","[350.4, 5]",154.0,35,58.0,0.14
07:39:09,"[124.71, 14]","[122.25, 16]","[168.0, 25]","[255.33, 27]",146.36,82,43.29,-0.27
07:39:10,"[123.0, 9]","[120.0, 18]","[173.4, 10]","[204.67, 21]",148.2,58,50.4,-0.07
07:39:11,"[123.0, 10]","[120.0, 20]","[178.67, 12]","[205.44, 18]",150.83,60,55.67,0.0
07:39:12,"[124.14, 14]","[120.5, 24]","[180.37, 27]","[290.26, 19]",152.26,84,56.23,-0.1
07:39:13,"[123.0, 12]","[120.83, 48]","[177.25, 24]","[303.88, 32]",150.12,116,54.25,0.03
07:39:14,"[121.62, 26]","[121.0, 22]","[176.5, 20]","[543.3, 10]",149.06,78,54.88,0.23
07:39:15,"[121.0, 48]","[120.0, 24]","[166.33, 18]","[221.71, 42]",143.67,132,45.33,0.09
07:39:16,"[122.2, 10]","[120.25, 16]","[176.0, 20]","[206.36, 42]",149.1,88,53.8,-0.41
07:39:17,"[121.0, 10]","[120.0, 20]","[163.09, 23]","[239.53, 15]",142.04,68,42.09,-0.12
07:39:18,"[125.0, 24]","[121.0, 12]","[246.2, 15]","[363.79, 52]",185.6,103,121.2,-0.3
07:39:19,"[125.0, 28]","[121.0, 14]","[275.8, 40]","[280.83, 46]",200.4,128,150.8,-0.34
07:39:20,"[119.12, 101]","[118.04, 67]","[176.26, 27]","[185.85, 33]",147.69,228,57.14,0.47
07:39:21,"[119.0, 108]","[118.0, 72]","[182.75, 24]","[184.0, 24]",150.88,228,63.75,0.58
07:39:22,"[119.0, 135]","[118.0, 90]","[180.6, 30]","[181.67, 30]",149.8,285,61.6,0.58
07:39:23,"[119.0, 82]","[118.0, 60]","[177.21, 38]","[178.4, 20]",148.11,200,58.21,0.42
07:39:24,"[119.79, 80]","[119.05, 107]","[173.25, 52]","[175.52, 77]",146.52,316,53.46,0.18
07:39:25,"[120.0, 55]","[119.0, 66]","[168.61, 36]","[170.35, 40]",144.31,197,48.61,0.23
07:39:26,"[120.0, 70]","[119.0, 84]","[157.86, 70]","[162.11, 37]",138.93,261,37.86,0.18
07:39:27,"[120.0, 85]","[118.28, 92]","[121.81, 52]","[124.27, 70]",120.9,299,1.81,0.18
07:39:28,"[120.0, 21]","[119.0, 13]","[279.15, 65]","[458.73, 48]",199.58,147,159.15,-0.54
07:39:29,"[119.5, 6]","[118.14, 21]","[145.0, 17]","[391.5, 24]",132.25,68,25.5,-0.21
07:39:30,"[119.0, 11]","[118.0, 66]","[120.0, 22]","[121.0, 44]",119.5,143,1.0,0.08
07:39:31,"[118.75, 16]","[117.91, 64]","[120.14, 28]","[134.49, 53]",119.45,161,1.39,-0.01
07:39:32,"[118.0, 26]","[117.0, 60]","[130.11, 37]","[526.29, 49]",124.05,172,12.11,0.0
07:39:33,"[117.78, 36]","[113.0, 62]","[145.33, 9]","[208.54, 39]",131.56,146,27.56,0.34
07:39:34,"[117.0, 80]","[96.06, 17]","[144.8, 10]","[262.0, 50]",130.9,157,27.8,0.24
07:39:35,"[117.77, 78]","[115.51, 47]","[143.0, 12]","[237.12, 59]",130.38,196,25.23,0.28
07:39:36,"[120.41, 81]","[117.0, 90]","[141.03, 38]","[141.15, 27]",130.72,236,20.62,0.45
07:39:37,"[121.59, 51]","[117.97, 95]","[138.36, 33]","[139.56, 32]",129.98,211,16.78,0.38
07:39:38,"[123.0, 210]","[122.0, 42]","[136.98, 45]","[137.65, 40]",129.99,337,13.98,0.5
07:39:39,"[123.0, 240]","[122.0, 56]","[132.04, 51]","[133.66, 41]",127.52,388,9.04,0.53
07:39:40,"[123.07, 83]","[122.76, 87]","[127.72, 47]","[127.62, 26]",125.4,243,4.65,0.4
07:39:41,"[123.31, 111]","[121.6, 40]","[130.68, 57]","[214.49, 61]",127.0,269,7.38,0.12
07:39:42,"[125.0, 80]","[122.0, 27]","[474.78, 45]","[558.0, 36]",299.89,188,349.78,0.14
07:39:43,"[125.0, 94]","[122.0, 33]","[354.52, 46]","[536.47, 51]",239.76,224,229.52,0.13
07:39:44,"[125.0, 110]","[122.0, 33]","[198.0, 44]","[355.0, 44]",161.5,231,73.0,0.24
07:39:45,"[125.0, 90]","[122.0, 27]","[161.11, 36]","[503.86, 37]",143.06,190,36.11,0.23
07:39:46,"[125.0, 98]","[122.0, 33]","[158.0, 44]","[231.0, 14]",141.5,189,33.0,0.39
07:39:47,"[125.0, 49]","[122.32, 22]","[158.0, 48]","[275.27, 15]",141.5,134,33.0,0.06
07:39:48,"[125.0, 33]","[123.0, 11]","[126.22, 23]","[233.46, 26]",125.61,93,1.22,-0.05
07:39:49,"[125.0, 60]","[123.0, 8]","[126.0, 24]","[183.25, 8]",125.5,100,1.0,0.36
07:39:50,"[125.0, 52]","[123.0, 15]","[179.97, 29]","[272.11, 45]",152.48,141,54.97,-0.05
07:39:51,"[125.0, 6]","[123.0, 6]","[216.5, 8]","[221.45, 22]",170.75,42,91.5,-0.43
07:39:52,"[125.0, 9]","[123.0, 9]","[210.44, 18]","[223.71, 34]",167.72,70,85.44,-0.49
07:39:53,"[125.0, 13]","[123.0, 53]","[132.62, 26]","[176.88, 34]",128.81,126,7.62,0.05
07:39:54,"[125.0, 12]","[123.0, 72]","[130.83, 24]","[260.5, 48]",127.92,156,5.83,0.08
07:39:55,"[125.0, 46]","[123.0, 60]","[129.3, 20]","[236.0, 40]",127.15,166,4.3,0.28
07:39:56,"[125.0, 182]","[123.0, 84]","[128.43, 28]","[174.22, 63]",126.71,357,3.43,0.49
07:39:57,"[125.0, 115]","[123.0, 72]","[127.17, 48]","[159.11, 36]",126.08,271,2.17,0.38
07:39:58,"[125.0, 89]","[123.0, 90]","[126.09, 54]","[191.81, 67]",125.55,300,1.09,0.19
07:39:59,"[125.0, 12]","[123.0, 72]","[176.17, 36]","[344.0, 48]",150.58,168,51.17,0.0
07:40:00,"[123.0, 20]","[122.0, 8]","[212.0, 12]","[344.0, 16]",167.5,56,89.0,0.0
07:40:01,"[123.0, 32]","[122.0, 26]","[172.77, 39]","[375.77, 43]",147.88,140,49.77,-0.17
07:40:02,"[123.23, 22]","[122.31, 26]","[127.0, 39]","[190.3, 37]",125.11,124,3.77,-0.23
07:40:03,"[123.77, 13]","[122.42, 24]","[126.51, 41]","[233.18, 33]",125.14,111,2.74,-0.33
07:40:04,"[123.0, 7]","[122.0, 14]","[125.56, 27]","[132.45, 20]",124.28,68,2.56,-0.38
07:40:05,"[122.1, 20]","[121.25, 16]","[123.76, 58]","[126.08, 36]",122.93,130,1.66,-0.45
07:40:06,"[121.0, 9]","[120.0, 18]","[123.89, 27]","[125.22, 27]",122.44,81,2.89,-0.33
07:40:07,"[122.84, 64]","[119.05, 124]","[123.69, 39]","[126.54, 39]",123.27,266,0.85,0.41
07:40:08,"[119.06, 71]","[117.52, 46]","[121.85, 34]","[124.0, 39]",120.45,190,2.8,0.23
07:40:09,"[119.0, 18]","[117.0, 27]","[120.0, 18]","[124.0, 27]",119.5,90,1.0,0.0
07:40:10,"[117.89, 133]","[107.0, 23]","[119.08, 26]","[159.93, 15]",118.48,197,1.19,0.58
07:40:11,"[118.01, 142]","[117.4, 30]","[175.05, 19]","[397.33, 21]",146.53,212,57.04,0.62
07:40:12,"[118.0, 77]","[117.0, 11]","[336.86, 21]","[484.62, 13]",227.43,122,218.86,0.44
07:40:13,"[118.0, 44]","[117.0, 4]","[300.5, 12]","[618.36, 11]",209.25,71,182.5,0.35
07:40:14,"[118.0, 99]","[116.12, 16]","[265.14, 28]","[565.73, 22]",191.57,165,147.14,0.39
07:40:15,"[116.0, 12]","[112.0, 66]","[141.97, 29]","[431.88, 16]",128.98,123,25.97,0.27
07:40:16,"[80.5, 72]","[57.14, 97]","[264.81, 32]","[446.92, 25]",172.66,226,184.31,0.5
07:40:17,"[96.82, 71]","[52.8, 83]","[170.0, 18]","[231.96, 26]",133.41,198,73.18,0.56
07:40:18,"[119.0, 73]","[92.95, 38]","[447.29, 17]","[523.58, 24]",283.15,152,328.29,0.46
07:40:19,"[119.0, 35]","[117.0, 49]","[424.0, 13]","[510.85, 26]",271.5,123,305.0,0.37
07:40:20,"[118.29, 31]","[97.78, 23]","[353.0, 7]","[478.14, 14]",235.65,75,234.71,0.44
07:40:21,"[124.47, 75]","[120.33, 63]","[422.92, 24]","[468.29, 42]",273.69,204,298.45,0.35
07:40:22,"[125.0, 90]","[123.0, 45]","[360.91, 22]","[382.69, 26]",242.95,183,235.91,0.48
07:40:23,"[125.0, 94]","[123.0, 95]","[345.31, 64]","[346.04, 50]",235.16,303,220.31,0.25
07:40:24,"[125.0, 40]","[123.0, 50]","[284.22, 18]","[321.66, 35]",204.61,143,159.22,0.26
07:40:25,"[125.0, 45]","[123.0, 75]","[299.25, 48]","[295.0, 30]",212.12,198,174.25,0.21
07:40:26,"[125.0, 22]","[123.0, 55]","[340.1, 20]","[340.74, 35]",232.55,132,215.1,0.17
07:40:27,"[122.59, 58]","[121.69, 80]","[297.61, 38]","[321.16, 38]",210.1,214,175.02,0.29
07:40:28,"[122.0, 88]","[119.0, 33]","[167.64, 14]","[169.93, 41]",144.82,176,45.64,0.38
07:40:29,"[122.07, 82]","[120.04, 46]","[164.67, 48]","[167.0, 12]",143.37,188,42.59,0.36
07:40:30,"[125.0, 10]","[122.0, 80]","[161.51, 37]","[163.54, 13]",143.26,140,36.51,0.29
07:40:31,"[125.0, 15]","[122.0, 120]","[157.56, 36]","[158.28, 39]",141.28,210,32.56,0.29
07:40:32,"[122.35, 34]","[119.9, 107]","[155.0, 36]","[157.0, 9]",138.68,186,32.65,0.52
07:40:33,"[122.0, 66]","[119.0, 165]","[153.45, 44]","[157.0, 11]",137.73,286,31.45,0.62
07:40:34,"[122.0, 48]","[119.0, 120]","[151.45, 11]","[152.87, 23]",136.73,202,29.45,0.66
07:40:35,"[122.07, 55]","[119.08, 154]","[147.67, 33]","[148.31, 29]",134.87,271,25.59,0.54
07:40:36,"[122.74, 42]","[119.75, 160]","[143.89, 28]","[144.96, 50]",133.32,280,21.15,0.44
07:40:37,"[123.0, 11]","[122.0, 44]","[139.08, 25]","[140.0, 28]",131.04,108,16.08,0.02
07:40:38,"[122.27, 33]","[121.75, 48]","[135.79, 34]","[137.09, 32]",129.03,147,13.52,0.1
07:40:39,"[122.0, 32]","[121.0, 16]","[133.33, 12]","[136.67, 12]",127.67,72,11.33,0.33
07:40:40,"[122.0, 52]","[121.0, 26]","[131.19, 32]","[131.55, 31]",126.59,141,9.19,0.11
07:40:41,"[122.09, 47]","[121.27, 30]","[126.18, 33]","[129.09, 22]",124.13,132,4.1,0.17
07:40:42,"[119.49, 125]","[118.8, 64]","[124.14, 22]","[125.15, 41]",121.81,252,4.65,0.5
07:40:43,"[119.03, 133]","[118.45, 87]","[121.32, 25]","[127.31, 42]",120.18,287,2.29,0.53
07:40:44,"[119.0, 132]","[118.0, 33]","[120.36, 33]","[134.19, 42]",119.68,240,1.36,0.38
07:40:45,"[119.86, 42]","[118.82, 51]","[266.65, 37]","[327.81, 27]",193.25,157,146.79,0.18
07:40:46,"[125.0, 8]","[119.0, 32]","[133.75, 16]","[277.19, 31]",129.38,87,8.75,-0.08
07:40:47,"[120.89, 18]","[118.39, 28]","[130.14, 28]","[200.81, 31]",125.52,105,9.25,-0.12
07:40:48,"[122.2, 15]","[119.22, 27]","[124.5, 20]","[129.44, 18]",123.35,80,2.3,0.05
07:40:49,"[121.0, 8]","[119.0, 32]","[123.62, 16]","[125.0, 16]",122.31,72,2.62,0.11
07:40:50,"[121.5, 18]","[120.47, 34]","[152.71, 14]","[310.4, 20]",137.11,86,31.21,0.21
07:40:51,"[124.12, 8]","[121.0, 40]","[208.0, 16]","[447.25, 20]",166.06,84,83.88,0.14
07:40:52,"[121.3, 27]","[120.33, 15]","[157.0, 8]","[495.81, 32]",139.15,82,35.7,0.02
07:40:53,"[121.0, 13]","[119.0, 9]","[307.11, 9]","[480.33, 21]",214.06,52,186.11,-0.15
07:40:54,"[123.67, 30]","[119.37, 27]","[264.8, 15]","[374.4, 15]",194.23,87,141.13,0.31
07:40:55,"[119.0, 35]","[118.0, 21]","[233.0, 7]","[347.0, 7]",176.0,70,114.0,0.6
07:40:56,"[119.0, 33]","[118.0, 39]","[231.85, 13]","[338.47, 19]",175.42,104,112.85,0.38
07:40:57,"[121.59, 17]","[118.18, 22]","[153.36, 11]","[189.26, 19]",137.48,69,31.78,0.13
07:40:58,"[123.0, 22]","[119.0, 11]","[135.0, 11]","[136.9, 20]",129.0,64,12.0,0.03
07:40:59,"[123.0, 16]","[119.0, 8]","[134.75, 8]","[173.11, 9]",128.88,41,11.75,0.17
07:41:00,"[118.54, 74]","[117.31, 26]","[134.0, 15]","[233.73, 15]",126.27,130,15.46,0.54
07:41:01,"[118.0, 24]","[117.0, 18]","[132.33, 9]","[323.0, 9]",125.17,60,14.33,0.4
07:41:02,"[119.0, 36]","[117.67, 24]","[130.71, 14]","[161.42, 19]",124.86,93,11.71,0.29
07:41:03,"[120.58, 36]","[118.0, 24]","[128.09, 22]","[129.57, 14]",124.34,96,7.51,0.25
07:41:04,"[121.0, 28]","[118.41, 37]","[126.57, 23]","[127.84, 19]",123.78,107,5.57,0.21
07:41:05,"[121.82, 22]","[118.56, 63]","[123.62, 21]","[124.92, 12]",122.72,118,1.8,0.44
07:41:06,"[122.0, 22]","[118.0, 77]","[123.16, 19]","[166.86, 14]",122.58,132,1.16,0.5
07:41:07,"[122.92, 24]","[120.96, 27]","[167.8, 20]","[248.54, 26]",145.36,97,44.88,0.05
07:41:08,"[124.0, 12]","[119.75, 24]","[204.36, 45]","[273.0, 26]",164.18,107,80.36,-0.33
07:41:09,"[123.0, 9]","[122.0, 9]","[128.0, 9]","[214.79, 28]",125.5,55,5.0,-0.35
07:41:10,"[121.32, 19]","[120.05, 19]","[319.1, 20]","[495.56, 25]",220.21,83,197.78,-0.08
07:41:11,"[117.54, 26]","[108.29, 35]","[241.0, 30]","[443.0, 10]",179.27,101,123.46,0.21
07:41:12,"[117.32, 31]","[82.2, 30]","[319.64, 22]","[531.32, 31]",218.48,114,202.31,0.07
07:41:13,"[121.11, 19]","[117.0, 10]","[177.0, 18]","[595.59, 29]",149.05,76,55.89,-0.24
07:41:14,"[123.0, 25]","[121.0, 10]","[447.18, 11]","[527.31, 13]",285.09,59,324.18,0.19
07:41:15,"[123.0, 55]","[121.0, 22]","[250.91, 22]","[376.0, 26]",186.95,125,127.91,0.23
07:41:16,"[123.0, 60]","[121.0, 24]","[138.0, 24]","[139.0, 24]",130.5,132,15.0,0.27
07:41:17,"[123.0, 40]","[121.0, 16]","[136.62, 16]","[137.75, 16]",129.81,88,13.62,0.27
07:41:18,"[123.0, 67]","[121.0, 30]","[134.0, 30]","[136.0, 30]",128.5,157,11.0,0.24
07:41:19,"[123.0, 15]","[121.0, 30]","[131.06, 32]","[132.73, 30]",127.03,107,8.06,-0.16
07:41:20,"[123.0, 14]","[121.0, 28]","[125.87, 45]","[127.9, 42]",124.43,129,2.87,-0.35
07:41:21,"[120.2, 30]","[117.92, 36]","[122.96, 48]","[124.36, 44]",121.58,158,2.76,-0.16
07:41:22,"[117.96, 25]","[116.08, 13]","[121.59, 27]","[127.15, 27]",119.78,92,3.63,-0.17
07:41:23,"[118.0, 28]","[117.0, 7]","[161.57, 7]","[349.35, 17]",139.79,59,43.57,0.19
07:41:24,"[117.75, 16]","[93.18, 11]","[398.21, 19]","[663.33, 9]",257.98,55,280.46,-0.02
07:41:25,"[122.25, 16]","[113.95, 44]","[395.58, 24]","[384.28, 25]",258.92,109,273.33,0.1
07:41:26,"[123.0, 10]","[117.66, 61]","[215.0, 12]","[249.55, 31]",169.0,114,92.0,0.25
07:41:27,"[124.95, 123]","[122.38, 39]","[205.17, 29]","[352.18, 55]",165.06,246,80.22,0.32
07:41:28,"[125.0, 117]","[123.0, 13]","[199.57, 21]","[201.45, 31]",162.29,182,74.57,0.43
07:41:29,"[125.0, 77]","[123.0, 11]","[196.18, 11]","[199.0, 33]",160.59,132,71.18,0.33
07:41:30,"[125.0, 48]","[123.0, 7]","[195.0, 7]","[199.0, 21]",160.0,83,70.0,0.33
07:41:31,"[125.0, 54]","[123.0, 9]","[193.14, 21]","[197.4, 15]",159.07,99,68.14,0.27
07:41:32,"[125.0, 47]","[123.0, 8]","[191.17, 18]","[192.5, 14]",158.08,87,66.17,0.26
07:41:33,"[125.0, 80]","[123.0, 16]","[185.12, 40]","[188.83, 36]",155.06,172,60.12,0.12
07:41:34,"[125.0, 7]","[123.0, 7]","[184.78, 23]","[187.91, 11]",154.89,48,59.78,-0.42
07:41:35,"[125.0, 14]","[123.0, 14]","[179.64, 42]","[181.39, 28]",152.32,98,54.64,-0.43
07:41:36,"[125.0, 13]","[123.0, 13]","[170.63, 27]","[174.43, 37]",147.81,90,45.63,-0.42
07:41:37,"[122.48, 50]","[121.5, 32]","[144.53, 32]","[146.4, 30]",133.51,144,22.05,0.14
07:41:38,"[122.0, 70]","[121.0, 40]","[139.73, 26]","[141.86, 14]",130.87,150,17.73,0.47
07:41:39,"[122.0, 41]","[121.0, 32]","[137.05, 22]","[138.6, 10]",129.52,105,15.05,0.39
07:41:40,"[122.0, 9]","[121.0, 32]","[135.64, 14]","[136.33, 18]",128.82,73,13.64,0.12
07:41:41,"[122.0, 12]","[121.0, 56]","[132.31, 26]","[134.21, 14]",127.15,108,10.31,0.26
07:41:42,"[123.0, 44]","[122.0, 11]","[130.82, 17]","[132.82, 17]",126.91,89,7.82,0.24
07:41:43,"[122.4, 50]","[120.44, 50]","[124.69, 45]","[126.45, 31]",123.54,176,2.29,0.14
07:41:44,"[121.02, 41]","[119.12, 64]","[122.84, 25]","[207.04, 25]",121.93,155,1.82,0.35
07:41:45,"[119.72, 47]","[118.25, 120]","[122.6, 35]","[310.05, 44]",121.16,246,2.88,0.36
07:41:46,"[118.26, 141]","[111.44, 138]","[121.53, 49]","[235.68, 56]",119.89,384,3.28,0.45
07:41:47,"[118.0, 165]","[88.65, 79]","[123.0, 28]","[330.09, 55]",120.5,327,5.0,0.49
07:41:48,"[118.0, 130]","[97.94, 34]","[121.23, 35]","[153.0, 20]",119.61,219,3.23,0.5
07:41:49,"[118.0, 108]","[117.0, 11]","[119.71, 34]","[124.3, 27]",118.85,180,1.71,0.32
07:41:50,"[118.0, 177]","[117.0, 17]","[119.88, 51]","[326.56, 64]",118.94,309,1.88,0.26
07:41:51,"[118.0, 95]","[117.0, 9]","[157.29, 21]","[393.78, 18]",137.64,143,39.29,0.45
07:41:52,"[118.0, 60]","[117.0, 10]","[286.16, 19]","[367.54, 13]",202.08,102,168.16,0.37
07:41:53,"[125.0, 32]","[118.0, 48]","[355.73, 22]","[395.5, 24]",240.36,126,230.73,0.27
07:41:54,"[125.0, 26]","[118.5, 80]","[301.33, 21]","[321.72, 43]",213.17,170,176.33,0.25
07:41:55,"[125.0, 9]","[120.0, 45]","[281.67, 18]","[309.6, 15]",203.33,87,156.67,0.24
07:41:56,"[125.0, 8]","[120.0, 40]","[199.0, 22]","[228.62, 16]",162.0,86,74.0,0.12
07:41:57,"[125.0, 12]","[120.0, 60]","[175.38, 39]","[183.11, 45]",150.19,156,50.38,-0.08
07:41:58,"[120.21, 47]","[118.31, 64]","[174.0, 22]","[259.9, 20]",147.11,153,53.79,0.45
07:41:59,"[122.42, 26]","[119.71, 41]","[174.0, 16]","[199.69, 13]",148.21,96,51.58,0.4
07:42:00,"[123.39, 41]","[120.54, 67]","[172.53, 30]","[306.0, 16]",147.96,154,49.14,0.4
07:42:01,"[123.57, 28]","[121.56, 41]","[170.21, 28]","[365.43, 14]",146.89,111,46.64,0.24
07:42:02,"[121.29, 28]","[120.5, 30]","[167.38, 26]","[237.83, 23]",144.34,107,46.1,0.08
07:42:03,"[120.0, 24]","[119.0, 8]","[164.88, 16]","[165.88, 16]",142.44,64,44.88,0.0
07:42:04,"[118.59, 37]","[118.43, 7]","[162.14, 14]","[163.14, 14]",140.37,72,43.55,0.22
07:42:05,"[118.13, 106]","[117.34, 76]","[161.0, 20]","[162.0, 20]",139.57,222,42.87,0.64
07:42:06,"[118.07, 112]","[117.43, 111]","[157.47, 30]","[158.63, 27]",137.77,280,39.4,0.59
07:42:07,"[120.0, 12]","[118.48, 23]","[154.04, 28]","[155.0, 31]",137.02,94,34.04,-0.26
07:42:08,"[120.0, 10]","[119.0, 10]","[149.26, 23]","[150.28, 25]",134.63,68,29.26,-0.41
07:42:09,"[121.31, 26]","[119.62, 16]","[142.54, 46]","[144.55, 38]",131.93,126,21.24,-0.33
07:42:10,"[122.88, 25]","[119.79, 14]","[138.03, 40]","[141.29, 42]",130.45,121,15.15,-0.36
07:42:11,"[121.83, 23]","[119.44, 16]","[131.65, 40]","[133.05, 40]",126.74,119,9.82,-0.34
07:42:12,"[123.0, 22]","[120.0, 11]","[126.76, 37]","[128.83, 24]",124.88,94,3.76,-0.3
07:42:13,"[121.2, 15]","[119.14, 21]","[124.19, 31]","[126.12, 33]",122.7,100,2.99,-0.28
07:42:14,"[120.0, 9]","[119.0, 18]","[122.56, 27]","[124.0, 18]",121.28,72,2.56,-0.25
07:42:15,"[119.5, 12]","[118.4, 30]","[121.0, 27]","[122.5, 24]",120.25,93,1.5,-0.1
07:42:16,"[118.09, 46]","[117.36, 33]","[120.84, 25]","[123.1, 20]",119.46,124,2.75,0.27
07:42:17,"[118.78, 166]","[117.77, 78]","[120.71, 42]","[127.32, 38]",119.75,324,1.93,0.51
07:42:18,"[119.0, 166]","[117.03, 192]","[197.3, 63]","[380.02, 55]",158.15,476,78.3,0.5
07:42:19,"[120.62, 32]","[117.32, 151]","[237.24, 21]","[283.44, 45]",178.93,249,116.61,0.47
07:42:20,"[125.0, 11]","[121.18, 44]","[236.0, 22]","[388.46, 35]",180.5,112,111.0,-0.02
07:42:21,"[125.0, 11]","[122.0, 44]","[232.69, 29]","[256.94, 32]",178.84,116,107.69,-0.05
07:42:22,"[125.0, 12]","[122.91, 175]","[221.2, 30]","[235.33, 36]",173.1,253,96.2,0.48
07:42:23,"[123.02, 191]","[122.45, 94]","[232.53, 60]","[236.0, 30]",177.78,375,109.51,0.52
07:42:24,"[124.83, 24]","[122.96, 95]","[231.0, 32]","[236.0, 16]",177.92,167,106.17,0.43
07:42:25,"[127.0, 10]","[123.0, 130]","[229.77, 26]","[231.88, 34]",178.38,200,102.77,0.4
07:42:26,"[123.12, 65]","[122.48, 54]","[227.78, 18]","[231.0, 36]",175.45,173,104.65,0.38
07:42:27,"[123.0, 108]","[122.0, 48]","[226.57, 28]","[230.18, 44]",174.79,228,103.57,0.37
07:42:28,"[122.65, 46]","[120.0, 40]","[124.0, 20]","[270.75, 24]",123.33,130,1.35,0.32
07:42:29,"[117.0, 27]","[104.24, 29]","[368.67, 15]","[533.45, 11]",242.83,82,251.67,0.37
07:42:30,"[117.25, 24]","[97.88, 34]","[133.71, 14]","[156.96, 27]",125.48,99,16.46,0.17
07:42:31,"[119.0, 11]","[117.0, 33]","[389.23, 30]","[362.25, 16]",254.12,90,270.23,-0.02
07:42:32,"[122.0, 12]","[117.2, 20]","[543.0, 32]","[544.0, 40]",332.5,104,421.0,-0.38
07:42:33,"[125.0, 36]","[119.0, 12]","[212.61, 46]","[284.65, 46]",168.8,140,87.61,-0.31
07:42:34,"[125.0, 30]","[119.0, 8]","[168.0, 32]","[169.0, 8]",146.5,78,43.0,-0.03
07:42:35,"[125.0, 44]","[122.92, 51]","[167.74, 38]","[250.85, 27]",146.37,160,42.74,0.19
07:42:36,"[123.18, 44]","[120.33, 15]","[165.95, 38]","[166.53, 17]",144.56,114,42.77,0.04
07:42:37,"[119.72, 25]","[89.32, 31]","[162.95, 20]","[165.43, 35]",141.33,111,43.23,0.01
07:42:38,"[121.0, 7]","[117.0, 21]","[160.96, 25]","[161.6, 10]",140.98,63,39.96,-0.11
07:42:39,"[121.91, 11]","[120.08, 13]","[159.0, 11]","[161.0, 44]",140.45,79,37.09,-0.39
07:42:40,"[122.85, 61]","[121.31, 13]","[155.72, 61]","[157.12, 17]",139.29,152,32.87,-0.03
07:42:41,"[123.18, 143]","[122.0, 11]","[152.43, 40]","[153.96, 23]",137.8,217,29.24,0.42
07:42:42,"[124.0, 170]","[122.0, 16]","[150.24, 34]","[151.04, 46]",137.12,266,26.24,0.4
07:42:43,"[124.31, 117]","[122.0, 13]","[146.31, 51]","[146.97, 39]",135.31,220,22.01,0.18
07:42:44,"[125.0, 162]","[122.0, 11]","[142.32, 41]","[145.12, 41]",133.66,255,17.32,0.36
07:42:45,"[125.0, 306]","[122.0, 17]","[138.15, 61]","[151.56, 43]",131.57,427,13.15,0.51
07:42:46,"[125.0, 144]","[122.0, 8]","[138.0, 40]","[277.85, 26]",131.5,218,13.0,0.39
07:42:47,"[125.0, 177]","[123.0, 63]","[131.73, 48]","[139.64, 44]",128.36,332,6.73,0.45
07:42:48,"[125.0, 135]","[123.0, 90]","[126.79, 48]","[128.22, 45]",125.9,318,1.79,0.42
07:42:49,"[125.0, 65]","[123.0, 108]","[126.41, 49]","[272.7, 37]",125.7,259,1.41,0.34
07:42:50,"[123.62, 26]","[122.95, 38]","[218.6, 20]","[621.83, 12]",171.11,96,94.98,0.33
07:42:51,"[123.0, 50]","[122.0, 10]","[304.2, 20]","[437.2, 20]",213.6,100,181.2,0.2
07:42:52,"[123.0, 35]","[122.0, 7]","[284.57, 14]","[409.2, 20]",203.79,76,161.57,0.11
07:42:53,"[122.98, 66]","[121.62, 21]","[267.29, 34]","[287.6, 40]",195.14,161,144.31,0.08
07:42:54,"[122.0, 10]","[121.0, 80]","[272.0, 20]","[317.0, 20]",197.0,130,150.0,0.38
07:42:55,"[122.73, 52]","[120.86, 73]","[235.43, 28]","[256.71, 28]",179.08,181,112.7,0.38
07:42:56,"[125.0, 24]","[121.0, 35]","[198.29, 14]","[354.29, 14]",161.64,87,73.29,0.36
07:42:57,"[125.0, 14]","[121.0, 35]","[197.0, 14]","[371.71, 14]",161.0,77,72.0,0.27
07:42:58,"[120.75, 16]","[118.91, 22]","[196.35, 23]","[242.22, 18]",158.55,79,75.6,-0.04
07:42:59,"[119.0, 7]","[117.0, 28]","[195.0, 21]","[197.0, 14]",157.0,70,76.0,0.0
07:43:00,"[118.05, 21]","[94.66, 29]","[194.09, 33]","[197.0, 22]",156.07,105,76.04,-0.05
07:43:01,"[119.0, 21]","[117.0, 7]","[192.57, 21]","[197.0, 14]",155.79,63,73.57,-0.11
07:43:02,"[119.0, 48]","[117.0, 12]","[190.68, 25]","[191.89, 35]",154.84,120,71.68,0.0
07:43:03,"[120.67, 12]","[119.22, 32]","[187.55, 33]","[188.55, 33]",154.11,110,66.88,-0.2
07:43:04,"[122.0, 27]","[120.0, 15]","[184.93, 45]","[185.83, 41]",153.47,128,62.93,-0.34
07:43:05,"[122.54, 24]","[121.0, 49]","[181.45, 49]","[184.6, 45]",152.0,167,58.91,-0.13
07:43:06,"[123.0, 14]","[119.0, 42]","[180.43, 44]","[183.98, 44]",151.72,144,57.43,-0.22
07:43:07,"[119.55, 20]","[116.12, 32]","[175.35, 46]","[176.84, 50]",147.45,148,55.8,-0.3
07:43:08,"[103.73, 30]","[80.64, 28]","[172.0, 55]","[174.0, 33]",137.87,146,68.27,-0.21
07:43:09,"[115.52, 46]","[112.11, 36]","[169.44, 63]","[171.59, 41]",142.48,186,53.92,-0.12
07:43:10,"[121.4, 40]","[119.0, 30]","[167.25, 48]","[169.64, 42]",144.32,160,45.85,-0.12
07:43:11,"[122.72, 29]","[121.67, 18]","[164.0, 33]","[165.45, 31]",143.36,111,41.28,-0.15
07:43:12,"[116.6, 80]","[70.67, 24]","[156.64, 50]","[160.72, 50]",136.62,204,40.04,0.02
07:43:13,"[120.77, 44]","[89.71, 28]","[131.11, 44]","[146.5, 42]",125.94,158,10.34,-0.09
07:43:14,"[118.15, 26]","[33.43, 14]","[127.43, 23]","[128.69, 29]",122.79,92,9.28,-0.13
07:43:15,"[86.0, 24]","[48.33, 24]","[123.65, 26]","[125.62, 24]",104.83,98,37.65,-0.02
07:43:16,"[70.78, 18]","[21.78, 18]","[117.12, 16]","[121.38, 16]",93.95,68,46.35,0.06
07:43:17,"[55.5, 16]","[40.38, 16]","[110.4, 10]","[111.67, 12]",82.95,54,54.9,0.19
07:43:18,"[63.44, 18]","[45.0, 16]","[326.55, 20]","[518.82, 17]",195.0,71,263.11,-0.04
07:43:19,"[103.06, 36]","[7.0, 12]","[194.57, 37]","[337.14, 21]",148.81,106,91.51,-0.09
07:43:20,"[117.0, 21]","[67.0, 10]","[257.7, 10]","[404.12, 17]",187.35,58,140.7,0.07
07:43:21,"[125.0, 10]","[119.67, 18]","[206.0, 10]","[390.0, 5]",165.5,43,81.0,0.3
07:43:22,"[125.0, 22]","[120.0, 44]","[205.64, 25]","[301.32, 22]",165.32,113,80.64,0.17
07:43:23,"[109.89, 18]","[69.56, 32]","[136.67, 18]","[473.95, 19]",123.28,87,26.78,0.15
07:43:24,"[123.0, 16]","[84.11, 19]","[146.18, 17]","[383.58, 26]",134.59,78,23.18,-0.1
07:43:25,"[123.0, 18]","[98.42, 24]","[227.82, 33]","[339.31, 32]",175.41,107,104.82,-0.21
07:43:26,"[114.58, 19]","[97.92, 37]","[201.87, 30]","[212.0, 26]",158.22,112,87.29,0.0
07:43:27,"[119.0, 14]","[108.43, 14]","[200.0, 28]","[303.29, 21]",159.5,77,81.0,-0.27
07:43:28,"[106.38, 16]","[97.79, 28]","[199.12, 32]","[344.0, 12]",152.75,88,92.75,0.0
07:43:29,"[121.27, 22]","[104.76, 34]","[194.0, 36]","[213.17, 24]",157.64,116,72.73,-0.03
07:43:30,"[124.71, 14]","[95.07, 28]","[155.18, 44]","[180.0, 28]",139.95,114,30.47,-0.26
07:43:31,"[124.88, 64]","[116.24, 21]","[154.26, 54]","[186.13, 30]",139.57,169,29.38,0.01
07:43:32,"[125.0, 38]","[123.0, 8]","[150.83, 24]","[151.67, 24]",137.92,94,25.83,-0.02
07:43:33,"[125.0, 48]","[123.0, 12]","[148.2, 30]","[150.73, 44]",136.6,134,23.2,-0.1
07:43:34,"[125.0, 116]","[123.0, 14]","[144.62, 53]","[145.54, 67]",134.81,250,19.62,0.04
07:43:35,"[125.0, 210]","[123.0, 15]","[139.6, 68]","[141.89, 37]",132.3,330,14.6,0.36
07:43:36,"[125.0, 107]","[123.0, 11]","[135.12, 32]","[136.45, 44]",130.06,194,10.12,0.22
07:43:37,"[125.0, 48]","[123.0, 12]","[132.21, 47]","[133.28, 36]",128.61,143,7.21,-0.16
07:43:38,"[124.0, 53]","[121.64, 25]","[127.93, 67]","[129.46, 57]",125.96,202,3.93,-0.23
07:43:39,"[119.52, 23]","[106.55, 22]","[122.25, 24]","[124.92, 39]",120.89,108,2.73,-0.17
07:43:40,"[91.2, 20]","[36.3, 20]","[118.5, 38]","[119.19, 32]",104.85,110,27.3,-0.27
07:43:41,"[111.38, 13]","[68.44, 18]","[114.05, 19]","[115.8, 30]",112.72,80,2.67,-0.23
07:43:42,"[57.0, 14]","[9.0, 10]","[113.76, 17]","[114.95, 38]",85.38,79,56.76,-0.39
07:43:43,"[71.25, 24]","[17.0, 10]","[110.27, 26]","[111.24, 21]",90.76,81,39.02,-0.16
07:43:44,"[45.44, 27]","[65.0, 3]","[109.16, 19]","[110.7, 23]",77.3,72,63.71,-0.17
07:43:45,"[66.0, 9]","[49.67, 9]","[107.75, 8]","[108.08, 13]",86.88,39,41.75,-0.08
07:43:46,"[66.0, 24]","[39.62, 24]","[107.38, 8]","[109.65, 51]",86.69,107,41.38,-0.1
07:43:47,"[67.44, 27]","[24.44, 27]","[114.43, 21]","[115.67, 45]",90.94,120,46.98,-0.1
07:43:48,"[69.38, 24]","[17.25, 24]","[115.0, 24]","[116.75, 20]",92.19,92,45.62,0.04
07:43:49,"[96.17, 12]","[85.79, 14]","[115.0, 18]","[116.0, 6]",105.58,50,18.83,0.04
07:43:50,"[72.94, 32]","[34.5, 16]","[111.43, 21]","[116.94, 48]",92.18,117,38.49,-0.18
07:43:51,"[101.0, 18]","[84.0, 6]","[108.0, 19]","[116.0, 6]",104.5,49,7.0,-0.02
07:43:52,"[102.63, 49]","[95.44, 18]","[108.0, 22]","[116.0, 8]",105.32,97,5.37,0.38
07:43:53,"[105.43, 107]","[97.64, 47]","[111.87, 30]","[116.67, 30]",108.65,214,6.44,0.44
07:43:54,"[106.63, 54]","[103.92, 64]","[114.94, 34]","[116.71, 48]",110.79,200,8.31,0.18
07:43:55,"[109.23, 31]","[98.89, 63]","[113.5, 14]","[115.61, 28]",111.36,136,4.27,0.38
07:43:56,"[109.0, 48]","[3.0, 18]","[114.0, 12]","[115.0, 6]",111.5,84,5.0,0.57
07:43:57,"[109.0, 40]","[3.0, 3]","[116.73, 22]","[131.8, 5]",112.86,70,7.73,0.23
07:43:58,"[109.0, 56]","[0, 0]","[116.86, 35]","[118.42, 31]",112.93,122,7.86,-0.08
07:43:59,"[109.67, 24]","[0, 0]","[116.0, 15]","[117.0, 15]",112.83,54,6.33,-0.11
07:44:00,"[112.4, 80]","[50.3, 10]","[116.0, 50]","[117.0, 50]",114.2,190,3.6,-0.05
07:44:01,"[120.0, 64]","[107.6, 20]","[220.38, 29]","[219.89, 18]",170.19,131,100.38,0.28
07:44:02,"[125.0, 176]","[117.53, 76]","[179.26, 38]","[403.06, 31]",152.13,321,54.26,0.57
07:44:03,"[125.0, 80]","[123.0, 48]","[454.0, 5]","[557.0, 20]",289.5,153,329.0,0.67
07:44:04,"[125.0, 168]","[123.0, 99]","[223.41, 17]","[420.93, 15]",174.21,299,98.41,0.79
07:44:05,"[125.0, 129]","[123.0, 88]","[328.0, 20]","[498.13, 15]",226.5,252,203.0,0.72
07:44:06,"[125.0, 138]","[123.0, 110]","[207.2, 15]","[436.47, 32]",166.1,295,82.2,0.68
07:44:07,"[125.0, 13]","[123.0, 77]","[153.18, 22]","[281.11, 9]",139.09,121,28.18,0.49
07:44:08,"[125.0, 7]","[123.0, 53]","[273.38, 8]","[360.68, 19]",199.19,87,148.38,0.38
07:44:09,"[125.0, 14]","[123.0, 108]","[283.5, 40]","[407.06, 31]",204.25,193,158.5,0.26
07:44:10,"[125.0, 5]","[123.0, 40]","[133.35, 23]","[191.11, 18]",129.17,86,8.35,0.05
07:44:11,"[124.14, 14]","[122.95, 65]","[132.44, 45]","[134.0, 36]",128.29,160,8.3,-0.01
07:44:12,"[123.0, 60]","[120.0, 10]","[131.3, 50]","[162.0, 30]",127.15,150,8.3,-0.07
07:44:13,"[123.0, 78]","[120.0, 13]","[130.77, 65]","[393.2, 30]",126.88,186,7.77,-0.02
07:44:14,"[124.87, 91]","[122.95, 55]","[127.21, 19]","[144.36, 42]",126.04,207,2.34,0.41
07:44:15,"[125.0, 25]","[123.0, 30]","[126.8, 25]","[297.0, 20]",125.9,100,1.8,0.1
07:44:16,"[125.0, 39]","[123.0, 66]","[221.6, 50]","[367.36, 44]",173.3,199,96.6,0.06
07:44:17,"[123.91, 11]","[122.73, 33]","[352.0, 32]","[459.65, 23]",237.95,99,228.09,-0.11
07:44:18,"[123.0, 22]","[120.0, 11]","[350.56, 52]","[362.91, 44]",236.78,129,227.56,-0.49
07:44:19,"[123.0, 16]","[120.0, 8]","[349.0, 40]","[352.0, 32]",236.0,96,226.0,-0.5
07:44:20,"[123.0, 18]","[120.0, 9]","[348.44, 45]","[352.0, 36]",235.72,108,225.44,-0.5
07:44:21,"[123.0, 10]","[121.0, 10]","[347.0, 25]","[352.0, 20]",235.0,65,224.0,-0.38
07:44:22,"[122.73, 22]","[120.67, 24]","[272.27, 44]","[332.95, 37]",197.5,127,149.55,-0.28
07:44:23,"[121.58, 12]","[120.0, 12]","[178.0, 42]","[215.06, 35]",149.79,101,56.42,-0.52
07:44:24,"[121.0, 8]","[119.33, 12]","[127.0, 40]","[211.29, 21]",124.0,81,6.0,-0.51
07:44:25,"[120.0, 10]","[119.0, 15]","[127.0, 50]","[489.0, 40]",123.5,115,7.0,-0.57
07:44:26,"[124.95, 128]","[122.92, 37]","[126.31, 65]","[444.7, 40]",125.63,270,1.35,0.22
07:44:27,"[125.0, 142]","[123.0, 39]","[180.95, 57]","[316.92, 52]",152.97,290,55.95,0.25
07:44:28,"[125.0, 81]","[123.0, 27]","[424.11, 36]","[501.33, 36]",274.56,180,299.11,0.2
07:44:29,"[123.88, 32]","[122.25, 24]","[358.0, 32]","[670.0, 32]",240.94,120,234.12,-0.07
07:44:30,"[123.0, 18]","[122.0, 18]","[358.0, 24]","[692.5, 24]",240.5,84,235.0,-0.14
07:44:31,"[123.0, 35]","[122.0, 30]","[342.32, 44]","[459.19, 42]",232.66,151,219.32,-0.14
07:44:32,"[123.0, 24]","[122.0, 27]","[293.15, 41]","[344.5, 40]",208.07,132,170.15,-0.23
07:44:33,"[123.0, 18]","[122.0, 27]","[207.6, 30]","[250.4, 35]",165.3,110,84.6,-0.18
07:44:34,"[123.0, 22]","[122.0, 33]","[231.55, 33]","[312.92, 50]",177.27,138,108.55,-0.2
07:44:35,"[123.0, 18]","[122.0, 27]","[231.0, 27]","[605.16, 44]",177.0,116,108.0,-0.22
07:44:36,"[123.0, 16]","[122.0, 24]","[229.25, 24]","[394.5, 30]",176.12,94,106.25,-0.15
07:44:37,"[122.25, 16]","[121.25, 24]","[225.15, 34]","[226.47, 32]",173.7,106,102.9,-0.25
07:44:38,"[122.0, 22]","[121.0, 33]","[149.32, 37]","[164.15, 41]",135.66,133,27.32,-0.17
07:44:39,"[122.0, 12]","[121.0, 27]","[143.24, 29]","[144.38, 29]",132.62,97,21.24,-0.2
07:44:40,"[122.0, 12]","[121.0, 36]","[141.25, 36]","[142.5, 36]",131.62,120,19.25,-0.2
07:44:41,"[122.0, 12]","[121.0, 96]","[139.0, 36]","[140.0, 36]",130.5,180,17.0,0.2
07:44:42,"[124.89, 19]","[121.24, 103]","[133.02, 59]","[134.04, 69]",128.96,250,8.12,-0.02
07:44:43,"[122.65, 17]","[120.31, 51]","[129.17, 36]","[131.0, 36]",125.91,140,6.52,-0.03
07:44:44,"[122.61, 41]","[120.41, 54]","[126.59, 51]","[127.6, 47]",124.6,193,3.98,-0.02
07:44:45,"[121.92, 26]","[120.12, 64]","[123.6, 15]","[125.09, 33]",122.76,138,1.68,0.3
07:44:46,"[120.92, 50]","[119.97, 99]","[124.52, 31]","[190.72, 25]",122.72,205,3.6,0.45
07:44:47,"[121.54, 48]","[119.51, 69]","[318.75, 36]","[477.71, 28]",220.15,181,197.21,0.29
07:44:48,"[125.0, 30]","[123.0, 40]","[398.3, 40]","[563.77, 22]",261.65,132,273.3,0.06
07:44:49,"[125.0, 27]","[123.0, 39]","[370.73, 33]","[400.87, 15]",247.86,114,245.73,0.16
07:44:50,"[125.0, 33]","[123.0, 44]","[306.97, 33]","[368.74, 23]",215.98,133,181.97,0.16
07:44:51,"[124.71, 28]","[121.56, 50]","[337.67, 24]","[367.5, 22]",231.19,124,212.95,0.26
07:44:52,"[120.22, 45]","[119.11, 57]","[312.95, 22]","[316.7, 44]",216.59,168,192.73,0.21
07:44:53,"[120.9, 42]","[118.91, 33]","[248.74, 19]","[254.2, 15]",184.82,109,127.83,0.38
07:44:54,"[118.72, 25]","[117.25, 95]","[217.45, 31]","[216.77, 30]",168.09,181,98.73,0.33
07:44:55,"[117.24, 17]","[115.57, 56]","[188.17, 6]","[190.0, 24]",152.7,103,70.93,0.42
07:44:56,"[117.0, 91]","[86.33, 49]","[187.8, 15]","[233.79, 39]",152.4,194,70.8,0.44
07:44:57,"[117.0, 56]","[101.0, 24]","[180.27, 22]","[183.2, 10]",148.64,112,63.27,0.43
07:44:58,"[117.0, 87]","[101.0, 39]","[170.29, 21]","[171.84, 25]",143.64,172,53.29,0.47
07:44:59,"[117.0, 70]","[81.39, 76]","[167.83, 36]","[168.63, 30]",142.42,212,50.83,0.38
07:45:00,"[117.0, 60]","[80.44, 72]","[161.04, 24]","[162.78, 27]",139.02,183,44.04,0.44
07:45:01,"[117.04, 47]","[91.5, 28]","[149.23, 22]","[150.28, 32]",133.13,129,32.18,0.16
07:45:02,"[122.0, 21]","[117.08, 49]","[146.81, 31]","[148.18, 34]",134.4,135,24.81,0.04
07:45:03,"[125.0, 24]","[118.25, 8]","[142.5, 18]","[143.36, 22]",133.75,72,17.5,-0.11
07:45:04,"[125.0, 21]","[119.0, 7]","[140.18, 17]","[141.33, 18]",132.59,63,15.18,-0.11
07:45:05,"[119.0, 12]","[117.0, 60]","[137.67, 21]","[139.57, 30]",128.33,123,18.67,0.17
07:45:06,"[117.65, 46]","[112.05, 78]","[128.62, 24]","[131.57, 14]",123.14,162,10.97,0.53
07:45:07,"[118.94, 51]","[117.2, 56]","[126.8, 50]","[127.59, 41]",122.87,198,7.86,0.08
07:45:08,"[118.94, 32]","[117.56, 18]","[124.13, 15]","[126.8, 30]",121.54,95,5.2,0.05
07:45:09,"[119.75, 40]","[118.67, 12]","[125.5, 24]","[177.0, 48]",122.62,124,5.75,-0.16
07:45:10,"[121.0, 27]","[118.22, 9]","[125.21, 28]","[176.32, 40]",123.11,104,4.21,-0.31
07:45:11,"[121.08, 36]","[118.0, 12]","[123.51, 41]","[124.65, 43]",122.3,132,2.43,-0.27
07:45:12,"[120.0, 12]","[117.08, 26]","[123.69, 26]","[152.0, 12]",121.85,76,3.69,0.0
07:45:13,"[118.0, 12]","[117.0, 48]","[123.08, 36]","[251.77, 52]",120.54,148,5.08,-0.19
07:45:14,"[118.0, 11]","[117.0, 36]","[122.86, 21]","[269.11, 19]",120.43,87,4.86,0.08
07:45:15,"[117.87, 62]","[114.1, 58]","[120.46, 39]","[331.37, 41]",119.17,200,2.59,0.2
07:45:16,"[117.48, 31]","[85.5, 64]","[170.38, 34]","[283.12, 16]",143.93,145,52.9,0.31
07:45:17,"[106.38, 32]","[107.81, 48]","[205.5, 8]","[441.25, 32]",155.94,120,99.12,0.33
07:45:18,"[114.0, 75]","[68.0, 63]","[160.76, 29]","[659.29, 21]",137.38,188,46.76,0.47
07:45:19,"[121.55, 40]","[113.93, 98]","[305.31, 16]","[611.59, 22]",213.43,176,183.76,0.57
07:45:20,"[125.0, 65]","[123.0, 63]","[524.62, 13]","[590.89, 9]",324.81,150,399.62,0.71
07:45:21,"[124.09, 77]","[121.97, 87]","[473.58, 19]","[548.38, 13]",298.83,196,349.49,0.67
07:45:22,"[123.0, 77]","[121.0, 99]","[262.56, 16]","[400.57, 21]",192.78,213,139.56,0.65
07:45:23,"[123.0, 70]","[121.0, 90]","[163.73, 26]","[274.57, 21]",143.37,207,40.73,0.55
07:45:24,"[124.51, 85]","[122.35, 83]","[161.91, 35]","[162.47, 19]",143.21,222,37.41,0.51
07:45:25,"[125.0, 77]","[123.0, 91]","[134.25, 24]","[146.53, 15]",129.62,207,9.25,0.62
07:45:26,"[124.85, 94]","[122.85, 121]","[127.17, 69]","[214.0, 25]",126.01,309,2.32,0.39
07:45:27,"[121.78, 74]","[120.06, 85]","[166.31, 13]","[475.65, 31]",144.05,203,44.52,0.57
07:45:28,"[121.0, 126]","[119.0, 112]","[148.86, 51]","[252.61, 31]",134.93,320,27.86,0.49
07:45:29,"[121.2, 60]","[120.06, 102]","[241.33, 12]","[515.46, 13]",181.27,187,120.13,0.73
07:45:30,"[123.0, 9]","[121.0, 81]","[155.68, 19]","[340.19, 21]",139.34,130,32.68,0.38
07:45:31,"[123.0, 13]","[121.0, 117]","[129.38, 13]","[238.67, 33]",126.19,176,6.38,0.48
07:45:32,"[123.0, 6]","[121.0, 54]","[129.0, 6]","[198.0, 30]",126.0,96,6.0,0.25
07:45:33,"[123.0, 13]","[121.0, 117]","[127.92, 13]","[353.24, 49]",125.46,192,4.92,0.35
07:45:34,"[121.12, 67]","[119.78, 92]","[125.64, 11]","[359.0, 55]",123.38,225,4.52,0.41
07:45:35,"[121.0, 84]","[119.0, 104]","[124.0, 13]","[346.27, 49]",122.5,250,3.0,0.5
07:45:36,"[121.66, 35]","[120.5, 64]","[135.6, 10]","[479.8, 30]",128.63,139,13.94,0.42
07:45:37,"[122.0, 16]","[121.0, 48]","[323.38, 32]","[492.5, 20]",222.69,116,201.38,0.1
07:45:38,"[122.5, 48]","[120.64, 22]","[391.5, 10]","[442.93, 14]",257.0,94,269.0,0.49
07:45:39,"[123.0, 66]","[120.66, 29]","[404.77, 13]","[503.41, 61]",263.88,169,281.77,0.12
07:45:40,"[123.0, 30]","[120.73, 15]","[369.45, 31]","[379.16, 61]",246.23,137,246.45,-0.34
07:45:41,"[123.0, 28]","[121.0, 14]","[285.08, 26]","[298.75, 16]",204.04,84,162.08,0.0
07:45:42,"[123.6, 10]","[122.71, 14]","[284.36, 11]","[285.23, 13]",203.98,48,160.76,0.0
07:45:43,"[120.5, 30]","[121.33, 27]","[214.87, 15]","[262.6, 15]",167.68,87,94.37,0.31
07:45:44,"[119.0, 55]","[118.0, 33]","[138.71, 17]","[139.38, 16]",128.85,121,19.71,0.45
07:45:45,"[119.11, 71]","[118.11, 47]","[134.55, 20]","[168.17, 18]",126.83,156,15.44,0.51
07:45:46,"[119.0, 50]","[118.0, 30]","[129.86, 14]","[131.14, 14]",124.43,108,10.86,0.48
07:45:47,"[121.5, 60]","[118.79, 84]","[126.89, 28]","[128.35, 26]",124.2,198,5.39,0.45
07:45:48,"[121.89, 36]","[118.97, 115]","[125.52, 31]","[139.04, 26]",123.7,208,3.63,0.45
07:45:49,"[121.0, 6]","[119.0, 30]","[125.9, 21]","[196.0, 8]",123.45,65,4.9,0.11
07:45:50,"[119.16, 25]","[118.12, 82]","[125.0, 16]","[126.0, 24]",122.08,147,5.84,0.46
07:45:51,"[119.36, 28]","[118.08, 78]","[124.67, 18]","[125.82, 22]",122.01,146,5.31,0.45
07:45:52,"[118.14, 116]","[117.43, 174]","[121.55, 40]","[122.47, 43]",119.84,373,3.41,0.55
07:45:53,"[117.72, 128]","[115.46, 134]","[119.07, 14]","[121.0, 28]",118.4,304,1.35,0.72
07:45:54,"[117.0, 102]","[108.88, 43]","[147.7, 10]","[222.54, 13]",132.35,168,30.7,0.73
07:45:55,"[117.0, 70]","[96.17, 23]","[317.57, 14]","[408.65, 20]",217.29,127,200.57,0.46
07:45:56,"[117.0, 40]","[105.83, 18]","[270.0, 16]","[424.0, 9]",193.5,83,153.0,0.4
07:45:57,"[121.47, 204]","[101.57, 56]","[283.51, 35]","[329.06, 51]",202.49,346,162.04,0.5
07:45:58,"[125.0, 87]","[123.0, 5]","[198.14, 7]","[234.23, 13]",161.57,112,73.14,0.64
07:45:59,"[125.0, 143]","[123.0, 9]","[212.0, 11]","[264.85, 26]",168.5,189,87.0,0.61
07:46:00,"[125.0, 34]","[123.0, 2]","[257.0, 6]","[295.0, 2]",191.0,44,132.0,0.64
07:46:01,"[125.0, 102]","[123.0, 6]","[322.33, 18]","[371.67, 6]",223.67,132,197.33,0.64
07:46:02,"[125.0, 170]","[123.0, 10]","[396.4, 30]","[494.4, 10]",260.7,220,271.4,0.64
07:46:03,"[125.0, 204]","[123.0, 12]","[469.69, 32]","[503.22, 23]",297.34,271,344.69,0.59
07:46:04,"[125.0, 153]","[123.0, 9]","[380.06, 34]","[406.1, 29]",252.53,225,255.06,0.44
07:46:05,"[125.0, 132]","[123.0, 8]","[267.5, 32]","[379.0, 32]",196.25,204,142.5,0.37
07:46:06,"[125.0, 169]","[123.0, 13]","[294.47, 19]","[313.55, 22]",209.74,223,169.47,0.63
07:46:07,"[125.0, 62]","[123.0, 9]","[158.04, 25]","[231.33, 9]",141.52,105,33.04,0.35
07:46:08,"[125.0, 29]","[123.0, 5]","[154.0, 20]","[198.43, 7]",139.5,61,29.0,0.11
07:46:09,"[125.0, 210]","[123.0, 14]","[151.93, 14]","[154.0, 56]",138.46,294,26.93,0.52
07:46:10,"[125.0, 192]","[123.0, 13]","[148.0, 22]","[148.35, 43]",136.5,270,23.0,0.52
07:46:11,"[125.0, 96]","[123.0, 8]","[144.88, 8]","[148.0, 32]",134.94,144,19.88,0.44
07:46:12,"[125.0, 120]","[123.0, 10]","[143.1, 10]","[148.0, 40]",134.05,180,18.1,0.44
07:46:13,"[125.0, 168]","[123.0, 14]","[141.17, 23]","[144.64, 47]",133.09,252,16.17,0.44
07:46:14,"[125.0, 92]","[123.0, 10]","[138.12, 16]","[139.24, 34]",131.56,152,13.12,0.34
07:46:15,"[125.0, 96]","[123.0, 12]","[133.44, 36]","[134.17, 24]",129.22,168,8.44,0.29
07:46:16,"[125.0, 50]","[123.0, 8]","[131.0, 32]","[132.0, 8]",128.0,98,6.0,0.18
07:46:17,"[125.0, 48]","[122.2, 30]","[128.33, 15]","[129.93, 15]",126.67,108,3.33,0.44
07:46:18,"[124.47, 60]","[122.75, 64]","[126.56, 64]","[259.94, 18]",125.51,206,2.1,0.2
07:46:19,"[123.19, 52]","[122.58, 77]","[126.0, 52]","[531.35, 23]",124.6,204,2.81,0.26
07:46:20,"[123.33, 30]","[122.69, 65]","[125.6, 40]","[147.0, 30]",124.47,165,2.27,0.15
07:46:21,"[123.0, 45]","[122.0, 36]","[124.56, 36]","[147.0, 27]",123.78,144,1.56,0.12
07:46:22,"[123.0, 38]","[122.0, 40]","[166.63, 30]","[259.8, 30]",144.82,138,43.63,0.13
07:46:23,"[122.5, 20]","[121.25, 80]","[229.79, 19]","[248.92, 39]",176.14,158,107.29,0.27
07:46:24,"[122.0, 11]","[121.0, 66]","[198.63, 27]","[201.77, 22]",160.31,126,76.63,0.22
07:46:25,"[122.15, 39]","[120.73, 52]","[162.8, 51]","[168.38, 32]",142.48,174,40.65,0.05
07:46:26,"[122.01, 81]","[121.17, 58]","[151.89, 27]","[152.33, 18]",136.95,184,29.88,0.51
07:46:27,"[122.84, 98]","[121.46, 61]","[148.83, 35]","[150.12, 50]",135.83,244,25.99,0.3
07:46:28,"[122.2, 61]","[121.4, 60]","[146.44, 9]","[148.0, 36]",134.32,166,24.25,0.46
07:46:29,"[122.0, 63]","[121.0, 54]","[142.38, 21]","[146.0, 16]",132.19,154,20.38,0.52
07:46:30,"[121.93, 91]","[120.75, 96]","[125.2, 35]","[127.18, 39]",123.57,261,3.27,0.43
07:46:31,"[121.0, 30]","[119.0, 60]","[123.06, 17]","[125.29, 7]",122.03,114,2.06,0.58
07:46:32,"[121.0, 34]","[119.0, 132]","[122.7, 20]","[236.86, 22]",121.85,208,1.7,0.6
07:46:33,"[121.0, 26]","[119.0, 156]","[122.23, 13]","[385.48, 29]",121.62,224,1.23,0.62
07:46:34,"[121.0, 10]","[119.0, 84]","[292.4, 15]","[412.4, 20]",206.7,129,171.4,0.46
07:46:35,"[121.0, 11]","[119.0, 132]","[479.7, 30]","[628.32, 37]",300.35,210,358.7,0.36
07:46:36,"[119.26, 69]","[118.78, 92]","[337.12, 32]","[594.61, 41]",228.19,234,217.86,0.38
07:46:37,"[119.0, 63]","[118.0, 28]","[391.42, 24]","[490.97, 29]",255.21,144,272.42,0.26
07:46:38,"[120.17, 72]","[118.75, 79]","[350.14, 56]","[402.88, 41]",235.15,248,229.98,0.22
07:46:39,"[123.0, 69]","[121.0, 44]","[272.72, 18]","[293.51, 45]",197.86,176,149.72,0.28
07:46:40,"[123.0, 15]","[121.0, 20]","[186.6, 5]","[189.0, 25]",154.8,65,63.6,0.08
07:46:41,"[123.0, 30]","[121.0, 40]","[185.5, 16]","[284.61, 41]",154.25,127,62.5,0.1
07:46:42,"[123.46, 35]","[121.15, 39]","[183.8, 40]","[186.0, 10]",153.63,124,60.34,0.19
07:46:43,"[125.0, 132]","[123.0, 57]","[142.6, 43]","[152.01, 67]",133.8,299,17.6,0.26
07:46:44,"[125.0, 39]","[123.0, 33]","[130.08, 26]","[132.66, 29]",127.54,127,5.08,0.13
07:46:45,"[125.0, 36]","[123.0, 30]","[128.19, 37]","[130.08, 13]",126.59,116,3.19,0.14
07:46:46,"[122.71, 28]","[121.71, 31]","[126.25, 12]","[128.0, 48]",124.48,119,3.54,-0.01
07:46:47,"[118.67, 27]","[117.22, 55]","[123.63, 19]","[127.61, 31]",121.15,132,4.96,0.24
07:46:48,"[119.0, 45]","[118.0, 30]","[123.0, 40]","[124.0, 10]",121.0,125,4.0,0.2
07:46:49,"[119.69, 58]","[118.14, 35]","[133.61, 31]","[181.95, 37]",126.65,161,13.92,0.16
07:46:50,"[118.29, 34]","[117.38, 42]","[203.63, 27]","[247.47, 34]",160.96,137,85.34,0.11
07:46:51,"[117.5, 40]","[105.4, 25]","[208.67, 21]","[211.38, 29]",163.08,115,91.17,0.13
07:46:52,"[108.71, 28]","[59.0, 15]","[192.62, 13]","[199.19, 21]",150.66,77,83.9,0.12
07:46:53,"[108.78, 54]","[53.65, 46]","[148.65, 26]","[198.12, 24]",128.72,150,39.88,0.33
07:46:54,"[123.0, 48]","[117.0, 34]","[147.62, 32]","[169.38, 32]",135.31,146,24.62,0.12
07:46:55,"[123.0, 72]","[117.0, 60]","[145.34, 38]","[146.81, 58]",134.17,228,22.34,0.16
07:46:56,"[123.0, 7]","[117.0, 35]","[142.57, 21]","[144.0, 35]",132.79,98,19.57,-0.14
07:46:57,"[123.0, 10]","[117.62, 26]","[138.66, 38]","[141.61, 31]",130.83,105,15.66,-0.31
07:46:58,"[123.0, 11]","[118.0, 22]","[135.45, 33]","[138.0, 55]",129.23,121,12.45,-0.45
07:46:59,"[118.53, 17]","[107.54, 28]","[134.33, 27]","[136.07, 42]",126.43,114,15.8,-0.21
07:47:00,"[117.44, 18]","[108.65, 46]","[132.2, 25]","[133.45, 31]",124.82,120,14.76,0.07
07:47:01,"[118.22, 9]","[117.0, 45]","[127.9, 20]","[128.88, 25]",123.06,99,9.68,0.09
07:47:02,"[119.0, 35]","[117.0, 43]","[124.9, 42]","[126.25, 40]",121.95,160,5.9,-0.03
07:47:03,"[119.0, 36]","[117.0, 36]","[123.87, 31]","[163.91, 34]",121.44,137,4.87,0.05
07:47:04,"[119.0, 28]","[117.0, 42]","[313.0, 30]","[496.83, 48]",216.0,148,194.0,-0.05
07:47:05,"[123.0, 8]","[120.91, 22]","[263.0, 24]","[310.0, 40]",193.0,94,140.0,-0.36
07:47:06,"[123.0, 8]","[121.0, 24]","[285.5, 30]","[394.57, 28]",204.25,90,162.5,-0.29
07:47:07,"[117.93, 30]","[91.72, 106]","[208.58, 62]","[286.92, 24]",163.26,222,90.65,0.23
07:47:08,"[117.7, 23]","[95.97, 33]","[193.82, 55]","[392.68, 31]",155.76,142,76.12,-0.21
07:47:09,"[119.0, 7]","[117.0, 23]","[204.0, 35]","[428.67, 33]",161.5,98,85.0,-0.39
07:47:10,"[120.71, 7]","[117.24, 17]","[213.03, 31]","[279.0, 32]",166.87,87,92.32,-0.45
07:47:11,"[125.0, 8]","[119.0, 8]","[233.25, 32]","[301.22, 32]",179.12,80,108.25,-0.6
07:47:12,"[119.0, 7]","[117.0, 21]","[237.22, 23]","[426.09, 33]",178.11,84,118.22,-0.33
07:47:13,"[119.0, 7]","[117.0, 21]","[235.27, 22]","[319.27, 33]",177.14,83,116.27,-0.33
07:47:14,"[119.0, 7]","[117.0, 21]","[242.0, 21]","[449.82, 34]",180.5,83,123.0,-0.33
07:47:15,"[119.2, 10]","[117.15, 26]","[241.18, 34]","[358.14, 22]",180.19,92,121.98,-0.22
07:47:16,"[118.31, 16]","[114.05, 40]","[236.67, 48]","[240.32, 38]",177.49,142,118.35,-0.21
07:47:17,"[119.09, 23]","[113.72, 67]","[238.32, 38]","[455.08, 37]",178.7,165,119.23,0.09
07:47:18,"[119.5, 48]","[116.81, 53]","[168.69, 36]","[250.78, 41]",144.1,178,49.19,0.13
07:47:19,"[118.59, 37]","[107.23, 52]","[218.0, 35]","[232.53, 17]",168.3,141,99.41,0.26
07:47:20,"[121.91, 33]","[119.53, 15]","[215.43, 14]","[226.98, 41]",168.67,103,93.52,-0.07
07:47:21,"[122.27, 33]","[119.71, 14]","[189.2, 10]","[201.69, 13]",155.74,70,66.93,0.34
07:47:22,"[121.0, 40]","[119.0, 10]","[184.6, 10]","[218.8, 25]",152.8,85,63.6,0.18
07:47:23,"[122.19, 67]","[120.2, 30]","[182.68, 19]","[225.47, 58]",152.44,174,60.49,0.11
07:47:24,"[125.0, 60]","[121.0, 60]","[179.75, 20]","[180.58, 12]",152.38,152,54.75,0.58
07:47:25,"[125.0, 66]","[121.0, 42]","[174.88, 40]","[176.36, 44]",149.94,192,49.88,0.12
07:47:26,"[122.43, 28]","[119.72, 54]","[171.25, 28]","[172.37, 52]",146.84,162,48.82,0.01
07:47:27,"[121.0, 33]","[118.61, 107]","[170.0, 11]","[171.0, 55]",145.5,206,49.0,0.36
07:47:28,"[121.0, 35]","[119.0, 195]","[168.87, 23]","[170.33, 51]",144.93,304,47.87,0.51
07:47:29,"[119.24, 116]","[118.46, 158]","[165.29, 35]","[165.71, 41]",142.26,350,46.04,0.57
07:47:30,"[119.0, 213]","[112.95, 57]","[161.52, 27]","[162.06, 47]",140.26,344,42.52,0.57
07:47:31,"[119.0, 126]","[118.0, 45]","[157.77, 13]","[158.46, 13]",138.38,197,38.77,0.74
07:47:32,"[120.45, 77]","[119.0, 154]","[153.55, 11]","[154.82, 11]",137.0,253,33.09,0.83
07:47:33,"[123.3, 107]","[119.36, 175]","[149.59, 27]","[151.24, 17]",136.45,326,26.29,0.73
07:47:34,"[125.0, 204]","[119.03, 226]","[146.48, 56]","[147.08, 73]",135.74,559,21.48,0.54
07:47:35,"[125.0, 146]","[122.0, 26]","[141.82, 28]","[143.25, 44]",133.41,244,16.82,0.41
07:47:36,"[125.0, 134]","[122.0, 28]","[136.1, 29]","[138.12, 51]",130.55,242,11.1,0.34
07:47:37,"[125.0, 88]","[122.0, 22]","[132.67, 30]","[132.72, 40]",128.83,180,7.67,0.22
07:47:38,"[125.0, 118]","[122.0, 26]","[128.23, 48]","[128.89, 44]",126.61,236,3.23,0.22
07:47:39,"[125.0, 62]","[122.0, 22]","[127.59, 27]","[128.36, 55]",126.3,166,2.59,0.01
07:47:40,"[125.0, 55]","[123.0, 44]","[128.0, 55]","[129.0, 55]",126.5,209,3.0,-0.05
07:47:41,"[123.77, 39]","[122.5, 24]","[128.0, 45]","[129.0, 45]",125.88,153,4.23,-0.18
07:47:42,"[123.0, 32]","[122.0, 20]","[127.0, 50]","[128.2, 50]",125.0,152,4.0,-0.32
07:47:43,"[122.46, 26]","[121.26, 47]","[124.2, 49]","[125.77, 65]",123.33,187,1.74,-0.22
07:47:44,"[121.0, 61]","[119.0, 312]","[122.18, 34]","[123.47, 43]",121.59,450,1.18,0.66
07:47:45,"[119.13, 173]","[118.86, 251]","[121.74, 47]","[197.04, 78]",120.44,549,2.62,0.54
07:47:46,"[119.0, 255]","[118.0, 65]","[228.33, 43]","[294.42, 57]",173.66,420,109.33,0.52
07:47:47,"[119.0, 126]","[118.0, 35]","[440.2, 20]","[444.08, 25]",279.6,206,321.2,0.56
07:47:48,"[119.0, 231]","[118.0, 70]","[436.81, 36]","[438.35, 34]",277.9,371,317.81,0.62
07:47:49,"[119.0, 180]","[117.7, 50]","[364.52, 29]","[378.16, 32]",241.76,291,245.52,0.58
07:47:50,"[121.9, 116]","[118.84, 147]","[260.27, 48]","[334.69, 35]",191.08,346,138.37,0.52
07:47:51,"[125.0, 66]","[119.0, 160]","[227.64, 22]","[230.0, 55]",176.32,303,102.64,0.49
07:47:52,"[125.0, 64]","[119.0, 145]","[225.22, 37]","[232.76, 49]",175.11,295,100.22,0.42
07:47:53,"[125.0, 56]","[119.0, 196]","[223.25, 48]","[238.45, 62]",174.12,362,98.25,0.39
07:47:54,"[125.0, 94]","[119.0, 84]","[219.88, 17]","[220.77, 13]",172.44,208,94.88,0.71
07:47:55,"[125.0, 153]","[119.0, 154]","[217.57, 28]","[218.67, 27]",171.29,362,92.57,0.7
07:47:56,"[125.0, 182]","[119.43, 161]","[157.93, 30]","[177.5, 32]",141.47,405,32.93,0.69
07:47:57,"[125.0, 109]","[121.0, 77]","[136.75, 24]","[137.87, 31]",130.88,241,11.75,0.54
07:47:58,"[125.0, 74]","[121.19, 85]","[135.21, 14]","[136.18, 33]",130.11,206,10.21,0.54
07:47:59,"[125.0, 56]","[123.0, 64]","[134.6, 10]","[136.71, 14]",129.8,144,9.6,0.67
07:48:00,"[125.0, 56]","[123.0, 64]","[133.14, 14]","[134.17, 12]",129.07,146,8.14,0.64
07:48:01,"[125.0, 119]","[123.0, 157]","[128.44, 34]","[129.91, 35]",126.72,345,3.44,0.6
07:48:02,"[125.0, 28]","[123.0, 88]","[126.0, 16]","[263.58, 31]",125.5,163,1.0,0.42
07:48:03,"[125.0, 20]","[123.0, 124]","[126.0, 20]","[398.87, 15]",125.5,179,1.0,0.61
07:48:04,"[123.04, 89]","[122.19, 96]","[298.29, 14]","[485.8, 10]",210.67,209,175.24,0.77
07:48:05,"[123.71, 68]","[122.46, 96]","[327.0, 16]","[659.82, 11]",225.35,191,203.29,0.72
07:48:06,"[125.0, 30]","[123.0, 55]","[414.33, 9]","[695.67, 6]",269.67,100,289.33,0.7
07:48:07,"[125.0, 36]","[123.0, 121]","[562.7, 20]","[698.38, 13]",343.85,190,437.7,0.65
07:48:08,"[125.0, 11]","[123.0, 121]","[364.31, 16]","[516.5, 16]",244.66,164,239.31,0.61
07:48:09,"[123.14, 58]","[122.36, 122]","[318.21, 19]","[406.09, 11]",220.67,210,195.07,0.71
07:48:10,"[123.0, 72]","[122.0, 104]","[410.44, 32]","[468.0, 10]",266.72,218,287.44,0.61
07:48:11,"[123.18, 55]","[122.36, 101]","[300.22, 27]","[418.35, 34]",211.7,217,177.04,0.44
07:48:12,"[124.0, 10]","[123.0, 90]","[160.79, 42]","[248.15, 20]",142.39,162,36.79,0.23
07:48:13,"[124.0, 7]","[123.0, 63]","[154.88, 33]","[292.15, 13]",139.44,116,30.88,0.21
07:48:14,"[123.09, 43]","[122.36, 101]","[133.7, 27]","[134.72, 36]",128.4,207,10.61,0.39
07:48:15,"[123.0, 98]","[122.0, 182]","[130.91, 55]","[133.16, 43]",126.95,378,7.91,0.48
07:48:16,"[123.0, 84]","[122.0, 156]","[128.19, 27]","[129.93, 57]",125.59,324,5.19,0.48
07:48:17,"[122.28, 126]","[121.94, 124]","[126.0, 32]","[127.0, 80]",124.14,362,3.72,0.38
07:48:18,"[122.08, 183]","[121.8, 65]","[131.03, 39]","[303.97, 33]",126.55,320,8.95,0.55
07:48:19,"[123.18, 22]","[121.83, 36]","[513.0, 27]","[571.52, 31]",318.09,116,389.82,0.0
07:48:20,"[125.0, 22]","[123.0, 22]","[148.29, 21]","[454.07, 15]",136.64,80,23.29,0.1
07:48:21,"[124.63, 41]","[122.93, 29]","[145.3, 40]","[177.57, 30]",134.97,140,20.67,0.0
07:48:22,"[122.0, 44]","[121.0, 11]","[142.64, 33]","[145.0, 22]",132.32,110,20.64,0.0
07:48:23,"[122.99, 278]","[122.66, 101]","[139.93, 29]","[142.69, 26]",131.46,434,16.94,0.75
07:48:24,"[125.0, 19]","[123.0, 646]","[136.69, 45]","[138.1, 50]",130.84,760,11.69,0.75
07:48:25,"[123.02, 363]","[122.59, 174]","[132.03, 40]","[133.57, 35]",127.52,612,9.01,0.75
07:48:26,"[123.0, 421]","[122.0, 86]","[127.11, 36]","[128.65, 34]",125.06,577,4.11,0.76
07:48:27,"[123.0, 349]","[122.0, 78]","[125.0, 36]","[133.84, 25]",124.0,488,2.0,0.75
07:48:28,"[123.18, 85]","[122.81, 124]","[137.57, 14]","[209.89, 9]",130.37,232,14.39,0.8
07:48:29,"[123.0, 200]","[122.0, 60]","[125.4, 10]","[158.4, 10]",124.2,280,2.4,0.86
07:48:30,"[123.0, 209]","[122.0, 66]","[124.09, 35]","[144.0, 11]",123.54,321,1.09,0.71
07:48:31,"[123.0, 98]","[122.0, 54]","[135.0, 9]","[167.51, 41]",129.0,202,12.0,0.5
07:48:32,"[123.0, 120]","[122.0, 60]","[262.9, 10]","[548.6, 10]",192.95,200,139.9,0.8
07:48:33,"[123.0, 100]","[122.0, 54]","[495.97, 33]","[698.24, 17]",309.48,204,372.97,0.51
07:48:34,"[123.0, 77]","[122.0, 42]","[508.0, 35]","[696.29, 7]",315.5,161,385.0,0.48
07:48:35,"[123.0, 81]","[122.0, 48]","[403.0, 32]","[585.62, 16]",263.0,177,280.0,0.46
07:48:36,"[123.0, 60]","[122.0, 36]","[449.5, 10]","[654.42, 26]",286.25,132,326.5,0.45
07:48:37,"[123.0, 24]","[122.0, 24]","[201.0, 4]","[573.25, 20]",162.0,72,78.0,0.33
07:48:38,"[123.0, 24]","[122.0, 24]","[201.0, 4]","[760.0, 20]",162.0,72,78.0,0.33
07:48:39,"[123.0, 39]","[122.0, 60]","[191.68, 40]","[297.76, 29]",157.34,168,68.68,0.18
07:48:40,"[123.8, 25]","[122.8, 148]","[380.07, 67]","[481.88, 68]",251.94,308,256.27,0.12
07:48:41,"[123.04, 53]","[122.37, 38]","[450.77, 13]","[514.65, 23]",286.9,127,327.73,0.43
07:48:42,"[123.0, 116]","[122.0, 60]","[447.9, 10]","[451.0, 50]",285.45,236,324.9,0.49
07:48:43,"[123.25, 32]","[122.53, 38]","[446.0, 5]","[451.0, 25]",284.62,100,322.75,0.4
07:48:44,"[123.79, 39]","[122.91, 64]","[445.5, 8]","[451.0, 40]",284.65,151,321.71,0.36
07:48:45,"[124.88, 40]","[123.0, 64]","[370.85, 20]","[376.11, 28]",247.86,152,245.98,0.37
07:48:46,"[125.0, 28]","[123.0, 48]","[206.22, 18]","[369.43, 14]",165.61,108,81.22,0.41
07:48:47,"[125.0, 45]","[123.0, 120]","[178.77, 30]","[322.71, 59]",151.88,254,53.77,0.3
07:48:48,"[125.0, 27]","[123.0, 72]","[181.82, 11]","[431.21, 33]",153.41,143,56.82,0.38
07:48:49,"[125.0, 27]","[123.0, 72]","[180.23, 13]","[181.09, 23]",152.62,135,55.23,0.47
07:48:50,"[125.0, 24]","[123.0, 64]","[177.67, 12]","[178.55, 20]",151.33,120,52.67,0.47
