Time,Bid1,Bid2,Ask1,Ask2,Mid-Price,Total_volume,Bid_ask_spread,Order_imbalance
07:30:00,"[0, 0]","[0, 0]","[0, 0]","[0, 0]",0.0,0,0.0,0.0
07:30:02,"[1.0, 4]","[0, 0]","[107.27, 11]","[108.0, 6]",54.14,21,106.27,-0.62
07:30:03,"[1.5, 16]","[0, 0]","[106.27, 15]","[170.0, 12]",53.88,43,104.77,-0.26
07:30:04,"[3.0, 12]","[0, 0]","[105.67, 9]","[170.0, 9]",54.33,30,102.67,-0.2
07:30:05,"[76.33, 12]","[3.0, 8]","[165.0, 9]","[289.0, 12]",120.67,41,88.67,-0.02
07:30:06,"[113.0, 20]","[110.0, 20]","[150.0, 15]","[187.94, 16]",131.5,71,37.0,0.13
07:30:07,"[113.0, 20]","[110.0, 20]","[145.0, 15]","[146.6, 15]",129.0,70,32.0,0.14
07:30:08,"[113.0, 12]","[110.0, 12]","[140.33, 9]","[142.0, 9]",126.67,42,27.33,0.14
07:30:09,"[113.0, 6]","[110.0, 12]","[139.33, 9]","[142.0, 9]",126.17,36,26.33,0.0
07:30:10,"[113.0, 22]","[110.0, 44]","[126.68, 37]","[129.62, 39]",119.84,142,13.68,-0.07
07:30:11,"[113.0, 6]","[110.0, 12]","[124.0, 12]","[126.0, 9]",118.5,39,11.0,-0.08
07:30:12,"[113.0, 12]","[110.0, 24]","[124.0, 24]","[126.0, 18]",118.5,78,11.0,-0.08
07:30:13,"[111.2, 15]","[108.62, 39]","[121.55, 22]","[123.4, 20]",116.37,96,10.35,0.12
07:30:14,"[110.0, 9]","[108.0, 27]","[120.4, 10]","[121.55, 11]",115.2,57,10.4,0.26
07:30:15,"[110.0, 27]","[108.0, 81]","[119.03, 29]","[120.65, 34]",114.52,171,9.03,0.26
07:30:16,"[110.0, 33]","[108.0, 99]","[118.0, 44]","[119.0, 33]",114.0,209,8.0,0.26
07:30:17,"[108.12, 82]","[107.17, 77]","[115.15, 41]","[116.08, 50]",111.63,250,7.02,0.27
07:30:18,"[108.07, 58]","[106.89, 97]","[113.13, 45]","[115.0, 60]",110.6,260,5.06,0.19
07:30:19,"[106.0, 52]","[104.0, 56]","[113.0, 43]","[115.2, 51]",109.5,202,7.0,0.07
07:30:20,"[106.0, 68]","[104.0, 34]","[111.3, 73]","[112.72, 58]",108.65,233,5.3,-0.12
07:30:21,"[106.5, 52]","[105.51, 57]","[108.71, 49]","[109.9, 63]",107.61,221,2.21,-0.01
07:30:22,"[106.42, 38]","[105.54, 52]","[110.65, 49]","[115.29, 28]",108.54,167,4.23,0.08
07:30:23,"[108.0, 12]","[106.0, 60]","[110.89, 35]","[113.37, 38]",109.44,145,2.89,-0.01
07:30:24,"[108.53, 17]","[106.37, 49]","[110.44, 54]","[111.98, 61]",109.49,181,1.92,-0.27
07:30:25,"[108.0, 14]","[106.0, 70]","[111.29, 31]","[112.35, 51]",109.65,166,3.29,0.01
07:30:26,"[108.0, 15]","[106.0, 75]","[110.57, 21]","[111.5, 36]",109.29,147,2.57,0.22
07:30:27,"[106.24, 41]","[105.45, 67]","[110.32, 31]","[112.42, 38]",108.28,177,4.08,0.22
07:30:28,"[106.0, 59]","[105.0, 84]","[111.0, 36]","[113.0, 72]",108.5,251,5.0,0.14
07:30:29,"[106.0, 24]","[105.0, 42]","[111.0, 18]","[113.0, 36]",108.5,120,5.0,0.1
07:30:30,"[106.0, 24]","[105.0, 30]","[111.0, 18]","[113.0, 36]",108.5,108,5.0,0.0
07:30:31,"[106.55, 44]","[105.31, 52]","[110.21, 43]","[112.83, 72]",108.38,211,3.66,-0.09
07:30:32,"[106.0, 40]","[104.14, 56]","[108.7, 10]","[110.0, 30]",107.35,136,2.7,0.41
07:30:33,"[106.0, 40]","[104.0, 60]","[107.6, 10]","[109.3, 30]",106.8,140,1.6,0.43
07:30:34,"[106.1, 42]","[104.15, 78]","[108.89, 38]","[109.86, 42]",107.49,200,2.8,0.2
07:30:35,"[107.0, 10]","[106.0, 31]","[109.0, 15]","[110.0, 15]",108.0,71,2.0,0.15
07:30:36,"[106.25, 40]","[104.76, 58]","[108.57, 37]","[109.64, 33]",107.41,168,2.32,0.17
07:30:37,"[106.0, 45]","[104.0, 18]","[107.89, 36]","[109.0, 27]",106.94,126,1.89,0.0
07:30:38,"[105.94, 62]","[103.45, 33]","[107.0, 52]","[108.9, 63]",106.47,210,1.06,-0.1
07:30:39,"[103.05, 38]","[101.88, 96]","[106.92, 52]","[108.0, 39]",104.99,225,3.87,0.19
07:30:40,"[102.01, 72]","[100.6, 40]","[105.69, 55]","[107.73, 45]",103.85,212,3.68,0.06
07:30:41,"[101.07, 42]","[100.38, 32]","[107.0, 39]","[109.0, 65]",104.04,178,5.93,-0.17
07:30:42,"[101.26, 23]","[100.55, 22]","[106.75, 24]","[108.8, 60]",104.01,129,5.49,-0.3
07:30:43,"[103.0, 10]","[101.0, 40]","[104.8, 30]","[107.0, 30]",103.9,110,1.8,-0.09
07:30:44,"[101.08, 96]","[98.27, 88]","[106.45, 38]","[107.95, 42]",103.77,264,5.36,0.39
07:30:45,"[101.0, 70]","[97.0, 60]","[106.64, 22]","[107.49, 35]",103.82,187,5.64,0.39
07:30:46,"[101.0, 124]","[97.0, 108]","[104.28, 43]","[106.55, 71]",102.64,346,3.28,0.34
07:30:47,"[101.65, 60]","[98.77, 62]","[118.8, 25]","[351.41, 37]",110.22,184,17.15,0.33
07:30:48,"[105.57, 42]","[104.73, 44]","[231.0, 27]","[350.5, 40]",168.29,153,125.43,0.12
07:30:49,"[108.0, 30]","[107.0, 60]","[298.33, 36]","[396.38, 32]",203.17,158,190.33,0.14
07:30:50,"[107.94, 16]","[106.93, 30]","[561.0, 12]","[665.6, 20]",334.47,78,453.06,0.18
07:30:51,"[107.0, 40]","[106.0, 68]","[349.4, 20]","[567.09, 22]",228.2,150,242.4,0.44
07:30:52,"[107.0, 8]","[106.0, 64]","[261.0, 8]","[301.43, 14]",184.0,94,154.0,0.53
07:30:53,"[107.0, 12]","[106.0, 96]","[332.71, 17]","[462.89, 18]",219.85,143,225.71,0.51
07:30:54,"[107.0, 10]","[106.0, 80]","[300.83, 12]","[538.31, 16]",203.92,118,193.83,0.53
07:30:55,"[107.0, 4]","[106.0, 32]","[436.0, 4]","[673.5, 6]",271.5,46,329.0,0.57
07:30:56,"[107.0, 14]","[106.0, 112]","[436.0, 14]","[658.7, 23]",271.5,163,329.0,0.55
07:30:57,"[107.0, 9]","[106.0, 112]","[383.23, 22]","[490.44, 18]",245.11,161,276.23,0.5
07:30:58,"[107.0, 8]","[106.0, 128]","[354.59, 22]","[615.0, 24]",230.8,182,247.59,0.49
07:30:59,"[107.0, 10]","[106.0, 160]","[351.64, 14]","[434.0, 24]",229.32,208,244.64,0.63
07:31:00,"[107.0, 10]","[106.0, 160]","[358.18, 22]","[365.05, 19]",232.59,211,251.18,0.61
07:31:01,"[107.96, 52]","[106.27, 44]","[335.96, 25]","[336.93, 29]",221.96,150,228.0,0.28
07:31:02,"[108.0, 39]","[106.06, 53]","[142.52, 46]","[322.23, 26]",125.26,164,34.52,0.12
07:31:03,"[106.55, 58]","[105.52, 91]","[181.82, 22]","[304.65, 17]",144.18,188,75.27,0.59
07:31:04,"[108.0, 22]","[107.0, 88]","[151.32, 28]","[166.7, 30]",129.66,168,43.32,0.31
07:31:05,"[109.69, 26]","[107.0, 104]","[143.0, 26]","[144.27, 33]",126.35,189,33.31,0.38
07:31:06,"[111.75, 24]","[107.8, 30]","[138.6, 10]","[140.11, 9]",125.17,73,26.85,0.48
07:31:07,"[112.0, 73]","[111.0, 26]","[134.67, 30]","[135.41, 27]",123.33,156,22.67,0.27
07:31:08,"[112.0, 22]","[107.14, 58]","[133.0, 16]","[134.0, 24]",122.5,120,21.0,0.33
07:31:09,"[112.0, 30]","[107.0, 120]","[129.9, 31]","[131.16, 37]",120.95,218,17.9,0.38
07:31:10,"[112.0, 28]","[107.0, 112]","[125.79, 28]","[126.86, 28]",118.89,196,13.79,0.43
07:31:11,"[112.0, 14]","[107.0, 80]","[120.47, 15]","[121.94, 17]",116.23,126,8.47,0.49
07:31:12,"[112.0, 12]","[107.0, 96]","[116.69, 26]","[118.08, 24]",114.35,158,4.69,0.37
07:31:13,"[112.0, 8]","[107.0, 64]","[114.37, 19]","[115.29, 21]",113.18,112,2.37,0.29
07:31:14,"[107.31, 48]","[106.41, 58]","[113.0, 22]","[115.0, 33]",110.16,161,5.69,0.32
07:31:15,"[107.0, 36]","[106.0, 34]","[109.77, 26]","[110.79, 29]",108.38,125,2.77,0.12
07:31:16,"[106.06, 33]","[104.63, 27]","[107.4, 30]","[116.47, 30]",106.73,120,1.34,0.0
07:31:17,"[105.0, 14]","[104.0, 28]","[112.88, 25]","[189.67, 15]",108.94,82,7.88,0.02
07:31:18,"[106.02, 45]","[104.41, 34]","[222.55, 22]","[358.31, 16]",164.28,117,116.52,0.35
07:31:19,"[108.26, 62]","[105.0, 126]","[135.21, 38]","[295.36, 14]",121.73,240,26.95,0.57
07:31:20,"[109.91, 44]","[106.38, 100]","[127.73, 30]","[179.5, 12]",118.82,186,17.82,0.55
07:31:21,"[111.82, 33]","[108.71, 28]","[130.67, 48]","[458.58, 12]",121.24,121,18.85,0.01
07:31:22,"[112.0, 17]","[110.0, 7]","[127.86, 28]","[594.0, 16]",119.93,68,15.86,-0.29
07:31:23,"[112.0, 96]","[110.0, 6]","[126.0, 24]","[346.33, 12]",119.0,138,14.0,0.48
07:31:24,"[112.12, 146]","[111.71, 56]","[124.82, 44]","[191.0, 11]",118.47,257,12.69,0.57
07:31:25,"[113.0, 72]","[112.0, 192]","[122.09, 44]","[138.47, 19]",117.55,327,9.09,0.61
07:31:26,"[113.0, 40]","[112.0, 128]","[119.62, 32]","[121.0, 16]",116.31,216,6.62,0.56
07:31:27,"[113.0, 56]","[112.0, 224]","[116.25, 40]","[117.05, 42]",114.62,362,3.25,0.55
07:31:28,"[112.08, 104]","[111.68, 38]","[113.38, 16]","[117.2, 20]",112.73,178,1.3,0.6
07:31:29,"[112.0, 240]","[110.0, 15]","[113.0, 30]","[118.0, 30]",112.5,315,1.0,0.62
07:31:30,"[112.0, 144]","[110.0, 10]","[113.0, 20]","[146.0, 12]",112.5,186,1.0,0.66
07:31:31,"[112.0, 180]","[110.0, 15]","[113.0, 30]","[223.65, 57]",112.5,282,1.0,0.38
07:31:32,"[112.0, 100]","[110.0, 9]","[168.11, 18]","[265.31, 26]",140.06,153,56.11,0.42
07:31:33,"[112.0, 90]","[110.0, 9]","[236.67, 18]","[305.0, 30]",174.33,147,124.67,0.35
07:31:34,"[112.0, 90]","[110.0, 9]","[228.24, 17]","[236.89, 18]",170.12,134,116.24,0.48
07:31:35,"[112.0, 116]","[108.67, 84]","[207.57, 28]","[269.67, 24]",159.79,252,95.57,0.59
07:31:36,"[112.0, 74]","[110.0, 39]","[234.56, 18]","[477.41, 29]",173.28,160,122.56,0.41
07:31:37,"[112.0, 96]","[110.0, 65]","[232.64, 44]","[340.19, 32]",172.32,237,120.64,0.36
07:31:38,"[112.0, 28]","[110.0, 35]","[229.56, 18]","[230.83, 24]",170.78,105,117.56,0.2
07:31:39,"[112.0, 25]","[110.0, 40]","[227.33, 24]","[228.0, 24]",169.67,113,115.33,0.15
07:31:40,"[110.75, 48]","[108.53, 114]","[187.6, 40]","[203.63, 38]",149.18,240,76.85,0.35
07:31:41,"[110.0, 52]","[108.0, 187]","[159.38, 26]","[178.71, 35]",134.69,300,49.38,0.59
07:31:42,"[110.0, 48]","[108.0, 204]","[137.83, 24]","[145.54, 37]",123.92,313,27.83,0.61
07:31:43,"[111.5, 64]","[108.52, 92]","[135.7, 20]","[168.71, 34]",123.6,210,24.2,0.49
07:31:44,"[112.0, 64]","[110.0, 52]","[133.62, 32]","[176.61, 46]",122.81,194,21.62,0.2
07:31:45,"[112.0, 27]","[110.0, 36]","[131.67, 36]","[134.0, 18]",121.83,117,19.67,0.08
07:31:46,"[112.0, 51]","[110.0, 68]","[125.24, 45]","[130.2, 60]",118.62,224,13.24,0.06
07:31:47,"[112.0, 30]","[110.0, 40]","[124.0, 20]","[131.0, 40]",118.0,130,12.0,0.08
07:31:48,"[112.0, 33]","[108.81, 47]","[129.68, 38]","[147.0, 28]",120.84,146,17.68,0.1
07:31:49,"[112.0, 18]","[110.0, 30]","[130.0, 24]","[159.0, 12]",121.0,84,18.0,0.14
07:31:50,"[110.38, 47]","[108.42, 71]","[126.67, 48]","[133.6, 40]",118.52,206,16.28,0.15
07:31:51,"[110.0, 36]","[108.0, 54]","[122.89, 36]","[124.44, 36]",116.44,162,12.89,0.11
07:31:52,"[109.19, 26]","[107.5, 54]","[120.5, 32]","[122.5, 32]",114.85,144,11.31,0.11
07:31:53,"[113.0, 9]","[108.0, 45]","[119.44, 36]","[120.44, 36]",116.22,126,6.44,-0.14
07:31:54,"[113.0, 10]","[108.0, 50]","[117.76, 25]","[118.35, 34]",115.38,119,4.76,0.01
07:31:55,"[108.74, 47]","[107.81, 43]","[112.5, 26]","[117.13, 47]",110.62,163,3.76,0.1
07:31:56,"[108.0, 60]","[107.0, 12]","[109.08, 39]","[110.57, 21]",108.54,132,1.08,0.09
07:31:57,"[105.45, 66]","[90.77, 120]","[107.45, 33]","[108.66, 29]",106.45,248,2.0,0.5
07:31:58,"[104.0, 57]","[82.96, 106]","[153.24, 25]","[216.27, 52]",128.62,240,49.24,0.36
07:31:59,"[104.17, 24]","[95.14, 28]","[108.06, 33]","[182.5, 40]",106.11,125,3.89,-0.17
07:32:00,"[105.0, 15]","[104.0, 75]","[107.73, 70]","[230.33, 75]",106.36,235,2.73,-0.23
07:32:01,"[104.26, 42]","[96.53, 91]","[109.0, 28]","[314.79, 43]",106.63,204,4.74,0.3
07:32:02,"[79.86, 98]","[73.2, 61]","[109.0, 22]","[304.7, 37]",94.43,218,29.14,0.46
07:32:03,"[107.0, 80]","[76.0, 101]","[109.0, 20]","[266.5, 50]",108.0,251,2.0,0.44
07:32:04,"[107.0, 48]","[87.95, 74]","[109.0, 12]","[280.0, 30]",108.0,164,2.0,0.49
07:32:05,"[107.0, 48]","[87.41, 85]","[109.0, 12]","[485.17, 30]",108.0,175,2.0,0.52
07:32:06,"[107.0, 51]","[97.78, 37]","[108.82, 17]","[475.16, 31]",107.91,136,1.82,0.29
07:32:07,"[107.48, 42]","[106.59, 37]","[109.0, 20]","[565.76, 41]",108.24,140,1.52,0.13
07:32:08,"[108.0, 12]","[107.0, 12]","[109.0, 6]","[383.0, 12]",108.5,42,1.0,0.14
07:32:09,"[108.0, 20]","[107.0, 20]","[109.0, 10]","[309.6, 25]",108.5,75,1.0,0.07
07:32:10,"[108.0, 28]","[107.0, 28]","[320.88, 32]","[458.59, 29]",214.44,117,212.88,-0.04
07:32:11,"[109.9, 40]","[107.95, 81]","[355.46, 74]","[550.64, 56]",232.68,251,245.56,-0.04
07:32:12,"[111.56, 18]","[108.0, 45]","[443.87, 30]","[504.0, 30]",277.71,123,332.31,0.02
07:32:13,"[112.0, 17]","[109.17, 48]","[286.88, 17]","[328.46, 24]",199.44,106,174.88,0.23
07:32:14,"[112.0, 22]","[110.0, 48]","[201.67, 12]","[345.0, 36]",156.83,118,89.67,0.19
07:32:15,"[112.0, 24]","[110.0, 32]","[197.62, 26]","[197.95, 22]",154.81,104,85.62,0.08
07:32:16,"[111.43, 42]","[109.45, 55]","[194.03, 37]","[195.06, 51]",152.73,185,82.6,0.05
07:32:17,"[110.0, 28]","[108.0, 61]","[188.1, 30]","[190.31, 36]",149.05,155,78.1,0.15
07:32:18,"[110.0, 22]","[108.0, 66]","[185.26, 47]","[187.12, 25]",147.63,160,75.26,0.1
07:32:19,"[108.25, 63]","[107.38, 64]","[172.11, 38]","[184.26, 42]",140.18,207,63.85,0.23
07:32:20,"[108.0, 39]","[107.0, 48]","[162.57, 28]","[283.76, 55]",135.29,170,54.57,0.02
07:32:21,"[107.78, 27]","[106.49, 43]","[184.0, 60]","[375.38, 47]",145.89,177,76.22,-0.21
07:32:22,"[112.0, 17]","[109.88, 233]","[181.96, 83]","[398.86, 70]",146.98,403,69.96,0.24
07:32:23,"[110.39, 31]","[109.82, 102]","[182.0, 40]","[346.25, 32]",146.19,205,71.61,0.3
07:32:24,"[110.0, 96]","[107.0, 24]","[179.88, 40]","[679.5, 32]",144.94,192,69.88,0.25
07:32:25,"[110.0, 84]","[107.0, 21]","[176.86, 35]","[731.0, 25]",143.43,165,66.86,0.27
07:32:26,"[110.0, 114]","[107.0, 30]","[174.7, 50]","[576.0, 40]",142.35,234,64.7,0.23
07:32:27,"[110.0, 126]","[107.0, 42]","[180.79, 48]","[359.35, 40]",145.4,256,70.79,0.31
07:32:28,"[110.0, 107]","[107.59, 51]","[152.69, 39]","[281.06, 31]",131.35,228,42.69,0.39
07:32:29,"[110.0, 40]","[107.25, 20]","[144.45, 33]","[219.48, 25]",127.23,118,34.45,0.02
07:32:30,"[110.0, 28]","[108.0, 9]","[149.67, 27]","[186.0, 27]",129.83,91,39.67,-0.19
07:32:31,"[110.0, 25]","[108.0, 12]","[149.0, 27]","[181.86, 29]",129.5,93,39.0,-0.2
07:32:32,"[110.0, 24]","[108.0, 20]","[148.32, 31]","[182.3, 30]",129.16,105,38.32,-0.16
07:32:33,"[109.68, 25]","[107.21, 28]","[147.36, 33]","[267.17, 41]",128.52,127,37.68,-0.17
07:32:34,"[108.88, 17]","[106.24, 34]","[146.0, 39]","[396.44, 57]",127.44,147,37.12,-0.31
07:32:35,"[109.36, 11]","[107.08, 13]","[146.0, 21]","[154.0, 35]",127.68,80,36.64,-0.4
07:32:36,"[108.0, 10]","[107.0, 20]","[145.59, 32]","[153.44, 48]",126.8,110,37.59,-0.45
07:32:37,"[108.0, 63]","[107.0, 28]","[142.43, 61]","[143.69, 39]",125.21,191,34.43,-0.05
07:32:38,"[107.57, 14]","[106.57, 28]","[139.18, 49]","[140.18, 33]",123.38,124,31.61,-0.32
07:32:39,"[106.43, 14]","[93.04, 27]","[136.0, 26]","[138.0, 39]",121.21,106,29.57,-0.23
07:32:40,"[109.07, 28]","[107.56, 41]","[134.59, 44]","[136.07, 41]",121.83,154,25.52,-0.1
07:32:41,"[112.52, 21]","[109.32, 85]","[129.25, 63]","[130.28, 43]",120.89,212,16.73,0.0
07:32:42,"[110.4, 40]","[108.67, 84]","[126.76, 54]","[127.33, 30]",118.58,208,16.36,0.19
07:32:43,"[110.0, 48]","[108.0, 84]","[121.85, 47]","[122.9, 31]",115.93,210,11.85,0.26
07:32:44,"[110.0, 43]","[108.0, 98]","[115.43, 46]","[117.57, 42]",112.72,229,5.43,0.23
07:32:45,"[108.6, 20]","[107.91, 44]","[111.0, 28]","[115.5, 12]",109.8,104,2.4,0.23
07:32:46,"[108.0, 82]","[106.0, 12]","[109.33, 36]","[118.0, 36]",108.67,166,1.33,0.13
07:32:47,"[107.58, 38]","[104.86, 14]","[108.79, 42]","[256.0, 48]",108.18,142,1.21,-0.27
07:32:48,"[84.25, 55]","[29.47, 57]","[187.48, 33]","[259.73, 59]",135.87,204,103.23,0.1
07:32:49,"[72.95, 80]","[62.24, 87]","[212.56, 16]","[218.96, 53]",142.76,236,139.61,0.42
07:32:50,"[96.56, 108]","[78.62, 64]","[147.0, 55]","[172.32, 25]",121.78,252,50.44,0.37
07:32:51,"[98.76, 145]","[83.78, 36]","[101.05, 74]","[148.3, 37]",99.91,292,2.3,0.24
07:32:52,"[99.87, 90]","[77.0, 18]","[101.0, 69]","[197.53, 34]",100.43,211,1.13,0.02
07:32:53,"[100.0, 56]","[58.25, 32]","[101.0, 52]","[200.17, 36]",100.5,176,1.0,0.0
07:32:54,"[72.27, 44]","[47.16, 69]","[208.82, 51]","[404.5, 48]",140.55,212,136.55,0.07
07:32:55,"[109.28, 50]","[107.84, 25]","[292.73, 33]","[363.33, 48]",201.0,156,183.45,-0.04
07:32:56,"[111.67, 27]","[109.54, 26]","[185.15, 26]","[288.36, 22]",148.41,101,73.49,0.05
07:32:57,"[113.0, 30]","[110.0, 40]","[251.43, 21]","[493.17, 30]",182.21,121,138.43,0.16
07:32:58,"[113.0, 18]","[110.0, 24]","[333.83, 12]","[371.33, 12]",223.42,66,220.83,0.27
07:32:59,"[113.0, 27]","[110.0, 36]","[388.33, 18]","[441.67, 24]",250.67,105,275.33,0.2
07:33:00,"[113.0, 30]","[110.0, 40]","[508.17, 23]","[585.3, 23]",310.59,116,395.17,0.21
07:33:01,"[113.0, 17]","[110.0, 28]","[362.45, 11]","[493.57, 14]",237.73,70,249.45,0.29
07:33:02,"[110.88, 17]","[108.41, 97]","[219.91, 11]","[493.64, 22]",165.4,147,109.03,0.55
07:33:03,"[111.15, 26]","[108.3, 53]","[323.0, 7]","[662.0, 14]",217.08,100,211.85,0.58
07:33:04,"[112.9, 51]","[111.89, 37]","[405.33, 12]","[639.33, 12]",259.12,112,292.43,0.57
07:33:05,"[113.0, 24]","[112.0, 30]","[296.33, 12]","[594.0, 6]",204.67,72,183.33,0.5
07:33:06,"[113.0, 24]","[112.0, 30]","[288.73, 11]","[491.29, 7]",200.86,72,175.73,0.5
07:33:07,"[113.0, 32]","[112.0, 40]","[317.0, 14]","[580.6, 10]",215.0,96,204.0,0.5
07:33:08,"[113.0, 29]","[112.0, 40]","[451.8, 10]","[636.71, 14]",282.4,93,338.8,0.48
07:33:09,"[113.0, 13]","[112.0, 65]","[521.86, 22]","[585.65, 17]",317.43,117,408.86,0.33
07:33:10,"[113.0, 8]","[112.0, 40]","[235.75, 8]","[635.0, 16]",174.38,72,122.75,0.33
07:33:11,"[113.0, 8]","[112.0, 40]","[177.0, 8]","[584.62, 16]",145.0,72,64.0,0.33
07:33:12,"[113.0, 9]","[112.0, 45]","[177.0, 9]","[386.56, 18]",145.0,81,64.0,0.33
07:33:13,"[112.0, 48]","[110.0, 72]","[368.85, 26]","[409.92, 24]",240.42,170,256.85,0.41
07:33:14,"[112.0, 32]","[110.0, 48]","[179.87, 23]","[297.42, 12]",145.93,115,67.87,0.39
07:33:15,"[109.0, 64]","[107.86, 126]","[149.6, 30]","[334.5, 10]",129.3,230,40.6,0.65
07:33:16,"[110.33, 135]","[107.58, 144]","[148.77, 39]","[221.55, 22]",129.55,340,38.44,0.64
07:33:17,"[113.0, 72]","[108.0, 96]","[147.5, 24]","[148.5, 24]",130.25,216,34.5,0.56
07:33:18,"[113.0, 81]","[108.0, 108]","[146.67, 27]","[148.0, 27]",129.83,243,33.67,0.56
07:33:19,"[113.0, 126]","[108.0, 339]","[144.93, 56]","[147.0, 42]",128.96,563,31.93,0.65
07:33:20,"[113.0, 115]","[108.0, 405]","[139.0, 57]","[140.28, 57]",126.0,634,26.0,0.64
07:33:21,"[113.0, 29]","[108.0, 351]","[132.88, 41]","[134.02, 49]",122.94,470,19.88,0.62
07:33:22,"[111.5, 24]","[108.1, 240]","[127.11, 62]","[128.19, 62]",119.31,388,15.61,0.36
07:33:23,"[110.0, 27]","[108.0, 228]","[121.22, 40]","[122.67, 46]",115.61,341,11.22,0.5
07:33:24,"[110.0, 9]","[108.0, 171]","[115.06, 35]","[116.03, 37]",112.53,252,5.06,0.43
07:33:25,"[108.05, 146]","[107.9, 84]","[110.25, 59]","[111.3, 47]",109.15,336,2.2,0.37
07:33:26,"[108.0, 70]","[107.0, 10]","[109.0, 50]","[110.0, 40]",108.5,170,1.0,-0.06
07:33:27,"[111.0, 15]","[106.29, 35]","[142.68, 22]","[334.22, 18]",126.84,90,31.68,0.11
07:33:28,"[113.0, 9]","[111.61, 33]","[115.0, 9]","[635.89, 9]",114.0,60,2.0,0.4
07:33:29,"[113.0, 12]","[112.0, 45]","[236.54, 13]","[462.67, 9]",174.77,79,123.54,0.44
07:33:30,"[113.0, 16]","[112.0, 40]","[338.8, 30]","[371.38, 32]",225.9,118,225.8,-0.05
07:33:31,"[111.81, 21]","[109.08, 59]","[210.95, 42]","[276.42, 53]",161.38,175,99.14,-0.09
07:33:32,"[108.0, 8]","[106.05, 44]","[217.57, 35]","[218.68, 37]",162.79,124,109.57,-0.16
07:33:33,"[106.8, 20]","[104.59, 41]","[214.8, 49]","[215.84, 50]",160.8,160,108.0,-0.24
07:33:34,"[106.0, 44]","[104.0, 121]","[210.53, 53]","[211.94, 47]",158.26,265,104.53,0.25
07:33:35,"[106.1, 40]","[104.08, 103]","[209.0, 50]","[211.0, 40]",157.55,233,102.9,0.23
07:33:36,"[106.64, 44]","[104.78, 72]","[204.96, 53]","[206.3, 50]",155.8,219,98.33,0.06
07:33:37,"[106.0, 40]","[104.0, 116]","[201.34, 41]","[203.1, 50]",153.67,247,95.34,0.26
07:33:38,"[106.34, 29]","[104.11, 70]","[197.41, 34]","[198.45, 29]",151.88,162,91.07,0.22
07:33:39,"[108.0, 55]","[106.0, 44]","[194.34, 50]","[195.73, 51]",151.17,200,86.34,-0.01
07:33:40,"[108.0, 32]","[106.0, 32]","[189.36, 36]","[192.38, 40]",148.68,140,81.36,-0.09
07:33:41,"[109.43, 56]","[108.0, 42]","[119.95, 66]","[131.92, 62]",114.69,226,10.53,-0.13
07:33:42,"[109.0, 45]","[106.98, 55]","[118.47, 64]","[119.32, 76]",113.73,240,9.47,-0.17
07:33:43,"[108.5, 18]","[107.38, 39]","[113.33, 45]","[114.74, 39]",110.92,141,4.83,-0.19
07:33:44,"[104.49, 90]","[89.17, 30]","[110.56, 34]","[112.07, 44]",107.52,198,6.07,0.21
07:33:45,"[105.6, 50]","[104.15, 170]","[109.14, 37]","[111.0, 15]",107.37,272,3.54,0.62
07:33:46,"[106.0, 208]","[104.0, 154]","[107.43, 14]","[207.38, 24]",106.71,400,1.43,0.81
07:33:47,"[107.66, 135]","[105.22, 170]","[228.51, 41]","[257.94, 35]",168.09,381,120.85,0.6
07:33:48,"[110.0, 91]","[106.0, 169]","[198.57, 21]","[223.61, 41]",154.29,322,88.57,0.61
07:33:49,"[110.0, 66]","[106.0, 156]","[119.0, 12]","[201.0, 19]",114.5,253,9.0,0.75
07:33:50,"[110.0, 20]","[106.0, 65]","[118.2, 5]","[223.0, 10]",114.1,100,8.2,0.7
07:33:51,"[110.0, 34]","[106.05, 133]","[115.94, 18]","[116.45, 20]",112.97,205,5.94,0.63
07:33:52,"[110.0, 8]","[108.0, 8]","[111.44, 9]","[112.21, 14]",110.72,39,1.44,-0.18
07:33:53,"[106.39, 61]","[105.64, 171]","[110.1, 20]","[157.37, 19]",108.25,271,3.71,0.71
07:33:54,"[106.0, 119]","[104.0, 77]","[109.0, 14]","[344.88, 8]",107.5,218,3.0,0.8
07:33:55,"[106.12, 173]","[104.92, 184]","[108.29, 34]","[319.71, 14]",107.2,405,2.18,0.76
07:33:56,"[106.08, 120]","[104.99, 152]","[132.35, 17]","[301.75, 20]",119.22,309,26.27,0.76
07:33:57,"[108.0, 7]","[106.0, 105]","[159.0, 7]","[164.0, 7]",133.5,126,51.0,0.78
07:33:58,"[106.04, 100]","[105.09, 55]","[163.44, 9]","[428.6, 10]",134.74,174,57.4,0.78
07:33:59,"[106.0, 134]","[104.0, 30]","[340.43, 14]","[473.88, 16]",223.21,194,234.43,0.69
07:34:00,"[106.11, 110]","[105.2, 60]","[405.36, 11]","[435.71, 21]",255.74,202,299.25,0.68
07:34:01,"[106.03, 70]","[104.92, 39]","[330.73, 11]","[445.0, 16]",218.38,136,224.7,0.6
07:34:02,"[107.0, 9]","[106.0, 90]","[209.82, 17]","[479.1, 10]",158.41,126,102.82,0.57
07:34:03,"[111.69, 32]","[106.07, 75]","[371.21, 19]","[545.05, 19]",241.45,145,259.52,0.48
07:34:04,"[113.0, 60]","[107.0, 12]","[153.55, 33]","[262.97, 38]",133.27,143,40.55,0.01
07:34:05,"[112.79, 19]","[108.43, 7]","[151.5, 20]","[153.72, 29]",132.14,75,38.71,-0.31
07:34:06,"[112.0, 13]","[107.0, 13]","[147.57, 51]","[149.32, 38]",129.78,115,35.57,-0.55
07:34:07,"[106.18, 65]","[104.26, 23]","[133.67, 45]","[135.0, 27]",119.93,160,27.48,0.1
07:34:08,"[106.0, 90]","[104.0, 33]","[132.12, 25]","[133.11, 53]",119.06,201,26.12,0.22
07:34:09,"[106.0, 51]","[104.0, 36]","[110.82, 33]","[126.7, 27]",108.41,147,4.82,0.18
07:34:10,"[106.0, 45]","[104.0, 45]","[108.97, 65]","[120.38, 32]",107.48,187,2.97,-0.04
07:34:11,"[106.0, 33]","[104.0, 33]","[107.07, 30]","[108.17, 24]",106.53,120,1.07,0.1
07:34:12,"[104.78, 23]","[93.92, 25]","[107.0, 20]","[108.0, 20]",105.89,88,2.22,0.09
07:34:13,"[104.0, 16]","[87.25, 16]","[107.62, 16]","[225.25, 16]",105.81,64,3.62,0.0
07:34:14,"[105.26, 38]","[79.3, 20]","[232.38, 26]","[495.83, 47]",168.82,131,127.12,-0.11
07:34:15,"[106.0, 32]","[104.0, 16]","[147.0, 16]","[568.62, 37]",126.5,101,41.0,-0.05
07:34:16,"[106.69, 13]","[105.89, 38]","[158.0, 20]","[529.71, 28]",132.35,99,51.31,0.03
07:34:17,"[106.21, 14]","[85.33, 48]","[286.86, 28]","[369.52, 33]",196.54,123,180.64,0.01
07:34:18,"[106.0, 6]","[104.0, 18]","[395.54, 13]","[447.88, 17]",250.77,54,289.54,-0.11
07:34:19,"[106.0, 15]","[104.0, 45]","[241.14, 44]","[273.59, 54]",173.57,158,135.14,-0.24
07:34:20,"[106.83, 29]","[104.7, 23]","[197.83, 48]","[225.0, 52]",152.33,152,91.01,-0.32
07:34:21,"[106.25, 16]","[92.8, 10]","[140.32, 19]","[251.78, 23]",123.28,68,34.07,-0.24
07:34:22,"[107.0, 27]","[104.0, 18]","[208.44, 32]","[235.0, 30]",157.72,107,101.44,-0.16
07:34:23,"[110.76, 45]","[107.52, 64]","[204.0, 39]","[205.87, 46]",157.38,194,93.24,0.12
07:34:24,"[113.0, 65]","[108.0, 99]","[200.47, 38]","[204.41, 37]",156.74,239,87.47,0.37
07:34:25,"[108.46, 109]","[107.35, 51]","[139.29, 62]","[140.98, 53]",123.87,275,30.83,0.16
07:34:26,"[108.0, 100]","[107.0, 36]","[136.0, 36]","[137.0, 48]",122.0,220,28.0,0.24
07:34:27,"[108.0, 141]","[107.0, 60]","[133.05, 77]","[134.34, 86]",120.53,364,25.05,0.1
07:34:28,"[108.0, 144]","[107.0, 27]","[131.0, 36]","[132.0, 45]",119.5,252,23.0,0.36
07:34:29,"[108.0, 208]","[107.0, 39]","[127.66, 50]","[128.69, 51]",117.83,348,19.66,0.42
07:34:30,"[108.0, 148]","[107.0, 39]","[124.27, 49]","[125.33, 45]",116.13,281,16.27,0.33
07:34:31,"[108.12, 128]","[107.6, 75]","[122.4, 68]","[123.77, 44]",115.26,315,14.28,0.29
07:34:32,"[109.0, 39]","[108.0, 104]","[119.77, 52]","[121.11, 57]",114.38,252,10.77,0.13
07:34:33,"[109.83, 36]","[108.0, 96]","[116.28, 58]","[117.88, 40]",113.05,230,6.44,0.15
07:34:34,"[110.0, 40]","[108.0, 112]","[114.71, 70]","[115.79, 70]",112.36,292,4.71,0.04
07:34:35,"[108.0, 84]","[107.0, 42]","[110.92, 62]","[113.0, 60]",109.46,248,2.92,0.02
07:34:36,"[107.85, 20]","[106.97, 37]","[110.29, 45]","[117.64, 61]",109.07,163,2.44,-0.3
07:34:37,"[107.0, 33]","[106.0, 46]","[109.68, 37]","[133.64, 55]",108.34,171,2.68,-0.08
07:34:38,"[107.0, 11]","[106.0, 40]","[108.6, 10]","[109.79, 19]",107.8,80,1.6,0.28
07:34:39,"[106.06, 51]","[105.6, 30]","[108.28, 29]","[127.0, 30]",107.17,140,2.22,0.16
07:34:40,"[106.3, 120]","[104.8, 20]","[107.7, 46]","[390.98, 43]",107.0,229,1.4,0.22
07:34:41,"[107.0, 208]","[106.0, 52]","[439.59, 37]","[645.5, 60]",273.3,357,332.59,0.46
07:34:42,"[107.0, 108]","[106.0, 36]","[539.18, 33]","[638.73, 15]",323.09,192,432.18,0.5
07:34:43,"[108.82, 142]","[107.47, 38]","[473.45, 22]","[521.86, 43]",291.14,245,364.64,0.47
07:34:44,"[108.84, 51]","[106.53, 38]","[292.21, 34]","[425.81, 27]",200.52,150,183.36,0.19
07:34:45,"[108.0, 20]","[106.0, 40]","[125.36, 14]","[129.8, 46]",116.68,120,17.36,0.0
07:34:46,"[111.46, 26]","[106.55, 22]","[124.86, 7]","[178.36, 33]",118.16,88,13.4,0.09
07:34:47,"[113.0, 78]","[109.54, 35]","[121.67, 15]","[520.2, 50]",117.33,178,8.67,0.27
07:34:48,"[113.0, 28]","[110.0, 21]","[120.0, 21]","[121.0, 7]",116.5,77,7.0,0.27
07:34:49,"[113.0, 32]","[110.0, 24]","[120.0, 24]","[121.0, 8]",116.5,88,7.0,0.27
07:34:50,"[113.0, 40]","[110.0, 30]","[117.65, 20]","[118.75, 20]",115.33,110,4.65,0.27
07:34:51,"[113.0, 24]","[110.0, 18]","[115.75, 12]","[116.25, 12]",114.38,66,2.75,0.27
07:34:52,"[112.42, 31]","[109.5, 40]","[114.1, 30]","[182.5, 24]",113.26,125,1.68,0.14
07:34:53,"[108.24, 51]","[107.1, 100]","[113.82, 33]","[299.91, 47]",111.03,231,5.58,0.31
07:34:54,"[108.0, 45]","[107.0, 90]","[111.44, 27]","[112.56, 27]",109.72,189,3.44,0.43
07:34:55,"[108.0, 22]","[107.0, 50]","[109.0, 15]","[206.76, 17]",108.5,104,1.0,0.38
07:34:56,"[108.0, 16]","[107.0, 80]","[323.4, 35]","[527.84, 25]",215.7,156,215.4,0.23
07:34:57,"[107.47, 19]","[106.96, 73]","[428.16, 43]","[584.31, 32]",267.82,167,320.69,0.1
07:34:58,"[108.0, 14]","[107.0, 70]","[221.0, 14]","[439.29, 21]",164.5,119,113.0,0.41
07:34:59,"[108.0, 12]","[107.0, 70]","[209.62, 24]","[466.82, 17]",158.81,123,101.62,0.33
07:35:00,"[108.0, 13]","[107.0, 130]","[175.0, 65]","[434.89, 27]",141.5,235,67.0,0.22
07:35:01,"[110.11, 36]","[106.88, 69]","[206.44, 45]","[418.89, 27]",158.28,177,96.33,0.19
07:35:02,"[113.0, 55]","[107.0, 84]","[393.83, 36]","[415.71, 38]",253.42,213,280.83,0.31
07:35:03,"[113.0, 40]","[110.64, 77]","[393.0, 10]","[419.0, 30]",253.0,157,280.0,0.49
07:35:04,"[113.0, 48]","[112.0, 96]","[278.77, 26]","[337.12, 34]",195.88,204,165.77,0.41
07:35:05,"[113.0, 28]","[112.0, 56]","[178.92, 13]","[348.8, 15]",145.96,112,65.92,0.5
07:35:06,"[112.0, 63]","[107.0, 77]","[177.27, 33]","[180.0, 11]",144.64,184,65.27,0.52
07:35:07,"[112.0, 36]","[107.5, 42]","[160.79, 19]","[162.38, 24]",136.39,121,48.79,0.29
07:35:08,"[107.05, 64]","[96.16, 38]","[145.91, 11]","[177.0, 33]",126.48,146,38.86,0.4
07:35:09,"[106.82, 67]","[99.84, 51]","[143.31, 36]","[149.1, 20]",125.06,174,36.48,0.36
07:35:10,"[107.0, 36]","[106.0, 48]","[140.3, 30]","[141.61, 18]",123.65,132,33.3,0.27
07:35:11,"[106.5, 48]","[105.45, 44]","[139.84, 37]","[140.56, 18]",123.17,147,33.34,0.25
07:35:12,"[106.0, 50]","[104.0, 16]","[136.53, 15]","[137.83, 12]",121.27,93,30.53,0.42
07:35:13,"[106.14, 72]","[104.4, 25]","[134.5, 16]","[135.56, 27]",120.32,140,28.36,0.39
07:35:14,"[107.6, 100]","[106.0, 50]","[133.0, 10]","[135.0, 20]",120.3,180,25.4,0.67
07:35:15,"[107.0, 80]","[105.11, 36]","[128.9, 21]","[134.1, 31]",117.95,168,21.9,0.38
07:35:16,"[106.0, 48]","[104.43, 28]","[115.2, 20]","[135.0, 24]",110.6,120,9.2,0.27
07:35:17,"[104.98, 61]","[102.89, 18]","[186.8, 10]","[400.76, 21]",145.89,110,81.82,0.44
07:35:18,"[106.68, 71]","[105.7, 27]","[411.0, 36]","[584.94, 17]",258.84,151,304.32,0.3
07:35:19,"[113.0, 66]","[109.0, 42]","[403.38, 13]","[460.59, 17]",258.19,138,290.38,0.57
07:35:20,"[113.0, 66]","[109.83, 42]","[382.0, 8]","[410.89, 18]",247.5,134,269.0,0.61
07:35:21,"[113.0, 90]","[110.0, 70]","[185.7, 10]","[304.0, 19]",149.35,189,72.7,0.69
07:35:22,"[113.0, 77]","[110.0, 93]","[129.0, 11]","[210.15, 13]",121.0,194,16.0,0.75
07:35:23,"[113.0, 24]","[110.0, 88]","[128.0, 8]","[255.0, 8]",120.5,128,15.0,0.75
07:35:24,"[113.0, 33]","[110.0, 121]","[127.0, 11]","[135.95, 21]",120.0,186,14.0,0.66
07:35:25,"[113.0, 27]","[110.0, 99]","[125.44, 25]","[128.6, 10]",119.22,161,12.44,0.57
07:35:26,"[111.86, 49]","[109.93, 141]","[121.71, 14]","[125.0, 42]",116.79,246,9.86,0.54
07:35:27,"[111.21, 113]","[110.0, 38]","[121.0, 9]","[125.0, 27]",116.11,187,9.79,0.61
07:35:28,"[112.0, 104]","[110.0, 54]","[119.82, 11]","[121.84, 25]",115.91,194,7.82,0.63
07:35:29,"[112.0, 85]","[110.0, 60]","[116.93, 28]","[118.5, 12]",114.46,185,4.93,0.57
07:35:30,"[112.0, 35]","[110.0, 78]","[114.9, 21]","[115.39, 31]",113.45,165,2.9,0.37
07:35:31,"[111.07, 28]","[108.98, 53]","[115.0, 24]","[376.18, 17]",113.04,122,3.93,0.33
07:35:32,"[113.0, 12]","[110.0, 12]","[115.0, 18]","[186.0, 24]",114.0,66,2.0,-0.27
07:35:33,"[111.0, 12]","[109.2, 20]","[166.36, 22]","[331.67, 12]",138.68,66,55.36,-0.03
07:35:34,"[110.0, 20]","[109.0, 40]","[185.14, 28]","[343.82, 22]",147.57,110,75.14,0.09
07:35:35,"[109.35, 17]","[108.15, 78]","[181.0, 56]","[185.0, 14]",145.18,165,71.65,0.15
07:35:36,"[110.33, 12]","[108.02, 49]","[180.67, 18]","[181.44, 27]",145.5,106,70.33,0.15
07:35:37,"[113.0, 40]","[109.0, 10]","[174.4, 10]","[180.97, 37]",143.7,97,61.4,0.03
07:35:38,"[113.0, 24]","[109.0, 6]","[179.0, 6]","[191.0, 9]",146.0,45,66.0,0.33
07:35:39,"[108.29, 140]","[107.11, 35]","[177.44, 16]","[189.06, 16]",142.86,207,69.15,0.69
07:35:40,"[108.0, 130]","[107.0, 39]","[172.24, 17]","[173.33, 15]",140.12,201,64.24,0.68
07:35:41,"[108.0, 79]","[107.0, 42]","[165.71, 14]","[167.21, 14]",136.86,149,57.71,0.62
07:35:42,"[108.0, 63]","[107.0, 27]","[162.6, 10]","[163.47, 15]",135.3,115,54.6,0.57
07:35:43,"[109.28, 53]","[107.93, 142]","[160.24, 17]","[161.65, 20]",134.76,232,50.95,0.68
07:35:44,"[111.73, 22]","[108.0, 121]","[155.42, 12]","[156.54, 13]",133.57,168,43.69,0.7
07:35:45,"[112.0, 26]","[108.06, 125]","[151.11, 28]","[153.47, 17]",131.55,196,39.11,0.54
07:35:46,"[112.0, 24]","[110.0, 24]","[147.23, 13]","[149.43, 47]",129.62,108,35.23,-0.11
07:35:47,"[112.0, 14]","[110.0, 14]","[145.0, 7]","[146.0, 14]",128.5,49,33.0,0.14
07:35:48,"[112.0, 24]","[110.0, 24]","[141.48, 25]","[141.44, 27]",126.74,100,29.48,-0.04
07:35:49,"[112.0, 22]","[110.0, 22]","[137.0, 26]","[138.52, 29]",124.5,99,25.0,-0.11
07:35:50,"[111.88, 17]","[109.19, 27]","[135.08, 26]","[135.33, 24]",123.48,94,23.19,-0.06
07:35:51,"[108.17, 48]","[107.85, 52]","[133.4, 10]","[134.4, 20]",120.78,130,25.23,0.54
07:35:52,"[108.09, 112]","[107.35, 31]","[128.63, 35]","[128.94, 31]",118.36,209,20.54,0.37
07:35:53,"[108.65, 46]","[107.8, 41]","[126.0, 7]","[127.0, 35]",117.33,129,17.35,0.35
07:35:54,"[108.0, 110]","[107.0, 26]","[120.31, 35]","[123.87, 31]",114.16,202,12.31,0.35
07:35:55,"[108.16, 64]","[107.4, 30]","[111.92, 37]","[112.18, 44]",110.04,175,3.76,0.07
07:35:56,"[108.69, 29]","[107.33, 54]","[110.0, 44]","[111.29, 35]",109.34,162,1.31,0.02
07:35:57,"[107.02, 63]","[106.03, 213]","[109.76, 29]","[168.33, 15]",108.39,320,2.74,0.72
07:35:58,"[107.0, 50]","[106.0, 200]","[108.6, 25]","[109.4, 25]",107.8,300,1.6,0.67
07:35:59,"[106.18, 152]","[104.62, 183]","[107.56, 32]","[108.89, 37]",106.87,404,1.38,0.66
07:36:00,"[106.0, 160]","[96.67, 66]","[113.23, 31]","[167.64, 33]",109.61,290,7.23,0.56
07:36:01,"[106.75, 36]","[105.93, 121]","[182.93, 41]","[268.57, 21]",144.84,219,76.18,0.43
07:36:02,"[108.38, 26]","[106.06, 96]","[179.25, 48]","[217.41, 34]",143.82,204,70.87,0.2
07:36:03,"[106.7, 50]","[104.86, 28]","[169.22, 36]","[226.86, 21]",137.96,135,62.52,0.16
07:36:04,"[106.0, 72]","[93.31, 32]","[167.5, 32]","[505.0, 16]",136.75,152,61.5,0.37
07:36:05,"[106.0, 36]","[52.25, 24]","[166.75, 16]","[515.0, 6]",136.38,82,60.75,0.46
07:36:06,"[106.8, 75]","[93.33, 54]","[165.44, 36]","[460.67, 12]",136.12,177,58.64,0.46
07:36:07,"[108.0, 52]","[106.0, 116]","[164.0, 48]","[276.09, 22]",136.0,238,56.0,0.41
07:36:08,"[108.0, 16]","[106.0, 90]","[164.0, 40]","[190.0, 20]",136.0,166,56.0,0.28
07:36:09,"[107.37, 19]","[98.61, 79]","[163.83, 48]","[190.0, 24]",135.6,170,56.46,0.15
07:36:10,"[104.0, 9]","[80.0, 36]","[162.33, 36]","[275.64, 11]",133.17,92,58.33,-0.02
07:36:11,"[105.75, 55]","[101.85, 26]","[162.0, 40]","[275.71, 28]",133.87,149,56.25,0.09
07:36:12,"[109.2, 71]","[107.86, 59]","[161.08, 52]","[312.47, 19]",135.14,201,51.88,0.29
07:36:13,"[111.04, 46]","[110.0, 78]","[160.88, 50]","[256.53, 19]",135.96,193,49.84,0.28
07:36:14,"[112.0, 20]","[110.0, 60]","[158.71, 28]","[160.67, 36]",135.36,144,46.71,0.11
07:36:15,"[111.73, 30]","[109.97, 76]","[158.35, 46]","[159.23, 52]",135.04,204,46.61,0.04
07:36:16,"[110.0, 40]","[109.0, 30]","[131.45, 20]","[157.07, 30]",120.72,120,21.45,0.17
07:36:17,"[110.0, 20]","[109.0, 24]","[122.0, 8]","[156.2, 20]",116.0,72,12.0,0.22
07:36:18,"[110.0, 18]","[109.0, 27]","[120.0, 27]","[131.0, 17]",115.0,89,10.0,0.01
07:36:19,"[110.0, 20]","[109.0, 30]","[116.6, 30]","[117.8, 30]",113.3,110,6.6,-0.09
07:36:20,"[108.94, 34]","[107.89, 47]","[112.16, 38]","[113.54, 37]",110.55,156,3.22,0.04
07:36:21,"[107.0, 60]","[106.0, 45]","[108.7, 30]","[109.8, 30]",107.85,165,1.7,0.27
07:36:22,"[107.0, 54]","[106.0, 17]","[108.0, 18]","[109.0, 27]",107.5,116,1.0,0.22
07:36:23,"[106.3, 30]","[104.63, 19]","[108.0, 18]","[320.44, 27]",107.15,94,1.7,0.04
07:36:24,"[106.0, 27]","[104.0, 9]","[108.0, 18]","[295.09, 35]",107.0,89,2.0,-0.19
07:36:25,"[46.06, 33]","[26.27, 22]","[127.5, 18]","[191.62, 21]",86.78,94,81.44,0.17
07:36:26,"[47.88, 50]","[31.65, 17]","[101.0, 7]","[187.0, 35]",74.44,109,53.12,0.23
07:36:27,"[70.06, 33]","[50.98, 51]","[100.71, 14]","[183.69, 52]",85.39,150,30.65,0.12
07:36:28,"[80.78, 99]","[79.0, 18]","[99.78, 9]","[101.0, 9]",90.28,135,19.0,0.73
07:36:29,"[87.31, 45]","[83.73, 45]","[99.67, 9]","[101.71, 21]",93.49,120,12.36,0.5
07:36:30,"[99.5, 12]","[87.83, 12]","[151.67, 6]","[170.67, 30]",125.58,60,52.17,-0.2
07:36:31,"[38.32, 76]","[34.79, 53]","[140.75, 16]","[215.15, 39]",89.53,184,102.43,0.4
07:36:32,"[43.06, 51]","[34.94, 64]","[116.0, 12]","[167.55, 22]",79.53,149,72.94,0.54
07:36:33,"[111.95, 64]","[103.26, 130]","[196.48, 23]","[318.23, 31]",154.22,248,84.53,0.56
07:36:34,"[113.0, 21]","[110.0, 98]","[423.88, 25]","[455.25, 8]",268.44,152,310.88,0.57
07:36:35,"[113.0, 19]","[111.0, 56]","[423.0, 36]","[590.0, 12]",268.0,123,310.0,0.22
07:36:36,"[113.0, 68]","[112.0, 16]","[423.0, 16]","[647.0, 4]",268.0,104,310.0,0.62
07:36:37,"[113.0, 220]","[112.0, 40]","[380.79, 38]","[473.75, 16]",246.89,314,267.79,0.66
07:36:38,"[113.0, 154]","[112.0, 28]","[207.75, 16]","[309.6, 20]",160.38,218,94.75,0.67
07:36:39,"[113.0, 110]","[112.0, 20]","[177.0, 20]","[251.0, 8]",145.0,158,64.0,0.65
07:36:40,"[113.0, 152]","[112.0, 32]","[176.88, 32]","[470.0, 8]",144.94,224,63.88,0.64
07:36:41,"[113.0, 162]","[112.0, 36]","[176.0, 36]","[470.0, 9]",144.5,243,63.0,0.63
07:36:42,"[113.0, 67]","[112.0, 16]","[176.0, 16]","[274.17, 12]",144.5,111,63.0,0.5
07:36:43,"[112.95, 82]","[111.41, 34]","[172.4, 25]","[220.62, 26]",142.68,167,59.45,0.39
07:36:44,"[110.07, 107]","[109.23, 43]","[168.75, 48]","[226.88, 40]",139.41,238,58.68,0.26
07:36:45,"[111.2, 45]","[109.91, 69]","[167.11, 36]","[542.0, 45]",139.16,195,55.91,0.17
07:36:46,"[112.0, 27]","[110.0, 81]","[164.44, 36]","[264.32, 38]",138.22,182,52.44,0.19
07:36:47,"[112.0, 30]","[110.0, 90]","[159.9, 40]","[161.5, 40]",135.95,200,47.9,0.2
07:36:48,"[112.0, 21]","[110.0, 63]","[158.37, 19]","[159.14, 28]",135.18,131,46.37,0.28
07:36:49,"[110.55, 55]","[109.75, 60]","[156.0, 10]","[158.0, 40]",133.27,165,45.45,0.39
07:36:50,"[110.0, 55]","[109.0, 24]","[155.12, 8]","[157.14, 14]",132.56,101,45.12,0.56
07:36:51,"[110.0, 68]","[109.0, 36]","[153.36, 14]","[155.0, 12]",131.68,130,43.36,0.6
07:36:52,"[111.76, 41]","[109.94, 48]","[148.94, 16]","[150.15, 13]",130.35,118,37.18,0.51
07:36:53,"[112.0, 18]","[110.0, 75]","[142.72, 50]","[143.32, 37]",127.36,180,30.72,0.03
07:36:54,"[112.0, 11]","[109.0, 33]","[137.81, 16]","[138.74, 35]",124.91,95,25.81,-0.07
07:36:55,"[111.31, 13]","[108.88, 34]","[132.88, 25]","[135.33, 30]",122.09,102,21.57,-0.08
07:36:56,"[108.64, 66]","[107.38, 77]","[127.62, 34]","[130.51, 37]",118.13,214,18.98,0.34
07:36:57,"[109.0, 99]","[108.0, 33]","[123.86, 22]","[125.33, 27]",116.43,181,14.86,0.46
07:36:58,"[109.0, 35]","[108.0, 21]","[121.67, 18]","[123.27, 11]",115.33,85,12.67,0.32
07:36:59,"[109.0, 50]","[108.0, 30]","[117.8, 15]","[118.87, 15]",113.4,110,8.8,0.45
07:37:00,"[110.27, 11]","[109.0, 55]","[112.92, 24]","[114.61, 18]",111.59,108,2.64,0.22
07:37:01,"[109.05, 40]","[108.16, 32]","[112.21, 14]","[114.12, 16]",110.63,102,3.16,0.41
07:37:02,"[108.64, 33]","[107.48, 69]","[109.92, 26]","[252.81, 42]",109.28,170,1.29,0.2
07:37:03,"[108.0, 29]","[107.0, 99]","[109.79, 53]","[173.1, 71]",108.9,252,1.79,0.02
07:37:04,"[107.0, 137]","[106.0, 117]","[174.86, 44]","[190.31, 65]",140.93,363,67.86,0.4
07:37:05,"[107.0, 90]","[106.0, 81]","[194.35, 37]","[253.59, 17]",150.68,225,87.35,0.52
07:37:06,"[107.0, 130]","[106.0, 117]","[166.64, 25]","[235.49, 41]",136.82,313,59.64,0.58
07:37:07,"[107.04, 83]","[106.17, 108]","[144.0, 13]","[357.98, 47]",125.52,251,36.96,0.52
07:37:08,"[107.46, 78]","[106.23, 105]","[144.0, 13]","[316.69, 65]",125.73,261,36.54,0.4
07:37:09,"[109.0, 50]","[107.0, 60]","[142.8, 10]","[216.0, 50]",125.9,170,33.8,0.29
07:37:10,"[109.0, 40]","[107.0, 48]","[141.62, 8]","[289.4, 25]",125.31,121,32.62,0.45
07:37:11,"[109.0, 50]","[107.0, 60]","[141.0, 10]","[348.86, 29]",125.0,149,32.0,0.48
07:37:12,"[109.0, 50]","[107.0, 60]","[140.0, 10]","[279.5, 20]",124.5,140,31.0,0.57
07:37:13,"[109.0, 35]","[107.0, 42]","[138.43, 7]","[258.54, 26]",123.71,110,29.43,0.4
07:37:14,"[109.0, 60]","[107.0, 72]","[136.75, 12]","[305.0, 24]",122.88,168,27.75,0.57
07:37:15,"[109.0, 41]","[107.0, 54]","[133.67, 9]","[349.11, 18]",121.33,122,24.67,0.56
07:37:16,"[109.0, 40]","[107.0, 60]","[132.5, 10]","[405.28, 18]",120.75,128,23.5,0.56
07:37:17,"[109.79, 38]","[107.65, 62]","[129.25, 12]","[132.5, 12]",119.52,124,19.46,0.61
07:37:18,"[112.0, 14]","[109.0, 28]","[124.43, 7]","[125.57, 7]",118.21,56,12.43,0.5
07:37:19,"[112.0, 22]","[109.0, 44]","[122.27, 11]","[123.64, 11]",117.14,88,10.27,0.5
07:37:20,"[112.0, 20]","[109.0, 40]","[118.23, 13]","[121.7, 10]",115.12,83,6.23,0.45
07:37:21,"[112.0, 14]","[109.0, 48]","[114.59, 17]","[119.29, 14]",113.29,93,2.59,0.33
07:37:22,"[109.33, 18]","[107.36, 44]","[113.17, 6]","[115.17, 6]",111.25,74,3.83,0.68
07:37:23,"[107.07, 121]","[106.19, 48]","[111.35, 20]","[151.8, 30]",109.21,219,4.28,0.54
07:37:24,"[107.0, 131]","[106.0, 48]","[111.26, 46]","[112.4, 20]",109.13,245,4.26,0.46
07:37:25,"[107.0, 48]","[106.0, 18]","[110.0, 6]","[111.0, 18]",108.5,90,3.0,0.47
07:37:26,"[107.51, 113]","[106.64, 59]","[110.44, 27]","[130.38, 32]",108.98,231,2.93,0.49
07:37:27,"[108.85, 131]","[107.57, 28]","[110.22, 68]","[144.68, 38]",109.53,265,1.37,0.2
07:37:28,"[108.72, 36]","[106.92, 40]","[494.56, 36]","[636.95, 37]",301.64,149,385.83,0.02
07:37:29,"[108.74, 34]","[106.11, 38]","[687.14, 28]","[742.0, 12]",397.94,112,578.41,0.29
07:37:30,"[105.21, 109]","[104.15, 85]","[479.22, 18]","[0, 0]",292.22,212,374.01,0.83
07:37:31,"[107.0, 94]","[105.0, 144]","[410.67, 18]","[0, 0]",258.83,256,303.67,0.86
07:37:32,"[107.0, 45]","[105.0, 96]","[590.67, 12]","[0, 0]",348.83,153,483.67,0.84
07:37:33,"[109.7, 61]","[105.57, 74]","[495.43, 14]","[0, 0]",302.57,149,385.72,0.81
07:37:34,"[112.0, 78]","[107.0, 63]","[388.33, 18]","[453.5, 8]",250.17,167,276.33,0.69
07:37:35,"[112.0, 56]","[107.0, 49]","[449.86, 14]","[572.71, 14]",280.93,133,337.86,0.58
07:37:36,"[112.0, 56]","[107.0, 49]","[424.0, 14]","[511.0, 14]",268.0,133,312.0,0.58
07:37:37,"[112.0, 43]","[107.0, 42]","[286.71, 7]","[297.91, 11]",199.36,103,174.71,0.65
07:37:38,"[112.0, 77]","[107.0, 77]","[296.55, 11]","[297.71, 17]",204.27,182,184.55,0.69
07:37:39,"[112.0, 51]","[107.0, 56]","[284.64, 11]","[290.0, 10]",198.32,128,172.64,0.67
07:37:40,"[112.0, 66]","[107.0, 77]","[274.18, 11]","[275.43, 14]",193.09,168,162.18,0.7
07:37:41,"[112.0, 59]","[108.2, 70]","[271.5, 14]","[275.0, 14]",191.75,157,159.5,0.64
07:37:42,"[112.0, 12]","[111.0, 36]","[257.31, 16]","[272.33, 12]",184.66,76,145.31,0.26
07:37:43,"[109.73, 15]","[107.49, 61]","[225.71, 14]","[241.31, 16]",167.72,106,115.98,0.43
07:37:44,"[108.0, 5]","[107.0, 35]","[128.0, 5]","[157.29, 7]",118.0,52,20.0,0.54
07:37:45,"[107.31, 51]","[106.85, 33]","[125.33, 9]","[127.0, 9]",116.32,102,18.02,0.65
07:37:46,"[108.0, 55]","[107.0, 77]","[123.09, 11]","[124.55, 11]",115.55,154,15.09,0.71
07:37:47,"[108.8, 50]","[107.78, 64]","[120.17, 12]","[121.5, 12]",114.48,138,11.37,0.65
07:37:48,"[109.0, 54]","[107.0, 42]","[119.0, 6]","[286.69, 13]",114.0,115,10.0,0.67
07:37:49,"[109.0, 99]","[107.0, 77]","[116.64, 11]","[119.0, 23]",112.82,210,7.64,0.68
07:37:50,"[109.0, 63]","[107.0, 49]","[115.43, 7]","[117.29, 7]",112.21,126,6.43,0.78
07:37:51,"[109.13, 62]","[107.92, 78]","[114.9, 10]","[116.0, 10]",112.01,160,5.77,0.75
07:37:52,"[109.11, 91]","[107.59, 153]","[111.65, 26]","[285.5, 32]",110.38,302,2.54,0.62
07:37:53,"[107.7, 74]","[106.91, 132]","[110.64, 42]","[111.38, 24]",109.17,272,2.94,0.51
07:37:54,"[107.0, 128]","[106.0, 42]","[166.86, 44]","[254.23, 61]",136.93,275,59.86,0.24
07:37:55,"[107.5, 12]","[106.92, 39]","[231.0, 29]","[437.57, 23]",169.25,103,123.5,-0.01
07:37:56,"[111.0, 16]","[106.67, 18]","[259.9, 30]","[387.54, 35]",185.45,99,148.9,-0.31
07:37:57,"[111.76, 17]","[107.47, 17]","[399.0, 30]","[475.64, 33]",255.38,97,287.24,-0.3
07:37:58,"[107.25, 24]","[106.86, 63]","[378.22, 27]","[462.18, 34]",242.74,148,270.97,0.18
07:37:59,"[107.0, 30]","[106.0, 20]","[365.0, 18]","[411.0, 20]",236.0,88,258.0,0.14
07:38:00,"[107.0, 32]","[106.0, 32]","[216.22, 27]","[323.58, 26]",161.61,117,109.22,0.09
07:38:01,"[106.6, 20]","[105.36, 25]","[117.19, 31]","[265.82, 22]",111.9,98,10.59,-0.08
07:38:02,"[107.64, 11]","[105.96, 23]","[117.0, 35]","[187.89, 27]",112.32,96,9.36,-0.29
07:38:03,"[106.0, 16]","[105.0, 32]","[115.0, 40]","[196.0, 32]",110.5,120,9.0,-0.2
07:38:04,"[106.0, 28]","[105.0, 140]","[113.21, 70]","[282.77, 52]",109.61,290,7.21,0.16
07:38:05,"[106.0, 14]","[105.0, 120]","[111.86, 28]","[229.03, 31]",108.93,193,5.86,0.39
07:38:06,"[105.2, 54]","[104.96, 168]","[108.21, 38]","[150.86, 43]",106.71,303,3.01,0.47
07:38:07,"[105.0, 136]","[103.57, 14]","[252.9, 40]","[269.56, 39]",178.95,229,147.9,0.31
07:38:08,"[105.0, 90]","[103.2, 10]","[251.44, 36]","[252.67, 36]",178.22,172,146.44,0.16
07:38:09,"[107.01, 73]","[104.76, 41]","[250.0, 32]","[252.0, 32]",178.51,178,142.99,0.28
07:38:10,"[112.0, 105]","[105.25, 144]","[222.62, 42]","[238.93, 54]",167.31,345,110.62,0.44
07:38:11,"[112.0, 87]","[108.57, 28]","[119.15, 33]","[171.83, 48]",115.58,196,7.15,0.17
07:38:12,"[112.0, 176]","[109.0, 36]","[114.1, 42]","[115.3, 69]",113.05,323,2.1,0.31
07:38:13,"[111.75, 24]","[108.88, 25]","[113.53, 15]","[141.25, 48]",112.64,112,1.78,-0.12
07:38:14,"[109.0, 22]","[108.0, 33]","[114.0, 44]","[316.86, 37]",111.5,136,5.0,-0.19
07:38:15,"[109.0, 12]","[108.0, 18]","[114.0, 24]","[432.0, 24]",111.5,78,5.0,-0.23
07:38:16,"[108.88, 25]","[107.67, 49]","[111.43, 28]","[132.49, 47]",110.15,149,2.55,-0.01
07:38:17,"[107.05, 126]","[106.57, 56]","[110.0, 40]","[263.8, 40]",108.52,262,2.95,0.39
07:38:18,"[107.93, 84]","[106.95, 174]","[129.27, 52]","[306.17, 46]",118.6,356,21.34,0.45
07:38:19,"[109.0, 7]","[107.0, 105]","[209.0, 35]","[253.0, 21]",159.0,168,100.0,0.33
07:38:20,"[107.35, 51]","[106.94, 144]","[209.0, 60]","[322.92, 36]",158.18,291,101.65,0.34
07:38:21,"[107.11, 92]","[106.76, 74]","[211.0, 24]","[371.4, 30]",159.05,220,103.89,0.51
07:38:22,"[108.43, 42]","[106.98, 165]","[353.96, 25]","[565.94, 31]",231.19,263,245.53,0.57
07:38:23,"[109.0, 40]","[107.0, 120]","[181.0, 50]","[587.14, 14]",145.0,224,72.0,0.43
07:38:24,"[109.0, 40]","[107.0, 120]","[178.43, 42]","[290.26, 38]",143.71,240,69.43,0.33
07:38:25,"[109.0, 38]","[107.0, 132]","[189.18, 55]","[317.64, 33]",149.09,258,80.18,0.32
07:38:26,"[108.0, 23]","[107.0, 123]","[191.0, 60]","[274.25, 36]",149.5,242,83.0,0.21
07:38:27,"[112.0, 16]","[107.0, 96]","[233.75, 32]","[423.12, 32]",172.88,176,121.75,0.27
07:38:28,"[112.0, 18]","[107.0, 108]","[185.49, 41]","[382.91, 35]",148.74,202,73.49,0.25
07:38:29,"[110.0, 30]","[106.98, 110]","[250.62, 40]","[412.56, 43]",180.31,223,140.62,0.26
07:38:30,"[107.0, 36]","[106.0, 8]","[331.0, 20]","[461.25, 16]",219.0,80,224.0,0.1
07:38:31,"[108.25, 60]","[106.82, 55]","[288.0, 30]","[351.04, 46]",198.12,191,179.75,0.2
07:38:32,"[112.0, 33]","[107.0, 93]","[210.15, 39]","[366.78, 37]",161.08,202,98.15,0.25
07:38:33,"[112.0, 27]","[107.0, 48]","[174.0, 36]","[233.81, 31]",143.0,142,62.0,0.06
07:38:34,"[112.0, 27]","[107.0, 72]","[191.14, 42]","[211.64, 33]",151.57,174,79.14,0.14
07:38:35,"[112.0, 30]","[107.0, 80]","[207.38, 40]","[293.1, 30]",159.69,180,95.38,0.22
07:38:36,"[112.0, 27]","[107.0, 72]","[313.0, 27]","[597.41, 39]",212.5,165,201.0,0.2
07:38:37,"[107.9, 50]","[106.63, 38]","[220.89, 28]","[546.5, 30]",164.4,146,112.99,0.21
07:38:38,"[107.0, 30]","[106.0, 20]","[139.9, 10]","[561.22, 23]",123.45,83,32.9,0.2
07:38:39,"[107.0, 31]","[106.0, 28]","[137.55, 29]","[224.1, 20]",122.28,108,30.55,0.09
07:38:40,"[106.8, 25]","[105.5, 40]","[136.25, 48]","[136.6, 30]",121.53,143,29.45,-0.09
07:38:41,"[107.94, 31]","[105.71, 14]","[132.55, 31]","[133.0, 32]",120.24,108,24.61,-0.17
07:38:42,"[108.78, 27]","[107.75, 24]","[129.3, 20]","[131.0, 10]",119.04,81,20.52,0.26
07:38:43,"[108.0, 40]","[106.95, 196]","[125.05, 73]","[125.81, 47]",116.53,356,17.05,0.33
07:38:44,"[107.04, 153]","[106.65, 78]","[118.84, 25]","[120.07, 28]",112.94,284,11.8,0.63
07:38:45,"[107.0, 208]","[106.0, 39]","[114.06, 36]","[114.81, 31]",110.53,314,7.06,0.57
07:38:46,"[107.0, 172]","[106.0, 33]","[108.62, 26]","[109.53, 30]",107.81,261,1.62,0.57
07:38:47,"[107.0, 245]","[106.0, 54]","[109.3, 40]","[355.84, 68]",108.15,407,2.3,0.47
07:38:48,"[107.0, 104]","[106.0, 24]","[108.0, 16]","[259.0, 32]",107.5,176,1.0,0.45
07:38:49,"[107.0, 115]","[106.0, 27]","[138.2, 20]","[216.32, 41]",122.6,203,31.2,0.4
07:38:50,"[108.9, 58]","[107.04, 90]","[263.74, 38]","[321.78, 41]",186.32,227,154.84,0.3
07:38:51,"[110.0, 36]","[109.0, 12]","[264.93, 29]","[405.6, 25]",187.47,102,154.93,-0.06
07:38:52,"[110.0, 54]","[109.0, 18]","[292.0, 45]","[360.08, 39]",201.0,156,182.0,-0.08
07:38:53,"[110.33, 36]","[109.0, 12]","[292.0, 30]","[361.0, 25]",201.17,103,181.67,-0.07
07:38:54,"[111.0, 36]","[109.0, 12]","[167.2, 25]","[301.66, 29]",139.1,102,56.2,-0.06
07:38:55,"[111.0, 48]","[109.0, 24]","[327.52, 52]","[406.55, 58]",219.26,182,216.52,-0.21
07:38:56,"[111.0, 20]","[109.0, 20]","[340.9, 42]","[371.28, 25]",225.95,107,229.9,-0.25
07:38:57,"[111.0, 22]","[109.0, 22]","[126.09, 46]","[209.0, 51]",118.54,141,15.09,-0.38
07:38:58,"[111.0, 26]","[109.0, 26]","[123.53, 34]","[124.82, 44]",117.26,130,12.53,-0.2
07:38:59,"[109.0, 15]","[107.03, 136]","[120.57, 56]","[123.06, 34]",114.79,241,11.57,0.25
07:39:00,"[111.21, 19]","[108.58, 12]","[117.89, 36]","[119.67, 36]",114.55,103,6.68,-0.4
07:39:01,"[109.31, 117]","[108.88, 75]","[115.47, 60]","[119.0, 30]",112.39,282,6.16,0.36
07:39:02,"[109.0, 110]","[108.0, 11]","[113.39, 36]","[115.13, 30]",111.19,187,4.39,0.29
07:39:03,"[109.0, 83]","[108.0, 11]","[176.17, 41]","[253.51, 53]",142.59,188,67.17,0.0
07:39:04,"[109.0, 21]","[107.06, 51]","[434.14, 35]","[684.43, 35]",271.57,142,325.14,0.01
07:39:05,"[107.0, 132]","[106.0, 33]","[255.19, 54]","[610.0, 47]",181.09,266,148.19,0.24
07:39:06,"[111.53, 51]","[107.85, 78]","[158.88, 50]","[174.57, 46]",135.2,225,47.35,0.15
07:39:07,"[112.0, 23]","[108.0, 78]","[152.62, 52]","[154.0, 65]",132.31,218,40.62,-0.07
07:39:08,"[112.0, 11]","[108.0, 66]","[150.32, 53]","[151.57, 46]",131.16,176,38.32,-0.12
07:39:09,"[112.0, 14]","[108.0, 84]","[145.77, 65]","[147.36, 61]",128.88,224,33.77,-0.12
07:39:10,"[112.0, 10]","[108.0, 60]","[143.17, 41]","[144.84, 49]",127.59,160,31.17,-0.12
07:39:11,"[108.0, 46]","[107.0, 266]","[141.58, 66]","[142.67, 60]",124.79,438,33.58,0.42
07:39:12,"[107.06, 179]","[106.52, 69]","[139.0, 61]","[140.18, 56]",123.03,365,31.94,0.36
07:39:13,"[107.53, 95]","[106.89, 84]","[134.37, 30]","[138.29, 35]",120.95,244,26.84,0.47
07:39:14,"[109.0, 90]","[107.0, 135]","[120.89, 45]","[122.0, 9]",114.94,279,11.89,0.61
07:39:15,"[109.0, 91]","[107.0, 150]","[118.6, 50]","[120.1, 42]",113.8,333,9.6,0.45
07:39:16,"[110.0, 49]","[109.0, 49]","[116.54, 37]","[118.29, 35]",113.27,170,6.54,0.15
07:39:17,"[110.4, 105]","[109.0, 105]","[114.39, 75]","[115.67, 75]",112.39,360,3.99,0.17
07:39:18,"[110.33, 42]","[108.77, 71]","[112.65, 46]","[132.49, 51]",111.49,210,2.32,0.08
07:39:19,"[109.0, 43]","[107.0, 24]","[113.58, 24]","[138.68, 19]",111.29,110,4.58,0.22
07:39:20,"[109.0, 48]","[107.0, 24]","[111.93, 27]","[112.57, 21]",110.46,120,2.93,0.2
07:39:21,"[109.0, 67]","[107.0, 44]","[110.0, 44]","[112.0, 55]",109.5,210,1.0,0.06
07:39:22,"[109.0, 36]","[107.0, 48]","[110.74, 54]","[132.25, 48]",109.87,186,1.74,-0.1
07:39:23,"[108.11, 9]","[106.71, 28]","[116.18, 28]","[193.31, 16]",112.14,81,8.07,-0.09
07:39:24,"[110.46, 13]","[106.6, 20]","[165.69, 13]","[384.5, 6]",138.08,52,55.23,0.27
07:39:25,"[109.27, 33]","[105.5, 105]","[163.92, 52]","[166.0, 39]",136.6,229,54.65,0.21
07:39:26,"[106.17, 23]","[105.3, 93]","[162.0, 36]","[238.22, 27]",134.09,179,55.83,0.3
07:39:27,"[108.57, 14]","[107.0, 7]","[161.14, 28]","[469.29, 21]",134.86,70,52.57,-0.4
07:39:28,"[105.24, 87]","[104.03, 33]","[160.78, 36]","[397.56, 27]",133.01,183,55.54,0.31
07:39:29,"[105.0, 91]","[103.0, 21]","[157.12, 25]","[223.0, 24]",131.06,161,52.12,0.39
07:39:30,"[105.0, 78]","[103.0, 18]","[151.0, 24]","[152.0, 18]",128.0,138,46.0,0.39
07:39:31,"[105.0, 110]","[103.0, 24]","[125.0, 28]","[145.21, 28]",115.0,190,20.0,0.41
07:39:32,"[105.0, 97]","[103.0, 27]","[114.0, 36]","[229.11, 27]",109.5,187,9.0,0.33
07:39:33,"[108.34, 76]","[102.15, 33]","[113.0, 40]","[161.5, 30]",110.67,179,4.66,0.22
07:39:34,"[109.0, 65]","[105.0, 52]","[111.79, 38]","[307.59, 41]",110.39,196,2.79,0.19
07:39:35,"[109.0, 60]","[105.0, 48]","[245.21, 34]","[596.91, 46]",177.1,188,136.21,0.15
07:39:36,"[109.0, 40]","[107.03, 37]","[256.19, 36]","[450.29, 28]",182.6,141,147.19,0.09
07:39:37,"[109.0, 35]","[108.0, 35]","[254.57, 35]","[326.48, 31]",181.79,136,145.57,0.03
07:39:38,"[109.0, 40]","[108.0, 40]","[252.12, 40]","[254.0, 40]",180.56,160,143.12,0.0
07:39:39,"[109.0, 50]","[108.0, 50]","[114.15, 46]","[143.4, 48]",111.58,194,5.15,0.03
07:39:40,"[108.71, 35]","[107.85, 27]","[112.86, 35]","[114.0, 35]",110.79,132,4.14,-0.06
07:39:41,"[107.81, 54]","[105.3, 20]","[110.08, 65]","[153.02, 63]",108.95,202,2.26,-0.27
07:39:42,"[105.0, 22]","[103.0, 22]","[108.42, 43]","[131.17, 35]",106.71,122,3.42,-0.28
07:39:43,"[105.6, 15]","[104.5, 24]","[107.82, 51]","[163.03, 29]",106.71,119,2.22,-0.34
07:39:44,"[98.31, 26]","[66.76, 17]","[108.09, 22]","[231.44, 36]",103.2,101,9.78,-0.15
07:39:45,"[90.93, 30]","[69.26, 31]","[251.57, 49]","[319.96, 56]",171.25,166,160.64,-0.27
07:39:46,"[74.15, 26]","[59.5, 14]","[96.36, 14]","[411.29, 28]",85.26,82,22.2,-0.02
07:39:47,"[73.0, 56]","[40.36, 14]","[95.29, 28]","[96.08, 26]",84.14,124,22.29,0.13
07:39:48,"[82.1, 42]","[64.0, 16]","[93.83, 36]","[94.44, 16]",87.96,110,11.74,0.05
07:39:49,"[87.46, 28]","[55.53, 17]","[94.0, 30]","[95.0, 10]",90.73,85,6.54,0.06
07:39:50,"[70.88, 8]","[53.59, 17]","[93.22, 27]","[94.1, 20]",82.05,72,22.35,-0.31
07:39:51,"[60.75, 4]","[26.0, 20]","[95.5, 8]","[97.4, 10]",78.12,42,34.75,0.14
07:39:52,"[79.44, 163]","[46.25, 57]","[97.5, 18]","[98.55, 44]",88.47,282,18.06,0.56
07:39:53,"[86.33, 104]","[83.5, 78]","[98.0, 20]","[100.0, 32]",92.16,234,11.67,0.56
07:39:54,"[91.9, 93]","[88.63, 103]","[98.0, 7]","[100.0, 28]",94.95,231,6.1,0.7
07:39:55,"[96.0, 180]","[93.9, 166]","[98.89, 18]","[100.39, 46]",97.44,410,2.89,0.69
07:39:56,"[99.53, 179]","[96.71, 140]","[102.2, 45]","[203.2, 54]",100.87,418,2.67,0.53
07:39:57,"[102.0, 62]","[100.38, 72]","[107.96, 23]","[197.0, 18]",104.98,175,5.96,0.53
07:39:58,"[105.21, 81]","[102.76, 94]","[296.0, 13]","[530.9, 63]",200.6,251,190.79,0.39
07:39:59,"[109.77, 62]","[108.89, 46]","[468.94, 16]","[698.4, 30]",289.36,154,359.16,0.4
07:40:00,"[110.0, 40]","[109.0, 35]","[241.29, 7]","[446.24, 17]",175.64,99,131.29,0.52
07:40:01,"[110.55, 33]","[109.53, 45]","[228.0, 6]","[552.36, 22]",169.27,106,117.45,0.47
07:40:02,"[111.75, 24]","[110.6, 55]","[218.57, 7]","[417.45, 11]",165.16,97,106.82,0.63
07:40:03,"[111.0, 12]","[109.0, 14]","[196.5, 2]","[211.5, 2]",153.75,30,85.5,0.73
07:40:04,"[111.0, 36]","[109.0, 42]","[195.17, 6]","[287.5, 6]",153.08,90,84.17,0.73
07:40:05,"[111.0, 30]","[109.0, 35]","[194.0, 5]","[378.0, 5]",152.5,75,83.0,0.73
07:40:06,"[111.0, 42]","[109.0, 49]","[192.86, 7]","[378.0, 7]",151.93,105,81.86,0.73
07:40:07,"[111.0, 30]","[109.0, 42]","[136.88, 8]","[271.69, 16]",123.94,96,25.88,0.5
07:40:08,"[111.0, 49]","[109.0, 77]","[117.45, 11]","[243.57, 35]",114.23,172,6.45,0.47
07:40:09,"[110.43, 14]","[108.92, 38]","[116.33, 6]","[248.64, 22]",113.38,80,5.9,0.3
07:40:10,"[109.0, 20]","[108.0, 15]","[115.8, 5]","[593.4, 15]",112.4,55,6.8,0.27
07:40:11,"[109.0, 24]","[108.0, 18]","[114.0, 6]","[376.57, 21]",111.5,69,5.0,0.22
07:40:12,"[109.0, 48]","[108.0, 36]","[111.67, 12]","[215.91, 32]",110.33,128,2.67,0.31
07:40:13,"[109.35, 69]","[108.6, 60]","[334.56, 25]","[355.09, 35]",221.95,189,225.21,0.37
07:40:14,"[109.0, 88]","[108.0, 33]","[244.59, 37]","[340.98, 47]",176.8,205,135.59,0.18
07:40:15,"[110.7, 40]","[109.0, 80]","[181.05, 19]","[182.25, 12]",145.88,151,70.35,0.59
07:40:16,"[111.95, 81]","[110.75, 64]","[180.0, 60]","[181.2, 25]",145.98,230,68.05,0.26
07:40:17,"[112.0, 16]","[111.0, 64]","[175.94, 36]","[177.16, 37]",143.97,153,63.94,0.05
07:40:18,"[112.0, 15]","[111.0, 60]","[168.05, 44]","[170.79, 24]",140.02,143,56.05,0.05
07:40:19,"[111.05, 41]","[109.19, 86]","[163.41, 54]","[164.96, 50]",137.23,231,52.36,0.1
07:40:20,"[111.0, 42]","[109.0, 84]","[159.32, 28]","[160.85, 33]",135.16,187,48.32,0.35
07:40:21,"[111.0, 39]","[109.0, 78]","[152.8, 30]","[156.08, 38]",131.9,185,41.8,0.26
07:40:22,"[110.27, 33]","[108.91, 46]","[148.14, 29]","[149.69, 16]",129.21,124,37.87,0.27
07:40:23,"[108.86, 28]","[107.62, 32]","[144.19, 21]","[146.44, 39]",126.52,120,35.33,0.0
07:40:24,"[108.0, 14]","[107.0, 42]","[140.92, 39]","[142.81, 31]",124.46,126,32.92,-0.11
07:40:25,"[108.0, 16]","[107.0, 48]","[138.76, 41]","[139.86, 44]",123.38,149,30.76,-0.14
07:40:26,"[108.0, 15]","[107.0, 45]","[136.14, 42]","[136.75, 48]",122.07,150,28.14,-0.2
07:40:27,"[108.44, 18]","[107.09, 43]","[131.14, 28]","[132.92, 37]",119.79,126,22.7,-0.03
07:40:28,"[109.08, 37]","[107.43, 47]","[129.0, 28]","[130.93, 28]",119.04,140,19.92,0.2
07:40:29,"[108.0, 27]","[107.0, 44]","[123.73, 22]","[125.36, 22]",115.86,115,15.73,0.23
07:40:30,"[108.0, 56]","[107.0, 53]","[118.75, 40]","[120.21, 28]",113.38,177,10.75,0.23
07:40:31,"[107.86, 28]","[106.67, 49]","[118.0, 65]","[119.0, 26]",112.93,168,10.14,-0.08
07:40:32,"[107.0, 18]","[106.0, 120]","[116.81, 59]","[117.75, 57]",111.91,254,9.81,0.09
07:40:33,"[107.0, 17]","[105.98, 131]","[112.81, 54]","[113.95, 42]",109.91,244,5.81,0.21
07:40:34,"[106.69, 45]","[103.54, 67]","[108.5, 48]","[109.83, 46]",107.59,206,1.81,0.09
07:40:35,"[103.55, 76]","[95.18, 71]","[114.74, 38]","[150.22, 46]",109.14,231,11.18,0.27
07:40:36,"[106.0, 20]","[105.0, 58]","[160.16, 19]","[376.35, 46]",133.08,143,54.16,0.09
07:40:37,"[106.0, 6]","[105.0, 42]","[143.0, 6]","[153.0, 24]",124.5,78,37.0,0.23
07:40:38,"[106.0, 12]","[105.0, 84]","[151.89, 36]","[193.47, 36]",128.94,168,45.89,0.14
07:40:39,"[108.9, 29]","[105.5, 14]","[152.92, 26]","[218.93, 14]",130.91,83,44.03,0.04
07:40:40,"[110.5, 24]","[108.67, 27]","[152.0, 9]","[158.88, 33]",131.25,93,41.5,0.1
07:40:41,"[112.0, 16]","[109.0, 32]","[151.88, 8]","[246.69, 26]",131.94,82,39.88,0.17
07:40:42,"[109.43, 14]","[107.2, 10]","[150.0, 7]","[219.73, 22]",129.71,53,40.57,-0.09
07:40:43,"[109.0, 148]","[106.0, 11]","[150.0, 11]","[249.64, 44]",129.5,214,41.0,0.49
07:40:44,"[109.03, 193]","[108.27, 45]","[147.45, 22]","[173.12, 40]",128.24,300,38.42,0.59
07:40:45,"[109.32, 149]","[108.13, 110]","[137.67, 24]","[156.11, 36]",123.49,319,28.34,0.62
07:40:46,"[111.0, 66]","[109.0, 187]","[129.09, 44]","[144.08, 26]",120.05,323,18.09,0.57
07:40:47,"[111.0, 63]","[109.0, 187]","[128.09, 44]","[492.82, 44]",119.55,338,17.09,0.48
07:40:48,"[111.0, 21]","[109.0, 119]","[127.64, 25]","[314.0, 28]",119.32,193,16.64,0.45
07:40:49,"[109.16, 114]","[108.35, 65]","[126.08, 26]","[127.84, 38]",117.62,243,16.92,0.47
07:40:50,"[109.0, 165]","[106.0, 22]","[125.27, 33]","[128.0, 44]",117.14,264,16.27,0.42
07:40:51,"[109.0, 105]","[106.14, 14]","[124.71, 21]","[128.0, 28]",116.86,168,15.71,0.42
07:40:52,"[109.0, 174]","[107.0, 20]","[122.94, 33]","[125.6, 35]",115.97,262,13.94,0.48
07:40:53,"[109.0, 252]","[107.0, 28]","[117.83, 36]","[120.38, 47]",113.42,363,8.83,0.54
07:40:54,"[109.0, 162]","[107.0, 18]","[114.04, 23]","[116.04, 27]",111.52,230,5.04,0.57
07:40:55,"[109.0, 228]","[107.0, 28]","[110.91, 35]","[137.58, 38]",109.96,329,1.91,0.56
07:40:56,"[109.0, 171]","[107.27, 30]","[152.24, 58]","[231.34, 47]",130.62,306,43.24,0.31
07:40:57,"[109.0, 63]","[108.0, 36]","[186.76, 41]","[311.38, 21]",147.88,161,77.76,0.23
07:40:58,"[109.0, 42]","[108.0, 24]","[162.0, 18]","[277.7, 27]",135.5,111,53.0,0.19
07:40:59,"[108.7, 54]","[107.75, 32]","[346.24, 42]","[546.47, 38]",227.47,166,237.53,0.04
07:41:00,"[109.63, 19]","[108.38, 32]","[395.69, 29]","[507.67, 27]",252.66,107,286.06,-0.05
07:41:01,"[110.5, 4]","[108.43, 14]","[363.62, 8]","[375.76, 17]",237.06,43,253.12,-0.16
07:41:02,"[107.64, 28]","[106.89, 38]","[303.67, 21]","[368.93, 40]",205.65,127,196.02,0.04
07:41:03,"[107.0, 25]","[106.0, 10]","[223.62, 13]","[270.0, 9]",165.31,57,116.62,0.23
07:41:04,"[107.0, 25]","[106.0, 10]","[202.0, 6]","[222.77, 13]",154.5,54,95.0,0.3
07:41:05,"[107.0, 69]","[106.0, 26]","[162.8, 15]","[193.88, 34]",134.9,144,55.8,0.32
07:41:06,"[106.97, 72]","[105.74, 38]","[161.26, 23]","[162.11, 37]",134.12,170,54.29,0.29
07:41:07,"[105.16, 64]","[103.75, 134]","[157.5, 20]","[159.43, 28]",131.33,246,52.34,0.61
07:41:08,"[105.5, 88]","[103.17, 144]","[152.81, 21]","[153.71, 31]",129.15,284,47.31,0.63
07:41:09,"[107.0, 187]","[105.0, 106]","[150.23, 35]","[151.73, 33]",128.61,361,43.23,0.62
07:41:10,"[107.66, 76]","[106.17, 94]","[146.48, 21]","[147.61, 23]",127.07,214,38.82,0.59
07:41:11,"[111.29, 14]","[107.1, 124]","[143.4, 20]","[145.71, 28]",127.34,186,32.11,0.48
07:41:12,"[111.0, 17]","[107.39, 127]","[138.31, 58]","[139.62, 29]",124.66,231,27.31,0.25
07:41:13,"[111.0, 14]","[108.0, 70]","[135.03, 36]","[136.4, 40]",123.01,160,24.03,0.05
07:41:14,"[111.0, 13]","[108.0, 65]","[126.41, 37]","[127.86, 36]",118.7,151,15.41,0.03
07:41:15,"[111.0, 12]","[108.0, 60]","[122.67, 39]","[123.82, 45]",116.83,156,11.67,-0.08
07:41:16,"[107.93, 89]","[107.03, 187]","[119.08, 37]","[120.32, 53]",113.51,366,11.15,0.51
07:41:17,"[107.0, 192]","[105.0, 58]","[117.09, 57]","[117.97, 39]",112.04,346,10.09,0.45
07:41:18,"[107.0, 186]","[106.0, 32]","[111.5, 36]","[112.22, 45]",109.25,299,4.5,0.46
07:41:19,"[107.0, 90]","[106.0, 20]","[109.69, 16]","[111.72, 25]",108.34,151,2.69,0.46
07:41:20,"[106.93, 75]","[105.33, 60]","[300.78, 37]","[363.48, 42]",203.86,214,193.85,0.26
07:41:21,"[108.41, 137]","[106.0, 13]","[284.08, 52]","[627.46, 26]",196.24,228,175.67,0.32
07:41:22,"[109.13, 161]","[108.52, 62]","[164.97, 36]","[209.85, 40]",137.05,299,55.84,0.49
07:41:23,"[110.08, 49]","[109.05, 133]","[117.82, 17]","[151.38, 13]",113.95,212,7.74,0.72
07:41:24,"[110.82, 57]","[109.0, 182]","[116.71, 17]","[313.91, 35]",113.77,291,5.88,0.64
07:41:25,"[111.0, 8]","[109.0, 112]","[116.0, 40]","[117.0, 8]",113.5,168,5.0,0.43
07:41:26,"[111.0, 11]","[109.0, 109]","[115.27, 55]","[117.0, 11]",113.14,186,4.27,0.29
07:41:27,"[109.08, 51]","[108.43, 37]","[114.89, 45]","[117.0, 9]",111.98,142,5.81,0.24
07:41:28,"[109.0, 81]","[108.0, 36]","[113.3, 40]","[189.2, 30]",111.15,187,4.3,0.25
07:41:29,"[109.0, 28]","[108.0, 21]","[111.14, 21]","[609.71, 14]",110.07,84,2.14,0.17
07:41:30,"[109.0, 16]","[108.0, 12]","[110.64, 14]","[328.56, 9]",109.82,51,1.64,0.1
07:41:31,"[108.29, 42]","[107.47, 19]","[110.67, 45]","[201.04, 45]",109.48,151,2.38,-0.19
07:41:32,"[108.0, 45]","[107.0, 15]","[110.72, 29]","[239.52, 46]",109.36,135,2.72,-0.11
07:41:33,"[108.0, 37]","[107.0, 18]","[109.06, 48]","[209.87, 52]",108.53,155,1.06,-0.29
07:41:34,"[108.0, 10]","[107.0, 10]","[109.0, 30]","[317.38, 26]",108.5,76,1.0,-0.47
07:41:35,"[105.62, 24]","[105.09, 23]","[109.0, 42]","[148.0, 56]",107.31,145,3.38,-0.35
07:41:36,"[105.0, 28]","[103.0, 14]","[108.33, 18]","[116.09, 44]",106.67,104,3.33,-0.19
07:41:37,"[97.86, 74]","[68.5, 16]","[105.53, 19]","[204.25, 32]",101.7,141,7.66,0.28
07:41:38,"[97.0, 132]","[38.0, 12]","[103.89, 27]","[197.68, 38]",100.44,209,6.89,0.38
07:41:39,"[97.0, 66]","[33.0, 6]","[99.0, 16]","[324.6, 15]",98.0,103,2.0,0.4
07:41:40,"[97.0, 55]","[32.0, 5]","[98.0, 11]","[101.22, 9]",97.5,80,1.0,0.5
07:41:41,"[93.33, 66]","[72.5, 6]","[98.0, 6]","[103.0, 6]",95.67,84,4.67,0.71
07:41:42,"[86.0, 66]","[40.1, 10]","[98.0, 6]","[103.0, 6]",92.0,88,12.0,0.73
07:41:43,"[83.88, 24]","[37.5, 8]","[98.0, 4]","[103.0, 4]",90.94,40,14.12,0.6
07:41:44,"[76.63, 59]","[71.06, 34]","[196.0, 17]","[396.68, 31]",136.31,141,119.37,0.32
07:41:45,"[85.55, 29]","[77.11, 19]","[97.0, 7]","[126.86, 28]",91.28,83,11.45,0.16
07:41:46,"[79.86, 35]","[75.61, 31]","[161.11, 27]","[130.42, 31]",120.48,124,81.25,0.06
07:41:47,"[89.76, 51]","[88.24, 37]","[242.0, 24]","[537.86, 42]",165.88,154,152.24,0.14
07:41:48,"[112.0, 19]","[109.0, 9]","[325.67, 18]","[546.75, 32]",218.83,78,213.67,-0.28
07:41:49,"[112.0, 7]","[109.0, 7]","[336.29, 14]","[615.0, 14]",224.14,42,224.29,-0.33
07:41:50,"[112.0, 30]","[109.0, 9]","[469.67, 18]","[628.33, 18]",290.83,75,357.67,0.04
07:41:51,"[112.0, 36]","[109.0, 9]","[373.56, 18]","[543.33, 18]",242.78,81,261.56,0.11
07:41:52,"[112.0, 28]","[109.0, 7]","[400.21, 19]","[519.57, 14]",256.11,68,288.21,0.03
07:41:53,"[112.0, 32]","[110.95, 74]","[313.4, 30]","[390.88, 25]",212.7,161,201.4,0.32
07:41:54,"[112.0, 9]","[111.0, 72]","[276.0, 27]","[458.44, 27]",194.0,135,164.0,0.2
07:41:55,"[111.5, 16]","[110.97, 65]","[274.0, 27]","[567.33, 33]",192.75,141,162.5,0.15
07:41:56,"[111.0, 56]","[109.0, 9]","[273.0, 27]","[505.0, 18]",192.0,110,162.0,0.18
07:41:57,"[111.0, 21]","[109.0, 4]","[272.0, 12]","[520.5, 8]",191.5,45,161.0,0.11
07:41:58,"[111.0, 50]","[109.0, 10]","[202.36, 22]","[312.0, 20]",156.68,102,91.36,0.18
07:41:59,"[111.0, 35]","[109.0, 7]","[175.31, 29]","[176.2, 15]",143.16,86,64.31,-0.02
07:42:00,"[111.0, 53]","[109.0, 13]","[174.51, 63]","[175.76, 41]",142.75,170,63.51,-0.22
07:42:01,"[111.0, 8]","[109.0, 8]","[172.5, 30]","[173.74, 34]",141.75,80,61.5,-0.6
07:42:02,"[107.14, 87]","[105.38, 50]","[171.13, 67]","[172.25, 53]",139.14,257,64.0,0.07
07:42:03,"[107.28, 97]","[106.68, 31]","[166.81, 57]","[168.56, 57]",137.04,242,59.53,0.06
07:42:04,"[108.0, 59]","[107.0, 77]","[163.18, 51]","[164.64, 55]",135.59,242,55.18,0.12
07:42:05,"[108.05, 42]","[107.08, 61]","[160.0, 27]","[163.0, 45]",134.02,175,51.95,0.18
07:42:06,"[108.0, 60]","[107.0, 84]","[157.6, 50]","[159.03, 40]",132.8,234,49.6,0.23
07:42:07,"[107.95, 63]","[106.99, 113]","[139.09, 53]","[138.31, 75]",123.52,304,31.14,0.16
07:42:08,"[108.27, 52]","[107.4, 42]","[127.87, 75]","[128.84, 62]",118.07,231,19.6,-0.19
07:42:09,"[109.82, 44]","[107.67, 116]","[121.65, 43]","[123.08, 51]",115.73,254,11.83,0.26
07:42:10,"[112.0, 24]","[110.83, 60]","[115.39, 36]","[116.72, 36]",113.69,156,3.39,0.08
07:42:11,"[111.07, 43]","[109.4, 50]","[113.83, 42]","[120.33, 42]",112.45,177,2.76,0.05
07:42:12,"[111.0, 25]","[109.0, 30]","[112.67, 30]","[122.0, 24]",111.83,109,1.67,0.01
07:42:13,"[109.57, 42]","[107.26, 117]","[112.0, 45]","[198.67, 18]",110.79,222,2.43,0.43
07:42:14,"[109.0, 50]","[107.0, 170]","[111.5, 50]","[397.9, 10]",110.25,280,2.5,0.57
07:42:15,"[109.0, 50]","[107.0, 170]","[110.0, 50]","[369.82, 11]",109.5,281,1.0,0.57
07:42:16,"[109.0, 16]","[107.0, 85]","[110.0, 25]","[190.0, 5]",109.5,131,1.0,0.54
07:42:17,"[107.28, 36]","[106.94, 36]","[467.88, 8]","[520.67, 6]",287.58,86,360.6,0.67
07:42:18,"[112.0, 6]","[107.0, 102]","[224.2, 15]","[394.2, 15]",168.1,138,112.2,0.57
07:42:19,"[112.0, 8]","[107.0, 136]","[124.05, 22]","[221.62, 13]",118.02,179,12.05,0.61
07:42:20,"[107.88, 51]","[106.97, 157]","[123.5, 36]","[315.78, 23]",115.69,267,15.62,0.56
07:42:21,"[107.0, 112]","[106.0, 16]","[138.83, 23]","[270.61, 23]",122.91,174,31.83,0.47
07:42:22,"[107.0, 119]","[106.0, 10]","[186.13, 30]","[315.2, 15]",146.57,174,79.13,0.48
07:42:23,"[107.0, 121]","[106.0, 9]","[136.62, 39]","[164.89, 18]",121.81,187,29.62,0.39
07:42:24,"[107.0, 112]","[106.0, 13]","[136.0, 65]","[137.0, 52]",121.5,242,29.0,0.03
07:42:25,"[110.64, 88]","[106.75, 32]","[134.72, 58]","[136.09, 74]",122.68,252,24.09,-0.05
07:42:26,"[112.0, 96]","[107.0, 32]","[131.67, 60]","[133.0, 36]",121.83,224,19.67,0.14
07:42:27,"[112.0, 90]","[108.74, 57]","[129.12, 51]","[130.27, 37]",120.56,235,17.12,0.25
07:42:28,"[112.0, 57]","[109.81, 94]","[128.62, 40]","[129.38, 40]",120.31,231,16.62,0.31
07:42:29,"[112.0, 20]","[107.92, 72]","[126.11, 28]","[127.42, 36]",119.05,156,14.11,0.18
07:42:30,"[112.0, 10]","[107.93, 44]","[125.0, 30]","[126.0, 50]",118.5,134,13.0,-0.19
07:42:31,"[112.0, 10]","[109.0, 50]","[123.4, 10]","[125.0, 30]",117.7,100,11.4,0.2
07:42:32,"[111.29, 17]","[108.79, 82]","[120.56, 18]","[124.74, 38]",115.92,155,9.26,0.28
07:42:33,"[109.0, 40]","[108.0, 170]","[116.89, 18]","[118.17, 12]",112.94,240,7.89,0.75
07:42:34,"[109.0, 28]","[108.0, 119]","[115.31, 29]","[116.2, 15]",112.16,191,6.31,0.54
07:42:35,"[109.0, 22]","[108.0, 170]","[113.0, 28]","[113.88, 26]",111.0,246,4.0,0.56
07:42:36,"[108.09, 91]","[107.9, 151]","[110.03, 29]","[112.06, 31]",109.06,302,1.95,0.6
07:42:37,"[108.0, 156]","[107.0, 30]","[110.0, 30]","[114.0, 50]",109.0,266,2.0,0.4
07:42:38,"[108.0, 146]","[107.0, 36]","[174.42, 43]","[264.93, 42]",141.21,267,66.42,0.36
07:42:39,"[108.0, 80]","[107.0, 30]","[333.5, 32]","[613.63, 38]",220.75,180,225.5,0.22
07:42:40,"[109.29, 62]","[107.93, 86]","[382.32, 40]","[641.36, 44]",245.81,232,273.03,0.28
07:42:41,"[111.0, 32]","[108.0, 64]","[206.0, 24]","[732.12, 32]",158.5,152,95.0,0.26
07:42:42,"[111.0, 24]","[108.0, 48]","[274.6, 20]","[583.45, 22]",192.8,114,163.6,0.26
07:42:43,"[108.23, 52]","[107.31, 26]","[306.0, 28]","[350.5, 24]",207.12,130,197.77,0.2
07:42:44,"[107.81, 99]","[105.67, 55]","[304.81, 64]","[368.69, 48]",206.31,266,197.0,0.16
07:42:45,"[112.0, 110]","[107.8, 60]","[302.74, 43]","[353.74, 34]",207.37,247,190.74,0.38
07:42:46,"[112.0, 90]","[111.0, 54]","[287.19, 32]","[290.71, 34]",199.59,210,175.19,0.37
07:42:47,"[112.0, 60]","[111.0, 36]","[237.68, 19]","[278.14, 21]",174.84,136,125.68,0.41
07:42:48,"[112.0, 67]","[111.0, 60]","[263.75, 36]","[281.8, 40]",187.88,203,151.75,0.25
07:42:49,"[112.0, 40]","[111.0, 48]","[228.17, 18]","[233.88, 24]",170.08,130,116.17,0.35
07:42:50,"[112.0, 25]","[111.0, 30]","[218.0, 10]","[219.0, 15]",165.0,80,106.0,0.38
07:42:51,"[112.0, 70]","[111.0, 84]","[216.25, 32]","[233.22, 45]",164.12,231,104.25,0.33
07:42:52,"[112.0, 55]","[111.0, 99]","[171.66, 32]","[188.32, 31]",141.83,217,59.66,0.42
07:42:53,"[112.0, 65]","[111.0, 78]","[171.16, 38]","[173.47, 34]",141.58,215,59.16,0.33
07:42:54,"[112.0, 54]","[111.0, 90]","[164.95, 57]","[166.43, 46]",138.47,247,52.95,0.17
07:42:55,"[112.0, 24]","[111.0, 72]","[160.06, 36]","[161.48, 31]",136.03,163,48.06,0.18
07:42:56,"[111.38, 48]","[110.29, 84]","[146.44, 32]","[156.16, 38]",128.91,202,35.06,0.31
07:42:57,"[111.0, 60]","[109.0, 60]","[149.62, 29]","[155.08, 25]",130.31,174,38.62,0.38
07:42:58,"[111.0, 66]","[109.0, 66]","[149.87, 31]","[150.86, 42]",130.44,205,38.87,0.29
07:42:59,"[111.0, 48]","[109.0, 48]","[148.0, 24]","[149.0, 16]",129.5,136,37.0,0.41
07:43:00,"[111.0, 66]","[109.0, 66]","[144.11, 28]","[145.89, 28]",127.55,188,33.11,0.4
07:43:01,"[111.0, 102]","[109.12, 109]","[133.77, 62]","[135.16, 58]",122.39,331,22.77,0.27
07:43:02,"[111.0, 78]","[109.0, 78]","[127.63, 35]","[129.29, 38]",119.31,229,16.63,0.36
07:43:03,"[111.0, 84]","[109.0, 63]","[124.88, 33]","[126.67, 43]",117.94,223,13.88,0.32
07:43:04,"[109.0, 54]","[108.0, 60]","[122.61, 44]","[123.26, 35]",115.81,193,13.61,0.18
07:43:05,"[109.35, 68]","[108.79, 121]","[116.94, 48]","[118.41, 39]",113.15,276,7.58,0.37
07:43:06,"[111.58, 12]","[109.15, 78]","[113.21, 28]","[114.45, 44]",112.4,162,1.63,0.11
07:43:07,"[109.26, 91]","[108.66, 104]","[113.35, 34]","[178.09, 43]",111.31,272,4.09,0.43
07:43:08,"[110.36, 22]","[108.39, 49]","[113.0, 33]","[203.0, 44]",111.68,148,2.64,-0.04
07:43:09,"[109.0, 16]","[108.0, 40]","[112.5, 24]","[164.43, 28]",110.75,108,3.5,0.04
07:43:10,"[108.42, 53]","[107.29, 188]","[110.15, 53]","[112.13, 45]",109.28,339,1.74,0.42
07:43:11,"[107.0, 115]","[106.0, 14]","[108.71, 21]","[113.0, 21]",107.86,171,1.71,0.51
07:43:12,"[107.0, 117]","[105.71, 34]","[111.33, 27]","[223.0, 31]",109.17,209,4.33,0.44
07:43:13,"[107.0, 69]","[106.0, 49]","[113.0, 21]","[206.36, 11]",110.0,150,6.0,0.57
07:43:14,"[107.0, 30]","[106.0, 35]","[112.8, 15]","[259.41, 17]",109.9,97,5.8,0.34
07:43:15,"[107.26, 38]","[106.12, 48]","[259.27, 33]","[555.45, 11]",183.27,130,152.01,0.32
07:43:16,"[112.0, 18]","[109.0, 9]","[259.55, 33]","[421.43, 21]",185.77,81,147.55,-0.33
07:43:17,"[112.0, 18]","[109.0, 9]","[114.0, 9]","[208.53, 17]",113.0,53,2.0,0.02
07:43:18,"[108.43, 42]","[106.44, 41]","[112.47, 15]","[212.56, 27]",110.45,125,4.04,0.33
07:43:19,"[107.0, 60]","[106.0, 70]","[112.0, 20]","[113.0, 10]",109.5,160,5.0,0.62
07:43:20,"[107.87, 46]","[106.9, 73]","[109.27, 22]","[111.29, 14]",108.57,155,1.4,0.54
07:43:21,"[108.0, 22]","[107.0, 62]","[109.0, 24]","[534.33, 12]",108.5,120,1.0,0.4
07:43:22,"[107.7, 27]","[106.5, 56]","[108.91, 22]","[477.11, 19]",108.31,124,1.21,0.34
07:43:23,"[106.4, 35]","[105.37, 52]","[524.73, 22]","[645.3, 20]",315.56,129,418.33,0.35
07:43:24,"[105.23, 53]","[103.5, 16]","[480.79, 33]","[515.17, 12]",293.01,114,375.56,0.21
07:43:25,"[105.11, 45]","[104.25, 53]","[249.0, 36]","[253.78, 9]",177.06,143,143.89,0.37
07:43:26,"[105.71, 41]","[104.71, 82]","[248.2, 60]","[365.42, 36]",176.95,219,142.49,0.12
07:43:27,"[76.5, 16]","[77.57, 28]","[244.69, 32]","[245.9, 40]",160.59,116,168.19,-0.24
07:43:28,"[63.22, 23]","[43.72, 32]","[174.23, 13]","[208.89, 38]",118.72,106,111.01,0.04
07:43:29,"[55.87, 126]","[52.27, 52]","[164.03, 32]","[174.22, 51]",109.95,261,108.16,0.36
07:43:30,"[55.0, 117]","[50.62, 32]","[97.25, 32]","[98.47, 17]",76.12,198,42.25,0.51
07:43:31,"[55.33, 78]","[45.0, 18]","[96.17, 12]","[97.5, 16]",75.75,124,40.83,0.55
07:43:32,"[57.33, 156]","[33.21, 14]","[95.75, 24]","[98.0, 24]",76.54,218,38.42,0.56
07:43:33,"[58.22, 117]","[29.0, 9]","[95.0, 18]","[98.0, 18]",76.61,162,36.78,0.56
07:43:34,"[59.09, 86]","[49.0, 20]","[103.0, 14]","[188.87, 23]",81.05,143,43.91,0.48
07:43:35,"[61.77, 98]","[59.71, 90]","[130.27, 22]","[216.25, 28]",96.02,238,68.51,0.58
07:43:36,"[74.25, 102]","[66.2, 87]","[230.29, 14]","[450.61, 31]",152.27,234,156.03,0.62
07:43:37,"[106.09, 22]","[104.08, 50]","[175.33, 9]","[433.0, 12]",140.71,93,69.24,0.55
07:43:38,"[106.12, 17]","[103.52, 29]","[142.0, 8]","[347.0, 10]",124.06,64,35.88,0.44
07:43:39,"[106.0, 50]","[103.31, 85]","[134.55, 29]","[173.14, 21]",120.28,185,28.55,0.46
07:43:40,"[106.0, 30]","[105.0, 78]","[140.38, 16]","[162.0, 12]",123.19,136,34.38,0.59
07:43:41,"[106.0, 30]","[105.0, 81]","[210.33, 12]","[454.25, 16]",158.17,139,104.33,0.6
07:43:42,"[106.0, 25]","[105.0, 70]","[226.43, 7]","[392.18, 11]",166.21,113,120.43,0.68
07:43:43,"[108.4, 25]","[105.54, 92]","[191.67, 15]","[198.93, 15]",150.03,147,83.27,0.59
07:43:44,"[106.78, 23]","[105.21, 71]","[164.22, 9]","[174.71, 7]",135.5,110,57.44,0.71
07:43:45,"[106.0, 55]","[105.0, 50]","[173.58, 19]","[182.16, 19]",139.79,143,67.58,0.47
07:43:46,"[106.0, 29]","[105.0, 30]","[169.35, 34]","[173.29, 17]",137.68,110,63.35,0.07
07:43:47,"[105.47, 45]","[103.74, 76]","[170.29, 21]","[171.61, 57]",137.88,199,64.82,0.22
07:43:48,"[105.0, 36]","[103.0, 72]","[167.67, 9]","[170.0, 45]",136.33,162,62.67,0.33
07:43:49,"[105.19, 21]","[103.03, 65]","[166.44, 9]","[170.0, 45]",135.82,140,61.25,0.23
07:43:50,"[106.0, 20]","[105.0, 5]","[165.2, 5]","[170.0, 25]",135.6,55,59.2,-0.09
07:43:51,"[107.62, 73]","[105.9, 20]","[163.53, 51]","[165.37, 27]",135.57,171,55.91,0.09
07:43:52,"[108.95, 42]","[107.76, 34]","[160.53, 38]","[161.81, 36]",134.74,150,51.57,0.01
07:43:53,"[110.0, 44]","[108.0, 55]","[155.07, 40]","[156.17, 48]",132.54,187,45.07,0.06
07:43:54,"[111.0, 28]","[108.0, 63]","[151.26, 43]","[152.51, 39]",131.13,173,40.26,0.05
07:43:55,"[111.0, 18]","[108.0, 72]","[148.44, 45]","[150.78, 45]",129.72,180,37.44,0.0
07:43:56,"[108.23, 52]","[107.25, 64]","[145.07, 45]","[146.22, 45]",126.65,206,36.84,0.13
07:43:57,"[108.0, 48]","[107.0, 48]","[139.78, 36]","[141.33, 33]",123.89,165,31.78,0.16
07:43:58,"[108.0, 90]","[107.0, 99]","[135.47, 68]","[136.41, 71]",121.74,328,27.47,0.15
07:43:59,"[108.0, 84]","[107.0, 98]","[130.75, 68]","[132.11, 44]",119.38,294,22.75,0.24
07:44:00,"[108.03, 74]","[107.07, 90]","[128.0, 63]","[129.31, 61]",118.01,288,19.97,0.14
07:44:01,"[108.59, 37]","[107.76, 87]","[124.61, 56]","[125.62, 64]",116.6,244,16.01,0.02
07:44:02,"[107.66, 62]","[106.94, 97]","[120.62, 53]","[123.36, 70]",114.14,282,12.96,0.13
07:44:03,"[111.12, 40]","[106.97, 79]","[118.15, 47]","[119.24, 45]",114.64,211,7.02,0.13
07:44:04,"[108.06, 71]","[106.69, 51]","[112.46, 48]","[113.98, 47]",110.26,217,4.4,0.12
07:44:05,"[107.0, 122]","[106.0, 36]","[109.2, 69]","[110.41, 71]",108.1,298,2.2,0.06
07:44:06,"[105.33, 43]","[104.52, 46]","[107.33, 18]","[109.45, 31]",106.33,138,2.01,0.29
07:44:07,"[105.08, 87]","[103.27, 118]","[106.73, 22]","[120.08, 39]",105.9,266,1.65,0.54
07:44:08,"[105.0, 58]","[103.0, 33]","[114.73, 11]","[171.33, 21]",109.86,123,9.73,0.48
07:44:09,"[105.52, 21]","[104.4, 30]","[130.0, 36]","[409.56, 27]",117.76,114,24.48,-0.11
07:44:10,"[107.0, 9]","[105.0, 27]","[158.22, 36]","[291.48, 25]",132.61,97,51.22,-0.26
07:44:11,"[103.86, 14]","[99.63, 19]","[133.0, 32]","[527.22, 18]",118.43,83,29.14,-0.2
07:44:12,"[103.0, 10]","[102.0, 5]","[130.29, 14]","[132.73, 11]",116.64,40,27.29,-0.25
07:44:13,"[105.63, 38]","[102.47, 17]","[129.42, 19]","[132.17, 46]",117.53,120,23.79,-0.08
07:44:14,"[108.0, 50]","[103.0, 20]","[127.7, 10]","[131.96, 25]",117.85,105,19.7,0.33
07:44:15,"[110.83, 24]","[108.2, 70]","[126.0, 14]","[127.0, 14]",118.42,122,15.17,0.54
07:44:16,"[111.0, 44]","[108.0, 55]","[124.54, 13]","[125.91, 11]",117.77,123,13.54,0.61
07:44:17,"[108.94, 51]","[107.24, 83]","[121.69, 13]","[122.9, 20]",115.32,167,12.75,0.6
07:44:18,"[108.0, 35]","[107.0, 63]","[119.44, 9]","[120.33, 12]",113.72,119,11.44,0.65
07:44:19,"[108.0, 50]","[107.0, 90]","[115.33, 12]","[118.91, 11]",111.67,163,7.33,0.72
07:44:20,"[108.0, 50]","[107.0, 90]","[114.91, 11]","[115.85, 13]",111.45,164,6.91,0.71
07:44:21,"[108.0, 49]","[107.0, 145]","[111.83, 24]","[113.19, 16]",109.92,234,3.83,0.66
07:44:22,"[109.07, 28]","[107.42, 53]","[112.65, 17]","[219.88, 34]",110.86,132,3.58,0.23
07:44:23,"[109.28, 61]","[108.23, 26]","[114.0, 15]","[450.93, 60]",111.64,162,4.72,0.07
07:44:24,"[107.0, 48]","[105.0, 6]","[113.0, 7]","[160.43, 21]",110.0,82,6.0,0.32
07:44:25,"[107.41, 61]","[106.07, 15]","[112.78, 9]","[144.86, 29]",110.09,114,5.37,0.33
07:44:26,"[112.0, 44]","[107.0, 80]","[174.43, 28]","[332.6, 40]",143.21,192,62.43,0.29
07:44:27,"[112.0, 24]","[107.0, 48]","[121.48, 21]","[291.06, 18]",116.74,111,9.48,0.3
07:44:28,"[108.15, 52]","[105.91, 35]","[180.64, 11]","[354.79, 29]",144.4,127,72.48,0.37
07:44:29,"[107.0, 64]","[105.0, 64]","[329.57, 23]","[457.44, 9]",218.28,160,222.57,0.6
07:44:30,"[107.0, 113]","[105.0, 88]","[293.2, 51]","[417.86, 28]",200.1,280,186.2,0.44
07:44:31,"[107.0, 117]","[105.0, 72]","[236.0, 40]","[388.22, 41]",171.5,270,129.0,0.4
07:44:32,"[107.0, 79]","[105.0, 64]","[273.0, 32]","[417.0, 40]",190.0,215,166.0,0.33
07:44:33,"[107.57, 47]","[106.0, 52]","[281.61, 18]","[333.92, 39]",194.59,156,174.04,0.27
07:44:34,"[109.59, 51]","[107.81, 59]","[280.0, 13]","[292.19, 54]",194.79,177,170.41,0.24
07:44:35,"[111.0, 42]","[109.0, 42]","[191.02, 48]","[223.57, 44]",151.01,176,80.02,-0.05
07:44:36,"[111.0, 36]","[109.0, 36]","[118.58, 12]","[120.0, 60]",114.79,144,7.58,0.0
07:44:37,"[111.0, 24]","[109.0, 24]","[116.64, 14]","[119.68, 28]",113.82,90,5.64,0.07
07:44:38,"[110.36, 22]","[108.52, 29]","[114.06, 32]","[115.38, 16]",112.21,99,3.7,0.03
07:44:39,"[108.46, 13]","[107.11, 110]","[112.16, 25]","[113.85, 27]",110.31,175,3.7,0.41
07:44:40,"[108.0, 8]","[107.0, 87]","[110.68, 22]","[112.1, 10]",109.34,127,2.68,0.5
07:44:41,"[107.0, 43]","[105.16, 113]","[108.64, 14]","[109.17, 18]",107.82,188,1.64,0.66
07:44:42,"[106.73, 63]","[105.54, 123]","[109.0, 38]","[306.0, 28]",107.87,252,2.27,0.48
07:44:43,"[106.0, 15]","[105.0, 114]","[265.75, 8]","[438.0, 10]",185.88,147,159.75,0.76
07:44:44,"[105.81, 26]","[105.62, 16]","[479.25, 8]","[697.0, 16]",292.53,66,373.44,0.27
07:44:45,"[105.0, 151]","[103.0, 16]","[276.91, 11]","[472.46, 13]",190.95,191,171.91,0.75
07:44:46,"[105.0, 216]","[103.0, 24]","[204.5, 18]","[440.67, 18]",154.75,276,99.5,0.74
07:44:47,"[105.71, 86]","[104.93, 121]","[330.85, 13]","[375.85, 13]",218.28,233,225.14,0.78
07:44:48,"[108.14, 35]","[105.0, 84]","[280.45, 11]","[300.0, 9]",194.3,139,172.31,0.71
07:44:49,"[108.08, 52]","[104.96, 98]","[260.11, 9]","[262.47, 17]",184.09,176,152.03,0.7
07:44:50,"[105.11, 127]","[103.75, 32]","[258.55, 11]","[260.09, 11]",181.83,181,153.44,0.76
07:44:51,"[108.28, 47]","[105.64, 88]","[255.89, 18]","[256.83, 12]",182.08,165,147.61,0.64
07:44:52,"[112.0, 36]","[107.0, 84]","[202.0, 12]","[223.83, 12]",157.0,144,90.0,0.67
07:44:53,"[112.0, 30]","[107.0, 70]","[131.0, 10]","[233.4, 10]",121.5,120,19.0,0.67
07:44:54,"[112.0, 24]","[107.0, 63]","[130.78, 9]","[165.67, 9]",121.39,105,18.78,0.66
07:44:55,"[112.0, 18]","[107.0, 63]","[129.24, 21]","[130.56, 9]",120.62,111,17.24,0.46
07:44:56,"[112.0, 14]","[107.0, 49]","[128.29, 28]","[130.0, 7]",120.14,98,16.29,0.29
07:44:57,"[112.0, 20]","[107.0, 70]","[125.62, 34]","[126.94, 16]",118.81,140,13.62,0.29
07:44:58,"[112.0, 20]","[107.0, 70]","[121.04, 25]","[123.57, 21]",116.52,136,9.04,0.32
07:44:59,"[110.36, 44]","[107.38, 95]","[117.05, 19]","[118.26, 38]",113.71,196,6.69,0.42
07:45:00,"[109.0, 56]","[107.0, 49]","[114.38, 13]","[115.71, 7]",111.69,125,5.38,0.68
07:45:01,"[109.0, 95]","[107.0, 84]","[111.47, 40]","[112.74, 31]",110.24,250,2.47,0.43
07:45:02,"[107.34, 47]","[106.66, 87]","[114.3, 46]","[124.78, 27]",110.82,207,6.96,0.29
07:45:03,"[106.54, 50]","[105.3, 100]","[117.08, 39]","[119.23, 39]",111.81,228,10.54,0.32
07:45:04,"[105.56, 82]","[104.46, 104]","[114.33, 36]","[119.0, 36]",109.95,258,8.77,0.44
07:45:05,"[106.51, 55]","[105.57, 63]","[117.47, 19]","[221.54, 13]",111.99,150,10.96,0.57
07:45:06,"[107.0, 64]","[106.0, 90]","[127.92, 26]","[128.57, 14]",117.46,194,20.92,0.59
07:45:07,"[107.51, 59]","[106.25, 72]","[127.0, 9]","[128.0, 27]",117.25,167,19.49,0.57
07:45:08,"[109.32, 62]","[107.56, 50]","[127.0, 8]","[128.0, 24]",118.16,144,17.68,0.56
07:45:09,"[110.0, 90]","[109.0, 63]","[126.4, 15]","[127.86, 21]",118.2,189,16.4,0.62
07:45:10,"[110.0, 110]","[109.0, 77]","[123.11, 19]","[123.87, 15]",116.55,221,13.11,0.69
07:45:11,"[110.67, 150]","[109.0, 105]","[117.05, 39]","[119.4, 15]",113.86,309,6.38,0.65
07:45:12,"[111.0, 101]","[109.0, 91]","[115.33, 27]","[116.68, 19]",113.17,238,4.33,0.61
07:45:13,"[111.0, 64]","[109.0, 70]","[112.75, 20]","[117.55, 20]",111.88,174,1.75,0.54
07:45:14,"[111.0, 45]","[109.0, 63]","[112.33, 27]","[200.0, 9]",111.67,144,1.33,0.5
07:45:15,"[111.0, 50]","[109.0, 70]","[112.0, 30]","[196.59, 22]",111.5,172,1.0,0.4
07:45:16,"[111.0, 56]","[109.0, 91]","[140.38, 39]","[381.73, 49]",125.69,235,29.38,0.25
07:45:17,"[111.0, 24]","[109.0, 84]","[352.63, 46]","[534.0, 50]",231.82,204,241.63,0.06
07:45:18,"[111.0, 20]","[109.0, 70]","[420.52, 31]","[635.41, 39]",265.76,160,309.52,0.12
07:45:19,"[110.0, 46]","[108.94, 67]","[340.73, 49]","[666.0, 44]",225.37,206,230.73,0.1
07:45:20,"[109.2, 30]","[108.64, 11]","[168.0, 25]","[226.0, 20]",138.6,86,58.8,-0.05
07:45:21,"[109.0, 53]","[108.0, 8]","[205.29, 38]","[369.79, 33]",157.14,132,96.29,-0.08
07:45:22,"[109.0, 54]","[108.0, 9]","[296.74, 35]","[456.69, 32]",202.87,130,187.74,-0.03
07:45:23,"[109.91, 23]","[108.93, 45]","[484.43, 35]","[485.43, 28]",297.17,131,374.52,0.04
07:45:24,"[109.0, 52]","[108.0, 13]","[482.0, 26]","[483.0, 39]",295.5,130,373.0,0.0
07:45:25,"[109.0, 36]","[108.0, 9]","[377.38, 24]","[482.43, 21]",243.19,90,268.38,0.0
07:45:26,"[109.0, 38]","[108.0, 27]","[234.31, 39]","[404.97, 34]",171.65,138,125.31,-0.06
07:45:27,"[108.44, 9]","[107.25, 80]","[360.5, 26]","[388.33, 30]",234.47,145,252.06,0.23
07:45:28,"[108.0, 10]","[107.0, 120]","[206.59, 34]","[221.11, 35]",157.29,199,98.59,0.31
07:45:29,"[107.01, 85]","[106.31, 39]","[159.21, 29]","[160.13, 39]",133.11,192,52.2,0.29
07:45:30,"[107.0, 48]","[106.0, 36]","[156.27, 44]","[157.67, 52]",131.64,180,49.27,-0.07
07:45:31,"[111.1, 67]","[106.83, 53]","[151.65, 37]","[153.33, 36]",131.38,193,40.54,0.24
07:45:32,"[112.0, 70]","[110.27, 44]","[149.0, 70]","[150.0, 42]",130.5,226,37.0,0.01
07:45:33,"[112.0, 50]","[111.0, 27]","[147.1, 31]","[147.97, 30]",129.55,138,35.1,0.12
07:45:34,"[112.0, 90]","[111.0, 45]","[144.02, 41]","[144.98, 53]",128.01,229,32.02,0.18
07:45:35,"[111.37, 52]","[107.8, 95]","[141.97, 68]","[143.5, 60]",126.67,275,30.61,0.07
07:45:36,"[111.0, 42]","[109.0, 56]","[126.58, 60]","[133.52, 52]",118.79,210,15.58,-0.07
07:45:37,"[111.0, 39]","[109.0, 52]","[117.06, 36]","[117.94, 33]",114.03,160,6.06,0.14
07:45:38,"[110.05, 42]","[107.89, 72]","[112.51, 57]","[114.23, 35]",111.28,206,2.46,0.11
07:45:39,"[109.0, 28]","[107.0, 56]","[110.19, 31]","[111.4, 25]",109.6,140,1.19,0.2
07:45:40,"[107.18, 79]","[106.64, 25]","[110.14, 35]","[180.09, 35]",108.66,174,2.97,0.2
07:45:41,"[107.0, 77]","[106.0, 10]","[108.53, 19]","[111.75, 28]",107.76,134,1.53,0.3
07:45:42,"[107.16, 38]","[106.86, 35]","[216.65, 17]","[397.2, 10]",161.9,100,109.49,0.46
07:45:43,"[107.11, 88]","[106.86, 58]","[220.43, 23]","[386.14, 14]",163.77,183,113.32,0.6
07:45:44,"[107.0, 54]","[106.0, 6]","[424.67, 6]","[789.0, 20]",265.83,86,317.67,0.4
07:45:45,"[107.0, 49]","[106.0, 8]","[406.42, 12]","[477.64, 36]",256.71,105,299.42,0.09
07:45:46,"[107.0, 64]","[106.0, 11]","[428.89, 37]","[405.93, 27]",267.95,139,321.89,0.08
07:45:47,"[107.0, 14]","[106.0, 7]","[371.14, 14]","[500.0, 7]",239.07,42,264.14,0.0
07:45:48,"[112.0, 40]","[107.0, 20]","[371.0, 20]","[612.86, 42]",241.5,122,259.0,-0.02
07:45:49,"[112.0, 32]","[107.0, 16]","[336.44, 16]","[575.63, 35]",224.22,99,224.44,-0.03
07:45:50,"[112.0, 25]","[107.0, 20]","[127.08, 26]","[197.77, 13]",119.54,84,15.08,0.07
07:45:51,"[112.0, 16]","[107.38, 32]","[125.41, 39]","[126.42, 40]",118.71,127,13.41,-0.24
07:45:52,"[112.0, 8]","[107.0, 16]","[122.55, 31]","[124.47, 19]",117.27,74,10.55,-0.35
07:45:53,"[106.0, 22]","[105.0, 110]","[120.54, 35]","[122.08, 52]",113.27,219,14.54,0.21
07:45:54,"[106.0, 20]","[105.0, 100]","[117.29, 45]","[118.41, 32]",111.64,197,11.29,0.22
07:45:55,"[107.73, 11]","[106.0, 22]","[114.23, 31]","[115.58, 31]",110.98,95,6.5,-0.31
07:45:56,"[107.33, 18]","[105.4, 60]","[110.41, 34]","[111.27, 37]",108.87,149,3.08,0.05
07:45:57,"[106.0, 24]","[105.0, 92]","[124.35, 20]","[116.89, 28]",115.17,164,18.35,0.41
07:45:58,"[107.0, 18]","[106.0, 18]","[143.6, 30]","[156.4, 15]",125.3,81,36.6,-0.11
07:45:59,"[107.89, 71]","[106.56, 18]","[143.0, 36]","[144.0, 27]",125.44,152,35.11,0.17
07:46:00,"[109.0, 154]","[107.0, 28]","[141.64, 56]","[167.75, 48]",125.32,286,32.64,0.27
07:46:01,"[109.0, 121]","[107.0, 22]","[139.88, 32]","[222.35, 51]",124.44,226,30.88,0.27
07:46:02,"[109.0, 121]","[107.0, 121]","[138.0, 20]","[139.0, 35]",123.5,297,29.0,0.63
07:46:03,"[109.0, 113]","[107.0, 121]","[135.29, 14]","[136.78, 41]",122.14,289,26.29,0.62
07:46:04,"[109.0, 70]","[107.0, 110]","[133.0, 10]","[135.0, 40]",121.0,230,24.0,0.57
07:46:05,"[109.0, 82]","[107.0, 143]","[132.58, 19]","[134.91, 46]",120.79,290,23.58,0.55
07:46:06,"[109.0, 72]","[107.0, 138]","[131.33, 48]","[133.0, 12]",120.17,270,22.33,0.56
07:46:07,"[109.0, 60]","[107.03, 140]","[130.5, 40]","[133.0, 10]",119.75,250,21.5,0.6
07:46:08,"[107.28, 158]","[106.93, 30]","[127.2, 60]","[133.0, 15]",117.24,263,19.92,0.43
07:46:09,"[107.0, 257]","[106.0, 34]","[121.17, 30]","[122.98, 46]",114.08,367,14.17,0.59
07:46:10,"[107.27, 187]","[106.28, 39]","[114.24, 51]","[117.67, 27]",110.75,304,6.97,0.49
07:46:11,"[112.0, 88]","[108.0, 80]","[113.12, 41]","[114.02, 46]",112.56,255,1.12,0.32
07:46:12,"[108.12, 67]","[107.37, 43]","[330.71, 45]","[664.18, 28]",219.42,183,222.59,0.2
07:46:13,"[108.0, 93]","[107.0, 42]","[361.85, 40]","[469.36, 28]",234.93,203,253.85,0.33
07:46:14,"[108.0, 24]","[107.0, 12]","[217.0, 16]","[337.5, 8]",162.5,60,109.0,0.2
07:46:15,"[108.33, 30]","[107.56, 27]","[156.4, 25]","[187.97, 31]",132.37,113,48.07,0.01
07:46:16,"[109.0, 18]","[108.0, 45]","[155.0, 27]","[379.67, 45]",132.0,135,46.0,-0.07
07:46:17,"[109.59, 34]","[108.19, 43]","[152.82, 33]","[285.29, 41]",131.2,151,43.23,0.02
07:46:18,"[110.74, 46]","[108.52, 31]","[150.82, 33]","[273.76, 51]",130.78,161,40.08,-0.04
07:46:19,"[108.14, 42]","[107.36, 42]","[149.12, 24]","[237.12, 48]",128.63,156,40.98,0.08
07:46:20,"[108.0, 36]","[107.0, 35]","[145.89, 27]","[147.0, 9]",126.94,107,37.89,0.33
07:46:21,"[108.0, 24]","[107.0, 18]","[143.94, 16]","[145.38, 8]",125.97,66,35.94,0.27
07:46:22,"[108.0, 20]","[107.0, 15]","[141.14, 7]","[142.08, 13]",124.57,55,33.14,0.27
07:46:23,"[110.67, 24]","[107.84, 38]","[137.64, 22]","[141.0, 18]",124.15,102,26.97,0.22
07:46:24,"[112.0, 12]","[108.0, 24]","[137.0, 18]","[139.0, 6]",124.5,60,25.0,0.2
07:46:25,"[112.0, 24]","[108.0, 48]","[135.92, 36]","[136.45, 33]",123.96,141,23.92,0.02
07:46:26,"[112.0, 28]","[108.0, 69]","[131.63, 43]","[133.03, 34]",121.81,174,19.63,0.11
07:46:27,"[112.0, 18]","[108.0, 45]","[129.09, 23]","[130.53, 15]",120.54,101,17.09,0.25
07:46:28,"[112.0, 22]","[108.0, 55]","[126.8, 35]","[128.06, 32]",119.4,144,14.8,0.07
07:46:29,"[112.0, 32]","[108.69, 16]","[121.47, 38]","[121.88, 25]",116.74,111,9.47,-0.14
07:46:30,"[112.0, 27]","[109.0, 9]","[116.07, 30]","[117.6, 30]",114.03,96,4.07,-0.25
07:46:31,"[111.53, 32]","[108.26, 34]","[114.79, 39]","[182.42, 36]",113.16,141,3.26,-0.06
07:46:32,"[109.0, 10]","[108.0, 50]","[112.7, 10]","[115.0, 30]",110.85,100,3.7,0.2
07:46:33,"[107.36, 36]","[107.21, 39]","[110.27, 15]","[114.87, 31]",108.81,121,2.91,0.24
07:46:34,"[106.18, 39]","[105.4, 20]","[108.08, 39]","[112.0, 18]",107.13,116,1.9,0.02
07:46:35,"[105.0, 13]","[103.0, 10]","[108.0, 40]","[109.0, 10]",106.5,73,3.0,-0.37
07:46:36,"[104.71, 7]","[101.0, 12]","[107.57, 28]","[109.0, 7]",106.14,54,2.86,-0.3
07:46:37,"[103.0, 13]","[99.0, 78]","[106.09, 46]","[107.32, 19]",104.54,156,3.09,0.17
07:46:38,"[103.0, 9]","[99.0, 54]","[104.0, 9]","[105.0, 36]",103.5,108,1.0,0.17
07:46:39,"[94.9, 42]","[84.76, 41]","[103.73, 11]","[109.76, 17]",99.32,111,8.82,0.5
07:46:40,"[100.0, 33]","[80.92, 39]","[113.04, 25]","[193.02, 41]",106.52,138,13.04,0.04
07:46:41,"[107.33, 24]","[98.34, 38]","[112.6, 30]","[184.67, 30]",109.97,122,5.27,0.02
07:46:42,"[109.14, 36]","[107.6, 20]","[111.43, 14]","[126.53, 30]",110.28,100,2.29,0.12
07:46:43,"[108.0, 38]","[106.58, 38]","[345.0, 14]","[383.17, 24]",226.5,114,237.0,0.33
07:46:44,"[109.0, 30]","[106.14, 42]","[341.67, 12]","[354.92, 12]",225.33,96,232.67,0.5
07:46:45,"[112.0, 28]","[107.0, 20]","[250.0, 7]","[316.33, 9]",181.0,64,138.0,0.5
07:46:46,"[112.0, 56]","[107.0, 42]","[210.62, 24]","[263.69, 16]",161.31,138,98.62,0.42
07:46:47,"[112.0, 64]","[108.07, 56]","[189.56, 16]","[216.69, 26]",150.78,162,77.56,0.48
07:46:48,"[112.0, 36]","[110.0, 45]","[187.33, 9]","[242.11, 9]",149.67,99,75.33,0.64
07:46:49,"[112.0, 68]","[109.33, 105]","[184.41, 17]","[186.29, 17]",148.21,207,72.41,0.67
07:46:50,"[109.55, 66]","[107.45, 93]","[182.33, 12]","[183.33, 12]",145.94,183,72.79,0.74
07:46:51,"[109.75, 64]","[107.75, 96]","[145.11, 28]","[154.5, 28]",127.43,216,35.36,0.48
07:46:52,"[109.0, 35]","[107.0, 77]","[129.86, 7]","[142.46, 13]",119.43,132,20.86,0.7
07:46:53,"[109.0, 27]","[107.0, 66]","[124.43, 7]","[129.83, 6]",116.71,106,15.43,0.75
07:46:54,"[107.9, 60]","[106.87, 89]","[113.48, 21]","[154.4, 15]",110.69,185,5.58,0.61
07:46:55,"[107.0, 121]","[106.0, 44]","[129.0, 11]","[248.47, 19]",118.0,195,22.0,0.69
07:46:56,"[107.0, 127]","[106.0, 56]","[126.36, 14]","[151.57, 14]",116.68,211,19.36,0.73
07:46:57,"[107.0, 35]","[106.0, 40]","[123.9, 10]","[126.6, 10]",115.45,95,16.9,0.58
07:46:58,"[107.0, 14]","[106.0, 48]","[118.69, 16]","[121.33, 12]",112.84,90,11.69,0.38
07:46:59,"[106.33, 18]","[105.43, 56]","[115.71, 14]","[116.81, 16]",111.02,104,9.38,0.42
07:47:00,"[106.0, 27]","[105.0, 72]","[111.05, 21]","[112.73, 11]",108.52,131,5.05,0.51
07:47:01,"[105.5, 48]","[104.85, 80]","[108.4, 25]","[109.11, 19]",106.95,172,2.9,0.49
07:47:02,"[105.14, 63]","[103.32, 19]","[106.92, 13]","[108.26, 23]",106.03,118,1.78,0.39
07:47:03,"[106.0, 70]","[105.0, 24]","[108.0, 24]","[174.0, 16]",107.0,134,2.0,0.4
07:47:04,"[105.94, 36]","[104.71, 28]","[178.82, 34]","[207.23, 31]",142.38,129,72.88,-0.01
07:47:05,"[106.45, 11]","[104.14, 14]","[192.82, 55]","[294.62, 32]",149.64,112,86.36,-0.55
07:47:06,"[107.0, 54]","[105.0, 11]","[191.09, 55]","[234.21, 38]",149.05,158,84.09,-0.18
07:47:07,"[107.0, 27]","[105.0, 11]","[189.36, 55]","[278.8, 30]",148.18,123,82.36,-0.38
07:47:08,"[107.0, 16]","[105.0, 8]","[189.24, 37]","[207.12, 17]",148.12,78,82.24,-0.38
07:47:09,"[107.93, 28]","[104.75, 16]","[252.19, 37]","[366.12, 50]",180.06,131,144.26,-0.33
07:47:10,"[112.0, 66]","[107.0, 83]","[198.53, 43]","[240.02, 43]",155.27,235,86.53,0.27
07:47:11,"[112.0, 54]","[108.5, 48]","[113.0, 36]","[142.22, 36]",112.5,174,1.0,0.17
07:47:12,"[111.93, 30]","[110.13, 46]","[348.38, 52]","[517.6, 40]",230.16,168,236.45,-0.1
07:47:13,"[111.0, 14]","[107.0, 70]","[204.27, 22]","[292.57, 28]",157.64,134,93.27,0.25
07:47:14,"[107.0, 42]","[105.0, 12]","[181.83, 24]","[183.0, 24]",144.42,102,74.83,0.06
07:47:15,"[108.2, 15]","[107.0, 75]","[180.39, 54]","[216.56, 59]",144.29,203,72.19,-0.11
07:47:16,"[109.0, 10]","[107.0, 50]","[177.9, 40]","[179.0, 30]",143.45,130,68.9,-0.08
07:47:17,"[107.57, 14]","[106.67, 30]","[174.33, 36]","[179.0, 27]",140.95,107,66.76,-0.18
07:47:18,"[107.0, 20]","[106.0, 20]","[171.33, 36]","[174.29, 34]",139.17,110,64.33,-0.27
07:47:19,"[111.49, 39]","[106.78, 18]","[168.71, 28]","[170.09, 35]",140.1,120,57.23,-0.05
07:47:20,"[109.86, 28]","[106.41, 17]","[167.09, 33]","[170.0, 44]",138.47,122,57.23,-0.26
07:47:21,"[106.0, 18]","[105.0, 30]","[165.37, 35]","[166.71, 28]",135.69,111,59.37,-0.14
07:47:22,"[106.0, 18]","[105.0, 36]","[163.78, 27]","[165.0, 36]",134.89,117,57.78,-0.08
07:47:23,"[105.38, 26]","[102.25, 24]","[161.22, 27]","[165.0, 36]",133.3,113,55.84,-0.12
07:47:24,"[105.0, 9]","[103.0, 3]","[159.67, 9]","[165.0, 12]",132.33,33,54.67,-0.27
07:47:25,"[105.64, 22]","[104.76, 34]","[157.5, 42]","[165.0, 56]",131.57,154,51.86,-0.27
07:47:26,"[107.62, 16]","[105.05, 37]","[154.67, 48]","[158.4, 43]",131.15,144,47.04,-0.26
07:47:27,"[111.91, 86]","[108.22, 27]","[151.55, 51]","[152.45, 47]",131.73,211,39.64,0.07
07:47:28,"[112.0, 56]","[109.5, 14]","[149.12, 32]","[151.0, 24]",130.56,126,37.12,0.11
07:47:29,"[112.0, 74]","[109.0, 14]","[148.2, 45]","[149.34, 53]",130.1,186,36.2,-0.05
07:47:30,"[112.0, 70]","[110.83, 36]","[144.34, 47]","[145.6, 45]",128.17,198,32.34,0.07
07:47:31,"[112.0, 70]","[111.0, 42]","[138.63, 46]","[139.67, 51]",125.32,209,26.63,0.07
07:47:32,"[112.0, 47]","[111.0, 27]","[121.1, 31]","[129.04, 28]",116.55,133,9.1,0.11
07:47:33,"[111.13, 31]","[107.88, 43]","[112.6, 25]","[130.62, 21]",111.86,120,1.47,0.23
07:47:34,"[109.0, 10]","[107.0, 150]","[112.0, 10]","[294.0, 12]",110.5,182,3.0,0.76
07:47:35,"[107.06, 69]","[105.76, 79]","[112.0, 9]","[219.53, 19]",109.53,176,4.94,0.68
07:47:36,"[107.0, 99]","[105.0, 77]","[111.73, 11]","[210.73, 33]",109.36,220,4.73,0.6
07:47:37,"[107.0, 115]","[105.0, 73]","[110.15, 13]","[200.49, 41]",108.58,242,3.15,0.55
07:47:38,"[107.0, 64]","[105.0, 56]","[109.12, 8]","[251.28, 25]",108.06,153,2.12,0.57
07:47:39,"[107.0, 49]","[105.0, 49]","[258.88, 16]","[273.95, 19]",182.94,133,151.88,0.47
07:47:40,"[107.0, 84]","[105.0, 84]","[270.92, 12]","[273.0, 48]",188.96,228,163.92,0.47
07:47:41,"[107.0, 92]","[105.26, 94]","[267.7, 20]","[315.66, 58]",187.35,264,160.7,0.41
07:47:42,"[107.0, 40]","[106.0, 72]","[214.33, 12]","[326.73, 15]",160.67,139,107.33,0.61
07:47:43,"[106.27, 33]","[105.66, 82]","[164.67, 21]","[306.2, 30]",135.47,166,58.39,0.39
07:47:44,"[106.1, 60]","[105.39, 104]","[162.55, 33]","[163.33, 45]",134.32,242,56.45,0.36
07:47:45,"[108.38, 13]","[106.32, 31]","[160.29, 14]","[161.79, 24]",134.34,82,51.9,0.07
07:47:46,"[106.88, 17]","[105.3, 33]","[138.25, 24]","[146.14, 21]",122.57,95,31.37,0.05
07:47:47,"[105.24, 38]","[103.56, 75]","[132.62, 16]","[134.0, 14]",118.93,143,27.39,0.58
07:47:48,"[106.83, 46]","[103.45, 31]","[130.0, 15]","[131.78, 18]",118.41,110,23.17,0.4
07:47:49,"[107.0, 78]","[106.0, 26]","[125.76, 37]","[127.0, 32]",116.38,173,18.76,0.2
07:47:50,"[107.0, 66]","[106.0, 22]","[123.71, 14]","[126.88, 16]",115.36,118,16.71,0.49
07:47:51,"[107.0, 54]","[106.0, 18]","[122.18, 11]","[127.44, 9]",114.59,92,15.18,0.57
07:47:52,"[107.0, 90]","[106.0, 30]","[117.95, 19]","[120.1, 20]",112.47,159,10.95,0.51
07:47:53,"[107.0, 84]","[106.0, 28]","[112.71, 17]","[114.46, 24]",109.85,153,5.71,0.46
07:47:54,"[107.4, 50]","[106.75, 48]","[109.92, 12]","[112.41, 22]",108.66,132,2.52,0.48
07:47:55,"[108.0, 75]","[106.0, 40]","[111.0, 16]","[191.62, 26]",109.5,157,3.0,0.46
07:47:56,"[108.0, 47]","[106.0, 26]","[112.62, 26]","[295.5, 40]",110.31,139,4.62,0.05
07:47:57,"[108.0, 18]","[106.0, 28]","[112.0, 18]","[480.56, 25]",110.0,89,4.0,0.03
07:47:58,"[107.61, 36]","[105.98, 50]","[155.62, 16]","[490.5, 26]",131.62,128,48.01,0.34
07:47:59,"[109.0, 44]","[105.96, 51]","[451.13, 15]","[567.71, 21]",280.07,131,342.13,0.45
07:48:00,"[112.0, 72]","[106.34, 59]","[235.81, 36]","[565.33, 36]",173.9,203,123.81,0.29
07:48:01,"[112.0, 162]","[108.37, 41]","[232.25, 32]","[546.16, 31]",172.12,266,120.25,0.53
07:48:02,"[112.0, 134]","[108.0, 20]","[175.0, 16]","[286.93, 14]",143.5,184,63.0,0.67
07:48:03,"[112.0, 123]","[108.0, 20]","[130.4, 15]","[177.67, 18]",121.2,176,18.4,0.62
07:48:04,"[112.0, 88]","[108.0, 24]","[116.08, 24]","[119.0, 24]",114.04,160,4.08,0.4
07:48:05,"[112.0, 39]","[108.0, 18]","[114.33, 18]","[123.8, 15]",113.17,90,2.33,0.27
07:48:06,"[112.0, 56]","[108.0, 16]","[114.0, 16]","[155.67, 9]",113.0,97,2.0,0.48
07:48:07,"[112.0, 53]","[108.3, 20]","[177.89, 19]","[306.19, 21]",144.95,113,65.89,0.29
07:48:08,"[112.0, 30]","[111.0, 10]","[114.0, 20]","[444.0, 10]",113.0,70,2.0,0.14
07:48:09,"[112.0, 21]","[111.0, 7]","[336.75, 8]","[600.08, 13]",224.38,49,224.75,0.14
07:48:10,"[112.0, 18]","[111.0, 6]","[387.86, 7]","[553.18, 11]",249.93,42,275.86,0.14
07:48:11,"[111.25, 16]","[109.5, 8]","[352.17, 12]","[405.5, 8]",231.71,44,240.92,0.09
07:48:12,"[109.0, 41]","[108.0, 20]","[280.5, 20]","[389.71, 17]",194.75,98,171.5,0.24
07:48:13,"[109.0, 16]","[108.0, 18]","[353.52, 48]","[354.53, 38]",231.26,120,244.52,-0.43
07:48:14,"[106.16, 114]","[105.55, 66]","[324.3, 71]","[345.96, 47]",215.23,298,218.14,0.21
07:48:15,"[106.0, 92]","[105.0, 42]","[171.0, 35]","[175.0, 7]",138.5,176,65.0,0.52
07:48:16,"[106.74, 95]","[105.8, 150]","[168.13, 75]","[169.58, 71]",137.44,391,61.4,0.25
07:48:17,"[108.0, 45]","[106.0, 180]","[164.13, 75]","[165.2, 75]",136.07,375,56.13,0.2
07:48:18,"[108.0, 42]","[106.0, 168]","[158.93, 70]","[160.5, 70]",133.46,350,50.93,0.2
07:48:19,"[107.43, 42]","[105.96, 142]","[155.0, 55]","[155.7, 23]",131.21,262,47.57,0.4
07:48:20,"[106.2, 160]","[105.13, 90]","[151.27, 75]","[152.53, 75]",128.73,400,45.07,0.25
07:48:21,"[108.09, 90]","[106.33, 97]","[149.0, 65]","[150.0, 65]",128.54,317,40.91,0.18
07:48:22,"[112.0, 12]","[108.0, 96]","[144.75, 60]","[146.5, 60]",128.38,228,32.75,-0.05
07:48:23,"[108.8, 41]","[106.97, 140]","[142.65, 85]","[144.41, 85]",125.73,351,33.84,0.03
07:48:24,"[110.0, 11]","[108.0, 44]","[140.41, 51]","[141.27, 55]",125.21,161,30.41,-0.32
07:48:25,"[110.0, 10]","[108.0, 40]","[134.13, 30]","[136.13, 38]",122.07,118,24.13,-0.15
07:48:26,"[111.0, 12]","[108.0, 48]","[130.88, 42]","[133.32, 56]",120.94,158,19.88,-0.24
07:48:27,"[111.96, 112]","[109.08, 25]","[125.84, 63]","[127.19, 59]",118.9,259,13.88,0.06
07:48:28,"[112.0, 162]","[111.0, 14]","[123.65, 62]","[125.02, 50]",117.82,288,11.65,0.22
07:48:29,"[112.0, 150]","[111.0, 15]","[120.46, 59]","[121.45, 53]",116.23,277,8.46,0.19
07:48:30,"[112.0, 131]","[111.0, 14]","[114.62, 50]","[115.72, 58]",113.31,253,2.62,0.15
07:48:31,"[112.0, 95]","[111.0, 11]","[113.0, 33]","[115.0, 55]",112.5,194,1.0,0.09
07:48:32,"[112.0, 42]","[111.0, 9]","[113.34, 29]","[115.14, 43]",112.67,123,1.34,-0.17
07:48:33,"[108.9, 63]","[108.29, 42]","[113.92, 51]","[240.32, 65]",111.41,221,5.02,-0.05
07:48:34,"[108.0, 95]","[107.0, 13]","[111.77, 39]","[203.06, 51]",109.88,198,3.77,0.09
07:48:35,"[108.0, 70]","[107.0, 14]","[110.79, 42]","[112.0, 42]",109.39,168,2.79,0.0
07:48:36,"[108.0, 30]","[107.0, 9]","[109.56, 27]","[289.0, 31]",108.78,97,1.56,-0.2
07:48:37,"[106.25, 52]","[105.18, 62]","[109.38, 39]","[176.51, 63]",107.82,216,3.13,0.06
07:48:38,"[106.0, 10]","[105.0, 60]","[109.0, 30]","[282.23, 44]",107.5,144,3.0,-0.03
07:48:39,"[106.0, 14]","[105.0, 84]","[109.0, 42]","[186.62, 69]",107.5,209,3.0,-0.06
07:48:40,"[106.0, 11]","[105.0, 66]","[108.18, 33]","[261.82, 55]",107.09,165,2.18,-0.07
07:48:41,"[105.37, 19]","[104.65, 51]","[107.9, 30]","[310.67, 48]",106.63,148,2.53,-0.05
07:48:42,"[103.8, 20]","[97.46, 26]","[106.0, 18]","[279.81, 26]",104.9,90,2.2,0.02
07:48:43,"[85.91, 33]","[60.76, 34]","[249.96, 50]","[368.61, 56]",167.93,173,164.05,-0.23
07:48:44,"[57.17, 35]","[56.23, 31]","[204.5, 32]","[509.5, 40]",130.84,138,147.33,-0.04
07:48:45,"[71.93, 82]","[64.82, 61]","[203.46, 52]","[566.68, 62]",137.69,257,131.53,0.11
07:48:46,"[80.21, 126]","[79.43, 63]","[199.43, 56]","[376.03, 58]",139.82,303,119.21,0.25
07:48:47,"[83.78, 123]","[81.07, 135]","[198.33, 60]","[391.67, 75]",141.06,393,114.55,0.31
07:48:48,"[87.06, 128]","[85.07, 135]","[197.2, 60]","[349.9, 61]",142.13,384,110.14,0.37
07:48:49,"[88.18, 89]","[87.31, 117]","[130.93, 43]","[147.55, 53]",109.56,302,42.75,0.36
07:48:50,"[90.96, 56]","[89.57, 21]","[99.43, 28]","[100.7, 23]",95.2,128,8.46,0.2
07:48:51,"[93.67, 107]","[92.97, 86]","[142.44, 18]","[266.48, 42]",118.06,253,48.77,0.53
07:48:52,"[101.26, 96]","[98.97, 88]","[173.0, 24]","[368.53, 51]",137.13,259,71.74,0.42
