Time,Bid1,Bid2,Ask1,Ask2,Mid-Price,Total_volume,Bid_ask_spread,Order_imbalance
07:30:00,"[0, 0]","[0, 0]","[102.0, 1]","[0, 0]",51.0,1,102.0,-1.0
07:30:01,"[0, 0]","[0, 0]","[102.0, 1]","[109.0, 1]",51.0,2,102.0,-1.0
07:30:02,"[0, 0]","[0, 0]","[102.0, 1]","[109.0, 1]",51.0,2,102.0,-1.0
07:30:04,"[0, 0]","[0, 0]","[102.0, 1]","[109.0, 1]",51.0,2,102.0,-1.0
07:30:05,"[0, 0]","[0, 0]","[111.0, 10]","[119.17, 6]",55.5,16,111.0,-1.0
07:30:06,"[0, 0]","[0, 0]","[119.17, 6]","[200.83, 6]",59.58,12,119.17,-1.0
07:30:08,"[1.5, 2]","[0, 0]","[120.0, 2]","[217.0, 10]",60.75,14,118.5,-0.71
07:30:09,"[2.0, 7]","[0, 0]","[129.35, 23]","[207.96, 23]",65.67,53,127.35,-0.74
07:30:10,"[83.56, 16]","[4.0, 1]","[105.0, 3]","[106.0, 3]",94.28,23,21.44,0.48
07:30:11,"[96.83, 12]","[95.15, 33]","[105.0, 7]","[106.0, 7]",100.92,59,8.17,0.53
07:30:12,"[98.0, 11]","[97.6, 10]","[105.0, 7]","[106.0, 7]",101.5,35,7.0,0.2
07:30:13,"[102.67, 15]","[99.79, 29]","[105.0, 10]","[106.0, 10]",103.83,64,2.33,0.38
07:30:14,"[104.0, 8]","[98.62, 64]","[105.5, 8]","[112.75, 16]",104.75,96,1.5,0.5
07:30:15,"[100.84, 43]","[98.85, 168]","[110.13, 23]","[162.17, 53]",105.48,287,9.29,0.47
07:30:16,"[99.0, 126]","[96.0, 54]","[101.0, 15]","[121.67, 9]",100.0,204,2.0,0.76
07:30:17,"[99.0, 112]","[96.0, 48]","[109.75, 8]","[161.5, 10]",104.38,178,10.75,0.8
07:30:18,"[99.0, 168]","[96.0, 72]","[107.59, 41]","[126.5, 12]",103.29,293,8.59,0.64
07:30:19,"[99.07, 165]","[97.92, 117]","[106.65, 26]","[111.0, 10]",102.86,318,7.58,0.77
07:30:20,"[100.0, 48]","[99.0, 212]","[110.81, 48]","[126.0, 28]",105.41,336,10.81,0.55
07:30:21,"[118.0, 9]","[100.33, 60]","[123.0, 9]","[126.0, 45]",120.5,123,5.0,0.12
07:30:22,"[118.0, 7]","[112.0, 28]","[123.0, 7]","[126.0, 35]",120.5,77,5.0,-0.09
07:30:23,"[118.0, 6]","[115.16, 19]","[123.0, 6]","[126.0, 30]",120.5,61,5.0,-0.18
07:30:24,"[118.0, 7]","[116.0, 21]","[123.0, 7]","[126.0, 35]",120.5,70,5.0,-0.2
07:30:25,"[116.29, 21]","[113.03, 31]","[125.14, 21]","[134.69, 39]",120.71,112,8.86,-0.07
07:30:26,"[116.0, 30]","[112.0, 40]","[124.28, 47]","[173.85, 34]",120.14,151,8.28,-0.07
07:30:27,"[116.0, 30]","[112.0, 40]","[123.0, 55]","[435.8, 10]",119.5,135,7.0,0.04
07:30:28,"[116.0, 30]","[112.0, 40]","[123.0, 29]","[429.2, 10]",119.5,109,7.0,0.28
07:30:29,"[116.0, 32]","[112.27, 44]","[121.09, 22]","[122.13, 23]",118.55,121,5.09,0.26
07:30:30,"[116.0, 24]","[112.42, 48]","[120.06, 65]","[121.5, 24]",118.03,161,4.06,-0.11
07:30:31,"[113.6, 40]","[107.16, 62]","[117.72, 46]","[118.33, 55]",115.66,203,4.12,0.0
07:30:32,"[112.0, 41]","[102.0, 65]","[113.05, 38]","[114.17, 29]",112.53,173,1.05,0.23
07:30:33,"[108.15, 13]","[101.67, 24]","[113.57, 14]","[116.0, 9]",110.86,60,5.42,0.23
07:30:34,"[103.43, 166]","[103.29, 137]","[116.58, 38]","[118.38, 24]",110.01,365,13.15,0.66
07:30:35,"[110.46, 101]","[105.84, 135]","[113.72, 54]","[128.45, 47]",112.09,337,3.27,0.4
07:30:36,"[108.5, 107]","[106.06, 99]","[115.23, 22]","[153.06, 31]",111.87,259,6.72,0.59
07:30:37,"[110.48, 25]","[109.36, 133]","[113.48, 25]","[177.45, 58]",111.98,241,3.0,0.31
07:30:38,"[113.0, 18]","[110.91, 132]","[285.23, 39]","[347.87, 75]",199.12,264,172.23,0.14
07:30:39,"[118.6, 35]","[115.56, 89]","[236.71, 28]","[368.78, 46]",177.66,198,118.11,0.25
07:30:40,"[119.09, 89]","[117.45, 33]","[362.7, 43]","[579.87, 31]",240.89,196,243.61,0.24
07:30:41,"[119.0, 87]","[116.0, 12]","[259.13, 23]","[321.31, 35]",189.07,157,140.13,0.26
07:30:42,"[119.0, 84]","[116.0, 14]","[236.36, 28]","[360.65, 34]",177.68,160,117.36,0.23
07:30:43,"[119.0, 14]","[116.0, 9]","[276.56, 18]","[333.78, 18]",197.78,59,157.56,-0.22
07:30:44,"[112.15, 46]","[106.03, 307]","[309.92, 26]","[421.4, 35]",211.04,414,197.77,0.71
07:30:45,"[112.0, 25]","[106.0, 170]","[157.0, 10]","[335.2, 10]",134.5,215,45.0,0.81
07:30:46,"[119.38, 130]","[108.54, 118]","[206.75, 24]","[350.52, 42]",163.07,314,87.37,0.58
07:30:47,"[120.0, 132]","[115.75, 159]","[153.0, 22]","[186.19, 37]",136.5,350,33.0,0.66
07:30:48,"[120.0, 92]","[116.0, 105]","[329.21, 19]","[449.63, 19]",224.61,235,209.21,0.68
07:30:49,"[120.0, 90]","[116.0, 45]","[356.29, 34]","[468.39, 28]",238.15,197,236.29,0.37
07:30:50,"[120.0, 40]","[116.0, 20]","[187.83, 18]","[305.0, 14]",153.92,92,67.83,0.3
07:30:51,"[120.0, 90]","[116.0, 45]","[187.0, 27]","[414.93, 30]",153.5,192,67.0,0.41
07:30:52,"[120.0, 71]","[116.0, 40]","[186.0, 24]","[323.0, 40]",153.0,175,66.0,0.27
07:30:53,"[120.0, 61]","[116.0, 45]","[180.12, 24]","[290.92, 39]",150.06,169,60.12,0.25
07:30:54,"[120.0, 80]","[116.0, 80]","[164.31, 35]","[167.09, 33]",142.16,228,44.31,0.4
07:30:55,"[120.0, 70]","[116.0, 70]","[155.76, 29]","[157.48, 29]",137.88,198,35.76,0.41
07:30:56,"[120.0, 45]","[118.71, 14]","[152.55, 33]","[152.97, 37]",136.27,129,32.55,-0.09
07:30:57,"[120.0, 24]","[119.0, 12]","[148.73, 30]","[150.73, 55]",134.37,121,28.73,-0.4
07:30:58,"[120.0, 26]","[119.0, 13]","[143.86, 35]","[145.82, 17]",131.93,91,23.86,-0.14
07:30:59,"[120.0, 12]","[119.0, 11]","[140.21, 29]","[141.15, 27]",130.1,79,20.21,-0.42
07:31:00,"[118.71, 14]","[117.09, 113]","[135.65, 23]","[137.18, 33]",127.18,183,16.94,0.39
07:31:01,"[118.0, 10]","[117.0, 120]","[131.32, 28]","[131.88, 17]",124.66,175,13.32,0.49
07:31:02,"[117.01, 171]","[116.1, 117]","[126.84, 43]","[127.64, 47]",121.92,378,9.83,0.52
07:31:03,"[117.79, 33]","[116.93, 98]","[120.75, 24]","[123.35, 23]",119.27,178,2.96,0.47
07:31:04,"[117.06, 66]","[116.18, 77]","[119.4, 30]","[120.11, 19]",118.23,192,2.34,0.49
07:31:05,"[116.68, 22]","[115.91, 32]","[118.25, 16]","[144.5, 16]",117.47,86,1.57,0.26
07:31:06,"[116.0, 29]","[113.0, 7]","[119.0, 14]","[197.0, 35]",117.5,85,3.0,-0.15
07:31:07,"[112.85, 47]","[111.49, 55]","[119.0, 22]","[497.45, 55]",115.93,179,6.15,0.14
07:31:08,"[112.48, 125]","[109.38, 40]","[119.0, 20]","[366.78, 23]",115.74,208,6.52,0.59
07:31:09,"[112.99, 146]","[110.44, 27]","[119.0, 26]","[381.82, 33]",115.99,232,6.01,0.49
07:31:10,"[112.78, 45]","[109.86, 49]","[119.0, 24]","[257.48, 27]",115.89,145,6.22,0.3
07:31:11,"[113.0, 45]","[112.0, 18]","[119.0, 17]","[302.81, 21]",116.0,101,6.0,0.25
07:31:12,"[113.0, 33]","[112.0, 26]","[116.33, 15]","[145.32, 25]",114.67,99,3.33,0.19
07:31:13,"[113.88, 48]","[112.62, 26]","[135.75, 20]","[354.3, 20]",124.81,114,21.88,0.3
07:31:14,"[113.0, 11]","[112.0, 22]","[214.7, 20]","[471.73, 15]",163.85,68,101.7,-0.03
07:31:15,"[112.3, 10]","[111.46, 13]","[271.76, 17]","[408.89, 27]",192.03,67,159.46,-0.31
07:31:16,"[113.7, 37]","[111.92, 13]","[163.24, 42]","[379.32, 31]",138.47,123,49.54,-0.19
07:31:17,"[114.92, 36]","[112.0, 12]","[162.33, 48]","[175.33, 24]",138.62,120,47.42,-0.2
07:31:18,"[114.09, 23]","[111.5, 14]","[159.71, 56]","[161.57, 56]",136.9,149,45.63,-0.5
07:31:19,"[111.46, 13]","[109.44, 27]","[123.52, 50]","[139.05, 42]",117.49,132,12.06,-0.39
07:31:20,"[109.58, 26]","[108.33, 36]","[111.64, 56]","[113.0, 70]",110.61,188,2.07,-0.34
07:31:21,"[107.52, 54]","[105.71, 58]","[111.74, 54]","[138.36, 47]",109.63,213,4.22,0.05
07:31:22,"[108.18, 44]","[106.33, 39]","[110.27, 44]","[111.43, 28]",109.23,155,2.09,0.07
07:31:23,"[108.0, 56]","[105.43, 28]","[110.07, 42]","[113.86, 14]",109.04,140,2.07,0.2
07:31:24,"[108.0, 52]","[105.0, 26]","[205.0, 29]","[304.86, 36]",156.5,143,97.0,0.09
07:31:25,"[108.0, 36]","[105.0, 18]","[109.78, 9]","[111.0, 18]",108.89,81,1.78,0.33
07:31:26,"[108.0, 56]","[94.7, 46]","[269.91, 22]","[229.42, 31]",188.95,155,161.91,0.32
07:31:27,"[112.8, 10]","[107.24, 25]","[280.0, 21]","[299.0, 28]",196.4,84,167.2,-0.17
07:31:28,"[116.0, 8]","[114.0, 32]","[329.32, 25]","[457.93, 27]",222.66,92,213.32,-0.13
07:31:29,"[116.0, 8]","[111.0, 26]","[348.2, 30]","[446.0, 24]",232.1,88,232.2,-0.23
07:31:30,"[116.0, 10]","[111.0, 30]","[117.0, 30]","[285.69, 26]",116.5,96,1.0,-0.17
07:31:31,"[109.14, 7]","[106.5, 12]","[190.0, 8]","[281.0, 12]",149.57,39,80.86,-0.03
07:31:32,"[109.08, 13]","[106.83, 23]","[129.21, 38]","[215.14, 28]",119.14,102,20.13,-0.29
07:31:33,"[108.06, 16]","[99.67, 18]","[113.0, 50]","[234.0, 40]",110.53,124,4.94,-0.45
07:31:34,"[105.0, 30]","[73.66, 35]","[122.88, 49]","[244.37, 38]",113.94,152,17.88,-0.14
07:31:35,"[83.74, 38]","[68.45, 49]","[137.25, 48]","[322.49, 47]",110.49,182,53.51,-0.04
07:31:36,"[92.0, 30]","[66.5, 40]","[105.0, 39]","[275.5, 32]",98.5,141,13.0,-0.01
07:31:37,"[98.0, 26]","[90.24, 34]","[225.4, 20]","[342.85, 26]",161.7,106,127.4,0.13
07:31:38,"[108.75, 32]","[71.26, 34]","[142.55, 40]","[181.24, 29]",125.65,135,33.8,-0.02
07:31:39,"[104.06, 31]","[88.26, 31]","[132.5, 48]","[139.65, 46]",118.28,156,28.44,-0.21
07:31:40,"[97.14, 29]","[80.47, 34]","[105.43, 35]","[114.0, 28]",101.28,126,8.29,0.0
07:31:41,"[90.32, 28]","[49.12, 34]","[104.1, 40]","[106.67, 36]",97.21,138,13.78,-0.1
07:31:42,"[76.47, 17]","[75.17, 35]","[102.0, 35]","[105.0, 44]",89.24,131,25.53,-0.21
07:31:43,"[85.0, 17]","[77.65, 17]","[105.12, 16]","[106.45, 20]",95.06,70,20.12,-0.03
07:31:44,"[79.14, 7]","[78.14, 7]","[105.14, 29]","[106.38, 16]",92.14,59,26.0,-0.53
07:31:45,"[82.58, 12]","[80.33, 12]","[104.25, 36]","[105.33, 36]",93.42,96,21.67,-0.5
07:31:46,"[85.88, 8]","[84.38, 8]","[105.0, 32]","[106.0, 16]",95.44,64,19.12,-0.5
07:31:47,"[88.0, 3]","[87.0, 3]","[105.0, 12]","[106.0, 6]",96.5,24,17.0,-0.5
07:31:48,"[90.17, 6]","[88.67, 6]","[105.0, 24]","[106.0, 12]",97.58,48,14.83,-0.5
07:31:49,"[93.14, 14]","[92.78, 18]","[105.0, 20]","[106.0, 12]",99.07,64,11.86,0.0
07:31:50,"[94.8, 10]","[93.0, 50]","[105.0, 24]","[106.0, 20]",99.9,104,10.2,0.15
07:31:51,"[98.18, 28]","[94.44, 16]","[103.8, 25]","[105.62, 16]",100.99,85,5.62,0.04
07:31:52,"[101.08, 12]","[99.96, 28]","[103.0, 46]","[105.62, 16]",102.04,102,1.92,-0.22
07:31:53,"[100.71, 17]","[100.0, 25]","[103.0, 40]","[106.0, 14]",101.85,96,2.29,-0.12
07:31:54,"[85.29, 62]","[20.0, 22]","[104.33, 18]","[106.38, 32]",94.81,134,19.04,0.25
07:31:55,"[85.07, 28]","[76.08, 26]","[105.54, 13]","[106.91, 22]",95.3,89,20.47,0.21
07:31:56,"[99.75, 24]","[97.67, 18]","[107.0, 21]","[108.0, 14]",103.38,77,7.25,0.09
07:31:57,"[102.0, 44]","[99.0, 22]","[107.0, 33]","[108.0, 22]",104.5,121,5.0,0.09
07:31:58,"[104.76, 34]","[102.17, 24]","[107.0, 28]","[108.0, 20]",105.88,106,2.24,0.09
07:31:59,"[106.4, 15]","[85.62, 21]","[107.89, 9]","[108.67, 6]",107.14,51,1.49,0.41
07:32:00,"[66.84, 44]","[66.82, 44]","[109.0, 10]","[110.0, 30]",87.92,128,42.16,0.38
07:32:01,"[68.24, 51]","[55.74, 53]","[109.0, 9]","[110.0, 27]",88.62,140,40.76,0.49
07:32:02,"[59.93, 45]","[58.25, 52]","[105.11, 36]","[109.3, 10]",82.52,143,45.18,0.36
07:32:03,"[71.17, 59]","[66.88, 25]","[105.0, 24]","[109.0, 10]",88.08,118,33.83,0.42
07:32:04,"[72.86, 49]","[71.0, 7]","[103.0, 7]","[105.0, 7]",87.93,70,30.14,0.6
07:32:05,"[77.67, 39]","[74.77, 69]","[108.48, 23]","[259.76, 29]",93.07,160,30.81,0.35
07:32:06,"[86.0, 83]","[84.21, 39]","[104.83, 23]","[145.51, 41]",95.41,186,18.83,0.31
07:32:07,"[99.95, 61]","[98.43, 51]","[102.92, 13]","[107.62, 13]",101.44,138,2.97,0.62
07:32:08,"[100.57, 23]","[95.03, 61]","[103.0, 13]","[106.0, 65]",101.78,162,2.43,0.04
07:32:09,"[101.63, 35]","[62.79, 14]","[105.81, 48]","[106.75, 24]",103.72,121,4.18,-0.19
07:32:10,"[103.0, 12]","[102.0, 18]","[106.0, 14]","[108.0, 6]",104.5,50,3.0,0.2
07:32:11,"[103.88, 16]","[102.42, 19]","[108.22, 9]","[119.27, 15]",106.05,59,4.35,0.19
07:32:12,"[105.88, 24]","[105.46, 37]","[153.8, 30]","[421.53, 36]",129.84,127,47.93,-0.04
07:32:13,"[108.81, 26]","[107.36, 33]","[281.86, 37]","[397.41, 54]",195.34,150,173.06,-0.21
07:32:14,"[110.61, 23]","[107.97, 31]","[174.57, 44]","[235.5, 38]",142.59,136,63.96,-0.21
07:32:15,"[116.0, 47]","[107.69, 13]","[139.57, 28]","[141.0, 35]",127.79,123,23.57,-0.02
07:32:16,"[116.89, 36]","[113.52, 127]","[139.0, 60]","[141.0, 75]",127.94,298,22.11,0.09
07:32:17,"[116.0, 32]","[111.0, 72]","[138.5, 32]","[141.0, 40]",127.25,176,22.5,0.18
07:32:18,"[116.0, 44]","[111.0, 99]","[135.65, 46]","[139.98, 49]",125.83,238,19.65,0.2
07:32:19,"[112.79, 56]","[110.67, 49]","[134.0, 45]","[135.0, 36]",123.39,186,21.21,0.13
07:32:20,"[112.2, 60]","[111.51, 78]","[132.83, 60]","[134.8, 49]",122.52,247,20.63,0.12
07:32:21,"[113.3, 40]","[112.47, 76]","[121.62, 40]","[130.25, 40]",117.46,196,8.33,0.18
07:32:22,"[115.5, 20]","[112.17, 60]","[120.47, 47]","[141.24, 45]",117.98,172,4.97,-0.07
07:32:23,"[118.0, 20]","[113.0, 20]","[119.24, 42]","[120.17, 48]",118.62,130,1.24,-0.38
07:32:24,"[113.0, 18]","[112.0, 90]","[119.11, 45]","[323.53, 17]",116.06,170,6.11,0.27
07:32:25,"[113.0, 20]","[112.0, 100]","[118.27, 26]","[180.37, 30]",115.63,176,5.27,0.36
07:32:26,"[113.0, 22]","[112.0, 110]","[116.24, 21]","[116.5, 28]",114.62,181,3.24,0.46
07:32:27,"[112.03, 73]","[111.11, 94]","[113.38, 24]","[117.92, 26]",112.7,217,1.35,0.54
07:32:28,"[112.67, 18]","[111.2, 44]","[122.0, 16]","[208.0, 8]",117.33,86,9.33,0.44
07:32:29,"[118.32, 25]","[114.22, 18]","[122.0, 24]","[544.21, 14]",120.16,81,3.68,0.06
07:32:30,"[120.0, 48]","[117.0, 16]","[122.0, 19]","[236.21, 28]",121.0,111,2.0,0.15
07:32:31,"[120.0, 18]","[117.0, 18]","[190.21, 39]","[277.35, 17]",155.1,92,70.21,-0.22
07:32:32,"[118.24, 17]","[113.85, 27]","[198.0, 65]","[410.4, 20]",158.12,129,79.76,-0.32
07:32:33,"[116.0, 7]","[112.0, 28]","[198.0, 35]","[468.0, 8]",157.0,78,82.0,-0.1
07:32:34,"[116.0, 7]","[113.0, 7]","[197.0, 35]","[220.37, 27]",156.5,76,81.0,-0.63
07:32:35,"[116.0, 10]","[113.0, 10]","[196.0, 50]","[319.78, 27]",156.0,97,80.0,-0.59
07:32:36,"[115.33, 12]","[111.76, 17]","[196.0, 55]","[353.91, 22]",155.67,106,80.67,-0.45
07:32:37,"[112.8, 20]","[110.92, 26]","[194.62, 40]","[343.38, 16]",153.71,102,81.83,-0.1
07:32:38,"[113.46, 26]","[112.11, 36]","[191.4, 57]","[315.41, 27]",152.43,146,77.94,-0.15
07:32:39,"[113.0, 18]","[112.0, 54]","[192.67, 45]","[199.95, 42]",152.83,159,79.67,-0.09
07:32:40,"[114.0, 18]","[112.71, 28]","[189.86, 70]","[192.07, 70]",151.93,186,75.86,-0.51
07:32:41,"[115.89, 80]","[111.04, 27]","[164.78, 64]","[179.18, 55]",140.33,226,48.89,-0.05
07:32:42,"[116.0, 160]","[112.48, 25]","[136.31, 80]","[137.78, 74]",126.16,339,20.31,0.09
07:32:43,"[116.0, 96]","[113.0, 48]","[134.0, 60]","[135.25, 60]",125.0,264,18.0,0.09
07:32:44,"[116.0, 52]","[113.0, 28]","[131.71, 35]","[133.0, 35]",123.86,150,15.71,0.07
07:32:45,"[116.0, 27]","[113.0, 36]","[129.0, 45]","[131.0, 45]",122.5,153,13.0,-0.18
07:32:46,"[116.0, 21]","[113.0, 32]","[127.0, 35]","[128.0, 35]",121.5,123,11.0,-0.14
07:32:47,"[113.82, 11]","[112.75, 8]","[125.67, 15]","[126.67, 15]",119.74,49,11.85,-0.22
07:32:48,"[113.0, 36]","[112.0, 9]","[124.56, 45]","[125.56, 45]",118.78,135,11.56,-0.33
07:32:49,"[113.0, 28]","[112.0, 7]","[121.67, 27]","[161.42, 33]",117.33,95,8.67,-0.26
07:32:50,"[117.55, 44]","[112.97, 33]","[120.0, 9]","[121.0, 45]",118.77,131,2.45,0.18
07:32:51,"[118.03, 31]","[113.86, 29]","[120.87, 23]","[247.1, 21]",119.45,104,2.84,0.15
07:32:52,"[118.0, 15]","[113.0, 12]","[120.0, 15]","[489.0, 6]",119.0,48,2.0,0.12
07:32:53,"[116.43, 51]","[112.88, 32]","[166.56, 41]","[535.17, 18]",141.5,142,50.13,0.17
07:32:54,"[113.0, 14]","[112.0, 4]","[646.0, 10]","[782.57, 7]",379.5,35,533.0,0.03
07:32:55,"[113.0, 27]","[112.0, 9]","[409.5, 20]","[737.44, 25]",261.25,81,296.5,-0.11
07:32:56,"[113.0, 21]","[110.92, 13]","[256.14, 21]","[506.0, 14]",184.57,69,143.14,-0.01
07:32:57,"[113.42, 12]","[111.58, 55]","[267.0, 29]","[307.26, 23]",190.21,119,153.58,0.13
07:32:58,"[118.83, 41]","[113.27, 11]","[201.0, 55]","[307.0, 33]",159.91,140,82.17,-0.26
07:32:59,"[120.0, 80]","[115.25, 8]","[200.88, 40]","[353.75, 24]",160.44,152,80.88,0.16
07:33:00,"[120.0, 105]","[116.0, 14]","[198.36, 44]","[239.02, 44]",159.18,207,78.36,0.15
07:33:01,"[112.62, 80]","[111.43, 42]","[192.58, 26]","[193.85, 34]",152.6,182,79.95,0.34
07:33:02,"[112.0, 57]","[110.0, 18]","[189.85, 27]","[190.61, 33]",150.93,135,77.85,0.11
07:33:03,"[112.0, 36]","[110.0, 12]","[187.0, 6]","[189.0, 18]",149.5,72,75.0,0.33
07:33:04,"[113.09, 46]","[111.6, 30]","[184.4, 25]","[186.32, 37]",148.74,138,71.31,0.1
07:33:05,"[117.0, 12]","[113.0, 18]","[180.38, 24]","[181.25, 12]",148.69,66,63.38,-0.09
07:33:06,"[114.82, 22]","[112.38, 39]","[178.04, 25]","[179.52, 27]",146.43,113,63.22,0.08
07:33:07,"[117.57, 70]","[112.67, 36]","[169.9, 30]","[175.12, 34]",143.74,170,52.33,0.25
07:33:08,"[118.0, 96]","[113.0, 36]","[137.08, 36]","[142.33, 36]",127.54,204,19.08,0.29
07:33:09,"[118.0, 104]","[113.0, 74]","[132.2, 61]","[134.2, 15]",125.1,254,14.2,0.4
07:33:10,"[119.67, 96]","[116.81, 84]","[129.69, 16]","[131.06, 32]",124.68,228,10.02,0.58
07:33:11,"[120.0, 130]","[118.0, 104]","[125.84, 31]","[126.7, 37]",122.92,302,5.84,0.55
07:33:12,"[120.0, 65]","[118.0, 80]","[121.5, 30]","[122.97, 32]",120.75,207,1.5,0.4
07:33:13,"[119.63, 27]","[118.15, 66]","[121.05, 37]","[200.91, 11]",120.34,141,1.42,0.32
07:33:14,"[119.0, 41]","[118.0, 88]","[121.3, 20]","[545.21, 33]",120.15,182,2.3,0.42
07:33:15,"[118.43, 42]","[117.88, 51]","[119.54, 13]","[131.5, 28]",118.98,134,1.11,0.39
07:33:16,"[118.0, 59]","[116.0, 12]","[209.1, 21]","[337.92, 25]",163.55,117,91.1,0.21
07:33:17,"[118.0, 33]","[116.0, 11]","[201.57, 14]","[410.29, 24]",159.79,82,83.57,0.07
07:33:18,"[114.91, 55]","[113.47, 19]","[126.46, 13]","[172.4, 15]",120.69,102,11.55,0.45
07:33:19,"[113.0, 40]","[112.0, 20]","[121.0, 10]","[124.0, 10]",117.0,80,8.0,0.5
07:33:20,"[113.66, 29]","[111.09, 44]","[120.42, 19]","[210.95, 21]",117.04,113,6.77,0.29
07:33:21,"[110.99, 95]","[109.72, 86]","[114.7, 27]","[115.92, 24]",112.85,232,3.71,0.56
07:33:22,"[111.18, 44]","[109.4, 60]","[199.79, 19]","[237.9, 20]",155.49,143,88.61,0.45
07:33:23,"[112.0, 44]","[109.0, 91]","[344.97, 32]","[443.16, 43]",228.48,210,232.97,0.29
07:33:24,"[112.73, 30]","[109.0, 81]","[264.33, 24]","[434.4, 25]",188.53,160,151.6,0.39
07:33:25,"[113.56, 18]","[109.0, 90]","[273.22, 36]","[468.57, 21]",193.39,165,159.67,0.31
07:33:26,"[110.2, 35]","[108.77, 52]","[424.27, 22]","[627.9, 31]",267.24,140,314.07,0.24
07:33:27,"[111.77, 30]","[109.2, 50]","[279.84, 31]","[428.94, 35]",195.8,146,168.07,0.1
07:33:28,"[114.44, 80]","[113.57, 76]","[345.25, 44]","[289.94, 62]",229.84,262,230.81,0.19
07:33:29,"[116.0, 50]","[115.0, 50]","[392.0, 40]","[433.06, 35]",254.0,175,276.0,0.14
07:33:30,"[116.8, 45]","[115.74, 53]","[260.19, 37]","[442.85, 40]",188.49,175,143.39,0.12
07:33:31,"[115.62, 32]","[112.91, 23]","[335.67, 36]","[372.18, 33]",225.65,124,220.04,-0.11
07:33:32,"[116.0, 72]","[113.0, 16]","[321.0, 32]","[348.71, 31]",218.5,151,205.0,0.17
07:33:33,"[115.59, 58]","[112.8, 20]","[388.64, 33]","[528.62, 39]",252.11,150,273.05,0.04
07:33:34,"[111.36, 22]","[109.12, 50]","[237.0, 24]","[405.0, 8]",174.18,104,125.64,0.38
07:33:35,"[111.0, 15]","[109.0, 45]","[292.89, 9]","[669.0, 14]",201.94,83,181.89,0.45
07:33:36,"[111.0, 24]","[109.0, 86]","[227.94, 16]","[565.95, 19]",169.47,145,116.94,0.52
07:33:37,"[111.0, 30]","[109.0, 98]","[192.2, 10]","[220.2, 30]",151.6,168,81.2,0.52
07:33:38,"[111.18, 22]","[109.2, 60]","[191.12, 8]","[272.25, 24]",151.15,114,79.94,0.44
07:33:39,"[117.6, 10]","[112.71, 14]","[188.0, 32]","[225.5, 12]",152.8,68,70.4,-0.29
07:33:40,"[119.0, 24]","[109.74, 62]","[185.0, 60]","[190.0, 12]",152.0,158,66.0,0.09
07:33:41,"[119.0, 24]","[109.0, 97]","[181.84, 44]","[184.29, 28]",150.42,193,62.84,0.25
07:33:42,"[119.0, 26]","[109.0, 91]","[177.06, 17]","[178.49, 61]",148.03,195,58.06,0.2
07:33:43,"[115.88, 32]","[112.92, 13]","[169.79, 47]","[171.64, 45]",142.83,137,53.91,-0.34
07:33:44,"[110.04, 27]","[103.0, 42]","[164.63, 51]","[165.69, 52]",137.33,172,54.59,-0.2
07:33:45,"[109.44, 45]","[88.91, 23]","[160.6, 25]","[162.07, 41]",135.02,134,51.16,0.01
07:33:46,"[111.0, 36]","[109.0, 50]","[154.25, 36]","[156.71, 28]",132.62,150,43.25,0.15
07:33:47,"[111.0, 20]","[109.0, 50]","[150.6, 47]","[151.5, 50]",130.8,167,39.6,-0.16
07:33:48,"[111.0, 28]","[109.0, 50]","[146.77, 39]","[148.41, 44]",128.88,161,35.77,-0.03
07:33:49,"[114.25, 20]","[111.02, 42]","[141.8, 44]","[143.26, 61]",128.02,167,27.55,-0.26
07:33:50,"[120.0, 10]","[116.3, 50]","[139.9, 50]","[140.9, 50]",129.95,160,19.9,-0.25
07:33:51,"[120.0, 9]","[119.0, 9]","[137.22, 45]","[140.0, 45]",128.61,108,17.22,-0.67
07:33:52,"[120.0, 12]","[119.0, 12]","[134.08, 60]","[136.67, 60]",127.04,144,14.08,-0.67
07:33:53,"[119.27, 11]","[117.61, 23]","[130.92, 49]","[132.91, 55]",125.1,138,11.65,-0.51
07:33:54,"[118.0, 12]","[117.0, 48]","[128.62, 45]","[129.98, 53]",123.31,158,10.62,-0.24
07:33:55,"[117.77, 13]","[116.6, 67]","[125.08, 52]","[125.66, 35]",121.42,167,7.31,-0.04
07:33:56,"[117.0, 7]","[116.0, 63]","[120.68, 22]","[122.31, 26]",118.84,118,3.68,0.19
07:33:57,"[116.06, 53]","[115.43, 63]","[117.71, 42]","[119.21, 42]",116.89,200,1.66,0.16
07:33:58,"[115.22, 23]","[113.58, 57]","[117.65, 23]","[118.97, 37]",116.43,140,2.43,0.14
07:33:59,"[115.0, 40]","[112.83, 53]","[116.0, 45]","[122.77, 22]",115.5,160,1.0,0.16
07:34:00,"[113.05, 37]","[112.1, 60]","[128.57, 21]","[334.8, 20]",120.81,138,15.52,0.41
07:34:01,"[113.86, 63]","[112.5, 54]","[132.0, 48]","[162.17, 24]",122.93,189,18.14,0.24
07:34:02,"[115.1, 31]","[114.67, 54]","[132.0, 44]","[183.0, 22]",123.55,151,16.9,0.13
07:34:03,"[116.05, 41]","[113.6, 30]","[130.22, 36]","[193.0, 16]",123.14,123,14.17,0.15
07:34:04,"[116.0, 60]","[113.0, 36]","[127.86, 57]","[149.54, 41]",121.93,194,11.86,-0.01
07:34:05,"[115.25, 60]","[112.38, 72]","[124.58, 45]","[125.68, 50]",119.91,227,9.33,0.16
07:34:06,"[113.19, 31]","[112.06, 96]","[120.46, 39]","[120.98, 41]",116.83,207,7.27,0.23
07:34:07,"[113.62, 21]","[112.43, 42]","[117.39, 36]","[118.32, 44]",115.5,143,3.77,-0.12
07:34:08,"[112.0, 96]","[111.0, 36]","[114.47, 30]","[116.18, 38]",113.23,200,2.47,0.32
07:34:09,"[112.41, 68]","[111.5, 60]","[130.43, 28]","[208.87, 30]",121.42,186,18.02,0.38
07:34:10,"[109.54, 35]","[91.4, 50]","[230.0, 10]","[241.62, 26]",169.77,121,120.46,0.4
07:34:11,"[108.25, 40]","[78.23, 65]","[159.88, 24]","[176.77, 44]",134.06,173,51.62,0.21
07:34:12,"[111.55, 29]","[109.38, 21]","[133.0, 10]","[232.62, 32]",122.28,92,21.45,0.09
07:34:13,"[115.12, 24]","[113.0, 16]","[132.0, 16]","[207.14, 14]",123.56,70,16.88,0.14
07:34:14,"[116.0, 42]","[113.0, 28]","[128.0, 28]","[131.25, 28]",122.0,126,12.0,0.11
07:34:15,"[116.0, 21]","[113.0, 14]","[127.0, 21]","[129.0, 7]",121.5,63,11.0,0.11
07:34:16,"[116.0, 30]","[113.0, 20]","[125.5, 36]","[127.88, 16]",120.75,102,9.5,-0.02
07:34:17,"[117.38, 37]","[114.44, 36]","[123.39, 54]","[129.0, 18]",120.38,145,6.01,0.01
07:34:18,"[113.0, 22]","[111.0, 52]","[120.6, 15]","[121.93, 29]",116.8,118,7.6,0.25
07:34:19,"[113.0, 28]","[111.0, 115]","[116.13, 38]","[118.67, 18]",114.57,199,3.13,0.44
07:34:20,"[113.0, 12]","[111.0, 50]","[114.33, 18]","[288.43, 30]",113.67,110,1.33,0.13
07:34:21,"[113.0, 7]","[111.0, 35]","[114.0, 21]","[344.43, 35]",113.5,98,1.0,-0.14
07:34:22,"[111.74, 19]","[110.88, 73]","[242.6, 45]","[386.15, 61]",177.17,198,130.86,-0.07
07:34:23,"[109.43, 37]","[95.41, 32]","[128.75, 51]","[131.89, 54]",119.09,174,19.31,-0.21
07:34:24,"[115.33, 84]","[92.36, 14]","[126.43, 28]","[271.17, 30]",120.88,156,11.1,0.26
07:34:25,"[116.0, 121]","[108.0, 11]","[124.75, 16]","[135.59, 17]",120.38,165,8.75,0.6
07:34:26,"[116.0, 117]","[108.45, 11]","[123.09, 11]","[125.0, 22]",119.55,161,7.09,0.59
07:34:27,"[116.0, 91]","[108.01, 67]","[119.11, 19]","[122.8, 20]",117.55,197,3.11,0.6
07:34:28,"[116.0, 69]","[110.4, 50]","[117.0, 22]","[186.17, 23]",116.5,164,1.0,0.45
07:34:29,"[116.0, 44]","[111.0, 88]","[117.0, 22]","[180.18, 55]",116.5,209,1.0,0.26
07:34:30,"[116.0, 24]","[111.0, 48]","[117.0, 12]","[284.36, 22]",116.5,106,1.0,0.36
07:34:31,"[116.0, 18]","[111.34, 29]","[153.62, 37]","[322.25, 12]",134.81,96,37.62,-0.02
07:34:32,"[116.0, 22]","[113.0, 11]","[274.79, 19]","[422.48, 31]",195.39,83,158.79,-0.2
07:34:33,"[113.69, 26]","[111.89, 9]","[235.11, 9]","[362.11, 9]",174.4,53,121.42,0.32
07:34:34,"[111.77, 52]","[110.88, 50]","[148.8, 10]","[345.0, 10]",130.28,122,37.03,0.67
07:34:35,"[113.09, 33]","[111.0, 78]","[190.79, 19]","[381.04, 25]",151.94,155,77.7,0.43
07:34:36,"[114.0, 14]","[112.0, 12]","[395.05, 19]","[501.43, 7]",254.53,52,281.05,0.0
07:34:37,"[114.0, 24]","[113.0, 12]","[222.8, 30]","[648.4, 30]",168.4,96,108.8,-0.25
07:34:38,"[112.05, 83]","[111.03, 71]","[413.6, 10]","[721.71, 28]",262.82,192,301.55,0.6
07:34:39,"[113.76, 68]","[111.65, 60]","[367.13, 30]","[424.3, 10]",240.45,168,253.37,0.52
07:34:40,"[118.0, 40]","[117.0, 24]","[192.5, 8]","[342.17, 24]",155.25,96,74.5,0.33
07:34:41,"[118.49, 73]","[117.48, 63]","[249.39, 57]","[272.24, 21]",183.94,214,130.89,0.27
07:34:42,"[117.86, 42]","[112.89, 84]","[119.39, 36]","[213.94, 51]",118.62,213,1.53,0.18
07:34:43,"[117.19, 31]","[112.23, 66]","[118.56, 36]","[130.36, 44]",117.87,177,1.36,0.1
07:34:44,"[117.62, 16]","[112.53, 47]","[118.64, 55]","[247.55, 11]",118.13,129,1.01,-0.02
07:34:45,"[116.55, 11]","[112.43, 47]","[162.0, 35]","[417.19, 26]",139.27,119,45.45,-0.03
07:34:46,"[112.7, 40]","[111.58, 85]","[295.82, 40]","[340.9, 31]",204.26,196,183.12,0.28
07:34:47,"[112.0, 44]","[111.0, 66]","[165.0, 44]","[225.0, 44]",138.5,198,53.0,0.11
07:34:48,"[112.0, 24]","[111.0, 36]","[163.5, 24]","[165.0, 24]",137.75,108,51.5,0.11
07:34:49,"[112.0, 36]","[111.0, 54]","[163.0, 36]","[165.0, 36]",137.5,162,51.0,0.11
07:34:50,"[111.22, 54]","[109.19, 52]","[161.9, 40]","[214.54, 13]",136.56,159,50.68,0.33
07:34:51,"[111.81, 64]","[110.57, 84]","[159.71, 56]","[283.34, 32]",135.76,236,47.9,0.25
07:34:52,"[112.06, 34]","[111.08, 52]","[157.11, 36]","[311.0, 27]",134.58,149,45.05,0.15
07:34:53,"[112.14, 28]","[111.1, 81]","[157.0, 40]","[296.4, 40]",134.57,189,44.86,0.15
07:34:54,"[112.0, 39]","[111.0, 83]","[142.05, 43]","[199.5, 46]",127.02,211,30.05,0.16
07:34:55,"[112.62, 55]","[110.92, 80]","[114.86, 56]","[217.68, 47]",113.74,238,2.24,0.13
07:34:56,"[113.0, 50]","[110.2, 60]","[114.0, 40]","[336.41, 34]",113.5,184,1.0,0.2
07:34:57,"[113.0, 24]","[109.86, 42]","[126.86, 49]","[306.35, 46]",119.93,161,13.86,-0.18
07:34:58,"[113.0, 8]","[109.0, 8]","[222.92, 24]","[462.81, 27]",167.96,67,109.92,-0.52
07:34:59,"[112.7, 10]","[109.5, 10]","[137.0, 10]","[313.78, 18]",124.85,48,24.3,-0.17
07:35:00,"[111.0, 36]","[110.0, 9]","[135.24, 21]","[353.27, 33]",123.12,99,24.24,-0.09
07:35:01,"[117.32, 47]","[112.55, 58]","[131.32, 40]","[132.51, 80]",124.32,225,14.01,-0.07
07:35:02,"[115.6, 20]","[112.0, 16]","[129.62, 24]","[130.06, 48]",122.61,108,14.03,-0.33
07:35:03,"[110.5, 24]","[108.17, 18]","[125.16, 50]","[126.24, 51]",117.83,143,14.66,-0.41
07:35:04,"[116.0, 168]","[113.0, 42]","[121.33, 15]","[123.32, 31]",118.67,256,5.33,0.64
07:35:05,"[116.0, 180]","[113.0, 45]","[118.62, 45]","[122.12, 40]",117.31,310,2.62,0.45
07:35:06,"[116.0, 132]","[113.0, 33]","[117.2, 25]","[128.92, 53]",116.6,243,1.2,0.36
07:35:07,"[116.0, 124]","[113.0, 39]","[117.0, 26]","[124.38, 63]",116.5,252,1.0,0.29
07:35:08,"[116.0, 16]","[113.0, 12]","[117.0, 8]","[252.0, 12]",116.5,48,1.0,0.17
07:35:09,"[116.0, 34]","[113.0, 33]","[175.53, 17]","[324.12, 33]",145.76,117,59.53,0.15
07:35:10,"[117.94, 124]","[115.31, 26]","[238.0, 20]","[367.47, 32]",177.97,202,120.06,0.49
07:35:11,"[118.0, 125]","[116.0, 22]","[192.84, 19]","[464.27, 33]",155.42,199,74.84,0.48
07:35:12,"[118.0, 121]","[116.0, 28]","[564.62, 47]","[623.62, 37]",341.31,233,446.62,0.28
07:35:13,"[118.0, 143]","[116.0, 104]","[321.77, 61]","[488.76, 37]",219.89,345,203.77,0.43
07:35:14,"[118.0, 99]","[116.0, 72]","[268.65, 37]","[372.57, 35]",193.32,243,150.65,0.41
07:35:15,"[118.0, 88]","[116.43, 28]","[278.36, 22]","[313.67, 36]",198.18,174,160.36,0.33
07:35:16,"[118.15, 78]","[117.85, 78]","[316.0, 60]","[329.0, 36]",217.08,252,197.85,0.24
07:35:17,"[118.33, 30]","[117.93, 59]","[294.4, 25]","[412.87, 31]",206.37,145,176.07,0.23
07:35:18,"[118.0, 100]","[117.0, 20]","[410.12, 40]","[451.75, 24]",264.06,184,292.12,0.3
07:35:19,"[118.0, 43]","[117.0, 14]","[387.13, 15]","[580.13, 15]",252.57,87,269.13,0.31
07:35:20,"[118.0, 48]","[117.0, 24]","[206.04, 27]","[288.9, 30]",162.02,129,88.04,0.12
07:35:21,"[117.35, 23]","[116.03, 124]","[201.5, 32]","[268.93, 43]",159.42,222,84.15,0.32
07:35:22,"[116.16, 50]","[115.56, 82]","[160.69, 26]","[168.42, 24]",138.43,182,44.53,0.45
07:35:23,"[116.0, 80]","[114.0, 36]","[156.5, 24]","[161.0, 24]",136.25,164,40.5,0.41
07:35:24,"[116.0, 55]","[113.22, 54]","[154.27, 22]","[156.64, 22]",135.14,153,38.27,0.42
07:35:25,"[116.0, 63]","[113.0, 55]","[154.0, 28]","[155.0, 28]",135.0,174,38.0,0.36
07:35:26,"[115.84, 19]","[112.44, 25]","[153.4, 20]","[155.0, 20]",134.62,84,37.56,0.05
07:35:27,"[114.07, 15]","[112.33, 21]","[154.05, 40]","[158.78, 27]",134.06,103,39.98,-0.3
07:35:28,"[111.62, 48]","[109.35, 69]","[151.09, 34]","[152.03, 33]",131.36,184,39.46,0.27
07:35:29,"[111.0, 48]","[109.0, 72]","[149.0, 24]","[150.0, 16]",130.0,160,38.0,0.5
07:35:30,"[112.0, 49]","[111.0, 72]","[146.94, 32]","[147.86, 28]",129.47,181,34.94,0.34
07:35:31,"[113.21, 38]","[111.42, 57]","[141.0, 35]","[141.78, 36]",127.11,166,27.79,0.14
07:35:32,"[113.0, 39]","[111.0, 78]","[137.0, 26]","[139.0, 39]",125.0,182,24.0,0.29
07:35:33,"[114.42, 36]","[111.0, 72]","[135.25, 28]","[136.85, 33]",124.83,169,20.83,0.28
07:35:34,"[112.44, 25]","[109.5, 72]","[131.5, 26]","[133.35, 26]",121.97,149,19.06,0.3
07:35:35,"[109.0, 96]","[78.38, 16]","[127.91, 46]","[128.94, 34]",118.46,192,18.91,0.17
07:35:36,"[109.0, 72]","[80.72, 18]","[122.21, 34]","[123.6, 35]",115.6,159,13.21,0.13
07:35:37,"[109.0, 54]","[106.0, 9]","[117.8, 25]","[118.78, 27]",113.4,115,8.8,0.1
07:35:38,"[109.86, 42]","[107.25, 28]","[126.43, 14]","[154.85, 26]",118.14,110,16.57,0.27
07:35:39,"[114.82, 44]","[110.11, 54]","[276.5, 10]","[408.57, 21]",195.66,129,161.68,0.52
07:35:40,"[118.26, 23]","[113.27, 37]","[295.0, 8]","[345.0, 32]",206.63,100,176.74,0.2
07:35:41,"[120.0, 8]","[119.0, 48]","[341.0, 8]","[345.0, 32]",230.5,96,221.0,0.17
07:35:42,"[119.45, 11]","[118.71, 42]","[276.08, 26]","[341.62, 26]",197.77,105,156.62,0.01
07:35:43,"[119.0, 22]","[118.0, 44]","[225.95, 38]","[232.91, 44]",172.47,148,106.95,-0.11
07:35:44,"[116.33, 86]","[114.84, 55]","[229.61, 46]","[280.53, 38]",172.97,225,113.28,0.25
07:35:45,"[116.0, 96]","[112.45, 22]","[232.0, 56]","[524.58, 19]",174.0,193,116.0,0.22
07:35:46,"[116.0, 32]","[113.0, 8]","[231.62, 32]","[552.12, 16]",173.81,88,115.62,-0.09
07:35:47,"[120.0, 35]","[116.0, 20]","[229.6, 20]","[496.45, 22]",174.8,97,109.6,0.13
07:35:48,"[120.0, 70]","[116.0, 40]","[228.1, 40]","[306.2, 20]",174.05,170,108.1,0.29
07:35:49,"[120.0, 77]","[116.0, 11]","[149.5, 48]","[211.75, 32]",134.75,168,29.5,0.05
07:35:50,"[120.0, 74]","[116.0, 19]","[136.0, 48]","[257.0, 36]",128.0,177,16.0,0.05
07:35:51,"[120.0, 72]","[116.0, 24]","[136.0, 48]","[637.27, 55]",128.0,199,16.0,-0.04
07:35:52,"[120.0, 58]","[116.0, 26]","[135.0, 52]","[407.38, 53]",127.5,189,15.0,-0.11
07:35:53,"[120.0, 26]","[116.87, 89]","[133.85, 52]","[495.0, 65]",126.92,232,13.85,-0.01
07:35:54,"[120.0, 24]","[117.0, 132]","[131.03, 35]","[326.95, 38]",125.51,229,11.03,0.36
07:35:55,"[120.0, 15]","[117.0, 88]","[121.14, 14]","[130.36, 11]",120.57,128,1.14,0.61
07:35:56,"[117.59, 41]","[116.94, 94]","[131.67, 21]","[202.43, 28]",124.63,184,14.08,0.47
07:35:57,"[117.0, 86]","[116.0, 16]","[165.0, 8]","[262.49, 37]",141.0,147,48.0,0.39
07:35:58,"[117.0, 100]","[116.0, 20]","[163.9, 10]","[295.5, 48]",140.45,178,46.9,0.35
07:35:59,"[117.0, 80]","[116.0, 16]","[162.75, 8]","[309.0, 40]",139.88,144,45.75,0.33
07:36:00,"[116.81, 43]","[115.0, 18]","[162.0, 10]","[348.0, 20]",139.41,91,45.19,0.34
07:36:01,"[118.0, 20]","[116.0, 12]","[161.25, 20]","[286.0, 15]",139.62,67,43.25,-0.04
07:36:02,"[111.86, 35]","[110.24, 46]","[160.58, 24]","[177.67, 27]",136.22,132,48.73,0.23
07:36:03,"[112.92, 60]","[111.15, 39]","[158.25, 36]","[160.25, 36]",135.58,171,45.33,0.16
07:36:04,"[113.83, 60]","[112.0, 72]","[154.58, 36]","[156.0, 36]",134.21,204,40.75,0.29
07:36:05,"[115.0, 75]","[112.0, 90]","[149.47, 45]","[150.67, 45]",132.23,255,34.47,0.29
07:36:06,"[115.46, 65]","[112.0, 78]","[146.46, 39]","[148.0, 39]",130.96,221,31.0,0.29
07:36:07,"[116.0, 59]","[112.0, 78]","[142.08, 39]","[143.69, 39]",129.04,215,26.08,0.27
07:36:08,"[116.0, 28]","[112.0, 42]","[137.29, 21]","[139.0, 21]",126.64,112,21.29,0.25
07:36:09,"[117.0, 44]","[116.0, 44]","[134.64, 33]","[136.09, 33]",125.82,154,17.64,0.14
07:36:10,"[118.91, 33]","[116.7, 40]","[131.1, 30]","[132.1, 30]",125.0,133,12.19,0.1
07:36:11,"[120.0, 36]","[118.43, 28]","[128.42, 36]","[129.58, 36]",124.21,136,8.42,-0.06
07:36:12,"[120.0, 18]","[119.0, 12]","[124.67, 18]","[127.33, 18]",122.33,66,4.67,-0.09
07:36:13,"[119.52, 29]","[117.53, 38]","[121.08, 36]","[122.08, 36]",120.3,139,1.57,-0.04
07:36:14,"[116.92, 52]","[114.51, 70]","[119.17, 35]","[140.57, 35]",118.05,192,2.25,0.27
07:36:15,"[112.06, 65]","[110.84, 61]","[114.74, 31]","[182.92, 26]",113.4,183,2.68,0.38
07:36:16,"[109.4, 50]","[108.63, 27]","[119.09, 11]","[217.14, 14]",114.25,102,9.69,0.51
07:36:17,"[111.33, 36]","[99.78, 23]","[275.62, 16]","[325.22, 18]",193.48,93,164.29,0.27
07:36:18,"[110.5, 40]","[88.0, 25]","[184.75, 8]","[234.12, 16]",147.62,89,74.25,0.46
07:36:19,"[113.0, 49]","[109.0, 35]","[177.04, 25]","[194.5, 8]",145.02,117,64.04,0.44
07:36:20,"[113.0, 77]","[109.0, 40]","[174.38, 32]","[212.46, 13]",143.69,162,61.38,0.44
07:36:21,"[113.56, 107]","[110.14, 63]","[173.4, 50]","[196.73, 44]",143.48,264,59.84,0.29
07:36:22,"[118.0, 84]","[113.0, 126]","[172.39, 54]","[174.62, 58]",145.19,322,54.39,0.3
07:36:23,"[118.0, 46]","[113.78, 46]","[170.43, 35]","[172.35, 37]",144.21,164,52.43,0.12
07:36:24,"[118.0, 24]","[116.0, 48]","[168.76, 50]","[169.91, 46]",143.38,168,50.76,-0.14
07:36:25,"[118.0, 30]","[116.0, 73]","[165.18, 67]","[167.13, 53]",141.59,223,47.18,-0.08
07:36:26,"[116.62, 32]","[113.47, 160]","[164.26, 76]","[165.35, 52]",140.44,320,47.64,0.2
07:36:27,"[113.19, 160]","[111.61, 115]","[131.5, 64]","[155.67, 57]",122.34,396,18.31,0.39
07:36:28,"[113.0, 165]","[109.0, 44]","[130.58, 31]","[132.87, 47]",121.79,287,17.58,0.46
07:36:29,"[113.0, 125]","[109.0, 40]","[128.31, 42]","[129.42, 38]",120.65,245,15.31,0.35
07:36:30,"[113.0, 85]","[109.0, 48]","[125.83, 36]","[127.79, 56]",119.42,225,12.83,0.18
07:36:31,"[113.18, 171]","[110.62, 74]","[120.87, 53]","[122.92, 39]",117.02,337,7.69,0.45
07:36:32,"[113.21, 141]","[110.82, 66]","[118.36, 55]","[122.0, 33]",115.79,295,5.15,0.4
07:36:33,"[114.08, 139]","[111.97, 78]","[117.0, 65]","[122.0, 39]",115.54,321,2.92,0.35
07:36:34,"[116.0, 80]","[113.0, 55]","[117.0, 49]","[249.69, 13]",116.5,197,1.0,0.37
07:36:35,"[114.93, 58]","[112.0, 80]","[327.22, 32]","[370.18, 44]",221.07,214,212.29,0.29
07:36:36,"[116.14, 28]","[113.0, 35]","[288.16, 19]","[337.55, 22]",202.15,104,172.02,0.21
07:36:37,"[117.0, 48]","[113.0, 60]","[191.08, 24]","[247.22, 36]",154.04,168,74.08,0.29
07:36:38,"[117.0, 52]","[113.0, 55]","[163.86, 14]","[212.41, 41]",140.43,162,46.86,0.32
07:36:39,"[117.02, 43]","[113.14, 57]","[161.5, 36]","[162.67, 24]",139.26,160,44.48,0.25
07:36:40,"[114.32, 19]","[113.09, 32]","[159.71, 14]","[160.98, 41]",137.02,106,45.4,-0.04
07:36:41,"[113.07, 14]","[109.29, 69]","[158.92, 52]","[159.75, 16]",136.0,151,45.85,0.1
07:36:42,"[114.0, 8]","[109.78, 45]","[157.36, 11]","[158.12, 32]",135.68,96,43.36,0.1
07:36:43,"[111.65, 34]","[109.7, 43]","[154.31, 35]","[155.7, 20]",132.98,132,42.67,0.17
07:36:44,"[110.94, 49]","[109.44, 150]","[151.33, 54]","[152.09, 45]",131.14,298,40.39,0.34
07:36:45,"[113.0, 12]","[110.0, 36]","[146.53, 17]","[148.93, 28]",129.76,93,33.53,0.03
07:36:46,"[113.5, 24]","[110.0, 72]","[132.31, 42]","[136.19, 47]",122.9,185,18.81,0.04
07:36:47,"[111.92, 52]","[109.67, 90]","[128.19, 54]","[129.22, 54]",120.05,250,16.26,0.14
07:36:48,"[111.91, 93]","[110.12, 163]","[125.05, 76]","[126.72, 81]",118.48,413,13.14,0.24
07:36:49,"[113.0, 19]","[112.0, 38]","[120.29, 66]","[122.06, 65]",116.64,188,7.29,-0.39
07:36:50,"[113.76, 42]","[110.58, 60]","[118.74, 54]","[155.41, 74]",116.25,230,4.98,-0.11
07:36:51,"[112.57, 21]","[110.07, 56]","[122.0, 11]","[288.98, 42]",117.29,130,9.43,0.18
07:36:52,"[113.18, 66]","[112.0, 11]","[259.48, 29]","[312.9, 40]",186.33,146,146.3,0.05
07:36:53,"[114.0, 34]","[112.0, 8]","[211.81, 36]","[295.29, 41]",162.9,119,97.81,-0.29
07:36:54,"[114.35, 57]","[113.56, 27]","[134.0, 45]","[293.18, 33]",124.18,162,19.65,0.04
07:36:55,"[115.36, 56]","[112.0, 14]","[236.72, 54]","[283.32, 59]",176.04,183,121.37,-0.23
07:36:56,"[116.75, 32]","[115.84, 50]","[214.0, 34]","[215.0, 45]",165.38,161,97.25,0.02
07:36:57,"[117.0, 18]","[116.0, 36]","[210.47, 17]","[213.84, 37]",163.74,108,93.47,0.0
07:36:58,"[118.0, 68]","[117.0, 34]","[209.47, 85]","[211.0, 17]",163.74,204,91.47,0.0
07:36:59,"[118.88, 32]","[117.0, 16]","[207.58, 12]","[208.97, 36]",163.23,96,88.71,0.0
07:37:00,"[118.0, 32]","[112.83, 48]","[203.64, 44]","[206.43, 28]",160.82,152,85.64,0.05
07:37:01,"[117.0, 21]","[114.18, 44]","[142.25, 12]","[144.0, 12]",129.62,89,25.25,0.46
07:37:02,"[117.0, 11]","[116.0, 33]","[142.0, 11]","[244.18, 45]",129.5,100,25.0,-0.12
07:37:03,"[116.1, 10]","[113.43, 21]","[141.5, 10]","[232.0, 30]",128.8,71,25.4,-0.13
07:37:04,"[113.54, 13]","[112.5, 12]","[141.0, 7]","[142.0, 7]",127.27,39,27.46,0.28
07:37:05,"[113.11, 36]","[111.73, 37]","[139.62, 13]","[141.92, 13]",126.36,99,26.5,0.47
07:37:06,"[115.25, 32]","[112.0, 64]","[122.88, 16]","[138.75, 16]",119.06,128,7.62,0.5
07:37:07,"[116.29, 42]","[114.4, 50]","[121.53, 15]","[122.22, 18]",118.91,125,5.25,0.47
07:37:08,"[116.73, 22]","[115.33, 48]","[119.0, 13]","[120.24, 17]",117.86,100,2.27,0.4
07:37:09,"[116.0, 26]","[112.0, 40]","[118.36, 14]","[252.71, 28]",117.18,108,2.36,0.22
07:37:10,"[112.8, 20]","[111.33, 12]","[119.0, 12]","[259.11, 9]",115.9,53,6.2,0.21
07:37:11,"[112.0, 12]","[110.0, 12]","[117.92, 24]","[124.26, 23]",114.96,71,5.92,-0.32
07:37:12,"[113.0, 56]","[112.0, 14]","[116.79, 28]","[117.79, 28]",114.89,126,3.79,0.11
07:37:13,"[113.55, 33]","[110.67, 54]","[115.2, 30]","[141.5, 24]",114.37,141,1.65,0.23
07:37:14,"[112.0, 80]","[109.0, 40]","[114.8, 10]","[275.0, 32]",113.4,162,2.8,0.48
07:37:15,"[112.0, 65]","[109.0, 40]","[246.29, 34]","[332.64, 44]",179.15,183,134.29,0.15
07:37:16,"[112.0, 27]","[109.0, 33]","[351.49, 43]","[411.03, 37]",231.74,140,239.49,-0.14
07:37:17,"[112.0, 45]","[109.0, 60]","[210.07, 59]","[426.44, 61]",161.03,225,98.07,-0.07
07:37:18,"[112.0, 27]","[109.0, 36]","[229.89, 27]","[425.28, 29]",170.94,119,117.89,0.06
07:37:19,"[112.0, 24]","[109.0, 48]","[227.08, 36]","[230.0, 36]",169.54,144,115.08,0.0
07:37:20,"[119.92, 99]","[114.86, 21]","[225.25, 24]","[244.23, 26]",172.58,170,105.33,0.41
07:37:21,"[120.0, 83]","[118.0, 36]","[225.0, 18]","[376.3, 20]",172.5,157,105.0,0.52
07:37:22,"[120.0, 117]","[118.0, 54]","[224.0, 27]","[407.0, 11]",172.0,209,104.0,0.64
07:37:23,"[120.0, 98]","[118.0, 60]","[223.62, 26]","[288.25, 24]",171.81,208,103.62,0.52
07:37:24,"[120.0, 67]","[118.0, 54]","[218.04, 25]","[273.82, 11]",169.02,157,98.04,0.54
07:37:25,"[119.24, 79]","[117.47, 57]","[216.75, 36]","[525.94, 18]",168.0,190,97.51,0.43
07:37:26,"[118.0, 66]","[116.0, 33]","[172.41, 27]","[203.48, 33]",145.2,159,54.41,0.25
07:37:27,"[119.05, 38]","[117.65, 51]","[143.0, 10]","[168.0, 30]",131.03,129,23.95,0.38
07:37:28,"[118.14, 86]","[116.47, 77]","[143.04, 27]","[177.51, 49]",130.59,239,24.9,0.36
07:37:29,"[118.0, 40]","[116.0, 32]","[129.0, 24]","[154.43, 14]",123.5,110,11.0,0.31
07:37:30,"[118.0, 45]","[116.0, 36]","[128.78, 27]","[168.0, 27]",123.39,135,10.78,0.2
07:37:31,"[116.0, 32]","[112.0, 32]","[127.12, 24]","[138.0, 24]",121.56,112,11.12,0.14
07:37:32,"[116.0, 48]","[112.0, 48]","[125.33, 36]","[128.0, 36]",120.67,168,9.33,0.14
07:37:33,"[116.0, 52]","[112.0, 52]","[119.5, 34]","[121.55, 31]",117.75,169,3.5,0.23
07:37:34,"[116.0, 18]","[112.0, 24]","[118.5, 12]","[120.6, 15]",117.25,69,2.5,0.22
07:37:35,"[116.0, 20]","[112.3, 40]","[119.14, 28]","[120.27, 22]",117.57,110,3.14,0.09
07:37:36,"[113.86, 28]","[112.44, 36]","[117.28, 25]","[189.8, 25]",115.57,114,3.42,0.12
07:37:37,"[113.0, 36]","[112.0, 36]","[115.67, 27]","[161.33, 21]",114.33,120,2.67,0.2
07:37:38,"[112.24, 41]","[110.09, 44]","[114.0, 36]","[161.09, 46]",113.12,167,1.76,0.02
07:37:39,"[112.0, 30]","[109.0, 30]","[113.7, 30]","[255.3, 40]",112.85,130,1.7,-0.08
07:37:40,"[110.97, 70]","[105.46, 52]","[113.0, 42]","[125.0, 56]",111.99,220,2.03,0.11
07:37:41,"[109.22, 36]","[101.78, 69]","[112.21, 14]","[114.3, 37]",110.72,156,2.99,0.35
07:37:42,"[109.85, 55]","[108.12, 60]","[110.68, 19]","[119.45, 49]",110.27,183,0.83,0.26
07:37:43,"[111.84, 49]","[109.65, 23]","[339.59, 37]","[494.02, 42]",225.72,151,227.76,-0.05
07:37:44,"[120.0, 21]","[115.31, 65]","[244.9, 29]","[400.75, 32]",182.45,147,124.9,0.17
07:37:45,"[120.0, 18]","[117.0, 90]","[227.0, 24]","[298.0, 30]",173.5,162,107.0,0.33
07:37:46,"[118.05, 41]","[112.88, 85]","[338.47, 51]","[539.09, 45]",228.26,222,220.42,0.14
07:37:47,"[116.5, 20]","[113.85, 65]","[267.0, 11]","[462.0, 11]",191.75,107,150.5,0.59
07:37:48,"[116.92, 13]","[115.95, 61]","[264.92, 13]","[404.05, 38]",190.92,125,148.0,0.18
07:37:49,"[116.33, 12]","[112.5, 8]","[264.62, 8]","[361.0, 32]",190.48,60,148.29,-0.33
07:37:50,"[112.88, 68]","[103.38, 32]","[263.06, 16]","[394.67, 36]",187.97,152,150.18,0.32
07:37:51,"[116.0, 110]","[108.6, 30]","[261.0, 10]","[269.4, 10]",188.5,160,145.0,0.75
07:37:52,"[116.39, 18]","[115.85, 80]","[216.96, 24]","[239.5, 12]",166.67,134,100.57,0.46
07:37:53,"[117.2, 10]","[116.0, 110]","[208.5, 10]","[217.14, 14]",162.85,144,91.3,0.67
07:37:54,"[118.0, 40]","[116.0, 110]","[207.7, 10]","[208.7, 10]",162.85,170,89.7,0.76
07:37:55,"[118.56, 18]","[116.17, 108]","[202.67, 30]","[204.83, 12]",160.61,168,84.11,0.5
07:37:56,"[116.47, 38]","[115.38, 78]","[200.38, 16]","[200.85, 34]",158.42,166,83.9,0.4
07:37:57,"[116.0, 64]","[112.0, 24]","[197.0, 14]","[198.0, 17]",156.5,119,81.0,0.48
07:37:58,"[116.0, 72]","[112.0, 27]","[193.29, 24]","[194.78, 9]",154.65,132,77.29,0.5
07:37:59,"[116.0, 72]","[112.0, 27]","[191.47, 15]","[192.13, 15]",153.73,129,75.47,0.53
07:38:00,"[116.0, 114]","[112.0, 48]","[185.94, 16]","[187.44, 16]",150.97,194,69.94,0.67
07:38:01,"[116.0, 66]","[112.0, 39]","[181.36, 14]","[181.83, 23]",148.68,142,65.36,0.48
07:38:02,"[116.0, 26]","[112.0, 55]","[177.8, 20]","[179.15, 34]",146.9,135,61.8,0.2
07:38:03,"[116.38, 24]","[112.52, 46]","[173.38, 29]","[175.64, 14]",144.88,113,57.0,0.24
07:38:04,"[114.59, 17]","[111.1, 50]","[171.83, 18]","[173.11, 38]",143.21,123,57.25,0.09
07:38:05,"[110.08, 39]","[108.88, 40]","[166.82, 28]","[167.88, 17]",138.45,124,56.74,0.27
07:38:06,"[113.84, 50]","[111.27, 51]","[162.1, 30]","[163.07, 30]",137.97,161,48.26,0.25
07:38:07,"[120.0, 24]","[114.43, 21]","[158.0, 6]","[161.0, 6]",139.0,57,38.0,0.58
07:38:08,"[120.0, 39]","[112.0, 78]","[156.71, 35]","[157.2, 25]",138.36,177,36.71,0.32
07:38:09,"[120.0, 10]","[112.0, 48]","[153.62, 8]","[155.86, 22]",136.81,88,33.62,0.32
07:38:10,"[120.0, 12]","[112.0, 72]","[150.2, 30]","[151.4, 15]",135.1,129,30.2,0.3
07:38:11,"[120.0, 11]","[113.64, 61]","[146.86, 14]","[148.43, 35]",133.43,121,26.86,0.19
07:38:12,"[117.65, 23]","[116.18, 55]","[143.48, 29]","[145.39, 41]",130.57,148,25.83,0.05
07:38:13,"[117.17, 29]","[116.03, 62]","[139.36, 25]","[141.75, 16]",128.27,132,22.19,0.38
07:38:14,"[118.0, 30]","[117.0, 12]","[139.0, 24]","[140.0, 6]",128.5,72,21.0,0.17
07:38:15,"[118.7, 50]","[117.0, 20]","[137.96, 28]","[138.58, 19]",128.33,117,19.26,0.2
07:38:16,"[119.0, 75]","[117.0, 30]","[130.12, 48]","[130.68, 34]",124.56,187,11.12,0.12
07:38:17,"[119.0, 44]","[118.0, 60]","[127.9, 40]","[129.0, 50]",123.45,194,8.9,0.07
07:38:18,"[119.0, 30]","[118.0, 90]","[124.24, 50]","[125.62, 61]",121.62,231,5.24,0.04
07:38:19,"[118.03, 68]","[117.21, 28]","[120.14, 43]","[121.54, 26]",119.08,165,2.11,0.16
07:38:20,"[118.0, 32]","[117.0, 16]","[119.6, 25]","[120.19, 31]",118.8,104,1.6,-0.08
07:38:21,"[116.59, 44]","[115.84, 50]","[118.62, 26]","[124.85, 65]",117.6,185,2.02,0.02
07:38:22,"[116.0, 49]","[113.0, 9]","[118.0, 18]","[123.0, 45]",117.0,121,2.0,-0.04
07:38:23,"[116.0, 48]","[112.42, 24]","[133.22, 27]","[144.33, 60]",124.61,159,17.22,-0.09
07:38:24,"[118.0, 40]","[116.0, 40]","[219.8, 50]","[291.5, 50]",168.9,180,101.8,-0.11
07:38:25,"[118.0, 52]","[116.0, 52]","[240.27, 49]","[292.38, 64]",179.13,217,122.27,-0.04
07:38:26,"[116.9, 40]","[115.18, 33]","[219.29, 21]","[247.28, 29]",168.09,123,102.39,0.19
07:38:27,"[117.0, 48]","[116.0, 56]","[234.09, 33]","[365.94, 54]",175.55,191,117.09,0.09
07:38:28,"[116.67, 36]","[114.88, 32]","[237.62, 24]","[313.0, 40]",177.15,132,120.96,0.03
07:38:29,"[116.0, 48]","[113.0, 36]","[235.92, 36]","[289.75, 60]",175.96,180,119.92,-0.07
07:38:30,"[112.28, 85]","[111.2, 182]","[234.33, 54]","[282.0, 90]",173.31,411,122.05,0.3
07:38:31,"[112.0, 20]","[111.0, 70]","[221.49, 39]","[257.0, 40]",166.74,169,109.49,0.07
07:38:32,"[113.0, 29]","[112.0, 14]","[170.1, 20]","[185.41, 17]",141.55,80,57.1,0.07
07:38:33,"[113.1, 20]","[112.0, 20]","[156.5, 36]","[170.88, 26]",134.8,102,43.4,-0.22
07:38:34,"[114.21, 28]","[112.0, 28]","[136.3, 44]","[139.37, 68]",125.25,168,22.08,-0.33
07:38:35,"[111.29, 84]","[110.5, 12]","[134.67, 27]","[148.05, 37]",122.98,160,23.38,0.2
07:38:36,"[111.0, 143]","[109.0, 11]","[132.36, 33]","[158.91, 33]",121.68,220,21.36,0.4
07:38:37,"[111.0, 221]","[109.0, 17]","[125.76, 51]","[126.88, 51]",118.38,340,14.76,0.4
07:38:38,"[111.0, 96]","[109.0, 12]","[119.58, 36]","[120.67, 36]",115.29,180,8.58,0.2
07:38:39,"[111.06, 49]","[110.14, 14]","[116.71, 21]","[117.71, 21]",113.89,105,5.65,0.2
07:38:40,"[111.07, 87]","[109.59, 54]","[112.88, 48]","[113.88, 48]",111.97,237,1.81,0.19
07:38:41,"[111.0, 55]","[109.0, 44]","[112.82, 28]","[114.82, 33]",111.91,160,1.82,0.24
07:38:42,"[111.34, 35]","[109.8, 40]","[318.25, 12]","[562.61, 28]",214.8,115,206.91,0.3
07:38:43,"[112.0, 26]","[111.0, 36]","[278.26, 38]","[460.82, 34]",195.13,134,166.26,-0.07
07:38:44,"[115.31, 49]","[112.26, 62]","[222.24, 49]","[326.0, 41]",168.78,201,106.94,0.1
07:38:45,"[113.12, 24]","[112.0, 56]","[365.5, 12]","[458.92, 26]",239.31,118,252.38,0.36
07:38:46,"[114.14, 21]","[112.0, 49]","[329.06, 17]","[500.57, 23]",221.6,110,214.92,0.27
07:38:47,"[115.27, 33]","[112.0, 77]","[226.46, 39]","[278.57, 49]",170.87,198,111.19,0.11
07:38:48,"[117.0, 33]","[112.0, 77]","[163.81, 43]","[233.51, 45]",140.41,198,46.81,0.11
07:38:49,"[117.0, 25]","[112.0, 70]","[356.4, 30]","[402.26, 38]",236.7,163,239.4,0.17
07:38:50,"[116.63, 38]","[114.34, 58]","[292.21, 58]","[356.43, 42]",204.42,196,175.58,-0.02
07:38:51,"[116.89, 54]","[113.75, 64]","[331.5, 32]","[394.32, 44]",224.19,194,214.61,0.22
07:38:52,"[120.0, 36]","[116.0, 84]","[297.76, 46]","[357.83, 46]",208.88,212,177.76,0.13
07:38:53,"[120.0, 30]","[116.0, 70]","[329.48, 31]","[330.41, 32]",224.74,163,209.48,0.23
07:38:54,"[120.0, 45]","[116.0, 105]","[324.6, 55]","[326.16, 50]",222.3,255,204.6,0.18
07:38:55,"[120.0, 26]","[116.0, 84]","[321.33, 36]","[323.0, 48]",220.67,194,201.33,0.13
07:38:56,"[120.0, 9]","[116.0, 63]","[184.23, 35]","[214.0, 37]",152.11,144,64.23,0.0
07:38:57,"[120.0, 10]","[116.0, 70]","[123.43, 35]","[125.17, 35]",121.71,150,3.43,0.07
07:38:58,"[116.13, 30]","[112.25, 72]","[120.9, 31]","[121.84, 25]",118.52,158,4.77,0.29
07:38:59,"[112.59, 116]","[111.75, 73]","[116.65, 46]","[118.71, 51]",114.62,286,4.07,0.32
07:39:00,"[112.16, 62]","[111.69, 51]","[113.92, 39]","[129.02, 45]",113.04,197,1.76,0.15
07:39:01,"[110.36, 44]","[104.06, 68]","[112.85, 39]","[297.55, 44]",111.6,195,2.48,0.15
07:39:02,"[109.0, 88]","[82.45, 22]","[140.11, 53]","[436.97, 29]",124.56,192,31.11,0.15
07:39:03,"[110.6, 20]","[91.69, 29]","[173.71, 35]","[618.0, 14]",142.16,98,63.11,0.0
07:39:04,"[109.44, 18]","[86.38, 26]","[254.6, 25]","[618.0, 10]",182.02,79,145.16,0.11
07:39:05,"[110.56, 36]","[107.43, 28]","[361.57, 28]","[665.5, 16]",236.06,108,251.02,0.19
07:39:06,"[110.53, 30]","[105.9, 39]","[611.78, 18]","[713.0, 18]",361.16,105,501.24,0.31
07:39:07,"[113.0, 7]","[109.0, 28]","[532.85, 13]","[614.08, 13]",322.92,61,419.85,0.15
07:39:08,"[113.0, 8]","[110.91, 11]","[250.45, 11]","[271.33, 15]",181.73,45,137.45,-0.16
07:39:09,"[113.0, 5]","[112.0, 5]","[249.0, 5]","[250.0, 5]",181.0,20,136.0,0.0
07:39:10,"[113.0, 10]","[112.0, 10]","[247.1, 10]","[248.4, 10]",180.05,40,134.1,0.0
07:39:11,"[113.0, 8]","[112.0, 8]","[153.56, 16]","[245.62, 8]",133.28,40,40.56,-0.2
07:39:12,"[109.0, 10]","[75.26, 38]","[170.09, 11]","[245.2, 5]",139.55,64,61.09,0.5
07:39:13,"[110.44, 36]","[82.32, 28]","[221.95, 19]","[240.08, 13]",166.2,96,111.5,0.33
07:39:14,"[113.71, 31]","[112.74, 39]","[192.44, 16]","[206.94, 16]",153.07,102,78.73,0.37
07:39:15,"[111.73, 30]","[92.04, 23]","[114.25, 24]","[123.14, 14]",112.99,91,2.52,0.16
07:39:16,"[92.69, 26]","[66.83, 41]","[112.55, 44]","[249.79, 29]",102.62,140,19.85,-0.04
07:39:17,"[68.35, 60]","[44.75, 60]","[111.78, 27]","[295.8, 30]",90.06,177,43.43,0.36
07:39:18,"[76.5, 18]","[73.9, 30]","[109.25, 4]","[124.12, 8]",92.88,60,32.75,0.6
07:39:19,"[78.0, 6]","[75.0, 18]","[107.0, 2]","[108.0, 2]",92.5,28,29.0,0.71
07:39:20,"[84.0, 26]","[77.17, 46]","[215.0, 19]","[363.04, 23]",149.5,114,131.0,0.26
07:39:21,"[112.09, 66]","[105.66, 105]","[269.5, 24]","[445.0, 24]",190.8,219,157.41,0.56
07:39:22,"[118.24, 37]","[112.86, 42]","[255.0, 20]","[677.76, 29]",186.62,128,136.76,0.23
07:39:23,"[119.0, 18]","[118.0, 24]","[487.67, 15]","[637.27, 15]",303.33,72,368.67,0.17
07:39:24,"[118.87, 31]","[116.32, 50]","[342.75, 24]","[418.22, 27]",230.81,132,223.88,0.23
07:39:25,"[113.64, 117]","[110.62, 213]","[236.91, 43]","[265.06, 32]",175.27,405,123.27,0.63
07:39:26,"[112.0, 132]","[109.0, 154]","[233.91, 33]","[284.0, 22]",172.95,341,121.91,0.68
07:39:27,"[112.0, 180]","[109.0, 210]","[188.91, 44]","[240.71, 31]",150.45,465,76.91,0.68
07:39:28,"[112.22, 92]","[109.67, 108]","[158.12, 24]","[160.0, 16]",135.17,240,45.91,0.67
07:39:29,"[114.27, 150]","[112.0, 180]","[157.93, 45]","[209.27, 30]",136.1,405,43.67,0.63
07:39:30,"[115.2, 75]","[112.0, 120]","[156.4, 30]","[159.0, 20]",135.8,245,41.2,0.59
07:39:31,"[116.43, 105]","[112.32, 102]","[153.85, 61]","[229.35, 34]",135.14,302,37.42,0.37
07:39:32,"[112.55, 118]","[110.58, 31]","[155.0, 30]","[197.9, 20]",133.78,199,42.45,0.5
07:39:33,"[112.0, 90]","[110.0, 24]","[154.83, 18]","[307.8, 10]",133.42,142,42.83,0.61
07:39:34,"[112.17, 141]","[111.11, 81]","[154.0, 36]","[326.83, 23]",133.09,281,41.83,0.58
07:39:35,"[112.0, 105]","[110.0, 28]","[138.5, 18]","[202.12, 17]",125.25,168,26.5,0.58
07:39:36,"[112.38, 64]","[111.58, 76]","[135.0, 24]","[425.43, 14]",123.69,178,22.62,0.57
07:39:37,"[112.4, 120]","[111.44, 100]","[132.72, 43]","[148.71, 42]",122.56,305,20.32,0.44
07:39:38,"[114.18, 66]","[112.0, 132]","[128.21, 38]","[128.97, 39]",121.2,275,14.03,0.44
07:39:39,"[115.59, 102]","[112.03, 160]","[122.76, 67]","[124.46, 52]",119.17,381,7.17,0.38
07:39:40,"[117.0, 58]","[113.0, 12]","[119.31, 35]","[121.05, 37]",118.16,142,2.31,-0.01
07:39:41,"[112.38, 58]","[111.87, 103]","[120.12, 52]","[257.43, 37]",116.25,250,7.74,0.29
07:39:42,"[112.0, 151]","[111.0, 52]","[118.64, 33]","[245.0, 39]",115.32,275,6.64,0.48
07:39:43,"[112.0, 112]","[111.0, 64]","[116.47, 45]","[118.26, 35]",114.23,256,4.47,0.38
07:39:44,"[113.0, 36]","[112.0, 126]","[115.33, 54]","[118.0, 36]",114.17,252,2.33,0.29
07:39:45,"[112.07, 55]","[111.28, 50]","[113.55, 33]","[164.65, 31]",112.81,169,1.47,0.24
07:39:46,"[111.72, 43]","[109.77, 88]","[226.25, 48]","[396.5, 48]",168.99,227,114.53,0.15
07:39:47,"[111.87, 61]","[109.62, 52]","[313.05, 19]","[515.84, 25]",212.46,157,201.18,0.44
07:39:48,"[112.0, 84]","[111.0, 28]","[418.0, 7]","[519.62, 13]",265.0,132,306.0,0.7
07:39:49,"[112.0, 204]","[111.0, 68]","[272.18, 17]","[380.47, 17]",192.09,306,160.18,0.78
07:39:50,"[112.37, 76]","[111.84, 100]","[144.0, 11]","[300.18, 11]",128.18,198,31.63,0.78
07:39:51,"[113.93, 56]","[112.31, 104]","[143.05, 38]","[150.86, 14]",128.49,212,29.12,0.51
07:39:52,"[115.08, 36]","[113.0, 40]","[141.39, 18]","[145.09, 22]",128.24,116,26.31,0.31
07:39:53,"[116.0, 21]","[113.0, 28]","[139.8, 15]","[140.31, 13]",127.9,77,23.8,0.27
07:39:54,"[114.76, 51]","[112.33, 125]","[134.16, 43]","[137.72, 25]",124.46,244,19.4,0.44
07:39:55,"[113.0, 10]","[112.0, 120]","[117.14, 28]","[149.23, 22]",115.07,180,4.14,0.44
07:39:56,"[113.82, 17]","[112.05, 38]","[135.0, 5]","[328.0, 15]",124.41,75,21.18,0.47
07:39:57,"[114.77, 39]","[113.0, 13]","[134.77, 13]","[237.0, 41]",124.77,106,20.0,-0.02
07:39:58,"[116.49, 41]","[113.4, 15]","[133.22, 23]","[201.1, 58]",124.85,137,16.73,-0.18
07:39:59,"[118.0, 117]","[116.0, 13]","[131.85, 13]","[133.0, 65]",124.92,208,13.85,0.25
07:40:00,"[118.0, 162]","[116.0, 18]","[129.7, 30]","[130.62, 78]",123.85,288,11.7,0.25
07:40:01,"[118.0, 126]","[116.0, 14]","[121.81, 59]","[125.25, 24]",119.91,223,3.81,0.26
07:40:02,"[118.0, 64]","[116.0, 18]","[119.47, 15]","[184.21, 42]",118.73,139,1.47,0.18
07:40:03,"[118.0, 28]","[116.0, 16]","[119.0, 8]","[278.73, 11]",118.5,63,1.0,0.4
07:40:04,"[112.13, 62]","[111.66, 105]","[290.43, 21]","[506.73, 30]",201.28,218,178.3,0.53
07:40:05,"[113.27, 37]","[112.18, 99]","[232.67, 61]","[235.36, 53]",172.97,250,119.4,0.09
07:40:06,"[114.82, 11]","[113.0, 33]","[199.73, 44]","[215.82, 44]",157.27,132,84.91,-0.33
07:40:07,"[116.38, 8]","[113.0, 24]","[197.0, 32]","[222.0, 32]",156.69,96,80.62,-0.33
07:40:08,"[117.36, 14]","[114.57, 69]","[196.0, 56]","[197.0, 56]",156.68,195,78.64,-0.15
07:40:09,"[119.0, 12]","[115.93, 135]","[171.0, 36]","[188.89, 27]",145.0,210,52.0,0.4
07:40:10,"[119.0, 4]","[113.0, 12]","[167.0, 16]","[168.0, 4]",143.0,36,48.0,-0.11
07:40:11,"[113.71, 34]","[112.09, 134]","[163.39, 61]","[163.84, 49]",138.55,278,49.69,0.21
07:40:12,"[112.47, 34]","[111.86, 84]","[148.42, 31]","[157.95, 19]",130.44,168,35.95,0.4
07:40:13,"[112.0, 81]","[111.0, 54]","[146.89, 36]","[162.0, 36]",129.44,207,34.89,0.3
07:40:14,"[112.0, 72]","[111.0, 48]","[145.12, 32]","[148.0, 32]",128.56,184,33.12,0.3
07:40:15,"[111.48, 58]","[110.21, 57]","[145.0, 48]","[146.0, 48]",128.24,211,33.52,0.09
07:40:16,"[116.61, 64]","[113.63, 54]","[142.64, 56]","[143.93, 56]",129.63,230,26.03,0.03
07:40:17,"[120.0, 50]","[116.12, 34]","[137.3, 40]","[138.3, 40]",128.65,164,17.3,0.02
07:40:18,"[120.0, 30]","[117.0, 6]","[134.5, 24]","[136.0, 24]",127.25,84,14.5,-0.14
07:40:19,"[120.0, 45]","[117.0, 9]","[133.67, 36]","[136.0, 36]",126.83,126,13.67,-0.14
07:40:20,"[120.0, 50]","[117.0, 10]","[131.7, 40]","[133.2, 40]",125.85,140,11.7,-0.14
07:40:21,"[120.0, 80]","[117.0, 16]","[126.16, 68]","[127.75, 64]",123.08,228,6.16,-0.16
07:40:22,"[119.85, 40]","[117.86, 21]","[121.56, 36]","[122.61, 41]",120.7,138,1.71,-0.12
07:40:23,"[116.91, 35]","[115.57, 53]","[119.39, 51]","[121.26, 62]",118.15,201,2.48,-0.12
07:40:24,"[115.05, 38]","[112.69, 26]","[119.93, 45]","[191.81, 37]",117.49,146,4.88,-0.12
07:40:25,"[113.0, 33]","[112.0, 22]","[122.91, 44]","[172.33, 42]",117.95,141,9.91,-0.22
07:40:26,"[112.65, 23]","[111.71, 14]","[121.06, 35]","[122.0, 36]",116.85,108,8.4,-0.31
07:40:27,"[113.31, 39]","[111.75, 24]","[116.82, 45]","[117.59, 54]",115.06,162,3.51,-0.22
07:40:28,"[110.39, 23]","[110.18, 17]","[114.0, 27]","[115.0, 9]",112.2,76,3.61,0.05
07:40:29,"[109.0, 85]","[105.61, 69]","[111.25, 51]","[112.81, 27]",110.13,232,2.25,0.33
07:40:30,"[105.4, 40]","[62.62, 37]","[109.65, 26]","[110.19, 26]",107.53,129,4.25,0.19
07:40:31,"[108.0, 13]","[78.33, 6]","[109.0, 5]","[110.0, 18]",108.5,42,1.0,-0.1
07:40:32,"[108.0, 16]","[71.75, 16]","[109.83, 18]","[110.36, 14]",108.92,64,1.83,0.0
07:40:33,"[116.47, 34]","[100.78, 18]","[215.43, 21]","[585.29, 21]",165.95,94,98.96,0.11
07:40:34,"[120.0, 30]","[108.0, 10]","[299.6, 10]","[616.0, 15]",209.8,65,179.6,0.23
07:40:35,"[114.25, 16]","[92.67, 12]","[392.0, 12]","[527.0, 30]",253.12,70,277.75,-0.2
07:40:36,"[109.0, 20]","[108.0, 10]","[479.92, 13]","[528.09, 22]",294.46,65,370.92,-0.08
07:40:37,"[103.12, 16]","[94.2, 10]","[531.5, 16]","[609.26, 19]",317.31,61,428.38,-0.15
07:40:38,"[103.26, 38]","[68.67, 24]","[440.4, 35]","[557.9, 30]",271.83,127,337.14,-0.02
07:40:39,"[116.64, 44]","[112.86, 28]","[136.04, 46]","[145.36, 25]",126.34,143,19.41,0.01
07:40:40,"[113.0, 15]","[112.0, 7]","[134.71, 28]","[195.12, 24]",123.86,74,21.71,-0.41
07:40:41,"[113.0, 20]","[112.0, 10]","[133.3, 40]","[235.97, 38]",123.15,108,20.3,-0.44
07:40:42,"[115.6, 30]","[112.9, 20]","[132.0, 28]","[146.83, 41]",123.8,119,16.4,-0.16
07:40:43,"[116.04, 73]","[114.25, 24]","[131.0, 16]","[183.86, 28]",123.52,141,14.96,0.38
07:40:44,"[117.0, 33]","[116.0, 110]","[130.73, 22]","[332.56, 32]",123.86,197,13.73,0.45
07:40:45,"[117.0, 25]","[116.0, 90]","[128.67, 18]","[136.67, 18]",122.83,151,11.67,0.52
07:40:46,"[116.12, 51]","[115.67, 66]","[124.82, 22]","[125.82, 22]",120.47,161,8.7,0.45
07:40:47,"[116.01, 94]","[112.77, 26]","[123.25, 24]","[125.0, 24]",119.63,168,7.24,0.43
07:40:48,"[119.46, 28]","[116.25, 40]","[121.67, 24]","[137.36, 22]",120.57,114,2.2,0.19
07:40:49,"[120.0, 18]","[118.9, 10]","[141.77, 26]","[221.13, 15]",130.88,69,21.77,-0.19
07:40:50,"[116.18, 22]","[113.32, 19]","[188.87, 31]","[207.4, 25]",152.53,97,72.69,-0.15
07:40:51,"[116.0, 10]","[113.0, 20]","[136.23, 26]","[246.43, 14]",126.12,70,20.23,-0.14
07:40:52,"[116.0, 8]","[113.0, 16]","[118.12, 24]","[168.0, 12]",117.06,60,2.12,-0.2
07:40:53,"[113.0, 12]","[112.0, 6]","[154.43, 14]","[158.71, 14]",133.71,46,41.43,-0.22
07:40:54,"[113.13, 23]","[112.2, 15]","[153.75, 24]","[311.66, 29]",133.44,91,40.62,-0.16
07:40:55,"[110.0, 32]","[109.0, 8]","[153.0, 16]","[203.1, 10]",131.5,66,43.0,0.21
07:40:56,"[111.0, 24]","[109.76, 21]","[150.89, 18]","[317.58, 26]",130.94,89,39.89,0.01
07:40:57,"[110.04, 25]","[109.4, 10]","[149.0, 14]","[257.33, 18]",129.52,67,38.96,0.04
07:40:58,"[112.7, 23]","[110.36, 44]","[147.13, 23]","[149.73, 22]",129.91,112,34.43,0.2
07:40:59,"[115.97, 59]","[112.45, 44]","[146.09, 23]","[147.27, 22]",131.03,148,30.12,0.39
07:41:00,"[118.0, 63]","[114.87, 15]","[143.7, 20]","[145.89, 18]",130.85,116,25.7,0.34
07:41:01,"[118.0, 56]","[117.0, 8]","[143.38, 16]","[144.75, 16]",130.69,96,25.38,0.33
07:41:02,"[118.0, 91]","[117.0, 13]","[139.44, 36]","[140.52, 42]",128.72,182,21.44,0.14
07:41:03,"[118.0, 49]","[117.0, 12]","[134.31, 32]","[135.3, 40]",126.16,133,16.31,-0.08
07:41:04,"[114.14, 21]","[111.88, 43]","[128.8, 35]","[129.14, 51]",121.47,150,14.66,-0.15
07:41:05,"[118.65, 17]","[111.62, 21]","[126.33, 18]","[128.0, 45]",122.49,101,7.69,-0.25
07:41:06,"[118.12, 34]","[111.24, 42]","[122.8, 65]","[124.62, 52]",120.46,193,4.68,-0.21
07:41:07,"[112.0, 16]","[110.0, 32]","[120.0, 24]","[121.17, 24]",116.0,96,8.0,0.0
07:41:08,"[112.86, 57]","[111.24, 42]","[117.45, 44]","[118.11, 36]",115.16,179,4.59,0.11
07:41:09,"[112.68, 37]","[110.79, 33]","[113.85, 41]","[119.39, 33]",113.26,144,1.18,-0.03
07:41:10,"[109.83, 12]","[108.02, 50]","[111.39, 31]","[134.23, 13]",110.61,106,1.55,0.17
07:41:11,"[111.0, 60]","[108.15, 47]","[176.74, 23]","[453.35, 34]",143.87,164,65.74,0.3
07:41:12,"[112.06, 122]","[105.47, 95]","[175.22, 68]","[410.9, 39]",143.64,324,63.16,0.34
07:41:13,"[113.0, 54]","[85.87, 30]","[209.92, 26]","[409.57, 28]",161.46,138,96.92,0.22
07:41:14,"[113.0, 45]","[85.56, 32]","[118.0, 20]","[457.58, 19]",115.5,116,5.0,0.33
07:41:15,"[113.23, 66]","[92.7, 81]","[215.92, 25]","[602.6, 47]",164.57,219,102.69,0.34
07:41:16,"[113.0, 54]","[107.0, 36]","[250.17, 24]","[522.11, 18]",181.58,132,137.17,0.36
07:41:17,"[113.0, 27]","[107.0, 18]","[249.33, 15]","[251.0, 6]",181.17,66,136.33,0.36
07:41:18,"[113.0, 27]","[107.0, 18]","[249.0, 15]","[324.0, 15]",181.0,75,136.0,0.2
07:41:19,"[113.0, 100]","[107.0, 75]","[184.29, 35]","[267.62, 40]",148.64,250,71.29,0.4
07:41:20,"[113.78, 27]","[110.33, 63]","[134.81, 21]","[140.0, 46]",124.29,157,21.03,0.15
07:41:21,"[116.0, 6]","[113.0, 30]","[131.8, 10]","[133.19, 26]",123.9,72,15.8,0.0
07:41:22,"[113.9, 30]","[111.86, 66]","[129.41, 17]","[131.89, 37]",121.66,150,15.51,0.28
07:41:23,"[112.21, 34]","[111.62, 72]","[128.48, 42]","[129.22, 18]",120.34,166,16.27,0.28
07:41:24,"[112.0, 54]","[109.0, 18]","[124.81, 26]","[126.1, 10]",118.4,108,12.81,0.33
07:41:25,"[116.9, 49]","[111.91, 99]","[122.36, 55]","[125.0, 11]",119.63,214,5.47,0.38
07:41:26,"[118.0, 40]","[112.29, 102]","[120.2, 10]","[122.0, 50]",119.1,202,2.2,0.41
07:41:27,"[118.0, 34]","[113.0, 231]","[121.03, 32]","[176.8, 45]",119.52,342,3.03,0.55
07:41:28,"[118.94, 77]","[113.31, 96]","[122.0, 55]","[229.43, 28]",120.47,256,3.06,0.35
07:41:29,"[119.0, 156]","[118.0, 13]","[122.0, 65]","[234.9, 51]",120.5,285,3.0,0.19
07:41:30,"[119.0, 108]","[118.0, 9]","[120.56, 45]","[202.53, 34]",119.78,196,1.56,0.19
07:41:31,"[119.0, 39]","[118.0, 4]","[120.0, 20]","[179.0, 8]",119.5,71,1.0,0.21
07:41:32,"[119.0, 36]","[118.0, 9]","[462.27, 22]","[611.07, 29]",290.64,96,343.27,-0.06
07:41:33,"[119.0, 28]","[118.0, 7]","[455.09, 22]","[581.78, 18]",287.05,75,336.09,-0.07
07:41:34,"[119.0, 19]","[118.0, 10]","[569.38, 21]","[615.14, 21]",344.19,71,450.38,-0.18
07:41:35,"[118.11, 9]","[116.12, 17]","[622.57, 21]","[623.14, 21]",370.34,68,504.46,-0.24
07:41:36,"[114.4, 25]","[115.11, 18]","[581.72, 18]","[619.38, 16]",348.06,77,467.32,0.12
07:41:37,"[113.0, 216]","[112.0, 48]","[376.63, 27]","[388.0, 23]",244.81,314,263.63,0.68
07:41:38,"[113.0, 170]","[112.0, 44]","[268.82, 33]","[269.82, 33]",190.91,280,155.82,0.53
07:41:39,"[113.73, 48]","[112.97, 80]","[267.1, 30]","[268.1, 30]",190.41,188,153.37,0.36
07:41:40,"[116.0, 33]","[114.0, 33]","[265.63, 19]","[266.55, 31]",190.82,116,149.63,0.14
07:41:41,"[116.58, 36]","[114.43, 46]","[262.7, 30]","[265.0, 10]",189.64,122,146.12,0.34
07:41:42,"[120.0, 12]","[117.0, 18]","[261.25, 12]","[261.79, 14]",190.62,56,141.25,0.07
07:41:43,"[119.4, 10]","[116.67, 18]","[259.62, 8]","[260.94, 16]",189.51,52,140.22,0.08
07:41:44,"[117.0, 6]","[116.0, 18]","[258.17, 18]","[258.93, 14]",187.58,56,141.17,-0.14
07:41:45,"[117.0, 13]","[116.0, 39]","[253.86, 35]","[254.43, 42]",185.43,129,136.86,-0.19
07:41:46,"[116.09, 64]","[114.83, 69]","[248.71, 24]","[250.88, 51]",182.4,208,132.61,0.28
07:41:47,"[116.0, 24]","[113.0, 27]","[230.86, 28]","[246.2, 15]",173.43,94,114.86,0.09
07:41:48,"[116.0, 27]","[113.0, 54]","[226.96, 26]","[229.91, 23]",171.48,130,110.96,0.25
07:41:49,"[116.0, 27]","[113.0, 54]","[220.78, 27]","[221.78, 27]",168.39,135,104.78,0.2
07:41:50,"[113.0, 40]","[112.0, 32]","[215.52, 25]","[218.17, 29]",164.26,126,102.52,0.14
07:41:51,"[113.0, 35]","[112.0, 28]","[194.23, 13]","[203.86, 14]",153.62,90,81.23,0.4
07:41:52,"[112.0, 24]","[111.0, 54]","[190.89, 19]","[191.95, 19]",151.45,116,78.89,0.34
07:41:53,"[112.65, 17]","[111.67, 54]","[187.05, 38]","[189.09, 33]",149.85,142,74.41,0.0
07:41:54,"[115.0, 22]","[113.43, 21]","[183.21, 39]","[184.51, 35]",149.1,117,68.21,-0.26
07:41:55,"[114.48, 33]","[112.59, 54]","[146.67, 36]","[176.74, 46]",130.58,169,32.18,0.03
07:41:56,"[111.27, 88]","[109.98, 110]","[117.82, 45]","[118.5, 50]",114.55,293,6.55,0.35
07:41:57,"[110.79, 87]","[108.06, 77]","[112.95, 39]","[114.45, 31]",111.87,234,2.16,0.4
07:41:58,"[109.0, 66]","[107.0, 80]","[111.11, 18]","[113.36, 22]",110.06,186,2.11,0.57
07:41:59,"[110.4, 40]","[107.72, 25]","[246.81, 42]","[456.58, 24]",178.6,131,136.41,-0.01
07:42:00,"[112.0, 44]","[109.0, 67]","[125.55, 44]","[313.82, 22]",118.77,177,13.55,0.25
07:42:01,"[112.85, 26]","[109.49, 43]","[465.88, 32]","[620.84, 38]",289.36,139,353.03,-0.01
07:42:02,"[114.4, 30]","[112.72, 25]","[382.79, 33]","[417.83, 35]",248.59,123,268.39,-0.11
07:42:03,"[120.0, 5]","[113.0, 15]","[255.86, 14]","[256.73, 11]",187.93,45,135.86,-0.11
07:42:04,"[120.0, 11]","[114.43, 21]","[245.68, 31]","[254.75, 24]",182.84,87,125.68,-0.26
07:42:05,"[118.44, 9]","[117.25, 8]","[206.35, 20]","[253.2, 20]",162.4,57,87.91,-0.4
07:42:06,"[115.28, 36]","[112.96, 27]","[237.9, 42]","[247.52, 33]",176.59,138,122.63,-0.09
07:42:07,"[116.17, 24]","[109.64, 44]","[241.9, 30]","[519.6, 35]",179.03,133,125.73,0.02
07:42:08,"[110.26, 31]","[108.78, 119]","[186.81, 37]","[277.6, 42]",148.53,229,76.55,0.31
07:42:09,"[109.25, 133]","[89.42, 81]","[201.19, 48]","[229.98, 61]",155.22,323,91.94,0.33
07:42:10,"[109.0, 24]","[70.18, 11]","[150.71, 17]","[160.0, 23]",129.85,75,41.71,-0.07
07:42:11,"[109.0, 30]","[79.0, 10]","[148.0, 36]","[148.79, 28]",128.5,104,39.0,-0.23
07:42:12,"[104.95, 20]","[96.38, 21]","[129.4, 30]","[142.74, 31]",117.18,102,24.45,-0.2
07:42:13,"[87.77, 35]","[74.12, 33]","[101.72, 53]","[105.0, 24]",94.74,145,13.95,-0.06
07:42:14,"[71.61, 23]","[60.88, 17]","[100.08, 38]","[101.09, 23]",85.84,101,28.47,-0.21
07:42:15,"[96.84, 51]","[88.0, 44]","[100.0, 50]","[101.0, 30]",98.42,175,3.16,0.09
07:42:16,"[98.38, 78]","[96.0, 68]","[100.25, 55]","[101.24, 33]",99.32,234,1.87,0.25
07:42:17,"[104.31, 42]","[100.95, 60]","[125.45, 40]","[355.27, 33]",114.88,175,21.14,0.17
07:42:18,"[115.65, 66]","[114.67, 30]","[212.44, 64]","[540.0, 51]",164.04,211,96.79,-0.09
07:42:19,"[118.0, 72]","[117.0, 72]","[264.92, 48]","[304.91, 43]",191.46,235,146.92,0.23
07:42:20,"[118.0, 48]","[117.0, 48]","[210.25, 32]","[277.0, 32]",164.12,160,92.25,0.2
07:42:21,"[118.0, 48]","[117.0, 48]","[166.46, 26]","[202.45, 31]",142.23,153,48.46,0.25
07:42:22,"[118.0, 72]","[117.0, 72]","[127.2, 50]","[144.63, 41]",122.6,235,9.2,0.23
07:42:23,"[118.0, 90]","[117.0, 90]","[126.4, 60]","[177.4, 60]",122.2,300,8.4,0.2
07:42:24,"[118.0, 78]","[117.0, 78]","[124.93, 46]","[244.51, 45]",121.47,247,6.93,0.26
07:42:25,"[118.0, 54]","[117.0, 54]","[121.54, 13]","[124.87, 30]",119.77,151,3.54,0.43
07:42:26,"[119.35, 130]","[117.33, 72]","[180.0, 24]","[195.42, 57]",149.68,283,60.65,0.43
07:42:27,"[120.0, 94]","[118.0, 30]","[272.42, 31]","[454.12, 32]",196.21,187,152.42,0.33
07:42:28,"[120.0, 105]","[118.2, 49]","[255.22, 46]","[494.08, 59]",187.61,259,135.22,0.19
07:42:29,"[120.0, 84]","[119.0, 60]","[328.08, 48]","[447.33, 42]",224.04,234,208.08,0.23
07:42:30,"[119.94, 77]","[118.95, 63]","[313.62, 47]","[513.89, 35]",216.78,222,193.68,0.26
07:42:31,"[119.0, 20]","[118.0, 24]","[164.0, 32]","[345.0, 8]",141.5,84,45.0,0.05
07:42:32,"[119.0, 6]","[118.0, 18]","[164.0, 24]","[335.0, 12]",141.5,60,45.0,-0.2
07:42:33,"[119.0, 7]","[118.0, 21]","[164.0, 28]","[329.0, 14]",141.5,70,45.0,-0.2
07:42:34,"[119.0, 5]","[118.0, 15]","[164.0, 20]","[442.6, 10]",141.5,50,45.0,-0.2
07:42:35,"[118.45, 11]","[117.83, 18]","[164.0, 32]","[471.0, 16]",141.23,77,45.55,-0.25
07:42:36,"[117.44, 9]","[116.17, 12]","[163.64, 25]","[352.3, 20]",140.54,66,46.2,-0.36
07:42:37,"[116.0, 16]","[113.0, 200]","[150.0, 27]","[163.07, 29]",133.0,272,34.0,0.59
07:42:38,"[116.71, 28]","[113.03, 227]","[156.87, 31]","[364.22, 46]",136.79,332,40.16,0.54
07:42:39,"[118.0, 88]","[116.0, 20]","[157.3, 30]","[314.51, 43]",137.65,181,39.3,0.19
07:42:40,"[118.0, 63]","[116.0, 18]","[156.44, 27]","[308.84, 38]",137.22,146,38.44,0.11
07:42:41,"[118.0, 91]","[116.0, 26]","[150.44, 63]","[163.82, 44]",134.22,224,32.44,0.04
07:42:42,"[118.0, 103]","[116.0, 30]","[151.27, 74]","[238.96, 52]",134.64,259,33.27,0.03
07:42:43,"[118.0, 80]","[116.0, 32]","[150.0, 53]","[230.27, 73]",134.0,238,32.0,-0.06
07:42:44,"[116.04, 55]","[113.28, 85]","[130.0, 70]","[131.36, 67]",123.02,277,13.96,0.01
07:42:45,"[113.0, 63]","[112.0, 32]","[128.27, 22]","[129.25, 40]",120.64,157,15.27,0.21
07:42:46,"[113.0, 122]","[112.0, 44]","[123.74, 43]","[125.41, 34]",118.37,243,10.74,0.37
07:42:47,"[113.0, 55]","[112.0, 36]","[121.14, 21]","[122.1, 42]",117.07,154,8.14,0.18
07:42:48,"[113.0, 60]","[112.0, 48]","[117.44, 52]","[118.02, 42]",115.22,202,4.44,0.07
07:42:49,"[114.86, 124]","[111.84, 38]","[206.96, 56]","[338.73, 41]",160.91,259,92.1,0.25
07:42:50,"[116.0, 196]","[111.0, 48]","[504.86, 28]","[728.0, 44]",310.43,316,388.86,0.54
07:42:51,"[116.0, 195]","[111.75, 16]","[260.77, 31]","[342.88, 34]",188.39,276,144.77,0.53
07:42:52,"[117.3, 129]","[116.31, 65]","[157.0, 18]","[158.0, 18]",137.15,230,39.7,0.69
07:42:53,"[118.0, 112]","[117.0, 64]","[156.12, 16]","[190.29, 17]",137.06,209,38.12,0.68
07:42:54,"[118.0, 124]","[117.0, 80]","[149.9, 20]","[222.2, 25]",133.95,249,31.9,0.64
07:42:55,"[118.0, 69]","[117.0, 96]","[153.25, 24]","[279.95, 44]",135.62,233,35.25,0.42
07:42:56,"[118.0, 28]","[117.0, 56]","[152.14, 14]","[240.0, 28]",135.07,126,34.14,0.33
07:42:57,"[118.33, 24]","[117.5, 64]","[139.33, 36]","[236.62, 32]",128.83,156,21.0,0.13
07:42:58,"[119.83, 24]","[118.38, 26]","[150.07, 28]","[298.29, 42]",134.95,120,30.24,-0.17
07:42:59,"[120.0, 19]","[119.0, 10]","[147.4, 20]","[267.25, 24]",133.7,73,27.4,-0.21
07:43:00,"[120.0, 11]","[119.0, 11]","[146.09, 22]","[169.45, 22]",133.05,66,26.09,-0.33
07:43:01,"[120.0, 8]","[119.0, 8]","[145.5, 16]","[180.0, 16]",132.75,48,25.5,-0.33
07:43:02,"[120.0, 13]","[119.0, 13]","[144.69, 26]","[162.4, 50]",132.35,102,24.69,-0.49
07:43:03,"[118.77, 13]","[117.27, 37]","[142.67, 18]","[157.14, 35]",130.72,103,23.9,-0.03
07:43:04,"[118.0, 18]","[117.0, 72]","[142.0, 18]","[220.09, 33]",130.0,141,24.0,0.28
07:43:05,"[118.0, 22]","[117.0, 88]","[141.27, 22]","[415.46, 48]",129.64,180,23.27,0.22
07:43:06,"[118.0, 24]","[117.0, 96]","[137.15, 33]","[269.94, 36]",127.58,189,19.15,0.27
07:43:07,"[118.1, 29]","[116.22, 121]","[133.11, 27]","[134.29, 21]",125.61,198,15.01,0.52
07:43:08,"[117.0, 9]","[116.0, 180]","[130.76, 21]","[131.8, 10]",123.88,220,13.76,0.72
07:43:09,"[116.47, 32]","[115.93, 307]","[127.25, 48]","[128.36, 50]",121.86,437,10.78,0.55
07:43:10,"[116.0, 221]","[113.0, 91]","[123.76, 21]","[124.38, 85]",119.88,418,7.76,0.49
07:43:11,"[116.0, 190]","[113.0, 105]","[121.27, 30]","[123.21, 78]",118.63,403,5.27,0.46
07:43:12,"[117.21, 91]","[115.4, 105]","[119.11, 36]","[120.33, 18]",118.16,250,1.9,0.57
07:43:13,"[116.11, 184]","[113.56, 129]","[117.81, 21]","[126.53, 30]",116.96,364,1.7,0.72
07:43:14,"[116.0, 135]","[113.0, 100]","[222.15, 34]","[255.36, 47]",169.07,316,106.15,0.49
07:43:15,"[116.0, 90]","[113.0, 72]","[274.11, 38]","[367.8, 20]",195.05,220,158.11,0.47
07:43:16,"[116.0, 63]","[113.0, 49]","[261.17, 24]","[356.14, 14]",188.58,150,145.17,0.49
07:43:17,"[116.73, 22]","[115.16, 50]","[248.0, 24]","[325.0, 12]",182.36,108,131.27,0.33
07:43:18,"[120.0, 8]","[116.0, 72]","[248.04, 27]","[326.25, 16]",184.02,123,128.04,0.3
07:43:19,"[116.43, 37]","[114.09, 99]","[257.89, 61]","[453.95, 42]",187.16,239,141.45,0.14
07:43:20,"[113.69, 52]","[112.33, 84]","[287.23, 52]","[447.05, 38]",200.46,226,173.54,0.2
07:43:21,"[113.0, 10]","[112.0, 49]","[295.0, 30]","[401.28, 29]",204.0,118,182.0,0.0
07:43:22,"[112.72, 25]","[111.85, 74]","[286.95, 43]","[401.54, 41]",199.84,183,174.23,0.08
07:43:23,"[112.0, 46]","[111.0, 110]","[345.41, 44]","[418.16, 31]",228.7,231,233.41,0.35
07:43:24,"[112.0, 18]","[111.0, 99]","[428.0, 18]","[517.67, 36]",270.0,171,316.0,0.37
07:43:25,"[115.53, 17]","[111.48, 21]","[264.43, 21]","[491.27, 22]",189.98,81,148.9,-0.06
07:43:26,"[115.27, 22]","[111.35, 34]","[199.0, 40]","[411.0, 24]",157.14,120,83.73,-0.07
07:43:27,"[116.0, 10]","[112.0, 20]","[199.0, 50]","[417.8, 20]",157.5,100,83.0,-0.4
07:43:28,"[116.0, 10]","[112.0, 20]","[243.73, 44]","[310.08, 26]",179.86,100,127.73,-0.4
07:43:29,"[116.69, 13]","[113.09, 11]","[266.25, 16]","[311.92, 26]",191.47,66,149.56,-0.27
07:43:30,"[116.56, 27]","[114.29, 14]","[281.59, 27]","[304.88, 34]",199.07,102,165.04,-0.2
07:43:31,"[117.0, 21]","[112.05, 19]","[192.73, 22]","[293.32, 25]",154.86,87,75.73,-0.08
07:43:32,"[120.0, 84]","[113.0, 7]","[122.11, 27]","[153.73, 22]",121.06,140,2.11,0.3
07:43:33,"[120.0, 120]","[113.0, 10]","[121.92, 39]","[122.87, 31]",120.96,200,1.92,0.3
07:43:34,"[120.0, 107]","[115.0, 9]","[121.0, 27]","[122.0, 36]",120.5,179,1.0,0.3
07:43:35,"[120.0, 94]","[116.0, 15]","[185.27, 37]","[250.12, 40]",152.64,186,65.27,0.17
07:43:36,"[119.48, 23]","[113.75, 20]","[227.0, 8]","[249.0, 8]",173.24,59,107.52,0.46
07:43:37,"[116.0, 7]","[113.0, 35]","[227.0, 7]","[389.31, 13]",171.5,62,111.0,0.35
07:43:38,"[117.63, 27]","[113.41, 29]","[217.91, 11]","[406.33, 12]",167.77,79,100.28,0.42
07:43:39,"[118.53, 19]","[117.82, 33]","[245.4, 15]","[523.49, 43]",181.96,110,126.87,-0.05
07:43:40,"[117.1, 10]","[114.88, 16]","[291.19, 21]","[291.78, 36]",204.15,83,174.09,-0.37
07:43:41,"[113.0, 18]","[112.0, 54]","[289.11, 18]","[291.0, 45]",201.06,135,176.11,0.07
07:43:42,"[113.0, 14]","[111.73, 33]","[286.62, 13]","[329.0, 17]",199.81,77,173.62,0.22
07:43:43,"[113.0, 28]","[111.82, 17]","[222.74, 27]","[273.35, 20]",167.87,92,109.74,-0.02
07:43:44,"[112.0, 13]","[111.0, 39]","[257.57, 14]","[284.91, 23]",184.79,89,145.57,0.17
07:43:45,"[109.97, 31]","[99.0, 45]","[255.36, 25]","[256.71, 14]",182.66,115,145.39,0.32
07:43:46,"[109.0, 98]","[82.43, 67]","[171.03, 30]","[170.58, 60]",140.02,255,62.03,0.29
07:43:47,"[109.73, 49]","[93.24, 59]","[162.88, 25]","[173.09, 34]",136.31,167,53.15,0.29
07:43:48,"[113.0, 36]","[109.0, 36]","[176.0, 12]","[253.15, 13]",144.5,97,63.0,0.48
07:43:49,"[114.24, 29]","[112.71, 42]","[169.93, 14]","[192.29, 14]",142.08,99,55.69,0.43
07:43:50,"[115.4, 30]","[113.26, 31]","[141.09, 11]","[143.18, 11]",128.25,83,25.69,0.47
07:43:51,"[116.0, 50]","[115.0, 26]","[137.84, 19]","[138.5, 16]",126.92,111,21.84,0.37
07:43:52,"[116.6, 10]","[115.27, 11]","[134.55, 11]","[136.86, 7]",125.57,39,17.95,0.08
07:43:53,"[117.55, 22]","[116.0, 11]","[132.96, 25]","[133.47, 30]",125.25,88,15.41,-0.25
07:43:54,"[113.0, 18]","[109.0, 72]","[121.88, 24]","[125.77, 30]",117.44,144,8.88,0.25
07:43:55,"[114.52, 33]","[110.94, 47]","[126.72, 47]","[127.47, 17]",120.62,144,12.21,0.11
07:43:56,"[118.0, 18]","[114.0, 65]","[125.0, 36]","[128.0, 9]",121.5,128,7.0,0.3
07:43:57,"[120.0, 8]","[118.0, 16]","[124.0, 26]","[125.43, 14]",122.0,64,4.0,-0.25
07:43:58,"[120.0, 8]","[118.0, 16]","[122.62, 32]","[124.0, 8]",121.31,64,2.62,-0.25
07:43:59,"[118.93, 15]","[117.78, 18]","[121.43, 37]","[122.25, 32]",120.18,102,2.5,-0.35
07:44:00,"[118.0, 18]","[117.0, 9]","[120.18, 34]","[121.28, 29]",119.09,90,2.18,-0.4
07:44:01,"[116.0, 36]","[113.0, 12]","[119.0, 44]","[120.2, 40]",117.5,132,3.0,-0.27
07:44:02,"[111.92, 53]","[106.49, 43]","[117.37, 41]","[162.29, 42]",114.65,179,5.44,0.07
07:44:03,"[111.0, 42]","[109.0, 7]","[115.57, 7]","[121.75, 8]",113.29,64,4.57,0.53
07:44:04,"[111.0, 60]","[109.0, 20]","[114.9, 10]","[115.9, 10]",112.95,100,3.9,0.6
07:44:05,"[111.0, 32]","[109.0, 8]","[112.75, 8]","[229.12, 16]",111.88,64,1.75,0.25
07:44:06,"[110.52, 25]","[101.92, 13]","[301.62, 26]","[357.43, 21]",206.07,85,191.1,-0.11
07:44:07,"[110.0, 28]","[109.0, 7]","[521.53, 17]","[771.1, 29]",315.76,81,411.53,-0.14
07:44:08,"[111.71, 28]","[110.71, 14]","[478.0, 40]","[527.14, 28]",294.86,110,366.29,-0.24
07:44:09,"[115.72, 36]","[110.5, 12]","[329.33, 45]","[457.44, 45]",222.53,138,213.61,-0.3
07:44:10,"[116.0, 9]","[109.0, 5]","[228.38, 16]","[302.6, 25]",172.19,55,112.38,-0.49
07:44:11,"[116.0, 10]","[109.0, 10]","[143.33, 30]","[283.85, 40]",129.67,90,27.33,-0.56
07:44:12,"[116.0, 10]","[111.0, 10]","[143.0, 40]","[486.88, 43]",129.5,103,27.0,-0.61
07:44:13,"[114.64, 11]","[110.14, 14]","[136.09, 44]","[308.41, 49]",125.36,118,21.45,-0.58
07:44:14,"[116.0, 32]","[113.52, 67]","[127.0, 40]","[263.0, 44]",121.5,183,11.0,0.08
07:44:15,"[116.45, 22]","[113.78, 77]","[125.75, 32]","[425.0, 40]",121.1,171,9.3,0.16
07:44:16,"[117.0, 26]","[116.0, 52]","[122.94, 47]","[165.94, 47]",119.97,172,5.94,-0.09
07:44:17,"[118.0, 36]","[117.09, 44]","[120.94, 47]","[122.78, 37]",119.47,164,2.94,-0.02
07:44:18,"[118.05, 38]","[116.19, 53]","[119.21, 28]","[218.61, 33]",118.63,152,1.16,0.2
07:44:19,"[116.0, 20]","[113.0, 190]","[118.4, 20]","[199.9, 20]",117.2,250,2.4,0.68
07:44:20,"[113.29, 84]","[112.9, 80]","[176.24, 25]","[325.45, 22]",144.76,211,62.95,0.55
07:44:21,"[113.0, 164]","[111.09, 11]","[198.36, 55]","[421.64, 55]",155.68,285,85.36,0.23
07:44:22,"[113.35, 160]","[112.76, 41]","[203.17, 60]","[470.0, 60]",158.26,321,89.82,0.25
07:44:23,"[113.0, 112]","[112.0, 8]","[202.62, 40]","[476.76, 37]",157.81,197,89.62,0.22
07:44:24,"[113.0, 49]","[112.0, 5]","[202.0, 25]","[595.0, 10]",157.5,89,89.0,0.21
07:44:25,"[113.0, 99]","[112.0, 11]","[145.13, 46]","[198.12, 43]",129.07,199,32.13,0.11
07:44:26,"[113.0, 54]","[112.0, 6]","[129.0, 30]","[130.0, 30]",121.0,120,16.0,0.0
07:44:27,"[113.21, 58]","[112.75, 24]","[127.5, 40]","[129.75, 28]",120.35,150,14.29,0.09
07:44:28,"[113.32, 74]","[112.82, 33]","[126.89, 45]","[435.55, 33]",120.11,185,13.56,0.16
07:44:29,"[113.5, 72]","[112.9, 40]","[451.82, 33]","[540.89, 38]",282.66,183,338.32,0.22
07:44:30,"[113.0, 81]","[112.0, 10]","[451.14, 35]","[452.67, 30]",282.07,156,338.14,0.17
07:44:31,"[112.86, 36]","[111.26, 27]","[447.79, 39]","[448.16, 45]",280.33,147,334.93,-0.14
07:44:32,"[116.36, 22]","[112.35, 17]","[443.17, 30]","[446.27, 33]",279.77,102,326.8,-0.24
07:44:33,"[118.0, 21]","[113.0, 14]","[379.44, 34]","[432.28, 32]",248.72,101,261.44,-0.31
07:44:34,"[118.0, 45]","[115.72, 150]","[263.49, 39]","[268.5, 46]",190.74,280,145.49,0.39
07:44:35,"[118.25, 44]","[116.03, 190]","[257.09, 22]","[258.29, 14]",187.67,270,138.84,0.73
07:44:36,"[119.0, 99]","[118.0, 27]","[254.5, 16]","[255.82, 11]",186.75,153,135.5,0.65
07:44:37,"[119.0, 99]","[118.0, 36]","[172.57, 37]","[170.54, 37]",145.78,209,53.57,0.29
07:44:38,"[119.0, 56]","[118.0, 21]","[155.73, 11]","[156.77, 26]",137.36,114,36.73,0.35
07:44:39,"[119.75, 32]","[118.97, 99]","[149.87, 39]","[154.64, 28]",134.81,198,30.12,0.32
07:44:40,"[119.0, 104]","[118.0, 39]","[145.62, 37]","[151.32, 44]",132.31,224,26.62,0.28
07:44:41,"[119.0, 96]","[118.0, 36]","[125.6, 55]","[131.57, 42]",122.3,229,6.6,0.15
07:44:42,"[118.92, 39]","[117.39, 56]","[121.14, 56]","[124.44, 43]",120.03,194,2.22,-0.02
07:44:43,"[116.21, 141]","[115.46, 145]","[160.78, 50]","[209.75, 36]",138.5,372,44.57,0.54
07:44:44,"[116.66, 61]","[115.77, 111]","[121.98, 41]","[145.98, 47]",119.32,260,5.32,0.32
07:44:45,"[116.04, 136]","[115.15, 201]","[118.85, 33]","[156.93, 40]",117.45,410,2.8,0.64
07:44:46,"[116.0, 251]","[113.0, 128]","[119.0, 39]","[221.0, 52]",117.5,470,3.0,0.61
07:44:47,"[116.0, 170]","[113.0, 50]","[118.1, 30]","[162.94, 34]",117.05,284,2.1,0.55
07:44:48,"[116.0, 119]","[113.0, 35]","[117.0, 21]","[388.57, 28]",116.5,203,1.0,0.52
07:44:49,"[116.0, 116]","[113.0, 65]","[340.74, 46]","[497.92, 52]",228.37,279,224.74,0.3
07:44:50,"[116.0, 55]","[113.0, 55]","[349.44, 41]","[413.26, 23]",232.72,174,233.44,0.26
07:44:51,"[115.74, 46]","[112.81, 74]","[176.43, 56]","[375.93, 58]",146.08,234,60.69,0.03
07:44:52,"[113.0, 14]","[112.0, 49]","[159.29, 28]","[176.26, 19]",136.14,110,46.29,0.15
07:44:53,"[113.0, 30]","[112.0, 105]","[154.43, 49]","[168.2, 40]",133.71,224,41.43,0.21
07:44:54,"[113.83, 36]","[112.36, 33]","[155.0, 18]","[157.0, 36]",134.42,123,41.17,0.12
07:44:55,"[117.51, 41]","[113.8, 50]","[154.85, 26]","[157.0, 52]",136.18,169,37.33,0.08
07:44:56,"[115.95, 41]","[111.97, 65]","[153.0, 24]","[154.95, 42]",134.48,172,37.05,0.23
07:44:57,"[112.15, 41]","[111.89, 47]","[151.87, 23]","[152.95, 42]",132.01,153,39.72,0.15
07:44:58,"[114.66, 29]","[112.1, 39]","[147.95, 22]","[149.13, 23]",131.3,113,33.3,0.2
07:44:59,"[117.0, 19]","[114.45, 11]","[144.12, 32]","[145.56, 25]",130.56,87,27.12,-0.31
07:45:00,"[118.0, 42]","[116.0, 14]","[139.96, 45]","[140.86, 44]",128.98,145,21.96,-0.23
07:45:01,"[118.8, 30]","[116.0, 10]","[134.1, 30]","[136.0, 20]",126.45,90,15.3,-0.11
07:45:02,"[119.0, 34]","[116.0, 12]","[131.21, 38]","[133.0, 28]",125.11,112,12.21,-0.18
07:45:03,"[119.0, 12]","[115.75, 12]","[129.65, 43]","[130.82, 34]",124.33,101,10.65,-0.52
07:45:04,"[119.0, 10]","[113.0, 10]","[127.67, 27]","[129.27, 37]",123.33,84,8.67,-0.52
07:45:05,"[113.0, 12]","[112.0, 60]","[123.95, 21]","[125.0, 33]",118.48,126,10.95,0.14
07:45:06,"[112.6, 40]","[111.48, 21]","[119.23, 13]","[122.2, 20]",115.92,94,6.63,0.3
07:45:07,"[112.0, 44]","[110.0, 11]","[115.92, 26]","[116.93, 15]",113.96,96,3.92,0.15
07:45:08,"[112.0, 54]","[110.0, 14]","[114.08, 25]","[115.71, 31]",113.04,124,2.08,0.1
07:45:09,"[79.56, 80]","[57.62, 56]","[114.29, 28]","[130.05, 19]",96.92,183,34.72,0.49
07:45:10,"[78.27, 55]","[48.62, 21]","[114.56, 18]","[171.0, 9]",96.41,103,36.28,0.48
07:45:11,"[90.5, 50]","[68.1, 73]","[166.57, 37]","[290.64, 22]",128.53,182,76.07,0.35
07:45:12,"[54.4, 10]","[15.82, 22]","[385.83, 18]","[519.5, 20]",220.12,70,331.43,-0.09
07:45:13,"[62.5, 4]","[15.82, 11]","[151.0, 3]","[274.0, 15]",106.75,33,88.5,-0.09
07:45:14,"[80.43, 21]","[48.86, 21]","[209.57, 14]","[272.05, 42]",145.0,98,129.14,-0.14
07:45:15,"[106.94, 33]","[93.57, 30]","[207.95, 21]","[256.84, 32]",157.45,116,101.01,0.09
07:45:16,"[112.83, 46]","[111.08, 71]","[163.66, 29]","[265.45, 22]",138.24,168,50.83,0.39
07:45:17,"[111.4, 20]","[109.24, 82]","[224.0, 6]","[447.8, 15]",167.7,123,112.6,0.66
07:45:18,"[111.72, 29]","[109.88, 64]","[334.79, 14]","[444.44, 18]",223.25,125,223.06,0.49
07:45:19,"[111.0, 20]","[109.0, 90]","[362.0, 15]","[513.6, 10]",236.5,135,251.0,0.63
07:45:20,"[111.0, 36]","[109.0, 162]","[153.44, 9]","[255.78, 27]",132.22,234,42.44,0.69
07:45:21,"[111.0, 32]","[109.0, 144]","[140.27, 15]","[197.22, 18]",125.63,209,29.27,0.68
07:45:22,"[112.06, 102]","[109.85, 94]","[123.0, 26]","[185.0, 30]",117.53,252,10.94,0.56
07:45:23,"[113.45, 148]","[111.34, 119]","[122.28, 50]","[216.0, 35]",117.87,352,8.83,0.52
07:45:24,"[114.15, 81]","[112.43, 90]","[120.75, 53]","[121.78, 46]",117.45,270,6.61,0.27
07:45:25,"[114.31, 70]","[111.0, 180]","[119.27, 44]","[120.4, 40]",116.79,334,4.96,0.5
07:45:26,"[112.84, 158]","[110.45, 228]","[119.43, 56]","[177.13, 53]",116.13,495,6.59,0.56
07:45:27,"[118.0, 50]","[111.0, 135]","[143.44, 18]","[177.11, 18]",130.72,221,25.44,0.67
07:45:28,"[120.0, 30]","[118.0, 24]","[155.0, 12]","[305.08, 13]",137.5,79,35.0,0.37
07:45:29,"[120.0, 37]","[118.0, 36]","[155.0, 18]","[263.33, 27]",137.5,118,35.0,0.24
07:45:30,"[120.0, 36]","[118.0, 36]","[154.11, 18]","[194.0, 27]",137.06,117,34.11,0.23
07:45:31,"[120.0, 25]","[118.44, 57]","[153.0, 26]","[302.31, 39]",136.5,147,33.0,0.12
07:45:32,"[120.0, 5]","[119.0, 25]","[132.4, 10]","[299.38, 13]",126.2,53,12.4,0.13
07:45:33,"[119.25, 16]","[118.62, 32]","[127.0, 14]","[321.0, 27]",123.12,89,7.75,0.08
07:45:34,"[119.0, 48]","[118.0, 48]","[126.5, 24]","[171.0, 12]",122.75,132,7.5,0.45
07:45:35,"[119.0, 28]","[118.0, 28]","[124.29, 14]","[171.0, 7]",121.64,77,5.29,0.45
07:45:36,"[119.0, 48]","[118.0, 48]","[120.75, 24]","[155.0, 20]",119.88,140,1.75,0.37
07:45:37,"[117.94, 32]","[114.24, 68]","[281.0, 27]","[391.1, 40]",199.47,167,163.06,0.2
07:45:38,"[116.0, 14]","[113.0, 64]","[271.93, 14]","[344.0, 12]",193.96,104,155.93,0.5
07:45:39,"[116.33, 18]","[114.5, 48]","[296.56, 9]","[298.05, 42]",206.44,117,180.22,0.13
07:45:40,"[117.0, 8]","[116.0, 32]","[294.25, 12]","[339.88, 24]",205.62,76,177.25,0.05
07:45:41,"[117.0, 14]","[116.0, 56]","[249.14, 70]","[286.53, 36]",183.07,176,132.14,-0.2
07:45:42,"[116.58, 12]","[114.24, 68]","[223.4, 30]","[230.71, 34]",169.99,144,106.82,0.11
07:45:43,"[113.33, 108]","[112.43, 53]","[183.88, 40]","[208.02, 43]",148.6,244,70.54,0.32
07:45:44,"[114.0, 108]","[113.0, 96]","[177.67, 12]","[179.0, 60]",145.83,276,63.67,0.48
07:45:45,"[114.0, 124]","[113.0, 112]","[157.24, 42]","[176.64, 42]",135.62,320,43.24,0.47
07:45:46,"[115.25, 36]","[114.14, 129]","[172.9, 62]","[173.39, 46]",144.08,273,57.65,0.21
07:45:47,"[116.26, 38]","[115.06, 102]","[168.68, 66]","[169.32, 22]",142.47,228,52.42,0.23
07:45:48,"[116.0, 35]","[113.0, 40]","[159.0, 5]","[166.95, 21]",137.5,101,43.0,0.49
07:45:49,"[116.0, 85]","[113.0, 112]","[128.47, 34]","[131.05, 38]",122.24,269,12.47,0.46
07:45:50,"[116.0, 63]","[113.0, 96]","[125.67, 48]","[125.75, 24]",120.83,231,9.67,0.38
07:45:51,"[116.0, 42]","[113.0, 112]","[123.27, 22]","[124.48, 62]",119.64,238,7.27,0.29
07:45:52,"[113.95, 43]","[112.72, 100]","[120.03, 31]","[120.53, 59]",116.99,233,6.08,0.23
07:45:53,"[114.0, 73]","[112.9, 67]","[115.19, 52]","[152.05, 60]",114.6,252,1.19,0.11
07:45:54,"[113.12, 34]","[112.05, 76]","[117.62, 16]","[277.9, 21]",115.37,147,4.51,0.5
07:45:55,"[113.0, 35]","[112.0, 99]","[200.91, 22]","[389.91, 22]",156.95,178,87.91,0.51
07:45:56,"[113.0, 36]","[112.0, 108]","[171.52, 23]","[222.45, 22]",142.26,189,58.52,0.52
07:45:57,"[113.0, 39]","[112.0, 117]","[196.6, 30]","[220.48, 21]",154.8,207,83.6,0.51
07:45:58,"[113.0, 42]","[112.0, 126]","[204.29, 42]","[206.0, 28]",158.64,238,91.29,0.41
07:45:59,"[113.0, 30]","[112.0, 90]","[203.6, 30]","[206.0, 20]",158.3,170,90.6,0.41
07:46:00,"[112.72, 50]","[111.98, 110]","[200.71, 42]","[206.0, 28]",156.72,230,87.99,0.39
07:46:01,"[113.45, 88]","[111.9, 21]","[199.03, 36]","[204.04, 27]",156.24,172,85.57,0.27
07:46:02,"[116.34, 73]","[115.31, 52]","[194.61, 41]","[195.73, 33]",155.48,199,78.27,0.26
07:46:03,"[120.0, 51]","[118.86, 42]","[192.11, 36]","[193.0, 38]",156.06,167,72.11,0.11
07:46:04,"[120.0, 42]","[119.0, 42]","[188.2, 40]","[188.95, 41]",154.1,165,68.2,0.02
07:46:05,"[120.0, 24]","[119.0, 24]","[185.1, 20]","[186.27, 22]",152.55,90,65.1,0.07
07:46:06,"[120.0, 39]","[119.0, 39]","[183.46, 39]","[184.62, 39]",151.73,156,63.46,0.0
07:46:07,"[120.0, 42]","[119.0, 42]","[178.96, 46]","[180.14, 43]",149.48,173,58.96,-0.03
07:46:08,"[120.0, 42]","[119.0, 42]","[158.09, 44]","[174.35, 51]",139.05,179,38.09,-0.06
07:46:09,"[120.0, 39]","[118.82, 17]","[172.04, 26]","[172.95, 40]",146.02,122,52.04,-0.08
07:46:10,"[120.0, 57]","[119.0, 19]","[169.75, 55]","[170.61, 31]",144.87,162,49.75,-0.06
07:46:11,"[120.0, 36]","[119.0, 12]","[167.37, 35]","[169.0, 33]",143.69,116,47.37,-0.17
07:46:12,"[120.0, 28]","[119.0, 11]","[148.4, 15]","[152.83, 29]",134.2,83,28.4,-0.06
07:46:13,"[120.0, 20]","[119.0, 10]","[138.48, 27]","[141.81, 16]",129.24,73,18.48,-0.18
07:46:14,"[117.18, 49]","[114.9, 63]","[120.98, 51]","[126.15, 48]",119.08,211,3.8,0.06
07:46:15,"[116.52, 27]","[112.31, 51]","[169.48, 25]","[383.33, 18]",143.0,121,52.96,0.29
07:46:16,"[120.0, 20]","[113.71, 17]","[538.9, 30]","[632.71, 28]",329.45,95,418.9,-0.22
07:46:17,"[120.0, 24]","[114.65, 17]","[343.8, 30]","[459.69, 32]",231.9,103,223.8,-0.2
07:46:18,"[117.57, 23]","[112.33, 24]","[158.0, 18]","[368.29, 21]",137.78,86,40.43,0.09
07:46:19,"[112.55, 146]","[111.48, 124]","[157.54, 26]","[335.43, 35]",135.04,331,44.99,0.63
07:46:20,"[114.26, 167]","[112.0, 180]","[156.93, 30]","[371.75, 40]",135.6,417,42.68,0.66
07:46:21,"[115.08, 132]","[112.0, 143]","[155.21, 38]","[263.83, 47]",135.14,360,40.13,0.53
07:46:22,"[116.0, 32]","[112.0, 56]","[153.88, 16]","[325.94, 32]",134.94,136,37.88,0.29
07:46:23,"[116.05, 38]","[112.45, 71]","[152.55, 22]","[377.98, 47]",134.3,178,36.49,0.22
07:46:24,"[116.45, 11]","[112.71, 68]","[274.79, 28]","[476.89, 35]",195.62,142,158.33,0.11
07:46:25,"[116.0, 8]","[112.0, 56]","[498.43, 35]","[586.94, 32]",307.21,131,382.43,-0.02
07:46:26,"[112.95, 21]","[111.55, 53]","[422.56, 27]","[573.41, 29]",267.75,130,309.6,0.14
07:46:27,"[112.0, 66]","[111.0, 88]","[385.7, 40]","[441.23, 44]",248.85,238,273.7,0.29
07:46:28,"[112.65, 51]","[111.4, 87]","[200.96, 49]","[213.28, 54]",156.8,241,88.31,0.15
07:46:29,"[113.5, 40]","[111.15, 74]","[197.79, 56]","[199.86, 56]",155.64,226,84.29,0.01
07:46:30,"[113.0, 225]","[112.0, 33]","[194.26, 72]","[195.32, 74]",153.63,404,81.26,0.28
07:46:31,"[114.13, 106]","[112.62, 55]","[189.63, 51]","[190.54, 48]",151.88,260,75.5,0.24
07:46:32,"[116.0, 140]","[113.0, 124]","[157.82, 44]","[167.4, 53]",136.91,361,41.82,0.46
07:46:33,"[116.0, 96]","[113.0, 66]","[154.82, 44]","[156.18, 44]",135.41,250,38.82,0.3
07:46:34,"[116.0, 88]","[113.0, 66]","[150.73, 44]","[152.18, 44]",133.36,242,34.73,0.27
07:46:35,"[116.0, 56]","[113.0, 84]","[142.2, 55]","[144.97, 59]",129.1,254,26.2,0.1
07:46:36,"[116.0, 40]","[113.0, 60]","[134.09, 45]","[136.78, 45]",125.04,190,18.09,0.05
07:46:37,"[116.25, 32]","[114.41, 68]","[131.91, 57]","[133.67, 69]",124.08,226,15.66,-0.12
07:46:38,"[117.98, 55]","[116.69, 13]","[128.19, 47]","[129.24, 42]",123.09,157,10.21,-0.13
07:46:39,"[118.0, 54]","[117.0, 15]","[125.0, 67]","[125.94, 64]",121.5,200,7.0,-0.31
07:46:40,"[118.0, 26]","[117.0, 13]","[122.23, 52]","[125.0, 65]",120.12,156,4.23,-0.5
07:46:41,"[117.95, 21]","[116.71, 14]","[119.92, 37]","[122.65, 46]",118.94,118,1.97,-0.41
07:46:42,"[116.75, 16]","[115.62, 55]","[119.15, 41]","[128.15, 65]",117.95,177,2.4,-0.2
07:46:43,"[116.0, 29]","[113.0, 119]","[122.66, 38]","[126.51, 82]",119.33,268,6.66,0.1
07:46:44,"[114.83, 18]","[112.97, 79]","[118.77, 47]","[120.23, 31]",116.8,175,3.93,0.11
07:46:45,"[113.0, 56]","[112.0, 16]","[115.81, 26]","[116.92, 38]",114.4,136,2.81,0.06
07:46:46,"[112.87, 63]","[111.87, 30]","[128.96, 76]","[174.46, 46]",120.92,215,16.09,-0.13
07:46:47,"[111.0, 27]","[104.36, 25]","[213.46, 26]","[240.85, 33]",162.23,111,102.46,-0.06
07:46:48,"[106.53, 85]","[95.45, 55]","[185.9, 29]","[187.06, 31]",146.21,200,79.37,0.4
07:46:49,"[109.0, 36]","[92.47, 34]","[178.5, 16]","[183.77, 30]",143.75,116,69.5,0.21
07:46:50,"[109.55, 29]","[92.0, 12]","[165.53, 19]","[172.82, 11]",137.54,71,55.97,0.15
07:46:51,"[109.0, 27]","[81.73, 33]","[123.22, 41]","[134.71, 35]",116.11,136,14.22,-0.12
07:46:52,"[115.75, 57]","[106.32, 47]","[117.15, 52]","[155.4, 47]",116.45,203,1.4,0.02
07:46:53,"[113.5, 16]","[99.85, 13]","[117.0, 24]","[215.33, 30]",115.25,83,3.5,-0.3
07:46:54,"[106.92, 24]","[86.97, 29]","[116.67, 48]","[318.91, 33]",111.79,134,9.75,-0.21
07:46:55,"[99.66, 64]","[67.0, 37]","[115.69, 52]","[339.64, 28]",107.67,181,16.04,0.12
07:46:56,"[93.5, 24]","[74.0, 18]","[119.65, 34]","[130.76, 34]",106.57,110,26.15,-0.24
07:46:57,"[102.82, 91]","[90.62, 42]","[208.27, 30]","[342.06, 53]",155.55,216,105.44,0.23
07:46:58,"[118.0, 43]","[117.0, 10]","[158.8, 20]","[255.12, 32]",138.4,105,40.8,0.01
07:46:59,"[118.22, 18]","[117.09, 11]","[127.39, 46]","[160.16, 31]",122.81,106,9.17,-0.45
07:47:00,"[118.38, 13]","[116.06, 108]","[148.38, 26]","[220.62, 32]",133.38,179,30.0,0.35
07:47:01,"[116.03, 74]","[115.5, 42]","[146.0, 24]","[150.0, 16]",131.01,156,29.97,0.49
07:47:02,"[116.23, 93]","[115.73, 90]","[146.0, 39]","[225.76, 29]",131.11,251,29.77,0.46
07:47:03,"[116.03, 99]","[113.24, 153]","[144.44, 41]","[287.54, 48]",130.23,341,28.41,0.48
07:47:04,"[116.0, 64]","[113.0, 120]","[140.11, 27]","[142.76, 29]",128.06,240,24.11,0.53
07:47:05,"[116.0, 14]","[113.0, 45]","[139.0, 12]","[140.0, 9]",127.5,80,23.0,0.47
07:47:06,"[116.0, 48]","[113.0, 240]","[137.13, 62]","[138.6, 50]",126.56,400,21.13,0.44
07:47:07,"[116.0, 48]","[113.0, 240]","[131.25, 56]","[132.32, 65]",123.62,409,15.25,0.41
07:47:08,"[116.0, 36]","[113.0, 180]","[128.67, 36]","[131.0, 48]",122.33,300,12.67,0.44
07:47:09,"[114.85, 39]","[112.99, 121]","[127.78, 27]","[131.0, 36]",121.31,223,12.93,0.43
07:47:10,"[113.73, 55]","[112.99, 151]","[125.1, 42]","[128.16, 44]",119.41,292,11.37,0.41
07:47:11,"[114.0, 52]","[112.97, 105]","[119.98, 45]","[121.41, 32]",116.99,234,5.98,0.34
07:47:12,"[113.73, 66]","[112.98, 117]","[116.87, 30]","[268.63, 30]",115.3,243,3.14,0.51
07:47:13,"[113.0, 90]","[112.0, 10]","[117.83, 12]","[125.78, 18]",115.42,130,4.83,0.54
07:47:14,"[113.0, 108]","[111.92, 12]","[117.0, 12]","[379.63, 27]",115.0,159,4.0,0.51
07:47:15,"[113.0, 108]","[111.74, 19]","[116.0, 12]","[279.08, 24]",114.5,163,3.0,0.56
07:47:16,"[115.35, 34]","[112.95, 76]","[310.9, 21]","[431.9, 29]",213.13,160,195.55,0.38
07:47:17,"[118.0, 18]","[116.72, 129]","[218.0, 18]","[232.0, 18]",168.0,183,100.0,0.61
07:47:18,"[117.13, 79]","[115.33, 129]","[218.0, 22]","[332.5, 24]",167.56,254,100.87,0.64
07:47:19,"[117.0, 45]","[116.0, 30]","[218.0, 10]","[355.31, 13]",167.5,98,101.0,0.53
07:47:20,"[117.0, 45]","[116.0, 30]","[262.8, 10]","[350.5, 12]",189.9,97,145.8,0.55
07:47:21,"[117.0, 67]","[116.0, 48]","[302.22, 23]","[396.88, 24]",209.61,162,185.22,0.42
07:47:22,"[117.0, 36]","[116.0, 54]","[121.44, 27]","[123.0, 27]",119.22,144,4.44,0.25
07:47:23,"[117.0, 22]","[116.0, 48]","[121.0, 24]","[242.26, 31]",119.0,125,4.0,0.12
07:47:24,"[116.09, 44]","[113.43, 84]","[120.6, 30]","[325.0, 50]",118.35,208,4.51,0.23
07:47:25,"[116.0, 45]","[113.0, 73]","[302.11, 37]","[380.56, 34]",209.05,189,186.11,0.25
07:47:26,"[116.58, 31]","[114.79, 19]","[288.41, 66]","[396.34, 59]",202.49,175,171.83,-0.43
07:47:27,"[114.97, 32]","[105.95, 40]","[218.26, 38]","[423.3, 53]",166.62,163,103.29,-0.12
07:47:28,"[109.45, 11]","[99.8, 25]","[226.67, 30]","[279.22, 32]",168.06,98,117.21,-0.27
07:47:29,"[111.36, 11]","[109.0, 33]","[176.16, 49]","[311.83, 48]",143.76,141,64.8,-0.38
07:47:30,"[109.47, 19]","[92.67, 97]","[144.59, 54]","[507.07, 46]",127.03,216,35.12,0.07
07:47:31,"[109.0, 20]","[80.42, 103]","[129.78, 45]","[184.9, 50]",119.39,218,20.78,0.13
07:47:32,"[113.0, 24]","[95.2, 35]","[136.0, 65]","[421.0, 62]",124.5,186,23.0,-0.37
07:47:33,"[117.0, 10]","[112.0, 20]","[135.87, 23]","[261.2, 25]",126.43,78,18.87,-0.23
07:47:34,"[117.0, 28]","[109.4, 30]","[133.84, 56]","[134.73, 56]",125.42,170,16.84,-0.32
07:47:35,"[117.0, 22]","[87.15, 39]","[130.66, 41]","[133.23, 47]",123.83,149,13.66,-0.18
07:47:36,"[119.93, 92]","[105.67, 24]","[128.27, 33]","[130.0, 55]",124.1,204,8.34,0.14
07:47:37,"[120.0, 72]","[117.0, 24]","[125.4, 25]","[127.39, 38]",122.7,159,5.4,0.21
07:47:38,"[120.0, 60]","[117.0, 20]","[122.31, 36]","[122.83, 42]",121.15,158,2.31,0.01
07:47:39,"[119.33, 36]","[112.3, 46]","[121.0, 27]","[122.0, 45]",120.17,154,1.67,0.06
07:47:40,"[117.0, 27]","[111.0, 135]","[119.54, 39]","[121.68, 65]",118.27,266,2.54,0.22
07:47:41,"[114.24, 29]","[112.3, 121]","[117.82, 44]","[144.15, 60]",116.03,254,3.58,0.18
07:47:42,"[113.0, 60]","[112.0, 255]","[115.92, 53]","[126.3, 54]",114.46,422,2.92,0.49
07:47:43,"[113.55, 11]","[112.03, 131]","[127.82, 44]","[215.14, 42]",120.68,228,14.27,0.25
07:47:44,"[115.93, 86]","[112.22, 54]","[180.95, 55]","[275.17, 46]",148.44,241,65.02,0.16
07:47:45,"[117.82, 158]","[115.93, 86]","[159.7, 40]","[171.33, 48]",138.76,332,41.88,0.47
07:47:46,"[118.0, 112]","[116.0, 98]","[150.37, 38]","[175.47, 32]",134.18,280,32.37,0.5
07:47:47,"[116.98, 43]","[115.8, 45]","[149.22, 45]","[180.0, 27]",133.1,160,32.25,0.1
07:47:48,"[118.56, 18]","[116.0, 63]","[148.38, 39]","[185.61, 41]",133.47,161,29.83,0.01
07:47:49,"[119.0, 11]","[116.0, 63]","[146.02, 42]","[147.77, 39]",132.51,155,27.02,-0.05
07:47:50,"[117.35, 20]","[115.86, 83]","[143.94, 48]","[144.96, 49]",130.64,200,26.59,0.03
07:47:51,"[116.03, 68]","[114.43, 46]","[142.57, 35]","[143.68, 37]",129.3,186,26.54,0.23
07:47:52,"[116.0, 154]","[113.0, 199]","[138.44, 66]","[139.84, 62]",127.22,481,22.44,0.47
07:47:53,"[116.99, 71]","[114.02, 103]","[134.61, 38]","[135.81, 43]",125.8,255,17.62,0.36
07:47:54,"[118.0, 59]","[116.33, 21]","[132.37, 41]","[133.7, 40]",125.18,161,14.37,-0.01
07:47:55,"[118.0, 45]","[117.0, 9]","[129.65, 43]","[130.68, 38]",123.83,135,11.65,-0.2
07:47:56,"[118.0, 65]","[116.0, 91]","[127.13, 61]","[127.98, 62]",122.57,279,9.13,0.12
07:47:57,"[118.0, 38]","[116.0, 63]","[124.15, 41]","[125.24, 42]",121.07,184,6.15,0.1
07:47:58,"[118.0, 36]","[116.0, 63]","[122.44, 45]","[123.44, 45]",120.22,189,4.44,0.05
07:47:59,"[118.0, 28]","[116.0, 49]","[120.0, 34]","[121.0, 35]",119.0,146,2.0,0.05
07:48:00,"[118.0, 32]","[116.43, 28]","[119.85, 33]","[120.9, 39]",118.92,132,1.85,-0.09
07:48:01,"[117.59, 34]","[116.17, 59]","[118.92, 60]","[120.0, 48]",118.25,201,1.33,-0.07
07:48:02,"[116.38, 39]","[114.52, 138]","[118.0, 70]","[120.0, 56]",117.19,303,1.62,0.17
07:48:03,"[113.63, 71]","[112.91, 93]","[118.82, 38]","[153.6, 43]",116.22,245,5.18,0.34
07:48:04,"[113.0, 122]","[112.0, 20]","[118.6, 40]","[122.0, 50]",115.8,232,5.6,0.22
07:48:05,"[113.0, 96]","[112.0, 16]","[116.39, 33]","[117.74, 39]",114.7,184,3.39,0.22
07:48:06,"[113.0, 80]","[112.0, 16]","[116.0, 36]","[271.5, 36]",114.5,168,3.0,0.14
07:48:07,"[113.0, 56]","[112.0, 14]","[116.43, 35]","[390.0, 35]",114.71,140,3.43,0.0
07:48:08,"[113.0, 65]","[112.0, 18]","[251.0, 43]","[481.74, 31]",182.0,157,138.0,0.06
07:48:09,"[113.0, 77]","[112.0, 22]","[350.43, 35]","[649.19, 53]",231.71,187,237.43,0.06
07:48:10,"[116.0, 14]","[113.0, 49]","[400.4, 25]","[498.85, 33]",258.2,121,284.4,0.04
07:48:11,"[116.0, 24]","[113.0, 84]","[312.83, 36]","[649.5, 60]",214.42,204,196.83,0.06
07:48:12,"[113.44, 41]","[109.78, 108]","[209.8, 30]","[303.2, 30]",161.62,209,96.36,0.43
07:48:13,"[114.56, 45]","[109.15, 131]","[206.0, 24]","[544.0, 24]",160.28,224,91.44,0.57
07:48:14,"[120.0, 60]","[113.0, 30]","[374.0, 24]","[503.6, 20]",247.0,134,254.0,0.34
07:48:15,"[120.0, 140]","[116.65, 52]","[260.53, 45]","[326.79, 66]",190.27,303,140.53,0.27
07:48:16,"[120.0, 70]","[118.0, 77]","[226.55, 29]","[553.53, 34]",173.28,210,106.55,0.4
07:48:17,"[120.0, 70]","[118.0, 77]","[239.89, 27]","[466.76, 34]",179.94,208,119.89,0.41
07:48:18,"[120.0, 100]","[118.0, 110]","[187.81, 42]","[239.47, 34]",153.9,286,67.81,0.47
07:48:19,"[120.0, 90]","[118.15, 91]","[238.56, 27]","[310.77, 39]",179.28,247,118.56,0.47
07:48:20,"[120.0, 100]","[119.0, 70]","[236.32, 28]","[382.97, 32]",178.16,230,116.32,0.48
07:48:21,"[120.0, 119]","[119.0, 98]","[226.32, 38]","[215.9, 20]",173.16,275,106.32,0.58
07:48:22,"[119.7, 71]","[118.63, 89]","[163.16, 25]","[165.34, 32]",141.43,217,43.46,0.47
07:48:23,"[118.2, 123]","[117.71, 62]","[148.0, 45]","[149.41, 37]",133.1,267,29.8,0.39
07:48:24,"[117.56, 59]","[116.04, 149]","[141.91, 32]","[143.62, 47]",129.73,287,24.35,0.45
07:48:25,"[116.28, 46]","[115.64, 100]","[120.59, 32]","[140.14, 28]",118.44,206,4.31,0.42
07:48:26,"[116.0, 130]","[113.0, 72]","[128.05, 40]","[166.47, 51]",122.03,293,12.05,0.38
07:48:27,"[116.0, 45]","[113.0, 60]","[138.24, 33]","[158.62, 48]",127.12,186,22.24,0.13
07:48:28,"[116.0, 28]","[113.0, 100]","[135.45, 29]","[137.85, 41]",125.72,198,19.45,0.29
07:48:29,"[116.0, 24]","[113.0, 144]","[133.08, 36]","[135.0, 24]",124.54,228,17.08,0.47
07:48:30,"[116.0, 14]","[113.27, 66]","[133.0, 21]","[135.0, 14]",124.5,115,17.0,0.39
07:48:31,"[114.97, 141]","[113.5, 72]","[132.0, 27]","[279.29, 21]",123.49,261,17.03,0.63
07:48:32,"[115.0, 342]","[113.0, 216]","[129.93, 45]","[151.22, 40]",122.47,643,14.93,0.74
07:48:33,"[115.0, 171]","[113.0, 108]","[124.52, 21]","[126.5, 24]",119.76,324,9.52,0.72
07:48:34,"[115.12, 152]","[113.0, 96]","[121.12, 16]","[122.47, 19]",118.12,283,6.0,0.75
07:48:35,"[116.0, 212]","[113.0, 156]","[119.69, 26]","[122.0, 26]",117.85,420,3.69,0.75
07:48:36,"[116.0, 165]","[113.0, 144]","[117.68, 34]","[119.5, 24]",116.84,367,1.68,0.68
07:48:37,"[116.0, 58]","[113.0, 96]","[118.62, 16]","[120.88, 16]",117.31,186,2.62,0.66
07:48:38,"[116.0, 31]","[113.0, 60]","[118.0, 10]","[119.0, 10]",117.0,111,2.0,0.64
07:48:39,"[115.06, 83]","[112.97, 119]","[117.77, 26]","[556.15, 34]",116.41,262,2.71,0.54
07:48:40,"[113.0, 53]","[112.0, 30]","[118.0, 10]","[290.4, 5]",115.5,98,5.0,0.69
07:48:41,"[113.0, 100]","[112.0, 60]","[118.0, 20]","[431.71, 14]",115.5,194,5.0,0.65
07:48:42,"[113.0, 45]","[112.0, 54]","[117.56, 18]","[625.13, 23]",115.28,140,4.56,0.41
07:48:43,"[112.98, 46]","[111.88, 64]","[221.32, 19]","[667.5, 22]",167.15,151,108.34,0.46
07:48:44,"[112.0, 28]","[109.0, 48]","[730.5, 8]","[0, 0]",421.25,84,618.5,0.81
07:48:45,"[115.47, 34]","[110.5, 40]","[379.94, 16]","[383.17, 29]",247.7,119,264.47,0.24
07:48:46,"[120.0, 40]","[116.4, 20]","[355.23, 26]","[442.86, 22]",237.62,108,235.23,0.11
07:48:47,"[120.0, 17]","[117.12, 25]","[275.78, 18]","[328.44, 34]",197.89,94,155.78,-0.11
07:48:48,"[120.0, 6]","[118.0, 6]","[128.0, 22]","[163.14, 14]",124.0,48,8.0,-0.5
07:48:49,"[119.78, 9]","[117.8, 10]","[126.33, 9]","[128.0, 45]",123.06,73,6.56,-0.48
07:48:50,"[118.0, 7]","[117.0, 14]","[124.5, 12]","[127.26, 31]",121.25,64,6.5,-0.34
