Time,Bid1,Bid2,Ask1,Ask2,Mid-Price,Total_volume,Bid_ask_spread,Order_imbalance
07:30:00,"[0, 0]","[0, 0]","[243.0, 5]","[0, 0]",121.5,5,243.0,-1.0
07:30:01,"[87.0, 4]","[0, 0]","[243.0, 6]","[0, 0]",165.0,10,156.0,-0.2
07:30:02,"[72.5, 8]","[72.0, 8]","[241.8, 10]","[243.0, 3]",157.15,29,169.3,0.1
07:30:03,"[105.62, 16]","[84.38, 26]","[240.0, 28]","[243.0, 21]",172.81,91,134.38,-0.08
07:30:04,"[152.2, 15]","[133.38, 16]","[239.67, 30]","[241.96, 23]",195.93,84,87.47,-0.26
07:30:05,"[170.67, 42]","[159.27, 22]","[238.27, 55]","[240.0, 44]",204.47,163,67.61,-0.21
07:30:06,"[208.05, 37]","[179.76, 33]","[238.0, 35]","[240.0, 28]",223.03,133,29.95,0.05
07:30:07,"[236.74, 38]","[231.71, 48]","[238.78, 41]","[241.12, 32]",237.76,159,2.04,0.08
07:30:08,"[238.43, 14]","[234.48, 23]","[240.0, 36]","[243.0, 33]",239.21,106,1.57,-0.3
07:30:09,"[239.0, 10]","[237.0, 23]","[240.0, 20]","[243.0, 30]",239.5,83,1.0,-0.2
07:30:10,"[240.12, 8]","[237.0, 16]","[243.77, 13]","[244.6, 10]",241.95,47,3.64,0.02
07:30:11,"[239.12, 26]","[236.18, 22]","[244.0, 20]","[245.0, 12]",241.56,80,4.88,0.2
07:30:12,"[239.04, 52]","[238.0, 47]","[276.0, 22]","[320.0, 11]",257.52,132,36.96,0.5
07:30:13,"[255.0, 126]","[245.34, 41]","[276.0, 14]","[320.0, 7]",265.5,188,21.0,0.78
07:30:14,"[255.0, 144]","[252.0, 56]","[263.0, 24]","[272.5, 16]",259.0,240,8.0,0.67
07:30:15,"[255.0, 124]","[252.0, 49]","[266.0, 18]","[288.2, 20]",260.5,211,11.0,0.64
07:30:16,"[255.0, 96]","[252.0, 42]","[272.0, 12]","[299.0, 24]",263.5,174,17.0,0.59
07:30:17,"[255.0, 102]","[252.0, 49]","[272.0, 14]","[299.0, 28]",263.5,193,17.0,0.56
07:30:18,"[255.0, 55]","[252.0, 35]","[272.0, 10]","[299.0, 20]",263.5,120,17.0,0.5
07:30:19,"[255.31, 32]","[254.39, 69]","[270.8, 20]","[276.36, 22]",263.06,143,15.49,0.41
07:30:20,"[256.0, 26]","[255.0, 143]","[267.71, 42]","[269.33, 36]",261.86,247,11.71,0.37
07:30:21,"[255.42, 62]","[254.45, 175]","[263.83, 82]","[264.82, 71]",259.62,390,8.41,0.22
07:30:22,"[255.0, 84]","[252.0, 80]","[261.83, 48]","[262.76, 42]",258.42,254,6.83,0.29
07:30:23,"[255.0, 49]","[252.0, 56]","[261.0, 28]","[262.0, 35]",258.0,168,6.0,0.25
07:30:24,"[255.0, 49]","[252.0, 56]","[260.0, 29]","[261.0, 34]",257.5,168,5.0,0.25
07:30:25,"[255.0, 73]","[252.0, 88]","[259.45, 44]","[261.88, 51]",257.23,256,4.45,0.26
07:30:26,"[255.0, 72]","[253.16, 19]","[257.7, 27]","[258.74, 57]",256.35,175,2.7,0.04
07:30:27,"[254.92, 39]","[252.5, 32]","[257.92, 52]","[264.19, 32]",256.42,155,3.0,-0.08
07:30:28,"[255.0, 66]","[254.0, 11]","[256.18, 55]","[263.0, 45]",255.59,177,1.18,-0.13
07:30:29,"[255.0, 44]","[254.0, 10]","[256.0, 50]","[262.0, 50]",255.5,154,1.0,-0.3
07:30:30,"[254.57, 7]","[252.15, 26]","[259.6, 25]","[262.95, 19]",257.09,77,5.03,-0.14
07:30:31,"[254.0, 13]","[252.0, 104]","[262.0, 65]","[264.0, 39]",258.0,221,8.0,0.06
07:30:32,"[252.13, 45]","[251.0, 48]","[261.0, 32]","[262.14, 43]",256.57,168,8.87,0.11
07:30:33,"[252.0, 119]","[250.0, 68]","[257.89, 37]","[258.93, 54]",254.95,278,5.89,0.35
07:30:34,"[252.0, 104]","[250.0, 68]","[254.9, 41]","[260.3, 69]",253.45,282,2.9,0.22
07:30:35,"[252.0, 74]","[250.0, 56]","[253.0, 28]","[263.0, 112]",252.5,270,1.0,-0.04
07:30:36,"[252.0, 34]","[250.0, 32]","[262.66, 58]","[265.49, 47]",257.33,171,10.66,-0.23
07:30:37,"[252.0, 36]","[250.0, 36]","[263.0, 72]","[266.0, 45]",257.5,189,11.0,-0.24
07:30:38,"[252.0, 28]","[250.0, 28]","[263.0, 56]","[266.0, 36]",257.5,148,11.0,-0.24
07:30:39,"[252.0, 43]","[250.0, 48]","[262.39, 62]","[264.24, 59]",257.19,212,10.39,-0.14
07:30:40,"[252.0, 27]","[250.0, 36]","[262.0, 18]","[263.0, 30]",257.0,111,10.0,0.14
07:30:41,"[255.79, 57]","[251.74, 31]","[261.7, 20]","[263.0, 10]",258.74,118,5.91,0.49
07:30:42,"[256.0, 66]","[253.15, 39]","[259.36, 22]","[263.0, 11]",257.68,138,3.36,0.52
07:30:43,"[256.0, 66]","[255.0, 60]","[259.0, 24]","[263.0, 12]",257.5,162,3.0,0.56
07:30:44,"[256.0, 70]","[255.0, 70]","[258.14, 28]","[263.0, 14]",257.07,182,2.14,0.54
07:30:45,"[256.0, 17]","[255.0, 45]","[257.0, 18]","[263.0, 9]",256.5,89,1.0,0.39
07:30:46,"[256.0, 4]","[255.0, 20]","[257.0, 8]","[263.0, 4]",256.5,36,1.0,0.33
07:30:47,"[255.44, 18]","[254.5, 48]","[257.67, 18]","[265.67, 24]",256.56,108,2.22,0.22
07:30:48,"[255.0, 30]","[252.0, 24]","[263.0, 6]","[266.35, 23]",259.0,83,8.0,0.3
07:30:49,"[255.0, 16]","[252.0, 32]","[262.5, 8]","[265.25, 16]",258.75,72,7.5,0.33
07:30:50,"[255.0, 11]","[252.0, 44]","[262.0, 20]","[264.2, 15]",258.5,90,7.0,0.22
07:30:51,"[253.33, 9]","[251.52, 21]","[261.0, 18]","[264.0, 9]",257.17,57,7.67,0.05
07:30:52,"[252.0, 9]","[250.0, 9]","[260.44, 18]","[264.0, 9]",256.22,45,8.44,-0.2
07:30:53,"[252.0, 4]","[250.0, 4]","[260.0, 8]","[264.0, 4]",256.0,20,8.0,-0.2
07:30:54,"[252.81, 27]","[250.1, 40]","[258.69, 35]","[261.71, 21]",255.75,123,5.87,0.09
07:30:55,"[253.0, 30]","[250.82, 51]","[256.56, 32]","[257.63, 43]",254.78,156,3.56,0.04
07:30:56,"[249.2, 44]","[247.86, 78]","[253.61, 23]","[260.48, 44]",251.41,189,4.4,0.29
07:30:57,"[247.9, 31]","[246.7, 10]","[250.11, 19]","[251.27, 11]",249.0,71,2.2,0.15
07:30:58,"[247.0, 45]","[245.38, 13]","[248.36, 11]","[249.12, 16]",247.68,85,1.36,0.36
07:30:59,"[247.0, 32]","[245.0, 55]","[248.54, 26]","[254.6, 15]",247.77,128,1.54,0.36
07:31:00,"[246.71, 28]","[244.9, 63]","[248.0, 73]","[249.0, 30]",247.36,194,1.29,-0.06
07:31:01,"[245.0, 6]","[241.0, 24]","[247.33, 18]","[249.0, 12]",246.17,60,2.33,0.0
07:31:02,"[241.33, 48]","[226.52, 54]","[246.21, 24]","[256.19, 57]",243.77,183,4.88,0.11
07:31:03,"[243.1, 29]","[239.91, 44]","[248.33, 15]","[256.79, 48]",245.72,136,5.23,0.07
07:31:04,"[243.22, 18]","[241.44, 36]","[252.86, 29]","[254.83, 24]",248.04,107,9.64,0.01
07:31:05,"[245.0, 24]","[241.0, 48]","[252.0, 48]","[253.0, 24]",248.5,144,7.0,0.0
07:31:06,"[245.48, 25]","[240.16, 38]","[252.0, 40]","[253.0, 20]",248.74,123,6.52,0.02
07:31:07,"[249.0, 27]","[240.11, 36]","[251.94, 34]","[252.8, 20]",250.47,117,2.94,0.08
07:31:08,"[249.0, 24]","[239.0, 32]","[251.0, 16]","[252.0, 32]",250.0,104,2.0,0.08
07:31:09,"[249.0, 27]","[239.0, 44]","[251.07, 28]","[253.91, 47]",250.04,146,2.07,-0.03
07:31:10,"[249.0, 7]","[240.29, 28]","[252.0, 28]","[258.0, 35]",250.5,98,3.0,-0.29
07:31:11,"[249.0, 10]","[239.0, 40]","[253.0, 40]","[257.76, 37]",251.0,127,4.0,-0.21
07:31:12,"[249.0, 8]","[239.0, 32]","[252.8, 20]","[253.88, 32]",250.9,92,3.8,-0.13
07:31:13,"[240.63, 43]","[235.87, 46]","[250.36, 61]","[252.13, 31]",245.49,181,9.73,-0.02
07:31:14,"[239.0, 44]","[231.0, 22]","[248.29, 14]","[249.27, 44]",243.64,124,9.29,0.06
07:31:15,"[239.0, 44]","[231.0, 22]","[253.79, 29]","[253.03, 32]",246.4,127,14.79,0.04
07:31:16,"[249.6, 35]","[246.0, 42]","[255.0, 64]","[257.0, 33]",252.3,174,5.4,-0.11
07:31:17,"[251.9, 30]","[249.0, 40]","[254.78, 54]","[256.08, 39]",253.34,163,2.88,-0.14
07:31:18,"[252.0, 69]","[244.37, 35]","[254.0, 42]","[255.55, 22]",253.0,168,2.0,0.24
07:31:19,"[252.0, 70]","[243.0, 30]","[254.0, 30]","[256.0, 20]",253.0,150,2.0,0.33
07:31:20,"[252.0, 87]","[243.67, 27]","[253.3, 50]","[256.18, 44]",252.65,208,1.3,0.1
07:31:21,"[245.25, 48]","[241.24, 51]","[252.35, 43]","[254.0, 40]",248.8,182,7.1,0.09
07:31:22,"[243.12, 48]","[241.28, 65]","[247.96, 28]","[250.04, 23]",245.54,164,4.84,0.38
07:31:23,"[244.0, 40]","[243.0, 60]","[248.95, 62]","[255.51, 65]",246.48,227,4.95,-0.12
07:31:24,"[244.59, 34]","[241.2, 89]","[249.59, 85]","[251.06, 90]",247.09,298,5.0,-0.17
07:31:25,"[240.83, 46]","[238.47, 34]","[247.62, 80]","[250.0, 80]",244.23,240,6.8,-0.33
07:31:26,"[239.0, 22]","[236.0, 33]","[243.51, 41]","[247.4, 45]",241.26,141,4.51,-0.22
07:31:27,"[239.0, 32]","[236.0, 48]","[240.78, 32]","[242.64, 28]",239.89,140,1.78,0.14
07:31:28,"[239.0, 26]","[236.0, 39]","[241.0, 31]","[242.0, 13]",240.0,109,2.0,0.19
07:31:29,"[237.3, 43]","[227.48, 27]","[241.73, 15]","[243.86, 59]",239.52,144,4.43,-0.03
07:31:30,"[236.0, 39]","[195.79, 28]","[242.0, 9]","[244.0, 45]",239.0,121,6.0,0.11
07:31:31,"[236.14, 14]","[231.5, 20]","[242.0, 7]","[244.0, 35]",239.07,76,5.86,-0.11
07:31:32,"[236.0, 14]","[233.0, 9]","[243.58, 19]","[244.23, 26]",239.79,68,7.58,-0.32
07:31:33,"[236.77, 62]","[235.11, 18]","[244.0, 72]","[245.0, 26]",240.39,178,7.23,-0.1
07:31:34,"[237.88, 64]","[234.0, 8]","[244.0, 72]","[245.0, 16]",240.94,160,6.12,-0.1
07:31:35,"[239.0, 104]","[234.85, 13]","[244.0, 97]","[245.0, 26]",241.5,240,5.0,-0.03
07:31:36,"[240.69, 128]","[234.33, 18]","[244.0, 64]","[245.0, 32]",242.34,242,3.31,0.21
07:31:37,"[242.4, 60]","[237.73, 22]","[244.7, 46]","[246.25, 48]",243.55,176,2.3,-0.07
07:31:38,"[244.29, 28]","[237.12, 16]","[250.5, 50]","[252.81, 48]",247.39,142,6.21,-0.38
07:31:39,"[246.27, 11]","[244.55, 11]","[251.0, 33]","[253.0, 33]",248.64,88,4.73,-0.5
07:31:40,"[248.0, 14]","[243.5, 14]","[251.0, 42]","[253.82, 68]",249.5,138,3.0,-0.59
07:31:41,"[248.93, 30]","[241.25, 12]","[253.31, 39]","[269.48, 62]",251.12,143,4.37,-0.41
07:31:42,"[248.5, 24]","[240.26, 38]","[254.0, 84]","[425.94, 34]",251.25,180,5.5,-0.31
07:31:43,"[250.38, 58]","[249.5, 48]","[254.0, 78]","[523.52, 46]",252.19,230,3.62,-0.08
07:31:44,"[250.05, 19]","[247.48, 23]","[254.0, 60]","[296.33, 36]",252.03,138,3.95,-0.39
07:31:45,"[250.0, 16]","[246.0, 8]","[254.0, 48]","[278.0, 32]",252.0,104,4.0,-0.54
07:31:46,"[250.0, 24]","[246.0, 12]","[254.0, 72]","[278.0, 48]",252.0,156,4.0,-0.54
07:31:47,"[250.0, 22]","[246.0, 11]","[253.42, 57]","[277.23, 39]",251.71,129,3.42,-0.49
07:31:48,"[250.0, 28]","[246.0, 14]","[251.24, 84]","[254.0, 70]",250.62,196,1.24,-0.57
07:31:49,"[246.0, 15]","[240.0, 120]","[249.48, 44]","[253.09, 46]",247.74,225,3.48,0.2
07:31:50,"[246.0, 13]","[240.0, 104]","[248.64, 59]","[251.0, 26]",247.32,202,2.64,0.16
07:31:51,"[246.0, 13]","[240.0, 104]","[247.0, 39]","[251.0, 26]",246.5,182,1.0,0.29
07:31:52,"[240.0, 72]","[239.0, 63]","[249.56, 18]","[251.22, 18]",244.78,171,9.56,0.58
07:31:53,"[240.0, 40]","[239.0, 35]","[248.4, 10]","[251.0, 10]",244.2,95,8.4,0.58
07:31:54,"[240.0, 128]","[239.0, 112]","[245.09, 55]","[247.32, 47]",242.55,342,5.09,0.4
07:31:55,"[240.05, 84]","[239.31, 102]","[241.36, 50]","[244.16, 51]",240.7,287,1.31,0.3
07:31:56,"[239.77, 62]","[238.83, 92]","[242.0, 42]","[245.07, 54]",240.89,250,2.23,0.23
07:31:57,"[240.0, 38]","[239.0, 16]","[243.52, 29]","[245.73, 30]",241.76,113,3.52,-0.04
07:31:58,"[240.0, 20]","[239.0, 10]","[245.67, 12]","[248.71, 28]",242.83,70,5.67,-0.14
07:31:59,"[240.71, 34]","[237.26, 77]","[249.86, 29]","[249.06, 34]",245.28,174,9.16,0.28
07:32:00,"[242.43, 28]","[237.0, 116]","[253.3, 93]","[254.38, 63]",247.86,300,10.87,-0.04
07:32:01,"[243.58, 38]","[237.03, 186]","[252.1, 102]","[252.93, 86]",247.84,412,8.52,0.09
07:32:02,"[248.16, 50]","[238.74, 94]","[251.0, 65]","[253.0, 91]",249.58,300,2.84,-0.04
07:32:03,"[250.0, 75]","[248.0, 20]","[251.27, 52]","[253.64, 66]",250.63,213,1.27,-0.11
07:32:04,"[250.0, 27]","[248.0, 18]","[253.0, 63]","[321.0, 27]",251.5,135,3.0,-0.33
07:32:05,"[250.0, 33]","[248.0, 22]","[253.0, 44]","[287.72, 25]",251.5,124,3.0,-0.11
07:32:06,"[249.29, 14]","[246.21, 56]","[253.0, 32]","[259.0, 24]",251.14,126,3.71,0.11
07:32:07,"[248.29, 7]","[246.08, 52]","[252.0, 21]","[253.0, 28]",250.14,108,3.71,0.09
07:32:08,"[246.1, 62]","[241.43, 14]","[252.0, 24]","[253.38, 32]",249.05,132,5.9,0.15
07:32:09,"[246.0, 60]","[241.0, 12]","[248.0, 24]","[252.8, 20]",247.0,116,2.0,0.24
07:32:10,"[246.0, 100]","[242.4, 20]","[248.0, 30]","[254.0, 40]",247.0,190,2.0,0.26
07:32:11,"[246.0, 90]","[241.0, 20]","[248.0, 30]","[254.0, 40]",247.0,180,2.0,0.22
07:32:12,"[246.0, 90]","[241.0, 20]","[247.0, 40]","[248.0, 30]",246.5,180,1.0,0.22
07:32:13,"[246.0, 68]","[241.0, 24]","[247.8, 49]","[251.63, 41]",246.9,182,1.8,0.01
07:32:14,"[246.0, 42]","[241.0, 28]","[247.91, 70]","[248.38, 63]",246.96,203,1.91,-0.31
07:32:15,"[241.0, 28]","[237.61, 46]","[246.37, 19]","[250.38, 32]",243.68,125,5.37,0.18
07:32:16,"[241.65, 46]","[238.69, 52]","[244.43, 28]","[247.0, 14]",243.04,140,2.78,0.4
07:32:17,"[242.03, 73]","[241.25, 40]","[244.08, 26]","[247.72, 25]",243.05,164,2.05,0.38
07:32:18,"[243.73, 60]","[241.0, 30]","[245.0, 15]","[247.67, 45]",244.37,150,1.27,0.2
07:32:19,"[244.0, 28]","[235.0, 7]","[245.0, 7]","[247.0, 21]",244.5,63,1.0,0.11
07:32:20,"[244.35, 68]","[235.0, 23]","[253.59, 41]","[327.61, 59]",248.97,191,9.23,-0.05
07:32:21,"[245.0, 56]","[235.62, 56]","[255.05, 40]","[293.1, 50]",250.03,202,10.05,0.11
07:32:22,"[245.22, 72]","[236.0, 100]","[255.91, 69]","[429.64, 58]",250.57,299,10.69,0.15
07:32:23,"[250.8, 30]","[245.49, 51]","[256.0, 48]","[390.0, 36]",253.4,165,5.2,-0.02
07:32:24,"[254.0, 16]","[248.5, 32]","[256.0, 32]","[342.5, 26]",255.0,106,2.0,-0.09
07:32:25,"[254.96, 95]","[253.53, 34]","[256.0, 60]","[352.13, 60]",255.48,249,1.04,0.04
07:32:26,"[255.0, 37]","[254.0, 14]","[256.0, 28]","[446.08, 26]",255.5,105,1.0,-0.03
07:32:27,"[255.0, 52]","[254.0, 26]","[256.0, 52]","[301.23, 52]",255.5,182,1.0,-0.14
07:32:28,"[255.0, 28]","[254.0, 14]","[256.0, 28]","[448.0, 28]",255.5,98,1.0,-0.14
07:32:29,"[255.0, 30]","[254.0, 18]","[283.11, 36]","[452.68, 37]",269.06,121,28.11,-0.21
07:32:30,"[255.36, 14]","[254.71, 21]","[303.95, 38]","[472.27, 33]",279.65,106,48.59,-0.34
07:32:31,"[256.0, 11]","[255.0, 33]","[411.67, 42]","[492.27, 44]",333.83,130,155.67,-0.32
07:32:32,"[249.71, 49]","[248.9, 87]","[380.0, 24]","[456.89, 36]",314.86,196,130.29,0.39
07:32:33,"[248.0, 135]","[243.0, 45]","[453.89, 36]","[562.6, 30]",350.94,246,205.89,0.46
07:32:34,"[248.0, 150]","[243.0, 50]","[255.61, 31]","[484.51, 39]",251.81,270,7.61,0.48
07:32:35,"[249.05, 57]","[247.0, 75]","[256.0, 21]","[639.43, 28]",252.53,181,6.95,0.46
07:32:36,"[248.45, 99]","[245.6, 75]","[252.88, 32]","[477.55, 31]",250.66,237,4.42,0.47
07:32:37,"[248.0, 145]","[242.0, 55]","[251.0, 44]","[256.0, 33]",249.5,277,3.0,0.44
07:32:38,"[248.57, 98]","[246.03, 64]","[252.93, 28]","[312.42, 38]",250.75,228,4.36,0.42
07:32:39,"[250.0, 32]","[248.0, 80]","[255.0, 8]","[256.0, 24]",252.5,144,5.0,0.56
07:32:40,"[250.0, 56]","[248.0, 140]","[256.04, 28]","[302.42, 33]",253.02,257,6.04,0.53
07:32:41,"[250.0, 32]","[248.0, 80]","[254.25, 24]","[256.0, 8]",252.12,144,4.25,0.56
07:32:42,"[250.0, 36]","[248.0, 90]","[253.42, 19]","[253.88, 17]",251.71,162,3.42,0.56
07:32:43,"[248.25, 80]","[247.62, 37]","[253.22, 18]","[257.77, 26]",250.74,161,4.97,0.45
07:32:44,"[250.67, 126]","[246.0, 15]","[256.43, 21]","[258.4, 45]",253.55,207,5.76,0.36
07:32:45,"[254.39, 57]","[251.96, 52]","[256.0, 22]","[258.2, 30]",255.19,161,1.61,0.35
07:32:46,"[255.0, 41]","[254.0, 77]","[256.0, 41]","[260.0, 33]",255.5,192,1.0,0.23
07:32:47,"[254.16, 58]","[251.7, 60]","[256.0, 30]","[260.0, 30]",255.08,178,1.84,0.33
07:32:48,"[254.0, 56]","[252.0, 48]","[256.0, 24]","[260.0, 24]",255.0,152,2.0,0.37
07:32:49,"[254.0, 77]","[252.0, 67]","[255.09, 33]","[256.91, 33]",254.55,210,1.09,0.37
07:32:50,"[253.72, 50]","[251.76, 82]","[256.37, 41]","[258.5, 36]",255.04,209,2.65,0.26
07:32:51,"[252.0, 42]","[248.0, 30]","[256.0, 24]","[257.0, 18]",254.0,114,4.0,0.26
07:32:52,"[252.0, 47]","[248.26, 46]","[256.0, 44]","[259.27, 33]",254.0,170,4.0,0.09
07:32:53,"[251.47, 30]","[249.85, 27]","[254.43, 56]","[258.67, 54]",252.95,167,2.96,-0.32
07:32:54,"[248.0, 33]","[246.0, 10]","[252.2, 40]","[259.0, 40]",250.1,123,4.2,-0.3
07:32:55,"[239.0, 80]","[238.0, 16]","[250.28, 25]","[256.65, 34]",244.64,155,11.28,0.24
07:32:56,"[239.23, 31]","[238.45, 11]","[247.0, 7]","[248.0, 7]",243.11,56,7.77,0.5
07:32:57,"[243.2, 20]","[238.71, 42]","[247.0, 16]","[248.0, 16]",245.1,94,3.8,0.32
07:32:58,"[239.0, 30]","[237.35, 17]","[245.77, 13]","[248.0, 13]",242.38,73,6.77,0.29
07:32:59,"[239.0, 20]","[237.0, 25]","[243.7, 10]","[245.0, 10]",241.35,65,4.7,0.38
07:33:00,"[241.21, 98]","[237.11, 35]","[243.0, 14]","[245.0, 41]",242.11,188,1.79,0.41
07:33:01,"[242.0, 96]","[235.0, 22]","[245.0, 19]","[250.0, 32]",243.5,169,3.0,0.4
07:33:02,"[242.82, 66]","[235.0, 39]","[245.0, 11]","[250.0, 22]",243.91,138,2.18,0.52
07:33:03,"[243.0, 54]","[235.29, 21]","[245.0, 9]","[250.0, 18]",244.0,102,2.0,0.47
07:33:04,"[240.82, 44]","[233.22, 45]","[245.95, 21]","[250.59, 34]",243.39,144,5.13,0.24
07:33:05,"[233.35, 23]","[232.91, 44]","[240.0, 36]","[242.46, 35]",236.67,138,6.65,-0.03
07:33:06,"[232.55, 11]","[231.29, 21]","[240.0, 33]","[242.0, 33]",236.27,98,7.45,-0.35
07:33:07,"[233.24, 49]","[232.25, 24]","[248.27, 22]","[249.46, 26]",240.76,121,15.03,0.21
07:33:08,"[235.13, 86]","[233.64, 70]","[248.82, 22]","[249.9, 40]",241.97,218,13.69,0.43
07:33:09,"[236.37, 177]","[234.81, 113]","[243.67, 18]","[249.93, 88]",240.02,396,7.29,0.46
07:33:10,"[240.95, 42]","[239.65, 54]","[243.0, 8]","[250.0, 48]",241.98,152,2.05,0.26
07:33:11,"[241.87, 63]","[240.17, 59]","[244.91, 11]","[249.76, 51]",243.39,184,3.04,0.33
07:33:12,"[243.06, 52]","[241.4, 35]","[246.0, 8]","[250.0, 48]",244.53,143,2.94,0.22
07:33:13,"[246.05, 40]","[244.73, 44]","[249.79, 57]","[295.5, 36]",247.92,177,3.74,-0.05
07:33:14,"[248.0, 34]","[245.0, 56]","[249.96, 81]","[427.12, 50]",248.98,221,1.96,-0.19
07:33:15,"[245.89, 74]","[236.54, 208]","[248.67, 36]","[261.87, 61]",247.28,379,2.77,0.49
07:33:16,"[246.0, 113]","[235.49, 210]","[247.88, 24]","[249.51, 37]",246.94,384,1.88,0.68
07:33:17,"[246.0, 121]","[238.0, 187]","[248.0, 33]","[253.0, 38]",247.0,379,2.0,0.63
07:33:18,"[246.58, 53]","[242.42, 76]","[248.0, 18]","[249.0, 18]",247.29,165,1.42,0.56
07:33:19,"[247.47, 83]","[246.15, 78]","[250.38, 32]","[265.35, 40]",248.92,233,2.91,0.38
07:33:20,"[249.47, 142]","[246.91, 88]","[254.68, 57]","[260.45, 66]",252.08,353,5.21,0.3
07:33:21,"[251.0, 97]","[248.0, 44]","[254.77, 39]","[397.27, 44]",252.88,224,3.77,0.26
07:33:22,"[251.25, 20]","[250.03, 37]","[256.0, 26]","[492.62, 32]",253.62,115,4.75,-0.01
07:33:23,"[251.31, 26]","[250.14, 56]","[258.67, 24]","[424.7, 33]",254.99,139,7.36,0.18
07:33:24,"[248.82, 22]","[246.8, 20]","[256.33, 12]","[307.2, 20]",252.58,74,7.52,0.14
07:33:25,"[248.0, 36]","[246.0, 27]","[249.0, 18]","[260.0, 18]",248.5,99,1.0,0.27
07:33:26,"[248.0, 33]","[246.0, 33]","[249.0, 22]","[257.0, 22]",248.5,110,1.0,0.2
07:33:27,"[246.32, 25]","[241.46, 131]","[249.0, 22]","[256.08, 26]",247.66,204,2.68,0.53
07:33:28,"[250.27, 45]","[241.24, 125]","[251.67, 18]","[260.0, 15]",250.97,203,1.4,0.67
07:33:29,"[254.0, 120]","[247.14, 14]","[297.0, 16]","[376.0, 10]",275.5,160,43.0,0.68
07:33:30,"[254.0, 108]","[249.33, 12]","[260.9, 41]","[421.89, 9]",257.45,170,6.9,0.41
07:33:31,"[254.0, 96]","[252.0, 36]","[257.0, 45]","[397.1, 21]",255.5,198,3.0,0.33
07:33:32,"[254.0, 80]","[252.0, 40]","[257.0, 50]","[496.86, 28]",255.5,198,3.0,0.21
07:33:33,"[254.0, 64]","[252.0, 32]","[257.0, 40]","[507.5, 16]",255.5,152,3.0,0.26
07:33:34,"[254.0, 72]","[252.0, 36]","[257.0, 45]","[367.17, 12]",255.5,165,3.0,0.31
07:33:35,"[254.0, 84]","[252.0, 52]","[256.93, 59]","[273.41, 58]",255.47,253,2.93,0.08
07:33:36,"[254.0, 16]","[252.0, 16]","[261.0, 20]","[291.0, 16]",257.5,68,7.0,-0.06
07:33:37,"[254.0, 36]","[252.0, 24]","[261.0, 30]","[291.0, 24]",257.5,114,7.0,0.05
07:33:38,"[254.0, 35]","[252.0, 20]","[261.0, 25]","[295.8, 20]",257.5,100,7.0,0.1
07:33:39,"[254.0, 30]","[252.0, 52]","[261.0, 65]","[366.26, 38]",257.5,185,7.0,-0.11
07:33:40,"[251.1, 10]","[245.21, 33]","[261.0, 50]","[525.0, 20]",256.05,113,9.9,-0.24
07:33:41,"[239.77, 90]","[238.53, 68]","[251.55, 42]","[276.88, 65]",245.66,265,11.78,0.19
07:33:42,"[245.4, 42]","[243.0, 14]","[247.79, 14]","[249.96, 24]",246.6,94,2.38,0.19
07:33:43,"[240.46, 26]","[236.87, 45]","[246.86, 7]","[252.0, 21]",243.66,99,6.4,0.43
07:33:44,"[237.0, 88]","[236.0, 66]","[245.13, 30]","[251.59, 29]",241.07,213,8.13,0.45
07:33:45,"[237.0, 72]","[236.0, 54]","[244.1, 30]","[249.2, 15]",240.55,171,7.1,0.47
07:33:46,"[237.0, 40]","[236.0, 30]","[242.0, 15]","[245.0, 5]",239.5,90,5.0,0.56
07:33:47,"[237.0, 48]","[236.0, 36]","[242.0, 18]","[245.0, 6]",239.5,108,5.0,0.56
07:33:48,"[237.0, 64]","[236.0, 48]","[241.25, 24]","[245.0, 8]",239.12,144,4.25,0.56
07:33:49,"[237.0, 64]","[236.0, 48]","[239.62, 8]","[242.56, 27]",238.31,147,2.62,0.52
07:33:50,"[237.0, 64]","[236.0, 48]","[243.17, 18]","[242.88, 17]",240.08,147,6.17,0.52
07:33:51,"[237.0, 112]","[236.0, 84]","[242.98, 46]","[247.06, 65]",239.99,307,5.98,0.28
07:33:52,"[237.0, 64]","[236.0, 48]","[239.0, 24]","[247.79, 56]",238.0,192,2.0,0.17
07:33:53,"[237.0, 64]","[236.0, 48]","[239.0, 24]","[246.0, 16]",238.0,152,2.0,0.47
07:33:54,"[237.0, 80]","[236.0, 57]","[239.0, 30]","[246.0, 20]",238.0,187,2.0,0.47
07:33:55,"[237.33, 60]","[236.56, 57]","[239.0, 15]","[246.0, 18]",238.17,150,1.67,0.56
07:33:56,"[238.0, 75]","[235.77, 39]","[239.0, 15]","[246.0, 30]",238.5,159,1.0,0.43
07:33:57,"[238.0, 40]","[234.0, 80]","[245.53, 15]","[247.83, 23]",241.77,158,7.53,0.52
07:33:58,"[240.5, 60]","[234.74, 102]","[246.0, 18]","[248.0, 36]",243.25,216,5.5,0.5
07:33:59,"[240.55, 55]","[235.6, 25]","[246.0, 11]","[248.0, 33]",243.27,124,5.45,0.29
07:34:00,"[242.54, 82]","[237.86, 35]","[246.0, 20]","[248.0, 48]",244.27,185,3.46,0.26
07:34:01,"[244.49, 123]","[240.35, 100]","[246.15, 39]","[248.16, 57]",245.32,319,1.67,0.4
07:34:02,"[239.19, 37]","[237.71, 68]","[248.0, 39]","[251.0, 51]",243.59,195,8.81,0.08
07:34:03,"[242.73, 91]","[241.35, 23]","[248.0, 38]","[251.0, 57]",245.36,209,5.27,0.09
07:34:04,"[245.51, 51]","[241.41, 63]","[247.32, 19]","[248.93, 29]",246.41,162,1.81,0.41
07:34:05,"[246.0, 61]","[233.0, 72]","[247.92, 12]","[248.92, 12]",246.96,157,1.92,0.69
07:34:06,"[241.77, 31]","[234.47, 60]","[247.31, 26]","[248.57, 14]",244.54,131,5.53,0.39
07:34:07,"[235.0, 52]","[232.0, 39]","[247.07, 15]","[249.48, 27]",241.03,133,12.07,0.37
07:34:08,"[235.0, 68]","[233.17, 72]","[244.65, 17]","[246.8, 25]",239.82,182,9.65,0.54
07:34:09,"[235.0, 40]","[234.0, 80]","[247.0, 10]","[250.0, 10]",241.0,140,12.0,0.71
07:34:10,"[234.88, 50]","[234.18, 66]","[247.0, 9]","[250.0, 9]",240.94,134,12.12,0.73
07:34:11,"[238.21, 38]","[235.43, 28]","[247.0, 14]","[250.0, 14]",242.61,94,8.79,0.4
07:34:12,"[242.49, 43]","[238.89, 81]","[246.79, 19]","[248.94, 17]",244.64,160,4.3,0.55
07:34:13,"[242.38, 37]","[238.7, 69]","[246.0, 24]","[248.59, 29]",244.19,159,3.62,0.33
07:34:14,"[239.0, 32]","[238.0, 56]","[245.88, 16]","[247.67, 24]",242.44,128,6.88,0.38
07:34:15,"[240.87, 55]","[238.09, 117]","[244.84, 38]","[249.0, 46]",242.86,256,3.97,0.34
07:34:16,"[241.05, 40]","[237.19, 100]","[244.0, 25]","[249.0, 31]",242.53,196,2.95,0.43
07:34:17,"[241.0, 33]","[237.0, 110]","[244.0, 21]","[247.0, 44]",242.5,208,3.0,0.38
07:34:18,"[241.89, 89]","[238.4, 83]","[246.29, 68]","[248.04, 50]",244.09,290,4.41,0.19
07:34:19,"[243.33, 76]","[242.22, 68]","[247.0, 72]","[249.0, 36]",245.16,252,3.67,0.14
07:34:20,"[244.84, 43]","[243.73, 45]","[339.03, 69]","[471.83, 72]",291.93,229,94.19,-0.23
07:34:21,"[252.61, 38]","[249.23, 56]","[326.56, 43]","[513.78, 54]",289.58,191,73.95,-0.02
07:34:22,"[254.0, 36]","[252.0, 60]","[432.63, 49]","[662.32, 50]",343.32,195,178.63,-0.02
07:34:23,"[256.0, 228]","[254.0, 57]","[373.95, 88]","[574.92, 90]",314.98,463,117.95,0.23
07:34:24,"[256.0, 126]","[254.0, 33]","[483.11, 36]","[568.5, 48]",369.56,243,227.11,0.31
07:34:25,"[256.0, 65]","[254.0, 21]","[489.71, 14]","[556.0, 28]",372.86,128,233.71,0.34
07:34:26,"[256.0, 69]","[254.0, 30]","[382.73, 22]","[442.53, 38]",319.36,159,126.73,0.25
07:34:27,"[256.0, 7]","[254.0, 21]","[293.86, 14]","[295.0, 28]",274.93,70,37.86,-0.2
07:34:28,"[254.11, 19]","[252.1, 63]","[269.61, 23]","[282.0, 24]",261.86,129,15.5,0.27
07:34:29,"[254.0, 27]","[252.0, 95]","[262.11, 18]","[284.23, 39]",258.06,179,8.11,0.36
07:34:30,"[252.0, 77]","[248.0, 14]","[262.0, 14]","[275.0, 28]",257.0,133,10.0,0.37
07:34:31,"[252.0, 110]","[248.0, 20]","[261.4, 20]","[487.0, 46]",256.7,196,9.4,0.33
07:34:32,"[252.0, 77]","[248.0, 14]","[259.57, 14]","[470.92, 26]",255.79,131,7.57,0.39
07:34:33,"[252.01, 137]","[248.8, 40]","[256.79, 38]","[615.17, 60]",254.4,275,4.77,0.29
07:34:34,"[251.71, 14]","[249.15, 13]","[255.33, 18]","[642.86, 42]",253.52,87,3.62,-0.38
07:34:35,"[247.25, 32]","[245.17, 70]","[251.07, 27]","[541.6, 42]",249.16,171,3.82,0.19
07:34:36,"[246.0, 61]","[243.0, 110]","[247.77, 31]","[438.59, 34]",246.89,236,1.77,0.45
07:34:37,"[246.0, 5]","[243.0, 50]","[248.8, 10]","[250.0, 10]",247.4,75,2.8,0.47
07:34:38,"[246.0, 3]","[243.0, 30]","[249.0, 6]","[250.0, 6]",247.5,45,3.0,0.47
07:34:39,"[246.0, 11]","[243.0, 110]","[249.0, 22]","[250.0, 22]",247.5,165,3.0,0.47
07:34:40,"[246.0, 5]","[243.0, 34]","[249.0, 10]","[250.0, 10]",247.5,59,3.0,0.32
07:34:41,"[246.0, 5]","[243.0, 10]","[445.67, 6]","[640.23, 22]",345.83,43,199.67,-0.3
07:34:42,"[246.0, 7]","[243.0, 22]","[328.29, 35]","[544.0, 7]",287.14,71,82.29,-0.18
07:34:43,"[243.6, 30]","[198.03, 70]","[314.62, 42]","[392.37, 46]",279.11,188,71.02,0.06
07:34:44,"[243.46, 70]","[233.97, 63]","[358.1, 41]","[529.77, 65]",300.78,239,114.64,0.11
07:34:45,"[243.55, 20]","[240.57, 93]","[408.0, 70]","[575.43, 70]",325.77,253,164.45,-0.11
07:34:46,"[249.21, 19]","[241.29, 191]","[410.04, 57]","[477.38, 65]",329.62,332,160.82,0.27
07:34:47,"[253.0, 18]","[246.0, 30]","[395.5, 30]","[477.33, 30]",324.25,108,142.5,-0.11
07:34:48,"[253.0, 21]","[246.0, 35]","[386.39, 31]","[452.79, 19]",319.69,106,133.39,0.06
07:34:49,"[249.43, 23]","[243.19, 64]","[309.0, 8]","[407.14, 28]",279.22,123,59.57,0.41
07:34:50,"[247.92, 12]","[246.0, 48]","[397.74, 42]","[440.69, 32]",322.83,134,149.82,-0.1
07:34:51,"[248.0, 9]","[246.0, 36]","[305.12, 34]","[398.27, 37]",276.56,116,57.12,-0.22
07:34:52,"[248.0, 10]","[246.0, 40]","[288.17, 29]","[387.83, 12]",268.09,91,40.17,0.1
07:34:53,"[246.86, 14]","[242.25, 96]","[253.77, 44]","[268.39, 23]",250.31,177,6.92,0.24
07:34:54,"[246.0, 24]","[241.0, 216]","[251.57, 14]","[253.18, 17]",248.79,271,5.57,0.77
07:34:55,"[246.0, 26]","[241.18, 115]","[249.38, 21]","[250.19, 16]",247.69,178,3.38,0.58
07:34:56,"[244.6, 10]","[241.05, 128]","[246.73, 11]","[285.5, 12]",245.66,161,2.13,0.71
07:34:57,"[241.19, 77]","[240.88, 102]","[246.0, 9]","[247.0, 9]",243.6,197,4.81,0.82
07:34:58,"[241.0, 270]","[240.0, 45]","[245.2, 15]","[246.2, 15]",243.1,345,4.2,0.83
07:34:59,"[241.59, 44]","[240.2, 267]","[243.4, 30]","[245.43, 14]",242.5,355,1.81,0.75
07:35:00,"[240.05, 172]","[238.19, 106]","[244.33, 12]","[245.8, 10]",242.19,300,4.29,0.85
07:35:01,"[240.0, 150]","[237.0, 64]","[366.38, 8]","[432.82, 17]",303.19,239,126.38,0.79
07:35:02,"[240.0, 162]","[237.0, 72]","[370.44, 9]","[510.22, 27]",305.22,270,130.44,0.73
07:35:03,"[240.18, 88]","[239.45, 176]","[365.96, 24]","[495.0, 21]",303.07,309,125.78,0.71
07:35:04,"[241.22, 23]","[240.0, 306]","[305.06, 17]","[339.82, 17]",273.14,363,63.84,0.81
07:35:05,"[240.76, 29]","[239.88, 206]","[279.32, 25]","[291.12, 25]",260.04,285,38.56,0.65
07:35:06,"[240.0, 144]","[237.0, 64]","[243.0, 8]","[245.9, 30]",241.5,246,3.0,0.69
07:35:07,"[240.38, 144]","[238.8, 120]","[243.0, 10]","[244.0, 40]",241.69,314,2.62,0.68
07:35:08,"[238.17, 138]","[236.81, 148]","[242.74, 35]","[244.15, 39]",240.46,360,4.57,0.59
07:35:09,"[237.14, 37]","[235.69, 96]","[242.0, 21]","[244.0, 28]",239.57,182,4.86,0.46
07:35:10,"[238.86, 14]","[237.6, 20]","[242.0, 39]","[244.0, 52]",240.43,125,3.14,-0.46
07:35:11,"[240.66, 35]","[238.43, 14]","[242.0, 42]","[244.0, 56]",241.33,147,1.34,-0.33
07:35:12,"[241.0, 72]","[240.0, 9]","[242.0, 27]","[244.0, 36]",241.5,144,1.0,0.12
07:35:13,"[240.1, 40]","[229.27, 113]","[242.95, 38]","[244.05, 41]",241.52,232,2.85,0.32
07:35:14,"[240.62, 32]","[230.68, 44]","[243.0, 32]","[244.0, 32]",241.81,140,2.38,0.09
07:35:15,"[236.31, 16]","[230.03, 191]","[242.0, 44]","[244.0, 44]",239.16,295,5.69,0.4
07:35:16,"[237.0, 72]","[236.0, 12]","[240.29, 41]","[244.0, 48]",238.65,173,3.29,-0.03
07:35:17,"[238.33, 18]","[236.99, 73]","[240.0, 39]","[244.0, 52]",239.17,182,1.67,0.0
07:35:18,"[237.0, 66]","[232.0, 22]","[239.91, 33]","[244.0, 44]",238.45,165,2.91,0.07
07:35:19,"[237.8, 90]","[232.0, 32]","[240.96, 46]","[244.43, 70]",239.38,238,3.16,0.03
07:35:20,"[239.33, 72]","[231.61, 49]","[245.0, 73]","[246.0, 16]",242.17,210,5.67,0.15
07:35:21,"[241.76, 33]","[240.11, 45]","[245.35, 43]","[249.53, 34]",243.55,155,3.59,0.01
07:35:22,"[242.0, 40]","[241.0, 8]","[243.0, 8]","[250.0, 8]",242.5,64,1.0,0.5
07:35:23,"[242.0, 46]","[235.55, 11]","[248.25, 20]","[250.89, 46]",245.12,123,6.25,-0.07
07:35:24,"[242.0, 40]","[229.0, 20]","[250.0, 30]","[251.0, 50]",246.0,140,8.0,-0.14
07:35:25,"[242.5, 48]","[228.48, 29]","[250.0, 36]","[251.0, 60]",246.25,173,7.5,-0.11
07:35:26,"[243.0, 36]","[228.0, 27]","[250.0, 27]","[251.0, 45]",246.5,135,7.0,-0.07
07:35:27,"[243.64, 28]","[229.15, 39]","[250.0, 39]","[251.0, 65]",246.82,171,6.36,-0.22
07:35:28,"[246.94, 36]","[236.12, 125]","[250.71, 73]","[251.24, 46]",248.83,280,3.77,0.15
07:35:29,"[247.67, 24]","[238.12, 34]","[249.73, 37]","[250.95, 55]",248.7,150,2.06,-0.23
07:35:30,"[240.0, 11]","[236.0, 176]","[249.0, 41]","[251.0, 44]",244.5,272,9.0,0.38
07:35:31,"[241.36, 14]","[237.79, 29]","[247.29, 42]","[249.0, 98]",244.32,183,5.93,-0.53
07:35:32,"[242.0, 18]","[236.27, 153]","[246.22, 54]","[248.0, 78]",244.11,303,4.22,0.13
07:35:33,"[237.88, 89]","[236.54, 305]","[244.33, 54]","[245.6, 47]",241.1,495,6.46,0.59
07:35:34,"[237.0, 225]","[235.0, 240]","[243.83, 29]","[245.35, 31]",240.41,525,6.83,0.77
07:35:35,"[237.29, 41]","[235.46, 207]","[242.0, 13]","[244.0, 39]",239.65,300,4.71,0.65
07:35:36,"[239.5, 10]","[234.0, 168]","[242.0, 10]","[244.0, 30]",240.75,218,2.5,0.63
07:35:37,"[240.53, 15]","[233.0, 240]","[243.0, 20]","[244.71, 35]",241.77,310,2.47,0.65
07:35:38,"[233.9, 123]","[232.53, 211]","[335.04, 49]","[453.37, 54]",284.47,437,101.14,0.53
07:35:39,"[247.0, 28]","[242.74, 77]","[338.17, 46]","[477.57, 70]",292.59,221,91.17,-0.05
07:35:40,"[247.02, 47]","[245.92, 95]","[471.68, 37]","[530.69, 32]",359.35,211,224.65,0.35
07:35:41,"[247.3, 69]","[246.1, 183]","[469.64, 56]","[472.0, 70]",358.47,378,222.34,0.33
07:35:42,"[248.0, 55]","[245.37, 57]","[466.4, 40]","[472.0, 50]",357.2,202,218.4,0.11
07:35:43,"[251.26, 62]","[250.37, 59]","[352.67, 69]","[436.89, 66]",301.96,256,101.41,-0.05
07:35:44,"[252.3, 54]","[249.27, 22]","[321.25, 48]","[575.5, 60]",286.77,184,68.95,-0.17
07:35:45,"[252.0, 12]","[246.0, 12]","[321.0, 48]","[483.07, 42]",286.5,114,69.0,-0.58
07:35:46,"[253.71, 102]","[229.5, 12]","[290.38, 42]","[364.17, 53]",272.04,209,36.68,0.09
07:35:47,"[254.0, 72]","[248.2, 20]","[259.2, 45]","[313.57, 56]",256.6,193,5.2,-0.05
07:35:48,"[254.0, 54]","[251.0, 27]","[257.44, 39]","[302.0, 42]",255.72,162,3.44,0.0
07:35:49,"[251.14, 28]","[246.08, 39]","[255.34, 38]","[385.91, 33]",253.24,138,4.2,-0.03
07:35:50,"[244.0, 16]","[243.0, 48]","[246.0, 34]","[312.92, 25]",245.0,123,2.0,0.04
07:35:51,"[244.0, 6]","[243.0, 30]","[246.0, 20]","[330.0, 10]",245.0,66,2.0,0.09
07:35:52,"[243.43, 7]","[209.31, 32]","[246.0, 20]","[414.8, 10]",244.71,69,2.57,0.13
07:35:53,"[243.0, 14]","[194.77, 13]","[246.0, 28]","[525.0, 14]",244.5,69,3.0,-0.22
07:35:54,"[243.0, 20]","[215.21, 19]","[306.21, 19]","[449.23, 22]",274.61,80,63.21,-0.03
07:35:55,"[243.23, 13]","[208.88, 16]","[245.71, 17]","[246.85, 26]",244.47,72,2.48,-0.19
07:35:56,"[243.75, 56]","[216.81, 32]","[245.0, 52]","[250.0, 26]",244.38,166,1.25,0.06
07:35:57,"[243.69, 72]","[211.25, 32]","[246.96, 46]","[288.76, 34]",245.33,184,3.26,0.13
07:35:58,"[244.57, 63]","[241.69, 39]","[250.0, 28]","[318.71, 28]",247.29,158,5.43,0.29
07:35:59,"[246.89, 79]","[245.41, 51]","[250.0, 20]","[434.07, 28]",248.44,178,3.11,0.46
07:36:00,"[247.64, 88]","[246.0, 30]","[250.0, 20]","[533.67, 36]",248.82,174,2.36,0.36
07:36:01,"[249.42, 62]","[244.94, 32]","[349.85, 52]","[395.76, 45]",299.63,191,100.43,-0.02
07:36:02,"[251.63, 54]","[249.5, 14]","[253.0, 24]","[356.17, 60]",252.31,152,1.37,-0.11
07:36:03,"[252.0, 4]","[251.0, 4]","[253.0, 8]","[286.0, 20]",252.5,36,1.0,-0.56
07:36:04,"[249.16, 37]","[246.83, 12]","[252.57, 14]","[278.38, 26]",250.87,89,3.41,0.1
07:36:05,"[249.0, 56]","[246.0, 16]","[250.25, 16]","[255.62, 16]",249.62,104,1.25,0.38
07:36:06,"[247.8, 20]","[244.0, 20]","[249.87, 23]","[259.47, 19]",248.83,82,2.07,-0.02
07:36:07,"[246.0, 16]","[241.0, 16]","[249.0, 24]","[250.0, 8]",247.5,64,3.0,0.0
07:36:08,"[243.22, 18]","[240.44, 18]","[248.0, 27]","[250.89, 9]",245.61,72,4.78,0.0
07:36:09,"[242.0, 24]","[240.75, 16]","[251.8, 20]","[281.25, 24]",246.9,84,9.8,-0.05
07:36:10,"[242.5, 24]","[239.0, 16]","[259.0, 16]","[331.97, 33]",250.75,89,16.5,-0.1
07:36:11,"[244.54, 39]","[240.64, 33]","[257.0, 30]","[322.46, 67]",250.77,169,12.46,-0.15
07:36:12,"[253.0, 10]","[245.0, 30]","[257.0, 20]","[319.68, 38]",255.0,98,4.0,-0.18
07:36:13,"[253.89, 27]","[248.76, 17]","[257.0, 22]","[333.18, 55]",255.44,121,3.11,-0.27
07:36:14,"[254.0, 33]","[253.0, 11]","[257.0, 22]","[339.0, 55]",255.5,121,3.0,-0.27
07:36:15,"[251.06, 34]","[247.67, 18]","[257.0, 20]","[383.5, 40]",254.03,112,5.94,-0.07
07:36:16,"[249.29, 21]","[247.11, 19]","[257.0, 10]","[397.0, 20]",253.14,70,7.71,0.14
07:36:17,"[250.0, 36]","[249.0, 60]","[254.0, 25]","[313.72, 36]",252.0,157,4.0,0.22
07:36:18,"[249.13, 46]","[246.18, 34]","[251.0, 50]","[253.0, 10]",250.07,140,1.87,0.14
07:36:19,"[249.0, 45]","[246.4, 20]","[250.71, 21]","[251.18, 33]",249.86,119,1.71,0.09
07:36:20,"[249.0, 51]","[247.0, 24]","[250.94, 48]","[251.75, 24]",249.97,147,1.94,0.02
07:36:21,"[248.7, 33]","[245.97, 29]","[251.0, 53]","[253.0, 12]",249.85,127,2.3,-0.02
07:36:22,"[246.11, 9]","[242.71, 35]","[251.0, 36]","[253.0, 9]",248.56,89,4.89,-0.01
07:36:23,"[246.0, 20]","[245.0, 10]","[251.0, 36]","[253.0, 10]",248.5,76,5.0,-0.21
07:36:24,"[246.0, 18]","[245.0, 9]","[250.0, 9]","[251.0, 27]",248.0,63,4.0,-0.14
07:36:25,"[246.0, 20]","[245.0, 10]","[250.79, 19]","[251.91, 23]",248.39,72,4.79,-0.17
07:36:26,"[247.79, 86]","[246.26, 19]","[252.0, 52]","[260.0, 26]",249.9,183,4.21,0.15
07:36:27,"[249.44, 32]","[248.0, 192]","[252.0, 64]","[260.0, 32]",250.72,320,2.56,0.4
07:36:28,"[250.03, 60]","[248.22, 108]","[252.0, 35]","[260.0, 26]",251.02,229,1.97,0.47
07:36:29,"[250.62, 192]","[249.0, 64]","[256.5, 32]","[459.1, 51]",253.56,339,5.88,0.51
07:36:30,"[251.27, 105]","[249.43, 46]","[260.0, 20]","[652.0, 50]",255.63,221,8.73,0.37
07:36:31,"[255.0, 84]","[251.0, 120]","[260.0, 24]","[536.42, 60]",257.5,288,5.0,0.42
07:36:32,"[255.0, 45]","[251.26, 46]","[260.0, 14]","[450.0, 35]",257.5,140,5.0,0.3
07:36:33,"[255.0, 50]","[253.0, 20]","[260.0, 20]","[447.33, 45]",257.5,135,5.0,0.04
07:36:34,"[255.0, 38]","[253.0, 24]","[260.0, 24]","[326.14, 56]",257.5,142,5.0,-0.13
07:36:35,"[255.0, 30]","[253.0, 20]","[259.0, 32]","[293.26, 31]",257.0,113,4.0,-0.12
07:36:36,"[254.88, 32]","[252.33, 30]","[256.89, 45]","[260.33, 24]",255.88,131,2.01,-0.05
07:36:37,"[251.5, 48]","[250.58, 76]","[257.0, 40]","[261.9, 20]",254.25,184,5.5,0.35
07:36:38,"[251.0, 106]","[249.6, 40]","[254.44, 41]","[258.32, 38]",252.72,225,3.44,0.3
07:36:39,"[251.0, 27]","[250.0, 27]","[252.0, 30]","[261.67, 18]",251.5,102,1.0,0.06
07:36:40,"[250.1, 30]","[249.08, 39]","[251.8, 41]","[256.5, 24]",250.95,134,1.7,0.03
07:36:41,"[250.1, 21]","[249.05, 38]","[252.29, 28]","[257.77, 39]",251.19,126,2.19,-0.06
07:36:42,"[251.0, 9]","[249.0, 36]","[253.0, 27]","[261.0, 36]",252.0,108,2.0,-0.17
07:36:43,"[249.2, 30]","[247.39, 61]","[251.17, 24]","[254.83, 36]",250.18,151,1.97,0.21
07:36:44,"[248.47, 19]","[246.76, 21]","[252.42, 31]","[257.73, 44]",250.45,115,3.95,-0.3
07:36:45,"[246.79, 14]","[244.71, 14]","[254.32, 22]","[257.09, 46]",250.55,96,7.53,-0.42
07:36:46,"[246.0, 15]","[243.85, 39]","[252.4, 15]","[255.0, 45]",249.2,114,6.4,-0.05
07:36:47,"[246.0, 11]","[245.0, 55]","[251.91, 11]","[254.73, 33]",248.95,110,5.91,0.2
07:36:48,"[246.0, 14]","[245.0, 70]","[250.07, 14]","[253.86, 42]",248.04,140,4.07,0.2
07:36:49,"[246.0, 7]","[245.0, 35]","[248.86, 7]","[253.0, 21]",247.43,70,2.86,0.2
07:36:50,"[245.38, 16]","[244.88, 34]","[250.83, 12]","[256.11, 27]",248.1,89,5.46,0.12
07:36:51,"[251.62, 29]","[244.97, 62]","[255.87, 30]","[264.89, 54]",253.74,175,4.25,0.04
07:36:52,"[253.0, 22]","[245.74, 97]","[255.0, 11]","[260.0, 55]",254.0,185,2.0,0.29
07:36:53,"[253.0, 16]","[246.31, 78]","[255.0, 8]","[260.0, 40]",254.0,142,2.0,0.32
07:36:54,"[253.0, 18]","[246.0, 143]","[255.0, 9]","[260.0, 45]",254.0,215,2.0,0.5
07:36:55,"[249.5, 32]","[246.38, 66]","[255.0, 9]","[260.0, 45]",252.25,152,5.5,0.29
07:36:56,"[246.0, 160]","[245.0, 50]","[255.0, 10]","[260.0, 50]",250.5,270,9.0,0.56
07:36:57,"[246.82, 11]","[245.91, 110]","[254.12, 32]","[258.7, 27]",250.47,180,7.31,0.34
07:36:58,"[246.0, 13]","[245.0, 65]","[253.31, 52]","[255.0, 13]",249.65,143,7.31,0.09
07:36:59,"[246.0, 10]","[245.0, 50]","[253.0, 40]","[254.64, 14]",249.5,114,7.0,0.05
07:37:00,"[246.0, 11]","[245.0, 55]","[253.0, 44]","[254.0, 55]",249.5,165,7.0,-0.2
07:37:01,"[247.5, 14]","[245.55, 22]","[252.27, 48]","[253.39, 54]",249.89,138,4.77,-0.48
07:37:02,"[247.07, 15]","[245.19, 43]","[249.27, 45]","[251.88, 51]",248.17,154,2.2,-0.25
07:37:03,"[245.07, 27]","[243.31, 65]","[247.0, 21]","[249.0, 21]",246.04,134,1.93,0.37
07:37:04,"[243.43, 89]","[242.59, 69]","[246.75, 28]","[249.25, 24]",245.09,210,3.32,0.5
07:37:05,"[244.62, 55]","[243.2, 60]","[252.5, 16]","[257.94, 66]",248.56,197,7.88,0.17
07:37:06,"[248.0, 18]","[243.13, 69]","[254.0, 9]","[258.0, 45]",251.0,141,6.0,0.23
07:37:07,"[248.0, 19]","[243.0, 120]","[254.0, 12]","[258.0, 60]",251.0,211,6.0,0.32
07:37:08,"[248.0, 15]","[243.0, 150]","[252.93, 15]","[256.48, 27]",250.47,207,4.93,0.59
07:37:09,"[248.0, 12]","[243.0, 120]","[251.42, 12]","[255.0, 12]",249.71,156,3.42,0.69
07:37:10,"[248.8, 30]","[243.59, 68]","[251.0, 14]","[253.59, 32]",249.9,144,2.2,0.36
07:37:11,"[245.82, 66]","[245.16, 19]","[250.52, 21]","[252.63, 27]",248.17,133,4.71,0.28
07:37:12,"[242.0, 68]","[239.0, 16]","[249.62, 16]","[251.0, 8]",245.81,108,7.62,0.56
07:37:13,"[242.0, 84]","[239.0, 24]","[247.58, 12]","[249.5, 12]",244.79,132,5.58,0.64
07:37:14,"[242.0, 63]","[239.0, 18]","[245.78, 9]","[247.44, 9]",243.89,99,3.78,0.64
07:37:15,"[242.84, 43]","[241.14, 35]","[244.0, 10]","[245.0, 10]",243.42,98,1.16,0.59
07:37:16,"[242.72, 36]","[240.85, 26]","[247.89, 18]","[252.65, 34]",245.31,114,5.17,0.09
07:37:17,"[240.05, 82]","[238.51, 51]","[251.0, 18]","[254.0, 36]",245.52,187,10.95,0.42
07:37:18,"[240.18, 100]","[239.52, 147]","[250.15, 41]","[252.11, 36]",245.16,324,9.97,0.52
07:37:19,"[241.58, 24]","[240.24, 66]","[249.0, 35]","[250.33, 24]",245.29,149,7.42,0.21
07:37:20,"[245.0, 38]","[242.26, 31]","[252.0, 22]","[254.55, 55]",248.5,146,7.0,-0.05
07:37:21,"[243.43, 28]","[238.25, 84]","[252.0, 20]","[276.89, 56]",247.71,188,8.57,0.19
07:37:22,"[243.9, 20]","[239.8, 90]","[252.0, 10]","[254.0, 40]",247.95,160,8.1,0.38
07:37:23,"[245.76, 17]","[241.84, 55]","[252.0, 10]","[254.0, 40]",248.88,122,6.24,0.18
07:37:24,"[250.91, 58]","[246.52, 23]","[252.0, 13]","[254.0, 52]",251.46,146,1.09,0.11
07:37:25,"[251.0, 60]","[246.9, 81]","[252.0, 8]","[254.0, 32]",251.5,181,1.0,0.56
07:37:26,"[251.0, 112]","[247.0, 210]","[253.5, 28]","[255.67, 63]",252.25,413,2.5,0.56
07:37:27,"[251.0, 64]","[247.0, 120]","[254.0, 24]","[257.0, 40]",252.5,248,3.0,0.48
07:37:28,"[251.0, 56]","[247.0, 105]","[254.0, 21]","[257.71, 34]",252.5,216,3.0,0.49
07:37:29,"[251.0, 59]","[247.26, 138]","[254.0, 30]","[297.0, 40]",252.5,267,3.0,0.48
07:37:30,"[251.0, 45]","[247.05, 123]","[295.54, 39]","[401.95, 37]",273.27,244,44.54,0.38
07:37:31,"[251.0, 47]","[249.0, 39]","[254.0, 39]","[327.31, 29]",252.5,154,3.0,0.12
07:37:32,"[251.0, 30]","[249.0, 30]","[254.0, 22]","[256.0, 20]",252.5,102,3.0,0.18
07:37:33,"[251.0, 30]","[249.0, 30]","[254.0, 10]","[256.0, 20]",252.5,90,3.0,0.33
07:37:34,"[250.09, 33]","[247.39, 93]","[252.37, 41]","[253.2, 20]",251.23,187,2.27,0.35
07:37:35,"[247.28, 87]","[246.5, 80]","[250.33, 18]","[253.36, 14]",248.8,199,3.06,0.68
07:37:36,"[247.0, 171]","[245.0, 52]","[248.73, 15]","[251.76, 17]",247.87,255,1.73,0.75
07:37:37,"[247.0, 113]","[245.0, 44]","[248.0, 11]","[251.73, 11]",247.5,179,1.0,0.75
07:37:38,"[247.0, 60]","[245.0, 48]","[250.43, 21]","[254.08, 13]",248.71,142,3.43,0.52
07:37:39,"[247.0, 50]","[245.0, 40]","[256.0, 10]","[259.0, 20]",251.5,120,9.0,0.5
07:37:40,"[247.0, 35]","[245.0, 28]","[256.0, 7]","[259.0, 14]",251.5,84,9.0,0.5
07:37:41,"[247.0, 45]","[245.0, 36]","[254.07, 30]","[255.07, 15]",250.53,126,7.07,0.29
07:37:42,"[247.0, 45]","[245.0, 36]","[251.0, 36]","[253.0, 9]",249.0,126,4.0,0.29
07:37:43,"[247.0, 70]","[245.0, 56]","[249.93, 56]","[251.8, 20]",248.46,202,2.93,0.25
07:37:44,"[247.0, 21]","[245.0, 52]","[250.54, 26]","[253.48, 21]",248.77,120,3.54,0.22
07:37:45,"[248.36, 11]","[245.34, 29]","[256.83, 24]","[258.67, 12]",252.6,76,8.47,0.05
07:37:46,"[250.0, 12]","[247.0, 12]","[255.1, 41]","[258.0, 24]",252.55,89,5.1,-0.46
07:37:47,"[247.0, 9]","[245.0, 36]","[255.0, 27]","[256.73, 22]",251.0,94,8.0,-0.04
07:37:48,"[248.2, 20]","[242.09, 22]","[254.64, 33]","[256.75, 16]",251.42,91,6.44,-0.08
07:37:49,"[249.0, 16]","[245.0, 16]","[253.62, 50]","[255.55, 20]",251.31,102,4.62,-0.37
07:37:50,"[248.76, 17]","[244.6, 20]","[250.44, 64]","[251.86, 56]",249.6,157,1.67,-0.53
07:37:51,"[244.53, 17]","[242.78, 55]","[247.22, 36]","[248.75, 48]",245.88,156,2.69,-0.08
07:37:52,"[243.0, 52]","[237.97, 29]","[245.71, 35]","[247.44, 54]",244.36,170,2.71,-0.05
07:37:53,"[242.14, 14]","[238.1, 20]","[244.52, 23]","[245.51, 47]",243.33,104,2.38,-0.35
07:37:54,"[239.0, 9]","[237.98, 126]","[245.0, 27]","[253.0, 9]",242.0,171,6.0,0.58
07:37:55,"[239.86, 42]","[238.12, 75]","[245.0, 45]","[253.0, 15]",242.43,177,5.14,0.32
07:37:56,"[241.06, 49]","[241.27, 33]","[245.0, 45]","[253.0, 15]",243.03,142,3.94,0.15
07:37:57,"[242.18, 44]","[239.16, 25]","[245.0, 16]","[253.0, 12]",243.59,97,2.82,0.42
07:37:58,"[242.11, 36]","[235.0, 36]","[254.1, 29]","[259.4, 25]",248.11,126,11.99,0.14
07:37:59,"[245.28, 64]","[240.87, 30]","[254.04, 69]","[257.35, 74]",249.66,237,8.76,-0.21
07:38:00,"[247.0, 66]","[245.0, 48]","[253.0, 60]","[255.5, 48]",250.0,222,6.0,0.03
07:38:01,"[247.84, 128]","[246.09, 44]","[253.0, 55]","[255.0, 33]",250.42,260,5.16,0.32
07:38:02,"[248.0, 188]","[247.0, 44]","[253.0, 55]","[255.0, 33]",250.5,320,5.0,0.45
07:38:03,"[249.14, 119]","[247.0, 28]","[253.0, 35]","[255.0, 21]",251.07,203,3.86,0.45
07:38:04,"[250.5, 181]","[247.0, 52]","[253.0, 65]","[255.0, 39]",251.75,337,2.5,0.38
07:38:05,"[251.0, 104]","[247.0, 44]","[252.82, 49]","[254.23, 39]",251.91,236,1.82,0.25
07:38:06,"[251.0, 112]","[247.0, 28]","[252.71, 35]","[255.0, 21]",251.86,196,1.71,0.43
07:38:07,"[251.0, 80]","[247.0, 20]","[252.0, 25]","[255.0, 15]",251.5,140,1.0,0.43
07:38:08,"[251.0, 128]","[247.0, 32]","[255.0, 24]","[258.0, 52]",253.0,236,4.0,0.36
07:38:09,"[251.27, 88]","[249.46, 52]","[255.0, 21]","[258.0, 63]",253.14,224,3.73,0.25
07:38:10,"[254.0, 20]","[251.0, 52]","[255.0, 15]","[258.0, 45]",254.5,132,1.0,0.09
07:38:11,"[254.0, 35]","[251.0, 168]","[255.0, 36]","[258.0, 108]",254.5,347,1.0,0.17
07:38:12,"[254.0, 9]","[251.0, 135]","[255.0, 27]","[258.0, 81]",254.5,252,1.0,0.14
07:38:13,"[251.07, 90]","[248.94, 62]","[255.0, 29]","[258.0, 90]",253.03,271,3.93,0.12
07:38:14,"[251.0, 77]","[247.0, 28]","[254.33, 18]","[257.31, 35]",252.67,158,3.33,0.33
07:38:15,"[251.0, 128]","[247.17, 48]","[252.75, 36]","[257.33, 54]",251.88,266,1.75,0.32
07:38:16,"[251.0, 59]","[249.0, 32]","[254.75, 24]","[256.58, 26]",252.88,141,3.75,0.29
07:38:17,"[252.0, 70]","[250.27, 55]","[254.1, 30]","[257.0, 30]",253.05,185,2.1,0.35
07:38:18,"[253.0, 62]","[251.0, 70]","[254.0, 30]","[257.0, 30]",253.5,192,1.0,0.38
07:38:19,"[253.0, 18]","[251.0, 42]","[254.0, 18]","[257.0, 18]",253.5,96,1.0,0.25
07:38:20,"[252.44, 25]","[250.83, 46]","[254.57, 21]","[258.0, 23]",253.51,115,2.13,0.23
07:38:21,"[250.81, 42]","[248.56, 41]","[258.0, 27]","[261.0, 45]",254.4,155,7.19,0.07
07:38:22,"[247.0, 72]","[245.0, 120]","[257.64, 14]","[259.5, 30]",252.32,236,10.64,0.63
07:38:23,"[247.76, 29]","[246.53, 129]","[257.0, 13]","[258.0, 39]",252.38,210,9.24,0.5
07:38:24,"[249.0, 10]","[247.0, 90]","[257.0, 10]","[258.0, 30]",253.0,140,8.0,0.43
07:38:25,"[247.0, 48]","[245.0, 120]","[255.88, 8]","[258.0, 24]",251.44,200,8.88,0.68
07:38:26,"[247.83, 48]","[245.37, 129]","[254.0, 11]","[258.09, 33]",250.92,221,6.17,0.6
07:38:27,"[247.0, 40]","[245.0, 120]","[252.0, 8]","[254.0, 8]",249.5,176,5.0,0.82
07:38:28,"[246.11, 47]","[244.99, 151]","[250.19, 32]","[252.45, 11]",248.15,241,4.08,0.64
07:38:29,"[246.55, 22]","[245.0, 165]","[253.0, 11]","[256.67, 27]",249.77,225,6.45,0.66
07:38:30,"[247.0, 20]","[245.0, 150]","[251.9, 10]","[257.0, 30]",249.45,210,4.9,0.62
07:38:31,"[247.0, 20]","[245.0, 150]","[256.73, 22]","[260.79, 42]",251.86,234,9.73,0.45
07:38:32,"[252.33, 66]","[245.14, 177]","[258.0, 51]","[261.28, 72]",255.17,366,5.67,0.33
07:38:33,"[255.0, 44]","[248.71, 28]","[258.0, 33]","[261.0, 44]",256.5,149,3.0,-0.03
07:38:34,"[255.0, 36]","[252.52, 66]","[258.0, 27]","[261.0, 36]",256.5,165,3.0,0.24
07:38:35,"[255.0, 32]","[253.0, 80]","[258.0, 24]","[261.0, 32]",256.5,168,3.0,0.33
07:38:36,"[255.0, 36]","[253.0, 90]","[257.27, 11]","[259.18, 28]",256.14,165,2.27,0.53
07:38:37,"[253.09, 94]","[251.43, 28]","[256.5, 10]","[259.2, 30]",254.79,162,3.41,0.51
07:38:38,"[253.0, 80]","[251.0, 34]","[255.62, 8]","[260.25, 24]",254.31,146,2.62,0.56
07:38:39,"[253.0, 76]","[251.0, 40]","[254.03, 36]","[260.0, 18]",253.51,170,1.03,0.36
07:38:40,"[251.15, 54]","[247.8, 25]","[261.0, 33]","[312.71, 34]",256.07,146,9.85,0.08
07:38:41,"[251.0, 66]","[247.0, 28]","[260.0, 56]","[263.31, 52]",255.5,202,9.0,-0.07
07:38:42,"[251.53, 34]","[247.73, 22]","[259.36, 44]","[261.0, 33]",255.45,133,7.83,-0.16
07:38:43,"[254.0, 39]","[251.0, 13]","[259.0, 52]","[261.0, 39]",256.5,143,5.0,-0.27
07:38:44,"[251.5, 28]","[248.24, 21]","[259.0, 60]","[261.0, 45]",255.25,154,7.5,-0.36
07:38:45,"[252.77, 26]","[249.94, 17]","[259.0, 36]","[261.0, 27]",255.88,106,6.23,-0.19
07:38:46,"[253.38, 32]","[251.82, 34]","[258.79, 56]","[261.81, 37]",256.08,159,5.41,-0.17
07:38:47,"[253.0, 24]","[251.0, 24]","[258.0, 48]","[261.26, 38]",255.5,134,5.0,-0.28
07:38:48,"[253.0, 16]","[251.0, 16]","[258.0, 32]","[261.0, 32]",255.5,96,5.0,-0.33
07:38:49,"[253.0, 26]","[251.0, 26]","[257.54, 52]","[261.0, 52]",255.27,156,4.54,-0.33
07:38:50,"[253.0, 10]","[251.0, 10]","[260.25, 16]","[261.22, 18]",256.62,54,7.25,-0.26
07:38:51,"[251.0, 24]","[249.36, 22]","[259.4, 30]","[261.0, 40]",255.2,116,8.4,-0.21
07:38:52,"[247.0, 44]","[245.0, 30]","[256.68, 40]","[258.11, 37]",251.84,151,9.68,-0.02
07:38:53,"[247.0, 44]","[245.0, 52]","[254.64, 44]","[256.0, 33]",250.82,173,7.64,0.11
07:38:54,"[247.0, 32]","[245.0, 56]","[254.0, 32]","[256.0, 24]",250.5,144,7.0,0.22
07:38:55,"[247.0, 40]","[245.0, 70]","[253.25, 32]","[254.32, 38]",250.12,180,6.25,0.22
07:38:56,"[247.0, 40]","[245.0, 70]","[253.0, 30]","[254.0, 40]",250.0,180,6.0,0.22
07:38:57,"[247.0, 26]","[245.0, 49]","[253.3, 20]","[254.69, 29]",250.15,124,6.3,0.21
07:38:58,"[247.0, 33]","[245.0, 77]","[256.0, 22]","[258.98, 49]",251.5,181,9.0,0.22
07:38:59,"[247.0, 54]","[245.0, 70]","[256.0, 20]","[258.7, 46]",251.5,190,9.0,0.31
07:39:00,"[247.0, 48]","[245.0, 112]","[255.06, 32]","[257.83, 71]",251.03,263,8.06,0.22
07:39:01,"[255.0, 33]","[247.0, 33]","[256.0, 22]","[258.0, 55]",255.5,143,1.0,-0.08
07:39:02,"[255.0, 39]","[247.0, 39]","[256.63, 49]","[259.49, 43]",255.82,170,1.63,-0.08
07:39:03,"[247.21, 38]","[245.75, 32]","[257.75, 40]","[260.0, 32]",252.48,142,10.54,-0.01
07:39:04,"[248.0, 32]","[247.0, 48]","[253.91, 44]","[255.0, 52]",250.95,176,5.91,-0.09
07:39:05,"[248.0, 26]","[247.0, 39]","[252.37, 38]","[254.12, 25]",250.18,128,4.37,0.02
07:39:06,"[248.55, 22]","[247.0, 33]","[255.0, 11]","[258.6, 30]",251.77,96,6.45,0.15
07:39:07,"[249.69, 26]","[247.0, 39]","[255.15, 13]","[257.0, 26]",252.42,104,5.46,0.25
07:39:08,"[251.0, 32]","[247.0, 48]","[253.75, 60]","[256.17, 24]",252.38,164,2.75,-0.02
07:39:09,"[249.52, 27]","[245.64, 88]","[254.57, 35]","[258.69, 26]",252.04,176,5.05,0.31
07:39:10,"[253.89, 71]","[251.15, 26]","[258.73, 30]","[261.2, 30]",256.31,157,4.85,0.24
07:39:11,"[254.0, 81]","[253.0, 26]","[261.0, 23]","[262.0, 52]",257.5,182,7.0,0.18
07:39:12,"[254.0, 25]","[253.0, 22]","[261.0, 44]","[262.0, 44]",257.5,135,7.0,-0.3
07:39:13,"[254.0, 16]","[253.0, 16]","[261.0, 32]","[262.0, 32]",257.5,96,7.0,-0.33
07:39:14,"[253.4, 15]","[252.14, 14]","[261.0, 28]","[262.0, 28]",257.2,85,7.6,-0.32
07:39:15,"[251.0, 24]","[247.0, 16]","[261.0, 32]","[262.0, 32]",256.0,104,10.0,-0.23
07:39:16,"[251.0, 21]","[247.0, 14]","[261.0, 28]","[262.0, 28]",256.0,91,10.0,-0.23
07:39:17,"[251.0, 33]","[245.3, 107]","[261.0, 44]","[262.0, 44]",256.0,228,10.0,0.23
07:39:18,"[251.0, 29]","[247.0, 126]","[261.0, 36]","[262.0, 36]",256.0,227,10.0,0.37
07:39:19,"[251.0, 20]","[247.0, 70]","[261.0, 20]","[262.0, 20]",256.0,130,10.0,0.38
07:39:20,"[251.0, 24]","[247.0, 84]","[261.0, 24]","[265.44, 18]",256.0,150,10.0,0.44
07:39:21,"[247.32, 152]","[245.55, 152]","[260.0, 26]","[261.0, 31]",253.66,361,12.68,0.68
07:39:22,"[247.0, 120]","[245.0, 110]","[260.0, 30]","[262.0, 57]",253.5,317,13.0,0.45
07:39:23,"[248.05, 76]","[246.34, 134]","[259.79, 42]","[261.76, 75]",253.92,327,11.73,0.28
07:39:24,"[249.0, 44]","[247.0, 99]","[256.52, 23]","[258.18, 33]",252.76,199,7.52,0.44
07:39:25,"[254.0, 96]","[248.05, 76]","[257.69, 39]","[259.71, 62]",255.85,273,3.69,0.26
07:39:26,"[255.0, 89]","[249.0, 52]","[256.72, 50]","[258.72, 47]",255.86,238,1.72,0.18
07:39:27,"[255.0, 8]","[249.0, 32]","[256.0, 32]","[259.25, 24]",255.5,96,1.0,-0.17
07:39:28,"[249.32, 38]","[247.18, 89]","[258.14, 37]","[259.74, 19]",253.73,183,8.82,0.39
07:39:29,"[249.0, 34]","[247.0, 126]","[257.61, 71]","[259.43, 46]",253.3,277,8.61,0.16
07:39:30,"[249.0, 28]","[247.0, 126]","[256.95, 55]","[259.09, 43]",252.97,252,7.95,0.22
07:39:31,"[249.4, 40]","[247.04, 110]","[255.0, 39]","[257.0, 52]",252.2,241,5.6,0.24
07:39:32,"[250.58, 192]","[249.0, 24]","[254.17, 36]","[257.0, 48]",252.38,300,3.58,0.44
07:39:33,"[251.0, 183]","[249.0, 28]","[253.08, 52]","[255.04, 46]",252.04,309,2.08,0.37
07:39:34,"[251.0, 93]","[249.0, 20]","[253.6, 40]","[256.32, 31]",252.3,184,2.6,0.23
07:39:35,"[252.18, 17]","[250.3, 23]","[260.0, 36]","[261.45, 33]",256.09,109,7.82,-0.27
07:39:36,"[255.0, 9]","[253.31, 39]","[260.0, 36]","[261.0, 27]",257.5,111,5.0,-0.14
07:39:37,"[254.25, 24]","[252.88, 48]","[260.0, 48]","[261.0, 36]",257.12,156,5.75,-0.08
07:39:38,"[254.0, 18]","[251.0, 18]","[260.0, 24]","[261.0, 18]",257.0,78,6.0,-0.08
07:39:39,"[252.12, 16]","[249.75, 16]","[260.0, 28]","[261.0, 21]",256.06,81,7.88,-0.21
07:39:40,"[251.0, 20]","[249.0, 20]","[260.0, 40]","[261.0, 30]",255.5,110,9.0,-0.27
07:39:41,"[251.76, 33]","[250.11, 18]","[260.0, 36]","[261.0, 27]",255.88,114,8.24,-0.11
07:39:42,"[252.0, 20]","[251.0, 8]","[260.0, 16]","[261.0, 12]",256.0,56,8.0,0.0
07:39:43,"[252.0, 65]","[251.0, 26]","[260.0, 52]","[261.0, 39]",256.0,182,8.0,0.0
07:39:44,"[252.0, 60]","[251.0, 24]","[257.75, 60]","[258.87, 87]",254.88,231,5.75,-0.27
07:39:45,"[251.27, 66]","[249.11, 36]","[254.0, 90]","[257.54, 82]",252.64,274,2.73,-0.26
07:39:46,"[249.95, 41]","[248.93, 28]","[252.69, 52]","[259.46, 52]",251.32,173,2.74,-0.2
07:39:47,"[250.0, 27]","[249.0, 18]","[252.0, 32]","[253.0, 27]",251.0,104,2.0,-0.13
07:39:48,"[249.56, 27]","[248.45, 22]","[251.45, 33]","[257.62, 39]",250.51,121,1.9,-0.19
07:39:49,"[248.9, 20]","[247.08, 26]","[251.83, 30]","[261.09, 44]",250.37,120,2.93,-0.23
07:39:50,"[246.12, 32]","[243.77, 124]","[260.0, 40]","[261.0, 30]",253.06,226,13.88,0.38
07:39:51,"[245.41, 49]","[243.11, 181]","[260.0, 44]","[261.0, 33]",252.7,307,14.59,0.5
07:39:52,"[247.2, 30]","[244.88, 48]","[260.13, 46]","[262.25, 40]",253.67,164,12.93,-0.05
07:39:53,"[246.65, 40]","[245.0, 70]","[260.26, 34]","[263.0, 50]",253.46,194,13.61,0.13
07:39:54,"[247.59, 17]","[246.0, 40]","[260.0, 50]","[265.8, 50]",253.79,157,12.41,-0.27
07:39:55,"[247.0, 44]","[245.0, 123]","[260.0, 50]","[264.0, 50]",253.5,267,13.0,0.25
07:39:56,"[247.0, 18]","[245.0, 117]","[260.0, 30]","[459.0, 9]",253.5,174,13.0,0.55
07:39:57,"[247.0, 22]","[245.0, 129]","[260.0, 22]","[356.29, 28]",253.5,201,13.0,0.5
07:39:58,"[247.0, 16]","[245.0, 48]","[259.45, 22]","[262.14, 21]",253.23,107,12.45,0.2
07:39:59,"[247.71, 42]","[245.71, 56]","[259.0, 86]","[262.3, 43]",253.36,227,11.29,-0.14
07:40:00,"[248.12, 24]","[247.0, 16]","[258.29, 42]","[259.57, 42]",253.21,124,10.16,-0.35
07:40:01,"[249.0, 48]","[247.0, 32]","[256.65, 86]","[258.43, 67]",252.83,233,7.65,-0.31
07:40:02,"[249.0, 39]","[247.0, 26]","[254.85, 65]","[257.69, 26]",251.92,156,5.85,-0.17
07:40:03,"[249.0, 30]","[247.0, 20]","[253.41, 22]","[254.59, 41]",251.2,113,4.41,-0.12
07:40:04,"[249.0, 35]","[247.0, 24]","[250.84, 32]","[251.85, 41]",249.92,132,1.84,-0.11
07:40:05,"[247.53, 30]","[246.42, 19]","[250.0, 44]","[256.22, 41]",248.77,134,2.47,-0.27
07:40:06,"[246.67, 12]","[245.06, 72]","[249.25, 20]","[254.5, 16]",247.96,120,2.58,0.4
07:40:07,"[246.0, 11]","[245.0, 187]","[250.0, 47]","[258.95, 21]",248.0,266,4.0,0.49
07:40:08,"[245.06, 144]","[216.2, 276]","[247.38, 32]","[249.26, 38]",246.22,490,2.31,0.71
07:40:09,"[245.0, 232]","[201.71, 147]","[247.06, 16]","[256.0, 29]",246.03,424,2.06,0.79
07:40:10,"[247.36, 128]","[216.19, 143]","[253.91, 23]","[256.84, 49]",250.64,343,6.55,0.58
07:40:11,"[255.0, 45]","[253.0, 108]","[256.0, 18]","[257.0, 37]",255.5,208,1.0,0.47
07:40:12,"[255.0, 39]","[253.0, 72]","[256.0, 12]","[257.0, 30]",255.5,153,1.0,0.45
07:40:13,"[255.0, 126]","[253.0, 108]","[256.0, 18]","[257.0, 36]",255.5,288,1.0,0.62
07:40:14,"[255.0, 158]","[253.0, 144]","[256.0, 24]","[257.0, 60]",255.5,386,1.0,0.56
07:40:15,"[255.0, 146]","[253.0, 144]","[256.0, 24]","[257.0, 60]",255.5,374,1.0,0.55
07:40:16,"[255.0, 153]","[253.0, 156]","[256.0, 26]","[257.0, 65]",255.5,400,1.0,0.55
07:40:17,"[255.0, 99]","[253.0, 108]","[256.0, 18]","[257.0, 45]",255.5,270,1.0,0.53
07:40:18,"[255.0, 54]","[253.0, 120]","[256.0, 20]","[257.0, 50]",255.5,244,1.0,0.43
07:40:19,"[255.0, 27]","[253.0, 108]","[256.0, 18]","[257.0, 45]",255.5,198,1.0,0.36
07:40:20,"[254.06, 51]","[252.66, 130]","[256.0, 22]","[257.0, 55]",255.03,258,1.94,0.4
07:40:21,"[253.0, 132]","[251.0, 121]","[256.0, 22]","[257.0, 55]",254.5,330,3.0,0.53
07:40:22,"[253.0, 44]","[251.0, 44]","[256.0, 8]","[257.0, 20]",254.5,116,3.0,0.52
07:40:23,"[253.0, 84]","[251.0, 99]","[256.0, 18]","[257.0, 45]",254.5,246,3.0,0.49
07:40:24,"[252.2, 45]","[250.96, 101]","[255.18, 22]","[256.57, 28]",253.69,196,2.98,0.49
07:40:25,"[251.0, 45]","[249.0, 5]","[255.0, 10]","[257.0, 10]",253.0,70,4.0,0.43
07:40:26,"[251.0, 99]","[249.0, 11]","[255.0, 22]","[257.0, 22]",253.0,154,4.0,0.43
07:40:27,"[251.29, 42]","[250.91, 88]","[254.0, 32]","[257.0, 32]",252.64,194,2.71,0.34
07:40:28,"[252.0, 8]","[251.0, 56]","[254.0, 16]","[257.0, 22]",253.0,102,2.0,0.25
07:40:29,"[251.02, 64]","[249.88, 16]","[254.9, 20]","[258.17, 36]",252.96,136,3.88,0.18
07:40:30,"[251.0, 91]","[249.0, 13]","[256.14, 44]","[259.17, 36]",253.57,184,5.14,0.13
07:40:31,"[251.0, 49]","[249.0, 7]","[254.82, 11]","[256.14, 21]",252.91,88,3.82,0.27
07:40:32,"[251.0, 98]","[249.0, 14]","[253.93, 30]","[257.48, 44]",252.47,186,2.93,0.2
07:40:33,"[250.9, 59]","[248.28, 29]","[253.27, 33]","[259.59, 34]",252.09,155,2.37,0.14
07:40:34,"[250.27, 22]","[248.63, 19]","[254.81, 16]","[259.31, 29]",252.54,86,4.54,-0.05
07:40:35,"[251.0, 8]","[249.0, 8]","[259.0, 16]","[260.0, 24]",255.0,56,8.0,-0.43
07:40:36,"[254.88, 33]","[251.52, 21]","[259.36, 28]","[260.16, 51]",257.12,133,4.48,-0.19
07:40:37,"[252.2, 20]","[248.36, 22]","[259.0, 10]","[260.0, 20]",255.6,72,6.8,0.17
07:40:38,"[247.57, 14]","[246.28, 58]","[259.0, 10]","[260.0, 20]",253.29,102,11.43,0.41
07:40:39,"[246.54, 13]","[245.88, 51]","[257.46, 13]","[260.7, 37]",252.0,114,10.92,0.12
07:40:40,"[246.0, 36]","[243.0, 12]","[255.54, 24]","[256.46, 39]",250.77,111,9.54,-0.14
07:40:41,"[245.29, 17]","[228.56, 9]","[254.0, 7]","[258.0, 14]",249.65,47,8.71,0.11
07:40:42,"[249.31, 122]","[230.56, 18]","[254.0, 16]","[258.0, 42]",251.66,198,4.69,0.41
07:40:43,"[250.0, 176]","[243.67, 21]","[253.0, 44]","[254.0, 11]",251.5,252,3.0,0.56
07:40:44,"[250.0, 144]","[244.0, 27]","[253.0, 36]","[254.0, 9]",251.5,216,3.0,0.58
07:40:45,"[250.0, 186]","[243.68, 22]","[252.03, 39]","[253.56, 27]",251.01,274,2.03,0.52
07:40:46,"[249.89, 130]","[242.38, 13]","[251.64, 44]","[255.78, 36]",250.76,223,1.74,0.28
07:40:47,"[249.96, 77]","[249.11, 90]","[256.26, 76]","[259.6, 63]",253.11,306,6.3,0.09
07:40:48,"[251.83, 48]","[250.0, 72]","[261.0, 60]","[262.0, 36]",256.42,216,9.17,0.11
07:40:49,"[252.0, 22]","[250.0, 42]","[260.57, 35]","[261.44, 27]",256.29,126,8.57,0.02
07:40:50,"[252.0, 8]","[250.0, 48]","[260.0, 40]","[261.0, 40]",256.0,136,8.0,-0.18
07:40:51,"[252.0, 9]","[250.0, 54]","[260.0, 45]","[261.0, 45]",256.0,153,8.0,-0.18
07:40:52,"[252.0, 8]","[250.0, 48]","[259.62, 40]","[262.0, 40]",255.81,136,7.62,-0.18
07:40:53,"[243.03, 32]","[236.21, 19]","[258.56, 45]","[262.44, 45]",250.79,141,15.52,-0.28
07:40:54,"[243.33, 36]","[236.0, 42]","[258.0, 60]","[262.0, 60]",250.67,198,14.67,-0.21
07:40:55,"[255.0, 12]","[243.0, 60]","[256.75, 60]","[259.08, 60]",255.88,192,1.75,-0.25
07:40:56,"[244.11, 84]","[206.5, 70]","[255.71, 70]","[258.33, 60]",249.91,284,11.61,0.08
07:40:57,"[245.0, 235]","[234.51, 41]","[252.43, 53]","[255.25, 64]",248.72,393,7.43,0.4
07:40:58,"[246.37, 285]","[244.89, 47]","[248.51, 63]","[251.86, 84]",247.44,479,2.14,0.39
07:40:59,"[247.0, 146]","[243.56, 54]","[248.0, 20]","[249.0, 40]",247.5,260,1.0,0.54
07:41:00,"[247.93, 127]","[243.0, 60]","[251.22, 72]","[258.6, 136]",249.58,395,3.29,-0.05
07:41:01,"[248.0, 43]","[242.35, 23]","[257.0, 82]","[259.0, 83]",252.5,231,9.0,-0.43
07:41:02,"[243.0, 10]","[242.0, 50]","[257.0, 60]","[259.0, 90]",250.0,210,14.0,-0.43
07:41:03,"[244.22, 32]","[243.71, 17]","[257.0, 72]","[259.0, 108]",250.61,229,12.78,-0.57
07:41:04,"[249.65, 17]","[246.84, 19]","[257.0, 84]","[259.0, 126]",253.32,246,7.35,-0.71
07:41:05,"[245.92, 50]","[243.49, 49]","[257.0, 78]","[259.0, 117]",251.46,294,11.08,-0.33
07:41:06,"[243.0, 75]","[241.0, 15]","[254.72, 58]","[257.93, 95]",248.86,243,11.72,-0.26
07:41:07,"[254.53, 127]","[242.27, 51]","[257.0, 47]","[258.64, 55]",255.76,280,2.47,0.27
07:41:08,"[255.0, 99]","[242.0, 65]","[256.08, 49]","[257.97, 64]",255.54,277,1.08,0.18
07:41:09,"[255.0, 36]","[250.25, 20]","[256.0, 30]","[258.0, 36]",255.5,122,1.0,-0.08
07:41:10,"[255.0, 66]","[253.0, 33]","[256.0, 55]","[258.0, 66]",255.5,220,1.0,-0.1
07:41:11,"[255.0, 54]","[253.0, 27]","[256.0, 45]","[258.0, 54]",255.5,180,1.0,-0.1
07:41:12,"[255.0, 54]","[253.0, 27]","[256.0, 45]","[258.0, 54]",255.5,180,1.0,-0.1
07:41:13,"[255.0, 26]","[253.0, 18]","[256.0, 30]","[258.0, 6]",255.5,80,1.0,0.1
07:41:14,"[255.0, 28]","[253.0, 21]","[256.0, 35]","[258.0, 23]",255.5,107,1.0,-0.08
07:41:15,"[254.45, 33]","[251.92, 39]","[256.0, 45]","[258.0, 45]",255.23,162,1.55,-0.11
07:41:16,"[253.0, 29]","[251.0, 70]","[255.58, 26]","[256.7, 46]",254.29,171,2.58,0.16
07:41:17,"[253.0, 15]","[251.0, 70]","[256.5, 50]","[258.14, 14]",254.75,149,3.5,0.14
07:41:18,"[253.0, 11]","[251.0, 77]","[255.73, 55]","[257.0, 55]",254.36,198,2.73,-0.11
07:41:19,"[251.08, 25]","[249.36, 39]","[254.56, 45]","[257.0, 45]",252.82,154,3.48,-0.17
07:41:20,"[250.68, 25]","[248.0, 35]","[253.88, 40]","[257.92, 36]",252.28,136,3.19,-0.12
07:41:21,"[249.0, 44]","[244.0, 77]","[258.69, 16]","[260.56, 63]",253.84,200,9.69,0.21
07:41:22,"[255.91, 88]","[249.0, 80]","[258.38, 45]","[260.11, 102]",257.14,315,2.47,0.07
07:41:23,"[252.79, 19]","[245.36, 77]","[259.0, 70]","[260.0, 14]",255.89,180,6.21,0.07
07:41:24,"[251.0, 6]","[249.0, 6]","[257.67, 6]","[258.83, 30]",254.33,48,6.67,-0.5
07:41:25,"[251.0, 13]","[249.0, 13]","[255.77, 13]","[258.0, 65]",253.38,104,4.77,-0.5
07:41:26,"[242.35, 51]","[241.31, 51]","[254.0, 9]","[259.33, 45]",248.18,156,11.65,0.31
07:41:27,"[242.0, 77]","[241.0, 77]","[252.82, 11]","[259.27, 55]",247.41,220,10.82,0.4
07:41:28,"[242.0, 77]","[241.0, 77]","[258.26, 34]","[260.65, 23]",250.13,211,16.26,0.46
07:41:29,"[243.49, 43]","[241.57, 81]","[255.36, 28]","[256.14, 49]",249.42,201,11.87,0.23
07:41:30,"[246.25, 12]","[242.0, 24]","[252.21, 14]","[253.96, 45]",249.23,95,5.96,-0.24
07:41:31,"[243.23, 44]","[241.55, 40]","[250.61, 44]","[252.0, 15]",246.92,143,7.39,0.17
07:41:32,"[244.73, 45]","[243.0, 30]","[247.26, 31]","[248.4, 25]",246.0,131,2.52,0.15
07:41:33,"[243.23, 66]","[241.91, 90]","[246.18, 22]","[251.67, 27]",244.7,205,2.95,0.52
07:41:34,"[242.0, 117]","[241.0, 18]","[247.0, 9]","[254.0, 45]",244.5,189,5.0,0.43
07:41:35,"[242.0, 117]","[236.0, 46]","[252.48, 23]","[254.53, 53]",247.24,239,10.48,0.36
07:41:36,"[242.0, 156]","[241.0, 12]","[254.0, 36]","[255.0, 84]",248.0,288,12.0,0.17
07:41:37,"[242.0, 104]","[241.0, 8]","[254.0, 24]","[255.0, 56]",248.0,192,12.0,0.17
07:41:38,"[242.78, 59]","[241.93, 56]","[254.0, 24]","[255.0, 56]",248.39,195,11.22,0.18
07:41:39,"[243.01, 117]","[238.19, 54]","[254.0, 27]","[255.0, 63]",248.5,261,10.99,0.31
07:41:40,"[244.0, 3]","[243.0, 42]","[254.0, 9]","[255.0, 21]",249.0,75,10.0,0.2
07:41:41,"[244.0, 12]","[243.0, 168]","[254.0, 36]","[255.0, 40]",249.0,256,10.0,0.41
07:41:42,"[243.01, 142]","[239.36, 33]","[254.0, 39]","[255.0, 49]",248.51,263,10.99,0.33
07:41:43,"[244.0, 14]","[243.0, 61]","[254.0, 21]","[255.0, 56]",249.0,152,10.0,-0.01
07:41:44,"[245.0, 16]","[243.0, 64]","[254.0, 24]","[255.0, 64]",249.5,168,9.0,-0.05
07:41:45,"[246.67, 18]","[243.0, 72]","[252.71, 31]","[254.9, 62]",249.69,183,6.04,-0.02
07:41:46,"[244.02, 47]","[242.87, 55]","[249.77, 64]","[252.86, 42]",246.89,208,5.74,-0.02
07:41:47,"[243.0, 65]","[241.85, 13]","[249.15, 53]","[251.0, 48]",246.08,179,6.15,-0.13
07:41:48,"[243.0, 79]","[241.0, 11]","[251.85, 26]","[254.6, 53]",247.42,169,8.85,0.07
07:41:49,"[244.5, 64]","[242.11, 18]","[247.13, 23]","[253.73, 45]",245.82,150,2.63,0.09
07:41:50,"[251.0, 30]","[243.0, 35]","[252.0, 21]","[255.0, 56]",251.5,142,1.0,-0.08
07:41:51,"[251.0, 40]","[241.0, 59]","[252.0, 24]","[255.0, 80]",251.5,203,1.0,-0.02
07:41:52,"[251.0, 32]","[241.29, 41]","[252.0, 8]","[255.0, 64]",251.5,145,1.0,0.01
07:41:53,"[251.0, 20]","[245.57, 7]","[252.0, 5]","[255.0, 40]",251.5,72,1.0,-0.25
07:41:54,"[251.0, 36]","[249.0, 9]","[254.86, 44]","[255.32, 47]",252.93,136,3.86,-0.34
07:41:55,"[251.0, 36]","[249.0, 9]","[254.0, 9]","[255.0, 52]",252.5,106,3.0,-0.15
07:41:56,"[245.82, 34]","[241.3, 80]","[251.93, 14]","[253.19, 16]",248.88,144,6.11,0.58
07:41:57,"[243.0, 26]","[241.0, 91]","[249.62, 13]","[250.62, 13]",246.31,143,6.62,0.64
07:41:58,"[243.0, 26]","[241.0, 91]","[247.77, 13]","[253.88, 42]",245.38,172,4.77,0.36
07:41:59,"[243.0, 24]","[240.17, 24]","[247.08, 12]","[255.0, 66]",245.04,126,4.08,-0.24
07:42:00,"[243.0, 28]","[239.0, 14]","[245.86, 14]","[251.9, 62]",244.43,118,2.86,-0.29
07:42:01,"[240.59, 34]","[237.14, 44]","[254.41, 85]","[256.37, 76]",247.5,239,13.82,-0.35
07:42:02,"[240.87, 55]","[236.6, 50]","[255.12, 49]","[257.23, 62]",248.0,216,14.25,-0.03
07:42:03,"[240.0, 156]","[236.0, 162]","[252.37, 27]","[255.85, 54]",246.19,399,12.37,0.59
07:42:04,"[240.0, 150]","[237.09, 66]","[252.0, 16]","[254.0, 16]",246.0,248,12.0,0.74
07:42:05,"[240.25, 158]","[239.44, 128]","[252.0, 20]","[254.0, 65]",246.13,371,11.75,0.54
07:42:06,"[243.0, 62]","[240.0, 190]","[252.0, 28]","[254.0, 98]",247.5,378,9.0,0.33
07:42:07,"[243.3, 10]","[240.1, 87]","[252.0, 20]","[254.0, 56]",247.65,173,8.7,0.12
07:42:08,"[245.44, 16]","[244.06, 16]","[252.0, 32]","[254.0, 130]",248.72,194,6.56,-0.67
07:42:09,"[247.15, 13]","[245.62, 13]","[252.0, 26]","[254.0, 130]",249.58,182,4.85,-0.71
07:42:10,"[249.28, 102]","[247.25, 12]","[252.0, 24]","[254.0, 120]",250.64,258,2.72,-0.12
07:42:11,"[250.04, 125]","[249.58, 57]","[252.4, 40]","[255.33, 162]",251.22,384,2.36,-0.05
07:42:12,"[251.98, 100]","[248.89, 28]","[253.74, 76]","[280.22, 54]",252.86,258,1.76,-0.01
07:42:13,"[252.0, 103]","[246.0, 13]","[253.0, 52]","[254.0, 104]",252.5,272,1.0,-0.15
07:42:14,"[252.0, 28]","[247.41, 17]","[253.0, 28]","[254.0, 56]",252.5,129,1.0,-0.3
07:42:15,"[248.31, 52]","[246.6, 20]","[250.67, 36]","[253.36, 44]",249.49,152,2.36,-0.05
07:42:16,"[248.0, 72]","[246.0, 12]","[250.0, 48]","[252.67, 24]",249.0,156,2.0,0.08
07:42:17,"[248.0, 30]","[246.0, 5]","[249.67, 15]","[250.55, 11]",248.83,61,1.67,0.15
07:42:18,"[248.0, 38]","[246.0, 13]","[251.38, 45]","[253.19, 47]",249.69,143,3.38,-0.29
07:42:19,"[247.33, 9]","[244.29, 42]","[249.43, 21]","[252.8, 15]",248.38,87,2.1,0.17
07:42:20,"[247.76, 34]","[244.34, 58]","[250.38, 24]","[254.0, 37]",249.07,153,2.61,0.2
07:42:21,"[247.8, 30]","[243.6, 45]","[249.18, 33]","[250.29, 21]",248.49,129,1.38,0.16
07:42:22,"[246.0, 14]","[243.0, 168]","[248.64, 28]","[252.29, 14]",247.32,224,2.64,0.62
07:42:23,"[244.53, 55]","[242.98, 205]","[254.42, 52]","[256.3, 79]",249.48,391,9.9,0.33
07:42:24,"[245.0, 24]","[243.0, 96]","[253.0, 8]","[254.0, 8]",249.0,136,8.0,0.76
07:42:25,"[245.31, 39]","[243.0, 156]","[253.0, 13]","[254.0, 13]",249.15,221,7.69,0.76
07:42:26,"[246.0, 33]","[243.27, 111]","[252.91, 11]","[253.91, 11]",249.45,166,6.91,0.73
07:42:27,"[246.91, 33]","[242.69, 134]","[251.65, 20]","[254.79, 43]",249.28,230,4.74,0.45
07:42:28,"[249.62, 39]","[240.61, 171]","[251.0, 64]","[252.5, 16]",250.31,290,1.38,0.45
07:42:29,"[247.0, 39]","[241.0, 9]","[254.0, 9]","[255.0, 27]",250.5,84,7.0,0.14
07:42:30,"[237.49, 82]","[236.84, 261]","[251.95, 20]","[252.73, 22]",244.72,385,14.46,0.78
07:42:31,"[239.22, 108]","[236.94, 243]","[247.41, 17]","[249.47, 19]",243.32,387,8.19,0.81
07:42:32,"[241.0, 66]","[238.0, 143]","[249.57, 28]","[251.4, 15]",245.29,252,8.57,0.66
07:42:33,"[241.0, 84]","[237.24, 160]","[243.0, 14]","[250.8, 30]",242.0,288,2.0,0.69
07:42:34,"[241.0, 78]","[237.24, 87]","[252.93, 14]","[341.67, 18]",246.96,197,11.93,0.68
07:42:35,"[244.5, 32]","[239.5, 24]","[256.0, 6]","[395.0, 6]",250.25,68,11.5,0.65
07:42:36,"[255.0, 60]","[241.73, 90]","[256.0, 15]","[331.88, 16]",255.5,181,1.0,0.66
07:42:37,"[255.0, 48]","[243.14, 74]","[256.0, 12]","[416.0, 18]",255.5,152,1.0,0.61
07:42:38,"[255.0, 17]","[248.0, 35]","[256.0, 5]","[469.0, 5]",255.5,62,1.0,0.68
07:42:39,"[252.43, 28]","[248.78, 64]","[256.0, 13]","[420.57, 14]",254.21,119,3.57,0.55
07:42:40,"[251.0, 22]","[249.0, 22]","[256.0, 11]","[319.82, 11]",253.5,66,5.0,0.33
07:42:41,"[251.0, 20]","[249.0, 20]","[254.29, 28]","[385.12, 16]",252.64,84,3.29,-0.05
07:42:42,"[251.0, 18]","[249.0, 18]","[254.0, 36]","[256.0, 9]",252.5,81,3.0,-0.11
07:42:43,"[247.74, 23]","[245.29, 34]","[254.0, 44]","[255.91, 11]",250.87,112,6.26,0.02
07:42:44,"[246.0, 30]","[242.0, 36]","[254.0, 32]","[255.0, 6]",250.0,104,8.0,0.27
07:42:45,"[246.0, 40]","[242.0, 48]","[254.0, 48]","[255.0, 8]",250.0,144,8.0,0.22
07:42:46,"[246.0, 37]","[242.0, 48]","[254.0, 48]","[255.0, 8]",250.0,141,8.0,0.21
07:42:47,"[246.0, 12]","[242.0, 36]","[254.0, 36]","[255.0, 6]",250.0,90,8.0,0.07
07:42:48,"[246.0, 21]","[242.24, 63]","[254.0, 66]","[255.0, 11]",250.0,161,8.0,0.04
07:42:49,"[247.0, 18]","[242.9, 31]","[254.0, 38]","[255.0, 11]",250.5,98,7.0,0.0
07:42:50,"[248.22, 27]","[247.0, 48]","[253.13, 52]","[254.16, 25]",250.68,152,4.91,-0.01
07:42:51,"[248.83, 24]","[243.26, 27]","[279.82, 61]","[335.82, 33]",264.33,145,30.99,-0.3
07:42:52,"[246.0, 3]","[240.61, 23]","[257.0, 3]","[359.0, 12]",251.5,41,11.0,0.27
07:42:53,"[246.0, 13]","[241.75, 96]","[257.0, 13]","[392.55, 47]",251.5,169,11.0,0.29
07:42:54,"[255.0, 92]","[246.0, 12]","[257.0, 12]","[354.0, 36]",256.0,152,2.0,0.37
07:42:55,"[255.0, 35]","[246.0, 7]","[257.0, 7]","[333.38, 26]",256.0,75,2.0,0.12
07:42:56,"[255.0, 15]","[246.0, 3]","[257.0, 3]","[288.67, 12]",256.0,33,2.0,0.09
07:42:57,"[255.0, 52]","[251.57, 56]","[257.0, 12]","[303.25, 48]",256.0,168,2.0,0.29
07:42:58,"[255.0, 9]","[254.0, 54]","[257.0, 9]","[312.0, 36]",256.0,108,2.0,0.17
07:42:59,"[255.0, 6]","[254.0, 36]","[257.0, 6]","[314.18, 22]",256.0,70,2.0,0.2
07:43:00,"[255.0, 7]","[254.0, 42]","[256.2, 15]","[300.62, 13]",255.6,77,1.2,0.27
07:43:01,"[254.22, 23]","[253.25, 48]","[255.82, 22]","[256.5, 12]",255.02,105,1.6,0.35
07:43:02,"[253.33, 36]","[251.66, 58]","[255.27, 22]","[256.31, 26]",254.3,142,1.94,0.32
07:43:03,"[252.0, 30]","[250.0, 25]","[256.0, 15]","[260.0, 5]",254.0,75,4.0,0.47
07:43:04,"[252.0, 54]","[250.0, 45]","[255.89, 27]","[260.0, 9]",253.94,135,3.89,0.47
07:43:05,"[252.0, 48]","[250.0, 65]","[255.0, 39]","[260.0, 13]",253.5,165,3.0,0.37
07:43:06,"[250.67, 30]","[249.28, 78]","[253.12, 25]","[254.84, 37]",251.89,170,2.45,0.27
07:43:07,"[250.0, 37]","[248.0, 77]","[251.05, 21]","[252.17, 12]",250.52,147,1.05,0.55
07:43:08,"[248.96, 27]","[247.71, 41]","[251.17, 12]","[294.46, 13]",250.06,93,2.2,0.46
07:43:09,"[248.0, 84]","[246.0, 36]","[251.09, 22]","[282.67, 18]",249.55,160,3.09,0.5
07:43:10,"[248.0, 98]","[246.0, 42]","[250.37, 27]","[251.87, 15]",249.19,182,2.37,0.54
07:43:11,"[248.0, 23]","[246.0, 27]","[250.0, 9]","[252.0, 9]",249.0,68,2.0,0.47
07:43:12,"[248.0, 10]","[246.0, 30]","[249.8, 10]","[251.6, 10]",248.9,60,1.8,0.33
07:43:13,"[246.0, 36]","[244.0, 24]","[250.0, 12]","[253.67, 24]",248.0,96,4.0,0.25
07:43:14,"[246.0, 27]","[244.29, 14]","[249.89, 9]","[254.0, 18]",247.94,68,3.89,0.21
07:43:15,"[246.0, 33]","[244.05, 21]","[252.12, 16]","[254.79, 57]",249.06,127,6.12,-0.15
07:43:16,"[246.0, 30]","[243.37, 38]","[255.0, 70]","[258.0, 40]",250.5,178,9.0,-0.24
07:43:17,"[246.0, 39]","[242.66, 29]","[255.0, 91]","[258.0, 52]",250.5,211,9.0,-0.36
07:43:18,"[246.17, 18]","[244.12, 16]","[255.0, 42]","[258.0, 24]",250.58,100,8.83,-0.32
07:43:19,"[247.55, 33]","[246.0, 33]","[255.0, 77]","[258.0, 44]",251.27,187,7.45,-0.29
07:43:20,"[250.46, 39]","[249.65, 51]","[255.0, 63]","[258.0, 36]",252.73,189,4.54,-0.05
07:43:21,"[251.05, 60]","[248.86, 118]","[255.0, 112]","[258.0, 64]",253.03,354,3.95,0.01
07:43:22,"[250.58, 50]","[248.7, 104]","[254.72, 88]","[256.52, 71]",252.65,313,4.14,-0.02
07:43:23,"[250.0, 84]","[243.19, 48]","[254.0, 70]","[255.0, 48]",252.0,250,4.0,0.06
07:43:24,"[250.0, 66]","[246.0, 11]","[252.45, 55]","[255.0, 22]",251.23,154,2.45,0.0
07:43:25,"[250.0, 60]","[246.0, 10]","[252.0, 50]","[255.74, 47]",251.0,167,2.0,-0.16
07:43:26,"[250.0, 54]","[246.0, 9]","[251.09, 55]","[255.0, 45]",250.55,163,1.09,-0.23
07:43:27,"[245.28, 40]","[239.95, 56]","[250.91, 110]","[254.8, 51]",248.09,257,5.63,-0.25
07:43:28,"[242.44, 16]","[238.04, 91]","[250.0, 55]","[251.23, 53]",246.22,215,7.56,-0.0
07:43:29,"[240.67, 33]","[237.49, 47]","[250.0, 35]","[255.0, 21]",245.33,136,9.33,0.18
07:43:30,"[238.0, 70]","[236.0, 56]","[250.0, 29]","[255.0, 21]",244.0,176,12.0,0.43
07:43:31,"[238.0, 43]","[236.0, 56]","[250.0, 28]","[255.0, 21]",244.0,148,12.0,0.34
07:43:32,"[238.89, 9]","[236.07, 58]","[250.0, 36]","[255.0, 27]",244.44,130,11.11,0.03
07:43:33,"[239.2, 10]","[236.07, 80]","[250.0, 40]","[255.0, 30]",244.6,160,10.8,0.12
07:43:34,"[238.0, 13]","[236.0, 119]","[246.82, 22]","[247.24, 49]",242.41,203,8.82,0.3
07:43:35,"[239.71, 14]","[236.11, 38]","[248.05, 20]","[250.79, 70]",243.88,142,8.34,-0.27
07:43:36,"[241.69, 13]","[236.11, 76]","[254.0, 39]","[259.0, 127]",247.85,255,12.31,-0.3
07:43:37,"[239.47, 15]","[237.73, 30]","[254.0, 45]","[259.0, 165]",246.73,255,14.53,-0.65
07:43:38,"[240.62, 13]","[239.44, 9]","[254.0, 27]","[259.0, 99]",247.31,148,13.38,-0.7
07:43:39,"[242.92, 24]","[241.33, 24]","[254.0, 48]","[259.0, 176]",248.46,272,11.08,-0.65
07:43:40,"[246.5, 22]","[245.66, 29]","[252.39, 62]","[257.33, 99]",249.44,212,5.89,-0.52
07:43:41,"[247.78, 18]","[245.31, 35]","[250.41, 54]","[253.67, 49]",249.09,156,2.63,-0.32
07:43:42,"[246.71, 28]","[240.6, 30]","[249.75, 24]","[254.26, 31]",248.23,113,3.04,0.03
07:43:43,"[246.89, 9]","[240.71, 17]","[249.33, 12]","[255.0, 23]",248.11,61,2.44,-0.15
07:43:44,"[246.0, 15]","[240.0, 45]","[251.58, 48]","[255.12, 102]",248.79,210,5.58,-0.43
07:43:45,"[246.0, 10]","[239.2, 30]","[255.39, 64]","[257.07, 44]",250.7,148,9.39,-0.46
07:43:46,"[239.25, 56]","[237.06, 204]","[251.96, 84]","[255.64, 66]",245.61,410,12.71,0.27
07:43:47,"[239.0, 42]","[237.0, 146]","[243.0, 56]","[246.11, 66]",241.0,310,4.0,0.21
07:43:48,"[239.0, 27]","[237.0, 27]","[243.0, 36]","[245.95, 41]",241.0,131,4.0,-0.18
07:43:49,"[239.2, 40]","[237.26, 94]","[244.57, 67]","[249.7, 43]",241.88,244,5.37,0.1
07:43:50,"[242.0, 24]","[241.0, 12]","[245.08, 60]","[246.42, 60]",243.54,156,3.08,-0.54
07:43:51,"[242.43, 28]","[241.0, 14]","[245.0, 70]","[246.0, 70]",243.71,182,2.57,-0.54
07:43:52,"[243.6, 10]","[237.43, 23]","[245.0, 30]","[246.0, 40]",244.3,103,1.4,-0.36
07:43:53,"[244.0, 8]","[236.0, 40]","[245.0, 23]","[246.0, 40]",244.5,111,1.0,-0.14
07:43:54,"[236.43, 37]","[235.18, 17]","[245.0, 11]","[246.0, 45]",240.72,110,8.57,-0.02
07:43:55,"[234.0, 12]","[233.0, 6]","[245.0, 2]","[246.0, 10]",239.5,30,11.0,0.2
07:43:56,"[234.4, 100]","[233.44, 54]","[239.38, 47]","[245.1, 30]",236.89,231,4.98,0.33
07:43:57,"[236.33, 120]","[233.65, 52]","[239.0, 48]","[243.0, 36]",237.67,256,2.67,0.34
07:43:58,"[237.08, 120]","[232.6, 45]","[239.0, 48]","[243.0, 36]",238.04,249,1.92,0.33
07:43:59,"[238.0, 107]","[234.0, 11]","[239.0, 44]","[243.0, 33]",238.5,195,1.0,0.21
07:44:00,"[234.86, 72]","[230.8, 87]","[243.58, 69]","[246.35, 63]",239.22,291,8.72,0.09
07:44:01,"[233.45, 243]","[231.88, 51]","[246.0, 64]","[248.0, 80]",239.72,438,12.55,0.34
07:44:02,"[234.77, 208]","[232.0, 39]","[246.0, 50]","[248.0, 65]",240.38,362,11.23,0.36
07:44:03,"[235.14, 111]","[234.45, 98]","[246.0, 22]","[248.0, 55]",240.57,286,10.86,0.46
07:44:04,"[237.5, 181]","[235.21, 142]","[246.0, 34]","[248.0, 117]",241.75,474,8.5,0.36
07:44:05,"[239.0, 33]","[238.0, 180]","[246.0, 15]","[248.0, 67]",242.5,295,7.0,0.44
07:44:06,"[239.38, 39]","[238.02, 131]","[242.86, 21]","[245.53, 17]",241.12,208,3.47,0.63
07:44:07,"[241.1, 117]","[240.48, 81]","[243.0, 33]","[246.0, 11]",242.05,242,1.9,0.64
07:44:08,"[241.09, 99]","[239.74, 57]","[244.2, 15]","[248.73, 33]",242.65,204,3.11,0.53
07:44:09,"[241.0, 75]","[235.0, 10]","[246.0, 5]","[249.0, 25]",243.5,115,5.0,0.48
07:44:10,"[240.98, 87]","[233.68, 25]","[246.0, 8]","[249.0, 40]",243.49,160,5.02,0.4
07:44:11,"[237.39, 67]","[233.03, 68]","[247.88, 24]","[249.36, 55]",242.63,214,10.49,0.26
07:44:12,"[239.97, 38]","[239.42, 72]","[247.67, 72]","[249.32, 50]",243.82,232,7.69,-0.05
07:44:13,"[241.0, 11]","[240.0, 55]","[244.86, 28]","[246.66, 41]",242.93,135,3.86,-0.02
07:44:14,"[241.53, 15]","[240.0, 75]","[244.0, 16]","[246.0, 60]",242.77,166,2.47,0.08
07:44:15,"[244.53, 51]","[234.87, 99]","[245.75, 40]","[248.4, 50]",245.14,240,1.22,0.25
07:44:16,"[241.48, 46]","[233.29, 51]","[249.6, 40]","[252.33, 55]",245.54,192,8.12,0.01
07:44:17,"[236.48, 25]","[233.85, 26]","[251.43, 28]","[252.64, 47]",243.95,126,14.95,-0.19
07:44:18,"[236.0, 21]","[234.0, 42]","[251.0, 14]","[252.0, 28]",243.5,105,15.0,0.2
07:44:19,"[239.0, 12]","[235.05, 20]","[251.0, 16]","[252.0, 32]",245.0,80,12.0,-0.2
07:44:20,"[241.24, 17]","[240.04, 25]","[251.0, 24]","[252.0, 48]",246.12,114,9.76,-0.26
07:44:21,"[243.0, 16]","[242.0, 8]","[251.0, 16]","[252.0, 32]",247.0,72,8.0,-0.33
07:44:22,"[243.6, 15]","[242.67, 15]","[251.0, 20]","[252.0, 40]",247.3,90,7.4,-0.33
07:44:23,"[245.33, 9]","[243.0, 18]","[251.78, 18]","[252.84, 50]",248.56,95,6.44,-0.43
07:44:24,"[247.93, 27]","[244.67, 24]","[252.0, 34]","[253.0, 102]",249.96,187,4.07,-0.45
07:44:25,"[249.27, 22]","[247.62, 13]","[252.0, 22]","[253.0, 56]",250.64,113,2.73,-0.38
07:44:26,"[249.15, 26]","[247.29, 14]","[252.5, 20]","[426.54, 13]",250.83,73,3.35,0.1
07:44:27,"[247.92, 24]","[244.33, 18]","[251.0, 52]","[253.29, 14]",249.46,108,3.08,-0.22
07:44:28,"[243.95, 19]","[239.2, 30]","[250.5, 20]","[254.0, 10]",247.22,79,6.55,0.24
07:44:29,"[241.27, 37]","[238.61, 41]","[248.75, 36]","[250.0, 24]",245.01,138,7.48,0.13
07:44:30,"[243.27, 30]","[241.0, 45]","[247.59, 41]","[250.0, 30]",245.43,146,4.32,0.03
07:44:31,"[243.0, 34]","[238.0, 68]","[247.0, 54]","[252.0, 18]",245.0,174,4.0,0.17
07:44:32,"[235.45, 66]","[234.58, 57]","[246.31, 26]","[247.32, 38]",240.88,187,10.85,0.32
07:44:33,"[235.0, 84]","[234.0, 42]","[243.29, 31]","[244.24, 66]",239.15,223,8.29,0.13
07:44:34,"[235.0, 60]","[234.0, 30]","[243.52, 33]","[244.44, 45]",239.26,168,8.52,0.07
07:44:35,"[235.0, 30]","[234.0, 15]","[244.0, 25]","[245.0, 24]",239.5,94,9.0,-0.04
07:44:36,"[235.0, 54]","[234.0, 27]","[244.0, 37]","[245.0, 41]",239.5,159,9.0,0.02
07:44:37,"[235.0, 48]","[234.0, 24]","[244.0, 32]","[245.0, 32]",239.5,136,9.0,0.06
07:44:38,"[235.82, 33]","[233.52, 75]","[242.33, 45]","[244.5, 40]",239.08,193,6.52,0.12
07:44:39,"[236.57, 21]","[233.25, 85]","[241.0, 35]","[244.0, 28]",238.79,169,4.43,0.25
07:44:40,"[237.2, 15]","[234.0, 35]","[244.0, 10]","[245.0, 25]",240.6,85,6.8,0.18
07:44:41,"[238.29, 21]","[234.0, 49]","[244.0, 14]","[245.0, 35]",241.14,119,5.71,0.18
07:44:42,"[239.71, 21]","[234.0, 49]","[244.0, 14]","[245.0, 35]",241.86,119,4.29,0.18
07:44:43,"[241.0, 24]","[234.0, 56]","[244.0, 16]","[245.0, 40]",242.5,136,3.0,0.18
07:44:44,"[241.0, 21]","[233.0, 49]","[243.86, 14]","[244.94, 32]",242.43,116,2.86,0.21
07:44:45,"[235.79, 43]","[232.9, 39]","[242.33, 30]","[243.56, 18]",239.06,130,6.54,0.26
07:44:46,"[233.0, 70]","[232.0, 66]","[243.0, 10]","[244.0, 20]",238.0,166,10.0,0.64
07:44:47,"[234.83, 46]","[233.06, 101]","[241.54, 37]","[243.12, 16]",238.18,200,6.71,0.47
07:44:48,"[236.79, 61]","[234.69, 85]","[240.11, 53]","[242.32, 22]",238.45,221,3.33,0.32
07:44:49,"[238.64, 78]","[235.28, 65]","[240.69, 39]","[243.75, 24]",239.67,206,2.05,0.39
07:44:50,"[241.93, 120]","[242.05, 148]","[245.52, 31]","[246.17, 36]",243.72,335,3.58,0.6
07:44:51,"[244.22, 64]","[241.71, 139]","[246.33, 30]","[248.08, 52]",245.28,285,2.11,0.42
07:44:52,"[242.75, 48]","[240.57, 69]","[246.14, 29]","[247.38, 26]",244.44,172,3.39,0.36
07:44:53,"[241.0, 63]","[236.0, 14]","[247.0, 7]","[248.0, 35]",244.0,119,6.0,0.29
07:44:54,"[241.0, 63]","[236.0, 16]","[245.0, 12]","[247.83, 24]",243.0,115,4.0,0.37
07:44:55,"[242.68, 150]","[240.35, 62]","[244.0, 26]","[247.0, 13]",243.34,251,1.32,0.69
07:44:56,"[241.61, 62]","[235.81, 21]","[244.4, 25]","[246.35, 23]",243.01,131,2.79,0.27
07:44:57,"[237.38, 26]","[236.0, 13]","[246.0, 35]","[247.0, 7]",241.69,81,8.62,-0.04
07:44:58,"[239.0, 28]","[237.0, 14]","[246.0, 35]","[247.0, 7]",242.5,84,7.0,0.0
07:44:59,"[239.0, 48]","[237.58, 24]","[249.58, 24]","[251.69, 26]",244.29,122,10.58,0.18
07:45:00,"[239.0, 36]","[238.0, 18]","[247.89, 36]","[251.38, 26]",243.44,116,8.89,-0.07
07:45:01,"[239.0, 40]","[238.0, 20]","[251.0, 30]","[252.0, 20]",245.0,110,12.0,0.09
07:45:02,"[241.9, 20]","[239.59, 34]","[250.14, 42]","[252.0, 28]",246.02,124,8.24,-0.13
07:45:03,"[239.17, 29]","[238.22, 18]","[246.14, 14]","[247.57, 21]",242.66,82,6.97,0.15
07:45:04,"[239.32, 38]","[238.4, 35]","[244.67, 36]","[248.55, 31]",241.99,140,5.35,0.04
07:45:05,"[241.75, 16]","[239.27, 22]","[245.0, 21]","[250.0, 14]",243.38,73,3.25,0.04
07:45:06,"[242.0, 46]","[239.12, 16]","[384.1, 41]","[462.15, 39]",313.05,142,142.1,-0.13
07:45:07,"[245.86, 14]","[237.83, 12]","[382.35, 34]","[606.0, 24]",314.11,84,136.5,-0.38
07:45:08,"[244.73, 33]","[238.65, 23]","[249.91, 22]","[527.5, 32]",247.32,110,5.18,0.02
07:45:09,"[245.38, 156]","[244.0, 13]","[248.18, 22]","[249.38, 26]",246.78,217,2.8,0.56
07:45:10,"[246.0, 166]","[243.58, 19]","[249.59, 37]","[276.69, 49]",247.8,271,3.59,0.37
07:45:11,"[246.0, 100]","[243.0, 20]","[252.0, 60]","[376.9, 30]",249.0,210,6.0,0.14
07:45:12,"[246.0, 109]","[243.0, 22]","[252.0, 66]","[424.26, 47]",249.0,244,6.0,0.07
07:45:13,"[246.82, 99]","[243.0, 22]","[252.0, 66]","[317.45, 33]",249.41,220,5.18,0.1
07:45:14,"[248.0, 108]","[241.18, 17]","[252.0, 72]","[267.0, 36]",250.0,233,4.0,0.07
07:45:15,"[248.46, 117]","[240.0, 15]","[252.0, 78]","[268.46, 39]",250.23,249,3.54,0.06
07:45:16,"[249.0, 90]","[240.0, 20]","[252.0, 60]","[274.42, 38]",250.5,208,3.0,0.06
07:45:17,"[249.48, 104]","[248.35, 97]","[251.95, 95]","[283.2, 45]",250.71,341,2.47,0.18
07:45:18,"[249.04, 119]","[240.35, 234]","[252.77, 78]","[361.73, 52]",250.91,483,3.73,0.46
07:45:19,"[249.0, 60]","[240.06, 127]","[253.0, 59]","[396.73, 22]",251.0,268,4.0,0.4
07:45:20,"[249.29, 35]","[248.71, 35]","[253.0, 80]","[349.57, 14]",251.14,164,3.71,-0.15
07:45:21,"[251.0, 9]","[249.0, 54]","[253.0, 72]","[257.29, 34]",252.0,169,2.0,-0.25
07:45:22,"[251.81, 26]","[249.38, 37]","[253.0, 96]","[256.0, 48]",252.4,207,1.19,-0.39
07:45:23,"[250.12, 24]","[247.86, 14]","[252.75, 64]","[253.99, 73]",251.44,175,2.62,-0.57
07:45:24,"[249.0, 11]","[247.0, 11]","[251.4, 25]","[252.8, 30]",250.2,77,2.4,-0.43
07:45:25,"[249.09, 23]","[240.47, 119]","[251.27, 30]","[254.52, 50]",250.18,222,2.18,0.28
07:45:26,"[243.5, 20]","[239.62, 80]","[249.92, 24]","[254.8, 35]",246.71,159,6.42,0.26
07:45:27,"[240.0, 73]","[239.0, 217]","[241.52, 64]","[250.67, 24]",240.76,378,1.52,0.53
07:45:28,"[240.0, 36]","[239.0, 126]","[241.0, 42]","[247.0, 18]",240.5,222,1.0,0.46
07:45:29,"[240.0, 40]","[239.0, 140]","[241.0, 38]","[247.0, 20]",240.5,238,1.0,0.51
07:45:30,"[240.0, 28]","[239.0, 98]","[241.0, 7]","[247.0, 14]",240.5,147,1.0,0.71
07:45:31,"[240.0, 20]","[239.0, 70]","[241.0, 5]","[247.0, 10]",240.5,105,1.0,0.71
07:45:32,"[239.32, 62]","[237.37, 118]","[247.0, 16]","[254.0, 16]",243.16,212,7.68,0.7
07:45:33,"[243.36, 44]","[238.19, 158]","[252.53, 30]","[254.91, 68]",247.95,300,9.17,0.35
07:45:34,"[239.15, 156]","[238.19, 149]","[246.03, 58]","[253.18, 77]",242.59,440,6.88,0.39
07:45:35,"[238.14, 102]","[237.09, 123]","[244.54, 39]","[247.32, 37]",241.34,301,6.4,0.5
07:45:36,"[238.41, 68]","[237.54, 123]","[250.3, 50]","[252.2, 40]",244.36,281,11.89,0.36
07:45:37,"[240.8, 60]","[237.46, 190]","[249.0, 52]","[251.0, 109]",244.9,411,8.2,0.22
07:45:38,"[241.0, 36]","[237.37, 119]","[243.24, 25]","[248.6, 15]",242.12,195,2.24,0.59
07:45:39,"[241.0, 36]","[238.0, 99]","[243.0, 21]","[245.0, 9]",242.0,165,2.0,0.64
07:45:40,"[241.57, 28]","[238.0, 77]","[243.0, 14]","[245.0, 7]",242.29,126,1.43,0.67
07:45:41,"[242.0, 40]","[237.92, 60]","[243.0, 20]","[245.0, 10]",242.5,130,1.0,0.54
07:45:42,"[241.87, 45]","[235.05, 102]","[243.09, 23]","[245.15, 13]",242.48,183,1.22,0.61
07:45:43,"[235.8, 25]","[234.6, 106]","[245.0, 12]","[246.0, 24]",240.4,167,9.2,0.57
07:45:44,"[237.0, 20]","[236.0, 98]","[244.04, 28]","[245.18, 11]",240.52,157,7.04,0.5
07:45:45,"[238.0, 28]","[236.0, 47]","[243.31, 58]","[244.2, 30]",240.66,163,5.31,-0.08
07:45:46,"[238.54, 26]","[234.73, 33]","[243.0, 65]","[244.0, 39]",240.77,163,4.46,-0.28
07:45:47,"[240.26, 54]","[238.6, 30]","[243.06, 54]","[244.02, 46]",241.66,184,2.8,-0.09
07:45:48,"[234.77, 31]","[228.56, 101]","[244.89, 47]","[246.13, 39]",239.83,218,10.12,0.21
07:45:49,"[237.5, 38]","[235.56, 18]","[241.86, 42]","[244.97, 58]",239.68,156,4.36,-0.28
07:45:50,"[238.0, 27]","[236.0, 9]","[241.26, 23]","[244.09, 23]",239.63,82,3.26,-0.12
07:45:51,"[238.0, 24]","[236.0, 8]","[244.0, 36]","[245.0, 8]",241.0,76,6.0,-0.16
07:45:52,"[239.71, 21]","[231.53, 47]","[244.0, 23]","[245.0, 7]",241.86,98,4.29,0.39
07:45:53,"[241.0, 39]","[232.16, 93]","[243.19, 37]","[244.54, 13]",242.09,182,2.19,0.45
07:45:54,"[241.7, 30]","[233.6, 60]","[243.0, 50]","[244.0, 10]",242.35,150,1.3,0.2
07:45:55,"[234.73, 33]","[231.86, 21]","[243.0, 15]","[244.0, 6]",238.86,75,8.27,0.44
07:45:56,"[234.0, 54]","[231.0, 27]","[242.2, 20]","[243.67, 9]",238.1,110,8.2,0.47
07:45:57,"[234.0, 54]","[231.0, 27]","[242.69, 32]","[245.78, 23]",238.34,136,8.69,0.19
07:45:58,"[235.64, 66]","[234.62, 63]","[245.0, 11]","[246.0, 55]",240.32,195,9.36,0.32
07:45:59,"[236.91, 66]","[235.45, 66]","[245.0, 11]","[246.0, 55]",240.95,198,8.09,0.33
07:46:00,"[237.57, 42]","[235.0, 42]","[245.0, 7]","[246.0, 35]",241.29,126,7.43,0.33
07:46:01,"[238.92, 78]","[233.22, 54]","[245.0, 13]","[246.0, 65]",241.96,210,6.08,0.26
07:46:02,"[240.17, 36]","[239.0, 72]","[245.21, 14]","[246.02, 56]",242.69,178,5.05,0.21
07:46:03,"[241.75, 24]","[236.67, 24]","[246.0, 24]","[247.0, 8]",243.88,80,4.25,0.2
07:46:04,"[237.79, 29]","[233.55, 49]","[244.87, 31]","[246.63, 35]",241.33,144,7.08,0.08
07:46:05,"[235.37, 41]","[234.32, 19]","[239.89, 61]","[241.83, 18]",237.63,139,4.52,-0.14
07:46:06,"[237.21, 70]","[234.0, 14]","[243.57, 46]","[246.56, 54]",240.39,184,6.35,-0.09
07:46:07,"[238.23, 52]","[237.16, 38]","[246.69, 58]","[247.21, 38]",242.46,186,8.46,-0.03
07:46:08,"[242.08, 61]","[240.93, 82]","[247.0, 120]","[248.15, 20]",244.54,283,4.92,0.01
07:46:09,"[245.56, 64]","[242.82, 57]","[247.0, 83]","[248.66, 41]",246.28,245,1.44,-0.01
07:46:10,"[245.6, 40]","[241.09, 44]","[247.0, 33]","[248.0, 56]",246.3,173,1.4,-0.03
07:46:11,"[242.85, 26]","[236.09, 46]","[247.0, 26]","[248.0, 52]",244.92,150,4.15,-0.04
07:46:12,"[243.54, 26]","[235.0, 47]","[247.0, 26]","[248.0, 52]",245.27,151,3.46,-0.03
07:46:13,"[244.92, 24]","[235.0, 51]","[247.0, 24]","[248.0, 48]",245.96,147,2.08,0.02
07:46:14,"[237.82, 22]","[234.1, 58]","[246.86, 21]","[247.95, 42]",242.34,143,9.04,0.12
07:46:15,"[236.0, 30]","[234.0, 90]","[247.1, 29]","[248.04, 26]",241.55,175,11.1,0.37
07:46:16,"[236.0, 22]","[234.0, 66]","[246.15, 13]","[247.97, 31]",241.08,132,10.15,0.33
07:46:17,"[236.0, 30]","[234.0, 93]","[243.91, 23]","[247.21, 29]",239.96,175,7.91,0.41
07:46:18,"[236.0, 12]","[234.0, 36]","[243.0, 12]","[245.0, 6]",239.5,66,7.0,0.45
07:46:19,"[236.0, 14]","[234.0, 42]","[243.0, 14]","[244.45, 11]",239.5,81,7.0,0.38
07:46:20,"[236.31, 26]","[234.06, 62]","[243.0, 22]","[244.0, 33]",239.65,143,6.69,0.23
07:46:21,"[237.17, 24]","[234.0, 36]","[241.67, 12]","[243.43, 14]",239.42,86,4.5,0.4
07:46:22,"[238.73, 44]","[234.0, 54]","[241.0, 22]","[243.0, 22]",239.86,142,2.27,0.38
07:46:23,"[239.2, 35]","[236.44, 41]","[241.83, 24]","[243.52, 29]",240.52,129,2.63,0.18
07:46:24,"[241.0, 56]","[240.0, 14]","[243.43, 28]","[244.2, 30]",242.21,128,2.43,0.09
07:46:25,"[241.67, 60]","[240.0, 15]","[244.0, 30]","[245.0, 27]",242.83,132,2.33,0.14
07:46:26,"[243.0, 44]","[240.0, 11]","[244.0, 22]","[245.0, 39]",243.5,116,1.0,-0.05
07:46:27,"[243.75, 48]","[242.77, 39]","[244.71, 14]","[245.97, 62]",244.23,163,0.96,0.07
07:46:28,"[244.0, 32]","[241.71, 14]","[245.9, 40]","[247.2, 30]",244.95,116,1.9,-0.21
07:46:29,"[244.0, 60]","[240.0, 15]","[246.0, 90]","[247.93, 45]",245.0,210,2.0,-0.29
07:46:30,"[242.71, 62]","[241.06, 33]","[246.0, 96]","[248.0, 48]",244.35,239,3.29,-0.21
07:46:31,"[244.74, 19]","[243.99, 71]","[246.0, 93]","[248.0, 45]",245.37,228,1.26,-0.21
07:46:32,"[244.75, 59]","[238.76, 42]","[246.0, 91]","[248.0, 45]",245.37,237,1.25,-0.15
07:46:33,"[239.48, 21]","[233.82, 17]","[246.0, 30]","[248.58, 36]",242.74,104,6.52,-0.27
07:46:34,"[235.06, 16]","[234.0, 32]","[241.75, 48]","[245.07, 56]",238.41,152,6.69,-0.37
07:46:35,"[236.82, 22]","[235.06, 17]","[241.0, 28]","[244.0, 39]",238.91,106,4.18,-0.26
07:46:36,"[237.8, 15]","[236.44, 9]","[241.0, 16]","[244.0, 24]",239.4,64,3.2,-0.25
07:46:37,"[240.21, 120]","[238.71, 21]","[243.25, 48]","[245.54, 78]",241.73,267,3.04,0.06
07:46:38,"[241.09, 91]","[240.06, 72]","[243.88, 48]","[245.91, 89]",242.48,300,2.79,0.09
07:46:39,"[241.52, 58]","[239.64, 69]","[243.15, 39]","[244.9, 40]",242.34,206,1.64,0.23
07:46:40,"[242.0, 77]","[233.18, 11]","[243.17, 12]","[244.46, 26]",242.58,126,1.17,0.4
07:46:41,"[242.0, 74]","[231.36, 11]","[243.43, 14]","[244.72, 25]",242.71,124,1.43,0.37
07:46:42,"[242.91, 66]","[231.0, 11]","[244.0, 21]","[246.0, 33]",243.45,131,1.09,0.18
07:46:43,"[243.0, 60]","[231.0, 46]","[245.6, 20]","[247.09, 35]",244.3,161,2.6,0.32
07:46:44,"[243.0, 82]","[231.0, 98]","[247.02, 65]","[248.1, 49]",245.01,294,4.02,0.22
07:46:45,"[243.83, 60]","[231.0, 84]","[246.62, 53]","[248.0, 36]",245.23,233,2.79,0.24
07:46:46,"[234.78, 85]","[230.94, 34]","[247.29, 45]","[250.37, 67]",241.03,231,12.51,0.03
07:46:47,"[234.0, 42]","[232.0, 21]","[242.67, 9]","[245.83, 23]",238.33,95,8.67,0.33
07:46:48,"[234.57, 14]","[233.88, 51]","[240.82, 11]","[243.56, 27]",237.69,103,6.25,0.26
07:46:49,"[235.0, 7]","[234.0, 42]","[243.0, 21]","[248.0, 21]",239.0,91,8.0,0.08
07:46:50,"[236.0, 8]","[233.75, 32]","[243.0, 24]","[247.45, 22]",239.5,86,7.0,-0.07
07:46:51,"[237.36, 11]","[233.0, 22]","[243.0, 33]","[244.1, 40]",240.18,106,5.64,-0.38
07:46:52,"[238.64, 14]","[232.71, 21]","[241.46, 52]","[243.35, 46]",240.05,133,2.82,-0.47
07:46:53,"[240.6, 10]","[231.33, 36]","[243.0, 30]","[244.0, 40]",241.8,116,2.4,-0.21
07:46:54,"[241.67, 6]","[232.0, 42]","[243.21, 19]","[244.09, 22]",242.44,89,1.54,0.08
07:46:55,"[242.4, 10]","[232.0, 38]","[244.0, 36]","[245.0, 20]",243.2,104,1.6,-0.08
07:46:56,"[239.12, 17]","[231.5, 48]","[244.0, 23]","[245.0, 24]",241.56,112,4.88,0.16
07:46:57,"[232.0, 48]","[228.0, 55]","[244.0, 16]","[245.0, 16]",238.0,135,12.0,0.53
07:46:58,"[233.21, 66]","[231.59, 69]","[244.49, 37]","[245.53, 17]",238.85,189,11.27,0.43
07:46:59,"[234.0, 25]","[232.0, 20]","[245.0, 10]","[246.0, 5]",239.5,60,11.0,0.5
07:47:00,"[236.69, 65]","[232.0, 63]","[245.0, 26]","[246.0, 13]",240.85,167,8.31,0.53
07:47:01,"[239.66, 82]","[237.55, 53]","[245.0, 22]","[246.0, 11]",242.33,168,5.34,0.61
07:47:02,"[241.0, 72]","[238.0, 45]","[245.29, 14]","[246.71, 17]",243.14,148,4.29,0.58
07:47:03,"[242.82, 105]","[240.23, 69]","[246.0, 18]","[247.0, 54]",244.41,246,3.18,0.41
07:47:04,"[244.64, 50]","[242.32, 119]","[247.08, 25]","[248.35, 69]",245.86,263,2.44,0.29
07:47:05,"[246.97, 116]","[244.48, 42]","[248.0, 23]","[249.0, 75]",247.48,256,1.03,0.23
07:47:06,"[247.0, 132]","[246.0, 22]","[248.78, 41]","[250.23, 39]",247.89,234,1.78,0.32
07:47:07,"[247.8, 120]","[246.92, 52]","[249.0, 52]","[251.0, 42]",248.4,266,1.2,0.29
07:47:08,"[247.47, 68]","[240.14, 56]","[250.46, 37]","[347.94, 51]",248.97,212,2.99,0.17
07:47:09,"[247.73, 30]","[245.31, 52]","[310.29, 42]","[416.2, 45]",279.01,169,62.55,-0.03
07:47:10,"[255.0, 9]","[248.78, 18]","[341.0, 36]","[508.21, 33]",298.0,96,86.0,-0.44
07:47:11,"[255.0, 7]","[249.0, 14]","[376.0, 28]","[397.36, 22]",315.5,71,121.0,-0.41
07:47:12,"[255.0, 9]","[249.0, 18]","[372.07, 29]","[425.18, 33]",313.53,89,117.07,-0.39
07:47:13,"[251.25, 8]","[247.26, 46]","[424.8, 30]","[439.44, 27]",338.02,111,173.55,-0.03
07:47:14,"[254.89, 57]","[248.0, 16]","[402.87, 31]","[458.0, 36]",328.88,140,147.98,0.04
07:47:15,"[254.85, 41]","[248.43, 14]","[329.0, 33]","[407.0, 33]",291.93,121,74.15,-0.09
07:47:16,"[249.0, 11]","[247.0, 44]","[330.07, 41]","[406.69, 39]",289.54,135,81.07,-0.19
07:47:17,"[247.67, 18]","[246.62, 58]","[250.0, 33]","[361.51, 43]",248.83,152,2.33,0.0
07:47:18,"[246.44, 25]","[244.86, 49]","[248.24, 25]","[301.08, 26]",247.34,125,1.8,0.18
07:47:19,"[244.2, 60]","[241.0, 30]","[247.75, 24]","[250.03, 31]",245.97,145,3.55,0.24
07:47:20,"[244.0, 78]","[239.0, 26]","[246.57, 21]","[249.42, 33]",245.29,158,2.57,0.32
07:47:21,"[244.45, 55]","[242.52, 33]","[247.5, 20]","[294.31, 29]",245.98,137,3.05,0.28
07:47:22,"[243.0, 75]","[238.0, 30]","[251.93, 45]","[408.15, 54]",247.47,204,8.93,0.03
07:47:23,"[244.84, 95]","[243.72, 76]","[250.26, 57]","[332.63, 57]",247.55,285,5.42,0.2
07:47:24,"[246.14, 70]","[242.79, 70]","[247.71, 42]","[250.57, 46]",246.93,228,1.57,0.23
07:47:25,"[246.0, 9]","[240.0, 35]","[251.0, 19]","[353.29, 17]",248.5,80,5.0,0.1
07:47:26,"[246.0, 8]","[240.0, 40]","[251.0, 8]","[575.0, 24]",248.5,80,5.0,0.2
07:47:27,"[247.25, 8]","[241.5, 20]","[249.62, 32]","[251.0, 8]",248.44,68,2.38,-0.18
07:47:28,"[247.0, 10]","[241.0, 30]","[248.7, 40]","[251.36, 14]",247.85,94,1.7,-0.15
07:47:29,"[244.0, 15]","[239.66, 53]","[247.72, 29]","[252.15, 27]",245.86,124,3.72,0.1
07:47:30,"[240.44, 36]","[238.62, 52]","[251.02, 45]","[252.62, 16]",245.73,149,10.58,0.18
07:47:31,"[241.0, 26]","[239.69, 65]","[249.54, 52]","[252.0, 13]",245.27,156,8.54,0.17
07:47:32,"[241.89, 18]","[238.0, 45]","[248.22, 36]","[252.0, 9]",245.06,108,6.33,0.17
07:47:33,"[242.62, 16]","[238.0, 40]","[247.0, 32]","[252.0, 8]",244.81,96,4.38,0.17
07:47:34,"[240.41, 49]","[237.29, 70]","[245.85, 39]","[250.94, 17]",243.13,175,5.44,0.36
07:47:35,"[237.26, 46]","[234.9, 31]","[245.0, 11]","[250.0, 11]",241.13,99,7.74,0.56
07:47:36,"[236.0, 50]","[232.0, 20]","[243.56, 18]","[247.38, 13]",239.78,101,7.56,0.39
07:47:37,"[236.0, 60]","[227.88, 32]","[238.12, 41]","[240.4, 40]",237.06,173,2.12,0.06
07:47:38,"[236.0, 50]","[223.2, 40]","[238.0, 40]","[239.0, 30]",237.0,160,2.0,0.12
07:47:39,"[236.0, 35]","[231.0, 28]","[238.0, 24]","[239.0, 21]",237.0,108,2.0,0.17
07:47:40,"[236.0, 50]","[231.0, 40]","[238.0, 30]","[239.0, 30]",237.0,150,2.0,0.2
07:47:41,"[233.92, 60]","[207.39, 54]","[238.0, 32]","[239.0, 36]",235.96,182,4.08,0.25
07:47:42,"[235.29, 105]","[212.56, 48]","[238.0, 12]","[239.0, 36]",236.64,201,2.71,0.52
07:47:43,"[236.33, 135]","[235.24, 59]","[239.77, 52]","[241.43, 56]",238.05,302,3.44,0.28
07:47:44,"[237.0, 90]","[233.3, 100]","[240.0, 40]","[242.0, 40]",238.5,270,3.0,0.41
07:47:45,"[237.0, 90]","[232.27, 41]","[239.0, 30]","[240.0, 40]",238.0,201,2.0,0.3
07:47:46,"[237.0, 90]","[233.0, 30]","[238.1, 30]","[240.0, 40]",237.55,190,1.1,0.26
07:47:47,"[237.04, 94]","[233.92, 39]","[239.71, 42]","[242.08, 26]",238.38,201,2.67,0.32
07:47:48,"[238.69, 91]","[236.96, 89]","[240.08, 50]","[242.44, 18]",239.39,248,1.39,0.45
07:47:49,"[239.87, 135]","[234.87, 45]","[242.09, 11]","[243.09, 22]",240.98,213,2.22,0.69
07:47:50,"[241.0, 126]","[230.84, 32]","[243.0, 10]","[244.0, 20]",242.0,188,2.0,0.68
07:47:51,"[241.08, 39]","[233.96, 25]","[501.0, 10]","[595.0, 25]",371.04,99,259.92,0.29
07:47:52,"[245.85, 52]","[241.4, 60]","[389.4, 53]","[464.07, 30]",317.62,195,143.55,0.15
07:47:53,"[248.07, 27]","[247.0, 41]","[344.21, 28]","[378.8, 40]",296.14,136,96.14,0.0
07:47:54,"[255.0, 9]","[248.0, 27]","[293.86, 21]","[327.71, 21]",274.43,78,38.86,-0.08
07:47:55,"[254.4, 10]","[250.8, 30]","[292.3, 30]","[294.0, 20]",273.35,90,37.9,-0.11
07:47:56,"[254.61, 23]","[246.67, 27]","[290.67, 27]","[291.86, 28]",272.64,105,36.06,-0.05
07:47:57,"[254.0, 20]","[246.38, 32]","[274.62, 34]","[283.0, 34]",264.31,120,20.62,-0.13
07:47:58,"[244.5, 36]","[244.48, 23]","[268.72, 29]","[279.77, 26]",256.61,114,24.22,0.04
07:47:59,"[244.59, 68]","[243.2, 20]","[266.3, 30]","[268.0, 20]",255.44,138,21.71,0.28
07:48:00,"[244.0, 84]","[242.0, 14]","[265.33, 36]","[266.94, 34]",254.67,168,21.33,0.17
07:48:01,"[244.0, 78]","[207.66, 41]","[250.44, 50]","[254.48, 44]",247.22,213,6.44,0.12
07:48:02,"[244.11, 88]","[209.46, 83]","[246.0, 28]","[247.0, 42]",245.06,241,1.89,0.42
07:48:03,"[244.58, 105]","[242.86, 77]","[247.96, 48]","[248.93, 68]",246.27,298,3.38,0.22
07:48:04,"[246.27, 51]","[245.28, 40]","[249.0, 80]","[276.89, 57]",247.64,228,2.73,-0.2
07:48:05,"[249.0, 10]","[245.45, 22]","[311.28, 25]","[403.21, 19]",280.14,76,62.28,-0.16
07:48:06,"[244.17, 88]","[242.07, 58]","[303.24, 25]","[436.08, 24]",273.71,195,59.07,0.5
07:48:07,"[244.0, 136]","[239.12, 48]","[250.0, 26]","[406.4, 20]",247.0,230,6.0,0.6
07:48:08,"[244.0, 221]","[239.0, 78]","[312.5, 32]","[461.26, 46]",278.25,377,68.5,0.59
07:48:09,"[245.25, 136]","[240.25, 48]","[299.0, 32]","[486.0, 13]",272.12,229,53.75,0.61
07:48:10,"[253.92, 117]","[248.3, 171]","[299.0, 48]","[612.84, 19]",276.46,355,45.08,0.62
07:48:11,"[257.0, 44]","[255.0, 121]","[434.23, 26]","[577.69, 13]",345.62,204,177.23,0.62
07:48:12,"[257.0, 55]","[255.0, 187]","[280.05, 79]","[347.09, 22]",268.53,343,23.05,0.41
07:48:13,"[257.0, 22]","[255.0, 110]","[278.9, 50]","[432.0, 19]",267.95,201,21.9,0.31
07:48:14,"[257.0, 3]","[255.0, 33]","[278.0, 15]","[347.0, 3]",267.5,54,21.0,0.33
07:48:15,"[257.0, 14]","[255.0, 154]","[276.1, 58]","[290.65, 40]",266.55,266,19.1,0.26
07:48:16,"[257.0, 9]","[255.0, 99]","[274.0, 45]","[275.0, 18]",265.5,171,17.0,0.26
07:48:17,"[255.14, 43]","[254.26, 68]","[271.86, 29]","[272.6, 50]",263.5,190,16.72,0.17
07:48:18,"[255.0, 40]","[253.0, 70]","[269.33, 61]","[270.05, 40]",262.16,211,14.33,0.04
07:48:19,"[255.0, 24]","[253.0, 60]","[266.67, 60]","[268.0, 60]",260.83,204,11.67,-0.18
07:48:20,"[254.05, 21]","[251.08, 96]","[263.96, 51]","[265.83, 48]",259.0,216,9.91,0.08
07:48:21,"[253.0, 60]","[249.0, 276]","[258.17, 48]","[259.11, 38]",255.58,422,5.17,0.59
07:48:22,"[249.61, 163]","[248.76, 151]","[253.64, 28]","[265.71, 48]",251.63,390,4.03,0.61
07:48:23,"[249.0, 263]","[247.0, 33]","[252.05, 21]","[341.56, 25]",250.52,342,3.05,0.73
07:48:24,"[249.0, 355]","[247.0, 39]","[250.6, 40]","[251.72, 25]",249.8,459,1.6,0.72
07:48:25,"[249.44, 165]","[248.67, 141]","[275.06, 18]","[399.08, 37]",262.25,361,25.62,0.7
07:48:26,"[249.73, 62]","[248.66, 61]","[372.92, 59]","[473.52, 58]",311.32,240,123.19,0.03
07:48:27,"[250.69, 39]","[249.0, 52]","[343.77, 43]","[406.71, 56]",297.23,190,93.08,-0.04
07:48:28,"[253.0, 26]","[249.0, 28]","[260.0, 14]","[416.0, 28]",256.5,96,7.0,0.12
07:48:29,"[253.0, 99]","[249.11, 38]","[260.0, 20]","[363.5, 40]",256.5,197,7.0,0.39
07:48:30,"[253.0, 63]","[251.0, 14]","[260.0, 14]","[320.71, 28]",256.5,119,7.0,0.29
07:48:31,"[253.0, 108]","[251.0, 24]","[258.54, 48]","[267.49, 43]",255.77,223,5.54,0.18
07:48:32,"[253.0, 140]","[251.0, 32]","[255.35, 49]","[257.22, 78]",254.17,299,2.35,0.15
07:48:33,"[253.0, 55]","[251.0, 22]","[254.0, 33]","[258.5, 40]",253.5,150,1.0,0.03
07:48:34,"[253.0, 35]","[251.0, 14]","[254.0, 21]","[257.0, 35]",253.5,105,1.0,-0.07
07:48:35,"[255.06, 31]","[252.74, 46]","[261.83, 23]","[440.0, 45]",258.45,145,6.76,0.06
07:48:36,"[257.0, 30]","[253.33, 72]","[263.0, 30]","[417.32, 60]",260.0,192,6.0,0.06
07:48:37,"[257.0, 20]","[255.0, 40]","[263.0, 20]","[302.89, 36]",260.0,116,6.0,0.03
07:48:38,"[257.0, 28]","[255.0, 56]","[263.0, 28]","[353.25, 48]",260.0,160,6.0,0.05
07:48:39,"[255.24, 17]","[252.41, 29]","[263.0, 12]","[387.33, 12]",259.12,70,7.76,0.31
07:48:40,"[253.8, 20]","[251.83, 24]","[263.0, 12]","[357.0, 12]",258.4,68,9.2,0.29
07:48:41,"[252.0, 24]","[251.0, 12]","[263.0, 12]","[570.14, 21]",257.5,69,11.0,0.04
07:48:42,"[252.0, 24]","[251.0, 16]","[263.0, 16]","[468.59, 39]",257.5,95,11.0,-0.16
07:48:43,"[252.0, 33]","[251.0, 22]","[262.83, 24]","[403.38, 52]",257.42,131,10.83,-0.16
07:48:44,"[252.0, 36]","[250.71, 21]","[261.17, 48]","[372.5, 36]",256.58,141,9.17,-0.19
07:48:45,"[255.91, 138]","[251.93, 46]","[259.06, 64]","[391.93, 44]",257.49,292,3.15,0.26
07:48:46,"[256.0, 126]","[252.67, 18]","[257.86, 56]","[345.45, 58]",256.93,258,1.86,0.12
07:48:47,"[256.0, 69]","[253.0, 10]","[257.0, 40]","[266.0, 50]",256.5,169,1.0,-0.07
07:48:48,"[256.0, 44]","[253.0, 11]","[260.54, 48]","[282.1, 39]",258.27,142,4.54,-0.23
07:48:49,"[256.0, 16]","[253.0, 16]","[265.0, 80]","[335.92, 36]",260.5,148,9.0,-0.57
07:48:50,"[256.0, 12]","[253.0, 12]","[264.91, 44]","[311.0, 60]",260.45,128,8.91,-0.62
07:48:51,"[251.0, 39]","[248.02, 55]","[264.0, 13]","[265.0, 65]",257.5,172,13.0,0.09
07:48:52,"[251.0, 27]","[249.0, 81]","[263.0, 9]","[265.78, 45]",257.0,162,12.0,0.33
07:48:53,"[249.36, 99]","[248.33, 81]","[260.11, 19]","[261.29, 59]",254.73,258,10.74,0.4
07:48:54,"[249.0, 114]","[247.0, 39]","[253.08, 13]","[259.52, 33]",251.04,199,4.08,0.54
07:48:55,"[249.78, 92]","[248.23, 78]","[256.59, 32]","[258.7, 64]",253.19,266,6.81,0.28
07:48:56,"[249.0, 58]","[247.0, 48]","[254.0, 16]","[260.0, 80]",251.5,202,5.0,0.05
07:48:57,"[248.71, 42]","[246.79, 38]","[251.0, 21]","[258.83, 42]",249.86,143,2.29,0.12
07:48:58,"[246.67, 30]","[241.88, 25]","[248.6, 30]","[250.53, 30]",247.63,115,1.93,-0.04
07:48:59,"[244.95, 19]","[241.17, 42]","[247.17, 24]","[253.0, 24]",246.06,109,2.22,0.12
07:49:00,"[242.0, 11]","[241.0, 77]","[252.18, 22]","[255.82, 55]",247.09,165,10.18,0.07
07:49:01,"[239.93, 98]","[154.64, 44]","[246.44, 18]","[253.5, 40]",243.19,200,6.52,0.42
07:49:02,"[238.76, 37]","[216.85, 68]","[260.67, 15]","[267.76, 21]",249.71,141,21.91,0.49
