Time,Bid1,Bid2,Ask1,Ask2,Mid-Price,Total_volume,Bid_ask_spread,Order_imbalance
07:30:00,"[0, 0]","[0, 0]","[0, 0]","[0, 0]",0.0,0,0.0,0.0
07:30:01,"[0, 0]","[0, 0]","[149.0, 5]","[0, 0]",74.5,5,149.0,-1.0
07:30:02,"[146.0, 10]","[0, 0]","[148.56, 9]","[149.0, 5]",147.28,24,2.56,-0.17
07:30:03,"[146.0, 11]","[107.0, 12]","[147.77, 13]","[149.0, 10]",146.88,46,1.77,0.0
07:30:04,"[147.0, 6]","[146.0, 2]","[149.0, 10]","[0, 0]",148.0,18,2.0,-0.11
07:30:05,"[147.0, 12]","[145.0, 4]","[149.0, 18]","[480.14, 7]",148.0,41,2.0,-0.22
07:30:06,"[146.29, 7]","[116.92, 25]","[159.86, 7]","[616.1, 21]",153.07,60,13.57,0.07
07:30:07,"[145.0, 3]","[120.71, 14]","[168.0, 3]","[344.33, 15]",156.5,35,23.0,-0.03
07:30:08,"[145.0, 5]","[143.0, 10]","[168.0, 5]","[190.0, 20]",156.5,40,23.0,-0.25
07:30:09,"[145.0, 1]","[143.0, 2]","[168.0, 1]","[190.0, 4]",156.5,8,23.0,-0.25
07:30:10,"[152.27, 11]","[143.62, 8]","[167.0, 25]","[168.0, 5]",159.64,49,14.73,-0.22
07:30:11,"[155.0, 24]","[146.0, 6]","[166.67, 18]","[167.17, 18]",160.83,66,11.67,-0.09
07:30:12,"[155.0, 28]","[146.0, 9]","[162.82, 17]","[166.86, 37]",158.91,91,7.82,-0.19
07:30:13,"[155.62, 26]","[150.15, 13]","[161.15, 20]","[162.68, 22]",158.38,81,5.53,-0.04
07:30:14,"[158.0, 48]","[155.0, 24]","[160.75, 24]","[162.0, 12]",159.38,108,2.75,0.33
07:30:15,"[158.9, 41]","[154.62, 21]","[160.0, 22]","[162.0, 18]",159.45,102,1.1,0.22
07:30:16,"[155.0, 9]","[147.0, 9]","[159.11, 18]","[161.24, 17]",157.06,53,4.11,-0.32
07:30:17,"[156.18, 17]","[152.6, 10]","[158.0, 20]","[159.4, 20]",157.09,67,1.82,-0.19
07:30:18,"[156.09, 22]","[148.2, 20]","[158.54, 26]","[159.59, 22]",157.31,90,2.45,-0.07
07:30:19,"[158.0, 48]","[155.0, 13]","[159.92, 24]","[161.23, 13]",158.96,98,1.92,0.24
07:30:20,"[158.0, 32]","[155.0, 16]","[161.0, 16]","[162.0, 16]",159.5,80,3.0,0.2
07:30:21,"[148.0, 42]","[145.88, 42]","[160.12, 57]","[161.41, 17]",154.06,158,12.12,0.06
07:30:22,"[149.02, 93]","[148.14, 50]","[160.0, 87]","[163.24, 25]",154.51,255,10.98,0.12
07:30:23,"[152.06, 100]","[150.59, 44]","[160.0, 91]","[164.72, 50]",156.03,285,7.94,0.01
07:30:24,"[158.0, 34]","[156.0, 85]","[159.15, 94]","[160.55, 29]",158.57,242,1.15,-0.02
07:30:25,"[157.39, 96]","[155.9, 93]","[159.07, 29]","[161.28, 25]",158.23,243,1.68,0.56
07:30:26,"[158.64, 11]","[157.17, 24]","[160.0, 9]","[164.0, 45]",159.32,89,1.36,-0.21
07:30:27,"[158.6, 50]","[156.33, 60]","[164.0, 75]","[225.85, 27]",161.3,212,5.4,0.04
07:30:28,"[159.0, 66]","[158.0, 22]","[164.0, 55]","[353.21, 47]",161.5,190,5.0,-0.07
07:30:29,"[159.14, 63]","[158.5, 36]","[164.0, 60]","[357.0, 60]",161.57,219,4.86,-0.1
07:30:30,"[159.0, 89]","[158.0, 34]","[163.1, 21]","[175.35, 85]",161.05,229,4.1,0.07
07:30:31,"[157.52, 29]","[155.89, 45]","[160.25, 12]","[164.0, 60]",158.88,146,2.73,0.01
07:30:32,"[156.0, 39]","[153.0, 13]","[158.41, 17]","[159.23, 13]",157.21,82,2.41,0.27
07:30:33,"[156.0, 14]","[153.0, 7]","[158.0, 7]","[159.57, 7]",157.0,35,2.0,0.2
07:30:34,"[154.71, 7]","[151.24, 17]","[158.0, 5]","[161.0, 5]",156.36,34,3.29,0.41
07:30:35,"[151.95, 19]","[150.66, 35]","[164.4, 35]","[279.75, 12]",158.17,101,12.45,0.07
07:30:36,"[155.0, 7]","[151.0, 21]","[165.0, 28]","[606.08, 13]",160.0,69,10.0,-0.19
07:30:37,"[155.0, 7]","[151.0, 21]","[165.0, 28]","[227.09, 11]",160.0,67,10.0,-0.16
07:30:38,"[161.32, 19]","[152.18, 17]","[167.29, 34]","[222.7, 23]",164.3,93,5.98,-0.23
07:30:39,"[163.0, 27]","[155.0, 9]","[167.89, 27]","[545.81, 21]",165.44,84,4.89,-0.14
07:30:40,"[160.59, 22]","[152.39, 23]","[165.2, 40]","[339.75, 24]",162.9,109,4.61,-0.17
07:30:41,"[156.0, 9]","[155.0, 9]","[166.0, 27]","[322.43, 21]",161.0,66,10.0,-0.45
07:30:42,"[157.87, 47]","[155.36, 11]","[165.0, 43]","[192.09, 33]",161.44,134,7.13,-0.13
07:30:43,"[158.0, 90]","[152.68, 31]","[163.43, 42]","[243.95, 43]",160.71,206,5.43,0.17
07:30:44,"[158.0, 48]","[154.76, 76]","[161.75, 24]","[163.09, 33]",159.88,181,3.75,0.37
07:30:45,"[158.0, 33]","[155.0, 81]","[160.45, 22]","[197.22, 23]",159.23,159,2.45,0.43
07:30:46,"[158.0, 26]","[155.57, 49]","[159.8, 20]","[162.26, 31]",158.9,126,1.8,0.19
07:30:47,"[158.0, 94]","[156.0, 40]","[163.33, 36]","[371.63, 38]",160.67,208,5.33,0.29
07:30:48,"[158.0, 80]","[156.0, 32]","[162.0, 32]","[164.0, 32]",160.0,176,4.0,0.27
07:30:49,"[158.0, 90]","[156.0, 36]","[160.89, 36]","[164.0, 36]",159.44,198,2.89,0.27
07:30:50,"[158.0, 120]","[156.0, 48]","[159.92, 48]","[164.0, 48]",158.96,264,1.92,0.27
07:30:51,"[160.25, 40]","[157.5, 48]","[163.05, 21]","[210.65, 31]",161.65,140,2.8,0.26
07:30:52,"[163.0, 15]","[158.54, 111]","[165.0, 15]","[166.0, 45]",164.0,186,2.0,0.35
07:30:53,"[163.0, 5]","[160.0, 5]","[165.0, 5]","[166.0, 15]",164.0,30,2.0,-0.33
07:30:54,"[163.0, 11]","[160.0, 11]","[164.37, 19]","[165.9, 41]",163.68,82,1.37,-0.46
07:30:55,"[162.1, 10]","[158.56, 25]","[164.83, 36]","[166.19, 36]",163.47,107,2.73,-0.35
07:30:56,"[160.0, 8]","[158.0, 48]","[165.26, 19]","[166.07, 41]",162.63,116,5.26,-0.03
07:30:57,"[160.0, 13]","[158.0, 78]","[163.77, 26]","[165.85, 79]",161.88,196,3.77,-0.07
07:30:58,"[160.0, 7]","[158.0, 42]","[163.89, 18]","[165.57, 28]",161.94,95,3.89,0.03
07:30:59,"[160.0, 13]","[158.0, 78]","[164.38, 52]","[165.53, 49]",162.19,192,4.38,-0.05
07:31:00,"[160.5, 18]","[158.14, 58]","[163.41, 34]","[165.2, 40]",161.96,150,2.91,0.01
07:31:01,"[157.55, 31]","[156.01, 77]","[164.35, 46]","[166.88, 42]",160.95,196,6.8,0.1
07:31:02,"[156.0, 28]","[155.0, 98]","[160.76, 55]","[163.57, 47]",158.38,228,4.76,0.11
07:31:03,"[157.6, 50]","[155.19, 43]","[159.0, 36]","[163.33, 27]",158.3,156,1.4,0.19
07:31:04,"[158.0, 120]","[155.09, 69]","[159.0, 48]","[164.0, 36]",158.5,273,1.0,0.38
07:31:05,"[158.0, 88]","[155.9, 140]","[160.92, 39]","[164.53, 38]",159.46,305,2.92,0.5
07:31:06,"[158.0, 15]","[156.0, 82]","[164.0, 15]","[165.0, 20]",161.0,132,6.0,0.47
07:31:07,"[158.0, 12]","[156.0, 8]","[164.0, 12]","[165.0, 16]",161.0,48,6.0,-0.17
07:31:08,"[158.0, 21]","[156.0, 14]","[164.0, 21]","[165.0, 28]",161.0,84,6.0,-0.17
07:31:09,"[158.0, 42]","[156.0, 28]","[165.0, 56]","[166.0, 70]",161.5,196,7.0,-0.29
07:31:10,"[158.0, 24]","[156.0, 16]","[165.0, 32]","[166.0, 40]",161.5,112,7.0,-0.29
07:31:11,"[158.22, 27]","[156.72, 25]","[161.98, 43]","[163.04, 48]",160.1,143,3.75,-0.27
07:31:12,"[157.18, 40]","[155.27, 67]","[158.69, 80]","[163.75, 96]",157.93,283,1.51,-0.24
07:31:13,"[155.52, 108]","[154.91, 110]","[157.7, 46]","[161.14, 51]",156.61,315,2.18,0.38
07:31:14,"[155.0, 41]","[152.0, 9]","[159.89, 9]","[163.93, 54]",157.44,113,4.89,-0.12
07:31:15,"[155.0, 15]","[152.0, 5]","[163.0, 5]","[164.0, 25]",159.0,50,8.0,-0.2
07:31:16,"[155.38, 32]","[153.8, 20]","[163.0, 12]","[164.0, 64]",159.19,128,7.62,-0.19
07:31:17,"[158.73, 22]","[155.0, 33]","[163.0, 11]","[164.0, 55]",160.86,121,4.27,-0.09
07:31:18,"[159.0, 19]","[154.96, 47]","[163.0, 13]","[164.0, 65]",161.0,144,4.0,-0.08
07:31:19,"[160.33, 9]","[155.4, 45]","[163.0, 9]","[164.0, 45]",161.67,108,2.67,0.0
07:31:20,"[155.43, 97]","[153.57, 40]","[164.0, 55]","[165.0, 66]",159.72,258,8.57,0.06
07:31:21,"[156.88, 194]","[154.86, 168]","[163.12, 80]","[164.2, 71]",160.0,513,6.25,0.41
07:31:22,"[158.79, 197]","[155.0, 240]","[161.19, 97]","[161.99, 82]",159.99,616,2.4,0.42
07:31:23,"[159.0, 45]","[155.0, 126]","[160.71, 34]","[162.11, 45]",159.85,250,1.71,0.37
07:31:24,"[159.0, 11]","[155.0, 154]","[160.36, 44]","[162.67, 60]",159.68,269,1.36,0.23
07:31:25,"[155.0, 140]","[153.0, 60]","[158.6, 30]","[163.67, 75]",156.8,305,3.6,0.31
07:31:26,"[155.0, 112]","[153.0, 48]","[156.0, 32]","[158.0, 24]",155.5,216,1.0,0.48
07:31:27,"[155.0, 112]","[153.0, 48]","[156.0, 32]","[158.0, 24]",155.5,216,1.0,0.48
07:31:28,"[155.0, 95]","[153.0, 66]","[161.94, 66]","[163.52, 67]",158.47,294,6.94,0.1
07:31:29,"[155.1, 62]","[153.61, 69]","[163.0, 88]","[164.0, 55]",159.05,274,7.9,-0.04
07:31:30,"[156.0, 24]","[155.0, 64]","[163.0, 80]","[164.0, 50]",159.5,218,7.0,-0.19
07:31:31,"[156.75, 20]","[154.98, 50]","[163.0, 80]","[164.0, 50]",159.88,200,6.25,-0.3
07:31:32,"[157.24, 59]","[154.59, 44]","[163.0, 80]","[164.0, 50]",160.12,233,5.76,-0.12
07:31:33,"[158.0, 32]","[155.0, 35]","[163.0, 56]","[164.0, 35]",160.5,158,5.0,-0.15
07:31:34,"[158.1, 31]","[155.77, 47]","[162.73, 55]","[163.38, 65]",160.41,198,4.63,-0.21
07:31:35,"[159.0, 11]","[158.0, 44]","[161.18, 33]","[163.0, 70]",160.09,158,2.18,-0.3
07:31:36,"[159.0, 10]","[158.0, 40]","[160.0, 30]","[163.62, 58]",159.5,138,1.0,-0.28
07:31:37,"[158.67, 12]","[157.59, 37]","[165.0, 81]","[168.0, 45]",161.83,175,6.33,-0.44
07:31:38,"[158.0, 24]","[155.0, 30]","[165.0, 54]","[202.33, 12]",161.5,120,7.0,-0.1
07:31:39,"[159.85, 26]","[158.0, 52]","[165.0, 117]","[168.0, 13]",162.42,208,5.15,-0.25
07:31:40,"[160.0, 18]","[158.0, 36]","[165.0, 81]","[168.0, 9]",162.5,144,5.0,-0.25
07:31:41,"[164.0, 36]","[160.75, 24]","[165.0, 88]","[168.0, 12]",164.5,160,1.0,-0.25
07:31:42,"[162.0, 36]","[158.43, 56]","[165.0, 69]","[168.0, 16]",163.5,177,3.0,0.04
07:31:43,"[160.45, 22]","[157.7, 40]","[165.0, 50]","[168.0, 10]",162.73,122,4.55,0.02
07:31:44,"[156.66, 62]","[153.39, 54]","[165.0, 55]","[168.0, 11]",160.83,182,8.34,0.27
07:31:45,"[158.0, 99]","[155.0, 31]","[164.85, 53]","[166.42, 19]",161.42,202,6.85,0.29
07:31:46,"[158.0, 72]","[155.0, 24]","[164.0, 40]","[165.0, 32]",161.0,168,6.0,0.14
07:31:47,"[158.0, 135]","[155.0, 38]","[164.0, 75]","[165.0, 21]",161.0,269,6.0,0.29
07:31:48,"[159.86, 21]","[158.02, 138]","[163.16, 81]","[163.38, 34]",161.51,274,3.3,0.16
07:31:49,"[158.1, 88]","[157.33, 81]","[161.0, 32]","[162.41, 44]",159.55,245,2.9,0.38
07:31:50,"[158.0, 63]","[155.0, 14]","[161.0, 14]","[165.0, 21]",159.5,112,3.0,0.38
07:31:51,"[158.0, 63]","[155.0, 18]","[159.8, 30]","[163.18, 22]",158.9,133,1.8,0.22
07:31:52,"[158.0, 45]","[155.89, 18]","[159.0, 30]","[165.0, 31]",158.5,124,1.0,0.02
07:31:53,"[158.0, 50]","[156.0, 20]","[163.26, 43]","[164.33, 27]",160.63,140,5.26,0.0
07:31:54,"[158.0, 38]","[156.0, 16]","[163.0, 40]","[164.0, 32]",160.5,126,5.0,-0.14
07:31:55,"[158.0, 60]","[156.0, 30]","[161.56, 80]","[163.07, 41]",159.78,211,3.56,-0.15
07:31:56,"[158.0, 32]","[156.0, 16]","[161.0, 40]","[162.0, 27]",159.5,115,3.0,-0.17
07:31:57,"[156.53, 17]","[156.38, 26]","[160.5, 50]","[162.0, 30]",158.51,123,3.97,-0.3
07:31:58,"[156.0, 20]","[155.0, 20]","[160.0, 50]","[162.33, 18]",158.0,108,4.0,-0.26
07:31:59,"[156.0, 28]","[155.0, 28]","[159.28, 18]","[160.05, 66]",157.64,140,3.28,-0.2
07:32:00,"[156.04, 23]","[154.92, 24]","[158.0, 60]","[159.0, 12]",157.02,119,1.96,-0.21
07:32:01,"[156.05, 44]","[154.65, 34]","[158.22, 41]","[160.11, 35]",157.13,154,2.17,0.01
07:32:02,"[156.0, 22]","[155.0, 16]","[157.25, 32]","[161.59, 17]",156.62,87,1.25,-0.13
07:32:03,"[156.0, 24]","[155.0, 24]","[157.0, 48]","[161.0, 48]",156.5,144,1.0,-0.33
07:32:04,"[155.16, 64]","[153.94, 34]","[159.0, 48]","[161.73, 49]",157.08,195,3.84,0.01
07:32:05,"[155.0, 28]","[153.0, 28]","[157.64, 28]","[160.0, 56]",156.32,140,2.64,-0.2
07:32:06,"[155.0, 12]","[153.0, 12]","[159.0, 9]","[161.33, 18]",157.0,51,4.0,-0.06
07:32:07,"[155.93, 30]","[154.78, 18]","[163.0, 9]","[164.0, 18]",159.47,75,7.07,0.28
07:32:08,"[156.0, 18]","[155.0, 12]","[163.0, 6]","[164.0, 12]",159.5,48,7.0,0.25
07:32:09,"[156.0, 30]","[155.0, 20]","[163.0, 10]","[164.0, 20]",159.5,80,7.0,0.25
07:32:10,"[156.0, 15]","[155.0, 18]","[163.0, 9]","[164.0, 18]",159.5,60,7.0,0.1
07:32:11,"[156.67, 15]","[155.33, 15]","[162.11, 18]","[163.27, 15]",159.39,63,5.44,-0.05
07:32:12,"[157.0, 26]","[156.0, 13]","[160.6, 15]","[162.11, 35]",158.8,89,3.6,-0.12
07:32:13,"[155.26, 46]","[151.2, 75]","[158.33, 21]","[161.08, 13]",156.8,155,3.07,0.56
07:32:14,"[155.0, 41]","[151.0, 90]","[157.7, 40]","[159.0, 10]",156.35,181,2.7,0.45
07:32:15,"[155.0, 43]","[151.0, 99]","[156.09, 44]","[159.18, 11]",155.55,197,1.09,0.44
07:32:16,"[151.67, 54]","[149.92, 52]","[158.69, 26]","[189.77, 13]",155.18,145,7.03,0.46
07:32:17,"[151.0, 126]","[149.0, 56]","[159.31, 16]","[177.6, 20]",155.16,218,8.31,0.67
07:32:18,"[151.0, 63]","[149.0, 28]","[156.71, 7]","[158.14, 7]",153.86,105,5.71,0.73
07:32:19,"[151.0, 90]","[149.0, 40]","[154.9, 10]","[156.1, 10]",152.95,150,3.9,0.73
07:32:20,"[151.15, 59]","[150.3, 69]","[154.73, 11]","[158.37, 19]",152.94,158,3.57,0.62
07:32:21,"[153.44, 18]","[150.37, 166]","[159.83, 93]","[217.71, 21]",156.64,298,6.38,0.23
07:32:22,"[154.45, 11]","[149.0, 137]","[159.53, 32]","[192.42, 26]",156.99,206,5.08,0.44
07:32:23,"[155.14, 14]","[151.0, 56]","[157.83, 29]","[159.37, 49]",156.49,148,2.68,-0.05
07:32:24,"[152.47, 32]","[150.86, 36]","[159.2, 35]","[183.09, 23]",155.83,126,6.73,0.08
07:32:25,"[154.75, 72]","[153.83, 24]","[157.86, 22]","[159.03, 58]",156.31,176,3.11,0.09
07:32:26,"[156.67, 27]","[153.72, 85]","[158.92, 53]","[160.1, 21]",157.8,186,2.26,0.2
07:32:27,"[158.0, 19]","[155.0, 84]","[159.62, 13]","[215.29, 7]",158.81,123,1.62,0.67
07:32:28,"[155.52, 29]","[154.41, 68]","[161.0, 7]","[290.62, 13]",158.26,117,5.48,0.66
07:32:29,"[155.12, 68]","[153.53, 68]","[161.0, 9]","[250.89, 37]",158.06,182,5.88,0.49
07:32:30,"[156.0, 16]","[155.0, 96]","[159.09, 22]","[161.36, 11]",157.55,145,3.09,0.54
07:32:31,"[156.0, 13]","[155.0, 96]","[159.0, 24]","[161.0, 8]",157.5,141,3.0,0.55
07:32:32,"[156.0, 8]","[155.0, 96]","[159.0, 24]","[161.0, 8]",157.5,136,3.0,0.53
07:32:33,"[156.0, 11]","[155.0, 132]","[158.26, 34]","[159.22, 27]",157.13,204,2.26,0.4
07:32:34,"[156.0, 11]","[155.0, 132]","[157.81, 43]","[158.64, 33]",156.91,219,1.81,0.31
07:32:35,"[155.01, 151]","[152.92, 25]","[157.32, 19]","[159.0, 42]",156.16,237,2.31,0.49
07:32:36,"[155.0, 126]","[153.19, 32]","[156.93, 14]","[160.0, 42]",155.96,214,1.93,0.48
07:32:37,"[155.26, 70]","[153.92, 52]","[159.0, 20]","[160.7, 50]",157.13,192,3.74,0.27
07:32:38,"[155.29, 84]","[153.94, 68]","[160.62, 39]","[161.7, 57]",157.95,248,5.33,0.23
07:32:39,"[155.0, 50]","[153.0, 40]","[161.33, 18]","[199.74, 42]",158.17,150,6.33,0.2
07:32:40,"[155.0, 33]","[153.0, 36]","[162.0, 9]","[432.41, 37]",158.5,115,7.0,0.2
07:32:41,"[155.0, 36]","[153.0, 48]","[162.0, 12]","[351.88, 24]",158.5,120,7.0,0.4
07:32:42,"[157.44, 16]","[154.9, 39]","[160.79, 28]","[161.65, 17]",159.11,100,3.35,0.1
07:32:43,"[158.0, 7]","[155.0, 21]","[159.15, 13]","[160.14, 14]",158.58,55,1.15,0.02
07:32:44,"[155.0, 18]","[153.83, 24]","[159.33, 12]","[165.0, 6]",157.17,60,4.33,0.4
07:32:45,"[155.14, 42]","[153.74, 57]","[162.5, 16]","[393.67, 15]",158.82,130,7.36,0.52
07:32:46,"[156.93, 28]","[155.0, 62]","[162.55, 22]","[374.71, 14]",159.74,126,5.62,0.43
07:32:47,"[157.0, 26]","[155.0, 39]","[160.69, 65]","[163.54, 13]",158.85,143,3.69,-0.09
07:32:48,"[154.66, 29]","[152.38, 53]","[159.0, 43]","[164.0, 13]",156.83,138,4.34,0.19
07:32:49,"[153.0, 6]","[150.0, 10]","[159.0, 4]","[164.0, 2]",156.0,22,6.0,0.45
07:32:50,"[152.77, 35]","[150.06, 47]","[158.17, 24]","[164.0, 12]",155.47,118,5.4,0.39
07:32:51,"[151.0, 42]","[149.0, 84]","[158.0, 50]","[164.0, 14]",154.5,190,7.0,0.33
07:32:52,"[151.0, 27]","[149.02, 58]","[158.0, 36]","[164.0, 9]",154.5,130,7.0,0.31
07:32:53,"[151.0, 24]","[150.0, 8]","[157.67, 24]","[160.0, 12]",154.33,68,6.67,-0.06
07:32:54,"[151.0, 39]","[149.01, 134]","[155.89, 35]","[156.5, 44]",153.44,252,4.89,0.37
07:32:55,"[151.0, 24]","[149.37, 90]","[153.29, 28]","[155.43, 28]",152.14,170,2.29,0.34
07:32:56,"[151.37, 38]","[150.03, 136]","[153.29, 70]","[156.41, 41]",152.33,285,1.92,0.22
07:32:57,"[157.3, 91]","[150.66, 35]","[208.0, 31]","[375.63, 41]",182.65,198,50.7,0.27
07:32:58,"[158.05, 173]","[156.79, 236]","[399.91, 76]","[478.49, 68]",278.98,553,241.86,0.48
07:32:59,"[158.0, 120]","[156.0, 36]","[346.0, 30]","[348.0, 18]",252.0,204,188.0,0.53
07:33:00,"[158.0, 226]","[156.0, 66]","[344.64, 55]","[388.73, 33]",251.32,380,186.64,0.54
07:33:01,"[158.0, 330]","[156.0, 78]","[337.22, 63]","[394.34, 29]",247.61,500,179.22,0.63
07:33:02,"[158.05, 250]","[157.21, 134]","[183.05, 61]","[361.24, 55]",170.55,500,25.0,0.54
07:33:03,"[160.0, 75]","[158.01, 300]","[168.0, 70]","[364.26, 38]",164.0,483,8.0,0.55
07:33:04,"[160.0, 80]","[158.0, 144]","[168.0, 40]","[382.5, 40]",164.0,304,8.0,0.47
07:33:05,"[160.0, 108]","[157.72, 130]","[167.2, 75]","[334.6, 53]",163.6,366,7.2,0.3
07:33:06,"[160.0, 30]","[158.0, 50]","[165.1, 50]","[210.0, 30]",162.55,160,5.1,0.0
07:33:07,"[158.75, 48]","[156.91, 66]","[165.0, 60]","[313.58, 36]",161.88,210,6.25,0.09
07:33:08,"[158.0, 30]","[156.0, 36]","[165.0, 30]","[422.45, 22]",161.5,118,7.0,0.12
07:33:09,"[158.0, 60]","[156.0, 72]","[164.08, 60]","[229.98, 48]",161.04,240,6.08,0.1
07:33:10,"[156.91, 33]","[153.9, 60]","[162.17, 30]","[164.0, 30]",159.54,153,5.26,0.22
07:33:11,"[156.0, 72]","[153.23, 62]","[159.17, 60]","[161.92, 60]",157.58,254,3.17,0.06
07:33:12,"[156.0, 48]","[155.0, 8]","[331.11, 36]","[467.38, 34]",243.56,126,175.11,-0.11
07:33:13,"[156.0, 72]","[155.0, 12]","[369.75, 32]","[432.91, 46]",262.88,162,213.75,0.04
07:33:14,"[156.0, 54]","[155.0, 9]","[173.47, 17]","[174.05, 37]",164.74,117,17.47,0.08
07:33:15,"[157.24, 126]","[155.99, 72]","[169.93, 42]","[171.62, 42]",163.58,282,12.69,0.4
07:33:16,"[158.0, 117]","[157.0, 65]","[167.49, 61]","[168.35, 17]",162.75,260,9.49,0.4
07:33:17,"[159.67, 66]","[157.69, 81]","[165.12, 40]","[258.71, 24]",162.4,211,5.46,0.39
07:33:18,"[159.36, 33]","[157.83, 87]","[268.0, 18]","[385.17, 36]",213.68,174,108.64,0.38
07:33:19,"[158.0, 53]","[156.17, 87]","[349.33, 27]","[431.76, 17]",253.67,184,191.33,0.52
07:33:20,"[158.0, 36]","[156.15, 106]","[397.84, 25]","[467.08, 24]",277.92,191,239.84,0.49
07:33:21,"[158.81, 81]","[157.43, 70]","[169.49, 51]","[257.79, 24]",164.15,226,10.68,0.34
07:33:22,"[158.67, 73]","[157.25, 85]","[163.67, 51]","[187.65, 31]",161.17,240,5.0,0.32
07:33:23,"[160.84, 19]","[158.3, 66]","[199.55, 20]","[304.14, 14]",180.2,119,38.71,0.43
07:33:24,"[160.36, 33]","[157.88, 51]","[303.68, 19]","[337.45, 22]",232.02,125,143.32,0.34
07:33:25,"[160.0, 71]","[157.44, 96]","[260.0, 24]","[255.0, 30]",210.0,221,100.0,0.51
07:33:26,"[157.0, 25]","[156.0, 40]","[160.1, 10]","[162.0, 20]",158.55,95,3.1,0.37
07:33:27,"[157.95, 22]","[156.64, 11]","[160.0, 8]","[162.0, 16]",158.98,57,2.05,0.16
07:33:28,"[157.93, 29]","[156.56, 18]","[159.82, 11]","[164.63, 19]",158.87,77,1.89,0.22
07:33:29,"[155.87, 15]","[152.75, 24]","[218.43, 28]","[398.97, 30]",187.15,97,62.56,-0.2
07:33:30,"[157.0, 12]","[155.0, 6]","[264.0, 18]","[503.57, 14]",210.5,50,107.0,-0.28
07:33:31,"[157.67, 6]","[156.56, 9]","[264.0, 9]","[570.0, 3]",210.83,27,106.33,0.11
07:33:32,"[159.44, 18]","[157.58, 69]","[264.0, 27]","[623.0, 45]",211.72,159,104.56,0.09
07:33:33,"[160.0, 24]","[159.0, 120]","[340.6, 40]","[561.66, 56]",250.3,240,180.6,0.2
07:33:34,"[160.0, 18]","[159.0, 90]","[525.56, 27]","[691.0, 45]",342.78,180,365.56,0.2
07:33:35,"[159.12, 138]","[158.02, 61]","[206.57, 69]","[420.57, 63]",182.84,331,47.45,0.2
07:33:36,"[164.0, 8]","[159.0, 40]","[206.0, 16]","[207.0, 20]",185.0,84,42.0,0.14
07:33:37,"[159.0, 90]","[155.0, 9]","[204.78, 36]","[256.45, 31]",181.89,166,45.78,0.19
07:33:38,"[159.0, 40]","[155.0, 4]","[204.0, 16]","[404.4, 10]",181.5,70,45.0,0.26
07:33:39,"[159.0, 80]","[155.0, 8]","[204.0, 32]","[464.82, 22]",181.5,142,45.0,0.24
07:33:40,"[158.94, 83]","[155.46, 13]","[203.09, 44]","[245.0, 22]",181.02,162,44.15,0.19
07:33:41,"[157.93, 73]","[154.81, 31]","[202.86, 56]","[231.42, 67]",180.39,227,44.93,-0.08
07:33:42,"[163.0, 18]","[158.0, 60]","[202.0, 24]","[327.8, 10]",182.5,112,39.0,0.39
07:33:43,"[163.18, 22]","[158.83, 72]","[201.0, 30]","[202.0, 40]",182.09,164,37.82,0.15
07:33:44,"[163.12, 8]","[158.21, 73]","[189.8, 20]","[200.08, 24]",176.46,125,26.68,0.3
07:33:45,"[158.28, 106]","[157.46, 104]","[178.25, 61]","[184.41, 51]",168.26,322,19.96,0.3
07:33:46,"[158.0, 80]","[156.67, 36]","[177.15, 27]","[178.1, 29]",167.57,172,19.15,0.35
07:33:47,"[158.0, 120]","[156.0, 72]","[173.98, 45]","[175.46, 39]",165.99,276,15.98,0.39
07:33:48,"[158.0, 55]","[156.0, 36]","[171.17, 23]","[172.16, 19]",164.59,133,13.17,0.37
07:33:49,"[158.0, 30]","[156.0, 36]","[168.17, 18]","[170.0, 24]",163.08,108,10.17,0.22
07:33:50,"[156.91, 44]","[155.55, 44]","[164.07, 29]","[165.63, 27]",160.49,144,7.16,0.22
07:33:51,"[156.0, 52]","[155.0, 45]","[163.0, 36]","[164.0, 27]",159.5,160,7.0,0.21
07:33:52,"[156.4, 40]","[155.28, 58]","[163.0, 40]","[164.0, 30]",159.7,168,6.6,0.17
07:33:53,"[156.43, 49]","[155.51, 71]","[160.0, 60]","[168.02, 58]",158.21,238,3.57,0.01
07:33:54,"[156.0, 40]","[155.0, 50]","[160.26, 47]","[161.35, 43]",158.13,180,4.26,0.0
07:33:55,"[156.0, 40]","[155.0, 50]","[159.9, 50]","[161.0, 40]",157.95,180,3.9,0.0
07:33:56,"[156.0, 36]","[155.0, 45]","[157.55, 44]","[158.78, 37]",156.77,162,1.55,0.0
07:33:57,"[155.31, 58]","[153.74, 95]","[157.46, 35]","[164.96, 49]",156.38,237,2.15,0.29
07:33:58,"[155.0, 50]","[152.0, 60]","[158.3, 37]","[253.4, 10]",156.65,157,3.3,0.4
07:33:59,"[155.0, 60]","[151.0, 72]","[176.08, 24]","[246.1, 20]",165.54,176,21.08,0.5
07:34:00,"[153.0, 60]","[150.78, 46]","[160.61, 23]","[170.31, 29]",156.8,158,7.61,0.34
07:34:01,"[151.93, 252]","[150.21, 140]","[161.41, 41]","[178.08, 49]",156.67,482,9.49,0.63
07:34:02,"[152.69, 26]","[149.4, 80]","[169.27, 33]","[198.0, 27]",160.98,166,16.58,0.28
07:34:03,"[165.0, 8]","[162.0, 8]","[172.0, 24]","[211.0, 16]",168.5,56,7.0,-0.43
07:34:04,"[165.0, 13]","[162.0, 13]","[170.22, 40]","[219.21, 43]",167.61,109,5.22,-0.52
07:34:05,"[164.0, 15]","[159.75, 40]","[182.3, 47]","[245.72, 53]",173.15,155,18.3,-0.29
07:34:06,"[159.12, 25]","[154.5, 44]","[325.0, 10]","[445.2, 20]",242.06,99,165.88,0.39
07:34:07,"[159.0, 54]","[153.14, 74]","[438.0, 24]","[568.11, 36]",298.5,188,279.0,0.36
07:34:08,"[159.2, 60]","[153.9, 80]","[600.6, 40]","[677.0, 40]",379.9,220,441.4,0.27
07:34:09,"[159.0, 30]","[153.14, 28]","[375.0, 20]","[420.0, 20]",267.0,98,216.0,0.18
07:34:10,"[159.0, 48]","[154.0, 16]","[418.73, 11]","[446.12, 32]",288.86,107,259.73,0.2
07:34:11,"[159.65, 43]","[157.7, 54]","[211.97, 31]","[418.89, 19]",185.81,147,52.32,0.32
07:34:12,"[159.0, 60]","[153.0, 96]","[189.29, 21]","[279.05, 39]",174.14,216,30.29,0.44
07:34:13,"[159.0, 70]","[155.42, 62]","[186.43, 14]","[296.76, 42]",172.71,188,27.43,0.4
07:34:14,"[164.0, 12]","[159.0, 30]","[184.09, 22]","[204.5, 8]",174.05,72,20.09,0.17
07:34:15,"[159.98, 41]","[158.38, 53]","[181.16, 37]","[182.33, 51]",170.57,182,21.19,0.03
07:34:16,"[158.0, 11]","[157.0, 143]","[176.91, 35]","[177.8, 20]",167.46,209,18.91,0.47
07:34:17,"[157.0, 121]","[153.58, 86]","[174.3, 30]","[175.57, 30]",165.65,267,17.3,0.55
07:34:18,"[161.1, 61]","[156.75, 120]","[168.89, 38]","[170.06, 33]",165.0,252,7.8,0.44
07:34:19,"[157.69, 109]","[154.65, 153]","[161.27, 22]","[164.1, 39]",159.48,323,3.58,0.62
07:34:20,"[157.0, 7]","[154.08, 52]","[427.31, 13]","[532.25, 16]",292.15,88,270.31,0.34
07:34:21,"[157.38, 16]","[154.53, 38]","[196.09, 33]","[489.59, 27]",176.73,114,38.72,-0.05
07:34:22,"[156.0, 5]","[152.0, 80]","[160.2, 15]","[293.36, 11]",158.1,111,4.2,0.53
07:34:23,"[156.0, 7]","[152.28, 64]","[161.0, 21]","[273.76, 17]",158.5,109,5.0,0.3
07:34:24,"[156.0, 49]","[152.0, 176]","[160.42, 60]","[202.65, 46]",158.21,331,4.42,0.36
07:34:25,"[156.0, 28]","[152.96, 81]","[160.57, 21]","[353.21, 19]",158.29,149,4.57,0.46
07:34:26,"[156.0, 23]","[152.43, 90]","[160.0, 24]","[418.34, 29]",158.0,166,4.0,0.36
07:34:27,"[158.49, 49]","[157.6, 25]","[160.0, 27]","[303.0, 24]",159.24,125,1.51,0.18
07:34:28,"[158.81, 52]","[156.33, 60]","[210.0, 30]","[350.79, 38]",184.4,180,51.19,0.24
07:34:29,"[159.43, 35]","[158.21, 66]","[229.32, 25]","[345.73, 40]",194.37,166,69.89,0.22
07:34:30,"[161.0, 21]","[159.0, 60]","[224.8, 20]","[350.94, 33]",192.9,134,63.8,0.21
07:34:31,"[161.0, 18]","[159.0, 72]","[253.88, 24]","[277.5, 24]",207.44,138,92.88,0.3
07:34:32,"[161.0, 18]","[159.0, 96]","[270.0, 40]","[290.0, 24]",215.5,178,109.0,0.28
07:34:33,"[159.2, 80]","[157.41, 102]","[260.0, 24]","[319.17, 29]",209.6,235,100.8,0.55
07:34:34,"[159.0, 96]","[156.0, 72]","[458.66, 35]","[491.97, 31]",308.83,234,299.66,0.44
07:34:35,"[159.0, 108]","[156.0, 81]","[383.53, 38]","[421.68, 38]",271.26,265,224.53,0.43
07:34:36,"[159.0, 37]","[156.0, 72]","[162.88, 26]","[175.64, 28]",160.94,163,3.88,0.34
07:34:37,"[156.32, 111]","[155.32, 65]","[159.88, 51]","[246.0, 41]",158.1,268,3.56,0.31
07:34:38,"[156.0, 81]","[152.0, 9]","[220.0, 33]","[244.67, 36]",188.0,159,64.0,0.13
07:34:39,"[156.06, 51]","[154.84, 38]","[224.98, 64]","[296.0, 47]",190.52,200,68.93,-0.11
07:34:40,"[162.12, 32]","[156.72, 58]","[295.32, 57]","[488.4, 47]",228.72,194,133.19,-0.07
07:34:41,"[162.0, 12]","[157.0, 78]","[419.29, 28]","[643.65, 17]",290.64,135,257.29,0.33
07:34:42,"[162.0, 14]","[157.0, 100]","[403.65, 26]","[465.38, 24]",282.83,164,241.65,0.39
07:34:43,"[162.0, 20]","[157.0, 100]","[410.0, 50]","[465.6, 25]",286.0,195,248.0,0.23
07:34:44,"[162.0, 16]","[157.0, 80]","[384.15, 39]","[475.58, 26]",273.08,161,222.15,0.19
07:34:45,"[162.0, 20]","[158.13, 23]","[270.7, 50]","[296.0, 42]",216.35,135,108.7,-0.36
07:34:46,"[157.64, 50]","[156.95, 44]","[178.8, 50]","[202.2, 50]",168.22,194,21.16,-0.03
07:34:47,"[157.09, 44]","[156.76, 42]","[177.61, 41]","[178.89, 45]",167.35,172,20.52,0.0
07:34:48,"[157.15, 47]","[156.85, 66]","[159.82, 56]","[160.5, 20]",158.49,189,2.67,0.2
07:34:49,"[156.82, 44]","[154.93, 30]","[158.21, 47]","[159.04, 47]",157.52,168,1.39,-0.12
07:34:50,"[155.17, 29]","[151.17, 58]","[157.04, 23]","[159.11, 56]",156.11,166,1.87,0.05
07:34:51,"[154.25, 20]","[152.78, 27]","[158.86, 14]","[162.36, 11]",156.55,72,4.61,0.31
07:34:52,"[153.0, 30]","[152.0, 10]","[160.3, 40]","[161.75, 12]",156.65,92,7.3,-0.13
07:34:53,"[154.6, 15]","[152.55, 11]","[159.0, 16]","[161.0, 12]",156.8,54,4.4,-0.04
07:34:54,"[152.33, 36]","[78.22, 36]","[158.07, 30]","[159.97, 29]",155.2,131,5.73,0.1
07:34:55,"[152.0, 36]","[133.89, 36]","[156.55, 38]","[158.04, 45]",154.28,155,4.55,-0.07
07:34:56,"[152.49, 55]","[145.49, 43]","[155.67, 63]","[156.48, 83]",154.08,244,3.18,-0.2
07:34:57,"[148.12, 33]","[134.86, 59]","[155.07, 27]","[156.15, 55]",151.6,174,6.95,0.06
07:34:58,"[143.0, 28]","[119.46, 57]","[154.67, 45]","[155.45, 20]",148.83,150,11.67,0.13
07:34:59,"[152.96, 93]","[129.96, 27]","[154.5, 30]","[155.8, 25]",153.73,175,1.54,0.37
07:35:00,"[154.51, 55]","[153.42, 24]","[179.57, 14]","[291.61, 36]",167.04,129,25.06,0.22
07:35:01,"[164.0, 9]","[161.86, 72]","[203.0, 9]","[494.88, 34]",183.5,124,39.0,0.31
07:35:02,"[162.33, 42]","[161.67, 75]","[199.86, 42]","[201.0, 15]",181.1,174,37.52,0.34
07:35:03,"[162.0, 37]","[156.82, 11]","[195.08, 26]","[199.09, 35]",178.54,109,33.08,-0.12
07:35:04,"[162.0, 28]","[159.0, 42]","[168.04, 46]","[173.46, 52]",165.02,168,6.04,-0.17
07:35:05,"[158.35, 31]","[153.57, 21]","[160.97, 38]","[164.64, 25]",159.66,115,2.62,-0.1
07:35:06,"[157.0, 33]","[156.0, 12]","[158.46, 26]","[159.6, 30]",157.73,101,1.46,-0.11
07:35:07,"[154.29, 17]","[151.33, 33]","[184.68, 25]","[293.39, 23]",169.49,98,30.39,0.02
07:35:08,"[159.35, 23]","[150.87, 30]","[326.33, 12]","[340.82, 17]",242.84,82,166.99,0.29
07:35:09,"[150.17, 24]","[145.67, 24]","[181.0, 12]","[275.33, 9]",165.58,69,30.83,0.39
07:35:10,"[149.0, 16]","[116.88, 32]","[150.25, 16]","[153.0, 8]",149.62,72,1.25,0.33
07:35:11,"[149.0, 18]","[106.44, 36]","[150.0, 18]","[153.0, 9]",149.5,81,1.0,0.33
07:35:12,"[153.67, 18]","[118.11, 18]","[166.5, 8]","[239.22, 18]",160.08,62,12.83,0.16
07:35:13,"[156.41, 44]","[153.0, 24]","[183.0, 10]","[240.6, 25]",169.7,103,26.59,0.32
07:35:14,"[161.5, 72]","[156.29, 42]","[295.6, 15]","[398.61, 18]",228.55,147,134.1,0.55
07:35:15,"[164.0, 210]","[158.75, 40]","[379.83, 23]","[599.77, 22]",271.91,295,215.83,0.69
07:35:16,"[164.0, 168]","[160.6, 40]","[332.62, 21]","[486.62, 21]",248.31,250,168.62,0.66
07:35:17,"[164.0, 126]","[161.91, 33]","[221.75, 16]","[300.03, 31]",192.88,206,57.75,0.54
07:35:18,"[164.0, 140]","[159.0, 30]","[295.16, 31]","[437.19, 16]",229.58,217,131.16,0.57
07:35:19,"[164.0, 124]","[160.5, 18]","[461.92, 12]","[551.7, 27]",312.96,181,297.92,0.57
07:35:20,"[164.0, 165]","[162.0, 10]","[534.0, 10]","[580.55, 22]",349.0,207,370.0,0.69
07:35:21,"[164.0, 147]","[162.0, 8]","[352.75, 8]","[538.12, 8]",258.38,171,188.75,0.81
07:35:22,"[164.0, 176]","[162.0, 19]","[327.5, 12]","[414.33, 15]",245.75,222,163.5,0.76
07:35:23,"[164.0, 160]","[162.0, 20]","[211.33, 12]","[259.11, 18]",187.67,210,47.33,0.71
07:35:24,"[164.0, 256]","[162.0, 27]","[172.56, 18]","[226.9, 20]",168.28,321,8.56,0.76
07:35:25,"[164.0, 163]","[162.0, 13]","[180.0, 26]","[303.67, 21]",172.0,223,16.0,0.58
07:35:26,"[164.0, 101]","[162.0, 11]","[180.0, 22]","[516.91, 23]",172.0,157,16.0,0.43
07:35:27,"[164.0, 58]","[162.0, 8]","[179.0, 16]","[370.0, 8]",171.5,90,15.0,0.47
07:35:28,"[164.0, 96]","[162.0, 12]","[175.75, 24]","[494.5, 12]",169.88,144,11.75,0.5
07:35:29,"[164.0, 67]","[162.0, 9]","[174.0, 27]","[175.0, 18]",169.0,121,10.0,0.26
07:35:30,"[164.0, 77]","[162.0, 11]","[174.0, 33]","[175.0, 22]",169.0,143,10.0,0.23
07:35:31,"[164.0, 100]","[162.0, 16]","[172.0, 48]","[175.0, 32]",168.0,196,8.0,0.18
07:35:32,"[164.0, 42]","[162.0, 10]","[170.39, 23]","[171.89, 27]",167.2,102,6.39,0.02
07:35:33,"[161.46, 39]","[159.06, 101]","[169.79, 28]","[170.89, 37]",165.62,205,8.32,0.37
07:35:34,"[159.49, 74]","[158.63, 86]","[167.03, 32]","[168.74, 38]",163.26,230,7.54,0.39
07:35:35,"[159.0, 46]","[157.89, 27]","[164.07, 15]","[165.2, 20]",161.53,108,5.07,0.35
07:35:36,"[159.0, 62]","[157.0, 36]","[161.66, 29]","[163.19, 31]",160.33,158,2.66,0.24
07:35:37,"[159.0, 41]","[157.0, 30]","[270.0, 15]","[389.14, 7]",214.5,93,111.0,0.53
07:35:38,"[158.89, 36]","[156.54, 35]","[426.07, 29]","[428.0, 6]",292.48,106,267.18,0.34
07:35:39,"[160.16, 19]","[155.11, 38]","[390.12, 32]","[426.27, 44]",275.14,133,229.97,-0.14
07:35:40,"[157.0, 5]","[155.0, 20]","[375.0, 20]","[398.59, 17]",266.0,62,218.0,-0.19
07:35:41,"[155.16, 19]","[154.47, 19]","[302.0, 30]","[395.0, 40]",228.58,108,146.84,-0.3
07:35:42,"[154.0, 7]","[153.0, 7]","[377.77, 22]","[549.1, 10]",265.89,46,223.77,-0.39
07:35:43,"[159.57, 42]","[155.62, 24]","[647.33, 36]","[0, 0]",403.45,102,487.76,0.29
07:35:44,"[164.0, 56]","[157.0, 48]","[594.0, 24]","[717.69, 29]",379.0,157,430.0,0.32
07:35:45,"[164.0, 35]","[159.0, 20]","[307.4, 15]","[471.6, 15]",235.7,85,143.4,0.29
07:35:46,"[164.0, 84]","[161.68, 37]","[213.86, 44]","[266.37, 41]",188.93,206,49.86,0.17
07:35:47,"[164.0, 56]","[162.0, 24]","[168.93, 30]","[170.31, 26]",166.47,136,4.93,0.18
07:35:48,"[164.0, 55]","[162.0, 27]","[167.74, 34]","[169.45, 29]",165.87,145,3.74,0.13
07:35:49,"[163.89, 35]","[161.31, 35]","[166.43, 42]","[310.0, 44]",165.16,156,2.54,-0.1
07:35:50,"[162.0, 14]","[159.0, 30]","[165.0, 24]","[306.0, 24]",163.5,92,3.0,-0.04
07:35:51,"[161.57, 35]","[158.79, 56]","[163.94, 34]","[183.0, 44]",162.76,169,2.37,0.08
07:35:52,"[159.0, 50]","[157.0, 60]","[162.4, 30]","[261.64, 36]",160.7,176,3.4,0.25
07:35:53,"[159.0, 8]","[157.0, 24]","[161.75, 12]","[332.4, 15]",160.38,59,2.75,0.08
07:35:54,"[158.0, 64]","[156.33, 24]","[160.1, 30]","[397.6, 30]",159.05,148,2.1,0.19
07:35:55,"[157.0, 18]","[156.0, 18]","[160.0, 27]","[532.0, 27]",158.5,90,3.0,-0.2
07:35:56,"[157.0, 16]","[156.0, 16]","[159.5, 24]","[369.0, 23]",158.25,79,2.5,-0.19
07:35:57,"[157.64, 22]","[156.5, 16]","[159.0, 22]","[189.3, 30]",158.32,90,1.36,-0.16
07:35:58,"[155.08, 37]","[153.97, 71]","[157.38, 24]","[353.05, 37]",156.23,169,2.29,0.28
07:35:59,"[154.0, 60]","[149.2, 10]","[156.0, 30]","[158.0, 10]",155.0,110,2.0,0.27
07:36:00,"[154.0, 61]","[124.21, 14]","[220.81, 37]","[337.52, 29]",187.41,141,66.81,0.06
07:36:01,"[153.3, 23]","[151.92, 38]","[159.0, 19]","[241.71, 35]",156.15,115,5.7,0.06
07:36:02,"[152.98, 66]","[151.76, 29]","[159.0, 11]","[240.91, 33]",155.99,139,6.02,0.37
07:36:03,"[155.2, 60]","[154.83, 36]","[302.42, 19]","[343.11, 27]",228.81,142,147.22,0.35
07:36:04,"[157.42, 57]","[156.12, 50]","[572.0, 20]","[642.0, 40]",364.71,167,414.58,0.28
07:36:05,"[165.0, 27]","[162.0, 27]","[518.54, 26]","[650.18, 34]",341.77,114,353.54,-0.05
07:36:06,"[165.0, 30]","[162.0, 30]","[544.62, 47]","[630.41, 41]",354.81,148,379.62,-0.19
07:36:07,"[162.0, 24]","[161.0, 32]","[487.59, 22]","[533.55, 29]",324.8,107,325.59,0.05
07:36:08,"[162.0, 24]","[161.0, 32]","[327.38, 37]","[473.5, 30]",244.69,123,165.38,-0.09
07:36:09,"[162.0, 21]","[161.0, 28]","[252.43, 35]","[356.08, 26]",207.21,110,90.43,-0.11
07:36:10,"[162.13, 30]","[161.12, 50]","[321.15, 54]","[424.94, 51]",241.64,185,159.01,-0.14
07:36:11,"[162.0, 73]","[161.0, 56]","[337.08, 53]","[418.56, 39]",249.54,221,175.08,0.17
07:36:12,"[162.0, 132]","[161.0, 48]","[225.8, 45]","[259.12, 43]",193.9,268,63.8,0.34
07:36:13,"[162.0, 153]","[161.0, 60]","[220.45, 65]","[221.49, 53]",191.22,331,58.45,0.29
07:36:14,"[162.0, 130]","[161.0, 52]","[215.12, 48]","[215.91, 54]",188.56,284,53.12,0.28
07:36:15,"[162.0, 130]","[161.0, 52]","[208.88, 42]","[209.79, 53]",185.44,277,46.88,0.31
07:36:16,"[162.0, 112]","[161.0, 52]","[184.46, 52]","[194.48, 42]",173.23,258,22.46,0.27
07:36:17,"[160.6, 15]","[157.15, 39]","[162.62, 26]","[164.0, 16]",161.61,96,2.02,0.12
07:36:18,"[157.02, 85]","[156.63, 19]","[160.94, 33]","[161.97, 33]",158.98,170,3.92,0.22
07:36:19,"[157.0, 76]","[156.0, 7]","[158.0, 35]","[159.0, 14]",157.5,132,1.0,0.26
07:36:20,"[157.0, 37]","[156.0, 10]","[158.0, 50]","[159.8, 20]",157.5,117,1.0,-0.2
07:36:21,"[157.0, 36]","[156.0, 12]","[158.93, 30]","[162.92, 24]",157.97,102,1.93,-0.06
07:36:22,"[158.78, 27]","[156.96, 25]","[160.0, 18]","[164.78, 18]",159.39,88,1.22,0.18
07:36:23,"[157.29, 21]","[156.25, 12]","[159.3, 33]","[162.0, 20]",158.29,86,2.02,-0.23
07:36:24,"[151.44, 27]","[124.18, 11]","[158.24, 21]","[160.2, 15]",154.84,74,6.79,0.03
07:36:25,"[151.76, 21]","[141.0, 6]","[153.0, 15]","[157.0, 20]",152.38,62,1.24,-0.13
07:36:26,"[152.0, 44]","[125.74, 23]","[154.1, 29]","[157.35, 34]",153.05,130,2.1,0.03
07:36:27,"[154.67, 15]","[149.73, 33]","[157.62, 16]","[162.6, 15]",156.15,79,2.96,0.22
07:36:28,"[152.0, 26]","[116.38, 13]","[160.0, 6]","[362.33, 6]",156.0,51,8.0,0.53
07:36:29,"[154.71, 21]","[152.96, 27]","[159.02, 41]","[193.78, 9]",156.87,98,4.31,-0.02
07:36:30,"[157.0, 18]","[156.0, 20]","[159.0, 30]","[160.0, 6]",158.0,74,2.0,0.03
07:36:31,"[157.17, 12]","[153.29, 21]","[158.92, 13]","[159.8, 5]",158.04,51,1.76,0.29
07:36:32,"[150.64, 28]","[146.08, 13]","[157.5, 4]","[159.0, 4]",154.07,49,6.86,0.67
07:36:33,"[150.0, 40]","[75.75, 4]","[156.08, 13]","[157.5, 4]",153.04,61,6.08,0.44
07:36:34,"[150.0, 40]","[69.0, 4]","[155.0, 10]","[156.0, 10]",152.5,64,5.0,0.38
07:36:35,"[150.83, 36]","[149.89, 95]","[152.84, 49]","[153.82, 17]",151.84,197,2.0,0.33
07:36:36,"[151.0, 14]","[148.0, 75]","[157.0, 13]","[172.9, 20]",154.0,122,6.0,0.46
07:36:37,"[158.1, 71]","[148.14, 66]","[159.27, 11]","[288.6, 20]",158.69,168,1.17,0.63
07:36:38,"[159.0, 111]","[148.14, 22]","[160.0, 4]","[554.0, 4]",159.5,141,1.0,0.89
07:36:39,"[159.0, 138]","[148.73, 11]","[160.0, 5]","[386.5, 8]",159.5,162,1.0,0.84
07:36:40,"[159.0, 162]","[157.53, 51]","[160.0, 6]","[219.0, 24]",159.5,243,1.0,0.75
07:36:41,"[159.0, 270]","[155.39, 132]","[329.94, 34]","[482.65, 34]",244.47,470,170.94,0.71
07:36:42,"[159.0, 183]","[156.0, 18]","[252.42, 31]","[488.15, 20]",205.71,252,93.42,0.6
07:36:43,"[159.0, 68]","[156.0, 8]","[160.0, 16]","[676.0, 12]",159.5,104,1.0,0.46
07:36:44,"[159.0, 85]","[156.0, 10]","[160.0, 20]","[605.14, 7]",159.5,122,1.0,0.56
07:36:45,"[159.22, 109]","[158.63, 82]","[390.75, 28]","[588.31, 13]",274.99,232,231.53,0.65
07:36:46,"[160.69, 29]","[159.28, 106]","[569.52, 25]","[752.89, 27]",365.1,187,408.83,0.44
07:36:47,"[164.0, 7]","[161.57, 56]","[459.29, 21]","[763.0, 28]",311.64,112,295.29,0.12
07:36:48,"[164.0, 4]","[162.0, 52]","[438.0, 12]","[763.0, 16]",301.0,84,274.0,0.33
07:36:49,"[162.3, 46]","[160.84, 148]","[481.86, 35]","[687.91, 35]",322.08,264,319.55,0.47
07:36:50,"[162.0, 143]","[159.0, 209]","[442.9, 40]","[599.77, 35]",302.45,427,280.9,0.65
07:36:51,"[162.0, 156]","[159.0, 63]","[184.33, 36]","[292.5, 36]",173.17,291,22.33,0.51
07:36:52,"[162.0, 101]","[159.0, 39]","[333.15, 26]","[513.38, 24]",247.58,190,171.15,0.47
07:36:53,"[162.0, 110]","[159.0, 60]","[408.17, 48]","[663.46, 37]",285.08,255,246.17,0.33
07:36:54,"[162.0, 26]","[159.0, 30]","[369.0, 24]","[706.5, 26]",265.5,106,207.0,0.06
07:36:55,"[162.0, 22]","[159.0, 50]","[278.57, 44]","[323.27, 45]",220.28,161,116.57,-0.11
07:36:56,"[159.3, 10]","[156.78, 46]","[224.93, 42]","[249.53, 34]",192.11,132,65.63,-0.15
07:36:57,"[156.51, 41]","[155.83, 72]","[212.58, 36]","[225.48, 29]",184.55,178,56.07,0.27
07:36:58,"[156.0, 87]","[150.0, 9]","[157.15, 26]","[176.12, 17]",156.58,139,1.15,0.38
07:36:59,"[156.41, 58]","[154.94, 34]","[159.0, 20]","[252.0, 50]",157.71,162,2.59,0.14
07:37:00,"[156.33, 73]","[153.0, 42]","[159.0, 28]","[469.3, 56]",157.66,199,2.67,0.16
07:37:01,"[156.0, 80]","[150.59, 22]","[157.81, 47]","[368.51, 51]",156.9,200,1.81,0.02
07:37:02,"[156.0, 24]","[154.43, 14]","[157.0, 27]","[159.0, 16]",156.5,81,1.0,-0.06
07:37:03,"[156.5, 18]","[155.82, 33]","[158.67, 24]","[246.96, 23]",157.58,98,2.17,0.04
07:37:04,"[157.93, 15]","[156.77, 13]","[229.0, 16]","[314.33, 30]",193.47,74,71.07,-0.24
07:37:05,"[160.0, 27]","[159.0, 23]","[291.19, 21]","[516.52, 25]",225.6,96,131.19,0.04
07:37:06,"[160.0, 33]","[159.0, 44]","[163.0, 11]","[426.92, 48]",161.5,136,3.0,0.13
07:37:07,"[161.22, 27]","[159.0, 36]","[163.0, 9]","[193.0, 45]",162.11,117,1.78,0.08
07:37:08,"[162.0, 33]","[159.0, 44]","[163.0, 11]","[193.0, 55]",162.5,143,1.0,0.08
07:37:09,"[160.05, 43]","[157.98, 41]","[162.5, 12]","[290.22, 32]",161.27,128,2.45,0.31
07:37:10,"[158.62, 47]","[156.77, 39]","[161.92, 13]","[277.85, 13]",160.27,112,3.31,0.54
07:37:11,"[156.5, 12]","[153.17, 24]","[159.35, 17]","[295.38, 8]",157.93,61,2.85,0.18
07:37:12,"[152.16, 25]","[151.4, 10]","[157.0, 28]","[164.29, 7]",154.58,70,4.84,0.0
07:37:13,"[152.0, 36]","[151.0, 9]","[156.5, 40]","[159.47, 30]",154.25,115,4.5,-0.22
07:37:14,"[152.0, 36]","[151.0, 9]","[156.0, 45]","[157.0, 36]",154.0,126,4.0,-0.29
07:37:15,"[153.09, 11]","[151.86, 14]","[161.0, 10]","[163.0, 5]",157.05,40,7.91,0.25
07:37:16,"[156.0, 9]","[152.0, 36]","[161.0, 12]","[163.0, 9]",158.5,66,5.0,0.36
07:37:17,"[155.43, 7]","[151.96, 25]","[161.0, 7]","[163.0, 7]",158.21,46,5.57,0.39
07:37:18,"[152.0, 8]","[151.0, 8]","[161.0, 8]","[163.0, 8]",156.5,32,9.0,0.0
07:37:19,"[155.7, 27]","[151.5, 4]","[161.0, 4]","[163.0, 4]",158.35,39,5.3,0.59
07:37:20,"[133.75, 16]","[119.18, 44]","[155.02, 51]","[158.2, 35]",144.38,146,21.27,-0.18
07:37:21,"[114.62, 42]","[104.07, 30]","[151.18, 44]","[153.0, 55]",132.9,171,36.56,-0.16
07:37:22,"[140.33, 30]","[120.29, 70]","[148.93, 60]","[152.29, 31]",144.63,191,8.6,0.05
07:37:23,"[144.0, 16]","[118.56, 32]","[147.07, 29]","[150.0, 10]",145.53,87,3.07,0.1
07:37:24,"[144.0, 10]","[126.6, 10]","[149.0, 25]","[151.0, 5]",146.5,50,5.0,-0.2
07:37:25,"[83.71, 14]","[11.0, 10]","[149.0, 28]","[151.0, 7]",116.36,59,65.29,-0.19
07:37:26,"[67.0, 5]","[66.0, 10]","[149.0, 20]","[151.0, 5]",108.0,40,82.0,-0.25
07:37:27,"[77.12, 17]","[66.32, 19]","[148.24, 34]","[149.0, 33]",112.68,103,71.12,-0.3
07:37:28,"[126.47, 36]","[116.46, 41]","[148.64, 44]","[149.29, 21]",137.55,142,22.16,0.08
07:37:29,"[122.5, 12]","[115.0, 13]","[149.0, 16]","[151.0, 5]",135.75,46,26.5,0.09
07:37:30,"[145.0, 28]","[117.7, 20]","[149.0, 19]","[151.0, 7]",147.0,74,4.0,0.3
07:37:31,"[145.56, 18]","[118.93, 30]","[149.0, 24]","[151.0, 12]",147.28,84,3.44,0.14
07:37:32,"[146.83, 6]","[135.0, 24]","[150.0, 8]","[152.33, 6]",148.42,44,3.17,0.36
07:37:33,"[147.0, 6]","[127.89, 19]","[151.0, 6]","[153.0, 6]",149.0,37,4.0,0.35
07:37:34,"[147.75, 4]","[125.08, 13]","[151.0, 4]","[153.0, 4]",149.38,25,3.25,0.36
07:37:35,"[149.2, 15]","[129.25, 16]","[152.71, 7]","[154.95, 37]",150.96,75,3.51,-0.17
07:37:36,"[150.0, 18]","[148.0, 6]","[335.4, 10]","[207.71, 28]",242.7,62,185.4,-0.23
07:37:37,"[154.45, 20]","[153.0, 32]","[393.57, 28]","[461.0, 28]",274.01,108,239.12,-0.04
07:37:38,"[158.07, 15]","[154.45, 31]","[255.92, 12]","[323.86, 21]",206.99,79,97.85,0.16
07:37:39,"[161.39, 82]","[153.62, 37]","[171.31, 35]","[219.67, 18]",166.35,172,9.92,0.38
07:37:40,"[162.0, 156]","[158.08, 26]","[167.54, 37]","[169.6, 40]",164.77,259,5.54,0.41
07:37:41,"[162.62, 52]","[161.67, 54]","[165.0, 22]","[166.0, 28]",163.81,156,2.38,0.36
07:37:42,"[162.07, 82]","[161.16, 75]","[165.76, 37]","[168.1, 40]",163.91,234,3.68,0.34
07:37:43,"[162.0, 25]","[160.93, 58]","[164.93, 30]","[197.17, 24]",163.47,137,2.93,0.21
07:37:44,"[161.06, 16]","[158.73, 45]","[163.03, 29]","[198.4, 15]",162.05,105,1.97,0.16
07:37:45,"[159.52, 31]","[158.38, 58]","[162.0, 44]","[356.89, 36]",160.76,169,2.48,0.05
07:37:46,"[159.29, 28]","[158.43, 28]","[161.33, 24]","[230.25, 32]",160.31,112,2.05,0.0
07:37:47,"[158.75, 32]","[156.67, 24]","[371.98, 46]","[438.25, 53]",265.36,155,213.23,-0.28
07:37:48,"[157.0, 4]","[156.0, 8]","[332.8, 10]","[418.62, 16]",244.9,38,175.8,-0.37
07:37:49,"[157.0, 6]","[156.0, 12]","[184.44, 18]","[285.86, 22]",170.72,58,27.44,-0.38
07:37:50,"[158.91, 44]","[156.6, 10]","[204.53, 19]","[351.62, 26]",181.72,99,45.62,0.09
07:37:51,"[159.0, 70]","[157.0, 10]","[166.73, 22]","[201.0, 28]",162.86,130,7.73,0.23
07:37:52,"[159.0, 70]","[157.0, 10]","[164.36, 33]","[313.98, 42]",161.68,155,5.36,0.03
07:37:53,"[159.42, 77]","[158.81, 53]","[316.89, 37]","[408.25, 32]",238.15,199,157.48,0.31
07:37:54,"[161.0, 58]","[159.0, 108]","[370.76, 41]","[456.74, 39]",265.88,246,209.76,0.35
07:37:55,"[162.0, 12]","[159.0, 24]","[409.0, 10]","[552.14, 7]",285.5,53,247.0,0.36
07:37:56,"[162.0, 66]","[159.0, 132]","[408.74, 27]","[472.06, 51]",285.37,276,246.74,0.43
07:37:57,"[162.5, 16]","[160.5, 48]","[316.07, 14]","[424.2, 20]",239.29,98,153.57,0.31
07:37:58,"[162.07, 29]","[159.2, 90]","[266.89, 28]","[277.0, 27]",214.48,174,104.82,0.37
07:37:59,"[162.0, 48]","[159.0, 108]","[264.11, 19]","[265.16, 19]",213.05,194,102.11,0.61
07:38:00,"[162.0, 26]","[159.0, 60]","[262.0, 15]","[263.0, 5]",212.0,106,100.0,0.62
07:38:01,"[159.71, 21]","[158.78, 54]","[262.0, 18]","[263.0, 6]",210.86,99,102.29,0.52
07:38:02,"[159.0, 96]","[157.0, 36]","[247.19, 26]","[241.86, 22]",203.1,180,88.19,0.47
07:38:03,"[159.0, 56]","[157.0, 27]","[187.0, 27]","[188.0, 9]",173.0,119,28.0,0.39
07:38:04,"[159.83, 48]","[158.07, 45]","[186.23, 13]","[187.03, 31]",173.03,137,26.4,0.36
07:38:05,"[161.0, 44]","[157.0, 33]","[183.85, 27]","[186.06, 17]",172.43,121,22.85,0.27
07:38:06,"[161.72, 29]","[160.56, 32]","[182.22, 27]","[185.0, 9]",171.97,97,20.5,0.26
07:38:07,"[162.0, 36]","[161.0, 48]","[179.33, 36]","[185.0, 12]",170.67,132,17.33,0.27
07:38:08,"[162.0, 39]","[161.0, 52]","[176.0, 15]","[177.82, 17]",169.0,123,14.0,0.48
07:38:09,"[160.45, 33]","[158.47, 49]","[171.69, 16]","[172.28, 32]",166.07,130,11.23,0.26
07:38:10,"[157.4, 15]","[156.43, 21]","[169.27, 11]","[171.31, 13]",163.34,60,11.87,0.2
07:38:11,"[157.0, 14]","[156.0, 24]","[166.85, 20]","[167.2, 20]",161.93,78,9.85,-0.03
07:38:12,"[157.0, 10]","[156.0, 20]","[164.04, 28]","[165.5, 12]",160.52,70,7.04,-0.14
07:38:13,"[156.23, 57]","[149.61, 41]","[163.36, 33]","[165.0, 11]",159.8,142,7.14,0.38
07:38:14,"[154.0, 112]","[127.0, 64]","[163.0, 24]","[165.0, 8]",158.5,208,9.0,0.69
07:38:15,"[154.0, 112]","[99.43, 56]","[161.83, 18]","[163.07, 14]",157.92,200,7.83,0.68
07:38:16,"[154.11, 93]","[114.79, 58]","[160.9, 10]","[267.0, 30]",157.5,191,6.79,0.58
07:38:17,"[154.0, 88]","[138.43, 84]","[157.62, 32]","[217.06, 18]",155.81,222,3.62,0.55
07:38:18,"[153.0, 64]","[88.0, 36]","[354.32, 22]","[475.53, 34]",253.66,156,201.32,0.28
07:38:19,"[155.58, 79]","[145.1, 80]","[251.16, 49]","[434.27, 41]",203.37,249,95.58,0.28
07:38:20,"[157.23, 52]","[156.19, 79]","[247.82, 55]","[354.94, 53]",202.52,239,90.59,0.1
07:38:21,"[161.33, 67]","[158.49, 86]","[236.71, 55]","[308.62, 65]",199.02,273,75.38,0.12
07:38:22,"[164.0, 14]","[162.0, 32]","[236.39, 36]","[346.92, 36]",200.19,118,72.39,-0.22
07:38:23,"[162.46, 13]","[159.97, 37]","[241.62, 40]","[480.38, 40]",202.04,130,79.16,-0.23
07:38:24,"[162.0, 12]","[159.0, 30]","[240.0, 30]","[349.67, 30]",201.0,102,78.0,-0.18
07:38:25,"[159.48, 54]","[157.93, 45]","[234.0, 85]","[266.15, 65]",196.74,249,74.52,-0.2
07:38:26,"[160.57, 35]","[159.0, 28]","[201.0, 21]","[222.0, 35]",180.79,119,40.43,0.06
07:38:27,"[161.0, 19]","[159.0, 20]","[220.2, 25]","[229.65, 23]",190.6,87,59.2,-0.1
07:38:28,"[160.04, 27]","[157.5, 28]","[208.1, 39]","[235.21, 33]",184.07,127,48.07,-0.13
07:38:29,"[165.0, 24]","[159.63, 19]","[193.93, 28]","[199.64, 22]",179.46,93,28.93,-0.08
07:38:30,"[165.0, 36]","[159.0, 27]","[191.06, 31]","[195.79, 29]",178.03,123,26.06,0.02
07:38:31,"[165.0, 40]","[159.0, 30]","[187.36, 42]","[189.2, 30]",176.18,142,22.36,-0.01
07:38:32,"[162.33, 72]","[158.76, 50]","[182.33, 33]","[183.18, 39]",172.33,194,20.0,0.26
07:38:33,"[159.12, 200]","[157.94, 68]","[173.54, 39]","[174.78, 51]",166.33,358,14.42,0.5
07:38:34,"[162.53, 30]","[159.48, 100]","[167.25, 28]","[168.86, 28]",164.89,186,4.72,0.4
07:38:35,"[161.0, 21]","[159.0, 96]","[163.14, 22]","[164.91, 22]",162.07,161,2.14,0.45
07:38:36,"[159.23, 156]","[158.11, 54]","[161.07, 44]","[162.14, 36]",160.15,290,1.84,0.45
07:38:37,"[159.0, 181]","[156.8, 71]","[160.0, 15]","[193.71, 62]",159.5,329,1.0,0.53
07:38:38,"[159.0, 96]","[157.0, 81]","[160.0, 9]","[319.2, 35]",159.5,221,1.0,0.6
07:38:39,"[159.0, 22]","[157.0, 112]","[220.0, 14]","[311.25, 32]",189.5,180,61.0,0.49
07:38:40,"[159.0, 22]","[157.0, 154]","[265.0, 44]","[326.0, 44]",212.0,264,106.0,0.33
07:38:41,"[159.0, 38]","[157.0, 182]","[378.79, 47]","[512.21, 48]",268.89,315,219.79,0.4
07:38:42,"[157.0, 115]","[156.0, 77]","[286.0, 33]","[460.16, 45]",221.5,270,129.0,0.42
07:38:43,"[157.0, 107]","[156.0, 91]","[194.44, 48]","[368.35, 43]",175.72,289,37.44,0.37
07:38:44,"[157.0, 28]","[156.0, 49]","[164.0, 28]","[281.0, 21]",160.5,126,7.0,0.22
07:38:45,"[157.0, 8]","[156.0, 14]","[403.0, 8]","[687.0, 7]",280.0,37,246.0,0.19
07:38:46,"[157.0, 12]","[156.0, 63]","[640.67, 18]","[654.0, 36]",398.83,129,483.67,0.16
07:38:47,"[160.23, 13]","[156.06, 52]","[553.27, 22]","[587.16, 38]",356.75,125,393.04,0.04
07:38:48,"[164.0, 16]","[157.0, 8]","[519.12, 16]","[546.0, 32]",341.56,72,355.12,-0.33
07:38:49,"[164.0, 24]","[158.0, 12]","[340.4, 35]","[532.29, 38]",252.2,109,176.4,-0.34
07:38:50,"[164.0, 8]","[161.0, 4]","[209.0, 16]","[508.18, 11]",186.5,39,45.0,-0.38
07:38:51,"[158.68, 44]","[158.0, 12]","[209.0, 48]","[405.29, 28]",183.84,132,50.32,-0.15
07:38:52,"[157.65, 31]","[156.26, 35]","[208.29, 14]","[454.18, 22]",182.97,102,50.64,0.29
07:38:53,"[160.4, 20]","[159.92, 26]","[208.0, 12]","[607.0, 24]",184.2,82,47.6,0.12
07:38:54,"[161.0, 22]","[160.0, 66]","[207.18, 22]","[567.0, 44]",184.09,154,46.18,0.14
07:38:55,"[161.0, 16]","[160.0, 48]","[207.0, 16]","[407.75, 32]",184.0,112,46.0,0.14
07:38:56,"[161.47, 38]","[160.09, 66]","[205.85, 26]","[255.27, 30]",183.66,160,44.37,0.3
07:38:57,"[163.05, 37]","[161.87, 62]","[202.93, 59]","[203.81, 32]",182.99,190,39.88,0.04
07:38:58,"[162.87, 31]","[161.82, 66]","[199.44, 57]","[199.72, 39]",181.15,193,36.57,0.01
07:38:59,"[161.88, 34]","[160.67, 24]","[193.5, 28]","[196.0, 70]",177.69,156,31.62,-0.26
07:39:00,"[161.0, 12]","[159.0, 12]","[190.33, 39]","[194.89, 45]",175.67,108,29.33,-0.56
07:39:01,"[157.0, 180]","[156.0, 45]","[186.58, 60]","[188.27, 45]",171.79,330,29.58,0.36
07:39:02,"[164.0, 117]","[157.1, 147]","[180.54, 56]","[181.84, 32]",172.27,352,16.54,0.5
07:39:03,"[164.0, 115]","[162.0, 45]","[175.94, 36]","[177.06, 66]",169.97,262,11.94,0.22
07:39:04,"[162.5, 56]","[156.98, 135]","[168.33, 24]","[169.67, 24]",165.42,239,5.83,0.6
07:39:05,"[158.53, 102]","[157.0, 216]","[161.61, 33]","[163.25, 24]",160.07,375,3.08,0.7
07:39:06,"[157.33, 54]","[156.26, 35]","[160.04, 25]","[195.3, 27]",158.69,141,2.71,0.26
07:39:07,"[156.0, 112]","[155.0, 63]","[157.57, 14]","[225.0, 14]",156.79,203,1.57,0.72
07:39:08,"[156.0, 133]","[155.0, 81]","[164.44, 18]","[270.33, 21]",160.22,253,8.44,0.69
07:39:09,"[156.29, 51]","[155.48, 58]","[254.95, 21]","[415.93, 44]",205.62,174,98.66,0.25
07:39:10,"[156.43, 28]","[155.57, 28]","[442.59, 34]","[607.47, 38]",299.51,128,286.16,-0.12
07:39:11,"[156.0, 28]","[153.0, 25]","[453.52, 31]","[526.5, 32]",304.76,116,297.52,-0.09
07:39:12,"[156.0, 36]","[153.0, 18]","[242.78, 45]","[452.37, 43]",199.39,142,86.78,-0.24
07:39:13,"[156.0, 40]","[153.0, 10]","[182.0, 50]","[263.7, 50]",169.0,150,26.0,-0.33
07:39:14,"[156.0, 60]","[152.6, 15]","[178.35, 60]","[183.83, 70]",167.18,205,22.35,-0.27
07:39:15,"[157.0, 54]","[155.72, 39]","[174.75, 51]","[176.43, 63]",165.87,207,17.75,-0.1
07:39:16,"[160.67, 45]","[158.43, 56]","[169.42, 60]","[170.77, 61]",165.04,222,8.75,-0.09
07:39:17,"[159.27, 45]","[155.58, 38]","[164.71, 49]","[165.76, 55]",161.99,187,5.45,-0.11
07:39:18,"[156.94, 70]","[155.19, 63]","[161.53, 15]","[163.0, 45]",159.24,193,4.59,0.38
07:39:19,"[154.14, 87]","[153.92, 65]","[160.14, 21]","[162.2, 15]",157.14,188,6.0,0.62
07:39:20,"[154.0, 225]","[153.0, 15]","[158.13, 45]","[161.0, 15]",156.07,300,4.13,0.6
07:39:21,"[154.0, 200]","[153.0, 15]","[155.85, 59]","[200.52, 42]",154.92,316,1.85,0.36
07:39:22,"[155.81, 52]","[154.12, 32]","[359.88, 25]","[602.63, 38]",257.84,147,204.07,0.14
07:39:23,"[165.0, 22]","[161.75, 59]","[514.86, 42]","[541.65, 34]",339.93,157,349.86,0.03
07:39:24,"[162.0, 56]","[157.0, 8]","[241.62, 32]","[402.38, 32]",201.81,128,79.62,0.0
07:39:25,"[162.98, 41]","[161.79, 73]","[292.26, 46]","[506.33, 36]",227.62,196,129.29,0.16
07:39:26,"[164.0, 14]","[162.0, 49]","[342.0, 14]","[404.0, 28]",253.0,105,178.0,0.2
07:39:27,"[163.0, 14]","[161.95, 44]","[342.0, 14]","[404.0, 28]",252.5,100,179.0,0.16
07:39:28,"[162.0, 84]","[161.0, 24]","[247.84, 38]","[378.8, 30]",204.92,176,85.84,0.23
07:39:29,"[162.0, 91]","[161.0, 26]","[175.62, 26]","[356.11, 38]",168.81,181,13.62,0.29
07:39:30,"[162.0, 49]","[161.0, 14]","[333.77, 26]","[463.2, 20]",247.88,109,171.77,0.16
07:39:31,"[162.0, 42]","[161.0, 16]","[281.2, 30]","[390.31, 26]",221.6,114,119.2,0.02
07:39:32,"[162.0, 25]","[161.0, 10]","[170.6, 25]","[276.0, 18]",166.3,78,8.6,-0.1
07:39:33,"[162.0, 43]","[161.0, 22]","[167.59, 37]","[168.85, 41]",164.8,143,5.59,-0.09
07:39:34,"[161.81, 31]","[160.5, 24]","[163.96, 47]","[165.3, 47]",162.88,149,2.15,-0.26
07:39:35,"[155.48, 46]","[154.11, 74]","[161.75, 48]","[162.82, 44]",158.61,212,6.27,0.13
07:39:36,"[154.6, 50]","[153.88, 40]","[158.5, 24]","[415.18, 39]",156.55,153,3.9,0.18
07:39:37,"[154.43, 35]","[153.2, 10]","[159.81, 16]","[575.57, 37]",157.12,98,5.38,-0.08
07:39:38,"[153.4, 5]","[68.13, 76]","[271.71, 7]","[410.91, 11]",212.56,99,118.31,0.64
07:39:39,"[62.21, 87]","[23.75, 80]","[382.6, 20]","[712.0, 25]",222.4,212,320.39,0.58
07:39:40,"[122.2, 50]","[104.59, 64]","[283.2, 20]","[712.0, 25]",202.7,159,161.0,0.43
07:39:41,"[148.1, 100]","[110.6, 100]","[615.13, 46]","[689.67, 15]",381.62,261,467.03,0.53
07:39:42,"[154.04, 144]","[151.0, 118]","[242.2, 20]","[394.42, 36]",198.12,318,88.16,0.65
07:39:43,"[158.93, 104]","[156.94, 35]","[167.0, 24]","[229.33, 12]",162.97,175,8.07,0.59
07:39:44,"[158.56, 9]","[157.0, 27]","[167.0, 18]","[235.0, 10]",162.78,64,8.44,0.12
07:39:45,"[159.0, 10]","[157.0, 30]","[166.2, 20]","[304.7, 10]",162.6,70,7.2,0.14
07:39:46,"[161.68, 19]","[157.91, 11]","[163.14, 14]","[320.38, 16]",162.41,60,1.46,0.0
07:39:47,"[159.75, 4]","[114.68, 22]","[326.2, 10]","[440.25, 8]",242.97,44,166.45,0.18
07:39:48,"[98.48, 23]","[50.07, 73]","[398.76, 17]","[434.33, 9]",248.62,122,300.29,0.57
07:39:49,"[79.73, 26]","[28.32, 19]","[197.85, 27]","[272.41, 17]",138.79,89,118.12,0.01
07:39:50,"[82.4, 60]","[32.4, 10]","[151.0, 10]","[153.0, 24]",116.7,104,68.6,0.35
07:39:51,"[127.33, 18]","[54.53, 38]","[151.86, 14]","[165.33, 36]",139.6,106,24.52,0.06
07:39:52,"[100.98, 64]","[86.91, 11]","[153.0, 24]","[187.57, 28]",126.99,127,52.02,0.18
07:39:53,"[106.65, 43]","[99.68, 37]","[172.41, 17]","[307.52, 23]",139.53,120,65.76,0.33
07:39:54,"[108.37, 35]","[118.17, 36]","[427.44, 25]","[446.58, 19]",267.91,115,319.07,0.23
07:39:55,"[159.0, 10]","[153.0, 60]","[318.46, 26]","[376.58, 24]",238.73,120,159.46,0.17
07:39:56,"[159.88, 48]","[155.4, 30]","[280.88, 32]","[331.52, 23]",220.38,133,121.0,0.17
07:39:57,"[160.77, 62]","[159.0, 9]","[280.0, 18]","[360.5, 16]",220.39,105,119.23,0.35
07:39:58,"[161.0, 43]","[159.0, 8]","[279.82, 17]","[325.5, 16]",220.41,84,118.82,0.21
07:39:59,"[161.46, 24]","[160.83, 36]","[278.18, 34]","[279.11, 36]",219.82,130,116.72,-0.08
07:40:00,"[162.0, 7]","[161.0, 21]","[275.0, 15]","[276.0, 20]",218.5,63,113.0,-0.11
07:40:01,"[162.0, 13]","[161.0, 39]","[231.93, 30]","[248.14, 37]",196.97,119,69.93,-0.13
07:40:02,"[161.82, 17]","[160.62, 13]","[182.22, 45]","[184.0, 18]",172.02,93,20.4,-0.35
07:40:03,"[161.0, 33]","[159.0, 11]","[181.0, 55]","[184.0, 22]",171.0,121,20.0,-0.27
07:40:04,"[161.53, 38]","[160.43, 21]","[179.91, 55]","[182.91, 22]",170.72,136,18.38,-0.13
07:40:05,"[162.0, 28]","[161.0, 21]","[177.23, 26]","[178.65, 23]",169.62,98,15.23,0.0
07:40:06,"[162.0, 40]","[161.0, 42]","[175.52, 31]","[177.03, 67]",168.76,180,13.52,-0.09
07:40:07,"[161.0, 20]","[159.0, 10]","[173.06, 32]","[175.1, 41]",167.03,103,12.06,-0.42
07:40:08,"[161.0, 20]","[159.0, 10]","[172.11, 47]","[173.09, 23]",166.55,100,11.11,-0.4
07:40:09,"[161.0, 18]","[159.0, 9]","[168.83, 24]","[170.79, 39]",164.92,90,7.83,-0.4
07:40:10,"[161.0, 22]","[158.07, 29]","[166.03, 35]","[166.54, 46]",163.51,132,5.03,-0.23
07:40:11,"[159.41, 44]","[139.97, 69]","[162.37, 54]","[163.95, 38]",160.89,205,2.96,0.1
07:40:12,"[123.03, 64]","[70.34, 91]","[158.0, 20]","[160.2, 20]",140.52,195,34.97,0.59
07:40:13,"[140.46, 46]","[100.8, 56]","[157.0, 8]","[397.25, 16]",148.73,126,16.54,0.62
07:40:14,"[153.5, 46]","[150.74, 53]","[155.37, 27]","[375.16, 25]",154.44,151,1.87,0.31
07:40:15,"[151.06, 31]","[112.11, 120]","[154.96, 48]","[156.37, 19]",153.01,218,3.89,0.39
07:40:16,"[153.35, 52]","[152.21, 68]","[398.41, 37]","[454.12, 34]",275.88,191,245.06,0.26
07:40:17,"[157.21, 66]","[153.88, 68]","[308.9, 40]","[457.98, 45]",233.06,219,151.69,0.22
07:40:18,"[159.5, 60]","[157.93, 54]","[194.8, 30]","[337.08, 24]",177.15,168,35.3,0.36
07:40:19,"[161.53, 66]","[159.18, 33]","[181.31, 26]","[212.69, 26]",171.42,151,19.78,0.31
07:40:20,"[162.0, 30]","[161.0, 6]","[189.83, 6]","[191.0, 12]",175.92,54,27.83,0.33
07:40:21,"[162.18, 33]","[161.63, 19]","[187.42, 38]","[189.92, 13]",174.8,103,25.24,0.01
07:40:22,"[164.0, 8]","[162.0, 32]","[186.88, 34]","[187.75, 16]",175.44,90,22.88,-0.11
07:40:23,"[164.0, 12]","[162.0, 48]","[183.05, 39]","[184.69, 45]",173.53,144,19.05,-0.17
07:40:24,"[162.25, 32]","[161.7, 23]","[164.29, 14]","[171.2, 15]",163.27,84,2.04,0.31
07:40:25,"[161.24, 17]","[159.92, 176]","[164.34, 32]","[307.87, 23]",162.79,248,3.11,0.56
07:40:26,"[159.33, 24]","[159.52, 61]","[164.0, 32]","[165.0, 16]",161.67,133,4.67,0.28
07:40:27,"[159.0, 36]","[157.0, 154]","[163.08, 48]","[165.0, 24]",161.04,262,4.08,0.45
07:40:28,"[159.67, 9]","[157.27, 22]","[162.0, 24]","[165.0, 12]",160.83,67,2.33,-0.07
07:40:29,"[159.93, 15]","[158.56, 9]","[161.8, 30]","[224.11, 18]",160.87,72,1.87,-0.33
07:40:30,"[158.76, 17]","[156.97, 31]","[161.81, 32]","[316.35, 46]",160.29,126,3.05,-0.24
07:40:31,"[157.0, 16]","[156.0, 8]","[159.4, 10]","[188.0, 18]",158.2,52,2.4,-0.08
07:40:32,"[152.15, 67]","[125.07, 14]","[157.28, 18]","[159.89, 27]",154.71,126,5.13,0.29
07:40:33,"[152.0, 64]","[53.0, 11]","[153.3, 20]","[158.75, 16]",152.65,111,1.3,0.35
07:40:34,"[138.2, 64]","[96.58, 38]","[348.12, 16]","[474.38, 29]",243.16,147,209.92,0.39
07:40:35,"[157.4, 15]","[100.37, 101]","[172.0, 33]","[491.19, 32]",164.7,181,14.6,0.28
07:40:36,"[153.0, 8]","[94.88, 104]","[238.07, 28]","[400.2, 30]",195.54,170,85.07,0.32
07:40:37,"[157.8, 10]","[131.33, 30]","[357.0, 30]","[400.38, 8]",257.4,78,199.2,0.03
07:40:38,"[160.18, 34]","[157.8, 25]","[242.41, 39]","[322.09, 47]",201.29,145,82.23,-0.19
07:40:39,"[162.0, 16]","[159.0, 16]","[242.0, 24]","[397.39, 36]",202.0,92,80.0,-0.3
07:40:40,"[162.0, 12]","[159.0, 12]","[242.0, 18]","[375.1, 10]",202.0,52,80.0,-0.08
07:40:41,"[161.53, 34]","[158.54, 39]","[240.24, 62]","[304.81, 63]",200.89,198,78.71,-0.26
07:40:42,"[159.36, 85]","[155.49, 51]","[236.66, 56]","[239.25, 56]",198.01,248,77.3,0.1
07:40:43,"[164.0, 59]","[159.0, 55]","[232.78, 37]","[234.47, 51]",198.39,202,68.78,0.13
07:40:44,"[164.0, 13]","[159.0, 65]","[230.0, 39]","[232.86, 35]",197.0,152,66.0,0.03
07:40:45,"[158.94, 16]","[156.93, 28]","[228.0, 40]","[229.0, 24]",193.47,108,69.06,-0.19
07:40:46,"[157.71, 28]","[155.39, 49]","[226.68, 47]","[227.78, 41]",192.2,165,68.97,-0.07
07:40:47,"[157.0, 30]","[156.0, 190]","[225.4, 50]","[357.3, 33]",191.2,303,68.4,0.45
07:40:48,"[156.07, 130]","[155.19, 78]","[224.74, 47]","[325.75, 32]",190.41,287,68.68,0.45
07:40:49,"[156.0, 128]","[153.0, 24]","[206.97, 33]","[210.33, 33]",181.48,218,50.97,0.39
07:40:50,"[156.0, 208]","[153.0, 39]","[204.61, 41]","[205.2, 50]",180.3,338,48.61,0.46
07:40:51,"[156.0, 144]","[153.0, 27]","[202.58, 33]","[203.53, 30]",179.29,234,46.58,0.46
07:40:52,"[156.0, 97]","[153.0, 21]","[200.18, 17]","[201.06, 32]",178.09,167,44.18,0.41
07:40:53,"[156.0, 91]","[154.0, 14]","[199.0, 14]","[201.0, 35]",177.5,154,43.0,0.36
07:40:54,"[156.0, 138]","[153.08, 26]","[197.27, 22]","[201.0, 55]",176.64,241,41.27,0.36
07:40:55,"[156.0, 134]","[154.0, 33]","[195.67, 18]","[198.52, 23]",175.83,208,39.67,0.61
07:40:56,"[156.0, 101]","[154.0, 40]","[193.64, 33]","[194.5, 18]",174.82,192,37.64,0.47
07:40:57,"[156.0, 56]","[154.0, 25]","[190.5, 16]","[192.88, 32]",173.25,129,34.5,0.26
07:40:58,"[158.36, 61]","[156.57, 42]","[188.25, 53]","[189.76, 25]",173.3,181,29.88,0.14
07:40:59,"[164.35, 46]","[162.75, 32]","[183.97, 36]","[184.55, 42]",174.16,156,19.62,0.0
07:41:00,"[164.0, 14]","[162.0, 24]","[178.67, 21]","[180.64, 14]",171.33,73,14.67,0.04
07:41:01,"[164.0, 13]","[162.0, 65]","[176.0, 26]","[176.62, 21]",170.0,125,12.0,0.25
07:41:02,"[164.0, 13]","[162.0, 65]","[168.94, 18]","[170.5, 20]",166.47,116,4.94,0.34
07:41:03,"[162.21, 38]","[161.71, 28]","[163.68, 19]","[165.7, 20]",162.95,105,1.47,0.26
07:41:04,"[162.0, 36]","[161.0, 12]","[164.27, 15]","[168.25, 12]",163.13,75,2.27,0.28
07:41:05,"[162.46, 24]","[158.86, 43]","[265.15, 34]","[372.36, 56]",213.8,157,102.69,-0.15
07:41:06,"[164.5, 12]","[158.74, 38]","[263.04, 28]","[297.94, 31]",213.77,109,98.54,-0.08
07:41:07,"[159.73, 22]","[157.24, 34]","[188.6, 20]","[255.6, 20]",174.16,96,28.87,0.17
07:41:08,"[159.0, 20]","[156.5, 60]","[187.06, 48]","[188.33, 24]",173.03,152,28.06,0.05
07:41:09,"[159.0, 27]","[155.43, 51]","[185.9, 39]","[187.17, 24]",172.45,141,26.9,0.11
07:41:10,"[159.0, 8]","[157.0, 66]","[183.33, 30]","[185.0, 12]",171.17,116,24.33,0.28
07:41:11,"[158.22, 59]","[156.63, 108]","[180.5, 38]","[181.48, 42]",169.36,247,22.28,0.35
07:41:12,"[162.0, 12]","[157.0, 66]","[176.33, 9]","[177.91, 11]",169.17,98,14.33,0.59
07:41:13,"[162.0, 16]","[157.0, 88]","[174.18, 22]","[175.08, 25]",168.09,151,12.18,0.38
07:41:14,"[163.87, 60]","[158.94, 36]","[170.14, 21]","[171.0, 21]",167.0,138,6.28,0.39
07:41:15,"[164.0, 64]","[162.0, 16]","[167.0, 16]","[168.25, 16]",165.5,112,3.0,0.43
07:41:16,"[164.0, 56]","[162.0, 20]","[166.9, 20]","[170.37, 38]",165.45,134,2.9,0.13
07:41:17,"[162.0, 14]","[161.0, 21]","[168.0, 14]","[171.0, 35]",165.0,84,6.0,-0.17
07:41:18,"[162.0, 22]","[161.0, 33]","[168.0, 22]","[171.0, 55]",165.0,132,6.0,-0.17
07:41:19,"[162.0, 12]","[161.0, 18]","[168.0, 12]","[171.0, 30]",165.0,72,6.0,-0.17
07:41:20,"[162.0, 24]","[161.0, 36]","[166.41, 39]","[170.11, 45]",164.21,144,4.41,-0.17
07:41:21,"[162.0, 12]","[161.0, 18]","[164.8, 15]","[166.07, 27]",163.4,72,2.8,-0.17
07:41:22,"[160.68, 38]","[158.06, 81]","[250.97, 33]","[273.58, 33]",205.83,185,90.29,0.29
07:41:23,"[162.18, 11]","[158.06, 53]","[450.1, 20]","[656.8, 20]",306.14,104,287.92,0.23
07:41:24,"[158.0, 51]","[157.0, 165]","[331.87, 38]","[374.06, 33]",244.93,287,173.87,0.51
07:41:25,"[158.0, 16]","[157.0, 88]","[187.33, 12]","[201.39, 18]",172.67,134,29.33,0.55
07:41:26,"[158.0, 20]","[157.0, 110]","[171.08, 26]","[172.25, 16]",164.54,172,13.08,0.51
07:41:27,"[157.46, 39]","[156.78, 136]","[167.63, 30]","[169.3, 40]",162.55,245,10.17,0.43
07:41:28,"[157.8, 35]","[156.75, 56]","[166.0, 20]","[167.3, 20]",161.9,131,8.2,0.39
07:41:29,"[155.22, 63]","[154.07, 95]","[162.59, 22]","[164.57, 23]",158.91,203,7.37,0.56
07:41:30,"[155.71, 21]","[154.78, 65]","[160.0, 33]","[162.0, 22]",157.86,141,4.29,0.22
07:41:31,"[156.0, 32]","[154.88, 69]","[164.73, 26]","[197.15, 34]",160.37,161,8.73,0.25
07:41:32,"[155.0, 40]","[153.0, 112]","[332.0, 16]","[333.07, 15]",243.5,183,177.0,0.66
07:41:33,"[155.0, 60]","[153.0, 168]","[318.22, 23]","[322.55, 22]",236.61,273,163.22,0.67
07:41:34,"[155.4, 40]","[153.16, 122]","[305.5, 20]","[306.6, 20]",230.45,202,150.1,0.6
07:41:35,"[155.5, 48]","[153.06, 144]","[184.18, 22]","[217.0, 22]",169.84,236,28.68,0.63
07:41:36,"[158.0, 56]","[155.0, 28]","[183.5, 12]","[206.0, 14]",170.75,110,25.5,0.53
07:41:37,"[159.53, 49]","[157.29, 28]","[176.38, 13]","[180.45, 11]",167.96,101,16.85,0.52
07:41:38,"[161.73, 71]","[160.71, 63]","[164.16, 32]","[171.43, 28]",162.94,194,2.42,0.38
07:41:39,"[160.5, 28]","[158.25, 64]","[256.93, 28]","[331.82, 17]",208.71,137,96.43,0.34
07:41:40,"[160.0, 36]","[158.0, 156]","[261.3, 87]","[262.38, 42]",210.65,321,101.3,0.2
07:41:41,"[160.0, 28]","[158.0, 112]","[195.96, 46]","[207.44, 61]",177.98,247,35.96,0.13
07:41:42,"[160.0, 22]","[158.0, 159]","[192.92, 65]","[202.23, 65]",176.46,311,32.92,0.16
07:41:43,"[160.0, 10]","[158.0, 98]","[183.6, 50]","[192.7, 50]",171.8,208,23.6,0.04
07:41:44,"[160.0, 8]","[158.0, 40]","[163.0, 40]","[167.38, 40]",161.5,128,3.0,-0.25
07:41:45,"[158.88, 16]","[157.76, 38]","[161.59, 49]","[179.6, 50]",160.23,153,2.72,-0.29
07:41:46,"[158.07, 28]","[155.05, 41]","[161.0, 73]","[162.0, 62]",159.54,204,2.93,-0.32
07:41:47,"[158.05, 21]","[155.12, 52]","[160.56, 54]","[192.71, 28]",159.3,155,2.51,-0.06
07:41:48,"[155.53, 45]","[153.91, 44]","[158.67, 60]","[303.77, 48]",157.1,197,3.13,-0.1
07:41:49,"[155.0, 24]","[153.0, 80]","[157.94, 48]","[246.71, 28]",156.47,180,2.94,0.16
07:41:50,"[153.43, 65]","[145.48, 67]","[156.14, 42]","[165.92, 26]",154.79,200,2.71,0.32
07:41:51,"[153.0, 86]","[112.13, 23]","[155.32, 28]","[190.5, 12]",154.16,149,2.32,0.46
07:41:52,"[153.0, 64]","[114.75, 16]","[207.0, 18]","[385.25, 24]",180.0,122,54.0,0.31
07:41:53,"[153.0, 48]","[142.33, 12]","[265.11, 9]","[279.4, 25]",209.06,94,112.11,0.28
07:41:54,"[153.0, 80]","[128.84, 25]","[157.68, 37]","[363.52, 23]",155.34,165,4.68,0.27
07:41:55,"[149.09, 44]","[110.29, 17]","[154.4, 20]","[213.12, 32]",151.75,113,5.31,0.08
07:41:56,"[123.31, 26]","[96.1, 29]","[153.05, 22]","[163.0, 35]",138.18,112,29.74,-0.02
07:41:57,"[139.73, 22]","[102.2, 20]","[155.7, 20]","[212.13, 23]",147.71,85,15.97,-0.01
07:41:58,"[135.14, 14]","[87.14, 14]","[152.54, 13]","[161.63, 19]",143.84,60,17.4,-0.07
07:41:59,"[141.56, 18]","[113.0, 18]","[263.63, 19]","[561.92, 38]",202.59,93,122.08,-0.23
07:42:00,"[147.8, 30]","[144.06, 47]","[237.22, 36]","[716.0, 45]",192.51,158,89.42,-0.03
07:42:01,"[165.0, 8]","[159.0, 56]","[370.11, 19]","[416.0, 31]",267.55,114,205.11,0.12
07:42:02,"[165.0, 11]","[160.31, 101]","[233.67, 18]","[366.12, 42]",199.33,172,68.67,0.3
07:42:03,"[165.0, 6]","[161.0, 66]","[169.38, 8]","[171.88, 26]",167.19,106,4.38,0.36
07:42:04,"[162.79, 19]","[161.2, 55]","[168.0, 24]","[169.0, 8]",165.39,106,5.21,0.4
07:42:05,"[163.0, 24]","[162.0, 16]","[167.0, 12]","[168.0, 20]",165.0,72,4.0,0.11
07:42:06,"[163.0, 33]","[162.0, 22]","[166.0, 33]","[167.0, 11]",164.5,99,3.0,0.11
07:42:07,"[163.0, 18]","[162.0, 12]","[165.38, 8]","[166.06, 16]",164.19,54,2.38,0.11
07:42:08,"[162.33, 18]","[161.25, 16]","[163.7, 20]","[165.3, 20]",163.02,74,1.37,-0.08
07:42:09,"[161.5, 12]","[159.44, 27]","[162.83, 30]","[164.25, 12]",162.17,81,1.33,-0.04
07:42:10,"[147.62, 89]","[80.62, 26]","[158.79, 66]","[161.11, 18]",153.2,199,11.17,0.16
07:42:11,"[154.0, 122]","[114.67, 12]","[155.17, 6]","[157.0, 30]",154.58,170,1.17,0.58
07:42:12,"[154.0, 80]","[98.67, 12]","[405.11, 9]","[568.67, 12]",279.56,113,251.11,0.63
07:42:13,"[154.0, 60]","[87.8, 10]","[424.57, 14]","[624.0, 14]",289.29,98,270.57,0.43
07:42:14,"[154.0, 84]","[49.73, 11]","[229.71, 28]","[291.37, 19]",191.86,142,75.71,0.34
07:42:15,"[154.56, 81]","[152.62, 111]","[156.0, 40]","[157.0, 48]",155.28,280,1.44,0.37
07:42:16,"[153.42, 74]","[151.04, 82]","[173.52, 50]","[235.2, 45]",163.47,251,20.1,0.24
07:42:17,"[159.0, 28]","[158.0, 7]","[264.0, 7]","[346.29, 28]",211.5,70,105.0,0.0
07:42:18,"[156.77, 35]","[146.35, 81]","[352.57, 42]","[472.33, 48]",254.67,206,195.8,0.13
07:42:19,"[160.0, 14]","[153.0, 56]","[285.76, 25]","[455.2, 10]",222.88,105,125.76,0.33
07:42:20,"[160.0, 12]","[153.0, 60]","[255.14, 14]","[468.44, 18]",207.57,104,95.14,0.38
07:42:21,"[160.0, 18]","[153.0, 76]","[355.19, 21]","[724.38, 21]",257.6,136,195.19,0.38
07:42:22,"[160.0, 10]","[153.0, 40]","[527.73, 15]","[690.0, 8]",343.87,73,367.73,0.37
07:42:23,"[154.81, 31]","[151.44, 100]","[455.06, 34]","[588.23, 26]",304.93,191,300.25,0.37
07:42:24,"[151.08, 87]","[142.48, 100]","[476.06, 52]","[527.94, 67]",313.57,306,324.98,0.22
07:42:25,"[152.8, 50]","[151.0, 10]","[357.73, 44]","[368.49, 41]",255.26,145,204.93,-0.17
07:42:26,"[153.69, 65]","[151.0, 13]","[278.82, 34]","[279.54, 52]",216.26,164,125.13,-0.05
07:42:27,"[156.05, 56]","[156.16, 64]","[275.2, 40]","[277.07, 60]",215.63,220,119.15,0.09
07:42:28,"[159.09, 55]","[158.49, 39]","[271.53, 68]","[274.0, 85]",215.31,247,112.44,-0.24
07:42:29,"[161.43, 53]","[159.76, 17]","[268.16, 43]","[271.65, 57]",214.8,170,106.73,-0.18
07:42:30,"[162.0, 29]","[160.0, 9]","[264.39, 33]","[265.81, 21]",213.2,92,102.39,-0.17
07:42:31,"[162.0, 36]","[160.25, 12]","[203.64, 25]","[243.79, 28]",182.82,101,41.64,-0.05
07:42:32,"[162.0, 38]","[161.0, 15]","[166.14, 28]","[166.58, 55]",164.07,136,4.14,-0.22
07:42:33,"[161.14, 7]","[158.1, 31]","[164.15, 26]","[165.25, 32]",162.65,96,3.01,-0.21
07:42:34,"[159.15, 13]","[153.64, 55]","[162.1, 39]","[163.3, 33]",160.63,140,2.95,-0.03
07:42:35,"[158.0, 8]","[150.0, 40]","[161.29, 17]","[162.21, 19]",159.65,84,3.29,0.14
07:42:36,"[158.0, 18]","[150.0, 90]","[159.68, 38]","[160.65, 43]",158.84,189,1.68,0.14
07:42:37,"[158.0, 17]","[150.0, 90]","[159.5, 40]","[189.84, 37]",158.75,184,1.5,0.16
07:42:38,"[158.0, 9]","[150.0, 90]","[202.55, 33]","[303.64, 28]",180.27,160,44.55,0.24
07:42:39,"[163.4, 20]","[157.6, 50]","[234.45, 33]","[382.0, 44]",198.93,147,71.05,-0.05
07:42:40,"[164.0, 6]","[163.0, 12]","[244.0, 9]","[382.0, 12]",204.0,39,80.0,-0.08
07:42:41,"[164.0, 11]","[163.0, 32]","[248.12, 24]","[406.5, 32]",206.06,99,84.12,-0.13
07:42:42,"[164.0, 13]","[163.0, 52]","[301.91, 35]","[423.37, 46]",232.96,146,137.91,-0.11
07:42:43,"[163.26, 27]","[162.55, 33]","[203.55, 49]","[211.84, 37]",183.41,146,40.29,-0.18
07:42:44,"[160.57, 21]","[156.27, 26]","[184.0, 50]","[188.47, 38]",172.29,135,23.43,-0.3
07:42:45,"[156.57, 28]","[155.04, 47]","[183.3, 50]","[212.11, 27]",169.94,152,26.73,-0.01
07:42:46,"[164.0, 20]","[155.55, 55]","[182.1, 50]","[230.0, 20]",173.05,145,18.1,0.03
07:42:47,"[164.0, 12]","[157.82, 11]","[182.0, 30]","[230.0, 12]",173.0,65,18.0,-0.29
07:42:48,"[164.0, 16]","[163.0, 27]","[181.33, 45]","[231.29, 21]",172.67,109,17.33,-0.21
07:42:49,"[164.0, 12]","[163.0, 36]","[179.81, 62]","[233.0, 36]",171.9,146,15.81,-0.34
07:42:50,"[161.43, 7]","[158.38, 71]","[178.36, 39]","[210.89, 18]",169.89,135,16.93,0.16
07:42:51,"[158.04, 110]","[156.74, 86]","[177.09, 55]","[239.32, 44]",167.56,295,19.05,0.33
07:42:52,"[158.08, 78]","[157.0, 72]","[174.44, 45]","[175.44, 45]",166.26,240,16.37,0.25
07:42:53,"[158.23, 35]","[157.45, 66]","[172.0, 35]","[174.0, 35]",165.11,171,13.77,0.18
07:42:54,"[158.0, 90]","[156.0, 60]","[172.0, 50]","[174.0, 50]",165.0,250,14.0,0.2
07:42:55,"[158.0, 90]","[156.0, 60]","[170.7, 50]","[171.8, 50]",164.35,250,12.7,0.2
07:42:56,"[158.0, 99]","[156.0, 66]","[167.45, 55]","[169.18, 55]",162.73,275,9.45,0.2
07:42:57,"[158.0, 63]","[156.0, 42]","[166.57, 35]","[168.14, 35]",162.29,175,8.57,0.2
07:42:58,"[158.0, 49]","[156.0, 36]","[164.83, 30]","[165.83, 30]",161.42,145,6.83,0.17
07:42:59,"[158.0, 80]","[156.0, 60]","[161.0, 50]","[162.0, 50]",159.5,240,3.0,0.17
07:43:00,"[156.65, 62]","[155.56, 32]","[158.8, 50]","[160.0, 50]",157.72,194,2.15,-0.03
07:43:01,"[156.0, 28]","[155.0, 20]","[158.0, 50]","[160.0, 50]",157.0,148,2.0,-0.35
07:43:02,"[155.5, 20]","[154.33, 15]","[157.0, 50]","[159.1, 50]",156.25,135,1.5,-0.48
07:43:03,"[153.0, 9]","[152.0, 18]","[155.35, 17]","[178.24, 37]",154.18,81,2.35,-0.33
07:43:04,"[152.0, 14]","[139.71, 21]","[154.0, 21]","[157.0, 35]",153.0,91,2.0,-0.23
07:43:05,"[152.0, 11]","[138.0, 18]","[154.0, 6]","[157.0, 30]",153.0,65,2.0,-0.11
07:43:06,"[121.29, 34]","[74.04, 56]","[152.57, 40]","[290.32, 34]",136.93,164,31.28,0.1
07:43:07,"[132.83, 30]","[128.72, 32]","[151.42, 31]","[152.11, 27]",142.13,120,18.59,0.03
07:43:08,"[138.08, 50]","[135.6, 40]","[149.83, 24]","[150.86, 28]",143.96,142,11.75,0.27
07:43:09,"[139.0, 49]","[137.0, 14]","[148.71, 14]","[150.0, 21]",143.86,98,9.71,0.29
07:43:10,"[139.05, 81]","[137.78, 36]","[151.46, 24]","[152.16, 32]",145.25,173,12.41,0.35
07:43:11,"[140.88, 16]","[139.0, 56]","[149.5, 8]","[152.0, 24]",145.19,104,8.62,0.38
07:43:12,"[144.03, 66]","[140.32, 53]","[147.31, 13]","[152.0, 40]",145.67,172,3.28,0.38
07:43:13,"[145.0, 49]","[135.86, 21]","[151.21, 19]","[153.0, 24]",148.11,113,6.21,0.24
07:43:14,"[145.22, 36]","[141.77, 26]","[151.91, 22]","[153.58, 19]",148.57,103,6.69,0.2
07:43:15,"[147.6, 40]","[145.0, 70]","[150.6, 20]","[152.0, 40]",149.1,170,3.0,0.29
07:43:16,"[147.48, 94]","[138.81, 84]","[151.42, 52]","[154.11, 54]",149.45,284,3.94,0.25
07:43:17,"[149.78, 36]","[148.71, 83]","[152.0, 52]","[156.0, 39]",150.89,210,2.22,0.13
07:43:18,"[149.25, 48]","[145.31, 39]","[152.0, 24]","[156.0, 27]",150.62,138,2.75,0.26
07:43:19,"[148.35, 37]","[139.77, 35]","[152.0, 21]","[156.0, 39]",150.18,132,3.65,0.09
07:43:20,"[144.0, 15]","[98.6, 5]","[152.0, 5]","[156.0, 15]",148.0,40,8.0,0.0
07:43:21,"[146.0, 42]","[128.0, 14]","[151.25, 16]","[156.34, 41]",148.62,113,5.25,-0.01
07:43:22,"[146.77, 26]","[138.36, 22]","[154.6, 20]","[301.5, 30]",150.68,98,7.83,-0.02
07:43:23,"[138.72, 54]","[118.49, 51]","[247.29, 28]","[472.6, 35]",193.0,168,108.56,0.25
07:43:24,"[163.0, 38]","[153.0, 24]","[445.0, 6]","[545.0, 18]",304.0,86,282.0,0.44
07:43:25,"[158.97, 30]","[153.0, 28]","[473.44, 16]","[558.12, 32]",316.2,106,314.47,0.09
07:43:26,"[160.0, 20]","[155.26, 23]","[474.44, 36]","[476.0, 45]",317.22,124,314.44,-0.31
07:43:27,"[160.0, 20]","[156.0, 40]","[393.28, 43]","[460.8, 44]",276.64,147,233.28,-0.18
07:43:28,"[160.0, 18]","[156.0, 36]","[343.1, 39]","[356.9, 42]",251.55,135,183.1,-0.2
07:43:29,"[160.0, 24]","[156.0, 48]","[193.54, 59]","[219.64, 58]",176.77,189,33.54,-0.24
07:43:30,"[158.0, 16]","[154.67, 24]","[161.0, 24]","[163.0, 30]",159.5,94,3.0,-0.15
07:43:31,"[156.85, 52]","[154.67, 24]","[160.21, 19]","[161.8, 25]",158.53,120,3.36,0.27
07:43:32,"[157.68, 68]","[156.0, 32]","[161.47, 34]","[250.68, 38]",159.57,172,3.79,0.16
07:43:33,"[159.14, 28]","[157.3, 23]","[227.57, 35]","[572.0, 28]",193.36,114,68.43,-0.11
07:43:34,"[160.21, 28]","[158.55, 29]","[238.0, 45]","[350.33, 36]",199.11,138,77.79,-0.17
07:43:35,"[159.06, 34]","[156.75, 32]","[242.31, 39]","[486.67, 42]",200.68,147,83.25,-0.1
07:43:36,"[158.27, 30]","[156.4, 25]","[245.0, 24]","[603.0, 30]",201.63,109,86.73,0.01
07:43:37,"[158.0, 50]","[156.0, 28]","[366.22, 23]","[517.12, 34]",262.11,135,208.22,0.16
07:43:38,"[157.6, 60]","[155.78, 41]","[222.41, 41]","[437.19, 52]",190.01,194,64.81,0.04
07:43:39,"[155.57, 7]","[153.29, 7]","[402.22, 9]","[492.0, 5]",278.9,28,246.65,0.0
07:43:40,"[155.25, 8]","[153.29, 14]","[261.75, 20]","[0, 0]",208.5,42,106.5,0.05
07:43:41,"[155.0, 19]","[152.2, 30]","[161.0, 29]","[185.0, 40]",158.0,118,6.0,-0.17
07:43:42,"[155.0, 8]","[153.0, 16]","[156.0, 24]","[185.0, 10]",155.5,58,1.0,-0.17
07:43:43,"[152.1, 29]","[102.44, 9]","[155.75, 24]","[188.0, 7]",153.93,69,3.65,0.1
07:43:44,"[152.33, 30]","[57.94, 85]","[185.83, 18]","[302.5, 20]",169.08,153,33.5,0.5
07:43:45,"[153.0, 6]","[152.0, 12]","[266.0, 15]","[379.0, 3]",209.5,36,113.0,0.0
07:43:46,"[86.11, 28]","[79.21, 28]","[266.0, 20]","[379.0, 4]",176.05,80,179.89,0.4
07:43:47,"[141.51, 67]","[130.91, 79]","[256.22, 36]","[487.1, 30]",198.86,212,114.71,0.38
07:43:48,"[164.0, 46]","[150.68, 28]","[203.0, 60]","[465.0, 12]",183.5,146,39.0,0.01
07:43:49,"[164.0, 12]","[163.0, 6]","[374.94, 18]","[433.96, 24]",269.47,60,210.94,-0.4
07:43:50,"[164.0, 6]","[163.0, 3]","[640.0, 15]","[715.78, 9]",402.0,33,476.0,-0.45
07:43:51,"[159.71, 14]","[153.48, 42]","[475.5, 14]","[520.04, 25]",317.61,95,315.79,0.18
07:43:52,"[153.96, 52]","[148.7, 46]","[232.35, 17]","[400.58, 38]",193.16,153,78.39,0.28
07:43:53,"[153.88, 68]","[127.92, 37]","[250.77, 13]","[297.32, 28]",202.33,146,96.89,0.44
07:43:54,"[159.0, 24]","[158.0, 24]","[247.0, 4]","[249.0, 16]",203.0,68,88.0,0.41
07:43:55,"[158.38, 24]","[155.67, 45]","[234.14, 7]","[245.75, 16]",196.26,92,75.77,0.5
07:43:56,"[158.0, 55]","[153.74, 65]","[223.36, 11]","[225.0, 11]",190.68,142,65.36,0.69
07:43:57,"[158.1, 31]","[156.34, 29]","[223.0, 7]","[242.27, 22]",190.55,89,64.9,0.35
07:43:58,"[161.0, 8]","[158.0, 40]","[222.12, 8]","[244.0, 32]",191.56,88,61.12,0.09
07:43:59,"[158.12, 25]","[156.34, 29]","[221.14, 7]","[244.0, 28]",189.63,89,63.02,0.21
07:44:00,"[158.0, 28]","[156.0, 28]","[193.5, 20]","[195.82, 28]",175.75,104,35.5,0.08
07:44:01,"[158.0, 40]","[156.0, 40]","[193.26, 23]","[215.27, 11]",175.63,114,35.26,0.4
07:44:02,"[158.0, 36]","[156.0, 36]","[191.6, 30]","[202.77, 13]",174.8,115,33.6,0.25
07:44:03,"[158.0, 36]","[156.0, 48]","[189.75, 40]","[190.08, 39]",173.88,163,31.75,0.03
07:44:04,"[158.0, 36]","[156.0, 53]","[186.5, 28]","[188.82, 44]",172.25,161,28.5,0.11
07:44:05,"[158.35, 60]","[156.27, 67]","[182.06, 36]","[183.69, 29]",170.2,192,23.71,0.32
07:44:06,"[159.0, 49]","[158.0, 21]","[178.0, 7]","[179.0, 35]",168.5,112,19.0,0.25
07:44:07,"[159.0, 112]","[158.0, 138]","[176.93, 56]","[178.75, 40]",167.96,346,17.93,0.45
07:44:08,"[158.79, 149]","[157.82, 178]","[173.19, 70]","[175.61, 62]",165.99,459,14.4,0.42
07:44:09,"[158.0, 112]","[156.0, 56]","[172.4, 50]","[172.53, 34]",165.2,252,14.4,0.33
07:44:10,"[160.0, 48]","[157.49, 63]","[169.64, 11]","[171.46, 37]",164.82,159,9.64,0.4
07:44:11,"[161.0, 22]","[158.0, 77]","[167.09, 11]","[169.0, 22]",164.05,132,6.09,0.5
07:44:12,"[161.0, 22]","[158.0, 77]","[166.1, 20]","[167.62, 13]",163.55,132,5.1,0.5
07:44:13,"[161.0, 24]","[158.0, 84]","[165.57, 28]","[171.0, 48]",163.29,184,4.57,0.17
07:44:14,"[161.0, 18]","[158.0, 63]","[163.77, 26]","[164.91, 22]",162.38,129,2.77,0.26
07:44:15,"[158.34, 88]","[156.93, 75]","[161.57, 51]","[162.59, 49]",159.95,263,3.23,0.24
07:44:16,"[158.0, 79]","[156.0, 36]","[159.39, 31]","[186.8, 30]",158.69,176,1.39,0.31
07:44:17,"[158.0, 17]","[156.0, 28]","[159.0, 7]","[290.0, 21]",158.5,73,1.0,0.23
07:44:18,"[156.67, 24]","[155.5, 32]","[158.36, 14]","[268.17, 18]",157.51,88,1.69,0.27
07:44:19,"[156.0, 40]","[155.0, 40]","[157.8, 30]","[159.0, 10]",156.9,120,1.8,0.33
07:44:20,"[155.89, 70]","[154.69, 77]","[157.0, 36]","[190.59, 32]",156.44,215,1.11,0.37
07:44:21,"[156.76, 59]","[154.92, 108]","[184.69, 39]","[429.17, 53]",170.73,259,27.93,0.29
07:44:22,"[158.0, 40]","[155.0, 51]","[187.56, 27]","[465.48, 29]",172.78,147,29.56,0.24
07:44:23,"[158.0, 18]","[155.2, 40]","[225.68, 31]","[304.32, 41]",191.84,130,67.68,-0.11
07:44:24,"[156.18, 66]","[155.38, 64]","[326.25, 55]","[483.87, 45]",241.22,230,170.07,0.13
07:44:25,"[156.0, 30]","[155.0, 20]","[326.0, 16]","[633.04, 23]",241.0,89,170.0,0.12
07:44:26,"[156.0, 24]","[155.0, 32]","[541.93, 30]","[684.67, 36]",348.97,122,385.93,-0.08
07:44:27,"[156.0, 20]","[155.0, 40]","[404.22, 37]","[529.59, 39]",280.11,136,248.22,-0.12
07:44:28,"[156.0, 16]","[155.0, 32]","[213.12, 16]","[215.0, 32]",184.56,96,57.12,0.0
07:44:29,"[156.75, 16]","[155.17, 24]","[210.14, 14]","[215.0, 28]",183.45,82,53.39,-0.02
07:44:30,"[158.0, 15]","[156.0, 10]","[210.0, 10]","[215.0, 20]",184.0,55,52.0,-0.09
07:44:31,"[157.53, 19]","[155.85, 26]","[207.83, 23]","[214.74, 46]",182.68,114,50.3,-0.21
07:44:32,"[162.78, 18]","[158.24, 17]","[165.12, 16]","[192.13, 15]",163.95,66,2.35,0.06
07:44:33,"[158.09, 172]","[156.06, 34]","[165.1, 49]","[197.61, 31]",161.59,286,7.01,0.44
07:44:34,"[159.68, 176]","[156.82, 22]","[163.5, 32]","[164.89, 38]",161.59,268,3.82,0.48
07:44:35,"[161.0, 113]","[159.0, 10]","[162.1, 40]","[251.69, 16]",161.55,179,1.1,0.37
07:44:36,"[161.0, 125]","[159.0, 13]","[203.87, 47]","[453.92, 49]",182.44,234,42.87,0.18
07:44:37,"[161.27, 37]","[160.67, 49]","[238.47, 43]","[334.15, 13]",199.87,142,77.19,0.21
07:44:38,"[161.0, 76]","[157.95, 76]","[240.17, 60]","[260.0, 40]",200.58,252,79.17,0.21
07:44:39,"[159.69, 32]","[157.98, 83]","[238.0, 55]","[251.6, 43]",198.84,213,78.31,0.08
07:44:40,"[158.0, 69]","[157.0, 11]","[236.09, 55]","[449.55, 11]",197.05,146,78.09,0.1
07:44:41,"[158.0, 45]","[157.0, 10]","[219.2, 50]","[293.23, 26]",188.6,131,61.2,-0.16
07:44:42,"[158.0, 40]","[157.0, 10]","[179.5, 50]","[202.19, 42]",168.75,142,21.5,-0.3
07:44:43,"[158.0, 43]","[157.0, 13]","[177.56, 64]","[183.44, 48]",167.78,168,19.56,-0.33
07:44:44,"[157.97, 68]","[156.2, 35]","[172.79, 56]","[175.0, 70]",165.38,229,14.82,-0.1
07:44:45,"[158.0, 73]","[155.74, 35]","[171.0, 44]","[175.0, 55]",164.5,207,13.0,0.04
07:44:46,"[158.0, 60]","[156.0, 40]","[168.47, 47]","[169.72, 43]",163.23,190,10.47,0.05
07:44:47,"[158.74, 62]","[157.86, 58]","[166.84, 44]","[204.54, 37]",162.79,201,8.1,0.19
07:44:48,"[163.0, 9]","[159.0, 108]","[168.49, 39]","[356.86, 42]",165.74,198,5.49,0.18
07:44:49,"[163.0, 10]","[159.0, 120]","[165.9, 50]","[169.0, 40]",164.45,220,2.9,0.18
07:44:50,"[158.09, 171]","[157.44, 100]","[164.62, 42]","[167.1, 42]",161.35,355,6.53,0.53
07:44:51,"[159.35, 136]","[157.87, 280]","[163.0, 30]","[179.07, 27]",161.18,473,3.65,0.76
07:44:52,"[158.0, 151]","[156.73, 110]","[162.27, 22]","[387.05, 43]",160.14,326,4.27,0.6
07:44:53,"[158.0, 55]","[157.0, 176]","[270.31, 49]","[334.76, 41]",214.15,321,112.31,0.44
07:44:54,"[158.09, 33]","[157.05, 101]","[211.0, 35]","[335.5, 20]",184.55,189,52.91,0.42
07:44:55,"[159.85, 47]","[158.04, 47]","[210.82, 34]","[216.4, 50]",185.34,178,50.97,0.06
07:44:56,"[160.47, 59]","[159.46, 93]","[208.0, 15]","[218.8, 75]",184.24,242,47.53,0.26
07:44:57,"[160.74, 27]","[159.5, 20]","[204.67, 6]","[220.0, 30]",182.7,83,43.93,0.13
07:44:58,"[160.67, 18]","[158.75, 24]","[202.0, 6]","[251.33, 30]",181.33,78,41.33,0.08
07:44:59,"[160.0, 14]","[158.0, 35]","[202.0, 7]","[323.31, 29]",181.0,85,42.0,0.15
07:45:00,"[158.0, 21]","[157.0, 144]","[201.56, 9]","[408.47, 38]",179.78,212,43.56,0.56
07:45:01,"[158.0, 16]","[157.0, 128]","[200.5, 8]","[286.89, 37]",179.25,189,42.5,0.52
07:45:02,"[158.0, 18]","[157.0, 144]","[171.38, 21]","[352.78, 27]",164.69,210,13.38,0.54
07:45:03,"[158.0, 10]","[157.0, 112]","[325.0, 17]","[433.76, 33]",241.5,172,167.0,0.42
07:45:04,"[158.0, 7]","[157.0, 112]","[315.69, 13]","[661.27, 22]",236.85,154,157.69,0.55
07:45:05,"[157.96, 47]","[156.48, 117]","[356.94, 36]","[484.3, 43]",257.45,243,198.99,0.35
07:45:06,"[157.47, 59]","[155.34, 107]","[173.0, 9]","[296.38, 39]",165.24,214,15.53,0.55
07:45:07,"[157.0, 60]","[155.17, 46]","[174.67, 6]","[309.83, 24]",165.83,136,17.67,0.56
07:45:08,"[157.0, 90]","[156.0, 18]","[315.68, 22]","[380.0, 36]",236.34,166,158.68,0.3
07:45:09,"[156.75, 40]","[155.06, 101]","[354.0, 40]","[406.0, 32]",255.38,213,197.25,0.32
07:45:10,"[158.28, 75]","[156.25, 24]","[353.09, 55]","[551.25, 32]",255.69,186,194.81,0.06
07:45:11,"[161.0, 36]","[158.07, 14]","[352.5, 40]","[516.25, 32]",256.75,122,191.5,-0.18
07:45:12,"[161.0, 32]","[160.0, 8]","[308.0, 36]","[350.03, 33]",234.5,109,147.0,-0.27
07:45:13,"[161.6, 40]","[160.57, 21]","[253.0, 48]","[330.79, 57]",207.3,166,91.4,-0.27
07:45:14,"[161.0, 5]","[160.0, 3]","[253.0, 12]","[351.0, 15]",207.0,35,92.0,-0.54
07:45:15,"[161.0, 16]","[160.0, 8]","[225.93, 29]","[279.46, 35]",193.47,88,64.93,-0.45
07:45:16,"[161.0, 12]","[160.0, 4]","[196.0, 4]","[207.0, 16]",178.5,36,35.0,-0.11
07:45:17,"[157.0, 30]","[156.0, 20]","[205.82, 38]","[207.7, 40]",181.41,128,48.82,-0.22
07:45:18,"[156.25, 12]","[155.01, 173]","[204.5, 50]","[206.0, 40]",180.38,275,48.25,0.35
07:45:19,"[156.0, 9]","[155.0, 171]","[202.81, 43]","[205.21, 38]",179.41,261,46.81,0.38
07:45:20,"[154.08, 13]","[154.71, 140]","[200.68, 31]","[201.55, 44]",177.38,228,46.6,0.34
07:45:21,"[151.0, 45]","[105.82, 33]","[196.61, 36]","[198.78, 40]",173.81,154,45.61,0.01
07:45:22,"[152.6, 25]","[137.47, 59]","[193.14, 57]","[194.56, 54]",172.87,195,40.54,-0.14
07:45:23,"[155.44, 9]","[151.55, 29]","[188.64, 28]","[189.69, 35]",172.04,101,33.2,-0.25
07:45:24,"[157.96, 53]","[155.92, 12]","[184.84, 44]","[186.03, 40]",171.4,149,26.88,-0.13
07:45:25,"[158.0, 56]","[156.0, 14]","[179.49, 41]","[181.13, 52]",168.74,163,21.49,-0.14
07:45:26,"[158.8, 20]","[157.6, 20]","[177.8, 30]","[179.29, 28]",168.3,98,19.0,-0.18
07:45:27,"[164.0, 22]","[158.0, 33]","[171.26, 39]","[176.18, 44]",167.63,138,7.26,-0.2
07:45:28,"[163.25, 16]","[158.67, 27]","[172.24, 34]","[173.54, 37]",167.74,114,8.99,-0.25
07:45:29,"[161.0, 25]","[158.0, 27]","[170.79, 19]","[171.62, 32]",165.89,103,9.79,0.01
07:45:30,"[161.0, 40]","[158.0, 24]","[168.28, 29]","[169.78, 27]",164.64,120,7.28,0.07
07:45:31,"[161.0, 60]","[158.0, 76]","[164.23, 47]","[165.14, 50]",162.62,233,3.23,0.17
07:45:32,"[157.36, 28]","[154.53, 53]","[161.22, 49]","[163.6, 53]",159.29,183,3.87,-0.11
07:45:33,"[153.0, 13]","[151.0, 65]","[158.77, 26]","[160.73, 55]",155.88,159,5.77,-0.02
07:45:34,"[151.13, 15]","[145.06, 33]","[157.75, 16]","[160.23, 26]",154.44,90,6.62,0.07
07:45:35,"[151.0, 16]","[101.0, 36]","[156.0, 16]","[157.0, 16]",153.5,84,5.0,0.24
07:45:36,"[77.0, 24]","[54.0, 28]","[153.1, 21]","[155.0, 16]",115.05,89,76.1,0.17
07:45:37,"[101.41, 80]","[72.74, 38]","[151.5, 28]","[152.63, 38]",126.46,184,50.09,0.28
07:45:38,"[114.36, 98]","[71.28, 53]","[147.88, 34]","[149.55, 29]",131.12,214,33.53,0.41
07:45:39,"[123.28, 25]","[102.81, 31]","[146.0, 7]","[147.0, 28]",134.64,91,22.72,0.23
07:45:40,"[140.0, 42]","[139.0, 24]","[146.5, 14]","[149.0, 18]",143.25,98,6.5,0.35
07:45:41,"[141.62, 56]","[114.38, 32]","[149.63, 19]","[152.68, 19]",145.63,126,8.01,0.4
07:45:42,"[142.86, 49]","[115.64, 22]","[153.0, 15]","[156.0, 14]",147.93,100,10.14,0.42
07:45:43,"[143.5, 70]","[138.0, 20]","[153.0, 10]","[156.0, 20]",148.25,120,9.5,0.5
07:45:44,"[146.59, 17]","[136.41, 29]","[152.56, 9]","[155.73, 11]",149.57,66,5.97,0.39
07:45:45,"[146.21, 19]","[98.9, 20]","[155.91, 11]","[162.6, 10]",151.06,60,9.7,0.3
07:45:46,"[158.77, 39]","[137.0, 32]","[182.54, 13]","[468.4, 15]",170.65,99,23.77,0.43
07:45:47,"[163.0, 24]","[156.28, 18]","[349.0, 8]","[488.25, 16]",256.0,66,186.0,0.27
07:45:48,"[163.0, 27]","[160.0, 11]","[345.91, 33]","[347.03, 29]",254.45,100,182.91,-0.24
07:45:49,"[160.17, 18]","[144.95, 19]","[344.0, 39]","[345.0, 39]",252.08,115,183.83,-0.36
07:45:50,"[155.43, 28]","[110.67, 147]","[234.34, 50]","[342.64, 42]",194.88,267,78.91,0.31
07:45:51,"[157.0, 30]","[155.0, 30]","[186.37, 57]","[229.31, 62]",171.68,179,29.37,-0.33
07:45:52,"[157.0, 12]","[155.0, 12]","[183.5, 18]","[187.0, 30]",170.25,72,26.5,-0.33
07:45:53,"[157.0, 28]","[155.0, 28]","[181.64, 42]","[220.73, 44]",169.32,142,24.64,-0.21
07:45:54,"[157.98, 175]","[156.64, 22]","[178.36, 33]","[180.18, 33]",168.17,263,20.39,0.5
07:45:55,"[158.85, 212]","[157.86, 111]","[176.54, 39]","[178.15, 39]",167.69,401,17.69,0.61
07:45:56,"[161.0, 95]","[158.0, 190]","[173.6, 10]","[176.0, 30]",167.3,325,12.6,0.75
07:45:57,"[162.0, 24]","[161.0, 56]","[171.83, 12]","[173.3, 20]",166.92,112,9.83,0.43
07:45:58,"[161.27, 33]","[159.52, 152]","[169.0, 22]","[171.62, 26]",165.14,233,7.73,0.59
07:45:59,"[161.0, 72]","[158.0, 300]","[165.81, 26]","[166.66, 32]",163.4,430,4.81,0.73
07:46:00,"[160.8, 41]","[158.08, 208]","[192.61, 28]","[283.38, 21]",176.71,298,31.8,0.67
07:46:01,"[160.0, 12]","[158.0, 75]","[352.0, 4]","[373.8, 5]",256.0,96,192.0,0.81
07:46:02,"[160.0, 29]","[158.0, 275]","[311.92, 12]","[448.71, 21]",235.96,337,151.92,0.8
07:46:03,"[160.0, 11]","[158.0, 274]","[222.19, 16]","[254.18, 17]",191.09,318,62.19,0.79
07:46:04,"[158.34, 58]","[157.95, 264]","[219.08, 12]","[317.33, 21]",188.71,355,60.74,0.81
07:46:05,"[158.08, 146]","[157.4, 60]","[214.83, 18]","[315.71, 17]",186.46,241,56.75,0.71
07:46:06,"[164.0, 9]","[158.0, 216]","[217.64, 11]","[330.05, 19]",190.82,255,53.64,0.76
07:46:07,"[164.0, 6]","[158.0, 144]","[219.0, 6]","[329.89, 18]",191.5,174,55.0,0.72
07:46:08,"[161.27, 11]","[157.95, 127]","[184.15, 13]","[230.8, 15]",172.71,166,22.88,0.66
07:46:09,"[158.0, 40]","[155.0, 16]","[168.25, 12]","[215.57, 21]",163.12,89,10.25,0.26
07:46:10,"[158.0, 112]","[155.0, 16]","[167.0, 8]","[389.0, 32]",162.5,168,9.0,0.52
07:46:11,"[158.0, 196]","[155.0, 28]","[165.29, 14]","[424.17, 53]",161.64,291,7.29,0.54
07:46:12,"[158.0, 192]","[155.0, 28]","[257.96, 28]","[335.12, 17]",207.98,265,99.96,0.66
07:46:13,"[158.78, 46]","[157.14, 28]","[283.0, 18]","[285.0, 6]",220.89,98,124.22,0.51
07:46:14,"[164.0, 30]","[158.27, 55]","[280.65, 31]","[281.65, 26]",222.32,142,116.65,0.2
07:46:15,"[158.29, 126]","[155.75, 16]","[277.97, 30]","[278.77, 22]",218.13,194,119.68,0.46
07:46:16,"[158.0, 236]","[154.81, 64]","[274.89, 36]","[276.31, 52]",216.44,388,116.89,0.55
07:46:17,"[158.0, 102]","[155.0, 112]","[272.4, 48]","[273.36, 45]",215.2,307,114.4,0.39
07:46:18,"[158.83, 58]","[156.0, 48]","[269.22, 36]","[269.0, 24]",214.02,166,110.39,0.28
07:46:19,"[159.38, 96]","[158.0, 32]","[252.46, 28]","[267.59, 59]",205.92,215,93.09,0.19
07:46:20,"[160.0, 42]","[158.0, 14]","[264.63, 19]","[266.62, 16]",212.32,91,104.63,0.23
07:46:21,"[161.13, 106]","[159.04, 46]","[192.29, 41]","[210.48, 48]",176.71,241,31.16,0.26
07:46:22,"[163.0, 100]","[160.0, 66]","[189.33, 36]","[190.22, 41]",176.17,243,26.33,0.37
07:46:23,"[160.0, 43]","[158.0, 26]","[187.04, 24]","[188.96, 49]",173.52,142,27.04,-0.03
07:46:24,"[159.0, 16]","[156.8, 40]","[183.75, 55]","[186.06, 17]",171.37,128,24.75,-0.12
07:46:25,"[160.86, 74]","[155.75, 32]","[179.87, 31]","[180.12, 48]",170.37,185,19.01,0.15
07:46:26,"[162.57, 84]","[160.58, 72]","[175.6, 50]","[177.6, 20]",169.09,226,13.03,0.38
07:46:27,"[163.0, 78]","[161.0, 84]","[171.04, 28]","[171.96, 28]",167.02,218,8.04,0.49
07:46:28,"[163.0, 48]","[161.0, 72]","[166.15, 20]","[167.75, 16]",164.57,156,3.15,0.54
07:46:29,"[161.64, 59]","[158.7, 94]","[164.24, 45]","[165.61, 46]",162.94,244,2.6,0.25
07:46:30,"[159.2, 50]","[157.91, 136]","[162.77, 35]","[187.08, 37]",160.99,258,3.57,0.44
07:46:31,"[158.17, 72]","[157.54, 52]","[160.3, 30]","[197.68, 34]",159.23,188,2.13,0.32
07:46:32,"[158.0, 129]","[156.0, 24]","[160.0, 36]","[212.61, 51]",159.0,240,2.0,0.28
07:46:33,"[158.0, 102]","[156.0, 20]","[160.0, 30]","[329.61, 18]",159.0,170,2.0,0.44
07:46:34,"[158.13, 92]","[157.43, 56]","[201.79, 29]","[415.5, 20]",179.96,197,43.66,0.5
07:46:35,"[158.0, 92]","[156.0, 20]","[296.11, 19]","[384.0, 11]",227.05,142,138.11,0.58
07:46:36,"[158.0, 60]","[155.37, 38]","[197.65, 34]","[414.0, 14]",177.82,146,39.65,0.34
07:46:37,"[158.71, 34]","[156.89, 27]","[169.0, 35]","[370.0, 7]",163.85,103,10.29,0.18
07:46:38,"[158.75, 24]","[157.11, 27]","[187.27, 22]","[408.5, 8]",173.01,81,28.52,0.26
07:46:39,"[157.0, 78]","[156.0, 39]","[314.59, 37]","[442.3, 37]",235.8,191,157.59,0.23
07:46:40,"[157.0, 60]","[156.0, 30]","[472.54, 41]","[474.81, 47]",314.77,178,315.54,0.01
07:46:41,"[157.0, 66]","[156.0, 33]","[181.5, 32]","[371.1, 20]",169.25,151,24.5,0.31
07:46:42,"[157.0, 66]","[156.0, 33]","[165.17, 41]","[279.57, 14]",161.09,154,8.17,0.29
07:46:43,"[160.92, 38]","[157.16, 43]","[162.32, 50]","[170.29, 35]",161.62,166,1.4,-0.02
07:46:44,"[157.02, 49]","[156.2, 30]","[164.0, 36]","[185.78, 18]",160.51,133,6.98,0.19
07:46:45,"[157.0, 10]","[156.0, 15]","[162.6, 20]","[268.0, 10]",159.8,55,5.6,-0.09
07:46:46,"[157.0, 10]","[156.0, 15]","[161.86, 14]","[207.43, 14]",159.43,53,4.86,-0.06
07:46:47,"[155.04, 100]","[152.71, 17]","[158.29, 17]","[176.77, 26]",156.67,160,3.25,0.46
07:46:48,"[155.08, 78]","[151.57, 28]","[221.5, 24]","[266.18, 17]",188.29,147,66.42,0.44
07:46:49,"[154.8, 30]","[153.26, 50]","[318.32, 31]","[657.07, 15]",236.56,126,163.52,0.27
07:46:50,"[161.0, 48]","[156.0, 8]","[280.32, 34]","[680.0, 22]",220.66,112,119.32,0.0
07:46:51,"[161.0, 66]","[156.0, 11]","[478.35, 49]","[600.59, 37]",319.67,163,317.35,-0.06
07:46:52,"[161.0, 84]","[159.2, 35]","[457.14, 70]","[567.21, 70]",309.07,259,296.14,-0.08
07:46:53,"[161.0, 48]","[159.52, 29]","[424.83, 36]","[548.16, 19]",292.92,132,263.83,0.17
07:46:54,"[161.0, 15]","[158.0, 9]","[279.0, 6]","[375.0, 15]",220.0,45,118.0,0.07
07:46:55,"[161.0, 30]","[158.0, 18]","[279.0, 12]","[375.0, 30]",220.0,90,118.0,0.07
07:46:56,"[161.0, 52]","[158.0, 24]","[262.86, 14]","[363.71, 34]",211.93,124,101.86,0.23
07:46:57,"[161.0, 88]","[158.0, 33]","[381.29, 28]","[420.68, 44]",271.14,193,220.29,0.25
07:46:58,"[161.0, 104]","[159.95, 259]","[215.27, 33]","[513.33, 45]",188.14,441,54.27,0.65
07:46:59,"[161.5, 32]","[160.48, 133]","[356.82, 39]","[430.6, 25]",259.16,229,195.32,0.44
07:47:00,"[163.0, 5]","[161.0, 40]","[371.4, 20]","[421.06, 18]",267.2,83,208.4,0.08
07:47:01,"[163.0, 9]","[161.0, 72]","[306.14, 14]","[428.32, 19]",234.57,114,143.14,0.42
07:47:02,"[163.0, 11]","[161.0, 88]","[304.73, 22]","[452.4, 15]",233.86,136,141.73,0.46
07:47:03,"[161.25, 32]","[160.12, 262]","[302.43, 28]","[387.73, 45]",231.84,367,141.18,0.6
07:47:04,"[160.02, 123]","[159.28, 108]","[300.97, 31]","[322.81, 32]",230.5,294,140.94,0.57
07:47:05,"[160.0, 170]","[158.0, 36]","[298.0, 18]","[299.12, 16]",229.0,240,138.0,0.72
07:47:06,"[160.0, 141]","[158.0, 44]","[289.33, 18]","[296.89, 18]",224.67,221,129.33,0.67
07:47:07,"[160.0, 196]","[158.0, 70]","[290.33, 27]","[296.56, 27]",225.17,320,130.33,0.66
07:47:08,"[160.0, 98]","[158.0, 35]","[291.0, 14]","[292.08, 13]",225.5,160,131.0,0.66
07:47:09,"[160.0, 192]","[158.0, 70]","[288.55, 20]","[289.86, 28]",224.28,310,128.55,0.69
07:47:10,"[160.0, 71]","[158.0, 50]","[192.06, 16]","[232.0, 18]",176.03,155,32.06,0.56
07:47:11,"[160.67, 27]","[159.29, 42]","[266.07, 15]","[439.88, 33]",213.37,117,105.4,0.18
07:47:12,"[161.0, 26]","[160.0, 39]","[353.81, 57]","[443.82, 51]",257.4,173,192.81,-0.25
07:47:13,"[161.0, 16]","[160.0, 24]","[305.87, 38]","[325.5, 40]",233.43,118,144.87,-0.32
07:47:14,"[161.0, 24]","[160.0, 36]","[218.31, 52]","[265.44, 54]",189.65,166,57.31,-0.28
07:47:15,"[161.0, 18]","[160.0, 27]","[213.65, 37]","[272.0, 45]",187.32,127,52.65,-0.29
07:47:16,"[161.0, 38]","[160.0, 33]","[193.89, 37]","[207.08, 53]",177.45,161,32.89,-0.12
07:47:17,"[161.0, 42]","[160.0, 21]","[190.18, 11]","[192.9, 31]",175.59,105,29.18,0.2
07:47:18,"[161.0, 42]","[159.58, 19]","[186.7, 27]","[188.0, 23]",173.85,111,25.7,0.1
07:47:19,"[161.0, 25]","[158.0, 22]","[184.09, 55]","[185.18, 55]",172.55,157,23.09,-0.4
07:47:20,"[161.0, 12]","[159.5, 24]","[181.29, 24]","[182.73, 48]",171.15,108,20.29,-0.33
07:47:21,"[161.0, 13]","[160.0, 26]","[175.55, 33]","[177.82, 61]",168.27,133,14.55,-0.41
07:47:22,"[163.05, 22]","[160.18, 17]","[170.42, 38]","[171.03, 34]",166.73,111,7.38,-0.3
07:47:23,"[164.0, 42]","[161.0, 14]","[166.85, 46]","[167.47, 38]",165.42,140,2.85,-0.2
07:47:24,"[160.92, 12]","[158.08, 24]","[165.62, 56]","[166.92, 60]",163.27,152,4.71,-0.53
07:47:25,"[161.0, 8]","[157.98, 57]","[164.5, 40]","[173.61, 36]",162.75,141,3.5,-0.08
07:47:26,"[159.0, 12]","[156.34, 61]","[162.77, 52]","[213.62, 40]",160.88,165,3.77,-0.12
07:47:27,"[156.53, 45]","[155.86, 108]","[174.2, 75]","[271.32, 53]",165.37,281,17.67,0.09
07:47:28,"[157.09, 32]","[156.0, 56]","[327.14, 29]","[356.0, 35]",242.12,152,170.04,0.16
07:47:29,"[156.7, 43]","[155.64, 55]","[158.64, 33]","[333.22, 27]",157.67,158,1.94,0.24
07:47:30,"[156.0, 63]","[155.0, 45]","[157.89, 36]","[159.0, 9]",156.94,153,1.89,0.41
07:47:31,"[156.0, 34]","[155.0, 30]","[336.14, 14]","[445.5, 10]",246.07,88,180.14,0.45
07:47:32,"[156.0, 30]","[155.0, 30]","[509.0, 14]","[537.09, 22]",332.5,96,353.0,0.25
07:47:33,"[156.0, 27]","[155.0, 45]","[461.18, 44]","[533.03, 33]",308.59,149,305.18,-0.03
07:47:34,"[157.8, 60]","[155.32, 37]","[449.93, 27]","[453.14, 42]",303.86,166,292.13,0.17
07:47:35,"[158.0, 99]","[156.0, 22]","[221.38, 29]","[372.9, 20]",189.69,170,63.38,0.42
07:47:36,"[158.0, 66]","[156.0, 12]","[195.5, 24]","[298.83, 6]",176.75,108,37.5,0.44
07:47:37,"[158.0, 60]","[156.0, 10]","[194.2, 20]","[613.0, 5]",176.1,95,36.2,0.47
07:47:38,"[158.0, 64]","[156.0, 18]","[192.78, 36]","[193.78, 36]",175.39,154,34.78,0.06
07:47:39,"[158.0, 50]","[156.0, 20]","[190.8, 40]","[193.0, 40]",174.4,150,32.8,-0.07
07:47:40,"[158.44, 36]","[154.36, 83]","[186.73, 44]","[190.82, 44]",172.59,207,28.28,0.15
07:47:41,"[164.0, 33]","[160.0, 11]","[183.73, 44]","[185.36, 44]",173.86,132,19.73,-0.33
07:47:42,"[164.0, 27]","[162.0, 12]","[181.22, 36]","[184.0, 36]",172.61,111,17.22,-0.3
07:47:43,"[160.73, 33]","[156.68, 19]","[179.0, 40]","[180.0, 40]",169.86,132,18.27,-0.21
07:47:44,"[155.0, 28]","[153.0, 28]","[178.43, 28]","[180.0, 28]",166.71,112,23.43,0.0
07:47:45,"[155.0, 16]","[153.0, 28]","[159.09, 22]","[171.08, 13]",157.05,79,4.09,0.11
07:47:46,"[155.6, 20]","[153.86, 28]","[158.11, 35]","[160.0, 10]",156.86,93,2.51,0.03
07:47:47,"[154.0, 44]","[153.63, 27]","[157.89, 36]","[244.64, 28]",155.94,135,3.89,0.05
07:47:48,"[154.69, 77]","[152.53, 60]","[158.94, 18]","[160.93, 41]",156.82,196,4.26,0.4
07:47:49,"[155.0, 35]","[152.0, 32]","[156.0, 14]","[157.0, 7]",155.5,88,1.0,0.52
07:47:50,"[155.0, 18]","[152.0, 24]","[157.0, 6]","[161.0, 6]",156.0,54,2.0,0.56
07:47:51,"[155.62, 24]","[153.67, 27]","[157.0, 8]","[161.62, 8]",156.31,67,1.38,0.52
07:47:52,"[155.0, 27]","[152.0, 36]","[156.67, 9]","[171.62, 13]",155.83,85,1.67,0.48
07:47:53,"[155.69, 35]","[152.84, 37]","[185.79, 43]","[213.68, 56]",170.74,171,30.1,-0.16
07:47:54,"[158.5, 24]","[155.88, 41]","[186.0, 24]","[206.38, 16]",172.25,105,27.5,0.24
07:47:55,"[156.0, 50]","[155.0, 5]","[186.0, 15]","[280.0, 5]",171.0,75,30.0,0.47
07:47:56,"[156.0, 74]","[155.0, 9]","[185.44, 27]","[432.33, 9]",170.72,119,29.44,0.39
07:47:57,"[156.07, 41]","[155.5, 12]","[184.36, 25]","[217.2, 15]",170.22,93,28.29,0.14
07:47:58,"[157.0, 39]","[156.0, 78]","[182.77, 44]","[183.94, 47]",169.89,208,25.77,0.12
07:47:59,"[156.27, 33]","[155.82, 22]","[180.18, 22]","[181.11, 27]",168.23,104,23.91,0.06
07:48:00,"[156.74, 141]","[155.83, 36]","[178.17, 36]","[179.39, 41]",167.46,254,21.42,0.39
07:48:01,"[157.02, 210]","[156.21, 76]","[177.0, 33]","[178.0, 44]",167.01,363,19.98,0.58
07:48:02,"[157.25, 149]","[156.75, 170]","[174.67, 66]","[175.45, 49]",165.96,434,17.42,0.47
07:48:03,"[157.07, 192]","[156.25, 120]","[171.24, 62]","[172.3, 71]",164.16,445,14.17,0.4
07:48:04,"[158.2, 150]","[156.61, 112]","[167.4, 50]","[168.88, 59]",162.8,371,9.2,0.41
07:48:05,"[163.0, 66]","[161.0, 44]","[164.64, 25]","[166.68, 38]",163.82,173,1.64,0.27
07:48:06,"[161.74, 38]","[160.36, 56]","[164.1, 39]","[177.45, 22]",162.92,155,2.37,0.21
07:48:07,"[161.0, 28]","[160.0, 60]","[162.24, 46]","[164.68, 22]",161.62,156,1.24,0.13
07:48:08,"[158.0, 48]","[158.2, 60]","[162.5, 36]","[193.78, 18]",160.25,162,4.5,0.33
07:48:09,"[157.0, 96]","[156.0, 48]","[164.29, 21]","[234.38, 16]",160.64,181,7.29,0.59
07:48:10,"[157.36, 100]","[156.17, 72]","[163.41, 41]","[164.18, 34]",160.39,247,6.05,0.39
07:48:11,"[160.0, 40]","[157.5, 16]","[162.0, 20]","[163.0, 40]",161.0,116,2.0,-0.03
07:48:12,"[158.79, 81]","[157.58, 66]","[161.33, 36]","[163.32, 47]",160.06,230,2.54,0.28
07:48:13,"[158.0, 91]","[157.0, 52]","[160.0, 37]","[161.21, 28]",159.0,208,2.0,0.38
07:48:14,"[158.0, 103]","[157.0, 68]","[159.43, 42]","[236.14, 43]",158.71,256,1.43,0.34
07:48:15,"[158.0, 90]","[156.08, 96]","[165.05, 63]","[372.22, 36]",161.52,285,7.05,0.31
07:48:16,"[158.0, 34]","[156.45, 87]","[166.0, 60]","[188.0, 48]",162.0,229,8.0,0.06
07:48:17,"[159.29, 14]","[157.01, 78]","[166.0, 60]","[363.17, 24]",162.64,176,6.71,0.05
07:48:18,"[163.25, 24]","[156.33, 43]","[166.15, 48]","[251.73, 26]",164.7,141,2.9,-0.05
07:48:19,"[158.99, 69]","[157.04, 25]","[166.95, 58]","[196.08, 59]",162.97,211,7.96,-0.11
07:48:20,"[159.0, 36]","[158.0, 9]","[166.0, 9]","[167.0, 45]",162.5,99,7.0,-0.09
07:48:21,"[159.45, 44]","[158.0, 11]","[165.73, 11]","[167.0, 55]",162.59,121,6.27,-0.09
07:48:22,"[160.0, 36]","[158.0, 9]","[165.0, 9]","[167.0, 45]",162.5,99,5.0,-0.09
07:48:23,"[159.5, 32]","[156.32, 57]","[163.67, 21]","[164.56, 57]",161.58,167,4.17,0.07
07:48:24,"[157.12, 50]","[155.89, 72]","[161.39, 33]","[286.84, 38]",159.26,193,4.27,0.26
07:48:25,"[156.67, 21]","[155.73, 89]","[159.3, 10]","[161.58, 31]",157.98,151,2.63,0.46
07:48:26,"[155.27, 74]","[153.5, 84]","[162.64, 11]","[361.62, 16]",158.95,185,7.37,0.71
07:48:27,"[155.0, 126]","[152.0, 98]","[165.61, 36]","[250.68, 37]",160.31,297,10.61,0.51
07:48:28,"[155.0, 90]","[152.0, 70]","[162.67, 30]","[164.29, 28]",158.83,218,7.67,0.47
07:48:29,"[155.0, 97]","[152.0, 91]","[158.61, 44]","[159.75, 44]",156.81,276,3.61,0.36
07:48:30,"[155.0, 41]","[152.91, 77]","[158.28, 29]","[160.18, 17]",156.64,164,3.28,0.44
07:48:31,"[157.0, 100]","[155.0, 40]","[159.0, 40]","[163.0, 10]",158.0,190,2.0,0.47
07:48:32,"[157.0, 104]","[155.0, 48]","[158.78, 36]","[233.67, 24]",157.89,212,1.78,0.43
07:48:33,"[156.64, 66]","[153.53, 57]","[161.26, 34]","[218.73, 45]",158.95,202,4.63,0.22
07:48:34,"[155.0, 36]","[151.0, 38]","[159.0, 32]","[160.52, 31]",157.0,137,4.0,0.08
07:48:35,"[155.06, 51]","[151.28, 58]","[157.62, 52]","[160.0, 39]",156.34,200,2.56,0.09
07:48:36,"[155.51, 41]","[153.95, 38]","[157.0, 48]","[160.38, 26]",156.26,153,1.49,0.03
07:48:37,"[155.1, 41]","[152.14, 28]","[157.0, 48]","[162.0, 12]",156.05,129,1.9,0.07
07:48:38,"[155.0, 30]","[151.0, 20]","[156.66, 32]","[162.0, 10]",155.83,92,1.66,0.09
07:48:39,"[149.31, 32]","[130.18, 33]","[156.0, 26]","[161.08, 13]",152.66,104,6.69,0.25
07:48:40,"[157.18, 84]","[143.45, 83]","[289.83, 29]","[328.8, 50]",223.5,246,132.65,0.36
07:48:41,"[164.0, 22]","[151.0, 63]","[388.12, 16]","[513.79, 19]",276.06,120,224.12,0.42
07:48:42,"[155.73, 33]","[150.64, 47]","[305.0, 27]","[447.11, 18]",230.36,125,149.27,0.28
07:48:43,"[151.0, 49]","[148.0, 21]","[153.0, 10]","[490.0, 21]",152.0,101,2.0,0.39
07:48:44,"[151.0, 77]","[149.86, 43]","[153.0, 11]","[369.55, 33]",152.0,164,2.0,0.46
07:48:45,"[151.0, 63]","[148.0, 27]","[220.71, 21]","[445.59, 39]",185.86,150,69.71,0.2
07:48:46,"[151.0, 63]","[148.0, 27]","[214.56, 45]","[217.12, 43]",182.78,178,63.56,0.01
07:48:47,"[152.36, 59]","[150.49, 59]","[211.8, 83]","[233.21, 71]",182.08,272,59.44,-0.13
07:48:48,"[157.4, 20]","[155.0, 10]","[214.0, 50]","[261.31, 32]",185.7,112,56.6,-0.46
07:48:49,"[160.88, 16]","[157.82, 17]","[212.82, 55]","[355.91, 35]",186.85,123,51.94,-0.46
07:48:50,"[164.0, 11]","[161.0, 22]","[212.0, 55]","[463.79, 34]",188.0,122,48.0,-0.46
07:48:51,"[153.44, 25]","[151.34, 58]","[210.56, 45]","[228.41, 39]",182.0,167,57.12,-0.01
07:48:52,"[154.83, 36]","[152.58, 48]","[209.71, 70]","[212.0, 70]",182.27,224,54.88,-0.25
07:48:53,"[156.67, 18]","[154.18, 22]","[207.67, 45]","[209.33, 45]",182.17,130,51.0,-0.38
07:48:54,"[158.0, 18]","[156.0, 26]","[205.54, 65]","[207.31, 65]",181.77,174,47.54,-0.49
