Time,Bid1,Bid2,Ask1,Ask2,Mid-Price,Total_volume,Bid_ask_spread,Order_imbalance
07:30:00,"[0, 0]","[0, 0]","[799.5, 4]","[0, 0]",399.75,4,799.5,-1.0
07:30:01,"[0, 0]","[0, 0]","[219.0, 2]","[799.0, 2]",109.5,4,219.0,-1.0
07:30:03,"[0, 0]","[0, 0]","[218.0, 2]","[219.0, 2]",109.0,4,218.0,-1.0
07:30:04,"[0, 0]","[0, 0]","[216.5, 4]","[217.67, 6]",108.25,10,216.5,-1.0
07:30:05,"[187.86, 28]","[187.0, 8]","[215.17, 6]","[217.0, 12]",201.51,54,27.31,0.33
07:30:06,"[188.0, 30]","[187.0, 10]","[215.0, 5]","[217.0, 10]",201.5,55,27.0,0.45
07:30:07,"[188.0, 72]","[187.0, 24]","[211.9, 21]","[214.6, 15]",199.95,132,23.9,0.45
07:30:08,"[188.0, 72]","[187.0, 28]","[208.19, 32]","[209.9, 40]",198.09,172,20.19,0.16
07:30:09,"[188.0, 4]","[187.0, 8]","[205.86, 14]","[206.86, 7]",196.93,33,17.86,-0.27
07:30:10,"[188.0, 7]","[187.0, 14]","[204.4, 20]","[205.73, 22]",196.2,63,16.4,-0.33
07:30:11,"[187.26, 19]","[185.35, 17]","[198.47, 36]","[203.24, 29]",192.87,101,11.21,-0.29
07:30:12,"[180.98, 65]","[179.17, 48]","[198.72, 18]","[200.5, 22]",189.85,153,17.74,0.48
07:30:13,"[182.68, 50]","[181.61, 72]","[196.42, 36]","[197.18, 17]",189.55,175,13.74,0.39
07:30:14,"[184.71, 62]","[183.34, 89]","[191.53, 49]","[191.8, 41]",188.12,241,6.82,0.25
07:30:15,"[184.0, 39]","[182.0, 28]","[186.08, 13]","[187.0, 18]",185.04,98,2.08,0.37
07:30:16,"[182.4, 30]","[180.33, 48]","[183.62, 16]","[185.93, 15]",183.01,109,1.22,0.43
07:30:17,"[181.29, 17]","[179.51, 49]","[184.57, 23]","[187.86, 21]",182.93,110,3.27,0.2
07:30:18,"[182.42, 12]","[180.0, 60]","[185.86, 14]","[187.23, 35]",184.14,121,3.44,0.19
07:30:19,"[180.72, 25]","[178.0, 50]","[187.8, 25]","[189.08, 36]",184.26,136,7.08,0.1
07:30:20,"[178.29, 34]","[175.7, 67]","[189.0, 60]","[190.0, 36]",183.65,197,10.71,0.03
07:30:21,"[177.38, 78]","[175.92, 62]","[189.0, 65]","[190.0, 39]",183.19,244,11.62,0.15
07:30:22,"[179.8, 90]","[177.0, 45]","[189.0, 75]","[190.0, 45]",184.4,255,9.2,0.06
07:30:23,"[180.0, 66]","[176.3, 40]","[189.0, 55]","[190.0, 33]",184.5,194,9.0,0.09
07:30:24,"[185.04, 107]","[179.35, 86]","[189.0, 80]","[190.0, 48]",187.02,321,3.96,0.2
07:30:25,"[187.0, 77]","[182.0, 66]","[189.0, 55]","[190.0, 33]",188.0,231,2.0,0.24
07:30:26,"[187.0, 91]","[182.0, 78]","[189.0, 65]","[190.0, 39]",188.0,273,2.0,0.24
07:30:27,"[187.0, 70]","[182.0, 60]","[189.0, 50]","[190.0, 50]",188.0,230,2.0,0.13
07:30:28,"[187.0, 49]","[182.0, 42]","[189.0, 35]","[190.0, 56]",188.0,182,2.0,0.0
07:30:29,"[187.0, 71]","[182.33, 72]","[189.0, 70]","[190.0, 72]",188.0,285,2.0,0.0
07:30:30,"[187.0, 20]","[183.0, 20]","[189.0, 25]","[190.0, 15]",188.0,80,2.0,0.0
07:30:31,"[187.0, 48]","[183.0, 48]","[189.0, 58]","[240.78, 36]",188.0,190,2.0,0.01
07:30:32,"[186.2, 40]","[182.73, 44]","[188.11, 57]","[189.11, 44]",187.15,185,1.91,-0.09
07:30:33,"[183.29, 34]","[182.36, 56]","[187.87, 46]","[188.73, 33]",185.58,169,4.58,0.07
07:30:34,"[184.0, 26]","[183.0, 52]","[187.0, 26]","[188.0, 42]",185.5,146,3.0,0.07
07:30:35,"[183.22, 18]","[182.16, 50]","[187.0, 18]","[188.0, 54]",185.11,140,3.78,-0.03
07:30:36,"[183.0, 24]","[182.0, 72]","[186.25, 24]","[188.0, 72]",184.62,192,3.25,0.0
07:30:37,"[182.11, 54]","[180.67, 54]","[184.0, 65]","[187.27, 63]",183.06,236,1.89,-0.08
07:30:38,"[180.62, 24]","[176.23, 61]","[187.19, 42]","[193.71, 65]",183.91,192,6.57,-0.11
07:30:39,"[181.0, 16]","[180.0, 48]","[189.0, 96]","[190.0, 80]",185.0,240,8.0,-0.47
07:30:40,"[178.1, 20]","[176.84, 37]","[184.79, 28]","[188.5, 60]",181.44,145,6.69,-0.21
07:30:41,"[177.91, 11]","[176.0, 56]","[182.45, 22]","[186.64, 44]",180.18,133,4.55,0.01
07:30:42,"[179.47, 17]","[176.08, 74]","[181.27, 22]","[182.27, 22]",180.37,135,1.8,0.35
07:30:43,"[179.8, 35]","[176.49, 43]","[181.5, 28]","[183.0, 28]",180.65,134,1.7,0.16
07:30:44,"[176.0, 28]","[174.93, 149]","[177.45, 22]","[183.64, 22]",176.73,221,1.45,0.6
07:30:45,"[175.67, 12]","[174.59, 27]","[177.0, 6]","[184.0, 10]",176.33,55,1.33,0.42
07:30:46,"[175.14, 42]","[174.03, 125]","[177.0, 12]","[185.0, 24]",176.07,203,1.86,0.65
07:30:47,"[176.0, 12]","[174.0, 66]","[177.0, 6]","[185.0, 12]",176.5,96,1.0,0.62
07:30:48,"[174.24, 50]","[173.67, 49]","[182.82, 11]","[186.14, 14]",178.53,124,8.58,0.6
07:30:49,"[175.86, 126]","[172.33, 108]","[184.69, 29]","[186.67, 24]",180.27,287,8.83,0.63
07:30:50,"[183.0, 44]","[173.21, 201]","[184.56, 36]","[185.71, 28]",183.78,309,1.56,0.59
07:30:51,"[183.0, 18]","[180.0, 54]","[184.45, 22]","[185.56, 18]",183.73,112,1.45,0.29
07:30:52,"[183.0, 20]","[180.27, 52]","[184.16, 25]","[185.18, 22]",183.58,119,1.16,0.21
07:30:53,"[182.29, 17]","[180.0, 45]","[185.4, 20]","[187.49, 47]",183.85,129,3.11,-0.04
07:30:54,"[182.0, 20]","[179.0, 50]","[186.0, 10]","[188.0, 70]",184.0,150,4.0,-0.07
07:30:55,"[182.0, 22]","[179.0, 55]","[186.0, 11]","[188.0, 73]",184.0,161,4.0,-0.04
07:30:56,"[182.0, 28]","[179.0, 70]","[184.45, 22]","[185.71, 14]",183.23,134,2.45,0.46
07:30:57,"[180.5, 20]","[176.0, 50]","[183.7, 30]","[184.88, 17]",182.1,117,3.2,0.2
07:30:58,"[179.0, 22]","[173.0, 55]","[181.64, 33]","[184.17, 12]",180.32,122,2.64,0.26
07:30:59,"[179.0, 32]","[173.0, 85]","[180.86, 37]","[185.25, 32]",179.93,186,1.86,0.26
07:31:00,"[179.52, 27]","[173.26, 68]","[184.85, 26]","[187.0, 18]",182.18,139,5.33,0.37
07:31:01,"[180.0, 56]","[179.0, 14]","[183.21, 14]","[186.31, 16]",181.61,100,3.21,0.4
07:31:02,"[180.0, 46]","[179.0, 13]","[182.77, 13]","[186.0, 19]",181.38,91,2.77,0.3
07:31:03,"[180.71, 51]","[179.94, 48]","[183.68, 19]","[186.29, 35]",182.2,153,2.98,0.29
07:31:04,"[181.83, 24]","[180.0, 36]","[185.17, 12]","[186.83, 24]",183.5,96,3.33,0.25
07:31:05,"[181.36, 22]","[179.58, 19]","[185.54, 13]","[190.38, 16]",183.45,70,4.17,0.17
07:31:06,"[180.0, 33]","[177.36, 11]","[183.55, 33]","[186.45, 11]",181.77,88,3.55,0.0
07:31:07,"[174.0, 14]","[168.0, 42]","[180.57, 42]","[185.57, 14]",177.29,112,6.57,0.0
07:31:08,"[174.0, 9]","[170.22, 27]","[179.0, 27]","[184.67, 9]",176.5,72,5.0,0.0
07:31:09,"[174.0, 10]","[172.0, 30]","[178.9, 30]","[182.75, 12]",176.45,82,4.9,-0.02
07:31:10,"[174.0, 8]","[172.0, 24]","[176.75, 24]","[178.25, 24]",175.38,80,2.75,-0.2
07:31:11,"[173.48, 69]","[170.0, 36]","[176.24, 37]","[178.28, 29]",174.86,171,2.76,0.23
07:31:12,"[172.0, 36]","[168.0, 36]","[176.0, 32]","[177.0, 24]",174.0,128,4.0,0.12
07:31:13,"[172.0, 15]","[166.46, 13]","[176.0, 10]","[177.0, 10]",174.0,48,4.0,0.17
07:31:14,"[172.0, 27]","[157.3, 57]","[175.56, 18]","[176.56, 18]",173.78,120,3.56,0.4
07:31:15,"[172.0, 21]","[168.0, 49]","[175.0, 14]","[176.0, 14]",173.5,98,3.0,0.43
07:31:16,"[173.0, 18]","[170.67, 27]","[174.67, 18]","[175.67, 18]",173.83,81,1.67,0.11
07:31:17,"[173.65, 34]","[170.0, 51]","[175.0, 34]","[176.0, 34]",174.32,153,1.35,0.11
07:31:18,"[171.64, 33]","[165.19, 53]","[176.22, 18]","[178.2, 10]",173.93,114,4.59,0.51
07:31:19,"[174.0, 21]","[173.0, 14]","[176.29, 7]","[178.14, 7]",175.14,49,2.29,0.43
07:31:20,"[176.86, 79]","[174.63, 51]","[178.67, 12]","[180.67, 24]",177.76,166,1.81,0.57
07:31:21,"[178.27, 66]","[176.6, 40]","[180.67, 12]","[235.2, 20]",179.47,138,2.39,0.54
07:31:22,"[177.98, 48]","[177.23, 95]","[181.0, 40]","[433.0, 32]",179.49,215,3.02,0.33
07:31:23,"[179.26, 195]","[173.18, 136]","[212.11, 70]","[398.14, 63]",195.69,464,32.86,0.43
07:31:24,"[181.17, 54]","[172.26, 31]","[314.4, 20]","[337.09, 23]",247.78,128,133.23,0.33
07:31:25,"[184.2, 70]","[180.27, 44]","[268.5, 24]","[309.78, 27]",226.35,165,84.3,0.38
07:31:26,"[185.0, 193]","[184.0, 39]","[250.37, 38]","[283.28, 53]",217.68,323,65.37,0.44
07:31:27,"[185.0, 105]","[184.0, 21]","[229.14, 14]","[249.25, 32]",207.07,172,44.14,0.47
07:31:28,"[185.0, 195]","[184.0, 39]","[218.54, 35]","[319.31, 26]",201.77,295,33.54,0.59
07:31:29,"[185.0, 165]","[184.0, 33]","[226.64, 22]","[256.78, 46]",205.82,266,41.64,0.49
07:31:30,"[185.0, 165]","[184.0, 33]","[225.38, 32]","[229.75, 40]",205.19,270,40.38,0.47
07:31:31,"[185.0, 180]","[184.0, 36]","[222.0, 38]","[223.24, 34]",203.5,288,37.0,0.5
07:31:32,"[185.0, 149]","[184.0, 33]","[219.56, 32]","[220.29, 34]",202.28,248,34.56,0.47
07:31:33,"[185.14, 118]","[184.33, 54]","[216.18, 44]","[217.2, 30]",200.66,246,31.05,0.4
07:31:34,"[185.31, 91]","[184.75, 84]","[210.7, 46]","[211.59, 44]",198.0,265,25.39,0.32
07:31:35,"[186.0, 48]","[185.0, 60]","[204.23, 44]","[206.14, 28]",195.11,180,18.23,0.2
07:31:36,"[186.0, 56]","[185.0, 14]","[199.87, 30]","[202.04, 54]",192.93,154,13.87,-0.09
07:31:37,"[186.0, 15]","[185.0, 12]","[196.62, 26]","[200.95, 40]",191.31,93,10.62,-0.42
07:31:38,"[186.0, 15]","[185.0, 15]","[192.06, 32]","[192.96, 52]",189.03,114,6.06,-0.47
07:31:39,"[184.57, 28]","[183.89, 18]","[187.88, 34]","[188.5, 48]",186.23,128,3.31,-0.28
07:31:40,"[183.53, 38]","[180.84, 25]","[185.47, 38]","[187.57, 46]",184.5,147,1.95,-0.14
07:31:41,"[178.58, 36]","[176.56, 25]","[184.53, 30]","[185.58, 48]",181.56,139,5.95,-0.12
07:31:42,"[178.96, 100]","[177.83, 46]","[236.4, 30]","[297.72, 36]",207.68,212,57.44,0.38
07:31:43,"[177.2, 30]","[170.14, 21]","[553.71, 34]","[587.6, 20]",365.45,105,376.51,-0.03
07:31:44,"[175.57, 61]","[151.5, 56]","[395.77, 26]","[487.25, 32]",285.67,175,220.2,0.34
07:31:45,"[186.0, 7]","[176.0, 98]","[385.86, 14]","[521.22, 18]",285.93,137,199.86,0.53
07:31:46,"[186.0, 9]","[177.22, 54]","[290.38, 32]","[405.91, 22]",238.19,117,104.38,0.08
07:31:47,"[186.0, 8]","[183.0, 16]","[342.69, 26]","[389.64, 22]",264.35,72,156.69,-0.33
07:31:48,"[186.0, 8]","[183.0, 16]","[341.3, 23]","[403.83, 23]",263.65,70,155.3,-0.31
07:31:49,"[177.88, 80]","[175.21, 38]","[262.67, 54]","[398.36, 22]",220.27,194,84.79,0.22
07:31:50,"[184.0, 56]","[174.87, 62]","[345.62, 13]","[565.17, 6]",264.81,137,161.62,0.72
07:31:51,"[184.0, 99]","[174.2, 20]","[272.67, 9]","[508.22, 9]",228.33,137,88.67,0.74
07:31:52,"[184.0, 63]","[176.69, 70]","[250.0, 9]","[439.92, 13]",217.0,155,66.0,0.72
07:31:53,"[184.0, 49]","[177.0, 70]","[284.71, 7]","[591.0, 35]",234.36,161,100.71,0.48
07:31:54,"[184.0, 77]","[177.02, 92]","[312.24, 29]","[477.58, 19]",248.12,217,128.24,0.56
07:31:55,"[184.0, 63]","[177.0, 90]","[290.55, 22]","[323.05, 19]",237.27,194,106.55,0.58
07:31:56,"[182.29, 82]","[176.7, 122]","[242.59, 29]","[273.54, 39]",212.44,272,60.29,0.5
07:31:57,"[180.55, 62]","[176.44, 135]","[266.86, 21]","[270.36, 25]",223.7,243,86.31,0.62
07:31:58,"[177.0, 110]","[174.57, 98]","[262.25, 20]","[266.38, 13]",219.62,241,85.25,0.73
07:31:59,"[177.87, 124]","[176.03, 140]","[259.6, 35]","[260.97, 34]",218.74,333,81.73,0.59
07:32:00,"[178.81, 103]","[176.9, 176]","[254.24, 33]","[254.96, 50]",216.52,362,75.44,0.54
07:32:01,"[178.09, 11]","[177.0, 110]","[212.22, 23]","[252.84, 19]",195.15,163,34.13,0.48
07:32:02,"[179.03, 92]","[177.41, 117]","[189.83, 60]","[202.9, 30]",184.43,299,10.8,0.4
07:32:03,"[180.53, 19]","[179.0, 183]","[185.08, 48]","[186.55, 44]",182.8,294,4.56,0.37
07:32:04,"[179.0, 159]","[178.0, 22]","[180.33, 24]","[188.27, 30]",179.67,235,1.33,0.54
07:32:05,"[179.0, 60]","[178.0, 12]","[180.0, 12]","[232.0, 6]",179.5,90,1.0,0.6
07:32:06,"[179.0, 60]","[178.0, 24]","[183.25, 48]","[242.75, 12]",181.12,144,4.25,0.17
07:32:07,"[179.0, 24]","[178.0, 24]","[180.0, 54]","[216.7, 30]",179.5,132,1.0,-0.27
07:32:08,"[179.0, 18]","[177.3, 20]","[180.0, 18]","[208.6, 15]",179.5,71,1.0,0.07
07:32:09,"[179.0, 14]","[176.0, 42]","[188.86, 14]","[236.56, 9]",183.93,79,9.86,0.42
07:32:10,"[181.35, 34]","[178.25, 40]","[229.59, 44]","[474.9, 20]",205.47,138,48.24,0.07
07:32:11,"[187.0, 24]","[184.0, 30]","[428.73, 22]","[543.0, 12]",307.86,88,241.73,0.23
07:32:12,"[187.0, 22]","[184.0, 35]","[394.87, 23]","[487.96, 25]",290.93,105,207.87,0.09
07:32:13,"[186.38, 24]","[183.87, 76]","[249.73, 45]","[359.05, 43]",218.05,188,63.36,0.06
07:32:14,"[184.95, 19]","[183.59, 49]","[315.45, 33]","[408.0, 55]",250.2,156,130.51,-0.13
07:32:15,"[186.0, 4]","[184.0, 20]","[408.0, 20]","[443.21, 14]",297.0,58,222.0,-0.17
07:32:16,"[186.0, 12]","[184.0, 60]","[224.34, 32]","[376.98, 42]",205.17,146,38.34,-0.01
07:32:17,"[185.08, 13]","[183.49, 39]","[197.0, 9]","[430.13, 31]",191.04,92,11.92,0.13
07:32:18,"[184.0, 30]","[179.0, 20]","[292.06, 16]","[369.96, 28]",238.03,94,108.06,0.06
07:32:19,"[184.0, 15]","[181.18, 22]","[472.96, 23]","[565.95, 21]",328.48,81,288.96,-0.09
07:32:20,"[184.0, 24]","[182.0, 64]","[413.25, 40]","[590.0, 32]",298.62,160,229.25,0.1
07:32:21,"[184.0, 27]","[182.0, 72]","[331.3, 44]","[555.98, 40]",257.65,183,147.3,0.08
07:32:22,"[184.0, 27]","[182.0, 72]","[401.73, 30]","[441.21, 42]",292.87,171,217.73,0.16
07:32:23,"[184.0, 36]","[182.0, 96]","[335.5, 24]","[417.0, 32]",259.75,188,151.5,0.4
07:32:24,"[184.0, 39]","[182.0, 104]","[315.26, 38]","[334.5, 28]",249.63,209,131.26,0.37
07:32:25,"[184.0, 27]","[182.0, 72]","[327.64, 28]","[329.36, 22]",255.82,149,143.64,0.33
07:32:26,"[184.0, 33]","[182.0, 88]","[306.67, 33]","[323.44, 39]",245.33,193,122.67,0.25
07:32:27,"[184.0, 42]","[182.0, 112]","[196.08, 48]","[196.96, 27]",190.04,229,12.08,0.34
07:32:28,"[184.0, 60]","[182.0, 160]","[193.14, 58]","[194.03, 66]",188.57,344,9.14,0.28
07:32:29,"[183.37, 51]","[181.92, 104]","[186.5, 56]","[187.64, 56]",184.94,267,3.13,0.16
07:32:30,"[182.0, 104]","[181.0, 52]","[185.5, 32]","[186.51, 39]",183.75,227,3.5,0.37
07:32:31,"[182.48, 31]","[181.9, 80]","[185.35, 34]","[195.62, 32]",183.92,177,2.87,0.25
07:32:32,"[181.64, 22]","[180.12, 136]","[184.92, 48]","[197.45, 22]",183.28,228,3.28,0.39
07:32:33,"[181.0, 8]","[180.0, 120]","[184.0, 32]","[312.0, 8]",182.5,168,3.0,0.52
07:32:34,"[180.04, 94]","[179.67, 90]","[183.7, 27]","[203.12, 42]",181.87,253,3.66,0.45
07:32:35,"[180.0, 165]","[179.0, 75]","[183.53, 45]","[242.71, 70]",181.77,355,3.53,0.35
07:32:36,"[181.34, 157]","[179.91, 109]","[183.0, 33]","[322.0, 44]",182.17,343,1.66,0.55
07:32:37,"[182.0, 150]","[180.0, 110]","[183.0, 30]","[251.52, 21]",182.5,311,1.0,0.67
07:32:38,"[182.0, 195]","[178.63, 35]","[183.0, 39]","[201.55, 49]",182.5,318,1.0,0.45
07:32:39,"[182.0, 133]","[178.0, 20]","[183.0, 30]","[208.0, 40]",182.5,223,1.0,0.37
07:32:40,"[182.0, 101]","[178.6, 20]","[273.96, 27]","[421.92, 25]",227.98,173,91.96,0.4
07:32:41,"[182.0, 88]","[180.0, 24]","[322.17, 24]","[379.67, 24]",252.08,160,140.17,0.4
07:32:42,"[183.0, 102]","[181.92, 97]","[273.0, 48]","[543.0, 24]",228.0,271,90.0,0.47
07:32:43,"[184.09, 44]","[182.58, 92]","[622.13, 30]","[676.53, 30]",403.11,196,438.04,0.39
07:32:44,"[184.0, 65]","[183.0, 91]","[484.0, 26]","[551.0, 28]",334.0,210,300.0,0.49
07:32:45,"[184.0, 55]","[183.0, 77]","[250.33, 24]","[348.76, 42]",217.17,198,66.33,0.33
07:32:46,"[184.0, 35]","[183.0, 49]","[342.0, 28]","[571.82, 22]",263.0,134,158.0,0.25
07:32:47,"[184.0, 43]","[183.0, 70]","[322.24, 42]","[495.4, 40]",253.12,195,138.24,0.16
07:32:48,"[183.8, 35]","[182.82, 60]","[259.0, 40]","[376.0, 32]",221.4,167,75.2,0.14
07:32:49,"[183.0, 77]","[182.0, 121]","[359.67, 36]","[398.54, 41]",271.33,275,176.67,0.44
07:32:50,"[183.0, 49]","[182.0, 77]","[373.86, 7]","[376.0, 28]",278.43,161,190.86,0.57
07:32:51,"[183.0, 119]","[182.0, 187]","[369.89, 35]","[372.92, 50]",276.44,391,186.89,0.57
07:32:52,"[183.2, 60]","[182.08, 120]","[366.84, 45]","[371.07, 15]",275.02,240,183.64,0.5
07:32:53,"[183.25, 24]","[182.04, 126]","[366.29, 42]","[368.44, 18]",274.77,210,183.04,0.43
07:32:54,"[183.0, 37]","[182.0, 88]","[363.0, 32]","[366.0, 8]",273.0,165,180.0,0.52
07:32:55,"[183.0, 40]","[182.0, 88]","[291.52, 29]","[299.38, 26]",237.26,183,108.52,0.4
07:32:56,"[183.0, 40]","[182.0, 88]","[244.45, 11]","[246.0, 20]",213.73,159,61.45,0.61
07:32:57,"[183.23, 26]","[182.1, 63]","[240.35, 20]","[241.04, 52]",211.79,161,57.12,0.11
07:32:58,"[183.76, 17]","[182.87, 45]","[237.65, 31]","[238.07, 59]",210.7,152,53.88,-0.18
07:32:59,"[182.58, 24]","[181.51, 41]","[232.15, 59]","[233.86, 50]",207.37,174,49.57,-0.25
07:33:00,"[182.0, 26]","[181.0, 52]","[219.49, 63]","[221.73, 56]",200.75,197,37.49,-0.21
07:33:01,"[182.0, 17]","[181.0, 44]","[214.62, 45]","[215.43, 21]",198.31,127,32.62,-0.04
07:33:02,"[182.0, 12]","[180.8, 40]","[206.81, 21]","[211.28, 36]",194.4,109,24.81,-0.05
07:33:03,"[185.79, 95]","[181.22, 18]","[206.29, 65]","[207.76, 70]",196.04,248,20.5,-0.09
07:33:04,"[186.0, 78]","[183.64, 22]","[202.66, 35]","[205.36, 44]",194.33,179,16.66,0.12
07:33:05,"[185.6, 20]","[183.9, 20]","[199.57, 35]","[200.33, 36]",192.59,111,13.97,-0.28
07:33:06,"[184.0, 26]","[183.0, 31]","[196.48, 27]","[197.35, 55]",190.24,139,12.48,-0.18
07:33:07,"[184.95, 19]","[183.29, 21]","[193.0, 8]","[194.0, 32]",188.97,80,8.05,0.0
07:33:08,"[185.89, 35]","[183.88, 25]","[188.67, 48]","[189.75, 24]",187.28,132,2.78,-0.09
07:33:09,"[183.3, 20]","[182.52, 21]","[185.56, 36]","[186.81, 42]",184.43,119,2.26,-0.31
07:33:10,"[181.22, 27]","[178.3, 109]","[183.97, 33]","[185.33, 48]",182.6,217,2.75,0.25
07:33:11,"[179.2, 70]","[177.92, 146]","[184.18, 22]","[194.12, 43]",181.69,281,4.98,0.54
07:33:12,"[178.0, 154]","[175.07, 86]","[184.73, 44]","[306.0, 11]",181.36,295,6.73,0.63
07:33:13,"[178.0, 140]","[175.0, 100]","[182.1, 40]","[307.25, 16]",180.05,296,4.1,0.62
07:33:14,"[178.0, 140]","[175.0, 100]","[179.86, 42]","[495.12, 16]",178.93,298,1.86,0.61
07:33:15,"[178.0, 80]","[175.0, 80]","[179.0, 8]","[491.92, 12]",178.5,180,1.0,0.78
07:33:16,"[178.0, 124]","[175.0, 140]","[179.0, 16]","[417.0, 23]",178.5,303,1.0,0.74
07:33:17,"[178.0, 40]","[175.0, 80]","[179.0, 24]","[267.0, 16]",178.5,160,1.0,0.5
07:33:18,"[176.0, 60]","[173.55, 66]","[179.0, 27]","[268.0, 16]",177.5,169,3.0,0.49
07:33:19,"[175.0, 50]","[155.21, 116]","[177.2, 49]","[195.06, 31]",176.1,246,2.2,0.35
07:33:20,"[146.21, 71]","[131.56, 136]","[177.42, 38]","[179.95, 19]",161.82,264,31.21,0.57
07:33:21,"[120.07, 172]","[70.18, 44]","[172.71, 21]","[252.73, 30]",146.39,267,52.64,0.62
07:33:22,"[140.52, 58]","[160.38, 208]","[463.32, 31]","[694.87, 31]",301.92,328,322.81,0.62
07:33:23,"[173.67, 21]","[139.22, 36]","[259.56, 36]","[469.0, 21]",216.61,114,85.89,0.0
07:33:24,"[176.2, 45]","[138.15, 52]","[236.0, 52]","[282.95, 44]",206.1,193,59.8,0.01
07:33:25,"[181.0, 45]","[175.6, 50]","[233.57, 56]","[234.47, 60]",207.29,211,52.57,-0.1
07:33:26,"[181.0, 21]","[178.0, 14]","[230.0, 22]","[232.2, 20]",205.5,77,49.0,-0.09
07:33:27,"[181.29, 21]","[179.42, 19]","[229.0, 32]","[231.0, 16]",205.14,88,47.71,-0.09
07:33:28,"[181.0, 30]","[178.0, 20]","[222.22, 36]","[226.26, 38]",201.61,124,41.22,-0.19
07:33:29,"[181.69, 58]","[179.67, 27]","[211.4, 40]","[212.54, 26]",196.54,151,29.71,0.13
07:33:30,"[182.16, 67]","[181.81, 109]","[208.03, 66]","[208.8, 60]",195.1,302,25.87,0.17
07:33:31,"[182.29, 34]","[181.9, 89]","[202.25, 48]","[203.36, 50]",192.27,221,19.96,0.11
07:33:32,"[182.0, 63]","[181.0, 39]","[200.31, 52]","[201.31, 52]",191.15,206,18.31,-0.01
07:33:33,"[182.0, 20]","[181.0, 30]","[195.27, 30]","[197.0, 36]",188.63,116,13.27,-0.14
07:33:34,"[182.0, 26]","[181.0, 39]","[191.04, 50]","[192.09, 46]",186.52,161,9.04,-0.19
07:33:35,"[184.75, 48]","[180.25, 48]","[187.08, 48]","[189.26, 38]",185.92,182,2.33,0.05
07:33:36,"[180.25, 56]","[178.78, 46]","[186.39, 33]","[201.38, 42]",183.32,177,6.14,0.15
07:33:37,"[180.19, 62]","[178.67, 45]","[183.06, 16]","[185.94, 49]",181.63,172,2.87,0.24
07:33:38,"[180.15, 65]","[179.39, 38]","[238.46, 41]","[376.3, 47]",209.31,191,58.31,0.08
07:33:39,"[180.0, 50]","[178.0, 30]","[260.2, 10]","[265.0, 28]",220.1,118,80.2,0.36
07:33:40,"[180.0, 25]","[178.0, 21]","[210.15, 13]","[262.25, 8]",195.08,67,30.15,0.37
07:33:41,"[178.75, 8]","[175.5, 8]","[259.83, 6]","[352.5, 16]",219.29,38,81.08,-0.16
07:33:42,"[178.0, 10]","[174.0, 10]","[258.9, 10]","[416.0, 40]",218.45,70,80.9,-0.43
07:33:43,"[178.0, 4]","[174.0, 4]","[257.5, 4]","[398.25, 4]",217.75,16,79.5,0.0
07:33:44,"[178.0, 9]","[174.0, 9]","[257.0, 9]","[403.29, 21]",217.5,48,79.0,-0.25
07:33:45,"[178.0, 9]","[174.0, 9]","[256.44, 9]","[413.22, 36]",217.22,63,78.44,-0.43
07:33:46,"[179.55, 11]","[173.0, 16]","[255.0, 9]","[552.29, 21]",217.27,57,75.45,-0.05
07:33:47,"[185.0, 21]","[176.67, 9]","[253.86, 7]","[438.0, 21]",219.43,58,68.86,0.03
07:33:48,"[185.0, 36]","[174.0, 12]","[251.27, 15]","[359.0, 26]",218.13,89,66.27,0.08
07:33:49,"[185.0, 30]","[174.0, 10]","[250.0, 10]","[251.0, 20]",217.5,70,65.0,0.14
07:33:50,"[185.0, 24]","[179.25, 16]","[248.7, 10]","[250.71, 14]",216.85,64,63.7,0.25
07:33:51,"[185.0, 35]","[181.57, 42]","[244.53, 17]","[245.86, 22]",214.76,116,59.53,0.33
07:33:52,"[185.0, 10]","[183.0, 40]","[238.1, 20]","[238.83, 18]",211.55,88,53.1,0.14
07:33:53,"[183.0, 11]","[181.42, 36]","[230.69, 26]","[237.4, 15]",206.85,88,47.69,0.07
07:33:54,"[181.0, 13]","[180.0, 39]","[233.33, 18]","[235.19, 21]",207.17,91,52.33,0.14
07:33:55,"[181.0, 14]","[180.0, 42]","[228.78, 18]","[233.17, 24]",204.89,98,47.78,0.14
07:33:56,"[179.37, 30]","[179.43, 49]","[205.07, 29]","[209.6, 35]",192.22,143,25.7,0.1
07:33:57,"[180.31, 104]","[181.06, 136]","[202.44, 18]","[204.36, 28]",191.38,286,22.14,0.68
07:33:58,"[186.0, 34]","[182.07, 216]","[199.29, 49]","[199.39, 49]",192.64,348,13.29,0.44
07:33:59,"[186.0, 11]","[184.0, 22]","[195.5, 22]","[197.61, 23]",190.75,78,9.5,-0.15
07:34:00,"[182.28, 143]","[179.58, 76]","[189.67, 46]","[191.26, 35]",185.98,300,7.39,0.46
07:34:01,"[182.0, 205]","[178.0, 88]","[184.69, 39]","[185.76, 29]",183.35,361,2.69,0.62
07:34:02,"[182.0, 96]","[178.0, 96]","[183.0, 12]","[258.64, 44]",182.5,248,1.0,0.55
07:34:03,"[182.0, 40]","[178.53, 68]","[442.0, 20]","[562.67, 15]",312.0,143,260.0,0.51
07:34:04,"[182.0, 32]","[181.0, 32]","[186.0, 16]","[424.68, 19]",184.0,99,4.0,0.29
07:34:05,"[182.0, 28]","[181.0, 28]","[186.0, 14]","[560.14, 21]",184.0,91,4.0,0.23
07:34:06,"[182.0, 27]","[181.0, 48]","[497.98, 44]","[539.06, 36]",339.99,155,315.98,-0.03
07:34:07,"[181.56, 9]","[180.5, 40]","[222.67, 27]","[512.0, 32]",202.11,108,41.11,-0.09
07:34:08,"[183.45, 58]","[182.65, 26]","[228.0, 27]","[351.0, 18]",205.72,129,44.55,0.3
07:34:09,"[185.0, 56]","[184.0, 56]","[316.1, 20]","[375.5, 16]",250.55,148,131.1,0.51
07:34:10,"[185.0, 56]","[184.0, 56]","[297.6, 20]","[475.15, 26]",241.3,158,112.6,0.42
07:34:11,"[184.86, 43]","[183.95, 81]","[228.67, 48]","[309.17, 24]",206.76,196,43.81,0.27
07:34:12,"[184.0, 72]","[183.0, 48]","[227.25, 48]","[438.0, 24]",205.62,192,43.25,0.25
07:34:13,"[184.0, 41]","[183.0, 28]","[226.14, 28]","[417.0, 14]",205.07,111,42.14,0.24
07:34:14,"[184.0, 34]","[183.0, 32]","[223.79, 28]","[300.33, 24]",203.89,118,39.79,0.12
07:34:15,"[183.83, 47]","[182.54, 96]","[188.32, 60]","[198.33, 43]",186.07,246,4.49,0.16
07:34:16,"[182.06, 35]","[181.79, 14]","[184.69, 13]","[191.22, 9]",183.37,71,2.64,0.38
07:34:17,"[182.0, 110]","[181.0, 10]","[184.5, 30]","[234.8, 20]",183.25,170,2.5,0.41
07:34:18,"[182.0, 48]","[181.0, 8]","[183.0, 40]","[328.0, 18]",182.5,114,1.0,-0.02
07:34:19,"[181.18, 11]","[180.02, 46]","[380.13, 30]","[446.6, 20]",280.66,107,198.95,0.07
07:34:20,"[181.0, 11]","[180.0, 55]","[417.45, 33]","[421.0, 22]",299.23,121,236.45,0.09
07:34:21,"[179.44, 18]","[170.35, 51]","[327.56, 27]","[417.18, 22]",253.5,118,148.11,0.17
07:34:22,"[179.62, 65]","[178.8, 50]","[224.0, 39]","[414.0, 39]",201.81,193,44.38,0.19
07:34:23,"[181.71, 105]","[178.51, 99]","[223.14, 65]","[272.4, 47]",202.43,316,41.42,0.29
07:34:24,"[186.0, 72]","[180.0, 60]","[218.98, 46]","[221.8, 50]",202.49,228,32.98,0.16
07:34:25,"[186.0, 64]","[182.82, 17]","[203.18, 51]","[207.92, 39]",194.59,171,17.18,-0.05
07:34:26,"[186.0, 48]","[184.0, 12]","[193.26, 42]","[194.33, 60]",189.63,162,7.26,-0.26
07:34:27,"[186.0, 48]","[184.0, 16]","[189.34, 58]","[192.33, 58]",187.67,180,3.34,-0.29
07:34:28,"[181.15, 78]","[180.39, 82]","[183.87, 31]","[186.37, 41]",182.51,232,2.72,0.38
07:34:29,"[180.19, 43]","[178.53, 57]","[182.0, 30]","[222.82, 22]",181.09,152,1.81,0.32
07:34:30,"[180.96, 50]","[178.4, 60]","[230.32, 31]","[317.81, 31]",205.64,172,49.36,0.28
07:34:31,"[182.0, 36]","[180.0, 18]","[212.29, 7]","[240.92, 13]",197.14,74,30.29,0.46
07:34:32,"[182.0, 48]","[180.0, 24]","[211.62, 8]","[213.0, 16]",196.81,96,29.62,0.5
07:34:33,"[182.0, 54]","[180.0, 27]","[210.67, 9]","[322.45, 33]",196.33,123,28.67,0.32
07:34:34,"[184.73, 66]","[181.9, 63]","[203.43, 14]","[507.53, 19]",194.08,162,18.7,0.59
07:34:35,"[185.0, 16]","[182.0, 42]","[205.25, 8]","[487.37, 27]",195.12,93,20.25,0.25
07:34:36,"[182.43, 28]","[181.0, 24]","[208.0, 6]","[605.0, 24]",195.21,82,25.57,0.27
07:34:37,"[182.0, 48]","[180.0, 24]","[194.17, 12]","[317.91, 35]",188.08,119,12.17,0.21
07:34:38,"[182.0, 30]","[180.0, 18]","[184.0, 6]","[424.23, 26]",183.0,80,2.0,0.2
07:34:39,"[182.0, 50]","[180.0, 30]","[183.2, 10]","[226.6, 40]",182.6,130,1.2,0.23
07:34:40,"[182.0, 16]","[180.0, 12]","[208.5, 16]","[783.0, 20]",195.25,64,26.5,-0.12
07:34:41,"[182.0, 41]","[180.0, 24]","[353.88, 32]","[783.0, 40]",267.94,137,171.88,-0.05
07:34:42,"[180.0, 18]","[178.1, 49]","[394.0, 36]","[783.0, 45]",287.0,148,214.0,-0.09
07:34:43,"[178.86, 14]","[177.09, 70]","[350.0, 44]","[783.0, 55]",264.43,183,171.14,-0.08
07:34:44,"[181.53, 17]","[177.3, 23]","[550.0, 28]","[783.0, 35]",365.76,103,368.47,-0.22
07:34:45,"[178.0, 5]","[177.0, 40]","[550.0, 20]","[676.8, 25]",364.0,90,372.0,0.0
07:34:46,"[178.0, 4]","[177.0, 32]","[526.6, 15]","[605.72, 18]",352.3,69,348.6,0.04
07:34:47,"[177.23, 31]","[176.35, 92]","[418.92, 13]","[581.55, 38]",298.07,174,241.7,0.41
07:34:48,"[177.0, 44]","[174.0, 60]","[219.19, 21]","[591.89, 9]",198.1,134,42.19,0.55
07:34:49,"[175.35, 91]","[171.45, 132]","[207.64, 28]","[242.48, 46]",191.5,297,32.29,0.5
07:34:50,"[177.0, 52]","[174.0, 130]","[203.2, 25]","[207.11, 44]",190.1,251,26.2,0.45
07:34:51,"[177.88, 24]","[175.12, 32]","[200.62, 40]","[202.0, 8]",189.25,104,22.75,0.08
07:34:52,"[180.08, 39]","[177.0, 26]","[198.25, 28]","[198.84, 32]",189.16,125,18.17,0.04
07:34:53,"[175.29, 98]","[167.86, 28]","[194.72, 18]","[197.5, 24]",185.0,168,19.44,0.5
07:34:54,"[174.86, 70]","[165.86, 14]","[191.9, 20]","[192.89, 18]",183.38,122,17.04,0.38
07:34:55,"[181.0, 36]","[175.0, 120]","[189.21, 38]","[189.69, 32]",185.11,226,8.21,0.38
07:34:56,"[175.78, 95]","[164.26, 77]","[184.75, 24]","[187.06, 31]",180.26,227,8.97,0.52
07:34:57,"[175.0, 90]","[129.3, 47]","[184.0, 20]","[185.0, 10]",179.5,167,9.0,0.64
07:34:58,"[164.61, 72]","[119.64, 84]","[180.62, 34]","[183.12, 32]",172.61,222,16.01,0.41
07:34:59,"[179.18, 44]","[178.05, 38]","[181.82, 11]","[187.64, 55]",180.5,148,2.64,0.11
07:35:00,"[180.96, 79]","[177.61, 51]","[380.15, 39]","[360.94, 51]",280.56,220,199.19,0.18
07:35:01,"[186.0, 50]","[184.0, 30]","[354.1, 31]","[420.7, 30]",270.05,141,168.1,0.13
07:35:02,"[186.0, 35]","[184.0, 21]","[318.6, 20]","[319.27, 22]",252.3,98,132.6,0.14
07:35:03,"[186.0, 40]","[184.0, 24]","[317.38, 16]","[319.0, 32]",251.69,112,131.38,0.14
07:35:04,"[185.57, 69]","[183.47, 38]","[315.05, 42]","[316.5, 24]",250.31,173,129.48,0.24
07:35:05,"[186.0, 81]","[184.0, 27]","[314.38, 32]","[315.27, 22]",250.19,162,128.38,0.33
07:35:06,"[186.0, 90]","[184.0, 30]","[312.0, 26]","[313.18, 34]",249.0,180,126.0,0.33
07:35:07,"[186.0, 37]","[184.0, 27]","[310.89, 18]","[313.0, 36]",248.44,118,124.89,0.08
07:35:08,"[185.0, 10]","[183.43, 35]","[238.35, 43]","[247.14, 42]",211.67,130,53.35,-0.31
07:35:09,"[183.18, 17]","[179.62, 26]","[237.0, 40]","[249.0, 40]",210.09,123,53.82,-0.3
07:35:10,"[183.0, 26]","[178.56, 18]","[204.87, 31]","[209.19, 42]",193.94,117,21.87,-0.25
07:35:11,"[183.0, 30]","[180.0, 30]","[191.28, 36]","[192.32, 31]",187.14,127,8.28,-0.06
07:35:12,"[183.0, 28]","[180.0, 28]","[184.93, 28]","[186.84, 25]",183.96,109,1.93,0.03
07:35:13,"[181.2, 20]","[178.8, 20]","[183.0, 14]","[185.58, 19]",182.1,73,1.8,0.1
07:35:14,"[176.71, 34]","[174.28, 25]","[181.14, 28]","[182.29, 28]",178.92,115,4.44,0.03
07:35:15,"[173.62, 105]","[167.87, 30]","[176.83, 24]","[178.33, 24]",175.23,183,3.21,0.48
07:35:16,"[174.78, 98]","[163.63, 35]","[242.84, 32]","[319.77, 35]",208.81,200,68.07,0.33
07:35:17,"[178.11, 61]","[176.76, 80]","[693.86, 35]","[782.47, 49]",435.99,225,515.74,0.25
07:35:18,"[185.0, 96]","[182.92, 87]","[648.93, 27]","[746.68, 38]",416.96,248,463.93,0.48
07:35:19,"[185.0, 84]","[184.0, 60]","[397.22, 45]","[478.63, 46]",291.11,235,212.22,0.23
07:35:20,"[185.0, 84]","[184.0, 60]","[329.92, 39]","[359.25, 48]",257.46,231,144.92,0.25
07:35:21,"[185.0, 15]","[184.0, 50]","[236.2, 25]","[329.8, 25]",210.6,115,51.2,0.13
07:35:22,"[185.0, 14]","[184.0, 70]","[210.0, 20]","[212.27, 45]",197.5,149,25.0,0.13
07:35:23,"[185.0, 11]","[184.0, 55]","[206.8, 15]","[208.86, 29]",195.9,110,21.8,0.2
07:35:24,"[185.0, 12]","[184.0, 60]","[205.2, 30]","[206.0, 18]",195.1,120,20.2,0.2
07:35:25,"[184.46, 56]","[183.57, 97]","[193.12, 41]","[194.39, 57]",188.79,251,8.66,0.22
07:35:26,"[185.0, 31]","[184.0, 40]","[186.25, 16]","[189.32, 22]",185.62,109,1.25,0.3
07:35:27,"[185.0, 24]","[184.0, 40]","[186.0, 24]","[189.9, 20]",185.5,108,1.0,0.19
07:35:28,"[185.0, 18]","[184.0, 45]","[187.62, 13]","[189.91, 23]",186.31,99,2.62,0.27
07:35:29,"[184.25, 16]","[183.19, 52]","[188.5, 12]","[189.9, 20]",186.38,100,4.25,0.36
07:35:30,"[183.14, 28]","[182.13, 105]","[188.0, 27]","[189.0, 9]",185.57,169,4.86,0.57
07:35:31,"[182.22, 64]","[181.9, 101]","[187.83, 36]","[271.4, 30]",185.03,231,5.61,0.43
07:35:32,"[182.0, 70]","[181.0, 14]","[187.0, 21]","[292.0, 28]",184.5,133,5.0,0.26
07:35:33,"[182.0, 60]","[181.0, 12]","[187.0, 18]","[383.83, 24]",184.5,114,5.0,0.26
07:35:34,"[182.0, 100]","[181.0, 20]","[186.0, 30]","[405.94, 34]",184.0,184,4.0,0.3
07:35:35,"[182.0, 94]","[181.0, 22]","[401.57, 42]","[590.76, 41]",291.79,199,219.57,0.17
07:35:36,"[182.0, 48]","[181.0, 16]","[405.26, 27]","[554.25, 32]",293.63,123,223.26,0.04
07:35:37,"[182.03, 68]","[181.21, 28]","[250.5, 36]","[436.81, 47]",216.26,179,68.47,0.07
07:35:38,"[183.0, 18]","[182.0, 86]","[209.0, 27]","[350.33, 36]",196.0,167,26.0,0.25
07:35:39,"[182.62, 26]","[181.62, 80]","[209.0, 39]","[445.0, 48]",195.81,193,26.38,0.1
07:35:40,"[182.0, 110]","[180.0, 60]","[368.5, 28]","[423.4, 30]",275.25,228,186.5,0.49
07:35:41,"[182.86, 130]","[181.83, 138]","[187.82, 44]","[313.33, 36]",185.34,348,4.96,0.54
07:35:42,"[183.37, 70]","[182.0, 108]","[185.97, 31]","[251.47, 38]",184.67,247,2.6,0.44
07:35:43,"[184.0, 14]","[182.0, 90]","[188.0, 30]","[303.44, 32]",186.0,166,4.0,0.25
07:35:44,"[182.02, 91]","[181.47, 19]","[332.98, 45]","[413.14, 51]",257.5,206,150.96,0.07
07:35:45,"[182.31, 78]","[181.9, 60]","[266.03, 38]","[380.93, 58]",224.17,234,83.72,0.18
07:35:46,"[184.0, 40]","[182.0, 90]","[261.24, 42]","[434.5, 40]",222.62,212,77.24,0.23
07:35:47,"[184.0, 28]","[180.8, 30]","[260.29, 28]","[662.0, 21]",222.14,107,76.29,0.08
07:35:48,"[184.94, 70]","[183.75, 48]","[259.0, 48]","[394.25, 36]",221.97,202,74.06,0.17
07:35:49,"[185.0, 42]","[184.0, 28]","[258.43, 28]","[341.29, 31]",221.71,129,73.43,0.09
07:35:50,"[185.04, 49]","[184.16, 38]","[258.0, 36]","[303.0, 27]",221.52,150,72.96,0.16
07:35:51,"[185.0, 29]","[184.0, 52]","[255.9, 58]","[277.93, 45]",220.45,184,70.9,-0.12
07:35:52,"[185.0, 15]","[184.0, 60]","[237.34, 61]","[242.93, 68]",211.17,204,52.34,-0.26
07:35:53,"[185.0, 11]","[184.0, 44]","[215.39, 44]","[217.75, 51]",200.19,150,30.39,-0.27
07:35:54,"[185.0, 13]","[184.0, 52]","[209.26, 54]","[210.23, 47]",197.13,166,24.26,-0.22
07:35:55,"[185.0, 9]","[184.0, 36]","[206.0, 45]","[207.91, 35]",195.5,125,21.0,-0.28
07:35:56,"[184.75, 8]","[183.41, 34]","[200.88, 40]","[202.47, 38]",192.81,120,16.12,-0.3
07:35:57,"[184.0, 10]","[182.0, 50]","[199.0, 50]","[208.0, 40]",191.5,150,15.0,-0.2
07:35:58,"[182.0, 65]","[181.0, 52]","[197.37, 63]","[200.41, 54]",189.68,234,15.37,0.0
07:35:59,"[182.0, 65]","[181.0, 52]","[193.82, 44]","[195.06, 52]",187.91,213,11.82,0.1
07:36:00,"[182.0, 43]","[181.0, 36]","[190.9, 31]","[193.0, 34]",186.45,144,8.9,0.1
07:36:01,"[182.27, 44]","[181.33, 48]","[185.31, 54]","[186.7, 54]",183.79,200,3.04,-0.08
07:36:02,"[182.39, 112]","[180.68, 94]","[183.91, 81]","[196.47, 99]",183.15,386,1.52,0.07
07:36:03,"[181.0, 20]","[180.0, 16]","[182.88, 16]","[184.0, 16]",181.94,68,1.88,0.06
07:36:04,"[180.57, 14]","[178.8, 40]","[182.57, 14]","[233.67, 24]",181.57,92,2.0,0.17
07:36:05,"[179.5, 24]","[177.56, 45]","[183.0, 22]","[417.0, 22]",181.25,113,3.5,0.22
07:36:06,"[178.0, 30]","[177.0, 100]","[276.6, 20]","[418.25, 32]",227.3,182,98.6,0.43
07:36:07,"[178.93, 45]","[177.64, 28]","[416.71, 14]","[418.72, 29]",297.82,116,237.78,0.26
07:36:08,"[179.0, 42]","[178.0, 18]","[279.17, 12]","[416.33, 12]",229.08,84,100.17,0.43
07:36:09,"[179.43, 49]","[178.0, 21]","[185.0, 14]","[209.14, 14]",182.21,98,5.57,0.43
07:36:10,"[180.0, 59]","[178.0, 33]","[183.7, 40]","[205.91, 22]",181.85,154,3.7,0.19
07:36:11,"[180.0, 26]","[178.0, 30]","[182.89, 36]","[184.33, 24]",181.44,116,2.89,-0.03
07:36:12,"[180.6, 25]","[178.5, 24]","[182.0, 24]","[277.9, 40]",181.3,113,1.4,-0.13
07:36:13,"[177.46, 71]","[176.62, 39]","[180.58, 24]","[408.4, 50]",179.02,184,3.12,0.2
07:36:14,"[177.0, 68]","[174.0, 10]","[382.86, 28]","[477.61, 38]",279.93,144,205.86,0.08
07:36:15,"[177.08, 39]","[176.25, 24]","[239.07, 15]","[406.0, 18]",208.07,96,61.99,0.31
07:36:16,"[178.0, 13]","[177.0, 78]","[236.76, 42]","[259.58, 33]",207.38,166,58.76,0.1
07:36:17,"[178.0, 9]","[177.0, 54]","[234.13, 30]","[235.5, 24]",206.07,117,56.13,0.08
07:36:18,"[178.0, 13]","[176.57, 42]","[232.56, 57]","[233.44, 36]",205.28,148,54.56,-0.26
07:36:19,"[178.0, 14]","[177.0, 42]","[229.73, 51]","[231.7, 47]",203.86,154,51.73,-0.27
07:36:20,"[178.95, 21]","[177.35, 23]","[223.93, 30]","[225.17, 48]",201.44,122,44.98,-0.28
07:36:21,"[178.5, 52]","[175.16, 19]","[220.83, 60]","[224.14, 56]",199.67,187,42.33,-0.24
07:36:22,"[185.0, 48]","[177.0, 12]","[218.24, 41]","[219.72, 36]",201.62,137,33.24,-0.12
07:36:23,"[176.63, 73]","[173.59, 17]","[214.21, 53]","[215.51, 63]",195.42,206,37.58,-0.13
07:36:24,"[175.0, 59]","[174.0, 13]","[212.37, 49]","[213.67, 55]",193.68,176,37.37,-0.18
07:36:25,"[175.96, 46]","[174.9, 20]","[209.49, 41]","[211.6, 50]",192.72,157,33.53,-0.16
07:36:26,"[179.48, 50]","[177.75, 16]","[208.37, 62]","[209.14, 35]",193.93,163,28.89,-0.19
07:36:27,"[181.64, 45]","[179.7, 46]","[206.1, 78]","[207.15, 66]",193.87,235,24.46,-0.23
07:36:28,"[182.53, 53]","[177.53, 19]","[203.08, 59]","[203.85, 84]",192.81,215,20.56,-0.33
07:36:29,"[186.0, 84]","[185.0, 12]","[198.51, 37]","[200.8, 45]",192.26,178,12.51,0.08
07:36:30,"[186.0, 84]","[185.0, 12]","[196.57, 42]","[198.45, 33]",191.29,171,10.57,0.12
07:36:31,"[186.0, 70]","[185.0, 10]","[195.33, 24]","[196.22, 36]",190.67,140,9.33,0.14
07:36:32,"[186.0, 42]","[185.0, 11]","[194.19, 32]","[195.43, 42]",190.09,127,8.19,-0.17
07:36:33,"[183.33, 12]","[181.0, 10]","[192.66, 41]","[193.84, 49]",188.0,112,9.33,-0.61
07:36:34,"[182.0, 7]","[180.0, 7]","[189.17, 29]","[191.0, 28]",185.59,71,7.17,-0.61
07:36:35,"[182.0, 15]","[180.0, 15]","[187.35, 40]","[189.84, 50]",184.68,120,5.35,-0.5
07:36:36,"[182.0, 9]","[180.0, 9]","[183.78, 36]","[184.57, 28]",182.89,82,1.78,-0.56
07:36:37,"[181.91, 11]","[177.66, 41]","[204.83, 41]","[247.9, 29]",193.37,122,22.92,-0.15
07:36:38,"[183.0, 6]","[180.0, 6]","[240.8, 20]","[356.63, 19]",211.9,51,57.8,-0.53
07:36:39,"[177.32, 111]","[176.89, 27]","[200.0, 13]","[224.17, 48]",188.66,199,22.68,0.39
07:36:40,"[178.27, 110]","[176.83, 90]","[198.6, 10]","[319.2, 30]",188.44,240,20.33,0.67
07:36:41,"[181.12, 80]","[177.34, 164]","[196.25, 16]","[373.88, 25]",188.69,285,15.12,0.71
07:36:42,"[182.26, 94]","[181.13, 113]","[193.71, 17]","[195.0, 22]",187.98,246,11.45,0.68
07:36:43,"[182.57, 117]","[181.39, 115]","[191.74, 19]","[193.16, 19]",187.15,270,9.16,0.72
07:36:44,"[183.08, 39]","[182.0, 65]","[188.38, 13]","[189.38, 13]",185.73,130,5.31,0.6
07:36:45,"[184.0, 38]","[182.0, 65]","[186.06, 17]","[186.93, 45]",185.03,165,2.06,0.25
07:36:46,"[184.27, 22]","[182.18, 44]","[185.67, 12]","[237.3, 27]",184.97,105,1.39,0.26
07:36:47,"[182.54, 37]","[181.64, 39]","[185.41, 17]","[410.87, 23]",183.98,116,2.87,0.31
07:36:48,"[182.64, 25]","[181.8, 30]","[185.73, 11]","[251.33, 45]",184.18,111,3.09,-0.01
07:36:49,"[183.0, 18]","[182.0, 27]","[211.54, 13]","[296.71, 31]",197.27,89,28.54,0.01
07:36:50,"[183.0, 26]","[182.0, 39]","[281.96, 46]","[492.71, 51]",232.48,162,98.96,-0.2
07:36:51,"[182.4, 10]","[181.33, 18]","[275.75, 32]","[532.5, 36]",229.07,96,93.35,-0.42
07:36:52,"[186.0, 16]","[182.0, 8]","[261.71, 28]","[348.96, 28]",223.86,80,75.71,-0.4
07:36:53,"[185.74, 19]","[181.29, 14]","[285.0, 40]","[459.5, 30]",235.37,103,99.26,-0.36
07:36:54,"[180.32, 22]","[179.32, 53]","[217.0, 24]","[316.19, 42]",198.66,141,36.68,0.06
07:36:55,"[180.0, 25]","[178.0, 48]","[183.0, 16]","[220.76, 33]",181.5,122,3.0,0.2
07:36:56,"[180.0, 12]","[178.0, 36]","[183.0, 12]","[200.0, 24]",181.5,84,3.0,0.14
07:36:57,"[179.08, 26]","[177.83, 46]","[183.0, 22]","[284.71, 52]",181.04,146,3.92,-0.01
07:36:58,"[176.43, 21]","[174.15, 71]","[183.0, 16]","[323.31, 16]",179.71,124,6.57,0.48
07:36:59,"[176.02, 41]","[168.78, 74]","[183.0, 22]","[189.45, 11]",179.51,148,6.98,0.55
07:37:00,"[175.18, 67]","[151.05, 80]","[182.0, 13]","[183.71, 34]",178.59,194,6.82,0.52
07:37:01,"[169.06, 71]","[115.0, 48]","[180.79, 34]","[182.32, 34]",174.93,187,11.74,0.27
07:37:02,"[177.0, 90]","[167.53, 64]","[178.96, 57]","[179.52, 21]",177.98,232,1.96,0.33
07:37:03,"[177.0, 40]","[175.0, 16]","[178.62, 16]","[179.47, 34]",177.81,106,1.62,0.06
07:37:04,"[177.0, 36]","[175.0, 22]","[179.0, 55]","[183.0, 22]",178.0,135,2.0,-0.14
07:37:05,"[177.0, 18]","[175.0, 12]","[178.83, 30]","[183.0, 12]",177.92,72,1.83,-0.17
07:37:06,"[177.0, 36]","[175.0, 24]","[178.0, 60]","[183.0, 24]",177.5,144,1.0,-0.17
07:37:07,"[176.8, 20]","[164.57, 14]","[178.0, 35]","[183.0, 14]",177.4,83,1.2,-0.18
07:37:08,"[175.67, 15]","[158.33, 60]","[179.51, 37]","[253.0, 32]",177.59,144,3.85,0.04
07:37:09,"[175.2, 20]","[154.38, 78]","[179.5, 40]","[180.6, 40]",177.35,178,4.3,0.1
07:37:10,"[176.93, 56]","[175.13, 30]","[178.43, 46]","[180.5, 52]",177.68,184,1.51,-0.07
07:37:11,"[177.0, 72]","[140.17, 84]","[181.95, 40]","[257.71, 56]",179.47,252,4.95,0.24
07:37:12,"[178.0, 47]","[174.73, 22]","[185.0, 10]","[369.8, 20]",181.5,99,7.0,0.39
07:37:13,"[178.0, 63]","[174.0, 18]","[185.0, 18]","[271.0, 24]",181.5,123,7.0,0.32
07:37:14,"[180.0, 63]","[177.62, 63]","[184.0, 24]","[370.73, 41]",182.0,191,4.0,0.32
07:37:15,"[181.0, 60]","[178.0, 90]","[185.0, 20]","[225.3, 50]",183.0,220,4.0,0.36
07:37:16,"[181.9, 58]","[180.07, 87]","[184.15, 13]","[209.0, 65]",183.03,223,2.26,0.3
07:37:17,"[181.63, 19]","[179.02, 53]","[184.0, 8]","[209.0, 40]",182.82,120,2.37,0.2
07:37:18,"[181.0, 22]","[178.0, 77]","[182.64, 11]","[244.24, 17]",181.82,127,1.64,0.56
07:37:19,"[178.16, 38]","[176.11, 19]","[181.43, 7]","[184.0, 7]",179.79,71,3.27,0.61
07:37:20,"[178.23, 70]","[176.11, 130]","[181.24, 17]","[207.89, 18]",179.73,235,3.01,0.7
07:37:21,"[185.31, 140]","[177.52, 42]","[276.94, 33]","[394.0, 28]",231.13,243,91.63,0.5
07:37:22,"[186.0, 91]","[182.0, 13]","[190.9, 40]","[217.15, 40]",188.45,184,4.9,0.13
07:37:23,"[186.0, 56]","[182.0, 8]","[187.25, 24]","[201.45, 22]",186.62,110,1.25,0.16
07:37:24,"[186.0, 46]","[182.0, 10]","[188.2, 30]","[226.74, 38]",187.1,124,2.2,-0.1
07:37:25,"[186.0, 40]","[182.0, 10]","[188.6, 30]","[219.17, 36]",187.3,116,2.6,-0.14
07:37:26,"[186.0, 44]","[182.0, 11]","[188.0, 33]","[237.89, 38]",187.0,126,2.0,-0.13
07:37:27,"[186.0, 56]","[184.77, 26]","[187.36, 42]","[190.0, 56]",186.68,180,1.36,-0.09
07:37:28,"[185.56, 36]","[184.38, 26]","[186.54, 39]","[190.38, 52]",186.05,153,0.98,-0.19
07:37:29,"[181.93, 45]","[182.58, 19]","[188.32, 31]","[237.36, 44]",185.13,139,6.39,-0.08
07:37:30,"[181.0, 121]","[180.0, 22]","[190.0, 22]","[191.0, 44]",185.5,209,9.0,0.37
07:37:31,"[181.0, 84]","[180.0, 16]","[189.62, 16]","[191.0, 32]",185.31,148,8.62,0.35
07:37:32,"[181.0, 56]","[180.0, 16]","[189.0, 16]","[192.0, 32]",185.0,120,8.0,0.2
07:37:33,"[181.0, 80]","[180.0, 24]","[188.83, 24]","[192.0, 48]",184.92,176,7.83,0.18
07:37:34,"[181.5, 48]","[180.86, 56]","[186.83, 24]","[192.0, 48]",184.17,176,5.33,0.18
07:37:35,"[182.0, 39]","[181.0, 78]","[185.54, 26]","[191.62, 52]",183.77,195,3.54,0.2
07:37:36,"[182.0, 30]","[181.0, 60]","[184.14, 29]","[189.94, 34]",183.07,153,2.14,0.18
07:37:37,"[181.0, 72]","[180.0, 24]","[183.25, 24]","[187.76, 34]",182.12,154,2.25,0.25
07:37:38,"[181.0, 53]","[180.0, 28]","[182.57, 28]","[188.04, 46]",181.79,155,1.57,0.05
07:37:39,"[177.61, 36]","[176.92, 125]","[181.11, 18]","[188.56, 36]",179.36,215,3.5,0.5
07:37:40,"[177.0, 138]","[175.0, 65]","[181.0, 26]","[188.0, 52]",179.0,281,4.0,0.44
07:37:41,"[177.0, 132]","[174.85, 59]","[181.0, 16]","[188.0, 60]",179.0,267,4.0,0.43
07:37:42,"[177.0, 84]","[174.5, 12]","[203.42, 12]","[212.59, 39]",190.21,147,26.42,0.31
07:37:43,"[177.97, 31]","[176.96, 57]","[187.44, 9]","[329.88, 17]",182.71,114,9.48,0.54
07:37:44,"[177.32, 50]","[176.25, 24]","[186.67, 12]","[188.0, 12]",181.99,98,9.35,0.51
07:37:45,"[178.0, 48]","[176.27, 15]","[185.05, 41]","[186.27, 15]",181.52,119,7.05,0.06
07:37:46,"[178.0, 51]","[176.82, 17]","[184.41, 51]","[185.19, 37]",181.21,156,6.41,-0.13
07:37:47,"[178.0, 39]","[174.48, 21]","[182.5, 34]","[184.0, 36]",180.25,130,4.5,-0.08
07:37:48,"[177.79, 42]","[175.86, 29]","[179.08, 53]","[181.93, 56]",178.43,180,1.29,-0.21
07:37:49,"[177.0, 36]","[174.0, 12]","[178.0, 12]","[179.0, 48]",177.5,108,1.0,-0.11
07:37:50,"[177.0, 16]","[174.0, 7]","[178.91, 22]","[181.61, 23]",177.95,68,1.91,-0.32
07:37:51,"[177.0, 28]","[174.0, 14]","[179.92, 26]","[185.23, 22]",178.46,90,2.92,-0.07
07:37:52,"[177.0, 24]","[174.0, 12]","[183.0, 12]","[187.0, 12]",180.0,60,6.0,0.2
07:37:53,"[178.0, 28]","[176.35, 23]","[183.0, 14]","[187.0, 14]",180.5,79,5.0,0.29
07:37:54,"[179.21, 28]","[175.55, 29]","[183.0, 14]","[187.0, 14]",181.11,85,3.79,0.34
07:37:55,"[180.88, 34]","[173.63, 30]","[182.47, 15]","[187.0, 15]",181.67,94,1.58,0.36
07:37:56,"[180.81, 26]","[176.47, 17]","[182.0, 12]","[186.08, 12]",181.4,67,1.19,0.28
07:37:57,"[180.0, 7]","[174.0, 14]","[181.86, 7]","[186.0, 7]",180.93,35,1.86,0.2
07:37:58,"[175.93, 28]","[172.05, 86]","[185.62, 8]","[248.44, 36]",180.78,158,9.7,0.44
07:37:59,"[177.0, 48]","[174.83, 6]","[183.83, 6]","[247.5, 26]",180.42,86,6.83,0.26
07:38:00,"[178.12, 50]","[176.8, 30]","[193.0, 18]","[408.83, 35]",185.56,133,14.88,0.2
07:38:01,"[184.62, 64]","[179.03, 67]","[201.0, 33]","[493.0, 44]",192.81,208,16.38,0.26
07:38:02,"[185.0, 48]","[177.32, 76]","[247.72, 25]","[496.1, 31]",216.36,180,62.72,0.38
07:38:03,"[184.48, 23]","[178.06, 34]","[194.0, 21]","[481.12, 25]",189.24,103,9.52,0.11
07:38:04,"[177.33, 72]","[176.71, 49]","[370.12, 32]","[648.4, 30]",273.73,183,192.79,0.32
07:38:05,"[177.35, 51]","[176.5, 24]","[368.57, 21]","[489.0, 18]",272.96,114,191.22,0.32
07:38:06,"[177.0, 120]","[176.0, 48]","[302.0, 24]","[517.38, 24]",239.5,216,125.0,0.56
07:38:07,"[177.0, 75]","[176.0, 30]","[245.2, 15]","[337.2, 15]",211.1,135,68.2,0.56
07:38:08,"[177.0, 105]","[176.0, 42]","[460.43, 21]","[613.14, 21]",318.71,189,283.43,0.56
07:38:09,"[177.0, 30]","[176.0, 12]","[438.0, 6]","[586.5, 6]",307.5,54,261.0,0.56
07:38:10,"[177.0, 105]","[176.0, 42]","[473.29, 21]","[601.71, 21]",325.14,189,296.29,0.56
07:38:11,"[177.1, 167]","[176.19, 81]","[314.64, 28]","[375.85, 34]",245.87,310,137.55,0.6
07:38:12,"[178.64, 44]","[176.94, 93]","[229.29, 14]","[232.0, 21]",203.96,172,50.65,0.59
07:38:13,"[177.73, 98]","[176.91, 134]","[228.36, 22]","[335.64, 33]",203.05,287,50.63,0.62
07:38:14,"[177.0, 148]","[176.0, 72]","[227.6, 30]","[490.45, 33]",202.3,283,50.6,0.55
07:38:15,"[178.03, 35]","[176.23, 66]","[197.57, 37]","[226.41, 34]",187.8,172,19.54,0.17
07:38:16,"[179.0, 72]","[177.0, 38]","[182.84, 19]","[186.22, 37]",180.92,166,3.84,0.33
07:38:17,"[179.39, 104]","[177.0, 12]","[182.33, 30]","[190.71, 58]",180.86,204,2.94,0.14
07:38:18,"[180.37, 67]","[177.0, 14]","[182.49, 69]","[184.44, 66]",181.43,216,2.12,-0.25
07:38:19,"[181.0, 26]","[178.12, 16]","[182.0, 65]","[185.0, 65]",181.5,172,1.0,-0.51
07:38:20,"[180.25, 24]","[178.2, 15]","[183.9, 52]","[236.05, 58]",182.08,149,3.65,-0.48
07:38:21,"[174.2, 122]","[172.31, 32]","[183.87, 31]","[188.29, 56]",179.03,241,9.67,0.28
07:38:22,"[174.0, 97]","[172.0, 27]","[184.0, 18]","[187.0, 45]",179.0,187,10.0,0.33
07:38:23,"[180.0, 61]","[174.0, 120]","[183.42, 24]","[187.0, 60]",181.71,265,3.42,0.37
07:38:24,"[180.0, 25]","[174.53, 106]","[182.0, 26]","[187.69, 65]",181.0,222,2.0,0.18
07:38:25,"[174.13, 92]","[172.28, 47]","[180.41, 39]","[184.24, 49]",177.27,227,6.28,0.22
07:38:26,"[174.0, 100]","[171.0, 33]","[177.83, 23]","[178.53, 43]",175.91,199,3.83,0.34
07:38:27,"[174.0, 76]","[171.0, 27]","[175.22, 45]","[204.59, 29]",174.61,177,1.22,0.16
07:38:28,"[174.0, 96]","[171.0, 36]","[175.0, 60]","[193.08, 60]",174.5,252,1.0,0.05
07:38:29,"[174.0, 48]","[171.0, 18]","[175.0, 6]","[183.0, 30]",174.5,102,1.0,0.29
07:38:30,"[174.0, 91]","[171.0, 36]","[175.0, 12]","[183.0, 60]",174.5,199,1.0,0.28
07:38:31,"[174.0, 22]","[170.73, 33]","[175.0, 11]","[182.27, 55]",174.5,121,1.0,-0.09
07:38:32,"[174.0, 12]","[171.0, 16]","[175.0, 6]","[183.0, 30]",174.5,64,1.0,-0.12
07:38:33,"[176.57, 70]","[172.65, 40]","[182.76, 67]","[287.84, 62]",179.67,239,6.19,-0.08
07:38:34,"[177.1, 20]","[176.33, 18]","[183.0, 25]","[327.76, 21]",180.05,84,5.9,-0.1
07:38:35,"[177.37, 19]","[176.62, 48]","[183.0, 65]","[473.79, 63]",180.18,195,5.63,-0.31
07:38:36,"[177.38, 16]","[176.12, 17]","[182.96, 45]","[245.43, 49]",180.17,127,5.58,-0.48
07:38:37,"[178.2, 10]","[177.06, 17]","[181.74, 19]","[190.78, 36]",179.97,82,3.54,-0.34
07:38:38,"[178.67, 15]","[177.33, 15]","[181.6, 25]","[217.7, 40]",180.13,95,2.93,-0.37
07:38:39,"[177.07, 14]","[176.53, 19]","[182.5, 48]","[244.89, 27]",179.79,108,5.43,-0.39
07:38:40,"[170.64, 28]","[160.29, 17]","[181.39, 33]","[206.21, 29]",176.02,107,10.75,-0.16
07:38:41,"[171.05, 22]","[170.33, 24]","[179.25, 32]","[198.21, 29]",175.15,107,8.2,-0.14
07:38:42,"[171.0, 86]","[169.24, 17]","[181.0, 75]","[217.48, 54]",176.0,232,10.0,-0.11
07:38:43,"[172.54, 26]","[170.86, 43]","[180.54, 65]","[184.0, 52]",176.54,186,8.0,-0.26
07:38:44,"[171.0, 6]","[169.0, 3]","[180.0, 15]","[184.0, 12]",175.5,36,9.0,-0.5
07:38:45,"[170.75, 16]","[164.2, 15]","[178.11, 45]","[182.89, 36]",174.43,112,7.36,-0.45
07:38:46,"[170.5, 16]","[167.77, 13]","[178.0, 35]","[182.0, 28]",174.25,92,7.5,-0.37
07:38:47,"[172.0, 26]","[169.69, 13]","[177.62, 65]","[181.69, 52]",174.81,156,5.62,-0.5
07:38:48,"[175.29, 14]","[173.3, 10]","[177.0, 40]","[180.0, 32]",176.14,96,1.71,-0.5
07:38:49,"[147.0, 32]","[103.66, 47]","[179.53, 38]","[275.97, 35]",163.26,152,32.53,0.04
07:38:50,"[147.2, 50]","[121.54, 52]","[173.14, 43]","[177.55, 47]",160.17,192,25.94,0.06
07:38:51,"[164.44, 50]","[152.5, 40]","[172.91, 35]","[179.22, 36]",168.68,161,8.47,0.12
07:38:52,"[165.46, 78]","[141.15, 52]","[174.04, 47]","[251.24, 51]",169.75,228,8.58,0.14
07:38:53,"[169.25, 64]","[164.29, 48]","[172.0, 50]","[211.57, 42]",170.62,204,2.75,0.1
07:38:54,"[170.71, 70]","[163.28, 36]","[172.21, 28]","[191.84, 43]",171.46,177,1.5,0.2
07:38:55,"[167.56, 32]","[163.1, 41]","[172.0, 11]","[173.0, 33]",169.78,117,4.44,0.25
07:38:56,"[171.55, 22]","[170.29, 21]","[416.12, 32]","[512.43, 28]",293.84,103,244.58,-0.17
07:38:57,"[174.0, 24]","[171.71, 34]","[355.17, 36]","[453.42, 31]",264.58,125,181.17,-0.07
07:38:58,"[184.0, 7]","[172.77, 52]","[297.57, 28]","[326.88, 24]",240.79,111,113.57,0.06
07:38:59,"[184.0, 9]","[182.5, 48]","[291.0, 29]","[292.0, 36]",237.5,122,107.0,-0.07
07:39:00,"[184.0, 9]","[183.0, 72]","[290.07, 14]","[294.15, 40]",237.04,135,106.07,0.2
07:39:01,"[183.09, 22]","[182.5, 32]","[270.09, 22]","[282.14, 14]",226.59,90,87.0,0.2
07:39:02,"[183.91, 22]","[182.48, 31]","[274.53, 15]","[276.06, 34]",229.22,102,90.62,0.04
07:39:03,"[183.42, 38]","[182.19, 37]","[221.72, 29]","[249.9, 41]",202.57,145,38.3,0.03
07:39:04,"[181.5, 24]","[179.42, 24]","[210.0, 7]","[239.39, 31]",195.75,86,28.5,0.12
07:39:05,"[182.0, 44]","[180.0, 22]","[207.92, 13]","[262.45, 40]",194.96,119,25.92,0.11
07:39:06,"[182.0, 40]","[180.75, 40]","[200.25, 12]","[201.32, 28]",191.12,120,18.25,0.33
07:39:07,"[183.33, 27]","[181.08, 39]","[198.08, 13]","[200.74, 23]",190.71,102,14.74,0.29
07:39:08,"[184.0, 40]","[182.0, 11]","[195.09, 11]","[197.0, 33]",189.55,95,11.09,0.07
07:39:09,"[181.63, 38]","[180.5, 16]","[193.9, 10]","[197.0, 30]",187.77,94,12.27,0.15
07:39:10,"[180.57, 97]","[178.54, 82]","[192.29, 17]","[197.0, 51]",186.43,247,11.73,0.45
07:39:11,"[180.0, 77]","[176.38, 63]","[188.21, 29]","[199.9, 39]",184.1,208,8.21,0.35
07:39:12,"[180.46, 52]","[177.97, 65]","[184.87, 45]","[187.0, 45]",182.66,207,4.41,0.13
07:39:13,"[181.0, 39]","[180.0, 52]","[182.46, 39]","[183.46, 39]",181.73,169,1.46,0.08
07:39:14,"[180.18, 49]","[176.77, 62]","[182.0, 39]","[310.38, 39]",181.09,189,1.82,0.17
07:39:15,"[180.53, 19]","[176.71, 31]","[432.7, 23]","[549.03, 38]",306.61,111,252.17,-0.1
07:39:16,"[181.0, 20]","[180.0, 10]","[317.9, 30]","[518.0, 40]",249.45,100,136.9,-0.4
07:39:17,"[181.0, 14]","[180.0, 7]","[274.43, 21]","[435.1, 20]",227.71,62,93.43,-0.32
07:39:18,"[182.52, 27]","[181.69, 26]","[237.09, 55]","[437.22, 23]",209.8,131,54.57,-0.19
07:39:19,"[184.0, 25]","[183.0, 22]","[403.41, 27]","[412.16, 51]",293.7,125,219.41,-0.25
07:39:20,"[184.0, 20]","[183.0, 20]","[239.88, 32]","[340.48, 25]",211.94,97,55.88,-0.18
07:39:21,"[184.0, 30]","[183.0, 30]","[228.0, 15]","[229.0, 60]",206.0,135,44.0,-0.11
07:39:22,"[180.67, 9]","[179.67, 9]","[225.57, 28]","[228.0, 7]",203.12,53,44.9,-0.32
07:39:23,"[178.0, 7]","[177.0, 7]","[224.96, 25]","[226.8, 10]",201.48,49,46.96,-0.43
07:39:24,"[176.77, 13]","[175.5, 44]","[212.69, 16]","[219.39, 28]",194.73,101,35.92,0.13
07:39:25,"[176.47, 19]","[174.89, 61]","[197.3, 20]","[198.22, 41]",186.89,141,20.83,0.13
07:39:26,"[177.12, 32]","[174.45, 62]","[194.96, 26]","[197.1, 29]",186.04,149,17.84,0.26
07:39:27,"[178.59, 41]","[176.97, 33]","[191.9, 31]","[192.88, 34]",185.24,139,13.32,0.06
07:39:28,"[179.0, 27]","[178.0, 18]","[189.47, 15]","[191.87, 30]",184.23,90,10.47,0.0
07:39:29,"[179.0, 36]","[178.0, 24]","[188.0, 46]","[277.81, 31]",183.5,137,9.0,-0.12
07:39:30,"[180.31, 29]","[179.76, 42]","[187.0, 28]","[372.0, 21]",183.66,120,6.69,0.18
07:39:31,"[183.74, 38]","[180.89, 57]","[185.85, 40]","[277.64, 39]",184.79,174,2.11,0.09
07:39:32,"[177.92, 24]","[175.89, 28]","[186.0, 28]","[339.35, 23]",181.96,103,8.08,0.01
07:39:33,"[174.0, 162]","[166.23, 39]","[314.71, 42]","[395.0, 21]",244.36,264,140.71,0.52
07:39:34,"[175.33, 18]","[173.64, 59]","[393.0, 20]","[449.6, 15]",284.17,112,217.67,0.38
07:39:35,"[174.0, 121]","[122.41, 41]","[273.0, 50]","[465.0, 45]",223.5,257,99.0,0.26
07:39:36,"[174.46, 65]","[162.94, 86]","[192.74, 47]","[270.23, 39]",183.6,237,18.28,0.27
07:39:37,"[177.83, 24]","[174.05, 112]","[189.82, 44]","[193.0, 55]",183.83,235,11.98,0.16
07:39:38,"[182.0, 36]","[179.22, 27]","[188.89, 36]","[385.91, 34]",185.44,133,6.89,-0.05
07:39:39,"[182.0, 40]","[181.0, 50]","[185.4, 40]","[390.98, 43]",183.7,173,3.4,0.04
07:39:40,"[181.0, 33]","[177.0, 18]","[620.0, 45]","[717.89, 36]",400.5,132,439.0,-0.23
07:39:41,"[181.0, 21]","[177.0, 14]","[322.0, 28]","[485.29, 31]",251.5,94,141.0,-0.26
07:39:42,"[182.0, 21]","[178.65, 17]","[322.0, 28]","[485.29, 31]",252.0,97,140.0,-0.22
07:39:43,"[182.0, 9]","[181.0, 28]","[317.3, 33]","[540.97, 34]",249.65,104,135.3,-0.29
07:39:44,"[182.12, 8]","[181.0, 32]","[303.25, 40]","[388.64, 39]",242.69,119,121.12,-0.33
07:39:45,"[183.0, 9]","[181.0, 36]","[319.95, 37]","[341.0, 45]",251.47,127,136.95,-0.29
07:39:46,"[183.0, 12]","[181.0, 104]","[318.69, 16]","[319.98, 56]",250.84,188,135.69,0.23
07:39:47,"[183.0, 9]","[181.0, 99]","[318.0, 45]","[319.0, 9]",250.5,162,135.0,0.33
07:39:48,"[183.0, 13]","[181.0, 143]","[315.43, 37]","[316.51, 49]",249.22,242,132.43,0.29
07:39:49,"[181.33, 48]","[180.87, 92]","[295.43, 23]","[312.1, 52]",238.38,215,114.1,0.3
07:39:50,"[181.0, 67]","[178.0, 10]","[239.0, 50]","[241.81, 37]",210.0,164,58.0,-0.06
07:39:51,"[184.64, 44]","[181.9, 21]","[234.31, 35]","[238.39, 46]",209.48,146,49.68,-0.11
07:39:52,"[186.0, 32]","[183.0, 16]","[227.91, 33]","[229.03, 36]",206.95,117,41.91,-0.18
07:39:53,"[186.0, 16]","[183.0, 20]","[226.06, 35]","[227.88, 41]",206.03,112,40.06,-0.36
07:39:54,"[184.75, 16]","[182.59, 22]","[221.93, 89]","[222.69, 54]",203.34,181,37.18,-0.58
07:39:55,"[185.0, 11]","[183.0, 11]","[216.36, 39]","[218.16, 19]",200.68,80,31.36,-0.45
07:39:56,"[185.0, 12]","[183.0, 12]","[212.18, 51]","[213.14, 29]",198.59,104,27.18,-0.54
07:39:57,"[185.0, 14]","[183.0, 14]","[196.62, 53]","[199.9, 51]",190.81,132,11.62,-0.58
07:39:58,"[183.36, 11]","[181.2, 20]","[185.95, 44]","[187.18, 49]",184.66,124,2.59,-0.5
07:39:59,"[180.28, 54]","[179.92, 51]","[183.44, 50]","[202.86, 42]",181.86,197,3.16,0.07
07:40:00,"[180.0, 65]","[178.0, 9]","[181.0, 45]","[205.3, 23]",180.5,142,1.0,0.04
07:40:01,"[178.53, 15]","[175.03, 86]","[226.47, 34]","[238.17, 35]",202.5,170,47.94,0.19
07:40:02,"[178.0, 8]","[175.0, 24]","[224.0, 8]","[225.0, 24]",201.0,64,46.0,0.0
07:40:03,"[175.0, 33]","[174.0, 55]","[222.68, 25]","[224.63, 19]",198.84,132,47.68,0.33
07:40:04,"[175.2, 40]","[172.31, 59]","[219.91, 35]","[221.53, 17]",197.56,151,44.71,0.31
07:40:05,"[177.72, 50]","[176.21, 28]","[217.06, 18]","[218.2, 30]",197.39,126,39.34,0.24
07:40:06,"[183.79, 76]","[182.95, 84]","[215.19, 26]","[217.36, 22]",199.49,208,31.4,0.54
07:40:07,"[183.44, 32]","[182.92, 78]","[214.25, 20]","[215.14, 28]",198.84,158,30.81,0.39
07:40:08,"[183.75, 24]","[182.86, 42]","[404.67, 15]","[517.24, 17]",294.21,98,220.92,0.35
07:40:09,"[186.0, 8]","[183.0, 48]","[637.81, 26]","[648.03, 29]",411.9,111,451.81,0.01
07:40:10,"[186.0, 12]","[183.0, 72]","[440.35, 20]","[534.55, 38]",313.18,142,254.35,0.18
07:40:11,"[183.08, 39]","[182.23, 26]","[216.37, 27]","[224.2, 15]",199.72,107,33.29,0.21
07:40:12,"[183.0, 12]","[182.0, 18]","[206.5, 26]","[207.21, 14]",194.75,70,23.5,-0.14
07:40:13,"[183.0, 8]","[182.0, 16]","[191.25, 24]","[194.0, 14]",187.12,62,8.25,-0.23
07:40:14,"[183.0, 9]","[182.0, 18]","[190.11, 27]","[194.0, 21]",186.56,75,7.11,-0.28
07:40:15,"[183.0, 6]","[182.0, 12]","[188.17, 18]","[194.0, 6]",185.58,42,5.17,-0.14
07:40:16,"[180.78, 9]","[180.57, 14]","[185.54, 13]","[186.91, 23]",183.16,59,4.76,-0.22
07:40:17,"[178.0, 12]","[177.0, 12]","[184.94, 32]","[185.62, 16]",181.47,72,6.94,-0.33
07:40:18,"[178.0, 11]","[177.0, 11]","[181.79, 33]","[182.36, 33]",179.89,88,3.79,-0.5
07:40:19,"[178.0, 12]","[177.0, 12]","[181.31, 29]","[182.14, 43]",179.66,96,3.31,-0.5
07:40:20,"[178.43, 14]","[177.27, 11]","[228.48, 23]","[425.85, 40]",203.45,88,50.05,-0.43
07:40:21,"[178.0, 10]","[177.0, 10]","[333.4, 40]","[415.0, 30]",255.7,90,155.4,-0.56
07:40:22,"[181.92, 25]","[176.33, 33]","[274.45, 51]","[530.43, 44]",228.19,153,92.53,-0.24
07:40:23,"[185.0, 70]","[178.0, 10]","[554.7, 23]","[696.0, 33]",369.85,136,369.7,0.18
07:40:24,"[185.0, 68]","[180.84, 38]","[207.46, 41]","[245.12, 40]",196.23,187,22.46,0.13
07:40:25,"[185.0, 24]","[181.0, 24]","[286.0, 6]","[329.0, 18]",235.5,72,101.0,0.33
07:40:26,"[185.0, 60]","[181.0, 60]","[275.25, 44]","[297.46, 39]",230.12,203,90.25,0.18
07:40:27,"[184.57, 28]","[180.71, 31]","[279.5, 30]","[280.7, 30]",232.04,119,94.93,-0.01
07:40:28,"[181.0, 11]","[178.0, 11]","[272.69, 35]","[274.31, 35]",226.84,92,91.69,-0.52
07:40:29,"[182.71, 14]","[179.29, 14]","[247.08, 62]","[266.55, 56]",214.9,146,64.37,-0.62
07:40:30,"[178.75, 16]","[176.11, 76]","[261.71, 76]","[263.21, 52]",220.23,220,82.96,-0.16
07:40:31,"[176.82, 22]","[175.76, 42]","[237.05, 64]","[257.3, 54]",206.93,182,60.23,-0.3
07:40:32,"[178.22, 49]","[175.87, 23]","[182.99, 79]","[184.42, 57]",180.61,208,4.76,-0.31
07:40:33,"[180.29, 51]","[179.4, 70]","[182.0, 100]","[184.0, 60]",181.15,281,1.71,-0.14
07:40:34,"[180.71, 31]","[176.51, 43]","[182.0, 80]","[201.83, 35]",181.35,189,1.29,-0.22
07:40:35,"[177.04, 27]","[175.85, 33]","[181.5, 20]","[242.8, 44]",179.27,124,4.46,-0.03
07:40:36,"[172.94, 35]","[172.07, 45]","[180.14, 14]","[425.2, 44]",176.54,138,7.2,0.16
07:40:37,"[172.71, 112]","[158.5, 28]","[178.0, 12]","[230.42, 48]",175.36,200,5.29,0.4
07:40:38,"[173.89, 380]","[170.95, 76]","[204.04, 50]","[238.24, 25]",188.97,531,30.15,0.72
07:40:39,"[176.76, 255]","[172.27, 22]","[270.66, 50]","[441.88, 16]",223.71,343,93.9,0.62
07:40:40,"[179.22, 171]","[175.0, 9]","[326.78, 36]","[691.0, 9]",253.0,225,147.56,0.6
07:40:41,"[180.0, 190]","[176.86, 14]","[274.65, 37]","[574.38, 13]",227.32,254,94.65,0.61
07:40:42,"[180.82, 198]","[177.53, 19]","[188.29, 21]","[468.46, 26]",184.55,264,7.47,0.64
07:40:43,"[181.8, 276]","[178.13, 47]","[188.0, 30]","[379.13, 60]",184.9,413,6.2,0.56
07:40:44,"[183.0, 144]","[182.0, 24]","[187.12, 16]","[563.6, 20]",185.06,204,4.12,0.65
07:40:45,"[183.0, 126]","[182.0, 21]","[185.71, 14]","[408.57, 7]",184.36,168,2.71,0.75
07:40:46,"[183.0, 164]","[182.0, 30]","[184.7, 20]","[206.32, 34]",183.85,248,1.7,0.56
07:40:47,"[183.22, 108]","[182.47, 57]","[238.0, 31]","[265.22, 50]",210.61,246,54.78,0.34
07:40:48,"[185.0, 18]","[183.0, 81]","[391.78, 18]","[466.56, 9]",288.39,126,206.78,0.57
07:40:49,"[185.0, 14]","[183.0, 63]","[349.57, 7]","[515.43, 7]",267.29,91,164.57,0.69
07:40:50,"[185.0, 22]","[183.11, 91]","[259.6, 15]","[341.31, 39]",222.3,167,74.6,0.35
07:40:51,"[185.0, 12]","[184.0, 30]","[271.67, 6]","[371.27, 22]",228.33,70,86.67,0.2
07:40:52,"[185.0, 22]","[184.0, 55]","[271.57, 21]","[378.65, 23]",228.29,121,86.57,0.27
07:40:53,"[184.0, 39]","[183.0, 117]","[250.69, 16]","[312.87, 30]",217.34,202,66.69,0.54
07:40:54,"[184.0, 24]","[183.0, 78]","[247.62, 8]","[395.0, 40]",215.81,150,63.62,0.36
07:40:55,"[184.0, 39]","[183.0, 143]","[246.31, 13]","[421.35, 17]",215.15,212,62.31,0.72
07:40:56,"[184.0, 30]","[183.0, 110]","[246.0, 10]","[613.06, 32]",215.0,182,62.0,0.54
07:40:57,"[183.12, 104]","[182.62, 71]","[244.54, 13]","[340.88, 57]",213.83,245,61.42,0.43
07:40:58,"[183.0, 39]","[182.0, 45]","[230.59, 39]","[319.06, 33]",206.79,156,47.59,0.08
07:40:59,"[183.0, 40]","[182.0, 24]","[243.0, 8]","[365.0, 32]",213.0,104,60.0,0.23
07:41:00,"[183.0, 55]","[182.0, 33]","[241.91, 11]","[365.0, 44]",212.45,143,58.91,0.23
07:41:01,"[182.87, 46]","[181.75, 32]","[240.0, 10]","[365.0, 40]",211.43,128,57.13,0.22
07:41:02,"[184.46, 13]","[180.95, 38]","[240.0, 10]","[394.59, 17]",212.23,78,55.54,0.31
07:41:03,"[182.36, 22]","[180.75, 32]","[193.2, 30]","[224.67, 12]",187.78,96,10.84,0.12
07:41:04,"[181.15, 34]","[180.15, 26]","[191.31, 36]","[207.33, 24]",186.23,120,10.16,0.0
07:41:05,"[181.67, 54]","[180.38, 32]","[186.24, 17]","[190.91, 53]",183.95,156,4.57,0.1
07:41:06,"[183.0, 80]","[181.0, 48]","[184.44, 64]","[186.0, 16]",183.72,208,1.44,0.23
07:41:07,"[183.0, 50]","[180.11, 27]","[184.19, 47]","[206.0, 15]",183.6,139,1.19,0.11
07:41:08,"[183.0, 29]","[179.68, 31]","[184.31, 62]","[189.6, 20]",183.65,142,1.31,-0.15
07:41:09,"[183.25, 40]","[179.27, 41]","[243.14, 22]","[340.63, 60]",213.19,163,59.89,-0.01
07:41:10,"[181.0, 14]","[180.0, 14]","[261.57, 21]","[263.0, 14]",221.29,63,80.57,-0.11
07:41:11,"[180.59, 17]","[178.38, 52]","[257.31, 32]","[261.64, 28]",218.95,129,76.72,0.07
07:41:12,"[178.21, 28]","[175.74, 73]","[253.88, 24]","[396.47, 30]",216.04,155,75.66,0.3
07:41:13,"[178.0, 40]","[175.0, 88]","[252.0, 24]","[406.0, 32]",215.0,184,74.0,0.39
07:41:14,"[178.0, 65]","[175.0, 143]","[250.85, 39]","[565.17, 47]",214.42,294,72.85,0.41
07:41:15,"[178.38, 32]","[175.94, 64]","[250.0, 24]","[516.07, 14]",214.19,134,71.62,0.43
07:41:16,"[179.08, 36]","[176.17, 90]","[249.33, 36]","[326.0, 26]",214.21,188,70.25,0.34
07:41:17,"[178.0, 31]","[175.0, 121]","[211.84, 32]","[243.79, 28]",194.92,212,33.84,0.43
07:41:18,"[175.07, 83]","[173.66, 67]","[240.56, 27]","[410.82, 34]",207.81,211,65.48,0.42
07:41:19,"[177.0, 72]","[175.0, 72]","[238.52, 29]","[397.0, 35]",207.76,208,61.52,0.38
07:41:20,"[178.06, 72]","[175.0, 80]","[204.31, 32]","[227.86, 42]",191.18,226,26.26,0.35
07:41:21,"[181.44, 50]","[177.52, 66]","[202.0, 26]","[217.09, 44]",191.72,186,20.56,0.25
07:41:22,"[184.0, 25]","[180.86, 35]","[199.07, 29]","[200.85, 41]",191.53,130,15.07,-0.08
07:41:23,"[184.0, 11]","[180.77, 39]","[197.22, 46]","[198.12, 25]",190.61,121,13.22,-0.17
07:41:24,"[180.17, 24]","[178.25, 48]","[194.5, 20]","[196.0, 20]",187.33,112,14.33,0.29
07:41:25,"[179.29, 34]","[177.09, 79]","[192.79, 28]","[194.29, 28]",186.04,169,13.49,0.34
07:41:26,"[178.75, 32]","[175.75, 64]","[190.6, 20]","[192.8, 20]",184.68,136,11.85,0.41
07:41:27,"[178.0, 44]","[175.0, 88]","[189.36, 22]","[191.0, 22]",183.68,176,11.36,0.5
07:41:28,"[178.0, 72]","[175.0, 144]","[186.33, 45]","[187.18, 78]",182.17,339,8.33,0.27
07:41:29,"[178.0, 44]","[175.0, 88]","[182.06, 32]","[182.88, 32]",180.03,196,4.06,0.35
07:41:30,"[178.0, 50]","[175.0, 136]","[179.14, 51]","[218.62, 47]",178.57,284,1.14,0.31
07:41:31,"[175.14, 83]","[173.94, 34]","[414.55, 55]","[528.61, 49]",294.85,221,239.4,0.06
07:41:32,"[177.0, 54]","[174.8, 81]","[380.48, 29]","[447.29, 56]",278.74,220,203.48,0.23
07:41:33,"[151.55, 44]","[130.83, 48]","[220.09, 43]","[248.79, 34]",185.82,169,68.55,0.09
07:41:34,"[133.11, 64]","[81.95, 59]","[173.0, 33]","[174.0, 11]",153.05,167,39.89,0.47
07:41:35,"[169.7, 74]","[133.4, 80]","[172.21, 39]","[174.0, 13]",170.95,206,2.5,0.5
07:41:36,"[170.58, 86]","[158.0, 60]","[172.71, 17]","[173.86, 14]",171.64,177,2.12,0.65
07:41:37,"[172.41, 74]","[138.07, 61]","[192.59, 17]","[284.0, 31]",182.5,183,20.18,0.48
07:41:38,"[181.56, 72]","[178.76, 37]","[215.53, 60]","[322.11, 36]",198.54,205,33.98,0.06
07:41:39,"[183.44, 45]","[181.89, 18]","[292.47, 19]","[429.72, 29]",237.96,111,109.03,0.14
07:41:40,"[184.0, 35]","[182.0, 14]","[557.0, 21]","[633.76, 25]",370.5,95,373.0,0.03
07:41:41,"[184.0, 75]","[182.0, 30]","[293.72, 29]","[367.11, 54]",238.86,188,109.72,0.12
07:41:42,"[182.8, 30]","[181.25, 24]","[208.94, 34]","[302.0, 27]",195.87,115,26.14,-0.06
07:41:43,"[182.0, 38]","[181.0, 38]","[214.15, 47]","[286.48, 71]",198.07,194,32.15,-0.22
07:41:44,"[183.85, 26]","[181.36, 22]","[216.45, 31]","[217.5, 24]",200.15,103,32.61,-0.07
07:41:45,"[186.0, 27]","[182.0, 18]","[212.73, 22]","[213.74, 23]",199.36,90,26.73,0.0
07:41:46,"[185.75, 16]","[181.83, 12]","[211.5, 12]","[213.0, 18]",198.62,58,25.75,-0.03
07:41:47,"[182.0, 10]","[181.0, 20]","[209.42, 24]","[211.09, 23]",195.71,77,27.42,-0.22
07:41:48,"[181.88, 17]","[180.83, 36]","[201.26, 35]","[202.08, 37]",191.57,125,19.37,-0.15
07:41:49,"[182.57, 69]","[181.19, 54]","[197.41, 34]","[199.8, 35]",189.99,192,14.85,0.28
07:41:50,"[183.11, 36]","[181.67, 24]","[195.93, 29]","[196.67, 24]",189.52,113,12.82,0.06
07:41:51,"[180.74, 38]","[179.95, 43]","[192.06, 31]","[193.1, 41]",186.4,153,11.33,0.06
07:41:52,"[180.0, 96]","[178.0, 16]","[188.5, 56]","[189.13, 46]",184.25,214,8.5,0.05
07:41:53,"[180.98, 242]","[179.98, 91]","[183.51, 74]","[184.34, 58]",182.24,465,2.54,0.43
07:41:54,"[181.0, 58]","[180.0, 60]","[182.78, 41]","[185.67, 24]",181.89,183,1.78,0.29
07:41:55,"[179.77, 26]","[175.83, 162]","[181.84, 62]","[246.86, 28]",180.8,278,2.07,0.35
07:41:56,"[178.0, 11]","[175.0, 209]","[180.73, 44]","[366.03, 29]",179.36,293,2.73,0.5
07:41:57,"[176.0, 33]","[174.83, 83]","[193.13, 31]","[339.72, 32]",184.56,179,17.13,0.3
07:41:58,"[174.0, 239]","[165.2, 59]","[274.25, 24]","[386.46, 37]",224.12,359,100.25,0.66
07:41:59,"[175.1, 321]","[158.61, 92]","[261.0, 36]","[370.33, 49]",218.05,498,85.9,0.66
07:42:00,"[185.0, 104]","[182.0, 299]","[208.42, 38]","[222.57, 23]",196.71,464,23.42,0.74
07:42:01,"[185.0, 80]","[182.0, 230]","[201.57, 35]","[208.2, 25]",193.29,370,16.57,0.68
07:42:02,"[185.0, 128]","[182.0, 368]","[206.0, 64]","[209.0, 16]",195.5,576,21.0,0.72
07:42:03,"[185.0, 72]","[182.0, 207]","[204.44, 36]","[209.0, 9]",194.72,324,19.44,0.72
07:42:04,"[185.0, 76]","[182.0, 253]","[202.6, 20]","[203.51, 35]",193.8,384,17.6,0.71
07:42:05,"[185.0, 16]","[182.0, 138]","[200.44, 18]","[373.88, 8]",192.72,180,15.44,0.71
07:42:06,"[182.0, 286]","[181.0, 26]","[202.0, 13]","[340.06, 33]",192.0,358,20.0,0.74
07:42:07,"[182.0, 148]","[181.0, 16]","[201.75, 8]","[354.0, 40]",191.88,212,19.75,0.55
07:42:08,"[182.0, 180]","[181.0, 24]","[200.0, 40]","[254.91, 32]",191.0,276,18.0,0.48
07:42:09,"[182.0, 73]","[181.0, 10]","[198.2, 25]","[201.0, 5]",190.1,113,16.2,0.47
07:42:10,"[182.0, 80]","[181.0, 14]","[197.29, 35]","[201.0, 7]",189.64,136,15.29,0.38
07:42:11,"[182.0, 88]","[181.0, 16]","[196.97, 36]","[199.33, 12]",189.49,152,14.97,0.37
07:42:12,"[182.0, 132]","[181.0, 24]","[194.25, 48]","[195.38, 24]",188.12,228,12.25,0.37
07:42:13,"[182.11, 80]","[181.61, 36]","[194.0, 9]","[195.0, 45]",188.06,170,11.89,0.36
07:42:14,"[185.0, 10]","[182.0, 110]","[193.08, 26]","[194.29, 34]",189.04,180,8.08,0.33
07:42:15,"[182.46, 26]","[181.92, 48]","[190.33, 30]","[192.0, 6]",186.4,110,7.87,0.35
07:42:16,"[182.54, 24]","[181.65, 153]","[188.26, 46]","[189.38, 26]",185.4,249,5.72,0.42
07:42:17,"[183.0, 63]","[182.0, 169]","[186.0, 51]","[216.19, 47]",184.5,330,3.0,0.41
07:42:18,"[183.0, 18]","[182.0, 78]","[184.67, 30]","[377.19, 27]",183.83,153,1.67,0.25
07:42:19,"[183.0, 18]","[182.0, 78]","[184.0, 30]","[657.0, 24]",183.5,150,1.0,0.28
07:42:20,"[182.19, 80]","[181.72, 90]","[394.98, 47]","[680.49, 43]",288.58,260,212.79,0.31
07:42:21,"[182.0, 143]","[181.0, 66]","[371.48, 48]","[457.24, 42]",276.74,299,189.48,0.4
07:42:22,"[182.0, 117]","[181.0, 54]","[404.76, 29]","[440.37, 43]",293.38,243,222.76,0.41
07:42:23,"[186.0, 14]","[182.0, 182]","[377.08, 50]","[383.75, 57]",281.54,303,191.08,0.29
07:42:24,"[186.0, 12]","[182.0, 156]","[295.07, 45]","[362.59, 41]",240.53,254,109.07,0.32
07:42:25,"[182.36, 99]","[181.68, 171]","[306.49, 57]","[318.25, 71]",244.43,398,124.13,0.36
07:42:26,"[182.0, 140]","[181.0, 84]","[308.89, 35]","[309.78, 49]",245.44,308,126.89,0.45
07:42:27,"[183.24, 85]","[181.96, 156]","[305.56, 50]","[305.77, 62]",244.4,353,122.32,0.37
07:42:28,"[184.0, 60]","[182.0, 140]","[302.64, 28]","[305.0, 70]",243.32,298,118.64,0.34
07:42:29,"[184.0, 40]","[181.49, 82]","[300.27, 37]","[303.38, 40]",242.14,199,116.27,0.23
07:42:30,"[184.0, 36]","[182.0, 18]","[292.75, 59]","[298.07, 69]",238.37,182,108.75,-0.41
07:42:31,"[184.0, 22]","[182.0, 11]","[251.17, 52]","[253.17, 24]",217.59,109,67.17,-0.39
07:42:32,"[184.0, 28]","[182.0, 14]","[250.25, 68]","[252.12, 34]",217.12,144,66.25,-0.42
07:42:33,"[184.0, 18]","[182.0, 9]","[239.08, 38]","[249.35, 43]",211.54,108,55.08,-0.5
07:42:34,"[184.0, 24]","[182.0, 12]","[242.65, 55]","[248.38, 53]",213.33,144,58.65,-0.5
07:42:35,"[184.0, 42]","[182.0, 21]","[241.89, 72]","[242.56, 87]",212.94,222,57.89,-0.43
07:42:36,"[184.0, 22]","[181.0, 36]","[232.0, 24]","[235.0, 19]",208.0,101,48.0,0.15
07:42:37,"[186.0, 15]","[181.44, 45]","[229.33, 64]","[230.31, 58]",207.66,182,43.33,-0.34
07:42:38,"[186.0, 10]","[185.0, 10]","[226.2, 15]","[226.67, 15]",206.1,50,40.2,-0.2
07:42:39,"[186.0, 11]","[185.0, 11]","[216.81, 26]","[218.69, 29]",201.4,77,30.81,-0.43
07:42:40,"[185.71, 17]","[183.64, 22]","[208.16, 44]","[213.37, 52]",196.93,135,22.45,-0.42
07:42:41,"[181.86, 35]","[180.25, 40]","[202.54, 24]","[204.57, 40]",192.2,139,20.68,0.08
07:42:42,"[179.54, 50]","[177.22, 100]","[199.09, 44]","[200.21, 56]",189.32,250,19.55,0.2
07:42:43,"[180.3, 61]","[176.97, 150]","[195.88, 43]","[196.53, 45]",188.09,299,15.59,0.41
07:42:44,"[183.0, 88]","[177.0, 110]","[192.89, 27]","[193.76, 17]",187.94,242,9.89,0.64
07:42:45,"[183.0, 120]","[174.33, 51]","[188.63, 43]","[189.77, 22]",185.81,236,5.63,0.45
07:42:46,"[182.94, 50]","[181.9, 49]","[185.26, 23]","[185.79, 29]",184.1,151,2.32,0.31
07:42:47,"[180.57, 21]","[175.59, 17]","[181.94, 16]","[184.41, 17]",181.25,71,1.37,0.07
07:42:48,"[177.0, 13]","[175.0, 26]","[180.54, 26]","[183.0, 13]",178.77,78,3.54,0.0
07:42:49,"[178.0, 12]","[177.0, 6]","[180.56, 9]","[223.5, 6]",179.28,33,2.56,0.09
07:42:50,"[179.17, 12]","[177.18, 11]","[378.73, 15]","[505.43, 47]",278.95,85,199.57,-0.46
07:42:51,"[181.82, 11]","[179.55, 11]","[363.0, 11]","[479.09, 55]",272.41,88,181.18,-0.5
07:42:52,"[184.21, 14]","[180.42, 12]","[301.68, 34]","[380.33, 42]",242.95,102,117.46,-0.49
07:42:53,"[181.0, 45]","[175.0, 27]","[318.33, 45]","[446.55, 33]",249.67,150,137.33,-0.04
07:42:54,"[182.14, 35]","[179.14, 29]","[365.9, 31]","[449.91, 11]",274.02,106,183.76,0.21
07:42:55,"[183.0, 56]","[181.0, 80]","[311.89, 72]","[424.18, 50]",247.44,258,128.89,0.05
07:42:56,"[183.0, 6]","[181.0, 30]","[298.0, 30]","[351.33, 18]",240.5,84,115.0,-0.14
07:42:57,"[181.16, 38]","[180.52, 29]","[316.5, 50]","[340.67, 18]",248.83,135,135.34,-0.01
07:42:58,"[181.0, 45]","[180.0, 18]","[334.37, 43]","[348.0, 13]",257.69,119,153.37,0.06
07:42:59,"[181.0, 36]","[180.0, 20]","[297.12, 40]","[395.37, 38]",239.06,134,116.12,-0.16
07:43:00,"[181.0, 33]","[180.0, 22]","[544.9, 29]","[714.0, 22]",362.95,106,363.9,0.04
07:43:01,"[181.0, 27]","[180.0, 20]","[255.21, 19]","[362.0, 18]",218.11,84,74.21,0.12
07:43:02,"[182.33, 18]","[180.5, 24]","[253.08, 24]","[613.29, 42]",217.71,108,70.75,-0.22
07:43:03,"[183.6, 20]","[178.63, 35]","[250.57, 23]","[288.79, 29]",217.08,107,66.97,0.03
07:43:04,"[185.0, 20]","[178.03, 140]","[248.32, 25]","[249.84, 25]",216.66,210,63.32,0.52
07:43:05,"[182.65, 34]","[178.43, 139]","[224.2, 35]","[246.79, 29]",203.42,237,41.55,0.46
07:43:06,"[181.14, 29]","[178.17, 90]","[219.11, 28]","[245.24, 17]",200.12,164,37.97,0.45
07:43:07,"[182.0, 44]","[181.0, 55]","[217.45, 31]","[216.0, 42]",199.73,172,35.45,0.15
07:43:08,"[181.44, 36]","[178.57, 105]","[201.86, 21]","[211.31, 32]",191.65,194,20.41,0.45
07:43:09,"[181.0, 44]","[178.0, 187]","[197.28, 29]","[198.35, 26]",189.14,286,16.28,0.62
07:43:10,"[182.0, 30]","[178.22, 110]","[193.5, 16]","[196.0, 24]",187.75,180,11.5,0.56
07:43:11,"[186.0, 39]","[182.91, 66]","[192.69, 26]","[196.0, 39]",189.35,170,6.69,0.24
07:43:12,"[186.0, 39]","[184.0, 13]","[190.52, 31]","[194.53, 34]",188.26,117,4.52,-0.11
07:43:13,"[186.0, 21]","[184.0, 7]","[188.62, 16]","[226.94, 17]",187.31,61,2.62,-0.08
07:43:14,"[186.0, 23]","[184.0, 9]","[188.35, 23]","[250.5, 24]",187.17,79,2.35,-0.19
07:43:15,"[183.16, 57]","[181.23, 39]","[186.85, 46]","[194.1, 30]",185.0,172,3.69,0.12
07:43:16,"[183.0, 60]","[181.0, 40]","[184.69, 48]","[185.72, 32]",183.84,180,1.69,0.11
07:43:17,"[179.21, 121]","[179.45, 51]","[184.45, 47]","[187.08, 39]",181.83,258,5.23,0.33
07:43:18,"[178.0, 131]","[176.0, 9]","[182.44, 27]","[185.22, 27]",180.22,194,4.44,0.44
07:43:19,"[179.7, 47]","[178.0, 80]","[181.5, 24]","[257.86, 21]",180.6,172,1.8,0.48
07:43:20,"[180.0, 36]","[178.0, 90]","[181.67, 27]","[468.78, 18]",180.83,171,1.67,0.47
07:43:21,"[178.92, 36]","[162.0, 64]","[307.5, 32]","[687.0, 16]",243.21,148,128.58,0.35
07:43:22,"[141.0, 11]","[91.76, 34]","[172.12, 25]","[212.04, 27]",156.56,97,31.12,-0.07
07:43:23,"[131.32, 31]","[122.62, 16]","[172.71, 7]","[174.08, 13]",152.02,67,41.39,0.4
07:43:24,"[148.9, 42]","[137.09, 46]","[173.5, 30]","[174.31, 13]",161.2,131,24.6,0.34
07:43:25,"[166.8, 20]","[165.3, 60]","[172.3, 37]","[184.92, 26]",169.55,143,5.5,0.12
07:43:26,"[167.0, 8]","[127.33, 9]","[175.0, 4]","[252.0, 4]",171.0,25,8.0,0.36
07:43:27,"[168.0, 12]","[50.0, 6]","[175.0, 6]","[298.29, 7]",171.5,31,7.0,0.16
07:43:28,"[125.33, 18]","[35.64, 33]","[175.0, 7]","[316.5, 12]",150.17,70,49.67,0.46
07:43:29,"[141.6, 30]","[103.83, 18]","[173.0, 8]","[273.4, 10]",157.3,66,31.4,0.45
07:43:30,"[142.0, 20]","[116.0, 5]","[171.0, 5]","[175.0, 5]",156.5,35,29.0,0.43
07:43:31,"[142.0, 36]","[109.33, 9]","[170.69, 13]","[402.82, 11]",156.35,69,28.69,0.3
07:43:32,"[146.17, 24]","[138.42, 38]","[168.0, 18]","[175.0, 9]",157.08,89,21.83,0.39
07:43:33,"[166.83, 29]","[162.35, 26]","[174.32, 38]","[325.02, 44]",170.57,137,7.49,-0.2
07:43:34,"[175.0, 5]","[167.0, 20]","[264.29, 14]","[374.0, 19]",219.64,58,89.29,-0.14
07:43:35,"[175.96, 27]","[172.09, 11]","[328.5, 24]","[497.0, 32]",252.23,94,152.54,-0.19
07:43:36,"[183.0, 66]","[180.5, 24]","[343.33, 36]","[452.28, 43]",263.17,169,160.33,0.07
07:43:37,"[183.0, 30]","[182.0, 20]","[307.74, 31]","[395.64, 33]",245.37,114,124.74,-0.12
07:43:38,"[181.5, 12]","[180.05, 74]","[223.89, 38]","[289.45, 31]",202.7,155,42.39,0.11
07:43:39,"[180.14, 29]","[179.52, 42]","[388.44, 27]","[445.78, 27]",284.29,125,208.31,0.14
07:43:40,"[180.0, 27]","[178.0, 16]","[468.08, 26]","[481.64, 25]",324.04,94,288.08,-0.09
07:43:41,"[180.0, 13]","[178.0, 26]","[470.92, 52]","[588.95, 43]",325.46,134,290.92,-0.42
07:43:42,"[180.0, 13]","[178.0, 26]","[320.08, 48]","[355.35, 51]",250.04,138,140.08,-0.43
07:43:43,"[180.0, 3]","[178.0, 6]","[208.0, 12]","[209.0, 9]",194.0,30,28.0,-0.4
07:43:44,"[180.33, 9]","[178.15, 13]","[207.43, 28]","[454.0, 28]",193.88,78,27.1,-0.44
07:43:45,"[180.86, 28]","[179.0, 16]","[207.0, 48]","[291.98, 47]",193.93,139,26.14,-0.37
07:43:46,"[180.67, 12]","[178.67, 12]","[206.0, 32]","[221.0, 32]",193.33,88,25.33,-0.45
07:43:47,"[179.54, 13]","[177.76, 17]","[204.2, 40]","[221.0, 40]",191.87,110,24.66,-0.45
07:43:48,"[145.33, 18]","[123.5, 16]","[195.85, 26]","[214.25, 32]",170.59,92,50.51,-0.26
07:43:49,"[128.0, 9]","[116.0, 40]","[168.8, 10]","[178.2, 20]",148.4,79,40.8,0.24
07:43:50,"[155.48, 31]","[134.72, 50]","[168.0, 8]","[172.0, 16]",161.74,105,12.52,0.54
07:43:51,"[159.8, 40]","[148.0, 24]","[167.82, 11]","[171.79, 19]",163.81,94,8.02,0.36
07:43:52,"[160.07, 58]","[102.11, 19]","[167.0, 27]","[170.21, 19]",163.53,123,6.93,0.25
07:43:53,"[161.0, 32]","[160.0, 16]","[167.0, 8]","[171.0, 16]",164.0,72,6.0,0.33
07:43:54,"[161.56, 36]","[112.15, 26]","[167.11, 9]","[168.47, 30]",164.33,101,5.56,0.23
07:43:55,"[162.71, 56]","[98.27, 44]","[170.77, 26]","[173.46, 63]",166.74,189,8.05,0.06
07:43:56,"[163.0, 20]","[157.0, 20]","[171.0, 10]","[173.0, 10]",167.0,60,8.0,0.33
07:43:57,"[163.69, 26]","[161.91, 44]","[171.0, 22]","[173.0, 22]",167.35,114,7.31,0.23
07:43:58,"[164.27, 30]","[163.08, 48]","[171.48, 21]","[173.74, 61]",167.87,160,7.21,-0.03
07:43:59,"[170.08, 13]","[165.04, 23]","[173.83, 29]","[192.74, 57]",171.95,122,3.75,-0.41
07:44:00,"[172.57, 14]","[119.07, 28]","[174.0, 36]","[471.24, 34]",173.29,112,1.43,-0.25
07:44:01,"[173.0, 16]","[105.78, 50]","[174.0, 16]","[205.9, 10]",173.5,92,1.0,0.43
07:44:02,"[173.0, 16]","[155.17, 47]","[174.0, 15]","[175.0, 8]",173.5,86,1.0,0.47
07:44:03,"[177.1, 52]","[172.14, 121]","[241.58, 57]","[316.56, 52]",209.34,282,64.48,0.23
07:44:04,"[179.0, 17]","[178.0, 165]","[403.64, 44]","[495.2, 40]",291.32,266,224.64,0.37
07:44:05,"[179.0, 13]","[178.0, 195]","[275.43, 40]","[448.81, 42]",227.21,290,96.43,0.43
07:44:06,"[181.33, 52]","[178.12, 64]","[274.38, 24]","[554.0, 24]",227.85,164,93.05,0.41
07:44:07,"[182.05, 104]","[181.72, 64]","[273.5, 42]","[507.46, 52]",227.77,262,91.45,0.28
07:44:08,"[183.0, 13]","[182.0, 143]","[251.31, 45]","[394.04, 46]",217.16,247,68.31,0.26
07:44:09,"[184.0, 6]","[182.83, 66]","[272.83, 18]","[393.0, 24]",228.42,114,88.83,0.26
07:44:10,"[184.0, 10]","[183.0, 110]","[202.08, 12]","[222.04, 28]",193.04,160,18.08,0.5
07:44:11,"[184.0, 12]","[183.0, 132]","[212.5, 30]","[219.5, 18]",198.25,192,28.5,0.5
07:44:12,"[181.56, 45]","[181.29, 72]","[214.0, 30]","[245.0, 10]",197.78,157,32.44,0.49
07:44:13,"[177.17, 24]","[175.3, 10]","[213.17, 18]","[319.0, 6]",195.17,58,36.0,0.17
07:44:14,"[185.0, 51]","[180.85, 98]","[213.0, 51]","[421.65, 26]",199.0,226,28.0,0.32
07:44:15,"[182.62, 47]","[181.2, 60]","[213.0, 27]","[366.67, 9]",197.81,143,30.38,0.5
07:44:16,"[183.0, 47]","[182.0, 99]","[213.0, 33]","[241.09, 11]",198.0,190,30.0,0.54
07:44:17,"[186.0, 19]","[183.0, 49]","[212.29, 21]","[244.5, 10]",199.14,99,26.29,0.37
07:44:18,"[186.0, 12]","[183.0, 84]","[211.08, 37]","[221.09, 32]",198.54,165,25.08,0.16
07:44:19,"[183.1, 62]","[182.13, 104]","[199.5, 28]","[205.45, 20]",191.3,214,16.4,0.55
07:44:20,"[183.0, 86]","[182.0, 180]","[195.57, 63]","[200.25, 67]",189.29,396,12.57,0.34
07:44:21,"[183.08, 62]","[182.02, 138]","[190.43, 44]","[191.79, 42]",186.76,286,7.35,0.4
07:44:22,"[184.0, 47]","[182.64, 66]","[186.95, 22]","[188.07, 42]",185.48,177,2.95,0.28
07:44:23,"[182.2, 80]","[181.67, 72]","[184.35, 20]","[187.25, 20]",183.27,192,2.15,0.58
07:44:24,"[182.0, 60]","[181.0, 15]","[183.86, 14]","[184.57, 7]",182.93,96,1.86,0.56
07:44:25,"[182.0, 83]","[181.0, 30]","[183.92, 26]","[185.67, 18]",182.96,157,1.92,0.44
07:44:26,"[182.0, 39]","[181.0, 24]","[183.38, 24]","[270.57, 21]",182.69,108,1.38,0.17
07:44:27,"[180.52, 25]","[178.71, 28]","[204.39, 31]","[512.75, 24]",192.45,108,23.87,-0.02
07:44:28,"[183.41, 17]","[180.36, 22]","[219.92, 26]","[314.07, 27]",201.67,92,36.51,-0.15
07:44:29,"[182.38, 21]","[178.83, 24]","[223.0, 20]","[261.95, 19]",202.69,84,40.62,0.07
07:44:30,"[177.43, 109]","[175.89, 76]","[250.76, 25]","[304.72, 29]",214.1,239,73.33,0.55
07:44:31,"[178.51, 43]","[177.22, 46]","[224.27, 11]","[231.88, 16]",201.39,116,45.76,0.53
07:44:32,"[181.46, 46]","[178.95, 62]","[208.93, 55]","[209.85, 33]",195.19,196,27.47,0.1
07:44:33,"[183.67, 27]","[182.0, 45]","[205.24, 34]","[205.95, 19]",194.45,125,21.57,0.15
07:44:34,"[184.0, 48]","[182.0, 80]","[202.28, 54]","[202.71, 45]",193.14,227,18.28,0.13
07:44:35,"[184.0, 33]","[182.0, 55]","[197.09, 33]","[198.17, 29]",190.55,150,13.09,0.17
07:44:36,"[184.0, 21]","[182.0, 35]","[193.08, 13]","[195.0, 19]",188.54,88,9.08,0.27
07:44:37,"[184.0, 27]","[182.0, 45]","[190.07, 30]","[191.09, 32]",187.03,134,6.07,0.07
07:44:38,"[184.0, 27]","[182.0, 45]","[187.33, 45]","[189.0, 18]",185.67,135,3.33,0.07
07:44:39,"[183.39, 33]","[181.85, 53]","[186.0, 20]","[186.95, 43]",184.7,149,2.61,0.15
07:44:40,"[182.0, 30]","[181.0, 24]","[185.67, 12]","[187.0, 30]",183.83,96,3.67,0.12
07:44:41,"[182.0, 40]","[181.0, 40]","[184.78, 23]","[186.91, 47]",183.39,150,2.78,0.07
07:44:42,"[182.0, 34]","[181.0, 48]","[183.44, 48]","[284.4, 30]",182.72,160,1.44,0.03
07:44:43,"[182.0, 26]","[181.0, 52]","[184.74, 23]","[443.53, 38]",183.37,139,2.74,0.12
07:44:44,"[182.0, 20]","[181.0, 28]","[184.57, 7]","[259.5, 24]",183.29,79,2.57,0.22
07:44:45,"[182.0, 15]","[181.0, 20]","[184.0, 5]","[234.0, 15]",183.0,55,2.0,0.27
07:44:46,"[182.0, 19]","[181.0, 28]","[264.91, 11]","[310.61, 23]",223.45,81,82.91,0.16
07:44:47,"[185.48, 62]","[181.43, 28]","[311.39, 33]","[347.61, 23]",248.44,146,125.91,0.23
07:44:48,"[186.0, 29]","[182.0, 12]","[326.0, 14]","[520.89, 19]",256.0,74,140.0,0.11
07:44:49,"[186.0, 12]","[182.0, 6]","[324.0, 12]","[386.43, 7]",255.0,37,138.0,-0.03
07:44:50,"[186.0, 28]","[182.0, 14]","[451.71, 28]","[707.0, 7]",318.86,77,265.71,0.09
07:44:51,"[181.64, 53]","[180.64, 105]","[435.37, 43]","[561.4, 20]",308.51,221,253.73,0.43
07:44:52,"[181.0, 56]","[180.0, 64]","[217.4, 20]","[255.67, 12]",199.2,152,36.4,0.58
07:44:53,"[181.16, 50]","[180.37, 76]","[184.6, 30]","[630.8, 10]",182.88,166,3.44,0.52
07:44:54,"[181.0, 71]","[180.0, 88]","[183.09, 33]","[231.02, 53]",182.05,245,2.09,0.3
07:44:55,"[180.71, 28]","[179.68, 76]","[253.55, 29]","[599.46, 41]",217.13,174,72.84,0.2
07:44:56,"[182.45, 55]","[178.4, 75]","[525.62, 37]","[575.33, 12]",354.04,179,343.17,0.45
07:44:57,"[185.0, 96]","[183.47, 38]","[318.76, 21]","[410.85, 26]",251.88,181,133.76,0.48
07:44:58,"[184.97, 33]","[183.85, 39]","[197.92, 24]","[199.3, 23]",191.44,119,12.95,0.21
07:44:59,"[184.0, 11]","[183.0, 66]","[194.64, 22]","[196.09, 22]",189.32,121,10.64,0.27
07:45:00,"[182.4, 25]","[181.3, 88]","[190.85, 26]","[192.08, 26]",186.62,165,8.45,0.37
07:45:01,"[179.49, 43]","[177.86, 112]","[185.78, 18]","[187.11, 18]",182.63,191,6.29,0.62
07:45:02,"[179.41, 68]","[177.58, 152]","[184.5, 24]","[185.5, 24]",181.96,268,5.09,0.64
07:45:03,"[178.89, 36]","[177.41, 108]","[182.88, 16]","[258.4, 10]",180.88,170,3.99,0.69
07:45:04,"[178.0, 38]","[177.0, 96]","[182.0, 12]","[684.0, 18]",180.0,164,4.0,0.63
07:45:05,"[178.93, 27]","[177.67, 98]","[273.41, 34]","[491.0, 36]",226.17,195,94.49,0.28
07:45:06,"[178.08, 52]","[175.27, 139]","[377.0, 40]","[0, 0]",277.54,231,198.92,0.65
07:45:07,"[175.86, 70]","[172.76, 102]","[375.33, 6]","[445.17, 24]",275.6,202,199.48,0.7
07:45:08,"[175.0, 150]","[117.5, 48]","[373.67, 6]","[786.0, 24]",274.33,228,198.67,0.74
07:45:09,"[175.0, 150]","[133.4, 30]","[372.0, 6]","[520.0, 24]",273.5,210,197.0,0.71
07:45:10,"[175.92, 195]","[160.81, 144]","[367.47, 15]","[529.57, 37]",271.69,391,191.54,0.73
07:45:11,"[184.0, 42]","[175.0, 225]","[341.94, 17]","[361.21, 19]",262.97,303,157.94,0.76
07:45:12,"[184.0, 36]","[175.55, 165]","[292.13, 15]","[340.56, 25]",238.07,241,108.13,0.67
07:45:13,"[184.0, 24]","[181.0, 30]","[195.92, 12]","[197.4, 20]",189.96,86,11.92,0.26
07:45:14,"[184.0, 44]","[181.0, 132]","[192.35, 17]","[193.89, 27]",188.18,220,8.35,0.6
07:45:15,"[184.0, 24]","[181.0, 72]","[190.25, 12]","[190.5, 12]",187.12,120,6.25,0.6
07:45:16,"[184.83, 94]","[182.56, 100]","[188.43, 21]","[224.91, 55]",186.63,270,3.6,0.44
07:45:17,"[185.0, 66]","[184.0, 44]","[187.53, 17]","[189.78, 27]",186.26,154,2.53,0.43
07:45:18,"[185.0, 36]","[184.0, 28]","[186.55, 11]","[254.0, 18]",185.77,93,1.55,0.38
07:45:19,"[184.52, 23]","[181.55, 88]","[222.14, 14]","[303.36, 47]",203.33,172,37.62,0.29
07:45:20,"[184.0, 7]","[181.0, 84]","[313.05, 21]","[469.5, 20]",248.52,132,129.05,0.38
07:45:21,"[181.1, 80]","[180.33, 18]","[384.0, 32]","[448.04, 23]",282.55,153,202.9,0.28
07:45:22,"[182.0, 42]","[181.0, 108]","[285.11, 45]","[367.0, 45]",233.56,240,103.11,0.25
07:45:23,"[181.33, 54]","[180.94, 99]","[281.19, 43]","[295.09, 32]",231.26,228,99.85,0.34
07:45:24,"[181.0, 204]","[179.0, 17]","[279.62, 58]","[288.55, 66]",230.31,345,98.62,0.28
07:45:25,"[182.47, 57]","[180.93, 87]","[257.0, 30]","[320.7, 50]",219.74,224,74.53,0.29
07:45:26,"[185.0, 33]","[181.23, 62]","[256.36, 33]","[316.0, 51]",220.68,179,71.36,0.06
07:45:27,"[184.5, 18]","[181.37, 41]","[254.75, 24]","[256.0, 24]",219.62,107,70.25,0.1
07:45:28,"[182.0, 12]","[181.0, 105]","[253.58, 36]","[256.0, 36]",217.79,189,71.58,0.24
07:45:29,"[182.0, 12]","[181.0, 132]","[241.48, 29]","[251.53, 36]",211.74,209,59.48,0.38
07:45:30,"[182.0, 11]","[181.0, 121]","[246.0, 33]","[247.58, 33]",214.0,198,64.0,0.33
07:45:31,"[181.2, 46]","[180.9, 104]","[240.15, 54]","[243.49, 35]",210.67,239,58.95,0.26
07:45:32,"[181.0, 43]","[179.0, 11]","[241.91, 33]","[243.0, 44]",211.45,131,60.91,-0.18
07:45:33,"[177.92, 26]","[178.33, 12]","[237.69, 39]","[239.53, 40]",207.81,117,59.77,-0.35
07:45:34,"[176.0, 72]","[175.0, 9]","[233.44, 27]","[236.0, 36]",204.72,144,57.44,0.12
07:45:35,"[176.15, 103]","[175.69, 35]","[220.57, 35]","[230.8, 41]",198.36,214,44.43,0.29
07:45:36,"[178.63, 71]","[176.95, 80]","[207.29, 51]","[214.77, 44]",192.96,246,28.66,0.23
07:45:37,"[181.14, 70]","[178.29, 56]","[203.03, 40]","[204.35, 46]",192.08,212,21.88,0.19
07:45:38,"[182.92, 60]","[179.53, 38]","[200.0, 36]","[201.0, 36]",191.46,170,17.08,0.15
07:45:39,"[183.0, 23]","[181.0, 30]","[196.35, 43]","[198.09, 46]",189.67,142,13.35,-0.25
07:45:40,"[183.0, 10]","[181.0, 20]","[192.91, 33]","[193.91, 33]",187.95,96,9.91,-0.38
07:45:41,"[181.75, 16]","[179.75, 32]","[188.0, 40]","[189.23, 35]",184.88,123,6.25,-0.22
07:45:42,"[180.64, 22]","[178.37, 43]","[184.69, 26]","[185.67, 36]",182.66,127,4.06,0.02
07:45:43,"[179.96, 46]","[177.93, 30]","[181.82, 40]","[182.82, 33]",180.89,149,1.87,0.02
07:45:44,"[175.89, 27]","[174.89, 27]","[181.0, 17]","[183.0, 18]",178.44,89,5.11,0.21
07:45:45,"[175.0, 70]","[174.0, 10]","[179.71, 24]","[181.67, 24]",177.35,128,4.71,0.25
07:45:46,"[175.0, 63]","[174.0, 45]","[177.0, 22]","[178.17, 23]",176.0,153,2.0,0.41
07:45:47,"[175.0, 96]","[174.0, 130]","[176.0, 12]","[177.0, 20]",175.5,258,1.0,0.75
07:45:48,"[175.56, 55]","[174.5, 100]","[198.96, 49]","[253.58, 38]",187.26,242,23.4,0.28
07:45:49,"[180.0, 12]","[177.94, 16]","[275.0, 30]","[465.57, 14]",227.5,72,95.0,-0.22
07:45:50,"[181.6, 5]","[180.2, 5]","[312.0, 10]","[629.0, 5]",246.8,25,130.4,-0.2
07:45:51,"[183.0, 50]","[182.0, 11]","[285.55, 22]","[610.73, 15]",234.27,98,102.55,0.24
07:45:52,"[182.0, 7]","[181.0, 7]","[246.21, 19]","[300.0, 12]",214.11,45,64.21,-0.38
07:45:53,"[184.0, 6]","[182.0, 6]","[245.17, 18]","[247.0, 12]",214.58,42,61.17,-0.43
07:45:54,"[182.8, 10]","[181.4, 10]","[232.11, 27]","[266.24, 21]",207.46,68,49.31,-0.41
07:45:55,"[180.85, 13]","[178.0, 32]","[241.69, 35]","[395.95, 19]",211.27,99,60.84,-0.09
07:45:56,"[180.0, 12]","[177.15, 39]","[243.22, 27]","[384.83, 24]",211.61,102,63.22,0.0
07:45:57,"[179.33, 12]","[177.03, 61]","[242.73, 33]","[487.68, 38]",211.03,144,63.39,0.01
07:45:58,"[177.15, 13]","[175.67, 18]","[227.0, 28]","[242.0, 21]",202.08,80,49.85,-0.23
07:45:59,"[177.0, 18]","[175.0, 18]","[239.86, 28]","[306.91, 35]",208.43,99,62.86,-0.27
07:46:00,"[177.0, 14]","[175.0, 14]","[241.0, 21]","[323.79, 24]",209.0,73,64.0,-0.23
07:46:01,"[177.0, 24]","[175.0, 24]","[222.73, 45]","[223.12, 41]",199.87,134,45.73,-0.28
07:46:02,"[177.0, 24]","[175.0, 24]","[182.71, 58]","[184.11, 37]",179.85,143,5.71,-0.33
07:46:03,"[174.0, 106]","[144.33, 21]","[179.76, 38]","[180.55, 47]",176.88,212,5.76,0.2
07:46:04,"[174.0, 71]","[169.0, 42]","[175.7, 43]","[177.83, 36]",174.85,192,1.7,0.18
07:46:05,"[169.16, 31]","[160.23, 13]","[174.92, 25]","[177.81, 32]",172.04,101,5.76,-0.13
07:46:06,"[168.23, 31]","[143.62, 13]","[172.4, 35]","[173.25, 40]",170.31,119,4.17,-0.26
07:46:07,"[145.0, 7]","[135.0, 21]","[170.8, 15]","[172.64, 25]",157.9,68,25.8,-0.18
07:46:08,"[150.04, 23]","[116.48, 29]","[170.29, 21]","[172.53, 38]",160.16,111,20.24,-0.06
07:46:09,"[152.43, 49]","[150.0, 7]","[172.61, 23]","[173.8, 20]",162.52,99,20.18,0.13
07:46:10,"[153.25, 56]","[120.25, 8]","[173.0, 24]","[175.0, 16]",163.12,104,19.75,0.23
07:46:11,"[167.24, 58]","[156.63, 51]","[209.29, 41]","[278.05, 44]",188.27,194,42.05,0.12
07:46:12,"[176.47, 40]","[176.0, 36]","[296.82, 44]","[462.76, 49]",236.65,169,120.34,-0.1
07:46:13,"[178.83, 36]","[177.44, 27]","[324.77, 39]","[418.43, 35]",251.8,137,145.94,-0.08
07:46:14,"[179.0, 60]","[178.0, 24]","[428.82, 38]","[507.43, 44]",303.91,166,249.82,0.01
07:46:15,"[180.33, 54]","[179.2, 30]","[352.0, 36]","[507.35, 52]",266.17,172,171.67,-0.02
07:46:16,"[182.4, 15]","[181.03, 31]","[261.0, 32]","[352.0, 24]",221.7,102,78.6,-0.1
07:46:17,"[181.62, 13]","[177.5, 8]","[237.36, 22]","[309.18, 17]",209.49,60,55.75,-0.3
07:46:18,"[179.29, 14]","[174.07, 41]","[244.4, 47]","[339.09, 44]",211.84,146,65.12,-0.25
07:46:19,"[182.33, 18]","[174.33, 27]","[260.44, 36]","[283.91, 33]",221.39,114,78.11,-0.21
07:46:20,"[127.5, 12]","[60.41, 17]","[251.33, 48]","[327.87, 46]",189.42,123,123.83,-0.53
07:46:21,"[180.11, 9]","[150.45, 20]","[208.0, 36]","[229.4, 35]",194.06,100,27.89,-0.42
07:46:22,"[164.15, 20]","[150.1, 31]","[204.83, 41]","[251.69, 16]",184.49,108,40.68,-0.06
07:46:23,"[156.9, 29]","[124.54, 35]","[195.26, 39]","[193.95, 22]",176.08,125,38.36,0.02
07:46:24,"[159.0, 7]","[157.0, 21]","[170.0, 14]","[175.0, 28]",164.5,70,11.0,-0.2
07:46:25,"[160.0, 42]","[158.18, 22]","[173.12, 25]","[175.55, 20]",166.56,109,13.12,0.17
07:46:26,"[161.31, 39]","[159.0, 13]","[170.85, 13]","[173.75, 16]",166.08,81,9.54,0.28
07:46:27,"[163.8, 10]","[162.57, 14]","[166.0, 6]","[173.0, 6]",164.9,36,2.2,0.33
07:46:28,"[166.05, 20]","[164.5, 12]","[219.26, 27]","[250.17, 24]",192.65,83,53.21,-0.23
07:46:29,"[178.26, 23]","[176.57, 28]","[268.78, 45]","[345.4, 30]",223.52,126,90.52,-0.19
07:46:30,"[177.75, 8]","[127.22, 9]","[347.0, 3]","[570.0, 9]",262.38,29,169.25,0.17
07:46:31,"[178.0, 36]","[177.0, 6]","[228.0, 18]","[337.67, 6]",203.0,66,50.0,0.27
07:46:32,"[178.0, 60]","[177.0, 10]","[251.53, 34]","[390.63, 38]",214.76,142,73.53,-0.01
07:46:33,"[178.52, 61]","[177.75, 16]","[221.51, 35]","[312.52, 29]",200.02,141,42.99,0.09
07:46:34,"[181.14, 56]","[180.2, 15]","[185.05, 20]","[185.5, 20]",183.1,111,3.91,0.28
07:46:35,"[182.0, 44]","[177.0, 8]","[183.6, 10]","[220.3, 30]",182.8,92,1.6,0.13
07:46:36,"[181.55, 22]","[177.43, 14]","[275.09, 22]","[474.75, 40]",228.32,98,93.55,-0.27
07:46:37,"[176.56, 9]","[172.84, 25]","[327.35, 37]","[581.41, 37]",251.95,108,150.8,-0.37
07:46:38,"[165.86, 7]","[120.57, 7]","[283.07, 27]","[536.59, 29]",224.47,70,117.22,-0.6
07:46:39,"[175.0, 7]","[115.67, 9]","[258.14, 35]","[389.2, 25]",216.57,76,83.14,-0.58
07:46:40,"[146.62, 13]","[107.2, 15]","[257.29, 35]","[339.57, 35]",201.95,98,110.67,-0.43
07:46:41,"[128.8, 30]","[87.0, 10]","[238.07, 44]","[277.6, 50]",183.43,134,109.27,-0.4
07:46:42,"[126.0, 21]","[54.0, 7]","[165.0, 21]","[171.0, 35]",145.5,84,39.0,-0.33
07:46:43,"[135.5, 12]","[123.7, 20]","[166.15, 26]","[180.24, 38]",150.83,96,30.65,-0.33
07:46:44,"[126.0, 18]","[110.33, 6]","[171.0, 30]","[305.0, 23]",148.5,77,45.0,-0.38
07:46:45,"[126.0, 18]","[93.0, 6]","[171.0, 30]","[547.86, 21]",148.5,75,45.0,-0.36
07:46:46,"[140.74, 38]","[87.13, 54]","[171.0, 60]","[414.76, 46]",155.87,198,30.26,-0.07
07:46:47,"[85.38, 40]","[81.0, 8]","[171.0, 40]","[201.0, 32]",128.19,120,85.62,-0.2
07:46:48,"[88.0, 35]","[64.2, 15]","[171.0, 35]","[307.55, 31]",129.5,116,83.0,-0.14
07:46:49,"[98.32, 19]","[76.89, 18]","[177.67, 30]","[340.92, 25]",137.99,92,79.35,-0.2
07:46:50,"[173.0, 10]","[106.65, 31]","[174.8, 10]","[178.56, 18]",173.9,69,1.8,0.19
07:46:51,"[90.66, 47]","[70.0, 28]","[172.08, 13]","[209.33, 27]",131.37,115,81.42,0.3
07:46:52,"[94.68, 44]","[78.62, 47]","[203.77, 57]","[324.31, 49]",149.23,197,109.09,-0.08
07:46:53,"[85.97, 37]","[82.5, 40]","[166.56, 27]","[244.25, 32]",126.26,136,80.58,0.13
07:46:54,"[87.85, 66]","[40.31, 87]","[165.0, 32]","[166.0, 24]",126.42,209,77.15,0.46
07:46:55,"[162.42, 43]","[140.25, 40]","[254.54, 41]","[284.96, 53]",208.48,177,92.12,-0.06
07:46:56,"[174.16, 25]","[129.82, 61]","[271.6, 30]","[377.07, 56]",222.88,172,97.44,0.0
07:46:57,"[176.0, 9]","[174.0, 18]","[259.44, 39]","[325.37, 38]",217.72,104,83.44,-0.48
07:46:58,"[176.22, 9]","[174.25, 16]","[283.83, 35]","[341.73, 22]",230.03,82,107.61,-0.39
07:46:59,"[178.27, 11]","[176.64, 11]","[299.91, 44]","[340.69, 32]",239.09,98,121.64,-0.55
07:47:00,"[181.8, 10]","[178.0, 6]","[299.0, 24]","[331.91, 22]",240.4,62,117.2,-0.48
07:47:01,"[183.0, 19]","[180.57, 7]","[254.0, 28]","[311.8, 20]",218.5,74,71.0,-0.3
07:47:02,"[180.0, 10]","[175.0, 28]","[246.5, 40]","[346.65, 34]",213.25,112,66.5,-0.32
07:47:03,"[179.0, 144]","[178.0, 16]","[242.31, 52]","[276.18, 44]",210.65,256,63.31,0.25
07:47:04,"[180.0, 13]","[179.0, 108]","[193.58, 48]","[195.0, 24]",186.79,193,13.58,0.25
07:47:05,"[180.0, 66]","[178.39, 46]","[192.33, 36]","[195.0, 18]",186.17,166,12.33,0.35
07:47:06,"[179.27, 60]","[176.46, 52]","[190.31, 52]","[295.56, 36]",184.79,200,11.04,0.12
07:47:07,"[178.37, 19]","[176.71, 42]","[187.27, 44]","[239.27, 44]",182.82,149,8.9,-0.18
07:47:08,"[178.0, 33]","[175.9, 100]","[185.91, 44]","[207.53, 38]",181.95,215,7.91,0.24
07:47:09,"[182.2, 40]","[176.7, 81]","[185.64, 44]","[265.33, 30]",183.92,195,3.44,0.24
07:47:10,"[182.98, 44]","[178.69, 59]","[184.8, 60]","[322.75, 40]",183.89,203,1.82,0.01
07:47:11,"[178.13, 31]","[176.04, 142]","[183.0, 40]","[330.6, 20]",180.56,233,4.87,0.48
07:47:12,"[179.0, 48]","[178.0, 36]","[182.92, 48]","[350.52, 23]",180.96,155,3.92,0.08
07:47:13,"[179.0, 32]","[178.0, 24]","[181.75, 32]","[328.0, 16]",180.38,104,2.75,0.08
07:47:14,"[179.0, 28]","[178.0, 21]","[180.71, 28]","[331.54, 13]",179.86,90,1.71,0.09
07:47:15,"[176.55, 62]","[175.97, 108]","[179.1, 40]","[514.0, 31]",177.82,241,2.55,0.41
07:47:16,"[176.0, 117]","[175.0, 10]","[177.0, 40]","[342.82, 22]",176.5,189,1.0,0.34
07:47:17,"[176.0, 54]","[175.0, 9]","[177.0, 23]","[315.33, 9]",176.5,95,1.0,0.33
07:47:18,"[126.52, 31]","[107.35, 26]","[236.0, 10]","[572.7, 10]",181.26,77,109.48,0.48
07:47:19,"[159.44, 39]","[102.03, 34]","[497.27, 41]","[699.92, 13]",328.35,127,337.83,0.15
07:47:20,"[173.82, 22]","[160.18, 17]","[380.55, 22]","[448.88, 17]",277.18,78,206.73,0.0
07:47:21,"[172.0, 36]","[153.87, 23]","[314.0, 40]","[389.44, 41]",243.0,140,142.0,-0.16
07:47:22,"[172.0, 28]","[157.0, 21]","[333.24, 25]","[506.62, 13]",252.62,87,161.24,0.13
07:47:23,"[172.6, 15]","[165.57, 21]","[405.29, 14]","[565.0, 6]",288.94,56,232.69,0.29
07:47:24,"[177.4, 15]","[173.0, 18]","[324.4, 25]","[427.14, 29]",250.9,87,147.0,-0.24
07:47:25,"[175.0, 11]","[155.76, 37]","[247.36, 11]","[420.12, 32]",211.18,91,72.36,0.05
07:47:26,"[172.55, 11]","[153.76, 25]","[285.24, 17]","[312.38, 16]",228.89,69,112.69,0.04
07:47:27,"[172.0, 7]","[121.88, 34]","[306.71, 7]","[403.22, 23]",239.36,71,134.71,0.15
07:47:28,"[172.14, 14]","[119.82, 28]","[265.0, 10]","[338.0, 10]",218.57,62,92.86,0.35
07:47:29,"[128.2, 45]","[116.76, 49]","[401.73, 22]","[492.95, 37]",264.96,153,273.53,0.23
07:47:30,"[134.1, 29]","[122.59, 44]","[263.5, 12]","[452.33, 12]",198.8,97,129.4,0.51
07:47:31,"[123.29, 21]","[109.86, 21]","[167.55, 22]","[224.71, 7]",145.42,71,44.26,0.18
07:47:32,"[119.0, 21]","[104.0, 20]","[167.0, 21]","[172.0, 28]",143.0,90,48.0,-0.09
07:47:33,"[144.12, 32]","[108.8, 15]","[170.0, 20]","[172.36, 25]",157.06,92,25.88,0.02
07:47:34,"[148.76, 58]","[116.46, 26]","[175.62, 32]","[176.84, 31]",162.19,147,26.87,0.14
07:47:35,"[165.2, 20]","[138.76, 21]","[230.25, 20]","[291.8, 10]",197.72,71,65.05,0.15
07:47:36,"[181.0, 12]","[180.0, 12]","[211.0, 18]","[288.0, 6]",196.0,48,30.0,0.0
07:47:37,"[180.53, 15]","[164.5, 20]","[182.36, 33]","[198.36, 22]",181.45,90,1.83,-0.22
07:47:38,"[167.2, 10]","[136.74, 19]","[180.4, 25]","[205.96, 27]",173.8,81,13.2,-0.28
07:47:39,"[164.82, 22]","[129.14, 14]","[176.74, 23]","[177.89, 27]",170.78,86,11.92,-0.16
07:47:40,"[165.43, 21]","[164.0, 7]","[175.0, 35]","[322.0, 21]",170.21,84,9.57,-0.33
07:47:41,"[167.0, 28]","[107.0, 18]","[298.98, 46]","[414.21, 34]",232.99,126,131.98,-0.27
07:47:42,"[175.33, 18]","[119.52, 21]","[283.38, 13]","[427.78, 9]",229.36,61,108.05,0.28
07:47:43,"[134.0, 34]","[142.25, 8]","[267.46, 13]","[310.23, 13]",200.73,68,133.46,0.24
07:47:44,"[179.5, 20]","[172.64, 28]","[222.83, 12]","[273.67, 12]",201.17,72,43.33,0.33
07:47:45,"[173.04, 46]","[71.93, 15]","[206.0, 6]","[357.0, 18]",189.52,85,32.96,0.44
07:47:46,"[114.4, 25]","[46.32, 19]","[206.0, 7]","[318.86, 21]",160.2,72,91.6,0.22
07:47:47,"[173.12, 8]","[74.26, 23]","[204.88, 8]","[289.17, 18]",189.0,57,31.75,0.09
07:47:48,"[174.4, 10]","[148.0, 16]","[203.7, 10]","[387.0, 10]",189.05,46,29.3,0.13
07:47:49,"[122.55, 11]","[104.34, 29]","[201.5, 8]","[277.0, 24]",162.02,72,78.95,0.11
07:47:50,"[36.0, 28]","[18.0, 7]","[201.0, 7]","[330.45, 11]",118.5,53,165.0,0.32
07:47:51,"[147.0, 36]","[109.67, 9]","[175.21, 19]","[250.47, 19]",161.11,83,28.21,0.08
07:47:52,"[142.33, 18]","[105.17, 18]","[167.0, 27]","[169.0, 27]",154.67,90,24.67,-0.2
07:47:53,"[142.43, 14]","[96.6, 5]","[168.6, 15]","[171.67, 15]",155.51,49,26.17,-0.22
07:47:54,"[149.85, 52]","[98.59, 17]","[193.0, 15]","[273.85, 41]",171.42,125,43.15,0.1
07:47:55,"[183.0, 10]","[179.0, 20]","[197.9, 10]","[288.0, 30]",190.45,70,14.9,-0.14
07:47:56,"[180.47, 19]","[170.63, 19]","[196.23, 13]","[310.65, 43]",188.35,94,15.76,-0.19
07:47:57,"[174.35, 20]","[166.57, 21]","[194.33, 9]","[338.48, 31]",184.34,81,19.98,0.01
07:47:58,"[182.77, 60]","[175.5, 14]","[226.6, 10]","[319.05, 22]",204.68,106,43.83,0.4
07:47:59,"[185.0, 43]","[177.0, 7]","[303.8, 15]","[391.8, 25]",244.4,90,118.8,0.11
07:48:00,"[183.04, 56]","[177.32, 44]","[300.64, 56]","[333.86, 50]",241.84,206,117.61,-0.03
07:48:01,"[180.85, 20]","[177.15, 60]","[296.85, 26]","[298.13, 46]",238.85,152,116.0,0.05
07:48:02,"[181.71, 7]","[178.67, 12]","[295.0, 12]","[296.0, 24]",238.36,55,113.29,-0.31
07:48:03,"[181.94, 16]","[179.73, 22]","[246.41, 39]","[283.89, 56]",214.17,133,64.47,-0.43
07:48:04,"[177.27, 60]","[176.3, 92]","[182.44, 18]","[302.43, 28]",179.86,198,5.18,0.54
07:48:05,"[177.0, 56]","[176.0, 64]","[181.0, 8]","[480.14, 14]",179.0,142,4.0,0.69
07:48:06,"[180.0, 20]","[177.0, 63]","[497.94, 17]","[603.37, 19]",338.97,119,317.94,0.39
07:48:07,"[180.0, 26]","[177.0, 91]","[433.21, 53]","[560.44, 27]",306.6,197,253.21,0.19
07:48:08,"[178.71, 34]","[176.68, 75]","[224.45, 33]","[400.18, 33]",201.58,175,45.75,0.25
07:48:09,"[177.0, 48]","[176.0, 96]","[262.44, 32]","[266.46, 26]",219.72,202,85.44,0.43
07:48:10,"[176.22, 72]","[165.54, 41]","[250.33, 27]","[292.17, 23]",213.28,163,74.11,0.39
07:48:11,"[176.2, 40]","[162.98, 41]","[188.0, 24]","[265.25, 24]",182.1,129,11.8,0.26
07:48:12,"[179.7, 20]","[176.5, 68]","[187.0, 39]","[374.41, 29]",183.35,156,7.3,0.13
07:48:13,"[184.33, 6]","[178.71, 28]","[186.82, 11]","[440.8, 15]",185.58,60,2.48,0.13
07:48:14,"[183.0, 28]","[177.0, 231]","[186.0, 42]","[470.8, 40]",184.5,341,3.0,0.52
07:48:15,"[183.0, 14]","[177.0, 220]","[185.71, 21]","[256.93, 43]",184.36,298,2.71,0.57
07:48:16,"[177.03, 191]","[176.67, 30]","[184.0, 33]","[185.0, 11]",180.52,265,6.97,0.67
07:48:17,"[177.0, 152]","[176.0, 8]","[187.1, 20]","[235.75, 24]",182.05,204,10.1,0.57
07:48:18,"[177.03, 72]","[176.43, 44]","[258.96, 28]","[282.5, 10]",218.0,154,81.94,0.51
07:48:19,"[177.82, 103]","[176.65, 120]","[224.6, 30]","[436.94, 49]",201.21,302,46.78,0.48
07:48:20,"[177.0, 111]","[176.0, 54]","[310.83, 41]","[560.44, 27]",243.91,233,133.83,0.42
07:48:21,"[177.0, 129]","[176.0, 78]","[276.57, 53]","[322.78, 58]",226.78,318,99.57,0.3
07:48:22,"[177.61, 23]","[176.84, 75]","[197.91, 44]","[201.0, 55]",187.76,197,20.3,-0.01
07:48:23,"[177.42, 38]","[176.67, 73]","[196.58, 48]","[201.0, 34]",187.0,193,19.16,0.15
07:48:24,"[179.7, 10]","[177.0, 70]","[196.0, 40]","[302.17, 47]",187.85,167,16.3,-0.04
07:48:25,"[183.12, 17]","[177.68, 41]","[195.36, 44]","[293.27, 33]",189.24,135,12.25,-0.14
07:48:26,"[179.45, 49]","[178.31, 13]","[193.22, 36]","[567.71, 24]",186.34,122,13.77,0.02
07:48:27,"[177.0, 60]","[176.0, 20]","[584.69, 32]","[587.23, 35]",380.84,147,407.69,0.09
07:48:28,"[177.0, 56]","[176.0, 22]","[300.98, 41]","[316.67, 48]",238.99,167,123.98,-0.07
07:48:29,"[176.43, 28]","[174.86, 14]","[287.57, 42]","[290.94, 51]",232.0,135,111.14,-0.38
07:48:30,"[177.0, 55]","[176.0, 22]","[267.33, 51]","[268.58, 45]",222.17,173,90.33,-0.11
07:48:31,"[177.0, 50]","[176.0, 20]","[263.47, 47]","[264.63, 43]",220.23,160,86.47,-0.12
07:48:32,"[177.0, 40]","[176.0, 16]","[260.62, 40]","[261.97, 37]",218.81,133,83.62,-0.16
07:48:33,"[177.0, 60]","[176.0, 24]","[258.5, 60]","[260.0, 60]",217.75,204,81.5,-0.18
07:48:34,"[177.0, 50]","[176.0, 20]","[243.71, 38]","[259.2, 50]",210.36,158,66.71,-0.11
07:48:35,"[177.0, 70]","[176.0, 28]","[252.0, 70]","[253.5, 70]",214.5,238,75.0,-0.18
07:48:36,"[177.0, 45]","[176.0, 18]","[195.17, 35]","[229.97, 33]",186.09,131,18.17,-0.04
07:48:37,"[177.0, 50]","[176.0, 20]","[183.16, 49]","[185.98, 44]",180.08,163,6.16,-0.14
07:48:38,"[177.34, 68]","[176.53, 38]","[179.88, 41]","[182.35, 49]",178.61,196,2.54,0.08
07:48:39,"[177.67, 39]","[176.93, 81]","[182.47, 43]","[211.96, 74]",180.07,237,4.8,0.01
07:48:40,"[169.86, 77]","[130.93, 41]","[183.21, 56]","[185.0, 56]",176.54,230,13.36,0.03
07:48:41,"[177.0, 58]","[120.0, 18]","[182.33, 24]","[183.67, 24]",179.67,124,5.33,0.23
07:48:42,"[177.0, 91]","[111.76, 51]","[180.97, 31]","[181.57, 37]",178.98,210,3.97,0.35
07:48:43,"[177.0, 70]","[88.75, 88]","[180.0, 10]","[181.0, 40]",178.5,208,3.0,0.52
07:48:44,"[177.25, 65]","[171.82, 84]","[183.13, 55]","[214.33, 54]",180.19,258,5.88,0.16
07:48:45,"[177.0, 70]","[173.38, 26]","[222.82, 33]","[252.82, 28]",199.91,157,45.82,0.22
07:48:46,"[177.0, 56]","[174.0, 32]","[222.0, 32]","[223.0, 24]",199.5,144,45.0,0.22
07:48:47,"[177.77, 73]","[176.8, 75]","[221.35, 37]","[222.3, 40]",199.56,225,43.58,0.32
07:48:48,"[179.81, 37]","[178.04, 73]","[216.1, 31]","[218.68, 37]",197.95,178,36.29,0.24
07:48:49,"[180.0, 110]","[179.0, 11]","[205.36, 44]","[207.0, 33]",192.68,198,25.36,0.22
07:48:50,"[181.25, 20]","[180.78, 101]","[203.38, 39]","[205.42, 38]",192.32,198,22.13,0.22
07:48:51,"[182.02, 112]","[178.32, 82]","[199.43, 51]","[201.3, 40]",190.72,285,17.41,0.36
