Time,Bid1,Bid2,Ask1,Ask2,Mid-Price,Total_volume,Bid_ask_spread,Order_imbalance
07:30:00,"[0, 0]","[0, 0]","[0, 0]","[0, 0]",0.0,0,0.0,0.0
07:30:01,"[49.0, 4]","[0, 0]","[204.0, 2]","[0, 0]",126.5,6,155.0,0.33
07:30:02,"[189.0, 4]","[0, 0]","[204.0, 4]","[209.0, 1]",196.5,9,15.0,-0.11
07:30:03,"[155.0, 18]","[138.14, 7]","[204.0, 16]","[206.0, 24]",179.5,65,49.0,-0.23
07:30:04,"[186.71, 21]","[184.0, 14]","[204.0, 14]","[206.0, 21]",195.36,70,17.29,0.0
07:30:06,"[189.5, 12]","[184.0, 8]","[204.0, 8]","[206.0, 12]",196.75,40,14.5,0.0
07:30:07,"[191.75, 12]","[184.0, 8]","[204.0, 8]","[206.0, 12]",197.88,40,12.25,0.0
07:30:08,"[192.0, 9]","[181.75, 8]","[204.0, 6]","[206.0, 9]",198.0,32,12.0,0.06
07:30:09,"[192.8, 15]","[181.0, 15]","[204.0, 10]","[206.0, 15]",198.4,55,11.2,0.09
07:30:10,"[194.0, 27]","[181.58, 36]","[206.65, 23]","[207.59, 17]",200.33,103,12.65,0.22
07:30:11,"[195.83, 18]","[182.56, 27]","[207.0, 18]","[209.0, 6]",201.42,69,11.17,0.3
07:30:12,"[196.57, 21]","[190.6, 15]","[207.0, 23]","[209.0, 5]",201.79,64,10.43,0.12
07:30:13,"[200.18, 66]","[199.05, 60]","[210.96, 47]","[229.21, 19]",205.57,192,10.78,0.31
07:30:14,"[202.87, 69]","[201.84, 93]","[214.0, 36]","[222.23, 39]",208.43,237,11.13,0.37
07:30:15,"[203.19, 27]","[201.45, 33]","[215.0, 7]","[223.0, 14]",209.09,81,11.81,0.48
07:30:16,"[205.04, 50]","[201.62, 37]","[215.09, 11]","[222.3, 20]",210.07,118,10.05,0.47
07:30:17,"[214.4, 53]","[209.2, 50]","[216.0, 14]","[223.0, 28]",215.2,145,1.6,0.42
07:30:18,"[216.29, 70]","[214.13, 46]","[217.83, 12]","[223.0, 24]",217.06,152,1.55,0.53
07:30:19,"[217.0, 75]","[214.0, 36]","[218.0, 9]","[223.0, 18]",217.5,138,1.0,0.61
07:30:20,"[217.0, 39]","[214.0, 36]","[220.5, 12]","[229.67, 18]",218.75,105,3.5,0.43
07:30:21,"[217.0, 46]","[214.0, 40]","[223.0, 20]","[243.0, 20]",220.0,126,6.0,0.37
07:30:22,"[217.0, 36]","[214.0, 36]","[223.0, 18]","[243.0, 18]",220.0,108,6.0,0.33
07:30:23,"[217.0, 48]","[214.15, 39]","[223.0, 24]","[242.39, 23]",220.0,134,6.0,0.3
07:30:24,"[217.0, 20]","[216.0, 5]","[223.0, 10]","[243.0, 10]",220.0,45,6.0,0.11
07:30:25,"[216.88, 32]","[214.61, 23]","[222.17, 12]","[225.09, 22]",219.52,89,5.29,0.24
07:30:26,"[216.0, 9]","[214.0, 36]","[220.13, 23]","[222.09, 11]",218.07,79,4.13,0.14
07:30:27,"[217.72, 29]","[214.77, 26]","[219.58, 36]","[222.24, 25]",218.65,116,1.86,-0.05
07:30:28,"[218.0, 26]","[216.99, 73]","[219.0, 39]","[225.0, 26]",218.5,164,1.0,0.21
07:30:29,"[217.43, 42]","[216.93, 58]","[221.06, 35]","[229.65, 34]",219.24,169,3.63,0.18
07:30:30,"[217.0, 54]","[216.0, 9]","[227.0, 19]","[231.57, 28]",222.0,110,10.0,0.15
07:30:31,"[217.0, 72]","[216.0, 12]","[226.5, 18]","[228.81, 42]",221.75,144,9.5,0.17
07:30:32,"[217.0, 66]","[216.0, 11]","[224.91, 11]","[227.36, 47]",220.95,135,7.91,0.14
07:30:33,"[217.0, 54]","[216.0, 9]","[223.22, 9]","[225.33, 45]",220.11,117,6.22,0.08
07:30:34,"[217.0, 90]","[216.0, 15]","[223.0, 15]","[225.0, 75]",220.0,195,6.0,0.08
07:30:35,"[217.0, 54]","[216.0, 9]","[222.44, 9]","[225.0, 45]",219.72,117,5.44,0.08
07:30:36,"[217.0, 29]","[216.0, 9]","[221.18, 11]","[224.46, 35]",219.09,84,4.18,-0.1
07:30:37,"[214.33, 9]","[210.93, 60]","[220.0, 9]","[221.0, 27]",217.17,105,5.67,0.31
07:30:38,"[214.84, 38]","[211.35, 68]","[218.59, 32]","[218.75, 24]",216.72,162,3.75,0.31
07:30:39,"[214.89, 36]","[211.5, 48]","[227.48, 84]","[222.8, 20]",221.18,188,12.59,-0.11
07:30:40,"[211.0, 130]","[210.0, 13]","[225.89, 106]","[227.65, 34]",218.44,283,14.89,0.01
07:30:41,"[211.0, 86]","[210.0, 9]","[226.0, 45]","[227.0, 45]",218.5,185,15.0,0.03
07:30:42,"[211.0, 60]","[210.0, 10]","[218.24, 34]","[225.0, 50]",214.62,154,7.24,-0.09
07:30:43,"[215.0, 70]","[210.79, 38]","[222.58, 57]","[225.31, 67]",218.79,232,7.58,-0.07
07:30:44,"[218.0, 60]","[210.0, 15]","[220.0, 65]","[222.81, 73]",219.0,213,2.0,-0.3
07:30:45,"[201.8, 60]","[200.79, 76]","[217.29, 70]","[222.21, 70]",209.54,276,15.49,-0.01
07:30:46,"[203.43, 56]","[201.51, 78]","[216.33, 75]","[219.0, 75]",209.88,284,12.9,-0.06
07:30:47,"[206.9, 42]","[206.11, 36]","[215.5, 80]","[217.19, 53]",211.2,211,8.6,-0.26
07:30:48,"[209.9, 42]","[207.0, 84]","[214.16, 97]","[216.46, 65]",212.03,288,4.26,-0.12
07:30:49,"[211.11, 27]","[207.15, 79]","[218.0, 164]","[380.79, 67]",214.56,337,6.89,-0.37
07:30:50,"[213.84, 19]","[212.26, 19]","[217.52, 84]","[319.74, 68]",215.68,190,3.68,-0.6
07:30:51,"[215.0, 11]","[210.18, 17]","[216.57, 53]","[218.36, 44]",215.78,125,1.57,-0.55
07:30:52,"[210.29, 51]","[208.09, 44]","[218.0, 36]","[319.69, 26]",214.15,157,7.71,0.21
07:30:53,"[210.0, 48]","[207.0, 24]","[219.0, 24]","[407.0, 13]",214.5,109,9.0,0.32
07:30:54,"[210.53, 68]","[209.45, 88]","[219.0, 52]","[336.96, 26]",214.76,234,8.47,0.33
07:30:55,"[211.0, 48]","[210.0, 96]","[218.0, 36]","[219.67, 48]",214.5,228,7.0,0.26
07:30:56,"[211.0, 28]","[210.0, 56]","[217.0, 21]","[220.0, 28]",214.0,133,6.0,0.26
07:30:57,"[211.0, 40]","[210.0, 80]","[217.0, 30]","[219.0, 40]",214.0,190,6.0,0.26
07:30:58,"[210.4, 81]","[208.02, 106]","[215.6, 45]","[218.07, 60]",213.0,292,5.2,0.28
07:30:59,"[210.0, 70]","[205.0, 60]","[214.88, 24]","[217.63, 19]",212.44,173,4.88,0.5
07:31:00,"[210.0, 71]","[205.0, 78]","[217.08, 25]","[218.71, 34]",213.54,208,7.08,0.43
07:31:01,"[207.16, 95]","[204.41, 85]","[217.0, 45]","[218.0, 15]",212.08,240,9.84,0.5
07:31:02,"[207.92, 95]","[205.93, 60]","[216.13, 45]","[218.0, 27]",212.02,227,8.22,0.37
07:31:03,"[212.13, 31]","[210.61, 18]","[215.0, 39]","[218.0, 65]",213.56,153,2.87,-0.36
07:31:04,"[205.32, 47]","[202.71, 56]","[214.56, 36]","[217.87, 91]",209.94,230,9.24,-0.1
07:31:05,"[201.48, 58]","[200.62, 52]","[215.0, 24]","[217.15, 52]",208.24,186,13.52,0.18
07:31:06,"[201.0, 90]","[199.0, 30]","[214.55, 29]","[216.2, 60]",207.78,209,13.55,0.15
07:31:07,"[201.0, 72]","[199.0, 24]","[213.04, 28]","[214.74, 50]",207.02,174,12.04,0.1
07:31:08,"[202.0, 120]","[199.26, 92]","[211.95, 38]","[212.87, 45]",206.97,295,9.95,0.44
07:31:09,"[202.04, 162]","[200.25, 48]","[206.09, 22]","[210.29, 38]",204.06,270,4.05,0.56
07:31:10,"[205.0, 28]","[200.77, 156]","[209.18, 34]","[210.5, 36]",207.09,254,4.18,0.45
07:31:11,"[205.29, 28]","[200.17, 116]","[209.0, 36]","[210.0, 12]",207.14,192,3.71,0.5
07:31:12,"[207.53, 43]","[203.19, 42]","[209.18, 22]","[210.74, 23]",208.36,130,1.65,0.31
07:31:13,"[208.0, 48]","[199.14, 144]","[210.89, 36]","[211.6, 40]",209.44,268,2.89,0.43
07:31:14,"[208.0, 40]","[199.0, 100]","[211.0, 36]","[214.0, 10]",209.5,186,3.0,0.51
07:31:15,"[208.1, 20]","[200.06, 68]","[211.0, 48]","[214.0, 8]",209.55,144,2.9,0.22
07:31:16,"[207.25, 12]","[199.0, 129]","[211.0, 72]","[214.0, 12]",209.12,225,3.75,0.25
07:31:17,"[207.62, 13]","[199.08, 96]","[211.0, 36]","[214.0, 6]",209.31,151,3.38,0.44
07:31:18,"[208.0, 48]","[205.0, 6]","[211.0, 36]","[214.0, 6]",209.5,96,3.0,0.12
07:31:19,"[208.33, 72]","[205.0, 9]","[211.0, 36]","[255.0, 27]",209.67,144,2.67,0.12
07:31:20,"[210.0, 80]","[205.0, 10]","[211.0, 30]","[214.0, 50]",210.5,170,1.0,0.06
07:31:21,"[199.27, 89]","[196.38, 126]","[213.35, 37]","[264.96, 26]",206.31,278,14.08,0.55
07:31:22,"[202.62, 123]","[198.64, 98]","[210.68, 28]","[216.67, 46]",206.65,295,8.06,0.5
07:31:23,"[211.1, 63]","[205.71, 70]","[214.44, 43]","[250.74, 53]",212.77,229,3.35,0.16
07:31:24,"[213.64, 44]","[210.0, 55]","[215.0, 55]","[369.83, 24]",214.32,178,1.36,0.11
07:31:25,"[210.33, 49]","[204.73, 41]","[415.34, 32]","[526.68, 28]",312.84,150,205.02,0.2
07:31:26,"[210.0, 45]","[204.0, 36]","[246.53, 34]","[299.0, 19]",228.26,134,36.53,0.21
07:31:27,"[214.82, 51]","[209.55, 42]","[348.84, 49]","[461.51, 37]",281.83,179,134.01,0.04
07:31:28,"[217.57, 37]","[216.67, 36]","[383.57, 46]","[517.94, 17]",300.57,136,166.0,0.07
07:31:29,"[217.0, 24]","[215.5, 20]","[220.0, 50]","[359.56, 27]",218.5,121,3.0,-0.27
07:31:30,"[217.0, 16]","[216.0, 16]","[282.77, 26]","[350.61, 38]",249.88,96,65.77,-0.33
07:31:31,"[217.0, 20]","[216.0, 20]","[342.0, 30]","[444.0, 50]",279.5,120,125.0,-0.33
07:31:32,"[217.0, 20]","[216.0, 20]","[284.65, 34]","[465.67, 30]",250.82,104,67.65,-0.23
07:31:33,"[217.0, 8]","[216.0, 8]","[372.0, 4]","[402.0, 12]",294.5,32,155.0,0.0
07:31:34,"[216.59, 17]","[215.42, 24]","[365.18, 22]","[423.74, 46]",290.89,109,148.59,-0.25
07:31:35,"[211.86, 29]","[213.73, 22]","[296.07, 55]","[448.55, 49]",253.97,155,84.21,-0.34
07:31:36,"[210.0, 69]","[208.0, 15]","[274.1, 67]","[334.66, 41]",242.05,192,64.1,-0.12
07:31:37,"[210.0, 16]","[208.0, 10]","[272.3, 50]","[281.7, 37]",241.15,113,62.3,-0.54
07:31:38,"[209.5, 8]","[207.5, 8]","[269.88, 40]","[277.0, 32]",239.69,88,60.38,-0.64
07:31:39,"[208.0, 8]","[206.0, 8]","[265.79, 38]","[275.48, 33]",236.89,87,57.79,-0.63
07:31:40,"[210.0, 16]","[206.18, 22]","[265.19, 54]","[270.89, 54]",237.59,146,55.19,-0.48
07:31:41,"[210.0, 24]","[207.64, 22]","[264.0, 40]","[266.0, 50]",237.0,136,54.0,-0.32
07:31:42,"[208.0, 39]","[206.0, 247]","[263.48, 58]","[265.19, 59]",235.74,403,55.48,0.42
07:31:43,"[208.71, 51]","[206.44, 122]","[260.69, 68]","[262.6, 58]",234.7,299,51.99,0.16
07:31:44,"[209.35, 52]","[208.09, 46]","[243.37, 67]","[247.12, 68]",226.36,233,34.03,-0.16
07:31:45,"[209.64, 22]","[208.67, 36]","[241.42, 62]","[242.38, 64]",225.53,184,31.78,-0.37
07:31:46,"[212.9, 20]","[211.0, 10]","[239.33, 42]","[241.13, 46]",226.12,118,26.43,-0.49
07:31:47,"[212.6, 25]","[209.83, 30]","[236.0, 49]","[237.93, 72]",224.3,176,23.4,-0.38
07:31:48,"[211.86, 21]","[209.5, 18]","[232.94, 53]","[233.98, 46]",222.4,138,21.09,-0.43
07:31:49,"[213.47, 30]","[211.23, 26]","[230.37, 43]","[231.62, 52]",221.92,151,16.91,-0.26
07:31:50,"[215.39, 92]","[212.2, 40]","[227.92, 49]","[228.82, 51]",221.65,232,12.53,0.14
07:31:51,"[220.0, 56]","[216.0, 108]","[223.53, 62]","[224.9, 77]",221.77,303,3.53,0.08
07:31:52,"[216.57, 56]","[215.6, 40]","[220.23, 47]","[221.21, 47]",218.4,190,3.66,0.01
07:31:53,"[214.81, 64]","[213.83, 78]","[216.92, 50]","[218.38, 45]",215.87,237,2.11,0.2
07:31:54,"[213.31, 35]","[210.79, 19]","[215.29, 21]","[216.5, 24]",214.3,99,1.97,0.09
07:31:55,"[211.0, 16]","[210.0, 8]","[214.0, 32]","[216.0, 16]",212.5,72,3.0,-0.33
07:31:56,"[210.0, 11]","[207.71, 17]","[213.56, 36]","[216.0, 18]",211.78,82,3.56,-0.32
07:31:57,"[209.0, 4]","[207.0, 12]","[211.86, 14]","[214.4, 10]",210.43,40,2.86,-0.2
07:31:58,"[207.94, 17]","[202.8, 45]","[211.0, 22]","[212.0, 44]",209.47,128,3.06,-0.03
07:31:59,"[206.38, 39]","[198.81, 93]","[210.0, 104]","[297.69, 35]",208.19,271,3.62,-0.03
07:32:00,"[206.0, 33]","[141.73, 37]","[209.93, 54]","[238.76, 34]",207.96,158,3.93,-0.11
07:32:01,"[207.0, 20]","[205.8, 30]","[209.0, 10]","[211.2, 40]",208.0,100,2.0,0.0
07:32:02,"[205.29, 41]","[123.39, 31]","[208.5, 14]","[211.88, 50]",206.9,136,3.21,0.06
07:32:03,"[206.67, 36]","[203.22, 27]","[211.64, 22]","[239.0, 28]",209.15,113,4.97,0.12
07:32:04,"[207.34, 53]","[203.47, 43]","[211.86, 43]","[215.27, 41]",209.6,180,4.52,0.07
07:32:05,"[210.0, 70]","[209.0, 10]","[213.2, 10]","[217.41, 22]",211.6,112,3.2,0.43
07:32:06,"[210.31, 51]","[209.85, 33]","[212.67, 9]","[215.92, 13]",211.49,106,2.35,0.58
07:32:07,"[210.0, 35]","[209.0, 5]","[215.4, 5]","[240.5, 16]",212.7,61,5.4,0.31
07:32:08,"[210.38, 56]","[209.91, 54]","[216.54, 13]","[302.75, 12]",213.46,135,6.16,0.63
07:32:09,"[210.5, 42]","[209.94, 52]","[215.9, 20]","[219.67, 15]",213.2,129,5.4,0.46
07:32:10,"[212.81, 47]","[209.59, 17]","[215.0, 48]","[221.0, 24]",213.9,136,2.19,-0.06
07:32:11,"[214.0, 36]","[210.0, 16]","[215.0, 40]","[295.0, 20]",214.5,112,1.0,-0.07
07:32:12,"[210.0, 18]","[207.0, 9]","[214.86, 21]","[353.91, 33]",212.43,81,4.86,-0.33
07:32:13,"[209.87, 23]","[204.81, 16]","[213.25, 12]","[215.0, 36]",211.56,87,3.38,-0.1
07:32:14,"[207.0, 9]","[200.0, 45]","[212.22, 9]","[216.11, 27]",209.61,90,5.22,0.2
07:32:15,"[204.26, 43]","[198.35, 68]","[215.32, 37]","[237.1, 49]",209.79,197,11.07,0.13
07:32:16,"[213.0, 40]","[209.05, 57]","[217.0, 36]","[330.81, 31]",215.0,164,4.0,0.18
07:32:17,"[214.0, 29]","[209.64, 59]","[215.44, 27]","[261.85, 26]",214.72,141,1.44,0.25
07:32:18,"[214.0, 16]","[211.0, 24]","[215.0, 8]","[363.0, 16]",214.5,64,1.0,0.25
07:32:19,"[211.0, 15]","[207.0, 25]","[213.91, 11]","[299.57, 7]",212.45,58,2.91,0.38
07:32:20,"[211.0, 33]","[203.18, 55]","[213.0, 57]","[215.0, 11]",212.0,156,2.0,0.13
07:32:21,"[205.21, 19]","[198.11, 37]","[213.62, 29]","[287.2, 10]",209.42,95,8.41,0.18
07:32:22,"[200.0, 40]","[189.0, 16]","[212.71, 28]","[215.0, 8]",206.36,92,12.71,0.22
07:32:23,"[200.0, 60]","[197.0, 36]","[211.42, 24]","[214.75, 12]",205.71,132,11.42,0.45
07:32:24,"[202.57, 42]","[196.11, 28]","[401.44, 18]","[562.38, 16]",302.01,104,198.87,0.35
07:32:25,"[206.24, 29]","[198.62, 26]","[588.0, 30]","[684.0, 10]",397.12,95,381.76,0.16
07:32:26,"[214.21, 19]","[209.15, 27]","[312.42, 24]","[495.26, 19]",263.31,89,98.21,0.03
07:32:27,"[218.0, 10]","[214.0, 20]","[489.67, 15]","[683.73, 15]",353.83,60,271.67,0.0
07:32:28,"[218.0, 8]","[214.0, 58]","[561.88, 8]","[674.0, 16]",389.94,90,343.88,0.47
07:32:29,"[218.0, 10]","[214.0, 80]","[409.5, 16]","[488.43, 14]",313.75,120,191.5,0.5
07:32:30,"[214.08, 51]","[211.55, 22]","[238.95, 42]","[350.35, 26]",226.52,141,24.87,0.04
07:32:31,"[218.75, 24]","[213.94, 97]","[236.6, 80]","[395.52, 33]",227.68,234,17.85,0.03
07:32:32,"[215.65, 46]","[213.86, 42]","[236.0, 48]","[326.5, 34]",225.83,170,20.35,0.04
07:32:33,"[215.0, 114]","[211.0, 28]","[235.3, 60]","[237.62, 32]",225.15,234,20.3,0.21
07:32:34,"[215.0, 50]","[211.0, 20]","[229.31, 49]","[230.51, 47]",222.15,166,14.31,-0.16
07:32:35,"[215.0, 54]","[214.0, 65]","[224.29, 58]","[225.23, 64]",219.65,241,9.29,-0.01
07:32:36,"[215.88, 56]","[214.26, 27]","[222.0, 44]","[223.0, 55]",218.94,182,6.12,-0.09
07:32:37,"[216.0, 89]","[214.05, 58]","[220.97, 58]","[222.76, 68]",218.48,273,4.97,0.08
07:32:38,"[216.47, 68]","[214.0, 65]","[218.64, 56]","[219.74, 61]",217.56,250,2.17,0.06
07:32:39,"[214.32, 56]","[212.37, 67]","[217.81, 74]","[218.78, 64]",216.07,261,3.49,-0.06
07:32:40,"[214.26, 42]","[211.62, 48]","[215.95, 74]","[218.33, 48]",215.1,212,1.68,-0.15
07:32:41,"[211.78, 23]","[210.31, 58]","[217.29, 56]","[271.0, 48]",214.53,185,5.5,-0.12
07:32:42,"[211.0, 18]","[210.0, 45]","[289.35, 31]","[332.77, 26]",250.18,120,78.35,0.05
07:32:43,"[211.0, 83]","[208.0, 48]","[220.97, 38]","[227.33, 58]",215.99,227,9.97,0.15
07:32:44,"[211.93, 43]","[210.96, 83]","[219.2, 41]","[221.4, 63]",215.56,230,7.26,0.1
07:32:45,"[217.52, 31]","[211.89, 18]","[219.0, 45]","[231.0, 27]",218.26,121,1.48,-0.19
07:32:46,"[218.0, 48]","[212.43, 14]","[219.0, 40]","[274.68, 19]",218.5,121,1.0,0.02
07:32:47,"[218.0, 48]","[211.0, 24]","[219.0, 40]","[308.0, 16]",218.5,128,1.0,0.12
07:32:48,"[218.0, 30]","[214.12, 32]","[219.0, 45]","[300.33, 18]",218.5,125,1.0,-0.01
07:32:49,"[218.0, 18]","[216.78, 36]","[219.0, 30]","[287.0, 12]",218.5,96,1.0,0.12
07:32:50,"[218.0, 18]","[217.0, 42]","[219.0, 30]","[293.33, 12]",218.5,102,1.0,0.18
07:32:51,"[218.0, 21]","[217.0, 49]","[219.0, 35]","[324.0, 14]",218.5,119,1.0,0.18
07:32:52,"[217.1, 62]","[216.3, 46]","[218.79, 38]","[255.55, 31]",217.94,177,1.69,0.22
07:32:53,"[217.0, 30]","[216.0, 40]","[219.09, 22]","[221.29, 42]",218.05,134,2.09,0.04
07:32:54,"[216.05, 38]","[214.94, 17]","[217.36, 11]","[220.0, 55]",216.71,121,1.31,-0.09
07:32:55,"[214.67, 12]","[211.12, 25]","[216.89, 9]","[220.0, 45]",215.78,91,2.22,-0.19
07:32:56,"[213.18, 11]","[210.69, 35]","[216.0, 9]","[220.0, 45]",214.59,100,2.82,-0.08
07:32:57,"[212.53, 47]","[210.77, 48]","[215.58, 12]","[220.0, 60]",214.06,167,3.05,0.14
07:32:58,"[211.6, 40]","[210.68, 22]","[220.3, 20]","[245.17, 30]",215.95,112,8.7,0.11
07:32:59,"[211.0, 32]","[210.0, 7]","[223.0, 21]","[283.91, 11]",217.0,71,12.0,0.1
07:33:00,"[211.0, 22]","[210.0, 9]","[215.42, 19]","[226.38, 26]",213.21,76,4.42,-0.18
07:33:01,"[211.0, 16]","[210.0, 8]","[213.25, 16]","[219.4, 20]",212.12,60,2.25,-0.2
07:33:02,"[210.84, 19]","[208.42, 38]","[212.55, 22]","[215.26, 19]",211.69,98,1.7,0.16
07:33:03,"[208.31, 32]","[207.94, 53]","[214.75, 16]","[270.14, 14]",211.53,115,6.44,0.48
07:33:04,"[208.0, 56]","[207.0, 7]","[215.0, 14]","[243.06, 17]",211.5,94,7.0,0.34
07:33:05,"[208.62, 48]","[207.75, 24]","[212.25, 24]","[218.38, 26]",210.44,122,3.62,0.18
07:33:06,"[208.54, 59]","[206.18, 33]","[211.41, 17]","[212.64, 22]",209.98,131,2.87,0.4
07:33:07,"[206.67, 36]","[205.6, 30]","[215.0, 20]","[216.0, 10]",210.83,96,8.33,0.38
07:33:08,"[208.79, 76]","[206.96, 75]","[214.47, 38]","[215.31, 29]",211.63,218,5.68,0.39
07:33:09,"[209.0, 60]","[206.82, 39]","[214.27, 30]","[215.39, 23]",211.63,152,5.27,0.3
07:33:10,"[207.42, 52]","[206.87, 30]","[216.12, 32]","[219.16, 25]",211.77,139,8.7,0.18
07:33:11,"[211.92, 48]","[208.0, 24]","[217.0, 36]","[220.0, 36]",214.46,144,5.08,0.0
07:33:12,"[213.73, 60]","[209.4, 30]","[217.0, 45]","[220.0, 45]",215.37,180,3.27,0.0
07:33:13,"[215.14, 42]","[210.6, 30]","[218.12, 24]","[260.47, 32]",216.63,128,2.98,0.12
07:33:14,"[218.0, 72]","[215.0, 48]","[220.0, 36]","[510.0, 24]",219.0,180,2.0,0.33
07:33:15,"[218.0, 36]","[215.0, 24]","[220.0, 18]","[437.67, 9]",219.0,87,2.0,0.38
07:33:16,"[218.0, 60]","[215.6, 50]","[220.0, 30]","[432.84, 19]",219.0,159,2.0,0.38
07:33:17,"[218.0, 48]","[216.0, 48]","[220.0, 24]","[338.12, 16]",219.0,136,2.0,0.41
07:33:18,"[218.0, 40]","[216.0, 54]","[220.0, 27]","[496.71, 14]",219.0,135,2.0,0.39
07:33:19,"[218.0, 33]","[216.0, 66]","[220.0, 33]","[310.72, 29]",219.0,161,2.0,0.23
07:33:20,"[218.0, 27]","[216.0, 54]","[220.0, 27]","[360.91, 23]",219.0,131,2.0,0.24
07:33:21,"[216.0, 60]","[215.0, 40]","[220.0, 30]","[313.25, 20]",218.0,150,4.0,0.33
07:33:22,"[216.43, 74]","[215.35, 68]","[386.17, 36]","[497.43, 23]",301.3,201,169.73,0.41
07:33:23,"[220.0, 15]","[216.09, 68]","[434.12, 16]","[471.82, 28]",327.06,127,214.12,0.31
07:33:24,"[220.0, 9]","[216.0, 54]","[324.28, 36]","[332.88, 16]",272.14,115,104.28,0.1
07:33:25,"[216.35, 52]","[215.21, 66]","[293.09, 57]","[303.62, 71]",254.72,246,76.74,-0.04
07:33:26,"[221.0, 12]","[216.0, 12]","[262.96, 54]","[302.54, 35]",241.98,113,41.96,-0.58
07:33:27,"[221.0, 6]","[216.0, 6]","[239.0, 30]","[409.1, 21]",230.0,63,18.0,-0.62
07:33:28,"[215.46, 39]","[214.29, 21]","[238.33, 60]","[371.83, 29]",226.9,149,22.87,-0.19
07:33:29,"[215.0, 44]","[214.0, 22]","[237.0, 55]","[258.91, 22]",226.0,143,22.0,-0.08
07:33:30,"[214.23, 26]","[212.46, 52]","[237.0, 80]","[374.67, 43]",225.62,201,22.77,-0.22
07:33:31,"[215.0, 40]","[214.0, 28]","[236.36, 70]","[415.6, 45]",225.68,183,21.36,-0.26
07:33:32,"[217.35, 51]","[214.58, 19]","[236.0, 50]","[365.1, 30]",226.68,150,18.65,-0.07
07:33:33,"[219.0, 102]","[218.0, 12]","[235.0, 60]","[377.69, 39]",227.0,213,16.0,0.07
07:33:34,"[219.0, 49]","[218.0, 7]","[234.0, 35]","[269.75, 16]",226.5,107,15.0,0.05
07:33:35,"[219.0, 43]","[218.0, 10]","[234.0, 50]","[270.12, 43]",226.5,146,15.0,-0.27
07:33:36,"[218.05, 21]","[215.14, 14]","[234.0, 45]","[254.0, 36]",226.02,116,15.95,-0.4
07:33:37,"[215.0, 7]","[214.0, 14]","[234.0, 35]","[375.5, 20]",224.5,76,19.0,-0.45
07:33:38,"[215.98, 81]","[215.51, 43]","[234.0, 55]","[439.9, 40]",224.99,219,18.02,0.13
07:33:39,"[217.0, 12]","[216.0, 180]","[227.5, 20]","[245.04, 56]",222.25,268,10.5,0.43
07:33:40,"[217.0, 10]","[216.0, 154]","[220.0, 21]","[230.96, 24]",218.5,209,3.0,0.57
07:33:41,"[216.27, 44]","[215.85, 226]","[219.08, 38]","[220.33, 24]",217.68,332,2.81,0.63
07:33:42,"[216.0, 96]","[215.0, 102]","[219.0, 12]","[231.09, 11]",217.5,221,3.0,0.79
07:33:43,"[216.0, 132]","[215.0, 204]","[218.83, 24]","[222.53, 15]",217.42,375,2.83,0.79
07:33:44,"[216.0, 66]","[215.0, 221]","[217.38, 26]","[220.0, 20]",216.69,333,1.38,0.72
07:33:45,"[216.0, 30]","[215.0, 153]","[218.2, 15]","[358.0, 12]",217.1,210,2.2,0.74
07:33:46,"[216.0, 20]","[215.0, 170]","[222.69, 13]","[430.16, 19]",219.35,222,6.69,0.71
07:33:47,"[216.0, 26]","[215.0, 221]","[221.29, 56]","[313.76, 17]",218.64,320,5.29,0.54
07:33:48,"[216.0, 18]","[215.0, 153]","[220.0, 36]","[222.67, 9]",218.0,216,4.0,0.58
07:33:49,"[214.7, 142]","[213.08, 122]","[218.72, 72]","[224.61, 18]",216.71,354,4.02,0.49
07:33:50,"[214.04, 81]","[212.52, 104]","[216.71, 84]","[223.52, 21]",215.38,290,2.68,0.28
07:33:51,"[216.44, 36]","[211.48, 42]","[218.27, 15]","[277.07, 30]",217.36,123,1.82,0.27
07:33:52,"[220.0, 44]","[212.38, 42]","[221.07, 29]","[243.27, 15]",220.53,130,1.07,0.32
07:33:53,"[220.0, 34]","[219.0, 24]","[221.0, 36]","[223.0, 12]",220.5,106,1.0,0.09
07:33:54,"[219.4, 10]","[217.2, 10]","[221.44, 9]","[237.67, 6]",220.42,35,2.04,0.14
07:33:55,"[218.88, 25]","[215.2, 30]","[220.85, 13]","[223.69, 13]",219.86,81,1.97,0.36
07:33:56,"[216.0, 11]","[212.0, 66]","[218.6, 20]","[220.92, 13]",217.3,110,2.6,0.4
07:33:57,"[213.82, 11]","[211.94, 32]","[217.0, 18]","[219.09, 11]",215.41,72,3.18,0.19
07:33:58,"[213.0, 62]","[212.0, 78]","[215.95, 21]","[217.52, 23]",214.48,184,2.95,0.52
07:33:59,"[213.0, 24]","[212.0, 48]","[217.0, 24]","[222.0, 8]",215.0,104,4.0,0.38
07:34:00,"[214.23, 39]","[212.0, 78]","[218.08, 39]","[220.11, 27]",216.15,183,3.85,0.28
07:34:01,"[214.08, 39]","[211.93, 56]","[217.45, 33]","[220.31, 29]",215.77,157,3.38,0.21
07:34:02,"[211.83, 46]","[207.87, 15]","[219.46, 13]","[220.43, 23]",215.64,97,7.64,0.26
07:34:03,"[210.95, 44]","[209.73, 30]","[218.29, 17]","[220.02, 43]",214.62,134,7.34,0.1
07:34:04,"[210.47, 17]","[206.14, 14]","[216.97, 31]","[217.77, 13]",213.72,75,6.5,-0.17
07:34:05,"[211.0, 36]","[210.0, 9]","[214.2, 25]","[216.27, 11]",212.6,81,3.2,0.11
07:34:06,"[211.4, 30]","[206.78, 18]","[213.31, 29]","[214.18, 33]",212.36,110,1.91,-0.13
07:34:07,"[210.0, 15]","[204.05, 132]","[212.33, 30]","[214.0, 45]",211.17,222,2.33,0.32
07:34:08,"[204.52, 23]","[202.17, 69]","[212.8, 25]","[220.38, 48]",208.66,165,8.28,0.12
07:34:09,"[204.0, 45]","[202.0, 135]","[212.39, 31]","[216.92, 53]",208.19,264,8.39,0.36
07:34:10,"[204.0, 51]","[200.61, 89]","[209.66, 41]","[210.43, 21]",206.83,202,5.66,0.39
07:34:11,"[204.0, 42]","[202.57, 49]","[208.0, 26]","[212.22, 49]",206.0,166,4.0,0.1
07:34:12,"[202.71, 42]","[169.85, 39]","[207.61, 18]","[209.5, 24]",205.16,123,4.9,0.32
07:34:13,"[202.0, 39]","[133.15, 52]","[207.12, 16]","[208.95, 19]",204.56,126,5.12,0.44
07:34:14,"[202.0, 24]","[87.0, 32]","[208.54, 13]","[209.95, 22]",205.27,91,6.54,0.23
07:34:15,"[202.8, 25]","[141.27, 26]","[208.8, 30]","[210.76, 34]",205.8,115,6.0,-0.11
07:34:16,"[204.0, 16]","[200.0, 24]","[210.0, 24]","[211.0, 40]",207.0,104,6.0,-0.23
07:34:17,"[204.0, 24]","[200.0, 36]","[210.71, 34]","[212.12, 48]",207.35,142,6.71,-0.15
07:34:18,"[204.0, 18]","[200.0, 27]","[212.0, 21]","[213.0, 36]",208.0,102,8.0,-0.12
07:34:19,"[204.25, 8]","[201.23, 13]","[212.0, 25]","[213.0, 20]",208.12,66,7.75,-0.36
07:34:20,"[207.8, 40]","[206.68, 44]","[212.24, 78]","[216.21, 58]",210.02,220,4.44,-0.24
07:34:21,"[211.3, 10]","[209.06, 36]","[213.0, 64]","[254.79, 19]",212.15,129,1.7,-0.29
07:34:22,"[211.33, 15]","[208.19, 42]","[228.43, 70]","[294.13, 46]",219.88,173,17.1,-0.34
07:34:23,"[214.36, 14]","[193.45, 20]","[271.52, 60]","[414.48, 25]",242.94,119,57.16,-0.43
07:34:24,"[211.0, 10]","[162.6, 10]","[254.14, 14]","[302.2, 15]",232.57,49,43.14,-0.18
07:34:25,"[211.71, 28]","[207.41, 41]","[213.0, 13]","[443.75, 16]",212.36,98,1.29,0.41
07:34:26,"[212.0, 48]","[210.33, 12]","[535.39, 18]","[644.73, 15]",373.69,93,323.39,0.29
07:34:27,"[212.9, 29]","[208.39, 31]","[432.47, 17]","[447.63, 19]",322.68,96,219.57,0.25
07:34:28,"[210.0, 12]","[208.0, 60]","[402.62, 16]","[403.8, 20]",306.31,108,192.62,0.33
07:34:29,"[217.88, 16]","[208.82, 17]","[397.0, 11]","[398.38, 13]",307.44,57,179.12,0.16
07:34:30,"[215.48, 21]","[208.82, 17]","[311.45, 11]","[394.18, 11]",263.47,60,95.98,0.27
07:34:31,"[211.49, 74]","[210.84, 50]","[217.59, 22]","[230.27, 15]",214.54,161,6.1,0.54
07:34:32,"[211.02, 51]","[210.41, 17]","[214.0, 13]","[215.12, 16]",212.51,97,2.98,0.4
07:34:33,"[210.87, 15]","[208.82, 17]","[212.46, 13]","[235.69, 26]",211.66,71,1.59,-0.1
07:34:34,"[211.0, 52]","[210.0, 7]","[212.0, 14]","[252.0, 35]",211.5,108,1.0,0.09
07:34:35,"[211.0, 85]","[208.11, 53]","[256.0, 18]","[350.44, 55]",233.5,211,45.0,0.31
07:34:36,"[211.76, 37]","[209.47, 49]","[360.0, 9]","[595.09, 22]",285.88,117,148.24,0.47
07:34:37,"[215.0, 2]","[211.0, 12]","[360.0, 2]","[552.0, 10]",287.5,26,145.0,0.08
07:34:38,"[215.0, 5]","[211.0, 30]","[337.6, 5]","[552.0, 25]",276.3,65,122.6,0.08
07:34:39,"[215.0, 7]","[211.05, 38]","[274.86, 7]","[552.0, 35]",244.93,87,59.86,0.03
07:34:40,"[215.0, 9]","[211.09, 46]","[319.0, 9]","[618.35, 37]",267.0,101,104.0,0.09
07:34:41,"[218.0, 50]","[215.0, 10]","[320.0, 10]","[610.09, 34]",269.0,104,102.0,0.15
07:34:42,"[218.0, 40]","[215.0, 9]","[380.33, 9]","[620.96, 25]",299.17,83,162.33,0.18
07:34:43,"[218.16, 43]","[215.92, 13]","[336.73, 15]","[566.03, 31]",277.45,102,118.57,0.1
07:34:44,"[219.0, 77]","[218.0, 44]","[286.88, 16]","[471.08, 25]",252.94,162,67.88,0.49
07:34:45,"[219.0, 77]","[217.55, 33]","[248.58, 12]","[252.91, 23]",233.79,145,29.58,0.52
07:34:46,"[219.0, 84]","[217.06, 35]","[247.21, 14]","[449.32, 31]",233.11,164,28.21,0.45
07:34:47,"[219.0, 60]","[218.0, 80]","[246.0, 10]","[394.04, 25]",232.5,175,27.0,0.6
07:34:48,"[219.0, 48]","[218.0, 104]","[241.92, 13]","[245.54, 13]",230.46,178,22.92,0.71
07:34:49,"[219.0, 10]","[218.0, 80]","[233.2, 10]","[236.6, 10]",226.1,110,14.2,0.64
07:34:50,"[219.0, 11]","[218.0, 95]","[230.18, 11]","[231.64, 11]",224.59,128,11.18,0.66
07:34:51,"[219.0, 7]","[218.0, 105]","[227.29, 7]","[228.86, 7]",223.14,126,8.29,0.78
07:34:52,"[218.18, 40]","[217.76, 114]","[225.0, 10]","[226.1, 10]",221.59,174,6.82,0.77
07:34:53,"[218.0, 143]","[215.0, 39]","[221.86, 21]","[223.38, 13]",219.93,216,3.86,0.69
07:34:54,"[218.0, 119]","[215.0, 36]","[220.66, 38]","[221.62, 13]",219.33,206,2.66,0.5
07:34:55,"[218.0, 99]","[215.0, 33]","[219.0, 24]","[223.0, 11]",218.5,167,1.0,0.58
07:34:56,"[218.0, 68]","[215.0, 30]","[219.0, 18]","[222.08, 38]",218.5,154,1.0,0.27
07:34:57,"[218.0, 38]","[215.0, 27]","[219.0, 9]","[264.33, 45]",218.5,119,1.0,0.09
07:34:58,"[218.0, 32]","[215.5, 30]","[219.0, 8]","[451.5, 16]",218.5,86,1.0,0.44
07:34:59,"[218.0, 35]","[216.0, 55]","[219.0, 11]","[390.0, 36]",218.5,137,1.0,0.31
07:35:00,"[216.23, 26]","[215.5, 30]","[219.0, 8]","[246.0, 16]",217.62,80,2.77,0.4
07:35:01,"[215.89, 28]","[214.77, 44]","[217.32, 34]","[231.06, 18]",216.61,124,1.43,0.16
07:35:02,"[215.43, 21]","[214.15, 47]","[217.39, 31]","[386.77, 22]",216.41,121,1.96,0.12
07:35:03,"[215.0, 40]","[213.0, 55]","[219.55, 11]","[308.5, 14]",217.27,120,4.55,0.58
07:35:04,"[215.08, 61]","[212.34, 58]","[218.75, 16]","[219.86, 14]",216.92,149,3.67,0.6
07:35:05,"[219.49, 55]","[217.26, 39]","[229.16, 32]","[272.33, 24]",224.32,150,9.67,0.25
07:35:06,"[221.0, 35]","[218.0, 70]","[232.0, 20]","[245.4, 25]",226.5,150,11.0,0.4
07:35:07,"[221.0, 36]","[218.0, 84]","[231.25, 24]","[249.0, 12]",226.12,156,10.25,0.54
07:35:08,"[219.8, 45]","[217.95, 66]","[222.72, 39]","[224.76, 50]",221.26,200,2.92,0.11
07:35:09,"[218.0, 66]","[217.0, 11]","[221.91, 33]","[226.0, 55]",219.95,165,3.91,-0.07
07:35:10,"[218.0, 60]","[217.0, 10]","[220.6, 30]","[228.3, 50]",219.3,150,2.6,-0.07
07:35:11,"[216.93, 29]","[214.89, 109]","[218.36, 28]","[228.6, 68]",217.64,234,1.43,0.18
07:35:12,"[215.0, 63]","[211.86, 58]","[218.0, 18]","[228.11, 45]",216.5,184,3.0,0.32
07:35:13,"[215.0, 91]","[212.0, 104]","[216.31, 26]","[226.77, 65]",215.65,286,1.31,0.36
07:35:14,"[217.53, 38]","[212.2, 60]","[221.56, 27]","[226.45, 33]",219.54,158,4.03,0.24
07:35:15,"[219.0, 84]","[214.0, 14]","[226.0, 35]","[378.69, 13]",222.5,146,7.0,0.34
07:35:16,"[219.0, 72]","[215.0, 8]","[225.78, 27]","[336.0, 15]",222.39,122,6.78,0.31
07:35:17,"[219.0, 108]","[216.0, 9]","[222.21, 39]","[225.69, 39]",220.6,195,3.21,0.2
07:35:18,"[219.0, 94]","[216.92, 38]","[222.0, 70]","[226.0, 50]",220.5,252,3.0,0.05
07:35:19,"[219.0, 64]","[216.0, 8]","[221.91, 54]","[225.78, 37]",220.45,163,2.91,-0.12
07:35:20,"[219.0, 72]","[216.73, 11]","[220.44, 45]","[222.0, 18]",219.72,146,1.44,0.14
07:35:21,"[219.0, 36]","[218.0, 18]","[220.0, 45]","[224.86, 42]",219.5,141,1.0,-0.23
07:35:22,"[218.55, 22]","[217.09, 11]","[222.5, 40]","[225.25, 40]",220.52,113,3.95,-0.42
07:35:23,"[218.0, 14]","[216.45, 11]","[223.87, 23]","[225.14, 35]",220.93,83,5.87,-0.4
07:35:24,"[218.0, 24]","[217.0, 60]","[222.06, 32]","[223.5, 20]",220.03,136,4.06,0.24
07:35:25,"[217.28, 50]","[216.06, 51]","[219.61, 23]","[220.86, 21]",218.44,145,2.33,0.39
07:35:26,"[217.0, 15]","[215.0, 20]","[218.47, 15]","[220.33, 15]",217.73,65,1.47,0.08
07:35:27,"[216.0, 8]","[214.78, 9]","[222.25, 12]","[224.25, 40]",219.12,69,6.25,-0.51
07:35:28,"[220.59, 49]","[215.56, 9]","[224.0, 45]","[226.0, 45]",222.3,148,3.41,-0.22
07:35:29,"[221.0, 77]","[216.0, 13]","[224.0, 65]","[226.0, 65]",222.5,220,3.0,-0.18
07:35:30,"[221.0, 30]","[216.0, 6]","[224.0, 30]","[226.0, 30]",222.5,96,3.0,-0.25
07:35:31,"[221.0, 55]","[216.45, 11]","[224.0, 55]","[226.0, 55]",222.5,176,3.0,-0.25
07:35:32,"[221.0, 8]","[217.0, 8]","[223.5, 40]","[225.25, 40]",222.25,96,2.5,-0.67
07:35:33,"[212.81, 86]","[211.56, 72]","[221.56, 90]","[226.83, 90]",217.18,338,8.74,-0.07
07:35:34,"[215.62, 32]","[214.52, 31]","[221.0, 35]","[227.0, 35]",218.31,133,5.38,-0.05
07:35:35,"[216.0, 60]","[214.5, 48]","[219.58, 60]","[227.0, 95]",217.79,263,3.58,-0.18
07:35:36,"[215.0, 40]","[211.88, 32]","[219.5, 40]","[234.94, 62]",217.25,174,4.5,-0.17
07:35:37,"[212.0, 80]","[210.0, 16]","[226.0, 45]","[248.36, 33]",219.0,174,14.0,0.1
07:35:38,"[212.0, 140]","[210.0, 28]","[224.48, 48]","[237.75, 69]",218.24,285,12.48,0.18
07:35:39,"[212.0, 102]","[210.0, 22]","[223.29, 21]","[224.12, 51]",217.64,196,11.29,0.27
07:35:40,"[212.0, 56]","[210.0, 16]","[221.43, 21]","[222.67, 36]",216.71,129,9.43,0.12
07:35:41,"[212.0, 46]","[210.0, 30]","[219.67, 30]","[221.36, 55]",215.83,161,7.67,-0.06
07:35:42,"[212.0, 27]","[210.0, 18]","[218.73, 15]","[220.58, 31]",215.37,91,6.73,-0.01
07:35:43,"[212.0, 27]","[210.0, 18]","[222.31, 29]","[221.78, 27]",217.16,101,10.31,-0.11
07:35:44,"[212.0, 12]","[210.0, 8]","[223.0, 20]","[224.0, 12]",217.5,52,11.0,-0.23
07:35:45,"[212.0, 36]","[210.0, 24]","[222.88, 40]","[223.75, 40]",217.44,140,10.88,-0.14
07:35:46,"[212.0, 45]","[209.27, 30]","[221.48, 25]","[222.87, 45]",216.74,145,9.48,0.03
07:35:47,"[215.72, 39]","[208.29, 14]","[220.0, 13]","[221.0, 72]",217.86,138,4.28,-0.23
07:35:48,"[218.0, 58]","[210.73, 11]","[220.91, 46]","[255.46, 52]",219.46,167,2.91,-0.17
07:35:49,"[214.23, 13]","[210.18, 17]","[221.0, 57]","[282.55, 22]",217.62,109,6.77,-0.45
07:35:50,"[211.0, 6]","[210.0, 12]","[221.0, 18]","[274.0, 18]",216.0,54,10.0,-0.33
07:35:51,"[211.0, 7]","[210.0, 14]","[221.0, 39]","[350.0, 18]",216.0,78,10.0,-0.46
07:35:52,"[211.0, 7]","[210.0, 8]","[221.0, 24]","[435.0, 16]",216.0,55,10.0,-0.45
07:35:53,"[210.33, 6]","[209.43, 7]","[221.0, 24]","[256.0, 8]",215.67,45,10.67,-0.42
07:35:54,"[208.38, 8]","[207.12, 8]","[221.0, 48]","[350.4, 20]",214.69,84,12.62,-0.62
07:35:55,"[209.57, 7]","[208.09, 11]","[221.0, 42]","[348.14, 28]",215.29,88,11.43,-0.59
07:35:56,"[210.0, 9]","[209.0, 9]","[220.43, 42]","[255.39, 46]",215.21,106,10.43,-0.66
07:35:57,"[212.75, 24]","[210.94, 17]","[218.93, 60]","[221.0, 81]",215.84,182,6.18,-0.55
07:35:58,"[213.37, 19]","[210.29, 34]","[217.93, 59]","[220.93, 40]",215.65,152,4.56,-0.3
07:35:59,"[213.74, 23]","[211.05, 19]","[217.0, 52]","[218.85, 13]",215.37,107,3.26,-0.21
07:36:00,"[214.96, 46]","[213.93, 27]","[217.0, 56]","[219.0, 14]",215.98,143,2.04,0.02
07:36:01,"[214.2, 25]","[209.59, 34]","[216.0, 15]","[218.11, 18]",215.1,92,1.8,0.28
07:36:02,"[209.54, 37]","[208.35, 17]","[214.11, 19]","[217.85, 13]",211.82,86,4.56,0.26
07:36:03,"[209.0, 45]","[208.0, 15]","[210.85, 39]","[212.43, 21]",209.92,120,1.85,0.0
07:36:04,"[208.21, 14]","[206.02, 94]","[211.57, 14]","[219.36, 22]",209.89,144,3.36,0.5
07:36:05,"[208.0, 13]","[206.0, 91]","[211.02, 61]","[213.6, 15]",209.51,180,3.02,0.16
07:36:06,"[208.0, 9]","[206.0, 63]","[210.36, 33]","[210.57, 21]",209.18,126,2.36,0.14
07:36:07,"[208.0, 17]","[206.1, 41]","[209.07, 30]","[212.95, 59]",208.53,147,1.07,-0.21
07:36:08,"[209.09, 66]","[207.79, 48]","[213.83, 18]","[215.5, 12]",211.46,144,4.74,0.58
07:36:09,"[210.11, 63]","[208.0, 54]","[213.67, 9]","[216.94, 17]",211.89,143,3.56,0.64
07:36:10,"[211.03, 62]","[207.06, 96]","[216.0, 11]","[219.0, 55]",213.52,224,4.97,0.41
07:36:11,"[212.92, 24]","[206.0, 132]","[215.05, 42]","[216.94, 32]",213.98,230,2.13,0.36
07:36:12,"[213.58, 24]","[206.0, 96]","[215.0, 48]","[216.0, 38]",214.29,206,1.42,0.17
07:36:13,"[206.62, 74]","[205.28, 114]","[215.0, 36]","[216.0, 39]",210.81,263,8.38,0.43
07:36:14,"[205.0, 119]","[201.0, 7]","[215.0, 14]","[216.0, 21]",210.0,161,10.0,0.57
07:36:15,"[206.03, 70]","[204.94, 124]","[214.36, 28]","[215.45, 33]",210.19,255,8.33,0.52
07:36:16,"[207.0, 18]","[205.0, 90]","[214.0, 17]","[215.0, 20]",210.5,145,7.0,0.49
07:36:17,"[205.5, 24]","[204.79, 68]","[215.5, 16]","[216.5, 32]",210.5,140,10.0,0.31
07:36:18,"[205.0, 72]","[204.0, 54]","[216.0, 24]","[217.0, 48]",210.5,198,11.0,0.27
07:36:19,"[205.0, 72]","[204.0, 48]","[216.0, 24]","[217.0, 48]",210.5,192,11.0,0.25
07:36:20,"[205.0, 72]","[204.0, 48]","[215.43, 35]","[216.77, 39]",210.21,194,10.43,0.24
07:36:21,"[205.39, 87]","[204.69, 117]","[213.0, 40]","[214.84, 124]",209.2,368,7.61,0.11
07:36:22,"[206.07, 217]","[205.41, 170]","[213.0, 32]","[214.0, 95]",209.54,514,6.93,0.51
07:36:23,"[206.19, 172]","[204.95, 130]","[212.15, 82]","[213.57, 94]",209.17,478,5.96,0.26
07:36:24,"[207.92, 130]","[204.34, 71]","[211.52, 66]","[213.35, 92]",209.72,359,3.59,0.12
07:36:25,"[208.0, 32]","[204.0, 72]","[210.71, 28]","[212.54, 35]",209.36,167,2.71,0.25
07:36:26,"[208.06, 64]","[205.23, 78]","[211.75, 32]","[213.62, 32]",209.91,206,3.69,0.38
07:36:27,"[207.71, 153]","[203.74, 114]","[211.52, 61]","[213.85, 61]",209.62,389,3.82,0.37
07:36:28,"[203.0, 135]","[202.0, 90]","[208.85, 66]","[212.95, 77]",205.92,368,5.85,0.22
07:36:29,"[202.94, 101]","[201.87, 69]","[204.0, 24]","[209.0, 60]",203.47,254,1.06,0.34
07:36:30,"[203.0, 40]","[201.62, 48]","[204.0, 16]","[207.07, 28]",203.5,132,1.0,0.33
07:36:31,"[203.0, 60]","[201.0, 72]","[204.0, 12]","[206.0, 36]",203.5,180,1.0,0.47
07:36:32,"[203.0, 50]","[200.71, 35]","[208.89, 46]","[212.06, 34]",205.95,165,5.89,0.03
07:36:33,"[203.0, 25]","[199.0, 5]","[209.0, 25]","[212.0, 15]",206.0,70,6.0,-0.14
07:36:34,"[203.0, 40]","[200.54, 13]","[208.81, 32]","[210.93, 28]",205.91,113,5.81,-0.06
07:36:35,"[203.0, 25]","[201.0, 10]","[208.56, 9]","[209.39, 23]",205.78,67,5.56,0.04
07:36:36,"[203.0, 40]","[201.0, 16]","[209.0, 40]","[212.0, 24]",206.0,120,6.0,-0.07
07:36:37,"[203.0, 35]","[201.0, 14]","[209.0, 35]","[212.0, 21]",206.0,105,6.0,-0.07
07:36:38,"[203.34, 50]","[201.79, 24]","[209.86, 35]","[213.25, 40]",206.6,149,6.52,-0.01
07:36:39,"[205.2, 70]","[204.0, 30]","[212.0, 20]","[213.0, 50]",208.6,170,6.8,0.18
07:36:40,"[206.43, 72]","[205.56, 68]","[210.11, 74]","[212.15, 68]",208.27,282,3.68,-0.01
07:36:41,"[208.93, 59]","[206.02, 41]","[210.16, 57]","[211.7, 69]",209.55,226,1.23,-0.12
07:36:42,"[209.0, 45]","[202.92, 51]","[211.0, 45]","[212.0, 75]",210.0,216,2.0,-0.11
07:36:43,"[209.42, 36]","[201.16, 57]","[211.0, 36]","[212.0, 60]",210.21,189,1.58,-0.02
07:36:44,"[210.62, 39]","[201.0, 58]","[211.9, 61]","[215.59, 49]",211.26,207,1.29,-0.06
07:36:45,"[208.5, 16]","[200.11, 36]","[212.0, 40]","[216.0, 40]",210.25,132,3.5,-0.21
07:36:46,"[200.33, 24]","[199.76, 68]","[211.55, 20]","[214.19, 32]",205.94,144,11.22,0.28
07:36:47,"[202.0, 60]","[199.6, 86]","[210.33, 15]","[212.55, 55]",206.17,216,8.33,0.35
07:36:48,"[200.96, 50]","[199.65, 34]","[207.7, 10]","[212.0, 50]",204.33,144,6.74,0.17
07:36:49,"[200.0, 77]","[197.57, 14]","[206.0, 11]","[212.0, 55]",203.0,157,6.0,0.16
07:36:50,"[200.0, 70]","[197.0, 20]","[206.0, 10]","[211.9, 50]",203.0,150,6.0,0.2
07:36:51,"[200.0, 98]","[197.17, 24]","[206.0, 14]","[209.0, 56]",203.0,192,6.0,0.27
07:36:52,"[200.0, 70]","[198.0, 10]","[206.92, 13]","[209.08, 39]",203.46,132,6.92,0.21
07:36:53,"[200.14, 57]","[199.6, 35]","[209.0, 44]","[210.0, 33]",204.57,169,8.86,0.09
07:36:54,"[201.0, 16]","[200.0, 26]","[209.0, 29]","[210.0, 24]",205.0,95,8.0,-0.12
07:36:55,"[201.0, 16]","[200.0, 16]","[204.71, 14]","[209.5, 12]",202.86,58,3.71,0.1
07:36:56,"[201.8, 30]","[200.0, 30]","[204.0, 30]","[209.0, 15]",202.9,105,2.2,0.14
07:36:57,"[200.13, 23]","[198.41, 17]","[204.52, 21]","[209.84, 25]",202.33,86,4.39,-0.07
07:36:58,"[199.0, 30]","[197.0, 60]","[202.0, 40]","[209.0, 30]",200.5,160,3.0,0.12
07:36:59,"[199.0, 21]","[197.0, 42]","[202.0, 28]","[209.0, 42]",200.5,133,3.0,-0.05
07:37:00,"[199.0, 27]","[197.0, 90]","[202.0, 52]","[208.61, 69]",200.5,238,3.0,-0.02
07:37:01,"[198.7, 23]","[197.07, 43]","[202.0, 58]","[206.0, 48]",200.35,172,3.3,-0.23
07:37:02,"[199.7, 37]","[198.89, 65]","[202.0, 29]","[206.0, 52]",200.85,183,2.3,0.11
07:37:03,"[197.12, 50]","[195.37, 81]","[204.65, 17]","[207.08, 50]",200.88,198,7.53,0.32
07:37:04,"[196.0, 54]","[195.0, 99]","[207.0, 27]","[209.0, 54]",201.5,234,11.0,0.31
07:37:05,"[196.51, 110]","[195.2, 123]","[209.0, 52]","[210.0, 104]",202.75,389,12.49,0.2
07:37:06,"[198.18, 154]","[197.25, 146]","[209.0, 44]","[210.0, 88]",203.59,432,10.82,0.39
07:37:07,"[203.89, 212]","[199.41, 99]","[209.56, 86]","[210.76, 118]",206.72,515,5.67,0.21
07:37:08,"[201.59, 220]","[200.0, 134]","[210.0, 144]","[213.0, 90]",205.79,588,8.41,0.2
07:37:09,"[202.69, 176]","[200.96, 112]","[210.0, 119]","[213.0, 80]",206.34,487,7.31,0.18
07:37:10,"[203.69, 143]","[201.0, 120]","[210.0, 130]","[213.0, 65]",206.85,458,6.31,0.15
07:37:11,"[204.9, 110]","[201.0, 80]","[210.0, 30]","[213.0, 50]",207.45,270,5.1,0.41
07:37:12,"[205.6, 110]","[196.58, 212]","[210.0, 30]","[213.0, 50]",207.8,402,4.4,0.6
07:37:13,"[203.83, 58]","[196.04, 211]","[209.17, 29]","[212.23, 47]",206.5,345,5.34,0.56
07:37:14,"[197.87, 62]","[196.24, 153]","[210.0, 30]","[213.8, 50]",203.94,295,12.13,0.46
07:37:15,"[198.57, 159]","[197.86, 187]","[210.2, 41]","[222.39, 56]",204.38,443,11.63,0.56
07:37:16,"[199.51, 164]","[198.24, 118]","[212.5, 54]","[485.33, 57]",206.01,393,12.99,0.44
07:37:17,"[204.06, 143]","[202.38, 169]","[220.59, 71]","[556.86, 71]",212.32,454,16.54,0.37
07:37:18,"[211.64, 39]","[210.68, 59]","[374.06, 34]","[562.0, 50]",292.85,182,162.42,0.08
07:37:19,"[213.07, 40]","[212.0, 24]","[522.0, 36]","[569.75, 60]",367.54,160,308.93,-0.2
07:37:20,"[214.0, 19]","[212.0, 22]","[521.0, 33]","[573.27, 55]",367.5,129,307.0,-0.36
07:37:21,"[210.86, 28]","[208.96, 92]","[481.0, 41]","[550.07, 56]",345.93,217,270.14,0.11
07:37:22,"[211.74, 46]","[208.34, 118]","[400.72, 47]","[403.7, 56]",306.23,267,188.98,0.23
07:37:23,"[210.0, 15]","[208.0, 70]","[397.0, 18]","[398.06, 18]",303.5,121,187.0,0.4
07:37:24,"[210.44, 16]","[208.67, 63]","[394.45, 31]","[396.77, 39]",302.44,149,184.01,0.06
07:37:25,"[211.0, 9]","[210.0, 27]","[368.81, 43]","[386.68, 38]",289.91,117,157.81,-0.38
07:37:26,"[212.43, 21]","[211.0, 36]","[367.72, 58]","[371.62, 65]",290.08,180,155.3,-0.37
07:37:27,"[212.08, 12]","[210.85, 26]","[365.13, 39]","[366.27, 45]",288.61,122,153.04,-0.38
07:37:28,"[212.0, 9]","[211.0, 18]","[362.56, 27]","[398.8, 35]",287.28,89,150.56,-0.39
07:37:29,"[216.74, 19]","[212.2, 20]","[354.15, 39]","[358.85, 39]",285.45,117,137.42,-0.33
07:37:30,"[220.0, 21]","[218.0, 7]","[336.71, 21]","[348.43, 21]",278.36,70,116.71,-0.2
07:37:31,"[218.45, 31]","[215.33, 9]","[334.44, 27]","[337.0, 27]",276.45,94,115.99,-0.15
07:37:32,"[217.0, 47]","[212.0, 12]","[270.73, 40]","[278.81, 52]",243.86,151,53.73,-0.22
07:37:33,"[216.23, 31]","[210.67, 27]","[251.09, 35]","[255.2, 41]",233.66,134,34.86,-0.13
07:37:34,"[211.0, 20]","[210.0, 90]","[246.35, 40]","[261.0, 36]",228.68,186,35.35,0.18
07:37:35,"[211.0, 14]","[210.0, 63]","[222.95, 19]","[228.96, 27]",216.97,123,11.95,0.25
07:37:36,"[210.31, 51]","[209.57, 92]","[221.54, 39]","[223.0, 26]",215.93,208,11.22,0.38
07:37:37,"[210.0, 77]","[208.0, 44]","[219.0, 34]","[220.23, 30]",214.5,185,9.0,0.31
07:37:38,"[210.0, 56]","[208.0, 32]","[215.53, 34]","[217.33, 18]",212.76,140,5.53,0.26
07:37:39,"[210.0, 91]","[208.0, 56]","[213.5, 40]","[214.46, 52]",211.75,239,3.5,0.23
07:37:40,"[210.0, 58]","[208.0, 40]","[211.76, 21]","[213.31, 32]",210.88,151,1.76,0.3
07:37:41,"[209.77, 39]","[208.96, 54]","[212.0, 75]","[213.0, 45]",210.88,213,2.23,-0.13
07:37:42,"[208.0, 48]","[205.73, 56]","[211.29, 58]","[212.46, 46]",209.65,208,3.29,0.0
07:37:43,"[206.45, 58]","[196.36, 56]","[209.15, 39]","[252.24, 41]",207.8,194,2.71,0.18
07:37:44,"[206.0, 79]","[191.0, 56]","[208.0, 42]","[397.19, 52]",207.0,229,2.0,0.18
07:37:45,"[206.0, 84]","[188.1, 41]","[208.35, 68]","[224.55, 73]",207.18,266,2.35,-0.06
07:37:46,"[206.0, 32]","[175.0, 8]","[208.0, 24]","[209.0, 48]",207.0,112,2.0,-0.29
07:37:47,"[206.82, 22]","[204.76, 25]","[208.0, 21]","[209.0, 42]",207.41,110,1.18,-0.15
07:37:48,"[207.25, 32]","[204.94, 35]","[208.94, 51]","[209.73, 22]",208.1,140,1.69,-0.04
07:37:49,"[208.0, 56]","[207.0, 27]","[209.0, 54]","[210.0, 18]",208.5,155,1.0,0.07
07:37:50,"[207.0, 30]","[204.0, 40]","[229.43, 23]","[259.09, 23]",218.22,116,22.43,0.21
07:37:51,"[206.12, 24]","[204.0, 32]","[300.13, 30]","[360.74, 31]",253.13,117,94.01,-0.04
07:37:52,"[206.11, 27]","[204.17, 35]","[268.36, 33]","[300.17, 35]",237.24,130,62.25,-0.05
07:37:53,"[206.0, 21]","[204.0, 28]","[229.0, 25]","[252.43, 28]",217.5,102,23.0,-0.04
07:37:54,"[206.43, 37]","[204.88, 50]","[218.23, 52]","[329.0, 48]",212.33,187,11.8,-0.07
07:37:55,"[208.46, 26]","[206.49, 65]","[215.07, 56]","[363.29, 35]",211.77,182,6.61,0.0
07:37:56,"[209.0, 9]","[207.0, 36]","[214.44, 36]","[297.0, 9]",211.72,90,5.44,0.0
07:37:57,"[209.0, 15]","[207.0, 60]","[213.82, 39]","[236.64, 33]",211.41,147,4.82,0.02
07:37:58,"[209.96, 25]","[205.58, 38]","[213.0, 30]","[354.4, 10]",211.48,103,3.04,0.22
07:37:59,"[210.0, 44]","[204.32, 19]","[212.25, 24]","[222.59, 29]",211.12,116,2.25,0.09
07:38:00,"[210.0, 50]","[206.0, 14]","[211.94, 36]","[217.29, 56]",210.97,156,1.94,-0.18
07:38:01,"[208.57, 14]","[205.26, 27]","[210.0, 12]","[216.85, 39]",209.29,92,1.43,-0.11
07:38:02,"[205.0, 40]","[202.15, 26]","[207.0, 10]","[215.8, 40]",206.0,116,2.0,0.14
07:38:03,"[206.0, 105]","[201.45, 22]","[207.0, 7]","[215.0, 28]",206.5,162,1.0,0.57
07:38:04,"[205.0, 54]","[182.0, 18]","[209.67, 9]","[214.2, 20]",207.33,101,4.67,0.43
07:38:05,"[200.79, 71]","[178.43, 21]","[211.0, 18]","[215.0, 36]",205.89,146,10.21,0.26
07:38:06,"[201.0, 140]","[200.0, 30]","[295.09, 22]","[263.76, 21]",248.05,213,94.09,0.6
07:38:07,"[204.14, 100]","[201.3, 33]","[412.59, 22]","[575.55, 31]",308.37,186,208.45,0.43
07:38:08,"[218.0, 73]","[216.79, 115]","[417.68, 41]","[576.0, 30]",317.84,259,199.68,0.45
07:38:09,"[217.52, 29]","[216.34, 73]","[317.0, 30]","[420.0, 24]",267.26,156,99.48,0.31
07:38:10,"[217.0, 110]","[213.0, 30]","[338.68, 38]","[446.76, 34]",277.84,212,121.68,0.32
07:38:11,"[217.0, 74]","[216.0, 36]","[494.07, 43]","[565.29, 14]",355.53,167,277.07,0.32
07:38:12,"[217.0, 18]","[216.0, 12]","[426.67, 15]","[0, 0]",321.83,45,209.67,0.33
07:38:13,"[217.0, 38]","[216.0, 36]","[294.78, 45]","[0, 0]",255.89,119,77.78,0.24
07:38:14,"[217.0, 10]","[216.0, 20]","[676.6, 25]","[0, 0]",446.8,55,459.6,0.09
07:38:15,"[217.0, 22]","[216.0, 44]","[552.64, 55]","[626.17, 30]",384.82,151,335.64,-0.13
07:38:16,"[217.0, 14]","[216.0, 28]","[221.86, 35]","[357.86, 35]",219.43,112,4.86,-0.25
07:38:17,"[217.0, 24]","[216.0, 48]","[219.75, 60]","[274.0, 60]",218.38,192,2.75,-0.25
07:38:18,"[216.0, 28]","[215.0, 7]","[218.0, 35]","[312.57, 35]",217.0,105,2.0,-0.33
07:38:19,"[215.98, 55]","[214.62, 24]","[217.06, 78]","[294.88, 80]",216.52,237,1.08,-0.33
07:38:20,"[214.28, 25]","[213.88, 67]","[216.83, 29]","[258.67, 42]",215.55,163,2.55,0.13
07:38:21,"[213.75, 63]","[211.78, 18]","[231.61, 31]","[264.59, 37]",222.68,149,17.87,0.09
07:38:22,"[211.25, 24]","[209.0, 30]","[359.13, 39]","[463.82, 51]",285.19,144,147.88,-0.25
07:38:23,"[215.31, 13]","[211.26, 46]","[401.31, 35]","[427.28, 29]",308.31,123,186.01,-0.04
07:38:24,"[218.0, 12]","[212.0, 84]","[283.0, 36]","[284.0, 24]",250.5,156,65.0,0.23
07:38:25,"[213.2, 25]","[211.78, 45]","[281.9, 30]","[284.0, 20]",247.55,120,68.7,0.17
07:38:26,"[212.0, 32]","[211.0, 16]","[280.0, 24]","[282.11, 19]",246.0,91,68.0,0.05
07:38:27,"[212.0, 44]","[211.0, 22]","[252.09, 33]","[270.0, 33]",232.05,132,40.09,0.0
07:38:28,"[212.0, 32]","[211.0, 16]","[229.0, 24]","[236.12, 24]",220.5,96,17.0,0.0
07:38:29,"[211.89, 45]","[210.67, 30]","[224.07, 45]","[225.4, 45]",217.98,165,12.18,-0.09
07:38:30,"[211.0, 8]","[210.0, 16]","[220.88, 24]","[222.5, 24]",215.94,72,9.88,-0.33
07:38:31,"[211.0, 12]","[210.0, 24]","[216.83, 36]","[218.25, 36]",213.92,108,5.83,-0.33
07:38:32,"[212.59, 29]","[210.88, 16]","[214.07, 45]","[236.14, 44]",213.33,134,1.48,-0.33
07:38:33,"[211.0, 10]","[210.0, 20]","[215.0, 30]","[506.18, 22]",213.0,82,4.0,-0.27
07:38:34,"[211.0, 10]","[210.0, 20]","[214.88, 24]","[310.56, 41]",212.94,95,3.88,-0.37
07:38:35,"[209.02, 99]","[207.04, 156]","[213.14, 35]","[214.6, 25]",211.08,315,4.12,0.62
07:38:36,"[209.0, 63]","[207.0, 99]","[213.0, 27]","[214.0, 9]",211.0,198,4.0,0.64
07:38:37,"[209.0, 72]","[207.0, 132]","[212.64, 25]","[213.23, 22]",210.82,251,3.64,0.63
07:38:38,"[209.0, 44]","[207.0, 121]","[210.64, 25]","[211.57, 14]",209.82,204,1.64,0.62
07:38:39,"[207.7, 77]","[206.89, 87]","[210.43, 14]","[260.07, 15]",209.06,193,2.73,0.7
07:38:40,"[209.0, 174]","[207.06, 94]","[369.48, 23]","[406.18, 34]",289.24,325,160.48,0.65
07:38:41,"[209.78, 289]","[207.61, 253]","[233.75, 72]","[282.67, 49]",221.76,663,23.97,0.63
07:38:42,"[211.44, 200]","[209.49, 393]","[214.42, 81]","[215.37, 63]",212.93,737,2.98,0.61
07:38:43,"[212.0, 126]","[209.0, 378]","[216.07, 60]","[223.31, 51]",214.03,615,4.07,0.64
07:38:44,"[212.78, 63]","[209.0, 243]","[221.0, 45]","[302.59, 27]",216.89,378,8.22,0.62
07:38:45,"[214.15, 91]","[209.0, 351]","[221.0, 86]","[347.31, 26]",217.58,554,6.85,0.6
07:38:46,"[215.88, 56]","[209.0, 216]","[219.75, 16]","[221.0, 64]",217.81,352,3.88,0.55
07:38:47,"[216.0, 84]","[209.0, 420]","[219.0, 24]","[221.0, 90]",217.5,618,3.0,0.63
07:38:48,"[216.0, 107]","[209.0, 560]","[218.75, 32]","[222.0, 128]",217.38,827,2.75,0.61
07:38:49,"[216.0, 40]","[209.33, 150]","[218.0, 28]","[222.0, 107]",217.0,325,2.0,0.17
07:38:50,"[216.0, 16]","[214.0, 8]","[217.62, 16]","[222.0, 24]",216.81,64,1.62,-0.25
07:38:51,"[209.25, 113]","[208.32, 38]","[215.64, 28]","[221.47, 45]",212.45,224,6.4,0.35
07:38:52,"[209.07, 180]","[208.64, 66]","[214.0, 20]","[220.0, 39]",211.53,305,4.93,0.61
07:38:53,"[210.0, 60]","[209.0, 146]","[213.5, 20]","[220.0, 30]",211.75,256,3.5,0.61
07:38:54,"[210.0, 39]","[209.0, 130]","[213.0, 20]","[220.0, 30]",211.5,219,3.0,0.54
07:38:55,"[210.0, 33]","[209.0, 143]","[211.64, 22]","[220.0, 33]",210.82,231,1.64,0.52
07:38:56,"[210.0, 27]","[209.0, 143]","[214.96, 25]","[251.28, 39]",212.48,234,4.96,0.45
07:38:57,"[209.24, 29]","[208.81, 113]","[222.0, 27]","[415.0, 18]",215.62,187,12.76,0.52
07:38:58,"[209.23, 39]","[208.67, 99]","[222.0, 27]","[526.56, 27]",215.62,192,12.77,0.44
07:38:59,"[211.5, 14]","[209.73, 121]","[221.73, 45]","[300.57, 42]",216.62,222,10.23,0.22
07:39:00,"[214.5, 14]","[210.13, 77]","[221.0, 56]","[222.0, 42]",217.75,189,6.5,-0.04
07:39:01,"[216.63, 27]","[214.0, 30]","[220.77, 52]","[221.81, 48]",218.7,157,4.14,-0.27
07:39:02,"[215.0, 44]","[212.95, 38]","[219.27, 22]","[222.82, 33]",217.14,137,4.27,0.2
07:39:03,"[213.57, 56]","[212.62, 26]","[218.5, 28]","[222.0, 42]",216.04,152,4.93,0.08
07:39:04,"[213.6, 20]","[212.96, 50]","[216.26, 27]","[222.91, 53]",214.93,150,2.66,-0.07
07:39:05,"[214.09, 107]","[212.65, 55]","[217.33, 33]","[223.64, 67]",215.71,262,3.24,0.24
07:39:06,"[219.0, 28]","[214.39, 126]","[221.12, 50]","[222.53, 72]",220.06,276,2.12,0.12
07:39:07,"[215.0, 63]","[214.0, 99]","[222.75, 48]","[298.64, 45]",218.88,255,7.75,0.27
07:39:08,"[216.0, 19]","[215.0, 77]","[221.0, 22]","[223.0, 33]",218.5,151,5.0,0.27
07:39:09,"[215.38, 26]","[214.56, 100]","[220.58, 24]","[223.83, 60]",217.98,210,5.2,0.2
07:39:10,"[215.0, 30]","[214.0, 88]","[220.0, 16]","[223.0, 40]",217.5,174,5.0,0.36
07:39:11,"[215.0, 18]","[214.0, 99]","[219.24, 33]","[222.0, 30]",217.12,180,4.24,0.3
07:39:12,"[215.0, 22]","[214.0, 121]","[218.27, 55]","[220.0, 22]",216.64,220,3.27,0.3
07:39:13,"[215.0, 10]","[214.0, 77]","[216.0, 35]","[220.0, 14]",215.5,136,1.0,0.28
07:39:14,"[216.23, 158]","[213.87, 75]","[222.33, 75]","[225.02, 48]",219.28,356,6.11,0.31
07:39:15,"[217.0, 117]","[214.0, 54]","[224.0, 45]","[225.0, 27]",220.5,243,7.0,0.41
07:39:16,"[217.0, 52]","[214.0, 24]","[224.0, 20]","[225.0, 12]",220.5,108,7.0,0.41
07:39:17,"[217.0, 143]","[214.0, 66]","[224.0, 55]","[225.0, 33]",220.5,297,7.0,0.41
07:39:18,"[217.0, 143]","[214.0, 82]","[224.0, 55]","[301.89, 27]",220.5,307,7.0,0.47
07:39:19,"[217.0, 91]","[214.0, 70]","[224.0, 35]","[226.0, 28]",220.5,224,7.0,0.44
07:39:20,"[217.0, 142]","[214.0, 120]","[223.71, 28]","[224.57, 56]",220.36,346,6.71,0.51
07:39:21,"[217.0, 154]","[214.0, 140]","[220.79, 39]","[223.24, 49]",218.9,382,3.79,0.54
07:39:22,"[217.0, 187]","[214.0, 170]","[219.9, 31]","[220.7, 20]",218.45,408,2.9,0.75
07:39:23,"[214.5, 131]","[210.46, 174]","[216.82, 22]","[218.78, 18]",215.66,345,2.31,0.77
07:39:24,"[214.0, 99]","[210.18, 51]","[225.0, 24]","[228.5, 60]",219.5,234,11.0,0.28
07:39:25,"[214.0, 42]","[211.0, 7]","[225.0, 21]","[226.0, 39]",219.5,109,11.0,-0.1
07:39:26,"[214.43, 46]","[212.89, 19]","[225.0, 23]","[226.0, 54]",219.72,142,10.57,-0.08
07:39:27,"[219.0, 12]","[214.0, 36]","[225.0, 12]","[226.0, 36]",222.0,96,6.0,0.0
07:39:28,"[219.0, 26]","[214.0, 78]","[225.2, 30]","[235.81, 77]",222.1,211,6.2,-0.01
07:39:29,"[219.0, 30]","[214.0, 90]","[225.72, 29]","[271.04, 51]",222.36,200,6.72,0.2
07:39:30,"[219.0, 26]","[215.29, 34]","[225.0, 35]","[227.8, 40]",222.0,135,6.0,-0.11
07:39:31,"[219.0, 20]","[216.0, 45]","[224.27, 22]","[226.5, 16]",221.64,103,5.27,0.26
07:39:32,"[216.0, 52]","[214.0, 143]","[222.0, 26]","[222.64, 22]",219.0,243,6.0,0.6
07:39:33,"[216.0, 30]","[214.0, 132]","[219.33, 24]","[221.0, 24]",217.67,210,3.33,0.54
07:39:34,"[214.25, 56]","[213.26, 102]","[217.65, 23]","[220.2, 20]",215.95,201,3.4,0.57
07:39:35,"[214.0, 80]","[211.97, 58]","[215.45, 22]","[216.87, 23]",214.73,183,1.45,0.51
07:39:36,"[214.0, 29]","[211.0, 40]","[215.14, 14]","[218.2, 10]",214.57,93,1.14,0.48
07:39:37,"[214.0, 23]","[211.0, 65]","[218.11, 18]","[224.38, 37]",216.06,143,4.11,0.23
07:39:38,"[214.0, 7]","[211.0, 35]","[222.0, 7]","[224.0, 28]",218.0,77,8.0,0.09
07:39:39,"[214.0, 10]","[211.0, 50]","[222.0, 10]","[224.0, 40]",218.0,110,8.0,0.09
07:39:40,"[210.07, 84]","[209.57, 42]","[222.0, 8]","[224.0, 32]",216.04,166,11.93,0.52
07:39:41,"[210.5, 14]","[209.98, 64]","[222.0, 8]","[224.0, 32]",216.25,118,11.5,0.32
07:39:42,"[210.0, 119]","[209.0, 17]","[220.35, 17]","[223.7, 47]",215.18,200,10.35,0.36
07:39:43,"[210.88, 34]","[209.61, 36]","[222.0, 17]","[243.68, 38]",216.44,125,11.12,0.12
07:39:44,"[211.0, 24]","[209.0, 36]","[220.11, 28]","[227.0, 16]",215.55,104,9.11,0.15
07:39:45,"[211.27, 30]","[209.39, 41]","[216.74, 43]","[219.2, 45]",214.01,159,5.48,-0.11
07:39:46,"[211.0, 26]","[208.83, 24]","[216.0, 39]","[217.0, 39]",213.5,128,5.0,-0.22
07:39:47,"[209.0, 26]","[207.27, 49]","[214.11, 54]","[216.28, 54]",211.56,183,5.11,-0.18
07:39:48,"[208.0, 18]","[205.57, 84]","[210.47, 47]","[211.93, 45]",209.23,194,2.47,0.05
07:39:49,"[206.0, 38]","[204.0, 114]","[208.3, 56]","[209.21, 71]",207.15,279,2.3,0.09
07:39:50,"[204.57, 42]","[199.26, 76]","[207.6, 35]","[209.0, 36]",206.09,189,3.03,0.25
07:39:51,"[203.7, 60]","[196.67, 90]","[210.12, 34]","[208.6, 30]",206.91,214,6.42,0.4
07:39:52,"[203.0, 42]","[195.0, 56]","[215.39, 23]","[300.89, 19]",209.2,140,12.39,0.4
07:39:53,"[203.0, 42]","[176.56, 41]","[218.0, 7]","[323.0, 35]",210.5,125,15.0,0.33
07:39:54,"[205.24, 25]","[186.76, 51]","[218.0, 10]","[346.88, 26]",211.62,112,12.76,0.36
07:39:55,"[205.46, 39]","[185.0, 48]","[211.33, 24]","[250.82, 17]",208.4,128,5.87,0.36
07:39:56,"[206.0, 66]","[203.0, 66]","[209.5, 32]","[210.88, 32]",207.75,196,3.5,0.35
07:39:57,"[206.0, 84]","[203.0, 84]","[208.33, 15]","[209.62, 26]",207.17,209,2.33,0.61
07:39:58,"[206.4, 45]","[204.5, 60]","[208.73, 11]","[209.95, 38]",207.56,154,2.33,0.36
07:39:59,"[207.22, 27]","[205.33, 45]","[209.0, 9]","[210.0, 36]",208.11,117,1.78,0.23
07:40:00,"[205.12, 40]","[202.91, 55]","[209.8, 25]","[212.5, 40]",207.46,160,4.68,0.19
07:40:01,"[203.58, 55]","[197.77, 113]","[210.0, 64]","[215.0, 64]",206.79,296,6.42,0.14
07:40:02,"[207.16, 19]","[205.83, 12]","[210.0, 44]","[213.11, 38]",208.58,113,2.84,-0.45
07:40:03,"[207.04, 209]","[204.2, 25]","[210.0, 63]","[211.0, 57]",208.52,354,2.96,0.32
07:40:04,"[207.12, 160]","[206.0, 8]","[210.0, 24]","[211.0, 24]",208.56,216,2.88,0.56
07:40:05,"[208.49, 186]","[202.64, 25]","[210.34, 35]","[212.49, 43]",209.42,289,1.85,0.46
07:40:06,"[203.56, 50]","[200.31, 39]","[211.8, 30]","[236.15, 39]",207.68,158,8.24,0.13
07:40:07,"[208.14, 70]","[205.05, 88]","[214.49, 35]","[256.82, 44]",211.31,237,6.34,0.33
07:40:08,"[213.84, 128]","[212.23, 52]","[272.32, 57]","[481.05, 43]",243.08,280,58.47,0.29
07:40:09,"[216.59, 34]","[214.68, 214]","[298.91, 54]","[305.47, 43]",257.75,345,82.32,0.44
07:40:10,"[218.0, 16]","[217.0, 22]","[302.78, 32]","[303.61, 23]",260.39,93,84.78,-0.18
07:40:11,"[217.43, 7]","[216.6, 10]","[245.73, 15]","[302.55, 22]",231.58,54,28.3,-0.37
07:40:12,"[215.03, 138]","[210.4, 10]","[218.41, 22]","[225.24, 38]",216.72,208,3.38,0.42
07:40:13,"[215.0, 106]","[210.88, 8]","[216.0, 32]","[217.0, 8]",215.5,154,1.0,0.48
07:40:14,"[215.0, 66]","[214.0, 10]","[216.0, 40]","[217.0, 10]",215.5,126,1.0,0.21
07:40:15,"[215.0, 15]","[214.0, 5]","[216.0, 10]","[217.0, 5]",215.5,35,1.0,0.14
07:40:16,"[214.77, 13]","[212.71, 7]","[221.22, 23]","[222.83, 12]",217.99,55,6.45,-0.27
07:40:17,"[214.0, 4]","[211.0, 4]","[224.0, 20]","[443.0, 8]",219.0,36,10.0,-0.56
07:40:18,"[214.0, 2]","[211.0, 2]","[224.0, 10]","[255.0, 2]",219.0,16,10.0,-0.5
07:40:19,"[214.0, 4]","[211.0, 4]","[224.0, 20]","[255.0, 4]",219.0,32,10.0,-0.5
07:40:20,"[214.95, 59]","[213.18, 11]","[224.0, 55]","[255.0, 11]",219.47,136,9.05,0.03
07:40:21,"[214.94, 31]","[213.7, 10]","[224.0, 40]","[255.0, 8]",219.47,89,9.06,-0.08
07:40:22,"[210.0, 8]","[206.38, 24]","[223.0, 16]","[224.94, 32]",216.5,80,13.0,-0.2
07:40:23,"[210.0, 7]","[207.0, 21]","[221.87, 23]","[222.21, 19]",215.93,70,11.87,-0.2
07:40:24,"[217.38, 26]","[208.2, 10]","[221.0, 6]","[222.0, 30]",219.19,72,3.62,0.0
07:40:25,"[218.0, 42]","[210.0, 7]","[220.0, 7]","[222.0, 35]",219.0,91,2.0,0.08
07:40:26,"[218.0, 36]","[210.0, 6]","[219.0, 6]","[222.0, 30]",218.5,78,1.0,0.08
07:40:27,"[218.0, 38]","[210.0, 7]","[221.61, 23]","[246.39, 23]",219.8,91,3.61,-0.01
07:40:28,"[218.0, 40]","[214.46, 28]","[222.0, 40]","[334.0, 8]",220.0,116,4.0,0.17
07:40:29,"[218.0, 35]","[215.0, 35]","[222.0, 35]","[375.71, 7]",220.0,112,4.0,0.25
07:40:30,"[218.0, 77]","[215.0, 95]","[240.07, 54]","[369.74, 57]",229.04,283,22.07,0.22
07:40:31,"[218.0, 40]","[215.0, 60]","[233.7, 40]","[303.56, 43]",225.85,183,15.7,0.09
07:40:32,"[218.0, 34]","[215.0, 66]","[222.0, 44]","[259.9, 39]",220.0,183,4.0,0.09
07:40:33,"[218.09, 22]","[215.2, 45]","[222.0, 32]","[407.75, 8]",220.05,107,3.91,0.25
07:40:34,"[219.58, 12]","[217.47, 38]","[222.0, 48]","[510.0, 12]",220.79,110,2.42,-0.09
07:40:35,"[215.0, 33]","[214.0, 21]","[222.0, 36]","[510.0, 9]",218.5,99,7.0,0.09
07:40:36,"[215.33, 36]","[214.5, 24]","[222.0, 36]","[381.0, 45]",218.67,141,6.67,-0.15
07:40:37,"[216.0, 40]","[215.0, 10]","[222.0, 40]","[347.33, 30]",219.0,120,6.0,-0.17
07:40:38,"[215.24, 29]","[213.89, 18]","[222.0, 24]","[300.83, 18]",218.62,89,6.76,0.06
07:40:39,"[213.67, 57]","[212.9, 40]","[221.92, 39]","[271.19, 21]",217.79,157,8.26,0.24
07:40:40,"[213.0, 64]","[210.0, 12]","[218.88, 25]","[220.87, 31]",215.94,132,5.88,0.15
07:40:41,"[213.0, 30]","[206.67, 72]","[216.0, 19]","[218.08, 24]",214.5,145,3.0,0.41
07:40:42,"[211.36, 22]","[206.53, 102]","[214.3, 10]","[221.86, 28]",212.83,162,2.94,0.53
07:40:43,"[211.0, 24]","[210.0, 24]","[216.64, 11]","[226.14, 29]",213.82,88,5.64,0.09
07:40:44,"[210.79, 42]","[207.69, 78]","[231.5, 34]","[320.38, 21]",221.14,175,20.71,0.37
07:40:45,"[210.0, 11]","[206.0, 165]","[211.11, 57]","[217.38, 26]",210.55,259,1.11,0.36
07:40:46,"[209.13, 15]","[204.55, 73]","[210.4, 57]","[213.75, 40]",209.77,185,1.27,-0.05
07:40:47,"[206.26, 23]","[113.67, 54]","[211.0, 27]","[214.86, 22]",208.63,126,4.74,0.22
07:40:48,"[206.0, 30]","[171.77, 13]","[209.0, 30]","[212.0, 30]",207.5,103,3.0,-0.17
07:40:49,"[206.15, 27]","[205.53, 17]","[209.0, 28]","[212.0, 33]",207.57,105,2.85,-0.16
07:40:50,"[206.31, 39]","[204.4, 15]","[213.62, 26]","[218.22, 27]",209.96,107,7.31,0.01
07:40:51,"[206.67, 9]","[202.38, 13]","[214.0, 10]","[219.0, 10]",210.33,42,7.33,0.05
07:40:52,"[204.0, 9]","[201.0, 27]","[212.52, 21]","[214.18, 22]",208.26,79,8.52,-0.09
07:40:53,"[204.8, 10]","[202.57, 14]","[210.5, 30]","[212.0, 20]",207.65,74,5.7,-0.35
07:40:54,"[207.27, 74]","[204.43, 14]","[210.0, 42]","[212.0, 28]",208.64,158,2.73,0.11
07:40:55,"[208.03, 79]","[207.02, 207]","[210.79, 33]","[213.4, 30]",209.41,349,2.76,0.64
07:40:56,"[208.0, 35]","[207.0, 133]","[210.0, 14]","[212.0, 14]",209.0,196,2.0,0.71
07:40:57,"[208.0, 60]","[207.0, 228]","[210.0, 24]","[212.0, 24]",209.0,336,2.0,0.71
07:40:58,"[208.44, 80]","[206.9, 232]","[211.5, 32]","[214.31, 35]",209.97,379,3.06,0.65
07:40:59,"[209.64, 64]","[205.09, 22]","[218.0, 28]","[228.76, 51]",213.82,165,8.36,0.04
07:41:00,"[211.78, 46]","[209.5, 70]","[218.0, 36]","[250.49, 69]",214.89,221,6.22,0.05
07:41:01,"[211.0, 44]","[203.0, 11]","[218.0, 22]","[339.6, 50]",214.5,127,7.0,-0.13
07:41:02,"[210.74, 31]","[200.86, 14]","[218.0, 20]","[520.5, 50]",214.37,115,7.26,-0.22
07:41:03,"[203.0, 11]","[197.0, 55]","[216.32, 38]","[476.87, 31]",209.66,135,13.32,-0.02
07:41:04,"[204.87, 15]","[200.17, 23]","[212.87, 60]","[218.0, 30]",208.87,128,8.0,-0.41
07:41:05,"[206.4, 10]","[202.0, 10]","[212.0, 40]","[218.0, 20]",209.2,80,5.6,-0.5
07:41:06,"[207.95, 114]","[203.64, 14]","[209.68, 41]","[212.77, 26]",208.82,195,1.74,0.31
07:41:07,"[207.59, 103]","[200.92, 39]","[209.0, 72]","[210.0, 15]",208.3,229,1.41,0.24
07:41:08,"[201.0, 12]","[200.0, 4]","[209.0, 4]","[210.0, 4]",205.0,24,8.0,0.33
07:41:09,"[201.0, 24]","[200.0, 8]","[259.33, 9]","[299.05, 19]",230.17,60,58.33,0.07
07:41:10,"[216.72, 29]","[211.86, 22]","[405.33, 24]","[431.33, 24]",311.03,99,188.61,0.03
07:41:11,"[219.0, 36]","[216.0, 72]","[404.8, 20]","[429.47, 34]",311.9,162,185.8,0.33
07:41:12,"[219.0, 40]","[216.0, 80]","[324.48, 33]","[364.94, 36]",271.74,189,105.48,0.27
07:41:13,"[219.0, 40]","[216.0, 80]","[269.0, 44]","[270.88, 48]",244.0,212,50.0,0.13
07:41:14,"[219.0, 56]","[216.0, 112]","[267.29, 70]","[269.0, 62]",243.14,300,48.29,0.12
07:41:15,"[219.0, 36]","[216.0, 88]","[266.09, 53]","[267.52, 46]",242.55,223,47.09,0.11
07:41:16,"[216.96, 47]","[215.62, 64]","[265.0, 45]","[266.0, 36]",240.98,192,48.04,0.16
07:41:17,"[217.79, 78]","[215.93, 86]","[265.0, 55]","[266.0, 44]",241.4,263,47.21,0.25
07:41:18,"[218.0, 140]","[216.0, 160]","[264.35, 94]","[265.88, 82]",241.18,476,46.35,0.26
07:41:19,"[216.35, 68]","[215.53, 90]","[262.89, 62]","[265.18, 55]",239.62,275,46.53,0.15
07:41:20,"[216.0, 40]","[215.0, 30]","[258.56, 18]","[262.83, 24]",237.28,112,42.56,0.25
07:41:21,"[216.0, 112]","[215.0, 90]","[229.33, 69]","[257.23, 52]",222.67,323,13.33,0.25
07:41:22,"[216.0, 56]","[215.0, 72]","[226.69, 58]","[246.36, 50]",221.34,236,10.69,0.08
07:41:23,"[216.0, 13]","[215.0, 78]","[224.55, 64]","[225.6, 53]",220.27,208,8.55,-0.12
07:41:24,"[215.3, 20]","[214.51, 71]","[222.0, 65]","[224.0, 52]",218.65,208,6.7,-0.12
07:41:25,"[215.14, 44]","[214.55, 47]","[222.0, 55]","[224.0, 44]",218.57,190,6.86,-0.04
07:41:26,"[218.0, 10]","[216.0, 60]","[221.35, 48]","[223.29, 42]",219.68,160,3.35,-0.12
07:41:27,"[216.05, 40]","[214.14, 83]","[219.85, 33]","[220.64, 55]",217.95,211,3.8,0.17
07:41:28,"[216.0, 16]","[214.0, 112]","[218.62, 16]","[220.79, 76]",217.31,220,2.62,0.16
07:41:29,"[214.1, 42]","[212.82, 34]","[216.84, 56]","[228.42, 36]",215.47,168,2.74,-0.1
07:41:30,"[213.6, 20]","[211.67, 24]","[217.17, 46]","[233.85, 26]",215.39,116,3.57,-0.24
07:41:31,"[212.0, 24]","[211.0, 48]","[229.42, 36]","[261.25, 16]",220.71,124,17.42,0.16
07:41:32,"[212.0, 12]","[211.0, 24]","[228.0, 18]","[355.81, 21]",220.0,75,16.0,-0.04
07:41:33,"[213.88, 34]","[211.83, 12]","[228.0, 15]","[417.67, 18]",220.94,79,14.12,0.16
07:41:34,"[214.0, 56]","[213.0, 14]","[228.0, 21]","[273.0, 21]",221.0,112,14.0,0.25
07:41:35,"[214.0, 74]","[213.0, 22]","[227.81, 31]","[325.68, 25]",220.9,152,13.81,0.26
07:41:36,"[214.0, 42]","[213.0, 14]","[220.29, 21]","[227.14, 7]",217.14,84,6.29,0.33
07:41:37,"[215.86, 7]","[214.0, 42]","[220.0, 21]","[234.0, 7]",217.93,77,4.14,0.27
07:41:38,"[216.0, 8]","[214.0, 48]","[220.0, 24]","[249.3, 20]",218.0,100,4.0,0.12
07:41:39,"[216.0, 12]","[214.48, 58]","[218.67, 36]","[235.0, 36]",217.33,142,2.67,-0.01
07:41:40,"[216.05, 19]","[214.79, 56]","[218.15, 39]","[227.58, 38]",217.1,152,2.1,-0.01
07:41:41,"[214.57, 49]","[213.67, 72]","[217.16, 31]","[259.04, 28]",215.87,180,2.59,0.34
07:41:42,"[214.0, 23]","[212.0, 14]","[223.07, 14]","[275.5, 18]",218.54,69,9.07,0.07
07:41:43,"[214.0, 12]","[212.0, 6]","[230.0, 6]","[236.0, 12]",222.0,36,16.0,0.0
07:41:44,"[214.0, 20]","[212.0, 12]","[230.0, 12]","[244.75, 24]",222.0,68,16.0,-0.06
07:41:45,"[214.0, 9]","[212.0, 9]","[229.09, 11]","[268.53, 17]",221.55,46,15.09,-0.22
07:41:46,"[213.67, 12]","[211.71, 14]","[227.65, 23]","[228.08, 49]",220.66,98,13.99,-0.47
07:41:47,"[212.0, 11]","[211.0, 22]","[220.64, 11]","[227.78, 23]",216.32,67,8.64,-0.01
07:41:48,"[210.67, 36]","[209.18, 66]","[212.85, 20]","[227.71, 52]",211.76,174,2.18,0.17
07:41:49,"[209.2, 30]","[207.69, 70]","[211.43, 35]","[225.77, 13]",210.31,148,2.23,0.35
07:41:50,"[207.0, 44]","[183.0, 66]","[212.0, 11]","[214.91, 11]",209.5,132,5.0,0.67
07:41:51,"[207.0, 48]","[127.0, 72]","[209.92, 12]","[211.67, 12]",208.46,144,2.92,0.67
07:41:52,"[207.0, 48]","[181.58, 72]","[208.62, 13]","[210.42, 12]",207.81,145,1.62,0.66
07:41:53,"[154.58, 78]","[125.83, 48]","[206.69, 29]","[208.56, 25]",180.63,180,52.11,0.4
07:41:54,"[129.81, 111]","[121.05, 82]","[206.0, 43]","[207.0, 15]",167.91,251,76.19,0.54
07:41:55,"[149.75, 36]","[179.94, 96]","[274.43, 23]","[376.75, 32]",212.09,187,124.68,0.41
07:41:56,"[218.0, 10]","[215.0, 90]","[258.6, 20]","[399.38, 29]",238.3,149,40.6,0.34
07:41:57,"[218.0, 11]","[215.55, 87]","[415.72, 29]","[477.46, 26]",316.86,153,197.72,0.28
07:41:58,"[218.0, 11]","[217.0, 66]","[426.65, 26]","[529.81, 21]",322.33,124,208.65,0.24
07:41:59,"[218.0, 8]","[217.0, 48]","[403.3, 23]","[522.06, 16]",310.65,95,185.3,0.18
07:42:00,"[219.21, 48]","[216.63, 41]","[486.87, 15]","[627.07, 14]",353.04,118,267.66,0.51
07:42:01,"[220.0, 84]","[217.0, 48]","[397.08, 12]","[567.5, 24]",308.54,168,177.08,0.57
07:42:02,"[220.0, 74]","[217.0, 56]","[492.48, 46]","[497.15, 26]",356.24,202,272.48,0.29
07:42:03,"[220.0, 16]","[217.0, 32]","[452.64, 22]","[526.67, 18]",336.32,88,232.64,0.09
07:42:04,"[216.54, 52]","[215.96, 46]","[258.0, 24]","[476.62, 26]",237.27,148,41.46,0.32
07:42:05,"[216.0, 9]","[215.0, 81]","[251.4, 20]","[418.38, 13]",233.7,123,35.4,0.46
07:42:06,"[217.0, 50]","[216.0, 12]","[257.35, 17]","[287.53, 19]",237.18,98,40.35,0.27
07:42:07,"[217.0, 38]","[216.0, 12]","[254.93, 30]","[258.92, 24]",235.97,104,37.93,-0.04
07:42:08,"[217.0, 30]","[216.0, 15]","[251.43, 21]","[254.25, 24]",234.21,90,34.43,0.0
07:42:09,"[215.08, 103]","[214.1, 41]","[236.97, 58]","[242.17, 24]",226.02,226,21.89,0.27
07:42:10,"[215.0, 49]","[214.0, 21]","[230.62, 13]","[232.82, 22]",222.81,105,15.62,0.33
07:42:11,"[215.0, 84]","[214.0, 36]","[229.5, 18]","[230.92, 39]",222.25,177,14.5,0.36
07:42:12,"[215.71, 28]","[214.29, 38]","[228.12, 50]","[229.06, 35]",221.92,151,12.41,-0.13
07:42:13,"[220.0, 10]","[215.0, 30]","[226.89, 27]","[228.2, 25]",223.44,92,6.89,-0.13
07:42:14,"[219.62, 16]","[215.21, 42]","[221.84, 44]","[224.29, 28]",220.73,130,2.22,-0.11
07:42:15,"[215.35, 68]","[214.8, 90]","[219.96, 24]","[220.87, 39]",217.66,221,4.61,0.43
07:42:16,"[215.0, 96]","[214.0, 36]","[216.89, 27]","[218.12, 33]",215.94,192,1.89,0.38
07:42:17,"[215.0, 81]","[214.0, 39]","[216.9, 40]","[245.13, 46]",215.95,206,1.9,0.17
07:42:18,"[215.0, 51]","[214.0, 30]","[216.97, 37]","[299.64, 22]",215.99,140,1.97,0.16
07:42:19,"[215.0, 54]","[214.0, 33]","[217.0, 44]","[309.86, 43]",216.0,174,2.0,0.0
07:42:20,"[215.0, 14]","[214.0, 21]","[216.57, 28]","[308.0, 35]",215.79,98,1.57,-0.29
07:42:21,"[214.16, 25]","[211.55, 33]","[317.72, 39]","[509.35, 34]",265.94,131,103.56,-0.11
07:42:22,"[212.8, 25]","[210.75, 40]","[278.22, 23]","[291.82, 33]",245.51,121,65.42,0.07
07:42:23,"[210.38, 37]","[208.26, 62]","[278.0, 30]","[303.75, 40]",244.19,169,67.62,0.17
07:42:24,"[210.36, 44]","[207.44, 50]","[278.0, 24]","[464.25, 24]",244.18,142,67.64,0.32
07:42:25,"[211.86, 56]","[209.0, 98]","[278.0, 24]","[487.38, 24]",244.93,202,66.14,0.52
07:42:26,"[213.26, 31]","[209.0, 105]","[278.0, 21]","[336.0, 21]",245.63,178,64.74,0.53
07:42:27,"[214.0, 36]","[209.0, 135]","[276.0, 27]","[393.67, 24]",245.0,222,62.0,0.54
07:42:28,"[214.86, 28]","[209.21, 94]","[274.0, 21]","[310.0, 14]",244.43,157,59.14,0.55
07:42:29,"[220.0, 32]","[214.0, 32]","[273.0, 24]","[310.0, 16]",246.5,104,53.0,0.23
07:42:30,"[215.44, 36]","[209.16, 124]","[273.0, 27]","[324.44, 18]",244.22,205,57.56,0.56
07:42:31,"[215.0, 40]","[209.0, 150]","[273.0, 30]","[566.08, 25]",244.0,245,58.0,0.55
07:42:32,"[215.0, 28]","[209.0, 105]","[273.0, 21]","[424.0, 21]",244.0,175,58.0,0.52
07:42:33,"[215.0, 50]","[209.0, 165]","[271.27, 41]","[357.68, 31]",243.13,287,56.27,0.5
07:42:34,"[215.0, 50]","[209.0, 120]","[269.0, 24]","[270.0, 40]",242.0,234,54.0,0.45
07:42:35,"[215.0, 36]","[209.0, 90]","[269.5, 24]","[340.0, 21]",242.25,171,54.5,0.47
07:42:36,"[215.0, 77]","[209.0, 199]","[268.33, 33]","[328.31, 29]",241.67,338,53.33,0.63
07:42:37,"[215.0, 50]","[209.61, 115]","[251.75, 40]","[260.29, 28]",233.38,233,36.75,0.42
07:42:38,"[215.0, 70]","[210.28, 117]","[236.44, 32]","[236.77, 44]",225.72,263,21.44,0.42
07:42:39,"[215.0, 55]","[209.05, 152]","[231.36, 11]","[234.0, 22]",223.18,240,16.36,0.72
07:42:40,"[215.0, 60]","[210.0, 92]","[228.53, 17]","[229.97, 36]",221.76,205,13.53,0.48
07:42:41,"[215.0, 38]","[210.0, 80]","[225.0, 10]","[226.0, 10]",220.0,138,10.0,0.71
07:42:42,"[215.0, 25]","[210.0, 112]","[221.82, 17]","[223.33, 15]",218.41,169,6.82,0.62
07:42:43,"[211.06, 34]","[209.56, 93]","[216.74, 46]","[218.4, 20]",213.9,193,5.68,0.32
07:42:44,"[210.25, 20]","[209.0, 60]","[219.66, 29]","[235.97, 30]",214.95,139,9.41,0.15
07:42:45,"[217.56, 48]","[210.07, 45]","[220.0, 36]","[427.33, 24]",218.78,153,2.44,0.22
07:42:46,"[218.0, 50]","[211.18, 51]","[220.0, 30]","[278.0, 20]",219.0,151,2.0,0.34
07:42:47,"[218.0, 45]","[214.0, 9]","[220.0, 27]","[271.89, 18]",219.0,99,2.0,0.09
07:42:48,"[218.0, 42]","[214.0, 9]","[242.42, 26]","[382.33, 18]",230.21,95,24.42,0.07
07:42:49,"[218.0, 6]","[214.0, 3]","[522.0, 6]","[666.67, 6]",370.0,21,304.0,-0.14
07:42:50,"[214.5, 16]","[210.11, 18]","[722.0, 12]","[784.2, 5]",468.25,51,507.5,0.33
07:42:51,"[211.0, 12]","[209.0, 21]","[271.0, 6]","[0, 0]",241.0,39,60.0,0.69
07:42:52,"[211.0, 12]","[209.0, 21]","[271.0, 6]","[0, 0]",241.0,39,60.0,0.69
07:42:53,"[211.0, 20]","[209.0, 35]","[274.8, 10]","[0, 0]",242.9,65,63.8,0.69
07:42:54,"[215.52, 58]","[209.94, 72]","[249.6, 45]","[249.0, 14]",232.56,189,34.08,0.38
07:42:55,"[213.35, 17]","[209.22, 36]","[245.12, 40]","[249.0, 16]",229.24,109,31.77,-0.03
07:42:56,"[211.44, 18]","[209.26, 57]","[241.79, 43]","[242.67, 55]",226.62,173,30.35,-0.13
07:42:57,"[212.62, 32]","[212.44, 36]","[240.0, 20]","[241.0, 50]",226.31,138,27.38,-0.01
07:42:58,"[216.33, 54]","[213.87, 53]","[230.5, 32]","[232.41, 59]",223.42,198,14.17,0.08
07:42:59,"[217.0, 36]","[216.0, 12]","[227.71, 21]","[228.29, 21]",222.36,90,10.71,0.07
07:43:00,"[217.0, 49]","[216.0, 18]","[226.0, 18]","[228.0, 45]",221.5,130,9.0,0.03
07:43:01,"[215.36, 22]","[210.77, 62]","[224.48, 29]","[227.56, 41]",219.92,154,9.12,0.09
07:43:02,"[215.0, 9]","[210.0, 27]","[223.67, 15]","[225.0, 6]",219.33,57,8.67,0.26
07:43:03,"[215.0, 30]","[212.0, 27]","[221.0, 30]","[222.81, 48]",218.0,135,6.0,-0.16
07:43:04,"[214.9, 20]","[213.57, 14]","[217.12, 25]","[218.56, 25]",216.01,84,2.22,-0.19
07:43:05,"[210.97, 58]","[209.73, 105]","[215.96, 47]","[239.33, 45]",213.46,255,4.99,0.28
07:43:06,"[210.0, 113]","[209.0, 77]","[213.36, 55]","[215.0, 11]",211.68,256,3.36,0.48
07:43:07,"[210.0, 38]","[209.0, 56]","[212.62, 16]","[213.12, 32]",211.31,142,2.62,0.32
07:43:08,"[209.03, 29]","[208.64, 11]","[211.0, 25]","[320.24, 17]",210.02,82,1.97,-0.02
07:43:09,"[215.6, 45]","[209.92, 39]","[297.75, 40]","[505.56, 36]",256.68,160,82.15,0.05
07:43:10,"[217.0, 54]","[216.0, 33]","[325.09, 55]","[426.64, 44]",271.05,186,108.09,-0.06
07:43:11,"[217.0, 12]","[216.0, 18]","[325.0, 30]","[558.33, 24]",271.0,84,108.0,-0.29
07:43:12,"[217.0, 20]","[216.0, 54]","[318.23, 48]","[415.67, 42]",267.61,164,101.23,-0.1
07:43:13,"[216.0, 39]","[212.5, 12]","[323.08, 60]","[422.33, 48]",269.54,159,107.08,-0.36
07:43:14,"[216.0, 8]","[213.0, 8]","[321.38, 40]","[471.25, 32]",268.69,88,105.38,-0.64
07:43:15,"[216.0, 12]","[213.0, 12]","[289.03, 38]","[460.55, 47]",252.51,109,73.03,-0.56
07:43:16,"[216.0, 6]","[213.0, 10]","[223.0, 30]","[294.07, 15]",219.5,61,7.0,-0.48
07:43:17,"[215.07, 27]","[213.62, 26]","[221.97, 31]","[302.29, 17]",218.52,101,6.89,0.05
07:43:18,"[218.47, 53]","[214.65, 34]","[255.25, 53]","[395.32, 22]",236.86,162,36.77,0.07
07:43:19,"[219.0, 22]","[215.0, 21]","[302.27, 30]","[379.26, 27]",260.63,100,83.27,-0.14
07:43:20,"[219.0, 18]","[215.0, 9]","[319.56, 36]","[428.11, 36]",269.28,99,100.56,-0.45
07:43:21,"[219.0, 10]","[215.0, 5]","[324.0, 20]","[488.75, 8]",271.5,43,105.0,-0.3
07:43:22,"[215.67, 12]","[213.91, 35]","[323.91, 44]","[351.47, 38]",269.79,129,108.24,-0.27
07:43:23,"[214.43, 14]","[213.88, 34]","[289.6, 40]","[320.1, 40]",252.01,128,75.17,-0.25
07:43:24,"[214.0, 16]","[213.0, 8]","[272.35, 31]","[291.92, 26]",243.18,81,58.35,-0.41
07:43:25,"[213.0, 20]","[210.38, 40]","[269.73, 33]","[270.85, 34]",241.36,127,56.73,-0.06
07:43:26,"[212.0, 16]","[210.0, 56]","[266.21, 29]","[267.27, 26]",239.1,127,54.21,0.13
07:43:27,"[212.89, 18]","[211.39, 23]","[261.52, 29]","[262.45, 29]",237.2,99,48.63,-0.17
07:43:28,"[213.0, 18]","[212.0, 18]","[240.37, 35]","[259.11, 27]",226.69,98,27.37,-0.27
07:43:29,"[212.25, 16]","[210.17, 46]","[251.69, 26]","[259.0, 24]",231.97,112,39.44,0.11
07:43:30,"[210.61, 46]","[209.47, 105]","[254.36, 50]","[256.07, 46]",232.48,247,43.75,0.22
07:43:31,"[209.27, 105]","[208.43, 115]","[218.86, 58]","[250.84, 57]",214.06,335,9.6,0.31
07:43:32,"[209.0, 22]","[208.0, 42]","[236.74, 23]","[252.86, 21]",222.87,108,27.74,0.19
07:43:33,"[210.0, 18]","[208.14, 42]","[249.89, 27]","[251.78, 27]",229.94,114,39.89,0.05
07:43:34,"[212.0, 62]","[209.0, 30]","[232.91, 53]","[238.94, 51]",222.45,196,20.91,-0.06
07:43:35,"[213.48, 108]","[211.4, 30]","[224.0, 27]","[225.0, 27]",218.74,192,10.52,0.44
07:43:36,"[214.0, 115]","[212.0, 40]","[222.7, 30]","[224.2, 30]",218.35,215,8.7,0.44
07:43:37,"[214.02, 101]","[212.47, 47]","[219.9, 30]","[221.6, 30]",216.96,208,5.88,0.42
07:43:38,"[214.13, 60]","[212.79, 53]","[216.73, 33]","[219.0, 33]",215.43,179,2.59,0.26
07:43:39,"[214.15, 41]","[212.53, 38]","[217.72, 25]","[258.38, 21]",215.93,125,3.57,0.26
07:43:40,"[213.72, 58]","[211.67, 48]","[215.4, 20]","[217.71, 28]",214.56,154,1.68,0.38
07:43:41,"[212.0, 39]","[210.0, 44]","[213.69, 29]","[470.77, 35]",212.84,147,1.69,0.13
07:43:42,"[212.0, 33]","[210.0, 44]","[428.75, 24]","[564.25, 40]",320.38,141,216.75,0.09
07:43:43,"[212.54, 39]","[210.12, 51]","[512.15, 26]","[615.79, 47]",362.35,163,299.62,0.1
07:43:44,"[219.0, 27]","[213.62, 13]","[605.56, 18]","[631.14, 42]",412.28,100,386.56,-0.2
07:43:45,"[216.47, 19]","[211.73, 15]","[350.86, 14]","[615.03, 29]",283.67,77,134.38,-0.12
07:43:46,"[213.0, 8]","[212.0, 24]","[331.5, 16]","[472.62, 16]",272.25,64,118.5,0.0
07:43:47,"[210.33, 27]","[210.0, 27]","[457.67, 18]","[609.45, 33]",334.0,105,247.33,0.03
07:43:48,"[213.0, 35]","[209.44, 27]","[477.45, 22]","[571.65, 34]",345.23,118,264.45,0.05
07:43:49,"[219.0, 34]","[217.0, 25]","[380.8, 10]","[435.5, 16]",299.9,85,161.8,0.39
07:43:50,"[219.0, 30]","[217.0, 25]","[379.0, 10]","[475.2, 10]",299.0,75,160.0,0.47
07:43:51,"[219.0, 48]","[217.0, 40]","[355.62, 16]","[625.22, 37]",287.31,141,136.62,0.25
07:43:52,"[219.0, 60]","[217.0, 50]","[300.41, 34]","[317.1, 20]",259.71,164,81.41,0.34
07:43:53,"[219.0, 36]","[217.0, 30]","[298.0, 24]","[299.0, 12]",258.5,102,79.0,0.29
07:43:54,"[219.0, 48]","[217.0, 40]","[296.75, 32]","[299.0, 16]",257.88,136,77.75,0.29
07:43:55,"[219.0, 72]","[217.0, 60]","[293.13, 15]","[294.62, 45]",256.07,192,74.13,0.38
07:43:56,"[219.0, 42]","[217.0, 45]","[290.67, 9]","[293.0, 36]",254.83,132,71.67,0.32
07:43:57,"[219.0, 52]","[217.0, 65]","[288.61, 46]","[291.26, 19]",253.8,182,69.61,0.29
07:43:58,"[219.0, 40]","[217.0, 50]","[285.27, 22]","[286.86, 28]",252.14,140,66.27,0.29
07:43:59,"[219.0, 22]","[217.0, 55]","[279.74, 27]","[284.35, 26]",249.37,130,60.74,0.18
07:44:00,"[217.33, 24]","[214.38, 80]","[219.71, 34]","[231.73, 22]",218.52,160,2.37,0.3
07:44:01,"[214.12, 96]","[213.19, 74]","[217.88, 26]","[378.84, 45]",216.0,241,3.76,0.41
07:44:02,"[213.6, 30]","[212.8, 45]","[215.39, 23]","[216.47, 17]",214.5,115,1.79,0.3
07:44:03,"[212.25, 32]","[210.29, 84]","[213.92, 36]","[215.5, 16]",213.08,168,1.67,0.38
07:44:04,"[212.0, 17]","[210.0, 99]","[214.27, 26]","[302.72, 29]",213.13,171,2.27,0.36
07:44:05,"[211.12, 26]","[210.2, 40]","[214.38, 26]","[489.6, 30]",212.75,122,3.27,0.08
07:44:06,"[210.0, 61]","[209.0, 18]","[213.0, 11]","[214.12, 16]",211.5,106,3.0,0.49
07:44:07,"[210.0, 21]","[209.0, 18]","[212.1, 10]","[289.6, 20]",211.05,69,2.1,0.13
07:44:08,"[210.92, 26]","[209.5, 8]","[213.17, 12]","[496.0, 24]",212.04,70,2.24,-0.03
07:44:09,"[211.0, 36]","[210.0, 10]","[212.42, 24]","[326.56, 36]",211.71,106,1.42,-0.13
07:44:10,"[210.55, 11]","[209.14, 7]","[437.0, 16]","[405.6, 20]",323.77,54,226.45,-0.33
07:44:11,"[209.0, 16]","[206.0, 8]","[398.8, 15]","[618.93, 28]",303.9,67,189.8,-0.28
07:44:12,"[209.0, 16]","[206.0, 8]","[390.17, 24]","[573.17, 24]",299.58,72,181.17,-0.33
07:44:13,"[212.27, 22]","[208.7, 20]","[504.27, 22]","[417.0, 20]",358.27,84,292.0,0.0
07:44:14,"[213.0, 8]","[209.0, 10]","[776.0, 15]","[777.0, 10]",494.5,43,563.0,-0.16
07:44:15,"[213.5, 10]","[210.33, 15]","[515.61, 33]","[549.97, 35]",364.55,93,302.11,-0.46
07:44:16,"[206.89, 9]","[204.08, 113]","[246.33, 39]","[375.55, 29]",226.61,190,39.44,0.28
07:44:17,"[215.36, 33]","[210.8, 15]","[244.89, 45]","[389.8, 30]",230.13,123,29.53,-0.22
07:44:18,"[217.0, 45]","[214.0, 27]","[244.0, 45]","[414.5, 24]",230.5,141,27.0,0.02
07:44:19,"[216.79, 43]","[213.8, 25]","[242.53, 43]","[260.37, 27]",229.66,138,25.74,-0.01
07:44:20,"[215.12, 34]","[213.46, 37]","[231.25, 60]","[241.27, 55]",223.18,186,16.13,-0.24
07:44:21,"[211.67, 33]","[207.21, 157]","[236.27, 79]","[237.41, 81]",223.97,350,24.6,0.09
07:44:22,"[209.07, 72]","[181.97, 74]","[233.64, 70]","[234.52, 52]",221.36,268,24.57,0.09
07:44:23,"[214.57, 67]","[207.84, 75]","[233.1, 51]","[234.0, 44]",223.83,237,18.53,0.2
07:44:24,"[219.0, 80]","[211.29, 51]","[230.12, 69]","[230.99, 69]",224.56,269,11.12,-0.03
07:44:25,"[219.0, 75]","[216.0, 45]","[225.6, 48]","[226.48, 62]",222.3,230,6.6,0.04
07:44:26,"[219.0, 60]","[216.0, 36]","[222.59, 44]","[223.8, 51]",220.8,191,3.59,0.01
07:44:27,"[217.71, 70]","[214.75, 64]","[219.7, 81]","[220.74, 81]",218.71,296,1.99,-0.09
07:44:28,"[211.47, 57]","[199.92, 96]","[216.51, 59]","[226.26, 61]",213.99,273,5.03,0.12
07:44:29,"[208.0, 93]","[183.0, 13]","[216.67, 61]","[359.6, 25]",212.34,192,8.67,0.1
07:44:30,"[208.03, 72]","[186.32, 22]","[210.0, 55]","[217.0, 11]",209.01,160,1.97,0.17
07:44:31,"[207.21, 86]","[186.42, 33]","[209.88, 43]","[215.6, 15]",208.55,177,2.67,0.34
07:44:32,"[206.0, 114]","[144.94, 32]","[208.99, 76]","[209.9, 50]",207.49,272,2.99,0.07
07:44:33,"[206.0, 48]","[117.0, 24]","[207.19, 21]","[208.83, 24]",206.6,117,1.19,0.23
07:44:34,"[206.0, 38]","[179.43, 14]","[207.0, 46]","[223.65, 23]",206.5,121,1.0,-0.14
07:44:35,"[206.0, 53]","[117.38, 42]","[207.0, 36]","[233.82, 44]",206.5,175,1.0,0.09
07:44:36,"[206.0, 20]","[123.84, 25]","[207.0, 15]","[208.0, 25]",206.5,85,1.0,0.06
07:44:37,"[175.25, 32]","[126.71, 51]","[207.0, 30]","[208.0, 50]",191.12,163,31.75,0.02
07:44:38,"[105.14, 42]","[73.29, 21]","[207.89, 27]","[564.85, 33]",156.52,123,102.75,0.02
07:44:39,"[135.9, 20]","[120.08, 24]","[214.63, 43]","[376.71, 42]",175.26,129,78.73,-0.32
07:44:40,"[166.32, 25]","[110.31, 32]","[436.95, 57]","[603.65, 51]",301.63,165,270.63,-0.31
07:44:41,"[191.04, 25]","[142.17, 35]","[350.6, 60]","[431.18, 61]",270.82,181,159.56,-0.34
07:44:42,"[156.5, 12]","[101.35, 20]","[247.88, 26]","[329.25, 51]",202.19,109,91.38,-0.41
07:44:43,"[136.58, 19]","[79.71, 14]","[269.65, 26]","[368.09, 45]",203.12,104,133.07,-0.37
07:44:44,"[217.0, 10]","[172.89, 18]","[323.4, 40]","[404.4, 40]",270.2,108,106.4,-0.48
07:44:45,"[212.16, 19]","[200.81, 27]","[299.93, 56]","[333.62, 52]",256.04,154,87.77,-0.4
07:44:46,"[210.46, 13]","[209.33, 60]","[360.0, 36]","[361.0, 36]",285.23,145,149.54,0.01
07:44:47,"[210.0, 16]","[209.0, 80]","[359.75, 32]","[409.2, 35]",284.88,163,149.75,0.18
07:44:48,"[210.93, 15]","[209.26, 54]","[358.73, 44]","[394.12, 51]",284.83,164,147.79,-0.16
07:44:49,"[213.67, 48]","[209.55, 44]","[358.0, 56]","[437.78, 18]",285.83,166,144.33,0.11
07:44:50,"[214.0, 16]","[210.0, 16]","[346.96, 25]","[365.24, 34]",280.48,91,132.96,-0.3
07:44:51,"[214.0, 14]","[210.0, 14]","[335.0, 28]","[336.0, 7]",274.5,63,121.0,-0.11
07:44:52,"[214.0, 20]","[210.0, 36]","[333.79, 28]","[334.55, 22]",273.89,106,119.79,0.06
07:44:53,"[214.0, 30]","[210.0, 28]","[297.33, 18]","[320.67, 9]",255.67,85,83.33,0.36
07:44:54,"[214.0, 40]","[210.0, 30]","[293.7, 10]","[297.0, 40]",253.85,120,79.7,0.17
07:44:55,"[215.18, 68]","[213.2, 30]","[222.61, 23]","[241.08, 24]",218.89,145,7.43,0.35
07:44:56,"[216.0, 70]","[214.0, 28]","[217.04, 25]","[218.4, 10]",216.52,133,1.04,0.47
07:44:57,"[216.0, 50]","[214.0, 48]","[217.0, 48]","[368.86, 28]",216.5,174,1.0,0.13
07:44:58,"[214.22, 36]","[211.33, 12]","[363.26, 19]","[425.47, 30]",288.74,97,149.04,-0.01
07:44:59,"[214.0, 28]","[211.33, 9]","[285.14, 7]","[315.0, 8]",249.57,52,71.14,0.42
07:45:00,"[214.0, 16]","[213.0, 14]","[276.0, 7]","[412.59, 22]",245.0,59,62.0,0.02
07:45:01,"[213.25, 16]","[211.2, 10]","[276.0, 8]","[398.0, 8]",244.62,42,62.75,0.24
07:45:02,"[216.6, 20]","[211.38, 13]","[270.62, 13]","[416.31, 29]",243.61,75,54.02,-0.12
07:45:03,"[217.67, 42]","[216.05, 42]","[270.59, 17]","[392.31, 16]",244.13,117,52.92,0.44
07:45:04,"[217.0, 16]","[213.0, 8]","[441.57, 14]","[463.75, 12]",329.29,50,224.57,-0.04
07:45:05,"[216.33, 12]","[212.14, 7]","[325.73, 15]","[402.8, 10]",271.03,44,109.4,-0.14
07:45:06,"[214.6, 10]","[210.75, 8]","[315.71, 14]","[325.17, 18]",265.16,50,101.11,-0.28
07:45:07,"[217.0, 18]","[213.0, 9]","[240.45, 20]","[319.06, 18]",228.72,65,23.45,-0.17
07:45:08,"[215.89, 19]","[210.88, 17]","[231.0, 33]","[324.0, 22]",223.45,91,15.11,-0.21
07:45:09,"[210.8, 40]","[208.2, 60]","[228.58, 24]","[231.0, 36]",219.69,160,17.78,0.25
07:45:10,"[214.0, 59]","[210.0, 14]","[225.87, 15]","[230.4, 20]",219.93,108,11.87,0.35
07:45:11,"[214.0, 63]","[211.8, 50]","[223.33, 27]","[224.22, 23]",218.67,163,9.33,0.39
07:45:12,"[214.0, 72]","[213.0, 60]","[222.0, 24]","[223.0, 36]",218.0,192,8.0,0.38
07:45:13,"[214.0, 42]","[213.0, 35]","[219.88, 17]","[220.67, 18]",216.94,112,5.88,0.38
07:45:14,"[214.0, 78]","[213.0, 65]","[216.41, 27]","[218.0, 38]",215.2,208,2.41,0.38
07:45:15,"[214.0, 20]","[213.0, 50]","[215.86, 21]","[221.92, 26]",214.93,117,1.86,0.2
07:45:16,"[214.0, 20]","[213.0, 55]","[216.91, 22]","[394.2, 25]",215.45,122,2.91,0.23
07:45:17,"[213.0, 33]","[210.0, 22]","[215.64, 22]","[677.36, 22]",214.32,99,2.64,0.11
07:45:18,"[213.88, 73]","[212.54, 35]","[453.27, 41]","[714.77, 26]",333.57,175,239.39,0.23
07:45:19,"[214.0, 25]","[213.0, 27]","[252.0, 45]","[584.44, 18]",233.0,115,38.0,-0.1
07:45:20,"[214.75, 12]","[213.0, 36]","[252.15, 54]","[300.5, 24]",233.45,126,37.4,-0.24
07:45:21,"[216.0, 10]","[213.25, 32]","[545.43, 21]","[729.03, 35]",380.71,98,329.43,-0.14
07:45:22,"[215.54, 13]","[213.93, 43]","[337.39, 31]","[600.15, 26]",276.46,113,121.85,-0.01
07:45:23,"[214.0, 45]","[213.0, 30]","[500.9, 20]","[591.2, 20]",357.45,115,286.9,0.3
07:45:24,"[214.0, 97]","[213.0, 42]","[515.48, 42]","[536.78, 41]",364.74,222,301.48,0.25
07:45:25,"[215.0, 14]","[214.0, 42]","[363.55, 33]","[380.23, 35]",289.27,124,148.55,-0.1
07:45:26,"[213.69, 32]","[212.69, 39]","[353.42, 38]","[358.37, 46]",283.55,155,139.73,-0.08
07:45:27,"[213.0, 33]","[210.0, 11]","[339.5, 20]","[369.18, 22]",276.25,86,126.5,0.02
07:45:28,"[213.0, 11]","[210.88, 16]","[289.38, 13]","[299.86, 14]",251.19,54,76.38,0.0
07:45:29,"[213.0, 10]","[210.18, 11]","[288.56, 16]","[289.43, 14]",250.78,51,75.56,-0.18
07:45:30,"[209.36, 11]","[207.15, 59]","[284.71, 14]","[286.0, 7]",247.04,91,75.35,0.54
07:45:31,"[213.32, 19]","[209.05, 43]","[282.39, 23]","[285.38, 13]",247.85,98,69.08,0.27
07:45:32,"[217.0, 13]","[214.0, 26]","[272.39, 23]","[277.79, 24]",244.7,86,55.39,-0.09
07:45:33,"[208.75, 24]","[207.18, 158]","[253.22, 36]","[256.21, 33]",230.99,251,44.47,0.45
07:45:34,"[208.0, 22]","[207.0, 154]","[248.83, 12]","[249.95, 21]",228.42,209,40.83,0.68
07:45:35,"[210.19, 32]","[207.03, 130]","[245.55, 44]","[248.0, 22]",227.87,228,35.36,0.42
07:45:36,"[213.46, 26]","[212.57, 46]","[243.55, 22]","[245.67, 18]",228.5,112,30.08,0.29
07:45:37,"[214.88, 16]","[208.0, 16]","[241.43, 14]","[242.0, 10]",228.15,56,26.55,0.14
07:45:38,"[215.0, 30]","[208.8, 30]","[235.83, 46]","[236.33, 27]",225.41,133,20.83,-0.1
07:45:39,"[212.14, 14]","[208.66, 64]","[226.8, 30]","[227.63, 27]",219.47,135,14.66,0.16
07:45:40,"[219.0, 60]","[214.0, 12]","[222.33, 24]","[223.11, 35]",220.67,131,3.33,0.1
07:45:41,"[213.81, 26]","[209.1, 94]","[218.33, 15]","[220.5, 18]",216.07,153,4.53,0.57
07:45:42,"[209.6, 20]","[208.93, 58]","[215.2, 10]","[216.5, 8]",212.4,96,5.6,0.62
07:45:43,"[209.31, 16]","[208.04, 75]","[212.7, 20]","[213.17, 18]",211.01,129,3.39,0.41
07:45:44,"[207.27, 22]","[150.86, 29]","[209.75, 28]","[211.3, 10]",208.51,89,2.48,0.15
07:45:45,"[207.4, 10]","[206.14, 14]","[208.89, 28]","[209.5, 20]",208.15,72,1.49,-0.33
07:45:46,"[206.33, 15]","[180.0, 15]","[208.58, 26]","[221.89, 38]",207.46,94,2.24,-0.36
07:45:47,"[206.33, 15]","[180.0, 15]","[208.0, 45]","[209.0, 50]",207.17,125,1.67,-0.52
07:45:48,"[205.56, 18]","[149.25, 48]","[207.47, 15]","[208.26, 38]",206.51,119,1.91,0.11
07:45:49,"[205.0, 18]","[161.72, 47]","[207.26, 19]","[208.49, 41]",206.13,125,2.26,0.04
07:45:50,"[153.94, 34]","[120.77, 52]","[207.29, 42]","[208.53, 38]",180.61,166,53.34,0.04
07:45:51,"[143.0, 63]","[71.14, 42]","[207.0, 45]","[208.0, 27]",175.0,177,64.0,0.19
07:45:52,"[146.49, 39]","[107.22, 32]","[204.75, 24]","[207.38, 24]",175.62,119,58.26,0.19
07:45:53,"[150.34, 47]","[126.65, 65]","[201.0, 30]","[207.0, 66]",175.67,208,50.66,0.08
07:45:54,"[177.68, 47]","[89.77, 31]","[201.0, 21]","[207.0, 49]",189.34,148,23.32,0.05
07:45:55,"[197.16, 25]","[179.3, 40]","[201.0, 21]","[204.84, 25]",199.08,111,3.84,0.17
07:45:56,"[198.0, 5]","[111.8, 35]","[201.0, 15]","[204.0, 15]",199.5,70,3.0,0.14
07:45:57,"[198.0, 14]","[134.25, 76]","[200.14, 42]","[201.43, 42]",199.07,174,2.14,0.03
07:45:58,"[198.75, 8]","[136.0, 40]","[201.26, 23]","[204.75, 28]",200.01,99,2.51,-0.03
07:45:59,"[199.88, 8]","[136.0, 40]","[207.0, 53]","[208.0, 32]",203.44,133,7.12,-0.28
07:46:00,"[202.71, 35]","[136.43, 23]","[207.75, 48]","[208.85, 53]",205.23,159,5.04,-0.27
07:46:01,"[204.0, 28]","[201.0, 7]","[208.17, 29]","[218.53, 34]",206.09,98,4.17,-0.29
07:46:02,"[204.09, 44]","[201.0, 11]","[317.78, 46]","[381.4, 35]",260.94,136,113.69,-0.19
07:46:03,"[210.27, 15]","[99.91, 22]","[313.4, 50]","[426.63, 41]",261.83,128,103.13,-0.42
07:46:04,"[218.0, 14]","[216.91, 67]","[400.0, 56]","[428.0, 14]",309.0,151,182.0,0.07
07:46:05,"[219.62, 37]","[217.12, 40]","[415.11, 36]","[485.39, 36]",317.37,149,195.49,0.03
07:46:06,"[220.0, 42]","[218.0, 11]","[390.2, 20]","[541.38, 26]",305.1,99,170.2,0.07
07:46:07,"[220.0, 14]","[218.0, 7]","[299.43, 7]","[559.0, 28]",259.71,56,79.43,-0.25
07:46:08,"[220.0, 16]","[218.0, 9]","[310.09, 23]","[542.82, 33]",265.04,81,90.09,-0.38
07:46:09,"[220.0, 6]","[218.0, 6]","[309.0, 18]","[547.0, 24]",264.5,54,89.0,-0.56
07:46:10,"[217.12, 26]","[215.5, 6]","[308.67, 18]","[533.8, 25]",262.89,75,91.55,-0.15
07:46:11,"[217.0, 55]","[215.0, 11]","[270.33, 36]","[301.93, 42]",243.67,144,53.33,-0.08
07:46:12,"[217.57, 14]","[216.5, 8]","[266.0, 12]","[268.0, 16]",241.79,50,48.43,-0.12
07:46:13,"[218.0, 32]","[217.0, 24]","[240.17, 36]","[266.62, 26]",229.08,118,22.17,-0.05
07:46:14,"[218.0, 40]","[217.0, 36]","[265.89, 37]","[322.53, 53]",241.95,166,47.89,-0.08
07:46:15,"[218.0, 30]","[217.0, 45]","[261.75, 48]","[263.67, 57]",239.88,180,43.75,-0.17
07:46:16,"[217.21, 19]","[216.17, 36]","[231.1, 29]","[287.67, 24]",224.16,108,13.89,0.02
07:46:17,"[216.44, 43]","[215.72, 58]","[257.38, 26]","[316.79, 38]",236.91,165,40.94,0.22
07:46:18,"[216.0, 18]","[215.0, 36]","[253.61, 36]","[254.61, 28]",234.81,118,37.61,-0.08
07:46:19,"[216.0, 16]","[215.0, 32]","[246.27, 22]","[251.15, 33]",231.14,103,30.27,-0.07
07:46:20,"[216.0, 20]","[215.0, 40]","[230.68, 44]","[231.45, 29]",223.34,133,14.68,-0.1
07:46:21,"[216.0, 28]","[215.0, 56]","[221.56, 54]","[222.8, 54]",218.78,192,5.56,-0.12
07:46:22,"[216.0, 28]","[215.0, 56]","[217.29, 52]","[218.8, 50]",216.64,186,1.29,-0.1
07:46:23,"[213.14, 56]","[212.6, 40]","[215.74, 43]","[216.78, 51]",214.44,190,2.6,0.01
07:46:24,"[211.02, 50]","[209.52, 23]","[262.05, 63]","[319.29, 49]",236.53,185,51.03,-0.21
07:46:25,"[207.9, 20]","[198.6, 30]","[341.83, 69]","[372.31, 72]",274.86,191,133.93,-0.48
07:46:26,"[208.17, 12]","[206.26, 38]","[305.83, 48]","[391.24, 42]",257.0,140,97.67,-0.29
07:46:27,"[210.0, 15]","[206.0, 60]","[269.4, 60]","[357.33, 60]",239.7,195,59.4,-0.23
07:46:28,"[212.7, 10]","[206.0, 40]","[346.54, 26]","[358.56, 36]",279.62,112,133.84,-0.11
07:46:29,"[213.0, 11]","[206.0, 44]","[344.06, 34]","[345.62, 32]",278.53,121,131.06,-0.09
07:46:30,"[214.9, 10]","[211.09, 33]","[271.38, 45]","[326.67, 33]",243.14,121,56.48,-0.29
07:46:31,"[214.03, 37]","[208.25, 55]","[230.38, 52]","[267.95, 44]",222.21,188,16.36,-0.02
07:46:32,"[214.0, 33]","[172.36, 44]","[228.33, 36]","[267.53, 30]",221.17,143,14.33,0.08
07:46:33,"[214.0, 30]","[208.0, 40]","[225.25, 32]","[225.76, 34]",219.62,136,11.25,0.03
07:46:34,"[214.0, 42]","[208.0, 56]","[220.08, 37]","[222.62, 58]",217.04,193,6.08,0.02
07:46:35,"[214.0, 19]","[208.0, 52]","[216.91, 44]","[217.94, 34]",215.45,149,2.91,-0.05
07:46:36,"[210.4, 20]","[207.83, 35]","[215.53, 38]","[219.9, 31]",212.96,124,5.13,-0.11
07:46:37,"[208.0, 28]","[206.0, 7]","[216.71, 17]","[222.62, 32]",212.35,84,8.71,-0.17
07:46:38,"[208.0, 32]","[206.0, 8]","[214.25, 28]","[215.24, 34]",211.12,102,6.25,-0.22
07:46:39,"[208.0, 36]","[206.0, 9]","[212.05, 19]","[213.91, 33]",210.03,97,4.05,-0.07
07:46:40,"[206.35, 40]","[199.28, 25]","[211.73, 44]","[212.94, 83]",209.04,192,5.38,-0.32
07:46:41,"[177.67, 21]","[155.73, 56]","[208.12, 73]","[209.81, 63]",192.89,213,30.46,-0.28
07:46:42,"[170.67, 18]","[121.82, 33]","[206.54, 37]","[207.73, 41]",188.6,129,35.87,-0.21
07:46:43,"[160.0, 18]","[129.15, 79]","[246.22, 60]","[249.67, 85]",203.11,242,86.22,-0.2
07:46:44,"[203.6, 10]","[171.43, 28]","[390.83, 35]","[466.32, 19]",297.21,92,187.23,-0.17
07:46:45,"[220.0, 13]","[209.09, 66]","[399.76, 17]","[401.06, 64]",309.88,160,179.76,-0.01
07:46:46,"[217.12, 48]","[215.78, 36]","[369.26, 46]","[379.08, 26]",293.19,156,152.14,0.08
07:46:47,"[217.0, 24]","[215.0, 24]","[361.41, 59]","[368.69, 16]",289.2,123,144.41,-0.22
07:46:48,"[214.48, 25]","[211.64, 25]","[365.91, 33]","[366.86, 21]",290.19,104,151.43,-0.04
07:46:49,"[214.0, 36]","[211.0, 36]","[330.15, 34]","[336.61, 41]",272.07,147,116.15,-0.02
07:46:50,"[215.88, 34]","[212.71, 42]","[268.79, 14]","[353.99, 67]",242.33,157,52.9,-0.03
07:46:51,"[218.0, 29]","[214.0, 42]","[267.12, 26]","[311.24, 46]",242.56,143,49.12,-0.01
07:46:52,"[218.0, 25]","[214.0, 30]","[263.94, 18]","[266.86, 42]",240.97,115,45.94,-0.04
07:46:53,"[216.91, 22]","[213.18, 33]","[262.06, 79]","[264.0, 11]",239.49,145,45.15,-0.24
07:46:54,"[214.0, 32]","[211.0, 48]","[261.12, 80]","[264.0, 16]",237.56,176,47.12,-0.09
07:46:55,"[214.0, 16]","[211.0, 24]","[260.25, 40]","[264.0, 8]",237.12,88,46.25,-0.09
07:46:56,"[214.0, 14]","[211.0, 21]","[259.0, 35]","[264.0, 7]",236.5,77,45.0,-0.09
07:46:57,"[214.17, 24]","[211.63, 38]","[255.41, 61]","[260.54, 26]",234.79,149,41.24,-0.17
07:46:58,"[211.9, 29]","[208.77, 62]","[213.88, 52]","[253.23, 39]",212.89,182,1.99,0.0
07:46:59,"[210.3, 23]","[207.54, 39]","[225.68, 19]","[282.88, 49]",217.99,130,15.38,-0.05
07:47:00,"[217.0, 7]","[210.0, 21]","[227.0, 7]","[313.5, 16]",222.0,51,10.0,0.1
07:47:01,"[217.0, 41]","[210.08, 25]","[310.33, 24]","[445.78, 27]",263.67,117,93.33,0.13
07:47:02,"[218.5, 12]","[216.09, 11]","[316.55, 22]","[486.78, 23]",267.52,68,98.05,-0.32
07:47:03,"[220.0, 14]","[217.0, 21]","[303.0, 28]","[304.0, 35]",261.5,98,83.0,-0.29
07:47:04,"[218.62, 26]","[215.89, 28]","[303.0, 52]","[304.0, 65]",260.81,171,84.38,-0.37
07:47:05,"[217.0, 22]","[214.0, 16]","[277.73, 22]","[302.29, 35]",247.36,95,60.73,-0.2
07:47:06,"[217.0, 42]","[214.0, 28]","[248.87, 30]","[299.07, 54]",232.93,154,31.87,-0.09
07:47:07,"[217.0, 24]","[214.0, 16]","[247.62, 32]","[364.41, 37]",232.31,109,30.62,-0.27
07:47:08,"[214.13, 60]","[212.72, 54]","[246.27, 60]","[256.0, 60]",230.2,234,32.13,-0.03
07:47:09,"[216.0, 40]","[215.0, 50]","[245.76, 37]","[313.62, 32]",230.88,159,29.76,0.13
07:47:10,"[215.11, 36]","[210.86, 29]","[245.0, 27]","[246.0, 36]",230.06,128,29.89,0.02
07:47:11,"[216.22, 49]","[211.76, 34]","[244.28, 50]","[245.5, 48]",230.25,181,28.06,-0.08
07:47:12,"[220.0, 26]","[216.33, 18]","[243.0, 52]","[245.0, 39]",231.5,135,23.0,-0.35
07:47:13,"[220.0, 26]","[218.0, 13]","[242.61, 46]","[243.93, 45]",231.3,130,22.61,-0.4
07:47:14,"[214.77, 22]","[213.69, 36]","[241.3, 40]","[242.43, 37]",228.04,135,26.53,-0.14
07:47:15,"[214.0, 21]","[211.0, 7]","[236.4, 20]","[240.88, 25]",225.2,73,22.4,-0.23
07:47:16,"[214.0, 18]","[211.0, 6]","[220.36, 14]","[235.25, 16]",217.18,54,6.36,-0.11
07:47:17,"[212.96, 23]","[210.47, 15]","[217.92, 39]","[238.39, 46]",215.44,123,4.97,-0.38
07:47:18,"[210.0, 30]","[209.0, 20]","[217.0, 30]","[241.0, 40]",213.5,120,7.0,-0.17
07:47:19,"[210.0, 24]","[209.0, 16]","[216.88, 24]","[241.0, 32]",213.44,96,6.88,-0.17
07:47:20,"[210.0, 36]","[209.0, 24]","[214.11, 38]","[227.49, 43]",212.05,141,4.11,-0.15
07:47:21,"[197.66, 35]","[159.89, 35]","[210.65, 34]","[212.98, 41]",204.15,145,12.99,-0.03
07:47:22,"[184.44, 27]","[154.35, 17]","[202.0, 16]","[206.0, 8]",193.22,68,17.56,0.29
07:47:23,"[140.8, 30]","[85.5, 40]","[205.73, 45]","[206.35, 20]",173.27,135,64.93,0.04
07:47:24,"[166.44, 36]","[129.42, 31]","[205.41, 44]","[206.16, 19]",185.93,130,38.96,0.03
07:47:25,"[180.0, 24]","[85.82, 22]","[205.0, 13]","[206.0, 6]",192.5,65,25.0,0.42
07:47:26,"[174.86, 28]","[145.65, 23]","[205.0, 14]","[206.0, 15]",189.93,80,30.14,0.28
07:47:27,"[181.17, 35]","[123.3, 40]","[205.0, 20]","[206.0, 30]",193.09,125,23.83,0.2
07:47:28,"[134.11, 28]","[92.75, 32]","[291.33, 9]","[372.0, 12]",212.72,81,157.23,0.48
07:47:29,"[129.38, 26]","[99.38, 32]","[360.94, 32]","[584.09, 22]",245.16,112,231.55,0.04
07:47:30,"[97.09, 22]","[78.0, 24]","[356.25, 16]","[508.0, 30]",226.67,92,259.16,0.0
07:47:31,"[120.3, 20]","[81.35, 34]","[225.0, 18]","[491.67, 45]",172.65,117,104.7,-0.08
07:47:32,"[166.38, 26]","[125.62, 32]","[213.75, 16]","[597.13, 31]",190.07,105,47.37,0.1
07:47:33,"[193.79, 28]","[149.76, 17]","[207.0, 10]","[516.47, 30]",200.39,85,13.21,0.06
07:47:34,"[197.24, 17]","[186.41, 17]","[208.87, 15]","[327.97, 39]",203.05,88,11.63,-0.23
07:47:35,"[205.73, 15]","[202.55, 20]","[209.0, 24]","[210.0, 60]",207.37,119,3.27,-0.41
07:47:36,"[193.43, 7]","[181.2, 15]","[208.0, 14]","[209.0, 14]",200.71,50,14.57,-0.12
07:47:37,"[163.04, 24]","[120.88, 25]","[205.12, 32]","[247.37, 27]",184.08,108,42.08,-0.09
07:47:38,"[113.0, 12]","[85.69, 26]","[202.93, 46]","[209.7, 46]",157.97,130,89.93,-0.42
07:47:39,"[145.86, 7]","[132.09, 11]","[202.0, 21]","[203.0, 14]",173.93,53,56.14,-0.32
07:47:40,"[137.0, 9]","[125.67, 9]","[202.0, 18]","[203.0, 12]",169.5,48,65.0,-0.25
07:47:41,"[72.17, 12]","[31.44, 9]","[202.0, 14]","[203.0, 14]",137.08,49,129.83,-0.14
07:47:42,"[181.32, 34]","[170.96, 26]","[202.0, 14]","[203.0, 14]",191.66,88,20.68,0.36
07:47:43,"[184.86, 56]","[183.03, 58]","[203.0, 24]","[209.0, 12]",193.93,150,18.14,0.52
07:47:44,"[198.44, 36]","[188.65, 37]","[203.79, 19]","[209.5, 16]",201.12,108,5.35,0.35
07:47:45,"[200.92, 13]","[187.45, 29]","[204.0, 15]","[209.0, 5]",202.46,62,3.08,0.35
07:47:46,"[202.88, 25]","[195.55, 60]","[205.25, 28]","[209.8, 35]",204.06,148,2.37,0.15
07:47:47,"[205.78, 18]","[204.37, 27]","[209.82, 22]","[226.36, 22]",207.8,89,4.04,0.01
07:47:48,"[206.18, 28]","[198.33, 12]","[289.0, 30]","[374.72, 18]",247.59,88,82.82,-0.09
07:47:49,"[191.22, 9]","[181.67, 9]","[212.86, 14]","[238.87, 23]",202.04,55,21.63,-0.35
07:47:50,"[192.0, 8]","[177.0, 8]","[213.0, 21]","[227.2, 15]",202.5,52,21.0,-0.38
07:47:51,"[192.0, 9]","[132.56, 32]","[233.0, 27]","[419.8, 15]",212.5,83,41.0,-0.01
07:47:52,"[193.86, 35]","[171.47, 60]","[274.08, 25]","[367.13, 15]",233.97,135,80.22,0.41
07:47:53,"[195.0, 9]","[194.0, 126]","[203.67, 12]","[293.26, 19]",199.33,166,8.67,0.63
07:47:54,"[196.49, 117]","[197.69, 78]","[203.0, 34]","[204.0, 13]",199.74,242,6.51,0.61
07:47:55,"[200.3, 10]","[198.0, 140]","[203.0, 19]","[204.0, 10]",201.65,179,2.7,0.68
07:47:56,"[198.25, 61]","[183.96, 94]","[202.4, 20]","[205.78, 9]",200.32,184,4.15,0.68
07:47:57,"[199.14, 98]","[143.0, 42]","[202.0, 21]","[204.0, 7]",200.57,168,2.86,0.67
07:47:58,"[200.0, 126]","[194.0, 54]","[212.36, 11]","[289.38, 13]",206.18,204,12.36,0.76
07:47:59,"[202.83, 84]","[196.34, 82]","[320.11, 9]","[424.96, 23]",261.47,198,117.28,0.68
07:48:00,"[200.69, 100]","[108.5, 16]","[239.59, 17]","[390.38, 8]",220.14,141,38.9,0.65
07:48:01,"[202.52, 161]","[141.1, 87]","[284.71, 28]","[327.52, 46]",243.61,322,82.2,0.54
07:48:02,"[203.47, 119]","[173.37, 71]","[300.03, 37]","[368.67, 15]",251.75,242,96.56,0.57
07:48:03,"[208.37, 19]","[205.33, 42]","[297.33, 36]","[466.0, 9]",252.85,106,88.96,0.15
07:48:04,"[211.93, 162]","[211.25, 87]","[290.92, 53]","[361.41, 29]",251.43,331,78.99,0.5
07:48:05,"[213.23, 163]","[212.53, 106]","[279.04, 49]","[322.09, 35]",246.13,353,65.81,0.52
07:48:06,"[215.1, 50]","[213.0, 140]","[294.0, 40]","[361.0, 10]",254.55,240,78.9,0.58
07:48:07,"[217.0, 60]","[213.0, 168]","[294.0, 48]","[361.0, 12]",255.5,288,77.0,0.58
07:48:08,"[217.0, 70]","[214.86, 196]","[292.46, 61]","[302.66, 41]",254.73,368,75.46,0.45
07:48:09,"[217.0, 38]","[215.0, 126]","[289.89, 45]","[292.0, 36]",253.44,245,72.89,0.34
07:48:10,"[217.0, 36]","[215.0, 168]","[287.0, 50]","[289.0, 58]",252.0,312,70.0,0.31
07:48:11,"[215.82, 17]","[214.97, 99]","[281.39, 33]","[282.71, 34]",248.61,183,65.57,0.27
07:48:12,"[215.0, 72]","[212.0, 8]","[276.12, 32]","[278.0, 40]",245.56,152,61.12,0.05
07:48:13,"[215.19, 81]","[214.63, 81]","[273.56, 52]","[275.96, 47]",244.37,261,58.37,0.24
07:48:14,"[216.1, 10]","[215.04, 46]","[271.0, 25]","[275.0, 20]",243.55,101,54.9,0.11
07:48:15,"[215.06, 65]","[214.17, 46]","[270.11, 45]","[275.0, 36]",242.59,192,55.05,0.16
07:48:16,"[215.0, 36]","[214.0, 30]","[266.96, 24]","[268.24, 21]",240.98,111,51.96,0.19
07:48:17,"[215.0, 56]","[214.0, 66]","[261.0, 53]","[263.0, 50]",238.0,225,46.0,0.08
07:48:18,"[215.0, 40]","[214.0, 60]","[255.11, 36]","[256.67, 48]",235.06,184,40.11,0.09
07:48:19,"[215.0, 48]","[214.0, 72]","[252.67, 27]","[254.6, 47]",233.83,194,37.67,0.24
07:48:20,"[215.0, 74]","[214.0, 66]","[249.0, 22]","[252.0, 55]",232.0,217,34.0,0.29
07:48:21,"[216.2, 20]","[214.78, 55]","[245.8, 35]","[246.88, 32]",231.0,142,29.6,0.06
07:48:22,"[214.4, 30]","[212.75, 12]","[241.0, 52]","[243.23, 26]",227.7,120,26.6,-0.3
07:48:23,"[220.0, 40]","[214.0, 45]","[232.22, 27]","[234.57, 37]",226.11,149,12.22,0.14
07:48:24,"[220.0, 44]","[214.62, 106]","[222.93, 15]","[223.89, 18]",221.47,183,2.93,0.64
07:48:25,"[220.0, 36]","[215.0, 99]","[221.0, 18]","[222.0, 9]",220.5,162,1.0,0.67
07:48:26,"[215.21, 95]","[214.22, 50]","[220.07, 28]","[220.92, 24]",217.64,197,4.86,0.47
07:48:27,"[213.48, 27]","[213.27, 26]","[216.0, 25]","[217.33, 15]",214.74,93,2.52,0.14
07:48:28,"[210.0, 52]","[209.0, 24]","[211.84, 32]","[213.44, 18]",210.92,126,1.84,0.21
07:48:29,"[209.77, 26]","[205.71, 14]","[211.09, 22]","[365.0, 10]",210.43,72,1.32,0.11
07:48:30,"[209.0, 27]","[132.22, 37]","[211.67, 9]","[381.11, 27]",210.33,100,2.67,0.28
07:48:31,"[209.29, 21]","[170.91, 34]","[211.0, 8]","[276.0, 24]",210.14,87,1.71,0.26
07:48:32,"[210.8, 20]","[209.14, 28]","[275.12, 24]","[343.13, 46]",242.96,118,64.32,-0.19
07:48:33,"[215.55, 22]","[213.64, 22]","[401.57, 53]","[493.36, 33]",308.56,130,186.02,-0.32
07:48:34,"[216.21, 28]","[214.29, 21]","[403.48, 46]","[518.84, 38]",309.85,133,187.26,-0.26
07:48:35,"[219.23, 31]","[216.11, 18]","[316.5, 32]","[367.25, 48]",267.86,129,97.27,-0.24
07:48:36,"[216.81, 32]","[213.43, 14]","[300.57, 14]","[302.0, 21]",258.69,81,83.76,0.14
07:48:37,"[217.0, 25]","[214.25, 8]","[299.4, 10]","[302.0, 15]",258.2,58,82.4,0.14
07:48:38,"[216.4, 25]","[212.22, 18]","[275.46, 26]","[328.27, 40]",245.93,109,59.06,-0.21
07:48:39,"[214.0, 11]","[210.0, 22]","[252.7, 23]","[298.2, 25]",233.35,81,38.7,-0.19
07:48:40,"[214.0, 10]","[210.0, 20]","[233.0, 26]","[246.78, 27]",223.5,83,19.0,-0.28
07:48:41,"[208.0, 40]","[207.0, 40]","[221.9, 20]","[238.12, 25]",214.95,125,13.9,0.28
07:48:42,"[208.0, 26]","[207.0, 48]","[217.8, 25]","[219.42, 24]",212.9,123,9.8,0.2
07:48:43,"[208.83, 47]","[207.62, 42]","[213.73, 41]","[214.89, 35]",211.28,165,4.9,0.08
07:48:44,"[210.31, 39]","[208.31, 26]","[213.0, 19]","[214.73, 33]",211.65,117,2.69,0.11
07:48:45,"[210.0, 12]","[205.7, 100]","[212.39, 28]","[217.0, 24]",211.2,164,2.39,0.37
07:48:46,"[207.23, 62]","[196.61, 54]","[211.11, 28]","[282.07, 29]",209.17,173,3.88,0.34
07:48:47,"[207.47, 49]","[174.13, 39]","[390.38, 32]","[502.53, 30]",298.92,150,182.91,0.17
07:48:48,"[215.0, 17]","[212.14, 43]","[382.57, 49]","[453.16, 50]",298.79,159,167.57,-0.25
07:48:49,"[217.0, 11]","[214.0, 33]","[340.33, 43]","[377.4, 50]",278.66,137,123.33,-0.36
07:48:50,"[211.4, 15]","[206.63, 38]","[268.0, 40]","[353.79, 28]",239.7,121,56.6,-0.12
07:48:51,"[214.69, 61]","[207.0, 50]","[226.75, 48]","[244.24, 50]",220.72,209,12.06,0.06
07:48:52,"[210.68, 41]","[187.29, 21]","[217.32, 41]","[303.3, 40]",214.0,143,6.63,-0.13
07:48:53,"[200.23, 31]","[143.19, 26]","[210.0, 50]","[220.0, 30]",205.11,137,9.77,-0.17
07:48:54,"[204.0, 40]","[151.1, 30]","[209.8, 44]","[214.63, 41]",206.9,155,5.8,-0.1
07:48:55,"[205.0, 52]","[168.05, 42]","[208.38, 39]","[210.0, 74]",206.69,207,3.38,-0.09
