Time,Bid1,Bid2,Ask1,Ask2,Mid-Price,Total_volume,Bid_ask_spread,Order_imbalance
07:30:00,"[0, 0]","[0, 0]","[262.0, 4]","[0, 0]",131.0,4,262.0,-1.0
07:30:01,"[1.0, 1]","[0, 0]","[262.0, 4]","[0, 0]",131.5,5,261.0,-0.6
07:30:02,"[225.0, 30]","[1.0, 2]","[261.44, 9]","[262.0, 4]",243.22,45,36.44,0.42
07:30:03,"[225.08, 49]","[210.23, 39]","[259.6, 25]","[262.0, 20]",242.34,133,34.52,0.32
07:30:04,"[227.0, 12]","[225.0, 90]","[258.11, 46]","[262.0, 8]",242.55,156,31.11,0.31
07:30:05,"[227.0, 18]","[225.0, 135]","[258.0, 81]","[376.22, 9]",242.5,243,31.0,0.26
07:30:06,"[227.0, 8]","[225.0, 75]","[258.0, 45]","[513.29, 7]",242.5,135,31.0,0.23
07:30:07,"[227.0, 6]","[225.0, 90]","[257.05, 22]","[277.38, 26]",242.02,144,30.05,0.33
07:30:08,"[225.47, 17]","[224.97, 61]","[254.4, 10]","[257.0, 25]",239.94,113,28.93,0.38
07:30:09,"[225.0, 78]","[223.0, 6]","[253.43, 14]","[256.78, 27]",239.21,125,28.43,0.34
07:30:10,"[225.12, 74]","[224.77, 44]","[250.73, 15]","[252.0, 18]",237.93,151,25.61,0.56
07:30:11,"[226.0, 30]","[225.0, 130]","[247.75, 32]","[250.25, 16]",236.88,208,21.75,0.54
07:30:12,"[225.69, 35]","[224.98, 105]","[246.36, 22]","[247.38, 32]",236.02,194,20.68,0.44
07:30:13,"[225.0, 99]","[223.0, 9]","[238.5, 28]","[238.07, 27]",231.75,163,13.5,0.33
07:30:14,"[225.0, 82]","[223.0, 10]","[229.83, 30]","[230.17, 30]",227.42,152,4.83,0.21
07:30:15,"[225.0, 55]","[223.0, 10]","[227.13, 15]","[228.39, 18]",226.07,98,2.13,0.33
07:30:16,"[221.62, 13]","[220.4, 30]","[223.94, 18]","[227.79, 14]",222.78,75,2.33,0.15
07:30:17,"[220.0, 12]","[219.0, 18]","[221.5, 12]","[222.5, 8]",220.75,50,1.5,0.2
07:30:18,"[219.67, 18]","[215.0, 26]","[221.29, 14]","[227.0, 12]",220.48,70,1.62,0.26
07:30:19,"[219.0, 30]","[200.0, 30]","[222.6, 10]","[231.0, 38]",220.8,108,3.6,0.11
07:30:20,"[219.0, 39]","[201.86, 43]","[221.62, 13]","[228.0, 39]",220.31,134,2.62,0.22
07:30:21,"[221.7, 89]","[214.62, 39]","[228.78, 37]","[230.82, 51]",225.24,216,7.09,0.19
07:30:22,"[222.0, 84]","[219.13, 31]","[229.64, 33]","[230.61, 46]",225.82,194,7.64,0.19
07:30:23,"[223.44, 32]","[222.12, 68]","[227.53, 30]","[230.47, 45]",225.49,175,4.1,0.14
07:30:24,"[222.43, 35]","[221.71, 35]","[229.04, 25]","[232.57, 35]",225.73,130,6.61,0.08
07:30:25,"[222.0, 84]","[220.0, 14]","[229.41, 22]","[230.98, 46]",225.7,166,7.41,0.18
07:30:26,"[222.0, 78]","[220.0, 13]","[226.77, 13]","[229.0, 39]",224.38,143,4.77,0.27
07:30:27,"[222.0, 60]","[220.0, 12]","[225.42, 12]","[231.32, 38]",223.71,122,3.42,0.18
07:30:28,"[222.0, 32]","[220.0, 8]","[223.77, 13]","[224.45, 11]",222.88,64,1.77,0.25
07:30:29,"[222.0, 20]","[220.0, 6]","[223.0, 6]","[224.0, 12]",222.5,44,1.0,0.18
07:30:30,"[221.71, 21]","[219.4, 15]","[223.0, 9]","[231.0, 36]",222.36,81,1.29,-0.11
07:30:31,"[220.69, 13]","[219.43, 21]","[227.59, 27]","[230.45, 44]",224.14,105,6.9,-0.35
07:30:32,"[221.91, 44]","[219.54, 13]","[230.95, 60]","[232.6, 20]",226.43,137,9.04,-0.17
07:30:33,"[222.0, 49]","[220.0, 8]","[230.0, 24]","[231.62, 32]",226.0,113,8.0,0.01
07:30:34,"[222.0, 35]","[220.0, 5]","[230.0, 15]","[232.0, 20]",226.0,75,8.0,0.07
07:30:35,"[221.65, 26]","[218.91, 11]","[230.0, 30]","[232.0, 40]",225.83,107,8.35,-0.31
07:30:36,"[216.78, 27]","[209.1, 20]","[230.0, 33]","[232.0, 44]",223.39,124,13.22,-0.24
07:30:37,"[215.65, 20]","[212.0, 15]","[230.0, 21]","[232.0, 28]",222.82,84,14.35,-0.17
07:30:38,"[216.0, 30]","[214.0, 20]","[230.0, 30]","[232.43, 28]",223.0,108,14.0,-0.07
07:30:39,"[216.0, 27]","[214.56, 18]","[230.0, 54]","[233.0, 18]",223.0,117,14.0,-0.23
07:30:40,"[217.12, 34]","[215.46, 26]","[230.0, 72]","[233.0, 24]",223.56,156,12.88,-0.23
07:30:41,"[219.49, 47]","[216.15, 66]","[229.28, 100]","[230.75, 80]",224.38,293,9.79,-0.23
07:30:42,"[221.39, 31]","[217.39, 46]","[226.83, 69]","[228.6, 75]",224.11,221,5.44,-0.3
07:30:43,"[215.62, 71]","[214.83, 23]","[225.57, 56]","[227.5, 48]",220.6,198,9.95,-0.05
07:30:44,"[212.44, 68]","[211.94, 83]","[222.81, 31]","[227.2, 61]",217.62,243,10.37,0.24
07:30:45,"[213.15, 13]","[212.0, 130]","[223.64, 33]","[225.46, 39]",218.4,215,10.48,0.33
07:30:46,"[214.0, 14]","[212.29, 140]","[222.39, 36]","[224.23, 78]",218.19,268,8.39,0.15
07:30:47,"[215.41, 17]","[212.94, 170]","[218.78, 45]","[222.53, 60]",217.09,292,3.37,0.28
07:30:48,"[213.14, 28]","[211.86, 84]","[217.88, 26]","[223.05, 22]",215.51,160,4.74,0.4
07:30:49,"[212.0, 140]","[209.0, 28]","[221.73, 41]","[223.11, 38]",216.87,247,9.73,0.36
07:30:50,"[212.0, 100]","[209.0, 20]","[218.0, 20]","[219.1, 40]",215.0,180,6.0,0.33
07:30:51,"[212.32, 68]","[212.05, 82]","[219.55, 29]","[223.07, 28]",215.94,207,7.23,0.45
07:30:52,"[213.3, 20]","[212.94, 64]","[219.0, 24]","[220.0, 16]",216.15,124,5.7,0.35
07:30:53,"[212.0, 14]","[211.0, 49]","[219.0, 21]","[220.0, 14]",215.5,98,7.0,0.29
07:30:54,"[212.0, 26]","[211.0, 91]","[217.49, 37]","[220.0, 26]",214.74,180,5.49,0.3
07:30:55,"[212.0, 22]","[211.0, 77]","[217.0, 22]","[220.0, 22]",214.5,143,5.0,0.38
07:30:56,"[212.0, 14]","[211.0, 49]","[216.73, 11]","[219.29, 14]",214.36,88,4.73,0.43
07:30:57,"[212.0, 18]","[211.0, 63]","[214.89, 9]","[217.0, 18]",213.44,108,2.89,0.5
07:30:58,"[211.12, 34]","[181.94, 31]","[214.0, 7]","[217.0, 14]",212.56,86,2.88,0.51
07:30:59,"[214.64, 66]","[209.49, 61]","[218.82, 22]","[222.33, 24]",216.73,173,4.18,0.47
07:31:00,"[216.02, 82]","[210.1, 96]","[220.71, 68]","[261.31, 32]",218.37,278,4.68,0.28
07:31:01,"[218.43, 23]","[216.51, 41]","[226.0, 25]","[395.0, 18]",222.22,107,7.57,0.2
07:31:02,"[220.57, 28]","[219.5, 48]","[223.0, 48]","[240.42, 24]",221.79,148,2.43,0.03
07:31:03,"[220.8, 15]","[219.73, 41]","[222.0, 55]","[226.25, 24]",221.4,135,1.2,-0.17
07:31:04,"[219.05, 82]","[212.97, 62]","[223.79, 39]","[227.82, 17]",221.42,200,4.75,0.44
07:31:05,"[219.62, 48]","[218.4, 75]","[226.87, 23]","[228.67, 12]",223.25,158,7.24,0.56
07:31:06,"[219.95, 76]","[217.75, 64]","[225.07, 42]","[227.0, 28]",222.51,210,5.12,0.33
07:31:07,"[221.03, 61]","[219.37, 54]","[223.0, 39]","[227.0, 26]",222.02,180,1.97,0.28
07:31:08,"[221.0, 34]","[219.0, 32]","[223.45, 22]","[229.86, 14]",222.23,102,2.45,0.29
07:31:09,"[221.0, 14]","[219.0, 28]","[230.0, 14]","[231.0, 7]",225.5,63,9.0,0.33
07:31:10,"[221.0, 22]","[219.0, 44]","[229.27, 22]","[230.6, 15]",225.14,103,8.27,0.28
07:31:11,"[221.0, 18]","[219.0, 36]","[229.11, 18]","[232.0, 9]",225.06,81,8.11,0.33
07:31:12,"[221.0, 16]","[219.0, 32]","[228.0, 16]","[231.25, 8]",224.5,72,7.0,0.33
07:31:13,"[221.0, 24]","[219.0, 48]","[228.0, 24]","[230.0, 12]",224.5,108,7.0,0.33
07:31:14,"[221.0, 20]","[219.14, 28]","[228.0, 20]","[255.59, 34]",224.5,102,7.0,-0.06
07:31:15,"[221.31, 32]","[220.27, 15]","[226.12, 32]","[229.83, 48]",223.72,127,4.81,-0.26
07:31:16,"[220.6, 20]","[219.0, 10]","[222.0, 30]","[228.0, 20]",221.3,80,1.4,-0.25
07:31:17,"[219.0, 16]","[215.0, 50]","[222.0, 24]","[228.0, 16]",220.5,106,3.0,0.25
07:31:18,"[219.0, 14]","[215.0, 7]","[222.0, 21]","[229.8, 20]",220.5,62,3.0,-0.32
07:31:19,"[219.0, 14]","[215.0, 7]","[222.0, 21]","[231.0, 28]",220.5,70,3.0,-0.4
07:31:20,"[219.0, 21]","[216.93, 28]","[221.87, 38]","[229.93, 45]",220.43,132,2.87,-0.26
07:31:21,"[216.12, 25]","[214.96, 81]","[220.9, 41]","[224.74, 23]",218.51,170,4.78,0.25
07:31:22,"[215.0, 42]","[214.0, 91]","[222.0, 14]","[227.72, 25]",218.5,172,7.0,0.55
07:31:23,"[215.0, 48]","[214.0, 104]","[221.78, 18]","[228.08, 24]",218.39,194,6.78,0.57
07:31:24,"[215.0, 54]","[214.0, 117]","[221.2, 30]","[225.0, 21]",218.1,222,6.2,0.54
07:31:25,"[217.73, 44]","[214.37, 82]","[222.0, 18]","[229.0, 27]",219.86,171,4.27,0.47
07:31:26,"[221.0, 22]","[215.0, 60]","[222.0, 20]","[229.0, 30]",221.5,132,1.0,0.24
07:31:27,"[218.75, 16]","[214.85, 71]","[222.64, 33]","[229.18, 33]",220.69,153,3.89,0.14
07:31:28,"[215.16, 50]","[214.13, 89]","[222.0, 27]","[229.0, 27]",218.58,193,6.84,0.44
07:31:29,"[216.41, 29]","[215.24, 85]","[222.0, 42]","[229.0, 42]",219.21,198,5.59,0.15
07:31:30,"[218.67, 18]","[214.09, 88]","[222.0, 54]","[226.44, 43]",220.33,203,3.33,0.04
07:31:31,"[212.41, 58]","[207.9, 138]","[223.0, 42]","[225.4, 30]",217.71,268,10.59,0.46
07:31:32,"[213.27, 22]","[207.81, 62]","[229.0, 18]","[231.0, 18]",221.14,120,15.73,0.4
07:31:33,"[218.53, 91]","[209.83, 71]","[228.15, 39]","[229.59, 34]",223.34,235,9.63,0.38
07:31:34,"[221.0, 131]","[213.43, 84]","[227.03, 39]","[228.45, 47]",224.01,301,6.03,0.43
07:31:35,"[221.0, 60]","[212.54, 52]","[226.0, 20]","[228.0, 40]",223.5,172,5.0,0.3
07:31:36,"[221.0, 60]","[219.0, 15]","[223.63, 54]","[227.55, 33]",222.31,162,2.63,-0.07
07:31:37,"[220.26, 19]","[213.47, 38]","[225.77, 26]","[231.33, 27]",223.02,110,5.51,0.04
07:31:38,"[219.0, 7]","[213.0, 35]","[229.0, 14]","[231.0, 14]",224.0,70,10.0,0.2
07:31:39,"[219.0, 13]","[213.27, 59]","[226.78, 27]","[228.21, 19]",222.89,118,7.78,0.22
07:31:40,"[220.18, 83]","[214.84, 38]","[222.65, 51]","[224.49, 43]",221.41,215,2.47,0.13
07:31:41,"[221.0, 30]","[219.0, 9]","[222.36, 33]","[228.0, 9]",221.68,81,1.36,-0.04
07:31:42,"[213.67, 9]","[212.67, 12]","[222.0, 18]","[232.77, 26]",217.83,65,8.33,-0.35
07:31:43,"[218.74, 19]","[212.57, 7]","[222.0, 18]","[232.0, 18]",220.37,62,3.26,-0.16
07:31:44,"[220.0, 48]","[214.0, 12]","[222.0, 36]","[232.0, 36]",221.0,132,2.0,-0.09
07:31:45,"[220.0, 32]","[214.25, 8]","[222.0, 24]","[232.0, 24]",221.0,88,2.0,-0.09
07:31:46,"[220.0, 28]","[215.0, 7]","[221.69, 13]","[226.29, 21]",220.85,69,1.69,0.01
07:31:47,"[220.0, 30]","[216.0, 18]","[221.86, 21]","[228.67, 27]",220.93,96,1.86,0.0
07:31:48,"[220.0, 27]","[216.0, 24]","[222.0, 27]","[232.25, 24]",221.0,102,2.0,0.0
07:31:49,"[220.0, 21]","[216.0, 14]","[222.0, 14]","[232.29, 14]",221.0,63,2.0,0.11
07:31:50,"[220.0, 18]","[215.29, 7]","[221.91, 11]","[230.33, 12]",220.95,48,1.91,0.04
07:31:51,"[211.0, 96]","[210.0, 12]","[220.33, 12]","[221.42, 24]",215.67,144,9.33,0.5
07:31:52,"[211.0, 80]","[210.0, 10]","[218.3, 10]","[220.4, 20]",214.65,120,7.3,0.5
07:31:53,"[211.0, 112]","[210.0, 14]","[213.57, 14]","[216.38, 16]",212.29,156,2.57,0.62
07:31:54,"[211.0, 72]","[210.0, 9]","[213.0, 9]","[214.0, 9]",212.0,99,2.0,0.64
07:31:55,"[211.03, 66]","[210.67, 24]","[215.25, 12]","[217.54, 13]",213.14,115,4.22,0.57
07:31:56,"[211.69, 112]","[210.85, 47]","[214.21, 48]","[219.1, 29]",212.95,236,2.52,0.35
07:31:57,"[212.0, 91]","[210.81, 37]","[213.52, 21]","[217.67, 24]",212.76,173,1.52,0.48
07:31:58,"[211.11, 27]","[207.93, 29]","[213.71, 17]","[216.74, 35]",212.41,108,2.59,0.04
07:31:59,"[212.57, 28]","[209.5, 16]","[216.25, 28]","[217.4, 35]",214.41,107,3.68,-0.18
07:32:00,"[215.32, 37]","[213.22, 23]","[218.14, 51]","[221.78, 94]",216.73,205,2.81,-0.41
07:32:01,"[220.88, 59]","[220.22, 40]","[327.28, 58]","[508.84, 38]",274.08,195,106.39,0.02
07:32:02,"[225.0, 28]","[222.96, 167]","[329.57, 56]","[755.0, 28]",277.29,279,104.57,0.4
07:32:03,"[222.23, 13]","[221.08, 39]","[557.08, 24]","[710.08, 26]",389.66,102,334.85,0.02
07:32:04,"[223.56, 9]","[222.0, 9]","[373.42, 24]","[576.0, 12]",298.49,54,149.86,-0.33
07:32:05,"[220.8, 15]","[220.45, 33]","[324.13, 46]","[442.97, 31]",272.47,125,103.33,-0.23
07:32:06,"[219.0, 10]","[215.63, 19]","[340.6, 5]","[342.0, 20]",279.8,54,121.6,0.07
07:32:07,"[219.5, 20]","[215.33, 49]","[246.18, 17]","[300.17, 24]",232.84,110,26.68,0.25
07:32:08,"[219.0, 10]","[215.0, 25]","[222.0, 5]","[225.4, 5]",220.5,45,3.0,0.56
07:32:09,"[219.0, 14]","[215.0, 35]","[221.0, 15]","[223.71, 7]",220.0,71,2.0,0.38
07:32:10,"[219.0, 17]","[217.75, 60]","[220.38, 32]","[329.71, 14]",219.69,123,1.38,0.25
07:32:11,"[219.0, 8]","[218.0, 40]","[226.0, 8]","[466.31, 26]",222.5,82,7.0,0.17
07:32:12,"[218.62, 8]","[217.79, 28]","[226.0, 6]","[574.5, 24]",222.31,66,7.38,0.09
07:32:13,"[218.0, 16]","[215.44, 27]","[222.92, 13]","[259.64, 22]",220.46,78,4.92,0.1
07:32:14,"[218.0, 12]","[215.0, 30]","[226.0, 6]","[279.82, 22]",222.0,70,8.0,0.2
07:32:15,"[218.0, 20]","[215.0, 50]","[224.31, 13]","[409.0, 17]",221.15,100,6.31,0.4
07:32:16,"[219.04, 84]","[218.54, 74]","[222.0, 26]","[226.31, 13]",220.52,197,2.96,0.6
07:32:17,"[220.38, 40]","[219.1, 142]","[221.77, 35]","[224.73, 22]",221.07,239,1.4,0.52
07:32:18,"[220.79, 28]","[219.45, 44]","[227.0, 14]","[408.0, 23]",223.89,109,6.21,0.32
07:32:19,"[222.19, 32]","[220.45, 66]","[227.0, 11]","[453.79, 38]",224.59,147,4.81,0.33
07:32:20,"[223.6, 20]","[222.0, 100]","[226.82, 11]","[408.89, 19]",225.21,150,3.22,0.6
07:32:21,"[224.86, 28]","[222.0, 178]","[226.0, 32]","[227.0, 16]",225.43,254,1.14,0.62
07:32:22,"[222.04, 134]","[219.8, 90]","[227.53, 15]","[314.92, 26]",224.79,265,5.49,0.69
07:32:23,"[222.0, 180]","[219.0, 90]","[229.0, 15]","[283.37, 43]",225.5,328,7.0,0.65
07:32:24,"[222.0, 168]","[219.04, 81]","[228.86, 14]","[309.57, 14]",225.43,277,6.86,0.8
07:32:25,"[222.0, 144]","[220.0, 36]","[228.0, 12]","[230.83, 12]",225.0,204,6.0,0.76
07:32:26,"[222.0, 132]","[220.0, 33]","[226.77, 31]","[227.29, 31]",224.39,227,4.77,0.45
07:32:27,"[222.0, 96]","[220.0, 24]","[225.0, 8]","[227.0, 40]",223.5,168,3.0,0.43
07:32:28,"[222.0, 144]","[220.0, 36]","[224.25, 16]","[226.95, 56]",223.12,252,2.25,0.43
07:32:29,"[222.0, 81]","[220.0, 24]","[223.0, 40]","[224.0, 8]",222.5,153,1.0,0.37
07:32:30,"[222.0, 41]","[220.87, 93]","[223.36, 25]","[244.0, 33]",222.68,192,1.36,0.4
07:32:31,"[222.0, 9]","[221.0, 72]","[286.2, 20]","[467.65, 20]",254.1,121,64.2,0.34
07:32:32,"[222.54, 105]","[220.75, 84]","[253.31, 26]","[357.25, 24]",237.93,239,30.76,0.58
07:32:33,"[225.0, 114]","[221.0, 144]","[238.44, 48]","[241.75, 36]",231.72,342,13.44,0.51
07:32:34,"[225.0, 42]","[221.08, 49]","[230.0, 21]","[231.0, 21]",227.5,133,5.0,0.37
07:32:35,"[225.54, 61]","[224.61, 76]","[229.75, 48]","[233.44, 48]",227.65,233,4.21,0.18
07:32:36,"[225.17, 29]","[223.88, 32]","[229.0, 33]","[234.0, 33]",227.09,127,3.83,-0.04
07:32:37,"[225.08, 39]","[223.21, 84]","[227.58, 36]","[234.0, 36]",226.33,195,2.51,0.26
07:32:38,"[223.37, 49]","[222.89, 74]","[226.18, 28]","[232.4, 30]",224.77,181,2.81,0.36
07:32:39,"[222.85, 80]","[221.21, 68]","[225.1, 31]","[229.69, 39]",223.97,218,2.25,0.36
07:32:40,"[221.31, 52]","[220.8, 90]","[224.93, 28]","[226.0, 42]",223.12,212,3.62,0.34
07:32:41,"[221.0, 84]","[220.0, 42]","[223.57, 28]","[226.0, 42]",222.29,196,2.57,0.29
07:32:42,"[221.0, 44]","[220.0, 30]","[224.62, 16]","[226.42, 26]",222.81,116,3.62,0.28
07:32:43,"[221.79, 57]","[220.8, 45]","[224.33, 18]","[225.46, 28]",223.06,148,2.54,0.38
07:32:44,"[221.53, 45]","[220.57, 42]","[231.0, 12]","[236.33, 12]",226.27,111,9.47,0.57
07:32:45,"[221.0, 15]","[220.0, 15]","[234.2, 5]","[315.0, 5]",227.6,40,13.2,0.5
07:32:46,"[221.0, 20]","[220.0, 21]","[227.29, 7]","[249.29, 7]",224.14,55,6.29,0.49
07:32:47,"[221.0, 20]","[220.0, 30]","[222.2, 20]","[232.1, 10]",221.6,80,1.2,0.25
07:32:48,"[221.0, 18]","[220.0, 27]","[227.0, 18]","[232.6, 10]",224.0,73,6.0,0.23
07:32:49,"[221.0, 16]","[220.0, 24]","[231.0, 16]","[233.0, 8]",226.0,64,10.0,0.25
07:32:50,"[221.0, 7]","[220.0, 18]","[231.0, 12]","[233.0, 6]",226.0,43,10.0,0.16
07:32:51,"[221.79, 38]","[220.08, 26]","[231.0, 20]","[233.0, 10]",226.39,94,9.21,0.36
07:32:52,"[222.0, 183]","[220.17, 29]","[231.0, 26]","[233.0, 13]",226.5,251,9.0,0.69
07:32:53,"[222.0, 140]","[221.0, 10]","[230.46, 13]","[231.77, 13]",226.23,176,8.46,0.7
07:32:54,"[224.25, 112]","[221.99, 170]","[227.93, 14]","[230.07, 14]",226.09,310,3.68,0.82
07:32:55,"[225.0, 56]","[222.0, 118]","[226.0, 8]","[227.0, 8]",225.5,190,1.0,0.83
07:32:56,"[225.0, 99]","[222.0, 225]","[226.4, 15]","[228.5, 16]",225.7,355,1.4,0.83
07:32:57,"[225.0, 54]","[222.0, 150]","[229.69, 13]","[234.35, 17]",227.35,234,4.69,0.74
07:32:58,"[222.35, 51]","[221.94, 48]","[234.0, 12]","[236.0, 6]",228.18,117,11.65,0.69
07:32:59,"[222.0, 118]","[221.0, 9]","[234.0, 18]","[236.0, 9]",228.0,154,12.0,0.65
07:33:00,"[222.19, 104]","[221.9, 67]","[234.0, 24]","[236.0, 12]",228.1,207,11.81,0.65
07:33:01,"[222.0, 132]","[220.26, 27]","[235.6, 30]","[408.18, 33]",228.8,222,13.6,0.43
07:33:02,"[222.48, 23]","[221.93, 137]","[233.07, 55]","[234.47, 38]",227.78,253,10.59,0.26
07:33:03,"[222.65, 17]","[221.98, 98]","[232.0, 63]","[233.67, 9]",227.32,187,9.35,0.23
07:33:04,"[222.0, 82]","[221.0, 20]","[232.0, 70]","[234.0, 10]",227.0,182,10.0,0.12
07:33:05,"[222.0, 73]","[221.0, 24]","[231.88, 80]","[233.33, 15]",226.94,192,9.88,0.01
07:33:06,"[222.0, 28]","[221.0, 14]","[229.61, 23]","[230.77, 26]",225.8,91,7.61,-0.08
07:33:07,"[222.0, 34]","[221.0, 24]","[228.86, 42]","[230.33, 33]",225.43,133,6.86,-0.13
07:33:08,"[222.0, 24]","[221.0, 24]","[227.35, 46]","[228.48, 29]",224.67,123,5.35,-0.22
07:33:09,"[222.0, 36]","[221.0, 30]","[225.97, 63]","[228.31, 39]",223.98,168,3.97,-0.21
07:33:10,"[223.04, 27]","[221.33, 27]","[225.67, 61]","[228.76, 37]",224.35,152,2.64,-0.29
07:33:11,"[222.0, 14]","[221.0, 28]","[224.0, 56]","[228.0, 28]",223.0,126,2.0,-0.33
07:33:12,"[222.0, 11]","[221.0, 22]","[224.0, 44]","[228.0, 22]",223.0,99,2.0,-0.33
07:33:13,"[221.57, 14]","[220.95, 21]","[223.11, 36]","[227.33, 18]",222.34,89,1.54,-0.21
07:33:14,"[221.0, 18]","[220.0, 9]","[222.11, 36]","[226.0, 18]",221.56,81,1.11,-0.33
07:33:15,"[220.85, 13]","[219.75, 8]","[222.77, 26]","[226.47, 15]",221.81,62,1.92,-0.32
07:33:16,"[216.31, 75]","[216.25, 40]","[223.4, 55]","[224.65, 46]",219.85,216,7.09,0.06
07:33:17,"[215.0, 180]","[214.0, 127]","[220.26, 39]","[221.45, 66]",217.63,412,5.26,0.49
07:33:18,"[214.53, 160]","[213.37, 171]","[218.0, 80]","[219.0, 32]",216.26,443,3.47,0.49
07:33:19,"[213.29, 102]","[208.71, 147]","[215.52, 50]","[218.63, 38]",214.41,337,2.23,0.48
07:33:20,"[213.22, 113]","[204.89, 74]","[224.77, 35]","[373.63, 41]",219.0,263,11.55,0.42
07:33:21,"[218.0, 9]","[213.0, 117]","[226.78, 27]","[231.67, 27]",222.39,180,8.78,0.4
07:33:22,"[214.12, 52]","[211.32, 160]","[226.19, 48]","[236.0, 48]",220.15,308,12.07,0.38
07:33:23,"[213.0, 228]","[212.0, 17]","[225.0, 38]","[291.92, 53]",219.0,336,12.0,0.46
07:33:24,"[213.0, 168]","[212.0, 12]","[224.12, 16]","[251.94, 35]",218.56,231,11.12,0.56
07:33:25,"[213.0, 182]","[212.0, 13]","[222.35, 23]","[223.19, 37]",217.67,255,9.35,0.53
07:33:26,"[215.68, 131]","[212.6, 73]","[220.79, 14]","[223.07, 54]",218.23,272,5.11,0.5
07:33:27,"[216.0, 108]","[212.0, 26]","[218.31, 16]","[221.33, 12]",217.16,162,2.31,0.65
07:33:28,"[215.84, 103]","[211.48, 46]","[217.0, 41]","[220.0, 13]",216.42,203,1.16,0.47
07:33:29,"[211.04, 103]","[210.73, 33]","[213.96, 23]","[215.5, 18]",212.5,177,2.92,0.54
07:33:30,"[210.97, 33]","[200.71, 21]","[212.0, 14]","[213.0, 28]",211.48,96,1.03,0.12
07:33:31,"[211.0, 24]","[206.75, 32]","[212.0, 15]","[213.0, 32]",211.5,103,1.0,0.09
07:33:32,"[211.0, 24]","[206.53, 60]","[212.0, 8]","[213.0, 32]",211.5,124,1.0,0.35
07:33:33,"[211.0, 33]","[210.0, 22]","[212.91, 11]","[214.43, 42]",211.95,108,1.91,0.02
07:33:34,"[211.0, 36]","[210.0, 24]","[220.0, 24]","[221.75, 48]",215.5,132,9.0,-0.09
07:33:35,"[211.0, 18]","[210.0, 12]","[217.43, 28]","[221.83, 18]",214.21,76,6.43,-0.21
07:33:36,"[211.29, 34]","[210.16, 19]","[217.53, 43]","[221.31, 29]",214.41,125,6.24,-0.15
07:33:37,"[212.94, 52]","[211.26, 69]","[218.0, 56]","[222.0, 42]",215.47,219,5.06,0.11
07:33:38,"[132.27, 70]","[135.72, 61]","[218.0, 40]","[222.0, 30]",175.14,201,85.73,0.3
07:33:39,"[172.29, 14]","[169.45, 143]","[217.62, 47]","[220.29, 42]",194.95,246,45.33,0.28
07:33:40,"[192.66, 32]","[156.82, 180]","[215.32, 66]","[216.25, 60]",203.99,338,22.66,0.25
07:33:41,"[208.15, 13]","[206.09, 66]","[212.31, 39]","[213.6, 30]",210.23,148,4.15,0.07
07:33:42,"[209.56, 9]","[206.62, 13]","[211.0, 13]","[213.0, 15]",210.28,50,1.44,-0.12
07:33:43,"[208.62, 8]","[206.0, 72]","[211.0, 8]","[213.0, 24]",209.81,112,2.38,0.43
07:33:44,"[209.0, 6]","[156.57, 42]","[210.5, 10]","[212.88, 16]",209.75,74,1.5,0.3
07:33:45,"[209.18, 11]","[153.92, 39]","[211.05, 40]","[215.85, 26]",210.12,116,1.87,-0.14
07:33:46,"[212.62, 8]","[175.12, 16]","[217.0, 34]","[218.83, 36]",214.81,94,4.38,-0.49
07:33:47,"[213.56, 9]","[199.36, 11]","[216.24, 21]","[217.52, 29]",214.9,70,2.68,-0.43
07:33:48,"[209.0, 8]","[197.4, 60]","[215.47, 17]","[218.66, 35]",212.24,120,6.47,0.13
07:33:49,"[209.0, 10]","[206.0, 120]","[211.33, 27]","[216.86, 29]",210.17,186,2.33,0.4
07:33:50,"[206.05, 61]","[205.71, 17]","[211.38, 16]","[216.23, 13]",208.71,107,5.33,0.46
07:33:51,"[206.0, 96]","[205.0, 8]","[215.0, 16]","[216.0, 31]",210.5,151,9.0,0.38
07:33:52,"[206.0, 120]","[205.0, 10]","[214.5, 20]","[216.0, 31]",210.25,181,8.5,0.44
07:33:53,"[206.04, 75]","[205.86, 42]","[214.0, 18]","[216.0, 9]",210.02,144,7.96,0.62
07:33:54,"[207.93, 15]","[206.02, 133]","[216.25, 48]","[219.0, 24]",212.09,220,8.32,0.35
07:33:55,"[212.29, 45]","[210.28, 39]","[217.39, 64]","[222.56, 63]",214.84,211,5.1,-0.2
07:33:56,"[217.06, 34]","[217.32, 31]","[272.51, 37]","[305.03, 35]",244.79,137,55.45,-0.05
07:33:57,"[219.0, 18]","[217.33, 72]","[233.31, 35]","[249.0, 30]",226.16,155,14.31,0.16
07:33:58,"[219.0, 29]","[216.95, 76]","[221.16, 25]","[224.52, 31]",220.08,161,2.16,0.3
07:33:59,"[219.0, 48]","[216.0, 24]","[221.0, 36]","[226.0, 48]",220.0,156,2.0,-0.08
07:34:00,"[219.84, 25]","[218.8, 30]","[221.8, 25]","[235.97, 31]",220.82,111,1.96,-0.01
07:34:01,"[219.22, 36]","[213.73, 82]","[350.29, 42]","[458.44, 25]",284.75,185,131.06,0.28
07:34:02,"[220.0, 44]","[219.0, 36]","[259.43, 51]","[300.57, 35]",239.72,166,39.43,-0.04
07:34:03,"[220.0, 33]","[219.0, 27]","[225.83, 29]","[332.67, 27]",222.91,116,5.83,0.03
07:34:04,"[220.0, 21]","[218.53, 17]","[224.1, 21]","[225.57, 23]",222.05,82,4.1,-0.07
07:34:05,"[220.87, 69]","[219.55, 33]","[223.08, 13]","[230.0, 39]",221.97,154,2.21,0.32
07:34:06,"[221.83, 109]","[220.0, 60]","[229.48, 62]","[234.45, 60]",225.66,291,7.65,0.16
07:34:07,"[220.65, 31]","[219.09, 69]","[229.0, 45]","[232.44, 27]",224.82,172,8.35,0.16
07:34:08,"[221.22, 37]","[219.36, 70]","[225.58, 43]","[228.24, 49]",223.4,199,4.37,0.08
07:34:09,"[222.0, 18]","[220.0, 18]","[225.0, 45]","[226.0, 9]",223.5,90,3.0,-0.2
07:34:10,"[223.41, 27]","[221.27, 22]","[225.67, 15]","[229.87, 31]",224.54,95,2.26,0.03
07:34:11,"[222.0, 20]","[220.2, 20]","[225.2, 10]","[230.2, 30]",223.6,80,3.2,0.0
07:34:12,"[219.27, 55]","[218.31, 127]","[224.54, 13]","[232.0, 39]",221.91,234,5.27,0.56
07:34:13,"[219.0, 33]","[218.0, 108]","[223.33, 9]","[233.67, 27]",221.17,177,4.33,0.59
07:34:14,"[219.0, 21]","[218.0, 84]","[223.0, 7]","[235.0, 21]",221.0,133,4.0,0.58
07:34:15,"[219.38, 53]","[218.08, 144]","[222.0, 15]","[235.0, 45]",220.69,257,2.62,0.53
07:34:16,"[220.0, 55]","[219.0, 33]","[221.18, 11]","[233.91, 33]",220.59,132,1.18,0.33
07:34:17,"[220.09, 88]","[219.35, 46]","[227.0, 20]","[240.0, 36]",223.55,190,6.91,0.41
07:34:18,"[221.0, 40]","[220.0, 80]","[231.0, 30]","[258.0, 30]",226.0,180,10.0,0.33
07:34:19,"[221.0, 48]","[220.0, 96]","[231.0, 36]","[277.64, 25]",226.0,205,10.0,0.4
07:34:20,"[221.12, 33]","[220.02, 57]","[231.0, 24]","[238.0, 16]",226.06,130,9.88,0.38
07:34:21,"[221.73, 22]","[220.08, 52]","[231.0, 30]","[238.0, 20]",226.36,124,9.27,0.19
07:34:22,"[221.0, 22]","[220.0, 80]","[231.0, 30]","[277.2, 20]",226.0,152,10.0,0.34
07:34:23,"[222.05, 19]","[220.75, 32]","[231.0, 27]","[444.47, 30]",226.53,108,8.95,-0.06
07:34:24,"[223.0, 30]","[221.0, 45]","[229.76, 34]","[239.29, 41]",226.38,150,6.76,0.0
07:34:25,"[225.36, 76]","[222.22, 23]","[229.0, 20]","[232.2, 30]",227.18,149,3.64,0.33
07:34:26,"[226.0, 108]","[221.5, 108]","[228.0, 24]","[233.0, 36]",227.0,276,2.0,0.57
07:34:27,"[226.0, 81]","[221.27, 99]","[227.95, 40]","[232.29, 28]",226.97,248,1.95,0.45
07:34:28,"[224.78, 139]","[222.66, 215]","[227.0, 30]","[229.5, 56]",225.89,440,2.22,0.61
07:34:29,"[224.0, 166]","[221.0, 120]","[227.4, 20]","[309.35, 23]",225.7,329,3.4,0.74
07:34:30,"[224.0, 60]","[221.0, 48]","[231.0, 8]","[232.0, 20]",227.5,136,7.0,0.59
07:34:31,"[224.0, 134]","[221.0, 135]","[231.0, 24]","[232.0, 60]",227.5,353,7.0,0.52
07:34:32,"[224.0, 50]","[221.0, 30]","[231.22, 23]","[248.77, 47]",227.61,150,7.22,0.07
07:34:33,"[224.0, 44]","[221.0, 33]","[231.08, 39]","[284.43, 46]",227.54,162,7.08,-0.05
07:34:34,"[224.0, 32]","[221.0, 24]","[229.0, 24]","[232.0, 40]",226.5,120,5.0,-0.07
07:34:35,"[224.0, 32]","[221.0, 24]","[227.88, 24]","[232.75, 40]",225.94,120,3.88,-0.07
07:34:36,"[224.0, 20]","[221.0, 15]","[226.6, 15]","[234.0, 25]",225.3,75,2.6,-0.07
07:34:37,"[224.0, 40]","[221.0, 42]","[225.6, 30]","[234.0, 50]",224.8,162,1.6,0.01
07:34:38,"[224.0, 28]","[221.0, 70]","[228.53, 30]","[237.45, 44]",226.27,172,4.53,0.14
07:34:39,"[221.38, 48]","[220.4, 105]","[228.6, 25]","[236.96, 53]",224.99,231,7.22,0.32
07:34:40,"[221.0, 36]","[220.0, 38]","[231.83, 6]","[238.0, 30]",226.42,110,10.83,0.35
07:34:41,"[221.0, 84]","[220.0, 14]","[230.36, 14]","[238.0, 70]",225.68,182,9.36,0.08
07:34:42,"[220.95, 41]","[219.67, 12]","[230.0, 10]","[238.0, 50]",225.48,113,9.05,-0.06
07:34:43,"[220.22, 9]","[219.06, 17]","[229.22, 9]","[238.89, 45]",224.72,80,9.0,-0.35
07:34:44,"[219.12, 25]","[218.03, 74]","[228.38, 13]","[237.15, 65]",223.75,177,9.26,0.12
07:34:45,"[220.73, 15]","[218.81, 32]","[228.0, 14]","[239.65, 69]",224.37,130,7.27,-0.28
07:34:46,"[218.38, 32]","[216.42, 19]","[226.45, 11]","[315.3, 40]",222.41,102,8.08,0.0
07:34:47,"[218.0, 40]","[214.0, 20]","[224.0, 13]","[227.18, 17]",221.0,90,6.0,0.33
07:34:48,"[218.0, 52]","[214.0, 13]","[221.84, 25]","[222.71, 14]",219.92,104,3.84,0.25
07:34:49,"[215.66, 38]","[213.3, 23]","[218.82, 22]","[224.1, 20]",217.24,103,3.16,0.18
07:34:50,"[220.65, 62]","[213.82, 33]","[226.08, 24]","[236.08, 25]",223.36,144,5.44,0.32
07:34:51,"[221.0, 63]","[215.78, 36]","[226.22, 18]","[231.11, 18]",223.61,135,5.22,0.47
07:34:52,"[221.0, 75]","[218.25, 16]","[225.24, 42]","[228.31, 26]",223.12,159,4.24,0.14
07:34:53,"[220.74, 23]","[217.0, 18]","[223.35, 17]","[225.74, 19]",222.05,77,2.61,0.06
07:34:54,"[216.5, 24]","[215.03, 31]","[220.22, 18]","[229.73, 15]",218.36,88,3.72,0.25
07:34:55,"[216.0, 32]","[214.0, 24]","[219.38, 16]","[230.0, 16]",217.69,88,3.38,0.27
07:34:56,"[216.5, 24]","[215.21, 33]","[224.11, 18]","[241.4, 20]",220.31,95,7.61,0.2
07:34:57,"[217.75, 16]","[214.62, 52]","[227.31, 26]","[230.0, 26]",222.53,120,9.56,0.13
07:34:58,"[215.0, 44]","[211.77, 39]","[222.24, 42]","[484.74, 38]",218.62,163,7.24,0.02
07:34:59,"[215.0, 48]","[213.0, 84]","[216.86, 42]","[221.2, 30]",215.93,204,1.86,0.29
07:35:00,"[215.0, 28]","[213.0, 63]","[216.78, 46]","[218.17, 48]",215.89,185,1.78,-0.02
07:35:01,"[213.75, 24]","[212.85, 41]","[216.26, 35]","[217.25, 56]",215.0,156,2.51,-0.17
07:35:02,"[212.27, 73]","[212.43, 44]","[216.0, 56]","[217.0, 126]",214.14,299,3.73,-0.22
07:35:03,"[212.0, 42]","[208.1, 10]","[216.0, 24]","[217.0, 54]",214.0,130,4.0,-0.2
07:35:04,"[211.63, 43]","[209.45, 22]","[215.0, 36]","[217.0, 73]",213.31,174,3.37,-0.25
07:35:05,"[211.96, 90]","[209.82, 17]","[214.22, 37]","[217.0, 40]",213.09,184,2.26,0.16
07:35:06,"[212.0, 108]","[209.35, 23]","[214.0, 73]","[216.14, 37]",213.0,241,2.0,0.09
07:35:07,"[212.08, 78]","[210.59, 49]","[214.71, 34]","[216.38, 39]",213.39,200,2.63,0.27
07:35:08,"[211.1, 120]","[206.0, 20]","[216.0, 40]","[217.0, 50]",213.55,230,4.9,0.22
07:35:09,"[211.0, 96]","[206.0, 16]","[213.0, 24]","[216.0, 32]",212.0,168,2.0,0.33
07:35:10,"[211.0, 120]","[206.0, 20]","[212.87, 31]","[215.77, 39]",211.94,210,1.87,0.33
07:35:11,"[211.0, 96]","[206.0, 18]","[212.27, 33]","[215.1, 40]",211.64,187,1.27,0.22
07:35:12,"[211.0, 56]","[206.0, 14]","[213.0, 21]","[217.0, 63]",212.0,154,2.0,-0.09
07:35:13,"[211.1, 58]","[207.54, 26]","[215.2, 60]","[216.87, 61]",213.15,205,4.1,-0.18
07:35:14,"[210.7, 40]","[206.0, 20]","[216.75, 48]","[217.75, 32]",213.72,140,6.05,-0.14
07:35:15,"[208.0, 44]","[206.0, 22]","[216.96, 69]","[217.83, 24]",212.48,159,8.96,-0.17
07:35:16,"[208.0, 28]","[206.0, 14]","[298.17, 36]","[418.09, 22]",253.08,100,90.17,-0.16
07:35:17,"[223.5, 128]","[211.4, 20]","[514.17, 24]","[566.53, 30]",368.83,202,290.67,0.47
07:35:18,"[224.0, 140]","[220.0, 14]","[510.29, 35]","[664.5, 24]",367.14,213,286.29,0.45
07:35:19,"[224.0, 200]","[220.67, 30]","[424.52, 29]","[509.0, 35]",324.26,294,200.52,0.56
07:35:20,"[224.0, 130]","[221.0, 36]","[403.67, 24]","[517.54, 39]",313.83,229,179.67,0.45
07:35:21,"[224.14, 28]","[223.57, 56]","[347.0, 12]","[496.0, 30]",285.57,126,122.86,0.33
07:35:22,"[224.19, 27]","[223.5, 72]","[347.0, 16]","[479.5, 40]",285.59,155,122.81,0.28
07:35:23,"[224.0, 33]","[221.0, 28]","[325.0, 25]","[435.76, 17]",274.5,103,101.0,0.18
07:35:24,"[221.0, 16]","[220.0, 8]","[363.5, 20]","[364.0, 10]",292.25,54,142.5,-0.11
07:35:25,"[221.1, 21]","[220.29, 14]","[362.67, 30]","[540.17, 30]",291.88,95,141.57,-0.26
07:35:26,"[221.06, 33]","[220.2, 20]","[360.33, 45]","[362.0, 45]",290.7,143,139.27,-0.26
07:35:27,"[221.0, 44]","[220.0, 22]","[357.64, 55]","[358.64, 55]",289.32,176,136.64,-0.25
07:35:28,"[220.69, 32]","[216.67, 27]","[354.0, 55]","[356.18, 55]",287.34,169,133.31,-0.3
07:35:29,"[220.27, 22]","[215.54, 26]","[341.89, 35]","[351.83, 47]",281.08,130,121.61,-0.26
07:35:30,"[221.0, 18]","[220.0, 18]","[267.67, 45]","[268.68, 41]",244.33,122,46.67,-0.41
07:35:31,"[221.0, 33]","[220.0, 26]","[246.08, 65]","[258.62, 65]",233.54,189,25.08,-0.38
07:35:32,"[221.0, 21]","[220.0, 16]","[222.5, 40]","[224.0, 40]",221.75,117,1.5,-0.37
07:35:33,"[220.07, 30]","[219.02, 86]","[223.1, 39]","[259.79, 63]",221.58,218,3.04,0.06
07:35:34,"[219.61, 31]","[218.58, 72]","[221.51, 49]","[222.98, 45]",220.56,197,1.9,0.05
07:35:35,"[219.61, 70]","[217.75, 60]","[270.92, 62]","[447.3, 53]",245.27,245,51.31,0.06
07:35:36,"[219.58, 24]","[218.12, 41]","[384.67, 18]","[387.0, 27]",302.12,110,165.08,0.18
07:35:37,"[219.98, 43]","[218.32, 40]","[270.57, 35]","[311.24, 33]",245.27,151,50.59,0.1
07:35:38,"[220.55, 11]","[219.08, 39]","[260.18, 17]","[263.95, 42]",240.36,109,39.63,-0.08
07:35:39,"[220.0, 10]","[219.0, 30]","[260.9, 20]","[270.42, 36]",240.45,96,40.9,-0.17
07:35:40,"[220.0, 12]","[219.0, 36]","[260.0, 24]","[329.33, 36]",240.0,108,40.0,-0.11
07:35:41,"[220.86, 22]","[219.47, 17]","[260.0, 22]","[328.0, 11]",240.43,72,39.14,0.08
07:35:42,"[221.0, 30]","[220.0, 10]","[258.9, 20]","[287.91, 22]",239.95,82,37.9,-0.02
07:35:43,"[221.68, 19]","[220.88, 17]","[257.73, 22]","[278.23, 13]",239.71,71,36.04,0.01
07:35:44,"[222.1, 10]","[221.0, 70]","[257.0, 20]","[278.0, 10]",239.55,110,34.9,0.45
07:35:45,"[223.57, 14]","[221.0, 98]","[256.5, 28]","[278.0, 14]",240.04,154,32.93,0.45
07:35:46,"[224.0, 13]","[221.0, 91]","[251.0, 34]","[312.69, 35]",237.5,173,27.0,0.2
07:35:47,"[225.83, 41]","[221.59, 41]","[251.55, 22]","[493.45, 49]",238.69,153,25.72,0.07
07:35:48,"[226.0, 40]","[225.0, 10]","[250.1, 20]","[643.38, 40]",238.05,110,24.1,-0.09
07:35:49,"[225.57, 14]","[222.0, 8]","[247.64, 22]","[414.0, 34]",236.6,78,22.06,-0.44
07:35:50,"[220.0, 63]","[219.0, 45]","[247.44, 18]","[281.11, 45]",233.72,171,27.44,0.26
07:35:51,"[220.0, 51]","[219.0, 45]","[223.26, 23]","[299.95, 39]",221.63,158,3.26,0.22
07:35:52,"[220.03, 35]","[219.04, 57]","[302.26, 53]","[410.06, 54]",261.15,199,82.24,-0.08
07:35:53,"[219.0, 48]","[218.0, 36]","[303.67, 48]","[404.06, 53]",261.33,185,84.67,-0.09
07:35:54,"[223.68, 62]","[219.27, 33]","[302.0, 40]","[322.0, 40]",262.84,175,78.32,0.09
07:35:55,"[224.0, 57]","[221.0, 22]","[301.55, 44]","[412.8, 50]",262.77,173,77.55,-0.09
07:35:56,"[224.0, 27]","[221.0, 18]","[299.44, 36]","[380.67, 45]",261.72,126,75.44,-0.29
07:35:57,"[224.0, 30]","[221.0, 20]","[297.86, 35]","[318.0, 45]",260.93,130,73.86,-0.23
07:35:58,"[224.0, 45]","[221.0, 30]","[294.2, 45]","[298.0, 60]",259.1,180,70.2,-0.17
07:35:59,"[224.0, 27]","[221.0, 18]","[293.03, 29]","[294.27, 30]",258.52,104,69.03,-0.13
07:36:00,"[224.0, 48]","[221.0, 32]","[288.42, 36]","[289.33, 58]",256.21,174,64.42,-0.08
07:36:01,"[222.88, 32]","[219.49, 59]","[284.15, 33]","[286.0, 31]",253.51,155,61.28,0.17
07:36:02,"[222.0, 40]","[220.0, 12]","[281.5, 38]","[282.36, 25]",251.75,115,59.5,-0.1
07:36:03,"[222.0, 30]","[220.0, 10]","[277.0, 27]","[277.84, 31]",249.5,98,55.0,-0.18
07:36:04,"[222.71, 42]","[221.83, 46]","[255.48, 42]","[268.72, 36]",239.1,166,32.76,0.06
07:36:05,"[222.0, 69]","[220.45, 11]","[223.64, 33]","[224.7, 40]",222.82,153,1.64,0.05
07:36:06,"[221.21, 97]","[220.25, 16]","[222.5, 80]","[224.0, 48]",221.85,241,1.29,-0.06
07:36:07,"[221.0, 69]","[220.0, 14]","[222.55, 55]","[224.31, 48]",221.77,186,1.55,-0.11
07:36:08,"[219.23, 52]","[218.96, 94]","[222.53, 34]","[339.67, 36]",220.88,216,3.3,0.35
07:36:09,"[219.0, 153]","[215.0, 7]","[222.45, 11]","[286.73, 22]",220.73,193,3.45,0.66
07:36:10,"[219.0, 147]","[215.0, 7]","[220.05, 19]","[234.67, 9]",219.53,182,1.05,0.69
07:36:11,"[219.0, 78]","[215.0, 4]","[220.25, 8]","[298.2, 10]",219.62,100,1.25,0.64
07:36:12,"[219.0, 213]","[215.0, 12]","[390.29, 21]","[468.77, 43]",304.64,289,171.29,0.56
07:36:13,"[219.0, 102]","[215.0, 6]","[354.67, 9]","[528.3, 23]",286.83,140,135.67,0.54
07:36:14,"[219.0, 153]","[215.0, 9]","[223.0, 27]","[224.44, 9]",221.0,198,4.0,0.64
07:36:15,"[219.27, 123]","[218.81, 125]","[222.73, 33]","[239.63, 19]",221.0,300,3.46,0.65
07:36:16,"[219.44, 137]","[218.38, 64]","[224.44, 18]","[256.85, 26]",221.94,245,5.01,0.64
07:36:17,"[219.26, 76]","[218.58, 114]","[223.9, 50]","[226.2, 10]",221.58,250,4.64,0.52
07:36:18,"[220.0, 10]","[219.0, 170]","[221.8, 50]","[227.8, 10]",220.9,240,1.8,0.5
07:36:19,"[220.0, 10]","[219.0, 158]","[221.0, 50]","[229.0, 10]",220.5,228,1.0,0.47
07:36:20,"[219.05, 39]","[218.45, 33]","[222.85, 13]","[422.71, 14]",220.95,99,3.79,0.45
07:36:21,"[219.0, 120]","[213.0, 12]","[227.5, 34]","[289.53, 15]",223.25,181,8.5,0.46
07:36:22,"[219.0, 88]","[213.0, 12]","[225.5, 36]","[228.17, 12]",222.25,148,6.5,0.35
07:36:23,"[219.0, 120]","[213.0, 28]","[223.0, 35]","[228.4, 15]",221.0,198,4.0,0.49
07:36:24,"[219.0, 82]","[213.0, 24]","[224.76, 17]","[419.0, 34]",221.88,157,5.76,0.35
07:36:25,"[219.0, 20]","[213.0, 24]","[230.43, 21]","[359.69, 35]",224.71,100,11.43,-0.12
07:36:26,"[219.0, 20]","[213.0, 20]","[228.0, 40]","[233.0, 10]",223.5,90,9.0,-0.11
07:36:27,"[221.17, 29]","[215.57, 14]","[227.73, 22]","[370.73, 11]",224.45,76,6.55,0.13
07:36:28,"[222.0, 56]","[219.0, 16]","[230.33, 12]","[508.17, 12]",226.17,96,8.33,0.5
07:36:29,"[222.94, 17]","[222.08, 24]","[227.57, 7]","[229.5, 8]",225.26,56,4.63,0.46
07:36:30,"[222.72, 50]","[221.82, 67]","[225.55, 20]","[227.68, 19]",224.13,156,2.83,0.5
07:36:31,"[222.22, 72]","[220.7, 37]","[224.47, 17]","[225.37, 38]",223.35,164,2.25,0.33
07:36:32,"[223.0, 25]","[222.0, 63]","[226.48, 21]","[420.5, 16]",224.74,125,3.48,0.41
07:36:33,"[223.91, 11]","[222.0, 77]","[455.43, 21]","[519.92, 24]",339.67,133,231.52,0.32
07:36:34,"[222.49, 49]","[221.44, 25]","[553.48, 42]","[655.08, 50]",387.98,166,330.99,-0.11
07:36:35,"[224.0, 20]","[222.0, 34]","[252.18, 50]","[358.07, 41]",238.09,145,28.18,-0.26
07:36:36,"[223.11, 18]","[221.17, 29]","[229.56, 64]","[240.35, 51]",226.34,162,6.45,-0.42
07:36:37,"[220.0, 9]","[219.0, 18]","[229.0, 36]","[230.0, 45]",224.5,108,9.0,-0.5
07:36:38,"[220.92, 39]","[219.4, 10]","[229.0, 28]","[230.0, 35]",224.96,112,8.08,-0.12
07:36:39,"[221.96, 72]","[220.77, 35]","[228.45, 44]","[230.0, 55]",225.21,206,6.5,0.04
07:36:40,"[223.0, 98]","[220.0, 14]","[227.93, 111]","[310.98, 61]",225.46,284,4.93,-0.21
07:36:41,"[223.0, 119]","[220.6, 20]","[226.08, 74]","[227.7, 79]",224.54,292,3.08,-0.05
07:36:42,"[223.0, 56]","[222.0, 16]","[225.22, 18]","[226.3, 33]",224.11,123,2.22,0.17
07:36:43,"[222.25, 28]","[218.79, 19]","[232.94, 47]","[397.68, 25]",227.59,119,10.69,-0.21
07:36:44,"[220.0, 12]","[219.0, 12]","[233.25, 60]","[375.65, 37]",226.62,121,13.25,-0.6
07:36:45,"[217.08, 36]","[164.42, 12]","[281.0, 17]","[285.61, 23]",249.04,88,63.92,0.09
07:36:46,"[203.5, 28]","[153.44, 27]","[233.0, 11]","[294.05, 42]",218.25,108,29.5,0.02
07:36:47,"[197.5, 8]","[144.0, 24]","[229.13, 38]","[231.07, 14]",213.32,84,31.63,-0.24
07:36:48,"[209.0, 11]","[147.35, 31]","[218.78, 45]","[221.19, 32]",213.89,119,9.78,-0.29
07:36:49,"[175.85, 20]","[126.68, 31]","[216.65, 34]","[218.58, 19]",196.25,104,40.8,-0.02
07:36:50,"[127.03, 37]","[39.19, 21]","[213.1, 41]","[213.82, 55]",170.06,154,86.07,-0.25
07:36:51,"[183.0, 12]","[80.0, 24]","[211.29, 21]","[212.71, 21]",197.14,78,28.29,-0.08
07:36:52,"[163.81, 32]","[100.26, 46]","[210.76, 34]","[212.0, 26]",187.29,138,46.95,0.13
07:36:53,"[160.0, 36]","[99.67, 36]","[215.1, 40]","[219.0, 24]",187.55,136,55.1,0.06
07:36:54,"[160.18, 33]","[82.28, 50]","[227.82, 33]","[274.18, 28]",194.0,144,67.64,0.15
07:36:55,"[162.53, 51]","[158.29, 41]","[225.24, 34]","[342.55, 31]",193.88,157,62.71,0.17
07:36:56,"[179.7, 27]","[163.53, 34]","[221.82, 33]","[274.22, 36]",200.76,130,42.11,-0.06
07:36:57,"[189.67, 24]","[164.0, 36]","[220.21, 28]","[243.0, 36]",204.94,124,30.55,-0.03
07:36:58,"[177.52, 31]","[169.65, 37]","[219.5, 10]","[287.59, 34]",198.51,112,41.98,0.21
07:36:59,"[181.0, 20]","[180.21, 38]","[250.33, 12]","[294.11, 18]",215.67,88,69.33,0.32
07:37:00,"[218.71, 55]","[210.26, 46]","[301.78, 51]","[353.8, 45]",260.25,197,83.08,0.03
07:37:01,"[223.75, 8]","[220.6, 20]","[288.0, 40]","[357.4, 20]",255.88,88,64.25,-0.36
07:37:02,"[220.25, 51]","[218.78, 18]","[360.24, 33]","[580.91, 22]",290.25,124,139.99,0.11
07:37:03,"[221.54, 78]","[220.76, 63]","[231.16, 19]","[250.08, 26]",226.35,186,9.62,0.52
07:37:04,"[224.26, 76]","[221.03, 107]","[229.41, 34]","[344.36, 50]",226.84,267,5.15,0.37
07:37:05,"[224.08, 65]","[220.35, 83]","[228.07, 28]","[294.86, 42]",226.07,218,3.99,0.36
07:37:06,"[221.03, 35]","[219.69, 52]","[228.0, 22]","[283.45, 33]",224.51,142,6.97,0.23
07:37:07,"[226.72, 163]","[221.62, 63]","[230.57, 28]","[286.81, 32]",228.65,286,3.85,0.58
07:37:08,"[227.0, 128]","[226.0, 24]","[272.95, 19]","[334.12, 17]",249.97,188,45.95,0.62
07:37:09,"[227.0, 144]","[226.0, 27]","[306.5, 24]","[492.78, 27]",266.75,222,79.5,0.54
07:37:10,"[227.0, 128]","[222.39, 31]","[346.0, 22]","[502.29, 31]",286.5,212,119.0,0.5
07:37:11,"[227.0, 176]","[225.11, 72]","[403.82, 22]","[438.52, 25]",315.41,295,176.82,0.68
07:37:12,"[227.0, 158]","[226.0, 88]","[371.02, 43]","[393.36, 22]",299.01,311,144.02,0.58
07:37:13,"[227.0, 169]","[226.0, 104]","[336.91, 22]","[389.21, 47]",281.95,342,109.91,0.6
07:37:14,"[227.0, 127]","[226.0, 112]","[236.93, 28]","[239.0, 14]",231.96,281,9.93,0.7
07:37:15,"[227.0, 108]","[226.0, 144]","[234.84, 31]","[237.26, 23]",230.92,306,7.84,0.65
07:37:16,"[227.0, 44]","[226.0, 88]","[232.1, 20]","[233.08, 13]",229.55,165,5.1,0.6
07:37:17,"[227.0, 44]","[226.0, 88]","[229.27, 22]","[230.2, 20]",228.14,174,2.27,0.52
07:37:18,"[227.0, 32]","[226.0, 64]","[229.0, 16]","[230.0, 16]",228.0,128,2.0,0.5
07:37:19,"[226.5, 32]","[225.33, 48]","[228.2, 10]","[229.23, 13]",227.35,103,1.7,0.55
07:37:20,"[226.0, 76]","[222.0, 44]","[227.38, 16]","[409.25, 20]",226.69,156,1.38,0.54
07:37:21,"[225.74, 47]","[221.95, 42]","[227.73, 11]","[590.1, 40]",226.74,140,1.98,0.27
07:37:22,"[222.0, 37]","[221.0, 24]","[235.86, 14]","[391.56, 54]",228.93,129,13.86,-0.05
07:37:23,"[222.18, 34]","[221.33, 24]","[261.0, 20]","[402.0, 50]",241.59,128,38.82,-0.09
07:37:24,"[225.0, 10]","[222.0, 40]","[386.69, 26]","[477.16, 32]",305.85,108,161.69,-0.07
07:37:25,"[225.0, 10]","[222.0, 40]","[410.78, 18]","[484.84, 38]",317.89,106,185.78,-0.06
07:37:26,"[221.6, 15]","[220.53, 34]","[362.86, 29]","[414.47, 15]",292.23,93,141.26,0.05
07:37:27,"[221.78, 46]","[220.47, 38]","[325.18, 17]","[330.24, 33]",273.48,134,103.39,0.25
07:37:28,"[222.0, 36]","[221.0, 33]","[299.56, 9]","[301.0, 18]",260.78,96,77.56,0.44
07:37:29,"[222.0, 37]","[221.0, 22]","[299.0, 11]","[504.0, 22]",260.5,92,77.0,0.28
07:37:30,"[222.82, 85]","[221.83, 48]","[295.11, 18]","[609.4, 30]",258.97,181,72.29,0.47
07:37:31,"[223.72, 100]","[222.88, 81]","[278.93, 30]","[349.86, 21]",251.33,232,55.21,0.56
07:37:32,"[225.79, 81]","[224.4, 70]","[264.86, 14]","[319.57, 28]",245.32,193,39.07,0.56
07:37:33,"[227.0, 117]","[225.56, 54]","[262.22, 9]","[306.67, 36]",244.61,216,35.22,0.58
07:37:34,"[227.0, 132]","[226.0, 66]","[258.45, 20]","[353.45, 31]",242.72,249,31.45,0.59
07:37:35,"[227.0, 84]","[226.0, 42]","[258.0, 28]","[259.0, 7]",242.5,161,31.0,0.57
07:37:36,"[227.0, 84]","[226.0, 42]","[256.7, 10]","[258.04, 25]",241.85,161,29.7,0.57
07:37:37,"[227.0, 117]","[226.0, 78]","[253.95, 37]","[256.43, 28]",240.47,260,26.95,0.5
07:37:38,"[227.0, 108]","[226.0, 72]","[251.1, 30]","[252.57, 21]",239.05,231,24.1,0.56
07:37:39,"[227.0, 84]","[226.0, 66]","[249.65, 23]","[250.69, 26]",238.33,199,22.65,0.51
07:37:40,"[227.0, 74]","[226.0, 84]","[247.22, 40]","[248.68, 40]",237.11,238,20.22,0.33
07:37:41,"[226.09, 64]","[223.89, 76]","[242.62, 29]","[243.05, 38]",234.36,207,16.53,0.35
07:37:42,"[226.0, 70]","[222.0, 60]","[239.19, 31]","[241.1, 31]",232.6,192,13.19,0.35
07:37:43,"[226.0, 33]","[223.37, 59]","[237.18, 17]","[238.4, 30]",231.59,139,11.18,0.32
07:37:44,"[226.0, 42]","[225.0, 126]","[232.2, 25]","[233.3, 30]",229.1,223,6.2,0.51
07:37:45,"[225.82, 50]","[224.91, 130]","[228.16, 55]","[228.92, 26]",226.99,261,2.34,0.38
07:37:46,"[224.79, 43]","[221.46, 61]","[226.18, 39]","[260.83, 24]",225.49,167,1.39,0.25
07:37:47,"[221.17, 66]","[220.75, 157]","[223.64, 75]","[266.2, 66]",222.4,364,2.47,0.23
07:37:48,"[221.0, 70]","[219.0, 40]","[222.0, 20]","[253.32, 38]",221.5,168,1.0,0.31
07:37:49,"[220.29, 55]","[219.58, 71]","[358.47, 34]","[466.61, 69]",289.38,229,138.18,0.1
07:37:50,"[222.58, 12]","[220.0, 84]","[353.56, 25]","[455.17, 41]",288.07,162,130.98,0.19
07:37:51,"[220.83, 12]","[219.88, 24]","[369.67, 12]","[455.33, 30]",295.25,78,148.83,-0.08
07:37:52,"[220.77, 52]","[219.75, 16]","[359.8, 20]","[481.94, 34]",290.28,122,139.03,0.11
07:37:53,"[221.0, 50]","[220.0, 15]","[346.0, 20]","[396.0, 12]",283.5,97,125.0,0.34
07:37:54,"[221.0, 83]","[220.0, 27]","[371.43, 28]","[462.78, 27]",296.21,165,150.43,0.33
07:37:55,"[221.0, 63]","[220.0, 21]","[352.86, 14]","[446.0, 28]",286.93,126,131.86,0.33
07:37:56,"[221.86, 83]","[221.06, 96]","[460.78, 46]","[526.84, 38]",341.32,263,238.93,0.36
07:37:57,"[223.0, 45]","[222.0, 45]","[309.33, 18]","[516.0, 36]",266.17,144,86.33,0.25
07:37:58,"[224.42, 60]","[222.0, 60]","[453.05, 41]","[561.9, 30]",338.73,191,228.63,0.26
07:37:59,"[226.65, 85]","[223.82, 55]","[399.45, 22]","[553.41, 51]",313.05,213,172.81,0.31
07:38:00,"[227.0, 88]","[226.0, 40]","[366.06, 35]","[511.69, 32]",296.53,195,139.06,0.31
07:38:01,"[227.0, 110]","[226.0, 50]","[447.53, 32]","[587.97, 34]",337.27,226,220.53,0.42
07:38:02,"[227.0, 194]","[226.0, 90]","[257.93, 42]","[327.4, 30]",242.46,356,30.93,0.6
07:38:03,"[227.0, 56]","[226.0, 40]","[256.12, 24]","[288.25, 8]",241.56,128,29.12,0.5
07:38:04,"[227.0, 77]","[226.0, 55]","[252.24, 41]","[254.67, 43]",239.62,216,25.24,0.22
07:38:05,"[227.0, 98]","[226.0, 70]","[250.75, 60]","[251.52, 52]",238.88,280,23.75,0.2
07:38:06,"[227.0, 61]","[226.0, 70]","[248.76, 42]","[250.43, 42]",237.88,215,21.76,0.22
07:38:07,"[227.0, 20]","[225.53, 51]","[245.91, 32]","[247.17, 24]",236.45,127,18.91,0.12
07:38:08,"[227.0, 26]","[222.0, 78]","[241.32, 41]","[242.68, 19]",234.16,164,14.32,0.27
07:38:09,"[226.38, 26]","[222.36, 66]","[238.98, 61]","[240.53, 43]",232.68,196,12.6,-0.06
07:38:10,"[224.29, 21]","[221.57, 63]","[236.16, 19]","[237.12, 43]",230.22,146,11.87,0.15
07:38:11,"[222.0, 39]","[221.0, 117]","[232.04, 23]","[233.02, 43]",227.02,222,10.04,0.41
07:38:12,"[222.0, 52]","[221.0, 162]","[229.29, 24]","[230.44, 48]",225.65,286,7.29,0.5
07:38:13,"[222.1, 20]","[221.02, 83]","[225.45, 42]","[226.77, 30]",223.78,175,3.35,0.18
07:38:14,"[221.44, 18]","[220.5, 32]","[225.22, 27]","[225.91, 23]",223.33,100,3.78,0.0
07:38:15,"[220.0, 30]","[219.0, 10]","[222.29, 28]","[224.25, 12]",221.14,80,2.29,0.0
07:38:16,"[220.0, 35]","[219.0, 12]","[221.83, 36]","[224.21, 14]",220.92,97,1.83,-0.03
07:38:17,"[219.38, 16]","[217.14, 43]","[220.97, 37]","[394.8, 45]",220.17,141,1.6,-0.16
07:38:18,"[217.15, 26]","[216.14, 14]","[295.28, 29]","[411.45, 31]",256.21,100,78.12,-0.2
07:38:19,"[226.13, 92]","[217.14, 79]","[322.56, 32]","[326.53, 60]",274.35,263,96.43,0.3
07:38:20,"[227.0, 66]","[224.69, 39]","[275.84, 19]","[319.9, 20]",251.42,144,48.84,0.46
07:38:21,"[227.0, 24]","[225.0, 30]","[318.0, 6]","[320.0, 12]",272.5,72,91.0,0.5
07:38:22,"[227.0, 21]","[224.5, 36]","[316.17, 12]","[318.33, 9]",271.58,78,89.17,0.46
07:38:23,"[227.0, 21]","[223.2, 30]","[315.73, 11]","[316.4, 10]",271.36,72,88.73,0.42
07:38:24,"[225.35, 52]","[222.43, 63]","[273.63, 35]","[299.09, 23]",249.49,173,48.28,0.33
07:38:25,"[226.66, 58]","[221.57, 42]","[230.2, 10]","[232.0, 40]",228.43,150,3.54,0.33
07:38:26,"[225.0, 10]","[221.4, 30]","[229.0, 10]","[289.75, 16]",227.0,66,4.0,0.21
07:38:27,"[222.0, 49]","[219.0, 78]","[228.0, 26]","[305.65, 46]",225.0,199,6.0,0.28
07:38:28,"[222.0, 37]","[219.0, 72]","[226.0, 24]","[227.0, 24]",224.0,157,4.0,0.39
07:38:29,"[219.34, 88]","[217.09, 272]","[224.27, 48]","[253.0, 30]",221.81,438,4.93,0.64
07:38:30,"[219.14, 71]","[217.29, 210]","[225.79, 78]","[277.54, 37]",222.47,396,6.65,0.42
07:38:31,"[219.0, 6]","[217.0, 60]","[342.0, 12]","[658.36, 14]",280.5,92,123.0,0.43
07:38:32,"[217.29, 35]","[216.62, 80]","[400.43, 28]","[686.67, 18]",308.86,161,183.14,0.43
07:38:33,"[217.0, 62]","[216.0, 60]","[620.17, 24]","[685.0, 12]",418.58,158,403.17,0.54
07:38:34,"[217.0, 110]","[216.0, 110]","[486.19, 27]","[567.04, 28]",351.59,275,269.19,0.6
07:38:35,"[219.22, 36]","[216.3, 100]","[386.48, 27]","[454.71, 34]",302.85,197,167.26,0.38
07:38:36,"[222.0, 16]","[217.0, 16]","[433.84, 19]","[469.9, 29]",327.92,80,211.84,-0.2
07:38:37,"[218.36, 22]","[216.14, 111]","[398.29, 35]","[461.51, 35]",308.32,203,179.92,0.31
07:38:38,"[216.11, 54]","[215.16, 67]","[394.27, 15]","[530.26, 23]",305.19,159,178.16,0.52
07:38:39,"[216.22, 108]","[215.19, 121]","[347.62, 16]","[356.94, 36]",281.92,281,131.4,0.63
07:38:40,"[218.0, 52]","[216.0, 156]","[250.25, 16]","[273.49, 45]",234.12,269,32.25,0.55
07:38:41,"[220.27, 55]","[216.93, 110]","[226.93, 14]","[228.0, 56]",223.6,235,6.66,0.4
07:38:42,"[223.91, 44]","[221.0, 33]","[225.64, 11]","[228.0, 44]",224.77,132,1.73,0.17
07:38:43,"[224.0, 14]","[221.0, 24]","[225.0, 8]","[228.0, 32]",224.5,78,1.0,-0.03
07:38:44,"[221.75, 24]","[216.1, 60]","[229.4, 30]","[240.12, 34]",225.57,148,7.65,0.14
07:38:45,"[225.94, 34]","[223.0, 74]","[231.0, 52]","[362.68, 34]",228.47,194,5.06,0.11
07:38:46,"[227.0, 24]","[225.0, 72]","[231.0, 48]","[471.71, 38]",229.0,182,4.0,0.05
07:38:47,"[226.19, 21]","[224.45, 44]","[231.0, 44]","[401.88, 34]",228.6,143,4.81,-0.09
07:38:48,"[227.0, 11]","[225.43, 28]","[231.0, 44]","[294.45, 31]",229.0,114,4.0,-0.32
07:38:49,"[222.78, 18]","[220.78, 45]","[231.0, 44]","[313.0, 11]",226.89,118,8.22,0.07
07:38:50,"[222.0, 20]","[221.0, 10]","[231.0, 40]","[387.4, 10]",226.5,80,9.0,-0.25
07:38:51,"[220.5, 40]","[218.23, 74]","[231.0, 32]","[431.0, 16]",225.75,162,10.5,0.41
07:38:52,"[222.0, 18]","[220.0, 90]","[231.0, 36]","[399.67, 15]",226.5,159,9.0,0.36
07:38:53,"[222.0, 10]","[220.0, 50]","[231.0, 20]","[296.0, 10]",226.5,90,9.0,0.33
07:38:54,"[220.08, 104]","[219.0, 45]","[231.0, 48]","[450.89, 36]",225.54,233,10.92,0.28
07:38:55,"[220.0, 100]","[218.0, 40]","[229.41, 51]","[313.11, 35]",224.71,226,9.41,0.24
07:38:56,"[220.0, 64]","[218.0, 40]","[227.63, 59]","[289.27, 40]",223.81,203,7.63,0.02
07:38:57,"[220.0, 60]","[218.0, 40]","[225.45, 44]","[226.35, 46]",222.73,190,5.45,0.05
07:38:58,"[220.0, 72]","[218.47, 60]","[224.31, 49]","[225.58, 57]",222.15,238,4.31,0.11
07:38:59,"[219.82, 76]","[218.91, 92]","[222.13, 60]","[223.38, 55]",220.97,283,2.32,0.19
07:39:00,"[219.0, 84]","[218.0, 48]","[222.78, 45]","[225.13, 30]",220.89,207,3.78,0.28
07:39:01,"[218.93, 55]","[217.9, 40]","[220.8, 30]","[221.84, 38]",219.86,163,1.87,0.17
07:39:02,"[217.49, 37]","[195.58, 76]","[222.0, 35]","[327.11, 37]",219.74,185,4.51,0.22
07:39:03,"[217.44, 18]","[152.2, 40]","[227.0, 18]","[228.83, 12]",222.22,88,9.56,0.32
07:39:04,"[221.95, 63]","[218.23, 13]","[226.86, 21]","[229.0, 14]",224.4,111,4.9,0.37
07:39:05,"[222.0, 78]","[221.0, 9]","[225.86, 21]","[227.71, 21]",223.93,129,3.86,0.35
07:39:06,"[222.0, 72]","[220.81, 21]","[224.73, 11]","[225.96, 25]",223.36,129,2.73,0.44
07:39:07,"[222.0, 89]","[221.0, 48]","[246.2, 30]","[425.36, 25]",234.1,192,24.2,0.43
07:39:08,"[222.56, 86]","[221.43, 42]","[229.0, 36]","[553.0, 18]",225.78,182,6.44,0.41
07:39:09,"[223.0, 144]","[222.0, 54]","[228.86, 37]","[435.1, 20]",225.93,255,5.86,0.55
07:39:10,"[223.1, 80]","[222.0, 48]","[227.12, 40]","[229.0, 32]",225.11,200,4.03,0.28
07:39:11,"[224.91, 94]","[222.0, 78]","[226.54, 65]","[228.0, 52]",225.73,289,1.62,0.19
07:39:12,"[225.0, 36]","[222.0, 36]","[226.0, 30]","[228.0, 24]",225.5,126,1.0,0.14
07:39:13,"[225.0, 30]","[222.5, 64]","[227.09, 44]","[320.73, 22]",226.05,160,2.09,0.17
07:39:14,"[225.0, 8]","[224.0, 64]","[229.25, 32]","[347.44, 9]",227.12,113,4.25,0.27
07:39:15,"[224.8, 61]","[222.71, 56]","[233.0, 36]","[423.62, 16]",228.9,169,8.2,0.38
07:39:16,"[226.0, 132]","[224.0, 66]","[233.0, 44]","[308.0, 12]",229.5,254,7.0,0.56
07:39:17,"[226.0, 96]","[224.0, 48]","[233.0, 32]","[331.1, 10]",229.5,186,7.0,0.55
07:39:18,"[226.0, 74]","[224.0, 42]","[233.0, 28]","[310.0, 14]",229.5,158,7.0,0.47
07:39:19,"[226.0, 60]","[224.0, 36]","[233.0, 24]","[345.0, 7]",229.5,127,7.0,0.51
07:39:20,"[226.0, 88]","[224.0, 48]","[233.0, 32]","[453.25, 8]",229.5,176,7.0,0.55
07:39:21,"[226.0, 99]","[224.0, 54]","[233.12, 32]","[449.78, 18]",229.56,203,7.12,0.51
07:39:22,"[226.0, 19]","[224.0, 30]","[236.0, 20]","[306.0, 5]",231.0,74,10.0,0.32
07:39:23,"[226.0, 31]","[224.0, 66]","[232.53, 38]","[233.56, 39]",229.26,174,6.53,0.11
07:39:24,"[226.0, 35]","[224.0, 78]","[229.1, 40]","[230.06, 51]",227.55,204,3.1,0.11
07:39:25,"[226.0, 24]","[224.0, 48]","[228.38, 24]","[230.0, 32]",227.19,128,2.38,0.12
07:39:26,"[226.0, 39]","[224.0, 78]","[227.62, 39]","[230.0, 52]",226.81,208,1.62,0.12
07:39:27,"[226.0, 27]","[224.0, 54]","[227.0, 27]","[230.0, 36]",226.5,144,1.0,0.12
07:39:28,"[225.52, 25]","[223.35, 69]","[227.0, 30]","[232.4, 40]",226.26,164,1.48,0.15
07:39:29,"[224.0, 39]","[221.0, 150]","[226.6, 30]","[233.0, 40]",225.3,259,2.6,0.46
07:39:30,"[222.33, 27]","[220.9, 63]","[227.19, 16]","[274.21, 19]",224.76,125,4.85,0.44
07:39:31,"[221.0, 82]","[219.0, 18]","[234.67, 24]","[542.64, 22]",227.83,146,13.67,0.37
07:39:32,"[221.0, 91]","[219.0, 21]","[234.6, 20]","[455.16, 31]",227.8,163,13.6,0.37
07:39:33,"[221.0, 143]","[219.0, 33]","[233.36, 14]","[234.43, 28]",227.18,218,12.36,0.61
07:39:34,"[221.0, 169]","[219.0, 39]","[231.04, 25]","[232.12, 34]",226.02,267,10.04,0.56
07:39:35,"[221.0, 127]","[219.0, 33]","[229.31, 29]","[230.88, 16]",225.16,205,8.31,0.56
07:39:36,"[221.0, 136]","[219.0, 45]","[228.63, 35]","[229.06, 36]",224.81,252,7.63,0.44
07:39:37,"[221.0, 60]","[219.0, 30]","[225.23, 13]","[226.71, 17]",223.12,120,4.23,0.5
07:39:38,"[221.0, 30]","[219.0, 15]","[222.8, 10]","[224.0, 5]",221.9,60,1.8,0.5
07:39:39,"[220.92, 60]","[219.82, 66]","[225.23, 26]","[530.74, 27]",223.07,179,4.31,0.41
07:39:40,"[220.0, 50]","[218.6, 25]","[227.42, 38]","[456.08, 24]",223.71,137,7.42,0.09
07:39:41,"[220.0, 55]","[219.0, 11]","[227.0, 55]","[230.0, 22]",223.5,143,7.0,-0.08
07:39:42,"[221.08, 48]","[219.65, 17]","[229.17, 36]","[275.75, 32]",225.12,133,8.08,-0.02
07:39:43,"[224.0, 36]","[220.0, 12]","[226.5, 36]","[230.0, 24]",225.25,108,2.5,-0.11
07:39:44,"[224.0, 33]","[220.0, 11]","[225.64, 33]","[230.0, 22]",224.82,99,1.64,-0.11
07:39:45,"[224.0, 21]","[220.0, 7]","[225.0, 21]","[230.0, 14]",224.5,63,1.0,-0.11
07:39:46,"[222.0, 12]","[219.25, 8]","[228.14, 21]","[278.55, 22]",225.07,63,6.14,-0.37
07:39:47,"[220.23, 13]","[219.23, 13]","[228.62, 39]","[233.0, 26]",224.42,91,8.38,-0.43
07:39:48,"[221.11, 54]","[218.28, 25]","[228.0, 42]","[232.21, 28]",224.56,149,6.89,0.06
07:39:49,"[224.0, 120]","[218.0, 58]","[227.6, 30]","[230.0, 24]",225.8,232,3.6,0.53
07:39:50,"[224.0, 156]","[218.0, 78]","[225.85, 39]","[228.0, 39]",224.92,312,1.85,0.5
07:39:51,"[224.0, 84]","[218.0, 72]","[227.86, 28]","[428.05, 40]",225.93,224,3.86,0.39
07:39:52,"[224.0, 42]","[218.0, 42]","[309.43, 28]","[605.09, 34]",266.71,146,85.43,0.15
07:39:53,"[224.0, 35]","[218.0, 60]","[335.14, 28]","[523.22, 37]",279.57,160,111.14,0.19
07:39:54,"[219.18, 22]","[217.3, 43]","[337.54, 26]","[425.33, 21]",278.36,112,118.36,0.16
07:39:55,"[221.07, 30]","[218.17, 71]","[374.43, 35]","[582.16, 57]",297.75,193,153.36,0.05
07:39:56,"[224.31, 26]","[222.88, 34]","[236.88, 58]","[365.19, 32]",230.59,150,12.57,-0.2
07:39:57,"[225.87, 30]","[224.6, 30]","[230.0, 70]","[243.0, 56]",227.93,186,4.13,-0.35
07:39:58,"[226.0, 31]","[225.0, 18]","[230.0, 45]","[243.0, 36]",228.0,130,4.0,-0.25
07:39:59,"[226.0, 24]","[225.0, 16]","[230.0, 40]","[279.86, 28]",228.0,108,4.0,-0.26
07:40:00,"[226.0, 27]","[225.0, 18]","[230.0, 45]","[241.0, 27]",228.0,117,4.0,-0.23
07:40:01,"[226.0, 30]","[225.0, 20]","[229.8, 50]","[238.06, 34]",227.9,134,3.8,-0.25
07:40:02,"[226.0, 30]","[225.0, 20]","[228.9, 50]","[232.0, 50]",227.45,150,2.9,-0.33
07:40:03,"[226.0, 9]","[225.0, 6]","[227.0, 15]","[232.0, 15]",226.5,45,1.0,-0.33
07:40:04,"[226.0, 21]","[225.0, 14]","[227.0, 35]","[236.0, 35]",226.5,105,1.0,-0.33
07:40:05,"[225.3, 20]","[222.82, 22]","[232.4, 30]","[278.0, 41]",228.85,113,7.1,-0.26
07:40:06,"[225.0, 12]","[221.0, 12]","[234.0, 12]","[236.0, 30]",229.5,66,9.0,-0.27
07:40:07,"[225.0, 12]","[221.0, 12]","[234.0, 12]","[236.0, 30]",229.5,66,9.0,-0.27
07:40:08,"[225.0, 18]","[221.0, 18]","[238.17, 36]","[342.42, 36]",231.58,108,13.17,-0.33
07:40:09,"[224.14, 21]","[219.25, 56]","[237.39, 49]","[327.05, 40]",230.77,166,13.24,-0.07
07:40:10,"[226.0, 60]","[220.75, 20]","[233.45, 44]","[235.69, 26]",229.73,150,7.45,0.07
07:40:11,"[226.0, 42]","[222.04, 23]","[232.35, 23]","[263.0, 18]",229.17,106,6.35,0.23
07:40:12,"[226.0, 48]","[224.0, 40]","[231.71, 35]","[249.25, 40]",228.86,163,5.71,0.08
07:40:13,"[222.34, 83]","[222.04, 51]","[230.8, 30]","[232.0, 75]",226.57,239,8.46,0.12
07:40:14,"[221.27, 60]","[220.77, 31]","[228.33, 46]","[229.48, 31]",224.8,168,7.06,0.08
07:40:15,"[223.0, 15]","[221.0, 66]","[226.0, 55]","[227.0, 22]",224.5,158,3.0,0.03
07:40:16,"[221.15, 39]","[220.75, 24]","[226.0, 45]","[227.0, 18]",223.58,126,4.85,0.0
07:40:17,"[221.0, 48]","[220.0, 10]","[226.0, 50]","[227.0, 20]",223.5,128,5.0,-0.09
07:40:18,"[222.23, 31]","[220.92, 36]","[224.78, 46]","[227.08, 52]",223.5,165,2.56,-0.19
07:40:19,"[221.0, 27]","[220.0, 9]","[224.25, 24]","[228.89, 27]",222.62,87,3.25,-0.17
07:40:20,"[219.26, 46]","[218.1, 42]","[224.0, 30]","[225.0, 20]",221.63,138,4.74,0.28
07:40:21,"[220.48, 134]","[218.69, 80]","[222.97, 33]","[226.14, 43]",221.72,290,2.49,0.48
07:40:22,"[219.3, 53]","[218.31, 65]","[222.0, 39]","[230.0, 65]",220.65,222,2.7,0.06
07:40:23,"[219.91, 106]","[218.65, 71]","[223.74, 57]","[268.11, 79]",221.82,313,3.83,0.13
07:40:24,"[221.31, 52]","[219.0, 39]","[227.63, 62]","[404.14, 35]",224.47,188,6.32,-0.03
07:40:25,"[221.84, 55]","[218.89, 44]","[223.18, 57]","[225.54, 67]",222.51,223,1.34,-0.11
07:40:26,"[219.0, 33]","[218.0, 55]","[225.0, 55]","[311.18, 22]",222.0,165,6.0,0.07
07:40:27,"[219.0, 33]","[218.0, 55]","[264.22, 51]","[506.28, 43]",241.61,182,45.22,-0.03
07:40:28,"[219.0, 15]","[218.0, 25]","[225.0, 15]","[425.0, 25]",222.0,80,6.0,0.0
07:40:29,"[220.93, 87]","[218.88, 41]","[225.0, 39]","[441.55, 44]",222.97,211,4.07,0.21
07:40:30,"[221.0, 56]","[219.25, 16]","[224.84, 25]","[334.18, 17]",222.92,114,3.84,0.26
07:40:31,"[220.96, 53]","[219.6, 15]","[223.38, 29]","[224.34, 38]",222.17,135,2.42,0.01
07:40:32,"[219.29, 17]","[218.43, 35]","[221.17, 24]","[225.03, 29]",220.23,105,1.87,-0.01
07:40:33,"[218.73, 49]","[216.05, 117]","[222.12, 57]","[258.27, 45]",220.43,268,3.39,0.24
07:40:34,"[219.5, 36]","[215.29, 84]","[227.0, 24]","[313.8, 40]",223.25,184,7.5,0.3
07:40:35,"[218.25, 24]","[213.26, 171]","[223.65, 17]","[225.85, 13]",220.95,225,5.4,0.73
07:40:36,"[219.79, 19]","[218.0, 36]","[221.94, 16]","[223.06, 32]",220.86,103,2.15,0.07
07:40:37,"[218.0, 26]","[214.71, 17]","[226.9, 21]","[237.49, 37]",222.45,101,8.9,-0.15
07:40:38,"[211.35, 86]","[193.92, 61]","[509.73, 55]","[661.73, 11]",360.54,213,298.38,0.38
07:40:39,"[211.18, 49]","[206.74, 19]","[571.0, 20]","[749.0, 4]",391.09,92,359.82,0.48
07:40:40,"[211.32, 76]","[207.29, 68]","[531.62, 40]","[628.29, 7]",371.47,191,320.31,0.51
07:40:41,"[216.91, 11]","[215.38, 13]","[525.88, 51]","[526.0, 10]",371.4,85,308.97,-0.44
07:40:42,"[216.2, 20]","[211.49, 78]","[483.91, 32]","[610.39, 38]",350.05,168,267.71,0.17
07:40:43,"[213.45, 22]","[211.64, 94]","[342.76, 42]","[539.85, 40]",278.11,198,129.31,0.17
07:40:44,"[219.65, 23]","[214.29, 21]","[228.11, 27]","[450.65, 23]",223.88,94,8.46,-0.06
07:40:45,"[225.0, 40]","[217.0, 27]","[227.33, 27]","[536.67, 18]",226.17,112,2.33,0.2
07:40:46,"[225.0, 44]","[217.0, 33]","[226.84, 32]","[339.27, 22]",225.92,131,1.84,0.18
07:40:47,"[225.0, 35]","[220.64, 11]","[316.59, 17]","[523.1, 20]",270.79,83,91.59,0.11
07:40:48,"[225.0, 18]","[221.0, 6]","[333.55, 11]","[604.67, 12]",279.27,47,108.55,0.02
07:40:49,"[225.0, 27]","[221.0, 9]","[276.67, 9]","[411.44, 18]",250.83,63,51.67,0.14
07:40:50,"[220.5, 12]","[218.16, 19]","[231.17, 23]","[321.42, 19]",225.84,73,10.67,-0.15
07:40:51,"[219.67, 18]","[218.08, 26]","[222.82, 34]","[284.75, 24]",221.25,102,3.16,-0.14
07:40:52,"[216.33, 9]","[215.5, 12]","[221.83, 6]","[586.0, 12]",219.08,39,5.5,0.08
07:40:53,"[214.8, 15]","[200.5, 48]","[216.23, 35]","[353.09, 11]",215.51,109,1.43,0.16
07:40:54,"[199.6, 10]","[168.52, 23]","[216.0, 40]","[220.0, 10]",207.8,83,16.4,-0.2
07:40:55,"[74.69, 55]","[45.34, 58]","[215.93, 30]","[247.62, 21]",145.31,164,141.24,0.38
07:40:56,"[182.88, 25]","[83.38, 21]","[215.54, 26]","[295.76, 25]",199.21,97,32.66,-0.05
07:40:57,"[194.29, 84]","[180.42, 36]","[213.0, 80]","[216.0, 40]",203.64,240,18.71,0.0
07:40:58,"[194.0, 60]","[113.83, 12]","[213.0, 48]","[214.8, 15]",203.5,135,19.0,0.07
07:40:59,"[194.32, 41]","[151.15, 13]","[299.8, 25]","[348.1, 20]",247.06,99,105.48,0.09
07:41:00,"[194.6, 50]","[160.19, 21]","[239.0, 30]","[437.0, 20]",216.8,121,44.4,0.17
07:41:01,"[195.0, 40]","[156.38, 8]","[225.5, 24]","[292.64, 22]",210.25,94,30.5,0.02
07:41:02,"[200.4, 50]","[197.26, 34]","[237.56, 50]","[288.65, 52]",218.98,186,37.16,-0.1
07:41:03,"[201.77, 65]","[198.92, 13]","[216.2, 49]","[227.27, 41]",208.99,168,14.43,-0.07
07:41:04,"[202.0, 28]","[198.0, 6]","[215.0, 30]","[216.0, 6]",208.5,70,13.0,-0.03
07:41:05,"[203.69, 80]","[200.0, 20]","[213.9, 80]","[215.0, 100]",208.79,280,10.21,-0.29
07:41:06,"[207.02, 53]","[208.34, 29]","[374.36, 25]","[508.91, 32]",290.69,139,167.34,0.18
07:41:07,"[224.0, 14]","[222.0, 45]","[418.67, 18]","[599.35, 17]",321.33,94,194.67,0.26
07:41:08,"[224.36, 11]","[222.11, 37]","[455.71, 14]","[617.92, 13]",340.04,75,231.35,0.28
07:41:09,"[222.86, 21]","[182.88, 8]","[227.0, 8]","[268.0, 8]",224.93,45,4.14,0.29
07:41:10,"[222.0, 39]","[215.63, 81]","[225.15, 33]","[233.8, 15]",223.58,168,3.15,0.43
07:41:11,"[222.0, 22]","[219.0, 24]","[224.1, 30]","[225.0, 18]",223.05,94,2.1,-0.02
07:41:12,"[222.0, 9]","[221.0, 9]","[223.0, 9]","[224.0, 27]",222.5,54,1.0,-0.33
07:41:13,"[221.12, 8]","[218.1, 31]","[223.95, 22]","[347.53, 17]",222.54,78,2.83,0.0
07:41:14,"[221.0, 9]","[218.0, 44]","[223.89, 27]","[439.6, 10]",222.44,90,2.89,0.18
07:41:15,"[214.0, 22]","[211.21, 14]","[223.0, 33]","[346.36, 11]",218.5,80,9.0,-0.1
07:41:16,"[214.0, 44]","[203.49, 111]","[222.36, 33]","[259.2, 15]",218.18,203,8.36,0.53
07:41:17,"[214.0, 44]","[184.09, 132]","[219.86, 28]","[220.73, 33]",216.93,237,5.86,0.49
07:41:18,"[216.6, 30]","[208.88, 58]","[219.0, 18]","[220.0, 27]",217.8,133,2.4,0.32
07:41:19,"[216.8, 40]","[215.83, 46]","[219.78, 27]","[299.39, 23]",218.29,136,2.98,0.26
07:41:20,"[216.1, 39]","[212.12, 33]","[220.0, 27]","[349.0, 18]",218.05,117,3.9,0.23
07:41:21,"[212.0, 52]","[208.0, 8]","[217.57, 14]","[256.14, 21]",214.79,95,5.57,0.26
07:41:22,"[213.78, 37]","[210.32, 19]","[245.52, 27]","[332.87, 15]",229.65,98,31.73,0.14
07:41:23,"[220.0, 6]","[213.0, 3]","[381.0, 3]","[743.6, 5]",300.5,17,161.0,0.06
07:41:24,"[214.77, 13]","[212.03, 34]","[288.79, 33]","[358.74, 19]",251.78,99,74.02,-0.05
07:41:25,"[214.6, 10]","[212.0, 30]","[221.0, 10]","[271.5, 10]",217.8,60,6.4,0.33
07:41:26,"[217.14, 21]","[215.61, 41]","[221.0, 15]","[341.3, 23]",219.07,100,3.86,0.24
07:41:27,"[215.5, 22]","[213.73, 49]","[275.78, 18]","[329.11, 28]",245.64,117,60.28,0.21
07:41:28,"[217.03, 37]","[213.5, 42]","[300.86, 28]","[377.94, 16]",258.94,123,83.83,0.28
07:41:29,"[221.0, 104]","[218.0, 32]","[347.27, 22]","[463.14, 14]",284.14,172,126.27,0.58
07:41:30,"[221.0, 65]","[218.0, 20]","[417.0, 5]","[594.2, 15]",319.0,105,196.0,0.62
07:41:31,"[221.64, 33]","[220.76, 99]","[402.33, 9]","[548.74, 23]",311.98,164,180.7,0.61
07:41:32,"[221.36, 50]","[220.49, 94]","[486.43, 14]","[627.69, 26]",353.89,184,265.07,0.57
07:41:33,"[221.0, 165]","[218.0, 60]","[618.63, 43]","[700.06, 17]",419.81,285,397.63,0.58
07:41:34,"[221.0, 91]","[218.0, 36]","[257.79, 24]","[409.3, 23]",239.4,174,36.79,0.46
07:41:35,"[221.0, 30]","[218.71, 14]","[222.0, 18]","[451.5, 10]",221.5,72,1.0,0.22
07:41:36,"[221.0, 50]","[219.0, 20]","[447.88, 26]","[596.77, 30]",334.44,126,226.88,0.11
07:41:37,"[220.81, 36]","[218.2, 40]","[376.76, 46]","[489.4, 40]",298.78,162,155.96,-0.06
07:41:38,"[226.0, 40]","[219.0, 16]","[367.3, 33]","[384.0, 30]",296.65,119,141.3,-0.06
07:41:39,"[223.73, 37]","[218.29, 34]","[310.85, 26]","[364.82, 45]",267.29,142,87.12,0.0
07:41:40,"[219.0, 24]","[218.0, 48]","[227.17, 48]","[457.25, 40]",223.08,160,8.17,-0.1
07:41:41,"[218.85, 33]","[214.92, 52]","[226.0, 44]","[275.73, 51]",222.42,180,7.15,-0.06
07:41:42,"[219.22, 135]","[218.71, 35]","[225.13, 60]","[284.59, 51]",222.18,281,5.91,0.21
07:41:43,"[219.36, 36]","[217.07, 70]","[223.7, 40]","[472.93, 14]",221.53,160,4.34,0.33
07:41:44,"[219.44, 50]","[217.63, 57]","[223.0, 44]","[516.0, 29]",221.22,180,3.56,0.19
07:41:45,"[221.5, 34]","[218.93, 80]","[223.0, 51]","[625.88, 40]",222.25,205,1.5,0.11
07:41:46,"[219.0, 32]","[213.09, 35]","[222.29, 21]","[627.0, 7]",220.64,95,3.29,0.41
07:41:47,"[220.43, 21]","[215.0, 10]","[419.33, 15]","[679.0, 21]",319.88,67,198.9,-0.07
07:41:48,"[225.0, 65]","[219.0, 26]","[261.23, 13]","[717.44, 61]",243.12,165,36.23,0.1
07:41:49,"[225.26, 47]","[222.1, 29]","[262.9, 10]","[568.28, 46]",244.08,132,37.64,0.15
07:41:50,"[226.0, 34]","[225.0, 55]","[262.0, 11]","[517.47, 45]",244.0,145,36.0,0.23
07:41:51,"[226.0, 18]","[225.0, 30]","[262.0, 6]","[675.67, 30]",244.0,84,36.0,0.14
07:41:52,"[226.0, 27]","[225.0, 45]","[260.89, 9]","[463.93, 27]",243.44,108,34.89,0.33
07:41:53,"[226.0, 9]","[225.0, 45]","[259.56, 9]","[456.11, 9]",242.78,72,33.56,0.5
07:41:54,"[226.0, 10]","[225.0, 50]","[257.46, 13]","[263.85, 34]",241.73,107,31.46,0.12
07:41:55,"[226.0, 7]","[225.0, 35]","[256.14, 7]","[258.0, 28]",241.07,77,30.14,0.09
07:41:56,"[226.0, 8]","[225.0, 52]","[255.75, 8]","[258.0, 32]",240.88,100,29.75,0.2
07:41:57,"[226.0, 16]","[225.0, 112]","[252.5, 32]","[255.65, 54]",239.25,214,26.5,0.2
07:41:58,"[225.14, 44]","[224.25, 48]","[248.3, 20]","[249.28, 58]",236.72,170,23.16,0.08
07:41:59,"[225.0, 80]","[221.67, 191]","[244.64, 28]","[248.46, 68]",234.82,367,19.64,0.48
07:42:00,"[225.0, 60]","[222.0, 156]","[242.16, 32]","[243.62, 40]",233.58,288,17.16,0.5
07:42:01,"[225.0, 50]","[222.0, 130]","[239.19, 32]","[240.8, 40]",232.09,252,14.19,0.43
07:42:02,"[223.27, 158]","[221.57, 276]","[235.44, 61]","[236.79, 72]",229.35,567,12.18,0.53
07:42:03,"[224.0, 110]","[222.0, 143]","[230.07, 42]","[231.67, 27]",227.04,322,6.07,0.57
07:42:04,"[224.38, 32]","[223.64, 146]","[227.0, 44]","[227.77, 26]",225.69,248,2.62,0.44
07:42:05,"[224.02, 90]","[222.29, 137]","[225.09, 35]","[229.29, 28]",224.55,290,1.06,0.57
07:42:06,"[222.11, 151]","[221.23, 114]","[224.23, 52]","[253.91, 47]",223.17,364,2.12,0.46
07:42:07,"[222.0, 117]","[221.0, 104]","[223.0, 52]","[315.33, 60]",222.5,333,1.0,0.33
07:42:08,"[221.63, 87]","[220.83, 96]","[222.89, 53]","[261.55, 55]",222.26,291,1.25,0.26
07:42:09,"[221.0, 38]","[219.0, 20]","[222.0, 30]","[228.13, 46]",221.5,134,1.0,-0.13
07:42:10,"[219.56, 25]","[218.31, 13]","[291.0, 22]","[418.47, 15]",255.28,75,71.44,0.01
07:42:11,"[218.15, 26]","[216.8, 10]","[302.91, 11]","[376.11, 19]",260.53,66,84.76,0.09
07:42:12,"[218.36, 56]","[216.42, 48]","[440.21, 29]","[680.75, 59]",329.28,192,221.85,0.08
07:42:13,"[215.0, 48]","[171.0, 12]","[524.12, 50]","[578.16, 38]",369.56,148,309.12,-0.19
07:42:14,"[198.31, 32]","[158.38, 16]","[432.7, 63]","[516.65, 63]",315.51,174,234.39,-0.45
07:42:15,"[206.0, 5]","[180.8, 10]","[220.4, 20]","[309.53, 17]",213.2,52,14.4,-0.42
07:42:16,"[166.94, 17]","[103.58, 31]","[217.88, 68]","[220.21, 67]",192.41,183,50.94,-0.48
07:42:17,"[120.6, 5]","[44.55, 22]","[216.5, 16]","[217.43, 14]",168.55,57,95.9,-0.05
07:42:18,"[187.0, 18]","[186.0, 12]","[215.09, 22]","[216.67, 24]",201.05,76,28.09,-0.21
07:42:19,"[187.55, 33]","[154.6, 42]","[212.56, 27]","[213.62, 29]",200.05,131,25.01,0.15
07:42:20,"[198.3, 56]","[158.87, 79]","[209.15, 52]","[211.0, 26]",203.73,213,10.85,0.27
07:42:21,"[203.96, 51]","[202.09, 75]","[208.57, 56]","[211.0, 28]",206.27,210,4.61,0.2
07:42:22,"[213.88, 94]","[207.73, 48]","[216.82, 44]","[268.21, 28]",215.35,214,2.94,0.33
07:42:23,"[214.76, 84]","[212.51, 57]","[217.0, 40]","[292.0, 20]",215.88,201,2.24,0.4
07:42:24,"[215.11, 90]","[214.48, 62]","[217.92, 38]","[277.0, 16]",216.52,206,2.81,0.48
07:42:25,"[217.56, 48]","[216.63, 46]","[250.31, 26]","[262.0, 16]",233.94,136,32.75,0.38
07:42:26,"[222.12, 51]","[220.3, 73]","[246.12, 64]","[248.0, 32]",234.12,220,24.01,0.13
07:42:27,"[221.92, 39]","[220.2, 113]","[245.5, 32]","[246.4, 40]",233.71,224,23.58,0.36
07:42:28,"[221.0, 70]","[218.0, 70]","[242.0, 24]","[243.56, 18]",231.5,182,21.0,0.54
07:42:29,"[221.0, 136]","[218.0, 130]","[237.88, 50]","[238.68, 38]",229.44,354,16.88,0.5
07:42:30,"[221.0, 78]","[218.0, 60]","[235.67, 18]","[236.5, 24]",228.33,180,14.67,0.53
07:42:31,"[221.0, 156]","[218.0, 120]","[232.54, 41]","[233.55, 44]",226.77,361,11.54,0.53
07:42:32,"[221.0, 65]","[218.0, 50]","[228.68, 22]","[229.42, 19]",224.84,156,7.68,0.47
07:42:33,"[221.0, 130]","[218.0, 100]","[226.91, 35]","[228.24, 37]",223.96,302,5.91,0.52
07:42:34,"[221.0, 115]","[218.0, 100]","[224.0, 35]","[224.59, 37]",222.5,287,3.0,0.5
07:42:35,"[219.7, 73]","[217.64, 74]","[222.0, 48]","[223.0, 24]",220.85,219,2.3,0.34
07:42:36,"[220.0, 32]","[215.41, 51]","[222.24, 17]","[274.25, 16]",221.12,116,2.24,0.43
07:42:37,"[221.67, 36]","[217.6, 30]","[302.43, 14]","[432.0, 12]",262.05,92,80.76,0.43
07:42:38,"[225.27, 33]","[221.67, 36]","[335.0, 18]","[408.11, 18]",280.14,105,109.73,0.31
07:42:39,"[226.0, 19]","[225.0, 36]","[501.44, 18]","[417.4, 10]",363.72,83,275.44,0.33
07:42:40,"[227.0, 87]","[226.0, 6]","[707.0, 12]","[0, 0]",467.0,105,480.0,0.77
07:42:41,"[227.0, 80]","[226.0, 9]","[615.11, 18]","[716.0, 4]",421.06,111,388.11,0.6
07:42:42,"[227.0, 46]","[226.0, 7]","[298.71, 14]","[716.0, 14]",262.86,81,71.71,0.31
07:42:43,"[227.0, 36]","[226.0, 6]","[411.0, 12]","[716.0, 12]",319.0,66,184.0,0.27
07:42:44,"[227.0, 58]","[226.0, 8]","[398.76, 21]","[590.06, 17]",312.88,104,171.76,0.27
07:42:45,"[227.0, 66]","[226.0, 9]","[311.0, 18]","[409.0, 27]",269.0,120,84.0,0.25
07:42:46,"[227.0, 35]","[226.0, 5]","[409.0, 15]","[424.0, 25]",318.0,80,182.0,0.0
07:42:47,"[227.0, 55]","[226.0, 10]","[346.0, 24]","[416.89, 38]",286.5,127,119.0,0.02
07:42:48,"[223.3, 20]","[223.69, 32]","[282.4, 25]","[358.6, 25]",252.85,102,59.1,0.02
07:42:49,"[219.87, 46]","[218.31, 39]","[262.98, 47]","[285.97, 37]",241.42,169,43.11,0.01
07:42:50,"[220.2, 50]","[217.78, 27]","[246.44, 27]","[261.33, 27]",233.32,131,26.24,0.18
07:42:51,"[222.09, 68]","[219.55, 22]","[242.3, 30]","[243.5, 30]",232.19,150,20.21,0.2
07:42:52,"[223.0, 42]","[222.0, 44]","[238.5, 18]","[241.14, 21]",230.75,125,15.5,0.38
07:42:53,"[223.9, 60]","[222.0, 80]","[238.64, 28]","[241.6, 30]",231.27,198,14.74,0.41
07:42:54,"[224.94, 96]","[222.0, 168]","[235.45, 66]","[237.48, 63]",230.2,393,10.52,0.34
07:42:55,"[226.0, 16]","[225.0, 80]","[231.98, 57]","[232.98, 55]",228.99,208,5.98,-0.08
07:42:56,"[225.2, 30]","[222.48, 124]","[228.0, 58]","[228.91, 56]",226.6,268,2.8,0.15
07:42:57,"[222.84, 64]","[221.85, 78]","[225.48, 44]","[226.53, 45]",224.16,231,2.63,0.23
07:42:58,"[221.79, 24]","[219.83, 12]","[312.62, 39]","[412.0, 36]",267.2,111,90.82,-0.35
07:42:59,"[222.73, 11]","[220.0, 11]","[489.7, 43]","[653.07, 30]",356.21,95,266.97,-0.54
07:43:00,"[223.0, 10]","[220.0, 10]","[385.46, 39]","[656.65, 23]",304.23,82,162.46,-0.51
07:43:01,"[219.05, 146]","[217.16, 38]","[436.35, 31]","[549.25, 53]",327.7,268,217.3,0.37
07:43:02,"[219.0, 118]","[217.06, 32]","[415.05, 39]","[560.98, 47]",317.03,236,196.05,0.27
07:43:03,"[219.0, 70]","[218.0, 14]","[264.67, 18]","[449.14, 29]",241.83,131,45.67,0.28
07:43:04,"[219.0, 45]","[218.0, 10]","[264.0, 10]","[265.0, 15]",241.5,80,45.0,0.38
07:43:05,"[219.0, 50]","[218.0, 20]","[263.2, 20]","[265.0, 30]",241.1,120,44.2,0.17
07:43:06,"[221.36, 33]","[219.51, 73]","[260.9, 40]","[302.27, 55]",241.13,201,39.54,0.05
07:43:07,"[225.0, 11]","[220.0, 55]","[258.25, 40]","[258.65, 37]",241.62,143,33.25,-0.08
07:43:08,"[220.56, 9]","[219.11, 45]","[255.47, 36]","[257.56, 27]",238.01,117,34.92,-0.08
07:43:09,"[220.0, 11]","[218.19, 133]","[250.41, 39]","[252.5, 48]",235.21,231,30.41,0.25
07:43:10,"[220.0, 13]","[218.0, 234]","[236.26, 38]","[244.43, 61]",228.13,346,16.26,0.43
07:43:11,"[220.0, 15]","[218.0, 270]","[230.91, 54]","[232.47, 57]",225.45,396,10.91,0.44
07:43:12,"[219.93, 15]","[218.1, 180]","[226.38, 48]","[227.16, 67]",223.15,310,6.44,0.26
07:43:13,"[218.03, 111]","[217.29, 84]","[223.4, 10]","[226.0, 45]",220.71,250,5.37,0.56
07:43:14,"[218.09, 138]","[217.21, 89]","[220.2, 10]","[249.33, 48]",219.14,285,2.11,0.59
07:43:15,"[218.0, 144]","[216.0, 40]","[219.5, 8]","[394.0, 8]",218.75,200,1.5,0.84
07:43:16,"[218.0, 128]","[216.0, 40]","[266.5, 8]","[485.26, 19]",242.25,195,48.5,0.72
07:43:17,"[218.0, 36]","[216.0, 170]","[307.86, 22]","[363.19, 36]",262.93,264,89.86,0.56
07:43:18,"[218.0, 8]","[216.0, 98]","[339.64, 22]","[384.53, 19]",278.82,147,121.64,0.44
07:43:19,"[220.29, 7]","[216.39, 33]","[348.08, 26]","[467.18, 17]",284.18,83,127.79,-0.04
07:43:20,"[225.3, 33]","[223.11, 18]","[457.0, 48]","[536.35, 20]",341.15,119,231.7,-0.14
07:43:21,"[223.5, 48]","[223.25, 8]","[381.8, 30]","[516.14, 21]",302.65,107,158.3,0.05
07:43:22,"[221.0, 102]","[218.5, 12]","[427.9, 31]","[487.14, 28]",324.45,173,206.9,0.32
07:43:23,"[221.0, 77]","[219.2, 15]","[332.43, 28]","[525.08, 25]",276.71,145,111.43,0.27
07:43:24,"[221.0, 111]","[220.0, 42]","[296.43, 46]","[394.0, 54]",258.72,253,75.43,0.21
07:43:25,"[221.0, 37]","[220.0, 21]","[267.43, 28]","[315.0, 28]",244.21,114,46.43,0.02
07:43:26,"[222.42, 19]","[220.88, 51]","[266.64, 44]","[398.37, 38]",244.53,152,44.22,-0.08
07:43:27,"[221.14, 14]","[220.1, 42]","[320.25, 48]","[604.09, 46]",270.7,150,99.11,-0.25
07:43:28,"[220.0, 9]","[219.0, 9]","[274.26, 31]","[373.16, 19]",247.13,68,54.26,-0.47
07:43:29,"[216.04, 99]","[215.11, 36]","[310.22, 18]","[336.05, 21]",263.13,174,94.18,0.55
07:43:30,"[216.0, 80]","[215.0, 30]","[286.33, 24]","[295.22, 18]",251.17,152,70.33,0.45
07:43:31,"[216.18, 79]","[215.34, 38]","[287.83, 30]","[302.33, 15]",252.01,162,71.66,0.44
07:43:32,"[217.53, 34]","[218.34, 160]","[285.88, 8]","[287.0, 40]",251.7,242,68.35,0.6
07:43:33,"[220.0, 11]","[219.0, 264]","[250.78, 46]","[262.72, 25]",235.39,346,30.78,0.59
07:43:34,"[220.0, 15]","[219.0, 360]","[242.65, 37]","[568.11, 46]",231.32,458,22.65,0.64
07:43:35,"[226.0, 40]","[220.86, 35]","[284.0, 8]","[783.0, 32]",255.0,115,58.0,0.3
07:43:36,"[226.0, 23]","[221.0, 70]","[283.14, 7]","[607.57, 28]",254.57,128,57.14,0.45
07:43:37,"[221.05, 101]","[220.5, 20]","[282.0, 11]","[520.1, 40]",251.52,172,60.95,0.41
07:43:38,"[221.0, 110]","[220.0, 11]","[281.09, 11]","[331.73, 33]",251.05,165,60.09,0.47
07:43:39,"[221.0, 60]","[220.0, 6]","[280.56, 9]","[587.0, 16]",250.78,91,59.56,0.45
07:43:40,"[221.76, 42]","[220.98, 112]","[252.43, 28]","[278.95, 37]",237.1,219,30.67,0.41
07:43:41,"[224.92, 26]","[221.0, 130]","[231.65, 43]","[235.42, 43]",228.29,242,6.73,0.29
07:43:42,"[223.89, 36]","[220.99, 131]","[227.14, 56]","[230.0, 58]",225.52,281,3.25,0.19
07:43:43,"[221.09, 132]","[220.62, 32]","[225.19, 31]","[226.57, 35]",223.14,230,4.1,0.43
07:43:44,"[221.81, 106]","[220.93, 107]","[266.87, 38]","[340.92, 65]",244.34,316,45.06,0.35
07:43:45,"[221.0, 62]","[220.0, 10]","[308.4, 10]","[452.0, 30]",264.7,112,87.4,0.29
07:43:46,"[220.33, 72]","[218.92, 26]","[266.24, 41]","[320.29, 28]",243.29,167,45.91,0.17
07:43:47,"[219.06, 270]","[218.33, 229]","[250.2, 20]","[368.68, 40]",234.63,559,31.14,0.79
07:43:48,"[221.46, 46]","[219.08, 182]","[243.47, 36]","[245.21, 48]",232.46,312,22.02,0.46
07:43:49,"[219.54, 128]","[218.24, 76]","[227.27, 33]","[238.77, 13]",223.41,250,7.73,0.63
07:43:50,"[219.0, 206]","[218.0, 154]","[224.2, 25]","[226.26, 19]",221.6,404,5.2,0.78
07:43:51,"[219.0, 180]","[218.0, 140]","[223.9, 30]","[225.0, 10]",221.45,360,4.9,0.78
07:43:52,"[219.0, 237]","[218.0, 196]","[221.58, 24]","[267.25, 40]",220.29,497,2.58,0.74
07:43:53,"[220.18, 65]","[219.26, 159]","[330.77, 44]","[546.48, 44]",275.48,312,110.59,0.44
07:43:54,"[219.26, 69]","[218.45, 101]","[329.3, 23]","[426.36, 33]",274.28,226,110.04,0.5
07:43:55,"[219.04, 195]","[218.13, 210]","[294.15, 73]","[310.15, 47]",256.6,525,75.11,0.54
07:43:56,"[220.0, 60]","[219.0, 210]","[268.54, 63]","[291.17, 65]",244.27,398,48.54,0.36
07:43:57,"[220.83, 48]","[219.57, 120]","[276.82, 55]","[289.73, 37]",248.83,260,55.98,0.29
07:43:58,"[223.56, 64]","[221.53, 76]","[287.74, 42]","[288.76, 54]",255.65,236,64.18,0.19
07:43:59,"[225.14, 42]","[223.95, 38]","[286.0, 24]","[287.0, 40]",255.57,144,60.86,0.11
07:44:00,"[226.0, 44]","[225.0, 66]","[285.18, 33]","[287.0, 55]",255.59,198,59.18,0.11
07:44:01,"[226.0, 76]","[225.0, 114]","[276.2, 75]","[285.35, 89]",251.1,354,50.2,0.07
07:44:02,"[226.0, 40]","[225.0, 60]","[264.29, 34]","[274.5, 48]",245.15,182,38.29,0.1
07:44:03,"[226.0, 29]","[225.0, 48]","[264.0, 24]","[277.0, 32]",245.0,133,38.0,0.16
07:44:04,"[225.31, 26]","[224.67, 72]","[262.14, 66]","[265.55, 44]",243.72,208,36.83,-0.06
07:44:05,"[225.0, 36]","[224.0, 48]","[260.38, 52]","[261.27, 44]",242.69,180,35.38,-0.07
07:44:06,"[224.08, 39]","[221.23, 52]","[253.18, 61]","[258.72, 53]",238.63,205,29.1,-0.11
07:44:07,"[224.0, 39]","[221.0, 52]","[257.09, 43]","[258.1, 61]",240.55,195,33.09,-0.07
07:44:08,"[224.0, 15]","[221.0, 38]","[254.31, 39]","[258.0, 65]",239.15,157,30.31,-0.32
07:44:09,"[224.0, 12]","[221.0, 24]","[245.57, 40]","[277.98, 42]",234.79,118,21.57,-0.39
07:44:10,"[224.0, 10]","[221.0, 20]","[241.12, 24]","[242.56, 16]",232.56,70,17.12,-0.14
07:44:11,"[220.33, 159]","[219.81, 77]","[241.0, 36]","[242.0, 12]",230.66,284,20.67,0.66
07:44:12,"[221.13, 230]","[219.96, 337]","[236.81, 37]","[238.74, 31]",228.97,635,15.68,0.79
07:44:13,"[220.87, 78]","[220.51, 146]","[232.45, 20]","[233.08, 36]",226.66,280,11.58,0.6
07:44:14,"[225.19, 31]","[220.97, 155]","[231.36, 11]","[233.0, 33]",228.28,230,6.17,0.62
07:44:15,"[225.0, 80]","[220.05, 316]","[228.91, 33]","[231.94, 34]",226.95,463,3.91,0.71
07:44:16,"[225.0, 30]","[221.0, 32]","[226.8, 20]","[235.63, 30]",225.9,112,1.8,0.11
07:44:17,"[221.8, 10]","[220.14, 58]","[254.56, 18]","[341.82, 17]",238.18,103,32.76,0.32
07:44:18,"[220.79, 119]","[219.92, 153]","[243.27, 44]","[403.4, 50]",232.03,366,22.48,0.49
07:44:19,"[224.0, 42]","[220.0, 132]","[235.16, 25]","[292.27, 22]",229.58,221,11.16,0.57
07:44:20,"[224.19, 52]","[220.84, 167]","[238.8, 35]","[240.14, 42]",231.5,296,14.61,0.48
07:44:21,"[224.0, 70]","[220.0, 220]","[235.39, 38]","[236.49, 35]",229.7,363,11.39,0.6
07:44:22,"[224.0, 91]","[220.0, 286]","[231.27, 51]","[232.72, 58]",227.64,486,7.27,0.55
07:44:23,"[224.0, 84]","[220.0, 264]","[226.62, 48]","[227.79, 48]",225.31,444,2.62,0.57
07:44:24,"[224.0, 24]","[220.0, 176]","[225.79, 38]","[227.29, 28]",224.89,266,1.79,0.5
07:44:25,"[221.13, 90]","[220.09, 162]","[245.08, 60]","[310.78, 54]",233.11,366,23.95,0.38
07:44:26,"[220.0, 264]","[218.0, 156]","[462.17, 60]","[611.0, 60]",341.08,540,242.17,0.56
07:44:27,"[220.0, 232]","[218.0, 130]","[278.59, 17]","[280.68, 22]",249.29,401,58.59,0.81
07:44:28,"[220.0, 303]","[218.0, 195]","[275.8, 30]","[277.0, 24]",247.9,552,55.8,0.8
07:44:29,"[220.0, 201]","[218.0, 233]","[272.73, 22]","[274.17, 23]",246.36,479,52.73,0.81
07:44:30,"[220.0, 216]","[218.0, 260]","[268.68, 28]","[270.18, 22]",244.34,526,48.68,0.81
07:44:31,"[221.89, 190]","[218.47, 171]","[266.37, 38]","[267.7, 40]",244.13,439,44.47,0.64
07:44:32,"[226.0, 195]","[220.0, 130]","[265.0, 43]","[265.52, 31]",245.5,399,39.0,0.63
07:44:33,"[225.45, 109]","[219.47, 97]","[263.0, 18]","[264.0, 36]",244.22,260,37.55,0.58
07:44:34,"[223.28, 83]","[219.1, 86]","[262.43, 42]","[263.87, 60]",242.85,271,39.15,0.25
07:44:35,"[224.0, 21]","[221.0, 35]","[240.61, 23]","[251.41, 17]",232.3,96,16.61,0.17
07:44:36,"[224.0, 30]","[221.0, 50]","[235.2, 35]","[235.6, 35]",229.6,150,11.2,0.07
07:44:37,"[223.31, 35]","[220.82, 55]","[231.4, 30]","[233.63, 43]",227.36,163,8.09,0.1
07:44:38,"[221.0, 44]","[220.0, 55]","[229.61, 46]","[230.93, 29]",225.3,174,8.61,0.14
07:44:39,"[222.05, 42]","[220.64, 69]","[227.46, 63]","[228.71, 69]",224.75,243,5.41,-0.09
07:44:40,"[221.32, 37]","[220.21, 57]","[224.39, 31]","[227.37, 43]",222.86,168,3.06,0.12
07:44:41,"[220.64, 28]","[219.71, 42]","[222.2, 30]","[223.4, 20]",221.42,120,1.56,0.17
07:44:42,"[219.16, 43]","[218.27, 45]","[220.6, 20]","[261.6, 40]",219.88,148,1.44,0.19
07:44:43,"[218.23, 43]","[217.25, 59]","[289.56, 36]","[324.84, 50]",253.89,188,71.32,0.09
07:44:44,"[219.02, 164]","[218.22, 50]","[349.0, 14]","[364.67, 24]",284.01,252,129.98,0.7
07:44:45,"[219.0, 80]","[218.0, 30]","[349.0, 10]","[369.0, 10]",284.0,130,130.0,0.69
07:44:46,"[221.14, 28]","[218.84, 38]","[348.5, 6]","[369.0, 6]",284.82,78,127.36,0.69
07:44:47,"[220.55, 58]","[218.76, 63]","[266.7, 20]","[274.97, 29]",243.63,170,46.15,0.42
07:44:48,"[219.02, 58]","[218.1, 30]","[256.7, 10]","[285.25, 16]",237.86,114,37.68,0.54
07:44:49,"[220.79, 24]","[219.35, 23]","[255.31, 13]","[289.49, 61]",238.05,121,34.52,-0.22
07:44:50,"[221.0, 40]","[220.0, 8]","[255.0, 8]","[316.0, 40]",238.0,96,34.0,0.0
07:44:51,"[221.0, 35]","[220.0, 7]","[254.57, 7]","[316.0, 35]",237.79,84,33.57,0.0
07:44:52,"[221.0, 54]","[220.0, 12]","[239.0, 20]","[510.51, 49]",230.0,135,18.0,-0.02
07:44:53,"[221.76, 33]","[220.71, 14]","[253.07, 29]","[412.42, 19]",237.41,95,31.31,-0.01
07:44:54,"[222.29, 42]","[220.19, 31]","[249.72, 18]","[252.05, 66]",236.0,157,27.44,-0.07
07:44:55,"[222.5, 72]","[220.0, 8]","[244.8, 20]","[248.83, 24]",233.65,124,22.3,0.29
07:44:56,"[223.0, 45]","[220.0, 5]","[246.95, 21]","[247.44, 9]",234.98,80,23.95,0.25
07:44:57,"[223.73, 99]","[220.0, 11]","[244.18, 11]","[247.0, 55]",233.95,176,20.45,0.25
07:44:58,"[224.0, 90]","[220.0, 10]","[246.91, 46]","[413.05, 40]",235.46,186,22.91,0.08
07:44:59,"[225.0, 135]","[220.0, 15]","[244.51, 59]","[267.16, 63]",234.75,272,19.51,0.1
07:45:00,"[225.0, 90]","[220.0, 10]","[241.45, 44]","[242.21, 38]",233.23,182,16.45,0.1
07:45:01,"[225.0, 113]","[220.0, 17]","[233.03, 76]","[235.34, 64]",229.01,270,8.03,-0.04
07:45:02,"[224.69, 59]","[219.47, 19]","[227.28, 50]","[228.41, 59]",225.99,187,2.59,-0.17
07:45:03,"[219.0, 39]","[218.0, 65]","[224.68, 47]","[225.2, 41]",221.84,192,5.68,0.08
07:45:04,"[219.86, 86]","[218.47, 38]","[221.35, 43]","[222.15, 41]",220.6,208,1.49,0.19
07:45:05,"[220.0, 54]","[219.0, 24]","[221.43, 35]","[230.21, 34]",220.71,147,1.43,0.06
07:45:06,"[218.75, 24]","[215.46, 48]","[220.75, 40]","[246.65, 26]",219.75,138,2.0,0.04
07:45:07,"[214.63, 38]","[159.47, 59]","[218.5, 30]","[238.0, 22]",216.57,149,3.87,0.3
07:45:08,"[214.0, 58]","[161.86, 56]","[260.4, 43]","[321.0, 25]",237.2,182,46.4,0.25
07:45:09,"[214.0, 24]","[138.13, 60]","[345.0, 20]","[504.55, 20]",279.5,124,131.0,0.35
07:45:10,"[214.0, 9]","[121.89, 117]","[295.82, 28]","[330.21, 24]",254.91,178,81.82,0.42
07:45:11,"[217.56, 18]","[144.22, 46]","[279.14, 36]","[317.69, 32]",248.35,132,61.58,-0.03
07:45:12,"[221.75, 8]","[188.88, 32]","[316.0, 40]","[405.5, 16]",268.88,96,94.25,-0.17
07:45:13,"[212.0, 7]","[158.0, 91]","[346.33, 27]","[682.91, 11]",279.17,136,134.33,0.44
07:45:14,"[213.27, 11]","[161.44, 18]","[378.0, 30]","[579.0, 8]",295.64,67,164.73,-0.13
07:45:15,"[216.45, 29]","[214.33, 30]","[402.65, 37]","[466.57, 35]",309.55,131,186.2,-0.1
07:45:16,"[217.36, 74]","[215.5, 60]","[467.95, 44]","[530.14, 58]",342.66,236,250.59,0.14
07:45:17,"[215.44, 81]","[214.22, 27]","[437.11, 9]","[709.9, 21]",326.28,138,221.67,0.57
07:45:18,"[221.0, 52]","[215.0, 90]","[527.67, 9]","[595.0, 9]",374.33,160,306.67,0.78
07:45:19,"[221.0, 47]","[215.45, 88]","[520.22, 9]","[666.0, 29]",370.61,173,299.22,0.56
07:45:20,"[221.0, 15]","[218.41, 37]","[295.0, 5]","[309.0, 25]",258.0,82,74.0,0.27
07:45:21,"[219.4, 25]","[215.46, 65]","[292.8, 10]","[295.0, 10]",256.1,110,73.4,0.64
07:45:22,"[215.35, 78]","[214.19, 86]","[260.83, 24]","[267.83, 24]",238.09,212,45.49,0.55
07:45:23,"[217.88, 16]","[215.82, 51]","[241.2, 30]","[245.61, 28]",229.54,125,23.32,0.07
07:45:24,"[218.52, 56]","[215.16, 58]","[241.0, 42]","[289.0, 14]",229.76,170,22.48,0.34
07:45:25,"[221.0, 7]","[218.0, 91]","[240.71, 21]","[289.0, 7]",230.86,126,19.71,0.56
07:45:26,"[224.0, 24]","[220.25, 8]","[238.88, 24]","[289.0, 8]",231.44,64,14.88,0.0
07:45:27,"[224.0, 18]","[221.1, 42]","[237.92, 26]","[267.14, 14]",230.96,100,13.92,0.2
07:45:28,"[224.0, 10]","[222.0, 110]","[235.5, 10]","[238.0, 30]",229.75,160,11.5,0.5
07:45:29,"[221.59, 78]","[221.22, 85]","[235.07, 14]","[269.0, 28]",228.33,205,13.48,0.59
07:45:30,"[221.0, 151]","[220.0, 13]","[235.97, 32]","[329.52, 33]",228.48,229,14.97,0.43
07:45:31,"[221.0, 77]","[220.0, 11]","[232.09, 22]","[234.0, 33]",226.55,143,11.09,0.23
07:45:32,"[221.33, 75]","[220.21, 19]","[229.75, 24]","[231.29, 31]",225.54,149,8.42,0.26
07:45:33,"[221.0, 49]","[219.0, 21]","[228.1, 20]","[229.2, 15]",224.55,105,7.1,0.33
07:45:34,"[221.0, 59]","[219.0, 33]","[227.04, 25]","[228.2, 30]",224.02,147,6.04,0.25
07:45:35,"[221.0, 44]","[219.0, 24]","[225.88, 16]","[228.0, 24]",223.44,108,4.88,0.26
07:45:36,"[221.0, 98]","[219.0, 39]","[223.37, 27]","[273.39, 36]",222.19,200,2.37,0.37
07:45:37,"[221.0, 35]","[219.0, 21]","[428.71, 14]","[646.0, 6]",324.86,76,207.71,0.47
07:45:38,"[221.38, 13]","[219.15, 13]","[532.6, 10]","[0, 0]",376.99,36,311.22,0.44
07:45:39,"[220.21, 14]","[218.2, 15]","[433.0, 16]","[0, 0]",326.61,45,212.79,0.29
07:45:40,"[219.0, 6]","[218.0, 12]","[271.0, 12]","[0, 0]",245.0,30,52.0,0.2
07:45:41,"[219.0, 24]","[218.0, 16]","[269.1, 10]","[270.85, 13]",244.05,63,50.1,0.27
07:45:42,"[219.36, 11]","[218.22, 18]","[261.25, 28]","[286.53, 30]",240.31,87,41.89,-0.33
07:45:43,"[220.6, 10]","[219.0, 10]","[258.83, 30]","[259.17, 30]",239.72,80,38.23,-0.5
07:45:44,"[221.57, 7]","[219.0, 7]","[255.6, 10]","[257.09, 11]",238.59,35,34.03,-0.2
07:45:45,"[222.5, 6]","[219.0, 6]","[252.0, 12]","[256.0, 6]",237.25,30,29.5,-0.2
07:45:46,"[218.17, 36]","[217.71, 51]","[250.78, 46]","[251.91, 23]",234.47,156,32.62,0.12
07:45:47,"[219.3, 53]","[217.86, 63]","[245.49, 35]","[247.15, 33]",232.39,184,26.18,0.26
07:45:48,"[218.91, 22]","[217.88, 41]","[241.33, 21]","[242.2, 41]",230.12,125,22.42,0.01
07:45:49,"[218.49, 49]","[217.29, 21]","[238.58, 38]","[239.58, 33]",228.53,141,20.09,-0.01
07:45:50,"[219.0, 33]","[218.0, 10]","[236.12, 41]","[237.07, 29]",227.56,113,17.12,-0.24
07:45:51,"[219.0, 36]","[218.0, 12]","[232.48, 27]","[233.52, 27]",225.74,102,13.48,-0.06
07:45:52,"[219.0, 27]","[218.0, 10]","[228.9, 20]","[229.9, 20]",223.95,77,9.9,-0.04
07:45:53,"[219.0, 30]","[218.0, 15]","[224.95, 44]","[227.09, 35]",221.98,124,5.95,-0.27
07:45:54,"[218.71, 14]","[216.24, 41]","[222.0, 33]","[222.64, 22]",220.36,110,3.29,0.0
07:45:55,"[216.44, 72]","[215.07, 118]","[219.0, 61]","[221.52, 21]",217.72,272,2.56,0.4
07:45:56,"[217.0, 90]","[213.43, 187]","[218.45, 22]","[272.24, 33]",217.73,332,1.45,0.67
07:45:57,"[212.72, 109]","[203.86, 142]","[260.91, 33]","[376.8, 49]",236.82,333,48.18,0.51
07:45:58,"[211.13, 52]","[200.44, 43]","[331.0, 9]","[571.0, 45]",271.07,149,119.87,0.28
07:45:59,"[212.64, 22]","[211.44, 64]","[326.35, 78]","[463.03, 66]",269.49,230,113.71,-0.25
07:46:00,"[223.95, 22]","[220.54, 13]","[246.92, 48]","[317.0, 40]",235.44,123,22.96,-0.43
07:46:01,"[225.0, 30]","[224.0, 15]","[240.81, 64]","[363.59, 71]",232.91,180,15.81,-0.5
07:46:02,"[225.0, 14]","[224.0, 7]","[242.59, 29]","[327.94, 34]",233.79,84,17.59,-0.5
07:46:03,"[225.0, 26]","[224.0, 13]","[243.27, 55]","[244.19, 62]",234.14,156,18.27,-0.5
07:46:04,"[221.19, 59]","[219.91, 22]","[242.3, 40]","[248.43, 42]",231.74,163,21.11,-0.01
07:46:05,"[220.0, 150]","[218.0, 50]","[240.45, 33]","[257.61, 28]",230.23,261,20.45,0.53
07:46:06,"[220.0, 120]","[218.0, 40]","[235.25, 24]","[238.75, 24]",227.62,208,15.25,0.54
07:46:07,"[220.0, 105]","[218.0, 35]","[226.29, 21]","[230.14, 21]",223.14,182,6.29,0.54
07:46:08,"[220.0, 180]","[218.0, 60]","[224.33, 43]","[225.47, 40]",222.16,323,4.33,0.49
07:46:09,"[220.0, 153]","[217.33, 90]","[221.33, 36]","[224.0, 48]",220.67,327,1.33,0.49
07:46:10,"[219.38, 132]","[216.86, 144]","[221.0, 45]","[224.0, 60]",220.19,381,1.62,0.45
07:46:11,"[218.0, 130]","[217.0, 130]","[220.8, 41]","[225.85, 47]",219.4,348,2.8,0.49
07:46:12,"[218.0, 60]","[217.0, 60]","[221.0, 18]","[410.0, 30]",219.5,168,3.0,0.43
07:46:13,"[218.62, 53]","[217.79, 97]","[221.0, 39]","[432.96, 51]",219.81,240,2.38,0.25
07:46:14,"[218.43, 49]","[217.92, 53]","[232.32, 41]","[288.55, 55]",225.37,198,13.89,0.03
07:46:15,"[218.0, 35]","[215.62, 13]","[225.0, 25]","[264.0, 25]",221.5,98,7.0,-0.02
07:46:16,"[218.24, 83]","[217.76, 37]","[225.0, 65]","[315.69, 65]",221.62,250,6.76,-0.04
07:46:17,"[218.0, 91]","[217.0, 13]","[225.0, 61]","[478.49, 57]",221.5,222,7.0,-0.06
07:46:18,"[218.0, 20]","[217.0, 5]","[225.0, 30]","[552.0, 15]",221.5,70,7.0,-0.29
07:46:19,"[217.91, 35]","[216.57, 14]","[225.0, 78]","[535.78, 37]",221.46,164,7.09,-0.4
07:46:20,"[217.0, 10]","[216.0, 20]","[225.0, 30]","[351.61, 46]",221.0,106,8.0,-0.43
07:46:21,"[218.91, 85]","[216.89, 19]","[223.35, 62]","[224.32, 59]",221.13,225,4.45,-0.08
07:46:22,"[218.6, 47]","[216.16, 19]","[221.04, 56]","[226.15, 61]",219.82,183,2.44,-0.28
07:46:23,"[218.07, 28]","[216.18, 39]","[221.0, 33]","[227.0, 33]",219.54,133,2.93,0.01
07:46:24,"[218.82, 76]","[217.0, 8]","[227.0, 24]","[506.5, 30]",222.91,138,8.18,0.22
07:46:25,"[219.0, 62]","[217.0, 12]","[227.0, 36]","[630.03, 58]",223.0,168,8.0,-0.12
07:46:26,"[219.0, 3]","[217.0, 3]","[227.0, 9]","[674.0, 12]",223.0,27,8.0,-0.56
07:46:27,"[219.25, 8]","[217.77, 13]","[227.0, 24]","[390.34, 29]",223.12,74,7.75,-0.43
07:46:28,"[220.0, 13]","[219.0, 13]","[227.0, 39]","[283.31, 42]",223.5,107,7.0,-0.51
07:46:29,"[216.19, 48]","[214.26, 73]","[227.0, 42]","[415.0, 43]",221.59,206,10.81,0.17
07:46:30,"[215.68, 22]","[213.43, 47]","[226.53, 17]","[262.14, 21]",221.11,107,10.85,0.29
07:46:31,"[215.58, 57]","[213.36, 66]","[226.0, 18]","[248.0, 39]",220.79,180,10.42,0.37
07:46:32,"[216.7, 110]","[213.28, 72]","[225.0, 20]","[228.0, 50]",220.85,252,8.3,0.44
07:46:33,"[217.0, 110]","[213.25, 40]","[224.9, 20]","[228.0, 50]",220.95,220,7.9,0.36
07:46:34,"[217.0, 88]","[214.0, 16]","[222.38, 16]","[227.12, 40]",219.69,160,5.38,0.3
07:46:35,"[217.06, 94]","[214.86, 28]","[222.71, 28]","[246.18, 51]",219.89,201,5.65,0.21
07:46:36,"[220.0, 22]","[217.0, 88]","[224.0, 55]","[405.0, 33]",222.0,198,4.0,0.11
07:46:37,"[220.39, 23]","[217.21, 86]","[224.0, 61]","[455.73, 48]",222.2,218,3.61,0.0
07:46:38,"[220.11, 19]","[217.08, 74]","[224.0, 30]","[406.75, 24]",222.05,147,3.89,0.27
07:46:39,"[218.86, 28]","[217.57, 112]","[222.56, 36]","[246.03, 30]",220.71,206,3.7,0.36
07:46:40,"[218.0, 78]","[217.0, 96]","[219.83, 60]","[227.71, 42]",218.92,276,1.83,0.26
07:46:41,"[218.0, 23]","[217.0, 104]","[228.0, 35]","[240.36, 33]",223.0,195,10.0,0.3
07:46:42,"[218.0, 10]","[217.0, 80]","[226.75, 32]","[228.29, 28]",222.38,150,8.75,0.2
07:46:43,"[218.71, 55]","[216.89, 88]","[225.86, 28]","[230.43, 42]",222.28,213,7.15,0.34
07:46:44,"[219.3, 54]","[217.15, 65]","[224.27, 22]","[230.45, 33]",221.78,174,4.98,0.37
07:46:45,"[223.0, 30]","[219.0, 45]","[226.14, 21]","[232.0, 27]",224.57,123,3.14,0.22
07:46:46,"[223.0, 22]","[219.86, 35]","[229.0, 33]","[274.45, 33]",226.0,123,6.0,-0.07
07:46:47,"[223.0, 14]","[220.0, 21]","[228.27, 22]","[300.14, 21]",225.64,78,5.27,-0.1
07:46:48,"[223.0, 18]","[220.0, 58]","[226.71, 35]","[270.5, 30]",224.86,141,3.71,0.08
07:46:49,"[223.0, 7]","[220.0, 28]","[228.43, 21]","[277.0, 19]",225.71,75,5.43,-0.07
07:46:50,"[221.6, 35]","[219.11, 38]","[227.0, 27]","[260.0, 27]",224.3,127,5.4,0.15
07:46:51,"[222.37, 19]","[219.38, 32]","[227.0, 24]","[586.62, 16]",224.68,91,4.63,0.12
07:46:52,"[220.0, 24]","[219.0, 32]","[226.0, 32]","[227.0, 24]",223.0,112,6.0,0.0
07:46:53,"[220.0, 11]","[217.17, 59]","[225.45, 44]","[227.64, 33]",222.73,147,5.45,-0.05
07:46:54,"[220.0, 9]","[219.0, 9]","[225.0, 36]","[230.0, 27]",222.5,81,5.0,-0.56
07:46:55,"[217.68, 31]","[214.2, 15]","[224.36, 44]","[230.0, 33]",221.02,123,6.69,-0.25
07:46:56,"[217.0, 74]","[210.0, 28]","[220.5, 56]","[221.96, 54]",218.75,212,3.5,-0.04
07:46:57,"[212.06, 17]","[130.06, 48]","[218.67, 43]","[234.61, 38]",215.37,146,6.62,-0.11
07:46:58,"[214.0, 81]","[210.0, 18]","[313.7, 27]","[370.17, 23]",263.85,149,99.7,0.33
07:46:59,"[214.0, 110]","[210.0, 22]","[245.8, 35]","[285.94, 34]",229.9,201,31.8,0.31
07:47:00,"[216.56, 27]","[214.51, 41]","[242.44, 25]","[312.9, 20]",229.5,113,25.88,0.2
07:47:01,"[216.63, 57]","[215.21, 103]","[228.28, 46]","[239.78, 49]",222.46,255,11.65,0.25
07:47:02,"[219.56, 27]","[218.0, 90]","[225.56, 27]","[226.5, 24]",222.56,168,6.0,0.39
07:47:03,"[220.0, 36]","[217.41, 51]","[223.58, 36]","[225.0, 36]",221.79,159,3.58,0.09
07:47:04,"[219.29, 80]","[217.47, 45]","[221.18, 33]","[223.13, 30]",220.23,188,1.89,0.33
07:47:05,"[220.0, 43]","[218.0, 21]","[221.0, 21]","[225.0, 14]",220.5,99,1.0,0.29
07:47:06,"[220.0, 25]","[218.0, 33]","[224.48, 23]","[376.29, 31]",222.24,112,4.48,0.04
07:47:07,"[220.88, 16]","[218.0, 24]","[225.0, 16]","[414.71, 28]",222.94,84,4.12,-0.05
07:47:08,"[222.2, 20]","[218.31, 39]","[225.0, 20]","[377.0, 40]",223.6,119,2.8,-0.01
07:47:09,"[223.73, 15]","[219.0, 124]","[225.0, 18]","[351.3, 30]",224.37,187,1.27,0.49
07:47:10,"[224.0, 4]","[219.0, 80]","[225.0, 8]","[583.87, 15]",224.5,107,1.0,0.57
07:47:11,"[224.0, 9]","[219.0, 180]","[684.9, 20]","[748.88, 32]",454.45,241,460.9,0.57
07:47:12,"[219.28, 106]","[218.89, 135]","[415.79, 38]","[536.33, 36]",317.54,315,196.51,0.53
07:47:13,"[219.16, 172]","[218.71, 84]","[379.25, 32]","[564.12, 32]",299.2,320,160.09,0.6
07:47:14,"[219.0, 138]","[218.0, 18]","[307.67, 12]","[468.0, 10]",263.33,178,88.67,0.75
07:47:15,"[219.0, 207]","[218.0, 27]","[298.53, 17]","[304.78, 18]",258.76,269,79.53,0.74
07:47:16,"[219.0, 272]","[216.75, 72]","[239.78, 23]","[276.65, 23]",229.39,390,20.78,0.76
07:47:17,"[219.27, 226]","[217.29, 102]","[237.64, 28]","[281.71, 28]",228.45,384,18.38,0.71
07:47:18,"[225.0, 45]","[219.0, 162]","[236.0, 18]","[237.0, 18]",230.5,243,11.0,0.7
07:47:19,"[225.0, 40]","[219.0, 144]","[233.38, 16]","[235.0, 16]",229.19,216,8.38,0.7
07:47:20,"[225.0, 65]","[219.0, 234]","[231.85, 26]","[233.23, 26]",228.42,351,6.85,0.7
07:47:21,"[225.0, 75]","[219.0, 270]","[230.07, 30]","[231.07, 30]",227.53,405,5.07,0.7
07:47:22,"[225.0, 100]","[222.25, 154]","[229.0, 26]","[230.0, 26]",227.0,306,4.0,0.66
07:47:23,"[224.26, 54]","[223.69, 102]","[227.17, 24]","[244.7, 20]",225.71,200,2.91,0.56
07:47:24,"[224.0, 100]","[223.0, 80]","[225.65, 34]","[226.47, 34]",224.82,248,1.65,0.45
07:47:25,"[223.96, 95]","[222.35, 77]","[225.22, 46]","[230.94, 33]",224.59,251,1.26,0.37
07:47:26,"[223.0, 50]","[220.0, 38]","[228.0, 38]","[349.77, 31]",225.5,157,5.0,0.12
07:47:27,"[223.0, 22]","[220.0, 22]","[226.18, 22]","[353.7, 40]",224.59,106,3.18,-0.17
07:47:28,"[223.0, 18]","[220.0, 42]","[225.89, 18]","[344.59, 34]",224.44,112,2.89,0.07
07:47:29,"[222.7, 20]","[219.45, 40]","[225.0, 42]","[226.0, 22]",223.85,124,2.3,-0.03
07:47:30,"[220.0, 17]","[219.0, 187]","[223.18, 55]","[224.38, 68]",221.59,327,3.18,0.25
07:47:31,"[219.0, 97]","[218.0, 30]","[220.85, 41]","[222.51, 41]",219.93,209,1.85,0.22
07:47:32,"[217.28, 58]","[214.32, 53]","[221.58, 12]","[223.0, 12]",219.43,135,4.31,0.64
07:47:33,"[217.0, 12]","[214.0, 42]","[220.14, 7]","[221.86, 7]",218.57,68,3.14,0.59
07:47:34,"[217.0, 16]","[214.0, 96]","[218.25, 16]","[221.0, 16]",217.62,144,1.25,0.56
07:47:35,"[214.16, 69]","[213.25, 73]","[221.77, 22]","[232.2, 60]",217.97,224,7.61,0.27
07:47:36,"[219.0, 12]","[214.0, 72]","[226.25, 60]","[316.0, 48]",222.62,192,7.25,-0.12
07:47:37,"[219.0, 12]","[214.0, 72]","[226.0, 60]","[286.53, 34]",222.5,178,7.0,-0.06
07:47:38,"[214.71, 68]","[212.98, 117]","[226.0, 65]","[404.79, 28]",220.35,278,11.29,0.33
07:47:39,"[213.0, 99]","[211.0, 81]","[226.0, 45]","[436.0, 33]",219.5,258,13.0,0.4
07:47:40,"[213.0, 176]","[211.0, 144]","[226.0, 80]","[512.75, 32]",219.5,432,13.0,0.48
07:47:41,"[215.3, 60]","[213.37, 105]","[226.0, 60]","[370.08, 24]",220.65,249,10.7,0.33
07:47:42,"[220.56, 16]","[219.0, 25]","[226.0, 80]","[364.0, 32]",223.28,153,5.44,-0.46
07:47:43,"[222.95, 21]","[219.06, 67]","[225.54, 46]","[256.67, 45]",224.25,179,2.59,-0.02
07:47:44,"[223.0, 18]","[219.0, 65]","[225.29, 34]","[228.5, 36]",224.15,153,2.29,0.08
07:47:45,"[223.54, 13]","[220.0, 28]","[225.0, 70]","[338.74, 31]",224.27,142,1.46,-0.42
07:47:46,"[219.27, 75]","[218.47, 75]","[224.91, 47]","[377.49, 53]",222.09,250,5.65,0.2
07:47:47,"[219.0, 77]","[218.0, 44]","[227.45, 22]","[394.37, 35]",223.23,178,8.45,0.36
07:47:48,"[219.0, 42]","[218.0, 24]","[228.0, 12]","[315.0, 18]",223.5,96,9.0,0.38
07:47:49,"[219.0, 70]","[218.0, 44]","[228.0, 22]","[357.25, 51]",223.5,187,9.0,0.22
07:47:50,"[218.79, 56]","[214.75, 61]","[227.82, 17]","[330.0, 27]",223.3,161,9.04,0.45
07:47:51,"[219.0, 98]","[218.0, 56]","[226.17, 24]","[227.89, 18]",222.58,196,7.17,0.57
07:47:52,"[219.0, 91]","[218.0, 52]","[225.69, 26]","[227.0, 13]",222.35,182,6.69,0.57
07:47:53,"[219.0, 70]","[218.0, 92]","[223.0, 30]","[223.87, 30]",221.0,222,4.0,0.46
07:47:54,"[219.0, 19]","[218.0, 110]","[220.72, 29]","[221.74, 19]",219.86,177,1.72,0.46
07:47:55,"[218.04, 73]","[216.09, 44]","[219.5, 30]","[314.81, 26]",218.77,173,1.46,0.35
07:47:56,"[218.0, 31]","[212.0, 8]","[353.17, 18]","[519.53, 17]",285.58,74,135.17,0.05
07:47:57,"[218.0, 61]","[212.0, 18]","[318.76, 21]","[409.48, 31]",268.38,131,100.76,0.21
07:47:58,"[218.09, 57]","[215.0, 36]","[226.0, 24]","[372.92, 39]",222.04,156,7.91,0.19
07:47:59,"[220.53, 15]","[215.3, 23]","[226.0, 18]","[265.67, 30]",223.27,86,5.47,-0.12
07:48:00,"[222.32, 31]","[219.92, 12]","[226.0, 20]","[263.0, 40]",224.16,103,3.68,-0.17
07:48:01,"[219.33, 43]","[215.08, 48]","[226.0, 22]","[408.26, 35]",222.66,148,6.67,0.23
07:48:02,"[217.0, 30]","[214.0, 48]","[226.0, 12]","[453.4, 15]",221.5,105,9.0,0.49
07:48:03,"[217.37, 19]","[216.87, 23]","[226.0, 14]","[425.0, 28]",221.68,84,8.63,0.0
07:48:04,"[217.5, 20]","[216.83, 30]","[226.0, 20]","[425.0, 40]",221.75,110,8.5,-0.09
07:48:05,"[217.0, 10]","[216.0, 8]","[226.0, 16]","[408.33, 36]",221.5,70,9.0,-0.49
07:48:06,"[217.0, 9]","[216.0, 9]","[225.36, 22]","[346.78, 36]",221.18,76,8.36,-0.53
07:48:07,"[217.0, 7]","[216.0, 5]","[223.0, 10]","[225.0, 20]",220.0,42,6.0,-0.43
07:48:08,"[217.0, 9]","[216.0, 9]","[222.2, 30]","[225.0, 24]",219.6,72,5.2,-0.5
07:48:09,"[218.25, 8]","[216.62, 8]","[221.11, 27]","[223.33, 24]",219.68,67,2.86,-0.52
07:48:10,"[217.69, 16]","[216.69, 16]","[343.28, 53]","[473.82, 49]",280.49,134,125.6,-0.52
07:48:11,"[219.68, 22]","[216.67, 27]","[407.32, 34]","[483.33, 39]",313.5,122,187.64,-0.2
07:48:12,"[216.0, 12]","[213.58, 60]","[224.53, 17]","[226.97, 32]",220.26,121,8.53,0.19
07:48:13,"[210.92, 13]","[201.62, 26]","[217.69, 16]","[219.42, 19]",214.31,74,6.76,0.05
07:48:14,"[207.97, 29]","[166.53, 15]","[211.62, 29]","[212.5, 28]",209.79,101,3.66,-0.13
07:48:15,"[190.5, 10]","[107.0, 12]","[207.7, 10]","[209.33, 12]",199.1,44,17.2,0.0
07:48:16,"[201.0, 6]","[19.67, 12]","[208.0, 11]","[209.0, 6]",204.5,35,7.0,0.03
07:48:17,"[201.0, 4]","[140.75, 8]","[208.0, 4]","[209.0, 4]",204.5,20,7.0,0.2
07:48:18,"[186.0, 12]","[148.67, 12]","[208.0, 8]","[209.0, 8]",197.0,40,22.0,0.2
07:48:19,"[158.44, 16]","[130.33, 18]","[206.0, 49]","[208.0, 11]",182.22,94,47.56,-0.28
07:48:20,"[148.0, 10]","[135.0, 5]","[206.0, 15]","[208.0, 5]",177.0,35,58.0,-0.14
07:48:21,"[150.62, 13]","[105.73, 11]","[206.0, 24]","[208.0, 8]",178.31,56,55.38,-0.14
07:48:22,"[167.6, 10]","[160.0, 15]","[206.0, 9]","[208.0, 9]",186.8,43,38.4,0.16
07:48:23,"[169.95, 38]","[160.75, 8]","[206.93, 14]","[208.25, 8]",188.44,68,36.98,0.35
07:48:24,"[170.91, 43]","[171.13, 23]","[207.53, 17]","[208.69, 13]",189.22,96,36.62,0.38
07:48:25,"[175.45, 44]","[174.38, 47]","[208.0, 12]","[209.0, 12]",191.73,115,32.55,0.58
07:48:26,"[178.38, 40]","[176.62, 39]","[208.0, 9]","[209.0, 9]",193.19,97,29.62,0.63
07:48:27,"[181.2, 30]","[180.31, 26]","[208.0, 8]","[209.0, 8]",194.6,72,26.8,0.56
07:48:28,"[186.6, 90]","[185.01, 77]","[208.0, 12]","[209.0, 12]",197.3,191,21.4,0.75
07:48:29,"[202.3, 46]","[189.8, 79]","[208.0, 9]","[209.0, 9]",205.15,143,5.7,0.75
07:48:30,"[206.44, 55]","[205.58, 154]","[212.93, 69]","[436.45, 51]",209.68,329,6.49,0.27
07:48:31,"[209.74, 57]","[208.28, 47]","[213.0, 90]","[520.09, 55]",211.37,249,3.26,-0.16
07:48:32,"[211.83, 36]","[210.72, 58]","[274.69, 71]","[531.59, 44]",243.26,209,62.86,-0.1
07:48:33,"[216.59, 34]","[211.07, 45]","[522.7, 37]","[592.91, 33]",369.65,149,306.11,0.06
07:48:34,"[224.0, 78]","[222.13, 38]","[504.36, 22]","[571.77, 26]",364.18,164,280.36,0.41
07:48:35,"[224.0, 99]","[223.0, 56]","[495.2, 30]","[541.51, 37]",359.6,222,271.2,0.4
07:48:36,"[224.0, 52]","[223.0, 70]","[427.25, 32]","[564.22, 37]",325.62,191,203.25,0.28
07:48:37,"[223.63, 38]","[222.5, 48]","[332.12, 17]","[408.16, 19]",277.87,122,108.49,0.41
07:48:38,"[223.0, 63]","[219.0, 27]","[319.36, 11]","[326.31, 13]",271.18,114,96.36,0.58
07:48:39,"[223.0, 65]","[219.0, 33]","[301.57, 14]","[313.23, 13]",262.29,125,78.57,0.57
07:48:40,"[223.0, 50]","[219.0, 30]","[268.33, 12]","[269.05, 20]",245.67,112,45.33,0.43
07:48:41,"[223.0, 30]","[219.0, 18]","[258.17, 6]","[260.0, 6]",240.58,60,35.17,0.6
07:48:42,"[223.0, 40]","[219.0, 24]","[255.88, 8]","[259.5, 8]",239.44,80,32.88,0.6
07:48:43,"[221.93, 45]","[218.6, 45]","[253.95, 42]","[254.92, 24]",237.94,156,32.02,0.15
07:48:44,"[218.57, 21]","[217.33, 27]","[250.0, 15]","[250.67, 30]",234.29,93,31.43,0.03
07:48:45,"[216.0, 28]","[214.88, 24]","[247.77, 13]","[249.95, 37]",231.88,102,31.77,0.02
07:48:46,"[216.7, 40]","[215.0, 30]","[245.31, 16]","[246.44, 16]",231.01,102,28.61,0.37
07:48:47,"[219.22, 27]","[218.7, 60]","[239.67, 12]","[244.5, 12]",229.44,111,20.44,0.57
07:48:48,"[220.11, 9]","[219.0, 60]","[235.52, 27]","[236.67, 12]",227.81,108,15.41,0.28
07:48:49,"[220.43, 68]","[218.63, 41]","[233.37, 35]","[234.82, 17]",226.9,161,12.94,0.35
07:48:50,"[222.0, 49]","[216.69, 26]","[231.0, 14]","[232.82, 11]",226.5,100,9.0,0.5
07:48:51,"[222.0, 84]","[216.94, 66]","[227.11, 19]","[228.81, 21]",224.55,190,5.11,0.58
07:48:52,"[220.62, 78]","[217.77, 77]","[223.4, 25]","[393.31, 35]",222.01,215,2.78,0.44
07:48:53,"[218.0, 63]","[216.0, 21]","[221.57, 14]","[363.14, 28]",219.79,126,3.57,0.33
07:48:54,"[218.0, 108]","[215.45, 31]","[220.67, 24]","[589.0, 8]",219.33,171,2.67,0.63
