Time,Bid1,Bid2,Ask1,Ask2,Mid-Price,Total_volume,Bid_ask_spread,Order_imbalance
07:30:00,"[0, 0]","[0, 0]","[204.0, 5]","[0, 0]",102.0,5,204.0,-1.0
07:30:01,"[0, 0]","[0, 0]","[204.0, 10]","[344.43, 7]",102.0,17,204.0,-1.0
07:30:02,"[0, 0]","[0, 0]","[204.0, 5]","[206.0, 2]",102.0,7,204.0,-1.0
07:30:03,"[0, 0]","[0, 0]","[204.0, 15]","[206.0, 6]",102.0,21,204.0,-1.0
07:30:04,"[0, 0]","[0, 0]","[204.0, 5]","[205.0, 4]",102.0,9,204.0,-1.0
07:30:06,"[0, 0]","[0, 0]","[204.0, 6]","[205.0, 4]",102.0,10,204.0,-1.0
07:30:07,"[196.0, 12]","[0, 0]","[204.0, 36]","[205.0, 24]",200.0,72,8.0,-0.67
07:30:08,"[196.0, 16]","[190.5, 8]","[204.0, 24]","[205.0, 16]",200.0,64,8.0,-0.25
07:30:09,"[196.0, 12]","[179.0, 9]","[204.0, 18]","[205.0, 12]",200.0,51,8.0,-0.18
07:30:10,"[196.0, 32]","[179.0, 24]","[203.69, 39]","[204.69, 29]",199.85,124,7.69,-0.1
07:30:11,"[196.0, 32]","[179.0, 52]","[203.0, 32]","[204.0, 24]",199.5,140,7.0,0.2
07:30:12,"[196.0, 24]","[179.0, 42]","[203.0, 24]","[204.0, 18]",199.5,108,7.0,0.22
07:30:13,"[196.82, 88]","[188.07, 60]","[203.0, 46]","[204.0, 36]",199.91,230,6.18,0.29
07:30:14,"[199.34, 129]","[197.49, 143]","[202.43, 21]","[204.0, 51]",200.88,344,3.09,0.58
07:30:15,"[202.37, 59]","[200.95, 110]","[204.98, 42]","[207.37, 57]",203.67,268,2.6,0.26
07:30:16,"[204.81, 16]","[201.36, 70]","[207.93, 54]","[208.93, 56]",206.37,196,3.11,-0.12
07:30:17,"[206.0, 9]","[204.78, 9]","[208.0, 36]","[209.0, 36]",207.0,90,2.0,-0.6
07:30:18,"[206.56, 9]","[201.61, 41]","[208.0, 36]","[209.0, 36]",207.28,122,1.44,-0.18
07:30:19,"[212.78, 76]","[205.41, 22]","[218.19, 53]","[224.43, 35]",215.48,186,5.41,0.05
07:30:20,"[215.0, 110]","[213.0, 10]","[220.0, 50]","[229.0, 30]",217.5,200,5.0,0.2
07:30:21,"[215.0, 81]","[212.01, 73]","[220.0, 45]","[229.0, 27]",217.5,226,5.0,0.36
07:30:22,"[215.0, 54]","[212.22, 46]","[220.0, 30]","[229.0, 18]",217.5,148,5.0,0.35
07:30:23,"[215.0, 144]","[213.0, 80]","[218.25, 16]","[220.0, 80]",216.62,320,3.25,0.4
07:30:24,"[215.0, 144]","[213.0, 80]","[217.0, 16]","[219.12, 80]",216.0,320,2.0,0.4
07:30:25,"[215.0, 86]","[213.0, 50]","[218.31, 26]","[221.57, 42]",216.65,204,3.31,0.33
07:30:26,"[215.0, 74]","[213.0, 60]","[219.58, 60]","[226.0, 36]",217.29,230,4.58,0.17
07:30:27,"[215.0, 60]","[213.0, 50]","[219.29, 31]","[221.08, 38]",217.15,179,4.29,0.23
07:30:28,"[215.0, 48]","[213.0, 40]","[218.0, 24]","[219.0, 16]",216.5,128,3.0,0.38
07:30:29,"[214.69, 26]","[212.37, 71]","[217.36, 25]","[219.15, 39]",216.03,161,2.67,0.2
07:30:30,"[217.0, 13]","[213.0, 13]","[218.0, 39]","[222.04, 48]",217.5,113,1.0,-0.54
07:30:31,"[217.0, 10]","[213.0, 10]","[218.0, 30]","[223.0, 50]",217.5,100,1.0,-0.6
07:30:32,"[213.67, 12]","[212.02, 92]","[222.0, 50]","[223.54, 41]",217.83,195,8.33,0.07
07:30:33,"[213.0, 12]","[212.0, 108]","[214.0, 24]","[222.0, 24]",213.5,168,1.0,0.43
07:30:34,"[212.0, 109]","[211.0, 72]","[216.08, 26]","[223.17, 36]",214.04,243,4.08,0.49
07:30:35,"[212.0, 40]","[211.0, 24]","[223.0, 12]","[224.0, 12]",217.5,88,11.0,0.45
07:30:36,"[212.0, 110]","[211.0, 78]","[221.12, 59]","[222.53, 17]",216.56,264,9.12,0.42
07:30:37,"[213.39, 28]","[211.78, 83]","[220.25, 80]","[221.17, 36]",216.82,227,6.86,-0.02
07:30:38,"[212.6, 35]","[211.63, 70]","[218.95, 58]","[219.95, 38]",215.77,201,6.35,0.04
07:30:39,"[211.33, 27]","[210.95, 57]","[215.29, 24]","[217.56, 48]",213.31,156,3.96,0.08
07:30:40,"[211.09, 46]","[210.77, 31]","[213.2, 25]","[218.39, 23]",212.14,125,2.11,0.23
07:30:41,"[211.0, 78]","[210.0, 13]","[218.22, 23]","[219.22, 23]",214.61,137,7.22,0.33
07:30:42,"[212.1, 30]","[211.08, 39]","[221.0, 21]","[222.0, 21]",216.55,111,8.9,0.24
07:30:43,"[213.0, 33]","[212.0, 33]","[221.0, 33]","[222.0, 33]",217.0,132,8.0,0.0
07:30:44,"[213.0, 33]","[212.0, 33]","[221.0, 57]","[222.0, 33]",217.0,156,8.0,-0.15
07:30:45,"[213.0, 17]","[212.0, 24]","[221.0, 56]","[222.0, 24]",217.0,121,8.0,-0.32
07:30:46,"[211.26, 46]","[211.29, 14]","[220.05, 38]","[221.12, 48]",215.66,146,8.79,-0.18
07:30:47,"[213.5, 128]","[210.8, 40]","[218.67, 48]","[221.0, 57]",216.08,273,5.17,0.23
07:30:48,"[216.0, 166]","[211.0, 88]","[220.08, 53]","[221.46, 35]",218.04,342,4.08,0.49
07:30:49,"[216.16, 75]","[212.1, 82]","[219.67, 15]","[220.68, 63]",217.91,235,3.51,0.34
07:30:50,"[217.0, 48]","[216.0, 72]","[218.67, 12]","[220.24, 63]",217.83,195,1.67,0.23
07:30:51,"[217.0, 44]","[216.0, 66]","[218.0, 11]","[221.0, 55]",217.5,176,1.0,0.25
07:30:52,"[217.0, 25]","[216.0, 48]","[220.92, 36]","[221.85, 33]",218.96,142,3.92,0.03
07:30:53,"[217.0, 12]","[216.0, 24]","[221.0, 20]","[222.0, 16]",219.0,72,4.0,0.0
07:30:54,"[216.82, 22]","[215.51, 41]","[221.0, 35]","[222.0, 28]",218.91,126,4.18,0.0
07:30:55,"[216.0, 24]","[212.0, 30]","[221.0, 30]","[222.0, 24]",218.5,108,5.0,0.0
07:30:56,"[216.0, 32]","[212.0, 40]","[221.0, 40]","[222.0, 32]",218.5,144,5.0,0.0
07:30:57,"[216.0, 31]","[212.0, 50]","[221.0, 40]","[222.0, 40]",218.5,161,5.0,0.01
07:30:58,"[216.0, 33]","[214.18, 91]","[220.18, 44]","[221.2, 41]",218.09,209,4.18,0.19
07:30:59,"[216.0, 21]","[215.0, 77]","[220.0, 28]","[221.0, 21]",218.0,147,4.0,0.33
07:31:00,"[216.0, 34]","[215.0, 132]","[219.83, 48]","[221.06, 32]",217.92,246,3.83,0.35
07:31:01,"[216.0, 13]","[215.0, 143]","[218.15, 52]","[219.44, 25]",217.08,233,2.15,0.34
07:31:02,"[215.01, 184]","[212.31, 106]","[218.51, 75]","[222.1, 77]",216.76,442,3.5,0.31
07:31:03,"[214.0, 54]","[211.53, 103]","[223.77, 77]","[230.52, 56]",218.88,290,9.77,0.08
07:31:04,"[212.0, 28]","[211.0, 80]","[222.0, 30]","[224.0, 10]",217.0,148,10.0,0.46
07:31:05,"[214.9, 118]","[211.28, 25]","[222.0, 42]","[224.0, 14]",218.45,199,7.1,0.44
07:31:06,"[215.0, 99]","[212.0, 11]","[222.0, 33]","[224.98, 51]",218.5,194,7.0,0.13
07:31:07,"[215.0, 27]","[212.0, 3]","[222.0, 9]","[225.0, 13]",218.5,52,7.0,0.15
07:31:08,"[215.0, 81]","[212.0, 9]","[222.0, 27]","[225.0, 36]",218.5,153,7.0,0.18
07:31:09,"[215.0, 72]","[211.33, 12]","[222.0, 24]","[225.0, 53]",218.5,161,7.0,0.04
07:31:10,"[216.05, 19]","[214.84, 19]","[222.0, 9]","[225.0, 21]",219.03,68,5.95,0.12
07:31:11,"[217.0, 43]","[215.0, 99]","[222.0, 33]","[225.0, 77]",219.5,252,5.0,0.13
07:31:12,"[217.0, 18]","[215.0, 81]","[222.0, 27]","[225.0, 63]",219.5,189,5.0,0.05
07:31:13,"[216.22, 23]","[214.94, 65]","[222.0, 24]","[225.0, 56]",219.11,168,5.78,0.05
07:31:14,"[215.0, 91]","[213.0, 22]","[220.0, 44]","[221.36, 33]",217.5,190,5.0,0.19
07:31:15,"[215.0, 80]","[213.0, 20]","[217.1, 40]","[220.0, 30]",216.05,170,2.1,0.18
07:31:16,"[215.0, 88]","[213.0, 22]","[216.27, 44]","[220.0, 33]",215.64,187,1.27,0.18
07:31:17,"[215.0, 120]","[213.4, 30]","[216.0, 60]","[220.13, 45]",215.5,255,1.0,0.18
07:31:18,"[215.0, 82]","[213.55, 22]","[217.29, 35]","[221.11, 27]",216.14,166,2.29,0.25
07:31:19,"[215.0, 84]","[213.0, 28]","[219.77, 52]","[221.62, 39]",217.38,203,4.77,0.1
07:31:20,"[214.75, 32]","[212.53, 30]","[216.9, 40]","[219.47, 30]",215.82,132,2.15,-0.06
07:31:21,"[213.0, 26]","[212.0, 91]","[215.76, 42]","[217.71, 28]",214.38,187,2.76,0.25
07:31:22,"[212.53, 30]","[211.93, 60]","[214.32, 19]","[216.53, 36]",213.42,145,1.78,0.24
07:31:23,"[213.09, 33]","[211.93, 90]","[217.29, 55]","[218.4, 40]",215.19,218,4.2,0.13
07:31:24,"[212.0, 88]","[211.0, 31]","[216.83, 24]","[222.61, 46]",214.42,189,4.83,0.26
07:31:25,"[214.67, 36]","[211.84, 61]","[218.76, 29]","[221.85, 13]",216.71,139,4.09,0.4
07:31:26,"[212.86, 74]","[211.6, 60]","[218.0, 64]","[220.0, 16]",215.43,214,5.14,0.25
07:31:27,"[212.0, 60]","[211.0, 32]","[217.59, 58]","[220.58, 24]",214.79,174,5.59,0.06
07:31:28,"[212.0, 20]","[211.0, 10]","[218.0, 5]","[222.0, 25]",215.0,60,6.0,0.0
07:31:29,"[212.0, 28]","[211.0, 14]","[220.73, 22]","[222.52, 23]",216.36,87,8.73,-0.03
07:31:30,"[211.93, 30]","[210.82, 17]","[218.0, 16]","[220.75, 40]",214.97,103,6.07,-0.09
07:31:31,"[211.86, 28]","[210.67, 18]","[218.0, 16]","[220.0, 40]",214.93,102,6.14,-0.1
07:31:32,"[212.45, 44]","[211.0, 22]","[218.0, 22]","[220.0, 55]",215.23,143,5.55,-0.08
07:31:33,"[213.0, 40]","[211.0, 20]","[216.5, 20]","[218.0, 38]",214.75,118,3.5,0.02
07:31:34,"[213.0, 56]","[211.0, 28]","[215.29, 49]","[216.71, 49]",214.14,182,2.29,-0.08
07:31:35,"[211.67, 67]","[210.16, 43]","[214.25, 80]","[217.06, 32]",212.96,222,2.58,-0.01
07:31:36,"[210.7, 57]","[209.89, 92]","[214.0, 60]","[217.0, 24]",212.35,233,3.3,0.28
07:31:37,"[210.0, 48]","[205.0, 6]","[213.93, 27]","[216.0, 15]",211.96,96,3.93,0.12
07:31:38,"[210.0, 104]","[205.0, 13]","[212.14, 29]","[213.16, 62]",211.07,208,2.14,0.12
07:31:39,"[210.0, 12]","[205.0, 10]","[217.7, 46]","[218.95, 19]",213.85,87,7.7,-0.49
07:31:40,"[208.21, 14]","[203.93, 14]","[218.0, 84]","[219.0, 28]",213.11,140,9.79,-0.6
07:31:41,"[216.45, 44]","[205.78, 9]","[218.0, 54]","[219.0, 18]",217.23,125,1.55,-0.15
07:31:42,"[217.0, 78]","[211.33, 15]","[218.0, 78]","[219.0, 26]",217.5,197,1.0,-0.06
07:31:43,"[217.0, 57]","[215.0, 22]","[218.0, 66]","[219.0, 22]",217.5,167,1.0,-0.05
07:31:44,"[217.0, 34]","[215.0, 16]","[218.0, 33]","[227.29, 14]",217.5,97,1.0,0.03
07:31:45,"[212.08, 128]","[211.54, 13]","[218.0, 41]","[288.27, 11]",215.04,193,5.92,0.46
07:31:46,"[212.03, 130]","[211.38, 32]","[218.0, 44]","[322.71, 14]",215.02,220,5.97,0.47
07:31:47,"[213.0, 22]","[211.0, 22]","[216.8, 35]","[234.34, 35]",214.9,114,3.8,-0.23
07:31:48,"[213.0, 18]","[211.0, 18]","[216.0, 27]","[218.59, 17]",214.5,80,3.0,-0.1
07:31:49,"[210.0, 45]","[204.0, 12]","[216.0, 9]","[219.0, 6]",213.0,72,6.0,0.58
07:31:50,"[210.0, 150]","[204.0, 40]","[215.2, 30]","[219.0, 24]",212.6,244,5.2,0.56
07:31:51,"[210.0, 60]","[204.0, 16]","[214.09, 11]","[217.27, 11]",212.05,98,4.09,0.55
07:31:52,"[210.0, 210]","[204.0, 56]","[212.07, 30]","[213.8, 40]",211.03,336,2.07,0.58
07:31:53,"[210.0, 176]","[204.0, 48]","[211.0, 36]","[212.83, 24]",210.5,284,1.0,0.58
07:31:54,"[210.0, 114]","[204.0, 36]","[211.67, 27]","[217.5, 24]",210.83,201,1.67,0.49
07:31:55,"[212.59, 88]","[208.5, 80]","[217.0, 33]","[221.0, 33]",214.8,234,4.41,0.44
07:31:56,"[216.0, 60]","[208.0, 120]","[217.0, 36]","[221.0, 36]",216.5,252,1.0,0.43
07:31:57,"[211.29, 85]","[207.11, 90]","[217.0, 36]","[221.0, 36]",214.15,247,5.71,0.42
07:31:58,"[208.06, 64]","[205.82, 44]","[217.0, 24]","[221.0, 24]",212.53,156,8.94,0.38
07:31:59,"[208.34, 35]","[207.04, 46]","[217.0, 24]","[221.0, 24]",212.67,129,8.66,0.26
07:32:00,"[207.71, 96]","[205.04, 49]","[217.0, 36]","[221.0, 36]",212.35,217,9.29,0.34
07:32:01,"[205.78, 18]","[204.86, 42]","[217.0, 18]","[221.0, 18]",211.39,96,11.22,0.25
07:32:02,"[205.93, 86]","[203.4, 75]","[214.69, 39]","[216.67, 30]",210.31,230,8.76,0.4
07:32:03,"[207.0, 56]","[203.0, 21]","[214.0, 14]","[215.0, 7]",210.5,98,7.0,0.57
07:32:04,"[207.2, 40]","[206.33, 12]","[214.0, 18]","[215.0, 6]",210.6,76,6.8,0.37
07:32:05,"[210.27, 30]","[209.71, 45]","[213.75, 48]","[214.43, 21]",212.01,144,3.48,0.04
07:32:06,"[210.35, 31]","[209.23, 52]","[212.73, 22]","[215.07, 28]",211.54,133,2.37,0.25
07:32:07,"[211.0, 44]","[210.0, 44]","[212.1, 20]","[213.31, 13]",211.55,121,1.1,0.45
07:32:08,"[210.39, 46]","[208.38, 52]","[212.37, 19]","[219.24, 55]",211.38,172,1.98,0.14
07:32:09,"[209.68, 38]","[206.84, 38]","[211.73, 11]","[216.35, 23]",210.71,110,2.04,0.38
07:32:10,"[206.0, 12]","[202.33, 24]","[212.0, 8]","[218.0, 36]",209.0,80,6.0,-0.1
07:32:11,"[204.0, 6]","[202.0, 30]","[215.54, 13]","[218.21, 43]",209.77,92,11.54,-0.22
07:32:12,"[206.25, 24]","[202.75, 48]","[216.08, 36]","[217.96, 92]",211.17,200,9.83,-0.28
07:32:13,"[207.0, 27]","[204.0, 36]","[215.09, 35]","[216.14, 28]",211.04,126,8.09,0.0
07:32:14,"[207.51, 35]","[204.36, 50]","[216.91, 47]","[289.49, 43]",212.21,175,9.4,-0.03
07:32:15,"[216.0, 10]","[215.0, 70]","[218.0, 40]","[352.46, 24]",217.0,144,2.0,0.11
07:32:16,"[216.0, 7]","[215.0, 49]","[217.0, 35]","[218.0, 28]",216.5,119,1.0,-0.06
07:32:17,"[215.61, 18]","[214.89, 80]","[217.0, 60]","[218.0, 48]",216.31,206,1.39,-0.05
07:32:18,"[215.0, 58]","[212.0, 54]","[216.81, 42]","[218.57, 44]",215.9,198,1.81,0.13
07:32:19,"[215.0, 21]","[212.0, 63]","[217.71, 28]","[220.0, 35]",216.36,147,2.71,0.14
07:32:20,"[213.8, 25]","[211.06, 48]","[217.0, 40]","[220.0, 50]",215.4,163,3.2,-0.1
07:32:21,"[212.0, 38]","[209.0, 30]","[217.0, 40]","[220.0, 50]",214.5,158,5.0,-0.14
07:32:22,"[212.0, 55]","[209.0, 33]","[216.83, 35]","[220.28, 40]",214.41,163,4.83,0.08
07:32:23,"[211.02, 46]","[206.1, 51]","[213.15, 40]","[215.94, 33]",212.09,170,2.13,0.14
07:32:24,"[209.0, 33]","[203.0, 55]","[211.91, 22]","[214.92, 26]",210.45,136,2.91,0.29
07:32:25,"[205.31, 83]","[202.86, 65]","[209.29, 34]","[210.53, 34]",207.3,216,3.98,0.37
07:32:26,"[202.21, 76]","[186.71, 24]","[208.0, 28]","[209.0, 78]",205.11,206,5.79,-0.03
07:32:27,"[202.0, 24]","[182.0, 16]","[208.62, 16]","[213.03, 31]",205.31,87,6.62,-0.08
07:32:28,"[202.0, 48]","[171.89, 19]","[207.83, 24]","[213.94, 66]",204.92,157,5.83,-0.15
07:32:29,"[202.0, 30]","[167.93, 27]","[207.0, 18]","[212.0, 18]",204.5,93,5.0,0.23
07:32:30,"[202.0, 39]","[201.0, 11]","[206.36, 22]","[209.71, 14]",204.18,86,4.36,0.16
07:32:31,"[202.0, 40]","[199.75, 8]","[205.5, 16]","[208.0, 8]",203.75,72,3.5,0.33
07:32:32,"[202.0, 60]","[193.67, 36]","[205.0, 28]","[208.0, 12]",203.5,136,3.0,0.41
07:32:33,"[203.16, 83]","[201.49, 77]","[205.1, 62]","[210.0, 25]",204.13,247,1.94,0.3
07:32:34,"[204.65, 31]","[203.38, 32]","[208.0, 13]","[213.0, 54]",206.32,130,3.35,-0.03
07:32:35,"[207.44, 32]","[204.33, 43]","[212.07, 27]","[213.87, 76]",209.76,178,4.64,-0.16
07:32:36,"[209.08, 13]","[207.0, 24]","[213.0, 22]","[214.0, 66]",211.04,125,3.92,-0.41
07:32:37,"[210.44, 16]","[209.56, 27]","[213.0, 20]","[214.0, 60]",211.72,123,2.56,-0.3
07:32:38,"[210.88, 26]","[209.91, 47]","[212.52, 23]","[213.64, 56]",211.7,152,1.64,-0.04
07:32:39,"[204.19, 32]","[203.83, 41]","[212.95, 21]","[213.97, 62]",208.57,156,8.76,-0.06
07:32:40,"[205.0, 12]","[203.0, 72]","[213.0, 19]","[214.0, 72]",209.0,175,8.0,-0.04
07:32:41,"[205.0, 13]","[202.38, 78]","[213.0, 43]","[214.0, 48]",209.0,182,8.0,0.0
07:32:42,"[205.75, 12]","[201.5, 72]","[213.0, 40]","[214.0, 44]",209.38,168,7.25,0.0
07:32:43,"[206.0, 9]","[203.0, 54]","[213.73, 33]","[214.67, 18]",209.86,114,7.73,0.11
07:32:44,"[207.59, 32]","[203.69, 39]","[212.12, 34]","[212.79, 48]",209.86,153,4.52,-0.07
07:32:45,"[208.93, 44]","[202.74, 122]","[210.55, 44]","[211.76, 50]",209.74,260,1.61,0.28
07:32:46,"[209.73, 26]","[202.0, 356]","[214.44, 25]","[216.36, 33]",212.09,440,4.71,0.74
07:32:47,"[210.33, 15]","[202.34, 174]","[213.27, 15]","[216.0, 15]",211.8,219,2.93,0.73
07:32:48,"[209.3, 20]","[205.88, 33]","[214.93, 15]","[218.07, 15]",212.12,83,5.63,0.28
07:32:49,"[214.45, 11]","[204.59, 51]","[216.91, 11]","[218.82, 11]",215.68,84,2.45,0.48
07:32:50,"[212.0, 8]","[205.0, 48]","[217.0, 8]","[219.75, 8]",214.5,72,5.0,0.56
07:32:51,"[212.0, 49]","[205.0, 86]","[217.54, 13]","[223.54, 39]",214.77,187,5.54,0.44
07:32:52,"[212.0, 53]","[205.0, 168]","[218.0, 12]","[222.0, 48]",215.0,281,6.0,0.57
07:32:53,"[212.0, 21]","[205.0, 84]","[218.0, 6]","[222.0, 24]",215.0,135,6.0,0.56
07:32:54,"[215.79, 57]","[206.35, 52]","[218.0, 13]","[222.0, 52]",216.89,174,2.21,0.25
07:32:55,"[216.0, 45]","[212.0, 9]","[218.0, 9]","[222.0, 36]",217.0,99,2.0,0.09
07:32:56,"[216.0, 30]","[212.4, 10]","[218.0, 10]","[222.0, 40]",217.0,90,2.0,-0.11
07:32:57,"[204.89, 81]","[202.98, 109]","[208.79, 38]","[220.21, 19]",206.84,247,3.9,0.54
07:32:58,"[204.0, 84]","[202.0, 84]","[212.91, 11]","[221.8, 25]",208.45,204,8.91,0.65
07:32:59,"[204.0, 48]","[202.0, 48]","[217.0, 4]","[221.0, 16]",210.5,116,13.0,0.66
07:33:00,"[204.35, 95]","[202.25, 96]","[216.0, 24]","[217.0, 8]",210.17,223,11.65,0.71
07:33:01,"[206.91, 88]","[205.75, 112]","[215.92, 36]","[216.55, 20]",211.41,256,9.01,0.56
07:33:02,"[207.0, 72]","[206.0, 72]","[215.0, 9]","[216.0, 27]",211.0,180,8.0,0.6
07:33:03,"[207.0, 64]","[205.82, 44]","[214.04, 23]","[215.93, 14]",210.52,145,7.04,0.49
07:33:04,"[207.61, 104]","[206.84, 76]","[213.64, 50]","[216.61, 46]",210.62,276,6.03,0.3
07:33:05,"[209.0, 84]","[207.0, 96]","[212.83, 36]","[214.0, 12]",210.92,228,3.83,0.58
07:33:06,"[209.0, 112]","[204.38, 128]","[211.84, 50]","[213.4, 20]",210.42,310,2.84,0.55
07:33:07,"[209.02, 64]","[202.91, 107]","[211.38, 32]","[212.64, 22]",210.2,225,2.36,0.52
07:33:08,"[206.76, 75]","[201.86, 84]","[210.22, 27]","[211.18, 33]",208.49,219,3.46,0.45
07:33:09,"[202.0, 88]","[201.0, 44]","[208.08, 24]","[209.44, 16]",205.04,172,6.08,0.53
07:33:10,"[202.02, 82]","[201.29, 56]","[205.47, 19]","[207.18, 17]",203.75,174,3.45,0.59
07:33:11,"[201.86, 21]","[200.8, 120]","[204.67, 21]","[205.54, 13]",203.26,175,2.81,0.61
07:33:12,"[201.0, 100]","[199.47, 68]","[205.06, 17]","[206.59, 17]",203.03,202,4.06,0.66
07:33:13,"[201.0, 56]","[200.0, 28]","[202.86, 7]","[206.0, 7]",201.93,98,1.86,0.71
07:33:14,"[201.0, 40]","[200.0, 20]","[202.0, 5]","[205.14, 7]",201.5,72,1.0,0.67
07:33:15,"[201.0, 32]","[200.0, 16]","[202.0, 4]","[204.0, 12]",201.5,64,1.0,0.5
07:33:16,"[201.0, 48]","[199.86, 28]","[202.0, 6]","[204.0, 18]",201.5,100,1.0,0.52
07:33:17,"[201.0, 48]","[200.0, 36]","[204.0, 18]","[206.0, 6]",202.5,108,3.0,0.56
07:33:18,"[201.55, 31]","[200.76, 74]","[210.3, 10]","[213.4, 15]",205.92,130,8.75,0.62
07:33:19,"[204.92, 12]","[202.0, 96]","[213.0, 12]","[214.0, 72]",208.96,192,8.08,0.12
07:33:20,"[205.0, 16]","[202.0, 146]","[212.44, 25]","[214.38, 50]",208.72,237,7.44,0.37
07:33:21,"[206.44, 9]","[203.64, 78]","[212.44, 18]","[213.8, 30]",209.44,135,6.0,0.29
07:33:22,"[201.18, 101]","[200.5, 64]","[213.92, 52]","[354.0, 48]",207.55,265,12.74,0.25
07:33:23,"[201.57, 106]","[200.79, 156]","[214.0, 77]","[435.66, 53]",207.78,392,12.43,0.34
07:33:24,"[204.25, 85]","[202.29, 82]","[214.0, 45]","[317.39, 23]",209.12,235,9.75,0.42
07:33:25,"[206.0, 70]","[205.0, 182]","[212.2, 40]","[221.72, 64]",209.1,356,6.2,0.42
07:33:26,"[206.83, 141]","[205.36, 101]","[209.19, 43]","[212.45, 55]",208.01,340,2.36,0.42
07:33:27,"[203.37, 95]","[200.52, 54]","[209.6, 30]","[213.61, 31]",206.48,210,6.23,0.42
07:33:28,"[202.0, 77]","[200.0, 44]","[209.76, 21]","[214.09, 22]",205.88,164,7.76,0.48
07:33:29,"[202.33, 42]","[199.83, 63]","[209.58, 24]","[214.0, 24]",205.96,153,7.25,0.37
07:33:30,"[204.07, 107]","[201.03, 80]","[209.0, 18]","[214.0, 18]",206.54,223,4.93,0.68
07:33:31,"[205.65, 136]","[202.87, 131]","[209.0, 26]","[214.0, 26]",207.32,319,3.35,0.67
07:33:32,"[208.78, 216]","[201.28, 173]","[213.05, 21]","[214.93, 56]",210.91,466,4.27,0.67
07:33:33,"[211.17, 166]","[205.06, 77]","[214.0, 12]","[215.0, 60]",212.58,315,2.83,0.54
07:33:34,"[212.9, 100]","[211.78, 81]","[214.0, 10]","[215.0, 50]",213.45,241,1.1,0.5
07:33:35,"[213.0, 60]","[212.0, 54]","[214.83, 18]","[225.67, 27]",213.92,159,1.83,0.43
07:33:36,"[213.0, 106]","[212.0, 99]","[214.27, 37]","[218.92, 49]",213.64,291,1.27,0.41
07:33:37,"[213.0, 60]","[212.0, 90]","[214.0, 30]","[215.0, 30]",213.5,210,1.0,0.43
07:33:38,"[213.0, 42]","[212.0, 63]","[214.0, 21]","[215.0, 21]",213.5,147,1.0,0.43
07:33:39,"[213.0, 60]","[212.0, 90]","[214.0, 30]","[218.0, 20]",213.5,200,1.0,0.5
07:33:40,"[213.0, 42]","[212.0, 109]","[214.0, 36]","[217.32, 31]",213.5,218,1.0,0.39
07:33:41,"[212.09, 70]","[211.56, 108]","[213.92, 36]","[216.85, 41]",213.0,255,1.83,0.4
07:33:42,"[212.0, 88]","[211.0, 66]","[213.0, 33]","[214.0, 22]",212.5,209,1.0,0.47
07:33:43,"[213.13, 78]","[212.7, 108]","[217.0, 67]","[226.06, 34]",215.06,287,3.87,0.3
07:33:44,"[216.0, 28]","[214.0, 112]","[217.0, 46]","[232.0, 56]",216.5,242,1.0,0.16
07:33:45,"[216.0, 16]","[214.0, 64]","[217.0, 8]","[227.45, 22]",216.5,110,1.0,0.45
07:33:46,"[216.0, 12]","[214.0, 48]","[217.0, 6]","[227.0, 16]",216.5,82,1.0,0.46
07:33:47,"[214.15, 52]","[212.58, 55]","[217.0, 8]","[365.14, 28]",215.58,143,2.85,0.5
07:33:48,"[213.38, 58]","[211.86, 84]","[216.18, 22]","[485.58, 26]",214.78,190,2.8,0.49
07:33:49,"[212.0, 79]","[211.0, 54]","[216.21, 14]","[507.86, 21]",214.11,168,4.21,0.58
07:33:50,"[212.0, 32]","[211.0, 60]","[214.33, 12]","[286.33, 12]",213.17,116,2.33,0.59
07:33:51,"[212.0, 9]","[211.0, 18]","[222.0, 3]","[603.25, 8]",217.0,38,10.0,0.42
07:33:52,"[211.04, 75]","[207.0, 30]","[222.0, 13]","[313.18, 34]",216.52,152,10.96,0.38
07:33:53,"[211.84, 38]","[209.53, 34]","[222.0, 9]","[568.56, 27]",216.92,108,10.16,0.33
07:33:54,"[215.0, 26]","[211.0, 78]","[220.68, 31]","[410.36, 25]",217.84,160,5.68,0.3
07:33:55,"[215.0, 28]","[211.0, 84]","[217.21, 38]","[221.69, 32]",216.11,182,2.21,0.23
07:33:56,"[215.0, 16]","[211.0, 60]","[216.0, 20]","[219.0, 30]",215.5,126,1.0,0.21
07:33:57,"[209.84, 38]","[206.67, 85]","[215.64, 22]","[219.0, 33]",212.74,178,5.79,0.38
07:33:58,"[207.0, 44]","[205.0, 67]","[214.18, 22]","[219.0, 33]",210.59,166,7.18,0.34
07:33:59,"[208.92, 48]","[205.0, 36]","[211.0, 32]","[216.14, 28]",209.96,144,2.08,0.17
07:34:00,"[209.0, 22]","[206.0, 10]","[210.0, 30]","[217.76, 33]",209.5,95,1.0,-0.33
07:34:01,"[208.4, 20]","[205.0, 16]","[210.0, 36]","[218.0, 119]",209.2,191,1.6,-0.62
07:34:02,"[206.91, 35]","[205.29, 17]","[210.0, 42]","[218.0, 112]",208.46,206,3.09,-0.5
07:34:03,"[206.76, 21]","[205.62, 13]","[209.05, 56]","[215.3, 71]",207.91,161,2.29,-0.58
07:34:04,"[206.0, 13]","[205.0, 13]","[208.56, 25]","[210.78, 81]",207.28,132,2.56,-0.61
07:34:05,"[203.11, 27]","[200.12, 40]","[207.09, 35]","[208.72, 53]",205.1,155,3.97,-0.14
07:34:06,"[202.69, 29]","[198.88, 41]","[204.87, 46]","[206.88, 43]",203.78,159,2.18,-0.12
07:34:07,"[200.0, 33]","[129.73, 22]","[203.57, 28]","[205.6, 30]",201.79,113,3.57,-0.03
07:34:08,"[200.58, 36]","[195.75, 32]","[207.92, 52]","[221.32, 38]",204.25,158,7.34,-0.14
07:34:09,"[203.32, 44]","[201.83, 41]","[229.6, 40]","[262.57, 47]",216.46,172,26.28,-0.01
07:34:10,"[216.0, 14]","[207.43, 14]","[217.0, 21]","[235.0, 28]",216.5,77,1.0,-0.27
07:34:11,"[214.59, 17]","[206.97, 29]","[217.0, 30]","[295.67, 46]",215.79,122,2.41,-0.25
07:34:12,"[209.33, 42]","[206.6, 15]","[215.33, 18]","[341.14, 29]",212.33,104,6.0,0.1
07:34:13,"[210.33, 48]","[207.0, 6]","[212.0, 12]","[217.0, 18]",211.17,84,1.67,0.29
07:34:14,"[211.0, 96]","[207.0, 12]","[212.0, 24]","[217.0, 36]",211.5,168,1.0,0.29
07:34:15,"[211.0, 182]","[206.14, 35]","[215.62, 29]","[287.93, 45]",213.31,291,4.62,0.49
07:34:16,"[211.24, 99]","[208.76, 97]","[215.46, 39]","[228.06, 33]",213.35,268,4.22,0.46
07:34:17,"[212.0, 90]","[211.0, 225]","[214.08, 39]","[215.75, 61]",213.04,415,2.08,0.52
07:34:18,"[212.0, 42]","[211.0, 150]","[215.45, 11]","[219.0, 28]",213.73,231,3.45,0.66
07:34:19,"[212.0, 56]","[211.0, 210]","[216.0, 14]","[220.0, 42]",214.0,322,4.0,0.65
07:34:20,"[212.0, 28]","[211.0, 105]","[216.0, 7]","[220.0, 21]",214.0,161,4.0,0.65
07:34:21,"[212.0, 38]","[211.0, 150]","[216.0, 10]","[220.0, 30]",214.0,228,4.0,0.65
07:34:22,"[212.0, 36]","[211.0, 205]","[216.0, 13]","[220.0, 39]",214.0,293,4.0,0.65
07:34:23,"[212.0, 12]","[211.0, 96]","[216.0, 6]","[220.0, 18]",214.0,132,4.0,0.64
07:34:24,"[212.0, 16]","[211.0, 128]","[216.0, 8]","[220.0, 24]",214.0,176,4.0,0.64
07:34:25,"[211.32, 47]","[210.61, 154]","[216.0, 11]","[220.0, 33]",213.66,245,4.68,0.64
07:34:26,"[212.0, 14]","[211.0, 228]","[216.0, 14]","[220.0, 42]",214.0,298,4.0,0.62
07:34:27,"[212.0, 10]","[211.0, 200]","[216.0, 10]","[220.0, 30]",214.0,250,4.0,0.68
07:34:28,"[212.0, 7]","[211.0, 140]","[216.0, 7]","[220.0, 21]",214.0,175,4.0,0.68
07:34:29,"[212.0, 13]","[211.0, 110]","[214.33, 24]","[217.41, 17]",213.17,164,2.33,0.5
07:34:30,"[211.09, 44]","[210.38, 42]","[218.23, 31]","[258.77, 39]",214.66,156,7.13,0.1
07:34:31,"[211.03, 31]","[210.12, 41]","[218.54, 13]","[219.79, 28]",214.79,113,7.51,0.27
07:34:32,"[210.2, 30]","[208.59, 51]","[216.8, 15]","[218.47, 15]",213.5,111,6.6,0.46
07:34:33,"[207.29, 14]","[205.57, 14]","[215.17, 6]","[216.62, 8]",211.23,42,7.88,0.33
07:34:34,"[207.0, 24]","[205.0, 24]","[210.83, 24]","[211.69, 29]",208.92,101,3.83,-0.05
07:34:35,"[206.58, 19]","[204.32, 37]","[210.46, 13]","[214.58, 48]",208.52,117,3.88,-0.04
07:34:36,"[211.0, 8]","[204.05, 37]","[213.0, 8]","[216.0, 35]",212.0,88,2.0,0.02
07:34:37,"[205.27, 44]","[203.96, 96]","[214.56, 16]","[216.47, 34]",209.92,190,9.29,0.47
07:34:38,"[205.1, 60]","[203.86, 42]","[217.0, 20]","[220.0, 5]",211.05,127,11.9,0.61
07:34:39,"[215.83, 29]","[204.76, 58]","[217.0, 28]","[220.0, 7]",216.41,122,1.17,0.43
07:34:40,"[216.0, 54]","[215.0, 9]","[217.0, 36]","[220.0, 9]",216.5,108,1.0,0.17
07:34:41,"[216.0, 27]","[215.0, 9]","[217.0, 36]","[220.0, 9]",216.5,81,1.0,-0.11
07:34:42,"[216.0, 8]","[215.0, 8]","[217.0, 32]","[220.0, 8]",216.5,56,1.0,-0.43
07:34:43,"[214.0, 63]","[212.0, 42]","[217.0, 28]","[220.0, 7]",215.5,140,3.0,0.5
07:34:44,"[214.0, 81]","[212.0, 54]","[217.0, 36]","[220.0, 9]",215.5,180,3.0,0.5
07:34:45,"[214.0, 120]","[212.0, 90]","[215.92, 96]","[217.7, 33]",214.96,339,1.92,0.24
07:34:46,"[214.0, 44]","[212.0, 66]","[217.0, 44]","[220.0, 11]",215.5,165,3.0,0.33
07:34:47,"[214.0, 36]","[212.0, 54]","[217.0, 36]","[221.0, 9]",215.5,135,3.0,0.33
07:34:48,"[214.0, 28]","[212.0, 60]","[217.8, 25]","[388.24, 21]",215.9,134,3.8,0.31
07:34:49,"[214.0, 16]","[212.0, 48]","[217.5, 8]","[278.78, 9]",215.75,81,3.5,0.58
07:34:50,"[214.0, 16]","[212.0, 48]","[217.0, 8]","[223.0, 8]",215.5,80,3.0,0.6
07:34:51,"[214.0, 16]","[212.0, 48]","[217.0, 8]","[223.0, 8]",215.5,80,3.0,0.6
07:34:52,"[214.0, 26]","[212.0, 78]","[217.0, 13]","[223.0, 21]",215.5,138,3.0,0.51
07:34:53,"[214.0, 20]","[212.0, 60]","[215.6, 50]","[217.0, 10]",214.8,140,1.6,0.14
07:34:54,"[212.53, 30]","[211.26, 94]","[214.31, 61]","[215.38, 26]",213.42,211,1.78,0.18
07:34:55,"[212.0, 8]","[211.0, 56]","[213.0, 40]","[220.0, 8]",212.5,112,1.0,0.14
07:34:56,"[211.0, 35]","[210.0, 10]","[220.8, 5]","[222.0, 5]",215.9,55,9.8,0.64
07:34:57,"[211.0, 77]","[210.0, 22]","[218.66, 41]","[221.09, 11]",214.83,151,7.66,0.31
07:34:58,"[211.0, 98]","[210.0, 28]","[216.5, 56]","[221.9, 50]",213.75,232,5.5,0.09
07:34:59,"[211.64, 75]","[210.54, 39]","[215.44, 36]","[221.14, 28]",213.54,178,3.8,0.28
07:35:00,"[215.16, 38]","[212.03, 58]","[219.0, 11]","[221.45, 55]",217.08,162,3.84,0.19
07:35:01,"[215.26, 38]","[214.59, 34]","[219.0, 12]","[221.0, 100]",217.13,184,3.74,-0.22
07:35:02,"[215.0, 40]","[214.0, 20]","[219.0, 10]","[221.0, 90]",217.0,160,4.0,-0.25
07:35:03,"[215.0, 60]","[214.0, 30]","[217.07, 28]","[219.71, 34]",216.04,152,2.07,0.18
07:35:04,"[215.0, 32]","[214.0, 22]","[216.0, 22]","[217.75, 16]",215.5,92,1.0,0.17
07:35:05,"[213.14, 28]","[210.98, 92]","[218.36, 11]","[220.48, 27]",215.75,158,5.22,0.52
07:35:06,"[212.0, 8]","[211.0, 64]","[218.0, 10]","[221.29, 14]",215.0,96,6.0,0.5
07:35:07,"[213.81, 31]","[211.18, 38]","[217.82, 17]","[222.52, 31]",215.81,117,4.02,0.18
07:35:08,"[211.17, 58]","[210.96, 166]","[216.0, 13]","[220.77, 13]",213.59,250,4.83,0.79
07:35:09,"[211.0, 160]","[210.0, 20]","[215.5, 10]","[221.8, 10]",213.25,200,4.5,0.8
07:35:10,"[211.0, 214]","[210.0, 28]","[214.0, 14]","[221.0, 14]",212.5,270,3.0,0.79
07:35:11,"[211.0, 145]","[209.32, 47]","[215.2, 10]","[221.44, 27]",213.1,229,4.2,0.68
07:35:12,"[211.0, 98]","[210.0, 7]","[218.0, 7]","[221.0, 35]",214.5,147,7.0,0.43
07:35:13,"[211.0, 98]","[210.0, 7]","[218.0, 7]","[221.0, 35]",214.5,147,7.0,0.43
07:35:14,"[211.0, 126]","[210.0, 9]","[214.1, 29]","[218.86, 14]",212.55,178,3.1,0.52
07:35:15,"[211.0, 112]","[210.0, 8]","[213.0, 16]","[221.0, 46]",212.0,182,2.0,0.32
07:35:16,"[211.0, 168]","[210.0, 12]","[212.38, 21]","[221.0, 60]",211.69,261,1.38,0.38
07:35:17,"[211.0, 154]","[210.0, 11]","[212.0, 11]","[221.0, 55]",211.5,231,1.0,0.43
07:35:18,"[211.0, 176]","[210.0, 14]","[221.0, 70]","[222.0, 56]",216.0,316,10.0,0.2
07:35:19,"[211.0, 90]","[210.0, 9]","[222.0, 36]","[223.0, 36]",216.5,171,11.0,0.16
07:35:20,"[211.0, 100]","[210.0, 10]","[220.22, 37]","[222.9, 40]",215.61,187,9.22,0.18
07:35:21,"[211.0, 203]","[210.0, 18]","[219.74, 116]","[221.19, 77]",215.37,414,8.74,0.07
07:35:22,"[211.0, 104]","[210.0, 12]","[215.43, 42]","[218.24, 51]",213.21,209,4.43,0.11
07:35:23,"[211.0, 56]","[210.0, 7]","[212.29, 35]","[215.09, 22]",211.64,120,1.29,0.05
07:35:24,"[211.0, 104]","[209.36, 188]","[213.71, 62]","[221.43, 77]",212.35,431,2.71,0.35
07:35:25,"[210.04, 80]","[209.12, 88]","[214.75, 12]","[221.67, 30]",212.39,210,4.71,0.6
07:35:26,"[210.0, 99]","[209.0, 99]","[211.0, 21]","[220.0, 29]",210.5,248,1.0,0.6
07:35:27,"[209.55, 123]","[208.9, 98]","[211.0, 13]","[220.0, 52]",210.28,286,1.45,0.55
07:35:28,"[209.03, 125]","[208.11, 56]","[210.53, 17]","[219.1, 40]",209.78,238,1.5,0.52
07:35:29,"[213.71, 154]","[208.03, 130]","[219.83, 53]","[221.81, 43]",216.77,380,6.12,0.49
07:35:30,"[215.0, 176]","[211.0, 64]","[220.0, 64]","[222.0, 96]",217.5,400,5.0,0.2
07:35:31,"[215.0, 88]","[211.0, 32]","[220.0, 32]","[222.0, 56]",217.5,208,5.0,0.15
07:35:32,"[215.0, 55]","[211.0, 20]","[220.0, 20]","[222.0, 35]",217.5,130,5.0,0.15
07:35:33,"[215.0, 99]","[211.0, 36]","[220.0, 36]","[222.0, 47]",217.5,218,5.0,0.24
07:35:34,"[215.0, 88]","[211.0, 37]","[220.0, 32]","[222.0, 45]",217.5,202,5.0,0.24
07:35:35,"[215.0, 121]","[212.0, 55]","[219.83, 29]","[221.48, 62]",217.41,267,4.83,0.32
07:35:36,"[215.0, 165]","[212.0, 75]","[218.33, 30]","[221.82, 98]",216.67,368,3.33,0.3
07:35:37,"[215.0, 110]","[212.0, 50]","[216.37, 19]","[217.9, 31]",215.68,210,1.37,0.52
07:35:38,"[215.0, 49]","[212.0, 30]","[218.57, 21]","[222.42, 26]",216.79,126,3.57,0.25
07:35:39,"[215.0, 30]","[212.0, 30]","[221.6, 20]","[222.82, 34]",218.3,114,6.6,0.05
07:35:40,"[215.0, 35]","[212.0, 35]","[221.0, 28]","[222.0, 59]",218.0,157,6.0,-0.11
07:35:41,"[215.0, 30]","[212.0, 30]","[221.0, 30]","[222.0, 54]",218.0,144,6.0,-0.17
07:35:42,"[212.45, 67]","[211.08, 127]","[221.0, 65]","[222.0, 105]",216.72,364,8.55,0.07
07:35:43,"[214.52, 25]","[211.76, 37]","[221.0, 24]","[222.0, 56]",217.76,142,6.48,-0.13
07:35:44,"[211.26, 106]","[209.27, 133]","[221.0, 42]","[222.0, 98]",216.13,379,9.74,0.26
07:35:45,"[213.58, 65]","[210.7, 74]","[221.0, 24]","[222.0, 56]",217.29,219,7.42,0.27
07:35:46,"[214.0, 80]","[211.0, 90]","[221.0, 30]","[222.0, 52]",217.5,252,7.0,0.35
07:35:47,"[214.0, 68]","[211.0, 117]","[221.0, 47]","[222.0, 91]",217.5,323,7.0,0.15
07:35:48,"[214.0, 28]","[211.0, 63]","[221.0, 21]","[222.0, 49]",217.5,161,7.0,0.13
07:35:49,"[214.0, 28]","[211.0, 63]","[221.0, 21]","[222.0, 49]",217.5,161,7.0,0.13
07:35:50,"[214.0, 40]","[211.0, 90]","[221.0, 30]","[222.0, 54]",217.5,214,7.0,0.21
07:35:51,"[214.0, 40]","[211.0, 90]","[221.0, 30]","[222.0, 60]",217.5,220,7.0,0.18
07:35:52,"[214.0, 44]","[211.0, 99]","[221.78, 54]","[324.02, 49]",217.89,246,7.78,0.16
07:35:53,"[214.0, 40]","[211.0, 90]","[222.0, 60]","[372.69, 13]",218.0,203,8.0,0.28
07:35:54,"[214.0, 35]","[211.0, 81]","[221.29, 63]","[236.88, 24]",217.64,203,7.29,0.14
07:35:55,"[214.0, 18]","[211.0, 64]","[221.0, 64]","[222.0, 24]",217.5,170,7.0,-0.04
07:35:56,"[214.0, 16]","[211.0, 40]","[221.0, 64]","[224.0, 24]",217.5,144,7.0,-0.22
07:35:57,"[214.0, 16]","[211.0, 88]","[221.0, 64]","[224.0, 24]",217.5,192,7.0,0.08
07:35:58,"[214.0, 10]","[211.0, 30]","[221.0, 40]","[224.0, 15]",217.5,95,7.0,-0.16
07:35:59,"[214.0, 18]","[211.4, 30]","[221.0, 72]","[224.0, 27]",217.5,147,7.0,-0.35
07:36:00,"[214.0, 28]","[212.0, 28]","[220.39, 28]","[221.21, 63]",217.2,147,6.39,-0.24
07:36:01,"[215.2, 30]","[213.2, 30]","[217.24, 25]","[220.55, 42]",216.22,127,2.04,-0.06
07:36:02,"[214.36, 22]","[212.36, 22]","[217.09, 23]","[221.67, 27]",215.73,94,2.72,-0.06
07:36:03,"[212.5, 32]","[211.08, 104]","[215.92, 24]","[221.9, 40]",214.21,200,3.42,0.36
07:36:04,"[212.0, 33]","[211.0, 136]","[213.88, 17]","[214.94, 17]",212.94,203,1.88,0.67
07:36:05,"[210.82, 51]","[209.95, 39]","[213.0, 13]","[220.93, 82]",211.91,185,2.18,-0.03
07:36:06,"[209.75, 32]","[207.55, 29]","[212.08, 26]","[216.87, 31]",210.91,118,2.33,0.03
07:36:07,"[209.63, 19]","[207.38, 13]","[213.0, 13]","[219.0, 65]",211.32,110,3.37,-0.42
07:36:08,"[209.77, 127]","[200.52, 42]","[219.0, 90]","[220.0, 54]",214.39,313,9.23,0.08
07:36:09,"[215.0, 78]","[202.5, 20]","[219.0, 50]","[220.0, 30]",217.0,178,4.0,0.1
07:36:10,"[215.0, 28]","[204.0, 8]","[219.0, 20]","[220.0, 12]",217.0,68,4.0,0.06
07:36:11,"[215.0, 77]","[208.22, 77]","[218.33, 15]","[219.06, 53]",216.67,222,3.33,0.39
07:36:12,"[215.0, 126]","[209.0, 234]","[217.11, 18]","[219.0, 90]",216.06,468,2.11,0.54
07:36:13,"[215.0, 88]","[209.0, 182]","[217.33, 30]","[219.29, 62]",216.17,362,2.33,0.49
07:36:14,"[215.0, 12]","[209.0, 52]","[219.0, 18]","[224.75, 12]",217.0,94,4.0,0.36
07:36:15,"[215.0, 30]","[209.0, 130]","[221.0, 30]","[225.5, 30]",218.0,220,6.0,0.45
07:36:16,"[215.0, 33]","[209.0, 143]","[216.88, 43]","[218.55, 33]",215.94,252,1.88,0.4
07:36:17,"[212.48, 31]","[208.85, 81]","[216.33, 27]","[219.14, 21]",214.41,160,3.85,0.4
07:36:18,"[209.66, 50]","[208.78, 110]","[218.36, 22]","[220.48, 29]",214.01,211,8.7,0.52
07:36:19,"[211.0, 45]","[209.3, 74]","[216.36, 22]","[217.7, 23]",213.68,164,5.36,0.45
07:36:20,"[211.0, 66]","[210.0, 24]","[215.35, 17]","[216.26, 19]",213.18,126,4.35,0.43
07:36:21,"[211.0, 81]","[210.0, 18]","[213.0, 16]","[214.73, 11]",212.0,126,2.0,0.57
07:36:22,"[211.29, 72]","[210.73, 67]","[215.44, 25]","[220.11, 71]",213.37,235,4.15,0.18
07:36:23,"[211.28, 53]","[209.82, 92]","[216.0, 26]","[220.62, 39]",213.64,210,4.72,0.38
07:36:24,"[211.0, 75]","[210.0, 11]","[220.0, 33]","[222.0, 77]",215.5,196,9.0,-0.12
07:36:25,"[213.96, 85]","[210.98, 101]","[220.0, 33]","[222.0, 57]",216.98,276,6.04,0.35
07:36:26,"[215.12, 48]","[211.38, 73]","[220.0, 21]","[222.0, 31]",217.56,173,4.88,0.4
07:36:27,"[216.0, 90]","[215.0, 105]","[219.12, 32]","[221.18, 55]",217.56,282,3.12,0.38
07:36:28,"[216.0, 90]","[215.0, 105]","[217.27, 30]","[221.0, 45]",216.63,270,1.27,0.44
07:36:29,"[215.62, 92]","[213.04, 96]","[217.0, 24]","[221.62, 48]",216.31,260,1.38,0.45
07:36:30,"[216.0, 156]","[215.0, 84]","[217.0, 24]","[221.58, 60]",216.5,324,1.0,0.48
07:36:31,"[216.0, 41]","[215.0, 42]","[221.0, 30]","[223.0, 18]",218.5,131,5.0,0.27
07:36:32,"[216.0, 66]","[215.0, 89]","[221.0, 55]","[223.18, 33]",218.5,243,5.0,0.28
07:36:33,"[216.0, 60]","[215.0, 70]","[221.0, 50]","[223.57, 42]",218.5,222,5.0,0.17
07:36:34,"[216.0, 17]","[215.0, 49]","[221.0, 35]","[223.0, 35]",218.5,136,5.0,-0.03
07:36:35,"[215.0, 16]","[214.0, 16]","[221.0, 20]","[223.0, 20]",218.0,72,6.0,-0.11
07:36:36,"[215.0, 24]","[214.0, 24]","[221.0, 30]","[223.0, 30]",218.0,108,6.0,-0.11
07:36:37,"[215.0, 40]","[214.0, 40]","[220.53, 38]","[221.8, 50]",217.76,168,5.53,-0.05
07:36:38,"[215.0, 17]","[214.0, 32]","[219.5, 24]","[221.0, 40]",217.25,113,4.5,-0.13
07:36:39,"[215.0, 8]","[214.0, 32]","[218.0, 24]","[222.25, 40]",216.5,104,3.0,-0.23
07:36:40,"[214.37, 19]","[213.65, 34]","[216.44, 32]","[217.79, 39]",215.4,124,2.07,-0.15
07:36:41,"[212.84, 45]","[211.65, 34]","[215.51, 47]","[219.9, 49]",214.18,175,2.67,-0.1
07:36:42,"[211.77, 137]","[210.95, 95]","[217.6, 30]","[220.81, 62]",214.68,324,5.83,0.43
07:36:43,"[212.0, 91]","[211.0, 118]","[215.69, 13]","[217.0, 39]",213.85,261,3.69,0.6
07:36:44,"[212.0, 49]","[211.0, 77]","[214.31, 13]","[217.0, 9]",213.15,148,2.31,0.7
07:36:45,"[212.0, 69]","[211.0, 121]","[215.85, 39]","[220.73, 48]",213.92,277,3.85,0.37
07:36:46,"[212.0, 60]","[211.0, 110]","[220.0, 50]","[223.0, 100]",216.0,320,8.0,0.06
07:36:47,"[211.24, 58]","[210.93, 59]","[222.22, 69]","[224.83, 63]",216.73,249,10.98,-0.06
07:36:48,"[211.0, 154]","[210.0, 14]","[218.92, 64]","[220.16, 51]",214.96,283,7.92,0.19
07:36:49,"[211.06, 48]","[210.42, 12]","[217.79, 38]","[218.71, 34]",214.43,132,6.73,-0.09
07:36:50,"[211.14, 104]","[210.5, 80]","[214.93, 76]","[217.9, 79]",213.04,339,3.79,0.09
07:36:51,"[211.0, 90]","[210.0, 70]","[212.5, 30]","[214.0, 50]",211.75,240,1.5,0.33
07:36:52,"[211.0, 60]","[210.0, 56]","[213.14, 28]","[217.38, 40]",212.07,184,2.14,0.26
07:36:53,"[211.0, 49]","[210.0, 49]","[214.0, 24]","[221.0, 35]",212.5,157,3.0,0.25
07:36:54,"[211.0, 28]","[210.0, 28]","[214.0, 8]","[221.0, 20]",212.5,84,3.0,0.33
07:36:55,"[211.0, 49]","[210.0, 49]","[214.0, 14]","[221.43, 35]",212.5,147,3.0,0.33
07:36:56,"[211.0, 40]","[210.0, 70]","[214.0, 20]","[221.62, 40]",212.5,170,3.0,0.29
07:36:57,"[211.0, 16]","[210.0, 56]","[213.25, 16]","[221.0, 24]",212.12,112,2.25,0.29
07:36:58,"[210.0, 60]","[209.0, 12]","[212.25, 24]","[220.5, 36]",211.12,132,2.25,0.09
07:36:59,"[210.0, 15]","[209.0, 5]","[220.0, 15]","[221.0, 30]",215.0,65,10.0,-0.38
07:37:00,"[209.55, 11]","[206.14, 63]","[220.0, 54]","[221.75, 40]",214.77,168,10.45,-0.12
07:37:01,"[206.24, 29]","[204.95, 76]","[220.0, 112]","[222.0, 70]",213.12,287,13.76,-0.27
07:37:02,"[205.0, 16]","[204.0, 32]","[220.0, 32]","[222.0, 20]",212.5,100,15.0,-0.04
07:37:03,"[205.0, 24]","[204.0, 48]","[220.0, 48]","[222.0, 30]",212.5,150,15.0,-0.04
07:37:04,"[205.0, 4]","[204.0, 8]","[220.0, 8]","[222.0, 5]",212.5,25,15.0,-0.04
07:37:05,"[205.0, 20]","[204.0, 40]","[220.0, 40]","[222.0, 40]",212.5,140,15.0,-0.14
07:37:06,"[204.33, 36]","[203.23, 39]","[219.89, 36]","[221.43, 56]",212.11,167,15.56,-0.1
07:37:07,"[205.81, 112]","[203.75, 128]","[217.42, 65]","[218.39, 95]",211.61,400,11.6,0.2
07:37:08,"[206.99, 86]","[203.67, 125]","[213.69, 48]","[215.0, 112]",210.34,371,6.7,0.14
07:37:09,"[207.37, 67]","[204.4, 86]","[211.17, 36]","[214.06, 68]",209.27,257,3.79,0.19
07:37:10,"[207.41, 61]","[204.54, 78]","[209.77, 22]","[212.14, 35]",208.59,196,2.36,0.42
07:37:11,"[207.0, 74]","[203.0, 120]","[209.18, 22]","[212.7, 47]",208.09,263,2.18,0.48
07:37:12,"[205.11, 76]","[200.06, 107]","[211.07, 14]","[214.0, 79]",208.09,276,5.97,0.33
07:37:13,"[203.0, 80]","[194.0, 70]","[211.95, 39]","[212.33, 51]",207.47,240,8.95,0.25
07:37:14,"[203.0, 72]","[193.59, 59]","[204.0, 33]","[206.0, 45]",203.5,209,1.0,0.25
07:37:15,"[203.0, 80]","[148.91, 22]","[204.77, 31]","[207.8, 50]",203.89,183,1.77,0.11
07:37:16,"[203.0, 72]","[135.81, 26]","[205.76, 21]","[209.0, 40]",204.38,159,2.76,0.23
07:37:17,"[203.0, 72]","[135.13, 23]","[205.0, 9]","[206.0, 36]",204.0,140,2.0,0.36
07:37:18,"[203.0, 64]","[201.0, 8]","[205.0, 8]","[206.0, 32]",204.0,112,2.0,0.29
07:37:19,"[203.05, 59]","[202.07, 15]","[205.97, 29]","[212.39, 46]",204.51,149,2.91,-0.01
07:37:20,"[203.02, 55]","[199.49, 41]","[206.0, 52]","[211.0, 13]",204.51,161,2.98,0.19
07:37:21,"[204.0, 9]","[199.0, 99]","[206.0, 36]","[211.0, 9]",205.0,153,2.0,0.41
07:37:22,"[204.31, 13]","[199.1, 100]","[206.0, 36]","[211.0, 11]",205.15,160,1.69,0.41
07:37:23,"[201.24, 51]","[200.65, 72]","[206.0, 44]","[211.0, 11]",203.62,178,4.76,0.38
07:37:24,"[204.03, 37]","[203.06, 51]","[206.0, 46]","[211.0, 13]",205.01,147,1.97,0.2
07:37:25,"[204.82, 49]","[200.18, 67]","[206.0, 18]","[211.0, 17]",205.41,151,1.18,0.54
07:37:26,"[205.0, 33]","[200.0, 44]","[209.64, 11]","[212.83, 35]",207.32,123,4.64,0.25
07:37:27,"[205.0, 27]","[198.22, 36]","[211.0, 9]","[213.0, 36]",208.0,108,6.0,0.17
07:37:28,"[211.06, 68]","[200.51, 105]","[212.92, 50]","[213.75, 32]",211.99,255,1.86,0.36
07:37:29,"[212.0, 66]","[211.0, 22]","[385.17, 36]","[477.51, 35]",298.58,159,173.17,0.11
07:37:30,"[212.0, 78]","[211.0, 26]","[223.37, 41]","[286.74, 54]",217.68,199,11.37,0.05
07:37:31,"[212.77, 53]","[211.77, 44]","[222.0, 26]","[520.25, 48]",217.39,171,9.23,0.13
07:37:32,"[215.0, 72]","[213.0, 12]","[218.96, 46]","[266.62, 26]",216.98,156,3.96,0.08
07:37:33,"[215.0, 70]","[213.0, 12]","[216.62, 37]","[218.17, 46]",215.81,165,1.62,-0.01
07:37:34,"[213.89, 18]","[212.03, 62]","[215.26, 27]","[247.33, 24]",214.57,131,1.37,0.22
07:37:35,"[212.08, 39]","[211.6, 30]","[231.96, 27]","[283.59, 22]",222.02,118,19.89,0.17
07:37:36,"[212.0, 49]","[211.0, 18]","[227.87, 15]","[279.78, 9]",219.93,91,15.87,0.47
07:37:37,"[212.0, 65]","[211.0, 26]","[235.77, 13]","[342.32, 31]",223.88,135,23.77,0.35
07:37:38,"[212.0, 55]","[211.0, 22]","[233.36, 11]","[406.15, 47]",222.68,135,21.36,0.14
07:37:39,"[212.06, 50]","[211.03, 31]","[231.77, 13]","[326.39, 62]",221.91,156,19.71,0.04
07:37:40,"[210.78, 18]","[209.17, 65]","[215.53, 43]","[251.29, 51]",213.16,177,4.76,-0.06
07:37:41,"[210.76, 34]","[207.65, 17]","[212.0, 55]","[398.59, 41]",211.38,147,1.24,-0.31
07:37:42,"[211.0, 18]","[210.0, 9]","[212.0, 43]","[422.74, 43]",211.5,113,1.0,-0.52
07:37:43,"[210.96, 23]","[207.75, 20]","[212.0, 48]","[366.25, 60]",211.48,151,1.04,-0.43
07:37:44,"[205.72, 47]","[203.66, 29]","[212.0, 36]","[427.67, 39]",208.86,151,6.28,0.01
07:37:45,"[203.0, 36]","[202.0, 81]","[211.55, 33]","[255.43, 35]",207.27,185,8.55,0.26
07:37:46,"[203.0, 48]","[202.0, 108]","[209.58, 31]","[219.83, 46]",206.29,233,6.58,0.34
07:37:47,"[206.87, 46]","[205.54, 95]","[376.44, 52]","[526.91, 33]",291.66,226,169.57,0.25
07:37:48,"[212.0, 144]","[203.0, 32]","[257.0, 40]","[614.38, 24]",234.5,240,45.0,0.47
07:37:49,"[212.0, 144]","[203.0, 32]","[598.09, 23]","[731.12, 34]",405.04,233,386.09,0.51
07:37:50,"[212.0, 216]","[203.0, 48]","[348.12, 33]","[460.52, 42]",280.06,339,136.12,0.56
07:37:51,"[212.0, 144]","[203.0, 32]","[271.25, 16]","[279.41, 34]",241.62,226,59.25,0.56
07:37:52,"[212.2, 179]","[209.64, 122]","[245.86, 29]","[271.6, 35]",229.03,365,33.67,0.65
07:37:53,"[212.02, 173]","[209.43, 88]","[217.69, 26]","[219.29, 28]",214.85,315,5.67,0.66
07:37:54,"[212.0, 120]","[209.0, 90]","[215.33, 30]","[216.67, 30]",213.67,270,3.33,0.56
07:37:55,"[212.0, 106]","[209.0, 135]","[218.09, 46]","[250.11, 36]",215.04,323,6.09,0.49
07:37:56,"[209.75, 24]","[208.69, 26]","[236.0, 8]","[248.0, 8]",222.88,66,26.25,0.52
07:37:57,"[209.0, 72]","[208.0, 32]","[215.0, 16]","[258.0, 16]",212.0,136,6.0,0.53
07:37:58,"[209.0, 126]","[208.0, 56]","[212.0, 28]","[250.0, 16]",210.5,226,3.0,0.61
07:37:59,"[210.0, 66]","[208.54, 117]","[212.0, 26]","[220.0, 13]",211.0,222,2.0,0.65
07:38:00,"[210.09, 22]","[204.33, 78]","[212.0, 14]","[220.0, 23]",211.05,137,1.91,0.46
07:38:01,"[210.73, 11]","[209.12, 41]","[212.0, 22]","[220.0, 55]",211.36,129,1.27,-0.19
07:38:02,"[206.4, 20]","[205.42, 12]","[211.07, 30]","[214.11, 19]",208.73,81,4.67,-0.21
07:38:03,"[205.5, 10]","[204.29, 7]","[210.29, 28]","[212.0, 14]",207.89,59,4.79,-0.42
07:38:04,"[207.0, 28]","[205.0, 14]","[209.07, 56]","[212.21, 28]",208.04,126,2.07,-0.33
07:38:05,"[206.6, 15]","[204.67, 9]","[208.33, 36]","[213.0, 18]",207.47,78,1.73,-0.38
07:38:06,"[205.49, 45]","[202.57, 54]","[207.6, 57]","[211.33, 39]",206.54,195,2.11,0.02
07:38:07,"[202.33, 140]","[201.9, 142]","[213.93, 28]","[217.06, 64]",208.13,374,11.6,0.51
07:38:08,"[212.0, 12]","[202.0, 246]","[214.0, 24]","[217.14, 42]",213.0,324,2.0,0.59
07:38:09,"[212.0, 10]","[202.0, 210]","[213.57, 14]","[214.88, 16]",212.79,250,1.57,0.76
07:38:10,"[212.0, 10]","[202.57, 196]","[213.0, 10]","[214.8, 20]",212.5,236,1.0,0.75
07:38:11,"[202.74, 68]","[201.94, 108]","[213.1, 10]","[215.54, 13]",207.92,199,10.36,0.77
07:38:12,"[202.0, 210]","[200.0, 10]","[213.42, 12]","[218.0, 10]",207.71,242,11.42,0.82
07:38:13,"[202.0, 252]","[200.0, 12]","[211.1, 30]","[215.95, 22]",206.55,316,9.1,0.67
07:38:14,"[202.0, 189]","[200.0, 9]","[206.0, 18]","[213.52, 23]",204.0,239,4.0,0.66
07:38:15,"[202.0, 84]","[200.0, 4]","[206.0, 6]","[213.0, 12]",204.0,106,4.0,0.66
07:38:16,"[202.0, 273]","[158.47, 86]","[206.0, 25]","[213.0, 39]",204.0,423,4.0,0.7
07:38:17,"[202.0, 231]","[200.0, 22]","[205.88, 33]","[210.78, 27]",203.94,313,3.88,0.62
07:38:18,"[202.0, 252]","[200.0, 24]","[204.53, 34]","[207.24, 34]",203.26,344,2.53,0.6
07:38:19,"[202.16, 100]","[201.83, 92]","[205.29, 14]","[206.83, 18]",203.72,224,3.13,0.71
07:38:20,"[202.0, 210]","[200.0, 20]","[206.0, 30]","[211.0, 10]",204.0,270,4.0,0.7
07:38:21,"[202.0, 104]","[200.0, 28]","[206.22, 37]","[210.18, 28]",204.11,197,4.22,0.34
07:38:22,"[202.6, 20]","[201.5, 16]","[212.0, 15]","[214.0, 40]",207.3,91,9.4,-0.21
07:38:23,"[203.0, 24]","[201.88, 16]","[212.6, 20]","[399.31, 26]",207.8,86,9.6,-0.07
07:38:24,"[203.58, 36]","[201.0, 24]","[220.47, 30]","[458.88, 24]",212.03,114,16.88,0.05
07:38:25,"[209.68, 57]","[206.37, 38]","[238.56, 9]","[435.6, 15]",224.12,119,28.87,0.6
07:38:26,"[216.0, 9]","[210.27, 37]","[233.0, 9]","[277.0, 27]",224.5,82,17.0,0.12
07:38:27,"[216.0, 11]","[211.0, 55]","[235.67, 15]","[314.24, 37]",225.83,118,19.67,0.12
07:38:28,"[216.0, 4]","[211.0, 20]","[249.0, 4]","[276.62, 8]",232.5,36,33.0,0.33
07:38:29,"[216.0, 7]","[211.0, 35]","[249.0, 7]","[548.14, 7]",232.5,56,33.0,0.5
07:38:30,"[211.75, 16]","[210.36, 44]","[369.38, 8]","[576.25, 8]",290.56,76,157.62,0.58
07:38:31,"[212.0, 21]","[211.0, 45]","[340.71, 35]","[449.4, 15]",276.36,116,128.71,0.14
07:38:32,"[212.0, 24]","[211.0, 18]","[272.5, 18]","[413.22, 18]",242.25,78,60.5,0.08
07:38:33,"[212.0, 36]","[211.0, 27]","[263.4, 10]","[409.0, 9]",237.7,82,51.4,0.54
07:38:34,"[212.0, 32]","[211.0, 30]","[265.0, 14]","[301.0, 10]",238.5,86,53.0,0.44
07:38:35,"[212.0, 22]","[211.0, 21]","[249.57, 7]","[485.74, 19]",230.79,69,37.57,0.25
07:38:36,"[212.0, 24]","[211.0, 18]","[516.83, 18]","[565.83, 18]",364.42,78,304.83,0.08
07:38:37,"[212.0, 52]","[211.0, 39]","[290.77, 13]","[442.71, 17]",251.38,121,78.77,0.5
07:38:38,"[212.0, 15]","[211.0, 27]","[432.84, 19]","[553.05, 21]",322.42,82,220.84,0.02
07:38:39,"[212.0, 11]","[211.0, 33]","[371.39, 33]","[385.69, 49]",291.7,126,159.39,-0.3
07:38:40,"[210.13, 39]","[209.5, 34]","[331.41, 17]","[332.91, 23]",270.77,113,121.28,0.29
07:38:41,"[209.78, 54]","[206.71, 42]","[263.91, 43]","[319.97, 33]",236.84,172,54.13,0.12
07:38:42,"[208.0, 24]","[205.0, 90]","[210.0, 27]","[219.13, 45]",209.0,186,2.0,0.23
07:38:43,"[205.23, 78]","[203.8, 60]","[208.54, 52]","[209.74, 62]",206.88,252,3.31,0.1
07:38:44,"[205.0, 38]","[202.0, 20]","[206.0, 10]","[208.0, 50]",205.5,118,1.0,-0.02
07:38:45,"[205.0, 14]","[202.0, 14]","[206.0, 7]","[208.0, 35]",205.5,70,1.0,-0.2
07:38:46,"[205.0, 16]","[202.0, 16]","[206.0, 8]","[208.0, 40]",205.5,80,1.0,-0.2
07:38:47,"[205.0, 10]","[202.0, 10]","[206.0, 5]","[208.0, 25]",205.5,50,1.0,-0.2
07:38:48,"[205.64, 28]","[203.12, 16]","[212.97, 31]","[212.0, 20]",209.31,95,7.32,-0.07
07:38:49,"[206.09, 44]","[205.3, 20]","[210.0, 32]","[214.0, 40]",208.05,136,3.91,-0.06
07:38:50,"[208.79, 39]","[206.67, 36]","[210.0, 33]","[214.5, 50]",209.4,158,1.21,-0.05
07:38:51,"[206.48, 46]","[198.09, 34]","[209.71, 34]","[213.85, 52]",208.09,166,3.23,-0.04
07:38:52,"[206.06, 51]","[158.76, 29]","[209.0, 11]","[210.91, 33]",207.53,124,2.94,0.29
07:38:53,"[205.0, 72]","[114.83, 12]","[211.17, 24]","[213.46, 48]",208.08,156,6.17,0.08
07:38:54,"[207.57, 84]","[202.63, 38]","[211.5, 24]","[213.0, 40]",209.54,186,3.93,0.31
07:38:55,"[208.0, 96]","[205.0, 48]","[211.0, 16]","[213.0, 40]",209.5,200,3.0,0.44
07:38:56,"[208.0, 132]","[205.55, 66]","[211.0, 22]","[213.0, 55]",209.5,275,3.0,0.44
07:38:57,"[208.31, 52]","[207.45, 66]","[211.0, 14]","[213.0, 35]",209.65,167,2.69,0.41
07:38:58,"[209.12, 50]","[208.06, 134]","[211.62, 32]","[213.21, 57]",210.37,273,2.5,0.35
07:38:59,"[210.0, 22]","[208.9, 31]","[211.9, 50]","[213.47, 38]",210.95,141,1.9,-0.25
07:39:00,"[204.03, 62]","[200.55, 132]","[214.25, 51]","[219.14, 14]",209.14,259,10.22,0.5
07:39:01,"[203.1, 60]","[200.43, 126]","[205.0, 28]","[215.0, 36]",204.05,250,1.9,0.49
07:39:02,"[203.0, 60]","[197.6, 120]","[210.14, 14]","[214.55, 22]",206.57,216,7.14,0.67
07:39:03,"[203.74, 47]","[200.82, 66]","[214.0, 18]","[217.0, 9]",208.87,140,10.26,0.61
07:39:04,"[205.98, 52]","[203.61, 69]","[214.0, 24]","[217.0, 12]",209.99,157,8.02,0.54
07:39:05,"[208.11, 44]","[207.29, 56]","[214.42, 24]","[216.33, 15]",211.27,139,6.3,0.44
07:39:06,"[208.79, 39]","[207.58, 48]","[216.0, 22]","[253.62, 26]",212.4,135,7.21,0.29
07:39:07,"[209.27, 55]","[205.76, 50]","[216.0, 22]","[255.0, 44]",212.64,171,6.73,0.23
07:39:08,"[210.0, 45]","[206.0, 108]","[216.0, 18]","[255.0, 36]",213.0,207,6.0,0.48
07:39:09,"[210.83, 60]","[206.42, 144]","[215.06, 16]","[239.52, 31]",212.95,251,4.23,0.63
07:39:10,"[211.0, 49]","[207.0, 120]","[295.5, 12]","[391.71, 28]",253.25,209,84.5,0.62
07:39:11,"[210.44, 50]","[207.4, 120]","[217.82, 65]","[260.95, 61]",214.13,296,7.38,0.15
07:39:12,"[207.23, 88]","[206.18, 102]","[214.58, 48]","[217.0, 60]",210.91,298,7.36,0.28
07:39:13,"[207.0, 110]","[205.0, 66]","[209.0, 54]","[214.0, 44]",208.0,274,2.0,0.28
07:39:14,"[206.88, 165]","[201.95, 80]","[209.0, 68]","[214.0, 68]",207.94,381,2.12,0.29
07:39:15,"[205.36, 61]","[148.86, 43]","[210.26, 81]","[214.89, 56]",207.81,241,4.9,-0.14
07:39:16,"[207.0, 72]","[201.0, 72]","[214.11, 45]","[215.21, 84]",210.56,273,7.11,0.05
07:39:17,"[207.82, 34]","[203.76, 66]","[213.96, 46]","[215.62, 58]",210.89,204,6.13,-0.02
07:39:18,"[208.8, 30]","[203.14, 56]","[215.0, 55]","[217.0, 33]",211.9,174,6.2,-0.01
07:39:19,"[208.81, 59]","[202.67, 66]","[216.76, 41]","[218.9, 63]",212.78,229,7.94,0.09
07:39:20,"[216.0, 50]","[205.0, 40]","[217.0, 30]","[219.0, 50]",216.5,170,1.0,0.06
07:39:21,"[216.0, 34]","[205.0, 24]","[217.0, 10]","[219.0, 30]",216.5,98,1.0,0.18
07:39:22,"[216.0, 53]","[205.0, 48]","[217.0, 12]","[219.0, 60]",216.5,173,1.0,0.17
07:39:23,"[216.0, 44]","[205.0, 44]","[217.0, 11]","[219.0, 55]",216.5,154,1.0,0.14
07:39:24,"[216.0, 48]","[211.0, 72]","[217.0, 12]","[219.0, 60]",216.5,192,1.0,0.25
07:39:25,"[216.0, 25]","[211.0, 42]","[217.0, 7]","[219.0, 35]",216.5,109,1.0,0.23
07:39:26,"[212.67, 27]","[208.6, 30]","[217.0, 6]","[219.0, 30]",214.83,93,4.33,0.23
07:39:27,"[211.0, 54]","[205.0, 36]","[217.0, 9]","[219.0, 45]",214.0,144,6.0,0.25
07:39:28,"[211.0, 32]","[205.0, 28]","[217.0, 7]","[219.0, 35]",214.0,102,6.0,0.18
07:39:29,"[209.15, 13]","[205.0, 34]","[217.0, 10]","[219.0, 50]",213.08,107,7.85,-0.12
07:39:30,"[205.0, 44]","[203.0, 44]","[215.12, 17]","[216.31, 49]",210.06,154,10.12,0.14
07:39:31,"[205.0, 24]","[203.0, 24]","[213.44, 9]","[214.05, 21]",209.22,78,8.44,0.23
07:39:32,"[205.0, 40]","[203.0, 40]","[212.5, 16]","[213.94, 34]",208.75,130,7.5,0.23
07:39:33,"[205.69, 26]","[203.36, 44]","[211.43, 28]","[212.09, 35]",208.56,133,5.74,0.05
07:39:34,"[205.35, 34]","[202.43, 56]","[210.18, 34]","[213.45, 62]",207.76,186,4.82,-0.03
07:39:35,"[200.67, 42]","[199.63, 54]","[212.0, 36]","[217.0, 54]",206.33,186,11.33,0.03
07:39:36,"[200.0, 49]","[198.04, 25]","[212.0, 28]","[217.0, 42]",206.0,144,12.0,0.03
07:39:37,"[201.27, 41]","[200.5, 38]","[206.44, 55]","[211.88, 50]",203.85,184,5.17,-0.14
07:39:38,"[204.0, 28]","[202.85, 27]","[206.0, 52]","[209.0, 42]",205.0,149,2.0,-0.26
07:39:39,"[198.63, 54]","[197.31, 52]","[205.46, 26]","[208.0, 34]",202.05,166,6.83,0.28
07:39:40,"[196.37, 76]","[195.4, 10]","[204.0, 20]","[205.0, 20]",200.18,126,7.63,0.37
07:39:41,"[196.0, 119]","[195.0, 15]","[203.06, 34]","[204.2, 30]",199.53,198,7.06,0.35
07:39:42,"[196.38, 34]","[195.64, 98]","[203.0, 32]","[204.0, 32]",199.69,196,6.62,0.35
07:39:43,"[197.0, 8]","[195.0, 64]","[201.5, 8]","[204.0, 16]",199.25,96,4.5,0.5
07:39:44,"[197.38, 16]","[195.14, 86]","[203.26, 27]","[204.81, 53]",200.32,182,5.88,0.12
07:39:45,"[198.0, 6]","[197.0, 6]","[204.0, 12]","[205.0, 18]",201.0,42,6.0,-0.43
07:39:46,"[198.67, 6]","[197.0, 6]","[204.0, 12]","[205.0, 18]",201.33,42,5.33,-0.43
07:39:47,"[199.0, 5]","[197.0, 5]","[204.0, 10]","[205.0, 15]",201.5,35,5.0,-0.43
07:39:48,"[201.0, 12]","[195.42, 33]","[204.0, 21]","[205.0, 36]",202.5,102,3.0,-0.12
07:39:49,"[202.78, 36]","[194.59, 54]","[206.93, 75]","[208.64, 61]",204.86,226,4.16,-0.2
07:39:50,"[203.0, 77]","[202.0, 11]","[206.84, 32]","[237.06, 48]",204.92,168,3.84,0.05
07:39:51,"[204.85, 122]","[202.0, 18]","[208.0, 18]","[210.0, 54]",206.43,212,3.15,0.32
07:39:52,"[206.28, 25]","[197.29, 31]","[208.0, 13]","[210.0, 39]",207.14,108,1.72,0.04
07:39:53,"[207.0, 12]","[195.13, 46]","[208.0, 12]","[210.0, 36]",207.5,106,1.0,0.09
07:39:54,"[196.0, 21]","[195.0, 28]","[210.0, 21]","[381.0, 11]",203.0,81,14.0,0.21
07:39:55,"[196.0, 12]","[195.0, 16]","[210.0, 12]","[230.0, 8]",203.0,48,14.0,0.17
07:39:56,"[209.69, 39]","[195.64, 22]","[304.04, 23]","[434.26, 19]",256.87,103,94.35,0.18
07:39:57,"[210.38, 64]","[196.81, 48]","[373.95, 76]","[378.53, 68]",292.16,256,163.57,-0.12
07:39:58,"[204.33, 24]","[203.0, 36]","[248.5, 60]","[356.15, 40]",226.42,160,44.17,-0.25
07:39:59,"[205.07, 28]","[203.25, 24]","[207.0, 34]","[208.0, 40]",206.04,126,1.93,-0.17
07:40:00,"[206.0, 22]","[204.36, 33]","[207.0, 33]","[208.0, 55]",206.5,143,1.0,-0.23
07:40:01,"[206.0, 20]","[204.0, 30]","[207.8, 30]","[235.75, 32]",206.9,112,1.8,-0.11
07:40:02,"[206.0, 18]","[204.0, 27]","[208.0, 15]","[284.47, 17]",207.0,77,2.0,0.17
07:40:03,"[205.5, 24]","[203.64, 33]","[208.0, 18]","[407.0, 40]",206.75,115,2.5,-0.01
07:40:04,"[204.8, 45]","[203.8, 45]","[313.81, 37]","[427.65, 40]",259.31,167,109.01,0.08
07:40:05,"[206.93, 42]","[202.44, 48]","[210.0, 52]","[431.82, 34]",208.46,176,3.07,0.02
07:40:06,"[204.91, 23]","[148.09, 44]","[309.0, 14]","[689.71, 7]",256.96,88,104.09,0.52
07:40:07,"[214.3, 20]","[198.91, 33]","[345.81, 21]","[549.36, 14]",280.05,88,131.51,0.2
07:40:08,"[199.0, 16]","[198.0, 24]","[324.5, 20]","[724.43, 14]",261.75,74,125.5,0.08
07:40:09,"[199.0, 24]","[198.0, 24]","[419.4, 20]","[737.35, 20]",309.2,88,220.4,0.09
07:40:10,"[209.0, 30]","[204.44, 18]","[496.79, 29]","[682.72, 18]",352.9,95,287.79,0.01
07:40:11,"[217.0, 42]","[215.0, 14]","[275.0, 35]","[492.75, 16]",246.0,107,58.0,0.05
07:40:12,"[216.67, 48]","[212.5, 28]","[271.19, 32]","[279.76, 38]",243.93,146,54.52,0.04
07:40:13,"[215.0, 16]","[210.0, 24]","[269.12, 32]","[275.73, 33]",242.06,105,54.12,-0.24
07:40:14,"[211.23, 26]","[209.67, 18]","[260.1, 40]","[262.3, 40]",235.67,124,48.87,-0.29
07:40:15,"[208.79, 14]","[205.12, 42]","[211.0, 12]","[266.65, 55]",209.89,123,2.21,-0.09
07:40:16,"[209.77, 13]","[205.07, 14]","[211.0, 12]","[377.38, 32]",210.38,71,1.23,-0.24
07:40:17,"[208.0, 9]","[199.29, 21]","[211.0, 9]","[261.48, 33]",209.5,72,3.0,-0.17
07:40:18,"[207.4, 10]","[199.45, 20]","[211.0, 8]","[332.0, 40]",209.2,78,3.6,-0.23
07:40:19,"[207.57, 23]","[202.25, 24]","[209.97, 36]","[263.09, 32]",208.77,115,2.41,-0.18
07:40:20,"[206.0, 8]","[200.0, 24]","[209.2, 25]","[211.0, 10]",207.6,67,3.2,-0.04
07:40:21,"[206.0, 13]","[194.22, 36]","[208.0, 52]","[209.0, 39]",207.0,140,2.0,-0.3
07:40:22,"[177.0, 18]","[161.0, 18]","[206.68, 28]","[207.47, 32]",191.84,96,29.68,-0.25
07:40:23,"[181.38, 13]","[161.7, 20]","[203.76, 45]","[204.41, 27]",192.57,105,22.37,-0.37
07:40:24,"[198.0, 17]","[151.0, 34]","[203.19, 57]","[203.58, 62]",200.6,170,5.19,-0.4
07:40:25,"[198.0, 11]","[131.91, 22]","[202.0, 22]","[204.0, 33]",200.0,88,4.0,-0.25
07:40:26,"[198.0, 7]","[161.0, 14]","[202.0, 20]","[204.14, 14]",200.0,55,4.0,-0.24
07:40:27,"[198.0, 9]","[135.5, 20]","[203.91, 11]","[206.55, 11]",200.95,51,5.91,0.14
07:40:28,"[198.0, 6]","[76.0, 18]","[205.0, 6]","[208.0, 6]",201.5,36,7.0,0.33
07:40:29,"[198.0, 5]","[123.43, 14]","[205.0, 5]","[208.0, 5]",201.5,29,7.0,0.31
07:40:30,"[198.0, 3]","[102.0, 6]","[205.0, 3]","[208.0, 3]",201.5,15,7.0,0.2
07:40:31,"[198.0, 11]","[89.14, 21]","[205.18, 11]","[206.22, 27]",201.59,70,7.18,-0.09
07:40:32,"[198.0, 6]","[173.53, 19]","[206.0, 6]","[208.0, 6]",202.0,37,8.0,0.35
07:40:33,"[199.2, 15]","[193.83, 29]","[219.7, 30]","[253.59, 41]",209.45,115,20.5,-0.23
07:40:34,"[209.8, 50]","[199.78, 9]","[345.0, 16]","[552.38, 40]",277.4,115,135.2,0.03
07:40:35,"[210.23, 26]","[205.0, 8]","[328.64, 22]","[436.54, 13]",269.43,69,118.41,-0.01
07:40:36,"[211.0, 60]","[210.0, 40]","[367.24, 29]","[533.9, 50]",289.12,179,156.24,0.12
07:40:37,"[211.04, 51]","[210.0, 44]","[515.75, 40]","[568.19, 37]",363.39,172,304.71,0.1
07:40:38,"[210.93, 15]","[209.5, 32]","[311.44, 43]","[427.1, 21]",261.19,111,100.51,-0.15
07:40:39,"[210.04, 25]","[207.0, 16]","[334.81, 31]","[386.55, 22]",272.42,94,124.77,-0.13
07:40:40,"[210.15, 13]","[208.8, 30]","[309.0, 27]","[341.0, 45]",259.58,115,98.85,-0.25
07:40:41,"[206.0, 9]","[200.0, 18]","[460.84, 25]","[638.97, 32]",333.42,84,254.84,-0.36
07:40:42,"[206.98, 43]","[204.67, 9]","[417.45, 11]","[285.33, 18]",312.22,81,210.48,0.28
07:40:43,"[207.0, 36]","[206.0, 6]","[208.0, 6]","[276.82, 22]",207.5,70,1.0,0.2
07:40:44,"[211.55, 22]","[208.71, 62]","[252.67, 39]","[294.5, 32]",232.11,155,41.12,0.08
07:40:45,"[212.5, 18]","[211.25, 20]","[228.05, 38]","[241.55, 22]",220.28,98,15.55,-0.22
07:40:46,"[207.0, 18]","[206.0, 9]","[213.0, 34]","[276.09, 22]",210.0,83,6.0,-0.35
07:40:47,"[207.52, 21]","[206.44, 18]","[212.0, 44]","[318.9, 40]",209.76,123,4.48,-0.37
07:40:48,"[205.0, 12]","[204.0, 24]","[211.08, 48]","[245.87, 46]",208.04,130,6.08,-0.45
07:40:49,"[205.0, 9]","[204.0, 18]","[209.22, 36]","[213.0, 36]",207.11,99,4.22,-0.45
07:40:50,"[206.18, 34]","[202.68, 19]","[208.78, 46]","[213.06, 49]",207.48,148,2.61,-0.28
07:40:51,"[202.5, 20]","[184.4, 25]","[206.87, 45]","[207.47, 19]",204.68,109,4.37,-0.17
07:40:52,"[200.0, 30]","[111.52, 21]","[203.56, 27]","[205.6, 15]",201.78,93,3.56,0.1
07:40:53,"[198.93, 14]","[136.27, 11]","[213.0, 27]","[253.0, 16]",205.96,68,14.07,-0.26
07:40:54,"[168.33, 15]","[62.1, 10]","[213.0, 14]","[248.5, 16]",190.67,55,44.67,-0.09
07:40:55,"[212.0, 12]","[198.17, 6]","[213.0, 6]","[302.14, 14]",212.5,38,1.0,-0.05
07:40:56,"[212.56, 25]","[206.0, 13]","[324.06, 32]","[415.06, 34]",268.31,104,111.5,-0.27
07:40:57,"[213.0, 56]","[212.0, 8]","[356.57, 28]","[458.2, 20]",284.79,112,143.57,0.14
07:40:58,"[213.0, 44]","[212.0, 7]","[311.4, 20]","[346.9, 20]",262.2,91,98.4,0.12
07:40:59,"[213.0, 24]","[212.0, 12]","[310.5, 48]","[348.67, 24]",261.75,108,97.5,-0.33
07:41:00,"[213.0, 20]","[212.0, 10]","[310.0, 40]","[356.0, 20]",261.5,90,97.0,-0.33
07:41:01,"[213.0, 18]","[212.0, 9]","[309.23, 26]","[322.36, 28]",261.12,81,96.23,-0.33
07:41:02,"[214.07, 30]","[212.53, 15]","[292.89, 36]","[381.37, 38]",253.48,119,78.82,-0.24
07:41:03,"[215.0, 44]","[212.71, 17]","[259.0, 44]","[260.0, 22]",237.0,127,44.0,-0.04
07:41:04,"[215.73, 44]","[213.22, 65]","[259.0, 36]","[285.4, 20]",237.36,165,43.27,0.32
07:41:05,"[213.0, 88]","[212.0, 141]","[258.38, 32]","[401.92, 26]",235.69,287,45.38,0.6
07:41:06,"[216.43, 77]","[212.83, 119]","[257.4, 40]","[320.0, 40]",236.91,276,40.97,0.42
07:41:07,"[217.0, 45]","[213.0, 99]","[247.76, 21]","[358.56, 36]",232.38,201,30.76,0.43
07:41:08,"[217.0, 44]","[213.0, 234]","[218.11, 45]","[427.0, 29]",217.56,352,1.11,0.58
07:41:09,"[213.0, 231]","[212.0, 260]","[412.09, 33]","[502.0, 21]",312.55,545,199.09,0.8
07:41:10,"[213.06, 204]","[212.06, 277]","[333.73, 44]","[345.85, 41]",273.39,566,120.67,0.7
07:41:11,"[213.0, 55]","[212.0, 100]","[264.0, 15]","[265.0, 20]",238.5,190,51.0,0.63
07:41:12,"[213.0, 110]","[212.0, 200]","[234.55, 33]","[262.72, 25]",223.77,368,21.55,0.68
07:41:13,"[213.0, 99]","[212.0, 177]","[222.38, 32]","[223.52, 31]",217.69,339,9.38,0.63
07:41:14,"[213.0, 143]","[212.0, 260]","[218.86, 44]","[220.07, 41]",215.93,488,5.86,0.65
07:41:15,"[213.0, 147]","[212.0, 340]","[216.55, 64]","[229.64, 59]",214.77,610,3.55,0.6
07:41:16,"[213.0, 18]","[212.0, 180]","[251.93, 15]","[294.22, 23]",232.47,236,38.93,0.68
07:41:17,"[213.0, 12]","[212.0, 120]","[351.67, 9]","[417.5, 12]",282.33,153,138.67,0.73
07:41:18,"[213.0, 16]","[212.0, 160]","[371.43, 14]","[407.08, 13]",292.21,203,158.43,0.73
07:41:19,"[213.0, 18]","[212.0, 180]","[412.86, 14]","[539.43, 21]",312.93,233,199.86,0.7
07:41:20,"[213.0, 9]","[212.0, 100]","[360.5, 16]","[568.79, 19]",286.75,144,147.5,0.51
07:41:21,"[215.14, 21]","[212.02, 123]","[262.76, 42]","[340.54, 24]",238.95,210,47.62,0.37
07:41:22,"[214.18, 97]","[212.73, 131]","[252.59, 41]","[255.38, 34]",233.38,303,38.41,0.5
07:41:23,"[213.0, 90]","[212.0, 126]","[238.5, 18]","[250.29, 14]",225.75,248,25.5,0.74
07:41:24,"[213.0, 131]","[212.0, 189]","[237.0, 27]","[295.08, 24]",225.0,371,24.0,0.73
07:41:25,"[213.0, 143]","[212.0, 231]","[236.0, 33]","[334.89, 46]",224.5,453,23.0,0.65
07:41:26,"[213.0, 91]","[212.0, 147]","[236.0, 21]","[571.2, 10]",224.5,269,23.0,0.77
07:41:27,"[213.53, 79]","[212.46, 196]","[234.08, 36]","[438.11, 36]",223.81,347,20.55,0.59
07:41:28,"[213.0, 105]","[212.0, 210]","[232.4, 30]","[407.0, 30]",222.7,375,19.4,0.68
07:41:29,"[213.0, 64]","[212.0, 168]","[231.38, 24]","[515.23, 26]",222.19,282,18.38,0.65
07:41:30,"[213.0, 72]","[212.0, 189]","[230.78, 27]","[441.4, 20]",221.89,308,17.78,0.69
07:41:31,"[213.0, 56]","[212.0, 210]","[230.0, 30]","[328.78, 36]",221.5,332,17.0,0.6
07:41:32,"[213.33, 36]","[212.04, 153]","[228.89, 27]","[318.0, 36]",221.11,252,15.56,0.5
07:41:33,"[214.0, 36]","[213.0, 18]","[228.0, 18]","[318.0, 24]",221.0,96,14.0,0.12
07:41:34,"[214.0, 60]","[213.0, 30]","[225.7, 30]","[249.38, 32]",219.85,152,11.7,0.18
07:41:35,"[214.0, 62]","[213.0, 42]","[222.03, 40]","[255.91, 46]",218.01,190,8.03,0.09
07:41:36,"[214.0, 40]","[213.0, 43]","[218.85, 26]","[220.43, 14]",216.42,123,4.85,0.35
07:41:37,"[213.3, 82]","[212.65, 37]","[216.36, 33]","[217.33, 43]",214.83,195,3.06,0.22
07:41:38,"[213.0, 127]","[212.0, 13]","[214.0, 42]","[215.0, 39]",213.5,221,1.0,0.27
07:41:39,"[213.0, 34]","[212.0, 9]","[214.07, 29]","[220.62, 26]",213.53,98,1.07,-0.12
07:41:40,"[212.71, 17]","[211.14, 29]","[214.09, 22]","[286.18, 22]",213.4,90,1.39,0.02
07:41:41,"[211.0, 17]","[208.0, 25]","[375.5, 16]","[434.0, 6]",293.25,64,164.5,0.31
07:41:42,"[212.71, 7]","[208.63, 19]","[467.43, 14]","[757.43, 14]",340.07,54,254.71,-0.04
07:41:43,"[214.0, 10]","[211.0, 10]","[461.08, 13]","[612.56, 18]",337.54,51,247.08,-0.22
07:41:44,"[215.0, 12]","[213.17, 12]","[269.33, 18]","[298.0, 30]",242.17,72,54.33,-0.33
07:41:45,"[214.0, 7]","[213.0, 7]","[267.14, 7]","[400.86, 21]",240.57,42,53.14,-0.33
07:41:46,"[213.63, 19]","[211.92, 13]","[216.0, 15]","[267.0, 13]",214.82,60,2.37,0.07
07:41:47,"[212.29, 14]","[208.79, 34]","[215.29, 14]","[370.62, 24]",213.79,86,3.0,0.12
07:41:48,"[208.25, 48]","[206.73, 55]","[216.73, 11]","[384.75, 24]",212.49,138,8.48,0.49
07:41:49,"[208.0, 19]","[184.17, 23]","[217.0, 7]","[368.0, 14]",212.5,63,9.0,0.33
07:41:50,"[185.56, 16]","[186.95, 64]","[215.12, 16]","[217.25, 8]",200.34,104,29.56,0.54
07:41:51,"[199.12, 49]","[180.47, 51]","[207.55, 11]","[212.5, 16]",203.33,127,8.42,0.57
07:41:52,"[206.12, 85]","[205.52, 257]","[209.0, 58]","[219.0, 13]",207.56,413,2.88,0.66
07:41:53,"[205.88, 40]","[204.55, 384]","[209.0, 88]","[219.0, 16]",207.44,528,3.12,0.61
07:41:54,"[205.0, 212]","[186.0, 72]","[209.0, 32]","[217.44, 9]",207.0,325,4.0,0.75
07:41:55,"[202.46, 118]","[197.65, 161]","[209.0, 36]","[212.0, 18]",205.73,333,6.54,0.68
07:41:56,"[201.0, 275]","[167.03, 74]","[209.0, 36]","[212.0, 22]",205.0,407,8.0,0.71
07:41:57,"[201.0, 250]","[158.15, 75]","[207.16, 38]","[207.87, 39]",204.08,402,6.16,0.62
07:41:58,"[202.0, 12]","[198.5, 300]","[204.67, 39]","[206.41, 51]",203.33,402,2.67,0.55
07:41:59,"[202.86, 7]","[198.0, 175]","[206.0, 14]","[207.0, 49]",204.43,245,3.14,0.49
07:42:00,"[198.47, 64]","[191.58, 135]","[206.0, 14]","[207.0, 24]",202.23,237,7.53,0.68
07:42:01,"[200.22, 36]","[196.44, 225]","[206.62, 16]","[207.65, 23]",203.42,300,6.4,0.74
07:42:02,"[201.44, 36]","[195.0, 225]","[206.78, 18]","[207.84, 25]",204.11,304,5.33,0.72
07:42:03,"[203.94, 136]","[198.05, 143]","[206.14, 29]","[207.6, 30]",205.04,338,2.2,0.65
07:42:04,"[195.18, 336]","[180.15, 95]","[208.69, 35]","[210.69, 35]",201.93,501,13.51,0.72
07:42:05,"[194.07, 177]","[192.51, 57]","[250.91, 23]","[281.59, 17]",222.49,274,56.85,0.71
07:42:06,"[200.8, 5]","[194.34, 53]","[311.0, 15]","[403.0, 5]",255.9,78,110.2,0.49
07:42:07,"[202.41, 51]","[194.52, 81]","[258.31, 29]","[353.26, 19]",230.36,180,55.9,0.47
07:42:08,"[203.03, 58]","[195.39, 119]","[209.43, 28]","[218.21, 38]",206.23,243,6.39,0.46
07:42:09,"[203.0, 64]","[194.25, 200]","[209.0, 40]","[216.88, 32]",206.0,336,6.0,0.57
07:42:10,"[204.39, 74]","[197.92, 148]","[209.0, 18]","[217.0, 36]",206.7,276,4.61,0.61
07:42:11,"[206.0, 14]","[201.18, 161]","[209.0, 28]","[215.71, 56]",207.5,259,3.0,0.35
07:42:12,"[201.69, 39]","[193.52, 81]","[208.44, 18]","[210.23, 26]",205.07,164,6.75,0.46
07:42:13,"[203.0, 54]","[193.14, 153]","[208.0, 18]","[209.0, 18]",205.5,243,5.0,0.7
07:42:14,"[203.85, 39]","[194.59, 152]","[209.0, 8]","[211.0, 32]",206.42,231,5.15,0.65
07:42:15,"[204.9, 30]","[196.0, 184]","[209.0, 10]","[211.0, 40]",206.95,264,4.1,0.62
07:42:16,"[201.4, 30]","[195.48, 97]","[207.0, 35]","[209.0, 7]",204.2,169,5.6,0.5
07:42:17,"[196.52, 29]","[194.15, 162]","[207.0, 35]","[209.0, 7]",201.76,233,10.48,0.64
07:42:18,"[194.0, 75]","[150.0, 27]","[208.43, 14]","[212.33, 6]",201.21,122,14.43,0.67
07:42:19,"[191.72, 167]","[141.49, 79]","[210.07, 69]","[212.0, 40]",200.9,355,18.35,0.39
07:42:20,"[197.43, 21]","[146.26, 57]","[231.96, 69]","[256.11, 27]",214.69,174,34.53,-0.1
07:42:21,"[196.16, 32]","[194.38, 26]","[339.38, 13]","[699.71, 21]",267.77,92,143.23,0.26
07:42:22,"[208.25, 40]","[199.86, 44]","[575.45, 11]","[674.67, 15]",391.85,110,367.2,0.53
07:42:23,"[213.0, 8]","[203.77, 39]","[602.12, 16]","[607.25, 20]",407.56,83,389.12,0.13
07:42:24,"[213.0, 13]","[207.3, 94]","[384.92, 37]","[416.09, 33]",298.96,177,171.92,0.21
07:42:25,"[205.77, 26]","[195.36, 22]","[234.3, 10]","[376.29, 14]",220.03,72,28.53,0.33
07:42:26,"[207.24, 34]","[200.68, 38]","[232.21, 38]","[366.04, 46]",219.72,156,24.98,-0.08
07:42:27,"[202.56, 39]","[198.11, 36]","[229.54, 37]","[231.82, 17]",216.05,129,26.98,0.16
07:42:28,"[202.5, 48]","[192.92, 50]","[229.77, 26]","[231.24, 34]",216.13,158,27.27,0.24
07:42:29,"[208.0, 32]","[171.27, 44]","[229.06, 32]","[230.62, 16]",218.53,124,21.06,0.23
07:42:30,"[215.16, 38]","[204.83, 48]","[228.58, 43]","[229.14, 35]",221.87,164,13.42,0.05
07:42:31,"[216.0, 26]","[208.0, 85]","[226.27, 33]","[227.69, 45]",221.14,189,10.27,0.17
07:42:32,"[216.35, 34]","[208.75, 85]","[221.67, 45]","[222.71, 21]",219.01,185,5.31,0.29
07:42:33,"[217.0, 24]","[216.0, 16]","[218.94, 16]","[219.12, 32]",217.97,88,1.94,-0.09
07:42:34,"[215.57, 21]","[210.62, 48]","[217.42, 12]","[219.35, 40]",216.49,121,1.85,0.14
07:42:35,"[208.75, 56]","[181.04, 79]","[216.08, 24]","[219.25, 24]",212.42,183,7.33,0.48
07:42:36,"[208.0, 47]","[172.32, 65]","[213.64, 22]","[214.82, 38]",210.82,172,5.64,0.3
07:42:37,"[208.0, 45]","[124.2, 20]","[210.61, 28]","[211.46, 48]",209.3,141,2.61,-0.08
07:42:38,"[197.21, 39]","[192.35, 43]","[210.64, 56]","[212.7, 47]",203.92,185,13.44,-0.11
07:42:39,"[98.29, 73]","[88.03, 33]","[209.52, 27]","[210.43, 42]",153.9,175,111.23,0.21
07:42:40,"[196.0, 14]","[152.8, 60]","[206.16, 31]","[208.46, 41]",201.08,146,10.16,0.01
07:42:41,"[197.28, 93]","[152.07, 27]","[202.96, 55]","[205.09, 46]",200.12,221,5.68,0.09
07:42:42,"[199.47, 148]","[193.91, 89]","[204.1, 40]","[206.33, 36]",201.79,313,4.63,0.51
07:42:43,"[201.76, 100]","[200.78, 95]","[205.18, 22]","[263.94, 50]",203.47,267,3.42,0.46
07:42:44,"[203.52, 67]","[202.59, 68]","[207.0, 18]","[267.9, 42]",205.26,195,3.48,0.38
07:42:45,"[205.03, 58]","[203.0, 72]","[207.0, 18]","[259.11, 45]",206.02,193,1.97,0.35
07:42:46,"[203.0, 63]","[119.0, 24]","[225.68, 34]","[251.46, 37]",214.34,158,22.68,0.1
07:42:47,"[203.0, 35]","[119.0, 15]","[206.0, 20]","[230.0, 24]",204.5,94,3.0,0.06
07:42:48,"[173.7, 43]","[102.53, 17]","[205.94, 32]","[325.66, 44]",189.82,136,32.24,-0.12
07:42:49,"[136.68, 69]","[117.65, 43]","[206.0, 39]","[234.08, 65]",171.34,216,69.32,0.04
07:42:50,"[179.83, 18]","[135.57, 14]","[206.0, 18]","[221.0, 30]",192.92,80,26.17,-0.2
07:42:51,"[148.97, 33]","[133.65, 31]","[207.71, 35]","[394.73, 52]",178.34,151,58.74,-0.15
07:42:52,"[153.12, 34]","[151.82, 28]","[376.92, 24]","[561.49, 37]",265.02,123,223.8,0.01
07:42:53,"[155.95, 66]","[154.7, 74]","[255.81, 53]","[349.24, 70]",205.88,263,99.86,0.06
07:42:54,"[217.0, 56]","[171.75, 24]","[375.85, 39]","[658.8, 35]",296.42,154,158.85,0.04
07:42:55,"[217.0, 48]","[213.0, 36]","[504.9, 62]","[594.11, 57]",360.95,203,287.9,-0.17
07:42:56,"[217.0, 30]","[215.45, 66]","[288.75, 32]","[398.14, 37]",252.88,165,71.75,0.16
07:42:57,"[217.0, 33]","[216.0, 99]","[285.09, 22]","[288.9, 42]",251.05,196,68.09,0.35
07:42:58,"[217.0, 33]","[216.0, 99]","[247.82, 34]","[286.67, 30]",232.41,196,30.82,0.35
07:42:59,"[217.0, 50]","[216.0, 153]","[285.47, 34]","[289.0, 68]",251.24,305,68.47,0.33
07:43:00,"[216.51, 43]","[215.83, 108]","[284.57, 28]","[289.0, 56]",250.54,235,68.06,0.29
07:43:01,"[216.0, 72]","[214.0, 36]","[283.15, 26]","[288.74, 46]",249.58,180,67.15,0.2
07:43:02,"[216.0, 40]","[214.0, 45]","[280.36, 56]","[291.52, 31]",248.18,172,64.36,-0.01
07:43:03,"[215.0, 36]","[213.29, 56]","[249.7, 23]","[271.16, 25]",232.35,140,34.7,0.31
07:43:04,"[213.0, 33]","[212.0, 55]","[245.55, 22]","[247.33, 18]",229.27,128,32.55,0.38
07:43:05,"[215.0, 11]","[212.28, 53]","[241.25, 24]","[243.07, 30]",228.12,118,26.25,0.08
07:43:06,"[212.09, 100]","[211.48, 56]","[237.44, 32]","[240.09, 46]",224.76,234,25.35,0.33
07:43:07,"[213.75, 32]","[211.97, 65]","[231.67, 24]","[233.6, 20]",222.71,141,17.92,0.38
07:43:08,"[212.42, 96]","[211.82, 57]","[229.33, 54]","[231.0, 36]",220.88,243,16.92,0.26
07:43:09,"[212.0, 101]","[211.0, 16]","[224.7, 40]","[225.85, 52]",218.35,209,12.7,0.12
07:43:10,"[212.0, 70]","[211.0, 14]","[218.0, 34]","[219.1, 40]",215.0,158,6.0,0.06
07:43:11,"[212.0, 65]","[211.0, 13]","[216.68, 38]","[218.3, 40]",214.34,156,4.68,0.0
07:43:12,"[212.0, 50]","[211.0, 14]","[216.16, 38]","[236.5, 56]",214.08,158,4.16,-0.19
07:43:13,"[211.71, 14]","[210.05, 93]","[217.0, 36]","[409.11, 36]",214.36,179,5.29,0.2
07:43:14,"[211.0, 18]","[210.0, 220]","[215.8, 40]","[439.1, 40]",213.4,318,4.8,0.5
07:43:15,"[211.25, 32]","[210.03, 182]","[213.8, 40]","[413.35, 34]",212.53,288,2.55,0.49
07:43:16,"[210.22, 117]","[209.99, 162]","[345.69, 55]","[477.17, 24]",277.96,358,135.47,0.56
07:43:17,"[210.0, 133]","[209.0, 7]","[403.33, 27]","[435.27, 22]",306.67,189,193.33,0.48
07:43:18,"[210.0, 241]","[205.52, 31]","[245.77, 35]","[414.71, 24]",227.89,331,35.77,0.64
07:43:19,"[210.0, 216]","[208.2, 60]","[242.89, 38]","[244.12, 33]",226.45,347,32.89,0.59
07:43:20,"[210.0, 172]","[209.0, 60]","[241.5, 20]","[243.0, 40]",225.75,292,31.5,0.59
07:43:21,"[210.0, 140]","[209.0, 60]","[237.76, 21]","[242.79, 38]",223.88,259,27.76,0.54
07:43:22,"[210.0, 153]","[209.0, 72]","[223.0, 31]","[239.0, 24]",216.5,280,13.0,0.61
07:43:23,"[210.0, 131]","[209.0, 78]","[220.21, 34]","[221.84, 50]",215.1,293,10.21,0.43
07:43:24,"[210.0, 99]","[209.0, 66]","[217.95, 40]","[219.37, 35]",213.97,240,7.95,0.38
07:43:25,"[212.43, 69]","[209.55, 66]","[218.0, 45]","[360.42, 24]",215.22,204,5.57,0.32
07:43:26,"[217.0, 23]","[210.1, 101]","[291.02, 43]","[414.21, 24]",254.01,191,74.02,0.3
07:43:27,"[217.0, 13]","[215.0, 13]","[286.54, 65]","[295.38, 29]",251.77,120,69.54,-0.57
07:43:28,"[217.0, 8]","[215.0, 8]","[278.76, 38]","[452.05, 20]",247.88,74,61.76,-0.57
07:43:29,"[217.0, 6]","[215.0, 6]","[261.62, 24]","[297.33, 18]",239.31,54,44.62,-0.56
07:43:30,"[215.22, 9]","[212.79, 19]","[283.0, 35]","[369.0, 7]",249.11,70,67.78,-0.2
07:43:31,"[212.17, 42]","[210.64, 66]","[283.0, 40]","[382.88, 17]",247.58,165,70.83,0.31
07:43:32,"[213.57, 21]","[212.0, 52]","[282.71, 35]","[311.0, 28]",248.14,136,69.14,0.07
07:43:33,"[214.0, 30]","[212.0, 81]","[251.56, 41]","[278.88, 17]",232.78,169,37.56,0.31
07:43:34,"[214.0, 28]","[212.0, 80]","[221.91, 45]","[222.65, 37]",217.96,190,7.91,0.14
07:43:35,"[214.0, 12]","[212.0, 96]","[220.67, 48]","[222.0, 60]",217.33,216,6.67,0.0
07:43:36,"[215.65, 20]","[212.08, 75]","[218.78, 37]","[253.38, 29]",217.22,161,3.13,0.18
07:43:37,"[214.0, 11]","[212.47, 76]","[219.0, 11]","[415.0, 22]",216.5,120,5.0,0.45
07:43:38,"[214.0, 15]","[213.0, 90]","[217.33, 33]","[362.0, 24]",215.67,162,3.33,0.3
07:43:39,"[213.14, 28]","[212.25, 96]","[216.07, 43]","[263.12, 25]",214.61,192,2.93,0.29
07:43:40,"[213.0, 20]","[212.0, 80]","[215.8, 40]","[344.0, 40]",214.4,180,2.8,0.11
07:43:41,"[211.95, 40]","[211.52, 62]","[275.7, 40]","[361.33, 30]",243.82,172,63.75,0.19
07:43:42,"[211.0, 69]","[209.0, 32]","[325.36, 44]","[398.0, 52]",268.18,197,114.36,0.03
07:43:43,"[209.2, 10]","[208.03, 65]","[325.65, 23]","[474.41, 29]",267.43,127,116.45,0.18
07:43:44,"[209.0, 8]","[208.0, 56]","[320.65, 23]","[374.22, 27]",264.83,114,111.65,0.12
07:43:45,"[216.0, 137]","[211.15, 39]","[263.78, 74]","[306.55, 67]",239.89,317,47.78,0.11
07:43:46,"[217.0, 140]","[216.0, 11]","[242.62, 48]","[276.23, 35]",229.81,234,25.62,0.29
07:43:47,"[217.0, 101]","[216.0, 12]","[272.3, 47]","[275.46, 37]",244.65,197,55.3,0.15
07:43:48,"[217.0, 84]","[216.0, 14]","[258.98, 57]","[263.12, 52]",237.99,207,41.98,-0.05
07:43:49,"[217.0, 84]","[216.0, 14]","[254.68, 53]","[256.4, 45]",235.84,196,37.68,0.0
07:43:50,"[217.0, 72]","[216.0, 12]","[251.48, 42]","[253.07, 30]",234.24,156,34.48,0.08
07:43:51,"[217.0, 78]","[216.0, 13]","[247.67, 43]","[249.2, 40]",232.34,174,30.67,0.05
07:43:52,"[217.0, 78]","[216.0, 13]","[241.93, 45]","[247.25, 48]",229.47,184,24.93,-0.01
07:43:53,"[217.0, 66]","[216.0, 11]","[222.33, 27]","[223.9, 21]",219.67,125,5.33,0.23
07:43:54,"[216.21, 38]","[213.35, 51]","[221.17, 23]","[221.81, 21]",218.69,133,4.96,0.34
07:43:55,"[214.0, 20]","[213.0, 90]","[218.63, 27]","[222.97, 31]",216.31,168,4.63,0.31
07:43:56,"[213.07, 87]","[212.6, 45]","[217.27, 37]","[236.33, 36]",215.17,205,4.2,0.29
07:43:57,"[213.0, 74]","[212.0, 20]","[214.69, 26]","[332.6, 30]",213.85,150,1.69,0.25
07:43:58,"[213.0, 30]","[212.0, 12]","[214.0, 12]","[343.0, 22]",213.5,76,1.0,0.11
07:43:59,"[213.0, 24]","[212.0, 16]","[361.9, 20]","[456.76, 25]",287.45,85,148.9,-0.06
07:44:00,"[213.0, 16]","[212.0, 16]","[274.26, 31]","[488.25, 24]",243.63,87,61.26,-0.26
07:44:01,"[213.0, 38]","[212.0, 38]","[354.43, 75]","[491.14, 58]",283.71,209,141.43,-0.27
07:44:02,"[213.0, 22]","[212.0, 22]","[348.44, 32]","[449.03, 32]",280.72,108,135.44,-0.19
07:44:03,"[213.0, 24]","[212.0, 26]","[394.04, 48]","[428.91, 44]",303.52,142,181.04,-0.3
07:44:04,"[213.0, 65]","[212.0, 18]","[347.5, 40]","[434.54, 26]",280.25,149,134.5,0.11
07:44:05,"[213.0, 124]","[212.0, 32]","[361.75, 51]","[390.73, 56]",287.37,263,148.75,0.19
07:44:06,"[213.0, 75]","[212.0, 18]","[394.62, 16]","[395.48, 23]",303.81,132,181.62,0.41
07:44:07,"[213.74, 86]","[212.41, 34]","[345.36, 28]","[351.1, 29]",279.55,177,131.61,0.36
07:44:08,"[217.0, 120]","[215.9, 217]","[336.64, 22]","[337.85, 26]",276.82,385,119.64,0.75
07:44:09,"[217.0, 94]","[216.0, 210]","[282.68, 38]","[286.68, 38]",249.84,380,65.68,0.6
07:44:10,"[217.0, 25]","[216.0, 75]","[269.07, 15]","[270.0, 14]",243.03,129,52.07,0.55
07:44:11,"[217.0, 40]","[216.0, 120]","[239.91, 23]","[267.76, 17]",228.46,200,22.91,0.6
07:44:12,"[216.51, 57]","[215.74, 164]","[225.25, 32]","[227.0, 28]",220.88,281,8.74,0.57
07:44:13,"[216.0, 98]","[213.0, 49]","[222.71, 17]","[224.0, 13]",219.35,177,6.71,0.66
07:44:14,"[216.0, 154]","[213.0, 77]","[219.56, 32]","[220.63, 19]",217.78,282,3.56,0.64
07:44:15,"[216.0, 153]","[213.0, 84]","[218.19, 32]","[219.2, 40]",217.09,309,2.19,0.53
07:44:16,"[216.0, 103]","[213.0, 84]","[217.0, 24]","[219.0, 48]",216.5,259,1.0,0.44
07:44:17,"[216.12, 96]","[213.56, 128]","[218.0, 42]","[219.11, 54]",217.06,320,1.88,0.4
07:44:18,"[213.35, 71]","[212.42, 100]","[216.82, 44]","[229.33, 42]",215.09,257,3.47,0.33
07:44:19,"[213.1, 39]","[211.84, 67]","[220.09, 23]","[276.0, 14]",216.59,143,6.98,0.48
07:44:20,"[213.0, 80]","[211.0, 110]","[234.66, 29]","[251.48, 27]",223.83,246,21.66,0.54
07:44:21,"[213.0, 84]","[211.0, 110]","[232.78, 27]","[242.51, 37]",222.89,258,19.78,0.5
07:44:22,"[213.0, 62]","[211.09, 85]","[231.67, 18]","[233.0, 27]",222.33,192,18.67,0.53
07:44:23,"[213.0, 56]","[212.0, 32]","[228.38, 21]","[230.89, 19]",220.69,128,15.38,0.38
07:44:24,"[213.0, 91]","[212.0, 52]","[227.59, 34]","[228.52, 31]",220.29,208,14.59,0.38
07:44:25,"[213.0, 84]","[212.0, 48]","[224.7, 27]","[232.88, 34]",218.85,193,11.7,0.37
07:44:26,"[213.0, 62]","[212.0, 32]","[223.75, 24]","[225.0, 16]",218.38,134,10.75,0.4
07:44:27,"[213.0, 112]","[212.0, 56]","[222.72, 36]","[224.36, 28]",217.86,232,9.72,0.45
07:44:28,"[213.0, 72]","[212.0, 49]","[217.68, 19]","[218.35, 17]",215.34,157,4.68,0.54
07:44:29,"[213.0, 20]","[212.0, 50]","[216.56, 18]","[221.15, 26]",214.78,114,3.56,0.23
07:44:30,"[213.0, 22]","[212.0, 55]","[215.0, 33]","[217.0, 22]",214.0,132,2.0,0.17
07:44:31,"[212.09, 44]","[211.12, 82]","[249.17, 29]","[331.09, 35]",230.63,190,37.08,0.33
07:44:32,"[212.0, 65]","[211.0, 117]","[248.24, 51]","[295.43, 40]",230.12,273,36.24,0.33
07:44:33,"[212.0, 35]","[211.0, 90]","[236.9, 50]","[238.0, 50]",224.45,225,24.9,0.11
07:44:34,"[211.06, 64]","[210.17, 108]","[235.67, 60]","[258.5, 54]",223.36,286,24.6,0.2
07:44:35,"[211.0, 90]","[210.0, 135]","[233.73, 75]","[235.6, 75]",222.37,375,22.73,0.2
07:44:36,"[211.0, 74]","[210.0, 126]","[230.36, 70]","[231.36, 70]",220.68,340,19.36,0.18
07:44:37,"[210.68, 50]","[209.86, 70]","[229.0, 90]","[230.0, 90]",219.84,300,18.32,-0.2
07:44:38,"[211.54, 13]","[210.0, 52]","[224.77, 65]","[225.92, 65]",218.15,195,13.23,-0.33
07:44:39,"[216.08, 26]","[210.52, 29]","[222.18, 55]","[223.73, 55]",219.13,165,6.1,-0.33
07:44:40,"[217.0, 44]","[213.0, 11]","[220.09, 55]","[221.27, 55]",218.55,165,3.09,-0.33
07:44:41,"[216.07, 40]","[197.89, 18]","[218.36, 55]","[232.62, 53]",217.22,166,2.29,-0.3
07:44:42,"[191.11, 74]","[141.66, 62]","[216.94, 36]","[224.52, 63]",204.03,235,25.84,0.16
07:44:43,"[60.15, 65]","[28.81, 80]","[198.06, 16]","[203.25, 20]",129.11,181,137.91,0.6
07:44:44,"[130.35, 34]","[105.29, 72]","[207.13, 30]","[282.06, 48]",168.74,184,76.78,0.15
07:44:45,"[203.0, 48]","[186.0, 30]","[205.17, 12]","[208.0, 30]",204.08,120,2.17,0.3
07:44:46,"[199.19, 105]","[158.83, 59]","[203.65, 31]","[206.57, 56]",201.42,251,4.45,0.31
07:44:47,"[157.19, 42]","[134.37, 59]","[204.0, 36]","[207.74, 78]",180.6,215,46.81,-0.06
07:44:48,"[193.0, 8]","[129.64, 22]","[206.07, 14]","[264.27, 30]",199.54,74,13.07,-0.19
07:44:49,"[194.23, 31]","[183.98, 47]","[206.18, 44]","[255.96, 27]",200.2,149,11.96,0.05
07:44:50,"[194.0, 44]","[139.44, 32]","[257.0, 55]","[320.77, 31]",225.5,162,63.0,-0.06
07:44:51,"[194.0, 32]","[67.3, 46]","[248.97, 36]","[336.88, 34]",221.49,148,54.97,0.05
07:44:52,"[216.0, 18]","[199.67, 24]","[340.42, 26]","[526.71, 14]",278.21,82,124.42,0.02
07:44:53,"[216.0, 29]","[211.57, 28]","[351.45, 53]","[468.43, 35]",283.73,145,135.45,-0.21
07:44:54,"[216.0, 16]","[212.0, 16]","[284.0, 24]","[285.0, 40]",250.0,96,68.0,-0.33
07:44:55,"[216.0, 16]","[212.0, 16]","[283.3, 10]","[284.19, 26]",249.65,68,67.3,-0.06
07:44:56,"[215.68, 19]","[211.82, 22]","[280.53, 19]","[283.52, 25]",248.11,85,64.84,-0.04
07:44:57,"[215.0, 10]","[212.0, 10]","[277.0, 20]","[278.95, 20]",246.0,60,62.0,-0.33
07:44:58,"[215.0, 9]","[212.0, 9]","[244.08, 13]","[259.6, 15]",229.54,46,29.08,-0.22
07:44:59,"[215.0, 9]","[212.0, 9]","[216.53, 17]","[243.77, 13]",215.76,48,1.53,-0.25
07:45:00,"[212.25, 12]","[211.01, 144]","[214.92, 36]","[236.41, 34]",213.58,226,2.67,0.38
07:45:01,"[212.0, 9]","[211.0, 117]","[213.44, 27]","[237.0, 27]",212.72,180,1.44,0.4
07:45:02,"[212.0, 59]","[211.0, 195]","[231.07, 45]","[486.79, 29]",221.53,328,19.07,0.55
07:45:03,"[212.67, 30]","[211.37, 82]","[307.93, 54]","[433.41, 58]",260.3,224,95.26,0.0
07:45:04,"[211.24, 58]","[210.96, 95]","[257.18, 55]","[353.0, 31]",234.21,239,45.94,0.28
07:45:05,"[211.0, 52]","[210.0, 14]","[253.97, 64]","[337.1, 50]",232.48,180,42.97,-0.27
07:45:06,"[187.44, 16]","[102.43, 14]","[256.0, 55]","[257.0, 55]",221.72,140,68.56,-0.57
07:45:07,"[189.0, 20]","[173.17, 12]","[217.68, 22]","[253.79, 42]",203.34,96,28.68,-0.33
07:45:08,"[180.95, 19]","[160.33, 12]","[205.25, 40]","[207.0, 8]",193.1,79,24.3,-0.22
07:45:09,"[142.51, 49]","[97.47, 34]","[205.74, 65]","[254.06, 17]",174.12,165,63.23,0.01
07:45:10,"[208.24, 17]","[131.0, 13]","[227.0, 8]","[502.0, 28]",217.62,66,18.76,-0.09
07:45:11,"[212.0, 6]","[207.0, 6]","[219.0, 6]","[644.17, 30]",215.5,48,7.0,-0.5
07:45:12,"[212.0, 9]","[210.0, 18]","[636.76, 25]","[664.14, 29]",424.38,81,424.76,-0.33
07:45:13,"[212.0, 5]","[210.0, 10]","[465.38, 21]","[650.33, 9]",338.69,45,253.38,-0.33
07:45:14,"[215.91, 45]","[212.59, 27]","[399.18, 11]","[585.36, 55]",307.55,138,183.27,0.04
07:45:15,"[216.0, 16]","[213.0, 16]","[370.69, 16]","[473.12, 8]",293.34,56,154.69,0.14
07:45:16,"[216.0, 20]","[213.0, 20]","[378.76, 21]","[459.22, 9]",297.38,70,162.76,0.14
07:45:17,"[216.0, 12]","[213.0, 12]","[377.57, 7]","[380.18, 11]",296.79,42,161.57,0.14
07:45:18,"[217.64, 22]","[215.57, 28]","[371.37, 27]","[398.62, 13]",294.5,90,153.73,0.11
07:45:19,"[218.0, 15]","[216.0, 20]","[390.09, 23]","[555.76, 17]",304.04,75,172.09,-0.07
07:45:20,"[218.0, 12]","[216.0, 16]","[320.88, 16]","[659.0, 16]",269.44,60,102.88,-0.07
07:45:21,"[218.0, 18]","[216.0, 24]","[234.71, 21]","[406.75, 20]",226.36,83,16.71,0.01
07:45:22,"[218.0, 12]","[216.0, 16]","[233.67, 6]","[315.67, 12]",225.83,46,15.67,0.22
07:45:23,"[218.0, 21]","[216.0, 28]","[231.57, 14]","[233.0, 7]",224.79,70,13.57,0.4
07:45:24,"[217.08, 39]","[215.54, 52]","[230.0, 20]","[231.05, 19]",223.54,130,12.92,0.4
07:45:25,"[216.0, 20]","[215.0, 28]","[226.0, 13]","[228.25, 8]",221.0,69,10.0,0.39
07:45:26,"[215.32, 44]","[213.38, 148]","[222.87, 31]","[224.55, 20]",219.09,243,7.55,0.58
07:45:27,"[213.0, 151]","[212.0, 14]","[219.24, 21]","[220.9, 21]",216.12,207,6.24,0.59
07:45:28,"[213.0, 74]","[212.0, 7]","[217.0, 7]","[218.0, 14]",215.0,102,4.0,0.59
07:45:29,"[212.08, 72]","[210.93, 15]","[217.0, 10]","[218.0, 16]",214.54,113,4.92,0.54
07:45:30,"[212.0, 141]","[210.97, 29]","[218.0, 16]","[0, 0]",215.0,186,6.0,0.83
07:45:31,"[212.0, 46]","[210.0, 2]","[217.0, 4]","[0, 0]",214.5,52,5.0,0.85
07:45:32,"[212.0, 69]","[210.0, 3]","[215.33, 6]","[0, 0]",213.67,78,3.33,0.85
07:45:33,"[212.0, 134]","[210.0, 6]","[213.54, 26]","[215.0, 10]",212.77,176,1.54,0.59
07:45:34,"[212.0, 99]","[210.0, 6]","[214.33, 12]","[0, 0]",213.17,117,2.33,0.79
07:45:35,"[212.0, 60]","[210.0, 4]","[213.5, 4]","[0, 0]",212.75,68,1.5,0.88
07:45:36,"[212.0, 33]","[211.0, 9]","[0, 0]","[0, 0]",106.0,42,-212.0,1.0
07:45:37,"[212.0, 22]","[211.0, 6]","[0, 0]","[0, 0]",106.0,28,-212.0,1.0
07:45:38,"[212.0, 66]","[211.0, 18]","[521.0, 5]","[0, 0]",366.5,89,309.0,0.89
07:45:39,"[212.0, 66]","[211.0, 18]","[617.0, 9]","[737.25, 4]",414.5,97,405.0,0.73
07:45:40,"[212.0, 109]","[211.0, 30]","[326.75, 24]","[295.67, 30]",269.38,193,114.75,0.44
07:45:41,"[212.0, 110]","[211.0, 33]","[264.37, 35]","[265.54, 39]",238.19,217,52.37,0.32
07:45:42,"[212.0, 125]","[211.0, 75]","[261.57, 49]","[262.55, 55]",236.79,304,49.57,0.32
07:45:43,"[214.09, 138]","[211.46, 156]","[257.16, 43]","[260.1, 77]",235.62,414,43.08,0.42
07:45:44,"[216.04, 50]","[214.56, 122]","[251.39, 38]","[251.8, 66]",233.72,276,35.35,0.25
07:45:45,"[216.09, 33]","[214.45, 99]","[247.81, 52]","[248.9, 20]",231.95,204,31.72,0.29
07:45:46,"[215.0, 70]","[213.0, 126]","[243.72, 54]","[244.71, 28]",229.36,278,28.72,0.41
07:45:47,"[215.0, 55]","[213.0, 99]","[236.92, 24]","[240.28, 29]",225.96,207,21.92,0.49
07:45:48,"[214.78, 45]","[212.19, 95]","[230.05, 37]","[231.0, 43]",222.42,220,15.28,0.27
07:45:49,"[213.67, 15]","[212.07, 75]","[225.07, 30]","[225.87, 45]",219.37,165,11.4,0.09
07:45:50,"[215.0, 8]","[213.0, 8]","[222.75, 8]","[224.85, 26]",218.88,50,7.75,-0.36
07:45:51,"[212.75, 40]","[212.11, 18]","[219.31, 45]","[220.42, 26]",216.03,129,6.56,-0.1
07:45:52,"[212.0, 120]","[210.83, 29]","[216.48, 29]","[217.04, 26]",214.24,204,4.48,0.46
07:45:53,"[177.44, 64]","[163.95, 22]","[212.68, 50]","[215.2, 20]",195.06,156,35.24,0.1
07:45:54,"[153.39, 67]","[149.75, 32]","[202.56, 9]","[205.0, 9]",177.97,117,49.17,0.69
07:45:55,"[199.0, 24]","[164.09, 44]","[202.0, 8]","[204.25, 16]",200.5,92,3.0,0.48
07:45:56,"[157.33, 12]","[145.0, 22]","[202.0, 6]","[204.0, 18]",179.67,58,44.67,0.17
07:45:57,"[158.5, 12]","[131.62, 32]","[202.0, 29]","[204.0, 27]",180.25,100,43.5,-0.12
07:45:58,"[165.95, 21]","[141.64, 33]","[202.0, 9]","[203.16, 19]",183.98,82,36.05,0.32
07:45:59,"[183.96, 23]","[160.11, 18]","[203.76, 21]","[204.15, 13]",193.86,75,19.81,0.09
07:46:00,"[165.5, 16]","[165.12, 17]","[204.0, 31]","[205.0, 11]",184.75,75,38.5,-0.12
07:46:01,"[167.89, 9]","[166.5, 14]","[205.75, 32]","[207.8, 30]",186.82,85,37.86,-0.46
07:46:02,"[172.0, 11]","[170.93, 14]","[206.0, 40]","[208.0, 40]",189.0,105,34.0,-0.52
07:46:03,"[175.85, 13]","[175.0, 13]","[206.0, 24]","[207.31, 51]",190.92,101,30.15,-0.49
07:46:04,"[193.93, 28]","[192.86, 28]","[202.67, 51]","[220.17, 58]",198.3,165,8.74,-0.32
07:46:05,"[200.36, 14]","[199.17, 12]","[219.18, 55]","[356.18, 55]",209.77,136,18.82,-0.62
07:46:06,"[203.0, 6]","[202.0, 6]","[260.64, 22]","[377.83, 30]",231.82,64,57.64,-0.62
07:46:07,"[203.29, 7]","[202.29, 7]","[411.63, 27]","[485.29, 35]",307.46,76,208.34,-0.63
07:46:08,"[205.7, 10]","[204.6, 10]","[445.9, 50]","[643.8, 50]",325.8,120,240.2,-0.67
07:46:09,"[106.0, 56]","[88.29, 14]","[517.17, 23]","[600.29, 35]",311.59,128,411.17,0.09
07:46:10,"[133.76, 50]","[99.76, 50]","[303.71, 14]","[337.04, 26]",218.74,140,169.95,0.43
07:46:11,"[147.54, 26]","[135.65, 74]","[245.5, 10]","[249.2, 10]",196.52,120,97.96,0.67
07:46:12,"[138.17, 82]","[55.64, 28]","[220.55, 11]","[222.0, 11]",179.36,132,82.37,0.67
07:46:13,"[140.1, 40]","[125.66, 41]","[219.09, 11]","[220.91, 11]",179.6,103,78.99,0.57
07:46:14,"[171.18, 28]","[147.67, 18]","[216.5, 8]","[218.38, 8]",193.84,62,45.32,0.48
07:46:15,"[212.0, 123]","[190.33, 27]","[214.11, 9]","[215.22, 9]",213.06,168,2.11,0.79
07:46:16,"[212.06, 64]","[211.9, 89]","[332.27, 15]","[465.97, 31]",272.16,199,120.2,0.54
07:46:17,"[215.0, 16]","[213.0, 22]","[517.38, 40]","[717.88, 40]",366.19,118,302.38,-0.36
07:46:18,"[212.05, 163]","[211.66, 70]","[579.33, 60]","[656.17, 60]",395.69,353,367.28,0.32
07:46:19,"[212.0, 125]","[211.0, 27]","[451.31, 39]","[615.33, 45]",331.65,236,239.31,0.29
07:46:20,"[212.0, 182]","[211.0, 42]","[387.07, 40]","[415.81, 64]",299.54,328,175.07,0.37
07:46:21,"[212.0, 78]","[211.0, 18]","[328.05, 22]","[414.45, 22]",270.02,140,116.05,0.37
07:46:22,"[212.0, 79]","[211.0, 24]","[358.5, 10]","[383.05, 22]",285.25,135,146.5,0.53
07:46:23,"[212.0, 64]","[211.0, 24]","[337.93, 14]","[409.5, 30]",274.96,132,125.93,0.33
07:46:24,"[212.0, 88]","[211.0, 33]","[284.33, 33]","[414.77, 39]",248.17,193,72.33,0.25
07:46:25,"[212.22, 83]","[211.21, 38]","[294.52, 33]","[465.29, 51]",253.37,205,82.3,0.18
07:46:26,"[213.0, 80]","[212.0, 80]","[253.6, 50]","[362.4, 50]",233.3,260,40.6,0.23
07:46:27,"[213.0, 32]","[212.0, 32]","[324.0, 20]","[459.5, 18]",268.5,102,111.0,0.25
07:46:28,"[213.0, 55]","[211.79, 43]","[599.58, 38]","[700.95, 44]",406.29,180,386.58,0.09
07:46:29,"[213.0, 8]","[212.0, 20]","[634.57, 21]","[678.59, 22]",423.79,71,421.57,-0.21
07:46:30,"[212.3, 20]","[211.53, 17]","[583.25, 16]","[587.79, 19]",397.77,72,370.95,0.03
07:46:31,"[212.0, 66]","[211.0, 33]","[393.14, 44]","[449.67, 27]",302.57,170,181.14,0.16
07:46:32,"[212.0, 42]","[211.0, 21]","[239.64, 11]","[246.68, 25]",225.82,99,27.64,0.27
07:46:33,"[212.0, 84]","[211.0, 42]","[215.69, 16]","[342.08, 62]",213.84,204,3.69,0.24
07:46:34,"[212.0, 54]","[211.0, 27]","[214.0, 9]","[463.76, 41]",213.0,131,2.0,0.24
07:46:35,"[213.96, 112]","[211.13, 38]","[365.17, 48]","[424.44, 72]",289.57,270,151.2,0.11
07:46:36,"[216.0, 56]","[214.72, 43]","[220.44, 27]","[238.69, 29]",218.22,155,4.44,0.28
07:46:37,"[216.0, 19]","[215.0, 65]","[218.8, 15]","[257.7, 23]",217.4,122,2.8,0.38
07:46:38,"[215.68, 40]","[214.81, 129]","[217.3, 30]","[235.94, 32]",216.49,231,1.62,0.46
07:46:39,"[215.0, 74]","[213.0, 96]","[217.0, 24]","[294.25, 12]",216.0,206,2.0,0.65
07:46:40,"[215.0, 32]","[213.0, 48]","[217.0, 12]","[268.0, 4]",216.0,96,2.0,0.67
07:46:41,"[215.0, 46]","[213.0, 96]","[242.0, 12]","[325.81, 32]",228.5,186,27.0,0.53
07:46:42,"[215.0, 40]","[213.0, 96]","[304.56, 16]","[353.44, 32]",259.78,184,89.56,0.48
07:46:43,"[215.0, 37]","[213.0, 108]","[351.33, 45]","[648.33, 9]",283.17,199,136.33,0.46
07:46:44,"[215.0, 11]","[213.0, 132]","[319.54, 35]","[714.63, 35]",267.27,213,104.54,0.34
07:46:45,"[216.0, 14]","[213.02, 85]","[392.0, 32]","[681.33, 36]",304.0,167,176.0,0.19
07:46:46,"[217.0, 42]","[215.0, 6]","[322.74, 23]","[351.26, 19]",269.87,90,105.74,0.07
07:46:47,"[217.0, 77]","[215.0, 11]","[307.91, 44]","[309.0, 33]",262.45,165,90.91,0.07
07:46:48,"[217.0, 63]","[215.0, 9]","[228.14, 37]","[391.94, 34]",222.57,143,11.14,0.01
07:46:49,"[217.0, 56]","[215.0, 8]","[227.0, 32]","[523.07, 28]",222.0,124,10.0,0.03
07:46:50,"[217.0, 24]","[215.0, 8]","[225.0, 32]","[296.0, 40]",221.0,104,8.0,-0.38
07:46:51,"[214.33, 72]","[213.5, 16]","[222.17, 48]","[231.92, 60]",218.25,196,7.83,-0.1
07:46:52,"[213.0, 144]","[212.0, 24]","[221.75, 48]","[257.25, 60]",217.38,276,8.75,0.22
07:46:53,"[213.0, 168]","[212.0, 28]","[220.36, 56]","[253.0, 70]",216.68,322,7.36,0.22
07:46:54,"[213.0, 96]","[212.0, 16]","[217.7, 20]","[223.87, 31]",215.35,163,4.7,0.37
07:46:55,"[213.0, 120]","[212.0, 20]","[215.23, 26]","[216.18, 34]",214.12,200,2.23,0.4
07:46:56,"[212.68, 79]","[211.67, 45]","[287.53, 30]","[344.76, 42]",250.11,196,74.85,0.27
07:46:57,"[212.0, 60]","[211.0, 36]","[279.42, 24]","[331.43, 42]",245.71,162,67.42,0.19
07:46:58,"[212.26, 47]","[211.59, 51]","[226.19, 32]","[276.86, 29]",219.22,159,13.93,0.23
07:46:59,"[212.79, 43]","[211.87, 63]","[224.6, 60]","[225.24, 66]",218.7,232,11.81,-0.09
07:47:00,"[211.43, 28]","[210.58, 19]","[221.69, 42]","[224.43, 42]",216.56,131,10.26,-0.28
07:47:01,"[212.5, 12]","[210.67, 18]","[218.83, 24]","[221.0, 60]",215.67,114,6.33,-0.47
07:47:02,"[211.92, 12]","[210.92, 12]","[216.78, 45]","[217.36, 39]",214.35,108,4.86,-0.56
07:47:03,"[212.56, 9]","[210.89, 9]","[215.24, 21]","[219.62, 39]",213.9,78,2.68,-0.54
07:47:04,"[208.33, 21]","[205.94, 34]","[213.1, 29]","[217.96, 49]",210.72,133,4.77,-0.17
07:47:05,"[205.0, 30]","[202.5, 60]","[231.5, 20]","[329.14, 29]",218.25,139,26.5,0.29
07:47:06,"[205.0, 27]","[201.25, 64]","[259.33, 18]","[359.07, 27]",232.17,136,54.33,0.34
07:47:07,"[207.29, 35]","[201.4, 60]","[264.0, 22]","[367.2, 40]",235.64,157,56.71,0.21
07:47:08,"[204.38, 24]","[201.0, 48]","[231.67, 12]","[294.45, 22]",218.02,106,27.29,0.36
07:47:09,"[204.0, 21]","[201.0, 42]","[206.0, 12]","[208.0, 14]",205.0,89,2.0,0.42
07:47:10,"[204.0, 6]","[201.0, 24]","[206.0, 24]","[208.0, 8]",205.0,62,2.0,-0.03
07:47:11,"[201.65, 23]","[178.67, 45]","[206.0, 48]","[208.0, 16]",203.83,132,4.35,0.03
07:47:12,"[201.0, 66]","[190.1, 154]","[206.0, 66]","[208.0, 22]",203.5,308,5.0,0.43
07:47:13,"[201.0, 48]","[194.0, 128]","[206.89, 18]","[217.3, 20]",203.94,214,5.89,0.64
07:47:14,"[201.57, 56]","[170.74, 92]","[206.17, 48]","[208.0, 24]",203.87,220,4.6,0.35
07:47:15,"[202.0, 56]","[167.4, 35]","[220.1, 39]","[290.51, 35]",211.05,165,18.1,0.1
07:47:16,"[203.52, 21]","[170.57, 21]","[218.67, 60]","[351.78, 58]",211.1,160,15.14,-0.47
07:47:17,"[205.28, 29]","[204.25, 28]","[365.5, 60]","[441.53, 79]",285.39,196,160.22,-0.42
07:47:18,"[200.86, 7]","[188.41, 54]","[269.1, 31]","[364.33, 24]",234.98,116,68.24,0.05
07:47:19,"[198.0, 4]","[187.0, 40]","[216.78, 18]","[246.88, 16]",207.39,78,18.78,0.13
07:47:20,"[199.85, 13]","[180.74, 19]","[204.33, 36]","[296.55, 29]",202.09,97,4.49,-0.34
07:47:21,"[204.0, 44]","[198.27, 11]","[235.89, 27]","[421.56, 25]",219.94,107,31.89,0.03
07:47:22,"[204.0, 44]","[199.0, 11]","[308.26, 43]","[489.0, 40]",256.13,138,104.26,-0.2
07:47:23,"[206.03, 38]","[203.42, 26]","[216.26, 19]","[245.7, 50]",211.14,133,10.24,-0.04
07:47:24,"[205.45, 77]","[204.0, 40]","[214.75, 12]","[278.63, 46]",210.1,175,9.3,0.34
07:47:25,"[212.34, 47]","[206.49, 75]","[364.92, 25]","[504.4, 43]",288.63,190,152.58,0.28
07:47:26,"[213.0, 16]","[212.0, 16]","[444.0, 12]","[497.24, 17]",328.5,61,231.0,0.05
07:47:27,"[213.0, 8]","[212.0, 8]","[444.0, 6]","[511.0, 4]",328.5,26,231.0,0.23
07:47:28,"[213.0, 12]","[212.0, 44]","[470.8, 15]","[536.71, 21]",341.9,92,257.8,0.22
07:47:29,"[212.25, 40]","[210.3, 61]","[443.33, 33]","[611.94, 32]",327.79,166,231.08,0.22
07:47:30,"[212.0, 60]","[210.0, 20]","[493.78, 36]","[712.53, 45]",352.89,161,281.78,-0.01
07:47:31,"[212.0, 26]","[210.0, 22]","[467.4, 35]","[563.19, 37]",339.7,120,255.4,-0.2
07:47:32,"[212.0, 9]","[210.0, 18]","[351.0, 26]","[414.56, 25]",281.5,78,139.0,-0.31
07:47:33,"[212.0, 10]","[210.0, 20]","[244.11, 36]","[253.67, 24]",228.06,90,32.11,-0.33
07:47:34,"[212.0, 9]","[210.0, 18]","[241.78, 36]","[245.0, 18]",226.89,81,29.78,-0.33
07:47:35,"[212.05, 86]","[210.19, 148]","[239.3, 40]","[340.19, 36]",225.67,310,27.25,0.51
07:47:36,"[212.52, 46]","[211.37, 79]","[239.0, 20]","[429.0, 15]",225.76,160,26.48,0.56
07:47:37,"[212.14, 126]","[210.33, 90]","[238.0, 36]","[272.29, 34]",225.07,286,25.86,0.51
07:47:38,"[212.45, 115]","[212.32, 73]","[235.29, 55]","[236.43, 56]",223.87,299,22.84,0.26
07:47:39,"[212.1, 42]","[211.97, 78]","[228.88, 16]","[230.5, 16]",220.49,152,16.78,0.58
07:47:40,"[213.0, 8]","[212.0, 152]","[227.57, 28]","[228.4, 20]",220.29,208,14.57,0.54
07:47:41,"[214.0, 35]","[213.0, 7]","[224.86, 28]","[226.08, 26]",219.43,96,10.86,-0.12
07:47:42,"[214.0, 37]","[213.0, 19]","[222.26, 38]","[223.62, 32]",218.13,126,8.26,-0.11
07:47:43,"[214.0, 32]","[213.0, 72]","[219.06, 64]","[221.0, 64]",216.53,232,5.06,-0.1
07:47:44,"[213.9, 29]","[212.19, 70]","[216.75, 64]","[217.75, 64]",215.32,227,2.85,-0.13
07:47:45,"[212.01, 200]","[211.84, 68]","[215.04, 50]","[216.64, 50]",213.53,368,3.03,0.46
07:47:46,"[212.31, 130]","[211.79, 38]","[405.27, 22]","[560.78, 32]",308.79,222,192.97,0.51
07:47:47,"[216.1, 30]","[212.04, 106]","[322.43, 14]","[474.56, 18]",269.26,168,106.33,0.62
07:47:48,"[217.0, 33]","[216.0, 11]","[326.14, 28]","[367.79, 38]",271.57,110,109.14,-0.2
07:47:49,"[214.92, 36]","[215.38, 8]","[276.17, 24]","[311.43, 28]",245.54,96,61.25,-0.08
07:47:50,"[212.0, 175]","[211.0, 13]","[269.85, 39]","[284.44, 36]",240.92,263,57.85,0.43
07:47:51,"[212.0, 80]","[211.0, 7]","[268.53, 17]","[279.33, 18]",240.26,122,56.53,0.43
07:47:52,"[213.53, 30]","[212.73, 30]","[267.14, 14]","[268.53, 17]",240.34,91,53.61,0.32
07:47:53,"[217.0, 26]","[214.0, 52]","[265.08, 26]","[266.46, 26]",241.04,130,48.08,0.2
07:47:54,"[216.73, 22]","[213.43, 56]","[260.3, 27]","[261.44, 25]",238.51,130,43.57,0.2
07:47:55,"[213.08, 13]","[211.98, 57]","[255.62, 16]","[256.75, 16]",234.35,102,42.55,0.37
07:47:56,"[212.0, 72]","[211.0, 12]","[253.35, 23]","[254.58, 24]",232.67,131,41.35,0.28
07:47:57,"[212.0, 66]","[210.31, 26]","[249.43, 28]","[251.27, 22]",230.71,142,37.43,0.3
07:47:58,"[212.0, 35]","[211.0, 7]","[245.94, 17]","[247.22, 18]",228.97,77,33.94,0.09
07:47:59,"[216.93, 57]","[212.62, 13]","[243.11, 19]","[244.23, 26]",230.02,115,26.18,0.22
07:48:00,"[217.0, 63]","[213.0, 9]","[237.71, 28]","[239.67, 24]",227.36,124,20.71,0.16
07:48:01,"[217.0, 98]","[213.0, 14]","[232.0, 33]","[233.05, 38]",224.5,183,15.0,0.22
07:48:02,"[217.0, 56]","[213.0, 8]","[226.05, 19]","[227.33, 21]",221.53,104,9.05,0.23
07:48:03,"[217.0, 98]","[213.0, 22]","[222.79, 38]","[223.53, 38]",219.89,196,5.79,0.22
07:48:04,"[215.65, 52]","[213.56, 25]","[217.8, 10]","[223.61, 31]",216.73,118,2.15,0.31
07:48:05,"[215.05, 42]","[213.93, 30]","[216.7, 10]","[225.0, 30]",215.87,112,1.65,0.29
07:48:06,"[215.0, 22]","[213.0, 32]","[222.42, 31]","[277.3, 30]",218.71,115,7.42,-0.06
07:48:07,"[215.0, 26]","[213.0, 100]","[221.15, 52]","[224.0, 39]",218.08,217,6.15,0.16
07:48:08,"[215.0, 16]","[213.0, 104]","[219.75, 32]","[224.0, 24]",217.38,176,4.75,0.36
07:48:09,"[213.25, 97]","[212.33, 238]","[218.16, 50]","[219.48, 62]",215.7,447,4.91,0.5
07:48:10,"[212.61, 33]","[211.99, 161]","[218.15, 40]","[321.02, 47]",215.38,281,5.54,0.38
07:48:11,"[212.0, 135]","[211.0, 11]","[215.47, 43]","[229.76, 42]",213.73,231,3.47,0.26
07:48:12,"[212.0, 72]","[211.0, 8]","[217.25, 32]","[465.62, 32]",214.62,144,5.25,0.11
07:48:13,"[212.0, 81]","[211.0, 9]","[216.0, 36]","[343.75, 28]",214.0,154,4.0,0.17
07:48:14,"[212.0, 51]","[211.0, 7]","[214.0, 31]","[219.79, 28]",213.0,117,2.0,-0.01
07:48:15,"[210.69, 13]","[209.12, 59]","[557.7, 40]","[624.42, 31]",384.2,143,347.01,0.01
07:48:16,"[211.73, 60]","[208.36, 44]","[658.69, 29]","[690.85, 26]",435.21,159,446.96,0.31
07:48:17,"[212.0, 136]","[210.0, 24]","[404.92, 38]","[593.16, 38]",308.46,236,192.92,0.36
07:48:18,"[212.0, 72]","[210.0, 16]","[330.0, 24]","[633.0, 24]",271.0,136,118.0,0.29
07:48:19,"[212.87, 69]","[211.96, 92]","[328.45, 33]","[329.55, 33]",270.66,227,115.58,0.42
07:48:20,"[214.07, 30]","[212.12, 41]","[326.0, 15]","[327.0, 15]",270.03,101,111.93,0.41
07:48:21,"[217.0, 72]","[213.0, 45]","[323.67, 27]","[325.67, 27]",270.33,171,106.67,0.37
07:48:22,"[217.0, 56]","[213.0, 35]","[321.0, 21]","[322.0, 21]",269.0,133,104.0,0.37
07:48:23,"[217.0, 42]","[213.0, 45]","[285.4, 30]","[311.39, 28]",251.2,145,68.4,0.2
07:48:24,"[217.0, 13]","[213.0, 25]","[248.2, 15]","[263.4, 15]",232.6,68,31.2,0.12
07:48:25,"[215.53, 30]","[212.82, 61]","[243.47, 45]","[246.53, 45]",229.5,181,27.93,0.01
07:48:26,"[214.15, 39]","[212.1, 10]","[241.0, 24]","[246.0, 24]",227.58,97,26.85,0.01
07:48:27,"[212.0, 110]","[210.0, 30]","[239.78, 23]","[249.65, 31]",225.89,194,27.78,0.44
07:48:28,"[212.0, 99]","[210.0, 27]","[237.57, 21]","[240.25, 24]",224.79,171,25.57,0.47
07:48:29,"[212.38, 159]","[211.39, 80]","[236.21, 42]","[238.0, 28]",224.3,309,23.84,0.55
07:48:30,"[213.0, 84]","[212.0, 77]","[232.71, 17]","[234.33, 18]",222.85,196,19.71,0.64
07:48:31,"[213.0, 108]","[212.0, 121]","[230.45, 22]","[232.0, 33]",221.73,284,17.45,0.61
07:48:32,"[213.0, 81]","[212.0, 99]","[228.81, 21]","[230.38, 24]",220.9,225,15.81,0.6
07:48:33,"[213.8, 56]","[212.45, 100]","[227.0, 20]","[229.0, 30]",220.4,206,13.2,0.51
07:48:34,"[213.0, 72]","[212.0, 132]","[224.62, 29]","[226.03, 31]",218.81,264,11.62,0.55
07:48:35,"[213.0, 84]","[212.0, 154]","[220.12, 32]","[222.37, 38]",216.56,308,7.12,0.55
07:48:36,"[215.55, 33]","[212.75, 88]","[218.0, 39]","[248.8, 30]",216.77,190,2.45,0.27
07:48:37,"[215.29, 14]","[212.73, 66]","[221.84, 25]","[538.45, 11]",218.56,116,6.55,0.38
07:48:38,"[213.0, 84]","[212.0, 252]","[313.12, 41]","[601.28, 32]",263.06,409,100.12,0.64
07:48:39,"[212.8, 88]","[212.0, 217]","[281.79, 48]","[312.55, 31]",247.29,384,69.0,0.59
07:48:40,"[212.65, 92]","[211.96, 94]","[239.95, 39]","[292.11, 38]",226.3,263,27.3,0.41
07:48:41,"[212.05, 179]","[211.62, 29]","[257.65, 49]","[372.31, 49]",234.85,306,45.6,0.36
07:48:42,"[212.0, 175]","[211.0, 8]","[248.25, 32]","[463.0, 40]",230.12,255,36.25,0.44
07:48:43,"[212.0, 184]","[211.0, 8]","[215.43, 35]","[226.38, 37]",213.71,264,3.43,0.45
07:48:44,"[212.01, 235]","[211.75, 61]","[213.65, 68]","[244.78, 59]",212.83,423,1.64,0.4
07:48:45,"[199.12, 25]","[128.0, 24]","[235.9, 30]","[246.71, 35]",217.51,114,36.78,-0.14
07:48:46,"[190.0, 22]","[56.16, 19]","[202.73, 30]","[221.48, 29]",196.37,100,12.73,-0.18
07:48:47,"[173.67, 36]","[135.54, 26]","[204.67, 48]","[207.91, 32]",189.17,142,31.0,-0.13
07:48:48,"[186.0, 20]","[160.67, 18]","[207.0, 32]","[228.0, 24]",196.5,94,21.0,-0.19
07:48:49,"[202.0, 24]","[195.62, 16]","[208.0, 48]","[273.0, 24]",205.0,112,6.0,-0.29
07:48:50,"[202.0, 27]","[201.0, 18]","[207.92, 52]","[362.74, 34]",204.96,131,5.92,-0.31
07:48:51,"[202.0, 39]","[169.95, 42]","[207.14, 56]","[219.25, 72]",204.57,209,5.14,-0.22
07:48:52,"[202.0, 21]","[133.36, 22]","[208.0, 34]","[435.29, 21]",205.0,98,6.0,-0.12
07:48:53,"[202.0, 18]","[142.44, 18]","[208.0, 24]","[438.54, 26]",205.0,86,6.0,-0.16
07:48:54,"[202.0, 24]","[169.88, 25]","[207.5, 32]","[385.63, 38]",204.75,119,5.5,-0.18
07:48:55,"[202.0, 15]","[184.0, 20]","[204.8, 10]","[206.0, 20]",203.4,65,2.8,0.08
07:48:56,"[202.0, 13]","[184.0, 28]","[205.27, 22]","[207.14, 28]",203.64,91,3.27,-0.1
07:48:57,"[202.0, 13]","[170.81, 16]","[205.25, 60]","[206.67, 60]",203.62,149,3.25,-0.61
07:48:58,"[202.96, 117]","[161.33, 18]","[204.0, 60]","[205.0, 36]",203.48,231,1.04,0.17
07:48:59,"[202.12, 97]","[188.67, 12]","[204.85, 34]","[205.96, 69]",203.49,212,2.73,0.03
07:49:00,"[203.44, 101]","[202.37, 91]","[206.0, 66]","[208.0, 44]",204.72,302,2.56,0.27
07:49:01,"[204.0, 154]","[203.0, 98]","[206.0, 94]","[208.0, 56]",205.0,402,2.0,0.25
