Time,Bid1,Bid2,Ask1,Ask2,Mid-Price,Total_volume,Bid_ask_spread,Order_imbalance
07:30:00,"[0, 0]","[0, 0]","[0, 0]","[0, 0]",0.0,0,0.0,0.0
07:30:02,"[0, 0]","[0, 0]","[103.33, 15]","[104.0, 10]",51.67,25,103.33,-1.0
07:30:03,"[26.0, 2]","[0, 0]","[101.0, 20]","[104.0, 20]",63.5,42,75.0,-0.9
07:30:04,"[62.0, 4]","[0, 0]","[99.25, 20]","[102.0, 20]",80.62,44,37.25,-0.82
07:30:05,"[69.5, 4]","[0, 0]","[99.5, 20]","[103.0, 20]",84.5,44,30.0,-0.82
07:30:06,"[92.0, 1]","[0, 0]","[100.0, 5]","[104.0, 10]",96.0,16,8.0,-0.88
07:30:07,"[0, 0]","[0, 0]","[98.0, 17]","[100.0, 6]",49.0,23,98.0,-1.0
07:30:08,"[70.8, 5]","[49.38, 8]","[98.0, 35]","[100.0, 10]",84.4,58,27.2,-0.55
07:30:09,"[89.4, 5]","[88.0, 5]","[98.0, 35]","[100.0, 10]",93.7,55,8.6,-0.64
07:30:10,"[92.82, 17]","[90.4, 5]","[98.0, 35]","[100.0, 10]",95.41,67,5.18,-0.34
07:30:11,"[94.93, 27]","[93.33, 15]","[98.0, 49]","[100.0, 14]",96.46,105,3.07,-0.2
07:30:12,"[95.0, 35]","[94.0, 7]","[98.0, 49]","[100.0, 14]",96.5,105,3.0,-0.2
07:30:13,"[95.07, 27]","[94.67, 15]","[98.0, 29]","[100.0, 14]",96.54,85,2.93,-0.01
07:30:14,"[96.96, 26]","[95.5, 10]","[99.0, 8]","[100.86, 14]",97.98,58,2.04,0.24
07:30:15,"[97.28, 18]","[96.5, 14]","[100.46, 13]","[102.5, 20]",98.87,65,3.18,-0.02
07:30:16,"[99.75, 4]","[93.0, 4]","[102.0, 12]","[104.0, 20]",100.88,40,2.25,-0.6
07:30:17,"[102.68, 34]","[93.9, 10]","[103.67, 36]","[104.71, 34]",103.17,114,0.99,-0.23
07:30:18,"[101.76, 88]","[78.4, 20]","[107.37, 30]","[111.07, 27]",104.56,165,5.61,0.31
07:30:19,"[104.47, 66]","[100.0, 77]","[112.71, 56]","[113.91, 44]",108.59,243,8.24,0.18
07:30:20,"[106.74, 34]","[99.38, 24]","[112.78, 54]","[113.28, 25]",109.76,137,6.04,-0.15
07:30:21,"[102.0, 9]","[101.0, 19]","[113.0, 38]","[114.0, 7]",107.5,73,11.0,-0.23
07:30:22,"[109.45, 38]","[106.54, 28]","[113.0, 20]","[114.0, 10]",111.22,96,3.55,0.38
07:30:23,"[110.0, 28]","[109.0, 24]","[113.0, 16]","[114.0, 8]",111.5,76,3.0,0.37
07:30:24,"[110.49, 55]","[109.54, 59]","[113.29, 34]","[113.96, 24]",111.89,172,2.8,0.33
07:30:25,"[112.0, 18]","[110.0, 36]","[114.0, 27]","[115.0, 9]",113.0,90,2.0,0.2
07:30:26,"[110.91, 22]","[109.69, 29]","[113.43, 28]","[114.25, 16]",112.17,95,2.52,0.07
07:30:27,"[110.0, 19]","[109.0, 15]","[114.0, 13]","[115.0, 7]",112.0,54,4.0,0.26
07:30:28,"[109.47, 30]","[106.4, 120]","[112.57, 28]","[113.86, 21]",111.02,199,3.1,0.51
07:30:29,"[110.0, 14]","[109.0, 28]","[112.0, 28]","[113.0, 14]",111.0,84,2.0,0.0
07:30:30,"[109.67, 12]","[108.44, 27]","[112.0, 15]","[113.0, 9]",110.83,63,2.33,0.24
07:30:31,"[109.0, 10]","[108.0, 25]","[112.0, 5]","[113.0, 5]",110.5,45,3.0,0.56
07:30:32,"[109.0, 24]","[108.0, 60]","[111.33, 12]","[112.75, 12]",110.17,108,2.33,0.56
07:30:33,"[109.0, 29]","[108.0, 60]","[111.33, 12]","[112.94, 18]",110.17,119,2.33,0.5
07:30:34,"[108.09, 22]","[106.3, 66]","[112.71, 14]","[128.3, 23]",110.4,125,4.62,0.41
07:30:35,"[108.0, 104]","[106.0, 140]","[112.5, 28]","[134.88, 32]",110.25,304,4.5,0.61
07:30:36,"[108.0, 88]","[106.0, 112]","[112.92, 26]","[155.4, 35]",110.46,261,4.92,0.53
07:30:37,"[108.0, 24]","[106.04, 102]","[112.0, 9]","[113.67, 27]",110.0,162,4.0,0.56
07:30:38,"[108.0, 24]","[107.0, 16]","[112.0, 8]","[114.0, 24]",110.0,72,4.0,0.11
07:30:39,"[108.34, 59]","[107.1, 29]","[113.69, 32]","[218.28, 57]",111.01,177,5.35,-0.01
07:30:40,"[109.0, 160]","[108.0, 24]","[114.0, 22]","[140.0, 40]",111.5,246,5.0,0.5
07:30:41,"[109.0, 280]","[108.0, 42]","[112.38, 64]","[130.96, 46]",110.69,432,3.38,0.49
07:30:42,"[107.3, 10]","[106.02, 84]","[112.0, 48]","[114.0, 12]",109.65,154,4.7,0.22
07:30:43,"[108.04, 24]","[106.19, 95]","[112.0, 96]","[114.0, 24]",110.02,239,3.96,-0.0
07:30:44,"[109.0, 10]","[108.0, 30]","[112.0, 80]","[114.0, 20]",110.5,140,3.0,-0.43
07:30:45,"[110.14, 28]","[107.17, 47]","[112.0, 120]","[114.0, 30]",111.07,225,1.86,-0.33
07:30:46,"[108.1, 63]","[106.08, 165]","[112.0, 92]","[121.64, 22]",110.05,342,3.9,0.33
07:30:47,"[108.0, 51]","[106.0, 168]","[112.0, 72]","[131.77, 13]",110.0,304,4.0,0.44
07:30:48,"[106.14, 118]","[105.58, 96]","[111.9, 80]","[113.63, 35]",109.02,329,5.76,0.3
07:30:49,"[106.37, 27]","[105.87, 63]","[112.0, 42]","[113.0, 14]",109.19,146,5.63,0.23
07:30:50,"[106.08, 50]","[105.48, 46]","[112.0, 48]","[113.0, 16]",109.04,160,5.92,0.2
07:30:51,"[106.2, 59]","[105.22, 36]","[112.0, 48]","[113.0, 16]",109.1,159,5.8,0.19
07:30:52,"[107.58, 152]","[105.8, 80]","[112.0, 36]","[113.0, 24]",109.79,292,4.42,0.59
07:30:53,"[108.0, 118]","[106.0, 64]","[112.0, 31]","[113.0, 16]",110.0,229,4.0,0.59
07:30:54,"[108.0, 140]","[105.67, 60]","[111.0, 19]","[112.0, 50]",109.5,269,3.0,0.49
07:30:55,"[108.05, 129]","[105.84, 50]","[111.0, 10]","[112.0, 64]",109.52,253,2.95,0.42
07:30:56,"[110.0, 66]","[108.0, 154]","[111.92, 53]","[115.57, 51]",110.96,324,1.92,0.36
07:30:57,"[110.0, 34]","[108.0, 112]","[112.0, 56]","[126.0, 8]",111.0,210,2.0,0.39
07:30:58,"[110.0, 33]","[108.0, 150]","[111.55, 64]","[113.94, 36]",110.77,283,1.55,0.29
07:30:59,"[110.0, 27]","[108.02, 100]","[111.0, 63]","[112.0, 37]",110.5,227,1.0,0.12
07:31:00,"[108.21, 116]","[106.93, 120]","[110.95, 84]","[111.87, 39]",109.58,359,2.75,0.31
07:31:01,"[109.02, 53]","[107.76, 133]","[111.0, 110]","[113.27, 22]",110.01,318,1.98,0.17
07:31:02,"[108.16, 112]","[106.43, 182]","[110.87, 76]","[112.78, 37]",109.51,407,2.71,0.44
07:31:03,"[106.47, 72]","[105.74, 107]","[111.0, 40]","[113.25, 32]",108.74,251,4.53,0.43
07:31:04,"[108.05, 22]","[107.34, 98]","[111.0, 40]","[113.0, 30]",109.52,190,2.95,0.26
07:31:05,"[108.15, 87]","[107.17, 155]","[111.0, 60]","[113.0, 45]",109.57,347,2.85,0.39
07:31:06,"[108.0, 120]","[106.0, 136]","[110.67, 48]","[112.47, 34]",109.33,338,2.67,0.51
07:31:07,"[108.23, 78]","[106.82, 147]","[110.0, 51]","[112.0, 24]",109.12,300,1.77,0.5
07:31:08,"[108.0, 104]","[106.0, 204]","[110.0, 24]","[112.0, 45]",109.0,377,2.0,0.63
07:31:09,"[108.0, 45]","[106.0, 119]","[110.0, 14]","[112.0, 35]",109.0,213,2.0,0.54
07:31:10,"[108.0, 63]","[106.0, 153]","[110.57, 14]","[112.28, 29]",109.29,259,2.57,0.67
07:31:11,"[108.0, 42]","[106.0, 102]","[113.0, 6]","[187.12, 8]",110.5,158,5.0,0.82
07:31:12,"[108.0, 55]","[106.0, 136]","[114.0, 8]","[134.12, 8]",111.0,207,6.0,0.85
07:31:13,"[108.16, 50]","[106.11, 112]","[112.72, 32]","[145.11, 9]",110.44,203,4.56,0.6
07:31:14,"[108.0, 84]","[106.67, 72]","[109.81, 73]","[111.21, 56]",108.9,285,1.81,0.09
07:31:15,"[108.0, 24]","[107.0, 16]","[109.0, 20]","[111.0, 24]",108.5,84,1.0,-0.05
07:31:16,"[108.0, 12]","[107.0, 48]","[109.88, 32]","[111.13, 46]",108.94,138,1.88,-0.13
07:31:17,"[107.2, 20]","[106.33, 48]","[111.33, 36]","[112.31, 45]",109.27,149,4.13,-0.09
07:31:18,"[106.66, 94]","[105.75, 128]","[111.42, 40]","[112.23, 122]",109.04,384,4.77,0.16
07:31:19,"[107.0, 30]","[106.0, 56]","[108.43, 7]","[111.96, 75]",107.71,168,1.43,0.02
07:31:20,"[107.0, 35]","[104.8, 105]","[109.42, 12]","[111.25, 36]",108.21,188,2.42,0.49
07:31:21,"[107.96, 75]","[106.04, 80]","[110.0, 9]","[111.0, 27]",108.98,191,2.04,0.62
07:31:22,"[108.0, 63]","[106.0, 70]","[110.0, 7]","[111.0, 21]",109.0,161,2.0,0.65
07:31:23,"[107.65, 68]","[105.68, 76]","[110.77, 31]","[111.83, 70]",109.21,245,3.13,0.18
07:31:24,"[105.25, 48]","[103.0, 60]","[111.0, 86]","[112.0, 50]",108.12,244,5.75,-0.11
07:31:25,"[104.76, 25]","[103.57, 47]","[111.0, 126]","[119.76, 34]",107.88,232,6.24,-0.38
07:31:26,"[105.78, 27]","[104.6, 25]","[111.0, 119]","[123.0, 28]",108.39,199,5.22,-0.48
07:31:27,"[106.36, 28]","[105.85, 40]","[111.0, 119]","[192.17, 29]",108.68,216,4.64,-0.37
07:31:28,"[107.0, 20]","[106.0, 70]","[111.0, 135]","[137.65, 49]",109.0,274,4.0,-0.34
07:31:29,"[107.25, 8]","[106.0, 28]","[111.0, 68]","[117.0, 20]",109.12,124,3.75,-0.42
07:31:30,"[108.3, 20]","[106.0, 70]","[111.0, 170]","[131.21, 38]",109.65,298,2.7,-0.4
07:31:31,"[109.49, 43]","[107.57, 67]","[111.0, 204]","[136.17, 36]",110.24,350,1.51,-0.37
07:31:32,"[110.0, 27]","[109.0, 30]","[111.0, 86]","[113.5, 18]",110.5,161,1.0,-0.29
07:31:33,"[110.0, 24]","[109.0, 17]","[111.0, 52]","[112.0, 12]",110.5,105,1.0,-0.22
07:31:34,"[110.0, 36]","[109.0, 12]","[111.0, 78]","[112.0, 18]",110.5,144,1.0,-0.33
07:31:35,"[110.0, 66]","[109.0, 22]","[111.0, 143]","[268.19, 53]",110.5,284,1.0,-0.38
07:31:36,"[109.68, 25]","[108.64, 22]","[111.0, 143]","[148.36, 55]",110.34,245,1.32,-0.62
07:31:37,"[108.5, 20]","[106.57, 42]","[110.65, 60]","[130.37, 119]",109.58,241,2.15,-0.49
07:31:38,"[107.73, 22]","[106.18, 51]","[110.12, 32]","[111.1, 104]",108.93,209,2.4,-0.3
07:31:39,"[107.67, 54]","[106.25, 48]","[110.19, 32]","[111.14, 74]",108.93,208,2.52,-0.02
07:31:40,"[108.0, 103]","[107.0, 45]","[109.43, 35]","[110.82, 65]",108.71,248,1.43,0.19
07:31:41,"[108.0, 44]","[106.29, 51]","[111.0, 55]","[113.0, 55]",109.5,205,3.0,-0.07
07:31:42,"[107.54, 48]","[105.98, 55]","[111.0, 50]","[113.0, 50]",109.27,203,3.46,0.01
07:31:43,"[106.8, 118]","[105.94, 70]","[111.0, 75]","[113.0, 75]",108.9,338,4.2,0.11
07:31:44,"[107.94, 32]","[106.0, 96]","[110.19, 62]","[111.44, 80]",109.07,270,2.26,-0.05
07:31:45,"[106.0, 78]","[105.0, 52]","[107.94, 16]","[109.43, 35]",106.97,181,1.94,0.44
07:31:46,"[106.0, 52]","[105.0, 48]","[107.31, 13]","[109.82, 79]",106.65,192,1.31,0.04
07:31:47,"[106.1, 42]","[105.21, 39]","[108.86, 22]","[109.93, 54]",107.48,157,2.77,0.03
07:31:48,"[106.0, 27]","[105.0, 27]","[109.0, 39]","[110.0, 45]",107.5,138,3.0,-0.22
07:31:49,"[106.0, 7]","[105.0, 15]","[109.0, 25]","[110.0, 25]",107.5,72,3.0,-0.39
07:31:50,"[106.0, 10]","[105.0, 30]","[109.0, 44]","[110.0, 50]",107.5,134,3.0,-0.4
07:31:51,"[105.25, 8]","[103.29, 42]","[110.5, 12]","[170.06, 32]",107.88,94,5.25,0.06
07:31:52,"[81.91, 33]","[66.35, 68]","[110.0, 30]","[111.0, 10]",95.95,141,28.09,0.43
07:31:53,"[103.0, 12]","[96.0, 27]","[110.0, 9]","[111.0, 3]",106.5,51,7.0,0.53
07:31:54,"[103.0, 28]","[88.86, 63]","[106.8, 25]","[110.2, 15]",104.9,131,3.8,0.39
07:31:55,"[103.0, 28]","[58.29, 21]","[107.79, 19]","[191.95, 21]",105.39,89,4.79,0.1
07:31:56,"[106.43, 56]","[97.2, 30]","[109.47, 19]","[122.23, 26]",107.95,131,3.05,0.31
07:31:57,"[105.07, 57]","[94.98, 51]","[109.0, 30]","[110.0, 45]",107.04,183,3.93,0.18
07:31:58,"[111.76, 21]","[104.72, 29]","[242.78, 49]","[313.53, 15]",177.27,114,131.01,-0.12
07:31:59,"[116.0, 27]","[110.0, 5]","[238.0, 25]","[459.4, 5]",177.0,62,122.0,0.03
07:32:00,"[111.39, 49]","[108.09, 46]","[236.63, 57]","[300.24, 21]",174.01,173,125.24,0.1
07:32:01,"[114.98, 41]","[109.56, 36]","[162.6, 20]","[242.6, 48]",138.79,145,47.62,0.06
07:32:02,"[116.0, 18]","[110.0, 12]","[183.14, 14]","[512.28, 18]",149.57,62,67.14,-0.03
07:32:03,"[116.0, 21]","[110.0, 14]","[181.87, 23]","[182.84, 19]",148.93,77,65.87,-0.09
07:32:04,"[116.0, 33]","[110.0, 22]","[180.35, 23]","[182.29, 31]",148.17,109,64.35,0.01
07:32:05,"[116.0, 45]","[110.0, 30]","[144.91, 55]","[170.69, 35]",130.45,165,28.91,-0.09
07:32:06,"[116.0, 24]","[111.56, 9]","[130.47, 17]","[131.11, 28]",123.24,78,14.47,-0.15
07:32:07,"[109.01, 97]","[108.07, 116]","[126.92, 26]","[128.05, 39]",117.97,278,17.91,0.53
07:32:08,"[109.0, 80]","[108.0, 90]","[123.0, 20]","[124.0, 50]",116.0,240,14.0,0.42
07:32:09,"[109.17, 72]","[108.14, 84]","[123.0, 20]","[124.0, 50]",116.08,226,13.83,0.38
07:32:10,"[110.0, 100]","[109.0, 60]","[120.86, 35]","[122.06, 31]",115.43,226,10.86,0.42
07:32:11,"[110.0, 165]","[109.0, 90]","[114.27, 51]","[115.25, 55]",112.14,361,4.27,0.41
07:32:12,"[110.0, 65]","[109.0, 54]","[111.0, 9]","[112.0, 45]",110.5,173,1.0,0.38
07:32:13,"[109.8, 50]","[108.77, 78]","[111.42, 36]","[142.17, 36]",110.61,200,1.62,0.28
07:32:14,"[109.19, 31]","[108.25, 60]","[111.0, 36]","[293.0, 8]",110.1,135,1.81,0.35
07:32:15,"[109.0, 21]","[108.0, 81]","[110.56, 27]","[293.0, 9]",109.78,138,1.56,0.48
07:32:16,"[109.0, 14]","[108.0, 63]","[110.0, 21]","[414.26, 19]",109.5,117,1.0,0.32
07:32:17,"[108.09, 44]","[107.42, 43]","[110.0, 21]","[334.5, 24]",109.05,132,1.91,0.32
07:32:18,"[108.0, 64]","[107.0, 40]","[330.79, 29]","[412.56, 27]",219.4,160,222.79,0.3
07:32:19,"[108.09, 44]","[107.39, 41]","[312.87, 23]","[478.0, 26]",210.48,134,204.78,0.27
07:32:20,"[109.0, 12]","[108.0, 63]","[228.5, 18]","[412.0, 24]",168.75,117,119.5,0.28
07:32:21,"[108.03, 124]","[107.13, 184]","[151.47, 34]","[239.53, 38]",129.75,380,43.44,0.62
07:32:22,"[108.0, 60]","[107.0, 80]","[109.0, 10]","[133.0, 5]",108.5,155,1.0,0.81
07:32:23,"[108.0, 52]","[107.0, 176]","[179.67, 24]","[394.29, 17]",143.83,269,71.67,0.7
07:32:24,"[107.03, 77]","[106.62, 26]","[401.67, 24]","[647.0, 6]",254.35,133,294.64,0.55
07:32:25,"[107.91, 129]","[106.86, 87]","[257.15, 26]","[468.5, 20]",182.53,262,149.25,0.65
07:32:26,"[110.0, 120]","[107.31, 65]","[241.5, 8]","[447.12, 17]",175.75,210,131.5,0.76
07:32:27,"[110.0, 105]","[108.0, 28]","[284.55, 22]","[382.89, 19]",197.27,174,174.55,0.53
07:32:28,"[111.12, 80]","[109.68, 101]","[259.4, 15]","[272.47, 30]",185.26,226,148.27,0.6
07:32:29,"[116.0, 21]","[110.0, 105]","[277.08, 25]","[282.6, 10]",196.54,161,161.08,0.57
07:32:30,"[111.12, 48]","[109.58, 57]","[277.83, 24]","[322.67, 6]",194.48,135,166.71,0.56
07:32:31,"[110.16, 126]","[109.11, 90]","[202.27, 45]","[255.11, 27]",156.21,288,92.11,0.5
07:32:32,"[114.0, 9]","[110.0, 90]","[214.44, 36]","[215.56, 36]",164.22,171,100.44,0.16
07:32:33,"[110.06, 64]","[108.44, 45]","[212.0, 32]","[213.88, 32]",161.03,173,101.94,0.26
07:32:34,"[110.17, 47]","[108.84, 43]","[209.86, 28]","[211.71, 28]",160.01,146,99.69,0.23
07:32:35,"[114.0, 9]","[110.0, 81]","[207.33, 36]","[208.89, 36]",160.67,162,93.33,0.11
07:32:36,"[111.09, 22]","[109.69, 64]","[203.62, 32]","[204.62, 32]",157.36,150,92.53,0.15
07:32:37,"[110.0, 64]","[108.0, 40]","[202.88, 32]","[203.88, 32]",156.44,168,92.88,0.24
07:32:38,"[110.0, 62]","[108.0, 35]","[200.29, 28]","[201.29, 28]",155.14,153,90.29,0.27
07:32:39,"[110.0, 56]","[109.0, 40]","[190.59, 17]","[200.38, 32]",150.29,145,80.59,0.32
07:32:40,"[110.0, 27]","[109.0, 45]","[165.79, 33]","[166.67, 24]",137.89,129,55.79,0.12
07:32:41,"[108.94, 48]","[108.03, 73]","[145.0, 56]","[152.74, 53]",126.97,230,36.06,0.05
07:32:42,"[109.0, 20]","[108.0, 45]","[142.56, 36]","[143.89, 36]",125.78,137,33.56,-0.05
07:32:43,"[108.57, 14]","[107.4, 50]","[138.92, 26]","[140.0, 28]",123.75,118,30.35,0.08
07:32:44,"[108.0, 12]","[107.0, 60]","[135.62, 21]","[137.0, 23]",121.81,116,27.62,0.24
07:32:45,"[109.0, 8]","[107.03, 72]","[134.0, 24]","[135.0, 32]",121.5,136,25.0,0.18
07:32:46,"[107.15, 40]","[106.82, 51]","[130.6, 40]","[131.84, 37]",118.88,168,23.45,0.08
07:32:47,"[107.0, 49]","[106.0, 14]","[125.92, 26]","[126.86, 28]",116.46,117,18.92,0.08
07:32:48,"[109.61, 36]","[108.04, 47]","[122.0, 34]","[123.12, 32]",115.81,149,12.39,0.11
07:32:49,"[111.0, 30]","[110.0, 40]","[118.9, 40]","[121.0, 40]",114.95,150,7.9,-0.07
07:32:50,"[111.0, 39]","[110.0, 52]","[116.49, 51]","[117.92, 52]",113.75,194,5.49,-0.06
07:32:51,"[110.23, 26]","[108.57, 35]","[114.11, 27]","[115.18, 22]",112.17,110,3.88,0.11
07:32:52,"[110.0, 36]","[108.0, 45]","[112.41, 29]","[113.29, 35]",111.21,145,2.41,0.12
07:32:53,"[108.14, 59]","[106.62, 16]","[125.84, 37]","[175.27, 33]",116.99,145,17.7,0.03
07:32:54,"[108.0, 37]","[106.0, 7]","[188.86, 21]","[554.43, 7]",148.43,72,80.86,0.22
07:32:55,"[108.81, 67]","[107.5, 28]","[193.67, 21]","[481.62, 26]",151.24,142,84.86,0.34
07:32:56,"[111.0, 54]","[108.0, 63]","[191.7, 20]","[422.11, 18]",151.35,155,80.7,0.51
07:32:57,"[111.0, 84]","[108.29, 82]","[190.0, 28]","[191.0, 42]",150.5,236,79.0,0.41
07:32:58,"[111.0, 54]","[110.0, 27]","[189.22, 18]","[191.0, 27]",150.11,126,78.22,0.29
07:32:59,"[111.0, 60]","[110.0, 30]","[188.0, 20]","[191.0, 30]",149.5,140,77.0,0.29
07:33:00,"[110.25, 87]","[109.26, 94]","[186.93, 29]","[187.86, 21]",148.59,231,76.68,0.57
07:33:01,"[110.0, 87]","[108.0, 63]","[153.13, 23]","[166.8, 20]",131.57,193,43.13,0.55
07:33:02,"[113.2, 90]","[109.14, 98]","[144.74, 38]","[149.18, 39]",128.97,265,31.54,0.42
07:33:03,"[116.0, 35]","[110.0, 70]","[141.24, 34]","[142.69, 26]",128.62,165,25.24,0.27
07:33:04,"[116.0, 10]","[110.0, 70]","[138.1, 40]","[141.0, 20]",127.05,140,22.1,0.14
07:33:05,"[116.0, 11]","[110.0, 132]","[136.28, 36]","[138.3, 40]",126.14,219,20.28,0.31
07:33:06,"[110.3, 101]","[109.25, 128]","[133.59, 37]","[134.65, 62]",121.95,328,23.3,0.4
07:33:07,"[110.0, 144]","[108.0, 72]","[129.08, 26]","[130.21, 29]",119.54,271,19.08,0.59
07:33:08,"[110.2, 120]","[109.07, 120]","[118.75, 32]","[121.85, 26]",114.47,298,8.55,0.61
07:33:09,"[112.0, 170]","[110.0, 70]","[116.69, 52]","[117.62, 42]",114.35,334,4.69,0.44
07:33:10,"[112.0, 138]","[110.0, 60]","[113.64, 33]","[115.8, 30]",112.82,261,1.64,0.52
07:33:11,"[112.0, 64]","[110.0, 40]","[114.33, 24]","[116.33, 24]",113.17,152,2.33,0.37
07:33:12,"[112.0, 112]","[110.0, 60]","[113.25, 48]","[115.0, 24]",112.62,244,1.25,0.41
07:33:13,"[112.1, 118]","[110.74, 81]","[113.73, 44]","[125.37, 54]",112.91,297,1.63,0.34
07:33:14,"[111.45, 33]","[110.61, 31]","[113.5, 16]","[251.97, 36]",112.48,116,2.05,0.1
07:33:15,"[109.97, 33]","[108.8, 15]","[111.15, 26]","[294.92, 65]",110.56,139,1.18,-0.31
07:33:16,"[109.0, 8]","[108.0, 54]","[110.67, 18]","[486.14, 28]",109.83,108,1.67,0.15
07:33:17,"[108.02, 41]","[106.7, 23]","[109.6, 10]","[132.25, 16]",108.81,90,1.58,0.42
07:33:18,"[108.0, 56]","[106.0, 24]","[109.0, 8]","[110.0, 24]",108.5,112,1.0,0.43
07:33:19,"[108.0, 37]","[106.0, 24]","[109.6, 10]","[126.5, 26]",108.8,97,1.6,0.26
07:33:20,"[106.65, 37]","[105.12, 102]","[110.76, 37]","[210.42, 45]",108.7,221,4.11,0.26
07:33:21,"[109.26, 38]","[105.63, 35]","[111.0, 39]","[368.55, 22]",110.13,134,1.74,0.09
07:33:22,"[110.0, 30]","[106.0, 16]","[111.0, 18]","[431.57, 7]",110.5,71,1.0,0.3
07:33:23,"[110.0, 30]","[106.0, 12]","[111.0, 18]","[434.0, 15]",110.5,75,1.0,0.12
07:33:24,"[110.0, 37]","[106.0, 22]","[111.0, 33]","[407.79, 28]",110.5,120,1.0,-0.02
07:33:25,"[109.0, 32]","[104.62, 52]","[110.94, 35]","[294.1, 30]",109.97,149,1.94,0.13
07:33:26,"[106.0, 24]","[104.0, 108]","[110.0, 24]","[111.0, 36]",108.0,192,4.0,0.38
07:33:27,"[106.8, 25]","[104.5, 72]","[111.0, 33]","[194.0, 55]",108.9,185,4.2,0.05
07:33:28,"[110.0, 13]","[106.0, 26]","[151.69, 32]","[237.26, 19]",130.84,90,41.69,-0.13
07:33:29,"[111.8, 41]","[109.56, 9]","[276.5, 8]","[446.0, 6]",194.15,64,164.7,0.56
07:33:30,"[112.0, 292]","[111.0, 28]","[206.0, 14]","[578.65, 34]",159.0,368,94.0,0.74
07:33:31,"[112.0, 161]","[111.0, 14]","[187.8, 10]","[391.45, 11]",149.9,196,75.8,0.79
07:33:32,"[112.0, 181]","[111.0, 24]","[197.5, 24]","[296.6, 30]",154.75,259,85.5,0.58
07:33:33,"[112.0, 54]","[111.0, 20]","[153.0, 20]","[160.0, 50]",132.5,144,41.0,0.03
07:33:34,"[112.0, 24]","[111.0, 12]","[172.5, 12]","[279.12, 16]",142.25,64,60.5,0.12
07:33:35,"[112.0, 32]","[111.0, 22]","[191.38, 32]","[315.96, 24]",151.69,110,79.38,-0.02
07:33:36,"[112.0, 10]","[111.0, 20]","[191.0, 40]","[309.62, 26]",151.5,96,79.0,-0.38
07:33:37,"[112.0, 11]","[111.0, 22]","[189.64, 44]","[191.0, 44]",150.82,121,77.64,-0.45
07:33:38,"[112.0, 10]","[111.0, 20]","[187.9, 40]","[188.9, 40]",149.95,110,75.9,-0.45
07:33:39,"[113.32, 53]","[111.47, 15]","[186.55, 44]","[188.0, 44]",149.93,156,73.22,-0.13
07:33:40,"[112.7, 27]","[111.3, 23]","[184.6, 60]","[187.73, 60]",148.65,170,71.9,-0.41
07:33:41,"[112.0, 20]","[111.0, 26]","[179.15, 52]","[180.54, 52]",145.58,150,67.15,-0.39
07:33:42,"[111.0, 9]","[110.0, 135]","[175.33, 36]","[176.56, 36]",143.17,216,64.33,0.33
07:33:43,"[110.05, 79]","[109.8, 75]","[171.89, 36]","[173.44, 36]",140.97,226,61.84,0.36
07:33:44,"[110.0, 159]","[109.0, 39]","[133.05, 43]","[171.62, 52]",121.52,293,23.05,0.35
07:33:45,"[109.92, 39]","[108.67, 27]","[111.0, 21]","[173.0, 28]",110.46,115,1.08,0.15
07:33:46,"[108.0, 117]","[106.0, 39]","[110.11, 45]","[152.05, 44]",109.06,245,2.11,0.27
07:33:47,"[108.59, 83]","[107.97, 67]","[162.13, 23]","[353.29, 14]",135.36,187,53.54,0.6
07:33:48,"[110.0, 95]","[108.33, 99]","[542.82, 17]","[723.18, 38]",326.41,249,432.82,0.56
07:33:49,"[112.57, 140]","[109.27, 151]","[287.91, 45]","[464.0, 24]",200.24,360,175.34,0.62
07:33:50,"[116.0, 110]","[110.0, 176]","[192.76, 49]","[265.43, 46]",154.38,381,76.76,0.5
07:33:51,"[116.0, 80]","[110.27, 44]","[193.62, 40]","[415.36, 22]",154.81,186,77.62,0.33
07:33:52,"[116.0, 50]","[111.0, 10]","[192.4, 25]","[526.0, 10]",154.2,95,76.4,0.26
07:33:53,"[116.0, 50]","[111.0, 10]","[191.0, 25]","[491.6, 10]",153.5,95,75.0,0.26
07:33:54,"[116.0, 90]","[111.0, 18]","[191.0, 45]","[304.36, 22]",153.5,175,75.0,0.23
07:33:55,"[116.0, 170]","[111.0, 34]","[190.53, 85]","[227.13, 61]",153.26,350,74.53,0.17
07:33:56,"[116.0, 49]","[111.0, 14]","[188.57, 35]","[189.86, 35]",152.29,133,72.57,-0.05
07:33:57,"[116.0, 73]","[111.0, 22]","[170.62, 53]","[182.16, 51]",143.31,199,54.62,-0.05
07:33:58,"[116.0, 47]","[111.0, 22]","[118.36, 55]","[121.92, 53]",117.18,177,2.36,-0.22
07:33:59,"[114.07, 27]","[111.69, 13]","[116.82, 55]","[136.3, 37]",115.45,132,2.74,-0.39
07:34:00,"[114.0, 16]","[112.0, 39]","[115.38, 26]","[165.76, 25]",114.69,106,1.38,0.04
07:34:01,"[112.08, 100]","[111.6, 40]","[114.6, 30]","[135.5, 44]",113.34,214,2.52,0.31
07:34:02,"[112.0, 47]","[111.0, 12]","[113.0, 12]","[223.12, 24]",112.5,95,1.0,0.24
07:34:03,"[112.0, 78]","[111.0, 28]","[285.4, 40]","[352.33, 54]",198.7,200,173.4,0.06
07:34:04,"[112.0, 36]","[111.0, 18]","[221.56, 27]","[371.79, 28]",166.78,109,109.56,-0.01
07:34:05,"[110.32, 50]","[110.0, 16]","[193.75, 20]","[361.0, 18]",152.03,104,83.43,0.27
07:34:06,"[110.0, 64]","[109.0, 16]","[112.0, 20]","[221.0, 12]",111.0,112,2.0,0.43
07:34:07,"[110.0, 104]","[109.0, 48]","[111.0, 36]","[113.83, 60]",110.5,248,1.0,0.23
07:34:08,"[110.0, 47]","[109.0, 36]","[111.0, 27]","[114.0, 45]",110.5,155,1.0,0.07
07:34:09,"[110.0, 35]","[109.0, 28]","[111.0, 21]","[114.0, 35]",110.5,119,1.0,0.06
07:34:10,"[110.0, 39]","[109.0, 40]","[113.14, 35]","[195.85, 41]",111.57,155,3.14,0.02
07:34:11,"[110.0, 14]","[108.89, 27]","[114.0, 35]","[342.29, 21]",112.0,97,4.0,-0.15
07:34:12,"[110.0, 20]","[108.58, 43]","[114.0, 50]","[154.73, 22]",112.0,135,4.0,-0.07
07:34:13,"[111.95, 74]","[109.72, 25]","[114.0, 50]","[128.0, 20]",112.97,169,2.05,0.17
07:34:14,"[112.0, 61]","[110.0, 16]","[114.0, 40]","[128.75, 16]",113.0,133,2.0,0.16
07:34:15,"[112.0, 232]","[110.0, 20]","[114.0, 50]","[155.0, 24]",113.0,326,2.0,0.55
07:34:16,"[112.0, 150]","[110.0, 12]","[114.0, 30]","[272.67, 18]",113.0,210,2.0,0.54
07:34:17,"[112.0, 225]","[110.0, 18]","[113.57, 35]","[141.15, 33]",112.79,311,1.57,0.56
07:34:18,"[112.0, 181]","[110.0, 16]","[113.74, 34]","[144.0, 25]",112.87,256,1.74,0.54
07:34:19,"[112.0, 144]","[110.0, 16]","[114.5, 40]","[196.76, 17]",113.25,217,2.5,0.47
07:34:20,"[112.37, 139]","[110.83, 36]","[199.75, 32]","[361.57, 23]",156.06,230,87.38,0.52
07:34:21,"[116.0, 110]","[112.67, 27]","[183.29, 42]","[311.53, 32]",149.64,211,67.29,0.3
07:34:22,"[116.0, 64]","[112.08, 131]","[186.83, 12]","[353.54, 39]",151.42,246,70.83,0.59
07:34:23,"[114.95, 65]","[111.97, 219]","[184.05, 21]","[185.11, 18]",149.5,323,69.09,0.76
07:34:24,"[112.0, 238]","[110.93, 42]","[137.48, 42]","[166.76, 21]",124.74,343,25.48,0.63
07:34:25,"[112.0, 231]","[110.07, 45]","[118.15, 20]","[119.88, 32]",115.08,328,6.15,0.68
07:34:26,"[112.0, 115]","[110.0, 30]","[114.3, 20]","[115.3, 20]",113.15,185,2.3,0.57
07:34:27,"[112.0, 62]","[110.0, 24]","[113.0, 16]","[114.0, 16]",112.5,118,1.0,0.46
07:34:28,"[112.0, 52]","[110.0, 36]","[211.57, 42]","[288.44, 54]",161.79,184,99.57,-0.04
07:34:29,"[112.0, 38]","[110.0, 18]","[218.33, 30]","[315.0, 30]",165.17,116,106.33,-0.03
07:34:30,"[112.0, 104]","[110.0, 21]","[283.5, 40]","[354.75, 40]",197.75,205,171.5,0.22
07:34:31,"[112.0, 117]","[110.0, 27]","[222.44, 45]","[402.33, 45]",167.22,234,110.44,0.23
07:34:32,"[112.0, 99]","[110.0, 28]","[501.11, 45]","[648.0, 45]",306.56,217,389.11,0.17
07:34:33,"[112.0, 63]","[110.0, 24]","[502.0, 30]","[585.83, 30]",307.0,147,390.0,0.18
07:34:34,"[112.0, 88]","[110.0, 32]","[402.62, 40]","[556.75, 40]",257.31,200,290.62,0.2
07:34:35,"[112.0, 71]","[110.0, 28]","[267.86, 35]","[502.0, 35]",189.93,169,155.86,0.17
07:34:36,"[112.0, 80]","[110.0, 32]","[322.0, 25]","[402.35, 37]",217.0,174,210.0,0.29
07:34:37,"[112.0, 120]","[110.0, 48]","[485.17, 54]","[548.67, 60]",298.58,282,373.17,0.19
07:34:38,"[112.0, 45]","[110.0, 24]","[420.83, 24]","[657.14, 21]",266.42,114,308.83,0.21
07:34:39,"[110.88, 43]","[109.36, 56]","[271.43, 47]","[359.23, 52]",191.15,198,160.54,0.0
07:34:40,"[113.54, 39]","[109.57, 56]","[251.18, 40]","[303.62, 40]",182.36,175,137.64,0.09
07:34:41,"[116.0, 24]","[110.0, 48]","[229.25, 60]","[256.69, 48]",172.62,180,113.25,-0.2
07:34:42,"[110.0, 21]","[109.0, 42]","[254.0, 35]","[297.0, 7]",182.0,105,144.0,0.2
07:34:43,"[110.0, 30]","[109.0, 60]","[242.79, 34]","[243.81, 26]",176.4,150,132.79,0.2
07:34:44,"[110.0, 24]","[109.0, 63]","[223.62, 8]","[225.0, 40]",166.81,135,113.62,0.29
07:34:45,"[110.0, 24]","[109.0, 52]","[156.04, 28]","[280.78, 18]",133.02,122,46.04,0.25
07:34:46,"[109.94, 32]","[108.71, 34]","[148.0, 60]","[166.0, 60]",128.97,186,38.06,-0.29
07:34:47,"[110.0, 30]","[109.0, 34]","[147.36, 14]","[149.8, 50]",128.68,128,37.36,0.0
07:34:48,"[110.0, 42]","[109.0, 56]","[119.31, 42]","[133.78, 51]",114.65,191,9.31,0.03
07:34:49,"[110.0, 30]","[109.0, 40]","[111.59, 37]","[128.08, 26]",110.8,133,1.59,0.05
07:34:50,"[109.11, 83]","[108.15, 82]","[110.98, 53]","[272.13, 39]",110.04,257,1.87,0.28
07:34:51,"[109.0, 51]","[108.0, 81]","[110.93, 30]","[282.76, 25]",109.97,187,1.93,0.41
07:34:52,"[109.0, 37]","[108.0, 108]","[110.33, 48]","[348.4, 58]",109.67,251,1.33,0.16
07:34:53,"[109.0, 7]","[108.0, 63]","[166.08, 26]","[460.18, 17]",137.54,113,57.08,0.24
07:34:54,"[109.2, 10]","[108.03, 74]","[318.04, 28]","[341.5, 28]",213.62,140,208.84,0.2
07:34:55,"[113.69, 29]","[110.08, 62]","[266.38, 24]","[268.0, 16]",190.03,131,152.69,0.39
07:34:56,"[116.0, 18]","[112.0, 36]","[266.0, 18]","[268.0, 12]",191.0,84,150.0,0.29
07:34:57,"[116.0, 15]","[112.0, 66]","[243.46, 41]","[296.73, 37]",179.73,159,127.46,0.02
07:34:58,"[116.0, 10]","[112.0, 60]","[216.46, 28]","[270.91, 46]",166.23,144,100.46,-0.03
07:34:59,"[112.31, 52]","[110.46, 104]","[206.1, 39]","[207.55, 53]",159.21,248,93.79,0.26
07:35:00,"[112.0, 56]","[110.0, 110]","[204.91, 55]","[206.0, 33]",158.45,254,92.91,0.31
07:35:01,"[112.0, 44]","[110.0, 110]","[166.65, 48]","[202.76, 45]",139.32,247,54.65,0.25
07:35:02,"[115.59, 39]","[111.33, 30]","[149.31, 26]","[195.89, 18]",132.45,113,33.72,0.22
07:35:03,"[116.0, 42]","[112.0, 24]","[117.0, 24]","[175.0, 10]",116.5,100,1.0,0.32
07:35:04,"[115.32, 22]","[112.02, 41]","[116.63, 41]","[182.87, 46]",115.98,150,1.32,-0.16
07:35:05,"[112.17, 24]","[110.48, 66]","[115.55, 47]","[258.26, 31]",113.86,168,3.39,0.07
07:35:06,"[112.0, 33]","[110.0, 90]","[115.09, 35]","[203.8, 30]",113.54,188,3.09,0.31
07:35:07,"[110.06, 33]","[109.71, 14]","[113.0, 10]","[117.0, 20]",111.53,77,2.94,0.22
07:35:08,"[110.0, 110]","[109.0, 11]","[114.62, 32]","[177.91, 35]",112.31,188,4.62,0.29
07:35:09,"[111.65, 66]","[110.32, 62]","[116.0, 36]","[203.0, 18]",113.83,182,4.35,0.41
07:35:10,"[112.0, 99]","[110.0, 57]","[116.0, 36]","[198.29, 21]",114.0,213,4.0,0.46
07:35:11,"[112.0, 103]","[110.0, 87]","[115.85, 40]","[348.22, 37]",113.92,267,3.85,0.42
07:35:12,"[112.0, 81]","[110.0, 111]","[114.0, 18]","[116.0, 36]",113.0,246,2.0,0.56
07:35:13,"[112.0, 88]","[110.0, 165]","[114.77, 26]","[144.91, 44]",113.38,323,2.77,0.57
07:35:14,"[112.0, 16]","[110.0, 60]","[118.0, 16]","[245.77, 13]",115.0,105,6.0,0.45
07:35:15,"[112.0, 24]","[110.0, 90]","[117.87, 23]","[210.37, 19]",114.93,156,5.87,0.46
07:35:16,"[112.0, 54]","[110.0, 225]","[116.13, 45]","[118.0, 60]",114.07,384,4.13,0.45
07:35:17,"[112.0, 20]","[110.33, 67]","[114.2, 50]","[116.69, 52]",113.1,189,2.2,-0.08
07:35:18,"[110.06, 62]","[109.56, 54]","[113.25, 24]","[115.2, 20]",111.66,160,3.19,0.45
07:35:19,"[110.0, 160]","[109.0, 72]","[112.23, 43]","[115.46, 41]",111.12,316,2.23,0.47
07:35:20,"[110.0, 74]","[109.0, 48]","[113.0, 24]","[117.0, 32]",111.5,178,3.0,0.37
07:35:21,"[110.0, 56]","[109.0, 48]","[112.88, 24]","[117.0, 32]",111.44,160,2.88,0.3
07:35:22,"[110.0, 77]","[109.0, 66]","[111.27, 33]","[117.0, 44]",110.64,220,1.27,0.3
07:35:23,"[110.0, 41]","[109.0, 42]","[113.0, 24]","[141.11, 19]",111.5,126,3.0,0.32
07:35:24,"[110.0, 26]","[109.0, 60]","[112.8, 20]","[114.33, 24]",111.4,130,2.8,0.32
07:35:25,"[110.0, 11]","[109.0, 66]","[111.09, 22]","[112.18, 22]",110.55,121,1.09,0.27
07:35:26,"[109.23, 31]","[108.57, 74]","[111.36, 22]","[113.6, 30]",110.29,157,2.14,0.34
07:35:27,"[109.0, 73]","[108.0, 117]","[112.0, 23]","[163.62, 45]",110.5,258,3.0,0.47
07:35:28,"[109.0, 21]","[108.0, 63]","[115.71, 28]","[515.17, 23]",112.36,135,6.71,0.24
07:35:29,"[109.0, 27]","[108.0, 81]","[115.08, 26]","[337.2, 40]",112.04,174,6.08,0.24
07:35:30,"[109.0, 18]","[108.0, 54]","[115.0, 24]","[498.0, 18]",112.0,114,6.0,0.26
07:35:31,"[108.2, 45]","[107.74, 31]","[115.0, 28]","[232.14, 7]",111.6,111,6.8,0.37
07:35:32,"[108.0, 85]","[106.0, 11]","[114.9, 40]","[169.42, 24]",111.45,160,6.9,0.2
07:35:33,"[108.97, 31]","[107.84, 38]","[113.5, 16]","[115.0, 32]",111.23,117,4.53,0.18
07:35:34,"[108.98, 43]","[107.78, 55]","[114.58, 38]","[195.17, 58]",111.78,194,5.6,0.01
07:35:35,"[108.43, 37]","[106.5, 12]","[116.0, 40]","[178.54, 26]",112.22,115,7.57,-0.15
07:35:36,"[110.0, 64]","[108.0, 24]","[115.14, 14]","[127.47, 34]",112.57,136,5.14,0.29
07:35:37,"[110.0, 64]","[108.0, 24]","[116.0, 32]","[258.57, 28]",113.0,148,6.0,0.19
07:35:38,"[110.0, 74]","[108.0, 30]","[326.17, 24]","[618.53, 34]",218.08,162,216.17,0.28
07:35:39,"[110.0, 60]","[109.0, 72]","[241.0, 35]","[422.0, 25]",175.5,192,131.0,0.38
07:35:40,"[110.83, 29]","[109.91, 66]","[248.51, 41]","[409.83, 30]",179.67,166,137.68,0.14
07:35:41,"[112.0, 138]","[110.0, 84]","[123.95, 78]","[139.72, 53]",117.97,353,11.95,0.26
07:35:42,"[112.0, 117]","[110.0, 105]","[114.07, 75]","[116.4, 60]",113.03,357,2.07,0.24
07:35:43,"[110.88, 25]","[109.84, 75]","[113.6, 53]","[121.0, 38]",112.24,191,2.72,0.05
07:35:44,"[110.0, 63]","[109.0, 54]","[116.56, 36]","[135.1, 21]",113.28,174,6.56,0.34
07:35:45,"[110.0, 56]","[109.0, 48]","[115.93, 57]","[138.0, 15]",112.96,176,5.93,0.18
07:35:46,"[112.0, 9]","[110.0, 63]","[114.11, 36]","[116.0, 39]",113.06,147,2.11,-0.02
07:35:47,"[112.0, 7]","[110.0, 47]","[113.29, 28]","[116.0, 28]",112.64,110,1.29,-0.02
07:35:48,"[112.0, 8]","[110.0, 46]","[113.0, 32]","[413.67, 27]",112.5,113,1.0,-0.04
07:35:49,"[112.0, 10]","[110.0, 70]","[228.05, 43]","[419.21, 38]",170.02,161,116.05,-0.01
07:35:50,"[110.67, 24]","[109.93, 60]","[338.59, 34]","[629.81, 32]",224.63,150,227.92,0.12
07:35:51,"[109.29, 14]","[108.03, 31]","[388.35, 31]","[388.84, 19]",248.82,95,279.07,-0.05
07:35:52,"[108.8, 15]","[107.77, 47]","[200.0, 47]","[291.8, 35]",154.4,144,91.2,-0.14
07:35:53,"[107.03, 86]","[106.53, 36]","[108.73, 45]","[279.83, 42]",107.88,209,1.7,0.17
07:35:54,"[105.17, 24]","[98.04, 25]","[150.29, 28]","[390.76, 25]",127.73,102,45.12,-0.04
07:35:55,"[108.0, 45]","[95.31, 26]","[262.47, 17]","[266.52, 27]",185.24,115,154.47,0.23
07:35:56,"[108.0, 54]","[105.0, 36]","[199.68, 25]","[226.35, 20]",153.84,135,91.68,0.33
07:35:57,"[108.38, 40]","[106.91, 55]","[111.86, 37]","[117.29, 21]",110.12,153,3.49,0.24
07:35:58,"[108.0, 70]","[105.33, 36]","[109.44, 25]","[183.27, 26]",108.72,157,1.44,0.35
07:35:59,"[108.0, 49]","[106.0, 21]","[109.0, 7]","[110.0, 7]",108.5,84,1.0,0.67
07:36:00,"[108.0, 33]","[106.0, 36]","[109.0, 12]","[324.2, 30]",108.5,111,1.0,0.24
07:36:01,"[108.67, 9]","[106.85, 26]","[393.91, 11]","[543.73, 30]",251.29,76,285.24,-0.08
07:36:02,"[110.0, 6]","[108.0, 60]","[375.83, 6]","[543.0, 30]",242.92,102,265.83,0.29
07:36:03,"[110.9, 73]","[108.16, 76]","[362.25, 28]","[480.96, 51]",236.58,228,251.35,0.31
07:36:04,"[111.0, 131]","[110.0, 13]","[270.64, 22]","[480.45, 58]",190.82,224,159.64,0.29
07:36:05,"[111.56, 90]","[110.0, 9]","[113.0, 9]","[229.0, 9]",112.28,117,1.44,0.69
07:36:06,"[112.0, 80]","[110.0, 22]","[113.0, 8]","[297.25, 8]",112.5,118,1.0,0.73
07:36:07,"[112.0, 56]","[110.0, 56]","[113.0, 7]","[573.27, 15]",112.5,134,1.0,0.67
07:36:08,"[112.0, 47]","[110.0, 72]","[113.0, 9]","[391.55, 11]",112.5,139,1.0,0.71
07:36:09,"[110.0, 46]","[108.38, 64]","[113.0, 10]","[225.0, 10]",111.5,130,3.0,0.69
07:36:10,"[110.0, 37]","[109.0, 143]","[113.0, 11]","[183.18, 11]",111.5,202,3.0,0.78
07:36:11,"[109.12, 34]","[108.46, 56]","[113.0, 5]","[195.0, 5]",111.06,100,3.88,0.8
07:36:12,"[109.0, 100]","[108.0, 100]","[113.0, 10]","[288.41, 37]",111.0,247,4.0,0.62
07:36:13,"[109.0, 100]","[108.0, 100]","[113.0, 10]","[275.8, 40]",111.0,250,4.0,0.6
07:36:14,"[110.0, 81]","[109.0, 90]","[113.0, 9]","[233.29, 28]",111.5,208,3.0,0.64
07:36:15,"[110.0, 100]","[109.0, 120]","[111.19, 31]","[146.44, 18]",110.6,269,1.19,0.64
07:36:16,"[110.0, 78]","[109.0, 120]","[112.25, 16]","[135.85, 40]",111.12,254,2.25,0.56
07:36:17,"[110.0, 42]","[109.0, 70]","[191.67, 9]","[246.25, 24]",150.83,145,81.67,0.54
07:36:18,"[110.0, 50]","[109.0, 100]","[200.78, 37]","[332.11, 27]",155.39,214,90.78,0.4
07:36:19,"[110.0, 44]","[109.0, 110]","[195.89, 38]","[264.31, 36]",152.95,228,85.89,0.35
07:36:20,"[110.0, 32]","[109.0, 80]","[174.0, 16]","[222.59, 22]",142.0,150,64.0,0.49
07:36:21,"[110.0, 34]","[109.0, 100]","[145.0, 20]","[231.0, 30]",127.5,184,35.0,0.46
07:36:22,"[110.88, 16]","[109.29, 42]","[175.0, 14]","[250.55, 11]",142.94,83,64.12,0.4
07:36:23,"[112.0, 10]","[110.0, 30]","[126.84, 38]","[215.54, 13]",119.42,91,14.84,-0.12
07:36:24,"[112.0, 7]","[110.0, 21]","[114.0, 35]","[347.29, 14]",113.0,77,2.0,-0.27
07:36:25,"[112.0, 7]","[110.0, 21]","[272.35, 23]","[321.24, 17]",192.17,68,160.35,-0.18
07:36:26,"[109.97, 40]","[108.93, 84]","[201.03, 37]","[237.26, 43]",155.5,204,91.05,0.22
07:36:27,"[109.0, 92]","[108.0, 180]","[188.42, 48]","[190.0, 36]",148.71,356,79.42,0.53
07:36:28,"[109.0, 98]","[108.0, 150]","[187.0, 40]","[269.66, 29]",148.0,317,78.0,0.56
07:36:29,"[109.6, 60]","[108.67, 136]","[186.1, 40]","[487.4, 50]",147.85,286,76.5,0.37
07:36:30,"[111.04, 49]","[108.91, 104]","[184.27, 44]","[186.0, 44]",147.66,241,73.23,0.27
07:36:31,"[109.0, 74]","[108.0, 150]","[181.6, 40]","[183.4, 40]",145.3,304,72.6,0.47
07:36:32,"[109.0, 144]","[108.0, 240]","[124.73, 62]","[153.49, 65]",116.86,511,15.73,0.5
07:36:33,"[109.0, 90]","[108.0, 270]","[110.0, 54]","[146.5, 48]",109.5,462,1.0,0.56
07:36:34,"[109.0, 8]","[108.0, 120]","[110.0, 17]","[114.0, 16]",109.5,161,1.0,0.59
07:36:35,"[109.0, 11]","[108.0, 165]","[110.0, 22]","[114.0, 22]",109.5,220,1.0,0.6
07:36:36,"[108.01, 122]","[106.91, 33]","[109.9, 20]","[113.6, 20]",108.95,195,1.89,0.59
07:36:37,"[108.0, 33]","[106.0, 22]","[110.79, 29]","[113.82, 22]",109.4,106,2.79,0.04
07:36:38,"[108.0, 36]","[106.0, 24]","[111.0, 36]","[113.0, 24]",109.5,120,3.0,0.0
07:36:39,"[109.0, 59]","[107.48, 54]","[111.0, 38]","[113.0, 34]",110.0,185,2.0,0.22
07:36:40,"[110.0, 57]","[108.0, 56]","[111.0, 28]","[113.0, 28]",110.5,169,1.0,0.34
07:36:41,"[110.0, 32]","[108.55, 44]","[111.0, 26]","[113.0, 26]",110.5,128,1.0,0.19
07:36:42,"[108.0, 26]","[106.0, 24]","[109.89, 36]","[111.83, 24]",108.94,110,1.89,-0.09
07:36:43,"[109.2, 35]","[106.6, 20]","[111.9, 10]","[113.0, 20]",110.55,85,2.7,0.29
07:36:44,"[110.0, 91]","[107.23, 26]","[112.87, 23]","[411.4, 50]",111.43,190,2.87,0.23
07:36:45,"[110.0, 56]","[108.0, 16]","[111.97, 35]","[245.97, 32]",110.99,139,1.97,0.04
07:36:46,"[110.0, 63]","[108.0, 18]","[111.0, 27]","[112.0, 45]",110.5,153,1.0,0.06
07:36:47,"[110.0, 35]","[108.0, 10]","[111.0, 17]","[112.0, 25]",110.5,87,1.0,0.03
07:36:48,"[110.0, 35]","[108.86, 14]","[111.0, 25]","[112.0, 25]",110.5,99,1.0,-0.01
07:36:49,"[110.0, 9]","[109.0, 9]","[111.0, 6]","[112.0, 15]",110.5,39,1.0,-0.08
07:36:50,"[110.0, 28]","[108.14, 21]","[111.0, 20]","[112.0, 50]",110.5,119,1.0,-0.18
07:36:51,"[109.56, 27]","[107.6, 15]","[111.0, 10]","[112.0, 45]",110.28,97,1.44,-0.13
07:36:52,"[108.0, 14]","[106.0, 7]","[111.0, 7]","[112.0, 35]",109.5,63,3.0,-0.33
07:36:53,"[108.85, 13]","[107.95, 39]","[111.94, 48]","[164.86, 51]",110.39,151,3.09,-0.31
07:36:54,"[109.0, 57]","[108.0, 54]","[111.4, 30]","[134.27, 41]",110.2,182,2.4,0.22
07:36:55,"[108.69, 97]","[107.82, 66]","[159.47, 59]","[303.23, 70]",134.08,292,50.78,0.12
07:36:56,"[108.0, 45]","[106.0, 9]","[226.59, 34]","[432.56, 36]",167.29,124,118.59,-0.13
07:36:57,"[108.0, 20]","[106.0, 4]","[136.0, 12]","[230.25, 16]",122.0,52,28.0,-0.08
07:36:58,"[108.0, 25]","[106.0, 5]","[285.33, 18]","[431.0, 20]",196.67,68,177.33,-0.12
07:36:59,"[108.0, 35]","[106.0, 7]","[188.46, 41]","[398.12, 32]",148.23,115,80.46,-0.27
07:37:00,"[108.0, 62]","[106.0, 13]","[202.66, 59]","[366.67, 60]",155.33,194,94.66,-0.23
07:37:01,"[108.0, 31]","[106.76, 29]","[156.89, 35]","[373.15, 54]",132.44,149,48.89,-0.19
07:37:02,"[109.6, 50]","[106.0, 10]","[112.2, 44]","[215.5, 36]",110.9,140,2.6,-0.14
07:37:03,"[110.0, 41]","[106.0, 7]","[111.57, 35]","[113.0, 21]",110.79,104,1.57,-0.08
07:37:04,"[109.57, 28]","[104.71, 14]","[111.53, 34]","[114.5, 30]",110.55,106,1.96,-0.21
07:37:05,"[106.0, 4]","[104.0, 12]","[114.0, 12]","[116.0, 20]",110.0,48,8.0,-0.33
07:37:06,"[104.17, 48]","[91.6, 20]","[113.44, 25]","[115.69, 51]",108.8,144,9.27,-0.06
07:37:07,"[107.84, 64]","[97.55, 44]","[111.28, 29]","[112.78, 55]",109.56,192,3.43,0.12
07:37:08,"[105.95, 38]","[104.89, 27]","[108.56, 50]","[110.3, 54]",107.25,169,2.61,-0.23
07:37:09,"[102.25, 28]","[94.16, 38]","[106.42, 52]","[109.9, 58]",104.34,176,4.17,-0.25
07:37:10,"[89.03, 67]","[78.48, 31]","[108.19, 77]","[109.81, 72]",98.61,247,19.16,-0.21
07:37:11,"[79.09, 57]","[58.89, 19]","[100.67, 54]","[103.41, 56]",89.88,186,21.58,-0.18
07:37:12,"[75.5, 30]","[73.77, 35]","[97.0, 24]","[98.0, 24]",86.25,113,21.5,0.15
07:37:13,"[76.23, 75]","[63.68, 34]","[97.0, 10]","[98.0, 40]",86.61,159,20.77,0.37
07:37:14,"[89.57, 63]","[56.45, 11]","[97.0, 27]","[98.0, 28]",93.29,129,7.43,0.15
07:37:15,"[73.71, 38]","[20.62, 16]","[97.0, 26]","[98.0, 20]",85.36,100,23.29,0.08
07:37:16,"[54.75, 36]","[31.5, 8]","[97.0, 20]","[98.0, 16]",75.88,80,42.25,0.1
07:37:17,"[47.26, 35]","[23.0, 15]","[97.0, 20]","[98.0, 16]",72.13,86,49.74,0.16
07:37:18,"[49.11, 81]","[30.83, 23]","[99.19, 21]","[123.12, 16]",74.15,141,50.08,0.48
07:37:19,"[45.75, 63]","[46.32, 37]","[103.6, 30]","[297.82, 11]",74.67,141,57.85,0.42
07:37:20,"[56.2, 5]","[47.18, 49]","[98.0, 10]","[104.0, 20]",77.1,84,41.8,0.29
07:37:21,"[61.53, 43]","[54.43, 65]","[100.29, 21]","[110.47, 34]",80.91,163,38.75,0.33
07:37:22,"[97.86, 14]","[60.81, 63]","[104.0, 32]","[276.76, 29]",100.93,138,6.14,0.12
07:37:23,"[98.4, 10]","[59.0, 60]","[101.47, 19]","[135.53, 17]",99.94,106,3.07,0.32
07:37:24,"[99.86, 56]","[64.71, 56]","[103.65, 23]","[295.42, 31]",101.75,166,3.8,0.35
07:37:25,"[100.49, 94]","[100.67, 72]","[104.0, 34]","[143.3, 30]",102.24,230,3.51,0.44
07:37:26,"[102.0, 70]","[0, 0]","[143.43, 14]","[391.25, 8]",122.71,92,41.43,0.52
07:37:27,"[102.6, 55]","[0, 0]","[170.29, 7]","[306.78, 9]",136.44,71,67.69,0.55
07:37:28,"[1.0, 16]","[0, 0]","[182.25, 12]","[204.4, 10]",91.62,38,181.25,-0.16
07:37:29,"[103.34, 35]","[46.5, 22]","[181.23, 13]","[184.0, 39]",142.29,109,77.89,0.05
07:37:30,"[111.8, 40]","[108.29, 42]","[173.65, 37]","[180.82, 17]",142.72,136,61.85,0.21
07:37:31,"[113.0, 16]","[112.0, 12]","[142.0, 20]","[143.0, 20]",127.5,68,29.0,-0.18
07:37:32,"[113.0, 36]","[112.0, 27]","[137.0, 45]","[140.44, 45]",125.0,153,24.0,-0.18
07:37:33,"[113.0, 35]","[112.0, 33]","[120.42, 19]","[123.09, 55]",116.71,142,7.42,-0.04
07:37:34,"[112.6, 5]","[111.5, 12]","[119.0, 4]","[121.0, 20]",115.8,41,6.4,-0.17
07:37:35,"[112.0, 12]","[110.0, 18]","[118.67, 6]","[121.0, 30]",115.33,66,6.67,-0.09
07:37:36,"[112.0, 29]","[110.0, 48]","[114.89, 36]","[121.05, 20]",113.44,133,2.89,0.16
07:37:37,"[110.25, 8]","[108.5, 12]","[112.94, 32]","[113.38, 16]",111.59,68,2.69,-0.41
07:37:38,"[106.28, 29]","[102.48, 29]","[109.52, 27]","[112.79, 39]",107.9,124,3.24,-0.06
07:37:39,"[103.17, 46]","[89.97, 33]","[232.81, 21]","[251.38, 40]",167.99,140,129.64,0.13
07:37:40,"[109.89, 37]","[105.75, 16]","[210.3, 33]","[478.1, 31]",160.1,117,100.41,-0.09
07:37:41,"[110.0, 70]","[108.0, 10]","[206.22, 23]","[314.69, 16]",158.11,119,96.22,0.34
07:37:42,"[110.0, 70]","[106.5, 28]","[197.29, 28]","[451.32, 44]",153.64,170,87.29,0.15
07:37:43,"[110.0, 18]","[109.0, 54]","[382.91, 22]","[507.26, 19]",246.45,113,272.91,0.27
07:37:44,"[109.37, 67]","[108.81, 37]","[395.68, 19]","[440.23, 26]",252.53,149,286.31,0.4
07:37:45,"[114.19, 81]","[108.81, 37]","[238.89, 28]","[269.48, 42]",176.54,188,124.71,0.26
07:37:46,"[116.0, 72]","[109.0, 36]","[214.95, 20]","[218.64, 22]",165.47,150,98.95,0.44
07:37:47,"[116.0, 78]","[109.0, 39]","[213.47, 53]","[214.1, 31]",164.74,201,97.47,0.16
07:37:48,"[116.0, 84]","[110.62, 72]","[211.17, 54]","[211.32, 41]",163.58,251,95.17,0.24
07:37:49,"[116.0, 60]","[111.3, 100]","[207.18, 17]","[209.56, 41]",161.59,218,91.18,0.47
07:37:50,"[116.0, 95]","[110.71, 76]","[161.91, 22]","[161.29, 41]",138.95,234,45.91,0.46
07:37:51,"[115.57, 56]","[111.36, 44]","[118.03, 36]","[119.83, 36]",116.8,172,2.46,0.16
07:37:52,"[112.0, 27]","[110.0, 63]","[115.55, 20]","[116.62, 13]",113.78,123,3.55,0.46
07:37:53,"[110.42, 71]","[109.67, 73]","[113.82, 51]","[115.36, 22]",112.12,217,3.4,0.33
07:37:54,"[110.0, 84]","[109.0, 36]","[112.42, 24]","[116.0, 12]",111.21,156,2.42,0.54
07:37:55,"[110.0, 63]","[109.0, 36]","[111.12, 34]","[141.88, 34]",110.56,167,1.12,0.19
07:37:56,"[110.0, 48]","[109.0, 36]","[111.0, 36]","[138.51, 43]",110.5,163,1.0,0.03
07:37:57,"[109.92, 74]","[108.86, 28]","[111.0, 22]","[421.35, 23]",110.46,147,1.08,0.39
07:37:58,"[110.0, 95]","[109.0, 30]","[239.67, 15]","[443.48, 31]",174.83,171,129.67,0.46
07:37:59,"[110.12, 51]","[109.31, 26]","[268.29, 28]","[357.33, 12]",189.2,117,158.17,0.32
07:38:00,"[109.25, 16]","[108.57, 14]","[254.0, 30]","[398.25, 8]",181.62,68,144.75,-0.12
07:38:01,"[109.67, 55]","[108.73, 33]","[251.49, 61]","[293.06, 17]",180.58,166,141.82,0.06
07:38:02,"[111.18, 51]","[109.9, 80]","[233.02, 56]","[247.03, 32]",172.1,219,121.84,0.2
07:38:03,"[110.0, 54]","[109.0, 12]","[183.0, 30]","[184.0, 6]",146.5,102,73.0,0.29
07:38:04,"[110.0, 42]","[109.0, 10]","[182.6, 25]","[184.0, 5]",146.3,82,72.6,0.27
07:38:05,"[110.0, 34]","[109.0, 16]","[166.86, 28]","[182.33, 24]",138.43,102,56.86,-0.02
07:38:06,"[110.0, 28]","[109.0, 14]","[178.69, 32]","[197.53, 17]",144.34,91,68.69,-0.08
07:38:07,"[110.0, 40]","[109.0, 20]","[181.9, 50]","[204.0, 20]",145.95,130,71.9,-0.08
07:38:08,"[110.62, 29]","[109.78, 46]","[180.64, 70]","[272.03, 31]",145.63,176,70.02,-0.15
07:38:09,"[110.16, 19]","[109.6, 20]","[180.0, 35]","[258.33, 15]",145.08,89,69.84,-0.12
07:38:10,"[112.76, 34]","[110.29, 21]","[180.0, 45]","[468.64, 33]",146.38,133,67.24,-0.17
07:38:11,"[113.0, 24]","[112.0, 4]","[180.0, 20]","[596.0, 4]",146.5,52,67.0,0.08
07:38:12,"[113.0, 30]","[112.0, 5]","[179.8, 25]","[652.92, 13]",146.4,73,66.8,-0.04
07:38:13,"[113.0, 90]","[112.0, 15]","[176.71, 72]","[449.21, 33]",144.85,210,63.71,0.0
07:38:14,"[113.0, 66]","[112.0, 11]","[170.22, 37]","[185.47, 45]",141.61,159,57.22,-0.03
07:38:15,"[113.75, 24]","[112.92, 39]","[175.0, 45]","[176.0, 45]",144.38,153,61.25,-0.18
07:38:16,"[116.0, 10]","[113.0, 60]","[172.4, 50]","[173.5, 50]",144.2,170,56.4,-0.18
07:38:17,"[116.0, 10]","[113.0, 60]","[167.9, 50]","[168.9, 50]",141.95,170,51.9,-0.18
07:38:18,"[116.0, 13]","[113.0, 78]","[165.56, 55]","[167.46, 65]",140.78,211,49.56,-0.14
07:38:19,"[113.21, 56]","[112.67, 36]","[160.46, 78]","[161.89, 72]",136.84,242,47.25,-0.24
07:38:20,"[110.41, 73]","[109.65, 23]","[155.49, 63]","[157.37, 63]",132.95,222,45.08,-0.14
07:38:21,"[110.0, 105]","[109.0, 32]","[151.73, 74]","[152.97, 70]",130.86,281,41.73,-0.02
07:38:22,"[110.17, 87]","[109.2, 30]","[146.62, 63]","[147.56, 57]",128.4,237,36.45,-0.01
07:38:23,"[111.34, 250]","[110.0, 96]","[138.93, 70]","[144.1, 78]",125.13,494,27.59,0.4
07:38:24,"[112.0, 250]","[110.0, 60]","[131.71, 35]","[139.11, 45]",121.86,390,19.71,0.59
07:38:25,"[112.0, 255]","[110.0, 66]","[131.59, 49]","[136.82, 51]",121.8,421,19.59,0.52
07:38:26,"[112.0, 264]","[110.0, 142]","[127.36, 55]","[128.49, 68]",119.68,529,15.36,0.53
07:38:27,"[112.0, 160]","[110.0, 170]","[126.0, 36]","[127.33, 43]",119.0,409,14.0,0.61
07:38:28,"[112.0, 146]","[110.0, 195]","[123.12, 41]","[124.06, 48]",117.56,430,11.12,0.59
07:38:29,"[112.0, 154]","[110.0, 176]","[122.0, 55]","[123.0, 44]",117.0,429,10.0,0.54
07:38:30,"[112.0, 151]","[110.0, 174]","[123.0, 56]","[125.0, 42]",117.5,423,11.0,0.54
07:38:31,"[112.0, 117]","[110.0, 169]","[120.46, 48]","[122.2, 45]",116.23,379,8.46,0.51
07:38:32,"[112.14, 116]","[110.83, 123]","[118.61, 49]","[120.61, 57]",115.38,345,6.47,0.39
07:38:33,"[111.95, 56]","[110.16, 93]","[113.8, 40]","[116.83, 36]",112.87,225,1.85,0.32
07:38:34,"[110.05, 55]","[109.58, 67]","[112.0, 18]","[113.0, 17]",111.03,157,1.95,0.55
07:38:35,"[110.0, 89]","[109.0, 119]","[132.41, 51]","[376.85, 33]",121.21,292,22.41,0.42
07:38:36,"[110.0, 40]","[109.0, 70]","[227.45, 40]","[308.07, 30]",168.72,180,117.45,0.22
07:38:37,"[110.0, 16]","[109.0, 28]","[467.0, 4]","[531.0, 12]",288.5,60,357.0,0.47
07:38:38,"[110.0, 20]","[109.0, 56]","[347.76, 34]","[505.23, 22]",228.88,132,237.76,0.15
07:38:39,"[112.62, 63]","[109.44, 50]","[466.47, 57]","[606.12, 43]",289.55,213,353.85,0.06
07:38:40,"[113.0, 55]","[110.0, 19]","[197.55, 55]","[270.26, 35]",155.27,164,84.55,-0.1
07:38:41,"[112.08, 65]","[109.62, 73]","[341.54, 65]","[442.79, 29]",226.81,232,229.46,0.19
07:38:42,"[111.61, 46]","[110.34, 53]","[357.3, 50]","[415.85, 46]",234.45,195,245.69,0.02
07:38:43,"[111.12, 75]","[110.09, 66]","[284.1, 61]","[384.02, 61]",197.61,263,172.98,0.07
07:38:44,"[114.0, 24]","[111.0, 48]","[207.09, 32]","[321.75, 40]",160.55,144,93.09,0.0
07:38:45,"[114.0, 30]","[111.0, 60]","[386.02, 44]","[393.7, 50]",250.01,184,272.02,-0.02
07:38:46,"[114.0, 32]","[111.94, 96]","[253.0, 36]","[307.78, 45]",183.5,209,139.0,0.22
07:38:47,"[112.7, 69]","[111.78, 138]","[154.18, 71]","[155.38, 50]",133.44,328,41.49,0.26
07:38:48,"[112.4, 90]","[111.6, 90]","[149.64, 36]","[152.19, 52]",131.02,268,37.24,0.34
07:38:49,"[113.0, 78]","[112.0, 117]","[139.0, 53]","[139.94, 49]",126.0,297,26.0,0.31
07:38:50,"[112.25, 72]","[111.43, 63]","[135.0, 18]","[137.0, 45]",123.62,198,22.75,0.36
07:38:51,"[112.0, 68]","[111.0, 72]","[133.03, 33]","[133.81, 47]",122.52,220,21.03,0.27
07:38:52,"[111.65, 34]","[110.79, 84]","[129.93, 30]","[131.53, 59]",120.79,207,18.29,0.14
07:38:53,"[111.0, 78]","[110.0, 117]","[128.0, 39]","[129.0, 26]",119.5,260,17.0,0.5
07:38:54,"[111.36, 28]","[110.69, 87]","[126.22, 36]","[127.36, 33]",118.79,184,14.87,0.25
07:38:55,"[111.0, 90]","[110.0, 117]","[123.55, 29]","[125.03, 62]",117.28,298,12.55,0.39
07:38:56,"[112.23, 31]","[110.77, 78]","[122.88, 25]","[124.93, 57]",117.55,191,10.65,0.14
07:38:57,"[111.46, 28]","[110.1, 120]","[121.44, 36]","[122.47, 34]",116.45,218,9.98,0.36
07:38:58,"[112.0, 12]","[110.0, 108]","[117.74, 35]","[119.79, 29]",114.87,184,5.74,0.3
07:38:59,"[110.81, 32]","[110.0, 217]","[114.98, 61]","[116.0, 35]",112.9,345,4.17,0.44
07:39:00,"[110.0, 146]","[109.0, 8]","[112.36, 28]","[114.21, 19]",111.18,201,2.36,0.53
07:39:01,"[110.0, 211]","[109.0, 13]","[111.71, 28]","[131.43, 42]",110.86,294,1.71,0.52
07:39:02,"[110.0, 69]","[109.0, 7]","[111.0, 7]","[330.0, 21]",110.5,104,1.0,0.46
07:39:03,"[110.0, 60]","[109.0, 8]","[152.62, 16]","[384.38, 16]",131.31,100,42.62,0.36
07:39:04,"[110.0, 36]","[109.0, 6]","[325.5, 8]","[537.38, 16]",217.75,66,215.5,0.27
07:39:05,"[114.7, 23]","[109.98, 46]","[246.29, 24]","[267.43, 28]",180.49,121,131.6,0.14
07:39:06,"[116.0, 18]","[110.0, 51]","[247.23, 35]","[249.71, 28]",181.61,132,131.23,0.05
07:39:07,"[113.83, 36]","[112.1, 80]","[237.43, 28]","[303.57, 21]",175.63,165,123.6,0.41
07:39:08,"[113.0, 67]","[110.0, 56]","[227.46, 24]","[448.96, 23]",170.23,170,114.46,0.45
07:39:09,"[113.0, 36]","[110.0, 48]","[204.89, 9]","[235.24, 21]",158.94,114,91.89,0.47
07:39:10,"[113.0, 48]","[110.0, 64]","[190.88, 17]","[195.2, 15]",151.94,144,77.88,0.56
07:39:11,"[113.0, 46]","[110.0, 72]","[181.64, 22]","[184.94, 32]",147.32,172,68.64,0.37
07:39:12,"[113.0, 12]","[110.0, 48]","[179.0, 12]","[180.05, 19]",146.0,91,66.0,0.32
07:39:13,"[113.0, 16]","[110.0, 41]","[176.79, 14]","[177.86, 28]",144.89,99,63.79,0.15
07:39:14,"[110.0, 46]","[108.7, 20]","[172.66, 41]","[173.49, 37]",141.33,144,62.66,-0.08
07:39:15,"[110.0, 16]","[109.0, 8]","[170.08, 26]","[171.55, 22]",140.04,72,60.08,-0.33
07:39:16,"[109.98, 49]","[108.7, 20]","[126.05, 40]","[151.31, 29]",118.01,138,16.07,0.0
07:39:17,"[111.24, 54]","[109.0, 29]","[141.35, 26]","[212.96, 26]",126.29,135,30.11,0.23
07:39:18,"[112.0, 30]","[109.0, 10]","[151.94, 17]","[164.85, 13]",131.97,70,39.94,0.14
07:39:19,"[112.0, 27]","[109.0, 9]","[148.33, 18]","[167.0, 9]",130.17,63,36.33,0.14
07:39:20,"[112.0, 33]","[109.64, 11]","[146.71, 17]","[154.5, 16]",129.35,77,34.71,0.14
07:39:21,"[112.0, 50]","[110.0, 14]","[144.17, 24]","[146.44, 18]",128.08,106,32.17,0.21
07:39:22,"[112.0, 36]","[110.0, 9]","[140.29, 17]","[144.8, 10]",126.15,72,28.29,0.25
07:39:23,"[112.86, 88]","[109.71, 14]","[138.07, 14]","[140.0, 53]",125.47,169,25.21,0.21
07:39:24,"[113.0, 64]","[110.0, 8]","[135.67, 15]","[137.67, 9]",124.33,96,22.67,0.5
07:39:25,"[113.0, 120]","[109.46, 37]","[132.14, 21]","[134.46, 24]",122.57,202,19.14,0.55
07:39:26,"[113.0, 72]","[110.0, 42]","[129.85, 13]","[130.57, 14]",121.42,141,16.85,0.62
07:39:27,"[113.0, 72]","[110.89, 27]","[127.78, 9]","[130.0, 18]",120.39,126,14.78,0.57
07:39:28,"[113.0, 96]","[112.0, 24]","[125.86, 14]","[129.64, 22]",119.43,156,12.86,0.54
07:39:29,"[113.0, 88]","[112.0, 22]","[123.11, 19]","[124.5, 16]",118.05,145,10.11,0.52
07:39:30,"[113.0, 72]","[112.0, 18]","[117.2, 15]","[118.67, 30]",115.1,135,4.2,0.33
07:39:31,"[113.0, 88]","[112.0, 43]","[116.0, 11]","[117.0, 44]",114.5,186,3.0,0.41
07:39:32,"[113.0, 80]","[112.0, 50]","[114.31, 32]","[115.83, 23]",113.66,185,1.31,0.41
07:39:33,"[113.0, 32]","[112.0, 16]","[114.86, 14]","[115.6, 10]",113.93,72,1.86,0.33
07:39:34,"[113.0, 14]","[112.0, 14]","[129.65, 23]","[177.24, 29]",121.33,80,16.65,-0.3
07:39:35,"[112.0, 6]","[110.0, 30]","[132.0, 30]","[201.0, 30]",122.0,96,20.0,-0.25
07:39:36,"[112.0, 9]","[110.0, 45]","[131.78, 45]","[185.67, 45]",121.89,144,19.78,-0.25
07:39:37,"[115.84, 25]","[111.09, 11]","[130.0, 35]","[132.0, 35]",122.92,106,14.16,-0.32
07:39:38,"[116.0, 28]","[112.0, 7]","[127.71, 35]","[132.0, 35]",121.86,105,11.71,-0.33
07:39:39,"[110.0, 48]","[107.93, 28]","[126.45, 58]","[129.31, 65]",118.22,199,16.45,-0.24
07:39:40,"[108.3, 27]","[106.8, 25]","[123.64, 25]","[125.88, 32]",115.97,109,15.34,-0.05
07:39:41,"[108.29, 14]","[106.44, 50]","[122.08, 51]","[123.33, 49]",115.18,164,13.79,-0.22
07:39:42,"[106.0, 17]","[103.46, 13]","[117.75, 36]","[119.09, 45]",111.88,111,11.75,-0.46
07:39:43,"[107.54, 26]","[106.4, 20]","[112.48, 56]","[113.52, 46]",110.01,148,4.94,-0.38
07:39:44,"[107.8, 20]","[105.38, 13]","[109.97, 39]","[111.39, 31]",108.89,103,2.17,-0.36
07:39:45,"[104.67, 12]","[99.66, 71]","[108.27, 26]","[110.31, 29]",106.47,138,3.6,0.2
07:39:46,"[106.42, 48]","[86.0, 10]","[196.0, 32]","[271.38, 26]",151.21,116,89.58,0.0
07:39:47,"[108.0, 80]","[106.53, 40]","[294.0, 30]","[320.8, 40]",201.0,190,186.0,0.26
07:39:48,"[108.0, 35]","[106.48, 29]","[271.32, 22]","[328.11, 27]",189.66,113,163.32,0.13
07:39:49,"[108.71, 35]","[106.91, 33]","[256.0, 27]","[257.0, 36]",182.36,131,147.29,0.04
07:39:50,"[109.36, 11]","[106.59, 34]","[255.4, 30]","[257.0, 40]",182.38,115,146.04,-0.22
07:39:51,"[108.0, 13]","[106.0, 39]","[244.27, 44]","[252.49, 47]",176.14,143,136.27,-0.27
07:39:52,"[108.93, 106]","[100.16, 61]","[168.03, 29]","[197.84, 19]",138.48,215,59.1,0.55
07:39:53,"[112.0, 80]","[102.92, 38]","[148.0, 24]","[181.6, 10]",130.0,152,36.0,0.55
07:39:54,"[112.0, 112]","[106.0, 12]","[147.42, 36]","[191.75, 36]",129.71,196,35.42,0.27
07:39:55,"[112.0, 54]","[109.56, 9]","[146.33, 27]","[148.0, 27]",129.17,117,34.33,0.08
07:39:56,"[112.0, 60]","[110.0, 10]","[145.5, 30]","[147.0, 30]",128.75,130,33.5,0.08
07:39:57,"[112.0, 50]","[110.0, 74]","[143.4, 30]","[145.1, 30]",127.7,184,31.4,0.35
07:39:58,"[110.06, 31]","[107.14, 14]","[141.67, 18]","[143.0, 18]",125.87,81,31.6,0.11
07:39:59,"[110.0, 63]","[102.0, 11]","[139.55, 33]","[141.64, 33]",124.77,140,29.55,0.06
07:40:00,"[110.0, 45]","[102.0, 9]","[136.24, 29]","[137.38, 29]",123.12,112,26.24,-0.04
07:40:01,"[110.44, 55]","[109.03, 33]","[134.31, 32]","[135.91, 32]",122.37,152,23.88,0.16
07:40:02,"[110.38, 16]","[109.76, 17]","[130.2, 25]","[132.0, 15]",120.29,73,19.82,-0.1
07:40:03,"[111.0, 20]","[110.0, 50]","[127.48, 25]","[128.65, 34]",119.24,129,16.48,0.09
07:40:04,"[110.0, 65]","[108.0, 96]","[125.2, 30]","[127.18, 38]",117.6,229,15.2,0.41
07:40:05,"[110.0, 120]","[108.0, 77]","[123.48, 27]","[124.76, 37]",116.74,261,13.48,0.51
07:40:06,"[113.0, 29]","[110.0, 190]","[119.42, 24]","[121.56, 16]",116.21,259,6.42,0.69
07:40:07,"[110.2, 183]","[109.3, 175]","[114.13, 45]","[115.32, 28]",112.17,431,3.94,0.66
07:40:08,"[110.0, 186]","[108.0, 77]","[139.31, 29]","[242.47, 19]",124.66,311,29.31,0.69
07:40:09,"[110.0, 81]","[109.0, 14]","[519.27, 11]","[630.57, 7]",314.64,113,409.27,0.68
07:40:10,"[110.0, 33]","[109.0, 6]","[518.67, 6]","[520.0, 3]",314.33,48,408.67,0.62
07:40:11,"[110.0, 51]","[109.0, 10]","[518.0, 10]","[568.8, 5]",314.0,76,408.0,0.61
07:40:12,"[110.07, 41]","[109.56, 18]","[302.0, 6]","[492.5, 8]",206.04,73,191.93,0.62
07:40:13,"[110.14, 42]","[109.71, 28]","[385.71, 7]","[508.0, 11]",247.93,88,275.57,0.59
07:40:14,"[110.0, 80]","[109.0, 16]","[256.47, 15]","[364.56, 9]",183.23,120,146.47,0.6
07:40:15,"[110.0, 64]","[108.32, 31]","[197.0, 16]","[546.0, 8]",153.5,119,87.0,0.6
07:40:16,"[110.0, 40]","[108.0, 35]","[196.0, 10]","[392.2, 5]",153.0,90,86.0,0.67
07:40:17,"[110.02, 123]","[108.51, 94]","[196.0, 24]","[217.67, 12]",153.01,253,85.98,0.72
07:40:18,"[110.04, 52]","[108.81, 59]","[195.29, 14]","[203.0, 7]",152.66,132,85.25,0.68
07:40:19,"[110.0, 59]","[108.3, 20]","[193.12, 16]","[203.0, 8]",151.56,103,83.12,0.53
07:40:20,"[111.46, 67]","[110.16, 19]","[192.2, 20]","[364.19, 37]",151.83,143,80.74,0.2
07:40:21,"[116.0, 28]","[112.0, 7]","[191.83, 12]","[499.67, 24]",153.92,71,75.83,-0.01
07:40:22,"[116.0, 48]","[112.62, 24]","[154.69, 13]","[165.45, 20]",135.35,105,38.69,0.37
07:40:23,"[110.0, 90]","[109.0, 9]","[146.08, 13]","[146.57, 14]",128.04,126,36.08,0.57
07:40:24,"[110.0, 107]","[109.0, 11]","[143.45, 22]","[145.0, 11]",126.73,151,33.45,0.56
07:40:25,"[110.0, 69]","[109.0, 15]","[138.58, 26]","[140.11, 19]",124.29,129,28.58,0.3
07:40:26,"[110.0, 46]","[109.0, 10]","[132.0, 20]","[135.4, 10]",121.0,86,22.0,0.3
07:40:27,"[112.72, 53]","[109.98, 61]","[130.14, 21]","[131.33, 18]",121.43,153,17.43,0.49
07:40:28,"[113.0, 16]","[110.0, 40]","[127.27, 11]","[129.54, 13]",120.14,80,14.27,0.4
07:40:29,"[113.0, 18]","[110.0, 45]","[124.88, 16]","[126.18, 11]",118.94,90,11.88,0.4
07:40:30,"[113.0, 36]","[111.18, 85]","[123.2, 20]","[124.06, 34]",118.1,175,10.2,0.38
07:40:31,"[113.0, 25]","[112.0, 90]","[122.53, 15]","[124.0, 30]",117.77,160,9.53,0.44
07:40:32,"[113.0, 5]","[112.0, 30]","[120.4, 5]","[124.0, 10]",116.7,50,7.4,0.4
07:40:33,"[112.71, 14]","[111.62, 74]","[119.0, 11]","[195.0, 19]",115.86,118,6.29,0.49
07:40:34,"[112.0, 63]","[110.0, 196]","[115.0, 30]","[228.54, 28]",113.5,317,3.0,0.63
07:40:35,"[110.0, 93]","[109.0, 7]","[112.29, 21]","[114.0, 35]",111.14,156,2.29,0.28
07:40:36,"[110.0, 45]","[109.0, 8]","[167.04, 25]","[194.6, 25]",138.52,103,57.04,0.03
07:40:37,"[108.18, 22]","[106.16, 37]","[404.0, 16]","[506.71, 7]",256.09,82,295.82,0.44
07:40:38,"[108.0, 20]","[106.0, 35]","[403.0, 20]","[405.0, 5]",255.5,80,295.0,0.38
07:40:39,"[112.0, 16]","[107.39, 46]","[398.57, 37]","[466.0, 16]",255.28,115,286.57,0.08
07:40:40,"[116.0, 5]","[108.33, 18]","[402.0, 20]","[405.0, 5]",259.0,48,286.0,-0.04
07:40:41,"[116.0, 7]","[111.0, 14]","[401.86, 28]","[407.86, 7]",258.93,56,285.86,-0.25
07:40:42,"[110.4, 20]","[109.0, 24]","[414.03, 29]","[497.22, 9]",262.22,82,303.63,0.07
07:40:43,"[109.57, 7]","[108.03, 33]","[414.0, 28]","[415.57, 7]",261.79,75,304.43,0.07
07:40:44,"[109.5, 10]","[107.59, 29]","[397.67, 24]","[410.82, 22]",253.58,85,288.17,-0.08
07:40:45,"[108.0, 24]","[106.0, 70]","[392.78, 32]","[404.86, 29]",250.39,155,284.78,0.21
07:40:46,"[106.29, 28]","[105.54, 26]","[325.26, 23]","[337.83, 18]",215.77,95,218.98,0.14
07:40:47,"[106.65, 54]","[105.75, 48]","[321.45, 33]","[322.47, 34]",214.05,169,214.81,0.21
07:40:48,"[109.0, 40]","[105.67, 36]","[318.46, 26]","[319.43, 28]",213.73,130,209.46,0.17
07:40:49,"[109.0, 45]","[105.14, 21]","[314.03, 29]","[315.25, 28]",211.52,123,205.03,0.07
07:40:50,"[111.14, 35]","[108.59, 29]","[309.83, 30]","[311.68, 28]",210.49,122,198.69,0.05
07:40:51,"[109.64, 22]","[108.14, 14]","[304.36, 22]","[305.3, 20]",207.0,78,194.73,-0.08
07:40:52,"[116.0, 10]","[109.0, 50]","[147.36, 33]","[190.0, 33]",131.68,126,31.36,-0.05
07:40:53,"[116.0, 5]","[109.0, 25]","[144.2, 15]","[145.6, 15]",130.1,60,28.2,0.0
07:40:54,"[111.8, 10]","[108.61, 23]","[141.43, 21]","[142.43, 21]",126.61,75,29.63,-0.12
07:40:55,"[109.0, 10]","[107.85, 13]","[140.6, 15]","[141.6, 15]",124.8,53,31.6,-0.13
07:40:56,"[110.5, 12]","[109.0, 24]","[139.25, 36]","[140.25, 36]",124.88,108,28.75,-0.33
07:40:57,"[110.69, 32]","[109.74, 76]","[136.0, 54]","[137.17, 54]",123.34,216,25.31,0.0
07:40:58,"[110.0, 55]","[109.0, 22]","[133.09, 33]","[134.09, 33]",121.55,143,23.09,0.08
07:40:59,"[111.6, 75]","[109.91, 66]","[129.53, 45]","[130.18, 50]",120.57,236,17.93,0.19
07:41:00,"[112.0, 50]","[110.0, 50]","[124.4, 30]","[126.0, 30]",118.2,160,12.4,0.25
07:41:01,"[112.0, 70]","[110.0, 76]","[123.64, 42]","[125.29, 42]",117.82,230,11.64,0.27
07:41:02,"[112.0, 71]","[110.0, 105]","[119.8, 45]","[120.93, 45]",115.9,266,7.8,0.32
07:41:03,"[110.06, 72]","[109.41, 34]","[114.08, 36]","[115.33, 36]",112.07,178,4.03,0.19
07:41:04,"[110.0, 44]","[109.0, 22]","[112.0, 33]","[114.0, 33]",111.0,132,2.0,0.0
07:41:05,"[109.38, 16]","[108.32, 37]","[111.64, 33]","[114.55, 33]",110.51,119,2.26,-0.11
07:41:06,"[108.75, 63]","[107.89, 76]","[111.62, 58]","[300.3, 70]",110.18,267,2.87,0.04
07:41:07,"[108.42, 45]","[107.46, 35]","[131.57, 54]","[183.24, 34]",120.0,168,23.15,-0.05
07:41:08,"[110.29, 14]","[105.38, 13]","[256.74, 39]","[535.94, 17]",183.51,83,146.46,-0.35
07:41:09,"[106.0, 7]","[105.0, 14]","[471.71, 14]","[488.8, 15]",288.86,50,365.71,-0.16
07:41:10,"[105.14, 14]","[47.89, 27]","[125.6, 25]","[192.77, 31]",115.37,97,20.46,-0.15
07:41:11,"[105.0, 20]","[82.97, 33]","[123.5, 20]","[132.89, 46]",114.25,119,18.5,-0.11
07:41:12,"[50.91, 68]","[35.45, 77]","[113.0, 30]","[253.94, 17]",81.96,192,62.09,0.51
07:41:13,"[48.44, 32]","[36.81, 80]","[100.0, 24]","[174.75, 12]",74.22,148,51.56,0.51
07:41:14,"[86.08, 38]","[63.16, 80]","[153.33, 18]","[342.62, 21]",119.71,157,67.25,0.5
07:41:15,"[77.76, 38]","[68.5, 36]","[115.71, 17]","[306.25, 8]",96.73,99,37.94,0.49
07:41:16,"[75.0, 30]","[57.06, 64]","[148.76, 21]","[322.14, 14]",111.88,129,73.76,0.46
07:41:17,"[77.15, 33]","[73.24, 51]","[98.0, 18]","[154.43, 21]",87.58,123,20.85,0.37
07:41:18,"[83.22, 54]","[81.5, 20]","[99.25, 16]","[103.36, 25]",91.24,115,16.03,0.29
07:41:19,"[87.24, 37]","[84.72, 94]","[100.0, 34]","[104.0, 51]",93.62,216,12.76,0.21
07:41:20,"[91.0, 8]","[90.0, 48]","[98.7, 23]","[100.71, 17]",94.85,96,7.7,0.17
07:41:21,"[92.0, 66]","[91.0, 11]","[263.67, 24]","[453.49, 35]",177.83,136,171.67,0.13
07:41:22,"[105.55, 44]","[101.21, 56]","[313.5, 32]","[616.0, 34]",209.52,166,207.95,0.2
07:41:23,"[109.94, 34]","[109.2, 20]","[360.09, 32]","[534.95, 38]",235.02,124,250.15,-0.13
07:41:24,"[110.19, 21]","[107.22, 81]","[180.85, 39]","[285.0, 42]",145.52,183,70.66,0.11
07:41:25,"[110.0, 16]","[107.45, 80]","[197.89, 27]","[259.0, 14]",153.94,137,87.89,0.4
07:41:26,"[112.2, 25]","[108.06, 65]","[199.0, 32]","[236.0, 8]",155.6,130,86.8,0.38
07:41:27,"[110.0, 22]","[108.0, 99]","[203.0, 28]","[330.86, 21]",156.5,170,93.0,0.42
07:41:28,"[110.0, 11]","[108.0, 90]","[214.9, 30]","[366.18, 28]",162.45,159,104.9,0.27
07:41:29,"[108.21, 28]","[106.95, 57]","[192.71, 28]","[230.43, 28]",150.46,141,84.5,0.21
07:41:30,"[108.19, 42]","[106.34, 58]","[170.0, 50]","[171.0, 30]",139.1,180,61.81,0.11
07:41:31,"[112.44, 27]","[109.43, 42]","[167.12, 48]","[168.73, 64]",139.78,181,54.68,-0.24
07:41:32,"[116.0, 36]","[113.0, 36]","[163.52, 27]","[164.47, 43]",139.76,142,47.52,0.01
07:41:33,"[116.0, 46]","[113.0, 48]","[160.62, 45]","[161.64, 42]",138.31,181,44.62,0.04
07:41:34,"[112.76, 38]","[109.59, 64]","[146.0, 48]","[152.48, 52]",129.38,202,33.24,0.01
07:41:35,"[111.0, 10]","[109.0, 30]","[115.16, 25]","[118.81, 21]",113.08,86,4.16,-0.07
07:41:36,"[110.56, 25]","[109.56, 41]","[113.05, 38]","[114.74, 31]",111.81,135,2.49,-0.02
07:41:37,"[109.09, 45]","[108.0, 53]","[110.54, 37]","[111.84, 37]",109.81,172,1.45,0.14
07:41:38,"[107.82, 34]","[105.18, 62]","[136.73, 33]","[161.4, 25]",122.28,154,28.9,0.25
07:41:39,"[108.0, 24]","[106.0, 8]","[223.73, 22]","[350.5, 10]",165.86,64,115.73,0.0
07:41:40,"[108.0, 18]","[106.0, 6]","[230.14, 21]","[425.14, 21]",169.07,66,122.14,-0.27
07:41:41,"[108.0, 18]","[106.0, 6]","[191.92, 26]","[235.0, 13]",149.96,63,83.92,-0.24
07:41:42,"[108.14, 28]","[106.5, 12]","[150.23, 26]","[221.22, 18]",129.19,84,42.09,-0.05
07:41:43,"[106.05, 40]","[103.64, 22]","[250.68, 28]","[459.25, 16]",178.36,106,144.63,0.17
07:41:44,"[105.0, 155]","[94.11, 45]","[141.8, 20]","[295.9, 20]",123.4,240,36.8,0.67
07:41:45,"[106.0, 70]","[105.0, 120]","[139.4, 30]","[168.61, 18]",122.7,238,33.4,0.6
07:41:46,"[106.0, 42]","[103.84, 74]","[138.29, 21]","[196.64, 11]",122.14,148,32.29,0.57
07:41:47,"[103.35, 74]","[82.65, 34]","[137.31, 39]","[230.76, 17]",120.33,164,33.96,0.32
07:41:48,"[103.74, 38]","[70.38, 58]","[136.75, 36]","[156.38, 16]",120.24,148,33.01,0.3
07:41:49,"[106.53, 34]","[39.67, 24]","[133.58, 36]","[137.0, 36]",120.06,130,27.05,-0.11
07:41:50,"[108.0, 30]","[105.97, 118]","[130.4, 30]","[131.8, 30]",119.2,208,22.4,0.42
07:41:51,"[107.37, 35]","[105.97, 105]","[129.0, 27]","[130.0, 27]",118.19,194,21.63,0.44
07:41:52,"[106.0, 121]","[103.0, 11]","[126.82, 33]","[128.36, 33]",116.41,198,20.82,0.33
07:41:53,"[106.95, 63]","[104.83, 69]","[124.22, 27]","[128.0, 27]",115.59,186,17.27,0.42
07:41:54,"[113.0, 21]","[108.0, 35]","[122.57, 21]","[128.0, 21]",117.79,98,9.57,0.14
07:41:55,"[110.3, 23]","[107.06, 47]","[120.29, 21]","[122.57, 21]",115.3,112,9.98,0.25
07:41:56,"[110.0, 6]","[108.0, 20]","[119.0, 12]","[120.0, 12]",114.5,50,9.0,0.04
07:41:57,"[108.0, 5]","[106.0, 55]","[118.4, 15]","[120.0, 15]",113.2,90,10.4,0.33
07:41:58,"[115.11, 45]","[107.25, 83]","[117.07, 45]","[120.0, 45]",116.09,218,1.96,0.17
07:41:59,"[116.0, 9]","[110.0, 84]","[118.52, 23]","[206.29, 21]",117.26,137,2.52,0.36
07:42:00,"[110.05, 121]","[108.91, 22]","[116.73, 22]","[145.68, 19]",113.39,184,6.68,0.55
07:42:01,"[110.0, 140]","[108.35, 23]","[111.24, 45]","[123.24, 25]",110.62,233,1.24,0.4
07:42:02,"[110.0, 25]","[109.0, 80]","[111.0, 30]","[282.43, 28]",110.5,163,1.0,0.29
07:42:03,"[109.24, 63]","[108.87, 46]","[250.0, 27]","[489.5, 28]",179.62,164,140.76,0.33
07:42:04,"[111.76, 34]","[109.11, 83]","[268.77, 26]","[490.07, 29]",190.27,172,157.0,0.36
07:42:05,"[115.69, 52]","[110.0, 24]","[335.0, 12]","[546.5, 18]",225.35,106,219.31,0.43
07:42:06,"[116.0, 84]","[112.0, 14]","[395.86, 14]","[578.0, 21]",255.93,133,279.86,0.47
07:42:07,"[116.0, 44]","[112.0, 8]","[397.0, 8]","[602.75, 12]",256.5,72,281.0,0.44
07:42:08,"[116.0, 88]","[112.0, 16]","[334.0, 12]","[428.27, 15]",225.0,131,218.0,0.59
07:42:09,"[116.0, 121]","[112.0, 22]","[217.24, 29]","[389.0, 16]",166.62,188,101.24,0.52
07:42:10,"[116.0, 77]","[112.0, 14]","[344.5, 16]","[382.53, 17]",230.25,124,228.5,0.47
07:42:11,"[116.0, 66]","[112.0, 16]","[335.88, 8]","[337.0, 32]",225.94,122,219.88,0.34
07:42:12,"[116.0, 20]","[112.0, 14]","[319.0, 9]","[336.92, 25]",217.5,68,203.0,0.0
07:42:13,"[116.0, 14]","[112.0, 14]","[231.0, 14]","[335.0, 7]",173.5,49,115.0,0.14
07:42:14,"[116.0, 18]","[112.0, 18]","[229.29, 17]","[230.37, 19]",172.65,72,113.29,0.0
07:42:15,"[112.38, 42]","[111.07, 56]","[210.57, 23]","[224.48, 31]",161.47,152,98.18,0.29
07:42:16,"[112.0, 32]","[111.0, 40]","[201.5, 26]","[201.85, 34]",156.75,132,89.5,0.09
07:42:17,"[112.0, 20]","[111.0, 40]","[195.0, 13]","[198.5, 10]",153.5,83,83.0,0.45
07:42:18,"[112.0, 16]","[111.0, 32]","[189.5, 32]","[197.0, 8]",150.75,88,77.5,0.09
07:42:19,"[112.84, 37]","[111.6, 30]","[173.58, 26]","[190.08, 50]",143.21,143,60.74,-0.06
07:42:20,"[113.0, 45]","[112.0, 30]","[134.32, 34]","[139.24, 21]",123.66,130,21.32,0.15
07:42:21,"[112.5, 24]","[111.25, 32]","[130.83, 18]","[132.24, 42]",121.67,116,18.33,-0.03
07:42:22,"[111.45, 22]","[110.5, 72]","[126.08, 12]","[127.08, 12]",118.77,118,14.63,0.59
07:42:23,"[110.68, 22]","[110.07, 123]","[122.0, 21]","[125.38, 13]",116.34,179,11.32,0.62
07:42:24,"[110.0, 110]","[109.0, 33]","[119.0, 23]","[120.0, 35]",114.5,201,9.0,0.42
07:42:25,"[110.0, 111]","[109.0, 36]","[115.0, 12]","[116.0, 12]",112.5,171,5.0,0.72
07:42:26,"[110.0, 122]","[109.0, 42]","[112.71, 14]","[115.14, 14]",111.36,192,2.71,0.71
07:42:27,"[110.0, 65]","[109.0, 30]","[113.96, 23]","[258.33, 18]",111.98,136,3.96,0.4
07:42:28,"[115.8, 121]","[109.95, 38]","[145.0, 20]","[330.5, 40]",130.4,219,29.2,0.45
07:42:29,"[116.0, 143]","[110.0, 55]","[251.3, 40]","[380.42, 38]",183.65,276,135.3,0.43
07:42:30,"[116.0, 122]","[110.0, 50]","[204.59, 34]","[377.76, 17]",160.29,223,88.59,0.54
07:42:31,"[116.0, 88]","[110.0, 40]","[244.96, 27]","[300.86, 22]",180.48,177,128.96,0.45
07:42:32,"[116.0, 94]","[110.15, 40]","[252.69, 26]","[260.44, 36]",184.35,196,136.69,0.37
07:42:33,"[116.0, 60]","[113.0, 10]","[252.82, 34]","[260.4, 40]",184.41,144,136.82,-0.03
07:42:34,"[116.0, 54]","[113.0, 9]","[240.27, 30]","[251.76, 34]",178.13,127,124.27,-0.01
07:42:35,"[116.0, 84]","[113.0, 14]","[218.93, 56]","[219.93, 56]",167.46,210,102.93,-0.07
07:42:36,"[116.0, 60]","[113.0, 10]","[154.18, 34]","[187.14, 28]",135.09,132,38.18,0.06
07:42:37,"[116.0, 42]","[113.0, 11]","[144.5, 56]","[170.14, 35]",130.25,144,28.5,-0.26
07:42:38,"[116.0, 22]","[113.0, 11]","[142.82, 44]","[143.67, 39]",129.41,116,26.82,-0.43
07:42:39,"[116.0, 22]","[113.0, 11]","[138.55, 44]","[139.55, 44]",127.27,121,22.55,-0.45
07:42:40,"[116.0, 14]","[113.0, 7]","[134.43, 28]","[135.86, 28]",125.21,77,18.43,-0.45
07:42:41,"[112.74, 27]","[110.57, 37]","[125.03, 58]","[130.14, 57]",118.89,179,12.29,-0.28
07:42:42,"[110.15, 20]","[109.05, 37]","[111.78, 36]","[113.94, 34]",110.96,127,1.63,-0.1
07:42:43,"[109.03, 36]","[108.19, 26]","[110.88, 24]","[112.0, 32]",109.95,118,1.85,0.05
07:42:44,"[106.2, 30]","[102.84, 19]","[111.57, 35]","[228.46, 28]",108.89,112,5.37,-0.12
07:42:45,"[106.0, 27]","[103.0, 23]","[110.23, 26]","[209.16, 31]",108.12,107,4.23,-0.07
07:42:46,"[106.0, 21]","[102.12, 17]","[110.71, 28]","[437.73, 15]",108.36,81,4.71,-0.06
07:42:47,"[106.55, 22]","[104.67, 27]","[109.43, 28]","[355.33, 12]",107.99,89,2.88,0.1
07:42:48,"[107.47, 17]","[104.2, 20]","[162.89, 9]","[500.14, 14]",135.18,60,55.42,0.23
07:42:49,"[111.0, 55]","[106.92, 26]","[232.55, 20]","[517.15, 26]",171.78,127,121.55,0.28
07:42:50,"[111.0, 49]","[110.0, 42]","[162.69, 13]","[187.4, 15]",136.85,119,51.69,0.53
07:42:51,"[111.0, 25]","[110.0, 30]","[161.8, 5]","[163.0, 15]",136.4,75,50.8,0.47
07:42:52,"[110.0, 42]","[107.91, 46]","[149.1, 20]","[158.89, 35]",129.55,143,39.1,0.23
07:42:53,"[110.0, 18]","[108.0, 24]","[127.33, 24]","[159.0, 6]",118.67,72,17.33,0.17
07:42:54,"[110.0, 24]","[108.0, 32]","[124.37, 19]","[131.55, 11]",117.18,86,14.37,0.3
07:42:55,"[112.38, 58]","[109.68, 63]","[118.56, 32]","[120.13, 23]",115.47,176,6.18,0.38
07:42:56,"[116.0, 47]","[113.0, 100]","[117.4, 15]","[203.81, 21]",116.7,183,1.4,0.61
07:42:57,"[113.22, 54]","[110.97, 31]","[117.0, 16]","[329.79, 29]",115.11,130,3.78,0.31
07:42:58,"[113.0, 40]","[110.0, 24]","[116.62, 16]","[161.75, 32]",114.81,112,3.62,0.14
07:42:59,"[113.0, 41]","[110.0, 27]","[115.67, 18]","[128.0, 30]",114.33,116,2.67,0.17
07:43:00,"[113.0, 26]","[110.0, 24]","[114.75, 16]","[286.73, 22]",113.88,88,1.75,0.14
07:43:01,"[112.85, 13]","[110.67, 12]","[115.0, 14]","[346.57, 28]",113.92,67,2.15,-0.25
07:43:02,"[109.33, 6]","[108.06, 17]","[115.0, 10]","[254.0, 20]",112.17,53,5.67,-0.13
07:43:03,"[109.67, 9]","[108.2, 15]","[115.0, 12]","[394.71, 28]",112.33,64,5.33,-0.25
07:43:04,"[110.22, 45]","[109.58, 12]","[113.83, 12]","[451.0, 30]",112.03,99,3.61,0.15
07:43:05,"[111.0, 90]","[110.0, 63]","[158.83, 36]","[411.36, 39]",134.92,228,47.83,0.34
07:43:06,"[111.0, 40]","[110.0, 28]","[168.0, 20]","[510.25, 16]",139.5,104,57.0,0.31
07:43:07,"[111.0, 110]","[110.0, 84]","[133.21, 58]","[351.25, 53]",122.1,305,22.21,0.27
07:43:08,"[111.0, 48]","[110.0, 42]","[126.0, 30]","[690.0, 5]",118.5,125,15.0,0.44
07:43:09,"[111.72, 85]","[110.19, 86]","[126.0, 60]","[526.5, 60]",118.86,291,14.28,0.18
07:43:10,"[112.0, 45]","[110.0, 63]","[124.67, 45]","[412.89, 45]",118.33,198,12.67,0.09
07:43:11,"[112.0, 60]","[110.0, 84]","[124.0, 60]","[384.64, 42]",118.0,246,12.0,0.17
07:43:12,"[112.0, 35]","[110.0, 49]","[120.25, 32]","[252.83, 30]",116.12,146,8.25,0.15
07:43:13,"[112.0, 46]","[110.0, 70]","[120.52, 46]","[219.0, 50]",116.26,212,8.52,0.09
07:43:14,"[112.0, 75]","[110.0, 105]","[123.4, 75]","[195.0, 75]",117.7,330,11.4,0.09
07:43:15,"[112.0, 80]","[110.0, 120]","[120.54, 56]","[121.75, 80]",116.27,336,8.54,0.19
07:43:16,"[112.0, 40]","[110.0, 72]","[118.58, 26]","[120.05, 38]",115.29,176,6.58,0.27
07:43:17,"[112.33, 36]","[110.43, 69]","[115.89, 27]","[118.0, 45]",114.11,177,3.56,0.19
07:43:18,"[110.24, 99]","[109.8, 55]","[117.73, 55]","[177.73, 55]",113.98,264,7.48,0.17
07:43:19,"[110.3, 61]","[109.97, 121]","[114.12, 49]","[116.38, 29]",112.21,260,3.83,0.4
07:43:20,"[110.0, 87]","[109.0, 7]","[114.0, 35]","[115.0, 7]",112.0,136,4.0,0.38
07:43:21,"[110.0, 159]","[108.42, 43]","[112.34, 65]","[114.01, 76]",111.17,343,2.34,0.18
07:43:22,"[110.0, 59]","[109.0, 80]","[111.6, 40]","[114.0, 50]",110.8,229,1.6,0.21
07:43:23,"[109.21, 70]","[108.41, 59]","[111.0, 40]","[239.15, 47]",110.11,216,1.79,0.19
07:43:24,"[108.9, 61]","[107.89, 57]","[110.76, 37]","[264.3, 40]",109.83,195,1.86,0.21
07:43:25,"[108.18, 34]","[106.89, 27]","[111.0, 22]","[323.08, 26]",109.59,109,2.82,0.12
07:43:26,"[112.73, 44]","[107.85, 47]","[226.15, 33]","[402.78, 45]",169.44,169,113.42,0.08
07:43:27,"[116.0, 40]","[112.0, 30]","[298.8, 25]","[443.0, 25]",207.4,120,182.8,0.17
07:43:28,"[116.0, 80]","[112.0, 60]","[290.72, 46]","[389.5, 44]",203.36,230,174.72,0.22
07:43:29,"[116.0, 64]","[112.0, 177]","[148.38, 65]","[150.58, 33]",132.19,339,32.38,0.42
07:43:30,"[116.0, 20]","[112.0, 75]","[134.0, 25]","[136.1, 21]",125.0,141,18.0,0.35
07:43:31,"[116.0, 32]","[112.0, 180]","[132.23, 44]","[133.89, 28]",124.11,284,16.23,0.49
07:43:32,"[116.0, 20]","[112.0, 150]","[131.0, 10]","[132.0, 50]",123.5,230,15.0,0.48
07:43:33,"[112.33, 96]","[110.8, 100]","[130.17, 24]","[131.94, 48]",121.25,268,17.83,0.46
07:43:34,"[112.0, 119]","[109.0, 60]","[129.0, 60]","[131.0, 12]",120.5,251,17.0,0.43
07:43:35,"[112.31, 104]","[110.42, 76]","[127.0, 28]","[128.91, 44]",119.65,252,14.69,0.43
07:43:36,"[112.0, 187]","[109.0, 55]","[123.91, 35]","[124.52, 31]",117.96,308,11.91,0.57
07:43:37,"[112.0, 161]","[109.0, 65]","[120.12, 41]","[120.78, 37]",116.06,304,8.12,0.49
07:43:38,"[112.0, 77]","[109.0, 55]","[116.4, 15]","[118.37, 51]",114.2,198,4.4,0.33
07:43:39,"[112.0, 91]","[110.0, 26]","[113.6, 25]","[115.89, 53]",112.8,195,1.6,0.2
07:43:40,"[111.75, 48]","[109.57, 35]","[170.38, 65]","[379.82, 33]",141.07,181,58.63,-0.08
07:43:41,"[110.0, 18]","[109.0, 45]","[265.67, 27]","[446.33, 45]",187.83,135,155.67,-0.07
07:43:42,"[109.32, 37]","[108.33, 90]","[167.88, 17]","[735.84, 51]",138.6,195,58.56,0.3
07:43:43,"[111.12, 92]","[108.22, 92]","[168.34, 53]","[169.76, 33]",139.73,270,57.22,0.36
07:43:44,"[112.0, 156]","[109.75, 64]","[165.56, 39]","[166.57, 54]",138.78,313,53.56,0.41
07:43:45,"[112.36, 55]","[111.29, 101]","[160.42, 33]","[162.33, 30]",136.39,219,48.06,0.42
07:43:46,"[112.0, 120]","[110.0, 120]","[158.9, 50]","[159.97, 29]",135.45,319,46.9,0.5
07:43:47,"[112.0, 84]","[110.0, 78]","[158.29, 35]","[161.0, 14]",135.14,211,46.29,0.54
07:43:48,"[112.0, 165]","[109.95, 84]","[151.1, 39]","[150.16, 25]",131.55,313,39.1,0.59
07:43:49,"[112.0, 132]","[109.85, 81]","[126.54, 52]","[126.8, 20]",119.27,285,14.54,0.49
07:43:50,"[112.0, 69]","[110.0, 81]","[123.2, 25]","[124.86, 29]",117.6,204,11.2,0.47
07:43:51,"[112.0, 41]","[110.0, 72]","[121.52, 25]","[122.68, 22]",116.76,160,9.52,0.41
07:43:52,"[112.0, 60]","[110.0, 108]","[118.24, 25]","[118.38, 47]",115.12,240,6.24,0.4
07:43:53,"[112.0, 38]","[110.0, 108]","[113.95, 44]","[165.48, 44]",112.98,234,1.95,0.25
07:43:54,"[112.0, 22]","[110.0, 99]","[113.27, 55]","[224.0, 55]",112.64,231,1.27,0.05
07:43:55,"[110.31, 64]","[109.79, 57]","[112.55, 55]","[205.56, 41]",111.43,217,2.23,0.12
07:43:56,"[109.98, 95]","[108.67, 36]","[122.48, 64]","[351.69, 45]",116.23,240,12.51,0.09
07:43:57,"[109.0, 10]","[108.0, 60]","[286.0, 20]","[440.2, 5]",197.5,95,177.0,0.47
07:43:58,"[111.75, 60]","[108.39, 136]","[284.1, 20]","[287.69, 35]",197.93,251,172.35,0.56
07:43:59,"[110.71, 68]","[109.53, 19]","[280.91, 11]","[284.0, 11]",195.81,109,170.2,0.6
07:44:00,"[110.59, 41]","[109.94, 53]","[146.35, 34]","[182.59, 22]",128.47,150,35.77,0.25
07:44:01,"[112.0, 10]","[110.0, 25]","[127.71, 7]","[129.7, 10]",119.86,52,15.71,0.35
07:44:02,"[110.68, 53]","[109.87, 52]","[117.82, 22]","[118.83, 40]",114.25,167,7.14,0.26
07:44:03,"[111.54, 104]","[109.93, 56]","[115.75, 12]","[117.21, 14]",113.64,186,4.21,0.72
07:44:04,"[112.0, 12]","[110.0, 42]","[114.67, 6]","[116.33, 6]",113.33,66,2.67,0.64
07:44:05,"[112.0, 22]","[110.0, 105]","[114.13, 15]","[239.29, 35]",113.07,177,2.13,0.44
07:44:06,"[110.0, 81]","[108.0, 168]","[111.93, 30]","[120.69, 52]",110.97,331,1.93,0.5
07:44:07,"[110.0, 45]","[108.23, 31]","[111.53, 15]","[134.22, 27]",110.77,118,1.53,0.29
07:44:08,"[110.0, 50]","[109.0, 12]","[259.82, 34]","[323.77, 39]",184.91,135,149.82,-0.08
07:44:09,"[108.58, 31]","[107.8, 5]","[318.33, 12]","[374.58, 19]",213.46,67,209.75,0.07
07:44:10,"[108.51, 126]","[107.38, 32]","[347.62, 45]","[438.44, 18]",228.07,221,239.11,0.43
07:44:11,"[113.22, 23]","[110.87, 78]","[277.96, 23]","[391.33, 27]",195.59,151,164.74,0.34
07:44:12,"[116.0, 5]","[112.0, 40]","[282.0, 12]","[366.89, 18]",199.0,75,166.0,0.2
07:44:13,"[116.0, 6]","[112.0, 48]","[195.33, 18]","[365.14, 21]",155.67,93,79.33,0.16
07:44:14,"[112.0, 88]","[110.0, 77]","[179.83, 36]","[296.05, 19]",145.92,220,67.83,0.5
07:44:15,"[112.0, 31]","[110.0, 35]","[233.0, 15]","[390.0, 10]",172.5,91,121.0,0.45
07:44:16,"[112.0, 37]","[110.0, 49]","[289.29, 14]","[347.15, 13]",200.64,113,177.29,0.52
07:44:17,"[112.0, 91]","[110.0, 126]","[317.28, 18]","[470.13, 23]",214.64,258,205.28,0.68
07:44:18,"[112.0, 65]","[110.0, 154]","[266.92, 24]","[339.78, 23]",189.46,266,154.92,0.65
07:44:19,"[110.06, 107]","[108.33, 86]","[291.82, 11]","[401.5, 16]",200.94,220,181.76,0.75
07:44:20,"[110.0, 156]","[108.0, 144]","[452.6, 20]","[559.5, 24]",281.3,344,342.6,0.74
07:44:21,"[110.0, 76]","[108.0, 96]","[436.88, 8]","[468.0, 16]",273.44,196,326.88,0.76
07:44:22,"[110.0, 90]","[108.0, 120]","[266.18, 11]","[417.08, 12]",188.09,233,156.18,0.8
07:44:23,"[110.0, 115]","[108.0, 192]","[230.54, 26]","[253.12, 17]",170.27,350,120.54,0.75
07:44:24,"[110.0, 54]","[108.0, 108]","[228.83, 12]","[230.4, 15]",169.42,189,118.83,0.71
07:44:25,"[110.0, 52]","[108.0, 120]","[228.38, 13]","[241.35, 23]",169.19,208,118.38,0.65
07:44:26,"[108.83, 72]","[107.57, 92]","[206.76, 17]","[236.41, 22]",157.8,203,97.93,0.62
07:44:27,"[111.2, 10]","[108.08, 100]","[191.18, 11]","[229.88, 16]",151.19,137,79.98,0.61
07:44:28,"[112.0, 11]","[110.0, 11]","[220.0, 14]","[224.22, 23]",166.0,59,108.0,-0.25
07:44:29,"[112.0, 13]","[110.0, 13]","[204.04, 25]","[211.36, 22]",158.02,73,92.04,-0.29
07:44:30,"[112.0, 10]","[110.0, 22]","[203.0, 10]","[204.0, 20]",157.5,62,91.0,0.03
07:44:31,"[110.93, 15]","[108.88, 16]","[202.75, 4]","[204.0, 8]",156.84,43,91.82,0.44
07:44:32,"[108.0, 54]","[106.0, 44]","[139.78, 18]","[170.0, 19]",123.89,135,31.78,0.45
07:44:33,"[108.21, 29]","[106.91, 44]","[130.2, 20]","[131.08, 13]",119.2,106,21.99,0.38
07:44:34,"[106.56, 27]","[106.0, 36]","[126.33, 9]","[127.9, 10]",116.44,82,19.78,0.54
07:44:35,"[106.0, 26]","[105.0, 47]","[120.05, 21]","[120.14, 29]",113.02,123,14.05,0.19
07:44:36,"[103.91, 23]","[101.44, 32]","[115.06, 17]","[116.4, 15]",109.49,87,11.15,0.26
07:44:37,"[72.67, 27]","[49.67, 18]","[113.0, 8]","[114.22, 9]",92.83,62,40.33,0.45
07:44:38,"[112.0, 32]","[100.47, 19]","[114.0, 18]","[117.67, 36]",113.0,105,2.0,-0.03
07:44:39,"[112.0, 27]","[106.0, 44]","[115.14, 28]","[118.44, 41]",113.57,140,3.14,0.01
07:44:40,"[112.0, 8]","[106.0, 32]","[117.0, 32]","[326.88, 24]",114.5,96,5.0,-0.17
07:44:41,"[112.0, 9]","[106.0, 36]","[116.89, 36]","[345.21, 19]",114.44,100,4.89,-0.1
07:44:42,"[110.59, 17]","[107.43, 42]","[114.69, 52]","[194.55, 29]",112.64,140,4.1,-0.16
07:44:43,"[109.49, 35]","[108.74, 70]","[112.77, 52]","[290.62, 39]",111.13,196,3.28,0.07
07:44:44,"[109.08, 26]","[108.2, 30]","[242.56, 36]","[592.42, 31]",175.82,123,133.48,-0.09
07:44:45,"[109.0, 24]","[108.0, 24]","[394.75, 40]","[555.0, 24]",251.88,112,285.75,-0.14
07:44:46,"[109.0, 30]","[108.0, 30]","[213.96, 49]","[337.47, 36]",161.48,145,104.96,-0.17
07:44:47,"[111.77, 121]","[109.75, 59]","[175.15, 65]","[243.64, 42]",143.46,287,63.39,0.25
07:44:48,"[112.97, 29]","[111.77, 87]","[246.85, 41]","[289.62, 32]",179.91,189,133.89,0.23
07:44:49,"[116.0, 12]","[112.0, 132]","[277.22, 46]","[322.07, 54]",196.61,244,161.22,0.18
07:44:50,"[116.0, 9]","[112.0, 99]","[148.81, 43]","[236.61, 36]",132.41,187,32.81,0.16
07:44:51,"[112.34, 94]","[111.39, 131]","[141.75, 56]","[155.12, 58]",127.05,339,29.41,0.33
07:44:52,"[112.0, 90]","[110.0, 45]","[124.08, 26]","[125.23, 31]",118.04,192,12.08,0.41
07:44:53,"[112.0, 140]","[110.0, 70]","[122.12, 25]","[123.76, 50]",117.06,285,10.12,0.47
07:44:54,"[112.0, 90]","[110.0, 45]","[119.86, 14]","[121.15, 13]",115.93,162,7.86,0.67
07:44:55,"[112.0, 90]","[110.0, 45]","[117.0, 32]","[118.12, 16]",114.5,183,5.0,0.48
07:44:56,"[112.0, 132]","[110.0, 70]","[114.55, 44]","[116.09, 33]",113.27,279,2.55,0.45
07:44:57,"[111.73, 37]","[109.93, 43]","[113.06, 33]","[131.15, 13]",112.4,126,1.33,0.27
07:44:58,"[110.0, 34]","[109.0, 30]","[115.0, 10]","[161.4, 50]",112.5,124,5.0,0.03
07:44:59,"[109.6, 52]","[108.18, 68]","[115.0, 12]","[201.0, 60]",112.3,192,5.4,0.25
07:45:00,"[110.0, 50]","[108.0, 70]","[115.0, 10]","[444.9, 50]",112.5,180,5.0,0.33
07:45:01,"[110.0, 50]","[108.63, 38]","[114.8, 10]","[227.2, 50]",112.4,148,4.8,0.19
07:45:02,"[110.0, 76]","[109.0, 36]","[148.31, 16]","[230.25, 60]",129.16,188,38.31,0.19
07:45:03,"[112.0, 40]","[110.0, 70]","[228.0, 50]","[255.0, 50]",170.0,210,116.0,0.05
07:45:04,"[112.0, 16]","[110.0, 28]","[228.0, 20]","[458.25, 20]",170.0,84,116.0,0.05
07:45:05,"[112.0, 44]","[110.0, 77]","[266.09, 55]","[433.45, 55]",189.05,231,154.09,0.05
07:45:06,"[112.0, 44]","[110.0, 77]","[195.91, 55]","[363.64, 55]",153.95,231,83.91,0.05
07:45:07,"[112.0, 40]","[110.0, 70]","[195.09, 44]","[208.42, 48]",153.55,202,83.09,0.09
07:45:08,"[112.0, 52]","[110.0, 40]","[201.25, 48]","[202.42, 48]",156.62,188,89.25,-0.02
07:45:09,"[112.0, 91]","[110.0, 59]","[197.62, 52]","[200.0, 52]",154.81,254,85.62,0.18
07:45:10,"[112.0, 71]","[110.0, 84]","[193.77, 52]","[195.38, 52]",152.88,259,81.77,0.2
07:45:11,"[112.0, 30]","[110.0, 34]","[125.96, 49]","[193.1, 40]",118.98,153,13.96,-0.16
07:45:12,"[112.0, 61]","[110.0, 52]","[192.31, 52]","[193.46, 52]",152.15,217,80.31,0.04
07:45:13,"[112.0, 35]","[110.0, 28]","[190.0, 28]","[191.0, 28]",151.0,119,78.0,0.06
07:45:14,"[112.0, 53]","[110.0, 40]","[188.2, 40]","[191.0, 40]",150.1,173,76.2,0.08
07:45:15,"[112.16, 75]","[110.42, 115]","[187.33, 48]","[190.25, 48]",149.75,286,75.17,0.33
07:45:16,"[116.0, 14]","[112.0, 112]","[183.61, 38]","[184.73, 44]",149.8,208,67.61,0.21
07:45:17,"[112.17, 69]","[110.25, 189]","[177.48, 50]","[178.6, 50]",144.83,358,65.31,0.44
07:45:18,"[112.0, 82]","[110.0, 225]","[174.06, 36]","[174.62, 42]",143.03,385,62.06,0.59
07:45:19,"[110.77, 143]","[109.93, 177]","[169.86, 44]","[171.11, 56]",140.32,420,59.09,0.52
07:45:20,"[110.0, 143]","[109.0, 22]","[167.12, 32]","[168.7, 23]",138.56,220,57.12,0.5
07:45:21,"[110.0, 130]","[109.0, 20]","[151.9, 39]","[157.38, 32]",130.95,221,41.9,0.36
07:45:22,"[110.0, 184]","[109.0, 30]","[112.92, 48]","[114.0, 60]",111.46,322,2.92,0.33
07:45:23,"[110.0, 81]","[109.0, 30]","[114.02, 57]","[335.02, 58]",112.01,226,4.02,-0.02
07:45:24,"[108.31, 32]","[107.97, 142]","[114.0, 48]","[269.45, 20]",111.16,242,5.69,0.44
07:45:25,"[108.0, 110]","[106.0, 10]","[111.7, 40]","[371.5, 24]",109.85,184,3.7,0.3
07:45:26,"[108.0, 72]","[106.0, 8]","[227.2, 25]","[482.47, 19]",167.6,124,119.2,0.29
07:45:27,"[108.69, 45]","[107.95, 79]","[389.46, 39]","[472.45, 33]",249.08,196,280.77,0.27
07:45:28,"[109.29, 7]","[108.0, 49]","[117.75, 16]","[335.07, 30]",113.52,102,8.46,0.1
07:45:29,"[111.3, 10]","[108.07, 68]","[117.0, 40]","[118.0, 20]",114.15,138,5.7,0.13
07:45:30,"[109.6, 50]","[108.32, 63]","[117.0, 60]","[161.46, 35]",113.3,208,7.4,0.09
07:45:31,"[108.19, 53]","[107.46, 39]","[115.69, 52]","[175.46, 48]",111.94,192,7.5,-0.04
07:45:32,"[109.09, 44]","[108.21, 76]","[110.58, 38]","[113.35, 46]",109.83,204,1.49,0.18
07:45:33,"[108.04, 90]","[106.4, 30]","[109.77, 52]","[110.73, 30]",108.91,202,1.72,0.19
07:45:34,"[106.0, 10]","[105.0, 8]","[149.69, 16]","[305.38, 24]",127.84,58,43.69,-0.38
07:45:35,"[109.79, 39]","[105.82, 11]","[284.27, 33]","[532.0, 33]",197.03,116,174.48,-0.14
07:45:36,"[110.0, 21]","[106.0, 7]","[238.29, 21]","[316.0, 21]",174.14,70,128.29,-0.2
07:45:37,"[112.0, 7]","[110.0, 21]","[243.14, 21]","[342.0, 21]",177.57,70,131.14,-0.2
07:45:38,"[112.0, 4]","[110.0, 12]","[281.0, 16]","[360.0, 12]",196.5,44,169.0,-0.27
07:45:39,"[112.0, 7]","[110.0, 21]","[247.74, 23]","[299.23, 26]",179.87,77,135.74,-0.27
07:45:40,"[110.86, 7]","[109.45, 11]","[263.47, 19]","[300.31, 16]",187.17,53,152.62,-0.32
07:45:41,"[110.0, 18]","[107.27, 15]","[170.0, 27]","[281.0, 36]",140.0,96,60.0,-0.31
07:45:42,"[110.0, 13]","[108.0, 21]","[264.32, 34]","[308.0, 29]",187.16,97,154.32,-0.3
07:45:43,"[106.55, 11]","[101.53, 17]","[404.56, 41]","[491.17, 36]",255.55,105,298.02,-0.47
07:45:44,"[77.83, 47]","[57.38, 16]","[633.0, 33]","[679.84, 38]",355.41,134,555.17,-0.06
07:45:45,"[85.0, 45]","[67.29, 14]","[246.82, 11]","[483.14, 28]",165.91,98,161.82,0.2
07:45:46,"[84.57, 14]","[71.71, 14]","[102.0, 4]","[207.0, 12]",93.29,44,17.43,0.27
07:45:47,"[100.15, 27]","[84.52, 25]","[207.0, 27]","[434.35, 31]",153.57,110,106.85,-0.05
07:45:48,"[112.0, 24]","[103.9, 30]","[271.88, 24]","[437.75, 24]",191.94,102,159.88,0.06
07:45:49,"[112.0, 15]","[105.0, 25]","[208.8, 25]","[380.0, 15]",160.4,80,96.8,0.0
07:45:50,"[112.0, 24]","[106.57, 51]","[141.0, 28]","[218.33, 36]",126.5,139,29.0,0.08
07:45:51,"[112.0, 21]","[109.0, 28]","[116.0, 21]","[186.0, 35]",114.0,105,4.0,-0.07
07:45:52,"[110.53, 57]","[109.15, 47]","[114.23, 43]","[126.0, 35]",112.38,182,3.71,0.14
07:45:53,"[110.0, 63]","[109.0, 36]","[111.89, 36]","[193.55, 33]",110.94,168,1.89,0.18
07:45:54,"[111.39, 46]","[109.88, 64]","[342.79, 39]","[697.62, 26]",227.09,175,231.4,0.26
07:45:55,"[110.71, 31]","[109.57, 37]","[341.0, 28]","[573.53, 17]",225.85,113,230.29,0.2
07:45:56,"[110.0, 39]","[109.0, 36]","[292.87, 39]","[408.0, 42]",201.44,156,182.87,-0.04
07:45:57,"[110.6, 30]","[109.36, 25]","[206.29, 35]","[318.72, 29]",158.44,119,95.69,-0.08
07:45:58,"[110.46, 39]","[109.24, 37]","[205.0, 50]","[370.8, 40]",157.73,166,94.54,-0.08
07:45:59,"[110.0, 20]","[109.0, 24]","[187.0, 24]","[205.0, 30]",148.5,98,77.0,-0.1
07:46:00,"[110.0, 29]","[109.0, 36]","[150.28, 39]","[162.21, 38]",130.14,142,40.28,-0.08
07:46:01,"[110.29, 42]","[109.06, 51]","[132.08, 65]","[133.69, 65]",121.18,223,21.79,-0.17
07:46:02,"[109.23, 39]","[107.47, 38]","[129.0, 65]","[130.38, 65]",119.12,207,19.77,-0.26
07:46:03,"[109.87, 92]","[108.55, 44]","[127.0, 60]","[128.0, 60]",118.43,256,17.13,0.06
07:46:04,"[110.85, 26]","[109.94, 47]","[125.17, 60]","[127.0, 60]",118.01,193,14.32,-0.24
07:46:05,"[110.26, 78]","[109.59, 58]","[123.42, 60]","[124.5, 60]",116.84,256,13.16,0.06
07:46:06,"[110.34, 93]","[109.51, 43]","[118.83, 42]","[120.5, 36]",114.59,214,8.49,0.27
07:46:07,"[112.0, 62]","[110.0, 99]","[115.67, 45]","[116.89, 27]",113.83,233,3.67,0.38
07:46:08,"[112.0, 40]","[110.0, 110]","[113.2, 50]","[114.4, 50]",112.6,250,1.2,0.2
07:46:09,"[110.0, 120]","[109.0, 39]","[111.77, 65]","[131.77, 65]",110.88,289,1.77,0.1
07:46:10,"[109.76, 37]","[108.3, 69]","[245.52, 48]","[512.98, 43]",177.64,197,135.76,0.08
07:46:11,"[109.0, 12]","[108.0, 128]","[197.7, 33]","[565.64, 39]",153.35,212,88.7,0.32
07:46:12,"[109.0, 10]","[108.0, 160]","[132.94, 34]","[372.93, 30]",120.97,234,23.94,0.45
07:46:13,"[109.0, 6]","[108.0, 96]","[132.0, 6]","[203.5, 24]",120.5,132,23.0,0.55
07:46:14,"[108.33, 24]","[107.95, 131]","[131.78, 9]","[326.5, 24]",120.06,188,23.44,0.65
07:46:15,"[108.0, 207]","[106.0, 45]","[128.76, 21]","[129.5, 24]",118.38,297,20.76,0.7
07:46:16,"[115.51, 122]","[108.72, 36]","[126.43, 14]","[129.0, 28]",120.97,200,10.92,0.58
07:46:17,"[116.0, 140]","[112.0, 10]","[125.6, 10]","[129.0, 20]",120.8,180,9.6,0.67
07:46:18,"[116.0, 113]","[112.0, 10]","[122.36, 11]","[125.74, 19]",119.18,153,6.36,0.61
07:46:19,"[116.0, 121]","[112.0, 11]","[120.0, 22]","[121.0, 11]",118.0,165,4.0,0.6
07:46:20,"[116.0, 77]","[112.0, 7]","[118.0, 14]","[121.0, 7]",117.0,105,2.0,0.6
07:46:21,"[116.0, 86]","[112.0, 9]","[117.0, 18]","[156.88, 16]",116.5,129,1.0,0.47
07:46:22,"[116.0, 37]","[112.0, 9]","[273.67, 30]","[373.79, 38]",194.83,114,157.67,-0.19
07:46:23,"[116.0, 30]","[112.0, 10]","[266.94, 16]","[318.44, 32]",191.47,88,150.94,-0.09
07:46:24,"[116.0, 36]","[112.0, 12]","[258.58, 12]","[261.0, 48]",187.29,108,142.58,-0.11
07:46:25,"[113.13, 71]","[111.6, 15]","[255.67, 15]","[259.89, 36]",184.4,137,142.54,0.26
07:46:26,"[110.0, 150]","[109.0, 10]","[235.73, 11]","[254.3, 10]",172.86,181,125.73,0.77
07:46:27,"[111.0, 150]","[109.9, 83]","[240.5, 14]","[243.2, 15]",175.75,262,129.5,0.78
07:46:28,"[110.0, 210]","[109.0, 14]","[217.29, 14]","[244.93, 15]",163.64,253,107.29,0.77
07:46:29,"[110.0, 210]","[108.25, 28]","[215.07, 14]","[218.21, 14]",162.54,266,105.07,0.79
07:46:30,"[110.0, 165]","[108.62, 48]","[213.45, 11]","[214.45, 11]",161.73,235,103.45,0.81
07:46:31,"[110.24, 99]","[109.67, 90]","[212.33, 9]","[214.0, 9]",161.29,207,102.09,0.83
07:46:32,"[111.0, 52]","[110.0, 150]","[209.8, 10]","[214.0, 10]",160.4,222,98.8,0.82
07:46:33,"[116.0, 24]","[111.5, 48]","[208.83, 12]","[211.19, 26]",162.42,110,92.83,0.31
07:46:34,"[112.28, 29]","[110.06, 139]","[207.64, 14]","[254.29, 28]",159.96,210,95.37,0.6
07:46:35,"[111.43, 46]","[109.96, 171]","[181.84, 58]","[190.79, 24]",146.64,299,70.41,0.45
07:46:36,"[110.0, 76]","[109.0, 42]","[171.52, 21]","[175.73, 11]",140.76,150,61.52,0.57
07:46:37,"[110.0, 80]","[109.0, 60]","[145.97, 38]","[154.75, 24]",127.99,202,35.97,0.39
07:46:38,"[110.16, 113]","[109.44, 108]","[137.89, 45]","[138.49, 49]",124.02,315,27.73,0.4
07:46:39,"[112.0, 27]","[110.0, 144]","[137.0, 9]","[138.0, 45]",124.5,225,25.0,0.52
07:46:40,"[112.0, 42]","[110.0, 224]","[133.87, 38]","[136.44, 36]",122.93,340,21.87,0.56
07:46:41,"[110.0, 176]","[109.0, 66]","[130.0, 17]","[131.39, 23]",120.0,282,20.0,0.72
07:46:42,"[110.0, 144]","[109.0, 54]","[125.89, 19]","[126.47, 15]",117.95,232,15.89,0.71
07:46:43,"[110.0, 239]","[109.0, 84]","[121.87, 15]","[122.85, 20]",115.93,358,11.87,0.8
07:46:44,"[110.0, 221]","[109.0, 78]","[115.51, 37]","[116.06, 17]",112.76,353,5.51,0.69
07:46:45,"[110.0, 92]","[109.0, 60]","[111.15, 26]","[134.47, 38]",110.58,216,1.15,0.41
07:46:46,"[113.55, 31]","[109.71, 34]","[262.27, 37]","[368.85, 47]",187.91,149,148.72,-0.13
07:46:47,"[116.0, 10]","[112.0, 12]","[143.0, 25]","[442.0, 15]",129.5,62,27.0,-0.29
07:46:48,"[113.75, 24]","[111.18, 11]","[153.96, 53]","[375.54, 35]",133.86,123,40.21,-0.43
07:46:49,"[110.0, 32]","[109.0, 13]","[264.83, 23]","[266.02, 49]",187.41,117,154.83,-0.23
07:46:50,"[108.45, 142]","[107.72, 149]","[233.85, 39]","[263.09, 33]",171.15,363,125.4,0.6
07:46:51,"[108.5, 103]","[107.52, 99]","[218.59, 34]","[260.11, 38]",163.54,274,110.09,0.47
07:46:52,"[110.53, 116]","[107.91, 132]","[205.2, 40]","[216.58, 24]",157.87,312,94.67,0.59
07:46:53,"[111.29, 83]","[108.51, 99]","[188.47, 19]","[189.18, 33]",149.88,234,77.18,0.56
07:46:54,"[113.0, 36]","[111.0, 84]","[168.75, 12]","[180.04, 28]",140.88,160,55.75,0.5
07:46:55,"[113.0, 30]","[111.0, 70]","[152.4, 20]","[153.8, 10]",132.7,130,39.4,0.54
07:46:56,"[110.5, 64]","[108.54, 107]","[151.45, 33]","[151.67, 27]",130.98,231,40.95,0.48
07:46:57,"[111.24, 29]","[110.6, 77]","[147.41, 39]","[149.67, 18]",129.33,163,36.17,0.3
07:46:58,"[112.13, 63]","[111.26, 94]","[118.0, 28]","[123.0, 19]",115.06,204,5.87,0.54
07:46:59,"[111.32, 59]","[110.5, 56]","[113.62, 39]","[141.27, 33]",112.47,187,2.29,0.23
07:47:00,"[110.44, 36]","[108.78, 41]","[463.83, 36]","[587.33, 27]",287.14,140,353.39,0.1
07:47:01,"[110.0, 16]","[108.0, 20]","[444.0, 12]","[540.43, 14]",277.0,62,334.0,0.16
07:47:02,"[110.0, 24]","[108.0, 30]","[473.0, 27]","[602.94, 17]",291.5,98,363.0,0.1
07:47:03,"[110.15, 26]","[108.24, 34]","[333.0, 28]","[444.86, 7]",221.58,95,222.85,0.26
07:47:04,"[112.0, 20]","[110.0, 28]","[345.6, 10]","[407.76, 25]",228.8,83,233.6,0.16
07:47:05,"[112.0, 88]","[110.0, 44]","[330.76, 37]","[365.8, 20]",221.38,189,218.76,0.4
07:47:06,"[112.0, 49]","[110.0, 32]","[351.38, 32]","[461.33, 18]",231.69,131,239.38,0.24
07:47:07,"[112.0, 24]","[110.0, 32]","[351.0, 32]","[458.25, 16]",231.5,104,239.0,0.08
07:47:08,"[112.0, 36]","[110.0, 48]","[350.5, 48]","[366.0, 24]",231.25,156,238.5,0.08
07:47:09,"[109.76, 33]","[108.04, 98]","[158.16, 38]","[299.56, 32]",133.96,201,48.4,0.3
07:47:10,"[109.68, 37]","[106.41, 61]","[158.0, 36]","[322.0, 22]",133.84,156,48.32,0.26
07:47:11,"[116.0, 77]","[112.0, 44]","[155.11, 36]","[252.55, 40]",135.56,197,39.11,0.23
07:47:12,"[116.0, 84]","[112.0, 48]","[155.11, 38]","[234.63, 38]",135.55,208,39.11,0.27
07:47:13,"[116.0, 49]","[112.0, 28]","[154.44, 18]","[155.17, 24]",135.22,119,38.44,0.29
07:47:14,"[116.0, 91]","[112.1, 40]","[153.15, 26]","[155.0, 52]",134.58,209,37.15,0.25
07:47:15,"[116.0, 77]","[112.09, 35]","[153.0, 23]","[155.0, 44]",134.5,179,37.0,0.25
07:47:16,"[116.0, 77]","[112.0, 44]","[152.84, 25]","[154.9, 42]",134.42,188,36.84,0.29
07:47:17,"[116.0, 91]","[112.0, 52]","[149.82, 44]","[151.12, 34]",132.91,221,33.82,0.29
07:47:18,"[116.0, 91]","[112.0, 52]","[133.11, 37]","[137.67, 30]",124.55,210,17.11,0.36
07:47:19,"[116.0, 105]","[112.0, 60]","[126.76, 41]","[127.94, 33]",121.38,239,10.76,0.38
07:47:20,"[116.0, 63]","[112.0, 36]","[121.24, 34]","[121.95, 21]",118.62,154,5.24,0.29
07:47:21,"[116.0, 53]","[112.05, 42]","[117.42, 12]","[119.78, 36]",116.71,143,1.42,0.33
07:47:22,"[113.38, 16]","[112.07, 30]","[115.41, 17]","[117.55, 20]",114.39,83,2.04,0.11
07:47:23,"[112.09, 23]","[110.11, 74]","[114.0, 30]","[250.56, 18]",113.04,145,1.91,0.34
07:47:24,"[112.0, 14]","[110.0, 91]","[113.14, 21]","[126.07, 29]",112.57,155,1.14,0.35
07:47:25,"[110.91, 67]","[109.95, 76]","[113.44, 41]","[131.22, 23]",112.17,207,2.53,0.38
07:47:26,"[110.68, 38]","[109.93, 55]","[112.26, 23]","[252.12, 26]",111.47,142,1.58,0.31
07:47:27,"[110.43, 28]","[109.18, 22]","[123.0, 14]","[145.2, 15]",116.71,79,12.57,0.27
07:47:28,"[116.0, 10]","[110.73, 22]","[266.83, 18]","[500.18, 17]",191.42,67,150.83,-0.04
07:47:29,"[116.0, 8]","[111.6, 20]","[312.0, 19]","[429.5, 16]",214.0,63,196.0,-0.11
07:47:30,"[116.0, 10]","[110.0, 20]","[329.0, 40]","[412.0, 20]",222.5,90,213.0,-0.33
07:47:31,"[116.0, 8]","[110.0, 16]","[278.14, 14]","[332.08, 26]",197.07,64,162.14,-0.25
07:47:32,"[112.73, 11]","[109.45, 22]","[301.79, 38]","[401.37, 35]",207.26,106,189.06,-0.38
07:47:33,"[110.0, 10]","[109.0, 20]","[240.88, 32]","[306.67, 27]",175.44,89,130.88,-0.33
07:47:34,"[110.0, 10]","[109.0, 52]","[208.03, 37]","[241.67, 24]",159.01,123,98.03,0.01
07:47:35,"[109.27, 22]","[108.47, 43]","[210.0, 40]","[316.57, 28]",159.64,133,100.73,-0.02
07:47:36,"[112.0, 62]","[109.0, 31]","[207.39, 46]","[278.36, 47]",159.7,186,95.39,0.0
07:47:37,"[112.0, 24]","[109.0, 16]","[208.4, 20]","[259.86, 28]",160.2,88,96.4,-0.09
07:47:38,"[111.68, 37]","[108.73, 30]","[189.54, 13]","[206.85, 40]",150.61,120,77.86,0.12
07:47:39,"[108.16, 25]","[106.16, 99]","[124.52, 27]","[146.0, 9]",116.34,160,16.36,0.55
07:47:40,"[109.14, 21]","[106.17, 71]","[124.0, 28]","[126.0, 7]",116.57,127,14.86,0.45
07:47:41,"[113.25, 32]","[110.56, 27]","[123.29, 24]","[135.71, 21]",118.27,104,10.04,0.13
07:47:42,"[112.0, 27]","[109.0, 27]","[120.93, 30]","[121.47, 15]",116.47,99,8.93,0.09
07:47:43,"[115.79, 33]","[109.71, 21]","[119.17, 24]","[120.76, 21]",117.48,99,3.38,0.09
07:47:44,"[110.46, 26]","[109.57, 14]","[118.0, 32]","[120.0, 8]",114.23,80,7.54,0.0
07:47:45,"[110.0, 32]","[109.0, 10]","[115.6, 40]","[120.0, 10]",112.8,92,5.6,-0.09
07:47:46,"[110.0, 27]","[109.0, 9]","[114.56, 36]","[120.0, 9]",112.28,81,4.56,-0.11
07:47:47,"[110.0, 27]","[109.0, 9]","[112.5, 24]","[113.9, 21]",111.25,81,2.5,-0.11
07:47:48,"[108.64, 11]","[107.3, 10]","[111.6, 10]","[135.85, 20]",110.12,51,2.96,-0.18
07:47:49,"[107.78, 9]","[105.89, 9]","[113.28, 25]","[308.0, 11]",110.53,54,5.5,-0.33
07:47:50,"[106.0, 6]","[105.0, 6]","[191.33, 9]","[661.69, 16]",148.67,37,85.33,-0.35
07:47:51,"[108.27, 33]","[105.71, 7]","[190.86, 14]","[464.14, 21]",149.56,75,82.58,0.07
07:47:52,"[110.27, 26]","[109.22, 40]","[189.25, 16]","[301.0, 24]",149.76,106,78.98,0.25
07:47:53,"[110.0, 90]","[109.0, 27]","[189.0, 18]","[420.6, 25]",149.5,160,79.0,0.46
07:47:54,"[110.0, 70]","[109.0, 21]","[187.35, 23]","[257.0, 12]",148.67,126,77.35,0.44
07:47:55,"[110.0, 90]","[109.0, 36]","[186.61, 59]","[192.04, 28]",148.31,213,76.61,0.18
07:47:56,"[110.18, 34]","[109.54, 26]","[184.26, 27]","[185.56, 27]",147.22,114,74.08,0.05
07:47:57,"[110.0, 70]","[109.0, 42]","[179.6, 63]","[181.43, 63]",144.8,238,69.6,-0.06
07:47:58,"[110.0, 16]","[109.0, 15]","[178.0, 25]","[179.0, 20]",144.0,76,68.0,-0.18
07:47:59,"[110.0, 18]","[109.0, 27]","[177.67, 45]","[179.0, 36]",143.83,126,67.67,-0.29
07:48:00,"[110.0, 32]","[109.0, 45]","[168.66, 65]","[172.86, 70]",139.33,212,58.66,-0.27
07:48:01,"[109.89, 38]","[108.68, 37]","[156.23, 64]","[167.96, 71]",133.06,210,46.34,-0.29
07:48:02,"[110.0, 63]","[109.0, 9]","[151.16, 37]","[152.14, 37]",130.58,146,41.16,-0.01
07:48:03,"[111.66, 229]","[110.09, 206]","[148.54, 78]","[150.33, 81]",130.1,594,36.87,0.46
07:48:04,"[112.0, 220]","[110.0, 154]","[141.64, 53]","[142.98, 54]",126.82,481,29.64,0.56
07:48:05,"[110.38, 242]","[109.75, 56]","[137.35, 79]","[138.74, 76]",123.87,453,26.97,0.32
07:48:06,"[110.8, 140]","[109.95, 118]","[134.48, 62]","[135.45, 58]",122.64,378,23.68,0.37
07:48:07,"[112.0, 105]","[110.0, 210]","[129.47, 57]","[130.1, 63]",120.74,435,17.47,0.45
07:48:08,"[112.5, 28]","[111.63, 152]","[125.35, 65]","[126.62, 66]",118.93,311,12.85,0.16
07:48:09,"[111.95, 38]","[111.0, 64]","[121.62, 80]","[122.71, 68]",116.79,250,9.68,-0.18
07:48:10,"[110.0, 13]","[109.0, 7]","[118.38, 32]","[120.42, 33]",114.19,85,8.38,-0.53
07:48:11,"[100.73, 11]","[33.77, 31]","[113.98, 44]","[115.39, 41]",107.35,127,13.25,-0.34
07:48:12,"[61.45, 69]","[43.41, 39]","[107.58, 36]","[110.74, 39]",84.52,183,46.13,0.18
07:48:13,"[76.56, 90]","[54.0, 9]","[103.71, 21]","[105.0, 40]",90.13,160,27.16,0.24
07:48:14,"[90.39, 31]","[50.0, 13]","[100.17, 24]","[102.5, 46]",95.28,114,9.78,-0.23
07:48:15,"[54.0, 2]","[0, 0]","[97.0, 6]","[98.0, 6]",75.5,14,43.0,-0.71
07:48:16,"[55.8, 15]","[54.0, 5]","[97.0, 10]","[98.0, 15]",76.4,45,41.2,-0.11
07:48:17,"[57.0, 5]","[56.0, 15]","[97.0, 10]","[98.0, 15]",77.0,45,40.0,-0.11
07:48:18,"[57.92, 12]","[56.61, 18]","[97.0, 16]","[98.0, 24]",77.46,70,39.08,-0.14
07:48:19,"[62.05, 19]","[61.65, 17]","[97.0, 11]","[98.0, 27]",79.53,74,34.95,-0.03
07:48:20,"[70.86, 28]","[68.83, 18]","[97.82, 22]","[100.67, 36]",84.34,104,26.96,-0.12
07:48:21,"[88.53, 15]","[87.69, 13]","[99.39, 23]","[102.5, 40]",93.96,91,10.86,-0.38
07:48:22,"[95.07, 27]","[94.22, 23]","[102.42, 36]","[103.21, 56]",98.75,142,7.34,-0.3
07:48:23,"[97.56, 18]","[96.82, 22]","[103.79, 19]","[200.44, 36]",100.67,95,6.23,-0.16
07:48:24,"[99.0, 7]","[97.0, 21]","[101.36, 11]","[110.0, 9]",100.18,48,2.36,0.17
07:48:25,"[100.52, 23]","[90.18, 22]","[113.08, 13]","[153.14, 43]",106.8,101,12.56,-0.11
07:48:26,"[106.41, 54]","[103.59, 29]","[118.5, 56]","[227.42, 62]",112.45,201,12.09,-0.17
07:48:27,"[113.0, 70]","[109.0, 40]","[116.8, 40]","[120.0, 50]",114.9,200,3.8,0.1
07:48:28,"[113.0, 30]","[109.0, 24]","[116.0, 24]","[120.0, 30]",114.5,108,3.0,0.0
07:48:29,"[113.0, 25]","[109.0, 20]","[115.8, 20]","[142.1, 21]",114.4,86,2.8,0.05
07:48:30,"[113.0, 55]","[109.0, 44]","[115.0, 44]","[210.87, 39]",114.0,182,2.0,0.09
07:48:31,"[113.0, 25]","[109.0, 36]","[133.19, 37]","[247.25, 20]",123.09,118,20.19,0.03
07:48:32,"[113.0, 7]","[109.08, 25]","[164.7, 23]","[227.67, 9]",138.85,64,51.7,0.0
07:48:33,"[110.08, 12]","[108.09, 33]","[171.0, 61]","[256.0, 12]",140.54,118,60.92,-0.24
07:48:34,"[102.0, 9]","[84.78, 9]","[194.86, 28]","[435.87, 30]",148.43,76,92.86,-0.53
07:48:35,"[97.36, 11]","[76.24, 38]","[105.42, 19]","[251.79, 19]",101.39,87,8.06,0.13
07:48:36,"[106.06, 33]","[97.93, 15]","[335.88, 16]","[443.83, 18]",220.97,82,229.81,0.17
07:48:37,"[107.0, 26]","[106.0, 10]","[396.0, 9]","[613.0, 15]",251.5,60,289.0,0.2
07:48:38,"[74.17, 30]","[24.39, 54]","[328.27, 26]","[527.71, 41]",201.22,151,254.1,0.11
07:48:39,"[42.0, 5]","[17.94, 17]","[103.0, 12]","[176.0, 16]",72.5,50,61.0,-0.12
07:48:40,"[62.29, 35]","[53.71, 24]","[111.56, 39]","[154.0, 29]",86.92,127,49.28,-0.07
07:48:41,"[108.25, 8]","[97.09, 11]","[374.83, 36]","[541.9, 20]",241.54,75,266.58,-0.49
07:48:42,"[109.68, 19]","[103.19, 16]","[372.71, 35]","[448.88, 34]",241.2,104,263.03,-0.33
07:48:43,"[113.27, 33]","[108.36, 11]","[290.92, 37]","[388.5, 40]",202.1,121,177.65,-0.27
07:48:44,"[116.0, 90]","[108.0, 10]","[322.82, 22]","[374.71, 38]",219.41,160,206.82,0.25
07:48:45,"[116.0, 117]","[112.38, 39]","[166.21, 39]","[218.32, 37]",141.1,232,50.21,0.34
07:48:46,"[116.0, 117]","[113.0, 39]","[119.49, 45]","[120.18, 34]",117.74,235,3.49,0.33
07:48:47,"[116.0, 42]","[113.0, 18]","[117.0, 18]","[118.0, 24]",116.5,102,1.0,0.18
07:48:48,"[116.0, 32]","[113.0, 27]","[117.73, 33]","[297.2, 30]",116.86,122,1.73,-0.03
07:48:49,"[116.0, 24]","[113.0, 36]","[118.0, 48]","[261.5, 36]",117.0,144,2.0,-0.17
07:48:50,"[116.0, 14]","[113.0, 21]","[118.0, 28]","[138.0, 18]",117.0,81,2.0,-0.14
07:48:51,"[113.87, 31]","[112.25, 36]","[120.71, 34]","[173.67, 27]",117.29,128,6.83,0.05
07:48:52,"[112.0, 18]","[110.0, 18]","[124.0, 12]","[126.0, 12]",118.0,60,12.0,0.2
07:48:53,"[112.0, 5]","[110.0, 6]","[124.0, 4]","[126.0, 4]",118.0,19,12.0,0.16
07:48:54,"[112.0, 20]","[110.0, 30]","[123.7, 20]","[185.8, 30]",117.85,100,11.7,0.0
07:48:55,"[112.0, 20]","[110.0, 30]","[122.6, 20]","[267.1, 20]",117.3,90,10.6,0.11
07:48:56,"[112.0, 16]","[110.0, 24]","[121.25, 16]","[358.0, 16]",116.62,72,9.25,0.11
