Time,Bid1,Bid2,Ask1,Ask2,Mid-Price,Total_volume,Bid_ask_spread,Order_imbalance
07:30:00,"[50.0, 3]","[0, 0]","[0, 0]","[0, 0]",25.0,3,-50.0,1.0
07:30:02,"[58.0, 6]","[0, 0]","[497.0, 1]","[0, 0]",277.5,7,439.0,0.71
07:30:03,"[50.0, 3]","[0, 0]","[497.0, 1]","[0, 0]",273.5,4,447.0,0.5
07:30:04,"[50.0, 3]","[0, 0]","[740.0, 1]","[0, 0]",395.0,4,690.0,0.5
07:30:05,"[51.5, 6]","[0, 0]","[739.0, 2]","[0, 0]",395.25,8,687.5,0.5
07:30:06,"[23.29, 21]","[0, 0]","[589.84, 19]","[722.75, 4]",306.56,44,566.56,-0.05
07:30:07,"[47.33, 9]","[0, 0]","[537.78, 9]","[670.0, 6]",292.56,24,490.44,-0.25
07:30:08,"[64.0, 3]","[0, 0]","[631.0, 5]","[632.0, 1]",347.5,9,567.0,-0.33
07:30:09,"[64.0, 9]","[0, 0]","[425.18, 11]","[545.14, 14]",244.59,34,361.18,-0.47
07:30:10,"[90.0, 9]","[86.16, 19]","[99.3, 27]","[470.8, 30]",94.65,85,9.3,-0.34
07:30:11,"[94.25, 4]","[89.0, 12]","[98.58, 24]","[176.64, 22]",96.42,62,4.33,-0.48
07:30:12,"[91.73, 11]","[89.0, 15]","[97.53, 15]","[98.36, 39]",94.63,80,5.81,-0.35
07:30:13,"[77.67, 9]","[15.0, 36]","[98.0, 15]","[99.0, 17]",87.83,77,20.33,0.17
07:30:14,"[87.38, 24]","[59.42, 19]","[98.1, 50]","[99.12, 51]",92.74,144,10.72,-0.4
07:30:15,"[89.0, 9]","[55.0, 3]","[98.67, 12]","[99.71, 17]",93.83,41,9.67,-0.41
07:30:16,"[92.32, 123]","[88.84, 61]","[97.82, 34]","[99.16, 75]",95.07,293,5.51,0.26
07:30:17,"[91.6, 109]","[89.83, 46]","[99.48, 27]","[101.56, 59]",95.54,241,7.89,0.29
07:30:18,"[97.11, 9]","[93.47, 19]","[99.0, 24]","[100.0, 9]",98.06,61,1.89,-0.08
07:30:19,"[92.97, 62]","[91.36, 42]","[101.92, 24]","[102.86, 42]",97.44,170,8.95,0.22
07:30:20,"[95.56, 50]","[93.62, 63]","[101.83, 70]","[107.61, 62]",98.69,245,6.27,-0.08
07:30:21,"[100.88, 17]","[97.27, 11]","[102.0, 22]","[116.0, 35]",101.44,85,1.12,-0.34
07:30:22,"[100.0, 11]","[97.45, 49]","[102.0, 11]","[114.0, 55]",101.0,126,2.0,-0.05
07:30:23,"[98.7, 23]","[97.11, 57]","[102.0, 11]","[105.0, 55]",100.35,146,3.3,0.1
07:30:24,"[96.25, 72]","[94.56, 54]","[102.0, 12]","[105.0, 60]",99.12,198,5.75,0.27
07:30:25,"[95.67, 24]","[94.86, 35]","[101.0, 7]","[102.0, 7]",98.33,73,5.33,0.62
07:30:26,"[97.73, 22]","[96.0, 41]","[101.0, 11]","[102.0, 11]",99.36,85,3.27,0.48
07:30:27,"[98.25, 16]","[96.0, 66]","[101.0, 8]","[102.0, 8]",99.62,98,2.75,0.67
07:30:28,"[99.1, 20]","[96.0, 150]","[101.0, 10]","[102.0, 10]",100.05,190,1.9,0.79
07:30:29,"[97.71, 103]","[95.28, 53]","[104.5, 40]","[181.92, 12]",101.1,208,6.79,0.5
07:30:30,"[108.76, 97]","[98.33, 48]","[139.57, 51]","[224.89, 38]",124.17,234,30.81,0.24
07:30:31,"[110.0, 143]","[104.0, 26]","[162.78, 55]","[191.07, 40]",136.39,264,52.78,0.28
07:30:32,"[110.0, 147]","[104.0, 38]","[129.16, 95]","[132.01, 86]",119.58,366,19.16,0.01
07:30:33,"[110.0, 60]","[104.0, 20]","[125.21, 38]","[126.74, 42]",117.61,160,15.21,0.0
07:30:34,"[110.0, 45]","[105.07, 27]","[119.37, 52]","[120.38, 34]",114.68,158,9.37,-0.09
07:30:35,"[110.0, 27]","[109.0, 9]","[116.33, 39]","[117.62, 39]",113.17,114,6.33,-0.37
07:30:36,"[109.83, 30]","[108.08, 13]","[112.15, 46]","[113.57, 46]",110.99,135,2.32,-0.36
07:30:37,"[106.15, 33]","[103.47, 38]","[109.98, 47]","[111.69, 29]",108.07,147,3.83,-0.03
07:30:38,"[106.58, 62]","[105.58, 59]","[108.0, 65]","[109.0, 13]",107.29,199,1.42,0.22
07:30:39,"[104.67, 18]","[103.68, 56]","[108.04, 23]","[158.0, 18]",106.36,115,3.38,0.29
07:30:40,"[103.25, 48]","[102.88, 64]","[107.0, 10]","[188.2, 20]",105.12,142,3.75,0.58
07:30:41,"[103.0, 61]","[102.0, 22]","[106.55, 11]","[226.82, 22]",104.77,116,3.55,0.43
07:30:42,"[103.0, 68]","[102.0, 16]","[104.56, 36]","[251.22, 18]",103.78,138,1.56,0.22
07:30:43,"[103.0, 46]","[102.0, 8]","[104.0, 18]","[280.0, 8]",103.5,80,1.0,0.35
07:30:44,"[103.0, 85]","[102.0, 10]","[104.0, 20]","[262.4, 20]",103.5,135,1.0,0.41
07:30:45,"[103.14, 87]","[102.53, 34]","[162.91, 33]","[252.5, 40]",133.02,194,59.77,0.25
07:30:46,"[104.87, 38]","[103.87, 46]","[329.06, 18]","[378.82, 22]",216.96,124,224.19,0.35
07:30:47,"[106.56, 16]","[104.26, 23]","[183.0, 8]","[326.0, 8]",144.78,55,76.44,0.42
07:30:48,"[106.5, 14]","[105.21, 14]","[182.53, 19]","[273.58, 19]",144.51,66,76.03,-0.15
07:30:49,"[104.47, 34]","[103.91, 44]","[179.94, 16]","[181.88, 32]",142.2,126,75.47,0.24
07:30:50,"[105.58, 24]","[104.0, 60]","[161.38, 24]","[174.92, 26]",133.48,134,55.79,0.25
07:30:51,"[106.14, 29]","[104.14, 49]","[147.22, 23]","[149.76, 29]",126.68,130,41.08,0.2
07:30:52,"[99.67, 61]","[89.94, 53]","[125.45, 11]","[145.78, 23]",112.56,148,25.78,0.54
07:30:53,"[99.0, 28]","[68.0, 42]","[100.27, 15]","[107.57, 7]",99.63,92,1.27,0.52
07:30:54,"[108.0, 40]","[89.23, 31]","[130.0, 15]","[573.0, 5]",119.0,91,22.0,0.56
07:30:55,"[109.0, 44]","[103.6, 30]","[153.75, 16]","[557.62, 8]",131.38,98,44.75,0.51
07:30:56,"[109.0, 44]","[106.4, 30]","[510.0, 15]","[574.0, 33]",309.5,122,401.0,0.21
07:30:57,"[109.0, 58]","[108.0, 20]","[435.21, 14]","[551.31, 16]",272.11,108,326.21,0.44
07:30:58,"[109.0, 90]","[108.0, 30]","[234.06, 32]","[463.52, 25]",171.53,177,125.06,0.36
07:30:59,"[109.0, 48]","[108.0, 16]","[265.11, 19]","[327.35, 17]",187.05,100,156.11,0.28
07:31:00,"[109.0, 72]","[108.0, 24]","[343.54, 35]","[405.4, 30]",226.27,161,234.54,0.19
07:31:01,"[109.0, 72]","[108.0, 24]","[245.82, 33]","[276.48, 31]",177.41,160,136.82,0.2
07:31:02,"[109.0, 72]","[108.0, 24]","[242.83, 24]","[245.0, 36]",175.92,156,133.83,0.23
07:31:03,"[109.0, 72]","[108.0, 24]","[241.08, 26]","[243.47, 34]",175.04,156,132.08,0.23
07:31:04,"[109.29, 68]","[108.25, 73]","[237.67, 36]","[240.0, 24]",173.48,201,128.37,0.4
07:31:05,"[110.0, 75]","[109.0, 90]","[220.84, 45]","[256.63, 38]",165.42,248,110.84,0.33
07:31:06,"[110.0, 65]","[109.0, 78]","[155.54, 48]","[160.81, 54]",132.77,245,45.54,0.17
07:31:07,"[110.0, 60]","[109.0, 72]","[149.64, 36]","[155.06, 48]",129.82,216,39.64,0.22
07:31:08,"[110.0, 50]","[109.0, 60]","[149.68, 34]","[150.72, 32]",129.84,176,39.68,0.25
07:31:09,"[109.59, 59]","[108.51, 82]","[147.54, 39]","[148.47, 45]",128.57,225,37.95,0.25
07:31:10,"[108.44, 63]","[107.92, 65]","[143.55, 33]","[144.73, 33]",125.99,194,35.1,0.32
07:31:11,"[108.0, 63]","[107.0, 9]","[140.44, 27]","[141.89, 27]",124.22,126,32.44,0.14
07:31:12,"[108.0, 50]","[107.0, 10]","[137.56, 36]","[139.65, 20]",122.78,116,29.56,0.03
07:31:13,"[108.0, 60]","[107.0, 15]","[131.69, 49]","[132.89, 56]",119.85,180,23.69,-0.17
07:31:14,"[108.66, 82]","[107.84, 43]","[125.82, 60]","[127.92, 38]",117.24,223,17.16,0.12
07:31:15,"[109.54, 52]","[108.11, 45]","[124.64, 55]","[126.0, 22]",117.09,174,15.1,0.11
07:31:16,"[111.08, 48]","[109.0, 60]","[121.98, 42]","[123.21, 33]",116.53,183,10.89,0.18
07:31:17,"[113.0, 48]","[109.0, 132]","[119.96, 52]","[120.89, 44]",116.48,276,6.96,0.3
07:31:18,"[113.0, 51]","[109.56, 96]","[115.03, 68]","[116.62, 42]",114.01,257,2.03,0.14
07:31:19,"[109.83, 41]","[108.83, 88]","[115.39, 23]","[123.0, 11]",112.61,163,5.56,0.58
07:31:20,"[109.0, 92]","[108.0, 94]","[114.47, 34]","[115.2, 60]",111.74,280,5.47,0.33
07:31:21,"[109.0, 18]","[108.0, 54]","[112.47, 15]","[114.91, 46]",110.73,133,3.47,0.08
07:31:22,"[106.18, 79]","[105.1, 101]","[110.29, 41]","[237.12, 26]",108.23,247,4.12,0.46
07:31:23,"[105.0, 78]","[104.0, 99]","[107.45, 11]","[217.64, 11]",106.23,199,2.45,0.78
07:31:24,"[105.0, 45]","[104.0, 110]","[106.33, 12]","[213.54, 26]",105.67,193,1.33,0.61
07:31:25,"[105.0, 6]","[104.0, 33]","[106.67, 6]","[296.67, 15]",105.83,60,1.67,0.3
07:31:26,"[104.67, 24]","[103.97, 91]","[106.0, 18]","[506.22, 9]",105.33,142,1.33,0.62
07:31:27,"[104.0, 24]","[103.0, 9]","[106.0, 6]","[495.27, 11]",105.0,50,2.0,0.32
07:31:28,"[104.03, 33]","[103.4, 20]","[106.0, 10]","[523.0, 30]",105.02,93,1.97,0.14
07:31:29,"[105.35, 34]","[103.78, 41]","[493.14, 28]","[523.0, 18]",299.25,121,387.79,0.24
07:31:30,"[109.0, 21]","[103.81, 32]","[341.38, 21]","[421.56, 18]",225.19,92,232.38,0.15
07:31:31,"[109.0, 30]","[104.07, 15]","[165.11, 19]","[231.74, 35]",137.05,99,56.11,-0.09
07:31:32,"[109.0, 26]","[104.0, 13]","[117.76, 25]","[202.22, 23]",113.38,87,8.76,-0.1
07:31:33,"[106.15, 62]","[89.29, 52]","[114.23, 30]","[115.25, 40]",110.19,184,8.09,0.24
07:31:34,"[106.91, 45]","[99.91, 46]","[109.57, 28]","[149.89, 18]",108.24,137,2.66,0.33
07:31:35,"[101.0, 70]","[67.09, 22]","[107.5, 16]","[231.64, 28]",104.25,136,6.5,0.35
07:31:36,"[101.0, 51]","[55.74, 43]","[109.82, 11]","[245.66, 41]",105.41,146,8.82,0.29
07:31:37,"[101.0, 24]","[83.12, 8]","[110.88, 8]","[178.12, 40]",105.94,80,9.88,-0.2
07:31:38,"[101.68, 28]","[72.81, 31]","[106.32, 19]","[221.59, 39]",104.0,117,4.64,0.01
07:31:39,"[102.0, 52]","[101.0, 10]","[107.65, 40]","[225.71, 14]",104.83,116,5.65,0.07
07:31:40,"[102.67, 45]","[101.0, 9]","[175.08, 26]","[284.21, 29]",138.87,109,72.41,-0.01
07:31:41,"[109.0, 88]","[103.0, 55]","[202.65, 23]","[359.31, 32]",155.83,198,93.65,0.44
07:31:42,"[109.0, 42]","[103.0, 45]","[264.26, 27]","[408.48, 33]",186.63,147,155.26,0.18
07:31:43,"[109.0, 24]","[103.0, 40]","[346.26, 34]","[431.93, 27]",227.63,125,237.26,0.02
07:31:44,"[109.0, 33]","[103.0, 55]","[298.74, 38]","[542.47, 30]",203.87,156,189.74,0.13
07:31:45,"[109.0, 33]","[103.0, 55]","[405.65, 49]","[437.84, 37]",257.33,174,296.65,0.01
07:31:46,"[109.0, 48]","[103.38, 40]","[417.91, 34]","[439.0, 25]",263.46,147,308.91,0.2
07:31:47,"[103.6, 30]","[102.36, 14]","[269.02, 43]","[428.63, 43]",186.31,130,165.42,-0.32
07:31:48,"[104.19, 21]","[102.88, 16]","[370.0, 50]","[404.53, 34]",237.1,121,265.81,-0.39
07:31:49,"[108.0, 21]","[105.29, 14]","[180.58, 19]","[363.75, 24]",144.29,78,72.58,-0.1
07:31:50,"[108.94, 48]","[107.88, 17]","[112.5, 30]","[114.0, 6]",110.72,101,3.56,0.29
07:31:51,"[109.0, 32]","[108.0, 12]","[111.0, 20]","[184.5, 12]",110.0,76,2.0,0.16
07:31:52,"[109.0, 80]","[108.0, 30]","[111.0, 50]","[226.23, 30]",110.0,190,2.0,0.16
07:31:53,"[109.0, 64]","[108.0, 24]","[110.38, 40]","[310.0, 8]",109.69,136,1.38,0.29
07:31:54,"[109.0, 57]","[108.0, 27]","[112.86, 42]","[156.96, 23]",110.93,149,3.86,0.13
07:31:55,"[108.92, 26]","[107.8, 10]","[300.2, 15]","[650.0, 10]",204.56,61,191.28,0.18
07:31:56,"[109.29, 28]","[107.85, 26]","[493.6, 30]","[577.71, 34]",301.44,118,384.31,-0.08
07:31:57,"[108.0, 14]","[107.0, 28]","[345.28, 29]","[340.98, 40]",226.64,111,237.28,-0.24
07:31:58,"[110.03, 215]","[109.5, 76]","[240.18, 38]","[250.65, 26]",175.11,355,130.16,0.64
07:31:59,"[111.0, 36]","[110.0, 191]","[235.42, 19]","[239.71, 17]",173.21,263,124.42,0.73
07:32:00,"[110.65, 62]","[109.25, 200]","[232.2, 20]","[233.75, 28]",171.42,310,121.55,0.69
07:32:01,"[110.0, 121]","[107.0, 275]","[227.0, 29]","[228.24, 17]",168.5,442,117.0,0.79
07:32:02,"[110.0, 110]","[107.01, 202]","[223.5, 24]","[223.83, 18]",166.75,354,113.5,0.76
07:32:03,"[110.0, 74]","[108.0, 9]","[221.0, 9]","[222.78, 27]",165.5,119,111.0,0.39
07:32:04,"[110.0, 78]","[108.0, 13]","[218.73, 22]","[220.11, 18]",164.36,131,108.73,0.39
07:32:05,"[110.0, 54]","[108.0, 9]","[215.29, 21]","[217.6, 15]",162.64,99,105.29,0.27
07:32:06,"[110.0, 69]","[108.0, 17]","[213.94, 85]","[216.0, 17]",161.97,188,103.94,-0.09
07:32:07,"[110.0, 30]","[108.0, 10]","[211.0, 16]","[211.78, 41]",160.5,97,101.0,-0.18
07:32:08,"[110.0, 15]","[108.57, 7]","[209.11, 9]","[210.5, 8]",159.56,39,99.11,0.13
07:32:09,"[111.9, 21]","[109.93, 29]","[208.0, 20]","[210.0, 10]",159.95,80,96.1,0.25
07:32:10,"[112.54, 26]","[109.89, 37]","[205.43, 42]","[206.34, 41]",158.98,146,92.89,-0.14
07:32:11,"[110.0, 13]","[109.0, 26]","[200.6, 53]","[204.14, 35]",155.3,127,90.6,-0.39
07:32:12,"[110.0, 12]","[109.0, 24]","[156.76, 34]","[172.0, 32]",133.38,102,46.76,-0.29
07:32:13,"[107.04, 294]","[105.73, 30]","[152.41, 37]","[154.1, 31]",129.72,392,45.36,0.65
07:32:14,"[107.0, 275]","[104.0, 22]","[146.91, 45]","[148.08, 38]",126.96,380,39.91,0.56
07:32:15,"[107.0, 450]","[104.71, 68]","[142.31, 62]","[143.37, 73]",124.65,653,35.31,0.59
07:32:16,"[107.01, 273]","[105.82, 112]","[135.37, 51]","[137.06, 31]",121.19,467,28.37,0.65
07:32:17,"[109.55, 29]","[107.01, 325]","[130.04, 50]","[130.39, 49]",119.8,453,20.49,0.56
07:32:18,"[110.71, 45]","[107.1, 79]","[125.85, 40]","[126.89, 56]",118.28,220,15.14,0.13
07:32:19,"[106.06, 52]","[105.84, 62]","[114.82, 51]","[114.69, 52]",110.44,217,8.77,0.05
07:32:20,"[106.0, 61]","[105.0, 66]","[107.22, 36]","[122.96, 27]",106.61,190,1.22,0.34
07:32:21,"[105.12, 66]","[104.6, 40]","[108.42, 36]","[188.0, 60]",106.77,202,3.3,0.05
07:32:22,"[105.0, 62]","[104.0, 22]","[132.34, 32]","[202.94, 53]",118.67,169,27.34,-0.01
07:32:23,"[105.74, 73]","[104.59, 34]","[202.0, 60]","[337.83, 48]",153.87,215,96.26,-0.0
07:32:24,"[107.83, 108]","[105.0, 21]","[233.75, 60]","[584.6, 43]",170.79,232,125.92,0.11
07:32:25,"[109.91, 99]","[105.0, 11]","[317.32, 47]","[572.92, 26]",213.61,183,207.41,0.2
07:32:26,"[111.4, 90]","[105.0, 10]","[164.0, 50]","[232.14, 28]",137.7,178,52.6,0.12
07:32:27,"[112.0, 36]","[105.0, 4]","[164.0, 20]","[227.0, 16]",138.0,76,52.0,0.05
07:32:28,"[112.0, 63]","[108.37, 19]","[163.14, 35]","[217.78, 27]",137.57,144,51.14,0.14
07:32:29,"[112.0, 135]","[109.0, 60]","[162.93, 75]","[245.47, 45]",137.47,315,50.93,0.24
07:32:30,"[112.33, 108]","[110.59, 68]","[161.88, 51]","[236.15, 53]",137.11,280,49.55,0.26
07:32:31,"[113.0, 84]","[112.0, 135]","[159.12, 33]","[161.89, 72]",136.06,324,46.12,0.35
07:32:32,"[113.0, 36]","[112.0, 108]","[153.21, 58]","[157.33, 30]",133.1,232,40.21,0.24
07:32:33,"[112.3, 69]","[111.17, 87]","[155.61, 41]","[156.4, 50]",133.96,247,43.31,0.26
07:32:34,"[112.0, 120]","[109.88, 32]","[154.24, 42]","[155.4, 63]",133.12,257,42.24,0.18
07:32:35,"[112.0, 116]","[110.0, 30]","[150.06, 51]","[152.76, 54]",131.03,251,38.06,0.16
07:32:36,"[112.0, 49]","[110.0, 14]","[147.45, 20]","[148.28, 29]",129.72,112,35.45,0.12
07:32:37,"[112.0, 63]","[110.0, 18]","[145.22, 18]","[148.0, 45]",128.61,144,33.22,0.12
07:32:38,"[112.0, 82]","[110.0, 28]","[142.46, 61]","[144.55, 55]",127.23,226,30.46,-0.03
07:32:39,"[112.0, 55]","[110.0, 22]","[136.76, 37]","[137.45, 55]",124.38,169,24.76,-0.09
07:32:40,"[111.77, 53]","[109.45, 44]","[129.75, 53]","[132.83, 47]",120.76,197,17.98,-0.02
07:32:41,"[109.0, 84]","[108.0, 42]","[125.7, 61]","[126.76, 67]",117.35,254,16.7,-0.01
07:32:42,"[109.0, 66]","[107.03, 115]","[120.03, 40]","[121.35, 46]",114.51,267,11.03,0.36
07:32:43,"[109.06, 64]","[108.55, 22]","[114.84, 45]","[115.49, 39]",111.95,170,5.78,0.01
07:32:44,"[110.0, 28]","[109.0, 84]","[111.5, 70]","[112.29, 49]",110.75,231,1.5,-0.03
07:32:45,"[108.76, 51]","[107.26, 19]","[110.85, 59]","[118.69, 65]",109.81,194,2.08,-0.28
07:32:46,"[107.0, 78]","[106.0, 87]","[117.24, 38]","[158.91, 45]",112.12,248,10.24,0.33
07:32:47,"[108.7, 30]","[107.0, 71]","[114.56, 45]","[115.33, 30]",111.63,176,5.86,0.15
07:32:48,"[109.0, 36]","[107.0, 154]","[111.72, 50]","[114.45, 40]",110.36,280,2.72,0.36
07:32:49,"[107.32, 60]","[106.39, 46]","[113.83, 59]","[203.28, 43]",110.57,208,6.51,0.02
07:32:50,"[108.91, 23]","[106.76, 25]","[112.21, 48]","[113.12, 48]",110.56,144,3.3,-0.33
07:32:51,"[107.87, 15]","[105.33, 24]","[110.13, 38]","[111.05, 58]",109.0,135,2.26,-0.42
07:32:52,"[108.0, 16]","[104.52, 27]","[110.0, 36]","[213.5, 40]",109.0,119,2.0,-0.28
07:32:53,"[107.0, 13]","[104.0, 39]","[108.46, 39]","[211.15, 39]",107.73,130,1.46,-0.2
07:32:54,"[105.88, 8]","[103.79, 19]","[108.0, 18]","[109.0, 18]",106.94,63,2.12,-0.14
07:32:55,"[104.0, 24]","[103.0, 32]","[107.12, 24]","[108.65, 23]",105.56,103,3.12,0.09
07:32:56,"[103.43, 49]","[102.33, 84]","[105.87, 38]","[232.04, 47]",104.65,218,2.44,0.22
07:32:57,"[103.07, 28]","[102.02, 82]","[107.53, 15]","[257.97, 33]",105.3,158,4.46,0.39
07:32:58,"[104.83, 24]","[103.0, 24]","[107.0, 12]","[258.5, 38]",105.92,98,2.17,-0.02
07:32:59,"[105.0, 11]","[103.0, 18]","[370.03, 29]","[462.61, 33]",237.52,91,265.03,-0.36
07:33:00,"[101.77, 30]","[84.85, 13]","[202.0, 18]","[283.67, 24]",151.88,85,100.23,0.01
07:33:01,"[104.86, 35]","[103.31, 51]","[153.0, 11]","[328.78, 27]",128.93,124,48.14,0.39
07:33:02,"[105.0, 24]","[104.0, 40]","[138.62, 16]","[225.86, 14]",121.81,94,33.62,0.36
07:33:03,"[106.83, 18]","[104.0, 50]","[151.7, 10]","[419.71, 35]",129.27,113,44.87,0.2
07:33:04,"[105.42, 19]","[104.27, 11]","[150.0, 7]","[448.0, 35]",127.71,72,44.58,-0.17
07:33:05,"[104.0, 44]","[102.0, 11]","[149.18, 11]","[514.4, 40]",126.59,106,45.18,0.04
07:33:06,"[103.0, 16]","[96.4, 10]","[114.24, 17]","[284.93, 15]",108.62,58,11.24,-0.1
07:33:07,"[102.0, 11]","[76.64, 11]","[106.17, 12]","[157.54, 13]",104.08,47,4.17,-0.06
07:33:08,"[102.0, 13]","[84.31, 169]","[104.77, 13]","[179.58, 19]",103.38,214,2.77,0.7
07:33:09,"[103.0, 10]","[102.0, 10]","[232.8, 10]","[300.53, 38]",167.9,68,129.8,-0.41
07:33:10,"[103.27, 11]","[73.43, 23]","[222.63, 19]","[301.15, 47]",162.95,100,119.36,-0.32
07:33:11,"[106.67, 9]","[81.39, 23]","[171.0, 45]","[557.0, 9]",138.83,86,64.33,-0.26
07:33:12,"[104.77, 13]","[100.0, 8]","[320.61, 31]","[516.27, 11]",212.69,63,215.84,-0.33
07:33:13,"[108.77, 123]","[87.32, 93]","[346.1, 20]","[381.11, 36]",227.44,272,237.33,0.59
07:33:14,"[109.0, 126]","[103.0, 96]","[346.71, 21]","[356.47, 19]",227.86,262,237.71,0.69
07:33:15,"[109.0, 180]","[103.0, 204]","[172.24, 37]","[185.63, 51]",140.62,472,63.24,0.63
07:33:16,"[109.73, 45]","[108.33, 152]","[130.38, 29]","[132.41, 41]",120.06,267,20.65,0.48
07:33:17,"[109.0, 168]","[103.0, 238]","[126.46, 46]","[128.62, 52]",117.73,504,17.46,0.61
07:33:18,"[109.0, 168]","[103.0, 244]","[122.14, 49]","[123.45, 49]",115.57,510,13.14,0.62
07:33:19,"[109.2, 90]","[105.37, 182]","[118.94, 32]","[119.44, 45]",114.07,349,9.74,0.56
07:33:20,"[111.15, 39]","[109.0, 156]","[117.08, 24]","[118.48, 21]",114.12,240,5.93,0.62
07:33:21,"[111.28, 50]","[108.96, 175]","[114.18, 34]","[144.71, 21]",112.73,280,2.9,0.61
07:33:22,"[109.0, 156]","[108.0, 91]","[116.36, 28]","[283.73, 30]",112.68,305,7.36,0.62
07:33:23,"[109.0, 204]","[108.0, 119]","[111.8, 60]","[113.67, 42]",110.4,425,2.8,0.52
07:33:24,"[109.47, 45]","[108.87, 110]","[111.0, 40]","[113.0, 20]",110.23,215,1.53,0.44
07:33:25,"[109.01, 158]","[107.23, 103]","[110.43, 56]","[221.73, 41]",109.72,358,1.42,0.46
07:33:26,"[109.0, 134]","[107.0, 126]","[287.88, 25]","[419.85, 26]",198.44,311,178.88,0.67
07:33:27,"[108.61, 61]","[104.57, 105]","[273.0, 20]","[275.0, 10]",190.8,196,164.39,0.69
07:33:28,"[109.67, 12]","[105.96, 49]","[202.15, 20]","[215.5, 22]",155.91,103,92.48,0.18
07:33:29,"[111.0, 7]","[107.0, 33]","[179.86, 14]","[182.0, 21]",145.43,75,68.86,0.07
07:33:30,"[111.0, 13]","[107.65, 74]","[174.25, 24]","[397.51, 37]",142.62,148,63.25,0.18
07:33:31,"[109.12, 51]","[107.89, 54]","[177.0, 18]","[364.08, 13]",143.06,136,67.88,0.54
07:33:32,"[109.0, 56]","[107.0, 50]","[155.22, 18]","[207.85, 13]",132.11,137,46.22,0.55
07:33:33,"[109.0, 45]","[107.0, 45]","[165.05, 19]","[288.6, 10]",137.03,119,56.05,0.51
07:33:34,"[109.0, 87]","[107.0, 55]","[173.71, 34]","[279.93, 15]",141.35,191,64.71,0.49
07:33:35,"[109.0, 90]","[107.13, 46]","[171.82, 22]","[173.0, 55]",140.41,213,62.82,0.28
07:33:36,"[109.0, 71]","[108.0, 22]","[118.73, 22]","[153.16, 25]",113.86,140,9.73,0.33
07:33:37,"[108.62, 26]","[107.24, 33]","[111.11, 18]","[114.0, 18]",109.86,95,2.5,0.24
07:33:38,"[108.0, 18]","[107.0, 45]","[110.53, 15]","[138.7, 23]",109.27,101,2.53,0.25
07:33:39,"[104.59, 37]","[104.13, 71]","[108.54, 13]","[183.97, 38]",106.57,159,3.94,0.36
07:33:40,"[104.0, 90]","[103.0, 22]","[105.86, 14]","[137.15, 20]",104.93,146,1.86,0.53
07:33:41,"[104.1, 61]","[102.84, 50]","[249.5, 14]","[436.23, 26]",176.8,151,145.4,0.47
07:33:42,"[104.82, 22]","[102.79, 53]","[417.22, 18]","[797.0, 36]",261.02,129,312.4,0.16
07:33:43,"[109.72, 29]","[107.38, 32]","[475.0, 20]","[797.0, 40]",292.36,121,365.28,0.01
07:33:44,"[112.0, 28]","[111.0, 21]","[302.5, 24]","[494.38, 26]",207.25,99,190.5,-0.01
07:33:45,"[112.0, 25]","[111.0, 24]","[215.25, 32]","[229.0, 32]",163.62,113,103.25,-0.13
07:33:46,"[111.18, 17]","[108.2, 10]","[213.38, 32]","[249.0, 32]",162.28,91,102.2,-0.41
07:33:47,"[112.0, 22]","[107.0, 11]","[211.73, 44]","[249.0, 44]",161.86,121,99.73,-0.45
07:33:48,"[105.65, 49]","[102.86, 99]","[194.35, 34]","[323.38, 32]",150.0,214,88.7,0.38
07:33:49,"[109.0, 21]","[103.0, 57]","[211.0, 28]","[347.5, 24]",160.0,130,102.0,0.2
07:33:50,"[109.0, 33]","[103.0, 77]","[208.0, 26]","[210.2, 40]",158.5,176,99.0,0.25
07:33:51,"[109.0, 68]","[103.0, 72]","[200.22, 36]","[202.93, 28]",154.61,204,91.22,0.37
07:33:52,"[109.0, 88]","[103.44, 54]","[132.71, 28]","[168.29, 28]",120.86,198,23.71,0.43
07:33:53,"[109.0, 108]","[107.0, 32]","[125.5, 32]","[195.49, 55]",117.25,227,16.5,0.23
07:33:54,"[109.25, 24]","[106.84, 19]","[124.18, 34]","[159.62, 26]",116.71,103,14.93,-0.17
07:33:55,"[110.0, 12]","[107.0, 12]","[123.5, 16]","[124.2, 20]",116.75,60,13.5,-0.2
07:33:56,"[110.0, 18]","[107.0, 24]","[123.0, 24]","[124.0, 48]",116.5,114,13.0,-0.26
07:33:57,"[105.33, 9]","[103.35, 46]","[116.36, 28]","[123.23, 26]",110.85,109,11.02,0.01
07:33:58,"[102.88, 17]","[85.45, 42]","[120.0, 28]","[121.05, 38]",111.44,125,17.12,-0.06
07:33:59,"[71.38, 29]","[60.76, 34]","[115.9, 30]","[117.67, 30]",93.64,123,44.52,0.02
07:34:00,"[72.38, 90]","[40.85, 71]","[99.23, 78]","[102.15, 47]",85.8,286,26.85,0.13
07:34:01,"[35.04, 46]","[23.15, 39]","[99.86, 14]","[100.67, 18]",67.45,117,64.81,0.45
07:34:02,"[60.0, 32]","[30.67, 54]","[100.14, 14]","[167.25, 16]",80.07,116,40.14,0.48
07:34:03,"[49.64, 33]","[25.33, 27]","[239.6, 10]","[364.25, 8]",144.62,78,189.96,0.54
07:34:04,"[54.0, 45]","[32.4, 30]","[162.55, 11]","[206.9, 10]",108.27,96,108.55,0.56
07:34:05,"[54.0, 18]","[18.0, 12]","[98.0, 3]","[102.0, 4]",76.0,37,44.0,0.62
07:34:06,"[64.77, 39]","[44.29, 51]","[98.0, 6]","[101.25, 16]",81.38,112,33.23,0.61
07:34:07,"[48.0, 18]","[0, 0]","[534.0, 6]","[575.0, 2]",291.0,26,486.0,0.38
07:34:08,"[65.53, 49]","[39.31, 26]","[361.62, 13]","[527.53, 15]",213.57,103,296.08,0.46
07:34:09,"[76.69, 13]","[75.15, 40]","[98.29, 17]","[106.17, 18]",87.49,88,21.6,0.2
07:34:10,"[80.15, 13]","[78.82, 11]","[96.0, 16]","[97.0, 24]",88.08,64,15.85,-0.25
07:34:11,"[83.5, 8]","[82.8, 10]","[96.73, 11]","[200.69, 16]",90.11,45,13.23,-0.2
07:34:12,"[92.32, 22]","[88.13, 23]","[323.48, 29]","[281.54, 59]",207.9,133,231.16,-0.32
07:34:13,"[106.43, 23]","[105.17, 24]","[248.09, 33]","[343.16, 55]",177.26,135,141.66,-0.3
07:34:14,"[108.47, 19]","[103.38, 24]","[252.68, 28]","[487.5, 30]",180.58,101,144.2,-0.15
07:34:15,"[107.0, 18]","[104.0, 18]","[397.5, 30]","[793.0, 10]",252.25,76,290.5,-0.05
07:34:16,"[107.0, 24]","[104.0, 24]","[391.38, 40]","[448.68, 28]",249.19,116,284.38,-0.17
07:34:17,"[107.0, 15]","[104.0, 15]","[330.22, 9]","[408.38, 21]",218.61,60,223.22,0.0
07:34:18,"[79.29, 17]","[61.17, 65]","[116.25, 16]","[361.62, 24]",97.77,122,36.96,0.34
07:34:19,"[73.57, 42]","[54.77, 39]","[112.12, 17]","[355.85, 13]",92.84,111,38.55,0.46
07:34:20,"[104.08, 52]","[77.43, 46]","[289.12, 8]","[572.25, 16]",196.6,122,185.05,0.61
07:34:21,"[107.21, 84]","[106.14, 84]","[119.5, 12]","[160.17, 12]",113.36,192,12.29,0.75
07:34:22,"[107.0, 132]","[103.0, 36]","[117.33, 12]","[121.0, 12]",112.17,192,10.33,0.75
07:34:23,"[107.0, 121]","[103.0, 33]","[116.45, 11]","[154.73, 11]",111.73,176,9.45,0.75
07:34:24,"[107.27, 92]","[104.14, 42]","[114.06, 35]","[156.88, 24]",110.66,193,6.79,0.39
07:34:25,"[108.78, 36]","[106.7, 37]","[110.64, 11]","[114.0, 44]",109.71,128,1.86,0.14
07:34:26,"[105.39, 46]","[103.23, 39]","[111.5, 16]","[123.52, 50]",108.45,151,6.11,0.13
07:34:27,"[105.36, 56]","[104.24, 34]","[111.08, 37]","[133.85, 26]",108.22,153,5.72,0.18
07:34:28,"[107.03, 39]","[105.05, 38]","[110.04, 25]","[111.17, 24]",108.53,126,3.01,0.22
07:34:29,"[107.88, 26]","[105.64, 11]","[170.0, 16]","[241.17, 24]",138.94,77,62.12,-0.04
07:34:30,"[104.0, 18]","[102.0, 18]","[174.67, 24]","[320.89, 18]",139.33,78,70.67,-0.08
07:34:31,"[104.0, 12]","[102.0, 12]","[137.0, 16]","[496.67, 12]",120.5,52,33.0,-0.08
07:34:32,"[104.0, 15]","[102.0, 15]","[137.0, 20]","[379.33, 12]",120.5,62,33.0,-0.03
07:34:33,"[104.0, 21]","[102.0, 35]","[143.0, 26]","[216.25, 16]",123.5,98,39.0,0.14
07:34:34,"[104.0, 30]","[102.29, 35]","[214.0, 27]","[537.62, 26]",159.0,118,110.0,0.1
07:34:35,"[102.4, 10]","[73.5, 12]","[213.0, 12]","[701.17, 12]",157.7,46,110.6,-0.04
07:34:36,"[102.23, 31]","[65.24, 17]","[196.46, 35]","[411.08, 24]",149.34,107,94.23,-0.1
07:34:37,"[102.0, 30]","[83.29, 14]","[120.67, 33]","[146.74, 38]",111.33,115,18.67,-0.23
07:34:38,"[90.24, 21]","[60.8, 20]","[108.29, 14]","[120.75, 32]",99.26,87,18.05,-0.06
07:34:39,"[76.67, 9]","[48.0, 18]","[103.4, 15]","[108.23, 26]",90.03,68,26.73,-0.21
07:34:40,"[79.0, 11]","[58.08, 25]","[98.0, 11]","[103.0, 33]",88.5,80,19.0,-0.1
07:34:41,"[82.05, 59]","[79.04, 23]","[98.49, 35]","[101.45, 58]",90.27,175,16.43,-0.06
07:34:42,"[84.91, 94]","[84.1, 40]","[97.14, 42]","[99.0, 30]",91.03,206,12.23,0.3
07:34:43,"[87.05, 81]","[86.62, 63]","[97.0, 54]","[99.0, 27]",92.02,225,9.95,0.28
07:34:44,"[91.2, 41]","[87.55, 62]","[96.79, 42]","[98.45, 33]",93.99,178,5.59,0.16
07:34:45,"[92.0, 78]","[91.0, 24]","[97.0, 18]","[99.0, 18]",94.5,138,5.0,0.48
07:34:46,"[92.9, 40]","[92.79, 43]","[97.0, 24]","[99.0, 30]",94.95,137,4.1,0.21
07:34:47,"[98.35, 20]","[92.68, 60]","[99.6, 30]","[100.86, 29]",98.97,139,1.25,0.15
07:34:48,"[100.0, 74]","[99.0, 5]","[101.48, 33]","[102.29, 28]",100.74,140,1.48,0.13
07:34:49,"[101.0, 20]","[0, 0]","[102.22, 18]","[130.2, 10]",101.61,48,1.22,-0.17
07:34:50,"[1.75, 8]","[0, 0]","[114.62, 13]","[188.0, 20]",58.18,41,112.87,-0.61
07:34:51,"[3.67, 3]","[0, 0]","[115.4, 10]","[222.5, 8]",59.53,21,111.73,-0.71
07:34:52,"[106.33, 39]","[5.0, 4]","[185.0, 10]","[384.43, 14]",145.67,67,78.67,0.28
07:34:53,"[109.0, 28]","[78.5, 4]","[549.0, 8]","[583.0, 8]",329.0,48,440.0,0.33
07:34:54,"[109.3, 10]","[108.73, 22]","[340.21, 14]","[510.0, 8]",224.76,54,230.91,0.19
07:34:55,"[110.67, 6]","[109.0, 42]","[256.5, 30]","[437.0, 12]",183.58,90,145.83,0.07
07:34:56,"[109.25, 24]","[105.47, 51]","[403.41, 22]","[417.37, 27]",256.33,124,294.16,0.21
07:34:57,"[109.0, 35]","[103.0, 50]","[355.22, 9]","[357.86, 21]",232.11,115,246.22,0.48
07:34:58,"[108.52, 63]","[103.38, 80]","[297.86, 22]","[394.18, 38]",203.19,203,189.34,0.41
07:34:59,"[107.23, 26]","[103.68, 62]","[251.0, 45]","[352.0, 9]",179.12,142,143.77,0.24
07:35:00,"[110.92, 106]","[108.45, 29]","[304.81, 32]","[488.71, 31]",207.87,198,193.89,0.36
07:35:01,"[112.0, 112]","[110.0, 16]","[333.0, 28]","[387.12, 24]",222.5,180,221.0,0.42
07:35:02,"[112.0, 168]","[110.0, 24]","[305.39, 41]","[310.98, 45]",208.7,278,193.39,0.38
07:35:03,"[112.0, 112]","[110.0, 16]","[274.58, 31]","[279.69, 35]",193.29,194,162.58,0.32
07:35:04,"[112.0, 168]","[110.0, 24]","[233.91, 44]","[260.57, 46]",172.95,282,121.91,0.36
07:35:05,"[112.0, 154]","[110.0, 22]","[256.73, 44]","[258.36, 44]",184.36,264,144.73,0.33
07:35:06,"[112.0, 222]","[110.0, 32]","[251.24, 55]","[252.79, 57]",181.62,366,139.24,0.39
07:35:07,"[112.0, 208]","[110.0, 32]","[244.42, 59]","[246.3, 53]",178.21,352,132.42,0.36
07:35:08,"[112.0, 195]","[110.0, 30]","[231.44, 50]","[236.62, 52]",171.72,327,119.44,0.38
07:35:09,"[112.0, 103]","[110.0, 22]","[173.05, 38]","[178.61, 36]",142.53,199,61.05,0.26
07:35:10,"[111.77, 122]","[109.53, 45]","[134.6, 65]","[142.61, 57]",123.19,289,22.83,0.16
07:35:11,"[110.68, 19]","[109.74, 35]","[134.03, 60]","[134.85, 55]",122.36,169,23.35,-0.36
07:35:12,"[111.73, 15]","[110.0, 30]","[125.96, 51]","[128.33, 54]",118.85,150,14.23,-0.4
07:35:13,"[109.67, 54]","[109.6, 30]","[119.87, 45]","[121.4, 47]",114.77,176,10.2,-0.05
07:35:14,"[109.0, 196]","[108.0, 28]","[118.21, 42]","[121.0, 42]",113.61,308,9.21,0.45
07:35:15,"[109.0, 182]","[108.0, 23]","[114.54, 41]","[117.31, 48]",111.77,294,5.54,0.39
07:35:16,"[109.0, 129]","[108.0, 44]","[110.71, 35]","[111.76, 37]",109.86,245,1.71,0.41
07:35:17,"[109.0, 72]","[108.0, 60]","[110.0, 45]","[112.0, 60]",109.5,237,1.0,0.11
07:35:18,"[109.0, 18]","[108.0, 48]","[221.89, 36]","[306.65, 52]",165.44,154,112.89,-0.14
07:35:19,"[104.93, 58]","[106.74, 38]","[211.52, 46]","[414.47, 66]",158.23,208,106.59,-0.08
07:35:20,"[110.15, 82]","[104.78, 161]","[132.31, 65]","[161.38, 65]",121.23,373,22.16,0.3
07:35:21,"[112.08, 52]","[110.0, 91]","[125.45, 51]","[127.32, 57]",118.76,251,13.37,0.14
07:35:22,"[113.0, 65]","[110.0, 119]","[121.06, 51]","[124.0, 85]",117.03,320,8.06,0.15
07:35:23,"[110.48, 50]","[106.75, 122]","[114.47, 57]","[115.36, 64]",112.48,293,3.99,0.17
07:35:24,"[106.33, 54]","[103.87, 89]","[111.0, 30]","[172.3, 50]",108.67,223,4.67,0.28
07:35:25,"[104.19, 108]","[103.26, 43]","[111.0, 27]","[381.33, 45]",107.59,223,6.81,0.35
07:35:26,"[104.0, 96]","[103.0, 44]","[187.81, 31]","[205.14, 37]",145.9,208,83.81,0.35
07:35:27,"[104.0, 48]","[103.0, 40]","[179.76, 41]","[328.22, 49]",141.88,178,75.76,-0.01
07:35:28,"[103.02, 41]","[102.17, 24]","[165.0, 44]","[311.91, 55]",134.01,164,61.98,-0.21
07:35:29,"[105.7, 10]","[102.93, 29]","[340.05, 43]","[424.21, 39]",222.87,121,234.35,-0.36
07:35:30,"[103.6, 10]","[93.73, 44]","[403.5, 16]","[460.57, 28]",253.55,98,299.9,0.1
07:35:31,"[106.85, 13]","[95.93, 55]","[349.82, 17]","[382.5, 16]",228.33,101,242.98,0.35
07:35:32,"[105.89, 9]","[101.07, 15]","[239.33, 18]","[271.0, 14]",172.61,56,133.44,-0.14
07:35:33,"[105.71, 7]","[89.33, 30]","[164.27, 15]","[173.04, 23]",134.99,75,58.55,-0.01
07:35:34,"[108.0, 23]","[102.0, 26]","[135.93, 30]","[152.56, 39]",121.97,118,27.93,-0.17
07:35:35,"[108.0, 24]","[76.62, 40]","[133.83, 24]","[136.0, 36]",120.92,124,25.83,0.03
07:35:36,"[108.06, 31]","[107.2, 35]","[132.23, 35]","[134.2, 30]",120.15,131,24.16,0.01
07:35:37,"[111.15, 54]","[109.19, 59]","[131.0, 42]","[132.0, 43]",121.07,198,19.85,0.14
07:35:38,"[112.71, 51]","[109.82, 33]","[128.57, 35]","[129.42, 31]",120.64,150,15.87,0.12
07:35:39,"[113.0, 52]","[112.0, 13]","[121.32, 31]","[122.44, 34]",117.16,130,8.32,0.0
07:35:40,"[113.0, 64]","[112.0, 16]","[117.36, 47]","[118.7, 33]",115.18,160,4.36,0.0
07:35:41,"[113.0, 28]","[112.0, 7]","[114.29, 21]","[115.63, 19]",113.64,75,1.29,-0.07
07:35:42,"[112.69, 16]","[109.31, 86]","[114.41, 37]","[115.7, 43]",113.55,182,1.72,0.12
07:35:43,"[109.18, 67]","[105.07, 216]","[112.38, 29]","[116.83, 36]",110.78,348,3.2,0.63
07:35:44,"[109.0, 55]","[107.83, 72]","[110.4, 25]","[135.96, 25]",109.7,177,1.4,0.44
07:35:45,"[109.0, 26]","[108.0, 195]","[210.9, 29]","[268.94, 31]",159.95,281,101.9,0.57
07:35:46,"[108.25, 64]","[107.94, 128]","[207.62, 13]","[255.5, 18]",157.93,223,99.37,0.72
07:35:47,"[108.34, 53]","[107.92, 72]","[205.67, 18]","[207.0, 9]",157.0,152,97.33,0.64
07:35:48,"[109.0, 21]","[108.0, 77]","[205.0, 14]","[283.64, 11]",157.0,123,96.0,0.59
07:35:49,"[109.3, 30]","[108.0, 110]","[169.04, 23]","[194.44, 27]",139.17,190,59.74,0.47
07:35:50,"[108.0, 90]","[107.0, 20]","[160.2, 20]","[237.47, 32]",134.1,162,52.2,0.36
07:35:51,"[108.0, 34]","[107.0, 12]","[159.33, 12]","[403.0, 6]",133.67,64,51.33,0.44
07:35:52,"[108.85, 33]","[107.95, 37]","[158.0, 16]","[299.75, 16]",133.42,102,49.15,0.37
07:35:53,"[109.0, 20]","[108.0, 25]","[158.0, 10]","[260.6, 25]",133.5,80,49.0,0.12
07:35:54,"[109.0, 16]","[108.0, 25]","[157.4, 10]","[243.26, 19]",133.2,70,48.4,0.17
07:35:55,"[109.0, 26]","[108.0, 55]","[156.0, 22]","[158.0, 22]",132.5,125,47.0,0.3
07:35:56,"[107.91, 46]","[104.75, 160]","[153.83, 36]","[154.89, 36]",130.87,278,45.92,0.48
07:35:57,"[109.97, 64]","[107.82, 11]","[149.9, 20]","[151.3, 20]",129.93,115,39.93,0.3
07:35:58,"[110.0, 56]","[108.0, 8]","[117.71, 14]","[127.73, 15]",113.86,93,7.71,0.38
07:35:59,"[110.0, 44]","[108.0, 10]","[111.65, 17]","[269.46, 24]",110.82,95,1.65,0.14
07:36:00,"[109.0, 6]","[104.71, 34]","[114.0, 6]","[458.28, 18]",111.5,64,5.0,0.25
07:36:01,"[104.41, 34]","[103.99, 136]","[413.39, 31]","[482.73, 11]",258.9,212,308.98,0.6
07:36:02,"[107.05, 21]","[104.21, 117]","[139.0, 15]","[146.37, 51]",123.02,204,31.95,0.35
07:36:03,"[109.0, 7]","[107.0, 14]","[137.57, 7]","[151.71, 31]",123.29,59,28.57,-0.29
07:36:04,"[109.0, 10]","[107.0, 20]","[137.0, 10]","[226.79, 34]",123.0,74,28.0,-0.19
07:36:05,"[111.75, 16]","[107.0, 32]","[136.88, 16]","[365.62, 52]",124.31,116,25.12,-0.17
07:36:06,"[104.43, 84]","[98.75, 16]","[136.0, 8]","[363.25, 8]",120.21,116,31.57,0.72
07:36:07,"[104.06, 176]","[103.8, 45]","[127.52, 27]","[271.11, 19]",115.79,267,23.46,0.66
07:36:08,"[109.0, 12]","[104.11, 190]","[126.97, 32]","[155.0, 12]",117.98,246,17.97,0.64
07:36:09,"[104.07, 151]","[104.0, 33]","[132.81, 21]","[222.5, 12]",118.44,217,28.74,0.7
07:36:10,"[104.0, 84]","[103.0, 9]","[130.33, 36]","[133.0, 9]",117.17,138,26.33,0.35
07:36:11,"[104.12, 82]","[103.64, 25]","[127.94, 17]","[129.21, 38]",116.03,162,23.82,0.32
07:36:12,"[105.04, 47]","[104.12, 82]","[124.47, 19]","[127.11, 18]",114.76,166,19.43,0.55
07:36:13,"[103.94, 50]","[102.58, 40]","[121.06, 17]","[123.84, 25]",112.5,132,17.12,0.36
07:36:14,"[104.21, 28]","[103.52, 23]","[117.24, 58]","[117.45, 53]",110.73,162,13.03,-0.37
07:36:15,"[109.8, 25]","[108.09, 23]","[113.03, 33]","[114.2, 10]",111.42,91,3.23,0.05
07:36:16,"[110.2, 41]","[108.85, 47]","[112.15, 52]","[113.29, 28]",111.17,168,1.96,0.05
07:36:17,"[108.05, 37]","[104.62, 24]","[113.25, 16]","[114.96, 25]",110.65,102,5.2,0.2
07:36:18,"[108.0, 36]","[105.0, 16]","[112.18, 28]","[113.15, 20]",110.09,100,4.18,0.04
07:36:19,"[105.73, 33]","[104.83, 24]","[109.0, 40]","[138.69, 86]",107.36,183,3.27,-0.38
07:36:20,"[104.0, 75]","[103.0, 11]","[108.27, 11]","[129.8, 15]",106.14,112,4.27,0.54
07:36:21,"[104.0, 55]","[103.0, 10]","[233.94, 31]","[448.1, 10]",168.97,106,129.94,0.23
07:36:22,"[107.69, 26]","[103.8, 15]","[229.0, 28]","[581.0, 21]",168.35,90,121.31,-0.09
07:36:23,"[110.0, 36]","[104.0, 27]","[227.75, 12]","[259.17, 35]",168.88,110,117.75,0.15
07:36:24,"[111.27, 90]","[110.0, 60]","[226.2, 15]","[266.6, 45]",168.73,210,114.93,0.43
07:36:25,"[112.73, 66]","[110.0, 44]","[197.38, 26]","[257.15, 20]",155.06,156,84.66,0.41
07:36:26,"[113.0, 78]","[110.0, 52]","[142.7, 40]","[143.28, 25]",127.85,195,29.7,0.33
07:36:27,"[113.0, 72]","[110.0, 48]","[139.43, 21]","[139.96, 27]",126.21,168,26.43,0.43
07:36:28,"[113.0, 96]","[110.0, 64]","[133.11, 19]","[134.07, 28]",123.05,207,20.11,0.55
07:36:29,"[113.0, 90]","[110.0, 60]","[125.46, 41]","[126.72, 25]",119.23,216,12.46,0.39
07:36:30,"[113.0, 79]","[110.0, 60]","[119.88, 33]","[122.54, 37]",116.44,209,6.88,0.33
07:36:31,"[113.0, 70]","[110.0, 56]","[116.83, 41]","[117.62, 29]",114.91,196,3.83,0.29
07:36:32,"[110.37, 41]","[109.13, 31]","[113.85, 13]","[116.92, 37]",112.11,122,3.48,0.18
07:36:33,"[110.0, 35]","[109.0, 30]","[111.44, 25]","[113.0, 34]",110.72,124,1.44,0.05
07:36:34,"[109.25, 24]","[105.43, 56]","[110.97, 34]","[113.15, 20]",110.11,134,1.72,0.19
07:36:35,"[105.0, 70]","[104.0, 154]","[107.45, 20]","[108.83, 36]",106.22,280,2.45,0.6
07:36:36,"[105.0, 48]","[104.0, 186]","[160.29, 21]","[190.09, 32]",132.64,287,55.29,0.63
07:36:37,"[107.99, 95]","[105.05, 41]","[178.0, 14]","[275.88, 17]",142.99,167,70.01,0.63
07:36:38,"[110.5, 80]","[108.0, 128]","[149.94, 16]","[184.0, 20]",130.22,244,39.44,0.7
07:36:39,"[108.82, 55]","[107.72, 53]","[146.64, 11]","[223.95, 22]",127.73,141,37.82,0.53
07:36:40,"[108.0, 96]","[105.0, 12]","[145.25, 12]","[176.0, 36]",126.62,156,37.25,0.38
07:36:41,"[108.0, 78]","[106.09, 11]","[144.0, 11]","[284.07, 28]",126.0,128,36.0,0.39
07:36:42,"[108.0, 59]","[107.0, 10]","[144.0, 10]","[240.3, 30]",126.0,109,36.0,0.27
07:36:43,"[109.47, 57]","[107.92, 38]","[143.9, 10]","[287.33, 24]",126.69,129,34.43,0.47
07:36:44,"[110.0, 48]","[108.0, 55]","[142.03, 31]","[186.17, 12]",126.02,146,32.03,0.41
07:36:45,"[110.21, 87]","[108.47, 36]","[141.27, 44]","[142.2, 20]",125.74,187,31.07,0.32
07:36:46,"[111.0, 72]","[110.0, 50]","[136.83, 30]","[137.42, 36]",123.92,188,25.83,0.3
07:36:47,"[111.0, 70]","[110.0, 50]","[132.12, 24]","[134.27, 30]",121.56,174,21.12,0.38
07:36:48,"[111.0, 91]","[110.0, 65]","[126.38, 53]","[127.8, 41]",118.69,250,15.38,0.25
07:36:49,"[111.0, 79]","[110.0, 85]","[116.81, 47]","[120.64, 44]",113.9,255,5.81,0.29
07:36:50,"[110.41, 59]","[109.73, 52]","[112.22, 37]","[113.8, 65]",111.31,213,1.81,0.04
07:36:51,"[109.93, 54]","[107.86, 14]","[114.24, 46]","[195.0, 48]",112.08,162,4.31,-0.16
07:36:52,"[108.88, 48]","[107.5, 12]","[511.28, 36]","[598.0, 48]",310.08,144,402.4,-0.17
07:36:53,"[108.6, 15]","[104.46, 35]","[540.27, 22]","[580.56, 36]",324.44,108,431.67,-0.07
07:36:54,"[108.2, 15]","[104.39, 49]","[394.39, 18]","[547.55, 22]",251.29,104,286.19,0.23
07:36:55,"[110.0, 45]","[105.0, 15]","[216.86, 42]","[395.57, 35]",163.43,137,106.86,-0.12
07:36:56,"[110.0, 24]","[105.0, 8]","[215.38, 8]","[282.0, 20]",162.69,60,105.38,0.07
07:36:57,"[110.0, 39]","[105.0, 13]","[208.83, 29]","[213.7, 23]",159.41,104,98.83,0.0
07:36:58,"[109.29, 17]","[104.2, 10]","[136.21, 19]","[197.0, 23]",122.75,69,26.92,-0.22
07:36:59,"[105.75, 48]","[103.33, 36]","[135.75, 32]","[136.12, 40]",120.75,156,30.0,0.08
07:37:00,"[107.0, 90]","[104.0, 30]","[131.2, 56]","[132.38, 64]",119.1,240,24.2,0.0
07:37:01,"[108.97, 58]","[104.0, 24]","[127.55, 31]","[128.98, 50]",118.26,163,18.58,0.01
07:37:02,"[110.0, 56]","[104.0, 28]","[127.0, 56]","[128.0, 70]",118.5,210,17.0,-0.2
07:37:03,"[110.15, 52]","[107.87, 62]","[125.31, 36]","[126.32, 63]",117.73,213,15.15,0.07
07:37:04,"[112.47, 68]","[108.0, 85]","[121.27, 37]","[122.75, 56]",116.87,246,8.8,0.24
07:37:05,"[113.0, 52]","[108.0, 65]","[117.84, 19]","[120.0, 54]",115.42,190,4.84,0.23
07:37:06,"[109.86, 58]","[107.09, 35]","[113.47, 40]","[116.28, 25]",111.67,158,3.61,0.18
07:37:07,"[108.0, 105]","[104.47, 19]","[112.98, 41]","[114.43, 14]",110.49,179,4.98,0.39
07:37:08,"[108.05, 83]","[107.44, 16]","[112.26, 31]","[133.3, 40]",110.15,170,4.21,0.16
07:37:09,"[110.0, 18]","[108.0, 46]","[111.94, 34]","[154.32, 34]",110.97,132,1.94,-0.03
07:37:10,"[109.11, 18]","[107.95, 21]","[112.0, 28]","[367.0, 10]",110.56,77,2.89,0.01
07:37:11,"[110.14, 42]","[108.0, 22]","[148.96, 26]","[458.52, 29]",129.55,119,38.82,0.08
07:37:12,"[111.25, 16]","[108.0, 16]","[180.0, 8]","[428.53, 17]",145.62,57,68.75,0.12
07:37:13,"[112.0, 10]","[108.0, 10]","[180.0, 5]","[411.0, 14]",146.0,39,68.0,0.03
07:37:14,"[107.92, 13]","[106.0, 16]","[118.67, 21]","[255.81, 32]",113.29,82,10.74,-0.29
07:37:15,"[105.0, 15]","[103.36, 44]","[107.73, 15]","[128.47, 15]",106.37,89,2.73,0.33
07:37:16,"[104.43, 21]","[103.13, 46]","[119.27, 11]","[255.0, 15]",111.85,93,14.84,0.44
07:37:17,"[104.0, 63]","[103.0, 52]","[234.16, 31]","[478.12, 41]",169.08,187,130.16,0.23
07:37:18,"[103.88, 8]","[102.88, 32]","[231.33, 24]","[279.52, 21]",167.6,85,127.46,-0.06
07:37:19,"[103.96, 51]","[102.47, 15]","[216.11, 36]","[228.83, 24]",160.04,126,112.15,0.05
07:37:20,"[104.0, 35]","[103.0, 5]","[140.0, 20]","[156.33, 18]",122.0,78,36.0,0.03
07:37:21,"[106.29, 76]","[105.67, 30]","[138.36, 56]","[281.0, 30]",122.32,192,32.07,0.1
07:37:22,"[110.81, 31]","[109.64, 47]","[139.0, 40]","[341.0, 20]",124.9,138,28.19,0.13
07:37:23,"[112.13, 38]","[110.1, 58]","[127.67, 42]","[144.46, 41]",119.9,179,15.54,0.07
07:37:24,"[113.0, 58]","[112.0, 51]","[125.55, 67]","[185.62, 32]",119.28,208,12.55,0.05
07:37:25,"[113.0, 22]","[112.0, 33]","[122.45, 33]","[125.51, 41]",117.73,129,9.45,-0.15
07:37:26,"[113.0, 30]","[112.0, 45]","[122.0, 45]","[146.0, 15]",117.5,135,9.0,0.11
07:37:27,"[113.0, 28]","[112.0, 42]","[118.93, 42]","[153.07, 45]",115.96,157,5.93,-0.11
07:37:28,"[113.0, 9]","[112.0, 27]","[115.67, 27]","[117.33, 27]",114.33,90,2.67,-0.2
07:37:29,"[112.33, 18]","[111.2, 30]","[114.3, 30]","[147.19, 31]",113.32,109,1.97,-0.12
07:37:30,"[112.0, 21]","[110.0, 27]","[113.75, 24]","[172.0, 15]",112.88,87,1.75,0.1
07:37:31,"[108.83, 12]","[108.18, 11]","[113.17, 18]","[253.4, 10]",111.0,51,4.33,-0.1
07:37:32,"[108.0, 36]","[104.0, 12]","[111.74, 34]","[422.08, 25]",109.87,107,3.74,-0.1
07:37:33,"[108.0, 14]","[104.0, 9]","[110.0, 27]","[644.0, 18]",109.0,68,2.0,-0.32
07:37:34,"[103.33, 24]","[86.89, 38]","[109.23, 39]","[491.92, 26]",106.28,127,5.9,-0.02
07:37:35,"[103.0, 6]","[102.0, 24]","[107.33, 18]","[319.13, 15]",105.17,63,4.33,-0.05
07:37:36,"[102.05, 21]","[82.54, 13]","[107.0, 18]","[162.0, 30]",104.52,82,4.95,-0.17
07:37:37,"[105.0, 12]","[102.0, 24]","[106.67, 18]","[162.0, 30]",105.83,84,1.67,-0.14
07:37:38,"[93.45, 20]","[85.65, 17]","[299.21, 34]","[440.27, 22]",196.33,93,205.76,-0.2
07:37:39,"[96.81, 37]","[91.74, 34]","[206.87, 39]","[258.83, 52]",151.84,162,110.06,-0.12
07:37:40,"[107.0, 18]","[105.0, 12]","[118.72, 25]","[133.48, 27]",112.86,82,11.72,-0.27
07:37:41,"[107.33, 27]","[104.73, 15]","[117.43, 28]","[185.08, 26]",112.38,96,10.1,-0.12
07:37:42,"[108.94, 110]","[107.55, 44]","[115.08, 52]","[222.0, 65]",112.01,271,6.14,0.14
07:37:43,"[111.51, 83]","[108.64, 33]","[112.96, 50]","[166.32, 62]",112.23,228,1.45,0.02
07:37:44,"[110.0, 24]","[107.0, 36]","[111.08, 12]","[276.0, 62]",110.54,134,1.08,-0.1
07:37:45,"[110.0, 18]","[107.0, 27]","[111.0, 9]","[208.0, 45]",110.5,99,1.0,-0.09
07:37:46,"[110.0, 60]","[107.0, 27]","[111.0, 9]","[190.8, 30]",110.5,126,1.0,0.38
07:37:47,"[110.0, 64]","[107.88, 72]","[168.84, 25]","[190.62, 29]",139.42,190,58.84,0.43
07:37:48,"[110.45, 33]","[108.8, 45]","[156.6, 15]","[171.4, 15]",133.53,108,46.15,0.44
07:37:49,"[110.38, 39]","[108.67, 54]","[133.95, 20]","[142.2, 15]",122.17,128,23.57,0.45
07:37:50,"[110.26, 57]","[108.44, 81]","[132.8, 30]","[156.32, 38]",121.53,206,22.54,0.34
07:37:51,"[110.03, 62]","[108.24, 102]","[132.0, 36]","[250.92, 60]",121.02,260,21.97,0.26
07:37:52,"[110.07, 43]","[108.42, 91]","[131.91, 33]","[328.26, 43]",120.99,210,21.84,0.28
07:37:53,"[110.0, 85]","[108.78, 41]","[129.97, 35]","[315.29, 51]",119.99,212,19.97,0.19
07:37:54,"[110.0, 50]","[109.0, 20]","[126.19, 26]","[126.77, 31]",118.1,127,16.19,0.1
07:37:55,"[109.25, 32]","[108.06, 54]","[122.96, 26]","[123.29, 17]",116.11,129,13.71,0.33
07:37:56,"[108.0, 40]","[107.0, 24]","[118.12, 17]","[119.5, 20]",113.06,101,10.12,0.27
07:37:57,"[107.89, 37]","[105.43, 69]","[115.08, 52]","[117.0, 13]",111.48,171,7.19,0.24
07:37:58,"[107.0, 24]","[104.0, 216]","[111.59, 27]","[112.29, 42]",109.3,309,4.59,0.55
07:37:59,"[104.04, 201]","[103.62, 58]","[107.43, 28]","[110.48, 29]",105.74,316,3.38,0.64
07:38:00,"[104.0, 234]","[94.09, 55]","[105.67, 27]","[125.9, 50]",104.83,366,1.67,0.58
07:38:01,"[104.14, 132]","[103.9, 67]","[109.27, 45]","[426.31, 52]",106.7,296,5.13,0.34
07:38:02,"[106.24, 34]","[105.44, 18]","[114.0, 24]","[334.0, 32]",110.12,108,7.76,-0.04
07:38:03,"[106.0, 50]","[104.07, 84]","[223.85, 39]","[305.76, 45]",164.92,218,117.85,0.23
07:38:04,"[106.89, 71]","[105.12, 58]","[227.84, 57]","[278.02, 45]",167.36,231,120.95,0.12
07:38:05,"[107.0, 49]","[106.0, 14]","[168.4, 25]","[226.19, 31]",137.7,119,61.4,0.06
07:38:06,"[107.68, 31]","[106.83, 47]","[163.14, 42]","[197.62, 39]",135.41,159,55.47,-0.02
07:38:07,"[110.0, 12]","[107.0, 60]","[166.32, 53]","[188.86, 44]",138.16,169,56.32,-0.15
07:38:08,"[107.44, 18]","[105.32, 71]","[134.27, 55]","[166.55, 55]",120.86,199,26.83,-0.11
07:38:09,"[106.9, 111]","[104.03, 75]","[132.2, 75]","[182.18, 72]",119.55,333,25.3,0.12
07:38:10,"[109.0, 84]","[105.0, 16]","[127.74, 68]","[128.71, 28]",118.37,196,18.74,0.02
07:38:11,"[109.0, 57]","[105.0, 14]","[123.61, 18]","[125.95, 66]",116.31,155,14.61,-0.08
07:38:12,"[109.29, 38]","[107.41, 17]","[121.37, 62]","[121.9, 50]",115.33,167,12.08,-0.34
07:38:13,"[110.24, 21]","[106.11, 37]","[118.21, 33]","[119.3, 69]",114.23,160,7.97,-0.28
07:38:14,"[106.95, 44]","[104.22, 69]","[112.56, 72]","[112.98, 56]",109.76,241,5.6,-0.06
07:38:15,"[104.0, 48]","[103.0, 9]","[109.44, 45]","[110.44, 45]",106.72,147,5.44,-0.22
07:38:16,"[104.0, 24]","[103.0, 8]","[106.0, 16]","[107.11, 36]",105.0,84,2.0,-0.24
07:38:17,"[104.0, 18]","[103.0, 70]","[105.0, 35]","[106.79, 19]",104.5,142,1.0,0.24
07:38:18,"[103.83, 118]","[102.93, 27]","[106.77, 39]","[262.28, 39]",105.3,223,2.94,0.3
07:38:19,"[104.0, 182]","[103.0, 13]","[106.0, 39]","[107.0, 65]",105.0,299,2.0,0.3
07:38:20,"[103.52, 27]","[101.14, 14]","[106.11, 44]","[137.27, 66]",104.82,151,2.6,-0.46
07:38:21,"[103.0, 15]","[100.1, 90]","[106.73, 60]","[373.64, 39]",104.87,204,3.73,0.03
07:38:22,"[100.62, 34]","[78.86, 44]","[105.0, 19]","[155.81, 42]",102.81,139,4.38,0.12
07:38:23,"[66.33, 118]","[31.52, 97]","[103.35, 23]","[129.33, 24]",84.84,262,37.02,0.64
07:38:24,"[65.38, 84]","[57.18, 198]","[102.0, 36]","[102.57, 28]",83.69,346,36.62,0.63
07:38:25,"[69.42, 62]","[51.88, 100]","[99.94, 34]","[101.21, 19]",84.68,215,30.52,0.51
07:38:26,"[90.1, 170]","[74.06, 48]","[99.0, 38]","[100.0, 40]",94.55,296,8.9,0.47
07:38:27,"[99.61, 222]","[57.56, 206]","[156.33, 27]","[248.41, 51]",127.97,506,56.73,0.69
07:38:28,"[105.0, 85]","[86.75, 40]","[378.56, 9]","[488.54, 13]",241.78,147,273.56,0.7
07:38:29,"[82.35, 95]","[7.85, 41]","[252.18, 51]","[316.06, 17]",167.26,204,169.83,0.33
07:38:30,"[104.0, 18]","[68.67, 9]","[253.0, 24]","[307.8, 15]",178.5,66,149.0,-0.18
07:38:31,"[108.18, 22]","[96.36, 25]","[260.77, 22]","[304.81, 16]",184.48,85,152.59,0.11
07:38:32,"[112.0, 32]","[111.0, 48]","[198.61, 18]","[239.83, 18]",155.31,116,86.61,0.38
07:38:33,"[113.0, 14]","[112.0, 12]","[138.0, 6]","[194.6, 10]",125.5,42,25.0,0.24
07:38:34,"[111.67, 9]","[111.33, 12]","[137.86, 7]","[163.0, 14]",124.76,42,26.19,0.0
07:38:35,"[110.0, 16]","[108.0, 8]","[136.12, 8]","[147.4, 10]",123.06,42,26.12,0.14
07:38:36,"[110.0, 14]","[108.0, 7]","[135.0, 7]","[137.0, 7]",122.5,35,25.0,0.2
07:38:37,"[105.38, 26]","[83.21, 61]","[133.75, 12]","[135.83, 12]",119.57,111,28.37,0.57
07:38:38,"[108.0, 10]","[101.0, 60]","[132.0, 10]","[133.0, 10]",120.0,90,24.0,0.56
07:38:39,"[105.08, 13]","[99.95, 44]","[130.62, 8]","[132.25, 8]",117.85,73,25.55,0.56
07:38:40,"[101.32, 57]","[100.52, 23]","[119.5, 16]","[130.85, 13]",110.41,109,18.18,0.47
07:38:41,"[101.0, 30]","[90.11, 28]","[109.91, 11]","[172.88, 16]",105.45,85,8.91,0.36
07:38:42,"[90.17, 42]","[89.33, 67]","[108.88, 17]","[272.64, 28]",99.52,154,18.72,0.42
07:38:43,"[80.46, 78]","[68.62, 66]","[300.83, 29]","[446.02, 46]",190.64,219,220.37,0.32
07:38:44,"[100.44, 54]","[88.7, 50]","[557.37, 38]","[653.38, 29]",328.91,171,456.92,0.22
07:38:45,"[111.4, 60]","[110.41, 71]","[329.93, 40]","[476.5, 24]",220.66,195,218.53,0.34
07:38:46,"[112.0, 8]","[111.0, 16]","[505.0, 12]","[0, 0]",308.5,36,393.0,0.33
07:38:47,"[111.0, 3]","[110.0, 18]","[654.67, 9]","[655.0, 3]",382.83,33,543.67,0.27
07:38:48,"[111.88, 8]","[110.0, 48]","[521.0, 40]","[654.0, 24]",316.44,120,409.12,-0.07
07:38:49,"[112.31, 13]","[110.0, 78]","[357.33, 51]","[407.34, 44]",234.82,186,245.03,-0.02
07:38:50,"[113.0, 3]","[110.0, 18]","[133.0, 9]","[135.0, 12]",123.0,42,20.0,0.0
07:38:51,"[110.16, 56]","[109.37, 49]","[131.42, 36]","[245.87, 52]",120.79,193,21.26,0.09
07:38:52,"[110.0, 55]","[109.0, 55]","[129.07, 45]","[130.76, 34]",119.53,189,19.07,0.16
07:38:53,"[109.4, 50]","[106.52, 42]","[126.5, 32]","[128.08, 49]",117.95,173,17.1,0.06
07:38:54,"[109.0, 42]","[107.0, 12]","[125.3, 47]","[127.1, 50]",117.15,151,16.3,-0.28
07:38:55,"[109.42, 36]","[108.36, 22]","[123.2, 49]","[124.8, 59]",116.31,166,13.79,-0.3
07:38:56,"[109.0, 36]","[107.0, 12]","[119.42, 38]","[121.07, 59]",114.21,145,10.42,-0.34
07:38:57,"[109.0, 24]","[107.0, 10]","[117.16, 44]","[118.73, 37]",113.08,115,8.16,-0.41
07:38:58,"[108.14, 29]","[106.69, 13]","[113.51, 51]","[115.25, 53]",110.82,146,5.37,-0.42
07:38:59,"[104.0, 30]","[103.0, 6]","[109.33, 30]","[112.0, 24]",106.67,90,5.33,-0.2
07:39:00,"[104.0, 41]","[103.0, 7]","[107.21, 33]","[109.19, 32]",105.61,113,3.21,-0.15
07:39:01,"[104.0, 53]","[103.0, 10]","[105.32, 31]","[107.0, 50]",104.66,144,1.32,-0.12
07:39:02,"[101.38, 16]","[80.0, 16]","[103.38, 32]","[186.67, 36]",102.38,100,2.0,-0.36
07:39:03,"[101.0, 10]","[69.5, 10]","[104.27, 22]","[280.71, 28]",102.64,70,3.27,-0.43
07:39:04,"[101.0, 7]","[74.0, 7]","[103.62, 16]","[105.0, 7]",102.31,37,2.62,-0.24
07:39:05,"[73.53, 15]","[54.55, 33]","[102.71, 14]","[109.21, 19]",88.12,81,29.18,0.19
07:39:06,"[79.07, 44]","[74.38, 32]","[100.57, 14]","[101.75, 24]",89.82,114,21.5,0.33
07:39:07,"[89.0, 10]","[60.0, 10]","[95.93, 14]","[97.59, 17]",92.46,51,6.93,-0.22
07:39:08,"[91.27, 15]","[90.74, 19]","[98.88, 16]","[102.92, 26]",95.07,76,7.61,-0.11
07:39:09,"[92.25, 12]","[91.04, 28]","[330.93, 30]","[398.12, 25]",211.59,95,238.68,-0.16
07:39:10,"[97.96, 23]","[97.95, 19]","[187.88, 16]","[457.29, 28]",142.92,86,89.92,-0.02
07:39:11,"[103.08, 111]","[101.72, 29]","[106.6, 10]","[455.73, 33]",104.84,183,3.52,0.53
07:39:12,"[104.24, 63]","[103.64, 67]","[106.41, 17]","[600.73, 30]",105.32,177,2.17,0.47
07:39:13,"[108.0, 110]","[107.24, 70]","[663.11, 36]","[107.0, 2]",385.56,218,555.11,0.65
07:39:14,"[111.0, 77]","[110.0, 77]","[631.71, 28]","[0, 0]",371.36,182,520.71,0.69
07:39:15,"[111.0, 66]","[110.0, 66]","[437.0, 24]","[0, 0]",274.0,156,326.0,0.69
07:39:16,"[111.0, 77]","[110.0, 77]","[437.0, 28]","[0, 0]",274.0,182,326.0,0.69
07:39:17,"[112.22, 99]","[110.0, 99]","[656.22, 36]","[0, 0]",384.22,234,544.0,0.69
07:39:18,"[113.0, 110]","[110.0, 110]","[489.68, 41]","[585.1, 39]",301.34,300,376.68,0.47
07:39:19,"[113.0, 99]","[110.0, 101]","[418.09, 44]","[441.43, 37]",265.55,281,305.09,0.42
07:39:20,"[113.0, 95]","[110.0, 130]","[366.0, 50]","[418.09, 44]",239.5,319,253.0,0.41
07:39:21,"[113.0, 42]","[110.0, 91]","[134.81, 31]","[220.67, 33]",123.9,197,21.81,0.35
07:39:22,"[113.0, 39]","[110.0, 143]","[132.74, 47]","[133.51, 41]",122.87,270,19.74,0.35
07:39:23,"[113.0, 36]","[110.0, 156]","[129.6, 48]","[131.0, 48]",121.3,288,16.6,0.33
07:39:24,"[110.1, 91]","[108.58, 45]","[126.08, 37]","[127.6, 35]",118.09,208,15.98,0.31
07:39:25,"[110.31, 64]","[109.55, 71]","[124.93, 43]","[125.83, 29]",117.62,207,14.62,0.3
07:39:26,"[111.0, 40]","[110.0, 110]","[122.86, 44]","[124.42, 36]",116.93,230,11.86,0.3
07:39:27,"[110.0, 121]","[108.0, 44]","[119.77, 35]","[121.4, 35]",114.89,235,9.77,0.4
07:39:28,"[110.0, 154]","[108.0, 62]","[116.44, 48]","[118.28, 54]",113.22,318,6.44,0.36
07:39:29,"[110.0, 88]","[108.0, 40]","[112.62, 24]","[114.58, 26]",111.31,178,2.62,0.44
07:39:30,"[110.0, 66]","[108.0, 30]","[111.17, 18]","[114.0, 18]",110.58,132,1.17,0.45
07:39:31,"[110.0, 27]","[108.0, 25]","[111.6, 15]","[118.12, 17]",110.8,84,1.6,0.24
07:39:32,"[108.75, 24]","[107.56, 27]","[113.45, 20]","[123.82, 28]",111.1,99,4.7,0.03
07:39:33,"[108.0, 51]","[107.0, 60]","[110.05, 58]","[141.18, 67]",109.03,236,2.05,-0.06
07:39:34,"[104.33, 6]","[102.4, 20]","[109.91, 22]","[150.17, 29]",107.12,77,5.58,-0.32
07:39:35,"[102.5, 4]","[72.56, 18]","[109.0, 8]","[110.0, 16]",105.75,46,6.5,-0.04
07:39:36,"[90.21, 56]","[76.64, 140]","[195.57, 49]","[441.81, 43]",142.89,288,105.36,0.36
07:39:37,"[92.64, 78]","[73.19, 80]","[499.57, 35]","[598.14, 35]",296.11,228,406.93,0.39
07:39:38,"[104.43, 46]","[100.0, 55]","[317.0, 35]","[607.0, 35]",210.72,171,212.57,0.18
07:39:39,"[108.96, 53]","[107.8, 130]","[427.15, 48]","[545.33, 60]",268.05,291,318.18,0.26
07:39:40,"[111.94, 34]","[110.21, 34]","[128.27, 44]","[231.38, 26]",120.11,138,16.33,-0.01
07:39:41,"[113.0, 18]","[110.41, 51]","[191.43, 47]","[277.06, 47]",152.21,163,78.43,-0.15
07:39:42,"[113.0, 12]","[110.0, 36]","[179.88, 57]","[249.25, 48]",146.44,153,66.88,-0.37
07:39:43,"[110.82, 17]","[109.23, 78]","[179.31, 65]","[505.15, 65]",145.07,225,68.48,-0.16
07:39:44,"[109.71, 34]","[109.0, 24]","[177.0, 50]","[439.0, 50]",143.35,158,67.29,-0.27
07:39:45,"[109.0, 92]","[107.0, 36]","[176.0, 45]","[459.0, 45]",142.5,218,67.0,0.17
07:39:46,"[109.0, 56]","[106.59, 49]","[175.43, 35]","[357.0, 35]",142.21,175,66.43,0.2
07:39:47,"[109.09, 22]","[107.25, 32]","[174.0, 25]","[340.0, 25]",141.55,104,64.91,0.04
07:39:48,"[110.0, 14]","[109.0, 28]","[154.0, 35]","[245.14, 35]",132.0,112,44.0,-0.25
07:39:49,"[110.0, 12]","[109.0, 24]","[138.0, 30]","[139.0, 30]",124.0,96,28.0,-0.25
07:39:50,"[110.0, 8]","[109.0, 16]","[138.0, 20]","[242.5, 20]",124.0,64,28.0,-0.25
07:39:51,"[109.33, 12]","[107.25, 64]","[136.4, 50]","[442.0, 50]",122.87,176,27.07,-0.14
07:39:52,"[108.45, 11]","[106.7, 66]","[134.44, 45]","[302.22, 45]",121.45,167,25.99,-0.08
07:39:53,"[107.56, 9]","[105.48, 25]","[134.0, 25]","[135.0, 25]",120.78,84,26.44,-0.19
07:39:54,"[107.23, 13]","[105.07, 41]","[134.0, 25]","[135.0, 25]",120.62,104,26.77,0.04
07:39:55,"[107.53, 30]","[105.28, 58]","[133.11, 45]","[199.33, 45]",120.32,178,25.58,-0.01
07:39:56,"[108.27, 59]","[106.93, 30]","[129.9, 52]","[167.32, 56]",119.09,197,21.63,-0.1
07:39:57,"[110.0, 27]","[109.0, 9]","[128.22, 45]","[130.0, 9]",119.11,90,18.22,-0.2
07:39:58,"[109.81, 32]","[107.86, 14]","[126.0, 12]","[127.0, 60]",117.91,118,16.19,-0.22
07:39:59,"[107.0, 15]","[105.0, 30]","[122.21, 24]","[125.07, 30]",114.6,99,15.21,-0.09
07:40:00,"[107.0, 9]","[105.0, 18]","[117.0, 25]","[117.48, 33]",112.0,85,10.0,-0.36
07:40:01,"[109.06, 31]","[106.2, 20]","[114.43, 21]","[116.22, 51]",111.75,123,5.36,-0.17
07:40:02,"[104.0, 20]","[103.0, 10]","[108.5, 14]","[109.67, 24]",106.25,68,4.5,-0.12
07:40:03,"[95.15, 26]","[63.6, 100]","[124.6, 20]","[165.24, 33]",109.88,179,29.45,0.41
07:40:04,"[102.57, 14]","[84.29, 17]","[154.0, 8]","[203.0, 20]",128.29,59,51.43,0.05
07:40:05,"[109.78, 54]","[105.38, 32]","[136.42, 31]","[173.32, 37]",123.1,154,26.64,0.12
07:40:06,"[110.0, 49]","[70.39, 36]","[126.0, 35]","[127.0, 35]",118.0,155,16.0,0.1
07:40:07,"[110.06, 119]","[102.31, 183]","[123.27, 70]","[124.13, 78]",116.67,450,13.21,0.34
07:40:08,"[111.53, 86]","[110.29, 98]","[119.85, 47]","[121.12, 58]",115.69,289,8.32,0.27
07:40:09,"[112.13, 45]","[111.0, 84]","[115.7, 44]","[119.65, 46]",113.92,219,3.57,0.18
07:40:10,"[112.0, 63]","[110.0, 77]","[114.55, 47]","[115.51, 41]",113.28,228,2.55,0.23
07:40:11,"[110.33, 36]","[109.08, 26]","[112.46, 28]","[114.67, 36]",111.4,126,2.13,-0.02
07:40:12,"[110.0, 40]","[108.0, 16]","[111.0, 40]","[113.0, 24]",110.5,120,1.0,-0.07
07:40:13,"[108.86, 35]","[107.38, 32]","[223.7, 53]","[440.4, 48]",166.28,168,114.84,-0.2
07:40:14,"[107.64, 25]","[106.26, 27]","[169.0, 24]","[217.5, 24]",138.32,100,61.36,0.04
07:40:15,"[105.0, 39]","[103.15, 65]","[211.57, 37]","[242.29, 35]",158.28,176,106.57,0.18
07:40:16,"[105.0, 27]","[103.0, 45]","[214.44, 27]","[313.05, 21]",159.72,120,109.44,0.2
07:40:17,"[105.0, 33]","[103.0, 55]","[174.44, 32]","[246.28, 29]",139.72,149,69.44,0.18
07:40:18,"[105.0, 30]","[103.0, 50]","[166.15, 39]","[183.6, 30]",135.58,149,61.15,0.07
07:40:19,"[103.75, 32]","[102.31, 64]","[164.0, 32]","[168.0, 24]",133.88,152,60.25,0.26
07:40:20,"[103.0, 60]","[102.0, 132]","[162.74, 46]","[164.79, 38]",132.87,276,59.74,0.39
07:40:21,"[102.74, 42]","[98.13, 119]","[160.0, 40]","[163.0, 30]",131.37,231,57.26,0.39
07:40:22,"[103.24, 72]","[91.6, 88]","[160.0, 32]","[163.0, 24]",131.62,216,56.76,0.48
07:40:23,"[109.0, 121]","[102.0, 121]","[151.3, 40]","[161.7, 37]",130.15,319,42.3,0.52
07:40:24,"[109.0, 132]","[102.16, 116]","[143.66, 38]","[160.39, 46]",126.33,332,34.66,0.49
07:40:25,"[109.0, 154]","[102.0, 214]","[155.5, 48]","[156.84, 50]",132.25,466,46.5,0.58
07:40:26,"[110.35, 49]","[107.73, 121]","[151.0, 33]","[155.0, 44]",130.67,247,40.65,0.38
07:40:27,"[112.0, 27]","[109.81, 59]","[151.0, 27]","[155.0, 36]",131.5,149,39.0,0.15
07:40:28,"[112.58, 36]","[110.0, 72]","[148.74, 43]","[150.02, 41]",130.66,192,36.16,0.12
07:40:29,"[113.0, 39]","[112.0, 102]","[147.18, 33]","[151.11, 57]",130.09,231,34.18,0.22
07:40:30,"[113.0, 24]","[112.0, 72]","[142.5, 32]","[145.12, 16]",127.75,144,29.5,0.33
07:40:31,"[112.02, 90]","[110.12, 102]","[136.35, 49]","[140.28, 36]",124.18,277,24.32,0.39
07:40:32,"[112.0, 49]","[110.0, 78]","[137.12, 43]","[137.61, 36]",124.56,206,25.12,0.23
07:40:33,"[110.51, 47]","[109.14, 167]","[135.0, 49]","[136.56, 43]",122.76,306,24.49,0.4
07:40:34,"[110.0, 119]","[109.0, 154]","[132.29, 28]","[133.82, 28]",121.14,329,22.29,0.66
07:40:35,"[110.0, 180]","[109.0, 132]","[129.16, 32]","[130.17, 23]",119.58,367,19.16,0.7
07:40:36,"[110.0, 210]","[109.0, 154]","[128.0, 42]","[129.0, 14]",119.0,420,18.0,0.73
07:40:37,"[110.0, 120]","[109.0, 88]","[123.79, 28]","[125.65, 23]",116.89,259,13.79,0.61
07:40:38,"[110.0, 130]","[109.0, 121]","[120.26, 27]","[121.92, 26]",115.13,304,10.26,0.65
07:40:39,"[110.0, 110]","[109.0, 121]","[116.54, 24]","[116.74, 35]",113.27,290,6.54,0.59
07:40:40,"[110.0, 130]","[108.97, 125]","[113.06, 35]","[114.57, 46]",111.53,336,3.06,0.52
07:40:41,"[110.0, 98]","[108.0, 28]","[113.07, 29]","[162.73, 49]",111.53,204,3.07,0.24
07:40:42,"[110.0, 29]","[109.0, 50]","[114.0, 40]","[234.0, 25]",112.0,144,4.0,0.1
07:40:43,"[110.0, 20]","[109.0, 50]","[113.4, 40]","[441.9, 30]",111.7,140,3.4,0.0
07:40:44,"[109.26, 38]","[108.64, 39]","[111.58, 48]","[267.0, 27]",110.42,152,2.32,0.01
07:40:45,"[109.0, 36]","[108.0, 18]","[110.33, 36]","[183.67, 30]",109.67,120,1.33,-0.1
07:40:46,"[108.13, 23]","[106.98, 44]","[116.78, 41]","[181.33, 43]",112.46,151,8.65,-0.11
07:40:47,"[107.0, 27]","[106.0, 45]","[182.38, 37]","[215.0, 35]",144.69,144,75.38,0.0
07:40:48,"[107.25, 20]","[106.26, 34]","[128.2, 30]","[155.25, 24]",117.72,108,20.95,0.0
07:40:49,"[107.35, 17]","[106.16, 38]","[127.7, 40]","[313.29, 42]",117.53,137,20.35,-0.2
07:40:50,"[107.58, 26]","[106.19, 43]","[125.38, 32]","[212.89, 27]",116.48,128,17.8,0.08
07:40:51,"[110.46, 39]","[109.8, 75]","[124.43, 21]","[125.08, 39]",117.45,174,13.97,0.31
07:40:52,"[112.0, 7]","[110.0, 56]","[121.16, 19]","[124.25, 16]",116.58,98,9.16,0.29
07:40:53,"[110.4, 30]","[109.41, 68]","[120.26, 38]","[121.0, 16]",115.33,152,9.86,0.29
07:40:54,"[110.0, 54]","[108.0, 50]","[116.0, 12]","[117.25, 28]",113.0,144,6.0,0.44
07:40:55,"[110.0, 12]","[108.0, 20]","[113.78, 9]","[115.9, 10]",111.89,51,3.78,0.25
07:40:56,"[110.0, 18]","[108.0, 40]","[111.57, 14]","[112.4, 30]",110.79,102,1.57,0.14
07:40:57,"[109.61, 46]","[107.92, 49]","[112.2, 15]","[214.09, 44]",110.9,154,2.59,0.23
07:40:58,"[108.0, 52]","[106.88, 68]","[112.77, 39]","[422.77, 65]",110.38,224,4.77,0.07
07:40:59,"[108.0, 32]","[107.0, 64]","[111.25, 24]","[248.75, 40]",109.62,160,3.25,0.2
07:41:00,"[108.0, 24]","[107.0, 48]","[109.83, 18]","[268.0, 30]",108.92,120,1.83,0.2
07:41:01,"[108.0, 22]","[107.0, 104]","[217.69, 29]","[450.57, 56]",162.84,211,109.69,0.19
07:41:02,"[108.0, 9]","[107.0, 72]","[221.33, 30]","[282.97, 33]",164.67,144,113.33,0.12
07:41:03,"[108.88, 64]","[106.9, 42]","[212.18, 55]","[236.0, 22]",160.53,183,103.31,0.16
07:41:04,"[109.0, 19]","[107.0, 44]","[326.23, 43]","[415.78, 46]",217.62,152,217.23,-0.17
07:41:05,"[109.0, 6]","[107.0, 24]","[198.0, 30]","[374.44, 18]",153.5,78,89.0,-0.23
07:41:06,"[109.0, 13]","[106.43, 14]","[265.74, 27]","[343.67, 15]",187.37,69,156.74,-0.22
07:41:07,"[110.0, 16]","[107.29, 14]","[361.74, 34]","[446.51, 37]",235.87,101,251.74,-0.41
07:41:08,"[110.0, 12]","[109.0, 6]","[431.0, 30]","[563.0, 30]",270.5,78,321.0,-0.54
07:41:09,"[110.0, 16]","[109.0, 8]","[482.04, 28]","[592.71, 28]",296.02,80,372.04,-0.4
07:41:10,"[106.28, 25]","[104.5, 22]","[202.55, 55]","[386.21, 43]",154.41,145,96.27,-0.35
07:41:11,"[103.0, 27]","[100.96, 23]","[166.33, 45]","[487.08, 24]",134.67,119,63.33,-0.16
07:41:12,"[104.47, 17]","[102.56, 27]","[150.9, 39]","[380.33, 45]",127.68,128,46.43,-0.31
07:41:13,"[108.0, 4]","[103.0, 12]","[135.0, 11]","[250.29, 17]",121.5,44,27.0,-0.27
07:41:14,"[103.85, 13]","[102.5, 16]","[150.0, 16]","[302.25, 40]",126.92,85,46.15,-0.32
07:41:15,"[103.77, 65]","[103.05, 38]","[149.0, 26]","[612.08, 65]",126.38,194,45.23,0.06
07:41:16,"[106.32, 62]","[105.29, 42]","[146.7, 20]","[511.7, 50]",126.51,174,40.38,0.2
07:41:17,"[107.0, 46]","[106.0, 30]","[143.82, 22]","[287.1, 40]",125.41,138,36.82,0.1
07:41:18,"[107.94, 17]","[105.2, 49]","[141.17, 24]","[143.0, 36]",124.55,126,33.23,0.05
07:41:19,"[110.7, 43]","[109.64, 44]","[139.93, 30]","[142.31, 35]",125.32,152,29.24,0.14
07:41:20,"[112.0, 48]","[110.0, 64]","[135.05, 21]","[136.72, 32]",123.52,165,23.05,0.36
07:41:21,"[112.0, 27]","[110.0, 36]","[129.4, 20]","[130.19, 21]",120.7,104,17.4,0.21
07:41:22,"[112.9, 62]","[111.58, 38]","[125.89, 37]","[126.9, 31]",119.4,168,12.99,0.19
07:41:23,"[113.0, 60]","[110.32, 57]","[121.05, 39]","[121.93, 43]",117.03,199,8.05,0.18
07:41:24,"[113.0, 36]","[110.0, 36]","[117.45, 20]","[118.5, 24]",115.22,116,4.45,0.24
07:41:25,"[112.64, 66]","[111.74, 124]","[114.17, 40]","[116.78, 27]",113.41,257,1.54,0.48
07:41:26,"[112.0, 87]","[110.0, 56]","[113.0, 56]","[119.96, 46]",112.5,245,1.0,0.17
07:41:27,"[111.43, 14]","[109.93, 41]","[132.19, 31]","[192.15, 53]",121.81,139,20.76,-0.21
07:41:28,"[110.0, 68]","[107.93, 30]","[266.25, 28]","[358.96, 78]",188.12,204,156.25,-0.04
07:41:29,"[110.0, 71]","[109.0, 40]","[142.79, 38]","[258.68, 34]",126.39,183,32.79,0.21
07:41:30,"[110.0, 40]","[109.0, 32]","[131.75, 16]","[265.5, 32]",120.88,120,21.75,0.2
07:41:31,"[110.0, 22]","[109.0, 56]","[137.12, 16]","[452.79, 58]",123.56,152,27.12,0.03
07:41:32,"[110.0, 51]","[109.0, 44]","[133.27, 33]","[135.0, 11]",121.64,139,23.27,0.37
07:41:33,"[110.0, 72]","[109.0, 32]","[131.5, 12]","[132.9, 20]",120.75,136,21.5,0.53
07:41:34,"[110.0, 84]","[109.0, 44]","[127.27, 15]","[129.39, 23]",118.63,166,17.27,0.54
07:41:35,"[110.0, 40]","[109.0, 40]","[121.69, 16]","[123.76, 29]",115.84,125,11.69,0.28
07:41:36,"[110.0, 40]","[109.0, 40]","[119.2, 10]","[120.43, 14]",114.6,104,9.2,0.54
07:41:37,"[110.0, 40]","[109.0, 40]","[117.5, 10]","[118.5, 10]",113.75,100,7.5,0.6
07:41:38,"[110.0, 29]","[109.0, 36]","[114.32, 25]","[116.22, 9]",112.16,99,4.32,0.31
07:41:39,"[110.0, 36]","[109.0, 68]","[112.74, 31]","[113.61, 23]",111.37,158,2.74,0.32
07:41:40,"[109.71, 14]","[108.88, 41]","[111.7, 10]","[136.81, 27]",110.71,92,1.99,0.2
07:41:41,"[107.61, 59]","[107.11, 44]","[110.18, 11]","[325.15, 26]",108.9,140,2.57,0.47
07:41:42,"[107.0, 94]","[105.0, 15]","[150.4, 45]","[171.61, 49]",128.7,203,43.4,0.07
07:41:43,"[107.0, 54]","[105.0, 9]","[158.44, 36]","[159.44, 36]",132.72,135,51.44,-0.07
07:41:44,"[107.0, 102]","[104.09, 89]","[123.03, 60]","[144.39, 62]",115.02,313,16.03,0.22
07:41:45,"[109.27, 49]","[106.86, 58]","[111.77, 26]","[133.38, 52]",110.52,185,2.5,0.16
07:41:46,"[107.32, 19]","[104.25, 48]","[150.56, 18]","[174.65, 40]",128.94,125,43.24,0.07
07:41:47,"[107.0, 9]","[104.0, 90]","[153.5, 24]","[155.76, 21]",130.25,144,46.5,0.38
07:41:48,"[107.21, 122]","[103.81, 64]","[153.0, 40]","[155.0, 10]",130.11,236,45.79,0.58
07:41:49,"[108.0, 112]","[104.0, 64]","[152.0, 32]","[155.0, 8]",130.0,216,44.0,0.63
07:41:50,"[108.0, 112]","[104.0, 64]","[149.43, 23]","[151.71, 17]",128.72,216,41.43,0.63
07:41:51,"[108.87, 108]","[107.76, 134]","[149.44, 18]","[212.3, 20]",129.16,280,40.57,0.73
07:41:52,"[109.66, 76]","[108.57, 98]","[144.58, 24]","[145.71, 21]",127.12,219,34.93,0.59
07:41:53,"[112.0, 90]","[109.0, 126]","[139.97, 29]","[141.48, 25]",125.98,270,27.97,0.6
07:41:54,"[112.0, 40]","[109.0, 56]","[138.21, 19]","[139.45, 11]",125.11,126,26.21,0.52
07:41:55,"[112.0, 9]","[109.0, 63]","[130.67, 27]","[137.44, 18]",121.33,117,18.67,0.23
07:41:56,"[112.0, 10]","[109.4, 35]","[120.18, 38]","[125.36, 14]",116.09,97,8.18,-0.07
07:41:57,"[109.0, 60]","[108.0, 168]","[116.21, 28]","[116.71, 24]",112.61,280,7.21,0.63
07:41:58,"[109.0, 60]","[108.0, 168]","[113.13, 15]","[114.8, 30]",111.07,273,4.13,0.67
07:41:59,"[109.06, 53]","[108.03, 145]","[111.42, 24]","[112.29, 17]",110.24,239,2.36,0.66
07:42:00,"[109.0, 25]","[108.0, 98]","[111.36, 11]","[271.23, 26]",110.18,160,2.36,0.54
07:42:01,"[108.21, 53]","[107.89, 141]","[234.1, 31]","[357.87, 54]",171.15,279,125.89,0.39
07:42:02,"[108.0, 134]","[107.0, 65]","[308.52, 42]","[479.65, 40]",208.26,281,200.52,0.42
07:42:03,"[108.0, 150]","[107.0, 75]","[408.57, 56]","[499.23, 66]",258.29,347,300.57,0.3
07:42:04,"[108.44, 90]","[107.76, 105]","[361.68, 37]","[413.36, 36]",235.06,268,253.23,0.46
07:42:05,"[108.77, 43]","[107.94, 85]","[233.44, 9]","[414.0, 27]",171.11,164,124.68,0.56
07:42:06,"[108.27, 37]","[107.82, 85]","[211.71, 14]","[411.66, 44]",159.99,180,103.44,0.36
07:42:07,"[109.0, 20]","[107.95, 105]","[175.39, 23]","[312.4, 43]",142.2,191,66.39,0.31
07:42:08,"[110.0, 15]","[107.76, 63]","[136.23, 31]","[387.25, 59]",123.11,168,26.23,-0.07
07:42:09,"[108.22, 18]","[107.09, 44]","[123.54, 26]","[441.21, 28]",115.88,116,15.32,0.07
07:42:10,"[108.0, 19]","[107.0, 50]","[109.0, 50]","[137.91, 22]",108.5,141,1.0,-0.02
07:42:11,"[106.9, 10]","[105.77, 13]","[115.5, 30]","[252.57, 21]",111.2,74,8.6,-0.38
07:42:12,"[104.71, 7]","[103.83, 24]","[122.0, 30]","[493.67, 18]",113.36,79,17.29,-0.22
07:42:13,"[104.0, 24]","[102.31, 36]","[272.62, 40]","[451.0, 32]",188.31,132,168.62,-0.09
07:42:14,"[104.0, 20]","[103.0, 24]","[413.35, 34]","[664.26, 38]",258.68,116,309.35,-0.24
07:42:15,"[104.0, 12]","[103.0, 18]","[484.62, 21]","[578.65, 17]",294.31,68,380.62,-0.12
07:42:16,"[104.36, 22]","[103.28, 29]","[259.22, 36]","[451.03, 31]",181.79,118,154.86,-0.14
07:42:17,"[104.18, 22]","[103.13, 31]","[118.27, 22]","[447.17, 48]",111.23,123,14.09,-0.14
07:42:18,"[105.95, 19]","[102.71, 21]","[120.0, 9]","[393.27, 30]",112.97,79,14.05,0.01
07:42:19,"[109.75, 40]","[106.43, 35]","[119.33, 15]","[358.0, 60]",114.54,150,9.58,0.0
07:42:20,"[109.87, 45]","[108.59, 44]","[116.67, 60]","[182.52, 31]",113.27,180,6.8,-0.01
07:42:21,"[109.0, 22]","[108.0, 66]","[115.61, 23]","[116.13, 39]",112.3,150,6.61,0.17
07:42:22,"[108.0, 53]","[107.37, 97]","[111.71, 17]","[113.29, 17]",109.85,184,3.71,0.63
07:42:23,"[106.64, 101]","[103.89, 37]","[108.12, 25]","[110.95, 21]",107.38,184,1.48,0.5
07:42:24,"[103.02, 86]","[102.15, 82]","[106.18, 72]","[121.61, 70]",104.6,310,3.16,0.08
07:42:25,"[83.05, 44]","[55.78, 69]","[104.19, 54]","[303.68, 53]",93.62,220,21.14,0.03
07:42:26,"[12.0, 36]","[11.0, 16]","[97.33, 18]","[101.19, 16]",54.67,86,85.33,0.21
07:42:27,"[24.19, 53]","[40.0, 45]","[95.0, 55]","[96.0, 50]",59.59,203,70.81,-0.03
07:42:28,"[94.0, 6]","[55.64, 22]","[95.57, 21]","[269.62, 24]",94.79,73,1.57,-0.23
07:42:29,"[94.5, 10]","[0, 0]","[96.0, 36]","[338.79, 33]",95.25,79,1.5,-0.75
07:42:30,"[80.0, 18]","[0, 0]","[95.82, 17]","[121.38, 16]",87.91,51,15.82,-0.29
07:42:31,"[80.0, 60]","[0, 0]","[95.0, 60]","[96.0, 20]",87.5,140,15.0,-0.14
07:42:32,"[82.07, 28]","[36.0, 1]","[95.17, 24]","[97.43, 28]",88.62,81,13.1,-0.28
07:42:33,"[42.0, 4]","[0, 0]","[96.0, 4]","[98.0, 20]",69.0,28,54.0,-0.71
07:42:34,"[49.2, 5]","[0, 0]","[126.5, 8]","[284.43, 7]",87.85,20,77.3,-0.5
07:42:35,"[60.93, 14]","[57.75, 8]","[297.88, 16]","[407.38, 16]",179.4,54,236.95,-0.19
07:42:36,"[85.38, 16]","[60.91, 11]","[347.62, 13]","[470.62, 16]",216.5,56,262.24,-0.04
07:42:37,"[99.92, 24]","[86.81, 21]","[277.0, 7]","[439.71, 14]",188.46,66,177.08,0.36
07:42:38,"[105.62, 16]","[104.0, 56]","[266.0, 11]","[386.13, 15]",185.81,98,160.38,0.47
07:42:39,"[106.21, 29]","[102.26, 43]","[113.0, 7]","[474.29, 14]",109.6,93,6.79,0.55
07:42:40,"[109.59, 51]","[104.62, 21]","[113.0, 8]","[321.86, 14]",111.29,94,3.41,0.53
07:42:41,"[110.0, 88]","[105.0, 16]","[111.19, 36]","[292.11, 9]",110.6,149,1.19,0.4
07:42:42,"[110.0, 32]","[105.0, 18]","[252.82, 17]","[275.27, 22]",181.41,89,142.82,0.12
07:42:43,"[110.71, 45]","[109.18, 56]","[238.64, 25]","[387.55, 49]",174.68,175,127.93,0.15
07:42:44,"[112.0, 24]","[110.0, 19]","[146.17, 6]","[260.38, 8]",129.08,57,34.17,0.51
07:42:45,"[112.0, 32]","[110.0, 32]","[387.58, 12]","[439.89, 9]",249.79,85,275.58,0.51
07:42:46,"[110.0, 18]","[109.0, 36]","[281.27, 11]","[495.14, 7]",195.64,72,171.27,0.5
07:42:47,"[110.0, 27]","[109.0, 54]","[145.78, 18]","[517.78, 9]",127.89,108,35.78,0.5
07:42:48,"[109.0, 56]","[104.0, 84]","[166.87, 23]","[611.53, 19]",137.93,182,57.87,0.54
07:42:49,"[109.15, 13]","[106.27, 15]","[348.0, 10]","[676.0, 6]",228.58,44,238.85,0.27
07:42:50,"[110.0, 1]","[109.0, 3]","[348.0, 2]","[752.0, 1]",229.0,7,238.0,0.14
07:42:51,"[110.0, 8]","[109.0, 24]","[325.63, 19]","[544.08, 37]",217.82,88,215.63,-0.27
07:42:52,"[106.0, 16]","[89.76, 34]","[349.12, 34]","[491.14, 28]",227.56,112,243.12,-0.11
07:42:53,"[108.62, 24]","[86.46, 57]","[144.72, 32]","[161.31, 32]",126.67,145,36.09,0.12
07:42:54,"[109.29, 42]","[106.67, 18]","[123.5, 10]","[126.0, 50]",116.39,120,14.21,0.0
07:42:55,"[107.0, 19]","[106.0, 9]","[122.56, 9]","[126.0, 45]",114.78,82,15.56,-0.32
07:42:56,"[107.0, 8]","[106.0, 4]","[119.43, 7]","[125.62, 16]",113.21,35,12.43,-0.31
07:42:57,"[110.0, 40]","[106.67, 15]","[118.81, 32]","[119.2, 15]",114.41,102,8.81,0.08
07:42:58,"[109.47, 17]","[107.07, 27]","[115.48, 21]","[117.4, 15]",112.47,80,6.01,0.1
07:42:59,"[108.21, 24]","[106.71, 17]","[113.65, 34]","[114.23, 26]",110.93,101,5.44,-0.19
07:43:00,"[107.96, 54]","[106.88, 17]","[109.62, 26]","[110.79, 28]",108.79,125,1.65,0.14
07:43:01,"[106.4, 10]","[105.4, 10]","[108.0, 10]","[109.0, 10]",107.2,40,1.6,0.0
07:43:02,"[106.0, 9]","[105.0, 9]","[108.0, 9]","[109.0, 9]",107.0,36,2.0,0.0
07:43:03,"[109.08, 13]","[105.77, 13]","[355.06, 54]","[453.78, 32]",232.07,112,245.98,-0.54
07:43:04,"[110.0, 12]","[106.0, 12]","[469.54, 39]","[488.38, 29]",289.77,92,359.54,-0.48
07:43:05,"[107.94, 17]","[104.37, 43]","[321.27, 55]","[373.23, 53]",214.61,168,213.33,-0.29
07:43:06,"[103.0, 82]","[102.0, 70]","[231.56, 48]","[232.21, 47]",167.28,247,128.56,0.23
07:43:07,"[103.0, 24]","[102.0, 60]","[367.83, 36]","[375.5, 32]",235.42,152,264.83,0.11
07:43:08,"[106.0, 16]","[102.44, 36]","[325.65, 37]","[335.34, 38]",215.82,127,219.65,-0.18
07:43:09,"[110.93, 29]","[108.0, 12]","[215.18, 33]","[253.25, 36]",163.06,110,104.25,-0.25
07:43:10,"[109.0, 28]","[104.16, 38]","[162.27, 22]","[201.0, 22]",135.64,110,53.27,0.2
07:43:11,"[108.29, 103]","[106.24, 92]","[141.25, 48]","[142.17, 46]",124.77,289,32.96,0.35
07:43:12,"[110.0, 31]","[108.0, 88]","[138.27, 33]","[139.36, 33]",124.14,185,28.27,0.29
07:43:13,"[110.0, 20]","[108.0, 80]","[131.54, 28]","[134.4, 30]",120.77,158,21.54,0.27
07:43:14,"[110.0, 18]","[108.0, 72]","[130.33, 27]","[132.22, 27]",120.17,144,20.33,0.25
07:43:15,"[110.0, 22]","[108.0, 88]","[124.83, 35]","[128.82, 33]",117.41,178,14.83,0.24
07:43:16,"[110.0, 16]","[108.0, 64]","[120.18, 28]","[127.5, 24]",115.09,132,10.18,0.21
07:43:17,"[108.67, 72]","[107.55, 174]","[123.11, 54]","[124.67, 54]",115.89,354,14.44,0.39
07:43:18,"[108.0, 120]","[107.0, 195]","[118.2, 45]","[119.27, 45]",113.1,405,10.2,0.56
07:43:19,"[108.0, 80]","[107.0, 130]","[114.4, 30]","[115.4, 30]",111.2,270,6.4,0.56
07:43:20,"[108.45, 62]","[107.42, 134]","[111.64, 33]","[113.23, 39]",110.04,268,3.18,0.46
07:43:21,"[108.0, 77]","[107.0, 130]","[109.14, 28]","[124.73, 22]",108.57,257,1.14,0.61
07:43:22,"[107.73, 49]","[106.92, 127]","[124.09, 22]","[193.6, 40]",115.91,238,16.36,0.48
07:43:23,"[107.05, 126]","[106.12, 113]","[225.38, 48]","[289.6, 35]",166.21,322,118.33,0.48
07:43:24,"[107.0, 104]","[106.0, 90]","[222.11, 45]","[266.55, 29]",164.56,268,115.11,0.45
07:43:25,"[107.0, 56]","[106.0, 70]","[222.0, 35]","[282.0, 21]",164.5,182,115.0,0.38
07:43:26,"[107.0, 80]","[106.0, 110]","[202.64, 55]","[362.69, 35]",154.82,280,95.64,0.36
07:43:27,"[107.11, 55]","[106.23, 91]","[179.33, 42]","[233.0, 48]",143.22,236,72.22,0.24
07:43:28,"[107.5, 48]","[106.43, 77]","[165.07, 54]","[172.22, 45]",136.29,224,57.57,0.12
07:43:29,"[107.0, 42]","[106.0, 70]","[165.0, 35]","[241.28, 25]",136.0,172,58.0,0.3
07:43:30,"[107.0, 66]","[105.88, 102]","[156.3, 37]","[207.75, 40]",131.65,245,49.3,0.37
07:43:31,"[107.0, 60]","[105.0, 60]","[151.0, 28]","[167.65, 46]",129.0,194,44.0,0.24
07:43:32,"[108.67, 27]","[106.92, 98]","[161.29, 73]","[162.25, 80]",134.98,278,52.62,-0.1
07:43:33,"[110.0, 15]","[107.0, 90]","[133.64, 69]","[140.3, 64]",121.82,238,23.64,-0.12
07:43:34,"[110.0, 13]","[107.0, 78]","[117.98, 52]","[120.7, 44]",113.99,187,7.98,-0.03
07:43:35,"[107.44, 25]","[105.59, 88]","[110.82, 60]","[112.51, 75]",109.13,248,3.38,-0.09
07:43:36,"[105.91, 69]","[104.93, 90]","[107.56, 62]","[108.79, 61]",106.74,282,1.65,0.13
07:43:37,"[105.3, 82]","[104.21, 114]","[242.85, 62]","[276.53, 93]",174.08,351,137.55,0.12
07:43:38,"[108.65, 68]","[104.64, 33]","[162.0, 18]","[164.0, 45]",135.32,164,53.35,0.23
07:43:39,"[110.0, 50]","[109.0, 60]","[148.08, 26]","[163.82, 44]",129.04,180,38.08,0.22
07:43:40,"[111.28, 72]","[110.41, 71]","[160.83, 24]","[164.0, 60]",136.06,227,49.56,0.26
07:43:41,"[112.0, 45]","[110.61, 61]","[160.0, 18]","[225.42, 24]",136.0,148,48.0,0.43
07:43:42,"[112.0, 33]","[109.0, 78]","[159.46, 26]","[222.95, 38]",135.73,175,47.46,0.27
07:43:43,"[112.0, 11]","[109.0, 66]","[156.33, 43]","[158.41, 34]",134.16,154,44.33,0.0
07:43:44,"[112.0, 5]","[109.0, 30]","[142.75, 16]","[153.6, 15]",127.38,66,30.75,0.06
07:43:45,"[112.0, 13]","[109.0, 78]","[138.68, 47]","[142.69, 59]",125.34,197,26.68,-0.08
07:43:46,"[109.53, 17]","[105.5, 60]","[135.82, 34]","[136.83, 48]",122.68,159,26.29,-0.03
07:43:47,"[107.89, 38]","[105.53, 90]","[131.9, 42]","[133.81, 63]",119.9,233,24.01,0.1
07:43:48,"[105.0, 33]","[103.85, 53]","[124.94, 51]","[125.96, 55]",114.97,192,19.94,-0.1
07:43:49,"[105.0, 42]","[104.0, 44]","[119.48, 33]","[121.12, 42]",112.24,161,14.48,0.07
07:43:50,"[104.71, 41]","[103.1, 49]","[114.96, 68]","[115.9, 40]",109.83,198,10.25,-0.09
07:43:51,"[103.0, 20]","[102.0, 40]","[106.65, 43]","[107.62, 26]",104.83,129,3.65,-0.07
07:43:52,"[102.06, 34]","[55.69, 64]","[103.76, 46]","[104.6, 50]",102.91,194,1.7,0.01
07:43:53,"[54.49, 41]","[45.14, 35]","[106.36, 42]","[187.15, 53]",80.42,171,51.87,-0.11
07:43:54,"[90.4, 30]","[71.18, 22]","[106.0, 14]","[107.0, 40]",98.2,106,15.6,-0.02
07:43:55,"[97.37, 49]","[75.86, 21]","[104.1, 40]","[116.68, 25]",100.73,135,6.73,0.04
07:43:56,"[86.5, 36]","[67.67, 54]","[103.36, 22]","[149.85, 27]",94.93,139,16.86,0.29
07:43:57,"[92.92, 39]","[90.67, 81]","[102.68, 34]","[102.91, 22]",97.8,176,9.75,0.36
07:43:58,"[96.74, 38]","[93.06, 47]","[99.55, 11]","[118.81, 27]",98.14,123,2.81,0.38
07:43:59,"[93.06, 17]","[46.22, 18]","[129.43, 7]","[218.38, 8]",111.24,50,36.37,0.4
07:44:00,"[62.92, 12]","[36.83, 18]","[208.0, 7]","[464.0, 7]",135.46,44,145.08,0.36
07:44:01,"[110.25, 8]","[102.11, 19]","[300.0, 14]","[397.09, 11]",205.12,52,189.75,0.04
07:44:02,"[107.12, 33]","[102.89, 9]","[269.93, 41]","[273.23, 13]",188.52,96,162.81,-0.12
07:44:03,"[107.0, 40]","[104.0, 50]","[169.44, 34]","[229.5, 26]",138.22,150,62.44,0.2
07:44:04,"[107.0, 20]","[104.0, 25]","[114.12, 17]","[158.08, 13]",110.56,75,7.12,0.2
07:44:05,"[107.46, 13]","[106.0, 30]","[114.0, 35]","[139.43, 7]",110.73,85,6.54,0.01
07:44:06,"[110.46, 13]","[107.0, 52]","[113.23, 65]","[195.85, 13]",111.85,143,2.77,-0.09
07:44:07,"[111.38, 8]","[107.0, 32]","[113.0, 40]","[212.0, 8]",112.19,88,1.62,-0.09
07:44:08,"[107.14, 37]","[104.21, 58]","[230.73, 15]","[412.83, 18]",168.93,128,123.6,0.48
07:44:09,"[104.86, 21]","[103.75, 24]","[456.0, 24]","[457.0, 12]",280.43,81,351.14,0.11
07:44:10,"[104.38, 39]","[103.26, 19]","[437.38, 32]","[438.82, 22]",270.88,112,332.99,0.04
07:44:11,"[104.0, 28]","[103.0, 14]","[168.29, 28]","[327.71, 28]",136.14,98,64.29,-0.14
07:44:12,"[104.93, 59]","[103.96, 46]","[126.67, 48]","[150.83, 48]",115.8,201,21.73,0.04
07:44:13,"[109.84, 62]","[106.64, 44]","[125.0, 59]","[254.8, 45]",117.42,210,15.16,0.01
07:44:14,"[111.1, 50]","[110.0, 20]","[123.0, 50]","[125.0, 40]",117.05,160,11.9,-0.12
07:44:15,"[112.3, 37]","[109.62, 32]","[121.25, 59]","[122.34, 56]",116.78,184,8.96,-0.25
07:44:16,"[110.0, 11]","[109.0, 66]","[120.0, 55]","[121.0, 44]",115.0,176,10.0,-0.12
07:44:17,"[109.04, 25]","[108.16, 38]","[118.55, 44]","[119.57, 37]",113.79,144,9.51,-0.12
07:44:18,"[108.9, 30]","[107.69, 39]","[118.0, 50]","[119.95, 42]",113.45,161,9.1,-0.14
07:44:19,"[108.0, 36]","[104.0, 36]","[116.73, 56]","[119.71, 48]",112.37,176,8.73,-0.18
07:44:20,"[108.22, 27]","[105.09, 33]","[112.98, 47]","[114.56, 41]",110.6,148,4.76,-0.19
07:44:21,"[107.13, 23]","[104.89, 38]","[109.66, 61]","[110.72, 57]",108.39,179,2.53,-0.32
07:44:22,"[104.22, 23]","[102.46, 57]","[105.47, 45]","[107.77, 65]",104.84,190,1.25,-0.16
07:44:23,"[103.0, 25]","[102.0, 80]","[107.32, 31]","[309.32, 19]",105.16,155,4.32,0.35
07:44:24,"[103.78, 9]","[102.78, 18]","[107.45, 38]","[598.75, 40]",105.61,105,3.67,-0.49
07:44:25,"[103.71, 21]","[102.14, 28]","[106.73, 33]","[263.82, 22]",105.22,104,3.01,-0.06
07:44:26,"[103.0, 20]","[101.0, 40]","[152.35, 17]","[350.0, 18]",127.68,95,49.35,0.26
07:44:27,"[105.94, 100]","[102.69, 26]","[304.0, 9]","[359.45, 31]",204.97,166,198.06,0.52
07:44:28,"[105.93, 84]","[104.55, 31]","[238.86, 28]","[351.88, 25]",172.39,168,132.93,0.37
07:44:29,"[105.0, 20]","[103.0, 16]","[145.0, 19]","[364.71, 21]",125.0,76,40.0,-0.05
07:44:30,"[105.0, 4]","[103.0, 4]","[106.0, 4]","[213.0, 2]",105.5,14,1.0,0.14
07:44:31,"[104.33, 18]","[102.19, 21]","[114.33, 18]","[332.44, 27]",109.33,84,10.0,-0.07
07:44:32,"[106.57, 28]","[103.17, 24]","[276.16, 25]","[379.59, 29]",191.37,106,169.59,-0.02
07:44:33,"[108.89, 36]","[104.0, 9]","[325.24, 21]","[345.57, 28]",217.06,94,216.35,-0.04
07:44:34,"[109.38, 32]","[104.0, 8]","[446.8, 10]","[469.33, 18]",278.09,68,337.43,0.18
07:44:35,"[110.69, 49]","[103.57, 21]","[269.58, 38]","[385.03, 35]",190.14,143,158.89,-0.02
07:44:36,"[106.94, 17]","[103.03, 65]","[138.57, 35]","[227.56, 18]",122.76,135,31.63,0.21
07:44:37,"[109.0, 65]","[104.0, 13]","[126.11, 44]","[190.68, 37]",117.56,159,17.11,-0.02
07:44:38,"[109.36, 39]","[107.75, 28]","[121.73, 33]","[123.33, 15]",115.54,115,12.37,0.17
07:44:39,"[110.0, 28]","[109.0, 42]","[115.19, 37]","[116.54, 28]",112.59,135,5.19,0.04
07:44:40,"[109.31, 32]","[107.5, 60]","[110.74, 58]","[112.46, 28]",110.03,178,1.43,0.03
07:44:41,"[107.0, 50]","[104.0, 10]","[113.5, 24]","[437.77, 26]",110.25,110,6.5,0.09
07:44:42,"[107.27, 55]","[106.27, 33]","[110.4, 43]","[281.76, 29]",108.83,160,3.12,0.1
07:44:43,"[107.13, 31]","[105.2, 15]","[110.83, 12]","[111.95, 21]",108.98,79,3.7,0.16
07:44:44,"[105.75, 24]","[104.83, 18]","[109.71, 14]","[110.38, 13]",107.73,69,3.96,0.22
07:44:45,"[105.97, 29]","[103.06, 31]","[109.67, 18]","[207.8, 30]",107.82,108,3.7,0.11
07:44:46,"[108.0, 26]","[103.0, 21]","[110.0, 14]","[537.0, 21]",109.0,82,2.0,0.15
07:44:47,"[105.63, 19]","[102.71, 21]","[109.12, 34]","[204.91, 11]",107.37,85,3.49,-0.06
07:44:48,"[106.18, 33]","[102.43, 21]","[132.34, 29]","[571.29, 21]",119.26,104,26.16,0.04
07:44:49,"[110.0, 60]","[103.27, 45]","[197.75, 24]","[504.71, 28]",153.88,157,87.75,0.34
07:44:50,"[110.0, 40]","[104.08, 91]","[172.5, 16]","[341.06, 16]",141.25,163,62.5,0.61
07:44:51,"[110.0, 30]","[104.1, 67]","[185.5, 8]","[298.0, 10]",147.75,115,75.5,0.69
07:44:52,"[110.0, 45]","[104.0, 156]","[133.0, 39]","[185.0, 26]",121.5,266,23.0,0.51
07:44:53,"[110.0, 24]","[104.0, 96]","[132.47, 19]","[273.0, 21]",121.24,160,22.47,0.5
07:44:54,"[106.3, 50]","[107.25, 60]","[130.84, 50]","[143.91, 56]",118.57,216,24.54,0.02
07:44:55,"[105.32, 76]","[103.99, 100]","[128.0, 17]","[128.89, 28]",116.66,221,22.68,0.59
07:44:56,"[106.97, 61]","[104.85, 123]","[126.27, 15]","[127.31, 32]",116.62,231,19.3,0.59
07:44:57,"[107.0, 105]","[104.0, 165]","[124.53, 75]","[126.0, 15]",115.77,360,17.53,0.5
07:44:58,"[107.0, 37]","[104.0, 77]","[121.25, 24]","[123.11, 19]",114.12,157,14.25,0.45
07:44:59,"[107.0, 36]","[104.0, 132]","[117.93, 28]","[118.33, 45]",112.46,241,10.93,0.39
07:45:00,"[107.28, 43]","[104.04, 156]","[113.0, 26]","[114.22, 51]",110.14,276,5.72,0.44
07:45:01,"[107.38, 16]","[104.08, 79]","[109.21, 14]","[164.94, 18]",108.29,127,1.84,0.5
07:45:02,"[106.31, 35]","[104.06, 151]","[108.0, 15]","[109.0, 45]",107.16,246,1.69,0.51
07:45:03,"[106.0, 82]","[105.0, 15]","[107.61, 23]","[172.23, 47]",106.8,167,1.61,0.16
07:45:04,"[106.0, 27]","[105.0, 9]","[281.64, 11]","[499.43, 23]",193.82,70,175.64,0.03
07:45:05,"[106.0, 25]","[105.0, 12]","[249.33, 12]","[299.0, 14]",177.67,63,143.33,0.17
07:45:06,"[106.9, 77]","[105.62, 24]","[264.0, 13]","[447.59, 37]",185.45,151,157.1,0.34
07:45:07,"[108.09, 66]","[103.19, 78]","[351.0, 12]","[441.77, 39]",229.55,195,242.91,0.48
07:45:08,"[110.0, 81]","[104.0, 27]","[273.0, 13]","[443.46, 41]",191.5,162,163.0,0.33
07:45:09,"[110.0, 108]","[105.25, 16]","[178.25, 40]","[349.68, 56]",144.12,220,68.25,0.13
07:45:10,"[110.0, 63]","[106.0, 7]","[122.0, 14]","[179.0, 35]",116.0,119,12.0,0.18
07:45:11,"[110.0, 69]","[107.36, 22]","[120.6, 50]","[122.5, 20]",115.3,161,10.6,0.13
07:45:12,"[110.0, 202]","[108.13, 46]","[119.18, 55]","[233.25, 40]",114.59,343,9.18,0.45
07:45:13,"[110.0, 276]","[109.0, 22]","[118.82, 55]","[233.51, 51]",114.41,404,8.82,0.48
07:45:14,"[110.0, 300]","[109.0, 24]","[116.27, 51]","[129.75, 60]",113.14,435,6.27,0.49
07:45:15,"[110.0, 298]","[109.0, 24]","[113.93, 55]","[115.28, 53]",111.96,430,3.93,0.5
07:45:16,"[110.0, 161]","[109.0, 14]","[111.14, 29]","[112.44, 18]",110.57,222,1.14,0.58
07:45:17,"[110.0, 159]","[109.0, 20]","[111.21, 29]","[208.2, 20]",110.6,228,1.21,0.57
07:45:18,"[110.0, 87]","[109.0, 20]","[266.39, 23]","[547.11, 18]",188.2,148,156.39,0.45
07:45:19,"[110.0, 55]","[109.0, 22]","[132.0, 11]","[178.0, 44]",121.0,132,22.0,0.17
07:45:20,"[110.0, 33]","[109.0, 14]","[132.0, 7]","[257.67, 30]",121.0,84,22.0,0.12
07:45:21,"[110.0, 15]","[109.0, 10]","[403.43, 21]","[657.0, 21]",256.71,67,293.43,-0.25
07:45:22,"[110.0, 6]","[109.0, 4]","[417.0, 10]","[754.5, 8]",263.5,28,307.0,-0.29
07:45:23,"[111.64, 33]","[109.97, 59]","[585.06, 80]","[716.45, 66]",348.35,238,473.43,-0.23
07:45:24,"[110.07, 60]","[109.39, 23]","[425.62, 40]","[510.54, 37]",267.85,160,315.56,0.04
07:45:25,"[110.0, 32]","[109.0, 8]","[160.25, 20]","[162.0, 20]",135.12,80,50.25,0.0
07:45:26,"[111.77, 78]","[110.0, 104]","[152.28, 64]","[160.0, 65]",132.03,311,40.51,0.17
07:45:27,"[112.75, 24]","[111.74, 62]","[122.33, 46]","[131.0, 44]",117.54,176,9.58,-0.02
07:45:28,"[113.0, 23]","[112.0, 84]","[119.05, 62]","[120.19, 64]",116.02,233,6.05,-0.08
07:45:29,"[112.62, 16]","[111.76, 68]","[115.3, 54]","[127.0, 42]",113.96,180,2.67,-0.07
07:45:30,"[112.0, 60]","[110.0, 80]","[114.47, 36]","[179.0, 25]",113.24,201,2.47,0.39
07:45:31,"[110.26, 70]","[109.47, 34]","[111.89, 35]","[113.3, 44]",111.07,183,1.63,0.14
07:45:32,"[109.22, 18]","[108.1, 39]","[112.0, 45]","[175.73, 37]",110.61,139,2.78,-0.18
07:45:33,"[107.69, 26]","[106.46, 41]","[111.55, 55]","[322.57, 35]",109.62,157,3.85,-0.15
07:45:34,"[107.0, 27]","[105.71, 42]","[109.11, 45]","[305.0, 45]",108.06,159,2.11,-0.13
07:45:35,"[106.42, 57]","[105.36, 56]","[216.12, 25]","[356.95, 57]",161.27,195,109.7,0.16
07:45:36,"[106.23, 39]","[105.12, 41]","[180.11, 18]","[237.76, 34]",143.17,132,73.88,0.21
07:45:37,"[106.4, 20]","[105.5, 32]","[178.88, 16]","[280.36, 11]",142.64,79,72.47,0.32
07:45:38,"[108.0, 9]","[106.0, 36]","[177.22, 18]","[316.67, 27]",142.61,90,69.22,0.0
07:45:39,"[107.33, 12]","[105.8, 40]","[177.0, 20]","[533.46, 24]",142.17,96,69.67,0.08
07:45:40,"[106.0, 16]","[105.0, 32]","[175.62, 16]","[562.0, 24]",140.81,88,69.62,0.09
07:45:41,"[106.0, 14]","[105.0, 28]","[174.14, 14]","[349.2, 25]",140.07,81,68.14,0.04
07:45:42,"[109.51, 82]","[105.44, 36]","[197.06, 33]","[233.73, 37]",153.29,188,87.55,0.26
07:45:43,"[110.0, 117]","[106.0, 26]","[466.73, 26]","[506.95, 37]",288.37,206,356.73,0.39
07:45:44,"[110.0, 112]","[106.0, 26]","[383.93, 30]","[447.88, 33]",246.97,201,273.93,0.37
07:45:45,"[110.3, 69]","[109.29, 68]","[243.69, 13]","[356.0, 40]",177.0,190,133.39,0.44
07:45:46,"[111.92, 36]","[110.0, 96]","[282.27, 22]","[308.11, 36]",197.09,190,170.36,0.39
07:45:47,"[112.0, 42]","[110.0, 112]","[224.74, 31]","[245.96, 27]",168.37,212,112.74,0.45
07:45:48,"[112.0, 33]","[110.0, 113]","[117.11, 18]","[176.7, 23]",114.56,187,5.11,0.56
07:45:49,"[112.0, 36]","[110.0, 116]","[115.23, 26]","[153.06, 35]",113.62,213,3.23,0.43
07:45:50,"[110.27, 111]","[109.05, 76]","[111.6, 45]","[118.78, 45]",110.94,277,1.33,0.35
07:45:51,"[110.0, 53]","[108.0, 33]","[111.44, 18]","[146.97, 31]",110.72,135,1.44,0.27
07:45:52,"[108.24, 38]","[106.62, 29]","[110.53, 19]","[268.64, 33]",109.38,119,2.29,0.13
07:45:53,"[106.47, 40]","[105.24, 41]","[110.36, 11]","[331.29, 14]",108.42,106,3.89,0.53
07:45:54,"[106.73, 11]","[105.2, 35]","[108.87, 15]","[304.92, 13]",107.8,74,2.14,0.24
07:45:55,"[105.05, 44]","[104.25, 56]","[108.0, 9]","[136.91, 11]",106.52,120,2.95,0.67
07:45:56,"[105.0, 90]","[104.0, 90]","[106.13, 15]","[119.06, 18]",105.57,213,1.13,0.69
07:45:57,"[108.53, 53]","[106.96, 69]","[279.38, 26]","[521.87, 53]",193.96,201,170.86,0.21
07:45:58,"[110.34, 58]","[107.42, 93]","[289.92, 39]","[459.79, 61]",200.13,251,179.58,0.2
07:45:59,"[110.0, 48]","[106.33, 18]","[221.62, 24]","[467.0, 32]",165.81,122,111.62,0.08
07:46:00,"[110.0, 18]","[109.0, 13]","[284.36, 53]","[317.17, 48]",197.18,132,174.36,-0.53
07:46:01,"[110.0, 11]","[109.0, 10]","[212.6, 42]","[271.84, 31]",161.3,94,102.6,-0.55
07:46:02,"[110.0, 14]","[109.0, 7]","[227.0, 21]","[357.36, 33]",168.5,75,117.0,-0.44
07:46:03,"[108.15, 26]","[105.38, 53]","[245.72, 53]","[364.4, 40]",176.94,172,137.56,-0.08
07:46:04,"[107.0, 24]","[105.0, 72]","[307.75, 53]","[424.95, 22]",207.38,171,200.75,0.12
07:46:05,"[105.44, 27]","[104.3, 60]","[262.56, 18]","[432.42, 36]",184.0,141,157.11,0.23
07:46:06,"[107.09, 54]","[105.44, 34]","[347.0, 9]","[395.0, 18]",227.05,115,239.91,0.53
07:46:07,"[109.0, 14]","[108.0, 49]","[347.0, 7]","[395.0, 14]",228.0,84,238.0,0.5
07:46:08,"[110.0, 56]","[109.0, 16]","[344.0, 20]","[459.27, 11]",227.0,103,234.0,0.4
07:46:09,"[111.25, 56]","[109.0, 16]","[259.0, 21]","[330.86, 29]",185.12,122,147.75,0.18
07:46:10,"[112.0, 56]","[109.5, 16]","[146.0, 16]","[251.0, 8]",129.0,96,34.0,0.5
07:46:11,"[112.0, 82]","[110.0, 36]","[296.58, 33]","[335.62, 40]",204.29,191,184.58,0.24
07:46:12,"[112.0, 40]","[110.0, 40]","[317.56, 16]","[376.6, 20]",214.78,116,205.56,0.38
07:46:13,"[112.0, 46]","[110.0, 55]","[279.73, 11]","[365.27, 11]",195.86,123,167.73,0.64
07:46:14,"[112.33, 48]","[110.18, 44]","[195.78, 9]","[289.0, 9]",154.06,110,83.44,0.67
07:46:15,"[113.0, 109]","[112.0, 28]","[194.43, 7]","[374.71, 7]",153.71,151,81.43,0.81
07:46:16,"[113.0, 126]","[112.0, 40]","[194.0, 10]","[409.4, 10]",153.5,186,81.0,0.78
07:46:17,"[113.0, 71]","[112.0, 24]","[194.0, 6]","[294.0, 12]",153.5,113,81.0,0.68
07:46:18,"[113.0, 77]","[112.0, 28]","[193.25, 16]","[216.75, 20]",153.12,141,80.25,0.49
07:46:19,"[113.0, 174]","[112.0, 64]","[192.05, 61]","[193.26, 19]",152.52,318,79.05,0.5
07:46:20,"[113.0, 64]","[112.0, 56]","[120.56, 48]","[137.76, 42]",116.78,210,7.56,0.14
07:46:21,"[112.58, 19]","[111.63, 54]","[115.36, 39]","[116.43, 21]",113.97,133,2.78,0.1
07:46:22,"[112.0, 26]","[110.0, 55]","[113.0, 55]","[115.0, 11]",112.5,147,1.0,0.1
07:46:23,"[110.06, 67]","[109.17, 29]","[111.92, 65]","[157.46, 13]",110.99,174,1.86,0.1
07:46:24,"[109.48, 23]","[108.29, 42]","[110.95, 38]","[221.82, 17]",110.21,120,1.47,0.08
07:46:25,"[108.27, 22]","[107.73, 30]","[110.75, 20]","[187.9, 20]",109.51,92,2.48,0.13
07:46:26,"[105.33, 18]","[105.0, 6]","[109.67, 18]","[739.0, 6]",107.5,48,4.33,0.0
07:46:27,"[104.62, 40]","[103.05, 40]","[140.4, 30]","[475.55, 22]",122.51,132,35.78,0.21
07:46:28,"[101.43, 14]","[99.73, 26]","[433.0, 15]","[479.86, 21]",267.21,76,331.57,0.05
07:46:29,"[108.52, 42]","[100.9, 20]","[435.0, 18]","[749.0, 6]",271.76,86,326.48,0.44
07:46:30,"[110.0, 90]","[109.0, 54]","[420.0, 9]","[559.22, 27]",265.0,180,310.0,0.6
07:46:31,"[110.0, 90]","[109.0, 54]","[373.17, 12]","[583.61, 23]",241.58,179,263.17,0.61
07:46:32,"[110.0, 120]","[109.0, 72]","[281.42, 24]","[529.1, 30]",195.71,246,171.42,0.56
07:46:33,"[110.0, 91]","[109.0, 78]","[217.59, 29]","[312.06, 47]",163.79,245,107.59,0.38
07:46:34,"[110.0, 35]","[109.0, 30]","[165.92, 13]","[463.86, 22]",137.96,100,55.92,0.3
07:46:35,"[110.0, 46]","[109.0, 42]","[135.0, 14]","[137.0, 35]",122.5,137,25.0,0.28
07:46:36,"[110.0, 28]","[109.0, 24]","[134.25, 8]","[551.0, 20]",122.12,80,24.25,0.3
07:46:37,"[110.0, 77]","[109.0, 66]","[133.91, 22]","[363.36, 55]",121.95,220,23.91,0.3
07:46:38,"[110.05, 37]","[109.32, 44]","[131.86, 14]","[207.0, 35]",120.96,130,21.8,0.25
07:46:39,"[110.0, 36]","[109.0, 54]","[130.67, 18]","[253.0, 45]",120.33,153,20.67,0.18
07:46:40,"[110.0, 36]","[109.0, 54]","[128.56, 18]","[193.58, 24]",119.28,132,18.56,0.36
07:46:41,"[110.0, 40]","[109.0, 60]","[127.0, 20]","[128.0, 20]",118.5,140,17.0,0.43
07:46:42,"[110.0, 20]","[109.0, 30]","[126.0, 10]","[127.0, 10]",118.0,70,16.0,0.43
07:46:43,"[110.0, 80]","[109.0, 60]","[124.31, 35]","[156.0, 32]",117.16,207,14.31,0.35
07:46:44,"[110.0, 64]","[109.0, 48]","[121.29, 31]","[121.72, 25]",115.65,168,11.29,0.33
07:46:45,"[110.0, 80]","[109.0, 60]","[116.5, 32]","[117.62, 26]",113.25,198,6.5,0.41
07:46:46,"[110.0, 108]","[109.0, 90]","[114.94, 69]","[115.72, 36]",112.47,303,4.94,0.31
07:46:47,"[109.33, 36]","[108.82, 22]","[111.41, 17]","[112.82, 17]",110.37,92,2.08,0.26
07:46:48,"[109.0, 31]","[108.0, 7]","[110.0, 14]","[336.7, 23]",109.5,75,1.0,0.01
07:46:49,"[108.67, 15]","[107.44, 9]","[227.42, 33]","[502.22, 45]",168.05,102,118.76,-0.53
07:46:50,"[109.83, 41]","[107.89, 9]","[231.57, 42]","[451.25, 40]",170.7,132,121.74,-0.24
07:46:51,"[111.0, 45]","[108.0, 9]","[148.0, 36]","[265.0, 45]",129.5,135,37.0,-0.2
07:46:52,"[112.0, 25]","[108.0, 5]","[222.64, 22]","[328.83, 23]",167.32,75,110.64,-0.2
07:46:53,"[112.0, 38]","[108.0, 10]","[184.9, 40]","[214.07, 41]",148.45,129,72.9,-0.26
07:46:54,"[112.0, 16]","[108.0, 8]","[217.5, 32]","[477.0, 30]",164.75,86,105.5,-0.44
07:46:55,"[111.08, 13]","[107.62, 8]","[200.08, 12]","[241.29, 17]",155.58,50,89.01,-0.16
07:46:56,"[108.0, 24]","[105.47, 45]","[161.3, 43]","[259.81, 26]",134.65,138,53.3,0.0
07:46:57,"[110.0, 21]","[106.0, 21]","[159.62, 13]","[191.91, 22]",134.81,77,49.62,0.09
07:46:58,"[109.0, 24]","[105.23, 78]","[138.8, 15]","[241.67, 45]",123.9,162,29.8,0.26
07:46:59,"[107.32, 106]","[104.92, 93]","[137.92, 13]","[316.32, 25]",122.62,237,30.6,0.68
07:47:00,"[105.2, 118]","[104.15, 65]","[135.08, 12]","[243.0, 48]",120.14,243,29.88,0.51
07:47:01,"[105.0, 110]","[104.0, 55]","[134.0, 11]","[194.61, 23]",119.5,199,29.0,0.66
07:47:02,"[105.0, 60]","[104.0, 30]","[132.07, 14]","[132.18, 22]",118.54,126,27.07,0.43
07:47:03,"[105.26, 130]","[104.33, 90]","[126.58, 33]","[130.84, 57]",115.92,310,21.31,0.42
07:47:04,"[106.75, 32]","[105.0, 160]","[121.35, 54]","[122.77, 62]",114.05,308,14.6,0.25
07:47:05,"[109.45, 66]","[105.46, 78]","[118.43, 37]","[120.33, 39]",113.94,220,8.98,0.31
07:47:06,"[110.0, 72]","[107.0, 24]","[115.24, 34]","[118.08, 26]",112.62,156,5.24,0.23
07:47:07,"[110.0, 23]","[107.89, 72]","[111.35, 26]","[112.17, 18]",110.67,139,1.35,0.37
07:47:08,"[110.0, 7]","[108.0, 112]","[111.0, 7]","[112.0, 21]",110.5,147,1.0,0.62
07:47:09,"[110.0, 8]","[108.0, 128]","[111.0, 8]","[112.0, 24]",110.5,168,1.0,0.62
07:47:10,"[108.58, 71]","[107.94, 136]","[111.12, 26]","[315.88, 32]",109.85,265,2.54,0.56
07:47:11,"[109.82, 11]","[108.53, 34]","[111.0, 30]","[210.0, 31]",110.41,106,1.18,-0.15
07:47:12,"[109.0, 24]","[108.0, 192]","[328.26, 27]","[330.06, 35]",218.63,278,219.26,0.55
07:47:13,"[109.0, 26]","[108.0, 228]","[194.17, 41]","[264.59, 27]",151.59,322,85.17,0.58
07:47:14,"[111.47, 38]","[109.0, 44]","[253.92, 26]","[292.86, 22]",182.7,130,142.45,0.26
07:47:15,"[113.0, 20]","[109.0, 20]","[227.74, 27]","[235.15, 20]",170.37,87,114.74,-0.08
07:47:16,"[112.71, 28]","[108.62, 42]","[179.5, 20]","[180.31, 39]",146.11,129,66.79,0.09
07:47:17,"[109.0, 22]","[108.0, 176]","[176.16, 19]","[178.7, 20]",142.58,237,67.16,0.67
07:47:18,"[108.06, 143]","[107.64, 100]","[174.5, 36]","[175.41, 29]",141.28,308,66.44,0.58
07:47:19,"[108.0, 135]","[107.0, 36]","[168.75, 20]","[172.35, 23]",138.38,214,60.75,0.6
07:47:20,"[108.0, 226]","[107.0, 64]","[112.35, 20]","[147.87, 23]",110.17,333,4.35,0.74
07:47:21,"[108.0, 171]","[107.0, 56]","[109.66, 29]","[111.53, 17]",108.83,273,1.66,0.66
07:47:22,"[108.0, 51]","[107.0, 60]","[267.28, 39]","[332.0, 40]",187.64,190,159.28,0.17
07:47:23,"[110.0, 35]","[108.4, 15]","[386.55, 40]","[505.86, 43]",248.28,133,276.55,-0.25
07:47:24,"[109.09, 33]","[108.23, 13]","[205.05, 41]","[291.73, 41]",157.07,128,95.96,-0.28
07:47:25,"[110.0, 24]","[109.0, 24]","[138.73, 30]","[139.62, 32]",124.37,110,28.73,-0.13
07:47:26,"[110.54, 39]","[109.0, 39]","[136.71, 42]","[137.82, 49]",123.63,169,26.18,-0.08
07:47:27,"[110.33, 72]","[109.35, 60]","[132.98, 52]","[134.62, 61]",121.66,245,22.65,0.08
07:47:28,"[109.0, 39]","[108.0, 13]","[130.23, 52]","[131.18, 49]",119.62,153,21.23,-0.32
07:47:29,"[109.0, 24]","[108.0, 8]","[129.88, 32]","[131.0, 32]",119.44,96,20.88,-0.33
07:47:30,"[109.0, 33]","[108.0, 11]","[127.54, 39]","[128.78, 41]",118.27,124,18.54,-0.29
07:47:31,"[109.29, 21]","[107.49, 75]","[123.32, 37]","[124.7, 40]",116.31,173,14.04,0.11
07:47:32,"[109.18, 22]","[107.17, 138]","[120.63, 43]","[122.5, 48]",114.9,251,11.45,0.27
07:47:33,"[109.0, 20]","[108.0, 50]","[117.58, 38]","[118.82, 34]",113.29,142,8.58,-0.01
07:47:34,"[108.47, 30]","[107.25, 141]","[114.0, 60]","[115.53, 60]",111.23,291,5.53,0.18
07:47:35,"[107.01, 192]","[106.25, 83]","[108.78, 37]","[110.4, 47]",107.9,359,1.77,0.53
07:47:36,"[107.0, 101]","[105.0, 7]","[108.0, 21]","[110.0, 28]",107.5,157,1.0,0.38
07:47:37,"[107.0, 92]","[105.0, 10]","[108.0, 30]","[155.0, 36]",107.5,168,1.0,0.21
07:47:38,"[105.77, 22]","[104.06, 47]","[179.25, 24]","[531.67, 18]",142.51,111,73.48,0.24
07:47:39,"[104.0, 90]","[103.0, 20]","[362.23, 26]","[535.75, 24]",233.12,160,258.23,0.38
07:47:40,"[106.14, 14]","[103.82, 11]","[230.0, 6]","[239.0, 4]",168.07,35,123.86,0.43
07:47:41,"[110.0, 50]","[104.0, 90]","[225.8, 30]","[425.9, 20]",167.9,190,115.8,0.47
07:47:42,"[111.9, 41]","[108.62, 39]","[389.0, 21]","[575.0, 14]",250.45,115,277.1,0.39
07:47:43,"[113.0, 18]","[110.0, 15]","[388.86, 7]","[501.29, 7]",250.93,47,275.86,0.4
07:47:44,"[113.0, 52]","[110.0, 45]","[388.0, 9]","[389.0, 27]",250.5,133,275.0,0.46
07:47:45,"[113.0, 26]","[110.0, 40]","[235.4, 10]","[332.22, 18]",174.2,94,122.4,0.4
07:47:46,"[113.0, 26]","[110.0, 65]","[132.92, 13]","[134.0, 26]",122.96,130,19.92,0.4
07:47:47,"[113.0, 12]","[110.0, 30]","[132.0, 6]","[165.91, 11]",122.5,59,19.0,0.42
07:47:48,"[113.0, 10]","[110.0, 25]","[130.8, 5]","[485.0, 5]",121.9,45,17.8,0.56
07:47:49,"[110.37, 35]","[108.11, 38]","[128.0, 11]","[485.0, 11]",119.19,95,17.63,0.54
07:47:50,"[111.54, 59]","[109.67, 27]","[126.78, 9]","[397.0, 9]",119.16,104,15.24,0.65
07:47:51,"[112.0, 63]","[110.0, 33]","[126.0, 11]","[349.09, 11]",119.0,118,14.0,0.63
07:47:52,"[112.1, 50]","[110.0, 30]","[125.5, 10]","[248.0, 10]",118.8,100,13.4,0.6
07:47:53,"[112.73, 55]","[109.98, 49]","[124.23, 26]","[400.82, 11]",118.48,141,11.5,0.48
07:47:54,"[110.0, 45]","[109.0, 9]","[123.97, 33]","[124.67, 12]",116.98,99,13.97,0.09
07:47:55,"[110.0, 32]","[109.0, 7]","[122.57, 7]","[124.0, 28]",116.29,74,12.57,0.05
07:47:56,"[107.07, 86]","[104.05, 109]","[119.15, 13]","[121.58, 19]",113.11,227,12.08,0.72
07:47:57,"[107.0, 49]","[104.0, 63]","[113.77, 13]","[114.26, 19]",110.38,144,6.77,0.56
07:47:58,"[107.0, 63]","[104.0, 81]","[111.24, 21]","[113.67, 24]",109.12,189,4.24,0.52
07:47:59,"[107.0, 84]","[104.0, 108]","[110.7, 33]","[111.26, 27]",108.85,252,3.7,0.52
07:48:00,"[107.14, 44]","[104.62, 68]","[111.1, 20]","[175.14, 14]",109.12,146,3.96,0.53
07:48:01,"[106.87, 62]","[104.14, 84]","[112.0, 12]","[113.25, 12]",109.44,170,5.13,0.72
07:48:02,"[105.0, 22]","[104.0, 108]","[108.79, 14]","[109.92, 12]",106.89,156,3.79,0.67
07:48:03,"[104.78, 18]","[103.04, 50]","[107.28, 54]","[109.0, 18]",106.03,140,2.5,-0.03
07:48:04,"[103.07, 15]","[96.68, 37]","[122.75, 12]","[294.21, 19]",112.91,83,19.68,0.25
07:48:05,"[102.0, 62]","[54.39, 46]","[130.68, 19]","[234.47, 17]",116.34,144,28.68,0.5
07:48:06,"[102.0, 44]","[31.67, 9]","[114.0, 10]","[131.83, 12]",108.0,75,12.0,0.41
07:48:07,"[105.07, 116]","[84.35, 68]","[131.89, 9]","[222.08, 13]",118.48,206,26.82,0.79
07:48:08,"[109.0, 145]","[104.0, 176]","[136.91, 11]","[139.0, 11]",122.95,343,27.91,0.87
07:48:09,"[109.0, 88]","[104.0, 128]","[135.25, 8]","[139.0, 8]",122.12,232,26.25,0.86
07:48:10,"[109.31, 64]","[106.04, 108]","[135.0, 8]","[139.0, 8]",122.16,188,25.69,0.83
07:48:11,"[111.15, 66]","[109.6, 86]","[132.13, 15]","[138.43, 14]",121.64,181,20.98,0.68
07:48:12,"[112.07, 43]","[111.17, 29]","[129.2, 10]","[130.06, 17]",120.63,99,17.13,0.45
07:48:13,"[113.0, 18]","[112.0, 30]","[129.0, 6]","[130.0, 12]",121.0,66,16.0,0.45
07:48:14,"[113.0, 24]","[112.0, 45]","[128.12, 16]","[129.36, 11]",120.56,96,15.12,0.44
07:48:15,"[113.0, 16]","[112.0, 40]","[125.38, 13]","[127.0, 11]",119.19,80,12.38,0.4
07:48:16,"[112.15, 39]","[109.33, 136]","[120.95, 43]","[122.46, 39]",116.55,257,8.8,0.36
07:48:17,"[111.25, 40]","[108.96, 115]","[115.26, 39]","[116.44, 18]",113.25,212,4.01,0.46
07:48:18,"[109.0, 80]","[108.0, 40]","[114.38, 40]","[116.0, 16]",111.69,176,5.38,0.36
07:48:19,"[109.23, 91]","[108.63, 95]","[111.36, 61]","[114.15, 20]",110.3,267,2.13,0.39
07:48:20,"[109.15, 82]","[108.53, 152]","[176.57, 74]","[249.24, 46]",142.86,354,67.42,0.32
07:48:21,"[109.0, 45]","[108.0, 187]","[233.97, 60]","[327.58, 53]",171.48,345,124.97,0.34
07:48:22,"[109.0, 30]","[108.0, 50]","[253.0, 40]","[342.2, 50]",181.0,170,144.0,-0.06
07:48:23,"[109.48, 29]","[108.46, 46]","[252.5, 48]","[349.84, 58]",180.99,181,143.02,-0.17
07:48:24,"[110.0, 20]","[109.0, 30]","[251.0, 40]","[295.34, 35]",180.5,125,141.0,-0.2
07:48:25,"[108.18, 44]","[105.97, 60]","[250.8, 40]","[262.0, 40]",179.49,184,142.62,0.13
07:48:26,"[107.65, 51]","[106.3, 86]","[248.92, 48]","[286.78, 46]",178.28,231,141.27,0.19
07:48:27,"[108.39, 46]","[106.23, 78]","[247.0, 52]","[338.89, 55]",177.7,231,138.61,0.07
07:48:28,"[107.28, 58]","[105.19, 125]","[138.52, 42]","[220.03, 39]",122.9,264,31.25,0.39
07:48:29,"[107.14, 63]","[105.29, 126]","[111.36, 55]","[114.92, 48]",109.25,292,4.22,0.29
07:48:30,"[107.35, 51]","[106.08, 72]","[110.0, 20]","[111.08, 49]",108.68,192,2.65,0.28
07:48:31,"[106.67, 48]","[105.71, 69]","[107.82, 11]","[123.67, 45]",107.24,173,1.15,0.35
07:48:32,"[106.39, 18]","[104.97, 40]","[154.85, 40]","[355.89, 46]",130.62,144,48.46,-0.19
07:48:33,"[108.0, 65]","[105.0, 25]","[186.0, 25]","[480.0, 20]",147.0,135,78.0,0.33
07:48:34,"[110.0, 4]","[108.0, 26]","[478.0, 10]","[480.0, 8]",294.0,48,368.0,0.25
07:48:35,"[110.0, 8]","[108.0, 52]","[478.89, 18]","[584.44, 18]",294.44,96,368.89,0.25
07:48:36,"[110.0, 16]","[108.0, 130]","[277.53, 34]","[350.87, 45]",193.76,225,167.53,0.3
07:48:37,"[110.0, 6]","[108.0, 78]","[232.43, 14]","[259.09, 22]",171.21,120,122.43,0.4
07:48:38,"[110.0, 10]","[108.0, 130]","[197.25, 16]","[217.85, 26]",153.62,182,87.25,0.54
07:48:39,"[110.0, 10]","[108.0, 130]","[146.7, 33]","[149.14, 28]",128.35,201,36.7,0.39
07:48:40,"[110.0, 4]","[108.0, 52]","[134.1, 10]","[135.5, 6]",122.05,72,24.1,0.56
07:48:41,"[110.0, 6]","[108.54, 28]","[133.0, 18]","[135.0, 6]",121.5,58,23.0,0.17
07:48:42,"[108.02, 123]","[106.11, 35]","[132.0, 36]","[135.0, 12]",120.01,206,23.98,0.53
07:48:43,"[108.0, 87]","[105.0, 24]","[130.7, 30]","[131.86, 22]",119.35,163,22.7,0.36
07:48:44,"[109.38, 78]","[107.61, 62]","[127.0, 39]","[128.08, 39]",118.19,218,17.62,0.28
07:48:45,"[110.0, 82]","[109.0, 28]","[122.59, 34]","[124.0, 24]",116.29,168,12.59,0.31
07:48:46,"[110.0, 40]","[109.0, 16]","[118.93, 14]","[119.35, 20]",114.46,90,8.93,0.24
07:48:47,"[110.0, 48]","[109.0, 24]","[114.19, 32]","[115.59, 34]",112.09,138,4.19,0.04
07:48:48,"[109.44, 18]","[108.21, 38]","[111.27, 11]","[113.67, 27]",110.36,94,1.83,0.19
07:48:49,"[108.1, 73]","[106.73, 52]","[112.49, 39]","[212.71, 28]",110.29,192,4.39,0.3
07:48:50,"[108.0, 64]","[105.0, 28]","[109.7, 46]","[118.41, 37]",108.85,175,1.7,0.05
07:48:51,"[108.4, 20]","[106.75, 48]","[120.61, 18]","[259.33, 42]",114.51,128,12.21,0.06
07:48:52,"[108.0, 20]","[107.0, 90]","[299.04, 48]","[467.67, 30]",203.52,188,191.04,0.17
07:48:53,"[109.05, 37]","[107.55, 40]","[117.08, 39]","[234.46, 65]",113.07,181,8.02,-0.15
