Time,Bid1,Bid2,Ask1,Ask2,Mid-Price,Total_volume,Bid_ask_spread,Order_imbalance
07:30:00,"[23.0, 3]","[0, 0]","[0, 0]","[0, 0]",11.5,3,-23.0,1.0
07:30:01,"[4.0, 3]","[0, 0]","[0, 0]","[0, 0]",2.0,3,-4.0,1.0
07:30:02,"[112.94, 17]","[104.29, 7]","[0, 0]","[0, 0]",56.47,24,-112.94,1.0
07:30:03,"[147.15, 13]","[127.2, 15]","[187.0, 24]","[0, 0]",167.08,52,39.85,0.08
07:30:04,"[132.25, 8]","[76.0, 12]","[145.83, 12]","[161.33, 18]",139.04,50,13.58,-0.2
07:30:06,"[136.0, 6]","[76.0, 9]","[144.14, 7]","[145.71, 7]",140.07,29,8.14,0.03
07:30:07,"[136.0, 14]","[90.6, 15]","[151.54, 13]","[244.86, 28]",143.77,70,15.54,-0.17
07:30:08,"[136.0, 12]","[69.0, 2]","[140.88, 16]","[151.6, 15]",138.44,45,4.88,-0.38
07:30:09,"[144.6, 15]","[137.4, 10]","[148.0, 27]","[152.0, 10]",146.3,62,3.4,-0.19
07:30:10,"[141.1, 10]","[138.07, 15]","[148.5, 14]","[149.38, 26]",144.8,65,7.4,-0.23
07:30:11,"[139.0, 9]","[138.0, 18]","[148.2, 15]","[149.53, 51]",143.6,93,9.2,-0.42
07:30:12,"[139.31, 13]","[138.1, 20]","[148.36, 33]","[149.93, 45]",143.84,111,9.06,-0.41
07:30:13,"[140.0, 19]","[138.8, 10]","[147.16, 19]","[148.29, 17]",143.58,65,7.16,-0.11
07:30:14,"[140.0, 15]","[138.0, 10]","[148.0, 15]","[149.0, 5]",144.0,45,8.0,0.11
07:30:15,"[140.07, 29]","[138.11, 19]","[148.0, 45]","[149.0, 10]",144.03,103,7.93,-0.07
07:30:16,"[142.0, 22]","[139.82, 11]","[148.0, 88]","[149.0, 11]",145.0,132,6.0,-0.5
07:30:17,"[142.83, 12]","[139.0, 6]","[148.0, 48]","[149.0, 6]",145.42,72,5.17,-0.5
07:30:18,"[145.11, 27]","[140.48, 21]","[148.0, 100]","[149.0, 14]",146.56,162,2.89,-0.41
07:30:19,"[144.67, 18]","[139.8, 15]","[148.14, 21]","[151.0, 12]",146.4,66,3.48,0.0
07:30:20,"[144.56, 18]","[141.78, 18]","[149.0, 9]","[153.0, 18]",146.78,63,4.44,0.14
07:30:21,"[147.5, 28]","[140.22, 18]","[151.67, 21]","[153.67, 21]",149.58,88,4.17,0.05
07:30:22,"[148.83, 12]","[142.0, 6]","[153.0, 8]","[155.0, 6]",150.92,32,4.17,0.12
07:30:23,"[146.96, 46]","[119.33, 30]","[150.06, 34]","[154.56, 18]",148.51,128,3.1,0.19
07:30:24,"[145.09, 66]","[143.7, 46]","[148.0, 40]","[151.5, 8]",146.55,160,2.91,0.4
07:30:25,"[145.22, 111]","[144.47, 73]","[148.76, 41]","[151.29, 14]",146.99,239,3.54,0.54
07:30:26,"[145.06, 88]","[144.87, 55]","[149.45, 22]","[151.0, 11]",147.26,176,4.4,0.62
07:30:27,"[145.08, 103]","[144.54, 59]","[148.17, 24]","[151.0, 15]",146.62,201,3.09,0.61
07:30:28,"[143.88, 75]","[142.79, 34]","[148.0, 10]","[151.2, 10]",145.94,129,4.12,0.69
07:30:29,"[143.54, 67]","[142.95, 66]","[153.0, 10]","[157.0, 10]",148.27,153,9.46,0.74
07:30:30,"[144.62, 64]","[143.0, 72]","[151.33, 24]","[155.0, 8]",147.98,168,6.71,0.62
07:30:31,"[145.0, 40]","[143.0, 45]","[151.0, 25]","[153.0, 5]",148.0,115,6.0,0.48
07:30:32,"[147.1, 80]","[143.6, 90]","[151.0, 14]","[153.0, 10]",149.05,194,3.9,0.75
07:30:33,"[148.0, 72]","[145.0, 83]","[150.22, 9]","[151.44, 9]",149.11,173,2.22,0.79
07:30:34,"[148.47, 68]","[145.0, 100]","[150.2, 10]","[151.6, 10]",149.34,188,1.73,0.79
07:30:35,"[149.35, 43]","[144.84, 56]","[152.41, 22]","[153.43, 14]",150.88,135,3.06,0.47
07:30:36,"[149.29, 42]","[145.51, 67]","[153.0, 26]","[154.0, 13]",151.14,148,3.71,0.47
07:30:37,"[144.0, 6]","[142.0, 54]","[153.0, 12]","[154.0, 6]",148.5,78,9.0,0.54
07:30:38,"[144.0, 8]","[142.0, 72]","[152.27, 30]","[153.4, 10]",148.13,120,8.27,0.33
07:30:39,"[144.0, 6]","[142.0, 54]","[164.75, 24]","[233.75, 16]",154.38,100,20.75,0.2
07:30:40,"[142.21, 39]","[141.76, 41]","[152.0, 37]","[282.67, 30]",147.1,147,9.79,0.09
07:30:41,"[143.11, 63]","[141.29, 52]","[152.0, 55]","[207.0, 11]",147.56,181,8.89,0.27
07:30:42,"[145.17, 36]","[143.27, 55]","[152.0, 45]","[202.91, 11]",148.58,147,6.83,0.24
07:30:43,"[144.0, 40]","[143.0, 46]","[152.0, 55]","[279.5, 8]",148.0,149,8.0,0.15
07:30:44,"[144.0, 60]","[143.0, 24]","[152.0, 120]","[402.25, 16]",148.0,220,8.0,-0.24
07:30:45,"[144.0, 35]","[143.0, 14]","[148.73, 22]","[160.35, 62]",146.36,133,4.73,-0.26
07:30:46,"[144.0, 30]","[143.0, 12]","[146.0, 12]","[151.83, 24]",145.0,78,2.0,0.08
07:30:47,"[144.0, 45]","[143.0, 18]","[145.8, 20]","[149.9, 10]",144.9,93,1.8,0.35
07:30:48,"[144.0, 40]","[143.0, 16]","[145.25, 16]","[146.57, 14]",144.62,86,1.25,0.3
07:30:49,"[144.0, 65]","[142.31, 51]","[145.46, 26]","[150.69, 64]",144.73,206,1.46,0.13
07:30:50,"[144.0, 30]","[142.0, 42]","[146.0, 12]","[150.67, 18]",145.0,102,2.0,0.41
07:30:51,"[144.0, 48]","[142.0, 84]","[146.0, 24]","[148.42, 24]",145.0,180,2.0,0.47
07:30:52,"[143.42, 62]","[140.99, 83]","[148.0, 78]","[149.0, 28]",145.71,251,4.58,0.16
07:30:53,"[142.0, 36]","[128.0, 12]","[149.0, 12]","[152.0, 30]",145.5,90,7.0,0.07
07:30:54,"[143.83, 24]","[142.12, 64]","[149.0, 22]","[152.0, 55]",146.42,165,5.17,0.07
07:30:55,"[146.4, 20]","[144.73, 30]","[149.0, 20]","[152.0, 50]",147.7,120,2.6,-0.17
07:30:56,"[148.17, 24]","[145.0, 24]","[151.14, 42]","[152.44, 54]",149.65,144,2.98,-0.33
07:30:57,"[149.0, 22]","[143.0, 22]","[152.0, 55]","[153.0, 44]",150.5,143,3.0,-0.38
07:30:58,"[149.36, 22]","[143.0, 22]","[152.0, 55]","[153.0, 44]",150.68,143,2.64,-0.38
07:30:59,"[142.28, 80]","[140.22, 138]","[151.66, 53]","[152.4, 70]",146.97,341,9.39,0.28
07:31:00,"[142.2, 60]","[140.89, 108]","[151.0, 36]","[152.0, 108]",146.6,312,8.8,0.08
07:31:01,"[144.0, 84]","[143.0, 28]","[150.1, 30]","[151.87, 94]",147.05,236,6.1,-0.05
07:31:02,"[143.71, 68]","[142.44, 36]","[148.21, 38]","[149.86, 58]",145.96,200,4.5,0.04
07:31:03,"[144.06, 35]","[143.0, 30]","[149.53, 75]","[239.12, 58]",146.8,198,5.48,-0.34
07:31:04,"[145.36, 11]","[143.0, 22]","[150.0, 55]","[388.8, 35]",147.68,123,4.64,-0.46
07:31:05,"[146.5, 6]","[143.0, 36]","[149.71, 28]","[280.8, 20]",148.11,90,3.21,-0.07
07:31:06,"[148.0, 9]","[143.0, 72]","[149.33, 36]","[216.46, 39]",148.67,156,1.33,0.04
07:31:07,"[148.92, 13]","[145.14, 14]","[150.0, 28]","[365.19, 21]",149.46,76,1.08,-0.29
07:31:08,"[148.0, 9]","[143.0, 78]","[150.0, 26]","[263.65, 34]",149.0,147,2.0,0.18
07:31:09,"[144.92, 26]","[142.95, 82]","[149.83, 58]","[224.56, 50]",147.38,216,4.9,0.0
07:31:10,"[143.14, 56]","[142.65, 34]","[148.47, 17]","[158.12, 49]",145.81,156,5.33,0.15
07:31:11,"[144.0, 18]","[143.0, 54]","[150.0, 37]","[408.46, 13]",147.0,122,6.0,0.18
07:31:12,"[143.33, 30]","[142.71, 42]","[148.89, 18]","[150.0, 45]",146.11,135,5.56,0.07
07:31:13,"[143.0, 25]","[142.0, 15]","[148.0, 30]","[150.0, 20]",145.5,90,5.0,-0.11
07:31:14,"[143.0, 75]","[142.0, 45]","[145.13, 77]","[146.35, 79]",144.06,276,2.13,-0.13
07:31:15,"[143.95, 101]","[142.36, 70]","[145.0, 78]","[146.0, 65]",144.48,314,1.05,0.09
07:31:16,"[142.68, 22]","[141.6, 40]","[145.9, 39]","[147.79, 47]",144.29,148,3.22,-0.16
07:31:17,"[142.15, 54]","[140.53, 76]","[145.58, 38]","[146.95, 76]",143.86,244,3.43,0.07
07:31:18,"[141.62, 29]","[139.41, 22]","[144.0, 7]","[146.0, 35]",142.81,93,2.38,0.1
07:31:19,"[139.0, 30]","[138.0, 50]","[144.0, 10]","[146.0, 50]",141.5,140,5.0,0.14
07:31:20,"[139.57, 35]","[138.19, 31]","[144.0, 7]","[146.0, 35]",141.79,108,4.43,0.22
07:31:21,"[141.35, 92]","[139.74, 39]","[144.8, 15]","[146.57, 63]",143.07,209,3.45,0.25
07:31:22,"[144.44, 160]","[140.5, 16]","[146.49, 45]","[148.13, 126]",145.46,347,2.05,0.01
07:31:23,"[146.0, 161]","[139.82, 17]","[147.33, 30]","[148.12, 48]",146.67,256,1.33,0.39
07:31:24,"[146.14, 84]","[143.8, 35]","[147.67, 18]","[149.33, 15]",146.9,152,1.52,0.57
07:31:25,"[147.32, 59]","[143.48, 94]","[148.78, 18]","[150.39, 18]",148.05,189,1.46,0.62
07:31:26,"[149.81, 53]","[141.5, 20]","[150.92, 13]","[160.21, 33]",150.37,119,1.11,0.23
07:31:27,"[151.32, 25]","[143.35, 51]","[157.92, 26]","[170.14, 29]",154.62,131,6.6,0.16
07:31:28,"[152.0, 24]","[143.0, 70]","[157.0, 28]","[260.4, 35]",154.5,157,5.0,0.2
07:31:29,"[143.82, 44]","[142.27, 74]","[156.08, 24]","[324.1, 30]",149.95,172,12.27,0.37
07:31:30,"[143.47, 76]","[142.26, 97]","[154.69, 26]","[319.54, 35]",149.08,234,11.22,0.48
07:31:31,"[144.0, 147]","[143.0, 75]","[148.8, 40]","[268.4, 57]",146.4,319,4.8,0.39
07:31:32,"[144.24, 50]","[143.65, 57]","[151.0, 10]","[293.1, 50]",147.62,167,6.76,0.28
07:31:33,"[145.89, 45]","[143.14, 59]","[151.0, 9]","[387.57, 35]",148.44,148,5.11,0.41
07:31:34,"[147.91, 70]","[147.31, 102]","[225.74, 68]","[500.61, 36]",186.82,276,77.82,0.25
07:31:35,"[152.86, 86]","[151.1, 84]","[168.0, 70]","[361.45, 22]",160.43,262,15.14,0.3
07:31:36,"[154.46, 65]","[153.18, 110]","[168.0, 55]","[216.88, 51]",161.23,281,13.54,0.25
07:31:37,"[156.01, 174]","[154.58, 66]","[240.0, 45]","[499.74, 50]",198.0,335,83.99,0.43
07:31:38,"[158.14, 7]","[156.0, 133]","[325.0, 20]","[691.53, 30]",241.57,190,166.86,0.47
07:31:39,"[159.0, 7]","[156.0, 133]","[264.0, 35]","[350.0, 35]",211.5,210,105.0,0.33
07:31:40,"[159.99, 91]","[156.96, 28]","[288.71, 35]","[339.53, 47]",224.35,201,128.73,0.18
07:31:41,"[160.0, 150]","[159.0, 15]","[286.4, 30]","[421.45, 58]",223.2,253,126.4,0.3
07:31:42,"[160.0, 90]","[159.0, 9]","[225.56, 18]","[288.57, 21]",192.78,138,65.56,0.43
07:31:43,"[160.0, 38]","[159.0, 4]","[234.0, 8]","[419.8, 10]",197.0,60,74.0,0.4
07:31:44,"[160.0, 48]","[159.0, 6]","[282.17, 12]","[511.0, 18]",221.08,84,122.17,0.29
07:31:45,"[160.0, 64]","[159.0, 8]","[282.0, 16]","[468.5, 36]",221.0,124,122.0,0.16
07:31:46,"[160.0, 20]","[159.0, 5]","[236.57, 14]","[350.46, 13]",198.29,52,76.57,-0.04
07:31:47,"[160.0, 33]","[159.0, 11]","[235.09, 23]","[396.4, 25]",197.54,92,75.09,-0.04
07:31:48,"[159.79, 19]","[158.38, 13]","[189.56, 18]","[251.33, 18]",174.67,68,29.77,-0.06
07:31:49,"[159.75, 16]","[158.27, 11]","[188.0, 14]","[190.0, 14]",173.88,55,28.25,-0.02
07:31:50,"[160.0, 19]","[158.85, 13]","[187.5, 20]","[380.08, 26]",173.75,78,27.5,-0.18
07:31:51,"[160.0, 8]","[159.0, 16]","[187.0, 16]","[363.38, 16]",173.5,56,27.0,-0.14
07:31:52,"[160.0, 9]","[159.0, 18]","[185.93, 15]","[262.67, 18]",172.97,60,25.93,-0.1
07:31:53,"[160.0, 13]","[159.0, 26]","[180.88, 34]","[182.57, 28]",170.44,101,20.88,-0.23
07:31:54,"[160.0, 11]","[159.0, 22]","[177.25, 32]","[178.4, 30]",168.62,95,17.25,-0.31
07:31:55,"[160.0, 14]","[159.0, 28]","[175.64, 14]","[177.0, 56]",167.82,112,15.64,-0.25
07:31:56,"[160.0, 13]","[159.0, 26]","[171.0, 34]","[174.16, 25]",165.5,98,11.0,-0.2
07:31:57,"[159.11, 18]","[156.65, 92]","[166.81, 62]","[168.0, 29]",162.96,201,7.7,0.09
07:31:58,"[158.0, 11]","[156.0, 99]","[163.44, 25]","[163.74, 19]",160.72,154,5.44,0.43
07:31:59,"[156.36, 44]","[155.9, 80]","[159.97, 33]","[161.0, 21]",158.17,178,3.61,0.39
07:32:00,"[154.88, 114]","[153.51, 86]","[157.18, 39]","[157.49, 37]",156.03,276,2.3,0.45
07:32:01,"[155.44, 64]","[153.5, 48]","[294.71, 21]","[438.0, 26]",225.08,159,139.28,0.41
07:32:02,"[156.0, 68]","[154.0, 51]","[271.97, 29]","[369.8, 30]",213.98,178,115.97,0.34
07:32:03,"[154.66, 58]","[152.06, 279]","[172.56, 27]","[195.05, 37]",163.61,401,17.9,0.68
07:32:04,"[158.0, 69]","[154.0, 36]","[160.58, 12]","[162.7, 33]",159.29,150,2.58,0.4
07:32:05,"[157.57, 37]","[153.34, 32]","[159.36, 11]","[200.06, 17]",158.47,97,1.8,0.42
07:32:06,"[154.0, 24]","[153.0, 36]","[158.42, 12]","[243.0, 40]",156.21,112,4.42,0.07
07:32:07,"[154.96, 48]","[153.31, 26]","[157.3, 10]","[194.53, 34]",156.13,118,2.34,0.25
07:32:08,"[153.81, 16]","[152.17, 69]","[216.55, 11]","[465.15, 26]",185.18,122,62.73,0.39
07:32:09,"[153.31, 13]","[152.01, 172]","[349.43, 23]","[537.13, 47]",251.37,255,196.13,0.45
07:32:10,"[153.46, 57]","[151.88, 110]","[245.88, 16]","[346.0, 16]",199.67,199,92.42,0.68
07:32:11,"[152.0, 54]","[151.0, 21]","[284.33, 6]","[346.0, 6]",218.17,87,132.33,0.72
07:32:12,"[152.0, 71]","[151.0, 35]","[276.0, 22]","[592.85, 13]",214.0,141,124.0,0.5
07:32:13,"[152.0, 35]","[151.0, 21]","[344.0, 15]","[622.0, 6]",248.0,77,192.0,0.45
07:32:14,"[152.0, 55]","[151.0, 35]","[355.05, 19]","[465.25, 16]",253.53,125,203.05,0.44
07:32:15,"[152.0, 33]","[151.0, 21]","[211.67, 15]","[353.0, 5]",181.83,74,59.67,0.46
07:32:16,"[152.0, 55]","[150.0, 5]","[208.0, 25]","[333.2, 5]",180.0,90,56.0,0.33
07:32:17,"[152.0, 88]","[151.0, 24]","[208.0, 40]","[510.0, 8]",180.0,160,56.0,0.4
07:32:18,"[152.0, 66]","[151.0, 18]","[568.43, 14]","[684.77, 22]",360.21,120,416.43,0.4
07:32:19,"[151.73, 45]","[150.69, 13]","[554.0, 12]","[666.69, 26]",352.87,96,402.27,0.21
07:32:20,"[151.29, 24]","[144.59, 17]","[424.62, 29]","[534.66, 29]",287.96,99,273.33,-0.17
07:32:21,"[138.15, 221]","[40.31, 26]","[268.45, 22]","[332.21, 38]",203.3,307,130.3,0.61
07:32:22,"[139.13, 79]","[137.13, 77]","[242.3, 10]","[243.73, 11]",190.71,177,103.17,0.76
07:32:23,"[154.33, 99]","[153.0, 27]","[238.25, 16]","[239.45, 11]",196.29,153,83.92,0.65
07:32:24,"[155.0, 88]","[153.0, 24]","[234.13, 15]","[235.54, 13]",194.57,140,79.13,0.6
07:32:25,"[155.98, 108]","[153.87, 38]","[230.65, 17]","[231.8, 20]",193.31,183,74.67,0.6
07:32:26,"[157.91, 111]","[156.27, 118]","[202.91, 22]","[210.13, 23]",180.41,274,45.0,0.67
07:32:27,"[160.0, 56]","[159.0, 154]","[194.93, 28]","[196.36, 28]",177.46,266,34.93,0.58
07:32:28,"[160.0, 44]","[159.0, 121]","[188.27, 22]","[189.55, 22]",174.14,209,28.27,0.58
07:32:29,"[160.0, 35]","[159.0, 99]","[184.0, 18]","[186.0, 18]",172.0,170,24.0,0.58
07:32:30,"[160.0, 30]","[159.0, 110]","[179.4, 20]","[181.6, 20]",169.7,180,19.4,0.56
07:32:31,"[160.0, 30]","[159.0, 110]","[175.9, 20]","[177.3, 20]",167.95,180,15.9,0.56
07:32:32,"[160.0, 24]","[159.0, 88]","[173.75, 16]","[175.5, 16]",166.88,144,13.75,0.56
07:32:33,"[160.0, 4]","[159.0, 44]","[172.5, 8]","[174.0, 8]",166.25,64,12.5,0.5
07:32:34,"[159.07, 56]","[158.9, 49]","[170.67, 18]","[171.67, 18]",164.87,141,11.6,0.49
07:32:35,"[159.0, 24]","[158.0, 3]","[169.67, 6]","[170.67, 6]",164.33,39,10.67,0.38
07:32:36,"[159.0, 38]","[158.0, 10]","[166.4, 20]","[167.8, 20]",162.7,88,7.4,0.09
07:32:37,"[158.7, 10]","[157.1, 10]","[160.77, 26]","[161.83, 24]",159.73,70,2.07,-0.43
07:32:38,"[155.0, 8]","[153.0, 24]","[158.69, 13]","[159.77, 26]",156.85,71,3.69,-0.1
07:32:39,"[153.71, 14]","[152.38, 39]","[156.22, 9]","[158.64, 14]",154.97,76,2.51,0.39
07:32:40,"[153.0, 13]","[152.0, 72]","[156.95, 19]","[259.43, 14]",154.97,118,3.95,0.44
07:32:41,"[155.57, 28]","[152.16, 38]","[159.1, 40]","[373.6, 20]",157.34,126,3.53,0.05
07:32:42,"[155.75, 48]","[152.38, 32]","[162.69, 52]","[299.36, 22]",159.22,154,6.94,0.04
07:32:43,"[153.0, 9]","[152.0, 45]","[225.0, 9]","[378.0, 18]",189.0,81,72.0,0.33
07:32:44,"[152.19, 31]","[151.33, 90]","[334.87, 15]","[383.78, 18]",243.53,154,182.67,0.57
07:32:45,"[152.0, 59]","[150.71, 63]","[339.17, 24]","[374.29, 14]",245.58,160,187.17,0.53
07:32:46,"[152.07, 27]","[151.28, 29]","[291.86, 29]","[323.0, 18]",221.97,103,139.79,0.09
07:32:47,"[152.0, 22]","[151.0, 30]","[164.0, 10]","[270.0, 26]",158.0,88,12.0,0.18
07:32:48,"[152.0, 24]","[151.0, 36]","[162.87, 23]","[194.15, 13]",157.43,96,10.87,0.25
07:32:49,"[152.0, 26]","[151.0, 30]","[161.67, 15]","[162.67, 15]",156.83,86,9.67,0.3
07:32:50,"[153.85, 39]","[151.1, 30]","[159.5, 20]","[161.5, 16]",156.67,105,5.65,0.31
07:32:51,"[158.0, 16]","[152.56, 9]","[159.0, 18]","[285.89, 9]",158.5,52,1.0,-0.04
07:32:52,"[158.0, 9]","[155.82, 17]","[159.0, 18]","[339.63, 19]",158.5,63,1.0,-0.17
07:32:53,"[155.17, 12]","[150.82, 11]","[589.0, 24]","[634.0, 12]",372.08,59,433.83,-0.22
07:32:54,"[153.52, 23]","[150.26, 46]","[222.15, 40]","[275.41, 59]",187.84,168,68.63,-0.18
07:32:55,"[153.67, 6]","[149.8, 20]","[213.0, 6]","[215.0, 30]",183.33,62,59.33,-0.16
07:32:56,"[153.4, 25]","[149.1, 63]","[202.23, 13]","[214.78, 45]",177.82,146,48.83,0.21
07:32:57,"[155.0, 73]","[151.0, 11]","[210.85, 47]","[211.63, 19]",182.93,150,55.85,0.12
07:32:58,"[155.0, 98]","[151.0, 13]","[195.25, 57]","[201.67, 45]",175.12,213,40.25,0.04
07:32:59,"[155.0, 82]","[153.0, 32]","[188.33, 46]","[190.85, 48]",171.66,208,33.33,0.1
07:33:00,"[153.94, 34]","[151.62, 13]","[184.0, 33]","[185.0, 11]",168.97,91,30.06,0.03
07:33:01,"[155.0, 96]","[153.0, 24]","[180.77, 56]","[182.39, 36]",167.88,212,25.77,0.13
07:33:02,"[155.0, 96]","[153.0, 24]","[178.23, 22]","[180.0, 46]",166.61,188,23.23,0.28
07:33:03,"[155.0, 73]","[153.0, 20]","[174.04, 28]","[175.25, 12]",164.52,133,19.04,0.4
07:33:04,"[155.0, 43]","[153.0, 18]","[174.0, 27]","[175.0, 9]",164.5,97,19.0,0.26
07:33:05,"[155.0, 87]","[153.0, 16]","[172.69, 26]","[173.29, 14]",163.85,143,17.69,0.44
07:33:06,"[155.0, 118]","[153.0, 22]","[166.68, 41]","[168.66, 41]",160.84,222,11.68,0.26
07:33:07,"[155.0, 168]","[153.0, 28]","[163.07, 42]","[165.25, 40]",159.04,278,8.07,0.41
07:33:08,"[155.05, 195]","[153.55, 44]","[160.2, 59]","[160.95, 21]",157.62,319,5.16,0.5
07:33:09,"[155.0, 180]","[153.0, 30]","[158.13, 39]","[168.57, 21]",156.56,270,3.13,0.56
07:33:10,"[155.13, 78]","[153.95, 42]","[157.57, 69]","[164.04, 24]",156.35,213,2.44,0.13
07:33:11,"[154.14, 21]","[152.07, 90]","[156.14, 14]","[294.04, 26]",155.14,151,2.0,0.47
07:33:12,"[153.47, 43]","[152.35, 104]","[155.09, 11]","[219.0, 15]",154.28,173,1.63,0.7
07:33:13,"[153.76, 68]","[152.82, 88]","[321.78, 18]","[285.45, 51]",237.77,225,168.01,0.39
07:33:14,"[152.74, 31]","[151.67, 36]","[529.0, 40]","[587.32, 38]",340.87,145,376.26,-0.08
07:33:15,"[153.43, 21]","[152.0, 14]","[529.0, 28]","[557.0, 35]",341.21,98,375.57,-0.29
07:33:16,"[152.0, 18]","[149.19, 16]","[667.33, 24]","[796.0, 30]",409.67,88,515.33,-0.23
07:33:17,"[148.12, 75]","[147.07, 28]","[448.17, 30]","[619.21, 38]",298.14,171,300.05,0.2
07:33:18,"[153.0, 31]","[148.0, 96]","[391.03, 32]","[471.05, 37]",272.02,196,238.03,0.3
07:33:19,"[150.5, 28]","[147.9, 62]","[186.86, 37]","[214.07, 30]",168.68,157,36.36,0.15
07:33:20,"[148.0, 63]","[147.0, 27]","[174.27, 44]","[244.03, 29]",161.14,163,26.27,0.1
07:33:21,"[148.0, 27]","[147.0, 18]","[150.54, 26]","[152.0, 24]",149.27,95,2.54,-0.05
07:33:22,"[148.0, 28]","[147.0, 21]","[149.75, 16]","[150.86, 28]",148.88,93,1.75,0.05
07:33:23,"[148.0, 22]","[147.0, 18]","[149.0, 6]","[150.0, 24]",148.5,70,1.0,0.14
07:33:24,"[148.0, 20]","[147.0, 30]","[153.27, 26]","[228.33, 30]",150.63,106,5.27,-0.06
07:33:25,"[148.0, 18]","[147.0, 27]","[149.4, 40]","[151.09, 35]",148.7,120,1.4,-0.25
07:33:26,"[146.2, 15]","[120.76, 37]","[149.0, 40]","[152.0, 15]",147.6,107,2.8,-0.03
07:33:27,"[146.43, 28]","[122.97, 58]","[149.0, 96]","[151.2, 40]",147.71,222,2.57,-0.23
07:33:28,"[147.0, 14]","[145.0, 28]","[148.48, 33]","[149.22, 36]",147.74,111,1.48,-0.24
07:33:29,"[147.0, 22]","[98.13, 61]","[151.19, 52]","[342.49, 41]",149.1,176,4.19,-0.06
07:33:30,"[149.47, 45]","[141.92, 24]","[153.0, 35]","[388.0, 40]",151.23,144,3.53,-0.04
07:33:31,"[151.15, 40]","[150.38, 32]","[153.0, 14]","[388.0, 28]",152.07,114,1.85,0.26
07:33:32,"[152.88, 91]","[151.0, 19]","[225.75, 32]","[459.0, 50]",189.31,192,72.87,0.15
07:33:33,"[156.53, 43]","[156.09, 35]","[373.18, 34]","[614.46, 26]",264.86,138,216.64,0.13
07:33:34,"[159.57, 21]","[157.5, 24]","[213.0, 10]","[474.8, 20]",186.29,75,53.43,0.2
07:33:35,"[160.0, 84]","[159.0, 42]","[325.33, 42]","[541.57, 42]",242.67,210,165.33,0.2
07:33:36,"[160.0, 36]","[159.0, 18]","[368.17, 24]","[406.33, 12]",264.08,90,208.17,0.2
07:33:37,"[160.0, 12]","[159.0, 6]","[367.0, 8]","[405.0, 4]",263.5,30,207.0,0.2
07:33:38,"[160.0, 48]","[159.0, 24]","[361.34, 32]","[385.53, 15]",260.67,119,201.34,0.21
07:33:39,"[160.0, 39]","[159.0, 21]","[338.14, 28]","[340.0, 35]",249.07,123,178.14,-0.02
07:33:40,"[160.0, 30]","[159.0, 18]","[321.92, 26]","[330.61, 28]",240.96,102,161.92,-0.06
07:33:41,"[160.0, 40]","[159.0, 24]","[289.03, 34]","[310.68, 38]",224.51,136,129.03,-0.06
07:33:42,"[160.0, 50]","[159.0, 30]","[254.44, 43]","[271.64, 45]",207.22,168,94.44,-0.05
07:33:43,"[160.0, 50]","[159.0, 30]","[190.84, 32]","[253.77, 39]",175.42,151,30.84,0.06
07:33:44,"[160.0, 37]","[159.0, 24]","[188.38, 40]","[190.17, 36]",174.19,137,28.38,-0.11
07:33:45,"[152.68, 57]","[151.93, 59]","[185.35, 40]","[186.6, 42]",169.02,198,32.67,0.17
07:33:46,"[152.0, 121]","[151.0, 11]","[179.62, 32]","[184.37, 51]",165.81,215,27.62,0.23
07:33:47,"[152.0, 55]","[151.0, 5]","[175.08, 12]","[183.48, 21]",163.54,93,23.08,0.29
07:33:48,"[152.0, 106]","[151.0, 11]","[180.1, 51]","[181.42, 48]",166.05,216,28.1,0.08
07:33:49,"[152.03, 66]","[151.67, 24]","[176.4, 50]","[180.0, 40]",164.22,180,24.37,0.0
07:33:50,"[153.75, 16]","[152.02, 82]","[174.33, 48]","[176.0, 60]",164.04,206,20.58,-0.05
07:33:51,"[155.0, 42]","[153.0, 14]","[172.83, 58]","[175.69, 78]",163.91,192,17.83,-0.42
07:33:52,"[156.28, 47]","[154.09, 22]","[169.36, 64]","[171.09, 53]",162.82,186,13.08,-0.26
07:33:53,"[158.15, 41]","[156.76, 51]","[167.53, 64]","[168.77, 53]",162.84,209,9.38,-0.12
07:33:54,"[159.0, 5]","[158.0, 25]","[165.83, 24]","[167.52, 21]",162.42,75,6.83,-0.2
07:33:55,"[159.0, 11]","[158.0, 55]","[164.82, 44]","[166.0, 55]",161.91,165,5.82,-0.2
07:33:56,"[157.36, 28]","[154.94, 35]","[160.83, 48]","[164.34, 59]",159.1,170,3.48,-0.26
07:33:57,"[153.82, 33]","[152.0, 72]","[157.56, 52]","[157.96, 56]",155.69,213,3.74,-0.01
07:33:58,"[152.0, 89]","[151.0, 156]","[153.13, 31]","[154.02, 49]",152.56,325,1.13,0.51
07:33:59,"[151.1, 60]","[149.26, 114]","[153.84, 32]","[279.76, 17]",152.47,223,2.74,0.56
07:34:00,"[151.42, 62]","[149.65, 98]","[154.0, 30]","[155.0, 10]",152.71,200,2.58,0.6
07:34:01,"[151.18, 84]","[148.64, 126]","[153.27, 26]","[176.13, 30]",152.22,266,2.09,0.58
07:34:02,"[152.17, 75]","[149.94, 62]","[233.39, 33]","[369.79, 28]",192.78,198,81.22,0.38
07:34:03,"[153.0, 48]","[151.0, 30]","[304.0, 24]","[437.0, 6]",228.5,108,151.0,0.44
07:34:04,"[153.48, 31]","[152.6, 50]","[326.27, 22]","[497.35, 34]",239.88,137,172.79,0.18
07:34:05,"[155.33, 78]","[153.63, 43]","[204.29, 17]","[360.63, 38]",179.81,176,48.96,0.38
07:34:06,"[157.0, 48]","[154.0, 18]","[202.0, 18]","[205.0, 6]",179.5,90,45.0,0.47
07:34:07,"[158.5, 64]","[154.0, 24]","[201.0, 24]","[404.69, 32]",179.75,144,42.5,0.22
07:34:08,"[159.0, 88]","[157.73, 75]","[201.0, 33]","[435.04, 46]",180.0,242,42.0,0.35
07:34:09,"[159.88, 64]","[158.0, 56]","[201.0, 24]","[437.0, 32]",180.44,176,41.12,0.36
07:34:10,"[160.0, 55]","[158.0, 56]","[200.38, 24]","[275.0, 32]",180.19,167,40.38,0.33
07:34:11,"[160.0, 35]","[158.0, 49]","[199.0, 21]","[543.43, 28]",179.5,133,39.0,0.26
07:34:12,"[160.0, 50]","[158.0, 70]","[198.78, 27]","[387.86, 37]",179.39,184,38.78,0.3
07:34:13,"[160.0, 55]","[158.0, 77]","[197.42, 24]","[198.48, 31]",178.71,187,37.42,0.41
07:34:14,"[158.16, 61]","[157.05, 143]","[195.7, 20]","[196.84, 25]",176.93,249,37.54,0.64
07:34:15,"[158.0, 70]","[157.0, 170]","[194.86, 28]","[195.73, 22]",176.43,290,36.86,0.66
07:34:16,"[158.0, 75]","[157.0, 238]","[192.0, 36]","[193.26, 34]",175.0,383,34.0,0.63
07:34:17,"[158.0, 38]","[157.0, 238]","[189.21, 28]","[190.88, 34]",173.61,338,31.21,0.63
07:34:18,"[157.08, 91]","[156.61, 137]","[186.38, 26]","[188.08, 26]",171.73,280,29.31,0.63
07:34:19,"[157.0, 182]","[154.0, 39]","[184.85, 26]","[188.0, 26]",170.92,273,27.85,0.62
07:34:20,"[157.0, 210]","[154.0, 45]","[180.87, 30]","[182.95, 40]",168.93,325,23.87,0.57
07:34:21,"[157.02, 150]","[155.41, 74]","[177.96, 47]","[179.71, 51]",167.49,322,20.94,0.39
07:34:22,"[157.68, 44]","[156.33, 30]","[173.65, 51]","[175.64, 53]",165.66,178,15.97,-0.17
07:34:23,"[157.63, 19]","[155.46, 26]","[169.57, 51]","[170.96, 48]",163.6,144,11.94,-0.38
07:34:24,"[157.14, 14]","[155.15, 26]","[166.08, 36]","[167.05, 42]",161.61,118,8.94,-0.32
07:34:25,"[158.0, 15]","[157.0, 15]","[163.17, 60]","[164.43, 35]",160.58,125,5.17,-0.52
07:34:26,"[158.0, 17]","[156.0, 17]","[161.63, 67]","[162.81, 52]",159.81,153,3.63,-0.56
07:34:27,"[157.27, 15]","[155.1, 50]","[159.82, 67]","[160.73, 75]",158.54,207,2.55,-0.37
07:34:28,"[155.0, 8]","[154.0, 24]","[159.0, 24]","[160.0, 40]",157.0,96,4.0,-0.33
07:34:29,"[153.81, 36]","[152.99, 71]","[156.53, 57]","[213.57, 63]",155.17,227,2.72,-0.06
07:34:30,"[152.09, 227]","[151.78, 54]","[153.62, 29]","[154.35, 51]",152.85,361,1.53,0.56
07:34:31,"[152.0, 87]","[151.0, 6]","[171.29, 14]","[300.5, 12]",161.64,119,19.29,0.56
07:34:32,"[153.32, 177]","[151.94, 77]","[246.75, 24]","[442.08, 24]",200.04,302,93.43,0.68
07:34:33,"[154.14, 84]","[153.14, 126]","[280.64, 22]","[457.29, 28]",217.39,260,126.49,0.62
07:34:34,"[154.0, 87]","[152.0, 70]","[295.4, 20]","[484.0, 20]",224.7,197,141.4,0.59
07:34:35,"[154.0, 105]","[152.0, 98]","[290.92, 25]","[546.05, 19]",222.46,247,136.92,0.64
07:34:36,"[154.0, 75]","[152.0, 70]","[193.0, 5]","[295.0, 20]",173.5,170,39.0,0.71
07:34:37,"[154.0, 120]","[152.0, 112]","[190.0, 8]","[240.56, 27]",172.0,267,36.0,0.74
07:34:38,"[154.0, 150]","[152.0, 140]","[180.5, 16]","[242.19, 37]",167.25,343,26.5,0.69
07:34:39,"[154.0, 120]","[152.0, 112]","[179.38, 32]","[311.24, 21]",166.69,285,25.38,0.63
07:34:40,"[154.0, 195]","[152.0, 182]","[178.85, 52]","[295.35, 31]",166.42,460,24.85,0.64
07:34:41,"[154.4, 168]","[152.73, 154]","[178.0, 44]","[201.88, 32]",166.2,398,23.6,0.62
07:34:42,"[155.0, 164]","[152.17, 168]","[177.0, 48]","[200.0, 48]",166.0,428,22.0,0.55
07:34:43,"[155.0, 60]","[152.09, 44]","[161.33, 15]","[178.73, 11]",158.17,130,6.33,0.6
07:34:44,"[155.09, 108]","[154.17, 47]","[156.65, 34]","[195.0, 27]",155.87,216,1.55,0.44
07:34:45,"[155.0, 26]","[153.0, 26]","[156.4, 25]","[219.78, 49]",155.7,126,1.4,-0.17
07:34:46,"[155.0, 12]","[153.0, 12]","[156.0, 6]","[245.0, 24]",155.5,54,1.0,-0.11
07:34:47,"[152.34, 71]","[151.34, 47]","[156.0, 7]","[301.14, 28]",154.17,153,3.66,0.54
07:34:48,"[152.0, 211]","[151.0, 143]","[156.0, 11]","[356.54, 26]",154.0,391,4.0,0.81
07:34:49,"[152.0, 153]","[150.96, 106]","[153.93, 14]","[258.35, 26]",152.96,299,1.93,0.73
07:34:50,"[152.0, 144]","[150.72, 58]","[153.0, 18]","[154.0, 27]",152.5,247,1.0,0.64
07:34:51,"[152.0, 171]","[151.0, 120]","[153.0, 24]","[211.08, 37]",152.5,352,1.0,0.65
07:34:52,"[152.07, 56]","[151.57, 92]","[452.38, 24]","[603.23, 22]",302.22,194,300.3,0.53
07:34:53,"[153.42, 12]","[152.0, 156]","[155.0, 48]","[213.91, 33]",154.21,249,1.58,0.35
07:34:54,"[152.47, 17]","[151.84, 62]","[155.0, 19]","[196.0, 20]",153.74,118,2.53,0.34
07:34:55,"[152.0, 39]","[151.0, 30]","[155.0, 9]","[196.0, 12]",153.5,90,3.0,0.53
07:34:56,"[153.51, 43]","[152.0, 104]","[155.0, 24]","[196.0, 32]",154.26,203,1.49,0.45
07:34:57,"[153.03, 160]","[152.07, 178]","[154.36, 39]","[196.76, 33]",153.69,410,1.33,0.65
07:34:58,"[153.0, 81]","[152.0, 86]","[154.32, 28]","[203.88, 8]",153.66,203,1.32,0.65
07:34:59,"[153.0, 64]","[152.0, 110]","[157.0, 10]","[266.93, 28]",155.0,212,4.0,0.64
07:35:00,"[153.0, 24]","[152.0, 99]","[157.0, 9]","[375.0, 23]",155.0,155,4.0,0.59
07:35:01,"[153.0, 6]","[152.0, 66]","[157.0, 6]","[343.0, 30]",155.0,108,4.0,0.33
07:35:02,"[152.15, 33]","[151.58, 95]","[157.0, 9]","[194.18, 33]",154.58,170,4.85,0.51
07:35:03,"[152.0, 21]","[151.0, 30]","[157.0, 3]","[201.0, 3]",154.5,57,5.0,0.79
07:35:04,"[153.25, 72]","[151.37, 95]","[156.24, 25]","[200.33, 15]",154.75,207,2.99,0.61
07:35:05,"[155.0, 14]","[152.0, 49]","[158.0, 7]","[219.36, 11]",156.5,81,3.0,0.56
07:35:06,"[155.0, 10]","[152.0, 35]","[158.0, 5]","[323.0, 25]",156.5,75,3.0,0.2
07:35:07,"[155.0, 10]","[152.22, 27]","[158.0, 5]","[338.0, 25]",156.5,67,3.0,0.1
07:35:08,"[155.0, 20]","[152.02, 129]","[158.0, 10]","[338.2, 50]",156.5,209,3.0,0.43
07:35:09,"[156.03, 29]","[152.17, 104]","[158.0, 10]","[360.05, 38]",157.02,181,1.97,0.47
07:35:10,"[155.14, 14]","[152.11, 53]","[158.0, 9]","[328.0, 45]",156.57,121,2.86,0.11
07:35:11,"[156.1, 21]","[155.17, 12]","[306.95, 39]","[432.37, 19]",231.52,91,150.85,-0.27
07:35:12,"[156.0, 7]","[155.0, 7]","[332.93, 15]","[655.0, 4]",244.47,33,176.93,-0.15
07:35:13,"[156.0, 5]","[155.0, 41]","[158.0, 5]","[392.0, 2]",157.0,53,2.0,0.74
07:35:14,"[156.38, 8]","[155.0, 80]","[210.0, 9]","[369.5, 16]",183.19,113,53.62,0.56
07:35:15,"[157.86, 14]","[155.46, 26]","[364.38, 16]","[463.88, 16]",261.12,72,206.52,0.11
07:35:16,"[158.9, 20]","[156.09, 46]","[318.0, 24]","[597.0, 24]",238.45,114,159.1,0.16
07:35:17,"[160.0, 8]","[159.0, 16]","[263.38, 16]","[284.25, 16]",211.69,56,103.38,-0.14
07:35:18,"[160.0, 9]","[159.0, 18]","[257.72, 36]","[264.92, 24]",208.86,87,97.72,-0.38
07:35:19,"[160.0, 10]","[159.0, 20]","[188.38, 32]","[218.0, 20]",174.19,82,28.38,-0.27
07:35:20,"[160.0, 11]","[159.0, 22]","[174.7, 20]","[179.16, 32]",167.35,85,14.7,-0.22
07:35:21,"[155.13, 67]","[153.55, 88]","[170.45, 55]","[173.0, 11]",162.79,221,15.32,0.4
07:35:22,"[158.0, 9]","[155.0, 72]","[166.97, 33]","[168.76, 21]",162.48,135,8.97,0.2
07:35:23,"[155.75, 40]","[154.33, 120]","[160.87, 31]","[163.22, 69]",158.31,260,5.12,0.23
07:35:24,"[155.0, 84]","[153.0, 112]","[157.5, 14]","[160.0, 56]",156.25,266,2.5,0.47
07:35:25,"[154.7, 46]","[152.88, 82]","[156.23, 26]","[159.57, 28]",155.46,182,1.54,0.41
07:35:26,"[153.0, 91]","[152.0, 130]","[155.54, 13]","[160.0, 52]",154.27,286,2.54,0.55
07:35:27,"[153.98, 55]","[152.52, 83]","[159.92, 52]","[231.14, 44]",156.95,234,5.94,0.18
07:35:28,"[155.0, 33]","[152.06, 85]","[158.89, 45]","[465.89, 38]",156.94,201,3.89,0.17
07:35:29,"[155.0, 39]","[153.0, 9]","[157.78, 36]","[288.0, 18]",156.39,102,2.78,-0.06
07:35:30,"[154.96, 52]","[152.75, 16]","[157.0, 52]","[275.29, 34]",155.98,154,2.04,-0.12
07:35:31,"[152.33, 18]","[151.4, 40]","[156.15, 33]","[183.0, 48]",154.24,139,3.82,-0.17
07:35:32,"[152.0, 32]","[151.0, 48]","[154.31, 45]","[155.49, 55]",153.16,180,2.31,-0.11
07:35:33,"[149.95, 38]","[111.57, 21]","[151.89, 54]","[153.33, 49]",150.92,162,1.94,-0.27
07:35:34,"[149.0, 13]","[120.42, 38]","[153.08, 24]","[160.04, 50]",151.04,125,4.08,-0.18
07:35:35,"[147.33, 12]","[92.0, 24]","[154.0, 16]","[161.0, 32]",150.67,84,6.67,-0.14
07:35:36,"[147.0, 10]","[92.2, 30]","[154.0, 20]","[206.29, 31]",150.5,91,7.0,-0.12
07:35:37,"[147.0, 10]","[125.0, 30]","[154.0, 20]","[239.0, 22]",150.5,82,7.0,-0.02
07:35:38,"[151.23, 13]","[148.14, 7]","[154.0, 12]","[203.05, 22]",152.62,54,2.77,-0.26
07:35:39,"[152.14, 21]","[150.0, 14]","[154.0, 14]","[159.0, 28]",153.07,77,1.86,-0.09
07:35:40,"[152.32, 37]","[148.86, 28]","[156.5, 40]","[173.04, 54]",154.41,159,4.18,-0.18
07:35:41,"[149.83, 41]","[143.81, 52]","[172.63, 57]","[304.0, 48]",161.23,198,22.8,-0.06
07:35:42,"[151.19, 42]","[149.25, 16]","[159.0, 32]","[288.11, 54]",155.1,144,7.81,-0.19
07:35:43,"[155.29, 34]","[153.48, 31]","[159.0, 32]","[322.36, 56]",157.15,153,3.71,-0.15
07:35:44,"[156.64, 22]","[155.64, 22]","[159.0, 22]","[201.11, 38]",157.82,104,2.36,-0.15
07:35:45,"[158.0, 18]","[156.89, 18]","[159.0, 18]","[345.44, 18]",158.5,72,1.0,0.0
07:35:46,"[158.0, 19]","[156.0, 22]","[159.0, 22]","[355.23, 26]",158.5,89,1.0,-0.08
07:35:47,"[156.44, 18]","[152.82, 22]","[159.0, 22]","[208.0, 44]",157.72,106,2.56,-0.25
07:35:48,"[156.58, 62]","[152.73, 30]","[159.0, 30]","[208.0, 60]",157.79,182,2.42,0.01
07:35:49,"[157.0, 120]","[154.0, 16]","[159.0, 16]","[310.8, 20]",158.0,172,2.0,0.58
07:35:50,"[157.29, 98]","[154.0, 14]","[159.0, 14]","[379.71, 14]",158.14,140,1.71,0.6
07:35:51,"[158.0, 128]","[154.0, 22]","[159.0, 22]","[422.22, 18]",158.5,190,1.0,0.58
07:35:52,"[158.0, 71]","[154.0, 22]","[159.0, 22]","[447.67, 18]",158.5,133,1.0,0.4
07:35:53,"[154.0, 9]","[153.0, 18]","[159.0, 18]","[270.2, 10]",156.5,55,5.0,-0.02
07:35:54,"[153.83, 12]","[152.82, 22]","[159.0, 22]","[273.83, 12]",156.42,68,5.17,0.0
07:35:55,"[153.0, 16]","[151.0, 16]","[158.18, 22]","[183.0, 14]",155.59,68,5.18,-0.06
07:35:56,"[154.73, 30]","[152.77, 31]","[156.53, 51]","[157.63, 49]",155.63,161,1.8,-0.24
07:35:57,"[152.89, 27]","[151.95, 38]","[155.38, 39]","[157.11, 44]",154.14,148,2.5,-0.12
07:35:58,"[151.1, 29]","[143.26, 19]","[152.33, 21]","[155.86, 22]",151.72,91,1.23,0.05
07:35:59,"[149.67, 36]","[148.85, 52]","[152.14, 14]","[155.0, 10]",150.9,112,2.48,0.57
07:36:00,"[149.0, 56]","[146.0, 5]","[153.0, 5]","[158.0, 10]",151.0,76,4.0,0.61
07:36:01,"[149.23, 47]","[148.84, 74]","[153.82, 11]","[158.57, 14]",151.53,146,4.58,0.66
07:36:02,"[151.0, 11]","[148.29, 48]","[156.0, 11]","[162.0, 22]",153.5,92,5.0,0.28
07:36:03,"[152.81, 16]","[150.46, 26]","[156.0, 16]","[162.0, 32]",154.41,90,3.19,-0.07
07:36:04,"[152.0, 28]","[149.17, 24]","[156.0, 8]","[162.0, 16]",154.0,76,4.0,0.37
07:36:05,"[152.84, 62]","[151.59, 73]","[156.0, 15]","[162.0, 30]",154.42,180,3.16,0.5
07:36:06,"[154.0, 28]","[152.0, 70]","[156.0, 7]","[162.0, 14]",155.0,119,2.0,0.65
07:36:07,"[154.04, 25]","[152.3, 37]","[156.0, 7]","[162.0, 14]",155.02,83,1.96,0.49
07:36:08,"[155.0, 14]","[152.28, 58]","[161.0, 12]","[197.22, 9]",158.0,93,6.0,0.55
07:36:09,"[155.09, 11]","[152.06, 51]","[161.29, 21]","[169.0, 9]",158.19,92,6.19,0.35
07:36:10,"[154.5, 22]","[152.5, 50]","[160.5, 60]","[162.0, 24]",157.5,156,6.0,-0.08
07:36:11,"[152.8, 35]","[151.93, 108]","[159.55, 55]","[162.0, 22]",156.17,220,6.75,0.3
07:36:12,"[152.0, 28]","[151.0, 32]","[158.75, 20]","[162.0, 8]",155.38,88,6.75,0.36
07:36:13,"[152.0, 35]","[151.0, 40]","[155.91, 22]","[157.58, 19]",153.95,116,3.91,0.29
07:36:14,"[151.64, 67]","[150.92, 78]","[153.88, 51]","[155.0, 42]",152.76,238,2.24,0.22
07:36:15,"[151.0, 40]","[150.0, 10]","[154.0, 25]","[156.0, 25]",152.5,100,3.0,0.0
07:36:16,"[151.0, 40]","[150.0, 18]","[152.89, 45]","[156.89, 45]",151.94,148,1.89,-0.22
07:36:17,"[150.46, 26]","[149.26, 47]","[155.36, 70]","[170.87, 99]",152.91,242,4.9,-0.4
07:36:18,"[150.0, 24]","[149.0, 62]","[156.53, 75]","[158.36, 70]",153.27,231,6.53,-0.26
07:36:19,"[150.0, 18]","[149.0, 54]","[154.68, 37]","[157.0, 60]",152.34,169,4.68,-0.15
07:36:20,"[150.0, 22]","[149.0, 55]","[153.91, 33]","[155.0, 55]",151.95,165,3.91,-0.07
07:36:21,"[151.65, 63]","[149.81, 90]","[153.94, 51]","[155.69, 88]",152.8,292,2.29,0.05
07:36:22,"[153.0, 88]","[150.0, 19]","[156.36, 55]","[157.36, 55]",154.68,217,3.36,-0.01
07:36:23,"[153.0, 48]","[150.0, 6]","[156.0, 30]","[157.0, 30]",154.5,114,3.0,-0.05
07:36:24,"[153.0, 120]","[150.0, 15]","[156.0, 75]","[157.07, 75]",154.5,285,3.0,-0.05
07:36:25,"[153.0, 76]","[150.0, 9]","[155.0, 36]","[156.0, 45]",154.0,166,2.0,0.02
07:36:26,"[153.0, 113]","[150.0, 14]","[155.0, 96]","[156.57, 70]",154.0,293,2.0,-0.13
07:36:27,"[153.0, 80]","[149.6, 10]","[154.53, 34]","[155.24, 82]",153.76,206,1.53,-0.13
07:36:28,"[153.0, 61]","[151.0, 16]","[154.0, 16]","[155.0, 72]",153.5,165,1.0,-0.07
07:36:29,"[153.0, 33]","[151.0, 26]","[154.94, 63]","[155.75, 73]",153.97,195,1.94,-0.39
07:36:30,"[150.0, 10]","[149.0, 10]","[154.69, 65]","[155.5, 50]",152.35,135,4.69,-0.7
07:36:31,"[150.0, 12]","[149.0, 12]","[153.42, 48]","[155.0, 60]",151.71,132,3.42,-0.64
07:36:32,"[149.64, 11]","[147.93, 15]","[151.08, 39]","[151.92, 52]",150.36,117,1.44,-0.56
07:36:33,"[147.22, 18]","[138.71, 84]","[150.39, 31]","[151.83, 48]",148.8,181,3.16,0.13
07:36:34,"[147.0, 14]","[133.6, 57]","[149.57, 21]","[152.0, 35]",148.29,127,2.57,0.12
07:36:35,"[147.0, 22]","[120.91, 107]","[148.64, 33]","[152.0, 55]",147.82,217,1.64,0.19
07:36:36,"[141.0, 32]","[121.8, 80]","[147.5, 36]","[151.12, 48]",144.25,196,6.5,0.14
07:36:37,"[139.23, 35]","[122.25, 69]","[145.09, 33]","[146.27, 33]",142.16,170,5.86,0.22
07:36:38,"[140.6, 70]","[139.73, 77]","[143.43, 63]","[145.15, 68]",142.01,278,2.83,0.06
07:36:39,"[141.25, 48]","[122.29, 52]","[143.73, 33]","[146.78, 54]",142.49,187,2.48,0.07
07:36:40,"[142.0, 36]","[102.61, 59]","[143.0, 18]","[146.0, 53]",142.5,166,1.0,0.14
07:36:41,"[142.8, 40]","[111.47, 43]","[298.1, 39]","[430.58, 36]",220.45,158,155.3,0.05
07:36:42,"[133.28, 57]","[95.0, 79]","[221.96, 27]","[288.67, 48]",177.62,211,88.68,0.29
07:36:43,"[149.97, 40]","[125.42, 36]","[366.03, 59]","[587.61, 49]",258.0,184,216.06,-0.17
07:36:44,"[154.45, 22]","[149.67, 36]","[214.0, 28]","[345.4, 30]",184.23,116,59.55,0.0
07:36:45,"[155.0, 12]","[154.0, 36]","[190.17, 24]","[549.17, 29]",172.58,101,35.17,-0.05
07:36:46,"[155.0, 22]","[152.86, 42]","[311.74, 46]","[398.31, 52]",233.37,162,156.74,-0.21
07:36:47,"[152.19, 32]","[111.37, 60]","[243.2, 50]","[349.96, 49]",197.69,191,91.01,-0.04
07:36:48,"[152.0, 15]","[135.44, 50]","[218.0, 25]","[337.0, 20]",185.0,110,66.0,0.18
07:36:49,"[154.04, 53]","[129.59, 64]","[218.0, 65]","[319.87, 60]",186.02,242,63.96,-0.03
07:36:50,"[155.0, 84]","[152.0, 32]","[215.73, 56]","[232.78, 77]",185.37,249,60.73,-0.07
07:36:51,"[155.0, 21]","[152.0, 26]","[212.83, 54]","[214.3, 53]",183.92,154,57.83,-0.39
07:36:52,"[155.0, 9]","[152.0, 18]","[211.56, 45]","[213.0, 36]",183.28,108,56.56,-0.5
07:36:53,"[150.77, 13]","[148.33, 15]","[208.54, 65]","[212.43, 53]",179.65,146,57.77,-0.62
07:36:54,"[150.59, 32]","[147.56, 16]","[197.18, 67]","[199.03, 60]",173.89,175,46.59,-0.45
07:36:55,"[156.6, 45]","[153.74, 27]","[182.18, 67]","[185.55, 71]",169.39,210,25.58,-0.31
07:36:56,"[157.0, 33]","[156.0, 11]","[169.84, 37]","[170.71, 49]",163.42,130,12.84,-0.32
07:36:57,"[157.4, 30]","[156.2, 10]","[168.0, 30]","[169.0, 50]",162.7,120,10.6,-0.33
07:36:58,"[159.26, 73]","[158.41, 34]","[165.71, 62]","[166.93, 56]",162.48,225,6.45,-0.05
07:36:59,"[160.0, 64]","[159.0, 48]","[163.63, 57]","[165.05, 57]",161.82,226,3.63,-0.01
07:37:00,"[157.86, 29]","[153.46, 39]","[161.39, 67]","[162.34, 53]",159.63,188,3.53,-0.28
07:37:01,"[153.91, 23]","[151.61, 69]","[155.94, 31]","[158.68, 37]",154.92,160,2.02,0.15
07:37:02,"[153.0, 35]","[151.58, 36]","[154.73, 44]","[155.75, 24]",153.86,139,1.73,0.02
07:37:03,"[153.0, 39]","[151.39, 41]","[154.69, 26]","[159.0, 39]",153.85,145,1.69,0.1
07:37:04,"[152.0, 14]","[151.0, 35]","[153.71, 14]","[481.47, 19]",152.86,82,1.71,0.2
07:37:05,"[151.0, 23]","[125.0, 21]","[238.86, 7]","[671.0, 16]",194.93,67,87.86,0.31
07:37:06,"[151.03, 34]","[134.06, 48]","[241.82, 33]","[471.19, 27]",196.42,142,90.79,0.15
07:37:07,"[152.92, 12]","[151.0, 36]","[248.0, 48]","[319.5, 12]",200.46,108,95.08,-0.11
07:37:08,"[154.56, 9]","[151.0, 27]","[325.33, 36]","[607.89, 9]",239.94,81,170.78,-0.11
07:37:09,"[155.27, 15]","[151.43, 42]","[412.09, 43]","[479.27, 22]",283.68,122,256.83,-0.07
07:37:10,"[154.0, 8]","[133.67, 18]","[395.75, 16]","[548.0, 4]",274.88,46,241.75,0.13
07:37:11,"[151.0, 14]","[125.0, 36]","[548.0, 6]","[662.0, 24]",349.5,80,397.0,0.25
07:37:12,"[151.15, 27]","[131.5, 40]","[385.0, 28]","[534.86, 7]",268.07,102,233.85,0.31
07:37:13,"[153.0, 12]","[151.0, 60]","[371.58, 53]","[404.52, 31]",262.29,156,218.58,-0.08
07:37:14,"[151.04, 49]","[128.36, 53]","[173.25, 65]","[273.3, 53]",162.14,220,22.21,-0.07
07:37:15,"[152.42, 64]","[145.58, 36]","[171.91, 44]","[172.55, 44]",162.17,188,19.49,0.06
07:37:16,"[153.0, 77]","[151.0, 33]","[171.0, 11]","[172.0, 55]",162.0,176,18.0,0.25
07:37:17,"[153.85, 91]","[151.0, 39]","[171.0, 13]","[172.0, 65]",162.42,208,17.15,0.25
07:37:18,"[156.53, 105]","[154.26, 73]","[167.3, 61]","[169.18, 67]",161.91,306,10.76,0.16
07:37:19,"[159.0, 108]","[158.0, 126]","[162.11, 64]","[163.52, 66]",160.55,364,3.11,0.29
07:37:20,"[158.24, 55]","[153.28, 89]","[160.0, 35]","[161.09, 43]",159.12,222,1.76,0.3
07:37:21,"[158.0, 14]","[152.84, 99]","[159.0, 40]","[168.0, 10]",158.5,163,1.0,0.39
07:37:22,"[158.0, 7]","[155.0, 42]","[159.0, 35]","[180.0, 14]",158.5,98,1.0,0.0
07:37:23,"[155.23, 13]","[153.5, 24]","[158.29, 35]","[180.0, 14]",156.76,86,3.05,-0.14
07:37:24,"[153.05, 40]","[152.09, 99]","[156.0, 55]","[180.0, 22]",154.53,216,2.95,0.29
07:37:25,"[152.91, 127]","[151.96, 141]","[154.93, 70]","[180.0, 28]",153.92,366,2.02,0.46
07:37:26,"[153.06, 17]","[151.13, 30]","[293.41, 22]","[465.92, 13]",223.23,82,140.35,0.15
07:37:27,"[155.6, 10]","[152.0, 20]","[330.7, 10]","[558.5, 10]",243.15,50,175.1,0.2
07:37:28,"[157.5, 10]","[152.0, 22]","[164.2, 10]","[619.4, 10]",160.85,52,6.7,0.23
07:37:29,"[158.0, 8]","[152.0, 41]","[174.0, 8]","[596.5, 8]",166.0,65,16.0,0.51
07:37:30,"[158.67, 6]","[152.0, 42]","[347.0, 6]","[617.5, 6]",252.83,60,188.33,0.6
07:37:31,"[159.8, 10]","[152.0, 70]","[306.8, 50]","[337.7, 10]",233.3,140,147.0,0.14
07:37:32,"[160.0, 9]","[152.33, 55]","[305.56, 45]","[443.89, 9]",232.78,118,145.56,0.08
07:37:33,"[152.13, 61]","[151.92, 13]","[298.44, 39]","[340.33, 27]",225.28,140,146.3,0.06
07:37:34,"[124.5, 16]","[105.0, 13]","[275.58, 12]","[305.17, 36]",200.04,77,151.08,-0.25
07:37:35,"[156.31, 117]","[110.0, 12]","[302.9, 50]","[422.4, 10]",229.6,189,146.59,0.37
07:37:36,"[158.0, 126]","[146.77, 39]","[289.52, 33]","[322.14, 21]",223.76,219,131.52,0.51
07:37:37,"[158.32, 62]","[156.3, 74]","[171.89, 27]","[258.33, 15]",165.11,178,13.57,0.53
07:37:38,"[159.0, 53]","[158.0, 182]","[169.31, 65]","[247.0, 13]",164.15,313,10.31,0.5
07:37:39,"[159.0, 33]","[158.0, 210]","[168.0, 75]","[249.94, 36]",163.5,354,9.0,0.37
07:37:40,"[159.0, 11]","[158.0, 154]","[167.09, 55]","[255.34, 35]",163.05,255,8.09,0.29
07:37:41,"[159.0, 16]","[158.0, 224]","[165.32, 60]","[200.72, 60]",162.16,360,6.32,0.33
07:37:42,"[158.03, 97]","[156.83, 69]","[160.08, 50]","[161.43, 28]",159.06,244,2.05,0.36
07:37:43,"[155.82, 33]","[152.66, 41]","[159.96, 47]","[160.47, 19]",157.89,140,4.14,0.06
07:37:44,"[155.0, 45]","[152.0, 60]","[158.67, 15]","[160.0, 75]",156.83,195,3.67,0.08
07:37:45,"[154.61, 41]","[152.58, 38]","[156.46, 26]","[157.96, 48]",155.54,153,1.85,0.03
07:37:46,"[152.24, 21]","[148.32, 76]","[155.57, 23]","[190.22, 27]",153.9,147,3.33,0.32
07:37:47,"[152.71, 21]","[146.84, 76]","[156.11, 36]","[455.91, 11]",154.41,144,3.4,0.35
07:37:48,"[152.0, 40]","[145.58, 62]","[379.59, 22]","[422.0, 18]",265.8,142,227.59,0.44
07:37:49,"[152.0, 20]","[151.0, 5]","[333.8, 5]","[359.82, 11]",242.9,41,181.8,0.22
07:37:50,"[152.0, 145]","[151.0, 11]","[358.62, 13]","[359.77, 31]",255.31,200,206.62,0.56
07:37:51,"[152.0, 228]","[151.0, 13]","[322.33, 33]","[340.42, 31]",237.17,305,170.33,0.58
07:37:52,"[152.0, 165]","[151.0, 11]","[317.18, 11]","[319.0, 33]",234.59,220,165.18,0.6
07:37:53,"[152.0, 150]","[151.0, 10]","[258.78, 18]","[295.23, 22]",205.39,200,106.78,0.6
07:37:54,"[152.0, 150]","[151.0, 10]","[216.05, 40]","[216.58, 26]",184.03,226,64.05,0.42
07:37:55,"[152.5, 40]","[151.99, 136]","[212.78, 32]","[213.3, 50]",182.64,258,60.28,0.36
07:37:56,"[154.74, 34]","[152.08, 122]","[209.3, 64]","[211.26, 42]",182.02,262,54.56,0.19
07:37:57,"[155.12, 40]","[154.0, 8]","[207.88, 34]","[209.5, 30]",181.5,112,52.76,-0.14
07:37:58,"[152.29, 96]","[152.78, 64]","[205.62, 32]","[207.56, 36]",178.96,228,53.33,0.4
07:37:59,"[154.94, 160]","[152.61, 141]","[202.39, 38]","[203.46, 46]",178.67,385,47.45,0.56
07:38:00,"[155.06, 202]","[152.57, 190]","[201.0, 39]","[202.0, 65]",178.03,496,45.94,0.58
07:38:01,"[158.0, 16]","[155.0, 144]","[200.81, 26]","[201.92, 38]",179.4,224,42.81,0.43
07:38:02,"[156.54, 35]","[154.98, 165]","[198.7, 30]","[200.0, 50]",177.62,280,42.16,0.43
07:38:03,"[155.0, 255]","[154.0, 45]","[195.18, 51]","[197.2, 25]",175.09,376,40.18,0.6
07:38:04,"[154.95, 126]","[153.28, 47]","[184.33, 33]","[195.65, 23]",169.64,229,29.38,0.51
07:38:05,"[155.35, 34]","[154.03, 29]","[193.27, 26]","[195.36, 22]",174.31,111,37.92,0.14
07:38:06,"[156.1, 40]","[154.47, 45]","[191.82, 51]","[193.08, 39]",173.96,175,35.72,-0.03
07:38:07,"[155.0, 6]","[153.0, 12]","[188.48, 23]","[189.5, 18]",171.74,59,33.48,-0.39
07:38:08,"[155.0, 36]","[153.0, 24]","[186.67, 36]","[189.0, 36]",170.83,132,31.67,-0.09
07:38:09,"[155.0, 55]","[153.0, 22]","[168.06, 34]","[171.59, 34]",161.53,145,13.06,0.06
07:38:10,"[155.0, 32]","[153.0, 20]","[156.1, 30]","[157.7, 30]",155.55,112,1.1,-0.07
07:38:11,"[152.67, 18]","[151.89, 47]","[158.0, 21]","[446.0, 35]",155.33,121,5.33,0.07
07:38:12,"[151.68, 22]","[147.69, 74]","[158.0, 36]","[495.65, 57]",154.84,189,6.32,0.02
07:38:13,"[152.07, 45]","[147.36, 55]","[157.56, 16]","[294.67, 36]",154.81,152,5.5,0.32
07:38:14,"[153.0, 72]","[152.0, 80]","[155.62, 24]","[157.0, 8]",154.31,184,2.62,0.65
07:38:15,"[152.61, 103]","[151.95, 74]","[154.84, 25]","[208.73, 15]",153.73,217,2.23,0.63
07:38:16,"[152.38, 126]","[151.94, 101]","[155.27, 11]","[254.0, 22]",153.83,260,2.89,0.75
07:38:17,"[152.12, 102]","[151.94, 101]","[267.35, 48]","[634.38, 52]",209.74,303,115.24,0.34
07:38:18,"[152.0, 112]","[151.0, 8]","[411.48, 31]","[651.77, 31]",281.74,182,259.48,0.32
07:38:19,"[152.0, 96]","[151.0, 8]","[380.38, 40]","[578.5, 28]",266.19,172,228.38,0.21
07:38:20,"[158.0, 30]","[152.0, 120]","[220.0, 50]","[290.52, 29]",189.0,229,62.0,0.31
07:38:21,"[158.0, 28]","[152.23, 78]","[217.17, 60]","[226.1, 62]",187.58,228,59.17,-0.07
07:38:22,"[152.24, 100]","[152.33, 12]","[215.17, 60]","[244.0, 58]",183.7,230,62.93,-0.03
07:38:23,"[152.22, 108]","[151.87, 55]","[212.33, 24]","[222.41, 41]",182.28,228,60.11,0.43
07:38:24,"[153.0, 60]","[152.0, 120]","[203.93, 30]","[207.88, 33]",178.47,243,50.93,0.48
07:38:25,"[153.73, 41]","[152.0, 96]","[194.75, 16]","[197.33, 39]",174.24,192,41.02,0.43
07:38:26,"[154.53, 75]","[152.0, 180]","[193.5, 40]","[206.0, 50]",174.02,345,38.97,0.48
07:38:27,"[155.6, 50]","[152.0, 120]","[181.07, 30]","[182.94, 31]",168.33,231,25.47,0.47
07:38:28,"[157.62, 40]","[152.0, 96]","[177.33, 27]","[178.57, 21]",167.48,184,19.71,0.48
07:38:29,"[158.89, 45]","[152.0, 108]","[175.65, 23]","[176.62, 32]",167.27,208,16.76,0.47
07:38:30,"[159.0, 30]","[152.0, 72]","[174.5, 16]","[175.75, 16]",166.75,134,15.5,0.52
07:38:31,"[159.0, 70]","[152.0, 168]","[173.0, 56]","[175.0, 28]",166.0,322,14.0,0.48
07:38:32,"[159.0, 40]","[153.91, 33]","[172.4, 25]","[173.33, 21]",165.7,119,13.4,0.23
07:38:33,"[159.0, 60]","[155.0, 36]","[169.61, 33]","[171.1, 29]",164.3,158,10.61,0.22
07:38:34,"[159.0, 44]","[155.0, 36]","[164.23, 39]","[165.17, 36]",161.62,155,5.23,0.03
07:38:35,"[156.69, 26]","[153.71, 58]","[160.54, 37]","[161.52, 46]",158.62,167,3.85,0.01
07:38:36,"[154.5, 30]","[151.98, 46]","[156.6, 40]","[158.0, 20]",155.55,136,2.1,0.12
07:38:37,"[151.82, 22]","[80.09, 32]","[155.0, 43]","[155.97, 37]",153.41,134,3.18,-0.19
07:38:38,"[62.2, 35]","[48.85, 39]","[148.18, 34]","[150.07, 30]",105.19,138,85.98,0.07
07:38:39,"[106.5, 48]","[87.81, 67]","[202.13, 31]","[374.58, 69]",154.31,215,95.63,0.07
07:38:40,"[155.74, 38]","[141.86, 42]","[551.18, 49]","[726.9, 39]",353.46,168,395.45,-0.05
07:38:41,"[158.78, 9]","[157.0, 27]","[390.67, 45]","[471.57, 21]",274.72,102,231.89,-0.29
07:38:42,"[160.0, 7]","[157.31, 13]","[329.91, 33]","[367.43, 35]",244.95,88,169.91,-0.55
07:38:43,"[158.89, 9]","[157.21, 19]","[327.78, 27]","[332.22, 45]",243.33,100,168.89,-0.44
07:38:44,"[158.0, 8]","[157.0, 24]","[326.5, 24]","[350.0, 40]",242.25,96,168.5,-0.33
07:38:45,"[158.61, 18]","[157.22, 27]","[324.85, 39]","[325.85, 39]",241.73,123,166.24,-0.27
07:38:46,"[159.0, 13]","[158.0, 13]","[301.1, 31]","[323.57, 35]",230.05,92,142.1,-0.43
07:38:47,"[159.0, 18]","[158.0, 18]","[322.62, 52]","[324.06, 54]",240.81,142,163.62,-0.49
07:38:48,"[159.67, 12]","[158.0, 12]","[319.67, 36]","[322.25, 36]",239.67,96,160.0,-0.5
07:38:49,"[160.0, 14]","[158.33, 18]","[307.35, 46]","[319.71, 42]",233.67,120,147.35,-0.47
07:38:50,"[159.31, 13]","[158.8, 15]","[161.05, 19]","[230.67, 9]",160.18,56,1.74,0.0
07:38:51,"[157.42, 38]","[155.5, 24]","[159.46, 39]","[218.73, 22]",158.44,123,2.04,0.01
07:38:52,"[152.13, 47]","[151.05, 37]","[156.24, 29]","[193.69, 13]",154.18,126,4.11,0.33
07:38:53,"[152.0, 60]","[151.0, 48]","[153.89, 45]","[154.95, 39]",152.94,192,1.89,0.12
07:38:54,"[145.92, 36]","[131.14, 42]","[163.73, 56]","[233.84, 25]",154.82,159,17.82,-0.02
07:38:55,"[117.0, 18]","[112.33, 36]","[252.8, 30]","[284.62, 26]",184.9,110,135.8,-0.02
07:38:56,"[155.0, 20]","[116.43, 21]","[250.31, 39]","[254.0, 39]",202.65,119,95.31,-0.31
07:38:57,"[149.8, 10]","[94.19, 26]","[248.6, 30]","[361.64, 22]",199.2,88,98.8,-0.18
07:38:58,"[149.0, 10]","[134.0, 35]","[247.0, 20]","[248.0, 30]",198.0,95,98.0,-0.05
07:38:59,"[151.73, 22]","[138.74, 38]","[175.6, 35]","[210.1, 30]",163.66,125,23.87,-0.04
07:39:00,"[153.8, 15]","[145.08, 48]","[168.68, 37]","[197.74, 38]",161.24,138,14.88,-0.09
07:39:01,"[153.5, 22]","[151.85, 81]","[164.61, 33]","[166.57, 42]",159.05,178,11.11,0.16
07:39:02,"[149.2, 20]","[135.11, 18]","[163.0, 20]","[166.0, 30]",156.1,88,13.8,-0.14
07:39:03,"[145.8, 55]","[78.32, 74]","[161.86, 28]","[166.0, 42]",153.83,199,16.06,0.3
07:39:04,"[151.0, 54]","[134.06, 31]","[160.0, 18]","[161.0, 12]",155.5,115,9.0,0.48
07:39:05,"[151.0, 64]","[143.39, 41]","[158.84, 19]","[159.9, 21]",154.92,145,7.84,0.45
07:39:06,"[151.25, 53]","[138.92, 72]","[157.12, 25]","[158.06, 35]",154.18,185,5.87,0.35
07:39:07,"[152.0, 60]","[151.0, 48]","[154.77, 35]","[157.12, 25]",153.39,168,2.77,0.29
07:39:08,"[151.79, 38]","[150.77, 26]","[154.71, 21]","[197.85, 13]",153.25,98,2.92,0.31
07:39:09,"[151.0, 22]","[148.0, 9]","[349.89, 19]","[467.06, 16]",250.45,66,198.89,-0.06
07:39:10,"[151.0, 8]","[148.0, 4]","[305.5, 6]","[384.55, 11]",228.25,29,154.5,-0.17
07:39:11,"[151.0, 14]","[148.0, 7]","[225.22, 9]","[353.29, 17]",188.11,47,74.22,-0.11
07:39:12,"[148.0, 11]","[107.28, 69]","[204.25, 16]","[447.39, 18]",176.12,114,56.25,0.4
07:39:13,"[150.8, 15]","[97.27, 48]","[270.73, 11]","[562.09, 22]",210.76,96,119.93,0.31
07:39:14,"[155.0, 20]","[149.5, 8]","[177.03, 29]","[301.78, 9]",166.02,66,22.03,-0.15
07:39:15,"[156.85, 34]","[154.67, 12]","[170.91, 44]","[187.68, 31]",163.88,121,14.06,-0.24
07:39:16,"[158.0, 21]","[155.0, 7]","[172.71, 28]","[174.14, 28]",165.36,84,14.71,-0.33
07:39:17,"[158.6, 30]","[155.0, 30]","[172.0, 40]","[174.0, 40]",165.3,140,13.4,-0.14
07:39:18,"[159.0, 27]","[155.0, 29]","[169.56, 36]","[171.0, 36]",164.28,128,10.56,-0.12
07:39:19,"[156.5, 24]","[152.23, 39]","[165.68, 31]","[167.42, 45]",161.09,139,9.18,-0.09
07:39:20,"[155.0, 39]","[152.24, 58]","[161.35, 34]","[163.7, 40]",158.18,171,6.35,0.13
07:39:21,"[156.84, 31]","[153.49, 65]","[159.09, 22]","[161.16, 49]",157.96,167,2.25,0.15
07:39:22,"[155.75, 24]","[153.04, 100]","[157.5, 24]","[161.76, 51]",156.62,199,1.75,0.25
07:39:23,"[153.21, 47]","[152.39, 89]","[156.41, 22]","[226.91, 23]",154.81,181,3.2,0.5
07:39:24,"[153.0, 56]","[152.0, 72]","[154.86, 22]","[155.9, 10]",153.93,160,1.86,0.6
07:39:25,"[152.32, 66]","[151.73, 37]","[153.8, 20]","[289.25, 8]",153.06,131,1.48,0.57
07:39:26,"[152.0, 108]","[151.0, 24]","[169.0, 12]","[581.23, 44]",160.5,188,17.0,0.4
07:39:27,"[152.05, 76]","[151.36, 25]","[549.35, 17]","[695.81, 37]",350.7,155,397.3,0.3
07:39:28,"[152.09, 44]","[151.47, 19]","[427.0, 6]","[0, 0]",289.55,69,274.91,0.83
07:39:29,"[152.0, 24]","[151.0, 6]","[427.0, 3]","[0, 0]",289.5,33,275.0,0.82
07:39:30,"[152.0, 37]","[151.0, 10]","[418.6, 5]","[567.0, 4]",285.3,56,266.6,0.68
07:39:31,"[152.0, 35]","[151.0, 10]","[406.0, 5]","[575.2, 20]",279.0,70,254.0,0.29
07:39:32,"[152.0, 49]","[151.0, 14]","[408.77, 13]","[446.36, 22]",280.38,98,256.77,0.29
07:39:33,"[152.0, 62]","[151.0, 20]","[317.57, 28]","[399.12, 32]",234.79,142,165.57,0.15
07:39:34,"[152.17, 29]","[151.16, 19]","[260.11, 18]","[294.31, 35]",206.14,101,107.94,-0.05
07:39:35,"[153.93, 44]","[149.28, 32]","[260.0, 28]","[416.13, 53]",206.97,157,106.07,-0.03
07:39:36,"[157.0, 6]","[152.0, 18]","[241.78, 18]","[455.67, 18]",199.39,60,84.78,-0.2
07:39:37,"[152.67, 18]","[151.04, 25]","[239.67, 30]","[251.67, 30]",196.17,103,87.0,-0.17
07:39:38,"[148.95, 19]","[141.5, 12]","[247.0, 16]","[410.62, 32]",197.97,79,98.05,-0.22
07:39:39,"[148.17, 29]","[136.76, 25]","[196.67, 24]","[358.33, 24]",172.42,102,48.49,0.06
07:39:40,"[153.0, 24]","[144.14, 28]","[245.25, 16]","[351.5, 32]",199.12,100,92.25,0.04
07:39:41,"[152.52, 58]","[141.96, 77]","[243.44, 16]","[296.54, 26]",197.98,177,90.92,0.53
07:39:42,"[153.75, 32]","[152.0, 112]","[240.07, 15]","[241.12, 8]",196.91,167,86.32,0.72
07:39:43,"[154.73, 44]","[152.0, 154]","[239.95, 21]","[240.83, 12]",197.34,231,85.23,0.71
07:39:44,"[155.04, 28]","[152.0, 140]","[185.36, 22]","[197.79, 19]",170.2,209,30.33,0.61
07:39:45,"[157.12, 16]","[152.12, 172]","[162.89, 62]","[276.91, 46]",160.01,296,5.76,0.27
07:39:46,"[154.55, 31]","[152.0, 198]","[159.5, 70]","[251.48, 50]",157.02,349,4.95,0.31
07:39:47,"[152.0, 178]","[151.0, 150]","[156.93, 42]","[187.05, 21]",154.46,391,4.93,0.68
07:39:48,"[152.0, 121]","[151.0, 165]","[154.61, 31]","[155.89, 19]",153.31,336,2.61,0.7
07:39:49,"[152.0, 39]","[151.0, 105]","[155.14, 7]","[287.75, 16]",153.57,167,3.14,0.72
07:39:50,"[152.33, 24]","[151.08, 65]","[158.0, 5]","[399.18, 11]",155.17,105,5.67,0.7
07:39:51,"[155.5, 16]","[152.11, 37]","[158.0, 8]","[581.0, 8]",156.75,69,2.5,0.54
07:39:52,"[156.0, 18]","[152.0, 45]","[171.33, 9]","[689.5, 24]",163.67,96,15.33,0.31
07:39:53,"[153.82, 22]","[151.34, 73]","[587.25, 20]","[712.96, 24]",370.53,139,433.43,0.37
07:39:54,"[152.0, 32]","[151.0, 128]","[252.88, 16]","[435.44, 32]",202.44,208,100.88,0.54
07:39:55,"[152.0, 28]","[151.0, 112]","[159.0, 7]","[217.48, 31]",155.5,178,7.0,0.57
07:39:56,"[152.0, 36]","[151.0, 208]","[157.92, 24]","[240.06, 33]",154.96,301,5.92,0.62
07:39:57,"[152.0, 63]","[151.0, 192]","[155.0, 42]","[221.29, 42]",153.5,339,3.0,0.5
07:39:58,"[152.0, 68]","[151.0, 242]","[153.5, 70]","[155.0, 28]",152.75,408,1.5,0.52
07:39:59,"[151.25, 256]","[149.06, 62]","[260.5, 36]","[344.48, 42]",205.88,396,109.25,0.61
07:40:00,"[155.0, 88]","[151.1, 143]","[279.94, 17]","[312.12, 32]",217.47,280,124.94,0.65
07:40:01,"[155.38, 48]","[152.77, 47]","[253.35, 23]","[298.25, 36]",204.36,154,97.97,0.23
07:40:02,"[158.0, 6]","[155.0, 12]","[256.17, 12]","[316.0, 30]",207.08,60,98.17,-0.4
07:40:03,"[158.0, 6]","[155.0, 12]","[256.0, 12]","[317.14, 28]",207.0,58,98.0,-0.38
07:40:04,"[158.0, 13]","[154.69, 26]","[227.84, 38]","[308.0, 44]",192.92,121,69.84,-0.36
07:40:05,"[158.0, 15]","[154.6, 30]","[253.13, 30]","[320.0, 60]",205.57,135,95.13,-0.33
07:40:06,"[158.0, 10]","[155.56, 32]","[252.5, 20]","[327.0, 38]",205.25,100,94.5,-0.16
07:40:07,"[152.13, 286]","[152.45, 33]","[251.23, 26]","[570.04, 50]",201.68,395,99.1,0.62
07:40:08,"[152.0, 40]","[151.0, 3]","[251.0, 2]","[481.0, 4]",201.5,49,99.0,0.76
07:40:09,"[152.0, 456]","[151.0, 36]","[232.58, 24]","[330.67, 30]",192.29,546,80.58,0.8
07:40:10,"[156.0, 21]","[152.0, 252]","[225.86, 14]","[228.0, 14]",190.93,301,69.86,0.81
07:40:11,"[156.0, 27]","[152.0, 324]","[206.0, 36]","[225.0, 18]",181.0,405,50.0,0.73
07:40:12,"[156.0, 17]","[152.0, 252]","[224.57, 14]","[295.0, 28]",190.29,311,68.57,0.73
07:40:13,"[152.09, 350]","[151.83, 174]","[244.26, 46]","[472.63, 54]",198.18,624,92.17,0.68
07:40:14,"[152.68, 158]","[151.85, 99]","[169.0, 32]","[170.0, 32]",160.84,321,16.32,0.6
07:40:15,"[158.0, 44]","[152.08, 200]","[169.0, 32]","[276.36, 22]",163.5,298,11.0,0.64
07:40:16,"[158.0, 24]","[156.0, 24]","[169.0, 24]","[404.0, 12]",163.5,84,11.0,0.14
07:40:17,"[158.0, 28]","[156.0, 28]","[167.65, 23]","[168.77, 26]",162.83,105,9.65,0.07
07:40:18,"[152.33, 233]","[151.98, 130]","[165.5, 40]","[168.0, 30]",158.91,433,13.17,0.68
07:40:19,"[152.03, 221]","[151.91, 198]","[161.64, 33]","[163.2, 35]",156.83,487,9.61,0.72
07:40:20,"[152.12, 259]","[151.92, 273]","[158.29, 52]","[159.57, 42]",155.2,626,6.17,0.7
07:40:21,"[152.0, 498]","[151.0, 30]","[155.51, 55]","[157.05, 43]",153.75,626,3.51,0.69
07:40:22,"[152.0, 197]","[151.0, 14]","[153.0, 13]","[418.64, 33]",152.5,257,1.0,0.64
07:40:23,"[152.0, 260]","[151.0, 20]","[153.0, 10]","[412.94, 35]",152.5,325,1.0,0.72
07:40:24,"[152.0, 104]","[151.0, 8]","[335.81, 16]","[479.27, 11]",243.91,139,183.81,0.61
07:40:25,"[152.0, 135]","[151.0, 12]","[347.5, 14]","[448.38, 24]",249.75,185,195.5,0.59
07:40:26,"[152.0, 69]","[151.0, 6]","[345.0, 3]","[605.0, 15]",248.5,93,193.0,0.61
07:40:27,"[152.0, 122]","[151.0, 12]","[199.04, 26]","[373.5, 10]",175.52,170,47.04,0.58
07:40:28,"[151.96, 96]","[143.76, 29]","[196.38, 40]","[239.06, 32]",174.17,197,44.42,0.27
07:40:29,"[152.0, 49]","[151.0, 26]","[174.6, 25]","[184.62, 53]",163.3,153,22.6,-0.02
07:40:30,"[152.43, 37]","[151.18, 17]","[173.12, 8]","[175.0, 40]",162.78,102,20.69,0.06
07:40:31,"[154.0, 27]","[153.0, 144]","[170.81, 21]","[174.73, 33]",162.4,225,16.81,0.52
07:40:32,"[154.85, 74]","[153.13, 110]","[169.5, 20]","[170.08, 52]",162.18,256,14.65,0.44
07:40:33,"[155.0, 55]","[154.0, 10]","[169.0, 5]","[170.0, 25]",162.0,95,14.0,0.37
07:40:34,"[155.0, 55]","[154.0, 10]","[169.0, 5]","[170.0, 25]",162.0,95,14.0,0.37
07:40:35,"[155.94, 108]","[155.49, 75]","[166.45, 33]","[169.67, 45]",161.2,261,10.51,0.4
07:40:36,"[159.83, 24]","[158.0, 66]","[163.28, 18]","[165.67, 18]",161.56,126,3.44,0.43
07:40:37,"[158.53, 105]","[157.54, 91]","[161.07, 58]","[162.35, 26]",159.8,280,2.54,0.4
07:40:38,"[156.39, 41]","[153.43, 65]","[159.64, 14]","[160.9, 10]",158.02,130,3.25,0.63
07:40:39,"[156.57, 28]","[153.35, 68]","[158.8, 10]","[222.14, 14]",157.69,120,2.23,0.6
07:40:40,"[158.0, 8]","[153.56, 97]","[304.0, 24]","[378.88, 40]",231.0,169,146.0,0.24
07:40:41,"[159.0, 10]","[155.0, 90]","[182.23, 48]","[224.34, 44]",170.61,192,23.23,0.04
07:40:42,"[155.0, 40]","[153.0, 112]","[173.08, 37]","[245.64, 25]",164.04,214,18.08,0.42
07:40:43,"[155.0, 65]","[153.0, 184]","[168.92, 59]","[170.44, 32]",161.96,340,13.92,0.46
07:40:44,"[155.0, 60]","[153.0, 192]","[166.2, 45]","[167.08, 39]",160.6,336,11.2,0.5
07:40:45,"[155.0, 60]","[153.0, 186]","[162.58, 48]","[164.06, 36]",158.79,330,7.58,0.49
07:40:46,"[155.64, 56]","[154.03, 116]","[159.81, 80]","[162.0, 32]",157.73,284,4.17,0.21
07:40:47,"[156.39, 41]","[155.0, 70]","[159.0, 70]","[162.0, 28]",157.7,209,2.61,0.06
07:40:48,"[158.0, 76]","[155.0, 75]","[159.0, 75]","[162.0, 30]",158.5,256,1.0,0.18
07:40:49,"[158.0, 50]","[155.0, 60]","[159.0, 60]","[247.91, 44]",158.5,214,1.0,0.03
07:40:50,"[158.0, 16]","[155.0, 20]","[159.0, 20]","[346.0, 10]",158.5,66,1.0,0.09
07:40:51,"[156.33, 18]","[153.5, 40]","[187.44, 18]","[266.09, 11]",171.89,87,31.11,0.33
07:40:52,"[155.0, 45]","[153.0, 135]","[238.24, 21]","[400.33, 24]",196.62,225,83.24,0.6
07:40:53,"[155.0, 52]","[153.0, 165]","[284.23, 13]","[379.87, 15]",219.62,245,129.23,0.77
07:40:54,"[155.0, 23]","[153.0, 120]","[205.12, 8]","[286.75, 8]",180.06,159,50.12,0.8
07:40:55,"[155.0, 6]","[153.0, 90]","[285.0, 6]","[377.0, 6]",220.0,108,130.0,0.78
07:40:56,"[154.05, 21]","[152.98, 103]","[383.0, 10]","[539.31, 26]",268.52,160,228.95,0.55
07:40:57,"[153.8, 35]","[152.92, 106]","[347.07, 29]","[366.78, 27]",250.43,197,193.27,0.43
07:40:58,"[153.0, 150]","[152.0, 48]","[268.18, 28]","[291.17, 36]",210.59,262,115.18,0.51
07:40:59,"[153.37, 70]","[153.03, 63]","[163.08, 39]","[167.74, 35]",158.22,207,9.71,0.29
07:41:00,"[155.83, 36]","[154.4, 30]","[161.88, 24]","[163.75, 24]",158.85,114,6.04,0.16
07:41:01,"[156.75, 72]","[155.0, 51]","[159.24, 51]","[160.47, 51]",157.99,225,2.49,0.09
07:41:02,"[155.22, 27]","[152.66, 41]","[159.45, 33]","[480.86, 35]",157.34,136,4.23,0.0
07:41:03,"[155.0, 20]","[152.0, 32]","[159.12, 16]","[164.14, 21]",157.06,89,4.12,0.17
07:41:04,"[156.06, 17]","[154.14, 28]","[158.26, 23]","[275.0, 16]",157.16,84,2.2,0.07
07:41:05,"[154.5, 24]","[152.77, 35]","[156.55, 22]","[433.0, 44]",155.52,125,2.05,-0.06
07:41:06,"[153.0, 36]","[152.0, 72]","[155.08, 24]","[256.15, 39]",154.04,171,2.08,0.26
07:41:07,"[156.44, 48]","[154.53, 119]","[305.44, 27]","[609.59, 22]",230.94,216,149.01,0.55
07:41:08,"[155.2, 149]","[154.67, 48]","[396.0, 10]","[591.5, 40]",275.6,247,240.8,0.6
07:41:09,"[155.0, 136]","[153.0, 8]","[499.41, 17]","[620.62, 32]",327.21,193,344.41,0.49
07:41:10,"[155.0, 102]","[153.0, 6]","[308.73, 15]","[542.07, 15]",231.87,138,153.73,0.57
07:41:11,"[155.0, 85]","[153.0, 5]","[434.88, 17]","[472.5, 8]",294.94,115,279.88,0.57
07:41:12,"[156.9, 10]","[155.0, 170]","[366.15, 40]","[500.44, 43]",261.52,263,209.25,0.37
07:41:13,"[155.03, 137]","[154.36, 25]","[471.77, 39]","[546.71, 42]",313.4,243,316.74,0.33
07:41:14,"[155.0, 119]","[153.0, 7]","[373.52, 31]","[552.25, 32]",264.26,189,218.52,0.33
07:41:15,"[155.0, 150]","[152.81, 64]","[219.0, 36]","[606.67, 45]",187.0,295,64.0,0.45
07:41:16,"[155.0, 188]","[153.0, 120]","[218.58, 48]","[468.26, 43]",186.79,399,63.58,0.54
07:41:17,"[155.37, 120]","[154.52, 210]","[217.55, 33]","[293.29, 42]",186.46,405,62.18,0.63
07:41:18,"[155.25, 130]","[153.78, 164]","[199.1, 21]","[199.32, 40]",177.17,355,43.85,0.66
07:41:19,"[155.0, 98]","[153.0, 140]","[194.57, 14]","[197.0, 56]",174.79,308,39.57,0.55
07:41:20,"[155.0, 35]","[153.0, 50]","[192.4, 5]","[193.4, 5]",173.7,95,37.4,0.79
07:41:21,"[155.0, 91]","[153.0, 130]","[189.77, 13]","[191.23, 13]",172.38,247,34.77,0.79
07:41:22,"[155.0, 67]","[153.0, 100]","[186.0, 40]","[187.0, 10]",170.5,217,31.0,0.54
07:41:23,"[153.06, 144]","[152.11, 94]","[184.18, 39]","[185.55, 51]",168.62,328,31.12,0.45
07:41:24,"[152.47, 64]","[151.33, 45]","[181.5, 24]","[182.14, 21]",166.98,154,29.03,0.42
07:41:25,"[152.72, 87]","[151.73, 74]","[179.55, 22]","[180.07, 43]",166.13,226,26.82,0.42
07:41:26,"[153.0, 86]","[152.0, 38]","[177.69, 13]","[179.27, 22]",165.35,159,24.69,0.56
07:41:27,"[152.88, 58]","[151.77, 35]","[175.4, 15]","[178.44, 27]",164.14,135,22.52,0.38
07:41:28,"[154.03, 37]","[149.92, 13]","[174.89, 9]","[180.0, 36]",164.46,95,20.86,0.05
07:41:29,"[158.0, 80]","[151.0, 30]","[172.43, 14]","[174.11, 27]",165.21,151,14.43,0.46
07:41:30,"[158.0, 72]","[152.0, 24]","[170.73, 11]","[172.92, 25]",164.36,132,12.73,0.45
07:41:31,"[158.0, 45]","[155.0, 26]","[168.11, 36]","[168.39, 31]",163.06,138,10.11,0.03
07:41:32,"[158.0, 33]","[155.0, 22]","[163.62, 29]","[164.46, 26]",160.81,110,5.62,0.0
07:41:33,"[158.0, 24]","[155.0, 18]","[160.75, 12]","[162.87, 23]",159.38,77,2.75,0.09
07:41:34,"[153.14, 29]","[151.85, 40]","[160.9, 52]","[163.6, 60]",157.02,181,7.77,-0.24
07:41:35,"[152.85, 20]","[151.16, 25]","[159.22, 41]","[160.67, 36]",156.03,122,6.37,-0.26
07:41:36,"[154.47, 19]","[153.11, 27]","[157.63, 49]","[169.96, 45]",156.05,140,3.16,-0.34
07:41:37,"[154.63, 38]","[151.14, 29]","[156.0, 39]","[351.0, 65]",155.32,171,1.37,-0.22
07:41:38,"[153.6, 10]","[151.09, 22]","[335.73, 37]","[371.9, 31]",244.66,100,182.13,-0.36
07:41:39,"[156.75, 16]","[152.25, 8]","[293.67, 21]","[413.33, 18]",225.21,63,136.92,-0.24
07:41:40,"[158.07, 15]","[156.89, 37]","[274.03, 35]","[332.08, 49]",216.05,136,115.96,-0.24
07:41:41,"[159.77, 13]","[157.0, 39]","[193.07, 59]","[196.19, 32]",176.42,143,33.3,-0.27
07:41:42,"[157.75, 20]","[156.0, 20]","[192.3, 50]","[194.0, 20]",175.03,110,34.55,-0.27
07:41:43,"[157.0, 30]","[153.0, 10]","[191.3, 50]","[308.82, 22]",174.15,112,34.3,-0.29
07:41:44,"[157.0, 13]","[153.0, 9]","[190.0, 45]","[448.4, 20]",173.5,87,33.0,-0.49
07:41:45,"[153.8, 15]","[149.21, 19]","[174.34, 47]","[235.91, 46]",164.07,127,20.54,-0.46
07:41:46,"[152.4, 15]","[148.6, 25]","[165.3, 61]","[169.5, 68]",158.85,169,12.9,-0.53
07:41:47,"[155.01, 73]","[154.47, 17]","[163.71, 34]","[164.87, 46]",159.36,170,8.69,0.06
07:41:48,"[156.0, 12]","[155.0, 96]","[161.26, 42]","[162.13, 38]",158.63,188,5.26,0.15
07:41:49,"[155.1, 49]","[153.97, 61]","[157.19, 16]","[246.06, 31]",156.14,157,2.09,0.4
07:41:50,"[152.17, 35]","[151.35, 17]","[369.22, 32]","[446.76, 34]",260.7,118,217.05,-0.12
07:41:51,"[152.0, 15]","[151.0, 5]","[297.75, 16]","[369.71, 14]",224.88,50,145.75,-0.2
07:41:52,"[126.5, 40]","[119.8, 30]","[195.33, 24]","[196.17, 24]",160.92,118,68.83,0.19
07:41:53,"[138.2, 75]","[116.97, 77]","[191.57, 56]","[193.6, 30]",164.89,238,53.37,0.28
07:41:54,"[130.32, 56]","[90.03, 34]","[189.25, 48]","[190.25, 48]",159.79,186,58.93,-0.03
07:41:55,"[151.0, 8]","[144.21, 19]","[184.86, 28]","[186.2, 20]",167.93,75,33.86,-0.28
07:41:56,"[152.68, 76]","[135.28, 29]","[181.84, 38]","[183.16, 50]",167.26,193,29.16,0.09
07:41:57,"[153.5, 112]","[152.0, 146]","[173.05, 39]","[179.27, 51]",163.28,348,19.55,0.48
07:41:58,"[157.8, 20]","[154.18, 34]","[164.0, 24]","[179.0, 12]",160.9,90,6.2,0.2
07:41:59,"[158.0, 96]","[157.0, 12]","[161.0, 48]","[165.8, 40]",159.5,196,3.0,0.1
07:42:00,"[155.09, 102]","[152.24, 116]","[159.25, 63]","[317.76, 58]",157.17,339,4.17,0.29
07:42:01,"[154.08, 60]","[152.01, 133]","[157.79, 24]","[384.0, 48]",155.94,265,3.71,0.46
07:42:02,"[155.38, 65]","[153.0, 13]","[157.0, 13]","[382.15, 54]",156.19,145,1.62,0.08
07:42:03,"[153.52, 44]","[152.01, 115]","[367.7, 46]","[610.08, 61]",260.61,266,214.17,0.2
07:42:04,"[154.25, 36]","[152.0, 156]","[537.25, 53]","[640.47, 55]",345.75,300,383.0,0.28
07:42:05,"[157.92, 39]","[152.35, 103]","[315.2, 45]","[492.32, 62]",236.56,249,157.28,0.14
07:42:06,"[159.85, 20]","[155.94, 102]","[218.67, 27]","[473.5, 40]",189.26,189,58.82,0.29
07:42:07,"[156.09, 180]","[155.57, 56]","[312.84, 38]","[334.97, 61]",234.47,335,156.75,0.41
07:42:08,"[156.54, 39]","[155.97, 158]","[308.11, 38]","[309.29, 34]",232.32,269,151.57,0.46
07:42:09,"[158.82, 17]","[156.08, 216]","[256.96, 55]","[304.42, 45]",207.89,333,98.14,0.4
07:42:10,"[160.0, 17]","[159.0, 51]","[172.83, 60]","[174.75, 53]",166.42,181,12.83,-0.25
07:42:11,"[160.0, 9]","[159.0, 27]","[171.11, 36]","[173.0, 18]",165.56,90,11.11,-0.2
07:42:12,"[159.67, 24]","[158.86, 56]","[166.79, 68]","[168.5, 48]",163.23,196,7.13,-0.18
07:42:13,"[159.0, 20]","[158.0, 20]","[162.49, 35]","[163.79, 28]",160.74,103,3.49,-0.22
07:42:14,"[156.42, 52]","[155.98, 120]","[159.5, 24]","[161.31, 39]",157.96,235,3.08,0.46
07:42:15,"[156.0, 144]","[155.0, 22]","[158.36, 22]","[162.0, 44]",157.18,232,2.36,0.43
07:42:16,"[156.0, 88]","[155.0, 22]","[157.31, 26]","[280.02, 45]",156.65,181,1.31,0.22
07:42:17,"[156.0, 28]","[155.0, 12]","[288.25, 16]","[330.79, 24]",222.12,80,132.25,0.0
07:42:18,"[156.0, 26]","[155.0, 20]","[333.47, 34]","[344.96, 46]",244.74,126,177.47,-0.27
07:42:19,"[156.0, 16]","[155.0, 16]","[311.33, 36]","[376.21, 28]",233.67,96,155.33,-0.33
07:42:20,"[156.0, 10]","[155.0, 10]","[291.12, 17]","[381.11, 27]",223.56,64,135.12,-0.38
07:42:21,"[156.0, 26]","[155.0, 26]","[288.86, 49]","[424.16, 57]",222.43,158,132.86,-0.34
07:42:22,"[156.0, 26]","[155.0, 26]","[286.85, 13]","[289.0, 26]",221.42,91,130.85,0.14
07:42:23,"[155.92, 13]","[154.6, 15]","[241.86, 7]","[346.8, 15]",198.89,50,85.93,0.12
07:42:24,"[155.0, 8]","[153.0, 24]","[224.5, 10]","[522.44, 18]",189.75,60,69.5,0.07
07:42:25,"[155.0, 14]","[153.0, 42]","[204.71, 14]","[206.43, 14]",179.86,84,49.71,0.33
07:42:26,"[153.03, 71]","[151.38, 55]","[201.27, 15]","[203.07, 15]",177.15,156,48.24,0.62
07:42:27,"[156.0, 48]","[155.0, 6]","[200.83, 6]","[203.0, 6]",178.42,66,44.83,0.64
07:42:28,"[156.0, 88]","[155.0, 11]","[199.55, 11]","[203.0, 11]",177.77,121,43.55,0.64
07:42:29,"[156.0, 24]","[155.0, 5]","[197.2, 5]","[198.4, 5]",176.6,39,41.2,0.49
07:42:30,"[156.0, 40]","[155.0, 10]","[194.4, 10]","[195.7, 10]",175.2,70,38.4,0.43
07:42:31,"[156.0, 40]","[155.0, 10]","[191.4, 10]","[303.36, 14]",173.7,74,35.4,0.35
07:42:32,"[155.71, 17]","[152.17, 53]","[188.91, 32]","[320.0, 12]",172.31,114,33.2,0.23
07:42:33,"[152.09, 65]","[151.59, 34]","[187.28, 25]","[187.41, 29]",169.69,153,35.19,0.29
07:42:34,"[152.0, 18]","[151.0, 4]","[184.0, 2]","[187.0, 10]",168.0,34,32.0,0.29
07:42:35,"[152.0, 63]","[151.0, 14]","[182.7, 23]","[186.37, 19]",167.35,119,30.7,0.29
07:42:36,"[153.19, 27]","[152.24, 41]","[176.66, 47]","[181.95, 22]",164.92,137,23.47,-0.01
07:42:37,"[154.62, 26]","[153.0, 22]","[163.14, 49]","[167.51, 47]",158.88,144,8.53,-0.33
07:42:38,"[154.62, 16]","[152.4, 50]","[160.43, 14]","[161.53, 34]",157.53,114,5.8,0.16
07:42:39,"[152.29, 21]","[151.81, 52]","[157.89, 35]","[158.28, 25]",155.09,133,5.6,0.1
07:42:40,"[152.0, 30]","[151.0, 20]","[155.2, 40]","[157.0, 10]",153.6,100,3.2,0.0
07:42:41,"[152.75, 63]","[150.08, 26]","[155.0, 36]","[157.0, 9]",153.87,134,2.25,0.33
07:42:42,"[154.0, 44]","[153.0, 63]","[194.0, 27]","[272.68, 25]",174.0,159,40.0,0.35
07:42:43,"[153.12, 57]","[152.71, 70]","[249.18, 11]","[450.64, 44]",201.15,182,96.06,0.4
07:42:44,"[153.0, 90]","[151.0, 18]","[246.44, 9]","[664.67, 21]",199.72,138,93.44,0.57
07:42:45,"[154.5, 18]","[153.09, 55]","[244.89, 9]","[403.06, 18]",199.69,100,90.39,0.46
07:42:46,"[158.55, 11]","[156.0, 11]","[243.15, 13]","[373.6, 20]",200.85,55,84.61,-0.2
07:42:47,"[159.56, 9]","[157.67, 18]","[241.75, 24]","[243.0, 8]",200.65,59,82.19,-0.08
07:42:48,"[158.0, 14]","[156.0, 7]","[227.2, 15]","[240.92, 13]",192.6,49,69.2,-0.14
07:42:49,"[158.0, 28]","[156.0, 14]","[173.86, 42]","[204.14, 14]",165.93,98,15.86,-0.14
07:42:50,"[158.0, 20]","[156.0, 10]","[171.8, 10]","[173.0, 30]",164.9,70,13.8,-0.14
07:42:51,"[158.0, 28]","[156.0, 14]","[170.05, 38]","[171.67, 18]",164.03,98,12.05,-0.14
07:42:52,"[158.13, 23]","[156.75, 16]","[169.44, 27]","[169.56, 25]",163.79,91,11.31,-0.14
07:42:53,"[159.0, 11]","[158.0, 22]","[167.19, 37]","[180.92, 25]",163.09,95,8.19,-0.31
07:42:54,"[159.0, 9]","[158.0, 18]","[165.56, 36]","[168.0, 27]",162.28,90,6.56,-0.4
07:42:55,"[158.1, 10]","[156.36, 11]","[163.3, 30]","[165.0, 40]",160.7,91,5.2,-0.54
07:42:56,"[158.0, 13]","[156.0, 13]","[162.0, 39]","[165.0, 52]",160.0,117,4.0,-0.56
07:42:57,"[155.0, 38]","[153.0, 80]","[161.16, 38]","[162.75, 32]",158.08,188,6.16,0.26
07:42:58,"[154.2, 40]","[152.89, 72]","[160.19, 37]","[161.27, 33]",157.19,182,5.99,0.23
07:42:59,"[153.0, 88]","[152.0, 98]","[157.55, 38]","[158.69, 39]",155.28,263,4.55,0.41
07:43:00,"[153.59, 68]","[152.38, 126]","[156.0, 36]","[205.47, 34]",154.79,264,2.41,0.47
07:43:01,"[153.0, 93]","[152.0, 208]","[155.06, 48]","[440.17, 18]",154.03,367,2.06,0.64
07:43:02,"[152.08, 143]","[151.48, 21]","[315.0, 28]","[500.69, 16]",233.54,208,162.92,0.58
07:43:03,"[153.13, 110]","[152.4, 150]","[456.0, 14]","[532.29, 14]",304.56,288,302.87,0.81
07:43:04,"[153.12, 57]","[152.23, 78]","[350.06, 16]","[403.62, 8]",251.59,159,196.94,0.7
07:43:05,"[153.5, 80]","[152.0, 100]","[302.28, 18]","[367.3, 10]",227.89,208,148.78,0.73
07:43:06,"[156.46, 104]","[152.0, 130]","[287.77, 52]","[356.67, 21]",222.12,307,131.31,0.52
07:43:07,"[158.17, 96]","[152.0, 120]","[286.92, 48]","[380.56, 25]",222.54,289,128.75,0.49
07:43:08,"[159.37, 89]","[152.0, 130]","[284.31, 52]","[356.0, 36]",221.84,307,124.94,0.43
07:43:09,"[160.0, 60]","[152.19, 95]","[283.83, 48]","[351.17, 30]",221.92,233,123.83,0.33
07:43:10,"[159.86, 50]","[152.72, 71]","[198.14, 71]","[218.87, 67]",179.0,259,38.28,-0.07
07:43:11,"[153.88, 17]","[152.0, 281]","[195.33, 60]","[196.67, 60]",174.61,418,41.45,0.43
07:43:12,"[158.0, 18]","[153.0, 6]","[169.09, 22]","[177.14, 14]",163.55,60,11.09,-0.2
07:43:13,"[158.0, 45]","[153.0, 15]","[169.0, 60]","[192.0, 52]",163.5,172,11.0,-0.3
07:43:14,"[152.57, 178]","[151.34, 149]","[167.79, 56]","[192.17, 48]",160.18,431,15.21,0.52
07:43:15,"[156.0, 70]","[152.0, 160]","[165.7, 40]","[181.0, 40]",160.85,310,9.7,0.48
07:43:16,"[156.0, 91]","[152.0, 208]","[162.88, 57]","[164.85, 52]",159.44,408,6.88,0.47
07:43:17,"[156.0, 56]","[152.0, 128]","[160.56, 36]","[161.89, 36]",158.28,256,4.56,0.44
07:43:18,"[156.0, 98]","[152.0, 224]","[159.12, 68]","[160.17, 58]",157.56,448,3.12,0.44
07:43:19,"[156.0, 60]","[152.53, 34]","[157.55, 44]","[158.65, 46]",156.77,184,1.55,0.02
07:43:20,"[152.24, 68]","[151.76, 168]","[157.0, 60]","[160.0, 48]",154.62,344,4.76,0.37
07:43:21,"[153.48, 77]","[151.83, 173]","[156.82, 67]","[347.72, 50]",155.15,367,3.34,0.36
07:43:22,"[152.28, 86]","[151.46, 112]","[155.79, 38]","[212.53, 38]",154.03,274,3.51,0.45
07:43:23,"[152.0, 85]","[151.0, 110]","[153.8, 25]","[378.97, 38]",152.9,258,1.8,0.51
07:43:24,"[152.0, 36]","[151.0, 90]","[225.25, 16]","[507.5, 24]",188.62,166,73.25,0.52
07:43:25,"[153.0, 99]","[152.0, 36]","[303.13, 30]","[390.6, 30]",228.07,195,150.13,0.38
07:43:26,"[154.76, 46]","[152.0, 24]","[327.0, 12]","[357.0, 30]",240.88,112,172.24,0.25
07:43:27,"[155.15, 60]","[152.0, 54]","[375.67, 42]","[454.75, 60]",265.41,216,220.52,0.06
07:43:28,"[156.25, 12]","[152.0, 60]","[400.0, 8]","[525.11, 18]",278.12,98,243.75,0.47
07:43:29,"[153.71, 84]","[151.77, 175]","[358.72, 29]","[565.15, 52]",256.22,340,205.01,0.52
07:43:30,"[154.84, 49]","[152.37, 38]","[267.0, 27]","[499.19, 21]",210.92,135,112.16,0.29
07:43:31,"[156.0, 31]","[155.0, 28]","[172.68, 22]","[715.27, 33]",164.34,114,16.68,0.04
07:43:32,"[156.0, 4]","[155.0, 16]","[158.0, 12]","[650.25, 20]",157.0,52,2.0,-0.23
07:43:33,"[155.56, 9]","[154.82, 22]","[157.79, 19]","[474.07, 28]",156.67,78,2.23,-0.21
07:43:34,"[155.43, 14]","[154.71, 28]","[157.31, 29]","[335.0, 30]",156.37,101,1.88,-0.17
07:43:35,"[155.0, 54]","[153.0, 30]","[173.18, 39]","[435.11, 57]",164.09,180,18.18,-0.07
07:43:36,"[155.14, 21]","[153.2, 20]","[243.8, 30]","[478.52, 44]",199.47,115,88.66,-0.29
07:43:37,"[156.54, 39]","[155.0, 26]","[188.71, 51]","[235.49, 49]",172.62,165,32.17,-0.21
07:43:38,"[157.0, 30]","[155.0, 20]","[171.7, 30]","[213.0, 30]",164.35,110,14.7,-0.09
07:43:39,"[157.5, 30]","[155.0, 20]","[170.0, 30]","[199.88, 48]",163.75,128,12.5,-0.22
07:43:40,"[157.21, 38]","[154.07, 30]","[169.27, 45]","[436.22, 69]",163.24,182,12.06,-0.25
07:43:41,"[152.41, 73]","[152.18, 17]","[166.0, 36]","[432.17, 36]",159.21,162,13.59,0.11
07:43:42,"[152.0, 94]","[151.0, 13]","[216.95, 38]","[403.67, 45]",184.47,190,64.95,0.13
07:43:43,"[151.62, 13]","[128.4, 15]","[340.44, 27]","[687.78, 45]",246.03,100,188.83,-0.44
07:43:44,"[151.0, 6]","[138.57, 14]","[536.0, 18]","[684.0, 30]",343.5,68,385.0,-0.41
07:43:45,"[149.5, 6]","[128.2, 15]","[434.81, 26]","[621.82, 22]",292.15,69,285.31,-0.39
07:43:46,"[156.0, 20]","[130.11, 18]","[375.5, 48]","[501.56, 48]",265.75,134,219.5,-0.43
07:43:47,"[158.0, 16]","[152.0, 21]","[337.0, 32]","[338.0, 24]",247.5,93,179.0,-0.2
07:43:48,"[158.0, 16]","[154.0, 16]","[336.24, 34]","[437.79, 38]",247.12,104,178.24,-0.38
07:43:49,"[158.67, 24]","[156.0, 16]","[333.32, 37]","[334.86, 35]",246.0,112,174.66,-0.29
07:43:50,"[159.75, 32]","[158.0, 16]","[331.75, 32]","[333.0, 40]",245.75,120,172.0,-0.2
07:43:51,"[158.67, 12]","[154.44, 18]","[208.03, 39]","[285.9, 20]",183.35,89,49.36,-0.33
07:43:52,"[158.0, 8]","[154.0, 16]","[175.9, 39]","[306.67, 33]",166.95,96,17.9,-0.5
07:43:53,"[158.0, 9]","[154.0, 18]","[173.79, 39]","[175.43, 42]",165.9,108,15.79,-0.5
07:43:54,"[158.0, 9]","[154.0, 18]","[170.32, 44]","[171.46, 37]",164.16,108,12.32,-0.5
07:43:55,"[158.0, 12]","[154.25, 24]","[169.02, 55]","[170.08, 53]",163.51,144,11.02,-0.5
07:43:56,"[158.0, 9]","[154.0, 18]","[167.0, 45]","[168.0, 36]",162.5,108,9.0,-0.5
07:43:57,"[158.0, 14]","[154.0, 32]","[165.26, 62]","[166.62, 64]",161.63,172,7.26,-0.47
07:43:58,"[158.0, 8]","[154.0, 32]","[163.15, 33]","[164.1, 39]",160.58,112,5.15,-0.29
07:43:59,"[156.56, 25]","[155.08, 52]","[162.11, 36]","[163.13, 46]",159.34,159,5.55,-0.03
07:44:00,"[155.18, 78]","[153.8, 40]","[157.0, 60]","[162.45, 62]",156.09,240,1.82,-0.02
07:44:01,"[155.65, 54]","[152.39, 44]","[163.33, 54]","[343.83, 29]",159.49,181,7.69,0.08
07:44:02,"[158.18, 68]","[156.0, 24]","[163.36, 28]","[172.75, 40]",160.77,160,5.18,0.15
07:44:03,"[161.0, 65]","[156.0, 33]","[162.26, 47]","[164.09, 33]",161.63,178,1.26,0.1
07:44:04,"[161.0, 36]","[159.57, 75]","[162.0, 45]","[167.0, 9]",161.5,165,1.0,0.35
07:44:05,"[160.09, 114]","[159.53, 68]","[218.69, 52]","[315.5, 34]",189.39,268,58.6,0.36
07:44:06,"[160.0, 130]","[158.0, 20]","[285.09, 23]","[351.48, 23]",222.54,196,125.09,0.53
07:44:07,"[160.75, 159]","[159.89, 110]","[267.52, 29]","[301.38, 26]",214.14,324,106.76,0.66
07:44:08,"[161.0, 165]","[160.0, 143]","[260.0, 27]","[267.17, 29]",210.5,364,99.0,0.69
07:44:09,"[161.0, 180]","[160.0, 156]","[242.11, 18]","[243.1, 30]",201.56,384,81.11,0.75
07:44:10,"[161.0, 50]","[160.0, 91]","[241.0, 7]","[243.0, 21]",201.0,169,80.0,0.67
07:44:11,"[161.0, 21]","[160.0, 156]","[239.85, 33]","[240.26, 27]",200.42,237,78.85,0.49
07:44:12,"[161.0, 11]","[160.0, 143]","[237.24, 21]","[237.94, 36]",199.12,211,76.24,0.46
07:44:13,"[161.0, 12]","[160.0, 156]","[221.91, 33]","[215.86, 22]",191.45,223,60.91,0.51
07:44:14,"[161.0, 15]","[160.0, 195]","[194.6, 45]","[196.06, 51]",177.8,306,33.6,0.37
07:44:15,"[160.08, 76]","[159.74, 106]","[187.59, 39]","[189.26, 42]",173.83,263,27.51,0.38
07:44:16,"[160.0, 120]","[159.0, 48]","[182.87, 38]","[184.22, 23]",171.43,229,22.87,0.47
07:44:17,"[160.0, 104]","[159.0, 44]","[179.41, 41]","[180.5, 36]",169.71,225,19.41,0.32
07:44:18,"[160.0, 126]","[159.0, 56]","[176.65, 51]","[177.92, 52]",168.32,285,16.65,0.28
07:44:19,"[160.0, 90]","[159.0, 40]","[173.68, 19]","[175.11, 35]",166.84,184,13.68,0.41
07:44:20,"[160.0, 45]","[159.0, 36]","[170.7, 27]","[171.89, 18]",165.35,126,10.7,0.29
07:44:21,"[160.0, 64]","[159.0, 64]","[166.81, 59]","[167.57, 40]",163.41,227,6.81,0.13
07:44:22,"[160.0, 60]","[159.0, 60]","[162.53, 30]","[163.37, 49]",161.27,199,2.53,0.21
07:44:23,"[158.57, 46]","[157.09, 88]","[159.76, 34]","[163.93, 45]",159.16,213,1.2,0.26
07:44:24,"[156.53, 68]","[155.04, 115]","[159.0, 33]","[187.58, 38]",157.76,254,2.47,0.44
07:44:25,"[156.17, 48]","[154.84, 95]","[159.0, 27]","[200.24, 34]",157.58,204,2.83,0.4
07:44:26,"[156.0, 48]","[154.0, 66]","[158.33, 18]","[266.43, 14]",157.17,146,2.33,0.56
07:44:27,"[156.46, 39]","[155.87, 77]","[157.88, 32]","[246.26, 27]",157.17,175,1.41,0.33
07:44:28,"[154.36, 11]","[153.04, 46]","[157.0, 11]","[282.73, 22]",155.68,90,2.64,0.27
07:44:29,"[153.02, 41]","[151.98, 49]","[156.22, 9]","[377.67, 18]",154.62,117,3.2,0.54
07:44:30,"[152.65, 60]","[151.9, 62]","[154.23, 26]","[222.62, 21]",153.44,169,1.58,0.44
07:44:31,"[152.0, 39]","[151.0, 18]","[192.17, 24]","[386.6, 15]",172.08,96,40.17,0.19
07:44:32,"[152.62, 13]","[151.67, 18]","[252.86, 14]","[404.17, 12]",202.74,57,100.24,0.09
07:44:33,"[152.5, 20]","[151.6, 25]","[247.2, 20]","[292.9, 20]",199.85,85,94.7,0.06
07:44:34,"[153.07, 42]","[151.29, 31]","[355.1, 29]","[482.64, 22]",254.09,124,202.03,0.18
07:44:35,"[159.0, 132]","[152.0, 33]","[345.66, 29]","[416.11, 18]",252.33,212,186.66,0.56
07:44:36,"[159.0, 144]","[152.73, 55]","[286.0, 12]","[333.78, 32]",222.5,243,127.0,0.64
07:44:37,"[159.04, 73]","[157.15, 52]","[257.06, 17]","[418.08, 25]",208.05,167,98.02,0.5
07:44:38,"[159.0, 33]","[153.0, 12]","[209.0, 12]","[565.0, 9]",184.0,66,50.0,0.36
07:44:39,"[159.0, 33]","[153.0, 22]","[354.45, 22]","[430.05, 19]",256.73,96,195.45,0.15
07:44:40,"[159.0, 20]","[155.62, 16]","[342.27, 15]","[417.86, 14]",250.63,65,183.27,0.11
07:44:41,"[159.0, 12]","[156.0, 24]","[265.58, 38]","[308.64, 44]",212.29,118,106.58,-0.39
07:44:42,"[155.13, 31]","[154.59, 34]","[236.76, 34]","[304.37, 57]",195.95,156,81.64,-0.17
07:44:43,"[152.68, 38]","[151.6, 30]","[193.0, 24]","[317.0, 36]",172.84,128,40.32,0.06
07:44:44,"[156.0, 9]","[152.0, 18]","[192.08, 26]","[212.58, 19]",174.04,72,36.08,-0.25
07:44:45,"[156.81, 37]","[153.06, 17]","[192.0, 30]","[256.44, 32]",174.41,116,35.19,-0.07
07:44:46,"[159.72, 111]","[157.9, 21]","[192.0, 36]","[288.61, 31]",175.86,199,32.28,0.33
07:44:47,"[160.0, 120]","[159.0, 12]","[190.21, 28]","[337.19, 32]",175.11,192,30.21,0.38
07:44:48,"[161.0, 100]","[159.0, 10]","[186.22, 18]","[188.15, 26]",173.61,154,25.22,0.43
07:44:49,"[161.0, 130]","[159.0, 13]","[183.57, 21]","[184.62, 39]",172.29,203,22.57,0.41
07:44:50,"[161.0, 100]","[159.0, 10]","[179.55, 20]","[181.25, 20]",170.28,150,18.55,0.47
07:44:51,"[161.0, 144]","[159.0, 15]","[176.09, 43]","[178.29, 17]",168.55,219,15.09,0.45
07:44:52,"[161.0, 122]","[159.0, 15]","[171.8, 35]","[174.2, 25]",166.4,197,10.8,0.39
07:44:53,"[161.0, 88]","[159.0, 11]","[168.67, 27]","[170.47, 17]",164.83,143,7.67,0.38
07:44:54,"[161.0, 88]","[159.0, 11]","[165.48, 33]","[166.76, 29]",163.24,161,4.48,0.23
07:44:55,"[159.72, 57]","[157.15, 13]","[163.87, 45]","[213.62, 52]",161.79,167,4.15,-0.16
07:44:56,"[157.0, 55]","[156.0, 11]","[197.79, 53]","[399.0, 15]",177.4,134,40.79,-0.01
07:44:57,"[158.0, 14]","[157.0, 70]","[174.43, 37]","[349.33, 52]",166.22,173,16.43,-0.03
07:44:58,"[158.0, 11]","[157.0, 55]","[167.0, 55]","[177.0, 22]",162.5,143,9.0,-0.08
07:44:59,"[158.9, 29]","[157.32, 22]","[170.0, 50]","[177.0, 20]",164.45,121,11.1,-0.16
07:45:00,"[155.44, 36]","[154.8, 10]","[172.62, 32]","[264.37, 38]",164.03,116,17.18,-0.21
07:45:01,"[155.0, 51]","[154.0, 14]","[176.0, 28]","[329.95, 42]",165.5,135,21.0,-0.04
07:45:02,"[153.36, 83]","[152.77, 13]","[174.33, 18]","[218.0, 45]",163.85,159,20.97,0.21
07:45:03,"[153.0, 170]","[152.0, 20]","[172.5, 24]","[194.06, 32]",162.75,246,19.5,0.54
07:45:04,"[153.0, 272]","[152.0, 32]","[169.12, 32]","[172.0, 48]",161.06,384,16.12,0.58
07:45:05,"[154.01, 69]","[152.97, 123]","[166.55, 22]","[170.26, 23]",160.28,237,12.53,0.62
07:45:06,"[154.25, 80]","[153.34, 89]","[165.2, 30]","[167.0, 20]",159.72,219,10.95,0.54
07:45:07,"[154.0, 138]","[153.0, 98]","[163.0, 32]","[163.84, 38]",158.5,306,9.0,0.54
07:45:08,"[154.0, 124]","[153.0, 56]","[160.54, 26]","[161.9, 29]",157.27,235,6.54,0.53
07:45:09,"[153.78, 80]","[153.14, 78]","[157.2, 30]","[158.2, 40]",155.49,228,3.42,0.39
07:45:10,"[153.0, 64]","[152.0, 30]","[154.74, 27]","[156.09, 23]",153.87,144,1.74,0.31
07:45:11,"[153.0, 12]","[152.0, 18]","[234.77, 26]","[304.86, 14]",193.88,70,81.77,-0.14
07:45:12,"[153.0, 24]","[152.0, 36]","[386.92, 36]","[473.39, 36]",269.96,132,233.92,-0.09
07:45:13,"[153.0, 20]","[152.0, 30]","[451.83, 18]","[591.4, 42]",302.42,110,298.83,-0.09
07:45:14,"[153.0, 22]","[152.0, 33]","[623.87, 39]","[620.38, 47]",388.44,141,470.87,-0.22
07:45:15,"[152.62, 16]","[150.62, 21]","[315.78, 27]","[414.94, 31]",234.2,95,163.15,-0.22
07:45:16,"[152.0, 7]","[147.71, 7]","[321.29, 35]","[349.52, 23]",236.64,72,169.29,-0.61
07:45:17,"[153.86, 66]","[152.27, 22]","[274.0, 50]","[347.0, 50]",213.93,188,120.14,-0.06
07:45:18,"[154.0, 80]","[153.0, 59]","[259.0, 16]","[328.75, 40]",206.5,195,105.0,0.43
07:45:19,"[154.27, 74]","[153.36, 112]","[241.85, 13]","[345.98, 61]",198.06,260,87.58,0.43
07:45:20,"[154.0, 48]","[153.0, 64]","[342.5, 32]","[391.36, 28]",248.25,172,188.5,0.3
07:45:21,"[154.0, 48]","[153.0, 64]","[303.0, 20]","[364.53, 34]",228.5,166,149.0,0.35
07:45:22,"[154.58, 55]","[153.03, 132]","[173.0, 90]","[174.0, 18]",163.79,295,18.42,0.27
07:45:23,"[158.0, 49]","[154.0, 28]","[172.51, 68]","[246.88, 24]",165.26,169,14.51,-0.09
07:45:24,"[160.33, 79]","[158.33, 24]","[170.91, 55]","[172.0, 33]",165.62,191,10.58,0.08
07:45:25,"[161.0, 44]","[159.0, 22]","[169.67, 45]","[170.84, 43]",165.33,154,8.67,-0.14
07:45:26,"[161.0, 44]","[159.27, 22]","[167.4, 45]","[169.16, 43]",164.2,154,6.4,-0.14
07:45:27,"[161.0, 32]","[160.0, 16]","[167.0, 40]","[168.0, 24]",164.0,112,6.0,-0.14
07:45:28,"[161.0, 56]","[158.75, 107]","[165.53, 62]","[166.8, 50]",163.27,275,4.53,0.19
07:45:29,"[161.0, 48]","[159.15, 94]","[163.06, 54]","[164.12, 42]",162.03,238,2.06,0.19
07:45:30,"[159.28, 79]","[158.84, 67]","[160.98, 44]","[162.42, 36]",160.13,226,1.7,0.29
07:45:31,"[159.0, 48]","[158.0, 18]","[162.0, 18]","[180.25, 20]",160.5,104,3.0,0.27
07:45:32,"[159.0, 71]","[158.0, 30]","[164.7, 30]","[180.82, 34]",161.85,165,5.7,0.22
07:45:33,"[159.0, 18]","[158.0, 27]","[215.79, 29]","[244.36, 36]",187.4,110,56.79,-0.18
07:45:34,"[158.88, 16]","[157.45, 29]","[359.62, 21]","[477.1, 42]",259.25,108,200.74,-0.17
07:45:35,"[158.0, 10]","[156.0, 40]","[330.3, 20]","[476.71, 35]",244.15,105,172.3,-0.05
07:45:36,"[158.0, 8]","[156.0, 32]","[290.45, 22]","[307.89, 19]",224.23,81,132.45,-0.01
07:45:37,"[157.73, 30]","[155.97, 77]","[176.45, 55]","[187.76, 87]",167.09,249,18.72,-0.14
07:45:38,"[154.7, 40]","[153.61, 93]","[175.7, 20]","[289.88, 32]",165.2,185,21.0,0.44
07:45:39,"[154.0, 53]","[153.0, 174]","[174.17, 36]","[281.92, 39]",164.08,302,20.17,0.5
07:45:40,"[153.43, 35]","[152.88, 68]","[171.05, 19]","[172.38, 16]",162.24,138,17.62,0.49
07:45:41,"[153.0, 110]","[152.0, 44]","[169.36, 33]","[172.0, 22]",161.18,209,16.36,0.47
07:45:42,"[153.0, 70]","[152.0, 28]","[169.0, 21]","[172.0, 14]",161.0,133,16.0,0.47
07:45:43,"[155.64, 83]","[152.97, 154]","[168.41, 37]","[169.7, 43]",162.02,317,12.77,0.5
07:45:44,"[156.38, 32]","[153.14, 84]","[168.1, 31]","[169.17, 35]",162.24,182,11.72,0.27
07:45:45,"[157.0, 51]","[156.0, 17]","[165.3, 76]","[166.43, 51]",161.15,195,8.3,-0.3
07:45:46,"[157.0, 51]","[156.0, 17]","[161.82, 74]","[163.28, 57]",159.41,199,4.82,-0.32
07:45:47,"[157.41, 32]","[153.44, 61]","[158.69, 55]","[159.44, 50]",158.05,198,1.28,-0.06
07:45:48,"[153.03, 120]","[152.43, 23]","[155.38, 26]","[156.4, 42]",154.2,211,2.36,0.36
07:45:49,"[151.23, 83]","[149.68, 47]","[182.42, 38]","[318.0, 31]",166.82,199,31.19,0.31
07:45:50,"[150.67, 107]","[149.27, 62]","[190.0, 40]","[498.38, 16]",170.34,225,39.33,0.5
07:45:51,"[150.0, 133]","[133.86, 29]","[353.0, 29]","[520.86, 14]",251.5,205,203.0,0.58
07:45:52,"[150.05, 40]","[144.41, 44]","[536.0, 8]","[628.0, 8]",343.02,100,385.95,0.68
07:45:53,"[157.45, 22]","[150.33, 43]","[518.14, 14]","[614.86, 14]",337.8,93,360.69,0.4
07:45:54,"[158.0, 40]","[153.8, 30]","[352.38, 29]","[569.1, 29]",255.19,128,194.38,0.09
07:45:55,"[158.0, 32]","[154.0, 48]","[283.86, 28]","[337.55, 22]",220.93,130,125.86,0.23
07:45:56,"[158.0, 20]","[154.0, 30]","[240.0, 10]","[279.53, 19]",199.0,79,82.0,0.27
07:45:57,"[158.22, 51]","[154.25, 64]","[239.45, 22]","[424.0, 22]",198.84,159,81.24,0.45
07:45:58,"[159.0, 77]","[158.0, 28]","[239.0, 14]","[275.86, 14]",199.0,133,80.0,0.58
07:45:59,"[159.0, 49]","[158.0, 28]","[238.5, 10]","[285.5, 12]",198.75,99,79.5,0.56
07:46:00,"[159.0, 35]","[158.0, 40]","[235.74, 19]","[237.36, 11]",197.37,105,76.74,0.43
07:46:01,"[160.0, 18]","[159.0, 18]","[233.67, 9]","[235.0, 9]",196.83,54,73.67,0.33
07:46:02,"[160.0, 48]","[159.0, 48]","[231.19, 16]","[234.0, 32]",195.59,144,71.19,0.33
07:46:03,"[160.0, 33]","[159.0, 33]","[229.87, 31]","[234.0, 22]",194.94,119,69.87,0.11
07:46:04,"[160.0, 42]","[159.0, 42]","[224.6, 20]","[226.27, 22]",192.3,126,64.6,0.33
07:46:05,"[160.0, 30]","[159.0, 30]","[195.12, 16]","[208.43, 14]",177.56,90,35.12,0.33
07:46:06,"[160.0, 27]","[159.0, 27]","[176.94, 16]","[178.75, 12]",168.47,82,16.94,0.32
07:46:07,"[160.0, 39]","[159.0, 39]","[171.63, 35]","[172.79, 29]",165.81,142,11.63,0.1
07:46:08,"[160.0, 27]","[159.0, 27]","[168.33, 15]","[169.5, 24]",164.17,93,8.33,0.16
07:46:09,"[160.0, 24]","[159.0, 24]","[166.17, 18]","[167.55, 11]",163.08,77,6.17,0.25
07:46:10,"[160.79, 28]","[159.86, 42]","[162.92, 26]","[187.21, 33]",161.85,129,2.14,0.09
07:46:11,"[158.81, 52]","[157.64, 118]","[162.0, 42]","[335.56, 39]",160.4,251,3.19,0.35
07:46:12,"[158.0, 104]","[154.0, 84]","[159.5, 42]","[264.89, 27]",158.75,257,1.5,0.46
07:46:13,"[155.38, 107]","[152.71, 113]","[220.71, 52]","[381.07, 30]",188.05,302,65.33,0.46
07:46:14,"[155.17, 30]","[153.18, 55]","[232.0, 24]","[315.0, 12]",193.58,121,76.83,0.4
07:46:15,"[155.0, 25]","[153.23, 26]","[252.75, 16]","[396.14, 14]",203.88,81,97.75,0.26
07:46:16,"[155.43, 35]","[154.65, 23]","[181.92, 26]","[307.44, 18]",168.68,102,26.49,0.14
07:46:17,"[157.75, 36]","[155.4, 50]","[169.9, 40]","[264.47, 38]",163.82,164,12.15,0.05
07:46:18,"[159.0, 23]","[155.0, 45]","[168.35, 34]","[255.29, 34]",163.68,136,9.35,0.0
07:46:19,"[159.18, 22]","[156.24, 49]","[164.18, 34]","[164.75, 32]",161.68,137,4.99,0.04
07:46:20,"[159.55, 22]","[155.13, 53]","[161.43, 28]","[163.06, 32]",160.49,135,1.88,0.11
07:46:21,"[154.0, 53]","[153.0, 100]","[158.29, 14]","[241.2, 20]",156.14,187,4.29,0.64
07:46:22,"[153.06, 68]","[152.74, 54]","[157.0, 11]","[158.0, 22]",155.03,155,3.94,0.57
07:46:23,"[153.0, 60]","[152.0, 140]","[156.06, 17]","[157.15, 13]",154.53,230,3.06,0.74
07:46:24,"[154.0, 9]","[153.0, 45]","[156.85, 13]","[184.0, 15]",155.42,82,2.85,0.32
07:46:25,"[153.7, 20]","[152.53, 51]","[156.73, 22]","[255.09, 11]",155.21,104,3.03,0.37
07:46:26,"[154.0, 16]","[153.0, 24]","[156.0, 16]","[307.09, 23]",155.0,79,2.0,0.01
07:46:27,"[153.07, 27]","[152.1, 31]","[288.78, 36]","[404.88, 34]",220.93,128,135.7,-0.09
07:46:28,"[153.0, 20]","[152.0, 16]","[356.73, 15]","[416.62, 13]",254.87,64,203.73,0.12
07:46:29,"[153.59, 32]","[152.54, 41]","[332.0, 26]","[388.26, 43]",242.8,142,178.41,0.03
07:46:30,"[153.08, 39]","[152.1, 40]","[260.49, 37]","[390.0, 34]",206.78,150,107.41,0.05
07:46:31,"[155.0, 48]","[153.27, 44]","[206.18, 45]","[258.44, 18]",180.59,155,51.18,0.19
07:46:32,"[156.0, 66]","[154.0, 33]","[198.73, 44]","[199.89, 38]",177.36,181,42.73,0.09
07:46:33,"[156.0, 60]","[154.0, 30]","[194.6, 40]","[196.2, 40]",175.3,170,38.6,0.06
07:46:34,"[156.0, 60]","[154.0, 30]","[191.5, 40]","[193.1, 40]",173.75,170,35.5,0.06
07:46:35,"[156.0, 54]","[154.0, 27]","[188.44, 36]","[189.44, 36]",172.22,153,32.44,0.06
07:46:36,"[156.0, 42]","[154.0, 21]","[185.86, 28]","[187.14, 28]",170.93,119,29.86,0.06
07:46:37,"[156.0, 58]","[154.0, 33]","[184.09, 44]","[187.0, 44]",170.05,179,28.09,0.02
07:46:38,"[156.0, 44]","[154.0, 33]","[179.8, 41]","[181.69, 39]",167.9,157,23.8,-0.02
07:46:39,"[154.5, 32]","[153.2, 30]","[173.42, 38]","[176.57, 51]",163.96,151,18.92,-0.18
07:46:40,"[153.75, 24]","[152.6, 30]","[155.41, 39]","[169.88, 34]",154.58,127,1.66,-0.15
07:46:41,"[152.1, 40]","[149.0, 38]","[153.84, 38]","[183.92, 50]",152.97,166,1.74,-0.06
07:46:42,"[148.89, 36]","[122.0, 30]","[153.12, 32]","[182.7, 46]",151.01,144,4.24,-0.08
07:46:43,"[113.29, 59]","[88.04, 89]","[150.04, 27]","[152.06, 33]",131.66,208,36.75,0.42
07:46:44,"[131.38, 78]","[96.0, 42]","[147.54, 39]","[148.57, 42]",139.46,201,16.15,0.19
07:46:45,"[132.0, 56]","[64.0, 11]","[148.6, 20]","[149.27, 22]",140.3,109,16.6,0.23
07:46:46,"[132.0, 72]","[47.6, 15]","[148.0, 18]","[149.0, 36]",140.0,141,16.0,0.23
07:46:47,"[130.24, 51]","[63.6, 30]","[147.38, 26]","[149.0, 36]",138.81,143,17.15,0.13
07:46:48,"[103.07, 103]","[74.29, 28]","[146.37, 38]","[147.92, 52]",124.72,221,43.3,0.19
07:46:49,"[105.72, 75]","[101.6, 67]","[147.36, 22]","[149.05, 38]",126.54,202,41.64,0.41
07:46:50,"[116.9, 79]","[114.23, 109]","[149.0, 48]","[150.0, 24]",132.95,260,32.1,0.45
07:46:51,"[121.63, 92]","[119.38, 58]","[148.9, 49]","[149.87, 30]",135.26,229,27.27,0.31
07:46:52,"[123.2, 109]","[121.53, 119]","[149.0, 36]","[150.0, 24]",136.1,288,25.8,0.58
07:46:53,"[142.24, 155]","[126.8, 98]","[229.95, 40]","[391.16, 31]",186.09,324,87.71,0.56
07:46:54,"[146.0, 56]","[145.0, 102]","[147.0, 21]","[522.69, 16]",146.5,195,1.0,0.62
07:46:55,"[146.85, 73]","[143.33, 81]","[262.59, 34]","[430.68, 28]",204.72,216,115.74,0.43
07:46:56,"[155.26, 65]","[152.96, 52]","[278.0, 27]","[617.27, 11]",216.63,155,122.74,0.51
07:46:57,"[156.28, 88]","[155.0, 130]","[371.62, 39]","[441.94, 17]",263.95,274,215.33,0.59
07:46:58,"[158.0, 33]","[155.0, 100]","[365.0, 30]","[416.0, 10]",261.5,173,207.0,0.54
07:46:59,"[159.5, 60]","[156.06, 68]","[340.5, 24]","[416.0, 8]",250.0,160,181.0,0.6
07:47:00,"[160.18, 49]","[159.79, 114]","[385.03, 35]","[603.09, 43]",272.61,241,224.84,0.35
07:47:01,"[160.09, 46]","[159.57, 70]","[240.23, 31]","[550.24, 21]",200.16,168,80.14,0.38
07:47:02,"[160.0, 91]","[159.0, 65]","[226.0, 52]","[540.42, 19]",193.0,227,66.0,0.37
07:47:03,"[160.0, 63]","[159.0, 45]","[224.4, 42]","[258.91, 33]",192.2,183,64.4,0.18
07:47:04,"[160.21, 38]","[159.4, 50]","[222.0, 40]","[223.76, 49]",191.11,177,61.79,-0.01
07:47:05,"[160.0, 38]","[158.37, 95]","[216.99, 75]","[218.26, 68]",188.49,276,56.99,-0.04
07:47:06,"[159.0, 44]","[156.0, 110]","[213.23, 48]","[214.22, 51]",186.11,253,54.23,0.22
07:47:07,"[159.0, 48]","[156.0, 120]","[208.65, 49]","[210.61, 59]",183.83,276,49.65,0.22
07:47:08,"[159.0, 60]","[155.29, 62]","[204.07, 69]","[205.71, 66]",181.54,257,45.07,-0.05
07:47:09,"[159.0, 40]","[154.93, 15]","[201.71, 51]","[202.75, 48]",180.35,154,42.71,-0.29
07:47:10,"[154.32, 93]","[151.29, 62]","[200.29, 78]","[201.39, 69]",177.31,302,45.97,0.03
07:47:11,"[159.0, 36]","[153.0, 96]","[197.2, 50]","[198.14, 58]",178.1,240,38.2,0.1
07:47:12,"[159.03, 40]","[153.17, 107]","[192.91, 57]","[193.81, 62]",175.97,266,33.89,0.11
07:47:13,"[160.0, 12]","[159.0, 36]","[190.08, 48]","[191.1, 49]",175.04,145,30.08,-0.34
07:47:14,"[160.0, 13]","[159.0, 39]","[187.92, 49]","[189.16, 50]",173.96,151,27.92,-0.31
07:47:15,"[160.0, 13]","[159.0, 39]","[183.82, 34]","[184.71, 31]",171.91,117,23.82,-0.11
07:47:16,"[160.0, 10]","[159.0, 30]","[180.91, 22]","[182.86, 28]",170.45,90,20.91,-0.11
07:47:17,"[153.06, 122]","[148.7, 47]","[178.17, 48]","[179.17, 48]",165.61,265,25.11,0.28
07:47:18,"[153.0, 110]","[148.0, 40]","[173.32, 34]","[174.82, 34]",163.16,218,20.32,0.38
07:47:19,"[153.0, 132]","[148.0, 48]","[169.42, 48]","[171.0, 48]",161.21,276,16.42,0.3
07:47:20,"[153.0, 99]","[136.12, 32]","[167.83, 24]","[169.33, 21]",160.42,176,14.83,0.49
07:47:21,"[153.76, 71]","[152.5, 105]","[166.97, 58]","[167.64, 22]",160.36,256,13.2,0.38
07:47:22,"[157.33, 24]","[153.57, 46]","[163.32, 50]","[164.69, 32]",160.33,152,5.99,-0.08
07:47:23,"[153.04, 25]","[152.06, 51]","[160.3, 43]","[161.44, 43]",156.67,162,7.26,-0.06
07:47:24,"[153.0, 14]","[152.0, 28]","[156.5, 16]","[156.6, 25]",154.75,83,3.5,0.01
07:47:25,"[152.68, 76]","[151.31, 78]","[154.2, 25]","[159.56, 36]",153.44,215,1.52,0.43
07:47:26,"[153.0, 130]","[152.0, 52]","[154.15, 34]","[198.05, 21]",153.57,237,1.15,0.54
07:47:27,"[154.68, 38]","[153.28, 43]","[237.07, 15]","[441.89, 9]",195.88,105,82.38,0.54
07:47:28,"[160.0, 20]","[159.0, 20]","[243.0, 20]","[307.5, 16]",201.5,76,83.0,0.05
07:47:29,"[160.0, 12]","[159.0, 12]","[294.83, 12]","[501.1, 10]",227.42,46,134.83,0.04
07:47:30,"[154.08, 146]","[153.09, 128]","[543.91, 23]","[644.16, 25]",349.0,322,389.83,0.7
07:47:31,"[154.0, 49]","[153.0, 63]","[368.0, 19]","[494.62, 16]",261.0,147,214.0,0.52
07:47:32,"[154.0, 70]","[153.0, 90]","[364.36, 28]","[365.43, 30]",259.18,218,210.36,0.47
07:47:33,"[155.33, 78]","[153.44, 96]","[352.86, 42]","[358.7, 37]",254.1,253,197.52,0.38
07:47:34,"[157.0, 56]","[156.0, 60]","[307.4, 30]","[331.1, 29]",232.2,175,150.4,0.33
07:47:35,"[157.5, 18]","[156.0, 30]","[305.75, 20]","[307.14, 14]",231.62,82,148.25,0.17
07:47:36,"[158.67, 18]","[156.0, 50]","[263.5, 32]","[304.16, 37]",211.08,137,104.83,-0.01
07:47:37,"[156.21, 56]","[154.3, 135]","[219.18, 65]","[221.06, 67]",187.7,323,62.97,0.18
07:47:38,"[155.42, 62]","[153.81, 144]","[213.85, 40]","[215.27, 37]",184.63,283,58.43,0.46
07:47:39,"[154.0, 35]","[153.0, 90]","[212.83, 36]","[213.64, 22]",183.42,183,58.83,0.37
07:47:40,"[153.08, 79]","[152.89, 61]","[209.77, 26]","[212.0, 26]",181.42,192,56.69,0.46
07:47:41,"[153.0, 98]","[152.0, 7]","[204.62, 21]","[205.95, 21]",178.81,147,51.62,0.43
07:47:42,"[154.25, 24]","[152.99, 85]","[202.73, 22]","[203.4, 20]",178.49,151,48.48,0.44
07:47:43,"[156.0, 19]","[153.0, 196]","[201.11, 38]","[202.43, 42]",178.55,295,45.11,0.46
07:47:44,"[156.0, 22]","[153.0, 154]","[197.83, 29]","[199.55, 31]",176.91,236,41.83,0.49
07:47:45,"[156.0, 34]","[153.0, 238]","[192.09, 34]","[196.3, 37]",174.04,343,36.09,0.59
07:47:46,"[156.0, 20]","[153.81, 218]","[182.26, 27]","[188.71, 21]",169.13,286,26.26,0.66
07:47:47,"[156.0, 15]","[154.0, 240]","[176.17, 35]","[177.62, 32]",166.09,322,20.17,0.58
07:47:48,"[154.04, 114]","[153.25, 130]","[158.09, 33]","[167.71, 24]",156.06,301,4.06,0.62
07:47:49,"[154.54, 119]","[153.31, 142]","[166.47, 32]","[267.15, 41]",160.5,334,11.93,0.56
07:47:50,"[156.0, 76]","[154.0, 121]","[171.27, 33]","[217.55, 55]",163.64,285,15.27,0.38
07:47:51,"[156.0, 28]","[154.0, 77]","[170.43, 21]","[272.0, 32]",163.21,158,14.43,0.33
07:47:52,"[156.0, 32]","[154.0, 88]","[168.0, 24]","[218.62, 40]",162.0,184,12.0,0.3
07:47:53,"[156.0, 50]","[154.0, 154]","[167.0, 42]","[268.63, 38]",161.5,284,11.0,0.44
07:47:54,"[157.12, 16]","[156.0, 16]","[166.0, 24]","[601.0, 8]",161.56,64,8.88,0.0
07:47:55,"[159.66, 29]","[157.91, 35]","[166.0, 39]","[366.25, 24]",162.83,127,6.34,0.01
07:47:56,"[161.0, 22]","[159.0, 11]","[165.48, 21]","[313.0, 30]",163.24,84,4.48,-0.21
07:47:57,"[159.5, 20]","[154.55, 64]","[162.5, 20]","[164.3, 20]",161.0,124,3.0,0.35
07:47:58,"[156.67, 30]","[154.35, 115]","[158.53, 45]","[161.0, 15]",157.6,205,1.87,0.41
07:47:59,"[154.05, 113]","[153.43, 14]","[157.57, 47]","[159.29, 21]",155.81,195,3.52,0.3
07:48:00,"[154.0, 121]","[153.0, 9]","[156.37, 43]","[158.12, 25]",155.19,198,2.37,0.31
07:48:01,"[154.0, 90]","[153.0, 87]","[157.12, 24]","[158.56, 16]",155.56,217,3.12,0.63
07:48:02,"[153.73, 82]","[152.86, 140]","[155.38, 16]","[246.63, 41]",154.55,279,1.64,0.59
07:48:03,"[153.45, 84]","[152.49, 98]","[155.0, 11]","[294.0, 33]",154.23,226,1.55,0.61
07:48:04,"[153.0, 50]","[152.0, 92]","[232.1, 21]","[290.58, 38]",192.55,201,79.1,0.41
07:48:05,"[153.0, 16]","[151.13, 46]","[267.0, 16]","[394.3, 23]",210.0,101,114.0,0.23
07:48:06,"[153.0, 16]","[151.47, 15]","[337.5, 16]","[430.2, 20]",245.25,67,184.5,-0.07
07:48:07,"[153.92, 98]","[152.75, 16]","[383.5, 20]","[472.0, 25]",268.71,159,229.58,0.43
07:48:08,"[156.35, 109]","[153.91, 66]","[408.0, 17]","[539.84, 19]",282.17,211,251.65,0.66
07:48:09,"[158.03, 165]","[154.39, 166]","[187.27, 22]","[189.0, 22]",172.65,375,29.24,0.77
07:48:10,"[159.0, 60]","[158.0, 224]","[184.72, 25]","[186.11, 18]",171.86,327,25.72,0.74
07:48:11,"[159.0, 27]","[158.0, 144]","[181.77, 13]","[182.57, 14]",170.38,198,22.77,0.73
07:48:12,"[160.0, 39]","[158.0, 208]","[180.44, 18]","[181.76, 21]",170.22,286,20.44,0.73
07:48:13,"[158.41, 113]","[157.66, 174]","[178.67, 18]","[179.89, 27]",168.54,332,20.26,0.73
07:48:14,"[158.38, 55]","[157.82, 165]","[175.45, 20]","[176.16, 19]",166.92,259,17.07,0.7
07:48:15,"[161.0, 10]","[158.0, 150]","[172.45, 11]","[174.84, 19]",166.73,190,11.45,0.68
07:48:16,"[158.15, 81]","[157.1, 109]","[170.62, 21]","[171.67, 12]",164.38,223,12.47,0.7
07:48:17,"[158.0, 154]","[156.0, 98]","[167.56, 18]","[169.67, 24]",162.78,294,9.56,0.71
07:48:18,"[158.0, 187]","[156.0, 119]","[164.13, 30]","[165.28, 29]",161.07,365,6.13,0.68
07:48:19,"[158.0, 154]","[156.0, 98]","[160.32, 34]","[161.17, 36]",159.16,322,2.32,0.57
07:48:20,"[158.0, 98]","[156.0, 70]","[159.35, 26]","[161.67, 18]",158.67,212,1.35,0.58
07:48:21,"[157.4, 40]","[155.96, 93]","[163.94, 17]","[260.38, 39]",160.67,189,6.54,0.41
07:48:22,"[156.0, 72]","[154.0, 12]","[163.75, 12]","[292.5, 36]",159.88,132,7.75,0.27
07:48:23,"[156.69, 26]","[155.17, 12]","[163.0, 10]","[327.0, 30]",159.85,78,6.31,-0.03
07:48:24,"[159.0, 12]","[156.0, 12]","[161.33, 18]","[188.16, 19]",160.17,61,2.33,-0.21
07:48:25,"[156.07, 41]","[154.13, 15]","[159.88, 16]","[288.98, 41]",157.97,113,3.8,-0.01
07:48:26,"[156.0, 13]","[154.0, 6]","[250.3, 10]","[326.22, 18]",203.15,47,94.3,-0.19
07:48:27,"[156.0, 8]","[154.0, 4]","[312.0, 12]","[362.0, 12]",234.0,36,156.0,-0.33
07:48:28,"[156.0, 28]","[154.0, 14]","[309.29, 42]","[362.96, 52]",232.64,136,153.29,-0.38
07:48:29,"[158.73, 22]","[155.9, 21]","[396.94, 35]","[496.25, 53]",277.84,131,238.22,-0.34
07:48:30,"[159.0, 18]","[156.0, 18]","[471.49, 37]","[584.31, 35]",315.24,108,312.49,-0.33
07:48:31,"[158.67, 12]","[156.33, 12]","[388.11, 18]","[545.77, 26]",273.39,68,229.44,-0.29
07:48:32,"[158.0, 18]","[156.0, 18]","[292.0, 18]","[428.08, 24]",225.0,78,134.0,-0.08
07:48:33,"[157.0, 24]","[155.33, 18]","[402.08, 26]","[449.47, 38]",279.54,106,245.08,-0.21
07:48:34,"[156.0, 14]","[154.0, 7]","[399.33, 18]","[569.12, 17]",277.67,56,243.33,-0.25
07:48:35,"[156.0, 14]","[154.0, 7]","[375.8, 15]","[468.7, 20]",265.9,56,219.8,-0.25
07:48:36,"[154.4, 10]","[153.01, 121]","[195.52, 21]","[317.82, 33]",174.96,185,41.12,0.42
07:48:37,"[154.63, 19]","[153.05, 111]","[157.37, 19]","[201.33, 45]",156.0,194,2.74,0.34
07:48:38,"[153.21, 104]","[152.62, 93]","[156.0, 11]","[270.79, 34]",154.61,242,2.79,0.63
07:48:39,"[154.74, 27]","[153.53, 60]","[156.0, 18]","[280.2, 41]",155.37,146,1.26,0.19
07:48:40,"[153.31, 35]","[152.98, 86]","[200.29, 14]","[272.14, 21]",176.8,156,46.97,0.55
07:48:41,"[153.0, 80]","[148.31, 13]","[366.15, 13]","[397.21, 19]",259.58,125,213.15,0.49
07:48:42,"[153.0, 89]","[151.06, 17]","[370.57, 30]","[493.84, 25]",261.78,161,217.57,0.32
07:48:43,"[152.95, 21]","[151.73, 30]","[177.0, 44]","[364.18, 22]",164.98,117,24.05,-0.13
07:48:44,"[153.55, 22]","[152.86, 56]","[176.57, 49]","[195.08, 36]",165.06,163,23.03,-0.04
07:48:45,"[153.07, 81]","[152.14, 70]","[174.47, 51]","[175.47, 51]",163.77,253,21.4,0.19
07:48:46,"[153.0, 45]","[152.0, 49]","[172.35, 23]","[174.87, 47]",162.67,164,19.35,0.15
07:48:47,"[155.08, 60]","[152.78, 32]","[172.0, 36]","[173.93, 56]",163.54,184,16.92,0.0
07:48:48,"[157.0, 50]","[152.95, 42]","[170.1, 30]","[171.4, 30]",163.55,152,13.1,0.21
07:48:49,"[153.0, 65]","[152.0, 13]","[165.91, 33]","[229.56, 41]",159.45,152,12.91,0.03
07:48:50,"[153.0, 50]","[152.0, 10]","[167.4, 30]","[284.0, 40]",160.2,130,14.4,-0.08
