Time,Bid1,Bid2,Ask1,Ask2,Mid-Price,Total_volume,Bid_ask_spread,Order_imbalance
07:30:00,"[256.0, 1]","[0, 0]","[0, 0]","[0, 0]",128.0,1,-256.0,1.0
07:30:01,"[257.0, 4]","[256.0, 1]","[0, 0]","[0, 0]",128.5,5,-257.0,1.0
07:30:02,"[258.5, 8]","[256.0, 2]","[0, 0]","[0, 0]",129.25,10,-258.5,1.0
07:30:03,"[260.2, 20]","[256.0, 5]","[325.0, 15]","[0, 0]",292.6,40,64.8,0.25
07:30:04,"[261.0, 8]","[256.0, 2]","[325.0, 6]","[0, 0]",293.0,16,64.0,0.25
07:30:05,"[261.0, 12]","[256.0, 3]","[325.0, 9]","[482.0, 3]",293.0,27,64.0,0.11
07:30:06,"[261.0, 6]","[256.0, 2]","[325.0, 6]","[373.0, 2]",293.0,16,64.0,0.0
07:30:07,"[265.0, 32]","[261.0, 16]","[320.33, 24]","[327.48, 23]",292.67,95,55.33,0.01
07:30:08,"[265.0, 36]","[261.0, 18]","[288.0, 23]","[300.19, 21]",276.5,98,23.0,0.1
07:30:09,"[263.91, 22]","[259.7, 20]","[267.0, 33]","[268.48, 48]",265.45,123,3.09,-0.32
07:30:10,"[259.62, 32]","[257.12, 16]","[262.74, 19]","[266.27, 26]",261.18,93,3.11,0.03
07:30:11,"[259.0, 21]","[256.0, 10]","[260.86, 14]","[261.75, 16]",259.93,61,1.86,0.02
07:30:12,"[259.0, 15]","[256.0, 8]","[260.22, 9]","[263.91, 22]",259.61,54,1.22,-0.15
07:30:13,"[259.0, 9]","[256.0, 9]","[260.17, 36]","[266.33, 36]",259.58,90,1.17,-0.6
07:30:14,"[256.38, 8]","[255.03, 29]","[260.1, 21]","[268.82, 22]",258.24,80,3.72,-0.07
07:30:15,"[256.0, 17]","[252.45, 44]","[258.04, 50]","[262.0, 36]",257.02,147,2.04,-0.17
07:30:16,"[255.0, 20]","[226.0, 20]","[258.0, 30]","[269.2, 30]",256.5,100,3.0,-0.2
07:30:17,"[255.23, 26]","[231.15, 40]","[257.46, 39]","[269.08, 39]",256.35,144,2.23,-0.08
07:30:18,"[256.0, 14]","[255.0, 14]","[257.0, 21]","[269.55, 11]",256.5,60,1.0,-0.07
07:30:19,"[255.2, 20]","[244.71, 28]","[263.0, 14]","[269.88, 24]",259.1,86,7.8,0.12
07:30:20,"[252.71, 42]","[238.92, 53]","[269.0, 13]","[270.0, 39]",260.86,147,16.29,0.29
07:30:21,"[255.89, 35]","[241.54, 39]","[269.0, 11]","[270.0, 33]",262.44,118,13.11,0.25
07:30:22,"[246.12, 34]","[244.0, 51]","[258.59, 17]","[268.1, 31]",252.35,133,12.47,0.28
07:30:23,"[247.5, 28]","[244.0, 42]","[252.0, 14]","[253.0, 14]",249.75,98,4.5,0.43
07:30:24,"[250.25, 16]","[242.78, 27]","[252.22, 9]","[258.08, 13]",251.24,65,1.97,0.32
07:30:25,"[251.29, 7]","[241.0, 21]","[253.0, 7]","[264.0, 21]",252.14,56,1.71,0.0
07:30:26,"[253.13, 38]","[239.78, 46]","[262.87, 30]","[264.34, 35]",258.0,149,9.74,0.13
07:30:27,"[259.0, 60]","[240.58, 36]","[261.17, 36]","[264.0, 36]",260.08,168,2.17,0.14
07:30:28,"[259.0, 60]","[240.46, 46]","[260.31, 39]","[262.0, 36]",259.65,181,1.31,0.17
07:30:29,"[259.0, 58]","[251.57, 105]","[260.0, 38]","[261.0, 39]",259.5,240,1.0,0.36
07:30:30,"[256.33, 42]","[254.24, 79]","[260.79, 19]","[268.14, 21]",258.56,161,4.46,0.5
07:30:31,"[255.0, 56]","[240.0, 8]","[260.75, 12]","[271.0, 12]",257.88,88,5.75,0.45
07:30:32,"[255.0, 126]","[240.0, 18]","[259.78, 27]","[271.0, 27]",257.39,198,4.78,0.45
07:30:33,"[255.0, 182]","[240.0, 26]","[259.0, 39]","[268.89, 19]",257.0,266,4.0,0.56
07:30:34,"[255.0, 140]","[240.0, 20]","[259.0, 30]","[267.0, 10]",257.0,200,4.0,0.6
07:30:35,"[255.0, 84]","[240.0, 12]","[258.17, 18]","[266.33, 6]",256.58,120,3.17,0.6
07:30:36,"[255.0, 126]","[240.0, 18]","[257.67, 27]","[265.0, 9]",256.33,180,2.67,0.6
07:30:37,"[255.0, 140]","[240.0, 20]","[256.0, 30]","[264.4, 10]",255.5,200,1.0,0.6
07:30:38,"[255.29, 187]","[244.23, 39]","[262.31, 55]","[265.57, 23]",258.8,304,7.02,0.49
07:30:39,"[256.05, 155]","[247.46, 84]","[262.0, 80]","[264.0, 16]",259.02,335,5.95,0.43
07:30:40,"[255.1, 96]","[248.82, 120]","[259.39, 90]","[265.22, 18]",257.25,324,4.28,0.33
07:30:41,"[255.62, 65]","[251.5, 56]","[262.32, 68]","[267.81, 64]",258.97,253,6.71,-0.04
07:30:42,"[255.0, 56]","[243.8, 30]","[265.0, 56]","[270.88, 40]",260.0,182,10.0,-0.05
07:30:43,"[255.0, 41]","[244.0, 28]","[265.0, 49]","[270.0, 35]",260.0,153,10.0,-0.1
07:30:44,"[255.0, 21]","[246.25, 16]","[264.95, 37]","[284.94, 35]",259.97,109,9.95,-0.32
07:30:45,"[255.39, 36]","[251.7, 43]","[264.0, 66]","[265.7, 60]",259.69,205,8.61,-0.23
07:30:46,"[258.41, 17]","[257.41, 17]","[263.63, 38]","[264.9, 71]",261.02,143,5.22,-0.52
07:30:47,"[259.0, 12]","[258.0, 12]","[261.33, 12]","[264.0, 60]",260.17,96,2.33,-0.5
07:30:48,"[256.5, 14]","[252.46, 28]","[260.07, 14]","[264.84, 43]",258.29,99,3.57,-0.15
07:30:49,"[258.39, 56]","[254.8, 44]","[265.83, 41]","[266.97, 62]",262.11,203,7.44,-0.01
07:30:50,"[263.93, 30]","[256.33, 30]","[266.0, 30]","[267.57, 54]",264.97,144,2.07,-0.17
07:30:51,"[256.83, 12]","[255.91, 11]","[266.0, 12]","[269.0, 30]",261.42,65,9.17,-0.29
07:30:52,"[256.0, 22]","[255.0, 11]","[265.0, 11]","[266.0, 22]",260.5,66,9.0,0.0
07:30:53,"[256.0, 16]","[255.0, 8]","[265.0, 8]","[266.0, 16]",260.5,48,9.0,0.0
07:30:54,"[257.76, 50]","[255.96, 25]","[264.44, 18]","[265.76, 21]",261.1,114,6.68,0.32
07:30:55,"[259.0, 36]","[256.0, 18]","[264.0, 18]","[266.0, 18]",261.5,90,5.0,0.2
07:30:56,"[259.96, 46]","[258.18, 44]","[262.57, 28]","[265.91, 64]",261.26,182,2.61,-0.01
07:30:57,"[259.0, 28]","[256.0, 22]","[264.54, 24]","[268.4, 30]",261.77,104,5.54,-0.04
07:30:58,"[259.0, 24]","[255.83, 24]","[267.0, 14]","[268.0, 28]",263.0,90,8.0,0.07
07:30:59,"[256.0, 8]","[255.0, 8]","[267.93, 15]","[270.22, 27]",261.97,58,11.93,-0.45
07:31:00,"[256.0, 18]","[255.0, 18]","[267.31, 51]","[270.6, 75]",261.66,162,11.31,-0.56
07:31:01,"[256.8, 15]","[255.73, 15]","[266.0, 75]","[268.0, 95]",261.4,200,9.2,-0.7
07:31:02,"[258.0, 16]","[256.0, 16]","[264.56, 80]","[268.0, 144]",261.28,256,6.56,-0.75
07:31:03,"[258.69, 16]","[256.0, 16]","[262.69, 80]","[267.78, 124]",260.69,236,4.0,-0.73
07:31:04,"[258.11, 9]","[255.44, 9]","[262.0, 40]","[265.0, 27]",260.06,85,3.89,-0.58
07:31:05,"[256.38, 16]","[255.38, 16]","[261.06, 64]","[265.0, 48]",258.72,144,4.69,-0.56
07:31:06,"[257.2, 15]","[256.0, 15]","[260.07, 60]","[265.0, 51]",258.63,141,2.87,-0.57
07:31:07,"[258.32, 22]","[256.12, 16]","[264.02, 44]","[265.79, 70]",261.17,152,5.7,-0.5
07:31:08,"[258.0, 17]","[256.0, 17]","[262.88, 17]","[265.12, 51]",260.44,102,4.88,-0.33
07:31:09,"[258.89, 47]","[254.82, 65]","[264.63, 41]","[267.23, 124]",261.76,277,5.74,-0.19
07:31:10,"[258.48, 27]","[255.06, 66]","[265.65, 69]","[267.5, 72]",262.07,234,7.17,-0.21
07:31:11,"[254.12, 78]","[252.17, 24]","[264.32, 31]","[265.52, 29]",259.22,162,10.21,0.26
07:31:12,"[254.0, 84]","[253.0, 24]","[263.43, 28]","[264.25, 32]",258.71,168,9.43,0.29
07:31:13,"[254.26, 94]","[251.25, 266]","[260.59, 29]","[261.94, 36]",257.42,425,6.33,0.69
07:31:14,"[255.0, 42]","[254.0, 42]","[259.0, 18]","[260.0, 12]",257.0,114,4.0,0.47
07:31:15,"[255.0, 32]","[254.0, 84]","[257.69, 29]","[258.81, 31]",256.34,176,2.69,0.32
07:31:16,"[254.0, 63]","[251.0, 351]","[256.23, 39]","[258.56, 27]",255.12,480,2.23,0.72
07:31:17,"[251.0, 297]","[248.0, 33]","[264.21, 57]","[299.0, 48]",257.61,435,13.21,0.52
07:31:18,"[252.67, 30]","[251.31, 162]","[264.66, 95]","[384.71, 68]",258.66,355,12.0,0.08
07:31:19,"[256.08, 26]","[252.35, 46]","[263.64, 56]","[264.74, 61]",259.86,189,7.57,-0.24
07:31:20,"[258.0, 42]","[252.24, 42]","[262.23, 65]","[263.19, 62]",260.12,211,4.23,-0.2
07:31:21,"[258.0, 20]","[252.0, 56]","[261.96, 135]","[266.42, 26]",259.98,237,3.96,-0.36
07:31:22,"[258.0, 7]","[252.0, 28]","[260.86, 35]","[262.0, 35]",259.43,105,2.86,-0.33
07:31:23,"[250.41, 29]","[250.94, 34]","[259.67, 45]","[263.22, 45]",255.04,153,9.25,-0.18
07:31:24,"[248.27, 45]","[247.17, 75]","[258.43, 42]","[264.22, 45]",253.35,207,10.16,0.16
07:31:25,"[249.0, 28]","[247.0, 154]","[255.79, 43]","[257.64, 55]",252.4,280,6.79,0.3
07:31:26,"[247.77, 44]","[247.03, 60]","[254.38, 26]","[257.6, 20]",251.08,150,6.61,0.39
07:31:27,"[246.54, 35]","[245.35, 68]","[253.3, 40]","[256.1, 20]",249.92,163,6.76,0.26
07:31:28,"[248.0, 6]","[246.0, 12]","[252.93, 15]","[254.0, 12]",250.47,45,4.93,-0.2
07:31:29,"[248.5, 12]","[244.2, 101]","[254.82, 17]","[256.17, 23]",251.66,153,6.32,0.48
07:31:30,"[250.09, 11]","[244.0, 129]","[262.0, 44]","[264.0, 11]",256.05,195,11.91,0.44
07:31:31,"[253.92, 13]","[245.06, 63]","[260.08, 39]","[261.44, 34]",257.0,149,6.15,0.02
07:31:32,"[255.42, 12]","[247.29, 21]","[259.94, 50]","[261.22, 27]",257.68,110,4.52,-0.4
07:31:33,"[255.23, 13]","[249.78, 23]","[258.44, 36]","[260.24, 42]",256.84,114,3.21,-0.37
07:31:34,"[255.42, 12]","[251.8, 20]","[257.85, 26]","[260.57, 42]",256.63,100,2.43,-0.36
07:31:35,"[255.47, 17]","[250.85, 26]","[257.29, 34]","[264.0, 17]",256.38,94,1.82,-0.09
07:31:36,"[250.2, 20]","[246.4, 40]","[263.31, 51]","[264.86, 21]",256.76,132,13.11,-0.09
07:31:37,"[256.0, 34]","[252.32, 65]","[265.0, 116]","[351.79, 14]",260.5,229,9.0,-0.14
07:31:38,"[264.0, 36]","[261.0, 108]","[265.0, 108]","[413.91, 32]",264.5,284,1.0,0.01
07:31:39,"[264.0, 18]","[261.0, 54]","[265.0, 54]","[390.78, 18]",264.5,144,1.0,0.0
07:31:40,"[264.0, 41]","[261.0, 126]","[265.0, 126]","[316.89, 56]",264.5,349,1.0,-0.04
07:31:41,"[264.0, 14]","[261.0, 63]","[265.0, 63]","[329.0, 35]",264.5,175,1.0,-0.12
07:31:42,"[261.21, 57]","[256.8, 60]","[265.0, 72]","[304.27, 26]",263.11,215,3.79,0.09
07:31:43,"[261.29, 68]","[257.59, 74]","[264.88, 72]","[315.81, 48]",263.08,262,3.58,0.08
07:31:44,"[261.89, 57]","[260.67, 127]","[264.35, 31]","[266.05, 56]",263.12,271,2.46,0.36
07:31:45,"[261.0, 136]","[255.0, 119]","[268.79, 66]","[269.62, 32]",264.89,353,7.79,0.44
07:31:46,"[261.0, 56]","[255.0, 49]","[267.86, 14]","[269.0, 14]",264.43,133,6.86,0.58
07:31:47,"[261.0, 104]","[255.0, 91]","[266.0, 26]","[269.0, 26]",263.5,247,5.0,0.58
07:31:48,"[261.0, 70]","[255.15, 65]","[263.91, 22]","[269.36, 22]",262.45,179,2.91,0.51
07:31:49,"[262.14, 28]","[260.83, 24]","[269.0, 16]","[271.86, 28]",265.57,96,6.86,0.08
07:31:50,"[265.0, 18]","[261.0, 45]","[269.44, 36]","[271.0, 18]",267.22,117,4.44,0.08
07:31:51,"[265.0, 22]","[261.0, 55]","[266.88, 26]","[269.12, 32]",265.94,135,1.88,0.14
07:31:52,"[262.18, 17]","[260.89, 28]","[266.0, 32]","[271.0, 32]",264.09,109,3.82,-0.17
07:31:53,"[261.0, 32]","[260.0, 8]","[265.62, 32]","[270.88, 32]",263.31,104,4.62,-0.23
07:31:54,"[261.0, 20]","[260.0, 5]","[265.0, 20]","[270.0, 20]",263.0,65,4.0,-0.23
07:31:55,"[261.0, 60]","[260.0, 15]","[264.07, 60]","[270.0, 60]",262.53,195,3.07,-0.23
07:31:56,"[261.0, 44]","[260.0, 11]","[263.64, 44]","[270.0, 44]",262.32,143,2.64,-0.23
07:31:57,"[260.47, 17]","[259.03, 74]","[262.23, 47]","[267.9, 40]",261.35,178,1.76,0.02
07:31:58,"[260.0, 16]","[259.0, 128]","[261.0, 59]","[270.24, 74]",260.5,277,1.0,0.04
07:31:59,"[259.05, 65]","[257.82, 44]","[260.97, 31]","[270.54, 65]",260.01,205,1.92,0.06
07:32:00,"[259.0, 77]","[256.0, 22]","[261.0, 33]","[273.0, 52]",260.0,184,2.0,0.08
07:32:01,"[259.0, 84]","[256.0, 24]","[260.83, 36]","[273.0, 60]",259.92,204,1.83,0.06
07:32:02,"[259.0, 49]","[256.0, 22]","[260.0, 33]","[270.24, 63]",259.5,167,1.0,-0.15
07:32:03,"[259.0, 33]","[256.0, 22]","[260.0, 33]","[265.5, 56]",259.5,144,1.0,-0.24
07:32:04,"[257.84, 31]","[255.25, 56]","[263.83, 47]","[270.5, 88]",260.83,222,5.99,-0.22
07:32:05,"[256.0, 20]","[255.0, 70]","[261.4, 40]","[263.5, 32]",258.7,162,5.4,0.11
07:32:06,"[256.0, 32]","[255.0, 112]","[261.0, 64]","[266.11, 38]",258.5,246,5.0,0.17
07:32:07,"[256.23, 13]","[255.15, 41]","[261.0, 32]","[268.0, 16]",258.62,102,4.77,0.06
07:32:08,"[257.0, 8]","[256.0, 16]","[260.38, 32]","[268.0, 16]",258.69,72,3.38,-0.33
07:32:09,"[256.92, 24]","[255.86, 51]","[258.75, 89]","[268.16, 76]",257.83,240,1.84,-0.38
07:32:10,"[256.0, 26]","[255.0, 91]","[266.13, 15]","[268.29, 38]",261.07,170,10.13,0.38
07:32:11,"[256.0, 26]","[255.0, 91]","[263.86, 37]","[266.72, 39]",259.93,193,7.86,0.21
07:32:12,"[257.11, 18]","[255.53, 45]","[262.58, 38]","[265.42, 53]",259.85,154,5.47,-0.18
07:32:13,"[258.6, 10]","[256.86, 14]","[260.14, 28]","[261.55, 22]",259.37,74,1.54,-0.35
07:32:14,"[256.26, 27]","[255.2, 30]","[259.75, 48]","[265.06, 51]",258.0,156,3.49,-0.27
07:32:15,"[256.0, 28]","[255.0, 28]","[257.94, 17]","[259.05, 55]",256.97,128,1.94,-0.12
07:32:16,"[255.23, 26]","[251.67, 36]","[256.31, 13]","[259.0, 52]",255.77,127,1.08,-0.02
07:32:17,"[251.35, 46]","[249.78, 117]","[254.69, 49]","[257.3, 46]",253.02,258,3.35,0.26
07:32:18,"[250.07, 138]","[248.56, 54]","[252.51, 35]","[254.71, 42]",251.29,269,2.44,0.43
07:32:19,"[250.0, 145]","[245.97, 122]","[252.06, 36]","[258.26, 27]",251.03,330,2.06,0.62
07:32:20,"[250.09, 79]","[246.38, 73]","[260.09, 35]","[261.68, 31]",255.09,218,10.0,0.39
07:32:21,"[255.06, 119]","[250.61, 136]","[260.0, 75]","[261.0, 48]",257.53,378,4.94,0.35
07:32:22,"[259.0, 75]","[253.0, 81]","[260.0, 37]","[261.21, 19]",259.5,212,1.0,0.47
07:32:23,"[259.0, 56]","[253.0, 72]","[260.0, 12]","[262.0, 8]",259.5,148,1.0,0.73
07:32:24,"[259.0, 54]","[253.16, 49]","[260.0, 12]","[262.0, 6]",259.5,121,1.0,0.7
07:32:25,"[259.0, 90]","[254.02, 55]","[260.0, 20]","[262.0, 10]",259.5,175,1.0,0.66
07:32:26,"[259.0, 62]","[253.0, 72]","[260.0, 16]","[262.0, 8]",259.5,158,1.0,0.7
07:32:27,"[253.96, 75]","[250.95, 41]","[260.0, 20]","[262.11, 46]",256.98,182,6.04,0.27
07:32:28,"[253.0, 39]","[247.0, 12]","[260.0, 12]","[262.0, 30]",256.5,93,7.0,0.1
07:32:29,"[253.0, 60]","[247.0, 20]","[261.65, 34]","[262.7, 50]",257.32,164,8.65,-0.02
07:32:30,"[255.57, 65]","[252.65, 52]","[262.0, 40]","[263.0, 45]",258.78,202,6.43,0.16
07:32:31,"[257.0, 60]","[256.0, 135]","[261.83, 72]","[262.8, 75]",259.42,342,4.83,0.14
07:32:32,"[256.62, 47]","[255.19, 96]","[261.0, 56]","[262.97, 121]",258.81,320,4.38,-0.11
07:32:33,"[256.0, 88]","[252.0, 99]","[259.09, 44]","[263.0, 71]",257.55,302,3.09,0.24
07:32:34,"[256.0, 88]","[252.55, 33]","[260.31, 49]","[263.14, 35]",258.15,205,4.31,0.18
07:32:35,"[256.0, 64]","[253.0, 24]","[264.2, 50]","[277.64, 22]",260.1,160,8.2,0.1
07:32:36,"[257.54, 52]","[255.31, 52]","[265.24, 42]","[267.57, 84]",261.39,230,7.7,-0.1
07:32:37,"[256.21, 76]","[253.69, 35]","[262.23, 43]","[264.89, 47]",259.22,201,6.02,0.1
07:32:38,"[256.71, 56]","[255.81, 94]","[259.0, 48]","[266.31, 32]",257.86,230,2.29,0.3
07:32:39,"[256.09, 85]","[254.13, 45]","[258.89, 36]","[268.0, 45]",257.49,211,2.79,0.23
07:32:40,"[256.28, 64]","[254.25, 84]","[262.48, 44]","[268.16, 50]",259.38,242,6.2,0.22
07:32:41,"[256.0, 30]","[249.0, 30]","[266.7, 10]","[268.06, 34]",261.35,104,10.7,0.15
07:32:42,"[256.54, 37]","[251.0, 37]","[264.53, 15]","[267.33, 15]",260.54,104,7.99,0.42
07:32:43,"[259.0, 16]","[257.9, 20]","[264.0, 8]","[268.93, 30]",261.5,74,5.0,-0.03
07:32:44,"[260.04, 23]","[258.44, 27]","[263.4, 20]","[267.32, 38]",261.72,108,3.36,-0.07
07:32:45,"[259.75, 16]","[258.85, 26]","[262.1, 50]","[265.97, 29]",260.93,121,2.35,-0.31
07:32:46,"[259.23, 13]","[256.5, 36]","[260.38, 65]","[267.4, 30]",259.81,144,1.15,-0.32
07:32:47,"[259.0, 12]","[251.33, 24]","[263.38, 40]","[269.65, 43]",261.19,119,4.38,-0.39
07:32:48,"[247.39, 31]","[245.27, 41]","[252.88, 16]","[263.88, 16]",250.13,104,5.49,0.38
07:32:49,"[247.0, 24]","[245.0, 32]","[248.0, 16]","[253.8, 10]",247.5,82,1.0,0.37
07:32:50,"[247.13, 62]","[245.14, 86]","[248.74, 27]","[253.43, 21]",247.93,196,1.61,0.51
07:32:51,"[247.0, 66]","[244.73, 88]","[253.26, 19]","[255.6, 25]",250.13,198,6.26,0.56
07:32:52,"[247.0, 38]","[242.0, 64]","[254.0, 24]","[264.0, 8]",250.5,134,7.0,0.52
07:32:53,"[247.85, 26]","[246.23, 52]","[254.0, 36]","[264.0, 12]",250.92,126,6.15,0.24
07:32:54,"[248.0, 12]","[245.67, 24]","[254.0, 18]","[264.0, 6]",251.0,60,6.0,0.2
07:32:55,"[257.46, 37]","[245.88, 34]","[256.86, 21]","[265.41, 17]",257.16,109,-0.6,0.3
07:32:56,"[252.67, 15]","[244.93, 30]","[264.0, 6]","[266.0, 12]",258.33,63,11.33,0.43
07:32:57,"[252.5, 12]","[245.6, 30]","[264.0, 6]","[266.0, 12]",258.25,60,11.5,0.4
07:32:58,"[257.0, 20]","[248.7, 20]","[263.25, 16]","[265.33, 21]",260.12,77,6.25,0.04
07:32:59,"[257.0, 28]","[249.5, 28]","[260.29, 56]","[262.36, 56]",258.64,168,3.29,-0.33
07:33:00,"[252.2, 20]","[247.79, 56]","[259.3, 40]","[261.09, 22]",255.75,138,7.1,0.1
07:33:01,"[253.47, 19]","[247.19, 62]","[266.5, 20]","[268.0, 20]",259.99,121,13.03,0.34
07:33:02,"[254.67, 21]","[247.86, 70]","[267.0, 28]","[269.0, 28]",260.83,147,12.33,0.24
07:33:03,"[253.05, 20]","[249.0, 71]","[265.4, 30]","[269.0, 30]",259.23,151,12.35,0.21
07:33:04,"[257.44, 18]","[252.18, 88]","[264.54, 39]","[268.05, 38]",260.99,183,7.09,0.16
07:33:05,"[253.78, 110]","[251.1, 80]","[342.65, 49]","[463.77, 75]",298.22,314,88.87,0.21
07:33:06,"[252.0, 120]","[249.85, 52]","[275.27, 45]","[350.41, 68]",263.63,285,23.27,0.21
07:33:07,"[252.0, 88]","[249.9, 29]","[253.0, 11]","[268.4, 25]",252.5,153,1.0,0.53
07:33:08,"[252.0, 104]","[251.0, 13]","[261.22, 23]","[394.28, 36]",256.61,176,9.22,0.33
07:33:09,"[252.0, 104]","[251.0, 13]","[262.0, 51]","[264.0, 26]",257.0,194,10.0,0.21
07:33:10,"[254.12, 68]","[251.92, 52]","[262.0, 30]","[264.0, 20]",258.06,170,7.88,0.41
07:33:11,"[256.0, 60]","[250.58, 83]","[261.0, 30]","[264.0, 20]",258.5,193,5.0,0.48
07:33:12,"[256.09, 79]","[252.24, 66]","[258.41, 51]","[260.18, 51]",257.25,247,2.32,0.17
07:33:13,"[256.0, 59]","[249.0, 52]","[257.0, 33]","[260.71, 35]",256.5,179,1.0,0.24
07:33:14,"[250.26, 46]","[248.65, 23]","[264.66, 47]","[266.93, 28]",257.46,144,14.4,-0.04
07:33:15,"[260.14, 35]","[253.8, 25]","[265.0, 80]","[268.0, 32]",262.57,172,4.86,-0.3
07:33:16,"[260.38, 16]","[257.06, 17]","[264.27, 55]","[266.24, 34]",262.32,122,3.9,-0.46
07:33:17,"[260.0, 16]","[250.25, 8]","[265.0, 40]","[268.0, 31]",262.5,95,5.0,-0.49
07:33:18,"[260.0, 8]","[252.0, 4]","[265.0, 25]","[268.0, 8]",262.5,45,5.0,-0.47
07:33:19,"[260.0, 18]","[252.0, 9]","[265.0, 90]","[268.0, 18]",262.5,135,5.0,-0.6
07:33:20,"[260.0, 20]","[252.0, 10]","[265.0, 65]","[268.0, 20]",262.5,115,5.0,-0.48
07:33:21,"[260.0, 14]","[252.0, 7]","[264.17, 29]","[265.19, 32]",262.09,82,4.17,-0.49
07:33:22,"[260.0, 20]","[252.0, 10]","[264.0, 40]","[265.0, 50]",262.0,120,4.0,-0.5
07:33:23,"[255.47, 53]","[248.97, 29]","[263.38, 32]","[265.0, 40]",259.42,154,7.9,0.06
07:33:24,"[253.63, 81]","[248.89, 18]","[261.59, 17]","[263.64, 44]",257.61,160,7.96,0.24
07:33:25,"[250.0, 144]","[248.0, 18]","[255.41, 27]","[255.2, 20]",252.7,209,5.41,0.55
07:33:26,"[250.9, 80]","[249.75, 55]","[260.88, 48]","[263.17, 42]",255.89,225,9.97,0.2
07:33:27,"[254.27, 78]","[250.78, 72]","[263.0, 72]","[266.0, 24]",258.63,246,8.73,0.22
07:33:28,"[255.0, 63]","[252.45, 44]","[263.0, 76]","[266.0, 22]",259.0,205,8.0,0.04
07:33:29,"[256.1, 98]","[250.26, 68]","[259.98, 82]","[261.12, 80]",258.04,328,3.87,0.01
07:33:30,"[254.64, 33]","[250.03, 59]","[258.77, 52]","[261.85, 52]",256.7,196,4.13,-0.06
07:33:31,"[250.15, 53]","[249.36, 112]","[256.36, 56]","[261.11, 74]",253.25,295,6.21,0.12
07:33:32,"[253.14, 112]","[249.91, 22]","[254.8, 35]","[261.36, 77]",253.97,246,1.66,0.09
07:33:33,"[254.04, 85]","[249.23, 122]","[258.64, 44]","[265.62, 64]",256.34,315,4.6,0.31
07:33:34,"[257.0, 14]","[254.0, 56]","[265.0, 28]","[266.0, 70]",261.0,168,8.0,-0.17
07:33:35,"[257.0, 10]","[254.0, 40]","[265.0, 20]","[266.0, 50]",261.0,120,8.0,-0.17
07:33:36,"[257.97, 29]","[255.91, 11]","[265.0, 16]","[266.0, 40]",261.48,96,7.03,-0.17
07:33:37,"[258.5, 48]","[257.0, 12]","[265.0, 24]","[266.0, 60]",261.75,144,6.5,-0.17
07:33:38,"[259.0, 31]","[257.0, 10]","[265.0, 20]","[266.0, 50]",262.0,111,6.0,-0.26
07:33:39,"[259.12, 8]","[257.0, 8]","[265.71, 28]","[266.5, 40]",262.42,84,6.59,-0.62
07:33:40,"[257.09, 23]","[252.2, 50]","[266.0, 35]","[267.0, 35]",261.54,143,8.91,0.02
07:33:41,"[258.09, 11]","[257.0, 19]","[266.0, 55]","[267.0, 55]",262.05,140,7.91,-0.57
07:33:42,"[260.62, 26]","[257.33, 12]","[266.0, 60]","[267.0, 60]",263.31,158,5.38,-0.52
07:33:43,"[261.06, 35]","[258.14, 14]","[266.0, 60]","[267.0, 60]",263.53,169,4.94,-0.42
07:33:44,"[262.41, 34]","[261.0, 17]","[265.14, 37]","[266.06, 85]",263.77,173,2.72,-0.41
07:33:45,"[263.0, 36]","[261.0, 18]","[266.81, 75]","[267.86, 51]",264.91,180,3.81,-0.4
07:33:46,"[262.5, 16]","[260.43, 14]","[268.23, 26]","[270.82, 44]",265.37,100,5.73,-0.4
07:33:47,"[261.73, 11]","[260.05, 21]","[269.0, 22]","[271.0, 55]",265.36,109,7.27,-0.41
07:33:48,"[260.73, 26]","[258.36, 28]","[269.0, 28]","[271.0, 70]",264.87,152,8.27,-0.29
07:33:49,"[264.57, 63]","[259.42, 31]","[269.0, 26]","[271.0, 65]",266.79,185,4.43,0.02
07:33:50,"[261.0, 42]","[254.0, 14]","[268.0, 28]","[269.94, 34]",264.5,118,7.0,-0.05
07:33:51,"[261.0, 81]","[254.0, 71]","[266.8, 30]","[270.0, 30]",263.9,212,5.8,0.43
07:33:52,"[261.0, 70]","[254.0, 50]","[264.78, 27]","[267.2, 20]",262.89,167,3.78,0.44
07:33:53,"[261.0, 56]","[254.0, 40]","[263.62, 24]","[266.0, 16]",262.31,136,2.62,0.41
07:33:54,"[256.75, 81]","[253.75, 32]","[262.06, 34]","[268.15, 33]",259.41,180,5.31,0.26
07:33:55,"[255.12, 51]","[254.39, 46]","[260.09, 22]","[267.14, 28]",257.6,147,4.97,0.32
07:33:56,"[255.0, 70]","[254.0, 14]","[259.21, 28]","[270.0, 28]",257.11,140,4.21,0.2
07:33:57,"[255.0, 60]","[253.15, 27]","[258.0, 24]","[287.54, 26]",256.5,137,3.0,0.27
07:33:58,"[253.48, 42]","[252.5, 16]","[257.8, 20]","[306.53, 45]",255.64,123,4.32,-0.06
07:33:59,"[253.0, 44]","[252.0, 11]","[256.22, 23]","[269.33, 51]",254.61,129,3.22,-0.15
07:34:00,"[253.0, 32]","[252.0, 10]","[254.0, 30]","[260.57, 28]",253.5,100,1.0,-0.16
07:34:01,"[253.0, 14]","[252.0, 7]","[254.0, 21]","[264.0, 43]",253.5,85,1.0,-0.51
07:34:02,"[252.89, 18]","[251.44, 18]","[258.29, 42]","[264.23, 78]",255.59,156,5.4,-0.54
07:34:03,"[258.0, 46]","[253.65, 23]","[264.0, 72]","[267.0, 24]",261.0,165,6.0,-0.16
07:34:04,"[261.0, 14]","[258.0, 88]","[263.92, 59]","[265.26, 43]",262.46,204,2.92,0.0
07:34:05,"[261.0, 11]","[258.0, 88]","[262.82, 11]","[266.96, 73]",261.91,183,1.82,0.08
07:34:06,"[261.0, 10]","[258.0, 80]","[263.71, 14]","[266.4, 30]",262.36,134,2.71,0.34
07:34:07,"[261.62, 8]","[258.52, 29]","[266.0, 24]","[268.0, 24]",263.81,85,4.38,-0.13
07:34:08,"[262.0, 13]","[261.0, 22]","[266.0, 39]","[269.5, 48]",264.0,122,4.0,-0.43
07:34:09,"[262.64, 11]","[261.0, 11]","[266.0, 33]","[270.0, 44]",264.32,99,3.36,-0.56
07:34:10,"[264.64, 14]","[261.0, 14]","[266.0, 42]","[268.14, 56]",265.32,126,1.36,-0.56
07:34:11,"[265.0, 9]","[261.0, 9]","[266.0, 27]","[268.0, 36]",265.5,81,1.0,-0.56
07:34:12,"[260.96, 26]","[259.88, 8]","[266.0, 24]","[268.0, 32]",263.48,90,5.04,-0.24
07:34:13,"[260.0, 77]","[258.0, 11]","[266.0, 33]","[268.0, 44]",263.0,165,6.0,0.07
07:34:14,"[260.0, 56]","[258.0, 8]","[266.0, 24]","[268.0, 32]",263.0,120,6.0,0.07
07:34:15,"[260.0, 73]","[258.0, 11]","[265.12, 51]","[267.14, 35]",262.56,170,5.12,-0.01
07:34:16,"[260.0, 60]","[258.0, 12]","[264.21, 24]","[265.21, 52]",262.1,148,4.21,-0.03
07:34:17,"[260.25, 55]","[259.59, 44]","[261.83, 48]","[265.78, 72]",261.04,219,1.58,-0.1
07:34:18,"[260.0, 50]","[258.0, 15]","[269.33, 70]","[270.92, 78]",264.66,213,9.33,-0.39
07:34:19,"[260.0, 42]","[258.0, 14]","[267.65, 34]","[268.65, 40]",263.82,130,7.65,-0.14
07:34:20,"[260.46, 26]","[258.86, 14]","[267.0, 20]","[268.0, 30]",263.73,90,6.54,-0.11
07:34:21,"[257.16, 38]","[252.88, 68]","[265.88, 51]","[267.41, 44]",261.52,201,8.72,0.05
07:34:22,"[256.06, 36]","[252.11, 70]","[262.09, 44]","[263.28, 46]",259.07,196,6.04,0.08
07:34:23,"[258.18, 34]","[257.18, 34]","[260.82, 34]","[262.0, 51]",259.5,153,2.65,-0.11
07:34:24,"[259.76, 42]","[257.54, 26]","[261.67, 36]","[264.04, 28]",260.71,132,1.9,0.03
07:34:25,"[261.29, 56]","[260.12, 64]","[264.4, 45]","[266.38, 39]",262.84,204,3.11,0.18
07:34:26,"[256.18, 56]","[252.44, 73]","[264.09, 46]","[265.12, 48]",260.13,223,7.91,0.16
07:34:27,"[251.0, 338]","[246.0, 39]","[263.04, 69]","[265.03, 31]",257.02,477,12.04,0.58
07:34:28,"[251.46, 108]","[250.79, 193]","[262.11, 57]","[263.06, 54]",256.78,412,10.64,0.46
07:34:29,"[256.61, 46]","[254.22, 46]","[260.74, 61]","[262.36, 66]",258.67,219,4.13,-0.16
07:34:30,"[258.0, 32]","[254.64, 33]","[263.41, 46]","[264.53, 34]",260.71,145,5.41,-0.1
07:34:31,"[258.0, 30]","[250.0, 171]","[265.0, 45]","[267.0, 15]",261.5,261,7.0,0.54
07:34:32,"[258.62, 16]","[250.0, 48]","[265.0, 24]","[267.0, 8]",261.81,96,6.38,0.33
07:34:33,"[259.95, 172]","[251.45, 44]","[265.0, 42]","[267.0, 14]",262.48,272,5.05,0.59
07:34:34,"[260.02, 117]","[258.64, 33]","[265.0, 24]","[267.0, 8]",262.51,182,4.98,0.65
07:34:35,"[260.0, 150]","[253.0, 30]","[264.64, 33]","[265.88, 16]",262.32,229,4.64,0.57
07:34:36,"[260.0, 201]","[253.0, 45]","[262.87, 60]","[265.0, 45]",261.43,351,2.87,0.4
07:34:37,"[260.0, 208]","[253.0, 48]","[261.25, 64]","[265.9, 62]",260.62,382,1.25,0.34
07:34:38,"[260.0, 81]","[253.8, 30]","[265.55, 44]","[268.73, 44]",262.77,199,5.55,0.12
07:34:39,"[260.0, 42]","[257.0, 12]","[266.0, 20]","[269.0, 24]",263.0,98,6.0,0.1
07:34:40,"[260.0, 35]","[257.0, 10]","[266.0, 15]","[269.0, 20]",263.0,80,6.0,0.12
07:34:41,"[260.76, 37]","[258.91, 22]","[266.0, 33]","[269.0, 44]",263.38,136,5.24,-0.13
07:34:42,"[262.0, 14]","[260.0, 14]","[266.0, 21]","[269.0, 28]",264.0,77,4.0,-0.27
07:34:43,"[261.14, 14]","[258.88, 16]","[266.0, 24]","[269.0, 32]",263.57,86,4.86,-0.3
07:34:44,"[260.0, 14]","[257.0, 14]","[266.0, 21]","[269.03, 31]",263.0,80,6.0,-0.3
07:34:45,"[260.0, 8]","[257.0, 8]","[266.0, 12]","[269.0, 20]",263.0,48,6.0,-0.33
07:34:46,"[260.0, 25]","[257.0, 18]","[269.0, 45]","[270.0, 9]",264.5,97,9.0,-0.11
07:34:47,"[261.4, 43]","[257.65, 23]","[268.43, 70]","[269.13, 46]",264.91,182,7.03,-0.27
07:34:48,"[266.0, 14]","[260.0, 7]","[267.14, 35]","[270.23, 39]",266.57,95,1.14,-0.56
07:34:49,"[263.75, 8]","[258.2, 10]","[267.0, 35]","[271.0, 42]",265.38,95,3.25,-0.62
07:34:50,"[260.0, 17]","[257.0, 34]","[266.53, 85]","[270.42, 38]",263.26,174,6.53,-0.41
07:34:51,"[257.23, 13]","[253.82, 17]","[266.0, 35]","[270.0, 7]",261.62,72,8.77,-0.17
07:34:52,"[256.61, 33]","[254.33, 45]","[266.0, 75]","[270.0, 15]",261.3,168,9.39,-0.07
07:34:53,"[253.82, 22]","[250.58, 31]","[266.0, 45]","[270.0, 9]",259.91,107,12.18,-0.01
07:34:54,"[254.59, 102]","[252.81, 77]","[266.0, 65]","[270.0, 13]",260.29,257,11.41,0.39
07:34:55,"[258.75, 144]","[257.0, 36]","[266.0, 60]","[270.0, 12]",262.38,252,7.25,0.43
07:34:56,"[260.38, 192]","[256.09, 33]","[264.12, 80]","[265.54, 56]",262.25,361,3.75,0.25
07:34:57,"[260.7, 90]","[257.97, 29]","[263.18, 55]","[265.35, 43]",261.94,217,2.48,0.1
07:34:58,"[256.0, 34]","[253.34, 29]","[263.85, 41]","[267.05, 59]",259.93,163,7.85,-0.23
07:34:59,"[256.59, 51]","[253.75, 36]","[263.0, 13]","[264.0, 65]",259.79,165,6.41,0.05
07:35:00,"[258.78, 108]","[256.0, 48]","[261.95, 86]","[263.23, 22]",260.37,264,3.18,0.18
07:35:01,"[259.0, 25]","[256.0, 45]","[266.81, 47]","[268.26, 43]",262.9,160,7.81,-0.12
07:35:02,"[266.69, 51]","[260.97, 35]","[269.0, 65]","[271.0, 13]",267.84,164,2.31,0.05
07:35:03,"[267.0, 18]","[264.0, 27]","[269.0, 45]","[270.4, 15]",268.0,105,2.0,-0.14
07:35:04,"[265.31, 32]","[262.82, 51]","[270.0, 100]","[272.0, 13]",267.66,196,4.69,-0.15
07:35:05,"[264.0, 27]","[262.0, 45]","[270.0, 72]","[272.0, 9]",267.0,153,6.0,-0.06
07:35:06,"[264.29, 17]","[262.86, 35]","[269.0, 18]","[270.0, 55]",266.65,125,4.71,-0.17
07:35:07,"[265.0, 8]","[264.0, 24]","[269.0, 16]","[270.0, 44]",267.0,92,4.0,-0.3
07:35:08,"[265.0, 11]","[264.0, 33]","[268.09, 22]","[270.68, 71]",266.55,137,3.09,-0.36
07:35:09,"[265.0, 9]","[264.0, 27]","[267.89, 18]","[271.0, 72]",266.44,126,2.89,-0.43
07:35:10,"[264.08, 36]","[262.65, 20]","[268.64, 28]","[271.1, 61]",266.36,145,4.56,-0.23
07:35:11,"[263.29, 17]","[260.4, 30]","[268.82, 44]","[271.45, 22]",266.06,113,5.52,-0.17
07:35:12,"[260.18, 44]","[258.94, 102]","[269.35, 68]","[272.3, 23]",264.77,237,9.17,0.23
07:35:13,"[258.55, 58]","[257.36, 66]","[267.43, 28]","[268.43, 35]",262.99,187,8.88,0.33
07:35:14,"[258.0, 72]","[257.0, 72]","[265.8, 40]","[267.4, 40]",261.9,224,7.8,0.29
07:35:15,"[258.0, 66]","[257.0, 66]","[264.0, 22]","[265.0, 44]",261.0,198,6.0,0.33
07:35:16,"[258.0, 66]","[257.0, 66]","[264.0, 22]","[265.0, 44]",261.0,198,6.0,0.33
07:35:17,"[258.0, 96]","[257.0, 96]","[261.1, 42]","[261.96, 54]",259.55,288,3.1,0.33
07:35:18,"[258.0, 84]","[257.0, 84]","[260.0, 28]","[261.0, 56]",259.0,252,2.0,0.33
07:35:19,"[257.84, 50]","[256.96, 50]","[259.0, 10]","[262.27, 30]",258.42,140,1.16,0.43
07:35:20,"[257.0, 18]","[254.2, 10]","[262.5, 14]","[267.82, 34]",259.75,76,5.5,-0.26
07:35:21,"[257.0, 13]","[253.23, 13]","[268.7, 23]","[269.76, 42]",262.85,91,11.7,-0.43
07:35:22,"[257.0, 7]","[256.0, 7]","[268.0, 7]","[269.0, 14]",262.5,35,11.0,-0.2
07:35:23,"[258.47, 19]","[256.73, 11]","[267.57, 14]","[268.84, 19]",263.02,63,9.1,-0.05
07:35:24,"[259.67, 30]","[257.0, 15]","[265.92, 24]","[266.95, 21]",262.79,90,6.25,0.0
07:35:25,"[258.88, 24]","[254.47, 30]","[265.0, 32]","[266.0, 16]",261.94,102,6.12,0.06
07:35:26,"[255.85, 33]","[252.14, 14]","[263.7, 10]","[265.06, 17]",259.77,74,7.85,0.27
07:35:27,"[257.92, 97]","[254.71, 14]","[262.2, 15]","[265.81, 31]",260.06,157,4.28,0.41
07:35:28,"[259.0, 84]","[252.97, 37]","[267.82, 68]","[271.03, 62]",263.41,251,8.82,-0.04
07:35:29,"[259.32, 38]","[253.03, 36]","[268.0, 56]","[272.0, 32]",263.66,162,8.68,-0.09
07:35:30,"[261.19, 64]","[253.52, 25]","[264.98, 86]","[268.47, 103]",263.08,278,3.79,-0.36
07:35:31,"[263.0, 56]","[252.78, 63]","[267.79, 96]","[269.3, 20]",265.4,235,4.79,0.01
07:35:32,"[263.0, 48]","[260.0, 48]","[267.11, 62]","[269.88, 33]",265.06,191,4.11,0.01
07:35:33,"[266.0, 70]","[263.6, 40]","[267.0, 50]","[270.0, 30]",266.5,190,1.0,0.16
07:35:34,"[266.0, 63]","[264.0, 36]","[267.0, 45]","[270.0, 18]",266.5,162,1.0,0.22
07:35:35,"[266.0, 29]","[264.0, 28]","[267.0, 35]","[270.0, 14]",266.5,106,1.0,0.08
07:35:36,"[266.0, 18]","[264.0, 24]","[267.0, 30]","[270.0, 12]",266.5,84,1.0,0.0
07:35:37,"[266.0, 27]","[264.0, 40]","[267.0, 50]","[270.0, 20]",266.5,137,1.0,-0.02
07:35:38,"[266.0, 8]","[264.0, 16]","[267.0, 20]","[270.14, 7]",266.5,51,1.0,-0.06
07:35:39,"[264.0, 23]","[261.0, 72]","[266.5, 22]","[267.0, 20]",265.25,137,2.5,0.39
07:35:40,"[261.28, 53]","[260.45, 99]","[264.55, 11]","[266.0, 33]",262.91,196,3.26,0.55
07:35:41,"[261.0, 87]","[260.0, 108]","[262.67, 12]","[266.0, 36]",261.83,243,1.67,0.6
07:35:42,"[261.0, 9]","[260.0, 45]","[266.45, 11]","[269.83, 24]",263.73,89,5.45,0.21
07:35:43,"[261.0, 6]","[260.0, 54]","[268.0, 34]","[270.38, 29]",264.5,123,7.0,-0.02
07:35:44,"[261.0, 7]","[260.0, 63]","[265.29, 28]","[269.23, 35]",263.14,133,4.29,0.05
07:35:45,"[261.0, 9]","[260.0, 81]","[265.0, 36]","[271.37, 51]",263.0,177,4.0,0.02
07:35:46,"[260.01, 91]","[256.52, 69]","[264.0, 44]","[270.89, 63]",262.01,267,3.99,0.2
07:35:47,"[260.0, 81]","[256.0, 54]","[262.0, 36]","[268.63, 41]",261.0,212,2.0,0.27
07:35:48,"[260.0, 74]","[256.0, 84]","[261.43, 56]","[268.0, 70]",260.71,284,1.43,0.11
07:35:49,"[253.57, 56]","[250.92, 38]","[268.0, 50]","[269.0, 30]",260.79,174,14.43,0.08
07:35:50,"[252.4, 75]","[251.19, 64]","[267.43, 47]","[268.41, 51]",259.91,237,15.03,0.17
07:35:51,"[256.55, 53]","[253.71, 63]","[265.85, 39]","[266.95, 43]",261.2,198,9.3,0.17
07:35:52,"[257.51, 71]","[256.59, 51]","[264.29, 31]","[265.27, 41]",260.9,194,6.78,0.26
07:35:53,"[258.22, 92]","[257.29, 84]","[262.79, 43]","[263.69, 49]",260.5,268,4.57,0.31
07:35:54,"[258.65, 68]","[257.81, 104]","[260.3, 33]","[262.74, 38]",259.48,243,1.66,0.42
07:35:55,"[259.4, 90]","[257.0, 75]","[261.0, 15]","[265.0, 45]",260.2,225,1.6,0.47
07:35:56,"[258.29, 79]","[257.04, 74]","[263.82, 44]","[267.31, 105]",261.05,302,5.53,0.01
07:35:57,"[261.0, 36]","[260.0, 24]","[264.71, 31]","[267.21, 53]",262.85,144,3.71,-0.17
07:35:58,"[261.79, 14]","[260.94, 35]","[266.0, 36]","[268.93, 108]",263.89,193,4.21,-0.49
07:35:59,"[262.22, 9]","[261.0, 27]","[266.0, 27]","[269.0, 90]",264.11,153,3.78,-0.53
07:36:00,"[263.0, 9]","[261.0, 27]","[266.88, 34]","[269.14, 84]",264.94,154,3.88,-0.53
07:36:01,"[262.2, 15]","[260.63, 43]","[266.58, 52]","[268.43, 84]",264.39,194,4.38,-0.4
07:36:02,"[261.0, 13]","[260.0, 39]","[266.0, 39]","[267.69, 65]",263.5,156,5.0,-0.33
07:36:03,"[257.69, 52]","[257.37, 41]","[265.46, 39]","[266.59, 51]",261.58,183,7.77,0.02
07:36:04,"[258.0, 140]","[257.0, 56]","[265.0, 38]","[266.6, 67]",261.5,301,7.0,0.3
07:36:05,"[259.91, 110]","[257.0, 44]","[263.09, 22]","[267.0, 85]",261.5,261,3.18,0.18
07:36:06,"[261.44, 90]","[257.0, 36]","[263.0, 18]","[266.64, 42]",262.22,186,1.56,0.35
07:36:07,"[260.73, 75]","[257.06, 67]","[265.5, 48]","[266.44, 36]",263.12,226,4.77,0.26
07:36:08,"[260.0, 54]","[258.0, 80]","[266.0, 50]","[267.0, 20]",263.0,204,6.0,0.31
07:36:09,"[260.0, 36]","[258.0, 72]","[266.0, 45]","[267.0, 18]",263.0,171,6.0,0.26
07:36:10,"[262.56, 128]","[260.44, 72]","[266.0, 80]","[267.0, 32]",264.28,312,3.44,0.28
07:36:11,"[264.0, 100]","[263.0, 56]","[265.56, 54]","[266.42, 43]",264.78,253,1.56,0.23
07:36:12,"[264.0, 36]","[263.0, 40]","[266.58, 38]","[268.56, 39]",265.29,153,2.58,-0.01
07:36:13,"[264.0, 8]","[263.0, 32]","[268.0, 40]","[270.0, 52]",266.0,132,4.0,-0.39
07:36:14,"[263.11, 18]","[260.67, 36]","[268.0, 30]","[269.0, 18]",265.56,102,4.89,0.06
07:36:15,"[263.0, 16]","[260.0, 28]","[268.0, 20]","[269.0, 12]",265.5,76,5.0,0.16
07:36:16,"[263.0, 48]","[260.0, 84]","[268.0, 60]","[269.0, 36]",265.5,228,5.0,0.16
07:36:17,"[263.0, 30]","[260.0, 63]","[267.11, 45]","[268.68, 31]",265.06,169,4.11,0.1
07:36:18,"[263.0, 20]","[260.0, 70]","[266.0, 50]","[269.0, 30]",264.5,170,3.0,0.06
07:36:19,"[263.0, 30]","[260.0, 105]","[265.8, 75]","[269.0, 45]",264.4,255,2.8,0.06
07:36:20,"[263.0, 22]","[260.0, 77]","[264.18, 55]","[270.81, 37]",263.59,191,1.18,0.04
07:36:21,"[263.0, 30]","[260.0, 105]","[264.0, 75]","[271.46, 39]",263.5,249,1.0,0.08
07:36:22,"[260.24, 76]","[259.03, 31]","[266.75, 28]","[272.08, 61]",263.49,196,6.51,0.09
07:36:23,"[260.23, 52]","[259.57, 42]","[270.7, 37]","[272.27, 51]",265.47,182,10.47,0.03
07:36:24,"[261.0, 28]","[260.0, 58]","[269.07, 42]","[272.0, 56]",265.04,184,8.07,-0.07
07:36:25,"[261.0, 20]","[260.0, 40]","[268.0, 30]","[272.56, 50]",264.5,140,7.0,-0.14
07:36:26,"[260.24, 21]","[259.4, 20]","[267.75, 24]","[274.0, 112]",263.99,177,7.51,-0.54
07:36:27,"[261.0, 9]","[260.0, 36]","[267.0, 27]","[272.0, 45]",264.0,117,6.0,-0.23
07:36:28,"[262.08, 13]","[259.67, 18]","[267.0, 21]","[272.0, 35]",264.54,87,4.92,-0.29
07:36:29,"[261.55, 31]","[258.33, 18]","[266.0, 42]","[271.86, 58]",263.77,149,4.45,-0.34
07:36:30,"[260.0, 12]","[257.0, 12]","[265.83, 36]","[270.44, 36]",262.92,96,5.83,-0.5
07:36:31,"[260.98, 53]","[259.97, 91]","[265.0, 42]","[269.76, 46]",262.99,232,4.02,0.24
07:36:32,"[262.0, 168]","[261.0, 48]","[264.67, 36]","[269.25, 24]",263.33,276,2.67,0.57
07:36:33,"[262.0, 168]","[261.0, 48]","[263.58, 36]","[270.12, 25]",262.79,277,1.58,0.56
07:36:34,"[262.0, 126]","[260.12, 64]","[269.22, 27]","[272.4, 20]",265.61,237,7.22,0.6
07:36:35,"[262.87, 210]","[260.0, 120]","[271.0, 45]","[273.0, 30]",266.93,405,8.13,0.63
07:36:36,"[263.13, 97]","[262.37, 230]","[269.02, 43]","[272.14, 74]",266.08,444,5.89,0.47
07:36:37,"[263.01, 223]","[260.74, 170]","[264.33, 54]","[265.53, 43]",263.67,490,1.32,0.6
07:36:38,"[263.0, 69]","[260.0, 112]","[270.81, 74]","[273.02, 46]",266.91,301,7.81,0.2
07:36:39,"[263.52, 29]","[260.57, 79]","[273.0, 101]","[277.0, 26]",268.26,235,9.48,-0.08
07:36:40,"[263.2, 15]","[262.76, 25]","[272.78, 46]","[273.6, 53]",267.99,139,9.58,-0.42
07:36:41,"[260.0, 57]","[257.0, 16]","[271.74, 38]","[272.97, 130]",265.87,241,11.74,-0.39
07:36:42,"[260.0, 18]","[257.0, 9]","[270.26, 38]","[271.1, 39]",265.13,104,10.26,-0.48
07:36:43,"[260.75, 32]","[259.57, 28]","[270.0, 64]","[271.0, 80]",265.38,204,9.25,-0.41
07:36:44,"[261.0, 16]","[260.0, 16]","[270.0, 32]","[271.0, 40]",265.5,104,9.0,-0.38
07:36:45,"[261.0, 26]","[260.0, 26]","[269.06, 64]","[271.46, 69]",265.03,185,8.06,-0.44
07:36:46,"[261.0, 18]","[260.0, 18]","[269.0, 45]","[273.0, 72]",265.0,153,8.0,-0.53
07:36:47,"[261.05, 19]","[259.79, 48]","[269.0, 50]","[273.0, 80]",265.03,197,7.95,-0.32
07:36:48,"[261.62, 21]","[260.17, 84]","[269.0, 70]","[273.0, 112]",265.31,287,7.38,-0.27
07:36:49,"[260.58, 79]","[259.89, 139]","[268.0, 90]","[271.64, 106]",264.29,414,7.42,0.05
07:36:50,"[262.88, 24]","[260.0, 210]","[268.0, 70]","[270.0, 56]",265.44,360,5.12,0.3
07:36:51,"[263.0, 12]","[260.0, 180]","[267.25, 60]","[270.0, 50]",265.12,302,4.25,0.27
07:36:52,"[260.15, 139]","[259.72, 116]","[264.09, 86]","[267.13, 104]",262.12,445,3.94,0.15
07:36:53,"[260.0, 120]","[257.0, 12]","[261.75, 57]","[265.89, 38]",260.88,227,1.75,0.16
07:36:54,"[260.0, 72]","[256.16, 62]","[270.0, 18]","[273.0, 36]",265.0,188,10.0,0.43
07:36:55,"[260.0, 27]","[257.0, 18]","[270.0, 18]","[273.0, 36]",265.0,99,10.0,-0.09
07:36:56,"[260.0, 21]","[257.0, 14]","[270.0, 14]","[273.0, 28]",265.0,77,10.0,-0.09
07:36:57,"[259.03, 31]","[255.82, 34]","[270.4, 50]","[272.18, 68]",264.72,183,11.37,-0.29
07:36:58,"[257.0, 12]","[255.0, 24]","[270.0, 48]","[271.53, 68]",263.5,152,13.0,-0.53
07:36:59,"[255.0, 12]","[252.38, 64]","[269.71, 51]","[271.61, 61]",262.35,188,14.71,-0.19
07:37:00,"[254.0, 12]","[252.0, 84]","[268.07, 68]","[270.29, 56]",261.04,220,14.07,-0.13
07:37:01,"[254.0, 10]","[252.56, 45]","[267.92, 100]","[269.89, 70]",260.96,225,13.92,-0.51
07:37:02,"[254.0, 12]","[253.0, 60]","[266.12, 50]","[267.85, 110]",260.06,232,12.12,-0.38
07:37:03,"[254.13, 15]","[253.01, 71]","[262.36, 70]","[263.75, 65]",258.25,221,8.22,-0.22
07:37:04,"[255.41, 17]","[252.51, 76]","[258.75, 76]","[261.36, 66]",257.08,235,3.34,-0.21
07:37:05,"[258.51, 35]","[253.8, 61]","[262.77, 66]","[266.85, 75]",260.64,237,4.26,-0.19
07:37:06,"[255.08, 52]","[250.47, 51]","[264.42, 72]","[265.55, 69]",259.75,244,9.34,-0.16
07:37:07,"[252.0, 32]","[250.0, 16]","[260.31, 16]","[262.69, 64]",256.16,128,8.31,-0.25
07:37:08,"[252.0, 18]","[250.0, 9]","[263.53, 17]","[264.64, 33]",257.76,77,11.53,-0.3
07:37:09,"[252.0, 28]","[250.25, 16]","[259.75, 32]","[260.67, 24]",255.88,100,7.75,-0.12
07:37:10,"[252.22, 18]","[251.12, 16]","[257.83, 18]","[258.36, 14]",255.03,66,5.61,0.03
07:37:11,"[253.0, 56]","[252.0, 28]","[255.96, 28]","[256.89, 28]",254.48,140,2.96,0.2
07:37:12,"[253.1, 40]","[251.29, 28]","[261.46, 41]","[263.43, 42]",257.28,151,8.36,-0.1
07:37:13,"[251.2, 60]","[249.94, 52]","[256.78, 69]","[260.7, 37]",253.99,218,5.58,0.03
07:37:14,"[251.0, 44]","[250.0, 22]","[252.0, 23]","[254.0, 11]",251.5,100,1.0,0.32
07:37:15,"[251.0, 48]","[250.0, 24]","[252.83, 12]","[256.35, 17]",251.92,101,1.83,0.43
07:37:16,"[251.0, 24]","[250.0, 12]","[280.0, 18]","[373.19, 16]",265.5,70,29.0,0.03
07:37:17,"[252.17, 48]","[250.86, 42]","[398.29, 34]","[583.59, 44]",325.23,168,146.13,0.07
07:37:18,"[252.57, 56]","[250.88, 50]","[360.0, 52]","[421.93, 58]",306.29,216,107.43,-0.02
07:37:19,"[251.0, 36]","[249.0, 16]","[253.0, 9]","[392.0, 27]",252.0,88,2.0,0.18
07:37:20,"[251.0, 35]","[250.0, 9]","[252.06, 17]","[342.23, 13]",251.53,74,1.06,0.19
07:37:21,"[252.7, 37]","[251.42, 19]","[345.61, 28]","[511.39, 46]",299.15,130,92.9,-0.14
07:37:22,"[261.58, 60]","[260.0, 12]","[264.95, 42]","[449.05, 42]",263.27,156,3.37,-0.08
07:37:23,"[262.82, 55]","[260.47, 43]","[264.93, 43]","[411.74, 57]",263.87,198,2.11,-0.01
07:37:24,"[263.82, 44]","[261.0, 44]","[268.18, 44]","[295.0, 22]",266.0,154,4.36,0.14
07:37:25,"[264.0, 40]","[261.0, 40]","[270.0, 40]","[359.29, 21]",267.0,141,6.0,0.13
07:37:26,"[264.0, 34]","[261.0, 36]","[270.0, 36]","[416.56, 25]",267.0,131,6.0,0.07
07:37:27,"[264.0, 28]","[263.0, 154]","[267.71, 17]","[275.28, 53]",265.85,252,3.71,0.44
07:37:28,"[263.57, 21]","[262.83, 72]","[267.0, 7]","[269.14, 28]",265.29,128,3.43,0.45
07:37:29,"[263.0, 54]","[261.0, 36]","[267.0, 6]","[269.0, 24]",265.0,120,4.0,0.5
07:37:30,"[263.02, 55]","[261.4, 45]","[267.0, 7]","[269.0, 28]",265.01,135,3.98,0.48
07:37:31,"[263.0, 81]","[261.0, 54]","[267.0, 9]","[269.0, 36]",265.0,180,4.0,0.5
07:37:32,"[263.0, 63]","[261.0, 42]","[268.68, 19]","[301.29, 28]",265.84,152,5.68,0.38
07:37:33,"[263.0, 56]","[261.0, 54]","[268.08, 12]","[284.44, 36]",265.54,158,5.08,0.39
07:37:34,"[263.0, 56]","[261.0, 84]","[266.23, 26]","[269.09, 44]",264.62,210,3.23,0.33
07:37:35,"[263.0, 40]","[261.0, 60]","[265.0, 40]","[267.0, 10]",264.0,150,2.0,0.33
07:37:36,"[263.0, 48]","[261.0, 78]","[264.71, 34]","[267.69, 35]",263.85,195,1.71,0.29
07:37:37,"[261.86, 56]","[260.89, 54]","[267.27, 44]","[306.24, 34]",264.56,188,5.42,0.17
07:37:38,"[261.0, 44]","[260.0, 11]","[275.13, 15]","[302.31, 26]",268.07,96,14.13,0.15
07:37:39,"[261.0, 40]","[260.0, 10]","[270.47, 19]","[275.47, 17]",265.74,86,9.47,0.16
07:37:40,"[261.0, 24]","[260.0, 6]","[263.83, 18]","[274.38, 13]",262.42,61,2.83,-0.02
07:37:41,"[257.55, 62]","[256.48, 117]","[261.93, 43]","[268.42, 43]",259.74,265,4.38,0.35
07:37:42,"[257.37, 82]","[256.49, 126]","[261.37, 27]","[263.55, 67]",259.37,302,4.0,0.38
07:37:43,"[258.0, 45]","[257.0, 60]","[266.64, 56]","[266.28, 50]",262.32,211,8.64,-0.0
07:37:44,"[258.0, 27]","[257.0, 36]","[270.0, 36]","[271.0, 18]",264.0,117,12.0,0.08
07:37:45,"[267.0, 39]","[258.0, 39]","[270.0, 52]","[271.0, 26]",268.5,156,3.0,0.0
07:37:46,"[267.0, 24]","[263.0, 56]","[269.77, 26]","[270.45, 22]",268.38,128,2.77,0.25
07:37:47,"[267.0, 24]","[263.0, 56]","[268.88, 16]","[271.57, 28]",267.94,124,1.88,0.29
07:37:48,"[265.0, 24]","[262.14, 98]","[271.78, 46]","[286.21, 38]",268.39,206,6.78,0.18
07:37:49,"[263.0, 66]","[257.0, 98]","[269.57, 28]","[270.67, 30]",266.29,222,6.57,0.48
07:37:50,"[263.0, 33]","[257.6, 35]","[268.0, 22]","[269.0, 22]",265.5,112,5.0,0.21
07:37:51,"[261.0, 99]","[258.88, 113]","[266.24, 34]","[267.71, 34]",263.62,280,5.24,0.51
07:37:52,"[260.0, 74]","[257.0, 56]","[264.75, 16]","[267.0, 16]",262.38,162,4.75,0.6
07:37:53,"[260.0, 63]","[257.0, 49]","[263.86, 14]","[266.57, 14]",261.93,140,3.86,0.6
07:37:54,"[260.5, 54]","[259.38, 102]","[263.0, 24]","[264.0, 24]",261.75,204,2.5,0.53
07:37:55,"[260.31, 61]","[258.23, 95]","[262.73, 30]","[271.62, 52]",261.52,238,2.42,0.31
07:37:56,"[260.45, 11]","[258.25, 36]","[273.0, 32]","[277.5, 16]",266.73,95,12.55,-0.01
07:37:57,"[260.0, 8]","[257.0, 28]","[272.0, 16]","[279.0, 8]",266.0,60,12.0,0.2
07:37:58,"[260.0, 22]","[257.0, 37]","[269.02, 41]","[275.0, 28]",264.51,128,9.02,-0.08
07:37:59,"[260.88, 16]","[257.17, 35]","[270.25, 32]","[278.25, 16]",265.56,99,9.38,0.03
07:38:00,"[267.0, 19]","[260.0, 22]","[270.9, 40]","[295.18, 22]",268.95,103,3.9,-0.2
07:38:01,"[267.0, 9]","[260.0, 18]","[270.43, 42]","[288.89, 18]",268.71,87,3.43,-0.38
07:38:02,"[267.0, 5]","[260.0, 10]","[270.0, 25]","[279.0, 10]",268.5,50,3.0,-0.4
07:38:03,"[267.0, 8]","[260.25, 16]","[270.0, 40]","[277.75, 16]",268.5,80,3.0,-0.4
07:38:04,"[261.75, 16]","[257.65, 62]","[270.0, 50]","[277.0, 20]",265.88,148,8.25,0.05
07:38:05,"[257.18, 67]","[255.8, 45]","[270.0, 55]","[277.0, 22]",263.59,189,12.82,0.19
07:38:06,"[257.07, 75]","[255.38, 37]","[270.0, 55]","[277.0, 22]",263.53,189,12.93,0.19
07:38:07,"[259.57, 70]","[257.9, 78]","[268.91, 44]","[270.21, 67]",264.24,259,9.34,0.14
07:38:08,"[262.07, 75]","[260.0, 75]","[267.17, 41]","[270.8, 71]",264.62,262,5.1,0.15
07:38:09,"[263.0, 64]","[260.0, 70]","[265.55, 40]","[270.75, 60]",264.27,234,2.55,0.15
07:38:10,"[262.57, 35]","[259.59, 87]","[264.45, 47]","[273.05, 95]",263.51,264,1.88,-0.08
07:38:11,"[260.39, 41]","[257.75, 80]","[274.0, 45]","[276.0, 18]",267.2,184,13.61,0.32
07:38:12,"[261.0, 44]","[260.0, 75]","[274.0, 75]","[275.8, 30]",267.5,224,13.0,0.06
07:38:13,"[261.0, 14]","[260.0, 35]","[274.0, 35]","[276.0, 14]",267.5,98,13.0,0.0
07:38:14,"[260.62, 39]","[259.67, 72]","[273.07, 27]","[273.42, 66]",266.84,204,12.46,0.09
07:38:15,"[260.17, 48]","[259.11, 72]","[270.25, 36]","[272.74, 68]",265.21,224,10.08,0.07
07:38:16,"[260.0, 60]","[258.0, 48]","[269.0, 12]","[271.17, 60]",264.5,180,9.0,0.2
07:38:17,"[260.0, 60]","[258.0, 48]","[268.0, 12]","[271.93, 30]",264.0,150,8.0,0.44
07:38:18,"[260.0, 50]","[258.0, 40]","[269.12, 16]","[273.0, 20]",264.56,126,9.12,0.43
07:38:19,"[260.0, 29]","[258.0, 32]","[268.53, 19]","[270.75, 16]",264.26,96,8.53,0.27
07:38:20,"[260.0, 33]","[258.0, 44]","[267.64, 33]","[269.18, 22]",263.82,132,7.64,0.17
07:38:21,"[262.57, 42]","[258.0, 38]","[266.06, 32]","[269.57, 21]",264.32,133,3.49,0.2
07:38:22,"[260.0, 15]","[257.0, 36]","[261.0, 45]","[267.0, 27]",260.5,123,1.0,-0.17
07:38:23,"[260.0, 11]","[257.0, 44]","[261.0, 55]","[267.0, 33]",260.5,143,1.0,-0.23
07:38:24,"[260.0, 7]","[257.0, 28]","[261.0, 35]","[267.0, 21]",260.5,91,1.0,-0.23
07:38:25,"[257.52, 29]","[256.8, 25]","[261.0, 30]","[268.51, 37]",259.26,121,3.48,-0.11
07:38:26,"[257.88, 34]","[256.98, 49]","[259.27, 41]","[263.88, 26]",258.58,150,1.39,0.11
07:38:27,"[257.87, 93]","[256.92, 39]","[263.25, 24]","[268.67, 18]",260.56,174,5.38,0.52
07:38:28,"[258.0, 93]","[257.0, 44]","[261.73, 33]","[264.63, 19]",259.86,189,3.73,0.45
07:38:29,"[258.36, 50]","[257.0, 56]","[260.25, 60]","[262.43, 42]",259.31,208,1.89,0.02
07:38:30,"[256.97, 31]","[253.62, 24]","[259.0, 90]","[264.56, 54]",257.98,199,2.03,-0.45
07:38:31,"[252.25, 20]","[250.08, 65]","[257.73, 96]","[266.2, 55]",254.99,236,5.48,-0.28
07:38:32,"[251.32, 19]","[249.18, 68]","[257.0, 24]","[264.58, 33]",254.16,144,5.68,0.21
07:38:33,"[248.15, 78]","[247.4, 50]","[256.42, 24]","[263.0, 36]",252.29,188,8.26,0.36
07:38:34,"[248.0, 96]","[246.0, 48]","[254.47, 15]","[259.6, 20]",251.23,179,6.47,0.61
07:38:35,"[248.0, 96]","[246.05, 42]","[251.92, 12]","[253.0, 12]",249.96,162,3.92,0.7
07:38:36,"[248.0, 56]","[246.0, 28]","[260.68, 22]","[267.06, 17]",254.34,123,12.68,0.37
07:38:37,"[248.16, 76]","[246.62, 64]","[260.12, 40]","[261.94, 35]",254.14,215,11.97,0.3
07:38:38,"[249.0, 21]","[247.0, 56]","[258.69, 29]","[259.42, 19]",253.84,125,9.69,0.23
07:38:39,"[249.75, 12]","[247.0, 32]","[257.64, 14]","[258.83, 18]",253.7,76,7.89,0.16
07:38:40,"[250.0, 36]","[246.05, 83]","[256.33, 60]","[258.0, 36]",253.17,215,6.33,0.11
07:38:41,"[251.47, 85]","[247.05, 77]","[254.96, 85]","[259.0, 52]",253.22,299,3.49,0.08
07:38:42,"[252.67, 49]","[251.83, 72]","[261.93, 42]","[264.57, 14]",257.3,177,9.26,0.37
07:38:43,"[255.06, 36]","[254.0, 28]","[260.0, 18]","[262.1, 20]",257.53,102,4.94,0.25
07:38:44,"[255.71, 70]","[249.31, 52]","[258.18, 34]","[260.0, 27]",256.95,183,2.46,0.33
07:38:45,"[246.29, 112]","[245.52, 46]","[256.0, 14]","[259.0, 28]",251.14,200,9.71,0.58
07:38:46,"[250.82, 101]","[249.4, 111]","[254.1, 20]","[258.08, 52]",252.46,284,3.28,0.49
07:38:47,"[254.21, 87]","[252.71, 116]","[258.27, 45]","[259.45, 40]",256.24,288,4.06,0.41
07:38:48,"[257.75, 60]","[256.88, 51]","[259.44, 32]","[260.15, 40]",258.59,183,1.69,0.21
07:38:49,"[257.67, 75]","[256.0, 90]","[260.0, 41]","[262.0, 15]",258.83,221,2.33,0.49
07:38:50,"[259.78, 77]","[257.95, 74]","[261.16, 19]","[268.24, 37]",260.47,207,1.38,0.46
07:38:51,"[261.0, 37]","[260.0, 78]","[262.0, 13]","[318.89, 27]",261.5,155,1.0,0.48
07:38:52,"[261.0, 8]","[260.0, 48]","[262.0, 8]","[402.0, 21]",261.5,85,1.0,0.32
07:38:53,"[260.05, 44]","[259.3, 40]","[544.86, 14]","[621.44, 18]",402.45,116,284.81,0.45
07:38:54,"[260.0, 24]","[259.0, 16]","[426.75, 4]","[577.0, 8]",343.38,52,166.75,0.54
07:38:55,"[260.0, 36]","[259.0, 24]","[484.29, 7]","[577.17, 12]",372.14,79,224.29,0.52
07:38:56,"[260.0, 78]","[259.0, 52]","[290.06, 17]","[464.37, 19]",275.03,166,30.06,0.57
07:38:57,"[260.0, 54]","[259.0, 36]","[444.56, 32]","[462.0, 18]",352.28,140,184.56,0.29
07:38:58,"[260.0, 42]","[259.0, 28]","[412.96, 26]","[436.0, 20]",336.48,116,152.96,0.21
07:38:59,"[259.69, 39]","[257.62, 52]","[277.18, 28]","[327.89, 45]",268.44,164,17.49,0.11
07:39:00,"[257.0, 45]","[250.0, 75]","[260.0, 50]","[264.4, 20]",258.5,190,3.0,0.26
07:39:01,"[256.0, 78]","[246.0, 117]","[279.45, 49]","[324.09, 22]",267.72,266,23.45,0.47
07:39:02,"[256.0, 68]","[246.0, 117]","[324.08, 24]","[395.0, 20]",290.04,229,68.08,0.62
07:39:03,"[256.57, 23]","[254.6, 77]","[289.08, 36]","[365.0, 21]",272.82,157,32.52,0.27
07:39:04,"[256.16, 38]","[254.41, 64]","[257.93, 45]","[345.9, 41]",257.05,188,1.78,0.09
07:39:05,"[256.0, 48]","[253.0, 58]","[258.48, 21]","[394.0, 24]",257.24,151,2.48,0.4
07:39:06,"[256.0, 56]","[253.0, 84]","[260.0, 14]","[375.2, 49]",258.0,203,4.0,0.38
07:39:07,"[256.0, 8]","[253.0, 12]","[260.0, 2]","[369.0, 10]",258.0,32,4.0,0.25
07:39:08,"[257.53, 68]","[254.83, 46]","[260.0, 10]","[361.63, 38]",258.76,162,2.47,0.41
07:39:09,"[257.44, 126]","[255.57, 42]","[413.33, 30]","[423.57, 35]",335.39,233,155.89,0.44
07:39:10,"[257.0, 147]","[256.0, 28]","[384.45, 20]","[383.55, 29]",320.73,224,127.45,0.56
07:39:11,"[258.44, 45]","[257.0, 189]","[332.7, 27]","[348.56, 27]",295.57,288,74.26,0.62
07:39:12,"[259.97, 336]","[256.78, 92]","[268.0, 38]","[276.89, 38]",263.99,504,8.03,0.7
07:39:13,"[260.0, 329]","[256.0, 48]","[263.6, 40]","[264.57, 28]",261.8,445,3.6,0.69
07:39:14,"[261.81, 194]","[260.0, 96]","[263.0, 46]","[264.0, 36]",262.41,372,1.19,0.56
07:39:15,"[261.19, 96]","[259.6, 80]","[263.82, 33]","[368.25, 24]",262.5,233,2.63,0.51
07:39:16,"[262.5, 48]","[260.0, 64]","[264.0, 24]","[430.38, 16]",263.25,152,1.5,0.47
07:39:17,"[263.0, 60]","[260.0, 80]","[264.0, 30]","[380.8, 20]",263.5,190,1.0,0.47
07:39:18,"[261.91, 66]","[259.65, 68]","[279.11, 27]","[414.9, 20]",270.51,181,17.2,0.48
07:39:19,"[261.04, 25]","[259.86, 112]","[302.0, 30]","[405.2, 30]",281.52,197,40.96,0.39
07:39:20,"[260.0, 50]","[258.0, 40]","[284.6, 20]","[552.6, 20]",272.3,130,24.6,0.38
07:39:21,"[260.09, 22]","[258.48, 21]","[283.0, 10]","[535.8, 10]",271.55,63,22.91,0.37
07:39:22,"[260.33, 60]","[258.99, 71]","[263.61, 31]","[282.54, 26]",261.97,188,3.28,0.39
07:39:23,"[260.0, 45]","[258.0, 36]","[301.15, 13]","[336.22, 18]",280.58,112,41.15,0.45
07:39:24,"[261.0, 14]","[260.0, 35]","[531.29, 14]","[727.57, 14]",396.14,77,270.29,0.27
07:39:25,"[260.0, 16]","[258.0, 32]","[476.0, 18]","[711.25, 16]",368.0,82,216.0,0.17
07:39:26,"[260.0, 16]","[258.0, 32]","[265.0, 24]","[408.62, 16]",262.5,88,5.0,0.09
07:39:27,"[260.0, 20]","[258.0, 40]","[264.27, 41]","[363.2, 20]",262.13,121,4.27,-0.01
07:39:28,"[260.0, 9]","[258.0, 24]","[264.0, 30]","[267.0, 12]",262.0,75,4.0,-0.12
07:39:29,"[259.0, 16]","[257.84, 38]","[264.0, 50]","[267.0, 20]",261.5,124,5.0,-0.13
07:39:30,"[260.0, 3]","[258.0, 12]","[264.0, 15]","[267.0, 6]",262.0,36,4.0,-0.17
07:39:31,"[260.0, 7]","[258.0, 28]","[264.0, 35]","[267.0, 14]",262.0,84,4.0,-0.17
07:39:32,"[260.0, 10]","[258.0, 40]","[262.1, 50]","[264.63, 38]",261.05,138,2.1,-0.28
07:39:33,"[258.06, 33]","[257.14, 28]","[265.62, 29]","[269.93, 27]",261.84,117,7.56,0.04
07:39:34,"[258.0, 44]","[257.0, 33]","[264.18, 44]","[266.27, 11]",261.09,132,6.18,0.17
07:39:35,"[259.36, 56]","[258.0, 56]","[264.0, 55]","[269.0, 14]",261.68,181,4.64,0.24
07:39:36,"[261.0, 89]","[257.47, 57]","[263.08, 39]","[266.12, 24]",262.04,209,2.08,0.4
07:39:37,"[261.0, 27]","[258.0, 18]","[262.0, 18]","[267.41, 41]",261.5,104,1.0,-0.13
07:39:38,"[261.0, 18]","[258.0, 16]","[265.0, 25]","[267.54, 28]",263.0,87,4.0,-0.22
07:39:39,"[258.0, 26]","[256.0, 39]","[266.08, 65]","[267.19, 53]",262.04,183,8.08,-0.29
07:39:40,"[258.0, 20]","[256.0, 30]","[263.2, 50]","[265.0, 50]",260.6,150,5.2,-0.33
07:39:41,"[258.54, 26]","[256.2, 20]","[262.0, 35]","[264.37, 27]",260.27,108,3.46,-0.15
07:39:42,"[260.4, 47]","[259.59, 88]","[263.17, 42]","[269.83, 42]",261.79,219,2.76,0.23
07:39:43,"[258.12, 25]","[256.11, 38]","[268.04, 46]","[269.48, 21]",263.08,130,9.92,-0.03
07:39:44,"[259.24, 51]","[258.68, 88]","[267.27, 60]","[269.0, 15]",263.25,214,8.03,0.3
07:39:45,"[259.0, 120]","[258.0, 40]","[265.68, 76]","[266.18, 40]",262.34,276,6.68,0.16
07:39:46,"[259.33, 27]","[258.5, 36]","[265.0, 48]","[268.0, 12]",262.17,123,5.67,0.02
07:39:47,"[260.0, 14]","[258.33, 21]","[265.0, 56]","[268.0, 14]",262.5,105,5.0,-0.33
07:39:48,"[261.62, 16]","[259.88, 16]","[265.0, 64]","[268.62, 16]",263.31,112,3.38,-0.43
07:39:49,"[262.41, 17]","[260.59, 17]","[265.0, 68]","[269.0, 17]",263.71,119,2.59,-0.43
07:39:50,"[264.0, 9]","[261.0, 9]","[265.0, 36]","[269.0, 9]",264.5,63,1.0,-0.43
07:39:51,"[262.5, 8]","[259.0, 12]","[265.0, 28]","[269.0, 8]",263.75,56,2.5,-0.29
07:39:52,"[261.0, 10]","[258.0, 20]","[265.0, 30]","[269.0, 10]",263.0,70,4.0,-0.14
07:39:53,"[257.5, 10]","[250.53, 90]","[263.37, 46]","[264.93, 28]",260.43,174,5.87,0.15
07:39:54,"[256.56, 18]","[251.73, 89]","[260.22, 90]","[261.22, 90]",258.39,287,3.67,-0.25
07:39:55,"[258.0, 15]","[256.0, 15]","[259.27, 75]","[262.78, 69]",258.63,174,1.27,-0.66
07:39:56,"[257.29, 14]","[255.2, 41]","[261.69, 49]","[268.54, 56]",259.49,160,4.41,-0.31
07:39:57,"[257.0, 14]","[256.0, 14]","[265.9, 30]","[268.96, 46]",261.45,104,8.9,-0.46
07:39:58,"[257.0, 12]","[256.0, 12]","[263.0, 18]","[266.2, 45]",260.0,87,6.0,-0.45
07:39:59,"[256.78, 9]","[253.41, 29]","[261.0, 9]","[265.0, 34]",258.89,81,4.22,-0.06
07:40:00,"[256.0, 16]","[252.38, 80]","[260.0, 24]","[263.0, 16]",258.0,136,4.0,0.41
07:40:01,"[256.0, 12]","[252.0, 60]","[258.25, 24]","[261.0, 12]",257.12,108,2.25,0.33
07:40:02,"[252.73, 60]","[247.62, 148]","[258.75, 24]","[265.0, 45]",255.74,277,6.02,0.5
07:40:03,"[256.12, 57]","[253.14, 63]","[259.09, 47]","[262.76, 17]",257.6,184,2.96,0.3
07:40:04,"[256.0, 78]","[252.0, 85]","[257.53, 68]","[265.85, 39]",256.76,270,1.53,0.21
07:40:05,"[254.33, 48]","[251.07, 43]","[260.64, 44]","[267.12, 32]",257.48,167,6.3,0.09
07:40:06,"[247.85, 59]","[245.23, 86]","[267.0, 44]","[268.0, 11]",257.42,200,19.15,0.45
07:40:07,"[247.0, 45]","[246.0, 54]","[267.04, 27]","[268.38, 13]",257.02,139,20.04,0.42
07:40:08,"[258.69, 65]","[246.4, 50]","[267.0, 27]","[268.0, 9]",262.85,151,8.31,0.52
07:40:09,"[266.0, 140]","[247.0, 70]","[267.0, 42]","[268.0, 14]",266.5,266,1.0,0.58
07:40:10,"[262.48, 54]","[246.56, 72]","[267.0, 30]","[268.0, 10]",264.74,166,4.52,0.52
07:40:11,"[247.0, 25]","[246.0, 80]","[267.0, 15]","[268.0, 5]",257.0,125,20.0,0.68
07:40:12,"[247.0, 90]","[246.0, 288]","[263.0, 38]","[265.81, 42]",255.0,458,16.0,0.65
07:40:13,"[248.87, 45]","[246.33, 102]","[263.14, 37]","[266.03, 31]",256.0,215,14.27,0.37
07:40:14,"[250.29, 42]","[247.37, 49]","[264.0, 40]","[267.0, 24]",257.14,155,13.71,0.17
07:40:15,"[249.5, 120]","[247.23, 97]","[264.0, 65]","[267.0, 39]",256.75,321,14.5,0.35
07:40:16,"[258.75, 64]","[256.79, 67]","[264.0, 50]","[267.0, 30]",261.38,211,5.25,0.24
07:40:17,"[259.0, 30]","[257.0, 5]","[264.0, 25]","[267.0, 15]",261.5,75,5.0,-0.07
07:40:18,"[260.0, 84]","[257.0, 14]","[264.0, 70]","[267.0, 42]",262.0,210,4.0,-0.07
07:40:19,"[260.64, 67]","[257.0, 12]","[264.0, 60]","[267.0, 36]",262.32,175,3.36,-0.1
07:40:20,"[262.08, 25]","[259.55, 11]","[264.0, 55]","[267.0, 33]",263.04,124,1.92,-0.42
07:40:21,"[261.8, 15]","[260.07, 28]","[263.75, 40]","[265.26, 43]",262.77,126,1.95,-0.32
07:40:22,"[260.04, 54]","[258.44, 25]","[262.4, 30]","[263.74, 54]",261.22,163,2.36,-0.03
07:40:23,"[258.57, 23]","[252.62, 24]","[261.0, 28]","[263.0, 28]",259.78,103,2.43,-0.09
07:40:24,"[253.67, 18]","[248.31, 78]","[260.33, 36]","[262.22, 36]",257.0,168,6.67,0.14
07:40:25,"[252.0, 12]","[248.0, 72]","[257.5, 24]","[258.83, 24]",254.75,132,5.5,0.27
07:40:26,"[249.52, 29]","[247.83, 69]","[254.0, 28]","[258.29, 31]",251.76,157,4.48,0.25
07:40:27,"[248.0, 84]","[244.0, 14]","[252.0, 14]","[261.92, 78]",250.0,190,4.0,0.03
07:40:28,"[248.0, 38]","[244.0, 13]","[250.54, 13]","[258.68, 41]",249.27,105,2.54,-0.03
07:40:29,"[248.0, 13]","[244.0, 13]","[250.0, 13]","[251.0, 13]",249.0,52,2.0,0.0
07:40:30,"[248.0, 12]","[244.0, 12]","[256.34, 38]","[258.31, 26]",252.17,88,8.34,-0.45
07:40:31,"[248.0, 9]","[244.0, 9]","[258.14, 43]","[260.57, 35]",253.07,96,10.14,-0.62
07:40:32,"[249.29, 17]","[246.8, 10]","[257.62, 40]","[258.45, 40]",253.46,107,8.33,-0.5
07:40:33,"[253.25, 32]","[251.93, 91]","[257.0, 39]","[258.0, 65]",255.12,227,3.75,0.08
07:40:34,"[254.89, 38]","[251.46, 103]","[258.62, 101]","[260.14, 92]",256.76,334,3.73,-0.16
07:40:35,"[257.76, 68]","[256.67, 61]","[260.0, 129]","[264.0, 32]",258.88,290,2.24,-0.11
07:40:36,"[259.86, 28]","[259.0, 44]","[262.93, 29]","[264.52, 29]",261.39,130,3.07,0.11
07:40:37,"[261.0, 22]","[260.0, 52]","[263.0, 33]","[265.36, 22]",262.0,129,2.0,0.15
07:40:38,"[261.77, 26]","[260.53, 68]","[263.0, 39]","[264.0, 52]",262.38,185,1.23,0.02
07:40:39,"[261.0, 36]","[260.0, 36]","[262.02, 41]","[263.83, 24]",261.51,137,1.02,0.05
07:40:40,"[261.0, 22]","[260.0, 36]","[262.0, 45]","[265.0, 9]",261.5,112,1.0,0.04
07:40:41,"[260.0, 12]","[257.0, 4]","[261.75, 20]","[265.0, 4]",260.88,40,1.75,-0.2
07:40:42,"[258.83, 23]","[256.17, 42]","[260.08, 60]","[266.96, 45]",259.45,170,1.26,-0.24
07:40:43,"[257.0, 19]","[256.0, 133]","[264.9, 42]","[265.47, 38]",260.95,232,7.9,0.31
07:40:44,"[257.0, 10]","[256.0, 70]","[261.62, 26]","[262.14, 14]",259.31,120,4.62,0.33
07:40:45,"[257.5, 14]","[256.06, 67]","[260.0, 13]","[261.0, 39]",258.75,133,2.5,0.22
07:40:46,"[257.92, 26]","[256.19, 43]","[259.28, 25]","[261.74, 19]",258.6,113,1.36,0.22
07:40:47,"[257.3, 10]","[256.04, 51]","[259.0, 20]","[269.91, 23]",258.15,104,1.7,0.17
07:40:48,"[256.15, 33]","[253.49, 51]","[266.08, 26]","[329.45, 29]",261.11,139,9.93,0.21
07:40:49,"[255.2, 20]","[247.14, 28]","[267.0, 30]","[271.0, 24]",261.1,102,11.8,-0.06
07:40:50,"[248.0, 7]","[246.0, 42]","[266.67, 15]","[267.97, 33]",257.33,97,18.67,0.01
07:40:51,"[246.46, 39]","[245.66, 59]","[260.88, 17]","[263.2, 54]",253.67,169,14.42,0.16
07:40:52,"[248.45, 80]","[246.57, 28]","[259.79, 14]","[263.53, 49]",254.12,171,11.34,0.26
07:40:53,"[250.75, 72]","[247.0, 24]","[257.71, 24]","[261.19, 27]",254.23,147,6.96,0.31
07:40:54,"[253.78, 74]","[247.0, 28]","[257.11, 36]","[259.33, 21]",255.45,159,3.33,0.28
07:40:55,"[255.0, 9]","[247.56, 18]","[258.0, 54]","[260.0, 18]",256.5,99,3.0,-0.45
07:40:56,"[252.22, 23]","[247.62, 32]","[256.41, 64]","[258.03, 36]",254.31,155,4.19,-0.29
07:40:57,"[250.0, 50]","[248.0, 20]","[254.65, 26]","[258.86, 42]",252.33,138,4.65,0.01
07:40:58,"[250.0, 35]","[248.0, 14]","[253.0, 14]","[260.16, 19]",251.5,82,3.0,0.2
07:40:59,"[249.2, 25]","[246.2, 61]","[253.0, 16]","[257.0, 16]",251.1,118,3.8,0.46
07:41:00,"[248.33, 18]","[246.31, 78]","[252.0, 26]","[256.58, 24]",250.17,146,3.67,0.32
07:41:01,"[246.79, 61]","[245.44, 71]","[251.0, 59]","[252.0, 38]",248.89,229,4.21,0.15
07:41:02,"[247.39, 126]","[245.16, 61]","[251.0, 32]","[252.0, 36]",249.19,255,3.61,0.47
07:41:03,"[248.25, 56]","[243.0, 40]","[251.0, 8]","[252.0, 16]",249.62,120,2.75,0.6
07:41:04,"[248.74, 80]","[240.77, 52]","[251.5, 20]","[253.33, 30]",250.12,182,2.76,0.45
07:41:05,"[241.0, 10]","[238.0, 10]","[252.0, 10]","[256.0, 10]",246.5,40,11.0,0.0
07:41:06,"[242.25, 48]","[240.1, 20]","[253.6, 20]","[258.91, 44]",247.93,132,11.35,0.03
07:41:07,"[243.0, 72]","[241.0, 24]","[256.0, 24]","[260.0, 96]",249.5,216,13.0,-0.11
07:41:08,"[243.04, 56]","[241.5, 24]","[258.49, 49]","[261.54, 52]",250.76,181,15.45,-0.12
07:41:09,"[244.0, 32]","[243.0, 96]","[255.86, 76]","[277.28, 58]",249.93,262,11.86,-0.02
07:41:10,"[244.82, 44]","[243.33, 36]","[247.65, 34]","[263.32, 41]",246.23,155,2.83,0.03
07:41:11,"[244.64, 28]","[239.83, 36]","[254.78, 41]","[258.33, 36]",249.71,141,10.14,-0.09
07:41:12,"[245.91, 44]","[240.56, 71]","[253.24, 68]","[256.11, 45]",249.57,228,7.33,0.01
07:41:13,"[247.17, 58]","[246.2, 60]","[250.97, 74]","[253.76, 83]",249.07,275,3.8,-0.14
07:41:14,"[249.62, 21]","[248.08, 26]","[251.0, 17]","[252.0, 72]",250.31,136,1.38,-0.31
07:41:15,"[250.5, 20]","[247.4, 43]","[287.11, 55]","[318.21, 61]",268.8,179,36.61,-0.3
07:41:16,"[251.76, 34]","[247.88, 32]","[286.0, 26]","[445.61, 36]",268.88,128,34.24,0.03
07:41:17,"[258.87, 67]","[256.0, 32]","[286.0, 28]","[334.5, 42]",272.43,169,27.13,0.17
07:41:18,"[260.0, 84]","[258.0, 26]","[286.0, 26]","[346.38, 39]",273.0,175,26.0,0.26
07:41:19,"[260.05, 22]","[258.35, 17]","[534.93, 15]","[657.18, 17]",397.49,71,274.89,0.1
07:41:20,"[261.0, 11]","[260.0, 33]","[527.07, 28]","[664.76, 29]",394.04,101,266.07,-0.13
07:41:21,"[261.0, 9]","[260.0, 27]","[501.38, 42]","[593.31, 39]",381.19,117,240.38,-0.38
07:41:22,"[260.58, 26]","[258.84, 31]","[461.07, 29]","[524.41, 61]",360.82,147,200.49,-0.22
07:41:23,"[259.08, 25]","[255.74, 54]","[277.32, 25]","[374.5, 28]",268.2,132,18.24,0.2
07:41:24,"[255.26, 46]","[254.22, 54]","[259.38, 32]","[261.87, 15]",257.32,147,4.11,0.36
07:41:25,"[255.0, 42]","[254.0, 42]","[259.0, 28]","[264.0, 7]",257.0,119,4.0,0.41
07:41:26,"[255.0, 66]","[254.0, 66]","[258.91, 44]","[263.18, 11]",256.95,187,3.91,0.41
07:41:27,"[255.0, 42]","[254.0, 48]","[258.0, 32]","[263.12, 8]",256.5,130,3.0,0.38
07:41:28,"[254.48, 58]","[253.68, 62]","[256.42, 38]","[260.0, 30]",255.45,188,1.94,0.28
07:41:29,"[254.0, 42]","[253.0, 44]","[263.36, 33]","[290.09, 34]",258.68,153,9.36,0.12
07:41:30,"[256.42, 48]","[255.14, 58]","[267.0, 75]","[268.0, 30]",261.71,211,10.58,0.0
07:41:31,"[259.0, 33]","[253.55, 44]","[265.69, 52]","[268.0, 28]",262.35,157,6.69,-0.02
07:41:32,"[259.0, 27]","[253.34, 35]","[268.0, 18]","[269.0, 45]",263.5,125,9.0,-0.01
07:41:33,"[259.0, 24]","[253.0, 32]","[268.0, 16]","[269.0, 40]",263.5,112,9.0,0.0
07:41:34,"[259.0, 19]","[253.0, 36]","[267.33, 18]","[268.95, 42]",263.17,115,8.33,-0.04
07:41:35,"[259.0, 12]","[253.0, 48]","[262.0, 24]","[265.27, 33]",260.5,117,3.0,0.03
07:41:36,"[256.75, 16]","[254.0, 36]","[262.0, 20]","[264.0, 50]",259.38,122,5.25,-0.15
07:41:37,"[257.17, 46]","[255.74, 35]","[262.0, 22]","[264.0, 55]",259.59,158,4.83,0.03
07:41:38,"[258.22, 45]","[257.35, 40]","[262.0, 18]","[265.0, 18]",260.11,121,3.78,0.4
07:41:39,"[257.43, 40]","[257.76, 34]","[262.0, 24]","[265.0, 24]",259.71,122,4.57,0.21
07:41:40,"[257.0, 33]","[256.0, 16]","[261.33, 24]","[263.5, 16]",259.17,89,4.33,0.1
07:41:41,"[257.0, 36]","[256.0, 18]","[260.56, 36]","[262.67, 18]",258.78,108,3.56,0.0
07:41:42,"[258.21, 38]","[257.0, 76]","[260.0, 76]","[264.8, 40]",259.11,230,1.79,-0.01
07:41:43,"[257.0, 36]","[256.0, 18]","[260.0, 18]","[265.0, 18]",258.5,90,3.0,0.2
07:41:44,"[259.03, 62]","[256.4, 40]","[263.08, 52]","[262.8, 40]",261.05,194,4.04,0.05
07:41:45,"[266.0, 30]","[257.0, 60]","[268.0, 60]","[287.08, 39]",267.0,189,2.0,-0.05
07:41:46,"[266.0, 20]","[259.33, 30]","[267.36, 33]","[285.67, 43]",266.68,126,1.36,-0.21
07:41:47,"[265.82, 22]","[262.83, 24]","[267.0, 49]","[273.0, 44]",266.41,139,1.18,-0.34
07:41:48,"[262.96, 27]","[259.39, 79]","[266.0, 11]","[267.0, 47]",264.48,164,3.04,0.29
07:41:49,"[260.0, 77]","[257.0, 44]","[264.87, 15]","[267.15, 41]",262.43,177,4.87,0.37
07:41:50,"[260.0, 91]","[257.0, 52]","[262.49, 45]","[263.58, 33]",261.24,221,2.49,0.29
07:41:51,"[260.0, 37]","[257.0, 64]","[261.0, 80]","[262.0, 16]",260.5,197,1.0,0.03
07:41:52,"[257.47, 30]","[254.87, 30]","[261.26, 27]","[271.12, 32]",259.36,119,3.79,0.01
07:41:53,"[257.15, 104]","[256.05, 38]","[260.52, 21]","[268.91, 47]",258.84,210,3.37,0.35
07:41:54,"[258.0, 91]","[257.0, 90]","[263.17, 53]","[268.42, 67]",260.58,301,5.17,0.2
07:41:55,"[258.44, 36]","[257.0, 54]","[267.0, 45]","[269.0, 36]",262.72,171,8.56,0.05
07:41:56,"[257.8, 30]","[255.57, 63]","[267.28, 29]","[269.33, 24]",262.54,146,9.48,0.27
07:41:57,"[257.09, 66]","[255.15, 162]","[269.0, 48]","[271.0, 48]",263.05,324,11.91,0.41
07:41:58,"[258.0, 39]","[257.0, 78]","[269.0, 52]","[271.0, 52]",263.5,221,11.0,0.06
07:41:59,"[257.07, 45]","[255.1, 117]","[269.0, 32]","[271.0, 32]",263.03,226,11.93,0.43
07:42:00,"[257.0, 60]","[255.0, 150]","[269.0, 40]","[271.0, 40]",263.0,290,12.0,0.45
07:42:01,"[257.82, 98]","[256.14, 105]","[268.25, 16]","[269.15, 52]",263.03,271,10.43,0.5
07:42:02,"[258.0, 112]","[257.0, 84]","[265.5, 26]","[267.58, 52]",261.75,274,7.5,0.43
07:42:03,"[258.27, 120]","[255.52, 162]","[263.75, 24]","[265.29, 21]",261.01,327,5.48,0.72
07:42:04,"[259.0, 83]","[255.02, 138]","[265.36, 44]","[270.03, 30]",262.18,295,6.36,0.5
07:42:05,"[260.57, 65]","[259.38, 42]","[268.0, 98]","[275.29, 56]",264.28,261,7.43,-0.18
07:42:06,"[262.0, 104]","[256.0, 13]","[268.0, 87]","[276.38, 52]",265.0,256,6.0,-0.09
07:42:07,"[262.0, 99]","[256.0, 13]","[266.0, 52]","[268.0, 39]",264.0,203,4.0,0.1
07:42:08,"[260.5, 20]","[255.17, 30]","[266.0, 40]","[268.0, 30]",263.25,120,5.5,-0.17
07:42:09,"[259.08, 13]","[256.23, 13]","[265.12, 32]","[267.43, 42]",262.1,100,6.05,-0.48
07:42:10,"[260.94, 16]","[259.0, 16]","[263.81, 32]","[268.0, 78]",262.38,142,2.88,-0.55
07:42:11,"[262.0, 12]","[259.0, 12]","[263.0, 24]","[268.75, 36]",262.5,84,1.0,-0.43
07:42:12,"[261.62, 8]","[258.62, 8]","[264.06, 17]","[269.32, 25]",262.84,58,2.43,-0.45
07:42:13,"[259.0, 12]","[256.0, 12]","[269.09, 55]","[273.08, 48]",264.05,127,10.09,-0.62
07:42:14,"[259.0, 17]","[256.0, 17]","[267.92, 65]","[269.97, 73]",263.46,172,8.92,-0.6
07:42:15,"[255.15, 48]","[249.88, 60]","[263.37, 19]","[267.94, 95]",259.26,222,8.22,-0.03
07:42:16,"[248.7, 40]","[233.49, 49]","[257.0, 39]","[265.0, 13]",252.85,141,8.3,0.26
07:42:17,"[248.0, 45]","[245.0, 60]","[256.23, 31]","[257.19, 43]",252.11,179,8.23,0.17
07:42:18,"[248.0, 60]","[245.0, 80]","[253.85, 47]","[254.81, 53]",250.93,240,5.85,0.17
07:42:19,"[248.0, 33]","[245.0, 52]","[253.15, 26]","[258.54, 39]",250.58,150,5.15,0.13
07:42:20,"[248.0, 19]","[245.1, 42]","[251.08, 24]","[259.0, 36]",249.54,121,3.08,0.01
07:42:21,"[248.0, 13]","[247.0, 13]","[251.0, 26]","[252.54, 39]",249.5,91,3.0,-0.43
07:42:22,"[248.0, 29]","[247.0, 13]","[250.23, 26]","[251.83, 29]",249.12,97,2.23,-0.13
07:42:23,"[249.87, 46]","[248.27, 60]","[251.22, 18]","[254.21, 43]",250.55,167,1.35,0.27
07:42:24,"[251.87, 15]","[249.31, 51]","[258.15, 67]","[260.98, 82]",255.01,215,6.28,-0.39
07:42:25,"[253.0, 20]","[252.0, 24]","[257.25, 40]","[260.0, 120]",255.12,204,4.25,-0.57
07:42:26,"[254.16, 19]","[252.73, 49]","[256.92, 39]","[259.4, 60]",255.54,167,2.77,-0.19
07:42:27,"[255.76, 21]","[253.1, 21]","[259.32, 57]","[262.15, 67]",257.54,166,3.55,-0.49
07:42:28,"[246.5, 28]","[243.71, 28]","[262.0, 36]","[266.58, 60]",254.25,152,15.5,-0.26
07:42:29,"[247.25, 16]","[242.79, 58]","[261.38, 26]","[268.89, 38]",254.32,138,14.13,0.07
07:42:30,"[244.01, 100]","[242.26, 19]","[256.83, 18]","[258.1, 30]",250.42,167,12.82,0.43
07:42:31,"[244.4, 105]","[243.31, 35]","[253.42, 19]","[257.0, 142]",248.91,301,9.02,-0.07
07:42:32,"[246.0, 36]","[244.0, 12]","[250.92, 12]","[255.81, 84]",248.46,144,4.92,-0.33
07:42:33,"[247.67, 21]","[246.61, 31]","[250.0, 17]","[252.0, 65]",248.83,134,2.33,-0.22
07:42:34,"[248.31, 39]","[244.0, 13]","[250.0, 26]","[252.0, 65]",249.15,143,1.69,-0.27
07:42:35,"[242.17, 41]","[239.85, 20]","[251.71, 41]","[255.75, 44]",246.94,146,9.54,-0.16
07:42:36,"[242.5, 96]","[237.42, 62]","[252.0, 70]","[255.0, 42]",247.25,270,9.5,0.17
07:42:37,"[243.23, 78]","[238.89, 54]","[252.0, 35]","[255.0, 21]",247.62,188,8.77,0.4
07:42:38,"[246.39, 33]","[244.42, 65]","[252.0, 45]","[255.0, 27]",249.2,170,5.61,0.15
07:42:39,"[250.2, 20]","[248.5, 16]","[252.0, 60]","[253.75, 48]",251.1,144,1.8,-0.5
07:42:40,"[249.86, 14]","[239.45, 67]","[252.0, 39]","[253.0, 55]",250.93,175,2.14,-0.07
07:42:41,"[239.3, 66]","[238.09, 176]","[249.9, 30]","[252.74, 47]",244.6,319,10.6,0.52
07:42:42,"[239.0, 88]","[238.0, 220]","[245.0, 23]","[252.0, 66]",242.0,397,6.0,0.55
07:42:43,"[239.06, 68]","[238.09, 176]","[251.53, 45]","[252.69, 58]",245.3,347,12.47,0.41
07:42:44,"[240.0, 38]","[238.64, 112]","[250.85, 39]","[252.12, 80]",245.42,269,10.85,0.12
07:42:45,"[241.71, 34]","[238.96, 216]","[248.9, 61]","[251.57, 105]",245.3,416,7.2,0.2
07:42:46,"[243.0, 22]","[238.0, 108]","[246.82, 33]","[249.0, 55]",244.91,218,3.82,0.19
07:42:47,"[243.0, 18]","[238.0, 72]","[245.22, 27]","[249.23, 39]",244.11,156,2.22,0.15
07:42:48,"[243.93, 30]","[237.5, 127]","[245.0, 45]","[250.0, 45]",244.47,247,1.07,0.27
07:42:49,"[244.0, 16]","[237.0, 72]","[248.68, 19]","[252.21, 34]",246.34,141,4.68,0.25
07:42:50,"[244.08, 26]","[237.19, 85]","[252.0, 26]","[253.0, 65]",248.04,202,7.92,0.1
07:42:51,"[245.0, 14]","[241.0, 7]","[252.29, 17]","[253.03, 31]",248.65,69,7.29,-0.39
07:42:52,"[245.0, 20]","[239.0, 10]","[252.0, 20]","[253.0, 85]",248.5,135,7.0,-0.56
07:42:53,"[246.73, 30]","[236.53, 93]","[251.88, 32]","[252.99, 142]",249.3,297,5.14,-0.17
07:42:54,"[247.5, 28]","[238.0, 56]","[250.71, 68]","[251.47, 38]",249.1,190,3.21,-0.12
07:42:55,"[239.23, 35]","[236.48, 83]","[249.0, 28]","[251.0, 48]",244.11,194,9.77,0.22
07:42:56,"[239.38, 24]","[237.71, 63]","[247.25, 24]","[251.0, 53]",243.31,164,7.88,0.06
07:42:57,"[240.0, 10]","[239.0, 40]","[245.0, 20]","[250.27, 55]",242.5,125,5.0,-0.2
07:42:58,"[240.0, 11]","[239.0, 44]","[245.91, 22]","[249.88, 50]",242.95,127,5.91,-0.13
07:42:59,"[242.0, 9]","[238.83, 29]","[250.0, 8]","[251.0, 72]",246.0,118,8.0,-0.36
07:43:00,"[248.62, 13]","[239.28, 39]","[250.93, 73]","[251.26, 61]",249.77,186,2.32,-0.44
07:43:01,"[241.4, 15]","[236.44, 34]","[251.0, 36]","[252.0, 18]",246.2,103,9.6,-0.05
07:43:02,"[238.81, 72]","[237.86, 70]","[251.0, 72]","[252.0, 24]",244.9,238,12.19,0.19
07:43:03,"[241.93, 112]","[239.53, 83]","[251.0, 98]","[252.0, 28]",246.46,321,9.07,0.21
07:43:04,"[244.5, 144]","[239.12, 165]","[251.47, 64]","[252.95, 43]",247.98,416,6.97,0.49
07:43:05,"[245.39, 92]","[240.88, 102]","[251.0, 11]","[253.0, 33]",248.2,238,5.61,0.63
07:43:06,"[247.0, 110]","[246.0, 90]","[251.0, 10]","[253.0, 30]",249.0,240,4.0,0.67
07:43:07,"[247.57, 112]","[246.0, 126]","[255.28, 36]","[258.64, 25]",251.42,299,7.71,0.59
07:43:08,"[249.18, 107]","[248.0, 110]","[273.29, 59]","[291.13, 52]",261.23,328,24.11,0.32
07:43:09,"[254.28, 43]","[252.82, 45]","[296.14, 37]","[433.43, 35]",275.21,160,41.86,0.1
07:43:10,"[261.93, 105]","[260.0, 31]","[300.15, 53]","[435.49, 51]",281.04,240,38.22,0.13
07:43:11,"[262.0, 95]","[260.0, 135]","[289.91, 47]","[385.62, 58]",275.96,335,27.91,0.37
07:43:12,"[262.81, 21]","[261.14, 42]","[268.07, 42]","[335.35, 49]",265.44,154,5.26,-0.18
07:43:13,"[263.0, 14]","[262.0, 28]","[266.36, 42]","[458.0, 28]",264.68,112,3.36,-0.25
07:43:14,"[262.14, 21]","[260.15, 78]","[389.3, 44]","[458.79, 29]",325.72,172,127.15,0.15
07:43:15,"[260.8, 40]","[259.46, 139]","[376.13, 30]","[413.36, 66]",318.47,275,115.33,0.3
07:43:16,"[260.0, 42]","[259.0, 228]","[312.49, 43]","[333.35, 23]",286.24,336,52.49,0.61
07:43:17,"[260.0, 36]","[259.0, 204]","[312.0, 60]","[313.0, 24]",286.0,324,52.0,0.48
07:43:18,"[260.0, 30]","[259.0, 170]","[312.0, 50]","[313.0, 20]",286.0,270,52.0,0.48
07:43:19,"[259.23, 66]","[258.93, 88]","[310.32, 19]","[311.64, 22]",284.77,195,51.09,0.58
07:43:20,"[259.0, 255]","[257.0, 15]","[307.08, 63]","[308.05, 42]",283.04,375,48.08,0.44
07:43:21,"[259.81, 118]","[258.28, 81]","[303.07, 44]","[305.38, 26]",281.44,269,43.25,0.48
07:43:22,"[265.0, 44]","[259.0, 187]","[301.27, 55]","[305.0, 22]",283.14,308,36.27,0.5
07:43:23,"[265.0, 44]","[259.14, 59]","[300.91, 55]","[304.68, 25]",282.95,183,35.91,0.13
07:43:24,"[260.42, 110]","[256.0, 40]","[288.89, 36]","[298.96, 51]",274.65,237,28.47,0.27
07:43:25,"[259.0, 210]","[255.0, 88]","[294.03, 35]","[297.86, 35]",276.51,368,35.03,0.62
07:43:26,"[259.66, 136]","[257.29, 140]","[290.55, 55]","[291.55, 55]",275.1,386,30.88,0.43
07:43:27,"[265.0, 51]","[259.0, 272]","[286.59, 85]","[288.18, 85]",275.79,493,21.59,0.31
07:43:28,"[259.0, 165]","[255.0, 110]","[284.64, 55]","[286.27, 55]",271.82,385,25.64,0.43
07:43:29,"[259.22, 219]","[256.2, 186]","[281.14, 70]","[282.57, 67]",270.18,542,21.92,0.49
07:43:30,"[260.32, 152]","[259.16, 101]","[278.27, 55]","[279.64, 55]",269.29,363,17.96,0.39
07:43:31,"[261.81, 190]","[259.0, 237]","[276.79, 73]","[278.56, 61]",269.3,561,14.98,0.52
07:43:32,"[262.0, 180]","[259.0, 234]","[274.13, 69]","[274.7, 64]",268.07,547,12.13,0.51
07:43:33,"[262.25, 120]","[259.0, 156]","[270.27, 45]","[272.03, 29]",266.26,350,8.02,0.58
07:43:34,"[263.0, 170]","[259.09, 185]","[268.03, 73]","[268.9, 77]",265.51,505,5.03,0.41
07:43:35,"[263.0, 71]","[260.0, 32]","[264.92, 38]","[265.88, 40]",263.96,181,1.92,0.14
07:43:36,"[260.95, 41]","[259.2, 79]","[263.96, 25]","[265.1, 40]",262.46,185,3.01,0.3
07:43:37,"[259.4, 45]","[258.9, 60]","[261.11, 9]","[302.25, 24]",260.26,138,1.71,0.52
07:43:38,"[259.0, 126]","[258.0, 28]","[292.68, 44]","[454.72, 54]",275.84,252,33.68,0.22
07:43:39,"[259.0, 81]","[258.0, 18]","[264.78, 27]","[289.11, 27]",261.89,153,5.78,0.29
07:43:40,"[259.0, 73]","[258.0, 16]","[264.0, 24]","[265.0, 24]",261.5,137,5.0,0.3
07:43:41,"[259.01, 69]","[257.77, 30]","[263.0, 36]","[312.0, 40]",261.01,175,3.99,0.13
07:43:42,"[259.0, 11]","[258.0, 11]","[261.29, 35]","[324.7, 27]",260.14,84,2.29,-0.48
07:43:43,"[255.63, 49]","[254.94, 54]","[260.26, 68]","[275.0, 52]",257.95,223,4.63,-0.08
07:43:44,"[256.76, 85]","[254.38, 34]","[319.02, 48]","[404.02, 61]",287.89,228,62.26,0.04
07:43:45,"[259.63, 54]","[257.4, 50]","[359.93, 30]","[499.17, 36]",309.78,170,100.3,0.22
07:43:46,"[260.0, 56]","[255.0, 28]","[353.61, 31]","[526.32, 57]",306.81,172,93.61,-0.02
07:43:47,"[260.0, 44]","[255.0, 22]","[415.14, 42]","[518.0, 48]",337.57,156,155.14,-0.15
07:43:48,"[259.62, 26]","[257.67, 30]","[441.67, 36]","[510.63, 52]",350.64,144,182.05,-0.22
07:43:49,"[259.0, 18]","[255.0, 18]","[604.0, 18]","[764.56, 43]",431.5,97,345.0,-0.26
07:43:50,"[259.0, 14]","[255.0, 14]","[705.05, 19]","[735.12, 16]",482.03,63,446.05,-0.11
07:43:51,"[259.0, 14]","[255.0, 14]","[378.36, 33]","[708.33, 18]",318.68,79,119.36,-0.29
07:43:52,"[254.61, 18]","[253.2, 10]","[309.0, 35]","[590.86, 14]",281.81,77,54.39,-0.27
07:43:53,"[254.0, 18]","[252.0, 6]","[317.67, 27]","[496.62, 13]",285.83,64,63.67,-0.25
07:43:54,"[254.62, 32]","[230.64, 22]","[410.5, 20]","[492.65, 31]",332.56,105,155.88,0.03
07:43:55,"[256.0, 60]","[249.0, 10]","[353.5, 20]","[432.4, 30]",304.75,120,97.5,0.17
07:43:56,"[256.0, 66]","[249.0, 11]","[312.0, 22]","[486.91, 33]",284.0,132,56.0,0.17
07:43:57,"[256.0, 18]","[249.0, 3]","[312.0, 6]","[576.0, 9]",284.0,36,56.0,0.17
07:43:58,"[256.0, 34]","[249.0, 8]","[311.29, 28]","[546.55, 22]",283.64,92,55.29,-0.09
07:43:59,"[258.09, 164]","[255.4, 35]","[293.82, 34]","[310.37, 43]",275.95,276,35.74,0.44
07:44:00,"[259.77, 167]","[259.22, 165]","[269.06, 69]","[283.33, 36]",264.42,437,9.29,0.52
07:44:01,"[260.0, 153]","[256.06, 34]","[263.27, 37]","[267.41, 34]",261.64,258,3.27,0.45
07:44:02,"[260.0, 181]","[256.0, 44]","[261.11, 45]","[262.06, 53]",260.56,323,1.11,0.39
07:44:03,"[260.0, 90]","[256.0, 40]","[271.8, 35]","[289.58, 33]",265.9,198,11.8,0.31
07:44:04,"[260.0, 30]","[256.0, 24]","[301.25, 16]","[381.89, 18]",280.62,88,41.25,0.23
07:44:05,"[260.0, 15]","[256.0, 28]","[383.0, 23]","[428.08, 26]",321.5,92,123.0,-0.07
07:44:06,"[260.0, 10]","[256.0, 40]","[412.22, 23]","[632.23, 31]",336.11,104,152.22,-0.04
07:44:07,"[260.81, 26]","[259.22, 32]","[383.72, 57]","[504.18, 28]",322.26,143,122.91,-0.19
07:44:08,"[260.84, 32]","[259.26, 34]","[399.18, 66]","[539.18, 44]",330.01,176,138.34,-0.25
07:44:09,"[260.11, 19]","[258.74, 42]","[440.61, 36]","[578.92, 26]",350.36,123,180.51,-0.01
07:44:10,"[260.0, 36]","[259.0, 48]","[431.28, 47]","[441.07, 44]",345.64,175,171.28,-0.04
07:44:11,"[260.0, 15]","[259.0, 20]","[345.0, 15]","[347.0, 25]",302.5,75,85.0,-0.07
07:44:12,"[259.73, 37]","[258.13, 46]","[344.5, 42]","[417.69, 49]",302.11,174,84.77,-0.05
07:44:13,"[259.0, 22]","[255.0, 14]","[321.58, 31]","[333.63, 27]",290.29,94,62.58,-0.23
07:44:14,"[259.55, 44]","[258.05, 42]","[301.5, 42]","[312.36, 47]",280.52,175,41.95,-0.02
07:44:15,"[259.27, 22]","[256.33, 24]","[296.98, 41]","[298.13, 39]",278.12,126,37.7,-0.27
07:44:16,"[259.0, 20]","[255.0, 26]","[292.54, 39]","[293.74, 43]",275.77,128,33.54,-0.28
07:44:17,"[259.0, 20]","[255.0, 30]","[287.18, 34]","[288.05, 37]",273.09,121,28.18,-0.17
07:44:18,"[262.8, 41]","[254.8, 30]","[283.09, 46]","[284.17, 24]",272.95,141,20.28,0.01
07:44:19,"[257.56, 25]","[235.08, 25]","[278.15, 48]","[279.63, 46]",267.85,144,20.59,-0.31
07:44:20,"[233.0, 8]","[213.13, 15]","[273.44, 36]","[274.56, 36]",253.22,95,40.44,-0.52
07:44:21,"[249.54, 26]","[194.43, 14]","[273.0, 35]","[274.0, 28]",261.27,103,23.46,-0.22
07:44:22,"[255.0, 70]","[221.95, 22]","[270.07, 43]","[271.0, 41]",262.53,176,15.07,0.05
07:44:23,"[259.0, 111]","[252.0, 40]","[267.56, 41]","[269.05, 42]",263.28,234,8.56,0.29
07:44:24,"[259.15, 91]","[253.69, 58]","[263.36, 42]","[265.7, 61]",261.26,252,4.2,0.18
07:44:25,"[260.0, 90]","[259.0, 84]","[261.61, 41]","[262.55, 44]",260.8,259,1.61,0.34
07:44:26,"[260.0, 60]","[257.0, 84]","[261.31, 26]","[262.94, 35]",260.65,205,1.31,0.4
07:44:27,"[259.19, 37]","[255.75, 48]","[261.0, 22]","[268.0, 35]",260.09,142,1.81,0.2
07:44:28,"[255.0, 27]","[253.0, 24]","[260.25, 16]","[298.0, 40]",257.62,107,5.25,-0.05
07:44:29,"[255.0, 34]","[253.0, 36]","[258.62, 26]","[273.29, 51]",256.81,147,3.62,-0.05
07:44:30,"[255.33, 12]","[249.3, 20]","[273.64, 33]","[315.25, 40]",264.48,105,18.3,-0.39
07:44:31,"[254.78, 65]","[251.8, 20]","[298.0, 50]","[454.0, 48]",276.39,183,43.22,-0.07
07:44:32,"[255.57, 63]","[252.71, 14]","[331.61, 38]","[358.87, 46]",293.59,161,76.03,-0.04
07:44:33,"[258.0, 16]","[256.0, 96]","[355.81, 48]","[405.56, 64]",306.91,224,97.81,0.0
07:44:34,"[256.96, 23]","[255.63, 19]","[355.0, 27]","[588.65, 43]",305.98,112,98.04,-0.25
07:44:35,"[258.0, 33]","[256.43, 21]","[327.47, 43]","[527.0, 45]",292.73,142,69.47,-0.24
07:44:36,"[259.0, 30]","[256.33, 18]","[347.14, 28]","[590.65, 40]",303.07,116,88.14,-0.17
07:44:37,"[260.58, 12]","[255.0, 6]","[351.5, 18]","[398.0, 12]",306.04,48,90.92,-0.25
07:44:38,"[261.0, 5]","[255.0, 5]","[350.4, 15]","[424.88, 16]",305.7,41,89.4,-0.51
07:44:39,"[261.0, 6]","[255.0, 6]","[350.0, 18]","[524.33, 15]",305.5,45,89.0,-0.47
07:44:40,"[254.33, 3]","[101.25, 4]","[350.0, 6]","[449.0, 4]",302.17,17,95.67,-0.18
07:44:41,"[193.25, 24]","[162.6, 25]","[349.32, 25]","[415.4, 20]",271.28,94,156.07,0.04
07:44:42,"[236.33, 45]","[182.59, 34]","[347.32, 38]","[348.43, 42]",291.82,159,110.98,-0.01
07:44:43,"[262.34, 32]","[258.36, 14]","[344.79, 33]","[346.46, 37]",303.57,116,82.44,-0.21
07:44:44,"[247.06, 47]","[173.17, 35]","[343.0, 27]","[345.0, 18]",295.03,127,95.94,0.29
07:44:45,"[257.03, 77]","[240.53, 49]","[340.42, 36]","[345.0, 24]",298.72,186,83.39,0.35
07:44:46,"[258.33, 96]","[244.79, 86]","[333.41, 34]","[339.06, 51]",295.87,267,75.08,0.36
07:44:47,"[260.22, 72]","[257.0, 36]","[324.4, 20]","[337.32, 25]",292.31,153,64.18,0.41
07:44:48,"[261.0, 72]","[257.0, 36]","[297.73, 11]","[313.81, 21]",279.36,140,36.73,0.54
07:44:49,"[261.0, 120]","[257.0, 60]","[271.64, 42]","[272.87, 31]",266.32,253,10.64,0.42
07:44:50,"[261.0, 64]","[257.0, 32]","[264.63, 19]","[267.86, 21]",262.82,136,3.63,0.41
07:44:51,"[261.0, 37]","[257.07, 29]","[264.87, 15]","[267.77, 22]",262.93,103,3.87,0.28
07:44:52,"[261.0, 20]","[259.0, 10]","[268.05, 22]","[269.33, 18]",264.52,70,7.05,-0.14
07:44:53,"[259.46, 26]","[254.34, 118]","[264.91, 46]","[266.5, 18]",262.19,208,5.45,0.38
07:44:54,"[257.0, 22]","[254.0, 242]","[261.05, 38]","[262.29, 21]",259.03,323,4.05,0.63
07:44:55,"[257.0, 24]","[254.0, 264]","[259.35, 34]","[260.24, 34]",258.18,356,2.35,0.62
07:44:56,"[254.03, 200]","[252.84, 31]","[268.67, 24]","[285.54, 35]",261.35,290,14.64,0.59
07:44:57,"[254.0, 264]","[250.0, 22]","[262.76, 29]","[306.33, 30]",258.38,345,8.76,0.66
07:44:58,"[254.1, 146]","[253.86, 175]","[268.44, 27]","[451.58, 38]",261.27,386,14.35,0.66
07:44:59,"[255.67, 30]","[254.0, 265]","[269.47, 30]","[352.67, 45]",262.57,370,13.8,0.59
07:45:00,"[254.58, 62]","[253.86, 29]","[269.0, 22]","[275.82, 33]",261.79,146,14.42,0.25
07:45:01,"[253.0, 242]","[251.45, 11]","[269.0, 22]","[381.25, 24]",261.0,299,16.0,0.69
07:45:02,"[253.0, 241]","[251.0, 13]","[268.31, 26]","[554.8, 40]",260.65,320,15.31,0.59
07:45:03,"[254.58, 213]","[252.96, 153]","[267.0, 34]","[341.45, 44]",260.79,444,12.42,0.65
07:45:04,"[255.0, 285]","[254.0, 225]","[263.93, 56]","[265.35, 34]",259.46,600,8.93,0.7
07:45:05,"[255.0, 108]","[254.0, 105]","[261.25, 16]","[262.08, 26]",258.12,255,6.25,0.67
07:45:06,"[255.0, 98]","[254.0, 105]","[259.56, 18]","[261.67, 24]",257.28,245,4.56,0.66
07:45:07,"[255.0, 210]","[254.0, 225]","[259.0, 60]","[260.0, 30]",257.0,525,4.0,0.66
07:45:08,"[255.0, 158]","[253.0, 54]","[258.67, 48]","[260.0, 24]",256.83,284,3.67,0.49
07:45:09,"[254.95, 116]","[253.89, 106]","[272.69, 52]","[298.0, 44]",263.82,318,17.74,0.4
07:45:10,"[254.0, 72]","[248.0, 12]","[308.83, 48]","[350.92, 48]",281.42,180,54.83,-0.07
07:45:11,"[253.67, 55]","[243.5, 40]","[302.83, 48]","[343.56, 50]",278.25,193,49.16,-0.02
07:45:12,"[248.0, 33]","[232.0, 55]","[293.29, 28]","[330.22, 36]",270.64,152,45.29,0.16
07:45:13,"[248.0, 21]","[204.0, 35]","[251.04, 25]","[256.75, 8]",249.52,89,3.04,0.26
07:45:14,"[247.81, 37]","[197.02, 51]","[250.55, 44]","[252.0, 11]",249.18,143,2.73,0.23
07:45:15,"[245.0, 15]","[219.11, 9]","[250.0, 20]","[252.0, 5]",247.5,49,5.0,-0.02
07:45:16,"[205.72, 39]","[186.68, 19]","[250.0, 36]","[252.0, 11]",227.86,105,44.28,0.1
07:45:17,"[234.2, 50]","[237.42, 64]","[294.28, 36]","[307.56, 50]",264.24,200,60.08,0.14
07:45:18,"[258.0, 14]","[255.0, 42]","[291.65, 34]","[293.76, 50]",274.82,140,33.65,-0.2
07:45:19,"[255.86, 14]","[254.26, 47]","[287.24, 34]","[287.82, 22]",271.55,117,31.38,0.04
07:45:20,"[256.46, 52]","[255.3, 46]","[265.74, 46]","[267.26, 38]",261.1,182,9.28,0.08
07:45:21,"[260.83, 72]","[258.08, 24]","[264.0, 48]","[266.0, 24]",262.42,168,3.17,0.14
07:45:22,"[261.0, 54]","[259.0, 18]","[263.11, 36]","[266.0, 18]",262.06,126,2.11,0.14
07:45:23,"[260.76, 68]","[258.68, 38]","[262.13, 60]","[265.92, 48]",261.45,214,1.37,-0.01
07:45:24,"[260.0, 41]","[258.77, 26]","[261.38, 32]","[267.15, 52]",260.69,151,1.38,-0.11
07:45:25,"[259.14, 7]","[258.4, 5]","[261.0, 5]","[292.0, 16]",260.07,33,1.86,-0.27
07:45:26,"[262.91, 33]","[259.38, 24]","[293.46, 37]","[410.23, 56]",278.18,150,30.55,-0.24
07:45:27,"[264.0, 46]","[261.54, 13]","[409.0, 40]","[652.2, 41]",336.5,140,145.0,-0.16
07:45:28,"[261.0, 20]","[259.0, 8]","[538.5, 32]","[640.0, 40]",399.75,100,277.5,-0.44
07:45:29,"[259.0, 22]","[258.0, 11]","[433.27, 44]","[460.73, 44]",346.14,121,174.27,-0.45
07:45:30,"[259.0, 26]","[258.0, 13]","[271.31, 52]","[272.79, 76]",265.15,167,12.31,-0.53
07:45:31,"[260.82, 22]","[258.77, 26]","[268.12, 64]","[270.0, 64]",264.47,176,7.31,-0.45
07:45:32,"[259.0, 22]","[258.0, 15]","[265.73, 60]","[268.4, 60]",262.37,157,6.73,-0.53
07:45:33,"[259.86, 7]","[258.86, 7]","[263.71, 28]","[264.71, 28]",261.79,70,3.86,-0.6
07:45:34,"[259.82, 11]","[258.82, 11]","[261.36, 44]","[262.73, 44]",260.59,110,1.55,-0.6
07:45:35,"[258.6, 10]","[256.55, 22]","[259.83, 35]","[329.75, 32]",259.21,99,1.23,-0.35
07:45:36,"[256.34, 29]","[255.77, 26]","[345.3, 30]","[478.9, 29]",300.82,114,88.96,-0.04
07:45:37,"[256.0, 36]","[255.0, 9]","[438.88, 24]","[446.0, 23]",347.44,92,182.88,-0.02
07:45:38,"[256.0, 47]","[255.0, 11]","[393.92, 24]","[407.9, 40]",324.96,122,137.92,-0.05
07:45:39,"[258.75, 114]","[254.83, 12]","[298.55, 29]","[315.5, 44]",278.65,199,39.8,0.27
07:45:40,"[259.0, 255]","[255.88, 17]","[291.62, 48]","[293.36, 44]",275.31,364,32.62,0.49
07:45:41,"[259.0, 266]","[255.0, 14]","[290.0, 52]","[291.25, 32]",274.5,364,31.0,0.54
07:45:42,"[259.0, 264]","[256.09, 22]","[279.46, 41]","[283.07, 46]",269.23,373,20.46,0.53
07:45:43,"[259.0, 241]","[255.0, 14]","[261.93, 41]","[263.91, 46]",260.46,342,2.93,0.49
07:45:44,"[259.0, 118]","[255.0, 15]","[260.36, 44]","[275.4, 30]",259.68,207,1.36,0.29
07:45:45,"[259.0, 84]","[255.88, 51]","[285.61, 31]","[424.95, 44]",272.31,210,26.61,0.29
07:45:46,"[259.0, 30]","[257.0, 40]","[497.0, 30]","[597.67, 18]",378.0,118,238.0,0.19
07:45:47,"[260.29, 52]","[259.68, 31]","[468.4, 30]","[525.0, 20]",364.34,133,208.11,0.25
07:45:48,"[261.79, 70]","[260.0, 98]","[446.09, 44]","[494.67, 48]",353.94,260,184.31,0.29
07:45:49,"[263.0, 9]","[260.0, 21]","[476.0, 6]","[483.0, 12]",369.5,48,213.0,0.25
07:45:50,"[260.0, 47]","[259.0, 18]","[475.0, 18]","[479.33, 24]",367.5,107,215.0,0.21
07:45:51,"[260.0, 12]","[259.0, 8]","[473.4, 10]","[623.43, 14]",366.7,44,213.4,-0.09
07:45:52,"[260.0, 30]","[259.0, 20]","[472.16, 38]","[472.8, 20]",366.08,108,212.16,-0.07
07:45:53,"[260.0, 33]","[259.0, 22]","[455.91, 22]","[470.79, 28]",357.95,105,195.91,0.05
07:45:54,"[260.0, 29]","[259.0, 27]","[367.22, 18]","[410.27, 22]",313.61,96,107.22,0.17
07:45:55,"[260.0, 32]","[259.0, 24]","[349.75, 16]","[368.5, 16]",304.88,88,89.75,0.27
07:45:56,"[260.0, 24]","[259.0, 18]","[343.88, 16]","[344.71, 14]",301.94,72,83.88,0.17
07:45:57,"[260.0, 28]","[259.0, 21]","[340.92, 26]","[341.75, 16]",300.46,91,80.92,0.08
07:45:58,"[260.0, 28]","[259.0, 21]","[339.14, 14]","[340.58, 24]",299.57,87,79.14,0.13
07:45:59,"[260.0, 32]","[259.0, 21]","[291.69, 26]","[323.89, 18]",275.85,97,31.69,0.09
07:46:00,"[260.41, 61]","[259.36, 56]","[275.43, 28]","[276.84, 38]",267.92,183,15.02,0.28
07:46:01,"[261.0, 70]","[260.0, 56]","[272.2, 30]","[273.11, 38]",266.6,194,11.2,0.3
07:46:02,"[261.84, 45]","[259.91, 44]","[269.54, 26]","[270.38, 26]",265.69,141,7.69,0.26
07:46:03,"[260.0, 9]","[259.0, 36]","[264.0, 22]","[264.82, 22]",262.0,89,4.0,0.01
07:46:04,"[256.79, 66]","[255.94, 106]","[260.64, 28]","[261.86, 28]",258.72,228,3.85,0.51
07:46:05,"[256.0, 78]","[255.0, 112]","[257.96, 25]","[316.75, 32]",256.98,247,1.96,0.54
07:46:06,"[255.64, 22]","[233.31, 71]","[441.25, 32]","[631.56, 36]",348.44,161,185.61,0.16
07:46:07,"[257.31, 26]","[236.53, 43]","[488.82, 33]","[490.0, 44]",373.06,146,231.51,-0.05
07:46:08,"[255.0, 33]","[252.0, 18]","[256.0, 36]","[489.65, 34]",255.5,121,1.0,-0.16
07:46:09,"[255.0, 49]","[252.0, 14]","[256.0, 20]","[444.57, 28]",255.5,111,1.0,0.14
07:46:10,"[255.0, 42]","[252.0, 12]","[256.0, 12]","[369.33, 24]",255.5,90,1.0,0.2
07:46:11,"[255.0, 53]","[252.0, 24]","[256.0, 24]","[416.58, 38]",255.5,139,1.0,0.11
07:46:12,"[255.0, 32]","[252.0, 16]","[313.75, 16]","[434.15, 26]",284.38,90,58.75,0.07
07:46:13,"[256.12, 24]","[255.1, 31]","[310.43, 28]","[491.8, 20]",283.28,103,54.3,0.07
07:46:14,"[257.0, 39]","[256.0, 39]","[275.0, 41]","[373.87, 47]",266.0,166,18.0,-0.06
07:46:15,"[259.0, 117]","[257.82, 55]","[264.69, 35]","[285.97, 29]",261.84,236,5.69,0.46
07:46:16,"[260.65, 51]","[259.0, 204]","[263.64, 55]","[298.74, 54]",262.14,364,2.99,0.4
07:46:17,"[259.25, 71]","[258.81, 77]","[267.53, 51]","[348.1, 40]",263.39,239,8.28,0.24
07:46:18,"[259.06, 201]","[258.09, 43]","[265.74, 62]","[277.75, 73]",262.4,379,6.68,0.29
07:46:19,"[259.25, 179]","[258.65, 136]","[262.64, 73]","[266.63, 76]",260.94,464,3.4,0.36
07:46:20,"[259.18, 92]","[258.7, 50]","[261.0, 19]","[266.0, 32]",260.09,193,1.82,0.47
07:46:21,"[260.0, 49]","[259.0, 105]","[261.0, 14]","[266.0, 28]",260.5,196,1.0,0.57
07:46:22,"[260.0, 49]","[259.0, 135]","[265.38, 32]","[267.48, 31]",262.69,247,5.38,0.49
07:46:23,"[260.0, 50]","[259.0, 140]","[266.0, 40]","[268.0, 30]",263.0,260,6.0,0.46
07:46:24,"[259.31, 29]","[258.03, 34]","[265.64, 56]","[267.35, 43]",262.48,162,6.33,-0.22
07:46:25,"[258.54, 26]","[257.81, 31]","[263.43, 46]","[265.93, 29]",260.99,132,4.9,-0.14
07:46:26,"[257.78, 36]","[255.4, 20]","[259.66, 56]","[261.44, 16]",258.72,128,1.88,-0.12
07:46:27,"[256.0, 9]","[255.0, 27]","[258.38, 13]","[259.05, 41]",257.19,90,2.38,-0.2
07:46:28,"[258.62, 16]","[255.06, 32]","[266.46, 26]","[265.25, 51]",262.54,125,7.84,-0.23
07:46:29,"[260.2, 10]","[255.14, 14]","[273.0, 18]","[275.0, 24]",266.6,66,12.8,-0.27
07:46:30,"[256.0, 10]","[255.0, 30]","[270.6, 30]","[275.0, 40]",263.3,110,14.6,-0.27
07:46:31,"[257.47, 131]","[255.47, 17]","[270.0, 33]","[371.08, 26]",263.73,207,12.53,0.43
07:46:32,"[258.73, 124]","[256.0, 12]","[269.12, 25]","[275.6, 35]",263.93,196,10.39,0.39
07:46:33,"[259.16, 61]","[258.51, 43]","[267.77, 26]","[270.0, 39]",263.47,169,8.61,0.23
07:46:34,"[261.0, 124]","[259.0, 170]","[266.14, 28]","[270.31, 39]",263.57,361,5.14,0.63
07:46:35,"[261.53, 47]","[260.57, 140]","[265.0, 24]","[271.67, 30]",263.27,241,3.47,0.55
07:46:36,"[262.0, 9]","[261.0, 99]","[263.67, 18]","[270.11, 45]",262.83,171,1.67,0.26
07:46:37,"[261.04, 69]","[259.81, 81]","[266.89, 36]","[271.14, 42]",263.97,228,5.85,0.32
07:46:38,"[261.0, 138]","[259.0, 104]","[270.38, 65]","[272.75, 56]",265.69,363,9.38,0.33
07:46:39,"[261.0, 110]","[259.0, 88]","[270.65, 23]","[271.55, 55]",265.83,276,9.65,0.43
07:46:40,"[261.0, 90]","[259.0, 72]","[269.0, 9]","[270.76, 33]",265.0,204,8.0,0.59
07:46:41,"[261.0, 150]","[259.0, 120]","[267.53, 15]","[270.0, 30]",264.27,315,6.53,0.71
07:46:42,"[261.0, 130]","[259.0, 104]","[266.46, 13]","[270.0, 26]",263.73,273,5.46,0.71
07:46:43,"[260.32, 80]","[258.56, 115]","[266.0, 11]","[270.0, 22]",263.16,228,5.68,0.71
07:46:44,"[260.0, 18]","[259.0, 72]","[266.0, 9]","[270.0, 18]",263.0,117,6.0,0.54
07:46:45,"[260.78, 18]","[259.0, 72]","[266.0, 9]","[270.0, 18]",263.39,117,5.22,0.54
07:46:46,"[261.0, 26]","[259.0, 104]","[264.42, 43]","[268.8, 20]",262.71,193,3.42,0.35
07:46:47,"[260.06, 34]","[258.68, 106]","[263.27, 45]","[266.09, 33]",261.66,218,3.21,0.28
07:46:48,"[259.0, 88]","[258.0, 187]","[260.33, 48]","[261.83, 48]",259.67,371,1.33,0.48
07:46:49,"[258.1, 194]","[257.46, 96]","[266.06, 36]","[270.73, 30]",262.08,356,7.95,0.63
07:46:50,"[258.0, 102]","[256.0, 24]","[268.62, 16]","[269.88, 16]",263.31,158,10.62,0.59
07:46:51,"[258.0, 144]","[256.0, 36]","[266.75, 32]","[269.33, 24]",262.38,236,8.75,0.53
07:46:52,"[258.0, 132]","[256.0, 33]","[263.27, 22]","[264.27, 22]",260.64,209,5.27,0.58
07:46:53,"[258.02, 96]","[256.96, 46]","[261.0, 20]","[262.8, 20]",259.51,182,2.98,0.56
07:46:54,"[258.05, 88]","[257.29, 68]","[260.24, 21]","[262.83, 24]",259.14,201,2.19,0.55
07:46:55,"[258.0, 59]","[256.0, 24]","[259.22, 9]","[260.75, 16]",258.61,108,1.22,0.54
07:46:56,"[257.47, 32]","[255.85, 13]","[260.0, 10]","[266.0, 10]",258.73,65,2.53,0.38
07:46:57,"[257.0, 121]","[256.0, 33]","[259.73, 22]","[266.0, 22]",258.36,198,2.73,0.56
07:46:58,"[258.0, 99]","[256.0, 27]","[259.0, 18]","[269.11, 18]",258.5,162,1.0,0.56
07:46:59,"[258.28, 89]","[256.0, 33]","[265.0, 22]","[271.09, 22]",261.64,166,6.72,0.47
07:47:00,"[260.76, 34]","[257.58, 38]","[270.0, 22]","[272.0, 22]",265.38,116,9.24,0.24
07:47:01,"[265.0, 14]","[259.0, 28]","[270.0, 14]","[272.0, 26]",267.5,82,5.0,0.02
07:47:02,"[265.0, 20]","[259.0, 52]","[270.0, 20]","[426.88, 25]",267.5,117,5.0,0.23
07:47:03,"[265.0, 16]","[262.11, 27]","[270.0, 16]","[406.86, 21]",267.5,80,5.0,0.07
07:47:04,"[260.33, 36]","[258.55, 33]","[268.07, 28]","[271.82, 22]",264.2,119,7.74,0.16
07:47:05,"[259.0, 60]","[256.0, 30]","[270.6, 20]","[274.0, 20]",264.8,130,11.6,0.38
07:47:06,"[258.48, 23]","[255.74, 19]","[272.0, 14]","[274.0, 14]",265.24,70,13.52,0.2
07:47:07,"[255.0, 27]","[251.0, 9]","[272.0, 18]","[274.0, 18]",263.5,72,17.0,0.0
07:47:08,"[256.31, 29]","[254.38, 24]","[272.0, 22]","[274.0, 22]",264.16,97,15.69,0.09
07:47:09,"[255.49, 51]","[254.54, 28]","[269.82, 51]","[270.96, 53]",262.66,183,14.33,-0.14
07:47:10,"[257.47, 43]","[255.93, 56]","[266.37, 30]","[268.09, 34]",261.92,163,8.9,0.21
07:47:11,"[256.41, 17]","[255.58, 24]","[263.33, 12]","[265.0, 24]",259.87,77,6.92,0.06
07:47:12,"[257.0, 19]","[256.0, 38]","[261.24, 45]","[263.44, 25]",259.12,127,4.24,-0.1
07:47:13,"[256.78, 18]","[255.88, 32]","[259.18, 34]","[261.21, 28]",257.98,112,2.4,-0.11
07:47:14,"[256.0, 22]","[255.0, 22]","[257.53, 15]","[265.0, 18]",256.77,77,1.53,0.14
07:47:15,"[255.28, 18]","[254.06, 17]","[257.64, 22]","[266.16, 19]",256.46,76,2.36,-0.08
07:47:16,"[253.0, 12]","[252.0, 24]","[264.75, 24]","[268.17, 12]",258.88,72,11.75,0.0
07:47:17,"[253.83, 30]","[252.33, 15]","[265.62, 13]","[383.5, 30]",259.72,88,11.78,0.02
07:47:18,"[255.47, 49]","[253.86, 35]","[259.61, 41]","[265.44, 27]",257.54,152,4.14,0.11
07:47:19,"[259.41, 68]","[257.0, 52]","[266.0, 48]","[267.0, 16]",262.71,184,6.59,0.3
07:47:20,"[265.0, 64]","[262.0, 52]","[266.0, 39]","[267.0, 13]",265.5,168,1.0,0.38
07:47:21,"[265.0, 52]","[262.0, 52]","[266.0, 39]","[267.0, 13]",265.5,156,1.0,0.33
07:47:22,"[265.0, 36]","[262.0, 36]","[266.0, 27]","[267.0, 9]",265.5,108,1.0,0.33
07:47:23,"[263.16, 31]","[261.2, 20]","[266.0, 33]","[267.0, 11]",264.58,95,2.84,0.07
07:47:24,"[257.4, 35]","[255.8, 20]","[266.09, 33]","[306.69, 13]",261.75,101,8.69,0.09
07:47:25,"[255.0, 12]","[254.0, 12]","[267.0, 6]","[385.67, 6]",261.0,36,12.0,0.33
07:47:26,"[254.45, 40]","[251.95, 61]","[266.08, 36]","[290.14, 14]",260.27,151,11.63,0.34
07:47:27,"[253.0, 35]","[251.43, 14]","[266.0, 21]","[267.0, 7]",259.5,77,13.0,0.27
07:47:28,"[253.0, 60]","[252.0, 12]","[262.62, 37]","[264.1, 20]",257.81,129,9.62,0.12
07:47:29,"[253.0, 46]","[252.0, 11]","[259.2, 35]","[260.61, 31]",256.1,123,6.2,-0.07
07:47:30,"[253.24, 37]","[252.77, 35]","[258.26, 35]","[260.0, 43]",255.75,150,5.01,-0.04
07:47:31,"[254.2, 10]","[252.84, 32]","[258.0, 38]","[262.33, 18]",256.1,98,3.8,-0.14
07:47:32,"[252.07, 41]","[250.31, 13]","[257.67, 30]","[261.16, 19]",254.87,103,5.59,0.05
07:47:33,"[252.0, 40]","[248.0, 8]","[257.0, 16]","[262.0, 24]",254.5,88,5.0,0.09
07:47:34,"[254.12, 32]","[252.0, 148]","[258.0, 35]","[262.14, 42]",256.06,257,3.88,0.4
07:47:35,"[256.0, 22]","[252.0, 43]","[263.54, 13]","[264.97, 31]",259.77,109,7.54,0.19
07:47:36,"[257.89, 54]","[255.33, 36]","[264.0, 12]","[265.0, 36]",260.94,138,6.11,0.3
07:47:37,"[259.0, 84]","[258.0, 72]","[264.0, 12]","[265.0, 36]",261.5,204,5.0,0.53
07:47:38,"[259.54, 74]","[258.19, 52]","[264.46, 26]","[332.18, 40]",262.0,192,4.92,0.31
07:47:39,"[261.91, 57]","[259.0, 26]","[263.59, 49]","[269.59, 29]",262.75,161,1.68,0.03
07:47:40,"[259.43, 14]","[258.1, 40]","[264.5, 8]","[273.0, 24]",261.96,86,5.07,0.26
07:47:41,"[259.0, 14]","[258.0, 42]","[266.0, 7]","[273.0, 21]",262.5,84,7.0,0.33
07:47:42,"[258.55, 11]","[257.35, 23]","[266.0, 4]","[273.0, 12]",262.27,50,7.45,0.36
07:47:43,"[259.06, 18]","[257.79, 70]","[264.41, 32]","[270.38, 24]",261.73,144,5.35,0.22
07:47:44,"[260.88, 8]","[258.0, 40]","[264.0, 24]","[266.12, 8]",262.44,80,3.12,0.2
07:47:45,"[259.24, 17]","[257.33, 45]","[263.09, 22]","[265.2, 15]",261.16,99,3.86,0.25
07:47:46,"[258.0, 24]","[255.0, 40]","[262.0, 16]","[268.0, 8]",260.0,88,4.0,0.45
07:47:47,"[256.75, 12]","[254.53, 38]","[262.0, 16]","[268.0, 8]",259.38,74,5.25,0.35
07:47:48,"[257.57, 70]","[254.36, 56]","[262.0, 24]","[268.0, 12]",259.79,162,4.43,0.56
07:47:49,"[258.0, 33]","[255.0, 55]","[261.18, 22]","[263.4, 20]",259.59,130,3.18,0.35
07:47:50,"[259.31, 58]","[257.42, 26]","[262.25, 16]","[267.81, 21]",260.78,121,2.94,0.39
07:47:51,"[260.22, 27]","[259.65, 51]","[264.0, 18]","[266.0, 36]",262.11,132,3.78,0.18
07:47:52,"[261.0, 5]","[260.0, 35]","[264.0, 10]","[266.0, 20]",262.5,70,3.0,0.14
07:47:53,"[261.99, 78]","[260.61, 18]","[264.0, 24]","[266.0, 48]",262.99,168,2.01,0.14
07:47:54,"[262.0, 22]","[261.0, 6]","[264.0, 12]","[266.0, 24]",263.0,64,2.0,-0.12
07:47:55,"[261.39, 23]","[258.09, 95]","[265.29, 51]","[266.52, 46]",263.34,215,3.9,0.1
07:47:56,"[261.0, 8]","[258.0, 64]","[264.88, 24]","[267.0, 16]",262.94,112,3.88,0.29
07:47:57,"[258.82, 44]","[257.48, 116]","[262.57, 46]","[268.59, 61]",260.69,267,3.75,0.2
07:47:58,"[258.0, 78]","[255.0, 55]","[260.12, 32]","[261.63, 19]",259.06,184,2.12,0.45
07:47:59,"[258.0, 67]","[254.8, 50]","[259.2, 40]","[261.0, 10]",258.6,167,1.2,0.4
07:48:00,"[258.0, 85]","[254.15, 41]","[259.0, 52]","[262.5, 16]",258.5,194,1.0,0.3
07:48:01,"[258.0, 23]","[255.0, 9]","[265.0, 18]","[271.0, 18]",261.5,68,7.0,-0.06
07:48:02,"[264.0, 99]","[258.0, 11]","[265.0, 22]","[271.0, 22]",264.5,154,1.0,0.43
07:48:03,"[264.0, 96]","[258.9, 20]","[265.0, 22]","[271.0, 22]",264.5,160,1.0,0.45
07:48:04,"[264.0, 48]","[259.0, 16]","[265.0, 16]","[271.0, 16]",264.5,96,1.0,0.33
07:48:05,"[264.0, 84]","[259.0, 28]","[265.0, 28]","[271.0, 28]",264.5,168,1.0,0.33
07:48:06,"[261.5, 24]","[258.25, 16]","[264.21, 19]","[268.75, 16]",262.86,75,2.71,0.07
07:48:07,"[258.11, 28]","[257.68, 28]","[261.26, 23]","[262.52, 29]",259.68,108,3.15,0.04
07:48:08,"[256.73, 70]","[255.41, 39]","[260.0, 34]","[261.0, 17]",258.36,160,3.27,0.36
07:48:09,"[258.0, 50]","[257.0, 12]","[259.15, 13]","[264.86, 28]",258.58,103,1.15,0.2
07:48:10,"[258.65, 43]","[255.14, 28]","[268.51, 41]","[273.06, 32]",263.58,144,9.86,-0.01
07:48:11,"[259.0, 16]","[256.5, 16]","[269.0, 24]","[271.82, 22]",264.0,78,10.0,-0.18
07:48:12,"[259.33, 24]","[258.0, 24]","[268.05, 58]","[269.11, 37]",263.69,143,8.72,-0.33
07:48:13,"[260.95, 40]","[258.0, 40]","[266.0, 100]","[267.26, 86]",263.48,266,5.05,-0.4
07:48:14,"[261.0, 28]","[258.0, 28]","[262.29, 70]","[264.0, 70]",261.64,196,1.29,-0.43
07:48:15,"[258.0, 24]","[255.0, 48]","[261.24, 58]","[270.42, 38]",259.62,168,3.24,-0.14
07:48:16,"[256.06, 51]","[254.4, 91]","[258.24, 63]","[259.86, 64]",257.15,269,2.18,0.06
07:48:17,"[255.0, 39]","[254.0, 65]","[256.0, 65]","[257.0, 39]",255.5,208,1.0,0.0
07:48:18,"[254.0, 83]","[249.0, 19]","[255.81, 48]","[264.47, 43]",254.91,193,1.81,0.06
07:48:19,"[250.12, 76]","[248.25, 28]","[254.5, 28]","[268.65, 34]",252.31,166,4.38,0.25
07:48:20,"[250.7, 144]","[247.96, 23]","[256.36, 28]","[265.25, 32]",253.53,227,5.66,0.47
07:48:21,"[250.93, 166]","[247.18, 56]","[263.0, 32]","[269.0, 48]",256.97,302,12.07,0.47
07:48:22,"[251.3, 80]","[248.82, 33]","[263.0, 18]","[267.53, 17]",257.15,148,11.7,0.53
07:48:23,"[255.96, 153]","[252.75, 130]","[262.42, 24]","[346.05, 41]",259.19,348,6.46,0.63
07:48:24,"[258.0, 91]","[247.24, 29]","[264.0, 26]","[269.0, 65]",261.0,211,6.0,0.14
07:48:25,"[259.0, 77]","[250.0, 16]","[262.27, 22]","[265.0, 25]",260.64,140,3.27,0.33
07:48:26,"[259.0, 79]","[254.0, 15]","[260.42, 57]","[261.72, 47]",259.71,198,1.42,-0.05
07:48:27,"[259.0, 8]","[254.0, 8]","[264.0, 8]","[265.62, 40]",261.5,64,5.0,-0.5
07:48:28,"[259.76, 34]","[255.0, 10]","[265.36, 22]","[266.16, 38]",262.56,104,5.6,-0.15
07:48:29,"[260.53, 198]","[258.07, 15]","[266.0, 75]","[268.0, 15]",263.26,303,5.47,0.41
07:48:30,"[262.0, 91]","[260.0, 7]","[266.0, 35]","[268.0, 7]",264.0,140,4.0,0.4
07:48:31,"[262.15, 169]","[260.0, 13]","[266.0, 65]","[268.0, 13]",264.08,260,3.85,0.4
07:48:32,"[263.0, 100]","[260.4, 10]","[266.0, 40]","[268.0, 8]",264.5,158,3.0,0.39
07:48:33,"[263.0, 136]","[260.0, 14]","[266.0, 70]","[268.0, 14]",264.5,234,3.0,0.28
07:48:34,"[263.0, 79]","[260.0, 10]","[266.0, 50]","[268.0, 10]",264.5,149,3.0,0.19
07:48:35,"[263.0, 67]","[260.95, 19]","[266.0, 65]","[268.0, 13]",264.5,164,3.0,0.05
07:48:36,"[263.0, 18]","[262.0, 18]","[266.0, 30]","[268.0, 6]",264.5,72,3.0,0.0
07:48:37,"[263.0, 33]","[262.0, 33]","[266.0, 55]","[268.0, 11]",264.5,132,3.0,0.0
07:48:38,"[263.0, 27]","[262.0, 27]","[266.0, 53]","[268.0, 9]",264.5,116,3.0,-0.07
07:48:39,"[263.0, 24]","[262.0, 24]","[266.0, 46]","[268.0, 8]",264.5,102,3.0,-0.06
07:48:40,"[263.0, 24]","[262.0, 24]","[266.0, 40]","[268.0, 8]",264.5,96,3.0,0.0
07:48:41,"[263.0, 30]","[262.0, 30]","[266.0, 50]","[268.0, 10]",264.5,120,3.0,0.0
07:48:42,"[263.0, 27]","[262.0, 27]","[266.0, 45]","[268.0, 9]",264.5,108,3.0,0.0
07:48:43,"[263.8, 30]","[262.75, 24]","[266.0, 40]","[270.0, 16]",264.9,110,2.2,-0.02
07:48:44,"[264.0, 52]","[263.0, 39]","[266.0, 65]","[268.75, 16]",265.0,172,2.0,0.06
07:48:45,"[263.86, 44]","[262.87, 45]","[265.65, 69]","[266.73, 41]",264.76,199,1.79,-0.11
07:48:46,"[262.82, 51]","[261.87, 45]","[265.35, 43]","[266.32, 76]",264.09,215,2.53,-0.11
07:48:47,"[262.0, 44]","[260.0, 14]","[265.0, 28]","[268.2, 50]",263.5,136,3.0,-0.15
07:48:48,"[262.0, 48]","[260.0, 12]","[264.42, 24]","[269.0, 60]",263.21,144,2.42,-0.17
07:48:49,"[262.0, 40]","[260.0, 10]","[263.6, 20]","[269.83, 58]",262.8,128,1.6,-0.22
07:48:50,"[262.0, 34]","[260.0, 12]","[263.0, 24]","[270.0, 72]",262.5,142,1.0,-0.35
07:48:51,"[260.0, 10]","[259.0, 30]","[269.44, 45]","[270.95, 22]",264.72,107,9.44,-0.25
07:48:52,"[259.0, 147]","[258.0, 143]","[268.56, 45]","[269.85, 65]",263.78,400,9.56,0.45
07:48:53,"[259.0, 113]","[258.0, 110]","[262.15, 13]","[269.64, 25]",260.58,261,3.15,0.71
07:48:54,"[259.0, 90]","[258.0, 110]","[272.0, 15]","[273.09, 46]",265.5,261,13.0,0.53
07:48:55,"[259.0, 72]","[258.0, 88]","[272.0, 48]","[277.0, 8]",265.5,216,13.0,0.48
07:48:56,"[259.0, 63]","[258.0, 77]","[271.82, 22]","[272.65, 23]",265.41,185,12.82,0.51
07:48:57,"[259.0, 90]","[258.0, 110]","[271.0, 10]","[272.0, 50]",265.0,260,12.0,0.54
