Time,Bid1,Bid2,Ask1,Ask2,Mid-Price,Total_volume,Bid_ask_spread,Order_imbalance
07:30:00,"[0, 0]","[0, 0]","[0, 0]","[0, 0]",0.0,0,0.0,0.0
07:30:01,"[86.5, 6]","[0, 0]","[0, 0]","[0, 0]",43.25,6,-86.5,1.0
07:30:02,"[131.87, 38]","[124.73, 30]","[799.6, 15]","[0, 0]",465.73,83,667.73,0.64
07:30:03,"[138.29, 17]","[130.45, 11]","[798.79, 19]","[799.0, 6]",468.54,53,660.5,0.06
07:30:04,"[138.33, 6]","[133.0, 4]","[796.33, 9]","[797.18, 11]",467.33,30,658.0,-0.33
07:30:05,"[135.0, 6]","[131.0, 6]","[537.4, 10]","[795.25, 16]",336.2,38,402.4,-0.37
07:30:06,"[136.9, 58]","[134.82, 17]","[149.24, 25]","[151.17, 23]",143.07,123,12.34,0.22
07:30:07,"[145.0, 72]","[143.0, 65]","[147.83, 29]","[174.8, 25]",146.41,191,2.83,0.43
07:30:08,"[145.0, 25]","[143.0, 35]","[147.47, 19]","[180.92, 13]",146.24,92,2.47,0.3
07:30:09,"[145.0, 7]","[143.0, 35]","[147.45, 11]","[240.71, 7]",146.23,60,2.45,0.4
07:30:10,"[145.93, 46]","[143.8, 25]","[150.0, 13]","[339.8, 15]",147.97,99,4.07,0.43
07:30:11,"[146.0, 18]","[145.0, 6]","[150.0, 6]","[251.0, 18]",148.0,48,4.0,0.0
07:30:12,"[143.0, 25]","[141.0, 5]","[149.2, 5]","[243.62, 13]",146.1,48,6.2,0.25
07:30:13,"[143.0, 45]","[141.0, 9]","[149.0, 9]","[249.57, 23]",146.0,86,6.0,0.26
07:30:14,"[143.0, 35]","[141.0, 7]","[149.0, 7]","[308.0, 7]",146.0,56,6.0,0.5
07:30:15,"[143.0, 18]","[141.38, 8]","[149.0, 6]","[410.18, 22]",146.0,54,6.0,-0.04
07:30:16,"[143.0, 10]","[142.0, 15]","[149.0, 5]","[261.5, 8]",146.0,38,6.0,0.32
07:30:17,"[143.0, 12]","[142.0, 18]","[148.05, 20]","[161.38, 21]",145.53,71,5.05,-0.15
07:30:18,"[143.0, 20]","[142.0, 38]","[148.0, 40]","[160.97, 31]",145.5,129,5.0,-0.1
07:30:19,"[143.4, 20]","[142.07, 29]","[145.39, 46]","[148.89, 27]",144.4,122,1.99,-0.2
07:30:20,"[143.0, 20]","[142.0, 30]","[144.0, 50]","[148.0, 30]",143.5,130,1.0,-0.23
07:30:21,"[143.0, 24]","[142.0, 36]","[144.0, 60]","[148.0, 36]",143.5,156,1.0,-0.23
07:30:22,"[142.22, 23]","[141.4, 30]","[144.0, 80]","[148.0, 48]",143.11,181,1.78,-0.41
07:30:23,"[141.0, 16]","[140.0, 16]","[142.5, 52]","[144.32, 76]",141.75,160,1.5,-0.6
07:30:24,"[140.58, 12]","[139.26, 27]","[142.29, 41]","[145.56, 48]",141.44,128,1.71,-0.39
07:30:25,"[139.31, 26]","[138.68, 38]","[143.43, 28]","[145.0, 14]",141.37,106,4.12,0.21
07:30:26,"[140.25, 32]","[138.8, 30]","[142.74, 23]","[144.6, 15]",141.49,100,2.49,0.24
07:30:27,"[139.0, 32]","[136.69, 16]","[143.5, 16]","[145.54, 26]",141.25,90,4.5,0.07
07:30:28,"[139.0, 11]","[136.0, 11]","[141.55, 11]","[144.83, 12]",140.27,45,2.55,-0.02
07:30:29,"[139.0, 8]","[136.0, 8]","[140.0, 8]","[144.0, 16]",139.5,40,1.0,-0.2
07:30:30,"[136.0, 9]","[127.92, 13]","[140.0, 9]","[144.0, 18]",138.0,49,4.0,-0.1
07:30:31,"[136.43, 14]","[125.6, 10]","[144.0, 20]","[145.0, 40]",140.21,84,7.57,-0.43
07:30:32,"[139.3, 30]","[137.6, 10]","[144.0, 13]","[145.0, 40]",141.65,93,4.7,-0.14
07:30:33,"[141.0, 33]","[138.0, 11]","[144.0, 11]","[145.0, 37]",142.5,92,3.0,-0.04
07:30:34,"[142.2, 41]","[139.57, 23]","[144.32, 19]","[146.94, 80]",143.26,163,2.12,-0.21
07:30:35,"[143.74, 19]","[141.24, 17]","[145.0, 72]","[372.57, 23]",144.37,131,1.26,-0.45
07:30:36,"[143.33, 12]","[141.42, 38]","[145.0, 60]","[301.8, 20]",144.17,130,1.67,-0.23
07:30:37,"[143.0, 8]","[142.0, 96]","[145.0, 48]","[355.11, 19]",144.0,171,2.0,0.22
07:30:38,"[143.0, 10]","[142.0, 120]","[145.0, 60]","[244.5, 24]",144.0,214,2.0,0.21
07:30:39,"[143.0, 7]","[142.0, 84]","[145.0, 42]","[147.0, 21]",144.0,154,2.0,0.18
07:30:40,"[142.2, 40]","[141.85, 104]","[143.95, 21]","[145.0, 72]",143.08,237,1.75,0.22
07:30:41,"[142.0, 88]","[140.31, 26]","[143.0, 11]","[145.0, 66]",142.5,191,1.0,0.19
07:30:42,"[142.0, 78]","[141.0, 48]","[144.29, 52]","[145.58, 36]",143.14,214,2.29,0.18
07:30:43,"[142.0, 79]","[140.38, 32]","[143.0, 65]","[145.62, 39]",142.5,215,1.0,0.03
07:30:44,"[142.0, 27]","[140.0, 34]","[145.04, 48]","[146.95, 59]",143.52,168,3.04,-0.27
07:30:45,"[142.0, 10]","[139.08, 76]","[143.9, 20]","[146.0, 30]",142.95,136,1.9,0.26
07:30:46,"[144.65, 52]","[139.43, 70]","[145.6, 45]","[148.7, 89]",145.13,256,0.95,-0.05
07:30:47,"[142.0, 20]","[139.83, 29]","[147.03, 33]","[164.51, 49]",144.52,131,5.03,-0.25
07:30:48,"[140.69, 52]","[139.46, 69]","[148.0, 56]","[298.86, 28]",144.35,205,7.31,0.18
07:30:49,"[142.75, 48]","[141.75, 48]","[148.0, 48]","[235.5, 28]",145.38,172,5.25,0.12
07:30:50,"[144.2, 59]","[142.32, 56]","[147.52, 63]","[175.76, 34]",145.86,212,3.32,0.08
07:30:51,"[144.15, 34]","[141.05, 95]","[148.0, 108]","[322.31, 45]",146.07,282,3.85,-0.09
07:30:52,"[145.92, 25]","[142.13, 15]","[148.0, 54]","[316.22, 18]",146.96,112,2.08,-0.29
07:30:53,"[145.17, 36]","[141.9, 21]","[147.63, 67]","[171.71, 21]",146.4,145,2.46,-0.21
07:30:54,"[141.0, 15]","[140.0, 20]","[147.0, 25]","[148.6, 5]",144.0,65,6.0,0.08
07:30:55,"[141.5, 48]","[140.22, 41]","[147.0, 55]","[149.0, 11]",144.25,155,5.5,0.15
07:30:56,"[142.0, 64]","[141.0, 24]","[147.0, 40]","[149.0, 8]",144.5,136,5.0,0.29
07:30:57,"[142.0, 64]","[141.0, 24]","[147.0, 40]","[149.0, 8]",144.5,136,5.0,0.29
07:30:58,"[143.0, 13]","[142.0, 104]","[147.0, 65]","[149.0, 13]",145.0,195,4.0,0.2
07:30:59,"[143.0, 9]","[142.0, 72]","[146.11, 36]","[146.7, 37]",144.56,154,3.11,0.05
07:31:00,"[142.08, 52]","[141.73, 44]","[143.48, 29]","[145.71, 41]",142.78,166,1.41,0.16
07:31:01,"[141.89, 54]","[140.6, 30]","[142.96, 52]","[146.6, 25]",142.43,161,1.07,0.04
07:31:02,"[141.0, 22]","[140.0, 44]","[142.09, 55]","[147.6, 15]",141.55,136,1.09,-0.03
07:31:03,"[141.0, 26]","[140.0, 52]","[144.98, 41]","[147.14, 37]",142.99,156,3.98,0.0
07:31:04,"[141.0, 26]","[140.0, 52]","[144.62, 39]","[146.09, 67]",142.81,184,3.62,-0.15
07:31:05,"[141.04, 25]","[140.04, 50]","[145.45, 66]","[266.95, 42]",143.25,183,4.41,-0.18
07:31:06,"[140.03, 74]","[139.25, 16]","[145.39, 46]","[150.93, 58]",142.71,194,5.36,-0.07
07:31:07,"[140.0, 63]","[139.0, 13]","[146.45, 55]","[185.54, 41]",143.23,172,6.45,-0.12
07:31:08,"[141.67, 18]","[139.5, 6]","[147.0, 30]","[407.0, 12]",144.33,66,5.33,-0.27
07:31:09,"[143.56, 52]","[141.53, 30]","[147.0, 70]","[360.3, 40]",145.28,192,3.44,-0.15
07:31:10,"[145.0, 33]","[144.0, 11]","[147.0, 55]","[450.38, 32]",146.0,131,2.0,-0.33
07:31:11,"[145.0, 33]","[144.0, 11]","[147.0, 55]","[396.55, 44]",146.0,143,2.0,-0.38
07:31:12,"[145.0, 18]","[144.0, 6]","[147.0, 30]","[177.0, 24]",146.0,78,2.0,-0.38
07:31:13,"[145.0, 27]","[144.0, 9]","[147.0, 45]","[162.0, 36]",146.0,117,2.0,-0.38
07:31:14,"[144.3, 10]","[143.07, 15]","[146.64, 28]","[160.55, 31]",145.47,84,2.34,-0.4
07:31:15,"[143.09, 22]","[142.07, 54]","[144.65, 48]","[153.11, 18]",143.87,142,1.55,0.07
07:31:16,"[142.03, 72]","[140.53, 19]","[144.0, 57]","[147.6, 15]",143.01,163,1.97,0.12
07:31:17,"[142.0, 50]","[140.0, 10]","[146.35, 26]","[252.95, 21]",144.17,107,4.35,0.12
07:31:18,"[142.0, 55]","[140.0, 11]","[146.0, 44]","[147.26, 35]",144.0,145,4.0,-0.09
07:31:19,"[142.0, 45]","[140.0, 21]","[144.11, 36]","[147.0, 36]",143.06,138,2.11,-0.04
07:31:20,"[141.54, 79]","[138.92, 50]","[144.71, 82]","[147.16, 75]",143.13,286,3.16,-0.1
07:31:21,"[139.0, 52]","[138.0, 125]","[146.48, 29]","[147.7, 30]",142.74,236,7.48,0.5
07:31:22,"[140.0, 21]","[138.01, 137]","[145.0, 36]","[146.0, 17]",142.5,211,5.0,0.5
07:31:23,"[142.0, 77]","[139.0, 11]","[144.09, 44]","[146.0, 25]",143.05,157,2.09,0.12
07:31:24,"[142.0, 88]","[139.0, 14]","[144.0, 56]","[146.0, 44]",143.0,202,2.0,0.01
07:31:25,"[142.0, 30]","[138.13, 78]","[144.7, 66]","[145.83, 58]",143.35,232,2.7,-0.07
07:31:26,"[142.0, 12]","[138.52, 142]","[145.0, 60]","[146.0, 48]",143.5,262,3.0,0.18
07:31:27,"[142.0, 9]","[139.0, 108]","[145.0, 45]","[146.0, 36]",143.5,198,3.0,0.18
07:31:28,"[142.0, 9]","[139.0, 108]","[145.0, 45]","[146.0, 36]",143.5,198,3.0,0.18
07:31:29,"[142.89, 44]","[139.68, 57]","[145.0, 40]","[146.0, 32]",143.94,173,2.11,0.17
07:31:30,"[143.0, 130]","[142.0, 10]","[145.0, 50]","[146.0, 40]",144.0,230,2.0,0.22
07:31:31,"[143.21, 182]","[142.0, 14]","[145.0, 70]","[147.0, 56]",144.11,322,1.79,0.22
07:31:32,"[144.0, 113]","[142.0, 14]","[145.0, 70]","[148.0, 56]",144.5,253,1.0,0.0
07:31:33,"[144.0, 54]","[142.99, 153]","[145.0, 45]","[148.0, 36]",144.5,288,1.0,0.44
07:31:34,"[144.0, 36]","[143.0, 114]","[145.0, 30]","[146.0, 12]",144.5,192,1.0,0.56
07:31:35,"[144.0, 48]","[143.0, 152]","[145.38, 16]","[147.71, 28]",144.69,244,1.38,0.64
07:31:36,"[144.0, 30]","[143.0, 95]","[145.44, 9]","[147.88, 17]",144.72,151,1.44,0.66
07:31:37,"[143.23, 172]","[142.96, 178]","[145.54, 50]","[174.69, 42]",144.38,442,2.31,0.58
07:31:38,"[143.0, 131]","[142.0, 7]","[147.0, 40]","[217.0, 14]",145.0,192,4.0,0.44
07:31:39,"[143.0, 187]","[142.0, 11]","[146.41, 37]","[193.81, 47]",144.7,282,3.41,0.4
07:31:40,"[143.0, 205]","[142.0, 13]","[144.38, 26]","[147.61, 64]",143.69,308,1.38,0.42
07:31:41,"[144.79, 33]","[143.06, 71]","[147.0, 44]","[149.0, 33]",145.89,181,2.21,0.15
07:31:42,"[145.0, 5]","[142.8, 5]","[147.0, 20]","[149.0, 15]",146.0,45,2.0,-0.56
07:31:43,"[145.0, 12]","[144.0, 12]","[147.0, 48]","[149.0, 36]",146.0,108,2.0,-0.56
07:31:44,"[145.0, 8]","[144.0, 8]","[146.75, 32]","[148.38, 26]",145.88,74,1.75,-0.57
07:31:45,"[144.33, 9]","[142.67, 9]","[146.0, 36]","[147.0, 36]",145.17,90,1.67,-0.6
07:31:46,"[144.0, 16]","[142.0, 16]","[145.56, 64]","[147.0, 64]",144.78,160,1.56,-0.6
07:31:47,"[144.0, 9]","[142.0, 9]","[145.0, 36]","[147.0, 12]",144.5,66,1.0,-0.45
07:31:48,"[143.14, 14]","[140.24, 68]","[145.32, 40]","[154.9, 30]",144.23,152,2.18,0.08
07:31:49,"[140.25, 48]","[139.9, 67]","[145.08, 39]","[147.0, 37]",142.66,191,4.83,0.2
07:31:50,"[140.0, 42]","[139.0, 8]","[145.0, 24]","[147.0, 40]",142.5,114,5.0,-0.12
07:31:51,"[140.0, 32]","[139.0, 8]","[144.25, 24]","[147.0, 48]",142.12,112,4.25,-0.29
07:31:52,"[140.76, 116]","[139.82, 39]","[144.0, 45]","[147.0, 78]",142.38,278,3.24,0.12
07:31:53,"[141.23, 105]","[139.98, 45]","[143.83, 36]","[147.0, 72]",142.53,258,2.6,0.16
07:31:54,"[142.6, 50]","[139.3, 10]","[147.0, 60]","[148.0, 70]",144.8,190,4.4,-0.37
07:31:55,"[143.0, 65]","[140.0, 13]","[147.0, 110]","[148.0, 59]",145.0,247,4.0,-0.37
07:31:56,"[144.73, 111]","[143.49, 63]","[147.0, 150]","[148.0, 45]",145.86,369,2.27,-0.06
07:31:57,"[145.0, 29]","[144.0, 40]","[147.0, 80]","[148.0, 24]",146.0,173,2.0,-0.2
07:31:58,"[145.0, 24]","[144.0, 40]","[147.0, 80]","[148.0, 24]",146.0,168,2.0,-0.24
07:31:59,"[144.6, 53]","[143.6, 50]","[146.81, 94]","[147.29, 84]",145.71,281,2.2,-0.27
07:32:00,"[144.83, 84]","[142.78, 36]","[146.93, 87]","[164.38, 73]",145.88,280,2.1,-0.14
07:32:01,"[144.0, 21]","[140.0, 7]","[145.77, 13]","[146.67, 18]",144.88,59,1.77,-0.05
07:32:02,"[144.0, 20]","[142.45, 22]","[147.0, 29]","[241.69, 32]",145.5,103,3.0,-0.18
07:32:03,"[143.17, 24]","[141.12, 16]","[145.58, 60]","[146.51, 57]",144.38,157,2.42,-0.49
07:32:04,"[143.0, 12]","[140.0, 6]","[145.17, 30]","[146.22, 27]",144.08,75,2.17,-0.52
07:32:05,"[143.0, 22]","[140.0, 12]","[146.0, 60]","[148.35, 34]",144.5,128,3.0,-0.47
07:32:06,"[143.0, 11]","[140.82, 39]","[146.0, 55]","[148.0, 44]",144.5,149,3.0,-0.33
07:32:07,"[143.0, 9]","[141.2, 15]","[145.78, 45]","[147.97, 33]",144.39,102,2.78,-0.53
07:32:08,"[143.0, 12]","[140.0, 12]","[144.42, 60]","[145.25, 40]",143.71,124,1.42,-0.61
07:32:09,"[140.13, 46]","[139.25, 16]","[143.82, 61]","[144.39, 46]",141.98,169,3.69,-0.27
07:32:10,"[140.0, 48]","[139.0, 21]","[141.6, 47]","[142.53, 43]",140.8,159,1.6,-0.13
07:32:11,"[140.0, 32]","[139.0, 8]","[142.0, 32]","[143.0, 8]",141.0,80,2.0,0.0
07:32:12,"[140.74, 47]","[139.94, 47]","[142.0, 24]","[145.78, 23]",141.37,141,1.26,0.33
07:32:13,"[141.0, 40]","[140.0, 32]","[142.0, 24]","[143.0, 8]",141.5,104,1.0,0.38
07:32:14,"[140.88, 34]","[139.96, 25]","[142.05, 19]","[143.25, 8]",141.47,86,1.17,0.37
07:32:15,"[140.0, 36]","[139.0, 9]","[143.0, 9]","[144.0, 18]",141.5,72,3.0,0.25
07:32:16,"[139.0, 9]","[138.0, 54]","[143.0, 9]","[144.0, 18]",141.0,90,4.0,0.4
07:32:17,"[140.91, 22]","[139.0, 11]","[143.0, 11]","[144.0, 22]",141.95,66,2.09,0.0
07:32:18,"[140.5, 8]","[136.23, 26]","[143.8, 10]","[145.75, 32]",142.15,76,3.3,-0.11
07:32:19,"[139.62, 13]","[136.63, 38]","[144.0, 26]","[146.0, 91]",141.81,168,4.38,-0.39
07:32:20,"[141.88, 113]","[139.94, 17]","[144.0, 34]","[146.0, 119]",142.94,283,2.12,-0.08
07:32:21,"[143.0, 13]","[142.0, 169]","[144.0, 26]","[146.0, 91]",143.5,299,1.0,0.22
07:32:22,"[142.02, 159]","[141.29, 51]","[144.0, 30]","[146.0, 105]",143.01,345,1.98,0.22
07:32:23,"[141.81, 97]","[136.49, 43]","[143.96, 25]","[145.95, 86]",142.89,251,2.15,0.12
07:32:24,"[140.09, 70]","[138.72, 79]","[144.64, 28]","[146.0, 98]",142.36,275,4.56,0.08
07:32:25,"[141.94, 70]","[140.83, 24]","[144.11, 56]","[145.51, 41]",143.03,191,2.16,-0.02
07:32:26,"[143.0, 35]","[139.86, 21]","[144.67, 45]","[146.17, 53]",143.83,154,1.67,-0.27
07:32:27,"[143.92, 36]","[142.14, 14]","[145.0, 73]","[147.0, 42]",144.46,165,1.08,-0.39
07:32:28,"[143.0, 7]","[139.0, 7]","[145.0, 31]","[146.69, 13]",144.0,58,2.0,-0.52
07:32:29,"[143.0, 15]","[135.08, 151]","[144.05, 74]","[145.72, 57]",143.53,297,1.05,0.12
07:32:30,"[135.23, 105]","[134.81, 63]","[145.52, 27]","[146.56, 36]",140.37,231,10.29,0.45
07:32:31,"[135.31, 145]","[135.11, 73]","[144.0, 83]","[159.11, 37]",139.66,338,8.69,0.29
07:32:32,"[142.0, 9]","[139.0, 18]","[143.8, 30]","[177.35, 51]",142.9,108,1.8,-0.5
07:32:33,"[139.0, 24]","[136.0, 24]","[142.2, 20]","[143.78, 36]",140.6,104,3.2,-0.08
07:32:34,"[139.92, 154]","[137.8, 30]","[141.48, 21]","[142.67, 30]",140.7,235,1.55,0.57
07:32:35,"[140.0, 140]","[139.0, 22]","[172.74, 38]","[176.65, 40]",156.37,240,32.74,0.35
07:32:36,"[140.0, 90]","[139.0, 18]","[144.0, 9]","[309.44, 25]",142.0,142,4.0,0.52
07:32:37,"[140.0, 130]","[139.0, 26]","[142.75, 24]","[167.23, 13]",141.38,193,2.75,0.62
07:32:38,"[140.0, 100]","[139.0, 20]","[141.5, 20]","[144.3, 10]",140.75,150,1.5,0.6
07:32:39,"[140.0, 80]","[139.0, 16]","[141.0, 16]","[145.0, 8]",140.5,120,1.0,0.6
07:32:40,"[140.0, 90]","[139.0, 18]","[141.0, 18]","[145.0, 9]",140.5,135,1.0,0.6
07:32:41,"[140.0, 80]","[139.0, 30]","[141.0, 16]","[145.0, 8]",140.5,134,1.0,0.64
07:32:42,"[140.0, 90]","[139.0, 52]","[144.47, 15]","[145.93, 14]",142.23,171,4.47,0.66
07:32:43,"[140.0, 40]","[139.0, 16]","[145.0, 8]","[146.0, 8]",142.5,72,5.0,0.56
07:32:44,"[140.0, 40]","[139.0, 16]","[145.0, 8]","[146.0, 8]",142.5,72,5.0,0.56
07:32:45,"[140.0, 35]","[139.0, 14]","[145.0, 7]","[146.0, 7]",142.5,63,5.0,0.56
07:32:46,"[140.0, 70]","[139.0, 28]","[142.09, 56]","[143.3, 46]",141.04,200,2.09,-0.02
07:32:47,"[139.88, 33]","[138.44, 32]","[141.0, 45]","[142.0, 27]",140.44,137,1.12,-0.05
07:32:48,"[140.0, 18]","[139.0, 18]","[141.0, 45]","[143.2, 15]",140.5,96,1.0,-0.25
07:32:49,"[139.4, 10]","[137.29, 14]","[141.0, 32]","[145.0, 7]",140.2,63,1.6,-0.24
07:32:50,"[139.0, 22]","[135.0, 22]","[140.26, 46]","[141.57, 35]",139.63,125,1.26,-0.3
07:32:51,"[133.08, 96]","[123.15, 81]","[142.75, 20]","[192.0, 34]",137.92,231,9.67,0.53
07:32:52,"[134.15, 52]","[133.73, 44]","[145.0, 20]","[324.5, 32]",139.58,148,10.85,0.3
07:32:53,"[134.0, 48]","[133.0, 16]","[144.93, 15]","[383.58, 24]",139.47,103,10.93,0.24
07:32:54,"[134.86, 21]","[134.09, 44]","[143.2, 10]","[144.2, 10]",139.03,85,8.34,0.53
07:32:55,"[137.81, 47]","[136.64, 73]","[143.44, 16]","[167.74, 23]",140.62,159,5.63,0.51
07:32:56,"[142.94, 16]","[141.78, 9]","[151.8, 10]","[201.32, 19]",147.37,54,8.86,-0.07
07:32:57,"[143.79, 14]","[142.0, 14]","[182.03, 67]","[348.4, 40]",162.91,135,38.24,-0.59
07:32:58,"[144.67, 18]","[142.96, 49]","[182.0, 70]","[455.43, 56]",163.33,193,37.33,-0.31
07:32:59,"[142.89, 27]","[140.94, 17]","[166.35, 34]","[267.65, 51]",154.62,129,23.46,-0.32
07:33:00,"[144.67, 15]","[140.57, 21]","[178.77, 48]","[333.44, 39]",161.72,123,34.1,-0.41
07:33:01,"[142.0, 16]","[140.0, 43]","[181.0, 80]","[330.89, 57]",161.5,196,39.0,-0.4
07:33:02,"[145.21, 14]","[141.09, 22]","[180.5, 40]","[305.13, 31]",162.86,107,35.29,-0.33
07:33:03,"[147.0, 20]","[145.0, 32]","[178.62, 40]","[383.4, 30]",162.81,122,31.62,-0.15
07:33:04,"[147.0, 20]","[145.0, 40]","[178.0, 50]","[342.71, 31]",162.5,141,31.0,-0.15
07:33:05,"[146.4, 40]","[145.38, 64]","[177.93, 70]","[212.29, 56]",162.16,230,31.53,-0.1
07:33:06,"[146.0, 36]","[145.0, 36]","[176.44, 45]","[197.0, 36]",161.22,153,30.44,-0.06
07:33:07,"[146.0, 14]","[145.0, 20]","[175.0, 25]","[197.0, 20]",160.5,79,29.0,-0.14
07:33:08,"[146.0, 11]","[145.0, 44]","[173.82, 55]","[393.28, 36]",159.91,146,27.82,-0.25
07:33:09,"[146.0, 11]","[145.0, 44]","[198.78, 49]","[461.38, 26]",172.39,130,52.78,-0.15
07:33:10,"[145.5, 18]","[144.63, 57]","[365.83, 24]","[743.17, 48]",255.67,147,220.33,0.02
07:33:11,"[145.0, 27]","[144.0, 63]","[268.78, 18]","[558.0, 36]",206.89,144,123.78,0.25
07:33:12,"[146.58, 36]","[144.82, 40]","[286.07, 54]","[375.5, 28]",216.33,158,139.49,-0.04
07:33:13,"[145.67, 9]","[144.07, 45]","[174.19, 31]","[244.38, 32]",159.93,117,28.53,-0.08
07:33:14,"[144.55, 47]","[143.73, 77]","[173.0, 55]","[266.43, 28]",158.78,207,28.45,0.2
07:33:15,"[144.0, 84]","[143.0, 84]","[171.9, 48]","[219.11, 28]",157.95,244,27.9,0.38
07:33:16,"[144.0, 45]","[143.0, 77]","[169.91, 55]","[171.33, 15]",156.95,192,25.91,0.27
07:33:17,"[144.0, 57]","[143.0, 133]","[167.57, 87]","[169.28, 79]",155.79,356,23.57,0.07
07:33:18,"[144.0, 39]","[143.0, 91]","[160.88, 64]","[163.84, 63]",152.44,257,16.88,0.01
07:33:19,"[144.0, 30]","[143.0, 70]","[156.9, 50]","[158.0, 50]",150.45,200,12.9,0.0
07:33:20,"[144.0, 36]","[143.0, 84]","[154.11, 56]","[156.46, 24]",149.05,200,10.11,0.2
07:33:21,"[144.0, 39]","[143.0, 91]","[150.56, 57]","[151.67, 45]",147.28,232,6.56,0.12
07:33:22,"[144.29, 49]","[143.03, 79]","[146.0, 65]","[147.08, 49]",145.14,242,1.71,0.06
07:33:23,"[143.79, 68]","[142.85, 91]","[145.23, 65]","[227.6, 20]",144.51,244,1.44,0.3
07:33:24,"[143.0, 39]","[142.0, 49]","[144.85, 26]","[164.2, 25]",143.92,139,1.85,0.27
07:33:25,"[143.0, 75]","[142.0, 105]","[197.88, 32]","[286.19, 47]",170.44,259,54.88,0.39
07:33:26,"[143.44, 45]","[141.91, 76]","[267.85, 27]","[475.51, 41]",205.65,189,124.41,0.28
07:33:27,"[145.0, 20]","[143.0, 50]","[340.89, 27]","[622.67, 39]",242.94,136,195.89,0.03
07:33:28,"[145.5, 12]","[143.42, 19]","[282.6, 15]","[0, 0]",214.05,46,137.1,0.35
07:33:29,"[145.9, 10]","[144.09, 11]","[162.0, 10]","[214.5, 6]",153.95,37,16.1,0.14
07:33:30,"[145.0, 8]","[143.0, 40]","[166.38, 24]","[400.71, 14]",155.69,86,21.38,0.12
07:33:31,"[144.17, 24]","[142.61, 62]","[260.53, 47]","[369.5, 24]",202.35,157,116.37,0.1
07:33:32,"[143.5, 12]","[142.27, 33]","[251.04, 28]","[301.18, 11]",197.27,84,107.54,0.07
07:33:33,"[143.0, 26]","[142.0, 104]","[176.51, 43]","[245.31, 52]",159.76,225,33.51,0.16
07:33:34,"[143.0, 14]","[142.0, 56]","[154.0, 35]","[288.86, 21]",148.5,126,11.0,0.11
07:33:35,"[143.0, 18]","[142.0, 72]","[152.67, 45]","[230.18, 22]",147.83,157,9.67,0.15
07:33:36,"[142.04, 46]","[140.18, 88]","[152.0, 45]","[295.75, 24]",147.02,203,9.96,0.32
07:33:37,"[142.0, 40]","[140.0, 100]","[149.14, 22]","[180.77, 44]",145.57,206,7.14,0.36
07:33:38,"[141.7, 66]","[139.94, 143]","[148.71, 51]","[200.75, 57]",145.2,317,7.01,0.32
07:33:39,"[140.03, 93]","[139.0, 69]","[142.61, 44]","[145.4, 20]",141.32,226,2.58,0.43
07:33:40,"[140.5, 100]","[139.44, 54]","[144.18, 22]","[156.26, 34]",142.34,210,3.68,0.47
07:33:41,"[140.52, 21]","[139.15, 41]","[142.03, 29]","[144.73, 11]",141.28,102,1.51,0.22
07:33:42,"[141.0, 42]","[140.0, 18]","[142.44, 27]","[153.5, 12]",141.72,99,1.44,0.21
07:33:43,"[142.1, 40]","[140.82, 34]","[146.0, 10]","[157.8, 20]",144.05,104,3.9,0.42
07:33:44,"[142.0, 36]","[140.0, 24]","[144.55, 22]","[149.14, 14]",143.27,96,2.55,0.25
07:33:45,"[143.06, 18]","[140.16, 19]","[145.64, 44]","[149.67, 36]",144.35,117,2.58,-0.37
07:33:46,"[144.8, 10]","[143.8, 10]","[146.0, 60]","[183.18, 22]",145.4,102,1.2,-0.61
07:33:47,"[144.39, 18]","[142.62, 29]","[145.88, 68]","[222.43, 42]",145.14,157,1.49,-0.4
07:33:48,"[142.67, 6]","[139.53, 15]","[145.0, 20]","[146.0, 30]",143.83,71,2.33,-0.41
07:33:49,"[140.0, 18]","[139.0, 63]","[144.5, 32]","[145.68, 50]",142.25,163,4.5,-0.01
07:33:50,"[139.38, 24]","[138.75, 40]","[142.54, 26]","[143.82, 34]",140.96,124,3.16,0.03
07:33:51,"[139.0, 38]","[137.0, 12]","[141.55, 38]","[142.54, 26]",140.28,114,2.55,-0.12
07:33:52,"[137.8, 15]","[119.45, 22]","[142.9, 31]","[144.71, 21]",140.35,89,5.1,-0.17
07:33:53,"[137.0, 8]","[111.0, 24]","[146.0, 40]","[147.0, 24]",141.5,96,9.0,-0.33
07:33:54,"[137.0, 4]","[100.0, 16]","[146.0, 20]","[147.0, 12]",141.5,52,9.0,-0.23
07:33:55,"[100.0, 27]","[57.14, 14]","[146.0, 35]","[147.0, 21]",123.0,97,46.0,-0.15
07:33:56,"[132.8, 15]","[101.33, 33]","[146.0, 37]","[147.0, 36]",139.4,121,13.2,-0.21
07:33:57,"[113.5, 18]","[42.8, 15]","[146.0, 14]","[147.0, 21]",129.75,68,32.5,-0.03
07:33:58,"[116.7, 23]","[48.12, 17]","[146.0, 34]","[147.0, 24]",131.35,98,29.3,-0.18
07:33:59,"[124.78, 23]","[68.0, 32]","[145.73, 37]","[146.68, 31]",135.26,123,20.95,-0.11
07:34:00,"[117.7, 50]","[108.47, 51]","[142.57, 42]","[145.41, 34]",130.14,177,24.87,0.14
07:34:01,"[136.78, 37]","[130.13, 39]","[141.0, 74]","[147.0, 39]",138.89,189,4.22,-0.2
07:34:02,"[138.14, 28]","[110.27, 44]","[140.83, 71]","[146.95, 39]",139.49,182,2.69,-0.21
07:34:03,"[136.0, 16]","[100.0, 56]","[141.0, 56]","[417.0, 32]",138.5,160,5.0,-0.1
07:34:04,"[136.91, 23]","[118.79, 42]","[245.89, 63]","[458.1, 40]",191.4,168,108.98,-0.23
07:34:05,"[146.85, 27]","[133.92, 13]","[294.18, 34]","[399.5, 16]",220.51,90,147.32,-0.11
07:34:06,"[134.0, 18]","[103.0, 27]","[179.77, 26]","[349.73, 22]",156.88,93,45.77,-0.03
07:34:07,"[108.5, 12]","[102.37, 19]","[135.0, 14]","[143.0, 21]",121.75,66,26.5,-0.06
07:34:08,"[132.78, 49]","[91.0, 14]","[135.0, 13]","[437.0, 10]",133.89,86,2.22,0.47
07:34:09,"[134.09, 70]","[122.94, 68]","[272.32, 22]","[370.71, 21]",203.2,181,138.23,0.52
07:34:10,"[136.3, 10]","[134.0, 86]","[188.82, 28]","[226.92, 12]",162.56,136,52.52,0.41
07:34:11,"[134.04, 73]","[128.21, 29]","[158.83, 18]","[257.79, 24]",146.44,144,24.79,0.42
07:34:12,"[134.0, 80]","[119.15, 34]","[136.0, 10]","[137.0, 10]",135.0,134,2.0,0.7
07:34:13,"[135.0, 10]","[134.0, 40]","[136.0, 5]","[137.0, 5]",135.5,60,1.0,0.67
07:34:14,"[135.43, 7]","[133.83, 48]","[136.83, 6]","[175.93, 15]",136.13,76,1.4,0.45
07:34:15,"[134.82, 71]","[121.38, 45]","[224.82, 28]","[292.36, 42]",179.82,186,90.0,0.25
07:34:16,"[143.0, 32]","[140.0, 28]","[336.56, 27]","[379.48, 29]",239.78,116,193.56,0.03
07:34:17,"[143.0, 48]","[140.0, 24]","[230.81, 52]","[451.27, 45]",186.9,169,87.81,-0.15
07:34:18,"[143.0, 30]","[140.0, 22]","[187.43, 53]","[245.42, 36]",165.22,141,44.43,-0.26
07:34:19,"[143.0, 24]","[140.0, 24]","[185.5, 60]","[188.0, 36]",164.25,144,42.5,-0.33
07:34:20,"[143.0, 26]","[140.0, 26]","[183.53, 43]","[185.3, 61]",163.27,156,40.53,-0.33
07:34:21,"[143.21, 19]","[140.3, 20]","[180.1, 30]","[183.11, 38]",161.66,107,36.89,-0.27
07:34:22,"[147.0, 8]","[143.0, 16]","[176.89, 36]","[178.25, 24]",161.94,84,29.89,-0.43
07:34:23,"[143.29, 28]","[140.2, 75]","[175.84, 56]","[177.5, 40]",159.56,199,32.55,0.04
07:34:24,"[146.0, 9]","[143.0, 9]","[172.78, 41]","[174.65, 31]",159.39,90,26.78,-0.6
07:34:25,"[146.0, 11]","[143.0, 8]","[172.0, 40]","[174.0, 24]",159.0,83,26.0,-0.54
07:34:26,"[146.0, 20]","[143.0, 10]","[171.57, 44]","[172.92, 36]",158.78,110,25.57,-0.45
07:34:27,"[146.0, 44]","[143.0, 22]","[168.38, 92]","[172.59, 76]",157.19,234,22.38,-0.44
07:34:28,"[146.0, 22]","[143.0, 59]","[166.19, 37]","[167.33, 45]",156.09,163,20.19,-0.01
07:34:29,"[146.0, 20]","[143.0, 70]","[163.8, 40]","[165.32, 38]",154.9,168,17.8,0.07
07:34:30,"[146.0, 22]","[143.0, 77]","[163.78, 23]","[164.67, 45]",154.89,167,17.78,0.19
07:34:31,"[146.0, 20]","[143.0, 70]","[160.44, 18]","[160.55, 22]",153.22,130,14.44,0.38
07:34:32,"[144.35, 49]","[142.35, 46]","[154.29, 48]","[157.9, 52]",149.32,195,9.94,-0.03
07:34:33,"[141.69, 61]","[140.16, 113]","[152.29, 63]","[153.11, 55]",146.99,292,10.6,0.19
07:34:34,"[141.0, 45]","[140.0, 126]","[149.2, 15]","[151.5, 36]",145.1,222,8.2,0.54
07:34:35,"[140.69, 65]","[137.89, 140]","[147.0, 15]","[148.9, 21]",143.85,241,6.31,0.7
07:34:36,"[140.0, 40]","[103.0, 16]","[145.5, 20]","[147.0, 4]",142.75,80,5.5,0.4
07:34:37,"[140.53, 106]","[129.17, 92]","[144.8, 41]","[145.46, 28]",142.67,267,4.28,0.48
07:34:38,"[141.86, 112]","[140.0, 144]","[143.35, 20]","[144.81, 43]",142.6,319,1.49,0.61
07:34:39,"[142.0, 79]","[140.0, 117]","[144.83, 41]","[204.64, 33]",143.41,270,2.83,0.45
07:34:40,"[143.41, 37]","[140.22, 111]","[145.0, 65]","[270.56, 34]",144.2,247,1.59,0.2
07:34:41,"[140.39, 62]","[138.2, 45]","[144.18, 55]","[213.63, 38]",142.28,200,3.79,0.07
07:34:42,"[140.0, 24]","[137.0, 21]","[177.19, 27]","[593.79, 19]",158.59,91,37.19,-0.01
07:34:43,"[140.0, 27]","[137.2, 30]","[221.41, 27]","[301.07, 30]",180.7,114,81.41,0.0
07:34:44,"[140.13, 31]","[137.94, 54]","[205.15, 27]","[206.38, 32]",172.64,144,65.02,0.18
07:34:45,"[141.0, 22]","[137.79, 33]","[201.15, 27]","[201.86, 28]",171.07,110,60.15,0.0
07:34:46,"[139.89, 45]","[126.69, 89]","[198.5, 42]","[200.0, 28]",169.19,204,58.61,0.31
07:34:47,"[143.0, 18]","[124.83, 70]","[197.56, 25]","[199.1, 20]",170.28,133,54.56,0.32
07:34:48,"[143.0, 44]","[141.0, 65]","[195.12, 33]","[196.19, 32]",169.06,174,52.12,0.25
07:34:49,"[143.73, 37]","[141.84, 43]","[191.27, 33]","[192.76, 37]",167.5,150,47.54,0.07
07:34:50,"[144.0, 27]","[143.0, 18]","[186.67, 27]","[188.16, 25]",165.33,97,42.67,-0.07
07:34:51,"[142.47, 38]","[131.82, 100]","[182.64, 56]","[184.04, 50]",162.56,244,40.17,0.13
07:34:52,"[141.87, 23]","[112.14, 42]","[176.33, 36]","[179.36, 42]",159.1,143,34.46,-0.09
07:34:53,"[143.94, 106]","[142.25, 16]","[148.39, 36]","[161.06, 35]",146.17,193,4.45,0.26
07:34:54,"[144.21, 114]","[143.0, 12]","[146.5, 36]","[147.8, 30]",145.36,192,2.29,0.31
07:34:55,"[145.75, 84]","[143.0, 12]","[147.85, 26]","[251.94, 17]",146.8,139,2.1,0.38
07:34:56,"[146.46, 125]","[146.12, 50]","[332.6, 53]","[480.86, 70]",239.53,298,186.14,0.17
07:34:57,"[148.0, 80]","[147.0, 19]","[303.84, 45]","[465.14, 22]",225.92,166,155.84,0.19
07:34:58,"[148.0, 96]","[147.0, 8]","[480.0, 32]","[552.0, 8]",314.0,144,332.0,0.44
07:34:59,"[148.0, 98]","[147.0, 11]","[480.32, 41]","[532.29, 14]",314.16,164,332.32,0.33
07:35:00,"[148.0, 30]","[147.0, 9]","[358.36, 28]","[565.71, 35]",253.18,102,210.36,-0.24
07:35:01,"[147.89, 27]","[146.31, 26]","[205.45, 55]","[556.67, 36]",176.67,144,57.57,-0.26
07:35:02,"[146.27, 41]","[145.77, 86]","[254.44, 80]","[345.75, 48]",200.35,255,108.17,-0.0
07:35:03,"[145.92, 95]","[144.86, 43]","[330.49, 37]","[458.74, 46]",238.2,221,184.57,0.25
07:35:04,"[146.0, 63]","[143.0, 7]","[280.14, 14]","[373.37, 19]",213.07,103,134.14,0.36
07:35:05,"[146.0, 87]","[144.64, 50]","[276.44, 16]","[278.71, 14]",211.22,167,130.44,0.64
07:35:06,"[147.05, 38]","[145.47, 51]","[275.0, 9]","[276.0, 12]",211.03,110,127.95,0.62
07:35:07,"[148.0, 60]","[146.0, 72]","[266.44, 25]","[274.0, 14]",207.22,171,118.44,0.54
07:35:08,"[148.0, 43]","[146.0, 66]","[235.65, 37]","[272.1, 20]",191.82,166,87.65,0.31
07:35:09,"[148.0, 11]","[146.0, 60]","[269.67, 18]","[270.87, 15]",208.83,104,121.67,0.37
07:35:10,"[148.0, 11]","[146.0, 66]","[267.27, 22]","[270.0, 22]",207.64,121,119.27,0.27
07:35:11,"[148.0, 9]","[146.0, 54]","[266.67, 18]","[269.56, 18]",207.33,99,118.67,0.27
07:35:12,"[147.18, 22]","[145.74, 105]","[186.68, 38]","[198.64, 39]",166.93,204,39.5,0.25
07:35:13,"[146.0, 33]","[145.0, 99]","[163.41, 27]","[167.56, 27]",154.7,186,17.41,0.42
07:35:14,"[146.0, 27]","[145.0, 81]","[150.93, 15]","[152.5, 12]",148.47,135,4.93,0.6
07:35:15,"[146.0, 24]","[145.0, 72]","[148.4, 20]","[150.54, 13]",147.2,129,2.4,0.49
07:35:16,"[146.0, 39]","[145.0, 117]","[147.09, 53]","[149.0, 13]",146.55,222,1.09,0.41
07:35:17,"[146.0, 33]","[145.0, 99]","[147.0, 33]","[149.0, 11]",146.5,176,1.0,0.5
07:35:18,"[145.79, 42]","[144.96, 101]","[147.06, 34]","[149.31, 13]",146.42,190,1.27,0.51
07:35:19,"[145.0, 63]","[143.0, 14]","[148.57, 7]","[151.0, 14]",146.79,98,3.57,0.57
07:35:20,"[145.61, 69]","[144.89, 97]","[147.0, 13]","[273.56, 39]",146.3,218,1.39,0.52
07:35:21,"[146.17, 36]","[145.06, 96]","[285.02, 54]","[445.47, 43]",215.59,229,138.85,0.15
07:35:22,"[145.25, 40]","[144.75, 60]","[192.78, 41]","[246.94, 35]",169.02,176,47.53,0.14
07:35:23,"[145.26, 57]","[144.59, 51]","[219.9, 42]","[270.53, 49]",182.58,199,74.64,0.09
07:35:24,"[145.11, 38]","[144.23, 35]","[201.08, 49]","[268.27, 55]",173.09,177,55.98,-0.18
07:35:25,"[147.0, 11]","[145.0, 44]","[203.78, 46]","[225.73, 55]",175.39,156,56.78,-0.29
07:35:26,"[144.12, 48]","[143.26, 131]","[201.92, 64]","[213.31, 61]",173.02,304,57.8,0.18
07:35:27,"[143.75, 48]","[142.92, 175]","[178.65, 60]","[187.53, 55]",161.2,338,34.9,0.32
07:35:28,"[143.0, 96]","[141.0, 56]","[146.25, 40]","[169.23, 35]",144.62,227,3.25,0.34
07:35:29,"[143.0, 103]","[141.0, 63]","[144.22, 45]","[150.55, 44]",143.61,255,1.22,0.3
07:35:30,"[142.6, 35]","[140.93, 60]","[144.88, 41]","[177.57, 40]",143.74,176,2.28,0.08
07:35:31,"[141.0, 51]","[140.0, 52]","[144.08, 52]","[315.69, 65]",142.54,220,3.08,-0.06
07:35:32,"[141.0, 26]","[140.0, 40]","[213.85, 27]","[249.7, 50]",177.43,143,72.85,-0.08
07:35:33,"[142.82, 56]","[142.09, 66]","[202.13, 23]","[205.66, 47]",172.48,192,59.31,0.27
07:35:34,"[144.82, 22]","[143.0, 154]","[196.45, 22]","[332.64, 55]",170.64,253,51.64,0.39
07:35:35,"[146.2, 20]","[143.0, 140]","[195.5, 20]","[577.0, 50]",170.85,230,49.3,0.39
07:35:36,"[148.0, 18]","[144.09, 110]","[195.0, 18]","[577.0, 45]",171.5,191,47.0,0.34
07:35:37,"[148.0, 16]","[143.0, 112]","[195.0, 16]","[577.0, 40]",171.5,184,47.0,0.39
07:35:38,"[148.0, 10]","[143.0, 70]","[195.0, 10]","[577.0, 25]",171.5,115,47.0,0.39
07:35:39,"[148.0, 18]","[143.56, 117]","[182.1, 20]","[537.51, 39]",165.05,194,34.1,0.39
07:35:40,"[145.66, 64]","[143.94, 163]","[400.42, 38]","[551.49, 49]",273.04,314,254.76,0.45
07:35:41,"[145.79, 95]","[143.57, 176]","[268.97, 31]","[284.94, 52]",207.38,354,123.18,0.53
07:35:42,"[145.21, 70]","[143.11, 178]","[248.22, 27]","[255.67, 33]",196.72,308,103.01,0.61
07:35:43,"[147.4, 50]","[143.73, 66]","[182.77, 39]","[199.14, 21]",165.08,176,35.37,0.32
07:35:44,"[148.0, 36]","[145.0, 18]","[178.87, 15]","[179.47, 15]",163.43,84,30.87,0.29
07:35:45,"[148.0, 56]","[145.0, 28]","[174.71, 14]","[176.0, 14]",161.36,112,26.71,0.5
07:35:46,"[148.0, 64]","[146.2, 20]","[170.58, 19]","[171.3, 46]",159.29,149,22.58,0.13
07:35:47,"[148.0, 73]","[147.0, 13]","[168.09, 22]","[170.86, 43]",158.05,151,20.09,0.14
07:35:48,"[148.0, 91]","[147.0, 13]","[166.42, 19]","[167.09, 46]",157.21,169,18.42,0.23
07:35:49,"[148.0, 30]","[147.0, 10]","[165.1, 10]","[167.0, 40]",156.55,90,17.1,-0.11
07:35:50,"[148.0, 39]","[147.0, 13]","[161.25, 16]","[162.05, 19]",154.62,87,13.25,0.2
07:35:51,"[148.0, 30]","[147.0, 10]","[153.21, 19]","[159.4, 10]",150.61,69,5.21,0.16
07:35:52,"[148.0, 42]","[147.0, 14]","[155.71, 21]","[156.48, 21]",151.86,98,7.71,0.14
07:35:53,"[148.0, 36]","[147.0, 12]","[151.8, 15]","[152.71, 21]",149.9,84,3.8,0.14
07:35:54,"[148.0, 42]","[147.0, 17]","[149.65, 23]","[151.57, 28]",148.83,110,1.65,0.07
07:35:55,"[144.7, 20]","[142.57, 46]","[149.0, 24]","[487.3, 33]",146.85,123,4.3,0.07
07:35:56,"[143.7, 69]","[141.28, 65]","[148.0, 40]","[149.0, 20]",145.85,194,4.3,0.38
07:35:57,"[144.0, 208]","[143.0, 47]","[147.33, 48]","[148.47, 30]",145.67,333,3.33,0.53
07:35:58,"[144.0, 115]","[143.0, 45]","[296.93, 59]","[389.25, 52]",220.47,271,152.93,0.18
07:35:59,"[144.0, 17]","[143.0, 36]","[329.43, 46]","[446.19, 32]",236.72,131,185.43,-0.19
07:36:00,"[144.0, 8]","[143.0, 24]","[215.32, 31]","[386.53, 30]",179.66,93,71.32,-0.31
07:36:01,"[143.18, 22]","[141.64, 44]","[264.63, 38]","[369.14, 42]",203.91,146,121.45,-0.1
07:36:02,"[143.0, 38]","[141.0, 60]","[240.0, 60]","[285.88, 25]",191.5,183,97.0,0.07
07:36:03,"[143.0, 44]","[141.0, 55]","[213.27, 55]","[283.0, 22]",178.14,176,70.27,0.12
07:36:04,"[143.0, 40]","[141.0, 50]","[196.75, 48]","[264.52, 23]",169.88,161,53.75,0.12
07:36:05,"[144.83, 41]","[142.0, 40]","[247.33, 21]","[297.2, 20]",196.08,122,102.5,0.33
07:36:06,"[141.97, 32]","[140.9, 62]","[202.25, 24]","[282.0, 24]",172.11,142,60.28,0.32
07:36:07,"[144.61, 54]","[140.71, 63]","[195.25, 24]","[280.79, 29]",169.93,170,50.64,0.38
07:36:08,"[142.15, 26]","[140.17, 58]","[194.0, 20]","[296.75, 24]",168.08,128,51.85,0.31
07:36:09,"[140.94, 102]","[138.67, 73]","[193.46, 26]","[262.0, 26]",167.2,227,52.52,0.54
07:36:10,"[141.0, 56]","[140.0, 42]","[191.14, 14]","[224.0, 14]",166.07,126,50.14,0.56
07:36:11,"[141.0, 136]","[140.0, 102]","[188.56, 43]","[214.85, 61]",164.78,342,47.56,0.39
07:36:12,"[141.19, 106]","[140.18, 88]","[183.0, 28]","[205.82, 33]",162.09,255,41.81,0.52
07:36:13,"[141.0, 88]","[140.0, 66]","[176.73, 22]","[179.0, 22]",158.86,198,35.73,0.56
07:36:14,"[141.0, 57]","[140.0, 54]","[175.0, 18]","[384.19, 27]",158.0,156,34.0,0.42
07:36:15,"[141.0, 60]","[140.0, 72]","[174.33, 24]","[479.12, 48]",157.67,204,33.33,0.29
07:36:16,"[141.0, 45]","[140.0, 54]","[173.11, 18]","[323.67, 45]",157.06,162,32.11,0.22
07:36:17,"[141.0, 71]","[140.0, 66]","[170.41, 49]","[173.64, 22]",155.7,208,29.41,0.32
07:36:18,"[145.12, 34]","[140.85, 82]","[166.83, 24]","[169.0, 60]",155.98,200,21.72,0.16
07:36:19,"[148.0, 20]","[141.0, 70]","[165.33, 30]","[168.14, 35]",156.67,155,17.33,0.16
07:36:20,"[148.0, 26]","[142.0, 56]","[163.04, 46]","[164.62, 32]",155.52,160,15.04,0.03
07:36:21,"[148.0, 62]","[145.31, 29]","[160.44, 75]","[161.0, 73]",154.22,239,12.44,-0.24
07:36:22,"[148.0, 42]","[146.93, 54]","[156.51, 69]","[157.22, 37]",152.25,202,8.51,-0.05
07:36:23,"[147.06, 78]","[146.22, 60]","[149.4, 82]","[155.16, 61]",148.23,281,2.34,-0.02
07:36:24,"[146.0, 68]","[145.0, 34]","[156.11, 47]","[158.56, 45]",151.05,194,10.11,0.05
07:36:25,"[146.0, 52]","[145.0, 26]","[151.77, 26]","[153.37, 38]",148.88,142,5.77,0.1
07:36:26,"[146.0, 76]","[145.0, 26]","[147.7, 40]","[148.65, 34]",146.85,176,1.7,0.16
07:36:27,"[146.0, 44]","[145.0, 22]","[190.21, 19]","[302.74, 42]",168.11,127,44.21,0.04
07:36:28,"[146.95, 19]","[145.38, 16]","[296.94, 34]","[448.9, 31]",221.94,100,149.99,-0.3
07:36:29,"[146.35, 17]","[145.12, 16]","[166.0, 40]","[334.76, 34]",156.18,107,19.65,-0.38
07:36:30,"[146.0, 12]","[145.0, 12]","[165.83, 24]","[167.78, 18]",155.92,66,19.83,-0.27
07:36:31,"[146.58, 43]","[145.36, 28]","[163.14, 28]","[166.0, 70]",154.86,169,16.56,-0.16
07:36:32,"[147.0, 75]","[146.0, 30]","[159.92, 25]","[171.6, 48]",153.46,178,12.92,0.18
07:36:33,"[147.0, 45]","[146.0, 18]","[155.5, 12]","[156.6, 15]",151.25,90,8.5,0.4
07:36:34,"[144.3, 128]","[143.44, 36]","[154.27, 11]","[155.89, 19]",149.28,194,9.98,0.69
07:36:35,"[144.0, 190]","[143.0, 50]","[153.0, 20]","[154.0, 10]",148.5,270,9.0,0.78
07:36:36,"[144.0, 114]","[143.0, 30]","[151.33, 6]","[153.0, 12]",147.67,162,7.33,0.78
07:36:37,"[144.0, 127]","[143.0, 55]","[149.29, 14]","[150.47, 19]",146.64,215,5.29,0.69
07:36:38,"[143.0, 40]","[141.0, 56]","[146.0, 13]","[148.64, 11]",144.5,120,3.0,0.6
07:36:39,"[143.0, 51]","[141.0, 77]","[144.53, 15]","[158.53, 34]",143.77,177,1.53,0.45
07:36:40,"[143.0, 9]","[141.0, 63]","[145.0, 28]","[181.67, 45]",144.0,145,2.0,-0.01
07:36:41,"[143.0, 5]","[141.0, 21]","[145.0, 35]","[502.6, 25]",144.0,86,2.0,-0.4
07:36:42,"[141.57, 14]","[140.73, 22]","[144.14, 14]","[377.0, 35]",142.86,85,2.57,-0.15
07:36:43,"[142.0, 55]","[141.0, 27]","[143.89, 18]","[359.4, 40]",142.94,140,1.89,0.17
07:36:44,"[142.0, 37]","[141.0, 30]","[143.75, 16]","[333.47, 38]",142.88,121,1.75,0.11
07:36:45,"[142.0, 34]","[141.0, 51]","[143.82, 34]","[351.42, 67]",142.91,186,1.82,-0.09
07:36:46,"[141.34, 56]","[137.38, 48]","[176.04, 46]","[263.29, 35]",158.69,185,34.7,0.12
07:36:47,"[143.08, 51]","[141.0, 15]","[181.0, 55]","[328.09, 33]",162.04,154,37.92,-0.14
07:36:48,"[147.0, 7]","[143.0, 35]","[223.39, 33]","[308.65, 23]",185.2,98,76.39,-0.14
07:36:49,"[147.0, 8]","[143.0, 40]","[314.0, 24]","[347.0, 40]",230.5,112,167.0,-0.14
07:36:50,"[128.06, 16]","[132.0, 24]","[314.0, 21]","[347.0, 35]",221.03,96,185.94,-0.17
07:36:51,"[84.91, 11]","[24.0, 31]","[241.51, 35]","[299.66, 29]",163.21,106,156.61,-0.21
07:36:52,"[146.0, 15]","[33.43, 21]","[282.56, 9]","[373.23, 31]",214.28,76,136.56,-0.05
07:36:53,"[146.0, 18]","[65.31, 29]","[279.33, 9]","[295.85, 13]",212.67,69,133.33,0.36
07:36:54,"[146.0, 24]","[116.58, 48]","[174.44, 16]","[184.75, 20]",160.22,108,28.44,0.33
07:36:55,"[146.0, 20]","[145.0, 20]","[165.5, 10]","[166.5, 10]",155.75,60,19.5,0.33
07:36:56,"[147.09, 22]","[145.29, 14]","[163.57, 7]","[165.0, 7]",155.33,50,16.48,0.44
07:36:57,"[147.95, 74]","[145.94, 32]","[159.12, 16]","[160.88, 16]",153.54,138,11.18,0.54
07:36:58,"[146.0, 20]","[145.0, 20]","[156.0, 10]","[157.3, 10]",151.0,60,10.0,0.33
07:36:59,"[146.0, 16]","[145.0, 16]","[154.25, 8]","[155.75, 8]",150.12,48,8.25,0.33
07:37:00,"[146.0, 24]","[145.0, 24]","[150.81, 16]","[151.78, 32]",148.41,96,4.81,0.0
07:37:01,"[145.62, 32]","[144.57, 28]","[147.19, 16]","[149.06, 16]",146.41,92,1.56,0.3
07:37:02,"[145.0, 28]","[143.95, 148]","[146.13, 30]","[147.57, 14]",145.57,220,1.13,0.6
07:37:03,"[144.07, 120]","[143.88, 128]","[146.25, 16]","[149.0, 16]",145.16,280,2.18,0.77
07:37:04,"[144.0, 177]","[143.0, 30]","[147.0, 19]","[253.07, 15]",145.5,241,3.0,0.72
07:37:05,"[144.76, 136]","[143.94, 94]","[146.55, 11]","[285.45, 11]",145.65,252,1.79,0.83
07:37:06,"[145.0, 47]","[144.0, 110]","[204.4, 10]","[482.45, 22]",174.7,189,59.4,0.66
07:37:07,"[145.0, 22]","[144.0, 121]","[365.18, 22]","[481.54, 37]",255.09,202,220.18,0.42
07:37:08,"[145.0, 12]","[144.0, 66]","[268.0, 24]","[463.19, 16]",206.5,118,123.0,0.32
07:37:09,"[145.0, 14]","[144.0, 77]","[268.0, 28]","[529.0, 9]",206.5,128,123.0,0.42
07:37:10,"[145.0, 16]","[144.0, 88]","[311.57, 28]","[430.71, 28]",228.29,160,166.57,0.3
07:37:11,"[145.62, 16]","[144.23, 43]","[316.56, 18]","[455.14, 28]",231.09,105,170.93,0.12
07:37:12,"[146.73, 44]","[145.0, 30]","[246.05, 57]","[375.9, 49]",196.39,180,99.33,-0.18
07:37:13,"[144.31, 86]","[141.6, 30]","[159.4, 40]","[273.16, 38]",151.86,194,15.09,0.2
07:37:14,"[144.2, 59]","[142.79, 77]","[180.23, 13]","[210.21, 29]",162.22,178,36.03,0.53
07:37:15,"[147.0, 10]","[144.0, 110]","[156.3, 10]","[217.68, 31]",151.65,161,9.3,0.49
07:37:16,"[144.33, 46]","[143.79, 70]","[154.33, 42]","[174.5, 16]",149.33,174,10.01,0.33
07:37:17,"[144.0, 81]","[143.0, 60]","[153.62, 24]","[154.12, 48]",148.81,213,9.62,0.32
07:37:18,"[144.0, 16]","[143.0, 20]","[152.75, 4]","[153.94, 16]",148.38,56,8.75,0.29
07:37:19,"[145.41, 68]","[143.49, 49]","[149.33, 15]","[150.67, 15]",147.37,147,3.92,0.59
07:37:20,"[146.0, 27]","[144.0, 36]","[147.0, 9]","[150.0, 9]",146.5,81,1.0,0.56
07:37:21,"[145.57, 23]","[143.46, 56]","[149.2, 10]","[271.0, 48]",147.38,137,3.63,0.15
07:37:22,"[147.82, 17]","[144.18, 33]","[279.61, 49]","[408.44, 50]",213.72,149,131.79,-0.33
07:37:23,"[144.25, 8]","[143.6, 10]","[317.38, 13]","[625.25, 16]",230.82,47,173.13,-0.23
07:37:24,"[144.0, 24]","[143.0, 16]","[285.95, 39]","[673.12, 32]",214.97,111,141.95,-0.28
07:37:25,"[143.0, 10]","[142.0, 60]","[210.73, 33]","[278.95, 38]",176.86,141,67.73,-0.01
07:37:26,"[143.97, 36]","[142.54, 13]","[193.0, 16]","[208.0, 32]",168.49,97,49.03,0.01
07:37:27,"[144.0, 33]","[143.0, 11]","[202.56, 39]","[423.8, 40]",173.28,123,58.56,-0.28
07:37:28,"[144.0, 24]","[143.0, 8]","[167.12, 24]","[169.0, 32]",155.56,88,23.12,-0.27
07:37:29,"[144.0, 54]","[143.0, 8]","[166.38, 24]","[169.0, 32]",155.19,118,22.38,0.05
07:37:30,"[144.0, 106]","[143.0, 9]","[165.89, 27]","[392.35, 34]",154.94,176,21.89,0.31
07:37:31,"[143.95, 65]","[142.36, 28]","[164.54, 39]","[435.44, 50]",154.25,182,20.58,0.02
07:37:32,"[143.0, 7]","[142.0, 42]","[162.57, 21]","[190.28, 25]",152.79,95,19.57,0.03
07:37:33,"[142.04, 56]","[141.08, 147]","[159.73, 33]","[160.82, 33]",150.88,269,17.69,0.51
07:37:34,"[142.67, 36]","[141.62, 78]","[157.4, 30]","[158.4, 30]",150.03,174,14.73,0.31
07:37:35,"[143.0, 30]","[142.0, 60]","[154.9, 30]","[156.0, 30]",148.95,150,11.9,0.2
07:37:36,"[145.8, 45]","[142.78, 27]","[154.0, 24]","[155.0, 24]",149.9,120,8.2,0.2
07:37:37,"[146.0, 60]","[143.0, 60]","[153.0, 30]","[154.7, 30]",149.5,180,7.0,0.33
07:37:38,"[146.0, 36]","[143.0, 54]","[149.0, 18]","[150.33, 18]",147.5,126,3.0,0.43
07:37:39,"[146.67, 82]","[143.65, 69]","[147.91, 33]","[213.12, 25]",147.29,209,1.24,0.44
07:37:40,"[147.0, 65]","[146.0, 39]","[224.34, 41]","[318.07, 28]",185.67,173,77.34,0.2
07:37:41,"[145.5, 26]","[143.34, 41]","[427.91, 35]","[604.5, 24]",286.71,126,282.41,0.06
07:37:42,"[145.94, 34]","[142.45, 33]","[411.83, 23]","[473.94, 17]",278.88,107,265.88,0.25
07:37:43,"[146.69, 39]","[142.67, 18]","[315.0, 13]","[412.46, 13]",230.85,83,168.31,0.37
07:37:44,"[147.0, 144]","[143.0, 48]","[288.72, 50]","[296.07, 55]",217.86,297,141.72,0.29
07:37:45,"[147.0, 91]","[143.0, 33]","[247.14, 29]","[250.92, 39]",197.07,192,100.14,0.29
07:37:46,"[142.35, 40]","[141.42, 57]","[239.5, 24]","[247.71, 28]",190.93,149,97.15,0.3
07:37:47,"[142.36, 44]","[141.09, 53]","[236.44, 27]","[238.11, 27]",189.4,151,94.08,0.28
07:37:48,"[146.0, 48]","[142.0, 60]","[234.83, 36]","[237.5, 36]",190.42,180,88.83,0.2
07:37:49,"[146.88, 164]","[143.96, 49]","[231.64, 33]","[233.64, 33]",189.26,279,84.76,0.53
07:37:50,"[147.0, 198]","[146.0, 28]","[227.71, 21]","[229.29, 21]",187.36,268,80.71,0.69
07:37:51,"[147.39, 270]","[146.51, 49]","[226.09, 33]","[227.18, 33]",186.74,385,78.7,0.66
07:37:52,"[148.0, 168]","[147.0, 40]","[224.45, 20]","[226.0, 24]",186.22,252,76.45,0.65
07:37:53,"[148.0, 231]","[147.0, 55]","[221.14, 29]","[224.55, 33]",184.57,348,73.14,0.64
07:37:54,"[148.0, 231]","[147.0, 55]","[192.0, 27]","[209.57, 21]",170.0,334,44.0,0.71
07:37:55,"[148.0, 147]","[147.0, 36]","[191.0, 21]","[192.0, 21]",169.5,225,43.0,0.63
07:37:56,"[148.0, 212]","[147.0, 48]","[188.08, 36]","[189.25, 36]",168.04,332,40.08,0.57
07:37:57,"[148.0, 149]","[147.0, 36]","[185.22, 27]","[186.22, 27]",166.61,239,37.22,0.55
07:37:58,"[148.0, 148]","[147.0, 68]","[182.18, 51]","[184.29, 51]",165.09,318,34.18,0.36
07:37:59,"[148.0, 88]","[147.0, 44]","[177.1, 29]","[178.25, 36]",162.55,197,29.1,0.34
07:38:00,"[148.0, 112]","[147.0, 56]","[169.29, 56]","[176.25, 28]",158.64,252,21.29,0.33
07:38:01,"[148.0, 114]","[147.0, 64]","[166.12, 50]","[167.45, 60]",157.06,288,18.12,0.24
07:38:02,"[148.0, 70]","[147.0, 40]","[162.1, 30]","[163.29, 31]",155.05,171,14.1,0.29
07:38:03,"[148.0, 56]","[147.0, 28]","[159.45, 22]","[160.35, 26]",153.73,132,11.45,0.27
07:38:04,"[148.0, 80]","[147.0, 40]","[157.4, 30]","[159.0, 30]",152.7,180,9.4,0.33
07:38:05,"[148.0, 72]","[147.0, 48]","[155.33, 36]","[156.67, 36]",151.67,192,7.33,0.25
07:38:06,"[148.0, 111]","[147.0, 52]","[153.77, 39]","[155.0, 39]",150.88,241,5.77,0.35
07:38:07,"[148.0, 113]","[147.0, 60]","[150.94, 54]","[152.04, 49]",149.47,276,2.94,0.25
07:38:08,"[147.93, 55]","[146.94, 64]","[149.41, 49]","[150.88, 59]",148.67,227,1.48,0.05
07:38:09,"[146.75, 32]","[145.86, 28]","[149.55, 22]","[151.8, 30]",148.15,112,2.8,0.07
07:38:10,"[145.83, 35]","[144.73, 22]","[147.32, 38]","[149.2, 40]",146.57,135,1.49,-0.16
07:38:11,"[145.46, 13]","[143.33, 24]","[147.33, 24]","[201.06, 35]",146.4,96,1.87,-0.23
07:38:12,"[144.23, 22]","[143.04, 46]","[147.5, 32]","[188.67, 48]",145.86,148,3.27,-0.08
07:38:13,"[143.1, 39]","[141.2, 81]","[145.43, 53]","[146.45, 40]",144.27,213,2.33,0.13
07:38:14,"[143.0, 20]","[141.0, 70]","[144.0, 10]","[145.0, 50]",143.5,150,1.0,0.2
07:38:15,"[141.09, 47]","[140.44, 16]","[143.17, 30]","[144.83, 30]",142.13,123,2.08,0.02
07:38:16,"[141.0, 59]","[140.0, 26]","[142.15, 65]","[144.0, 13]",141.58,163,1.15,0.04
07:38:17,"[140.82, 44]","[130.36, 22]","[142.0, 55]","[184.43, 14]",141.41,135,1.18,-0.02
07:38:18,"[123.58, 19]","[106.5, 24]","[140.67, 36]","[159.25, 36]",132.12,115,17.09,-0.25
07:38:19,"[118.0, 21]","[56.96, 25]","[137.61, 49]","[139.0, 20]",127.81,115,19.61,-0.2
07:38:20,"[133.0, 8]","[63.25, 4]","[136.75, 16]","[139.0, 8]",134.88,36,3.75,-0.33
07:38:21,"[104.73, 11]","[57.75, 8]","[136.0, 48]","[166.71, 35]",120.36,102,31.27,-0.63
07:38:22,"[76.0, 6]","[29.67, 6]","[136.0, 41]","[172.04, 26]",106.0,79,60.0,-0.7
07:38:23,"[43.0, 18]","[36.0, 6]","[135.73, 15]","[180.57, 14]",89.37,53,92.73,-0.09
07:38:24,"[49.0, 11]","[42.18, 17]","[134.09, 11]","[136.0, 21]",91.55,60,85.09,-0.07
07:38:25,"[89.3, 27]","[42.85, 27]","[198.47, 34]","[186.32, 34]",143.88,122,109.17,-0.11
07:38:26,"[146.0, 20]","[88.36, 11]","[328.11, 9]","[483.18, 11]",237.06,51,182.11,0.22
07:38:27,"[146.0, 44]","[131.64, 11]","[362.11, 18]","[480.91, 22]",254.06,95,216.11,0.16
07:38:28,"[146.0, 8]","[144.0, 2]","[507.33, 3]","[577.33, 3]",326.67,16,361.33,0.25
07:38:29,"[145.87, 15]","[143.4, 5]","[461.36, 11]","[574.29, 7]",303.62,38,315.5,0.05
07:38:30,"[147.0, 44]","[144.0, 8]","[442.0, 24]","[572.0, 16]",294.5,92,295.0,0.13
07:38:31,"[147.91, 44]","[146.86, 21]","[515.2, 15]","[540.53, 15]",331.55,95,367.29,0.37
07:38:32,"[148.0, 28]","[147.0, 16]","[497.25, 12]","[516.0, 8]",322.62,64,349.25,0.38
07:38:33,"[148.0, 30]","[147.0, 20]","[481.5, 12]","[529.15, 13]",314.75,75,333.5,0.33
07:38:34,"[148.0, 38]","[147.0, 28]","[438.43, 14]","[535.0, 21]",293.21,101,290.43,0.31
07:38:35,"[148.0, 40]","[147.0, 32]","[515.0, 16]","[639.0, 24]",331.5,112,367.0,0.29
07:38:36,"[148.0, 45]","[147.0, 36]","[479.05, 19]","[686.04, 25]",313.53,125,331.05,0.3
07:38:37,"[148.0, 45]","[147.0, 36]","[273.22, 23]","[412.5, 20]",210.61,124,125.22,0.31
07:38:38,"[147.29, 34]","[145.71, 14]","[210.0, 18]","[331.0, 22]",178.65,88,62.71,0.09
07:38:39,"[147.0, 28]","[144.0, 7]","[184.1, 20]","[197.71, 14]",165.55,69,37.1,0.01
07:38:40,"[144.92, 52]","[143.56, 18]","[182.5, 36]","[183.76, 34]",163.71,140,37.58,0.0
07:38:41,"[145.0, 99]","[144.0, 11]","[179.89, 27]","[181.07, 28]",162.44,165,34.89,0.33
07:38:42,"[145.76, 42]","[144.88, 48]","[177.06, 36]","[178.1, 29]",161.41,155,31.29,0.16
07:38:43,"[145.0, 64]","[144.0, 16]","[171.53, 34]","[180.28, 47]",158.26,161,26.53,-0.01
07:38:44,"[144.47, 17]","[142.33, 24]","[160.05, 38]","[212.06, 32]",152.26,111,15.58,-0.26
07:38:45,"[143.75, 8]","[141.75, 16]","[173.77, 26]","[174.45, 22]",158.76,72,30.02,-0.33
07:38:46,"[144.0, 12]","[143.0, 12]","[171.0, 26]","[172.35, 46]",157.5,96,27.0,-0.5
07:38:47,"[144.0, 13]","[142.41, 17]","[167.93, 30]","[169.33, 48]",155.97,108,23.93,-0.44
07:38:48,"[141.52, 29]","[140.19, 89]","[165.21, 28]","[167.24, 50]",153.37,196,23.7,0.2
07:38:49,"[141.0, 77]","[140.0, 118]","[161.26, 38]","[162.22, 46]",151.13,279,20.26,0.4
07:38:50,"[141.37, 109]","[140.64, 86]","[159.0, 24]","[162.0, 48]",150.18,267,17.63,0.46
07:38:51,"[145.71, 73]","[144.44, 64]","[158.07, 30]","[162.0, 60]",151.89,227,12.35,0.21
07:38:52,"[147.22, 37]","[145.0, 36]","[157.0, 18]","[162.0, 36]",152.11,127,9.78,0.15
07:38:53,"[148.0, 32]","[145.0, 32]","[156.0, 28]","[157.8, 20]",152.0,112,8.0,0.14
07:38:54,"[148.0, 27]","[145.0, 60]","[152.85, 47]","[153.77, 52]",150.43,186,4.85,-0.06
07:38:55,"[148.0, 48]","[145.0, 60]","[149.72, 40]","[150.93, 45]",148.86,193,1.72,0.12
07:38:56,"[147.25, 32]","[144.77, 26]","[149.0, 24]","[150.0, 16]",148.12,98,1.75,0.18
07:38:57,"[143.67, 72]","[141.0, 24]","[147.71, 35]","[148.78, 37]",145.69,168,4.05,0.14
07:38:58,"[141.0, 131]","[140.0, 81]","[144.04, 23]","[145.44, 32]",142.52,267,3.04,0.59
07:38:59,"[141.0, 109]","[140.0, 66]","[142.2, 30]","[257.35, 40]",141.6,245,1.2,0.43
07:39:00,"[141.0, 60]","[140.0, 60]","[202.1, 50]","[333.33, 24]",171.55,194,61.1,0.24
07:39:01,"[141.0, 56]","[140.0, 60]","[275.95, 37]","[390.44, 32]",208.47,185,134.95,0.25
07:39:02,"[147.0, 55]","[141.02, 58]","[202.55, 44]","[416.6, 40]",174.77,197,55.55,0.15
07:39:03,"[147.0, 55]","[145.74, 91]","[314.45, 44]","[649.96, 54]",230.73,244,167.45,0.2
07:39:04,"[147.0, 55]","[146.0, 187]","[256.78, 46]","[367.29, 42]",201.89,330,109.78,0.47
07:39:05,"[146.08, 182]","[145.29, 62]","[297.1, 58]","[323.48, 62]",221.59,364,151.02,0.34
07:39:06,"[146.0, 195]","[142.0, 13]","[168.28, 32]","[182.52, 44]",157.14,284,22.28,0.46
07:39:07,"[146.0, 99]","[142.0, 9]","[165.53, 30]","[166.87, 15]",155.77,153,19.53,0.41
07:39:08,"[146.0, 143]","[142.0, 19]","[162.05, 22]","[163.14, 43]",154.02,227,16.05,0.43
07:39:09,"[146.0, 154]","[142.0, 29]","[157.38, 26]","[162.0, 44]",151.69,253,11.38,0.45
07:39:10,"[145.96, 103]","[141.86, 14]","[155.73, 15]","[156.96, 46]",150.85,178,9.77,0.31
07:39:11,"[146.0, 35]","[142.0, 7]","[154.86, 14]","[156.0, 7]",150.43,63,8.86,0.33
07:39:12,"[146.0, 60]","[142.0, 12]","[152.1, 31]","[152.54, 26]",149.05,129,6.1,0.12
07:39:13,"[146.63, 41]","[145.75, 48]","[149.91, 33]","[318.72, 43]",148.27,165,3.27,0.08
07:39:14,"[147.0, 38]","[146.0, 50]","[150.0, 40]","[511.0, 40]",148.5,168,3.0,0.05
07:39:15,"[147.04, 23]","[146.04, 57]","[264.36, 42]","[498.95, 44]",205.7,166,117.31,-0.04
07:39:16,"[146.67, 12]","[145.77, 26]","[257.6, 15]","[380.6, 15]",202.13,68,110.93,0.12
07:39:17,"[145.09, 44]","[142.09, 22]","[257.0, 27]","[366.78, 27]",201.05,120,111.91,0.1
07:39:18,"[145.0, 45]","[142.2, 30]","[244.14, 28]","[271.22, 27]",194.57,130,99.14,0.15
07:39:19,"[145.0, 33]","[143.0, 72]","[249.08, 37]","[316.58, 36]",197.04,178,104.08,0.18
07:39:20,"[142.42, 24]","[141.1, 40]","[184.55, 33]","[186.35, 34]",163.48,131,42.13,-0.02
07:39:21,"[142.73, 11]","[141.0, 22]","[179.03, 31]","[181.66, 29]",160.88,93,36.3,-0.29
07:39:22,"[145.55, 11]","[141.88, 17]","[173.0, 33]","[175.0, 33]",159.27,94,27.45,-0.4
07:39:23,"[143.05, 19]","[141.5, 16]","[172.86, 21]","[174.71, 21]",157.95,77,29.8,-0.09
07:39:24,"[142.52, 25]","[136.47, 15]","[170.38, 24]","[171.5, 24]",156.45,88,27.85,-0.09
07:39:25,"[140.0, 20]","[36.48, 29]","[168.8, 15]","[170.0, 15]",154.4,79,28.8,0.24
07:39:26,"[144.4, 75]","[52.57, 53]","[166.73, 33]","[167.9, 30]",155.56,191,22.33,0.34
07:39:27,"[146.0, 99]","[141.0, 18]","[164.34, 29]","[165.55, 33]",155.17,179,18.34,0.31
07:39:28,"[146.0, 120]","[141.59, 17]","[161.68, 34]","[162.7, 40]",153.84,211,15.68,0.3
07:39:29,"[146.0, 96]","[143.0, 12]","[157.95, 43]","[158.76, 38]",151.98,189,11.95,0.14
07:39:30,"[146.0, 30]","[143.0, 10]","[152.95, 37]","[154.39, 33]",149.47,110,6.95,-0.27
07:39:31,"[145.33, 27]","[141.74, 19]","[148.08, 48]","[150.33, 43]",146.71,137,2.75,-0.33
07:39:32,"[143.0, 9]","[141.0, 18]","[146.62, 32]","[148.45, 31]",144.81,90,3.62,-0.4
07:39:33,"[141.26, 23]","[140.23, 26]","[144.18, 44]","[144.95, 42]",142.72,135,2.92,-0.27
07:39:34,"[140.31, 26]","[134.6, 35]","[142.39, 36]","[181.43, 47]",141.35,144,2.08,-0.15
07:39:35,"[141.07, 90]","[140.62, 48]","[143.0, 46]","[296.03, 30]",142.03,214,1.93,0.29
07:39:36,"[141.0, 63]","[140.0, 22]","[191.54, 26]","[365.4, 30]",166.27,141,50.54,0.21
07:39:37,"[141.09, 45]","[134.2, 41]","[265.86, 42]","[436.42, 33]",203.47,161,124.77,0.07
07:39:38,"[140.0, 16]","[126.54, 59]","[432.29, 14]","[453.87, 15]",286.14,104,292.29,0.44
07:39:39,"[141.42, 24]","[137.6, 42]","[396.24, 21]","[475.0, 41]",268.83,128,254.82,0.03
07:39:40,"[144.89, 9]","[143.0, 27]","[210.21, 19]","[221.08, 13]",177.55,68,65.32,0.06
07:39:41,"[146.0, 12]","[143.08, 36]","[176.54, 35]","[187.88, 24]",161.27,107,30.54,-0.1
07:39:42,"[147.92, 24]","[144.0, 30]","[156.0, 30]","[157.0, 20]",151.96,104,8.08,0.04
07:39:43,"[147.92, 24]","[144.35, 31]","[155.81, 26]","[232.17, 35]",151.86,116,7.89,-0.05
07:39:44,"[146.4, 20]","[140.44, 36]","[153.5, 34]","[155.21, 14]",149.95,104,7.1,0.08
07:39:45,"[146.7, 71]","[142.89, 36]","[151.3, 43]","[152.53, 17]",149.0,167,4.6,0.28
07:39:46,"[147.0, 91]","[144.0, 14]","[149.38, 26]","[149.6, 30]",148.19,161,2.38,0.3
07:39:47,"[146.61, 23]","[143.4, 20]","[188.64, 11]","[277.0, 18]",167.62,72,42.03,0.19
07:39:48,"[143.56, 9]","[141.67, 36]","[292.73, 15]","[389.33, 12]",218.14,72,149.18,0.25
07:39:49,"[140.5, 18]","[125.93, 30]","[178.0, 8]","[333.86, 14]",159.25,70,37.5,0.37
07:39:50,"[140.97, 104]","[138.69, 26]","[266.67, 18]","[320.89, 27]",203.82,175,125.7,0.49
07:39:51,"[141.0, 143]","[140.0, 33]","[307.92, 24]","[483.55, 11]",224.46,211,166.92,0.67
07:39:52,"[141.97, 124]","[140.46, 56]","[191.55, 11]","[308.47, 19]",166.76,210,49.58,0.71
07:39:53,"[141.1, 78]","[140.55, 40]","[169.0, 8]","[398.88, 16]",155.05,142,27.9,0.66
07:39:54,"[143.0, 38]","[141.0, 132]","[259.42, 12]","[455.71, 14]",201.21,196,116.42,0.73
07:39:55,"[143.0, 27]","[140.97, 102]","[406.3, 10]","[440.6, 10]",274.65,149,263.3,0.73
07:39:56,"[141.0, 81]","[140.0, 27]","[257.22, 9]","[374.56, 9]",199.11,126,116.22,0.71
07:39:57,"[144.23, 117]","[140.72, 75]","[180.31, 16]","[227.23, 13]",162.27,221,36.08,0.74
07:39:58,"[148.0, 99]","[141.0, 99]","[188.73, 15]","[191.82, 39]",168.37,252,40.73,0.57
07:39:59,"[148.0, 126]","[141.0, 126]","[184.53, 59]","[187.36, 22]",166.26,333,36.53,0.51
07:40:00,"[148.0, 80]","[141.0, 90]","[181.0, 16]","[185.95, 42]",164.5,228,33.0,0.49
07:40:01,"[148.0, 114]","[141.8, 65]","[183.73, 41]","[184.19, 37]",165.87,257,35.73,0.39
07:40:02,"[148.0, 99]","[146.0, 11]","[179.0, 41]","[179.94, 33]",163.5,184,31.0,0.2
07:40:03,"[148.0, 79]","[146.0, 11]","[176.27, 37]","[177.12, 51]",162.14,178,28.27,0.01
07:40:04,"[148.0, 98]","[146.0, 14]","[170.53, 36]","[172.65, 46]",159.26,194,22.53,0.15
07:40:05,"[148.0, 82]","[146.0, 16]","[163.0, 40]","[164.14, 50]",155.5,188,15.0,0.04
07:40:06,"[145.39, 46]","[143.43, 28]","[159.7, 10]","[161.0, 30]",152.55,114,14.31,0.3
07:40:07,"[144.0, 62]","[143.0, 64]","[157.68, 28]","[158.48, 62]",150.84,216,13.68,0.17
07:40:08,"[145.09, 33]","[143.46, 59]","[153.61, 23]","[155.72, 61]",149.35,176,8.52,0.05
07:40:09,"[148.0, 8]","[144.0, 24]","[152.0, 8]","[154.0, 32]",150.0,72,4.0,-0.11
07:40:10,"[147.08, 13]","[143.88, 34]","[150.71, 21]","[151.85, 26]",148.9,94,3.64,0.0
07:40:11,"[143.55, 33]","[142.66, 29]","[150.14, 42]","[151.36, 33]",146.84,137,6.6,-0.09
07:40:12,"[141.29, 21]","[140.01, 178]","[148.32, 71]","[149.66, 62]",144.8,332,7.04,0.2
07:40:13,"[141.0, 7]","[140.0, 68]","[146.0, 28]","[148.0, 21]",143.5,124,5.0,0.21
07:40:14,"[141.0, 9]","[140.0, 81]","[145.0, 21]","[145.5, 30]",143.0,141,4.0,0.28
07:40:15,"[142.31, 32]","[138.86, 56]","[279.8, 20]","[259.94, 17]",211.06,125,137.49,0.41
07:40:16,"[147.93, 85]","[145.25, 55]","[352.71, 31]","[585.78, 27]",250.32,198,204.78,0.41
07:40:17,"[148.0, 121]","[147.0, 33]","[164.21, 28]","[282.94, 32]",156.11,214,16.21,0.44
07:40:18,"[148.0, 132]","[147.0, 36]","[151.0, 24]","[302.54, 26]",149.5,218,3.0,0.54
07:40:19,"[148.0, 85]","[147.0, 30]","[151.0, 20]","[319.0, 20]",149.5,155,3.0,0.48
07:40:20,"[148.0, 48]","[147.0, 24]","[151.0, 16]","[319.0, 16]",149.5,104,3.0,0.38
07:40:21,"[148.0, 44]","[147.0, 24]","[300.32, 19]","[389.88, 17]",224.16,104,152.32,0.31
07:40:22,"[148.0, 44]","[147.0, 33]","[500.42, 45]","[555.68, 34]",324.21,156,352.42,-0.01
07:40:23,"[148.0, 58]","[147.0, 45]","[542.55, 44]","[551.09, 23]",345.27,170,394.55,0.21
07:40:24,"[146.71, 31]","[145.7, 43]","[465.82, 34]","[466.55, 44]",306.27,152,319.11,-0.03
07:40:25,"[146.0, 48]","[145.0, 112]","[393.31, 29]","[418.14, 43]",269.66,232,247.31,0.38
07:40:26,"[146.0, 27]","[145.0, 72]","[325.41, 17]","[364.2, 10]",235.71,126,179.41,0.57
07:40:27,"[145.22, 54]","[144.64, 50]","[320.04, 46]","[322.18, 11]",232.63,161,174.82,0.29
07:40:28,"[145.0, 71]","[144.0, 33]","[263.83, 24]","[283.62, 42]",204.42,170,118.83,0.22
07:40:29,"[145.0, 50]","[144.0, 30]","[257.65, 26]","[257.9, 29]",201.33,135,112.65,0.19
07:40:30,"[145.0, 35]","[144.0, 21]","[253.14, 14]","[256.0, 7]",199.07,77,108.14,0.45
07:40:31,"[145.0, 55]","[144.0, 33]","[253.0, 22]","[256.0, 11]",199.0,121,108.0,0.45
07:40:32,"[145.39, 41]","[144.57, 35]","[251.82, 22]","[252.31, 32]",198.6,130,106.43,0.17
07:40:33,"[147.0, 36]","[145.31, 51]","[248.48, 21]","[251.73, 33]",197.74,141,101.48,0.23
07:40:34,"[146.13, 60]","[145.13, 63]","[245.97, 31]","[246.95, 42]",196.05,196,99.83,0.26
07:40:35,"[146.5, 32]","[145.18, 40]","[242.04, 25]","[242.75, 16]",194.27,113,95.54,0.27
07:40:36,"[148.0, 20]","[146.0, 40]","[237.93, 15]","[239.2, 15]",192.97,90,89.93,0.33
07:40:37,"[148.0, 13]","[146.0, 36]","[233.98, 41]","[234.62, 13]",190.99,103,85.98,-0.05
07:40:38,"[148.0, 7]","[146.0, 28]","[233.0, 7]","[234.0, 35]",190.5,77,85.0,-0.09
07:40:39,"[146.22, 18]","[145.33, 24]","[230.3, 20]","[233.05, 40]",188.26,102,84.08,-0.18
07:40:40,"[145.0, 7]","[144.0, 21]","[227.35, 26]","[228.73, 15]",186.17,69,82.35,-0.19
07:40:41,"[145.0, 10]","[144.0, 30]","[223.0, 27]","[224.43, 23]",184.0,90,78.0,-0.11
07:40:42,"[147.06, 70]","[146.33, 72]","[217.12, 52]","[218.4, 35]",182.09,229,70.06,0.24
07:40:43,"[147.02, 106]","[145.82, 22]","[211.51, 47]","[212.43, 49]",179.26,224,64.49,0.14
07:40:44,"[147.0, 64]","[145.0, 8]","[207.82, 28]","[209.54, 37]",177.41,137,60.82,0.05
07:40:45,"[147.0, 79]","[145.0, 10]","[202.03, 33]","[202.44, 39]",174.52,161,55.03,0.11
07:40:46,"[147.0, 98]","[144.57, 49]","[197.76, 25]","[199.4, 55]",172.38,227,50.76,0.3
07:40:47,"[146.62, 53]","[144.98, 133]","[193.11, 61]","[193.59, 49]",169.87,296,46.49,0.26
07:40:48,"[147.0, 11]","[145.0, 110]","[187.59, 34]","[190.0, 30]",167.29,185,40.59,0.31
07:40:49,"[147.0, 10]","[145.0, 88]","[183.29, 34]","[184.73, 30]",165.15,162,36.29,0.21
07:40:50,"[147.0, 8]","[145.0, 64]","[180.29, 34]","[183.16, 38]",163.65,144,33.29,0.0
07:40:51,"[145.38, 45]","[144.82, 50]","[176.12, 49]","[177.32, 44]",160.75,188,30.74,0.01
07:40:52,"[145.0, 46]","[144.0, 51]","[169.38, 47]","[171.67, 67]",157.19,211,24.38,-0.08
07:40:53,"[145.0, 24]","[144.0, 36]","[161.91, 23]","[163.46, 41]",153.46,124,16.91,-0.03
07:40:54,"[144.37, 38]","[143.17, 125]","[156.45, 55]","[157.52, 56]",150.41,274,12.09,0.19
07:40:55,"[144.0, 22]","[143.0, 143]","[152.73, 26]","[154.84, 25]",148.37,216,8.73,0.53
07:40:56,"[143.13, 60]","[142.59, 98]","[150.35, 46]","[151.14, 28]",146.74,232,7.21,0.36
07:40:57,"[144.0, 16]","[143.0, 168]","[149.57, 67]","[150.64, 56]",146.78,307,5.57,0.2
07:40:58,"[143.08, 88]","[142.15, 110]","[145.42, 31]","[146.82, 22]",144.25,251,2.34,0.58
07:40:59,"[143.13, 152]","[141.55, 83]","[148.9, 50]","[195.44, 34]",146.02,319,5.77,0.47
07:41:00,"[143.45, 66]","[142.57, 94]","[162.55, 47]","[493.46, 13]",153.0,220,19.1,0.45
07:41:01,"[143.0, 116]","[142.0, 70]","[449.45, 53]","[477.88, 26]",296.23,265,306.45,0.4
07:41:02,"[142.0, 25]","[141.0, 40]","[363.21, 29]","[403.6, 20]",252.6,114,221.21,0.14
07:41:03,"[146.0, 84]","[142.0, 24]","[178.9, 39]","[209.52, 44]",162.45,191,32.9,0.13
07:41:04,"[146.0, 70]","[142.0, 20]","[158.0, 40]","[159.0, 40]",152.0,170,12.0,0.06
07:41:05,"[146.0, 63]","[142.18, 17]","[157.11, 36]","[159.0, 36]",151.56,152,11.11,0.05
07:41:06,"[147.6, 35]","[145.99, 120]","[155.39, 72]","[165.79, 63]",151.49,290,7.79,0.07
07:41:07,"[148.0, 13]","[146.0, 91]","[151.77, 52]","[221.91, 22]",149.88,178,3.77,0.17
07:41:08,"[146.21, 47]","[145.71, 41]","[148.78, 41]","[182.15, 39]",147.5,168,2.57,0.05
07:41:09,"[145.43, 56]","[142.86, 22]","[285.09, 33]","[374.69, 45]",215.26,156,139.66,0.0
07:41:10,"[143.47, 15]","[142.64, 22]","[379.64, 28]","[600.88, 17]",261.55,82,236.18,-0.1
07:41:11,"[144.0, 3]","[143.0, 6]","[420.0, 6]","[421.0, 3]",282.0,18,276.0,0.0
07:41:12,"[144.92, 13]","[143.0, 26]","[407.52, 23]","[445.79, 19]",276.22,81,262.6,-0.04
07:41:13,"[145.9, 20]","[144.2, 10]","[321.04, 27]","[390.07, 14]",233.47,71,175.14,-0.15
07:41:14,"[146.73, 45]","[142.54, 13]","[189.4, 20]","[255.14, 14]",168.07,92,42.67,0.26
07:41:15,"[147.0, 42]","[143.0, 7]","[188.14, 14]","[322.0, 11]",167.57,74,41.14,0.32
07:41:16,"[147.16, 25]","[145.4, 10]","[188.0, 12]","[342.0, 6]",167.58,53,40.84,0.32
07:41:17,"[148.0, 28]","[147.0, 42]","[172.87, 23]","[196.19, 32]",160.43,125,24.87,0.12
07:41:18,"[145.12, 16]","[142.19, 94]","[162.12, 17]","[163.26, 19]",153.62,146,16.99,0.51
07:41:19,"[143.0, 12]","[142.0, 132]","[147.13, 46]","[157.15, 26]",145.07,216,4.13,0.33
07:41:20,"[142.08, 72]","[141.69, 96]","[144.14, 14]","[252.26, 38]",143.11,220,2.06,0.53
07:41:21,"[142.0, 74]","[141.0, 35]","[261.43, 21]","[394.43, 14]",201.71,144,119.43,0.51
07:41:22,"[142.0, 80]","[141.0, 50]","[190.74, 27]","[214.27, 26]",166.37,183,48.74,0.42
07:41:23,"[142.31, 70]","[141.17, 48]","[158.08, 13]","[170.0, 12]",150.2,143,15.76,0.65
07:41:24,"[143.0, 85]","[141.0, 50]","[148.35, 20]","[151.46, 13]",145.68,168,5.35,0.61
07:41:25,"[142.23, 13]","[140.77, 26]","[144.67, 6]","[190.92, 12]",143.45,57,2.44,0.37
07:41:26,"[141.65, 37]","[140.6, 30]","[270.48, 21]","[290.88, 33]",206.06,121,128.83,0.11
07:41:27,"[142.67, 36]","[141.0, 27]","[329.38, 42]","[598.33, 12]",236.02,117,186.71,0.08
07:41:28,"[143.69, 39]","[141.26, 31]","[464.88, 34]","[562.64, 22]",304.29,126,321.19,0.11
07:41:29,"[144.0, 28]","[141.0, 27]","[288.32, 38]","[408.26, 31]",216.16,124,144.32,-0.11
07:41:30,"[146.62, 32]","[143.1, 20]","[310.24, 41]","[348.0, 40]",228.43,133,163.62,-0.22
07:41:31,"[147.22, 51]","[144.5, 24]","[291.69, 35]","[419.14, 43]",219.45,153,144.47,-0.02
07:41:32,"[148.0, 88]","[147.0, 32]","[182.0, 16]","[407.14, 35]",165.0,171,34.0,0.4
07:41:33,"[148.0, 88]","[147.0, 32]","[310.5, 30]","[361.07, 28]",229.25,178,162.5,0.35
07:41:34,"[148.0, 139]","[147.0, 44]","[201.6, 30]","[253.22, 36]",174.8,249,53.6,0.47
07:41:35,"[148.0, 154]","[147.0, 44]","[180.55, 22]","[250.8, 30]",164.27,250,32.55,0.58
07:41:36,"[148.0, 98]","[147.0, 28]","[151.0, 14]","[180.0, 14]",149.5,154,3.0,0.64
07:41:37,"[148.0, 157]","[147.0, 52]","[172.69, 26]","[280.25, 40]",160.35,275,24.69,0.52
07:41:38,"[148.0, 107]","[147.0, 44]","[176.85, 27]","[210.93, 30]",162.43,208,28.85,0.45
07:41:39,"[148.0, 90]","[147.0, 40]","[153.63, 38]","[162.25, 32]",150.82,200,5.63,0.3
07:41:40,"[148.0, 51]","[147.0, 28]","[151.71, 14]","[154.0, 35]",149.86,128,3.71,0.23
07:41:41,"[148.0, 52]","[147.0, 48]","[151.86, 36]","[159.31, 52]",149.93,188,3.86,0.06
07:41:42,"[148.0, 33]","[147.0, 44]","[175.64, 33]","[430.0, 34]",161.82,144,27.64,0.07
07:41:43,"[148.0, 30]","[147.0, 40]","[173.8, 30]","[719.17, 41]",160.9,141,25.8,-0.01
07:41:44,"[146.82, 44]","[146.09, 119]","[172.23, 39]","[361.85, 41]",159.52,243,25.41,0.34
07:41:45,"[148.0, 16]","[146.23, 43]","[170.62, 39]","[272.0, 65]",159.31,163,22.62,-0.28
07:41:46,"[148.0, 24]","[145.94, 62]","[323.57, 58]","[514.71, 42]",235.78,186,175.57,-0.08
07:41:47,"[145.12, 16]","[142.76, 21]","[214.55, 55]","[599.18, 55]",179.84,147,69.42,-0.5
07:41:48,"[143.0, 33]","[141.0, 66]","[158.29, 49]","[355.45, 55]",150.64,203,15.29,-0.02
07:41:49,"[143.0, 12]","[141.0, 24]","[154.0, 8]","[277.5, 20]",148.5,64,11.0,0.12
07:41:50,"[141.57, 21]","[133.94, 35]","[153.0, 10]","[400.0, 25]",147.29,91,11.43,0.23
07:41:51,"[145.98, 93]","[133.58, 62]","[150.83, 24]","[440.49, 49]",148.41,228,4.85,0.36
07:41:52,"[148.0, 122]","[144.79, 56]","[149.36, 42]","[151.0, 28]",148.68,248,1.36,0.44
07:41:53,"[148.0, 78]","[145.0, 48]","[149.0, 36]","[151.0, 24]",148.5,186,1.0,0.35
07:41:54,"[148.0, 50]","[145.0, 40]","[149.0, 30]","[151.0, 20]",148.5,140,1.0,0.29
07:41:55,"[147.36, 22]","[144.62, 58]","[151.0, 24]","[402.64, 44]",149.18,148,3.64,0.08
07:41:56,"[147.0, 10]","[145.0, 20]","[150.2, 20]","[348.0, 50]",148.6,100,3.2,-0.4
07:41:57,"[147.0, 10]","[145.0, 20]","[150.0, 20]","[476.0, 50]",148.5,100,3.0,-0.4
07:41:58,"[145.6, 10]","[144.07, 83]","[150.0, 20]","[474.76, 42]",147.8,155,4.4,0.2
07:41:59,"[145.0, 8]","[144.0, 88]","[149.38, 16]","[293.25, 16]",147.19,128,4.38,0.5
07:42:00,"[144.38, 26]","[143.92, 120]","[149.0, 24]","[263.5, 20]",146.69,190,4.62,0.54
07:42:01,"[144.0, 48]","[143.0, 30]","[149.0, 12]","[393.67, 30]",146.5,120,5.0,0.3
07:42:02,"[144.0, 71]","[143.0, 50]","[147.3, 20]","[212.92, 26]",145.65,167,3.3,0.45
07:42:03,"[144.0, 35]","[143.0, 55]","[145.38, 26]","[152.0, 31]",144.69,147,1.38,0.22
07:42:04,"[143.14, 29]","[141.57, 70]","[154.38, 29]","[179.79, 29]",148.76,157,11.24,0.26
07:42:05,"[143.0, 40]","[141.0, 80]","[156.12, 8]","[316.0, 8]",149.56,136,13.12,0.76
07:42:06,"[143.0, 35]","[141.0, 110]","[154.73, 15]","[390.0, 27]",148.87,187,11.73,0.55
07:42:07,"[146.56, 108]","[141.31, 95]","[153.97, 40]","[154.81, 16]",150.27,259,7.42,0.57
07:42:08,"[148.0, 246]","[147.0, 24]","[152.0, 36]","[153.0, 12]",150.0,318,4.0,0.7
07:42:09,"[148.0, 228]","[147.0, 24]","[151.42, 36]","[232.89, 36]",149.71,324,3.42,0.56
07:42:10,"[148.0, 150]","[147.0, 16]","[149.38, 24]","[260.5, 16]",148.69,206,1.38,0.61
07:42:11,"[148.0, 142]","[147.0, 22]","[221.15, 26]","[293.9, 42]",184.58,232,73.15,0.41
07:42:12,"[148.0, 126]","[147.0, 22]","[245.27, 55]","[377.21, 19]",196.64,222,97.27,0.33
07:42:13,"[148.0, 128]","[147.0, 16]","[218.82, 28]","[320.25, 20]",183.41,192,70.82,0.5
07:42:14,"[148.0, 160]","[147.0, 20]","[324.0, 50]","[344.39, 23]",236.0,253,176.0,0.42
07:42:15,"[148.0, 128]","[147.0, 16]","[323.62, 40]","[332.09, 32]",235.81,216,175.62,0.33
07:42:16,"[148.0, 160]","[147.0, 20]","[244.96, 49]","[256.27, 41]",196.48,270,96.96,0.33
07:42:17,"[148.0, 208]","[147.0, 26]","[241.16, 49]","[252.53, 45]",194.58,328,93.16,0.43
07:42:18,"[148.0, 146]","[147.0, 28]","[240.68, 68]","[293.45, 55]",194.34,297,92.68,0.17
07:42:19,"[148.0, 96]","[147.0, 24]","[238.16, 76]","[270.0, 42]",193.08,238,90.16,0.01
07:42:20,"[148.0, 59]","[147.0, 18]","[228.44, 45]","[321.26, 38]",188.22,160,80.44,-0.04
07:42:21,"[148.0, 50]","[147.0, 20]","[169.3, 50]","[244.46, 48]",158.65,168,21.3,-0.17
07:42:22,"[148.0, 65]","[147.0, 26]","[152.77, 65]","[175.4, 40]",150.38,196,4.77,-0.07
07:42:23,"[148.0, 60]","[147.0, 24]","[150.67, 60]","[213.14, 28]",149.33,172,2.67,-0.02
07:42:24,"[147.75, 40]","[145.89, 27]","[186.62, 40]","[337.0, 30]",167.19,137,38.88,-0.02
07:42:25,"[145.91, 103]","[144.23, 84]","[212.11, 37]","[375.0, 33]",179.01,257,66.2,0.46
07:42:26,"[146.0, 121]","[145.0, 22]","[180.0, 33]","[430.29, 28]",163.0,204,34.0,0.4
07:42:27,"[146.0, 107]","[145.0, 20]","[178.54, 28]","[351.55, 33]",162.27,188,32.54,0.35
07:42:28,"[146.09, 81]","[145.23, 26]","[175.27, 11]","[260.54, 35]",160.68,153,29.19,0.4
07:42:29,"[147.0, 57]","[146.0, 66]","[173.27, 11]","[213.36, 33]",160.14,167,26.27,0.47
07:42:30,"[147.0, 21]","[146.0, 42]","[173.0, 7]","[196.0, 21]",160.0,91,26.0,0.38
07:42:31,"[147.0, 36]","[146.0, 72]","[172.33, 12]","[218.05, 40]",159.67,160,25.33,0.35
07:42:32,"[147.71, 31]","[146.65, 51]","[171.0, 14]","[223.79, 47]",159.35,143,23.29,0.15
07:42:33,"[148.0, 22]","[147.0, 33]","[169.32, 19]","[216.23, 26]",158.66,100,21.32,0.1
07:42:34,"[148.0, 129]","[147.0, 36]","[166.88, 24]","[167.75, 24]",157.44,213,18.88,0.55
07:42:35,"[148.0, 207]","[147.0, 27]","[166.0, 9]","[167.0, 27]",157.0,270,18.0,0.73
07:42:36,"[148.0, 345]","[147.0, 45]","[164.56, 25]","[166.3, 23]",156.28,438,16.56,0.78
07:42:37,"[148.0, 357]","[147.0, 39]","[162.69, 39]","[165.0, 13]",155.35,448,14.69,0.77
07:42:38,"[148.0, 736]","[147.0, 45]","[159.49, 41]","[161.11, 19]",153.74,841,11.49,0.86
07:42:39,"[148.0, 621]","[147.0, 39]","[158.42, 33]","[158.68, 19]",153.21,712,10.42,0.85
07:42:40,"[148.0, 489]","[147.0, 33]","[151.28, 32]","[155.59, 17]",149.64,571,3.28,0.83
07:42:41,"[148.0, 160]","[147.0, 12]","[234.13, 15]","[389.0, 10]",191.07,197,86.13,0.75
07:42:42,"[148.0, 407]","[147.0, 33]","[408.12, 32]","[584.15, 26]",278.06,498,260.12,0.77
07:42:43,"[148.0, 442]","[147.0, 39]","[198.5, 28]","[240.05, 40]",173.25,549,50.5,0.75
07:42:44,"[148.0, 334]","[146.22, 69]","[167.0, 20]","[212.36, 22]",157.5,445,19.0,0.81
07:42:45,"[148.0, 165]","[147.0, 20]","[167.0, 10]","[237.0, 16]",157.5,211,19.0,0.75
07:42:46,"[148.0, 429]","[147.0, 52]","[159.84, 25]","[250.77, 47]",153.92,553,11.84,0.74
07:42:47,"[148.0, 343]","[147.0, 44]","[153.18, 22]","[283.57, 42]",150.59,451,5.18,0.72
07:42:48,"[148.0, 308]","[147.0, 44]","[151.43, 28]","[171.14, 28]",149.71,408,3.43,0.73
07:42:49,"[148.0, 105]","[147.0, 48]","[150.0, 24]","[151.0, 48]",149.0,225,2.0,0.36
07:42:50,"[148.0, 141]","[147.0, 60]","[149.0, 60]","[150.0, 30]",148.5,291,1.0,0.38
07:42:51,"[148.0, 194]","[147.0, 56]","[149.0, 56]","[150.0, 28]",148.5,334,1.0,0.5
07:42:52,"[148.0, 114]","[147.0, 60]","[149.62, 32]","[211.32, 66]",148.81,272,1.62,0.28
07:42:53,"[148.0, 51]","[147.0, 36]","[175.94, 31]","[368.23, 43]",161.97,161,27.94,0.08
07:42:54,"[148.0, 37]","[147.0, 36]","[252.14, 37]","[543.82, 44]",200.07,154,104.14,-0.05
07:42:55,"[148.0, 6]","[147.0, 24]","[417.93, 27]","[568.61, 28]",282.96,85,269.93,-0.29
07:42:56,"[148.0, 9]","[147.0, 36]","[338.0, 45]","[622.0, 36]",243.0,126,190.0,-0.29
07:42:57,"[148.0, 12]","[147.0, 48]","[497.5, 40]","[585.75, 56]",322.75,156,349.5,-0.23
07:42:58,"[147.76, 17]","[146.95, 40]","[268.29, 42]","[437.46, 52]",208.03,151,120.52,-0.25
07:42:59,"[148.0, 32]","[147.0, 16]","[231.62, 21]","[261.15, 33]",189.81,102,83.62,-0.06
07:43:00,"[148.0, 24]","[147.0, 22]","[163.72, 46]","[207.42, 33]",155.86,125,15.72,-0.26
07:43:01,"[148.0, 18]","[147.0, 18]","[159.61, 23]","[160.27, 22]",153.8,81,11.61,-0.11
07:43:02,"[148.0, 61]","[147.0, 28]","[156.71, 55]","[157.43, 47]",152.35,191,8.71,-0.07
07:43:03,"[148.0, 60]","[147.0, 24]","[155.0, 40]","[156.08, 61]",151.5,185,7.0,-0.09
07:43:04,"[148.0, 55]","[147.0, 22]","[151.29, 24]","[153.18, 34]",149.65,135,3.29,0.14
07:43:05,"[147.95, 44]","[146.95, 21]","[149.06, 53]","[166.68, 34]",148.51,152,1.1,-0.14
07:43:06,"[146.44, 18]","[145.04, 114]","[149.0, 70]","[217.35, 34]",147.72,236,2.56,0.12
07:43:07,"[145.41, 46]","[144.87, 95]","[147.67, 45]","[158.92, 25]",146.54,211,2.25,0.34
07:43:08,"[145.0, 44]","[144.0, 20]","[277.0, 4]","[342.76, 17]",211.0,85,132.0,0.51
07:43:09,"[145.0, 77]","[144.0, 35]","[244.18, 17]","[292.56, 27]",194.59,156,99.18,0.44
07:43:10,"[145.0, 88]","[143.81, 31]","[222.91, 22]","[324.55, 22]",183.95,163,77.91,0.46
07:43:11,"[145.78, 69]","[145.12, 41]","[233.36, 33]","[242.0, 22]",189.57,165,87.58,0.33
07:43:12,"[145.82, 77]","[145.07, 56]","[224.23, 39]","[283.0, 40]",185.02,212,78.41,0.25
07:43:13,"[145.0, 98]","[144.0, 14]","[217.41, 37]","[462.85, 46]",181.2,195,72.41,0.15
07:43:14,"[145.06, 65]","[144.61, 23]","[228.45, 29]","[332.65, 34]",186.75,151,83.39,0.17
07:43:15,"[145.0, 48]","[144.0, 8]","[224.0, 16]","[225.0, 24]",184.5,96,79.0,0.17
07:43:16,"[145.0, 44]","[144.0, 8]","[223.38, 16]","[227.25, 24]",184.19,92,78.38,0.13
07:43:17,"[143.12, 17]","[140.97, 74]","[219.81, 47]","[223.03, 38]",181.46,176,76.69,0.03
07:43:18,"[146.65, 60]","[141.38, 118]","[214.77, 30]","[215.86, 35]",180.71,243,68.12,0.47
07:43:19,"[148.0, 154]","[146.0, 111]","[210.0, 28]","[210.88, 25]",179.0,318,62.0,0.67
07:43:20,"[148.0, 137]","[146.0, 130]","[206.19, 27]","[207.36, 11]",177.09,305,58.19,0.75
07:43:21,"[148.0, 156]","[146.0, 116]","[179.18, 33]","[193.08, 25]",163.59,330,31.18,0.65
07:43:22,"[147.36, 85]","[145.62, 61]","[176.31, 13]","[177.36, 14]",161.84,173,28.94,0.69
07:43:23,"[146.18, 66]","[143.93, 58]","[174.3, 20]","[176.0, 10]",160.24,154,28.12,0.61
07:43:24,"[146.0, 96]","[143.0, 75]","[170.62, 21]","[172.72, 36]",158.31,228,24.62,0.5
07:43:25,"[146.0, 62]","[143.0, 55]","[166.38, 16]","[167.35, 17]",156.19,150,20.38,0.56
07:43:26,"[146.0, 20]","[143.0, 56]","[162.07, 14]","[165.4, 20]",154.04,110,16.07,0.38
07:43:27,"[146.0, 26]","[143.0, 78]","[159.21, 28]","[159.94, 31]",152.61,163,13.21,0.28
07:43:28,"[146.0, 14]","[143.0, 78]","[153.58, 19]","[155.6, 20]",149.79,131,7.58,0.4
07:43:29,"[146.0, 13]","[143.0, 73]","[149.62, 37]","[151.29, 14]",147.81,137,3.62,0.26
07:43:30,"[146.97, 31]","[144.71, 14]","[149.07, 15]","[152.6, 15]",148.02,75,2.1,0.2
07:43:31,"[147.55, 33]","[146.0, 12]","[149.2, 20]","[166.12, 16]",148.37,81,1.65,0.11
07:43:32,"[148.0, 22]","[146.0, 8]","[149.0, 16]","[228.0, 8]",148.5,54,1.0,0.11
07:43:33,"[146.33, 12]","[143.29, 31]","[152.87, 39]","[237.82, 11]",149.6,93,6.54,-0.08
07:43:34,"[146.0, 7]","[144.0, 7]","[152.16, 25]","[222.86, 7]",149.08,46,6.16,-0.39
07:43:35,"[146.0, 10]","[144.0, 10]","[317.62, 16]","[416.14, 14]",231.81,50,171.62,-0.2
07:43:36,"[144.2, 20]","[142.47, 17]","[359.0, 14]","[437.33, 21]",251.6,72,214.8,0.03
07:43:37,"[143.0, 18]","[141.0, 15]","[287.4, 5]","[440.0, 25]",215.2,63,144.4,0.05
07:43:38,"[140.0, 56]","[105.5, 22]","[171.0, 7]","[440.0, 35]",155.5,120,31.0,0.3
07:43:39,"[143.11, 72]","[132.22, 83]","[169.92, 52]","[427.71, 45]",156.52,252,26.81,0.23
07:43:40,"[147.0, 32]","[140.0, 64]","[169.0, 32]","[334.04, 23]",158.0,151,22.0,0.27
07:43:41,"[147.0, 56]","[140.0, 112]","[166.89, 36]","[177.94, 47]",156.94,251,19.89,0.34
07:43:42,"[147.0, 32]","[140.0, 112]","[162.1, 42]","[162.96, 46]",154.55,232,15.1,0.24
07:43:43,"[147.92, 65]","[140.78, 45]","[158.18, 34]","[159.46, 26]",153.05,170,10.25,0.29
07:43:44,"[148.0, 192]","[147.0, 18]","[155.9, 58]","[156.86, 58]",151.95,326,7.9,0.29
07:43:45,"[148.0, 70]","[147.0, 10]","[152.21, 38]","[154.18, 22]",150.11,140,4.21,0.14
07:43:46,"[148.0, 56]","[147.0, 14]","[150.69, 52]","[152.43, 56]",149.35,178,2.69,-0.21
07:43:47,"[147.86, 42]","[145.0, 27]","[149.0, 60]","[151.0, 60]",148.43,189,1.14,-0.27
07:43:48,"[145.33, 36]","[142.7, 54]","[149.1, 49]","[170.82, 57]",147.22,196,3.77,-0.08
07:43:49,"[146.0, 40]","[144.5, 30]","[147.62, 24]","[151.0, 32]",146.81,126,1.62,0.11
07:43:50,"[146.0, 12]","[144.0, 36]","[295.18, 34]","[408.56, 27]",220.59,109,149.18,-0.12
07:43:51,"[146.0, 6]","[144.0, 18]","[318.83, 6]","[320.0, 6]",232.42,36,172.83,0.33
07:43:52,"[146.0, 6]","[144.0, 18]","[318.0, 6]","[320.0, 6]",232.0,36,172.0,0.33
07:43:53,"[143.12, 99]","[141.58, 62]","[315.75, 32]","[317.5, 12]",229.44,205,172.63,0.57
07:43:54,"[143.0, 152]","[141.0, 110]","[293.56, 34]","[312.86, 35]",218.28,331,150.56,0.58
07:43:55,"[143.0, 178]","[141.0, 100]","[187.77, 26]","[230.78, 46]",165.38,350,44.77,0.59
07:43:56,"[143.07, 107]","[141.35, 85]","[186.0, 8]","[258.29, 35]",164.54,235,42.93,0.63
07:43:57,"[143.63, 166]","[142.04, 188]","[186.0, 16]","[311.0, 64]",164.82,434,42.37,0.63
07:43:58,"[143.0, 164]","[141.0, 110]","[184.74, 35]","[236.4, 20]",163.87,329,41.74,0.67
07:43:59,"[143.35, 85]","[142.36, 119]","[183.47, 19]","[184.19, 31]",163.41,254,40.12,0.61
07:44:00,"[146.0, 30]","[144.0, 24]","[180.58, 12]","[183.67, 18]",163.29,84,34.58,0.29
07:44:01,"[147.88, 40]","[144.0, 32]","[179.8, 20]","[180.2, 20]",163.84,112,31.93,0.29
07:44:02,"[144.0, 43]","[143.0, 180]","[178.56, 18]","[179.95, 42]",161.28,283,34.56,0.58
07:44:03,"[146.28, 50]","[143.33, 90]","[178.0, 40]","[179.0, 10]",162.14,190,31.72,0.47
07:44:04,"[147.0, 80]","[143.8, 75]","[176.69, 52]","[298.14, 37]",161.85,244,29.69,0.27
07:44:05,"[147.0, 102]","[145.0, 87]","[173.17, 72]","[207.97, 62]",160.08,323,26.17,0.17
07:44:06,"[147.0, 60]","[145.0, 60]","[169.4, 45]","[170.86, 28]",158.2,193,22.4,0.24
07:44:07,"[147.0, 54]","[145.0, 45]","[166.63, 38]","[168.21, 39]",156.82,176,19.63,0.12
07:44:08,"[147.0, 51]","[145.0, 65]","[164.24, 38]","[165.79, 48]",155.62,202,17.24,0.15
07:44:09,"[147.0, 36]","[145.67, 30]","[162.27, 49]","[163.09, 53]",154.63,168,15.27,-0.21
07:44:10,"[146.0, 13]","[145.0, 65]","[158.95, 38]","[160.62, 37]",152.47,153,12.95,0.02
07:44:11,"[146.0, 14]","[145.0, 70]","[154.19, 47]","[155.58, 43]",150.1,174,8.19,-0.03
07:44:12,"[145.03, 36]","[143.09, 110]","[149.29, 28]","[150.2, 20]",147.16,194,4.26,0.51
07:44:13,"[143.22, 63]","[142.12, 95]","[146.28, 40]","[147.67, 42]",144.75,240,3.05,0.32
07:44:14,"[141.0, 84]","[140.0, 84]","[142.77, 44]","[143.84, 38]",141.89,250,1.77,0.34
07:44:15,"[141.0, 66]","[140.0, 84]","[142.18, 28]","[146.78, 37]",141.59,215,1.18,0.4
07:44:16,"[140.3, 64]","[130.93, 54]","[209.83, 36]","[365.81, 21]",175.07,175,69.54,0.35
07:44:17,"[141.0, 20]","[139.33, 48]","[264.38, 52]","[442.15, 13]",202.69,133,123.38,0.02
07:44:18,"[142.83, 12]","[140.07, 56]","[233.12, 33]","[265.81, 32]",187.98,133,90.29,0.02
07:44:19,"[142.88, 8]","[140.7, 80]","[283.63, 19]","[382.2, 20]",213.25,127,140.76,0.39
07:44:20,"[143.0, 12]","[141.0, 336]","[320.09, 32]","[519.93, 27]",231.55,407,177.09,0.71
07:44:21,"[141.07, 112]","[140.88, 128]","[231.85, 20]","[373.4, 20]",186.46,280,90.78,0.71
07:44:22,"[141.19, 222]","[140.72, 113]","[233.63, 41]","[421.75, 16]",187.41,392,92.44,0.71
07:44:23,"[148.0, 30]","[141.18, 336]","[223.81, 21]","[239.33, 55]",185.9,442,75.81,0.66
07:44:24,"[147.4, 40]","[142.14, 140]","[177.52, 21]","[188.03, 39]",162.46,240,30.12,0.5
07:44:25,"[146.0, 24]","[141.0, 216]","[164.0, 32]","[185.0, 8]",155.0,280,18.0,0.71
07:44:26,"[147.0, 6]","[142.25, 36]","[185.0, 4]","[282.0, 12]",166.0,58,38.0,0.45
07:44:27,"[148.0, 11]","[146.0, 33]","[185.0, 11]","[281.93, 28]",166.5,83,37.0,0.06
07:44:28,"[148.0, 6]","[146.0, 18]","[184.17, 6]","[264.0, 12]",166.08,42,36.17,0.14
07:44:29,"[148.0, 16]","[146.0, 48]","[181.48, 54]","[201.35, 40]",164.74,158,33.48,-0.19
07:44:30,"[148.0, 15]","[146.0, 45]","[175.97, 30]","[176.94, 49]",161.98,139,27.97,-0.14
07:44:31,"[145.0, 14]","[143.1, 31]","[173.08, 49]","[174.03, 37]",159.04,131,28.08,-0.31
07:44:32,"[146.58, 24]","[144.33, 12]","[172.56, 54]","[173.44, 54]",159.57,144,25.97,-0.5
07:44:33,"[147.0, 64]","[146.0, 10]","[170.97, 31]","[171.47, 47]",158.98,152,23.97,-0.03
07:44:34,"[145.59, 69]","[144.11, 18]","[165.81, 27]","[167.78, 36]",155.7,150,20.22,0.16
07:44:35,"[146.61, 168]","[144.99, 121]","[160.67, 55]","[161.68, 56]",153.64,400,14.07,0.45
07:44:36,"[148.0, 70]","[145.64, 47]","[157.0, 12]","[158.72, 29]",152.5,158,9.0,0.48
07:44:37,"[148.0, 70]","[147.0, 35]","[156.0, 7]","[157.0, 14]",152.0,126,8.0,0.67
07:44:38,"[148.0, 100]","[147.0, 50]","[154.8, 20]","[156.44, 18]",151.4,188,6.8,0.6
07:44:39,"[148.0, 88]","[147.0, 75]","[153.73, 51]","[154.24, 42]",150.86,256,5.73,0.27
07:44:40,"[148.0, 44]","[147.0, 65]","[149.44, 52]","[150.24, 50]",148.72,211,1.44,0.03
07:44:41,"[145.47, 73]","[144.82, 39]","[149.43, 28]","[228.62, 13]",147.45,153,3.96,0.46
07:44:42,"[145.0, 88]","[144.0, 11]","[148.0, 22]","[152.0, 11]",146.5,132,3.0,0.5
07:44:43,"[145.0, 64]","[144.0, 15]","[146.8, 30]","[152.0, 15]",145.9,124,1.8,0.27
07:44:44,"[143.95, 21]","[141.78, 51]","[275.0, 21]","[383.23, 13]",209.48,106,131.05,0.36
07:44:45,"[143.0, 10]","[141.0, 55]","[246.2, 25]","[384.0, 10]",194.6,100,103.2,0.3
07:44:46,"[143.0, 20]","[141.0, 110]","[155.0, 50]","[437.0, 10]",149.0,190,12.0,0.37
07:44:47,"[143.0, 22]","[141.0, 121]","[231.36, 55]","[505.62, 13]",187.18,211,88.36,0.36
07:44:48,"[143.0, 12]","[141.0, 56]","[275.0, 30]","[649.83, 12]",209.0,110,132.0,0.24
07:44:49,"[144.5, 28]","[141.5, 56]","[258.71, 49]","[288.5, 42]",201.61,175,114.21,-0.04
07:44:50,"[146.0, 18]","[143.0, 18]","[236.56, 36]","[252.43, 21]",191.28,93,90.56,-0.23
07:44:51,"[146.0, 24]","[143.0, 24]","[167.17, 23]","[262.84, 32]",156.59,103,21.17,-0.07
07:44:52,"[146.0, 8]","[143.0, 8]","[187.0, 12]","[474.0, 20]",166.5,48,41.0,-0.33
07:44:53,"[141.49, 61]","[140.86, 21]","[175.06, 32]","[181.5, 12]",158.28,126,33.57,0.3
07:44:54,"[141.0, 99]","[140.0, 27]","[174.33, 45]","[305.76, 17]",157.67,188,33.33,0.34
07:44:55,"[141.16, 79]","[140.81, 95]","[172.73, 56]","[218.91, 35]",156.95,265,31.57,0.31
07:44:56,"[141.67, 49]","[140.91, 133]","[167.49, 72]","[169.48, 48]",154.58,302,25.81,0.21
07:44:57,"[141.0, 70]","[140.0, 30]","[163.2, 50]","[167.0, 20]",152.1,170,22.2,0.18
07:44:58,"[145.55, 87]","[140.46, 39]","[162.31, 32]","[163.27, 59]",153.93,217,16.76,0.16
07:44:59,"[147.29, 87]","[146.08, 117]","[160.14, 51]","[162.48, 54]",153.71,309,12.85,0.32
07:45:00,"[147.0, 70]","[141.0, 21]","[159.0, 35]","[161.0, 14]",153.0,140,12.0,0.3
07:45:01,"[147.38, 64]","[146.48, 69]","[158.0, 20]","[159.0, 50]",152.69,203,10.62,0.31
07:45:02,"[148.0, 23]","[147.0, 140]","[157.18, 55]","[158.58, 43]",152.59,261,9.18,0.25
07:45:03,"[148.0, 11]","[147.0, 110]","[155.33, 33]","[156.38, 32]",151.67,186,7.33,0.3
07:45:04,"[148.0, 12]","[147.0, 120]","[150.96, 46]","[152.05, 43]",149.48,221,2.96,0.19
07:45:05,"[147.09, 55]","[146.82, 55]","[149.62, 40]","[151.43, 35]",148.36,185,2.53,0.19
07:45:06,"[147.0, 68]","[145.0, 10]","[148.85, 26]","[152.76, 37]",147.92,141,1.85,0.11
07:45:07,"[147.0, 32]","[145.83, 18]","[149.5, 40]","[207.07, 14]",148.25,104,2.5,-0.04
07:45:08,"[147.0, 36]","[145.0, 9]","[149.0, 45]","[174.56, 27]",148.0,117,2.0,-0.23
07:45:09,"[147.0, 48]","[145.25, 12]","[148.33, 30]","[149.96, 56]",147.67,146,1.33,-0.18
07:45:10,"[146.96, 23]","[144.35, 17]","[260.41, 17]","[473.35, 20]",203.68,77,113.46,0.04
07:45:11,"[148.0, 16]","[145.0, 4]","[275.0, 8]","[480.83, 6]",211.5,34,127.0,0.18
07:45:12,"[146.5, 28]","[143.42, 19]","[311.69, 16]","[429.38, 24]",229.09,87,165.19,0.08
07:45:13,"[145.0, 6]","[143.0, 6]","[243.0, 2]","[422.0, 6]",194.0,20,98.0,0.2
07:45:14,"[144.0, 14]","[142.14, 14]","[243.0, 6]","[547.38, 13]",193.5,47,99.0,0.19
07:45:15,"[144.6, 10]","[142.17, 12]","[326.56, 9]","[432.17, 12]",235.58,43,181.96,0.02
07:45:16,"[143.95, 20]","[142.75, 12]","[268.0, 6]","[431.0, 12]",205.97,50,124.05,0.28
07:45:17,"[146.77, 39]","[144.82, 44]","[232.07, 14]","[335.09, 11]",189.42,108,85.3,0.54
07:45:18,"[148.0, 219]","[145.0, 96]","[324.38, 26]","[531.35, 20]",236.19,361,176.38,0.75
07:45:19,"[148.0, 276]","[145.0, 96]","[299.67, 12]","[385.82, 17]",223.83,401,151.67,0.86
07:45:20,"[148.0, 155]","[145.0, 56]","[233.0, 12]","[465.92, 13]",190.5,236,85.0,0.79
07:45:21,"[148.0, 100]","[145.0, 40]","[203.0, 10]","[373.0, 5]",175.5,155,55.0,0.81
07:45:22,"[148.0, 200]","[145.0, 80]","[202.11, 36]","[217.11, 18]",175.06,334,54.11,0.68
07:45:23,"[148.0, 248]","[144.85, 78]","[196.69, 39]","[201.42, 38]",172.35,403,48.69,0.62
07:45:24,"[148.0, 308]","[144.82, 22]","[196.39, 28]","[198.84, 37]",172.2,395,48.39,0.67
07:45:25,"[148.0, 328]","[145.0, 24]","[184.24, 34]","[187.46, 26]",166.12,412,36.24,0.71
07:45:26,"[148.0, 448]","[145.0, 32]","[181.34, 61]","[182.13, 52]",164.67,593,33.34,0.62
07:45:27,"[148.0, 308]","[145.0, 22]","[177.73, 33]","[179.0, 44]",162.86,407,29.73,0.62
07:45:28,"[148.0, 312]","[145.0, 24]","[176.3, 40]","[177.91, 44]",162.15,420,28.3,0.6
07:45:29,"[148.0, 338]","[145.0, 26]","[171.53, 45]","[174.18, 49]",159.77,458,23.53,0.59
07:45:30,"[148.0, 210]","[145.0, 18]","[170.06, 34]","[171.83, 29]",159.03,291,22.06,0.57
07:45:31,"[148.0, 299]","[145.0, 26]","[166.49, 49]","[168.28, 50]",157.24,424,18.49,0.53
07:45:32,"[148.0, 345]","[145.0, 30]","[159.15, 52]","[160.46, 57]",153.58,484,11.15,0.55
07:45:33,"[148.0, 342]","[145.0, 30]","[152.82, 62]","[153.95, 58]",150.41,492,4.82,0.51
07:45:34,"[148.0, 301]","[145.0, 38]","[149.53, 85]","[150.9, 73]",148.76,497,1.53,0.36
07:45:35,"[148.0, 48]","[145.0, 20]","[150.97, 32]","[215.64, 22]",149.48,122,2.97,0.11
07:45:36,"[148.0, 37]","[145.0, 16]","[151.0, 24]","[239.5, 36]",149.5,113,3.0,-0.06
07:45:37,"[148.0, 48]","[145.0, 22]","[150.24, 29]","[224.53, 51]",149.12,150,2.24,-0.07
07:45:38,"[148.0, 32]","[145.0, 16]","[191.5, 38]","[217.88, 40]",169.75,126,43.5,-0.24
07:45:39,"[146.55, 62]","[144.9, 29]","[194.0, 70]","[196.0, 70]",170.27,231,47.45,-0.21
07:45:40,"[146.5, 24]","[145.0, 16]","[170.0, 40]","[230.88, 40]",158.25,120,23.5,-0.33
07:45:41,"[145.8, 20]","[144.25, 24]","[154.67, 45]","[156.0, 45]",150.23,134,8.87,-0.34
07:45:42,"[144.43, 28]","[143.08, 100]","[153.5, 70]","[231.57, 70]",148.96,268,9.07,-0.04
07:45:43,"[144.0, 18]","[143.0, 72]","[149.81, 37]","[249.93, 43]",146.91,170,5.81,0.06
07:45:44,"[143.45, 44]","[141.95, 168]","[146.54, 50]","[147.35, 60]",145.0,322,3.09,0.32
07:45:45,"[142.02, 90]","[140.97, 182]","[145.34, 35]","[169.37, 38]",143.68,345,3.32,0.58
07:45:46,"[141.0, 264]","[140.0, 36]","[147.92, 36]","[457.89, 28]",144.46,364,6.92,0.65
07:45:47,"[141.0, 121]","[140.0, 18]","[145.17, 6]","[147.0, 18]",143.08,163,4.17,0.71
07:45:48,"[141.21, 159]","[140.61, 69]","[144.5, 18]","[146.82, 33]",142.85,279,3.29,0.63
07:45:49,"[138.85, 155]","[68.39, 75]","[141.0, 35]","[143.26, 27]",139.92,292,2.15,0.58
07:45:50,"[57.5, 8]","[11.86, 78]","[130.92, 26]","[309.67, 12]",94.21,124,73.42,0.39
07:45:51,"[35.36, 11]","[27.45, 22]","[132.65, 17]","[141.65, 43]",84.01,93,97.28,-0.29
07:45:52,"[70.2, 5]","[42.37, 38]","[137.78, 9]","[159.7, 23]",103.99,75,67.58,0.15
07:45:53,"[135.62, 24]","[42.78, 27]","[186.0, 18]","[321.93, 14]",160.81,83,50.38,0.23
07:45:54,"[148.0, 49]","[132.09, 45]","[296.18, 17]","[333.45, 11]",222.09,122,148.18,0.54
07:45:55,"[148.0, 124]","[144.0, 90]","[327.0, 14]","[474.5, 32]",237.5,260,179.0,0.65
07:45:56,"[148.0, 130]","[144.4, 90]","[195.0, 10]","[219.0, 30]",171.5,260,47.0,0.69
07:45:57,"[148.0, 73]","[145.0, 54]","[217.5, 16]","[438.82, 28]",182.75,171,69.5,0.49
07:45:58,"[148.0, 132]","[145.0, 99]","[404.09, 43]","[472.27, 41]",276.05,315,256.09,0.47
07:45:59,"[148.0, 95]","[145.0, 90]","[242.0, 30]","[444.0, 50]",195.0,265,94.0,0.4
07:46:00,"[148.0, 35]","[145.0, 45]","[242.0, 15]","[442.0, 24]",195.0,119,94.0,0.34
07:46:01,"[148.0, 176]","[145.0, 99]","[241.64, 33]","[480.56, 52]",194.82,360,93.64,0.53
07:46:02,"[148.0, 144]","[145.0, 81]","[240.96, 25]","[268.91, 43]",194.48,293,92.96,0.54
07:46:03,"[148.0, 131]","[145.42, 57]","[205.26, 23]","[222.32, 25]",176.63,236,57.26,0.59
07:46:04,"[148.0, 95]","[147.0, 22]","[196.55, 11]","[269.47, 51]",172.27,179,48.55,0.31
07:46:05,"[147.53, 17]","[145.29, 42]","[195.14, 7]","[268.48, 31]",171.34,97,47.61,0.22
07:46:06,"[147.56, 27]","[145.2, 60]","[194.0, 9]","[252.19, 37]",170.78,133,46.44,0.31
07:46:07,"[148.0, 50]","[147.0, 20]","[193.05, 22]","[234.13, 38]",170.52,130,45.05,0.08
07:46:08,"[148.0, 65]","[147.0, 26]","[190.08, 25]","[191.38, 53]",169.04,169,42.08,0.08
07:46:09,"[148.0, 75]","[147.0, 30]","[187.08, 51]","[186.1, 39]",167.54,195,39.08,0.08
07:46:10,"[148.06, 36]","[147.09, 22]","[182.08, 48]","[184.25, 24]",165.07,130,34.03,-0.11
07:46:11,"[149.0, 11]","[148.0, 19]","[179.53, 15]","[181.94, 51]",164.27,96,30.53,-0.38
07:46:12,"[149.0, 10]","[148.0, 30]","[177.95, 42]","[178.44, 18]",163.48,100,28.95,-0.2
07:46:13,"[148.5, 6]","[145.75, 36]","[175.17, 30]","[177.0, 6]",161.83,78,26.67,0.08
07:46:14,"[148.0, 8]","[145.0, 72]","[172.39, 28]","[174.75, 20]",160.2,128,24.39,0.25
07:46:15,"[148.0, 9]","[146.22, 46]","[170.52, 33]","[171.14, 21]",159.26,109,22.52,0.01
07:46:16,"[148.0, 13]","[147.0, 52]","[166.34, 41]","[167.59, 37]",157.17,143,18.34,-0.09
07:46:17,"[147.26, 19]","[145.58, 69]","[163.2, 50]","[165.0, 10]",155.23,148,15.94,0.19
07:46:18,"[147.0, 16]","[145.0, 80]","[162.0, 8]","[163.0, 40]",154.5,144,15.0,0.33
07:46:19,"[145.97, 58]","[144.94, 149]","[159.76, 33]","[162.83, 69]",152.86,309,13.79,0.34
07:46:20,"[145.0, 80]","[144.0, 24]","[156.19, 36]","[245.63, 30]",150.6,170,11.19,0.22
07:46:21,"[145.0, 39]","[144.0, 36]","[154.38, 53]","[219.2, 50]",149.69,178,9.38,-0.16
07:46:22,"[145.0, 13]","[144.0, 39]","[148.38, 65]","[152.0, 26]",146.69,143,3.38,-0.27
07:46:23,"[145.08, 51]","[141.99, 74]","[147.46, 76]","[150.95, 38]",146.27,239,2.38,0.05
07:46:24,"[142.0, 68]","[141.0, 364]","[146.45, 31]","[148.9, 30]",144.23,493,4.45,0.75
07:46:25,"[142.1, 62]","[141.02, 358]","[144.56, 18]","[146.13, 38]",143.33,476,2.46,0.76
07:46:26,"[142.24, 29]","[141.1, 126]","[146.58, 19]","[168.11, 27]",144.41,201,4.34,0.54
07:46:27,"[143.64, 14]","[141.36, 134]","[146.21, 42]","[172.43, 42]",144.93,232,2.57,0.28
07:46:28,"[141.13, 171]","[140.83, 161]","[145.91, 22]","[153.17, 53]",143.52,407,4.77,0.63
07:46:29,"[142.57, 14]","[141.01, 173]","[149.77, 26]","[229.88, 49]",146.17,262,7.2,0.43
07:46:30,"[142.0, 9]","[141.0, 171]","[155.39, 33]","[327.92, 39]",148.7,252,13.39,0.43
07:46:31,"[147.28, 25]","[141.16, 68]","[153.75, 59]","[155.16, 44]",150.51,196,6.47,-0.05
07:46:32,"[148.0, 16]","[142.0, 8]","[151.82, 17]","[152.91, 23]",149.91,64,3.82,-0.25
07:46:33,"[147.2, 25]","[141.54, 69]","[149.53, 55]","[167.96, 47]",148.36,196,2.33,-0.04
07:46:34,"[142.0, 12]","[141.0, 228]","[146.13, 38]","[310.42, 52]",144.07,330,4.13,0.45
07:46:35,"[141.08, 124]","[140.88, 202]","[191.65, 46]","[307.43, 58]",166.37,430,50.57,0.52
07:46:36,"[140.71, 152]","[133.52, 92]","[205.02, 49]","[209.74, 39]",172.87,332,64.31,0.47
07:46:37,"[140.0, 106]","[139.0, 30]","[203.11, 54]","[204.33, 36]",171.56,226,63.11,0.2
07:46:38,"[140.57, 42]","[139.92, 72]","[199.19, 47]","[197.14, 42]",169.88,203,58.62,0.12
07:46:39,"[141.5, 14]","[140.0, 84]","[185.87, 30]","[187.73, 59]",163.68,187,44.37,0.05
07:46:40,"[145.18, 57]","[143.27, 60]","[184.42, 48]","[185.74, 54]",164.8,219,39.24,0.07
07:46:41,"[146.0, 32]","[144.06, 52]","[183.93, 30]","[184.78, 18]",164.97,132,37.93,0.27
07:46:42,"[145.33, 42]","[143.21, 61]","[156.33, 36]","[166.25, 36]",150.83,175,11.0,0.18
07:46:43,"[144.0, 42]","[140.0, 86]","[150.0, 36]","[151.67, 45]",147.0,209,6.0,0.22
07:46:44,"[144.15, 33]","[140.67, 120]","[148.48, 58]","[153.95, 44]",146.32,255,4.33,0.2
07:46:45,"[140.49, 63]","[121.69, 130]","[145.84, 50]","[146.86, 28]",143.17,271,5.35,0.42
07:46:46,"[141.62, 48]","[140.14, 104]","[143.5, 32]","[144.81, 54]",142.56,238,1.88,0.28
07:46:47,"[140.05, 60]","[107.92, 84]","[157.43, 21]","[253.26, 31]",148.74,196,17.38,0.47
07:46:48,"[140.21, 28]","[82.33, 89]","[250.18, 28]","[255.18, 44]",195.2,189,109.96,0.24
07:46:49,"[145.79, 28]","[86.62, 63]","[211.92, 59]","[240.74, 47]",178.85,197,66.13,-0.08
07:46:50,"[149.0, 33]","[145.0, 44]","[191.0, 33]","[204.26, 39]",170.0,149,42.0,0.03
07:46:51,"[149.0, 32]","[145.0, 44]","[189.0, 33]","[191.0, 33]",169.0,142,40.0,0.07
07:46:52,"[146.33, 30]","[144.12, 34]","[186.86, 42]","[189.48, 64]",166.6,170,40.52,-0.25
07:46:53,"[147.0, 9]","[145.14, 21]","[183.11, 27]","[186.0, 27]",165.06,84,36.11,-0.29
07:46:54,"[147.9, 39]","[146.64, 11]","[173.47, 15]","[174.63, 49]",160.68,114,25.57,-0.12
07:46:55,"[148.0, 50]","[147.0, 10]","[170.52, 23]","[175.71, 42]",159.26,125,22.52,-0.04
07:46:56,"[148.0, 40]","[147.0, 8]","[166.38, 24]","[168.63, 19]",157.19,91,18.38,0.05
07:46:57,"[147.77, 26]","[146.4, 10]","[162.47, 32]","[163.88, 24]",155.12,92,14.7,-0.22
07:46:58,"[147.67, 9]","[146.33, 9]","[162.27, 33]","[163.12, 17]",154.97,68,14.61,-0.47
07:46:59,"[149.0, 13]","[147.0, 10]","[159.46, 28]","[160.94, 16]",154.23,67,10.46,-0.31
07:47:00,"[149.0, 26]","[147.0, 13]","[157.2, 25]","[157.67, 27]",153.1,91,8.2,-0.14
07:47:01,"[149.0, 28]","[147.0, 14]","[154.69, 26]","[155.2, 30]",151.85,98,5.69,-0.14
07:47:02,"[147.22, 27]","[145.29, 21]","[153.05, 41]","[154.32, 19]",150.14,108,5.83,-0.11
07:47:03,"[143.17, 69]","[142.29, 42]","[153.0, 36]","[154.0, 12]",148.09,159,9.83,0.4
07:47:04,"[143.0, 77]","[142.0, 44]","[150.56, 25]","[151.18, 33]",146.78,179,7.56,0.35
07:47:05,"[143.0, 91]","[142.0, 52]","[147.22, 23]","[148.37, 19]",145.11,185,4.22,0.55
07:47:06,"[143.0, 64]","[142.0, 40]","[144.4, 10]","[174.83, 18]",143.7,132,1.4,0.58
07:47:07,"[145.77, 26]","[142.6, 30]","[244.0, 52]","[370.33, 60]",194.88,168,98.23,-0.33
07:47:08,"[147.0, 22]","[143.0, 22]","[252.82, 55]","[457.2, 46]",199.91,145,105.82,-0.39
07:47:09,"[147.0, 30]","[143.0, 30]","[327.52, 27]","[534.49, 45]",237.26,132,180.52,-0.09
07:47:10,"[144.27, 44]","[142.25, 32]","[287.48, 23]","[411.9, 20]",215.88,119,143.21,0.28
07:47:11,"[139.92, 25]","[132.89, 35]","[174.75, 24]","[324.22, 9]",157.33,93,34.83,0.29
07:47:12,"[134.0, 30]","[87.67, 6]","[321.67, 6]","[323.0, 6]",227.83,48,187.67,0.5
07:47:13,"[90.46, 57]","[40.8, 20]","[198.17, 18]","[211.05, 20]",144.31,115,107.71,0.34
07:47:14,"[127.16, 31]","[54.3, 76]","[277.9, 29]","[379.78, 37]",202.53,173,150.74,0.24
07:47:15,"[103.23, 31]","[102.35, 69]","[205.35, 20]","[224.82, 51]",154.29,171,102.12,0.17
07:47:16,"[148.27, 33]","[115.33, 21]","[203.0, 13]","[388.48, 46]",175.64,113,54.73,-0.04
07:47:17,"[149.0, 24]","[146.0, 8]","[202.0, 8]","[354.59, 17]",175.5,57,53.0,0.12
07:47:18,"[149.0, 27]","[146.0, 7]","[197.69, 13]","[272.0, 12]",173.35,59,48.69,0.15
07:47:19,"[149.0, 15]","[146.0, 7]","[189.57, 28]","[202.0, 7]",169.29,57,40.57,-0.23
07:47:20,"[149.0, 22]","[146.0, 11]","[173.08, 26]","[176.48, 29]",161.04,88,24.08,-0.25
07:47:21,"[147.93, 28]","[145.2, 15]","[171.58, 31]","[172.18, 34]",159.75,108,23.65,-0.2
07:47:22,"[146.75, 40]","[143.33, 18]","[169.0, 8]","[172.0, 32]",157.88,98,22.25,0.18
07:47:23,"[149.0, 150]","[144.82, 66]","[168.37, 19]","[171.71, 31]",158.68,266,19.37,0.62
07:47:24,"[149.0, 198]","[145.0, 126]","[165.0, 56]","[166.86, 56]",157.0,436,16.0,0.49
07:47:25,"[149.0, 154]","[145.0, 126]","[160.15, 26]","[161.38, 47]",154.58,353,11.15,0.59
07:47:26,"[147.62, 104]","[144.91, 138]","[156.36, 69]","[157.48, 21]",151.99,332,8.75,0.46
07:47:27,"[149.0, 39]","[145.0, 117]","[155.14, 22]","[156.03, 40]",152.07,218,6.14,0.43
07:47:28,"[149.0, 33]","[145.25, 96]","[151.15, 53]","[152.05, 38]",150.08,220,2.15,0.17
07:47:29,"[146.4, 90]","[145.26, 122]","[151.32, 53]","[152.15, 33]",148.86,298,4.92,0.42
07:47:30,"[146.0, 103]","[145.0, 144]","[147.57, 42]","[152.57, 30]",146.79,319,1.57,0.55
07:47:31,"[146.0, 8]","[145.0, 36]","[149.0, 8]","[168.75, 16]",147.5,68,3.0,0.29
07:47:32,"[146.0, 14]","[145.0, 63]","[148.57, 14]","[195.0, 7]",147.29,98,2.57,0.57
07:47:33,"[146.0, 20]","[145.0, 90]","[147.5, 20]","[325.67, 21]",146.75,151,1.5,0.46
07:47:34,"[146.0, 28]","[145.0, 126]","[235.48, 48]","[293.75, 67]",190.74,269,89.48,0.14
07:47:35,"[146.07, 29]","[145.02, 128]","[251.85, 33]","[252.28, 36]",198.96,226,105.78,0.39
07:47:36,"[146.57, 21]","[145.5, 32]","[248.45, 33]","[250.38, 45]",197.51,131,101.88,-0.19
07:47:37,"[147.11, 85]","[146.26, 94]","[239.7, 40]","[246.5, 40]",193.4,259,92.59,0.38
07:47:38,"[147.0, 147]","[145.0, 96]","[232.78, 27]","[237.05, 42]",189.89,312,85.78,0.56
07:47:39,"[147.05, 113]","[145.58, 113]","[202.61, 49]","[222.06, 31]",174.83,306,55.56,0.48
07:47:40,"[147.24, 75]","[146.35, 147]","[161.61, 57]","[162.3, 33]",154.43,312,14.37,0.42
07:47:41,"[147.0, 99]","[145.0, 72]","[159.3, 33]","[160.22, 36]",153.15,240,12.3,0.42
07:47:42,"[147.0, 143]","[144.96, 100]","[155.85, 13]","[158.0, 52]",151.42,308,8.85,0.58
07:47:43,"[147.0, 88]","[144.37, 57]","[153.52, 52]","[154.33, 24]",150.26,221,6.52,0.31
07:47:44,"[147.0, 77]","[144.0, 44]","[150.52, 44]","[152.86, 37]",148.76,202,3.52,0.2
07:47:45,"[145.77, 78]","[143.6, 40]","[221.21, 58]","[288.77, 39]",183.49,215,75.44,0.1
07:47:46,"[143.4, 25]","[141.58, 24]","[363.56, 64]","[404.81, 43]",253.48,156,220.16,-0.37
07:47:47,"[143.94, 18]","[142.0, 8]","[368.12, 32]","[435.62, 32]",256.03,90,224.18,-0.42
07:47:48,"[144.35, 17]","[143.97, 61]","[254.0, 28]","[350.86, 28]",199.18,134,109.65,0.16
07:47:49,"[145.0, 21]","[144.0, 90]","[194.0, 36]","[334.0, 36]",169.5,183,49.0,0.21
07:47:50,"[144.7, 23]","[143.98, 81]","[194.0, 36]","[363.78, 36]",169.35,176,49.3,0.18
07:47:51,"[144.0, 84]","[142.0, 8]","[331.62, 32]","[485.5, 32]",237.81,156,187.62,0.18
07:47:52,"[144.0, 84]","[142.0, 6]","[195.67, 24]","[279.0, 24]",169.83,138,51.67,0.3
07:47:53,"[144.0, 177]","[142.0, 13]","[191.77, 52]","[217.31, 52]",167.88,294,47.77,0.29
07:47:54,"[144.0, 100]","[142.0, 8]","[189.38, 32]","[198.75, 32]",166.69,172,45.38,0.26
07:47:55,"[145.43, 28]","[143.96, 92]","[161.42, 48]","[177.08, 48]",153.42,216,15.99,0.11
07:47:56,"[148.0, 7]","[144.0, 63]","[151.86, 28]","[174.57, 28]",149.93,126,3.86,0.11
07:47:57,"[148.0, 14]","[144.0, 126]","[150.29, 56]","[152.0, 56]",149.14,252,2.29,0.11
07:47:58,"[144.59, 74]","[143.87, 91]","[148.59, 68]","[150.35, 68]",146.59,301,3.99,0.1
07:47:59,"[144.25, 65]","[143.66, 41]","[148.09, 44]","[305.18, 44]",146.17,194,3.84,0.09
07:48:00,"[144.0, 91]","[142.0, 13]","[180.92, 52]","[355.72, 53]",162.46,209,36.92,-0.0
07:48:01,"[146.47, 40]","[143.97, 78]","[240.93, 56]","[292.75, 48]",193.7,222,94.45,0.06
07:48:02,"[146.11, 27]","[143.59, 73]","[159.0, 55]","[259.13, 53]",152.56,208,12.89,-0.04
07:48:03,"[146.56, 50]","[142.68, 57]","[158.46, 65]","[240.0, 65]",152.51,237,11.9,-0.1
07:48:04,"[144.0, 28]","[141.0, 40]","[158.0, 40]","[240.0, 40]",151.0,148,14.0,-0.08
07:48:05,"[144.0, 55]","[141.26, 27]","[153.73, 55]","[215.33, 54]",148.86,191,9.73,-0.14
07:48:06,"[144.0, 50]","[142.0, 10]","[169.96, 49]","[320.2, 40]",156.98,149,25.96,-0.19
07:48:07,"[144.0, 50]","[142.0, 10]","[304.49, 43]","[347.0, 44]",224.24,147,160.49,-0.18
07:48:08,"[145.46, 105]","[144.15, 65]","[174.8, 50]","[275.76, 49]",160.13,269,29.34,0.26
07:48:09,"[146.0, 43]","[144.0, 25]","[173.4, 25]","[654.0, 20]",159.7,113,27.4,0.2
07:48:10,"[146.0, 77]","[144.0, 55]","[172.36, 55]","[502.72, 47]",159.18,234,26.36,0.13
07:48:11,"[147.76, 136]","[145.17, 96]","[169.82, 72]","[220.76, 33]",158.79,337,22.05,0.38
07:48:12,"[149.0, 64]","[146.0, 70]","[168.68, 22]","[169.16, 38]",158.84,194,19.68,0.38
07:48:13,"[146.25, 48]","[144.57, 49]","[167.02, 41]","[168.38, 13]",156.64,151,20.77,0.28
07:48:14,"[146.53, 17]","[145.78, 45]","[166.55, 22]","[167.08, 38]",156.54,122,20.02,0.02
07:48:15,"[146.18, 44]","[145.45, 49]","[161.96, 27]","[163.94, 63]",154.07,183,15.78,0.02
07:48:16,"[145.17, 48]","[143.91, 11]","[157.24, 42]","[158.1, 30]",151.2,131,12.07,-0.1
07:48:17,"[146.03, 62]","[143.78, 37]","[152.72, 39]","[153.58, 24]",149.38,162,6.69,0.22
07:48:18,"[147.0, 72]","[144.0, 36]","[149.12, 42]","[150.0, 39]",148.06,189,2.12,0.14
07:48:19,"[146.83, 36]","[143.93, 29]","[148.0, 50]","[343.55, 22]",147.42,137,1.17,-0.05
07:48:20,"[144.0, 24]","[143.0, 24]","[145.42, 60]","[147.17, 60]",144.71,168,1.42,-0.43
07:48:21,"[142.94, 49]","[141.23, 35]","[146.41, 41]","[215.71, 51]",144.68,176,3.48,-0.05
07:48:22,"[143.0, 102]","[142.0, 11]","[194.68, 38]","[269.62, 39]",168.84,190,51.68,0.19
07:48:23,"[143.0, 26]","[141.02, 41]","[248.5, 16]","[368.0, 20]",195.75,103,105.5,0.3
07:48:24,"[147.19, 47]","[143.77, 114]","[164.9, 63]","[377.59, 34]",156.05,258,17.71,0.25
07:48:25,"[144.67, 36]","[142.86, 74]","[163.0, 30]","[537.62, 32]",153.83,172,18.33,0.28
07:48:26,"[148.0, 24]","[144.0, 40]","[203.0, 24]","[694.17, 24]",175.5,112,55.0,0.14
07:48:27,"[148.0, 30]","[144.0, 50]","[550.78, 27]","[642.3, 23]",349.39,130,402.78,0.23
07:48:28,"[148.0, 30]","[144.42, 38]","[550.24, 17]","[612.09, 22]",349.12,107,402.24,0.27
07:48:29,"[147.33, 18]","[144.7, 23]","[366.2, 10]","[458.67, 15]",256.77,66,218.87,0.24
07:48:30,"[146.0, 20]","[144.0, 50]","[211.74, 19]","[287.42, 19]",178.87,108,65.74,0.3
07:48:31,"[146.0, 16]","[144.0, 40]","[195.22, 18]","[228.18, 11]",170.61,85,49.22,0.32
07:48:32,"[145.4, 20]","[143.25, 56]","[195.0, 30]","[196.0, 10]",170.2,116,49.6,0.31
07:48:33,"[146.76, 85]","[143.28, 29]","[180.0, 30]","[186.59, 22]",163.38,166,33.24,0.37
07:48:34,"[147.0, 99]","[145.0, 9]","[172.71, 21]","[174.5, 32]",159.86,161,25.71,0.34
07:48:35,"[147.1, 61]","[146.86, 71]","[169.77, 13]","[172.93, 41]",158.43,186,22.67,0.42
07:48:36,"[147.0, 104]","[144.0, 120]","[168.04, 26]","[168.77, 22]",157.52,272,21.04,0.65
07:48:37,"[147.0, 96]","[144.0, 120]","[166.0, 12]","[167.0, 36]",156.5,264,19.0,0.64
07:48:38,"[147.0, 72]","[144.11, 44]","[164.18, 17]","[166.58, 19]",155.59,152,17.18,0.53
07:48:39,"[147.0, 136]","[145.0, 17]","[161.89, 37]","[161.94, 31]",154.45,221,14.89,0.38
07:48:40,"[147.0, 88]","[145.0, 11]","[156.87, 15]","[158.28, 29]",151.93,143,9.87,0.38
07:48:41,"[147.0, 136]","[145.0, 17]","[151.66, 53]","[152.56, 34]",149.33,240,4.66,0.28
07:48:42,"[147.0, 76]","[145.0, 12]","[148.14, 28]","[149.67, 24]",147.57,140,1.14,0.26
07:48:43,"[147.0, 13]","[145.0, 7]","[148.31, 13]","[149.91, 22]",147.65,55,1.31,-0.27
07:48:44,"[144.02, 61]","[142.22, 90]","[250.25, 28]","[431.0, 25]",197.13,204,106.23,0.48
07:48:45,"[144.0, 30]","[142.0, 40]","[429.71, 14]","[450.0, 10]",286.86,94,285.71,0.49
07:48:46,"[144.6, 75]","[142.34, 106]","[273.57, 42]","[356.07, 42]",209.09,265,128.97,0.37
07:48:47,"[149.0, 18]","[144.0, 36]","[186.0, 12]","[236.0, 18]",167.5,84,37.0,0.29
07:48:48,"[144.79, 38]","[142.35, 68]","[151.44, 27]","[209.53, 15]",148.12,148,6.65,0.43
07:48:49,"[142.75, 32]","[141.58, 106]","[151.0, 33]","[351.56, 16]",146.88,187,8.25,0.48
07:48:50,"[143.9, 100]","[142.0, 50]","[173.77, 26]","[453.25, 16]",158.83,192,29.87,0.56
07:48:51,"[144.0, 57]","[142.0, 55]","[275.55, 22]","[645.73, 11]",209.77,145,131.55,0.54
