Time,Bid1,Bid2,Ask1,Ask2,Mid-Price,Total_volume,Bid_ask_spread,Order_imbalance
07:30:00,"[0, 0]","[0, 0]","[0, 0]","[0, 0]",0.0,0,0.0,0.0
07:30:02,"[0, 0]","[0, 0]","[483.0, 6]","[745.0, 4]",241.5,10,483.0,-1.0
07:30:03,"[133.0, 24]","[261.0, 1]","[306.05, 19]","[427.52, 23]",219.53,67,173.05,-0.25
07:30:04,"[265.0, 24]","[261.0, 4]","[285.0, 12]","[397.6, 15]",275.0,55,20.0,0.02
07:30:05,"[265.0, 36]","[261.0, 6]","[342.47, 15]","[437.0, 18]",303.73,75,77.47,0.12
07:30:06,"[163.59, 34]","[179.3, 60]","[330.04, 26]","[343.2, 25]",246.81,145,166.45,0.3
07:30:07,"[126.19, 32]","[123.0, 12]","[251.86, 14]","[254.5, 16]",189.02,74,125.67,0.19
07:30:08,"[175.38, 29]","[150.46, 13]","[251.0, 26]","[252.62, 16]",213.19,84,75.62,0.0
07:30:09,"[177.03, 29]","[176.29, 14]","[251.0, 14]","[253.0, 14]",214.02,71,73.97,0.21
07:30:10,"[196.26, 57]","[187.41, 54]","[252.32, 19]","[255.59, 29]",224.29,159,56.05,0.4
07:30:11,"[246.81, 68]","[245.3, 71]","[256.0, 15]","[258.0, 45]",251.4,199,9.19,0.4
07:30:12,"[249.0, 36]","[248.0, 45]","[256.0, 9]","[258.0, 27]",252.5,117,7.0,0.38
07:30:13,"[250.5, 60]","[249.0, 48]","[256.0, 12]","[258.0, 36]",253.25,156,5.5,0.38
07:30:14,"[250.98, 57]","[248.7, 53]","[253.6, 35]","[257.07, 28]",252.29,173,2.62,0.27
07:30:15,"[250.91, 11]","[249.0, 44]","[256.0, 11]","[257.0, 53]",253.45,119,5.09,-0.08
07:30:16,"[253.14, 28]","[251.54, 28]","[256.0, 13]","[257.0, 104]",254.57,173,2.86,-0.35
07:30:17,"[254.86, 37]","[252.85, 13]","[256.83, 48]","[257.19, 79]",255.85,177,1.97,-0.44
07:30:18,"[254.0, 9]","[251.55, 11]","[257.0, 32]","[258.0, 27]",255.5,79,3.0,-0.49
07:30:19,"[254.11, 35]","[250.34, 35]","[257.0, 31]","[258.0, 51]",255.56,152,2.89,-0.08
07:30:20,"[245.67, 45]","[238.97, 75]","[255.5, 26]","[258.64, 39]",250.58,185,9.83,0.3
07:30:21,"[244.62, 24]","[239.34, 56]","[254.0, 23]","[257.0, 28]",249.31,131,9.38,0.22
07:30:22,"[243.0, 6]","[242.0, 30]","[253.11, 18]","[255.0, 8]",248.06,62,10.11,0.16
07:30:23,"[243.0, 12]","[242.0, 60]","[254.0, 30]","[274.83, 36]",248.5,138,11.0,0.04
07:30:24,"[243.0, 6]","[242.0, 30]","[258.0, 6]","[279.0, 30]",250.5,72,15.0,0.0
07:30:25,"[243.0, 6]","[242.0, 30]","[258.0, 6]","[273.0, 30]",250.5,72,15.0,0.0
07:30:26,"[244.77, 13]","[242.82, 17]","[273.42, 33]","[282.74, 19]",259.1,82,28.66,-0.27
07:30:27,"[260.62, 24]","[251.33, 12]","[273.0, 24]","[276.0, 12]",266.81,72,12.38,0.0
07:30:28,"[262.14, 14]","[256.67, 6]","[273.0, 12]","[276.0, 6]",267.57,38,10.86,0.05
07:30:29,"[263.0, 50]","[260.0, 11]","[272.57, 28]","[274.71, 14]",267.79,103,9.57,0.18
07:30:30,"[263.0, 28]","[260.0, 7]","[270.71, 28]","[273.0, 14]",266.86,77,7.71,-0.09
07:30:31,"[263.0, 28]","[260.0, 7]","[270.0, 28]","[273.0, 14]",266.5,77,7.0,-0.09
07:30:32,"[263.0, 28]","[260.0, 7]","[270.0, 28]","[273.0, 14]",266.5,77,7.0,-0.09
07:30:33,"[263.0, 36]","[260.0, 9]","[268.67, 36]","[273.12, 16]",265.83,97,5.67,-0.07
07:30:34,"[264.0, 13]","[263.0, 85]","[267.38, 52]","[274.0, 13]",265.69,163,3.38,0.2
07:30:35,"[263.61, 18]","[262.96, 78]","[266.18, 49]","[274.95, 22]",264.9,167,2.57,0.15
07:30:36,"[263.0, 70]","[260.0, 10]","[273.5, 34]","[274.56, 34]",268.25,148,10.5,0.08
07:30:37,"[263.0, 91]","[260.0, 13]","[268.38, 37]","[271.32, 41]",265.69,182,5.38,0.14
07:30:38,"[263.0, 87]","[260.0, 23]","[264.0, 15]","[265.0, 45]",263.5,170,1.0,0.29
07:30:39,"[263.51, 41]","[262.12, 34]","[265.87, 30]","[271.05, 40]",264.69,145,2.35,0.03
07:30:40,"[261.58, 33]","[260.2, 20]","[272.0, 52]","[274.0, 32]",266.79,137,10.42,-0.23
07:30:41,"[260.0, 22]","[259.0, 11]","[271.95, 42]","[273.8, 40]",265.98,115,11.95,-0.43
07:30:42,"[260.0, 22]","[259.0, 11]","[269.91, 22]","[273.0, 44]",264.95,99,9.91,-0.33
07:30:43,"[252.0, 14]","[250.0, 42]","[268.17, 24]","[270.78, 18]",260.08,98,16.17,0.14
07:30:44,"[253.0, 42]","[252.0, 28]","[268.0, 56]","[269.0, 28]",260.5,154,15.0,-0.09
07:30:45,"[260.01, 108]","[254.16, 38]","[267.2, 40]","[268.14, 56]",263.6,242,7.19,0.21
07:30:46,"[262.21, 86]","[258.86, 44]","[266.0, 20]","[268.0, 40]",264.1,190,3.79,0.37
07:30:47,"[262.0, 130]","[260.0, 39]","[264.23, 26]","[268.0, 59]",263.12,254,2.23,0.33
07:30:48,"[262.0, 100]","[260.0, 30]","[264.0, 20]","[268.0, 77]",263.0,227,2.0,0.15
07:30:49,"[262.0, 92]","[260.0, 30]","[265.67, 24]","[268.3, 53]",263.83,199,3.67,0.23
07:30:50,"[262.04, 92]","[260.39, 41]","[268.0, 36]","[269.0, 48]",265.02,217,5.96,0.23
07:30:51,"[264.53, 68]","[262.07, 108]","[268.0, 51]","[269.0, 68]",266.26,295,3.47,0.19
07:30:52,"[263.62, 52]","[261.75, 16]","[268.0, 30]","[269.0, 40]",265.81,138,4.38,-0.01
07:30:53,"[262.0, 120]","[260.0, 45]","[268.0, 45]","[269.0, 60]",265.0,270,6.0,0.22
07:30:54,"[262.0, 72]","[260.0, 27]","[268.0, 27]","[269.0, 36]",265.0,162,6.0,0.22
07:30:55,"[262.0, 80]","[260.0, 30]","[268.0, 30]","[269.0, 40]",265.0,180,6.0,0.22
07:30:56,"[262.0, 72]","[260.0, 27]","[267.6, 30]","[268.59, 41]",264.8,170,5.6,0.16
07:30:57,"[262.0, 140]","[260.0, 54]","[267.0, 126]","[268.14, 74]",264.5,394,5.0,-0.02
07:30:58,"[262.06, 72]","[260.84, 57]","[266.0, 42]","[266.66, 68]",264.03,239,3.94,0.08
07:30:59,"[262.26, 35]","[261.57, 69]","[264.08, 37]","[266.75, 44]",263.17,185,1.82,0.12
07:31:00,"[262.0, 24]","[260.0, 36]","[265.87, 38]","[266.69, 48]",263.93,146,3.87,-0.18
07:31:01,"[262.71, 34]","[260.53, 45]","[266.92, 78]","[269.27, 83]",264.81,240,4.22,-0.34
07:31:02,"[262.0, 28]","[260.0, 42]","[266.0, 56]","[269.36, 70]",264.0,196,4.0,-0.29
07:31:03,"[262.0, 30]","[260.0, 45]","[265.4, 60]","[269.8, 75]",263.7,210,3.4,-0.29
07:31:04,"[261.19, 27]","[259.67, 36]","[265.0, 56]","[269.0, 70]",263.09,189,3.81,-0.33
07:31:05,"[264.0, 16]","[260.0, 48]","[265.0, 64]","[269.0, 80]",264.5,208,1.0,-0.38
07:31:06,"[262.5, 24]","[261.0, 36]","[267.22, 54]","[270.12, 68]",264.86,182,4.72,-0.34
07:31:07,"[260.8, 30]","[259.21, 57]","[268.02, 63]","[269.94, 80]",264.41,230,7.22,-0.24
07:31:08,"[260.0, 26]","[259.0, 65]","[265.4, 15]","[267.12, 41]",262.7,147,5.4,0.24
07:31:09,"[260.0, 20]","[259.0, 50]","[266.5, 26]","[269.4, 30]",263.25,126,6.5,0.11
07:31:10,"[260.0, 32]","[259.0, 80]","[264.9, 40]","[268.57, 56]",262.45,208,4.9,0.08
07:31:11,"[259.08, 49]","[258.16, 64]","[266.06, 31]","[267.92, 53]",262.57,197,6.98,0.15
07:31:12,"[262.61, 108]","[258.64, 101]","[265.0, 19]","[269.57, 104]",263.81,332,2.39,0.26
07:31:13,"[264.0, 34]","[259.0, 30]","[268.75, 16]","[270.55, 33]",266.38,113,4.75,0.13
07:31:14,"[264.0, 45]","[259.0, 45]","[270.0, 54]","[271.62, 39]",267.0,183,6.0,-0.02
07:31:15,"[264.68, 44]","[262.08, 39]","[270.0, 54]","[271.0, 27]",267.34,164,5.32,0.01
07:31:16,"[265.0, 45]","[264.0, 36]","[270.0, 54]","[271.0, 27]",267.5,162,5.0,0.0
07:31:17,"[265.0, 65]","[264.0, 52]","[268.93, 45]","[269.67, 58]",266.97,220,3.93,0.06
07:31:18,"[265.0, 41]","[264.0, 44]","[267.52, 29]","[268.74, 47]",266.26,161,2.52,0.06
07:31:19,"[265.0, 17]","[264.0, 52]","[267.08, 39]","[270.96, 68]",266.04,176,2.08,-0.22
07:31:20,"[264.0, 13]","[263.0, 7]","[274.0, 35]","[276.0, 7]",269.0,62,10.0,-0.35
07:31:21,"[264.0, 9]","[263.0, 9]","[273.76, 33]","[274.38, 26]",268.88,77,9.76,-0.53
07:31:22,"[259.24, 42]","[258.17, 58]","[273.0, 20]","[274.63, 51]",266.12,171,13.76,0.17
07:31:23,"[259.0, 50]","[258.0, 70]","[273.0, 20]","[274.0, 50]",266.0,190,14.0,0.26
07:31:24,"[259.0, 65]","[258.0, 91]","[272.97, 71]","[273.92, 65]",265.99,292,13.97,0.07
07:31:25,"[260.11, 44]","[258.41, 75]","[271.46, 26]","[273.87, 115]",265.79,260,11.35,-0.08
07:31:26,"[264.78, 41]","[261.22, 18]","[271.0, 20]","[273.0, 50]",267.89,129,6.22,-0.09
07:31:27,"[264.0, 72]","[259.0, 45]","[270.56, 18]","[273.33, 45]",267.28,180,6.56,0.3
07:31:28,"[264.0, 112]","[259.0, 70]","[269.86, 28]","[273.0, 70]",266.93,280,5.86,0.3
07:31:29,"[264.0, 38]","[259.0, 65]","[268.5, 32]","[272.7, 80]",266.25,215,4.5,-0.04
07:31:30,"[264.0, 18]","[259.0, 45]","[266.22, 36]","[269.0, 18]",265.11,117,2.22,0.08
07:31:31,"[264.0, 20]","[259.0, 50]","[265.33, 24]","[267.26, 38]",264.67,132,1.33,0.06
07:31:32,"[264.8, 10]","[262.81, 21]","[266.0, 36]","[274.0, 62]",265.4,129,1.2,-0.52
07:31:33,"[264.08, 24]","[259.55, 53]","[265.92, 52]","[274.0, 137]",265.0,266,1.84,-0.42
07:31:34,"[264.0, 21]","[259.0, 65]","[265.0, 52]","[274.0, 80]",264.5,218,1.0,-0.21
07:31:35,"[264.0, 12]","[259.36, 55]","[265.0, 48]","[274.17, 60]",264.5,175,1.0,-0.23
07:31:36,"[260.31, 39]","[259.21, 57]","[264.86, 44]","[273.62, 58]",262.59,198,4.56,-0.03
07:31:37,"[260.0, 44]","[259.0, 55]","[262.09, 22]","[265.0, 44]",261.05,165,2.09,0.2
07:31:38,"[260.0, 37]","[259.0, 50]","[261.2, 20]","[265.0, 40]",260.6,147,1.2,0.18
07:31:39,"[261.68, 76]","[259.38, 32]","[263.81, 27]","[268.95, 38]",262.75,173,2.13,0.25
07:31:40,"[262.0, 192]","[260.0, 36]","[263.83, 48]","[270.96, 115]",262.92,391,1.83,0.17
07:31:41,"[262.0, 254]","[260.0, 51]","[268.7, 71]","[271.06, 155]",265.35,531,6.7,0.15
07:31:42,"[262.0, 182]","[260.0, 39]","[269.15, 65]","[270.15, 65]",265.58,351,7.15,0.26
07:31:43,"[262.0, 154]","[260.0, 33]","[267.89, 35]","[269.09, 55]",264.94,277,5.89,0.35
07:31:44,"[262.0, 182]","[260.0, 39]","[265.12, 51]","[268.81, 63]",263.56,335,3.12,0.32
07:31:45,"[263.5, 56]","[261.97, 199]","[267.15, 65]","[270.06, 80]",265.33,400,3.65,0.28
07:31:46,"[264.0, 65]","[262.0, 196]","[266.14, 70]","[272.16, 95]",265.07,426,2.14,0.23
07:31:47,"[262.38, 104]","[261.51, 74]","[268.7, 50]","[272.12, 32]",265.54,260,6.32,0.37
07:31:48,"[262.0, 182]","[260.0, 39]","[270.17, 47]","[271.45, 53]",266.09,321,8.17,0.38
07:31:49,"[262.0, 159]","[260.0, 36]","[268.97, 34]","[270.9, 58]",265.49,287,6.97,0.36
07:31:50,"[262.08, 91]","[261.6, 105]","[267.71, 14]","[269.0, 42]",264.9,252,5.64,0.56
07:31:51,"[262.11, 107]","[261.68, 145]","[266.13, 45]","[268.16, 31]",264.12,328,4.02,0.54
07:31:52,"[262.0, 108]","[260.0, 27]","[265.33, 27]","[267.0, 9]",263.67,171,3.33,0.58
07:31:53,"[262.0, 120]","[260.0, 30]","[264.8, 30]","[267.0, 10]",263.4,190,2.8,0.58
07:31:54,"[262.0, 138]","[260.0, 45]","[263.15, 39]","[268.67, 43]",262.58,265,1.15,0.38
07:31:55,"[261.37, 19]","[259.94, 32]","[269.42, 36]","[270.88, 25]",265.39,112,8.05,-0.09
07:31:56,"[262.0, 30]","[260.0, 30]","[270.0, 30]","[271.0, 20]",266.0,110,8.0,0.09
07:31:57,"[262.0, 27]","[260.0, 27]","[270.0, 27]","[271.0, 18]",266.0,99,8.0,0.09
07:31:58,"[262.0, 18]","[260.0, 18]","[270.0, 18]","[271.0, 12]",266.0,66,8.0,0.09
07:31:59,"[262.0, 18]","[260.0, 18]","[270.0, 18]","[271.0, 12]",266.0,66,8.0,0.09
07:32:00,"[262.0, 30]","[259.5, 16]","[270.0, 36]","[271.0, 24]",266.0,106,8.0,-0.13
07:32:01,"[258.18, 40]","[255.96, 28]","[270.0, 39]","[271.0, 26]",264.09,133,11.82,0.02
07:32:02,"[263.41, 41]","[255.23, 43]","[270.0, 39]","[271.0, 26]",266.71,149,6.59,0.13
07:32:03,"[256.0, 7]","[255.0, 77]","[270.0, 21]","[271.0, 14]",263.0,119,14.0,0.41
07:32:04,"[257.29, 7]","[255.0, 77]","[270.0, 21]","[271.86, 14]",263.64,119,12.71,0.41
07:32:05,"[258.0, 9]","[255.0, 72]","[270.0, 27]","[274.0, 18]",264.0,126,12.0,0.29
07:32:06,"[255.94, 36]","[254.89, 45]","[270.0, 33]","[272.6, 15]",262.97,129,14.06,0.26
07:32:07,"[262.0, 12]","[260.0, 60]","[270.0, 36]","[271.0, 12]",266.0,120,8.0,0.2
07:32:08,"[262.0, 16]","[260.0, 80]","[269.25, 59]","[270.44, 32]",265.63,187,7.25,0.03
07:32:09,"[262.0, 7]","[260.0, 35]","[269.0, 28]","[270.0, 21]",265.5,91,7.0,-0.08
07:32:10,"[262.0, 12]","[260.0, 60]","[268.58, 48]","[270.0, 37]",265.29,157,6.58,-0.08
07:32:11,"[262.0, 6]","[260.0, 30]","[268.0, 24]","[270.0, 28]",265.0,88,6.0,-0.18
07:32:12,"[262.0, 11]","[260.0, 55]","[268.0, 44]","[270.0, 44]",265.0,154,6.0,-0.14
07:32:13,"[262.0, 13]","[260.0, 65]","[267.82, 34]","[268.45, 31]",264.91,143,5.82,0.09
07:32:14,"[262.0, 14]","[260.0, 70]","[265.04, 50]","[266.8, 20]",263.52,154,3.04,0.09
07:32:15,"[262.0, 9]","[260.0, 45]","[265.0, 36]","[266.0, 9]",263.5,99,3.0,0.09
07:32:16,"[260.12, 17]","[258.76, 41]","[263.76, 21]","[264.33, 24]",261.94,103,3.64,0.13
07:32:17,"[259.27, 67]","[258.75, 84]","[261.25, 51]","[262.91, 44]",260.26,246,1.99,0.23
07:32:18,"[259.0, 43]","[258.0, 45]","[260.32, 25]","[264.89, 19]",259.66,132,1.32,0.33
07:32:19,"[263.12, 32]","[258.4, 25]","[268.21, 24]","[270.05, 38]",265.67,119,5.08,-0.04
07:32:20,"[265.0, 43]","[259.0, 30]","[266.78, 50]","[269.02, 46]",265.89,169,1.78,-0.14
07:32:21,"[259.0, 28]","[258.0, 42]","[265.79, 42]","[267.64, 42]",262.39,154,6.79,-0.09
07:32:22,"[259.0, 30]","[258.0, 45]","[261.86, 37]","[263.53, 45]",260.43,157,2.86,-0.04
07:32:23,"[259.0, 132]","[258.0, 33]","[260.0, 11]","[261.0, 33]",259.5,209,1.0,0.58
07:32:24,"[259.01, 85]","[258.36, 33]","[261.0, 24]","[271.0, 16]",260.01,158,1.99,0.49
07:32:25,"[259.09, 74]","[258.74, 81]","[261.0, 36]","[271.0, 12]",260.05,203,1.91,0.53
07:32:26,"[259.0, 38]","[258.0, 27]","[260.67, 27]","[271.0, 9]",259.83,101,1.67,0.29
07:32:27,"[258.28, 29]","[254.64, 75]","[263.89, 19]","[272.07, 15]",261.09,138,5.62,0.51
07:32:28,"[259.0, 84]","[258.0, 36]","[269.33, 12]","[271.0, 12]",264.17,144,10.33,0.67
07:32:29,"[259.12, 32]","[258.7, 40]","[269.0, 8]","[271.75, 8]",264.06,88,9.88,0.64
07:32:30,"[260.0, 16]","[259.0, 112]","[268.19, 16]","[272.31, 16]",264.09,160,8.19,0.6
07:32:31,"[260.0, 14]","[259.0, 98]","[267.0, 14]","[270.32, 25]",263.5,151,7.0,0.48
07:32:32,"[261.13, 15]","[259.0, 105]","[266.2, 15]","[270.08, 52]",263.67,187,5.07,0.28
07:32:33,"[260.37, 30]","[258.92, 113]","[264.66, 29]","[266.13, 31]",262.51,203,4.29,0.41
07:32:34,"[259.0, 54]","[258.0, 30]","[261.75, 12]","[267.85, 27]",260.38,123,2.75,0.37
07:32:35,"[259.0, 36]","[258.0, 27]","[262.0, 9]","[271.0, 36]",260.5,108,3.0,0.17
07:32:36,"[258.0, 24]","[256.0, 32]","[260.75, 8]","[271.1, 30]",259.38,94,2.75,0.19
07:32:37,"[258.0, 27]","[256.0, 48]","[260.44, 25]","[270.11, 28]",259.22,128,2.44,0.17
07:32:38,"[262.93, 67]","[256.59, 34]","[271.0, 47]","[272.91, 11]",266.96,159,8.07,0.27
07:32:39,"[264.0, 132]","[258.0, 24]","[271.0, 60]","[272.43, 14]",267.5,230,7.0,0.36
07:32:40,"[264.0, 132]","[257.2, 40]","[270.17, 60]","[271.07, 28]",267.08,260,6.17,0.32
07:32:41,"[264.0, 156]","[257.6, 40]","[267.94, 80]","[271.0, 47]",265.97,323,3.94,0.21
07:32:42,"[264.0, 90]","[258.0, 30]","[265.6, 63]","[267.27, 45]",264.8,228,1.6,0.05
07:32:43,"[264.16, 57]","[261.9, 29]","[266.71, 34]","[271.41, 17]",265.43,137,2.55,0.26
07:32:44,"[260.0, 39]","[258.0, 26]","[267.54, 26]","[270.0, 13]",263.77,104,7.54,0.25
07:32:45,"[260.8, 30]","[258.0, 20]","[265.23, 26]","[267.69, 13]",263.02,89,4.43,0.12
07:32:46,"[260.16, 50]","[257.32, 31]","[261.96, 52]","[263.65, 62]",261.06,195,1.8,-0.17
07:32:47,"[258.0, 30]","[255.0, 15]","[260.53, 60]","[262.0, 30]",259.27,135,2.53,-0.33
07:32:48,"[258.0, 26]","[255.0, 17]","[260.0, 68]","[262.0, 34]",259.0,145,2.0,-0.41
07:32:49,"[256.71, 7]","[254.4, 10]","[260.36, 22]","[265.71, 17]",258.54,56,3.65,-0.39
07:32:50,"[255.0, 12]","[254.0, 21]","[261.13, 31]","[263.62, 26]",258.06,90,6.13,-0.27
07:32:51,"[255.0, 8]","[254.0, 8]","[261.75, 16]","[267.0, 24]",258.38,56,6.75,-0.43
07:32:52,"[255.0, 6]","[254.0, 6]","[259.67, 12]","[267.0, 18]",257.33,42,4.67,-0.43
07:32:53,"[255.0, 13]","[254.0, 13]","[258.14, 35]","[264.32, 31]",256.57,92,3.14,-0.43
07:32:54,"[254.89, 19]","[253.36, 25]","[257.0, 70]","[259.0, 28]",255.95,142,2.11,-0.38
07:32:55,"[255.0, 24]","[250.0, 12]","[256.19, 27]","[257.07, 57]",255.59,120,1.19,-0.4
07:32:56,"[253.31, 42]","[248.9, 21]","[256.94, 69]","[262.33, 36]",255.13,168,3.63,-0.25
07:32:57,"[255.06, 31]","[249.57, 28]","[258.53, 47]","[265.25, 32]",256.8,138,3.47,-0.14
07:32:58,"[262.0, 10]","[257.4, 30]","[263.0, 20]","[267.0, 30]",262.5,90,1.0,-0.11
07:32:59,"[253.56, 32]","[254.25, 24]","[262.38, 34]","[265.67, 36]",257.97,126,8.82,-0.11
07:33:00,"[255.9, 62]","[255.42, 76]","[260.41, 51]","[263.27, 45]",258.16,234,4.51,0.18
07:33:01,"[258.86, 14]","[257.0, 112]","[262.87, 68]","[265.88, 50]",260.86,244,4.01,0.03
07:33:02,"[256.12, 25]","[253.98, 147]","[261.31, 61]","[262.73, 73]",258.72,306,5.19,0.12
07:33:03,"[253.94, 17]","[250.05, 60]","[260.0, 33]","[263.27, 44]",256.97,154,6.06,0.0
07:33:04,"[255.0, 10]","[254.0, 30]","[258.61, 31]","[261.13, 39]",256.81,110,3.61,-0.27
07:33:05,"[255.29, 14]","[253.06, 34]","[256.65, 46]","[258.54, 52]",255.97,146,1.37,-0.34
07:33:06,"[255.0, 12]","[252.0, 36]","[263.42, 50]","[263.72, 25]",259.21,123,8.42,-0.22
07:33:07,"[252.16, 19]","[247.62, 24]","[264.0, 35]","[271.0, 7]",258.08,85,11.84,0.01
07:33:08,"[251.5, 28]","[246.67, 54]","[264.0, 50]","[269.0, 10]",257.75,142,12.5,0.15
07:33:09,"[249.0, 27]","[246.23, 30]","[264.0, 45]","[267.0, 9]",256.5,111,15.0,0.03
07:33:10,"[250.88, 48]","[247.9, 20]","[264.0, 70]","[267.0, 14]",257.44,152,13.12,-0.11
07:33:11,"[249.0, 24]","[247.0, 23]","[264.0, 40]","[267.0, 8]",256.5,95,15.0,-0.01
07:33:12,"[249.0, 27]","[247.32, 47]","[262.09, 55]","[265.04, 23]",255.55,152,13.09,-0.03
07:33:13,"[250.57, 28]","[249.0, 14]","[257.0, 70]","[264.0, 70]",253.79,182,6.43,-0.54
07:33:14,"[251.0, 24]","[248.25, 16]","[255.46, 28]","[256.88, 40]",253.23,108,4.46,-0.26
07:33:15,"[251.0, 22]","[247.0, 33]","[254.27, 33]","[256.0, 11]",252.64,99,3.27,0.11
07:33:16,"[251.06, 32]","[247.17, 47]","[253.07, 30]","[256.83, 48]",252.06,157,2.0,0.01
07:33:17,"[253.93, 14]","[252.67, 24]","[256.0, 12]","[257.0, 60]",254.96,110,2.07,-0.31
07:33:18,"[255.37, 19]","[250.41, 34]","[256.83, 42]","[260.38, 80]",256.1,175,1.46,-0.39
07:33:19,"[252.25, 12]","[246.76, 38]","[257.0, 26]","[263.0, 50]",254.62,126,4.75,-0.21
07:33:20,"[249.0, 16]","[244.52, 138]","[257.38, 32]","[263.03, 77]",253.19,263,8.38,0.17
07:33:21,"[249.25, 12]","[244.17, 89]","[257.34, 35]","[263.05, 42]",253.3,178,8.09,0.13
07:33:22,"[250.84, 19]","[249.79, 19]","[255.74, 43]","[258.94, 62]",253.29,143,4.9,-0.47
07:33:23,"[252.56, 18]","[248.61, 18]","[254.0, 36]","[257.0, 54]",253.28,126,1.44,-0.43
07:33:24,"[248.56, 27]","[246.42, 36]","[254.0, 24]","[256.43, 70]",251.28,157,5.44,-0.2
07:33:25,"[245.0, 16]","[243.97, 121]","[252.44, 16]","[256.17, 72]",248.72,225,7.44,0.22
07:33:26,"[246.17, 47]","[244.12, 64]","[251.6, 15]","[255.13, 45]",248.89,171,5.43,0.3
07:33:27,"[247.6, 75]","[245.0, 15]","[251.0, 15]","[255.0, 45]",249.3,150,3.4,0.2
07:33:28,"[248.5, 70]","[245.0, 14]","[250.36, 14]","[254.0, 70]",249.43,168,1.86,0.0
07:33:29,"[249.44, 89]","[243.04, 90]","[253.24, 37]","[254.34, 53]",251.34,269,3.81,0.33
07:33:30,"[251.28, 85]","[243.53, 144]","[253.96, 73]","[254.74, 57]",252.62,359,2.68,0.28
07:33:31,"[253.0, 38]","[245.76, 127]","[254.43, 96]","[256.06, 121]",253.71,382,1.43,-0.14
07:33:32,"[254.54, 26]","[241.65, 54]","[256.96, 98]","[257.75, 32]",255.75,210,2.42,-0.24
07:33:33,"[253.67, 24]","[243.29, 14]","[257.0, 104]","[258.0, 28]",255.33,170,3.33,-0.55
07:33:34,"[244.0, 8]","[242.0, 8]","[257.0, 48]","[258.0, 16]",250.5,80,13.0,-0.6
07:33:35,"[245.94, 66]","[242.31, 13]","[257.0, 78]","[258.0, 26]",251.47,183,11.06,-0.14
07:33:36,"[246.0, 60]","[242.0, 10]","[257.0, 60]","[258.0, 20]",251.5,150,11.0,-0.07
07:33:37,"[246.17, 36]","[245.44, 36]","[257.0, 59]","[258.0, 22]",251.58,153,10.83,-0.06
07:33:38,"[247.56, 16]","[245.62, 13]","[257.0, 39]","[258.0, 26]",252.28,94,9.44,-0.38
07:33:39,"[248.77, 13]","[245.0, 13]","[257.0, 39]","[258.0, 26]",252.88,91,8.23,-0.43
07:33:40,"[251.92, 12]","[246.5, 12]","[257.0, 34]","[258.0, 24]",254.46,82,5.08,-0.41
07:33:41,"[254.13, 15]","[247.27, 15]","[257.0, 30]","[258.0, 30]",255.57,90,2.87,-0.33
07:33:42,"[248.52, 27]","[243.04, 97]","[254.75, 32]","[257.44, 32]",251.63,188,6.23,0.32
07:33:43,"[247.0, 11]","[244.0, 11]","[253.0, 22]","[257.0, 22]",250.0,66,6.0,-0.33
07:33:44,"[247.0, 9]","[244.0, 9]","[253.24, 17]","[257.11, 18]",250.12,53,6.24,-0.32
07:33:45,"[252.25, 40]","[245.3, 10]","[257.0, 10]","[258.0, 20]",254.62,80,4.75,0.25
07:33:46,"[253.0, 42]","[246.0, 6]","[257.0, 6]","[258.0, 12]",255.0,66,4.0,0.45
07:33:47,"[252.68, 66]","[245.5, 12]","[258.69, 16]","[259.96, 53]",255.68,147,6.01,0.06
07:33:48,"[258.37, 82]","[245.78, 18]","[259.97, 71]","[260.74, 19]",259.17,190,1.61,0.05
07:33:49,"[259.0, 57]","[245.45, 11]","[260.02, 43]","[261.09, 11]",259.51,122,1.02,0.11
07:33:50,"[259.0, 51]","[245.64, 11]","[260.1, 20]","[261.36, 11]",259.55,93,1.1,0.33
07:33:51,"[260.0, 330]","[259.0, 15]","[369.81, 54]","[559.4, 30]",314.91,429,109.81,0.61
07:33:52,"[260.0, 176]","[259.0, 8]","[263.0, 17]","[490.8, 20]",261.5,221,3.0,0.67
07:33:53,"[260.0, 240]","[259.0, 11]","[261.68, 25]","[334.36, 45]",260.84,321,1.68,0.56
07:33:54,"[260.0, 204]","[259.0, 11]","[261.0, 55]","[262.6, 15]",260.5,285,1.0,0.51
07:33:55,"[260.0, 126]","[259.0, 7]","[261.0, 35]","[263.0, 7]",260.5,175,1.0,0.52
07:33:56,"[260.0, 143]","[259.0, 11]","[263.0, 11]","[393.29, 42]",261.5,207,3.0,0.49
07:33:57,"[260.0, 130]","[259.0, 10]","[266.0, 10]","[479.95, 40]",263.0,190,6.0,0.47
07:33:58,"[260.0, 151]","[259.0, 12]","[268.0, 12]","[302.0, 24]",264.0,199,8.0,0.64
07:33:59,"[260.27, 44]","[259.89, 36]","[268.0, 8]","[302.0, 16]",264.14,104,7.73,0.54
07:34:00,"[261.0, 30]","[260.0, 80]","[268.0, 10]","[326.46, 26]",264.5,146,7.0,0.51
07:34:01,"[260.53, 45]","[259.96, 67]","[266.89, 27]","[337.62, 32]",263.71,171,6.36,0.31
07:34:02,"[260.0, 56]","[259.0, 8]","[265.12, 40]","[267.0, 8]",262.56,112,5.12,0.14
07:34:03,"[260.0, 91]","[259.0, 13]","[264.46, 65]","[337.04, 25]",262.23,194,4.46,0.07
07:34:04,"[260.0, 77]","[259.0, 11]","[261.98, 61]","[270.0, 55]",260.99,204,1.98,-0.14
07:34:05,"[260.0, 81]","[259.0, 13]","[261.0, 94]","[272.08, 65]",260.5,253,1.0,-0.26
07:34:06,"[259.36, 14]","[249.82, 49]","[260.39, 46]","[268.06, 51]",259.87,160,1.03,-0.21
07:34:07,"[250.46, 41]","[248.36, 44]","[258.12, 52]","[262.53, 49]",254.29,186,7.65,-0.09
07:34:08,"[249.8, 55]","[248.35, 75]","[253.0, 72]","[260.73, 56]",251.4,258,3.2,0.01
07:34:09,"[250.82, 33]","[246.4, 15]","[253.0, 24]","[261.06, 16]",251.91,88,2.18,0.09
07:34:10,"[250.95, 19]","[244.54, 26]","[253.0, 36]","[262.0, 9]",251.97,90,2.05,0.0
07:34:11,"[252.79, 61]","[252.26, 68]","[257.71, 56]","[263.54, 69]",255.25,254,4.93,0.02
07:34:12,"[255.33, 48]","[254.0, 24]","[258.33, 24]","[260.12, 32]",256.83,128,3.0,0.12
07:34:13,"[257.33, 42]","[254.0, 26]","[264.82, 56]","[274.44, 81]",261.08,205,7.49,-0.34
07:34:14,"[263.74, 23]","[263.03, 37]","[267.0, 50]","[270.0, 70]",265.37,180,3.26,-0.33
07:34:15,"[265.65, 17]","[264.08, 37]","[267.0, 20]","[269.71, 41]",266.32,115,1.35,-0.06
07:34:16,"[263.2, 15]","[254.08, 26]","[267.0, 7]","[268.0, 7]",265.1,55,3.8,0.49
07:34:17,"[259.09, 11]","[253.12, 26]","[267.0, 11]","[268.0, 11]",263.05,59,7.91,0.25
07:34:18,"[254.64, 25]","[250.77, 22]","[267.0, 10]","[268.0, 10]",260.82,67,12.36,0.4
07:34:19,"[252.0, 60]","[248.0, 50]","[267.0, 10]","[268.0, 10]",259.5,130,15.0,0.69
07:34:20,"[252.57, 14]","[251.31, 29]","[267.0, 5]","[268.0, 5]",259.79,53,14.43,0.62
07:34:21,"[254.17, 12]","[251.41, 34]","[267.0, 7]","[268.0, 7]",260.58,60,12.83,0.53
07:34:22,"[252.62, 32]","[250.97, 80]","[258.44, 25]","[262.89, 19]",255.53,156,5.81,0.44
07:34:23,"[250.38, 32]","[249.06, 64]","[253.44, 16]","[254.26, 38]",251.91,150,3.06,0.28
07:34:24,"[250.07, 28]","[249.05, 82]","[253.65, 23]","[255.41, 58]",251.86,191,3.58,0.15
07:34:25,"[249.27, 22]","[246.6, 90]","[255.0, 22]","[258.0, 44]",252.14,178,5.73,0.26
07:34:26,"[251.33, 6]","[246.62, 13]","[255.0, 6]","[258.0, 12]",253.17,37,3.67,0.03
07:34:27,"[253.0, 22]","[247.0, 22]","[255.86, 14]","[258.05, 38]",254.43,96,2.86,-0.08
07:34:28,"[253.0, 20]","[247.0, 20]","[258.0, 20]","[259.0, 10]",255.5,70,5.0,0.14
07:34:29,"[253.0, 16]","[247.0, 16]","[263.25, 16]","[384.5, 18]",258.12,66,10.25,-0.03
07:34:30,"[253.0, 22]","[247.0, 22]","[263.5, 20]","[435.48, 31]",258.25,95,10.5,-0.07
07:34:31,"[253.0, 12]","[247.0, 12]","[258.0, 6]","[259.0, 6]",255.5,36,5.0,0.33
07:34:32,"[253.0, 14]","[247.0, 14]","[257.57, 7]","[259.0, 7]",255.29,42,4.57,0.33
07:34:33,"[253.12, 25]","[248.29, 28]","[257.0, 14]","[259.0, 14]",255.06,81,3.88,0.31
07:34:34,"[254.43, 14]","[249.93, 29]","[256.46, 13]","[259.0, 13]",255.45,69,2.03,0.25
07:34:35,"[251.0, 36]","[244.0, 90]","[254.44, 48]","[256.5, 18]",252.72,192,3.44,0.31
07:34:36,"[250.74, 19]","[244.16, 38]","[252.94, 48]","[253.9, 30]",251.84,135,2.2,-0.16
07:34:37,"[246.0, 38]","[244.45, 44]","[253.0, 70]","[256.0, 14]",249.5,166,7.0,-0.01
07:34:38,"[246.0, 77]","[243.57, 60]","[252.0, 11]","[253.0, 55]",249.0,203,6.0,0.35
07:34:39,"[246.0, 46]","[243.23, 79]","[251.7, 10]","[253.0, 50]",248.85,185,5.7,0.35
07:34:40,"[246.93, 68]","[243.46, 59]","[250.57, 14]","[253.0, 70]",248.75,211,3.64,0.2
07:34:41,"[247.55, 47]","[246.97, 94]","[252.56, 18]","[254.78, 82]",250.05,241,5.0,0.17
07:34:42,"[248.0, 32]","[247.0, 112]","[256.96, 81]","[258.58, 99]",252.48,324,8.96,-0.11
07:34:43,"[251.48, 85]","[249.5, 40]","[257.0, 87]","[259.0, 90]",254.24,302,5.52,-0.17
07:34:44,"[252.0, 91]","[249.89, 38]","[256.47, 45]","[257.73, 82]",254.23,256,4.47,0.01
07:34:45,"[251.18, 60]","[250.03, 63]","[255.67, 43]","[257.4, 77]",253.43,243,4.49,0.01
07:34:46,"[249.73, 60]","[248.0, 30]","[255.2, 15]","[257.0, 90]",252.47,195,5.47,-0.08
07:34:47,"[252.97, 33]","[250.04, 52]","[256.38, 40]","[258.47, 95]",254.67,220,3.41,-0.23
07:34:48,"[255.0, 20]","[254.0, 30]","[257.0, 60]","[261.0, 64]",256.0,174,2.0,-0.43
07:34:49,"[255.43, 21]","[254.25, 24]","[257.0, 54]","[258.0, 36]",256.21,135,1.57,-0.33
07:34:50,"[256.0, 38]","[255.0, 22]","[257.0, 51]","[258.0, 44]",256.5,155,1.0,-0.23
07:34:51,"[255.0, 26]","[244.31, 29]","[257.0, 14]","[258.0, 40]",256.0,109,2.0,0.01
07:34:52,"[243.88, 41]","[242.32, 28]","[260.19, 47]","[260.32, 22]",252.03,138,16.31,0.0
07:34:53,"[244.0, 40]","[243.0, 10]","[255.35, 34]","[260.0, 28]",249.68,112,11.35,-0.11
07:34:54,"[245.23, 64]","[245.0, 41]","[253.0, 27]","[257.0, 36]",249.12,168,7.77,0.25
07:34:55,"[248.03, 115]","[247.0, 98]","[253.0, 42]","[257.0, 56]",250.51,311,4.97,0.37
07:34:56,"[251.76, 127]","[249.42, 90]","[254.31, 49]","[257.31, 52]",253.03,318,2.55,0.36
07:34:57,"[255.34, 165]","[253.55, 51]","[257.0, 91]","[259.0, 34]",256.17,341,1.66,0.27
07:34:58,"[254.78, 41]","[243.14, 14]","[258.05, 19]","[338.75, 16]",256.42,90,3.27,0.22
07:34:59,"[247.0, 56]","[246.0, 8]","[296.29, 14]","[478.25, 8]",271.64,86,49.29,0.49
07:35:00,"[248.08, 91]","[246.0, 13]","[455.5, 20]","[513.29, 14]",351.79,138,207.42,0.51
07:35:01,"[264.14, 21]","[256.6, 75]","[427.0, 24]","[428.0, 24]",345.57,144,162.86,0.33
07:35:02,"[265.0, 11]","[259.86, 49]","[404.14, 21]","[436.93, 14]",334.57,95,139.14,0.26
07:35:03,"[265.78, 23]","[264.16, 50]","[343.25, 32]","[389.78, 27]",304.52,132,77.47,0.11
07:35:04,"[266.0, 16]","[265.0, 8]","[293.5, 16]","[295.0, 16]",279.75,56,27.5,-0.14
07:35:05,"[264.12, 102]","[263.46, 13]","[292.54, 26]","[527.5, 28]",278.33,169,28.42,0.36
07:35:06,"[264.0, 81]","[263.0, 9]","[291.11, 18]","[458.0, 36]",277.56,144,27.11,0.25
07:35:07,"[264.51, 39]","[263.77, 26]","[289.0, 22]","[451.48, 42]",276.76,129,24.49,0.01
07:35:08,"[266.0, 18]","[264.0, 36]","[286.0, 18]","[289.0, 18]",276.0,90,20.0,0.2
07:35:09,"[266.0, 20]","[264.0, 40]","[284.1, 20]","[331.6, 20]",275.05,100,18.1,0.2
07:35:10,"[265.11, 18]","[262.8, 41]","[284.0, 22]","[473.41, 29]",274.56,110,18.89,0.07
07:35:11,"[263.0, 9]","[261.0, 36]","[284.0, 18]","[390.6, 15]",273.5,78,21.0,0.15
07:35:12,"[262.57, 28]","[260.5, 56]","[284.0, 22]","[301.65, 49]",273.29,155,21.43,0.08
07:35:13,"[264.85, 26]","[262.05, 39]","[284.0, 24]","[297.92, 52]",274.42,141,19.15,-0.08
07:35:14,"[261.0, 36]","[260.0, 63]","[294.6, 20]","[389.39, 31]",277.8,150,33.6,0.32
07:35:15,"[261.0, 36]","[260.0, 51]","[319.49, 35]","[369.6, 43]",290.24,165,58.49,0.05
07:35:16,"[261.0, 36]","[260.0, 10]","[319.0, 36]","[320.0, 45]",290.0,127,58.0,-0.28
07:35:17,"[261.0, 28]","[260.0, 14]","[317.68, 25]","[318.85, 26]",289.34,93,56.68,-0.1
07:35:18,"[261.0, 52]","[260.0, 26]","[314.15, 53]","[315.2, 49]",287.58,180,53.15,-0.13
07:35:19,"[263.4, 70]","[260.63, 38]","[311.57, 42]","[312.71, 42]",287.49,192,48.17,0.12
07:35:20,"[265.0, 84]","[261.0, 68]","[309.14, 49]","[310.75, 48]",287.07,249,44.14,0.22
07:35:21,"[265.0, 86]","[261.0, 78]","[306.07, 54]","[307.12, 64]",285.54,282,41.07,0.16
07:35:22,"[265.0, 105]","[261.0, 60]","[301.21, 53]","[304.52, 65]",283.1,283,36.21,0.17
07:35:23,"[265.0, 140]","[261.0, 84]","[295.86, 65]","[299.04, 104]",280.43,393,30.86,0.14
07:35:24,"[265.0, 69]","[261.0, 48]","[294.17, 36]","[298.11, 54]",279.58,207,29.17,0.13
07:35:25,"[265.0, 78]","[261.0, 52]","[288.9, 42]","[289.95, 44]",276.95,216,23.9,0.2
07:35:26,"[265.0, 51]","[261.0, 68]","[285.03, 62]","[285.84, 62]",275.02,243,20.03,-0.02
07:35:27,"[265.0, 39]","[260.2, 41]","[280.42, 48]","[281.28, 53]",272.71,181,15.42,-0.12
07:35:28,"[262.71, 28]","[260.4, 40]","[276.59, 46]","[277.59, 46]",269.65,160,13.87,-0.15
07:35:29,"[259.03, 137]","[234.56, 57]","[270.81, 58]","[272.48, 54]",264.92,306,11.78,0.27
07:35:30,"[259.75, 71]","[257.72, 125]","[264.64, 55]","[265.57, 63]",262.19,314,4.89,0.25
07:35:31,"[259.05, 76]","[211.64, 53]","[262.6, 25]","[264.88, 40]",260.83,194,3.55,0.33
07:35:32,"[259.0, 88]","[189.69, 48]","[262.32, 40]","[265.27, 37]",260.66,213,3.32,0.28
07:35:33,"[235.91, 53]","[155.26, 54]","[260.35, 34]","[286.89, 35]",248.13,176,24.45,0.22
07:35:34,"[181.71, 35]","[14.0, 3]","[258.54, 13]","[336.29, 14]",220.13,65,76.82,0.17
07:35:35,"[169.62, 40]","[14.0, 8]","[254.33, 12]","[256.0, 12]",211.98,72,84.71,0.33
07:35:36,"[162.6, 50]","[14.0, 10]","[255.0, 20]","[257.0, 10]",208.8,90,92.4,0.33
07:35:37,"[200.0, 40]","[108.88, 8]","[255.0, 16]","[257.0, 8]",227.5,72,55.0,0.33
07:35:38,"[169.5, 30]","[71.0, 6]","[374.44, 9]","[427.55, 11]",271.97,56,204.94,0.29
07:35:39,"[186.37, 19]","[144.85, 13]","[404.0, 5]","[408.89, 9]",295.18,46,217.63,0.39
07:35:40,"[219.65, 54]","[111.5, 20]","[352.64, 22]","[354.89, 18]",286.14,114,132.99,0.3
07:35:41,"[222.0, 50]","[173.47, 15]","[255.91, 22]","[312.38, 13]",238.95,100,33.91,0.3
07:35:42,"[206.8, 40]","[29.44, 32]","[252.5, 12]","[253.75, 24]",229.65,108,45.7,0.33
07:35:43,"[114.0, 8]","[8.0, 40]","[256.75, 8]","[342.64, 11]",185.38,67,142.75,0.43
07:35:44,"[115.2, 20]","[32.46, 13]","[258.0, 5]","[329.33, 6]",186.6,44,142.8,0.5
07:35:45,"[175.0, 10]","[116.0, 12]","[258.0, 2]","[262.8, 5]",216.5,29,83.0,0.52
07:35:46,"[192.86, 35]","[136.43, 21]","[256.29, 7]","[258.4, 10]",224.57,73,63.43,0.53
07:35:47,"[225.31, 32]","[199.41, 17]","[257.71, 7]","[258.96, 25]",241.51,81,32.4,0.21
07:35:48,"[231.51, 43]","[205.68, 41]","[257.25, 20]","[258.87, 23]",244.38,127,25.74,0.32
07:35:49,"[225.0, 84]","[177.48, 54]","[256.78, 54]","[257.33, 30]",240.89,222,31.78,0.24
07:35:50,"[226.14, 84]","[223.71, 84]","[258.63, 41]","[323.62, 52]",242.39,261,32.49,0.29
07:35:51,"[233.22, 65]","[230.82, 45]","[270.0, 15]","[352.55, 44]",251.61,169,36.78,0.3
07:35:52,"[255.2, 30]","[254.17, 60]","[338.04, 47]","[426.56, 41]",296.62,178,82.84,0.01
07:35:53,"[264.86, 28]","[263.2, 20]","[266.0, 32]","[308.0, 24]",265.43,104,1.14,-0.08
07:35:54,"[264.92, 37]","[263.37, 19]","[287.21, 38]","[378.7, 30]",276.06,124,22.29,-0.1
07:35:55,"[263.0, 24]","[261.0, 72]","[330.43, 28]","[345.29, 28]",296.71,152,67.43,0.26
07:35:56,"[264.64, 11]","[261.88, 25]","[309.33, 24]","[310.57, 21]",286.98,81,44.7,-0.11
07:35:57,"[263.0, 6]","[261.0, 27]","[307.1, 10]","[308.55, 11]",285.05,54,44.1,0.22
07:35:58,"[263.0, 10]","[261.0, 45]","[305.4, 15]","[308.0, 20]",284.2,90,42.4,0.22
07:35:59,"[263.0, 18]","[261.0, 81]","[305.0, 27]","[308.0, 36]",284.0,162,42.0,0.22
07:36:00,"[262.27, 22]","[260.91, 69]","[302.32, 25]","[305.62, 29]",282.3,145,40.05,0.26
07:36:01,"[261.0, 12]","[260.0, 12]","[302.0, 8]","[303.0, 6]",281.5,38,41.0,0.26
07:36:02,"[261.0, 36]","[260.0, 54]","[300.68, 34]","[301.79, 33]",280.84,157,39.68,0.15
07:36:03,"[260.46, 52]","[259.82, 45]","[296.14, 37]","[298.09, 33]",278.3,167,35.67,0.16
07:36:04,"[260.0, 63]","[259.0, 18]","[289.2, 30]","[294.64, 25]",274.6,136,29.2,0.19
07:36:05,"[260.0, 53]","[259.0, 16]","[278.34, 29]","[287.53, 17]",269.17,115,18.34,0.2
07:36:06,"[260.0, 40]","[259.0, 20]","[273.05, 38]","[274.33, 30]",266.53,128,13.05,-0.06
07:36:07,"[261.8, 20]","[260.2, 60]","[269.92, 53]","[271.04, 50]",265.86,183,8.12,-0.13
07:36:08,"[264.98, 86]","[262.16, 19]","[266.76, 42]","[267.83, 46]",265.87,193,1.79,0.09
07:36:09,"[265.0, 44]","[263.0, 13]","[266.91, 44]","[268.0, 33]",265.95,134,1.91,-0.15
07:36:10,"[264.11, 46]","[262.17, 23]","[329.24, 17]","[450.44, 32]",296.67,118,65.13,0.17
07:36:11,"[264.0, 72]","[263.0, 18]","[473.52, 21]","[489.78, 27]",368.76,138,209.52,0.3
07:36:12,"[264.0, 68]","[263.0, 20]","[321.1, 50]","[356.67, 48]",292.55,186,57.1,-0.05
07:36:13,"[264.0, 30]","[263.0, 13]","[265.0, 45]","[266.0, 45]",264.5,133,1.0,-0.35
07:36:14,"[263.95, 19]","[262.06, 17]","[265.1, 50]","[269.53, 47]",264.52,133,1.15,-0.46
07:36:15,"[264.83, 41]","[261.39, 28]","[266.0, 35]","[349.0, 14]",265.41,118,1.17,0.17
07:36:16,"[265.0, 120]","[264.0, 10]","[281.45, 47]","[352.91, 23]",273.22,200,16.45,0.3
07:36:17,"[265.29, 34]","[264.98, 122]","[348.25, 24]","[372.64, 33]",306.77,213,82.96,0.46
07:36:18,"[266.0, 12]","[265.0, 144]","[346.56, 25]","[430.56, 32]",306.28,213,80.56,0.46
07:36:19,"[266.7, 20]","[265.09, 79]","[341.89, 36]","[343.86, 29]",304.29,164,75.19,0.21
07:36:20,"[267.0, 20]","[266.0, 10]","[312.32, 22]","[327.67, 24]",289.66,76,45.32,-0.21
07:36:21,"[265.15, 81]","[263.53, 17]","[306.0, 51]","[307.0, 34]",285.57,183,40.85,0.07
07:36:22,"[265.0, 52]","[263.0, 13]","[301.3, 37]","[302.71, 28]",283.15,130,36.3,0.0
07:36:23,"[265.0, 44]","[263.0, 11]","[292.97, 29]","[294.46, 26]",278.98,110,27.97,0.0
07:36:24,"[265.0, 56]","[263.0, 14]","[290.5, 38]","[292.5, 32]",277.75,140,25.5,0.0
07:36:25,"[264.9, 42]","[262.0, 20]","[286.84, 25]","[288.6, 35]",275.87,122,21.94,0.02
07:36:26,"[263.0, 3]","[261.0, 15]","[285.0, 6]","[287.0, 9]",274.0,33,22.0,0.09
07:36:27,"[263.0, 8]","[261.0, 40]","[284.05, 22]","[285.67, 18]",273.52,88,21.05,0.09
07:36:28,"[263.9, 20]","[261.57, 23]","[279.84, 31]","[281.0, 24]",271.87,98,15.94,-0.12
07:36:29,"[264.0, 18]","[262.0, 9]","[279.0, 27]","[280.0, 18]",271.5,72,15.0,-0.25
07:36:30,"[264.0, 10]","[262.0, 5]","[279.0, 15]","[280.0, 10]",271.5,40,15.0,-0.25
07:36:31,"[263.38, 21]","[261.4, 20]","[276.06, 36]","[276.93, 30]",269.72,107,12.67,-0.23
07:36:32,"[263.91, 47]","[261.27, 30]","[273.64, 28]","[274.92, 50]",268.78,155,9.73,-0.01
07:36:33,"[264.13, 23]","[262.64, 22]","[270.33, 30]","[271.44, 18]",267.23,93,6.2,-0.03
07:36:34,"[265.0, 8]","[264.0, 32]","[268.5, 32]","[271.22, 18]",266.75,90,3.5,-0.11
07:36:35,"[264.14, 42]","[262.58, 38]","[266.07, 54]","[381.7, 66]",265.11,200,1.93,-0.2
07:36:36,"[264.0, 17]","[261.0, 24]","[319.32, 37]","[368.77, 48]",291.66,126,55.32,-0.35
07:36:37,"[263.4, 10]","[260.67, 24]","[296.0, 30]","[393.0, 40]",279.7,104,32.6,-0.35
07:36:38,"[258.68, 38]","[258.87, 46]","[294.42, 36]","[549.24, 34]",276.55,154,35.73,0.09
07:36:39,"[258.7, 64]","[257.6, 30]","[294.0, 36]","[599.47, 59]",276.35,189,35.3,-0.01
07:36:40,"[259.35, 26]","[212.38, 81]","[291.83, 52]","[523.13, 53]",275.59,212,32.48,0.01
07:36:41,"[234.22, 37]","[113.39, 93]","[288.06, 48]","[289.16, 32]",261.14,210,53.85,0.24
07:36:42,"[214.44, 25]","[167.85, 47]","[288.0, 35]","[289.0, 21]",251.22,128,73.56,0.12
07:36:43,"[259.0, 48]","[171.41, 128]","[286.38, 80]","[289.0, 48]",272.69,304,27.38,0.16
07:36:44,"[259.66, 41]","[250.0, 34]","[284.09, 55]","[286.45, 49]",271.87,179,24.43,-0.16
07:36:45,"[261.69, 32]","[259.0, 94]","[282.66, 59]","[283.84, 77]",272.17,262,20.97,-0.04
07:36:46,"[263.76, 21]","[261.19, 43]","[281.67, 75]","[284.58, 64]",272.71,203,17.9,-0.37
07:36:47,"[265.0, 26]","[263.0, 13]","[278.53, 43]","[280.1, 61]",271.77,143,13.53,-0.45
07:36:48,"[264.67, 24]","[261.94, 17]","[275.76, 49]","[278.49, 55]",270.21,145,11.09,-0.43
07:36:49,"[261.83, 53]","[260.13, 31]","[274.0, 65]","[275.0, 39]",267.92,188,12.17,-0.11
07:36:50,"[262.65, 86]","[261.96, 83]","[274.0, 55]","[275.0, 33]",268.33,257,11.35,0.32
07:36:51,"[262.31, 116]","[261.91, 88]","[265.13, 69]","[269.93, 70]",263.72,343,2.82,0.19
07:36:52,"[262.0, 60]","[261.0, 6]","[264.0, 30]","[288.5, 24]",263.0,120,2.0,0.1
07:36:53,"[262.0, 110]","[261.0, 11]","[291.9, 48]","[337.61, 23]",276.95,192,29.9,0.26
07:36:54,"[262.47, 68]","[261.87, 46]","[316.5, 16]","[546.88, 34]",289.49,164,54.03,0.39
07:36:55,"[266.0, 12]","[262.0, 60]","[272.0, 24]","[400.33, 6]",269.0,102,6.0,0.41
07:36:56,"[262.62, 64]","[261.89, 56]","[339.2, 20]","[544.73, 11]",300.91,151,76.57,0.59
07:36:57,"[262.0, 90]","[261.0, 10]","[408.6, 10]","[489.36, 25]",335.3,135,146.6,0.48
07:36:58,"[262.74, 43]","[261.92, 39]","[367.0, 7]","[423.4, 10]",314.87,99,104.26,0.66
07:36:59,"[264.0, 55]","[262.0, 126]","[300.17, 23]","[313.48, 29]",282.09,233,36.17,0.55
07:37:00,"[262.66, 73]","[261.85, 46]","[283.0, 20]","[289.86, 28]",272.83,167,20.34,0.43
07:37:01,"[264.0, 56]","[262.0, 70]","[288.0, 10]","[289.56, 16]",276.0,152,24.0,0.66
07:37:02,"[264.0, 37]","[262.0, 77]","[286.27, 11]","[287.73, 11]",275.14,136,22.27,0.68
07:37:03,"[264.0, 42]","[262.0, 98]","[283.72, 18]","[285.43, 14]",273.86,172,19.72,0.63
07:37:04,"[264.2, 15]","[262.49, 37]","[282.0, 21]","[283.0, 10]",273.1,83,17.8,0.25
07:37:05,"[265.0, 8]","[264.0, 24]","[282.0, 24]","[283.0, 8]",273.5,64,17.0,0.0
07:37:06,"[265.0, 11]","[264.0, 33]","[281.09, 23]","[281.52, 21]",273.04,88,16.09,0.0
07:37:07,"[265.0, 12]","[264.0, 36]","[276.43, 14]","[277.89, 28]",270.71,90,11.43,0.07
07:37:08,"[265.0, 12]","[264.0, 36]","[272.67, 18]","[274.0, 12]",268.83,78,7.67,0.23
07:37:09,"[262.38, 40]","[262.8, 25]","[270.93, 14]","[271.8, 20]",266.65,99,8.55,0.31
07:37:10,"[262.0, 77]","[261.0, 22]","[267.36, 11]","[269.62, 13]",264.68,123,5.36,0.61
07:37:11,"[263.59, 51]","[261.89, 35]","[266.91, 11]","[272.0, 33]",265.25,130,3.32,0.32
07:37:12,"[263.31, 26]","[260.84, 57]","[300.22, 45]","[407.93, 27]",281.76,155,36.91,0.07
07:37:13,"[262.0, 48]","[260.0, 176]","[416.08, 38]","[453.55, 66]",339.04,328,154.08,0.37
07:37:14,"[262.0, 30]","[260.0, 98]","[427.5, 24]","[473.16, 38]",344.75,190,165.5,0.35
07:37:15,"[262.0, 36]","[260.0, 106]","[426.5, 32]","[484.38, 32]",344.25,206,164.5,0.38
07:37:16,"[260.49, 82]","[259.22, 250]","[424.74, 46]","[426.73, 30]",342.61,408,164.25,0.63
07:37:17,"[265.04, 48]","[263.34, 127]","[422.78, 36]","[426.5, 32]",343.91,243,157.74,0.44
07:37:18,"[266.0, 61]","[264.0, 232]","[407.76, 41]","[426.37, 38]",336.88,372,141.76,0.58
07:37:19,"[264.34, 116]","[263.63, 196]","[314.29, 42]","[315.58, 24]",289.32,378,49.94,0.65
07:37:20,"[264.0, 244]","[262.0, 96]","[311.19, 42]","[312.19, 42]",287.6,424,47.19,0.6
07:37:21,"[264.0, 195]","[262.0, 96]","[304.59, 44]","[305.67, 42]",284.3,377,40.59,0.54
07:37:22,"[264.0, 180]","[262.0, 90]","[297.74, 38]","[299.04, 46]",280.87,354,33.74,0.53
07:37:23,"[262.48, 105]","[260.39, 49]","[284.29, 28]","[285.82, 22]",273.38,204,21.81,0.51
07:37:24,"[264.0, 65]","[260.71, 99]","[280.47, 30]","[281.65, 40]",272.23,234,16.47,0.4
07:37:25,"[262.75, 67]","[260.84, 83]","[275.18, 44]","[277.0, 22]",268.96,216,12.44,0.39
07:37:26,"[262.0, 105]","[260.0, 102]","[272.25, 40]","[273.83, 36]",267.12,283,10.25,0.46
07:37:27,"[262.0, 84]","[260.0, 127]","[270.0, 48]","[272.0, 24]",266.0,283,8.0,0.49
07:37:28,"[262.0, 28]","[260.0, 40]","[269.0, 16]","[272.0, 8]",265.5,92,7.0,0.48
07:37:29,"[263.78, 79]","[262.78, 95]","[268.0, 22]","[269.69, 26]",265.89,222,4.22,0.57
07:37:30,"[265.0, 12]","[264.0, 228]","[267.74, 38]","[269.77, 31]",266.37,309,2.74,0.55
07:37:31,"[264.0, 304]","[262.3, 127]","[276.42, 24]","[300.14, 36]",270.21,491,12.41,0.76
07:37:32,"[264.0, 169]","[262.0, 78]","[420.0, 14]","[472.12, 17]",342.0,278,156.0,0.78
07:37:33,"[264.0, 128]","[262.0, 66]","[363.4, 15]","[387.41, 17]",313.7,226,99.4,0.72
07:37:34,"[264.0, 101]","[262.0, 78]","[343.15, 27]","[353.98, 43]",303.57,249,79.15,0.44
07:37:35,"[263.38, 58]","[261.77, 88]","[336.44, 18]","[337.89, 36]",299.91,200,73.07,0.46
07:37:36,"[264.0, 56]","[262.0, 84]","[333.57, 28]","[336.0, 14]",298.79,182,69.57,0.54
07:37:37,"[262.16, 49]","[260.94, 47]","[331.8, 20]","[336.0, 10]",296.98,126,69.64,0.52
07:37:38,"[266.0, 16]","[262.0, 40]","[329.12, 16]","[336.0, 8]",297.56,80,63.12,0.4
07:37:39,"[262.63, 38]","[261.32, 47]","[323.81, 21]","[334.33, 12]",293.22,118,61.18,0.44
07:37:40,"[262.0, 40]","[261.0, 40]","[317.44, 18]","[324.12, 17]",289.72,115,55.44,0.39
07:37:41,"[265.86, 35]","[261.82, 44]","[278.1, 20]","[279.08, 13]",271.98,112,12.24,0.41
07:37:42,"[267.0, 42]","[264.03, 111]","[274.54, 24]","[275.28, 18]",270.77,195,7.54,0.57
07:37:43,"[265.17, 139]","[263.88, 96]","[270.67, 18]","[271.43, 21]",267.92,274,5.49,0.72
07:37:44,"[265.0, 196]","[262.0, 56]","[269.25, 16]","[270.31, 26]",267.12,294,4.25,0.71
07:37:45,"[265.0, 168]","[262.0, 48]","[266.82, 17]","[267.68, 19]",265.91,252,1.82,0.71
07:37:46,"[265.0, 91]","[262.0, 44]","[266.08, 24]","[353.62, 37]",265.54,196,1.08,0.38
07:37:47,"[263.5, 24]","[261.57, 28]","[273.95, 19]","[298.25, 32]",268.72,103,10.45,0.01
07:37:48,"[264.67, 36]","[261.89, 36]","[285.11, 9]","[288.0, 45]",274.89,126,20.44,0.14
07:37:49,"[265.1, 20]","[262.6, 40]","[284.0, 10]","[322.53, 38]",274.55,108,18.9,0.11
07:37:50,"[262.35, 34]","[261.09, 88]","[282.08, 12]","[492.94, 48]",272.22,182,19.73,0.34
07:37:51,"[262.0, 27]","[261.0, 108]","[280.22, 9]","[469.15, 27]",271.11,171,18.22,0.58
07:37:52,"[262.0, 21]","[261.0, 84]","[278.0, 7]","[312.0, 14]",270.0,126,16.0,0.67
07:37:53,"[262.0, 16]","[261.0, 84]","[277.0, 7]","[312.0, 14]",269.5,121,15.0,0.65
07:37:54,"[261.27, 30]","[260.89, 108]","[277.0, 10]","[312.0, 20]",269.13,168,15.73,0.64
07:37:55,"[261.09, 151]","[260.53, 108]","[275.07, 14]","[531.43, 28]",268.08,301,13.98,0.72
07:37:56,"[263.0, 96]","[261.0, 195]","[272.0, 13]","[655.09, 44]",267.5,348,9.0,0.67
07:37:57,"[265.4, 179]","[262.25, 159]","[269.63, 27]","[376.42, 43]",267.51,408,4.23,0.66
07:37:58,"[266.0, 126]","[264.0, 20]","[267.68, 34]","[269.05, 42]",266.84,222,1.68,0.32
07:37:59,"[266.0, 102]","[264.0, 18]","[278.59, 29]","[447.84, 31]",272.29,180,12.59,0.33
07:38:00,"[266.0, 30]","[264.0, 8]","[309.0, 16]","[686.0, 20]",287.5,74,43.0,0.03
07:38:01,"[266.05, 38]","[264.67, 18]","[510.43, 28]","[687.0, 32]",388.24,116,244.38,-0.03
07:38:02,"[265.89, 19]","[263.67, 21]","[428.3, 27]","[552.36, 28]",347.1,95,162.4,-0.16
07:38:03,"[264.0, 8]","[263.0, 56]","[375.65, 34]","[496.82, 22]",319.82,120,111.65,0.07
07:38:04,"[264.41, 58]","[262.9, 41]","[419.43, 23]","[589.63, 54]",341.92,176,155.02,0.12
07:38:05,"[263.0, 70]","[262.0, 30]","[299.65, 23]","[311.65, 31]",281.33,154,36.65,0.3
07:38:06,"[263.71, 85]","[262.41, 51]","[285.46, 13]","[417.46, 65]",274.58,214,21.76,0.27
07:38:07,"[267.0, 40]","[263.0, 56]","[283.88, 8]","[628.86, 21]",275.44,125,16.88,0.54
07:38:08,"[264.26, 27]","[261.81, 53]","[283.0, 9]","[414.5, 40]",273.63,129,18.74,0.24
07:38:09,"[261.43, 14]","[261.29, 14]","[282.5, 4]","[377.0, 20]",271.96,52,21.07,0.08
07:38:10,"[263.78, 54]","[262.62, 40]","[281.88, 8]","[440.51, 37]",272.83,139,18.1,0.35
07:38:11,"[266.77, 52]","[263.71, 59]","[279.45, 11]","[703.9, 42]",273.11,164,12.69,0.35
07:38:12,"[261.54, 56]","[260.38, 48]","[278.5, 8]","[558.86, 28]",270.02,140,16.96,0.49
07:38:13,"[263.29, 68]","[260.7, 100]","[274.6, 25]","[276.0, 23]",268.95,216,11.31,0.56
07:38:14,"[267.0, 24]","[261.0, 84]","[271.69, 39]","[272.91, 23]",269.35,170,4.69,0.27
07:38:15,"[262.06, 68]","[260.51, 82]","[268.0, 16]","[269.6, 30]",265.03,196,5.94,0.53
07:38:16,"[265.0, 17]","[261.0, 56]","[268.8, 15]","[270.87, 30]",266.9,118,3.8,0.24
07:38:17,"[261.0, 36]","[260.0, 45]","[267.82, 22]","[270.62, 32]",264.41,135,6.82,0.2
07:38:18,"[261.5, 24]","[260.35, 23]","[266.0, 16]","[267.0, 32]",263.75,95,4.5,-0.01
07:38:19,"[261.9, 10]","[260.64, 14]","[264.13, 30]","[391.2, 30]",263.02,84,2.23,-0.43
07:38:20,"[261.0, 6]","[260.0, 30]","[398.43, 14]","[744.67, 24]",329.71,74,137.43,-0.03
07:38:21,"[255.92, 13]","[247.57, 35]","[540.33, 36]","[695.0, 28]",398.13,112,284.41,-0.14
07:38:22,"[185.5, 40]","[137.39, 57]","[714.13, 30]","[726.55, 29]",449.82,156,528.63,0.24
07:38:23,"[261.21, 19]","[222.91, 33]","[555.67, 36]","[674.9, 42]",408.44,130,294.46,-0.2
07:38:24,"[253.04, 48]","[251.95, 151]","[540.72, 39]","[577.1, 50]",396.88,288,287.68,0.38
07:38:25,"[253.74, 46]","[252.31, 116]","[292.81, 21]","[452.17, 24]",273.27,207,39.07,0.57
07:38:26,"[257.1, 10]","[255.9, 10]","[558.88, 41]","[638.9, 29]",407.99,90,301.78,-0.56
07:38:27,"[261.57, 90]","[261.68, 107]","[343.0, 28]","[575.0, 70]",302.28,295,81.43,0.34
07:38:28,"[265.0, 6]","[263.67, 96]","[344.0, 12]","[575.0, 30]",304.5,144,79.0,0.42
07:38:29,"[265.0, 9]","[264.0, 144]","[476.88, 24]","[575.77, 39]",370.94,216,211.88,0.42
07:38:30,"[265.5, 8]","[264.0, 128]","[550.94, 34]","[627.08, 24]",408.22,194,285.44,0.4
07:38:31,"[266.0, 10]","[264.0, 160]","[509.78, 36]","[557.81, 42]",387.89,248,243.78,0.37
07:38:32,"[264.06, 99]","[263.18, 66]","[275.41, 34]","[364.0, 29]",269.74,228,11.35,0.45
07:38:33,"[264.01, 188]","[261.8, 49]","[275.62, 65]","[386.13, 47]",269.81,349,11.6,0.36
07:38:34,"[265.0, 24]","[264.0, 213]","[274.92, 60]","[457.79, 38]",269.96,335,9.92,0.41
07:38:35,"[265.0, 18]","[264.0, 288]","[273.22, 41]","[363.1, 40]",269.11,387,8.22,0.58
07:38:36,"[265.0, 16]","[264.0, 217]","[272.0, 32]","[274.0, 40]",268.5,305,7.0,0.53
07:38:37,"[264.01, 167]","[263.21, 68]","[270.56, 52]","[289.02, 46]",267.28,333,6.55,0.41
07:38:38,"[264.0, 162]","[263.0, 18]","[522.18, 22]","[563.77, 31]",393.09,233,258.18,0.55
07:38:39,"[264.0, 236]","[263.0, 28]","[467.31, 35]","[505.83, 48]",365.66,347,203.31,0.52
07:38:40,"[264.83, 144]","[263.85, 82]","[284.56, 43]","[296.92, 36]",274.7,305,19.72,0.48
07:38:41,"[266.0, 167]","[264.0, 224]","[279.16, 51]","[280.77, 66]",272.58,508,13.16,0.54
07:38:42,"[266.0, 88]","[264.0, 112]","[275.14, 28]","[276.35, 31]",270.57,259,9.14,0.54
07:38:43,"[266.0, 154]","[264.0, 196]","[270.71, 38]","[272.1, 42]",268.36,430,4.71,0.63
07:38:44,"[266.0, 126]","[264.0, 224]","[268.81, 62]","[269.83, 46]",267.4,458,2.81,0.53
07:38:45,"[264.01, 169]","[263.37, 38]","[266.11, 45]","[268.76, 42]",265.06,294,2.1,0.41
07:38:46,"[264.0, 182]","[263.0, 38]","[265.45, 66]","[287.21, 53]",264.73,339,1.45,0.3
07:38:47,"[264.7, 64]","[263.8, 75]","[269.03, 29]","[367.57, 42]",266.87,210,4.33,0.32
07:38:48,"[264.0, 54]","[263.0, 18]","[268.0, 18]","[369.17, 24]",266.0,114,4.0,0.26
07:38:49,"[264.0, 54]","[263.0, 18]","[267.43, 14]","[278.8, 20]",265.71,106,3.43,0.36
07:38:50,"[264.0, 35]","[263.0, 21]","[265.95, 20]","[326.8, 25]",264.98,101,1.95,0.11
07:38:51,"[263.74, 23]","[261.79, 53]","[343.9, 29]","[565.44, 36]",303.82,141,80.16,0.08
07:38:52,"[261.25, 64]","[259.55, 55]","[616.0, 20]","[635.0, 20]",438.62,159,354.75,0.5
07:38:53,"[265.0, 24]","[261.0, 90]","[391.22, 18]","[507.67, 18]",328.11,150,126.22,0.52
07:38:54,"[265.0, 20]","[261.86, 63]","[343.29, 14]","[405.73, 11]",304.14,108,78.29,0.54
07:38:55,"[265.0, 44]","[264.0, 101]","[329.41, 17]","[337.09, 35]",297.21,197,64.41,0.47
07:38:56,"[264.61, 46]","[263.14, 98]","[331.67, 9]","[374.58, 24]",298.14,177,67.06,0.63
07:38:57,"[264.0, 81]","[261.01, 105]","[330.78, 9]","[423.0, 18]",297.39,213,66.78,0.75
07:38:58,"[264.0, 67]","[262.0, 13]","[329.23, 13]","[500.33, 30]",296.62,123,65.23,0.3
07:38:59,"[263.94, 31]","[261.38, 21]","[328.0, 9]","[551.56, 36]",295.97,97,64.06,0.07
07:39:00,"[261.5, 32]","[260.93, 136]","[304.68, 28]","[358.67, 27]",283.09,223,43.18,0.51
07:39:01,"[265.0, 13]","[261.0, 143]","[292.09, 33]","[301.03, 33]",278.55,222,27.09,0.41
07:39:02,"[265.0, 14]","[260.89, 136]","[284.22, 32]","[285.25, 32]",274.61,214,19.22,0.4
07:39:03,"[265.0, 14]","[260.91, 64]","[277.88, 33]","[279.07, 41]",271.44,152,12.88,0.03
07:39:04,"[262.46, 26]","[261.3, 57]","[272.6, 30]","[274.16, 38]",267.53,151,10.14,0.1
07:39:05,"[261.0, 36]","[260.0, 45]","[265.57, 14]","[266.75, 12]",263.29,107,4.57,0.51
07:39:06,"[261.0, 56]","[260.0, 70]","[264.38, 16]","[266.03, 36]",262.69,178,3.38,0.42
07:39:07,"[260.75, 48]","[259.58, 114]","[262.1, 30]","[264.0, 18]",261.43,210,1.35,0.54
07:39:08,"[260.0, 17]","[259.0, 160]","[262.2, 15]","[436.02, 45]",261.1,237,2.2,0.49
07:39:09,"[260.0, 6]","[259.0, 96]","[262.67, 6]","[540.5, 24]",261.33,132,2.67,0.55
07:39:10,"[259.0, 140]","[153.0, 21]","[262.0, 17]","[536.0, 28]",260.5,206,3.0,0.56
07:39:11,"[259.0, 160]","[136.32, 19]","[262.0, 24]","[360.91, 22]",260.5,225,3.0,0.59
07:39:12,"[259.13, 231]","[243.84, 114]","[274.87, 46]","[400.61, 46]",267.0,437,15.74,0.58
07:39:13,"[260.0, 105]","[259.0, 180]","[361.2, 71]","[437.29, 34]",310.6,390,101.2,0.46
07:39:14,"[260.0, 42]","[259.0, 84]","[376.57, 35]","[447.0, 20]",318.29,181,116.57,0.39
07:39:15,"[261.0, 42]","[259.33, 108]","[317.14, 28]","[330.16, 44]",289.07,222,56.14,0.35
07:39:16,"[260.48, 58]","[259.18, 132]","[269.91, 33]","[324.19, 37]",265.2,260,9.43,0.46
07:39:17,"[260.04, 27]","[259.05, 76]","[269.0, 21]","[326.4, 25]",264.52,149,8.96,0.38
07:39:18,"[261.17, 12]","[260.0, 48]","[267.67, 36]","[307.45, 44]",264.42,140,6.5,-0.14
07:39:19,"[259.6, 50]","[258.53, 120]","[266.43, 42]","[538.28, 53]",263.01,265,6.83,0.28
07:39:20,"[259.0, 48]","[233.11, 37]","[265.0, 24]","[431.12, 16]",262.0,125,6.0,0.36
07:39:21,"[259.0, 54]","[258.0, 36]","[263.76, 21]","[432.78, 18]",261.38,129,4.76,0.4
07:39:22,"[259.0, 18]","[258.0, 23]","[260.0, 10]","[481.11, 19]",259.5,70,1.0,0.17
07:39:23,"[261.22, 9]","[258.7, 23]","[399.66, 29]","[422.0, 10]",330.44,71,138.43,-0.1
07:39:24,"[267.0, 2]","[263.5, 6]","[422.0, 10]","[0, 0]",344.5,18,155.0,-0.11
07:39:25,"[267.0, 6]","[264.12, 17]","[370.46, 28]","[441.69, 13]",318.73,64,103.46,-0.28
07:39:26,"[267.0, 8]","[264.18, 22]","[277.19, 26]","[289.29, 38]",272.1,94,10.19,-0.36
07:39:27,"[265.12, 17]","[263.72, 29]","[276.45, 33]","[473.42, 31]",270.79,110,11.34,-0.16
07:39:28,"[265.45, 22]","[262.92, 37]","[275.6, 30]","[586.2, 20]",270.53,109,10.15,0.08
07:39:29,"[265.43, 28]","[263.84, 76]","[273.3, 40]","[280.9, 29]",269.36,173,7.87,0.2
07:39:30,"[264.0, 112]","[263.0, 52]","[273.0, 56]","[274.0, 42]",268.5,262,9.0,0.25
07:39:31,"[264.0, 104]","[263.0, 129]","[270.53, 43]","[271.67, 48]",267.27,324,6.53,0.44
07:39:32,"[264.0, 70]","[263.0, 162]","[268.11, 27]","[271.0, 36]",266.06,295,4.11,0.57
07:39:33,"[264.0, 60]","[263.0, 252]","[265.59, 54]","[267.73, 44]",264.8,410,1.59,0.52
07:39:34,"[263.0, 119]","[260.0, 32]","[266.75, 24]","[522.12, 16]",264.88,191,3.75,0.58
07:39:35,"[263.0, 104]","[260.0, 32]","[266.0, 24]","[556.0, 16]",264.5,176,3.0,0.55
07:39:36,"[263.12, 169]","[261.83, 103]","[265.42, 55]","[411.5, 36]",264.27,363,2.29,0.5
07:39:37,"[263.0, 35]","[261.0, 32]","[264.5, 24]","[386.25, 16]",263.75,107,1.5,0.25
07:39:38,"[264.43, 21]","[261.4, 25]","[302.57, 21]","[590.52, 44]",283.5,111,38.14,-0.17
07:39:39,"[260.55, 22]","[259.19, 21]","[309.0, 12]","[778.0, 30]",284.77,85,48.45,0.01
07:39:40,"[265.0, 12]","[260.0, 48]","[565.94, 54]","[696.62, 32]",415.47,146,300.94,-0.18
07:39:41,"[265.0, 5]","[260.0, 41]","[508.69, 13]","[615.0, 20]",386.85,79,243.69,0.16
07:39:42,"[260.79, 57]","[259.79, 114]","[348.58, 38]","[392.2, 50]",304.68,259,87.79,0.32
07:39:43,"[260.0, 84]","[259.0, 28]","[338.71, 31]","[404.35, 23]",299.35,166,78.71,0.35
07:39:44,"[260.0, 108]","[259.0, 40]","[365.88, 34]","[601.12, 40]",312.94,222,105.88,0.33
07:39:45,"[260.0, 35]","[259.0, 20]","[299.71, 17]","[417.94, 17]",279.85,89,39.71,0.24
07:39:46,"[260.0, 19]","[259.0, 24]","[270.0, 18]","[343.18, 22]",265.0,83,10.0,0.04
07:39:47,"[259.84, 19]","[257.13, 30]","[270.0, 15]","[332.6, 25]",264.92,89,10.16,0.1
07:39:48,"[255.41, 164]","[227.4, 50]","[285.38, 39]","[363.67, 55]",270.4,308,29.97,0.39
07:39:49,"[263.0, 49]","[255.0, 98]","[445.86, 21]","[535.55, 33]",354.43,201,182.86,0.46
07:39:50,"[263.0, 66]","[255.71, 85]","[436.8, 30]","[582.5, 32]",349.9,213,173.8,0.42
07:39:51,"[265.0, 21]","[262.16, 19]","[364.0, 27]","[447.78, 27]",314.5,94,99.0,-0.15
07:39:52,"[261.75, 24]","[255.69, 64]","[486.12, 24]","[602.62, 24]",373.94,136,224.38,0.29
07:39:53,"[259.0, 24]","[255.0, 112]","[379.0, 24]","[629.38, 24]",319.0,184,120.0,0.48
07:39:54,"[259.87, 15]","[256.96, 55]","[352.26, 31]","[495.16, 19]",306.06,120,92.39,0.17
07:39:55,"[261.0, 2]","[259.0, 6]","[377.5, 2]","[379.0, 6]",319.25,16,116.5,0.0
07:39:56,"[261.0, 12]","[259.0, 36]","[332.29, 24]","[377.52, 42]",296.65,114,71.29,-0.16
07:39:57,"[260.57, 14]","[257.81, 47]","[264.29, 34]","[333.84, 56]",262.43,151,3.72,-0.19
07:39:58,"[259.0, 36]","[244.9, 105]","[260.06, 52]","[262.0, 20]",259.53,213,1.06,0.32
07:39:59,"[255.0, 26]","[182.14, 63]","[260.0, 18]","[262.29, 17]",257.5,124,5.0,0.44
07:40:00,"[255.0, 34]","[229.0, 43]","[258.41, 17]","[263.31, 29]",256.71,123,3.41,0.25
07:40:01,"[241.46, 24]","[204.78, 27]","[255.8, 15]","[263.5, 20]",248.63,86,14.34,0.19
07:40:02,"[235.36, 25]","[234.14, 43]","[251.0, 48]","[257.82, 34]",243.18,150,15.64,-0.09
07:40:03,"[240.71, 14]","[239.23, 13]","[251.0, 36]","[254.3, 30]",245.86,93,10.29,-0.42
07:40:04,"[247.83, 23]","[244.0, 21]","[251.0, 13]","[254.0, 33]",249.41,90,3.17,-0.02
07:40:05,"[249.77, 13]","[247.06, 31]","[251.91, 11]","[253.94, 31]",250.84,86,2.14,0.02
07:40:06,"[251.65, 17]","[248.5, 20]","[253.9, 20]","[255.88, 25]",252.77,82,2.25,-0.1
07:40:07,"[248.89, 27]","[229.17, 42]","[257.86, 37]","[258.44, 36]",253.38,142,8.98,-0.03
07:40:08,"[93.76, 34]","[51.11, 36]","[263.45, 47]","[318.59, 32]",178.61,149,169.68,-0.06
07:40:09,"[150.61, 31]","[79.83, 29]","[258.0, 33]","[259.0, 22]",204.31,115,107.39,0.04
07:40:10,"[218.22, 18]","[110.89, 27]","[261.8, 20]","[289.64, 25]",240.01,90,43.58,0.0
07:40:11,"[115.47, 17]","[71.43, 14]","[605.53, 15]","[754.33, 9]",360.5,55,490.06,0.13
07:40:12,"[195.0, 24]","[118.5, 20]","[603.5, 16]","[671.32, 19]",399.25,79,408.5,0.11
07:40:13,"[265.0, 40]","[188.7, 30]","[412.11, 18]","[654.29, 34]",338.56,122,147.11,0.15
07:40:14,"[204.0, 51]","[98.1, 30]","[314.64, 22]","[572.38, 16]",259.32,119,110.64,0.36
07:40:15,"[260.33, 85]","[200.63, 41]","[363.61, 36]","[449.52, 29]",311.97,191,103.28,0.32
07:40:16,"[260.0, 59]","[145.6, 43]","[329.17, 23]","[369.12, 16]",294.59,141,69.17,0.45
07:40:17,"[260.0, 42]","[223.0, 18]","[312.95, 20]","[317.8, 20]",286.48,100,52.95,0.2
07:40:18,"[260.0, 49]","[214.43, 21]","[310.71, 21]","[316.27, 22]",285.36,113,50.71,0.24
07:40:19,"[263.68, 159]","[251.29, 79]","[309.0, 45]","[339.12, 17]",286.34,300,45.32,0.59
07:40:20,"[265.0, 91]","[260.0, 49]","[308.0, 21]","[309.0, 21]",286.5,182,43.0,0.54
07:40:21,"[265.0, 138]","[260.0, 98]","[306.14, 42]","[307.14, 42]",285.57,320,41.14,0.47
07:40:22,"[265.0, 117]","[260.0, 91]","[304.0, 39]","[305.0, 39]",284.5,286,39.0,0.45
07:40:23,"[265.17, 59]","[262.59, 87]","[302.18, 33]","[304.45, 33]",283.68,212,37.01,0.38
07:40:24,"[265.11, 70]","[263.82, 89]","[296.94, 17]","[300.71, 21]",281.03,197,31.83,0.61
07:40:25,"[265.0, 220]","[260.0, 70]","[272.4, 30]","[281.71, 28]",268.7,348,7.4,0.67
07:40:26,"[265.0, 330]","[259.14, 49]","[267.39, 33]","[269.7, 43]",266.2,455,2.39,0.67
07:40:27,"[265.0, 236]","[259.0, 33]","[266.36, 33]","[268.07, 29]",265.68,331,1.36,0.63
07:40:28,"[265.0, 209]","[260.64, 33]","[268.0, 33]","[269.0, 11]",266.5,286,3.0,0.69
07:40:29,"[266.0, 18]","[265.0, 228]","[267.92, 36]","[269.0, 12]",266.96,294,1.92,0.67
07:40:30,"[266.0, 8]","[265.0, 152]","[267.0, 24]","[269.0, 8]",266.5,192,1.0,0.67
07:40:31,"[265.08, 83]","[264.97, 137]","[267.0, 33]","[286.39, 23]",266.04,276,1.92,0.59
07:40:32,"[265.0, 166]","[264.0, 11]","[266.82, 33]","[312.36, 44]",265.91,254,1.82,0.39
07:40:33,"[265.0, 105]","[264.0, 9]","[283.62, 26]","[511.36, 28]",274.31,168,18.62,0.36
07:40:34,"[265.0, 90]","[264.0, 10]","[442.76, 34]","[535.43, 28]",353.88,162,177.76,0.23
07:40:35,"[265.0, 88]","[264.0, 8]","[479.0, 40]","[526.2, 20]",372.0,156,214.0,0.23
07:40:36,"[265.0, 120]","[264.0, 12]","[487.24, 51]","[569.37, 38]",376.12,221,222.24,0.19
07:40:37,"[265.8, 101]","[264.98, 92]","[320.79, 38]","[420.26, 47]",293.3,278,54.99,0.39
07:40:38,"[266.0, 21]","[265.0, 70]","[375.09, 22]","[459.91, 23]",320.55,136,109.09,0.34
07:40:39,"[265.08, 52]","[264.87, 46]","[372.15, 34]","[402.52, 31]",318.61,163,107.07,0.2
07:40:40,"[265.0, 76]","[264.0, 12]","[342.65, 43]","[347.41, 34]",303.83,165,77.65,0.07
07:40:41,"[265.0, 72]","[264.0, 12]","[312.75, 44]","[314.9, 40]",288.88,168,47.75,0.0
07:40:42,"[265.0, 72]","[264.0, 12]","[304.98, 40]","[306.69, 32]",284.99,156,39.98,0.08
07:40:43,"[265.0, 49]","[264.0, 9]","[302.0, 43]","[303.1, 29]",283.5,130,37.0,-0.11
07:40:44,"[265.0, 14]","[264.0, 14]","[300.58, 60]","[301.4, 52]",282.79,140,35.58,-0.6
07:40:45,"[261.35, 68]","[260.62, 77]","[298.77, 47]","[299.51, 35]",280.06,227,37.41,0.28
07:40:46,"[262.14, 43]","[261.0, 130]","[293.0, 37]","[294.64, 28]",277.57,238,30.86,0.45
07:40:47,"[263.92, 39]","[261.22, 90]","[290.6, 45]","[291.4, 53]",277.26,227,26.68,0.14
07:40:48,"[265.75, 24]","[263.56, 27]","[285.86, 43]","[287.36, 39]",275.81,133,20.11,-0.23
07:40:49,"[266.0, 26]","[263.0, 26]","[274.36, 42]","[275.72, 47]",270.18,141,8.36,-0.26
07:40:50,"[263.0, 24]","[261.18, 66]","[270.6, 30]","[271.48, 33]",266.8,153,7.6,0.18
07:40:51,"[262.0, 35]","[261.0, 130]","[265.91, 32]","[269.73, 52]",263.95,249,3.91,0.33
07:40:52,"[261.12, 52]","[260.33, 63]","[262.78, 18]","[265.0, 27]",261.95,160,1.66,0.44
07:40:53,"[261.0, 45]","[260.0, 63]","[262.0, 18]","[399.22, 27]",261.5,153,1.0,0.41
07:40:54,"[262.89, 37]","[259.85, 66]","[402.97, 31]","[623.35, 37]",332.93,171,140.08,0.2
07:40:55,"[265.0, 15]","[260.89, 27]","[654.32, 19]","[704.25, 16]",459.66,77,389.32,0.09
07:40:56,"[265.0, 26]","[264.0, 24]","[664.89, 27]","[701.17, 29]",464.94,106,399.89,-0.06
07:40:57,"[266.75, 40]","[264.92, 38]","[323.55, 29]","[514.56, 27]",295.15,134,56.8,0.16
07:40:58,"[267.0, 23]","[265.0, 35]","[367.0, 21]","[584.62, 26]",317.0,105,100.0,0.1
07:40:59,"[267.0, 21]","[265.0, 35]","[528.5, 24]","[690.16, 25]",397.75,105,261.5,0.07
07:41:00,"[267.0, 27]","[265.0, 45]","[581.17, 29]","[607.59, 32]",424.09,133,314.17,0.08
07:41:01,"[267.0, 30]","[265.0, 50]","[459.5, 30]","[468.0, 35]",363.25,145,192.5,0.1
07:41:02,"[265.22, 54]","[264.22, 46]","[412.21, 48]","[420.49, 55]",338.72,203,146.99,-0.01
07:41:03,"[265.0, 28]","[264.0, 21]","[352.31, 29]","[353.56, 27]",308.66,105,87.31,-0.07
07:41:04,"[265.0, 48]","[264.0, 36]","[349.82, 57]","[350.88, 48]",307.41,189,84.82,-0.11
07:41:05,"[264.64, 33]","[263.0, 72]","[345.33, 63]","[347.41, 64]",304.98,232,80.7,-0.09
07:41:06,"[264.0, 57]","[262.0, 90]","[343.42, 38]","[344.56, 43]",303.71,228,79.42,0.29
07:41:07,"[264.0, 102]","[262.0, 153]","[329.79, 70]","[330.21, 67]",296.89,392,65.79,0.3
07:41:08,"[264.0, 56]","[262.0, 108]","[311.87, 46]","[312.79, 38]",287.93,248,47.87,0.32
07:41:09,"[264.69, 26]","[263.14, 42]","[307.35, 37]","[308.3, 33]",286.02,138,42.66,-0.01
07:41:10,"[264.35, 34]","[262.36, 88]","[288.89, 45]","[296.08, 52]",276.62,219,24.54,0.11
07:41:11,"[264.0, 15]","[262.47, 85]","[280.0, 51]","[281.0, 54]",272.0,205,16.0,-0.02
07:41:12,"[263.2, 40]","[262.31, 104]","[276.62, 40]","[278.74, 42]",269.91,226,13.43,0.27
07:41:13,"[263.0, 60]","[262.0, 210]","[274.46, 46]","[275.16, 45]",268.73,361,11.46,0.5
07:41:14,"[263.0, 72]","[262.0, 252]","[268.09, 55]","[268.9, 52]",265.55,431,5.09,0.5
07:41:15,"[262.23, 106]","[261.2, 140]","[263.92, 39]","[272.45, 47]",263.07,332,1.7,0.48
07:41:16,"[262.0, 72]","[260.0, 64]","[263.62, 24]","[366.57, 37]",262.81,197,1.62,0.38
07:41:17,"[261.35, 31]","[259.94, 68]","[306.23, 39]","[344.83, 29]",283.79,167,44.88,0.19
07:41:18,"[265.14, 35]","[260.08, 50]","[318.0, 55]","[365.91, 22]",291.57,162,52.86,0.05
07:41:19,"[266.0, 7]","[262.0, 21]","[303.06, 32]","[342.71, 14]",284.53,74,37.06,-0.24
07:41:20,"[266.0, 15]","[260.81, 59]","[283.47, 45]","[296.88, 40]",274.73,159,17.47,-0.07
07:41:21,"[266.0, 9]","[260.31, 51]","[279.21, 19]","[281.41, 17]",272.61,96,13.21,0.25
07:41:22,"[266.0, 15]","[262.41, 99]","[277.91, 35]","[279.0, 25]",271.96,174,11.91,0.31
07:41:23,"[262.61, 23]","[261.13, 79]","[274.4, 15]","[275.69, 13]",268.5,130,11.79,0.57
07:41:24,"[261.0, 63]","[260.0, 45]","[270.85, 13]","[271.57, 21]",265.92,142,9.85,0.52
07:41:25,"[260.9, 105]","[259.93, 59]","[267.79, 19]","[268.64, 33]",264.35,216,6.88,0.52
07:41:26,"[261.0, 156]","[260.0, 65]","[265.85, 13]","[267.44, 27]",263.42,261,4.85,0.69
07:41:27,"[261.0, 175]","[260.0, 75]","[262.2, 15]","[266.0, 25]",261.6,290,1.2,0.72
07:41:28,"[262.14, 44]","[261.72, 39]","[292.4, 15]","[358.22, 37]",277.27,135,30.26,0.23
07:41:29,"[266.0, 18]","[265.0, 27]","[603.33, 18]","[616.33, 21]",434.67,84,337.33,0.07
07:41:30,"[265.44, 9]","[261.59, 41]","[398.04, 26]","[628.83, 23]",331.74,99,132.59,0.01
07:41:31,"[260.18, 49]","[259.48, 31]","[326.96, 52]","[461.56, 25]",293.57,157,66.78,0.02
07:41:32,"[261.69, 26]","[260.6, 50]","[323.32, 44]","[324.54, 26]",292.51,146,61.63,0.04
07:41:33,"[262.12, 8]","[259.72, 36]","[322.25, 40]","[324.0, 16]",292.19,100,60.12,-0.12
07:41:34,"[262.0, 14]","[260.0, 56]","[317.42, 55]","[321.67, 43]",289.71,168,55.42,-0.17
07:41:35,"[262.93, 15]","[260.16, 38]","[304.58, 53]","[314.32, 25]",283.76,131,41.65,-0.19
07:41:36,"[263.35, 17]","[260.06, 101]","[301.66, 59]","[314.31, 32]",282.51,209,38.31,0.13
07:41:37,"[261.76, 34]","[259.94, 70]","[279.38, 32]","[303.68, 41]",270.57,177,17.61,0.18
07:41:38,"[260.82, 56]","[259.78, 54]","[302.83, 48]","[310.11, 36]",281.83,194,42.01,0.13
07:41:39,"[262.46, 13]","[259.97, 58]","[302.53, 30]","[306.88, 33]",282.5,134,40.07,0.06
07:41:40,"[260.0, 45]","[259.0, 18]","[282.12, 24]","[293.5, 42]",271.06,129,22.12,-0.02
07:41:41,"[259.8, 51]","[258.34, 53]","[261.27, 44]","[265.18, 39]",260.54,187,1.47,0.11
07:41:42,"[258.14, 49]","[218.7, 57]","[260.73, 22]","[296.46, 13]",259.44,141,2.58,0.5
07:41:43,"[258.02, 61]","[216.64, 47]","[260.0, 26]","[350.06, 33]",259.01,167,1.98,0.29
07:41:44,"[259.06, 106]","[239.22, 54]","[261.06, 34]","[286.85, 68]",260.06,262,2.0,0.22
07:41:45,"[260.0, 63]","[258.0, 35]","[385.74, 27]","[455.22, 27]",322.87,152,125.74,0.29
07:41:46,"[260.0, 45]","[258.0, 25]","[302.12, 17]","[398.38, 13]",281.06,100,42.12,0.4
07:41:47,"[260.0, 54]","[258.0, 30]","[301.67, 30]","[414.05, 20]",280.83,134,41.67,0.25
07:41:48,"[260.0, 62]","[258.0, 65]","[298.92, 65]","[432.33, 43]",279.46,235,38.92,0.08
07:41:49,"[260.4, 30]","[258.89, 54]","[293.42, 60]","[308.39, 54]",276.91,198,33.02,-0.15
07:41:50,"[263.94, 31]","[261.43, 14]","[292.0, 55]","[360.24, 49]",277.97,149,28.06,-0.4
07:41:51,"[262.0, 12]","[260.0, 96]","[291.33, 60]","[480.04, 56]",276.67,224,29.33,-0.04
07:41:52,"[262.0, 14]","[260.0, 112]","[290.61, 66]","[374.44, 55]",276.3,247,28.61,0.02
07:41:53,"[262.0, 11]","[260.0, 88]","[285.63, 49]","[288.26, 47]",273.82,195,23.63,0.02
07:41:54,"[260.34, 124]","[259.76, 98]","[268.88, 66]","[270.63, 70]",264.61,358,8.54,0.24
07:41:55,"[264.97, 107]","[261.47, 57]","[267.1, 52]","[268.83, 48]",266.03,264,2.12,0.24
07:41:56,"[265.0, 141]","[264.0, 13]","[266.31, 52]","[267.31, 52]",265.65,258,1.31,0.19
07:41:57,"[265.0, 106]","[264.0, 13]","[266.0, 52]","[356.83, 46]",265.5,217,1.0,0.1
07:41:58,"[265.0, 42]","[264.0, 7]","[266.0, 28]","[485.0, 18]",265.5,95,1.0,0.03
07:41:59,"[265.0, 27]","[264.0, 6]","[266.0, 24]","[433.0, 30]",265.5,87,1.0,-0.24
07:42:00,"[262.45, 75]","[259.33, 66]","[431.77, 30]","[490.4, 52]",347.11,223,169.31,0.26
07:42:01,"[265.0, 19]","[260.0, 27]","[370.67, 9]","[432.31, 29]",317.83,84,105.67,0.1
07:42:02,"[262.82, 17]","[260.09, 44]","[424.72, 29]","[432.59, 69]",343.77,159,161.9,-0.23
07:42:03,"[259.5, 12]","[258.58, 38]","[422.97, 33]","[425.0, 12]",341.23,95,163.47,0.05
07:42:04,"[259.0, 22]","[257.73, 33]","[421.33, 15]","[423.0, 60]",340.17,130,162.33,-0.15
07:42:05,"[254.64, 14]","[201.35, 23]","[420.0, 8]","[423.0, 32]",337.32,77,165.36,-0.04
07:42:06,"[254.0, 20]","[171.0, 31]","[419.18, 22]","[448.0, 10]",336.59,83,165.18,0.23
07:42:07,"[254.0, 23]","[211.0, 28]","[415.24, 38]","[417.03, 34]",334.62,123,161.24,-0.17
07:42:08,"[254.0, 11]","[211.0, 22]","[288.63, 27]","[377.77, 48]",271.31,108,34.63,-0.39
07:42:09,"[254.0, 9]","[238.5, 24]","[255.46, 39]","[321.17, 24]",254.73,96,1.46,-0.31
07:42:10,"[245.27, 11]","[237.33, 18]","[254.86, 35]","[256.0, 21]",250.06,85,9.58,-0.32
07:42:11,"[239.0, 15]","[206.0, 10]","[254.0, 21]","[256.0, 15]",246.5,61,15.0,-0.18
07:42:12,"[128.0, 18]","[87.24, 37]","[301.03, 29]","[314.34, 29]",214.52,113,173.03,-0.03
07:42:13,"[164.22, 23]","[36.0, 16]","[317.14, 28]","[511.14, 28]",240.68,95,152.93,-0.18
07:42:14,"[264.41, 17]","[242.15, 39]","[316.44, 36]","[447.2, 30]",290.43,122,52.03,-0.08
07:42:15,"[265.36, 14]","[264.1, 50]","[314.43, 56]","[459.85, 52]",289.89,172,49.07,-0.26
07:42:16,"[266.0, 9]","[265.0, 9]","[313.89, 36]","[412.42, 33]",289.94,87,47.89,-0.59
07:42:17,"[266.0, 11]","[265.0, 11]","[311.78, 37]","[339.28, 43]",288.89,102,45.78,-0.57
07:42:18,"[266.0, 9]","[265.0, 9]","[307.89, 36]","[310.72, 29]",286.94,83,41.89,-0.57
07:42:19,"[266.0, 12]","[265.0, 12]","[308.14, 42]","[309.29, 42]",287.07,108,42.14,-0.56
07:42:20,"[265.75, 8]","[264.27, 22]","[305.5, 32]","[307.0, 24]",285.62,86,39.75,-0.3
07:42:21,"[265.0, 13]","[264.0, 104]","[304.0, 39]","[305.0, 52]",284.5,208,39.0,0.12
07:42:22,"[265.21, 29]","[264.08, 78]","[303.53, 34]","[304.56, 43]",284.37,184,38.32,0.16
07:42:23,"[265.0, 33]","[264.0, 88]","[289.91, 33]","[302.05, 38]",277.45,192,24.91,0.26
07:42:24,"[265.09, 35]","[264.09, 105]","[277.37, 57]","[278.5, 48]",271.23,245,12.28,0.14
07:42:25,"[264.02, 105]","[263.13, 126]","[275.12, 50]","[276.83, 41]",269.57,322,11.1,0.43
07:42:26,"[264.0, 123]","[263.0, 120]","[270.74, 43]","[272.0, 41]",267.37,327,6.74,0.49
07:42:27,"[264.0, 70]","[263.0, 140]","[265.47, 55]","[266.49, 53]",264.74,318,1.47,0.32
07:42:28,"[263.17, 72]","[262.56, 108]","[265.25, 48]","[283.67, 36]",264.21,264,2.08,0.36
07:42:29,"[263.0, 114]","[262.0, 96]","[264.17, 48]","[306.51, 43]",263.58,301,1.17,0.4
07:42:30,"[263.0, 46]","[262.0, 80]","[268.24, 34]","[427.36, 28]",265.62,188,5.24,0.34
07:42:31,"[263.22, 27]","[262.1, 62]","[272.0, 27]","[407.2, 30]",267.61,146,8.78,0.22
07:42:32,"[264.0, 24]","[263.0, 24]","[272.0, 24]","[344.4, 20]",268.0,92,8.0,0.04
07:42:33,"[265.0, 49]","[264.0, 30]","[289.09, 22]","[405.71, 28]",277.05,129,24.09,0.22
07:42:34,"[264.0, 30]","[263.0, 30]","[284.5, 38]","[550.06, 18]",274.25,116,20.5,0.03
07:42:35,"[264.0, 12]","[263.0, 30]","[276.63, 41]","[353.21, 29]",270.32,112,12.63,-0.25
07:42:36,"[262.35, 34]","[261.17, 46]","[345.22, 46]","[484.13, 23]",303.79,149,82.86,0.07
07:42:37,"[262.0, 63]","[260.0, 63]","[394.75, 20]","[524.88, 16]",328.38,162,132.75,0.56
07:42:38,"[262.0, 68]","[260.0, 70]","[503.86, 22]","[611.47, 32]",382.93,192,241.86,0.44
07:42:39,"[264.0, 30]","[262.0, 60]","[510.83, 46]","[609.5, 14]",387.41,150,246.83,0.2
07:42:40,"[262.13, 45]","[260.22, 55]","[515.36, 28]","[540.75, 20]",388.75,148,253.22,0.35
07:42:41,"[261.44, 25]","[259.81, 78]","[420.72, 32]","[461.0, 40]",341.08,175,159.28,0.18
07:42:42,"[260.96, 27]","[259.75, 121]","[392.15, 39]","[457.21, 43]",326.56,230,131.19,0.29
07:42:43,"[259.43, 63]","[259.46, 87]","[368.29, 38]","[374.31, 35]",313.86,223,108.86,0.35
07:42:44,"[259.0, 104]","[258.0, 32]","[306.0, 24]","[309.0, 16]",282.5,176,47.0,0.55
07:42:45,"[263.0, 30]","[259.0, 130]","[280.62, 24]","[289.65, 26]",271.81,210,17.62,0.52
07:42:46,"[263.44, 27]","[259.25, 97]","[271.11, 27]","[272.11, 27]",267.28,178,7.67,0.39
07:42:47,"[260.29, 28]","[258.25, 155]","[268.92, 36]","[271.0, 36]",264.6,255,8.63,0.44
07:42:48,"[258.84, 77]","[257.85, 120]","[266.58, 36]","[268.58, 36]",262.71,269,7.74,0.46
07:42:49,"[258.31, 144]","[256.71, 79]","[263.82, 51]","[279.82, 67]",261.07,341,5.51,0.31
07:42:50,"[258.0, 190]","[243.8, 50]","[261.32, 25]","[266.93, 28]",259.66,293,3.32,0.64
07:42:51,"[258.0, 282]","[254.74, 137]","[259.0, 44]","[260.57, 28]",258.5,491,1.0,0.71
07:42:52,"[258.0, 110]","[255.0, 66]","[259.0, 14]","[262.0, 12]",258.5,202,1.0,0.74
07:42:53,"[263.12, 50]","[259.26, 107]","[311.22, 45]","[379.11, 45]",287.17,247,48.1,0.27
07:42:54,"[265.16, 50]","[261.5, 40]","[400.15, 33]","[609.95, 21]",332.66,144,134.99,0.25
07:42:55,"[265.0, 76]","[260.0, 44]","[384.73, 11]","[583.82, 55]",324.86,186,119.73,0.29
07:42:56,"[265.0, 144]","[260.0, 36]","[343.4, 15]","[528.55, 33]",304.2,228,78.4,0.58
07:42:57,"[265.0, 160]","[263.27, 22]","[342.2, 30]","[617.95, 38]",303.6,250,77.2,0.46
07:42:58,"[265.0, 131]","[264.0, 22]","[341.27, 33]","[430.64, 55]",303.14,241,76.27,0.27
07:42:59,"[265.0, 110]","[264.0, 20]","[314.94, 34]","[345.5, 38]",289.97,202,49.94,0.29
07:43:00,"[265.0, 89]","[264.0, 18]","[278.71, 35]","[288.84, 37]",271.86,179,13.71,0.2
07:43:01,"[265.0, 64]","[264.0, 22]","[279.2, 45]","[297.74, 43]",272.1,174,14.2,-0.01
07:43:02,"[265.0, 30]","[264.0, 12]","[267.27, 22]","[268.45, 22]",266.14,86,2.27,-0.02
07:43:03,"[264.5, 20]","[261.33, 30]","[266.4, 40]","[280.5, 40]",265.45,130,1.9,-0.23
07:43:04,"[259.19, 47]","[256.92, 77]","[265.79, 19]","[351.61, 41]",262.49,184,6.6,0.35
07:43:05,"[258.0, 99]","[255.0, 121]","[265.0, 33]","[428.84, 49]",261.5,302,7.0,0.46
07:43:06,"[258.8, 25]","[255.8, 75]","[262.1, 30]","[446.88, 48]",260.45,178,3.3,0.12
07:43:07,"[259.0, 48]","[258.0, 52]","[262.0, 30]","[536.1, 30]",260.5,160,3.0,0.25
07:43:08,"[259.0, 60]","[258.0, 60]","[262.0, 36]","[579.07, 43]",260.5,199,3.0,0.21
07:43:09,"[259.0, 35]","[258.0, 35]","[297.14, 21]","[494.92, 26]",278.07,117,38.14,0.2
07:43:10,"[259.0, 14]","[258.0, 70]","[386.13, 45]","[439.18, 49]",322.57,178,127.13,-0.06
07:43:11,"[260.46, 13]","[259.61, 90]","[314.2, 40]","[356.82, 51]",287.33,194,53.74,0.06
07:43:12,"[264.0, 4]","[261.0, 2]","[343.0, 8]","[578.0, 6]",303.5,20,79.0,-0.4
07:43:13,"[264.0, 22]","[261.18, 11]","[342.9, 40]","[382.27, 44]",303.45,117,78.9,-0.44
07:43:14,"[264.81, 31]","[263.84, 19]","[313.86, 21]","[330.7, 27]",289.33,98,49.05,0.02
07:43:15,"[265.0, 10]","[264.0, 18]","[301.0, 18]","[307.56, 36]",283.0,82,36.0,-0.32
07:43:16,"[260.23, 132]","[261.86, 21]","[296.84, 19]","[311.37, 38]",278.53,210,36.61,0.46
07:43:17,"[260.0, 111]","[259.0, 9]","[292.5, 24]","[326.5, 24]",276.25,168,32.5,0.43
07:43:18,"[260.0, 108]","[259.0, 12]","[291.19, 37]","[322.11, 35]",275.59,192,31.19,0.25
07:43:19,"[262.0, 70]","[260.0, 90]","[283.3, 46]","[290.09, 44]",272.65,250,21.3,0.28
07:43:20,"[262.82, 71]","[260.79, 89]","[270.83, 48]","[277.09, 47]",266.83,255,8.02,0.25
07:43:21,"[262.33, 48]","[260.45, 93]","[269.33, 42]","[269.95, 43]",265.83,226,7.0,0.25
07:43:22,"[260.5, 108]","[259.86, 63]","[264.24, 50]","[265.87, 62]",262.37,283,3.74,0.21
07:43:23,"[259.96, 51]","[258.58, 19]","[261.33, 60]","[284.94, 52]",260.65,182,1.37,-0.23
07:43:24,"[259.0, 9]","[258.0, 36]","[261.5, 24]","[351.33, 36]",260.25,105,2.5,-0.14
07:43:25,"[259.0, 17]","[258.0, 52]","[260.3, 40]","[266.83, 23]",259.65,132,1.3,0.05
07:43:26,"[258.57, 14]","[249.0, 35]","[261.0, 22]","[464.76, 33]",259.79,104,2.43,-0.06
07:43:27,"[259.81, 16]","[217.2, 10]","[347.84, 19]","[541.77, 26]",303.83,71,88.03,-0.27
07:43:28,"[263.0, 10]","[261.0, 40]","[293.9, 30]","[527.0, 37]",278.45,117,30.9,-0.15
07:43:29,"[262.75, 8]","[260.27, 37]","[271.88, 24]","[275.0, 24]",267.31,93,9.12,-0.03
07:43:30,"[261.0, 8]","[258.0, 72]","[270.0, 24]","[384.78, 27]",265.5,131,9.0,0.22
07:43:31,"[262.52, 63]","[258.81, 37]","[269.0, 39]","[374.62, 52]",265.76,191,6.48,0.05
07:43:32,"[264.0, 62]","[261.0, 11]","[269.0, 33]","[351.0, 44]",266.5,150,5.0,-0.03
07:43:33,"[264.0, 71]","[261.93, 28]","[268.87, 45]","[380.34, 53]",266.43,197,4.87,0.01
07:43:34,"[264.0, 40]","[262.0, 20]","[266.75, 28]","[268.38, 24]",265.38,112,2.75,0.07
07:43:35,"[264.31, 13]","[262.36, 22]","[266.52, 25]","[283.82, 44]",265.41,104,2.21,-0.33
07:43:36,"[265.0, 9]","[264.0, 9]","[267.0, 27]","[397.0, 36]",266.0,81,2.0,-0.56
07:43:37,"[259.67, 45]","[258.6, 50]","[266.8, 30]","[376.7, 40]",263.23,165,7.13,0.15
07:43:38,"[259.0, 66]","[258.0, 87]","[266.0, 27]","[402.03, 35]",262.5,215,7.0,0.42
07:43:39,"[259.0, 60]","[258.0, 110]","[265.3, 30]","[400.23, 31]",262.15,231,6.3,0.47
07:43:40,"[259.0, 70]","[258.0, 132]","[264.33, 36]","[462.17, 36]",261.67,274,5.33,0.47
07:43:41,"[259.0, 44]","[258.0, 121]","[308.36, 33]","[471.73, 33]",283.68,231,49.36,0.43
07:43:42,"[260.33, 30]","[258.38, 73]","[576.76, 17]","[626.6, 30]",418.55,150,316.43,0.37
07:43:43,"[263.0, 7]","[260.0, 35]","[523.64, 11]","[553.0, 9]",393.32,62,260.64,0.35
07:43:44,"[263.0, 8]","[259.56, 36]","[322.75, 8]","[468.71, 14]",292.88,66,59.75,0.33
07:43:45,"[263.0, 9]","[260.33, 12]","[266.67, 9]","[405.0, 21]",264.83,51,3.67,-0.18
07:43:46,"[259.39, 31]","[258.1, 93]","[264.9, 10]","[403.13, 31]",262.14,165,5.51,0.5
07:43:47,"[259.14, 28]","[258.08, 98]","[264.0, 8]","[302.0, 32]",261.57,166,4.86,0.52
07:43:48,"[260.86, 28]","[259.08, 52]","[263.0, 14]","[298.79, 56]",261.93,150,2.14,0.07
07:43:49,"[260.03, 33]","[258.71, 77]","[296.52, 31]","[354.38, 39]",278.27,180,36.49,0.22
07:43:50,"[259.18, 67]","[258.36, 92]","[354.1, 20]","[427.8, 25]",306.64,204,94.92,0.56
07:43:51,"[261.0, 24]","[259.0, 88]","[289.0, 24]","[390.0, 30]",275.0,166,28.0,0.35
07:43:52,"[263.96, 52]","[262.74, 23]","[314.12, 25]","[416.53, 34]",289.04,134,50.16,0.12
07:43:53,"[264.0, 40]","[263.0, 16]","[401.94, 17]","[476.86, 29]",332.97,102,137.94,0.1
07:43:54,"[264.0, 45]","[263.0, 18]","[265.0, 27]","[360.15, 26]",264.5,116,1.0,0.09
07:43:55,"[263.31, 32]","[262.11, 37]","[436.69, 49]","[516.0, 40]",350.0,158,173.38,-0.13
07:43:56,"[263.0, 41]","[262.0, 39]","[407.77, 39]","[442.05, 40]",335.38,159,144.77,0.01
07:43:57,"[263.0, 20]","[262.0, 36]","[347.96, 25]","[398.51, 37]",305.48,118,84.96,-0.05
07:43:58,"[263.0, 12]","[262.0, 36]","[316.57, 28]","[353.27, 44]",289.79,120,53.57,-0.2
07:43:59,"[263.0, 17]","[262.0, 51]","[278.93, 73]","[296.36, 55]",270.97,196,15.93,-0.31
07:44:00,"[262.0, 13]","[259.0, 93]","[273.51, 49]","[283.0, 60]",267.76,215,11.51,-0.01
07:44:01,"[264.61, 23]","[259.81, 37]","[270.63, 60]","[271.55, 55]",267.62,175,6.02,-0.31
07:44:02,"[260.56, 54]","[258.39, 72]","[268.21, 52]","[269.12, 49]",264.38,227,7.66,0.11
07:44:03,"[259.0, 120]","[258.0, 195]","[263.77, 65]","[264.69, 65]",261.38,445,4.77,0.42
07:44:04,"[259.59, 125]","[258.06, 210]","[262.25, 64]","[264.0, 80]",260.92,479,2.66,0.4
07:44:05,"[258.0, 252]","[257.0, 98]","[264.62, 48]","[364.05, 39]",261.31,437,6.62,0.6
07:44:06,"[259.43, 88]","[258.14, 108]","[263.14, 59]","[278.98, 40]",261.28,295,3.7,0.33
07:44:07,"[261.0, 14]","[258.0, 91]","[264.0, 14]","[482.5, 12]",262.5,131,3.0,0.6
07:44:08,"[261.0, 13]","[258.0, 91]","[263.29, 14]","[327.0, 14]",262.14,132,2.29,0.58
07:44:09,"[261.0, 11]","[258.0, 143]","[263.0, 22]","[445.56, 27]",262.0,203,2.0,0.52
07:44:10,"[258.16, 57]","[257.48, 81]","[262.67, 18]","[451.2, 15]",260.41,171,4.51,0.61
07:44:11,"[257.88, 67]","[255.5, 80]","[261.83, 24]","[407.82, 34]",259.86,205,3.95,0.43
07:44:12,"[257.99, 101]","[256.63, 98]","[260.73, 22]","[309.45, 44]",259.36,265,2.74,0.5
07:44:13,"[258.0, 70]","[257.0, 154]","[270.32, 31]","[286.14, 43]",264.16,298,12.32,0.5
07:44:14,"[258.06, 32]","[257.11, 94]","[362.62, 26]","[440.8, 30]",310.34,182,104.55,0.38
07:44:15,"[259.0, 12]","[258.0, 60]","[282.35, 37]","[287.15, 55]",270.68,164,23.35,-0.12
07:44:16,"[258.38, 16]","[257.3, 100]","[280.0, 33]","[281.73, 49]",269.19,198,21.62,0.17
07:44:17,"[258.0, 28]","[257.0, 196]","[277.9, 40]","[311.28, 36]",267.95,300,19.9,0.49
07:44:18,"[264.07, 30]","[258.12, 43]","[274.95, 43]","[276.06, 32]",269.51,148,10.89,-0.01
07:44:19,"[265.0, 26]","[263.17, 29]","[268.83, 35]","[270.4, 30]",266.91,120,3.83,-0.08
07:44:20,"[264.19, 26]","[263.05, 22]","[265.83, 36]","[268.0, 24]",265.01,108,1.64,-0.11
07:44:21,"[262.44, 25]","[258.12, 98]","[265.59, 34]","[320.57, 37]",264.01,194,3.15,0.27
07:44:22,"[260.25, 12]","[257.66, 41]","[263.69, 16]","[277.07, 15]",261.97,84,3.44,0.26
07:44:23,"[258.0, 28]","[257.0, 154]","[262.82, 22]","[356.68, 31]",260.41,235,4.82,0.55
07:44:24,"[258.5, 8]","[257.22, 36]","[261.0, 12]","[332.53, 17]",259.75,73,2.5,0.21
07:44:25,"[259.0, 13]","[258.0, 26]","[260.91, 22]","[371.23, 39]",259.95,100,1.91,-0.22
07:44:26,"[257.14, 73]","[256.82, 61]","[331.52, 25]","[453.62, 26]",294.33,185,74.38,0.45
07:44:27,"[257.82, 73]","[256.78, 69]","[314.0, 33]","[434.0, 22]",285.91,197,56.18,0.44
07:44:28,"[262.0, 14]","[257.92, 39]","[313.86, 21]","[388.5, 10]",287.93,84,51.86,0.26
07:44:29,"[260.73, 22]","[257.48, 75]","[313.0, 33]","[330.89, 27]",286.86,157,52.27,0.24
07:44:30,"[260.27, 22]","[250.23, 70]","[313.0, 30]","[429.0, 20]",286.64,142,52.73,0.3
07:44:31,"[261.17, 36]","[260.0, 24]","[311.83, 36]","[326.65, 34]",286.5,130,50.67,-0.08
07:44:32,"[260.0, 20]","[258.6, 10]","[284.9, 30]","[311.2, 30]",272.45,90,24.9,-0.33
07:44:33,"[260.0, 22]","[259.0, 11]","[279.64, 33]","[281.18, 33]",269.82,99,19.64,-0.33
07:44:34,"[263.84, 100]","[259.78, 36]","[275.83, 54]","[277.44, 54]",269.84,244,11.99,0.11
07:44:35,"[264.77, 78]","[263.74, 114]","[274.29, 42]","[275.29, 42]",269.53,276,9.52,0.39
07:44:36,"[265.0, 46]","[264.0, 90]","[273.0, 30]","[274.0, 30]",269.0,196,8.0,0.39
07:44:37,"[265.0, 72]","[264.0, 162]","[268.87, 47]","[270.2, 45]",266.94,326,3.87,0.44
07:44:38,"[265.0, 36]","[264.0, 90]","[266.78, 27]","[268.6, 25]",265.89,178,1.78,0.42
07:44:39,"[264.31, 65]","[263.76, 104]","[266.52, 46]","[288.36, 42]",265.41,257,2.21,0.32
07:44:40,"[264.0, 97]","[259.0, 16]","[266.12, 32]","[349.36, 28]",265.06,173,2.12,0.31
07:44:41,"[264.58, 43]","[262.57, 42]","[267.0, 24]","[485.0, 22]",265.79,131,2.42,0.3
07:44:42,"[265.0, 50]","[264.0, 60]","[266.2, 30]","[392.7, 30]",265.6,170,1.2,0.29
07:44:43,"[263.85, 33]","[262.16, 50]","[326.34, 29]","[490.0, 21]",295.1,133,62.5,0.25
07:44:44,"[260.35, 46]","[259.73, 89]","[345.05, 19]","[625.79, 39]",302.7,193,84.7,0.4
07:44:45,"[260.0, 100]","[258.61, 18]","[482.93, 45]","[527.61, 18]",371.47,181,222.93,0.3
07:44:46,"[260.0, 60]","[258.0, 12]","[481.5, 24]","[483.0, 30]",370.75,126,221.5,0.14
07:44:47,"[260.0, 120]","[258.56, 63]","[365.94, 52]","[452.14, 57]",312.97,292,105.94,0.25
07:44:48,"[260.0, 20]","[259.0, 28]","[480.0, 20]","[481.0, 16]",370.0,84,220.0,0.14
07:44:49,"[260.0, 65]","[259.0, 99]","[377.02, 55]","[415.45, 40]",318.51,259,117.02,0.27
07:44:50,"[260.0, 40]","[259.0, 64]","[356.94, 34]","[371.18, 39]",308.47,177,96.94,0.18
07:44:51,"[260.0, 65]","[259.0, 120]","[313.71, 28]","[344.42, 59]",286.86,272,53.71,0.36
07:44:52,"[259.2, 79]","[258.54, 59]","[323.17, 64]","[324.81, 53]",291.19,255,63.97,0.08
07:44:53,"[259.14, 44]","[258.27, 33]","[320.38, 40]","[322.0, 32]",289.76,149,61.24,0.03
07:44:54,"[260.56, 25]","[258.81, 37]","[318.9, 40]","[320.0, 50]",289.73,152,58.34,-0.18
07:44:55,"[259.0, 84]","[258.0, 140]","[292.12, 48]","[301.87, 62]",275.56,334,33.12,0.34
07:44:56,"[259.0, 48]","[258.0, 80]","[272.88, 32]","[284.0, 40]",265.94,200,13.88,0.28
07:44:57,"[259.0, 63]","[258.0, 140]","[269.65, 68]","[274.07, 58]",264.32,329,10.65,0.23
07:44:58,"[260.57, 23]","[258.17, 36]","[267.71, 42]","[270.46, 39]",264.14,140,7.15,-0.16
07:44:59,"[261.0, 18]","[259.0, 6]","[266.56, 27]","[267.5, 30]",263.78,81,5.56,-0.41
07:45:00,"[264.52, 25]","[261.0, 30]","[266.0, 48]","[267.0, 50]",265.26,153,1.48,-0.28
07:45:01,"[258.31, 116]","[255.89, 19]","[265.89, 54]","[267.54, 70]",262.1,259,7.58,0.04
07:45:02,"[258.0, 120]","[252.0, 12]","[262.12, 33]","[264.05, 39]",260.06,204,4.12,0.29
07:45:03,"[258.0, 80]","[252.0, 11]","[260.67, 36]","[306.3, 23]",259.33,150,2.67,0.21
07:45:04,"[258.0, 63]","[254.62, 16]","[261.0, 45]","[308.89, 27]",259.5,151,3.0,0.05
07:45:05,"[258.0, 55]","[255.0, 20]","[259.9, 50]","[352.6, 30]",258.95,155,1.9,-0.03
07:45:06,"[255.0, 10]","[224.47, 17]","[258.6, 50]","[388.0, 20]",256.8,97,3.6,-0.44
07:45:07,"[252.0, 9]","[239.78, 18]","[256.11, 45]","[460.2, 15]",254.06,87,4.11,-0.38
07:45:08,"[255.89, 9]","[251.0, 13]","[317.96, 46]","[448.68, 38]",286.92,106,62.07,-0.58
07:45:09,"[263.0, 7]","[259.74, 19]","[350.88, 34]","[561.76, 29]",306.94,89,87.88,-0.42
07:45:10,"[263.0, 7]","[261.0, 28]","[336.83, 24]","[365.6, 30]",299.92,89,73.83,-0.21
07:45:11,"[263.0, 8]","[261.0, 32]","[347.12, 32]","[603.2, 25]",305.06,97,84.12,-0.18
07:45:12,"[260.09, 23]","[256.84, 19]","[345.36, 44]","[620.0, 55]",302.73,141,85.28,-0.4
07:45:13,"[256.0, 21]","[183.75, 24]","[343.17, 48]","[500.49, 43]",299.58,136,87.17,-0.34
07:45:14,"[252.0, 8]","[153.38, 13]","[341.93, 14]","[399.18, 34]",296.96,69,89.93,-0.39
07:45:15,"[252.0, 8]","[151.71, 14]","[340.82, 17]","[342.87, 23]",296.41,62,88.82,-0.29
07:45:16,"[252.0, 8]","[137.12, 16]","[338.25, 8]","[340.0, 32]",295.12,64,86.25,-0.25
07:45:17,"[252.0, 10]","[159.2, 15]","[336.0, 10]","[340.0, 40]",294.0,75,84.0,-0.33
07:45:18,"[260.97, 29]","[234.52, 31]","[332.71, 49]","[336.64, 28]",296.84,137,71.75,-0.12
07:45:19,"[263.71, 14]","[261.14, 28]","[329.45, 11]","[331.0, 44]",296.58,97,65.74,-0.13
07:45:20,"[265.0, 6]","[262.0, 30]","[328.17, 6]","[331.0, 24]",296.58,66,63.17,0.09
07:45:21,"[263.12, 16]","[261.0, 40]","[327.67, 15]","[330.93, 41]",295.4,112,64.54,0.0
07:45:22,"[258.59, 41]","[256.29, 28]","[308.92, 59]","[321.13, 68]",283.75,196,50.33,-0.3
07:45:23,"[259.18, 66]","[255.89, 54]","[306.06, 32]","[307.41, 49]",282.62,201,46.88,0.19
07:45:24,"[263.0, 48]","[258.0, 24]","[285.12, 26]","[289.03, 29]",274.06,127,22.12,0.13
07:45:25,"[263.0, 28]","[258.0, 14]","[270.77, 22]","[273.33, 15]",266.89,79,7.77,0.06
07:45:26,"[263.0, 32]","[258.0, 18]","[269.61, 33]","[273.64, 44]",266.3,127,6.61,-0.21
07:45:27,"[263.0, 28]","[260.58, 73]","[267.07, 58]","[270.21, 68]",265.03,227,4.07,-0.11
07:45:28,"[262.04, 184]","[260.64, 97]","[263.77, 52]","[264.96, 57]",262.91,390,1.73,0.44
07:45:29,"[262.0, 104]","[258.0, 49]","[263.2, 30]","[271.86, 28]",262.6,211,1.2,0.45
07:45:30,"[260.95, 63]","[259.54, 104]","[282.33, 54]","[316.71, 48]",271.64,269,21.38,0.24
07:45:31,"[260.0, 77]","[258.0, 88]","[379.45, 55]","[580.46, 35]",319.73,255,119.45,0.29
07:45:32,"[260.0, 70]","[258.0, 80]","[374.7, 50]","[485.34, 38]",317.35,238,114.7,0.26
07:45:33,"[260.0, 63]","[258.0, 72]","[354.28, 39]","[355.56, 45]",307.14,219,94.28,0.23
07:45:34,"[260.0, 91]","[258.0, 104]","[349.31, 62]","[350.61, 44]",304.65,301,89.31,0.3
07:45:35,"[260.33, 36]","[258.25, 73]","[344.79, 28]","[347.14, 49]",302.56,186,84.45,0.17
07:45:36,"[258.57, 56]","[257.55, 101]","[326.45, 33]","[331.25, 60]",292.51,250,67.88,0.26
07:45:37,"[258.07, 82]","[257.08, 98]","[324.81, 31]","[326.0, 46]",291.44,257,66.73,0.4
07:45:38,"[261.0, 17]","[258.0, 80]","[310.44, 36]","[319.88, 32]",285.72,165,49.44,0.18
07:45:39,"[259.12, 32]","[257.72, 128]","[273.52, 56]","[273.81, 53]",266.32,269,14.39,0.19
07:45:40,"[259.0, 62]","[258.0, 52]","[267.1, 30]","[271.36, 33]",263.05,177,8.1,0.29
07:45:41,"[259.05, 79]","[258.11, 53]","[263.9, 58]","[264.75, 40]",261.47,230,4.85,0.15
07:45:42,"[260.19, 104]","[259.0, 60]","[261.56, 36]","[371.07, 46]",260.87,246,1.36,0.33
07:45:43,"[261.44, 54]","[258.82, 34]","[384.63, 59]","[419.73, 71]",323.04,218,123.18,-0.19
07:45:44,"[265.0, 9]","[259.0, 14]","[344.82, 11]","[396.62, 26]",304.91,60,79.82,-0.23
07:45:45,"[259.15, 13]","[257.34, 32]","[343.38, 8]","[582.56, 34]",301.26,87,84.22,0.03
07:45:46,"[258.0, 10]","[257.0, 25]","[570.23, 13]","[639.1, 21]",414.12,69,312.23,0.01
07:45:47,"[257.14, 28]","[253.89, 18]","[432.4, 50]","[545.2, 50]",344.77,146,175.26,-0.37
07:45:48,"[257.0, 21]","[250.0, 7]","[266.0, 7]","[347.0, 35]",261.5,70,9.0,-0.2
07:45:49,"[260.43, 14]","[256.18, 17]","[345.85, 27]","[415.67, 15]",303.14,73,85.42,-0.15
07:45:50,"[262.5, 12]","[256.79, 34]","[373.18, 22]","[381.71, 14]",317.84,82,110.68,0.12
07:45:51,"[257.0, 11]","[250.0, 11]","[340.5, 40]","[463.0, 25]",298.75,87,83.5,-0.49
07:45:52,"[257.4, 10]","[251.0, 14]","[335.29, 31]","[339.0, 31]",296.35,86,77.89,-0.44
07:45:53,"[261.0, 19]","[260.36, 22]","[333.38, 21]","[334.48, 42]",297.19,104,72.38,-0.21
07:45:54,"[261.9, 20]","[260.79, 29]","[331.2, 20]","[333.0, 50]",296.55,119,69.3,-0.18
07:45:55,"[263.0, 16]","[260.0, 24]","[328.38, 29]","[332.65, 51]",295.69,120,65.38,-0.33
07:45:56,"[262.33, 12]","[259.5, 16]","[328.26, 19]","[329.05, 37]",295.3,84,65.93,-0.33
07:45:57,"[261.56, 18]","[258.3, 20]","[326.12, 25]","[327.7, 37]",293.84,100,64.56,-0.24
07:45:58,"[266.0, 13]","[261.0, 13]","[321.08, 26]","[322.69, 26]",293.54,78,55.08,-0.33
07:45:59,"[263.5, 10]","[259.0, 15]","[318.4, 20]","[319.4, 20]",290.95,65,54.9,-0.23
07:46:00,"[258.96, 28]","[256.77, 39]","[279.53, 30]","[287.27, 30]",269.25,127,20.57,0.06
07:46:01,"[259.23, 39]","[257.0, 52]","[262.62, 26]","[271.85, 26]",260.92,143,3.38,0.27
07:46:02,"[260.79, 42]","[257.62, 29]","[316.79, 58]","[322.5, 40]",288.79,169,56.01,-0.16
07:46:03,"[262.46, 46]","[259.6, 20]","[314.59, 51]","[316.05, 75]",288.52,192,52.13,-0.31
07:46:04,"[264.16, 25]","[260.92, 25]","[313.17, 23]","[409.9, 29]",288.67,102,49.01,-0.02
07:46:05,"[262.0, 32]","[259.0, 48]","[311.09, 23]","[317.29, 17]",286.54,120,49.09,0.33
07:46:06,"[261.44, 54]","[258.78, 74]","[293.3, 30]","[295.2, 35]",277.37,193,31.86,0.33
07:46:07,"[259.0, 40]","[257.0, 32]","[280.52, 21]","[281.53, 19]",269.76,112,21.52,0.29
07:46:08,"[258.52, 33]","[252.14, 28]","[279.0, 14]","[281.0, 21]",268.76,96,20.48,0.27
07:46:09,"[247.57, 56]","[212.65, 26]","[277.43, 37]","[279.36, 33]",262.5,152,29.86,0.08
07:46:10,"[214.17, 48]","[193.29, 28]","[267.93, 28]","[339.31, 26]",241.05,130,53.76,0.17
07:46:11,"[215.0, 28]","[204.0, 7]","[254.0, 14]","[255.0, 43]",234.5,92,39.0,-0.24
07:46:12,"[214.67, 33]","[195.27, 11]","[254.0, 18]","[255.0, 63]",234.33,125,39.33,-0.3
07:46:13,"[223.33, 12]","[184.86, 37]","[367.7, 37]","[386.55, 49]",295.52,135,144.37,-0.27
07:46:14,"[262.0, 6]","[139.94, 18]","[373.0, 18]","[731.0, 24]",317.5,66,111.0,-0.27
07:46:15,"[262.4, 10]","[165.83, 12]","[457.67, 24]","[770.58, 24]",360.03,70,195.27,-0.37
07:46:16,"[263.15, 39]","[262.5, 18]","[618.03, 29]","[781.37, 35]",440.59,121,354.88,-0.06
07:46:17,"[263.76, 21]","[262.83, 29]","[379.09, 22]","[402.4, 43]",321.43,115,115.33,-0.13
07:46:18,"[263.0, 10]","[262.0, 10]","[376.0, 10]","[460.0, 40]",319.5,70,113.0,-0.43
07:46:19,"[263.0, 16]","[262.0, 16]","[338.95, 20]","[421.44, 52]",300.98,104,75.95,-0.38
07:46:20,"[259.0, 81]","[234.89, 27]","[311.87, 15]","[322.91, 23]",285.43,146,52.87,0.48
07:46:21,"[259.73, 55]","[254.52, 56]","[311.76, 37]","[322.67, 27]",285.74,175,52.03,0.27
07:46:22,"[263.0, 13]","[261.0, 26]","[290.17, 30]","[426.27, 22]",276.58,91,27.17,-0.14
07:46:23,"[259.6, 47]","[259.62, 26]","[274.83, 29]","[285.85, 26]",267.21,128,15.23,0.14
07:46:24,"[259.0, 81]","[258.0, 30]","[273.17, 12]","[372.47, 36]",266.08,159,14.17,0.4
07:46:25,"[259.31, 59]","[258.53, 45]","[271.0, 10]","[272.0, 30]",265.15,144,11.69,0.44
07:46:26,"[259.95, 59]","[258.73, 66]","[268.21, 28]","[270.8, 20]",264.08,173,8.27,0.45
07:46:27,"[260.43, 42]","[258.76, 63]","[267.67, 27]","[268.35, 17]",264.05,149,7.24,0.41
07:46:28,"[259.0, 66]","[258.0, 33]","[264.45, 33]","[267.0, 11]",261.73,143,5.45,0.38
07:46:29,"[259.22, 74]","[258.27, 45]","[263.09, 34]","[267.0, 13]",261.15,166,3.87,0.43
07:46:30,"[261.0, 43]","[259.0, 78]","[262.09, 22]","[303.11, 35]",261.55,178,1.09,0.36
07:46:31,"[259.34, 53]","[258.35, 51]","[261.29, 49]","[350.16, 43]",260.31,196,1.95,0.06
07:46:32,"[259.0, 52]","[258.0, 39]","[260.31, 32]","[261.07, 59]",259.66,182,1.31,0.0
07:46:33,"[259.0, 24]","[258.0, 24]","[260.0, 33]","[264.6, 25]",259.5,106,1.0,-0.09
07:46:34,"[258.0, 27]","[226.0, 18]","[260.0, 45]","[270.0, 18]",259.0,108,2.0,-0.17
07:46:35,"[261.08, 39]","[242.35, 20]","[308.07, 44]","[373.55, 55]",284.57,158,46.99,-0.25
07:46:36,"[263.0, 21]","[259.0, 7]","[308.0, 35]","[336.57, 35]",285.5,98,45.0,-0.43
07:46:37,"[263.7, 30]","[262.5, 24]","[333.2, 50]","[422.0, 50]",298.45,154,69.5,-0.3
07:46:38,"[262.09, 33]","[261.74, 23]","[319.37, 49]","[373.27, 55]",290.73,160,57.28,-0.3
07:46:39,"[260.0, 30]","[259.0, 10]","[328.6, 50]","[351.6, 50]",294.3,140,68.6,-0.43
07:46:40,"[260.71, 35]","[258.38, 24]","[326.29, 70]","[330.0, 70]",293.5,199,65.57,-0.41
07:46:41,"[265.0, 78]","[259.0, 13]","[324.08, 65]","[326.92, 65]",294.54,221,59.08,-0.18
07:46:42,"[265.0, 60]","[259.0, 10]","[321.62, 48]","[324.06, 49]",293.31,167,56.62,-0.16
07:46:43,"[265.0, 30]","[259.0, 10]","[318.19, 43]","[319.51, 47]",291.59,130,53.19,-0.38
07:46:44,"[265.0, 12]","[264.0, 72]","[315.71, 58]","[317.4, 50]",290.35,192,50.71,-0.12
07:46:45,"[265.0, 12]","[264.0, 72]","[312.74, 58]","[315.24, 54]",288.87,196,47.74,-0.14
07:46:46,"[264.6, 10]","[263.82, 44]","[296.44, 36]","[297.43, 28]",280.52,118,31.84,-0.08
07:46:47,"[263.91, 22]","[262.91, 44]","[293.92, 60]","[295.28, 58]",278.91,184,30.01,-0.28
07:46:48,"[260.22, 18]","[260.33, 24]","[288.12, 49]","[290.12, 48]",274.17,139,27.9,-0.4
07:46:49,"[259.93, 46]","[255.84, 76]","[284.08, 60]","[286.48, 58]",272.01,240,24.15,0.02
07:46:50,"[265.0, 78]","[262.65, 124]","[278.27, 49]","[279.28, 50]",271.63,301,13.27,0.34
07:46:51,"[265.0, 32]","[264.0, 264]","[277.0, 60]","[278.0, 48]",271.0,404,12.0,0.47
07:46:52,"[265.0, 17]","[264.0, 374]","[272.67, 75]","[273.7, 82]",268.83,548,7.67,0.43
07:46:53,"[265.0, 12]","[264.0, 264]","[268.32, 53]","[269.95, 58]",266.66,387,3.32,0.43
07:46:54,"[264.03, 124]","[263.94, 94]","[266.48, 46]","[267.6, 50]",265.26,314,2.45,0.39
07:46:55,"[264.0, 214]","[263.0, 16]","[266.23, 73]","[382.43, 76]",265.12,379,2.23,0.21
07:46:56,"[264.0, 82]","[263.0, 8]","[266.75, 40]","[608.21, 39]",265.38,169,2.75,0.07
07:46:57,"[264.0, 103]","[263.0, 12]","[265.64, 55]","[283.85, 52]",264.82,222,1.64,0.04
07:46:58,"[263.67, 24]","[262.2, 20]","[400.84, 43]","[503.23, 47]",332.25,134,137.17,-0.34
07:46:59,"[263.0, 12]","[262.0, 24]","[279.0, 60]","[407.65, 26]",271.0,122,16.0,-0.41
07:47:00,"[261.38, 13]","[260.5, 24]","[279.0, 45]","[414.11, 36]",270.19,118,17.62,-0.37
07:47:01,"[260.0, 50]","[259.0, 80]","[278.08, 26]","[288.53, 38]",269.04,194,18.08,0.34
07:47:02,"[260.0, 35]","[259.0, 56]","[276.43, 14]","[293.0, 21]",268.21,126,16.43,0.44
07:47:03,"[260.0, 65]","[259.0, 104]","[275.0, 52]","[276.0, 26]",267.5,247,15.0,0.37
07:47:04,"[260.0, 35]","[259.0, 56]","[274.0, 16]","[275.08, 26]",267.0,133,14.0,0.37
07:47:05,"[261.7, 69]","[259.45, 88]","[273.0, 28]","[275.0, 56]",267.35,241,11.3,0.3
07:47:06,"[263.0, 56]","[259.04, 238]","[271.39, 33]","[272.27, 37]",267.2,364,8.39,0.62
07:47:07,"[263.8, 102]","[259.81, 119]","[268.19, 42]","[270.26, 23]",266.0,286,4.39,0.55
07:47:08,"[263.55, 71]","[259.41, 116]","[266.89, 38]","[267.84, 31]",265.22,256,3.35,0.46
07:47:09,"[259.29, 112]","[257.32, 162]","[264.96, 27]","[286.18, 34]",262.12,335,5.68,0.64
07:47:10,"[263.71, 121]","[258.54, 87]","[446.0, 41]","[529.56, 50]",354.86,299,182.29,0.39
07:47:11,"[265.0, 56]","[261.0, 20]","[569.22, 45]","[652.43, 21]",417.11,142,304.22,0.07
07:47:12,"[265.0, 24]","[261.0, 12]","[444.08, 12]","[467.0, 20]",354.54,68,179.08,0.06
07:47:13,"[265.0, 48]","[261.0, 24]","[334.4, 20]","[433.14, 43]",299.7,135,69.4,0.07
07:47:14,"[264.2, 25]","[259.4, 50]","[334.0, 30]","[370.2, 10]",299.1,115,69.8,0.3
07:47:15,"[261.0, 15]","[259.0, 120]","[333.07, 45]","[452.2, 15]",297.03,195,72.07,0.38
07:47:16,"[260.45, 11]","[258.22, 49]","[310.53, 34]","[517.76, 33]",285.49,127,50.07,-0.06
07:47:17,"[257.39, 33]","[256.9, 105]","[261.0, 19]","[262.0, 50]",259.2,207,3.61,0.33
07:47:18,"[257.2, 25]","[256.83, 60]","[315.55, 11]","[379.4, 30]",286.37,126,58.35,0.35
07:47:19,"[257.02, 98]","[256.23, 71]","[457.95, 37]","[536.43, 42]",357.48,248,200.93,0.36
07:47:20,"[257.34, 70]","[256.38, 64]","[393.07, 29]","[394.47, 17]",325.21,180,135.73,0.49
07:47:21,"[259.93, 30]","[256.95, 93]","[309.54, 26]","[353.16, 32]",284.74,181,49.61,0.36
07:47:22,"[257.0, 78]","[256.0, 60]","[259.25, 16]","[269.33, 54]",258.12,208,2.25,0.33
07:47:23,"[257.0, 33]","[256.0, 40]","[263.83, 36]","[326.12, 40]",260.42,149,6.83,-0.02
07:47:24,"[257.2, 40]","[256.44, 71]","[264.0, 60]","[446.66, 53]",260.6,224,6.8,-0.01
07:47:25,"[258.78, 18]","[257.03, 65]","[264.0, 45]","[438.6, 40]",261.39,168,5.22,-0.01
07:47:26,"[257.36, 33]","[178.5, 12]","[264.0, 30]","[386.89, 27]",260.68,102,6.64,-0.12
07:47:27,"[259.67, 54]","[242.0, 42]","[264.0, 30]","[422.0, 30]",261.83,156,4.33,0.23
07:47:28,"[262.4, 90]","[259.8, 90]","[264.0, 50]","[412.0, 40]",263.2,270,1.6,0.33
07:47:29,"[263.0, 80]","[261.0, 108]","[264.0, 60]","[419.14, 56]",263.5,304,1.0,0.24
07:47:30,"[263.0, 35]","[261.0, 63]","[264.0, 35]","[422.0, 35]",263.5,168,1.0,0.17
07:47:31,"[263.0, 66]","[261.0, 144]","[264.0, 80]","[402.96, 67]",263.5,357,1.0,0.18
07:47:32,"[263.0, 36]","[261.0, 90]","[264.0, 45]","[372.0, 36]",263.5,207,1.0,0.22
07:47:33,"[263.0, 42]","[261.0, 99]","[264.0, 55]","[367.5, 32]",263.5,228,1.0,0.24
07:47:34,"[263.0, 22]","[261.0, 99]","[270.58, 31]","[507.32, 37]",266.79,189,7.58,0.28
07:47:35,"[261.0, 72]","[257.0, 18]","[297.71, 17]","[431.45, 33]",279.35,140,36.71,0.29
07:47:36,"[260.11, 18]","[252.5, 32]","[331.16, 25]","[585.0, 32]",295.64,107,71.05,-0.07
07:47:37,"[257.0, 4]","[251.0, 24]","[263.0, 12]","[584.0, 16]",260.0,56,6.0,0.0
07:47:38,"[257.97, 31]","[254.0, 12]","[263.0, 21]","[489.43, 28]",260.48,92,5.03,-0.07
07:47:39,"[258.0, 35]","[257.0, 7]","[263.0, 21]","[464.86, 28]",260.5,91,5.0,-0.08
07:47:40,"[257.94, 32]","[252.33, 18]","[262.17, 29]","[323.0, 27]",260.05,106,4.23,-0.06
07:47:41,"[257.0, 9]","[250.12, 49]","[265.78, 27]","[376.22, 36]",261.39,121,8.78,-0.04
07:47:42,"[258.0, 9]","[257.0, 73]","[268.0, 27]","[398.0, 36]",263.0,145,10.0,0.13
07:47:43,"[262.0, 8]","[260.25, 8]","[268.0, 24]","[652.0, 32]",265.0,72,6.0,-0.56
07:47:44,"[262.0, 8]","[261.0, 8]","[266.62, 32]","[268.0, 24]",264.31,72,4.62,-0.56
07:47:45,"[262.0, 12]","[261.0, 15]","[265.5, 48]","[272.92, 36]",263.75,111,3.5,-0.51
07:47:46,"[255.69, 78]","[256.32, 53]","[263.91, 54]","[268.7, 50]",259.8,235,8.22,0.11
07:47:47,"[255.0, 207]","[253.0, 84]","[261.56, 54]","[262.31, 58]",258.28,403,6.56,0.44
07:47:48,"[255.0, 101]","[253.0, 78]","[259.23, 65]","[261.0, 39]",257.12,283,4.23,0.27
07:47:49,"[255.0, 34]","[253.0, 54]","[256.51, 41]","[263.68, 25]",255.76,154,1.51,0.14
07:47:50,"[252.19, 31]","[244.31, 77]","[254.89, 45]","[258.7, 37]",253.54,190,2.7,0.14
07:47:51,"[250.0, 81]","[183.89, 72]","[254.64, 28]","[259.0, 27]",252.32,208,4.64,0.47
07:47:52,"[251.09, 78]","[234.69, 72]","[253.7, 30]","[257.0, 33]",252.39,213,2.61,0.41
07:47:53,"[252.0, 72]","[251.0, 50]","[253.63, 27]","[259.0, 30]",252.81,179,1.63,0.36
07:47:54,"[252.32, 47]","[251.0, 45]","[254.0, 25]","[265.78, 27]",253.16,144,1.68,0.28
07:47:55,"[253.0, 30]","[246.2, 25]","[264.29, 14]","[365.77, 13]",258.64,82,11.29,0.34
07:47:56,"[255.48, 33]","[252.03, 33]","[266.0, 18]","[490.0, 12]",260.74,96,10.52,0.38
07:47:57,"[260.82, 34]","[257.56, 36]","[266.0, 18]","[477.33, 9]",263.41,97,5.18,0.44
07:47:58,"[262.0, 32]","[258.0, 35]","[266.0, 21]","[317.7, 10]",264.0,98,4.0,0.37
07:47:59,"[262.0, 7]","[258.0, 35]","[266.0, 21]","[281.0, 7]",264.0,70,4.0,0.2
07:48:00,"[263.47, 30]","[258.19, 42]","[266.0, 30]","[281.0, 10]",264.73,112,2.53,0.29
07:48:01,"[264.0, 121]","[262.0, 11]","[266.0, 33]","[361.18, 11]",265.0,176,2.0,0.5
07:48:02,"[264.0, 121]","[262.0, 11]","[266.0, 33]","[461.0, 11]",265.0,176,2.0,0.5
07:48:03,"[264.0, 132]","[262.88, 25]","[288.94, 34]","[490.41, 17]",276.47,208,24.94,0.51
07:48:04,"[264.0, 80]","[263.0, 30]","[266.0, 45]","[423.0, 21]",265.0,176,2.0,0.25
07:48:05,"[263.0, 28]","[261.4, 30]","[266.0, 33]","[268.0, 22]",264.5,113,3.0,0.03
07:48:06,"[262.32, 19]","[260.12, 34]","[266.0, 27]","[268.0, 18]",264.16,98,3.68,0.08
07:48:07,"[264.0, 14]","[262.0, 28]","[266.0, 42]","[332.0, 24]",265.0,108,2.0,-0.22
07:48:08,"[264.0, 6]","[262.0, 12]","[266.0, 18]","[420.91, 11]",265.0,47,2.0,-0.23
07:48:09,"[264.0, 9]","[262.0, 18]","[265.91, 23]","[296.14, 14]",264.96,64,1.91,-0.16
07:48:10,"[264.0, 12]","[262.0, 24]","[266.73, 26]","[278.58, 26]",265.37,88,2.73,-0.18
07:48:11,"[264.0, 11]","[262.0, 22]","[266.27, 33]","[269.09, 33]",265.14,99,2.27,-0.33
07:48:12,"[264.0, 13]","[262.0, 26]","[266.0, 39]","[270.0, 39]",265.0,117,2.0,-0.33
07:48:13,"[263.22, 36]","[262.5, 40]","[265.33, 45]","[270.13, 45]",264.28,166,2.11,-0.08
07:48:14,"[263.0, 52]","[262.0, 26]","[264.77, 39]","[359.52, 25]",263.88,142,1.77,0.1
07:48:15,"[263.0, 24]","[262.0, 18]","[266.53, 19]","[302.22, 9]",264.76,70,3.53,0.2
07:48:16,"[262.83, 12]","[261.91, 22]","[274.93, 45]","[280.92, 12]",268.88,91,12.1,-0.25
07:48:17,"[262.56, 9]","[260.43, 7]","[274.0, 16]","[276.0, 4]",268.28,36,11.44,-0.11
07:48:18,"[263.0, 72]","[260.7, 30]","[274.0, 48]","[275.25, 12]",268.5,162,11.0,0.26
07:48:19,"[263.0, 50]","[262.0, 91]","[273.0, 52]","[275.46, 13]",268.0,206,10.0,0.37
07:48:20,"[263.0, 16]","[262.0, 56]","[272.0, 32]","[276.0, 8]",267.5,112,9.0,0.29
07:48:21,"[263.0, 32]","[262.0, 42]","[271.0, 24]","[274.0, 9]",267.0,107,8.0,0.38
07:48:22,"[263.0, 66]","[262.0, 77]","[269.67, 48]","[271.83, 23]",266.33,214,6.67,0.34
07:48:23,"[263.0, 84]","[262.0, 98]","[267.22, 60]","[268.29, 69]",265.11,311,4.22,0.17
07:48:24,"[262.56, 45]","[261.91, 46]","[265.15, 46]","[266.3, 50]",263.85,187,2.6,-0.03
07:48:25,"[262.0, 37]","[261.0, 8]","[264.38, 40]","[265.38, 40]",263.19,125,2.38,-0.28
07:48:26,"[256.72, 46]","[254.09, 44]","[261.92, 65]","[264.17, 60]",259.32,215,5.21,-0.16
07:48:27,"[257.6, 10]","[251.89, 36]","[260.71, 35]","[261.29, 35]",259.16,116,3.11,-0.21
07:48:28,"[250.9, 30]","[249.0, 33]","[258.78, 32]","[260.79, 47]",254.84,142,7.88,-0.11
07:48:29,"[250.0, 36]","[248.0, 27]","[255.88, 24]","[258.85, 40]",252.94,127,5.88,-0.01
07:48:30,"[251.36, 11]","[249.71, 42]","[254.0, 33]","[255.0, 66]",252.68,152,2.64,-0.3
07:48:31,"[250.32, 31]","[247.49, 49]","[253.38, 32]","[255.0, 78]",251.85,190,3.05,-0.16
07:48:32,"[248.53, 49]","[246.49, 41]","[252.06, 35]","[254.36, 44]",250.29,169,3.53,0.07
07:48:33,"[246.0, 35]","[241.0, 5]","[252.0, 15]","[255.0, 30]",249.0,85,6.0,-0.06
07:48:34,"[246.14, 28]","[243.14, 14]","[251.3, 23]","[253.38, 39]",248.72,104,5.16,-0.19
07:48:35,"[247.0, 16]","[245.62, 24]","[251.2, 10]","[254.57, 42]",249.1,92,4.2,-0.13
07:48:36,"[247.0, 10]","[243.0, 15]","[252.0, 5]","[255.0, 30]",249.5,60,5.0,-0.17
07:48:37,"[247.0, 8]","[243.0, 12]","[252.0, 4]","[255.0, 24]",249.5,48,5.0,-0.17
07:48:38,"[247.0, 12]","[243.0, 18]","[252.0, 6]","[255.0, 36]",249.5,72,5.0,-0.17
07:48:39,"[247.0, 16]","[243.0, 24]","[253.38, 13]","[255.4, 45]",250.19,98,6.38,-0.18
07:48:40,"[247.06, 17]","[243.31, 26]","[255.0, 50]","[261.0, 27]",251.03,120,7.94,-0.28
07:48:41,"[248.14, 7]","[246.57, 14]","[255.0, 35]","[261.0, 21]",251.57,77,6.86,-0.45
07:48:42,"[244.74, 27]","[243.75, 24]","[255.0, 40]","[261.0, 33]",249.87,124,10.26,-0.18
07:48:43,"[245.19, 52]","[243.19, 31]","[248.23, 52]","[256.43, 28]",246.71,163,3.04,0.02
07:48:44,"[246.05, 158]","[244.97, 125]","[249.92, 48]","[258.26, 31]",247.98,362,3.87,0.56
07:48:45,"[248.6, 95]","[246.03, 80]","[250.15, 59]","[251.29, 42]",249.38,276,1.55,0.27
07:48:46,"[247.4, 97]","[246.36, 110]","[251.0, 36]","[254.05, 21]",249.2,264,3.6,0.57
07:48:47,"[249.0, 7]","[248.0, 35]","[251.0, 14]","[253.0, 14]",250.0,70,2.0,0.2
07:48:48,"[249.71, 21]","[248.09, 33]","[251.0, 18]","[253.0, 18]",250.36,90,1.29,0.2
07:48:49,"[251.23, 71]","[250.87, 30]","[253.46, 24]","[256.0, 42]",252.34,167,2.23,0.21
07:48:50,"[254.0, 11]","[252.79, 38]","[256.0, 11]","[258.0, 55]",255.0,115,2.0,-0.15
07:48:51,"[255.67, 15]","[252.47, 57]","[257.86, 59]","[280.83, 47]",256.77,178,2.2,-0.19
07:48:52,"[256.0, 16]","[252.16, 93]","[258.0, 69]","[259.0, 64]",257.0,242,2.0,-0.1
07:48:53,"[252.2, 75]","[246.18, 51]","[258.29, 21]","[263.78, 46]",255.24,193,6.09,0.31
