Time,Bid1,Bid2,Ask1,Ask2,Mid-Price,Total_volume,Bid_ask_spread,Order_imbalance
07:30:00,"[10.0, 6]","[0, 0]","[0, 0]","[0, 0]",5.0,6,-10.0,1.0
07:30:01,"[80.5, 12]","[0, 0]","[197.0, 6]","[0, 0]",138.75,18,116.5,0.33
07:30:02,"[151.0, 24]","[0, 0]","[190.09, 11]","[194.0, 12]",170.55,47,39.09,0.02
07:30:04,"[18.0, 24]","[0, 0]","[172.8, 10]","[182.73, 11]",95.4,45,154.8,0.07
07:30:05,"[92.4, 30]","[0, 0]","[164.0, 15]","[171.29, 17]",128.2,62,71.6,-0.03
07:30:06,"[142.67, 42]","[119.5, 36]","[164.0, 27]","[166.0, 36]",153.33,141,21.33,0.11
07:30:07,"[144.0, 24]","[92.5, 36]","[164.43, 14]","[168.2, 20]",154.21,94,20.43,0.28
07:30:08,"[144.89, 36]","[105.59, 29]","[167.0, 9]","[177.0, 18]",155.94,92,22.11,0.41
07:30:09,"[149.36, 56]","[137.2, 25]","[166.77, 13]","[175.7, 23]",158.06,117,17.41,0.38
07:30:10,"[159.43, 42]","[157.24, 58]","[165.96, 28]","[166.82, 11]",162.7,139,6.54,0.44
07:30:11,"[160.18, 38]","[158.4, 57]","[164.76, 29]","[165.14, 43]",162.47,167,4.57,0.14
07:30:12,"[163.42, 24]","[161.1, 63]","[167.62, 32]","[169.6, 30]",165.52,149,4.21,0.17
07:30:13,"[165.74, 43]","[164.41, 27]","[184.69, 39]","[193.91, 35]",175.22,144,18.95,-0.03
07:30:14,"[173.0, 63]","[171.03, 31]","[181.97, 33]","[184.0, 12]",177.48,139,8.97,0.35
07:30:15,"[173.93, 73]","[172.88, 100]","[177.93, 27]","[181.83, 48]",175.93,248,3.99,0.4
07:30:16,"[175.0, 20]","[173.0, 40]","[176.0, 20]","[179.14, 14]",175.5,94,1.0,0.28
07:30:17,"[176.58, 48]","[173.0, 96]","[179.0, 48]","[180.0, 12]",177.79,204,2.42,0.41
07:30:18,"[177.0, 52]","[173.39, 92]","[178.25, 16]","[179.02, 49]",177.62,209,1.25,0.38
07:30:19,"[174.45, 55]","[173.06, 49]","[178.0, 10]","[179.0, 40]",176.23,154,3.55,0.35
07:30:20,"[173.0, 36]","[172.0, 27]","[178.0, 9]","[179.0, 36]",175.5,108,5.0,0.17
07:30:21,"[173.0, 48]","[172.0, 36]","[178.0, 12]","[179.17, 48]",175.5,144,5.0,0.17
07:30:22,"[173.0, 44]","[172.0, 33]","[176.64, 11]","[180.0, 44]",174.82,132,3.64,0.17
07:30:23,"[173.0, 48]","[172.0, 36]","[175.5, 12]","[181.0, 48]",174.25,144,2.5,0.17
07:30:24,"[173.0, 30]","[172.0, 24]","[174.38, 8]","[181.0, 32]",173.69,94,1.38,0.15
07:30:25,"[173.0, 29]","[172.0, 36]","[179.42, 24]","[182.73, 44]",176.21,133,6.42,-0.02
07:30:26,"[173.0, 22]","[172.0, 33]","[178.73, 11]","[182.38, 45]",175.86,111,5.73,-0.01
07:30:27,"[173.17, 36]","[171.67, 55]","[178.0, 16]","[183.0, 80]",175.58,187,4.83,-0.03
07:30:28,"[171.89, 18]","[169.56, 36]","[178.0, 9]","[183.0, 45]",174.94,108,6.11,0.0
07:30:29,"[171.0, 16]","[169.0, 16]","[177.5, 8]","[182.94, 36]",174.25,76,6.5,-0.16
07:30:30,"[172.67, 24]","[170.83, 24]","[177.0, 12]","[181.0, 12]",174.83,72,4.33,0.33
07:30:31,"[176.22, 36]","[172.77, 26]","[177.32, 25]","[182.19, 37]",176.77,124,1.1,0.0
07:30:32,"[178.0, 36]","[174.0, 20]","[181.0, 19]","[226.6, 30]",179.5,105,3.0,0.07
07:30:33,"[174.31, 13]","[173.05, 44]","[180.76, 21]","[275.26, 23]",177.53,101,6.45,0.13
07:30:34,"[175.85, 26]","[172.26, 23]","[180.0, 13]","[181.38, 39]",177.92,101,4.15,-0.03
07:30:35,"[175.29, 17]","[171.91, 22]","[180.0, 8]","[182.0, 24]",177.65,71,4.71,0.1
07:30:36,"[172.0, 36]","[171.0, 24]","[180.0, 12]","[182.0, 36]",176.0,108,8.0,0.11
07:30:37,"[172.0, 24]","[171.0, 16]","[179.62, 8]","[181.67, 18]",175.81,66,7.62,0.21
07:30:38,"[173.24, 87]","[172.04, 54]","[178.0, 17]","[179.0, 17]",175.62,175,4.76,0.61
07:30:39,"[173.17, 48]","[171.94, 64]","[178.0, 10]","[179.0, 10]",175.58,132,4.83,0.7
07:30:40,"[172.0, 100]","[169.1, 20]","[177.2, 10]","[178.2, 10]",174.6,140,5.2,0.71
07:30:41,"[172.04, 71]","[171.32, 41]","[175.9, 10]","[178.8, 10]",173.97,132,3.86,0.7
07:30:42,"[172.0, 105]","[170.0, 28]","[175.0, 14]","[179.0, 14]",173.5,161,3.0,0.65
07:30:43,"[172.35, 43]","[171.18, 34]","[175.0, 12]","[178.25, 12]",173.67,101,2.65,0.52
07:30:44,"[174.26, 27]","[172.0, 48]","[177.25, 12]","[180.79, 33]",175.75,120,2.99,0.25
07:30:45,"[174.08, 26]","[170.44, 32]","[177.0, 32]","[217.59, 29]",175.54,119,2.92,-0.03
07:30:46,"[170.18, 56]","[169.77, 71]","[176.0, 26]","[177.92, 39]",173.09,192,5.82,0.32
07:30:47,"[172.0, 30]","[170.0, 180]","[175.6, 30]","[178.0, 45]",173.8,285,3.6,0.47
07:30:48,"[172.43, 21]","[170.15, 78]","[174.0, 18]","[178.44, 27]",173.21,144,1.57,0.38
07:30:49,"[172.27, 22]","[170.08, 100]","[174.0, 20]","[179.0, 30]",173.14,172,1.73,0.42
07:30:50,"[172.4, 20]","[171.12, 82]","[174.65, 23]","[179.06, 31]",173.53,156,2.25,0.31
07:30:51,"[172.0, 50]","[170.0, 96]","[179.0, 24]","[181.0, 8]",175.5,178,7.0,0.64
07:30:52,"[170.45, 85]","[169.8, 60]","[178.96, 28]","[180.5, 12]",174.71,185,8.52,0.57
07:30:53,"[170.0, 110]","[169.0, 20]","[178.0, 18]","[179.0, 30]",174.0,178,8.0,0.46
07:30:54,"[170.0, 154]","[167.35, 68]","[177.5, 28]","[178.6, 35]",173.75,285,7.5,0.56
07:30:55,"[172.98, 109]","[169.93, 118]","[176.0, 73]","[180.88, 16]",174.49,316,3.02,0.44
07:30:56,"[170.24, 63]","[169.73, 45]","[176.0, 36]","[221.13, 15]",173.12,159,5.76,0.36
07:30:57,"[170.0, 70]","[169.0, 14]","[176.0, 28]","[252.83, 12]",173.0,124,6.0,0.35
07:30:58,"[170.0, 90]","[169.0, 18]","[176.0, 36]","[200.4, 10]",173.0,154,6.0,0.4
07:30:59,"[170.0, 90]","[169.0, 18]","[176.0, 36]","[182.0, 9]",173.0,153,6.0,0.41
07:31:00,"[170.0, 100]","[169.0, 20]","[175.59, 32]","[203.23, 22]",172.8,174,5.59,0.38
07:31:01,"[170.0, 90]","[169.0, 18]","[173.29, 17]","[174.05, 37]",171.65,162,3.29,0.33
07:31:02,"[170.14, 113]","[169.38, 42]","[173.16, 51]","[175.3, 43]",171.65,249,3.02,0.24
07:31:03,"[173.74, 62]","[171.39, 72]","[176.38, 37]","[177.88, 24]",175.06,195,2.64,0.37
07:31:04,"[175.33, 36]","[174.14, 56]","[180.0, 21]","[181.0, 7]",177.67,120,4.67,0.53
07:31:05,"[175.0, 88]","[173.0, 112]","[180.0, 42]","[181.0, 14]",177.5,256,5.0,0.56
07:31:06,"[174.54, 52]","[172.7, 74]","[180.5, 18]","[471.05, 20]",177.52,164,5.96,0.54
07:31:07,"[173.0, 28]","[170.0, 28]","[181.0, 12]","[474.0, 7]",177.0,75,8.0,0.49
07:31:08,"[173.0, 27]","[170.0, 60]","[177.22, 36]","[255.47, 32]",175.11,155,4.22,0.12
07:31:09,"[170.6, 15]","[169.57, 21]","[173.67, 6]","[176.0, 18]",172.13,60,3.07,0.2
07:31:10,"[170.0, 40]","[169.0, 30]","[171.64, 14]","[175.5, 12]",170.82,96,1.64,0.46
07:31:11,"[170.0, 28]","[169.0, 21]","[171.0, 7]","[180.0, 7]",170.5,63,1.0,0.56
07:31:12,"[170.0, 28]","[169.0, 21]","[171.0, 7]","[179.0, 7]",170.5,63,1.0,0.56
07:31:13,"[169.08, 26]","[167.12, 51]","[173.67, 9]","[180.0, 9]",171.37,95,4.59,0.62
07:31:14,"[169.0, 21]","[167.0, 42]","[179.0, 7]","[182.0, 7]",174.0,77,10.0,0.64
07:31:15,"[172.81, 52]","[167.18, 66]","[177.67, 12]","[181.0, 12]",175.24,142,4.86,0.66
07:31:16,"[178.0, 91]","[169.96, 153]","[180.11, 9]","[436.57, 21]",179.06,274,2.11,0.78
07:31:17,"[178.0, 24]","[170.0, 63]","[180.0, 3]","[429.0, 9]",179.0,99,2.0,0.76
07:31:18,"[178.0, 20]","[170.23, 95]","[180.0, 5]","[539.4, 15]",179.0,135,2.0,0.7
07:31:19,"[178.0, 24]","[172.0, 110]","[180.0, 10]","[536.38, 26]",179.0,170,2.0,0.58
07:31:20,"[178.0, 8]","[172.0, 44]","[180.0, 4]","[428.0, 12]",179.0,68,2.0,0.53
07:31:21,"[172.0, 55]","[170.0, 105]","[180.0, 5]","[267.8, 15]",176.0,180,8.0,0.78
07:31:22,"[172.22, 80]","[170.45, 170]","[180.0, 10]","[308.0, 30]",176.11,290,7.78,0.72
07:31:23,"[174.07, 29]","[171.83, 132]","[180.0, 12]","[306.5, 36]",177.03,209,5.93,0.54
07:31:24,"[172.0, 72]","[171.0, 99]","[180.0, 9]","[391.56, 27]",176.0,207,8.0,0.65
07:31:25,"[174.0, 65]","[172.0, 52]","[178.2, 25]","[432.73, 33]",176.1,175,4.2,0.34
07:31:26,"[174.0, 50]","[171.27, 75]","[176.21, 48]","[178.11, 18]",175.1,191,2.21,0.31
07:31:27,"[174.0, 50]","[171.0, 121]","[175.9, 41]","[176.78, 27]",174.95,239,1.9,0.43
07:31:28,"[174.03, 37]","[171.12, 103]","[177.4, 50]","[179.0, 10]",175.71,200,3.37,0.4
07:31:29,"[175.0, 9]","[174.0, 36]","[178.0, 45]","[179.0, 9]",176.5,99,3.0,-0.09
07:31:30,"[176.6, 10]","[174.0, 40]","[178.0, 50]","[179.0, 10]",177.3,110,1.4,-0.09
07:31:31,"[177.0, 5]","[174.0, 20]","[178.0, 25]","[179.0, 5]",177.5,55,1.0,-0.09
07:31:32,"[175.0, 24]","[173.67, 48]","[177.86, 58]","[178.5, 20]",176.43,150,2.86,-0.04
07:31:33,"[174.0, 36]","[173.0, 40]","[177.0, 75]","[178.0, 23]",175.5,174,3.0,-0.13
07:31:34,"[173.6, 30]","[172.04, 69]","[175.83, 58]","[177.71, 35]",174.71,192,2.23,0.03
07:31:35,"[173.0, 32]","[171.0, 88]","[175.0, 32]","[178.0, 8]",174.0,160,2.0,0.5
07:31:36,"[173.0, 24]","[171.0, 99]","[174.11, 36]","[178.0, 9]",173.56,168,1.11,0.46
07:31:37,"[171.0, 110]","[170.0, 54]","[177.0, 18]","[179.67, 18]",174.0,200,6.0,0.64
07:31:38,"[171.0, 110]","[170.0, 52]","[175.08, 50]","[179.96, 46]",173.04,258,4.08,0.26
07:31:39,"[171.0, 127]","[170.0, 36]","[174.54, 39]","[176.25, 60]",172.77,262,3.54,0.24
07:31:40,"[171.0, 102]","[169.17, 108]","[173.27, 30]","[175.13, 75]",172.13,315,2.27,0.33
07:31:41,"[171.0, 74]","[169.68, 59]","[175.52, 46]","[177.86, 70]",173.26,249,4.52,0.07
07:31:42,"[172.0, 44]","[171.0, 44]","[175.55, 44]","[177.0, 55]",173.77,187,3.55,-0.06
07:31:43,"[172.0, 40]","[171.0, 40]","[174.2, 40]","[177.2, 50]",173.1,170,2.2,-0.06
07:31:44,"[171.44, 36]","[170.31, 51]","[175.05, 38]","[177.5, 40]",173.25,165,3.61,0.05
07:31:45,"[171.0, 44]","[170.0, 77]","[175.93, 43]","[176.68, 47]",173.47,211,4.93,0.15
07:31:46,"[170.36, 56]","[169.08, 65]","[175.0, 11]","[176.0, 57]",172.68,189,4.64,0.28
07:31:47,"[170.0, 70]","[168.0, 60]","[172.39, 18]","[175.0, 24]",171.19,172,2.39,0.51
07:31:48,"[170.0, 41]","[168.0, 40]","[172.0, 12]","[177.0, 32]",171.0,125,2.0,0.3
07:31:49,"[170.0, 47]","[168.0, 45]","[172.83, 12]","[176.84, 37]",171.42,141,2.83,0.3
07:31:50,"[170.67, 21]","[168.11, 37]","[176.0, 36]","[179.0, 45]",173.33,139,5.33,-0.17
07:31:51,"[171.64, 77]","[170.0, 11]","[176.0, 44]","[179.0, 55]",173.82,187,4.36,-0.06
07:31:52,"[172.0, 35]","[170.0, 5]","[176.0, 20]","[179.0, 27]",174.0,87,4.0,-0.08
07:31:53,"[172.0, 77]","[170.0, 11]","[179.0, 69]","[447.84, 31]",175.5,188,7.0,-0.06
07:31:54,"[172.0, 44]","[170.0, 8]","[179.0, 40]","[370.5, 24]",175.5,116,7.0,-0.1
07:31:55,"[172.0, 45]","[170.0, 9]","[179.0, 45]","[392.44, 27]",175.5,126,7.0,-0.14
07:31:56,"[172.0, 70]","[170.0, 14]","[179.0, 70]","[307.85, 40]",175.5,194,7.0,-0.13
07:31:57,"[172.0, 35]","[170.0, 7]","[179.0, 35]","[342.5, 16]",175.5,93,7.0,-0.1
07:31:58,"[172.26, 47]","[171.36, 22]","[179.0, 50]","[452.0, 16]",175.63,135,6.74,0.02
07:31:59,"[172.0, 45]","[170.0, 9]","[179.0, 45]","[395.0, 17]",175.5,116,7.0,-0.07
07:32:00,"[172.0, 80]","[170.62, 16]","[179.0, 80]","[400.25, 16]",175.5,192,7.0,0.0
07:32:01,"[172.0, 40]","[171.0, 8]","[179.0, 40]","[228.38, 8]",175.5,96,7.0,0.0
07:32:02,"[172.0, 35]","[171.0, 7]","[177.84, 19]","[180.61, 23]",174.92,84,5.84,0.0
07:32:03,"[172.0, 35]","[171.0, 7]","[175.33, 9]","[176.05, 19]",173.67,70,3.33,0.2
07:32:04,"[172.0, 29]","[171.0, 7]","[173.57, 7]","[178.0, 25]",172.79,68,1.57,0.06
07:32:05,"[172.0, 17]","[171.0, 10]","[176.41, 22]","[212.3, 44]",174.2,93,4.41,-0.42
07:32:06,"[172.0, 43]","[171.0, 8]","[178.0, 40]","[322.75, 24]",175.0,115,6.0,-0.11
07:32:07,"[173.88, 34]","[172.0, 127]","[178.0, 85]","[345.94, 35]",175.94,281,4.12,0.15
07:32:08,"[172.35, 69]","[171.62, 73]","[178.0, 55]","[222.78, 23]",175.17,220,5.65,0.29
07:32:09,"[172.0, 44]","[171.0, 8]","[178.0, 20]","[232.0, 12]",175.0,84,6.0,0.24
07:32:10,"[172.0, 110]","[171.0, 20]","[177.1, 50]","[181.38, 48]",174.55,228,5.1,0.14
07:32:11,"[173.91, 22]","[172.45, 40]","[177.0, 55]","[178.0, 55]",175.45,172,3.09,-0.28
07:32:12,"[172.11, 71]","[171.76, 58]","[176.09, 44]","[178.57, 63]",174.1,236,3.98,0.09
07:32:13,"[172.71, 56]","[171.85, 53]","[176.0, 36]","[180.0, 48]",174.36,193,3.29,0.13
07:32:14,"[172.08, 100]","[171.29, 31]","[179.71, 69]","[236.09, 32]",175.9,232,7.63,0.13
07:32:15,"[172.0, 56]","[171.0, 14]","[180.0, 28]","[182.0, 21]",176.0,119,8.0,0.18
07:32:16,"[172.0, 70]","[171.0, 22]","[179.4, 50]","[180.77, 39]",175.7,181,7.4,0.02
07:32:17,"[172.0, 60]","[171.0, 20]","[179.0, 50]","[180.0, 40]",175.5,170,7.0,-0.06
07:32:18,"[172.0, 42]","[171.0, 14]","[178.86, 35]","[180.0, 43]",175.43,134,6.86,-0.16
07:32:19,"[172.0, 24]","[171.0, 8]","[178.0, 20]","[180.0, 16]",175.0,68,6.0,-0.06
07:32:20,"[172.0, 44]","[171.0, 18]","[178.0, 45]","[180.0, 36]",175.0,143,6.0,-0.13
07:32:21,"[172.0, 40]","[171.0, 20]","[177.1, 50]","[180.0, 40]",174.55,150,5.1,-0.2
07:32:22,"[172.0, 36]","[171.0, 18]","[176.0, 45]","[180.0, 36]",174.0,135,4.0,-0.2
07:32:23,"[171.96, 46]","[170.85, 26]","[174.32, 59]","[175.96, 52]",173.14,183,2.37,-0.21
07:32:24,"[171.0, 15]","[169.5, 40]","[173.36, 70]","[176.6, 52]",172.18,177,2.36,-0.38
07:32:25,"[170.75, 12]","[168.75, 24]","[172.78, 45]","[177.5, 40]",171.76,121,2.03,-0.4
07:32:26,"[173.67, 12]","[171.0, 38]","[178.35, 43]","[180.95, 41]",176.01,134,4.68,-0.25
07:32:27,"[173.25, 8]","[171.82, 22]","[178.0, 39]","[183.35, 23]",175.62,92,4.75,-0.35
07:32:28,"[172.0, 17]","[170.0, 14]","[177.41, 34]","[180.09, 23]",174.71,88,5.41,-0.3
07:32:29,"[172.53, 17]","[170.17, 24]","[176.15, 52]","[178.0, 39]",174.34,132,3.62,-0.38
07:32:30,"[174.88, 51]","[172.0, 17]","[176.0, 68]","[177.13, 71]",175.44,207,1.12,-0.34
07:32:31,"[175.0, 33]","[172.0, 11]","[176.0, 44]","[177.0, 33]",175.5,121,1.0,-0.27
07:32:32,"[168.63, 19]","[167.29, 31]","[177.0, 21]","[181.0, 28]",172.82,99,8.37,0.01
07:32:33,"[168.0, 52]","[167.0, 79]","[176.38, 26]","[185.71, 34]",172.19,191,8.38,0.37
07:32:34,"[169.63, 209]","[167.92, 48]","[176.0, 26]","[180.0, 13]",172.82,296,6.37,0.74
07:32:35,"[170.0, 102]","[168.0, 24]","[176.0, 12]","[180.0, 6]",173.0,144,6.0,0.75
07:32:36,"[170.0, 154]","[168.0, 44]","[176.0, 22]","[180.0, 31]",173.0,251,6.0,0.58
07:32:37,"[170.79, 168]","[168.0, 56]","[176.0, 28]","[180.0, 14]",173.39,266,5.21,0.68
07:32:38,"[172.43, 138]","[171.15, 118]","[176.0, 28]","[180.0, 14]",174.22,298,3.57,0.72
07:32:39,"[173.0, 168]","[172.0, 84]","[175.71, 34]","[179.0, 16]",174.35,302,2.71,0.67
07:32:40,"[173.14, 71]","[172.42, 83]","[175.66, 29]","[179.43, 14]",174.4,197,2.51,0.56
07:32:41,"[173.0, 62]","[172.0, 66]","[176.0, 22]","[180.55, 11]",174.5,161,3.0,0.59
07:32:42,"[173.0, 28]","[172.0, 42]","[178.86, 14]","[181.0, 7]",175.93,91,5.86,0.54
07:32:43,"[173.0, 56]","[172.0, 84]","[180.04, 27]","[191.69, 16]",176.52,183,7.04,0.53
07:32:44,"[173.0, 32]","[172.0, 48]","[181.0, 8]","[188.0, 24]",177.0,112,8.0,0.43
07:32:45,"[173.0, 44]","[172.0, 66]","[181.0, 11]","[307.62, 39]",177.0,160,8.0,0.38
07:32:46,"[172.51, 37]","[171.6, 30]","[181.0, 7]","[465.61, 23]",176.76,97,8.49,0.38
07:32:47,"[172.37, 67]","[170.64, 56]","[180.23, 13]","[192.26, 43]",176.3,179,7.86,0.37
07:32:48,"[172.0, 50]","[169.0, 36]","[176.0, 18]","[179.67, 9]",174.0,113,4.0,0.52
07:32:49,"[172.0, 47]","[169.0, 44]","[176.0, 22]","[179.0, 11]",174.0,124,4.0,0.47
07:32:50,"[172.0, 8]","[169.0, 32]","[181.12, 17]","[266.0, 29]",176.56,86,9.12,-0.07
07:32:51,"[172.0, 9]","[169.0, 36]","[179.27, 44]","[200.51, 35]",175.64,124,7.27,-0.27
07:32:52,"[172.58, 12]","[169.78, 27]","[179.0, 60]","[182.0, 48]",175.79,147,6.42,-0.47
07:32:53,"[172.75, 8]","[170.29, 14]","[176.75, 16]","[179.0, 40]",174.75,78,4.0,-0.44
07:32:54,"[172.0, 6]","[169.0, 24]","[175.83, 12]","[179.0, 30]",173.92,72,3.83,-0.17
07:32:55,"[172.94, 17]","[169.16, 38]","[175.8, 25]","[179.3, 54]",174.37,134,2.86,-0.18
07:32:56,"[173.03, 29]","[169.45, 33]","[179.0, 66]","[183.0, 48]",176.02,176,5.97,-0.3
07:32:57,"[172.06, 77]","[170.58, 76]","[176.71, 14]","[178.55, 77]",174.39,244,4.65,0.25
07:32:58,"[173.4, 10]","[172.0, 80]","[178.92, 59]","[181.38, 37]",176.16,186,5.52,-0.03
07:32:59,"[172.46, 50]","[171.18, 88]","[179.0, 76]","[181.0, 56]",175.73,270,6.54,0.02
07:33:00,"[172.0, 129]","[170.2, 60]","[178.0, 48]","[179.0, 60]",175.0,297,6.0,0.27
07:33:01,"[172.0, 108]","[171.0, 54]","[175.74, 35]","[177.14, 28]",173.87,225,3.74,0.44
07:33:02,"[172.0, 134]","[171.0, 90]","[175.52, 63]","[179.94, 62]",173.76,349,3.52,0.28
07:33:03,"[172.0, 27]","[171.0, 66]","[179.2, 15]","[180.37, 54]",175.6,162,7.2,0.15
07:33:04,"[172.0, 15]","[171.0, 90]","[178.0, 15]","[180.93, 75]",175.0,195,6.0,0.08
07:33:05,"[171.05, 44]","[170.63, 19]","[176.44, 9]","[181.0, 45]",173.74,117,5.4,0.08
07:33:06,"[171.23, 122]","[170.89, 94]","[174.24, 17]","[180.87, 113]",172.73,346,3.01,0.25
07:33:07,"[171.0, 78]","[170.0, 12]","[174.0, 12]","[180.0, 60]",172.5,162,3.0,0.11
07:33:08,"[171.0, 84]","[170.0, 14]","[173.64, 14]","[179.62, 64]",172.32,176,2.64,0.11
07:33:09,"[171.0, 84]","[170.0, 14]","[172.5, 14]","[179.0, 74]",171.75,186,1.5,0.05
07:33:10,"[171.0, 66]","[170.0, 13]","[176.55, 33]","[178.33, 60]",173.77,172,5.55,-0.08
07:33:11,"[171.33, 54]","[170.57, 21]","[178.55, 49]","[206.66, 41]",174.94,165,7.22,-0.09
07:33:12,"[172.69, 52]","[171.56, 64]","[176.08, 24]","[177.36, 45]",174.39,185,3.39,0.25
07:33:13,"[171.69, 29]","[170.87, 23]","[176.0, 16]","[177.0, 32]",173.84,100,4.31,0.04
07:33:14,"[168.5, 48]","[167.23, 106]","[174.9, 20]","[177.0, 40]",171.7,214,6.4,0.44
07:33:15,"[168.8, 30]","[167.6, 105]","[176.6, 47]","[246.61, 49]",172.7,231,7.8,0.17
07:33:16,"[171.07, 14]","[168.0, 203]","[175.57, 14]","[176.87, 46]",173.32,277,4.5,0.57
07:33:17,"[172.0, 12]","[168.51, 70]","[174.42, 12]","[175.42, 12]",173.21,106,2.42,0.55
07:33:18,"[171.5, 10]","[170.11, 45]","[177.0, 19]","[339.44, 16]",174.25,90,5.5,0.22
07:33:19,"[176.41, 22]","[173.2, 91]","[269.71, 14]","[461.81, 31]",223.06,158,93.31,0.43
07:33:20,"[178.0, 15]","[176.0, 176]","[394.06, 17]","[487.0, 36]",286.03,244,216.06,0.57
07:33:21,"[176.01, 145]","[174.2, 25]","[380.2, 10]","[465.86, 14]",278.11,194,204.19,0.75
07:33:22,"[176.0, 128]","[174.0, 48]","[263.75, 8]","[398.71, 14]",219.88,198,87.75,0.78
07:33:23,"[176.0, 92]","[173.45, 22]","[280.43, 7]","[420.62, 13]",228.21,134,104.43,0.7
07:33:24,"[176.0, 120]","[171.0, 10]","[279.0, 10]","[355.6, 10]",227.5,150,103.0,0.73
07:33:25,"[176.0, 57]","[171.0, 6]","[279.0, 6]","[469.0, 6]",227.5,75,103.0,0.68
07:33:26,"[176.0, 72]","[173.31, 13]","[278.0, 8]","[279.0, 8]",227.0,101,102.0,0.68
07:33:27,"[176.0, 99]","[174.0, 22]","[270.9, 29]","[275.77, 13]",223.45,163,94.9,0.48
07:33:28,"[176.0, 102]","[174.0, 24]","[267.25, 12]","[268.25, 12]",221.62,150,91.25,0.68
07:33:29,"[176.0, 98]","[174.0, 28]","[250.06, 16]","[267.86, 14]",213.03,156,74.06,0.62
07:33:30,"[176.0, 58]","[174.0, 24]","[177.9, 30]","[222.0, 18]",176.95,130,1.9,0.26
07:33:31,"[176.0, 40]","[174.0, 22]","[177.37, 19]","[195.05, 19]",176.68,100,1.37,0.24
07:33:32,"[175.5, 32]","[172.53, 60]","[177.0, 60]","[183.0, 24]",176.25,176,1.5,0.05
07:33:33,"[172.05, 86]","[171.5, 24]","[176.92, 49]","[180.18, 34]",174.48,193,4.87,0.14
07:33:34,"[172.0, 82]","[171.0, 14]","[173.71, 14]","[178.5, 30]",172.86,140,1.71,0.37
07:33:35,"[172.0, 55]","[170.15, 47]","[174.0, 11]","[183.0, 66]",173.0,179,2.0,0.14
07:33:36,"[172.0, 43]","[170.07, 80]","[174.0, 13]","[182.95, 74]",173.0,210,2.0,0.17
07:33:37,"[172.0, 33]","[171.0, 11]","[173.23, 26]","[178.94, 17]",172.62,87,1.23,0.01
07:33:38,"[171.91, 35]","[170.23, 39]","[173.03, 33]","[174.92, 13]",172.47,120,1.12,0.23
07:33:39,"[172.0, 30]","[171.0, 56]","[177.36, 22]","[179.92, 26]",174.68,134,5.36,0.28
07:33:40,"[172.0, 11]","[171.0, 88]","[179.0, 22]","[182.9, 42]",175.5,163,7.0,0.21
07:33:41,"[171.59, 17]","[170.96, 83]","[179.0, 22]","[182.09, 44]",175.29,166,7.41,0.2
07:33:42,"[171.0, 77]","[170.0, 33]","[179.0, 22]","[181.0, 44]",175.0,176,8.0,0.25
07:33:43,"[171.0, 56]","[170.0, 24]","[179.0, 16]","[181.0, 32]",175.0,128,8.0,0.25
07:33:44,"[177.11, 110]","[170.88, 48]","[179.0, 16]","[181.0, 32]",178.05,206,1.89,0.53
07:33:45,"[178.0, 144]","[171.0, 70]","[179.0, 20]","[181.0, 40]",178.5,274,1.0,0.56
07:33:46,"[178.0, 84]","[171.77, 31]","[179.0, 14]","[181.0, 28]",178.5,157,1.0,0.46
07:33:47,"[178.0, 75]","[172.0, 28]","[179.0, 14]","[181.0, 28]",178.5,145,1.0,0.42
07:33:48,"[178.0, 126]","[173.48, 122]","[179.0, 28]","[181.0, 56]",178.5,332,1.0,0.49
07:33:49,"[178.0, 63]","[174.0, 105]","[179.0, 14]","[181.0, 28]",178.5,210,1.0,0.6
07:33:50,"[178.0, 65]","[174.0, 120]","[179.0, 16]","[181.0, 32]",178.5,233,1.0,0.59
07:33:51,"[178.0, 80]","[174.0, 150]","[179.0, 20]","[181.0, 40]",178.5,290,1.0,0.59
07:33:52,"[178.0, 80]","[174.0, 150]","[179.0, 20]","[194.33, 45]",178.5,295,1.0,0.56
07:33:53,"[178.0, 80]","[174.0, 150]","[179.0, 20]","[181.0, 40]",178.5,290,1.0,0.59
07:33:54,"[178.0, 38]","[174.0, 150]","[179.0, 20]","[181.0, 40]",178.5,248,1.0,0.52
07:33:55,"[178.0, 14]","[174.0, 105]","[179.0, 14]","[181.0, 28]",178.5,161,1.0,0.48
07:33:56,"[174.76, 37]","[173.7, 106]","[179.0, 16]","[181.0, 32]",176.88,191,4.24,0.5
07:33:57,"[174.0, 125]","[172.0, 88]","[179.0, 22]","[181.0, 44]",176.5,279,5.0,0.53
07:33:58,"[174.03, 134]","[172.18, 114]","[179.0, 28]","[181.0, 56]",176.51,332,4.97,0.49
07:33:59,"[175.0, 72]","[174.0, 180]","[177.07, 42]","[178.12, 50]",176.04,344,2.07,0.47
07:34:00,"[175.0, 28]","[174.0, 110]","[176.36, 25]","[178.0, 36]",175.68,199,1.36,0.39
07:34:01,"[174.3, 47]","[173.37, 102]","[177.0, 33]","[180.0, 44]",175.65,226,2.7,0.32
07:34:02,"[174.0, 80]","[172.0, 64]","[176.12, 24]","[180.0, 38]",175.06,206,2.12,0.4
07:34:03,"[174.0, 118]","[172.0, 104]","[175.85, 39]","[180.0, 52]",174.92,313,1.85,0.42
07:34:04,"[174.0, 46]","[172.0, 80]","[179.21, 38]","[316.47, 34]",176.61,198,5.21,0.27
07:34:05,"[174.0, 40]","[172.0, 88]","[180.0, 44]","[235.91, 43]",177.0,215,6.0,0.19
07:34:06,"[174.0, 22]","[172.71, 109]","[180.0, 44]","[183.0, 33]",177.0,208,6.0,0.26
07:34:07,"[174.0, 28]","[172.0, 112]","[179.45, 49]","[181.29, 49]",176.72,238,5.45,0.18
07:34:08,"[174.0, 34]","[172.0, 108]","[177.53, 51]","[180.63, 62]",175.76,255,3.53,0.11
07:34:09,"[174.0, 20]","[172.0, 49]","[176.0, 30]","[182.9, 30]",175.0,129,2.0,0.07
07:34:10,"[173.03, 31]","[171.93, 43]","[177.0, 33]","[182.27, 33]",175.02,140,3.97,0.06
07:34:11,"[172.0, 27]","[171.0, 7]","[182.0, 21]","[183.0, 21]",177.0,76,10.0,-0.11
07:34:12,"[172.0, 12]","[171.0, 12]","[181.4, 45]","[270.46, 52]",176.7,121,9.4,-0.6
07:34:13,"[172.0, 15]","[171.0, 15]","[179.96, 28]","[207.61, 38]",175.98,96,7.96,-0.38
07:34:14,"[172.0, 18]","[171.0, 12]","[179.0, 24]","[181.0, 36]",175.5,90,7.0,-0.33
07:34:15,"[170.63, 114]","[169.3, 80]","[178.54, 26]","[179.55, 44]",174.59,264,7.91,0.47
07:34:16,"[178.0, 26]","[170.75, 64]","[179.0, 15]","[180.0, 33]",178.5,138,1.0,0.3
07:34:17,"[178.0, 18]","[176.0, 18]","[179.0, 9]","[180.0, 27]",178.5,72,1.0,0.0
07:34:18,"[178.0, 8]","[176.0, 8]","[179.0, 4]","[180.0, 12]",178.5,32,1.0,0.0
07:34:19,"[178.0, 20]","[176.0, 20]","[179.0, 10]","[180.0, 30]",178.5,80,1.0,0.0
07:34:20,"[173.81, 42]","[174.67, 24]","[179.0, 11]","[180.0, 33]",176.4,110,5.19,0.2
07:34:21,"[170.0, 188]","[168.0, 40]","[178.17, 18]","[202.19, 21]",174.08,267,8.17,0.71
07:34:22,"[170.0, 99]","[168.0, 36]","[177.0, 27]","[178.29, 17]",173.5,179,7.0,0.51
07:34:23,"[170.86, 84]","[169.47, 90]","[176.0, 40]","[176.92, 49]",173.43,263,5.14,0.32
07:34:24,"[170.41, 147]","[169.82, 67]","[174.49, 49]","[176.15, 48]",172.45,311,4.08,0.38
07:34:25,"[170.0, 187]","[169.0, 17]","[172.08, 65]","[173.32, 31]",171.04,300,2.08,0.36
07:34:26,"[169.97, 71]","[168.6, 15]","[171.47, 51]","[174.04, 27]",170.72,164,1.5,0.05
07:34:27,"[168.19, 26]","[167.03, 29]","[174.17, 36]","[175.35, 34]",171.18,125,5.97,-0.12
07:34:28,"[168.0, 27]","[166.0, 18]","[171.44, 27]","[173.89, 27]",169.72,99,3.44,-0.09
07:34:29,"[167.09, 33]","[143.2, 20]","[173.57, 42]","[177.47, 34]",170.33,129,6.48,-0.18
07:34:30,"[167.78, 37]","[166.0, 17]","[176.6, 25]","[177.88, 25]",172.19,104,8.82,0.04
07:34:31,"[168.6, 43]","[166.94, 18]","[176.0, 26]","[178.0, 39]",172.3,126,7.4,-0.03
07:34:32,"[170.06, 54]","[168.29, 35]","[176.0, 24]","[178.0, 36]",173.03,149,5.94,0.19
07:34:33,"[170.0, 33]","[165.89, 18]","[176.0, 22]","[178.0, 33]",173.0,106,6.0,-0.04
07:34:34,"[169.36, 28]","[166.97, 62]","[176.0, 24]","[178.0, 36]",172.68,150,6.64,0.2
07:34:35,"[167.54, 13]","[166.91, 23]","[176.0, 18]","[178.0, 27]",171.77,81,8.46,-0.11
07:34:36,"[170.12, 99]","[167.62, 29]","[176.0, 26]","[178.0, 39]",173.06,193,5.88,0.33
07:34:37,"[171.38, 91]","[170.71, 82]","[176.73, 22]","[201.48, 23]",174.06,218,5.34,0.59
07:34:38,"[172.0, 63]","[171.0, 126]","[176.67, 36]","[178.0, 27]",174.33,252,4.67,0.5
07:34:39,"[172.0, 138]","[171.0, 196]","[175.42, 50]","[186.92, 37]",173.71,421,3.42,0.59
07:34:40,"[172.0, 80]","[171.0, 140]","[178.8, 30]","[231.14, 14]",175.4,264,6.8,0.67
07:34:41,"[172.93, 30]","[171.8, 140]","[179.0, 48]","[196.33, 61]",175.97,279,6.07,0.22
07:34:42,"[174.0, 10]","[172.0, 80]","[179.0, 30]","[244.4, 40]",176.5,160,5.0,0.12
07:34:43,"[174.0, 7]","[172.0, 56]","[179.0, 21]","[346.91, 55]",176.5,139,5.0,-0.09
07:34:44,"[172.33, 24]","[171.36, 88]","[179.0, 24]","[358.57, 42]",175.67,178,6.67,0.26
07:34:45,"[172.0, 40]","[171.0, 112]","[179.0, 24]","[354.15, 33]",175.5,209,7.0,0.45
07:34:46,"[172.15, 39]","[171.05, 132]","[179.0, 33]","[299.0, 55]",175.58,259,6.85,0.32
07:34:47,"[172.27, 11]","[171.03, 115]","[179.0, 27]","[275.0, 36]",175.64,189,6.73,0.33
07:34:48,"[171.01, 101]","[168.24, 174]","[179.0, 33]","[270.77, 53]",175.0,361,7.99,0.52
07:34:49,"[172.29, 77]","[170.17, 108]","[179.0, 30]","[348.33, 45]",175.64,260,6.71,0.42
07:34:50,"[178.0, 59]","[172.0, 78]","[179.0, 39]","[301.65, 62]",178.5,238,1.0,0.15
07:34:51,"[178.0, 5]","[172.0, 30]","[225.32, 19]","[272.57, 23]",201.66,77,47.32,-0.09
07:34:52,"[172.35, 51]","[171.18, 98]","[192.18, 17]","[220.04, 46]",182.26,212,19.82,0.41
07:34:53,"[172.0, 36]","[171.0, 60]","[179.0, 6]","[207.0, 24]",175.5,126,7.0,0.52
07:34:54,"[172.0, 54]","[171.0, 90]","[179.0, 9]","[207.0, 36]",175.5,189,7.0,0.52
07:34:55,"[172.0, 36]","[171.0, 60]","[179.0, 6]","[207.0, 24]",175.5,126,7.0,0.52
07:34:56,"[172.0, 78]","[170.64, 110]","[179.0, 12]","[227.0, 48]",175.5,248,7.0,0.52
07:34:57,"[172.0, 48]","[170.0, 48]","[179.0, 6]","[237.57, 23]",175.5,125,7.0,0.54
07:34:58,"[172.0, 72]","[170.03, 66]","[179.0, 9]","[226.86, 35]",175.5,182,7.0,0.52
07:34:59,"[172.0, 83]","[171.0, 22]","[178.83, 12]","[210.37, 51]",175.42,168,6.83,0.25
07:35:00,"[172.0, 84]","[171.0, 24]","[175.98, 44]","[176.84, 31]",173.99,183,3.98,0.18
07:35:01,"[170.97, 72]","[168.92, 120]","[172.78, 55]","[174.72, 32]",171.88,279,1.81,0.38
07:35:02,"[169.58, 52]","[168.06, 202]","[357.6, 30]","[494.17, 18]",263.59,302,188.02,0.68
07:35:03,"[174.0, 10]","[170.5, 32]","[226.11, 44]","[471.04, 26]",200.06,112,52.11,-0.25
07:35:04,"[174.0, 6]","[170.0, 28]","[178.38, 24]","[193.38, 48]",176.19,106,4.38,-0.36
07:35:05,"[174.0, 9]","[170.0, 54]","[177.44, 27]","[179.0, 66]",175.72,156,3.44,-0.19
07:35:06,"[173.5, 8]","[169.21, 53]","[176.5, 24]","[180.88, 67]",175.0,152,3.0,-0.2
07:35:07,"[168.21, 181]","[166.99, 95]","[175.27, 33]","[180.3, 69]",171.74,378,7.06,0.46
07:35:08,"[171.03, 62]","[168.26, 210]","[174.22, 32]","[177.64, 44]",172.63,348,3.19,0.56
07:35:09,"[171.0, 42]","[170.0, 63]","[173.95, 19]","[177.0, 30]",172.47,154,2.95,0.36
07:35:10,"[171.0, 84]","[170.0, 126]","[172.0, 42]","[173.0, 14]",171.5,266,1.0,0.58
07:35:11,"[171.0, 47]","[170.0, 102]","[172.16, 25]","[176.1, 31]",171.58,205,1.16,0.45
07:35:12,"[171.0, 16]","[170.0, 96]","[172.75, 8]","[177.0, 48]",171.88,168,1.75,0.33
07:35:13,"[171.7, 20]","[170.28, 50]","[176.91, 55]","[296.09, 23]",174.3,148,5.21,-0.05
07:35:14,"[172.0, 10]","[171.0, 10]","[177.0, 30]","[319.0, 15]",174.5,65,5.0,-0.38
07:35:15,"[172.0, 18]","[171.0, 45]","[177.0, 54]","[332.68, 19]",174.5,136,5.0,-0.07
07:35:16,"[172.0, 32]","[171.0, 70]","[176.24, 75]","[190.8, 45]",174.12,222,4.24,-0.08
07:35:17,"[171.4, 30]","[170.23, 82]","[175.35, 49]","[176.12, 52]",173.37,213,3.95,0.05
07:35:18,"[171.0, 26]","[169.23, 26]","[173.69, 29]","[175.67, 36]",172.34,117,2.69,-0.11
07:35:19,"[171.0, 52]","[169.0, 24]","[172.0, 24]","[174.6, 40]",171.5,140,1.0,0.09
07:35:20,"[171.0, 40]","[169.0, 24]","[174.5, 32]","[177.2, 40]",172.75,136,3.5,-0.06
07:35:21,"[173.4, 30]","[170.45, 22]","[177.87, 62]","[211.23, 13]",175.64,127,4.47,-0.18
07:35:22,"[174.25, 28]","[172.0, 35]","[178.0, 39]","[263.0, 24]",176.12,126,3.75,0.0
07:35:23,"[175.0, 14]","[174.0, 42]","[178.0, 14]","[322.4, 30]",176.5,100,3.0,0.12
07:35:24,"[174.2, 10]","[168.49, 78]","[177.64, 14]","[283.0, 10]",175.92,112,3.44,0.57
07:35:25,"[174.0, 10]","[168.0, 100]","[177.0, 50]","[178.8, 10]",175.5,170,3.0,0.29
07:35:26,"[174.0, 15]","[168.98, 59]","[176.67, 66]","[177.33, 27]",175.33,167,2.67,-0.11
07:35:27,"[169.41, 34]","[167.86, 71]","[175.0, 22]","[176.0, 55]",172.21,182,5.59,0.15
07:35:28,"[168.0, 64]","[164.03, 71]","[172.42, 52]","[174.04, 49]",170.21,236,4.42,0.14
07:35:29,"[168.0, 56]","[164.0, 50]","[170.15, 26]","[171.6, 35]",169.08,167,2.15,0.27
07:35:30,"[165.65, 34]","[138.47, 47]","[168.91, 22]","[174.36, 55]",167.28,158,3.26,0.03
07:35:31,"[164.0, 50]","[67.58, 26]","[169.67, 18]","[175.12, 49]",166.83,143,5.67,0.06
07:35:32,"[168.38, 74]","[149.36, 53]","[172.78, 49]","[175.4, 60]",170.58,236,4.4,0.08
07:35:33,"[170.0, 36]","[164.0, 30]","[174.11, 27]","[176.81, 26]",172.06,119,4.11,0.11
07:35:34,"[170.15, 26]","[166.25, 32]","[177.0, 24]","[179.0, 30]",173.58,112,6.85,0.04
07:35:35,"[172.0, 8]","[170.0, 48]","[179.0, 40]","[180.0, 32]",175.5,128,7.0,-0.12
07:35:36,"[172.0, 9]","[170.0, 54]","[178.32, 31]","[179.19, 43]",175.16,137,6.32,-0.08
07:35:37,"[172.0, 12]","[170.5, 72]","[178.0, 46]","[179.28, 58]",175.0,188,6.0,-0.11
07:35:38,"[172.0, 29]","[171.0, 72]","[177.47, 51]","[179.25, 57]",174.74,209,5.47,-0.03
07:35:39,"[171.22, 45]","[167.46, 61]","[177.48, 48]","[180.33, 54]",174.35,208,6.26,0.02
07:35:40,"[171.0, 53]","[166.83, 41]","[178.0, 45]","[182.0, 36]",174.5,175,7.0,0.07
07:35:41,"[171.0, 62]","[168.0, 70]","[177.13, 52]","[179.23, 65]",174.07,249,6.13,0.06
07:35:42,"[171.0, 48]","[168.0, 66]","[175.17, 36]","[178.52, 54]",173.08,204,4.17,0.12
07:35:43,"[171.0, 36]","[168.0, 63]","[179.59, 37]","[327.56, 36]",175.3,172,8.59,0.15
07:35:44,"[178.0, 17]","[171.87, 92]","[180.0, 85]","[308.67, 75]",179.0,269,2.0,-0.19
07:35:45,"[178.0, 5]","[172.0, 40]","[180.0, 25]","[234.2, 20]",179.0,90,2.0,0.0
07:35:46,"[178.0, 5]","[172.0, 40]","[179.45, 22]","[195.65, 23]",178.73,90,1.45,0.0
07:35:47,"[172.0, 104]","[170.0, 91]","[178.46, 52]","[179.88, 64]",175.23,311,6.46,0.25
07:35:48,"[172.0, 72]","[170.46, 39]","[177.89, 36]","[179.83, 24]",174.94,171,5.89,0.3
07:35:49,"[172.0, 72]","[171.0, 27]","[177.56, 36]","[180.0, 9]",174.78,144,5.56,0.38
07:35:50,"[172.0, 40]","[171.0, 15]","[176.2, 20]","[177.4, 5]",174.1,80,4.2,0.38
07:35:51,"[172.0, 48]","[171.0, 27]","[174.89, 36]","[177.0, 9]",173.44,120,2.89,0.25
07:35:52,"[172.0, 40]","[171.0, 30]","[173.0, 40]","[178.6, 10]",172.5,120,1.0,0.17
07:35:53,"[171.73, 33]","[170.56, 48]","[173.0, 48]","[179.0, 12]",172.36,141,1.27,0.15
07:35:54,"[172.0, 34]","[171.0, 30]","[173.0, 40]","[179.0, 10]",172.5,114,1.0,0.12
07:35:55,"[174.0, 37]","[171.03, 34]","[177.52, 23]","[181.25, 12]",175.76,106,3.52,0.34
07:35:56,"[174.43, 28]","[170.6, 40]","[176.1, 50]","[179.0, 10]",175.26,128,1.67,0.06
07:35:57,"[174.0, 30]","[171.0, 20]","[176.0, 50]","[179.67, 15]",175.0,115,2.0,-0.13
07:35:58,"[172.96, 23]","[170.15, 66]","[175.08, 65]","[179.82, 22]",174.02,176,2.12,0.01
07:35:59,"[170.25, 16]","[169.76, 37]","[174.0, 35]","[179.0, 12]",172.12,100,3.75,0.06
07:36:00,"[170.0, 40]","[169.0, 30]","[173.5, 50]","[178.71, 17]",171.75,137,3.5,0.02
07:36:01,"[170.05, 42]","[169.14, 28]","[173.43, 21]","[177.36, 11]",171.74,102,3.38,0.37
07:36:02,"[170.3, 27]","[169.5, 16]","[175.4, 10]","[177.0, 10]",172.85,63,5.1,0.37
07:36:03,"[170.0, 33]","[169.0, 11]","[173.36, 11]","[174.91, 11]",171.68,66,3.36,0.33
07:36:04,"[170.0, 18]","[168.0, 78]","[175.0, 6]","[178.0, 6]",172.5,108,5.0,0.78
07:36:05,"[170.0, 12]","[168.0, 52]","[175.0, 4]","[178.0, 4]",172.5,72,5.0,0.78
07:36:06,"[170.05, 22]","[168.06, 94]","[175.0, 8]","[178.0, 8]",172.52,132,4.95,0.76
07:36:07,"[170.04, 25]","[168.06, 107]","[174.73, 11]","[177.67, 9]",172.38,152,4.69,0.74
07:36:08,"[170.0, 34]","[168.0, 156]","[172.31, 32]","[174.75, 12]",171.16,234,2.31,0.62
07:36:09,"[168.95, 19]","[167.75, 134]","[176.0, 10]","[177.4, 10]",172.47,173,7.05,0.77
07:36:10,"[168.0, 52]","[166.0, 119]","[176.0, 7]","[177.0, 7]",172.0,185,8.0,0.85
07:36:11,"[166.11, 73]","[165.85, 144]","[222.56, 18]","[254.92, 13]",194.33,248,56.45,0.75
07:36:12,"[166.12, 85]","[165.1, 29]","[178.0, 24]","[387.0, 24]",172.06,162,11.88,0.41
07:36:13,"[168.0, 30]","[166.0, 96]","[178.0, 18]","[386.79, 19]",173.0,163,10.0,0.55
07:36:14,"[168.0, 35]","[166.0, 112]","[178.0, 21]","[237.22, 9]",173.0,177,10.0,0.66
07:36:15,"[168.0, 40]","[166.0, 128]","[178.0, 24]","[280.0, 16]",173.0,208,10.0,0.62
07:36:16,"[168.0, 40]","[166.0, 128]","[177.75, 24]","[253.26, 23]",172.88,215,9.75,0.56
07:36:17,"[167.76, 41]","[166.38, 119]","[177.0, 42]","[178.64, 42]",172.38,244,9.24,0.31
07:36:18,"[167.0, 127]","[164.1, 84]","[177.0, 27]","[179.0, 27]",172.0,265,10.0,0.59
07:36:19,"[167.0, 117]","[166.0, 36]","[172.73, 41]","[177.44, 27]",169.87,221,5.73,0.38
07:36:20,"[167.0, 130]","[166.0, 40]","[172.0, 50]","[177.0, 30]",169.5,250,5.0,0.36
07:36:21,"[167.42, 67]","[166.88, 103]","[171.08, 39]","[172.5, 30]",169.25,239,3.66,0.42
07:36:22,"[168.0, 56]","[166.36, 182]","[169.57, 56]","[172.0, 42]",168.79,336,1.57,0.42
07:36:23,"[166.19, 86]","[165.04, 50]","[171.08, 26]","[173.5, 24]",168.63,186,4.89,0.46
07:36:24,"[166.0, 136]","[164.0, 44]","[172.0, 30]","[177.0, 33]",169.0,243,6.0,0.48
07:36:25,"[167.36, 88]","[165.76, 136]","[173.54, 41]","[184.88, 40]",170.45,305,6.17,0.47
07:36:26,"[167.5, 32]","[165.85, 104]","[174.0, 38]","[175.0, 50]",170.75,224,6.5,0.21
07:36:27,"[165.33, 89]","[164.35, 68]","[174.0, 27]","[175.0, 27]",169.66,211,8.67,0.49
07:36:28,"[165.0, 77]","[164.0, 28]","[173.0, 16]","[174.0, 21]",169.0,142,8.0,0.48
07:36:29,"[165.0, 110]","[164.0, 40]","[172.76, 21]","[173.43, 35]",168.88,206,7.76,0.46
07:36:30,"[165.0, 121]","[164.0, 44]","[171.12, 32]","[173.13, 23]",168.06,220,6.12,0.5
07:36:31,"[165.0, 143]","[163.07, 136]","[169.14, 43]","[170.1, 58]",167.07,380,4.14,0.47
07:36:32,"[164.97, 97]","[163.14, 73]","[166.69, 65]","[168.53, 43]",165.83,278,1.72,0.22
07:36:33,"[163.23, 77]","[162.93, 82]","[166.0, 20]","[171.39, 44]",164.62,223,2.77,0.43
07:36:34,"[164.0, 104]","[162.77, 169]","[170.47, 47]","[195.23, 53]",167.23,373,6.47,0.46
07:36:35,"[164.0, 52]","[162.0, 117]","[170.2, 20]","[190.33, 36]",167.1,225,6.2,0.5
07:36:36,"[164.0, 21]","[162.0, 91]","[166.0, 7]","[167.2, 25]",165.0,144,2.0,0.56
07:36:37,"[165.33, 9]","[164.0, 27]","[166.83, 24]","[170.33, 36]",166.08,96,1.5,-0.25
07:36:38,"[164.2, 20]","[162.14, 84]","[167.0, 26]","[173.0, 32]",165.6,162,2.8,0.28
07:36:39,"[163.4, 20]","[162.19, 80]","[167.0, 30]","[173.0, 39]",165.2,169,3.6,0.18
07:36:40,"[164.78, 9]","[162.16, 77]","[167.0, 27]","[173.0, 45]",165.89,158,2.22,0.09
07:36:41,"[166.55, 31]","[162.46, 46]","[172.68, 57]","[297.69, 39]",169.62,173,6.14,-0.11
07:36:42,"[167.78, 36]","[165.0, 9]","[172.95, 40]","[366.85, 39]",170.36,124,5.17,-0.27
07:36:43,"[169.71, 42]","[168.59, 49]","[172.0, 16]","[173.0, 32]",170.86,139,2.29,0.31
07:36:44,"[171.7, 20]","[169.0, 40]","[173.48, 27]","[192.45, 31]",172.59,118,1.78,0.02
07:36:45,"[170.62, 26]","[166.89, 74]","[174.08, 39]","[232.21, 52]",172.35,191,3.46,0.05
07:36:46,"[171.5, 16]","[169.0, 64]","[173.5, 64]","[175.94, 48]",172.5,192,2.0,-0.17
07:36:47,"[169.0, 32]","[163.0, 48]","[173.0, 24]","[176.0, 24]",171.0,128,4.0,0.25
07:36:48,"[169.0, 24]","[163.06, 32]","[172.67, 18]","[176.0, 18]",170.83,92,3.67,0.22
07:36:49,"[168.0, 48]","[165.6, 40]","[171.86, 28]","[175.53, 34]",169.93,150,3.86,0.17
07:36:50,"[166.0, 32]","[164.0, 16]","[167.4, 15]","[170.45, 11]",166.7,74,1.4,0.3
07:36:51,"[164.11, 36]","[162.4, 30]","[167.0, 9]","[172.0, 18]",165.56,93,2.89,0.42
07:36:52,"[169.0, 60]","[162.25, 32]","[175.59, 22]","[378.22, 37]",172.3,151,6.59,0.22
07:36:53,"[172.0, 35]","[162.0, 20]","[176.0, 12]","[390.0, 20]",174.0,87,4.0,0.26
07:36:54,"[172.0, 55]","[163.86, 58]","[381.38, 48]","[501.65, 68]",276.69,229,209.38,-0.01
07:36:55,"[172.0, 18]","[164.29, 21]","[517.22, 45]","[689.19, 37]",344.61,121,345.22,-0.36
07:36:56,"[172.0, 8]","[162.73, 11]","[221.0, 15]","[568.0, 12]",196.5,46,49.0,-0.17
07:36:57,"[168.4, 15]","[162.29, 21]","[410.27, 22]","[680.83, 23]",289.34,81,241.87,-0.11
07:36:58,"[162.0, 20]","[160.0, 40]","[568.0, 16]","[656.0, 20]",365.0,96,406.0,0.25
07:36:59,"[162.0, 60]","[160.0, 120]","[309.38, 45]","[487.37, 49]",235.69,274,147.38,0.31
07:37:00,"[162.0, 50]","[160.0, 100]","[165.0, 50]","[172.0, 20]",163.5,220,3.0,0.36
07:37:01,"[162.61, 46]","[160.5, 80]","[168.85, 26]","[191.5, 32]",165.73,184,6.24,0.37
07:37:02,"[164.0, 40]","[161.4, 50]","[165.28, 29]","[169.0, 20]",164.64,139,1.28,0.29
07:37:03,"[166.41, 34]","[162.6, 50]","[169.45, 22]","[428.27, 30]",167.93,136,3.04,0.24
07:37:04,"[167.75, 24]","[162.59, 34]","[172.0, 22]","[656.67, 45]",169.88,125,4.25,-0.07
07:37:05,"[168.62, 26]","[163.95, 22]","[171.26, 19]","[380.26, 43]",169.94,110,2.65,-0.13
07:37:06,"[167.13, 15]","[161.74, 47]","[173.6, 30]","[560.56, 61]",170.37,153,6.47,-0.19
07:37:07,"[169.33, 12]","[165.02, 112]","[175.0, 24]","[418.0, 12]",172.17,160,5.67,0.55
07:37:08,"[171.0, 9]","[165.0, 99]","[175.0, 18]","[444.19, 16]",173.0,142,4.0,0.52
07:37:09,"[167.92, 26]","[166.94, 62]","[175.0, 16]","[714.0, 32]",171.46,136,7.08,0.29
07:37:10,"[167.17, 72]","[166.54, 26]","[175.0, 16]","[540.67, 39]",171.08,153,7.83,0.28
07:37:11,"[169.27, 44]","[168.29, 102]","[418.86, 50]","[587.06, 51]",294.07,247,249.59,0.18
07:37:12,"[176.82, 56]","[175.0, 46]","[364.8, 50]","[496.73, 37]",270.81,189,187.98,0.08
07:37:13,"[177.5, 32]","[176.38, 64]","[412.0, 40]","[501.71, 17]",294.75,153,234.5,0.25
07:37:14,"[178.58, 24]","[176.88, 82]","[580.81, 63]","[613.19, 21]",379.7,190,402.23,0.12
07:37:15,"[177.0, 40]","[176.0, 80]","[505.77, 13]","[600.42, 31]",341.38,164,328.77,0.46
07:37:16,"[177.0, 70]","[176.0, 140]","[192.33, 21]","[374.46, 41]",184.67,272,15.33,0.54
07:37:17,"[177.0, 52]","[176.0, 120]","[191.08, 24]","[459.6, 30]",184.04,226,14.08,0.52
07:37:18,"[176.11, 54]","[175.91, 66]","[188.91, 22]","[315.5, 22]",182.51,164,12.8,0.46
07:37:19,"[175.95, 44]","[173.83, 24]","[189.5, 24]","[274.1, 20]",182.73,112,13.55,0.21
07:37:20,"[176.0, 9]","[175.0, 7]","[188.57, 14]","[285.0, 7]",182.29,37,12.57,-0.14
07:37:21,"[176.0, 11]","[175.0, 11]","[185.81, 37]","[196.93, 28]",180.91,87,9.81,-0.49
07:37:22,"[176.0, 16]","[175.0, 16]","[182.36, 44]","[183.43, 65]",179.18,141,6.36,-0.55
07:37:23,"[176.0, 10]","[175.0, 10]","[178.38, 13]","[180.71, 24]",177.19,57,2.38,-0.3
07:37:24,"[173.63, 41]","[172.95, 86]","[176.7, 47]","[179.7, 20]",175.17,194,3.07,0.31
07:37:25,"[173.31, 78]","[172.74, 108]","[177.38, 39]","[179.86, 21]",175.35,246,4.08,0.51
07:37:26,"[173.0, 112]","[172.0, 52]","[177.56, 32]","[178.22, 27]",175.28,223,4.56,0.47
07:37:27,"[173.0, 46]","[172.0, 24]","[175.88, 16]","[177.43, 14]",174.44,100,2.88,0.4
07:37:28,"[172.93, 46]","[171.92, 39]","[174.89, 27]","[270.13, 23]",173.91,135,1.95,0.26
07:37:29,"[172.0, 42]","[171.0, 97]","[177.0, 28]","[293.55, 33]",174.5,200,5.0,0.39
07:37:30,"[171.58, 38]","[168.62, 58]","[176.8, 20]","[281.18, 11]",174.19,127,5.22,0.51
07:37:31,"[171.0, 33]","[167.16, 57]","[174.92, 24]","[361.83, 48]",172.96,162,3.92,0.11
07:37:32,"[171.0, 14]","[170.0, 7]","[173.14, 14]","[272.11, 27]",172.07,62,2.14,-0.32
07:37:33,"[171.0, 14]","[170.0, 7]","[173.0, 14]","[176.88, 32]",172.0,67,2.0,-0.37
07:37:34,"[170.71, 14]","[167.52, 29]","[175.6, 30]","[184.52, 33]",173.16,106,4.89,-0.19
07:37:35,"[167.5, 24]","[166.25, 32]","[177.0, 40]","[316.4, 20]",172.25,116,9.5,-0.03
07:37:36,"[167.0, 60]","[164.0, 24]","[176.5, 60]","[201.33, 36]",171.75,180,9.5,-0.07
07:37:37,"[167.0, 105]","[164.0, 26]","[176.0, 65]","[297.74, 43]",171.5,239,9.0,0.1
07:37:38,"[171.24, 102]","[167.48, 33]","[176.0, 50]","[297.0, 20]",173.62,205,4.76,0.32
07:37:39,"[173.0, 116]","[169.0, 40]","[194.54, 41]","[234.71, 21]",183.77,218,21.54,0.43
07:37:40,"[176.88, 113]","[172.03, 66]","[234.0, 36]","[449.8, 15]",205.44,230,57.12,0.56
07:37:41,"[179.0, 143]","[174.35, 80]","[287.14, 21]","[469.76, 42]",233.07,286,108.14,0.56
07:37:42,"[179.0, 90]","[177.0, 54]","[280.0, 36]","[590.0, 36]",229.5,216,101.0,0.33
07:37:43,"[179.0, 45]","[177.0, 42]","[279.3, 10]","[375.14, 28]",229.15,125,100.3,0.39
07:37:44,"[179.0, 60]","[177.0, 72]","[276.67, 12]","[444.0, 48]",227.83,192,97.67,0.38
07:37:45,"[179.0, 50]","[177.0, 60]","[260.88, 34]","[324.26, 19]",219.94,163,81.88,0.35
07:37:46,"[179.0, 50]","[177.0, 60]","[259.31, 13]","[261.1, 40]",219.15,163,80.31,0.35
07:37:47,"[178.74, 46]","[176.78, 54]","[253.36, 11]","[258.23, 26]",216.05,137,74.62,0.46
07:37:48,"[177.0, 39]","[175.33, 72]","[246.09, 11]","[252.38, 26]",211.55,148,69.09,0.5
07:37:49,"[177.0, 27]","[176.0, 72]","[245.0, 9]","[267.78, 36]",211.0,144,68.0,0.38
07:37:50,"[177.0, 24]","[176.0, 64]","[244.5, 8]","[301.76, 34]",210.75,130,67.5,0.35
07:37:51,"[177.0, 18]","[176.0, 48]","[243.17, 6]","[294.0, 30]",210.08,102,66.17,0.29
07:37:52,"[177.0, 33]","[176.0, 88]","[242.82, 11]","[358.16, 50]",209.91,182,65.82,0.33
07:37:53,"[178.89, 110]","[176.69, 52]","[212.67, 30]","[311.09, 44]",195.78,236,33.78,0.37
07:37:54,"[179.0, 28]","[177.0, 12]","[242.0, 4]","[343.88, 17]",210.5,61,63.0,0.31
07:37:55,"[179.0, 35]","[177.0, 15]","[242.0, 5]","[447.0, 24]",210.5,79,63.0,0.27
07:37:56,"[179.0, 77]","[177.0, 33]","[241.36, 11]","[472.18, 44]",210.18,165,62.36,0.33
07:37:57,"[179.0, 74]","[177.0, 36]","[240.25, 12]","[325.04, 47]",209.62,169,61.25,0.3
07:37:58,"[179.0, 12]","[177.0, 36]","[239.92, 12]","[297.62, 42]",209.46,102,60.92,-0.06
07:37:59,"[179.0, 10]","[177.0, 30]","[230.62, 21]","[287.27, 22]",204.81,83,51.62,-0.04
07:38:00,"[177.7, 23]","[176.38, 64]","[220.4, 20]","[221.08, 25]",199.05,132,42.7,0.32
07:38:01,"[176.12, 77]","[175.24, 102]","[217.0, 41]","[217.91, 33]",196.56,253,40.88,0.42
07:38:02,"[176.0, 48]","[175.0, 72]","[213.29, 34]","[215.0, 28]",194.65,182,37.29,0.32
07:38:03,"[176.0, 48]","[175.0, 72]","[212.08, 24]","[213.06, 34]",194.04,178,36.08,0.35
07:38:04,"[175.5, 56]","[174.58, 72]","[209.07, 30]","[210.38, 32]",192.28,190,33.57,0.35
07:38:05,"[174.92, 76]","[173.83, 36]","[207.0, 24]","[210.0, 36]",190.96,172,32.08,0.3
07:38:06,"[175.0, 112]","[173.89, 44]","[202.0, 34]","[205.91, 33]",188.5,223,27.0,0.4
07:38:07,"[176.55, 22]","[175.0, 77]","[198.76, 21]","[199.61, 18]",187.65,138,22.22,0.43
07:38:08,"[177.0, 30]","[175.73, 105]","[193.19, 26]","[194.45, 31]",185.1,192,16.19,0.41
07:38:09,"[174.0, 48]","[174.15, 68]","[187.21, 19]","[188.46, 37]",180.61,172,13.21,0.35
07:38:10,"[174.2, 65]","[173.08, 50]","[183.92, 13]","[185.0, 26]",179.06,154,9.72,0.49
07:38:11,"[176.0, 13]","[175.0, 91]","[182.08, 24]","[183.53, 15]",179.04,143,6.08,0.45
07:38:12,"[175.28, 29]","[174.65, 68]","[179.23, 31]","[180.13, 23]",177.25,151,3.95,0.28
07:38:13,"[174.37, 63]","[172.71, 51]","[175.62, 26]","[178.65, 26]",174.99,166,1.25,0.37
07:38:14,"[173.0, 33]","[172.0, 33]","[174.0, 22]","[181.0, 55]",173.5,143,1.0,-0.08
07:38:15,"[173.0, 10]","[172.0, 30]","[234.92, 26]","[392.56, 32]",203.96,98,61.92,-0.18
07:38:16,"[172.33, 12]","[171.43, 28]","[239.5, 16]","[375.36, 22]",205.92,78,67.17,0.03
07:38:17,"[174.15, 13]","[171.54, 26]","[391.61, 23]","[491.0, 20]",282.88,82,217.45,-0.05
07:38:18,"[176.0, 16]","[172.0, 32]","[345.25, 80]","[459.74, 38]",260.62,166,169.25,-0.42
07:38:19,"[176.0, 7]","[172.0, 14]","[290.17, 23]","[508.9, 20]",233.09,64,114.17,-0.34
07:38:20,"[179.0, 48]","[176.0, 12]","[269.37, 43]","[395.06, 33]",224.19,136,90.37,-0.12
07:38:21,"[179.0, 24]","[176.0, 6]","[232.0, 24]","[349.5, 30]",205.5,84,53.0,-0.29
07:38:22,"[174.89, 76]","[171.71, 42]","[216.0, 24]","[287.71, 42]",195.45,184,41.11,0.28
07:38:23,"[173.0, 100]","[171.62, 96]","[206.0, 40]","[269.28, 47]",189.5,283,33.0,0.39
07:38:24,"[173.0, 120]","[172.0, 150]","[204.07, 60]","[317.13, 75]",188.53,405,31.07,0.33
07:38:25,"[173.0, 85]","[172.0, 170]","[201.53, 68]","[321.12, 50]",187.26,373,28.53,0.37
07:38:26,"[173.0, 50]","[172.0, 100]","[236.82, 39]","[452.28, 25]",204.91,214,63.82,0.4
07:38:27,"[173.0, 36]","[172.0, 60]","[328.0, 40]","[628.37, 27]",250.5,163,155.0,0.18
07:38:28,"[173.0, 54]","[172.0, 90]","[310.62, 29]","[351.97, 35]",241.81,208,137.62,0.38
07:38:29,"[173.0, 60]","[171.99, 84]","[327.0, 40]","[418.9, 50]",250.0,234,154.0,0.23
07:38:30,"[173.0, 22]","[172.0, 36]","[284.0, 32]","[370.33, 46]",228.5,136,111.0,-0.15
07:38:31,"[172.09, 22]","[171.38, 16]","[261.12, 40]","[326.74, 27]",216.61,105,89.03,-0.28
07:38:32,"[172.0, 24]","[171.0, 12]","[257.71, 52]","[325.33, 36]",214.86,124,85.71,-0.42
07:38:33,"[172.53, 30]","[171.11, 18]","[323.59, 41]","[324.39, 38]",248.06,127,151.05,-0.24
07:38:34,"[175.78, 37]","[171.93, 15]","[321.25, 32]","[323.0, 8]",248.52,92,145.47,0.13
07:38:35,"[176.8, 75]","[173.64, 61]","[266.55, 71]","[312.64, 66]",221.67,273,89.75,-0.0
07:38:36,"[179.0, 28]","[176.0, 35]","[279.0, 28]","[280.0, 14]",229.0,105,100.0,0.2
07:38:37,"[179.0, 64]","[176.0, 80]","[277.88, 64]","[280.0, 32]",228.44,240,98.88,0.2
07:38:38,"[179.0, 36]","[176.0, 60]","[264.65, 43]","[266.93, 41]",221.83,180,85.65,0.07
07:38:39,"[178.83, 36]","[176.35, 46]","[235.65, 48]","[246.03, 39]",207.24,169,56.81,-0.03
07:38:40,"[177.0, 14]","[176.0, 70]","[201.89, 45]","[212.11, 27]",189.44,156,24.89,0.08
07:38:41,"[174.58, 33]","[172.52, 27]","[176.11, 36]","[178.33, 33]",175.34,129,1.54,-0.07
07:38:42,"[170.64, 22]","[168.25, 71]","[175.59, 17]","[309.08, 25]",173.11,135,4.95,0.38
07:38:43,"[168.32, 109]","[116.64, 95]","[176.22, 18]","[187.67, 21]",172.27,243,7.9,0.68
07:38:44,"[175.0, 9]","[168.0, 117]","[177.0, 9]","[178.0, 36]",176.0,171,2.0,0.47
07:38:45,"[175.0, 8]","[168.57, 88]","[176.5, 8]","[178.0, 32]",175.75,136,1.5,0.41
07:38:46,"[175.47, 30]","[169.66, 111]","[177.96, 53]","[326.32, 62]",176.71,256,2.5,0.1
07:38:47,"[176.0, 18]","[172.0, 45]","[178.0, 36]","[277.67, 36]",177.0,135,2.0,-0.07
07:38:48,"[172.81, 32]","[169.6, 80]","[177.67, 48]","[258.94, 47]",175.24,207,4.85,0.08
07:38:49,"[172.8, 10]","[169.6, 20]","[177.0, 36]","[369.14, 21]",174.9,87,4.2,-0.31
07:38:50,"[174.44, 16]","[170.89, 47]","[176.96, 67]","[393.69, 49]",175.7,179,2.52,-0.3
07:38:51,"[175.0, 10]","[173.0, 40]","[176.79, 56]","[306.1, 40]",175.89,146,1.79,-0.32
07:38:52,"[173.91, 11]","[172.87, 23]","[176.31, 26]","[177.25, 32]",175.11,92,2.4,-0.26
07:38:53,"[173.0, 20]","[172.0, 10]","[175.9, 40]","[178.0, 40]",174.45,110,2.9,-0.45
07:38:54,"[173.73, 30]","[169.14, 84]","[177.43, 56]","[464.96, 45]",175.58,215,3.7,0.06
07:38:55,"[175.0, 56]","[172.0, 7]","[177.92, 26]","[251.07, 27]",176.46,116,2.92,0.09
07:38:56,"[175.0, 96]","[172.0, 12]","[176.25, 24]","[178.5, 48]",175.62,180,1.25,0.2
07:38:57,"[175.16, 50]","[174.62, 55]","[179.0, 80]","[383.0, 24]",177.08,209,3.84,0.0
07:38:58,"[176.0, 62]","[174.35, 46]","[179.0, 56]","[334.8, 35]",177.5,199,3.0,0.09
07:38:59,"[176.0, 69]","[172.0, 30]","[179.0, 40]","[378.31, 39]",177.5,178,3.0,0.11
07:39:00,"[176.0, 48]","[172.89, 27]","[179.0, 52]","[501.48, 54]",177.5,181,3.0,-0.17
07:39:01,"[174.59, 37]","[170.29, 41]","[179.0, 56]","[185.0, 56]",176.8,190,4.41,-0.18
07:39:02,"[168.43, 23]","[167.0, 28]","[179.0, 40]","[222.6, 40]",173.72,131,10.57,-0.22
07:39:03,"[168.71, 14]","[167.57, 21]","[179.0, 28]","[279.0, 28]",173.86,91,10.29,-0.23
07:39:04,"[170.67, 18]","[168.52, 23]","[179.0, 36]","[279.0, 36]",174.83,113,8.33,-0.27
07:39:05,"[169.78, 18]","[167.88, 25]","[226.67, 27]","[309.32, 31]",198.22,101,56.89,-0.15
07:39:06,"[169.69, 29]","[167.86, 21]","[178.0, 22]","[359.3, 50]",173.84,122,8.31,-0.18
07:39:07,"[172.26, 42]","[169.43, 35]","[178.0, 20]","[275.0, 13]",175.13,110,5.74,0.4
07:39:08,"[170.0, 40]","[167.59, 29]","[178.0, 20]","[678.35, 43]",174.0,132,8.0,0.05
07:39:09,"[170.0, 48]","[168.0, 180]","[285.0, 40]","[325.12, 24]",227.5,292,115.0,0.56
07:39:10,"[170.0, 46]","[168.0, 105]","[257.6, 10]","[341.0, 10]",213.8,171,87.6,0.77
07:39:11,"[170.0, 63]","[168.0, 135]","[257.0, 36]","[258.86, 21]",213.5,255,87.0,0.55
07:39:12,"[170.0, 45]","[168.0, 135]","[256.44, 36]","[267.0, 9]",213.22,225,86.44,0.6
07:39:13,"[171.33, 12]","[169.36, 47]","[255.22, 37]","[366.5, 12]",213.27,108,83.88,0.09
07:39:14,"[170.33, 27]","[168.04, 150]","[254.11, 36]","[450.0, 9]",212.22,222,83.78,0.59
07:39:15,"[170.0, 30]","[168.0, 240]","[251.9, 40]","[398.36, 28]",210.95,338,81.9,0.6
07:39:16,"[170.0, 21]","[168.0, 168]","[248.89, 27]","[287.84, 25]",209.44,241,78.89,0.57
07:39:17,"[168.24, 109]","[167.92, 148]","[171.62, 32]","[184.89, 36]",169.93,325,3.39,0.58
07:39:18,"[168.06, 188]","[167.43, 47]","[453.17, 29]","[472.53, 38]",310.62,302,285.11,0.56
07:39:19,"[168.43, 61]","[167.35, 97]","[481.24, 25]","[634.32, 25]",324.83,208,312.81,0.52
07:39:20,"[176.0, 12]","[169.16, 124]","[291.0, 36]","[462.96, 45]",233.5,217,115.0,0.25
07:39:21,"[172.08, 77]","[169.76, 92]","[196.93, 28]","[402.29, 34]",184.5,231,24.85,0.46
07:39:22,"[172.0, 156]","[171.0, 60]","[193.73, 56]","[194.74, 43]",182.87,315,21.73,0.37
07:39:23,"[172.0, 169]","[171.0, 65]","[191.17, 58]","[192.41, 59]",181.59,351,19.17,0.33
07:39:24,"[172.0, 153]","[171.0, 75]","[189.03, 68]","[189.96, 67]",180.51,363,17.03,0.26
07:39:25,"[172.0, 57]","[171.0, 55]","[188.43, 46]","[201.34, 53]",180.22,211,16.43,0.06
07:39:26,"[172.0, 27]","[171.0, 45]","[187.32, 37]","[196.56, 34]",179.66,143,15.32,0.01
07:39:27,"[172.69, 29]","[171.27, 55]","[184.26, 53]","[214.63, 41]",178.48,178,11.57,-0.06
07:39:28,"[174.0, 14]","[171.58, 36]","[183.0, 70]","[184.0, 42]",178.5,162,9.0,-0.38
07:39:29,"[173.33, 18]","[168.63, 57]","[182.67, 60]","[184.0, 36]",178.0,171,9.33,-0.12
07:39:30,"[171.0, 30]","[168.0, 173]","[180.82, 38]","[182.57, 42]",175.91,283,9.82,0.43
07:39:31,"[170.02, 49]","[167.99, 204]","[177.25, 40]","[178.14, 44]",173.64,337,7.23,0.5
07:39:32,"[168.42, 86]","[167.76, 42]","[176.0, 21]","[389.1, 29]",172.21,178,7.58,0.44
07:39:33,"[168.38, 47]","[167.15, 110]","[173.88, 25]","[204.44, 27]",171.13,209,5.5,0.5
07:39:34,"[168.0, 56]","[167.0, 168]","[311.75, 32]","[439.69, 58]",239.88,314,143.75,0.43
07:39:35,"[169.0, 56]","[168.0, 32]","[398.07, 30]","[539.16, 25]",283.53,143,229.07,0.23
07:39:36,"[168.64, 44]","[167.25, 64]","[175.0, 32]","[341.12, 25]",171.82,165,6.36,0.31
07:39:37,"[170.1, 40]","[167.75, 48]","[175.0, 40]","[291.0, 50]",172.55,178,4.9,-0.01
07:39:38,"[172.8, 20]","[170.31, 26]","[175.0, 20]","[260.0, 25]",173.9,91,2.2,0.01
07:39:39,"[174.0, 33]","[172.0, 44]","[175.0, 44]","[260.0, 55]",174.5,176,1.0,-0.12
07:39:40,"[172.26, 23]","[171.21, 19]","[174.8, 20]","[235.71, 28]",173.53,90,2.54,-0.07
07:39:41,"[172.0, 28]","[171.0, 39]","[174.0, 26]","[175.0, 52]",173.0,145,2.0,-0.08
07:39:42,"[172.0, 12]","[171.0, 36]","[173.8, 60]","[244.73, 60]",172.9,168,1.8,-0.43
07:39:43,"[171.0, 36]","[170.0, 84]","[172.58, 36]","[174.0, 48]",171.79,204,1.58,0.18
07:39:44,"[170.29, 49]","[168.89, 126]","[171.77, 39]","[174.46, 52]",171.03,266,1.48,0.32
07:39:45,"[170.0, 48]","[168.0, 168]","[175.36, 44]","[226.02, 41]",172.68,301,5.36,0.44
07:39:46,"[168.45, 80]","[167.44, 146]","[177.0, 64]","[237.56, 32]",172.72,322,8.55,0.4
07:39:47,"[170.75, 24]","[167.0, 144]","[177.0, 48]","[246.0, 24]",173.88,240,6.25,0.4
07:39:48,"[167.79, 71]","[166.62, 96]","[176.93, 43]","[241.75, 32]",172.36,242,9.14,0.38
07:39:49,"[166.85, 39]","[156.63, 19]","[176.0, 7]","[177.0, 28]",171.42,93,9.15,0.25
07:39:50,"[144.0, 63]","[122.0, 18]","[169.35, 23]","[175.43, 23]",156.67,127,25.35,0.28
07:39:51,"[144.0, 49]","[112.73, 15]","[162.0, 27]","[204.4, 15]",153.0,106,18.0,0.21
07:39:52,"[148.28, 36]","[127.07, 44]","[162.0, 36]","[229.33, 27]",155.14,143,13.72,0.12
07:39:53,"[154.79, 19]","[140.28, 25]","[162.0, 24]","[368.0, 18]",158.39,86,7.21,0.02
07:39:54,"[148.11, 18]","[135.67, 18]","[162.0, 36]","[363.38, 39]",155.06,111,13.89,-0.35
07:39:55,"[150.52, 21]","[140.22, 18]","[162.0, 36]","[322.12, 43]",156.26,118,11.48,-0.34
07:39:56,"[155.77, 52]","[149.0, 22]","[235.82, 44]","[425.6, 43]",195.79,161,80.05,-0.08
07:39:57,"[167.05, 20]","[163.69, 29]","[481.19, 47]","[586.46, 52]",324.12,148,314.14,-0.34
07:39:58,"[166.0, 18]","[164.0, 9]","[309.0, 44]","[522.73, 37]",237.5,108,143.0,-0.5
07:39:59,"[166.0, 18]","[164.0, 9]","[206.33, 45]","[439.0, 36]",186.17,108,40.33,-0.5
07:40:00,"[170.0, 22]","[167.0, 16]","[399.0, 29]","[586.18, 22]",284.5,89,229.0,-0.15
07:40:01,"[176.0, 61]","[171.94, 35]","[461.42, 52]","[622.96, 47]",318.71,195,285.42,-0.02
07:40:02,"[176.0, 35]","[174.0, 15]","[380.11, 18]","[447.0, 22]",278.06,90,204.11,0.11
07:40:03,"[176.0, 75]","[174.0, 33]","[342.02, 43]","[410.7, 40]",259.01,191,166.02,0.13
07:40:04,"[176.0, 62]","[173.85, 39]","[227.0, 52]","[354.43, 56]",201.5,209,51.0,-0.03
07:40:05,"[175.37, 57]","[171.39, 93]","[224.18, 44]","[225.22, 37]",199.78,231,48.81,0.3
07:40:06,"[177.56, 54]","[173.71, 42]","[220.47, 34]","[222.33, 36]",199.01,166,42.92,0.16
07:40:07,"[178.0, 28]","[174.0, 21]","[219.53, 17]","[220.33, 18]",198.76,84,41.53,0.17
07:40:08,"[178.0, 48]","[175.82, 66]","[218.08, 24]","[220.0, 36]",198.04,174,40.08,0.31
07:40:09,"[178.0, 40]","[176.0, 60]","[216.82, 28]","[218.0, 22]",197.41,150,38.82,0.33
07:40:10,"[178.0, 20]","[176.0, 30]","[214.08, 13]","[215.5, 12]",196.04,75,36.08,0.33
07:40:11,"[178.0, 52]","[176.0, 78]","[210.74, 38]","[214.44, 27]",194.37,195,32.74,0.33
07:40:12,"[178.0, 58]","[176.0, 90]","[200.55, 33]","[227.52, 46]",189.27,227,22.55,0.3
07:40:13,"[178.0, 28]","[176.0, 84]","[191.0, 51]","[193.62, 34]",184.5,197,13.0,0.14
07:40:14,"[177.03, 31]","[175.94, 51]","[189.0, 55]","[191.0, 33]",183.02,170,11.97,-0.04
07:40:15,"[176.0, 50]","[175.0, 10]","[188.35, 48]","[190.53, 32]",182.18,140,12.35,-0.14
07:40:16,"[176.0, 78]","[175.0, 18]","[184.29, 66]","[186.23, 78]",180.14,240,8.29,-0.2
07:40:17,"[174.35, 20]","[171.5, 111]","[177.42, 65]","[178.62, 69]",175.88,265,3.07,-0.01
07:40:18,"[171.16, 98]","[170.05, 111]","[174.5, 40]","[175.48, 31]",172.83,280,3.34,0.49
07:40:19,"[171.0, 172]","[168.0, 77]","[173.45, 51]","[174.91, 43]",172.23,343,2.45,0.45
07:40:20,"[171.0, 90]","[168.0, 63]","[173.56, 27]","[175.0, 36]",172.28,216,2.56,0.42
07:40:21,"[171.01, 94]","[168.21, 98]","[173.33, 54]","[280.14, 56]",172.17,302,2.32,0.27
07:40:22,"[171.0, 40]","[168.0, 56]","[173.0, 32]","[284.12, 32]",172.0,160,2.0,0.2
07:40:23,"[171.0, 45]","[168.0, 98]","[180.74, 47]","[263.98, 47]",175.87,237,9.74,0.21
07:40:24,"[168.0, 15]","[167.0, 5]","[201.0, 5]","[275.0, 20]",184.5,45,33.0,-0.11
07:40:25,"[174.67, 21]","[171.56, 39]","[199.4, 15]","[200.07, 29]",187.03,104,24.73,0.15
07:40:26,"[175.0, 10]","[172.0, 25]","[199.0, 5]","[200.0, 15]",187.0,55,24.0,0.27
07:40:27,"[175.0, 24]","[172.0, 60]","[198.08, 12]","[199.64, 28]",186.54,124,23.08,0.35
07:40:28,"[174.35, 23]","[171.92, 49]","[181.5, 16]","[185.31, 13]",177.92,101,7.15,0.43
07:40:29,"[172.0, 40]","[171.0, 32]","[173.88, 8]","[175.25, 8]",172.94,88,1.88,0.64
07:40:30,"[172.0, 52]","[171.0, 52]","[174.54, 13]","[175.62, 13]",173.27,130,2.54,0.6
07:40:31,"[172.0, 29]","[171.0, 32]","[203.0, 12]","[298.8, 20]",187.5,93,31.0,0.31
07:40:32,"[173.43, 7]","[171.05, 21]","[255.44, 16]","[557.71, 14]",214.43,58,82.01,-0.03
07:40:33,"[177.0, 32]","[172.0, 34]","[455.39, 41]","[626.15, 53]",316.2,160,278.39,-0.17
07:40:34,"[177.0, 15]","[172.0, 11]","[264.6, 20]","[408.83, 18]",220.8,64,87.6,-0.19
07:40:35,"[177.0, 17]","[172.0, 6]","[179.0, 24]","[487.67, 18]",178.0,65,2.0,-0.29
07:40:36,"[177.0, 14]","[172.0, 7]","[419.23, 22]","[608.11, 27]",298.11,70,242.23,-0.4
07:40:37,"[177.0, 12]","[172.0, 6]","[391.62, 21]","[518.14, 21]",284.31,60,214.62,-0.4
07:40:38,"[173.7, 33]","[171.75, 24]","[478.0, 40]","[574.66, 41]",325.85,138,304.3,-0.17
07:40:39,"[174.0, 72]","[173.0, 24]","[530.97, 33]","[547.0, 39]",352.48,168,356.97,0.14
07:40:40,"[173.83, 18]","[172.77, 13]","[276.75, 16]","[351.54, 26]",225.29,73,102.92,-0.15
07:40:41,"[173.57, 21]","[171.0, 18]","[197.67, 24]","[294.3, 40]",185.62,103,24.1,-0.24
07:40:42,"[178.0, 22]","[171.0, 33]","[197.0, 22]","[300.42, 24]",187.5,101,19.0,0.09
07:40:43,"[176.0, 14]","[170.58, 19]","[197.0, 18]","[276.33, 18]",186.5,69,21.0,-0.04
07:40:44,"[171.36, 11]","[169.73, 11]","[197.0, 22]","[247.36, 25]",184.18,69,25.64,-0.36
07:40:45,"[175.83, 23]","[171.79, 14]","[290.22, 51]","[295.35, 17]",233.02,105,114.39,-0.3
07:40:46,"[178.0, 48]","[176.0, 12]","[293.92, 48]","[439.62, 34]",235.96,142,115.92,-0.15
07:40:47,"[178.0, 40]","[176.0, 10]","[292.3, 40]","[424.21, 38]",235.15,128,114.3,-0.22
07:40:48,"[178.0, 36]","[176.0, 9]","[290.15, 33]","[383.44, 36]",234.08,114,112.15,-0.21
07:40:49,"[178.0, 24]","[176.0, 6]","[242.0, 8]","[287.89, 18]",210.0,56,64.0,0.07
07:40:50,"[175.21, 63]","[172.14, 57]","[257.14, 42]","[267.66, 41]",216.17,203,81.94,0.18
07:40:51,"[174.0, 143]","[171.0, 143]","[257.35, 43]","[257.57, 28]",215.67,357,83.35,0.6
07:40:52,"[174.0, 134]","[171.0, 151]","[241.45, 29]","[254.55, 22]",207.72,336,67.45,0.7
07:40:53,"[174.02, 81]","[171.19, 162]","[251.11, 36]","[254.0, 9]",212.57,288,77.09,0.69
07:40:54,"[176.0, 10]","[174.0, 100]","[248.7, 40]","[249.7, 40]",212.35,190,72.7,0.16
07:40:55,"[174.09, 44]","[171.47, 128]","[220.84, 19]","[241.2, 30]",197.47,221,46.75,0.56
07:40:56,"[174.0, 96]","[171.0, 96]","[210.07, 29]","[211.29, 17]",192.03,238,36.07,0.61
07:40:57,"[174.0, 144]","[171.0, 120]","[208.58, 24]","[209.33, 48]",191.29,336,34.58,0.57
07:40:58,"[174.0, 108]","[171.14, 105]","[205.19, 21]","[207.41, 39]",189.6,273,31.19,0.56
07:40:59,"[174.0, 96]","[172.0, 60]","[187.71, 24]","[191.48, 29]",180.85,209,13.71,0.49
07:41:00,"[172.79, 99]","[171.37, 95]","[175.06, 48]","[201.0, 37]",173.93,279,2.27,0.39
07:41:01,"[172.0, 127]","[171.0, 90]","[173.78, 36]","[327.8, 20]",172.89,273,1.78,0.59
07:41:02,"[172.0, 89]","[171.0, 110]","[342.75, 36]","[504.09, 32]",257.38,267,170.75,0.49
07:41:03,"[177.0, 45]","[174.6, 50]","[384.33, 18]","[410.12, 24]",280.67,137,207.33,0.39
07:41:04,"[178.0, 40]","[177.0, 56]","[322.75, 16]","[401.53, 17]",250.38,129,144.75,0.49
07:41:05,"[177.21, 71]","[175.62, 29]","[379.82, 22]","[508.66, 29]",278.51,151,202.61,0.32
07:41:06,"[177.0, 79]","[173.36, 22]","[356.64, 28]","[409.31, 32]",266.82,161,179.64,0.25
07:41:07,"[176.53, 19]","[173.62, 39]","[344.0, 22]","[350.45, 33]",260.26,113,167.47,0.03
07:41:08,"[174.0, 12]","[173.0, 60]","[295.68, 25]","[303.54, 35]",234.84,132,121.68,0.09
07:41:09,"[174.0, 15]","[173.0, 75]","[259.94, 31]","[286.1, 42]",216.97,163,85.94,0.1
07:41:10,"[174.0, 10]","[173.0, 50]","[249.8, 20]","[351.2, 30]",211.9,110,75.8,0.09
07:41:11,"[174.0, 13]","[173.0, 65]","[248.15, 26]","[378.68, 41]",211.08,145,74.15,0.08
07:41:12,"[173.44, 16]","[172.85, 41]","[247.6, 20]","[327.62, 26]",210.52,103,74.16,0.11
07:41:13,"[172.84, 25]","[171.41, 34]","[245.26, 19]","[247.89, 18]",209.05,96,72.42,0.23
07:41:14,"[172.75, 16]","[171.11, 56]","[247.0, 16]","[248.0, 16]",209.88,104,74.25,0.38
07:41:15,"[174.0, 4]","[172.0, 4]","[246.0, 4]","[247.0, 4]",210.0,16,72.0,0.0
07:41:16,"[171.65, 46]","[170.77, 26]","[244.44, 18]","[245.56, 18]",208.05,108,72.79,0.33
07:41:17,"[171.0, 40]","[170.0, 20]","[242.6, 10]","[244.2, 10]",206.8,80,71.6,0.5
07:41:18,"[171.0, 38]","[170.0, 44]","[230.81, 27]","[237.42, 24]",200.91,133,59.81,0.23
07:41:19,"[170.53, 17]","[169.5, 16]","[208.62, 26]","[209.92, 25]",189.57,84,38.09,-0.21
07:41:20,"[170.16, 19]","[168.36, 11]","[204.56, 41]","[206.31, 29]",187.36,100,34.4,-0.4
07:41:21,"[170.14, 21]","[168.8, 15]","[201.76, 42]","[202.93, 27]",185.95,105,31.62,-0.31
07:41:22,"[172.05, 21]","[169.49, 181]","[197.56, 88]","[198.92, 63]",184.8,353,25.51,0.14
07:41:23,"[171.14, 43]","[170.64, 42]","[193.83, 24]","[194.93, 30]",182.49,139,22.69,0.22
07:41:24,"[171.0, 80]","[170.0, 30]","[187.62, 29]","[188.56, 36]",179.31,175,16.62,0.26
07:41:25,"[171.0, 104]","[170.0, 39]","[182.64, 50]","[184.2, 30]",176.82,223,11.64,0.28
07:41:26,"[171.0, 88]","[170.0, 33]","[176.85, 41]","[177.84, 44]",173.93,206,5.85,0.17
07:41:27,"[171.0, 78]","[170.0, 39]","[173.64, 50]","[174.82, 34]",172.32,201,2.64,0.16
07:41:28,"[171.0, 56]","[170.0, 42]","[172.58, 43]","[173.18, 55]",171.79,196,1.58,0.0
07:41:29,"[168.56, 57]","[167.81, 62]","[171.15, 46]","[172.66, 70]",169.86,235,2.59,0.01
07:41:30,"[167.36, 44]","[154.69, 26]","[169.56, 45]","[182.63, 43]",168.46,158,2.19,-0.11
07:41:31,"[166.0, 17]","[134.29, 28]","[169.36, 33]","[335.57, 28]",167.68,106,3.36,-0.15
07:41:32,"[139.16, 19]","[113.94, 49]","[206.09, 23]","[287.08, 39]",172.62,130,66.93,0.05
07:41:33,"[125.0, 30]","[76.0, 72]","[318.64, 22]","[591.86, 14]",221.82,138,193.64,0.48
07:41:34,"[136.7, 43]","[130.3, 70]","[339.64, 22]","[471.75, 24]",238.17,159,202.94,0.42
07:41:35,"[149.02, 52]","[139.19, 69]","[345.45, 40]","[426.54, 26]",247.23,187,196.43,0.29
07:41:36,"[148.36, 77]","[136.55, 62]","[248.38, 21]","[349.71, 28]",198.37,188,100.02,0.48
07:41:37,"[172.0, 91]","[165.75, 87]","[389.82, 44]","[423.9, 42]",280.91,264,217.82,0.35
07:41:38,"[176.0, 63]","[172.0, 63]","[371.85, 26]","[445.71, 28]",273.92,180,195.85,0.4
07:41:39,"[176.0, 56]","[172.0, 56]","[366.0, 22]","[448.5, 20]",271.0,154,190.0,0.45
07:41:40,"[176.0, 63]","[172.0, 63]","[215.5, 24]","[304.0, 18]",195.75,168,39.5,0.5
07:41:41,"[175.78, 91]","[171.94, 128]","[258.22, 54]","[360.82, 66]",217.0,339,82.44,0.29
07:41:42,"[174.0, 12]","[172.0, 30]","[223.36, 22]","[282.0, 24]",198.68,88,49.36,-0.05
07:41:43,"[175.5, 8]","[174.0, 16]","[214.73, 30]","[220.87, 30]",195.12,84,39.23,-0.43
07:41:44,"[173.57, 23]","[172.15, 26]","[181.09, 44]","[194.4, 40]",177.33,133,7.53,-0.26
07:41:45,"[172.0, 98]","[168.0, 56]","[177.36, 56]","[178.86, 56]",174.68,266,5.36,0.16
07:41:46,"[172.0, 64]","[170.25, 48]","[174.17, 48]","[197.05, 38]",173.08,198,2.17,0.13
07:41:47,"[172.0, 27]","[171.0, 44]","[173.09, 44]","[276.67, 24]",172.55,139,1.09,0.02
07:41:48,"[172.0, 10]","[171.0, 40]","[173.0, 40]","[302.27, 30]",172.5,120,1.0,-0.17
07:41:49,"[170.73, 22]","[169.47, 38]","[264.75, 48]","[357.12, 32]",217.74,140,94.02,-0.14
07:41:50,"[173.73, 22]","[167.14, 14]","[363.0, 30]","[582.11, 18]",268.36,84,189.27,-0.14
07:41:51,"[174.0, 21]","[168.0, 28]","[534.67, 21]","[583.94, 17]",354.33,87,360.67,0.13
07:41:52,"[175.0, 9]","[174.0, 27]","[355.55, 22]","[419.42, 24]",265.27,82,180.55,-0.12
07:41:53,"[175.75, 8]","[174.0, 24]","[340.44, 18]","[553.64, 25]",258.1,75,164.69,-0.15
07:41:54,"[168.38, 63]","[171.54, 13]","[457.32, 19]","[679.62, 26]",312.85,121,288.93,0.26
07:41:55,"[178.0, 9]","[168.73, 99]","[316.0, 18]","[495.0, 27]",247.0,153,138.0,0.41
07:41:56,"[178.0, 9]","[176.0, 27]","[481.88, 25]","[535.6, 20]",329.94,81,303.88,-0.11
07:41:57,"[176.5, 20]","[171.43, 35]","[494.0, 30]","[553.0, 20]",335.25,105,317.5,0.05
07:41:58,"[173.74, 46]","[169.96, 48]","[383.43, 49]","[402.62, 48]",278.58,191,209.69,-0.02
07:41:59,"[174.0, 32]","[172.0, 40]","[314.44, 27]","[361.9, 29]",244.22,128,140.44,0.12
07:42:00,"[174.0, 52]","[172.0, 65]","[292.58, 48]","[401.44, 41]",233.29,206,118.58,0.14
07:42:01,"[174.0, 28]","[172.0, 70]","[241.38, 42]","[249.43, 60]",207.69,200,67.38,-0.02
07:42:02,"[173.76, 34]","[171.8, 79]","[197.38, 58]","[223.66, 68]",185.57,239,23.61,-0.05
07:42:03,"[169.84, 25]","[155.84, 19]","[192.11, 45]","[194.74, 43]",180.98,132,22.27,-0.33
07:42:04,"[166.8, 60]","[160.03, 32]","[190.0, 36]","[191.0, 60]",178.4,188,23.2,-0.02
07:42:05,"[173.11, 101]","[163.13, 53]","[188.81, 80]","[190.0, 48]",180.96,282,15.7,0.09
07:42:06,"[174.0, 80]","[126.38, 24]","[186.87, 38]","[188.03, 30]",180.43,172,12.87,0.21
07:42:07,"[174.0, 130]","[145.74, 38]","[183.54, 65]","[186.0, 65]",178.77,298,9.54,0.13
07:42:08,"[174.24, 142]","[171.25, 61]","[180.67, 75]","[182.2, 75]",177.45,353,6.43,0.15
07:42:09,"[176.0, 202]","[174.79, 70]","[177.33, 66]","[201.21, 56]",176.67,394,1.33,0.38
07:42:10,"[176.0, 33]","[175.0, 50]","[226.0, 50]","[294.58, 38]",201.0,171,50.0,-0.03
07:42:11,"[175.57, 14]","[174.61, 46]","[207.0, 50]","[349.22, 32]",191.29,142,31.43,-0.15
07:42:12,"[175.0, 24]","[172.0, 24]","[234.77, 39]","[434.61, 33]",204.88,120,59.77,-0.2
07:42:13,"[175.0, 21]","[172.0, 24]","[296.57, 35]","[627.08, 13]",235.79,93,121.57,-0.03
07:42:14,"[175.0, 36]","[172.12, 64]","[312.57, 28]","[427.0, 43]",243.79,171,137.57,0.17
07:42:15,"[175.19, 32]","[174.23, 26]","[310.75, 12]","[472.08, 48]",242.97,118,135.56,-0.02
07:42:16,"[178.0, 6]","[175.0, 18]","[308.83, 6]","[478.2, 15]",243.42,45,130.83,0.07
07:42:17,"[178.0, 13]","[175.0, 39]","[281.15, 13]","[377.6, 25]",229.58,90,103.15,0.16
07:42:18,"[178.0, 8]","[175.0, 24]","[250.75, 8]","[293.0, 8]",214.38,48,72.75,0.33
07:42:19,"[175.0, 27]","[174.0, 18]","[203.0, 18]","[228.75, 12]",189.0,75,28.0,0.2
07:42:20,"[175.35, 23]","[174.55, 22]","[184.0, 9]","[189.4, 30]",179.67,84,8.65,0.07
07:42:21,"[175.63, 19]","[174.56, 32]","[183.77, 13]","[575.68, 53]",179.7,117,8.14,-0.13
07:42:22,"[174.22, 9]","[172.17, 46]","[316.59, 17]","[555.64, 25]",245.41,97,142.37,0.13
07:42:23,"[174.8, 15]","[172.5, 24]","[190.44, 18]","[592.18, 17]",182.62,74,15.64,0.05
07:42:24,"[175.0, 18]","[174.0, 9]","[188.33, 36]","[190.0, 18]",181.67,81,13.33,-0.33
07:42:25,"[175.0, 16]","[174.0, 8]","[187.12, 32]","[190.0, 16]",181.06,72,12.12,-0.33
07:42:26,"[175.0, 30]","[174.0, 15]","[182.68, 50]","[183.84, 57]",178.84,152,7.68,-0.41
07:42:27,"[175.0, 15]","[174.0, 11]","[179.53, 38]","[180.38, 39]",177.26,103,4.53,-0.5
07:42:28,"[174.96, 28]","[173.67, 18]","[176.37, 54]","[177.92, 59]",175.67,159,1.41,-0.42
07:42:29,"[174.12, 8]","[172.09, 22]","[176.0, 32]","[179.0, 24]",175.06,86,1.88,-0.3
07:42:30,"[172.32, 25]","[171.3, 40]","[174.48, 29]","[176.06, 31]",173.4,125,2.16,0.04
07:42:31,"[171.0, 24]","[170.0, 63]","[172.27, 15]","[191.58, 19]",171.63,121,1.27,0.44
07:42:32,"[171.98, 46]","[170.42, 12]","[195.18, 22]","[517.0, 14]",183.58,94,23.2,0.23
07:42:33,"[172.0, 72]","[171.0, 8]","[351.68, 22]","[627.2, 20]",261.84,122,179.68,0.31
07:42:34,"[172.0, 44]","[171.0, 6]","[321.33, 6]","[625.44, 27]",246.67,83,149.33,0.2
07:42:35,"[170.0, 56]","[168.0, 72]","[291.5, 12]","[530.84, 19]",230.75,159,121.5,0.61
07:42:36,"[168.53, 79]","[166.71, 76]","[234.45, 20]","[358.27, 26]",201.49,201,65.92,0.54
07:42:37,"[173.29, 34]","[169.94, 62]","[182.53, 45]","[296.13, 45]",177.91,186,9.24,0.03
07:42:38,"[171.0, 40]","[169.91, 113]","[182.0, 30]","[233.2, 30]",176.5,213,11.0,0.44
07:42:39,"[170.14, 56]","[169.09, 44]","[181.5, 18]","[250.0, 18]",175.82,136,11.36,0.47
07:42:40,"[170.0, 168]","[168.0, 70]","[179.29, 42]","[276.92, 36]",174.64,316,9.29,0.51
07:42:41,"[171.4, 30]","[169.77, 87]","[178.44, 27]","[519.57, 21]",174.92,165,7.04,0.42
07:42:42,"[176.0, 12]","[170.62, 52]","[178.0, 36]","[199.57, 14]",177.0,114,2.0,0.12
07:42:43,"[176.0, 9]","[174.0, 9]","[178.0, 27]","[287.82, 22]",177.0,67,2.0,-0.46
07:42:44,"[176.5, 24]","[172.53, 34]","[239.23, 39]","[342.15, 39]",207.87,136,62.73,-0.15
07:42:45,"[178.0, 121]","[174.0, 11]","[283.76, 25]","[317.09, 33]",230.88,190,105.76,0.39
07:42:46,"[178.0, 77]","[174.0, 7]","[263.32, 19]","[298.57, 21]",220.66,124,85.32,0.35
07:42:47,"[178.0, 110]","[174.0, 10]","[240.43, 21]","[243.76, 29]",209.21,170,62.43,0.41
07:42:48,"[178.0, 143]","[174.0, 13]","[232.76, 42]","[233.44, 36]",205.38,234,54.76,0.33
07:42:49,"[178.0, 121]","[174.0, 11]","[231.29, 34]","[232.62, 32]",204.65,198,53.29,0.33
07:42:50,"[178.0, 74]","[174.0, 8]","[230.0, 22]","[231.23, 26]",204.0,130,52.0,0.26
07:42:51,"[178.0, 54]","[174.0, 11]","[228.0, 22]","[231.0, 44]",203.0,131,50.0,-0.01
07:42:52,"[178.0, 44]","[174.0, 11]","[226.91, 22]","[231.0, 44]",202.45,121,48.91,-0.09
07:42:53,"[178.0, 48]","[174.0, 12]","[224.53, 30]","[230.14, 42]",201.27,132,46.53,-0.09
07:42:54,"[178.0, 36]","[174.0, 37]","[223.0, 36]","[225.0, 18]",200.5,127,45.0,0.15
07:42:55,"[178.0, 34]","[174.0, 50]","[220.53, 30]","[222.6, 30]",199.27,144,42.53,0.17
07:42:56,"[175.58, 24]","[173.77, 53]","[216.87, 46]","[218.75, 32]",196.23,155,41.29,-0.01
07:42:57,"[174.78, 23]","[172.52, 27]","[213.48, 42]","[215.4, 30]",194.13,122,38.69,-0.18
07:42:58,"[172.62, 29]","[171.9, 40]","[211.12, 32]","[212.1, 58]",191.87,159,38.5,-0.13
07:42:59,"[172.0, 33]","[171.0, 33]","[209.06, 34]","[210.5, 32]",190.53,132,37.06,0.0
07:43:00,"[172.0, 14]","[171.0, 36]","[205.0, 40]","[206.71, 42]",188.5,132,33.0,-0.24
07:43:01,"[170.25, 20]","[169.43, 63]","[202.0, 28]","[202.88, 32]",186.12,143,31.75,0.16
07:43:02,"[170.0, 45]","[168.0, 54]","[200.08, 26]","[201.38, 32]",185.04,157,30.08,0.26
07:43:03,"[170.38, 80]","[168.11, 95]","[194.88, 66]","[195.81, 68]",182.63,309,24.5,0.13
07:43:04,"[169.76, 51]","[167.89, 57]","[190.74, 38]","[204.13, 39]",180.25,185,20.97,0.17
07:43:05,"[168.0, 72]","[154.5, 12]","[194.07, 30]","[220.22, 46]",181.03,160,26.07,0.05
07:43:06,"[168.14, 59]","[156.08, 24]","[188.93, 30]","[189.58, 38]",178.53,151,20.8,0.1
07:43:07,"[173.66, 38]","[170.4, 20]","[184.52, 27]","[186.31, 32]",179.09,117,10.86,-0.01
07:43:08,"[174.75, 36]","[172.0, 12]","[181.78, 41]","[182.67, 24]",178.27,113,7.03,-0.15
07:43:09,"[175.89, 28]","[172.0, 10]","[178.32, 25]","[179.82, 11]",177.11,74,2.43,0.03
07:43:10,"[172.73, 22]","[168.86, 37]","[176.28, 50]","[203.41, 27]",174.5,136,3.55,-0.13
07:43:11,"[168.52, 31]","[167.25, 48]","[184.08, 26]","[370.0, 27]",176.3,132,15.56,0.2
07:43:12,"[167.55, 38]","[68.06, 34]","[179.77, 43]","[199.0, 26]",173.66,141,12.21,0.02
07:43:13,"[168.0, 99]","[165.36, 11]","[176.8, 45]","[177.96, 27]",172.4,182,8.8,0.21
07:43:14,"[168.0, 41]","[165.0, 9]","[293.69, 13]","[357.03, 29]",230.85,92,125.69,0.09
07:43:15,"[175.61, 82]","[171.0, 22]","[260.34, 41]","[313.31, 13]",217.98,158,84.73,0.32
07:43:16,"[176.0, 133]","[174.36, 56]","[312.23, 52]","[415.62, 37]",244.12,278,136.23,0.36
07:43:17,"[176.0, 56]","[175.0, 28]","[609.14, 21]","[716.0, 14]",392.57,119,433.14,0.41
07:43:18,"[176.0, 48]","[175.0, 24]","[327.12, 24]","[481.0, 21]",251.56,117,151.12,0.23
07:43:19,"[176.14, 56]","[175.36, 44]","[284.0, 27]","[290.0, 45]",230.07,172,107.86,0.16
07:43:20,"[176.0, 42]","[175.0, 24]","[266.75, 20]","[433.11, 28]",221.38,114,90.75,0.16
07:43:21,"[176.0, 42]","[175.0, 24]","[274.0, 18]","[446.0, 30]",225.0,114,98.0,0.16
07:43:22,"[176.0, 77]","[175.0, 44]","[317.97, 29]","[380.56, 45]",246.98,195,141.97,0.24
07:43:23,"[175.5, 36]","[174.4, 40]","[354.23, 44]","[393.5, 22]",264.86,142,178.73,0.07
07:43:24,"[175.0, 24]","[174.0, 32]","[364.96, 28]","[446.86, 28]",269.98,112,189.96,0.0
07:43:25,"[175.0, 18]","[174.0, 24]","[378.33, 30]","[411.08, 26]",276.67,98,203.33,-0.14
07:43:26,"[174.31, 29]","[172.53, 45]","[376.39, 56]","[419.3, 40]",275.35,170,202.08,-0.13
07:43:27,"[174.0, 12]","[171.23, 26]","[356.36, 36]","[373.62, 32]",265.18,106,182.36,-0.28
07:43:28,"[174.0, 14]","[171.0, 28]","[272.2, 56]","[273.3, 50]",223.1,148,98.2,-0.43
07:43:29,"[174.0, 12]","[171.5, 16]","[267.02, 52]","[268.21, 34]",220.51,114,93.02,-0.51
07:43:30,"[174.0, 15]","[172.0, 15]","[242.27, 49]","[258.78, 51]",208.13,130,68.27,-0.54
07:43:31,"[172.5, 12]","[171.14, 21]","[235.08, 60]","[262.0, 36]",203.79,129,62.58,-0.49
07:43:32,"[172.0, 11]","[170.73, 22]","[234.38, 29]","[243.24, 37]",203.19,99,62.38,-0.33
07:43:33,"[171.5, 16]","[169.55, 22]","[231.0, 11]","[233.0, 33]",201.25,82,59.5,-0.07
07:43:34,"[170.0, 13]","[168.0, 26]","[228.78, 23]","[230.13, 39]",199.39,101,58.78,-0.23
07:43:35,"[176.7, 43]","[169.86, 14]","[225.0, 33]","[227.6, 25]",200.85,115,48.3,-0.01
07:43:36,"[178.0, 84]","[175.13, 30]","[219.91, 64]","[223.57, 42]",198.95,220,41.91,0.04
07:43:37,"[178.0, 60]","[176.0, 36]","[217.27, 48]","[221.27, 30]",197.64,174,39.27,0.1
07:43:38,"[178.0, 27]","[176.0, 27]","[208.14, 35]","[215.32, 37]",193.07,126,30.14,-0.14
07:43:39,"[178.0, 42]","[176.0, 42]","[197.77, 48]","[205.22, 50]",187.89,182,19.77,-0.08
07:43:40,"[178.0, 36]","[176.0, 36]","[193.38, 32]","[194.0, 32]",185.69,136,15.38,0.06
07:43:41,"[178.0, 31]","[176.0, 36]","[188.65, 20]","[190.16, 38]",183.32,125,10.65,0.07
07:43:42,"[176.1, 42]","[173.84, 61]","[184.54, 65]","[186.29, 35]",180.32,203,8.44,0.01
07:43:43,"[174.0, 55]","[172.0, 88]","[181.87, 39]","[182.79, 39]",177.94,221,7.87,0.29
07:43:44,"[174.0, 58]","[172.0, 112]","[179.0, 70]","[180.0, 42]",176.5,282,5.0,0.21
07:43:45,"[172.67, 84]","[171.78, 63]","[182.29, 56]","[186.41, 54]",177.48,257,9.62,0.14
07:43:46,"[172.42, 57]","[171.33, 21]","[341.12, 33]","[663.11, 19]",256.77,130,168.7,0.2
07:43:47,"[178.0, 20]","[172.0, 70]","[311.83, 30]","[354.5, 40]",244.92,160,133.83,0.12
07:43:48,"[178.0, 16]","[172.0, 56]","[300.5, 8]","[360.5, 22]",239.25,102,122.5,0.41
07:43:49,"[178.0, 17]","[172.0, 70]","[299.6, 10]","[399.86, 42]",238.8,139,121.6,0.25
07:43:50,"[172.75, 32]","[171.78, 36]","[298.0, 8]","[387.0, 40]",235.38,116,125.25,0.17
07:43:51,"[172.0, 91]","[171.0, 26]","[196.15, 13]","[252.69, 13]",184.08,143,24.15,0.64
07:43:52,"[172.0, 149]","[171.0, 22]","[192.09, 11]","[349.2, 15]",182.05,197,20.09,0.74
07:43:53,"[172.42, 76]","[171.94, 128]","[190.17, 12]","[352.0, 12]",181.29,228,17.75,0.79
07:43:54,"[172.13, 90]","[171.76, 59]","[189.5, 10]","[255.9, 10]",180.82,169,17.37,0.76
07:43:55,"[172.13, 62]","[171.45, 22]","[188.71, 7]","[209.0, 7]",180.42,98,16.59,0.71
07:43:56,"[176.0, 30]","[172.0, 150]","[186.73, 15]","[209.0, 15]",181.37,210,10.73,0.71
07:43:57,"[176.0, 28]","[172.0, 140]","[185.0, 14]","[447.41, 22]",180.5,204,9.0,0.65
07:43:58,"[176.0, 20]","[172.0, 100]","[183.0, 10]","[444.0, 10]",179.5,140,7.0,0.71
07:43:59,"[173.69, 52]","[171.95, 116]","[370.46, 24]","[511.53, 17]",272.08,209,196.77,0.61
07:44:00,"[172.0, 100]","[171.0, 20]","[351.78, 18]","[473.11, 18]",261.89,156,179.78,0.54
07:44:01,"[172.0, 105]","[171.0, 24]","[393.38, 16]","[465.2, 20]",282.69,165,221.38,0.56
07:44:02,"[173.02, 92]","[171.64, 44]","[369.42, 45]","[391.08, 24]",271.22,205,196.4,0.33
07:44:03,"[175.0, 108]","[172.0, 96]","[202.12, 34]","[222.89, 38]",188.56,276,27.12,0.48
07:44:04,"[175.84, 50]","[173.61, 112]","[196.02, 59]","[197.31, 58]",185.93,279,20.18,0.16
07:44:05,"[172.52, 46]","[172.5, 24]","[193.82, 33]","[196.27, 37]",183.17,140,21.3,0.0
07:44:06,"[172.0, 64]","[170.77, 26]","[190.23, 44]","[191.36, 53]",181.11,187,18.23,-0.04
07:44:07,"[172.5, 48]","[171.9, 21]","[183.56, 43]","[185.04, 47]",178.03,159,11.06,-0.13
07:44:08,"[176.0, 11]","[175.0, 11]","[180.38, 29]","[182.23, 31]",178.19,82,4.38,-0.46
07:44:09,"[172.27, 44]","[171.86, 14]","[176.71, 42]","[179.0, 42]",174.49,142,4.44,-0.18
07:44:10,"[169.48, 83]","[169.35, 20]","[173.69, 35]","[175.38, 48]",171.58,186,4.2,0.11
07:44:11,"[168.0, 140]","[167.0, 22]","[170.47, 34]","[171.33, 36]",169.24,232,2.47,0.4
07:44:12,"[168.0, 88]","[167.0, 20]","[169.68, 22]","[243.18, 33]",168.84,163,1.68,0.33
07:44:13,"[168.0, 50]","[167.0, 20]","[171.6, 10]","[383.8, 25]",169.8,105,3.6,0.33
07:44:14,"[167.62, 32]","[131.68, 50]","[320.25, 28]","[432.47, 30]",243.94,140,152.62,0.17
07:44:15,"[167.0, 10]","[158.0, 40]","[342.47, 17]","[438.44, 18]",254.74,85,175.47,0.18
07:44:16,"[168.44, 25]","[105.59, 54]","[282.17, 29]","[332.35, 34]",225.31,142,113.73,0.11
07:44:17,"[172.0, 19]","[171.0, 72]","[238.35, 31]","[254.84, 25]",205.18,147,66.35,0.24
07:44:18,"[174.11, 38]","[171.0, 34]","[269.18, 33]","[362.0, 27]",221.64,132,95.08,0.09
07:44:19,"[176.0, 12]","[172.0, 18]","[332.67, 12]","[586.67, 18]",254.33,60,156.67,0.0
07:44:20,"[176.0, 20]","[172.0, 30]","[335.1, 31]","[442.77, 22]",255.55,103,159.1,-0.03
07:44:21,"[176.0, 16]","[172.0, 32]","[189.0, 32]","[410.05, 19]",182.5,99,13.0,-0.03
07:44:22,"[176.0, 12]","[172.0, 34]","[189.0, 24]","[361.0, 18]",182.5,88,13.0,0.05
07:44:23,"[176.0, 10]","[172.0, 30]","[187.91, 46]","[246.33, 36]",181.96,122,11.91,-0.34
07:44:24,"[176.0, 7]","[173.76, 51]","[186.14, 35]","[189.0, 28]",181.07,121,10.14,-0.04
07:44:25,"[174.26, 46]","[173.04, 104]","[185.91, 55]","[345.12, 34]",180.08,239,11.65,0.26
07:44:26,"[172.02, 93]","[170.82, 17]","[185.0, 55]","[308.74, 34]",178.51,199,12.98,0.11
07:44:27,"[173.17, 24]","[172.0, 84]","[225.0, 60]","[416.69, 29]",199.08,197,51.83,0.1
07:44:28,"[175.83, 115]","[172.48, 54]","[214.66, 67]","[355.62, 52]",195.24,288,38.83,0.17
07:44:29,"[178.0, 44]","[176.0, 16]","[275.12, 16]","[367.79, 28]",226.56,104,97.12,0.15
07:44:30,"[178.0, 55]","[176.0, 22]","[275.0, 22]","[578.55, 55]",226.5,154,97.0,0.0
07:44:31,"[178.0, 36]","[176.0, 24]","[274.25, 24]","[562.33, 60]",226.12,144,96.25,-0.17
07:44:32,"[178.0, 20]","[176.0, 16]","[251.38, 16]","[260.25, 16]",214.69,68,73.38,0.06
07:44:33,"[178.0, 8]","[176.0, 8]","[250.0, 8]","[252.0, 8]",214.0,32,72.0,0.0
07:44:34,"[178.0, 22]","[176.0, 22]","[234.59, 46]","[241.98, 43]",206.29,133,56.59,-0.34
07:44:35,"[178.0, 16]","[176.0, 18]","[182.92, 24]","[183.87, 39]",180.46,97,4.92,-0.3
07:44:36,"[178.0, 9]","[176.0, 18]","[180.95, 20]","[182.82, 38]",179.47,85,2.95,-0.36
07:44:37,"[176.0, 12]","[175.0, 48]","[179.0, 30]","[180.0, 6]",177.5,96,3.0,0.25
07:44:38,"[175.53, 34]","[174.95, 84]","[177.69, 16]","[178.84, 32]",176.61,166,2.16,0.42
07:44:39,"[175.0, 80]","[174.0, 20]","[176.44, 16]","[178.84, 38]",175.72,154,1.44,0.3
07:44:40,"[175.0, 37]","[174.0, 18]","[176.0, 27]","[286.48, 29]",175.5,111,1.0,-0.01
07:44:41,"[175.0, 18]","[174.0, 18]","[176.0, 27]","[293.85, 39]",175.5,102,1.0,-0.29
07:44:42,"[173.36, 25]","[171.85, 53]","[286.54, 41]","[317.38, 52]",229.95,171,113.18,-0.09
07:44:43,"[172.44, 18]","[171.5, 32]","[333.14, 42]","[426.51, 51]",252.79,143,160.7,-0.3
07:44:44,"[172.0, 61]","[170.0, 16]","[419.69, 36]","[533.32, 34]",295.85,147,247.69,0.05
07:44:45,"[179.0, 72]","[172.0, 132]","[458.38, 13]","[470.35, 26]",318.69,243,279.38,0.68
07:44:46,"[179.0, 54]","[172.0, 143]","[224.49, 37]","[278.63, 49]",201.74,283,45.49,0.39
07:44:47,"[179.0, 28]","[172.0, 77]","[219.29, 7]","[323.29, 35]",199.14,147,40.29,0.43
07:44:48,"[179.0, 32]","[172.0, 88]","[219.0, 8]","[397.0, 40]",199.0,168,40.0,0.43
07:44:49,"[179.0, 44]","[172.0, 121]","[448.89, 37]","[576.45, 49]",313.95,251,269.89,0.31
07:44:50,"[179.0, 14]","[172.1, 61]","[434.45, 55]","[545.41, 34]",306.73,164,255.45,-0.09
07:44:51,"[172.94, 53]","[173.09, 22]","[411.38, 65]","[565.31, 65]",292.16,205,238.44,-0.27
07:44:52,"[172.87, 139]","[171.92, 103]","[241.54, 65]","[296.77, 65]",207.2,372,68.67,0.3
07:44:53,"[177.0, 89]","[172.41, 107]","[181.68, 47]","[256.12, 51]",179.34,294,4.68,0.33
07:44:54,"[177.0, 36]","[172.0, 81]","[247.0, 9]","[543.11, 45]",212.0,171,70.0,0.37
07:44:55,"[177.0, 28]","[172.0, 34]","[247.0, 7]","[298.71, 35]",212.0,104,70.0,0.19
07:44:56,"[177.0, 11]","[172.0, 20]","[363.0, 25]","[484.0, 5]",270.0,61,186.0,0.02
07:44:57,"[177.0, 10]","[172.0, 40]","[362.56, 18]","[383.26, 34]",269.78,102,185.56,-0.02
07:44:58,"[170.17, 52]","[170.84, 38]","[231.1, 20]","[254.04, 24]",200.64,134,60.93,0.34
07:44:59,"[169.0, 90]","[168.0, 9]","[196.44, 9]","[197.44, 9]",182.72,117,27.44,0.69
07:45:00,"[170.12, 113]","[168.93, 75]","[192.28, 36]","[194.76, 21]",181.2,245,22.16,0.53
07:45:01,"[173.01, 125]","[169.34, 70]","[188.0, 16]","[189.31, 16]",180.5,227,14.99,0.72
07:45:02,"[175.04, 73]","[173.29, 51]","[184.4, 10]","[187.0, 10]",179.72,144,9.36,0.72
07:45:03,"[176.99, 92]","[175.01, 143]","[182.06, 17]","[185.93, 14]",179.52,266,5.07,0.77
07:45:04,"[177.0, 70]","[175.0, 110]","[180.07, 15]","[181.13, 15]",178.53,210,3.07,0.71
07:45:05,"[177.0, 57]","[175.0, 99]","[178.0, 18]","[181.0, 9]",177.5,183,1.0,0.7
07:45:06,"[177.4, 60]","[175.28, 115]","[179.21, 19]","[352.62, 29]",178.31,223,1.81,0.57
07:45:07,"[179.0, 33]","[177.0, 44]","[180.45, 11]","[262.73, 55]",179.73,143,1.45,0.08
07:45:08,"[178.86, 29]","[176.57, 46]","[231.06, 16]","[291.75, 36]",204.96,127,52.2,0.18
07:45:09,"[177.0, 28]","[175.0, 140]","[320.43, 35]","[367.62, 34]",248.71,237,143.43,0.42
07:45:10,"[175.04, 101]","[173.13, 153]","[352.96, 26]","[457.4, 58]",264.0,338,177.92,0.5
07:45:11,"[176.52, 42]","[174.29, 62]","[179.0, 34]","[199.62, 26]",177.76,164,2.48,0.27
07:45:12,"[175.0, 60]","[173.0, 127]","[178.42, 12]","[185.54, 57]",176.71,256,3.42,0.46
07:45:13,"[173.61, 99]","[172.68, 88]","[176.62, 13]","[324.5, 24]",175.11,224,3.01,0.67
07:45:14,"[173.0, 93]","[172.0, 44]","[175.09, 11]","[290.35, 17]",174.05,165,2.09,0.66
07:45:15,"[173.02, 63]","[172.18, 39]","[256.42, 12]","[361.89, 27]",214.72,141,83.4,0.45
07:45:16,"[174.0, 6]","[173.0, 42]","[337.17, 12]","[409.35, 23]",255.58,83,163.17,0.16
07:45:17,"[175.0, 35]","[174.0, 7]","[287.86, 14]","[386.0, 16]",231.43,72,112.86,0.17
07:45:18,"[175.0, 45]","[173.21, 19]","[293.44, 18]","[349.67, 24]",234.22,106,118.44,0.21
07:45:19,"[175.0, 40]","[173.0, 24]","[261.75, 16]","[330.0, 16]",218.38,96,86.75,0.33
07:45:20,"[175.0, 41]","[173.0, 39]","[259.48, 50]","[279.69, 29]",217.24,159,84.48,0.01
07:45:21,"[175.0, 22]","[173.0, 40]","[256.3, 40]","[258.35, 37]",215.65,139,81.3,-0.11
07:45:22,"[175.0, 22]","[173.0, 110]","[253.28, 25]","[255.87, 46]",214.14,203,78.28,0.3
07:45:23,"[173.06, 72]","[172.26, 38]","[225.1, 20]","[254.73, 22]",199.08,152,52.04,0.45
07:45:24,"[173.0, 92]","[172.0, 64]","[246.0, 67]","[252.02, 44]",209.5,267,73.0,0.17
07:45:25,"[174.62, 24]","[172.84, 25]","[247.2, 25]","[248.81, 31]",210.91,105,72.57,-0.07
07:45:26,"[176.42, 36]","[173.0, 36]","[244.37, 54]","[245.1, 39]",210.39,165,67.95,-0.13
07:45:27,"[177.0, 9]","[173.0, 9]","[241.0, 15]","[242.0, 15]",209.0,48,64.0,-0.25
07:45:28,"[174.7, 33]","[172.02, 57]","[236.57, 58]","[240.91, 55]",205.63,203,61.87,-0.11
07:45:29,"[172.0, 20]","[171.0, 70]","[233.81, 43]","[234.8, 40]",202.91,173,61.81,0.04
07:45:30,"[171.06, 64]","[169.33, 84]","[227.39, 46]","[228.51, 51]",199.23,245,56.33,0.21
07:45:31,"[175.98, 61]","[169.75, 67]","[221.64, 55]","[222.84, 43]",198.81,226,45.65,0.13
07:45:32,"[179.0, 28]","[169.0, 49]","[218.64, 33]","[219.66, 29]",198.82,139,39.64,0.11
07:45:33,"[179.0, 56]","[169.83, 48]","[215.18, 56]","[216.53, 58]",197.09,218,36.18,-0.05
07:45:34,"[179.0, 21]","[171.0, 12]","[213.0, 30]","[214.0, 18]",196.0,81,34.0,-0.19
07:45:35,"[171.11, 18]","[168.86, 28]","[211.4, 25]","[212.29, 35]",191.26,106,40.29,-0.13
07:45:36,"[171.0, 18]","[169.0, 63]","[209.17, 41]","[210.71, 35]",190.09,157,38.17,0.03
07:45:37,"[171.78, 9]","[169.44, 36]","[206.75, 24]","[208.25, 36]",189.26,105,34.97,-0.14
07:45:38,"[169.76, 51]","[168.08, 78]","[203.0, 45]","[204.18, 39]",186.38,213,33.24,0.21
07:45:39,"[173.8, 70]","[168.74, 94]","[196.67, 61]","[197.67, 57]",185.24,282,22.87,0.16
07:45:40,"[169.0, 56]","[167.0, 48]","[192.04, 25]","[194.5, 24]",180.52,153,23.04,0.36
07:45:41,"[172.15, 33]","[170.37, 70]","[189.18, 67]","[190.17, 53]",180.67,223,17.03,-0.08
07:45:42,"[173.0, 16]","[172.0, 32]","[188.25, 40]","[190.0, 32]",180.62,120,15.25,-0.2
07:45:43,"[175.86, 63]","[172.28, 50]","[185.6, 48]","[186.94, 49]",180.73,210,9.75,0.08
07:45:44,"[177.0, 153]","[173.0, 152]","[181.5, 60]","[182.53, 66]",179.25,431,4.5,0.42
07:45:45,"[177.0, 101]","[173.0, 143]","[178.1, 61]","[179.39, 41]",177.55,346,1.1,0.41
07:45:46,"[174.72, 58]","[172.9, 61]","[178.08, 38]","[199.64, 25]",176.4,182,3.35,0.31
07:45:47,"[173.0, 77]","[172.0, 14]","[177.86, 35]","[179.0, 21]",175.43,147,4.86,0.24
07:45:48,"[173.0, 86]","[172.0, 20]","[175.87, 38]","[189.52, 42]",174.43,186,2.87,0.14
07:45:49,"[173.06, 66]","[172.44, 36]","[228.1, 40]","[291.24, 51]",200.58,193,55.04,0.06
07:45:50,"[173.05, 82]","[172.47, 34]","[447.9, 49]","[593.36, 44]",310.47,209,274.85,0.11
07:45:51,"[173.21, 19]","[172.38, 16]","[402.29, 28]","[717.71, 28]",287.75,91,229.08,-0.23
07:45:52,"[176.65, 17]","[173.4, 20]","[575.0, 36]","[700.0, 36]",375.82,109,398.35,-0.32
07:45:53,"[177.0, 7]","[175.0, 7]","[574.29, 28]","[664.29, 28]",375.64,70,397.29,-0.6
07:45:54,"[177.0, 9]","[175.0, 9]","[524.44, 36]","[610.11, 36]",350.72,90,347.44,-0.6
07:45:55,"[177.0, 11]","[175.0, 11]","[482.27, 44]","[485.82, 44]",329.64,110,305.27,-0.6
07:45:56,"[177.0, 8]","[175.0, 8]","[358.44, 25]","[434.75, 32]",267.72,73,181.44,-0.56
07:45:57,"[173.15, 53]","[172.43, 14]","[384.0, 32]","[385.0, 24]",278.58,123,210.85,0.09
07:45:58,"[173.37, 82]","[172.89, 95]","[309.67, 36]","[354.88, 34]",241.52,247,136.3,0.43
07:45:59,"[173.0, 108]","[172.0, 16]","[271.25, 32]","[273.0, 24]",222.12,180,98.25,0.38
07:46:00,"[173.0, 108]","[172.0, 18]","[270.56, 36]","[349.71, 34]",221.78,196,97.56,0.29
07:46:01,"[173.0, 120]","[172.0, 20]","[270.0, 40]","[635.61, 33]",221.5,213,97.0,0.31
07:46:02,"[173.0, 65]","[172.0, 22]","[268.42, 38]","[272.5, 32]",220.71,157,95.42,0.11
07:46:03,"[173.0, 35]","[172.0, 26]","[264.12, 49]","[265.02, 43]",218.56,153,91.12,-0.2
07:46:04,"[173.0, 24]","[172.0, 16]","[259.7, 23]","[260.5, 26]",216.35,89,86.7,-0.1
07:46:05,"[173.0, 33]","[172.0, 24]","[235.0, 48]","[252.52, 42]",204.0,147,62.0,-0.22
07:46:06,"[171.88, 25]","[170.91, 23]","[202.73, 22]","[211.5, 40]",187.3,110,30.85,-0.13
07:46:07,"[169.1, 61]","[167.11, 74]","[184.72, 39]","[187.76, 21]",176.91,195,15.62,0.38
07:46:08,"[170.0, 30]","[169.0, 32]","[180.61, 31]","[182.51, 49]",175.31,142,10.61,-0.13
07:46:09,"[170.89, 9]","[167.89, 27]","[177.97, 33]","[178.67, 12]",174.43,81,7.08,-0.11
07:46:10,"[167.36, 11]","[151.53, 76]","[175.34, 35]","[175.87, 23]",171.35,145,7.98,0.2
07:46:11,"[163.62, 32]","[158.8, 49]","[173.8, 20]","[205.2, 20]",168.71,121,10.18,0.34
07:46:12,"[129.0, 9]","[120.0, 36]","[163.0, 18]","[170.89, 9]",146.0,72,34.0,0.25
07:46:13,"[143.92, 26]","[101.33, 42]","[164.92, 39]","[166.5, 20]",154.42,127,21.0,0.07
07:46:14,"[153.33, 30]","[149.38, 73]","[166.0, 50]","[172.23, 13]",159.67,166,12.67,0.24
07:46:15,"[154.91, 22]","[143.33, 18]","[165.44, 43]","[166.26, 27]",160.18,110,10.53,-0.27
07:46:16,"[163.48, 29]","[162.25, 16]","[166.35, 31]","[279.8, 59]",164.92,135,2.87,-0.33
07:46:17,"[165.29, 17]","[164.0, 34]","[325.89, 54]","[313.91, 46]",245.59,151,160.59,-0.32
07:46:18,"[167.31, 16]","[166.57, 14]","[318.3, 50]","[503.0, 13]",242.81,93,150.99,-0.35
07:46:19,"[178.92, 49]","[174.45, 11]","[317.36, 55]","[413.86, 29]",248.14,144,138.45,-0.17
07:46:20,"[179.0, 38]","[177.0, 22]","[236.2, 54]","[286.73, 41]",207.6,155,57.2,-0.23
07:46:21,"[179.0, 11]","[177.0, 22]","[189.0, 55]","[344.39, 46]",184.0,134,10.0,-0.51
07:46:22,"[174.5, 20]","[168.83, 48]","[188.6, 50]","[316.0, 50]",181.55,168,14.1,-0.19
07:46:23,"[173.0, 36]","[135.59, 111]","[185.43, 28]","[199.75, 48]",179.21,223,12.43,0.32
07:46:24,"[173.0, 27]","[84.11, 90]","[182.38, 13]","[183.02, 41]",177.69,171,9.38,0.37
07:46:25,"[171.62, 58]","[168.23, 65]","[178.18, 38]","[178.65, 34]",174.9,195,6.56,0.26
07:46:26,"[171.48, 31]","[161.29, 42]","[175.0, 35]","[176.0, 7]",173.24,115,3.52,0.27
07:46:27,"[171.13, 23]","[138.46, 52]","[174.5, 16]","[175.06, 32]",172.82,123,3.37,0.22
07:46:28,"[117.12, 34]","[112.29, 68]","[171.73, 11]","[174.3, 23]",144.42,136,54.61,0.5
07:46:29,"[137.37, 19]","[123.73, 22]","[360.83, 23]","[545.79, 19]",249.1,83,223.46,-0.01
07:46:30,"[170.78, 27]","[166.23, 35]","[411.56, 9]","[800.0, 45]",291.17,116,240.78,0.07
07:46:31,"[173.86, 28]","[171.82, 34]","[436.09, 58]","[608.88, 26]",304.97,146,262.23,-0.15
07:46:32,"[173.0, 33]","[167.7, 37]","[487.43, 35]","[0, 0]",330.21,105,314.43,0.33
07:46:33,"[177.05, 41]","[171.29, 28]","[568.67, 30]","[714.0, 12]",372.86,111,391.62,0.24
07:46:34,"[177.44, 18]","[176.33, 48]","[538.0, 30]","[714.0, 24]",357.72,120,360.56,0.1
07:46:35,"[177.0, 28]","[175.0, 32]","[378.0, 20]","[694.0, 16]",277.5,96,201.0,0.25
07:46:36,"[177.0, 35]","[175.0, 40]","[378.0, 25]","[594.0, 20]",277.5,120,201.0,0.25
07:46:37,"[177.0, 70]","[175.0, 80]","[338.73, 44]","[536.93, 41]",257.86,235,161.73,0.28
07:46:38,"[177.0, 56]","[175.0, 64]","[368.0, 8]","[369.0, 32]",272.5,160,191.0,0.5
07:46:39,"[177.0, 67]","[175.0, 80]","[328.06, 16]","[377.29, 31]",252.53,194,151.06,0.52
07:46:40,"[177.0, 40]","[175.0, 80]","[286.71, 31]","[316.71, 21]",231.85,172,109.71,0.4
07:46:41,"[176.25, 51]","[174.6, 80]","[260.3, 43]","[275.15, 20]",218.28,194,84.05,0.35
07:46:42,"[175.0, 36]","[173.0, 44]","[259.53, 15]","[260.07, 30]",217.27,125,84.53,0.28
07:46:43,"[175.0, 36]","[173.0, 80]","[258.03, 29]","[259.1, 41]",216.52,186,83.03,0.25
07:46:44,"[173.67, 60]","[172.93, 59]","[256.08, 26]","[257.4, 25]",214.87,170,82.41,0.4
07:46:45,"[173.0, 104]","[171.0, 33]","[251.2, 30]","[254.43, 35]",212.1,202,78.2,0.36
07:46:46,"[173.0, 78]","[171.0, 39]","[249.11, 45]","[249.33, 30]",211.06,192,76.11,0.22
07:46:47,"[173.0, 84]","[171.0, 42]","[243.54, 37]","[244.36, 56]",208.27,219,70.54,0.15
07:46:48,"[173.0, 51]","[171.0, 39]","[239.37, 35]","[240.21, 56]",206.19,181,66.37,-0.01
07:46:49,"[172.05, 55]","[170.33, 57]","[231.92, 53]","[237.49, 39]",201.99,204,59.87,0.1
07:46:50,"[172.0, 17]","[171.0, 24]","[173.96, 46]","[201.26, 35]",172.98,122,1.96,-0.33
07:46:51,"[171.86, 14]","[170.77, 31]","[173.43, 35]","[180.52, 58]",172.64,138,1.57,-0.35
07:46:52,"[170.4, 35]","[169.63, 60]","[172.12, 34]","[173.77, 26]",171.26,155,1.72,0.23
07:46:53,"[170.0, 25]","[168.0, 35]","[172.0, 35]","[173.0, 7]",171.0,102,2.0,0.18
07:46:54,"[170.02, 43]","[168.08, 73]","[172.0, 72]","[173.0, 15]",171.01,203,1.98,0.14
07:46:55,"[170.1, 30]","[168.33, 54]","[171.75, 48]","[546.76, 34]",170.93,166,1.65,0.01
07:46:56,"[170.0, 39]","[168.0, 65]","[171.0, 52]","[493.52, 44]",170.5,200,1.0,0.04
07:46:57,"[170.0, 27]","[168.0, 45]","[171.0, 36]","[228.12, 34]",170.5,142,1.0,0.01
07:46:58,"[168.44, 27]","[167.26, 38]","[171.0, 36]","[225.65, 34]",169.72,135,2.56,-0.04
07:46:59,"[168.08, 25]","[167.09, 44]","[171.0, 48]","[432.51, 47]",169.54,164,2.92,-0.16
07:47:00,"[169.0, 10]","[167.5, 20]","[171.0, 22]","[316.12, 32]",170.0,84,2.0,-0.29
07:47:01,"[169.46, 13]","[167.08, 25]","[309.55, 22]","[389.95, 55]",239.5,115,140.08,-0.34
07:47:02,"[175.0, 9]","[169.0, 9]","[432.57, 28]","[572.74, 31]",303.79,77,257.57,-0.53
07:47:03,"[171.89, 18]","[167.0, 19]","[272.53, 38]","[419.65, 34]",222.21,109,100.64,-0.32
07:47:04,"[173.89, 27]","[169.0, 27]","[271.56, 18]","[355.39, 33]",222.72,105,97.67,0.03
07:47:05,"[176.29, 17]","[172.73, 22]","[411.75, 32]","[483.25, 32]",294.02,103,235.46,-0.24
07:47:06,"[173.7, 20]","[172.48, 23]","[218.0, 36]","[581.89, 36]",195.85,115,44.3,-0.25
07:47:07,"[174.57, 14]","[173.0, 21]","[218.0, 28]","[575.71, 28]",196.29,91,43.43,-0.23
07:47:08,"[173.86, 37]","[171.51, 82]","[526.78, 36]","[527.93, 60]",350.32,215,352.91,0.11
07:47:09,"[172.03, 101]","[169.33, 42]","[352.5, 10]","[413.9, 29]",262.26,182,180.47,0.57
07:47:10,"[172.0, 105]","[168.0, 42]","[361.1, 10]","[641.1, 40]",266.55,197,189.1,0.49
07:47:11,"[168.92, 26]","[166.93, 56]","[298.1, 29]","[402.86, 21]",233.51,132,129.18,0.24
07:47:12,"[168.75, 32]","[152.62, 64]","[284.62, 13]","[296.64, 22]",226.68,131,115.87,0.47
07:47:13,"[172.0, 54]","[165.0, 36]","[270.26, 19]","[325.86, 22]",221.13,131,98.26,0.37
07:47:14,"[172.0, 48]","[165.67, 42]","[186.52, 27]","[243.33, 21]",179.26,138,14.52,0.3
07:47:15,"[172.0, 54]","[167.0, 126]","[182.48, 21]","[183.65, 17]",177.24,218,10.48,0.65
07:47:16,"[167.53, 59]","[166.21, 91]","[180.57, 14]","[181.25, 16]",174.05,180,13.05,0.67
07:47:17,"[164.33, 45]","[131.67, 45]","[178.88, 16]","[180.29, 7]",171.6,113,14.54,0.59
07:47:18,"[163.35, 62]","[158.06, 218]","[177.25, 36]","[180.0, 12]",170.3,328,13.9,0.71
07:47:19,"[171.05, 128]","[167.89, 45]","[176.0, 27]","[180.0, 9]",173.52,209,4.95,0.66
07:47:20,"[168.96, 136]","[167.65, 31]","[174.92, 37]","[176.35, 23]",171.94,227,5.96,0.47
07:47:21,"[173.0, 84]","[169.0, 45]","[174.71, 17]","[295.08, 13]",173.85,159,1.71,0.62
07:47:22,"[173.0, 94]","[171.0, 36]","[178.5, 12]","[347.62, 37]",175.75,179,5.5,0.45
07:47:23,"[173.0, 99]","[171.0, 39]","[175.67, 43]","[271.91, 23]",174.34,204,2.67,0.35
07:47:24,"[172.25, 32]","[170.16, 19]","[279.28, 29]","[396.0, 34]",225.76,114,107.03,-0.11
07:47:25,"[171.46, 35]","[167.86, 14]","[282.88, 34]","[354.7, 46]",227.17,129,111.43,-0.24
07:47:26,"[171.0, 21]","[167.0, 7]","[234.12, 16]","[332.08, 25]",202.56,69,63.12,-0.19
07:47:27,"[171.0, 30]","[168.6, 10]","[182.5, 20]","[191.67, 36]",176.75,96,11.5,-0.17
07:47:28,"[171.0, 39]","[169.0, 13]","[180.08, 26]","[242.25, 32]",175.54,110,9.08,-0.05
07:47:29,"[173.06, 70]","[171.57, 56]","[176.69, 26]","[182.88, 34]",174.87,186,3.64,0.35
07:47:30,"[173.0, 40]","[171.0, 30]","[174.0, 10]","[275.88, 32]",173.5,112,1.0,0.25
07:47:31,"[173.0, 14]","[171.0, 21]","[174.0, 7]","[185.0, 28]",173.5,70,1.0,0.0
07:47:32,"[172.25, 16]","[170.25, 16]","[173.88, 8]","[315.33, 24]",173.06,64,1.62,0.0
07:47:33,"[170.0, 26]","[169.0, 13]","[172.23, 13]","[366.74, 47]",171.12,99,2.23,-0.21
07:47:34,"[170.0, 18]","[169.0, 9]","[326.0, 11]","[534.8, 15]",248.0,53,156.0,0.02
07:47:35,"[170.77, 26]","[169.4, 25]","[198.35, 31]","[483.15, 13]",184.56,95,27.59,0.07
07:47:36,"[170.88, 33]","[168.67, 63]","[453.0, 9]","[515.0, 45]",311.94,150,282.12,0.28
07:47:37,"[175.0, 12]","[169.0, 36]","[345.43, 14]","[509.12, 26]",260.21,88,170.43,0.09
07:47:38,"[174.44, 25]","[172.48, 31]","[383.72, 29]","[504.41, 29]",279.08,114,209.28,-0.02
07:47:39,"[177.16, 38]","[174.36, 44]","[252.8, 10]","[397.73, 30]",214.98,122,75.64,0.34
07:47:40,"[177.25, 8]","[173.5, 40]","[258.0, 8]","[408.0, 40]",217.62,96,80.75,0.0
07:47:41,"[177.0, 7]","[173.0, 35]","[243.71, 7]","[390.11, 19]",210.36,68,66.71,0.24
07:47:42,"[174.71, 7]","[172.65, 23]","[281.29, 7]","[486.8, 10]",228.0,47,106.57,0.28
07:47:43,"[172.25, 40]","[171.18, 44]","[321.36, 76]","[359.59, 17]",246.8,177,149.11,-0.05
07:47:44,"[172.0, 48]","[169.0, 10]","[308.75, 36]","[322.5, 22]",240.38,116,136.75,0.0
07:47:45,"[172.0, 24]","[169.0, 6]","[251.62, 16]","[257.25, 8]",211.81,54,79.62,0.11
07:47:46,"[168.89, 53]","[168.04, 25]","[247.25, 24]","[306.11, 44]",208.07,146,78.36,0.07
07:47:47,"[168.72, 61]","[167.56, 27]","[254.12, 32]","[314.94, 48]",211.42,168,85.4,0.05
07:47:48,"[170.33, 63]","[169.0, 18]","[252.71, 41]","[253.83, 29]",211.52,151,82.37,0.07
07:47:49,"[171.0, 70]","[168.5, 24]","[252.0, 50]","[254.0, 30]",211.5,174,81.0,0.08
07:47:50,"[171.1, 60]","[168.46, 39]","[250.41, 32]","[251.5, 60]",210.75,191,79.31,0.04
07:47:51,"[173.0, 7]","[171.0, 14]","[247.2, 15]","[248.6, 15]",210.1,51,74.2,-0.18
07:47:52,"[173.0, 33]","[171.0, 39]","[245.8, 15]","[246.92, 26]",209.4,113,72.8,0.27
07:47:53,"[173.0, 50]","[171.0, 44]","[203.33, 24]","[210.22, 32]",188.17,150,30.33,0.25
07:47:54,"[173.0, 60]","[171.0, 24]","[197.85, 20]","[198.4, 20]",185.43,124,24.85,0.35
07:47:55,"[173.19, 32]","[171.91, 22]","[195.62, 8]","[196.62, 8]",184.41,70,22.44,0.54
07:47:56,"[172.82, 22]","[170.8, 15]","[193.69, 16]","[195.5, 8]",183.25,61,20.87,0.21
07:47:57,"[176.64, 53]","[168.38, 13]","[192.67, 27]","[193.58, 19]",184.65,112,16.03,0.18
07:47:58,"[178.0, 99]","[170.52, 42]","[189.64, 11]","[191.09, 11]",183.82,163,11.64,0.73
07:47:59,"[178.0, 104]","[171.0, 86]","[187.69, 32]","[188.88, 24]",182.84,246,9.69,0.54
07:48:00,"[178.0, 105]","[171.08, 78]","[182.65, 23]","[183.42, 33]",180.33,239,4.65,0.53
07:48:01,"[178.0, 46]","[171.58, 24]","[179.9, 10]","[276.32, 19]",178.95,99,1.9,0.41
07:48:02,"[171.79, 28]","[170.41, 17]","[185.0, 10]","[401.9, 40]",178.39,95,13.21,-0.05
07:48:03,"[169.93, 14]","[168.24, 59]","[239.23, 43]","[361.0, 46]",204.58,162,69.3,-0.1
07:48:04,"[169.2, 10]","[87.62, 32]","[243.0, 28]","[498.21, 19]",206.1,89,73.8,-0.06
07:48:05,"[168.58, 31]","[107.36, 22]","[241.7, 40]","[493.74, 31]",205.14,124,73.12,-0.15
07:48:06,"[169.0, 60]","[168.0, 20]","[233.0, 24]","[236.22, 36]",201.0,140,64.0,0.14
07:48:07,"[111.77, 26]","[56.58, 38]","[229.86, 14]","[239.0, 28]",170.81,106,118.09,0.21
07:48:08,"[76.29, 34]","[68.82, 39]","[227.55, 22]","[228.23, 26]",151.92,121,151.25,0.21
07:48:09,"[129.82, 17]","[112.81, 21]","[227.0, 6]","[228.0, 12]",178.41,56,97.18,0.36
07:48:10,"[178.0, 6]","[176.0, 30]","[226.67, 12]","[228.0, 24]",202.33,72,48.67,0.0
07:48:11,"[178.0, 7]","[176.0, 35]","[224.0, 18]","[270.8, 20]",201.0,80,46.0,0.05
07:48:12,"[178.0, 15]","[176.0, 75]","[197.6, 35]","[209.13, 31]",187.8,156,19.6,0.15
07:48:13,"[174.08, 25]","[174.17, 60]","[196.81, 32]","[198.91, 33]",185.45,150,22.73,0.13
07:48:14,"[172.29, 28]","[171.18, 22]","[196.0, 21]","[197.0, 14]",184.14,85,23.71,0.18
07:48:15,"[174.0, 40]","[172.0, 40]","[193.74, 23]","[194.67, 27]",183.87,130,19.74,0.23
07:48:16,"[174.0, 40]","[172.0, 40]","[191.3, 20]","[194.0, 30]",182.65,130,17.3,0.23
07:48:17,"[174.0, 44]","[172.0, 44]","[186.31, 32]","[187.29, 31]",180.16,151,12.31,0.17
07:48:18,"[174.0, 40]","[172.0, 40]","[181.62, 24]","[182.62, 29]",177.81,133,7.62,0.2
07:48:19,"[174.93, 15]","[173.56, 36]","[177.35, 23]","[180.18, 22]",176.14,96,2.41,0.06
07:48:20,"[174.12, 34]","[172.4, 40]","[176.92, 24]","[181.31, 26]",175.52,124,2.8,0.19
07:48:21,"[172.19, 43]","[170.2, 45]","[175.47, 32]","[210.73, 52]",173.83,172,3.28,0.02
07:48:22,"[168.0, 7]","[167.0, 21]","[174.27, 11]","[206.5, 16]",171.14,55,6.27,0.02
07:48:23,"[167.5, 12]","[154.73, 33]","[172.12, 16]","[173.36, 11]",169.81,72,4.62,0.25
07:48:24,"[167.86, 28]","[159.06, 34]","[172.5, 18]","[279.13, 45]",170.18,125,4.64,-0.01
07:48:25,"[168.89, 18]","[167.22, 18]","[212.91, 33]","[384.22, 45]",190.9,114,44.02,-0.37
07:48:26,"[133.44, 72]","[119.56, 135]","[203.3, 50]","[265.61, 38]",168.37,295,69.86,0.4
07:48:27,"[124.0, 52]","[123.0, 76]","[170.23, 13]","[205.6, 48]",147.12,189,46.23,0.35
07:48:28,"[134.38, 45]","[131.96, 54]","[162.0, 11]","[165.0, 44]",148.19,154,27.62,0.29
07:48:29,"[137.0, 28]","[126.71, 35]","[162.0, 7]","[165.0, 28]",149.5,98,25.0,0.29
07:48:30,"[142.48, 50]","[114.44, 50]","[162.0, 12]","[165.0, 48]",152.24,160,19.52,0.25
07:48:31,"[158.59, 34]","[157.33, 36]","[162.0, 10]","[165.0, 40]",160.29,120,3.41,0.17
07:48:32,"[161.52, 23]","[160.32, 19]","[171.75, 12]","[224.57, 21]",166.64,75,10.23,0.12
07:48:33,"[163.81, 47]","[163.04, 51]","[214.71, 42]","[333.27, 22]",189.26,162,50.91,0.21
07:48:34,"[165.8, 45]","[164.74, 46]","[170.14, 58]","[250.12, 17]",167.97,166,4.34,0.1
07:48:35,"[167.0, 37]","[166.0, 52]","[516.0, 33]","[555.35, 23]",341.5,145,349.0,0.23
07:48:36,"[173.7, 94]","[169.5, 44]","[529.94, 62]","[583.97, 38]",351.82,238,356.23,0.16
07:48:37,"[174.0, 32]","[172.0, 32]","[352.0, 24]","[454.0, 8]",263.0,96,178.0,0.33
07:48:38,"[174.0, 40]","[172.0, 40]","[410.29, 14]","[478.16, 38]",292.14,132,236.29,0.21
07:48:39,"[174.5, 48]","[172.04, 49]","[276.84, 61]","[489.37, 27]",225.67,185,102.34,0.05
07:48:40,"[178.0, 60]","[174.0, 10]","[276.0, 50]","[455.85, 26]",227.0,146,98.0,-0.04
07:48:41,"[178.0, 7]","[174.0, 7]","[356.76, 17]","[431.71, 7]",267.38,38,178.76,-0.26
07:48:42,"[177.14, 7]","[172.64, 11]","[206.0, 21]","[369.29, 7]",191.57,46,28.86,-0.22
07:48:43,"[173.5, 10]","[171.17, 30]","[205.58, 36]","[330.69, 16]",189.54,92,32.08,-0.13
07:48:44,"[175.97, 38]","[174.8, 15]","[186.67, 73]","[190.0, 63]",181.32,189,10.7,-0.44
07:48:45,"[171.14, 37]","[170.38, 13]","[177.8, 45]","[179.46, 65]",174.47,160,6.66,-0.38
07:48:46,"[171.0, 21]","[170.0, 7]","[176.14, 29]","[177.86, 29]",173.57,86,5.14,-0.35
07:48:47,"[171.0, 30]","[170.0, 10]","[174.77, 48]","[175.7, 50]",172.89,138,3.77,-0.42
07:48:48,"[169.96, 28]","[142.37, 43]","[172.2, 46]","[230.37, 38]",171.08,155,2.23,-0.08
07:48:49,"[168.0, 18]","[133.78, 9]","[169.92, 26]","[540.18, 11]",168.96,64,1.92,-0.16
07:48:50,"[108.0, 15]","[94.6, 20]","[169.84, 25]","[392.69, 16]",138.92,76,61.84,-0.08
07:48:51,"[138.42, 24]","[127.57, 49]","[168.5, 10]","[170.0, 30]",153.46,113,30.08,0.29
07:48:52,"[73.54, 13]","[46.73, 15]","[167.36, 11]","[219.56, 27]",120.45,66,93.83,-0.15
07:48:53,"[87.67, 6]","[71.67, 6]","[165.5, 6]","[246.56, 27]",126.58,45,77.83,-0.47
07:48:54,"[121.44, 16]","[89.62, 13]","[213.5, 10]","[410.72, 18]",167.47,57,92.06,0.02
07:48:55,"[144.84, 38]","[138.4, 20]","[325.0, 22]","[472.36, 22]",234.92,102,180.16,0.14
