Time,Bid1,Bid2,Ask1,Ask2,Mid-Price,Total_volume,Bid_ask_spread,Order_imbalance
07:30:00,"[2.5, 8]","[0, 0]","[0, 0]","[0, 0]",1.25,8,-2.5,1.0
07:30:01,"[4.0, 4]","[0, 0]","[799.5, 10]","[800.0, 5]",401.75,19,795.5,-0.58
07:30:02,"[73.0, 18]","[68.62, 16]","[798.0, 20]","[799.0, 20]",435.5,74,725.0,-0.08
07:30:03,"[110.5, 12]","[109.17, 12]","[798.0, 20]","[799.0, 20]",454.25,64,687.5,-0.25
07:30:04,"[114.62, 16]","[113.08, 26]","[796.84, 19]","[798.26, 31]",455.73,92,682.22,-0.09
07:30:05,"[116.75, 16]","[115.43, 14]","[792.41, 17]","[793.71, 21]",454.58,68,675.66,-0.12
07:30:06,"[117.0, 24]","[116.0, 12]","[787.39, 18]","[788.91, 22]",452.19,76,670.39,-0.05
07:30:07,"[118.93, 15]","[117.2, 10]","[784.5, 20]","[785.17, 12]",451.72,57,665.57,-0.12
07:30:08,"[164.88, 72]","[156.04, 50]","[621.12, 40]","[718.88, 40]",393.0,202,456.25,0.21
07:30:09,"[167.0, 31]","[166.0, 91]","[519.0, 35]","[521.0, 35]",343.0,192,352.0,0.27
07:30:10,"[166.04, 56]","[165.04, 50]","[359.19, 37]","[425.0, 34]",262.61,177,193.15,0.2
07:30:11,"[166.0, 96]","[164.0, 48]","[175.12, 43]","[175.56, 64]",170.56,251,9.12,0.15
07:30:12,"[166.0, 37]","[164.0, 32]","[172.0, 8]","[174.0, 48]",169.0,125,6.0,0.1
07:30:13,"[165.33, 36]","[136.42, 62]","[168.15, 54]","[169.43, 49]",166.74,201,2.81,-0.02
07:30:14,"[163.56, 27]","[126.65, 34]","[165.18, 33]","[167.24, 38]",164.37,132,1.63,-0.08
07:30:15,"[161.73, 22]","[113.59, 54]","[163.27, 33]","[167.38, 52]",162.5,161,1.55,-0.06
07:30:16,"[138.65, 43]","[119.4, 60]","[160.71, 34]","[171.23, 47]",149.68,184,22.05,0.12
07:30:17,"[136.0, 40]","[132.0, 30]","[158.5, 30]","[160.0, 10]",147.25,110,22.5,0.27
07:30:18,"[138.57, 42]","[134.29, 42]","[156.33, 24]","[156.96, 28]",147.45,136,17.76,0.24
07:30:19,"[138.27, 30]","[133.93, 29]","[156.0, 27]","[158.0, 45]",147.13,131,17.73,-0.1
07:30:20,"[154.0, 5]","[140.0, 20]","[156.0, 15]","[158.0, 25]",155.0,65,2.0,-0.23
07:30:21,"[140.93, 30]","[134.62, 29]","[157.86, 43]","[170.19, 21]",149.4,123,16.93,-0.04
07:30:22,"[143.31, 87]","[138.15, 55]","[157.62, 32]","[159.88, 68]",150.47,242,14.31,0.17
07:30:23,"[146.23, 131]","[145.87, 234]","[156.47, 19]","[158.32, 82]",151.35,466,10.24,0.57
07:30:24,"[149.86, 37]","[148.34, 194]","[158.0, 54]","[209.83, 36]",153.93,321,8.14,0.44
07:30:25,"[155.93, 126]","[155.27, 41]","[158.0, 25]","[168.0, 20]",156.96,212,2.07,0.58
07:30:26,"[156.91, 223]","[155.56, 85]","[161.0, 20]","[173.79, 28]",158.96,356,4.09,0.73
07:30:27,"[157.35, 49]","[156.96, 182]","[168.0, 22]","[195.0, 22]",162.67,275,10.65,0.68
07:30:28,"[160.79, 223]","[157.31, 71]","[168.0, 28]","[224.47, 30]",164.4,352,7.21,0.67
07:30:29,"[163.56, 222]","[162.92, 51]","[168.0, 26]","[257.92, 26]",165.78,325,4.44,0.68
07:30:30,"[165.0, 11]","[164.0, 220]","[168.0, 22]","[258.19, 21]",166.5,274,3.0,0.69
07:30:31,"[164.3, 30]","[163.84, 192]","[168.0, 20]","[351.67, 12]",166.15,254,3.7,0.75
07:30:32,"[164.0, 231]","[159.0, 66]","[167.34, 29]","[241.24, 17]",165.67,343,3.34,0.73
07:30:33,"[164.0, 301]","[159.43, 70]","[166.6, 53]","[167.8, 25]",165.3,449,2.6,0.65
07:30:34,"[164.0, 198]","[159.0, 72]","[165.0, 36]","[166.24, 34]",164.5,340,1.0,0.59
07:30:35,"[164.0, 116]","[159.0, 66]","[167.25, 24]","[364.45, 22]",165.62,228,3.25,0.6
07:30:36,"[164.0, 120]","[159.0, 72]","[168.0, 24]","[277.67, 30]",166.0,246,4.0,0.56
07:30:37,"[164.0, 104]","[159.0, 68]","[166.45, 31]","[177.82, 22]",165.23,225,2.45,0.53
07:30:38,"[164.0, 83]","[159.0, 86]","[166.32, 37]","[186.92, 25]",165.16,231,2.32,0.46
07:30:39,"[165.24, 41]","[162.27, 66]","[169.0, 24]","[517.0, 12]",167.12,143,3.76,0.5
07:30:40,"[165.58, 57]","[163.54, 26]","[169.0, 16]","[520.12, 8]",167.29,107,3.42,0.55
07:30:41,"[166.0, 69]","[164.0, 52]","[169.0, 26]","[486.71, 34]",167.5,181,3.0,0.34
07:30:42,"[166.0, 40]","[164.0, 32]","[169.0, 16]","[481.75, 32]",167.5,120,3.0,0.2
07:30:43,"[166.0, 40]","[164.0, 32]","[169.0, 16]","[238.0, 8]",167.5,96,3.0,0.5
07:30:44,"[166.0, 55]","[164.0, 44]","[169.0, 22]","[437.92, 37]",167.5,158,3.0,0.25
07:30:45,"[166.0, 30]","[164.0, 24]","[169.0, 12]","[329.58, 26]",167.5,92,3.0,0.17
07:30:46,"[166.66, 59]","[165.3, 46]","[169.0, 20]","[362.44, 18]",167.83,143,2.34,0.47
07:30:47,"[166.23, 52]","[164.48, 42]","[171.0, 24]","[272.17, 18]",168.62,136,4.77,0.38
07:30:48,"[166.0, 50]","[164.0, 40]","[169.0, 50]","[395.67, 30]",167.5,170,3.0,0.06
07:30:49,"[165.35, 37]","[162.8, 50]","[168.75, 40]","[316.17, 36]",167.05,163,3.4,0.07
07:30:50,"[163.17, 48]","[161.95, 74]","[166.56, 45]","[169.0, 45]",164.86,212,3.39,0.15
07:30:51,"[162.98, 59]","[162.5, 56]","[164.87, 60]","[170.16, 95]",163.92,270,1.88,-0.15
07:30:52,"[163.0, 52]","[162.0, 26]","[164.0, 52]","[171.0, 130]",163.5,260,1.0,-0.4
07:30:53,"[162.0, 12]","[158.59, 34]","[163.73, 11]","[170.15, 39]",162.86,96,1.73,-0.04
07:30:54,"[158.05, 122]","[157.41, 34]","[161.45, 22]","[163.0, 11]",159.75,189,3.41,0.65
07:30:55,"[158.52, 87]","[157.24, 102]","[162.37, 19]","[168.39, 77]",160.44,285,3.85,0.33
07:30:56,"[158.83, 29]","[155.16, 96]","[167.55, 55]","[478.67, 75]",163.19,255,8.72,-0.02
07:30:57,"[165.32, 28]","[162.27, 22]","[168.0, 60]","[609.0, 60]",166.66,170,2.68,-0.41
07:30:58,"[161.33, 9]","[158.91, 79]","[168.0, 45]","[324.98, 41]",164.67,174,6.67,0.01
07:30:59,"[158.42, 36]","[157.88, 50]","[168.0, 20]","[239.0, 4]",163.21,110,9.58,0.56
07:31:00,"[158.0, 126]","[155.0, 12]","[168.0, 30]","[255.33, 6]",163.0,174,10.0,0.59
07:31:01,"[158.0, 262]","[153.74, 38]","[166.82, 74]","[190.69, 51]",162.41,425,8.82,0.41
07:31:02,"[158.0, 102]","[155.0, 18]","[165.0, 22]","[258.7, 20]",161.5,162,7.0,0.48
07:31:03,"[158.0, 153]","[155.32, 25]","[162.78, 36]","[165.0, 27]",160.39,241,4.78,0.48
07:31:04,"[158.0, 136]","[157.0, 16]","[160.5, 32]","[165.0, 24]",159.25,208,2.5,0.46
07:31:05,"[158.74, 97]","[157.34, 47]","[164.09, 22]","[324.52, 25]",161.42,191,5.35,0.51
07:31:06,"[164.0, 48]","[158.0, 123]","[165.0, 24]","[286.75, 16]",164.5,211,1.0,0.62
07:31:07,"[164.0, 54]","[157.89, 70]","[327.5, 48]","[431.62, 32]",245.75,204,163.5,0.22
07:31:08,"[164.0, 12]","[159.0, 16]","[419.5, 12]","[433.33, 12]",291.75,52,255.5,0.08
07:31:09,"[166.4, 60]","[161.14, 28]","[272.89, 28]","[503.75, 20]",219.65,136,106.49,0.29
07:31:10,"[167.0, 65]","[164.0, 24]","[446.38, 16]","[534.29, 28]",306.69,133,279.38,0.34
07:31:11,"[167.0, 30]","[164.0, 18]","[445.0, 30]","[447.0, 6]",306.0,84,278.0,0.14
07:31:12,"[167.0, 45]","[164.0, 69]","[420.1, 41]","[443.8, 25]",293.55,180,253.1,0.27
07:31:13,"[167.0, 55]","[164.0, 99]","[336.1, 49]","[370.0, 48]",251.55,251,169.1,0.23
07:31:14,"[167.0, 29]","[164.0, 63]","[197.52, 31]","[259.88, 32]",182.26,155,30.52,0.19
07:31:15,"[167.16, 38]","[164.3, 80]","[196.0, 50]","[264.8, 25]",181.58,193,28.84,0.22
07:31:16,"[167.6, 30]","[166.2, 40]","[193.1, 50]","[538.0, 28]",180.35,148,25.5,-0.05
07:31:17,"[165.95, 38]","[164.35, 69]","[193.0, 55]","[328.82, 44]",179.47,206,27.05,0.04
07:31:18,"[164.43, 56]","[163.74, 62]","[192.5, 50]","[437.0, 48]",178.46,216,28.07,0.09
07:31:19,"[164.0, 120]","[162.0, 34]","[187.61, 84]","[409.84, 80]",175.8,318,23.61,-0.03
07:31:20,"[164.0, 78]","[162.0, 26]","[169.51, 49]","[182.33, 60]",166.76,213,5.51,-0.02
07:31:21,"[164.18, 61]","[162.67, 36]","[168.0, 80]","[169.0, 48]",166.09,225,3.82,-0.14
07:31:22,"[164.27, 33]","[162.57, 28]","[166.83, 59]","[216.89, 47]",165.55,167,2.56,-0.27
07:31:23,"[164.0, 36]","[162.0, 24]","[165.0, 58]","[304.76, 41]",164.5,159,1.0,-0.25
07:31:24,"[164.0, 27]","[162.0, 18]","[165.0, 27]","[256.0, 36]",164.5,108,1.0,-0.17
07:31:25,"[162.48, 29]","[160.07, 182]","[230.89, 44]","[311.57, 51]",196.68,306,68.4,0.38
07:31:26,"[160.03, 155]","[159.57, 28]","[208.92, 26]","[209.95, 38]",184.47,247,48.9,0.48
07:31:27,"[160.09, 101]","[159.6, 35]","[204.05, 43]","[205.44, 43]",182.07,222,43.96,0.23
07:31:28,"[161.08, 25]","[159.94, 67]","[197.66, 50]","[198.97, 37]",179.37,179,36.58,0.03
07:31:29,"[160.0, 52]","[159.0, 13]","[193.11, 38]","[194.58, 43]",176.55,146,33.11,-0.11
07:31:30,"[160.0, 56]","[159.0, 14]","[189.51, 41]","[190.38, 40]",174.76,151,29.51,-0.07
07:31:31,"[159.0, 12]","[158.0, 88]","[184.07, 29]","[186.29, 34]",171.53,163,25.07,0.23
07:31:32,"[160.08, 61]","[156.14, 125]","[180.84, 57]","[181.88, 73]",170.46,316,20.76,0.18
07:31:33,"[162.0, 54]","[154.0, 39]","[177.2, 40]","[178.41, 46]",169.6,179,15.2,0.04
07:31:34,"[164.0, 68]","[160.57, 46]","[174.2, 45]","[175.6, 45]",169.1,204,10.2,0.12
07:31:35,"[163.54, 79]","[161.72, 75]","[165.96, 25]","[173.08, 36]",164.75,215,2.42,0.43
07:31:36,"[162.0, 38]","[161.0, 56]","[163.88, 34]","[164.55, 22]",162.94,150,1.88,0.25
07:31:37,"[161.25, 32]","[160.56, 36]","[162.76, 17]","[174.19, 27]",162.01,112,1.51,0.21
07:31:38,"[160.11, 18]","[145.8, 20]","[166.0, 6]","[453.67, 6]",163.06,50,5.89,0.52
07:31:39,"[159.0, 10]","[156.0, 25]","[166.0, 5]","[577.0, 13]",162.5,53,7.0,0.32
07:31:40,"[161.39, 33]","[160.45, 40]","[166.0, 10]","[232.0, 10]",163.7,93,4.61,0.57
07:31:41,"[161.88, 34]","[160.92, 26]","[166.0, 7]","[337.0, 7]",163.94,74,4.12,0.62
07:31:42,"[161.0, 24]","[160.0, 12]","[229.5, 6]","[432.83, 6]",195.25,48,68.5,0.5
07:31:43,"[161.67, 15]","[160.8, 20]","[164.88, 17]","[216.2, 10]",163.27,62,3.22,0.13
07:31:44,"[161.0, 7]","[159.54, 61]","[164.0, 7]","[165.0, 21]",162.5,96,3.0,0.42
07:31:45,"[161.0, 10]","[160.0, 100]","[164.25, 12]","[217.5, 32]",162.62,154,3.25,0.43
07:31:46,"[162.4, 15]","[160.12, 34]","[165.0, 26]","[502.87, 31]",163.7,106,2.6,-0.08
07:31:47,"[163.8, 15]","[161.0, 5]","[165.0, 40]","[487.6, 5]",164.4,65,1.2,-0.38
07:31:48,"[161.67, 27]","[146.0, 8]","[165.0, 26]","[533.47, 19]",163.33,80,3.33,-0.12
07:31:49,"[156.85, 68]","[111.72, 40]","[165.0, 27]","[491.0, 42]",160.93,177,8.15,0.22
07:31:50,"[156.04, 25]","[141.0, 16]","[165.0, 15]","[497.87, 23]",160.52,79,8.96,0.04
07:31:51,"[155.57, 42]","[112.29, 14]","[165.0, 21]","[172.0, 21]",160.29,98,9.43,0.14
07:31:52,"[155.0, 42]","[109.35, 17]","[165.0, 21]","[454.0, 24]",160.0,104,10.0,0.13
07:31:53,"[155.0, 36]","[102.0, 12]","[161.25, 24]","[435.21, 24]",158.12,96,6.25,0.0
07:31:54,"[155.0, 60]","[102.0, 20]","[162.62, 52]","[163.47, 34]",158.81,166,7.62,-0.04
07:31:55,"[155.0, 66]","[103.78, 23]","[159.3, 37]","[160.5, 42]",157.15,168,4.3,0.06
07:31:56,"[155.0, 24]","[84.5, 8]","[159.0, 8]","[161.0, 12]",157.0,52,4.0,0.23
07:31:57,"[155.0, 30]","[17.0, 10]","[157.6, 10]","[160.4, 15]",156.3,65,2.6,0.23
07:31:58,"[155.23, 44]","[79.18, 22]","[178.23, 26]","[265.45, 29]",166.73,121,23.0,0.09
07:31:59,"[155.94, 31]","[64.62, 13]","[200.6, 20]","[304.92, 25]",178.27,89,44.66,-0.01
07:32:00,"[160.08, 24]","[139.94, 32]","[196.29, 14]","[200.16, 19]",178.18,89,36.2,0.26
07:32:01,"[163.7, 20]","[159.95, 19]","[190.48, 31]","[196.33, 15]",177.09,85,26.78,-0.08
07:32:02,"[165.56, 32]","[163.73, 33]","[188.61, 23]","[191.14, 28]",177.09,116,23.05,0.12
07:32:03,"[161.82, 38]","[158.05, 64]","[185.75, 16]","[186.92, 26]",173.78,144,23.93,0.42
07:32:04,"[160.02, 57]","[99.82, 57]","[183.58, 12]","[184.83, 12]",171.8,138,23.57,0.65
07:32:05,"[160.0, 45]","[93.77, 47]","[179.32, 25]","[180.0, 19]",169.66,136,19.32,0.35
07:32:06,"[160.75, 48]","[148.26, 47]","[176.37, 27]","[178.0, 29]",168.56,151,15.62,0.26
07:32:07,"[162.09, 44]","[160.0, 55]","[172.28, 18]","[173.07, 40]",167.18,157,10.19,0.26
07:32:08,"[163.71, 21]","[161.9, 40]","[168.57, 35]","[170.04, 25]",166.14,121,4.86,0.01
07:32:09,"[166.5, 8]","[165.2, 20]","[168.0, 40]","[169.0, 32]",167.25,100,1.5,-0.44
07:32:10,"[165.05, 57]","[160.43, 60]","[168.6, 53]","[169.29, 28]",166.83,198,3.55,0.18
07:32:11,"[163.83, 60]","[154.21, 58]","[166.36, 56]","[211.62, 47]",165.1,221,2.52,0.07
07:32:12,"[160.0, 16]","[96.32, 22]","[165.12, 32]","[542.0, 32]",162.56,102,5.12,-0.25
07:32:13,"[160.7, 20]","[91.04, 25]","[197.0, 25]","[425.52, 25]",178.85,95,36.3,-0.05
07:32:14,"[159.0, 4]","[114.5, 6]","[232.0, 2]","[254.0, 4]",195.5,16,73.0,0.25
07:32:15,"[159.0, 6]","[151.0, 9]","[232.0, 3]","[254.0, 6]",195.5,24,73.0,0.25
07:32:16,"[159.0, 16]","[125.62, 24]","[345.79, 19]","[507.33, 21]",252.39,80,186.79,0.0
07:32:17,"[159.0, 22]","[114.27, 33]","[315.81, 16]","[404.22, 37]",237.41,108,156.81,0.02
07:32:18,"[139.78, 37]","[83.53, 17]","[183.74, 27]","[191.78, 27]",161.76,108,43.96,0.0
07:32:19,"[161.07, 28]","[106.68, 19]","[189.57, 21]","[190.5, 12]",175.32,80,28.5,0.17
07:32:20,"[163.0, 24]","[145.68, 22]","[185.94, 32]","[186.79, 28]",174.47,106,22.94,-0.13
07:32:21,"[164.77, 22]","[160.18, 38]","[181.94, 16]","[183.31, 26]",173.36,102,17.16,0.18
07:32:22,"[167.5, 14]","[164.4, 55]","[178.47, 17]","[182.4, 25]",172.99,111,10.97,0.24
07:32:23,"[102.25, 24]","[97.2, 30]","[176.21, 29]","[177.14, 21]",139.23,104,73.96,0.04
07:32:24,"[70.91, 32]","[23.33, 9]","[161.04, 25]","[207.22, 18]",115.97,84,90.13,-0.02
07:32:25,"[50.0, 40]","[24.0, 10]","[159.53, 19]","[201.68, 25]",104.76,94,109.53,0.06
07:32:26,"[75.91, 44]","[46.32, 41]","[158.66, 61]","[161.0, 26]",117.28,172,82.75,-0.01
07:32:27,"[105.66, 35]","[65.64, 28]","[157.18, 44]","[161.0, 22]",131.42,129,51.52,-0.02
07:32:28,"[148.0, 27]","[129.67, 9]","[156.0, 36]","[161.0, 18]",152.0,90,8.0,-0.2
07:32:29,"[148.38, 32]","[144.46, 37]","[155.8, 41]","[157.67, 24]",152.09,134,7.43,0.03
07:32:30,"[149.38, 26]","[121.71, 14]","[259.06, 16]","[371.86, 28]",204.22,84,109.68,-0.05
07:32:31,"[150.0, 42]","[41.23, 53]","[290.84, 32]","[392.03, 35]",220.42,162,140.84,0.17
07:32:32,"[151.35, 46]","[137.0, 36]","[237.0, 29]","[341.25, 12]",194.17,123,85.65,0.33
07:32:33,"[152.7, 70]","[151.0, 30]","[203.79, 24]","[256.13, 23]",178.25,147,51.09,0.36
07:32:34,"[154.25, 36]","[152.86, 44]","[169.0, 20]","[239.8, 10]",161.62,110,14.75,0.45
07:32:35,"[167.0, 24]","[156.92, 39]","[246.8, 15]","[322.0, 9]",206.9,87,79.8,0.45
07:32:36,"[168.6, 35]","[167.96, 51]","[246.95, 21]","[308.44, 18]",207.78,125,78.35,0.38
07:32:37,"[169.33, 9]","[168.0, 21]","[254.67, 3]","[329.0, 12]",212.0,45,85.33,0.33
07:32:38,"[170.0, 22]","[168.0, 49]","[319.5, 24]","[333.83, 24]",244.75,119,149.5,0.19
07:32:39,"[170.82, 22]","[168.92, 13]","[331.75, 32]","[346.86, 28]",251.28,95,160.93,-0.26
07:32:40,"[171.0, 21]","[170.0, 7]","[327.0, 18]","[483.0, 20]",249.0,66,156.0,-0.15
07:32:41,"[171.0, 30]","[168.17, 46]","[324.29, 28]","[326.91, 22]",247.64,126,153.29,0.21
07:32:42,"[171.0, 30]","[168.0, 70]","[320.71, 28]","[322.59, 22]",245.86,150,149.71,0.33
07:32:43,"[171.0, 11]","[168.0, 63]","[251.64, 25]","[300.76, 25]",211.32,124,80.64,0.19
07:32:44,"[171.0, 8]","[168.0, 56]","[204.35, 17]","[205.65, 23]",187.68,104,33.35,0.23
07:32:45,"[171.0, 7]","[168.0, 49]","[200.88, 16]","[202.16, 19]",185.94,91,29.88,0.23
07:32:46,"[171.0, 10]","[168.0, 70]","[198.21, 28]","[199.18, 22]",184.61,130,27.21,0.23
07:32:47,"[169.59, 17]","[167.71, 89]","[195.48, 23]","[196.88, 32]",182.53,161,25.89,0.32
07:32:48,"[168.0, 48]","[167.0, 156]","[193.09, 33]","[194.33, 27]",180.55,264,25.09,0.55
07:32:49,"[168.0, 46]","[167.0, 182]","[190.07, 42]","[192.0, 28]",179.04,298,22.07,0.53
07:32:50,"[168.0, 27]","[167.0, 117]","[188.0, 27]","[192.0, 18]",178.0,189,20.0,0.52
07:32:51,"[167.04, 138]","[165.57, 92]","[187.54, 37]","[190.93, 28]",177.29,295,20.5,0.56
07:32:52,"[167.0, 102]","[165.0, 60]","[185.8, 20]","[187.0, 30]",176.4,212,18.8,0.53
07:32:53,"[167.0, 81]","[165.0, 54]","[168.72, 25]","[170.32, 31]",167.86,191,1.72,0.41
07:32:54,"[165.55, 40]","[162.77, 47]","[168.0, 14]","[180.74, 23]",166.78,124,2.45,0.4
07:32:55,"[165.0, 26]","[162.12, 24]","[166.75, 16]","[185.62, 16]",165.88,82,1.75,0.22
07:32:56,"[162.2, 44]","[161.67, 18]","[166.2, 30]","[235.48, 31]",164.2,123,4.0,0.01
07:32:57,"[164.12, 17]","[161.94, 16]","[166.0, 12]","[367.0, 16]",165.06,61,1.88,0.08
07:32:58,"[165.57, 21]","[162.86, 21]","[288.26, 23]","[694.63, 19]",226.92,84,122.69,0.0
07:32:59,"[166.88, 32]","[165.0, 16]","[256.61, 31]","[613.4, 25]",211.74,104,89.74,-0.08
07:33:00,"[167.69, 39]","[166.22, 27]","[267.83, 41]","[458.39, 38]",217.76,145,100.14,-0.09
07:33:01,"[164.0, 15]","[162.5, 36]","[326.44, 36]","[329.0, 18]",245.22,105,162.44,-0.03
07:33:02,"[164.94, 119]","[163.69, 72]","[301.14, 59]","[316.08, 39]",233.04,289,136.19,0.32
07:33:03,"[165.0, 90]","[163.0, 24]","[309.08, 24]","[325.93, 30]",237.04,168,144.08,0.36
07:33:04,"[165.6, 82]","[164.38, 26]","[276.33, 24]","[293.24, 34]",220.97,166,110.74,0.3
07:33:05,"[168.0, 70]","[166.0, 24]","[274.42, 38]","[280.14, 21]",221.21,153,106.42,0.23
07:33:06,"[168.56, 25]","[167.0, 20]","[271.71, 21]","[272.74, 38]",220.14,104,103.15,-0.13
07:33:07,"[169.0, 12]","[167.0, 12]","[269.33, 9]","[270.8, 15]",219.17,48,100.33,0.0
07:33:08,"[169.8, 20]","[167.0, 20]","[230.5, 22]","[242.71, 28]",200.15,90,60.7,-0.11
07:33:09,"[170.0, 18]","[167.0, 22]","[222.22, 27]","[228.19, 16]",196.11,83,52.22,-0.04
07:33:10,"[170.0, 9]","[167.0, 18]","[211.69, 35]","[219.88, 25]",190.84,87,41.69,-0.38
07:33:11,"[170.0, 11]","[167.0, 22]","[207.27, 22]","[210.44, 18]",188.64,73,37.27,-0.1
07:33:12,"[170.62, 16]","[167.0, 32]","[204.26, 46]","[205.31, 29]",187.44,123,33.64,-0.22
07:33:13,"[167.0, 32]","[165.0, 153]","[190.21, 42]","[200.82, 39]",178.61,266,23.21,0.39
07:33:14,"[167.0, 14]","[165.0, 168]","[171.94, 47]","[174.35, 40]",169.47,269,4.94,0.35
07:33:15,"[165.04, 147]","[164.17, 60]","[169.53, 51]","[171.29, 42]",167.29,300,4.49,0.38
07:33:16,"[165.0, 132]","[162.64, 28]","[169.12, 33]","[170.93, 41]",167.06,234,4.12,0.37
07:33:17,"[164.66, 71]","[162.82, 44]","[166.51, 39]","[196.19, 52]",165.59,206,1.85,0.12
07:33:18,"[163.0, 21]","[162.0, 196]","[166.0, 28]","[395.61, 31]",164.5,276,3.0,0.57
07:33:19,"[163.14, 28]","[162.01, 227]","[165.78, 36]","[415.22, 27]",164.46,318,2.63,0.6
07:33:20,"[163.77, 52]","[162.21, 142]","[165.0, 56]","[243.0, 28]",164.38,278,1.23,0.4
07:33:21,"[162.01, 255]","[161.44, 61]","[313.62, 21]","[684.0, 42]",237.82,379,151.61,0.67
07:33:22,"[162.0, 48]","[161.0, 44]","[442.0, 11]","[497.0, 33]",302.0,136,280.0,0.35
07:33:23,"[165.66, 41]","[161.24, 42]","[264.41, 29]","[286.17, 41]",215.04,153,98.76,0.08
07:33:24,"[163.19, 32]","[161.51, 49]","[226.57, 28]","[278.36, 28]",194.88,137,63.38,0.18
07:33:25,"[166.67, 24]","[164.82, 127]","[210.36, 11]","[223.0, 21]",188.52,183,43.7,0.65
07:33:26,"[168.67, 18]","[165.2, 99]","[203.62, 8]","[240.0, 8]",186.15,133,34.96,0.76
07:33:27,"[168.0, 7]","[165.0, 168]","[178.4, 15]","[184.64, 11]",173.2,201,10.4,0.74
07:33:28,"[168.0, 6]","[165.0, 144]","[174.83, 6]","[177.0, 6]",171.42,162,6.83,0.85
07:33:29,"[168.0, 12]","[165.0, 288]","[173.83, 12]","[177.0, 12]",170.92,324,5.83,0.85
07:33:30,"[165.02, 199]","[163.41, 51]","[171.9, 10]","[174.5, 10]",168.46,270,6.88,0.85
07:33:31,"[165.0, 193]","[162.07, 29]","[170.1, 10]","[171.5, 10]",167.55,242,5.1,0.83
07:33:32,"[165.0, 171]","[162.16, 25]","[167.33, 9]","[168.89, 9]",166.17,214,2.33,0.83
07:33:33,"[165.0, 305]","[162.82, 49]","[352.7, 33]","[517.42, 31]",258.85,418,187.7,0.69
07:33:34,"[165.0, 124]","[163.0, 16]","[219.0, 16]","[220.0, 20]",192.0,176,54.0,0.59
07:33:35,"[165.09, 335]","[164.38, 130]","[217.38, 52]","[220.0, 65]",191.24,582,52.3,0.6
07:33:36,"[166.0, 105]","[165.0, 450]","[215.24, 74]","[217.25, 61]",190.62,690,49.24,0.61
07:33:37,"[167.43, 77]","[165.0, 450]","[211.02, 60]","[212.71, 49]",189.22,636,43.59,0.66
07:33:38,"[169.67, 75]","[165.0, 466]","[208.47, 72]","[209.52, 63]",189.07,676,38.81,0.6
07:33:39,"[170.91, 58]","[165.0, 384]","[204.57, 49]","[206.43, 40]",187.74,531,33.66,0.66
07:33:40,"[165.63, 143]","[164.82, 176]","[200.89, 19]","[202.6, 25]",183.26,363,35.27,0.76
07:33:41,"[165.05, 274]","[164.65, 204]","[195.12, 41]","[197.69, 32]",180.09,551,30.07,0.74
07:33:42,"[166.67, 18]","[165.06, 250]","[194.08, 64]","[195.38, 39]",180.37,371,27.41,0.44
07:33:43,"[165.0, 192]","[163.0, 32]","[191.31, 16]","[192.63, 38]",178.16,278,26.31,0.61
07:33:44,"[165.0, 312]","[163.73, 30]","[188.47, 55]","[189.6, 35]",176.74,432,23.47,0.58
07:33:45,"[165.0, 360]","[163.07, 56]","[187.43, 47]","[188.17, 64]",176.21,527,22.43,0.58
07:33:46,"[165.0, 282]","[163.0, 52]","[181.95, 58]","[182.29, 41]",173.47,433,16.95,0.54
07:33:47,"[165.0, 92]","[163.0, 28]","[179.79, 19]","[181.25, 32]",172.39,171,14.79,0.4
07:33:48,"[165.3, 128]","[164.15, 104]","[175.68, 59]","[176.95, 65]",170.49,356,10.37,0.3
07:33:49,"[165.21, 87]","[164.67, 27]","[171.24, 51]","[171.81, 26]",168.22,191,6.03,0.19
07:33:50,"[165.0, 111]","[164.0, 14]","[167.64, 33]","[168.62, 68]",166.32,226,2.64,0.11
07:33:51,"[163.08, 24]","[162.35, 23]","[391.8, 51]","[471.8, 44]",277.44,142,228.72,-0.34
07:33:52,"[163.43, 42]","[162.2, 10]","[337.5, 50]","[430.2, 50]",250.46,152,174.07,-0.32
07:33:53,"[166.99, 73]","[166.53, 55]","[207.86, 21]","[271.06, 33]",187.42,182,40.87,0.41
07:33:54,"[169.24, 75]","[167.0, 264]","[204.5, 20]","[556.19, 36]",186.87,395,35.26,0.72
07:33:55,"[171.0, 66]","[167.05, 116]","[294.36, 11]","[595.78, 27]",232.68,220,123.36,0.65
07:33:56,"[171.0, 30]","[167.0, 110]","[480.47, 17]","[540.23, 13]",325.74,170,309.47,0.65
07:33:57,"[171.0, 36]","[167.0, 154]","[225.35, 23]","[293.63, 19]",198.17,232,54.35,0.64
07:33:58,"[171.0, 18]","[167.0, 132]","[221.0, 6]","[390.86, 14]",196.0,170,50.0,0.76
07:33:59,"[171.0, 15]","[167.0, 110]","[221.0, 5]","[412.0, 5]",196.0,135,50.0,0.85
07:34:00,"[171.0, 27]","[167.0, 198]","[327.11, 9]","[533.67, 9]",249.06,243,156.11,0.85
07:34:01,"[167.0, 147]","[166.0, 21]","[405.0, 7]","[692.43, 7]",286.0,182,238.0,0.85
07:34:02,"[167.04, 170]","[166.0, 27]","[310.0, 9]","[733.0, 33]",238.52,239,142.96,0.65
07:34:03,"[168.0, 27]","[166.57, 14]","[310.0, 6]","[568.0, 6]",239.0,53,142.0,0.55
07:34:04,"[168.15, 52]","[167.0, 26]","[610.15, 13]","[704.85, 13]",389.15,104,442.0,0.5
07:34:05,"[169.89, 36]","[167.0, 18]","[711.09, 11]","[729.0, 3]",440.49,68,541.2,0.59
07:34:06,"[169.0, 12]","[165.0, 8]","[365.0, 12]","[589.87, 15]",267.0,47,196.0,-0.15
07:34:07,"[167.0, 7]","[163.0, 7]","[445.5, 12]","[561.89, 19]",306.25,45,278.5,-0.38
07:34:08,"[167.0, 7]","[164.29, 7]","[401.0, 21]","[644.82, 22]",284.0,57,234.0,-0.51
07:34:09,"[166.8, 10]","[165.8, 10]","[490.2, 30]","[656.77, 22]",328.5,72,323.4,-0.44
07:34:10,"[162.12, 33]","[161.44, 9]","[378.93, 28]","[602.26, 35]",270.52,105,216.81,-0.2
07:34:11,"[162.0, 19]","[161.0, 10]","[445.25, 32]","[619.53, 38]",303.62,99,283.25,-0.41
07:34:12,"[160.2, 50]","[158.37, 51]","[239.7, 20]","[515.07, 28]",199.95,149,79.5,0.36
07:34:13,"[168.0, 12]","[160.3, 88]","[420.32, 31]","[564.34, 29]",294.16,160,252.32,0.25
07:34:14,"[164.07, 61]","[162.24, 41]","[307.48, 21]","[382.5, 28]",235.77,151,143.41,0.35
07:34:15,"[164.0, 52]","[162.0, 33]","[304.26, 23]","[387.5, 22]",234.13,130,140.26,0.31
07:34:16,"[164.0, 48]","[162.0, 36]","[195.75, 20]","[247.56, 34]",179.88,138,31.75,0.22
07:34:17,"[162.14, 29]","[160.38, 63]","[175.0, 12]","[176.0, 60]",168.57,164,12.86,0.12
07:34:18,"[163.15, 27]","[160.95, 19]","[173.37, 43]","[175.65, 23]",168.26,112,10.22,-0.18
07:34:19,"[168.11, 9]","[160.89, 9]","[170.21, 29]","[172.6, 25]",169.16,72,2.1,-0.5
07:34:20,"[142.13, 23]","[126.82, 17]","[169.33, 45]","[171.0, 9]",155.73,94,27.2,-0.15
07:34:21,"[147.12, 104]","[110.11, 117]","[157.68, 37]","[163.05, 74]",152.4,332,10.56,0.33
07:34:22,"[106.98, 53]","[83.98, 51]","[156.12, 41]","[221.92, 13]",131.55,158,49.14,0.32
07:34:23,"[154.0, 63]","[125.61, 57]","[370.55, 62]","[524.78, 45]",262.27,227,216.55,0.06
07:34:24,"[153.78, 32]","[137.12, 33]","[194.85, 26]","[514.74, 35]",174.31,126,41.06,0.03
07:34:25,"[153.32, 41]","[137.56, 41]","[202.83, 24]","[205.0, 24]",178.08,130,49.52,0.26
07:34:26,"[148.0, 13]","[133.91, 11]","[202.0, 10]","[205.0, 10]",175.0,44,54.0,0.09
07:34:27,"[147.6, 30]","[129.0, 20]","[154.52, 29]","[165.82, 22]",151.06,101,6.92,-0.01
07:34:28,"[148.17, 36]","[85.7, 54]","[151.0, 28]","[157.0, 24]",149.58,142,2.83,0.27
07:34:29,"[129.0, 30]","[103.97, 62]","[155.67, 18]","[158.56, 36]",142.33,146,26.67,0.26
07:34:30,"[135.94, 17]","[124.38, 26]","[157.0, 18]","[159.0, 36]",146.47,97,21.06,-0.11
07:34:31,"[123.64, 47]","[88.76, 51]","[157.0, 23]","[159.0, 56]",140.32,177,33.36,0.11
07:34:32,"[155.0, 18]","[152.0, 36]","[156.87, 23]","[158.73, 37]",155.93,114,1.87,-0.05
07:34:33,"[153.2, 20]","[136.57, 28]","[156.55, 22]","[182.88, 32]",154.87,102,3.35,-0.06
07:34:34,"[152.0, 12]","[116.0, 12]","[159.0, 6]","[436.33, 6]",155.5,36,7.0,0.33
07:34:35,"[154.0, 43]","[119.51, 37]","[159.0, 13]","[306.24, 29]",156.5,122,5.0,0.31
07:34:36,"[158.37, 19]","[114.38, 40]","[268.76, 25]","[427.09, 34]",213.56,118,110.39,0.0
07:34:37,"[160.89, 9]","[159.83, 12]","[388.0, 8]","[412.0, 12]",274.44,41,227.11,0.02
07:34:38,"[165.5, 30]","[162.96, 25]","[256.1, 20]","[661.43, 28]",210.8,103,90.6,0.07
07:34:39,"[165.09, 22]","[164.06, 16]","[275.5, 16]","[305.89, 19]",220.3,73,110.41,0.04
07:34:40,"[164.12, 17]","[161.14, 28]","[273.38, 16]","[289.08, 13]",218.75,74,109.26,0.22
07:34:41,"[160.13, 31]","[152.44, 16]","[272.37, 19]","[273.36, 11]",216.25,77,112.24,0.22
07:34:42,"[160.0, 15]","[148.2, 5]","[269.2, 10]","[451.67, 9]",214.6,39,109.2,0.03
07:34:43,"[161.91, 44]","[153.29, 14]","[267.8, 20]","[504.0, 25]",214.85,103,105.89,0.13
07:34:44,"[163.0, 63]","[160.0, 18]","[266.56, 18]","[477.74, 23]",214.78,122,103.56,0.33
07:34:45,"[164.05, 87]","[162.15, 39]","[265.0, 18]","[266.0, 18]",214.52,162,100.95,0.56
07:34:46,"[166.23, 170]","[163.43, 49]","[263.46, 26]","[265.08, 26]",214.85,271,97.23,0.62
07:34:47,"[168.0, 195]","[166.0, 15]","[244.71, 35]","[252.25, 61]",206.36,306,76.71,0.37
07:34:48,"[170.11, 189]","[166.98, 43]","[190.84, 45]","[192.54, 48]",180.48,325,20.74,0.43
07:34:49,"[171.0, 66]","[167.0, 18]","[190.0, 30]","[191.0, 12]",180.5,126,19.0,0.33
07:34:50,"[171.0, 85]","[167.0, 33]","[187.29, 28]","[188.09, 46]",179.14,192,16.29,0.23
07:34:51,"[171.0, 70]","[167.0, 30]","[183.7, 50]","[185.0, 20]",177.35,170,12.7,0.18
07:34:52,"[171.0, 105]","[167.0, 45]","[180.28, 54]","[180.9, 42]",175.64,246,9.28,0.22
07:34:53,"[171.0, 112]","[167.0, 48]","[174.68, 53]","[176.84, 38]",172.84,251,3.68,0.27
07:34:54,"[171.0, 101]","[167.05, 44]","[173.19, 42]","[174.78, 69]",172.1,256,2.19,0.13
07:34:55,"[170.28, 25]","[167.36, 14]","[173.0, 40]","[196.75, 32]",171.64,111,2.72,-0.3
07:34:56,"[165.0, 40]","[163.0, 80]","[172.9, 50]","[289.5, 30]",168.95,200,7.9,0.2
07:34:57,"[165.0, 20]","[163.08, 26]","[171.0, 25]","[360.4, 15]",168.0,86,6.0,0.07
07:34:58,"[164.0, 7]","[163.0, 56]","[171.0, 35]","[328.29, 21]",167.5,119,7.0,0.06
07:34:59,"[164.0, 5]","[163.0, 40]","[170.24, 21]","[180.91, 23]",167.12,89,6.24,0.01
07:35:00,"[164.0, 12]","[163.0, 96]","[168.02, 49]","[169.58, 59]",166.01,216,4.02,0.0
07:35:01,"[163.03, 30]","[162.1, 80]","[165.92, 39]","[168.14, 42]",164.48,191,2.89,0.15
07:35:02,"[163.0, 10]","[162.0, 120]","[164.11, 44]","[166.0, 40]",163.56,214,1.11,0.21
07:35:03,"[162.05, 101]","[161.62, 69]","[164.95, 38]","[179.1, 40]",163.5,248,2.9,0.37
07:35:04,"[161.96, 92]","[158.77, 13]","[163.4, 25]","[170.73, 22]",162.68,152,1.44,0.38
07:35:05,"[160.0, 11]","[139.36, 55]","[161.36, 22]","[163.0, 11]",160.68,99,1.36,0.33
07:35:06,"[160.0, 10]","[130.5, 90]","[161.75, 12]","[215.44, 18]",160.88,130,1.75,0.54
07:35:07,"[160.78, 27]","[106.95, 57]","[312.75, 16]","[453.11, 18]",236.76,118,151.97,0.42
07:35:08,"[161.0, 35]","[160.0, 5]","[498.71, 14]","[573.2, 10]",329.86,64,337.71,0.25
07:35:09,"[163.45, 11]","[161.15, 46]","[471.71, 28]","[542.55, 22]",317.58,107,308.26,0.07
07:35:10,"[166.0, 8]","[165.0, 8]","[208.0, 24]","[437.62, 16]",187.0,56,42.0,-0.43
07:35:11,"[166.4, 10]","[165.0, 10]","[310.12, 26]","[400.18, 22]",238.26,68,143.72,-0.41
07:35:12,"[167.94, 87]","[165.75, 16]","[383.68, 41]","[505.29, 34]",275.81,178,215.74,0.16
07:35:13,"[169.24, 38]","[168.0, 10]","[242.0, 20]","[363.0, 30]",205.62,98,72.76,-0.02
07:35:14,"[170.0, 21]","[168.0, 7]","[350.0, 14]","[475.89, 18]",260.0,60,180.0,-0.07
07:35:15,"[170.44, 27]","[168.0, 9]","[348.11, 9]","[350.0, 18]",259.28,63,177.67,0.14
07:35:16,"[164.6, 90]","[163.5, 24]","[346.25, 12]","[402.33, 24]",255.43,150,181.65,0.52
07:35:17,"[163.42, 57]","[162.8, 60]","[300.45, 11]","[311.38, 13]",231.94,141,137.03,0.66
07:35:18,"[163.0, 61]","[162.0, 21]","[298.43, 7]","[301.0, 14]",230.71,103,135.43,0.59
07:35:19,"[163.0, 87]","[162.0, 33]","[293.58, 19]","[297.62, 13]",228.29,152,130.58,0.58
07:35:20,"[163.42, 110]","[162.67, 72]","[288.71, 14]","[290.81, 26]",226.07,222,125.3,0.64
07:35:21,"[164.0, 48]","[163.0, 96]","[263.7, 20]","[281.85, 13]",213.85,177,99.7,0.63
07:35:22,"[165.97, 71]","[164.81, 89]","[250.39, 72]","[264.44, 27]",208.18,259,84.42,0.24
07:35:23,"[166.0, 84]","[165.0, 48]","[183.15, 33]","[226.9, 30]",174.58,195,17.15,0.35
07:35:24,"[166.0, 42]","[165.0, 24]","[173.67, 30]","[175.0, 6]",169.83,102,7.67,0.29
07:35:25,"[166.0, 91]","[165.0, 52]","[170.13, 31]","[170.97, 40]",168.06,214,4.13,0.34
07:35:26,"[166.0, 29]","[165.0, 56]","[169.43, 14]","[209.7, 44]",167.71,143,3.43,0.19
07:35:27,"[165.69, 26]","[164.95, 42]","[180.38, 29]","[241.7, 33]",173.04,130,14.69,0.05
07:35:28,"[165.0, 53]","[163.16, 86]","[220.0, 48]","[222.0, 36]",192.5,223,55.0,0.25
07:35:29,"[165.0, 50]","[164.0, 73]","[209.5, 32]","[254.0, 34]",187.25,189,44.5,0.3
07:35:30,"[166.7, 27]","[164.89, 62]","[184.0, 24]","[218.0, 48]",175.35,161,17.3,0.11
07:35:31,"[165.09, 67]","[164.05, 96]","[205.41, 49]","[294.73, 44]",185.25,256,40.32,0.27
07:35:32,"[165.06, 35]","[164.17, 59]","[196.2, 30]","[248.4, 30]",180.63,154,31.14,0.22
07:35:33,"[165.0, 11]","[164.0, 77]","[215.64, 44]","[244.88, 32]",190.32,164,50.64,0.07
07:35:34,"[165.0, 5]","[164.0, 35]","[214.0, 20]","[236.0, 15]",189.5,75,49.0,0.07
07:35:35,"[165.0, 10]","[164.0, 70]","[211.29, 34]","[227.64, 33]",188.15,147,46.29,0.09
07:35:36,"[164.29, 82]","[163.2, 158]","[199.07, 56]","[299.05, 40]",181.68,336,34.78,0.43
07:35:37,"[165.0, 147]","[164.0, 30]","[198.33, 60]","[357.47, 45]",181.67,282,33.33,0.26
07:35:38,"[165.0, 99]","[164.0, 22]","[197.55, 44]","[302.0, 33]",181.27,198,32.55,0.22
07:35:39,"[165.0, 81]","[164.0, 18]","[197.0, 36]","[439.33, 27]",181.0,162,32.0,0.22
07:35:40,"[165.0, 80]","[164.0, 20]","[195.2, 40]","[532.29, 28]",180.1,168,30.2,0.19
07:35:41,"[165.05, 20]","[163.15, 137]","[193.24, 34]","[323.83, 41]",179.14,232,28.19,0.35
07:35:42,"[164.0, 13]","[163.0, 202]","[190.0, 13]","[191.0, 52]",177.0,280,26.0,0.54
07:35:43,"[164.6, 10]","[163.1, 62]","[187.36, 25]","[189.04, 25]",175.98,122,22.76,0.18
07:35:44,"[164.0, 16]","[163.0, 224]","[181.96, 54]","[183.27, 41]",172.98,335,17.96,0.43
07:35:45,"[164.0, 30]","[163.0, 210]","[175.74, 39]","[176.61, 46]",169.87,325,11.74,0.48
07:35:46,"[163.84, 69]","[162.6, 103]","[172.54, 26]","[173.41, 34]",168.19,232,8.7,0.48
07:35:47,"[162.78, 94]","[161.97, 91]","[168.0, 20]","[168.82, 22]",165.39,227,5.22,0.63
07:35:48,"[162.36, 77]","[161.88, 56]","[164.74, 19]","[166.3, 23]",163.55,175,2.37,0.52
07:35:49,"[162.15, 39]","[161.23, 13]","[269.43, 37]","[287.25, 32]",215.79,121,107.28,-0.14
07:35:50,"[162.83, 12]","[161.71, 7]","[341.86, 14]","[588.59, 29]",252.35,62,179.02,-0.39
07:35:51,"[163.0, 72]","[162.0, 9]","[251.0, 18]","[548.8, 41]",207.0,140,88.0,0.16
07:35:52,"[163.0, 86]","[162.0, 10]","[202.29, 35]","[401.61, 33]",182.64,164,39.29,0.17
07:35:53,"[165.0, 183]","[163.0, 88]","[201.09, 55]","[424.0, 46]",183.05,372,36.09,0.46
07:35:54,"[165.0, 117]","[163.0, 72]","[200.86, 29]","[276.0, 40]",182.93,258,35.86,0.47
07:35:55,"[165.0, 182]","[163.0, 112]","[198.77, 22]","[200.94, 62]",181.89,378,33.77,0.56
07:35:56,"[165.06, 158]","[163.24, 109]","[192.5, 60]","[195.55, 42]",178.78,369,27.44,0.45
07:35:57,"[170.0, 16]","[165.0, 104]","[187.62, 40]","[189.34, 29]",178.81,189,17.62,0.27
07:35:58,"[165.12, 160]","[163.58, 135]","[187.0, 75]","[199.0, 15]",176.06,385,21.88,0.53
07:35:59,"[167.34, 92]","[165.28, 226]","[185.14, 78]","[188.1, 30]",176.24,426,17.8,0.49
07:36:00,"[168.07, 89]","[167.28, 71]","[180.45, 55]","[183.0, 11]",174.26,226,12.39,0.42
07:36:01,"[168.0, 88]","[167.0, 55]","[178.93, 43]","[180.39, 23]",173.47,209,10.93,0.37
07:36:02,"[168.0, 64]","[167.0, 40]","[177.62, 8]","[179.0, 40]",172.81,152,9.62,0.37
07:36:03,"[167.0, 60]","[165.0, 264]","[175.58, 24]","[178.81, 48]",171.29,396,8.58,0.64
07:36:04,"[165.15, 203]","[163.96, 138]","[174.1, 48]","[175.04, 24]",169.63,413,8.96,0.65
07:36:05,"[165.34, 61]","[164.6, 111]","[172.03, 34]","[172.46, 26]",168.69,232,6.69,0.48
07:36:06,"[168.0, 15]","[165.22, 63]","[169.4, 47]","[171.53, 19]",168.7,144,1.4,0.08
07:36:07,"[165.0, 91]","[163.0, 77]","[168.86, 35]","[171.0, 7]",166.93,210,3.86,0.6
07:36:08,"[165.0, 18]","[163.0, 158]","[167.75, 20]","[168.32, 28]",166.38,224,2.75,0.57
07:36:09,"[163.01, 287]","[162.43, 49]","[165.09, 64]","[257.92, 50]",164.05,450,2.09,0.49
07:36:10,"[163.0, 112]","[162.0, 14]","[164.71, 35]","[268.86, 28]",163.86,189,1.71,0.33
07:36:11,"[164.01, 76]","[163.39, 56]","[191.2, 50]","[432.0, 44]",177.61,226,27.19,0.17
07:36:12,"[167.0, 18]","[165.0, 18]","[419.0, 24]","[0, 0]",293.0,60,252.0,0.2
07:36:13,"[167.0, 12]","[165.0, 12]","[598.0, 16]","[0, 0]",382.5,40,431.0,0.2
07:36:14,"[165.5, 12]","[163.06, 102]","[524.3, 40]","[0, 0]",344.9,154,358.8,0.48
07:36:15,"[163.24, 25]","[162.89, 37]","[671.0, 20]","[0, 0]",417.12,82,507.76,0.51
07:36:16,"[163.0, 44]","[162.0, 8]","[400.75, 12]","[671.0, 16]",281.88,80,237.75,0.3
07:36:17,"[163.0, 44]","[162.0, 18]","[210.17, 35]","[661.57, 28]",186.59,125,47.17,-0.01
07:36:18,"[164.75, 57]","[162.67, 48]","[546.9, 40]","[671.64, 44]",355.83,189,382.15,0.11
07:36:19,"[163.18, 66]","[162.23, 26]","[278.77, 47]","[471.07, 40]",220.97,179,115.58,0.03
07:36:20,"[166.0, 20]","[163.62, 39]","[198.89, 35]","[237.91, 33]",182.44,127,32.89,-0.07
07:36:21,"[163.67, 54]","[162.32, 69]","[195.8, 40]","[198.09, 43]",179.73,206,32.13,0.19
07:36:22,"[163.0, 70]","[162.0, 100]","[193.2, 30]","[223.41, 32]",178.1,232,30.2,0.47
07:36:23,"[163.12, 64]","[162.15, 94]","[188.6, 30]","[190.2, 30]",175.86,218,25.47,0.45
07:36:24,"[163.0, 84]","[162.0, 120]","[185.0, 36]","[186.0, 36]",174.0,276,22.0,0.48
07:36:25,"[163.6, 30]","[162.68, 93]","[179.92, 36]","[181.33, 36]",171.76,195,16.32,0.26
07:36:26,"[165.0, 11]","[163.74, 27]","[174.91, 33]","[176.36, 33]",169.95,104,9.91,-0.27
07:36:27,"[165.98, 49]","[164.9, 20]","[171.92, 39]","[173.15, 39]",168.95,147,5.94,-0.06
07:36:28,"[165.93, 56]","[164.87, 30]","[168.84, 44]","[169.86, 44]",167.38,174,2.91,-0.01
07:36:29,"[165.0, 12]","[164.0, 12]","[166.4, 15]","[168.0, 18]",165.7,57,1.4,-0.16
07:36:30,"[163.8, 25]","[162.83, 60]","[166.21, 28]","[167.52, 25]",165.01,138,2.41,0.23
07:36:31,"[163.06, 64]","[162.14, 140]","[165.0, 36]","[185.33, 48]",164.03,288,1.94,0.42
07:36:32,"[162.1, 84]","[161.28, 144]","[164.81, 16]","[342.51, 45]",163.45,289,2.72,0.58
07:36:33,"[162.0, 76]","[161.0, 104]","[163.0, 8]","[320.0, 32]",162.5,220,1.0,0.64
07:36:34,"[162.88, 32]","[161.37, 76]","[310.76, 34]","[347.75, 32]",236.82,174,147.89,0.24
07:36:35,"[162.8, 44]","[161.35, 60]","[224.21, 33]","[347.84, 38]",193.5,175,61.42,0.19
07:36:36,"[161.83, 23]","[160.89, 54]","[181.0, 24]","[384.25, 32]",171.41,133,19.17,0.16
07:36:37,"[161.0, 88]","[159.0, 30]","[384.03, 33]","[526.59, 37]",272.52,188,223.03,0.26
07:36:38,"[161.0, 30]","[159.0, 24]","[522.62, 24]","[628.5, 32]",341.81,110,361.62,-0.02
07:36:39,"[166.22, 23]","[162.86, 14]","[510.81, 26]","[652.86, 28]",338.51,91,344.59,-0.19
07:36:40,"[165.0, 16]","[161.0, 11]","[333.0, 40]","[517.8, 20]",249.0,87,168.0,-0.38
07:36:41,"[164.0, 30]","[161.26, 27]","[314.92, 48]","[319.24, 49]",239.46,154,150.92,-0.26
07:36:42,"[162.97, 37]","[161.58, 64]","[256.85, 54]","[288.15, 40]",209.91,195,93.88,0.04
07:36:43,"[164.58, 24]","[162.0, 60]","[179.0, 48]","[192.24, 42]",171.79,174,14.42,-0.03
07:36:44,"[166.0, 16]","[162.0, 40]","[176.25, 32]","[179.0, 32]",171.12,120,10.25,-0.07
07:36:45,"[166.0, 20]","[162.0, 50]","[174.8, 40]","[179.0, 40]",170.4,150,8.8,-0.07
07:36:46,"[166.6, 30]","[162.67, 36]","[171.44, 36]","[226.11, 36]",169.02,138,4.84,-0.04
07:36:47,"[167.64, 84]","[166.0, 28]","[169.31, 58]","[176.99, 67]",168.48,237,1.67,-0.05
07:36:48,"[168.0, 32]","[166.0, 20]","[169.74, 47]","[320.28, 43]",168.87,142,1.74,-0.27
07:36:49,"[162.83, 29]","[150.52, 33]","[169.22, 45]","[305.0, 36]",166.02,143,6.39,-0.13
07:36:50,"[166.77, 39]","[162.77, 43]","[169.0, 65]","[288.38, 52]",167.88,199,2.23,-0.18
07:36:51,"[162.56, 25]","[148.69, 48]","[180.87, 53]","[372.83, 48]",171.71,174,18.31,-0.16
07:36:52,"[160.77, 26]","[150.89, 36]","[442.17, 42]","[505.64, 50]",301.47,154,281.4,-0.19
07:36:53,"[160.15, 52]","[154.82, 34]","[383.83, 46]","[436.23, 52]",271.99,184,223.67,-0.07
07:36:54,"[160.0, 54]","[158.0, 18]","[365.11, 27]","[495.56, 36]",262.56,135,205.11,0.07
07:36:55,"[160.29, 62]","[158.71, 34]","[206.0, 37]","[227.74, 39]",183.15,172,45.71,0.12
07:36:56,"[160.0, 28]","[158.0, 20]","[186.42, 43]","[189.62, 32]",173.21,123,26.42,-0.22
07:36:57,"[160.0, 11]","[158.0, 27]","[184.31, 39]","[185.12, 33]",172.15,110,24.31,-0.31
07:36:58,"[166.71, 34]","[162.96, 23]","[181.0, 34]","[182.12, 43]",173.85,134,14.29,-0.15
07:36:59,"[169.88, 64]","[165.74, 35]","[176.98, 57]","[177.73, 37]",173.43,193,7.11,0.03
07:37:00,"[171.0, 40]","[165.0, 30]","[175.38, 26]","[176.57, 35]",173.19,131,4.38,0.07
07:37:01,"[166.45, 33]","[163.8, 15]","[170.43, 37]","[172.15, 33]",168.44,118,3.98,-0.19
07:37:02,"[163.5, 12]","[162.0, 18]","[165.91, 43]","[170.35, 40]",164.7,113,2.41,-0.47
07:37:03,"[162.0, 18]","[160.0, 18]","[164.64, 39]","[222.59, 27]",163.32,102,2.64,-0.29
07:37:04,"[160.0, 20]","[66.11, 54]","[204.39, 28]","[310.15, 27]",182.2,129,44.39,0.15
07:37:05,"[161.0, 12]","[160.0, 12]","[265.33, 18]","[307.75, 16]",213.17,58,104.33,-0.17
07:37:06,"[164.86, 35]","[163.24, 25]","[277.45, 33]","[369.21, 29]",221.16,122,112.6,-0.02
07:37:07,"[166.9, 10]","[165.0, 64]","[267.4, 30]","[669.0, 20]",217.15,124,100.5,0.19
07:37:08,"[165.0, 44]","[148.46, 26]","[205.53, 34]","[516.39, 23]",185.26,127,40.53,0.1
07:37:09,"[165.0, 44]","[160.0, 22]","[251.98, 47]","[288.36, 39]",208.49,152,86.98,-0.13
07:37:10,"[164.0, 25]","[134.95, 40]","[186.3, 40]","[188.0, 50]",175.15,155,22.3,-0.16
07:37:11,"[160.3, 23]","[113.17, 41]","[161.1, 39]","[178.7, 23]",160.7,126,0.8,0.02
07:37:12,"[161.0, 99]","[148.38, 16]","[169.6, 15]","[199.28, 39]",165.3,169,8.6,0.36
07:37:13,"[161.0, 13]","[126.0, 54]","[183.65, 23]","[353.78, 27]",172.33,117,22.65,0.15
07:37:14,"[147.89, 36]","[144.57, 46]","[179.64, 33]","[355.69, 26]",163.76,141,31.75,0.16
07:37:15,"[145.0, 42]","[87.43, 42]","[158.0, 21]","[176.76, 21]",151.5,126,13.0,0.33
07:37:16,"[118.39, 71]","[91.76, 68]","[158.0, 36]","[160.0, 24]",138.2,199,39.61,0.4
07:37:17,"[122.8, 46]","[79.79, 68]","[156.83, 24]","[186.65, 34]",139.82,172,34.03,0.33
07:37:18,"[139.85, 54]","[129.52, 66]","[230.0, 19]","[402.03, 61]",184.93,200,90.15,0.2
07:37:19,"[152.34, 47]","[151.04, 50]","[370.38, 52]","[425.32, 47]",261.36,196,218.04,-0.01
07:37:20,"[156.56, 39]","[155.06, 51]","[258.93, 28]","[409.64, 55]",207.75,173,102.36,0.04
07:37:21,"[159.33, 36]","[158.32, 38]","[359.49, 68]","[436.95, 61]",259.41,203,200.15,-0.27
07:37:22,"[162.0, 34]","[160.92, 24]","[281.38, 34]","[340.88, 50]",221.69,142,119.38,-0.18
07:37:23,"[165.38, 32]","[162.59, 41]","[191.79, 56]","[308.24, 33]",178.58,162,26.41,-0.1
07:37:24,"[167.32, 22]","[164.69, 29]","[337.0, 36]","[484.5, 36]",252.16,123,169.68,-0.17
07:37:25,"[166.0, 6]","[165.0, 36]","[467.5, 30]","[602.0, 6]",316.75,78,301.5,0.08
07:37:26,"[167.62, 13]","[165.0, 75]","[440.44, 55]","[517.33, 39]",304.03,182,272.82,-0.03
07:37:27,"[166.04, 23]","[164.0, 45]","[276.0, 11]","[400.0, 45]",221.02,124,109.96,0.1
07:37:28,"[89.74, 23]","[91.07, 30]","[158.56, 54]","[242.44, 18]",124.15,125,68.82,-0.15
07:37:29,"[129.65, 17]","[114.04, 26]","[154.0, 36]","[155.0, 10]",141.82,89,24.35,-0.03
07:37:30,"[135.67, 9]","[134.95, 21]","[154.0, 12]","[155.0, 6]",144.83,48,18.33,0.25
07:37:31,"[152.08, 26]","[135.14, 42]","[298.39, 18]","[436.09, 32]",225.23,118,146.31,0.15
07:37:32,"[161.79, 47]","[157.08, 59]","[351.38, 32]","[418.6, 10]",256.58,148,189.59,0.43
07:37:33,"[163.17, 24]","[161.0, 42]","[272.5, 12]","[274.0, 24]",217.83,102,109.33,0.29
07:37:34,"[164.0, 6]","[161.0, 42]","[257.8, 10]","[273.6, 20]",210.9,78,93.8,0.23
07:37:35,"[164.88, 8]","[161.0, 56]","[270.0, 16]","[382.03, 38]",217.44,118,105.12,0.08
07:37:36,"[163.05, 41]","[161.25, 64]","[255.9, 21]","[258.81, 42]",209.48,168,92.86,0.25
07:37:37,"[163.0, 24]","[161.0, 56]","[247.38, 16]","[390.71, 24]",205.19,120,84.38,0.33
07:37:38,"[163.06, 35]","[161.25, 56]","[249.5, 16]","[294.77, 31]",206.28,138,86.44,0.32
07:37:39,"[165.0, 7]","[163.0, 45]","[249.0, 14]","[375.22, 18]",207.0,84,84.0,0.24
07:37:40,"[165.43, 14]","[163.12, 51]","[247.64, 22]","[465.0, 22]",206.53,109,82.21,0.19
07:37:41,"[163.71, 42]","[161.33, 61]","[242.88, 33]","[292.02, 42]",203.3,178,79.16,0.16
07:37:42,"[163.0, 48]","[161.3, 30]","[237.34, 35]","[238.92, 36]",200.17,149,74.34,0.05
07:37:43,"[161.5, 32]","[160.16, 61]","[233.65, 20]","[235.35, 31]",197.57,144,72.15,0.29
07:37:44,"[161.0, 108]","[160.0, 252]","[224.67, 51]","[226.27, 48]",192.83,459,63.67,0.57
07:37:45,"[161.0, 78]","[160.0, 182]","[219.38, 45]","[222.0, 48]",190.19,353,58.38,0.47
07:37:46,"[161.0, 44]","[160.0, 168]","[214.56, 32]","[215.28, 36]",187.78,280,53.56,0.51
07:37:47,"[161.0, 22]","[160.0, 154]","[210.82, 22]","[212.0, 44]",185.91,242,49.82,0.45
07:37:48,"[162.0, 48]","[160.75, 96]","[208.05, 40]","[209.73, 33]",185.03,217,46.05,0.33
07:37:49,"[163.39, 75]","[162.43, 81]","[203.08, 53]","[204.39, 33]",183.23,242,39.69,0.29
07:37:50,"[165.0, 10]","[162.0, 80]","[200.53, 34]","[201.75, 32]",182.76,156,35.53,0.15
07:37:51,"[165.57, 14]","[162.14, 84]","[197.22, 46]","[199.04, 46]",181.39,190,31.65,0.03
07:37:52,"[167.0, 10]","[165.0, 10]","[195.12, 34]","[196.2, 30]",181.06,84,28.12,-0.52
07:37:53,"[166.48, 23]","[165.83, 42]","[193.83, 48]","[194.56, 36]",180.16,149,27.36,-0.13
07:37:54,"[166.0, 44]","[165.0, 11]","[185.6, 40]","[187.53, 34]",175.8,129,19.6,-0.15
07:37:55,"[165.08, 52]","[163.4, 45]","[180.29, 63]","[183.36, 66]",172.68,226,15.21,-0.14
07:37:56,"[163.11, 76]","[162.13, 124]","[176.38, 42]","[178.13, 31]",169.74,273,13.28,0.47
07:37:57,"[163.0, 56]","[162.0, 84]","[175.64, 25]","[177.0, 24]",169.32,189,12.64,0.48
07:37:58,"[163.82, 55]","[162.55, 88]","[174.26, 31]","[175.85, 39]",169.04,213,10.44,0.34
07:37:59,"[166.0, 39]","[164.0, 65]","[171.0, 48]","[172.45, 31]",168.5,183,5.0,0.14
07:38:00,"[164.81, 59]","[163.42, 96]","[166.43, 40]","[167.56, 45]",165.62,240,1.61,0.29
07:38:01,"[164.0, 61]","[162.36, 132]","[165.15, 39]","[166.1, 42]",164.58,274,1.15,0.41
07:38:02,"[162.55, 158]","[160.78, 184]","[206.87, 45]","[381.0, 51]",184.71,438,44.32,0.56
07:38:03,"[166.79, 112]","[164.31, 104]","[327.71, 56]","[656.0, 42]",247.25,314,160.93,0.38
07:38:04,"[167.86, 84]","[166.6, 30]","[317.12, 34]","[463.0, 39]",242.49,187,149.26,0.22
07:38:05,"[167.16, 19]","[166.04, 50]","[231.22, 18]","[309.61, 23]",199.19,110,64.06,0.25
07:38:06,"[166.25, 40]","[165.0, 60]","[206.65, 23]","[248.92, 25]",186.45,148,40.4,0.35
07:38:07,"[164.12, 17]","[162.08, 158]","[207.73, 22]","[260.75, 24]",185.92,221,43.61,0.58
07:38:08,"[164.0, 30]","[162.0, 285]","[208.46, 35]","[209.57, 46]",186.23,396,44.46,0.59
07:38:09,"[164.0, 51]","[162.01, 271]","[205.93, 43]","[206.49, 41]",184.97,406,41.93,0.59
07:38:10,"[165.78, 45]","[163.96, 52]","[201.82, 22]","[206.0, 44]",183.8,163,36.04,0.19
07:38:11,"[166.0, 60]","[164.0, 65]","[195.47, 53]","[196.46, 56]",180.74,234,29.47,0.07
07:38:12,"[166.0, 60]","[164.95, 88]","[190.15, 34]","[191.22, 41]",178.07,223,24.15,0.33
07:38:13,"[166.0, 41]","[164.73, 74]","[183.85, 34]","[185.77, 44]",174.93,193,17.85,0.19
07:38:14,"[163.54, 26]","[162.05, 42]","[179.52, 23]","[180.27, 22]",171.53,113,15.98,0.2
07:38:15,"[162.8, 49]","[160.24, 92]","[176.44, 25]","[177.3, 40]",169.62,206,13.64,0.37
07:38:16,"[168.0, 16]","[166.0, 16]","[172.0, 37]","[175.14, 43]",170.0,112,4.0,-0.43
07:38:17,"[163.54, 39]","[161.15, 94]","[169.85, 47]","[170.74, 39]",166.69,219,6.31,0.21
07:38:18,"[163.95, 82]","[160.59, 119]","[167.0, 22]","[168.0, 44]",165.48,267,3.05,0.51
07:38:19,"[166.0, 72]","[162.0, 84]","[168.4, 15]","[170.29, 14]",167.2,185,2.4,0.69
07:38:20,"[166.0, 54]","[162.0, 63]","[167.67, 9]","[205.8, 15]",166.83,141,1.67,0.66
07:38:21,"[164.07, 58]","[161.04, 67]","[211.19, 42]","[359.26, 35]",187.63,202,47.12,0.24
07:38:22,"[163.34, 41]","[161.17, 63]","[302.32, 41]","[530.6, 40]",232.83,185,138.98,0.12
07:38:23,"[167.0, 11]","[166.0, 27]","[471.33, 36]","[651.78, 45]",319.17,119,304.33,-0.36
07:38:24,"[167.07, 14]","[166.04, 28]","[181.67, 36]","[550.31, 42]",174.37,120,14.6,-0.3
07:38:25,"[168.7, 10]","[167.0, 10]","[238.5, 18]","[540.82, 22]",203.6,60,69.8,-0.33
07:38:26,"[169.0, 9]","[166.01, 137]","[202.66, 29]","[212.04, 27]",185.83,202,33.66,0.45
07:38:27,"[169.0, 11]","[166.0, 187]","[199.57, 53]","[200.51, 35]",184.28,286,30.57,0.38
07:38:28,"[169.0, 9]","[166.0, 153]","[195.97, 39]","[197.45, 33]",182.49,234,26.97,0.38
07:38:29,"[166.04, 155]","[163.64, 160]","[193.85, 39]","[195.37, 49]",179.94,403,27.81,0.56
07:38:30,"[166.01, 120]","[163.44, 115]","[192.12, 24]","[195.0, 40]",179.07,299,26.12,0.57
07:38:31,"[166.05, 168]","[163.9, 175]","[189.35, 46]","[191.61, 66]",177.7,455,23.29,0.51
07:38:32,"[166.0, 105]","[164.0, 112]","[186.07, 29]","[188.67, 27]",176.03,273,20.07,0.59
07:38:33,"[166.0, 153]","[164.0, 144]","[183.56, 45]","[185.14, 43]",174.78,385,17.56,0.54
07:38:34,"[166.0, 166]","[164.0, 176]","[181.57, 51]","[183.4, 53]",173.78,446,15.57,0.53
07:38:35,"[166.0, 120]","[164.0, 160]","[176.54, 48]","[178.53, 32]",171.27,360,10.54,0.56
07:38:36,"[166.31, 52]","[165.53, 204]","[173.08, 64]","[175.23, 48]",169.69,368,6.77,0.39
07:38:37,"[166.2, 54]","[165.06, 136]","[169.64, 22]","[171.77, 26]",167.92,238,3.43,0.6
07:38:38,"[166.0, 201]","[164.0, 272]","[168.15, 41]","[169.73, 73]",167.07,587,2.15,0.61
07:38:39,"[166.0, 66]","[164.0, 160]","[167.0, 50]","[195.23, 26]",166.5,302,1.0,0.5
07:38:40,"[164.4, 100]","[163.53, 150]","[263.07, 40]","[362.33, 12]",213.74,302,98.67,0.66
07:38:41,"[164.0, 128]","[163.0, 112]","[344.96, 26]","[435.79, 14]",254.48,280,180.96,0.71
07:38:42,"[164.0, 196]","[163.0, 196]","[332.24, 50]","[414.64, 14]",248.12,456,168.24,0.72
07:38:43,"[164.0, 86]","[163.0, 154]","[247.0, 27]","[431.36, 11]",205.5,278,83.0,0.73
07:38:44,"[164.0, 76]","[163.0, 182]","[430.0, 13]","[478.89, 37]",297.0,308,266.0,0.68
07:38:45,"[163.05, 88]","[162.28, 50]","[394.87, 15]","[445.53, 19]",278.96,172,231.82,0.6
07:38:46,"[163.0, 70]","[162.0, 30]","[365.4, 5]","[383.4, 5]",264.2,110,202.4,0.82
07:38:47,"[163.0, 168]","[162.0, 72]","[291.5, 14]","[348.25, 20]",227.25,274,128.5,0.75
07:38:48,"[163.0, 154]","[162.0, 66]","[318.36, 11]","[331.73, 11]",240.68,242,155.36,0.82
07:38:49,"[169.07, 80]","[162.99, 164]","[268.64, 14]","[320.07, 14]",218.86,272,99.57,0.79
07:38:50,"[166.07, 14]","[164.0, 28]","[200.56, 16]","[202.86, 14]",183.32,72,34.49,0.17
07:38:51,"[165.28, 29]","[163.48, 46]","[197.62, 16]","[200.5, 16]",181.45,107,32.35,0.4
07:38:52,"[163.12, 64]","[162.7, 160]","[195.06, 48]","[196.5, 12]",179.09,284,31.94,0.58
07:38:53,"[164.83, 12]","[163.0, 168]","[192.95, 19]","[194.61, 41]",178.89,240,28.11,0.5
07:38:54,"[163.59, 61]","[162.79, 159]","[188.54, 35]","[189.27, 22]",176.07,277,24.95,0.59
07:38:55,"[164.61, 112]","[162.76, 119]","[186.82, 22]","[188.0, 55]",175.71,308,22.21,0.5
07:38:56,"[166.0, 117]","[162.86, 114]","[183.54, 46]","[183.32, 31]",174.77,308,17.54,0.5
07:38:57,"[166.0, 63]","[163.0, 64]","[178.17, 24]","[180.67, 24]",172.08,175,12.17,0.45
07:38:58,"[166.65, 31]","[164.83, 82]","[175.61, 23]","[177.74, 34]",171.13,170,8.96,0.33
07:38:59,"[168.0, 12]","[166.0, 64]","[172.46, 13]","[173.65, 17]",170.23,106,4.46,0.43
07:39:00,"[166.62, 26]","[165.25, 96]","[169.08, 12]","[170.82, 11]",167.85,145,2.47,0.68
07:39:01,"[164.84, 62]","[162.77, 115]","[167.67, 18]","[185.22, 58]",166.25,253,2.83,0.4
07:39:02,"[162.75, 96]","[161.97, 91]","[165.19, 32]","[179.44, 41]",163.97,260,2.44,0.44
07:39:03,"[163.85, 13]","[162.08, 25]","[233.37, 19]","[505.11, 9]",198.61,66,69.52,0.15
07:39:04,"[166.0, 5]","[163.0, 5]","[274.2, 5]","[725.2, 15]",220.1,30,108.2,-0.33
07:39:05,"[166.0, 7]","[163.0, 7]","[607.36, 14]","[696.2, 15]",386.68,43,441.36,-0.35
07:39:06,"[162.57, 35]","[161.59, 51]","[471.42, 26]","[606.31, 26]",317.0,138,308.85,0.25
07:39:07,"[164.82, 22]","[162.0, 66]","[345.82, 44]","[763.55, 11]",255.32,143,181.0,0.23
07:39:08,"[164.67, 18]","[161.86, 42]","[338.68, 25]","[567.7, 10]",251.67,95,174.01,0.26
07:39:09,"[169.85, 130]","[165.87, 45]","[344.54, 37]","[527.12, 25]",257.19,237,174.69,0.48
07:39:10,"[169.62, 80]","[166.75, 40]","[344.2, 40]","[375.2, 40]",256.91,200,174.57,0.2
07:39:11,"[168.79, 19]","[166.4, 25]","[341.12, 32]","[354.2, 30]",254.96,106,172.34,-0.17
07:39:12,"[169.0, 10]","[168.0, 10]","[339.8, 30]","[340.84, 38]",254.4,88,170.8,-0.55
07:39:13,"[170.09, 11]","[168.0, 11]","[337.09, 33]","[340.0, 33]",253.59,88,167.0,-0.5
07:39:14,"[171.62, 16]","[168.0, 16]","[333.38, 56]","[335.16, 56]",252.5,144,161.75,-0.56
07:39:15,"[172.0, 15]","[168.0, 15]","[287.36, 55]","[325.74, 50]",229.68,135,115.36,-0.56
07:39:16,"[169.14, 21]","[166.55, 33]","[221.59, 41]","[235.37, 43]",195.36,138,52.44,-0.22
07:39:17,"[167.0, 21]","[166.0, 42]","[218.14, 21]","[219.86, 21]",192.57,105,51.14,0.2
07:39:18,"[167.0, 28]","[166.0, 78]","[188.36, 45]","[195.05, 40]",177.68,191,21.36,0.11
07:39:19,"[165.8, 30]","[163.35, 80]","[167.54, 37]","[189.41, 41]",166.67,188,1.74,0.17
07:39:20,"[164.0, 6]","[162.0, 60]","[167.0, 18]","[334.0, 24]",165.5,108,3.0,0.22
07:39:21,"[162.91, 11]","[161.8, 30]","[166.14, 21]","[277.57, 28]",164.53,90,3.23,-0.09
07:39:22,"[161.27, 33]","[154.75, 36]","[165.44, 25]","[231.74, 35]",163.36,129,4.17,0.07
07:39:23,"[149.0, 18]","[137.3, 30]","[162.11, 19]","[185.07, 28]",155.55,95,13.11,0.01
07:39:24,"[138.14, 21]","[113.13, 23]","[161.57, 14]","[307.86, 28]",149.86,86,23.43,0.02
07:39:25,"[119.09, 33]","[72.73, 30]","[552.9, 42]","[663.73, 44]",336.0,149,433.81,-0.15
07:39:26,"[168.0, 36]","[108.62, 39]","[323.21, 38]","[420.96, 47]",245.61,160,155.21,-0.06
07:39:27,"[168.0, 15]","[164.0, 20]","[216.2, 20]","[310.58, 19]",192.1,74,48.2,-0.05
07:39:28,"[168.0, 27]","[164.97, 31]","[221.51, 35]","[335.26, 31]",194.76,124,53.51,-0.06
07:39:29,"[167.4, 30]","[165.62, 39]","[178.95, 38]","[505.32, 38]",173.17,145,11.55,-0.05
07:39:30,"[166.0, 15]","[164.0, 20]","[178.0, 10]","[179.0, 20]",172.0,65,12.0,0.08
07:39:31,"[166.0, 18]","[164.0, 24]","[178.0, 12]","[319.5, 24]",172.0,78,12.0,0.08
07:39:32,"[166.0, 21]","[164.0, 28]","[177.29, 14]","[458.08, 13]",171.64,76,11.29,0.29
07:39:33,"[166.0, 24]","[164.0, 32]","[175.0, 10]","[176.0, 14]",170.5,80,9.0,0.4
07:39:34,"[166.75, 36]","[165.47, 45]","[172.67, 12]","[175.0, 24]",169.71,117,5.92,0.38
07:39:35,"[167.0, 44]","[166.0, 96]","[169.71, 24]","[259.79, 33]",168.35,197,2.71,0.42
07:39:36,"[167.0, 20]","[166.0, 96]","[168.7, 20]","[363.27, 26]",167.85,162,1.7,0.43
07:39:37,"[166.03, 107]","[165.03, 58]","[249.53, 36]","[272.2, 25]",207.78,226,83.5,0.46
07:39:38,"[166.12, 81]","[164.86, 63]","[211.25, 60]","[213.0, 24]",188.69,228,45.13,0.26
07:39:39,"[166.0, 30]","[164.0, 24]","[210.0, 30]","[243.86, 14]",188.0,98,44.0,0.1
07:39:40,"[166.0, 65]","[164.0, 52]","[209.54, 65]","[379.62, 42]",187.77,224,43.54,0.04
07:39:41,"[166.0, 23]","[164.0, 28]","[196.42, 31]","[213.09, 33]",181.21,115,30.42,-0.11
07:39:42,"[166.92, 26]","[165.43, 28]","[173.0, 50]","[185.38, 26]",169.96,130,6.08,-0.17
07:39:43,"[167.0, 30]","[166.0, 50]","[172.9, 50]","[252.0, 10]",169.95,140,5.9,0.14
07:39:44,"[166.43, 42]","[164.97, 62]","[171.21, 70]","[277.71, 14]",168.82,188,4.79,0.11
07:39:45,"[166.0, 13]","[164.0, 20]","[171.0, 25]","[280.4, 5]",168.5,63,5.0,0.05
07:39:46,"[166.0, 7]","[164.54, 59]","[170.86, 35]","[265.0, 7]",168.43,108,4.86,0.22
07:39:47,"[167.38, 29]","[164.67, 39]","[169.0, 45]","[378.33, 9]",168.19,122,1.62,0.11
07:39:48,"[165.09, 77]","[163.45, 33]","[169.0, 60]","[221.33, 12]",167.05,182,3.91,0.21
07:39:49,"[164.0, 32]","[163.0, 24]","[168.5, 30]","[195.0, 6]",166.25,92,4.5,0.22
07:39:50,"[163.85, 55]","[162.58, 48]","[171.18, 34]","[241.8, 10]",167.52,147,7.32,0.4
07:39:51,"[166.0, 45]","[164.0, 36]","[194.0, 24]","[324.83, 12]",180.0,117,28.0,0.38
07:39:52,"[164.12, 32]","[162.95, 38]","[191.26, 43]","[219.0, 29]",177.69,142,27.13,-0.01
07:39:53,"[165.4, 120]","[162.53, 68]","[186.93, 70]","[188.39, 62]",176.16,320,21.53,0.17
07:39:54,"[163.0, 78]","[161.37, 71]","[183.73, 63]","[184.69, 49]",173.37,261,20.73,0.14
07:39:55,"[166.62, 63]","[162.99, 67]","[182.28, 54]","[183.39, 54]",174.45,238,15.66,0.09
07:39:56,"[167.0, 18]","[163.0, 50]","[180.0, 45]","[181.23, 39]",173.5,152,13.0,-0.11
07:39:57,"[167.0, 20]","[163.86, 28]","[176.29, 42]","[177.68, 44]",171.64,134,9.29,-0.28
07:39:58,"[167.0, 20]","[166.0, 118]","[174.2, 50]","[175.5, 50]",170.6,238,7.2,0.16
07:39:59,"[166.03, 67]","[163.62, 63]","[170.35, 26]","[171.55, 29]",168.19,185,4.32,0.41
07:40:00,"[166.0, 59]","[163.0, 80]","[167.12, 24]","[169.57, 35]",166.56,198,1.12,0.4
07:40:01,"[165.27, 41]","[162.89, 121]","[291.4, 40]","[377.81, 31]",228.33,233,126.13,0.39
07:40:02,"[167.73, 59]","[165.23, 91]","[211.27, 37]","[234.59, 46]",189.5,233,43.54,0.29
07:40:03,"[169.0, 20]","[168.0, 25]","[200.4, 10]","[201.4, 10]",184.7,65,31.4,0.38
07:40:04,"[169.9, 40]","[168.91, 53]","[198.69, 26]","[200.15, 26]",184.3,145,28.79,0.28
07:40:05,"[170.0, 21]","[169.0, 28]","[198.0, 14]","[200.0, 14]",184.0,77,28.0,0.27
07:40:06,"[170.0, 30]","[169.0, 40]","[197.82, 17]","[199.4, 20]",183.91,107,27.82,0.31
07:40:07,"[169.0, 44]","[168.0, 55]","[196.73, 22]","[198.09, 22]",182.86,143,27.73,0.38
07:40:08,"[169.0, 32]","[168.0, 40]","[195.0, 16]","[197.0, 16]",182.0,104,26.0,0.38
07:40:09,"[169.0, 28]","[168.0, 35]","[193.31, 26]","[194.71, 14]",181.15,103,24.31,0.22
07:40:10,"[169.0, 56]","[168.0, 70]","[182.6, 47]","[183.79, 53]",175.8,226,13.6,0.12
07:40:11,"[169.0, 38]","[168.0, 55]","[177.0, 22]","[178.59, 34]",173.0,149,8.0,0.25
07:40:12,"[169.82, 67]","[168.62, 53]","[174.36, 33]","[175.95, 42]",172.09,195,4.54,0.23
07:40:13,"[168.67, 45]","[167.47, 68]","[172.15, 26]","[174.0, 65]",170.41,204,3.49,0.11
07:40:14,"[168.0, 50]","[166.0, 66]","[171.91, 22]","[173.92, 52]",169.95,190,3.91,0.22
07:40:15,"[168.0, 36]","[166.0, 54]","[170.07, 15]","[173.33, 36]",169.03,141,2.07,0.28
07:40:16,"[165.23, 86]","[164.85, 47]","[167.4, 25]","[222.94, 34]",166.32,192,2.17,0.39
07:40:17,"[165.33, 54]","[164.82, 22]","[213.67, 15]","[315.14, 29]",189.5,120,48.33,0.27
07:40:18,"[166.82, 49]","[165.3, 30]","[305.67, 48]","[307.0, 60]",236.24,187,138.85,-0.16
07:40:19,"[166.0, 8]","[164.0, 8]","[303.5, 32]","[350.12, 40]",234.75,88,137.5,-0.64
07:40:20,"[164.4, 15]","[162.6, 47]","[283.91, 44]","[341.22, 49]",224.15,155,119.51,-0.2
07:40:21,"[163.0, 53]","[162.0, 117]","[298.96, 54]","[366.35, 63]",230.98,287,135.96,0.18
07:40:22,"[164.86, 50]","[162.56, 82]","[289.95, 74]","[299.18, 61]",227.4,267,125.09,-0.01
07:40:23,"[167.0, 15]","[163.0, 19]","[288.0, 20]","[290.0, 25]",227.5,79,121.0,-0.14
07:40:24,"[167.74, 47]","[163.0, 39]","[178.04, 50]","[194.57, 28]",172.89,164,10.3,0.05
07:40:25,"[168.11, 27]","[165.56, 54]","[177.55, 44]","[246.35, 46]",172.83,171,9.43,-0.05
07:40:26,"[167.88, 26]","[166.64, 22]","[176.2, 40]","[211.0, 30]",172.04,118,8.32,-0.19
07:40:27,"[167.0, 63]","[163.0, 21]","[174.0, 28]","[225.6, 20]",170.5,132,7.0,0.27
07:40:28,"[167.0, 90]","[164.71, 14]","[173.0, 40]","[255.75, 32]",170.0,176,6.0,0.18
07:40:29,"[167.0, 135]","[166.0, 15]","[170.45, 66]","[206.95, 61]",168.73,277,3.45,0.08
07:40:30,"[167.3, 67]","[166.83, 42]","[179.88, 43]","[217.73, 44]",173.59,196,12.59,0.11
07:40:31,"[169.72, 43]","[167.92, 24]","[263.17, 36]","[384.25, 48]",216.44,151,93.45,-0.11
07:40:32,"[166.0, 6]","[164.0, 30]","[248.8, 20]","[506.5, 16]",207.4,72,82.8,0.0
07:40:33,"[164.36, 11]","[163.53, 19]","[276.5, 16]","[413.57, 14]",220.43,60,112.14,0.0
07:40:34,"[164.86, 77]","[163.44, 27]","[353.2, 40]","[569.0, 26]",259.03,170,188.34,0.22
07:40:35,"[164.67, 49]","[163.2, 30]","[350.09, 44]","[538.0, 24]",257.38,147,185.42,0.07
07:40:36,"[164.27, 30]","[163.25, 36]","[440.33, 30]","[523.44, 36]",302.3,132,276.07,0.0
07:40:37,"[166.0, 12]","[164.0, 30]","[228.18, 22]","[337.67, 18]",197.09,82,62.18,0.02
07:40:38,"[164.07, 28]","[163.1, 30]","[219.53, 19]","[225.14, 28]",191.8,105,55.45,0.1
07:40:39,"[164.0, 39]","[163.0, 39]","[200.0, 18]","[211.67, 21]",182.0,117,36.0,0.33
07:40:40,"[164.0, 15]","[163.0, 27]","[196.58, 12]","[198.88, 17]",180.29,71,32.58,0.18
07:40:41,"[165.4, 43]","[162.78, 37]","[190.14, 28]","[191.36, 28]",177.77,136,24.75,0.18
07:40:42,"[163.01, 113]","[162.3, 46]","[186.08, 13]","[187.11, 18]",174.54,190,23.07,0.67
07:40:43,"[164.85, 27]","[163.62, 112]","[182.0, 27]","[183.57, 30]",173.43,196,17.15,0.42
07:40:44,"[165.3, 46]","[163.2, 174]","[178.18, 17]","[179.55, 22]",171.74,259,12.87,0.7
07:40:45,"[164.7, 86]","[163.9, 122]","[175.55, 22]","[176.43, 14]",170.12,244,10.85,0.7
07:40:46,"[164.47, 77]","[163.4, 30]","[171.25, 16]","[173.0, 12]",167.86,135,6.78,0.59
07:40:47,"[167.38, 26]","[164.83, 48]","[169.08, 24]","[172.0, 16]",168.23,114,1.7,0.3
07:40:48,"[166.0, 53]","[163.07, 232]","[167.62, 32]","[168.73, 30]",166.81,347,1.62,0.64
07:40:49,"[163.88, 33]","[162.98, 185]","[167.33, 24]","[280.5, 24]",165.61,266,3.45,0.64
07:40:50,"[164.0, 16]","[163.0, 63]","[166.12, 16]","[438.0, 16]",165.06,111,2.12,0.42
07:40:51,"[163.09, 43]","[162.07, 148]","[165.18, 11]","[288.53, 30]",164.14,232,2.09,0.65
07:40:52,"[162.63, 38]","[161.95, 95]","[165.0, 7]","[245.57, 28]",163.82,168,2.37,0.58
07:40:53,"[162.0, 137]","[161.0, 60]","[163.42, 12]","[280.25, 48]",162.71,257,1.42,0.53
07:40:54,"[162.0, 82]","[161.0, 45]","[294.88, 33]","[403.8, 20]",228.44,180,132.88,0.41
07:40:55,"[162.0, 48]","[161.0, 30]","[299.0, 24]","[407.0, 12]",230.5,114,137.0,0.37
07:40:56,"[162.0, 42]","[161.0, 30]","[336.4, 20]","[371.0, 20]",249.2,112,174.4,0.29
07:40:57,"[163.0, 7]","[162.0, 69]","[273.82, 17]","[373.12, 24]",218.41,117,110.82,0.3
07:40:58,"[162.48, 100]","[161.26, 54]","[222.31, 26]","[502.24, 25]",192.39,205,59.83,0.5
07:40:59,"[165.0, 80]","[162.0, 70]","[200.26, 31]","[376.07, 29]",182.63,210,35.26,0.43
07:41:00,"[165.0, 85]","[162.0, 57]","[218.96, 46]","[255.36, 53]",191.98,241,53.96,0.18
07:41:01,"[166.14, 35]","[165.09, 33]","[221.45, 33]","[442.38, 47]",193.8,148,55.31,-0.08
07:41:02,"[169.16, 95]","[166.0, 57]","[218.3, 67]","[390.25, 80]",193.73,299,49.14,0.02
07:41:03,"[171.58, 60]","[166.0, 36]","[215.79, 42]","[216.61, 38]",193.68,176,44.2,0.09
07:41:04,"[172.0, 76]","[166.19, 115]","[183.38, 55]","[188.6, 48]",177.69,294,11.38,0.3
07:41:05,"[172.0, 57]","[166.38, 143]","[174.15, 53]","[189.19, 52]",173.08,305,2.15,0.31
07:41:06,"[166.52, 46]","[165.37, 76]","[172.04, 26]","[172.88, 24]",169.28,172,5.52,0.42
07:41:07,"[166.0, 67]","[165.0, 104]","[170.11, 18]","[171.26, 27]",168.06,216,4.11,0.58
07:41:08,"[165.82, 68]","[164.73, 132]","[168.29, 31]","[168.96, 23]",167.06,254,2.47,0.57
07:41:09,"[163.09, 66]","[161.46, 65]","[166.09, 22]","[167.29, 14]",164.59,167,3.0,0.57
07:41:10,"[161.82, 66]","[158.4, 52]","[164.87, 15]","[165.96, 27]",163.34,160,3.05,0.47
07:41:11,"[160.21, 34]","[138.32, 34]","[234.44, 25]","[322.3, 44]",197.32,137,74.23,-0.01
07:41:12,"[164.0, 48]","[161.0, 6]","[384.0, 18]","[506.33, 18]",274.0,90,220.0,0.2
07:41:13,"[164.0, 64]","[161.67, 18]","[322.8, 30]","[508.88, 24]",243.4,136,158.8,0.21
07:41:14,"[164.0, 67]","[161.93, 45]","[313.88, 32]","[514.0, 24]",238.94,168,149.88,0.33
07:41:15,"[164.0, 45]","[161.0, 17]","[347.25, 16]","[541.55, 11]",255.62,89,183.25,0.39
07:41:16,"[164.0, 57]","[161.0, 35]","[201.0, 21]","[382.67, 18]",182.5,131,37.0,0.4
07:41:17,"[167.23, 26]","[165.71, 51]","[201.0, 24]","[256.0, 16]",184.12,117,33.77,0.32
07:41:18,"[169.9, 20]","[164.97, 74]","[268.64, 22]","[372.44, 36]",219.27,152,98.74,0.24
07:41:19,"[165.31, 39]","[163.9, 98]","[294.84, 31]","[377.0, 45]",230.07,213,129.53,0.29
07:41:20,"[165.0, 33]","[164.0, 88]","[343.37, 35]","[379.51, 39]",254.19,195,178.37,0.24
07:41:21,"[167.67, 45]","[164.27, 55]","[354.6, 40]","[445.8, 40]",261.13,180,186.93,0.11
07:41:22,"[169.0, 46]","[164.41, 44]","[303.0, 36]","[405.71, 34]",236.0,160,134.0,0.12
07:41:23,"[164.0, 87]","[163.0, 100]","[387.0, 40]","[581.7, 30]",275.5,257,223.0,0.46
07:41:24,"[164.04, 114]","[163.09, 170]","[357.31, 55]","[603.65, 43]",260.67,382,193.27,0.49
07:41:25,"[164.0, 42]","[163.0, 60]","[462.19, 16]","[548.71, 14]",313.09,132,298.19,0.55
07:41:26,"[164.0, 25]","[163.0, 70]","[421.86, 14]","[465.0, 21]",292.93,130,257.86,0.46
07:41:27,"[164.0, 24]","[163.0, 80]","[225.89, 9]","[364.56, 18]",194.94,131,61.89,0.59
07:41:28,"[164.91, 33]","[163.64, 28]","[327.0, 14]","[465.0, 21]",245.95,96,162.09,0.27
07:41:29,"[167.64, 33]","[163.64, 28]","[356.29, 14]","[471.24, 17]",261.96,92,188.65,0.33
07:41:30,"[168.0, 55]","[163.74, 39]","[293.38, 21]","[565.71, 28]",230.69,143,125.38,0.31
07:41:31,"[168.55, 44]","[167.03, 33]","[418.67, 18]","[671.0, 24]",293.61,119,250.12,0.29
07:41:32,"[168.08, 26]","[165.18, 17]","[350.43, 14]","[0, 0]",259.25,57,182.35,0.51
07:41:33,"[168.0, 48]","[165.94, 130]","[605.59, 39]","[800.0, 20]",386.79,237,437.59,0.5
07:41:34,"[168.0, 24]","[166.0, 126]","[386.66, 41]","[569.29, 31]",277.33,222,218.66,0.35
07:41:35,"[168.0, 12]","[166.0, 84]","[364.0, 30]","[461.0, 18]",266.0,144,196.0,0.33
07:41:36,"[168.0, 14]","[166.0, 98]","[363.0, 35]","[461.0, 21]",265.5,168,195.0,0.33
07:41:37,"[168.0, 14]","[166.0, 98]","[351.32, 31]","[474.68, 25]",259.66,168,183.32,0.33
07:41:38,"[168.0, 16]","[166.0, 112]","[338.8, 30]","[370.21, 34]",253.4,192,170.8,0.33
07:41:39,"[166.29, 56]","[165.75, 64]","[280.06, 32]","[312.94, 32]",223.17,184,113.78,0.3
07:41:40,"[166.0, 120]","[164.0, 20]","[231.13, 38]","[231.62, 42]",198.57,220,65.13,0.27
07:41:41,"[166.0, 132]","[164.0, 22]","[225.23, 43]","[226.5, 34]",195.62,231,59.23,0.33
07:41:42,"[166.0, 135]","[164.0, 30]","[220.6, 75]","[221.33, 45]",193.3,285,54.6,0.16
07:41:43,"[166.0, 86]","[164.0, 24]","[216.61, 57]","[218.17, 60]",191.31,227,50.61,-0.03
07:41:44,"[166.0, 84]","[164.0, 24]","[212.71, 52]","[214.24, 54]",189.36,214,46.71,0.01
07:41:45,"[166.0, 91]","[164.0, 26]","[208.69, 32]","[209.76, 41]",187.34,190,42.69,0.23
07:41:46,"[166.0, 79]","[164.0, 24]","[203.8, 30]","[204.4, 45]",184.9,178,37.8,0.16
07:41:47,"[167.0, 31]","[164.44, 39]","[201.22, 37]","[203.45, 65]",184.11,172,34.22,-0.19
07:41:48,"[168.0, 52]","[167.0, 13]","[196.0, 38]","[197.14, 36]",182.0,139,28.0,-0.06
07:41:49,"[168.11, 36]","[167.67, 24]","[191.97, 36]","[192.46, 52]",180.04,148,23.86,-0.19
07:41:50,"[168.23, 13]","[167.09, 54]","[188.28, 29]","[189.13, 30]",178.25,126,20.05,0.06
07:41:51,"[168.0, 11]","[167.0, 105]","[184.61, 28]","[185.36, 47]",176.3,191,16.61,0.21
07:41:52,"[167.23, 43]","[166.97, 113]","[177.82, 39]","[178.8, 35]",172.53,230,10.59,0.36
07:41:53,"[167.0, 142]","[166.0, 14]","[173.97, 34]","[175.11, 54]",170.49,244,6.97,0.28
07:41:54,"[167.0, 70]","[166.0, 10]","[170.26, 27]","[171.12, 34]",168.63,141,3.26,0.13
07:41:55,"[166.61, 75]","[165.29, 21]","[167.92, 39]","[173.81, 59]",167.27,194,1.31,-0.01
07:41:56,"[165.0, 42]","[163.33, 24]","[174.7, 20]","[206.4, 20]",169.85,106,9.7,0.25
07:41:57,"[166.3, 40]","[164.8, 40]","[329.51, 35]","[434.28, 29]",247.91,144,163.21,0.11
07:41:58,"[167.13, 30]","[164.78, 36]","[356.6, 30]","[443.6, 35]",261.87,131,189.47,0.01
07:41:59,"[165.0, 28]","[163.0, 28]","[295.0, 22]","[364.38, 16]",230.0,94,130.0,0.19
07:42:00,"[165.0, 44]","[163.0, 56]","[303.14, 42]","[358.56, 36]",234.07,178,138.14,0.12
07:42:01,"[165.0, 20]","[163.0, 40]","[305.4, 30]","[319.0, 30]",235.2,120,140.4,0.0
07:42:02,"[165.71, 21]","[163.91, 22]","[300.82, 22]","[449.1, 10]",233.27,75,135.1,0.15
07:42:03,"[166.0, 33]","[165.0, 22]","[497.65, 23]","[624.49, 37]",331.83,115,331.65,-0.04
07:42:04,"[165.43, 28]","[163.4, 40]","[435.73, 51]","[438.86, 50]",300.58,169,270.3,-0.2
07:42:05,"[162.23, 94]","[161.89, 179]","[282.13, 52]","[307.07, 57]",222.18,382,119.9,0.43
07:42:06,"[162.0, 172]","[161.0, 60]","[268.5, 50]","[271.0, 40]",215.25,322,106.5,0.44
07:42:07,"[162.73, 126]","[161.91, 131]","[194.23, 39]","[248.57, 42]",178.48,338,31.5,0.52
07:42:08,"[163.0, 116]","[162.0, 170]","[198.54, 48]","[219.65, 43]",180.77,377,35.54,0.52
07:42:09,"[163.0, 135]","[162.0, 187]","[204.0, 55]","[440.74, 47]",183.5,424,41.0,0.52
07:42:10,"[163.21, 103]","[162.05, 161]","[203.05, 62]","[434.08, 65]",183.13,391,39.83,0.35
07:42:11,"[167.36, 45]","[166.51, 78]","[201.8, 20]","[202.95, 42]",184.58,185,34.44,0.33
07:42:12,"[169.0, 48]","[167.0, 132]","[189.28, 53]","[196.94, 50]",179.14,283,20.28,0.27
07:42:13,"[169.59, 37]","[167.49, 73]","[176.31, 51]","[177.22, 36]",172.95,197,6.72,0.12
07:42:14,"[170.93, 27]","[167.9, 60]","[174.48, 42]","[176.11, 47]",172.7,176,3.55,-0.01
07:42:15,"[169.0, 36]","[167.0, 363]","[172.0, 31]","[174.1, 40]",170.5,470,3.0,0.7
07:42:16,"[167.0, 320]","[166.0, 40]","[169.92, 24]","[171.78, 36]",168.46,420,2.92,0.71
07:42:17,"[167.0, 396]","[166.0, 56]","[168.0, 28]","[241.71, 17]",167.5,497,1.0,0.82
07:42:18,"[167.0, 304]","[166.0, 52]","[308.8, 50]","[381.86, 21]",237.9,427,141.8,0.67
07:42:19,"[167.08, 157]","[166.7, 94]","[344.0, 50]","[481.7, 10]",255.54,311,176.92,0.61
07:42:20,"[167.0, 218]","[166.0, 44]","[302.17, 47]","[664.42, 19]",234.59,328,135.17,0.6
07:42:21,"[167.0, 109]","[166.0, 24]","[636.0, 6]","[670.0, 12]",401.5,151,469.0,0.76
07:42:22,"[167.0, 144]","[166.0, 32]","[634.38, 8]","[637.75, 8]",400.69,192,467.38,0.83
07:42:23,"[167.0, 198]","[166.0, 44]","[325.73, 11]","[588.09, 11]",246.36,264,158.73,0.83
07:42:24,"[167.0, 73]","[166.0, 24]","[220.0, 6]","[650.0, 6]",193.5,109,53.0,0.78
07:42:25,"[168.64, 107]","[166.97, 144]","[219.0, 13]","[491.46, 13]",193.82,277,50.36,0.81
07:42:26,"[169.0, 80]","[167.0, 120]","[216.59, 34]","[217.0, 16]",192.79,250,47.59,0.6
07:42:27,"[169.0, 80]","[167.0, 120]","[212.21, 28]","[214.45, 22]",190.61,250,43.21,0.6
07:42:28,"[169.0, 84]","[167.0, 132]","[211.18, 44]","[213.0, 11]",190.09,271,42.18,0.59
07:42:29,"[169.0, 56]","[167.0, 96]","[208.09, 11]","[209.14, 29]",188.55,192,39.09,0.58
07:42:30,"[169.46, 26]","[167.93, 45]","[206.6, 5]","[209.0, 20]",188.03,96,37.14,0.48
07:42:31,"[171.27, 44]","[169.0, 77]","[205.09, 11]","[209.0, 44]",188.18,176,33.82,0.38
07:42:32,"[169.6, 60]","[167.33, 129]","[196.88, 33]","[206.79, 33]",183.24,255,27.28,0.48
07:42:33,"[169.0, 56]","[167.0, 168]","[174.5, 32]","[187.79, 38]",171.75,294,5.5,0.52
07:42:34,"[169.0, 15]","[167.0, 144]","[171.87, 30]","[173.2, 30]",170.43,219,2.87,0.45
07:42:35,"[167.12, 64]","[166.52, 93]","[169.62, 32]","[174.55, 22]",168.38,211,2.5,0.49
07:42:36,"[167.0, 108]","[166.0, 81]","[168.11, 27]","[170.0, 36]",167.56,252,1.11,0.5
07:42:37,"[167.0, 93]","[166.0, 99]","[169.05, 42]","[201.85, 26]",168.02,260,2.05,0.48
07:42:38,"[167.23, 44]","[166.06, 67]","[181.71, 28]","[361.85, 26]",174.47,165,14.49,0.35
07:42:39,"[168.0, 65]","[167.0, 26]","[335.76, 34]","[485.64, 44]",251.88,169,167.76,0.08
07:42:40,"[168.0, 45]","[167.0, 18]","[337.0, 36]","[415.33, 18]",252.5,117,169.0,0.08
07:42:41,"[168.0, 17]","[167.0, 8]","[337.0, 16]","[386.0, 8]",252.5,49,169.0,0.02
07:42:42,"[166.97, 58]","[165.76, 79]","[341.17, 35]","[392.7, 20]",254.07,192,174.21,0.43
07:42:43,"[166.0, 68]","[165.0, 84]","[384.21, 14]","[419.81, 27]",275.11,193,218.21,0.58
07:42:44,"[166.0, 62]","[165.0, 70]","[301.38, 24]","[353.95, 22]",233.69,178,135.38,0.48
07:42:45,"[165.86, 72]","[164.45, 69]","[203.9, 20]","[253.54, 26]",184.88,187,38.04,0.51
07:42:46,"[167.92, 26]","[165.93, 28]","[201.93, 14]","[203.0, 42]",184.93,110,34.01,-0.02
07:42:47,"[166.89, 18]","[165.57, 28]","[198.82, 22]","[200.18, 34]",182.85,102,31.93,-0.1
07:42:48,"[166.0, 11]","[165.0, 22]","[198.12, 17]","[233.36, 33]",182.06,83,32.12,-0.2
07:42:49,"[166.0, 6]","[165.0, 12]","[198.17, 18]","[220.0, 18]",182.08,54,32.17,-0.33
07:42:50,"[166.0, 11]","[165.0, 22]","[197.64, 33]","[199.0, 33]",181.82,99,31.64,-0.33
07:42:51,"[165.78, 18]","[164.58, 48]","[194.89, 44]","[196.53, 47]",180.33,157,29.11,-0.16
07:42:52,"[165.78, 9]","[164.41, 17]","[193.78, 27]","[194.7, 20]",179.78,73,28.0,-0.29
07:42:53,"[164.71, 28]","[163.59, 34]","[189.59, 44]","[190.61, 46]",177.15,152,24.88,-0.18
07:42:54,"[164.0, 47]","[163.0, 64]","[184.44, 48]","[187.0, 32]",174.22,191,20.44,0.16
07:42:55,"[164.0, 26]","[163.0, 52]","[182.26, 34]","[184.58, 31]",173.13,143,18.26,0.09
07:42:56,"[163.6, 20]","[162.5, 48]","[178.3, 20]","[182.0, 30]",170.95,118,14.7,0.15
07:42:57,"[167.29, 42]","[162.31, 32]","[176.17, 30]","[178.2, 25]",171.73,129,8.88,0.15
07:42:58,"[162.93, 43]","[161.98, 63]","[172.62, 48]","[175.29, 34]",167.78,188,9.69,0.13
07:42:59,"[162.55, 51]","[162.21, 24]","[168.91, 33]","[170.27, 33]",165.73,141,6.36,0.06
07:43:00,"[164.64, 44]","[163.66, 41]","[167.4, 30]","[168.27, 33]",166.02,148,2.76,0.15
07:43:01,"[162.54, 41]","[159.83, 36]","[164.94, 33]","[165.89, 27]",163.74,137,2.4,0.12
07:43:02,"[162.0, 98]","[93.76, 70]","[163.7, 30]","[164.92, 36]",162.85,234,1.7,0.44
07:43:03,"[138.76, 25]","[86.38, 58]","[255.22, 40]","[400.86, 51]",196.99,174,116.47,-0.05
07:43:04,"[148.34, 29]","[94.17, 41]","[399.61, 41]","[534.0, 10]",273.98,121,251.26,0.16
07:43:05,"[168.56, 32]","[158.55, 29]","[476.61, 31]","[687.5, 10]",322.59,102,308.05,0.2
07:43:06,"[163.0, 20]","[152.6, 20]","[602.57, 42]","[604.52, 42]",382.79,124,439.57,-0.35
07:43:07,"[164.82, 11]","[163.8, 20]","[526.52, 46]","[591.09, 44]",345.67,121,361.7,-0.49
07:43:08,"[119.75, 12]","[81.12, 33]","[328.0, 24]","[441.36, 33]",223.88,102,208.25,-0.12
07:43:09,"[69.0, 2]","[57.0, 7]","[157.0, 2]","[161.0, 3]",113.0,14,88.0,0.29
07:43:10,"[83.47, 15]","[29.22, 9]","[156.0, 25]","[159.26, 23]",119.73,72,72.53,-0.33
07:43:11,"[151.0, 38]","[72.06, 18]","[155.0, 30]","[157.0, 12]",153.0,98,4.0,0.14
07:43:12,"[154.0, 21]","[80.67, 12]","[155.0, 15]","[157.0, 6]",154.5,54,1.0,0.22
07:43:13,"[154.0, 45]","[79.12, 17]","[155.0, 23]","[157.0, 14]",154.5,99,1.0,0.25
07:43:14,"[112.86, 7]","[81.0, 5]","[155.0, 6]","[157.0, 4]",133.93,22,42.14,0.09
07:43:15,"[95.95, 22]","[73.53, 17]","[155.0, 18]","[156.33, 12]",125.48,69,59.05,0.13
07:43:16,"[141.33, 27]","[128.24, 29]","[153.0, 9]","[155.25, 24]",147.17,89,11.67,0.26
07:43:17,"[149.0, 12]","[135.0, 16]","[157.0, 8]","[159.0, 16]",153.0,52,8.0,0.08
07:43:18,"[149.0, 15]","[85.07, 15]","[157.0, 8]","[159.0, 20]",153.0,58,8.0,0.03
07:43:19,"[149.38, 24]","[45.0, 31]","[155.88, 24]","[158.41, 17]",152.62,96,6.5,0.15
07:43:20,"[150.0, 18]","[27.33, 18]","[155.67, 6]","[159.0, 8]",152.83,50,5.67,0.44
07:43:21,"[150.36, 14]","[73.5, 12]","[160.8, 10]","[161.8, 15]",155.58,51,10.44,0.02
07:43:22,"[151.0, 45]","[150.0, 27]","[157.8, 30]","[161.28, 29]",154.4,131,6.8,0.1
07:43:23,"[151.83, 30]","[150.91, 34]","[155.6, 20]","[160.0, 16]",153.72,100,3.77,0.28
07:43:24,"[153.17, 30]","[152.0, 18]","[155.0, 24]","[157.0, 6]",154.08,78,1.83,0.23
07:43:25,"[154.0, 45]","[152.0, 18]","[155.0, 27]","[157.0, 9]",154.5,99,1.0,0.27
07:43:26,"[46.47, 51]","[0, 0]","[156.14, 7]","[159.18, 11]",101.31,69,109.67,0.48
07:43:27,"[3.5, 40]","[4.0, 12]","[157.0, 4]","[160.0, 8]",80.25,64,153.5,0.62
07:43:28,"[6.0, 24]","[4.0, 72]","[157.0, 21]","[160.0, 21]",81.5,138,151.0,0.39
07:43:29,"[7.62, 32]","[4.0, 96]","[155.43, 23]","[159.03, 37]",81.53,188,147.81,0.36
07:43:30,"[9.8, 60]","[5.54, 52]","[157.0, 14]","[160.0, 35]",83.4,161,147.2,0.39
07:43:31,"[11.9, 80]","[11.15, 80]","[159.38, 29]","[161.27, 44]",85.64,233,147.48,0.37
07:43:32,"[16.5, 56]","[14.4, 40]","[153.33, 12]","[160.57, 14]",84.92,122,136.83,0.57
07:43:33,"[17.2, 60]","[16.38, 52]","[152.0, 14]","[159.67, 12]",84.6,138,134.8,0.62
07:43:34,"[17.35, 34]","[17.0, 60]","[156.5, 8]","[159.85, 13]",86.93,115,139.15,0.63
07:43:35,"[21.15, 26]","[19.98, 86]","[158.0, 8]","[160.0, 16]",89.58,136,136.85,0.65
07:43:36,"[24.56, 54]","[20.55, 44]","[157.0, 46]","[158.0, 7]",90.78,151,132.44,0.3
07:43:37,"[26.65, 102]","[25.38, 52]","[156.71, 41]","[157.22, 23]",91.68,218,130.06,0.41
07:43:38,"[125.41, 37]","[94.39, 92]","[156.69, 26]","[157.33, 18]",141.05,173,31.29,0.49
07:43:39,"[137.67, 96]","[135.96, 46]","[157.0, 20]","[158.0, 16]",147.33,178,19.33,0.6
07:43:40,"[144.76, 17]","[143.78, 18]","[157.88, 16]","[159.56, 18]",151.32,69,13.11,0.01
07:43:41,"[150.59, 29]","[150.41, 58]","[158.0, 22]","[160.0, 22]",154.29,131,7.41,0.33
07:43:42,"[155.37, 35]","[155.13, 38]","[161.77, 35]","[217.72, 29]",158.57,137,6.4,0.07
07:43:43,"[159.14, 65]","[158.62, 21]","[162.0, 24]","[186.8, 30]",160.57,140,2.86,0.23
07:43:44,"[161.89, 72]","[159.68, 82]","[182.37, 38]","[200.82, 34]",172.13,226,20.48,0.36
07:43:45,"[163.24, 83]","[133.36, 66]","[200.33, 30]","[348.28, 25]",181.79,204,37.09,0.46
07:43:46,"[164.03, 154]","[162.49, 37]","[219.2, 41]","[245.26, 43]",191.61,275,55.17,0.39
07:43:47,"[166.61, 46]","[165.9, 80]","[263.33, 24]","[438.22, 27]",214.97,177,96.72,0.42
07:43:48,"[166.45, 44]","[165.34, 41]","[260.38, 16]","[483.24, 25]",213.41,126,93.92,0.35
07:43:49,"[168.0, 36]","[166.0, 74]","[653.93, 30]","[679.17, 24]",410.97,164,485.93,0.34
07:43:50,"[168.0, 20]","[166.0, 50]","[652.2, 20]","[654.25, 16]",410.1,106,484.2,0.32
07:43:51,"[168.0, 32]","[166.0, 70]","[379.48, 25]","[617.9, 29]",273.74,156,211.48,0.31
07:43:52,"[168.0, 18]","[166.0, 48]","[513.74, 23]","[563.17, 18]",340.87,107,345.74,0.23
07:43:53,"[168.9, 31]","[166.45, 31]","[351.43, 35]","[458.29, 35]",260.17,132,182.53,-0.06
07:43:54,"[168.5, 32]","[165.6, 15]","[350.9, 40]","[490.43, 28]",259.7,115,182.4,-0.18
07:43:55,"[165.0, 9]","[164.0, 18]","[325.95, 37]","[436.8, 35]",245.47,99,160.95,-0.45
07:43:56,"[164.29, 28]","[163.25, 16]","[305.0, 59]","[360.2, 46]",234.64,149,140.71,-0.41
07:43:57,"[166.0, 20]","[164.0, 20]","[216.85, 26]","[277.33, 15]",191.42,81,50.85,-0.01
07:43:58,"[167.0, 22]","[166.0, 22]","[213.85, 40]","[214.45, 31]",190.43,115,46.85,-0.23
07:43:59,"[166.6, 15]","[165.2, 30]","[211.0, 60]","[212.0, 60]",188.8,165,44.4,-0.45
07:44:00,"[168.89, 135]","[165.13, 23]","[207.08, 65]","[208.1, 67]",187.98,290,38.19,0.09
07:44:01,"[169.0, 78]","[166.0, 8]","[201.04, 25]","[202.25, 32]",185.02,143,32.04,0.2
07:44:02,"[168.82, 67]","[164.93, 15]","[198.51, 43]","[200.11, 36]",183.67,161,29.69,0.02
07:44:03,"[166.0, 11]","[164.0, 22]","[192.28, 40]","[193.33, 42]",179.14,115,26.28,-0.43
07:44:04,"[166.0, 10]","[164.0, 20]","[188.0, 30]","[189.48, 42]",177.0,102,22.0,-0.41
07:44:05,"[165.71, 100]","[163.36, 28]","[185.42, 65]","[187.02, 64]",175.56,257,19.71,-0.0
07:44:06,"[167.1, 231]","[166.25, 177]","[178.94, 79]","[180.09, 68]",173.02,555,11.84,0.47
07:44:07,"[168.27, 45]","[167.0, 285]","[175.47, 57]","[176.71, 63]",171.87,450,7.21,0.47
07:44:08,"[168.37, 92]","[166.96, 156]","[172.88, 85]","[174.84, 69]",170.63,402,4.51,0.23
07:44:09,"[167.0, 256]","[164.0, 96]","[170.28, 39]","[171.7, 50]",168.64,441,3.28,0.6
07:44:10,"[167.0, 105]","[164.0, 72]","[168.41, 34]","[250.0, 23]",167.71,234,1.41,0.51
07:44:11,"[167.0, 24]","[164.0, 30]","[169.0, 10]","[330.0, 5]",168.0,69,2.0,0.57
07:44:12,"[167.0, 44]","[164.62, 87]","[168.23, 26]","[300.9, 21]",167.62,178,1.23,0.47
07:44:13,"[165.14, 28]","[163.9, 20]","[361.42, 19]","[432.62, 13]",263.28,80,196.28,0.2
07:44:14,"[163.96, 25]","[162.67, 6]","[562.43, 7]","[626.59, 17]",363.19,55,398.47,0.13
07:44:15,"[163.98, 45]","[162.98, 114]","[322.21, 48]","[518.76, 25]",243.09,232,158.23,0.37
07:44:16,"[164.0, 85]","[163.0, 156]","[234.46, 81]","[283.37, 41]",199.23,363,70.46,0.33
07:44:17,"[164.9, 50]","[163.12, 120]","[232.6, 50]","[264.67, 27]",198.75,247,67.7,0.38
07:44:18,"[164.33, 30]","[163.06, 80]","[232.0, 30]","[290.56, 18]",198.17,158,67.67,0.39
07:44:19,"[166.0, 75]","[164.0, 75]","[228.18, 67]","[259.72, 67]",197.09,284,62.18,0.06
07:44:20,"[166.05, 118]","[164.11, 90]","[231.11, 90]","[413.67, 45]",198.58,343,65.06,0.21
07:44:21,"[168.0, 13]","[166.0, 50]","[231.0, 30]","[410.4, 15]",199.5,108,63.0,0.17
07:44:22,"[168.0, 26]","[166.0, 126]","[230.08, 65]","[243.54, 13]",199.04,230,62.08,0.32
07:44:23,"[168.0, 24]","[166.0, 42]","[226.5, 30]","[227.74, 27]",197.25,123,58.5,0.07
07:44:24,"[166.8, 20]","[164.75, 64]","[224.25, 32]","[227.0, 40]",195.53,156,57.45,0.08
07:44:25,"[166.0, 27]","[164.0, 60]","[167.59, 37]","[176.14, 28]",166.8,152,1.59,0.14
07:44:26,"[164.24, 42]","[163.04, 156]","[167.75, 60]","[224.5, 12]",165.99,270,3.51,0.47
07:44:27,"[163.02, 131]","[162.18, 85]","[166.43, 42]","[175.0, 37]",164.73,295,3.41,0.46
07:44:28,"[163.0, 132]","[162.0, 84]","[288.78, 32]","[295.67, 21]",225.89,269,125.78,0.61
07:44:29,"[166.0, 12]","[163.0, 99]","[312.04, 26]","[566.44, 18]",239.02,155,146.04,0.43
07:44:30,"[165.75, 8]","[163.11, 70]","[292.0, 21]","[395.0, 28]",228.88,127,126.25,0.23
07:44:31,"[163.17, 72]","[162.44, 75]","[393.88, 32]","[428.84, 25]",278.52,204,230.71,0.44
07:44:32,"[163.07, 59]","[162.24, 46]","[206.0, 24]","[367.62, 8]",184.53,137,42.93,0.53
07:44:33,"[165.67, 48]","[163.98, 41]","[301.29, 41]","[447.0, 16]",233.48,146,135.63,0.22
07:44:34,"[166.0, 39]","[164.08, 26]","[545.67, 21]","[628.6, 10]",355.83,96,379.67,0.35
07:44:35,"[166.23, 39]","[164.8, 79]","[279.35, 23]","[549.33, 33]",222.79,174,113.12,0.36
07:44:36,"[167.0, 27]","[165.31, 51]","[232.48, 31]","[256.0, 23]",199.74,132,65.48,0.18
07:44:37,"[168.25, 24]","[166.0, 32]","[213.0, 24]","[278.0, 24]",190.62,104,44.75,0.08
07:44:38,"[169.0, 30]","[166.6, 60]","[204.56, 16]","[220.18, 28]",186.78,134,35.56,0.34
07:44:39,"[169.0, 33]","[167.0, 99]","[199.52, 23]","[202.14, 21]",184.26,176,30.52,0.5
07:44:40,"[169.41, 17]","[167.45, 93]","[197.48, 23]","[197.59, 37]",183.45,170,28.07,0.29
07:44:41,"[167.63, 35]","[166.89, 111]","[191.0, 14]","[195.32, 28]",179.31,188,23.37,0.55
07:44:42,"[167.03, 99]","[166.33, 72]","[183.78, 41]","[185.78, 41]",175.41,253,16.75,0.35
07:44:43,"[167.32, 57]","[166.59, 87]","[179.57, 30]","[180.29, 42]",173.44,216,12.25,0.33
07:44:44,"[170.25, 28]","[167.18, 44]","[175.11, 18]","[176.6, 30]",172.68,120,4.86,0.2
07:44:45,"[171.0, 37]","[169.0, 14]","[172.65, 20]","[181.75, 36]",171.82,107,1.65,-0.05
07:44:46,"[167.34, 38]","[165.87, 46]","[171.27, 15]","[246.12, 26]",169.3,125,3.92,0.34
07:44:47,"[166.0, 108]","[165.0, 12]","[169.62, 16]","[195.6, 20]",167.81,156,3.62,0.54
07:44:48,"[166.0, 114]","[165.0, 24]","[167.3, 20]","[224.0, 18]",166.65,176,1.3,0.57
07:44:49,"[165.84, 38]","[164.47, 38]","[167.0, 17]","[298.0, 15]",166.42,108,1.16,0.41
07:44:50,"[165.0, 18]","[164.0, 90]","[166.93, 30]","[280.0, 21]",165.97,159,1.93,0.36
07:44:51,"[165.0, 18]","[164.0, 90]","[166.0, 9]","[246.44, 27]",165.5,144,1.0,0.5
07:44:52,"[165.0, 19]","[164.0, 100]","[172.55, 11]","[302.55, 29]",168.77,159,7.55,0.5
07:44:53,"[164.07, 75]","[163.54, 92]","[317.64, 44]","[346.2, 30]",240.85,241,153.57,0.39
07:44:54,"[164.47, 38]","[163.71, 42]","[321.2, 20]","[338.0, 10]",242.84,110,156.73,0.45
07:44:55,"[165.0, 64]","[164.0, 130]","[320.08, 52]","[321.68, 50]",242.54,296,155.08,0.31
07:44:56,"[169.0, 54]","[164.06, 128]","[271.45, 44]","[315.07, 54]",220.23,280,102.45,0.3
07:44:57,"[169.0, 52]","[164.67, 120]","[184.76, 42]","[213.02, 41]",176.88,255,15.76,0.35
07:44:58,"[169.0, 52]","[166.0, 104]","[181.47, 38]","[182.38, 42]",175.24,236,12.47,0.32
07:44:59,"[169.0, 24]","[166.0, 48]","[177.17, 24]","[178.17, 24]",173.08,120,8.17,0.2
07:45:00,"[169.0, 32]","[166.0, 64]","[176.86, 28]","[177.75, 32]",172.93,156,7.86,0.23
07:45:01,"[169.0, 72]","[166.52, 134]","[172.6, 60]","[174.0, 64]",170.8,330,3.6,0.25
07:45:02,"[166.79, 48]","[165.7, 88]","[169.16, 38]","[172.83, 24]",167.97,198,2.37,0.37
07:45:03,"[166.0, 48]","[165.0, 154]","[168.78, 46]","[273.63, 38]",167.39,286,2.78,0.41
07:45:04,"[166.0, 34]","[165.0, 99]","[168.56, 36]","[581.0, 36]",167.28,205,2.56,0.3
07:45:05,"[167.52, 116]","[165.17, 93]","[289.03, 31]","[504.33, 30]",228.27,270,121.52,0.55
07:45:06,"[168.0, 210]","[166.0, 17]","[293.38, 13]","[418.1, 20]",230.69,260,125.38,0.75
07:45:07,"[168.0, 270]","[166.0, 15]","[200.17, 24]","[305.37, 27]",184.08,336,32.17,0.7
07:45:08,"[168.0, 157]","[166.0, 9]","[169.44, 9]","[171.25, 12]",168.72,187,1.44,0.78
07:45:09,"[168.0, 157]","[166.0, 11]","[169.26, 27]","[172.62, 32]",168.63,227,1.26,0.48
07:45:10,"[168.0, 72]","[166.0, 9]","[174.9, 21]","[239.36, 22]",171.45,124,6.9,0.31
07:45:11,"[168.22, 46]","[167.67, 36]","[292.26, 35]","[338.14, 28]",230.24,145,124.04,0.13
07:45:12,"[168.1, 41]","[166.92, 13]","[289.7, 20]","[322.67, 24]",228.9,98,121.6,0.1
07:45:13,"[169.05, 38]","[167.89, 37]","[228.0, 9]","[420.12, 32]",198.53,116,58.95,0.29
07:45:14,"[170.0, 28]","[168.0, 35]","[371.0, 28]","[384.0, 21]",270.5,112,201.0,0.12
07:45:15,"[170.0, 36]","[168.0, 45]","[358.53, 19]","[410.09, 23]",264.26,123,188.53,0.32
07:45:16,"[169.33, 36]","[167.33, 90]","[250.42, 19]","[303.83, 24]",209.88,169,81.09,0.49
07:45:17,"[168.0, 28]","[167.0, 140]","[289.64, 11]","[488.55, 22]",228.82,201,121.64,0.67
07:45:18,"[168.0, 44]","[167.0, 220]","[197.0, 33]","[288.2, 15]",182.5,312,29.0,0.69
07:45:19,"[168.0, 32]","[167.0, 160]","[321.5, 16]","[420.3, 23]",244.75,231,153.5,0.66
07:45:20,"[168.0, 48]","[167.0, 260]","[361.0, 52]","[364.45, 31]",264.5,391,193.0,0.58
07:45:21,"[168.0, 33]","[167.0, 220]","[392.46, 39]","[466.94, 34]",280.23,326,224.46,0.55
07:45:22,"[168.0, 27]","[167.0, 180]","[419.68, 31]","[591.09, 23]",293.84,261,251.68,0.59
07:45:23,"[167.04, 79]","[166.5, 40]","[235.71, 14]","[327.55, 11]",201.38,144,68.68,0.65
07:45:24,"[167.15, 138]","[166.56, 80]","[433.27, 22]","[557.81, 16]",300.21,256,266.12,0.7
07:45:25,"[168.0, 77]","[167.0, 165]","[254.08, 39]","[331.94, 31]",211.04,312,86.08,0.55
07:45:26,"[168.77, 90]","[167.0, 210]","[216.47, 34]","[253.48, 33]",192.62,367,47.7,0.63
07:45:27,"[170.29, 66]","[168.0, 60]","[203.08, 36]","[226.56, 18]",186.69,180,32.8,0.4
07:45:28,"[171.81, 62]","[168.71, 42]","[203.0, 42]","[251.0, 56]",187.4,202,31.19,0.03
07:45:29,"[169.14, 28]","[167.67, 36]","[200.92, 36]","[243.0, 34]",185.03,134,31.77,-0.04
07:45:30,"[170.0, 11]","[169.0, 33]","[197.38, 24]","[200.5, 30]",183.69,98,27.38,-0.1
07:45:31,"[169.17, 18]","[167.75, 24]","[194.53, 19]","[195.71, 21]",181.85,82,25.36,0.02
07:45:32,"[169.0, 30]","[167.0, 30]","[193.0, 24]","[194.0, 26]",181.0,110,24.0,0.09
07:45:33,"[169.0, 17]","[167.0, 24]","[191.38, 24]","[193.0, 16]",180.19,81,22.38,0.01
07:45:34,"[169.0, 22]","[167.0, 33]","[190.25, 24]","[191.26, 31]",179.62,110,21.25,0.0
07:45:35,"[167.43, 14]","[165.64, 56]","[189.46, 28]","[190.75, 32]",178.45,130,22.04,0.08
07:45:36,"[166.0, 9]","[165.0, 117]","[186.44, 25]","[188.3, 20]",176.22,171,20.44,0.47
07:45:37,"[165.5, 18]","[164.99, 118]","[184.0, 30]","[185.0, 20]",174.75,186,18.5,0.46
07:45:38,"[165.18, 55]","[164.95, 95]","[180.86, 56]","[182.49, 41]",173.02,247,15.68,0.21
07:45:39,"[167.0, 12]","[165.0, 108]","[176.97, 39]","[178.52, 42]",171.99,201,9.97,0.19
07:45:40,"[165.02, 127]","[164.39, 23]","[169.91, 44]","[171.28, 40]",167.46,234,4.89,0.28
07:45:41,"[165.0, 47]","[164.0, 7]","[166.0, 35]","[167.0, 14]",165.5,103,1.0,0.05
07:45:42,"[164.98, 81]","[163.21, 14]","[166.55, 33]","[215.91, 33]",165.76,161,1.57,0.18
07:45:43,"[165.0, 110]","[163.75, 12]","[167.0, 22]","[453.31, 26]",166.0,170,2.0,0.44
07:45:44,"[165.0, 95]","[164.0, 11]","[462.2, 40]","[718.21, 33]",313.6,179,297.2,0.18
07:45:45,"[165.0, 35]","[164.0, 7]","[461.87, 23]","[743.38, 26]",313.43,91,296.87,-0.08
07:45:46,"[165.0, 40]","[164.0, 8]","[320.74, 23]","[687.63, 30]",242.87,101,155.74,-0.05
07:45:47,"[165.0, 70]","[164.0, 14]","[310.06, 34]","[314.67, 36]",237.53,154,145.06,0.09
07:45:48,"[165.54, 41]","[164.81, 31]","[306.4, 15]","[307.65, 31]",235.97,118,140.86,0.22
07:45:49,"[167.0, 11]","[165.0, 55]","[250.88, 24]","[278.88, 17]",208.94,107,83.88,0.23
07:45:50,"[169.32, 31]","[165.16, 38]","[175.0, 10]","[176.0, 30]",172.16,109,5.68,0.27
07:45:51,"[168.39, 23]","[165.5, 36]","[173.52, 25]","[174.29, 17]",170.96,101,5.13,0.17
07:45:52,"[165.39, 31]","[164.94, 53]","[169.87, 15]","[171.33, 15]",167.63,114,4.48,0.47
07:45:53,"[165.15, 62]","[164.84, 50]","[168.9, 20]","[203.1, 30]",167.02,162,3.75,0.38
07:45:54,"[165.34, 29]","[163.58, 19]","[265.5, 14]","[444.0, 26]",215.42,88,100.16,0.09
07:45:55,"[164.67, 9]","[163.29, 21]","[334.23, 13]","[549.11, 27]",249.45,70,169.56,-0.14
07:45:56,"[166.15, 13]","[164.23, 13]","[503.19, 21]","[506.92, 25]",334.67,72,337.04,-0.28
07:45:57,"[165.0, 11]","[164.0, 11]","[400.53, 19]","[440.71, 21]",282.76,62,235.53,-0.29
07:45:58,"[163.2, 20]","[161.25, 24]","[260.54, 26]","[305.5, 30]",211.87,100,97.34,-0.12
07:45:59,"[163.55, 11]","[161.07, 55]","[223.58, 19]","[277.0, 27]",193.56,112,60.03,0.18
07:46:00,"[166.0, 9]","[163.0, 9]","[176.24, 25]","[180.13, 23]",171.12,66,10.24,-0.45
07:46:01,"[163.38, 8]","[161.06, 36]","[170.0, 16]","[171.93, 14]",166.69,74,6.62,0.19
07:46:02,"[166.53, 30]","[162.29, 34]","[168.58, 26]","[226.09, 44]",167.56,134,2.04,-0.04
07:46:03,"[163.56, 9]","[163.0, 10]","[168.22, 27]","[319.83, 29]",165.89,75,4.67,-0.49
07:46:04,"[162.26, 19]","[146.51, 65]","[167.62, 39]","[269.38, 37]",164.94,160,5.35,0.05
07:46:05,"[161.14, 14]","[135.54, 70]","[166.0, 24]","[394.36, 22]",163.57,130,4.86,0.29
07:46:06,"[161.83, 12]","[141.2, 45]","[202.96, 25]","[365.15, 13]",182.4,95,41.13,0.2
07:46:07,"[163.64, 11]","[160.73, 22]","[215.29, 35]","[256.1, 31]",189.46,99,51.65,-0.33
07:46:08,"[167.74, 35]","[160.77, 26]","[191.9, 51]","[192.96, 69]",179.82,181,24.16,-0.33
07:46:09,"[169.4, 20]","[167.82, 34]","[191.0, 50]","[192.0, 30]",180.2,134,21.6,-0.19
07:46:10,"[170.0, 12]","[169.0, 12]","[190.11, 44]","[191.23, 52]",180.06,120,20.11,-0.6
07:46:11,"[170.0, 14]","[169.0, 14]","[186.27, 44]","[188.25, 68]",178.14,140,16.27,-0.6
07:46:12,"[170.0, 16]","[169.0, 16]","[184.5, 52]","[185.84, 76]",177.25,160,14.5,-0.6
07:46:13,"[170.0, 13]","[169.0, 13]","[182.78, 54]","[183.57, 44]",176.39,124,12.78,-0.58
07:46:14,"[170.0, 14]","[169.0, 14]","[180.29, 42]","[182.0, 28]",175.14,98,10.29,-0.43
07:46:15,"[170.0, 10]","[169.0, 10]","[180.0, 30]","[182.0, 20]",175.0,70,10.0,-0.43
07:46:16,"[168.2, 20]","[165.89, 36]","[173.79, 42]","[180.16, 31]",170.99,129,5.59,-0.13
07:46:17,"[166.23, 39]","[164.45, 77]","[171.03, 32]","[173.46, 35]",168.63,183,4.8,0.27
07:46:18,"[165.0, 61]","[163.0, 91]","[169.23, 35]","[170.4, 30]",167.11,217,4.23,0.4
07:46:19,"[165.0, 8]","[163.0, 56]","[168.75, 24]","[170.0, 16]",166.88,104,3.75,0.23
07:46:20,"[163.21, 39]","[161.58, 53]","[166.19, 26]","[167.79, 19]",164.7,137,2.99,0.34
07:46:21,"[160.89, 36]","[150.04, 47]","[163.67, 18]","[164.38, 32]",162.28,133,2.78,0.25
07:46:22,"[160.89, 45]","[151.52, 46]","[165.46, 35]","[250.09, 35]",163.17,161,4.57,0.13
07:46:23,"[164.68, 50]","[160.86, 28]","[167.0, 28]","[279.0, 45]",165.84,151,2.32,0.03
07:46:24,"[165.0, 16]","[163.25, 16]","[254.25, 24]","[387.25, 28]",209.62,84,89.25,-0.24
07:46:25,"[164.14, 14]","[142.4, 30]","[253.76, 41]","[305.14, 35]",208.95,120,89.61,-0.27
07:46:26,"[166.36, 50]","[131.53, 38]","[237.83, 54]","[398.03, 62]",202.1,204,71.47,-0.14
07:46:27,"[167.0, 30]","[159.0, 10]","[236.7, 30]","[587.0, 20]",201.85,90,69.7,-0.11
07:46:28,"[167.0, 30]","[159.0, 10]","[235.37, 38]","[334.47, 30]",201.18,108,68.37,-0.26
07:46:29,"[165.55, 33]","[157.63, 35]","[233.27, 33]","[236.0, 44]",199.41,145,67.73,-0.06
07:46:30,"[156.65, 34]","[146.0, 56]","[223.76, 37]","[260.68, 44]",190.2,171,67.11,0.05
07:46:31,"[144.41, 68]","[143.67, 24]","[159.92, 25]","[172.45, 33]",152.17,150,15.51,0.23
07:46:32,"[81.42, 38]","[55.58, 19]","[159.0, 8]","[161.0, 12]",120.21,77,77.58,0.48
07:46:33,"[111.35, 54]","[97.23, 35]","[159.0, 7]","[161.0, 14]",135.18,110,47.65,0.62
07:46:34,"[129.89, 36]","[124.47, 68]","[237.92, 13]","[373.7, 20]",183.91,137,108.03,0.52
07:46:35,"[128.02, 61]","[116.46, 95]","[369.67, 24]","[598.42, 19]",248.84,199,241.65,0.57
07:46:36,"[132.42, 24]","[126.1, 84]","[161.0, 15]","[350.17, 24]",146.71,147,28.58,0.47
07:46:37,"[131.33, 54]","[127.33, 36]","[154.17, 41]","[212.8, 10]",142.75,141,22.84,0.28
07:46:38,"[132.05, 42]","[130.89, 18]","[153.17, 30]","[154.27, 26]",142.61,116,21.12,0.03
07:46:39,"[134.79, 38]","[132.95, 41]","[153.0, 50]","[154.0, 50]",143.89,179,18.21,-0.12
07:46:40,"[136.95, 42]","[135.76, 21]","[153.0, 45]","[154.0, 45]",144.98,153,16.05,-0.18
07:46:41,"[137.84, 19]","[136.95, 37]","[153.0, 28]","[154.0, 40]",145.42,124,15.16,-0.1
07:46:42,"[140.46, 65]","[140.44, 32]","[153.0, 10]","[154.0, 50]",146.73,157,12.54,0.24
07:46:43,"[146.08, 95]","[143.74, 47]","[153.92, 60]","[154.94, 47]",150.0,249,7.83,0.14
07:46:44,"[148.62, 71]","[147.88, 67]","[154.0, 47]","[156.0, 26]",151.31,211,5.38,0.31
07:46:45,"[153.65, 43]","[153.12, 32]","[156.35, 34]","[184.39, 36]",155.0,145,2.7,0.03
07:46:46,"[158.5, 24]","[155.97, 31]","[160.47, 34]","[171.4, 15]",159.49,104,1.97,0.06
07:46:47,"[160.0, 6]","[112.41, 51]","[174.92, 13]","[211.82, 11]",167.46,81,14.92,0.41
07:46:48,"[71.0, 36]","[67.33, 54]","[181.0, 18]","[245.48, 25]",126.0,133,110.0,0.35
07:46:49,"[44.0, 16]","[42.0, 72]","[168.27, 11]","[222.24, 21]",106.14,120,124.27,0.47
07:46:50,"[102.12, 51]","[86.59, 37]","[153.0, 8]","[158.12, 16]",127.56,112,50.88,0.57
07:46:51,"[104.68, 25]","[34.95, 66]","[153.0, 11]","[157.36, 28]",128.84,130,48.32,0.4
07:46:52,"[107.0, 8]","[105.0, 12]","[153.0, 4]","[155.29, 14]",130.0,38,46.0,0.05
07:46:53,"[120.88, 68]","[112.32, 34]","[153.59, 17]","[155.05, 43]",137.24,162,32.71,0.26
07:46:54,"[124.88, 25]","[123.9, 20]","[159.08, 26]","[274.78, 27]",141.98,98,34.2,-0.08
07:46:55,"[129.94, 31]","[128.83, 29]","[158.73, 44]","[161.0, 33]",144.33,137,28.79,-0.12
07:46:56,"[150.68, 47]","[132.7, 20]","[157.0, 26]","[161.0, 24]",153.84,117,6.32,0.15
07:46:57,"[156.0, 27]","[133.0, 6]","[176.6, 5]","[408.64, 11]",166.3,49,20.6,0.35
07:46:58,"[157.96, 78]","[154.38, 52]","[355.57, 42]","[557.76, 55]",256.77,227,197.61,0.15
07:46:59,"[167.67, 27]","[166.0, 62]","[432.55, 33]","[597.0, 45]",300.11,167,264.88,0.07
07:47:00,"[168.0, 24]","[166.0, 64]","[323.62, 40]","[465.36, 39]",245.81,167,155.62,0.05
07:47:01,"[166.63, 71]","[164.5, 160]","[412.71, 58]","[515.83, 59]",289.67,348,246.07,0.33
07:47:02,"[166.0, 63]","[164.0, 135]","[423.28, 39]","[537.67, 42]",294.64,279,257.28,0.42
07:47:03,"[166.58, 62]","[164.7, 90]","[272.0, 60]","[311.67, 75]",219.29,287,105.42,0.06
07:47:04,"[166.0, 24]","[165.0, 24]","[271.12, 32]","[480.55, 31]",218.56,111,105.12,-0.14
07:47:05,"[166.2, 30]","[165.11, 27]","[269.67, 36]","[591.91, 22]",217.93,115,103.47,-0.01
07:47:06,"[167.0, 24]","[166.0, 18]","[269.0, 24]","[539.75, 16]",218.0,82,102.0,0.02
07:47:07,"[167.0, 63]","[165.06, 48]","[264.31, 62]","[297.21, 56]",215.65,229,97.31,-0.03
07:47:08,"[167.0, 18]","[165.0, 43]","[186.11, 36]","[229.0, 36]",176.56,133,19.11,-0.08
07:47:09,"[167.5, 28]","[165.04, 46]","[182.97, 39]","[184.73, 33]",175.24,146,15.47,0.01
07:47:10,"[168.0, 168]","[167.0, 12]","[178.1, 39]","[179.67, 45]",173.05,264,10.1,0.36
07:47:11,"[169.79, 135]","[167.7, 10]","[175.64, 39]","[176.74, 31]",172.72,215,5.85,0.35
07:47:12,"[169.89, 55]","[167.58, 12]","[172.35, 34]","[173.59, 34]",171.12,135,2.46,-0.01
07:47:13,"[168.0, 11]","[165.53, 49]","[171.87, 30]","[173.06, 32]",169.93,122,3.87,-0.02
07:47:14,"[165.53, 94]","[164.34, 107]","[168.64, 28]","[171.71, 42]",167.09,271,3.11,0.48
07:47:15,"[166.14, 79]","[164.58, 83]","[192.47, 30]","[287.67, 43]",179.3,235,26.33,0.38
07:47:16,"[167.06, 62]","[165.77, 26]","[199.27, 22]","[250.27, 22]",183.17,132,32.21,0.33
07:47:17,"[168.42, 72]","[166.5, 24]","[195.17, 24]","[278.94, 36]",181.79,156,26.75,0.23
07:47:18,"[169.18, 44]","[167.0, 24]","[194.25, 24]","[324.5, 48]",181.72,140,25.07,-0.03
07:47:19,"[170.0, 8]","[167.0, 16]","[192.62, 16]","[419.25, 32]",181.31,72,22.62,-0.33
07:47:20,"[168.42, 12]","[166.59, 17]","[191.0, 24]","[631.67, 48]",179.71,101,22.58,-0.43
07:47:21,"[167.77, 13]","[166.62, 8]","[190.75, 16]","[752.12, 32]",179.26,69,22.98,-0.39
07:47:22,"[168.0, 24]","[167.0, 12]","[189.42, 24]","[599.2, 30]",178.71,90,21.42,-0.2
07:47:23,"[168.0, 16]","[167.0, 12]","[187.38, 16]","[547.0, 16]",177.69,60,19.38,-0.07
07:47:24,"[168.0, 22]","[167.0, 38]","[186.91, 22]","[637.26, 46]",177.45,128,18.91,-0.06
07:47:25,"[168.0, 16]","[167.0, 32]","[185.25, 16]","[458.24, 37]",176.62,101,17.25,-0.05
07:47:26,"[164.94, 33]","[163.47, 99]","[183.8, 30]","[229.0, 60]",174.37,222,18.86,0.19
07:47:27,"[163.59, 27]","[162.89, 57]","[182.83, 24]","[222.47, 59]",173.21,167,19.24,0.01
07:47:28,"[165.0, 19]","[163.22, 27]","[182.0, 18]","[236.22, 45]",173.5,109,17.0,-0.16
07:47:29,"[165.0, 29]","[164.0, 33]","[180.09, 22]","[304.4, 50]",172.55,134,15.09,-0.07
07:47:30,"[165.5, 8]","[164.0, 24]","[178.38, 16]","[326.0, 32]",171.94,80,12.88,-0.2
07:47:31,"[164.11, 19]","[163.41, 32]","[177.79, 28]","[306.24, 62]",170.95,141,13.68,-0.28
07:47:32,"[163.6, 15]","[162.17, 24]","[177.0, 24]","[435.63, 57]",170.3,120,13.4,-0.35
07:47:33,"[164.83, 24]","[162.5, 24]","[176.0, 24]","[194.75, 48]",170.42,120,11.17,-0.2
07:47:34,"[165.29, 28]","[164.44, 18]","[176.0, 14]","[237.0, 24]",170.64,84,10.71,0.1
07:47:35,"[166.0, 52]","[165.0, 52]","[174.46, 26]","[289.24, 34]",170.23,164,8.46,0.27
07:47:36,"[166.6, 15]","[165.33, 36]","[171.39, 23]","[235.56, 27]",169.0,101,4.79,0.01
07:47:37,"[165.03, 34]","[164.15, 26]","[221.07, 42]","[287.15, 54]",193.05,156,56.04,-0.23
07:47:38,"[165.0, 27]","[164.0, 18]","[229.0, 45]","[390.0, 24]",197.0,114,64.0,-0.21
07:47:39,"[165.0, 18]","[164.0, 12]","[228.17, 30]","[528.83, 12]",196.58,72,63.17,-0.17
07:47:40,"[165.57, 42]","[164.31, 29]","[189.86, 57]","[214.3, 57]",177.72,185,24.29,-0.23
07:47:41,"[167.0, 45]","[165.0, 33]","[178.11, 35]","[179.31, 35]",172.56,148,11.11,0.05
07:47:42,"[167.0, 50]","[165.0, 30]","[175.66, 44]","[176.58, 36]",171.33,160,8.66,0.0
07:47:43,"[167.0, 36]","[165.0, 45]","[171.78, 59]","[173.81, 59]",169.39,199,4.78,-0.19
07:47:44,"[166.71, 21]","[164.93, 29]","[169.22, 46]","[170.28, 32]",167.97,128,2.5,-0.22
07:47:45,"[164.93, 108]","[163.29, 31]","[168.43, 42]","[169.86, 42]",166.68,223,3.5,0.25
07:47:46,"[165.0, 124]","[164.0, 26]","[166.87, 31]","[167.69, 39]",165.94,220,1.87,0.36
07:47:47,"[165.0, 55]","[163.82, 17]","[167.29, 28]","[200.57, 28]",166.14,128,2.29,0.12
07:47:48,"[167.37, 51]","[165.93, 45]","[171.0, 45]","[394.64, 66]",169.19,207,3.63,-0.07
07:47:49,"[166.45, 51]","[165.67, 63]","[170.61, 54]","[536.22, 90]",168.53,258,4.16,-0.12
07:47:50,"[166.0, 48]","[165.0, 36]","[167.92, 36]","[345.1, 42]",166.96,162,1.92,0.04
07:47:51,"[166.0, 16]","[165.0, 21]","[207.69, 29]","[336.16, 32]",186.84,98,41.69,-0.24
07:47:52,"[163.29, 14]","[162.29, 7]","[281.14, 35]","[476.0, 35]",222.21,91,117.86,-0.54
07:47:53,"[169.62, 110]","[164.62, 13]","[359.0, 55]","[476.0, 55]",264.31,233,189.38,0.06
07:47:54,"[169.16, 50]","[164.27, 11]","[359.0, 55]","[573.71, 34]",264.08,150,189.84,-0.19
07:47:55,"[163.0, 4]","[162.0, 4]","[500.0, 8]","[566.45, 11]",331.5,27,337.0,-0.41
07:47:56,"[163.0, 6]","[162.0, 6]","[331.44, 27]","[441.93, 15]",247.22,54,168.44,-0.56
07:47:57,"[162.0, 9]","[148.56, 9]","[372.58, 24]","[436.22, 18]",267.29,60,210.58,-0.4
07:47:58,"[159.5, 12]","[136.59, 32]","[252.14, 28]","[355.5, 16]",205.82,88,92.64,0.0
07:47:59,"[162.0, 9]","[157.0, 27]","[259.53, 30]","[300.7, 27]",210.77,93,97.53,-0.23
07:48:00,"[162.0, 8]","[157.0, 24]","[254.5, 16]","[328.74, 19]",208.25,67,92.5,-0.04
07:48:01,"[162.0, 9]","[157.0, 31]","[252.09, 33]","[253.44, 18]",207.05,91,90.09,-0.12
07:48:02,"[167.6, 30]","[157.91, 22]","[250.09, 32]","[250.63, 38]",208.85,122,82.49,-0.15
07:48:03,"[169.41, 61]","[167.68, 37]","[202.29, 14]","[244.05, 20]",185.85,132,32.88,0.48
07:48:04,"[167.33, 21]","[158.43, 21]","[170.25, 16]","[225.35, 17]",168.79,75,2.92,0.12
07:48:05,"[162.75, 51]","[105.0, 28]","[240.8, 25]","[351.28, 29]",201.77,133,78.05,0.19
07:48:06,"[166.0, 3]","[163.2, 20]","[170.0, 6]","[265.0, 15]",168.0,44,4.0,0.05
07:48:07,"[166.0, 7]","[163.27, 44]","[199.78, 18]","[373.0, 25]",182.89,94,33.78,0.09
07:48:08,"[166.0, 13]","[163.63, 86]","[236.2, 45]","[287.55, 40]",201.1,184,70.2,0.08
07:48:09,"[166.0, 11]","[164.0, 66]","[222.11, 35]","[289.89, 27]",194.06,139,56.11,0.11
07:48:10,"[168.71, 51]","[163.69, 26]","[234.0, 21]","[358.0, 20]",201.35,118,65.29,0.31
07:48:11,"[169.0, 96]","[164.0, 36]","[232.67, 36]","[333.17, 60]",200.83,228,63.67,0.16
07:48:12,"[169.0, 66]","[164.0, 38]","[229.9, 20]","[298.12, 40]",199.45,164,60.9,0.27
07:48:13,"[169.0, 60]","[167.14, 70]","[227.32, 22]","[229.33, 18]",198.16,170,58.32,0.53
07:48:14,"[169.0, 60]","[167.38, 78]","[182.71, 24]","[202.11, 19]",175.85,181,13.71,0.52
07:48:15,"[169.0, 28]","[164.0, 15]","[177.56, 9]","[186.73, 11]",173.28,63,8.56,0.37
07:48:16,"[168.76, 63]","[163.78, 46]","[174.73, 15]","[177.27, 37]",171.75,161,5.97,0.35
07:48:17,"[165.27, 44]","[163.65, 68]","[170.29, 24]","[172.3, 40]",167.78,176,5.02,0.27
07:48:18,"[165.77, 43]","[163.86, 72]","[303.97, 37]","[426.31, 55]",234.87,207,138.21,0.11
07:48:19,"[167.03, 76]","[165.53, 38]","[375.11, 45]","[535.78, 45]",271.07,204,208.08,0.12
07:48:20,"[167.59, 37]","[167.54, 26]","[447.44, 43]","[639.62, 65]",307.52,171,279.85,-0.26
07:48:21,"[167.0, 84]","[165.0, 16]","[358.0, 8]","[643.25, 40]",262.5,148,191.0,0.35
07:48:22,"[167.0, 48]","[165.0, 12]","[358.0, 6]","[648.83, 30]",262.5,96,191.0,0.25
07:48:23,"[171.7, 134]","[166.92, 50]","[358.0, 7]","[544.0, 35]",264.85,226,186.3,0.63
07:48:24,"[172.0, 195]","[167.0, 89]","[340.37, 38]","[419.36, 22]",256.18,344,168.37,0.65
07:48:25,"[172.0, 153]","[167.0, 80]","[265.75, 32]","[319.6, 50]",218.88,315,93.75,0.48
07:48:26,"[168.36, 110]","[165.89, 36]","[181.4, 15]","[242.91, 33]",174.88,194,13.04,0.51
07:48:27,"[167.0, 46]","[165.0, 32]","[177.85, 20]","[278.36, 76]",172.43,174,10.85,-0.1
07:48:28,"[166.27, 11]","[164.84, 19]","[173.0, 10]","[175.4, 50]",169.64,90,6.73,-0.33
07:48:29,"[163.0, 14]","[162.0, 7]","[175.22, 18]","[278.72, 32]",169.11,71,12.22,-0.41
07:48:30,"[163.18, 28]","[162.36, 14]","[174.4, 20]","[408.3, 50]",168.79,112,11.22,-0.25
07:48:31,"[164.93, 56]","[162.98, 50]","[172.87, 31]","[294.82, 67]",168.9,204,7.94,0.04
07:48:32,"[165.0, 45]","[164.0, 9]","[170.33, 18]","[318.0, 45]",167.67,117,5.33,-0.08
07:48:33,"[165.0, 32]","[164.0, 32]","[168.5, 36]","[173.0, 24]",166.75,124,3.5,0.03
07:48:34,"[164.67, 6]","[163.4, 10]","[166.95, 20]","[167.56, 18]",165.81,54,2.28,-0.41
07:48:35,"[163.68, 37]","[162.68, 25]","[164.88, 24]","[190.79, 28]",164.28,114,1.2,0.09
07:48:36,"[164.56, 36]","[163.55, 29]","[209.44, 18]","[419.8, 10]",187.0,93,44.89,0.4
07:48:37,"[167.36, 44]","[165.73, 44]","[384.12, 40]","[451.42, 19]",275.74,147,216.76,0.2
07:48:38,"[167.88, 49]","[166.62, 64]","[316.83, 77]","[335.43, 35]",242.35,225,148.95,0.0
07:48:39,"[166.8, 10]","[165.53, 19]","[286.4, 25]","[347.69, 13]",226.6,67,119.6,-0.13
07:48:40,"[166.0, 12]","[163.0, 18]","[291.08, 24]","[327.95, 22]",228.54,76,125.08,-0.21
07:48:41,"[168.22, 51]","[165.35, 34]","[203.05, 42]","[265.64, 64]",185.63,191,34.83,-0.11
07:48:42,"[169.0, 65]","[167.0, 26]","[191.23, 65]","[194.0, 26]",180.12,182,22.23,0.0
07:48:43,"[170.84, 57]","[167.6, 20]","[189.46, 65]","[194.0, 26]",180.15,168,18.62,-0.08
07:48:44,"[172.0, 70]","[169.0, 10]","[189.0, 50]","[356.8, 20]",180.5,150,17.0,0.07
07:48:45,"[173.0, 63]","[169.0, 9]","[188.33, 45]","[469.0, 9]",180.67,126,15.33,0.14
