Time,Bid1,Bid2,Ask1,Ask2,Mid-Price,Total_volume,Bid_ask_spread,Order_imbalance
07:30:00,"[0, 0]","[0, 0]","[399.0, 2]","[0, 0]",199.5,2,399.0,-1.0
07:30:01,"[0, 0]","[0, 0]","[361.15, 13]","[413.58, 12]",180.58,25,361.15,-1.0
07:30:02,"[0, 0]","[0, 0]","[361.64, 22]","[401.94, 17]",180.82,39,361.64,-1.0
07:30:03,"[311.11, 38]","[294.0, 40]","[365.12, 24]","[409.35, 34]",338.12,136,54.02,0.15
07:30:04,"[319.0, 49]","[313.05, 82]","[363.24, 17]","[429.4, 15]",341.12,163,44.24,0.61
07:30:05,"[319.0, 84]","[315.0, 144]","[361.17, 36]","[363.0, 12]",340.08,276,42.17,0.65
07:30:06,"[319.0, 56]","[315.0, 96]","[357.64, 22]","[359.7, 10]",338.32,184,38.64,0.65
07:30:07,"[319.0, 77]","[315.0, 132]","[355.11, 19]","[355.64, 25]",337.05,253,36.11,0.65
07:30:08,"[319.0, 35]","[315.0, 60]","[353.57, 7]","[354.92, 13]",336.29,115,34.57,0.65
07:30:09,"[319.0, 56]","[315.0, 96]","[352.12, 24]","[354.0, 8]",335.56,184,33.12,0.65
07:30:10,"[319.0, 56]","[315.0, 96]","[345.0, 17]","[343.94, 18]",332.0,187,26.0,0.63
07:30:11,"[319.0, 112]","[315.0, 192]","[331.86, 44]","[332.9, 20]",325.43,368,12.86,0.65
07:30:12,"[319.0, 77]","[315.0, 132]","[330.45, 33]","[332.0, 11]",324.73,253,11.45,0.65
07:30:13,"[319.0, 91]","[315.0, 156]","[328.97, 31]","[330.29, 21]",323.98,299,9.97,0.65
07:30:14,"[316.3, 83]","[314.48, 97]","[328.0, 11]","[329.0, 33]",322.15,224,11.7,0.61
07:30:15,"[315.0, 50]","[313.0, 50]","[327.17, 12]","[328.93, 28]",321.08,140,12.17,0.43
07:30:16,"[315.0, 65]","[313.0, 65]","[324.53, 17]","[325.97, 35]",319.76,182,9.53,0.43
07:30:17,"[315.0, 55]","[313.0, 55]","[321.38, 29]","[322.8, 15]",318.19,154,6.38,0.43
07:30:18,"[315.0, 63]","[313.0, 80]","[319.73, 30]","[320.86, 36]",317.37,209,4.73,0.37
07:30:19,"[315.25, 12]","[313.04, 51]","[322.0, 10]","[327.21, 38]",318.62,111,6.75,0.14
07:30:20,"[317.0, 39]","[315.0, 17]","[319.83, 41]","[324.16, 31]",318.41,128,2.83,-0.12
07:30:21,"[316.23, 13]","[313.48, 33]","[318.4, 45]","[319.91, 23]",317.32,114,2.17,-0.19
07:30:22,"[313.33, 30]","[312.42, 60]","[317.0, 30]","[318.0, 30]",315.17,150,3.67,0.2
07:30:23,"[313.0, 64]","[311.94, 97]","[315.36, 42]","[317.07, 42]",314.18,245,2.36,0.31
07:30:24,"[313.0, 24]","[311.26, 57]","[314.86, 35]","[317.0, 36]",313.93,152,1.86,0.07
07:30:25,"[312.17, 24]","[311.11, 54]","[313.5, 20]","[325.11, 38]",312.83,136,1.33,0.15
07:30:26,"[311.08, 26]","[310.2, 20]","[313.0, 12]","[326.0, 24]",312.04,82,1.92,0.12
07:30:27,"[311.0, 52]","[309.0, 20]","[319.54, 26]","[326.63, 38]",315.27,136,8.54,0.06
07:30:28,"[312.16, 55]","[309.76, 42]","[323.76, 59]","[325.2, 60]",317.96,216,11.6,-0.1
07:30:29,"[309.0, 36]","[304.78, 37]","[321.2, 60]","[323.0, 52]",315.1,185,12.2,-0.21
07:30:30,"[307.0, 28]","[301.0, 42]","[318.57, 49]","[320.45, 49]",312.79,168,11.57,-0.17
07:30:31,"[312.34, 91]","[304.27, 33]","[318.0, 42]","[320.0, 56]",315.17,222,5.66,0.12
07:30:32,"[311.91, 44]","[304.0, 20]","[318.0, 24]","[320.0, 47]",314.95,135,6.09,-0.05
07:30:33,"[306.5, 64]","[304.64, 47]","[315.97, 68]","[319.86, 87]",311.24,266,9.47,-0.17
07:30:34,"[308.6, 30]","[306.04, 46]","[313.36, 53]","[319.14, 56]",310.98,185,4.76,-0.18
07:30:35,"[310.0, 13]","[309.0, 26]","[315.0, 39]","[320.0, 52]",312.5,130,5.0,-0.4
07:30:36,"[310.28, 18]","[309.16, 31]","[315.16, 57]","[320.46, 71]",312.72,177,4.88,-0.45
07:30:37,"[310.0, 14]","[309.0, 28]","[320.53, 34]","[323.23, 70]",315.26,146,10.53,-0.42
07:30:38,"[311.0, 26]","[310.0, 13]","[319.38, 26]","[321.77, 35]",315.19,100,8.38,-0.22
07:30:39,"[311.0, 18]","[310.0, 9]","[319.0, 18]","[321.0, 18]",315.0,63,8.0,-0.14
07:30:40,"[312.49, 37]","[308.9, 20]","[317.27, 30]","[318.75, 32]",314.88,119,4.78,-0.04
07:30:41,"[310.0, 15]","[299.8, 30]","[313.4, 75]","[315.0, 15]",311.7,135,3.4,-0.33
07:30:42,"[301.75, 24]","[295.95, 57]","[311.83, 48]","[314.38, 32]",306.79,161,10.08,0.01
07:30:43,"[297.47, 51]","[293.12, 136]","[310.41, 51]","[311.66, 53]",303.94,291,12.94,0.29
07:30:44,"[306.6, 20]","[300.48, 62]","[309.79, 70]","[310.57, 58]",308.19,210,3.19,-0.22
07:30:45,"[308.0, 16]","[299.28, 85]","[309.0, 113]","[314.0, 80]",308.5,294,1.0,-0.31
07:30:46,"[308.0, 7]","[299.14, 28]","[309.0, 49]","[314.0, 35]",308.5,119,1.0,-0.41
07:30:47,"[300.0, 27]","[298.4, 30]","[308.44, 43]","[311.4, 50]",304.22,150,8.44,-0.24
07:30:48,"[299.0, 60]","[298.0, 45]","[305.33, 30]","[307.4, 40]",302.17,175,6.33,0.2
07:30:49,"[299.0, 44]","[298.0, 33]","[305.12, 17]","[307.08, 25]",302.06,119,6.12,0.29
07:30:50,"[299.77, 52]","[298.78, 41]","[307.0, 11]","[309.0, 55]",303.38,159,7.23,0.17
07:30:51,"[300.0, 25]","[299.0, 20]","[307.0, 5]","[309.0, 25]",303.5,75,7.0,0.2
07:30:52,"[300.75, 60]","[299.0, 48]","[307.0, 12]","[309.0, 60]",303.88,180,6.25,0.2
07:30:53,"[303.33, 45]","[296.6, 30]","[307.0, 9]","[309.0, 45]",305.17,129,3.67,0.16
07:30:54,"[304.0, 54]","[294.0, 30]","[307.0, 12]","[309.0, 50]",305.5,146,3.0,0.15
07:30:55,"[304.0, 77]","[293.0, 45]","[307.0, 30]","[309.0, 75]",305.5,227,3.0,0.07
07:30:56,"[304.0, 25]","[293.0, 15]","[307.0, 10]","[309.0, 25]",305.5,75,3.0,0.07
07:30:57,"[304.0, 25]","[293.0, 55]","[307.0, 10]","[309.0, 25]",305.5,115,3.0,0.39
07:30:58,"[304.85, 99]","[298.2, 74]","[307.0, 20]","[309.0, 50]",305.92,243,2.15,0.42
07:30:59,"[305.1, 146]","[295.95, 158]","[308.94, 68]","[309.92, 61]",307.02,433,3.85,0.4
07:31:00,"[310.08, 36]","[309.39, 167]","[312.11, 18]","[315.7, 86]",311.1,307,2.03,0.32
07:31:01,"[311.44, 36]","[310.91, 90]","[313.0, 10]","[317.0, 22]",312.22,158,1.56,0.59
07:31:02,"[312.06, 54]","[311.05, 179]","[314.85, 53]","[316.82, 44]",313.45,330,2.79,0.41
07:31:03,"[311.0, 102]","[294.0, 33]","[313.9, 20]","[319.41, 17]",312.45,172,2.9,0.57
07:31:04,"[313.0, 30]","[311.0, 96]","[317.0, 24]","[318.0, 12]",315.0,162,4.0,0.56
07:31:05,"[313.0, 14]","[311.0, 112]","[317.0, 28]","[318.78, 23]",315.0,177,4.0,0.42
07:31:06,"[313.0, 7]","[311.0, 58]","[323.67, 24]","[383.22, 27]",318.33,116,10.67,0.12
07:31:07,"[315.5, 60]","[306.79, 57]","[325.0, 60]","[403.34, 67]",320.25,244,9.5,-0.04
07:31:08,"[320.0, 30]","[311.0, 40]","[325.0, 40]","[418.0, 50]",322.5,160,5.0,-0.12
07:31:09,"[320.0, 24]","[311.0, 32]","[324.57, 35]","[355.41, 37]",322.29,128,4.57,-0.12
07:31:10,"[317.52, 29]","[306.5, 40]","[323.43, 42]","[335.14, 42]",320.47,153,5.91,-0.1
07:31:11,"[311.36, 56]","[299.43, 70]","[320.41, 41]","[325.23, 65]",315.89,232,9.06,0.09
07:31:12,"[312.0, 60]","[311.0, 48]","[321.0, 60]","[328.25, 60]",316.5,228,9.0,-0.05
07:31:13,"[312.0, 50]","[309.7, 40]","[319.0, 50]","[328.1, 50]",315.5,190,7.0,-0.05
07:31:14,"[313.65, 69]","[301.64, 135]","[318.7, 100]","[322.4, 100]",316.18,404,5.05,0.01
07:31:15,"[315.37, 38]","[312.99, 191]","[317.85, 59]","[319.58, 95]",316.61,383,2.48,0.2
07:31:16,"[314.08, 100]","[310.86, 102]","[317.96, 52]","[321.0, 60]",316.02,314,3.88,0.29
07:31:17,"[314.02, 92]","[310.73, 98]","[316.5, 60]","[321.25, 60]",315.26,310,2.48,0.23
07:31:18,"[315.0, 7]","[314.0, 63]","[316.0, 35]","[321.0, 35]",315.5,140,1.0,0.0
07:31:19,"[314.3, 66]","[312.33, 61]","[319.65, 46]","[328.5, 50]",316.98,223,5.35,0.14
07:31:20,"[316.0, 55]","[314.0, 55]","[322.0, 55]","[334.0, 55]",319.0,220,6.0,0.0
07:31:21,"[316.0, 35]","[314.0, 35]","[321.59, 34]","[330.57, 35]",318.79,139,5.59,0.01
07:31:22,"[316.0, 45]","[314.0, 45]","[320.5, 42]","[324.89, 45]",318.25,177,4.5,0.02
07:31:23,"[314.98, 51]","[312.52, 97]","[318.36, 33]","[323.77, 53]",316.67,234,3.38,0.26
07:31:24,"[314.0, 41]","[312.0, 120]","[317.3, 30]","[320.3, 40]",315.65,231,3.3,0.39
07:31:25,"[314.0, 14]","[312.8, 61]","[319.07, 28]","[327.67, 36]",316.54,139,5.07,0.08
07:31:26,"[314.0, 11]","[313.0, 77]","[321.0, 44]","[333.0, 55]",317.5,187,7.0,-0.06
07:31:27,"[314.0, 7]","[313.0, 49]","[321.0, 28]","[543.88, 25]",317.5,109,7.0,0.03
07:31:28,"[314.0, 8]","[313.0, 56]","[321.0, 32]","[333.0, 8]",317.5,104,7.0,0.23
07:31:29,"[314.0, 6]","[313.0, 42]","[321.0, 24]","[333.0, 6]",317.5,78,7.0,0.23
07:31:30,"[314.0, 9]","[313.0, 63]","[321.0, 36]","[333.0, 9]",317.5,117,7.0,0.23
07:31:31,"[314.0, 11]","[313.0, 77]","[321.0, 44]","[332.08, 13]",317.5,145,7.0,0.21
07:31:32,"[314.0, 5]","[313.0, 35]","[321.0, 20]","[330.0, 10]",317.5,70,7.0,0.14
07:31:33,"[314.0, 13]","[313.0, 91]","[321.0, 52]","[330.0, 26]",317.5,182,7.0,0.14
07:31:34,"[314.0, 6]","[313.0, 42]","[320.6, 15]","[324.0, 18]",317.3,81,6.6,0.19
07:31:35,"[314.0, 10]","[313.0, 70]","[321.0, 40]","[330.0, 60]",317.5,180,7.0,-0.11
07:31:36,"[313.17, 24]","[312.58, 48]","[321.0, 32]","[330.0, 40]",317.08,144,7.83,0.0
07:31:37,"[313.0, 40]","[312.0, 40]","[320.8, 30]","[326.4, 20]",316.9,130,7.8,0.23
07:31:38,"[313.0, 70]","[312.0, 70]","[319.93, 42]","[321.0, 56]",316.46,238,6.93,0.18
07:31:39,"[314.46, 74]","[312.25, 40]","[318.02, 41]","[319.89, 57]",316.24,212,3.56,0.08
07:31:40,"[315.0, 59]","[313.0, 14]","[316.52, 31]","[317.67, 36]",315.76,140,1.52,0.04
07:31:41,"[312.27, 37]","[311.76, 102]","[314.67, 18]","[319.94, 31]",313.47,188,2.4,0.48
07:31:42,"[312.0, 128]","[310.0, 64]","[322.0, 64]","[325.53, 43]",317.0,299,10.0,0.28
07:31:43,"[313.0, 9]","[312.0, 72]","[322.0, 36]","[326.0, 27]",317.5,144,9.0,0.12
07:31:44,"[313.0, 10]","[312.0, 80]","[322.7, 40]","[326.0, 30]",317.85,160,9.7,0.12
07:31:45,"[312.65, 23]","[311.82, 44]","[322.8, 15]","[324.29, 21]",317.73,103,10.15,0.3
07:31:46,"[318.0, 64]","[311.8, 82]","[322.0, 14]","[323.0, 43]",320.0,203,4.0,0.44
07:31:47,"[320.0, 40]","[312.0, 60]","[321.4, 10]","[324.0, 16]",320.7,126,1.4,0.59
07:31:48,"[320.0, 51]","[313.14, 70]","[321.59, 17]","[325.08, 26]",320.79,164,1.59,0.48
07:31:49,"[320.0, 11]","[317.0, 22]","[323.0, 11]","[328.0, 22]",321.5,66,3.0,0.0
07:31:50,"[320.0, 9]","[317.0, 18]","[323.0, 9]","[328.0, 18]",321.5,54,3.0,0.0
07:31:51,"[318.18, 11]","[315.5, 20]","[323.0, 8]","[328.0, 16]",320.59,55,4.82,0.13
07:31:52,"[315.0, 24]","[312.0, 36]","[323.0, 6]","[328.0, 12]",319.0,78,8.0,0.54
07:31:53,"[315.0, 36]","[312.0, 54]","[317.67, 27]","[325.83, 12]",316.33,129,2.67,0.4
07:31:54,"[315.0, 45]","[312.36, 66]","[317.49, 43]","[325.5, 16]",316.24,170,2.49,0.31
07:31:55,"[315.0, 18]","[313.0, 24]","[324.0, 6]","[328.71, 7]",319.5,55,9.0,0.53
07:31:56,"[315.0, 24]","[313.14, 28]","[324.0, 8]","[329.0, 8]",319.5,68,9.0,0.53
07:31:57,"[315.0, 27]","[314.0, 18]","[324.0, 9]","[329.0, 9]",319.5,63,9.0,0.43
07:31:58,"[315.0, 30]","[314.0, 28]","[322.59, 46]","[325.39, 18]",318.79,122,7.59,-0.05
07:31:59,"[314.75, 16]","[313.75, 32]","[317.29, 70]","[319.37, 62]",316.02,180,2.54,-0.47
07:32:00,"[314.0, 32]","[313.0, 64]","[316.12, 64]","[317.65, 68]",315.06,228,2.12,-0.16
07:32:01,"[312.19, 57]","[311.02, 65]","[314.91, 44]","[319.0, 22]",313.55,188,2.72,0.3
07:32:02,"[311.6, 57]","[311.0, 68]","[314.67, 30]","[319.36, 22]",313.13,177,3.07,0.41
07:32:03,"[312.11, 37]","[311.39, 82]","[315.0, 28]","[325.6, 20]",313.55,167,2.89,0.43
07:32:04,"[311.46, 52]","[306.13, 78]","[313.67, 30]","[322.0, 48]",312.56,208,2.21,0.25
07:32:05,"[311.35, 31]","[307.36, 72]","[313.12, 32]","[316.0, 36]",312.24,171,1.77,0.2
07:32:06,"[311.0, 48]","[310.0, 24]","[313.36, 22]","[322.09, 44]",312.18,138,2.36,0.04
07:32:07,"[311.0, 17]","[310.0, 24]","[323.57, 84]","[325.1, 31]",317.29,156,12.57,-0.47
07:32:08,"[301.17, 47]","[299.11, 108]","[323.62, 90]","[324.85, 26]",312.4,271,22.45,0.14
07:32:09,"[301.86, 63]","[298.25, 144]","[320.71, 51]","[322.14, 57]",311.28,315,18.85,0.31
07:32:10,"[301.0, 102]","[298.0, 118]","[319.36, 55]","[321.0, 44]",310.18,319,18.36,0.38
07:32:11,"[301.0, 216]","[298.0, 24]","[319.0, 60]","[321.62, 73]",310.0,373,18.0,0.29
07:32:12,"[301.0, 252]","[298.0, 28]","[310.16, 57]","[319.34, 62]",305.58,399,9.16,0.4
07:32:13,"[301.0, 198]","[298.0, 22]","[316.0, 35]","[318.8, 59]",308.5,314,15.0,0.4
07:32:14,"[301.0, 234]","[296.15, 26]","[310.6, 70]","[315.2, 56]",305.8,386,9.6,0.35
07:32:15,"[301.52, 88]","[300.97, 62]","[310.17, 81]","[310.91, 34]",305.85,265,8.65,0.13
07:32:16,"[305.56, 18]","[304.67, 18]","[315.74, 27]","[316.3, 33]",310.65,96,10.19,-0.25
07:32:17,"[309.07, 14]","[307.09, 22]","[315.0, 12]","[316.0, 48]",312.04,96,5.93,-0.25
07:32:18,"[312.52, 25]","[310.0, 20]","[314.2, 15]","[316.53, 60]",313.36,120,1.68,-0.25
07:32:19,"[312.8, 20]","[302.27, 33]","[314.0, 11]","[317.0, 44]",313.4,108,1.2,-0.02
07:32:20,"[301.76, 38]","[273.71, 125]","[312.22, 27]","[317.0, 29]",306.99,219,10.46,0.49
07:32:21,"[298.0, 102]","[154.21, 71]","[311.27, 22]","[318.0, 45]",304.64,240,13.27,0.44
07:32:22,"[299.02, 100]","[291.1, 78]","[310.36, 28]","[318.81, 67]",304.69,273,11.34,0.3
07:32:23,"[300.0, 96]","[297.05, 63]","[309.31, 32]","[318.0, 64]",304.66,255,9.31,0.25
07:32:24,"[301.53, 114]","[297.0, 61]","[308.26, 38]","[317.96, 25]",304.89,238,6.74,0.47
07:32:25,"[303.44, 75]","[301.74, 105]","[308.83, 36]","[318.98, 41]",306.14,257,5.39,0.4
07:32:26,"[312.0, 27]","[310.05, 57]","[318.85, 20]","[329.55, 44]",315.43,148,6.85,0.14
07:32:27,"[311.0, 54]","[293.0, 9]","[319.11, 27]","[372.22, 36]",315.06,126,8.11,0.0
07:32:28,"[311.0, 46]","[293.0, 11]","[316.0, 33]","[402.2, 15]",313.5,105,5.0,0.09
07:32:29,"[311.0, 11]","[293.0, 10]","[316.0, 30]","[322.0, 10]",313.5,61,5.0,-0.31
07:32:30,"[311.0, 7]","[293.0, 7]","[316.0, 21]","[322.0, 7]",313.5,42,5.0,-0.33
07:32:31,"[311.0, 10]","[308.71, 55]","[315.58, 36]","[318.62, 16]",313.29,117,4.58,0.11
07:32:32,"[310.2, 15]","[308.71, 55]","[312.84, 38]","[313.89, 35]",311.52,143,2.64,-0.02
07:32:33,"[310.8, 60]","[308.71, 55]","[312.64, 33]","[320.07, 28]",311.72,176,1.84,0.31
07:32:34,"[311.0, 40]","[309.0, 48]","[313.0, 24]","[324.0, 24]",312.0,136,2.0,0.29
07:32:35,"[309.93, 28]","[307.45, 33]","[311.62, 24]","[321.33, 27]",310.78,112,1.7,0.09
07:32:36,"[309.0, 30]","[292.0, 10]","[313.33, 27]","[323.48, 29]",311.17,96,4.33,-0.17
07:32:37,"[312.0, 14]","[309.0, 21]","[325.0, 21]","[327.0, 7]",318.5,63,13.0,0.11
07:32:38,"[310.36, 11]","[301.42, 24]","[325.0, 18]","[327.0, 6]",317.68,59,14.64,0.19
07:32:39,"[309.27, 11]","[305.25, 8]","[325.0, 18]","[327.0, 6]",317.14,43,15.73,-0.12
07:32:40,"[309.0, 20]","[295.55, 64]","[325.0, 30]","[327.0, 10]",317.0,124,16.0,0.35
07:32:41,"[309.0, 12]","[296.0, 54]","[323.75, 16]","[326.45, 11]",316.38,93,14.75,0.42
07:32:42,"[309.0, 24]","[296.0, 108]","[320.0, 24]","[325.78, 41]",314.5,197,11.0,0.34
07:32:43,"[297.06, 49]","[295.38, 48]","[320.0, 14]","[325.0, 28]",308.53,139,22.94,0.4
07:32:44,"[296.36, 83]","[295.14, 63]","[308.46, 26]","[320.54, 26]",302.41,198,12.1,0.47
07:32:45,"[312.75, 60]","[311.0, 24]","[315.0, 24]","[323.75, 32]",313.88,140,2.25,0.2
07:32:46,"[313.0, 55]","[311.0, 22]","[315.0, 22]","[320.0, 11]",314.0,110,2.0,0.4
07:32:47,"[313.0, 40]","[311.0, 16]","[315.0, 16]","[320.0, 8]",314.0,80,2.0,0.4
07:32:48,"[313.0, 50]","[311.0, 20]","[314.2, 20]","[315.88, 17]",313.6,107,1.2,0.31
07:32:49,"[313.0, 40]","[311.0, 16]","[320.27, 11]","[324.95, 20]",316.64,87,7.27,0.29
07:32:50,"[314.02, 85]","[312.9, 79]","[319.32, 62]","[326.15, 39]",316.67,265,5.3,0.24
07:32:51,"[314.29, 84]","[313.0, 70]","[316.5, 48]","[320.36, 56]",315.39,258,2.21,0.19
07:32:52,"[314.73, 83]","[312.95, 77]","[316.75, 53]","[320.03, 59]",315.74,272,2.02,0.18
07:32:53,"[314.64, 33]","[313.0, 55]","[317.89, 45]","[324.18, 34]",316.26,167,3.25,0.05
07:32:54,"[315.93, 45]","[313.0, 75]","[317.0, 87]","[318.62, 58]",316.47,265,1.07,-0.09
07:32:55,"[316.0, 27]","[313.0, 45]","[317.0, 90]","[324.0, 27]",316.5,189,1.0,-0.24
07:32:56,"[314.0, 45]","[311.59, 85]","[317.0, 76]","[324.0, 33]",315.5,239,3.0,0.09
07:32:57,"[313.0, 75]","[311.0, 150]","[316.12, 32]","[320.07, 59]",314.56,316,3.12,0.42
07:32:58,"[313.0, 56]","[311.0, 140]","[315.82, 33]","[321.33, 54]",314.41,283,2.82,0.39
07:32:59,"[313.0, 36]","[311.0, 130]","[314.0, 26]","[323.53, 51]",313.5,243,1.0,0.37
07:33:00,"[311.06, 127]","[310.29, 31]","[314.0, 26]","[326.0, 52]",312.53,236,2.94,0.34
07:33:01,"[311.0, 80]","[309.0, 10]","[314.0, 20]","[326.0, 40]",312.5,150,3.0,0.2
07:33:02,"[311.0, 104]","[305.95, 59]","[314.0, 26]","[326.0, 52]",312.5,241,3.0,0.35
07:33:03,"[311.27, 73]","[309.17, 69]","[319.54, 26]","[326.7, 43]",315.41,211,8.26,0.35
07:33:04,"[312.43, 56]","[309.73, 66]","[325.0, 60]","[326.0, 35]",318.71,217,12.57,0.12
07:33:05,"[314.75, 48]","[310.67, 86]","[323.62, 76]","[324.4, 68]",319.18,278,8.87,-0.04
07:33:06,"[311.1, 151]","[309.12, 97]","[320.86, 70]","[323.0, 70]",315.98,388,9.76,0.28
07:33:07,"[311.0, 169]","[309.0, 91]","[318.18, 62]","[321.64, 55]",314.59,377,7.18,0.38
07:33:08,"[311.24, 85]","[310.58, 165]","[314.75, 56]","[316.15, 52]",312.99,358,3.51,0.4
07:33:09,"[311.05, 173]","[309.44, 117]","[313.44, 66]","[314.7, 61]",312.24,417,2.39,0.39
07:33:10,"[311.0, 59]","[309.0, 56]","[320.12, 24]","[325.13, 38]",315.56,177,9.12,0.3
07:33:11,"[311.0, 35]","[309.0, 49]","[327.93, 29]","[354.86, 29]",319.47,142,16.93,0.18
07:33:12,"[311.0, 53]","[309.0, 63]","[330.0, 54]","[406.14, 28]",320.5,198,19.0,0.17
07:33:13,"[311.0, 46]","[309.0, 49]","[330.0, 42]","[508.93, 14]",320.5,151,19.0,0.26
07:33:14,"[311.0, 18]","[309.0, 42]","[325.0, 30]","[330.0, 36]",318.0,126,14.0,-0.05
07:33:15,"[311.0, 33]","[309.0, 77]","[324.98, 51]","[328.36, 58]",317.99,219,13.98,0.0
07:33:16,"[312.0, 64]","[311.0, 48]","[321.0, 16]","[324.83, 48]",316.5,176,9.0,0.27
07:33:17,"[312.25, 12]","[311.5, 18]","[317.17, 6]","[320.0, 6]",314.71,42,4.92,0.43
07:33:18,"[312.45, 22]","[311.71, 42]","[316.5, 14]","[323.3, 30]",314.48,108,4.05,0.19
07:33:19,"[312.0, 21]","[311.0, 21]","[319.0, 7]","[326.0, 35]",315.5,84,7.0,0.0
07:33:20,"[312.0, 24]","[311.0, 24]","[323.5, 8]","[326.0, 40]",317.75,96,11.5,0.0
07:33:21,"[312.0, 45]","[311.0, 45]","[325.0, 15]","[326.0, 75]",318.5,180,13.0,0.0
07:33:22,"[312.0, 30]","[311.0, 30]","[325.0, 10]","[326.0, 50]",318.5,120,13.0,0.0
07:33:23,"[315.06, 54]","[311.25, 130]","[324.4, 20]","[325.98, 82]",319.73,286,9.34,0.29
07:33:24,"[312.0, 30]","[311.0, 220]","[322.05, 19]","[323.89, 18]",317.03,287,10.05,0.74
07:33:25,"[315.29, 17]","[311.94, 95]","[323.0, 11]","[324.31, 39]",319.15,162,7.71,0.38
07:33:26,"[315.9, 31]","[313.83, 46]","[323.0, 13]","[324.17, 53]",319.45,143,7.1,0.08
07:33:27,"[315.0, 36]","[312.0, 27]","[322.78, 9]","[323.98, 42]",318.89,114,7.78,0.11
07:33:28,"[315.0, 56]","[312.0, 42]","[322.0, 14]","[324.0, 84]",318.5,196,7.0,0.0
07:33:29,"[315.0, 53]","[311.13, 203]","[320.6, 20]","[323.62, 93]",317.8,369,5.6,0.39
07:33:30,"[313.62, 13]","[311.02, 179]","[316.83, 12]","[318.85, 33]",315.22,237,3.22,0.62
07:33:31,"[312.0, 30]","[311.0, 220]","[314.68, 25]","[317.68, 31]",313.34,306,2.68,0.63
07:33:32,"[311.13, 115]","[310.68, 157]","[314.05, 38]","[320.61, 49]",312.59,359,2.92,0.52
07:33:33,"[311.16, 150]","[310.75, 249]","[314.21, 76]","[324.89, 47]",312.69,522,3.05,0.53
07:33:34,"[311.02, 191]","[309.79, 91]","[313.71, 49]","[322.69, 29]",312.37,360,2.69,0.57
07:33:35,"[311.0, 165]","[309.0, 50]","[312.8, 25]","[319.11, 45]",311.9,285,1.8,0.51
07:33:36,"[311.0, 112]","[309.0, 40]","[317.14, 35]","[324.26, 34]",314.07,221,6.14,0.38
07:33:37,"[311.0, 100]","[309.0, 45]","[324.68, 31]","[326.85, 80]",317.84,256,13.68,0.13
07:33:38,"[311.0, 129]","[309.0, 45]","[324.86, 21]","[326.74, 69]",317.93,264,13.86,0.32
07:33:39,"[311.0, 108]","[309.0, 45]","[322.0, 17]","[323.16, 19]",316.5,189,11.0,0.62
07:33:40,"[311.0, 132]","[309.0, 55]","[319.18, 11]","[322.0, 39]",315.09,237,8.18,0.58
07:33:41,"[311.46, 78]","[310.71, 140]","[316.64, 14]","[322.0, 56]",314.05,288,5.18,0.51
07:33:42,"[312.36, 100]","[310.87, 180]","[317.97, 30]","[322.25, 48]",315.16,358,5.61,0.56
07:33:43,"[315.18, 68]","[311.73, 132]","[320.0, 45]","[324.0, 30]",317.59,275,4.82,0.45
07:33:44,"[316.31, 26]","[315.0, 52]","[320.0, 39]","[324.0, 26]",318.15,143,3.69,0.09
07:33:45,"[317.0, 28]","[315.0, 59]","[320.0, 42]","[324.43, 28]",318.5,157,3.0,0.11
07:33:46,"[317.0, 12]","[315.0, 24]","[320.0, 18]","[326.0, 12]",318.5,66,3.0,0.09
07:33:47,"[317.0, 12]","[315.0, 24]","[320.0, 18]","[326.0, 12]",318.5,66,3.0,0.09
07:33:48,"[317.0, 20]","[315.0, 40]","[321.8, 20]","[326.28, 64]",319.4,144,4.8,-0.17
07:33:49,"[317.0, 28]","[315.0, 56]","[320.0, 28]","[323.0, 28]",318.5,140,3.0,0.2
07:33:50,"[316.04, 48]","[314.78, 36]","[319.0, 30]","[320.0, 30]",317.52,144,2.96,0.17
07:33:51,"[315.61, 41]","[314.11, 18]","[318.15, 53]","[319.31, 26]",316.88,138,2.54,-0.14
07:33:52,"[313.61, 23]","[311.44, 55]","[315.62, 56]","[316.84, 44]",314.62,178,2.02,-0.12
07:33:53,"[311.02, 147]","[310.0, 72]","[321.4, 58]","[321.94, 35]",316.21,312,10.38,0.4
07:33:54,"[312.51, 53]","[310.49, 47]","[324.0, 54]","[325.27, 11]",318.25,165,11.49,0.21
07:33:55,"[315.0, 40]","[310.71, 82]","[321.74, 62]","[323.41, 49]",318.37,233,6.74,0.05
07:33:56,"[311.0, 50]","[309.0, 30]","[319.0, 40]","[323.88, 24]",315.0,144,8.0,0.11
07:33:57,"[310.9, 58]","[308.71, 35]","[317.33, 48]","[322.33, 12]",314.11,153,6.44,0.22
07:33:58,"[313.73, 37]","[307.26, 23]","[317.0, 36]","[322.8, 15]",315.36,111,3.27,0.08
07:33:59,"[312.75, 28]","[305.0, 45]","[316.75, 48]","[323.0, 24]",314.75,145,4.0,0.01
07:34:00,"[309.91, 22]","[304.2, 50]","[314.43, 56]","[322.93, 28]",312.17,156,4.52,-0.08
07:34:01,"[311.29, 41]","[310.0, 20]","[319.71, 28]","[323.68, 25]",315.5,114,8.42,0.07
07:34:02,"[311.0, 21]","[309.0, 7]","[321.75, 16]","[323.8, 20]",316.38,64,10.75,-0.12
07:34:03,"[311.0, 18]","[309.0, 6]","[320.17, 24]","[322.0, 12]",315.58,60,9.17,-0.2
07:34:04,"[311.0, 12]","[309.0, 4]","[320.0, 16]","[322.29, 7]",315.5,39,9.0,-0.18
07:34:05,"[311.06, 35]","[309.71, 17]","[319.0, 52]","[324.77, 47]",315.03,151,7.94,-0.31
07:34:06,"[311.0, 33]","[309.0, 11]","[318.36, 44]","[323.0, 44]",314.68,132,7.36,-0.33
07:34:07,"[311.0, 33]","[309.0, 11]","[316.36, 44]","[323.0, 44]",313.68,132,5.36,-0.33
07:34:08,"[311.56, 27]","[310.38, 13]","[315.86, 28]","[323.0, 28]",313.71,96,4.3,-0.17
07:34:09,"[312.0, 58]","[310.8, 40]","[314.04, 56]","[321.0, 64]",313.02,218,2.04,-0.1
07:34:10,"[312.0, 51]","[309.0, 9]","[313.22, 36]","[324.09, 44]",312.61,140,1.22,-0.14
07:34:11,"[312.0, 32]","[309.0, 8]","[322.0, 32]","[325.6, 20]",317.0,92,10.0,-0.13
07:34:12,"[312.0, 36]","[309.0, 12]","[325.0, 48]","[326.0, 24]",318.5,120,13.0,-0.2
07:34:13,"[312.0, 24]","[309.0, 8]","[325.0, 32]","[326.0, 16]",318.5,80,13.0,-0.2
07:34:14,"[312.0, 9]","[309.0, 3]","[325.0, 12]","[326.0, 6]",318.5,30,13.0,-0.2
07:34:15,"[313.46, 78]","[312.51, 53]","[325.0, 44]","[326.0, 22]",319.23,197,11.54,0.33
07:34:16,"[313.86, 77]","[312.0, 21]","[325.0, 28]","[326.0, 14]",319.43,140,11.14,0.4
07:34:17,"[316.64, 154]","[312.0, 42]","[325.0, 56]","[326.0, 28]",320.82,280,8.36,0.4
07:34:18,"[318.0, 165]","[312.0, 45]","[324.64, 44]","[325.3, 46]",321.32,300,6.64,0.4
07:34:19,"[318.0, 143]","[312.0, 39]","[321.12, 17]","[322.45, 22]",319.56,221,3.12,0.65
07:34:20,"[318.0, 127]","[312.0, 45]","[319.12, 16]","[324.31, 49]",318.56,237,1.12,0.45
07:34:21,"[318.0, 66]","[312.27, 33]","[325.0, 22]","[328.55, 22]",321.5,143,7.0,0.38
07:34:22,"[318.0, 66]","[315.45, 33]","[326.08, 39]","[328.41, 29]",322.04,167,8.08,0.19
07:34:23,"[318.0, 42]","[316.0, 36]","[325.78, 59]","[328.26, 27]",321.89,164,7.78,-0.05
07:34:24,"[318.0, 8]","[316.0, 24]","[322.97, 39]","[324.15, 33]",320.49,104,4.97,-0.38
07:34:25,"[316.83, 12]","[314.25, 36]","[320.62, 52]","[321.71, 56]",318.72,156,3.78,-0.38
07:34:26,"[313.07, 44]","[312.17, 54]","[316.94, 71]","[319.12, 66]",315.01,235,3.88,-0.17
07:34:27,"[312.73, 15]","[311.96, 45]","[314.85, 47]","[317.5, 48]",313.79,155,2.12,-0.23
07:34:28,"[312.45, 22]","[311.86, 43]","[314.29, 42]","[315.77, 43]",313.37,150,1.83,-0.13
07:34:29,"[308.72, 64]","[304.15, 93]","[313.07, 56]","[314.9, 49]",310.9,262,4.35,0.2
07:34:30,"[304.6, 30]","[302.57, 126]","[309.75, 53]","[311.25, 48]",307.18,257,5.15,0.21
07:34:31,"[302.0, 119]","[300.0, 102]","[306.19, 79]","[307.68, 56]",304.09,356,4.19,0.24
07:34:32,"[302.9, 72]","[300.24, 68]","[304.64, 70]","[307.0, 42]",303.77,252,1.74,0.11
07:34:33,"[303.0, 26]","[298.73, 22]","[306.74, 23]","[307.82, 17]",304.87,88,3.74,0.09
07:34:34,"[304.15, 60]","[297.59, 66]","[306.99, 68]","[308.33, 96]",305.57,290,2.84,-0.13
07:34:35,"[305.0, 33]","[299.0, 11]","[308.0, 55]","[310.0, 44]",306.5,143,3.0,-0.38
07:34:36,"[305.78, 27]","[299.0, 9]","[308.0, 45]","[310.0, 36]",306.89,117,2.22,-0.38
07:34:37,"[306.77, 64]","[304.65, 26]","[308.42, 57]","[310.54, 39]",307.59,186,1.66,-0.03
07:34:38,"[307.45, 29]","[306.03, 35]","[310.0, 52]","[317.0, 13]",308.72,129,2.55,-0.01
07:34:39,"[308.86, 28]","[306.59, 22]","[310.0, 34]","[317.0, 10]",309.43,94,1.14,0.06
07:34:40,"[303.89, 54]","[297.52, 21]","[317.45, 29]","[319.72, 53]",310.67,157,13.56,-0.04
07:34:41,"[297.0, 12]","[293.0, 36]","[318.18, 17]","[319.15, 39]",307.59,104,21.18,-0.08
07:34:42,"[297.0, 18]","[293.0, 62]","[305.73, 22]","[311.33, 36]",301.36,138,8.73,0.16
07:34:43,"[303.43, 23]","[296.62, 26]","[307.85, 13]","[313.89, 35]",305.64,97,4.41,0.01
07:34:44,"[303.94, 34]","[301.59, 17]","[312.0, 9]","[314.0, 27]",307.97,87,8.06,0.17
07:34:45,"[304.15, 52]","[295.0, 26]","[312.0, 13]","[314.0, 39]",308.08,130,7.85,0.2
07:34:46,"[306.71, 56]","[305.44, 54]","[313.69, 32]","[318.22, 96]",310.2,238,6.97,-0.08
07:34:47,"[307.8, 30]","[306.96, 45]","[313.11, 56]","[315.88, 48]",310.45,179,5.31,-0.16
07:34:48,"[309.53, 17]","[307.83, 53]","[312.0, 70]","[313.96, 52]",310.76,192,2.47,-0.27
07:34:49,"[308.0, 40]","[301.67, 15]","[311.86, 44]","[319.18, 34]",309.93,133,3.86,-0.17
07:34:50,"[307.64, 56]","[298.23, 47]","[310.29, 51]","[315.74, 68]",308.97,222,2.65,-0.07
07:34:51,"[297.42, 12]","[296.02, 60]","[305.0, 60]","[311.83, 36]",301.21,168,7.58,-0.14
07:34:52,"[298.0, 13]","[296.15, 13]","[306.27, 44]","[312.57, 37]",302.14,107,8.27,-0.51
07:34:53,"[298.0, 10]","[296.0, 10]","[309.0, 38]","[312.7, 30]",303.5,88,11.0,-0.55
07:34:54,"[299.0, 84]","[298.0, 12]","[309.0, 24]","[313.0, 36]",304.0,156,10.0,0.23
07:34:55,"[300.18, 68]","[300.4, 62]","[307.12, 68]","[309.0, 34]",303.65,232,6.94,0.12
07:34:56,"[304.86, 57]","[303.18, 39]","[306.07, 60]","[309.0, 30]",305.46,186,1.21,0.03
07:34:57,"[306.12, 17]","[304.33, 21]","[309.0, 18]","[314.0, 27]",307.56,83,2.88,-0.08
07:34:58,"[306.74, 19]","[303.21, 43]","[308.21, 28]","[310.55, 29]",307.48,119,1.48,0.04
07:34:59,"[308.56, 16]","[302.93, 41]","[313.22, 32]","[314.64, 42]",310.89,131,4.66,-0.13
07:35:00,"[310.58, 12]","[309.42, 36]","[314.0, 36]","[315.0, 36]",312.29,120,3.42,-0.2
07:35:01,"[310.17, 29]","[305.04, 23]","[312.11, 55]","[315.47, 57]",311.14,164,1.94,-0.37
07:35:02,"[310.0, 18]","[295.0, 6]","[315.48, 31]","[316.77, 26]",312.74,81,5.48,-0.41
07:35:03,"[310.0, 17]","[296.88, 48]","[316.0, 27]","[317.0, 32]",313.0,124,6.0,0.05
07:35:04,"[310.0, 16]","[296.5, 24]","[316.0, 32]","[317.0, 32]",313.0,104,6.0,-0.23
07:35:05,"[310.41, 34]","[299.29, 14]","[316.0, 48]","[317.0, 48]",313.21,144,5.59,-0.33
07:35:06,"[312.0, 77]","[310.0, 22]","[316.0, 44]","[317.0, 44]",314.0,187,4.0,0.06
07:35:07,"[312.0, 84]","[310.0, 24]","[316.0, 48]","[317.0, 48]",314.0,204,4.0,0.06
07:35:08,"[312.41, 95]","[310.0, 26]","[316.0, 25]","[317.0, 52]",314.21,198,3.59,0.22
07:35:09,"[313.25, 48]","[311.61, 36]","[316.0, 25]","[317.0, 64]",314.62,173,2.75,-0.03
07:35:10,"[313.0, 8]","[312.0, 32]","[315.53, 19]","[316.77, 26]",314.26,85,2.53,-0.06
07:35:11,"[313.0, 11]","[312.0, 44]","[315.0, 33]","[316.25, 12]",314.0,100,2.0,0.1
07:35:12,"[313.0, 10]","[312.0, 40]","[316.0, 20]","[320.0, 10]",314.5,80,3.0,0.25
07:35:13,"[314.86, 14]","[313.25, 8]","[320.33, 15]","[321.11, 19]",317.6,56,5.48,-0.21
07:35:14,"[320.0, 28]","[316.0, 14]","[321.0, 70]","[322.0, 26]",320.5,138,1.0,-0.39
07:35:15,"[320.0, 22]","[316.62, 13]","[321.0, 55]","[322.0, 11]",320.5,101,1.0,-0.31
07:35:16,"[313.12, 16]","[312.0, 16]","[321.0, 30]","[322.0, 6]",317.06,68,7.88,-0.06
07:35:17,"[312.0, 24]","[310.0, 12]","[321.0, 30]","[322.0, 6]",316.5,72,9.0,0.0
07:35:18,"[312.0, 24]","[310.0, 12]","[321.0, 30]","[322.0, 6]",316.5,72,9.0,0.0
07:35:19,"[312.0, 40]","[310.0, 20]","[320.15, 20]","[321.29, 14]",316.07,94,8.15,0.28
07:35:20,"[312.0, 52]","[310.0, 26]","[317.46, 13]","[319.0, 13]",314.73,104,5.46,0.5
07:35:21,"[312.84, 76]","[311.68, 38]","[315.95, 19]","[316.45, 31]",314.39,164,3.11,0.39
07:35:22,"[313.0, 35]","[312.0, 44]","[314.26, 27]","[322.18, 39]",313.63,145,1.26,0.09
07:35:23,"[313.0, 10]","[312.0, 40]","[314.2, 10]","[322.83, 30]",313.6,90,1.2,0.11
07:35:24,"[312.0, 24]","[310.0, 12]","[313.33, 6]","[323.6, 15]",312.67,57,1.33,0.26
07:35:25,"[310.57, 14]","[303.48, 23]","[321.33, 24]","[323.67, 36]",315.95,97,10.76,-0.24
07:35:26,"[310.5, 20]","[304.0, 25]","[322.2, 40]","[323.2, 40]",316.35,125,11.7,-0.28
07:35:27,"[311.44, 32]","[310.0, 32]","[321.69, 64]","[322.69, 64]",316.56,192,10.25,-0.33
07:35:28,"[314.69, 32]","[310.63, 38]","[319.5, 64]","[322.0, 64]",317.09,198,4.81,-0.29
07:35:29,"[314.6, 30]","[311.71, 42]","[318.64, 44]","[322.17, 48]",316.62,164,4.04,-0.12
07:35:30,"[312.0, 56]","[310.0, 28]","[319.86, 28]","[321.06, 32]",315.93,144,7.86,0.17
07:35:31,"[313.45, 65]","[311.86, 56]","[317.17, 29]","[320.67, 30]",315.31,180,3.73,0.34
07:35:32,"[313.67, 12]","[311.9, 42]","[327.04, 50]","[380.64, 44]",320.35,148,13.37,-0.27
07:35:33,"[312.0, 21]","[310.0, 12]","[326.0, 30]","[328.0, 34]",319.0,97,14.0,-0.32
07:35:34,"[312.17, 48]","[310.77, 26]","[326.0, 50]","[328.0, 50]",319.08,174,13.83,-0.15
07:35:35,"[312.19, 64]","[310.73, 41]","[325.66, 53]","[327.57, 93]",318.92,251,13.47,-0.16
07:35:36,"[312.77, 52]","[311.43, 56]","[322.83, 36]","[326.44, 63]",317.8,207,10.06,0.04
07:35:37,"[315.32, 94]","[311.73, 60]","[320.92, 37]","[323.76, 76]",318.12,267,5.6,0.15
07:35:38,"[316.0, 78]","[312.0, 52]","[319.11, 35]","[320.2, 30]",317.56,195,3.11,0.33
07:35:39,"[316.0, 84]","[312.0, 56]","[317.14, 28]","[319.0, 42]",316.57,210,1.14,0.33
07:35:40,"[316.0, 25]","[312.0, 36]","[319.0, 14]","[322.31, 13]",317.5,88,3.0,0.39
07:35:41,"[317.25, 16]","[311.25, 48]","[324.0, 14]","[325.48, 23]",320.62,101,6.75,0.27
07:35:42,"[320.0, 12]","[312.0, 24]","[324.0, 12]","[326.0, 12]",322.0,60,4.0,0.2
07:35:43,"[315.2, 10]","[310.46, 35]","[324.0, 7]","[326.0, 7]",319.6,59,8.8,0.53
07:35:44,"[310.34, 59]","[309.48, 81]","[321.47, 45]","[324.0, 55]",315.9,240,11.13,0.17
07:35:45,"[311.14, 28]","[309.9, 118]","[319.72, 54]","[324.0, 90]",315.43,290,8.58,0.01
07:35:46,"[310.0, 108]","[304.67, 108]","[315.88, 60]","[318.89, 84]",312.94,360,5.88,0.2
07:35:47,"[310.0, 78]","[303.0, 156]","[313.25, 57]","[319.03, 68]",311.62,359,3.25,0.3
07:35:48,"[310.0, 84]","[304.9, 58]","[312.54, 61]","[322.0, 84]",311.27,287,2.54,-0.01
07:35:49,"[310.12, 75]","[308.9, 40]","[312.0, 56]","[322.0, 79]",311.06,250,1.88,-0.08
07:35:50,"[309.71, 77]","[307.94, 47]","[316.38, 29]","[323.86, 56]",313.05,209,6.67,0.19
07:35:51,"[310.67, 168]","[309.73, 89]","[318.65, 17]","[323.46, 50]",314.66,324,7.98,0.59
07:35:52,"[312.98, 86]","[310.32, 50]","[316.5, 14]","[322.0, 14]",314.74,164,3.52,0.66
07:35:53,"[314.0, 85]","[312.0, 15]","[319.62, 21]","[323.25, 24]",316.81,145,5.62,0.38
07:35:54,"[314.0, 45]","[312.0, 9]","[323.0, 22]","[324.17, 24]",318.5,100,9.0,0.08
07:35:55,"[316.07, 75]","[312.0, 15]","[321.67, 36]","[323.9, 39]",318.87,165,5.6,0.09
07:35:56,"[317.0, 23]","[312.0, 7]","[321.0, 14]","[324.0, 21]",319.0,65,4.0,-0.08
07:35:57,"[317.0, 9]","[312.73, 30]","[321.0, 18]","[324.0, 27]",319.0,84,4.0,-0.07
07:35:58,"[317.27, 11]","[313.06, 204]","[321.0, 22]","[324.0, 33]",319.14,270,3.73,0.59
07:35:59,"[318.0, 11]","[315.37, 19]","[320.95, 21]","[323.81, 32]",319.48,83,2.95,-0.28
07:36:00,"[318.0, 14]","[315.08, 36]","[319.29, 14]","[322.18, 34]",318.64,98,1.29,0.02
07:36:01,"[315.27, 33]","[313.08, 229]","[323.78, 41]","[325.46, 35]",319.53,338,8.51,0.55
07:36:02,"[315.77, 39]","[313.05, 248]","[323.0, 52]","[325.0, 50]",319.38,389,7.23,0.48
07:36:03,"[313.18, 197]","[311.73, 165]","[322.17, 58]","[324.62, 64]",317.68,484,8.99,0.5
07:36:04,"[312.86, 195]","[309.99, 93]","[318.56, 66]","[321.27, 74]",315.71,428,5.7,0.35
07:36:05,"[314.32, 19]","[312.9, 29]","[316.75, 59]","[318.25, 53]",315.53,160,2.43,-0.4
07:36:06,"[313.29, 21]","[312.4, 15]","[316.0, 45]","[322.55, 44]",314.64,125,2.71,-0.42
07:36:07,"[312.25, 16]","[311.02, 86]","[321.03, 37]","[323.68, 28]",316.64,167,8.78,0.22
07:36:08,"[312.0, 16]","[311.0, 160]","[317.88, 32]","[319.09, 35]",314.94,243,5.88,0.45
07:36:09,"[311.02, 169]","[310.42, 132]","[315.73, 30]","[316.73, 30]",313.38,361,4.71,0.67
07:36:10,"[311.04, 119]","[310.37, 122]","[314.19, 32]","[316.36, 33]",312.61,306,3.15,0.58
07:36:11,"[311.17, 114]","[310.18, 102]","[316.0, 28]","[320.0, 42]",313.58,286,4.83,0.51
07:36:12,"[311.72, 104]","[310.28, 117]","[315.0, 64]","[316.0, 32]",313.36,317,3.28,0.39
07:36:13,"[311.0, 85]","[310.0, 34]","[313.59, 58]","[314.73, 44]",312.29,221,2.59,0.08
07:36:14,"[311.0, 50]","[310.0, 20]","[312.67, 30]","[313.33, 30]",311.83,130,1.67,0.08
07:36:15,"[311.0, 48]","[310.0, 24]","[312.0, 24]","[313.46, 39]",311.5,135,1.0,0.07
07:36:16,"[311.0, 9]","[310.0, 18]","[312.0, 18]","[320.67, 9]",311.5,54,1.0,0.0
07:36:17,"[311.0, 5]","[310.0, 10]","[312.0, 10]","[322.0, 20]",311.5,45,1.0,-0.33
07:36:18,"[310.04, 23]","[304.5, 24]","[321.2, 25]","[323.83, 48]",315.62,120,11.16,-0.22
07:36:19,"[310.0, 26]","[304.0, 26]","[320.91, 33]","[323.66, 58]",315.45,143,10.91,-0.27
07:36:20,"[310.0, 28]","[304.0, 28]","[318.29, 42]","[322.0, 53]",314.14,151,8.29,-0.26
07:36:21,"[310.0, 28]","[302.27, 15]","[315.25, 24]","[317.89, 38]",312.62,105,5.25,-0.18
07:36:22,"[310.0, 30]","[304.79, 87]","[313.54, 35]","[314.28, 25]",311.77,177,3.54,0.32
07:36:23,"[305.41, 98]","[304.35, 46]","[310.12, 34]","[311.75, 16]",307.76,194,4.71,0.48
07:36:24,"[305.0, 90]","[302.0, 10]","[317.74, 19]","[321.57, 14]",311.37,133,12.74,0.5
07:36:25,"[305.09, 138]","[303.98, 41]","[318.94, 67]","[320.27, 51]",312.01,297,13.85,0.21
07:36:26,"[306.67, 60]","[304.93, 135]","[308.73, 45]","[310.0, 75]",307.7,315,2.07,0.24
07:36:27,"[304.0, 135]","[297.07, 57]","[307.28, 25]","[309.37, 57]",305.64,274,3.28,0.4
07:36:28,"[304.1, 100]","[303.7, 100]","[306.0, 20]","[307.0, 40]",305.05,260,1.9,0.54
07:36:29,"[303.23, 66]","[302.76, 34]","[307.85, 13]","[313.95, 41]",305.54,154,4.62,0.3
07:36:30,"[303.0, 54]","[298.0, 6]","[320.0, 24]","[321.86, 14]",311.5,98,17.0,0.22
07:36:31,"[303.0, 99]","[298.0, 11]","[320.33, 30]","[321.49, 39]",311.67,179,17.33,0.23
07:36:32,"[310.32, 139]","[302.78, 113]","[317.24, 17]","[320.48, 69]",313.78,338,6.91,0.49
07:36:33,"[314.0, 104]","[303.0, 108]","[318.15, 20]","[320.09, 34]",316.07,266,4.15,0.59
07:36:34,"[314.0, 182]","[302.55, 53]","[320.39, 33]","[321.53, 51]",317.2,319,6.39,0.47
07:36:35,"[314.0, 184]","[300.0, 14]","[316.33, 24]","[319.0, 20]",315.17,242,2.33,0.64
07:36:36,"[314.0, 48]","[300.0, 4]","[315.0, 8]","[323.0, 12]",314.5,72,1.0,0.44
07:36:37,"[314.0, 122]","[304.0, 15]","[322.54, 35]","[323.94, 47]",318.27,219,8.54,0.25
07:36:38,"[314.0, 70]","[300.35, 17]","[323.18, 22]","[324.71, 28]",318.59,137,9.18,0.27
07:36:39,"[314.0, 55]","[301.0, 42]","[322.86, 14]","[323.88, 26]",318.43,137,8.86,0.42
07:36:40,"[314.0, 90]","[301.0, 70]","[320.83, 30]","[323.14, 43]",317.42,233,6.83,0.37
07:36:41,"[314.48, 122]","[306.51, 85]","[319.36, 55]","[322.5, 56]",316.92,318,4.88,0.3
07:36:42,"[315.0, 100]","[314.0, 72]","[317.75, 40]","[322.0, 32]",316.38,244,2.75,0.41
07:36:43,"[315.0, 120]","[314.0, 144]","[318.36, 72]","[322.71, 56]",316.68,392,3.36,0.35
07:36:44,"[315.0, 35]","[314.0, 63]","[321.0, 28]","[325.0, 21]",318.0,147,6.0,0.33
07:36:45,"[315.0, 50]","[314.0, 78]","[321.0, 40]","[332.38, 39]",318.0,207,6.0,0.24
07:36:46,"[315.0, 17]","[314.0, 57]","[321.0, 36]","[333.0, 36]",318.0,146,6.0,0.01
07:36:47,"[316.27, 11]","[314.0, 121]","[321.0, 44]","[330.45, 44]",318.64,220,4.73,0.2
07:36:48,"[317.08, 12]","[314.0, 132]","[320.65, 43]","[323.92, 48]",318.87,235,3.57,0.23
07:36:49,"[318.0, 10]","[314.0, 110]","[319.4, 30]","[322.6, 40]",318.7,190,1.4,0.26
07:36:50,"[314.74, 54]","[313.36, 162]","[319.0, 42]","[323.71, 56]",316.87,314,4.26,0.38
07:36:51,"[314.0, 154]","[312.0, 182]","[317.57, 42]","[324.07, 56]",315.79,434,3.57,0.55
07:36:52,"[314.0, 121]","[312.0, 143]","[316.0, 33]","[325.0, 44]",315.0,341,2.0,0.55
07:36:53,"[314.0, 177]","[312.28, 163]","[315.83, 47]","[323.31, 64]",314.91,451,1.83,0.51
07:36:54,"[314.0, 69]","[312.8, 66]","[323.35, 49]","[328.08, 52]",318.67,236,9.35,0.14
07:36:55,"[313.96, 25]","[312.32, 19]","[325.0, 28]","[329.0, 28]",319.48,100,11.04,-0.12
07:36:56,"[313.0, 11]","[312.0, 143]","[323.93, 54]","[326.61, 49]",318.46,257,10.93,0.2
07:36:57,"[313.0, 10]","[312.0, 130]","[322.43, 23]","[324.41, 49]",317.72,212,9.43,0.32
07:36:58,"[313.0, 13]","[312.0, 169]","[320.12, 50]","[322.37, 41]",316.56,273,7.12,0.33
07:36:59,"[312.09, 79]","[311.62, 147]","[316.73, 48]","[318.16, 57]",314.41,331,4.64,0.37
07:37:00,"[312.0, 81]","[311.0, 63]","[314.26, 27]","[315.83, 36]",313.13,207,2.26,0.39
07:37:01,"[313.25, 77]","[311.16, 100]","[317.8, 35]","[324.37, 27]",315.52,239,4.55,0.48
07:37:02,"[315.88, 66]","[311.88, 59]","[323.64, 28]","[330.0, 14]",319.76,167,7.76,0.5
07:37:03,"[318.22, 18]","[311.5, 28]","[323.0, 18]","[330.0, 9]",320.61,73,4.78,0.26
07:37:04,"[320.0, 24]","[312.0, 24]","[323.0, 24]","[329.56, 18]",321.5,90,3.0,0.07
07:37:05,"[320.0, 20]","[312.0, 20]","[325.0, 24]","[329.18, 34]",322.5,98,5.0,-0.18
07:37:06,"[320.0, 22]","[311.65, 20]","[321.73, 41]","[325.0, 36]",320.87,119,1.73,-0.29
07:37:07,"[317.6, 30]","[312.78, 46]","[322.02, 41]","[325.15, 26]",319.81,143,4.42,0.06
07:37:08,"[316.0, 24]","[312.75, 48]","[323.25, 16]","[326.0, 24]",319.62,112,7.25,0.29
07:37:09,"[316.04, 25]","[314.08, 75]","[323.0, 18]","[326.0, 27]",319.52,145,6.96,0.38
07:37:10,"[317.7, 10]","[316.0, 30]","[323.0, 20]","[326.0, 30]",320.35,90,5.3,-0.11
07:37:11,"[316.91, 11]","[314.71, 42]","[322.0, 16]","[326.0, 24]",319.45,93,5.09,0.14
07:37:12,"[316.0, 30]","[314.0, 135]","[320.73, 30]","[327.07, 45]",318.37,240,4.73,0.38
07:37:13,"[316.0, 18]","[314.0, 81]","[319.67, 18]","[327.56, 27]",317.83,144,3.67,0.38
07:37:14,"[314.07, 112]","[312.46, 78]","[318.85, 27]","[326.17, 41]",316.46,258,4.78,0.47
07:37:15,"[314.0, 90]","[312.0, 50]","[318.8, 20]","[325.64, 28]",316.4,188,4.8,0.49
07:37:16,"[314.0, 90]","[312.55, 44]","[317.8, 20]","[318.8, 20]",315.9,174,3.8,0.54
07:37:17,"[314.0, 95]","[313.0, 44]","[315.53, 30]","[316.33, 36]",314.77,205,1.53,0.36
07:37:18,"[314.0, 84]","[313.0, 48]","[315.0, 48]","[318.0, 24]",314.5,204,1.0,0.29
07:37:19,"[314.0, 37]","[313.0, 36]","[318.33, 36]","[330.18, 34]",316.17,143,4.33,0.02
07:37:20,"[313.47, 15]","[312.67, 42]","[330.0, 36]","[331.0, 27]",321.73,120,16.53,-0.05
07:37:21,"[312.46, 39]","[311.0, 84]","[330.0, 52]","[331.0, 39]",321.23,214,17.54,0.15
07:37:22,"[312.72, 32]","[309.17, 69]","[328.88, 80]","[329.88, 50]",320.8,231,16.16,-0.13
07:37:23,"[319.0, 9]","[311.0, 18]","[328.3, 44]","[329.71, 31]",323.65,102,9.3,-0.47
07:37:24,"[319.0, 13]","[311.0, 28]","[326.76, 42]","[328.51, 65]",322.88,148,7.76,-0.45
07:37:25,"[319.0, 7]","[311.0, 21]","[326.0, 14]","[329.0, 63]",322.5,105,7.0,-0.47
07:37:26,"[319.0, 10]","[311.0, 30]","[323.89, 47]","[324.91, 23]",321.45,110,4.89,-0.27
07:37:27,"[319.0, 10]","[311.0, 30]","[322.0, 50]","[328.62, 52]",320.5,142,3.0,-0.44
07:37:28,"[314.92, 13]","[310.67, 27]","[321.23, 35]","[325.43, 49]",318.08,124,6.31,-0.35
07:37:29,"[311.0, 13]","[310.0, 65]","[317.39, 57]","[318.55, 47]",314.19,182,6.39,-0.14
07:37:30,"[311.92, 12]","[310.0, 60]","[316.45, 44]","[317.23, 52]",314.19,168,4.54,-0.14
07:37:31,"[310.77, 39]","[307.36, 99]","[315.15, 39]","[317.0, 75]",312.96,252,4.38,0.1
07:37:32,"[306.76, 102]","[305.54, 78]","[314.0, 28]","[317.0, 70]",310.38,278,7.24,0.29
07:37:33,"[309.3, 60]","[306.11, 105]","[314.0, 28]","[317.0, 70]",311.65,263,4.7,0.25
07:37:34,"[309.0, 60]","[300.46, 39]","[313.64, 28]","[316.76, 49]",311.32,176,4.64,0.12
07:37:35,"[309.0, 40]","[297.75, 48]","[313.0, 40]","[314.0, 16]",311.0,144,4.0,0.22
07:37:36,"[309.0, 60]","[297.0, 108]","[312.95, 58]","[313.81, 27]",310.97,253,3.95,0.33
07:37:37,"[305.28, 87]","[296.95, 111]","[311.32, 41]","[312.64, 67]",308.3,306,6.04,0.29
07:37:38,"[299.11, 57]","[296.93, 86]","[308.25, 20]","[310.0, 33]",303.68,196,9.14,0.46
07:37:39,"[301.06, 32]","[297.92, 26]","[306.56, 18]","[308.12, 34]",303.81,110,5.49,0.05
07:37:40,"[303.32, 19]","[301.0, 57]","[305.26, 19]","[307.0, 57]",304.29,152,1.95,0.0
07:37:41,"[302.41, 17]","[300.33, 27]","[306.06, 17]","[308.33, 36]",304.24,97,3.65,-0.09
07:37:42,"[298.46, 39]","[291.58, 131]","[306.1, 49]","[308.14, 42]",302.28,261,7.64,0.3
07:37:43,"[298.0, 39]","[294.72, 198]","[306.88, 64]","[307.92, 39]",302.44,340,8.88,0.39
07:37:44,"[295.97, 71]","[294.1, 186]","[307.0, 42]","[308.0, 36]",301.49,335,11.03,0.53
07:37:45,"[299.27, 15]","[295.87, 45]","[306.73, 60]","[307.67, 49]",303.0,169,7.47,-0.29
07:37:46,"[300.69, 16]","[299.56, 16]","[306.17, 52]","[307.17, 52]",303.43,136,5.49,-0.53
07:37:47,"[302.85, 13]","[295.52, 104]","[307.0, 33]","[308.0, 39]",304.92,189,4.15,0.24
07:37:48,"[302.14, 7]","[296.86, 112]","[307.0, 14]","[308.0, 21]",304.57,154,4.86,0.55
07:37:49,"[303.0, 10]","[298.84, 76]","[307.0, 20]","[308.0, 30]",305.0,136,4.0,0.26
07:37:50,"[303.0, 5]","[294.47, 68]","[307.0, 10]","[308.0, 15]",305.0,98,4.0,0.49
07:37:51,"[303.0, 11]","[294.0, 176]","[307.0, 22]","[308.0, 33]",305.0,242,4.0,0.55
07:37:52,"[303.55, 11]","[294.0, 176]","[307.0, 22]","[308.0, 33]",305.27,242,3.45,0.55
07:37:53,"[297.89, 80]","[294.22, 92]","[307.51, 41]","[308.38, 37]",302.7,250,9.62,0.38
07:37:54,"[293.02, 233]","[292.63, 104]","[304.88, 34]","[307.38, 39]",298.95,410,11.86,0.64
07:37:55,"[294.94, 17]","[293.0, 272]","[304.78, 27]","[307.33, 48]",299.86,364,9.84,0.59
07:37:56,"[295.91, 11]","[293.0, 176]","[306.05, 38]","[307.47, 17]",300.98,242,10.14,0.55
07:37:57,"[296.08, 12]","[293.26, 108]","[306.0, 48]","[307.0, 12]",301.04,180,9.92,0.33
07:37:58,"[298.27, 15]","[292.12, 204]","[306.0, 60]","[307.0, 15]",302.13,294,7.73,0.49
07:37:59,"[299.93, 15]","[292.6, 240]","[305.78, 45]","[306.33, 30]",302.86,330,5.84,0.55
07:38:00,"[301.59, 17]","[293.29, 272]","[306.0, 51]","[307.0, 17]",303.79,357,4.41,0.62
07:38:01,"[303.54, 13]","[294.0, 208]","[306.0, 39]","[307.0, 13]",304.77,273,2.46,0.62
07:38:02,"[297.16, 45]","[293.78, 136]","[305.97, 35]","[306.93, 15]",301.56,231,8.82,0.57
07:38:03,"[294.0, 224]","[289.0, 126]","[305.0, 14]","[306.0, 14]",299.5,378,11.0,0.85
07:38:04,"[292.81, 170]","[290.41, 170]","[304.2, 15]","[306.0, 15]",298.51,370,11.39,0.84
07:38:05,"[304.42, 31]","[293.67, 95]","[311.05, 21]","[442.56, 41]",307.73,188,6.63,0.34
07:38:06,"[305.07, 14]","[288.67, 58]","[310.46, 70]","[314.62, 13]",307.76,155,5.39,-0.07
07:38:07,"[290.0, 9]","[288.0, 144]","[310.0, 36]","[316.3, 30]",300.0,219,20.0,0.4
07:38:08,"[291.59, 37]","[287.65, 190]","[310.0, 48]","[315.67, 36]",300.8,311,18.41,0.46
07:38:09,"[291.0, 36]","[287.88, 123]","[308.88, 48]","[310.1, 39]",299.94,246,17.88,0.29
07:38:10,"[292.7, 53]","[290.47, 38]","[308.0, 51]","[310.67, 18]",300.35,160,15.3,0.14
07:38:11,"[293.07, 87]","[291.44, 122]","[308.0, 84]","[312.0, 48]",300.53,341,14.93,0.23
07:38:12,"[295.0, 30]","[293.0, 135]","[307.93, 87]","[310.78, 69]",301.47,321,12.93,0.03
07:38:13,"[296.3, 33]","[292.29, 136]","[307.12, 16]","[308.55, 65]",301.71,250,10.82,0.35
07:38:14,"[297.45, 22]","[291.16, 171]","[310.73, 11]","[311.73, 44]",304.09,248,13.27,0.56
07:38:15,"[298.0, 24]","[293.71, 72]","[311.0, 12]","[312.0, 48]",304.5,156,13.0,0.23
07:38:16,"[299.5, 32]","[293.38, 128]","[310.13, 46]","[311.92, 52]",304.82,258,10.63,0.24
07:38:17,"[300.47, 30]","[293.0, 295]","[309.47, 60]","[311.33, 60]",304.97,445,9.0,0.46
07:38:18,"[301.0, 24]","[293.44, 180]","[309.0, 48]","[310.0, 48]",305.0,300,8.0,0.36
07:38:19,"[304.72, 81]","[295.64, 122]","[308.31, 67]","[310.0, 76]",306.51,346,3.6,0.17
07:38:20,"[304.57, 92]","[294.93, 82]","[308.41, 37]","[310.74, 38]",306.49,249,3.84,0.4
07:38:21,"[294.0, 44]","[293.0, 88]","[310.73, 26]","[312.69, 39]",302.37,197,16.73,0.34
07:38:22,"[296.65, 162]","[294.16, 100]","[310.23, 26]","[311.81, 31]",303.44,319,13.58,0.64
07:38:23,"[298.42, 249]","[297.07, 162]","[356.4, 60]","[415.2, 30]",327.41,501,57.98,0.64
07:38:24,"[308.33, 223]","[300.97, 117]","[448.0, 52]","[456.13, 46]",378.16,438,139.67,0.55
07:38:25,"[312.04, 200]","[309.75, 64]","[447.31, 52]","[502.0, 52]",379.67,368,135.27,0.43
07:38:26,"[313.0, 56]","[312.0, 144]","[412.67, 36]","[432.0, 36]",362.83,272,99.67,0.47
07:38:27,"[313.0, 50]","[312.0, 160]","[406.2, 40]","[409.0, 40]",359.6,290,93.2,0.45
07:38:28,"[314.21, 33]","[312.81, 86]","[405.0, 60]","[600.53, 45]",359.61,224,90.79,0.06
07:38:29,"[313.85, 40]","[312.21, 121]","[387.36, 44]","[544.35, 52]",350.61,257,73.51,0.25
07:38:30,"[313.19, 32]","[312.09, 106]","[356.0, 32]","[361.09, 33]",334.59,203,42.81,0.36
07:38:31,"[316.0, 6]","[313.0, 45]","[351.38, 13]","[355.1, 20]",333.69,84,35.38,0.21
07:38:32,"[313.1, 93]","[312.17, 174]","[349.56, 36]","[350.27, 30]",331.33,333,36.46,0.6
07:38:33,"[319.0, 90]","[313.0, 135]","[344.71, 35]","[346.36, 47]",331.86,307,25.71,0.47
07:38:34,"[319.0, 48]","[313.0, 45]","[330.8, 30]","[337.67, 24]",324.9,147,11.8,0.27
07:38:35,"[317.8, 80]","[312.7, 132]","[325.64, 45]","[326.72, 47]",321.72,304,7.84,0.39
07:38:36,"[313.0, 48]","[312.0, 120]","[323.33, 18]","[325.2, 15]",318.17,201,10.33,0.67
07:38:37,"[313.0, 64]","[312.0, 160]","[323.0, 32]","[324.0, 16]",318.0,272,10.0,0.65
07:38:38,"[313.0, 60]","[312.0, 200]","[320.94, 35]","[322.23, 35]",316.97,330,7.94,0.58
07:38:39,"[313.0, 34]","[312.0, 260]","[317.43, 42]","[318.9, 49]",315.21,385,4.43,0.53
07:38:40,"[312.05, 176]","[311.47, 170]","[313.87, 46]","[316.69, 39]",312.96,431,1.82,0.61
07:38:41,"[312.0, 113]","[311.0, 100]","[314.57, 28]","[433.23, 26]",313.29,267,2.57,0.6
07:38:42,"[313.08, 25]","[311.55, 44]","[324.0, 10]","[625.0, 25]",318.54,104,10.92,0.33
07:38:43,"[313.38, 26]","[311.62, 52]","[324.0, 12]","[682.5, 30]",318.69,120,10.62,0.3
07:38:44,"[312.0, 56]","[311.0, 80]","[322.29, 28]","[408.0, 18]",317.14,182,10.29,0.49
07:38:45,"[312.0, 35]","[311.0, 50]","[320.0, 25]","[321.0, 10]",316.0,120,8.0,0.42
07:38:46,"[313.77, 22]","[311.91, 89]","[319.57, 46]","[322.04, 26]",316.67,183,5.79,0.21
07:38:47,"[313.0, 7]","[311.64, 55]","[317.0, 16]","[318.2, 15]",315.0,93,4.0,0.33
07:38:48,"[313.0, 5]","[311.0, 50]","[316.0, 15]","[318.0, 10]",314.5,80,3.0,0.38
07:38:49,"[312.3, 23]","[311.5, 80]","[314.55, 22]","[327.42, 19]",313.42,144,2.24,0.43
07:38:50,"[312.0, 62]","[311.0, 100]","[325.22, 18]","[551.94, 17]",318.61,197,13.22,0.64
07:38:51,"[311.12, 259]","[310.66, 208]","[419.69, 26]","[511.07, 27]",365.41,520,108.57,0.8
07:38:52,"[311.0, 470]","[309.0, 75]","[397.53, 38]","[442.93, 30]",354.26,613,86.53,0.78
07:38:53,"[312.01, 178]","[310.66, 206]","[414.52, 33]","[421.93, 43]",363.26,460,102.5,0.67
07:38:54,"[315.6, 10]","[313.23, 43]","[412.53, 15]","[414.35, 20]",364.07,88,96.93,0.2
07:38:55,"[316.0, 5]","[315.0, 20]","[410.73, 11]","[411.86, 14]",363.36,50,94.73,0.0
07:38:56,"[316.0, 8]","[315.0, 32]","[381.1, 20]","[388.12, 16]",348.55,76,65.1,0.05
07:38:57,"[311.06, 242]","[310.74, 204]","[326.36, 33]","[329.0, 21]",318.71,500,15.3,0.78
07:38:58,"[313.0, 22]","[311.0, 363]","[324.91, 33]","[327.0, 22]",318.95,440,11.91,0.75
07:38:59,"[311.92, 104]","[310.93, 271]","[322.81, 32]","[324.52, 23]",317.37,430,10.89,0.74
07:39:00,"[313.0, 50]","[311.0, 105]","[322.0, 15]","[323.0, 10]",317.5,180,9.0,0.72
07:39:01,"[313.0, 67]","[311.0, 236]","[321.29, 34]","[322.33, 36]",317.15,373,8.29,0.62
07:39:02,"[313.0, 10]","[311.0, 120]","[319.2, 15]","[321.65, 17]",316.1,162,6.2,0.6
07:39:03,"[311.01, 214]","[309.53, 75]","[316.93, 42]","[318.12, 51]",313.97,382,5.92,0.51
07:39:04,"[311.0, 266]","[309.0, 74]","[438.72, 39]","[439.06, 33]",374.86,412,127.72,0.65
07:39:05,"[313.29, 84]","[310.66, 82]","[362.0, 6]","[379.5, 12]",337.64,184,48.71,0.8
07:39:06,"[315.0, 116]","[311.0, 172]","[362.0, 10]","[527.3, 20]",338.5,318,47.0,0.81
07:39:07,"[315.0, 64]","[311.0, 144]","[355.14, 14]","[367.09, 11]",335.07,233,40.14,0.79
07:39:08,"[315.0, 49]","[311.0, 198]","[321.35, 34]","[322.23, 26]",318.18,307,6.35,0.61
07:39:09,"[315.0, 15]","[311.0, 90]","[319.0, 10]","[322.0, 20]",317.0,135,4.0,0.56
07:39:10,"[315.0, 29]","[311.04, 184]","[317.22, 36]","[321.71, 28]",316.11,277,2.22,0.54
07:39:11,"[313.8, 20]","[311.74, 86]","[331.28, 36]","[439.46, 13]",322.54,155,17.48,0.37
07:39:12,"[313.0, 40]","[311.0, 180]","[404.08, 26]","[441.0, 13]",358.54,259,91.08,0.7
07:39:13,"[313.0, 36]","[311.0, 74]","[401.2, 25]","[420.05, 19]",357.1,154,88.2,0.43
07:39:14,"[313.0, 46]","[311.0, 84]","[346.59, 34]","[348.09, 22]",329.79,186,33.59,0.4
07:39:15,"[313.0, 51]","[311.0, 158]","[341.19, 47]","[343.32, 41]",327.1,297,28.19,0.41
07:39:16,"[313.0, 36]","[311.0, 120]","[328.9, 29]","[338.0, 31]",320.95,216,15.9,0.44
07:39:17,"[313.0, 42]","[311.0, 140]","[326.55, 29]","[328.05, 41]",319.78,252,13.55,0.44
07:39:18,"[313.0, 30]","[311.94, 154]","[323.48, 21]","[326.69, 29]",318.24,234,10.48,0.57
07:39:19,"[315.94, 63]","[314.1, 68]","[320.53, 30]","[322.54, 35]",318.23,196,4.6,0.34
07:39:20,"[317.0, 32]","[313.0, 30]","[424.83, 23]","[568.33, 27]",370.91,112,107.83,0.11
07:39:21,"[317.0, 20]","[312.68, 112]","[383.73, 30]","[554.2, 41]",350.37,203,66.73,0.3
07:39:22,"[316.56, 18]","[314.15, 52]","[363.5, 28]","[403.67, 30]",340.03,128,46.94,0.09
07:39:23,"[313.6, 50]","[312.33, 120]","[328.0, 20]","[425.47, 15]",320.8,205,14.4,0.66
07:39:24,"[313.0, 80]","[312.0, 160]","[326.64, 28]","[499.36, 14]",319.82,282,13.64,0.7
07:39:25,"[313.0, 104]","[312.0, 208]","[324.63, 30]","[325.44, 36]",318.82,378,11.63,0.65
07:39:26,"[313.55, 88]","[312.31, 208]","[319.6, 25]","[321.0, 26]",316.57,347,6.05,0.71
07:39:27,"[313.62, 39]","[312.33, 96]","[317.23, 26]","[318.78, 9]",315.42,170,3.62,0.59
07:39:28,"[313.0, 70]","[311.9, 124]","[315.4, 10]","[317.0, 40]",314.2,244,2.4,0.59
07:39:29,"[312.76, 50]","[310.79, 47]","[314.17, 18]","[327.7, 23]",313.46,138,1.41,0.41
07:39:30,"[311.0, 36]","[309.0, 50]","[440.3, 23]","[437.5, 18]",375.65,127,129.3,0.35
07:39:31,"[311.35, 31]","[309.07, 60]","[382.9, 20]","[492.47, 19]",347.13,130,71.55,0.4
07:39:32,"[313.29, 62]","[311.96, 114]","[355.2, 25]","[482.8, 35]",334.25,236,41.91,0.49
07:39:33,"[314.0, 36]","[312.0, 121]","[342.73, 22]","[344.72, 25]",328.36,204,28.73,0.54
07:39:34,"[312.46, 46]","[312.13, 45]","[341.89, 18]","[344.0, 18]",327.17,127,29.43,0.43
07:39:35,"[312.26, 95]","[311.88, 80]","[339.5, 20]","[342.5, 20]",325.88,215,27.24,0.63
07:39:36,"[312.49, 71]","[311.76, 116]","[336.0, 22]","[339.0, 22]",324.25,231,23.51,0.62
07:39:37,"[312.0, 81]","[311.0, 63]","[335.11, 18]","[336.78, 18]",323.56,180,23.11,0.6
07:39:38,"[312.0, 81]","[311.0, 63]","[333.11, 18]","[334.56, 18]",322.56,180,21.11,0.6
07:39:39,"[313.0, 48]","[312.0, 120]","[329.11, 18]","[331.93, 27]",321.06,213,16.11,0.58
07:39:40,"[313.0, 24]","[312.0, 112]","[329.87, 15]","[422.84, 19]",321.43,170,16.87,0.6
07:39:41,"[313.0, 27]","[312.0, 126]","[330.89, 18]","[457.26, 19]",321.94,190,17.89,0.61
07:39:42,"[312.0, 85]","[311.0, 30]","[318.68, 41]","[331.38, 26]",315.34,182,6.68,0.26
07:39:43,"[312.0, 64]","[311.0, 65]","[327.42, 31]","[422.14, 29]",319.71,189,15.42,0.37
07:39:44,"[312.0, 67]","[311.0, 95]","[321.11, 62]","[322.32, 34]",316.56,258,9.11,0.26
07:39:45,"[311.67, 45]","[310.81, 62]","[314.48, 33]","[315.53, 47]",313.08,187,2.82,0.14
07:39:46,"[311.0, 46]","[310.0, 56]","[312.38, 32]","[314.35, 34]",311.69,168,1.38,0.21
07:39:47,"[310.11, 36]","[309.5, 16]","[336.52, 21]","[481.5, 24]",323.32,97,26.41,0.07
07:39:48,"[311.0, 8]","[310.0, 32]","[411.0, 24]","[569.8, 20]",361.0,84,100.0,-0.05
07:39:49,"[309.95, 19]","[306.89, 19]","[341.0, 30]","[492.05, 22]",325.47,90,31.05,-0.16
07:39:50,"[309.0, 12]","[305.0, 120]","[359.0, 36]","[492.83, 24]",334.0,192,50.0,0.38
07:39:51,"[309.0, 10]","[305.0, 100]","[347.27, 26]","[400.17, 30]",328.13,166,38.27,0.33
07:39:52,"[309.0, 7]","[305.0, 70]","[324.0, 21]","[358.64, 22]",316.5,120,15.0,0.28
07:39:53,"[310.11, 36]","[301.43, 116]","[322.33, 36]","[427.5, 36]",316.22,224,12.22,0.36
07:39:54,"[313.0, 39]","[305.0, 132]","[322.0, 39]","[410.82, 44]",317.5,254,9.0,0.35
07:39:55,"[313.0, 33]","[305.1, 62]","[321.83, 36]","[384.32, 40]",317.42,171,8.83,0.11
07:39:56,"[304.22, 51]","[217.0, 35]","[321.0, 30]","[474.46, 35]",312.61,151,16.78,0.14
07:39:57,"[311.75, 80]","[280.43, 70]","[321.0, 24]","[400.4, 20]",316.38,194,9.25,0.55
07:39:58,"[315.18, 49]","[311.44, 82]","[321.0, 27]","[331.78, 9]",318.09,167,5.82,0.57
07:39:59,"[318.24, 29]","[314.08, 74]","[321.0, 33]","[391.36, 14]",319.62,150,2.76,0.37
07:40:00,"[319.0, 99]","[317.0, 15]","[445.64, 53]","[534.39, 36]",382.32,203,126.64,0.12
07:40:01,"[314.69, 29]","[313.19, 84]","[542.83, 24]","[662.29, 21]",428.76,158,228.14,0.43
07:40:02,"[314.0, 55]","[313.0, 176]","[573.6, 35]","[646.6, 20]",443.8,286,259.6,0.62
07:40:03,"[314.0, 60]","[309.82, 34]","[540.53, 30]","[603.21, 24]",427.27,148,226.53,0.27
07:40:04,"[314.0, 45]","[312.0, 27]","[361.6, 30]","[412.7, 20]",337.8,122,47.6,0.18
07:40:05,"[314.0, 45]","[312.0, 30]","[350.74, 38]","[454.11, 18]",332.37,131,36.74,0.15
07:40:06,"[312.5, 32]","[310.86, 14]","[348.9, 40]","[414.0, 20]",330.7,106,36.4,-0.13
07:40:07,"[312.0, 33]","[310.0, 11]","[348.0, 44]","[352.0, 44]",330.0,132,36.0,-0.33
07:40:08,"[312.0, 24]","[310.0, 8]","[346.75, 32]","[352.0, 32]",329.38,96,34.75,-0.33
07:40:09,"[312.0, 17]","[310.0, 6]","[346.0, 24]","[352.0, 24]",329.0,71,34.0,-0.35
07:40:10,"[312.0, 14]","[310.0, 7]","[346.0, 28]","[352.0, 28]",329.0,77,34.0,-0.45
07:40:11,"[309.78, 23]","[306.5, 10]","[344.2, 40]","[361.05, 38]",326.99,111,34.42,-0.41
07:40:12,"[313.5, 24]","[309.0, 17]","[344.0, 36]","[476.67, 18]",328.75,95,30.5,-0.14
07:40:13,"[315.0, 33]","[311.0, 33]","[343.55, 44]","[522.8, 25]",329.27,135,28.55,-0.02
07:40:14,"[315.0, 30]","[311.0, 30]","[341.13, 30]","[412.87, 30]",328.07,120,26.13,0.0
07:40:15,"[315.0, 27]","[311.0, 27]","[338.88, 32]","[339.91, 22]",326.94,108,23.88,0.0
07:40:16,"[315.14, 42]","[311.57, 42]","[326.9, 41]","[331.17, 58]",321.02,183,11.76,-0.08
07:40:17,"[316.54, 52]","[314.33, 54]","[319.54, 70]","[338.39, 49]",318.04,225,3.0,-0.06
07:40:18,"[315.0, 18]","[311.78, 27]","[335.5, 8]","[435.0, 16]",325.25,69,20.5,0.3
07:40:19,"[315.0, 36]","[312.0, 60]","[333.11, 19]","[334.06, 17]",324.05,132,18.11,0.45
07:40:20,"[312.0, 80]","[309.75, 32]","[328.58, 31]","[331.11, 27]",320.29,170,16.58,0.32
07:40:21,"[312.0, 84]","[311.0, 43]","[325.0, 24]","[325.52, 31]",318.5,182,13.0,0.4
07:40:22,"[314.06, 34]","[311.4, 50]","[322.29, 14]","[323.41, 22]",318.17,120,8.23,0.4
07:40:23,"[312.54, 52]","[311.18, 44]","[317.53, 19]","[318.9, 21]",315.03,136,4.99,0.41
07:40:24,"[311.26, 61]","[309.57, 42]","[312.73, 37]","[314.24, 34]",312.0,174,1.47,0.18
07:40:25,"[310.2, 35]","[306.17, 53]","[313.0, 30]","[318.27, 30]",311.6,148,2.8,0.19
07:40:26,"[309.0, 26]","[305.0, 78]","[314.25, 16]","[320.95, 44]",311.62,164,5.25,0.27
07:40:27,"[308.41, 34]","[306.39, 72]","[313.93, 14]","[319.32, 59]",311.17,179,5.52,0.18
07:40:28,"[307.0, 52]","[305.0, 55]","[309.19, 27]","[313.27, 11]",308.09,145,2.19,0.48
07:40:29,"[307.0, 35]","[305.0, 50]","[308.0, 45]","[319.0, 12]",307.5,142,1.0,0.2
07:40:30,"[309.56, 25]","[305.8, 30]","[323.33, 30]","[340.23, 13]",316.45,98,13.77,0.12
07:40:31,"[311.0, 44]","[308.09, 33]","[320.71, 21]","[474.1, 20]",315.86,118,9.71,0.31
07:40:32,"[311.0, 36]","[309.0, 27]","[313.0, 27]","[358.93, 27]",312.0,117,2.0,0.08
07:40:33,"[311.0, 32]","[308.38, 26]","[313.0, 24]","[320.0, 32]",312.0,114,2.0,0.02
07:40:34,"[311.0, 28]","[307.0, 28]","[313.0, 15]","[320.0, 28]",312.0,99,2.0,0.13
07:40:35,"[311.0, 28]","[307.55, 22]","[312.43, 14]","[317.2, 20]",311.71,84,1.43,0.19
07:40:36,"[311.0, 40]","[309.0, 20]","[312.0, 20]","[313.0, 20]",311.5,100,1.0,0.2
07:40:37,"[311.0, 28]","[309.0, 14]","[312.62, 13]","[318.82, 22]",311.81,77,1.62,0.09
07:40:38,"[311.0, 32]","[309.0, 22]","[312.9, 20]","[320.5, 40]",311.95,114,1.9,-0.05
07:40:39,"[312.67, 24]","[310.43, 14]","[315.57, 14]","[324.0, 28]",314.12,80,2.9,-0.05
07:40:40,"[313.67, 24]","[312.33, 24]","[315.44, 36]","[322.4, 40]",314.56,124,1.78,-0.23
07:40:41,"[313.17, 24]","[311.33, 24]","[314.94, 49]","[316.0, 24]",314.05,121,1.77,-0.21
07:40:42,"[311.18, 22]","[307.32, 44]","[316.43, 23]","[321.9, 42]",313.81,131,5.25,0.01
07:40:43,"[309.67, 12]","[306.4, 10]","[317.0, 12]","[321.0, 24]",313.33,58,7.33,-0.24
07:40:44,"[306.38, 21]","[303.71, 34]","[316.4, 15]","[319.67, 30]",311.39,100,10.02,0.1
07:40:45,"[305.0, 24]","[302.86, 44]","[314.25, 20]","[316.33, 15]",309.62,103,9.25,0.32
07:40:46,"[304.0, 36]","[302.0, 64]","[310.14, 29]","[313.11, 28]",307.07,157,6.14,0.27
07:40:47,"[304.0, 15]","[302.0, 30]","[306.0, 10]","[308.0, 25]",305.0,80,2.0,0.12
07:40:48,"[304.0, 30]","[302.0, 60]","[305.48, 23]","[307.58, 38]",304.74,151,1.48,0.19
07:40:49,"[304.0, 27]","[302.0, 54]","[306.0, 9]","[308.0, 45]",305.0,135,2.0,0.2
07:40:50,"[302.68, 73]","[263.38, 29]","[306.0, 13]","[308.0, 80]",304.34,195,3.32,0.05
07:40:51,"[304.0, 50]","[300.0, 10]","[306.0, 10]","[308.0, 100]",305.0,170,2.0,-0.29
07:40:52,"[304.03, 62]","[299.91, 58]","[307.94, 107]","[311.14, 63]",305.99,290,3.91,-0.17
07:40:53,"[302.0, 45]","[297.0, 9]","[307.48, 46]","[309.4, 47]",304.74,147,5.48,-0.27
07:40:54,"[301.0, 60]","[295.25, 40]","[305.43, 28]","[307.14, 56]",303.21,184,4.43,0.09
07:40:55,"[301.0, 45]","[297.0, 27]","[306.0, 27]","[308.0, 72]",303.5,171,5.0,-0.16
07:40:56,"[301.0, 50]","[297.75, 20]","[305.8, 30]","[308.0, 80]",303.4,180,4.8,-0.22
07:40:57,"[301.0, 55]","[300.0, 11]","[305.0, 33]","[308.0, 88]",303.0,187,4.0,-0.29
07:40:58,"[301.0, 75]","[300.0, 15]","[311.4, 52]","[310.67, 60]",306.2,202,10.4,-0.11
07:40:59,"[303.63, 95]","[302.52, 103]","[313.59, 27]","[314.33, 49]",308.61,274,9.96,0.45
07:41:00,"[307.37, 175]","[305.18, 110]","[310.74, 27]","[313.02, 49]",309.06,361,3.37,0.58
07:41:01,"[308.2, 175]","[307.0, 140]","[309.88, 51]","[314.86, 73]",309.04,439,1.68,0.44
07:41:02,"[309.31, 52]","[308.0, 170]","[315.27, 73]","[317.52, 63]",312.29,358,5.97,0.24
07:41:03,"[311.12, 97]","[310.45, 94]","[316.93, 111]","[318.26, 69]",314.03,371,5.8,0.03
07:41:04,"[312.64, 28]","[311.0, 152]","[314.86, 56]","[318.22, 49]",313.75,285,2.21,0.26
07:41:05,"[313.0, 16]","[311.0, 128]","[314.0, 32]","[320.0, 36]",313.5,212,1.0,0.36
07:41:06,"[312.0, 32]","[310.82, 88]","[316.52, 50]","[321.19, 74]",314.26,244,4.52,-0.02
07:41:07,"[311.0, 80]","[309.0, 40]","[320.65, 62]","[322.58, 24]",315.82,206,9.65,0.17
07:41:08,"[311.05, 74]","[309.43, 56]","[317.38, 32]","[319.28, 58]",314.21,220,6.32,0.18
07:41:09,"[313.19, 32]","[311.0, 96]","[317.0, 32]","[320.0, 16]",315.09,176,3.81,0.45
07:41:10,"[312.91, 22]","[311.33, 54]","[317.0, 18]","[320.0, 9]",314.95,103,4.09,0.48
07:41:11,"[312.0, 36]","[311.0, 72]","[316.75, 32]","[320.0, 12]",314.38,152,4.75,0.42
07:41:12,"[312.91, 33]","[311.83, 36]","[314.87, 31]","[315.75, 24]",313.89,124,1.96,0.11
07:41:13,"[313.0, 14]","[311.33, 63]","[315.0, 40]","[320.0, 14]",314.0,131,2.0,0.18
07:41:14,"[312.1, 20]","[310.69, 78]","[314.0, 28]","[315.0, 14]",313.05,140,1.9,0.4
07:41:15,"[310.8, 41]","[307.86, 57]","[313.76, 17]","[315.0, 23]",312.28,138,2.96,0.42
07:41:16,"[309.0, 40]","[296.0, 50]","[323.0, 10]","[325.0, 10]",316.0,110,14.0,0.64
07:41:17,"[312.53, 34]","[307.56, 45]","[323.0, 11]","[325.0, 11]",317.76,101,10.47,0.56
07:41:18,"[309.57, 42]","[301.38, 26]","[323.0, 11]","[325.0, 11]",316.29,90,13.43,0.51
07:41:19,"[312.14, 28]","[307.47, 38]","[323.0, 13]","[325.56, 18]",317.57,97,10.86,0.36
07:41:20,"[316.0, 22]","[308.03, 62]","[321.48, 29]","[323.95, 19]",318.74,132,5.48,0.27
07:41:21,"[309.0, 52]","[299.0, 47]","[323.65, 23]","[324.9, 21]",316.33,143,14.65,0.38
07:41:22,"[309.0, 52]","[299.0, 39]","[322.69, 13]","[324.0, 39]",315.85,143,13.69,0.27
07:41:23,"[309.0, 56]","[299.0, 42]","[321.07, 14]","[323.08, 24]",315.04,136,12.07,0.44
07:41:24,"[309.0, 48]","[299.17, 35]","[318.67, 36]","[320.0, 12]",313.83,131,9.67,0.27
07:41:25,"[309.0, 26]","[302.0, 20]","[317.5, 30]","[320.0, 10]",313.25,86,8.5,0.07
07:41:26,"[309.0, 30]","[302.0, 30]","[316.95, 41]","[319.71, 21]",312.98,122,7.95,-0.02
07:41:27,"[309.0, 34]","[300.46, 41]","[314.79, 34]","[316.29, 31]",311.9,140,5.79,0.07
07:41:28,"[300.99, 85]","[298.83, 47]","[313.03, 35]","[318.5, 40]",307.01,207,12.04,0.28
07:41:29,"[300.8, 35]","[299.97, 101]","[314.4, 15]","[320.19, 27]",307.6,178,13.6,0.53
07:41:30,"[306.94, 34]","[301.31, 70]","[318.0, 15]","[320.67, 66]",312.47,185,11.06,0.12
07:41:31,"[316.0, 45]","[312.0, 60]","[318.0, 15]","[320.0, 60]",317.0,180,2.0,0.17
07:41:32,"[315.0, 36]","[311.71, 42]","[318.0, 12]","[320.0, 48]",316.5,138,3.0,0.13
07:41:33,"[312.0, 44]","[310.0, 22]","[319.54, 26]","[320.62, 64]",315.77,156,7.54,-0.15
07:41:34,"[312.57, 37]","[311.56, 36]","[319.0, 55]","[320.09, 44]",315.78,172,6.43,-0.15
07:41:35,"[313.81, 32]","[312.0, 44]","[319.0, 15]","[321.0, 44]",316.41,135,5.19,0.13
07:41:36,"[315.38, 32]","[312.0, 64]","[318.68, 19]","[320.89, 55]",317.03,170,3.31,0.13
07:41:37,"[316.0, 14]","[312.0, 40]","[318.0, 20]","[320.96, 46]",317.0,120,2.0,-0.1
07:41:38,"[316.0, 9]","[312.0, 36]","[318.0, 18]","[321.0, 45]",317.0,108,2.0,-0.17
07:41:39,"[315.0, 11]","[311.87, 30]","[318.79, 19]","[321.25, 40]",316.89,100,3.79,-0.18
07:41:40,"[312.0, 44]","[310.0, 22]","[320.96, 49]","[322.53, 59]",316.48,174,8.96,-0.24
07:41:41,"[312.0, 40]","[310.0, 20]","[320.0, 10]","[321.0, 58]",316.0,128,8.0,-0.06
07:41:42,"[313.0, 60]","[312.0, 60]","[320.0, 15]","[321.0, 67]",316.5,202,7.0,0.19
07:41:43,"[314.8, 30]","[312.67, 36]","[320.78, 9]","[321.88, 16]",317.79,91,5.98,0.45
07:41:44,"[316.75, 48]","[314.88, 43]","[321.0, 13]","[322.0, 26]",318.88,130,4.25,0.4
07:41:45,"[312.81, 32]","[312.35, 31]","[320.54, 26]","[321.88, 32]",316.68,121,7.73,0.04
07:41:46,"[311.0, 27]","[310.0, 18]","[319.67, 27]","[321.0, 9]",315.33,81,8.67,0.11
07:41:47,"[311.0, 39]","[310.0, 26]","[318.49, 43]","[321.53, 19]",314.74,127,7.49,0.02
07:41:48,"[311.0, 27]","[310.0, 18]","[317.44, 32]","[320.71, 14]",314.22,91,6.44,-0.01
07:41:49,"[311.0, 36]","[310.0, 24]","[314.83, 36]","[319.66, 29]",312.92,125,3.83,-0.04
07:41:50,"[311.0, 27]","[310.0, 18]","[312.67, 27]","[314.33, 27]",311.83,99,1.67,-0.09
07:41:51,"[310.95, 44]","[307.56, 36]","[312.2, 45]","[319.5, 32]",311.58,157,1.25,0.02
07:41:52,"[310.27, 11]","[299.82, 66]","[312.0, 27]","[321.0, 18]",311.14,122,1.73,0.26
07:41:53,"[310.0, 11]","[300.0, 88]","[311.0, 33]","[321.0, 22]",310.5,154,1.0,0.29
07:41:54,"[301.49, 47]","[299.67, 61]","[313.9, 31]","[320.92, 24]",307.7,163,12.41,0.33
07:41:55,"[300.0, 128]","[298.5, 48]","[305.29, 65]","[307.39, 57]",302.65,298,5.29,0.18
07:41:56,"[300.0, 80]","[297.67, 18]","[303.77, 43]","[308.67, 24]",301.88,165,3.77,0.19
07:41:57,"[300.0, 64]","[296.0, 8]","[304.0, 40]","[316.0, 8]",302.0,120,4.0,0.2
07:41:58,"[300.0, 56]","[296.0, 7]","[304.0, 35]","[316.0, 7]",302.0,105,4.0,0.2
07:41:59,"[300.0, 80]","[296.0, 10]","[304.0, 50]","[310.94, 16]",302.0,156,4.0,0.15
07:42:00,"[300.0, 56]","[296.0, 7]","[304.0, 35]","[307.0, 21]",302.0,119,4.0,0.06
07:42:01,"[300.0, 120]","[296.0, 15]","[304.0, 75]","[307.0, 45]",302.0,255,4.0,0.06
07:42:02,"[300.82, 44]","[299.22, 97]","[308.11, 35]","[311.75, 24]",304.47,200,7.3,0.41
07:42:03,"[301.0, 48]","[297.98, 83]","[311.44, 54]","[313.84, 25]",306.22,210,10.44,0.25
07:42:04,"[301.86, 42]","[297.28, 97]","[309.93, 41]","[311.31, 29]",305.89,209,8.07,0.33
07:42:05,"[301.63, 35]","[296.97, 74]","[310.0, 40]","[312.0, 26]",305.81,175,8.37,0.25
07:42:06,"[296.97, 66]","[295.33, 24]","[310.0, 36]","[312.33, 15]",303.48,141,13.03,0.28
07:42:07,"[296.57, 28]","[294.28, 64]","[310.0, 56]","[313.0, 14]",303.29,162,13.43,0.14
07:42:08,"[297.0, 22]","[295.0, 22]","[307.55, 49]","[309.83, 30]",302.28,123,10.55,-0.28
07:42:09,"[299.55, 33]","[297.76, 21]","[305.0, 68]","[306.0, 85]",302.27,207,5.45,-0.48
07:42:10,"[300.08, 26]","[299.0, 13]","[305.0, 43]","[306.0, 65]",302.54,147,4.92,-0.47
07:42:11,"[301.86, 14]","[299.0, 7]","[305.0, 56]","[306.0, 35]",303.43,112,3.14,-0.62
07:42:12,"[303.27, 15]","[301.83, 12]","[305.06, 68]","[306.12, 41]",304.16,136,1.79,-0.6
07:42:13,"[304.8, 10]","[303.94, 17]","[306.0, 36]","[311.0, 9]",305.4,72,1.2,-0.25
07:42:14,"[295.43, 53]","[289.94, 70]","[305.86, 56]","[307.1, 29]",300.65,208,10.42,0.18
07:42:15,"[295.56, 27]","[289.91, 11]","[304.0, 6]","[306.0, 24]",299.78,68,8.44,0.12
07:42:16,"[290.0, 20]","[289.0, 10]","[307.02, 46]","[308.2, 10]",298.51,86,17.02,-0.3
07:42:17,"[290.0, 28]","[289.0, 14]","[307.0, 70]","[308.0, 19]",298.5,131,17.0,-0.36
07:42:18,"[290.0, 18]","[289.0, 9]","[307.0, 47]","[308.0, 9]",298.5,83,17.0,-0.35
07:42:19,"[298.12, 258]","[297.07, 165]","[307.0, 85]","[308.0, 32]",302.56,540,8.88,0.57
07:42:20,"[300.62, 160]","[297.36, 339]","[307.48, 31]","[310.48, 23]",304.05,553,6.86,0.8
07:42:21,"[303.56, 160]","[290.69, 134]","[308.0, 16]","[311.0, 46]",305.78,356,4.44,0.65
07:42:22,"[299.76, 92]","[289.96, 104]","[305.38, 61]","[307.59, 27]",302.57,284,5.62,0.38
07:42:23,"[297.57, 72]","[295.79, 24]","[305.68, 38]","[307.62, 21]",301.63,155,8.11,0.24
07:42:24,"[299.0, 96]","[297.0, 16]","[304.22, 18]","[305.07, 30]",301.61,160,5.22,0.4
07:42:25,"[299.6, 45]","[298.83, 46]","[307.27, 15]","[309.62, 26]",303.43,132,7.67,0.38
07:42:26,"[303.28, 47]","[299.91, 66]","[311.0, 32]","[315.38, 48]",307.14,193,7.72,0.17
07:42:27,"[306.67, 86]","[305.38, 26]","[311.0, 32]","[316.0, 48]",308.84,192,4.33,0.17
07:42:28,"[309.6, 40]","[307.11, 76]","[313.42, 31]","[317.02, 49]",311.51,196,3.82,0.18
07:42:29,"[315.0, 48]","[309.09, 45]","[316.0, 36]","[318.0, 60]",315.5,189,1.0,-0.02
07:42:30,"[315.0, 68]","[313.0, 17]","[317.95, 82]","[493.23, 77]",316.48,244,2.95,-0.3
07:42:31,"[315.0, 60]","[313.0, 15]","[316.0, 75]","[319.2, 75]",315.5,225,1.0,-0.33
07:42:32,"[315.0, 44]","[313.0, 11]","[316.0, 55]","[320.0, 55]",315.5,165,1.0,-0.33
07:42:33,"[315.0, 22]","[313.0, 10]","[316.0, 50]","[320.0, 50]",315.5,132,1.0,-0.52
07:42:34,"[315.0, 22]","[312.69, 45]","[316.0, 55]","[320.0, 55]",315.5,177,1.0,-0.24
07:42:35,"[313.27, 44]","[311.42, 71]","[315.81, 43]","[318.55, 55]",314.54,213,2.54,0.08
07:42:36,"[311.6, 40]","[309.93, 45]","[314.71, 14]","[318.57, 35]",313.16,134,3.11,0.27
07:42:37,"[311.22, 90]","[310.08, 65]","[313.13, 30]","[319.73, 75]",312.18,260,1.91,0.19
07:42:38,"[312.76, 42]","[311.1, 51]","[321.9, 73]","[323.24, 85]",317.33,251,9.14,-0.26
07:42:39,"[314.67, 24]","[312.0, 60]","[323.0, 60]","[324.0, 60]",318.83,204,8.33,-0.18
07:42:40,"[313.33, 45]","[311.73, 41]","[322.43, 46]","[323.96, 115]",317.88,247,9.1,-0.3
07:42:41,"[312.0, 36]","[311.0, 12]","[321.42, 24]","[324.0, 60]",316.71,132,9.42,-0.27
07:42:42,"[312.0, 54]","[311.0, 30]","[320.0, 33]","[323.45, 84]",316.0,201,8.0,-0.16
07:42:43,"[312.0, 45]","[311.0, 39]","[314.95, 22]","[318.52, 27]",313.48,133,2.95,0.26
07:42:44,"[312.0, 45]","[311.0, 75]","[314.0, 37]","[315.0, 30]",313.0,187,2.0,0.28
07:42:45,"[311.23, 65]","[309.91, 55]","[313.35, 34]","[314.2, 41]",312.29,195,2.12,0.23
07:42:46,"[311.0, 52]","[307.93, 45]","[312.84, 19]","[320.96, 23]",311.92,139,1.84,0.4
07:42:47,"[311.0, 16]","[305.31, 39]","[321.8, 20]","[325.0, 40]",316.4,115,10.8,-0.04
07:42:48,"[318.74, 31]","[310.82, 11]","[324.0, 22]","[327.0, 44]",321.37,108,5.26,-0.22
07:42:49,"[319.0, 24]","[311.0, 8]","[324.0, 16]","[327.0, 32]",321.5,80,5.0,-0.2
07:42:50,"[319.0, 18]","[311.0, 6]","[324.0, 12]","[327.0, 24]",321.5,60,5.0,-0.2
07:42:51,"[319.0, 36]","[311.53, 15]","[324.0, 24]","[327.0, 48]",321.5,123,5.0,-0.17
07:42:52,"[319.0, 24]","[311.0, 8]","[324.0, 16]","[328.67, 24]",321.5,72,5.0,-0.11
07:42:53,"[319.0, 27]","[312.78, 9]","[323.62, 13]","[327.89, 18]",321.31,67,4.62,0.07
07:42:54,"[319.0, 36]","[313.0, 12]","[322.0, 12]","[325.67, 24]",320.5,84,3.0,0.14
07:42:55,"[319.0, 42]","[313.0, 14]","[320.79, 14]","[328.0, 28]",319.89,98,1.79,0.14
07:42:56,"[309.42, 38]","[303.67, 33]","[329.0, 24]","[331.0, 24]",319.21,119,19.58,0.19
07:42:57,"[306.0, 44]","[302.0, 44]","[329.0, 22]","[330.73, 22]",317.5,132,23.0,0.33
07:42:58,"[307.6, 45]","[302.57, 42]","[329.0, 22]","[331.0, 22]",318.3,131,21.4,0.33
07:42:59,"[312.0, 72]","[306.0, 36]","[329.0, 24]","[331.0, 24]",320.5,156,17.0,0.38
07:43:00,"[312.0, 54]","[308.86, 42]","[329.0, 18]","[331.0, 18]",320.5,132,17.0,0.45
07:43:01,"[312.0, 18]","[311.0, 72]","[329.0, 18]","[331.0, 18]",320.5,126,17.0,0.43
07:43:02,"[312.81, 54]","[311.35, 62]","[329.0, 32]","[331.0, 32]",320.91,180,16.19,0.29
07:43:03,"[312.53, 15]","[311.07, 60]","[327.38, 16]","[330.56, 18]",319.95,109,14.84,0.38
07:43:04,"[312.32, 25]","[310.77, 78]","[318.33, 12]","[329.55, 22]",315.33,137,6.01,0.5
07:43:05,"[315.0, 10]","[311.0, 80]","[330.0, 20]","[331.8, 20]",322.5,130,15.0,0.38
07:43:06,"[315.0, 10]","[311.0, 80]","[330.0, 20]","[332.0, 20]",322.5,130,15.0,0.38
07:43:07,"[313.15, 26]","[311.38, 91]","[330.0, 28]","[331.35, 46]",321.58,191,16.85,0.23
07:43:08,"[312.0, 26]","[311.0, 72]","[330.0, 18]","[331.0, 45]",321.0,161,18.0,0.22
07:43:09,"[312.0, 21]","[311.0, 96]","[330.0, 22]","[331.0, 55]",321.0,194,18.0,0.21
07:43:10,"[312.0, 9]","[311.0, 80]","[330.0, 18]","[331.0, 45]",321.0,152,18.0,0.17
07:43:11,"[312.0, 9]","[311.0, 225]","[330.0, 18]","[331.0, 45]",321.0,297,18.0,0.58
07:43:12,"[312.0, 9]","[311.0, 225]","[330.9, 39]","[331.58, 24]",321.45,297,18.9,0.58
07:43:13,"[311.38, 68]","[310.99, 304]","[328.56, 80]","[330.05, 59]",319.97,511,17.18,0.46
07:43:14,"[313.33, 54]","[311.03, 195]","[326.0, 60]","[329.55, 33]",319.67,342,12.67,0.46
07:43:15,"[312.0, 24]","[311.0, 252]","[325.75, 48]","[327.78, 36]",318.88,360,13.75,0.53
07:43:16,"[312.3, 20]","[311.03, 151]","[324.0, 18]","[329.89, 18]",318.15,207,11.7,0.65
07:43:17,"[313.0, 39]","[312.0, 26]","[324.0, 26]","[329.0, 26]",318.5,117,11.0,0.11
07:43:18,"[313.6, 45]","[312.0, 30]","[322.75, 69]","[324.0, 33]",318.18,177,9.15,-0.15
07:43:19,"[314.93, 91]","[313.85, 55]","[318.42, 95]","[321.0, 38]",316.68,279,3.49,0.05
07:43:20,"[315.0, 66]","[314.0, 42]","[316.57, 70]","[321.0, 28]",315.79,206,1.57,0.05
07:43:21,"[314.25, 16]","[311.46, 67]","[316.0, 31]","[321.71, 28]",315.12,142,1.75,0.17
07:43:22,"[312.0, 39]","[311.0, 315]","[321.27, 37]","[325.9, 63]",316.64,454,9.27,0.56
07:43:23,"[312.0, 35]","[311.0, 135]","[322.43, 28]","[324.67, 36]",317.21,234,10.43,0.45
07:43:24,"[312.0, 30]","[311.0, 45]","[321.0, 45]","[323.0, 15]",316.5,135,9.0,0.11
07:43:25,"[312.0, 24]","[311.0, 36]","[317.17, 30]","[319.06, 18]",314.58,108,5.17,0.11
07:43:26,"[312.0, 36]","[311.0, 54]","[315.83, 30]","[316.89, 18]",313.92,138,3.83,0.3
07:43:27,"[311.48, 46]","[310.61, 41]","[318.72, 39]","[322.27, 75]",315.1,201,7.24,-0.13
07:43:28,"[311.0, 30]","[309.0, 10]","[321.0, 50]","[326.0, 50]",316.0,140,10.0,-0.43
07:43:29,"[311.47, 34]","[310.6, 30]","[320.41, 61]","[322.79, 70]",315.94,195,8.94,-0.34
07:43:30,"[312.74, 38]","[311.0, 57]","[319.64, 111]","[322.84, 95]",316.19,301,6.9,-0.37
07:43:31,"[313.0, 24]","[311.0, 36]","[318.92, 48]","[324.0, 60]",315.96,168,5.92,-0.29
07:43:32,"[313.0, 24]","[311.0, 24]","[318.0, 48]","[323.33, 60]",315.5,156,5.0,-0.38
07:43:33,"[314.53, 34]","[312.73, 30]","[317.29, 68]","[323.4, 75]",315.91,207,2.76,-0.38
07:43:34,"[314.56, 18]","[312.71, 28]","[316.43, 56]","[325.0, 42]",315.49,144,1.87,-0.36
07:43:35,"[306.41, 59]","[305.18, 44]","[322.45, 80]","[325.63, 87]",314.43,270,16.04,-0.24
07:43:36,"[306.0, 45]","[302.22, 27]","[308.0, 27]","[325.0, 63]",307.0,162,2.0,-0.11
07:43:37,"[306.0, 40]","[302.0, 24]","[308.0, 24]","[325.0, 40]",307.0,128,2.0,0.0
07:43:38,"[306.0, 35]","[302.0, 21]","[317.44, 27]","[325.86, 35]",311.72,118,11.44,-0.05
07:43:39,"[308.47, 17]","[305.17, 41]","[325.0, 45]","[327.0, 45]",316.74,148,16.53,-0.22
07:43:40,"[308.23, 104]","[304.87, 47]","[325.0, 55]","[327.0, 55]",316.62,261,16.77,0.16
07:43:41,"[309.0, 83]","[306.0, 55]","[312.56, 45]","[325.14, 70]",310.78,253,3.56,0.09
07:43:42,"[309.0, 51]","[306.0, 45]","[310.89, 27]","[321.53, 57]",309.94,180,1.89,0.07
07:43:43,"[306.75, 55]","[303.09, 100]","[310.33, 36]","[314.24, 63]",308.54,254,3.59,0.22
07:43:44,"[305.0, 25]","[302.0, 56]","[309.71, 14]","[313.0, 28]",307.36,123,4.71,0.32
07:43:45,"[305.0, 45]","[301.15, 55]","[308.62, 39]","[312.56, 54]",306.81,193,3.62,0.04
07:43:46,"[305.0, 30]","[301.0, 30]","[307.49, 35]","[308.29, 35]",306.24,130,2.49,-0.08
07:43:47,"[305.0, 16]","[301.0, 24]","[307.43, 28]","[310.22, 36]",306.21,104,2.43,-0.23
07:43:48,"[305.0, 7]","[301.0, 21]","[308.0, 35]","[311.5, 16]",306.5,79,3.0,-0.29
07:43:49,"[305.0, 12]","[301.0, 36]","[308.0, 60]","[313.97, 39]",306.5,147,3.0,-0.35
07:43:50,"[305.0, 9]","[301.0, 27]","[307.78, 45]","[314.89, 27]",306.39,108,2.78,-0.33
07:43:51,"[305.0, 11]","[301.0, 33]","[307.0, 19]","[313.27, 33]",306.0,96,2.0,-0.08
07:43:52,"[301.73, 22]","[299.5, 48]","[306.7, 10]","[312.9, 30]",304.21,110,4.97,0.27
07:43:53,"[301.0, 42]","[299.0, 84]","[306.62, 16]","[312.06, 54]",303.81,196,5.62,0.29
07:43:54,"[302.36, 44]","[299.4, 60]","[309.26, 23]","[312.96, 53]",305.81,180,6.9,0.16
07:43:55,"[307.71, 38]","[299.82, 51]","[312.0, 24]","[317.0, 60]",309.86,173,4.29,0.03
07:43:56,"[311.0, 33]","[306.07, 45]","[312.0, 22]","[317.0, 55]",311.5,155,1.0,0.01
07:43:57,"[311.0, 21]","[308.0, 28]","[312.0, 14]","[317.0, 35]",311.5,98,1.0,0.0
07:43:58,"[308.64, 22]","[303.29, 21]","[312.0, 12]","[317.0, 30]",310.32,85,3.36,0.01
07:43:59,"[310.2, 40]","[309.2, 40]","[312.0, 20]","[317.0, 50]",311.1,150,1.8,0.07
07:44:00,"[311.0, 19]","[310.0, 28]","[312.0, 13]","[317.0, 35]",311.5,95,1.0,-0.01
07:44:01,"[310.0, 12]","[308.0, 16]","[312.0, 4]","[317.0, 20]",311.0,52,2.0,0.08
07:44:02,"[310.0, 42]","[308.0, 24]","[312.0, 6]","[317.0, 30]",311.0,102,2.0,0.29
07:44:03,"[310.0, 65]","[308.0, 36]","[312.0, 9]","[317.0, 45]",311.0,155,2.0,0.3
07:44:04,"[311.0, 28]","[310.0, 35]","[312.0, 7]","[317.0, 35]",311.5,105,1.0,0.2
07:44:05,"[311.0, 40]","[310.0, 50]","[312.0, 10]","[317.0, 50]",311.5,150,1.0,0.2
07:44:06,"[310.74, 38]","[309.63, 43]","[314.94, 17]","[317.19, 43]",312.84,141,4.2,0.15
07:44:07,"[313.71, 136]","[310.19, 57]","[317.0, 65]","[318.0, 52]",315.35,310,3.29,0.25
07:44:08,"[314.0, 54]","[313.0, 18]","[317.0, 30]","[318.0, 24]",315.5,126,3.0,0.14
07:44:09,"[314.0, 90]","[313.0, 30]","[317.0, 38]","[318.0, 40]",315.5,198,3.0,0.21
07:44:10,"[314.0, 81]","[313.0, 27]","[315.22, 45]","[318.6, 15]",314.61,168,1.22,0.29
07:44:11,"[314.11, 27]","[313.12, 24]","[319.39, 41]","[326.23, 13]",316.75,105,5.28,-0.03
07:44:12,"[313.8, 15]","[312.0, 18]","[320.0, 36]","[329.0, 9]",316.9,78,6.2,-0.15
07:44:13,"[313.0, 18]","[311.0, 24]","[320.0, 24]","[327.57, 14]",316.5,80,7.0,0.05
07:44:14,"[313.0, 15]","[311.0, 20]","[320.0, 20]","[327.0, 25]",316.5,80,7.0,-0.12
07:44:15,"[313.0, 24]","[311.0, 32]","[319.44, 36]","[323.34, 35]",316.22,127,6.44,-0.12
07:44:16,"[313.0, 27]","[311.0, 36]","[318.56, 45]","[320.0, 36]",315.78,144,5.56,-0.12
07:44:17,"[313.0, 33]","[311.0, 44]","[316.73, 55]","[320.0, 44]",314.86,176,3.73,-0.12
07:44:18,"[312.5, 40]","[310.65, 63]","[316.93, 58]","[330.0, 48]",314.72,209,4.43,-0.01
07:44:19,"[311.0, 65]","[310.0, 143]","[333.58, 45]","[373.84, 57]",322.29,310,22.58,0.34
07:44:20,"[311.0, 70]","[310.0, 154]","[321.0, 30]","[321.95, 40]",316.0,294,10.0,0.52
07:44:21,"[311.0, 55]","[310.0, 121]","[316.83, 23]","[318.2, 20]",313.91,219,5.83,0.61
07:44:22,"[310.71, 56]","[309.54, 130]","[312.3, 30]","[315.05, 37]",311.51,253,1.59,0.47
07:44:23,"[310.0, 64]","[308.0, 33]","[311.75, 24]","[323.31, 39]",310.88,160,1.75,0.21
07:44:24,"[310.0, 33]","[308.0, 33]","[312.0, 22]","[323.0, 44]",311.0,132,2.0,0.0
07:44:25,"[310.0, 66]","[306.68, 37]","[312.0, 22]","[323.0, 44]",311.0,169,2.0,0.22
07:44:26,"[310.0, 75]","[301.24, 87]","[312.0, 30]","[323.0, 60]",311.0,252,2.0,0.29
07:44:27,"[310.0, 42]","[308.0, 14]","[311.5, 40]","[321.17, 48]",310.75,144,1.5,-0.22
07:44:28,"[310.0, 45]","[308.0, 16]","[311.46, 39]","[317.05, 38]",310.73,138,1.46,-0.12
07:44:29,"[310.87, 153]","[309.17, 24]","[312.43, 70]","[319.48, 40]",311.65,287,1.56,0.23
07:44:30,"[311.0, 230]","[310.0, 30]","[312.83, 60]","[317.08, 25]",311.92,345,1.83,0.51
07:44:31,"[311.0, 165]","[310.0, 50]","[317.0, 30]","[321.0, 15]",314.0,260,6.0,0.65
07:44:32,"[311.0, 132]","[310.0, 48]","[316.57, 28]","[319.0, 16]",313.79,224,5.57,0.61
07:44:33,"[311.0, 132]","[310.0, 48]","[316.0, 25]","[317.75, 24]",313.5,229,5.0,0.57
07:44:34,"[311.0, 143]","[310.0, 52]","[315.31, 26]","[318.0, 26]",313.15,247,4.31,0.58
07:44:35,"[311.0, 121]","[310.0, 44]","[314.82, 22]","[319.09, 22]",312.91,209,3.82,0.58
07:44:36,"[311.0, 165]","[310.0, 60]","[314.0, 30]","[320.0, 30]",312.5,285,3.0,0.58
07:44:37,"[311.0, 132]","[310.0, 48]","[312.83, 24]","[316.5, 24]",311.92,228,1.83,0.58
07:44:38,"[311.24, 83]","[310.58, 77]","[317.09, 33]","[319.44, 25]",314.17,218,5.85,0.47
07:44:39,"[312.33, 18]","[310.87, 62]","[320.0, 24]","[324.0, 8]",316.17,112,7.67,0.43
07:44:40,"[311.0, 69]","[310.0, 48]","[320.0, 36]","[322.18, 22]",315.5,175,9.0,0.34
07:44:41,"[310.57, 21]","[309.68, 19]","[320.0, 21]","[322.0, 14]",315.29,75,9.43,0.07
07:44:42,"[302.78, 41]","[300.57, 21]","[316.5, 16]","[320.8, 20]",309.64,98,13.72,0.27
07:44:43,"[302.6, 100]","[300.74, 76]","[313.82, 33]","[321.44, 27]",308.21,236,11.22,0.49
07:44:44,"[303.0, 80]","[296.0, 80]","[305.0, 50]","[317.0, 10]",304.0,220,2.0,0.45
07:44:45,"[303.14, 112]","[298.67, 73]","[305.0, 70]","[317.0, 14]",304.07,269,1.86,0.38
07:44:46,"[299.56, 41]","[297.14, 49]","[313.0, 15]","[318.94, 31]",306.28,136,13.44,0.32
07:44:47,"[310.96, 130]","[305.31, 87]","[317.0, 18]","[319.0, 54]",313.98,289,6.04,0.5
07:44:48,"[312.44, 9]","[306.5, 26]","[317.0, 9]","[319.0, 27]",314.72,71,4.56,-0.01
07:44:49,"[300.29, 65]","[299.87, 45]","[317.0, 13]","[319.0, 39]",308.65,162,16.71,0.36
07:44:50,"[299.0, 20]","[298.0, 36]","[317.0, 4]","[319.0, 12]",308.0,72,18.0,0.56
07:44:51,"[298.1, 50]","[268.93, 14]","[317.0, 6]","[319.0, 18]",307.55,88,18.9,0.45
07:44:52,"[298.61, 18]","[297.84, 57]","[317.0, 10]","[319.0, 30]",307.81,115,18.39,0.3
07:44:53,"[302.12, 26]","[301.78, 41]","[317.0, 11]","[319.0, 33]",309.56,111,14.88,0.21
07:44:54,"[304.31, 32]","[302.29, 17]","[317.0, 7]","[319.0, 21]",310.66,77,12.69,0.27
07:44:55,"[306.75, 12]","[305.0, 72]","[315.07, 28]","[318.0, 20]",310.91,132,8.32,0.27
07:44:56,"[307.33, 12]","[305.0, 72]","[313.25, 60]","[316.0, 12]",310.29,156,5.92,0.08
07:44:57,"[308.6, 149]","[306.89, 61]","[313.0, 75]","[316.0, 15]",310.8,300,4.4,0.4
07:44:58,"[306.42, 72]","[298.15, 13]","[312.17, 60]","[316.0, 12]",309.29,157,5.75,0.08
07:44:59,"[307.61, 93]","[297.0, 18]","[309.55, 76]","[310.88, 33]",308.58,220,1.94,0.01
07:45:00,"[306.91, 55]","[295.44, 27]","[309.24, 42]","[312.0, 25]",308.07,149,2.33,0.1
07:45:01,"[296.89, 37]","[295.41, 27]","[308.87, 30]","[313.36, 22]",302.88,116,11.97,0.1
07:45:02,"[298.73, 45]","[293.61, 54]","[305.44, 50]","[311.31, 35]",302.09,184,6.71,0.08
07:45:03,"[299.0, 27]","[293.0, 45]","[306.0, 15]","[314.18, 22]",302.5,109,7.0,0.32
07:45:04,"[294.64, 22]","[293.89, 76]","[306.0, 12]","[312.0, 24]",300.32,134,11.36,0.46
07:45:05,"[297.0, 6]","[294.0, 42]","[305.56, 9]","[311.45, 11]",301.28,68,8.56,0.41
07:45:06,"[297.0, 15]","[294.0, 105]","[303.53, 60]","[305.76, 17]",300.27,197,6.53,0.22
07:45:07,"[299.38, 64]","[295.81, 64]","[303.29, 56]","[305.14, 28]",301.33,212,3.91,0.21
07:45:08,"[303.62, 29]","[299.92, 59]","[305.0, 21]","[306.0, 11]",304.31,120,1.38,0.47
07:45:09,"[300.67, 27]","[288.09, 33]","[305.04, 24]","[307.09, 11]",302.85,95,4.38,0.26
07:45:10,"[289.0, 8]","[288.0, 40]","[305.0, 56]","[307.87, 15]",297.0,119,16.0,-0.19
07:45:11,"[289.25, 8]","[288.0, 40]","[305.0, 56]","[308.0, 16]",297.12,120,15.75,-0.2
07:45:12,"[291.0, 19]","[289.0, 19]","[305.3, 92]","[307.1, 51]",298.15,181,14.3,-0.58
07:45:13,"[310.0, 8]","[291.0, 8]","[313.0, 32]","[315.0, 24]",311.5,72,3.0,-0.56
07:45:14,"[311.75, 79]","[306.81, 16]","[313.0, 56]","[315.0, 42]",312.37,193,1.25,-0.02
07:45:15,"[310.92, 74]","[306.62, 80]","[313.0, 51]","[315.0, 42]",311.96,247,2.08,0.25
07:45:16,"[310.0, 104]","[293.71, 41]","[313.0, 39]","[315.0, 39]",311.5,223,3.0,0.3
07:45:17,"[310.0, 72]","[306.0, 45]","[312.43, 35]","[314.11, 27]",311.21,179,2.43,0.31
07:45:18,"[310.0, 76]","[298.86, 57]","[312.0, 55]","[313.0, 33]",311.0,221,2.0,0.2
07:45:19,"[310.0, 60]","[295.0, 58]","[311.85, 41]","[312.58, 36]",310.93,195,1.85,0.21
07:45:20,"[310.0, 36]","[295.0, 30]","[311.0, 42]","[314.0, 18]",310.5,126,1.0,0.05
07:45:21,"[310.0, 48]","[295.0, 40]","[311.0, 44]","[314.0, 24]",310.5,156,1.0,0.13
07:45:22,"[310.0, 36]","[294.39, 44]","[311.0, 40]","[314.0, 30]",310.5,150,1.0,0.07
07:45:23,"[310.0, 24]","[293.5, 12]","[313.52, 25]","[318.38, 24]",311.76,85,3.52,-0.15
07:45:24,"[310.0, 27]","[307.24, 17]","[314.0, 27]","[319.0, 27]",312.0,98,4.0,-0.1
07:45:25,"[310.0, 39]","[308.0, 31]","[314.0, 39]","[319.0, 39]",312.0,148,4.0,-0.05
07:45:26,"[311.38, 48]","[309.53, 47]","[314.0, 42]","[319.0, 42]",312.69,179,2.62,0.06
07:45:27,"[312.03, 66]","[311.08, 26]","[314.0, 27]","[319.0, 27]",313.02,146,1.97,0.26
07:45:28,"[312.23, 52]","[311.6, 65]","[315.94, 31]","[332.82, 33]",314.08,181,3.7,0.29
07:45:29,"[312.0, 84]","[311.0, 48]","[314.51, 49]","[331.45, 40]",313.26,221,2.51,0.19
07:45:30,"[311.29, 28]","[310.35, 23]","[314.33, 30]","[318.33, 18]",312.81,99,3.05,0.03
07:45:31,"[311.0, 20]","[310.0, 15]","[315.0, 20]","[321.0, 10]",313.0,65,4.0,0.08
07:45:32,"[311.0, 44]","[309.76, 33]","[314.29, 14]","[315.29, 42]",312.64,133,3.29,0.16
07:45:33,"[311.0, 52]","[310.0, 65]","[313.46, 13]","[315.77, 52]",312.23,182,2.46,0.29
07:45:34,"[311.0, 52]","[310.0, 65]","[312.69, 13]","[316.0, 52]",311.85,182,1.69,0.29
07:45:35,"[311.0, 21]","[310.0, 35]","[315.64, 25]","[318.1, 20]",313.32,101,4.64,0.11
07:45:36,"[311.0, 20]","[310.0, 45]","[314.0, 27]","[315.52, 31]",312.5,123,3.0,0.06
07:45:37,"[310.15, 34]","[309.28, 39]","[311.75, 36]","[312.83, 36]",310.95,145,1.6,0.01
07:45:38,"[309.14, 14]","[305.79, 19]","[311.0, 33]","[314.33, 36]",310.07,102,1.86,-0.35
07:45:39,"[308.0, 12]","[294.0, 6]","[311.0, 18]","[319.0, 24]",309.5,60,3.0,-0.4
07:45:40,"[308.0, 10]","[294.0, 5]","[311.0, 11]","[319.0, 20]",309.5,46,3.0,-0.35
07:45:41,"[308.0, 11]","[297.05, 21]","[311.0, 9]","[319.0, 36]",309.5,77,3.0,-0.17
07:45:42,"[304.89, 27]","[295.33, 21]","[311.83, 23]","[319.58, 48]",308.36,119,6.94,-0.19
07:45:43,"[294.0, 7]","[292.0, 14]","[304.0, 21]","[305.0, 14]",299.0,56,10.0,-0.25
07:45:44,"[294.0, 11]","[292.0, 22]","[302.48, 25]","[304.2, 30]",298.24,88,8.48,-0.25
07:45:45,"[294.0, 11]","[292.0, 22]","[301.0, 22]","[304.0, 33]",297.5,88,7.0,-0.25
07:45:46,"[295.06, 66]","[292.67, 18]","[301.0, 24]","[304.0, 36]",298.03,144,5.94,0.17
07:45:47,"[298.44, 160]","[292.18, 22]","[301.0, 32]","[304.0, 48]",299.72,262,2.56,0.39
07:45:48,"[300.0, 70]","[290.0, 7]","[301.0, 14]","[304.0, 21]",300.5,112,1.0,0.38
07:45:49,"[296.86, 36]","[287.79, 57]","[303.89, 57]","[305.14, 65]",300.38,215,7.03,-0.13
07:45:50,"[290.5, 14]","[287.0, 166]","[303.07, 70]","[305.0, 28]",296.79,278,12.57,0.29
07:45:51,"[298.42, 55]","[291.64, 72]","[302.0, 46]","[305.0, 20]",300.21,193,3.58,0.32
07:45:52,"[299.0, 36]","[296.43, 28]","[302.0, 24]","[305.0, 12]",300.5,100,3.0,0.28
07:45:53,"[300.83, 72]","[287.0, 24]","[302.71, 34]","[305.6, 40]",301.77,170,1.87,0.13
07:45:54,"[302.62, 47]","[300.29, 34]","[305.25, 16]","[306.05, 38]",303.93,135,2.63,0.2
07:45:55,"[303.75, 20]","[302.81, 31]","[306.0, 12]","[307.0, 6]",304.88,69,2.25,0.48
07:45:56,"[304.88, 17]","[303.23, 13]","[306.11, 9]","[308.5, 8]",305.5,47,1.23,0.28
07:45:57,"[305.3, 20]","[303.15, 20]","[309.12, 17]","[310.46, 26]",307.21,83,3.82,-0.04
07:45:58,"[304.57, 7]","[291.14, 7]","[310.0, 16]","[312.0, 8]",307.29,38,5.43,-0.26
07:45:59,"[306.14, 14]","[305.52, 21]","[310.0, 36]","[312.0, 27]",308.07,98,3.86,-0.29
07:46:00,"[307.87, 15]","[306.0, 14]","[310.0, 28]","[312.0, 35]",308.93,92,2.13,-0.37
07:46:01,"[308.0, 35]","[306.0, 14]","[310.0, 22]","[312.0, 35]",309.0,106,2.0,-0.08
07:46:02,"[308.04, 57]","[295.04, 27]","[310.95, 38]","[356.77, 57]",309.49,179,2.91,-0.06
07:46:03,"[308.48, 67]","[302.78, 51]","[310.61, 49]","[335.65, 68]",309.54,235,2.13,0.0
07:46:04,"[308.21, 56]","[306.42, 48]","[312.0, 51]","[426.47, 30]",310.11,185,3.79,0.12
07:46:05,"[294.62, 16]","[287.24, 17]","[312.5, 18]","[587.0, 12]",303.56,63,17.88,0.05
07:46:06,"[290.72, 61]","[290.21, 24]","[313.0, 45]","[323.85, 52]",301.86,182,22.28,-0.07
07:46:07,"[294.55, 60]","[293.21, 33]","[313.0, 45]","[316.0, 60]",303.77,198,18.45,-0.06
07:46:08,"[307.79, 58]","[305.38, 80]","[313.0, 54]","[316.0, 72]",310.4,264,5.21,0.05
07:46:09,"[309.0, 33]","[306.36, 55]","[313.0, 33]","[316.0, 44]",311.0,165,4.0,0.07
07:46:10,"[310.38, 39]","[308.0, 65]","[313.0, 39]","[316.0, 52]",311.69,195,2.62,0.07
07:46:11,"[312.0, 39]","[308.0, 65]","[313.98, 58]","[326.4, 50]",312.99,212,1.98,-0.02
07:46:12,"[312.0, 27]","[308.0, 45]","[314.0, 45]","[316.0, 36]",313.0,153,2.0,-0.06
07:46:13,"[312.0, 36]","[308.0, 60]","[314.0, 60]","[316.0, 48]",313.0,204,2.0,-0.06
07:46:14,"[312.0, 12]","[308.0, 50]","[314.0, 50]","[316.0, 40]",313.0,152,2.0,-0.18
07:46:15,"[308.79, 66]","[306.04, 53]","[314.78, 41]","[423.11, 36]",311.78,196,5.99,0.21
07:46:16,"[309.0, 20]","[308.0, 30]","[315.91, 11]","[516.83, 12]",312.45,73,6.91,0.37
07:46:17,"[312.71, 14]","[309.17, 36]","[314.43, 14]","[317.43, 28]",313.57,92,1.71,0.09
07:46:18,"[309.17, 24]","[308.1, 61]","[313.54, 13]","[317.0, 26]",311.35,124,4.37,0.37
07:46:19,"[309.0, 18]","[308.0, 45]","[311.22, 9]","[318.0, 18]",310.11,90,2.22,0.4
07:46:20,"[309.88, 96]","[308.32, 44]","[316.07, 14]","[335.08, 26]",312.97,180,6.2,0.56
07:46:21,"[310.0, 120]","[309.0, 20]","[314.2, 10]","[323.0, 20]",312.1,170,4.2,0.65
07:46:22,"[310.0, 191]","[309.0, 32]","[312.12, 16]","[317.0, 20]",311.06,259,2.12,0.72
07:46:23,"[310.0, 144]","[309.0, 30]","[320.38, 24]","[370.45, 22]",315.19,220,10.38,0.58
07:46:24,"[310.0, 90]","[309.0, 20]","[323.6, 15]","[343.47, 19]",316.8,144,13.6,0.53
07:46:25,"[310.0, 94]","[309.0, 28]","[322.18, 17]","[323.55, 22]",316.09,161,12.18,0.52
07:46:26,"[310.0, 44]","[309.0, 22]","[321.0, 11]","[322.0, 11]",315.5,88,11.0,0.5
07:46:27,"[310.0, 28]","[309.0, 14]","[321.0, 7]","[322.0, 7]",315.5,56,11.0,0.5
07:46:28,"[310.0, 55]","[309.0, 36]","[318.83, 18]","[320.44, 18]",314.42,127,8.83,0.43
07:46:29,"[310.93, 68]","[309.82, 22]","[314.36, 11]","[316.55, 11]",312.65,112,3.44,0.61
07:46:30,"[310.48, 27]","[309.36, 22]","[318.64, 14]","[351.5, 20]",314.56,83,8.16,0.18
07:46:31,"[311.07, 28]","[309.67, 24]","[324.94, 17]","[343.47, 19]",318.01,88,13.87,0.18
07:46:32,"[311.15, 13]","[309.05, 21]","[325.53, 17]","[399.0, 22]",318.34,73,14.38,-0.07
07:46:33,"[310.0, 11]","[309.0, 22]","[327.0, 22]","[422.07, 15]",318.5,70,17.0,-0.06
07:46:34,"[310.0, 17]","[308.21, 57]","[327.0, 30]","[393.47, 15]",318.5,119,17.0,0.24
07:46:35,"[313.56, 18]","[309.52, 21]","[327.0, 18]","[463.56, 9]",320.28,66,13.44,0.18
07:46:36,"[314.0, 12]","[310.0, 12]","[327.0, 12]","[532.17, 6]",320.5,42,13.0,0.14
07:46:37,"[314.29, 28]","[311.0, 34]","[358.5, 28]","[463.74, 27]",336.39,117,44.21,0.06
07:46:38,"[318.0, 8]","[314.0, 16]","[331.26, 23]","[406.75, 16]",324.63,63,13.26,-0.24
07:46:39,"[318.0, 8]","[314.0, 16]","[327.0, 24]","[428.5, 16]",322.5,64,9.0,-0.25
07:46:40,"[314.0, 16]","[311.0, 24]","[327.0, 24]","[404.12, 16]",320.5,80,13.0,0.0
07:46:41,"[314.0, 26]","[311.0, 45]","[326.65, 46]","[383.97, 31]",320.33,148,12.65,-0.04
07:46:42,"[314.0, 7]","[311.0, 21]","[323.0, 28]","[327.0, 21]",318.5,77,9.0,-0.27
07:46:43,"[314.0, 9]","[311.0, 27]","[322.67, 36]","[326.0, 30]",318.33,102,8.67,-0.29
07:46:44,"[314.0, 8]","[311.0, 24]","[321.38, 32]","[323.0, 32]",317.69,96,7.38,-0.33
07:46:45,"[314.0, 12]","[311.0, 36]","[320.67, 48]","[322.17, 48]",317.33,144,6.67,-0.33
07:46:46,"[314.0, 15]","[311.0, 45]","[319.33, 60]","[324.1, 59]",316.67,179,5.33,-0.33
07:46:47,"[314.0, 5]","[311.0, 15]","[318.0, 20]","[326.0, 15]",316.0,55,4.0,-0.27
07:46:48,"[314.0, 13]","[310.0, 78]","[317.09, 44]","[321.45, 40]",315.55,175,3.09,0.04
07:46:49,"[310.84, 38]","[309.52, 93]","[315.48, 42]","[321.35, 31]",313.16,204,4.63,0.28
07:46:50,"[310.0, 65]","[309.0, 90]","[316.05, 19]","[323.55, 29]",313.03,203,6.05,0.53
07:46:51,"[309.89, 81]","[308.99, 145]","[312.29, 73]","[315.97, 35]",311.09,334,2.4,0.35
07:46:52,"[309.0, 81]","[308.0, 9]","[310.0, 36]","[314.0, 18]",309.5,144,1.0,0.25
07:46:53,"[309.0, 53]","[308.0, 7]","[310.0, 28]","[314.0, 14]",309.5,102,1.0,0.18
07:46:54,"[309.0, 30]","[308.0, 6]","[310.0, 24]","[324.0, 33]",309.5,93,1.0,-0.23
07:46:55,"[309.0, 55]","[308.0, 11]","[310.0, 44]","[324.0, 39]",309.5,149,1.0,-0.11
07:46:56,"[309.0, 40]","[308.0, 10]","[310.0, 29]","[324.0, 30]",309.5,109,1.0,-0.08
07:46:57,"[309.0, 24]","[308.0, 8]","[310.0, 16]","[323.75, 24]",309.5,72,1.0,-0.11
07:46:58,"[308.0, 6]","[307.0, 6]","[318.54, 13]","[323.17, 18]",313.27,43,10.54,-0.44
07:46:59,"[307.5, 14]","[300.19, 102]","[321.19, 43]","[323.36, 42]",314.34,201,13.69,0.15
07:47:00,"[299.74, 53]","[298.84, 64]","[321.0, 45]","[323.33, 27]",310.37,189,21.26,0.24
07:47:01,"[311.71, 85]","[302.22, 37]","[320.94, 69]","[322.73, 45]",316.32,236,9.24,0.03
07:47:02,"[312.0, 72]","[308.17, 12]","[319.17, 24]","[321.0, 36]",315.58,144,7.17,0.17
07:47:03,"[312.0, 30]","[310.0, 40]","[319.0, 10]","[321.8, 15]",315.5,95,7.0,0.47
07:47:04,"[312.0, 40]","[310.0, 80]","[319.0, 20]","[323.0, 30]",315.5,170,7.0,0.41
07:47:05,"[310.17, 72]","[309.44, 59]","[316.16, 43]","[317.74, 76]",313.16,250,6.0,0.05
07:47:06,"[310.48, 126]","[309.44, 59]","[313.31, 71]","[317.19, 64]",311.89,320,2.83,0.16
07:47:07,"[311.0, 64]","[310.0, 66]","[312.0, 55]","[324.0, 33]",311.5,218,1.0,0.19
07:47:08,"[311.0, 38]","[310.0, 72]","[312.0, 55]","[324.0, 36]",311.5,201,1.0,0.09
07:47:09,"[310.25, 24]","[308.24, 17]","[311.91, 22]","[319.7, 23]",311.08,86,1.66,-0.05
07:47:10,"[310.0, 21]","[304.0, 7]","[311.0, 28]","[323.0, 21]",310.5,77,1.0,-0.27
07:47:11,"[310.28, 29]","[309.03, 31]","[324.46, 39]","[358.08, 24]",317.37,123,14.19,-0.02
07:47:12,"[311.53, 60]","[310.0, 45]","[323.24, 125]","[439.76, 59]",317.39,289,11.71,-0.27
07:47:13,"[313.36, 44]","[310.0, 33]","[323.0, 110]","[393.0, 44]",318.18,231,9.64,-0.33
07:47:14,"[314.53, 68]","[310.0, 51]","[322.42, 93]","[335.54, 134]",318.47,346,7.89,-0.31
07:47:15,"[316.0, 42]","[312.11, 57]","[320.57, 42]","[322.65, 100]",318.29,241,4.57,-0.18
07:47:16,"[316.0, 27]","[314.0, 54]","[319.0, 27]","[322.56, 45]",317.5,153,3.0,0.06
07:47:17,"[316.0, 27]","[314.0, 54]","[318.67, 27]","[323.0, 45]",317.33,153,2.67,0.06
07:47:18,"[315.11, 54]","[312.95, 57]","[318.58, 38]","[323.09, 58]",316.85,207,3.47,0.07
07:47:19,"[314.43, 56]","[312.0, 48]","[324.0, 60]","[328.5, 60]",319.21,224,9.57,-0.07
07:47:20,"[314.0, 66]","[309.62, 37]","[324.0, 55]","[330.0, 55]",319.0,213,10.0,-0.03
07:47:21,"[314.0, 60]","[312.0, 36]","[324.0, 60]","[330.0, 60]",319.0,216,10.0,-0.11
07:47:22,"[314.0, 50]","[312.0, 30]","[324.0, 50]","[330.0, 50]",319.0,180,10.0,-0.11
07:47:23,"[314.0, 59]","[312.0, 45]","[325.16, 69]","[344.01, 70]",319.58,243,11.16,-0.14
07:47:24,"[314.0, 27]","[312.0, 27]","[325.6, 20]","[328.36, 39]",319.8,113,11.6,-0.04
07:47:25,"[314.0, 39]","[312.0, 39]","[323.46, 26]","[325.36, 44]",318.73,148,9.46,0.05
07:47:26,"[314.0, 30]","[312.0, 42]","[323.0, 20]","[324.0, 20]",318.5,112,9.0,0.29
07:47:27,"[314.0, 24]","[312.0, 24]","[323.0, 16]","[324.0, 16]",318.5,80,9.0,0.2
07:47:28,"[312.8, 15]","[311.07, 87]","[322.64, 22]","[324.0, 22]",317.72,146,9.84,0.4
07:47:29,"[311.01, 89]","[310.1, 86]","[320.67, 24]","[324.0, 24]",315.84,223,9.66,0.57
07:47:30,"[311.0, 134]","[310.0, 112]","[319.25, 32]","[324.06, 32]",315.12,310,8.25,0.59
07:47:31,"[311.0, 72]","[310.0, 15]","[318.0, 18]","[325.0, 18]",314.5,123,7.0,0.41
07:47:32,"[311.0, 72]","[310.0, 27]","[317.23, 26]","[320.6, 20]",314.12,145,6.23,0.37
07:47:33,"[310.91, 70]","[309.85, 26]","[315.2, 20]","[317.0, 40]",313.06,156,4.29,0.23
07:47:34,"[310.08, 36]","[308.9, 20]","[313.93, 28]","[317.0, 56]",312.01,140,3.85,-0.2
07:47:35,"[308.92, 13]","[305.2, 30]","[311.62, 32]","[316.35, 46]",310.27,121,2.7,-0.29
07:47:36,"[303.0, 21]","[300.03, 35]","[310.23, 31]","[315.82, 17]",306.61,104,7.23,0.08
07:47:37,"[301.67, 89]","[299.35, 68]","[310.4, 40]","[323.95, 20]",306.04,217,8.73,0.45
07:47:38,"[302.0, 110]","[299.0, 22]","[306.59, 34]","[314.0, 18]",304.29,184,4.59,0.43
07:47:39,"[302.61, 128]","[301.79, 140]","[304.88, 68]","[305.84, 50]",303.75,386,2.27,0.39
07:47:40,"[311.7, 46]","[300.29, 116]","[307.68, 38]","[313.89, 38]",309.69,238,-4.01,0.36
07:47:41,"[319.0, 72]","[309.78, 18]","[320.44, 9]","[356.0, 9]",319.72,108,1.44,0.67
07:47:42,"[319.0, 64]","[317.0, 16]","[320.0, 8]","[356.0, 8]",319.5,96,1.0,0.67
07:47:43,"[319.0, 80]","[317.0, 20]","[320.0, 10]","[429.41, 34]",319.5,144,1.0,0.39
07:47:44,"[319.0, 54]","[314.33, 18]","[320.0, 9]","[495.56, 36]",319.5,117,1.0,0.23
07:47:45,"[319.0, 38]","[313.0, 26]","[320.0, 13]","[424.69, 52]",319.5,129,1.0,-0.01
07:47:46,"[319.0, 12]","[314.33, 27]","[320.0, 12]","[401.33, 48]",319.5,99,1.0,-0.21
07:47:47,"[319.0, 9]","[317.0, 27]","[320.0, 9]","[412.13, 31]",319.5,76,1.0,-0.05
07:47:48,"[318.05, 19]","[316.33, 36]","[320.0, 13]","[492.87, 46]",319.03,114,1.95,-0.04
07:47:49,"[317.0, 21]","[313.0, 14]","[320.0, 7]","[436.29, 28]",318.5,70,3.0,0.0
07:47:50,"[317.0, 48]","[313.0, 32]","[319.68, 19]","[522.95, 55]",318.34,154,2.68,0.04
07:47:51,"[316.23, 26]","[311.73, 22]","[319.0, 16]","[322.0, 8]",317.62,72,2.77,0.33
07:47:52,"[313.0, 20]","[299.46, 13]","[318.17, 12]","[320.67, 9]",315.58,54,5.17,0.22
07:47:53,"[305.22, 18]","[300.3, 10]","[309.85, 13]","[318.38, 16]",307.53,57,4.62,-0.02
07:47:54,"[299.0, 18]","[298.0, 9]","[305.0, 21]","[315.0, 9]",302.0,57,6.0,-0.05
07:47:55,"[299.0, 26]","[298.0, 13]","[319.0, 13]","[322.54, 13]",309.0,65,20.0,0.2
07:47:56,"[313.05, 82]","[298.78, 23]","[319.0, 14]","[321.0, 29]",316.02,148,5.95,0.42
07:47:57,"[315.0, 80]","[299.0, 20]","[318.06, 17]","[320.44, 25]",316.53,142,3.06,0.41
07:47:58,"[315.0, 90]","[298.4, 35]","[317.59, 17]","[319.63, 19]",316.29,161,2.59,0.55
07:47:59,"[315.0, 96]","[308.3, 60]","[318.0, 16]","[319.0, 16]",316.5,188,3.0,0.66
07:48:00,"[315.0, 66]","[313.0, 65]","[317.62, 13]","[320.38, 13]",316.31,157,2.62,0.67
07:48:01,"[313.73, 55]","[312.54, 46]","[316.58, 12]","[321.67, 12]",315.16,125,2.86,0.62
07:48:02,"[313.0, 40]","[312.0, 36]","[315.08, 13]","[321.58, 12]",314.04,101,2.08,0.5
07:48:03,"[313.0, 18]","[312.0, 48]","[314.26, 35]","[320.0, 16]",313.63,117,1.26,0.13
07:48:04,"[311.0, 77]","[309.0, 11]","[313.29, 14]","[314.02, 41]",312.14,143,2.29,0.23
07:48:05,"[311.0, 53]","[309.0, 10]","[314.18, 11]","[316.21, 33]",312.59,107,3.18,0.18
07:48:06,"[318.58, 114]","[310.6, 25]","[322.0, 24]","[325.0, 36]",320.29,199,3.42,0.4
07:48:07,"[319.0, 108]","[311.0, 27]","[322.0, 18]","[325.0, 27]",320.5,180,3.0,0.5
07:48:08,"[319.0, 48]","[312.4, 20]","[322.0, 8]","[325.0, 12]",320.5,88,3.0,0.55
07:48:09,"[319.0, 84]","[313.0, 49]","[322.0, 14]","[325.0, 15]",320.5,162,3.0,0.64
07:48:10,"[319.0, 131]","[313.0, 77]","[322.0, 22]","[325.0, 22]",320.5,252,3.0,0.65
07:48:11,"[319.0, 99]","[313.0, 63]","[322.0, 18]","[325.0, 22]",320.5,202,3.0,0.6
07:48:12,"[319.0, 99]","[313.0, 63]","[321.08, 26]","[322.6, 20]",320.04,208,2.08,0.56
07:48:13,"[319.0, 53]","[317.0, 14]","[321.0, 21]","[322.0, 14]",320.0,102,2.0,0.31
07:48:14,"[319.0, 41]","[317.0, 16]","[320.64, 28]","[321.67, 18]",319.82,103,1.64,0.11
07:48:15,"[317.5, 16]","[313.64, 50]","[320.0, 50]","[321.0, 32]",318.75,148,2.5,-0.11
07:48:16,"[317.0, 18]","[313.0, 63]","[318.62, 24]","[319.21, 39]",317.81,144,1.62,0.12
07:48:17,"[313.27, 60]","[311.74, 38]","[318.57, 44]","[322.88, 34]",315.92,176,5.3,0.11
07:48:18,"[313.0, 112]","[311.0, 48]","[316.21, 62]","[319.24, 58]",314.6,280,3.21,0.14
07:48:19,"[313.0, 70]","[311.0, 30]","[314.0, 50]","[315.0, 20]",313.5,170,1.0,0.18
07:48:20,"[313.0, 38]","[311.0, 27]","[314.33, 30]","[320.87, 23]",313.67,118,1.33,0.1
07:48:21,"[311.31, 39]","[307.6, 30]","[322.0, 34]","[325.17, 36]",316.65,139,10.69,-0.01
07:48:22,"[306.38, 26]","[301.31, 52]","[317.24, 17]","[324.55, 29]",311.81,124,10.85,0.26
07:48:23,"[305.0, 20]","[301.0, 100]","[321.0, 37]","[325.68, 57]",313.0,214,16.0,0.12
07:48:24,"[310.49, 73]","[301.38, 26]","[319.0, 36]","[326.0, 54]",314.75,189,8.51,0.05
07:48:25,"[313.35, 31]","[301.38, 24]","[318.58, 24]","[322.97, 31]",315.97,110,5.23,0.0
07:48:26,"[314.33, 39]","[301.57, 23]","[317.73, 30]","[322.0, 60]",316.03,152,3.4,-0.18
07:48:27,"[302.4, 60]","[298.49, 53]","[317.0, 24]","[322.0, 36]",309.7,173,14.6,0.31
07:48:28,"[301.0, 84]","[298.0, 70]","[314.93, 28]","[317.12, 32]",307.96,214,13.93,0.44
07:48:29,"[301.0, 78]","[298.0, 65]","[310.38, 26]","[311.38, 26]",305.69,195,9.38,0.47
07:48:30,"[301.31, 130]","[298.7, 98]","[307.26, 38]","[308.47, 38]",304.29,304,5.96,0.5
07:48:31,"[302.94, 180]","[299.15, 104]","[304.94, 36]","[306.89, 36]",303.94,356,2.0,0.6
07:48:32,"[303.03, 145]","[298.62, 80]","[305.07, 29]","[307.33, 30]",304.05,284,2.03,0.58
07:48:33,"[303.64, 140]","[297.87, 54]","[307.0, 28]","[313.29, 28]",305.32,250,3.36,0.55
07:48:34,"[305.1, 100]","[303.59, 59]","[311.0, 28]","[316.0, 36]",308.05,223,5.9,0.43
07:48:35,"[307.75, 97]","[305.68, 93]","[314.0, 20]","[317.0, 30]",310.88,240,6.25,0.58
07:48:36,"[310.43, 140]","[308.81, 139]","[315.14, 29]","[317.07, 42]",312.78,350,4.71,0.59
07:48:37,"[311.61, 180]","[309.54, 147]","[314.6, 30]","[317.0, 45]",313.11,402,2.99,0.63
07:48:38,"[313.0, 205]","[311.0, 150]","[314.0, 54]","[317.27, 45]",313.5,454,1.0,0.56
07:48:39,"[313.02, 81]","[311.2, 89]","[317.7, 37]","[320.14, 21]",315.36,228,4.68,0.49
07:48:40,"[314.0, 32]","[313.0, 144]","[318.0, 80]","[319.0, 48]",316.0,304,4.0,0.16
07:48:41,"[313.17, 58]","[311.86, 105]","[318.0, 55]","[319.0, 33]",315.59,251,4.83,0.3
07:48:42,"[313.0, 88]","[311.0, 110]","[318.0, 57]","[323.0, 27]",315.5,282,5.0,0.4
07:48:43,"[313.0, 100]","[311.0, 150]","[318.0, 90]","[333.25, 20]",315.5,360,5.0,0.39
07:48:44,"[311.7, 80]","[310.35, 80]","[318.0, 66]","[324.0, 14]",314.85,240,6.3,0.33
07:48:45,"[311.29, 62]","[310.61, 134]","[317.49, 79]","[318.46, 39]",314.39,314,6.2,0.25
07:48:46,"[311.02, 101]","[310.13, 103]","[314.04, 49]","[317.0, 60]",312.53,313,3.02,0.3
07:48:47,"[311.0, 65]","[310.0, 117]","[312.12, 49]","[318.37, 67]",311.56,298,1.12,0.22
07:48:48,"[311.0, 25]","[310.0, 99]","[318.0, 11]","[323.0, 63]",314.5,198,7.0,0.25
07:48:49,"[311.0, 12]","[310.0, 60]","[318.0, 6]","[323.0, 42]",314.5,120,7.0,0.2
07:48:50,"[311.0, 18]","[310.0, 81]","[313.25, 24]","[317.33, 15]",312.12,138,2.25,0.43
07:48:51,"[311.0, 24]","[310.0, 108]","[317.0, 24]","[319.0, 12]",314.0,168,6.0,0.57
07:48:52,"[311.0, 14]","[310.0, 63]","[317.0, 14]","[318.31, 13]",314.0,104,6.0,0.48
07:48:53,"[311.8, 30]","[310.09, 89]","[317.0, 26]","[318.67, 45]",314.4,190,5.2,0.25
07:48:54,"[311.0, 24]","[310.0, 108]","[314.15, 39]","[318.78, 45]",312.58,216,3.15,0.22
07:48:55,"[310.09, 69]","[309.66, 41]","[317.23, 47]","[323.14, 29]",313.66,186,7.15,0.18
07:48:56,"[310.47, 74]","[309.75, 48]","[320.0, 50]","[328.25, 32]",315.24,204,9.53,0.2
07:48:57,"[312.0, 65]","[310.0, 117]","[319.02, 43]","[322.24, 59]",315.51,284,7.02,0.28
07:48:58,"[312.0, 51]","[311.0, 11]","[318.0, 33]","[322.0, 55]",315.0,150,6.0,-0.17
07:48:59,"[313.36, 56]","[311.0, 14]","[317.47, 43]","[321.78, 68]",315.41,181,4.11,-0.23
07:49:00,"[312.88, 32]","[310.04, 113]","[315.0, 51]","[323.5, 80]",313.94,276,2.12,0.05
