Time,Bid1,Bid2,Ask1,Ask2,Mid-Price,Total_volume,Bid_ask_spread,Order_imbalance
07:30:00,"[0, 0]","[0, 0]","[0, 0]","[0, 0]",0.0,0,0.0,0.0
07:30:01,"[77.0, 4]","[0, 0]","[0, 0]","[0, 0]",38.5,4,-77.0,1.0
07:30:03,"[79.8, 30]","[77.0, 20]","[103.0, 1]","[0, 0]",91.4,51,23.2,0.96
07:30:04,"[81.0, 12]","[40.0, 8]","[103.0, 1]","[0, 0]",92.0,21,22.0,0.9
07:30:05,"[115.0, 1]","[81.0, 6]","[0, 0]","[0, 0]",57.5,7,-115.0,1.0
07:30:06,"[115.0, 3]","[102.33, 18]","[116.0, 4]","[0, 0]",115.5,25,1.0,0.68
07:30:07,"[115.0, 1]","[113.0, 6]","[116.0, 4]","[611.0, 4]",115.5,15,1.0,-0.07
07:30:08,"[115.0, 2]","[113.0, 12]","[224.5, 8]","[333.0, 4]",169.75,26,109.5,0.08
07:30:09,"[117.0, 41]","[115.0, 5]","[490.8, 20]","[0, 0]",303.9,66,373.8,0.39
07:30:10,"[117.0, 16]","[115.0, 2]","[595.5, 8]","[0, 0]",356.25,26,478.5,0.38
07:30:11,"[117.0, 22]","[115.0, 3]","[514.33, 12]","[0, 0]",315.67,37,397.33,0.35
07:30:12,"[117.0, 31]","[115.0, 5]","[336.0, 20]","[562.5, 4]",226.5,60,219.0,0.2
07:30:13,"[117.0, 21]","[115.0, 54]","[620.47, 19]","[761.0, 20]",368.74,114,503.47,0.32
07:30:14,"[117.0, 6]","[115.0, 39]","[711.33, 9]","[761.0, 12]",414.17,66,594.33,0.36
07:30:15,"[117.0, 14]","[115.0, 91]","[127.11, 18]","[189.26, 31]",122.06,154,10.11,0.36
07:30:16,"[117.0, 8]","[115.0, 52]","[121.0, 4]","[122.0, 20]",119.0,84,4.0,0.43
07:30:17,"[117.0, 20]","[115.0, 130]","[119.0, 30]","[120.17, 30]",118.0,210,2.0,0.43
07:30:18,"[115.96, 25]","[114.86, 84]","[118.0, 7]","[119.57, 35]",116.98,151,2.04,0.44
07:30:19,"[115.0, 122]","[113.0, 66]","[116.65, 23]","[118.47, 43]",115.83,254,1.65,0.48
07:30:20,"[114.16, 43]","[112.91, 33]","[116.0, 8]","[121.0, 40]",115.08,124,1.84,0.23
07:30:21,"[115.0, 25]","[113.0, 66]","[120.65, 43]","[123.04, 47]",117.83,181,5.65,0.01
07:30:22,"[113.5, 40]","[112.86, 35]","[120.77, 26]","[122.33, 45]",117.13,146,7.27,0.03
07:30:23,"[113.0, 78]","[112.0, 13]","[118.91, 45]","[122.78, 36]",115.96,172,5.91,0.06
07:30:24,"[113.0, 69]","[112.0, 22]","[117.9, 30]","[119.31, 49]",115.45,170,4.9,0.07
07:30:25,"[113.0, 55]","[112.0, 11]","[115.82, 11]","[118.0, 53]",114.41,130,2.82,0.02
07:30:26,"[113.0, 67]","[112.0, 13]","[117.92, 49]","[118.75, 16]",115.46,145,4.92,0.1
07:30:27,"[113.64, 44]","[112.86, 37]","[118.0, 48]","[119.0, 12]",115.82,141,4.36,0.15
07:30:28,"[115.0, 14]","[113.0, 28]","[118.38, 13]","[119.83, 12]",116.69,67,3.38,0.25
07:30:29,"[113.67, 36]","[112.84, 38]","[116.18, 50]","[117.81, 37]",114.92,161,2.51,-0.08
07:30:30,"[113.0, 52]","[112.0, 13]","[117.3, 27]","[117.89, 18]",115.15,110,4.3,0.18
07:30:31,"[112.89, 9]","[111.73, 11]","[117.0, 27]","[119.78, 9]",114.94,56,4.11,-0.29
07:30:32,"[113.0, 10]","[112.0, 10]","[117.0, 30]","[120.0, 10]",115.0,60,4.0,-0.33
07:30:33,"[113.0, 8]","[112.0, 8]","[117.0, 24]","[120.0, 8]",115.0,48,4.0,-0.33
07:30:34,"[113.0, 9]","[112.0, 9]","[117.0, 27]","[120.0, 9]",115.0,54,4.0,-0.33
07:30:35,"[113.0, 17]","[112.0, 9]","[117.0, 27]","[120.0, 9]",115.0,62,4.0,-0.16
07:30:36,"[113.0, 11]","[112.0, 11]","[117.0, 27]","[120.0, 11]",115.0,60,4.0,-0.27
07:30:37,"[112.73, 11]","[111.47, 17]","[115.34, 29]","[117.19, 16]",114.04,73,2.62,-0.23
07:30:38,"[112.0, 12]","[111.0, 36]","[113.58, 36]","[117.0, 12]",112.79,96,1.58,0.0
07:30:39,"[111.13, 38]","[109.51, 59]","[113.0, 48]","[117.0, 16]",112.07,161,1.87,0.2
07:30:40,"[110.75, 63]","[108.2, 50]","[114.04, 28]","[116.88, 16]",112.39,157,3.29,0.44
07:30:41,"[112.62, 78]","[110.77, 13]","[115.0, 52]","[117.0, 13]",113.81,156,2.38,0.17
07:30:42,"[112.73, 22]","[109.18, 49]","[116.56, 18]","[117.93, 15]",114.64,104,3.83,0.37
07:30:43,"[114.0, 26]","[112.0, 13]","[117.0, 13]","[118.0, 13]",115.5,65,3.0,0.2
07:30:44,"[112.92, 13]","[109.98, 86]","[117.0, 10]","[118.0, 10]",114.96,119,4.08,0.66
07:30:45,"[109.5, 12]","[102.57, 98]","[116.5, 16]","[117.67, 12]",113.0,138,7.0,0.59
07:30:46,"[109.0, 13]","[102.0, 117]","[115.77, 26]","[117.0, 16]",112.38,172,6.77,0.51
07:30:47,"[110.11, 27]","[102.06, 109]","[114.38, 26]","[115.92, 37]",112.25,199,4.27,0.37
07:30:48,"[111.14, 87]","[110.85, 65]","[114.0, 18]","[115.0, 9]",112.57,179,2.86,0.7
07:30:49,"[110.61, 28]","[102.92, 77]","[112.89, 38]","[114.35, 57]",111.75,200,2.29,0.05
07:30:50,"[110.8, 49]","[109.95, 43]","[198.0, 41]","[239.96, 51]",154.4,184,87.2,0.0
07:30:51,"[112.0, 75]","[111.0, 15]","[114.0, 60]","[224.4, 63]",113.0,213,2.0,-0.15
07:30:52,"[112.03, 36]","[110.92, 12]","[114.0, 32]","[295.62, 40]",113.01,120,1.97,-0.2
07:30:53,"[112.0, 55]","[109.0, 11]","[113.67, 21]","[229.77, 52]",112.83,139,1.67,-0.05
07:30:54,"[112.0, 40]","[109.93, 43]","[113.0, 16]","[195.0, 40]",112.5,139,1.0,0.19
07:30:55,"[110.92, 37]","[109.95, 59]","[244.06, 47]","[336.9, 50]",177.49,193,133.14,-0.01
07:30:56,"[111.0, 21]","[109.83, 12]","[181.86, 29]","[454.86, 35]",146.43,97,70.86,-0.32
07:30:57,"[111.83, 36]","[110.1, 21]","[116.0, 44]","[209.27, 55]",113.92,156,4.17,-0.27
07:30:58,"[113.27, 11]","[112.0, 9]","[116.0, 35]","[212.0, 45]",114.64,100,2.73,-0.6
07:30:59,"[114.92, 12]","[112.0, 12]","[116.0, 36]","[317.83, 60]",115.46,120,1.08,-0.6
07:31:00,"[115.0, 28]","[112.0, 8]","[116.0, 28]","[422.0, 40]",115.5,104,1.0,-0.31
07:31:01,"[115.0, 15]","[112.0, 5]","[116.0, 16]","[279.4, 25]",115.5,61,1.0,-0.34
07:31:02,"[115.0, 30]","[112.0, 12]","[116.0, 60]","[216.61, 46]",115.5,148,1.0,-0.43
07:31:03,"[112.0, 8]","[109.0, 64]","[116.0, 40]","[240.0, 24]",114.0,136,4.0,0.06
07:31:04,"[114.75, 59]","[109.42, 45]","[116.0, 55]","[240.0, 33]",115.37,192,1.25,0.08
07:31:05,"[115.0, 90]","[113.0, 10]","[116.0, 50]","[249.53, 32]",115.5,182,1.0,0.1
07:31:06,"[115.0, 72]","[113.0, 8]","[116.0, 35]","[278.92, 36]",115.5,151,1.0,0.06
07:31:07,"[115.0, 86]","[113.0, 10]","[116.0, 40]","[223.08, 48]",115.5,184,1.0,0.04
07:31:08,"[115.0, 56]","[113.0, 8]","[116.0, 32]","[290.43, 28]",115.5,124,1.0,0.03
07:31:09,"[115.0, 55]","[113.0, 7]","[116.0, 28]","[259.48, 23]",115.5,113,1.0,0.1
07:31:10,"[114.79, 39]","[109.44, 45]","[116.0, 36]","[160.11, 45]",115.4,165,1.21,0.02
07:31:11,"[113.0, 12]","[109.12, 73]","[115.8, 15]","[166.0, 31]",114.4,131,2.8,0.3
07:31:12,"[113.0, 10]","[112.0, 30]","[115.0, 10]","[117.0, 40]",114.0,90,2.0,-0.11
07:31:13,"[113.0, 5]","[112.0, 15]","[115.0, 5]","[117.0, 35]",114.0,60,2.0,-0.33
07:31:14,"[113.0, 13]","[112.0, 39]","[114.53, 19]","[116.92, 73]",113.76,144,1.53,-0.28
07:31:15,"[109.62, 101]","[108.68, 124]","[113.83, 47]","[116.33, 92]",111.73,364,4.21,0.24
07:31:16,"[109.0, 40]","[108.0, 25]","[114.0, 15]","[116.0, 35]",111.5,115,5.0,0.13
07:31:17,"[111.0, 79]","[109.0, 104]","[112.85, 40]","[115.18, 60]",111.92,283,1.85,0.29
07:31:18,"[111.0, 34]","[109.0, 60]","[113.11, 38]","[115.29, 62]",112.05,194,2.11,-0.03
07:31:19,"[111.0, 10]","[109.0, 60]","[115.0, 70]","[118.0, 30]",113.0,170,4.0,-0.18
07:31:20,"[109.42, 19]","[108.44, 54]","[115.0, 27]","[143.67, 27]",112.21,127,5.58,0.15
07:31:21,"[109.0, 30]","[108.0, 60]","[114.02, 42]","[127.27, 22]",111.51,154,5.02,0.17
07:31:22,"[109.38, 39]","[108.24, 63]","[113.09, 53]","[114.6, 15]",111.24,170,3.71,0.2
07:31:23,"[110.96, 137]","[109.88, 48]","[113.0, 64]","[114.0, 16]",111.98,265,2.04,0.4
07:31:24,"[111.1, 93]","[109.95, 57]","[112.97, 36]","[114.0, 15]",112.03,201,1.88,0.49
07:31:25,"[111.22, 63]","[110.27, 66]","[113.93, 29]","[261.9, 39]",112.58,197,2.71,0.31
07:31:26,"[112.71, 28]","[111.25, 32]","[206.4, 20]","[380.16, 31]",159.56,111,93.69,0.08
07:31:27,"[113.0, 35]","[112.0, 14]","[345.0, 19]","[486.57, 35]",229.0,103,232.0,-0.05
07:31:28,"[113.0, 35]","[112.0, 14]","[264.55, 11]","[534.35, 31]",188.77,91,151.55,0.08
07:31:29,"[113.0, 54]","[112.0, 24]","[199.67, 60]","[395.9, 40]",156.33,178,86.67,-0.12
07:31:30,"[113.19, 31]","[112.06, 32]","[308.96, 71]","[394.2, 64]",211.08,198,195.76,-0.36
07:31:31,"[116.85, 13]","[111.86, 42]","[288.76, 58]","[419.05, 59]",202.8,172,171.91,-0.36
07:31:32,"[112.0, 8]","[111.0, 48]","[273.65, 34]","[474.21, 38]",192.82,128,161.65,-0.12
07:31:33,"[112.0, 5]","[111.0, 30]","[324.0, 20]","[356.0, 25]",218.0,80,212.0,-0.12
07:31:34,"[112.75, 28]","[111.14, 49]","[324.0, 56]","[389.64, 70]",218.38,203,211.25,-0.24
07:31:35,"[113.94, 51]","[112.88, 41]","[156.33, 43]","[315.9, 42]",135.13,177,42.38,0.04
07:31:36,"[111.81, 81]","[110.19, 53]","[116.79, 38]","[235.66, 47]",114.3,219,4.97,0.22
07:31:37,"[111.0, 51]","[110.0, 66]","[112.0, 11]","[113.0, 22]",111.5,150,1.0,0.56
07:31:38,"[111.0, 33]","[110.0, 66]","[112.0, 11]","[113.73, 22]",111.5,132,1.0,0.5
07:31:39,"[110.15, 20]","[109.2, 30]","[111.22, 9]","[113.56, 18]",110.69,77,1.07,0.3
07:31:40,"[109.0, 30]","[106.0, 10]","[113.0, 23]","[394.34, 41]",111.0,104,4.0,-0.23
07:31:41,"[109.0, 24]","[106.0, 8]","[112.87, 31]","[116.75, 16]",110.94,79,3.87,-0.19
07:31:42,"[109.0, 33]","[107.05, 19]","[110.88, 25]","[112.45, 22]",109.94,99,1.88,0.05
07:31:43,"[108.17, 54]","[107.25, 24]","[110.67, 27]","[113.5, 24]",109.42,129,2.5,0.21
07:31:44,"[105.11, 27]","[82.17, 138]","[111.0, 20]","[115.9, 20]",108.06,205,5.89,0.61
07:31:45,"[105.0, 16]","[76.61, 59]","[109.88, 16]","[117.5, 16]",107.44,107,4.88,0.4
07:31:46,"[84.8, 100]","[74.59, 68]","[107.55, 22]","[213.43, 40]",96.17,230,22.75,0.46
07:31:47,"[49.2, 110]","[73.0, 24]","[255.61, 18]","[386.29, 35]",152.41,187,206.41,0.43
07:31:48,"[41.0, 54]","[40.0, 3]","[102.0, 3]","[411.0, 15]",71.5,75,61.0,0.52
07:31:49,"[80.89, 44]","[85.23, 78]","[505.89, 45]","[680.89, 45]",293.39,212,425.0,0.15
07:31:50,"[110.53, 17]","[106.18, 44]","[488.43, 35]","[729.86, 35]",299.48,131,377.9,-0.07
07:31:51,"[111.64, 22]","[106.5, 16]","[282.0, 15]","[525.0, 15]",196.82,68,170.36,0.12
07:31:52,"[112.07, 116]","[111.5, 48]","[154.0, 40]","[271.95, 38]",133.03,242,41.93,0.36
07:31:53,"[113.0, 12]","[112.0, 54]","[159.33, 15]","[194.33, 15]",136.17,96,46.33,0.38
07:31:54,"[114.53, 112]","[112.73, 66]","[116.0, 65]","[188.69, 65]",115.26,308,1.47,0.16
07:31:55,"[115.0, 54]","[113.0, 24]","[201.0, 30]","[418.33, 30]",158.0,138,86.0,0.13
07:31:56,"[115.06, 35]","[113.18, 22]","[192.67, 30]","[212.67, 30]",153.86,117,77.61,-0.03
07:31:57,"[117.0, 10]","[115.0, 29]","[213.2, 50]","[299.8, 50]",165.1,139,96.2,-0.44
07:31:58,"[115.95, 19]","[114.15, 47]","[142.48, 54]","[228.98, 42]",129.21,162,26.53,-0.19
07:31:59,"[113.44, 9]","[111.44, 18]","[130.18, 28]","[417.5, 20]",121.81,75,16.73,-0.28
07:32:00,"[113.0, 11]","[111.0, 22]","[186.84, 19]","[419.44, 39]",149.92,91,73.84,-0.27
07:32:01,"[113.0, 6]","[111.0, 12]","[186.0, 18]","[187.0, 6]",149.5,42,73.0,-0.14
07:32:02,"[113.0, 12]","[111.6, 15]","[183.38, 24]","[185.19, 32]",148.19,83,70.38,-0.35
07:32:03,"[114.2, 10]","[112.2, 10]","[170.3, 27]","[177.47, 34]",142.25,81,56.1,-0.51
07:32:04,"[119.0, 9]","[113.0, 9]","[169.43, 21]","[175.38, 16]",144.21,55,50.43,-0.35
07:32:05,"[119.0, 14]","[113.89, 18]","[167.41, 37]","[168.83, 36]",143.2,105,48.41,-0.39
07:32:06,"[119.0, 17]","[115.0, 34]","[152.45, 56]","[165.38, 45]",135.72,152,33.45,-0.33
07:32:07,"[119.0, 15]","[115.0, 30]","[128.25, 40]","[129.56, 45]",123.62,130,9.25,-0.31
07:32:08,"[119.0, 7]","[115.0, 14]","[126.57, 23]","[127.58, 19]",122.78,63,7.57,-0.33
07:32:09,"[118.33, 24]","[116.28, 61]","[121.47, 80]","[122.58, 69]",119.9,234,3.14,-0.27
07:32:10,"[114.36, 45]","[111.83, 30]","[117.05, 57]","[118.24, 58]",115.7,190,2.7,-0.21
07:32:11,"[112.0, 55]","[110.0, 55]","[114.67, 52]","[116.33, 33]",113.34,195,2.67,0.13
07:32:12,"[112.0, 57]","[110.0, 60]","[113.0, 60]","[114.0, 24]",112.5,201,1.0,0.16
07:32:13,"[109.42, 24]","[108.04, 23]","[112.11, 45]","[189.0, 45]",110.76,137,2.69,-0.31
07:32:14,"[106.56, 16]","[93.15, 13]","[110.91, 55]","[189.0, 55]",108.74,139,4.35,-0.58
07:32:15,"[35.32, 19]","[13.1, 20]","[109.0, 25]","[230.33, 45]",72.16,109,73.68,-0.28
07:32:16,"[23.0, 6]","[12.0, 9]","[105.0, 3]","[109.0, 15]",64.0,33,82.0,-0.09
07:32:17,"[95.5, 48]","[19.04, 28]","[300.08, 48]","[301.54, 24]",197.79,148,204.58,0.03
07:32:18,"[110.13, 63]","[64.0, 26]","[322.5, 10]","[481.6, 10]",216.31,109,212.37,0.63
07:32:19,"[111.0, 24]","[110.0, 30]","[360.5, 6]","[503.0, 6]",235.75,66,249.5,0.64
07:32:20,"[110.28, 61]","[109.53, 68]","[458.5, 10]","[577.0, 10]",284.39,149,348.22,0.73
07:32:21,"[110.77, 47]","[109.94, 140]","[320.44, 25]","[474.35, 49]",215.6,261,209.67,0.43
07:32:22,"[111.0, 19]","[110.0, 99]","[308.56, 9]","[475.65, 17]",209.78,144,197.56,0.64
07:32:23,"[110.28, 50]","[109.18, 97]","[253.13, 31]","[287.0, 13]",181.7,191,142.85,0.54
07:32:24,"[110.0, 81]","[106.0, 45]","[177.11, 27]","[179.0, 9]",143.56,162,67.11,0.56
07:32:25,"[107.6, 50]","[94.1, 40]","[165.62, 16]","[177.25, 24]",136.61,130,58.03,0.38
07:32:26,"[108.65, 17]","[104.89, 19]","[175.88, 24]","[176.55, 22]",142.26,82,67.23,-0.12
07:32:27,"[112.0, 11]","[111.0, 11]","[173.06, 31]","[174.5, 24]",142.53,77,61.06,-0.43
07:32:28,"[112.55, 11]","[111.0, 11]","[154.8, 30]","[157.35, 37]",133.67,89,42.25,-0.51
07:32:29,"[113.0, 11]","[111.0, 11]","[150.36, 25]","[151.27, 33]",131.68,80,37.36,-0.45
07:32:30,"[118.78, 83]","[112.54, 13]","[147.53, 30]","[148.63, 35]",133.16,161,28.75,0.19
07:32:31,"[119.0, 88]","[113.0, 11]","[142.93, 28]","[144.07, 27]",130.96,154,23.93,0.29
07:32:32,"[119.0, 112]","[113.0, 18]","[136.48, 31]","[137.72, 40]",127.74,201,17.48,0.29
07:32:33,"[119.0, 64]","[113.0, 16]","[134.38, 16]","[137.0, 24]",126.69,120,15.38,0.33
07:32:34,"[119.0, 72]","[114.58, 38]","[131.11, 27]","[133.0, 18]",125.06,155,12.11,0.42
07:32:35,"[119.0, 144]","[113.39, 71]","[128.54, 46]","[129.45, 44]",123.77,305,9.54,0.41
07:32:36,"[119.0, 144]","[115.0, 72]","[124.13, 45]","[124.89, 45]",121.57,306,5.13,0.41
07:32:37,"[119.0, 42]","[115.0, 48]","[120.0, 24]","[285.05, 42]",119.5,156,1.0,0.15
07:32:38,"[115.34, 35]","[113.86, 14]","[386.69, 49]","[552.09, 47]",251.02,145,271.35,-0.32
07:32:39,"[117.0, 9]","[115.0, 9]","[331.37, 19]","[394.23, 35]",224.18,72,214.37,-0.5
07:32:40,"[116.38, 13]","[114.38, 13]","[320.73, 40]","[351.39, 41]",218.55,107,204.34,-0.51
07:32:41,"[117.81, 27]","[111.7, 10]","[174.0, 10]","[176.0, 50]",145.91,97,56.19,-0.24
07:32:42,"[119.0, 40]","[112.9, 10]","[174.0, 10]","[185.4, 50]",146.5,110,55.0,-0.09
07:32:43,"[119.0, 28]","[115.0, 7]","[173.43, 7]","[270.0, 35]",146.21,77,54.43,-0.09
07:32:44,"[119.0, 28]","[115.0, 55]","[261.89, 27]","[375.78, 27]",190.44,137,142.89,0.21
07:32:45,"[119.0, 30]","[115.0, 92]","[268.0, 50]","[508.0, 30]",193.5,202,149.0,0.21
07:32:46,"[119.0, 18]","[115.0, 54]","[268.0, 30]","[508.0, 18]",193.5,120,149.0,0.2
07:32:47,"[119.0, 42]","[115.0, 119]","[242.14, 70]","[422.07, 54]",180.57,285,123.14,0.13
07:32:48,"[115.18, 67]","[113.59, 17]","[155.67, 27]","[231.0, 45]",135.42,156,40.49,0.08
07:32:49,"[115.0, 80]","[112.0, 10]","[169.8, 50]","[170.84, 32]",142.4,172,54.8,0.05
07:32:50,"[115.0, 51]","[112.0, 7]","[168.71, 35]","[174.86, 21]",141.86,114,53.71,0.02
07:32:51,"[115.0, 70]","[112.0, 10]","[144.33, 43]","[165.1, 48]",129.66,171,29.33,-0.06
07:32:52,"[115.0, 91]","[112.0, 13]","[131.0, 65]","[165.75, 64]",123.0,233,16.0,-0.11
07:32:53,"[115.0, 77]","[111.01, 141]","[128.91, 55]","[150.27, 55]",121.95,328,13.91,0.33
07:32:54,"[115.0, 77]","[111.0, 187]","[128.0, 55]","[129.0, 55]",121.5,374,13.0,0.41
07:32:55,"[115.0, 27]","[111.0, 102]","[127.67, 30]","[129.0, 30]",121.33,189,12.67,0.37
07:32:56,"[115.0, 26]","[111.0, 221]","[125.62, 65]","[128.0, 65]",120.31,377,10.62,0.31
07:32:57,"[113.93, 27]","[111.14, 119]","[117.27, 37]","[120.21, 53]",115.6,236,3.34,0.24
07:32:58,"[112.1, 188]","[111.14, 114]","[120.24, 54]","[165.96, 68]",116.17,424,8.14,0.42
07:32:59,"[112.0, 169]","[111.0, 91]","[121.85, 65]","[122.52, 21]",116.92,346,9.85,0.5
07:33:00,"[112.21, 145]","[111.3, 130]","[117.83, 60]","[118.9, 58]",115.02,393,5.63,0.4
07:33:01,"[111.57, 56]","[110.69, 102]","[113.09, 22]","[115.8, 86]",112.33,266,1.52,0.19
07:33:02,"[111.47, 34]","[110.31, 58]","[115.48, 77]","[118.04, 69]",113.48,238,4.01,-0.23
07:33:03,"[112.0, 22]","[111.0, 22]","[113.42, 43]","[114.67, 45]",112.71,132,1.42,-0.33
07:33:04,"[109.57, 35]","[108.5, 50]","[112.5, 18]","[131.9, 50]",111.04,153,2.93,0.11
07:33:05,"[109.0, 55]","[108.0, 55]","[206.8, 45]","[325.31, 45]",157.9,200,97.8,0.1
07:33:06,"[109.0, 30]","[108.0, 30]","[240.17, 29]","[497.0, 24]",174.59,113,131.17,0.06
07:33:07,"[110.95, 39]","[104.64, 53]","[136.16, 37]","[217.25, 36]",123.56,165,25.21,0.12
07:33:08,"[118.39, 33]","[113.68, 38]","[126.21, 38]","[129.0, 38]",122.3,147,7.82,-0.03
07:33:09,"[115.0, 17]","[110.0, 34]","[125.88, 34]","[128.65, 34]",120.44,119,10.88,-0.14
07:33:10,"[115.0, 13]","[110.0, 26]","[124.0, 26]","[125.15, 26]",119.5,91,9.0,-0.14
07:33:11,"[115.0, 10]","[110.33, 15]","[122.74, 19]","[124.63, 19]",118.87,63,7.74,-0.21
07:33:12,"[109.95, 19]","[92.88, 17]","[119.45, 22]","[120.75, 16]",114.7,74,9.51,-0.03
07:33:13,"[77.57, 14]","[45.5, 24]","[115.4, 20]","[117.19, 21]",96.49,79,37.83,-0.04
07:33:14,"[89.93, 14]","[55.79, 14]","[104.36, 28]","[110.27, 22]",97.14,78,14.43,-0.28
07:33:15,"[83.2, 15]","[60.54, 37]","[99.0, 53]","[102.0, 22]",91.1,127,15.8,-0.18
07:33:16,"[79.0, 21]","[28.86, 28]","[99.0, 23]","[100.0, 14]",89.0,86,20.0,0.14
07:33:17,"[79.0, 18]","[6.0, 24]","[201.93, 28]","[300.3, 20]",140.46,90,122.93,-0.07
07:33:18,"[106.17, 70]","[64.47, 30]","[213.0, 45]","[440.65, 31]",159.59,176,106.83,0.14
07:33:19,"[112.09, 57]","[71.57, 30]","[213.0, 45]","[469.44, 36]",162.54,168,100.91,0.04
07:33:20,"[116.0, 66]","[112.0, 46]","[238.04, 46]","[502.22, 45]",177.02,203,122.04,0.1
07:33:21,"[116.0, 48]","[114.47, 34]","[230.0, 32]","[414.25, 40]",173.0,154,114.0,0.06
07:33:22,"[116.0, 61]","[115.0, 52]","[233.5, 44]","[344.52, 31]",174.75,188,117.5,0.2
07:33:23,"[114.45, 31]","[112.19, 54]","[353.75, 32]","[497.21, 42]",234.1,159,239.3,0.07
07:33:24,"[114.86, 58]","[112.16, 50]","[183.78, 27]","[261.97, 29]",149.32,164,68.92,0.32
07:33:25,"[115.0, 72]","[112.0, 48]","[182.0, 24]","[305.0, 24]",148.5,168,67.0,0.43
07:33:26,"[115.0, 99]","[112.0, 66]","[176.32, 31]","[315.77, 39]",145.66,235,61.32,0.4
07:33:27,"[115.0, 99]","[112.75, 48]","[160.11, 28]","[163.5, 24]",137.55,199,45.11,0.48
07:33:28,"[115.0, 58]","[112.76, 21]","[134.47, 15]","[157.2, 15]",124.73,109,19.47,0.45
07:33:29,"[115.0, 33]","[112.0, 47]","[154.88, 17]","[157.67, 27]",134.94,124,39.88,0.29
07:33:30,"[116.97, 190]","[114.61, 38]","[151.36, 22]","[153.0, 26]",134.17,276,34.4,0.65
07:33:31,"[117.0, 170]","[115.0, 30]","[148.5, 28]","[149.5, 12]",132.75,240,31.5,0.67
07:33:32,"[117.0, 136]","[115.0, 24]","[145.0, 15]","[147.06, 18]",131.0,193,28.0,0.66
07:33:33,"[118.0, 34]","[116.96, 156]","[143.5, 16]","[145.92, 26]",130.75,232,25.5,0.64
07:33:34,"[119.0, 8]","[117.0, 136]","[144.0, 8]","[146.0, 24]",131.5,176,25.0,0.64
07:33:35,"[117.07, 116]","[116.48, 92]","[142.6, 20]","[145.57, 28]",129.83,256,25.53,0.62
07:33:36,"[117.0, 121]","[115.0, 33]","[131.86, 21]","[140.44, 27]",124.43,202,14.86,0.52
07:33:37,"[117.0, 77]","[115.0, 21]","[124.84, 19]","[132.0, 24]",120.92,141,7.84,0.39
07:33:38,"[117.0, 121]","[115.0, 33]","[122.27, 15]","[123.02, 51]",119.63,220,5.27,0.4
07:33:39,"[117.0, 143]","[115.0, 39]","[120.15, 41]","[122.62, 37]",118.57,260,3.15,0.4
07:33:40,"[117.0, 113]","[115.0, 36]","[118.05, 58]","[119.13, 38]",117.53,245,1.05,0.22
07:33:41,"[116.82, 66]","[115.72, 58]","[118.12, 51]","[179.57, 35]",117.47,210,1.3,0.18
07:33:42,"[116.0, 42]","[115.0, 65]","[118.5, 24]","[288.6, 25]",117.25,156,2.5,0.37
07:33:43,"[116.0, 31]","[115.0, 120]","[117.78, 46]","[294.88, 40]",116.89,237,1.78,0.27
07:33:44,"[115.29, 28]","[114.82, 88]","[137.43, 28]","[303.09, 22]",126.36,166,22.14,0.4
07:33:45,"[115.0, 80]","[113.0, 32]","[258.9, 20]","[436.57, 23]",186.95,155,143.9,0.45
07:33:46,"[115.0, 50]","[113.0, 40]","[232.92, 26]","[230.89, 36]",173.96,152,117.92,0.18
07:33:47,"[115.0, 25]","[112.17, 24]","[221.0, 10]","[258.0, 20]",168.0,79,106.0,0.24
07:33:48,"[115.0, 45]","[112.55, 33]","[220.0, 18]","[258.0, 36]",167.5,132,105.0,0.18
07:33:49,"[115.0, 50]","[113.0, 30]","[218.8, 20]","[258.0, 40]",166.9,140,103.8,0.14
07:33:50,"[115.0, 45]","[113.0, 27]","[197.89, 18]","[220.28, 25]",156.44,115,82.89,0.25
07:33:51,"[116.0, 24]","[115.0, 60]","[186.0, 34]","[196.05, 38]",151.0,156,70.0,0.08
07:33:52,"[114.44, 25]","[112.32, 169]","[184.82, 22]","[186.0, 44]",149.63,260,70.38,0.49
07:33:53,"[113.0, 10]","[112.0, 261]","[170.48, 29]","[178.8, 15]",141.74,315,57.48,0.72
07:33:54,"[113.0, 16]","[112.0, 464]","[168.95, 55]","[171.94, 31]",140.97,566,55.95,0.7
07:33:55,"[112.05, 132]","[111.95, 213]","[164.71, 51]","[165.43, 21]",138.38,417,52.65,0.65
07:33:56,"[112.15, 103]","[111.9, 83]","[142.53, 15]","[157.33, 18]",127.34,219,30.39,0.7
07:33:57,"[117.0, 18]","[112.0, 450]","[129.57, 46]","[136.96, 51]",123.28,565,12.57,0.66
07:33:58,"[117.0, 11]","[112.0, 275]","[125.22, 27]","[126.26, 43]",121.11,356,8.22,0.61
07:33:59,"[117.0, 10]","[112.0, 250]","[121.57, 28]","[125.0, 32]",119.29,320,4.57,0.62
07:34:00,"[112.61, 114]","[111.98, 358]","[118.73, 77]","[120.37, 49]",115.67,598,6.11,0.58
07:34:01,"[112.0, 325]","[111.0, 26]","[114.76, 21]","[116.28, 29]",113.38,401,2.76,0.75
07:34:02,"[112.0, 253]","[111.0, 26]","[113.16, 49]","[126.0, 39]",112.58,367,1.16,0.52
07:34:03,"[112.0, 99]","[111.0, 20]","[169.53, 32]","[492.31, 39]",140.77,190,57.53,0.25
07:34:04,"[112.14, 28]","[111.84, 38]","[180.0, 21]","[541.0, 28]",146.07,115,67.86,0.15
07:34:05,"[112.62, 58]","[111.76, 42]","[202.89, 27]","[518.11, 36]",157.75,163,90.27,0.23
07:34:06,"[119.0, 21]","[112.0, 56]","[302.96, 27]","[382.13, 23]",210.98,127,183.96,0.21
07:34:07,"[119.0, 17]","[112.0, 64]","[271.53, 30]","[358.27, 26]",195.27,137,152.53,0.18
07:34:08,"[113.47, 38]","[111.76, 42]","[349.42, 33]","[461.5, 30]",231.45,143,235.95,0.12
07:34:09,"[112.0, 27]","[110.41, 37]","[305.73, 22]","[333.68, 19]",208.86,105,193.73,0.22
07:34:10,"[111.63, 19]","[110.07, 166]","[323.36, 44]","[365.74, 34]",217.5,263,211.73,0.41
07:34:11,"[111.0, 9]","[110.0, 198]","[258.0, 36]","[402.0, 36]",184.5,279,147.0,0.48
07:34:12,"[114.79, 19]","[110.27, 30]","[128.78, 36]","[129.89, 36]",121.78,121,13.99,-0.19
07:34:13,"[115.0, 24]","[111.0, 8]","[127.2, 25]","[153.52, 29]",121.1,86,12.2,-0.26
07:34:14,"[115.0, 30]","[112.5, 16]","[123.32, 19]","[124.0, 20]",119.16,85,8.32,0.08
07:34:15,"[115.0, 33]","[113.0, 22]","[119.09, 22]","[121.0, 11]",117.05,88,4.09,0.25
07:34:16,"[115.0, 41]","[113.56, 45]","[117.29, 34]","[118.37, 27]",116.15,147,2.29,0.17
07:34:17,"[114.11, 9]","[112.43, 14]","[117.0, 36]","[118.0, 9]",115.56,68,2.89,-0.32
07:34:18,"[113.0, 8]","[111.0, 8]","[116.93, 30]","[117.64, 11]",114.97,57,3.93,-0.44
07:34:19,"[112.08, 13]","[110.05, 139]","[114.39, 23]","[116.32, 31]",113.23,206,2.31,0.48
07:34:20,"[111.0, 11]","[110.0, 242]","[112.78, 23]","[113.88, 24]",111.89,300,1.78,0.69
07:34:21,"[110.44, 34]","[109.98, 139]","[134.12, 16]","[299.27, 22]",122.28,211,23.68,0.64
07:34:22,"[112.0, 20]","[111.0, 16]","[224.62, 16]","[371.42, 19]",168.31,71,112.62,0.01
07:34:23,"[112.0, 20]","[111.0, 21]","[308.46, 28]","[322.86, 29]",210.23,98,196.46,-0.16
07:34:24,"[115.0, 14]","[112.0, 50]","[255.79, 38]","[282.53, 49]",185.39,151,140.79,-0.15
07:34:25,"[111.07, 28]","[111.7, 20]","[137.43, 14]","[147.43, 14]",124.25,76,26.36,0.26
07:34:26,"[110.23, 124]","[109.56, 78]","[120.47, 17]","[121.57, 14]",115.35,233,10.24,0.73
07:34:27,"[112.0, 99]","[110.0, 308]","[117.81, 47]","[118.3, 46]",114.9,500,5.81,0.63
07:34:28,"[112.0, 56]","[110.0, 198]","[113.32, 37]","[114.57, 35]",112.66,326,1.32,0.56
07:34:29,"[109.97, 202]","[107.63, 116]","[112.54, 39]","[114.12, 32]",111.25,389,2.57,0.63
07:34:30,"[109.03, 130]","[78.34, 67]","[111.1, 41]","[171.28, 43]",110.06,281,2.07,0.4
07:34:31,"[110.0, 36]","[109.0, 72]","[111.0, 27]","[143.0, 36]",110.5,171,1.0,0.26
07:34:32,"[110.6, 40]","[108.9, 62]","[243.64, 22]","[455.24, 21]",177.12,145,133.04,0.41
07:34:33,"[109.14, 50]","[108.36, 22]","[279.0, 16]","[421.62, 8]",194.07,96,169.86,0.5
07:34:34,"[110.03, 33]","[108.62, 16]","[161.15, 13]","[196.06, 17]",135.59,79,51.12,0.24
07:34:35,"[117.0, 12]","[110.6, 35]","[189.57, 14]","[294.71, 7]",153.29,68,72.57,0.38
07:34:36,"[114.5, 16]","[111.4, 35]","[231.0, 15]","[377.0, 5]",172.75,71,116.5,0.44
07:34:37,"[113.0, 20]","[109.0, 28]","[377.0, 4]","[382.0, 12]",245.0,64,264.0,0.5
07:34:38,"[113.0, 20]","[109.0, 28]","[377.0, 4]","[382.0, 12]",245.0,64,264.0,0.5
07:34:39,"[113.0, 50]","[109.0, 70]","[230.75, 16]","[379.97, 32]",171.88,168,117.75,0.43
07:34:40,"[113.0, 19]","[109.0, 77]","[240.0, 36]","[297.23, 40]",176.5,172,127.0,0.12
07:34:41,"[109.0, 55]","[108.0, 22]","[251.67, 27]","[311.07, 27]",180.33,131,142.67,0.18
07:34:42,"[109.56, 43]","[108.58, 24]","[155.0, 36]","[426.09, 33]",132.28,136,45.44,-0.01
07:34:43,"[111.36, 33]","[109.0, 22]","[151.09, 23]","[180.06, 36]",131.23,114,39.72,-0.04
07:34:44,"[112.17, 96]","[111.23, 61]","[136.57, 14]","[153.96, 46]",124.37,217,24.4,0.45
07:34:45,"[113.6, 30]","[112.27, 44]","[132.92, 39]","[191.39, 23]",123.26,136,19.32,0.09
07:34:46,"[112.0, 44]","[109.48, 42]","[130.55, 33]","[161.65, 23]",121.27,142,18.55,0.21
07:34:47,"[112.0, 56]","[110.0, 86]","[127.29, 42]","[131.0, 42]",119.64,226,15.29,0.26
07:34:48,"[115.55, 29]","[111.51, 49]","[125.0, 30]","[128.0, 30]",120.28,138,9.45,0.13
07:34:49,"[119.0, 21]","[117.0, 22]","[123.0, 33]","[124.0, 33]",121.0,109,4.0,-0.21
07:34:50,"[118.38, 13]","[115.46, 26]","[121.91, 33]","[153.34, 35]",120.15,107,3.52,-0.27
07:34:51,"[115.73, 11]","[112.38, 32]","[119.69, 26]","[212.9, 29]",117.71,98,3.97,-0.12
07:34:52,"[113.09, 22]","[111.73, 44]","[116.42, 36]","[178.57, 28]",114.75,130,3.33,0.02
07:34:53,"[112.67, 24]","[111.72, 43]","[114.21, 14]","[123.51, 35]",113.44,116,1.55,0.16
07:34:54,"[112.4, 30]","[111.77, 52]","[333.16, 25]","[414.64, 22]",222.78,129,220.76,0.27
07:34:55,"[114.0, 13]","[112.0, 65]","[339.0, 26]","[442.77, 26]",226.5,130,225.0,0.2
07:34:56,"[112.0, 22]","[111.0, 33]","[156.64, 22]","[224.73, 22]",134.32,99,44.64,0.11
07:34:57,"[112.0, 20]","[111.0, 30]","[168.34, 32]","[417.25, 32]",140.17,114,56.34,-0.12
07:34:58,"[112.0, 28]","[111.0, 42]","[163.29, 52]","[164.78, 46]",137.64,168,51.29,-0.17
07:34:59,"[112.67, 18]","[111.73, 33]","[121.67, 63]","[154.7, 60]",117.17,174,9.0,-0.41
07:35:00,"[111.88, 26]","[111.21, 38]","[114.29, 72]","[117.15, 33]",113.09,169,2.41,-0.24
07:35:01,"[109.21, 96]","[100.58, 48]","[111.64, 84]","[148.18, 66]",110.43,294,2.43,-0.02
07:35:02,"[104.71, 14]","[83.86, 14]","[110.89, 45]","[244.11, 36]",107.8,109,6.17,-0.49
07:35:03,"[99.38, 16]","[68.04, 23]","[108.77, 35]","[243.86, 28]",104.07,102,9.4,-0.24
07:35:04,"[100.0, 11]","[73.0, 22]","[108.19, 27]","[173.42, 38]",104.09,98,8.19,-0.33
07:35:05,"[101.3, 60]","[100.0, 10]","[167.18, 33]","[289.57, 37]",134.24,140,65.88,0.0
07:35:06,"[103.41, 32]","[87.88, 16]","[269.0, 32]","[374.0, 24]",186.2,104,165.59,-0.08
07:35:07,"[105.77, 47]","[78.43, 28]","[252.08, 52]","[374.0, 39]",178.92,166,146.31,-0.1
07:35:08,"[107.4, 20]","[86.4, 20]","[193.77, 26]","[404.46, 26]",150.58,92,86.37,-0.13
07:35:09,"[112.0, 20]","[99.7, 20]","[280.64, 22]","[376.92, 26]",196.32,88,168.64,-0.09
07:35:10,"[116.0, 12]","[113.0, 12]","[293.6, 15]","[403.6, 15]",204.8,54,177.6,-0.11
07:35:11,"[115.4, 15]","[112.22, 18]","[352.08, 25]","[432.1, 20]",233.74,78,236.68,-0.15
07:35:12,"[114.6, 40]","[110.27, 33]","[443.55, 40]","[519.69, 26]",279.07,139,328.95,0.05
07:35:13,"[114.23, 13]","[109.67, 12]","[325.66, 29]","[398.91, 22]",219.94,76,211.42,-0.34
07:35:14,"[109.0, 18]","[100.0, 18]","[164.39, 31]","[244.19, 32]",136.69,99,55.39,-0.27
07:35:15,"[113.29, 28]","[78.54, 13]","[135.82, 11]","[160.62, 32]",124.55,84,22.53,-0.02
07:35:16,"[119.0, 90]","[109.0, 16]","[134.5, 8]","[164.0, 32]",126.75,146,15.5,0.45
07:35:17,"[119.0, 121]","[109.0, 22]","[132.75, 32]","[144.6, 30]",125.88,205,13.75,0.4
07:35:18,"[119.0, 80]","[109.0, 16]","[128.88, 32]","[130.5, 32]",123.94,160,9.88,0.2
07:35:19,"[119.0, 86]","[109.0, 28]","[123.85, 41]","[124.19, 53]",121.43,208,4.85,0.1
07:35:20,"[119.0, 28]","[109.86, 56]","[120.5, 16]","[159.84, 38]",119.75,138,1.5,0.22
07:35:21,"[117.5, 28]","[110.69, 32]","[152.52, 54]","[345.8, 41]",135.01,155,35.02,-0.23
07:35:22,"[112.0, 51]","[109.0, 18]","[293.67, 30]","[336.36, 33]",202.83,132,181.67,0.05
07:35:23,"[111.83, 47]","[103.75, 40]","[220.13, 55]","[347.86, 44]",165.98,186,108.3,-0.06
07:35:24,"[109.78, 9]","[104.2, 20]","[177.55, 22]","[192.29, 34]",143.66,85,67.77,-0.32
07:35:25,"[114.29, 28]","[109.29, 21]","[173.62, 16]","[189.7, 37]",143.96,102,59.34,-0.04
07:35:26,"[115.0, 33]","[112.0, 11]","[172.73, 22]","[401.55, 22]",143.86,88,57.73,0.0
07:35:27,"[112.0, 14]","[94.0, 8]","[171.33, 12]","[273.36, 22]",141.67,56,59.33,-0.21
07:35:28,"[116.0, 15]","[109.0, 10]","[171.0, 10]","[232.6, 20]",143.5,55,55.0,-0.09
07:35:29,"[116.0, 33]","[109.0, 28]","[157.64, 22]","[217.32, 38]",136.82,121,41.64,0.01
07:35:30,"[110.62, 26]","[97.46, 13]","[168.17, 23]","[169.38, 26]",139.39,88,57.56,-0.11
07:35:31,"[109.1, 40]","[90.04, 28]","[164.79, 38]","[165.3, 53]",136.94,159,55.69,-0.14
07:35:32,"[111.56, 9]","[109.47, 15]","[162.67, 18]","[165.0, 45]",137.11,87,51.11,-0.45
07:35:33,"[112.92, 13]","[110.25, 8]","[160.38, 16]","[165.0, 40]",136.65,77,47.45,-0.45
07:35:34,"[112.0, 6]","[110.0, 6]","[160.0, 12]","[165.0, 30]",136.0,54,48.0,-0.56
07:35:35,"[112.67, 15]","[110.36, 11]","[158.38, 37]","[163.5, 40]",135.52,103,45.71,-0.5
07:35:36,"[112.25, 8]","[110.5, 8]","[156.62, 40]","[159.0, 16]",134.44,72,44.38,-0.56
07:35:37,"[110.67, 9]","[109.11, 27]","[154.56, 45]","[159.0, 18]",132.61,99,43.89,-0.27
07:35:38,"[113.0, 12]","[110.0, 6]","[152.0, 21]","[154.0, 21]",132.5,60,39.0,-0.4
07:35:39,"[109.5, 22]","[99.56, 54]","[147.79, 28]","[151.02, 41]",128.64,145,38.29,0.05
07:35:40,"[111.18, 49]","[103.64, 44]","[146.91, 44]","[148.45, 62]",129.05,199,35.73,-0.07
07:35:41,"[112.45, 110]","[111.4, 45]","[143.37, 54]","[146.98, 51]",127.91,260,30.92,0.19
07:35:42,"[119.0, 18]","[113.0, 81]","[139.16, 32]","[140.18, 38]",129.08,169,20.16,0.17
07:35:43,"[119.0, 28]","[113.0, 126]","[134.52, 64]","[136.16, 62]",126.76,280,15.52,0.1
07:35:44,"[119.0, 26]","[113.0, 117]","[131.02, 46]","[132.72, 61]",125.01,250,12.02,0.14
07:35:45,"[119.0, 24]","[114.6, 60]","[127.07, 57]","[128.55, 55]",123.04,196,8.07,-0.14
07:35:46,"[119.0, 26]","[115.0, 143]","[123.34, 53]","[124.81, 63]",121.17,285,4.34,0.19
07:35:47,"[115.48, 100]","[113.96, 138]","[120.11, 54]","[122.56, 54]",117.8,346,4.63,0.38
07:35:48,"[115.0, 129]","[113.0, 108]","[117.48, 46]","[118.5, 40]",116.24,323,2.48,0.47
07:35:49,"[115.0, 52]","[113.0, 81]","[116.0, 36]","[129.12, 33]",115.5,202,1.0,0.32
07:35:50,"[113.09, 94]","[111.55, 51]","[138.21, 39]","[182.4, 42]",125.65,226,25.12,0.28
07:35:51,"[113.0, 81]","[111.0, 104]","[137.92, 39]","[463.75, 59]",125.46,283,24.92,0.31
07:35:52,"[114.44, 50]","[111.78, 72]","[136.0, 39]","[322.72, 29]",125.22,190,21.56,0.28
07:35:53,"[114.14, 28]","[111.5, 48]","[134.38, 24]","[398.0, 40]",124.26,140,20.23,0.09
07:35:54,"[112.73, 15]","[111.85, 52]","[132.08, 36]","[201.5, 32]",122.41,135,19.35,-0.01
07:35:55,"[111.43, 51]","[111.06, 64]","[129.95, 58]","[133.0, 48]",120.69,221,18.52,0.04
07:35:56,"[112.22, 69]","[110.71, 68]","[126.54, 39]","[133.0, 39]",119.38,215,14.32,0.27
07:35:57,"[111.0, 89]","[110.0, 12]","[124.18, 50]","[309.86, 43]",117.59,194,13.18,0.04
07:35:58,"[111.08, 75]","[110.33, 18]","[121.83, 53]","[123.64, 67]",116.46,213,10.75,-0.13
07:35:59,"[111.85, 26]","[110.92, 24]","[119.23, 65]","[122.0, 39]",115.54,154,7.38,-0.35
07:36:00,"[111.0, 22]","[110.0, 11]","[115.43, 35]","[116.45, 51]",113.21,119,4.43,-0.45
07:36:01,"[110.39, 23]","[109.24, 42]","[114.83, 48]","[304.54, 52]",112.61,165,4.44,-0.21
07:36:02,"[109.0, 33]","[59.14, 98]","[114.14, 70]","[377.54, 61]",111.57,262,5.14,0.0
07:36:03,"[109.64, 11]","[75.0, 28]","[136.67, 45]","[340.82, 44]",123.15,128,27.03,-0.39
07:36:04,"[109.0, 26]","[51.16, 79]","[335.89, 53]","[382.0, 40]",222.44,198,226.89,0.06
07:36:05,"[109.0, 20]","[91.6, 10]","[333.3, 40]","[406.1, 20]",221.15,90,224.3,-0.33
07:36:06,"[109.0, 18]","[69.56, 25]","[321.73, 37]","[409.16, 38]",215.36,118,212.73,-0.27
07:36:07,"[109.0, 18]","[66.07, 41]","[307.11, 36]","[404.48, 31]",208.06,126,198.11,-0.06
07:36:08,"[96.4, 50]","[77.19, 48]","[331.3, 40]","[440.0, 20]",213.85,158,234.9,0.24
07:36:09,"[94.39, 69]","[85.82, 77]","[112.2, 59]","[134.76, 58]",103.3,263,17.81,0.11
07:36:10,"[95.0, 33]","[71.84, 61]","[101.0, 40]","[106.0, 44]",98.0,178,6.0,0.06
07:36:11,"[95.0, 18]","[79.0, 18]","[101.59, 17]","[106.39, 23]",98.29,76,6.59,-0.05
07:36:12,"[95.11, 27]","[60.39, 23]","[106.0, 18]","[109.0, 27]",100.56,95,10.89,0.05
07:36:13,"[102.7, 47]","[91.58, 19]","[106.0, 18]","[109.0, 27]",104.35,111,3.3,0.19
07:36:14,"[97.05, 43]","[92.19, 32]","[106.59, 29]","[200.75, 40]",101.82,144,9.54,0.04
07:36:15,"[98.0, 39]","[53.6, 35]","[100.32, 25]","[101.65, 48]",99.16,147,2.32,0.01
07:36:16,"[98.56, 27]","[58.0, 27]","[102.0, 18]","[103.07, 28]",100.28,100,3.44,0.08
07:36:17,"[99.0, 24]","[61.0, 23]","[105.5, 8]","[108.7, 20]",102.25,75,6.5,0.25
07:36:18,"[100.0, 24]","[82.76, 29]","[106.0, 8]","[108.5, 16]",103.0,77,6.0,0.38
07:36:19,"[100.0, 33]","[74.73, 44]","[138.22, 27]","[168.67, 18]",119.11,122,38.22,0.26
07:36:20,"[110.27, 45]","[99.76, 17]","[197.59, 17]","[428.8, 10]",153.93,89,87.32,0.39
07:36:21,"[114.0, 36]","[111.84, 38]","[165.13, 15]","[222.25, 24]",139.57,113,51.13,0.31
07:36:22,"[119.0, 16]","[116.0, 42]","[139.14, 7]","[253.18, 11]",129.07,76,20.14,0.53
07:36:23,"[119.0, 5]","[116.0, 30]","[125.0, 5]","[144.0, 5]",122.0,45,6.0,0.56
07:36:24,"[119.0, 9]","[116.0, 54]","[143.44, 9]","[146.0, 9]",131.22,81,24.44,0.56
07:36:25,"[119.0, 11]","[116.0, 66]","[139.45, 11]","[208.73, 11]",129.23,99,20.45,0.56
07:36:26,"[115.65, 40]","[114.15, 71]","[135.87, 15]","[271.35, 17]",125.76,143,20.22,0.55
07:36:27,"[115.35, 43]","[113.88, 43]","[134.75, 12]","[368.75, 12]",125.05,110,19.4,0.56
07:36:28,"[113.0, 8]","[111.0, 48]","[134.0, 8]","[387.0, 8]",123.5,72,21.0,0.56
07:36:29,"[113.0, 29]","[111.0, 78]","[131.38, 13]","[260.74, 39]",122.19,159,18.38,0.35
07:36:30,"[111.0, 78]","[109.0, 26]","[128.46, 13]","[206.71, 42]",119.73,159,17.46,0.31
07:36:31,"[111.47, 34]","[110.39, 69]","[139.79, 14]","[205.97, 29]",125.63,146,28.32,0.41
07:36:32,"[112.0, 20]","[111.0, 60]","[172.22, 18]","[194.0, 27]",142.11,125,60.22,0.28
07:36:33,"[112.0, 14]","[111.0, 42]","[169.28, 18]","[171.76, 17]",140.64,91,57.28,0.23
07:36:34,"[112.0, 22]","[111.0, 66]","[167.67, 57]","[168.51, 39]",139.83,184,55.67,-0.04
07:36:35,"[112.0, 26]","[111.0, 78]","[165.95, 37]","[167.16, 49]",138.97,190,53.95,0.09
07:36:36,"[112.0, 22]","[111.0, 66]","[163.0, 41]","[163.91, 43]",137.5,172,51.0,0.02
07:36:37,"[112.5, 40]","[111.04, 56]","[159.48, 46]","[161.0, 46]",135.99,188,46.98,0.02
07:36:38,"[112.0, 17]","[110.0, 20]","[156.46, 46]","[157.94, 18]",134.23,101,44.46,-0.27
07:36:39,"[116.0, 20]","[112.29, 35]","[154.68, 22]","[155.11, 66]",135.34,143,38.68,-0.23
07:36:40,"[114.31, 26]","[112.14, 14]","[150.98, 48]","[152.94, 52]",132.64,140,36.67,-0.43
07:36:41,"[111.11, 35]","[110.56, 36]","[149.47, 32]","[150.7, 56]",130.29,159,38.35,-0.11
07:36:42,"[111.0, 22]","[110.0, 22]","[145.37, 41]","[145.9, 29]",128.18,114,34.37,-0.23
07:36:43,"[109.86, 28]","[67.27, 33]","[141.16, 63]","[142.56, 39]",125.51,163,31.3,-0.25
07:36:44,"[115.0, 36]","[109.0, 9]","[139.22, 45]","[140.05, 37]",127.11,127,24.22,-0.29
07:36:45,"[115.87, 99]","[112.82, 11]","[137.73, 55]","[139.18, 55]",126.8,220,21.86,0.0
07:36:46,"[116.0, 107]","[115.0, 15]","[133.92, 49]","[134.09, 55]",124.96,226,17.92,0.08
07:36:47,"[116.0, 36]","[115.0, 9]","[128.55, 11]","[129.82, 39]",122.27,95,12.55,-0.05
07:36:48,"[109.21, 38]","[99.57, 14]","[126.91, 11]","[128.0, 33]",118.06,96,17.7,0.08
07:36:49,"[93.23, 22]","[84.48, 25]","[122.9, 31]","[124.9, 31]",108.07,109,29.68,-0.14
07:36:50,"[119.0, 6]","[88.0, 30]","[120.91, 22]","[125.27, 22]",119.95,80,1.91,-0.1
07:36:51,"[88.0, 45]","[85.38, 16]","[117.03, 33]","[119.33, 36]",102.52,130,29.03,-0.06
07:36:52,"[94.56, 64]","[75.65, 34]","[113.32, 59]","[114.57, 56]",103.94,213,18.76,-0.08
07:36:53,"[95.88, 40]","[58.2, 10]","[110.4, 30]","[111.32, 37]",103.14,117,14.53,-0.15
07:36:54,"[96.56, 32]","[81.12, 17]","[108.13, 23]","[110.24, 34]",102.35,106,11.57,-0.08
07:36:55,"[98.22, 72]","[96.2, 40]","[106.0, 24]","[107.92, 24]",102.11,160,7.78,0.4
07:36:56,"[99.14, 77]","[98.0, 35]","[105.0, 21]","[106.0, 14]",102.07,147,5.86,0.52
07:36:57,"[103.38, 26]","[100.79, 90]","[105.24, 33]","[106.36, 22]",104.31,171,1.86,0.36
07:36:58,"[106.4, 55]","[100.29, 21]","[108.09, 11]","[166.18, 17]",107.25,104,1.69,0.46
07:36:59,"[109.25, 32]","[108.78, 72]","[170.26, 27]","[287.55, 29]",139.75,160,61.01,0.3
07:37:00,"[113.0, 48]","[112.0, 11]","[148.0, 32]","[233.87, 15]",130.5,106,35.0,0.11
07:37:01,"[115.95, 63]","[114.18, 33]","[147.43, 35]","[192.09, 22]",131.69,153,31.48,0.25
07:37:02,"[117.0, 72]","[115.0, 48]","[146.0, 40]","[148.0, 32]",131.5,192,29.0,0.25
07:37:03,"[117.0, 84]","[115.0, 72]","[144.25, 60]","[148.0, 48]",130.62,264,27.25,0.18
07:37:04,"[117.0, 34]","[115.0, 84]","[139.19, 67]","[158.68, 53]",128.1,238,22.19,-0.01
07:37:05,"[115.26, 23]","[113.62, 58]","[141.0, 40]","[248.48, 25]",128.13,146,25.74,0.11
07:37:06,"[115.0, 40]","[113.0, 80]","[140.7, 50]","[298.5, 30]",127.85,200,25.7,0.2
07:37:07,"[115.0, 40]","[113.0, 80]","[139.2, 50]","[251.25, 28]",127.1,198,24.2,0.21
07:37:08,"[115.0, 42]","[113.0, 104]","[138.69, 59]","[340.13, 53]",126.85,258,23.69,0.13
07:37:09,"[115.0, 27]","[113.0, 72]","[138.78, 45]","[354.0, 31]",126.89,175,23.78,0.13
07:37:10,"[115.0, 102]","[113.0, 80]","[137.6, 50]","[312.86, 35]",126.3,267,22.6,0.36
07:37:11,"[115.0, 99]","[113.0, 72]","[134.78, 45]","[405.0, 36]",124.89,252,19.78,0.36
07:37:12,"[115.0, 101]","[113.0, 80]","[133.77, 26]","[228.26, 46]",124.38,253,18.77,0.43
07:37:13,"[115.0, 80]","[113.0, 64]","[132.0, 32]","[133.0, 16]",123.5,192,17.0,0.5
07:37:14,"[115.0, 80]","[113.0, 64]","[130.38, 16]","[131.94, 32]",122.69,192,15.38,0.5
07:37:15,"[115.0, 110]","[112.8, 64]","[128.02, 51]","[129.33, 15]",121.51,240,13.02,0.45
07:37:16,"[115.8, 50]","[115.24, 91]","[125.92, 65]","[129.0, 13]",120.86,219,10.12,0.29
07:37:17,"[117.0, 27]","[116.0, 112]","[123.92, 64]","[125.88, 32]",120.46,235,6.92,0.18
07:37:18,"[116.24, 33]","[115.74, 76]","[121.59, 17]","[123.72, 61]",118.92,187,5.35,0.17
07:37:19,"[116.0, 35]","[115.0, 28]","[119.0, 17]","[120.1, 21]",117.5,101,3.0,0.25
07:37:20,"[116.0, 54]","[115.0, 96]","[117.02, 53]","[122.16, 25]",116.51,228,1.02,0.32
07:37:21,"[116.0, 34]","[115.0, 153]","[127.48, 84]","[523.78, 79]",121.74,350,11.48,0.07
07:37:22,"[115.37, 38]","[114.95, 77]","[133.59, 56]","[489.74, 23]",124.48,194,18.22,0.19
07:37:23,"[115.0, 99]","[113.0, 11]","[261.18, 55]","[414.97, 39]",188.09,204,146.18,0.08
07:37:24,"[115.0, 108]","[113.0, 12]","[239.17, 60]","[396.45, 40]",177.08,220,124.17,0.09
07:37:25,"[115.0, 90]","[113.0, 10]","[225.75, 40]","[230.27, 48]",170.38,188,110.75,0.06
07:37:26,"[115.0, 90]","[113.0, 10]","[221.75, 48]","[223.16, 32]",168.38,180,106.75,0.11
07:37:27,"[115.0, 126]","[113.0, 14]","[212.74, 53]","[215.13, 68]",163.87,261,97.74,0.07
07:37:28,"[115.0, 99]","[113.0, 11]","[195.45, 42]","[197.02, 54]",155.23,206,80.45,0.07
07:37:29,"[115.0, 81]","[113.0, 9]","[192.56, 27]","[195.0, 45]",153.78,162,77.56,0.11
07:37:30,"[115.0, 70]","[113.0, 10]","[190.11, 37]","[193.12, 42]",152.55,159,75.11,0.01
07:37:31,"[115.0, 52]","[113.0, 13]","[185.87, 46]","[187.4, 45]",150.43,156,70.87,-0.17
07:37:32,"[115.0, 44]","[113.0, 11]","[182.37, 41]","[185.1, 40]",148.68,136,67.37,-0.19
07:37:33,"[115.29, 14]","[113.29, 7]","[181.43, 21]","[186.0, 28]",148.36,70,66.14,-0.4
07:37:34,"[117.0, 26]","[115.94, 67]","[179.9, 30]","[182.37, 41]",148.45,164,62.9,0.13
07:37:35,"[117.0, 24]","[116.0, 84]","[164.2, 30]","[167.5, 28]",140.6,166,47.2,0.3
07:37:36,"[116.0, 80]","[115.0, 56]","[153.83, 48]","[154.47, 38]",134.92,222,37.83,0.23
07:37:37,"[116.0, 65]","[115.0, 52]","[147.55, 44]","[148.87, 46]",131.77,207,31.55,0.13
07:37:38,"[115.4, 50]","[114.33, 24]","[142.65, 34]","[144.15, 47]",129.02,155,27.25,-0.05
07:37:39,"[112.08, 52]","[111.4, 20]","[140.32, 38]","[141.3, 46]",126.2,156,28.24,-0.08
07:37:40,"[112.05, 38]","[111.31, 13]","[138.95, 38]","[139.82, 22]",125.5,111,26.89,-0.08
07:37:41,"[111.99, 77]","[110.73, 15]","[137.07, 28]","[138.6, 40]",124.53,160,25.08,0.15
07:37:42,"[112.36, 126]","[111.0, 14]","[133.47, 43]","[134.21, 42]",122.91,225,21.11,0.24
07:37:43,"[119.0, 110]","[113.0, 90]","[129.27, 33]","[130.24, 34]",124.14,267,10.27,0.5
07:37:44,"[119.0, 99]","[113.0, 81]","[127.15, 26]","[128.32, 25]",123.08,231,8.15,0.56
07:37:45,"[119.0, 121]","[113.0, 99]","[122.89, 27]","[124.53, 38]",120.94,285,3.89,0.54
07:37:46,"[117.14, 87]","[112.91, 69]","[120.0, 30]","[122.0, 30]",118.57,216,2.86,0.44
07:37:47,"[113.0, 56]","[112.0, 16]","[119.62, 24]","[122.0, 24]",116.31,120,6.62,0.2
07:37:48,"[113.0, 55]","[112.0, 22]","[116.73, 26]","[118.23, 30]",114.87,133,3.73,0.16
07:37:49,"[112.18, 39]","[111.65, 23]","[114.87, 31]","[163.3, 30]",113.53,123,2.69,0.01
07:37:50,"[115.11, 36]","[113.5, 16]","[116.88, 24]","[264.6, 30]",115.99,106,1.76,-0.02
07:37:51,"[115.82, 22]","[114.92, 37]","[163.3, 30]","[483.31, 26]",139.56,115,47.48,0.03
07:37:52,"[114.74, 35]","[111.73, 11]","[475.11, 19]","[525.32, 25]",294.92,90,360.36,0.02
07:37:53,"[113.19, 52]","[112.0, 9]","[266.89, 9]","[387.63, 19]",190.04,89,153.7,0.37
07:37:54,"[114.3, 40]","[113.0, 50]","[367.35, 20]","[400.71, 14]",240.83,124,253.05,0.45
07:37:55,"[115.0, 28]","[113.0, 35]","[387.27, 11]","[403.33, 15]",251.14,89,272.27,0.42
07:37:56,"[115.0, 20]","[113.0, 25]","[375.0, 5]","[376.0, 15]",245.0,65,260.0,0.38
07:37:57,"[115.0, 52]","[113.0, 50]","[374.9, 10]","[470.8, 30]",244.95,142,259.9,0.44
07:37:58,"[115.0, 49]","[113.0, 35]","[405.47, 19]","[409.29, 21]",260.24,124,290.47,0.35
07:37:59,"[115.0, 17]","[113.0, 40]","[302.33, 12]","[366.6, 20]",208.67,89,187.33,0.28
07:38:00,"[113.25, 40]","[112.78, 32]","[201.3, 33]","[230.14, 21]",157.28,126,88.05,0.14
07:38:01,"[113.69, 13]","[112.88, 17]","[161.6, 20]","[166.11, 9]",137.65,59,47.91,0.02
07:38:02,"[116.91, 35]","[113.31, 39]","[159.55, 44]","[160.66, 41]",138.23,159,42.63,-0.07
07:38:03,"[117.0, 32]","[113.0, 40]","[157.0, 32]","[158.0, 32]",137.0,136,40.0,0.06
07:38:04,"[117.0, 36]","[113.0, 45]","[156.22, 36]","[158.0, 36]",136.61,153,39.22,0.06
07:38:05,"[117.0, 32]","[113.0, 40]","[152.33, 27]","[153.41, 29]",134.67,128,35.33,0.12
07:38:06,"[117.0, 44]","[113.0, 62]","[146.38, 42]","[149.88, 43]",131.69,191,29.38,0.11
07:38:07,"[117.0, 48]","[113.0, 72]","[146.13, 45]","[147.55, 47]",131.57,212,29.13,0.13
07:38:08,"[117.0, 44]","[113.0, 55]","[141.41, 41]","[142.54, 37]",129.21,177,24.41,0.12
07:38:09,"[117.0, 84]","[113.96, 68]","[139.32, 81]","[140.63, 70]",128.16,303,22.32,0.0
07:38:10,"[117.0, 41]","[116.0, 26]","[135.27, 45]","[136.45, 47]",126.13,159,18.27,-0.16
07:38:11,"[117.0, 27]","[116.0, 18]","[131.03, 32]","[132.38, 32]",124.02,109,14.03,-0.17
07:38:12,"[117.0, 33]","[116.0, 22]","[127.64, 44]","[129.8, 60]",122.32,159,10.64,-0.31
07:38:13,"[116.75, 48]","[115.22, 108]","[123.56, 72]","[124.56, 72]",120.15,300,6.81,0.04
07:38:14,"[116.0, 20]","[115.0, 140]","[120.32, 37]","[121.31, 39]",118.16,236,4.32,0.36
07:38:15,"[115.02, 96]","[114.22, 23]","[116.8, 25]","[120.29, 35]",115.91,179,1.78,0.33
07:38:16,"[115.0, 22]","[113.0, 10]","[238.76, 17]","[282.7, 20]",176.88,69,123.76,-0.07
07:38:17,"[118.33, 36]","[114.6, 15]","[431.88, 24]","[484.31, 26]",275.1,101,313.54,0.01
07:38:18,"[119.0, 35]","[115.0, 14]","[390.65, 20]","[463.94, 18]",254.82,87,271.65,0.13
07:38:19,"[116.48, 21]","[112.85, 13]","[193.29, 35]","[370.95, 19]",154.88,88,76.81,-0.23
07:38:20,"[114.61, 23]","[111.86, 35]","[182.53, 49]","[215.97, 34]",148.57,141,67.92,-0.18
07:38:21,"[112.69, 26]","[109.95, 41]","[167.98, 44]","[171.69, 42]",140.33,153,55.28,-0.12
07:38:22,"[111.03, 31]","[109.71, 62]","[162.12, 50]","[163.2, 41]",136.58,184,51.09,0.01
07:38:23,"[111.8, 51]","[110.85, 78]","[151.97, 39]","[160.88, 32]",131.89,200,40.17,0.29
07:38:24,"[113.0, 26]","[111.0, 78]","[135.82, 33]","[137.78, 23]",124.41,160,22.82,0.3
07:38:25,"[111.91, 22]","[110.67, 36]","[132.71, 17]","[133.13, 23]",122.31,98,20.8,0.18
07:38:26,"[111.0, 52]","[109.0, 18]","[129.44, 25]","[132.47, 34]",120.22,129,18.44,0.09
07:38:27,"[111.64, 45]","[110.69, 52]","[126.97, 29]","[127.57, 49]",119.3,175,15.32,0.11
07:38:28,"[112.0, 27]","[111.0, 36]","[125.11, 27]","[126.6, 15]",118.56,105,13.11,0.2
07:38:29,"[111.82, 44]","[110.92, 52]","[122.83, 54]","[124.03, 39]",117.33,189,11.02,0.02
07:38:30,"[95.48, 42]","[69.35, 37]","[119.1, 39]","[120.87, 30]",107.29,148,23.63,0.07
07:38:31,"[115.0, 27]","[83.4, 20]","[117.38, 24]","[183.68, 34]",116.19,105,2.38,-0.1
07:38:32,"[93.82, 51]","[75.64, 66]","[115.58, 45]","[139.15, 54]",104.7,216,21.75,0.08
07:38:33,"[99.0, 28]","[82.6, 60]","[101.0, 33]","[105.5, 20]",100.0,141,2.0,0.25
07:38:34,"[96.47, 30]","[92.42, 73]","[101.0, 26]","[103.0, 39]",98.73,168,4.53,0.23
07:38:35,"[98.33, 12]","[95.0, 36]","[101.0, 12]","[103.0, 18]",99.67,78,2.67,0.23
07:38:36,"[99.2, 20]","[77.0, 60]","[101.0, 20]","[103.0, 30]",100.1,130,1.8,0.23
07:38:37,"[61.67, 42]","[12.11, 19]","[103.64, 25]","[123.68, 19]",82.65,105,41.97,0.16
07:38:38,"[70.23, 13]","[88.47, 19]","[107.0, 11]","[281.53, 43]",88.62,86,36.77,-0.26
07:38:39,"[89.73, 22]","[51.6, 15]","[122.82, 11]","[243.71, 17]",106.27,65,33.09,0.14
07:38:40,"[62.0, 4]","[24.0, 10]","[206.0, 8]","[425.69, 13]",134.0,35,144.0,-0.2
07:38:41,"[97.94, 90]","[81.33, 30]","[205.43, 28]","[366.17, 35]",151.69,183,107.48,0.31
07:38:42,"[117.04, 106]","[114.29, 62]","[179.33, 30]","[281.42, 38]",148.19,236,62.3,0.42
07:38:43,"[117.24, 41]","[115.05, 86]","[126.43, 28]","[288.61, 23]",121.84,178,9.18,0.43
07:38:44,"[117.0, 108]","[109.0, 63]","[125.44, 36]","[480.9, 29]",121.22,236,8.44,0.45
07:38:45,"[117.0, 108]","[109.0, 63]","[124.11, 36]","[230.0, 27]",120.56,234,7.11,0.46
07:38:46,"[117.0, 111]","[109.0, 77]","[122.73, 44]","[230.0, 33]",119.86,265,5.73,0.42
07:38:47,"[117.0, 87]","[109.0, 70]","[122.0, 40]","[313.89, 35]",119.5,232,5.0,0.35
07:38:48,"[117.0, 48]","[109.0, 42]","[122.0, 24]","[223.0, 18]",119.5,132,5.0,0.36
07:38:49,"[117.0, 72]","[112.0, 28]","[120.67, 36]","[254.04, 28]",118.83,164,3.67,0.22
07:38:50,"[117.0, 96]","[115.82, 33]","[120.0, 48]","[239.68, 47]",118.5,224,3.0,0.15
07:38:51,"[117.0, 40]","[116.0, 30]","[119.46, 26]","[177.89, 37]",118.23,133,2.46,0.05
07:38:52,"[117.0, 23]","[116.0, 33]","[118.83, 24]","[119.95, 42]",117.92,122,1.83,-0.08
07:38:53,"[115.73, 26]","[112.93, 44]","[117.31, 49]","[172.05, 37]",116.52,156,1.58,-0.1
07:38:54,"[112.25, 32]","[110.68, 81]","[115.52, 21]","[137.2, 40]",113.89,174,3.27,0.3
07:38:55,"[112.0, 36]","[111.0, 60]","[114.0, 12]","[115.0, 69]",113.0,177,2.0,0.08
07:38:56,"[112.0, 33]","[111.0, 60]","[113.08, 36]","[124.5, 24]",112.54,153,1.08,0.22
07:38:57,"[111.76, 25]","[110.66, 76]","[219.83, 46]","[387.67, 30]",165.79,177,108.07,0.14
07:38:58,"[114.71, 14]","[111.1, 42]","[373.91, 23]","[546.6, 20]",244.31,99,259.2,0.13
07:38:59,"[116.74, 31]","[111.76, 29]","[200.96, 28]","[284.24, 25]",158.85,113,84.22,0.06
07:39:00,"[115.0, 10]","[111.0, 50]","[130.9, 20]","[399.06, 16]",122.95,96,15.9,0.25
07:39:01,"[110.01, 109]","[109.12, 104]","[127.59, 29]","[433.36, 28]",118.8,270,17.58,0.58
07:39:02,"[110.0, 43]","[109.0, 42]","[127.8, 10]","[349.14, 14]",118.9,109,17.8,0.56
07:39:03,"[110.0, 91]","[109.0, 91]","[126.21, 29]","[288.38, 16]",118.1,227,16.21,0.6
07:39:04,"[110.0, 75]","[109.0, 70]","[122.93, 14]","[125.07, 46]",116.46,205,12.93,0.41
07:39:05,"[110.0, 36]","[109.0, 35]","[120.22, 9]","[121.48, 21]",115.11,101,10.22,0.41
07:39:06,"[110.0, 96]","[109.0, 105]","[116.46, 35]","[117.58, 55]",113.23,291,6.46,0.38
07:39:07,"[110.0, 36]","[109.0, 42]","[114.04, 26]","[115.5, 10]",112.02,114,4.04,0.37
07:39:08,"[111.0, 39]","[110.0, 78]","[113.68, 41]","[155.6, 43]",112.34,201,2.68,0.16
07:39:09,"[110.52, 87]","[109.29, 105]","[222.21, 80]","[286.41, 34]",166.36,306,111.7,0.25
07:39:10,"[111.82, 68]","[110.13, 62]","[247.71, 48]","[259.74, 43]",179.77,221,135.88,0.18
07:39:11,"[114.29, 68]","[112.11, 76]","[226.03, 77]","[357.55, 49]",170.16,270,111.73,0.07
07:39:12,"[113.0, 24]","[112.0, 42]","[114.67, 30]","[449.0, 12]",113.83,108,1.67,0.22
07:39:13,"[112.53, 30]","[111.4, 40]","[113.83, 30]","[333.14, 14]",113.18,114,1.3,0.23
07:39:14,"[112.0, 35]","[110.0, 30]","[113.0, 25]","[287.0, 10]",112.5,100,1.0,0.3
07:39:15,"[112.0, 21]","[110.0, 45]","[113.0, 35]","[482.9, 20]",112.5,121,1.0,0.09
07:39:16,"[110.12, 51]","[109.43, 14]","[391.0, 18]","[629.22, 18]",250.56,101,280.88,0.29
07:39:17,"[110.22, 23]","[109.86, 28]","[495.25, 8]","[497.0, 16]",302.73,75,385.03,0.36
07:39:18,"[111.0, 12]","[110.0, 72]","[316.93, 15]","[360.52, 31]",213.97,130,205.93,0.29
07:39:19,"[108.69, 51]","[102.21, 28]","[116.21, 14]","[240.15, 13]",112.45,106,7.53,0.49
07:39:20,"[108.0, 96]","[81.87, 23]","[215.74, 19]","[347.06, 18]",161.87,156,107.74,0.53
07:39:21,"[108.39, 38]","[91.62, 24]","[277.43, 28]","[694.0, 7]",192.91,97,169.03,0.28
07:39:22,"[108.0, 30]","[88.0, 24]","[285.92, 26]","[492.9, 31]",196.96,111,177.92,-0.03
07:39:23,"[112.57, 14]","[99.0, 28]","[265.45, 11]","[365.05, 40]",189.01,93,152.88,-0.1
07:39:24,"[103.88, 17]","[81.11, 27]","[178.71, 17]","[220.31, 13]",141.29,74,74.82,0.19
07:39:25,"[76.94, 32]","[64.3, 33]","[107.15, 26]","[133.85, 33]",92.05,124,30.22,0.05
07:39:26,"[77.0, 32]","[54.0, 16]","[100.09, 11]","[102.38, 13]",88.55,72,23.09,0.33
07:39:27,"[78.0, 52]","[24.54, 26]","[103.68, 19]","[106.54, 13]",90.84,110,25.68,0.42
07:39:28,"[78.82, 44]","[71.0, 22]","[103.0, 22]","[105.27, 11]",90.91,99,24.18,0.33
07:39:29,"[80.36, 44]","[70.36, 22]","[102.94, 18]","[104.54, 13]",91.65,97,22.58,0.36
07:39:30,"[81.0, 36]","[66.67, 18]","[106.0, 9]","[107.0, 9]",93.5,72,25.0,0.5
07:39:31,"[94.75, 16]","[83.6, 10]","[106.0, 5]","[107.0, 5]",100.38,36,11.25,0.44
07:39:32,"[97.09, 46]","[96.33, 36]","[105.96, 23]","[210.71, 17]",101.52,122,8.87,0.34
07:39:33,"[100.87, 23]","[99.32, 19]","[109.0, 18]","[322.27, 22]",104.93,82,8.13,0.02
07:39:34,"[103.0, 24]","[100.0, 18]","[257.6, 20]","[368.71, 14]",180.3,76,154.6,0.11
07:39:35,"[104.16, 19]","[101.0, 16]","[402.0, 12]","[597.22, 18]",253.08,65,297.84,0.08
07:39:36,"[105.73, 33]","[104.0, 44]","[462.88, 34]","[574.86, 42]",284.3,153,357.16,0.01
07:39:37,"[113.11, 53]","[107.25, 40]","[479.15, 26]","[514.58, 38]",296.13,157,366.04,0.18
07:39:38,"[115.0, 24]","[109.0, 12]","[389.25, 8]","[431.25, 8]",252.12,52,274.25,0.38
07:39:39,"[115.0, 58]","[111.4, 20]","[209.16, 31]","[243.25, 32]",162.08,141,94.16,0.11
07:39:40,"[115.0, 24]","[113.0, 6]","[213.7, 30]","[255.69, 26]",164.35,86,98.7,-0.3
07:39:41,"[115.0, 48]","[113.0, 12]","[207.08, 24]","[297.62, 32]",161.04,116,92.08,0.03
07:39:42,"[112.38, 64]","[109.23, 35]","[207.6, 35]","[273.85, 41]",159.99,175,95.22,0.13
07:39:43,"[112.0, 40]","[109.0, 24]","[260.82, 22]","[276.25, 40]",186.41,126,148.82,0.02
07:39:44,"[112.0, 55]","[109.26, 31]","[274.09, 55]","[324.43, 37]",193.05,178,162.09,-0.03
07:39:45,"[112.0, 50]","[110.0, 20]","[272.7, 50]","[298.0, 20]",192.35,140,160.7,0.0
07:39:46,"[112.0, 20]","[110.0, 14]","[244.31, 26]","[273.13, 23]",178.15,83,132.31,-0.18
07:39:47,"[110.29, 28]","[109.1, 40]","[198.34, 61]","[263.12, 40]",154.31,169,88.06,-0.2
07:39:48,"[116.0, 48]","[110.0, 16]","[133.29, 28]","[206.86, 28]",124.64,120,17.29,0.07
07:39:49,"[112.0, 32]","[109.27, 37]","[132.5, 70]","[433.14, 28]",122.25,167,20.5,-0.17
07:39:50,"[111.0, 20]","[110.0, 14]","[132.0, 45]","[193.0, 14]",121.5,93,21.0,-0.27
07:39:51,"[113.46, 26]","[110.73, 22]","[129.18, 55]","[204.1, 31]",121.32,134,15.72,-0.28
07:39:52,"[115.92, 48]","[110.8, 30]","[122.87, 75]","[152.39, 71]",119.39,224,6.95,-0.3
07:39:53,"[119.0, 104]","[114.0, 30]","[120.8, 75]","[243.5, 56]",119.9,265,1.8,0.01
07:39:54,"[117.77, 13]","[113.33, 12]","[157.14, 28]","[355.38, 26]",137.46,79,39.37,-0.37
07:39:55,"[112.54, 28]","[109.41, 39]","[248.3, 40]","[448.6, 30]",180.42,137,135.76,-0.02
07:39:56,"[112.11, 28]","[109.9, 50]","[247.5, 32]","[495.0, 16]",179.8,126,135.39,0.24
07:39:57,"[112.09, 22]","[109.79, 38]","[245.83, 24]","[327.0, 12]",178.96,96,133.74,0.25
07:39:58,"[112.0, 35]","[109.0, 49]","[243.92, 26]","[290.11, 18]",177.96,128,131.92,0.31
07:39:59,"[112.21, 57]","[109.58, 78]","[241.25, 36]","[242.53, 30]",176.73,201,129.04,0.34
07:40:00,"[113.0, 64]","[112.0, 80]","[237.31, 55]","[238.64, 55]",175.15,254,124.31,0.13
07:40:01,"[113.62, 52]","[112.13, 63]","[232.88, 42]","[233.9, 39]",173.25,196,119.27,0.17
07:40:02,"[115.29, 42]","[112.44, 54]","[229.0, 39]","[230.18, 40]",172.14,175,113.71,0.1
07:40:03,"[113.6, 53]","[112.41, 59]","[226.52, 50]","[228.0, 44]",170.06,206,112.92,0.09
07:40:04,"[114.0, 52]","[113.0, 39]","[221.1, 39]","[222.6, 35]",167.55,165,107.1,0.1
07:40:05,"[115.64, 66]","[114.07, 45]","[132.68, 34]","[148.04, 26]",124.16,171,17.04,0.3
07:40:06,"[115.5, 58]","[114.08, 52]","[116.8, 45]","[117.8, 45]",116.15,200,1.3,0.1
07:40:07,"[113.42, 19]","[112.1, 61]","[122.6, 15]","[400.15, 13]",118.01,108,9.18,0.48
07:40:08,"[113.0, 12]","[112.0, 62]","[148.0, 12]","[358.67, 12]",130.5,98,35.0,0.51
07:40:09,"[113.0, 8]","[112.0, 42]","[366.62, 8]","[617.35, 20]",239.81,78,253.62,0.28
07:40:10,"[113.0, 9]","[112.0, 45]","[146.95, 21]","[240.08, 13]",129.98,88,33.95,0.23
07:40:11,"[112.38, 16]","[111.94, 32]","[134.44, 16]","[142.0, 12]",123.41,76,22.06,0.26
07:40:12,"[112.0, 50]","[111.0, 10]","[183.1, 10]","[549.45, 22]",147.55,92,71.1,0.3
07:40:13,"[113.66, 38]","[111.58, 12]","[478.42, 24]","[608.73, 33]",296.04,107,364.76,-0.07
07:40:14,"[115.0, 39]","[112.0, 39]","[299.64, 44]","[403.29, 34]",207.32,156,184.64,0.0
07:40:15,"[115.0, 21]","[112.0, 24]","[145.0, 16]","[244.46, 26]",130.0,87,30.0,0.03
07:40:16,"[115.0, 9]","[112.0, 27]","[145.0, 18]","[378.59, 27]",130.0,81,30.0,-0.11
07:40:17,"[112.92, 24]","[111.92, 38]","[142.49, 41]","[228.93, 43]",127.7,146,29.57,-0.15
07:40:18,"[112.0, 45]","[111.0, 15]","[137.82, 33]","[139.39, 36]",124.91,129,25.82,-0.07
07:40:19,"[111.95, 40]","[109.96, 27]","[125.75, 36]","[127.39, 51]",118.85,154,13.8,-0.13
07:40:20,"[111.84, 38]","[110.18, 22]","[113.0, 20]","[123.69, 29]",112.42,109,1.16,0.1
07:40:21,"[112.0, 104]","[111.0, 13]","[113.0, 26]","[133.0, 26]",112.5,169,1.0,0.38
07:40:22,"[113.56, 45]","[111.6, 25]","[129.79, 48]","[133.42, 48]",121.67,166,16.24,-0.16
07:40:23,"[116.08, 24]","[111.81, 26]","[125.46, 24]","[130.02, 53]",120.77,127,9.38,-0.21
07:40:24,"[112.11, 19]","[111.18, 11]","[118.9, 49]","[119.75, 24]",115.5,103,6.79,-0.42
07:40:25,"[110.0, 18]","[109.0, 70]","[117.47, 32]","[145.26, 38]",113.73,158,7.47,0.11
07:40:26,"[110.0, 14]","[109.0, 98]","[114.19, 37]","[127.75, 59]",112.09,208,4.19,0.08
07:40:27,"[112.63, 19]","[109.03, 65]","[217.33, 15]","[326.25, 16]",164.98,115,104.7,0.46
07:40:28,"[115.0, 253]","[109.61, 18]","[180.5, 12]","[309.0, 13]",147.75,296,65.5,0.83
07:40:29,"[113.5, 112]","[107.33, 48]","[173.0, 28]","[179.82, 11]",143.25,199,59.5,0.61
07:40:30,"[109.05, 55]","[80.9, 58]","[138.72, 36]","[161.29, 17]",123.89,166,29.67,0.36
07:40:31,"[110.0, 114]","[109.0, 60]","[138.67, 36]","[142.0, 9]",124.33,219,28.67,0.59
07:40:32,"[110.0, 176]","[109.0, 56]","[138.0, 32]","[388.4, 15]",124.0,279,28.0,0.66
07:40:33,"[110.18, 169]","[109.57, 115]","[136.5, 40]","[338.36, 14]",123.34,338,26.32,0.68
07:40:34,"[112.0, 35]","[110.0, 154]","[133.57, 28]","[314.29, 7]",122.79,224,21.57,0.69
07:40:35,"[109.66, 70]","[97.05, 75]","[132.85, 52]","[151.0, 14]",121.25,211,23.19,0.37
07:40:36,"[111.88, 16]","[106.28, 32]","[131.25, 32]","[139.0, 16]",121.56,96,19.38,0.0
07:40:37,"[116.0, 14]","[110.0, 7]","[131.0, 28]","[168.83, 12]",123.5,61,15.0,-0.31
07:40:38,"[118.7, 20]","[115.6, 20]","[130.5, 28]","[145.25, 32]",124.6,100,11.8,-0.2
07:40:39,"[119.0, 14]","[116.0, 18]","[129.0, 18]","[131.0, 36]",124.0,86,10.0,-0.26
07:40:40,"[119.0, 10]","[116.0, 20]","[128.06, 34]","[129.46, 26]",123.53,90,9.06,-0.33
07:40:41,"[119.0, 11]","[116.0, 22]","[125.14, 28]","[127.53, 38]",122.07,99,6.14,-0.33
07:40:42,"[118.76, 17]","[116.36, 25]","[122.0, 52]","[122.85, 52]",120.38,146,3.24,-0.42
07:40:43,"[116.0, 12]","[115.0, 12]","[120.5, 32]","[255.74, 31]",118.25,87,4.5,-0.45
07:40:44,"[112.32, 38]","[111.2, 59]","[117.9, 20]","[119.3, 20]",115.11,137,5.58,0.42
07:40:45,"[112.0, 73]","[111.0, 120]","[116.3, 33]","[117.35, 34]",114.15,260,4.3,0.48
07:40:46,"[104.77, 52]","[98.12, 82]","[113.26, 35]","[226.29, 38]",109.01,207,8.49,0.29
07:40:47,"[101.8, 15]","[96.0, 26]","[107.04, 47]","[110.43, 21]",104.42,109,5.24,-0.25
07:40:48,"[105.0, 5]","[103.0, 10]","[107.0, 10]","[111.0, 5]",106.0,30,2.0,0.0
07:40:49,"[105.0, 12]","[85.83, 24]","[128.89, 19]","[364.07, 28]",116.95,83,23.89,-0.13
07:40:50,"[98.38, 21]","[66.75, 28]","[144.5, 24]","[328.71, 28]",121.44,101,46.12,-0.03
07:40:51,"[113.43, 21]","[109.69, 13]","[151.0, 18]","[473.33, 24]",132.21,76,37.57,-0.11
07:40:52,"[117.0, 38]","[112.0, 27]","[257.46, 28]","[397.33, 27]",187.23,120,140.46,0.08
07:40:53,"[117.0, 8]","[112.0, 6]","[345.6, 5]","[418.29, 7]",231.3,26,228.6,0.08
07:40:54,"[117.0, 36]","[112.88, 17]","[323.5, 18]","[453.17, 30]",220.25,101,206.5,0.05
07:40:55,"[117.0, 26]","[115.0, 10]","[166.0, 10]","[408.3, 40]",141.5,86,49.0,-0.16
07:40:56,"[117.0, 12]","[115.0, 6]","[164.33, 6]","[245.64, 22]",140.67,46,47.33,-0.22
07:40:57,"[117.0, 16]","[115.0, 8]","[162.25, 8]","[317.62, 32]",139.62,64,45.25,-0.25
07:40:58,"[117.0, 14]","[115.0, 7]","[160.43, 7]","[370.84, 25]",138.71,53,43.43,-0.21
07:40:59,"[117.0, 12]","[115.0, 8]","[159.88, 8]","[524.0, 24]",138.44,52,42.88,-0.23
07:41:00,"[118.83, 35]","[116.45, 11]","[151.12, 16]","[345.58, 19]",134.98,81,32.3,0.14
07:41:01,"[119.0, 32]","[117.0, 8]","[149.25, 8]","[276.53, 15]",134.12,63,30.25,0.27
07:41:02,"[119.0, 24]","[117.0, 6]","[157.0, 6]","[308.0, 12]",138.0,48,38.0,0.25
07:41:03,"[119.0, 29]","[117.0, 9]","[155.78, 9]","[525.65, 17]",137.39,64,36.78,0.19
07:41:04,"[119.0, 28]","[117.0, 10]","[123.85, 13]","[125.81, 37]",121.42,88,4.85,-0.14
07:41:05,"[117.0, 12]","[113.8, 20]","[122.6, 10]","[125.0, 40]",119.8,82,5.6,-0.22
07:41:06,"[114.25, 8]","[112.36, 42]","[124.36, 25]","[125.26, 23]",119.31,98,10.11,0.02
07:41:07,"[112.55, 20]","[111.98, 100]","[123.17, 36]","[322.78, 36]",117.86,192,10.62,0.25
07:41:08,"[112.06, 64]","[110.75, 16]","[122.0, 36]","[246.0, 42]",117.03,158,9.94,0.01
07:41:09,"[112.0, 44]","[110.0, 11]","[120.58, 19]","[146.09, 33]",116.29,107,8.58,0.03
07:41:10,"[112.0, 32]","[110.0, 8]","[117.88, 24]","[119.36, 22]",114.94,86,5.88,-0.07
07:41:11,"[112.0, 22]","[110.95, 21]","[116.1, 21]","[117.36, 33]",114.05,97,4.1,-0.11
07:41:12,"[112.0, 16]","[111.0, 16]","[114.12, 8]","[116.0, 8]",113.06,48,2.12,0.33
07:41:13,"[111.52, 21]","[110.58, 24]","[113.38, 40]","[226.88, 16]",112.45,101,1.85,-0.11
07:41:14,"[112.65, 34]","[109.5, 24]","[116.0, 12]","[424.43, 21]",114.32,91,3.35,0.27
07:41:15,"[115.0, 50]","[111.0, 28]","[116.0, 14]","[210.57, 14]",115.5,106,1.0,0.47
07:41:16,"[115.0, 43]","[111.0, 18]","[154.0, 9]","[469.53, 15]",134.5,85,39.0,0.44
07:41:17,"[115.0, 9]","[111.0, 10]","[260.0, 5]","[688.6, 20]",187.5,44,145.0,-0.14
07:41:18,"[111.27, 11]","[110.27, 11]","[300.0, 41]","[472.0, 37]",205.64,100,188.73,-0.56
07:41:19,"[90.58, 12]","[53.82, 17]","[253.0, 44]","[344.83, 35]",171.79,108,162.42,-0.46
07:41:20,"[45.0, 6]","[29.0, 6]","[229.0, 12]","[394.0, 9]",137.0,33,184.0,-0.27
07:41:21,"[85.0, 22]","[66.0, 23]","[148.92, 48]","[316.29, 42]",116.96,135,63.92,-0.33
07:41:22,"[117.0, 24]","[110.82, 22]","[202.0, 16]","[394.0, 12]",159.5,74,85.0,0.24
07:41:23,"[117.0, 72]","[111.0, 74]","[451.13, 38]","[579.39, 23]",284.07,207,334.13,0.41
07:41:24,"[117.0, 48]","[111.0, 54]","[431.64, 28]","[576.71, 28]",274.32,158,314.64,0.29
07:41:25,"[117.0, 48]","[111.53, 57]","[332.23, 26]","[348.0, 20]",224.62,151,215.23,0.39
07:41:26,"[117.0, 19]","[112.0, 42]","[165.14, 7]","[326.16, 19]",141.07,87,48.14,0.4
07:41:27,"[115.58, 31]","[111.57, 49]","[161.36, 53]","[162.47, 17]",138.47,150,45.78,0.07
07:41:28,"[119.0, 76]","[112.0, 30]","[155.18, 55]","[156.06, 35]",137.09,196,36.18,0.08
07:41:29,"[119.0, 55]","[112.88, 17]","[153.27, 55]","[154.07, 43]",136.14,170,34.27,-0.15
07:41:30,"[119.0, 41]","[115.0, 9]","[150.84, 37]","[151.71, 17]",134.92,104,31.84,-0.04
07:41:31,"[119.0, 44]","[115.0, 11]","[148.73, 11]","[150.0, 55]",133.86,121,29.73,-0.09
07:41:32,"[119.0, 44]","[115.0, 11]","[145.75, 51]","[146.7, 27]",132.37,133,26.75,-0.17
07:41:33,"[115.5, 12]","[113.15, 39]","[141.26, 58]","[143.07, 58]",128.38,167,25.76,-0.39
07:41:34,"[115.86, 14]","[114.5, 12]","[136.62, 53]","[137.66, 53]",126.24,132,20.77,-0.61
07:41:35,"[113.0, 36]","[112.0, 30]","[132.33, 42]","[133.38, 40]",122.67,148,19.33,-0.11
07:41:36,"[113.11, 38]","[112.18, 22]","[128.62, 48]","[129.61, 46]",120.87,154,15.52,-0.22
07:41:37,"[115.0, 26]","[113.0, 52]","[125.6, 62]","[126.55, 58]",120.3,198,10.6,-0.21
07:41:38,"[115.0, 22]","[113.0, 44]","[122.23, 53]","[123.36, 55]",118.61,174,7.23,-0.24
07:41:39,"[115.0, 14]","[113.0, 28]","[118.2, 30]","[119.09, 33]",116.6,105,3.2,-0.2
07:41:40,"[112.21, 99]","[111.91, 132]","[114.76, 46]","[116.13, 46]",113.49,323,2.55,0.43
07:41:41,"[112.0, 105]","[111.0, 24]","[192.2, 30]","[263.87, 15]",152.1,174,80.2,0.48
07:41:42,"[112.0, 69]","[110.5, 24]","[283.94, 17]","[425.1, 20]",197.97,130,171.94,0.43
07:41:43,"[112.55, 66]","[111.1, 89]","[223.7, 37]","[414.14, 28]",168.12,220,111.16,0.41
07:41:44,"[116.0, 24]","[112.4, 20]","[222.0, 24]","[427.06, 17]",169.0,85,106.0,0.04
07:41:45,"[116.0, 18]","[113.0, 20]","[220.2, 30]","[221.2, 30]",168.1,98,104.2,-0.22
07:41:46,"[116.0, 8]","[113.0, 16]","[217.62, 24]","[218.88, 24]",166.81,72,101.62,-0.33
07:41:47,"[116.0, 12]","[113.0, 24]","[213.67, 36]","[215.0, 36]",164.83,108,97.67,-0.33
07:41:48,"[113.07, 15]","[111.17, 96]","[208.93, 45]","[210.53, 45]",161.0,201,95.87,0.1
07:41:49,"[112.0, 29]","[111.16, 19]","[204.6, 30]","[206.4, 30]",158.3,108,92.6,-0.11
07:41:50,"[111.37, 43]","[110.64, 33]","[201.11, 27]","[202.78, 27]",156.24,130,89.74,0.17
07:41:51,"[119.0, 9]","[111.0, 54]","[167.52, 25]","[177.0, 25]",143.26,113,48.52,0.12
07:41:52,"[119.0, 9]","[114.56, 54]","[159.56, 27]","[160.67, 27]",139.28,117,40.56,0.08
07:41:53,"[119.0, 7]","[115.0, 42]","[155.43, 21]","[159.0, 21]",137.21,91,36.43,0.08
07:41:54,"[116.5, 16]","[113.82, 33]","[153.38, 24]","[154.75, 24]",134.94,97,36.88,0.01
07:41:55,"[117.0, 18]","[115.0, 30]","[152.17, 18]","[153.33, 18]",134.58,84,35.17,0.14
07:41:56,"[116.71, 28]","[114.48, 46]","[148.33, 27]","[149.44, 27]",132.52,128,31.62,0.16
07:41:57,"[115.0, 20]","[111.0, 30]","[145.4, 15]","[146.4, 15]",130.2,80,30.4,0.25
07:41:58,"[112.56, 41]","[110.71, 34]","[142.84, 37]","[143.83, 29]",127.7,141,30.28,0.06
07:41:59,"[111.0, 45]","[110.0, 18]","[139.77, 31]","[140.87, 31]",125.39,125,28.77,0.01
07:42:00,"[111.0, 50]","[110.0, 20]","[136.5, 42]","[137.7, 30]",123.75,142,25.5,-0.01
07:42:01,"[112.11, 45]","[110.64, 39]","[131.94, 50]","[134.21, 42]",122.03,176,19.83,-0.05
07:42:02,"[114.49, 35]","[110.91, 69]","[127.34, 58]","[128.89, 54]",120.92,216,12.86,-0.04
07:42:03,"[112.0, 22]","[111.0, 33]","[122.18, 39]","[123.23, 43]",117.09,137,10.18,-0.2
07:42:04,"[114.71, 31]","[112.41, 29]","[118.82, 33]","[121.0, 55]",116.76,148,4.11,-0.19
07:42:05,"[112.0, 9]","[111.0, 27]","[117.11, 27]","[119.36, 33]",114.56,96,5.11,-0.25
07:42:06,"[111.53, 19]","[110.71, 42]","[114.36, 53]","[115.16, 51]",112.94,165,2.83,-0.26
07:42:07,"[110.68, 25]","[109.82, 44]","[112.64, 47]","[143.79, 38]",111.66,154,1.96,-0.1
07:42:08,"[104.69, 26]","[95.62, 32]","[111.9, 30]","[113.0, 50]",108.3,138,7.21,-0.16
07:42:09,"[67.57, 42]","[55.0, 36]","[105.73, 26]","[108.5, 38]",86.65,142,38.16,0.1
07:42:10,"[58.0, 45]","[32.0, 15]","[100.0, 10]","[103.0, 15]",79.0,85,42.0,0.41
07:42:11,"[58.0, 63]","[22.0, 12]","[103.0, 32]","[106.0, 35]",80.5,142,45.0,0.06
07:42:12,"[64.0, 27]","[0, 0]","[104.15, 13]","[106.33, 15]",84.08,55,40.15,-0.02
07:42:13,"[64.05, 38]","[46.35, 17]","[106.0, 25]","[107.0, 25]",85.03,105,41.95,0.05
07:42:14,"[65.67, 24]","[64.05, 38]","[106.0, 21]","[107.0, 17]",85.83,100,40.33,0.24
07:42:15,"[78.36, 72]","[73.16, 79]","[105.08, 38]","[106.12, 24]",91.72,213,26.72,0.42
07:42:16,"[84.98, 114]","[80.87, 30]","[104.2, 25]","[105.26, 34]",94.59,203,19.22,0.42
07:42:17,"[89.93, 108]","[87.85, 52]","[105.0, 45]","[106.0, 27]",97.46,232,15.07,0.38
07:42:18,"[93.62, 64]","[92.51, 134]","[101.0, 55]","[105.0, 55]",97.31,308,7.38,0.29
07:42:19,"[95.75, 56]","[95.2, 70]","[102.13, 53]","[105.39, 62]",98.94,241,6.38,0.05
07:42:20,"[98.25, 128]","[97.0, 16]","[106.0, 24]","[107.0, 24]",102.12,192,7.75,0.5
07:42:21,"[100.87, 30]","[100.02, 102]","[106.0, 27]","[107.0, 28]",103.43,187,5.13,0.41
07:42:22,"[103.97, 116]","[102.47, 15]","[107.57, 28]","[129.0, 13]",105.77,172,3.61,0.52
07:42:23,"[104.93, 148]","[104.56, 41]","[108.29, 21]","[185.77, 31]",106.61,241,3.35,0.57
07:42:24,"[107.41, 113]","[104.55, 71]","[109.0, 10]","[236.88, 43]",108.2,237,1.59,0.55
07:42:25,"[108.03, 61]","[107.12, 34]","[357.86, 21]","[579.56, 36]",232.94,152,249.82,0.25
07:42:26,"[117.0, 16]","[109.0, 4]","[269.0, 8]","[749.0, 16]",193.0,44,152.0,-0.09
07:42:27,"[117.0, 36]","[112.27, 33]","[334.11, 18]","[411.14, 28]",225.56,115,217.11,0.2
07:42:28,"[117.0, 28]","[113.0, 63]","[357.2, 20]","[547.55, 22]",237.1,133,240.2,0.37
07:42:29,"[117.0, 40]","[113.0, 90]","[292.56, 36]","[657.5, 24]",204.78,190,175.56,0.37
07:42:30,"[117.0, 16]","[113.55, 22]","[242.67, 18]","[480.44, 18]",179.83,74,125.67,0.03
07:42:31,"[114.5, 32]","[112.78, 69]","[214.44, 18]","[440.62, 32]",164.47,151,99.94,0.34
07:42:32,"[113.0, 36]","[112.0, 30]","[116.0, 11]","[116.67, 15]",114.5,92,3.0,0.43
07:42:33,"[113.0, 48]","[112.0, 40]","[114.1, 20]","[115.5, 12]",113.55,120,1.1,0.47
07:42:34,"[113.0, 35]","[112.0, 35]","[114.0, 21]","[598.0, 14]",113.5,105,1.0,0.33
07:42:35,"[113.0, 21]","[112.0, 30]","[146.6, 20]","[330.8, 20]",129.8,91,33.6,0.12
07:42:36,"[113.0, 7]","[112.0, 35]","[278.57, 28]","[388.57, 28]",195.79,98,165.57,-0.14
07:42:37,"[114.88, 17]","[112.17, 24]","[234.38, 26]","[295.12, 32]",174.63,99,119.5,-0.17
07:42:38,"[113.67, 9]","[111.71, 35]","[174.0, 18]","[311.38, 26]",143.83,88,60.33,0.0
07:42:39,"[112.0, 10]","[111.0, 25]","[238.0, 12]","[411.78, 18]",175.0,65,126.0,0.08
07:42:40,"[112.68, 31]","[111.19, 31]","[484.83, 24]","[585.67, 24]",298.76,110,372.16,0.13
07:42:41,"[115.5, 36]","[112.91, 35]","[282.67, 24]","[449.09, 22]",199.08,117,167.17,0.21
07:42:42,"[118.29, 21]","[113.56, 43]","[392.16, 50]","[419.78, 36]",255.22,150,273.87,-0.15
07:42:43,"[116.0, 12]","[114.12, 48]","[344.08, 48]","[389.2, 40]",230.04,148,228.08,-0.19
07:42:44,"[113.26, 50]","[113.11, 37]","[232.27, 45]","[286.95, 38]",172.76,170,119.01,0.02
07:42:45,"[114.6, 35]","[112.18, 17]","[122.0, 32]","[174.62, 24]",118.3,108,7.4,-0.04
07:42:46,"[117.78, 23]","[116.91, 129]","[121.4, 40]","[294.73, 26]",119.59,218,3.62,0.39
07:42:47,"[119.0, 6]","[117.0, 84]","[121.0, 24]","[293.6, 20]",120.0,134,2.0,0.34
07:42:48,"[119.0, 8]","[117.0, 112]","[184.33, 30]","[245.16, 31]",151.67,181,65.33,0.33
07:42:49,"[117.76, 21]","[116.93, 114]","[230.41, 34]","[313.29, 34]",174.09,203,112.65,0.33
07:42:50,"[117.0, 130]","[113.0, 20]","[218.95, 37]","[285.42, 38]",167.97,225,101.95,0.33
07:42:51,"[117.0, 117]","[113.0, 18]","[233.44, 36]","[392.64, 22]",175.22,193,116.44,0.4
07:42:52,"[117.0, 91]","[113.0, 14]","[219.2, 15]","[236.08, 24]",168.1,144,102.2,0.46
07:42:53,"[117.0, 104]","[113.0, 16]","[187.42, 12]","[205.53, 15]",152.21,147,70.42,0.63
07:42:54,"[117.0, 138]","[113.0, 115]","[166.77, 31]","[167.18, 34]",141.89,318,49.77,0.59
07:42:55,"[117.0, 56]","[113.0, 86]","[162.5, 10]","[166.85, 26]",139.75,178,45.5,0.6
07:42:56,"[117.0, 91]","[113.0, 26]","[156.63, 38]","[158.1, 29]",136.82,184,39.63,0.27
07:42:57,"[117.0, 65]","[113.0, 28]","[129.24, 25]","[145.63, 41]",123.12,159,12.24,0.17
07:42:58,"[117.0, 36]","[113.0, 18]","[118.93, 30]","[119.47, 15]",117.97,99,1.93,0.09
07:42:59,"[117.0, 29]","[113.0, 18]","[118.83, 29]","[159.82, 34]",117.91,110,1.83,-0.15
07:43:00,"[113.0, 20]","[112.0, 30]","[116.74, 35]","[117.66, 35]",114.87,120,3.74,-0.17
07:43:01,"[112.54, 26]","[111.37, 57]","[114.21, 38]","[126.73, 37]",113.37,158,1.67,0.05
07:43:02,"[111.82, 39]","[110.93, 142]","[113.13, 23]","[115.52, 65]",112.48,269,1.31,0.35
07:43:03,"[111.59, 34]","[110.78, 90]","[166.08, 36]","[384.08, 36]",138.84,196,54.5,0.27
07:43:04,"[111.0, 19]","[110.0, 70]","[338.59, 17]","[458.78, 18]",224.79,124,227.59,0.44
07:43:05,"[111.0, 20]","[110.0, 100]","[224.0, 14]","[264.29, 21]",167.5,155,113.0,0.55
07:43:06,"[111.0, 26]","[110.0, 130]","[183.76, 25]","[220.29, 21]",147.38,202,72.76,0.54
07:43:07,"[111.14, 14]","[110.06, 64]","[125.89, 9]","[170.07, 15]",118.52,102,14.75,0.53
07:43:08,"[112.75, 12]","[111.0, 24]","[121.43, 37]","[122.47, 19]",117.09,92,8.68,-0.22
07:43:09,"[113.0, 16]","[111.87, 45]","[119.78, 54]","[120.35, 31]",116.39,146,6.78,-0.16
07:43:10,"[112.52, 21]","[111.55, 53]","[114.74, 23]","[117.14, 29]",113.63,126,2.22,0.17
07:43:11,"[110.22, 51]","[109.67, 134]","[112.8, 25]","[160.27, 30]",111.51,240,2.58,0.54
07:43:12,"[112.64, 91]","[109.25, 102]","[189.21, 29]","[370.14, 37]",150.92,259,76.57,0.49
07:43:13,"[116.23, 78]","[112.09, 69]","[204.2, 20]","[229.71, 28]",160.22,195,87.97,0.51
07:43:14,"[116.82, 44]","[114.24, 68]","[187.0, 10]","[221.0, 42]",151.91,164,70.18,0.37
07:43:15,"[116.0, 88]","[110.13, 47]","[187.0, 11]","[424.18, 33]",151.5,179,71.0,0.51
07:43:16,"[116.0, 42]","[113.0, 11]","[186.55, 11]","[376.62, 37]",151.27,101,70.55,0.05
07:43:17,"[112.51, 43]","[109.67, 36]","[185.09, 11]","[323.0, 41]",148.8,131,72.58,0.21
07:43:18,"[110.79, 76]","[109.05, 88]","[183.06, 31]","[237.38, 47]",146.93,242,72.28,0.36
07:43:19,"[113.89, 9]","[109.7, 20]","[179.24, 17]","[181.35, 23]",146.56,69,65.35,-0.16
07:43:20,"[115.0, 10]","[111.0, 10]","[176.5, 40]","[179.0, 10]",145.75,70,61.5,-0.43
07:43:21,"[111.88, 32]","[111.6, 25]","[175.2, 40]","[179.0, 10]",143.54,107,63.32,0.07
07:43:22,"[111.23, 39]","[110.92, 59]","[174.56, 48]","[175.84, 31]",142.9,177,63.33,0.11
07:43:23,"[112.0, 9]","[110.46, 24]","[170.18, 22]","[171.7, 27]",141.09,82,58.18,-0.2
07:43:24,"[118.22, 9]","[111.5, 14]","[168.58, 26]","[169.33, 27]",143.4,76,50.35,-0.39
07:43:25,"[119.0, 8]","[115.33, 24]","[164.75, 20]","[166.67, 18]",141.88,70,45.75,-0.09
07:43:26,"[119.0, 11]","[116.0, 55]","[163.44, 32]","[163.8, 35]",141.22,133,44.44,-0.01
07:43:27,"[119.0, 8]","[116.0, 40]","[159.48, 23]","[161.0, 17]",139.24,88,40.48,0.09
07:43:28,"[119.0, 11]","[116.0, 55]","[155.67, 21]","[157.21, 24]",137.33,111,36.67,0.19
07:43:29,"[119.0, 7]","[116.12, 32]","[153.88, 25]","[154.67, 21]",136.44,85,34.88,-0.08
07:43:30,"[116.89, 19]","[115.79, 34]","[146.78, 36]","[152.9, 39]",131.84,128,29.88,-0.17
07:43:31,"[111.28, 43]","[110.26, 23]","[140.81, 31]","[145.21, 43]",126.04,140,29.53,-0.06
07:43:32,"[110.78, 27]","[106.12, 25]","[136.64, 33]","[138.0, 11]",123.71,96,25.86,0.08
07:43:33,"[110.0, 52]","[109.0, 13]","[132.68, 38]","[133.57, 21]",121.34,124,22.68,0.05
07:43:34,"[112.85, 53]","[110.2, 20]","[129.29, 21]","[130.83, 29]",121.07,123,16.44,0.19
07:43:35,"[117.0, 91]","[113.47, 34]","[127.85, 33]","[128.45, 22]",122.42,180,10.85,0.39
07:43:36,"[117.0, 69]","[115.0, 26]","[123.48, 29]","[124.29, 34]",120.24,158,6.48,0.2
07:43:37,"[115.86, 35]","[113.14, 86]","[118.49, 51]","[120.78, 36]",117.17,208,2.63,0.16
07:43:38,"[115.0, 18]","[113.0, 72]","[117.0, 36]","[118.0, 45]",116.0,171,2.0,0.05
07:43:39,"[115.0, 18]","[113.0, 72]","[116.5, 24]","[117.38, 39]",115.75,153,1.5,0.18
07:43:40,"[113.0, 35]","[112.0, 49]","[115.24, 17]","[116.21, 28]",114.12,129,2.24,0.3
07:43:41,"[112.1, 48]","[110.5, 14]","[113.45, 22]","[130.42, 24]",112.78,108,1.35,0.15
07:43:42,"[112.0, 48]","[78.57, 28]","[113.6, 20]","[467.0, 10]",112.8,106,1.6,0.43
07:43:43,"[96.88, 34]","[69.8, 15]","[112.89, 18]","[467.0, 9]",104.89,76,16.01,0.29
07:43:44,"[91.9, 40]","[77.58, 24]","[193.0, 13]","[488.18, 17]",142.45,94,101.1,0.36
07:43:45,"[112.92, 71]","[111.94, 32]","[284.43, 14]","[482.0, 10]",198.67,127,171.51,0.62
07:43:46,"[113.55, 44]","[112.77, 52]","[282.0, 12]","[477.53, 15]",197.77,123,168.45,0.56
07:43:47,"[114.0, 54]","[113.0, 90]","[280.67, 9]","[428.56, 36]",197.33,189,166.67,0.52
07:43:48,"[114.33, 36]","[113.26, 68]","[147.82, 22]","[330.7, 23]",131.08,149,33.48,0.4
07:43:49,"[115.0, 32]","[113.71, 68]","[141.1, 30]","[188.79, 34]",128.05,164,26.1,0.22
07:43:50,"[114.75, 79]","[112.96, 94]","[139.9, 30]","[338.35, 34]",127.32,237,25.15,0.46
07:43:51,"[113.0, 168]","[112.0, 48]","[137.25, 40]","[341.61, 46]",125.12,302,24.25,0.43
07:43:52,"[113.0, 112]","[112.0, 28]","[131.22, 23]","[155.97, 33]",122.11,196,18.22,0.43
07:43:53,"[113.0, 192]","[112.0, 56]","[131.0, 36]","[238.54, 46]",122.0,330,18.0,0.5
07:43:54,"[113.0, 97]","[112.0, 80]","[131.0, 30]","[241.6, 30]",122.0,237,18.0,0.49
07:43:55,"[113.14, 63]","[112.25, 81]","[129.64, 33]","[143.73, 33]",121.39,210,16.49,0.37
07:43:56,"[116.0, 9]","[114.0, 27]","[126.89, 27]","[128.78, 27]",121.44,90,10.89,-0.2
07:43:57,"[116.0, 13]","[114.0, 39]","[123.0, 39]","[124.62, 39]",119.5,130,7.0,-0.2
07:43:58,"[114.55, 11]","[113.14, 65]","[119.64, 33]","[121.0, 33]",117.09,142,5.09,0.07
07:43:59,"[115.4, 70]","[112.66, 79]","[117.95, 44]","[155.13, 45]",116.68,238,2.55,0.25
07:44:00,"[112.62, 63]","[111.92, 78]","[116.42, 24]","[117.73, 30]",114.52,195,3.8,0.45
07:44:01,"[112.84, 69]","[111.71, 68]","[115.64, 28]","[396.04, 28]",114.24,193,2.8,0.42
07:44:02,"[112.0, 48]","[111.0, 72]","[115.0, 26]","[574.31, 49]",113.5,195,3.0,0.23
07:44:03,"[110.84, 32]","[109.35, 23]","[112.56, 36]","[140.34, 47]",111.7,138,1.71,-0.2
07:44:04,"[110.0, 6]","[109.0, 18]","[163.56, 18]","[247.29, 24]",136.78,66,53.56,-0.27
07:44:05,"[111.0, 13]","[109.16, 45]","[161.42, 24]","[163.31, 26]",136.21,108,50.42,0.07
07:44:06,"[111.33, 15]","[110.0, 3]","[161.0, 6]","[162.0, 3]",136.17,27,49.67,0.33
07:44:07,"[112.0, 43]","[110.0, 9]","[161.0, 18]","[162.0, 9]",136.5,79,49.0,0.32
07:44:08,"[112.0, 24]","[110.0, 8]","[151.5, 18]","[150.54, 13]",131.75,63,39.5,0.02
07:44:09,"[112.0, 33]","[110.0, 11]","[129.89, 27]","[131.38, 16]",120.94,87,17.89,0.01
07:44:10,"[112.0, 15]","[110.0, 5]","[128.0, 15]","[131.0, 10]",120.0,45,16.0,-0.11
07:44:11,"[112.0, 33]","[110.71, 17]","[125.56, 25]","[126.65, 20]",118.78,95,13.56,0.05
07:44:12,"[111.23, 13]","[109.37, 19]","[124.0, 6]","[125.0, 18]",117.62,56,12.77,0.14
07:44:13,"[111.0, 18]","[109.53, 15]","[123.54, 13]","[124.91, 23]",117.27,69,12.54,-0.04
07:44:14,"[110.88, 16]","[109.26, 35]","[122.83, 24]","[123.44, 16]",116.85,91,11.96,0.12
07:44:15,"[118.85, 121]","[110.03, 32]","[120.71, 14]","[122.94, 34]",119.78,201,1.86,0.52
07:44:16,"[119.0, 99]","[115.0, 11]","[122.91, 33]","[246.74, 46]",120.95,189,3.91,0.16
07:44:17,"[119.0, 81]","[115.44, 9]","[122.0, 27]","[274.74, 35]",120.5,152,3.0,0.18
07:44:18,"[119.0, 76]","[115.25, 12]","[121.92, 36]","[245.0, 24]",120.46,148,2.92,0.19
07:44:19,"[119.0, 22]","[115.0, 13]","[120.2, 30]","[245.0, 23]",119.6,88,1.2,-0.2
07:44:20,"[114.29, 21]","[109.2, 44]","[119.52, 29]","[167.79, 34]",116.9,128,5.23,0.02
07:44:21,"[115.0, 28]","[110.0, 14]","[117.29, 28]","[120.0, 42]",116.14,112,2.29,-0.25
07:44:22,"[115.36, 22]","[112.59, 27]","[131.15, 40]","[256.54, 65]",123.26,154,15.79,-0.36
07:44:23,"[115.0, 26]","[111.74, 31]","[249.93, 41]","[346.83, 46]",182.46,144,134.93,-0.21
07:44:24,"[111.7, 20]","[108.2, 15]","[144.0, 14]","[201.57, 28]",127.85,77,32.3,-0.09
07:44:25,"[109.21, 28]","[105.06, 34]","[142.81, 21]","[232.9, 20]",126.01,103,33.6,0.2
07:44:26,"[113.27, 11]","[109.05, 74]","[137.79, 39]","[140.5, 34]",125.53,158,24.52,0.08
07:44:27,"[110.67, 12]","[104.97, 35]","[133.8, 15]","[134.92, 26]",122.23,88,23.13,0.07
07:44:28,"[109.3, 20]","[100.4, 25]","[132.4, 30]","[134.0, 20]",120.85,95,23.1,-0.05
07:44:29,"[109.36, 11]","[88.91, 11]","[131.71, 28]","[133.68, 19]",120.54,69,22.35,-0.36
07:44:30,"[109.0, 10]","[93.25, 20]","[131.45, 31]","[401.0, 37]",120.23,98,22.45,-0.39
07:44:31,"[109.0, 16]","[97.0, 30]","[129.14, 36]","[130.06, 34]",119.07,116,20.14,-0.21
07:44:32,"[113.06, 31]","[102.92, 25]","[123.43, 49]","[124.98, 49]",118.25,154,10.36,-0.27
07:44:33,"[74.96, 23]","[53.38, 21]","[120.23, 52]","[122.0, 39]",97.59,135,45.27,-0.35
07:44:34,"[114.16, 57]","[56.2, 55]","[116.89, 57]","[118.25, 53]",115.53,222,2.74,0.01
07:44:35,"[111.28, 58]","[85.78, 103]","[114.46, 52]","[193.6, 53]",112.87,266,3.19,0.21
07:44:36,"[109.13, 30]","[83.88, 86]","[115.86, 28]","[253.33, 36]",112.5,180,6.72,0.29
07:44:37,"[109.0, 21]","[85.57, 42]","[113.31, 16]","[115.68, 19]",111.16,98,4.31,0.29
07:44:38,"[109.0, 36]","[90.41, 88]","[111.64, 14]","[113.17, 12]",110.32,150,2.64,0.65
07:44:39,"[109.0, 56]","[94.32, 102]","[116.25, 48]","[181.95, 22]",112.62,228,7.25,0.39
07:44:40,"[107.92, 36]","[86.9, 60]","[281.47, 45]","[314.6, 53]",194.69,194,173.55,-0.01
07:44:41,"[76.94, 48]","[58.38, 8]","[295.39, 28]","[401.33, 36]",186.17,120,218.46,-0.07
07:44:42,"[99.0, 12]","[74.86, 42]","[300.08, 48]","[411.22, 59]",199.54,161,201.08,-0.33
07:44:43,"[106.45, 20]","[69.45, 22]","[318.0, 40]","[372.33, 18]",212.22,100,211.55,-0.16
07:44:44,"[110.0, 18]","[57.37, 27]","[452.16, 32]","[573.61, 23]",281.08,100,342.16,-0.1
07:44:45,"[110.69, 13]","[88.07, 30]","[384.0, 50]","[582.87, 31]",247.35,124,273.31,-0.31
07:44:46,"[112.0, 7]","[110.08, 13]","[513.71, 28]","[612.06, 17]",312.86,65,401.71,-0.38
07:44:47,"[112.91, 11]","[110.16, 19]","[190.17, 41]","[266.73, 33]",151.54,104,77.26,-0.42
07:44:48,"[113.71, 7]","[110.56, 9]","[246.88, 25]","[403.79, 28]",180.3,69,133.17,-0.54
07:44:49,"[116.3, 10]","[106.5, 10]","[344.12, 43]","[588.21, 47]",230.21,110,227.82,-0.64
07:44:50,"[110.0, 10]","[87.46, 13]","[153.68, 38]","[659.53, 38]",131.84,99,43.68,-0.54
07:44:51,"[115.09, 11]","[105.92, 12]","[251.02, 43]","[592.94, 34]",183.06,100,135.93,-0.54
07:44:52,"[110.0, 11]","[93.22, 9]","[345.89, 18]","[591.59, 37]",227.94,75,235.89,-0.47
07:44:53,"[114.0, 26]","[110.83, 12]","[283.58, 24]","[368.57, 30]",198.79,92,169.58,-0.17
07:44:54,"[115.12, 17]","[113.64, 11]","[254.5, 24]","[279.88, 17]",184.81,69,139.38,-0.19
07:44:55,"[115.0, 12]","[112.0, 4]","[379.2, 10]","[507.27, 11]",247.1,37,264.2,-0.14
07:44:56,"[115.0, 30]","[112.0, 10]","[407.76, 21]","[439.15, 33]",261.38,94,292.76,-0.15
07:44:57,"[115.0, 21]","[112.0, 6]","[425.0, 8]","[427.4, 10]",270.0,45,310.0,0.2
07:44:58,"[115.0, 72]","[112.0, 12]","[368.2, 25]","[370.38, 16]",241.6,125,253.2,0.34
07:44:59,"[113.61, 69]","[100.58, 24]","[144.8, 30]","[174.68, 37]",129.2,160,31.19,0.16
07:45:00,"[109.41, 54]","[88.5, 16]","[117.05, 19]","[119.25, 16]",113.23,105,7.65,0.33
07:45:01,"[110.0, 109]","[109.0, 40]","[113.42, 19]","[114.8, 15]",111.71,183,3.42,0.63
07:45:02,"[110.66, 100]","[108.94, 35]","[112.85, 26]","[221.62, 26]",111.75,187,2.19,0.44
07:45:03,"[113.0, 48]","[109.0, 27]","[114.67, 18]","[269.0, 18]",113.83,111,1.67,0.35
07:45:04,"[108.28, 25]","[105.18, 11]","[114.0, 16]","[346.0, 16]",111.14,68,5.72,0.06
07:45:05,"[107.0, 40]","[86.0, 10]","[114.0, 16]","[323.5, 16]",110.5,82,7.0,0.22
07:45:06,"[110.0, 10]","[108.2, 50]","[244.9, 20]","[566.22, 27]",177.45,107,134.9,0.12
07:45:07,"[110.0, 5]","[109.0, 25]","[271.0, 25]","[305.0, 10]",190.5,65,161.0,-0.08
07:45:08,"[110.0, 4]","[109.0, 20]","[271.0, 20]","[321.0, 8]",190.5,52,161.0,-0.08
07:45:09,"[112.57, 7]","[109.04, 26]","[270.33, 15]","[274.7, 27]",191.45,75,157.76,-0.12
07:45:10,"[119.0, 16]","[110.0, 8]","[200.75, 40]","[238.57, 28]",159.88,92,81.75,-0.48
07:45:11,"[119.0, 28]","[111.85, 26]","[223.27, 37]","[223.93, 67]",171.14,158,104.27,-0.32
07:45:12,"[111.5, 24]","[64.55, 33]","[220.52, 27]","[222.67, 36]",166.01,120,109.02,-0.05
07:45:13,"[93.93, 30]","[63.32, 41]","[217.95, 43]","[218.8, 55]",155.94,169,124.02,-0.16
07:45:14,"[66.0, 5]","[65.0, 20]","[100.0, 15]","[147.8, 10]",83.0,50,34.0,0.0
07:45:15,"[75.77, 22]","[73.0, 28]","[100.0, 27]","[103.0, 20]",87.89,97,24.23,0.03
07:45:16,"[81.67, 12]","[76.11, 18]","[99.0, 18]","[100.0, 12]",90.33,60,17.33,0.0
07:45:17,"[84.0, 20]","[77.0, 5]","[99.0, 10]","[100.0, 10]",91.5,45,15.0,0.11
07:45:18,"[84.0, 20]","[77.0, 5]","[99.0, 10]","[100.0, 10]",91.5,45,15.0,0.11
07:45:19,"[81.06, 16]","[63.67, 42]","[99.56, 18]","[101.08, 26]",90.31,102,18.49,0.14
07:45:20,"[79.75, 12]","[33.54, 52]","[101.0, 24]","[102.31, 64]",90.38,152,21.25,-0.16
07:45:21,"[82.36, 11]","[50.61, 41]","[106.78, 45]","[111.48, 67]",94.57,164,24.41,-0.37
07:45:22,"[85.0, 10]","[83.0, 10]","[107.0, 66]","[119.0, 50]",96.0,136,22.0,-0.71
07:45:23,"[101.18, 28]","[95.5, 14]","[107.0, 69]","[116.41, 27]",104.09,138,5.82,-0.39
07:45:24,"[104.81, 16]","[102.75, 12]","[131.62, 34]","[168.77, 48]",118.22,110,26.81,-0.49
07:45:25,"[113.25, 40]","[110.11, 19]","[132.36, 55]","[268.92, 39]",122.81,153,19.11,-0.23
07:45:26,"[115.0, 30]","[113.0, 6]","[196.0, 30]","[408.0, 22]",155.5,88,81.0,-0.18
07:45:27,"[96.29, 38]","[65.54, 26]","[227.0, 60]","[504.85, 52]",161.64,176,130.71,-0.27
07:45:28,"[68.88, 24]","[54.5, 24]","[99.26, 23]","[146.0, 20]",84.07,91,30.39,0.05
07:45:29,"[78.28, 47]","[45.34, 35]","[103.03, 31]","[197.47, 17]",90.65,130,24.76,0.26
07:45:30,"[105.67, 18]","[96.2, 50]","[164.48, 27]","[223.64, 11]",135.07,106,58.81,0.28
07:45:31,"[115.0, 8]","[112.0, 8]","[143.42, 12]","[190.58, 12]",129.21,40,28.42,-0.2
07:45:32,"[115.0, 19]","[112.0, 7]","[143.0, 7]","[322.82, 33]",129.0,66,28.0,-0.21
07:45:33,"[111.01, 76]","[98.47, 40]","[143.0, 10]","[269.0, 50]",127.01,176,31.99,0.32
07:45:34,"[111.0, 105]","[71.77, 122]","[137.74, 23]","[265.24, 67]",124.37,317,26.74,0.43
07:45:35,"[111.0, 55]","[74.0, 64]","[141.25, 8]","[246.5, 40]",126.12,167,30.25,0.43
07:45:36,"[112.2, 30]","[87.32, 50]","[121.47, 19]","[239.0, 18]",116.84,117,9.27,0.37
07:45:37,"[117.0, 20]","[111.0, 60]","[138.7, 10]","[277.1, 40]",127.85,130,21.7,0.23
07:45:38,"[117.0, 14]","[111.0, 42]","[136.43, 7]","[545.67, 33]",126.71,96,19.43,0.17
07:45:39,"[117.0, 13]","[111.0, 60]","[133.59, 46]","[307.86, 14]",125.29,133,16.59,0.1
07:45:40,"[117.0, 8]","[111.0, 48]","[129.5, 32]","[131.17, 24]",123.25,112,12.5,0.0
07:45:41,"[117.0, 11]","[111.06, 62]","[124.9, 48]","[126.29, 38]",120.95,159,7.9,-0.08
07:45:42,"[115.33, 12]","[111.64, 44]","[121.06, 32]","[121.96, 48]",118.2,136,5.73,-0.18
07:45:43,"[113.0, 14]","[111.0, 84]","[116.58, 50]","[116.72, 25]",114.79,173,3.58,0.13
07:45:44,"[111.0, 54]","[110.0, 36]","[114.24, 42]","[116.09, 44]",112.62,176,3.24,0.02
07:45:45,"[111.08, 52]","[110.27, 44]","[113.22, 23]","[114.8, 50]",112.15,169,2.14,0.14
07:45:46,"[110.67, 42]","[109.7, 46]","[112.0, 29]","[113.0, 30]",111.33,147,1.33,0.2
07:45:47,"[109.44, 18]","[93.07, 29]","[111.57, 14]","[112.84, 19]",110.51,80,2.13,0.17
07:45:48,"[109.08, 13]","[87.11, 37]","[110.64, 22]","[202.47, 17]",109.86,89,1.56,0.12
07:45:49,"[109.11, 9]","[93.17, 40]","[126.61, 41]","[155.39, 31]",117.86,121,17.5,-0.19
07:45:50,"[109.0, 7]","[80.64, 28]","[127.0, 35]","[154.27, 22]",118.0,92,18.0,-0.24
07:45:51,"[109.0, 10]","[104.48, 23]","[163.0, 41]","[413.0, 21]",136.0,95,54.0,-0.31
07:45:52,"[109.82, 22]","[106.29, 17]","[232.56, 36]","[320.8, 30]",171.19,105,122.74,-0.26
07:45:53,"[111.0, 18]","[109.0, 9]","[299.33, 15]","[403.0, 12]",205.17,54,188.33,0.0
07:45:54,"[112.67, 24]","[109.32, 50]","[160.6, 15]","[354.56, 36]",136.63,125,47.93,0.18
07:45:55,"[116.4, 20]","[114.29, 28]","[275.0, 32]","[481.75, 16]",195.7,96,158.6,0.0
07:45:56,"[115.0, 36]","[113.0, 12]","[225.0, 14]","[255.86, 14]",170.0,76,110.0,0.26
07:45:57,"[115.0, 75]","[113.0, 26]","[274.6, 30]","[409.6, 40]",194.8,171,159.6,0.18
07:45:58,"[114.71, 28]","[113.5, 16]","[332.82, 22]","[444.6, 20]",223.77,86,218.1,0.02
07:45:59,"[113.82, 17]","[110.19, 47]","[245.2, 20]","[341.45, 22]",179.51,106,131.38,0.21
07:46:00,"[116.43, 21]","[110.6, 35]","[230.78, 18]","[383.0, 36]",173.6,110,114.35,0.02
07:46:01,"[119.0, 35]","[113.0, 7]","[434.54, 24]","[495.8, 20]",276.77,86,315.54,-0.02
07:46:02,"[119.0, 29]","[113.0, 7]","[462.6, 20]","[515.43, 21]",290.8,77,343.6,-0.06
07:46:03,"[117.0, 15]","[112.2, 25]","[416.19, 26]","[492.46, 28]",266.6,94,299.19,-0.15
07:46:04,"[114.43, 7]","[112.38, 13]","[406.95, 20]","[424.57, 21]",260.69,61,292.52,-0.34
07:46:05,"[115.0, 7]","[113.0, 6]","[315.12, 17]","[341.15, 13]",215.06,43,200.12,-0.4
07:46:06,"[111.24, 34]","[110.46, 70]","[219.0, 30]","[337.62, 29]",165.12,163,107.76,0.28
07:46:07,"[111.0, 50]","[110.0, 90]","[314.27, 26]","[483.07, 29]",212.63,195,203.27,0.44
07:46:08,"[111.0, 50]","[110.0, 90]","[263.62, 21]","[273.71, 21]",187.31,182,152.62,0.54
07:46:09,"[111.0, 40]","[110.0, 72]","[245.62, 16]","[259.29, 17]",178.31,145,134.62,0.54
07:46:10,"[111.71, 34]","[110.77, 78]","[239.94, 33]","[287.68, 37]",175.82,182,128.23,0.23
07:46:11,"[111.0, 34]","[110.11, 85]","[240.08, 39]","[241.09, 33]",175.54,191,129.08,0.25
07:46:12,"[111.66, 38]","[109.88, 91]","[219.88, 25]","[240.88, 32]",165.77,186,108.22,0.39
07:46:13,"[113.0, 36]","[110.0, 96]","[140.74, 53]","[206.19, 27]",126.87,212,27.74,0.25
07:46:14,"[110.92, 59]","[109.28, 107]","[137.78, 32]","[139.61, 23]",124.35,221,26.87,0.5
07:46:15,"[119.0, 18]","[111.12, 75]","[132.75, 24]","[134.87, 31]",125.88,148,13.75,0.26
07:46:16,"[119.0, 11]","[117.0, 66]","[129.31, 32]","[130.73, 30]",124.16,139,10.31,0.11
07:46:17,"[117.14, 58]","[115.0, 42]","[125.61, 38]","[126.81, 42]",121.37,180,8.47,0.11
07:46:18,"[117.0, 44]","[114.07, 15]","[123.0, 33]","[126.25, 24]",120.0,116,6.0,0.02
07:46:19,"[117.0, 32]","[113.44, 9]","[122.0, 24]","[123.75, 24]",119.5,89,5.0,-0.08
07:46:20,"[117.0, 40]","[113.0, 18]","[119.48, 21]","[121.1, 30]",118.24,109,2.48,0.06
07:46:21,"[117.0, 28]","[113.0, 8]","[119.0, 18]","[121.25, 24]",118.0,78,2.0,-0.08
07:46:22,"[117.0, 24]","[113.0, 17]","[121.0, 39]","[122.0, 39]",119.0,119,4.0,-0.31
07:46:23,"[117.0, 13]","[113.0, 13]","[119.46, 39]","[121.08, 39]",118.23,104,2.46,-0.5
07:46:24,"[113.67, 12]","[112.09, 22]","[117.03, 34]","[118.67, 36]",115.35,104,3.36,-0.35
07:46:25,"[112.14, 14]","[111.1, 40]","[114.12, 16]","[116.0, 24]",113.13,94,1.98,0.15
07:46:26,"[111.4, 50]","[110.41, 59]","[173.48, 29]","[405.14, 35]",142.44,173,62.08,0.26
07:46:27,"[110.42, 52]","[109.54, 65]","[129.86, 28]","[199.81, 21]",120.14,166,19.43,0.41
07:46:28,"[110.0, 34]","[109.0, 50]","[116.86, 14]","[118.88, 16]",113.43,114,6.86,0.47
07:46:29,"[111.82, 11]","[109.55, 11]","[113.29, 7]","[115.0, 14]",112.55,43,1.47,0.02
07:46:30,"[112.0, 6]","[110.0, 6]","[115.0, 6]","[300.0, 23]",113.5,41,3.0,-0.41
07:46:31,"[112.0, 5]","[110.0, 5]","[114.0, 5]","[293.6, 20]",113.0,35,2.0,-0.43
07:46:32,"[110.22, 9]","[108.92, 25]","[111.78, 9]","[232.0, 36]",111.0,79,1.56,-0.14
07:46:33,"[73.1, 20]","[64.44, 54]","[218.64, 22]","[355.1, 29]",145.87,125,145.54,0.18
07:46:34,"[104.55, 20]","[77.62, 24]","[252.08, 36]","[437.72, 46]",178.32,126,147.53,-0.3
07:46:35,"[111.6, 10]","[110.86, 14]","[255.0, 32]","[293.0, 24]",183.3,80,143.4,-0.4
07:46:36,"[112.88, 8]","[111.9, 40]","[242.5, 32]","[293.0, 24]",177.69,104,129.62,-0.08
07:46:37,"[113.67, 12]","[112.03, 62]","[317.65, 31]","[658.86, 42]",215.66,147,203.98,0.01
07:46:38,"[117.0, 8]","[114.0, 8]","[142.0, 32]","[372.04, 26]",129.5,74,25.0,-0.57
07:46:39,"[117.0, 11]","[115.0, 17]","[142.0, 44]","[358.03, 37]",129.5,109,25.0,-0.49
07:46:40,"[115.32, 19]","[112.6, 60]","[322.36, 14]","[534.4, 35]",218.84,128,207.04,0.23
07:46:41,"[115.0, 12]","[112.0, 36]","[467.56, 18]","[489.14, 21]",291.28,87,352.56,0.1
07:46:42,"[114.06, 32]","[111.94, 70]","[279.95, 44]","[315.41, 39]",197.01,185,165.89,0.1
07:46:43,"[114.63, 38]","[112.48, 64]","[130.45, 51]","[153.18, 44]",122.54,197,15.82,0.04
07:46:44,"[113.0, 40]","[112.0, 50]","[126.54, 28]","[128.26, 34]",119.77,152,13.54,0.18
07:46:45,"[112.41, 59]","[111.68, 44]","[120.0, 27]","[120.74, 47]",116.2,177,7.59,0.16
07:46:46,"[112.0, 40]","[111.0, 16]","[116.59, 27]","[116.62, 21]",114.3,104,4.59,0.08
07:46:47,"[111.38, 39]","[95.31, 45]","[113.04, 47]","[155.47, 17]",112.21,148,1.66,0.14
07:46:48,"[109.0, 6]","[108.0, 6]","[112.33, 30]","[373.17, 6]",110.67,48,3.33,-0.5
07:46:49,"[109.0, 8]","[108.0, 8]","[115.67, 36]","[284.36, 11]",112.33,63,6.67,-0.49
07:46:50,"[110.78, 9]","[108.29, 7]","[264.0, 7]","[382.14, 28]",187.39,51,153.22,-0.37
07:46:51,"[108.73, 44]","[96.25, 53]","[574.6, 15]","[747.89, 36]",341.66,148,465.87,0.31
07:46:52,"[113.71, 41]","[111.29, 21]","[529.76, 34]","[627.94, 33]",321.74,129,416.06,-0.04
07:46:53,"[112.56, 32]","[98.72, 29]","[336.58, 48]","[446.27, 44]",224.57,153,224.02,-0.2
07:46:54,"[117.55, 11]","[107.92, 13]","[431.29, 24]","[477.38, 21]",274.42,69,313.75,-0.3
07:46:55,"[111.0, 6]","[101.0, 12]","[465.5, 30]","[467.0, 30]",288.25,78,354.5,-0.54
07:46:56,"[108.32, 28]","[74.93, 27]","[310.0, 46]","[391.36, 47]",209.16,148,201.68,-0.26
07:46:57,"[70.62, 45]","[60.87, 45]","[251.94, 51]","[268.91, 55]",161.28,196,181.32,-0.08
07:46:58,"[48.14, 43]","[37.17, 18]","[102.23, 31]","[105.22, 45]",75.18,137,54.09,-0.11
07:46:59,"[73.0, 42]","[26.29, 21]","[103.0, 30]","[107.0, 35]",88.0,128,30.0,-0.02
07:47:00,"[80.87, 46]","[49.57, 42]","[103.0, 40]","[106.8, 50]",91.93,178,22.13,-0.01
07:47:01,"[88.67, 46]","[79.89, 27]","[103.0, 28]","[106.0, 35]",95.84,136,14.33,0.07
07:47:02,"[89.0, 91]","[86.07, 41]","[103.0, 52]","[106.0, 65]",96.0,249,14.0,0.06
07:47:03,"[89.0, 84]","[58.88, 66]","[103.54, 28]","[106.08, 60]",96.27,238,14.54,0.26
07:47:04,"[90.59, 76]","[64.95, 93]","[104.83, 63]","[105.92, 65]",97.71,297,14.23,0.14
07:47:05,"[95.68, 37]","[94.64, 28]","[104.5, 20]","[105.38, 40]",100.09,125,8.82,0.04
07:47:06,"[99.31, 61]","[98.78, 36]","[103.0, 9]","[105.0, 45]",101.16,151,3.69,0.28
07:47:07,"[101.26, 38]","[100.36, 44]","[103.0, 8]","[105.0, 40]",102.13,130,1.74,0.26
07:47:08,"[102.0, 10]","[101.0, 35]","[103.0, 5]","[105.0, 25]",102.5,75,1.0,0.2
07:47:09,"[103.28, 36]","[101.04, 53]","[105.48, 33]","[106.2, 59]",104.38,181,2.21,-0.02
07:47:10,"[105.04, 46]","[104.11, 18]","[107.0, 13]","[109.0, 36]",106.02,113,1.96,0.13
07:47:11,"[105.88, 16]","[81.31, 36]","[109.0, 36]","[262.0, 20]",107.44,108,3.12,-0.04
07:47:12,"[102.3, 20]","[96.2, 50]","[109.0, 10]","[304.0, 30]",105.65,110,6.7,0.27
07:47:13,"[102.44, 25]","[87.97, 62]","[109.0, 11]","[280.73, 55]",105.72,153,6.56,0.14
07:47:14,"[76.32, 59]","[49.81, 124]","[156.33, 24]","[224.41, 22]",116.33,229,80.01,0.6
07:47:15,"[85.0, 6]","[50.0, 36]","[127.38, 13]","[153.15, 13]",106.19,68,42.38,0.24
07:47:16,"[104.57, 28]","[96.31, 39]","[126.09, 44]","[128.0, 55]",115.33,166,21.52,-0.19
07:47:17,"[108.12, 40]","[76.0, 123]","[125.72, 29]","[143.39, 36]",116.92,228,17.6,0.43
07:47:18,"[113.31, 26]","[111.15, 46]","[122.56, 16]","[125.82, 34]",117.94,122,9.25,0.18
07:47:19,"[117.24, 17]","[113.44, 39]","[121.0, 48]","[123.0, 12]",119.12,116,3.76,-0.03
07:47:20,"[117.0, 15]","[113.14, 35]","[120.1, 40]","[121.05, 37]",118.55,127,3.1,-0.21
07:47:21,"[113.58, 40]","[78.02, 95]","[117.92, 48]","[237.31, 49]",115.75,232,4.34,0.16
07:47:22,"[112.65, 46]","[80.97, 61]","[328.64, 33]","[408.9, 39]",220.64,179,215.98,0.2
07:47:23,"[110.2, 20]","[103.13, 45]","[349.48, 29]","[394.35, 31]",229.84,125,239.28,0.04
07:47:24,"[109.79, 38]","[99.54, 72]","[184.98, 45]","[337.52, 31]",147.38,186,75.19,0.18
07:47:25,"[110.64, 140]","[109.0, 20]","[123.41, 32]","[124.85, 47]",117.02,239,12.76,0.34
07:47:26,"[111.92, 120]","[109.0, 24]","[118.03, 36]","[119.49, 35]",114.97,215,6.11,0.34
07:47:27,"[112.0, 134]","[110.0, 165]","[113.9, 31]","[121.0, 47]",112.95,377,1.9,0.59
07:47:28,"[110.84, 79]","[109.94, 67]","[285.44, 27]","[330.94, 34]",198.14,207,174.61,0.41
07:47:29,"[112.67, 51]","[111.94, 105]","[311.83, 36]","[457.7, 40]",212.25,232,199.17,0.34
07:47:30,"[112.14, 83]","[110.57, 77]","[253.0, 21]","[378.0, 21]",182.57,202,140.86,0.58
07:47:31,"[112.97, 123]","[111.52, 81]","[250.0, 36]","[285.0, 36]",181.48,276,137.03,0.48
07:47:32,"[119.0, 40]","[113.0, 40]","[229.12, 16]","[248.52, 21]",174.06,117,110.12,0.37
07:47:33,"[119.0, 35]","[113.0, 35]","[149.4, 15]","[164.62, 24]",134.2,109,30.4,0.28
07:47:34,"[119.0, 50]","[113.33, 48]","[146.5, 18]","[147.59, 22]",132.75,138,27.5,0.42
07:47:35,"[118.03, 33]","[114.33, 30]","[144.09, 22]","[145.55, 11]",131.06,96,26.06,0.31
07:47:36,"[115.0, 36]","[113.0, 45]","[141.88, 32]","[142.81, 27]",128.44,140,26.88,0.16
07:47:37,"[115.0, 48]","[113.0, 60]","[138.57, 40]","[140.55, 44]",126.79,192,23.57,0.12
07:47:38,"[115.0, 40]","[113.0, 50]","[135.19, 36]","[137.88, 34]",125.1,160,20.19,0.12
07:47:39,"[113.48, 33]","[112.07, 142]","[130.35, 37]","[132.96, 47]",121.92,259,16.87,0.35
07:47:40,"[112.45, 44]","[111.69, 142]","[114.3, 27]","[125.0, 30]",113.38,243,1.84,0.53
07:47:41,"[112.0, 96]","[110.03, 68]","[114.5, 8]","[121.71, 17]",113.25,189,2.5,0.74
07:47:42,"[112.0, 142]","[111.0, 13]","[113.36, 25]","[120.46, 13]",112.68,193,1.36,0.61
07:47:43,"[112.0, 124]","[111.0, 12]","[123.92, 48]","[191.56, 41]",117.96,225,11.92,0.21
07:47:44,"[112.0, 42]","[111.0, 6]","[244.0, 24]","[427.31, 16]",178.0,88,132.0,0.09
07:47:45,"[112.0, 45]","[111.0, 7]","[168.71, 28]","[328.53, 15]",140.36,95,56.71,0.09
07:47:46,"[110.86, 63]","[109.7, 53]","[354.88, 17]","[694.79, 24]",232.87,157,244.03,0.48
07:47:47,"[110.0, 64]","[109.0, 24]","[345.2, 10]","[400.17, 12]",227.6,110,235.2,0.6
07:47:48,"[110.0, 64]","[109.0, 24]","[265.89, 9]","[396.18, 17]",187.94,114,155.89,0.54
07:47:49,"[110.19, 52]","[109.28, 25]","[384.71, 17]","[393.85, 13]",247.45,107,274.51,0.44
07:47:50,"[112.32, 56]","[110.25, 80]","[276.78, 36]","[323.89, 36]",194.55,208,164.46,0.31
07:47:51,"[115.0, 24]","[112.0, 50]","[252.4, 35]","[253.67, 30]",183.7,139,137.4,0.06
07:47:52,"[115.0, 19]","[112.0, 60]","[251.0, 36]","[253.0, 48]",183.0,163,136.0,-0.03
07:47:53,"[115.0, 58]","[112.0, 65]","[248.72, 43]","[250.73, 48]",181.86,214,133.72,0.15
07:47:54,"[115.0, 36]","[112.0, 45]","[245.62, 32]","[246.48, 31]",180.31,144,130.62,0.12
07:47:55,"[115.32, 38]","[112.39, 64]","[242.16, 43]","[243.8, 41]",178.74,186,126.85,0.1
07:47:56,"[115.0, 36]","[112.76, 84]","[238.94, 35]","[240.0, 29]",176.97,184,123.94,0.3
07:47:57,"[115.0, 21]","[112.0, 35]","[185.6, 25]","[221.45, 22]",150.3,103,70.6,0.09
07:47:58,"[115.0, 24]","[112.0, 70]","[156.43, 28]","[157.33, 30]",135.71,152,41.43,0.24
07:47:59,"[115.0, 21]","[112.0, 77]","[153.62, 16]","[154.83, 24]",134.31,138,38.62,0.42
07:48:00,"[115.0, 18]","[112.0, 66]","[150.69, 16]","[152.43, 14]",132.84,114,35.69,0.47
07:48:01,"[115.0, 30]","[112.0, 110]","[146.44, 32]","[147.86, 28]",130.72,200,31.44,0.4
07:48:02,"[115.0, 42]","[112.0, 154]","[143.19, 31]","[144.07, 44]",129.1,271,28.19,0.45
07:48:03,"[112.88, 82]","[111.83, 106]","[138.32, 34]","[140.05, 40]",125.6,262,25.45,0.44
07:48:04,"[112.48, 89]","[111.57, 67]","[133.19, 37]","[134.11, 56]",122.84,249,20.71,0.25
07:48:05,"[114.93, 82]","[111.73, 77]","[126.85, 46]","[127.77, 52]",120.89,257,11.92,0.24
07:48:06,"[112.0, 17]","[111.0, 30]","[121.16, 25]","[123.12, 33]",116.58,105,9.16,-0.1
07:48:07,"[112.0, 30]","[110.77, 66]","[116.67, 30]","[118.14, 42]",114.33,168,4.67,0.14
07:48:08,"[112.0, 28]","[111.0, 84]","[114.9, 30]","[116.6, 20]",113.45,162,2.9,0.38
07:48:09,"[111.03, 60]","[110.14, 42]","[112.1, 29]","[134.41, 29]",111.57,160,1.07,0.28
07:48:10,"[111.0, 11]","[110.0, 21]","[222.07, 15]","[320.91, 33]",166.53,80,111.07,-0.2
07:48:11,"[109.15, 26]","[97.43, 14]","[268.11, 46]","[352.93, 14]",188.63,100,158.95,-0.2
07:48:12,"[104.29, 34]","[89.38, 26]","[268.23, 26]","[298.67, 45]",186.26,131,163.94,-0.08
07:48:13,"[94.69, 26]","[63.0, 44]","[245.23, 13]","[279.25, 12]",169.96,95,150.54,0.47
07:48:14,"[102.0, 30]","[55.12, 16]","[236.21, 19]","[238.46, 13]",169.11,78,134.21,0.18
07:48:15,"[102.0, 16]","[54.12, 8]","[147.78, 27]","[187.48, 23]",124.89,74,45.78,-0.35
07:48:16,"[96.0, 11]","[88.64, 22]","[105.36, 33]","[107.0, 46]",100.68,112,9.36,-0.41
07:48:17,"[93.75, 8]","[78.0, 14]","[104.23, 22]","[106.8, 45]",98.99,89,10.48,-0.51
07:48:18,"[73.17, 12]","[52.25, 16]","[104.0, 24]","[107.0, 48]",88.58,100,30.83,-0.44
07:48:19,"[85.78, 18]","[84.0, 18]","[104.0, 27]","[107.0, 54]",94.89,117,18.22,-0.38
07:48:20,"[86.0, 18]","[84.0, 18]","[104.0, 27]","[107.0, 54]",95.0,117,18.0,-0.38
07:48:21,"[86.0, 26]","[69.62, 26]","[104.84, 45]","[107.54, 74]",95.42,171,18.84,-0.39
07:48:22,"[87.82, 22]","[39.0, 22]","[107.75, 48]","[237.68, 41]",97.78,133,19.93,-0.34
07:48:23,"[95.25, 16]","[70.75, 16]","[140.33, 18]","[241.0, 15]",117.79,65,45.08,-0.02
07:48:24,"[95.15, 26]","[88.55, 22]","[279.88, 32]","[720.08, 24]",187.51,104,184.72,-0.08
07:48:25,"[110.12, 41]","[96.94, 35]","[148.0, 44]","[505.94, 51]",129.06,171,37.88,-0.11
07:48:26,"[113.0, 12]","[110.0, 48]","[148.0, 24]","[438.17, 24]",130.5,108,35.0,0.11
07:48:27,"[113.0, 12]","[110.0, 48]","[328.8, 15]","[629.33, 24]",220.9,99,215.8,0.21
07:48:28,"[110.23, 26]","[109.4, 20]","[611.0, 8]","[726.29, 21]",360.62,75,500.77,0.23
07:48:29,"[112.11, 64]","[109.16, 32]","[541.33, 55]","[617.76, 51]",326.72,202,429.22,-0.05
07:48:30,"[119.0, 14]","[110.0, 6]","[524.89, 18]","[562.78, 18]",321.94,56,405.89,-0.29
07:48:31,"[119.0, 18]","[110.0, 9]","[476.65, 31]","[494.73, 33]",297.82,91,357.65,-0.41
07:48:32,"[119.0, 14]","[110.0, 7]","[320.63, 19]","[524.0, 23]",219.82,63,201.63,-0.33
07:48:33,"[119.0, 16]","[110.0, 8]","[217.6, 15]","[290.33, 9]",168.3,48,98.6,0.0
07:48:34,"[119.0, 28]","[114.7, 66]","[214.56, 36]","[216.29, 45]",166.78,175,95.56,0.07
07:48:35,"[117.88, 25]","[114.95, 64]","[195.17, 48]","[203.71, 28]",156.52,165,77.29,0.08
07:48:36,"[115.0, 85]","[112.0, 13]","[184.21, 52]","[202.17, 41]",149.61,191,69.21,0.03
07:48:37,"[115.0, 60]","[112.0, 22]","[187.3, 46]","[197.55, 31]",151.15,159,72.3,0.03
07:48:38,"[115.0, 40]","[112.0, 21]","[189.0, 32]","[190.21, 38]",152.0,131,74.0,-0.07
07:48:39,"[115.0, 40]","[112.0, 10]","[185.24, 29]","[187.0, 40]",150.12,119,70.24,-0.16
07:48:40,"[115.0, 34]","[112.0, 10]","[182.68, 38]","[183.64, 22]",148.84,104,67.68,-0.15
07:48:41,"[115.0, 10]","[112.2, 10]","[176.14, 42]","[177.38, 37]",145.57,99,61.14,-0.6
07:48:42,"[115.0, 8]","[113.0, 8]","[173.0, 33]","[174.64, 25]",144.0,74,58.0,-0.57
07:48:43,"[113.72, 25]","[112.64, 11]","[169.2, 49]","[170.16, 38]",141.46,123,55.48,-0.41
07:48:44,"[114.96, 78]","[111.88, 8]","[165.03, 29]","[166.26, 35]",140.0,150,50.07,0.15
07:48:45,"[112.0, 14]","[111.0, 8]","[162.21, 33]","[163.79, 39]",137.11,94,50.21,-0.53
07:48:46,"[111.55, 11]","[110.29, 7]","[159.91, 33]","[161.33, 30]",135.73,81,48.36,-0.56
07:48:47,"[115.0, 12]","[110.33, 9]","[158.81, 32]","[159.81, 43]",136.91,96,43.81,-0.56
07:48:48,"[115.95, 19]","[107.61, 18]","[153.37, 43]","[155.05, 41]",134.66,121,37.42,-0.39
07:48:49,"[96.08, 12]","[36.4, 108]","[141.97, 32]","[137.95, 38]",119.03,190,45.89,0.26
07:48:50,"[83.21, 61]","[51.93, 90]","[100.8, 15]","[103.13, 46]",92.01,212,17.59,0.42
07:48:51,"[83.0, 110]","[72.81, 62]","[103.0, 43]","[106.0, 20]",93.0,235,20.0,0.46
07:48:52,"[85.34, 82]","[65.29, 87]","[166.87, 46]","[203.89, 38]",126.11,253,81.53,0.34
07:48:53,"[98.05, 42]","[58.29, 28]","[178.13, 31]","[262.45, 29]",138.09,130,80.08,0.08
07:48:54,"[67.89, 36]","[41.47, 30]","[203.0, 31]","[265.24, 34]",135.44,131,135.11,0.01
