Time,Bid1,Bid2,Ask1,Ask2,Mid-Price,Total_volume,Bid_ask_spread,Order_imbalance
07:30:00,"[0, 0]","[0, 0]","[0, 0]","[0, 0]",0.0,0,0.0,0.0
07:30:01,"[0, 0]","[0, 0]","[497.22, 18]","[224.0, 4]",248.61,22,497.22,-1.0
07:30:02,"[1.5, 20]","[0, 0]","[159.0, 8]","[328.75, 16]",80.25,44,157.5,-0.09
07:30:03,"[10.43, 28]","[4.0, 18]","[177.64, 22]","[211.57, 37]",94.03,105,167.21,-0.12
07:30:04,"[169.0, 4]","[163.77, 26]","[200.0, 20]","[534.25, 16]",184.5,66,31.0,-0.09
07:30:05,"[169.0, 6]","[165.0, 30]","[198.83, 29]","[406.56, 25]",183.91,90,29.83,-0.2
07:30:06,"[169.0, 8]","[165.0, 40]","[191.67, 30]","[194.12, 25]",180.33,103,22.67,-0.07
07:30:07,"[165.36, 44]","[163.4, 100]","[184.21, 58]","[185.44, 55]",174.79,257,18.84,0.12
07:30:08,"[165.0, 64]","[163.0, 128]","[177.49, 65]","[179.25, 59]",171.25,316,12.49,0.22
07:30:09,"[165.0, 28]","[163.0, 56]","[172.86, 28]","[174.0, 35]",168.93,147,7.86,0.14
07:30:10,"[163.22, 108]","[162.32, 76]","[171.14, 58]","[173.84, 99]",167.18,341,7.92,0.08
07:30:11,"[163.0, 87]","[162.0, 33]","[167.12, 34]","[168.77, 43]",165.06,197,4.12,0.22
07:30:12,"[163.0, 43]","[162.0, 27]","[164.57, 21]","[165.94, 34]",163.79,125,1.57,0.12
07:30:13,"[162.0, 33]","[160.0, 11]","[163.29, 34]","[165.25, 32]",162.65,110,1.29,-0.2
07:30:14,"[160.5, 12]","[150.62, 48]","[166.42, 43]","[169.5, 60]",163.46,163,5.92,-0.26
07:30:15,"[160.0, 12]","[150.0, 60]","[164.5, 36]","[166.0, 36]",162.25,144,4.5,0.0
07:30:16,"[161.0, 36]","[151.43, 35]","[163.18, 33]","[164.36, 33]",162.09,137,2.18,0.04
07:30:17,"[164.17, 116]","[164.75, 77]","[167.6, 86]","[169.36, 96]",165.89,375,3.43,0.03
07:30:18,"[167.0, 109]","[165.58, 67]","[169.0, 85]","[205.69, 65]",168.0,326,2.0,0.08
07:30:19,"[167.0, 104]","[162.0, 8]","[169.0, 40]","[170.0, 40]",168.0,192,2.0,0.17
07:30:20,"[167.0, 91]","[162.0, 7]","[169.0, 35]","[170.0, 35]",168.0,168,2.0,0.17
07:30:21,"[167.0, 104]","[162.0, 8]","[169.0, 40]","[170.0, 40]",168.0,192,2.0,0.17
07:30:22,"[166.89, 137]","[160.8, 40]","[168.53, 85]","[169.79, 120]",167.71,382,1.64,-0.07
07:30:23,"[164.31, 13]","[160.19, 62]","[168.0, 52]","[170.0, 130]",166.15,257,3.69,-0.42
07:30:24,"[166.38, 8]","[161.78, 9]","[168.53, 38]","[170.44, 72]",167.45,127,2.15,-0.73
07:30:25,"[162.0, 11]","[161.0, 22]","[168.8, 60]","[171.04, 45]",165.4,138,6.8,-0.52
07:30:26,"[161.05, 73]","[159.8, 92]","[164.45, 67]","[167.32, 99]",162.75,331,3.39,-0.0
07:30:27,"[160.0, 33]","[157.0, 26]","[162.44, 45]","[165.88, 58]",161.22,162,2.44,-0.27
07:30:28,"[158.29, 21]","[154.6, 30]","[160.67, 75]","[165.33, 39]",159.48,165,2.38,-0.38
07:30:29,"[157.92, 24]","[156.4, 20]","[160.0, 60]","[166.0, 60]",158.96,164,2.08,-0.46
07:30:30,"[158.29, 28]","[157.0, 14]","[163.0, 70]","[166.35, 54]",160.64,166,4.71,-0.49
07:30:31,"[159.91, 89]","[158.36, 22]","[165.86, 57]","[166.89, 87]",162.88,255,5.95,-0.13
07:30:32,"[160.17, 87]","[158.15, 71]","[165.71, 56]","[166.69, 64]",162.94,278,5.54,0.14
07:30:33,"[161.22, 37]","[159.39, 67]","[166.0, 141]","[311.0, 47]",163.61,292,4.78,-0.29
07:30:34,"[162.0, 34]","[158.86, 35]","[166.0, 108]","[548.18, 22]",164.0,199,4.0,-0.31
07:30:35,"[162.0, 36]","[156.0, 18]","[166.0, 72]","[360.67, 12]",164.0,138,4.0,-0.22
07:30:36,"[162.92, 24]","[161.44, 50]","[165.91, 171]","[235.85, 52]",164.41,297,3.0,-0.5
07:30:37,"[162.0, 52]","[156.54, 39]","[165.25, 63]","[178.25, 111]",163.63,265,3.25,-0.31
07:30:38,"[162.0, 20]","[157.0, 15]","[167.0, 20]","[320.0, 10]",164.5,65,5.0,0.08
07:30:39,"[162.0, 32]","[157.0, 24]","[167.0, 32]","[210.0, 16]",164.5,104,5.0,0.08
07:30:40,"[162.38, 39]","[159.63, 38]","[167.0, 62]","[245.88, 34]",164.69,173,4.62,-0.11
07:30:41,"[163.0, 18]","[162.0, 24]","[167.0, 42]","[299.33, 18]",165.0,102,4.0,-0.18
07:30:42,"[163.0, 36]","[162.0, 48]","[167.0, 84]","[281.17, 36]",165.0,204,4.0,-0.18
07:30:43,"[163.0, 20]","[162.0, 24]","[167.0, 42]","[178.0, 30]",165.0,116,4.0,-0.24
07:30:44,"[163.25, 16]","[162.11, 18]","[167.0, 42]","[178.0, 30]",165.12,106,3.75,-0.36
07:30:45,"[164.0, 32]","[163.0, 16]","[166.96, 94]","[340.95, 65]",165.48,207,2.96,-0.54
07:30:46,"[163.47, 15]","[162.11, 36]","[166.91, 45]","[167.3, 30]",165.19,126,3.44,-0.19
07:30:47,"[162.84, 25]","[161.12, 17]","[166.85, 52]","[168.0, 13]",164.84,107,4.01,-0.21
07:30:48,"[163.38, 217]","[161.06, 69]","[165.82, 68]","[167.47, 73]",164.6,427,2.45,0.34
07:30:49,"[164.1, 110]","[157.32, 47]","[166.77, 70]","[167.69, 26]",165.44,253,2.67,0.24
07:30:50,"[165.0, 121]","[158.29, 70]","[167.0, 99]","[170.0, 11]",166.0,301,2.0,0.27
07:30:51,"[165.0, 88]","[160.0, 16]","[167.0, 69]","[170.0, 8]",166.0,181,2.0,0.15
07:30:52,"[165.0, 77]","[161.71, 14]","[167.0, 56]","[170.0, 7]",166.0,154,2.0,0.18
07:30:53,"[165.0, 50]","[162.0, 10]","[167.0, 37]","[170.0, 5]",166.0,102,2.0,0.18
07:30:54,"[165.0, 70]","[162.0, 14]","[167.0, 44]","[169.33, 15]",166.0,143,2.0,0.17
07:30:55,"[165.0, 46]","[162.0, 10]","[167.0, 40]","[169.05, 21]",166.0,117,2.0,-0.04
07:30:56,"[165.0, 24]","[162.0, 6]","[167.0, 24]","[170.0, 3]",166.0,57,2.0,0.05
07:30:57,"[165.0, 24]","[162.0, 6]","[167.0, 24]","[170.0, 3]",166.0,57,2.0,0.05
07:30:58,"[165.0, 66]","[162.0, 26]","[166.73, 60]","[167.65, 46]",165.87,198,1.73,-0.07
07:30:59,"[161.22, 23]","[160.43, 28]","[168.0, 88]","[171.0, 11]",164.61,150,6.78,-0.32
07:31:00,"[161.0, 21]","[160.0, 14]","[168.0, 56]","[171.0, 7]",164.5,98,7.0,-0.29
07:31:01,"[166.33, 81]","[160.82, 33]","[168.0, 96]","[171.0, 12]",167.17,222,1.67,0.03
07:31:02,"[167.0, 80]","[161.0, 30]","[168.0, 80]","[171.0, 10]",167.5,200,1.0,0.1
07:31:03,"[167.0, 72]","[161.0, 27]","[168.0, 72]","[171.0, 9]",167.5,180,1.0,0.1
07:31:04,"[167.0, 72]","[161.0, 27]","[168.0, 72]","[171.0, 9]",167.5,180,1.0,0.1
07:31:05,"[167.0, 64]","[161.0, 24]","[168.0, 55]","[171.0, 8]",167.5,151,1.0,0.17
07:31:06,"[167.0, 48]","[161.0, 33]","[168.0, 55]","[171.0, 11]",167.5,147,1.0,0.1
07:31:07,"[167.0, 48]","[161.0, 36]","[168.0, 60]","[171.0, 12]",167.5,156,1.0,0.08
07:31:08,"[167.0, 28]","[162.88, 102]","[168.0, 40]","[171.0, 8]",167.5,178,1.0,0.46
07:31:09,"[167.0, 24]","[163.0, 192]","[168.0, 60]","[171.0, 12]",167.5,288,1.0,0.5
07:31:10,"[167.0, 25]","[163.0, 224]","[168.0, 115]","[171.0, 14]",167.5,378,1.0,0.32
07:31:11,"[167.0, 51]","[163.0, 240]","[168.0, 119]","[171.0, 15]",167.5,425,1.0,0.37
07:31:12,"[167.0, 14]","[163.0, 112]","[168.0, 63]","[171.0, 7]",167.5,196,1.0,0.29
07:31:13,"[167.0, 15]","[163.0, 128]","[168.0, 72]","[171.0, 8]",167.5,223,1.0,0.28
07:31:14,"[163.95, 42]","[163.07, 133]","[168.0, 108]","[171.0, 12]",165.98,295,4.05,0.19
07:31:15,"[163.0, 224]","[162.0, 42]","[168.0, 116]","[171.0, 14]",165.5,396,5.0,0.34
07:31:16,"[163.0, 183]","[162.0, 39]","[168.0, 91]","[171.0, 13]",165.5,326,5.0,0.36
07:31:17,"[163.86, 56]","[162.79, 56]","[168.0, 56]","[194.17, 29]",165.93,197,4.14,0.14
07:31:18,"[163.12, 102]","[162.29, 38]","[168.0, 70]","[255.47, 34]",165.56,244,4.88,0.15
07:31:19,"[163.0, 77]","[162.0, 21]","[167.9, 31]","[168.48, 25]",165.45,154,4.9,0.27
07:31:20,"[163.04, 57]","[162.59, 37]","[167.28, 25]","[168.09, 43]",165.16,162,4.24,0.16
07:31:21,"[164.55, 11]","[163.0, 121]","[167.0, 70]","[168.0, 62]",165.77,264,2.45,0.0
07:31:22,"[163.04, 110]","[162.38, 58]","[166.64, 109]","[167.72, 53]",164.84,330,3.61,0.02
07:31:23,"[163.0, 126]","[162.0, 42]","[164.79, 70]","[165.84, 92]",163.89,330,1.79,0.02
07:31:24,"[162.96, 71]","[161.91, 43]","[165.54, 72]","[169.92, 64]",164.25,250,2.58,-0.09
07:31:25,"[168.88, 52]","[162.08, 26]","[293.6, 10]","[335.18, 22]",231.24,110,124.72,0.42
07:31:26,"[169.0, 45]","[162.0, 27]","[225.33, 9]","[283.83, 12]",197.17,93,56.33,0.55
07:31:27,"[169.0, 53]","[162.0, 42]","[170.0, 14]","[260.5, 38]",169.5,147,1.0,0.29
07:31:28,"[169.0, 21]","[162.0, 21]","[170.0, 7]","[295.0, 7]",169.5,56,1.0,0.5
07:31:29,"[169.0, 33]","[165.12, 48]","[170.0, 11]","[192.67, 43]",169.5,135,1.0,0.2
07:31:30,"[169.0, 21]","[167.0, 30]","[170.0, 7]","[185.0, 35]",169.5,93,1.0,0.1
07:31:31,"[169.0, 9]","[167.0, 18]","[170.0, 3]","[295.0, 3]",169.5,33,1.0,0.64
07:31:32,"[168.2, 30]","[166.33, 54]","[170.0, 8]","[395.8, 20]",169.1,112,1.8,0.5
07:31:33,"[167.0, 48]","[165.0, 72]","[168.48, 33]","[404.95, 21]",167.74,174,1.48,0.38
07:31:34,"[167.0, 54]","[165.0, 81]","[168.0, 45]","[261.2, 10]",167.5,190,1.0,0.42
07:31:35,"[165.23, 71]","[163.2, 45]","[168.0, 59]","[169.0, 25]",166.61,200,2.77,0.16
07:31:36,"[165.0, 77]","[162.0, 33]","[168.0, 39]","[169.0, 33]",166.5,182,3.0,0.21
07:31:37,"[165.0, 98]","[161.62, 24]","[168.0, 14]","[169.0, 42]",166.5,178,3.0,0.37
07:31:38,"[165.0, 56]","[162.09, 11]","[168.0, 8]","[169.0, 24]",166.5,99,3.0,0.35
07:31:39,"[165.0, 54]","[163.0, 18]","[168.0, 9]","[169.0, 27]",166.5,108,3.0,0.33
07:31:40,"[165.0, 35]","[163.0, 20]","[168.0, 10]","[169.0, 30]",166.5,95,3.0,0.16
07:31:41,"[165.0, 9]","[163.0, 18]","[168.0, 9]","[169.0, 27]",166.5,63,3.0,-0.14
07:31:42,"[163.1, 72]","[162.26, 35]","[168.0, 14]","[169.0, 42]",165.55,163,4.9,0.31
07:31:43,"[163.86, 49]","[162.0, 21]","[168.0, 7]","[169.0, 21]",165.93,98,4.14,0.43
07:31:44,"[164.0, 70]","[162.18, 22]","[168.0, 10]","[169.0, 26]",166.0,128,4.0,0.44
07:31:45,"[164.25, 112]","[163.0, 16]","[168.0, 16]","[169.0, 102]",166.12,246,3.75,0.04
07:31:46,"[166.77, 91]","[163.0, 13]","[168.0, 13]","[169.0, 87]",167.38,204,1.23,0.02
07:31:47,"[167.0, 56]","[163.0, 8]","[168.42, 12]","[180.12, 40]",167.71,116,1.42,0.1
07:31:48,"[167.0, 77]","[163.0, 11]","[168.0, 52]","[169.0, 55]",167.5,195,1.0,-0.1
07:31:49,"[167.0, 56]","[163.0, 8]","[168.0, 24]","[169.0, 44]",167.5,132,1.0,-0.03
07:31:50,"[167.0, 42]","[163.75, 8]","[168.0, 18]","[169.0, 42]",167.5,110,1.0,-0.09
07:31:51,"[167.0, 78]","[165.0, 36]","[168.0, 36]","[169.0, 84]",167.5,234,1.0,-0.03
07:31:52,"[167.0, 31]","[165.0, 30]","[168.0, 30]","[169.0, 70]",167.5,161,1.0,-0.24
07:31:53,"[167.0, 12]","[165.0, 36]","[168.0, 36]","[169.0, 84]",167.5,168,1.0,-0.43
07:31:54,"[166.43, 7]","[164.76, 17]","[168.0, 21]","[169.0, 49]",167.21,94,1.57,-0.49
07:31:55,"[165.0, 5]","[163.0, 5]","[167.86, 14]","[168.9, 31]",166.43,55,2.86,-0.64
07:31:56,"[165.0, 9]","[163.0, 9]","[166.8, 20]","[167.96, 46]",165.9,84,1.8,-0.57
07:31:57,"[165.0, 5]","[163.0, 5]","[166.0, 12]","[167.0, 10]",165.5,32,1.0,-0.38
07:31:58,"[164.11, 9]","[162.29, 17]","[166.0, 18]","[167.0, 18]",165.06,62,1.89,-0.16
07:31:59,"[163.0, 10]","[162.0, 30]","[165.1, 20]","[166.1, 20]",164.05,80,2.1,0.0
07:32:00,"[162.92, 13]","[161.2, 45]","[164.23, 26]","[165.44, 27]",163.58,111,1.31,0.05
07:32:01,"[161.18, 44]","[160.67, 72]","[163.38, 21]","[167.09, 65]",162.28,202,2.2,0.15
07:32:02,"[161.0, 60]","[160.0, 40]","[163.0, 20]","[168.0, 80]",162.0,200,2.0,0.0
07:32:03,"[161.0, 62]","[160.0, 56]","[166.54, 52]","[168.08, 76]",163.77,246,5.54,-0.04
07:32:04,"[161.0, 16]","[160.0, 32]","[167.0, 54]","[168.55, 22]",164.0,124,6.0,-0.23
07:32:05,"[162.2, 35]","[160.53, 34]","[167.0, 39]","[210.38, 26]",164.6,134,4.8,0.03
07:32:06,"[163.45, 33]","[161.0, 22]","[167.0, 33]","[296.62, 16]",165.23,104,3.55,0.06
07:32:07,"[164.86, 28]","[160.9, 20]","[167.0, 46]","[169.0, 20]",165.93,114,2.14,-0.16
07:32:08,"[160.0, 7]","[158.57, 14]","[166.74, 19]","[167.21, 39]",163.37,79,6.74,-0.47
07:32:09,"[159.33, 12]","[157.29, 56]","[166.0, 54]","[167.5, 48]",162.67,170,6.67,-0.2
07:32:10,"[157.41, 17]","[156.92, 72]","[166.0, 40]","[169.0, 16]",161.71,145,8.59,0.23
07:32:11,"[157.24, 89]","[156.04, 48]","[166.0, 60]","[169.0, 24]",161.62,221,8.76,0.24
07:32:12,"[157.0, 56]","[156.0, 14]","[166.0, 35]","[169.0, 14]",161.5,119,9.0,0.18
07:32:13,"[158.0, 36]","[156.98, 132]","[165.93, 59]","[168.44, 27]",161.97,254,7.93,0.32
07:32:14,"[159.33, 18]","[157.0, 72]","[164.0, 26]","[165.98, 41]",161.67,157,4.67,0.15
07:32:15,"[161.93, 59]","[159.79, 53]","[164.0, 26]","[165.0, 13]",162.97,151,2.07,0.48
07:32:16,"[162.44, 36]","[161.69, 58]","[164.04, 23]","[165.27, 15]",163.24,132,1.6,0.42
07:32:17,"[162.0, 55]","[161.0, 33]","[164.07, 43]","[165.6, 20]",163.03,151,2.07,0.17
07:32:18,"[162.0, 50]","[161.0, 30]","[163.95, 42]","[164.44, 18]",162.98,140,1.95,0.14
07:32:19,"[161.89, 56]","[160.41, 34]","[164.8, 40]","[167.29, 28]",163.35,158,2.91,0.14
07:32:20,"[162.31, 36]","[161.56, 62]","[166.69, 64]","[168.24, 42]",164.5,204,4.38,-0.04
07:32:21,"[162.45, 11]","[159.51, 43]","[166.0, 44]","[168.0, 80]",164.23,178,3.55,-0.39
07:32:22,"[160.0, 10]","[157.0, 80]","[166.0, 34]","[168.0, 80]",163.0,204,6.0,-0.12
07:32:23,"[157.53, 17]","[156.09, 44]","[166.0, 15]","[168.0, 40]",161.76,116,8.47,0.05
07:32:24,"[157.0, 42]","[155.0, 60]","[166.7, 23]","[185.48, 42]",161.85,167,9.7,0.22
07:32:25,"[163.81, 62]","[158.16, 31]","[168.0, 104]","[609.67, 18]",165.9,215,4.19,-0.13
07:32:26,"[164.0, 55]","[160.43, 28]","[167.21, 53]","[222.78, 72]",165.6,208,3.21,-0.2
07:32:27,"[161.47, 19]","[160.2, 20]","[165.75, 24]","[167.68, 57]",163.61,120,4.28,-0.35
07:32:28,"[161.0, 23]","[160.0, 26]","[163.22, 40]","[164.77, 43]",162.11,132,2.22,-0.26
07:32:29,"[161.62, 13]","[160.29, 14]","[163.0, 45]","[166.0, 27]",162.31,99,1.38,-0.45
07:32:30,"[162.0, 16]","[161.0, 8]","[163.0, 40]","[166.0, 24]",162.5,88,1.0,-0.45
07:32:31,"[161.21, 38]","[160.47, 19]","[162.91, 35]","[166.44, 27]",162.06,119,1.7,-0.04
07:32:32,"[160.04, 23]","[155.1, 101]","[167.5, 36]","[169.92, 71]",163.77,231,7.46,0.07
07:32:33,"[155.1, 101]","[153.34, 53]","[168.0, 36]","[169.25, 48]",161.55,238,12.9,0.29
07:32:34,"[155.0, 72]","[153.0, 32]","[167.12, 24]","[169.0, 32]",161.06,160,12.12,0.3
07:32:35,"[155.07, 54]","[154.08, 52]","[166.0, 29]","[167.0, 98]",160.54,233,10.93,-0.09
07:32:36,"[156.07, 41]","[155.52, 29]","[165.15, 26]","[166.43, 42]",160.61,138,9.08,0.01
07:32:37,"[155.0, 42]","[153.0, 28]","[159.38, 26]","[163.83, 24]",157.19,120,4.38,0.17
07:32:38,"[156.0, 20]","[155.0, 40]","[158.09, 44]","[159.49, 41]",157.05,145,2.09,-0.17
07:32:39,"[155.32, 44]","[154.85, 82]","[157.69, 32]","[158.9, 40]",156.5,198,2.37,0.27
07:32:40,"[155.0, 76]","[154.0, 52]","[156.96, 49]","[159.19, 53]",155.98,230,1.96,0.11
07:32:41,"[155.0, 28]","[154.0, 28]","[156.0, 28]","[159.14, 28]",155.5,112,1.0,0.0
07:32:42,"[154.2, 40]","[137.5, 16]","[158.4, 40]","[159.8, 40]",156.3,136,4.2,-0.18
07:32:43,"[154.6, 50]","[147.12, 25]","[159.0, 40]","[160.0, 40]",156.8,155,4.4,-0.03
07:32:44,"[155.0, 60]","[154.0, 40]","[157.8, 40]","[159.0, 68]",156.4,208,2.8,-0.04
07:32:45,"[155.0, 20]","[154.0, 24]","[157.0, 24]","[159.0, 48]",156.0,116,2.0,-0.24
07:32:46,"[154.92, 26]","[152.65, 34]","[157.7, 46]","[159.14, 74]",156.31,180,2.77,-0.33
07:32:47,"[155.0, 11]","[153.82, 44]","[159.0, 72]","[160.0, 55]",157.0,182,4.0,-0.4
07:32:48,"[157.25, 8]","[152.5, 32]","[159.0, 28]","[160.0, 40]",158.12,108,1.75,-0.26
07:32:49,"[152.11, 19]","[141.5, 16]","[158.62, 16]","[159.86, 29]",155.37,80,6.52,-0.12
07:32:50,"[151.0, 16]","[113.0, 4]","[158.0, 12]","[159.0, 8]",154.5,40,7.0,0.0
07:32:51,"[151.77, 26]","[146.53, 17]","[157.86, 21]","[159.0, 14]",154.81,78,6.09,0.1
07:32:52,"[154.67, 36]","[151.97, 29]","[157.0, 26]","[159.0, 20]",155.83,111,2.33,0.17
07:32:53,"[154.45, 22]","[149.57, 21]","[159.58, 36]","[160.2, 44]",157.02,123,5.13,-0.3
07:32:54,"[153.75, 12]","[149.0, 12]","[160.0, 36]","[161.0, 20]",156.88,80,6.25,-0.4
07:32:55,"[155.07, 15]","[153.29, 21]","[160.0, 63]","[161.0, 35]",157.53,134,4.93,-0.46
07:32:56,"[157.0, 15]","[155.55, 20]","[159.95, 57]","[160.77, 39]",158.47,131,2.95,-0.47
07:32:57,"[158.9, 20]","[149.16, 124]","[160.0, 90]","[161.0, 50]",159.45,284,1.1,0.01
07:32:58,"[156.69, 26]","[151.06, 68]","[159.91, 64]","[160.95, 64]",158.3,222,3.21,-0.15
07:32:59,"[153.0, 45]","[149.0, 90]","[154.0, 9]","[160.0, 27]",153.5,171,1.0,0.58
07:33:00,"[153.0, 45]","[149.0, 150]","[160.25, 53]","[234.24, 58]",156.62,306,7.25,0.27
07:33:01,"[153.0, 14]","[149.0, 70]","[158.0, 21]","[161.0, 56]",155.5,161,5.0,0.04
07:33:02,"[153.0, 20]","[149.0, 100]","[157.0, 69]","[160.86, 66]",155.0,255,4.0,-0.06
07:33:03,"[153.0, 20]","[149.01, 91]","[156.73, 22]","[159.11, 38]",154.86,171,3.73,0.3
07:33:04,"[153.0, 16]","[150.0, 8]","[161.75, 40]","[214.88, 40]",157.38,104,8.75,-0.54
07:33:05,"[153.0, 28]","[150.0, 14]","[160.35, 31]","[161.5, 40]",156.68,113,7.35,-0.26
07:33:06,"[153.27, 30]","[151.17, 18]","[160.0, 32]","[161.0, 32]",156.63,112,6.73,-0.14
07:33:07,"[155.55, 77]","[152.92, 78]","[160.0, 22]","[161.0, 22]",157.77,199,4.45,0.56
07:33:08,"[156.8, 70]","[153.0, 100]","[159.8, 30]","[160.4, 35]",158.3,235,3.0,0.45
07:33:09,"[157.58, 100]","[153.0, 85]","[159.0, 64]","[160.06, 70]",158.29,319,1.42,0.16
07:33:10,"[155.14, 21]","[150.99, 67]","[159.0, 28]","[162.0, 9]",157.07,125,3.86,0.41
07:33:11,"[152.17, 18]","[150.25, 120]","[155.0, 8]","[159.0, 12]",153.58,158,2.83,0.75
07:33:12,"[155.31, 26]","[152.53, 53]","[159.21, 38]","[160.58, 24]",157.26,141,3.9,0.12
07:33:13,"[154.8, 25]","[153.97, 66]","[160.45, 31]","[167.98, 41]",157.63,163,5.65,0.12
07:33:14,"[153.08, 50]","[150.69, 52]","[158.0, 10]","[165.89, 18]",155.54,130,4.92,0.57
07:33:15,"[153.33, 36]","[149.8, 181]","[157.0, 11]","[162.0, 11]",155.17,239,3.67,0.82
07:33:16,"[151.0, 60]","[149.0, 290]","[157.0, 10]","[161.4, 10]",154.0,370,6.0,0.89
07:33:17,"[151.0, 66]","[149.0, 321]","[157.0, 23]","[161.0, 11]",154.0,421,6.0,0.84
07:33:18,"[151.0, 36]","[149.0, 174]","[157.0, 6]","[161.0, 6]",154.0,222,6.0,0.89
07:33:19,"[149.15, 395]","[131.39, 205]","[154.43, 42]","[155.64, 25]",151.79,667,5.28,0.8
07:33:20,"[149.0, 254]","[120.0, 11]","[150.72, 25]","[154.0, 22]",149.86,312,1.72,0.7
07:33:21,"[149.0, 113]","[63.55, 33]","[150.0, 11]","[152.55, 22]",149.5,179,1.0,0.63
07:33:22,"[149.15, 52]","[116.8, 41]","[151.83, 12]","[154.0, 11]",150.49,116,2.68,0.6
07:33:23,"[150.76, 41]","[149.45, 76]","[154.93, 28]","[157.28, 18]",152.84,163,4.17,0.44
07:33:24,"[152.83, 29]","[151.24, 33]","[154.75, 20]","[158.09, 22]",153.79,104,1.92,0.19
07:33:25,"[153.71, 28]","[152.95, 21]","[159.54, 41]","[240.19, 32]",156.63,122,5.82,-0.2
07:33:26,"[156.92, 26]","[155.54, 26]","[159.76, 49]","[174.09, 22]",158.34,123,2.83,-0.15
07:33:27,"[158.94, 16]","[156.62, 65]","[174.55, 20]","[265.73, 22]",166.74,123,15.61,0.32
07:33:28,"[161.2, 20]","[160.0, 10]","[182.67, 18]","[256.23, 26]",171.93,74,21.47,-0.19
07:33:29,"[163.67, 12]","[162.33, 12]","[174.82, 17]","[264.0, 23]",169.25,64,11.16,-0.25
07:33:30,"[163.7, 20]","[162.86, 29]","[256.0, 12]","[313.67, 15]",209.85,76,92.3,0.29
07:33:31,"[159.83, 12]","[146.67, 9]","[306.91, 22]","[353.73, 11]",233.37,54,147.08,-0.22
07:33:32,"[128.11, 18]","[80.42, 12]","[336.64, 22]","[574.37, 27]",232.37,79,208.53,-0.24
07:33:33,"[148.2, 20]","[123.6, 10]","[344.4, 20]","[493.2, 35]",246.3,85,196.2,-0.29
07:33:34,"[105.75, 16]","[80.29, 7]","[150.0, 18]","[344.89, 18]",127.88,59,44.25,-0.22
07:33:35,"[69.43, 14]","[18.0, 12]","[336.91, 22]","[425.41, 17]",203.17,65,267.48,-0.2
07:33:36,"[170.0, 5]","[45.0, 10]","[310.4, 10]","[354.71, 14]",240.2,39,140.4,-0.23
07:33:37,"[97.72, 29]","[55.54, 52]","[282.55, 44]","[294.57, 28]",190.13,153,184.82,0.06
07:33:38,"[120.8, 20]","[98.44, 36]","[272.44, 27]","[276.07, 29]",196.62,112,151.64,0.0
07:33:39,"[101.95, 38]","[97.3, 63]","[153.0, 10]","[224.49, 41]",127.47,152,51.05,0.33
07:33:40,"[104.56, 34]","[104.2, 50]","[155.45, 40]","[164.25, 40]",130.0,164,50.89,0.02
07:33:41,"[146.2, 30]","[105.82, 17]","[152.39, 18]","[153.57, 23]",149.29,88,6.19,0.07
07:33:42,"[149.76, 42]","[145.77, 39]","[155.2, 20]","[156.67, 36]",152.48,137,5.44,0.18
07:33:43,"[152.94, 18]","[150.9, 21]","[156.0, 22]","[157.0, 33]",154.47,94,3.06,-0.17
07:33:44,"[155.0, 28]","[153.09, 44]","[156.35, 23]","[221.42, 26]",155.67,121,1.35,0.19
07:33:45,"[155.65, 17]","[149.0, 26]","[157.33, 27]","[216.6, 20]",156.49,90,1.69,-0.04
07:33:46,"[156.0, 7]","[129.29, 14]","[157.0, 9]","[160.0, 7]",156.5,37,1.0,0.14
07:33:47,"[132.66, 29]","[119.75, 16]","[156.57, 7]","[158.71, 7]",144.61,59,23.92,0.53
07:33:48,"[134.17, 12]","[131.94, 68]","[154.5, 12]","[157.0, 12]",144.33,104,20.33,0.54
07:33:49,"[136.36, 14]","[97.33, 30]","[153.64, 14]","[156.73, 15]",145.0,73,17.29,0.21
07:33:50,"[137.0, 10]","[82.4, 10]","[157.68, 22]","[227.63, 19]",147.34,61,20.68,-0.34
07:33:51,"[137.0, 10]","[111.89, 18]","[158.2, 40]","[160.0, 10]",147.6,78,21.2,-0.28
07:33:52,"[142.45, 29]","[107.57, 14]","[158.0, 56]","[159.17, 42]",150.22,141,15.55,-0.39
07:33:53,"[143.06, 36]","[140.03, 32]","[157.5, 46]","[159.31, 36]",150.28,150,14.44,-0.09
07:33:54,"[145.0, 12]","[129.0, 12]","[189.11, 28]","[201.9, 40]",167.05,92,44.11,-0.48
07:33:55,"[146.36, 39]","[142.0, 38]","[202.0, 75]","[226.0, 30]",174.18,182,55.64,-0.15
07:33:56,"[169.08, 186]","[159.6, 169]","[241.18, 49]","[334.33, 85]",205.13,489,72.11,0.45
07:33:57,"[170.0, 72]","[167.0, 36]","[304.89, 27]","[377.33, 45]",237.44,180,134.89,0.2
07:33:58,"[170.0, 96]","[167.0, 48]","[328.0, 60]","[476.0, 60]",249.0,264,158.0,0.09
07:33:59,"[170.0, 40]","[167.0, 20]","[341.6, 25]","[517.0, 25]",255.8,110,171.6,0.09
07:34:00,"[170.0, 95]","[167.0, 48]","[366.48, 33]","[469.49, 51]",268.24,227,196.48,0.26
07:34:01,"[170.0, 24]","[167.0, 48]","[250.49, 57]","[290.84, 44]",210.25,173,80.49,-0.17
07:34:02,"[170.0, 20]","[167.0, 40]","[253.6, 40]","[255.0, 50]",211.8,150,83.6,-0.2
07:34:03,"[167.0, 32]","[163.0, 72]","[251.21, 29]","[279.57, 35]",209.1,168,84.21,0.24
07:34:04,"[163.8, 40]","[161.82, 88]","[251.6, 25]","[252.65, 31]",207.7,184,87.8,0.39
07:34:05,"[163.0, 64]","[161.0, 120]","[247.93, 27]","[250.15, 27]",205.46,238,84.93,0.55
07:34:06,"[163.0, 72]","[161.0, 288]","[224.82, 38]","[249.93, 41]",193.91,439,61.82,0.64
07:34:07,"[163.0, 36]","[161.0, 216]","[230.11, 19]","[246.57, 23]",196.55,294,67.11,0.71
07:34:08,"[163.0, 40]","[161.05, 204]","[244.0, 30]","[245.0, 20]",203.5,294,81.0,0.66
07:34:09,"[161.9, 124]","[160.99, 374]","[242.86, 35]","[244.13, 45]",202.38,578,80.95,0.72
07:34:10,"[163.62, 90]","[161.52, 84]","[228.31, 26]","[243.76, 34]",195.96,234,64.69,0.49
07:34:11,"[165.48, 109]","[164.5, 48]","[239.4, 30]","[244.0, 45]",202.44,232,73.92,0.35
07:34:12,"[169.0, 27]","[166.0, 72]","[236.78, 18]","[242.88, 25]",202.89,142,67.78,0.39
07:34:13,"[166.61, 107]","[164.08, 59]","[232.37, 38]","[235.39, 31]",199.49,235,65.76,0.41
07:34:14,"[168.0, 104]","[165.01, 95]","[216.53, 38]","[220.37, 57]",192.26,294,48.53,0.35
07:34:15,"[168.0, 112]","[167.0, 112]","[212.41, 37]","[213.15, 39]",190.2,300,44.41,0.49
07:34:16,"[168.0, 63]","[167.0, 72]","[209.08, 26]","[210.16, 19]",188.54,180,41.08,0.5
07:34:17,"[168.0, 60]","[167.0, 96]","[206.51, 37]","[207.71, 31]",187.26,224,38.51,0.39
07:34:18,"[168.0, 90]","[167.0, 144]","[202.22, 54]","[203.37, 59]",185.11,347,34.22,0.35
07:34:19,"[168.0, 84]","[167.0, 152]","[196.49, 41]","[197.55, 53]",182.24,330,28.49,0.43
07:34:20,"[168.0, 36]","[167.0, 72]","[195.7, 20]","[196.78, 18]",181.85,146,27.7,0.48
07:34:21,"[168.0, 64]","[167.0, 128]","[191.03, 68]","[192.75, 40]",179.51,300,23.03,0.28
07:34:22,"[168.0, 17]","[167.0, 88]","[187.81, 37]","[188.75, 40]",177.91,182,19.81,0.15
07:34:23,"[168.0, 12]","[167.0, 96]","[185.89, 36]","[186.79, 48]",176.94,192,17.89,0.12
07:34:24,"[168.0, 15]","[167.0, 120]","[182.67, 63]","[184.19, 42]",175.33,240,14.67,0.12
07:34:25,"[167.35, 55]","[166.47, 150]","[174.72, 65]","[176.26, 47]",171.03,317,7.38,0.29
07:34:26,"[168.0, 78]","[167.0, 78]","[171.46, 26]","[173.0, 26]",169.73,208,3.46,0.5
07:34:27,"[168.0, 54]","[167.0, 96]","[170.07, 56]","[171.77, 35]",169.04,241,2.07,0.24
07:34:28,"[167.24, 71]","[165.85, 156]","[169.3, 66]","[172.02, 41]",168.27,334,2.06,0.36
07:34:29,"[165.28, 58]","[163.11, 109]","[167.15, 26]","[169.0, 39]",166.21,232,1.88,0.44
07:34:30,"[165.0, 24]","[162.06, 69]","[167.96, 23]","[237.65, 17]",166.48,133,2.96,0.4
07:34:31,"[166.67, 36]","[164.68, 19]","[291.76, 25]","[529.93, 27]",229.21,107,125.09,0.03
07:34:32,"[167.0, 29]","[165.0, 20]","[286.2, 30]","[360.2, 10]",226.6,89,119.2,0.1
07:34:33,"[167.75, 16]","[164.67, 12]","[232.0, 21]","[251.0, 7]",199.88,56,64.25,0.0
07:34:34,"[165.67, 24]","[163.89, 18]","[212.56, 63]","[326.41, 41]",189.11,146,46.89,-0.42
07:34:35,"[165.0, 14]","[163.0, 7]","[209.07, 29]","[280.0, 20]",187.03,70,44.07,-0.4
07:34:36,"[165.0, 12]","[163.67, 9]","[312.29, 17]","[434.38, 13]",238.65,51,147.29,-0.18
07:34:37,"[164.43, 14]","[163.6, 10]","[340.14, 21]","[412.0, 14]",252.29,59,175.71,-0.19
07:34:38,"[164.0, 14]","[163.0, 7]","[395.0, 21]","[412.0, 14]",279.5,56,231.0,-0.25
07:34:39,"[162.16, 49]","[161.03, 122]","[395.0, 18]","[534.1, 29]",278.58,218,232.84,0.57
07:34:40,"[162.0, 45]","[161.0, 117]","[355.0, 15]","[558.0, 25]",258.5,202,193.0,0.6
07:34:41,"[162.0, 63]","[161.0, 151]","[200.97, 31]","[390.77, 22]",181.48,267,38.97,0.6
07:34:42,"[162.0, 76]","[161.0, 117]","[210.65, 37]","[270.5, 24]",186.32,254,48.65,0.52
07:34:43,"[161.08, 155]","[160.3, 129]","[263.83, 48]","[266.0, 36]",212.46,368,102.76,0.54
07:34:44,"[161.03, 99]","[160.44, 108]","[361.17, 41]","[493.5, 28]",261.1,276,200.14,0.5
07:34:45,"[161.06, 109]","[160.58, 166]","[410.0, 40]","[464.23, 43]",285.53,358,248.94,0.54
07:34:46,"[161.0, 134]","[160.0, 100]","[361.64, 22]","[423.25, 24]",261.32,280,200.64,0.67
07:34:47,"[167.0, 39]","[161.96, 113]","[279.18, 33]","[286.03, 39]",223.09,224,112.18,0.36
07:34:48,"[167.0, 78]","[164.0, 117]","[276.31, 32]","[278.68, 56]",221.66,283,109.31,0.38
07:34:49,"[167.0, 48]","[164.13, 62]","[273.67, 30]","[274.67, 30]",220.33,170,106.67,0.29
07:34:50,"[166.2, 40]","[164.14, 84]","[271.86, 58]","[272.5, 40]",219.03,222,105.66,0.12
07:34:51,"[165.0, 16]","[164.0, 72]","[269.92, 25]","[270.84, 31]",217.46,144,104.92,0.22
07:34:52,"[165.0, 12]","[164.0, 54]","[268.17, 24]","[269.56, 18]",216.58,108,103.17,0.22
07:34:53,"[165.0, 20]","[164.0, 90]","[267.7, 50]","[269.0, 20]",216.35,180,102.7,0.22
07:34:54,"[165.0, 20]","[164.0, 90]","[262.9, 31]","[264.06, 33]",213.95,174,97.9,0.26
07:34:55,"[165.41, 29]","[164.02, 119]","[257.42, 48]","[258.4, 52]",211.42,248,92.0,0.19
07:34:56,"[169.0, 48]","[165.0, 32]","[236.72, 57]","[253.12, 66]",202.86,203,67.72,-0.21
07:34:57,"[169.0, 42]","[165.0, 28]","[249.11, 55]","[250.22, 41]",209.05,166,80.11,-0.16
07:34:58,"[169.0, 39]","[165.0, 26]","[244.2, 50]","[244.98, 49]",206.6,164,75.2,-0.21
07:34:59,"[167.25, 16]","[164.09, 69]","[241.8, 30]","[243.46, 37]",204.53,152,74.55,0.12
07:35:00,"[165.0, 10]","[164.0, 90]","[228.79, 29]","[239.25, 40]",196.9,169,63.79,0.18
07:35:01,"[164.67, 15]","[163.99, 91]","[201.31, 26]","[202.18, 44]",182.99,176,36.64,0.2
07:35:02,"[168.33, 75]","[163.97, 67]","[198.65, 49]","[200.45, 44]",183.49,235,30.32,0.21
07:35:03,"[169.0, 70]","[164.0, 70]","[194.28, 61]","[195.78, 37]",181.64,238,25.28,0.18
07:35:04,"[169.0, 50]","[164.0, 60]","[191.38, 26]","[193.26, 54]",180.19,190,22.38,0.16
07:35:05,"[169.0, 40]","[164.0, 50]","[188.3, 20]","[191.42, 31]",178.65,141,19.3,0.28
07:35:06,"[169.0, 44]","[164.0, 55]","[184.21, 42]","[185.92, 26]",176.61,167,15.21,0.19
07:35:07,"[169.0, 44]","[164.0, 55]","[181.25, 51]","[182.52, 42]",175.13,192,12.25,0.03
07:35:08,"[169.0, 64]","[164.0, 80]","[175.82, 44]","[176.16, 55]",172.41,243,6.82,0.19
07:35:09,"[166.62, 42]","[163.9, 39]","[170.05, 21]","[171.29, 14]",168.33,116,3.43,0.4
07:35:10,"[164.0, 85]","[163.0, 17]","[169.68, 38]","[170.62, 21]",166.84,161,5.68,0.27
07:35:11,"[163.0, 13]","[161.0, 234]","[167.86, 21]","[169.0, 36]",165.43,304,4.86,0.62
07:35:12,"[161.2, 123]","[160.58, 172]","[165.81, 54]","[167.12, 41]",163.51,390,4.61,0.51
07:35:13,"[162.44, 25]","[161.19, 116]","[164.28, 36]","[165.28, 36]",163.36,213,1.84,0.32
07:35:14,"[161.08, 76]","[160.15, 141]","[163.69, 26]","[165.0, 26]",162.39,269,2.61,0.61
07:35:15,"[161.0, 63]","[160.0, 108]","[162.67, 18]","[173.0, 18]",161.83,207,1.67,0.65
07:35:16,"[161.62, 45]","[160.49, 70]","[165.0, 26]","[222.0, 52]",163.31,193,3.38,0.19
07:35:17,"[162.15, 40]","[161.25, 48]","[226.97, 32]","[384.31, 39]",194.56,159,64.82,0.11
07:35:18,"[162.0, 22]","[160.5, 30]","[237.0, 10]","[267.82, 11]",199.5,73,75.0,0.42
07:35:19,"[161.0, 22]","[157.75, 76]","[229.15, 20]","[460.0, 32]",195.07,150,68.15,0.31
07:35:20,"[162.0, 93]","[160.92, 26]","[182.55, 22]","[209.0, 16]",172.27,157,20.55,0.52
07:35:21,"[162.0, 85]","[160.91, 33]","[175.0, 39]","[176.0, 13]",168.5,170,13.0,0.39
07:35:22,"[163.5, 32]","[161.91, 22]","[175.0, 18]","[176.0, 6]",169.25,78,11.5,0.38
07:35:23,"[164.58, 72]","[163.73, 74]","[175.0, 42]","[240.82, 28]",169.79,216,10.42,0.35
07:35:24,"[164.56, 54]","[163.46, 52]","[173.49, 41]","[186.86, 37]",169.02,184,8.93,0.15
07:35:25,"[165.0, 54]","[163.0, 36]","[171.0, 36]","[241.19, 31]",168.0,157,6.0,0.15
07:35:26,"[165.0, 51]","[163.0, 36]","[167.97, 33]","[198.0, 30]",166.48,150,2.97,0.16
07:35:27,"[164.33, 36]","[162.56, 41]","[172.7, 37]","[342.12, 41]",168.52,155,8.37,-0.01
07:35:28,"[163.0, 28]","[161.0, 21]","[210.29, 7]","[215.43, 21]",186.64,77,47.29,0.27
07:35:29,"[162.14, 42]","[160.67, 27]","[209.87, 15]","[218.6, 45]",186.0,129,47.72,0.07
07:35:30,"[161.0, 12]","[160.0, 8]","[209.0, 8]","[229.0, 24]",185.0,52,48.0,-0.23
07:35:31,"[160.38, 13]","[106.59, 37]","[207.37, 19]","[217.58, 33]",183.88,102,46.98,-0.02
07:35:32,"[169.0, 13]","[161.45, 29]","[203.88, 17]","[204.83, 35]",186.44,94,34.88,-0.11
07:35:33,"[164.38, 26]","[162.29, 35]","[201.16, 25]","[202.63, 19]",182.77,105,36.78,0.16
07:35:34,"[163.0, 48]","[158.0, 12]","[199.46, 28]","[199.6, 20]",181.23,108,36.46,0.11
07:35:35,"[163.0, 64]","[158.93, 15]","[196.68, 19]","[197.95, 41]",179.84,139,33.68,0.14
07:35:36,"[163.0, 37]","[160.22, 9]","[195.44, 27]","[197.0, 9]",179.22,82,32.44,0.12
07:35:37,"[163.0, 18]","[162.0, 6]","[194.94, 16]","[196.25, 8]",178.97,48,31.94,0.0
07:35:38,"[163.94, 48]","[162.95, 38]","[192.53, 34]","[194.0, 22]",178.23,142,28.59,0.21
07:35:39,"[165.0, 54]","[163.0, 54]","[187.92, 26]","[190.74, 46]",176.46,180,22.92,0.2
07:35:40,"[165.54, 37]","[163.71, 42]","[185.77, 26]","[186.93, 30]",175.65,135,20.23,0.17
07:35:41,"[167.0, 65]","[163.0, 39]","[184.57, 21]","[185.13, 31]",175.79,156,17.57,0.33
07:35:42,"[167.0, 55]","[163.0, 33]","[183.95, 22]","[199.44, 25]",175.48,135,16.95,0.3
07:35:43,"[167.0, 65]","[163.0, 39]","[181.38, 39]","[182.43, 37]",174.19,180,14.38,0.16
07:35:44,"[167.0, 55]","[163.0, 33]","[179.33, 36]","[180.16, 38]",173.17,162,12.33,0.09
07:35:45,"[169.0, 112]","[167.0, 80]","[177.64, 50]","[178.9, 60]",173.32,302,8.64,0.27
07:35:46,"[169.0, 104]","[167.0, 80]","[172.38, 45]","[173.63, 51]",170.69,280,3.38,0.31
07:35:47,"[167.62, 58]","[165.26, 38]","[171.62, 32]","[183.37, 35]",169.62,163,4.0,0.18
07:35:48,"[167.0, 60]","[165.0, 12]","[172.0, 24]","[190.27, 55]",169.5,151,5.0,-0.05
07:35:49,"[167.0, 50]","[165.0, 10]","[171.2, 20]","[232.78, 41]",169.1,121,4.2,-0.01
07:35:50,"[167.0, 45]","[165.0, 9]","[171.0, 18]","[305.33, 45]",169.0,117,4.0,-0.08
07:35:51,"[165.24, 41]","[162.62, 34]","[170.2, 20]","[524.3, 50]",167.72,145,4.96,0.03
07:35:52,"[163.0, 72]","[162.0, 108]","[168.33, 24]","[382.19, 48]",165.67,252,5.33,0.43
07:35:53,"[162.18, 44]","[161.47, 57]","[168.0, 18]","[392.3, 43]",165.09,162,5.82,0.25
07:35:54,"[162.0, 48]","[161.0, 40]","[167.25, 16]","[270.75, 24]",164.62,128,5.25,0.38
07:35:55,"[162.14, 43]","[161.5, 70]","[166.0, 26]","[261.62, 39]",164.07,178,3.86,0.27
07:35:56,"[162.0, 8]","[161.0, 40]","[165.25, 16]","[237.38, 32]",163.62,96,3.25,0.0
07:35:57,"[161.05, 37]","[160.26, 38]","[164.0, 18]","[180.0, 45]",162.53,138,2.95,0.09
07:35:58,"[161.0, 60]","[160.0, 48]","[162.58, 24]","[302.66, 47]",161.79,179,1.58,0.21
07:35:59,"[161.2, 30]","[159.62, 39]","[251.02, 47]","[366.38, 47]",206.11,163,89.82,-0.15
07:36:00,"[167.0, 10]","[160.0, 40]","[185.0, 50]","[211.1, 50]",176.0,150,18.0,-0.33
07:36:01,"[167.0, 51]","[160.0, 60]","[171.61, 72]","[173.42, 36]",169.31,219,4.61,0.01
07:36:02,"[165.65, 26]","[156.43, 56]","[169.93, 54]","[172.0, 30]",167.79,166,4.27,-0.01
07:36:03,"[160.0, 6]","[155.0, 48]","[168.5, 12]","[170.0, 30]",164.25,96,8.5,0.12
07:36:04,"[156.05, 21]","[148.95, 56]","[167.1, 61]","[168.81, 37]",161.57,175,11.05,-0.12
07:36:05,"[157.0, 7]","[153.53, 17]","[166.57, 35]","[168.0, 14]",161.79,73,9.57,-0.34
07:36:06,"[156.14, 14]","[147.6, 10]","[161.38, 16]","[260.43, 21]",158.76,61,5.23,-0.21
07:36:07,"[156.07, 28]","[119.57, 67]","[163.55, 11]","[284.31, 39]",159.81,145,7.47,0.31
07:36:08,"[158.67, 12]","[155.75, 24]","[162.0, 12]","[294.12, 40]",160.33,88,3.33,-0.18
07:36:09,"[157.1, 31]","[106.37, 41]","[274.7, 27]","[289.69, 32]",215.9,131,117.61,0.1
07:36:10,"[158.9, 84]","[152.95, 19]","[260.24, 29]","[272.25, 32]",209.57,164,101.34,0.26
07:36:11,"[157.18, 11]","[135.07, 28]","[268.31, 26]","[270.3, 23]",212.74,88,111.13,-0.11
07:36:12,"[163.0, 10]","[155.0, 20]","[265.9, 50]","[269.0, 20]",214.45,100,102.9,-0.4
07:36:13,"[164.67, 24]","[156.86, 57]","[260.66, 56]","[262.79, 42]",212.66,179,95.99,-0.09
07:36:14,"[167.0, 70]","[163.0, 14]","[232.11, 37]","[243.97, 40]",199.55,161,65.11,0.04
07:36:15,"[167.0, 56]","[163.0, 12]","[179.52, 33]","[203.57, 37]",173.26,138,12.52,-0.01
07:36:16,"[161.07, 59]","[160.06, 179]","[166.76, 42]","[167.47, 51]",163.91,331,5.69,0.44
07:36:17,"[161.89, 105]","[160.48, 75]","[163.75, 32]","[220.5, 32]",162.82,244,1.86,0.48
07:36:18,"[162.09, 55]","[161.38, 52]","[262.31, 39]","[419.75, 32]",212.2,178,100.22,0.2
07:36:19,"[163.0, 11]","[162.0, 44]","[235.74, 23]","[428.89, 28]",199.37,106,72.74,0.04
07:36:20,"[161.8, 20]","[160.9, 71]","[184.55, 22]","[189.91, 22]",173.17,135,22.75,0.35
07:36:21,"[160.84, 69]","[159.86, 114]","[183.0, 26]","[218.38, 26]",171.92,235,22.16,0.56
07:36:22,"[161.48, 46]","[159.22, 36]","[183.0, 16]","[363.14, 21]",172.24,119,21.52,0.38
07:36:23,"[167.0, 24]","[160.0, 112]","[183.0, 16]","[330.64, 22]",175.0,174,16.0,0.56
07:36:24,"[167.0, 30]","[161.8, 90]","[182.8, 20]","[305.62, 29]",174.9,169,15.8,0.42
07:36:25,"[167.0, 27]","[162.0, 81]","[180.45, 22]","[280.08, 25]",173.73,155,13.45,0.39
07:36:26,"[167.0, 24]","[162.0, 72]","[176.11, 18]","[177.13, 30]",171.56,144,9.11,0.33
07:36:27,"[167.0, 42]","[162.23, 90]","[174.29, 34]","[175.4, 50]",170.65,216,7.29,0.22
07:36:28,"[167.0, 17]","[163.0, 27]","[171.44, 18]","[174.0, 36]",169.22,98,4.44,-0.1
07:36:29,"[163.8, 46]","[162.72, 129]","[168.64, 28]","[182.05, 42]",166.22,245,4.84,0.43
07:36:30,"[162.58, 62]","[162.02, 171]","[165.72, 36]","[200.2, 35]",164.15,304,3.14,0.53
07:36:31,"[162.55, 60]","[161.51, 147]","[164.0, 28]","[233.11, 38]",163.28,273,1.45,0.52
07:36:32,"[162.0, 63]","[159.0, 90]","[332.18, 17]","[494.45, 22]",247.09,192,170.18,0.59
07:36:33,"[162.0, 28]","[159.0, 54]","[165.0, 12]","[421.0, 12]",163.5,106,3.0,0.55
07:36:34,"[162.0, 40]","[158.83, 83]","[164.33, 24]","[279.67, 24]",163.17,171,2.33,0.44
07:36:35,"[162.0, 28]","[159.0, 14]","[163.86, 14]","[165.0, 14]",162.93,70,1.86,0.2
07:36:36,"[162.0, 18]","[159.0, 12]","[168.2, 15]","[190.33, 15]",165.1,60,6.2,0.0
07:36:37,"[162.0, 18]","[160.78, 54]","[231.12, 26]","[290.67, 18]",196.56,116,69.12,0.24
07:36:38,"[162.0, 20]","[161.0, 80]","[243.0, 30]","[332.5, 32]",202.5,162,81.0,0.23
07:36:39,"[162.0, 14]","[161.0, 56]","[241.43, 21]","[399.57, 35]",201.71,126,79.43,0.11
07:36:40,"[162.0, 14]","[161.0, 56]","[168.45, 11]","[232.53, 17]",165.23,98,6.45,0.43
07:36:41,"[161.06, 32]","[160.18, 44]","[221.48, 23]","[315.09, 11]",191.27,110,60.42,0.38
07:36:42,"[164.29, 34]","[160.59, 59]","[413.6, 45]","[427.35, 31]",288.95,169,249.31,0.1
07:36:43,"[160.26, 38]","[159.8, 30]","[261.04, 23]","[394.07, 28]",210.65,119,100.78,0.14
07:36:44,"[160.0, 22]","[159.0, 10]","[288.0, 12]","[441.0, 9]",224.0,53,128.0,0.21
07:36:45,"[157.5, 16]","[147.18, 17]","[342.17, 23]","[414.77, 22]",249.84,78,184.67,-0.15
07:36:46,"[156.75, 24]","[131.16, 19]","[281.09, 32]","[335.65, 43]",218.92,118,124.34,-0.27
07:36:47,"[152.0, 10]","[98.0, 10]","[188.2, 30]","[189.21, 28]",170.1,78,36.2,-0.49
07:36:48,"[152.89, 36]","[132.36, 11]","[178.47, 38]","[185.97, 35]",165.68,120,25.58,-0.22
07:36:49,"[153.0, 12]","[152.0, 6]","[183.33, 24]","[185.0, 18]",168.17,60,30.33,-0.4
07:36:50,"[166.02, 86]","[153.67, 15]","[179.91, 47]","[181.36, 42]",172.97,190,13.89,0.06
07:36:51,"[169.0, 196]","[166.0, 16]","[179.0, 56]","[180.0, 42]",174.0,310,10.0,0.37
07:36:52,"[169.0, 140]","[167.0, 10]","[176.77, 31]","[178.21, 34]",172.89,215,7.77,0.4
07:36:53,"[169.0, 196]","[167.0, 14]","[171.92, 48]","[174.16, 43]",170.46,301,2.92,0.4
07:36:54,"[169.0, 109]","[167.0, 8]","[170.0, 32]","[171.0, 24]",169.5,173,1.0,0.35
07:36:55,"[169.0, 114]","[167.0, 10]","[170.45, 44]","[172.89, 38]",169.73,206,1.45,0.2
07:36:56,"[169.0, 70]","[167.0, 10]","[170.16, 32]","[171.5, 36]",169.58,148,1.16,0.08
07:36:57,"[169.0, 35]","[167.0, 7]","[170.0, 21]","[171.0, 14]",169.5,77,1.0,0.09
07:36:58,"[169.0, 24]","[167.0, 13]","[170.0, 39]","[317.68, 25]",169.5,101,1.0,-0.27
07:36:59,"[166.25, 8]","[163.65, 31]","[442.38, 26]","[585.86, 14]",304.32,79,276.13,-0.01
07:37:00,"[165.0, 6]","[163.0, 42]","[280.33, 18]","[447.0, 18]",222.67,84,115.33,0.14
07:37:01,"[163.39, 36]","[162.36, 67]","[319.73, 22]","[504.0, 32]",241.56,157,156.34,0.31
07:37:02,"[163.89, 18]","[162.18, 66]","[324.45, 22]","[334.89, 38]",244.17,144,160.57,0.17
07:37:03,"[163.0, 14]","[162.0, 63]","[279.29, 14]","[581.14, 28]",221.14,119,116.29,0.29
07:37:04,"[163.0, 22]","[162.0, 99]","[276.22, 36]","[282.93, 30]",219.61,187,113.22,0.29
07:37:05,"[163.0, 10]","[162.0, 45]","[273.25, 16]","[274.57, 14]",218.12,85,110.25,0.29
07:37:06,"[163.0, 6]","[162.0, 27]","[273.0, 12]","[274.0, 6]",218.0,51,110.0,0.29
07:37:07,"[163.0, 14]","[162.0, 63]","[272.6, 20]","[273.27, 22]",217.8,119,109.6,0.29
07:37:08,"[162.36, 28]","[161.94, 48]","[261.54, 26]","[268.46, 26]",211.95,128,99.18,0.19
07:37:09,"[162.0, 44]","[161.0, 10]","[237.32, 37]","[262.93, 30]",199.66,121,75.32,-0.11
07:37:10,"[162.9, 20]","[161.95, 19]","[171.74, 27]","[203.3, 33]",167.32,99,8.84,-0.21
07:37:11,"[160.55, 22]","[159.05, 74]","[168.12, 34]","[170.25, 32]",164.33,162,7.57,0.19
07:37:12,"[159.0, 36]","[156.03, 36]","[167.0, 24]","[169.0, 12]",163.0,108,8.0,0.33
07:37:13,"[158.72, 74]","[155.38, 71]","[166.1, 40]","[166.74, 35]",162.41,220,7.38,0.32
07:37:14,"[159.0, 63]","[156.0, 63]","[161.9, 29]","[164.58, 31]",160.45,186,2.9,0.35
07:37:15,"[160.42, 53]","[157.67, 63]","[241.16, 32]","[554.38, 24]",200.79,172,80.74,0.35
07:37:16,"[162.0, 19]","[159.0, 35]","[280.6, 15]","[418.2, 15]",221.3,84,118.6,0.29
07:37:17,"[159.0, 54]","[156.0, 63]","[230.44, 27]","[266.89, 27]",194.72,171,71.44,0.37
07:37:18,"[159.0, 30]","[156.0, 56]","[190.12, 24]","[321.25, 24]",174.56,134,31.12,0.28
07:37:19,"[159.29, 24]","[156.9, 60]","[187.83, 36]","[422.25, 36]",173.56,156,28.54,0.08
07:37:20,"[161.86, 14]","[160.0, 56]","[184.5, 50]","[198.89, 47]",173.18,167,22.64,-0.16
07:37:21,"[163.07, 180]","[162.83, 133]","[181.89, 62]","[183.38, 64]",172.48,439,18.81,0.43
07:37:22,"[163.19, 134]","[162.79, 151]","[176.58, 50]","[179.27, 55]",169.89,390,13.39,0.46
07:37:23,"[163.46, 130]","[162.74, 122]","[173.41, 44]","[174.78, 54]",168.44,350,9.95,0.44
07:37:24,"[163.83, 152]","[162.51, 90]","[235.14, 44]","[354.86, 37]",199.48,323,71.31,0.5
07:37:25,"[164.0, 192]","[162.04, 67]","[283.84, 62]","[294.73, 45]",223.92,366,119.84,0.42
07:37:26,"[164.0, 80]","[163.0, 24]","[189.41, 27]","[225.78, 23]",176.7,154,25.41,0.35
07:37:27,"[164.0, 125]","[163.0, 42]","[185.4, 47]","[186.19, 53]",174.7,267,21.4,0.25
07:37:28,"[164.31, 65]","[163.0, 39]","[180.23, 35]","[181.23, 39]",172.27,178,15.92,0.17
07:37:29,"[165.0, 60]","[163.0, 36]","[169.35, 48]","[170.69, 45]",167.18,189,4.35,0.02
07:37:30,"[165.0, 51]","[163.0, 36]","[166.56, 36]","[167.23, 52]",165.78,175,1.56,-0.01
07:37:31,"[163.0, 21]","[162.0, 35]","[164.81, 21]","[167.3, 20]",163.9,97,1.81,0.15
07:37:32,"[162.07, 59]","[161.12, 80]","[164.84, 50]","[183.62, 52]",163.45,241,2.77,0.15
07:37:33,"[161.29, 56]","[160.56, 72]","[164.4, 30]","[181.09, 46]",162.84,204,3.11,0.25
07:37:34,"[161.0, 35]","[160.0, 28]","[162.86, 7]","[203.96, 23]",161.93,93,1.86,0.35
07:37:35,"[162.39, 56]","[160.63, 54]","[215.18, 33]","[361.08, 39]",188.79,182,52.79,0.21
07:37:36,"[167.0, 24]","[162.0, 36]","[245.91, 22]","[479.17, 18]",206.45,100,78.91,0.2
07:37:37,"[167.0, 36]","[162.0, 54]","[236.3, 20]","[316.14, 28]",201.65,138,69.3,0.3
07:37:38,"[167.0, 24]","[163.88, 16]","[196.0, 6]","[349.71, 21]",181.5,67,29.0,0.19
07:37:39,"[167.0, 70]","[165.0, 18]","[196.0, 9]","[423.0, 36]",181.5,133,29.0,0.32
07:37:40,"[167.0, 64]","[165.0, 16]","[194.91, 32]","[362.5, 14]",180.95,126,27.91,0.27
07:37:41,"[166.84, 50]","[164.24, 42]","[193.0, 79]","[458.38, 45]",179.92,216,26.16,-0.15
07:37:42,"[167.0, 27]","[165.0, 12]","[193.0, 32]","[403.71, 14]",180.0,85,26.0,-0.08
07:37:43,"[167.0, 40]","[165.0, 20]","[180.65, 23]","[214.24, 37]",173.83,120,13.65,0.0
07:37:44,"[165.13, 15]","[163.07, 58]","[166.87, 31]","[174.86, 28]",166.0,132,1.74,0.11
07:37:45,"[163.15, 78]","[162.69, 35]","[247.12, 40]","[437.25, 32]",205.14,185,83.97,0.22
07:37:46,"[163.0, 60]","[162.0, 10]","[294.92, 26]","[326.1, 20]",228.96,116,131.92,0.21
07:37:47,"[166.0, 24]","[162.97, 37]","[231.71, 14]","[247.33, 21]",198.86,96,65.71,0.27
07:37:48,"[163.42, 57]","[162.57, 21]","[208.67, 27]","[209.41, 17]",186.04,122,45.25,0.28
07:37:49,"[163.0, 15]","[162.0, 5]","[196.57, 14]","[206.67, 9]",179.79,43,33.57,-0.07
07:37:50,"[162.08, 25]","[159.25, 53]","[167.7, 33]","[257.24, 21]",164.89,132,5.62,0.18
07:37:51,"[161.0, 12]","[139.45, 22]","[164.0, 18]","[387.36, 14]",162.5,66,3.0,0.03
07:37:52,"[161.0, 18]","[127.56, 18]","[236.13, 23]","[317.61, 41]",198.57,100,75.13,-0.28
07:37:53,"[161.0, 14]","[160.0, 7]","[230.0, 7]","[252.36, 33]",195.5,61,69.0,-0.31
07:37:54,"[161.92, 26]","[160.95, 19]","[289.0, 12]","[575.5, 40]",225.46,97,127.08,-0.07
07:37:55,"[164.06, 17]","[161.33, 18]","[322.23, 13]","[492.56, 27]",243.14,75,158.17,-0.07
07:37:56,"[162.0, 10]","[161.0, 10]","[475.15, 13]","[678.0, 7]",318.58,40,313.15,0.0
07:37:57,"[162.96, 55]","[161.92, 24]","[450.2, 30]","[519.67, 36]",306.58,145,287.24,0.09
07:37:58,"[163.0, 72]","[162.0, 18]","[334.93, 30]","[410.13, 15]",248.97,135,171.93,0.33
07:37:59,"[163.42, 26]","[162.77, 35]","[205.07, 43]","[294.27, 22]",184.25,126,41.65,-0.03
07:38:00,"[165.0, 5]","[163.0, 15]","[203.71, 21]","[208.24, 17]",184.36,58,38.71,-0.31
07:38:01,"[165.0, 15]","[163.0, 108]","[200.99, 67]","[202.32, 62]",182.99,252,35.99,-0.02
07:38:02,"[165.0, 14]","[163.0, 184]","[195.36, 56]","[196.43, 56]",180.18,310,30.36,0.28
07:38:03,"[165.0, 11]","[163.0, 143]","[191.91, 44]","[193.18, 44]",178.45,242,26.91,0.27
07:38:04,"[163.1, 78]","[162.69, 64]","[183.81, 53]","[189.82, 44]",173.46,239,20.71,0.19
07:38:05,"[163.0, 98]","[162.0, 28]","[168.5, 56]","[175.0, 32]",165.75,214,5.5,0.18
07:38:06,"[163.0, 91]","[162.0, 26]","[187.0, 52]","[210.43, 53]",175.0,222,24.0,0.05
07:38:07,"[163.0, 91]","[162.0, 26]","[189.31, 52]","[191.0, 52]",176.15,221,26.31,0.06
07:38:08,"[163.0, 48]","[162.0, 16]","[185.0, 20]","[188.75, 32]",174.0,116,22.0,0.1
07:38:09,"[163.52, 27]","[161.56, 32]","[172.44, 48]","[180.3, 57]",167.98,164,8.92,-0.28
07:38:10,"[167.0, 27]","[162.0, 16]","[170.33, 36]","[171.33, 36]",168.67,115,3.33,-0.25
07:38:11,"[167.0, 70]","[162.0, 80]","[169.6, 40]","[170.6, 40]",168.3,230,2.6,0.3
07:38:12,"[162.61, 82]","[161.39, 103]","[168.08, 50]","[246.64, 56]",165.34,291,5.47,0.27
07:38:13,"[162.0, 80]","[161.0, 70]","[167.75, 28]","[289.61, 18]",164.88,196,5.75,0.53
07:38:14,"[162.0, 46]","[161.0, 84]","[163.56, 18]","[246.71, 35]",162.78,183,1.56,0.42
07:38:15,"[162.0, 24]","[161.0, 56]","[163.0, 18]","[264.57, 14]",162.5,112,1.0,0.43
07:38:16,"[162.0, 23]","[161.0, 77]","[260.16, 31]","[367.46, 37]",211.08,168,98.16,0.19
07:38:17,"[162.0, 11]","[161.0, 77]","[282.0, 11]","[395.61, 18]",222.0,117,120.0,0.5
07:38:18,"[162.0, 11]","[161.0, 77]","[225.53, 17]","[358.46, 13]",193.76,118,63.53,0.49
07:38:19,"[162.0, 12]","[161.0, 84]","[376.77, 35]","[478.33, 27]",269.39,158,214.77,0.22
07:38:20,"[161.03, 36]","[160.16, 43]","[439.88, 34]","[467.79, 39]",300.46,152,278.85,0.04
07:38:21,"[161.03, 31]","[160.07, 43]","[204.88, 41]","[280.0, 33]",182.96,148,43.85,0.0
07:38:22,"[160.97, 32]","[159.93, 43]","[202.64, 55]","[205.0, 33]",181.8,163,41.67,-0.08
07:38:23,"[161.0, 27]","[160.0, 36]","[201.07, 55]","[202.61, 31]",181.04,149,40.07,-0.15
07:38:24,"[161.0, 30]","[160.0, 40]","[196.3, 50]","[200.0, 30]",178.65,150,35.3,-0.07
07:38:25,"[161.0, 24]","[160.0, 32]","[195.81, 31]","[198.0, 30]",178.4,117,34.81,-0.04
07:38:26,"[164.12, 68]","[158.83, 58]","[191.3, 44]","[193.58, 55]",177.71,225,27.18,0.12
07:38:27,"[167.0, 60]","[162.0, 15]","[186.69, 35]","[187.91, 55]",176.84,165,19.69,-0.09
07:38:28,"[167.0, 36]","[165.45, 29]","[185.24, 21]","[186.85, 26]",176.12,112,18.24,0.16
07:38:29,"[167.0, 38]","[166.0, 55]","[183.27, 55]","[185.0, 22]",175.14,170,16.27,0.09
07:38:30,"[167.0, 9]","[166.0, 45]","[181.22, 45]","[185.0, 18]",174.11,117,14.22,-0.08
07:38:31,"[165.93, 14]","[163.24, 29]","[167.93, 28]","[173.23, 26]",166.93,97,2.0,-0.11
07:38:32,"[162.0, 11]","[160.06, 127]","[165.0, 37]","[166.51, 37]",163.5,212,3.0,0.3
07:38:33,"[161.22, 23]","[160.33, 107]","[163.0, 55]","[164.0, 22]",162.11,207,1.78,0.26
07:38:34,"[160.83, 64]","[157.71, 210]","[163.24, 51]","[225.0, 36]",162.03,361,2.41,0.52
07:38:35,"[160.0, 180]","[79.76, 42]","[161.5, 18]","[162.36, 33]",160.75,273,1.5,0.63
07:38:36,"[160.0, 119]","[157.0, 10]","[162.71, 14]","[221.67, 36]",161.36,179,2.71,0.44
07:38:37,"[160.0, 28]","[157.0, 4]","[164.0, 4]","[269.0, 20]",162.0,56,4.0,0.14
07:38:38,"[161.45, 22]","[160.78, 54]","[164.0, 9]","[318.78, 45]",162.73,130,2.55,0.17
07:38:39,"[161.0, 61]","[160.0, 66]","[283.26, 27]","[348.02, 50]",222.13,204,122.26,0.25
07:38:40,"[162.79, 14]","[160.02, 55]","[339.61, 46]","[395.17, 36]",251.2,151,176.82,-0.09
07:38:41,"[165.91, 22]","[160.76, 34]","[265.16, 37]","[429.6, 35]",215.54,128,99.25,-0.12
07:38:42,"[167.0, 36]","[163.0, 16]","[323.97, 29]","[328.18, 11]",245.48,92,156.97,0.13
07:38:43,"[167.0, 60]","[163.0, 20]","[196.47, 19]","[217.35, 31]",181.74,130,29.47,0.23
07:38:44,"[167.0, 60]","[163.0, 20]","[198.46, 39]","[273.14, 21]",182.73,140,31.46,0.14
07:38:45,"[167.0, 36]","[163.0, 12]","[173.89, 19]","[179.3, 23]",170.45,90,6.89,0.07
07:38:46,"[167.0, 42]","[162.86, 14]","[172.43, 21]","[381.43, 28]",169.71,105,5.43,0.07
07:38:47,"[167.0, 42]","[163.0, 21]","[172.0, 21]","[421.78, 18]",169.5,102,5.0,0.24
07:38:48,"[167.0, 52]","[163.0, 36]","[171.5, 36]","[368.47, 34]",169.25,158,4.5,0.11
07:38:49,"[166.67, 24]","[162.85, 13]","[171.0, 21]","[338.0, 28]",168.83,86,4.33,-0.14
07:38:50,"[161.93, 15]","[159.75, 12]","[171.0, 30]","[352.15, 33]",166.47,90,9.07,-0.4
07:38:51,"[82.77, 13]","[101.14, 7]","[163.47, 19]","[171.5, 18]",123.12,57,80.7,-0.3
07:38:52,"[92.57, 14]","[77.0, 20]","[165.0, 6]","[170.0, 18]",128.79,58,72.43,0.17
07:38:53,"[161.85, 13]","[88.95, 19]","[164.3, 10]","[187.17, 18]",163.07,60,2.45,0.07
07:38:54,"[160.75, 12]","[106.38, 8]","[163.29, 7]","[210.9, 10]",162.02,37,2.54,0.08
07:38:55,"[161.0, 32]","[160.0, 8]","[163.4, 15]","[168.5, 8]",162.2,63,2.4,0.27
07:38:56,"[161.08, 24]","[160.0, 10]","[185.0, 12]","[252.57, 14]",173.04,60,23.92,0.13
07:38:57,"[162.0, 12]","[160.0, 6]","[265.0, 12]","[361.0, 6]",213.5,36,103.0,0.0
07:38:58,"[162.0, 16]","[160.0, 8]","[265.0, 16]","[473.75, 8]",213.5,48,103.0,0.0
07:38:59,"[160.47, 19]","[146.5, 10]","[240.1, 10]","[258.0, 13]",200.29,52,79.63,0.12
07:39:00,"[160.07, 45]","[108.2, 10]","[197.0, 24]","[224.1, 10]",178.53,89,36.93,0.24
07:39:01,"[165.92, 77]","[155.51, 43]","[193.48, 67]","[213.64, 36]",179.7,223,27.56,0.08
07:39:02,"[169.0, 94]","[164.75, 8]","[191.5, 40]","[194.0, 32]",180.25,174,22.5,0.17
07:39:03,"[169.0, 53]","[165.0, 7]","[190.29, 35]","[194.0, 28]",179.64,123,21.29,-0.02
07:39:04,"[169.0, 79]","[165.0, 15]","[188.54, 65]","[194.0, 52]",178.77,211,19.54,-0.11
07:39:05,"[169.0, 45]","[165.0, 9]","[186.86, 29]","[205.75, 28]",177.93,111,17.86,-0.03
07:39:06,"[169.0, 45]","[165.0, 9]","[184.06, 33]","[185.71, 21]",176.53,108,15.06,0.0
07:39:07,"[169.0, 40]","[165.0, 8]","[180.95, 20]","[183.07, 28]",174.97,96,11.95,0.0
07:39:08,"[169.0, 62]","[165.0, 13]","[177.24, 33]","[179.78, 45]",173.12,153,8.24,-0.02
07:39:09,"[168.69, 26]","[163.75, 16]","[177.58, 12]","[392.56, 9]",173.14,63,8.89,0.33
07:39:10,"[168.71, 34]","[160.9, 20]","[176.5, 10]","[213.08, 13]",172.6,77,7.79,0.4
07:39:11,"[163.0, 6]","[161.0, 24]","[174.33, 6]","[177.0, 6]",168.67,42,11.33,0.43
07:39:12,"[163.0, 10]","[161.0, 40]","[173.0, 10]","[177.0, 10]",168.0,70,10.0,0.43
07:39:13,"[161.15, 13]","[157.35, 46]","[172.57, 7]","[177.0, 7]",166.86,73,11.42,0.62
07:39:14,"[161.0, 26]","[157.0, 91]","[169.23, 13]","[170.23, 13]",165.12,143,8.23,0.64
07:39:15,"[161.0, 14]","[157.0, 49]","[168.0, 7]","[169.0, 7]",164.5,77,7.0,0.64
07:39:16,"[162.32, 28]","[158.67, 48]","[165.64, 14]","[167.21, 14]",163.98,104,3.32,0.46
07:39:17,"[157.73, 71]","[128.03, 65]","[166.29, 14]","[428.22, 23]",162.01,173,8.55,0.57
07:39:18,"[158.39, 93]","[139.38, 26]","[162.77, 13]","[345.13, 15]",160.58,147,4.38,0.62
07:39:19,"[161.11, 179]","[159.2, 163]","[505.17, 18]","[580.14, 22]",333.14,382,344.06,0.79
07:39:20,"[165.54, 123]","[161.92, 244]","[309.0, 30]","[439.36, 28]",237.27,425,143.46,0.73
07:39:21,"[167.0, 86]","[162.43, 63]","[232.82, 22]","[366.22, 18]",199.91,189,65.82,0.58
07:39:22,"[167.0, 24]","[163.0, 27]","[310.67, 18]","[624.22, 9]",238.83,78,143.67,0.31
07:39:23,"[167.0, 9]","[163.0, 27]","[405.44, 18]","[522.0, 15]",286.22,69,238.44,0.04
07:39:24,"[167.0, 12]","[163.0, 36]","[356.45, 31]","[441.22, 23]",261.73,102,189.45,-0.06
07:39:25,"[167.0, 12]","[163.0, 30]","[333.0, 30]","[473.1, 20]",250.0,92,166.0,-0.09
07:39:26,"[167.0, 16]","[163.0, 24]","[332.0, 24]","[379.25, 16]",249.5,80,165.0,0.0
07:39:27,"[168.12, 32]","[163.28, 29]","[328.19, 32]","[336.96, 23]",248.16,116,160.06,0.05
07:39:28,"[169.0, 97]","[167.0, 11]","[314.17, 23]","[330.5, 32]",241.59,163,145.17,0.33
07:39:29,"[169.0, 63]","[167.0, 9]","[326.86, 28]","[327.94, 33]",247.93,133,157.86,0.08
07:39:30,"[169.0, 84]","[167.0, 48]","[324.03, 36]","[325.24, 45]",246.51,213,155.03,0.24
07:39:31,"[169.0, 42]","[167.0, 24]","[311.87, 23]","[321.06, 17]",240.43,106,142.87,0.25
07:39:32,"[169.0, 35]","[167.0, 20]","[208.33, 12]","[298.18, 22]",188.67,89,39.33,0.24
07:39:33,"[169.0, 50]","[167.0, 32]","[175.88, 16]","[242.4, 20]",172.44,118,6.88,0.39
07:39:34,"[167.73, 33]","[162.43, 138]","[173.48, 23]","[195.83, 23]",170.6,217,5.75,0.58
07:39:35,"[164.87, 45]","[162.12, 164]","[168.59, 34]","[169.63, 38]",166.73,281,3.72,0.49
07:39:36,"[162.25, 72]","[161.95, 189]","[165.38, 26]","[167.93, 29]",163.82,316,3.13,0.65
07:39:37,"[162.0, 180]","[161.0, 30]","[164.6, 20]","[170.0, 30]",163.3,260,2.6,0.62
07:39:38,"[162.0, 263]","[161.0, 51]","[163.0, 34]","[170.0, 51]",162.5,399,1.0,0.57
07:39:39,"[161.82, 109]","[159.58, 76]","[163.0, 22]","[170.0, 33]",162.41,240,1.18,0.54
07:39:40,"[160.71, 35]","[159.51, 78]","[162.31, 26]","[166.5, 24]",161.51,163,1.59,0.39
07:39:41,"[160.0, 55]","[159.0, 209]","[285.96, 47]","[357.09, 44]",222.98,355,125.96,0.49
07:39:42,"[160.87, 39]","[160.02, 93]","[304.78, 41]","[350.33, 43]",232.83,216,143.91,0.22
07:39:43,"[161.05, 42]","[160.4, 40]","[271.86, 35]","[392.22, 36]",216.45,153,110.81,0.07
07:39:44,"[162.3, 50]","[160.0, 40]","[393.49, 49]","[413.15, 41]",277.89,180,231.19,0.0
07:39:45,"[163.0, 45]","[160.0, 36]","[380.22, 36]","[415.76, 37]",271.61,154,217.22,0.05
07:39:46,"[163.17, 23]","[160.0, 60]","[252.77, 57]","[272.07, 56]",207.97,196,89.6,-0.15
07:39:47,"[164.0, 10]","[160.0, 40]","[194.85, 39]","[204.33, 36]",179.42,125,30.85,-0.2
07:39:48,"[161.22, 23]","[159.27, 104]","[190.19, 36]","[191.72, 32]",175.71,195,28.98,0.3
07:39:49,"[160.0, 36]","[159.0, 171]","[185.77, 30]","[186.56, 34]",172.88,271,25.77,0.53
07:39:50,"[160.0, 40]","[159.0, 190]","[183.0, 40]","[184.0, 10]",171.5,280,23.0,0.64
07:39:51,"[160.0, 48]","[159.0, 200]","[182.1, 42]","[183.14, 21]",171.05,311,22.1,0.59
07:39:52,"[160.0, 43]","[156.8, 56]","[175.63, 41]","[176.94, 51]",167.82,191,15.63,0.04
07:39:53,"[160.57, 91]","[159.7, 126]","[172.74, 61]","[174.64, 75]",166.65,353,12.17,0.23
07:39:54,"[160.48, 189]","[159.62, 116]","[166.26, 39]","[166.76, 59]",163.37,403,5.77,0.51
07:39:55,"[160.78, 74]","[159.9, 126]","[166.33, 36]","[218.8, 45]",163.56,281,5.55,0.42
07:39:56,"[162.33, 98]","[159.87, 121]","[172.82, 44]","[327.45, 44]",167.57,307,10.49,0.43
07:39:57,"[166.0, 76]","[160.8, 25]","[170.09, 44]","[383.64, 44]",168.05,189,4.09,0.07
07:39:58,"[166.0, 88]","[163.86, 29]","[168.09, 44]","[463.41, 34]",167.05,195,2.09,0.2
07:39:59,"[166.0, 48]","[164.0, 24]","[252.27, 30]","[377.0, 26]",209.13,128,86.27,0.12
07:40:00,"[166.0, 40]","[164.0, 30]","[363.05, 37]","[419.0, 22]",264.53,129,197.05,0.09
07:40:01,"[166.0, 12]","[164.0, 9]","[365.0, 12]","[431.0, 6]",265.5,39,199.0,0.08
07:40:02,"[166.0, 30]","[164.0, 33]","[369.29, 42]","[454.96, 23]",267.64,128,203.29,-0.02
07:40:03,"[166.0, 16]","[164.0, 24]","[455.62, 26]","[459.33, 24]",310.81,90,289.62,-0.11
07:40:04,"[165.14, 28]","[163.54, 39]","[374.66, 44]","[437.74, 38]",269.9,149,209.52,-0.1
07:40:05,"[162.0, 72]","[161.0, 72]","[301.0, 48]","[303.0, 60]",231.5,252,139.0,0.14
07:40:06,"[162.0, 35]","[161.0, 60]","[298.68, 41]","[302.16, 49]",230.34,185,136.68,0.03
07:40:07,"[161.47, 19]","[160.69, 78]","[279.8, 25]","[295.56, 36]",220.64,158,118.33,0.23
07:40:08,"[161.18, 66]","[160.19, 162]","[250.22, 74]","[254.83, 75]",205.7,377,89.03,0.21
07:40:09,"[161.0, 44]","[160.0, 132]","[242.77, 48]","[247.1, 51]",201.89,275,81.77,0.28
07:40:10,"[161.56, 18]","[160.62, 64]","[234.38, 58]","[235.26, 54]",197.97,194,72.82,-0.15
07:40:11,"[162.55, 11]","[161.0, 44]","[208.71, 28]","[228.0, 37]",185.63,120,46.17,-0.08
07:40:12,"[160.75, 40]","[159.98, 122]","[175.82, 44]","[193.31, 26]",168.28,232,15.07,0.4
07:40:13,"[159.95, 84]","[158.5, 28]","[171.58, 67]","[172.59, 68]",165.77,247,11.63,-0.09
07:40:14,"[161.18, 85]","[160.56, 64]","[168.8, 56]","[170.33, 60]",164.99,265,7.63,0.12
07:40:15,"[162.0, 38]","[161.0, 160]","[166.12, 72]","[167.12, 73]",164.06,343,4.12,0.15
07:40:16,"[161.05, 55]","[160.11, 54]","[162.62, 32]","[163.78, 41]",161.84,182,1.57,0.2
07:40:17,"[160.44, 36]","[158.35, 23]","[162.49, 41]","[236.86, 29]",161.47,129,2.04,-0.09
07:40:18,"[159.96, 50]","[158.76, 25]","[161.23, 65]","[274.73, 22]",160.6,162,1.27,-0.07
07:40:19,"[155.09, 23]","[129.48, 25]","[158.35, 40]","[223.03, 63]",156.72,151,3.26,-0.36
07:40:20,"[153.0, 9]","[112.24, 21]","[154.0, 30]","[156.0, 36]",153.5,96,1.0,-0.38
07:40:21,"[153.9, 31]","[141.9, 10]","[206.7, 23]","[401.18, 11]",180.3,75,52.79,0.09
07:40:22,"[159.57, 28]","[155.09, 22]","[289.2, 20]","[457.0, 10]",224.39,80,129.63,0.25
07:40:23,"[164.68, 38]","[164.2, 20]","[361.0, 11]","[676.17, 24]",262.84,93,196.32,0.25
07:40:24,"[167.0, 16]","[165.0, 32]","[404.0, 8]","[626.0, 32]",285.5,88,237.0,0.09
07:40:25,"[165.13, 30]","[163.73, 11]","[198.76, 29]","[475.27, 11]",181.95,81,33.63,0.01
07:40:26,"[165.0, 40]","[163.0, 10]","[218.8, 40]","[305.23, 26]",191.9,116,53.8,-0.14
07:40:27,"[164.83, 35]","[159.91, 35]","[300.46, 35]","[422.78, 27]",232.64,132,135.63,0.06
07:40:28,"[163.0, 5]","[159.0, 45]","[607.62, 13]","[626.15, 13]",385.31,76,444.62,0.32
07:40:29,"[164.0, 36]","[158.45, 44]","[544.65, 17]","[596.71, 17]",354.32,114,380.65,0.4
07:40:30,"[168.0, 24]","[164.0, 28]","[466.5, 18]","[467.75, 12]",317.25,82,298.5,0.27
07:40:31,"[168.0, 32]","[166.0, 32]","[465.75, 24]","[467.0, 24]",316.88,112,297.75,0.14
07:40:32,"[168.0, 28]","[166.0, 28]","[465.0, 21]","[593.57, 21]",316.5,98,297.0,0.14
07:40:33,"[165.39, 49]","[160.76, 84]","[368.82, 33]","[503.0, 33]",267.1,199,203.43,0.34
07:40:34,"[160.62, 39]","[159.53, 51]","[284.33, 18]","[419.67, 18]",222.47,126,123.72,0.43
07:40:35,"[165.32, 94]","[160.8, 60]","[226.1, 30]","[252.8, 30]",195.71,214,60.78,0.44
07:40:36,"[166.0, 143]","[162.0, 52]","[195.15, 39]","[208.69, 39]",180.58,273,29.15,0.43
07:40:37,"[166.0, 96]","[162.0, 36]","[179.78, 27]","[181.22, 27]",172.89,186,13.78,0.42
07:40:38,"[166.0, 56]","[162.0, 28]","[178.5, 22]","[180.57, 21]",172.25,127,12.5,0.32
07:40:39,"[166.0, 128]","[164.0, 13]","[174.2, 41]","[175.55, 40]",170.1,222,8.2,0.27
07:40:40,"[166.0, 108]","[164.0, 9]","[171.56, 27]","[173.22, 27]",168.78,171,5.56,0.37
07:40:41,"[166.0, 96]","[164.0, 8]","[168.75, 28]","[170.0, 24]",167.38,156,2.75,0.33
07:40:42,"[166.0, 138]","[164.0, 15]","[167.24, 34]","[168.1, 58]",166.62,245,1.24,0.25
07:40:43,"[163.9, 41]","[161.94, 65]","[167.26, 46]","[168.23, 52]",165.58,204,3.36,0.04
07:40:44,"[162.24, 68]","[161.5, 64]","[178.69, 26]","[478.86, 28]",170.46,186,16.46,0.42
07:40:45,"[162.07, 57]","[161.22, 36]","[230.38, 8]","[361.0, 12]",196.22,113,68.3,0.65
07:40:46,"[162.0, 120]","[161.0, 60]","[220.07, 43]","[226.67, 36]",191.03,259,58.07,0.39
07:40:47,"[162.0, 48]","[161.0, 24]","[182.86, 21]","[190.67, 6]",172.43,99,20.86,0.45
07:40:48,"[162.0, 40]","[161.0, 20]","[180.8, 20]","[184.0, 5]",171.4,85,18.8,0.41
07:40:49,"[162.0, 57]","[161.0, 36]","[179.0, 36]","[201.78, 9]",170.5,138,17.0,0.35
07:40:50,"[162.0, 45]","[160.98, 41]","[177.0, 32]","[183.74, 23]",169.5,141,15.0,0.22
07:40:51,"[162.0, 36]","[160.75, 24]","[174.21, 33]","[175.33, 12]",168.11,105,12.21,0.14
07:40:52,"[161.57, 56]","[160.92, 52]","[171.13, 39]","[173.14, 21]",166.35,168,9.56,0.29
07:40:53,"[161.0, 48]","[160.0, 8]","[169.97, 29]","[171.27, 11]",165.48,96,8.97,0.17
07:40:54,"[161.0, 72]","[160.0, 12]","[168.47, 15]","[189.63, 46]",164.73,145,7.47,0.16
07:40:55,"[161.0, 66]","[160.0, 11]","[169.0, 44]","[351.0, 55]",165.0,176,8.0,-0.12
07:40:56,"[161.0, 36]","[160.0, 6]","[167.5, 24]","[546.0, 18]",164.25,84,6.5,0.0
07:40:57,"[161.0, 52]","[160.0, 10]","[193.09, 46]","[425.34, 32]",177.04,140,32.09,-0.11
07:40:58,"[161.69, 32]","[160.93, 43]","[228.54, 65]","[411.0, 21]",195.11,161,66.85,-0.07
07:40:59,"[165.33, 12]","[161.0, 24]","[210.33, 30]","[233.0, 20]",187.83,86,45.0,-0.16
07:41:00,"[166.91, 82]","[160.81, 27]","[255.31, 65]","[330.23, 65]",211.11,239,88.39,-0.09
07:41:01,"[168.0, 74]","[161.0, 16]","[469.0, 40]","[554.0, 40]",318.5,170,301.0,0.06
07:41:02,"[168.0, 64]","[166.71, 48]","[277.37, 43]","[370.64, 55]",222.69,210,109.37,0.07
07:41:03,"[168.0, 28]","[167.0, 35]","[183.57, 14]","[218.0, 35]",175.79,112,15.57,0.12
07:41:04,"[168.0, 40]","[167.0, 50]","[181.69, 26]","[318.59, 41]",174.85,157,13.69,0.15
07:41:05,"[168.0, 40]","[167.0, 52]","[179.22, 36]","[180.58, 24]",173.61,152,11.22,0.21
07:41:06,"[168.0, 52]","[167.0, 104]","[177.18, 34]","[178.18, 44]",172.59,234,9.18,0.33
07:41:07,"[168.0, 45]","[167.0, 104]","[175.07, 28]","[176.79, 38]",171.54,215,7.07,0.39
07:41:08,"[168.0, 34]","[167.0, 114]","[170.58, 38]","[172.76, 34]",169.29,220,2.58,0.35
07:41:09,"[167.0, 88]","[165.0, 9]","[169.08, 24]","[190.4, 20]",168.04,141,2.08,0.38
07:41:10,"[167.0, 52]","[165.0, 10]","[174.25, 32]","[200.52, 42]",170.62,136,7.25,-0.09
07:41:11,"[167.0, 24]","[165.0, 6]","[197.33, 30]","[228.27, 22]",182.17,82,30.33,-0.27
07:41:12,"[163.0, 48]","[155.94, 64]","[207.0, 60]","[387.92, 36]",185.0,208,44.0,0.08
07:41:13,"[161.0, 32]","[155.0, 64]","[310.5, 28]","[383.07, 28]",235.75,152,149.5,0.26
07:41:14,"[161.12, 41]","[158.52, 50]","[338.06, 34]","[386.5, 42]",249.59,167,176.94,0.09
07:41:15,"[162.0, 11]","[161.0, 44]","[325.52, 23]","[437.0, 35]",243.76,113,163.52,-0.03
07:41:16,"[160.77, 26]","[160.19, 32]","[338.17, 12]","[428.54, 50]",249.47,120,177.4,-0.03
07:41:17,"[160.82, 55]","[159.5, 20]","[337.83, 24]","[366.0, 18]",249.33,117,177.02,0.28
07:41:18,"[161.35, 46]","[160.56, 27]","[234.76, 25]","[253.46, 13]",198.05,111,73.41,0.32
07:41:19,"[164.89, 36]","[161.0, 45]","[240.12, 17]","[273.14, 21]",202.5,119,75.23,0.36
07:41:20,"[165.0, 22]","[161.0, 40]","[290.0, 24]","[334.0, 24]",227.5,110,125.0,0.13
07:41:21,"[167.61, 31]","[163.57, 28]","[348.05, 19]","[406.84, 25]",257.83,103,180.44,0.15
07:41:22,"[168.0, 36]","[165.0, 24]","[187.94, 32]","[294.31, 26]",177.97,118,19.94,0.02
07:41:23,"[168.0, 17]","[165.0, 18]","[270.0, 14]","[325.73, 22]",219.0,71,102.0,-0.01
07:41:24,"[168.0, 7]","[165.0, 14]","[262.0, 21]","[306.0, 14]",215.0,56,94.0,-0.25
07:41:25,"[162.48, 33]","[161.86, 28]","[260.5, 28]","[290.57, 42]",211.49,131,98.02,-0.07
07:41:26,"[161.0, 11]","[160.0, 16]","[260.0, 16]","[341.38, 24]",210.5,67,99.0,-0.19
07:41:27,"[167.6, 35]","[160.73, 15]","[193.13, 31]","[276.91, 23]",180.36,104,25.53,-0.04
07:41:28,"[168.0, 24]","[165.0, 20]","[192.14, 14]","[255.0, 16]",180.07,74,24.14,0.19
07:41:29,"[168.0, 18]","[166.0, 24]","[190.2, 10]","[191.5, 8]",179.1,60,22.2,0.4
07:41:30,"[168.0, 15]","[166.0, 20]","[188.0, 6]","[189.0, 9]",178.0,50,20.0,0.4
07:41:31,"[168.0, 21]","[166.0, 28]","[185.27, 11]","[187.2, 10]",176.64,70,17.27,0.4
07:41:32,"[168.0, 42]","[166.0, 56]","[185.0, 28]","[186.0, 14]",176.5,140,17.0,0.4
07:41:33,"[168.0, 42]","[166.0, 56]","[181.2, 30]","[185.13, 15]",174.6,143,13.2,0.37
07:41:34,"[168.0, 21]","[166.0, 28]","[171.57, 7]","[173.0, 21]",169.79,77,3.57,0.27
07:41:35,"[167.26, 43]","[165.55, 44]","[203.77, 30]","[232.39, 36]",185.51,153,36.51,0.14
07:41:36,"[166.0, 36]","[161.0, 9]","[258.0, 45]","[394.43, 23]",212.0,113,92.0,-0.2
07:41:37,"[166.0, 34]","[163.77, 39]","[316.89, 35]","[407.67, 27]",241.44,135,150.89,0.08
07:41:38,"[164.12, 51]","[162.13, 94]","[348.33, 27]","[515.86, 35]",256.23,207,184.22,0.4
07:41:39,"[164.24, 63]","[162.34, 106]","[350.95, 19]","[521.97, 37]",257.59,225,186.71,0.5
07:41:40,"[165.05, 65]","[164.06, 89]","[462.27, 49]","[526.68, 41]",313.66,244,297.22,0.26
07:41:41,"[165.0, 23]","[164.0, 78]","[365.52, 52]","[419.0, 40]",265.26,193,200.52,0.05
07:41:42,"[166.0, 16]","[164.0, 96]","[387.22, 46]","[388.77, 62]",276.61,220,221.22,0.02
07:41:43,"[164.29, 14]","[162.33, 72]","[384.8, 20]","[387.0, 20]",274.54,126,220.51,0.37
07:41:44,"[164.0, 80]","[162.0, 400]","[232.38, 52]","[258.24, 59]",198.19,591,68.38,0.62
07:41:45,"[166.61, 23]","[163.2, 100]","[198.65, 40]","[200.35, 34]",182.63,197,32.04,0.25
07:41:46,"[168.0, 11]","[164.0, 44]","[195.2, 30]","[195.67, 36]",181.6,121,27.2,-0.09
07:41:47,"[165.5, 16]","[162.21, 224]","[193.12, 48]","[194.84, 38]",179.31,326,27.62,0.47
07:41:48,"[165.44, 25]","[162.03, 142]","[190.89, 18]","[193.0, 18]",178.16,203,25.45,0.65
07:41:49,"[166.0, 40]","[164.0, 8]","[189.67, 18]","[192.25, 16]",177.83,82,23.67,0.17
07:41:50,"[166.0, 35]","[164.0, 7]","[188.3, 20]","[189.27, 15]",177.15,77,22.3,0.09
07:41:51,"[166.0, 53]","[164.0, 9]","[187.0, 27]","[188.0, 18]",176.5,107,21.0,0.16
07:41:52,"[166.0, 86]","[164.0, 11]","[185.44, 32]","[186.65, 23]",175.72,152,19.44,0.28
07:41:53,"[166.0, 96]","[164.0, 12]","[182.23, 31]","[183.48, 29]",174.11,168,16.23,0.29
07:41:54,"[166.0, 66]","[164.0, 9]","[179.0, 18]","[181.0, 27]",172.5,120,13.0,0.25
07:41:55,"[166.0, 42]","[164.0, 6]","[179.0, 12]","[181.0, 18]",172.5,78,13.0,0.23
07:41:56,"[166.0, 119]","[164.0, 17]","[175.04, 46]","[177.11, 54]",170.52,236,9.04,0.15
07:41:57,"[162.03, 296]","[161.04, 71]","[171.95, 40]","[172.68, 47]",166.99,454,9.92,0.62
07:41:58,"[162.0, 189]","[161.0, 45]","[169.93, 27]","[171.0, 20]",165.96,281,7.93,0.67
07:41:59,"[162.0, 231]","[161.0, 55]","[167.12, 43]","[168.94, 34]",164.56,363,5.12,0.58
07:42:00,"[162.0, 239]","[161.0, 80]","[164.0, 43]","[166.32, 57]",163.0,419,2.0,0.52
07:42:01,"[162.0, 49]","[161.0, 40]","[163.75, 32]","[390.63, 38]",162.88,159,1.75,0.12
07:42:02,"[162.0, 27]","[161.0, 45]","[163.0, 33]","[226.0, 45]",162.5,150,1.0,-0.04
07:42:03,"[161.75, 61]","[160.7, 71]","[246.68, 53]","[376.91, 47]",204.22,232,84.93,0.14
07:42:04,"[162.31, 91]","[161.0, 65]","[286.28, 53]","[482.76, 58]",224.3,267,123.98,0.17
07:42:05,"[163.25, 69]","[160.92, 87]","[283.0, 68]","[676.36, 81]",223.12,305,119.75,0.02
07:42:06,"[161.47, 75]","[160.31, 81]","[274.09, 23]","[334.72, 61]",217.78,240,112.62,0.3
07:42:07,"[162.0, 39]","[161.0, 60]","[267.98, 45]","[268.73, 15]",214.99,159,105.98,0.25
07:42:08,"[162.0, 24]","[161.0, 60]","[267.0, 12]","[268.0, 48]",214.5,144,105.0,0.17
07:42:09,"[162.0, 22]","[161.0, 55]","[265.42, 26]","[267.66, 29]",213.71,132,103.42,0.17
07:42:10,"[162.0, 20]","[161.0, 50]","[262.91, 22]","[264.29, 28]",212.45,120,100.91,0.17
07:42:11,"[161.13, 30]","[160.68, 38]","[242.41, 32]","[260.85, 33]",201.77,133,81.27,0.02
07:42:12,"[161.94, 178]","[160.95, 74]","[190.5, 22]","[226.17, 58]",176.22,332,28.56,0.52
07:42:13,"[162.0, 120]","[161.0, 50]","[177.23, 13]","[178.32, 37]",169.62,220,15.23,0.55
07:42:14,"[162.0, 120]","[161.0, 50]","[173.27, 22]","[175.29, 28]",167.64,220,11.27,0.55
07:42:15,"[162.0, 156]","[161.0, 65]","[170.19, 21]","[171.05, 40]",166.1,282,8.19,0.57
07:42:16,"[162.32, 114]","[161.57, 105]","[169.95, 42]","[172.72, 47]",166.13,308,7.64,0.42
07:42:17,"[162.12, 136]","[161.47, 103]","[168.6, 60]","[173.7, 57]",165.36,356,6.48,0.34
07:42:18,"[162.0, 124]","[161.0, 55]","[164.78, 36]","[191.46, 24]",163.39,239,2.78,0.5
07:42:19,"[161.76, 63]","[160.87, 46]","[163.91, 33]","[322.0, 33]",162.84,175,2.15,0.25
07:42:20,"[161.0, 24]","[160.0, 12]","[163.0, 18]","[383.2, 10]",162.0,64,2.0,0.12
07:42:21,"[160.84, 25]","[159.75, 16]","[190.45, 22]","[405.7, 10]",175.65,73,29.61,0.12
07:42:22,"[158.24, 17]","[130.77, 22]","[246.51, 43]","[257.27, 15]",202.37,97,88.28,-0.2
07:42:23,"[167.0, 44]","[155.33, 36]","[244.33, 48]","[265.0, 12]",205.67,140,77.33,0.14
07:42:24,"[168.0, 44]","[166.0, 60]","[242.84, 38]","[335.19, 27]",205.42,169,74.84,0.23
07:42:25,"[168.0, 24]","[166.0, 18]","[244.0, 24]","[498.12, 8]",206.0,74,76.0,0.14
07:42:26,"[168.0, 36]","[166.0, 27]","[222.89, 18]","[275.56, 27]",195.44,108,54.89,0.17
07:42:27,"[166.69, 35]","[162.52, 69]","[217.91, 23]","[244.29, 45]",192.3,172,51.23,0.21
07:42:28,"[163.6, 35]","[157.48, 62]","[222.0, 9]","[231.0, 36]",192.8,142,58.4,0.37
07:42:29,"[166.0, 77]","[162.0, 33]","[230.9, 42]","[384.0, 16]",198.45,168,64.9,0.31
07:42:30,"[166.0, 96]","[162.0, 48]","[228.94, 64]","[409.89, 61]",197.47,269,62.94,0.07
07:42:31,"[166.0, 36]","[162.0, 36]","[227.08, 48]","[399.81, 27]",196.54,147,61.08,-0.02
07:42:32,"[161.57, 7]","[160.4, 10]","[227.0, 28]","[375.29, 7]",194.29,52,65.43,-0.35
07:42:33,"[161.0, 5]","[160.0, 10]","[226.6, 20]","[467.0, 5]",193.8,40,65.6,-0.25
07:42:34,"[159.24, 34]","[158.7, 23]","[404.67, 12]","[540.22, 9]",281.95,78,245.43,0.46
07:42:35,"[159.1, 77]","[157.44, 82]","[453.11, 18]","[463.65, 23]",306.11,200,294.01,0.59
07:42:36,"[161.0, 56]","[159.0, 84]","[418.96, 28]","[425.41, 29]",289.98,197,257.96,0.42
07:42:37,"[163.17, 48]","[159.0, 72]","[420.5, 22]","[423.33, 24]",291.83,166,257.33,0.45
07:42:38,"[164.93, 56]","[159.0, 84]","[370.47, 32]","[379.5, 18]",267.7,190,205.54,0.47
07:42:39,"[165.91, 44]","[159.0, 66]","[359.46, 24]","[357.58, 19]",262.68,153,193.55,0.44
07:42:40,"[166.0, 56]","[159.0, 84]","[335.08, 36]","[336.71, 17]",250.54,193,169.08,0.45
07:42:41,"[166.0, 52]","[160.25, 72]","[286.44, 25]","[274.7, 27]",226.22,176,120.44,0.41
07:42:42,"[166.0, 48]","[162.04, 56]","[188.1, 20]","[190.71, 28]",177.05,152,22.1,0.37
07:42:43,"[164.8, 20]","[161.92, 26]","[185.97, 40]","[188.0, 18]",175.39,104,21.17,-0.12
07:42:44,"[159.14, 88]","[157.3, 162]","[180.28, 29]","[181.6, 43]",169.71,322,21.14,0.55
07:42:45,"[159.0, 56]","[134.23, 39]","[167.32, 41]","[168.88, 40]",163.16,176,8.32,0.08
07:42:46,"[159.0, 53]","[126.77, 26]","[161.52, 33]","[162.62, 29]",160.26,141,2.52,0.12
07:42:47,"[153.38, 77]","[133.78, 54]","[160.68, 38]","[179.86, 28]",157.03,197,7.31,0.33
07:42:48,"[157.0, 127]","[132.46, 26]","[159.04, 25]","[160.6, 30]",158.02,208,2.04,0.47
07:42:49,"[157.0, 55]","[138.0, 20]","[158.0, 30]","[218.73, 22]",157.5,127,1.0,0.18
07:42:50,"[157.0, 17]","[138.0, 16]","[364.25, 24]","[497.0, 24]",260.62,81,207.25,-0.19
07:42:51,"[145.96, 25]","[131.86, 42]","[213.0, 50]","[386.59, 22]",179.48,139,67.04,-0.04
07:42:52,"[166.0, 42]","[144.26, 50]","[236.39, 44]","[380.12, 56]",201.19,192,70.39,-0.04
07:42:53,"[166.0, 24]","[162.0, 24]","[196.0, 16]","[311.0, 24]",181.0,88,30.0,0.09
07:42:54,"[166.0, 18]","[162.0, 18]","[194.83, 12]","[216.0, 30]",180.42,78,28.83,-0.08
07:42:55,"[165.84, 37]","[161.95, 40]","[194.0, 30]","[256.0, 63]",179.92,170,28.16,-0.09
07:42:56,"[163.56, 9]","[162.14, 14]","[194.0, 14]","[266.0, 21]",178.78,58,30.44,-0.21
07:42:57,"[164.0, 12]","[160.75, 24]","[180.04, 27]","[249.55, 33]",172.02,96,16.04,-0.25
07:42:58,"[164.0, 10]","[160.0, 20]","[166.0, 20]","[394.47, 32]",165.0,82,2.0,-0.27
07:42:59,"[160.6, 47]","[159.92, 50]","[165.44, 18]","[491.73, 55]",163.02,170,4.85,0.14
07:43:00,"[160.22, 123]","[160.39, 56]","[163.24, 17]","[417.0, 57]",161.73,253,3.02,0.42
07:43:01,"[160.52, 81]","[160.18, 22]","[385.09, 34]","[504.5, 30]",272.8,167,224.57,0.23
07:43:02,"[160.44, 54]","[159.87, 39]","[294.0, 45]","[519.96, 23]",227.22,161,133.56,0.16
07:43:03,"[167.95, 41]","[163.0, 16]","[283.1, 31]","[351.28, 25]",225.52,113,115.15,0.01
07:43:04,"[167.71, 14]","[160.75, 32]","[263.0, 12]","[290.79, 28]",215.36,86,95.29,0.07
07:43:05,"[166.0, 7]","[160.0, 98]","[263.0, 14]","[467.33, 27]",214.5,146,97.0,0.44
07:43:06,"[160.0, 36]","[159.0, 3]","[263.0, 6]","[593.0, 12]",211.5,57,103.0,0.37
07:43:07,"[162.0, 18]","[159.97, 37]","[261.75, 8]","[411.0, 16]",211.88,79,99.75,0.39
07:43:08,"[166.0, 18]","[161.2, 90]","[260.22, 18]","[411.0, 36]",213.11,162,94.22,0.33
07:43:09,"[166.0, 22]","[160.0, 132]","[259.36, 22]","[408.58, 33]",212.68,209,93.36,0.47
07:43:10,"[160.21, 92]","[159.85, 62]","[191.09, 33]","[218.13, 30]",175.65,217,30.88,0.42
07:43:11,"[160.0, 72]","[159.0, 9]","[178.67, 18]","[182.0, 18]",169.33,117,18.67,0.38
07:43:12,"[160.0, 88]","[159.0, 11]","[170.91, 22]","[178.15, 26]",165.45,147,10.91,0.35
07:43:13,"[159.76, 37]","[151.38, 85]","[162.34, 35]","[165.44, 27]",161.05,184,2.59,0.33
07:43:14,"[159.92, 39]","[152.65, 34]","[161.1, 20]","[168.04, 23]",160.51,116,1.18,0.26
07:43:15,"[164.81, 47]","[160.9, 20]","[176.0, 33]","[353.0, 11]",170.4,111,11.19,0.21
07:43:16,"[166.0, 42]","[162.0, 12]","[175.0, 18]","[343.0, 6]",170.5,78,9.0,0.38
07:43:17,"[166.0, 63]","[162.0, 18]","[174.44, 27]","[267.0, 9]",170.22,117,8.44,0.38
07:43:18,"[166.0, 31]","[162.0, 14]","[174.0, 21]","[267.0, 7]",170.0,73,8.0,0.23
07:43:19,"[166.0, 44]","[163.09, 22]","[172.39, 23]","[194.67, 24]",169.2,113,6.39,0.17
07:43:20,"[166.0, 28]","[164.0, 14]","[171.0, 21]","[172.0, 7]",168.5,70,5.0,0.2
07:43:21,"[166.0, 16]","[164.0, 16]","[170.82, 22]","[171.5, 12]",168.41,66,4.82,-0.03
07:43:22,"[165.86, 28]","[163.64, 22]","[170.1, 29]","[171.07, 15]",167.98,94,4.25,0.06
07:43:23,"[165.09, 11]","[162.32, 19]","[168.97, 31]","[223.31, 13]",167.03,74,3.88,-0.19
07:43:24,"[166.18, 57]","[165.38, 29]","[168.39, 31]","[229.85, 13]",167.28,130,2.21,0.32
07:43:25,"[166.0, 55]","[164.0, 8]","[186.5, 20]","[258.45, 11]",176.25,94,20.5,0.34
07:43:26,"[166.0, 50]","[164.0, 10]","[257.0, 10]","[261.0, 40]",211.5,110,91.0,0.09
07:43:27,"[166.0, 65]","[164.0, 13]","[322.12, 34]","[404.41, 27]",244.06,139,156.12,0.12
07:43:28,"[166.0, 30]","[164.0, 6]","[427.9, 21]","[550.08, 13]",296.95,70,261.9,0.03
07:43:29,"[166.0, 55]","[164.0, 11]","[351.0, 22]","[488.44, 39]",258.5,127,185.0,0.04
07:43:30,"[166.0, 27]","[164.0, 7]","[219.0, 29]","[578.13, 31]",192.5,94,53.0,-0.28
07:43:31,"[162.64, 25]","[160.64, 25]","[174.0, 28]","[566.0, 35]",168.32,113,11.36,-0.12
07:43:32,"[162.0, 38]","[160.0, 70]","[178.1, 40]","[479.7, 50]",170.05,198,16.1,0.09
07:43:33,"[160.6, 30]","[159.78, 27]","[214.0, 30]","[444.17, 24]",187.3,111,53.4,0.03
07:43:34,"[160.0, 49]","[159.0, 14]","[214.0, 35]","[368.33, 18]",187.0,116,54.0,0.09
07:43:35,"[162.68, 31]","[160.0, 91]","[196.91, 55]","[216.93, 54]",179.79,231,34.23,0.06
07:43:36,"[164.0, 14]","[160.0, 49]","[173.56, 25]","[188.04, 26]",168.78,114,9.56,0.11
07:43:37,"[164.0, 16]","[160.38, 26]","[169.11, 37]","[170.03, 31]",166.55,110,5.11,-0.24
07:43:38,"[164.9, 39]","[163.75, 16]","[167.5, 40]","[168.61, 41]",166.2,136,2.6,-0.19
07:43:39,"[165.56, 57]","[162.09, 22]","[187.76, 46]","[429.03, 33]",176.66,158,22.2,0.0
07:43:40,"[167.0, 150]","[161.0, 42]","[688.79, 42]","[697.59, 56]",427.89,290,521.79,0.32
07:43:41,"[167.0, 70]","[160.63, 38]","[538.23, 22]","[667.59, 34]",352.61,164,371.23,0.32
07:43:42,"[167.0, 58]","[160.09, 46]","[490.5, 24]","[586.62, 24]",328.75,152,323.5,0.37
07:43:43,"[163.3, 37]","[163.3, 20]","[337.67, 36]","[339.0, 12]",250.48,105,174.37,0.09
07:43:44,"[160.0, 70]","[159.0, 16]","[330.17, 18]","[336.3, 20]",245.08,124,170.17,0.39
07:43:45,"[160.0, 37]","[159.0, 18]","[326.57, 21]","[333.75, 24]",243.29,100,166.57,0.1
07:43:46,"[159.95, 40]","[158.25, 24]","[325.1, 30]","[433.5, 20]",242.53,114,165.15,0.12
07:43:47,"[160.0, 14]","[159.0, 14]","[224.43, 7]","[292.2, 25]",192.21,60,64.43,-0.07
07:43:48,"[160.14, 14]","[159.0, 14]","[240.76, 21]","[250.45, 33]",200.45,82,80.62,-0.32
07:43:49,"[161.22, 18]","[159.0, 18]","[241.56, 27]","[247.8, 25]",201.39,88,80.33,-0.18
07:43:50,"[164.47, 30]","[163.24, 45]","[228.4, 52]","[242.3, 30]",196.44,157,63.94,-0.04
07:43:51,"[166.0, 10]","[164.0, 45]","[200.0, 27]","[216.0, 45]",183.0,127,34.0,-0.13
07:43:52,"[166.0, 9]","[164.0, 45]","[200.0, 27]","[228.0, 45]",183.0,126,34.0,-0.14
07:43:53,"[166.0, 10]","[164.78, 23]","[200.0, 30]","[393.65, 34]",183.0,97,34.0,-0.32
07:43:54,"[166.0, 8]","[165.0, 16]","[246.56, 18]","[668.0, 20]",206.28,62,80.56,-0.23
07:43:55,"[166.0, 12]","[165.0, 24]","[448.0, 12]","[645.38, 39]",307.0,87,282.0,-0.17
07:43:56,"[166.99, 79]","[165.87, 15]","[423.72, 32]","[426.61, 38]",295.35,164,256.73,0.15
07:43:57,"[167.0, 84]","[166.0, 18]","[386.62, 32]","[396.35, 54]",276.81,188,219.62,0.09
07:43:58,"[167.0, 45]","[166.0, 15]","[346.31, 29]","[345.39, 36]",256.66,125,179.31,-0.04
07:43:59,"[167.0, 36]","[166.0, 12]","[328.7, 23]","[330.08, 24]",247.85,95,161.7,0.01
07:44:00,"[167.0, 30]","[166.0, 10]","[176.09, 34]","[185.49, 35]",171.54,109,9.09,-0.27
07:44:01,"[167.0, 34]","[166.0, 12]","[169.74, 31]","[172.0, 20]",168.37,97,2.74,-0.05
07:44:02,"[165.18, 22]","[164.03, 66]","[167.0, 43]","[169.0, 28]",166.09,159,1.82,0.11
07:44:03,"[164.08, 49]","[162.18, 227]","[165.87, 30]","[208.0, 20]",164.97,326,1.79,0.69
07:44:04,"[162.62, 133]","[161.84, 250]","[164.77, 26]","[167.11, 27]",163.69,436,2.15,0.76
07:44:05,"[162.0, 183]","[160.0, 45]","[163.29, 14]","[180.7, 10]",162.64,252,1.29,0.81
07:44:06,"[162.0, 164]","[160.0, 45]","[212.0, 9]","[233.0, 18]",187.0,236,50.0,0.77
07:44:07,"[162.0, 93]","[160.0, 30]","[226.0, 9]","[257.0, 18]",194.0,150,64.0,0.64
07:44:08,"[162.0, 120]","[160.0, 40]","[248.8, 20]","[330.59, 29]",205.4,209,86.8,0.53
07:44:09,"[162.0, 180]","[160.0, 65]","[181.97, 40]","[316.67, 42]",171.99,327,19.97,0.5
07:44:10,"[162.61, 72]","[162.06, 82]","[380.43, 53]","[457.04, 49]",271.52,256,217.82,0.2
07:44:11,"[168.28, 25]","[163.43, 56]","[379.75, 53]","[415.7, 60]",274.02,194,211.47,-0.16
07:44:12,"[167.32, 38]","[163.51, 55]","[209.6, 48]","[240.12, 34]",188.46,175,42.29,0.06
07:44:13,"[165.0, 16]","[163.0, 48]","[198.93, 68]","[274.77, 13]",181.96,145,33.93,-0.12
07:44:14,"[165.0, 18]","[163.0, 54]","[197.78, 45]","[199.0, 36]",181.39,153,32.78,-0.06
07:44:15,"[165.0, 24]","[163.0, 72]","[196.33, 60]","[214.2, 50]",180.67,206,31.33,-0.07
07:44:16,"[163.8, 20]","[162.5, 48]","[196.0, 30]","[275.0, 30]",179.9,128,32.2,0.06
07:44:17,"[163.88, 96]","[162.75, 96]","[195.64, 70]","[332.62, 61]",179.76,323,31.77,0.19
07:44:18,"[165.33, 42]","[163.0, 36]","[193.93, 27]","[274.59, 22]",179.63,127,28.59,0.23
07:44:19,"[166.0, 77]","[163.0, 66]","[181.67, 21]","[192.78, 40]",173.83,204,15.67,0.4
07:44:20,"[163.17, 35]","[162.04, 138]","[174.6, 30]","[188.29, 49]",168.89,252,11.43,0.37
07:44:21,"[163.0, 15]","[162.0, 60]","[168.69, 13]","[169.48, 21]",165.85,109,5.69,0.38
07:44:22,"[162.64, 56]","[161.95, 152]","[165.93, 54]","[167.57, 58]",164.28,320,3.28,0.3
07:44:23,"[162.0, 104]","[161.0, 44]","[163.0, 35]","[165.86, 28]",162.5,211,1.0,0.4
07:44:24,"[162.0, 44]","[161.0, 36]","[319.57, 21]","[434.3, 40]",240.79,141,157.57,0.13
07:44:25,"[162.0, 27]","[161.0, 36]","[325.42, 43]","[563.37, 38]",243.71,144,163.42,-0.12
07:44:26,"[166.14, 29]","[162.07, 43]","[172.92, 49]","[212.08, 24]",169.53,145,6.78,-0.01
07:44:27,"[168.0, 16]","[163.0, 24]","[172.0, 8]","[210.27, 33]",170.0,81,4.0,-0.01
07:44:28,"[163.76, 25]","[162.06, 108]","[172.0, 12]","[495.0, 60]",167.88,205,8.24,0.3
07:44:29,"[162.0, 77]","[161.0, 21]","[172.0, 7]","[345.77, 31]",167.0,136,10.0,0.44
07:44:30,"[162.0, 88]","[161.0, 24]","[171.0, 8]","[396.0, 40]",166.5,160,9.0,0.4
07:44:31,"[162.0, 77]","[161.0, 21]","[170.0, 7]","[415.0, 35]",166.0,140,8.0,0.4
07:44:32,"[162.0, 88]","[161.0, 24]","[167.75, 8]","[410.88, 40]",164.88,160,5.75,0.4
07:44:33,"[162.09, 85]","[161.68, 65]","[165.47, 19]","[393.87, 47]",163.78,216,3.38,0.39
07:44:34,"[163.21, 38]","[162.02, 169]","[255.89, 37]","[359.72, 65]",209.55,309,92.68,0.34
07:44:35,"[163.82, 22]","[162.0, 121]","[328.67, 15]","[329.98, 51]",246.24,209,164.85,0.37
07:44:36,"[165.84, 50]","[162.84, 38]","[327.3, 50]","[329.0, 10]",246.57,148,161.46,0.19
07:44:37,"[166.0, 37]","[164.0, 16]","[326.25, 40]","[329.0, 8]",246.12,101,160.25,0.05
07:44:38,"[166.0, 20]","[164.0, 20]","[261.5, 50]","[326.5, 30]",213.75,120,95.5,-0.33
07:44:39,"[162.0, 117]","[161.0, 11]","[195.86, 35]","[231.27, 55]",178.93,218,33.86,0.17
07:44:40,"[162.0, 24]","[161.0, 4]","[193.5, 4]","[195.0, 20]",177.75,52,31.5,0.08
07:44:41,"[162.0, 22]","[161.0, 10]","[191.26, 46]","[193.71, 14]",176.63,92,29.26,-0.3
07:44:42,"[162.0, 12]","[161.0, 68]","[188.75, 48]","[189.21, 28]",175.38,156,26.75,0.03
07:44:43,"[162.0, 13]","[161.0, 66]","[182.59, 29]","[183.02, 45]",172.29,153,20.59,0.03
07:44:44,"[161.46, 13]","[160.46, 26]","[179.19, 37]","[180.85, 41]",170.33,117,17.73,-0.33
07:44:45,"[161.0, 9]","[160.0, 18]","[175.84, 31]","[178.04, 25]",168.42,83,14.84,-0.35
07:44:46,"[161.0, 16]","[160.0, 32]","[173.53, 60]","[174.21, 56]",167.27,164,12.53,-0.41
07:44:47,"[161.0, 12]","[160.0, 24]","[170.15, 26]","[171.6, 42]",165.58,104,9.15,-0.31
07:44:48,"[161.0, 80]","[160.0, 28]","[166.71, 14]","[167.86, 14]",163.86,136,5.71,0.59
07:44:49,"[161.0, 197]","[160.0, 38]","[164.41, 37]","[219.5, 28]",162.7,300,3.41,0.57
07:44:50,"[161.0, 117]","[160.0, 26]","[167.62, 39]","[284.13, 47]",164.31,229,6.62,0.25
07:44:51,"[161.0, 117]","[160.0, 26]","[166.46, 39]","[232.0, 39]",163.73,221,5.46,0.29
07:44:52,"[161.0, 107]","[160.0, 26]","[165.54, 39]","[245.77, 39]",163.27,211,4.54,0.26
07:44:53,"[161.0, 77]","[160.0, 22]","[164.45, 33]","[365.0, 33]",162.73,165,3.45,0.2
07:44:54,"[161.0, 63]","[160.0, 18]","[162.44, 27]","[365.76, 25]",161.72,133,1.44,0.22
07:44:55,"[161.0, 36]","[160.0, 18]","[363.89, 9]","[582.72, 25]",262.44,88,202.89,0.23
07:44:56,"[161.54, 26]","[160.88, 50]","[305.36, 22]","[385.0, 20]",233.45,118,143.83,0.29
07:44:57,"[161.03, 29]","[160.22, 18]","[376.0, 40]","[377.0, 8]",268.52,95,214.97,-0.01
07:44:58,"[165.46, 37]","[160.95, 42]","[340.0, 47]","[365.26, 19]",252.73,145,174.54,0.09
07:44:59,"[161.65, 34]","[160.36, 22]","[298.22, 45]","[606.0, 9]",229.93,110,136.58,0.02
07:45:00,"[163.5, 24]","[161.0, 48]","[296.46, 56]","[378.43, 28]",229.98,156,132.96,-0.08
07:45:01,"[163.17, 24]","[160.03, 72]","[212.42, 48]","[283.83, 24]",187.79,168,49.25,0.14
07:45:02,"[159.02, 133]","[157.26, 121]","[197.77, 65]","[200.51, 61]",178.4,380,38.75,0.34
07:45:03,"[160.26, 107]","[157.34, 101]","[193.92, 65]","[201.87, 61]",177.09,334,33.66,0.25
07:45:04,"[168.0, 27]","[159.0, 81]","[193.41, 37]","[274.35, 17]",180.7,162,25.41,0.33
07:45:05,"[168.0, 42]","[159.0, 126]","[189.15, 61]","[188.53, 32]",178.57,261,21.15,0.29
07:45:06,"[159.98, 55]","[124.42, 31]","[183.29, 28]","[183.62, 24]",171.63,138,23.3,0.25
07:45:07,"[159.18, 67]","[134.3, 23]","[176.48, 46]","[177.22, 49]",167.83,185,17.3,-0.03
07:45:08,"[162.0, 32]","[159.0, 112]","[170.87, 52]","[171.64, 66]",166.43,262,8.87,0.1
07:45:09,"[159.49, 61]","[156.48, 217]","[166.54, 52]","[167.36, 22]",163.02,352,7.05,0.58
07:45:10,"[159.0, 72]","[156.0, 108]","[163.93, 41]","[164.07, 46]",161.46,267,4.93,0.35
07:45:11,"[158.1, 30]","[155.57, 37]","[160.24, 21]","[161.05, 21]",159.17,109,2.14,0.23
07:45:12,"[153.75, 79]","[139.5, 14]","[157.89, 36]","[170.72, 32]",155.82,161,4.14,0.16
07:45:13,"[160.18, 190]","[119.0, 9]","[223.11, 9]","[377.67, 12]",191.65,220,62.93,0.81
07:45:14,"[167.65, 51]","[164.52, 81]","[320.77, 26]","[403.82, 17]",244.21,175,153.12,0.51
07:45:15,"[168.0, 21]","[166.0, 18]","[382.0, 18]","[444.67, 18]",275.0,75,214.0,0.04
07:45:16,"[168.0, 18]","[166.0, 18]","[408.8, 20]","[440.0, 10]",288.4,66,240.8,0.09
07:45:17,"[168.0, 27]","[166.0, 27]","[439.11, 18]","[536.0, 9]",303.56,81,271.11,0.33
07:45:18,"[168.0, 33]","[166.0, 33]","[439.09, 57]","[469.03, 37]",303.54,160,271.09,-0.17
07:45:19,"[168.0, 27]","[166.0, 27]","[463.22, 45]","[467.0, 36]",315.61,135,295.22,-0.2
07:45:20,"[168.0, 21]","[166.0, 21]","[456.15, 26]","[466.29, 31]",312.08,99,288.15,-0.15
07:45:21,"[168.0, 21]","[166.0, 21]","[400.0, 17]","[452.52, 33]",284.0,92,232.0,-0.09
07:45:22,"[166.79, 53]","[165.17, 41]","[182.18, 45]","[215.71, 17]",174.49,156,15.39,0.21
07:45:23,"[165.88, 34]","[163.25, 24]","[172.0, 35]","[186.14, 7]",168.94,100,6.12,0.16
07:45:24,"[164.67, 42]","[162.11, 35]","[172.0, 55]","[209.0, 11]",168.33,143,7.33,0.08
07:45:25,"[165.0, 77]","[164.0, 22]","[171.45, 55]","[230.85, 26]",168.23,180,6.45,0.1
07:45:26,"[165.39, 72]","[164.64, 44]","[180.37, 57]","[223.23, 39]",172.88,212,14.98,0.09
07:45:27,"[166.0, 31]","[165.0, 84]","[217.29, 28]","[258.67, 36]",191.64,179,51.29,0.28
07:45:28,"[166.0, 28]","[165.0, 49]","[210.78, 18]","[300.92, 13]",188.39,108,44.78,0.43
07:45:29,"[165.0, 77]","[163.57, 28]","[210.64, 22]","[284.08, 13]",187.82,140,45.64,0.5
07:45:30,"[165.0, 35]","[164.0, 20]","[216.0, 10]","[233.0, 5]",190.5,70,51.0,0.57
07:45:31,"[165.0, 59]","[164.0, 36]","[215.78, 18]","[233.0, 9]",190.39,122,50.78,0.56
07:45:32,"[164.86, 21]","[163.78, 27]","[214.57, 14]","[287.47, 19]",189.71,81,49.71,0.19
07:45:33,"[164.0, 21]","[162.0, 21]","[213.25, 16]","[355.55, 20]",188.62,78,49.25,0.08
07:45:34,"[164.0, 8]","[162.0, 12]","[212.0, 16]","[213.0, 8]",188.0,44,48.0,-0.09
07:45:35,"[164.0, 7]","[162.0, 21]","[211.0, 14]","[212.0, 28]",187.5,70,47.0,-0.2
07:45:36,"[164.0, 9]","[162.0, 27]","[209.5, 20]","[210.88, 32]",186.75,88,45.5,-0.18
07:45:37,"[162.67, 18]","[161.39, 46]","[206.87, 23]","[208.55, 40]",184.77,127,44.2,0.01
07:45:38,"[162.0, 13]","[161.0, 52]","[201.21, 42]","[202.35, 23]",181.61,130,39.21,0.0
07:45:39,"[162.0, 11]","[161.0, 44]","[195.07, 27]","[196.52, 31]",178.54,113,33.07,-0.03
07:45:40,"[162.0, 11]","[161.0, 44]","[191.61, 23]","[192.0, 25]",176.8,103,29.61,0.07
07:45:41,"[162.0, 10]","[161.0, 40]","[187.8, 10]","[189.57, 14]",174.9,74,25.8,0.35
07:45:42,"[160.06, 130]","[159.11, 147]","[184.44, 18]","[185.94, 18]",172.25,313,24.38,0.77
07:45:43,"[160.04, 113]","[159.5, 90]","[173.33, 36]","[177.58, 24]",166.69,263,13.29,0.54
07:45:44,"[160.0, 44]","[159.0, 30]","[168.54, 37]","[169.14, 21]",164.27,132,8.54,0.12
07:45:45,"[159.79, 56]","[158.02, 65]","[166.78, 36]","[168.88, 43]",163.28,200,6.99,0.21
07:45:46,"[158.33, 45]","[142.72, 71]","[169.37, 30]","[430.77, 13]",163.85,159,11.03,0.46
07:45:47,"[160.0, 36]","[157.0, 63]","[179.95, 21]","[180.3, 33]",169.98,153,19.95,0.29
07:45:48,"[157.43, 84]","[90.74, 138]","[175.4, 45]","[177.6, 47]",166.41,314,17.97,0.41
07:45:49,"[161.0, 24]","[157.0, 72]","[173.0, 24]","[173.77, 48]",167.0,168,12.0,0.14
07:45:50,"[160.18, 39]","[155.71, 56]","[168.64, 33]","[171.03, 33]",164.41,161,8.46,0.18
07:45:51,"[162.0, 177]","[154.6, 30]","[163.77, 31]","[207.62, 45]",162.89,283,1.77,0.46
07:45:52,"[162.0, 68]","[156.54, 26]","[338.23, 26]","[369.71, 28]",250.12,148,176.23,0.27
07:45:53,"[162.0, 64]","[159.0, 32]","[335.67, 30]","[403.89, 18]",248.83,144,173.67,0.33
07:45:54,"[162.0, 112]","[159.0, 56]","[338.64, 33]","[440.93, 55]",250.32,256,176.64,0.31
07:45:55,"[162.43, 69]","[159.6, 40]","[332.12, 32]","[432.87, 31]",247.28,172,169.69,0.27
07:45:56,"[168.0, 60]","[162.0, 96]","[244.78, 45]","[582.0, 40]",206.39,241,76.78,0.29
07:45:57,"[168.0, 45]","[162.0, 72]","[202.65, 34]","[281.11, 36]",185.32,187,34.65,0.25
07:45:58,"[168.0, 35]","[162.0, 56]","[203.0, 21]","[209.57, 28]",185.5,140,35.0,0.3
07:45:59,"[168.0, 45]","[162.0, 72]","[202.0, 27]","[217.0, 36]",185.0,180,34.0,0.3
07:46:00,"[168.0, 50]","[162.0, 80]","[199.09, 23]","[203.07, 30]",183.54,183,31.09,0.42
07:46:01,"[168.0, 75]","[162.0, 120]","[198.07, 45]","[200.19, 32]",183.03,272,30.07,0.43
07:46:02,"[168.0, 40]","[162.14, 43]","[196.71, 21]","[198.16, 19]",182.36,123,28.71,0.35
07:46:03,"[166.55, 66]","[163.0, 18]","[194.14, 42]","[196.0, 28]",180.34,154,27.6,0.09
07:46:04,"[162.0, 72]","[161.0, 27]","[192.0, 25]","[193.9, 20]",177.0,144,30.0,0.38
07:46:05,"[161.93, 43]","[160.58, 19]","[189.17, 18]","[445.12, 16]",175.55,96,27.24,0.29
07:46:06,"[161.0, 18]","[159.0, 32]","[188.0, 30]","[277.31, 26]",174.5,106,27.0,-0.06
07:46:07,"[161.0, 11]","[159.0, 44]","[185.05, 37]","[186.11, 38]",173.03,130,24.05,-0.15
07:46:08,"[161.07, 14]","[159.04, 53]","[170.74, 47]","[174.96, 46]",165.91,160,9.67,-0.16
07:46:09,"[160.75, 16]","[159.0, 32]","[166.82, 38]","[168.13, 46]",163.78,132,6.07,-0.27
07:46:10,"[158.74, 23]","[152.6, 43]","[164.94, 17]","[168.0, 60]",161.84,143,6.2,-0.08
07:46:11,"[161.66, 29]","[157.19, 16]","[167.0, 28]","[171.16, 37]",164.33,110,5.34,-0.18
07:46:12,"[160.54, 26]","[158.76, 33]","[166.64, 44]","[167.64, 44]",163.59,147,6.1,-0.2
07:46:13,"[161.0, 14]","[160.0, 49]","[163.29, 28]","[164.43, 28]",162.14,119,2.29,0.06
07:46:14,"[160.15, 27]","[158.2, 15]","[161.73, 44]","[355.37, 38]",160.94,124,1.58,-0.32
07:46:15,"[160.0, 7]","[157.0, 7]","[161.0, 28]","[224.46, 26]",160.5,68,1.0,-0.59
07:46:16,"[157.0, 10]","[150.0, 68]","[161.65, 31]","[251.25, 36]",159.32,145,4.65,0.08
07:46:17,"[157.0, 12]","[150.0, 48]","[160.87, 15]","[242.18, 39]",158.93,114,3.87,0.05
07:46:18,"[157.87, 23]","[111.15, 13]","[466.23, 26]","[574.5, 32]",312.05,94,308.36,-0.23
07:46:19,"[157.0, 11]","[89.94, 33]","[206.82, 44]","[633.33, 45]",181.91,133,49.82,-0.34
07:46:20,"[157.0, 6]","[101.93, 15]","[192.0, 25]","[316.83, 29]",174.5,75,35.0,-0.44
07:46:21,"[112.33, 12]","[79.12, 17]","[263.0, 20]","[316.0, 50]",187.67,99,150.67,-0.41
07:46:22,"[72.44, 18]","[64.78, 9]","[248.32, 38]","[284.55, 40]",160.38,105,175.87,-0.49
07:46:23,"[120.0, 32]","[61.13, 23]","[150.0, 20]","[155.89, 19]",135.0,94,30.0,0.17
07:46:24,"[94.0, 5]","[72.0, 10]","[156.33, 18]","[329.0, 17]",125.17,50,62.33,-0.4
07:46:25,"[96.53, 15]","[55.0, 18]","[156.28, 18]","[257.49, 41]",126.41,92,59.74,-0.28
07:46:26,"[115.0, 11]","[92.42, 12]","[183.46, 13]","[330.44, 41]",149.23,77,68.46,-0.4
07:46:27,"[160.44, 9]","[143.6, 10]","[164.4, 15]","[174.75, 32]",162.42,66,3.96,-0.42
07:46:28,"[154.3, 23]","[112.44, 18]","[160.23, 13]","[289.5, 34]",157.27,88,5.93,-0.07
07:46:29,"[151.0, 50]","[29.6, 20]","[156.38, 16]","[162.7, 10]",153.69,96,5.38,0.46
07:46:30,"[111.44, 18]","[57.0, 45]","[161.0, 9]","[162.56, 9]",136.22,81,49.56,0.56
07:46:31,"[111.0, 22]","[57.0, 55]","[157.36, 11]","[324.14, 14]",134.18,102,46.36,0.51
07:46:32,"[116.25, 20]","[111.0, 8]","[153.5, 4]","[421.57, 7]",134.88,39,37.25,0.44
07:46:33,"[119.57, 42]","[104.11, 18]","[151.56, 9]","[194.87, 15]",135.56,84,31.98,0.43
07:46:34,"[128.4, 30]","[62.36, 33]","[314.81, 37]","[355.48, 33]",221.61,133,186.41,-0.05
07:46:35,"[144.0, 50]","[104.7, 10]","[193.82, 39]","[364.59, 41]",168.91,140,49.82,-0.14
07:46:36,"[144.42, 36]","[124.82, 17]","[156.0, 28]","[157.0, 21]",150.21,102,11.58,0.04
07:46:37,"[147.65, 52]","[146.58, 57]","[155.64, 44]","[157.0, 33]",151.65,186,7.98,0.17
07:46:38,"[151.75, 92]","[149.89, 54]","[155.0, 56]","[156.0, 42]",153.38,244,3.25,0.2
07:46:39,"[154.11, 54]","[152.03, 89]","[155.22, 40]","[156.36, 33]",154.67,216,1.11,0.32
07:46:40,"[155.56, 52]","[149.23, 69]","[214.79, 34]","[294.57, 46]",185.18,201,59.24,0.2
07:46:41,"[158.73, 48]","[157.69, 65]","[257.49, 37]","[390.18, 51]",208.11,201,98.76,0.12
07:46:42,"[163.56, 41]","[161.49, 51]","[242.68, 56]","[426.03, 38]",203.12,186,79.12,-0.01
07:46:43,"[165.12, 41]","[163.0, 48]","[296.95, 43]","[400.79, 61]",231.04,193,131.83,-0.08
07:46:44,"[166.0, 16]","[162.0, 32]","[270.5, 10]","[434.62, 34]",218.25,92,104.5,0.04
07:46:45,"[166.0, 20]","[163.27, 33]","[328.64, 14]","[508.47, 38]",247.32,105,162.64,0.01
07:46:46,"[166.0, 22]","[164.0, 33]","[320.74, 23]","[666.67, 27]",243.37,105,154.74,0.05
07:46:47,"[165.5, 16]","[163.06, 34]","[282.0, 26]","[283.24, 42]",223.75,118,116.5,-0.15
07:46:48,"[167.0, 16]","[162.4, 20]","[277.67, 18]","[300.56, 27]",222.33,81,110.67,-0.11
07:46:49,"[168.0, 15]","[164.0, 5]","[267.69, 16]","[270.22, 18]",217.84,54,99.69,-0.26
07:46:50,"[168.0, 30]","[164.0, 10]","[227.23, 26]","[264.79, 28]",197.62,94,59.23,-0.15
07:46:51,"[164.53, 30]","[161.71, 28]","[191.92, 26]","[206.23, 26]",178.23,110,27.39,0.05
07:46:52,"[162.5, 48]","[161.5, 48]","[190.59, 34]","[191.26, 38]",176.54,168,28.09,0.14
07:46:53,"[164.0, 36]","[162.0, 39]","[188.26, 27]","[188.92, 26]",176.13,128,24.26,0.17
07:46:54,"[162.86, 56]","[161.57, 35]","[183.74, 23]","[184.72, 18]",173.3,132,20.88,0.38
07:46:55,"[162.0, 90]","[161.0, 27]","[179.05, 22]","[180.62, 13]",170.52,152,17.05,0.54
07:46:56,"[162.0, 106]","[161.0, 33]","[174.39, 18]","[176.37, 41]",168.19,198,12.39,0.4
07:46:57,"[162.0, 55]","[161.0, 33]","[172.5, 20]","[173.43, 35]",167.25,143,10.5,0.23
07:46:58,"[164.18, 44]","[161.83, 72]","[168.72, 25]","[169.36, 28]",166.45,169,4.54,0.37
07:46:59,"[161.72, 65]","[160.58, 57]","[163.66, 38]","[164.63, 27]",162.69,187,1.93,0.3
07:47:00,"[160.52, 42]","[159.76, 42]","[161.69, 26]","[163.3, 20]",161.11,130,1.17,0.29
07:47:01,"[157.22, 45]","[153.1, 41]","[161.67, 18]","[199.54, 13]",159.44,117,4.44,0.47
07:47:02,"[157.13, 69]","[144.54, 39]","[160.27, 15]","[161.33, 15]",158.7,138,3.14,0.57
07:47:03,"[140.33, 36]","[95.71, 28]","[299.64, 25]","[369.43, 21]",219.99,110,159.31,0.16
07:47:04,"[147.0, 38]","[66.0, 20]","[335.0, 20]","[353.0, 16]",241.0,94,188.0,0.23
07:47:05,"[162.0, 100]","[90.64, 44]","[356.75, 32]","[477.52, 40]",259.38,216,194.75,0.33
07:47:06,"[162.0, 100]","[151.0, 22]","[389.57, 28]","[613.38, 42]",275.79,192,227.57,0.27
07:47:07,"[163.54, 41]","[161.95, 74]","[241.0, 21]","[582.33, 33]",202.27,169,77.46,0.36
07:47:08,"[165.0, 30]","[162.0, 106]","[181.0, 50]","[372.25, 16]",173.0,202,16.0,0.35
07:47:09,"[165.0, 21]","[162.0, 99]","[278.22, 45]","[525.24, 29]",221.61,194,113.22,0.24
07:47:10,"[165.0, 12]","[162.2, 122]","[326.83, 60]","[531.83, 60]",245.92,254,161.83,0.06
07:47:11,"[165.0, 8]","[162.0, 88]","[350.04, 24]","[527.03, 32]",257.52,152,185.04,0.26
07:47:12,"[165.0, 13]","[162.0, 143]","[187.86, 37]","[460.8, 41]",176.43,234,22.86,0.33
07:47:13,"[162.23, 52]","[161.41, 108]","[271.5, 12]","[273.0, 12]",216.87,184,109.27,0.74
07:47:14,"[162.0, 144]","[161.0, 112]","[255.07, 30]","[259.4, 30]",208.53,316,93.07,0.62
07:47:15,"[162.0, 44]","[161.0, 32]","[251.0, 4]","[270.0, 20]",206.5,100,89.0,0.52
07:47:16,"[162.34, 41]","[161.79, 112]","[194.63, 27]","[235.36, 39]",178.49,219,32.29,0.4
07:47:17,"[164.0, 11]","[162.0, 121]","[181.73, 11]","[233.0, 55]",172.86,198,17.73,0.33
07:47:18,"[165.0, 13]","[162.45, 71]","[179.15, 13]","[234.33, 21]",172.08,118,14.15,0.42
07:47:19,"[165.89, 47]","[164.07, 30]","[174.81, 16]","[176.12, 16]",170.35,109,8.92,0.41
07:47:20,"[166.0, 40]","[164.0, 20]","[173.08, 13]","[174.8, 10]",169.54,83,7.08,0.45
07:47:21,"[166.0, 44]","[164.0, 22]","[170.29, 45]","[171.06, 31]",168.14,142,4.29,-0.07
07:47:22,"[163.14, 37]","[161.86, 115]","[169.0, 17]","[348.55, 40]",166.07,209,5.86,0.45
07:47:23,"[162.0, 107]","[161.0, 80]","[172.5, 10]","[341.7, 40]",167.25,237,10.5,0.58
07:47:24,"[162.0, 112]","[161.0, 112]","[170.43, 40]","[197.88, 17]",166.21,281,8.43,0.59
07:47:25,"[161.86, 87]","[160.98, 82]","[169.25, 24]","[169.75, 24]",165.56,217,7.39,0.56
07:47:26,"[161.0, 48]","[160.0, 8]","[166.75, 24]","[168.0, 8]",163.88,88,5.75,0.27
07:47:27,"[161.11, 27]","[160.82, 22]","[165.95, 19]","[167.33, 9]",163.53,77,4.84,0.27
07:47:28,"[161.07, 27]","[160.52, 23]","[163.48, 23]","[165.68, 25]",162.28,98,2.4,0.02
07:47:29,"[160.85, 26]","[159.87, 30]","[162.77, 31]","[163.5, 16]",161.81,103,1.93,0.09
07:47:30,"[160.0, 15]","[159.0, 28]","[161.0, 19]","[162.0, 14]",160.5,76,1.0,0.13
07:47:31,"[159.0, 46]","[156.0, 27]","[161.0, 9]","[472.0, 36]",160.0,118,2.0,0.24
07:47:32,"[159.55, 22]","[156.86, 21]","[391.67, 24]","[715.05, 38]",275.61,105,232.12,-0.18
07:47:33,"[160.0, 20]","[159.0, 16]","[506.36, 36]","[683.14, 28]",333.18,100,346.36,-0.28
07:47:34,"[128.45, 40]","[102.0, 29]","[530.5, 20]","[348.4, 25]",329.48,114,402.05,0.21
07:47:35,"[130.71, 21]","[117.0, 26]","[148.0, 8]","[338.57, 37]",139.36,92,17.29,0.02
07:47:36,"[137.12, 51]","[124.71, 41]","[153.06, 16]","[339.7, 46]",145.09,154,15.94,0.19
07:47:37,"[138.91, 66]","[137.0, 55]","[156.47, 38]","[168.85, 41]",147.69,200,17.56,0.21
07:47:38,"[140.5, 36]","[112.0, 6]","[156.0, 20]","[157.0, 18]",148.25,80,15.5,0.05
07:47:39,"[141.69, 78]","[96.25, 16]","[155.55, 38]","[157.0, 39]",148.62,171,13.86,0.1
07:47:40,"[146.89, 61]","[136.78, 51]","[154.69, 26]","[157.0, 39]",150.79,177,7.81,0.27
07:47:41,"[149.14, 14]","[148.0, 42]","[153.14, 14]","[155.5, 24]",151.14,94,4.0,0.19
07:47:42,"[151.74, 34]","[150.62, 60]","[153.7, 40]","[155.87, 45]",152.72,179,1.96,0.05
07:47:43,"[155.19, 27]","[152.63, 41]","[158.0, 30]","[269.0, 40]",156.59,138,2.81,-0.01
07:47:44,"[157.04, 55]","[156.3, 43]","[214.58, 69]","[442.51, 53]",185.81,220,57.54,-0.11
07:47:45,"[158.56, 27]","[138.21, 43]","[439.54, 13]","[671.55, 22]",299.05,105,280.98,0.33
07:47:46,"[164.45, 31]","[144.86, 28]","[399.09, 22]","[647.23, 13]",281.77,94,234.64,0.26
07:47:47,"[166.0, 35]","[164.0, 21]","[590.0, 7]","[722.86, 28]",378.0,91,424.0,0.23
07:47:48,"[164.92, 13]","[160.18, 39]","[443.33, 12]","[768.79, 33]",304.13,97,278.41,0.07
07:47:49,"[161.18, 17]","[160.14, 28]","[232.42, 33]","[530.75, 12]",196.8,90,71.25,0.0
07:47:50,"[160.16, 19]","[157.96, 46]","[375.78, 36]","[478.26, 23]",267.97,124,215.62,0.05
07:47:51,"[159.0, 55]","[111.29, 28]","[289.62, 32]","[410.36, 22]",224.31,137,130.62,0.21
07:47:52,"[159.0, 60]","[116.0, 33]","[184.08, 26]","[308.92, 26]",171.54,145,25.08,0.28
07:47:53,"[108.53, 17]","[35.1, 31]","[183.0, 24]","[184.0, 16]",145.76,88,74.47,0.09
07:47:54,"[153.12, 16]","[126.0, 38]","[180.78, 27]","[183.0, 34]",166.95,115,27.65,-0.06
07:47:55,"[150.0, 80]","[143.31, 32]","[181.5, 20]","[183.0, 30]",165.75,162,31.5,0.38
07:47:56,"[151.88, 80]","[123.57, 28]","[177.17, 29]","[180.47, 19]",164.52,156,25.3,0.38
07:47:57,"[156.44, 118]","[134.48, 58]","[173.29, 34]","[174.42, 38]",164.87,248,16.85,0.42
07:47:58,"[165.23, 106]","[163.82, 110]","[171.77, 43]","[172.79, 28]",168.5,287,6.54,0.51
07:47:59,"[166.93, 58]","[164.5, 80]","[169.89, 27]","[171.0, 45]",168.41,210,2.96,0.31
07:48:00,"[167.0, 137]","[163.0, 133]","[168.09, 66]","[170.79, 47]",167.55,383,1.09,0.41
07:48:01,"[163.53, 76]","[162.51, 61]","[468.15, 26]","[672.08, 24]",315.84,187,304.63,0.47
07:48:02,"[163.0, 55]","[158.0, 5]","[398.8, 10]","[675.6, 5]",280.9,75,235.8,0.6
07:48:03,"[163.0, 68]","[159.78, 18]","[473.48, 23]","[592.92, 26]",318.24,135,310.48,0.27
07:48:04,"[163.15, 41]","[162.52, 58]","[445.76, 34]","[499.05, 37]",304.46,170,282.62,0.16
07:48:05,"[164.87, 23]","[163.08, 49]","[311.1, 30]","[405.61, 36]",237.98,138,146.23,0.04
07:48:06,"[165.0, 7]","[163.0, 35]","[297.0, 21]","[415.33, 21]",231.0,84,132.0,0.0
07:48:07,"[165.0, 90]","[162.9, 42]","[283.65, 37]","[295.08, 39]",224.32,208,118.65,0.27
07:48:08,"[165.0, 90]","[163.0, 36]","[293.75, 36]","[294.75, 36]",229.38,198,128.75,0.27
07:48:09,"[165.0, 84]","[163.0, 36]","[289.93, 42]","[291.08, 36]",227.46,198,124.93,0.21
07:48:10,"[165.0, 91]","[163.0, 39]","[267.04, 46]","[274.39, 41]",216.02,217,102.04,0.2
07:48:11,"[165.0, 91]","[163.0, 39]","[250.85, 39]","[251.88, 50]",207.92,219,85.85,0.19
07:48:12,"[165.0, 110]","[163.0, 42]","[247.78, 49]","[249.21, 42]",206.39,243,82.78,0.25
07:48:13,"[169.0, 26]","[165.0, 117]","[222.82, 44]","[235.59, 44]",195.91,231,53.82,0.24
07:48:14,"[169.0, 30]","[165.0, 135]","[188.4, 47]","[189.8, 45]",178.7,257,19.4,0.28
07:48:15,"[166.83, 59]","[165.0, 114]","[184.35, 65]","[185.43, 56]",175.59,294,17.52,0.18
07:48:16,"[165.0, 120]","[163.0, 157]","[178.71, 48]","[179.94, 49]",171.85,374,13.71,0.48
07:48:17,"[165.0, 104]","[163.1, 98]","[175.76, 49]","[176.66, 41]",170.38,292,10.76,0.38
07:48:18,"[165.0, 48]","[164.0, 24]","[171.4, 45]","[172.75, 36]",168.2,153,6.4,-0.06
07:48:19,"[165.0, 48]","[163.0, 132]","[168.74, 39]","[169.92, 38]",166.87,257,3.74,0.4
07:48:20,"[163.28, 115]","[162.56, 119]","[168.06, 47]","[170.89, 57]",165.67,338,4.79,0.38
07:48:21,"[163.0, 120]","[162.0, 44]","[167.27, 30]","[168.86, 28]",165.13,222,4.27,0.48
07:48:22,"[163.0, 110]","[162.0, 44]","[166.18, 33]","[168.0, 22]",164.59,209,3.18,0.47
07:48:23,"[163.0, 79]","[162.0, 44]","[164.25, 32]","[167.83, 23]",163.62,178,1.25,0.38
07:48:24,"[162.12, 41]","[161.12, 102]","[175.12, 25]","[186.24, 25]",168.62,193,13.0,0.48
07:48:25,"[163.57, 21]","[161.74, 54]","[176.0, 24]","[177.0, 24]",169.79,123,12.43,0.22
07:48:26,"[162.19, 27]","[161.03, 132]","[174.5, 28]","[175.57, 28]",168.34,215,12.31,0.48
07:48:27,"[162.0, 14]","[161.0, 70]","[172.29, 14]","[174.0, 14]",167.14,112,10.29,0.5
07:48:28,"[162.0, 18]","[161.0, 90]","[169.11, 18]","[171.44, 18]",165.56,144,7.11,0.5
07:48:29,"[162.27, 22]","[161.13, 92]","[168.0, 28]","[254.5, 40]",165.14,182,5.73,0.25
07:48:30,"[163.0, 13]","[162.0, 26]","[166.38, 26]","[233.46, 26]",164.69,91,3.38,-0.14
07:48:31,"[161.43, 37]","[160.82, 68]","[165.33, 24]","[248.69, 26]",163.38,155,3.9,0.35
07:48:32,"[161.0, 70]","[160.0, 40]","[162.87, 30]","[165.33, 30]",161.93,170,1.87,0.29
07:48:33,"[161.0, 90]","[160.0, 56]","[162.33, 36]","[236.56, 32]",161.67,214,1.33,0.36
07:48:34,"[162.0, 18]","[159.56, 25]","[408.14, 14]","[424.62, 8]",285.07,65,246.14,0.32
07:48:35,"[161.5, 34]","[149.65, 20]","[267.0, 17]","[421.56, 9]",214.25,80,105.5,0.35
07:48:36,"[163.0, 47]","[157.0, 8]","[268.25, 8]","[503.71, 14]",215.62,77,105.25,0.43
07:48:37,"[163.0, 45]","[157.0, 9]","[270.76, 17]","[410.78, 23]",216.88,94,107.76,0.15
07:48:38,"[163.15, 54]","[161.3, 27]","[239.12, 34]","[310.08, 36]",201.13,151,75.97,0.07
07:48:39,"[163.0, 18]","[161.0, 18]","[322.68, 25]","[359.44, 27]",242.84,88,159.68,-0.18
07:48:40,"[162.47, 17]","[160.73, 15]","[372.88, 16]","[450.0, 24]",267.67,72,210.4,-0.11
07:48:41,"[158.44, 16]","[111.38, 8]","[239.5, 8]","[391.75, 24]",198.97,56,81.06,-0.14
07:48:42,"[158.44, 45]","[157.0, 9]","[277.78, 9]","[356.33, 27]",218.11,90,119.33,0.2
07:48:43,"[160.17, 60]","[157.46, 13]","[266.95, 19]","[339.86, 22]",213.56,114,106.78,0.28
07:48:44,"[161.8, 50]","[160.0, 20]","[265.18, 34]","[266.35, 17]",213.49,121,103.38,0.16
07:48:45,"[160.79, 38]","[159.25, 16]","[264.1, 40]","[266.0, 20]",212.44,114,103.31,-0.05
07:48:46,"[161.74, 46]","[160.43, 23]","[262.8, 30]","[264.0, 30]",212.27,129,101.06,0.07
07:48:47,"[166.19, 47]","[164.37, 71]","[254.54, 52]","[261.65, 34]",210.36,204,88.35,0.16
07:48:48,"[167.0, 42]","[165.06, 53]","[207.2, 45]","[224.0, 39]",187.1,179,40.2,0.06
07:48:49,"[166.74, 38]","[164.93, 46]","[201.16, 43]","[202.81, 37]",183.95,164,34.43,0.02
07:48:50,"[165.0, 35]","[163.0, 21]","[176.09, 22]","[185.81, 16]",170.55,94,11.09,0.19
07:48:51,"[165.0, 15]","[163.0, 33]","[174.71, 34]","[175.75, 32]",169.85,114,9.71,-0.16
