Time,Bid1,Bid2,Ask1,Ask2,Mid-Price,Total_volume,Bid_ask_spread,Order_imbalance
07:30:00,"[1.5, 2]","[0, 0]","[0, 0]","[0, 0]",0.75,2,-1.5,1.0
07:30:01,"[141.0, 4]","[2.0, 1]","[0, 0]","[0, 0]",70.5,5,-141.0,1.0
07:30:02,"[142.0, 3]","[127.0, 12]","[176.0, 3]","[0, 0]",159.0,18,34.0,0.67
07:30:03,"[142.0, 1]","[120.0, 4]","[176.0, 3]","[181.0, 4]",159.0,12,34.0,-0.17
07:30:04,"[142.2, 5]","[120.0, 20]","[176.0, 15]","[178.18, 22]",159.1,62,33.8,-0.19
07:30:05,"[144.0, 2]","[126.0, 8]","[176.0, 6]","[178.0, 10]",160.0,26,32.0,-0.23
07:30:06,"[146.1, 10]","[132.67, 21]","[177.33, 18]","[178.55, 22]",161.72,71,31.23,-0.13
07:30:07,"[150.5, 28]","[149.25, 28]","[177.84, 19]","[178.86, 21]",164.17,96,27.34,0.17
07:30:08,"[151.0, 10]","[150.0, 10]","[175.0, 2]","[178.0, 6]",163.0,28,24.0,0.43
07:30:09,"[153.43, 21]","[151.42, 24]","[175.0, 5]","[178.0, 15]",164.21,65,21.57,0.38
07:30:10,"[157.08, 24]","[155.06, 48]","[178.6, 20]","[179.33, 18]",167.84,110,21.52,0.31
07:30:11,"[164.15, 39]","[161.67, 83]","[179.0, 42]","[180.0, 28]",171.58,192,14.85,0.27
07:30:12,"[169.14, 14]","[168.13, 23]","[179.0, 18]","[180.0, 12]",174.07,67,9.86,0.1
07:30:13,"[171.56, 9]","[170.56, 9]","[179.0, 27]","[180.0, 18]",175.28,63,7.44,-0.43
07:30:14,"[173.04, 23]","[172.6, 15]","[179.0, 21]","[180.0, 14]",176.02,73,5.96,0.04
07:30:15,"[176.37, 43]","[174.2, 15]","[179.0, 33]","[180.0, 22]",177.69,113,2.63,0.03
07:30:16,"[177.25, 40]","[175.0, 8]","[179.29, 21]","[180.55, 22]",178.27,91,2.04,0.05
07:30:17,"[178.37, 41]","[176.89, 19]","[180.76, 42]","[188.52, 48]",179.56,150,2.4,-0.2
07:30:18,"[180.0, 5]","[170.72, 29]","[187.84, 19]","[198.29, 21]",183.92,74,7.84,-0.08
07:30:19,"[181.5, 16]","[169.57, 112]","[193.2, 44]","[197.11, 62]",187.35,234,11.7,0.09
07:30:20,"[184.82, 83]","[174.33, 43]","[190.78, 18]","[192.0, 90]",187.8,234,5.96,0.08
07:30:21,"[185.28, 65]","[180.93, 99]","[190.44, 52]","[193.18, 99]",187.86,315,5.17,0.04
07:30:22,"[185.86, 84]","[184.93, 56]","[191.0, 55]","[194.71, 51]",188.43,246,5.14,0.14
07:30:23,"[186.0, 76]","[185.0, 90]","[189.49, 61]","[191.26, 73]",187.75,300,3.49,0.11
07:30:24,"[186.27, 60]","[184.93, 87]","[188.29, 68]","[191.3, 76]",187.28,291,2.03,0.01
07:30:25,"[185.0, 62]","[183.0, 13]","[186.83, 18]","[191.36, 50]",185.92,143,1.83,0.05
07:30:26,"[186.0, 6]","[185.0, 6]","[191.2, 5]","[194.62, 8]",188.6,25,5.2,-0.04
07:30:27,"[186.0, 42]","[184.76, 34]","[194.0, 42]","[195.0, 86]",190.0,204,8.0,-0.25
07:30:28,"[187.62, 39]","[185.0, 39]","[194.0, 39]","[195.0, 91]",190.81,208,6.38,-0.25
07:30:29,"[188.0, 39]","[185.0, 39]","[193.23, 39]","[194.79, 71]",190.62,188,5.23,-0.17
07:30:30,"[186.91, 33]","[184.68, 25]","[190.72, 29]","[194.28, 29]",188.82,116,3.82,0.0
07:30:31,"[185.08, 26]","[183.86, 14]","[193.67, 30]","[196.4, 25]",189.37,95,8.59,-0.16
07:30:32,"[186.0, 11]","[185.0, 33]","[194.0, 44]","[196.91, 33]",190.0,121,8.0,-0.27
07:30:33,"[186.0, 8]","[185.0, 24]","[194.0, 32]","[196.0, 24]",190.0,88,8.0,-0.27
07:30:34,"[186.43, 7]","[185.0, 21]","[194.0, 28]","[196.0, 21]",190.21,77,7.57,-0.27
07:30:35,"[188.9, 84]","[185.91, 22]","[193.83, 58]","[195.64, 44]",191.37,208,4.92,0.02
07:30:36,"[189.0, 64]","[187.0, 8]","[192.5, 40]","[193.93, 46]",190.75,158,3.5,-0.09
07:30:37,"[188.52, 63]","[185.75, 32]","[190.18, 55]","[193.0, 45]",189.35,195,1.66,-0.03
07:30:38,"[186.11, 27]","[184.05, 38]","[189.74, 34]","[194.56, 27]",187.92,126,3.62,0.03
07:30:39,"[185.0, 36]","[183.0, 54]","[192.76, 25]","[194.85, 26]",188.88,141,7.76,0.28
07:30:40,"[185.0, 28]","[183.0, 42]","[191.0, 21]","[193.0, 14]",188.0,105,6.0,0.33
07:30:41,"[185.0, 28]","[183.0, 54]","[191.0, 27]","[194.67, 36]",188.0,145,6.0,0.13
07:30:42,"[185.0, 39]","[183.0, 78]","[189.58, 48]","[192.7, 47]",187.29,212,4.58,0.1
07:30:43,"[185.0, 57]","[183.0, 94]","[187.37, 87]","[189.06, 68]",186.18,306,2.37,-0.01
07:30:44,"[183.33, 108]","[181.59, 102]","[186.5, 70]","[189.53, 66]",184.92,346,3.17,0.21
07:30:45,"[183.0, 80]","[181.0, 80]","[184.58, 26]","[189.21, 38]",183.79,224,1.58,0.43
07:30:46,"[183.0, 65]","[181.0, 104]","[184.0, 13]","[191.0, 65]",183.5,247,1.0,0.37
07:30:47,"[183.0, 50]","[181.0, 80]","[184.0, 10]","[189.75, 56]",183.5,196,1.0,0.33
07:30:48,"[183.0, 50]","[181.0, 80]","[184.0, 10]","[189.0, 50]",183.5,190,1.0,0.37
07:30:49,"[183.79, 33]","[181.3, 47]","[188.81, 52]","[190.5, 40]",186.3,172,5.02,-0.07
07:30:50,"[185.91, 22]","[183.0, 11]","[189.0, 55]","[191.0, 33]",187.45,121,3.09,-0.45
07:30:51,"[186.0, 8]","[183.0, 4]","[189.0, 20]","[191.0, 12]",187.5,44,3.0,-0.45
07:30:52,"[185.7, 20]","[183.0, 18]","[189.0, 55]","[191.0, 33]",187.35,126,3.3,-0.4
07:30:53,"[183.0, 6]","[181.0, 18]","[189.0, 30]","[191.0, 18]",186.0,72,6.0,-0.33
07:30:54,"[183.0, 11]","[181.0, 33]","[190.23, 39]","[192.45, 33]",186.62,116,7.23,-0.24
07:30:55,"[183.8, 10]","[181.5, 20]","[190.0, 24]","[191.5, 24]",186.9,78,6.2,-0.23
07:30:56,"[179.39, 31]","[141.91, 11]","[189.0, 22]","[191.0, 33]",184.19,97,9.61,-0.13
07:30:57,"[183.0, 9]","[178.56, 9]","[188.84, 19]","[191.0, 18]",185.92,55,5.84,-0.35
07:30:58,"[176.1, 10]","[144.46, 13]","[186.71, 14]","[187.82, 22]",181.41,59,10.61,-0.22
07:30:59,"[181.0, 30]","[177.25, 16]","[187.0, 24]","[188.35, 20]",184.0,90,6.0,0.02
07:31:00,"[180.0, 32]","[177.0, 12]","[186.38, 32]","[188.0, 12]",183.19,88,6.38,0.0
07:31:01,"[180.13, 38]","[177.69, 13]","[183.85, 26]","[185.95, 20]",181.99,97,3.71,0.05
07:31:02,"[179.27, 22]","[97.04, 49]","[181.75, 24]","[189.72, 18]",180.51,113,2.48,0.26
07:31:03,"[176.0, 12]","[83.0, 60]","[183.38, 24]","[186.05, 37]",179.69,133,7.38,0.08
07:31:04,"[179.0, 20]","[119.83, 48]","[183.38, 32]","[185.72, 58]",181.19,158,4.38,-0.14
07:31:05,"[178.17, 18]","[158.23, 22]","[183.0, 30]","[186.0, 50]",180.58,120,4.83,-0.33
07:31:06,"[173.33, 9]","[155.73, 33]","[182.27, 11]","[183.23, 64]",177.8,117,8.94,-0.28
07:31:07,"[174.0, 8]","[173.0, 8]","[182.98, 50]","[403.59, 34]",178.49,100,8.98,-0.68
07:31:08,"[175.09, 46]","[174.42, 19]","[182.85, 66]","[275.15, 46]",178.97,177,7.76,-0.27
07:31:09,"[180.06, 88]","[179.27, 55]","[185.96, 52]","[228.39, 56]",183.01,251,5.9,0.14
07:31:10,"[186.27, 41]","[185.06, 49]","[300.71, 35]","[315.23, 53]",243.49,178,114.45,0.01
07:31:11,"[188.67, 21]","[187.0, 20]","[317.23, 43]","[348.12, 25]",252.95,109,128.57,-0.25
07:31:12,"[187.45, 11]","[185.0, 11]","[248.35, 43]","[345.06, 33]",217.9,98,60.89,-0.55
07:31:13,"[189.0, 8]","[185.0, 8]","[259.0, 24]","[266.0, 8]",224.0,48,70.0,-0.33
07:31:14,"[184.2, 10]","[176.12, 16]","[259.0, 30]","[283.74, 38]",221.6,94,74.8,-0.45
07:31:15,"[181.0, 6]","[173.33, 12]","[464.64, 22]","[540.86, 14]",322.82,54,283.64,-0.33
07:31:16,"[174.0, 16]","[142.4, 40]","[183.0, 9]","[365.72, 25]",178.5,90,9.0,0.24
07:31:17,"[173.0, 20]","[135.58, 38]","[175.0, 10]","[181.2, 10]",174.0,78,2.0,0.49
07:31:18,"[173.0, 16]","[89.25, 16]","[175.0, 8]","[181.0, 8]",174.0,48,2.0,0.33
07:31:19,"[173.0, 16]","[96.0, 16]","[175.0, 8]","[181.0, 8]",174.0,48,2.0,0.33
07:31:20,"[173.0, 16]","[96.0, 16]","[179.5, 8]","[248.46, 24]",176.25,64,6.5,0.0
07:31:21,"[174.71, 14]","[114.85, 26]","[181.0, 7]","[249.16, 25]",177.86,72,6.29,0.11
07:31:22,"[175.73, 30]","[141.03, 76]","[185.57, 14]","[327.0, 36]",180.65,156,9.84,0.36
07:31:23,"[178.0, 11]","[95.86, 63]","[185.85, 13]","[239.89, 37]",181.92,124,7.85,0.19
07:31:24,"[178.0, 7]","[73.0, 35]","[181.0, 14]","[246.71, 7]",179.5,63,3.0,0.33
07:31:25,"[139.48, 25]","[74.21, 39]","[181.0, 18]","[253.0, 9]",160.24,91,41.52,0.41
07:31:26,"[157.32, 31]","[110.61, 23]","[176.0, 25]","[181.0, 10]",166.66,89,18.68,0.21
07:31:27,"[123.0, 24]","[91.96, 50]","[176.0, 40]","[181.0, 16]",149.5,130,53.0,0.14
07:31:28,"[128.53, 88]","[114.88, 67]","[176.0, 65]","[181.0, 31]",152.27,251,47.47,0.24
07:31:29,"[137.0, 100]","[135.0, 70]","[175.0, 10]","[176.0, 50]",156.0,230,38.0,0.48
07:31:30,"[139.0, 70]","[135.0, 49]","[175.55, 11]","[176.14, 29]",157.27,159,36.55,0.5
07:31:31,"[140.0, 30]","[101.35, 17]","[176.75, 8]","[179.55, 11]",158.38,66,36.75,0.42
07:31:32,"[153.14, 44]","[146.15, 41]","[179.0, 19]","[181.0, 35]",166.07,139,25.86,0.22
07:31:33,"[155.85, 65]","[152.38, 52]","[179.0, 14]","[181.0, 49]",167.42,180,23.15,0.3
07:31:34,"[178.0, 15]","[128.67, 21]","[181.0, 21]","[339.86, 7]",179.5,64,3.0,0.12
07:31:35,"[178.98, 54]","[130.35, 63]","[194.45, 65]","[276.27, 41]",186.71,223,15.46,0.05
07:31:36,"[180.23, 13]","[144.35, 17]","[306.0, 27]","[551.33, 9]",243.12,66,125.77,-0.09
07:31:37,"[182.68, 62]","[186.02, 42]","[401.36, 28]","[545.82, 34]",292.02,166,218.68,0.25
07:31:38,"[189.21, 82]","[188.62, 91]","[409.21, 52]","[463.5, 30]",299.21,255,220.0,0.36
07:31:39,"[189.48, 46]","[188.77, 52]","[305.0, 24]","[391.08, 26]",247.24,148,115.52,0.32
07:31:40,"[190.85, 52]","[189.0, 104]","[260.31, 39]","[372.13, 15]",225.58,210,69.46,0.49
07:31:41,"[190.58, 38]","[188.94, 68]","[244.03, 33]","[350.97, 30]",217.3,169,53.45,0.25
07:31:42,"[189.0, 40]","[188.0, 20]","[192.92, 13]","[378.75, 16]",190.96,89,3.92,0.35
07:31:43,"[189.0, 56]","[188.0, 28]","[192.0, 7]","[193.0, 21]",190.5,112,3.0,0.5
07:31:44,"[189.0, 83]","[188.0, 48]","[192.0, 12]","[327.74, 38]",190.5,181,3.0,0.45
07:31:45,"[190.0, 21]","[189.0, 28]","[191.71, 7]","[419.46, 26]",190.86,82,1.71,0.2
07:31:46,"[190.14, 21]","[189.27, 33]","[413.41, 29]","[501.5, 32]",301.78,115,223.27,-0.06
07:31:47,"[192.0, 21]","[191.0, 7]","[452.0, 21]","[476.43, 28]",322.0,77,260.0,-0.27
07:31:48,"[191.25, 12]","[188.56, 41]","[326.38, 37]","[434.0, 37]",258.81,127,135.13,-0.17
07:31:49,"[191.0, 10]","[188.0, 50]","[522.3, 23]","[573.53, 38]",356.65,121,331.3,-0.01
07:31:50,"[191.0, 12]","[188.0, 60]","[420.94, 18]","[498.52, 25]",305.97,115,229.94,0.25
07:31:51,"[191.0, 14]","[188.0, 70]","[222.23, 22]","[227.0, 27]",206.61,133,31.23,0.26
07:31:52,"[188.47, 32]","[187.36, 70]","[219.0, 15]","[220.93, 27]",203.73,144,30.53,0.42
07:31:53,"[188.0, 15]","[187.0, 25]","[215.38, 8]","[217.14, 7]",201.69,55,27.38,0.45
07:31:54,"[188.0, 30]","[187.0, 50]","[213.71, 14]","[214.5, 16]",200.86,110,25.71,0.45
07:31:55,"[188.0, 18]","[187.0, 30]","[212.2, 10]","[213.5, 8]",200.1,66,24.2,0.45
07:31:56,"[188.72, 25]","[187.34, 53]","[210.07, 15]","[210.95, 19]",199.39,112,21.35,0.39
07:31:57,"[187.6, 20]","[186.94, 64]","[207.78, 18]","[208.48, 21]",197.69,123,20.18,0.37
07:31:58,"[187.0, 40]","[185.0, 10]","[204.18, 38]","[206.55, 11]",195.59,99,17.18,0.01
07:31:59,"[187.0, 52]","[185.0, 20]","[200.32, 59]","[201.33, 33]",193.66,164,13.32,-0.12
07:32:00,"[187.0, 13]","[185.0, 13]","[194.62, 37]","[196.16, 19]",190.81,82,7.62,-0.37
07:32:01,"[185.4, 15]","[184.05, 63]","[191.43, 35]","[192.26, 19]",188.41,132,6.03,0.18
07:32:02,"[184.06, 113]","[183.24, 80]","[186.94, 63]","[187.52, 46]",185.5,302,2.87,0.28
07:32:03,"[183.71, 75]","[183.28, 72]","[187.38, 52]","[258.82, 33]",185.55,232,3.68,0.27
07:32:04,"[185.03, 71]","[183.25, 57]","[235.0, 25]","[358.26, 42]",210.01,195,49.97,0.31
07:32:05,"[185.95, 40]","[184.58, 71]","[197.0, 22]","[198.0, 11]",191.47,144,11.05,0.54
07:32:06,"[187.0, 12]","[185.0, 42]","[196.25, 16]","[197.2, 10]",191.62,80,9.25,0.35
07:32:07,"[185.29, 70]","[183.89, 81]","[192.97, 37]","[193.94, 31]",189.13,219,7.69,0.38
07:32:08,"[187.1, 42]","[185.62, 52]","[190.91, 23]","[191.82, 17]",189.0,134,3.82,0.4
07:32:09,"[187.0, 93]","[185.0, 72]","[188.67, 24]","[191.0, 36]",187.83,225,1.67,0.47
07:32:10,"[187.0, 35]","[185.0, 54]","[198.11, 19]","[265.17, 29]",192.55,137,11.11,0.3
07:32:11,"[187.0, 3]","[185.0, 18]","[226.55, 11]","[327.38, 13]",206.77,45,39.55,-0.07
07:32:12,"[187.89, 18]","[185.5, 16]","[196.0, 30]","[252.0, 18]",191.94,82,8.11,-0.17
07:32:13,"[188.1, 31]","[187.63, 19]","[196.0, 50]","[245.83, 36]",192.05,136,7.9,-0.26
07:32:14,"[191.03, 31]","[188.5, 16]","[195.8, 50]","[327.38, 40]",193.42,137,4.77,-0.31
07:32:15,"[192.0, 11]","[190.64, 11]","[195.0, 55]","[362.42, 52]",193.5,129,3.0,-0.66
07:32:16,"[192.0, 7]","[191.0, 7]","[194.29, 35]","[266.0, 14]",193.14,63,2.29,-0.56
07:32:17,"[191.17, 6]","[188.08, 36]","[234.88, 17]","[305.17, 24]",213.02,83,43.72,0.01
07:32:18,"[188.21, 43]","[187.84, 32]","[223.75, 32]","[256.89, 18]",205.98,125,35.54,0.2
07:32:19,"[188.0, 38]","[187.0, 6]","[222.0, 24]","[266.0, 12]",205.0,80,34.0,0.1
07:32:20,"[188.0, 42]","[187.0, 12]","[220.33, 48]","[395.71, 51]",204.17,153,32.33,-0.29
07:32:21,"[188.0, 6]","[187.0, 6]","[217.38, 26]","[275.59, 17]",202.69,55,29.38,-0.56
07:32:22,"[188.0, 11]","[187.0, 11]","[216.31, 49]","[217.1, 42]",202.15,113,28.31,-0.61
07:32:23,"[188.0, 24]","[187.0, 16]","[212.94, 67]","[214.95, 59]",200.47,166,24.94,-0.52
07:32:24,"[187.33, 12]","[184.21, 33]","[208.0, 32]","[209.18, 34]",197.67,111,20.67,-0.19
07:32:25,"[184.0, 48]","[183.0, 220]","[206.11, 27]","[207.91, 46]",195.06,341,22.11,0.57
07:32:26,"[184.36, 56]","[183.25, 96]","[203.94, 48]","[205.23, 26]",194.15,226,19.58,0.35
07:32:27,"[185.4, 60]","[184.32, 77]","[200.51, 59]","[201.49, 67]",192.95,263,15.11,0.04
07:32:28,"[186.08, 39]","[184.52, 58]","[196.68, 44]","[197.64, 45]",191.38,186,10.6,0.04
07:32:29,"[186.55, 33]","[184.0, 44]","[191.06, 51]","[191.88, 51]",188.8,179,4.51,-0.14
07:32:30,"[186.7, 37]","[183.56, 64]","[189.0, 48]","[190.5, 60]",187.85,209,2.3,-0.03
07:32:31,"[183.57, 28]","[182.36, 44]","[188.0, 32]","[192.0, 40]",185.79,144,4.43,0.0
07:32:32,"[183.0, 15]","[182.0, 29]","[186.75, 24]","[188.95, 21]",184.88,89,3.75,-0.01
07:32:33,"[182.44, 27]","[180.91, 44]","[186.0, 35]","[188.0, 28]",184.22,134,3.56,0.06
07:32:34,"[183.35, 80]","[181.08, 74]","[185.81, 68]","[218.83, 29]",184.58,251,2.46,0.23
07:32:35,"[180.52, 67]","[178.55, 47]","[321.44, 43]","[430.69, 26]",250.98,183,140.92,0.25
07:32:36,"[183.0, 129]","[179.0, 126]","[319.89, 47]","[368.23, 31]",251.45,333,136.89,0.53
07:32:37,"[183.33, 72]","[181.11, 114]","[294.33, 36]","[295.18, 33]",238.83,255,111.0,0.46
07:32:38,"[183.26, 93]","[180.6, 135]","[270.72, 39]","[278.38, 42]",226.99,309,87.46,0.48
07:32:39,"[183.07, 44]","[179.16, 103]","[225.64, 28]","[227.0, 30]",204.36,205,42.57,0.43
07:32:40,"[183.0, 21]","[179.05, 55]","[221.41, 27]","[222.38, 21]",202.2,124,38.41,0.23
07:32:41,"[183.0, 39]","[179.06, 101]","[218.84, 25]","[219.71, 35]",200.92,200,35.84,0.4
07:32:42,"[181.26, 104]","[178.8, 120]","[215.53, 38]","[219.25, 57]",198.39,319,34.27,0.4
07:32:43,"[184.35, 68]","[179.42, 118]","[213.22, 36]","[214.17, 48]",198.79,270,28.87,0.38
07:32:44,"[185.19, 37]","[183.14, 43]","[210.79, 29]","[211.38, 29]",197.99,138,25.6,0.16
07:32:45,"[188.1, 20]","[187.0, 20]","[208.3, 10]","[209.3, 10]",198.2,60,20.2,0.33
07:32:46,"[184.86, 57]","[183.73, 60]","[205.53, 17]","[207.18, 17]",195.19,151,20.67,0.55
07:32:47,"[185.57, 35]","[184.6, 50]","[192.43, 28]","[201.54, 37]",189.0,150,6.86,0.13
07:32:48,"[183.78, 27]","[182.85, 52]","[185.78, 18]","[309.5, 28]",184.78,125,2.0,0.26
07:32:49,"[183.15, 26]","[182.1, 40]","[187.0, 14]","[636.77, 13]",185.08,93,3.85,0.42
07:32:50,"[185.0, 12]","[182.18, 44]","[187.0, 12]","[708.33, 6]",186.0,74,2.0,0.51
07:32:51,"[182.36, 50]","[181.65, 46]","[356.96, 27]","[515.33, 18]",269.66,141,174.6,0.36
07:32:52,"[181.43, 40]","[178.48, 42]","[343.41, 34]","[529.5, 24]",262.42,140,161.99,0.17
07:32:53,"[180.0, 21]","[166.86, 7]","[428.5, 24]","[575.36, 25]",304.25,77,248.5,-0.27
07:32:54,"[180.11, 19]","[178.67, 9]","[590.32, 19]","[690.52, 23]",385.21,70,410.21,-0.2
07:32:55,"[180.09, 22]","[178.5, 12]","[323.14, 14]","[412.57, 46]",251.62,94,143.05,-0.28
07:32:56,"[180.0, 9]","[162.22, 9]","[336.0, 45]","[523.19, 27]",258.0,90,156.0,-0.6
07:32:57,"[180.0, 9]","[135.11, 9]","[335.93, 43]","[524.76, 37]",257.97,98,155.93,-0.63
07:32:58,"[184.67, 6]","[179.0, 6]","[336.0, 30]","[434.5, 24]",260.33,66,151.33,-0.64
07:32:59,"[152.25, 8]","[116.25, 8]","[271.2, 25]","[410.92, 37]",211.72,78,118.95,-0.59
07:33:00,"[133.31, 48]","[131.91, 74]","[174.44, 18]","[242.67, 24]",153.88,164,41.13,0.49
07:33:01,"[135.0, 8]","[133.61, 99]","[174.0, 16]","[175.18, 22]",154.5,145,39.0,0.48
07:33:02,"[155.95, 19]","[102.0, 6]","[174.33, 9]","[175.4, 15]",165.14,49,18.39,0.02
07:33:03,"[137.33, 6]","[95.0, 6]","[175.8, 10]","[178.67, 12]",156.57,34,38.47,-0.29
07:33:04,"[138.89, 9]","[108.08, 61]","[176.0, 18]","[180.0, 18]",157.44,106,37.11,0.32
07:33:05,"[151.4, 10]","[136.07, 86]","[174.67, 18]","[179.0, 16]",163.03,130,23.27,0.48
07:33:06,"[139.14, 7]","[136.0, 98]","[172.0, 21]","[176.0, 14]",155.57,140,32.86,0.5
07:33:07,"[140.0, 2]","[109.5, 4]","[172.0, 6]","[176.0, 4]",156.0,16,32.0,-0.25
07:33:08,"[140.0, 19]","[108.0, 16]","[173.14, 21]","[177.5, 16]",156.57,72,33.14,-0.03
07:33:09,"[144.89, 72]","[143.25, 72]","[176.0, 24]","[180.0, 24]",160.44,192,31.11,0.5
07:33:10,"[168.08, 48]","[157.4, 35]","[176.0, 28]","[180.0, 28]",172.04,139,7.92,0.19
07:33:11,"[172.32, 50]","[159.73, 11]","[176.0, 14]","[180.0, 14]",174.16,89,3.68,0.37
07:33:12,"[175.8, 35]","[174.08, 84]","[178.21, 38]","[180.73, 44]",177.01,201,2.41,0.18
07:33:13,"[176.0, 40]","[162.65, 17]","[177.38, 16]","[180.18, 22]",176.69,95,1.38,0.2
07:33:14,"[176.6, 15]","[173.48, 25]","[180.4, 20]","[181.27, 37]",178.5,97,3.8,-0.18
07:33:15,"[178.87, 15]","[177.96, 27]","[180.44, 36]","[181.33, 60]",179.66,138,1.58,-0.39
07:33:16,"[179.12, 16]","[178.01, 73]","[181.31, 32]","[182.08, 71]",180.22,192,2.19,-0.07
07:33:17,"[179.0, 20]","[120.97, 30]","[181.95, 44]","[184.05, 57]",180.48,151,2.95,-0.34
07:33:18,"[167.5, 8]","[118.15, 13]","[182.14, 21]","[185.0, 35]",174.82,77,14.64,-0.45
07:33:19,"[128.5, 28]","[122.74, 27]","[181.89, 36]","[184.87, 68]",155.19,159,53.39,-0.31
07:33:20,"[137.55, 22]","[126.38, 21]","[180.91, 11]","[185.19, 47]",159.23,101,43.36,-0.15
07:33:21,"[156.67, 12]","[151.11, 18]","[176.0, 10]","[182.0, 10]",166.33,50,19.33,0.2
07:33:22,"[152.89, 18]","[151.82, 17]","[176.0, 9]","[182.0, 9]",164.44,53,23.11,0.32
07:33:23,"[153.0, 6]","[152.0, 6]","[176.0, 3]","[182.0, 3]",164.5,18,23.0,0.33
07:33:24,"[156.0, 15]","[152.67, 18]","[176.67, 9]","[183.54, 13]",166.33,55,20.67,0.2
07:33:25,"[154.12, 16]","[129.27, 11]","[176.0, 8]","[181.0, 8]",165.06,43,21.88,0.26
07:33:26,"[155.56, 9]","[146.17, 12]","[176.0, 7]","[181.0, 7]",165.78,35,20.44,0.2
07:33:27,"[156.18, 11]","[155.05, 19]","[176.0, 10]","[181.0, 10]",166.09,50,19.82,0.2
07:33:28,"[158.6, 10]","[156.0, 5]","[180.0, 5]","[181.95, 21]",169.3,41,21.4,-0.27
07:33:29,"[159.0, 8]","[156.0, 4]","[181.0, 4]","[182.0, 20]",170.0,36,22.0,-0.33
07:33:30,"[161.13, 15]","[158.31, 13]","[181.59, 17]","[182.59, 37]",171.36,82,20.45,-0.32
07:33:31,"[164.67, 15]","[164.0, 21]","[182.0, 60]","[193.0, 12]",173.33,108,17.33,-0.33
07:33:32,"[167.0, 13]","[65.71, 17]","[181.85, 13]","[355.0, 15]",174.42,58,14.85,0.03
07:33:33,"[170.2, 41]","[170.03, 37]","[178.92, 13]","[220.71, 31]",174.56,122,8.73,0.28
07:33:34,"[180.68, 28]","[179.41, 22]","[225.4, 20]","[363.17, 36]",203.04,106,44.72,-0.06
07:33:35,"[172.71, 7]","[126.29, 7]","[234.74, 19]","[386.15, 27]",203.73,60,62.02,-0.53
07:33:36,"[182.47, 17]","[180.96, 26]","[309.45, 31]","[442.85, 39]",245.96,113,126.98,-0.24
07:33:37,"[184.86, 14]","[177.55, 11]","[227.0, 24]","[499.23, 22]",205.93,71,42.14,-0.3
07:33:38,"[186.6, 43]","[179.75, 24]","[226.0, 12]","[227.0, 36]",206.3,115,39.4,0.17
07:33:39,"[188.0, 28]","[187.0, 40]","[223.64, 22]","[226.33, 18]",205.82,108,35.64,0.26
07:33:40,"[187.22, 27]","[185.89, 19]","[220.69, 16]","[221.21, 24]",203.95,86,33.47,0.07
07:33:41,"[187.0, 24]","[184.0, 8]","[217.38, 24]","[219.64, 14]",202.19,70,30.38,-0.09
07:33:42,"[187.0, 20]","[184.0, 10]","[216.56, 16]","[218.62, 24]",201.78,70,29.56,-0.14
07:33:43,"[187.31, 13]","[185.64, 11]","[215.0, 8]","[216.0, 24]",201.15,56,27.69,-0.14
07:33:44,"[189.0, 10]","[187.0, 20]","[213.75, 12]","[215.93, 28]",201.38,70,24.75,-0.14
07:33:45,"[182.0, 24]","[181.0, 72]","[211.58, 36]","[213.64, 14]",196.79,146,29.58,0.32
07:33:46,"[182.43, 28]","[181.2, 60]","[206.97, 34]","[208.66, 56]",194.7,178,24.54,-0.01
07:33:47,"[188.6, 35]","[185.61, 33]","[199.28, 46]","[201.38, 50]",193.94,164,10.68,-0.17
07:33:48,"[190.0, 36]","[186.62, 78]","[196.48, 88]","[197.55, 22]",193.24,224,6.48,0.02
07:33:49,"[187.0, 20]","[184.0, 90]","[190.85, 26]","[192.12, 26]",188.92,162,3.85,0.36
07:33:50,"[187.0, 24]","[184.0, 108]","[188.3, 50]","[189.42, 36]",187.65,218,1.3,0.21
07:33:51,"[184.09, 99]","[183.33, 72]","[187.21, 42]","[199.81, 36]",185.65,249,3.12,0.37
07:33:52,"[183.86, 102]","[182.64, 99]","[185.81, 21]","[329.67, 15]",184.84,237,1.95,0.7
07:33:53,"[184.0, 100]","[182.0, 108]","[346.6, 20]","[431.67, 12]",265.3,240,162.6,0.73
07:33:54,"[184.0, 126]","[182.0, 155]","[407.05, 21]","[526.04, 24]",295.52,326,223.05,0.72
07:33:55,"[184.0, 80]","[182.0, 88]","[586.0, 8]","[658.88, 32]",385.0,208,402.0,0.62
07:33:56,"[184.0, 68]","[182.0, 112]","[458.86, 14]","[678.73, 22]",321.43,216,274.86,0.67
07:33:57,"[184.07, 69]","[182.6, 134]","[500.48, 56]","[581.5, 32]",342.28,291,316.41,0.4
07:33:58,"[186.0, 6]","[184.0, 48]","[360.56, 16]","[376.17, 18]",273.28,88,174.56,0.23
07:33:59,"[184.02, 85]","[182.11, 140]","[248.23, 13]","[340.56, 48]",216.13,286,64.21,0.57
07:34:00,"[184.0, 52]","[182.51, 68]","[396.67, 18]","[486.81, 31]",290.33,169,212.67,0.42
07:34:01,"[184.0, 48]","[183.0, 170]","[268.65, 43]","[351.0, 44]",226.33,305,84.65,0.43
07:34:02,"[183.39, 49]","[182.87, 138]","[185.27, 22]","[236.75, 32]",184.33,241,1.88,0.55
07:34:03,"[183.04, 78]","[182.36, 70]","[321.17, 29]","[466.41, 37]",252.11,214,138.13,0.38
07:34:04,"[184.4, 10]","[183.0, 50]","[332.36, 33]","[460.07, 44]",258.38,137,147.96,-0.12
07:34:05,"[185.22, 9]","[183.0, 45]","[344.98, 41]","[436.74, 38]",265.1,133,159.75,-0.19
07:34:06,"[186.0, 8]","[183.0, 40]","[249.24, 29]","[357.24, 37]",217.62,114,63.24,-0.16
07:34:07,"[186.0, 9]","[183.0, 45]","[304.78, 18]","[469.69, 32]",245.39,104,118.78,0.04
07:34:08,"[187.23, 13]","[182.75, 73]","[355.91, 35]","[485.62, 58]",271.57,179,168.68,-0.04
07:34:09,"[182.85, 54]","[181.82, 131]","[332.4, 42]","[413.14, 58]",257.63,285,149.55,0.3
07:34:10,"[182.0, 124]","[180.0, 13]","[359.38, 39]","[423.1, 40]",270.69,216,177.38,0.27
07:34:11,"[182.0, 57]","[180.82, 33]","[257.6, 43]","[367.97, 29]",219.8,162,75.6,0.11
07:34:12,"[182.0, 24]","[181.0, 72]","[359.0, 24]","[376.0, 16]",270.5,136,177.0,0.41
07:34:13,"[182.0, 18]","[181.0, 54]","[357.83, 18]","[376.0, 12]",269.92,102,175.83,0.41
07:34:14,"[183.6, 30]","[181.5, 36]","[340.04, 25]","[455.14, 29]",261.82,120,156.44,0.1
07:34:15,"[184.0, 40]","[182.0, 30]","[286.33, 36]","[419.11, 38]",235.17,144,102.33,-0.03
07:34:16,"[184.0, 36]","[182.0, 27]","[355.78, 27]","[466.86, 42]",269.89,132,171.78,-0.05
07:34:17,"[184.0, 32]","[182.0, 24]","[354.0, 28]","[365.0, 32]",269.0,116,170.0,-0.03
07:34:18,"[186.55, 44]","[183.47, 38]","[350.63, 38]","[352.54, 39]",268.59,159,164.09,0.03
07:34:19,"[188.0, 48]","[185.5, 48]","[302.24, 51]","[349.69, 39]",245.12,186,114.24,0.03
07:34:20,"[187.03, 119]","[185.79, 76]","[188.35, 72]","[198.78, 68]",187.69,335,1.31,0.16
07:34:21,"[187.36, 44]","[186.59, 68]","[188.79, 19]","[304.13, 23]",188.08,154,1.43,0.45
07:34:22,"[188.0, 20]","[187.0, 10]","[189.0, 10]","[218.48, 25]",188.5,65,1.0,-0.08
07:34:23,"[188.23, 13]","[187.0, 10]","[212.41, 32]","[247.29, 31]",200.32,86,24.18,-0.47
07:34:24,"[190.41, 17]","[187.22, 18]","[247.2, 45]","[302.97, 64]",218.81,144,56.79,-0.51
07:34:25,"[191.33, 18]","[187.0, 18]","[247.27, 22]","[249.0, 52]",219.3,110,55.94,-0.35
07:34:26,"[191.0, 12]","[186.14, 14]","[229.81, 16]","[266.61, 18]",210.41,60,38.81,-0.13
07:34:27,"[185.11, 18]","[183.91, 22]","[217.35, 17]","[230.0, 10]",201.23,67,32.24,0.19
07:34:28,"[185.5, 40]","[183.77, 31]","[213.04, 25]","[213.89, 28]",199.27,124,27.54,0.15
07:34:29,"[185.03, 31]","[184.16, 55]","[209.71, 21]","[211.31, 49]",197.37,156,24.68,0.1
07:34:30,"[186.0, 15]","[185.0, 30]","[206.52, 25]","[207.31, 35]",196.26,105,20.52,-0.14
07:34:31,"[185.43, 21]","[184.02, 59]","[200.57, 44]","[203.07, 42]",193.0,166,15.14,-0.04
07:34:32,"[184.05, 19]","[182.69, 32]","[197.08, 39]","[200.0, 39]",190.56,129,13.02,-0.21
07:34:33,"[183.62, 29]","[182.16, 45]","[195.8, 45]","[198.0, 45]",189.71,164,12.18,-0.1
07:34:34,"[182.0, 44]","[181.0, 11]","[192.35, 17]","[193.65, 31]",187.18,103,10.35,0.07
07:34:35,"[182.0, 26]","[181.0, 7]","[189.31, 13]","[190.8, 15]",185.65,61,7.31,0.08
07:34:36,"[181.95, 44]","[178.41, 17]","[186.26, 35]","[186.73, 41]",184.11,137,4.3,-0.11
07:34:37,"[151.91, 11]","[137.06, 17]","[181.5, 8]","[184.25, 16]",166.7,52,29.59,0.08
07:34:38,"[156.19, 42]","[127.33, 18]","[178.71, 31]","[180.59, 39]",167.45,130,22.52,-0.08
07:34:39,"[147.89, 35]","[130.25, 20]","[190.82, 33]","[228.78, 18]",169.35,106,42.93,0.04
07:34:40,"[176.33, 24]","[155.94, 36]","[201.0, 33]","[652.6, 30]",188.67,123,24.67,-0.02
07:34:41,"[180.73, 22]","[149.14, 28]","[200.96, 28]","[638.31, 32]",190.85,110,20.24,-0.09
07:34:42,"[180.62, 13]","[102.0, 21]","[199.0, 9]","[425.33, 27]",189.81,70,18.38,-0.03
07:34:43,"[151.0, 5]","[95.0, 20]","[196.8, 5]","[400.11, 19]",173.9,49,45.8,0.02
07:34:44,"[151.0, 8]","[122.41, 17]","[196.0, 8]","[243.2, 30]",173.5,63,45.0,-0.21
07:34:45,"[158.36, 11]","[118.33, 24]","[195.67, 9]","[427.53, 17]",177.02,61,37.3,0.15
07:34:46,"[188.74, 35]","[180.92, 39]","[195.0, 12]","[379.52, 25]",191.87,111,6.26,0.33
07:34:47,"[190.67, 18]","[188.0, 27]","[195.0, 9]","[455.0, 36]",192.83,90,4.33,0.0
07:34:48,"[189.5, 16]","[170.78, 54]","[194.0, 12]","[447.67, 48]",191.75,130,4.5,0.08
07:34:49,"[187.0, 92]","[146.0, 37]","[193.0, 18]","[280.5, 16]",190.0,163,6.0,0.58
07:34:50,"[187.0, 48]","[183.0, 24]","[190.5, 6]","[192.0, 12]",188.75,90,3.5,0.6
07:34:51,"[187.0, 32]","[183.0, 16]","[190.0, 4]","[192.0, 8]",188.5,60,3.0,0.6
07:34:52,"[187.0, 54]","[183.0, 30]","[190.11, 9]","[287.83, 12]",188.56,105,3.11,0.6
07:34:53,"[187.0, 35]","[183.0, 30]","[192.0, 10]","[431.8, 5]",189.5,80,5.0,0.62
07:34:54,"[187.0, 49]","[183.0, 44]","[192.0, 14]","[249.0, 7]",189.5,114,5.0,0.63
07:34:55,"[187.0, 56]","[183.06, 50]","[190.62, 26]","[191.45, 22]",188.81,154,3.62,0.38
07:34:56,"[187.0, 59]","[183.77, 47]","[189.65, 40]","[291.41, 17]",188.32,163,2.65,0.3
07:34:57,"[187.0, 35]","[186.0, 14]","[188.86, 28]","[366.29, 7]",187.93,84,1.86,0.17
07:34:58,"[188.26, 38]","[186.67, 12]","[254.07, 14]","[295.1, 10]",221.17,74,65.81,0.35
07:34:59,"[189.18, 44]","[187.0, 11]","[235.16, 19]","[266.21, 14]",212.17,88,45.98,0.25
07:35:00,"[185.69, 13]","[183.74, 54]","[235.0, 20]","[398.9, 10]",210.35,97,49.31,0.38
07:35:01,"[186.55, 22]","[184.0, 11]","[233.91, 22]","[423.83, 12]",210.23,67,47.36,-0.01
07:35:02,"[188.0, 14]","[184.0, 7]","[231.29, 14]","[233.0, 14]",209.64,49,43.29,-0.14
07:35:03,"[188.27, 22]","[182.64, 11]","[229.82, 22]","[231.64, 22]",209.05,77,41.55,-0.14
07:35:04,"[183.0, 18]","[152.0, 36]","[227.22, 18]","[230.0, 18]",205.11,90,44.22,0.2
07:35:05,"[182.7, 20]","[120.1, 31]","[224.85, 26]","[226.54, 26]",203.77,103,42.15,-0.01
07:35:06,"[181.74, 94]","[142.59, 34]","[222.5, 20]","[224.0, 20]",202.12,168,40.76,0.52
07:35:07,"[184.45, 77]","[183.67, 110]","[221.0, 20]","[224.0, 20]",202.73,227,36.55,0.65
07:35:08,"[185.0, 34]","[184.0, 140]","[219.0, 20]","[221.2, 20]",202.0,214,34.0,0.63
07:35:09,"[185.4, 15]","[184.18, 51]","[216.67, 12]","[219.0, 12]",201.03,90,31.27,0.47
07:35:10,"[187.33, 24]","[185.64, 25]","[215.73, 22]","[216.73, 22]",201.53,93,28.39,0.05
07:35:11,"[188.27, 33]","[187.11, 27]","[211.33, 18]","[214.0, 18]",199.8,96,23.06,0.25
07:35:12,"[189.47, 36]","[187.9, 29]","[209.7, 20]","[213.2, 20]",199.59,105,20.23,0.24
07:35:13,"[186.95, 19]","[185.29, 21]","[206.75, 16]","[209.25, 16]",196.85,72,19.8,0.11
07:35:14,"[185.0, 34]","[183.93, 76]","[203.55, 22]","[204.73, 22]",194.27,154,18.55,0.43
07:35:15,"[185.0, 24]","[184.0, 168]","[201.42, 38]","[211.54, 26]",193.21,256,16.42,0.5
07:35:16,"[184.0, 85]","[182.0, 156]","[198.62, 58]","[200.09, 44]",191.31,343,14.62,0.41
07:35:17,"[184.0, 50]","[182.0, 130]","[194.68, 44]","[196.75, 40]",189.34,264,10.68,0.36
07:35:18,"[185.75, 36]","[182.95, 74]","[191.05, 44]","[192.13, 31]",188.4,185,5.3,0.19
07:35:19,"[184.93, 29]","[182.43, 70]","[188.67, 30]","[190.52, 33]",186.8,162,3.74,0.22
07:35:20,"[184.0, 50]","[182.0, 160]","[186.45, 44]","[187.41, 44]",185.23,298,2.45,0.41
07:35:21,"[183.02, 57]","[181.38, 130]","[210.96, 54]","[224.06, 68]",196.99,309,27.95,0.21
07:35:22,"[186.79, 28]","[183.44, 32]","[222.35, 43]","[224.29, 28]",204.57,131,35.56,-0.08
07:35:23,"[188.07, 28]","[187.0, 14]","[215.14, 56]","[215.59, 41]",201.61,139,27.07,-0.4
07:35:24,"[183.75, 40]","[179.73, 55]","[209.4, 40]","[210.4, 40]",196.57,175,25.65,0.09
07:35:25,"[182.0, 50]","[179.0, 90]","[206.11, 36]","[207.11, 36]",194.06,212,24.11,0.32
07:35:26,"[182.0, 36]","[179.0, 90]","[204.22, 36]","[205.78, 36]",193.11,198,22.22,0.27
07:35:27,"[182.0, 19]","[179.0, 130]","[201.69, 52]","[203.31, 52]",191.85,253,19.69,0.18
07:35:28,"[186.66, 58]","[179.39, 46]","[200.8, 40]","[202.6, 40]",193.73,184,14.14,0.13
07:35:29,"[187.0, 90]","[182.6, 10]","[199.4, 40]","[200.4, 40]",193.2,180,12.4,0.11
07:35:30,"[188.02, 118]","[186.15, 92]","[197.58, 48]","[198.75, 48]",192.8,306,9.57,0.37
07:35:31,"[190.79, 94]","[185.0, 99]","[195.45, 44]","[197.0, 44]",193.12,281,4.67,0.37
07:35:32,"[191.0, 52]","[185.0, 108]","[193.0, 48]","[194.75, 48]",192.0,256,2.0,0.25
07:35:33,"[185.0, 108]","[184.0, 48]","[191.1, 39]","[269.75, 48]",188.05,243,6.1,0.28
07:35:34,"[185.0, 81]","[184.0, 40]","[187.34, 41]","[188.28, 43]",186.17,205,2.34,0.18
07:35:35,"[184.76, 50]","[183.82, 34]","[294.03, 36]","[417.21, 42]",239.39,162,109.27,0.04
07:35:36,"[182.84, 62]","[180.56, 18]","[528.32, 19]","[575.4, 47]",355.58,146,345.48,0.1
07:35:37,"[182.0, 73]","[133.6, 25]","[303.38, 24]","[567.77, 22]",242.69,144,121.38,0.36
07:35:38,"[182.13, 46]","[165.64, 22]","[240.56, 9]","[426.0, 7]",211.34,84,58.43,0.62
07:35:39,"[182.0, 99]","[162.52, 25]","[239.33, 18]","[283.0, 36]",210.67,178,57.33,0.39
07:35:40,"[182.28, 76]","[178.76, 90]","[235.67, 24]","[282.02, 42]",208.97,232,53.39,0.43
07:35:41,"[183.93, 41]","[182.21, 107]","[231.1, 31]","[249.85, 26]",207.51,205,47.17,0.44
07:35:42,"[186.41, 17]","[182.38, 221]","[228.28, 50]","[229.57, 28]",207.35,316,41.87,0.51
07:35:43,"[186.71, 14]","[182.0, 280]","[225.19, 37]","[226.53, 38]",205.95,369,38.47,0.59
07:35:44,"[187.64, 11]","[182.3, 165]","[220.74, 38]","[224.0, 33]",204.19,247,33.1,0.43
07:35:45,"[188.46, 13]","[187.0, 130]","[222.05, 39]","[223.0, 50]",205.26,232,33.59,0.23
07:35:46,"[189.0, 11]","[187.0, 110]","[219.44, 27]","[221.12, 32]",204.22,180,30.44,0.34
07:35:47,"[188.78, 23]","[186.99, 141]","[203.59, 37]","[212.13, 30]",196.19,231,14.81,0.42
07:35:48,"[187.0, 104]","[185.15, 13]","[193.63, 35]","[194.79, 33]",190.31,185,6.63,0.26
07:35:49,"[187.0, 88]","[186.0, 17]","[191.31, 26]","[192.2, 40]",189.15,171,4.31,0.23
07:35:50,"[187.06, 85]","[186.42, 19]","[188.6, 30]","[191.82, 34]",187.83,168,1.54,0.24
07:35:51,"[189.56, 50]","[187.0, 128]","[193.68, 59]","[207.57, 40]",191.62,277,4.12,0.29
07:35:52,"[187.38, 95]","[186.33, 36]","[192.0, 39]","[193.0, 45]",189.69,215,4.62,0.22
07:35:53,"[187.0, 34]","[185.0, 11]","[191.54, 26]","[192.72, 29]",189.27,100,4.54,-0.1
07:35:54,"[187.0, 36]","[185.0, 10]","[189.11, 27]","[323.14, 29]",188.06,102,2.11,-0.1
07:35:55,"[187.0, 30]","[185.0, 10]","[188.3, 30]","[324.38, 32]",187.65,102,1.3,-0.22
07:35:56,"[187.62, 40]","[186.5, 20]","[315.24, 34]","[468.51, 41]",251.43,135,127.61,-0.11
07:35:57,"[189.43, 58]","[187.32, 25]","[213.91, 11]","[471.27, 55]",201.67,149,24.48,0.11
07:35:58,"[190.89, 53]","[188.05, 19]","[226.31, 29]","[322.53, 57]",208.6,158,35.42,-0.09
07:35:59,"[188.33, 12]","[186.85, 26]","[199.6, 50]","[227.3, 50]",193.97,138,11.27,-0.45
07:36:00,"[185.29, 28]","[182.67, 36]","[196.0, 60]","[277.43, 56]",190.64,180,10.71,-0.29
07:36:01,"[186.32, 66]","[179.29, 92]","[195.53, 75]","[365.36, 59]",190.93,292,9.22,0.08
07:36:02,"[188.0, 80]","[183.75, 32]","[194.44, 80]","[263.64, 28]",191.22,220,6.44,0.02
07:36:03,"[184.0, 18]","[181.0, 36]","[193.0, 45]","[447.03, 33]",188.5,132,9.0,-0.18
07:36:04,"[184.0, 22]","[181.0, 44]","[192.6, 50]","[274.81, 43]",188.3,159,8.6,-0.17
07:36:05,"[186.0, 27]","[183.2, 30]","[191.36, 33]","[192.29, 51]",188.68,141,5.36,-0.19
07:36:06,"[187.73, 45]","[185.63, 41]","[189.65, 71]","[205.84, 67]",188.69,224,1.91,-0.23
07:36:07,"[186.93, 30]","[185.0, 75]","[188.62, 29]","[221.98, 41]",187.78,175,1.69,0.2
07:36:08,"[185.07, 68]","[183.32, 62]","[207.56, 18]","[241.4, 25]",196.31,173,22.48,0.5
07:36:09,"[185.67, 45]","[184.43, 42]","[265.16, 19]","[326.11, 18]",225.41,124,79.49,0.4
07:36:10,"[186.0, 70]","[185.0, 50]","[307.7, 30]","[387.15, 26]",246.85,176,121.7,0.36
07:36:11,"[186.0, 56]","[185.0, 40]","[194.5, 30]","[224.65, 34]",190.25,160,8.5,0.2
07:36:12,"[186.0, 69]","[185.0, 60]","[194.0, 36]","[217.82, 51]",190.0,216,8.0,0.19
07:36:13,"[186.0, 30]","[184.45, 65]","[194.0, 39]","[353.08, 26]",190.0,160,8.0,0.19
07:36:14,"[185.0, 30]","[184.0, 20]","[193.3, 30]","[522.1, 20]",189.15,100,8.3,0.0
07:36:15,"[183.28, 65]","[179.71, 42]","[189.91, 34]","[217.31, 26]",186.59,167,6.63,0.28
07:36:16,"[183.0, 48]","[165.18, 88]","[187.2, 30]","[188.6, 30]",185.1,196,4.2,0.39
07:36:17,"[181.5, 26]","[152.96, 83]","[184.55, 29]","[310.0, 31]",183.03,169,3.05,0.29
07:36:18,"[179.0, 36]","[150.0, 90]","[181.82, 22]","[247.17, 24]",180.41,172,2.82,0.47
07:36:19,"[178.5, 8]","[150.0, 36]","[181.0, 8]","[182.0, 8]",179.75,60,2.5,0.47
07:36:20,"[178.0, 14]","[135.08, 39]","[181.0, 14]","[182.0, 14]",179.5,81,3.0,0.31
07:36:21,"[137.54, 59]","[130.27, 45]","[182.06, 17]","[337.14, 14]",159.8,135,44.52,0.54
07:36:22,"[144.54, 61]","[137.55, 101]","[179.66, 32]","[214.55, 31]",162.1,225,35.12,0.44
07:36:23,"[167.69, 70]","[159.96, 50]","[182.25, 16]","[240.26, 27]",174.97,163,14.56,0.47
07:36:24,"[174.0, 91]","[167.36, 90]","[351.0, 23]","[605.78, 18]",262.5,222,177.0,0.63
07:36:25,"[169.0, 56]","[129.32, 31]","[230.33, 18]","[580.14, 14]",199.67,119,61.33,0.46
07:36:26,"[174.07, 56]","[172.8, 83]","[201.06, 31]","[281.85, 26]",187.57,196,26.99,0.42
07:36:27,"[185.23, 39]","[180.57, 35]","[201.83, 48]","[472.5, 24]",193.53,146,16.6,0.01
07:36:28,"[186.02, 122]","[185.23, 48]","[200.42, 48]","[353.0, 24]",193.22,242,14.4,0.4
07:36:29,"[187.94, 62]","[186.23, 71]","[199.0, 52]","[460.31, 26]",193.47,211,11.06,0.26
07:36:30,"[190.0, 14]","[189.0, 42]","[198.29, 28]","[572.0, 14]",194.14,98,8.29,0.14
07:36:31,"[191.04, 46]","[189.71, 90]","[196.03, 66]","[338.15, 54]",193.54,256,4.99,0.06
07:36:32,"[192.11, 36]","[190.8, 20]","[194.0, 24]","[195.0, 30]",193.06,110,1.89,0.02
07:36:33,"[192.04, 50]","[189.18, 17]","[193.89, 36]","[195.0, 45]",192.96,148,1.85,-0.09
07:36:34,"[192.0, 46]","[185.5, 24]","[193.99, 71]","[312.33, 75]",192.99,216,1.99,-0.35
07:36:35,"[192.0, 13]","[191.0, 32]","[193.0, 40]","[364.33, 24]",192.5,109,1.0,-0.17
07:36:36,"[191.03, 29]","[188.38, 32]","[366.0, 32]","[463.62, 16]",278.52,109,174.97,0.12
07:36:37,"[190.08, 52]","[186.93, 56]","[330.67, 48]","[346.08, 37]",260.37,193,140.59,0.12
07:36:38,"[188.0, 42]","[185.0, 56]","[252.21, 56]","[465.12, 24]",220.11,178,64.21,0.1
07:36:39,"[185.0, 51]","[183.0, 85]","[250.76, 68]","[313.42, 65]",217.88,269,65.76,0.01
07:36:40,"[186.37, 41]","[184.11, 37]","[198.7, 61]","[423.98, 64]",192.54,203,12.34,-0.23
07:36:41,"[186.92, 36]","[185.65, 17]","[194.0, 56]","[345.19, 59]",190.46,168,7.08,-0.37
07:36:42,"[186.62, 24]","[183.95, 22]","[192.5, 40]","[231.1, 40]",189.56,126,5.88,-0.27
07:36:43,"[184.0, 11]","[183.0, 55]","[190.09, 44]","[191.45, 44]",187.05,154,6.09,-0.14
07:36:44,"[185.29, 28]","[183.27, 41]","[188.41, 68]","[189.65, 68]",186.85,205,3.13,-0.33
07:36:45,"[183.51, 67]","[181.83, 36]","[188.57, 42]","[200.14, 42]",186.04,187,5.06,0.1
07:36:46,"[183.0, 65]","[180.0, 26]","[187.38, 26]","[189.0, 52]",185.19,169,4.38,0.08
07:36:47,"[183.0, 50]","[180.0, 20]","[186.0, 20]","[189.0, 40]",184.5,130,3.0,0.08
07:36:48,"[182.19, 52]","[179.85, 53]","[184.79, 29]","[188.98, 45]",183.49,179,2.6,0.17
07:36:49,"[180.0, 37]","[179.0, 44]","[182.57, 14]","[183.78, 41]",181.29,136,2.57,0.19
07:36:50,"[180.88, 17]","[179.08, 26]","[199.43, 7]","[285.71, 28]",190.16,78,18.55,0.1
07:36:51,"[183.68, 47]","[182.62, 47]","[272.11, 27]","[340.78, 27]",227.9,148,88.43,0.27
07:36:52,"[184.0, 45]","[183.0, 58]","[314.06, 17]","[385.43, 28]",249.03,148,130.06,0.39
07:36:53,"[184.0, 44]","[183.0, 60]","[325.8, 30]","[430.32, 34]",254.9,168,141.8,0.24
07:36:54,"[184.92, 24]","[183.61, 36]","[323.21, 48]","[359.15, 33]",254.06,141,138.29,-0.15
07:36:55,"[185.8, 20]","[184.0, 20]","[320.09, 32]","[321.1, 48]",252.95,120,134.29,-0.33
07:36:56,"[185.41, 17]","[183.15, 53]","[318.46, 39]","[320.0, 65]",251.94,174,133.05,-0.2
07:36:57,"[184.0, 31]","[183.0, 77]","[315.27, 33]","[316.27, 55]",249.64,196,131.27,0.1
07:36:58,"[184.06, 34]","[179.24, 54]","[311.42, 60]","[313.0, 12]",247.74,160,127.36,0.1
07:36:59,"[184.0, 50]","[183.0, 71]","[310.48, 44]","[310.95, 22]",247.24,187,126.48,0.29
07:37:00,"[183.06, 78]","[171.52, 161]","[298.44, 48]","[308.26, 50]",240.75,337,115.37,0.42
07:37:01,"[183.0, 60]","[167.3, 129]","[277.84, 31]","[282.51, 35]",230.42,255,94.84,0.48
07:37:02,"[183.0, 90]","[169.77, 182]","[269.77, 43]","[272.86, 44]",226.38,359,86.77,0.52
07:37:03,"[183.0, 140]","[149.26, 35]","[257.02, 44]","[258.93, 40]",220.01,259,74.02,0.35
07:37:04,"[183.0, 78]","[164.0, 18]","[234.94, 33]","[235.64, 22]",208.97,151,51.94,0.27
07:37:05,"[183.04, 121]","[168.79, 43]","[233.73, 44]","[234.95, 73]",208.38,281,50.69,0.17
07:37:06,"[184.0, 37]","[183.0, 72]","[230.47, 38]","[231.3, 40]",207.24,187,46.47,0.17
07:37:07,"[183.03, 70]","[165.64, 50]","[224.76, 50]","[226.89, 55]",203.89,225,41.73,0.07
07:37:08,"[183.0, 36]","[138.98, 130]","[210.78, 36]","[212.23, 47]",196.89,249,27.78,0.33
07:37:09,"[183.0, 30]","[134.59, 54]","[207.23, 26]","[207.65, 34]",195.12,144,24.23,0.17
07:37:10,"[183.13, 45]","[118.93, 84]","[202.7, 40]","[203.38, 48]",192.92,217,19.57,0.19
07:37:11,"[183.77, 22]","[173.47, 38]","[196.52, 48]","[197.26, 35]",190.15,143,12.75,-0.16
07:37:12,"[183.79, 14]","[182.0, 70]","[191.36, 47]","[192.32, 57]",187.57,188,7.58,-0.11
07:37:13,"[182.73, 44]","[174.88, 80]","[188.09, 22]","[189.85, 54]",185.41,200,5.36,0.24
07:37:14,"[182.59, 108]","[162.82, 119]","[185.34, 44]","[256.61, 28]",183.97,299,2.75,0.52
07:37:15,"[184.9, 60]","[182.0, 40]","[187.0, 20]","[402.16, 32]",185.95,152,2.1,0.32
07:37:16,"[185.0, 60]","[182.0, 52]","[186.33, 42]","[245.36, 45]",185.67,199,1.33,0.13
07:37:17,"[185.0, 23]","[182.0, 36]","[204.08, 24]","[257.84, 43]",194.54,126,19.08,-0.06
07:37:18,"[183.36, 11]","[180.8, 50]","[331.14, 44]","[465.56, 39]",257.25,144,147.77,-0.15
07:37:19,"[183.42, 38]","[181.05, 40]","[204.23, 13]","[243.18, 22]",193.83,113,20.81,0.38
07:37:20,"[184.79, 62]","[184.16, 77]","[189.0, 14]","[192.0, 28]",186.9,181,4.21,0.54
07:37:21,"[186.0, 8]","[184.2, 44]","[189.0, 8]","[192.0, 16]",187.5,76,3.0,0.37
07:37:22,"[186.0, 12]","[184.0, 84]","[187.33, 12]","[192.0, 24]",186.67,132,1.33,0.45
07:37:23,"[185.74, 38]","[183.91, 66]","[191.78, 23]","[364.29, 21]",188.76,148,6.05,0.41
07:37:24,"[184.33, 55]","[183.71, 49]","[191.15, 26]","[297.21, 29]",187.74,159,6.83,0.31
07:37:25,"[187.0, 8]","[184.0, 56]","[190.0, 30]","[233.22, 9]",188.5,103,3.0,0.24
07:37:26,"[187.0, 9]","[184.0, 63]","[189.0, 20]","[193.24, 17]",188.0,109,2.0,0.32
07:37:27,"[186.0, 21]","[183.99, 99]","[188.61, 33]","[199.51, 39]",187.3,192,2.61,0.25
07:37:28,"[184.0, 42]","[183.0, 6]","[192.0, 30]","[266.0, 6]",188.0,84,8.0,0.14
07:37:29,"[184.0, 81]","[183.0, 13]","[191.48, 21]","[208.54, 59]",187.74,174,7.48,0.08
07:37:30,"[184.0, 48]","[183.0, 8]","[189.88, 8]","[193.72, 32]",186.94,96,5.88,0.17
07:37:31,"[182.62, 29]","[178.8, 10]","[188.0, 8]","[191.68, 28]",185.31,75,5.38,0.04
07:37:32,"[182.2, 46]","[172.57, 14]","[186.36, 11]","[192.0, 55]",184.28,126,4.17,-0.05
07:37:33,"[183.19, 32]","[180.69, 26]","[191.65, 48]","[255.47, 32]",187.42,138,8.46,-0.16
07:37:34,"[186.0, 10]","[183.0, 30]","[190.3, 50]","[198.96, 46]",188.15,136,4.3,-0.41
07:37:35,"[186.0, 10]","[183.0, 30]","[189.7, 50]","[191.8, 50]",187.85,140,3.7,-0.43
07:37:36,"[186.11, 18]","[182.09, 148]","[189.5, 70]","[264.93, 58]",187.81,294,3.39,0.13
07:37:37,"[184.0, 8]","[182.0, 112]","[192.0, 40]","[364.57, 14]",188.0,174,8.0,0.38
07:37:38,"[180.66, 73]","[181.19, 62]","[191.16, 32]","[194.04, 46]",185.91,213,10.5,0.27
07:37:39,"[183.17, 140]","[182.03, 74]","[189.18, 51]","[193.0, 85]",186.17,350,6.01,0.22
07:37:40,"[185.17, 72]","[182.5, 112]","[192.0, 66]","[361.68, 22]",188.58,272,6.83,0.35
07:37:41,"[186.82, 22]","[185.0, 44]","[191.09, 55]","[199.45, 51]",188.95,172,4.27,-0.23
07:37:42,"[188.0, 24]","[185.0, 48]","[191.0, 60]","[194.0, 60]",189.5,192,3.0,-0.25
07:37:43,"[180.32, 71]","[168.63, 52]","[189.81, 80]","[193.88, 80]",185.07,283,9.49,-0.13
07:37:44,"[184.67, 49]","[181.57, 63]","[188.15, 65]","[194.06, 85]",186.41,262,3.48,-0.15
07:37:45,"[185.25, 20]","[181.0, 24]","[187.0, 14]","[195.0, 40]",186.12,98,1.75,-0.1
07:37:46,"[176.28, 25]","[156.75, 48]","[187.0, 36]","[195.0, 60]",181.64,169,10.72,-0.14
07:37:47,"[173.25, 32]","[148.0, 22]","[184.83, 24]","[193.5, 36]",179.04,114,11.58,-0.05
07:37:48,"[169.29, 14]","[137.0, 16]","[172.0, 20]","[180.4, 30]",170.64,80,2.71,-0.25
07:37:49,"[172.62, 40]","[169.24, 17]","[178.48, 29]","[181.96, 23]",175.55,109,5.86,0.05
07:37:50,"[177.04, 45]","[168.67, 49]","[184.05, 37]","[199.35, 46]",180.55,177,7.01,0.06
07:37:51,"[184.0, 9]","[182.0, 36]","[197.14, 28]","[306.91, 23]",190.57,96,13.14,-0.06
07:37:52,"[184.74, 19]","[181.4, 35]","[281.58, 19]","[567.0, 16]",233.16,89,96.84,0.21
07:37:53,"[177.27, 37]","[148.08, 12]","[365.6, 15]","[443.27, 11]",271.44,75,188.33,0.31
07:37:54,"[177.0, 45]","[134.46, 13]","[215.14, 14]","[304.46, 13]",196.07,85,38.14,0.36
07:37:55,"[184.02, 41]","[176.76, 46]","[206.0, 20]","[250.0, 15]",195.01,122,21.98,0.43
07:37:56,"[185.0, 32]","[182.0, 40]","[204.88, 16]","[244.25, 16]",194.94,104,19.88,0.38
07:37:57,"[185.55, 33]","[182.86, 42]","[202.19, 32]","[231.67, 18]",193.87,125,16.64,0.2
07:37:58,"[187.28, 29]","[185.35, 34]","[201.62, 26]","[202.29, 28]",194.45,117,14.34,0.08
07:37:59,"[188.0, 44]","[187.0, 33]","[198.43, 28]","[201.72, 43]",193.21,148,10.43,0.04
07:38:00,"[188.0, 48]","[187.0, 36]","[195.3, 46]","[196.29, 35]",191.65,165,7.3,0.02
07:38:01,"[188.0, 31]","[187.0, 30]","[191.0, 20]","[192.0, 40]",189.5,121,3.0,0.01
07:38:02,"[188.0, 24]","[187.0, 36]","[189.64, 44]","[190.56, 36]",188.82,140,1.64,-0.14
07:38:03,"[187.09, 23]","[184.53, 34]","[189.21, 28]","[189.86, 28]",188.15,113,2.13,0.01
07:38:04,"[183.39, 31]","[182.74, 61]","[185.93, 30]","[187.08, 48]",184.66,170,2.55,0.08
07:38:05,"[182.42, 38]","[163.67, 30]","[183.74, 38]","[253.83, 24]",183.08,130,1.32,0.05
07:38:06,"[167.0, 12]","[90.1, 21]","[224.4, 15]","[556.0, 6]",195.7,54,57.4,0.22
07:38:07,"[134.25, 24]","[29.71, 28]","[328.8, 20]","[329.67, 27]",231.53,99,194.55,0.05
07:38:08,"[124.0, 24]","[48.0, 20]","[252.33, 24]","[253.0, 20]",188.17,88,128.33,0.0
07:38:09,"[87.88, 32]","[70.74, 23]","[178.0, 30]","[179.25, 16]",132.94,101,90.12,0.09
07:38:10,"[112.33, 18]","[101.61, 33]","[175.83, 36]","[178.1, 20]",144.08,107,63.5,-0.05
07:38:11,"[106.6, 20]","[94.85, 26]","[174.0, 18]","[176.0, 12]",140.3,76,67.4,0.21
07:38:12,"[107.17, 18]","[85.29, 28]","[174.0, 18]","[176.0, 12]",140.58,76,66.83,0.21
07:38:13,"[108.11, 27]","[45.44, 45]","[174.0, 27]","[176.0, 18]",141.06,117,65.89,0.23
07:38:14,"[109.8, 15]","[87.48, 23]","[174.0, 21]","[176.0, 14]",141.9,73,64.2,0.04
07:38:15,"[126.32, 22]","[111.4, 20]","[174.0, 24]","[176.0, 16]",150.16,82,47.68,0.02
07:38:16,"[173.22, 36]","[147.22, 27]","[175.68, 19]","[176.89, 18]",174.45,100,2.46,0.26
07:38:17,"[175.0, 16]","[139.5, 12]","[176.0, 28]","[177.0, 16]",175.5,72,1.0,-0.22
07:38:18,"[175.0, 20]","[169.75, 28]","[176.0, 38]","[177.0, 20]",175.5,106,1.0,-0.09
07:38:19,"[175.0, 16]","[171.0, 56]","[176.82, 17]","[177.88, 16]",175.91,105,1.82,0.37
07:38:20,"[175.0, 20]","[171.0, 70]","[177.0, 20]","[178.0, 20]",176.0,130,2.0,0.38
07:38:21,"[175.0, 24]","[117.64, 78]","[181.79, 56]","[214.69, 42]",178.39,200,6.79,0.02
07:38:22,"[176.17, 12]","[85.4, 15]","[182.0, 15]","[207.48, 27]",179.08,69,5.83,-0.22
07:38:23,"[181.12, 50]","[143.56, 36]","[183.9, 60]","[451.33, 24]",182.51,170,2.78,0.01
07:38:24,"[182.0, 45]","[146.09, 90]","[183.93, 27]","[401.33, 12]",182.96,174,1.93,0.55
07:38:25,"[182.02, 128]","[132.78, 103]","[184.83, 36]","[221.5, 12]",183.42,279,2.82,0.66
07:38:26,"[184.0, 10]","[182.0, 41]","[185.0, 15]","[283.0, 5]",184.5,71,1.0,0.44
07:38:27,"[180.32, 63]","[144.08, 39]","[185.0, 8]","[248.0, 8]",182.66,118,4.68,0.73
07:38:28,"[183.0, 10]","[180.0, 24]","[185.0, 6]","[342.83, 6]",184.0,46,2.0,0.48
07:38:29,"[183.0, 7]","[180.0, 28]","[185.0, 7]","[476.57, 7]",184.0,49,2.0,0.43
07:38:30,"[181.23, 22]","[179.46, 56]","[185.0, 14]","[293.57, 23]",183.11,115,3.77,0.36
07:38:31,"[180.19, 16]","[178.6, 25]","[213.2, 10]","[230.0, 11]",196.69,62,33.01,0.32
07:38:32,"[180.94, 51]","[179.6, 15]","[220.0, 10]","[221.0, 10]",200.47,86,39.06,0.53
07:38:33,"[181.0, 120]","[180.0, 30]","[217.1, 20]","[333.76, 42]",199.05,212,36.1,0.42
07:38:34,"[181.0, 132]","[180.0, 33]","[213.64, 22]","[267.74, 31]",197.32,218,32.64,0.51
07:38:35,"[181.0, 108]","[180.0, 27]","[212.67, 18]","[214.33, 18]",196.83,171,31.67,0.58
07:38:36,"[181.94, 191]","[180.0, 51]","[211.18, 34]","[212.18, 34]",196.56,310,29.24,0.56
07:38:37,"[182.92, 142]","[180.27, 33]","[207.2, 20]","[209.73, 22]",195.06,217,24.28,0.61
07:38:38,"[184.22, 82]","[183.67, 72]","[207.05, 40]","[207.81, 37]",195.63,231,22.83,0.33
07:38:39,"[187.0, 9]","[184.0, 72]","[203.78, 18]","[204.89, 18]",195.39,117,16.78,0.38
07:38:40,"[187.0, 24]","[184.4, 98]","[201.0, 36]","[202.5, 36]",194.0,194,14.0,0.26
07:38:41,"[187.39, 72]","[186.0, 20]","[196.97, 35]","[197.76, 29]",192.18,156,9.58,0.18
07:38:42,"[188.0, 91]","[186.0, 26]","[193.75, 48]","[194.66, 50]",190.88,215,5.75,0.09
07:38:43,"[187.87, 61]","[185.29, 28]","[190.16, 45]","[191.37, 30]",189.01,164,2.29,0.09
07:38:44,"[185.03, 31]","[182.73, 109]","[187.08, 48]","[188.79, 29]",186.06,217,2.05,0.29
07:38:45,"[184.0, 38]","[182.0, 322]","[186.52, 44]","[219.49, 55]",185.26,459,2.52,0.57
07:38:46,"[184.0, 9]","[182.21, 87]","[188.09, 23]","[221.0, 30]",186.04,149,4.09,0.29
07:38:47,"[182.01, 208]","[181.5, 12]","[186.74, 23]","[188.6, 20]",184.37,263,4.73,0.67
07:38:48,"[182.0, 283]","[181.0, 13]","[196.44, 32]","[234.28, 36]",189.22,364,14.44,0.63
07:38:49,"[182.03, 135]","[181.91, 79]","[243.0, 43]","[675.13, 23]",212.51,280,60.97,0.53
07:38:50,"[183.86, 7]","[182.0, 126]","[453.97, 31]","[570.73, 11]",318.91,175,270.11,0.52
07:38:51,"[182.0, 85]","[181.0, 5]","[291.23, 22]","[364.47, 17]",236.61,129,109.23,0.4
07:38:52,"[182.19, 53]","[181.92, 37]","[191.0, 20]","[514.11, 9]",186.59,119,8.81,0.51
07:38:53,"[187.71, 14]","[182.64, 78]","[191.0, 56]","[504.0, 18]",189.36,166,3.29,0.11
07:38:54,"[188.0, 9]","[187.0, 9]","[190.62, 26]","[199.67, 24]",189.31,68,2.62,-0.47
07:38:55,"[187.73, 11]","[186.73, 11]","[189.11, 19]","[196.09, 44]",188.42,85,1.38,-0.48
07:38:56,"[187.0, 7]","[186.0, 7]","[195.0, 13]","[218.0, 22]",191.0,49,8.0,-0.43
07:38:57,"[187.0, 10]","[186.0, 10]","[199.0, 40]","[259.78, 18]",193.0,78,12.0,-0.49
07:38:58,"[188.06, 17]","[186.27, 11]","[199.0, 44]","[348.56, 18]",193.53,90,10.94,-0.38
07:38:59,"[189.0, 18]","[187.0, 6]","[198.89, 18]","[263.58, 12]",193.94,54,9.89,-0.11
07:39:00,"[189.0, 32]","[187.35, 17]","[196.71, 14]","[200.0, 56]",192.86,119,7.71,-0.18
07:39:01,"[189.81, 74]","[188.27, 30]","[195.94, 17]","[200.88, 68]",192.88,189,6.13,0.1
07:39:02,"[190.34, 32]","[187.0, 17]","[193.81, 21]","[200.91, 65]",192.08,135,3.47,-0.27
07:39:03,"[186.0, 14]","[182.05, 206]","[192.14, 22]","[199.0, 32]",189.07,274,6.14,0.61
07:39:04,"[185.0, 6]","[182.0, 102]","[190.5, 12]","[193.0, 22]",187.75,142,5.5,0.52
07:39:05,"[185.0, 12]","[182.0, 204]","[188.17, 24]","[193.0, 32]",186.58,272,3.17,0.59
07:39:06,"[182.14, 107]","[181.87, 91]","[186.9, 20]","[193.0, 31]",184.52,249,4.76,0.59
07:39:07,"[182.0, 102]","[180.0, 6]","[187.0, 12]","[197.0, 24]",184.5,144,5.0,0.5
07:39:08,"[182.15, 97]","[181.89, 90]","[186.3, 20]","[197.0, 40]",184.23,247,4.15,0.51
07:39:09,"[182.0, 180]","[180.0, 12]","[184.38, 26]","[223.0, 37]",183.19,255,2.38,0.51
07:39:10,"[182.0, 168]","[179.71, 14]","[188.0, 45]","[214.0, 47]",185.0,274,6.0,0.33
07:39:11,"[181.18, 33]","[134.5, 24]","[184.41, 37]","[187.95, 44]",182.79,138,3.22,-0.17
07:39:12,"[181.13, 55]","[179.84, 25]","[183.51, 49]","[186.33, 60]",182.32,189,2.38,-0.15
07:39:13,"[180.91, 43]","[168.73, 11]","[185.08, 52]","[196.85, 47]",182.99,153,4.17,-0.29
07:39:14,"[147.85, 26]","[139.36, 28]","[187.64, 44]","[195.7, 33]",167.74,131,39.79,-0.18
07:39:15,"[159.69, 32]","[156.43, 23]","[175.71, 17]","[177.5, 40]",167.7,112,16.02,-0.02
07:39:16,"[163.2, 20]","[160.4, 25]","[175.46, 13]","[177.03, 29]",169.33,87,12.26,0.03
07:39:17,"[174.16, 38]","[167.14, 37]","[180.63, 35]","[381.11, 47]",177.39,157,6.47,-0.04
07:39:18,"[179.77, 43]","[177.86, 42]","[183.0, 46]","[403.55, 38]",181.38,169,3.23,0.01
07:39:19,"[180.8, 20]","[175.75, 32]","[416.3, 10]","[680.43, 49]",298.55,111,235.5,-0.06
07:39:20,"[182.0, 16]","[181.0, 16]","[426.75, 8]","[650.73, 37]",304.38,77,244.75,-0.17
07:39:21,"[182.38, 16]","[179.69, 26]","[359.1, 10]","[466.45, 22]",270.74,74,176.73,0.14
07:39:22,"[188.59, 17]","[180.8, 10]","[534.0, 7]","[649.14, 21]",361.29,55,345.41,-0.02
07:39:23,"[189.0, 14]","[182.0, 7]","[457.61, 23]","[585.8, 15]",323.3,59,268.61,-0.29
07:39:24,"[189.0, 24]","[182.0, 12]","[377.56, 41]","[446.36, 33]",283.28,110,188.56,-0.35
07:39:25,"[182.54, 13]","[179.06, 49]","[197.35, 17]","[239.54, 41]",189.95,120,14.81,0.03
07:39:26,"[186.84, 31]","[181.14, 14]","[196.12, 16]","[250.52, 21]",191.48,82,9.29,0.1
07:39:27,"[187.0, 30]","[182.0, 10]","[193.53, 15]","[195.33, 15]",190.27,70,6.53,0.14
07:39:28,"[187.0, 27]","[182.96, 25]","[191.88, 16]","[193.0, 11]",189.44,79,4.88,0.32
07:39:29,"[185.68, 37]","[182.96, 27]","[188.24, 21]","[189.11, 18]",186.96,103,2.56,0.24
07:39:30,"[185.5, 36]","[184.5, 20]","[317.45, 22]","[452.88, 32]",251.48,110,131.95,0.02
07:39:31,"[187.86, 44]","[187.32, 44]","[450.33, 18]","[599.0, 24]",319.1,130,262.47,0.35
07:39:32,"[190.0, 33]","[188.39, 85]","[394.1, 21]","[644.14, 42]",292.05,181,204.1,0.3
07:39:33,"[191.38, 39]","[190.0, 39]","[442.69, 13]","[604.07, 30]",317.04,121,251.31,0.29
07:39:34,"[191.0, 24]","[189.0, 18]","[429.25, 24]","[551.22, 18]",310.12,84,238.25,0.0
07:39:35,"[183.97, 72]","[185.67, 9]","[466.0, 18]","[475.0, 9]",324.99,108,282.03,0.5
07:39:36,"[183.02, 92]","[182.26, 116]","[412.86, 28]","[467.29, 14]",297.94,250,229.84,0.66
07:39:37,"[183.04, 101]","[182.79, 38]","[372.2, 25]","[424.67, 30]",277.62,194,189.16,0.43
07:39:38,"[183.0, 96]","[182.0, 8]","[278.09, 34]","[378.76, 29]",230.54,167,95.09,0.25
07:39:39,"[183.0, 84]","[182.0, 7]","[222.57, 7]","[224.0, 35]",202.79,133,39.57,0.37
07:39:40,"[183.62, 34]","[183.0, 67]","[219.86, 14]","[231.52, 58]",201.74,173,36.24,0.17
07:39:41,"[185.2, 15]","[183.07, 45]","[217.38, 16]","[218.91, 11]",201.29,87,32.18,0.38
07:39:42,"[185.85, 39]","[183.36, 33]","[206.69, 26]","[211.19, 27]",196.27,125,20.85,0.15
07:39:43,"[183.93, 28]","[183.04, 45]","[194.23, 26]","[208.52, 33]",189.08,132,10.3,0.11
07:39:44,"[185.0, 22]","[183.0, 77]","[192.18, 22]","[193.45, 22]",188.59,143,7.18,0.38
07:39:45,"[185.0, 20]","[183.0, 70]","[190.1, 20]","[191.5, 20]",187.55,130,5.1,0.38
07:39:46,"[186.4, 30]","[183.33, 42]","[204.25, 24]","[316.3, 27]",195.32,123,17.85,0.17
07:39:47,"[187.0, 8]","[185.0, 8]","[270.29, 21]","[448.32, 25]",228.64,62,83.29,-0.48
07:39:48,"[187.3, 10]","[185.0, 10]","[224.75, 24]","[432.7, 40]",206.03,84,37.45,-0.52
07:39:49,"[189.0, 7]","[187.0, 7]","[479.69, 16]","[616.63, 19]",334.34,49,290.69,-0.43
07:39:50,"[190.58, 12]","[187.0, 12]","[364.86, 42]","[497.2, 30]",277.72,96,174.27,-0.5
07:39:51,"[182.0, 168]","[112.33, 36]","[324.18, 38]","[440.95, 44]",253.09,286,142.18,0.43
07:39:52,"[182.0, 135]","[141.91, 35]","[233.42, 36]","[251.19, 48]",207.71,254,51.42,0.34
07:39:53,"[182.25, 80]","[178.1, 61]","[230.22, 32]","[231.08, 39]",206.23,212,47.97,0.33
07:39:54,"[185.83, 24]","[184.0, 6]","[223.5, 18]","[229.2, 15]",204.67,63,37.67,-0.05
07:39:55,"[186.0, 52]","[184.0, 13]","[226.42, 43]","[227.1, 41]",206.21,149,40.42,-0.13
07:39:56,"[186.21, 38]","[185.5, 32]","[221.32, 37]","[222.34, 41]",203.77,148,35.11,-0.05
07:39:57,"[187.64, 11]","[185.83, 35]","[218.09, 22]","[221.0, 33]",202.86,101,30.45,-0.09
07:39:58,"[186.0, 11]","[185.0, 22]","[201.07, 27]","[207.85, 33]",193.54,93,15.07,-0.29
07:39:59,"[182.38, 50]","[157.9, 20]","[192.3, 20]","[194.0, 30]",187.34,120,9.92,0.17
07:40:00,"[182.0, 116]","[168.46, 39]","[190.62, 48]","[191.53, 38]",186.31,241,8.62,0.29
07:40:01,"[182.0, 36]","[176.0, 27]","[188.45, 20]","[189.55, 22]",185.22,105,6.45,0.2
07:40:02,"[182.0, 20]","[171.64, 11]","[186.6, 5]","[189.0, 10]",184.3,46,4.6,0.35
07:40:03,"[182.0, 36]","[170.0, 18]","[183.76, 17]","[186.6, 10]",182.88,81,1.76,0.33
07:40:04,"[182.0, 35]","[138.67, 18]","[183.0, 18]","[289.36, 11]",182.5,82,1.0,0.29
07:40:05,"[72.82, 17]","[51.08, 37]","[371.0, 16]","[398.71, 14]",221.91,84,298.18,0.29
07:40:06,"[156.1, 29]","[73.63, 59]","[271.24, 41]","[411.84, 38]",213.67,167,115.14,0.05
07:40:07,"[162.8, 35]","[88.76, 50]","[264.77, 39]","[342.4, 40]",213.78,164,101.97,0.04
07:40:08,"[167.0, 80]","[140.8, 30]","[177.68, 50]","[199.92, 52]",172.34,212,10.68,0.04
07:40:09,"[158.88, 41]","[102.64, 33]","[176.0, 14]","[178.0, 49]",167.44,137,17.12,0.08
07:40:10,"[102.76, 45]","[98.15, 52]","[176.0, 14]","[178.0, 56]",139.38,167,73.24,0.16
07:40:11,"[143.09, 45]","[119.49, 57]","[177.95, 41]","[179.7, 47]",160.52,190,34.86,0.07
07:40:12,"[166.4, 25]","[158.05, 38]","[178.0, 25]","[180.0, 25]",172.2,113,11.6,0.12
07:40:13,"[167.86, 35]","[154.0, 56]","[178.0, 35]","[180.0, 35]",172.93,161,10.14,0.13
07:40:14,"[169.71, 38]","[155.42, 53]","[178.62, 29]","[239.5, 32]",174.17,152,8.91,0.2
07:40:15,"[173.0, 16]","[169.0, 10]","[180.0, 6]","[289.0, 8]",176.5,40,7.0,0.3
07:40:16,"[177.57, 58]","[142.75, 80]","[225.0, 50]","[253.0, 32]",201.28,220,47.43,0.25
07:40:17,"[187.88, 17]","[185.0, 9]","[238.0, 20]","[291.0, 10]",212.94,56,50.12,-0.07
07:40:18,"[188.48, 58]","[187.62, 16]","[237.88, 32]","[418.4, 25]",213.18,131,49.39,0.13
07:40:19,"[190.19, 59]","[189.04, 98]","[236.4, 40]","[523.7, 23]",213.29,220,46.21,0.43
07:40:20,"[191.0, 30]","[190.0, 18]","[235.17, 24]","[493.14, 28]",213.08,100,44.17,-0.04
07:40:21,"[189.6, 35]","[188.98, 99]","[235.0, 32]","[566.54, 26]",212.3,192,45.4,0.4
07:40:22,"[189.0, 179]","[186.44, 85]","[233.23, 26]","[235.0, 52]",211.12,342,44.23,0.54
07:40:23,"[189.94, 35]","[188.73, 83]","[232.48, 29]","[234.65, 34]",211.21,181,42.54,0.3
07:40:24,"[191.1, 30]","[189.0, 80]","[219.8, 30]","[226.22, 36]",205.45,176,28.7,0.25
07:40:25,"[192.0, 36]","[189.0, 96]","[214.36, 44]","[216.29, 34]",203.18,210,22.36,0.26
07:40:26,"[190.6, 45]","[188.32, 97]","[208.39, 36]","[209.7, 40]",199.49,218,17.79,0.3
07:40:27,"[189.0, 62]","[187.0, 99]","[203.11, 18]","[206.0, 36]",196.06,215,14.11,0.5
07:40:28,"[189.0, 30]","[187.0, 55]","[199.29, 14]","[201.25, 16]",194.14,115,10.29,0.48
07:40:29,"[188.64, 61]","[186.93, 107]","[192.72, 36]","[194.53, 34]",190.68,238,4.08,0.41
07:40:30,"[187.0, 87]","[186.0, 72]","[189.92, 24]","[191.6, 30]",188.46,213,2.92,0.49
07:40:31,"[187.0, 57]","[186.0, 56]","[188.14, 28]","[249.25, 16]",187.57,157,1.14,0.44
07:40:32,"[187.0, 37]","[186.0, 56]","[188.0, 28]","[492.79, 33]",187.5,154,1.0,0.21
07:40:33,"[186.0, 52]","[185.0, 7]","[718.67, 27]","[720.57, 7]",452.33,93,532.67,0.27
07:40:34,"[186.0, 28]","[185.0, 4]","[682.0, 16]","[720.0, 3]",434.0,51,496.0,0.25
07:40:35,"[186.0, 42]","[185.0, 6]","[639.47, 15]","[698.71, 14]",412.73,77,453.47,0.25
07:40:36,"[186.0, 79]","[184.56, 27]","[476.76, 33]","[504.6, 40]",331.38,179,290.76,0.18
07:40:37,"[187.59, 22]","[187.76, 29]","[492.0, 20]","[601.0, 40]",339.8,111,304.41,-0.08
07:40:38,"[185.57, 14]","[184.18, 34]","[492.0, 14]","[667.86, 28]",338.79,90,306.43,0.07
07:40:39,"[185.38, 55]","[183.28, 58]","[295.55, 22]","[406.5, 36]",240.46,171,110.16,0.32
07:40:40,"[186.11, 45]","[184.86, 42]","[221.44, 18]","[568.56, 18]",203.78,123,35.33,0.41
07:40:41,"[186.43, 46]","[185.08, 78]","[223.5, 32]","[352.67, 30]",204.97,186,37.07,0.33
07:40:42,"[184.97, 31]","[182.59, 37]","[216.3, 20]","[316.5, 20]",200.63,108,31.33,0.26
07:40:43,"[185.0, 15]","[184.0, 12]","[201.54, 26]","[205.81, 32]",193.27,85,16.54,-0.36
07:40:44,"[186.36, 22]","[184.42, 12]","[198.85, 26]","[200.47, 34]",192.6,94,12.48,-0.28
07:40:45,"[186.94, 31]","[184.92, 13]","[194.18, 38]","[196.44, 27]",190.56,109,7.25,-0.19
07:40:46,"[186.25, 12]","[184.0, 12]","[191.96, 25]","[193.11, 35]",189.11,84,5.71,-0.43
07:40:47,"[186.18, 11]","[182.46, 35]","[188.59, 22]","[189.4, 30]",187.39,98,2.41,-0.06
07:40:48,"[183.65, 23]","[177.43, 49]","[186.97, 37]","[188.39, 23]",185.31,132,3.32,0.09
07:40:49,"[182.74, 97]","[164.05, 42]","[186.18, 33]","[189.0, 33]",184.46,205,3.44,0.36
07:40:50,"[184.0, 102]","[182.0, 54]","[185.0, 27]","[195.26, 23]",184.5,206,1.0,0.51
07:40:51,"[183.12, 49]","[181.06, 17]","[185.0, 30]","[256.2, 10]",184.06,106,1.88,0.25
07:40:52,"[184.0, 72]","[182.12, 32]","[185.0, 20]","[452.44, 16]",184.5,140,1.0,0.49
07:40:53,"[182.0, 98]","[177.62, 32]","[404.07, 41]","[639.97, 32]",293.04,203,222.07,0.28
07:40:54,"[183.55, 29]","[182.2, 61]","[266.3, 33]","[291.29, 35]",224.93,158,82.75,0.14
07:40:55,"[185.0, 12]","[184.0, 36]","[259.64, 22]","[262.83, 30]",222.32,100,74.64,-0.04
07:40:56,"[181.05, 66]","[176.56, 71]","[197.16, 57]","[204.88, 51]",189.1,245,16.11,0.12
07:40:57,"[176.0, 90]","[160.0, 11]","[193.38, 21]","[195.74, 39]",184.69,161,17.38,0.25
07:40:58,"[176.0, 82]","[157.24, 49]","[190.33, 27]","[192.0, 9]",183.17,167,14.33,0.57
07:40:59,"[176.0, 112]","[162.0, 126]","[187.97, 32]","[189.14, 22]",181.98,292,11.97,0.63
07:41:00,"[176.0, 96]","[159.0, 12]","[203.33, 21]","[203.42, 12]",189.67,141,27.33,0.53
07:41:01,"[182.11, 18]","[182.01, 67]","[327.07, 45]","[459.47, 19]",254.59,149,144.96,0.14
07:41:02,"[186.43, 40]","[183.56, 50]","[384.44, 25]","[507.58, 64]",285.43,179,198.01,0.01
07:41:03,"[186.0, 36]","[182.0, 36]","[411.18, 33]","[439.81, 27]",298.59,132,225.18,0.09
07:41:04,"[186.0, 39]","[182.0, 32]","[425.97, 31]","[556.84, 19]",305.98,121,239.97,0.17
07:41:05,"[186.0, 25]","[182.0, 20]","[290.0, 10]","[576.2, 10]",238.0,65,104.0,0.38
07:41:06,"[186.0, 69]","[182.0, 68]","[208.47, 34]","[331.52, 46]",197.24,217,22.47,0.26
07:41:07,"[186.0, 24]","[182.0, 44]","[203.15, 13]","[301.65, 31]",194.58,112,17.15,0.21
07:41:08,"[186.0, 18]","[183.4, 45]","[201.0, 9]","[347.97, 33]",193.5,105,15.0,0.2
07:41:09,"[184.67, 21]","[183.92, 53]","[305.72, 36]","[336.38, 32]",245.19,142,121.06,0.04
07:41:10,"[182.0, 63]","[176.0, 36]","[339.67, 24]","[419.98, 42]",260.83,165,157.67,0.2
07:41:11,"[182.19, 80]","[178.57, 63]","[326.47, 17]","[444.86, 56]",254.33,216,144.28,0.32
07:41:12,"[183.0, 60]","[182.0, 108]","[268.36, 14]","[346.84, 38]",225.68,220,85.36,0.53
07:41:13,"[183.33, 45]","[182.0, 81]","[372.78, 45]","[513.17, 23]",278.06,194,189.44,0.3
07:41:14,"[185.11, 19]","[182.0, 99]","[289.0, 55]","[461.91, 33]",237.05,206,103.89,0.15
07:41:15,"[186.74, 19]","[182.17, 47]","[288.69, 29]","[452.36, 42]",237.71,137,101.95,-0.04
07:41:16,"[187.0, 63]","[186.0, 9]","[286.33, 27]","[303.67, 45]",236.67,144,99.33,0.0
07:41:17,"[187.18, 51]","[186.78, 27]","[246.79, 28]","[331.85, 39]",216.98,145,59.61,0.08
07:41:18,"[187.64, 39]","[186.98, 86]","[227.21, 42]","[421.0, 70]",207.43,237,39.57,0.05
07:41:19,"[187.21, 70]","[186.79, 38]","[217.46, 39]","[318.08, 39]",202.34,186,30.25,0.16
07:41:20,"[189.1, 97]","[187.62, 63]","[196.25, 20]","[197.87, 45]",192.68,225,7.15,0.42
07:41:21,"[190.39, 46]","[189.41, 51]","[193.67, 18]","[194.48, 21]",192.03,136,3.28,0.43
07:41:22,"[190.33, 21]","[189.62, 53]","[193.15, 39]","[315.64, 42]",191.74,155,2.82,-0.05
07:41:23,"[188.64, 22]","[187.59, 58]","[191.88, 48]","[271.53, 53]",190.26,181,3.24,-0.12
07:41:24,"[187.0, 44]","[186.0, 12]","[188.89, 27]","[205.33, 36]",187.94,119,1.89,-0.06
07:41:25,"[186.2, 10]","[184.06, 33]","[187.55, 22]","[189.18, 22]",186.87,87,1.35,-0.01
07:41:26,"[185.02, 43]","[183.36, 33]","[187.39, 31]","[467.38, 53]",186.21,160,2.36,-0.05
07:41:27,"[184.1, 41]","[182.12, 41]","[186.67, 24]","[334.92, 52]",185.38,158,2.57,0.04
07:41:28,"[184.0, 38]","[182.0, 56]","[193.07, 30]","[221.64, 58]",188.53,182,9.07,0.03
07:41:29,"[184.91, 11]","[183.75, 32]","[238.85, 39]","[338.2, 40]",211.88,122,53.94,-0.3
07:41:30,"[184.33, 67]","[183.43, 84]","[275.19, 26]","[341.69, 29]",229.76,206,90.86,0.47
07:41:31,"[185.75, 60]","[184.0, 60]","[249.79, 33]","[358.56, 27]",217.77,180,64.04,0.33
07:41:32,"[188.53, 57]","[186.98, 60]","[256.17, 58]","[487.78, 23]",222.35,198,67.65,0.18
07:41:33,"[188.0, 46]","[186.74, 31]","[401.0, 22]","[531.0, 44]",294.5,143,213.0,0.08
07:41:34,"[184.0, 20]","[182.0, 24]","[343.6, 20]","[421.5, 24]",263.8,88,159.6,0.0
07:41:35,"[184.0, 24]","[182.0, 32]","[328.75, 32]","[387.15, 26]",256.38,114,144.75,-0.02
07:41:36,"[184.0, 42]","[182.0, 56]","[313.36, 44]","[352.15, 26]",248.68,168,129.36,0.17
07:41:37,"[184.0, 30]","[182.0, 40]","[299.3, 40]","[471.58, 19]",241.65,129,115.3,0.09
07:41:38,"[183.29, 28]","[181.9, 42]","[287.42, 38]","[376.5, 24]",235.35,132,104.14,0.06
07:41:39,"[183.0, 20]","[182.0, 40]","[288.05, 38]","[343.39, 18]",235.53,116,105.05,0.03
07:41:40,"[183.0, 12]","[182.0, 24]","[238.27, 22]","[252.33, 18]",210.64,76,55.27,-0.05
07:41:41,"[185.4, 10]","[182.8, 20]","[237.56, 36]","[239.0, 27]",211.48,93,52.16,-0.35
07:41:42,"[186.0, 15]","[183.0, 30]","[234.73, 60]","[236.07, 60]",210.37,165,48.73,-0.45
07:41:43,"[180.85, 34]","[178.68, 25]","[233.0, 56]","[234.0, 56]",206.93,171,52.15,-0.31
07:41:44,"[179.67, 21]","[178.18, 11]","[232.2, 40]","[234.0, 40]",205.93,112,52.53,-0.43
07:41:45,"[180.0, 22]","[178.0, 11]","[203.98, 41]","[211.0, 35]",191.99,109,23.98,-0.39
07:41:46,"[180.0, 12]","[178.0, 6]","[189.67, 24]","[192.0, 24]",184.83,66,9.67,-0.45
07:41:47,"[183.26, 57]","[183.6, 35]","[208.89, 38]","[241.56, 36]",196.08,166,25.63,0.11
07:41:48,"[188.78, 18]","[186.0, 27]","[517.67, 36]","[561.26, 27]",353.22,108,328.89,-0.17
07:41:49,"[189.2, 20]","[186.23, 26]","[293.44, 27]","[439.0, 36]",241.32,109,104.24,-0.16
07:41:50,"[190.0, 44]","[189.0, 22]","[290.3, 40]","[292.35, 37]",240.15,143,100.3,-0.08
07:41:51,"[190.0, 52]","[189.0, 26]","[285.68, 56]","[287.71, 35]",237.84,169,95.68,-0.08
07:41:52,"[190.51, 41]","[189.74, 38]","[278.98, 51]","[282.85, 33]",234.75,163,88.47,-0.03
07:41:53,"[191.0, 48]","[190.0, 64]","[239.66, 47]","[250.34, 65]",215.33,224,48.66,0.0
07:41:54,"[190.38, 16]","[189.44, 18]","[235.86, 35]","[236.71, 17]",213.12,86,45.48,-0.21
07:41:55,"[189.15, 26]","[186.91, 33]","[233.03, 38]","[234.88, 56]",211.09,153,43.87,-0.23
07:41:56,"[186.27, 89]","[184.53, 49]","[231.08, 65]","[231.66, 41]",208.67,244,44.81,0.13
07:41:57,"[186.0, 108]","[179.6, 15]","[227.0, 60]","[228.5, 60]",206.5,243,41.0,0.01
07:41:58,"[186.0, 45]","[181.0, 8]","[226.0, 25]","[228.0, 25]",206.0,103,40.0,0.03
07:41:59,"[186.0, 105]","[182.04, 26]","[224.1, 48]","[225.47, 51]",205.05,230,38.1,0.14
07:42:00,"[186.0, 116]","[183.0, 54]","[220.56, 90]","[222.28, 90]",203.28,350,34.56,-0.03
07:42:01,"[186.0, 69]","[183.0, 33]","[217.19, 43]","[218.59, 34]",201.59,179,31.19,0.14
07:42:02,"[186.0, 92]","[183.0, 36]","[214.56, 39]","[215.52, 54]",200.28,221,28.56,0.16
07:42:03,"[186.0, 38]","[183.62, 26]","[209.97, 35]","[210.47, 38]",197.99,137,23.97,-0.07
07:42:04,"[186.0, 33]","[185.0, 22]","[205.36, 22]","[206.73, 22]",195.68,99,19.36,0.11
07:42:05,"[186.2, 56]","[185.09, 33]","[200.62, 56]","[201.38, 50]",193.41,195,14.43,-0.09
07:42:06,"[187.0, 151]","[186.0, 29]","[192.5, 50]","[193.1, 41]",189.75,271,5.5,0.33
07:42:07,"[187.66, 71]","[186.9, 20]","[190.0, 22]","[191.59, 34]",188.83,147,2.34,0.24
07:42:08,"[188.8, 30]","[187.0, 20]","[190.0, 20]","[192.0, 50]",189.4,120,1.2,-0.17
07:42:09,"[186.09, 11]","[184.33, 18]","[191.0, 35]","[423.66, 32]",188.55,96,4.91,-0.4
07:42:10,"[182.0, 13]","[181.0, 48]","[189.62, 40]","[276.5, 40]",185.81,141,7.62,-0.13
07:42:11,"[184.35, 17]","[181.05, 44]","[204.11, 45]","[346.82, 44]",194.23,150,19.76,-0.19
07:42:12,"[184.64, 39]","[180.88, 65]","[338.35, 49]","[466.13, 47]",261.49,200,153.71,0.04
07:42:13,"[186.28, 57]","[184.42, 79]","[326.77, 35]","[338.1, 29]",256.53,200,140.49,0.36
07:42:14,"[188.0, 26]","[186.0, 117]","[333.41, 37]","[336.43, 35]",260.7,215,145.41,0.33
07:42:15,"[188.0, 22]","[186.0, 99]","[293.48, 21]","[309.67, 27]",240.74,169,105.48,0.43
07:42:16,"[188.0, 24]","[186.0, 108]","[261.35, 20]","[291.18, 28]",224.68,180,73.35,0.47
07:42:17,"[186.13, 60]","[181.65, 138]","[257.43, 14]","[258.96, 26]",221.78,238,71.3,0.66
07:42:18,"[186.05, 59]","[181.74, 141]","[222.12, 33]","[225.14, 21]",204.09,254,36.07,0.57
07:42:19,"[186.1, 40]","[182.43, 105]","[187.96, 23]","[283.4, 20]",187.03,188,1.86,0.54
07:42:20,"[186.0, 49]","[182.74, 114]","[187.05, 40]","[298.13, 30]",186.53,233,1.05,0.4
07:42:21,"[183.0, 99]","[181.0, 173]","[185.6, 20]","[332.41, 17]",184.3,309,2.6,0.76
07:42:22,"[183.07, 60]","[181.15, 165]","[184.82, 22]","[262.71, 14]",183.94,261,1.75,0.72
07:42:23,"[181.26, 91]","[180.47, 62]","[183.88, 16]","[335.0, 26]",182.57,195,2.61,0.57
07:42:24,"[181.0, 98]","[178.0, 24]","[405.12, 25]","[495.45, 31]",293.06,178,224.12,0.37
07:42:25,"[181.15, 39]","[180.87, 69]","[538.76, 34]","[724.09, 43]",359.96,185,357.61,0.17
07:42:26,"[182.0, 14]","[181.0, 154]","[261.4, 58]","[388.94, 54]",221.7,280,79.4,0.2
07:42:27,"[183.06, 69]","[181.89, 158]","[191.57, 47]","[223.2, 30]",187.32,304,8.52,0.49
07:42:28,"[183.0, 23]","[180.98, 136]","[190.05, 56]","[191.0, 45]",186.53,260,7.05,0.22
07:42:29,"[181.0, 121]","[178.0, 12]","[187.33, 24]","[189.0, 60]",184.17,217,6.33,0.23
07:42:30,"[181.57, 70]","[180.36, 33]","[186.36, 55]","[188.56, 64]",183.97,222,4.79,-0.07
07:42:31,"[181.0, 91]","[177.92, 12]","[184.42, 60]","[185.33, 54]",182.71,217,3.42,-0.05
07:42:32,"[181.0, 126]","[176.78, 9]","[182.11, 45]","[419.85, 33]",181.56,213,1.11,0.27
07:42:33,"[181.0, 39]","[175.0, 13]","[182.0, 61]","[367.67, 54]",181.5,167,1.0,-0.38
07:42:34,"[181.0, 36]","[175.0, 12]","[182.0, 36]","[300.38, 52]",181.5,136,1.0,-0.29
07:42:35,"[181.0, 28]","[175.0, 11]","[198.28, 43]","[242.0, 50]",189.64,132,17.28,-0.41
07:42:36,"[181.0, 8]","[175.0, 8]","[210.0, 40]","[400.71, 28]",195.5,84,29.0,-0.62
07:42:37,"[184.65, 26]","[179.5, 22]","[276.23, 43]","[401.45, 31]",230.44,122,91.58,-0.21
07:42:38,"[182.11, 36]","[181.64, 14]","[541.57, 14]","[634.0, 18]",361.84,82,359.46,0.22
07:42:39,"[179.38, 34]","[169.57, 21]","[455.71, 28]","[529.39, 23]",317.55,106,276.33,0.04
07:42:40,"[173.55, 33]","[165.64, 25]","[321.57, 14]","[511.26, 19]",247.56,91,148.03,0.27
07:42:41,"[180.89, 35]","[175.81, 43]","[271.46, 37]","[485.57, 23]",226.17,138,90.57,0.13
07:42:42,"[187.21, 14]","[186.09, 33]","[323.83, 41]","[350.55, 33]",255.52,121,136.61,-0.22
07:42:43,"[188.62, 16]","[186.08, 26]","[342.0, 30]","[357.0, 20]",265.31,92,153.38,-0.09
07:42:44,"[187.39, 23]","[185.71, 17]","[387.44, 27]","[449.27, 30]",287.42,97,200.05,-0.18
07:42:45,"[186.0, 27]","[185.0, 9]","[289.55, 42]","[589.9, 21]",237.77,99,103.55,-0.27
07:42:46,"[186.0, 24]","[185.0, 8]","[302.21, 33]","[492.2, 25]",244.11,90,116.21,-0.29
07:42:47,"[181.04, 107]","[179.0, 60]","[282.67, 48]","[285.0, 60]",231.85,275,101.63,0.21
07:42:48,"[187.17, 12]","[181.42, 38]","[280.5, 40]","[315.4, 50]",233.83,140,93.33,-0.29
07:42:49,"[188.0, 8]","[183.0, 29]","[278.62, 32]","[510.41, 34]",233.31,103,90.62,-0.28
07:42:50,"[182.44, 39]","[181.44, 41]","[237.09, 44]","[477.56, 36]",209.76,160,54.66,0.0
07:42:51,"[181.0, 187]","[177.0, 33]","[320.59, 37]","[616.85, 26]",250.8,283,139.59,0.55
07:42:52,"[181.65, 71]","[180.45, 53]","[328.27, 33]","[329.27, 33]",254.96,190,146.62,0.31
07:42:53,"[185.98, 56]","[183.92, 24]","[290.21, 42]","[328.5, 36]",238.1,158,104.23,0.01
07:42:54,"[187.0, 58]","[183.0, 12]","[222.33, 36]","[248.23, 52]",204.67,158,35.33,-0.11
07:42:55,"[186.9, 42]","[184.38, 16]","[221.0, 42]","[269.0, 42]",203.95,142,34.1,-0.18
07:42:56,"[186.32, 50]","[185.73, 33]","[219.0, 45]","[262.53, 45]",202.66,173,32.68,-0.04
07:42:57,"[186.0, 20]","[185.0, 5]","[217.0, 15]","[219.0, 15]",201.5,55,31.0,-0.09
07:42:58,"[186.0, 28]","[185.0, 7]","[214.86, 21]","[217.29, 21]",200.43,77,28.86,-0.09
07:42:59,"[186.0, 44]","[185.0, 11]","[212.21, 39]","[213.86, 35]",199.1,129,26.21,-0.15
07:43:00,"[186.0, 41]","[185.0, 11]","[202.41, 34]","[210.2, 30]",194.21,116,16.41,-0.1
07:43:01,"[186.0, 36]","[185.0, 12]","[201.7, 50]","[206.57, 46]",193.85,144,15.7,-0.33
07:43:02,"[186.08, 39]","[184.45, 29]","[199.2, 45]","[200.96, 55]",192.64,168,13.12,-0.19
07:43:03,"[183.36, 56]","[182.21, 163]","[195.92, 36]","[197.0, 39]",189.64,294,12.56,0.49
07:43:04,"[184.46, 52]","[183.0, 143]","[194.18, 33]","[195.35, 34]",189.32,262,9.72,0.49
07:43:05,"[185.0, 48]","[183.0, 96]","[191.42, 36]","[192.42, 36]",188.21,216,6.42,0.33
07:43:06,"[185.0, 52]","[183.0, 112]","[187.69, 39]","[188.86, 42]",186.35,245,2.69,0.34
07:43:07,"[183.0, 102]","[181.0, 208]","[186.67, 15]","[198.67, 61]",184.83,386,3.67,0.61
07:43:08,"[183.0, 47]","[181.0, 80]","[185.6, 5]","[200.0, 25]",184.3,157,2.6,0.62
07:43:09,"[183.0, 56]","[181.0, 122]","[266.12, 16]","[357.86, 28]",224.56,222,83.12,0.6
07:43:10,"[183.84, 57]","[181.55, 101]","[380.81, 42]","[498.97, 37]",282.33,237,196.97,0.33
07:43:11,"[185.0, 28]","[183.82, 22]","[415.29, 21]","[431.18, 22]",300.14,93,230.29,0.08
07:43:12,"[186.38, 42]","[184.67, 30]","[413.18, 33]","[465.0, 22]",299.78,127,226.8,0.13
07:43:13,"[187.0, 40]","[186.0, 20]","[252.27, 33]","[306.88, 34]",219.64,127,65.27,-0.06
07:43:14,"[186.0, 8]","[184.0, 24]","[225.0, 24]","[437.7, 20]",205.5,76,39.0,-0.16
07:43:15,"[182.39, 44]","[181.65, 74]","[224.38, 24]","[536.57, 14]",203.38,156,41.99,0.51
07:43:16,"[182.1, 40]","[181.44, 91]","[224.0, 24]","[289.0, 20]",203.05,175,41.9,0.5
07:43:17,"[182.0, 39]","[181.0, 98]","[204.53, 19]","[223.5, 20]",193.26,176,22.53,0.56
07:43:18,"[182.0, 50]","[181.0, 133]","[191.84, 19]","[193.18, 17]",186.92,219,9.84,0.67
07:43:19,"[182.0, 45]","[181.0, 161]","[189.44, 18]","[191.0, 9]",185.72,233,7.44,0.77
07:43:20,"[181.32, 124]","[180.75, 192]","[188.32, 31]","[189.53, 19]",184.82,366,7.0,0.73
07:43:21,"[181.0, 126]","[179.0, 36]","[186.44, 16]","[188.1, 10]",183.72,188,5.44,0.72
07:43:22,"[181.73, 137]","[180.91, 129]","[185.19, 26]","[204.79, 33]",183.46,325,3.46,0.64
07:43:23,"[184.62, 13]","[183.0, 78]","[187.54, 26]","[262.0, 26]",186.08,143,2.92,0.27
07:43:24,"[183.0, 27]","[182.0, 9]","[186.0, 18]","[269.33, 18]",184.5,72,3.0,0.0
07:43:25,"[184.56, 27]","[181.22, 27]","[226.62, 16]","[476.57, 14]",205.59,84,42.07,0.29
07:43:26,"[181.87, 78]","[179.12, 112]","[468.83, 12]","[556.0, 19]",325.35,221,286.96,0.72
07:43:27,"[183.0, 88]","[181.0, 77]","[289.22, 36]","[387.16, 38]",236.11,239,106.22,0.38
07:43:28,"[184.55, 110]","[182.09, 110]","[277.07, 27]","[335.92, 39]",230.81,286,92.53,0.54
07:43:29,"[186.8, 90]","[185.29, 84]","[241.53, 17]","[256.19, 27]",214.16,218,54.73,0.6
07:43:30,"[187.0, 72]","[186.0, 54]","[250.33, 9]","[263.65, 17]",218.67,152,63.33,0.66
07:43:31,"[188.43, 112]","[186.05, 76]","[246.67, 15]","[249.86, 14]",217.55,217,58.24,0.73
07:43:32,"[189.94, 64]","[186.0, 60]","[247.8, 10]","[250.0, 10]",218.87,144,57.86,0.72
07:43:33,"[191.0, 78]","[186.0, 78]","[244.08, 13]","[247.15, 13]",217.54,182,53.08,0.71
07:43:34,"[191.0, 48]","[189.11, 27]","[240.55, 11]","[242.25, 8]",215.77,94,49.55,0.6
07:43:35,"[191.0, 72]","[190.0, 36]","[237.1, 42]","[237.56, 18]",214.05,168,46.1,0.29
07:43:36,"[191.0, 102]","[190.0, 51]","[228.76, 25]","[233.25, 32]",209.88,210,37.76,0.46
07:43:37,"[190.47, 74]","[186.75, 96]","[209.13, 23]","[213.0, 22]",199.8,215,18.66,0.58
07:43:38,"[190.0, 48]","[186.0, 96]","[204.82, 34]","[205.25, 40]",197.41,218,14.82,0.32
07:43:39,"[190.0, 36]","[186.0, 72]","[203.0, 12]","[204.0, 12]",196.5,132,13.0,0.64
07:43:40,"[190.0, 32]","[186.0, 54]","[200.33, 9]","[201.89, 9]",195.17,104,10.33,0.65
07:43:41,"[190.0, 38]","[186.0, 66]","[195.95, 20]","[196.23, 26]",192.97,150,5.95,0.39
07:43:42,"[182.71, 115]","[181.92, 159]","[190.73, 26]","[191.38, 26]",186.72,326,8.02,0.68
07:43:43,"[182.09, 23]","[181.03, 68]","[186.87, 15]","[188.36, 36]",184.48,142,4.78,0.28
07:43:44,"[181.25, 40]","[180.03, 78]","[184.27, 11]","[187.0, 44]",182.76,173,3.02,0.36
07:43:45,"[181.09, 65]","[180.12, 68]","[182.93, 14]","[186.51, 41]",182.01,188,1.84,0.41
07:43:46,"[181.11, 28]","[180.12, 34]","[183.0, 7]","[187.0, 28]",182.05,97,1.89,0.28
07:43:47,"[181.0, 49]","[178.3, 37]","[182.06, 32]","[391.94, 17]",181.53,135,1.06,0.27
07:43:48,"[181.0, 8]","[177.0, 12]","[182.25, 4]","[627.0, 16]",181.62,40,1.25,0.0
07:43:49,"[183.0, 18]","[177.67, 18]","[418.46, 24]","[536.13, 30]",300.73,90,235.46,-0.2
07:43:50,"[177.16, 25]","[176.03, 91]","[386.94, 31]","[498.93, 30]",282.05,177,209.78,0.31
07:43:51,"[178.51, 35]","[176.22, 67]","[363.23, 31]","[493.25, 32]",270.87,165,184.71,0.24
07:43:52,"[181.65, 60]","[180.77, 92]","[309.41, 34]","[450.94, 34]",245.53,220,127.76,0.38
07:43:53,"[182.0, 24]","[181.0, 88]","[413.25, 16]","[560.94, 31]",297.62,159,231.25,0.41
07:43:54,"[183.07, 30]","[181.67, 67]","[411.12, 34]","[543.0, 51]",297.09,182,228.05,0.07
07:43:55,"[183.45, 11]","[181.31, 48]","[192.0, 24]","[410.0, 16]",187.73,99,8.55,0.19
07:43:56,"[182.0, 16]","[181.0, 88]","[189.68, 22]","[191.22, 23]",185.84,149,7.68,0.4
07:43:57,"[181.08, 72]","[165.02, 66]","[186.96, 28]","[188.71, 21]",184.02,187,5.88,0.48
07:43:58,"[180.65, 155]","[138.29, 90]","[184.82, 33]","[187.09, 47]",182.73,325,4.17,0.51
07:43:59,"[182.0, 40]","[180.0, 110]","[184.0, 12]","[187.0, 30]",183.0,192,2.0,0.56
07:44:00,"[182.0, 36]","[178.89, 99]","[183.29, 17]","[186.37, 19]",182.65,171,1.29,0.58
07:44:01,"[182.0, 84]","[171.73, 103]","[183.0, 39]","[221.89, 19]",182.5,245,1.0,0.53
07:44:02,"[181.78, 41]","[168.63, 41]","[302.64, 42]","[507.85, 48]",242.21,172,120.86,-0.05
07:44:03,"[181.0, 6]","[179.9, 31]","[299.0, 24]","[535.67, 24]",240.0,85,118.0,-0.13
07:44:04,"[181.0, 54]","[180.0, 27]","[430.73, 33]","[562.33, 36]",305.86,150,249.73,0.08
07:44:05,"[181.0, 31]","[180.0, 21]","[300.59, 17]","[473.62, 26]",240.79,95,119.59,0.09
07:44:06,"[187.0, 48]","[180.17, 18]","[389.0, 16]","[534.45, 29]",288.0,111,202.0,0.19
07:44:07,"[187.0, 55]","[180.53, 45]","[389.0, 22]","[613.0, 44]",288.0,166,202.0,0.2
07:44:08,"[187.0, 55]","[182.41, 34]","[401.73, 22]","[613.0, 44]",294.36,155,214.73,0.15
07:44:09,"[187.86, 28]","[185.8, 20]","[520.6, 20]","[616.86, 28]",354.23,96,332.74,0.0
07:44:10,"[189.0, 15]","[187.0, 15]","[566.33, 12]","[616.0, 18]",377.67,60,377.33,0.0
07:44:11,"[189.0, 21]","[187.0, 21]","[441.25, 16]","[617.46, 26]",315.12,84,252.25,0.0
07:44:12,"[189.0, 33]","[187.0, 33]","[519.1, 40]","[508.82, 22]",354.05,128,330.1,0.03
07:44:13,"[189.0, 15]","[187.0, 15]","[408.91, 23]","[419.5, 16]",298.96,69,219.91,-0.13
07:44:14,"[188.0, 12]","[184.72, 25]","[406.62, 40]","[421.5, 24]",297.31,101,218.62,-0.27
07:44:15,"[187.0, 9]","[184.0, 81]","[385.31, 39]","[410.64, 33]",286.15,162,198.31,0.11
07:44:16,"[186.54, 13]","[184.15, 78]","[351.11, 38]","[368.6, 30]",268.82,159,164.57,0.14
07:44:17,"[183.17, 65]","[183.22, 46]","[335.78, 58]","[366.5, 38]",259.47,207,152.61,0.07
07:44:18,"[182.21, 87]","[181.87, 159]","[324.05, 37]","[349.14, 35]",253.13,318,141.85,0.55
07:44:19,"[184.08, 48]","[182.64, 107]","[237.57, 28]","[295.09, 22]",210.83,205,53.49,0.51
07:44:20,"[182.36, 83]","[181.95, 116]","[232.38, 16]","[238.1, 20]",207.37,235,50.01,0.69
07:44:21,"[182.01, 300]","[181.23, 94]","[227.46, 26]","[231.96, 56]",204.74,476,45.45,0.66
07:44:22,"[182.46, 114]","[181.86, 57]","[196.06, 35]","[204.94, 33]",189.26,239,13.6,0.43
07:44:23,"[184.0, 85]","[183.0, 130]","[193.0, 27]","[194.33, 58]",188.5,300,9.0,0.43
07:44:24,"[184.67, 45]","[183.26, 125]","[188.37, 59]","[188.61, 61]",186.52,290,3.71,0.17
07:44:25,"[182.19, 162]","[181.6, 105]","[192.84, 43]","[225.25, 16]",187.51,326,10.65,0.64
07:44:26,"[183.61, 218]","[181.69, 153]","[299.98, 40]","[479.82, 34]",241.79,445,116.37,0.67
07:44:27,"[189.03, 65]","[182.34, 208]","[312.0, 24]","[458.75, 16]",250.52,313,122.97,0.74
07:44:28,"[189.0, 48]","[182.02, 291]","[255.79, 14]","[283.55, 31]",222.39,384,66.79,0.77
07:44:29,"[189.0, 48]","[184.5, 12]","[252.89, 18]","[270.0, 18]",220.94,96,63.89,0.25
07:44:30,"[190.31, 13]","[188.92, 37]","[250.79, 14]","[252.38, 16]",220.55,80,60.48,0.25
07:44:31,"[191.0, 9]","[189.0, 36]","[249.0, 9]","[250.0, 18]",220.0,72,58.0,0.25
07:44:32,"[187.93, 15]","[185.64, 11]","[248.47, 15]","[249.78, 18]",218.2,59,60.53,-0.12
07:44:33,"[186.96, 28]","[185.69, 13]","[248.0, 20]","[249.0, 10]",217.48,71,61.04,0.15
07:44:34,"[184.92, 26]","[182.34, 143]","[246.5, 16]","[248.08, 26]",215.71,211,61.58,0.6
07:44:35,"[186.15, 13]","[184.0, 13]","[243.92, 24]","[246.52, 21]",215.04,71,57.76,-0.27
07:44:36,"[187.0, 13]","[184.0, 13]","[242.58, 43]","[243.25, 32]",214.79,101,55.58,-0.49
07:44:37,"[188.43, 14]","[184.0, 14]","[235.71, 28]","[239.67, 21]",212.07,77,47.29,-0.27
07:44:38,"[189.0, 10]","[184.0, 10]","[233.67, 12]","[235.11, 18]",211.33,50,44.67,-0.2
07:44:39,"[189.0, 13]","[184.0, 13]","[229.17, 36]","[230.48, 42]",209.08,104,40.17,-0.5
07:44:40,"[189.79, 14]","[184.0, 14]","[224.57, 28]","[228.41, 44]",207.18,100,34.79,-0.44
07:44:41,"[190.0, 9]","[184.0, 9]","[219.47, 30]","[220.0, 22]",204.73,70,29.47,-0.49
07:44:42,"[182.4, 139]","[181.43, 49]","[209.33, 21]","[215.79, 19]",195.87,228,26.93,0.65
07:44:43,"[182.0, 364]","[181.0, 119]","[184.91, 22]","[189.4, 30]",183.45,535,2.91,0.81
07:44:44,"[182.01, 303]","[181.16, 125]","[184.04, 50]","[230.83, 29]",183.02,507,2.03,0.69
07:44:45,"[182.03, 235]","[181.24, 119]","[360.65, 48]","[468.06, 32]",271.34,434,178.62,0.63
07:44:46,"[182.69, 78]","[181.94, 153]","[387.0, 7]","[475.0, 14]",284.85,252,204.31,0.83
07:44:47,"[185.14, 28]","[182.13, 276]","[303.97, 38]","[445.76, 29]",244.56,371,118.83,0.64
07:44:48,"[186.83, 12]","[182.0, 144]","[341.8, 15]","[635.4, 15]",264.32,186,154.97,0.68
07:44:49,"[187.82, 22]","[182.0, 264]","[235.53, 19]","[275.7, 46]",211.67,351,47.71,0.63
07:44:50,"[188.0, 22]","[182.0, 246]","[224.91, 11]","[228.0, 55]",206.45,334,36.91,0.6
07:44:51,"[186.16, 38]","[181.98, 245]","[224.0, 12]","[248.83, 48]",205.08,343,37.84,0.65
07:44:52,"[182.43, 130]","[181.81, 155]","[224.0, 12]","[463.83, 48]",203.22,345,41.57,0.65
07:44:53,"[185.51, 41]","[183.53, 55]","[223.82, 11]","[361.57, 46]",204.67,153,38.31,0.25
07:44:54,"[187.6, 40]","[185.0, 20]","[223.0, 10]","[297.83, 47]",205.3,117,35.4,0.03
07:44:55,"[190.0, 52]","[185.0, 29]","[222.54, 13]","[315.43, 56]",206.27,150,32.54,0.08
07:44:56,"[188.3, 37]","[185.09, 33]","[221.45, 11]","[386.06, 34]",204.88,115,33.16,0.22
07:44:57,"[185.36, 33]","[182.26, 138]","[220.5, 12]","[324.48, 46]",202.93,229,35.14,0.49
07:44:58,"[184.0, 32]","[182.0, 200]","[219.4, 10]","[418.86, 44]",201.7,286,35.4,0.62
07:44:59,"[184.33, 30]","[182.11, 148]","[217.44, 9]","[448.88, 41]",200.89,228,33.11,0.56
07:45:00,"[185.4, 25]","[182.38, 148]","[519.66, 58]","[702.44, 57]",352.53,288,334.26,0.2
07:45:01,"[185.37, 27]","[182.86, 36]","[289.76, 25]","[295.07, 28]",237.57,116,104.39,0.09
07:45:02,"[184.93, 45]","[182.33, 129]","[255.78, 36]","[288.24, 17]",220.36,227,70.84,0.53
07:45:03,"[182.04, 138]","[164.71, 24]","[285.17, 12]","[286.22, 18]",233.61,192,103.12,0.69
07:45:04,"[182.0, 180]","[170.19, 32]","[254.45, 33]","[277.81, 31]",218.23,276,72.45,0.54
07:45:05,"[182.0, 228]","[158.71, 42]","[264.33, 42]","[274.73, 44]",223.17,356,82.33,0.52
07:45:06,"[182.0, 172]","[168.54, 26]","[225.33, 36]","[235.0, 45]",203.67,279,43.33,0.42
07:45:07,"[182.29, 58]","[179.88, 34]","[221.36, 14]","[224.83, 48]",201.83,154,39.06,0.19
07:45:08,"[184.0, 13]","[182.0, 37]","[218.09, 44]","[221.0, 11]",201.05,105,34.09,-0.05
07:45:09,"[184.0, 11]","[182.0, 36]","[189.49, 39]","[202.06, 35]",186.74,121,5.49,-0.22
07:45:10,"[182.15, 26]","[134.89, 54]","[183.92, 13]","[185.4, 15]",183.04,108,1.77,0.48
07:45:11,"[159.48, 33]","[137.27, 33]","[180.61, 31]","[211.5, 16]",170.05,113,21.13,0.17
07:45:12,"[135.68, 25]","[129.18, 51]","[181.67, 15]","[276.7, 37]",158.67,128,45.99,0.19
07:45:13,"[157.34, 35]","[105.89, 27]","[176.55, 20]","[239.76, 34]",166.95,116,19.21,0.07
07:45:14,"[153.47, 30]","[107.69, 26]","[175.88, 17]","[179.3, 10]",164.67,83,22.42,0.35
07:45:15,"[155.0, 48]","[124.5, 18]","[177.5, 12]","[269.76, 34]",166.25,112,22.5,0.18
07:45:16,"[161.0, 33]","[135.26, 23]","[181.0, 7]","[437.45, 29]",171.0,92,20.0,0.22
07:45:17,"[164.57, 67]","[128.82, 17]","[181.0, 12]","[474.0, 24]",172.78,120,16.43,0.4
07:45:18,"[168.84, 38]","[109.3, 40]","[177.5, 24]","[335.87, 15]",173.17,117,8.66,0.33
07:45:19,"[145.52, 29]","[107.04, 68]","[177.12, 34]","[202.08, 12]",161.32,143,31.6,0.36
07:45:20,"[143.65, 43]","[122.23, 65]","[181.0, 11]","[434.0, 11]",162.33,130,37.35,0.66
07:45:21,"[160.02, 59]","[159.0, 31]","[248.8, 10]","[427.4, 10]",204.41,110,88.78,0.64
07:45:22,"[168.67, 12]","[160.03, 65]","[434.85, 13]","[639.8, 20]",301.76,110,266.18,0.4
07:45:23,"[184.84, 67]","[183.33, 24]","[382.11, 38]","[576.06, 36]",283.47,165,197.27,0.1
07:45:24,"[185.8, 25]","[184.71, 28]","[231.11, 63]","[288.75, 48]",208.46,164,45.31,-0.35
07:45:25,"[186.27, 66]","[183.8, 80]","[223.43, 47]","[238.69, 61]",204.85,254,37.15,0.15
07:45:26,"[185.75, 48]","[184.0, 48]","[222.25, 24]","[224.0, 40]",204.0,160,36.5,0.2
07:45:27,"[187.7, 60]","[184.0, 60]","[220.8, 30]","[248.89, 45]",204.25,195,33.1,0.23
07:45:28,"[188.0, 72]","[184.0, 79]","[219.67, 36]","[394.44, 54]",203.83,241,31.67,0.25
07:45:29,"[189.94, 108]","[184.0, 126]","[218.22, 54]","[432.96, 77]",204.08,365,28.28,0.28
07:45:30,"[192.0, 66]","[184.0, 77]","[214.7, 30]","[245.73, 26]",203.35,199,22.7,0.44
07:45:31,"[192.0, 42]","[184.0, 49]","[213.0, 21]","[214.0, 28]",202.5,140,21.0,0.3
07:45:32,"[191.05, 42]","[183.63, 60]","[211.77, 26]","[212.73, 30]",201.41,158,20.72,0.29
07:45:33,"[184.0, 60]","[182.0, 132]","[208.07, 29]","[209.89, 38]",196.03,259,24.07,0.48
07:45:34,"[184.0, 46]","[182.0, 121]","[205.34, 29]","[206.36, 36]",194.67,232,21.34,0.44
07:45:35,"[185.16, 25]","[183.41, 70]","[200.06, 52]","[201.0, 46]",192.61,193,14.9,-0.02
07:45:36,"[188.6, 15]","[187.0, 30]","[194.81, 48]","[196.26, 42]",191.71,135,6.21,-0.33
07:45:37,"[185.78, 18]","[184.0, 38]","[190.23, 35]","[191.14, 42]",188.0,133,4.45,-0.16
07:45:38,"[183.0, 16]","[182.0, 56]","[188.56, 25]","[190.71, 31]",185.78,128,5.56,0.12
07:45:39,"[182.46, 39]","[178.59, 70]","[185.22, 36]","[186.3, 40]",183.84,185,2.76,0.18
07:45:40,"[182.0, 36]","[95.05, 58]","[183.57, 14]","[353.69, 16]",182.79,124,1.57,0.52
07:45:41,"[182.98, 53]","[177.88, 16]","[466.11, 27]","[650.44, 36]",324.55,132,283.13,0.05
07:45:42,"[161.13, 46]","[101.0, 32]","[219.36, 33]","[527.88, 16]",190.25,127,58.23,0.23
07:45:43,"[119.63, 41]","[69.31, 80]","[266.0, 20]","[267.1, 21]",192.82,162,146.37,0.49
07:45:44,"[103.56, 45]","[45.59, 81]","[213.45, 22]","[246.44, 18]",158.51,166,109.9,0.52
07:45:45,"[142.75, 132]","[53.52, 46]","[171.0, 36]","[180.0, 24]",156.88,238,28.25,0.5
07:45:46,"[67.24, 59]","[89.61, 94]","[171.0, 36]","[177.6, 20]",119.12,209,103.76,0.46
07:45:47,"[139.31, 13]","[123.24, 25]","[171.0, 18]","[175.0, 6]",155.15,62,31.69,0.23
07:45:48,"[151.13, 23]","[145.3, 20]","[171.0, 21]","[175.0, 7]",161.07,71,19.87,0.21
07:45:49,"[151.63, 43]","[87.73, 26]","[173.11, 19]","[175.6, 10]",162.37,98,21.48,0.41
07:45:50,"[153.5, 10]","[150.54, 65]","[177.2, 20]","[179.44, 18]",165.35,113,23.7,0.33
07:45:51,"[155.64, 22]","[152.29, 14]","[188.19, 52]","[225.24, 33]",171.91,121,32.56,-0.4
07:45:52,"[158.86, 44]","[155.04, 26]","[179.0, 52]","[195.0, 65]",168.93,187,20.14,-0.25
07:45:53,"[159.0, 8]","[158.0, 8]","[179.0, 16]","[206.43, 14]",169.0,46,20.0,-0.3
07:45:54,"[167.4, 48]","[166.13, 67]","[193.7, 33]","[267.38, 16]",180.55,164,26.3,0.4
07:45:55,"[176.0, 9]","[170.23, 13]","[207.88, 16]","[243.44, 32]",191.94,70,31.88,-0.37
07:45:56,"[184.9, 20]","[183.95, 19]","[235.58, 38]","[304.75, 32]",210.24,109,50.68,-0.28
07:45:57,"[185.0, 22]","[184.0, 22]","[214.18, 55]","[249.57, 46]",199.59,145,29.18,-0.39
07:45:58,"[187.07, 14]","[185.41, 17]","[210.92, 60]","[212.0, 60]",198.99,151,23.85,-0.59
07:45:59,"[190.15, 13]","[187.79, 14]","[209.62, 65]","[225.09, 33]",199.88,125,19.46,-0.57
07:46:00,"[185.68, 44]","[184.29, 17]","[208.33, 54]","[241.68, 38]",197.01,153,22.65,-0.2
07:46:01,"[186.45, 67]","[185.16, 19]","[205.27, 44]","[209.0, 55]",195.86,185,18.82,-0.07
07:46:02,"[188.0, 50]","[185.85, 13]","[202.76, 55]","[204.98, 57]",195.38,175,14.76,-0.28
07:46:03,"[187.0, 14]","[184.83, 12]","[200.0, 40]","[201.75, 40]",193.5,106,13.0,-0.51
07:46:04,"[182.55, 51]","[181.22, 100]","[196.01, 67]","[197.74, 69]",189.28,287,13.47,0.05
07:46:05,"[184.79, 70]","[182.75, 56]","[194.27, 66]","[217.8, 50]",189.53,242,9.49,0.04
07:46:06,"[186.03, 144]","[184.71, 90]","[191.52, 73]","[195.72, 72]",188.78,379,5.49,0.23
07:46:07,"[186.25, 99]","[185.33, 60]","[187.9, 61]","[191.05, 62]",187.08,282,1.65,0.13
07:46:08,"[184.29, 35]","[182.34, 58]","[243.88, 32]","[318.32, 31]",214.08,156,59.59,0.19
07:46:09,"[183.67, 36]","[182.5, 48]","[343.26, 19]","[346.89, 18]",263.46,121,159.6,0.39
07:46:10,"[184.0, 32]","[183.0, 32]","[326.17, 18]","[327.55, 11]",255.08,93,142.17,0.38
07:46:11,"[184.8, 40]","[183.0, 40]","[325.07, 28]","[326.0, 12]",254.94,120,140.27,0.33
07:46:12,"[185.49, 55]","[183.6, 40]","[321.25, 12]","[322.07, 28]",253.37,135,135.76,0.41
07:46:13,"[186.82, 99]","[185.0, 44]","[319.93, 29]","[320.6, 15]",253.37,187,133.11,0.53
07:46:14,"[187.0, 113]","[185.0, 56]","[300.67, 21]","[309.06, 31]",243.83,221,113.67,0.53
07:46:15,"[187.67, 72]","[185.0, 48]","[281.92, 24]","[295.15, 26]",234.79,170,94.25,0.41
07:46:16,"[188.0, 87]","[185.0, 44]","[203.71, 21]","[242.18, 33]",195.86,185,15.71,0.42
07:46:17,"[188.71, 14]","[186.94, 34]","[202.35, 17]","[203.67, 27]",195.53,92,13.64,0.04
07:46:18,"[189.0, 10]","[187.0, 30]","[199.25, 16]","[201.0, 24]",194.12,80,10.25,0.0
07:46:19,"[189.0, 13]","[187.0, 39]","[197.13, 15]","[198.95, 37]",193.07,104,8.13,0.0
07:46:20,"[187.11, 35]","[185.24, 50]","[194.92, 13]","[196.0, 57]",191.02,155,7.81,0.1
07:46:21,"[187.0, 31]","[185.0, 52]","[193.09, 23]","[195.66, 29]",190.04,135,6.09,0.23
07:46:22,"[187.0, 8]","[185.0, 32]","[192.0, 24]","[194.0, 8]",189.5,72,5.0,0.11
07:46:23,"[185.12, 33]","[183.25, 64]","[192.0, 30]","[194.0, 10]",188.56,137,6.88,0.42
07:46:24,"[185.89, 27]","[184.67, 43]","[192.0, 39]","[194.0, 13]",188.94,122,6.11,0.15
07:46:25,"[185.0, 36]","[183.0, 63]","[191.9, 30]","[193.0, 18]",188.45,147,6.9,0.35
07:46:26,"[185.0, 27]","[183.0, 36]","[188.46, 13]","[190.7, 23]",186.73,99,3.46,0.27
07:46:27,"[183.75, 32]","[182.44, 36]","[186.0, 27]","[187.0, 9]",184.88,104,2.25,0.31
07:46:28,"[182.58, 48]","[181.65, 43]","[184.33, 36]","[185.5, 32]",183.46,159,1.75,0.14
07:46:29,"[181.55, 47]","[180.19, 129]","[182.94, 32]","[192.57, 63]",182.25,271,1.38,0.3
07:46:30,"[184.3, 50]","[181.21, 78]","[195.95, 42]","[376.19, 21]",190.13,191,11.65,0.34
07:46:31,"[187.43, 35]","[186.0, 28]","[194.0, 14]","[196.0, 35]",190.71,112,6.57,0.12
07:46:32,"[188.07, 70]","[186.18, 57]","[193.14, 28]","[199.38, 64]",190.61,219,5.07,0.16
07:46:33,"[189.33, 45]","[188.0, 45]","[192.0, 18]","[303.33, 24]",190.67,132,2.67,0.36
07:46:34,"[190.0, 50]","[188.0, 50]","[191.31, 26]","[219.4, 20]",190.65,146,1.31,0.37
07:46:35,"[189.2, 50]","[187.27, 55]","[212.55, 31]","[317.0, 21]",200.87,157,23.35,0.34
07:46:36,"[189.0, 45]","[186.2, 30]","[332.67, 18]","[454.67, 12]",260.83,105,143.67,0.43
07:46:37,"[188.58, 19]","[186.43, 14]","[296.29, 7]","[330.4, 10]",242.43,50,107.71,0.32
07:46:38,"[187.0, 16]","[186.0, 32]","[348.62, 16]","[429.0, 11]",267.81,75,161.62,0.28
07:46:39,"[187.19, 16]","[186.12, 32]","[197.0, 18]","[351.15, 13]",192.09,79,9.81,0.22
07:46:40,"[186.0, 28]","[185.0, 14]","[202.45, 11]","[328.8, 10]",194.23,63,16.45,0.33
07:46:41,"[186.0, 16]","[185.0, 8]","[307.33, 6]","[449.33, 6]",246.67,36,121.33,0.33
07:46:42,"[185.97, 80]","[184.91, 23]","[239.26, 34]","[325.65, 23]",212.62,160,53.29,0.29
07:46:43,"[186.0, 18]","[184.85, 26]","[219.0, 21]","[623.0, 14]",202.5,79,33.0,0.11
07:46:44,"[186.0, 22]","[185.0, 81]","[219.0, 27]","[493.24, 21]",202.5,151,33.0,0.36
07:46:45,"[185.0, 54]","[181.17, 60]","[216.96, 26]","[292.0, 16]",200.98,156,31.96,0.46
07:46:46,"[185.0, 63]","[183.0, 35]","[212.71, 35]","[218.0, 21]",198.86,154,27.71,0.27
07:46:47,"[185.0, 45]","[183.0, 25]","[209.42, 19]","[211.71, 21]",197.21,110,24.42,0.27
07:46:48,"[186.12, 34]","[185.12, 51]","[207.14, 14]","[207.73, 22]",196.63,121,21.03,0.4
07:46:49,"[189.69, 52]","[187.76, 68]","[205.1, 30]","[206.5, 18]",197.4,168,15.41,0.43
07:46:50,"[191.0, 36]","[190.0, 54]","[202.38, 29]","[203.84, 19]",196.69,138,11.38,0.3
07:46:51,"[190.32, 62]","[189.68, 44]","[199.03, 58]","[199.95, 42]",194.68,206,8.71,0.03
07:46:52,"[190.0, 42]","[189.0, 24]","[194.91, 56]","[195.88, 42]",192.46,164,4.91,-0.2
07:46:53,"[189.82, 11]","[188.8, 20]","[191.7, 46]","[193.67, 43]",190.76,120,1.88,-0.48
07:46:54,"[188.33, 12]","[185.62, 26]","[190.22, 18]","[191.46, 26]",189.28,82,1.89,-0.07
07:46:55,"[185.47, 47]","[184.73, 74]","[188.12, 34]","[189.67, 18]",186.79,173,2.65,0.4
07:46:56,"[185.0, 79]","[184.0, 75]","[186.18, 44]","[188.18, 17]",185.59,215,1.18,0.43
07:46:57,"[184.17, 48]","[181.35, 127]","[186.0, 22]","[353.79, 42]",185.08,239,1.83,0.46
07:46:58,"[184.0, 55]","[181.0, 154]","[319.24, 17]","[500.92, 49]",251.62,275,135.24,0.52
07:46:59,"[184.0, 40]","[181.0, 112]","[359.12, 8]","[502.4, 25]",271.56,185,175.12,0.64
07:47:00,"[184.0, 40]","[181.0, 112]","[309.56, 9]","[431.76, 21]",246.78,182,125.56,0.67
07:47:01,"[184.0, 30]","[181.0, 84]","[295.0, 6]","[473.67, 12]",239.5,132,111.0,0.73
07:47:02,"[181.4, 80]","[164.02, 50]","[294.2, 15]","[306.33, 12]",237.8,157,112.8,0.66
07:47:03,"[184.33, 63]","[180.78, 130]","[293.1, 21]","[293.89, 18]",238.71,232,108.76,0.66
07:47:04,"[187.0, 11]","[185.0, 82]","[289.75, 16]","[290.76, 17]",238.38,126,102.75,0.48
07:47:05,"[186.27, 11]","[184.51, 74]","[265.18, 17]","[272.22, 18]",225.72,120,78.9,0.42
07:47:06,"[185.0, 14]","[183.0, 63]","[262.17, 12]","[263.55, 11]",223.58,100,77.17,0.54
07:47:07,"[183.1, 42]","[181.2, 89]","[262.0, 12]","[263.0, 6]",222.55,149,78.9,0.76
07:47:08,"[183.0, 43]","[181.0, 122]","[253.06, 17]","[261.81, 16]",218.03,198,70.06,0.67
07:47:09,"[183.0, 33]","[181.0, 176]","[258.33, 12]","[264.86, 21]",220.67,242,75.33,0.73
07:47:10,"[183.0, 18]","[181.0, 96]","[234.0, 6]","[281.67, 9]",208.5,129,51.0,0.77
07:47:11,"[184.12, 43]","[181.15, 156]","[206.92, 13]","[226.08, 13]",195.52,225,22.81,0.77
07:47:12,"[186.22, 36]","[183.75, 32]","[203.36, 25]","[258.8, 10]",194.79,103,17.14,0.32
07:47:13,"[186.12, 34]","[184.52, 25]","[202.9, 40]","[204.0, 10]",194.51,109,16.78,0.08
07:47:14,"[185.48, 46]","[182.22, 59]","[199.46, 26]","[201.84, 44]",192.47,175,13.98,0.2
07:47:15,"[183.0, 14]","[181.0, 112]","[197.14, 28]","[199.0, 7]",190.07,161,14.14,0.57
07:47:16,"[183.88, 16]","[181.93, 30]","[196.0, 32]","[199.0, 8]",189.94,86,12.12,0.07
07:47:17,"[182.46, 26]","[180.95, 74]","[194.1, 31]","[195.63, 19]",188.28,150,11.64,0.33
07:47:18,"[181.67, 36]","[180.8, 120]","[192.73, 60]","[195.0, 15]",187.2,231,11.07,0.35
07:47:19,"[183.0, 15]","[181.0, 120]","[190.57, 51]","[192.5, 24]",186.78,210,7.57,0.29
07:47:20,"[181.11, 38]","[180.23, 70]","[187.59, 37]","[188.4, 20]",184.35,165,6.49,0.31
07:47:21,"[181.29, 31]","[180.3, 69]","[184.78, 36]","[186.51, 37]",183.03,173,3.49,0.16
07:47:22,"[181.0, 111]","[179.07, 81]","[183.78, 23]","[184.6, 15]",182.39,230,2.78,0.67
07:47:23,"[181.19, 43]","[179.82, 61]","[183.68, 19]","[302.07, 28]",182.44,151,2.5,0.38
07:47:24,"[181.0, 41]","[179.0, 72]","[182.87, 30]","[238.4, 15]",181.93,158,1.87,0.43
07:47:25,"[179.0, 78]","[146.45, 58]","[180.92, 26]","[197.0, 23]",179.96,185,1.92,0.47
07:47:26,"[147.43, 70]","[114.11, 72]","[178.35, 17]","[179.3, 20]",162.89,179,30.92,0.59
07:47:27,"[174.0, 26]","[69.19, 94]","[225.0, 24]","[204.06, 17]",199.5,161,51.0,0.49
07:47:28,"[177.71, 14]","[132.62, 16]","[372.0, 24]","[404.38, 8]",274.86,62,194.29,-0.03
07:47:29,"[185.24, 21]","[183.0, 10]","[372.0, 30]","[503.0, 10]",278.62,71,186.76,-0.13
07:47:30,"[186.0, 20]","[183.0, 10]","[318.21, 19]","[379.19, 26]",252.11,75,132.21,-0.2
07:47:31,"[147.91, 22]","[130.56, 9]","[271.92, 13]","[363.76, 17]",209.92,61,124.01,0.02
07:47:32,"[105.12, 17]","[77.26, 38]","[181.0, 11]","[299.5, 24]",143.06,90,75.88,0.22
07:47:33,"[145.4, 20]","[133.54, 48]","[334.87, 31]","[371.65, 23]",240.14,122,189.47,0.11
07:47:34,"[170.0, 12]","[152.43, 56]","[406.71, 17]","[514.62, 13]",288.35,98,236.71,0.39
07:47:35,"[151.32, 124]","[124.97, 58]","[446.85, 34]","[425.85, 33]",299.09,249,295.53,0.46
07:47:36,"[152.14, 28]","[131.53, 19]","[178.37, 19]","[283.62, 16]",165.26,82,26.23,0.15
07:47:37,"[153.0, 32]","[112.13, 46]","[176.0, 16]","[179.0, 40]",164.5,134,23.0,0.16
07:47:38,"[155.25, 64]","[124.34, 68]","[176.0, 16]","[179.0, 40]",165.62,188,20.75,0.4
07:47:39,"[170.35, 57]","[155.61, 92]","[176.0, 26]","[178.38, 65]",173.18,240,5.65,0.24
07:47:40,"[171.09, 45]","[164.36, 28]","[176.0, 20]","[177.0, 68]",173.54,161,4.91,-0.09
07:47:41,"[171.64, 154]","[168.2, 97]","[176.0, 19]","[177.0, 77]",173.82,347,4.36,0.45
07:47:42,"[172.0, 140]","[169.79, 99]","[173.95, 22]","[176.97, 59]",172.98,320,1.95,0.49
07:47:43,"[172.0, 140]","[167.65, 62]","[173.0, 27]","[177.0, 65]",172.5,294,1.0,0.37
07:47:44,"[172.42, 166]","[162.84, 38]","[379.68, 19]","[304.02, 45]",276.05,268,207.27,0.52
07:47:45,"[186.79, 66]","[176.05, 55]","[211.62, 29]","[344.45, 22]",199.2,172,24.83,0.41
07:47:46,"[188.0, 104]","[186.0, 16]","[209.0, 18]","[339.47, 17]",198.5,155,21.0,0.55
07:47:47,"[188.18, 143]","[186.0, 22]","[203.86, 29]","[274.08, 13]",196.02,207,15.68,0.59
07:47:48,"[189.92, 169]","[188.73, 66]","[202.0, 39]","[315.92, 24]",195.96,298,12.08,0.58
07:47:49,"[190.0, 130]","[189.0, 60]","[258.19, 16]","[458.54, 26]",224.09,232,68.19,0.64
07:47:50,"[190.0, 91]","[189.0, 48]","[206.25, 20]","[456.57, 14]",198.12,173,16.25,0.61
07:47:51,"[190.0, 42]","[189.0, 42]","[205.71, 35]","[207.0, 7]",197.86,126,15.71,0.33
07:47:52,"[190.0, 18]","[189.0, 24]","[204.75, 20]","[207.0, 4]",197.38,66,14.75,0.27
07:47:53,"[190.0, 30]","[189.0, 60]","[204.0, 50]","[294.0, 11]",197.0,151,14.0,0.19
07:47:54,"[191.0, 45]","[190.0, 27]","[203.78, 45]","[400.0, 12]",197.39,129,12.78,0.12
07:47:55,"[191.0, 45]","[189.47, 45]","[203.0, 55]","[370.31, 45]",197.0,190,12.0,-0.05
07:47:56,"[191.0, 40]","[189.33, 36]","[203.0, 50]","[509.65, 20]",197.0,146,12.0,0.04
07:47:57,"[191.0, 44]","[190.0, 22]","[203.0, 55]","[454.46, 39]",197.0,160,12.0,-0.17
07:47:58,"[190.59, 34]","[188.74, 62]","[200.85, 52]","[233.36, 55]",195.72,203,10.26,-0.05
07:47:59,"[189.0, 16]","[187.0, 56]","[196.68, 37]","[197.84, 19]",192.84,128,7.68,0.12
07:48:00,"[189.0, 20]","[186.84, 50]","[193.7, 50]","[196.0, 20]",191.35,140,4.7,0.0
07:48:01,"[188.67, 18]","[185.94, 17]","[191.87, 30]","[192.97, 33]",190.27,98,3.2,-0.29
07:48:02,"[186.0, 12]","[185.0, 11]","[188.14, 28]","[189.08, 49]",187.07,100,2.14,-0.54
07:48:03,"[184.04, 112]","[183.84, 67]","[186.04, 52]","[196.38, 32]",185.04,263,2.0,0.36
07:48:04,"[184.0, 56]","[183.0, 9]","[185.75, 16]","[310.0, 12]",184.88,93,1.75,0.4
07:48:05,"[184.0, 40]","[183.0, 8]","[185.0, 14]","[390.25, 8]",184.5,70,1.0,0.37
07:48:06,"[184.0, 26]","[183.0, 8]","[185.0, 8]","[352.6, 10]",184.5,52,1.0,0.31
07:48:07,"[184.0, 12]","[183.0, 7]","[298.64, 11]","[459.5, 8]",241.32,38,114.64,0.0
07:48:08,"[181.79, 28]","[181.18, 34]","[516.2, 15]","[755.0, 7]",348.99,84,334.41,0.48
07:48:09,"[182.88, 40]","[181.0, 80]","[351.8, 10]","[612.4, 10]",267.34,140,168.93,0.71
07:48:10,"[183.0, 24]","[181.0, 100]","[349.62, 8]","[424.0, 24]",266.31,156,166.62,0.59
07:48:11,"[183.69, 39]","[181.0, 221]","[255.29, 21]","[424.48, 31]",219.49,312,71.59,0.67
07:48:12,"[185.0, 27]","[181.0, 153]","[348.11, 9]","[439.0, 27]",266.56,216,163.11,0.67
07:48:13,"[185.0, 27]","[181.0, 153]","[312.67, 9]","[402.6, 15]",248.83,204,127.67,0.76
07:48:14,"[185.0, 34]","[181.19, 109]","[293.92, 13]","[334.08, 13]",239.46,169,108.92,0.69
07:48:15,"[183.7, 151]","[180.77, 173]","[291.43, 21]","[292.05, 21]",237.56,366,107.73,0.77
07:48:16,"[186.19, 129]","[182.37, 164]","[256.33, 12]","[270.08, 36]",221.26,341,70.15,0.72
07:48:17,"[187.0, 88]","[186.0, 165]","[235.57, 23]","[246.03, 35]",211.28,311,48.57,0.63
07:48:18,"[187.35, 136]","[186.0, 300]","[226.11, 44]","[228.41, 22]",206.73,502,38.76,0.74
07:48:19,"[188.65, 52]","[186.0, 165]","[223.16, 19]","[223.9, 31]",205.91,267,34.5,0.63
07:48:20,"[189.73, 44]","[186.0, 165]","[217.09, 33]","[218.13, 23]",203.41,265,27.36,0.58
07:48:21,"[191.0, 56]","[186.3, 150]","[212.03, 40]","[212.75, 44]",201.51,290,21.03,0.42
07:48:22,"[190.56, 36]","[186.57, 111]","[207.37, 57]","[209.51, 37]",198.96,241,16.81,0.22
07:48:23,"[187.55, 31]","[185.98, 243]","[202.14, 43]","[203.21, 39]",194.84,356,14.59,0.54
07:48:24,"[186.0, 150]","[184.0, 30]","[198.12, 34]","[199.8, 30]",192.06,244,12.12,0.48
07:48:25,"[186.0, 135]","[184.0, 27]","[196.22, 45]","[198.0, 27]",191.11,234,10.22,0.38
07:48:26,"[186.0, 140]","[184.0, 33]","[195.03, 35]","[195.78, 49]",190.51,257,9.03,0.35
07:48:27,"[186.0, 154]","[184.0, 42]","[189.11, 46]","[190.7, 40]",187.55,282,3.11,0.39
07:48:28,"[186.0, 79]","[184.0, 42]","[197.16, 56]","[232.47, 49]",191.58,226,11.16,0.07
07:48:29,"[181.92, 51]","[181.21, 105]","[218.0, 13]","[245.62, 52]",199.96,221,36.08,0.41
07:48:30,"[181.4, 50]","[180.76, 126]","[189.53, 15]","[193.47, 30]",185.47,221,8.13,0.59
07:48:31,"[182.0, 50]","[181.0, 99]","[188.44, 9]","[192.61, 18]",185.22,176,6.44,0.69
07:48:32,"[182.0, 50]","[181.0, 55]","[187.0, 5]","[188.0, 5]",184.5,115,5.0,0.83
07:48:33,"[182.0, 66]","[181.0, 121]","[186.0, 11]","[187.0, 11]",184.0,209,4.0,0.79
07:48:34,"[182.01, 79]","[181.03, 148]","[184.71, 14]","[215.17, 23]",183.36,264,2.7,0.72
07:48:35,"[184.11, 18]","[182.16, 56]","[322.38, 53]","[413.21, 56]",253.24,183,138.27,-0.19
07:48:36,"[186.7, 47]","[184.6, 20]","[223.0, 40]","[584.2, 40]",204.85,147,36.3,-0.09
07:48:37,"[188.56, 106]","[186.81, 48]","[278.75, 48]","[384.67, 48]",233.65,250,90.19,0.23
07:48:38,"[189.21, 106]","[186.38, 16]","[252.78, 36]","[413.89, 36]",220.99,194,63.57,0.26
07:48:39,"[190.13, 89]","[189.9, 73]","[384.38, 52]","[506.38, 52]",287.26,266,194.25,0.22
07:48:40,"[190.0, 90]","[189.0, 9]","[436.44, 36]","[532.0, 36]",313.22,171,246.44,0.16
07:48:41,"[190.0, 93]","[189.0, 12]","[338.83, 24]","[442.58, 48]",264.42,177,148.83,0.19
07:48:42,"[190.0, 55]","[189.0, 10]","[242.6, 10]","[483.3, 40]",216.3,115,52.6,0.13
07:48:43,"[190.2, 40]","[189.5, 16]","[219.45, 22]","[423.71, 28]",204.83,106,29.25,0.06
07:48:44,"[188.0, 15]","[185.07, 29]","[242.0, 11]","[509.18, 44]",215.0,99,54.0,-0.11
07:48:45,"[186.33, 18]","[184.86, 42]","[347.26, 35]","[460.93, 56]",266.8,151,160.92,-0.21
07:48:46,"[185.0, 21]","[184.0, 21]","[210.0, 7]","[211.0, 28]",197.5,77,25.0,0.09
