Time,Bid1,Bid2,Ask1,Ask2,Mid-Price,Total_volume,Bid_ask_spread,Order_imbalance
07:30:00,"[0, 0]","[0, 0]","[0, 0]","[0, 0]",0.0,0,0.0,0.0
07:30:01,"[199.38, 8]","[197.0, 7]","[0, 0]","[0, 0]",99.69,15,-199.38,1.0
07:30:02,"[218.14, 7]","[205.57, 7]","[0, 0]","[0, 0]",109.07,14,-218.14,1.0
07:30:03,"[258.17, 6]","[219.33, 36]","[443.33, 6]","[400.25, 4]",350.75,52,185.17,0.62
07:30:04,"[232.54, 28]","[222.2, 15]","[266.6, 5]","[267.0, 1]",249.57,49,34.06,0.76
07:30:05,"[248.71, 21]","[244.96, 23]","[267.0, 4]","[341.0, 8]",257.86,56,18.29,0.57
07:30:06,"[251.67, 30]","[248.0, 36]","[267.0, 6]","[341.0, 24]",259.33,96,15.33,0.38
07:30:07,"[253.88, 40]","[250.5, 48]","[267.0, 8]","[341.0, 32]",260.44,128,13.12,0.38
07:30:08,"[254.25, 20]","[253.0, 24]","[267.0, 4]","[341.0, 16]",260.62,64,12.75,0.38
07:30:09,"[257.4, 35]","[255.33, 46]","[334.56, 36]","[423.36, 44]",295.98,161,77.16,0.01
07:30:10,"[268.78, 45]","[268.43, 21]","[307.45, 44]","[331.65, 34]",288.12,144,38.68,-0.08
07:30:11,"[283.0, 25]","[274.13, 23]","[307.0, 30]","[325.0, 20]",295.0,98,24.0,-0.02
07:30:12,"[282.85, 27]","[277.53, 15]","[307.0, 42]","[325.0, 28]",294.93,112,24.15,-0.25
07:30:13,"[281.0, 10]","[280.0, 10]","[307.0, 60]","[325.0, 40]",294.0,120,26.0,-0.67
07:30:14,"[281.0, 4]","[280.0, 4]","[307.0, 24]","[325.0, 16]",294.0,48,26.0,-0.67
07:30:15,"[277.25, 8]","[277.5, 4]","[307.0, 24]","[325.0, 16]",292.12,52,29.75,-0.54
07:30:16,"[276.0, 18]","[275.0, 6]","[306.94, 32]","[320.85, 26]",291.47,82,30.94,-0.41
07:30:17,"[276.0, 42]","[275.0, 14]","[302.15, 40]","[304.48, 46]",289.07,142,26.15,-0.21
07:30:18,"[278.86, 35]","[275.86, 35]","[297.79, 48]","[299.24, 42]",288.32,160,18.93,-0.12
07:30:19,"[281.0, 26]","[276.0, 117]","[295.07, 54]","[295.62, 48]",288.04,245,14.07,0.17
07:30:20,"[279.33, 52]","[276.09, 97]","[290.53, 38]","[292.0, 36]",284.93,223,11.2,0.34
07:30:21,"[284.0, 50]","[276.0, 117]","[286.85, 26]","[288.62, 26]",285.42,219,2.85,0.53
07:30:22,"[284.0, 24]","[276.07, 68]","[286.0, 24]","[295.0, 152]",285.0,268,2.0,-0.31
07:30:23,"[281.14, 28]","[276.55, 44]","[285.0, 50]","[293.27, 44]",283.07,166,3.86,-0.13
07:30:24,"[279.0, 32]","[276.0, 24]","[285.0, 40]","[296.0, 64]",282.0,160,6.0,-0.3
07:30:25,"[279.0, 36]","[276.0, 62]","[285.0, 45]","[296.0, 72]",282.0,215,6.0,-0.09
07:30:26,"[279.0, 42]","[276.0, 140]","[284.07, 70]","[294.8, 80]",281.54,332,5.07,0.1
07:30:27,"[279.3, 30]","[276.27, 99]","[289.35, 51]","[292.89, 54]",284.33,234,10.05,0.1
07:30:28,"[283.55, 33]","[278.62, 40]","[288.91, 44]","[291.0, 44]",286.23,161,5.36,-0.09
07:30:29,"[284.0, 48]","[280.0, 48]","[287.06, 64]","[292.0, 40]",285.53,200,3.06,-0.04
07:30:30,"[284.0, 21]","[280.0, 30]","[288.98, 41]","[293.4, 40]",286.49,132,4.98,-0.23
07:30:31,"[284.0, 28]","[280.0, 42]","[290.51, 49]","[291.89, 63]",287.26,182,6.51,-0.23
07:30:32,"[284.0, 24]","[280.0, 36]","[287.9, 42]","[289.0, 42]",285.95,144,3.9,-0.17
07:30:33,"[283.03, 61]","[281.72, 75]","[285.37, 38]","[288.43, 93]",284.2,267,2.34,0.02
07:30:34,"[281.0, 13]","[280.0, 21]","[283.92, 13]","[292.31, 26]",282.46,73,2.92,-0.07
07:30:35,"[281.0, 37]","[280.0, 39]","[282.18, 22]","[289.07, 29]",281.59,127,1.18,0.2
07:30:36,"[280.7, 20]","[279.54, 39]","[281.62, 26]","[295.0, 51]",281.16,136,0.92,-0.13
07:30:37,"[279.06, 35]","[276.11, 160]","[293.2, 40]","[295.76, 68]",286.13,303,14.14,0.29
07:30:38,"[279.0, 39]","[276.0, 182]","[292.19, 81]","[294.96, 45]",285.59,347,13.19,0.27
07:30:39,"[279.0, 42]","[276.0, 196]","[289.09, 32]","[290.19, 57]",284.05,327,10.09,0.46
07:30:40,"[276.09, 202]","[272.89, 126]","[285.83, 30]","[288.43, 30]",280.96,388,9.74,0.69
07:30:41,"[276.0, 182]","[272.0, 91]","[281.77, 22]","[282.65, 17]",278.89,312,5.77,0.75
07:30:42,"[277.59, 207]","[275.64, 231]","[279.43, 28]","[281.33, 18]",278.51,484,1.83,0.81
07:30:43,"[276.0, 168]","[270.13, 109]","[277.83, 36]","[279.88, 16]",276.92,329,1.83,0.68
07:30:44,"[276.0, 131]","[270.0, 84]","[277.0, 36]","[286.32, 34]",276.5,285,1.0,0.51
07:30:45,"[276.0, 74]","[270.0, 63]","[285.25, 24]","[290.0, 27]",280.62,188,9.25,0.46
07:30:46,"[276.0, 60]","[270.0, 70]","[288.0, 30]","[291.0, 30]",282.0,190,12.0,0.37
07:30:47,"[276.0, 48]","[270.0, 56]","[288.0, 24]","[291.0, 24]",282.0,152,12.0,0.37
07:30:48,"[272.54, 61]","[269.52, 83]","[288.0, 39]","[291.0, 39]",280.27,222,15.46,0.3
07:30:49,"[270.0, 66]","[269.0, 55]","[288.0, 33]","[291.0, 33]",279.0,187,18.0,0.29
07:30:50,"[270.0, 66]","[269.0, 55]","[288.0, 33]","[291.0, 33]",279.0,187,18.0,0.29
07:30:51,"[278.3, 23]","[274.0, 39]","[286.88, 42]","[288.37, 30]",282.59,134,8.58,-0.07
07:30:52,"[282.47, 34]","[279.68, 50]","[284.1, 50]","[286.09, 78]",283.29,212,1.63,-0.21
07:30:53,"[280.0, 39]","[278.0, 52]","[283.77, 39]","[290.89, 65]",281.88,195,3.77,-0.07
07:30:54,"[280.0, 51]","[278.18, 44]","[281.82, 51]","[284.0, 51]",280.91,197,1.82,-0.04
07:30:55,"[279.55, 22]","[278.09, 44]","[283.14, 42]","[290.5, 64]",281.34,172,3.6,-0.23
07:30:56,"[277.83, 12]","[275.65, 37]","[284.0, 24]","[292.0, 48]",280.92,121,6.17,-0.19
07:30:57,"[275.0, 22]","[271.0, 66]","[286.27, 33]","[292.0, 66]",280.64,187,11.27,-0.06
07:30:58,"[275.0, 20]","[265.91, 66]","[290.71, 42]","[292.31, 52]",282.86,180,15.71,-0.04
07:30:59,"[280.74, 47]","[271.64, 25]","[292.0, 60]","[293.0, 40]",286.37,172,11.26,-0.16
07:31:00,"[281.58, 72]","[279.14, 95]","[291.31, 58]","[292.47, 68]",286.45,293,9.73,0.14
07:31:01,"[281.6, 10]","[278.14, 70]","[288.0, 10]","[292.0, 20]",284.8,110,6.4,0.45
07:31:02,"[281.0, 10]","[276.0, 100]","[288.0, 10]","[292.4, 20]",284.5,140,7.0,0.57
07:31:03,"[281.0, 9]","[276.0, 90]","[288.0, 9]","[293.0, 18]",284.5,126,7.0,0.57
07:31:04,"[281.0, 14]","[276.0, 140]","[286.36, 14]","[288.56, 16]",283.68,184,5.36,0.67
07:31:05,"[281.0, 11]","[276.0, 110]","[284.09, 11]","[291.0, 23]",282.55,155,3.09,0.56
07:31:06,"[281.0, 10]","[276.0, 100]","[284.0, 10]","[291.8, 10]",282.5,130,3.0,0.69
07:31:07,"[281.0, 7]","[276.0, 70]","[283.29, 7]","[292.0, 7]",282.14,91,2.29,0.69
07:31:08,"[276.0, 64]","[270.0, 8]","[282.88, 8]","[292.0, 8]",279.44,88,6.88,0.64
07:31:09,"[276.0, 80]","[270.0, 10]","[282.0, 10]","[291.9, 10]",279.0,110,6.0,0.64
07:31:10,"[276.0, 64]","[270.0, 8]","[281.38, 8]","[290.62, 8]",278.69,88,5.38,0.64
07:31:11,"[276.54, 74]","[275.0, 48]","[288.22, 41]","[292.95, 19]",282.38,182,11.68,0.34
07:31:12,"[280.0, 36]","[276.0, 144]","[288.33, 45]","[289.04, 78]",284.17,303,8.33,0.19
07:31:13,"[271.8, 61]","[271.23, 53]","[288.0, 23]","[289.0, 55]",279.9,192,16.2,0.19
07:31:14,"[270.32, 37]","[270.03, 58]","[287.07, 43]","[288.17, 29]",278.7,167,16.75,0.14
07:31:15,"[279.95, 40]","[274.53, 94]","[286.08, 65]","[287.78, 27]",283.01,226,6.13,0.19
07:31:16,"[282.0, 44]","[278.0, 88]","[286.0, 55]","[287.0, 11]",284.0,198,4.0,0.33
07:31:17,"[278.21, 76]","[277.11, 71]","[286.0, 50]","[287.0, 10]",282.11,207,7.79,0.42
07:31:18,"[281.0, 40]","[277.77, 62]","[286.0, 40]","[287.0, 8]",283.5,150,5.0,0.36
07:31:19,"[281.89, 36]","[277.89, 63]","[285.26, 19]","[286.03, 36]",283.58,154,3.37,0.29
07:31:20,"[278.07, 43]","[277.18, 68]","[284.45, 22]","[286.0, 55]",281.26,188,6.38,0.18
07:31:21,"[279.38, 13]","[278.23, 52]","[283.0, 26]","[286.0, 65]",281.19,156,3.62,-0.17
07:31:22,"[278.78, 36]","[276.88, 66]","[280.87, 46]","[282.36, 45]",279.82,193,2.09,0.06
07:31:23,"[276.1, 63]","[274.73, 74]","[279.11, 38]","[284.18, 44]",277.6,219,3.01,0.25
07:31:24,"[276.0, 55]","[275.0, 110]","[278.64, 44]","[289.0, 44]",277.32,253,2.64,0.3
07:31:25,"[276.0, 47]","[275.0, 110]","[277.0, 44]","[289.0, 44]",276.5,245,1.0,0.28
07:31:26,"[275.84, 62]","[274.14, 126]","[288.14, 56]","[292.77, 69]",281.99,313,12.3,0.2
07:31:27,"[278.0, 36]","[275.0, 96]","[289.0, 48]","[293.0, 60]",283.5,240,11.0,0.1
07:31:28,"[275.4, 63]","[273.46, 103]","[291.33, 36]","[405.24, 25]",283.37,227,15.94,0.46
07:31:29,"[277.17, 157]","[273.51, 157]","[290.34, 35]","[291.86, 28]",283.75,377,13.18,0.67
07:31:30,"[279.0, 119]","[275.0, 56]","[288.86, 7]","[290.0, 45]",283.93,227,9.86,0.54
07:31:31,"[279.0, 204]","[275.0, 96]","[288.0, 12]","[290.0, 121]",283.5,433,9.0,0.39
07:31:32,"[279.0, 130]","[274.0, 38]","[287.25, 8]","[289.67, 60]",283.12,236,8.25,0.42
07:31:33,"[279.0, 98]","[274.0, 49]","[286.0, 7]","[289.0, 35]",282.5,189,7.0,0.56
07:31:34,"[279.05, 167]","[274.71, 98]","[284.15, 13]","[289.0, 65]",281.6,343,5.1,0.55
07:31:35,"[279.0, 156]","[274.0, 84]","[283.17, 12]","[290.54, 65]",281.08,317,4.17,0.51
07:31:36,"[279.0, 283]","[274.0, 95]","[282.93, 15]","[291.0, 90]",280.97,483,3.93,0.57
07:31:37,"[279.0, 263]","[274.0, 66]","[280.53, 17]","[290.64, 56]",279.76,402,1.53,0.64
07:31:38,"[279.0, 243]","[274.0, 72]","[290.5, 66]","[291.9, 61]",284.75,442,11.5,0.43
07:31:39,"[279.0, 240]","[274.0, 72]","[291.0, 60]","[292.0, 60]",285.0,432,12.0,0.44
07:31:40,"[279.24, 264]","[277.64, 220]","[290.13, 38]","[290.72, 90]",284.69,612,10.89,0.58
07:31:41,"[280.0, 88]","[279.0, 300]","[287.13, 15]","[289.0, 75]",283.57,478,7.13,0.62
07:31:42,"[280.0, 54]","[279.0, 216]","[285.19, 37]","[289.05, 41]",282.59,348,5.19,0.55
07:31:43,"[280.0, 70]","[279.0, 126]","[284.34, 58]","[285.19, 26]",282.17,280,4.34,0.4
07:31:44,"[279.2, 124]","[278.58, 78]","[281.25, 20]","[288.54, 76]",280.23,298,2.05,0.36
07:31:45,"[279.0, 88]","[278.0, 24]","[281.0, 8]","[291.0, 40]",280.0,160,2.0,0.4
07:31:46,"[279.2, 148]","[278.75, 133]","[289.29, 55]","[293.26, 111]",284.25,447,10.09,0.26
07:31:47,"[279.17, 106]","[278.65, 93]","[290.0, 34]","[295.78, 79]",284.58,312,10.83,0.28
07:31:48,"[279.0, 80]","[278.0, 42]","[290.0, 93]","[291.0, 28]",284.5,243,11.0,0.0
07:31:49,"[279.0, 52]","[278.0, 39]","[288.56, 36]","[289.85, 27]",283.78,154,9.56,0.18
07:31:50,"[279.0, 44]","[278.0, 33]","[286.0, 22]","[289.98, 61]",282.5,160,7.0,-0.04
07:31:51,"[279.0, 28]","[278.0, 21]","[286.0, 14]","[290.0, 37]",282.5,100,7.0,-0.02
07:31:52,"[279.0, 48]","[278.0, 36]","[284.75, 24]","[289.67, 12]",281.88,120,5.75,0.4
07:31:53,"[279.0, 32]","[278.0, 24]","[284.0, 16]","[289.0, 8]",281.5,80,5.0,0.4
07:31:54,"[279.0, 32]","[278.0, 24]","[284.0, 16]","[289.0, 8]",281.5,80,5.0,0.4
07:31:55,"[279.0, 28]","[278.0, 36]","[283.75, 24]","[289.0, 12]",281.38,100,4.75,0.28
07:31:56,"[279.0, 26]","[278.0, 39]","[281.2, 50]","[283.76, 21]",280.1,136,2.2,-0.04
07:31:57,"[278.31, 52]","[276.67, 36]","[280.18, 51]","[283.65, 65]",279.24,204,1.87,-0.14
07:31:58,"[278.0, 21]","[274.0, 15]","[279.0, 35]","[284.8, 30]",278.5,101,1.0,-0.29
07:31:59,"[278.0, 11]","[274.0, 11]","[283.94, 17]","[287.5, 16]",280.97,55,5.94,-0.2
07:32:00,"[280.14, 28]","[274.75, 16]","[286.0, 32]","[290.0, 16]",283.07,92,5.86,-0.04
07:32:01,"[281.69, 39]","[278.57, 14]","[286.0, 24]","[290.0, 12]",283.85,89,4.31,0.19
07:32:02,"[279.33, 15]","[276.0, 10]","[286.0, 20]","[290.0, 10]",282.67,55,6.67,-0.09
07:32:03,"[280.0, 22]","[278.0, 11]","[285.75, 24]","[288.77, 13]",282.88,70,5.75,-0.06
07:32:04,"[278.4, 30]","[273.45, 22]","[282.69, 48]","[283.87, 39]",280.54,139,4.29,-0.25
07:32:05,"[273.34, 29]","[271.77, 43]","[280.77, 39]","[281.85, 61]",277.06,172,7.42,-0.16
07:32:06,"[275.48, 25]","[273.53, 43]","[278.15, 67]","[279.42, 55]",276.81,190,2.67,-0.28
07:32:07,"[273.0, 24]","[269.79, 57]","[276.29, 68]","[280.0, 45]",274.65,194,3.29,-0.16
07:32:08,"[272.0, 24]","[267.0, 48]","[275.25, 40]","[277.09, 44]",273.62,156,3.25,-0.08
07:32:09,"[268.25, 32]","[266.35, 46]","[272.9, 30]","[279.4, 30]",270.57,138,4.65,0.13
07:32:10,"[267.0, 36]","[266.0, 45]","[271.63, 19]","[278.29, 35]",269.32,135,4.63,0.2
07:32:11,"[266.8, 25]","[265.95, 41]","[270.0, 9]","[272.0, 27]",268.4,102,3.2,0.29
07:32:12,"[267.11, 65]","[265.67, 30]","[269.44, 18]","[271.85, 26]",268.28,139,2.34,0.37
07:32:13,"[268.0, 80]","[266.0, 50]","[269.0, 50]","[270.0, 10]",268.5,190,1.0,0.37
07:32:14,"[271.29, 112]","[267.17, 109]","[276.0, 40]","[341.78, 59]",273.64,320,4.71,0.38
07:32:15,"[281.0, 96]","[274.69, 128]","[282.38, 16]","[299.5, 40]",281.69,280,1.38,0.6
07:32:16,"[281.0, 27]","[275.0, 56]","[282.0, 7]","[285.0, 15]",281.5,105,1.0,0.58
07:32:17,"[281.0, 15]","[275.0, 148]","[282.0, 15]","[286.0, 75]",281.5,253,1.0,0.29
07:32:18,"[275.29, 42]","[272.86, 21]","[281.57, 7]","[285.93, 27]",278.43,97,6.29,0.3
07:32:19,"[275.33, 84]","[272.86, 42]","[282.57, 14]","[286.67, 42]",278.95,182,7.24,0.38
07:32:20,"[282.0, 11]","[275.0, 88]","[285.0, 11]","[287.36, 55]",283.5,165,3.0,0.2
07:32:21,"[282.0, 8]","[275.0, 64]","[285.0, 8]","[288.0, 40]",283.5,120,3.0,0.2
07:32:22,"[282.0, 11]","[279.2, 80]","[284.91, 11]","[287.94, 51]",283.45,153,2.91,0.19
07:32:23,"[281.16, 50]","[280.47, 68]","[283.29, 14]","[287.86, 14]",282.22,146,2.13,0.62
07:32:24,"[281.0, 84]","[278.25, 24]","[282.71, 14]","[289.36, 22]",281.86,144,1.71,0.5
07:32:25,"[281.0, 56]","[279.0, 20]","[282.54, 13]","[288.76, 17]",281.77,106,1.54,0.43
07:32:26,"[281.0, 50]","[279.0, 24]","[282.42, 12]","[288.69, 16]",281.71,102,1.42,0.45
07:32:27,"[281.0, 35]","[279.0, 22]","[287.0, 11]","[290.0, 11]",284.0,79,6.0,0.44
07:32:28,"[281.0, 30]","[279.0, 12]","[287.0, 6]","[291.33, 9]",284.0,57,6.0,0.47
07:32:29,"[281.0, 30]","[279.0, 12]","[287.0, 6]","[293.0, 24]",284.0,72,6.0,0.17
07:32:30,"[281.0, 28]","[279.0, 16]","[287.0, 8]","[293.0, 32]",284.0,84,6.0,0.05
07:32:31,"[282.56, 27]","[280.68, 25]","[286.09, 33]","[291.0, 18]",284.32,103,3.54,0.01
07:32:32,"[283.0, 45]","[281.0, 45]","[284.8, 75]","[290.68, 38]",283.9,203,1.8,-0.11
07:32:33,"[281.29, 42]","[279.4, 30]","[288.29, 34]","[291.29, 21]",284.79,127,7.01,0.13
07:32:34,"[281.33, 36]","[279.62, 29]","[289.0, 26]","[291.0, 26]",285.17,117,7.67,0.11
07:32:35,"[279.0, 20]","[278.0, 20]","[287.5, 20]","[290.2, 20]",283.25,80,8.5,0.0
07:32:36,"[279.0, 10]","[278.0, 18]","[287.0, 18]","[290.0, 18]",283.0,64,8.0,-0.12
07:32:37,"[279.0, 11]","[278.0, 22]","[286.27, 22]","[290.0, 22]",282.64,77,7.27,-0.14
07:32:38,"[279.17, 24]","[275.24, 117]","[284.53, 34]","[287.18, 34]",281.85,209,5.36,0.35
07:32:39,"[278.0, 12]","[275.0, 132]","[283.67, 24]","[288.19, 21]",280.83,189,5.67,0.52
07:32:40,"[278.0, 11]","[275.0, 121]","[283.0, 22]","[290.0, 11]",280.5,165,5.0,0.6
07:32:41,"[278.0, 16]","[275.0, 176]","[282.76, 33]","[291.65, 23]",280.38,248,4.76,0.55
07:32:42,"[278.0, 11]","[275.0, 121]","[280.23, 26]","[281.28, 29]",279.12,187,2.23,0.41
07:32:43,"[275.02, 144]","[272.89, 37]","[280.52, 31]","[286.68, 40]",277.77,252,5.5,0.44
07:32:44,"[280.19, 104]","[274.83, 140]","[288.69, 48]","[290.84, 44]",284.44,336,8.5,0.45
07:32:45,"[284.0, 80]","[272.0, 32]","[289.0, 48]","[291.0, 48]",286.5,208,5.0,0.08
07:32:46,"[284.0, 65]","[276.65, 37]","[289.0, 39]","[292.0, 39]",286.5,180,5.0,0.13
07:32:47,"[284.0, 50]","[283.0, 40]","[289.0, 30]","[292.0, 30]",286.5,150,5.0,0.2
07:32:48,"[284.0, 12]","[283.0, 24]","[289.0, 18]","[292.0, 18]",286.5,72,5.0,0.0
07:32:49,"[284.0, 18]","[283.0, 36]","[289.0, 27]","[292.0, 27]",286.5,108,5.0,0.0
07:32:50,"[281.05, 44]","[279.85, 96]","[287.47, 68]","[289.82, 51]",284.26,259,6.43,0.08
07:32:51,"[281.0, 24]","[279.0, 96]","[286.86, 42]","[291.09, 66]",283.93,228,5.86,0.05
07:32:52,"[281.0, 28]","[279.0, 112]","[285.26, 38]","[286.43, 46]",283.13,224,4.26,0.25
07:32:53,"[279.72, 50]","[278.57, 84]","[282.68, 47]","[283.7, 40]",281.2,221,2.96,0.21
07:32:54,"[279.0, 76]","[276.0, 33]","[280.94, 34]","[282.11, 36]",279.97,179,1.94,0.22
07:32:55,"[277.12, 32]","[274.67, 36]","[281.64, 33]","[288.09, 43]",279.38,144,4.51,-0.06
07:32:56,"[269.0, 24]","[268.0, 24]","[286.57, 28]","[292.14, 28]",277.79,104,17.57,-0.08
07:32:57,"[269.0, 27]","[268.0, 27]","[289.56, 36]","[294.29, 28]",279.28,118,20.56,-0.08
07:32:58,"[269.0, 24]","[268.0, 24]","[288.0, 8]","[289.0, 32]",278.5,88,19.0,0.09
07:32:59,"[269.0, 36]","[268.0, 36]","[283.12, 24]","[286.11, 36]",276.06,132,14.12,0.09
07:33:00,"[269.58, 38]","[268.14, 42]","[281.64, 14]","[285.0, 56]",275.61,150,12.06,0.07
07:33:01,"[268.6, 48]","[267.91, 34]","[284.02, 53]","[287.58, 43]",276.31,178,15.41,-0.08
07:33:02,"[269.6, 10]","[268.29, 42]","[282.0, 40]","[287.0, 30]",275.8,122,12.4,-0.15
07:33:03,"[270.12, 8]","[269.0, 24]","[282.0, 32]","[286.25, 24]",276.06,88,11.88,-0.27
07:33:04,"[268.68, 40]","[267.86, 22]","[282.0, 48]","[284.68, 44]",275.34,154,13.32,-0.19
07:33:05,"[268.0, 16]","[265.0, 8]","[281.86, 28]","[283.58, 38]",274.93,90,13.86,-0.47
07:33:06,"[263.31, 96]","[124.05, 126]","[270.68, 38]","[279.18, 49]",267.0,309,7.37,0.44
07:33:07,"[167.41, 98]","[107.33, 80]","[264.64, 42]","[268.33, 27]",216.03,247,97.23,0.44
07:33:08,"[236.33, 36]","[145.49, 77]","[265.0, 33]","[270.0, 22]",250.67,168,28.67,0.35
07:33:09,"[264.0, 25]","[211.0, 15]","[268.5, 12]","[276.32, 19]",266.25,71,4.5,0.13
07:33:10,"[264.0, 35]","[211.0, 21]","[272.0, 14]","[278.0, 35]",268.0,105,8.0,0.07
07:33:11,"[264.0, 40]","[146.9, 20]","[272.0, 16]","[278.0, 40]",268.0,116,8.0,0.03
07:33:12,"[264.24, 59]","[173.91, 109]","[272.0, 22]","[278.0, 55]",268.12,245,7.76,0.37
07:33:13,"[265.5, 56]","[262.0, 40]","[272.0, 16]","[278.0, 40]",268.75,152,6.5,0.26
07:33:14,"[266.07, 45]","[263.65, 51]","[272.0, 18]","[278.0, 45]",269.03,159,5.93,0.21
07:33:15,"[267.97, 72]","[266.42, 24]","[274.73, 33]","[278.21, 57]",271.35,186,6.76,0.03
07:33:16,"[269.67, 147]","[268.84, 61]","[277.81, 62]","[278.92, 52]",273.74,322,8.14,0.29
07:33:17,"[271.15, 212]","[269.67, 126]","[274.33, 49]","[278.19, 63]",272.74,450,3.18,0.5
07:33:18,"[275.15, 158]","[274.2, 208]","[278.07, 54]","[280.3, 61]",276.61,481,2.92,0.52
07:33:19,"[275.84, 62]","[274.92, 141]","[278.94, 36]","[330.84, 43]",277.39,282,3.11,0.44
07:33:20,"[276.73, 45]","[275.0, 168]","[281.0, 48]","[378.67, 18]",278.87,279,4.27,0.53
07:33:21,"[277.99, 78]","[275.88, 25]","[281.0, 48]","[315.35, 46]",279.49,197,3.01,0.05
07:33:22,"[278.3, 30]","[277.76, 66]","[280.58, 48]","[285.33, 42]",279.44,186,2.28,0.03
07:33:23,"[278.32, 19]","[277.0, 48]","[280.6, 40]","[281.27, 22]",279.46,129,2.28,0.04
07:33:24,"[279.79, 14]","[278.0, 28]","[282.76, 37]","[350.32, 38]",281.27,117,2.97,-0.28
07:33:25,"[275.0, 24]","[265.0, 8]","[282.0, 24]","[284.0, 32]",278.5,88,7.0,-0.27
07:33:26,"[275.0, 27]","[265.0, 9]","[282.0, 27]","[285.0, 36]",278.5,99,7.0,-0.27
07:33:27,"[275.0, 42]","[265.0, 14]","[281.0, 42]","[285.0, 56]",278.0,154,6.0,-0.27
07:33:28,"[275.0, 21]","[265.0, 7]","[281.0, 21]","[285.0, 28]",278.0,77,6.0,-0.27
07:33:29,"[272.74, 113]","[270.32, 41]","[280.53, 45]","[285.0, 60]",276.64,259,7.79,0.19
07:33:30,"[273.0, 156]","[269.77, 35]","[280.0, 39]","[286.0, 52]",276.5,282,7.0,0.35
07:33:31,"[273.0, 120]","[266.0, 20]","[278.64, 28]","[286.0, 67]",275.82,235,5.64,0.19
07:33:32,"[270.54, 74]","[265.38, 21]","[276.31, 55]","[281.49, 37]",273.42,187,5.77,0.02
07:33:33,"[266.4, 30]","[265.47, 17]","[285.07, 54]","[295.51, 39]",275.74,140,18.67,-0.33
07:33:34,"[270.88, 68]","[266.75, 63]","[282.7, 92]","[284.19, 79]",276.79,302,11.81,-0.13
07:33:35,"[273.96, 104]","[272.33, 45]","[281.0, 55]","[284.36, 44]",277.48,248,7.04,0.2
07:33:36,"[274.0, 90]","[273.0, 36]","[279.98, 41]","[285.19, 37]",276.99,204,5.98,0.24
07:33:37,"[274.0, 138]","[273.0, 56]","[276.58, 26]","[279.7, 64]",275.29,284,2.58,0.37
07:33:38,"[274.0, 81]","[271.31, 26]","[275.18, 33]","[305.33, 36]",274.59,176,1.18,0.22
07:33:39,"[269.52, 75]","[266.08, 26]","[298.0, 37]","[412.31, 39]",283.76,177,28.48,0.14
07:33:40,"[267.33, 18]","[263.87, 15]","[286.0, 60]","[289.67, 15]",276.67,108,18.67,-0.39
07:33:41,"[268.34, 32]","[266.0, 15]","[286.0, 40]","[289.0, 10]",277.17,97,17.66,-0.03
07:33:42,"[269.0, 110]","[268.0, 22]","[286.0, 40]","[289.0, 10]",277.5,182,17.0,0.45
07:33:43,"[271.98, 80]","[270.09, 93]","[286.0, 52]","[289.0, 13]",278.99,238,14.02,0.45
07:33:44,"[273.33, 110]","[273.46, 48]","[286.0, 56]","[370.0, 14]",279.66,228,12.67,0.39
07:33:45,"[282.0, 9]","[279.0, 63]","[286.0, 36]","[451.15, 26]",284.0,134,4.0,0.07
07:33:46,"[279.52, 29]","[278.74, 47]","[286.0, 44]","[323.36, 44]",282.76,164,6.48,-0.07
07:33:47,"[278.0, 10]","[275.0, 15]","[286.0, 20]","[289.0, 20]",282.0,65,8.0,-0.23
07:33:48,"[278.0, 20]","[275.0, 30]","[286.0, 40]","[289.0, 40]",282.0,130,8.0,-0.23
07:33:49,"[278.0, 24]","[275.0, 36]","[286.71, 42]","[299.62, 52]",282.36,154,8.71,-0.22
07:33:50,"[278.5, 32]","[275.75, 32]","[286.5, 24]","[288.73, 44]",282.5,132,8.0,-0.03
07:33:51,"[280.15, 78]","[279.21, 52]","[285.39, 36]","[288.33, 54]",282.77,220,5.24,0.18
07:33:52,"[283.0, 65]","[281.0, 65]","[286.0, 26]","[288.9, 40]",284.5,196,3.0,0.33
07:33:53,"[283.0, 55]","[281.0, 55]","[286.0, 22]","[289.0, 44]",284.5,176,3.0,0.25
07:33:54,"[283.0, 40]","[281.0, 40]","[286.0, 16]","[289.0, 32]",284.5,128,3.0,0.25
07:33:55,"[283.0, 30]","[281.0, 30]","[286.0, 12]","[289.0, 24]",284.5,96,3.0,0.25
07:33:56,"[281.29, 70]","[280.45, 22]","[286.0, 28]","[289.0, 56]",283.64,176,4.71,0.05
07:33:57,"[281.0, 60]","[280.0, 12]","[285.76, 25]","[288.87, 46]",283.38,143,4.76,0.01
07:33:58,"[281.0, 41]","[280.0, 9]","[282.78, 41]","[284.32, 25]",281.89,116,1.78,-0.14
07:33:59,"[281.38, 26]","[279.22, 41]","[283.63, 43]","[286.25, 48]",282.51,158,2.24,-0.15
07:34:00,"[280.19, 21]","[279.01, 77]","[286.86, 56]","[288.23, 66]",283.52,220,6.67,-0.11
07:34:01,"[279.05, 44]","[278.06, 134]","[283.56, 32]","[285.22, 37]",281.3,247,4.52,0.44
07:34:02,"[279.0, 45]","[277.32, 93]","[281.57, 42]","[282.48, 33]",280.29,213,2.57,0.3
07:34:03,"[277.21, 42]","[274.59, 34]","[280.36, 25]","[282.11, 19]",278.79,120,3.15,0.27
07:34:04,"[277.75, 153]","[276.44, 97]","[282.05, 19]","[289.58, 19]",279.9,288,4.31,0.74
07:34:05,"[279.19, 147]","[277.21, 117]","[284.11, 18]","[291.42, 52]",281.65,334,4.92,0.58
07:34:06,"[281.42, 48]","[280.63, 86]","[289.0, 14]","[292.0, 84]",285.21,232,7.58,0.16
07:34:07,"[282.0, 24]","[281.0, 84]","[289.0, 12]","[292.0, 36]",285.5,156,7.0,0.38
07:34:08,"[282.0, 22]","[281.0, 77]","[289.0, 11]","[292.0, 33]",285.5,143,7.0,0.38
07:34:09,"[281.11, 36]","[279.98, 120]","[289.0, 12]","[292.0, 36]",285.06,204,7.89,0.53
07:34:10,"[281.0, 12]","[280.0, 90]","[289.0, 6]","[292.0, 18]",285.0,126,8.0,0.62
07:34:11,"[281.0, 12]","[280.0, 90]","[289.0, 6]","[292.0, 18]",285.0,126,8.0,0.62
07:34:12,"[280.68, 38]","[279.98, 244]","[288.23, 35]","[291.18, 33]",284.46,350,7.54,0.61
07:34:13,"[280.0, 144]","[279.0, 48]","[287.25, 36]","[288.33, 12]",283.62,240,7.25,0.6
07:34:14,"[280.0, 132]","[279.0, 44]","[286.0, 35]","[288.0, 11]",283.0,222,6.0,0.59
07:34:15,"[280.0, 120]","[279.0, 40]","[286.0, 30]","[288.0, 10]",283.0,200,6.0,0.6
07:34:16,"[280.0, 117]","[279.0, 44]","[281.65, 23]","[286.57, 21]",280.83,205,1.65,0.57
07:34:17,"[280.0, 69]","[279.0, 36]","[281.0, 18]","[288.0, 9]",280.5,132,1.0,0.59
07:34:18,"[280.0, 42]","[279.0, 24]","[281.64, 11]","[288.75, 8]",280.82,85,1.64,0.55
07:34:19,"[280.11, 55]","[279.56, 63]","[287.06, 32]","[288.75, 16]",283.59,166,6.95,0.42
07:34:20,"[283.0, 40]","[281.0, 10]","[286.1, 30]","[289.64, 22]",284.55,102,3.1,-0.02
07:34:21,"[283.0, 48]","[280.88, 58]","[285.46, 46]","[288.33, 36]",284.23,188,2.46,0.13
07:34:22,"[281.22, 74]","[280.13, 89]","[284.94, 64]","[285.88, 41]",283.08,268,3.72,0.22
07:34:23,"[281.0, 72]","[280.0, 84]","[284.49, 55]","[286.8, 44]",282.75,255,3.49,0.22
07:34:24,"[282.64, 33]","[280.89, 61]","[284.5, 50]","[288.67, 43]",283.57,187,1.86,0.01
07:34:25,"[280.74, 54]","[279.9, 78]","[283.79, 39]","[290.03, 38]",282.27,209,3.05,0.26
07:34:26,"[281.54, 41]","[279.81, 52]","[289.5, 16]","[291.0, 48]",285.52,157,7.96,0.18
07:34:27,"[283.0, 15]","[281.0, 27]","[289.0, 9]","[291.0, 27]",286.0,78,6.0,0.08
07:34:28,"[283.0, 6]","[281.0, 18]","[289.0, 6]","[292.0, 6]",286.0,36,6.0,0.33
07:34:29,"[283.0, 12]","[281.0, 36]","[288.0, 12]","[293.47, 15]",285.5,75,5.0,0.28
07:34:30,"[283.0, 10]","[281.0, 30]","[285.7, 10]","[294.75, 20]",284.35,70,2.7,0.14
07:34:31,"[279.16, 51]","[276.34, 79]","[292.85, 34]","[295.86, 42]",286.0,206,13.7,0.26
07:34:32,"[279.22, 72]","[276.48, 100]","[293.17, 102]","[294.14, 87]",286.19,361,13.94,-0.05
07:34:33,"[280.0, 64]","[276.75, 88]","[291.88, 80]","[293.78, 82]",285.94,314,11.88,-0.03
07:34:34,"[280.0, 44]","[279.0, 66]","[289.93, 61]","[291.86, 35]",284.97,206,9.93,0.07
07:34:35,"[280.0, 48]","[279.0, 90]","[288.07, 81]","[289.54, 41]",284.04,260,8.07,0.06
07:34:36,"[280.0, 17]","[279.0, 72]","[286.42, 60]","[288.0, 36]",283.21,185,6.42,-0.04
07:34:37,"[280.0, 84]","[279.0, 84]","[286.0, 70]","[288.3, 40]",283.0,278,6.0,0.21
07:34:38,"[280.0, 96]","[279.0, 96]","[284.44, 80]","[287.44, 64]",282.22,336,4.44,0.14
07:34:39,"[280.0, 16]","[279.0, 36]","[285.18, 22]","[290.3, 20]",282.59,94,5.18,0.11
07:34:40,"[280.0, 11]","[279.0, 66]","[291.27, 22]","[292.43, 28]",285.64,127,11.27,0.21
07:34:41,"[280.0, 13]","[279.0, 78]","[288.93, 30]","[290.21, 56]",284.47,177,8.93,0.03
07:34:42,"[280.0, 12]","[279.0, 72]","[286.58, 24]","[290.0, 84]",283.29,192,6.58,-0.12
07:34:43,"[280.0, 13]","[279.0, 78]","[284.0, 26]","[290.0, 57]",282.0,174,4.0,0.05
07:34:44,"[280.0, 13]","[279.0, 78]","[282.38, 26]","[290.0, 56]",281.19,173,2.38,0.05
07:34:45,"[281.88, 84]","[279.28, 65]","[290.0, 26]","[294.52, 67]",285.94,242,8.12,0.23
07:34:46,"[283.0, 50]","[282.0, 44]","[290.0, 22]","[295.0, 68]",286.5,184,7.0,0.02
07:34:47,"[283.0, 24]","[282.0, 24]","[290.0, 12]","[295.0, 32]",286.5,92,7.0,0.04
07:34:48,"[283.0, 48]","[282.0, 48]","[290.0, 24]","[295.0, 96]",286.5,216,7.0,-0.11
07:34:49,"[283.0, 32]","[282.0, 32]","[290.0, 16]","[295.0, 64]",286.5,144,7.0,-0.11
07:34:50,"[282.31, 39]","[280.36, 66]","[287.58, 12]","[290.0, 24]",284.95,141,5.28,0.49
07:34:51,"[282.0, 51]","[280.0, 102]","[285.06, 17]","[292.47, 34]",283.53,204,3.06,0.5
07:34:52,"[280.29, 41]","[279.2, 61]","[284.0, 27]","[285.0, 9]",282.15,138,3.71,0.48
07:34:53,"[280.0, 67]","[279.0, 98]","[283.8, 30]","[284.31, 26]",281.9,221,3.8,0.49
07:34:54,"[280.0, 39]","[279.0, 70]","[281.5, 30]","[283.91, 11]",280.75,150,1.5,0.45
07:34:55,"[279.05, 59]","[278.47, 15]","[281.0, 27]","[286.44, 18]",280.03,119,1.95,0.24
07:34:56,"[279.0, 47]","[278.0, 8]","[281.67, 21]","[288.22, 18]",280.33,94,2.67,0.17
07:34:57,"[279.04, 46]","[278.42, 19]","[284.23, 26]","[292.7, 40]",281.64,131,5.19,-0.01
07:34:58,"[280.0, 13]","[279.0, 52]","[282.94, 34]","[287.55, 44]",281.47,143,2.94,-0.09
07:34:59,"[279.22, 23]","[278.77, 26]","[281.18, 22]","[283.0, 44]",280.2,115,1.96,-0.15
07:35:00,"[278.52, 25]","[277.04, 23]","[279.9, 20]","[283.15, 40]",279.21,108,1.38,-0.11
07:35:01,"[275.6, 20]","[274.63, 19]","[287.88, 25]","[291.53, 45]",281.74,109,12.28,-0.28
07:35:02,"[276.33, 36]","[274.32, 22]","[287.22, 50]","[288.43, 54]",281.78,162,10.89,-0.28
07:35:03,"[281.0, 32]","[275.0, 32]","[285.67, 30]","[286.51, 55]",283.33,149,4.67,-0.14
07:35:04,"[281.0, 24]","[275.0, 24]","[282.83, 12]","[286.0, 36]",281.92,96,1.83,0.0
07:35:05,"[281.0, 13]","[274.35, 40]","[285.54, 39]","[287.0, 39]",283.27,131,4.54,-0.19
07:35:06,"[281.0, 12]","[278.0, 12]","[283.17, 36]","[287.0, 36]",282.08,96,2.17,-0.5
07:35:07,"[277.14, 14]","[275.55, 11]","[286.47, 30]","[289.95, 42]",281.8,97,9.32,-0.48
07:35:08,"[274.0, 28]","[273.0, 14]","[288.57, 28]","[291.71, 56]",281.29,126,14.57,-0.33
07:35:09,"[274.0, 26]","[266.23, 121]","[288.0, 35]","[293.0, 52]",281.0,234,14.0,0.26
07:35:10,"[274.0, 22]","[268.91, 101]","[287.81, 43]","[290.92, 48]",280.91,214,13.81,0.15
07:35:11,"[281.77, 70]","[273.6, 35]","[285.47, 30]","[286.78, 36]",283.62,171,3.7,0.23
07:35:12,"[282.0, 38]","[274.0, 20]","[283.5, 20]","[285.52, 21]",282.75,99,1.5,0.17
07:35:13,"[279.04, 50]","[273.3, 23]","[283.0, 30]","[288.8, 45]",281.02,148,3.96,-0.01
07:35:14,"[280.0, 42]","[274.0, 7]","[283.0, 14]","[289.0, 21]",281.5,84,3.0,0.17
07:35:15,"[280.0, 66]","[274.0, 11]","[282.09, 22]","[289.45, 33]",281.05,132,2.09,0.17
07:35:16,"[280.0, 60]","[279.0, 40]","[282.0, 20]","[290.0, 30]",281.0,150,2.0,0.33
07:35:17,"[280.0, 55]","[279.0, 56]","[282.09, 32]","[289.97, 37]",281.05,180,2.09,0.23
07:35:18,"[279.09, 53]","[278.17, 48]","[290.19, 31]","[292.74, 57]",284.64,189,11.1,0.07
07:35:19,"[279.56, 25]","[278.67, 45]","[290.0, 42]","[292.0, 30]",284.78,142,10.44,-0.01
07:35:20,"[281.0, 7]","[279.0, 42]","[290.0, 45]","[292.0, 21]",285.5,115,9.0,-0.15
07:35:21,"[279.06, 34]","[278.08, 72]","[289.64, 39]","[290.68, 44]",284.35,189,10.58,0.12
07:35:22,"[279.05, 43]","[277.62, 48]","[289.0, 56]","[291.8, 40]",284.02,187,9.95,-0.03
07:35:23,"[279.23, 57]","[277.72, 65]","[289.0, 42]","[292.0, 56]",284.11,220,9.77,0.11
07:35:24,"[279.0, 24]","[278.0, 30]","[288.57, 14]","[291.12, 16]",283.79,84,9.57,0.29
07:35:25,"[279.84, 25]","[278.74, 38]","[287.0, 9]","[288.0, 18]",283.42,90,7.16,0.4
07:35:26,"[279.0, 22]","[278.0, 55]","[287.0, 11]","[288.0, 22]",283.0,110,8.0,0.4
07:35:27,"[279.0, 22]","[278.0, 55]","[286.0, 20]","[287.0, 13]",282.5,110,7.0,0.4
07:35:28,"[279.0, 29]","[278.0, 85]","[283.65, 17]","[286.0, 34]",281.32,165,4.65,0.38
07:35:29,"[278.21, 19]","[277.31, 64]","[284.35, 26]","[286.58, 19]",281.28,128,6.14,0.3
07:35:30,"[278.0, 8]","[277.0, 32]","[283.62, 16]","[286.0, 8]",280.81,64,5.62,0.25
07:35:31,"[279.0, 10]","[278.0, 10]","[282.2, 20]","[286.0, 10]",280.6,50,3.2,-0.2
07:35:32,"[279.0, 8]","[278.0, 8]","[282.0, 16]","[286.55, 22]",280.5,54,3.0,-0.41
07:35:33,"[279.0, 10]","[278.0, 10]","[284.5, 20]","[292.0, 20]",281.75,60,5.5,-0.33
07:35:34,"[279.0, 10]","[277.69, 13]","[288.0, 30]","[289.0, 10]",283.5,63,9.0,-0.27
07:35:35,"[274.48, 52]","[272.69, 131]","[286.86, 42]","[290.58, 24]",280.67,249,12.38,0.47
07:35:36,"[275.0, 24]","[274.0, 40]","[286.0, 24]","[290.0, 38]",280.5,126,11.0,0.02
07:35:37,"[275.0, 42]","[274.0, 58]","[285.45, 33]","[288.11, 57]",280.23,190,10.45,0.05
07:35:38,"[275.0, 51]","[274.0, 34]","[282.5, 40]","[284.11, 45]",278.75,170,7.5,0.0
07:35:39,"[276.07, 45]","[274.0, 30]","[278.05, 44]","[279.1, 31]",277.06,150,1.98,0.0
07:35:40,"[275.67, 27]","[272.29, 28]","[277.64, 33]","[279.0, 22]",276.65,110,1.97,0.0
07:35:41,"[270.0, 224]","[266.0, 240]","[275.24, 34]","[276.9, 40]",272.62,538,5.24,0.72
07:35:42,"[270.69, 143]","[267.56, 165]","[275.59, 17]","[285.29, 77]",273.14,402,4.9,0.53
07:35:43,"[273.09, 105]","[269.8, 110]","[280.14, 35]","[285.8, 79]",276.61,329,7.06,0.31
07:35:44,"[273.36, 44]","[269.56, 118]","[284.0, 65]","[285.92, 13]",278.68,240,10.64,0.35
07:35:45,"[273.0, 60]","[266.0, 168]","[284.0, 60]","[285.0, 12]",278.5,300,11.0,0.52
07:35:46,"[273.0, 40]","[266.0, 112]","[283.62, 37]","[284.58, 12]",278.31,201,10.62,0.51
07:35:47,"[273.0, 55]","[265.49, 94]","[277.0, 22]","[284.0, 66]",275.0,237,4.0,0.26
07:35:48,"[273.0, 51]","[264.07, 43]","[283.77, 62]","[284.87, 46]",278.39,202,10.77,-0.07
07:35:49,"[273.0, 21]","[265.0, 21]","[284.0, 42]","[285.0, 28]",278.5,112,11.0,-0.25
07:35:50,"[279.46, 39]","[272.2, 30]","[284.0, 60]","[285.0, 40]",281.73,169,4.54,-0.18
07:35:51,"[273.0, 20]","[265.0, 30]","[284.0, 60]","[285.0, 40]",278.5,150,11.0,-0.33
07:35:52,"[271.63, 30]","[266.47, 38]","[284.0, 66]","[285.0, 44]",277.82,178,12.37,-0.24
07:35:53,"[272.41, 22]","[269.78, 36]","[284.0, 72]","[285.0, 48]",278.2,178,11.59,-0.35
07:35:54,"[278.85, 33]","[271.56, 18]","[284.0, 102]","[296.12, 68]",281.42,221,5.15,-0.54
07:35:55,"[281.0, 60]","[276.42, 12]","[284.0, 70]","[300.56, 27]",282.5,169,3.0,-0.15
07:35:56,"[281.0, 80]","[277.0, 16]","[283.28, 57]","[284.01, 72]",282.14,225,2.28,-0.15
07:35:57,"[281.0, 47]","[277.96, 67]","[282.43, 42]","[284.88, 33]",281.71,189,1.43,0.21
07:35:58,"[281.0, 11]","[278.0, 88]","[284.42, 43]","[285.83, 41]",282.71,183,3.42,0.08
07:35:59,"[279.29, 28]","[277.98, 98]","[283.08, 60]","[285.72, 57]",281.18,243,3.8,0.04
07:36:00,"[278.0, 86]","[277.0, 12]","[279.61, 33]","[280.77, 40]",278.8,171,1.61,0.15
07:36:01,"[278.0, 48]","[277.0, 15]","[285.05, 41]","[287.36, 25]",281.52,129,7.05,-0.02
07:36:02,"[275.14, 28]","[267.91, 66]","[285.69, 35]","[287.12, 40]",280.41,169,10.54,0.11
07:36:03,"[270.0, 11]","[267.0, 66]","[281.73, 22]","[286.17, 36]",275.86,135,11.73,0.14
07:36:04,"[270.0, 12]","[267.0, 72]","[279.08, 24]","[282.43, 21]",274.54,129,9.08,0.3
07:36:05,"[270.0, 9]","[267.0, 54]","[278.33, 18]","[282.07, 45]",274.17,126,8.33,0.0
07:36:06,"[270.0, 7]","[267.0, 33]","[278.0, 14]","[281.0, 56]",274.0,110,8.0,-0.27
07:36:07,"[270.0, 13]","[267.0, 52]","[276.62, 26]","[280.96, 96]",273.31,187,6.62,-0.3
07:36:08,"[267.94, 32]","[264.58, 67]","[274.21, 28]","[279.55, 22]",271.08,149,6.28,0.33
07:36:09,"[264.73, 44]","[235.07, 70]","[273.47, 34]","[279.76, 51]",269.1,199,8.74,0.15
07:36:10,"[264.0, 30]","[227.4, 45]","[272.0, 20]","[279.0, 75]",268.0,170,8.0,-0.12
07:36:11,"[264.0, 36]","[230.5, 60]","[271.0, 24]","[274.4, 15]",267.5,135,7.0,0.42
07:36:12,"[264.0, 18]","[236.43, 28]","[269.17, 12]","[271.0, 16]",266.58,74,5.17,0.24
07:36:13,"[264.83, 36]","[262.64, 53]","[269.75, 20]","[274.14, 43]",267.29,152,4.92,0.17
07:36:14,"[265.2, 30]","[264.0, 27]","[274.82, 61]","[289.93, 87]",270.01,205,9.62,-0.44
07:36:15,"[274.25, 96]","[265.9, 80]","[278.88, 80]","[280.78, 67]",276.56,323,4.62,0.09
07:36:16,"[277.0, 77]","[274.18, 66]","[279.69, 51]","[280.58, 48]",278.34,242,2.69,0.18
07:36:17,"[277.0, 63]","[275.0, 54]","[279.0, 36]","[280.0, 45]",278.0,198,2.0,0.18
07:36:18,"[277.0, 36]","[276.0, 32]","[278.78, 23]","[280.11, 38]",277.89,129,1.78,0.05
07:36:19,"[278.2, 15]","[276.77, 35]","[280.0, 55]","[283.0, 44]",279.1,149,1.8,-0.33
07:36:20,"[276.81, 26]","[275.67, 63]","[280.0, 70]","[283.0, 56]",278.4,215,3.19,-0.17
07:36:21,"[275.03, 37]","[272.43, 42]","[281.22, 59]","[345.77, 52]",278.12,190,6.19,-0.17
07:36:22,"[275.0, 16]","[272.0, 21]","[283.0, 28]","[425.0, 28]",279.0,93,8.0,-0.2
07:36:23,"[276.0, 18]","[272.75, 24]","[281.22, 36]","[396.86, 37]",278.61,115,5.22,-0.27
07:36:24,"[278.0, 12]","[275.0, 12]","[279.0, 24]","[282.67, 24]",278.5,72,1.0,-0.33
07:36:25,"[278.0, 14]","[275.0, 14]","[279.0, 28]","[282.0, 28]",278.5,84,1.0,-0.33
07:36:26,"[278.0, 12]","[275.0, 12]","[279.0, 24]","[282.0, 24]",278.5,72,1.0,-0.33
07:36:27,"[269.58, 38]","[260.07, 30]","[278.59, 49]","[281.75, 48]",274.09,165,9.01,-0.18
07:36:28,"[265.09, 92]","[262.9, 40]","[273.27, 37]","[276.69, 52]",269.18,221,8.18,0.19
07:36:29,"[266.0, 32]","[265.0, 26]","[271.0, 16]","[276.14, 28]",268.5,102,5.0,0.14
07:36:30,"[266.0, 48]","[265.0, 24]","[271.0, 24]","[277.0, 48]",268.5,144,5.0,0.0
07:36:31,"[266.09, 44]","[263.36, 22]","[271.0, 22]","[277.0, 44]",268.55,132,4.91,0.0
07:36:32,"[265.27, 64]","[262.64, 33]","[270.58, 48]","[275.67, 54]",267.92,199,5.32,-0.03
07:36:33,"[265.71, 126]","[261.5, 28]","[271.95, 39]","[274.62, 32]",268.83,225,6.23,0.37
07:36:34,"[267.5, 126]","[258.31, 78]","[270.36, 28]","[272.0, 42]",268.93,274,2.86,0.49
07:36:35,"[258.0, 70]","[205.46, 13]","[271.0, 28]","[273.09, 23]",264.5,134,13.0,0.24
07:36:36,"[259.4, 105]","[248.61, 49]","[268.76, 62]","[270.45, 33]",264.08,249,9.36,0.24
07:36:37,"[260.5, 84]","[258.0, 12]","[267.62, 26]","[269.19, 31]",264.06,153,7.12,0.25
07:36:38,"[261.3, 70]","[256.89, 18]","[272.07, 29]","[273.14, 21]",266.68,138,10.77,0.28
07:36:39,"[262.17, 46]","[257.91, 44]","[272.0, 24]","[273.0, 16]",267.09,130,9.83,0.38
07:36:40,"[264.99, 77]","[263.74, 54]","[273.73, 45]","[306.39, 46]",269.36,222,8.75,0.18
07:36:41,"[267.07, 28]","[265.51, 35]","[278.42, 24]","[296.54, 78]",272.74,165,11.35,-0.24
07:36:42,"[269.43, 28]","[268.0, 14]","[276.59, 17]","[333.25, 61]",273.01,120,7.16,-0.3
07:36:43,"[272.78, 18]","[272.15, 27]","[275.0, 60]","[276.0, 15]",273.89,120,2.22,-0.25
07:36:44,"[265.64, 42]","[260.06, 79]","[274.73, 22]","[276.0, 16]",270.19,159,9.08,0.52
07:36:45,"[262.55, 22]","[258.36, 22]","[273.0, 12]","[276.0, 12]",267.77,68,10.45,0.29
07:36:46,"[262.0, 12]","[256.09, 22]","[271.83, 12]","[319.94, 18]",266.92,64,9.83,0.06
07:36:47,"[262.0, 19]","[256.0, 25]","[263.64, 22]","[269.22, 51]",262.82,117,1.64,-0.25
07:36:48,"[262.0, 10]","[256.0, 10]","[263.0, 20]","[268.98, 92]",262.5,132,1.0,-0.7
07:36:49,"[263.0, 12]","[258.0, 21]","[267.98, 59]","[454.16, 19]",265.49,111,4.98,-0.41
07:36:50,"[262.83, 48]","[256.93, 15]","[269.0, 84]","[482.25, 24]",265.92,171,6.17,-0.26
07:36:51,"[264.75, 80]","[260.0, 8]","[269.0, 56]","[441.12, 16]",266.88,160,4.25,0.1
07:36:52,"[265.55, 110]","[260.0, 11]","[269.0, 77]","[591.0, 22]",267.27,220,3.45,0.1
07:36:53,"[266.91, 110]","[255.36, 11]","[269.0, 77]","[397.91, 22]",267.95,220,2.09,0.1
07:36:54,"[267.83, 138]","[259.29, 21]","[270.6, 95]","[311.69, 32]",269.21,286,2.77,0.11
07:36:55,"[280.55, 11]","[268.46, 26]","[303.45, 22]","[368.48, 25]",292.0,84,22.91,-0.12
07:36:56,"[273.05, 80]","[273.98, 167]","[322.08, 26]","[405.15, 26]",297.56,299,49.03,0.65
07:36:57,"[277.5, 30]","[275.19, 126]","[305.0, 20]","[329.62, 29]",291.25,205,27.5,0.52
07:36:58,"[277.79, 73]","[275.22, 107]","[300.33, 18]","[312.71, 21]",289.06,219,22.54,0.64
07:36:59,"[278.0, 125]","[277.0, 27]","[298.0, 18]","[480.33, 18]",288.0,188,20.0,0.62
07:37:00,"[278.0, 117]","[277.0, 27]","[338.0, 18]","[492.74, 19]",308.0,181,60.0,0.59
07:37:01,"[278.0, 130]","[277.0, 42]","[376.57, 28]","[560.71, 28]",327.29,228,98.57,0.51
07:37:02,"[278.0, 36]","[277.0, 18]","[329.67, 9]","[514.33, 12]",303.83,75,51.67,0.44
07:37:03,"[278.0, 48]","[277.0, 24]","[323.0, 14]","[483.38, 13]",300.5,99,45.0,0.45
07:37:04,"[278.0, 84]","[277.0, 42]","[320.42, 38]","[403.67, 18]",299.21,182,42.42,0.38
07:37:05,"[278.0, 42]","[277.0, 21]","[327.71, 7]","[550.69, 13]",302.86,83,49.71,0.52
07:37:06,"[278.0, 81]","[277.0, 48]","[326.23, 26]","[425.32, 22]",302.12,177,48.23,0.46
07:37:07,"[278.0, 70]","[277.0, 42]","[310.8, 15]","[316.41, 27]",294.4,154,32.8,0.45
07:37:08,"[278.0, 40]","[277.0, 24]","[281.14, 14]","[282.4, 10]",279.57,88,3.14,0.45
07:37:09,"[278.2, 30]","[277.57, 42]","[280.91, 22]","[282.32, 19]",279.55,113,2.71,0.27
07:37:10,"[277.81, 16]","[275.47, 77]","[281.0, 22]","[319.23, 26]",279.41,141,3.19,0.32
07:37:11,"[277.0, 31]","[274.92, 75]","[281.0, 22]","[575.0, 11]",279.0,139,4.0,0.53
07:37:12,"[274.06, 85]","[272.0, 15]","[279.67, 30]","[499.73, 15]",276.86,145,5.61,0.38
07:37:13,"[272.0, 40]","[270.0, 4]","[279.0, 8]","[524.0, 4]",275.5,56,7.0,0.57
07:37:14,"[272.0, 60]","[270.0, 6]","[279.0, 12]","[474.0, 10]",275.5,88,7.0,0.5
07:37:15,"[272.0, 60]","[270.0, 6]","[278.17, 12]","[418.0, 18]",275.08,96,6.17,0.38
07:37:16,"[272.0, 106]","[270.0, 12]","[276.25, 24]","[430.0, 36]",274.12,178,4.25,0.33
07:37:17,"[271.98, 55]","[271.67, 54]","[469.48, 29]","[566.96, 25]",370.73,163,197.5,0.34
07:37:18,"[271.0, 49]","[269.0, 7]","[605.67, 9]","[606.95, 19]",438.33,84,334.67,0.33
07:37:19,"[271.12, 40]","[270.4, 50]","[471.08, 24]","[566.5, 14]",371.1,128,199.96,0.41
07:37:20,"[271.03, 58]","[270.27, 22]","[276.11, 27]","[365.29, 14]",273.57,121,5.08,0.32
07:37:21,"[271.4, 35]","[270.88, 52]","[274.6, 30]","[276.0, 20]",273.0,137,3.2,0.27
07:37:22,"[272.15, 59]","[270.89, 19]","[274.0, 39]","[277.15, 26]",273.08,143,1.85,0.09
07:37:23,"[268.5, 16]","[263.14, 7]","[277.5, 12]","[371.69, 13]",273.0,48,9.0,-0.04
07:37:24,"[267.22, 9]","[266.0, 45]","[280.2, 10]","[301.68, 19]",273.71,83,12.98,0.3
07:37:25,"[268.0, 25]","[257.56, 73]","[279.4, 15]","[281.0, 30]",273.7,143,11.4,0.37
07:37:26,"[268.01, 73]","[205.09, 35]","[409.53, 17]","[548.48, 50]",338.77,175,141.52,0.23
07:37:27,"[278.65, 141]","[268.24, 33]","[471.23, 40]","[627.95, 43]",374.94,257,192.58,0.35
07:37:28,"[279.0, 136]","[275.12, 8]","[282.0, 40]","[417.0, 16]",280.5,200,3.0,0.44
07:37:29,"[279.0, 204]","[276.8, 20]","[282.0, 60]","[382.0, 42]",280.5,326,3.0,0.37
07:37:30,"[279.0, 137]","[277.0, 18]","[282.0, 45]","[417.0, 18]",280.5,218,3.0,0.42
07:37:31,"[279.0, 96]","[277.0, 14]","[280.71, 17]","[291.12, 33]",279.85,160,1.71,0.38
07:37:32,"[279.0, 94]","[277.0, 16]","[281.05, 19]","[295.57, 37]",280.03,166,2.05,0.33
07:37:33,"[279.0, 72]","[277.0, 24]","[282.54, 24]","[300.8, 25]",280.77,145,3.54,0.32
07:37:34,"[279.0, 36]","[277.0, 14]","[280.88, 8]","[282.67, 15]",279.94,73,1.88,0.37
07:37:35,"[279.0, 14]","[277.96, 50]","[286.29, 35]","[533.0, 35]",282.64,134,7.29,-0.04
07:37:36,"[279.14, 14]","[278.04, 50]","[288.0, 35]","[437.0, 35]",283.57,134,8.86,-0.04
07:37:37,"[279.44, 9]","[278.09, 44]","[288.0, 35]","[305.0, 35]",283.72,123,8.56,-0.14
07:37:38,"[278.38, 13]","[277.85, 47]","[288.0, 30]","[305.0, 30]",283.19,120,9.62,0.0
07:37:39,"[278.0, 96]","[277.0, 132]","[286.29, 42]","[311.5, 60]",282.14,330,8.29,0.38
07:37:40,"[278.0, 80]","[277.0, 110]","[283.54, 26]","[287.8, 50]",280.77,266,5.54,0.43
07:37:41,"[278.0, 68]","[277.0, 110]","[286.0, 50]","[349.09, 23]",282.0,251,8.0,0.42
07:37:42,"[277.27, 75]","[276.93, 71]","[286.0, 55]","[461.35, 34]",281.63,235,8.73,0.24
07:37:43,"[277.1, 61]","[276.93, 71]","[286.0, 55]","[435.84, 25]",281.55,212,8.9,0.25
07:37:44,"[277.41, 69]","[276.81, 27]","[286.0, 35]","[452.71, 14]",281.7,145,8.59,0.32
07:37:45,"[279.0, 65]","[277.0, 121]","[282.18, 55]","[294.14, 43]",280.59,284,3.18,0.31
07:37:46,"[277.1, 116]","[276.69, 32]","[283.0, 60]","[400.42, 33]",280.05,241,5.9,0.23
07:37:47,"[277.0, 137]","[276.0, 15]","[284.0, 75]","[433.03, 39]",280.5,266,7.0,0.14
07:37:48,"[277.0, 26]","[276.0, 7]","[284.0, 35]","[352.74, 23]",280.5,91,7.0,-0.27
07:37:49,"[277.0, 16]","[276.0, 8]","[284.0, 40]","[436.0, 40]",280.5,104,7.0,-0.54
07:37:50,"[277.0, 16]","[276.0, 8]","[284.0, 40]","[518.71, 34]",280.5,98,7.0,-0.51
07:37:51,"[277.0, 12]","[276.0, 6]","[284.0, 30]","[477.95, 21]",280.5,69,7.0,-0.48
07:37:52,"[277.0, 20]","[276.0, 10]","[282.68, 41]","[325.05, 41]",279.84,112,5.68,-0.46
07:37:53,"[275.75, 12]","[273.95, 56]","[279.44, 18]","[281.47, 34]",277.6,120,3.69,0.13
07:37:54,"[273.67, 24]","[271.2, 120]","[278.5, 12]","[280.0, 24]",276.08,180,4.83,0.6
07:37:55,"[273.55, 44]","[270.35, 112]","[278.0, 11]","[280.0, 22]",275.77,189,4.45,0.65
07:37:56,"[270.8, 44]","[266.3, 242]","[278.0, 14]","[280.0, 28]",274.4,328,7.2,0.74
07:37:57,"[277.0, 9]","[267.0, 81]","[278.0, 9]","[280.0, 18]",277.5,117,1.0,0.54
07:37:58,"[270.7, 10]","[265.5, 48]","[278.0, 6]","[283.89, 18]",274.35,82,7.3,0.41
07:37:59,"[266.0, 36]","[265.0, 216]","[275.67, 12]","[283.25, 24]",270.83,288,9.67,0.75
07:38:00,"[265.07, 285]","[264.57, 168]","[273.0, 28]","[274.41, 22]",269.04,503,7.93,0.8
07:38:01,"[265.0, 234]","[264.0, 65]","[271.0, 20]","[320.73, 15]",268.0,334,6.0,0.79
07:38:02,"[265.65, 101]","[264.89, 223]","[281.0, 64]","[514.18, 68]",273.33,456,15.35,0.42
07:38:03,"[275.97, 29]","[264.35, 121]","[281.0, 44]","[449.09, 33]",278.48,227,5.03,0.32
07:38:04,"[278.48, 71]","[275.0, 29]","[281.0, 56]","[380.71, 42]",279.74,198,2.52,0.01
07:38:05,"[280.0, 77]","[277.0, 44]","[281.0, 44]","[550.0, 45]",280.5,210,1.0,0.15
07:38:06,"[280.0, 55]","[277.0, 36]","[281.0, 36]","[637.0, 45]",280.5,172,1.0,0.06
07:38:07,"[280.0, 33]","[277.0, 44]","[281.0, 44]","[623.42, 43]",280.5,164,1.0,-0.06
07:38:08,"[280.0, 33]","[277.0, 44]","[281.0, 44]","[556.83, 47]",280.5,168,1.0,-0.08
07:38:09,"[277.17, 41]","[273.93, 29]","[280.08, 48]","[328.0, 36]",278.63,154,2.91,-0.09
07:38:10,"[276.0, 10]","[272.0, 80]","[285.5, 40]","[432.86, 29]",280.75,159,9.5,0.13
07:38:11,"[273.5, 16]","[271.84, 50]","[283.0, 32]","[332.0, 24]",278.25,122,9.5,0.08
07:38:12,"[272.0, 30]","[268.0, 6]","[280.0, 24]","[286.0, 24]",276.0,84,8.0,-0.14
07:38:13,"[272.0, 32]","[263.08, 122]","[280.0, 28]","[286.0, 28]",276.0,210,8.0,0.47
07:38:14,"[275.0, 36]","[264.66, 141]","[286.0, 56]","[313.0, 28]",280.5,261,11.0,0.36
07:38:15,"[278.0, 26]","[277.0, 39]","[311.36, 55]","[385.98, 41]",294.68,161,33.36,-0.19
07:38:16,"[278.0, 20]","[277.0, 30]","[279.75, 32]","[284.8, 40]",278.88,122,1.75,-0.18
07:38:17,"[275.31, 13]","[272.95, 20]","[279.95, 38]","[289.9, 40]",277.63,111,4.64,-0.41
07:38:18,"[274.0, 13]","[272.0, 26]","[290.23, 52]","[304.69, 52]",282.12,143,16.23,-0.45
07:38:19,"[267.0, 39]","[265.0, 52]","[287.92, 52]","[292.0, 52]",277.46,195,20.92,-0.07
07:38:20,"[267.0, 30]","[265.0, 40]","[277.43, 28]","[283.8, 40]",272.21,138,10.43,0.01
07:38:21,"[267.0, 30]","[265.0, 40]","[269.0, 40]","[270.0, 20]",268.0,130,2.0,0.08
07:38:22,"[267.0, 39]","[265.0, 52]","[268.38, 52]","[271.15, 26]",267.69,169,1.38,0.08
07:38:23,"[267.0, 18]","[265.0, 32]","[271.18, 22]","[279.62, 26]",269.09,98,4.18,0.02
07:38:24,"[267.0, 20]","[265.0, 40]","[275.0, 20]","[281.0, 40]",271.0,120,8.0,0.0
07:38:25,"[267.0, 16]","[265.0, 32]","[279.0, 24]","[418.78, 36]",273.0,108,12.0,-0.11
07:38:26,"[271.0, 10]","[265.29, 14]","[281.0, 16]","[529.0, 20]",276.0,60,10.0,-0.2
07:38:27,"[277.0, 48]","[272.33, 24]","[281.0, 48]","[506.83, 58]",279.0,178,4.0,-0.19
07:38:28,"[277.0, 52]","[275.24, 21]","[281.0, 52]","[536.98, 63]",279.0,188,4.0,-0.22
07:38:29,"[273.18, 22]","[267.0, 16]","[311.0, 28]","[429.8, 40]",292.09,106,37.82,-0.28
07:38:30,"[267.0, 12]","[264.0, 6]","[275.0, 24]","[281.33, 6]",271.0,48,8.0,-0.25
07:38:31,"[267.92, 26]","[266.88, 25]","[274.54, 70]","[276.4, 75]",271.23,196,6.62,-0.48
07:38:32,"[268.75, 32]","[265.58, 31]","[272.21, 47]","[273.38, 65]",270.48,175,3.46,-0.28
07:38:33,"[266.35, 23]","[261.84, 19]","[269.39, 23]","[271.8, 59]",267.87,124,3.04,-0.32
07:38:34,"[260.43, 14]","[226.14, 21]","[268.0, 67]","[275.27, 55]",264.21,157,7.57,-0.55
07:38:35,"[261.0, 20]","[259.4, 5]","[268.0, 35]","[276.0, 25]",264.5,85,7.0,-0.41
07:38:36,"[265.35, 74]","[264.87, 61]","[268.0, 105]","[276.0, 75]",266.68,315,2.65,-0.14
07:38:37,"[267.0, 44]","[238.29, 14]","[268.0, 11]","[276.0, 55]",267.5,124,1.0,-0.06
07:38:38,"[263.84, 19]","[253.36, 56]","[275.14, 28]","[276.5, 20]",269.49,123,11.3,0.22
07:38:39,"[258.88, 24]","[254.16, 122]","[267.32, 25]","[272.67, 30]",263.1,201,8.44,0.45
07:38:40,"[256.08, 105]","[253.08, 63]","[273.33, 45]","[275.68, 19]",264.7,232,17.26,0.45
07:38:41,"[256.0, 154]","[254.0, 11]","[267.6, 20]","[272.31, 29]",261.8,214,11.6,0.54
07:38:42,"[256.0, 196]","[254.0, 14]","[263.77, 26]","[268.6, 20]",259.88,256,7.77,0.64
07:38:43,"[256.1, 155]","[255.12, 25]","[273.0, 12]","[274.0, 48]",264.55,240,16.9,0.5
07:38:44,"[271.0, 8]","[256.0, 112]","[392.73, 22]","[487.76, 29]",331.86,171,121.73,0.4
07:38:45,"[267.89, 9]","[257.33, 21]","[272.0, 18]","[317.0, 36]",269.94,84,4.11,-0.29
07:38:46,"[260.93, 54]","[259.36, 33]","[303.76, 34]","[376.14, 43]",282.35,164,42.84,0.06
07:38:47,"[279.0, 14]","[260.09, 70]","[381.53, 59]","[503.51, 51]",330.26,194,102.53,-0.13
07:38:48,"[276.88, 17]","[271.43, 23]","[303.22, 36]","[439.8, 30]",290.05,106,26.34,-0.25
07:38:49,"[276.0, 9]","[268.78, 9]","[300.26, 35]","[330.5, 28]",288.13,81,24.26,-0.56
07:38:50,"[276.0, 10]","[275.0, 10]","[292.33, 36]","[309.94, 36]",284.17,92,16.33,-0.57
07:38:51,"[261.73, 11]","[260.18, 11]","[281.43, 21]","[286.06, 32]",271.58,75,19.7,-0.41
07:38:52,"[262.78, 18]","[261.0, 18]","[265.47, 30]","[267.31, 58]",264.12,124,2.69,-0.42
07:38:53,"[259.92, 26]","[256.08, 25]","[265.19, 31]","[266.77, 31]",262.56,113,5.27,-0.1
07:38:54,"[255.82, 11]","[254.57, 21]","[263.8, 30]","[266.0, 10]",259.81,72,7.98,-0.11
07:38:55,"[255.29, 17]","[253.39, 18]","[262.91, 33]","[265.31, 13]",259.1,81,7.61,-0.14
07:38:56,"[256.0, 10]","[255.0, 20]","[267.0, 42]","[270.0, 24]",261.5,96,11.0,-0.38
07:38:57,"[256.0, 9]","[255.0, 18]","[269.0, 45]","[270.78, 18]",262.5,90,13.0,-0.4
07:38:58,"[256.0, 3]","[255.0, 6]","[269.0, 15]","[270.0, 6]",262.5,30,13.0,-0.4
07:38:59,"[256.0, 7]","[255.0, 14]","[269.0, 35]","[270.0, 14]",262.5,70,13.0,-0.4
07:39:00,"[256.0, 9]","[255.0, 18]","[269.0, 45]","[270.0, 18]",262.5,90,13.0,-0.4
07:39:01,"[259.33, 9]","[256.67, 12]","[269.0, 35]","[270.0, 14]",264.17,70,9.67,-0.4
07:39:02,"[264.0, 9]","[258.0, 18]","[269.0, 41]","[270.0, 18]",266.5,86,5.0,-0.37
07:39:03,"[258.43, 28]","[257.13, 30]","[266.0, 48]","[269.18, 65]",262.21,171,7.57,-0.32
07:39:04,"[258.0, 14]","[257.0, 14]","[269.0, 66]","[482.19, 27]",263.5,121,11.0,-0.54
07:39:05,"[258.82, 22]","[256.21, 29]","[269.0, 97]","[396.24, 34]",263.91,182,10.18,-0.44
07:39:06,"[260.62, 40]","[260.35, 37]","[268.55, 49]","[269.66, 83]",264.59,209,7.93,-0.26
07:39:07,"[262.25, 24]","[261.0, 60]","[267.0, 24]","[268.0, 48]",264.62,156,4.75,0.08
07:39:08,"[263.48, 31]","[260.82, 44]","[266.93, 28]","[268.77, 44]",265.21,147,3.44,0.02
07:39:09,"[265.57, 49]","[264.17, 42]","[269.0, 62]","[275.0, 42]",267.29,195,3.43,-0.07
07:39:10,"[268.27, 22]","[260.47, 32]","[274.45, 33]","[275.91, 33]",271.36,120,6.18,-0.1
07:39:11,"[270.88, 52]","[269.92, 48]","[275.0, 48]","[276.0, 48]",272.94,196,4.12,0.02
07:39:12,"[272.05, 42]","[270.89, 74]","[274.44, 25]","[276.35, 60]",273.24,201,2.39,0.15
07:39:13,"[276.4, 50]","[271.5, 62]","[412.67, 51]","[533.0, 48]",344.53,211,136.27,0.06
07:39:14,"[280.0, 21]","[272.0, 42]","[417.0, 28]","[510.52, 23]",348.5,114,137.0,0.11
07:39:15,"[275.0, 32]","[271.41, 34]","[348.44, 27]","[378.25, 24]",311.72,117,73.44,0.13
07:39:16,"[272.0, 40]","[270.0, 20]","[342.0, 40]","[403.57, 21]",307.0,121,70.0,-0.01
07:39:17,"[273.5, 20]","[272.5, 40]","[324.67, 57]","[442.97, 33]",299.08,150,51.17,-0.2
07:39:18,"[276.62, 29]","[273.94, 18]","[319.33, 36]","[396.11, 18]",297.98,101,42.71,-0.07
07:39:19,"[277.0, 102]","[276.0, 13]","[371.74, 38]","[543.18, 34]",324.37,187,94.74,0.23
07:39:20,"[277.0, 116]","[276.0, 12]","[406.88, 32]","[446.81, 26]",341.94,186,129.88,0.38
07:39:21,"[277.0, 72]","[276.0, 12]","[327.29, 28]","[366.0, 42]",302.14,154,50.29,0.09
07:39:22,"[277.84, 19]","[276.73, 11]","[299.0, 55]","[348.27, 11]",288.42,96,21.16,-0.38
07:39:23,"[277.75, 8]","[276.6, 5]","[297.6, 5]","[299.0, 25]",287.68,43,19.85,-0.4
07:39:24,"[278.0, 22]","[276.47, 15]","[296.18, 11]","[299.0, 55]",287.09,103,18.18,-0.28
07:39:25,"[278.0, 22]","[276.0, 22]","[292.68, 19]","[295.77, 31]",285.34,94,14.68,-0.06
07:39:26,"[278.0, 18]","[276.0, 18]","[288.45, 29]","[290.73, 11]",283.22,76,10.45,-0.05
07:39:27,"[278.0, 11]","[276.0, 22]","[283.33, 27]","[288.47, 19]",280.67,79,5.33,-0.16
07:39:28,"[278.0, 29]","[276.0, 22]","[280.0, 27]","[282.65, 17]",279.0,95,2.0,0.07
07:39:29,"[278.0, 29]","[276.0, 30]","[279.0, 45]","[280.0, 15]",278.5,119,1.0,-0.01
07:39:30,"[273.38, 26]","[272.57, 28]","[278.83, 18]","[419.94, 16]",276.11,88,5.45,0.23
07:39:31,"[276.12, 17]","[273.05, 21]","[280.0, 9]","[352.84, 31]",278.06,78,3.88,-0.03
07:39:32,"[273.71, 42]","[272.5, 12]","[278.92, 12]","[287.33, 36]",276.32,102,5.2,0.06
07:39:33,"[273.5, 18]","[272.9, 31]","[283.06, 18]","[424.75, 36]",278.28,103,9.56,-0.05
07:39:34,"[278.0, 11]","[273.18, 17]","[286.0, 57]","[574.64, 55]",282.0,140,8.0,-0.6
07:39:35,"[278.0, 18]","[274.0, 35]","[284.61, 54]","[331.78, 54]",281.31,161,6.61,-0.34
07:39:36,"[278.0, 9]","[274.0, 18]","[282.44, 27]","[286.22, 27]",280.22,81,4.44,-0.33
07:39:37,"[278.0, 11]","[274.0, 22]","[281.82, 33]","[286.0, 33]",279.91,99,3.82,-0.33
07:39:38,"[278.0, 9]","[274.0, 18]","[281.0, 27]","[285.22, 27]",279.5,81,3.0,-0.33
07:39:39,"[275.27, 11]","[269.06, 34]","[280.8, 30]","[283.91, 33]",278.04,108,5.53,-0.17
07:39:40,"[273.0, 15]","[267.0, 60]","[279.04, 25]","[280.12, 43]",276.02,143,6.04,0.05
07:39:41,"[273.0, 12]","[267.0, 48]","[276.71, 14]","[278.23, 35]",274.86,109,3.71,0.1
07:39:42,"[273.0, 9]","[267.0, 36]","[277.0, 27]","[283.5, 26]",275.0,98,4.0,-0.08
07:39:43,"[268.38, 26]","[241.49, 59]","[276.9, 29]","[283.36, 33]",272.64,147,8.51,0.16
07:39:44,"[267.0, 40]","[223.0, 28]","[281.26, 27]","[284.41, 29]",274.13,124,14.26,0.1
07:39:45,"[274.4, 43]","[273.72, 203]","[278.98, 66]","[280.93, 42]",276.69,354,4.59,0.39
07:39:46,"[276.0, 16]","[274.0, 240]","[278.0, 80]","[284.0, 87]",277.0,423,2.0,0.21
07:39:47,"[276.0, 13]","[271.46, 195]","[277.23, 65]","[284.0, 39]",276.62,312,1.23,0.33
07:39:48,"[271.0, 225]","[251.4, 160]","[276.58, 36]","[278.5, 70]",273.79,491,5.58,0.57
07:39:49,"[271.0, 252]","[268.0, 216]","[275.63, 30]","[278.38, 78]",273.32,576,4.63,0.62
07:39:50,"[271.0, 154]","[268.0, 132]","[276.0, 33]","[280.27, 33]",273.5,352,5.0,0.62
07:39:51,"[271.16, 73]","[268.38, 174]","[275.62, 26]","[279.45, 33]",273.39,306,4.45,0.61
07:39:52,"[268.31, 78]","[265.49, 153]","[274.36, 22]","[278.27, 33]",271.34,286,6.06,0.62
07:39:53,"[268.0, 81]","[264.0, 108]","[273.11, 18]","[279.44, 27]",270.56,234,5.11,0.62
07:39:54,"[268.0, 81]","[264.0, 108]","[279.75, 24]","[282.45, 33]",273.88,246,11.75,0.54
07:39:55,"[268.0, 45]","[264.0, 60]","[282.0, 15]","[283.0, 20]",275.0,140,14.0,0.5
07:39:56,"[268.0, 63]","[264.0, 84]","[282.0, 21]","[283.0, 28]",275.0,196,14.0,0.5
07:39:57,"[268.03, 111]","[264.24, 153]","[279.95, 65]","[281.22, 87]",273.99,416,11.93,0.27
07:39:58,"[269.92, 39]","[268.0, 117]","[279.0, 51]","[281.0, 71]",274.46,278,9.08,0.12
07:39:59,"[268.35, 51]","[262.54, 123]","[279.0, 27]","[281.0, 45]",273.68,246,10.65,0.41
07:40:00,"[268.0, 77]","[262.88, 86]","[278.56, 27]","[280.45, 49]",273.28,239,10.56,0.36
07:40:01,"[268.29, 109]","[262.44, 174]","[277.68, 41]","[279.63, 79]",272.99,403,9.39,0.4
07:40:02,"[269.6, 120]","[268.0, 105]","[277.0, 45]","[278.0, 75]",273.3,345,7.4,0.3
07:40:03,"[270.0, 96]","[266.83, 84]","[276.6, 35]","[277.7, 50]",273.3,265,6.6,0.36
07:40:04,"[270.0, 120]","[266.0, 105]","[273.53, 34]","[275.42, 57]",271.76,316,3.53,0.42
07:40:05,"[270.0, 57]","[266.0, 105]","[276.52, 75]","[278.8, 50]",273.26,287,6.52,0.13
07:40:06,"[270.25, 36]","[266.0, 84]","[277.0, 61]","[279.73, 55]",273.62,236,6.75,0.02
07:40:07,"[271.0, 45]","[265.13, 105]","[277.0, 45]","[279.0, 75]",274.0,270,6.0,0.11
07:40:08,"[272.28, 54]","[263.12, 132]","[276.38, 45]","[278.25, 72]",274.33,303,4.1,0.23
07:40:09,"[274.12, 25]","[261.35, 178]","[276.78, 54]","[280.75, 80]",275.45,337,2.66,0.2
07:40:10,"[273.26, 57]","[269.38, 78]","[277.0, 23]","[279.0, 27]",275.13,185,3.74,0.46
07:40:11,"[273.0, 156]","[262.0, 72]","[278.89, 35]","[281.84, 58]",275.94,321,5.89,0.42
07:40:12,"[273.0, 82]","[262.21, 48]","[279.0, 27]","[282.0, 45]",276.0,202,6.0,0.29
07:40:13,"[273.0, 88]","[263.0, 55]","[279.0, 33]","[282.0, 55]",276.0,231,6.0,0.24
07:40:14,"[273.41, 81]","[270.46, 118]","[278.49, 57]","[281.48, 75]",275.95,331,5.08,0.2
07:40:15,"[274.55, 33]","[273.0, 88]","[277.0, 44]","[281.0, 33]",275.77,198,2.45,0.22
07:40:16,"[273.21, 150]","[265.12, 141]","[278.7, 50]","[283.78, 49]",275.96,390,5.49,0.49
07:40:17,"[277.0, 24]","[273.0, 96]","[281.0, 36]","[282.0, 12]",279.0,168,4.0,0.43
07:40:18,"[273.12, 99]","[264.76, 79]","[280.75, 48]","[282.33, 21]",276.94,247,7.63,0.44
07:40:19,"[273.0, 128]","[262.0, 80]","[278.2, 55]","[279.18, 57]",275.6,320,5.2,0.3
07:40:20,"[273.0, 168]","[262.83, 84]","[277.23, 69]","[281.13, 108]",275.12,429,4.23,0.17
07:40:21,"[273.1, 80]","[269.03, 103]","[279.22, 87]","[282.18, 77]",276.16,347,6.12,0.05
07:40:22,"[273.08, 73]","[263.06, 83]","[282.0, 70]","[287.0, 10]",277.54,236,8.92,0.32
07:40:23,"[279.0, 56]","[272.45, 127]","[281.61, 61]","[282.53, 64]",280.3,308,2.61,0.19
07:40:24,"[273.06, 94]","[264.72, 93]","[285.93, 58]","[288.86, 37]",279.5,282,12.87,0.33
07:40:25,"[279.25, 24]","[273.53, 34]","[285.75, 32]","[287.67, 36]",282.5,126,6.5,-0.08
07:40:26,"[279.88, 24]","[275.15, 40]","[284.71, 62]","[286.2, 50]",282.29,176,4.83,-0.27
07:40:27,"[278.0, 12]","[276.0, 36]","[283.0, 36]","[284.08, 60]",280.5,144,5.0,-0.33
07:40:28,"[278.0, 12]","[276.0, 36]","[283.0, 36]","[284.0, 60]",280.5,144,5.0,-0.33
07:40:29,"[277.09, 11]","[273.93, 58]","[283.0, 33]","[284.0, 55]",280.05,157,5.91,-0.12
07:40:30,"[276.0, 12]","[273.0, 96]","[282.67, 36]","[284.0, 60]",279.33,204,6.67,0.06
07:40:31,"[273.44, 41]","[271.19, 62]","[280.08, 39]","[284.69, 65]",276.76,207,6.64,-0.0
07:40:32,"[273.0, 65]","[265.0, 26]","[277.76, 42]","[285.54, 89]",275.38,222,4.76,-0.18
07:40:33,"[273.0, 42]","[265.0, 28]","[275.04, 49]","[281.38, 56]",274.02,175,2.04,-0.2
07:40:34,"[273.0, 12]","[265.0, 24]","[275.5, 36]","[283.08, 60]",274.25,132,2.5,-0.45
07:40:35,"[278.38, 39]","[268.0, 16]","[281.87, 46]","[283.64, 28]",280.13,129,3.48,-0.15
07:40:36,"[279.0, 38]","[273.0, 117]","[281.92, 52]","[283.18, 45]",280.46,252,2.92,0.23
07:40:37,"[279.0, 22]","[276.69, 89]","[285.55, 55]","[289.0, 11]",282.27,177,6.55,0.25
07:40:38,"[278.43, 37]","[277.73, 88]","[287.0, 55]","[289.0, 11]",282.72,191,8.57,0.31
07:40:39,"[278.0, 56]","[277.0, 64]","[287.0, 40]","[289.0, 8]",282.5,168,9.0,0.43
07:40:40,"[278.0, 68]","[277.0, 88]","[287.0, 55]","[289.0, 11]",282.5,222,9.0,0.41
07:40:41,"[278.0, 40]","[277.0, 104]","[287.14, 57]","[290.18, 17]",282.57,218,9.14,0.32
07:40:42,"[278.0, 10]","[277.0, 40]","[288.0, 15]","[289.0, 5]",283.0,70,10.0,0.43
07:40:43,"[278.0, 12]","[277.0, 48]","[288.0, 18]","[289.0, 6]",283.0,84,10.0,0.43
07:40:44,"[277.47, 38]","[276.9, 80]","[288.0, 39]","[289.0, 13]",282.74,170,10.53,0.39
07:40:45,"[277.0, 47]","[276.0, 20]","[288.0, 30]","[289.0, 10]",282.5,107,11.0,0.25
07:40:46,"[277.0, 16]","[276.0, 16]","[288.0, 24]","[289.0, 8]",282.5,64,11.0,0.0
07:40:47,"[277.0, 16]","[276.0, 16]","[287.6, 20]","[288.25, 16]",282.3,68,10.6,-0.06
07:40:48,"[277.0, 24]","[276.0, 24]","[286.25, 24]","[288.25, 32]",281.62,104,9.25,-0.08
07:40:49,"[277.0, 20]","[276.0, 20]","[285.9, 20]","[288.0, 10]",281.45,70,8.9,0.14
07:40:50,"[275.96, 27]","[273.26, 68]","[284.41, 17]","[285.55, 22]",280.19,134,8.45,0.42
07:40:51,"[279.0, 27]","[273.0, 81]","[282.12, 16]","[283.73, 11]",280.56,135,3.12,0.6
07:40:52,"[275.33, 55]","[270.96, 137]","[281.41, 34]","[282.31, 26]",278.37,252,6.08,0.52
07:40:53,"[274.8, 15]","[273.0, 120]","[280.52, 21]","[281.48, 23]",277.66,179,5.72,0.51
07:40:54,"[273.86, 28]","[272.86, 98]","[277.45, 22]","[278.8, 15]",275.66,163,3.6,0.55
07:40:55,"[273.0, 118]","[266.0, 16]","[275.5, 16]","[278.12, 16]",274.25,166,2.5,0.61
07:40:56,"[273.0, 20]","[266.0, 5]","[282.0, 9]","[284.6, 15]",277.5,49,9.0,0.02
07:40:57,"[275.79, 87]","[268.15, 27]","[286.0, 45]","[287.0, 75]",280.9,234,10.21,-0.03
07:40:58,"[278.0, 74]","[273.0, 54]","[286.0, 27]","[287.0, 45]",282.0,200,8.0,0.28
07:40:59,"[278.0, 36]","[273.0, 36]","[286.0, 18]","[287.0, 30]",282.0,120,8.0,0.2
07:41:00,"[278.0, 48]","[273.0, 36]","[286.0, 18]","[287.0, 30]",282.0,132,8.0,0.27
07:41:01,"[278.0, 54]","[273.0, 36]","[287.14, 22]","[289.08, 25]",282.57,137,9.14,0.31
07:41:02,"[278.92, 78]","[276.33, 108]","[291.0, 42]","[294.0, 56]",284.96,284,12.08,0.31
07:41:03,"[281.0, 45]","[278.0, 135]","[286.23, 31]","[290.31, 29]",283.61,240,5.23,0.5
07:41:04,"[281.0, 36]","[278.0, 108]","[284.96, 46]","[286.25, 32]",282.98,222,3.96,0.3
07:41:05,"[281.0, 36]","[278.0, 108]","[283.52, 46]","[285.11, 38]",282.26,228,2.52,0.26
07:41:06,"[278.0, 90]","[277.0, 75]","[283.0, 45]","[286.0, 45]",280.5,255,5.0,0.29
07:41:07,"[277.57, 56]","[276.08, 52]","[282.33, 24]","[284.07, 42]",279.95,174,4.76,0.24
07:41:08,"[277.0, 42]","[275.25, 40]","[278.58, 19]","[280.27, 11]",277.79,112,1.58,0.46
07:41:09,"[277.0, 36]","[276.0, 75]","[278.0, 45]","[286.07, 15]",277.5,171,1.0,0.3
07:41:10,"[276.3, 27]","[274.89, 27]","[279.51, 37]","[292.25, 48]",277.9,139,3.22,-0.22
07:41:11,"[276.0, 36]","[273.0, 36]","[291.71, 56]","[293.0, 48]",283.86,176,15.71,-0.18
07:41:12,"[276.0, 18]","[273.0, 18]","[290.33, 18]","[292.0, 36]",283.17,90,14.33,-0.2
07:41:13,"[276.19, 21]","[273.27, 22]","[287.48, 21]","[288.92, 12]",281.83,76,11.29,0.13
07:41:14,"[280.0, 16]","[276.0, 32]","[284.81, 32]","[288.41, 34]",282.41,114,4.81,-0.16
07:41:15,"[276.0, 7]","[273.0, 14]","[284.0, 14]","[289.0, 23]",280.0,58,8.0,-0.28
07:41:16,"[276.0, 7]","[273.0, 14]","[284.0, 14]","[289.0, 14]",280.0,49,8.0,-0.14
07:41:17,"[276.0, 5]","[273.0, 10]","[284.0, 10]","[289.0, 10]",280.0,35,8.0,-0.14
07:41:18,"[274.56, 25]","[270.96, 46]","[285.42, 24]","[289.1, 31]",279.99,126,10.86,0.13
07:41:19,"[277.89, 18]","[274.48, 21]","[288.88, 8]","[289.97, 29]",283.38,76,10.99,0.03
07:41:20,"[280.0, 20]","[279.0, 20]","[288.0, 10]","[289.88, 40]",284.0,90,8.0,-0.11
07:41:21,"[279.77, 26]","[278.27, 41]","[287.0, 12]","[289.21, 63]",283.38,142,7.23,-0.06
07:41:22,"[279.0, 42]","[274.0, 42]","[284.69, 16]","[286.7, 44]",281.84,144,5.69,0.17
07:41:23,"[281.0, 87]","[279.0, 33]","[282.09, 11]","[287.08, 37]",281.55,168,1.09,0.43
07:41:24,"[281.0, 35]","[279.0, 33]","[287.68, 38]","[289.7, 53]",284.34,159,6.68,-0.14
07:41:25,"[281.0, 21]","[279.0, 21]","[288.0, 28]","[289.14, 35]",284.5,105,7.0,-0.2
07:41:26,"[281.0, 30]","[279.0, 30]","[288.0, 40]","[289.68, 41]",284.5,141,7.0,-0.15
07:41:27,"[281.0, 30]","[279.0, 26]","[288.0, 40]","[289.0, 30]",284.5,126,7.0,-0.11
07:41:28,"[281.0, 18]","[279.0, 12]","[288.0, 24]","[289.0, 18]",284.5,72,7.0,-0.17
07:41:29,"[280.64, 11]","[278.48, 29]","[288.0, 32]","[289.0, 24]",284.32,96,7.36,-0.17
07:41:30,"[278.21, 42]","[276.0, 15]","[288.0, 24]","[289.0, 18]",283.11,99,9.79,0.15
07:41:31,"[278.0, 104]","[274.0, 24]","[287.46, 28]","[288.43, 28]",282.73,184,9.46,0.39
07:41:32,"[278.12, 83]","[277.13, 83]","[284.91, 33]","[289.41, 34]",281.51,233,6.79,0.42
07:41:33,"[280.0, 9]","[278.0, 117]","[282.79, 28]","[285.06, 32]",281.39,186,2.79,0.35
07:41:34,"[280.0, 11]","[278.0, 143]","[281.73, 33]","[283.0, 44]",280.86,231,1.73,0.33
07:41:35,"[278.02, 131]","[275.21, 43]","[280.0, 40]","[281.22, 37]",279.01,251,1.98,0.39
07:41:36,"[278.0, 92]","[274.0, 30]","[282.24, 34]","[288.43, 47]",280.12,203,4.24,0.2
07:41:37,"[278.01, 89]","[276.4, 35]","[289.19, 54]","[290.1, 61]",283.6,239,11.17,0.04
07:41:38,"[279.0, 9]","[278.0, 90]","[289.0, 41]","[290.07, 43]",284.0,183,10.0,0.08
07:41:39,"[279.0, 5]","[278.0, 50]","[289.0, 45]","[291.0, 15]",284.0,115,10.0,-0.04
07:41:40,"[279.0, 14]","[278.0, 140]","[288.63, 60]","[289.03, 61]",283.82,275,9.63,0.12
07:41:41,"[279.0, 11]","[278.0, 110]","[285.05, 38]","[286.94, 17]",282.03,176,6.05,0.38
07:41:42,"[278.03, 66]","[277.36, 56]","[282.69, 26]","[282.73, 44]",280.36,192,4.66,0.27
07:41:43,"[277.46, 52]","[275.83, 36]","[279.19, 27]","[285.81, 118]",278.32,233,1.72,-0.24
07:41:44,"[277.0, 19]","[276.0, 30]","[287.36, 94]","[288.67, 75]",282.18,218,10.36,-0.55
07:41:45,"[273.47, 15]","[271.45, 29]","[287.36, 110]","[288.35, 115]",280.42,269,13.9,-0.67
07:41:46,"[270.86, 21]","[268.83, 24]","[285.38, 80]","[287.0, 80]",278.12,205,14.52,-0.56
07:41:47,"[272.18, 173]","[271.52, 77]","[284.0, 150]","[286.13, 78]",278.09,478,11.82,0.05
07:41:48,"[274.15, 92]","[273.38, 130]","[284.0, 195]","[286.0, 56]",279.08,473,9.85,-0.06
07:41:49,"[280.28, 58]","[276.18, 44]","[283.0, 155]","[284.91, 119]",281.64,376,2.72,-0.46
07:41:50,"[280.0, 33]","[276.29, 14]","[282.92, 98]","[285.08, 65]",281.46,210,2.92,-0.55
07:41:51,"[279.71, 21]","[273.8, 40]","[281.5, 40]","[285.85, 68]",280.61,169,1.79,-0.28
07:41:52,"[278.0, 11]","[273.0, 176]","[281.7, 40]","[287.45, 112]",279.85,339,3.7,0.1
07:41:53,"[273.76, 66]","[272.96, 211]","[279.2, 40]","[281.0, 54]",276.48,371,5.44,0.49
07:41:54,"[274.0, 32]","[273.0, 256]","[278.0, 64]","[279.0, 16]",276.0,368,4.0,0.57
07:41:55,"[274.0, 28]","[273.0, 224]","[277.03, 35]","[277.4, 35]",275.51,322,3.03,0.57
07:41:56,"[273.01, 190]","[267.71, 136]","[274.62, 13]","[277.57, 53]",273.81,392,1.6,0.66
07:41:57,"[273.0, 134]","[267.0, 120]","[282.65, 52]","[284.83, 60]",277.83,366,9.65,0.39
07:41:58,"[274.45, 58]","[270.95, 117]","[282.87, 46]","[285.91, 55]",278.66,276,8.42,0.27
07:41:59,"[279.0, 26]","[273.0, 143]","[281.23, 26]","[284.08, 63]",280.12,258,2.23,0.31
07:42:00,"[279.0, 22]","[273.73, 121]","[281.0, 22]","[287.0, 79]",280.0,244,2.0,0.17
07:42:01,"[274.0, 80]","[273.0, 110]","[281.0, 20]","[287.0, 84]",277.5,294,7.0,0.29
07:42:02,"[275.0, 48]","[273.9, 115]","[280.0, 28]","[287.0, 148]",277.5,339,5.0,-0.04
07:42:03,"[275.47, 30]","[267.74, 269]","[277.33, 15]","[279.0, 30]",276.4,344,1.87,0.74
07:42:04,"[274.75, 24]","[266.47, 225]","[277.0, 17]","[283.29, 56]",275.88,322,2.25,0.55
07:42:05,"[273.0, 15]","[266.0, 213]","[277.0, 15]","[285.0, 75]",275.0,318,4.0,0.43
07:42:06,"[273.0, 11]","[267.48, 91]","[276.45, 11]","[284.91, 55]",274.73,168,3.45,0.21
07:42:07,"[273.0, 11]","[266.0, 253]","[274.64, 11]","[283.96, 47]",273.82,322,1.64,0.64
07:42:08,"[266.0, 276]","[265.0, 12]","[281.0, 20]","[283.96, 52]",273.5,360,15.0,0.6
07:42:09,"[266.0, 391]","[265.0, 17]","[278.24, 63]","[281.16, 97]",272.12,568,12.24,0.44
07:42:10,"[266.0, 299]","[265.0, 13]","[267.92, 26]","[274.74, 38]",266.96,376,1.92,0.66
07:42:11,"[267.69, 26]","[266.0, 145]","[278.04, 56]","[279.86, 105]",272.86,332,10.34,0.03
07:42:12,"[268.47, 30]","[266.27, 73]","[279.0, 60]","[280.0, 108]",273.73,271,10.53,-0.24
07:42:13,"[270.0, 22]","[265.0, 99]","[279.5, 78]","[280.47, 32]",274.75,231,9.5,0.05
07:42:14,"[270.88, 32]","[264.96, 138]","[274.19, 64]","[277.0, 48]",272.53,282,3.31,0.21
07:42:15,"[272.0, 26]","[263.0, 39]","[273.0, 52]","[277.0, 39]",272.5,156,1.0,-0.17
07:42:16,"[264.38, 152]","[262.24, 150]","[275.04, 48]","[276.56, 55]",269.71,405,10.66,0.49
07:42:17,"[265.93, 84]","[264.76, 58]","[277.0, 40]","[281.03, 35]",271.46,217,11.07,0.31
07:42:18,"[268.83, 116]","[267.3, 108]","[277.0, 56]","[281.0, 84]",272.91,364,8.17,0.23
07:42:19,"[271.09, 85]","[269.29, 63]","[276.4, 40]","[279.0, 56]",273.75,244,5.31,0.21
07:42:20,"[272.65, 69]","[270.8, 90]","[276.82, 65]","[279.67, 72]",274.73,296,4.16,0.07
07:42:21,"[279.0, 68]","[274.93, 42]","[280.72, 18]","[282.78, 63]",279.86,191,1.72,0.15
07:42:22,"[279.0, 29]","[276.0, 33]","[280.55, 11]","[282.0, 44]",279.77,117,1.55,0.06
07:42:23,"[276.41, 17]","[269.6, 45]","[280.0, 11]","[282.0, 44]",278.21,117,3.59,0.06
07:42:24,"[279.04, 121]","[269.4, 97]","[281.94, 70]","[283.83, 93]",280.49,381,2.9,0.14
07:42:25,"[280.0, 109]","[278.0, 60]","[282.0, 44]","[284.0, 55]",281.0,268,2.0,0.26
07:42:26,"[280.0, 49]","[278.0, 42]","[282.0, 28]","[284.0, 35]",281.0,154,2.0,0.18
07:42:27,"[280.0, 21]","[278.0, 18]","[282.0, 12]","[284.0, 15]",281.0,66,2.0,0.18
07:42:28,"[280.0, 82]","[278.0, 72]","[281.87, 31]","[289.02, 82]",280.94,267,1.87,0.15
07:42:29,"[280.0, 45]","[278.0, 54]","[284.0, 81]","[495.16, 19]",282.0,199,4.0,-0.01
07:42:30,"[280.0, 60]","[278.0, 72]","[284.0, 73]","[568.82, 44]",282.0,249,4.0,0.06
07:42:31,"[280.72, 88]","[279.08, 65]","[284.0, 48]","[299.09, 43]",282.36,244,3.28,0.25
07:42:32,"[281.0, 42]","[280.0, 35]","[283.78, 27]","[284.86, 28]",282.39,132,2.78,0.17
07:42:33,"[281.0, 40]","[280.0, 50]","[284.9, 40]","[287.7, 40]",282.95,170,3.9,0.06
07:42:34,"[281.0, 22]","[280.0, 55]","[284.14, 58]","[287.18, 44]",282.57,179,3.14,-0.14
07:42:35,"[280.64, 28]","[279.58, 57]","[283.19, 43]","[284.4, 53]",281.91,181,2.54,-0.06
07:42:36,"[279.61, 41]","[277.91, 68]","[281.39, 31]","[284.24, 34]",280.5,174,1.78,0.25
07:42:37,"[278.25, 107]","[277.29, 84]","[284.0, 52]","[397.0, 40]",281.13,283,5.75,0.35
07:42:38,"[279.0, 70]","[278.0, 80]","[286.7, 40]","[289.0, 40]",282.85,230,7.7,0.3
07:42:39,"[279.0, 50]","[278.0, 80]","[287.0, 40]","[289.0, 40]",283.0,210,8.0,0.24
07:42:40,"[279.0, 45]","[278.0, 72]","[286.53, 30]","[288.56, 36]",282.77,183,7.53,0.28
07:42:41,"[279.0, 20]","[278.0, 48]","[280.0, 6]","[287.0, 24]",279.5,98,1.0,0.39
07:42:42,"[279.0, 24]","[278.0, 64]","[280.0, 8]","[287.0, 32]",279.5,128,1.0,0.38
07:42:43,"[279.0, 33]","[278.0, 88]","[280.0, 11]","[287.82, 44]",279.5,176,1.0,0.38
07:42:44,"[279.0, 36]","[278.0, 96]","[280.0, 12]","[288.0, 48]",279.5,192,1.0,0.38
07:42:45,"[278.26, 57]","[277.49, 82]","[280.0, 12]","[288.0, 88]",279.13,239,1.74,0.16
07:42:46,"[278.0, 54]","[276.83, 29]","[279.22, 9]","[285.57, 23]",278.61,115,1.22,0.44
07:42:47,"[278.63, 38]","[277.69, 29]","[287.19, 21]","[322.38, 24]",282.91,112,8.56,0.2
07:42:48,"[281.0, 20]","[278.67, 45]","[285.9, 20]","[289.3, 40]",283.45,125,4.9,0.04
07:42:49,"[280.4, 20]","[278.67, 36]","[284.0, 16]","[285.0, 16]",282.2,88,3.6,0.27
07:42:50,"[280.0, 39]","[278.13, 76]","[282.08, 26]","[283.23, 26]",281.04,167,2.08,0.38
07:42:51,"[280.0, 29]","[279.0, 65]","[281.38, 26]","[285.89, 36]",280.69,156,1.38,0.21
07:42:52,"[280.0, 9]","[279.0, 45]","[282.0, 18]","[289.0, 36]",281.0,108,2.0,0.0
07:42:53,"[279.02, 51]","[278.08, 65]","[282.0, 22]","[289.0, 44]",280.51,182,2.98,0.27
07:42:54,"[279.0, 52]","[278.0, 66]","[281.09, 22]","[289.0, 44]",280.05,184,2.09,0.28
07:42:55,"[278.4, 25]","[277.91, 33]","[280.88, 16]","[289.0, 32]",279.64,106,2.48,0.09
07:42:56,"[278.0, 50]","[277.0, 10]","[279.6, 20]","[289.0, 40]",278.8,120,1.6,0.0
07:42:57,"[278.0, 44]","[277.0, 12]","[287.91, 44]","[298.53, 30]",282.95,130,9.91,-0.14
07:42:58,"[278.0, 21]","[277.0, 7]","[290.0, 42]","[387.5, 12]",284.0,82,12.0,-0.32
07:42:59,"[278.0, 18]","[277.0, 6]","[290.0, 36]","[381.0, 12]",284.0,72,12.0,-0.33
07:43:00,"[278.0, 34]","[277.0, 12]","[287.44, 32]","[293.64, 45]",282.72,123,9.44,-0.25
07:43:01,"[278.0, 14]","[277.0, 14]","[287.62, 32]","[288.83, 48]",282.81,108,9.62,-0.48
07:43:02,"[277.87, 15]","[276.85, 13]","[286.9, 40]","[288.86, 43]",282.38,111,9.03,-0.5
07:43:03,"[277.76, 29]","[276.53, 15]","[286.0, 60]","[287.0, 45]",281.88,149,8.24,-0.41
07:43:04,"[278.0, 18]","[277.0, 9]","[284.65, 34]","[285.9, 29]",281.32,90,6.65,-0.4
07:43:05,"[278.94, 96]","[277.91, 33]","[283.0, 72]","[285.0, 54]",280.97,255,4.06,0.01
07:43:06,"[279.0, 72]","[278.0, 24]","[282.17, 48]","[285.0, 36]",280.58,180,3.17,0.07
07:43:07,"[278.88, 50]","[277.87, 23]","[280.1, 40]","[281.27, 45]",279.49,158,1.22,-0.08
07:43:08,"[277.6, 20]","[276.43, 14]","[279.92, 37]","[283.83, 24]",278.76,95,2.32,-0.28
07:43:09,"[275.23, 13]","[272.08, 13]","[279.42, 31]","[282.21, 28]",277.33,85,4.19,-0.39
07:43:10,"[273.0, 8]","[267.0, 8]","[282.0, 24]","[284.5, 16]",277.5,56,9.0,-0.43
07:43:11,"[273.0, 8]","[268.67, 24]","[282.0, 24]","[285.0, 16]",277.5,72,9.0,-0.11
07:43:12,"[274.0, 74]","[273.0, 13]","[282.0, 39]","[285.0, 26]",278.0,152,8.0,0.14
07:43:13,"[274.17, 24]","[273.0, 6]","[282.0, 18]","[285.0, 12]",278.08,60,7.83,0.0
07:43:14,"[275.21, 66]","[273.0, 18]","[282.0, 54]","[285.0, 36]",278.61,174,6.79,-0.03
07:43:15,"[277.4, 25]","[275.81, 16]","[282.0, 48]","[285.0, 32]",279.7,121,4.6,-0.32
07:43:16,"[277.7, 10]","[276.7, 10]","[282.0, 30]","[285.0, 20]",279.85,70,4.3,-0.43
07:43:17,"[278.0, 10]","[277.0, 10]","[282.0, 30]","[285.0, 20]",280.0,70,4.0,-0.43
07:43:18,"[278.0, 15]","[277.0, 15]","[282.0, 45]","[285.0, 30]",280.0,105,4.0,-0.43
07:43:19,"[278.0, 12]","[277.0, 12]","[282.0, 36]","[285.0, 24]",280.0,84,4.0,-0.43
07:43:20,"[278.0, 13]","[277.0, 13]","[280.2, 40]","[282.0, 39]",279.1,105,2.2,-0.5
07:43:21,"[277.4, 10]","[276.4, 10]","[279.7, 10]","[282.09, 22]",278.55,52,2.3,-0.23
07:43:22,"[280.2, 20]","[276.67, 12]","[283.55, 22]","[284.88, 34]",281.87,88,3.35,-0.27
07:43:23,"[279.64, 22]","[272.5, 16]","[284.0, 28]","[285.0, 42]",281.82,108,4.36,-0.3
07:43:24,"[276.0, 9]","[273.0, 18]","[284.11, 27]","[285.23, 31]",280.06,85,8.11,-0.36
07:43:25,"[276.0, 10]","[273.0, 20]","[283.5, 40]","[285.0, 30]",279.75,100,7.5,-0.4
07:43:26,"[276.0, 11]","[273.0, 22]","[282.0, 44]","[285.43, 47]",279.0,124,6.0,-0.47
07:43:27,"[276.0, 12]","[273.0, 24]","[280.68, 53]","[284.28, 58]",278.34,147,4.68,-0.51
07:43:28,"[276.0, 14]","[273.0, 28]","[279.57, 70]","[281.0, 56]",277.79,168,3.57,-0.5
07:43:29,"[276.0, 15]","[273.0, 30]","[277.93, 75]","[281.0, 125]",276.97,245,1.93,-0.63
07:43:30,"[276.91, 79]","[274.17, 23]","[279.81, 84]","[281.42, 78]",278.36,264,2.9,-0.23
07:43:31,"[277.0, 144]","[276.0, 18]","[279.97, 70]","[283.8, 56]",278.49,288,2.97,0.12
07:43:32,"[276.86, 63]","[274.0, 27]","[279.48, 63]","[283.9, 73]",278.17,226,2.62,-0.2
07:43:33,"[276.0, 11]","[273.0, 22]","[279.55, 44]","[286.0, 17]",277.77,94,3.55,-0.3
07:43:34,"[274.92, 13]","[272.4, 25]","[278.69, 51]","[284.88, 51]",276.8,140,3.76,-0.46
07:43:35,"[273.93, 84]","[272.0, 30]","[277.52, 56]","[284.0, 36]",275.72,206,3.59,0.11
07:43:36,"[275.0, 91]","[273.0, 26]","[276.62, 39]","[283.38, 26]",275.81,182,1.62,0.29
07:43:37,"[275.37, 90]","[272.33, 42]","[282.07, 28]","[285.98, 49]",278.72,209,6.7,0.26
07:43:38,"[277.0, 30]","[273.0, 40]","[282.0, 20]","[286.75, 32]",279.5,122,5.0,0.15
07:43:39,"[280.84, 146]","[276.16, 38]","[282.0, 24]","[286.0, 60]",281.42,268,1.16,0.37
07:43:40,"[281.0, 126]","[277.0, 27]","[282.0, 18]","[286.0, 45]",281.5,216,1.0,0.42
07:43:41,"[281.0, 111]","[278.85, 39]","[282.0, 26]","[286.0, 65]",281.5,241,1.0,0.24
07:43:42,"[280.54, 26]","[278.91, 33]","[285.67, 49]","[287.29, 28]",283.11,136,5.14,-0.13
07:43:43,"[280.18, 17]","[278.16, 19]","[285.6, 50]","[287.57, 23]",282.89,109,5.42,-0.34
07:43:44,"[281.0, 15]","[280.0, 30]","[282.0, 75]","[286.0, 75]",281.5,195,1.0,-0.54
07:43:45,"[280.67, 6]","[279.78, 9]","[282.0, 25]","[286.0, 25]",281.33,65,1.33,-0.54
07:43:46,"[279.12, 17]","[277.09, 11]","[281.49, 47]","[284.61, 49]",280.3,124,2.37,-0.55
07:43:47,"[275.0, 24]","[272.25, 24]","[278.4, 45]","[279.4, 45]",276.7,138,3.4,-0.3
07:43:48,"[270.82, 45]","[264.8, 30]","[279.04, 47]","[283.16, 62]",274.93,184,8.22,-0.18
07:43:49,"[263.09, 32]","[261.0, 17]","[284.46, 37]","[285.55, 53]",273.78,139,21.37,-0.29
07:43:50,"[264.0, 9]","[263.0, 27]","[280.9, 40]","[282.16, 32]",272.45,108,16.9,-0.33
07:43:51,"[264.0, 9]","[263.0, 27]","[277.62, 40]","[279.89, 44]",270.81,120,13.62,-0.4
07:43:52,"[269.76, 25]","[266.87, 47]","[275.19, 47]","[276.92, 25]",272.48,144,5.43,0.0
07:43:53,"[266.05, 19]","[257.8, 25]","[274.95, 73]","[275.77, 22]",270.5,139,8.89,-0.37
07:43:54,"[270.07, 90]","[267.42, 19]","[273.4, 30]","[275.0, 75]",271.73,214,3.33,0.02
07:43:55,"[271.78, 54]","[262.67, 27]","[273.0, 18]","[275.0, 45]",272.39,144,1.22,0.12
07:43:56,"[272.22, 36]","[262.0, 21]","[274.96, 23]","[276.31, 26]",273.59,106,2.73,0.08
07:43:57,"[271.6, 45]","[262.0, 40]","[276.0, 40]","[279.0, 24]",273.8,149,4.4,0.14
07:43:58,"[258.28, 43]","[241.93, 14]","[276.0, 11]","[279.0, 22]",267.14,90,17.72,0.27
07:43:59,"[261.85, 26]","[258.96, 27]","[278.33, 18]","[280.63, 43]",270.09,114,16.49,-0.07
07:44:00,"[266.91, 11]","[260.18, 22]","[279.0, 16]","[281.0, 40]",272.95,89,12.09,-0.26
07:44:01,"[276.11, 18]","[260.84, 19]","[279.0, 18]","[281.0, 57]",277.56,112,2.89,-0.34
07:44:02,"[275.35, 17]","[262.71, 21]","[279.0, 20]","[281.0, 45]",277.18,103,3.65,-0.26
07:44:03,"[273.0, 21]","[261.9, 20]","[279.0, 14]","[281.0, 16]",276.0,71,6.0,0.15
07:44:04,"[273.0, 18]","[262.0, 18]","[279.0, 12]","[280.5, 8]",276.0,56,6.0,0.29
07:44:05,"[276.2, 15]","[267.23, 13]","[279.2, 15]","[280.5, 12]",277.7,55,3.0,0.02
07:44:06,"[277.0, 12]","[273.0, 6]","[280.0, 6]","[281.0, 12]",278.5,36,3.0,0.0
07:44:07,"[277.0, 12]","[273.0, 6]","[280.0, 6]","[281.0, 12]",278.5,36,3.0,0.0
07:44:08,"[277.0, 28]","[273.0, 14]","[278.86, 14]","[280.44, 18]",277.93,74,1.86,0.14
07:44:09,"[277.0, 5]","[273.0, 5]","[280.0, 5]","[281.0, 10]",278.5,25,3.0,-0.2
07:44:10,"[277.0, 8]","[273.0, 8]","[281.55, 11]","[289.33, 12]",279.27,39,4.55,-0.18
07:44:11,"[277.0, 8]","[273.0, 8]","[283.0, 16]","[287.0, 8]",280.0,40,6.0,-0.2
07:44:12,"[277.0, 11]","[275.17, 35]","[283.0, 22]","[287.0, 11]",280.0,79,6.0,0.16
07:44:13,"[277.0, 8]","[276.0, 80]","[283.0, 16]","[286.08, 26]",280.0,130,6.0,0.35
07:44:14,"[277.0, 6]","[276.0, 60]","[283.0, 12]","[286.0, 24]",280.0,102,6.0,0.29
07:44:15,"[279.48, 29]","[276.07, 54]","[283.0, 18]","[286.0, 36]",281.24,137,3.52,0.21
07:44:16,"[280.0, 54]","[277.0, 9]","[283.0, 18]","[286.0, 36]",281.5,117,3.0,0.08
07:44:17,"[280.0, 70]","[277.0, 52]","[281.89, 36]","[285.0, 36]",280.94,194,1.89,0.26
07:44:18,"[278.16, 44]","[276.6, 75]","[281.0, 32]","[284.6, 20]",279.58,171,2.84,0.39
07:44:19,"[277.0, 126]","[276.0, 140]","[280.0, 56]","[287.0, 72]",278.5,394,3.0,0.35
07:44:20,"[277.0, 103]","[276.0, 140]","[278.21, 56]","[286.94, 72]",277.61,371,1.21,0.31
07:44:21,"[276.0, 140]","[275.0, 56]","[285.53, 38]","[286.74, 23]",280.76,257,9.53,0.53
07:44:22,"[276.0, 150]","[275.0, 60]","[282.83, 60]","[285.78, 45]",279.42,315,6.83,0.33
07:44:23,"[276.0, 146]","[275.0, 60]","[280.87, 30]","[283.12, 32]",278.43,268,4.87,0.54
07:44:24,"[276.0, 90]","[275.0, 48]","[277.76, 17]","[281.76, 25]",276.88,180,1.76,0.53
07:44:25,"[276.0, 86]","[275.0, 56]","[281.69, 26]","[287.92, 59]",278.85,227,5.69,0.25
07:44:26,"[276.0, 66]","[275.0, 44]","[280.36, 22]","[286.45, 44]",278.18,176,4.36,0.25
07:44:27,"[276.0, 48]","[275.0, 32]","[280.0, 16]","[285.0, 32]",278.0,128,4.0,0.25
07:44:28,"[276.0, 23]","[275.0, 40]","[280.0, 20]","[285.0, 40]",278.0,123,4.0,0.02
07:44:29,"[276.0, 11]","[275.0, 44]","[277.93, 30]","[281.57, 28]",276.97,113,1.93,-0.03
07:44:30,"[272.8, 45]","[270.17, 30]","[276.2, 45]","[277.71, 41]",274.5,161,3.4,-0.07
07:44:31,"[272.0, 26]","[264.71, 62]","[273.47, 19]","[274.46, 39]",272.74,146,1.47,0.21
07:44:32,"[267.85, 27]","[264.93, 82]","[273.11, 28]","[280.42, 36]",270.48,173,5.26,0.26
07:44:33,"[265.95, 80]","[263.32, 85]","[273.0, 15]","[281.0, 45]",269.48,225,7.05,0.47
07:44:34,"[269.03, 58]","[262.6, 140]","[271.93, 15]","[280.73, 45]",270.48,258,2.9,0.53
07:44:35,"[271.35, 40]","[267.15, 80]","[278.81, 95]","[280.51, 70]",275.08,285,7.46,-0.16
07:44:36,"[272.27, 30]","[271.0, 45]","[276.07, 75]","[279.57, 74]",274.17,224,3.8,-0.33
07:44:37,"[273.0, 26]","[271.85, 39]","[274.54, 65]","[279.05, 44]",273.77,174,1.54,-0.25
07:44:38,"[272.32, 31]","[265.88, 32]","[277.0, 30]","[280.64, 44]",274.66,137,4.68,-0.08
07:44:39,"[274.67, 15]","[272.32, 34]","[279.0, 28]","[281.72, 50]",276.83,127,4.33,-0.23
07:44:40,"[278.0, 26]","[277.0, 13]","[279.0, 26]","[281.82, 51]",278.5,116,1.0,-0.33
07:44:41,"[278.0, 22]","[277.0, 12]","[279.0, 22]","[281.0, 55]",278.5,111,1.0,-0.39
07:44:42,"[278.0, 14]","[277.0, 14]","[279.0, 14]","[281.0, 35]",278.5,77,1.0,-0.27
07:44:43,"[277.25, 8]","[275.09, 47]","[279.0, 4]","[281.0, 20]",278.12,79,1.75,0.39
07:44:44,"[277.0, 30]","[275.0, 225]","[278.25, 24]","[280.54, 39]",277.62,318,1.25,0.6
07:44:45,"[275.08, 156]","[273.73, 78]","[279.0, 30]","[282.3, 46]",277.04,310,3.92,0.51
07:44:46,"[275.71, 101]","[274.33, 67]","[284.0, 27]","[285.0, 61]",279.86,256,8.29,0.31
07:44:47,"[277.0, 56]","[275.0, 117]","[284.45, 33]","[285.23, 39]",280.73,245,7.45,0.41
07:44:48,"[279.84, 74]","[276.37, 41]","[285.0, 40]","[286.0, 24]",282.42,179,5.16,0.28
07:44:49,"[280.0, 30]","[277.0, 12]","[285.0, 15]","[286.0, 9]",282.5,66,5.0,0.27
07:44:50,"[280.0, 80]","[277.0, 32]","[285.0, 40]","[286.0, 24]",282.5,176,5.0,0.27
07:44:51,"[280.0, 50]","[277.0, 20]","[285.0, 25]","[286.0, 15]",282.5,110,5.0,0.27
07:44:52,"[280.0, 70]","[277.0, 28]","[285.0, 35]","[286.0, 21]",282.5,154,5.0,0.27
07:44:53,"[280.0, 60]","[277.0, 24]","[285.0, 30]","[286.0, 18]",282.5,132,5.0,0.27
07:44:54,"[280.0, 80]","[277.23, 26]","[284.65, 34]","[285.64, 28]",282.32,168,4.65,0.26
07:44:55,"[280.0, 70]","[278.0, 14]","[282.0, 14]","[285.57, 35]",281.0,133,2.0,0.26
07:44:56,"[280.0, 83]","[278.0, 18]","[284.08, 24]","[287.15, 41]",282.04,166,4.08,0.22
07:44:57,"[280.0, 63]","[278.0, 14]","[287.0, 35]","[288.0, 21]",283.5,133,7.0,0.16
07:44:58,"[280.0, 63]","[278.0, 16]","[287.0, 40]","[288.0, 24]",283.5,143,7.0,0.1
07:44:59,"[280.0, 48]","[278.33, 12]","[287.26, 34]","[288.57, 21]",283.63,115,7.26,0.04
07:45:00,"[280.0, 55]","[279.0, 11]","[289.74, 23]","[293.52, 31]",284.87,120,9.74,0.1
07:45:01,"[280.0, 60]","[279.0, 12]","[287.6, 43]","[288.67, 46]",283.8,161,7.6,-0.11
07:45:02,"[279.95, 37]","[278.64, 11]","[287.0, 27]","[288.0, 45]",283.47,120,7.05,-0.2
07:45:03,"[277.42, 38]","[277.14, 28]","[287.0, 33]","[288.0, 55]",282.21,154,9.58,-0.14
07:45:04,"[277.21, 86]","[276.65, 92]","[286.05, 55]","[287.07, 67]",281.63,300,8.85,0.19
07:45:05,"[277.0, 104]","[276.0, 52]","[285.15, 52]","[287.0, 65]",281.08,273,8.15,0.14
07:45:06,"[277.0, 104]","[276.0, 52]","[285.0, 52]","[287.46, 65]",281.0,273,8.0,0.14
07:45:07,"[277.0, 96]","[275.71, 51]","[283.5, 60]","[285.0, 48]",280.25,255,6.5,0.15
07:45:08,"[277.0, 88]","[275.96, 115]","[282.22, 46]","[283.3, 53]",279.61,302,5.22,0.34
07:45:09,"[277.0, 33]","[276.0, 66]","[281.67, 24]","[283.0, 30]",279.33,153,4.67,0.29
07:45:10,"[277.0, 48]","[276.0, 176]","[280.25, 64]","[283.0, 80]",278.62,368,3.25,0.22
07:45:11,"[276.24, 86]","[275.69, 112]","[278.07, 56]","[282.14, 64]",277.16,318,1.83,0.25
07:45:12,"[275.61, 41]","[274.06, 51]","[283.29, 42]","[288.13, 45]",279.45,179,7.68,0.03
07:45:13,"[275.0, 52]","[272.0, 52]","[278.46, 41]","[283.7, 50]",276.73,195,3.46,0.07
07:45:14,"[276.0, 13]","[275.0, 52]","[277.0, 26]","[287.08, 65]",276.5,156,1.0,-0.17
07:45:15,"[275.02, 43]","[271.81, 127]","[278.28, 29]","[288.03, 62]",276.65,261,3.25,0.3
07:45:16,"[275.0, 8]","[272.0, 104]","[281.54, 26]","[287.36, 25]",278.27,163,6.54,0.37
07:45:17,"[272.95, 19]","[271.85, 80]","[280.0, 21]","[287.4, 25]",276.47,145,7.05,0.37
07:45:18,"[272.15, 137]","[267.93, 88]","[280.0, 33]","[287.0, 83]",276.07,341,7.85,0.32
07:45:19,"[272.58, 48]","[271.39, 163]","[279.89, 37]","[286.52, 87]",276.24,335,7.31,0.26
07:45:20,"[274.5, 28]","[272.0, 182]","[279.0, 28]","[280.0, 42]",276.75,280,4.5,0.5
07:45:21,"[276.82, 66]","[273.3, 69]","[279.08, 37]","[280.58, 55]",277.95,227,2.26,0.19
07:45:22,"[277.0, 28]","[275.0, 14]","[280.0, 21]","[288.0, 28]",278.5,91,3.0,-0.08
07:45:23,"[277.3, 27]","[273.82, 65]","[280.0, 33]","[288.0, 44]",278.65,169,2.7,0.09
07:45:24,"[277.0, 81]","[275.0, 18]","[280.0, 27]","[288.0, 36]",278.5,162,3.0,0.22
07:45:25,"[277.0, 126]","[275.0, 28]","[280.0, 42]","[287.65, 57]",278.5,253,3.0,0.22
07:45:26,"[277.0, 144]","[275.0, 32]","[278.9, 20]","[284.58, 65]",277.95,261,1.9,0.35
07:45:27,"[277.0, 107]","[275.92, 48]","[278.0, 13]","[290.35, 37]",277.5,205,1.0,0.51
07:45:28,"[277.0, 98]","[276.0, 64]","[283.95, 40]","[286.88, 34]",280.48,236,6.95,0.37
07:45:29,"[277.0, 59]","[276.0, 56]","[282.07, 56]","[287.24, 38]",279.54,209,5.07,0.1
07:45:30,"[277.0, 10]","[276.0, 40]","[280.6, 40]","[285.96, 45]",278.8,135,3.6,-0.26
07:45:31,"[277.0, 14]","[276.0, 56]","[279.21, 56]","[285.0, 28]",278.11,154,2.21,-0.09
07:45:32,"[275.67, 12]","[272.95, 21]","[279.0, 40]","[285.4, 20]",277.33,93,3.33,-0.29
07:45:33,"[275.4, 20]","[274.18, 22]","[277.64, 56]","[285.86, 28]",276.52,126,2.24,-0.33
07:45:34,"[273.0, 12]","[266.35, 34]","[283.11, 35]","[287.41, 27]",278.06,108,10.11,-0.15
07:45:35,"[266.5, 24]","[265.06, 140]","[283.96, 51]","[284.6, 35]",275.23,250,17.46,0.31
07:45:36,"[266.0, 16]","[265.0, 96]","[281.0, 16]","[282.0, 38]",273.5,166,15.0,0.35
07:45:37,"[266.0, 26]","[265.0, 156]","[278.15, 27]","[279.12, 32]",272.07,241,12.15,0.51
07:45:38,"[266.0, 12]","[265.0, 72]","[276.33, 12]","[278.0, 15]",271.17,111,10.33,0.51
07:45:39,"[267.91, 47]","[265.27, 82]","[274.0, 32]","[275.0, 32]",270.96,193,6.09,0.34
07:45:40,"[270.45, 38]","[264.41, 204]","[272.61, 36]","[279.71, 76]",271.53,354,2.16,0.37
07:45:41,"[268.09, 23]","[262.26, 144]","[281.13, 52]","[282.8, 75]",274.61,294,13.05,0.14
07:45:42,"[267.46, 41]","[236.02, 56]","[282.0, 34]","[283.0, 85]",274.73,216,14.54,-0.1
07:45:43,"[261.68, 85]","[247.83, 130]","[277.8, 35]","[279.98, 51]",269.74,301,16.12,0.43
07:45:44,"[263.0, 99]","[261.73, 44]","[273.55, 44]","[278.6, 43]",268.27,230,10.55,0.24
07:45:45,"[263.0, 45]","[261.0, 20]","[267.0, 10]","[278.0, 25]",265.0,100,4.0,0.3
07:45:46,"[263.13, 93]","[262.12, 48]","[267.0, 21]","[278.0, 77]",265.06,239,3.87,0.18
07:45:47,"[264.3, 60]","[263.45, 87]","[266.5, 16]","[275.43, 46]",265.4,209,2.2,0.41
07:45:48,"[264.39, 33]","[263.64, 66]","[267.0, 13]","[268.0, 13]",265.7,125,2.61,0.58
07:45:49,"[266.62, 29]","[264.09, 69]","[267.86, 14]","[275.75, 48]",267.24,160,1.24,0.23
07:45:50,"[267.06, 82]","[262.0, 27]","[273.33, 27]","[276.31, 39]",270.2,175,6.27,0.25
07:45:51,"[268.0, 50]","[260.0, 30]","[276.0, 26]","[277.0, 20]",272.0,126,8.0,0.27
07:45:52,"[268.22, 37]","[264.13, 55]","[275.5, 24]","[276.89, 27]",271.86,143,7.28,0.29
07:45:53,"[269.05, 40]","[260.5, 48]","[275.0, 80]","[276.82, 22]",272.02,190,5.95,-0.07
07:45:54,"[261.82, 40]","[258.0, 36]","[272.6, 45]","[276.13, 31]",267.21,152,10.78,0.0
07:45:55,"[261.0, 42]","[256.0, 35]","[263.0, 21]","[264.69, 26]",262.0,124,2.0,0.24
07:45:56,"[261.0, 42]","[256.0, 67]","[263.0, 21]","[264.0, 28]",262.0,158,2.0,0.38
07:45:57,"[272.97, 31]","[265.13, 55]","[394.88, 34]","[475.49, 41]",333.93,161,121.91,0.07
07:45:58,"[280.0, 12]","[273.86, 14]","[386.05, 19]","[398.0, 20]",333.03,65,106.05,-0.2
07:45:59,"[280.0, 30]","[279.0, 30]","[315.43, 47]","[382.67, 43]",297.71,150,35.43,-0.2
07:46:00,"[280.0, 39]","[279.0, 39]","[322.46, 59]","[398.29, 34]",301.23,171,42.46,-0.09
07:46:01,"[280.0, 24]","[279.0, 24]","[281.4, 20]","[289.46, 26]",280.7,94,1.4,0.02
07:46:02,"[279.14, 42]","[271.0, 54]","[281.47, 30]","[451.92, 48]",280.3,174,2.32,0.1
07:46:03,"[275.4, 30]","[266.68, 57]","[319.61, 33]","[424.67, 55]",297.5,175,44.21,-0.01
07:46:04,"[263.96, 73]","[259.0, 70]","[486.79, 39]","[628.8, 60]",375.38,242,222.84,0.18
07:46:05,"[261.0, 63]","[256.0, 36]","[266.33, 9]","[267.79, 14]",263.67,122,5.33,0.62
07:46:06,"[261.27, 67]","[256.12, 42]","[264.2, 15]","[268.93, 14]",262.73,138,2.93,0.58
07:46:07,"[262.0, 56]","[231.0, 12]","[396.48, 27]","[429.22, 32]",329.24,127,134.48,0.07
07:46:08,"[262.63, 46]","[257.27, 30]","[300.57, 28]","[357.16, 56]",281.6,160,37.94,-0.05
07:46:09,"[271.6, 30]","[267.02, 44]","[314.46, 28]","[343.85, 71]",293.03,173,42.86,-0.14
07:46:10,"[279.0, 23]","[276.0, 21]","[340.0, 7]","[467.6, 30]",309.5,81,61.0,0.09
07:46:11,"[279.0, 93]","[276.25, 32]","[339.0, 22]","[368.24, 55]",309.0,202,60.0,0.24
07:46:12,"[279.0, 15]","[277.0, 7]","[337.6, 15]","[339.0, 5]",308.3,42,58.6,0.05
07:46:13,"[279.0, 33]","[277.0, 33]","[336.4, 15]","[337.14, 29]",307.7,110,57.4,0.2
07:46:14,"[279.0, 36]","[277.0, 36]","[333.42, 12]","[337.0, 36]",306.21,120,54.42,0.2
07:46:15,"[279.0, 33]","[277.0, 33]","[330.69, 13]","[332.77, 31]",304.85,110,51.69,0.2
07:46:16,"[277.0, 30]","[276.0, 30]","[299.93, 14]","[311.46, 26]",288.46,100,22.93,0.2
07:46:17,"[277.0, 21]","[276.0, 21]","[285.27, 11]","[287.94, 17]",281.14,70,8.27,0.2
07:46:18,"[277.0, 34]","[276.0, 30]","[283.9, 10]","[285.0, 30]",280.45,104,6.9,0.23
07:46:19,"[277.0, 29]","[276.0, 39]","[281.97, 29]","[284.3, 23]",279.48,120,4.97,0.13
07:46:20,"[277.0, 28]","[276.0, 42]","[279.82, 34]","[281.09, 22]",278.41,126,2.82,0.11
07:46:21,"[277.0, 24]","[276.0, 36]","[278.38, 16]","[279.06, 32]",277.69,108,1.38,0.11
07:46:22,"[276.06, 33]","[275.02, 123]","[322.9, 21]","[393.33, 57]",299.48,234,46.84,0.33
07:46:23,"[275.12, 80]","[274.63, 57]","[405.98, 49]","[460.33, 60]",340.55,246,130.85,0.11
07:46:24,"[276.0, 34]","[275.0, 48]","[295.64, 39]","[391.87, 31]",285.82,152,19.64,0.08
07:46:25,"[276.0, 7]","[275.0, 70]","[307.54, 26]","[398.44, 25]",291.77,128,31.54,0.2
07:46:26,"[275.01, 121]","[273.36, 22]","[361.28, 50]","[443.11, 47]",318.14,240,86.27,0.19
07:46:27,"[275.29, 140]","[272.0, 14]","[283.76, 62]","[285.12, 64]",279.52,280,8.47,0.1
07:46:28,"[276.0, 140]","[272.0, 14]","[279.66, 58]","[281.0, 68]",277.83,280,3.66,0.1
07:46:29,"[276.0, 78]","[272.0, 13]","[277.4, 53]","[357.5, 48]",276.7,192,1.4,-0.05
07:46:30,"[274.67, 15]","[268.48, 33]","[414.22, 45]","[510.93, 44]",344.44,137,139.56,-0.3
07:46:31,"[276.92, 26]","[268.08, 102]","[446.3, 40]","[586.7, 37]",361.61,205,169.38,0.25
07:46:32,"[280.0, 88]","[272.0, 11]","[450.55, 42]","[536.13, 30]",365.27,171,170.55,0.16
07:46:33,"[280.0, 112]","[274.67, 21]","[413.19, 32]","[487.76, 33]",346.59,198,133.19,0.34
07:46:34,"[280.0, 69]","[276.0, 18]","[412.0, 18]","[413.0, 36]",346.0,141,132.0,0.23
07:46:35,"[276.8, 10]","[270.4, 40]","[388.39, 23]","[412.65, 34]",332.6,107,111.59,-0.07
07:46:36,"[273.0, 7]","[269.85, 13]","[351.88, 16]","[363.09, 23]",312.44,59,78.88,-0.32
07:46:37,"[274.93, 30]","[274.15, 27]","[348.91, 57]","[349.96, 48]",311.92,162,73.98,-0.3
07:46:38,"[277.14, 21]","[276.5, 24]","[347.33, 45]","[349.0, 18]",312.24,108,70.19,-0.17
07:46:39,"[276.5, 12]","[273.68, 57]","[344.81, 54]","[473.49, 35]",310.66,158,68.31,-0.13
07:46:40,"[278.75, 12]","[269.2, 30]","[337.36, 25]","[366.0, 34]",308.06,101,58.61,-0.17
07:46:41,"[278.13, 91]","[271.09, 44]","[310.13, 53]","[317.2, 30]",294.13,218,32.0,0.24
07:46:42,"[278.0, 125]","[272.07, 71]","[281.41, 37]","[282.95, 60]",279.7,293,3.41,0.34
07:46:43,"[280.53, 32]","[279.3, 40]","[282.0, 70]","[348.14, 42]",281.27,184,1.47,-0.22
07:46:44,"[281.0, 14]","[279.0, 21]","[282.0, 35]","[448.0, 20]",281.5,90,1.0,-0.22
07:46:45,"[279.11, 76]","[278.43, 42]","[325.83, 29]","[533.55, 33]",302.47,180,46.72,0.31
07:46:46,"[279.0, 117]","[278.0, 39]","[339.62, 26]","[590.68, 47]",309.31,229,60.62,0.36
07:46:47,"[279.0, 54]","[278.0, 18]","[419.29, 14]","[615.82, 22]",349.14,108,140.29,0.33
07:46:48,"[279.0, 91]","[278.0, 33]","[512.42, 33]","[710.0, 36]",395.71,193,233.42,0.28
07:46:49,"[279.0, 45]","[278.0, 27]","[376.55, 33]","[377.77, 39]",327.77,144,97.55,0.0
07:46:50,"[279.0, 60]","[278.0, 36]","[375.77, 52]","[376.55, 44]",327.38,192,96.77,0.0
07:46:51,"[278.54, 46]","[277.42, 36]","[374.11, 56]","[375.25, 40]",326.33,178,95.56,-0.08
07:46:52,"[278.35, 23]","[277.62, 39]","[351.29, 48]","[364.58, 55]",314.82,165,72.94,-0.25
07:46:53,"[279.0, 11]","[278.0, 33]","[334.45, 33]","[339.73, 33]",306.73,110,55.45,-0.2
07:46:54,"[279.0, 18]","[278.0, 54]","[291.94, 54]","[296.43, 56]",285.47,182,12.94,-0.21
07:46:55,"[277.21, 14]","[276.21, 42]","[287.64, 50]","[288.41, 58]",282.43,164,10.43,-0.32
07:46:56,"[272.0, 14]","[269.0, 21]","[283.8, 15]","[286.43, 23]",277.9,73,11.8,-0.04
07:46:57,"[274.68, 88]","[272.48, 54]","[280.85, 48]","[282.38, 50]",277.77,240,6.17,0.18
07:46:58,"[278.0, 64]","[273.0, 91]","[279.74, 43]","[281.49, 61]",278.87,259,1.74,0.2
07:46:59,"[278.0, 48]","[274.17, 84]","[280.16, 56]","[283.72, 46]",279.08,234,2.16,0.13
07:47:00,"[275.92, 52]","[274.77, 77]","[278.81, 53]","[280.05, 62]",277.37,244,2.89,0.06
07:47:01,"[275.28, 50]","[274.38, 78]","[277.0, 44]","[299.65, 46]",276.14,218,1.72,0.17
07:47:02,"[275.0, 66]","[272.8, 100]","[277.0, 44]","[292.09, 44]",276.0,254,2.0,0.31
07:47:03,"[273.95, 20]","[271.49, 89]","[277.0, 36]","[279.0, 36]",275.48,181,3.05,0.2
07:47:04,"[272.0, 42]","[267.0, 54]","[276.0, 24]","[279.0, 24]",274.0,144,4.0,0.33
07:47:05,"[272.0, 70]","[266.88, 76]","[275.8, 40]","[279.0, 40]",273.9,226,3.8,0.29
07:47:06,"[272.0, 63]","[266.26, 23]","[274.67, 36]","[336.5, 40]",273.33,162,2.67,0.06
07:47:07,"[272.0, 70]","[266.0, 30]","[274.0, 40]","[323.85, 41]",273.0,181,2.0,0.1
07:47:08,"[272.0, 42]","[266.0, 18]","[274.0, 24]","[285.0, 24]",273.0,108,2.0,0.11
07:47:09,"[272.0, 56]","[266.0, 24]","[276.75, 32]","[310.6, 30]",274.38,142,4.75,0.13
07:47:10,"[272.32, 41]","[270.53, 57]","[285.0, 44]","[413.0, 33]",278.66,175,12.68,0.12
07:47:11,"[272.78, 32]","[271.08, 13]","[281.65, 23]","[348.43, 21]",277.22,89,8.87,0.01
07:47:12,"[273.0, 50]","[272.0, 20]","[274.0, 30]","[284.4, 40]",273.5,140,1.0,0.0
07:47:13,"[273.0, 30]","[272.0, 20]","[274.0, 30]","[283.0, 40]",273.5,120,1.0,-0.17
07:47:14,"[272.5, 20]","[269.89, 27]","[273.87, 31]","[281.71, 42]",273.19,120,1.37,-0.22
07:47:15,"[269.8, 30]","[259.73, 26]","[272.88, 32]","[275.6, 45]",271.34,133,3.07,-0.16
07:47:16,"[269.6, 30]","[265.96, 28]","[272.0, 30]","[274.12, 24]",270.8,112,2.4,0.04
07:47:17,"[265.93, 73]","[262.98, 43]","[272.97, 31]","[277.43, 37]",269.45,184,7.04,0.26
07:47:18,"[267.56, 80]","[262.0, 48]","[275.0, 16]","[278.0, 48]",271.28,192,7.44,0.33
07:47:19,"[268.0, 40]","[262.44, 27]","[275.0, 8]","[278.0, 24]",271.5,99,7.0,0.35
07:47:20,"[268.92, 60]","[262.91, 44]","[277.67, 30]","[283.09, 44]",273.29,178,8.75,0.17
07:47:21,"[270.0, 65]","[260.84, 83]","[277.0, 43]","[283.71, 49]",273.5,240,7.0,0.23
07:47:22,"[270.92, 26]","[265.24, 97]","[276.5, 24]","[279.5, 48]",273.71,195,5.58,0.26
07:47:23,"[266.06, 34]","[262.95, 38]","[274.6, 15]","[276.0, 22]",270.33,109,8.54,0.32
07:47:24,"[265.64, 33]","[244.65, 52]","[272.28, 39]","[273.57, 23]",268.96,147,6.65,0.16
07:47:25,"[266.2, 35]","[264.0, 35]","[268.96, 73]","[269.45, 67]",267.58,210,2.76,-0.33
07:47:26,"[263.0, 29]","[237.29, 21]","[268.0, 12]","[269.0, 108]",265.5,170,5.0,-0.41
07:47:27,"[263.0, 15]","[259.0, 5]","[268.0, 5]","[269.0, 45]",265.5,70,5.0,-0.43
07:47:28,"[263.0, 27]","[259.0, 9]","[267.78, 9]","[269.0, 81]",265.39,126,4.78,-0.43
07:47:29,"[263.0, 15]","[260.5, 8]","[267.0, 5]","[269.0, 45]",265.0,73,4.0,-0.37
07:47:30,"[263.0, 27]","[261.0, 18]","[267.0, 9]","[269.0, 81]",265.0,135,4.0,-0.33
07:47:31,"[263.38, 48]","[257.24, 37]","[268.81, 94]","[270.98, 121]",266.09,300,5.43,-0.43
07:47:32,"[259.0, 24]","[229.21, 14]","[269.0, 64]","[275.0, 32]",264.0,134,10.0,-0.43
07:47:33,"[259.11, 27]","[245.12, 17]","[269.0, 88]","[275.0, 44]",264.06,176,9.89,-0.5
07:47:34,"[260.93, 14]","[259.0, 82]","[269.0, 108]","[275.0, 56]",264.96,260,8.07,-0.26
07:47:35,"[261.71, 14]","[259.0, 74]","[269.0, 84]","[275.0, 56]",265.36,228,7.29,-0.23
07:47:36,"[262.2, 10]","[259.0, 30]","[272.65, 46]","[276.4, 40]",267.43,126,10.45,-0.37
07:47:37,"[263.38, 8]","[257.6, 40]","[275.0, 32]","[354.0, 24]",269.19,104,11.62,-0.08
07:47:38,"[264.94, 17]","[257.42, 33]","[274.77, 26]","[276.83, 35]",269.86,111,9.83,-0.1
07:47:39,"[264.75, 12]","[257.0, 36]","[273.13, 15]","[274.05, 21]",268.94,84,8.38,0.14
07:47:40,"[266.75, 12]","[263.5, 18]","[272.0, 24]","[273.0, 12]",269.38,66,5.25,-0.09
07:47:41,"[263.43, 35]","[257.18, 55]","[276.42, 53]","[278.69, 52]",269.92,195,12.99,-0.08
07:47:42,"[266.03, 97]","[263.5, 72]","[278.67, 61]","[280.94, 64]",272.35,294,12.64,0.15
07:47:43,"[266.44, 41]","[265.31, 39]","[280.63, 46]","[281.93, 45]",273.53,171,14.19,-0.06
07:47:44,"[268.38, 32]","[266.69, 32]","[282.0, 100]","[361.68, 34]",275.19,198,13.62,-0.35
07:47:45,"[271.62, 16]","[270.0, 16]","[281.78, 36]","[317.2, 20]",276.7,88,10.15,-0.27
07:47:46,"[272.38, 26]","[270.77, 26]","[279.23, 26]","[280.48, 29]",275.81,107,6.85,-0.03
07:47:47,"[274.07, 30]","[272.13, 30]","[276.33, 30]","[280.28, 36]",275.2,126,2.27,-0.05
07:47:48,"[272.55, 29]","[266.66, 50]","[282.43, 49]","[287.61, 66]",277.49,194,9.88,-0.19
07:47:49,"[274.06, 17]","[272.12, 24]","[283.0, 36]","[289.0, 48]",278.53,125,8.94,-0.34
07:47:50,"[276.0, 18]","[272.0, 27]","[283.0, 27]","[289.0, 36]",279.5,108,7.0,-0.17
07:47:51,"[276.71, 14]","[274.5, 16]","[282.37, 38]","[288.22, 46]",279.54,114,5.65,-0.47
07:47:52,"[277.0, 13]","[276.0, 13]","[279.92, 52]","[283.6, 40]",278.46,118,2.92,-0.56
07:47:53,"[276.67, 9]","[273.6, 15]","[279.06, 34]","[280.97, 31]",277.86,89,2.39,-0.46
07:47:54,"[276.0, 12]","[272.0, 36]","[278.33, 36]","[280.0, 48]",277.17,132,2.33,-0.27
07:47:55,"[272.69, 29]","[265.85, 39]","[276.37, 43]","[280.38, 47]",274.53,158,3.68,-0.14
07:47:56,"[272.0, 33]","[262.0, 33]","[273.73, 44]","[281.5, 36]",272.86,146,1.73,-0.1
07:47:57,"[272.0, 28]","[262.0, 36]","[273.0, 46]","[274.0, 48]",272.5,158,1.0,-0.19
07:47:58,"[270.8, 40]","[270.04, 101]","[273.56, 36]","[275.62, 37]",272.18,214,2.76,0.32
07:47:59,"[267.0, 14]","[262.0, 21]","[274.0, 28]","[286.0, 7]",270.5,70,7.0,0.0
07:48:00,"[267.0, 14]","[262.0, 21]","[274.0, 28]","[286.0, 7]",270.5,70,7.0,0.0
07:48:01,"[270.6, 20]","[264.0, 20]","[274.0, 24]","[286.0, 8]",272.3,72,3.4,0.11
07:48:02,"[274.0, 36]","[267.78, 23]","[281.2, 15]","[286.93, 29]",277.6,103,7.2,0.15
07:48:03,"[279.0, 72]","[270.19, 32]","[286.0, 13]","[287.0, 36]",282.5,153,7.0,0.36
07:48:04,"[279.0, 102]","[273.0, 17]","[283.65, 85]","[287.36, 22]",281.32,226,4.65,0.05
07:48:05,"[279.0, 53]","[276.88, 68]","[282.08, 65]","[288.0, 13]",280.54,199,3.08,0.22
07:48:06,"[277.43, 23]","[276.64, 33]","[280.75, 28]","[287.25, 8]",279.09,92,3.32,0.22
07:48:07,"[277.0, 31]","[273.0, 11]","[289.21, 61]","[290.86, 36]",283.11,139,12.21,-0.4
07:48:08,"[277.0, 12]","[273.0, 12]","[287.49, 67]","[290.19, 59]",282.25,150,10.49,-0.68
07:48:09,"[280.95, 76]","[276.75, 16]","[289.12, 43]","[290.32, 69]",285.03,204,8.17,-0.1
07:48:10,"[281.0, 45]","[277.98, 55]","[287.0, 27]","[288.0, 9]",284.0,136,6.0,0.47
07:48:11,"[281.0, 72]","[278.0, 135]","[286.05, 59]","[287.83, 54]",283.53,320,5.05,0.29
07:48:12,"[281.0, 34]","[278.0, 153]","[285.64, 47]","[286.97, 65]",283.32,299,4.64,0.25
07:48:13,"[281.0, 21]","[278.0, 117]","[283.23, 31]","[284.48, 50]",282.11,219,2.23,0.26
07:48:14,"[281.0, 8]","[278.0, 72]","[283.87, 23]","[290.16, 37]",282.43,140,2.87,0.14
07:48:15,"[281.0, 19]","[278.0, 171]","[282.42, 19]","[284.0, 76]",281.71,285,1.42,0.33
07:48:16,"[278.15, 123]","[277.81, 67]","[281.24, 21]","[286.44, 71]",279.69,282,3.09,0.35
07:48:17,"[278.0, 130]","[277.0, 15]","[291.3, 61]","[294.49, 69]",284.65,275,13.3,0.05
07:48:18,"[278.0, 81]","[277.0, 10]","[291.0, 18]","[292.0, 35]",284.5,144,13.0,0.26
07:48:19,"[279.54, 56]","[278.18, 51]","[290.44, 18]","[291.55, 22]",284.99,147,10.91,0.46
07:48:20,"[280.0, 84]","[279.0, 24]","[289.67, 18]","[291.2, 30]",284.83,156,9.67,0.38
07:48:21,"[280.0, 63]","[279.0, 18]","[289.0, 9]","[290.0, 36]",284.5,126,9.0,0.29
07:48:22,"[280.0, 55]","[279.0, 22]","[289.0, 11]","[290.0, 44]",284.5,132,9.0,0.17
07:48:23,"[280.0, 45]","[279.0, 18]","[287.78, 9]","[290.29, 31]",283.89,103,7.78,0.22
07:48:24,"[279.9, 61]","[278.8, 30]","[286.48, 23]","[290.62, 42]",283.19,156,6.58,0.17
07:48:25,"[280.56, 81]","[279.47, 38]","[284.74, 39]","[286.18, 40]",282.65,198,4.19,0.2
07:48:26,"[281.0, 69]","[280.0, 32]","[283.38, 39]","[288.0, 55]",282.19,195,2.38,0.04
07:48:27,"[279.81, 32]","[278.98, 93]","[282.0, 28]","[292.36, 42]",280.91,195,2.19,0.28
07:48:28,"[279.0, 78]","[278.0, 26]","[281.36, 33]","[288.19, 32]",280.18,169,2.36,0.23
07:48:29,"[279.0, 85]","[278.0, 32]","[280.71, 42]","[281.53, 38]",279.86,197,1.71,0.19
07:48:30,"[279.0, 38]","[278.0, 20]","[280.69, 26]","[285.62, 24]",279.85,108,1.69,0.07
07:48:31,"[279.0, 33]","[278.0, 22]","[281.0, 33]","[290.11, 27]",280.0,115,2.0,-0.04
07:48:32,"[279.0, 39]","[278.0, 26]","[280.15, 39]","[288.46, 39]",279.58,143,1.15,-0.09
07:48:33,"[278.6, 25]","[277.67, 15]","[284.0, 30]","[289.15, 20]",281.3,90,5.4,-0.11
07:48:34,"[278.0, 26]","[277.0, 13]","[286.85, 39]","[289.74, 23]",282.42,101,8.85,-0.23
07:48:35,"[276.34, 47]","[275.8, 10]","[286.71, 21]","[288.64, 25]",281.53,103,10.37,0.11
07:48:36,"[277.11, 108]","[275.82, 67]","[288.0, 33]","[289.0, 44]",282.56,252,10.89,0.39
07:48:37,"[279.0, 128]","[276.0, 176]","[287.69, 48]","[289.0, 64]",283.34,416,8.69,0.46
07:48:38,"[279.0, 64]","[277.25, 69]","[287.0, 24]","[288.0, 32]",283.0,189,8.0,0.41
07:48:39,"[279.0, 64]","[278.0, 112]","[287.0, 24]","[288.0, 32]",283.0,232,8.0,0.52
07:48:40,"[278.35, 55]","[277.7, 60]","[287.0, 18]","[288.0, 24]",282.67,157,8.65,0.46
07:48:41,"[278.0, 132]","[277.0, 66]","[284.0, 24]","[287.23, 35]",281.0,257,6.0,0.54
07:48:42,"[278.0, 84]","[277.0, 42]","[287.0, 21]","[290.0, 28]",282.5,175,9.0,0.44
07:48:43,"[278.0, 96]","[277.0, 48]","[287.0, 24]","[290.0, 32]",282.5,200,9.0,0.44
07:48:44,"[278.0, 156]","[277.0, 78]","[286.8, 41]","[289.64, 50]",282.4,325,8.8,0.44
07:48:45,"[278.0, 132]","[277.0, 66]","[286.0, 44]","[288.82, 33]",282.0,275,8.0,0.44
07:48:46,"[278.0, 156]","[277.0, 78]","[286.0, 52]","[289.0, 39]",282.0,325,8.0,0.44
07:48:47,"[278.0, 120]","[277.0, 60]","[285.0, 40]","[290.09, 35]",281.5,255,7.0,0.41
07:48:48,"[278.23, 31]","[277.88, 96]","[284.4, 30]","[288.27, 30]",281.31,187,6.17,0.36
07:48:49,"[278.77, 52]","[277.31, 87]","[282.9, 40]","[283.36, 25]",280.83,204,4.13,0.36
07:48:50,"[278.0, 117]","[276.0, 121]","[280.0, 23]","[283.79, 29]",279.0,290,2.0,0.64
07:48:51,"[278.0, 74]","[276.0, 154]","[279.29, 14]","[290.73, 30]",278.64,272,1.29,0.68
07:48:52,"[278.0, 91]","[276.0, 143]","[279.0, 13]","[291.0, 13]",278.5,260,1.0,0.8
07:48:53,"[278.0, 73]","[276.0, 121]","[287.89, 27]","[292.57, 23]",282.94,244,9.89,0.59
07:48:54,"[278.0, 19]","[276.0, 99]","[291.0, 45]","[294.0, 27]",284.5,190,13.0,0.24
07:48:55,"[279.64, 22]","[276.34, 53]","[291.0, 65]","[294.0, 39]",285.32,179,11.36,-0.16
07:48:56,"[280.0, 18]","[278.0, 9]","[291.0, 45]","[294.0, 27]",285.5,99,11.0,-0.45
07:48:57,"[280.0, 8]","[278.0, 4]","[291.0, 4]","[294.0, 12]",285.5,28,11.0,-0.14
07:48:58,"[280.0, 16]","[278.0, 8]","[291.0, 8]","[294.0, 24]",285.5,56,11.0,-0.14
07:48:59,"[280.0, 14]","[278.0, 7]","[291.0, 7]","[293.33, 18]",285.5,46,11.0,-0.09
07:49:00,"[281.57, 92]","[272.58, 38]","[289.85, 26]","[291.25, 16]",285.71,172,8.28,0.51
