Time,Bid1,Bid2,Ask1,Ask2,Mid-Price,Total_volume,Bid_ask_spread,Order_imbalance
07:30:00,"[0, 0]","[0, 0]","[0, 0]","[0, 0]",0.0,0,0.0,0.0
07:30:01,"[137.0, 1]","[0, 0]","[0, 0]","[0, 0]",68.5,1,-137.0,1.0
07:30:02,"[137.0, 3]","[123.0, 2]","[155.0, 6]","[324.0, 5]",146.0,16,18.0,-0.38
07:30:03,"[138.75, 12]","[137.0, 4]","[155.0, 8]","[372.5, 20]",146.88,44,16.25,-0.27
07:30:04,"[140.14, 21]","[137.0, 7]","[151.5, 20]","[378.11, 28]",145.82,76,11.36,-0.26
07:30:05,"[141.0, 21]","[139.4, 25]","[147.6, 15]","[148.9, 29]",144.3,90,6.6,0.02
07:30:06,"[141.0, 18]","[140.0, 60]","[146.0, 6]","[148.0, 30]",143.5,114,5.0,0.37
07:30:07,"[141.0, 24]","[140.0, 80]","[145.0, 8]","[148.0, 40]",143.0,152,4.0,0.37
07:30:08,"[141.0, 18]","[140.0, 60]","[144.04, 26]","[145.5, 10]",142.52,114,3.04,0.37
07:30:09,"[140.65, 23]","[139.94, 53]","[143.07, 14]","[143.18, 22]",141.86,112,2.42,0.36
07:30:10,"[140.0, 38]","[139.0, 15]","[141.05, 21]","[144.65, 17]",140.52,91,1.05,0.16
07:30:11,"[140.0, 70]","[139.0, 30]","[141.0, 50]","[146.7, 50]",140.5,200,1.0,0.0
07:30:12,"[140.0, 16]","[139.0, 24]","[147.0, 40]","[149.0, 16]",143.5,96,7.0,-0.17
07:30:13,"[138.74, 38]","[138.08, 39]","[144.31, 42]","[147.84, 19]",141.52,138,5.57,0.12
07:30:14,"[139.0, 30]","[138.0, 48]","[140.0, 32]","[145.83, 18]",139.5,128,1.0,0.22
07:30:15,"[138.14, 49]","[137.59, 51]","[140.0, 48]","[144.0, 60]",139.07,208,1.86,-0.04
07:30:16,"[138.0, 60]","[137.0, 30]","[141.32, 22]","[143.7, 47]",139.66,159,3.32,0.13
07:30:17,"[138.0, 24]","[137.0, 12]","[141.94, 16]","[144.73, 11]",139.97,63,3.94,0.14
07:30:18,"[138.0, 36]","[137.0, 18]","[142.0, 30]","[146.0, 12]",140.0,96,4.0,0.12
07:30:19,"[138.0, 50]","[137.0, 27]","[142.0, 45]","[146.0, 18]",140.0,140,4.0,0.1
07:30:20,"[133.0, 6]","[131.0, 12]","[141.86, 29]","[144.67, 15]",137.43,62,8.86,-0.42
07:30:21,"[136.26, 23]","[131.48, 21]","[141.0, 52]","[142.0, 65]",138.63,161,4.74,-0.45
07:30:22,"[131.59, 17]","[123.17, 46]","[141.0, 46]","[142.21, 39]",136.29,148,9.41,-0.15
07:30:23,"[131.0, 18]","[121.0, 54]","[141.0, 54]","[144.0, 12]",136.0,138,10.0,0.04
07:30:24,"[131.44, 27]","[122.67, 54]","[140.57, 37]","[144.0, 16]",136.01,134,9.12,0.21
07:30:25,"[132.46, 52]","[131.0, 30]","[139.19, 62]","[140.52, 46]",135.83,190,6.73,-0.14
07:30:26,"[133.0, 76]","[131.79, 38]","[136.75, 89]","[139.08, 142]",134.88,345,3.75,-0.34
07:30:27,"[134.85, 59]","[132.55, 58]","[138.79, 96]","[140.0, 84]",136.82,297,3.94,-0.21
07:30:28,"[137.0, 32]","[132.73, 41]","[139.59, 71]","[140.75, 40]",138.3,184,2.59,-0.21
07:30:29,"[137.89, 18]","[132.31, 39]","[139.0, 27]","[141.0, 36]",138.44,120,1.11,-0.05
07:30:30,"[136.33, 24]","[131.34, 76]","[138.67, 36]","[140.54, 26]",137.5,162,2.33,0.23
07:30:31,"[133.0, 14]","[130.0, 70]","[136.9, 20]","[138.71, 21]",134.95,125,3.9,0.34
07:30:32,"[133.0, 26]","[130.0, 130]","[134.15, 26]","[137.0, 39]",133.58,221,1.15,0.41
07:30:33,"[133.11, 36]","[130.2, 118]","[135.82, 56]","[137.1, 60]",134.47,270,2.71,0.14
07:30:34,"[131.75, 32]","[129.77, 52]","[134.94, 52]","[137.0, 96]",133.35,232,3.19,-0.28
07:30:35,"[131.52, 25]","[129.29, 112]","[134.42, 19]","[137.19, 96]",132.97,252,2.9,0.09
07:30:36,"[132.0, 33]","[129.0, 108]","[246.93, 14]","[250.92, 13]",189.46,168,114.93,0.68
07:30:37,"[129.0, 84]","[125.92, 13]","[278.17, 23]","[458.71, 31]",203.59,151,149.17,0.28
07:30:38,"[131.81, 74]","[127.67, 63]","[284.84, 50]","[397.92, 48]",208.33,235,153.03,0.17
07:30:39,"[129.32, 25]","[127.12, 67]","[209.67, 30]","[272.05, 41]",169.49,163,80.35,0.13
07:30:40,"[135.5, 40]","[130.64, 44]","[208.83, 29]","[389.97, 62]",172.16,175,73.33,-0.04
07:30:41,"[131.2, 40]","[129.02, 129]","[177.68, 31]","[181.84, 45]",154.44,245,46.48,0.38
07:30:42,"[131.69, 26]","[129.35, 43]","[134.62, 16]","[152.59, 29]",133.16,114,2.93,0.21
07:30:43,"[132.87, 71]","[129.04, 47]","[135.0, 40]","[148.67, 30]",133.94,188,2.13,0.26
07:30:44,"[133.0, 42]","[129.0, 3]","[135.0, 15]","[138.0, 12]",134.0,72,2.0,0.25
07:30:45,"[133.0, 70]","[129.0, 5]","[135.0, 25]","[137.0, 10]",134.0,110,2.0,0.36
07:30:46,"[133.26, 76]","[132.76, 68]","[135.0, 38]","[137.0, 18]",134.13,200,1.74,0.44
07:30:47,"[133.0, 27]","[132.39, 49]","[135.5, 16]","[137.8, 10]",134.25,102,2.5,0.49
07:30:48,"[133.84, 19]","[132.3, 46]","[137.0, 14]","[139.0, 14]",135.42,93,3.16,0.4
07:30:49,"[133.33, 72]","[123.4, 15]","[137.0, 18]","[139.0, 18]",135.17,123,3.67,0.41
07:30:50,"[133.14, 70]","[132.69, 65]","[136.22, 27]","[137.6, 20]",134.68,182,3.08,0.48
07:30:51,"[133.05, 76]","[132.2, 30]","[135.25, 12]","[137.0, 16]",134.15,134,2.2,0.58
07:30:52,"[133.0, 120]","[128.4, 10]","[134.73, 11]","[136.43, 14]",133.86,155,1.73,0.68
07:30:53,"[133.0, 108]","[128.0, 9]","[136.11, 18]","[137.33, 18]",134.56,153,3.11,0.53
07:30:54,"[132.86, 37]","[121.33, 12]","[136.0, 16]","[137.0, 16]",134.43,81,3.14,0.21
07:30:55,"[133.0, 36]","[130.0, 12]","[135.0, 18]","[137.0, 18]",134.0,84,2.0,0.14
07:30:56,"[133.0, 16]","[128.0, 4]","[135.0, 8]","[137.0, 8]",134.0,36,2.0,0.11
07:30:57,"[133.0, 24]","[128.0, 6]","[136.0, 8]","[137.8, 20]",134.5,58,3.0,0.03
07:30:58,"[133.0, 16]","[128.0, 4]","[138.0, 10]","[139.0, 8]",135.5,38,5.0,0.05
07:30:59,"[133.0, 40]","[128.0, 10]","[139.33, 12]","[192.33, 36]",136.17,98,6.33,0.02
07:31:00,"[135.27, 33]","[132.67, 30]","[139.06, 17]","[159.67, 12]",137.17,92,3.79,0.37
07:31:01,"[134.56, 48]","[132.79, 34]","[138.3, 20]","[140.3, 10]",136.43,112,3.74,0.46
07:31:02,"[136.0, 45]","[133.67, 36]","[138.18, 17]","[195.62, 13]",137.09,111,2.18,0.46
07:31:03,"[136.45, 100]","[134.51, 59]","[141.0, 14]","[303.92, 62]",138.72,235,4.55,0.35
07:31:04,"[137.49, 142]","[135.59, 63]","[140.2, 35]","[166.21, 14]",138.85,254,2.71,0.61
07:31:05,"[139.0, 71]","[137.0, 50]","[140.0, 40]","[141.0, 10]",139.5,171,1.0,0.42
07:31:06,"[139.0, 35]","[136.77, 53]","[140.47, 15]","[262.08, 37]",139.73,140,1.47,0.26
07:31:07,"[139.0, 15]","[137.0, 40]","[141.0, 5]","[231.25, 16]",140.0,76,2.0,0.45
07:31:08,"[140.5, 48]","[137.37, 98]","[325.87, 54]","[387.39, 28]",233.19,228,185.37,0.28
07:31:09,"[143.0, 31]","[139.0, 36]","[338.55, 47]","[368.04, 47]",240.78,161,195.55,-0.17
07:31:10,"[143.18, 22]","[139.52, 31]","[348.57, 14]","[375.07, 41]",245.88,108,205.39,-0.02
07:31:11,"[140.82, 22]","[137.64, 47]","[337.0, 28]","[354.22, 18]",238.91,115,196.18,0.2
07:31:12,"[137.69, 61]","[136.75, 61]","[238.73, 44]","[253.55, 44]",188.21,210,101.04,0.16
07:31:13,"[136.6, 52]","[123.84, 19]","[138.14, 21]","[139.16, 32]",137.37,124,1.55,0.15
07:31:14,"[131.0, 21]","[104.43, 28]","[138.0, 35]","[141.0, 35]",134.5,119,7.0,-0.18
07:31:15,"[131.0, 33]","[90.77, 52]","[137.0, 40]","[138.0, 37]",134.0,162,6.0,0.05
07:31:16,"[133.73, 44]","[121.55, 99]","[138.41, 39]","[169.05, 44]",136.07,226,4.68,0.27
07:31:17,"[137.11, 27]","[125.9, 40]","[139.0, 31]","[276.13, 15]",138.06,113,1.89,0.19
07:31:18,"[139.07, 30]","[125.09, 33]","[166.08, 12]","[497.04, 23]",152.57,98,27.02,0.29
07:31:19,"[145.0, 14]","[140.0, 35]","[183.2, 10]","[489.58, 24]",164.1,83,38.2,0.18
07:31:20,"[140.15, 67]","[138.36, 42]","[206.26, 34]","[249.47, 30]",173.21,173,66.12,0.26
07:31:21,"[140.0, 61]","[139.0, 13]","[141.0, 46]","[250.39, 28]",140.5,148,1.0,0.0
07:31:22,"[139.89, 27]","[138.33, 18]","[141.0, 36]","[410.33, 36]",140.44,117,1.11,-0.23
07:31:23,"[137.43, 14]","[115.82, 44]","[140.55, 22]","[351.3, 20]",138.99,100,3.12,0.16
07:31:24,"[137.0, 18]","[99.67, 36]","[139.8, 20]","[224.91, 11]",138.4,85,2.8,0.27
07:31:25,"[137.0, 33]","[131.21, 38]","[138.81, 32]","[140.0, 30]",137.91,133,1.81,0.07
07:31:26,"[137.09, 23]","[98.78, 36]","[140.43, 14]","[219.82, 17]",138.76,90,3.34,0.31
07:31:27,"[78.21, 33]","[110.23, 26]","[219.33, 12]","[470.25, 20]",148.77,91,141.12,0.3
07:31:28,"[100.75, 32]","[0, 0]","[138.0, 4]","[450.0, 4]",119.38,40,37.25,0.6
07:31:29,"[119.75, 40]","[117.0, 64]","[136.25, 8]","[173.94, 17]",128.0,129,16.5,0.61
07:31:30,"[123.16, 44]","[95.59, 58]","[134.21, 24]","[228.04, 24]",128.68,150,11.05,0.36
07:31:31,"[128.8, 50]","[114.68, 34]","[133.45, 20]","[214.0, 10]",131.12,114,4.65,0.47
07:31:32,"[128.21, 43]","[69.58, 78]","[224.09, 11]","[330.55, 11]",176.15,143,95.88,0.69
07:31:33,"[107.4, 15]","[62.4, 80]","[455.18, 17]","[496.79, 19]",281.29,131,347.78,0.45
07:31:34,"[109.11, 28]","[77.46, 61]","[373.11, 28]","[488.0, 22]",241.11,139,264.0,0.28
07:31:35,"[101.8, 30]","[63.06, 107]","[333.36, 42]","[451.78, 18]",217.58,197,231.56,0.39
07:31:36,"[91.73, 44]","[81.55, 88]","[205.0, 23]","[247.21, 28]",148.36,183,113.27,0.44
07:31:37,"[140.41, 34]","[126.03, 29]","[373.0, 45]","[398.0, 24]",256.71,132,232.59,-0.05
07:31:38,"[141.0, 44]","[139.0, 84]","[143.18, 55]","[264.05, 37]",142.09,220,2.18,0.16
07:31:39,"[140.12, 50]","[138.91, 88]","[143.0, 45]","[450.0, 18]",141.56,201,2.88,0.37
07:31:40,"[139.0, 110]","[137.0, 20]","[142.24, 49]","[171.52, 23]",140.62,202,3.24,0.29
07:31:41,"[139.0, 73]","[137.33, 18]","[140.0, 25]","[271.5, 34]",139.5,150,1.0,0.21
07:31:42,"[139.0, 45]","[138.0, 30]","[336.23, 22]","[663.78, 27]",237.61,124,197.23,0.21
07:31:43,"[139.0, 27]","[138.0, 24]","[549.75, 24]","[768.0, 16]",344.38,91,410.75,0.12
07:31:44,"[139.0, 21]","[138.0, 21]","[521.57, 21]","[701.2, 10]",330.29,73,382.57,0.15
07:31:45,"[139.0, 7]","[138.0, 21]","[459.2, 20]","[647.67, 12]",299.1,60,320.2,-0.07
07:31:46,"[139.0, 10]","[138.0, 30]","[443.96, 23]","[619.88, 24]",291.48,87,304.96,-0.08
07:31:47,"[139.0, 11]","[138.0, 33]","[167.24, 29]","[269.7, 27]",153.12,100,28.24,-0.12
07:31:48,"[140.0, 57]","[139.0, 14]","[166.0, 33]","[167.0, 33]",153.0,137,26.0,0.04
07:31:49,"[140.0, 72]","[139.0, 16]","[166.0, 24]","[167.0, 24]",153.0,136,26.0,0.29
07:31:50,"[140.0, 56]","[139.0, 14]","[165.14, 21]","[167.0, 21]",152.57,112,25.14,0.25
07:31:51,"[142.39, 79]","[139.95, 76]","[163.94, 36]","[165.82, 33]",153.17,224,21.55,0.38
07:31:52,"[143.0, 84]","[140.11, 72]","[161.43, 42]","[162.75, 40]",152.21,238,18.43,0.31
07:31:53,"[143.0, 77]","[141.0, 22]","[159.11, 37]","[160.29, 34]",151.05,170,16.11,0.16
07:31:54,"[143.0, 74]","[141.0, 28]","[153.66, 50]","[155.0, 48]",148.33,200,10.66,0.02
07:31:55,"[143.0, 52]","[141.0, 26]","[149.75, 48]","[151.21, 43]",146.38,169,6.75,-0.08
07:31:56,"[142.78, 36]","[140.33, 48]","[145.32, 44]","[146.57, 40]",144.05,168,2.54,0.0
07:31:57,"[140.08, 52]","[139.73, 44]","[142.71, 34]","[147.6, 30]",141.39,160,2.63,0.2
07:31:58,"[140.0, 57]","[139.0, 24]","[141.06, 47]","[167.27, 26]",140.53,154,1.06,0.05
07:31:59,"[139.64, 22]","[138.54, 26]","[140.91, 44]","[235.96, 26]",140.27,118,1.27,-0.19
07:32:00,"[139.0, 24]","[138.0, 36]","[140.0, 48]","[296.3, 20]",139.5,128,1.0,-0.06
07:32:01,"[140.74, 35]","[137.86, 42]","[313.8, 25]","[407.17, 36]",227.27,138,173.06,0.12
07:32:02,"[143.0, 64]","[138.0, 24]","[244.6, 10]","[263.59, 22]",193.8,120,101.6,0.47
07:32:03,"[143.0, 72]","[140.29, 42]","[208.0, 9]","[245.33, 27]",175.5,150,65.0,0.52
07:32:04,"[143.32, 82]","[141.54, 65]","[206.33, 48]","[209.77, 39]",174.83,234,63.02,0.26
07:32:05,"[145.0, 54]","[140.77, 39]","[202.48, 31]","[203.12, 42]",173.74,166,57.48,0.12
07:32:06,"[145.0, 10]","[138.4, 40]","[196.93, 43]","[197.74, 19]",170.97,112,51.93,-0.11
07:32:07,"[145.0, 11]","[139.0, 88]","[195.45, 55]","[196.58, 48]",170.23,202,50.45,-0.02
07:32:08,"[145.0, 10]","[141.31, 35]","[193.35, 48]","[194.8, 50]",169.18,143,48.35,-0.37
07:32:09,"[145.0, 10]","[142.0, 30]","[189.61, 41]","[190.8, 45]",167.3,126,44.61,-0.37
07:32:10,"[145.0, 10]","[141.5, 20]","[186.1, 40]","[187.52, 42]",165.55,112,41.1,-0.46
07:32:11,"[145.0, 14]","[140.0, 19]","[183.02, 61]","[184.06, 63]",164.01,157,38.02,-0.58
07:32:12,"[142.47, 15]","[139.37, 19]","[179.49, 37]","[180.58, 38]",160.98,109,37.02,-0.38
07:32:13,"[143.0, 42]","[140.0, 14]","[177.91, 64]","[179.43, 56]",160.45,176,34.91,-0.36
07:32:14,"[142.96, 72]","[139.56, 18]","[174.17, 46]","[176.15, 52]",158.57,188,31.22,-0.04
07:32:15,"[143.0, 103]","[140.0, 16]","[169.36, 76]","[170.91, 68]",156.18,263,26.36,-0.1
07:32:16,"[143.0, 36]","[141.4, 30]","[165.06, 53]","[166.29, 49]",154.03,168,22.06,-0.21
07:32:17,"[143.0, 39]","[141.38, 91]","[162.36, 55]","[163.44, 57]",152.68,242,19.36,0.07
07:32:18,"[141.37, 49]","[140.72, 29]","[157.5, 52]","[158.42, 52]",149.43,182,16.13,-0.14
07:32:19,"[141.0, 60]","[140.0, 12]","[152.42, 45]","[153.82, 57]",146.71,174,11.42,-0.17
07:32:20,"[141.0, 40]","[140.0, 11]","[149.21, 48]","[150.16, 51]",145.1,150,8.21,-0.32
07:32:21,"[140.43, 14]","[139.04, 75]","[145.69, 52]","[146.75, 51]",143.06,192,5.26,-0.07
07:32:22,"[139.07, 54]","[138.6, 60]","[140.9, 41]","[142.47, 47]",139.99,202,1.83,0.13
07:32:23,"[138.86, 28]","[137.38, 45]","[141.73, 30]","[185.63, 38]",140.3,141,2.88,0.04
07:32:24,"[137.03, 33]","[80.24, 25]","[144.94, 33]","[146.58, 24]",140.98,115,7.91,0.01
07:32:25,"[132.48, 33]","[57.57, 14]","[141.11, 28]","[143.33, 27]",136.8,102,8.62,-0.08
07:32:26,"[53.0, 2]","[33.0, 6]","[139.0, 6]","[141.0, 2]",96.0,16,86.0,0.0
07:32:27,"[107.79, 28]","[71.67, 36]","[137.7, 10]","[139.0, 30]",122.74,104,29.91,0.23
07:32:28,"[78.71, 68]","[61.09, 64]","[135.75, 20]","[136.93, 29]",107.23,181,57.04,0.46
07:32:29,"[75.54, 123]","[67.95, 40]","[135.11, 35]","[274.02, 41]",105.33,239,59.58,0.36
07:32:30,"[81.84, 77]","[61.55, 40]","[216.66, 38]","[367.4, 30]",149.25,185,134.81,0.26
07:32:31,"[97.32, 93]","[96.0, 39]","[163.98, 53]","[251.61, 41]",130.65,226,66.66,0.17
07:32:32,"[100.22, 45]","[98.85, 54]","[128.0, 27]","[133.0, 39]",114.11,165,27.78,0.2
07:32:33,"[117.26, 92]","[114.94, 32]","[128.0, 17]","[133.0, 77]",122.63,218,10.74,0.14
07:32:34,"[123.57, 7]","[119.75, 16]","[128.0, 7]","[133.0, 49]",125.79,79,4.43,-0.42
07:32:35,"[125.26, 39]","[124.86, 57]","[128.77, 13]","[135.81, 79]",127.01,188,3.51,0.02
07:32:36,"[128.9, 10]","[126.46, 37]","[162.2, 15]","[263.32, 25]",145.55,87,33.3,0.08
07:32:37,"[131.73, 11]","[130.64, 11]","[214.0, 26]","[365.74, 43]",172.86,91,82.27,-0.52
07:32:38,"[134.93, 138]","[132.86, 21]","[144.74, 54]","[158.9, 60]",139.84,273,9.81,0.16
07:32:39,"[137.53, 95]","[135.0, 69]","[147.0, 46]","[164.15, 20]",142.26,230,9.47,0.43
07:32:40,"[143.0, 98]","[138.97, 122]","[199.1, 42]","[417.04, 24]",171.05,286,56.1,0.54
07:32:41,"[143.0, 28]","[139.95, 38]","[182.17, 24]","[349.33, 12]",162.58,102,39.17,0.29
07:32:42,"[143.0, 27]","[141.0, 27]","[355.86, 21]","[434.46, 39]",249.43,114,212.86,-0.05
07:32:43,"[139.5, 52]","[139.33, 21]","[415.81, 32]","[478.5, 28]",277.66,133,276.31,0.1
07:32:44,"[139.0, 45]","[138.0, 5]","[316.0, 16]","[331.53, 17]",227.5,83,177.0,0.2
07:32:45,"[139.0, 50]","[138.0, 7]","[306.0, 14]","[322.0, 35]",222.5,106,167.0,0.08
07:32:46,"[139.0, 30]","[138.0, 10]","[301.5, 20]","[382.95, 40]",220.25,100,162.5,-0.2
07:32:47,"[140.48, 27]","[138.97, 36]","[220.44, 9]","[254.33, 9]",180.46,81,79.96,0.56
07:32:48,"[141.0, 44]","[139.0, 84]","[216.67, 12]","[217.67, 12]",178.83,152,75.67,0.68
07:32:49,"[144.5, 96]","[139.64, 44]","[214.38, 13]","[215.38, 13]",179.44,166,69.88,0.69
07:32:50,"[145.0, 128]","[142.38, 13]","[211.06, 16]","[212.0, 12]",178.03,169,66.06,0.67
07:32:51,"[145.0, 99]","[143.53, 15]","[207.33, 9]","[208.67, 9]",176.17,132,62.33,0.73
07:32:52,"[145.0, 119]","[143.7, 23]","[205.19, 21]","[206.15, 20]",175.1,183,60.19,0.55
07:32:53,"[145.0, 90]","[143.0, 9]","[202.82, 11]","[204.75, 16]",173.91,126,57.82,0.57
07:32:54,"[145.0, 132]","[143.0, 9]","[201.07, 14]","[202.15, 13]",173.04,168,56.07,0.68
07:32:55,"[145.0, 228]","[143.0, 15]","[195.19, 26]","[195.96, 23]",170.1,292,50.19,0.66
07:32:56,"[145.0, 110]","[143.0, 11]","[189.1, 20]","[190.41, 17]",167.05,158,44.1,0.53
07:32:57,"[145.0, 76]","[143.0, 8]","[186.07, 14]","[186.69, 13]",165.54,111,41.07,0.51
07:32:58,"[145.0, 112]","[143.0, 14]","[182.23, 22]","[182.74, 19]",163.61,167,37.23,0.51
07:32:59,"[145.0, 95]","[143.0, 12]","[175.87, 15]","[177.07, 14]",160.43,136,30.87,0.57
07:33:00,"[145.0, 57]","[143.0, 11]","[171.07, 14]","[173.89, 19]",158.04,101,26.07,0.35
07:33:01,"[145.0, 70]","[142.11, 18]","[167.07, 28]","[168.3, 27]",156.04,143,22.07,0.23
07:33:02,"[145.0, 75]","[142.38, 87]","[165.14, 28]","[166.6, 30]",155.07,220,20.14,0.47
07:33:03,"[145.0, 57]","[143.0, 130]","[161.93, 14]","[163.06, 17]",153.46,218,16.93,0.72
07:33:04,"[145.0, 36]","[143.0, 90]","[158.33, 9]","[159.73, 11]",151.67,146,13.33,0.73
07:33:05,"[145.0, 36]","[143.0, 90]","[156.67, 15]","[157.36, 11]",150.83,152,11.67,0.66
07:33:06,"[145.0, 44]","[143.0, 120]","[153.71, 17]","[155.29, 17]",149.35,198,8.71,0.66
07:33:07,"[145.0, 18]","[143.0, 90]","[150.79, 14]","[151.31, 13]",147.89,135,5.79,0.6
07:33:08,"[143.75, 48]","[142.88, 96]","[146.37, 19]","[147.83, 12]",145.06,175,2.62,0.65
07:33:09,"[143.0, 130]","[141.0, 26]","[145.7, 20]","[146.37, 19]",144.35,195,2.7,0.6
07:33:10,"[143.0, 104]","[141.0, 28]","[145.71, 24]","[184.27, 56]",144.35,212,2.71,0.25
07:33:11,"[141.97, 31]","[140.38, 26]","[229.19, 54]","[293.88, 59]",185.58,170,87.22,-0.33
07:33:12,"[141.0, 27]","[140.0, 18]","[231.81, 48]","[287.3, 50]",186.41,143,90.81,-0.37
07:33:13,"[141.0, 48]","[140.0, 16]","[151.94, 48]","[269.15, 68]",146.47,180,10.94,-0.29
07:33:14,"[139.19, 73]","[138.55, 20]","[149.21, 42]","[231.29, 70]",144.2,205,10.02,-0.09
07:33:15,"[139.5, 48]","[138.82, 55]","[148.29, 45]","[177.59, 71]",143.89,219,8.79,-0.06
07:33:16,"[139.74, 19]","[139.07, 15]","[145.78, 32]","[146.74, 23]",142.76,89,6.04,-0.24
07:33:17,"[144.93, 112]","[140.85, 13]","[224.35, 63]","[328.98, 51]",184.64,239,79.42,0.05
07:33:18,"[145.0, 110]","[141.0, 11]","[208.78, 23]","[222.55, 55]",176.89,199,63.78,0.22
07:33:19,"[145.0, 90]","[141.0, 9]","[196.0, 41]","[222.4, 43]",170.5,183,51.0,0.08
07:33:20,"[145.0, 70]","[141.0, 14]","[150.93, 70]","[269.08, 26]",147.96,180,5.93,-0.07
07:33:21,"[145.0, 50]","[141.0, 10]","[149.6, 50]","[391.0, 42]",147.3,152,4.6,-0.21
07:33:22,"[145.0, 79]","[141.0, 16]","[147.62, 64]","[214.0, 40]",146.31,199,2.62,-0.05
07:33:23,"[145.0, 28]","[141.0, 8]","[146.0, 40]","[163.4, 20]",145.5,96,1.0,-0.25
07:33:24,"[145.0, 33]","[141.0, 13]","[146.0, 55]","[166.0, 44]",145.5,145,1.0,-0.37
07:33:25,"[141.0, 16]","[139.0, 32]","[165.3, 20]","[373.22, 36]",153.15,104,24.3,-0.08
07:33:26,"[141.0, 20]","[139.38, 13]","[164.0, 14]","[445.21, 33]",152.5,80,23.0,-0.17
07:33:27,"[141.0, 36]","[139.08, 39]","[162.75, 24]","[249.0, 48]",151.88,147,21.75,0.02
07:33:28,"[141.35, 23]","[139.35, 34]","[162.0, 18]","[294.81, 42]",151.67,117,20.65,-0.03
07:33:29,"[137.96, 28]","[136.02, 43]","[161.57, 14]","[246.33, 30]",149.77,115,23.61,0.23
07:33:30,"[140.2, 15]","[138.64, 33]","[155.08, 26]","[271.52, 46]",147.64,120,14.88,-0.2
07:33:31,"[139.17, 18]","[138.0, 22]","[158.94, 31]","[181.8, 25]",149.05,96,19.77,-0.17
07:33:32,"[140.0, 6]","[139.0, 18]","[157.33, 12]","[159.0, 30]",148.67,66,17.33,-0.27
07:33:33,"[139.58, 19]","[138.8, 41]","[152.59, 39]","[154.56, 59]",146.08,158,13.01,-0.24
07:33:34,"[137.24, 33]","[127.03, 35]","[149.24, 25]","[149.95, 21]",143.24,114,12.0,0.19
07:33:35,"[137.0, 72]","[122.66, 41]","[144.47, 36]","[146.16, 38]",140.74,187,7.47,0.21
07:33:36,"[137.0, 54]","[88.7, 40]","[138.84, 31]","[140.59, 37]",137.92,162,1.84,0.16
07:33:37,"[92.0, 51]","[73.17, 23]","[137.33, 12]","[179.44, 27]",114.67,113,45.33,0.31
07:33:38,"[90.0, 22]","[94.26, 38]","[136.64, 11]","[210.63, 27]",113.32,98,46.64,0.22
07:33:39,"[104.75, 72]","[37.38, 8]","[578.59, 22]","[135.75, 8]",341.67,110,473.84,0.45
07:33:40,"[113.33, 54]","[110.0, 6]","[310.0, 26]","[593.18, 17]",211.67,103,196.67,0.17
07:33:41,"[141.0, 10]","[114.25, 36]","[588.0, 20]","[0, 0]",364.5,66,447.0,0.39
07:33:42,"[141.0, 8]","[140.0, 32]","[616.69, 29]","[618.08, 13]",378.84,82,475.69,-0.02
07:33:43,"[140.36, 14]","[139.69, 29]","[536.75, 16]","[538.0, 24]",338.55,83,396.39,0.04
07:33:44,"[140.0, 9]","[139.0, 9]","[443.43, 7]","[561.1, 10]",291.71,35,303.43,0.03
07:33:45,"[140.0, 18]","[139.0, 18]","[318.17, 12]","[320.0, 18]",229.08,66,178.17,0.09
07:33:46,"[144.15, 20]","[140.43, 42]","[318.0, 16]","[320.0, 24]",231.07,102,173.85,0.22
07:33:47,"[145.0, 9]","[141.17, 138]","[289.44, 18]","[338.45, 22]",217.22,187,144.44,0.57
07:33:48,"[141.59, 74]","[142.49, 53]","[267.65, 40]","[361.19, 37]",204.62,204,126.06,0.25
07:33:49,"[141.0, 150]","[140.0, 24]","[156.35, 34]","[207.23, 22]",148.68,230,15.35,0.51
07:33:50,"[141.0, 112]","[140.0, 21]","[153.61, 23]","[155.54, 26]",147.3,182,12.61,0.46
07:33:51,"[141.0, 160]","[140.0, 30]","[151.1, 50]","[154.0, 20]",146.05,260,10.1,0.46
07:33:52,"[141.0, 161]","[140.0, 33]","[148.23, 43]","[191.97, 32]",144.62,269,7.23,0.44
07:33:53,"[141.0, 150]","[140.0, 45]","[146.64, 55]","[148.0, 11]",143.82,261,5.64,0.49
07:33:54,"[141.42, 86]","[140.37, 71]","[145.0, 7]","[146.0, 35]",143.21,199,3.58,0.58
07:33:55,"[141.18, 99]","[140.15, 85]","[143.0, 29]","[144.71, 21]",142.09,234,1.82,0.57
07:33:56,"[141.0, 16]","[140.0, 63]","[142.0, 7]","[144.0, 7]",141.5,93,1.0,0.7
07:33:57,"[141.0, 13]","[140.0, 45]","[142.0, 5]","[144.0, 8]",141.5,71,1.0,0.63
07:33:58,"[141.0, 16]","[140.0, 63]","[143.79, 19]","[401.61, 23]",142.39,121,2.79,0.31
07:33:59,"[141.0, 6]","[140.0, 27]","[143.33, 3]","[167.0, 9]",142.17,45,2.33,0.47
07:34:00,"[141.0, 10]","[140.0, 45]","[142.8, 5]","[167.0, 15]",141.9,75,1.8,0.47
07:34:01,"[140.17, 48]","[139.43, 70]","[142.0, 9]","[379.22, 27]",141.08,154,1.83,0.53
07:34:02,"[140.0, 67]","[139.0, 64]","[313.78, 18]","[417.62, 24]",226.89,173,173.78,0.51
07:34:03,"[140.0, 41]","[139.0, 56]","[356.67, 27]","[371.86, 21]",248.33,145,216.67,0.34
07:34:04,"[140.0, 31]","[139.0, 56]","[355.0, 28]","[358.0, 21]",247.5,136,215.0,0.28
07:34:05,"[140.31, 13]","[139.36, 33]","[301.46, 26]","[338.13, 23]",220.88,95,161.15,-0.03
07:34:06,"[139.9, 42]","[138.8, 20]","[218.0, 40]","[219.0, 30]",178.95,132,78.1,-0.06
07:34:07,"[145.0, 21]","[139.0, 35]","[218.0, 28]","[250.72, 29]",181.5,113,73.0,-0.01
07:34:08,"[141.0, 27]","[138.92, 25]","[217.8, 20]","[265.0, 25]",179.4,97,76.8,0.07
07:34:09,"[139.0, 63]","[138.0, 7]","[215.71, 28]","[265.0, 35]",177.36,133,76.71,0.05
07:34:10,"[139.0, 81]","[138.0, 9]","[215.0, 36]","[264.71, 41]",177.0,167,76.0,0.08
07:34:11,"[141.0, 45]","[139.0, 90]","[214.7, 40]","[487.4, 50]",177.85,225,73.7,0.2
07:34:12,"[141.0, 12]","[139.0, 39]","[214.0, 16]","[543.0, 20]",177.5,87,73.0,0.17
07:34:13,"[141.0, 21]","[139.0, 63]","[205.21, 29]","[323.71, 34]",173.1,147,64.21,0.14
07:34:14,"[139.4, 30]","[138.86, 21]","[214.0, 20]","[478.2, 25]",176.7,96,74.6,0.06
07:34:15,"[139.0, 64]","[138.0, 8]","[213.88, 32]","[575.0, 40]",176.44,144,74.88,0.0
07:34:16,"[139.0, 36]","[138.0, 7]","[213.0, 28]","[661.29, 35]",176.0,106,74.0,-0.19
07:34:17,"[139.0, 40]","[138.0, 10]","[212.75, 32]","[346.26, 46]",175.88,128,73.75,-0.22
07:34:18,"[141.0, 16]","[138.57, 7]","[211.0, 16]","[212.0, 8]",176.0,47,70.0,-0.02
07:34:19,"[147.0, 26]","[139.0, 74]","[208.91, 22]","[209.57, 28]",177.95,150,61.91,0.33
07:34:20,"[140.56, 41]","[138.92, 106]","[207.56, 36]","[208.83, 48]",174.06,231,66.99,0.27
07:34:21,"[139.49, 57]","[139.47, 19]","[175.72, 50]","[178.22, 49]",157.61,175,36.23,-0.13
07:34:22,"[139.0, 118]","[138.0, 10]","[164.8, 40]","[200.37, 41]",151.9,209,25.8,0.22
07:34:23,"[139.0, 116]","[138.0, 11]","[162.59, 34]","[176.63, 38]",150.79,199,23.59,0.28
07:34:24,"[139.5, 160]","[137.35, 124]","[158.28, 58]","[158.96, 46]",148.89,388,18.78,0.46
07:34:25,"[143.0, 110]","[139.15, 82]","[154.45, 44]","[156.0, 44]",148.73,280,11.45,0.37
07:34:26,"[143.0, 100]","[140.0, 30]","[151.89, 38]","[153.38, 32]",147.45,200,8.89,0.3
07:34:27,"[143.0, 160]","[140.0, 48]","[147.83, 46]","[150.24, 50]",145.41,304,4.83,0.37
07:34:28,"[143.0, 121]","[140.0, 39]","[226.09, 35]","[281.11, 53]",184.54,248,83.09,0.29
07:34:29,"[143.0, 108]","[140.0, 36]","[296.02, 43]","[384.05, 63]",219.51,250,153.02,0.15
07:34:30,"[143.0, 63]","[140.0, 21]","[291.29, 21]","[331.0, 35]",217.14,140,148.29,0.2
07:34:31,"[143.0, 29]","[140.0, 15]","[329.0, 15]","[331.0, 25]",236.0,84,186.0,0.05
07:34:32,"[143.0, 45]","[140.57, 21]","[327.22, 9]","[329.0, 27]",235.11,102,184.22,0.29
07:34:33,"[143.0, 65]","[141.0, 86]","[299.72, 29]","[311.22, 41]",221.36,221,156.72,0.37
07:34:34,"[143.0, 38]","[141.0, 70]","[207.81, 26]","[290.38, 16]",175.4,150,64.81,0.44
07:34:35,"[141.51, 47]","[140.48, 58]","[156.67, 45]","[289.0, 18]",149.09,168,15.16,0.25
07:34:36,"[141.0, 70]","[140.0, 60]","[160.08, 26]","[184.81, 31]",150.54,187,19.08,0.39
07:34:37,"[141.0, 63]","[140.0, 72]","[154.05, 22]","[154.78, 23]",147.52,180,13.05,0.5
07:34:38,"[141.0, 90]","[140.0, 66]","[148.55, 22]","[150.0, 11]",144.77,189,7.55,0.65
07:34:39,"[141.0, 46]","[140.0, 78]","[145.8, 35]","[147.55, 22]",143.4,181,4.8,0.37
07:34:40,"[140.29, 62]","[139.66, 82]","[142.92, 25]","[171.25, 40]",141.61,209,2.63,0.38
07:34:41,"[139.12, 130]","[138.91, 106]","[140.71, 14]","[307.86, 58]",139.92,308,1.59,0.53
07:34:42,"[139.04, 26]","[138.08, 12]","[209.8, 40]","[340.57, 35]",174.42,113,70.76,-0.33
07:34:43,"[140.9, 10]","[139.9, 10]","[249.0, 20]","[486.61, 46]",194.95,86,108.1,-0.53
07:34:44,"[137.13, 93]","[121.78, 37]","[415.32, 38]","[592.0, 32]",276.22,200,278.19,0.3
07:34:45,"[138.85, 52]","[129.5, 48]","[313.83, 30]","[580.62, 40]",226.34,170,174.99,0.18
07:34:46,"[142.29, 34]","[137.23, 71]","[191.92, 39]","[395.61, 33]",167.11,177,49.63,0.19
07:34:47,"[139.0, 21]","[137.0, 63]","[172.32, 31]","[252.81, 27]",155.66,142,33.32,0.18
07:34:48,"[138.11, 54]","[121.98, 98]","[212.87, 52]","[411.13, 52]",175.49,256,74.75,0.19
07:34:49,"[137.67, 24]","[130.5, 113]","[239.56, 45]","[340.02, 43]",188.61,225,101.89,0.22
07:34:50,"[139.79, 19]","[138.76, 37]","[232.27, 78]","[236.31, 58]",186.03,192,92.48,-0.42
07:34:51,"[138.09, 80]","[120.64, 28]","[178.18, 55]","[193.29, 49]",158.13,212,40.09,0.02
07:34:52,"[137.0, 116]","[114.18, 51]","[175.65, 46]","[177.19, 52]",156.33,265,38.65,0.26
07:34:53,"[137.0, 144]","[108.5, 40]","[172.71, 51]","[173.92, 39]",154.85,274,35.71,0.34
07:34:54,"[137.0, 60]","[99.6, 15]","[171.33, 30]","[173.0, 6]",154.17,111,34.33,0.35
07:34:55,"[138.62, 74]","[134.81, 79]","[170.05, 39]","[171.22, 27]",154.34,219,31.43,0.4
07:34:56,"[137.0, 102]","[119.68, 38]","[166.91, 55]","[168.33, 15]",151.95,210,29.91,0.33
07:34:57,"[137.0, 64]","[131.38, 24]","[161.64, 28]","[165.75, 28]",149.32,144,24.64,0.22
07:34:58,"[138.26, 35]","[136.29, 97]","[156.04, 53]","[158.19, 53]",147.15,238,17.78,0.11
07:34:59,"[141.0, 11]","[137.0, 88]","[153.3, 47]","[154.61, 33]",147.15,179,12.3,0.11
07:35:00,"[137.62, 32]","[133.14, 70]","[148.85, 62]","[150.32, 44]",143.24,208,11.23,-0.02
07:35:01,"[140.57, 21]","[137.45, 22]","[144.09, 53]","[145.16, 25]",142.33,121,3.52,-0.29
07:35:02,"[124.65, 23]","[113.77, 52]","[137.37, 38]","[141.41, 29]",131.01,142,12.72,0.06
07:35:03,"[127.17, 12]","[126.0, 24]","[131.86, 14]","[133.11, 35]",129.51,85,4.69,-0.15
07:35:04,"[128.38, 8]","[126.0, 16]","[133.95, 22]","[134.74, 19]",131.16,65,5.58,-0.26
07:35:05,"[130.0, 3]","[107.33, 6]","[134.4, 5]","[186.0, 8]",132.2,22,4.4,-0.18
07:35:06,"[131.22, 9]","[28.46, 13]","[170.58, 19]","[232.0, 28]",150.9,69,39.36,-0.36
07:35:07,"[65.14, 14]","[35.25, 12]","[134.0, 35]","[135.0, 36]",99.57,97,68.86,-0.46
07:35:08,"[32.29, 34]","[27.82, 22]","[133.76, 17]","[135.0, 28]",83.03,101,101.47,0.11
07:35:09,"[83.95, 38]","[43.43, 14]","[132.8, 15]","[134.85, 26]",108.37,93,48.85,0.12
07:35:10,"[102.43, 21]","[86.43, 21]","[132.0, 18]","[133.0, 12]",117.21,72,29.57,0.17
07:35:11,"[103.0, 54]","[100.22, 9]","[130.0, 18]","[132.0, 27]",116.5,108,27.0,0.17
07:35:12,"[103.0, 48]","[85.0, 8]","[130.5, 12]","[132.22, 27]",116.75,95,27.5,0.18
07:35:13,"[103.0, 48]","[76.0, 8]","[131.12, 24]","[133.0, 48]",117.06,128,28.12,-0.12
07:35:14,"[104.29, 34]","[82.89, 18]","[131.0, 18]","[133.0, 36]",117.65,106,26.71,-0.02
07:35:15,"[105.0, 35]","[104.0, 42]","[131.0, 21]","[133.0, 42]",118.0,140,26.0,0.1
07:35:16,"[106.18, 56]","[105.22, 54]","[132.78, 54]","[134.71, 84]",119.48,248,26.6,-0.11
07:35:17,"[107.89, 45]","[106.0, 54]","[132.0, 45]","[134.5, 72]",119.94,216,24.11,-0.08
07:35:18,"[109.49, 61]","[108.17, 71]","[128.0, 20]","[133.0, 72]",118.75,224,18.51,0.18
07:35:19,"[112.74, 39]","[111.52, 69]","[128.0, 12]","[133.0, 72]",120.37,192,15.26,0.12
07:35:20,"[116.7, 43]","[114.23, 44]","[133.14, 28]","[133.95, 61]",124.92,176,16.45,-0.01
07:35:21,"[119.21, 58]","[117.9, 52]","[134.8, 59]","[135.73, 60]",127.0,229,15.59,-0.04
07:35:22,"[121.73, 52]","[120.92, 48]","[135.0, 68]","[136.0, 22]",128.37,190,13.27,0.05
07:35:23,"[129.09, 69]","[126.88, 51]","[135.0, 72]","[136.0, 24]",132.04,216,5.91,0.11
07:35:24,"[131.91, 53]","[130.87, 46]","[134.38, 32]","[135.24, 33]",133.14,164,2.47,0.21
07:35:25,"[131.64, 28]","[129.95, 19]","[134.2, 15]","[135.21, 19]",132.92,81,2.56,0.16
07:35:26,"[132.58, 45]","[131.5, 48]","[135.0, 42]","[136.0, 24]",133.79,159,2.42,0.17
07:35:27,"[133.33, 36]","[132.0, 45]","[135.0, 30]","[136.0, 18]",134.17,129,1.67,0.26
07:35:28,"[95.57, 46]","[118.5, 6]","[135.53, 19]","[136.81, 31]",115.55,102,39.96,0.02
07:35:29,"[100.52, 77]","[85.39, 157]","[135.88, 26]","[136.94, 64]",118.2,324,35.37,0.44
07:35:30,"[109.22, 9]","[107.12, 102]","[279.24, 33]","[272.92, 24]",194.23,168,170.02,0.32
07:35:31,"[111.46, 48]","[110.48, 33]","[130.23, 52]","[136.05, 21]",120.84,154,18.77,0.05
07:35:32,"[116.33, 18]","[115.97, 74]","[130.0, 35]","[136.0, 14]",123.17,141,13.67,0.3
07:35:33,"[118.13, 46]","[116.79, 100]","[130.0, 60]","[136.0, 24]",124.07,230,11.87,0.27
07:35:34,"[123.08, 13]","[122.09, 23]","[129.78, 32]","[130.8, 45]",126.43,113,6.7,-0.36
07:35:35,"[126.5, 12]","[125.0, 12]","[130.0, 40]","[133.0, 16]",128.25,80,3.5,-0.4
07:35:36,"[125.84, 152]","[82.76, 42]","[130.32, 38]","[133.31, 26]",128.08,258,4.47,0.5
07:35:37,"[97.68, 44]","[68.09, 34]","[133.0, 16]","[134.0, 8]",115.34,102,35.32,0.53
07:35:38,"[126.12, 34]","[124.19, 43]","[133.0, 14]","[134.0, 7]",129.56,98,6.88,0.57
07:35:39,"[127.74, 19]","[126.27, 82]","[176.91, 22]","[232.0, 32]",152.32,155,49.17,0.3
07:35:40,"[129.97, 120]","[128.41, 29]","[169.96, 55]","[268.81, 62]",149.97,266,39.99,0.12
07:35:41,"[131.53, 59]","[129.83, 42]","[231.71, 35]","[373.91, 55]",181.62,191,100.19,0.06
07:35:42,"[139.0, 8]","[130.0, 28]","[274.0, 16]","[488.5, 20]",206.5,72,135.0,0.0
07:35:43,"[139.95, 43]","[136.26, 23]","[274.0, 36]","[382.17, 36]",206.98,138,134.05,-0.04
07:35:44,"[139.89, 36]","[137.51, 39]","[306.86, 70]","[396.86, 51]",223.37,196,166.97,-0.23
07:35:45,"[139.71, 85]","[137.53, 34]","[422.53, 47]","[589.25, 32]",281.12,198,282.83,0.2
07:35:46,"[145.0, 110]","[139.0, 88]","[241.54, 26]","[528.0, 33]",193.27,257,96.54,0.54
07:35:47,"[145.0, 70]","[139.0, 56]","[184.9, 20]","[350.07, 29]",164.95,175,39.9,0.44
07:35:48,"[145.0, 90]","[139.04, 67]","[187.0, 18]","[279.0, 45]",166.0,220,42.0,0.43
07:35:49,"[145.0, 60]","[139.0, 48]","[187.0, 12]","[406.88, 24]",166.0,144,42.0,0.5
07:35:50,"[145.0, 90]","[140.54, 78]","[186.33, 18]","[383.0, 9]",165.67,195,41.33,0.72
07:35:51,"[145.0, 110]","[143.0, 110]","[172.83, 46]","[220.05, 19]",158.91,285,27.83,0.54
07:35:52,"[145.0, 100]","[143.0, 100]","[170.62, 32]","[173.95, 38]",157.81,270,25.62,0.48
07:35:53,"[145.0, 80]","[143.0, 80]","[168.12, 16]","[169.53, 19]",156.56,195,23.12,0.64
07:35:54,"[145.0, 76]","[143.0, 100]","[166.7, 20]","[168.2, 20]",155.85,216,21.7,0.63
07:35:55,"[145.0, 84]","[143.0, 140]","[164.14, 28]","[165.64, 28]",154.57,280,19.14,0.6
07:35:56,"[145.0, 66]","[143.0, 110]","[162.36, 22]","[164.18, 22]",153.68,220,17.36,0.6
07:35:57,"[145.0, 60]","[143.0, 120]","[160.0, 24]","[161.0, 24]",152.5,228,15.0,0.58
07:35:58,"[143.18, 110]","[142.34, 32]","[157.0, 24]","[158.0, 24]",150.09,190,13.82,0.49
07:35:59,"[143.0, 50]","[141.91, 11]","[155.0, 10]","[157.0, 10]",149.0,81,12.0,0.51
07:36:00,"[143.0, 136]","[141.19, 16]","[151.9, 31]","[153.52, 31]",147.45,214,8.9,0.42
07:36:01,"[143.0, 20]","[141.0, 10]","[147.7, 20]","[150.1, 20]",145.35,70,4.7,-0.14
07:36:02,"[143.0, 22]","[141.0, 11]","[145.15, 26]","[146.55, 22]",144.08,81,2.15,-0.19
07:36:03,"[141.89, 18]","[140.11, 45]","[147.57, 28]","[294.55, 40]",144.73,131,5.68,-0.04
07:36:04,"[141.0, 12]","[140.0, 48]","[147.0, 12]","[149.0, 24]",144.0,96,6.0,0.25
07:36:05,"[142.18, 17]","[140.15, 33]","[145.04, 27]","[145.3, 33]",143.61,110,2.86,-0.09
07:36:06,"[142.76, 17]","[140.67, 18]","[144.72, 39]","[197.05, 44]",143.74,118,1.95,-0.41
07:36:07,"[139.32, 25]","[138.81, 85]","[145.0, 24]","[520.0, 18]",142.16,152,5.68,0.45
07:36:08,"[140.0, 14]","[139.0, 133]","[145.0, 28]","[345.0, 21]",142.5,196,5.0,0.5
07:36:09,"[140.71, 34]","[139.08, 158]","[144.81, 32]","[220.0, 35]",142.76,259,4.11,0.48
07:36:10,"[141.82, 22]","[139.62, 45]","[145.0, 16]","[215.0, 24]",143.41,107,3.18,0.25
07:36:11,"[140.5, 24]","[139.06, 108]","[143.89, 18]","[209.61, 23]",142.19,173,3.39,0.53
07:36:12,"[141.0, 36]","[140.0, 18]","[143.0, 18]","[154.78, 9]",142.0,81,2.0,0.33
07:36:13,"[140.0, 7]","[139.0, 119]","[141.57, 14]","[157.0, 7]",140.79,147,1.57,0.71
07:36:14,"[139.63, 114]","[138.89, 57]","[182.22, 9]","[589.83, 23]",160.93,203,42.59,0.68
07:36:15,"[145.0, 37]","[139.35, 26]","[213.0, 10]","[241.43, 14]",179.0,87,68.0,0.45
07:36:16,"[145.0, 32]","[140.0, 33]","[198.5, 14]","[304.88, 16]",171.75,95,53.5,0.37
07:36:17,"[140.0, 52]","[139.0, 221]","[143.69, 29]","[154.61, 23]",141.84,325,3.69,0.68
07:36:18,"[140.0, 36]","[139.0, 143]","[142.0, 9]","[143.0, 27]",141.0,215,2.0,0.67
07:36:19,"[140.0, 48]","[139.0, 160]","[142.0, 12]","[178.0, 36]",141.0,256,2.0,0.62
07:36:20,"[139.22, 58]","[138.95, 103]","[141.62, 16]","[159.81, 32]",140.42,209,2.4,0.54
07:36:21,"[138.46, 13]","[137.07, 83]","[180.69, 16]","[303.11, 27]",159.57,139,42.23,0.38
07:36:22,"[137.02, 90]","[110.12, 48]","[237.1, 40]","[408.41, 22]",187.06,200,100.08,0.38
07:36:23,"[138.55, 31]","[133.79, 76]","[242.18, 34]","[411.52, 25]",190.36,166,103.63,0.29
07:36:24,"[137.82, 51]","[132.15, 89]","[636.0, 30]","[705.9, 30]",386.91,200,498.18,0.4
07:36:25,"[138.06, 34]","[117.36, 22]","[362.43, 14]","[484.75, 12]",250.24,82,224.37,0.37
07:36:26,"[146.0, 44]","[139.18, 55]","[163.82, 44]","[326.0, 44]",154.91,187,17.82,0.06
07:36:27,"[140.41, 74]","[139.93, 73]","[161.73, 60]","[166.93, 60]",151.07,267,21.33,0.1
07:36:28,"[140.0, 59]","[139.0, 24]","[159.25, 32]","[160.75, 32]",149.62,147,19.25,0.13
07:36:29,"[140.0, 77]","[139.0, 15]","[157.91, 44]","[159.18, 44]",148.95,180,17.91,0.02
07:36:30,"[141.52, 71]","[139.89, 47]","[154.36, 44]","[156.18, 44]",147.94,206,12.84,0.15
07:36:31,"[143.0, 66]","[140.0, 77]","[153.91, 44]","[156.0, 44]",148.45,231,10.91,0.24
07:36:32,"[143.0, 66]","[140.0, 77]","[152.18, 44]","[156.0, 44]",147.59,231,9.18,0.24
07:36:33,"[144.86, 166]","[142.47, 80]","[151.0, 52]","[156.0, 52]",147.93,350,6.14,0.41
07:36:34,"[145.0, 112]","[143.0, 48]","[150.62, 32]","[154.12, 32]",147.81,224,5.62,0.43
07:36:35,"[145.0, 168]","[143.0, 72]","[148.58, 48]","[149.83, 48]",146.79,336,3.58,0.43
07:36:36,"[145.0, 72]","[143.0, 60]","[146.8, 40]","[239.18, 33]",145.9,205,1.8,0.29
07:36:37,"[145.0, 55]","[143.0, 66]","[146.95, 42]","[250.68, 34]",145.98,197,1.95,0.23
07:36:38,"[143.15, 13]","[140.38, 48]","[146.0, 14]","[327.0, 21]",144.58,96,2.85,0.27
07:36:39,"[143.0, 20]","[140.16, 58]","[145.8, 20]","[334.69, 32]",144.4,130,2.8,0.2
07:36:40,"[143.0, 18]","[141.0, 27]","[144.67, 18]","[145.67, 18]",143.83,81,1.67,0.11
07:36:41,"[141.05, 43]","[140.16, 56]","[143.5, 32]","[144.69, 32]",142.27,163,2.45,0.21
07:36:42,"[138.49, 70]","[137.82, 102]","[141.0, 24]","[144.0, 24]",139.74,220,2.51,0.56
07:36:43,"[138.71, 68]","[137.76, 101]","[227.08, 26]","[294.0, 37]",182.89,232,88.37,0.46
07:36:44,"[138.03, 100]","[137.17, 65]","[272.15, 13]","[347.39, 23]",205.09,201,134.12,0.64
07:36:45,"[139.33, 15]","[137.79, 28]","[193.0, 6]","[340.0, 3]",166.17,52,53.67,0.65
07:36:46,"[138.48, 52]","[137.72, 107]","[222.93, 15]","[316.33, 12]",180.71,186,84.45,0.71
07:36:47,"[138.0, 56]","[137.0, 48]","[193.68, 19]","[385.08, 12]",165.84,135,55.68,0.54
07:36:48,"[138.0, 28]","[137.0, 24]","[297.6, 5]","[419.2, 10]",217.8,67,159.6,0.55
07:36:49,"[138.0, 49]","[137.0, 42]","[231.21, 19]","[400.62, 13]",184.61,123,93.21,0.48
07:36:50,"[139.33, 95]","[137.24, 87]","[210.24, 17]","[227.0, 41]",174.78,240,70.91,0.52
07:36:51,"[145.0, 78]","[138.0, 91]","[202.41, 17]","[417.69, 29]",173.71,215,57.41,0.57
07:36:52,"[145.0, 60]","[138.0, 70]","[207.9, 10]","[409.95, 21]",176.45,161,62.9,0.61
07:36:53,"[145.0, 54]","[138.19, 43]","[206.11, 9]","[213.5, 20]",175.56,126,61.11,0.54
07:36:54,"[145.0, 48]","[139.0, 16]","[205.62, 8]","[259.45, 31]",175.31,103,60.62,0.24
07:36:55,"[145.21, 56]","[139.43, 28]","[204.86, 14]","[299.18, 22]",175.04,120,59.64,0.4
07:36:56,"[145.0, 18]","[140.0, 27]","[254.45, 11]","[314.53, 19]",199.73,75,109.45,0.2
07:36:57,"[144.45, 22]","[139.62, 37]","[266.14, 21]","[287.3, 23]",205.3,103,121.69,0.15
07:36:58,"[143.02, 115]","[139.11, 98]","[251.25, 28]","[256.53, 30]",197.13,271,108.23,0.57
07:36:59,"[143.0, 81]","[139.47, 47]","[224.95, 37]","[225.67, 21]",183.97,186,81.95,0.38
07:37:00,"[140.62, 58]","[139.12, 67]","[204.73, 15]","[220.52, 29]",172.68,169,64.11,0.48
07:37:01,"[140.0, 140]","[139.0, 99]","[163.0, 19]","[176.71, 21]",151.5,279,23.0,0.71
07:37:02,"[140.0, 140]","[139.0, 126]","[144.12, 26]","[149.03, 60]",142.06,352,4.12,0.51
07:37:03,"[140.0, 88]","[139.0, 99]","[143.68, 47]","[156.34, 41]",141.84,275,3.68,0.36
07:37:04,"[140.14, 56]","[139.36, 89]","[142.29, 34]","[183.52, 31]",141.22,210,2.15,0.38
07:37:05,"[140.0, 103]","[139.0, 130]","[141.15, 39]","[150.19, 36]",140.58,308,1.15,0.51
07:37:06,"[140.0, 59]","[139.0, 100]","[141.7, 30]","[218.73, 26]",140.85,215,1.7,0.48
07:37:07,"[140.0, 72]","[139.0, 111]","[142.0, 36]","[324.61, 46]",141.0,265,2.0,0.38
07:37:08,"[140.0, 42]","[139.0, 63]","[142.0, 21]","[346.8, 15]",141.0,141,2.0,0.49
07:37:09,"[140.12, 24]","[139.14, 63]","[234.93, 27]","[394.46, 26]",187.53,140,94.8,0.24
07:37:10,"[140.0, 18]","[139.69, 32]","[194.2, 40]","[263.89, 18]",167.1,108,54.2,-0.07
07:37:11,"[139.0, 90]","[138.0, 50]","[218.44, 32]","[465.41, 29]",178.72,201,79.44,0.39
07:37:12,"[139.0, 55]","[138.0, 50]","[218.4, 25]","[332.0, 21]",178.7,151,79.4,0.39
07:37:13,"[139.0, 62]","[138.0, 50]","[270.3, 40]","[369.58, 24]",204.65,176,131.3,0.27
07:37:14,"[139.0, 23]","[138.0, 15]","[266.0, 12]","[321.5, 8]",202.5,58,127.0,0.31
07:37:15,"[139.0, 95]","[138.0, 65]","[205.31, 16]","[597.65, 46]",172.16,222,66.31,0.44
07:37:16,"[139.63, 67]","[138.2, 64]","[299.56, 45]","[576.64, 36]",219.59,212,159.93,0.24
07:37:17,"[143.0, 24]","[140.0, 16]","[328.3, 23]","[537.85, 20]",235.65,83,185.3,-0.04
07:37:18,"[141.7, 23]","[138.95, 43]","[317.0, 33]","[318.0, 44]",229.35,143,175.3,-0.08
07:37:19,"[145.0, 10]","[139.0, 50]","[226.39, 38]","[280.79, 33]",185.7,131,81.39,-0.08
07:37:20,"[142.43, 14]","[138.73, 55]","[196.09, 33]","[198.0, 11]",169.26,113,53.66,0.22
07:37:21,"[138.38, 26]","[136.0, 20]","[195.0, 33]","[198.0, 11]",166.69,90,56.62,0.02
07:37:22,"[121.5, 12]","[106.18, 11]","[193.03, 32]","[194.05, 21]",157.27,76,71.53,-0.39
07:37:23,"[76.77, 39]","[72.1, 40]","[190.6, 45]","[193.0, 75]",133.68,199,113.83,-0.21
07:37:24,"[138.0, 24]","[44.0, 36]","[163.53, 43]","[178.05, 40]",150.77,143,25.53,-0.16
07:37:25,"[138.0, 18]","[63.5, 24]","[155.12, 24]","[156.36, 42]",146.56,108,17.12,-0.22
07:37:26,"[137.52, 42]","[132.4, 105]","[147.02, 59]","[158.28, 50]",142.27,256,9.49,0.15
07:37:27,"[138.77, 70]","[135.14, 58]","[154.0, 40]","[411.0, 40]",146.39,208,15.23,0.23
07:37:28,"[139.0, 46]","[137.0, 64]","[152.63, 30]","[213.38, 40]",145.82,180,13.63,0.22
07:37:29,"[139.0, 15]","[137.0, 40]","[148.31, 13]","[149.92, 13]",143.65,81,9.31,0.36
07:37:30,"[139.0, 28]","[137.0, 56]","[144.69, 29]","[145.74, 19]",141.84,132,5.69,0.27
07:37:31,"[139.0, 100]","[137.0, 84]","[141.32, 28]","[142.96, 24]",140.16,236,2.32,0.56
07:37:32,"[138.1, 71]","[112.43, 69]","[158.14, 36]","[269.88, 25]",148.12,201,20.04,0.39
07:37:33,"[138.64, 11]","[136.52, 25]","[787.0, 4]","[0, 0]",462.82,40,648.36,0.8
07:37:34,"[143.89, 9]","[140.6, 20]","[619.73, 11]","[687.0, 2]",381.81,42,475.84,0.38
07:37:35,"[140.18, 34]","[138.0, 48]","[512.33, 9]","[715.56, 9]",326.25,100,372.16,0.64
07:37:36,"[140.0, 82]","[137.0, 88]","[337.14, 21]","[506.0, 12]",238.57,203,197.14,0.67
07:37:37,"[140.0, 34]","[137.0, 64]","[171.71, 14]","[244.4, 10]",155.86,122,31.71,0.61
07:37:38,"[140.0, 32]","[137.0, 64]","[171.0, 16]","[414.33, 18]",155.5,130,31.0,0.48
07:37:39,"[140.0, 68]","[137.0, 64]","[171.0, 16]","[373.0, 8]",155.5,156,31.0,0.69
07:37:40,"[140.15, 52]","[138.0, 60]","[245.29, 14]","[392.2, 15]",192.72,141,105.13,0.59
07:37:41,"[140.61, 18]","[139.73, 88]","[247.25, 24]","[325.29, 21]",193.93,151,106.64,0.4
07:37:42,"[141.0, 11]","[140.0, 110]","[184.87, 23]","[195.64, 28]",162.93,172,43.87,0.41
07:37:43,"[142.5, 10]","[140.09, 55]","[162.85, 13]","[164.76, 17]",152.67,95,20.35,0.37
07:37:44,"[143.44, 57]","[139.82, 34]","[159.93, 14]","[161.68, 19]",151.68,124,16.49,0.47
07:37:45,"[144.0, 72]","[140.0, 52]","[158.0, 17]","[158.75, 16]",151.0,157,14.0,0.58
07:37:46,"[143.72, 68]","[141.15, 78]","[154.77, 13]","[156.42, 26]",149.24,185,11.05,0.58
07:37:47,"[145.0, 24]","[143.0, 52]","[151.67, 9]","[153.13, 15]",148.33,100,6.67,0.52
07:37:48,"[145.0, 24]","[143.0, 72]","[149.5, 16]","[151.0, 8]",147.25,120,4.5,0.6
07:37:49,"[145.0, 33]","[143.0, 108]","[147.05, 19]","[148.65, 17]",146.03,177,2.05,0.59
07:37:50,"[145.0, 18]","[143.0, 81]","[146.0, 9]","[147.0, 18]",145.5,126,1.0,0.57
07:37:51,"[143.0, 42]","[141.0, 7]","[145.4, 10]","[146.73, 11]",144.2,70,2.4,0.4
07:37:52,"[142.84, 49]","[140.15, 52]","[144.29, 14]","[160.94, 34]",143.56,149,1.45,0.36
07:37:53,"[142.65, 17]","[140.31, 48]","[144.0, 10]","[172.0, 50]",143.32,125,1.35,0.04
07:37:54,"[143.0, 16]","[141.0, 36]","[174.34, 29]","[245.74, 46]",158.67,127,31.34,-0.18
07:37:55,"[140.77, 43]","[139.23, 52]","[150.55, 53]","[189.12, 49]",145.66,197,9.78,-0.04
07:37:56,"[140.0, 48]","[139.0, 9]","[141.44, 27]","[210.11, 36]",140.72,120,1.44,-0.05
07:37:57,"[140.0, 36]","[139.0, 9]","[141.0, 27]","[197.33, 36]",140.5,108,1.0,-0.17
07:37:58,"[140.0, 44]","[139.0, 11]","[141.0, 33]","[266.78, 46]",140.5,134,1.0,-0.18
07:37:59,"[139.89, 27]","[138.21, 28]","[371.18, 40]","[576.54, 37]",255.53,132,231.29,-0.17
07:38:00,"[139.0, 77]","[138.0, 132]","[274.53, 38]","[401.82, 50]",206.76,297,135.53,0.41
07:38:01,"[139.0, 49]","[138.0, 132]","[241.86, 42]","[302.95, 37]",190.43,260,102.86,0.39
07:38:02,"[138.57, 47]","[137.74, 146]","[219.0, 33]","[431.72, 47]",178.79,273,80.43,0.41
07:38:03,"[138.01, 111]","[137.05, 219]","[217.25, 36]","[271.75, 40]",177.63,406,79.24,0.63
07:38:04,"[138.09, 74]","[137.25, 161]","[176.85, 39]","[212.56, 34]",157.47,308,38.75,0.53
07:38:05,"[139.88, 48]","[137.51, 117]","[151.14, 28]","[256.89, 36]",145.51,229,11.27,0.44
07:38:06,"[138.59, 102]","[137.17, 230]","[148.79, 42]","[248.36, 56]",143.69,430,10.2,0.54
07:38:07,"[138.05, 44]","[137.04, 139]","[144.75, 24]","[179.54, 26]",141.4,233,6.7,0.57
07:38:08,"[138.96, 23]","[137.24, 100]","[143.38, 24]","[146.0, 24]",141.17,171,4.42,0.44
07:38:09,"[140.0, 18]","[137.0, 114]","[143.0, 18]","[146.0, 18]",141.5,168,3.0,0.57
07:38:10,"[140.0, 27]","[137.0, 171]","[143.0, 13]","[146.0, 27]",141.5,238,3.0,0.66
07:38:11,"[137.05, 190]","[122.1, 30]","[141.43, 28]","[142.2, 20]",139.24,268,4.38,0.64
07:38:12,"[137.0, 136]","[94.0, 8]","[139.61, 18]","[307.06, 18]",138.31,180,2.61,0.6
07:38:13,"[137.39, 61]","[133.16, 45]","[404.33, 30]","[606.94, 33]",270.86,169,266.94,0.25
07:38:14,"[145.0, 7]","[139.71, 28]","[314.0, 29]","[533.03, 33]",229.5,97,169.0,-0.28
07:38:15,"[142.07, 15]","[139.15, 41]","[316.57, 42]","[383.69, 39]",229.32,137,174.5,-0.18
07:38:16,"[142.85, 13]","[140.67, 6]","[305.6, 20]","[413.5, 24]",224.22,63,162.75,-0.4
07:38:17,"[143.0, 21]","[141.0, 7]","[370.77, 31]","[467.13, 30]",256.89,89,227.77,-0.37
07:38:18,"[143.0, 7]","[141.0, 5]","[154.0, 20]","[516.25, 24]",148.5,56,11.0,-0.57
07:38:19,"[143.0, 6]","[141.0, 6]","[153.29, 14]","[271.0, 24]",148.14,50,10.29,-0.52
07:38:20,"[143.0, 5]","[141.0, 5]","[150.23, 22]","[151.31, 13]",146.61,45,7.23,-0.56
07:38:21,"[139.09, 44]","[137.97, 33]","[148.7, 50]","[150.0, 20]",143.9,147,9.61,0.05
07:38:22,"[139.0, 67]","[138.0, 36]","[146.97, 36]","[148.04, 27]",142.99,166,7.97,0.24
07:38:23,"[139.0, 41]","[138.0, 32]","[144.14, 21]","[145.14, 28]",141.57,122,5.14,0.2
07:38:24,"[139.0, 23]","[138.0, 28]","[142.0, 7]","[145.0, 28]",140.5,86,3.0,0.19
07:38:25,"[139.0, 30]","[138.0, 40]","[141.06, 34]","[143.5, 16]",140.03,120,2.06,0.17
07:38:26,"[139.0, 36]","[138.0, 24]","[140.8, 15]","[175.33, 18]",139.9,93,1.8,0.29
07:38:27,"[139.0, 64]","[138.0, 36]","[167.11, 27]","[284.56, 36]",153.06,163,28.11,0.23
07:38:28,"[139.0, 28]","[138.0, 16]","[174.71, 14]","[186.56, 18]",156.86,76,35.71,0.16
07:38:29,"[139.0, 43]","[138.0, 28]","[173.29, 14]","[202.56, 32]",156.14,117,34.29,0.21
07:38:30,"[142.58, 76]","[138.67, 24]","[172.0, 12]","[361.0, 24]",157.29,136,29.42,0.47
07:38:31,"[143.0, 95]","[139.0, 32]","[169.5, 16]","[588.53, 34]",156.25,177,26.5,0.44
07:38:32,"[143.1, 42]","[141.22, 36]","[169.0, 12]","[334.67, 18]",156.05,108,25.9,0.44
07:38:33,"[143.0, 50]","[139.0, 20]","[168.8, 10]","[282.57, 14]",155.9,94,25.8,0.49
07:38:34,"[143.0, 40]","[139.0, 20]","[167.2, 10]","[481.0, 13]",155.1,83,24.2,0.45
07:38:35,"[143.0, 25]","[139.0, 20]","[165.6, 10]","[221.0, 5]",154.3,60,22.6,0.5
07:38:36,"[143.0, 50]","[139.0, 28]","[165.0, 14]","[221.0, 7]",154.0,99,22.0,0.58
07:38:37,"[143.0, 45]","[139.91, 44]","[163.8, 30]","[168.88, 25]",153.4,144,20.8,0.24
07:38:38,"[143.0, 50]","[140.0, 50]","[160.19, 26]","[162.32, 44]",151.6,170,17.19,0.18
07:38:39,"[143.0, 71]","[140.0, 75]","[154.26, 66]","[156.08, 39]",148.63,251,11.26,0.16
07:38:40,"[143.0, 31]","[140.0, 45]","[152.03, 39]","[153.17, 24]",147.51,139,9.03,0.09
07:38:41,"[143.0, 17]","[140.0, 45]","[150.3, 20]","[151.54, 35]",146.65,117,7.3,0.06
07:38:42,"[140.86, 42]","[139.36, 168]","[145.78, 45]","[146.82, 56]",143.32,311,4.92,0.35
07:38:43,"[140.0, 61]","[139.0, 270]","[141.91, 44]","[142.6, 57]",140.95,432,1.91,0.53
07:38:44,"[139.0, 180]","[138.0, 10]","[141.85, 41]","[329.4, 48]",140.43,279,2.85,0.36
07:38:45,"[139.0, 90]","[138.0, 5]","[142.0, 25]","[359.21, 19]",140.5,139,3.0,0.37
07:38:46,"[139.0, 162]","[138.0, 9]","[141.11, 45]","[293.0, 35]",140.06,251,2.11,0.36
07:38:47,"[139.15, 155]","[138.71, 38]","[197.21, 57]","[408.32, 65]",168.18,315,58.06,0.23
07:38:48,"[143.0, 12]","[139.57, 42]","[174.0, 18]","[246.69, 29]",158.5,101,31.0,0.07
07:38:49,"[143.0, 14]","[140.0, 42]","[174.0, 21]","[449.88, 32]",158.5,109,31.0,0.03
07:38:50,"[142.36, 28]","[139.88, 75]","[276.69, 29]","[397.36, 44]",209.52,176,134.33,0.17
07:38:51,"[140.0, 39]","[138.29, 31]","[259.73, 33]","[476.93, 30]",199.86,133,119.73,0.05
07:38:52,"[140.0, 11]","[138.38, 21]","[281.64, 42]","[521.41, 27]",210.82,101,141.64,-0.37
07:38:53,"[140.0, 29]","[139.0, 24]","[319.45, 20]","[369.71, 28]",229.72,101,179.45,0.05
07:38:54,"[140.68, 44]","[139.17, 24]","[226.82, 28]","[251.57, 23]",183.75,119,86.14,0.14
07:38:55,"[145.0, 27]","[140.0, 17]","[180.0, 9]","[182.0, 27]",162.5,80,35.0,0.1
07:38:56,"[145.0, 30]","[140.2, 10]","[177.61, 28]","[179.28, 18]",161.3,86,32.61,-0.07
07:38:57,"[143.97, 34]","[140.56, 18]","[175.53, 60]","[177.0, 15]",159.75,127,31.56,-0.18
07:38:58,"[141.0, 16]","[140.0, 8]","[174.75, 28]","[176.0, 11]",157.88,63,33.75,-0.24
07:38:59,"[141.0, 24]","[140.0, 12]","[169.61, 23]","[170.89, 27]",155.3,86,28.61,-0.16
07:39:00,"[141.36, 22]","[140.47, 17]","[165.0, 23]","[166.6, 35]",153.18,97,23.64,-0.2
07:39:01,"[140.23, 13]","[139.23, 13]","[161.47, 38]","[162.42, 36]",150.85,100,21.24,-0.48
07:39:02,"[138.03, 29]","[135.81, 52]","[153.18, 17]","[156.96, 26]",145.61,124,15.14,0.31
07:39:03,"[139.0, 26]","[137.0, 98]","[147.91, 22]","[149.58, 24]",143.45,170,8.91,0.46
07:39:04,"[139.06, 17]","[137.07, 58]","[143.62, 26]","[144.6, 25]",141.34,126,4.56,0.19
07:39:05,"[139.0, 20]","[137.0, 70]","[142.61, 28]","[143.85, 39]",140.8,157,3.61,0.15
07:39:06,"[139.0, 21]","[137.0, 91]","[140.26, 27]","[141.78, 27]",139.63,166,1.26,0.35
07:39:07,"[137.0, 89]","[120.0, 40]","[139.84, 19]","[140.57, 14]",138.42,162,2.84,0.59
07:39:08,"[137.16, 38]","[121.0, 35]","[145.67, 21]","[212.79, 28]",141.41,122,8.51,0.2
07:39:09,"[140.0, 20]","[138.2, 10]","[214.05, 44]","[331.0, 32]",177.02,106,74.05,-0.43
07:39:10,"[140.0, 16]","[139.0, 14]","[216.66, 65]","[229.31, 64]",178.33,159,76.66,-0.62
07:39:11,"[140.38, 8]","[139.38, 8]","[159.38, 40]","[161.0, 32]",149.88,88,19.0,-0.64
07:39:12,"[136.05, 19]","[130.11, 19]","[155.87, 75]","[179.71, 62]",145.96,175,19.81,-0.57
07:39:13,"[135.64, 44]","[129.98, 47]","[146.54, 46]","[155.73, 55]",141.09,192,10.91,-0.05
07:39:14,"[138.53, 53]","[137.5, 70]","[140.75, 60]","[142.12, 59]",139.64,242,2.22,0.02
07:39:15,"[137.5, 56]","[132.2, 50]","[138.94, 50]","[150.54, 46]",138.22,202,1.44,0.05
07:39:16,"[137.06, 68]","[105.17, 24]","[274.5, 16]","[267.9, 39]",205.78,147,137.44,0.25
07:39:17,"[108.44, 9]","[97.81, 16]","[180.75, 32]","[613.0, 32]",144.6,89,72.31,-0.44
07:39:18,"[81.5, 12]","[71.2, 15]","[132.57, 28]","[215.67, 36]",107.04,91,51.07,-0.41
07:39:19,"[101.0, 12]","[66.23, 13]","[131.29, 7]","[134.94, 31]",116.14,63,30.29,-0.21
07:39:20,"[89.0, 12]","[46.64, 11]","[133.0, 6]","[137.0, 30]",111.0,59,44.0,-0.22
07:39:21,"[72.93, 15]","[55.47, 15]","[133.0, 6]","[137.0, 30]",102.97,66,60.07,-0.09
07:39:22,"[64.0, 10]","[54.0, 5]","[136.57, 14]","[138.0, 14]",100.29,43,72.57,-0.3
07:39:23,"[84.48, 21]","[43.2, 15]","[136.0, 15]","[137.0, 48]",110.24,99,51.52,-0.27
07:39:24,"[131.29, 34]","[125.53, 17]","[135.44, 9]","[136.76, 21]",133.37,81,4.15,0.26
07:39:25,"[132.0, 40]","[92.9, 30]","[136.52, 33]","[235.17, 35]",134.26,138,4.52,0.01
07:39:26,"[133.0, 16]","[121.0, 20]","[137.0, 20]","[361.0, 8]",135.0,64,4.0,0.12
07:39:27,"[136.56, 34]","[125.64, 50]","[238.93, 28]","[357.79, 38]",187.74,150,102.37,0.12
07:39:28,"[137.7, 10]","[132.58, 24]","[312.9, 20]","[515.64, 28]",225.3,82,175.2,-0.17
07:39:29,"[137.57, 7]","[111.8, 5]","[420.43, 14]","[516.82, 11]",279.0,37,282.86,-0.35
07:39:30,"[95.0, 3]","[71.33, 9]","[439.75, 8]","[526.2, 5]",267.38,25,344.75,-0.04
07:39:31,"[95.0, 5]","[88.0, 10]","[260.5, 14]","[389.73, 11]",177.75,40,165.5,-0.25
07:39:32,"[120.0, 26]","[94.0, 10]","[129.0, 18]","[229.43, 14]",124.5,68,9.0,0.06
07:39:33,"[93.0, 40]","[75.0, 8]","[129.0, 24]","[181.82, 11]",111.0,83,36.0,0.16
07:39:34,"[93.0, 25]","[69.2, 5]","[129.0, 15]","[135.0, 5]",111.0,50,36.0,0.2
07:39:35,"[97.89, 27]","[81.21, 48]","[128.1, 49]","[131.18, 22]",113.0,146,30.21,0.03
07:39:36,"[110.13, 31]","[91.28, 25]","[127.0, 48]","[132.0, 12]",118.56,116,16.87,-0.03
07:39:37,"[112.0, 50]","[101.75, 32]","[127.0, 54]","[135.0, 10]",119.5,146,15.0,0.12
07:39:38,"[104.67, 15]","[101.0, 2]","[135.0, 6]","[137.0, 15]",119.83,38,30.33,-0.11
07:39:39,"[105.89, 18]","[41.17, 6]","[135.73, 11]","[152.62, 16]",120.81,51,29.84,-0.06
07:39:40,"[122.57, 53]","[113.56, 45]","[205.18, 11]","[387.64, 11]",163.87,120,82.62,0.63
07:39:41,"[140.0, 16]","[139.0, 56]","[261.1, 20]","[378.71, 14]",200.55,106,121.1,0.36
07:39:42,"[144.29, 14]","[139.53, 15]","[261.0, 15]","[381.0, 9]",202.64,53,116.71,0.09
07:39:43,"[144.35, 31]","[139.82, 22]","[261.0, 39]","[298.74, 23]",202.68,115,116.65,-0.08
07:39:44,"[140.0, 8]","[139.0, 8]","[259.5, 30]","[268.75, 16]",199.75,62,119.5,-0.48
07:39:45,"[140.23, 13]","[139.09, 11]","[256.11, 45]","[256.84, 43]",198.17,112,115.88,-0.57
07:39:46,"[141.09, 22]","[140.3, 10]","[252.88, 24]","[256.0, 40]",196.98,96,111.78,-0.33
07:39:47,"[141.35, 17]","[140.56, 16]","[244.98, 45]","[249.04, 28]",193.17,106,103.62,-0.38
07:39:48,"[141.0, 18]","[140.0, 9]","[223.08, 25]","[232.84, 31]",182.04,83,82.08,-0.35
07:39:49,"[142.71, 70]","[140.83, 29]","[204.52, 60]","[206.23, 70]",173.62,229,61.8,-0.14
07:39:50,"[143.0, 15]","[141.0, 8]","[203.0, 20]","[204.0, 16]",173.0,59,60.0,-0.22
07:39:51,"[143.0, 21]","[141.0, 14]","[200.67, 27]","[201.84, 25]",171.83,87,57.67,-0.2
07:39:52,"[143.0, 22]","[141.0, 16]","[197.21, 38]","[198.2, 30]",170.11,106,54.21,-0.28
07:39:53,"[142.57, 7]","[140.71, 7]","[197.0, 20]","[198.0, 16]",169.79,50,54.43,-0.44
07:39:54,"[142.75, 12]","[139.92, 12]","[189.43, 46]","[194.45, 44]",166.09,114,46.68,-0.58
07:39:55,"[143.0, 7]","[140.55, 11]","[182.04, 23]","[183.48, 23]",162.52,64,39.04,-0.44
07:39:56,"[143.0, 16]","[141.0, 39]","[179.18, 49]","[181.29, 41]",161.09,145,36.18,-0.24
07:39:57,"[143.0, 18]","[140.4, 15]","[176.41, 29]","[177.47, 43]",159.71,105,33.41,-0.37
07:39:58,"[143.0, 30]","[140.0, 15]","[172.05, 61]","[173.27, 51]",157.52,157,29.05,-0.43
07:39:59,"[143.0, 32]","[140.0, 16]","[166.56, 50]","[168.25, 56]",154.78,154,23.56,-0.38
07:40:00,"[139.3, 107]","[138.53, 15]","[153.1, 50]","[158.35, 51]",146.2,223,13.8,0.09
07:40:01,"[140.0, 94]","[139.0, 99]","[147.56, 41]","[148.48, 42]",143.78,276,7.56,0.4
07:40:02,"[139.88, 67]","[138.99, 127]","[143.69, 49]","[144.89, 35]",141.79,278,3.81,0.4
07:40:03,"[139.0, 6]","[138.0, 2]","[143.0, 4]","[145.0, 2]",141.0,14,4.0,0.14
07:40:04,"[139.0, 25]","[138.0, 9]","[142.5, 14]","[383.39, 23]",140.75,71,3.5,-0.04
07:40:05,"[139.0, 40]","[138.0, 8]","[142.1, 20]","[295.0, 25]",140.55,93,3.1,0.03
07:40:06,"[138.07, 43]","[117.04, 27]","[140.0, 18]","[227.18, 33]",139.03,121,1.93,0.16
07:40:07,"[137.18, 44]","[113.97, 34]","[242.13, 30]","[494.03, 38]",189.66,146,104.95,0.07
07:40:08,"[137.0, 30]","[96.0, 8]","[197.86, 21]","[447.63, 19]",167.43,78,60.86,-0.03
07:40:09,"[137.0, 36]","[91.14, 14]","[290.0, 18]","[359.0, 30]",213.5,98,153.0,0.02
07:40:10,"[137.14, 21]","[113.67, 21]","[290.0, 12]","[301.0, 20]",213.57,74,152.86,0.14
07:40:11,"[138.0, 18]","[137.0, 36]","[235.0, 22]","[340.19, 26]",186.5,102,97.0,0.06
07:40:12,"[127.41, 29]","[121.62, 34]","[147.0, 28]","[157.55, 22]",137.21,113,19.59,0.12
07:40:13,"[122.29, 14]","[94.97, 37]","[145.26, 38]","[343.0, 32]",133.77,121,22.98,-0.16
07:40:14,"[125.82, 17]","[71.79, 29]","[142.34, 29]","[144.47, 34]",134.08,109,16.52,-0.16
07:40:15,"[70.0, 25]","[29.0, 5]","[140.47, 17]","[141.33, 18]",105.24,65,70.47,-0.08
07:40:16,"[106.0, 35]","[63.0, 7]","[133.15, 13]","[137.25, 16]",119.58,71,27.15,0.18
07:40:17,"[112.0, 20]","[99.0, 4]","[127.0, 8]","[132.38, 13]",119.5,45,15.0,0.07
07:40:18,"[88.38, 8]","[79.41, 17]","[127.0, 8]","[129.0, 12]",107.69,45,38.62,0.11
07:40:19,"[87.33, 45]","[43.89, 18]","[128.43, 14]","[129.89, 27]",107.88,104,41.1,0.21
07:40:20,"[129.0, 40]","[111.27, 22]","[131.8, 15]","[134.0, 26]",130.4,103,2.8,0.2
07:40:21,"[128.0, 12]","[63.0, 8]","[136.88, 17]","[222.43, 7]",132.44,44,8.88,-0.09
07:40:22,"[98.73, 22]","[53.91, 33]","[136.94, 33]","[314.0, 28]",117.83,116,38.21,-0.05
07:40:23,"[63.0, 10]","[51.0, 25]","[137.0, 20]","[319.0, 15]",100.0,70,74.0,0.0
07:40:24,"[44.32, 22]","[47.48, 23]","[134.33, 21]","[295.82, 34]",89.33,100,90.02,-0.1
07:40:25,"[61.67, 6]","[24.0, 9]","[137.0, 14]","[688.75, 20]",99.33,49,75.33,-0.39
07:40:26,"[21.0, 6]","[0, 0]","[308.39, 18]","[420.25, 20]",164.69,44,287.39,-0.73
07:40:27,"[120.11, 9]","[125.0, 5]","[288.0, 41]","[424.41, 32]",204.06,87,167.89,-0.68
07:40:28,"[141.0, 4]","[106.0, 4]","[363.0, 16]","[376.0, 12]",252.0,36,222.0,-0.56
07:40:29,"[145.0, 10]","[142.66, 71]","[241.27, 44]","[314.27, 33]",193.14,158,96.27,0.03
07:40:30,"[145.0, 7]","[143.0, 56]","[178.26, 34]","[281.0, 11]",161.63,108,33.26,0.17
07:40:31,"[145.0, 11]","[143.0, 94]","[263.26, 54]","[336.0, 25]",204.13,184,118.26,0.14
07:40:32,"[143.04, 57]","[140.48, 50]","[258.3, 37]","[400.64, 33]",200.67,177,115.26,0.21
07:40:33,"[143.0, 96]","[140.0, 72]","[153.94, 54]","[202.81, 48]",148.47,270,10.94,0.24
07:40:34,"[143.0, 64]","[140.0, 48]","[152.0, 40]","[153.0, 40]",147.5,192,9.0,0.17
07:40:35,"[143.0, 54]","[140.53, 90]","[150.0, 65]","[151.31, 65]",146.5,274,7.0,0.05
07:40:36,"[143.0, 30]","[141.0, 60]","[148.5, 50]","[149.6, 50]",145.75,190,5.5,-0.05
07:40:37,"[143.0, 33]","[141.0, 66]","[146.0, 55]","[147.73, 55]",144.5,209,3.0,-0.05
07:40:38,"[141.19, 64]","[140.1, 122]","[143.0, 62]","[209.49, 47]",142.09,295,1.81,0.26
07:40:39,"[140.33, 30]","[139.82, 98]","[142.0, 50]","[283.68, 38]",141.17,216,1.67,0.19
07:40:40,"[140.01, 87]","[139.07, 137]","[141.17, 60]","[317.0, 24]",140.59,308,1.16,0.45
07:40:41,"[139.2, 80]","[138.89, 72]","[174.34, 32]","[335.7, 23]",156.77,207,35.14,0.47
07:40:42,"[139.0, 182]","[137.12, 64]","[167.12, 26]","[190.27, 52]",153.06,324,28.12,0.52
07:40:43,"[139.0, 68]","[137.5, 14]","[176.56, 36]","[214.62, 32]",157.78,150,37.56,0.09
07:40:44,"[141.0, 36]","[139.43, 53]","[182.27, 44]","[224.72, 29]",161.64,162,41.27,0.1
07:40:45,"[143.0, 21]","[140.0, 91]","[233.0, 21]","[276.0, 14]",188.0,147,90.0,0.52
07:40:46,"[140.92, 84]","[139.96, 162]","[351.89, 44]","[401.15, 26]",246.4,316,210.97,0.56
07:40:47,"[141.0, 35]","[140.0, 130]","[249.2, 30]","[346.0, 40]",195.1,235,108.2,0.4
07:40:48,"[141.0, 8]","[140.0, 104]","[244.26, 23]","[338.7, 23]",192.63,158,103.26,0.42
07:40:49,"[141.0, 8]","[140.0, 104]","[226.1, 20]","[315.11, 18]",183.55,150,85.1,0.49
07:40:50,"[140.02, 106]","[139.36, 72]","[217.61, 23]","[251.19, 26]",178.81,227,77.59,0.57
07:40:51,"[140.0, 91]","[139.0, 35]","[214.41, 17]","[216.33, 18]",177.21,161,74.41,0.57
07:40:52,"[140.16, 62]","[139.62, 105]","[211.88, 24]","[213.71, 21]",176.02,212,71.71,0.58
07:40:53,"[140.0, 127]","[139.0, 90]","[209.91, 23]","[211.09, 22]",174.96,262,69.91,0.66
07:40:54,"[140.0, 75]","[139.0, 70]","[207.33, 18]","[208.24, 17]",173.67,180,67.33,0.61
07:40:55,"[140.45, 66]","[139.56, 135]","[204.58, 24]","[206.0, 36]",172.52,261,64.13,0.54
07:40:56,"[140.0, 62]","[139.0, 80]","[192.35, 20]","[196.82, 17]",166.18,179,52.35,0.59
07:40:57,"[140.0, 34]","[139.0, 50]","[189.0, 5]","[190.0, 15]",164.5,104,49.0,0.62
07:40:58,"[140.29, 42]","[139.14, 70]","[186.96, 24]","[187.83, 23]",163.62,159,46.67,0.41
07:40:59,"[141.05, 43]","[140.15, 41]","[183.0, 15]","[184.2, 20]",162.02,119,41.95,0.41
07:41:00,"[142.38, 39]","[140.84, 64]","[180.0, 36]","[180.72, 25]",161.19,164,37.62,0.26
07:41:01,"[143.0, 48]","[140.1, 61]","[176.05, 20]","[177.81, 27]",159.53,156,33.05,0.4
07:41:02,"[140.49, 74]","[139.11, 133]","[169.08, 53]","[169.84, 37]",154.78,297,28.59,0.39
07:41:03,"[140.0, 84]","[139.0, 140]","[164.43, 51]","[165.02, 44]",152.22,319,24.43,0.4
07:41:04,"[140.0, 66]","[139.0, 110]","[159.11, 38]","[159.86, 28]",149.55,242,19.11,0.45
07:41:05,"[140.0, 90]","[139.0, 150]","[154.48, 58]","[155.44, 39]",147.24,337,14.48,0.42
07:41:06,"[140.0, 54]","[139.0, 78]","[150.82, 22]","[152.75, 32]",145.41,186,10.82,0.42
07:41:07,"[140.08, 50]","[139.05, 81]","[150.0, 52]","[151.0, 26]",145.04,209,9.92,0.25
07:41:08,"[144.83, 54]","[141.29, 17]","[147.45, 44]","[149.18, 44]",146.14,159,2.62,-0.11
07:41:09,"[140.16, 31]","[139.02, 132]","[144.9, 40]","[146.54, 26]",142.53,229,4.74,0.42
07:41:10,"[139.07, 108]","[137.46, 164]","[143.74, 46]","[144.57, 28]",141.41,346,4.67,0.57
07:41:11,"[139.0, 94]","[137.85, 192]","[217.5, 32]","[333.43, 46]",178.25,364,78.5,0.57
07:41:12,"[138.05, 78]","[137.23, 146]","[274.49, 37]","[368.58, 38]",206.27,299,136.44,0.5
07:41:13,"[138.6, 40]","[137.27, 77]","[185.88, 17]","[234.82, 22]",162.24,156,47.28,0.5
07:41:14,"[140.0, 32]","[138.0, 56]","[159.71, 21]","[176.32, 19]",149.86,128,19.71,0.38
07:41:15,"[140.0, 32]","[138.0, 56]","[158.5, 16]","[195.27, 26]",149.25,130,18.5,0.35
07:41:16,"[140.0, 33]","[138.0, 77]","[155.79, 38]","[183.14, 28]",147.89,176,15.79,0.25
07:41:17,"[140.0, 27]","[138.0, 63]","[152.8, 30]","[155.0, 24]",146.4,144,12.8,0.25
07:41:18,"[140.07, 28]","[138.05, 79]","[149.67, 30]","[151.19, 42]",144.87,179,9.6,0.2
07:41:19,"[140.22, 18]","[138.34, 47]","[148.0, 18]","[149.0, 36]",144.11,119,7.78,0.09
07:41:20,"[142.57, 28]","[139.75, 32]","[146.17, 24]","[147.09, 22]",144.37,106,3.6,0.13
07:41:21,"[143.08, 59]","[141.07, 84]","[145.17, 47]","[146.76, 50]",144.13,240,2.09,0.19
07:41:22,"[142.09, 46]","[139.31, 78]","[190.22, 49]","[402.45, 44]",166.16,217,48.14,0.14
07:41:23,"[141.0, 42]","[140.0, 28]","[393.33, 15]","[496.3, 47]",267.17,132,252.33,0.06
07:41:24,"[141.0, 33]","[140.0, 22]","[390.17, 12]","[392.86, 21]",265.58,88,249.17,0.25
07:41:25,"[144.37, 83]","[139.47, 30]","[384.73, 22]","[387.12, 16]",264.55,151,240.35,0.5
07:41:26,"[145.0, 90]","[141.67, 18]","[360.15, 20]","[363.54, 24]",252.57,152,215.15,0.42
07:41:27,"[145.0, 83]","[140.48, 25]","[354.05, 19]","[355.31, 16]",249.53,143,209.05,0.51
07:41:28,"[145.0, 60]","[140.0, 30]","[351.88, 16]","[352.61, 23]",248.44,129,206.88,0.4
07:41:29,"[145.0, 30]","[140.0, 11]","[345.6, 5]","[351.89, 9]",245.3,55,200.6,0.49
07:41:30,"[145.0, 76]","[141.68, 38]","[269.53, 19]","[289.56, 25]",207.26,158,124.53,0.44
07:41:31,"[145.0, 55]","[140.0, 22]","[206.24, 25]","[210.07, 15]",175.62,117,61.24,0.32
07:41:32,"[145.0, 35]","[140.0, 14]","[203.11, 19]","[207.0, 9]",174.05,77,58.11,0.27
07:41:33,"[145.0, 55]","[140.0, 22]","[200.29, 21]","[202.23, 13]",172.64,111,55.29,0.39
07:41:34,"[145.0, 43]","[142.08, 13]","[197.35, 23]","[198.75, 16]",171.17,95,52.35,0.18
07:41:35,"[145.0, 30]","[143.0, 14]","[193.57, 14]","[194.89, 18]",169.29,76,48.57,0.16
07:41:36,"[145.0, 15]","[143.0, 9]","[167.36, 14]","[185.76, 21]",156.18,59,22.36,-0.19
07:41:37,"[140.76, 38]","[139.01, 70]","[162.48, 31]","[163.98, 45]",151.62,184,21.72,0.17
07:41:38,"[140.58, 57]","[138.75, 72]","[155.53, 30]","[156.41, 34]",148.06,193,14.95,0.34
07:41:39,"[140.11, 63]","[138.41, 102]","[152.29, 17]","[153.47, 34]",146.2,216,12.18,0.53
07:41:40,"[139.0, 48]","[138.0, 70]","[149.19, 26]","[149.89, 18]",144.1,162,10.19,0.46
07:41:41,"[139.0, 70]","[138.0, 39]","[147.26, 42]","[149.91, 34]",143.13,185,8.26,0.18
07:41:42,"[139.0, 20]","[138.0, 28]","[144.55, 29]","[146.08, 26]",141.78,103,5.55,-0.07
07:41:43,"[139.0, 18]","[138.0, 54]","[141.67, 27]","[145.0, 27]",140.33,126,2.67,0.14
07:41:44,"[138.29, 28]","[137.13, 184]","[139.89, 27]","[141.24, 34]",139.09,273,1.6,0.55
07:41:45,"[137.0, 196]","[71.0, 10]","[161.46, 24]","[212.0, 17]",149.23,247,24.46,0.67
07:41:46,"[139.73, 66]","[133.79, 38]","[261.88, 16]","[315.5, 8]",200.8,128,122.15,0.62
07:41:47,"[143.0, 102]","[137.0, 192]","[416.2, 25]","[505.62, 29]",279.6,348,273.2,0.69
07:41:48,"[143.1, 42]","[137.59, 102]","[422.56, 9]","[594.0, 9]",282.83,162,279.46,0.78
07:41:49,"[143.44, 9]","[138.82, 33]","[253.0, 10]","[437.0, 2]",198.22,54,109.56,0.56
07:41:50,"[143.22, 36]","[140.33, 104]","[240.75, 16]","[280.46, 37]",191.99,193,97.53,0.45
07:41:51,"[144.0, 8]","[143.0, 56]","[398.25, 8]","[547.22, 9]",271.12,81,254.25,0.58
07:41:52,"[144.0, 4]","[143.0, 28]","[399.25, 4]","[510.0, 4]",271.62,40,255.25,0.6
07:41:53,"[144.0, 3]","[143.0, 21]","[437.0, 3]","[510.0, 3]",290.5,30,293.0,0.6
07:41:54,"[143.06, 32]","[141.74, 38]","[164.16, 19]","[422.1, 10]",153.61,99,21.1,0.41
07:41:55,"[143.0, 24]","[141.0, 24]","[215.0, 8]","[246.0, 16]",179.0,72,72.0,0.33
07:41:56,"[143.0, 21]","[141.0, 21]","[228.78, 9]","[253.33, 12]",185.89,63,85.78,0.33
07:41:57,"[143.0, 33]","[141.0, 33]","[243.82, 11]","[246.0, 22]",193.41,99,100.82,0.33
07:41:58,"[141.86, 21]","[139.86, 21]","[241.78, 9]","[290.0, 9]",191.82,60,99.92,0.4
07:41:59,"[141.0, 12]","[139.0, 12]","[240.09, 11]","[244.67, 6]",190.55,41,99.09,0.17
07:42:00,"[141.4, 15]","[139.25, 16]","[228.26, 19]","[230.23, 13]",184.83,63,86.86,-0.02
07:42:01,"[139.83, 36]","[138.29, 34]","[221.21, 29]","[224.04, 46]",180.52,145,81.37,-0.03
07:42:02,"[138.0, 68]","[137.0, 72]","[193.28, 36]","[198.14, 28]",165.64,204,55.28,0.37
07:42:03,"[138.0, 56]","[137.0, 78]","[192.0, 26]","[193.0, 52]",165.0,212,54.0,0.26
07:42:04,"[141.0, 36]","[138.46, 26]","[190.29, 31]","[191.9, 20]",165.65,113,49.29,0.1
07:42:05,"[141.7, 10]","[140.75, 24]","[181.0, 25]","[178.28, 25]",161.35,84,39.3,-0.19
07:42:06,"[141.0, 27]","[140.0, 27]","[167.39, 23]","[168.05, 42]",154.2,119,26.39,-0.09
07:42:07,"[141.0, 21]","[140.0, 21]","[164.75, 8]","[166.11, 19]",152.88,69,23.75,0.22
07:42:08,"[143.86, 133]","[140.89, 54]","[159.78, 45]","[160.13, 69]",151.82,301,15.91,0.24
07:42:09,"[144.0, 112]","[141.1, 50]","[154.15, 65]","[155.4, 47]",149.08,274,10.15,0.18
07:42:10,"[144.0, 98]","[141.31, 48]","[149.7, 37]","[151.33, 46]",146.85,229,5.7,0.28
07:42:11,"[144.0, 68]","[141.0, 30]","[146.62, 26]","[147.12, 34]",145.31,158,2.62,0.24
07:42:12,"[141.0, 31]","[140.0, 110]","[143.26, 35]","[149.65, 31]",142.13,207,2.26,0.36
07:42:13,"[140.53, 19]","[139.89, 53]","[142.57, 14]","[261.2, 10]",141.55,96,2.05,0.5
07:42:14,"[140.0, 36]","[138.88, 26]","[143.22, 9]","[291.0, 27]",141.61,98,3.22,0.27
07:42:15,"[140.0, 24]","[139.0, 18]","[367.93, 14]","[480.55, 22]",253.96,78,227.93,0.08
07:42:16,"[139.8, 30]","[138.67, 27]","[583.97, 37]","[623.29, 35]",361.89,129,444.17,-0.12
07:42:17,"[142.53, 51]","[138.4, 15]","[451.0, 18]","[578.64, 22]",296.76,106,308.47,0.25
07:42:18,"[143.0, 142]","[139.0, 20]","[197.2, 30]","[397.3, 30]",170.1,222,54.2,0.46
07:42:19,"[143.0, 117]","[139.0, 18]","[197.0, 27]","[431.07, 41]",170.0,203,54.0,0.33
07:42:20,"[143.0, 130]","[139.75, 32]","[196.1, 30]","[362.02, 40]",169.55,232,53.1,0.4
07:42:21,"[143.0, 99]","[140.0, 36]","[193.44, 27]","[316.53, 43]",168.22,205,50.44,0.32
07:42:22,"[144.6, 47]","[142.62, 63]","[191.44, 27]","[253.48, 23]",168.02,160,46.85,0.38
07:42:23,"[143.72, 50]","[142.38, 52]","[189.7, 30]","[191.0, 34]",166.71,166,45.98,0.23
07:42:24,"[143.0, 135]","[139.0, 30]","[181.55, 53]","[184.45, 49]",162.27,267,38.55,0.24
07:42:25,"[143.0, 99]","[139.0, 22]","[176.77, 47]","[181.44, 41]",159.88,209,33.77,0.16
07:42:26,"[143.0, 75]","[139.0, 20]","[178.9, 30]","[184.0, 50]",160.95,175,35.9,0.09
07:42:27,"[143.0, 54]","[139.36, 11]","[177.33, 27]","[184.0, 45]",160.17,137,34.33,-0.05
07:42:28,"[143.0, 72]","[140.74, 27]","[275.16, 32]","[383.63, 41]",209.08,172,132.16,0.15
07:42:29,"[143.0, 54]","[141.0, 36]","[193.52, 25]","[254.61, 23]",168.26,138,50.52,0.3
07:42:30,"[141.29, 84]","[140.35, 23]","[148.67, 39]","[149.86, 37]",144.98,183,7.38,0.17
07:42:31,"[141.09, 33]","[140.52, 29]","[143.43, 28]","[144.44, 27]",142.26,117,2.34,0.06
07:42:32,"[139.62, 16]","[138.72, 43]","[143.08, 24]","[382.29, 31]",141.35,114,3.46,0.04
07:42:33,"[141.31, 26]","[138.73, 44]","[242.5, 24]","[287.85, 41]",191.9,135,101.19,0.04
07:42:34,"[139.0, 36]","[138.0, 26]","[260.12, 32]","[451.5, 40]",199.56,134,121.12,-0.07
07:42:35,"[139.0, 28]","[138.0, 34]","[167.0, 21]","[278.14, 35]",153.0,118,28.0,0.05
07:42:36,"[139.86, 14]","[138.63, 38]","[218.27, 26]","[297.12, 40]",179.06,118,78.41,-0.12
07:42:37,"[139.0, 20]","[138.0, 49]","[316.0, 35]","[377.0, 35]",227.5,139,177.0,-0.01
07:42:38,"[139.0, 12]","[138.0, 42]","[366.83, 30]","[458.82, 22]",252.92,106,227.83,0.02
07:42:39,"[139.0, 18]","[138.0, 56]","[222.0, 40]","[430.25, 40]",180.5,154,83.0,-0.04
07:42:40,"[139.0, 20]","[138.0, 35]","[397.0, 21]","[481.3, 23]",268.0,99,258.0,0.11
07:42:41,"[139.0, 22]","[138.0, 42]","[355.29, 14]","[495.5, 30]",247.14,108,216.29,0.19
07:42:42,"[138.71, 48]","[132.6, 68]","[176.18, 11]","[363.64, 55]",157.45,182,37.47,0.27
07:42:43,"[141.04, 25]","[136.28, 39]","[190.9, 50]","[302.81, 26]",165.97,140,49.86,-0.09
07:42:44,"[144.0, 18]","[140.0, 18]","[192.0, 45]","[352.22, 45]",168.0,126,48.0,-0.43
07:42:45,"[142.44, 16]","[139.11, 27]","[168.0, 55]","[192.0, 55]",155.22,153,25.56,-0.44
07:42:46,"[139.88, 8]","[138.02, 50]","[180.0, 40]","[194.5, 40]",159.94,138,40.12,-0.16
07:42:47,"[142.6, 20]","[138.03, 58]","[192.0, 50]","[497.0, 50]",167.3,178,49.4,-0.12
07:42:48,"[145.0, 54]","[139.0, 9]","[189.9, 41]","[191.5, 40]",167.45,144,44.9,-0.12
07:42:49,"[145.0, 81]","[139.0, 13]","[182.31, 58]","[185.41, 59]",163.66,211,37.31,-0.11
07:42:50,"[144.71, 52]","[143.67, 45]","[178.64, 44]","[180.74, 46]",161.67,187,33.92,0.04
07:42:51,"[144.0, 50]","[142.79, 19]","[177.0, 50]","[179.0, 40]",160.5,159,33.0,-0.13
07:42:52,"[144.0, 20]","[143.0, 14]","[177.0, 35]","[179.0, 28]",160.5,97,33.0,-0.3
07:42:53,"[144.0, 16]","[143.0, 16]","[173.57, 30]","[175.26, 38]",158.78,100,29.57,-0.36
07:42:54,"[144.0, 22]","[143.0, 22]","[149.07, 41]","[160.33, 18]",146.54,103,5.07,-0.15
07:42:55,"[143.25, 24]","[139.73, 33]","[145.19, 42]","[146.1, 42]",144.22,141,1.94,-0.19
07:42:56,"[139.47, 34]","[138.09, 66]","[143.23, 35]","[144.2, 35]",141.35,170,3.76,0.18
07:42:57,"[137.25, 65]","[118.0, 53]","[141.65, 54]","[143.75, 51]",139.45,223,4.4,0.06
07:42:58,"[137.06, 33]","[125.92, 52]","[140.46, 35]","[201.66, 41]",138.76,161,3.4,0.06
07:42:59,"[139.64, 33]","[137.41, 22]","[141.27, 60]","[227.48, 27]",140.45,142,1.63,-0.23
07:43:00,"[139.25, 8]","[137.36, 14]","[161.68, 25]","[245.62, 16]",150.47,63,22.43,-0.3
07:43:01,"[138.9, 50]","[137.17, 18]","[244.0, 24]","[245.0, 8]",191.45,100,105.1,0.36
07:43:02,"[131.81, 63]","[121.05, 66]","[198.5, 24]","[248.11, 18]",165.15,171,66.69,0.51
07:43:03,"[139.15, 47]","[130.0, 100]","[191.38, 24]","[275.62, 24]",165.26,195,52.23,0.51
07:43:04,"[140.18, 34]","[139.18, 98]","[189.5, 42]","[326.83, 36]",164.84,210,49.32,0.26
07:43:05,"[140.0, 27]","[139.0, 90]","[188.56, 27]","[330.0, 9]",164.28,153,48.56,0.53
07:43:06,"[139.22, 41]","[101.96, 79]","[184.86, 21]","[231.0, 13]",162.04,154,45.64,0.56
07:43:07,"[139.0, 88]","[57.91, 44]","[185.45, 33]","[289.28, 18]",162.23,183,46.45,0.44
07:43:08,"[139.0, 56]","[129.0, 14]","[177.54, 13]","[289.75, 24]",158.27,107,38.54,0.31
07:43:09,"[139.18, 68]","[135.32, 38]","[156.85, 26]","[160.33, 12]",148.01,144,17.67,0.47
07:43:10,"[140.0, 49]","[139.0, 104]","[152.57, 23]","[154.72, 29]",146.28,205,12.57,0.49
07:43:11,"[143.89, 37]","[139.6, 20]","[147.69, 13]","[150.0, 39]",145.79,109,3.8,0.05
07:43:12,"[139.0, 70]","[106.76, 37]","[146.33, 12]","[149.86, 28]",142.67,147,7.33,0.46
07:43:13,"[139.0, 91]","[137.77, 43]","[143.38, 29]","[175.61, 23]",141.19,186,4.38,0.44
07:43:14,"[138.17, 106]","[137.85, 52]","[142.83, 12]","[234.0, 48]",140.5,218,4.66,0.45
07:43:15,"[139.23, 26]","[138.15, 103]","[166.56, 18]","[276.84, 38]",152.89,185,27.32,0.39
07:43:16,"[139.08, 26]","[138.07, 71]","[172.29, 14]","[614.29, 28]",155.68,139,33.21,0.4
07:43:17,"[139.0, 40]","[138.0, 110]","[431.2, 30]","[546.0, 30]",285.1,210,292.2,0.43
07:43:18,"[139.18, 22]","[138.08, 96]","[348.05, 19]","[479.52, 23]",243.62,160,208.87,0.47
07:43:19,"[140.18, 44]","[137.76, 83]","[242.54, 13]","[244.64, 28]",191.36,168,102.36,0.51
07:43:20,"[143.0, 34]","[138.0, 90]","[199.46, 13]","[230.21, 28]",171.23,165,56.46,0.5
07:43:21,"[143.0, 6]","[138.0, 60]","[180.17, 18]","[199.0, 9]",161.58,93,37.17,0.42
07:43:22,"[138.05, 111]","[137.08, 120]","[178.26, 34]","[213.5, 20]",158.15,285,40.22,0.62
07:43:23,"[138.57, 42]","[137.67, 90]","[175.78, 27]","[178.0, 9]",157.17,168,37.21,0.57
07:43:24,"[140.0, 26]","[138.0, 130]","[172.26, 39]","[173.71, 21]",156.13,216,32.26,0.44
07:43:25,"[138.24, 67]","[137.54, 130]","[169.6, 47]","[185.85, 52]",153.92,296,31.36,0.33
07:43:26,"[138.0, 99]","[137.0, 110]","[152.76, 29]","[163.05, 44]",145.38,282,14.76,0.48
07:43:27,"[138.44, 32]","[137.76, 83]","[140.76, 41]","[144.8, 20]",139.6,176,2.32,0.31
07:43:28,"[138.0, 90]","[137.0, 100]","[141.17, 29]","[147.79, 29]",139.59,248,3.17,0.53
07:43:29,"[138.0, 54]","[137.0, 104]","[139.41, 17]","[140.93, 30]",138.71,205,1.41,0.54
07:43:30,"[138.0, 16]","[137.0, 80]","[140.41, 22]","[501.0, 32]",139.2,150,2.41,0.28
07:43:31,"[138.0, 18]","[137.0, 90]","[248.82, 33]","[350.67, 30]",193.41,171,110.82,0.26
07:43:32,"[138.8, 10]","[137.44, 18]","[339.67, 18]","[516.71, 14]",239.23,60,200.87,-0.07
07:43:33,"[138.0, 14]","[137.0, 70]","[356.86, 28]","[663.71, 28]",247.43,140,218.86,0.2
07:43:34,"[138.0, 12]","[137.0, 60]","[469.83, 24]","[579.0, 24]",303.92,120,331.83,0.2
07:43:35,"[138.13, 45]","[134.22, 73]","[529.67, 36]","[591.38, 32]",333.9,186,391.53,0.27
07:43:36,"[138.0, 25]","[137.0, 38]","[163.0, 8]","[0, 0]",150.5,71,25.0,0.77
07:43:37,"[140.76, 68]","[138.69, 64]","[289.0, 18]","[662.33, 9]",214.88,159,148.24,0.66
07:43:38,"[144.0, 22]","[143.0, 10]","[249.4, 15]","[535.0, 15]",196.7,62,105.4,0.03
07:43:39,"[144.0, 12]","[143.0, 6]","[341.6, 5]","[450.33, 9]",242.8,32,197.6,0.12
07:43:40,"[144.0, 32]","[143.0, 16]","[385.12, 24]","[487.38, 24]",264.56,96,241.12,0.0
07:43:41,"[144.0, 46]","[143.0, 26]","[314.63, 35]","[377.33, 36]",229.31,143,170.63,0.01
07:43:42,"[139.24, 97]","[138.24, 84]","[346.0, 22]","[347.0, 33]",242.62,236,206.76,0.53
07:43:43,"[139.0, 42]","[138.0, 74]","[336.74, 19]","[346.86, 29]",237.87,164,197.74,0.41
07:43:44,"[139.85, 66]","[138.24, 33]","[177.2, 15]","[274.47, 17]",158.52,131,37.35,0.51
07:43:45,"[140.0, 72]","[139.0, 12]","[177.0, 12]","[286.44, 16]",158.5,112,37.0,0.5
07:43:46,"[140.0, 38]","[139.0, 14]","[176.43, 14]","[293.0, 7]",158.21,73,36.43,0.42
07:43:47,"[140.0, 22]","[139.0, 22]","[176.0, 22]","[335.64, 11]",158.0,77,36.0,0.14
07:43:48,"[140.0, 22]","[139.0, 22]","[175.91, 22]","[278.45, 11]",157.95,77,35.91,0.14
07:43:49,"[140.0, 26]","[139.0, 26]","[173.85, 26]","[211.41, 37]",156.92,115,33.85,-0.1
07:43:50,"[140.0, 20]","[139.0, 20]","[169.5, 16]","[227.85, 20]",154.75,76,29.5,0.05
07:43:51,"[140.0, 18]","[139.0, 18]","[167.71, 17]","[226.47, 19]",153.85,72,27.71,0.0
07:43:52,"[139.22, 9]","[138.05, 37]","[160.12, 16]","[173.62, 16]",149.67,78,20.9,0.18
07:43:53,"[139.0, 10]","[138.0, 50]","[158.62, 26]","[236.18, 22]",148.81,108,19.62,0.11
07:43:54,"[138.85, 13]","[137.33, 51]","[155.06, 47]","[156.93, 44]",146.95,155,16.22,-0.17
07:43:55,"[144.0, 64]","[139.53, 34]","[151.21, 57]","[152.72, 75]",147.61,230,7.21,-0.15
07:43:56,"[144.0, 20]","[141.0, 20]","[148.15, 41]","[149.39, 23]",146.07,104,4.15,-0.23
07:43:57,"[144.41, 27]","[141.43, 14]","[146.74, 19]","[147.95, 37]",145.57,97,2.33,-0.15
07:43:58,"[145.0, 17]","[143.0, 20]","[146.0, 50]","[198.72, 25]",145.5,112,1.0,-0.34
07:43:59,"[144.11, 9]","[142.43, 14]","[146.0, 35]","[249.43, 21]",145.06,79,1.89,-0.42
07:44:00,"[142.8, 20]","[140.44, 25]","[144.7, 50]","[264.0, 30]",143.75,125,1.9,-0.28
07:44:01,"[141.0, 24]","[139.29, 49]","[143.21, 24]","[161.52, 52]",142.1,149,2.21,-0.02
07:44:02,"[141.0, 12]","[139.0, 35]","[142.0, 25]","[143.0, 5]",141.5,77,1.0,0.22
07:44:03,"[141.0, 33]","[139.0, 77]","[142.0, 55]","[143.0, 11]",141.5,176,1.0,0.25
07:44:04,"[139.89, 38]","[138.89, 55]","[141.8, 50]","[240.78, 36]",140.85,179,1.91,0.04
07:44:05,"[138.97, 69]","[137.96, 23]","[140.0, 60]","[153.37, 57]",139.49,209,1.03,-0.12
07:44:06,"[137.83, 12]","[115.46, 13]","[378.1, 30]","[514.31, 29]",257.97,84,240.27,-0.4
07:44:07,"[137.0, 5]","[123.84, 50]","[222.0, 25]","[465.75, 16]",179.5,96,85.0,0.15
07:44:08,"[120.75, 63]","[118.7, 166]","[252.79, 47]","[420.71, 49]",186.77,325,132.04,0.41
07:44:09,"[126.24, 34]","[120.08, 200]","[166.89, 36]","[259.42, 48]",146.56,318,40.65,0.47
07:44:10,"[125.93, 29]","[84.96, 112]","[210.88, 52]","[323.76, 46]",168.41,239,84.95,0.18
07:44:11,"[127.94, 34]","[84.91, 22]","[228.0, 22]","[361.0, 55]",177.97,133,100.06,-0.16
07:44:12,"[144.0, 20]","[128.1, 20]","[279.0, 50]","[457.07, 41]",211.5,131,135.0,-0.39
07:44:13,"[146.0, 12]","[141.62, 48]","[267.17, 24]","[305.22, 18]",206.58,102,121.17,0.18
07:44:14,"[142.24, 98]","[141.56, 54]","[173.0, 18]","[263.67, 36]",157.62,206,30.76,0.48
07:44:15,"[142.0, 116]","[139.0, 16]","[172.5, 18]","[242.2, 25]",157.25,175,30.5,0.51
07:44:16,"[142.0, 214]","[139.71, 28]","[185.0, 42]","[272.1, 31]",163.5,315,43.0,0.54
07:44:17,"[142.77, 26]","[141.98, 98]","[184.29, 21]","[269.54, 26]",163.53,171,41.52,0.45
07:44:18,"[142.86, 28]","[141.98, 114]","[183.9, 20]","[253.33, 18]",163.38,180,41.04,0.58
07:44:19,"[144.0, 14]","[142.0, 84]","[181.57, 7]","[184.0, 21]",162.79,126,37.57,0.56
07:44:20,"[144.8, 30]","[141.54, 39]","[161.29, 14]","[163.73, 22]",153.04,105,16.49,0.31
07:44:21,"[141.45, 22]","[140.89, 38]","[159.63, 19]","[177.2, 30]",150.54,109,18.18,0.1
07:44:22,"[140.87, 46]","[139.96, 50]","[159.0, 27]","[160.0, 9]",149.93,132,18.13,0.45
07:44:23,"[141.0, 56]","[140.0, 72]","[159.0, 36]","[160.0, 12]",150.0,176,18.0,0.45
07:44:24,"[141.54, 41]","[139.89, 88]","[158.04, 46]","[158.19, 26]",149.79,201,16.51,0.28
07:44:25,"[140.0, 64]","[139.0, 24]","[148.85, 26]","[153.54, 26]",144.42,140,8.85,0.26
07:44:26,"[140.0, 40]","[139.0, 16]","[142.36, 28]","[147.67, 12]",141.18,96,2.36,0.17
07:44:27,"[140.0, 23]","[139.0, 22]","[142.0, 33]","[151.0, 11]",141.0,89,2.0,0.01
07:44:28,"[135.29, 34]","[112.23, 35]","[150.13, 15]","[367.96, 47]",142.71,131,14.84,0.05
07:44:29,"[144.0, 36]","[138.0, 88]","[150.0, 6]","[207.0, 18]",147.0,148,6.0,0.68
07:44:30,"[144.0, 41]","[138.0, 128]","[150.0, 8]","[304.0, 8]",147.0,185,6.0,0.83
07:44:31,"[144.0, 50]","[138.02, 180]","[150.0, 12]","[582.19, 42]",147.0,284,6.0,0.62
07:44:32,"[144.0, 32]","[138.0, 128]","[148.25, 8]","[311.0, 8]",146.12,176,4.25,0.82
07:44:33,"[144.0, 32]","[138.0, 128]","[147.75, 8]","[296.45, 11]",145.88,179,3.75,0.79
07:44:34,"[144.0, 48]","[138.82, 88]","[146.0, 10]","[216.0, 20]",145.0,166,2.0,0.64
07:44:35,"[143.1, 40]","[140.7, 40]","[145.0, 11]","[216.0, 22]",144.05,113,1.9,0.42
07:44:36,"[141.0, 15]","[140.0, 19]","[144.4, 5]","[216.0, 10]",142.7,49,3.4,0.39
07:44:37,"[141.0, 48]","[140.0, 11]","[143.75, 8]","[514.0, 40]",142.38,107,2.75,0.1
07:44:38,"[141.03, 72]","[140.41, 17]","[142.82, 11]","[479.0, 27]",141.92,127,1.79,0.4
07:44:39,"[142.32, 68]","[140.75, 24]","[256.7, 27]","[329.14, 14]",199.51,133,114.38,0.38
07:44:40,"[144.0, 55]","[141.52, 63]","[259.67, 45]","[262.0, 18]",201.83,181,115.67,0.3
07:44:41,"[144.0, 40]","[142.0, 88]","[258.42, 12]","[259.16, 37]",201.21,177,114.42,0.45
07:44:42,"[144.0, 35]","[142.0, 77]","[257.67, 9]","[258.97, 31]",200.83,152,113.67,0.47
07:44:43,"[144.0, 60]","[142.0, 132]","[255.8, 54]","[257.1, 30]",199.9,276,111.8,0.39
07:44:44,"[144.0, 50]","[142.0, 110]","[254.3, 46]","[256.12, 34]",199.15,240,110.3,0.33
07:44:45,"[142.69, 145]","[141.92, 181]","[248.74, 47]","[251.56, 41]",195.72,414,106.06,0.57
07:44:46,"[142.02, 161]","[141.16, 50]","[242.76, 42]","[245.31, 52]",192.39,305,100.74,0.38
07:44:47,"[144.0, 15]","[142.0, 60]","[235.58, 33]","[238.22, 51]",189.79,159,91.58,-0.06
07:44:48,"[144.0, 10]","[142.0, 40]","[231.42, 12]","[232.69, 42]",187.71,104,87.42,-0.04
07:44:49,"[144.0, 6]","[142.0, 24]","[206.0, 8]","[230.94, 16]",175.0,54,62.0,0.11
07:44:50,"[143.5, 16]","[141.89, 54]","[200.45, 44]","[211.6, 62]",171.98,176,56.95,-0.2
07:44:51,"[142.0, 24]","[141.0, 36]","[192.83, 36]","[193.81, 48]",167.42,144,50.83,-0.17
07:44:52,"[142.0, 26]","[141.0, 39]","[189.62, 37]","[190.6, 15]",165.81,117,47.62,0.11
07:44:53,"[142.17, 24]","[141.12, 34]","[186.31, 32]","[188.22, 18]",164.24,108,44.15,0.07
07:44:54,"[143.0, 24]","[141.48, 29]","[175.96, 24]","[178.39, 44]",159.48,121,32.96,-0.12
07:44:55,"[141.35, 40]","[139.78, 79]","[144.2, 45]","[146.62, 45]",142.77,209,2.85,0.14
07:44:56,"[139.3, 23]","[138.27, 88]","[141.39, 38]","[170.38, 16]",140.35,165,2.09,0.35
07:44:57,"[139.2, 20]","[138.2, 80]","[144.8, 10]","[168.83, 12]",142.0,122,5.6,0.64
07:44:58,"[140.26, 19]","[138.47, 76]","[143.08, 13]","[144.69, 13]",141.67,121,2.81,0.57
07:44:59,"[139.0, 27]","[138.0, 144]","[141.03, 33]","[142.11, 9]",140.02,213,2.03,0.61
07:45:00,"[138.71, 28]","[128.54, 52]","[140.87, 30]","[180.38, 13]",139.79,123,2.15,0.3
07:45:01,"[139.72, 29]","[128.54, 26]","[141.75, 8]","[213.14, 14]",140.74,77,2.03,0.43
07:45:02,"[141.66, 29]","[132.89, 45]","[262.2, 30]","[443.1, 41]",201.93,145,120.54,0.02
07:45:03,"[140.53, 17]","[138.67, 18]","[221.75, 16]","[532.83, 24]",181.14,75,81.22,-0.07
07:45:04,"[142.36, 22]","[140.24, 21]","[459.26, 46]","[668.62, 32]",300.81,121,316.9,-0.29
07:45:05,"[144.0, 32]","[141.95, 22]","[335.77, 52]","[398.2, 40]",239.88,146,191.77,-0.26
07:45:06,"[142.55, 11]","[140.55, 22]","[214.73, 44]","[283.17, 29]",178.64,106,72.18,-0.38
07:45:07,"[142.0, 8]","[140.0, 34]","[236.0, 32]","[466.0, 32]",189.0,106,94.0,-0.21
07:45:08,"[142.62, 29]","[139.1, 70]","[236.0, 56]","[446.86, 42]",189.31,197,93.38,0.01
07:45:09,"[146.0, 27]","[139.0, 27]","[231.0, 34]","[419.53, 30]",188.5,118,85.0,-0.08
07:45:10,"[146.0, 30]","[141.31, 39]","[198.4, 40]","[289.8, 40]",172.2,149,52.4,-0.07
07:45:11,"[146.0, 27]","[139.35, 23]","[182.56, 36]","[217.0, 36]",164.28,122,36.56,-0.18
07:45:12,"[146.0, 21]","[140.0, 14]","[180.57, 28]","[183.0, 28]",163.29,91,34.57,-0.23
07:45:13,"[146.0, 10]","[140.44, 18]","[179.6, 20]","[212.6, 20]",162.8,68,33.6,-0.18
07:45:14,"[142.0, 24]","[140.0, 30]","[178.5, 24]","[264.0, 12]",160.25,90,36.5,0.2
07:45:15,"[140.0, 14]","[139.0, 18]","[178.0, 24]","[252.0, 15]",159.0,71,38.0,-0.1
07:45:16,"[138.0, 72]","[83.36, 39]","[177.5, 32]","[219.0, 32]",157.75,175,39.5,0.27
07:45:17,"[138.35, 69]","[137.44, 62]","[176.75, 32]","[208.5, 32]",157.55,195,38.4,0.34
07:45:18,"[139.17, 70]","[138.1, 80]","[175.16, 37]","[176.22, 36]",157.17,223,35.99,0.35
07:45:19,"[139.0, 80]","[138.0, 90]","[171.9, 50]","[172.9, 50]",155.45,270,32.9,0.26
07:45:20,"[142.0, 40]","[139.0, 80]","[169.04, 48]","[170.11, 47]",155.52,215,27.04,0.12
07:45:21,"[139.19, 94]","[138.29, 84]","[164.71, 63]","[165.6, 68]",151.95,309,25.52,0.15
07:45:22,"[139.53, 60]","[138.69, 48]","[162.9, 49]","[164.2, 50]",151.22,207,23.36,0.04
07:45:23,"[141.18, 34]","[139.07, 91]","[158.84, 55]","[160.39, 59]",150.01,239,17.66,0.05
07:45:24,"[141.77, 52]","[140.06, 68]","[154.53, 70]","[155.54, 74]",148.15,264,12.76,-0.09
07:45:25,"[139.62, 32]","[138.89, 56]","[150.83, 60]","[151.83, 60]",145.23,208,11.21,-0.15
07:45:26,"[139.0, 40]","[138.0, 30]","[148.3, 40]","[149.49, 47]",143.65,157,9.3,-0.11
07:45:27,"[139.31, 26]","[138.23, 35]","[146.0, 44]","[147.0, 44]",142.65,149,6.69,-0.18
07:45:28,"[139.0, 24]","[138.0, 36]","[141.88, 57]","[142.94, 54]",140.44,171,2.88,-0.3
07:45:29,"[135.37, 27]","[124.33, 36]","[140.0, 45]","[143.71, 42]",137.69,150,4.63,-0.16
07:45:30,"[123.0, 65]","[93.0, 13]","[135.44, 64]","[137.6, 45]",129.22,187,12.44,-0.17
07:45:31,"[103.32, 31]","[75.79, 19]","[135.39, 36]","[136.64, 44]",119.36,130,32.07,-0.23
07:45:32,"[124.36, 56]","[117.8, 30]","[133.86, 44]","[134.75, 24]",129.11,154,9.51,0.12
07:45:33,"[116.63, 49]","[90.78, 9]","[132.55, 22]","[133.52, 31]",124.59,111,15.91,0.05
07:45:34,"[92.85, 13]","[49.91, 33]","[131.36, 33]","[132.56, 32]",112.1,111,38.52,-0.17
07:45:35,"[120.87, 67]","[64.47, 17]","[132.16, 25]","[134.56, 39]",126.51,148,11.29,0.14
07:45:36,"[122.69, 39]","[121.35, 46]","[135.0, 12]","[136.62, 39]",128.85,136,12.31,0.25
07:45:37,"[124.4, 20]","[123.67, 18]","[136.0, 4]","[137.0, 16]",130.2,58,11.6,0.31
07:45:38,"[125.2, 30]","[123.88, 32]","[136.0, 8]","[137.0, 32]",130.6,102,10.8,0.22
07:45:39,"[127.5, 42]","[126.29, 42]","[136.68, 22]","[137.15, 33]",132.09,139,9.18,0.21
07:45:40,"[130.88, 26]","[129.38, 24]","[135.0, 14]","[137.0, 21]",132.94,85,4.12,0.18
07:45:41,"[133.29, 42]","[132.53, 38]","[135.0, 15]","[137.0, 30]",134.14,125,1.71,0.28
07:45:42,"[133.45, 55]","[131.0, 44]","[137.07, 29]","[193.2, 15]",135.26,143,3.61,0.38
07:45:43,"[135.44, 32]","[113.65, 46]","[217.58, 19]","[281.0, 36]",176.51,133,82.14,0.17
07:45:44,"[135.82, 34]","[117.71, 70]","[261.26, 42]","[263.5, 28]",198.54,174,125.44,0.2
07:45:45,"[136.0, 10]","[135.0, 40]","[251.27, 26]","[251.75, 20]",193.63,96,115.27,0.04
07:45:46,"[137.47, 15]","[136.67, 30]","[200.57, 23]","[237.2, 15]",169.02,83,63.1,0.08
07:45:47,"[145.0, 24]","[139.96, 46]","[185.84, 58]","[181.79, 24]",165.42,152,40.84,-0.08
07:45:48,"[145.0, 5]","[141.33, 36]","[154.29, 17]","[156.0, 17]",149.65,75,9.29,0.09
07:45:49,"[145.0, 9]","[141.94, 62]","[151.27, 37]","[152.29, 17]",148.14,125,6.27,0.14
07:45:50,"[141.3, 27]","[139.93, 60]","[149.81, 31]","[150.14, 35]",145.55,153,8.51,0.14
07:45:51,"[142.57, 35]","[140.54, 46]","[146.93, 44]","[149.03, 68]",144.75,193,4.36,-0.16
07:45:52,"[142.83, 24]","[141.18, 17]","[144.83, 52]","[145.95, 44]",143.83,137,1.99,-0.4
07:45:53,"[140.67, 9]","[139.09, 33]","[143.83, 36]","[250.05, 39]",142.25,117,3.17,-0.28
07:45:54,"[139.62, 8]","[138.81, 31]","[143.12, 40]","[308.0, 32]",141.38,111,3.5,-0.3
07:45:55,"[139.97, 64]","[138.67, 12]","[142.5, 18]","[153.96, 46]",141.23,140,2.53,0.09
07:45:56,"[140.0, 96]","[139.0, 12]","[142.67, 60]","[440.6, 45]",141.33,213,2.67,0.01
07:45:57,"[140.0, 71]","[138.9, 21]","[253.0, 55]","[485.0, 48]",196.5,195,113.0,-0.06
07:45:58,"[139.79, 19]","[138.56, 18]","[486.06, 34]","[499.77, 31]",312.92,102,346.27,-0.27
07:45:59,"[139.0, 7]","[138.0, 14]","[223.14, 35]","[248.27, 33]",181.07,89,84.14,-0.53
07:46:00,"[139.6, 10]","[138.18, 17]","[168.76, 49]","[205.09, 43]",154.18,119,29.16,-0.55
07:46:01,"[140.56, 9]","[138.64, 11]","[142.56, 45]","[372.78, 36]",141.56,101,2.0,-0.6
07:46:02,"[139.0, 12]","[138.0, 36]","[141.45, 56]","[314.55, 51]",140.22,155,2.45,-0.38
07:46:03,"[138.21, 19]","[117.37, 19]","[141.0, 32]","[258.22, 27]",139.61,97,2.79,-0.22
07:46:04,"[138.0, 33]","[73.82, 22]","[140.36, 44]","[269.45, 44]",139.18,143,2.36,-0.23
07:46:05,"[65.43, 14]","[27.86, 14]","[177.67, 24]","[383.22, 27]",121.55,79,112.24,-0.29
07:46:06,"[97.77, 39]","[63.22, 18]","[207.46, 13]","[370.77, 26]",152.62,96,109.69,0.19
07:46:07,"[98.58, 12]","[92.53, 19]","[165.71, 41]","[463.08, 26]",132.15,98,67.12,-0.37
07:46:08,"[118.0, 10]","[96.0, 5]","[130.0, 11]","[353.33, 12]",124.0,38,12.0,-0.21
07:46:09,"[118.8, 5]","[114.86, 7]","[297.0, 10]","[341.0, 12]",207.9,34,178.2,-0.29
07:46:10,"[122.7, 10]","[119.22, 9]","[232.52, 25]","[296.38, 13]",177.61,57,109.82,-0.33
07:46:11,"[140.21, 42]","[132.8, 25]","[313.8, 30]","[311.0, 36]",227.01,133,173.59,0.01
07:46:12,"[139.0, 6]","[138.0, 20]","[288.85, 13]","[326.2, 10]",213.92,49,149.85,0.06
07:46:13,"[139.0, 10]","[138.0, 25]","[291.24, 17]","[330.0, 12]",215.12,64,152.24,0.09
07:46:14,"[140.0, 4]","[139.0, 4]","[279.0, 4]","[311.0, 12]",209.5,24,139.0,-0.33
07:46:15,"[140.0, 7]","[139.0, 7]","[195.0, 20]","[455.62, 13]",167.5,47,55.0,-0.4
07:46:16,"[139.56, 9]","[138.12, 41]","[237.83, 24]","[309.79, 19]",188.69,93,98.28,0.08
07:46:17,"[139.62, 13]","[138.06, 97]","[184.58, 19]","[195.16, 31]",162.1,160,44.96,0.38
07:46:18,"[139.0, 5]","[138.0, 70]","[162.64, 11]","[187.75, 8]",150.82,94,23.64,0.6
07:46:19,"[142.89, 9]","[138.08, 61]","[182.78, 9]","[479.35, 20]",162.83,99,39.89,0.41
07:46:20,"[138.37, 76]","[124.1, 30]","[148.3, 10]","[158.9, 10]",143.33,126,9.93,0.68
07:46:21,"[138.54, 50]","[136.1, 31]","[146.75, 8]","[149.0, 8]",142.64,97,8.21,0.67
07:46:22,"[144.0, 6]","[138.0, 66]","[145.33, 6]","[149.0, 6]",144.67,84,1.33,0.71
07:46:23,"[138.51, 35]","[130.75, 40]","[144.07, 14]","[148.0, 10]",141.29,99,5.56,0.52
07:46:24,"[138.0, 21]","[112.0, 7]","[142.18, 11]","[143.12, 17]",140.09,56,4.18,0.0
07:46:25,"[138.0, 20]","[110.0, 8]","[140.17, 18]","[142.29, 14]",139.08,60,2.17,-0.07
07:46:26,"[138.0, 12]","[104.0, 6]","[139.67, 18]","[141.0, 6]",138.83,42,1.67,-0.14
07:46:27,"[62.59, 44]","[47.0, 13]","[140.11, 9]","[161.36, 11]",101.35,77,77.52,0.48
07:46:28,"[48.67, 21]","[26.2, 5]","[132.2, 25]","[136.2, 15]",90.43,66,83.53,-0.21
07:46:29,"[91.43, 42]","[55.78, 18]","[134.15, 26]","[138.6, 10]",112.79,96,42.73,0.25
07:46:30,"[96.38, 8]","[53.0, 4]","[140.88, 8]","[194.0, 8]",118.62,28,44.5,-0.14
07:46:31,"[86.11, 9]","[54.0, 12]","[138.0, 7]","[171.0, 35]",112.06,63,51.89,-0.33
07:46:32,"[129.0, 20]","[107.82, 17]","[230.92, 12]","[345.08, 12]",179.96,61,101.92,0.21
07:46:33,"[146.0, 3]","[126.0, 6]","[425.0, 3]","[651.0, 3]",285.5,15,279.0,0.2
07:46:34,"[146.0, 7]","[85.43, 14]","[224.2, 15]","[263.89, 27]",185.1,63,78.2,-0.33
07:46:35,"[143.22, 18]","[127.0, 32]","[158.0, 20]","[241.07, 30]",150.61,100,14.78,0.0
07:46:36,"[141.3, 50]","[126.38, 40]","[155.88, 32]","[188.79, 19]",148.59,141,14.57,0.28
07:46:37,"[144.0, 9]","[141.0, 45]","[153.29, 28]","[154.62, 26]",148.64,108,9.29,0.0
07:46:38,"[144.0, 13]","[141.05, 63]","[151.74, 46]","[153.04, 23]",147.87,145,7.74,0.05
07:46:39,"[141.9, 20]","[141.52, 23]","[147.9, 20]","[149.12, 34]",144.9,97,6.0,-0.11
07:46:40,"[141.0, 37]","[140.0, 10]","[145.33, 27]","[146.69, 26]",143.17,100,4.33,-0.06
07:46:41,"[140.78, 23]","[139.29, 21]","[142.55, 20]","[145.33, 39]",141.67,103,1.77,-0.15
07:46:42,"[139.0, 22]","[138.0, 34]","[140.22, 18]","[145.45, 29]",139.61,103,1.22,0.09
07:46:43,"[74.21, 71]","[83.01, 76]","[261.76, 34]","[299.29, 51]",167.99,232,187.55,0.27
07:46:44,"[85.0, 10]","[65.0, 75]","[174.9, 21]","[377.1, 21]",129.95,127,89.9,0.34
07:46:45,"[87.55, 33]","[74.18, 61]","[130.0, 18]","[135.0, 55]",108.77,167,42.45,0.13
07:46:46,"[99.15, 61]","[74.51, 119]","[130.73, 11]","[134.93, 54]",114.94,245,31.58,0.47
07:46:47,"[88.0, 24]","[66.0, 80]","[415.06, 33]","[685.59, 37]",251.53,174,327.06,0.2
07:46:48,"[116.67, 9]","[87.64, 28]","[175.5, 20]","[496.9, 29]",146.08,86,58.83,-0.14
07:46:49,"[104.68, 72]","[92.45, 64]","[147.17, 46]","[206.48, 54]",125.93,236,42.49,0.15
07:46:50,"[118.16, 25]","[97.0, 20]","[232.28, 39]","[436.13, 23]",175.22,107,114.12,-0.16
07:46:51,"[120.0, 30]","[118.0, 45]","[331.3, 47]","[580.38, 52]",225.65,174,211.3,-0.14
07:46:52,"[131.09, 46]","[77.47, 75]","[209.62, 65]","[280.67, 43]",170.35,229,78.53,0.06
07:46:53,"[145.17, 36]","[140.0, 38]","[349.0, 35]","[609.43, 14]",247.08,123,203.83,0.2
07:46:54,"[146.0, 45]","[141.54, 26]","[274.78, 45]","[511.0, 18]",210.39,134,128.78,0.06
07:46:55,"[146.0, 50]","[142.0, 20]","[182.0, 50]","[313.2, 20]",164.0,140,36.0,0.0
07:46:56,"[146.0, 55]","[142.0, 22]","[269.37, 30]","[494.23, 13]",207.68,120,123.37,0.28
07:46:57,"[146.0, 40]","[142.0, 16]","[238.78, 9]","[323.27, 11]",192.39,76,92.78,0.47
07:46:58,"[146.0, 35]","[142.0, 14]","[293.0, 8]","[468.83, 12]",219.5,69,147.0,0.42
07:46:59,"[146.0, 35]","[142.0, 14]","[374.39, 28]","[412.19, 16]",260.2,93,228.39,0.05
07:47:00,"[146.0, 70]","[143.46, 37]","[243.5, 70]","[245.0, 28]",194.75,205,97.5,0.04
07:47:01,"[146.0, 65]","[144.0, 39]","[242.72, 53]","[256.79, 29]",194.36,186,96.72,0.12
07:47:02,"[146.0, 55]","[144.19, 37]","[240.37, 19]","[245.94, 49]",193.18,160,94.37,0.15
07:47:03,"[146.0, 54]","[144.0, 43]","[238.53, 32]","[243.51, 41]",192.27,170,92.53,0.14
07:47:04,"[146.0, 36]","[144.0, 48]","[230.12, 41]","[235.48, 42]",188.06,167,84.12,0.01
07:47:05,"[145.18, 39]","[142.66, 70]","[226.12, 66]","[228.01, 69]",185.65,244,80.94,-0.11
07:47:06,"[142.0, 22]","[141.0, 143]","[223.31, 51]","[224.42, 48]",182.66,264,81.31,0.25
07:47:07,"[145.89, 45]","[141.13, 75]","[207.2, 46]","[219.19, 26]",176.54,192,61.31,0.25
07:47:08,"[142.0, 26]","[141.0, 151]","[192.76, 42]","[207.73, 55]",167.38,274,50.76,0.29
07:47:09,"[143.38, 52]","[141.17, 70]","[198.0, 56]","[199.0, 70]",170.69,248,54.62,-0.02
07:47:10,"[144.0, 66]","[142.0, 22]","[167.78, 49]","[172.43, 28]",155.89,165,23.78,0.07
07:47:11,"[144.0, 36]","[142.0, 20]","[165.65, 46]","[166.55, 44]",154.83,146,21.65,-0.23
07:47:12,"[144.0, 42]","[142.0, 28]","[162.84, 62]","[164.39, 64]",153.42,196,18.84,-0.29
07:47:13,"[144.0, 35]","[142.0, 20]","[160.12, 43]","[161.09, 47]",152.06,145,16.12,-0.24
07:47:14,"[144.0, 40]","[142.0, 20]","[155.96, 49]","[157.38, 48]",149.98,157,11.96,-0.24
07:47:15,"[142.94, 34]","[141.1, 80]","[150.08, 61]","[151.7, 57]",146.51,232,7.14,-0.02
07:47:16,"[142.0, 26]","[141.0, 104]","[145.97, 58]","[147.52, 56]",143.98,244,3.97,0.07
07:47:17,"[140.7, 82]","[139.65, 69]","[177.38, 42]","[205.51, 43]",159.04,236,36.69,0.28
07:47:18,"[140.0, 46]","[139.0, 68]","[200.95, 38]","[306.57, 21]",170.47,173,60.95,0.32
07:47:19,"[140.02, 173]","[139.21, 66]","[174.39, 23]","[220.49, 37]",157.2,299,34.37,0.6
07:47:20,"[140.16, 150]","[139.76, 148]","[170.88, 25]","[172.39, 31]",155.52,354,30.72,0.68
07:47:21,"[140.0, 165]","[139.0, 52]","[166.9, 40]","[167.68, 31]",153.45,288,26.9,0.51
07:47:22,"[140.24, 75]","[139.45, 66]","[163.82, 57]","[164.75, 32]",152.03,230,23.58,0.23
07:47:23,"[141.0, 43]","[140.0, 45]","[159.36, 22]","[160.76, 21]",150.18,131,18.36,0.34
07:47:24,"[141.0, 50]","[140.0, 55]","[154.52, 27]","[157.47, 15]",147.76,147,13.52,0.43
07:47:25,"[141.0, 49]","[140.0, 35]","[155.43, 28]","[157.0, 14]",148.21,126,14.43,0.33
07:47:26,"[143.43, 46]","[140.08, 49]","[152.93, 30]","[153.61, 36]",148.18,161,9.5,0.18
07:47:27,"[143.0, 28]","[140.05, 37]","[150.77, 26]","[151.8, 30]",146.88,121,7.77,0.07
07:47:28,"[141.0, 16]","[140.0, 40]","[148.12, 34]","[149.4, 20]",144.56,110,7.12,0.02
07:47:29,"[141.74, 46]","[140.4, 50]","[146.57, 47]","[147.34, 61]",144.16,204,4.84,-0.06
07:47:30,"[141.77, 35]","[140.47, 38]","[144.11, 36]","[144.72, 29]",142.94,138,2.34,0.06
07:47:31,"[140.19, 31]","[139.43, 35]","[141.58, 12]","[417.84, 19]",140.89,97,1.39,0.36
07:47:32,"[139.0, 28]","[138.0, 28]","[291.44, 16]","[405.6, 15]",215.22,87,152.44,0.29
07:47:33,"[144.41, 17]","[142.33, 24]","[495.6, 15]","[540.8, 15]",320.01,71,351.19,0.15
07:47:34,"[143.0, 27]","[139.0, 28]","[440.57, 21]","[502.6, 20]",291.79,96,297.57,0.15
07:47:35,"[143.0, 14]","[139.0, 28]","[438.14, 21]","[595.0, 21]",290.57,84,295.14,0.0
07:47:36,"[143.0, 16]","[139.0, 44]","[205.0, 24]","[389.25, 24]",174.0,108,62.0,0.11
07:47:37,"[143.0, 12]","[139.0, 48]","[206.67, 18]","[317.5, 18]",174.83,96,63.67,0.25
07:47:38,"[143.0, 16]","[139.0, 64]","[204.38, 24]","[403.38, 24]",173.69,128,61.38,0.25
07:47:39,"[143.0, 18]","[139.2, 50]","[308.0, 30]","[501.2, 30]",225.5,128,165.0,0.06
07:47:40,"[139.06, 70]","[138.1, 40]","[334.93, 45]","[385.5, 36]",237.0,191,195.88,0.15
07:47:41,"[139.0, 27]","[138.0, 40]","[313.0, 20]","[314.0, 15]",226.0,102,174.0,0.31
07:47:42,"[139.0, 49]","[137.93, 41]","[312.57, 28]","[354.0, 21]",225.79,139,173.57,0.29
07:47:43,"[139.0, 98]","[137.0, 108]","[307.13, 39]","[332.82, 49]",223.06,294,168.13,0.4
07:47:44,"[139.0, 63]","[137.0, 81]","[260.7, 33]","[263.69, 26]",199.85,203,121.7,0.42
07:47:45,"[139.0, 63]","[137.0, 81]","[244.28, 39]","[246.0, 40]",191.64,223,105.28,0.29
07:47:46,"[139.0, 98]","[137.0, 126]","[239.32, 50]","[242.46, 56]",189.16,330,100.32,0.36
07:47:47,"[139.99, 122]","[138.02, 64]","[230.06, 63]","[231.77, 70]",185.03,319,90.07,0.17
07:47:48,"[143.0, 30]","[140.97, 29]","[224.92, 36]","[225.41, 39]",183.96,134,81.92,-0.12
07:47:49,"[143.0, 38]","[141.0, 28]","[218.86, 22]","[220.04, 27]",180.93,115,75.86,0.15
07:47:50,"[143.0, 47]","[141.0, 28]","[202.29, 31]","[215.41, 22]",172.65,128,59.29,0.17
07:47:51,"[142.25, 12]","[140.09, 33]","[205.96, 23]","[208.83, 23]",174.1,91,63.71,-0.01
07:47:52,"[140.0, 9]","[139.0, 45]","[203.83, 23]","[204.71, 21]",171.91,98,63.83,0.1
07:47:53,"[140.0, 7]","[139.0, 35]","[200.45, 11]","[202.58, 19]",170.23,72,60.45,0.17
07:47:54,"[140.0, 14]","[139.0, 70]","[196.36, 45]","[198.11, 37]",168.18,166,56.36,0.01
07:47:55,"[139.38, 24]","[138.83, 54]","[193.0, 22]","[193.81, 42]",166.19,142,53.62,0.1
07:47:56,"[138.0, 45]","[137.0, 120]","[187.76, 38]","[188.54, 35]",162.88,238,49.76,0.39
07:47:57,"[138.0, 27]","[137.0, 72]","[183.86, 21]","[184.63, 41]",160.93,161,45.86,0.23
07:47:58,"[138.0, 27]","[137.0, 72]","[178.29, 35]","[180.35, 23]",158.14,157,40.29,0.26
07:47:59,"[139.0, 45]","[138.0, 27]","[174.91, 23]","[176.82, 22]",156.96,117,35.91,0.23
07:48:00,"[139.0, 45]","[138.0, 30]","[171.67, 18]","[172.31, 26]",155.33,119,32.67,0.26
07:48:01,"[142.27, 66]","[138.8, 45]","[169.92, 26]","[171.16, 38]",156.1,175,27.65,0.27
07:48:02,"[143.94, 35]","[142.22, 82]","[165.44, 34]","[167.38, 40]",154.69,191,21.5,0.23
07:48:03,"[143.04, 71]","[140.12, 149]","[159.92, 36]","[161.58, 26]",151.48,282,16.87,0.56
07:48:04,"[144.88, 128]","[141.94, 62]","[157.46, 48]","[158.53, 30]",151.17,268,12.58,0.42
07:48:05,"[145.0, 149]","[143.0, 52]","[152.95, 58]","[153.92, 61]",148.97,320,7.95,0.26
07:48:06,"[145.0, 90]","[142.28, 46]","[148.7, 20]","[151.0, 30]",146.85,186,3.7,0.46
07:48:07,"[145.0, 43]","[143.0, 28]","[147.06, 32]","[148.6, 15]",146.03,118,2.06,0.2
07:48:08,"[144.2, 30]","[142.78, 27]","[146.12, 41]","[163.91, 44]",145.16,142,1.92,-0.2
07:48:09,"[142.9, 41]","[140.31, 32]","[144.56, 39]","[146.29, 51]",143.73,163,1.66,-0.1
07:48:10,"[139.95, 74]","[139.21, 91]","[141.82, 28]","[181.67, 36]",140.88,229,1.88,0.44
07:48:11,"[139.75, 24]","[138.95, 57]","[142.08, 12]","[221.48, 31]",140.92,124,2.33,0.31
07:48:12,"[139.0, 28]","[138.0, 12]","[140.5, 4]","[217.75, 12]",139.75,56,1.5,0.43
07:48:13,"[139.0, 33]","[138.0, 18]","[167.11, 18]","[336.0, 21]",153.06,90,28.11,0.13
07:48:14,"[139.0, 10]","[138.0, 15]","[154.53, 17]","[341.4, 10]",146.76,52,15.53,-0.04
07:48:15,"[138.6, 30]","[137.29, 41]","[154.0, 32]","[155.0, 8]",146.3,111,15.4,0.28
07:48:16,"[139.0, 42]","[138.0, 18]","[153.11, 9]","[154.05, 21]",146.06,90,14.11,0.33
07:48:17,"[139.0, 29]","[138.0, 21]","[152.0, 7]","[154.0, 28]",145.5,85,13.0,0.18
07:48:18,"[139.0, 15]","[138.0, 15]","[150.82, 17]","[153.0, 8]",144.91,55,11.82,0.09
07:48:19,"[139.0, 21]","[138.0, 21]","[149.14, 28]","[152.0, 7]",144.07,77,10.14,0.09
07:48:20,"[139.0, 27]","[137.6, 30]","[148.2, 30]","[149.87, 15]",143.6,102,9.2,0.12
07:48:21,"[140.67, 18]","[137.96, 23]","[146.0, 7]","[147.4, 10]",143.33,58,5.33,0.41
07:48:22,"[142.0, 9]","[140.0, 15]","[147.4, 15]","[191.0, 24]",144.7,63,5.4,-0.24
07:48:23,"[140.8, 15]","[139.86, 21]","[146.57, 28]","[234.0, 28]",143.69,92,5.77,-0.22
07:48:24,"[144.5, 24]","[141.8, 15]","[146.0, 20]","[255.4, 20]",145.25,79,1.5,-0.01
07:48:25,"[142.64, 14]","[140.0, 21]","[146.0, 28]","[331.59, 37]",144.32,100,3.36,-0.3
07:48:26,"[139.6, 10]","[138.75, 24]","[144.25, 32]","[254.0, 32]",141.93,98,4.65,-0.31
07:48:27,"[138.57, 14]","[137.22, 55]","[144.0, 40]","[343.0, 33]",141.29,142,5.43,-0.03
07:48:28,"[137.06, 32]","[116.76, 29]","[144.0, 28]","[388.14, 21]",140.53,110,6.94,0.11
07:48:29,"[137.5, 36]","[121.38, 32]","[142.43, 28]","[151.73, 22]",139.96,118,4.93,0.15
07:48:30,"[138.2, 40]","[126.74, 57]","[168.24, 41]","[275.47, 45]",153.22,183,30.04,0.06
07:48:31,"[139.0, 18]","[137.0, 36]","[189.0, 24]","[370.38, 24]",164.0,102,50.0,0.06
07:48:32,"[138.64, 33]","[135.0, 57]","[187.67, 24]","[222.47, 38]",163.15,152,49.03,0.18
07:48:33,"[137.57, 88]","[122.94, 67]","[186.0, 30]","[200.67, 60]",161.78,245,48.43,0.27
07:48:34,"[141.94, 32]","[139.0, 18]","[186.0, 16]","[231.69, 26]",163.97,92,44.06,0.09
07:48:35,"[141.0, 7]","[139.0, 21]","[186.0, 14]","[242.86, 28]",163.5,70,45.0,-0.2
07:48:36,"[141.0, 5]","[139.0, 15]","[166.5, 12]","[228.0, 16]",153.75,48,25.5,-0.17
07:48:37,"[141.0, 31]","[139.0, 21]","[146.41, 17]","[160.0, 18]",143.71,87,5.41,0.2
07:48:38,"[141.0, 60]","[139.0, 60]","[143.58, 24]","[186.0, 24]",142.29,168,2.58,0.43
07:48:39,"[141.0, 18]","[139.0, 48]","[142.0, 16]","[295.43, 23]",141.5,105,1.0,0.26
07:48:40,"[139.32, 38]","[137.67, 54]","[194.5, 36]","[249.92, 39]",166.91,167,55.18,0.1
07:48:41,"[139.0, 12]","[137.67, 54]","[228.22, 23]","[335.2, 15]",183.61,104,89.22,0.27
07:48:42,"[139.0, 14]","[138.0, 84]","[148.0, 21]","[278.0, 28]",143.5,147,9.0,0.33
07:48:43,"[139.0, 27]","[138.0, 132]","[148.0, 33]","[272.74, 38]",143.5,230,9.0,0.38
07:48:44,"[139.38, 39]","[138.1, 80]","[150.61, 23]","[247.87, 15]",145.0,157,11.22,0.52
07:48:45,"[139.5, 44]","[137.93, 56]","[297.21, 24]","[322.36, 33]",218.35,157,157.71,0.27
07:48:46,"[138.0, 57]","[137.0, 48]","[253.11, 27]","[308.38, 29]",195.56,161,115.11,0.3
07:48:47,"[138.0, 57]","[137.0, 102]","[307.86, 49]","[397.76, 50]",222.93,258,169.86,0.23
07:48:48,"[138.0, 24]","[137.0, 48]","[370.82, 22]","[373.44, 9]",254.41,103,232.82,0.4
07:48:49,"[141.0, 10]","[138.0, 30]","[367.94, 16]","[368.62, 24]",254.47,80,226.94,0.0
07:48:50,"[141.0, 12]","[138.0, 36]","[227.28, 29]","[325.42, 26]",184.14,103,86.28,-0.07
07:48:51,"[140.06, 33]","[137.66, 35]","[271.1, 20]","[367.72, 25]",205.58,113,131.04,0.2
07:48:52,"[140.0, 30]","[138.29, 7]","[366.17, 6]","[368.0, 18]",253.08,61,226.17,0.21
