Time,Bid1,Bid2,Ask1,Ask2,Mid-Price,Total_volume,Bid_ask_spread,Order_imbalance
07:30:00,"[0, 0]","[0, 0]","[0, 0]","[0, 0]",0.0,0,0.0,0.0
07:30:01,"[208.0, 1]","[0, 0]","[0, 0]","[0, 0]",104.0,1,-208.0,1.0
07:30:02,"[219.25, 12]","[185.5, 4]","[647.0, 2]","[0, 0]",433.12,18,427.75,0.78
07:30:03,"[258.67, 9]","[178.0, 3]","[647.0, 3]","[0, 0]",452.83,15,388.33,0.6
07:30:04,"[284.5, 18]","[283.0, 12]","[584.5, 8]","[647.0, 1]",434.5,39,300.0,0.54
07:30:05,"[301.2, 40]","[291.48, 33]","[547.0, 30]","[638.33, 6]",424.1,109,245.8,0.34
07:30:06,"[304.0, 30]","[300.0, 35]","[540.71, 17]","[617.69, 13]",422.35,95,236.71,0.37
07:30:07,"[304.0, 24]","[300.0, 28]","[346.0, 4]","[592.5, 20]",325.0,76,42.0,0.37
07:30:08,"[304.0, 60]","[301.59, 34]","[346.0, 16]","[552.0, 50]",325.0,160,42.0,0.17
07:30:09,"[304.0, 25]","[302.0, 15]","[346.0, 5]","[475.79, 19]",325.0,64,42.0,0.25
07:30:10,"[304.0, 7]","[302.0, 21]","[344.74, 19]","[365.76, 17]",324.37,64,40.74,-0.12
07:30:11,"[300.08, 49]","[299.82, 11]","[321.56, 27]","[330.78, 27]",310.82,114,21.47,0.05
07:30:12,"[300.0, 54]","[299.0, 9]","[302.0, 35]","[302.65, 37]",301.0,135,2.0,-0.07
07:30:13,"[299.82, 17]","[298.18, 22]","[300.86, 21]","[304.64, 25]",300.34,85,1.03,-0.08
07:30:14,"[298.04, 47]","[296.46, 52]","[302.0, 32]","[307.92, 36]",300.02,167,3.96,0.19
07:30:15,"[298.0, 7]","[296.0, 28]","[308.0, 21]","[313.0, 21]",303.0,77,10.0,-0.09
07:30:16,"[298.0, 7]","[296.0, 28]","[308.0, 21]","[313.0, 21]",303.0,77,10.0,-0.09
07:30:17,"[298.0, 6]","[296.0, 24]","[310.0, 18]","[313.0, 18]",304.0,66,12.0,-0.09
07:30:18,"[298.0, 6]","[296.0, 24]","[312.0, 18]","[313.0, 18]",305.0,66,14.0,-0.09
07:30:19,"[294.18, 22]","[291.55, 11]","[312.0, 24]","[313.0, 24]",303.09,81,17.82,-0.19
07:30:20,"[293.19, 16]","[290.43, 21]","[312.0, 33]","[346.53, 51]",302.59,121,18.81,-0.39
07:30:21,"[268.67, 15]","[256.38, 37]","[312.0, 21]","[355.0, 35]",290.33,108,43.33,-0.04
07:30:22,"[266.0, 65]","[238.0, 78]","[312.0, 39]","[327.62, 13]",289.0,195,46.0,0.47
07:30:23,"[266.0, 40]","[238.0, 48]","[309.5, 24]","[311.88, 16]",287.75,128,43.5,0.38
07:30:24,"[269.91, 46]","[242.64, 56]","[303.0, 36]","[311.0, 30]",286.46,168,33.09,0.21
07:30:25,"[296.0, 39]","[278.0, 48]","[303.0, 52]","[311.0, 39]",299.5,178,7.0,-0.02
07:30:26,"[296.5, 18]","[292.73, 33]","[302.03, 37]","[303.62, 39]",299.26,127,5.53,-0.2
07:30:27,"[278.12, 32]","[279.82, 44]","[302.0, 30]","[303.5, 20]",290.06,126,23.88,0.21
07:30:28,"[275.0, 48]","[273.0, 40]","[290.4, 20]","[302.64, 14]",282.7,122,15.4,0.44
07:30:29,"[275.0, 30]","[273.0, 25]","[285.0, 10]","[294.86, 7]",280.0,72,10.0,0.53
07:30:30,"[275.0, 42]","[273.0, 35]","[285.86, 14]","[291.69, 13]",280.43,104,10.86,0.48
07:30:31,"[286.0, 35]","[275.0, 62]","[291.0, 14]","[300.0, 7]",288.5,118,5.0,0.64
07:30:32,"[286.0, 40]","[275.0, 88]","[288.6, 15]","[293.08, 13]",287.3,156,2.6,0.64
07:30:33,"[286.0, 30]","[275.73, 41]","[287.0, 6]","[291.0, 12]",286.5,89,1.0,0.6
07:30:34,"[286.0, 30]","[276.0, 36]","[287.0, 6]","[288.6, 20]",286.5,92,1.0,0.43
07:30:35,"[286.35, 78]","[276.38, 92]","[296.44, 25]","[301.3, 30]",291.39,225,10.09,0.51
07:30:36,"[286.0, 60]","[273.75, 48]","[295.83, 12]","[296.83, 12]",290.92,132,9.83,0.64
07:30:37,"[285.75, 80]","[274.69, 16]","[294.12, 16]","[295.5, 16]",289.94,128,8.38,0.5
07:30:38,"[285.0, 60]","[276.0, 12]","[292.33, 12]","[294.5, 12]",288.67,96,7.33,0.5
07:30:39,"[285.0, 60]","[276.0, 12]","[292.0, 12]","[293.0, 12]",288.5,96,7.0,0.5
07:30:40,"[285.0, 45]","[276.0, 9]","[290.78, 9]","[292.91, 11]",287.89,74,5.78,0.46
07:30:41,"[285.91, 56]","[284.05, 64]","[289.06, 16]","[292.0, 32]",287.49,168,3.15,0.43
07:30:42,"[282.33, 45]","[279.23, 31]","[291.06, 17]","[292.75, 16]",286.7,109,8.73,0.39
07:30:43,"[280.0, 70]","[277.0, 14]","[291.73, 22]","[292.8, 20]",285.86,126,11.73,0.33
07:30:44,"[280.0, 55]","[277.0, 11]","[296.71, 21]","[298.88, 32]",288.36,119,16.71,0.11
07:30:45,"[280.67, 30]","[279.6, 52]","[295.8, 44]","[301.3, 46]",288.23,172,15.13,-0.05
07:30:46,"[282.0, 24]","[279.13, 47]","[293.0, 55]","[297.0, 44]",287.5,170,11.0,-0.16
07:30:47,"[284.0, 20]","[279.3, 40]","[293.0, 50]","[297.0, 40]",288.5,150,9.0,-0.2
07:30:48,"[285.0, 18]","[279.25, 24]","[293.0, 45]","[297.0, 36]",289.0,123,8.0,-0.32
07:30:49,"[285.83, 36]","[280.0, 18]","[292.9, 78]","[295.78, 73]",289.37,205,7.06,-0.47
07:30:50,"[287.71, 14]","[279.71, 7]","[293.0, 23]","[296.0, 21]",290.36,65,5.29,-0.35
07:30:51,"[288.58, 24]","[278.5, 12]","[293.43, 37]","[305.42, 36]",291.01,109,4.85,-0.34
07:30:52,"[280.2, 10]","[275.07, 41]","[292.45, 22]","[328.76, 33]",286.33,106,12.25,-0.04
07:30:53,"[278.0, 8]","[277.0, 32]","[292.0, 12]","[297.33, 36]",285.0,88,14.0,-0.09
07:30:54,"[294.39, 56]","[277.12, 32]","[296.86, 49]","[407.6, 40]",295.62,177,2.46,-0.01
07:30:55,"[289.56, 75]","[277.72, 128]","[317.77, 40]","[357.4, 35]",303.67,278,28.21,0.46
07:30:56,"[278.0, 84]","[276.0, 28]","[295.71, 14]","[340.76, 17]",286.86,143,17.71,0.57
07:30:57,"[279.72, 144]","[278.47, 90]","[294.64, 28]","[295.64, 28]",287.18,290,14.92,0.61
07:30:58,"[280.0, 154]","[278.42, 48]","[294.0, 22]","[295.0, 22]",287.0,246,14.0,0.64
07:30:59,"[281.74, 190]","[280.6, 94]","[291.7, 40]","[294.17, 41]",286.72,365,9.96,0.56
07:31:00,"[284.78, 69]","[283.21, 38]","[287.98, 58]","[292.68, 50]",286.38,215,3.2,-0.0
07:31:01,"[285.68, 38]","[284.79, 58]","[287.0, 38]","[291.38, 48]",286.34,182,1.32,0.05
07:31:02,"[285.27, 33]","[281.0, 60]","[287.0, 15]","[291.0, 45]",286.14,153,1.73,0.22
07:31:03,"[285.53, 17]","[282.23, 52]","[289.43, 23]","[291.15, 41]",287.48,133,3.91,0.04
07:31:04,"[286.05, 81]","[282.49, 97]","[291.0, 98]","[292.0, 42]",288.52,318,4.95,0.12
07:31:05,"[287.49, 67]","[284.37, 117]","[291.4, 101]","[294.31, 59]",289.44,344,3.9,0.07
07:31:06,"[291.16, 73]","[287.19, 89]","[294.82, 73]","[295.6, 60]",292.99,295,3.66,0.1
07:31:07,"[292.0, 18]","[291.0, 30]","[293.0, 6]","[299.0, 12]",292.5,66,1.0,0.45
07:31:08,"[292.5, 30]","[285.79, 43]","[299.0, 20]","[302.0, 50]",295.75,143,6.5,0.02
07:31:09,"[293.76, 29]","[284.15, 39]","[299.0, 20]","[302.0, 50]",296.38,138,5.24,-0.01
07:31:10,"[295.44, 18]","[294.0, 27]","[299.0, 18]","[302.0, 45]",297.22,108,3.56,-0.17
07:31:11,"[296.0, 24]","[294.0, 36]","[298.07, 54]","[300.0, 30]",297.04,144,2.07,-0.17
07:31:12,"[296.9, 42]","[293.31, 39]","[298.09, 66]","[300.54, 39]",297.5,186,1.19,-0.13
07:31:13,"[289.41, 39]","[284.28, 61]","[295.0, 24]","[302.16, 38]",292.21,162,5.59,0.23
07:31:14,"[285.0, 36]","[281.0, 92]","[294.23, 31]","[348.28, 32]",289.61,191,9.23,0.34
07:31:15,"[290.5, 24]","[283.67, 72]","[300.29, 68]","[354.83, 71]",295.4,235,9.79,-0.18
07:31:16,"[296.0, 15]","[286.0, 60]","[297.87, 60]","[304.6, 75]",296.93,210,1.87,-0.29
07:31:17,"[283.89, 74]","[280.25, 178]","[296.74, 27]","[299.5, 48]",290.32,327,12.85,0.54
07:31:18,"[280.56, 216]","[246.95, 148]","[290.38, 24]","[299.8, 41]",285.47,429,9.82,0.7
07:31:19,"[280.0, 180]","[279.0, 120]","[289.41, 49]","[294.5, 26]",284.7,375,9.41,0.6
07:31:20,"[279.41, 118]","[277.42, 53]","[290.09, 33]","[297.33, 48]",284.75,252,10.68,0.36
07:31:21,"[279.0, 165]","[275.0, 33]","[294.05, 19]","[299.65, 46]",286.53,263,15.05,0.51
07:31:22,"[280.74, 93]","[278.82, 102]","[296.65, 23]","[300.05, 59]",288.7,277,15.91,0.41
07:31:23,"[291.35, 23]","[282.86, 56]","[299.3, 40]","[300.21, 71]",295.32,190,7.95,-0.17
07:31:24,"[295.0, 14]","[294.0, 14]","[299.0, 28]","[300.0, 71]",297.0,127,4.0,-0.56
07:31:25,"[296.64, 11]","[294.38, 8]","[299.88, 51]","[316.88, 32]",298.26,102,3.25,-0.63
07:31:26,"[296.0, 10]","[295.0, 10]","[300.0, 90]","[597.9, 10]",298.0,120,4.0,-0.67
07:31:27,"[294.36, 11]","[288.9, 20]","[300.0, 99]","[556.11, 37]",297.18,167,5.64,-0.63
07:31:28,"[294.0, 14]","[288.0, 28]","[300.0, 114]","[350.5, 64]",297.0,220,6.0,-0.62
07:31:29,"[294.0, 14]","[288.0, 28]","[300.0, 115]","[430.38, 21]",297.0,178,6.0,-0.53
07:31:30,"[294.0, 9]","[288.0, 18]","[300.0, 90]","[395.0, 18]",297.0,135,6.0,-0.6
07:31:31,"[289.56, 18]","[285.0, 32]","[299.68, 28]","[304.52, 84]",294.62,162,10.12,-0.38
07:31:32,"[286.29, 63]","[283.18, 102]","[294.74, 27]","[299.6, 113]",290.51,305,8.46,0.08
07:31:33,"[287.5, 42]","[282.13, 76]","[293.9, 49]","[294.31, 29]",290.7,196,6.4,0.2
07:31:34,"[288.83, 36]","[282.75, 12]","[292.08, 39]","[293.57, 21]",290.46,108,3.24,-0.11
07:31:35,"[289.0, 30]","[281.0, 10]","[291.86, 28]","[292.27, 22]",290.43,90,2.86,-0.11
07:31:36,"[288.74, 38]","[280.95, 38]","[291.0, 14]","[293.49, 61]",289.87,151,2.26,0.01
07:31:37,"[281.0, 142]","[280.0, 14]","[290.21, 14]","[296.33, 30]",285.61,200,9.21,0.56
07:31:38,"[281.0, 140]","[280.0, 14]","[289.0, 14]","[290.93, 14]",285.0,182,8.0,0.69
07:31:39,"[281.0, 120]","[280.0, 12]","[288.75, 12]","[290.0, 12]",284.88,156,7.75,0.69
07:31:40,"[283.58, 62]","[281.49, 69]","[288.0, 13]","[289.15, 13]",285.79,157,4.42,0.67
07:31:41,"[284.38, 29]","[283.81, 81]","[286.52, 25]","[288.71, 14]",285.45,149,2.14,0.48
07:31:42,"[283.35, 69]","[281.14, 29]","[286.0, 39]","[289.0, 16]",284.67,153,2.65,0.28
07:31:43,"[282.17, 60]","[277.89, 56]","[286.0, 33]","[289.71, 21]",284.08,170,3.83,0.36
07:31:44,"[277.0, 14]","[275.01, 144]","[286.19, 43]","[288.8, 45]",281.59,246,9.19,0.28
07:31:45,"[280.89, 27]","[275.04, 135]","[286.51, 35]","[287.62, 39]",283.7,236,5.63,0.37
07:31:46,"[277.08, 13]","[275.0, 141]","[285.46, 26]","[287.0, 26]",281.27,206,8.38,0.5
07:31:47,"[278.0, 10]","[274.93, 82]","[284.2, 20]","[287.0, 20]",281.1,132,6.2,0.39
07:31:48,"[278.0, 13]","[275.29, 34]","[284.0, 26]","[287.0, 26]",281.0,99,6.0,-0.05
07:31:49,"[278.0, 13]","[276.0, 52]","[284.0, 26]","[287.0, 70]",281.0,161,6.0,-0.19
07:31:50,"[280.0, 12]","[277.47, 15]","[284.0, 21]","[287.0, 72]",282.0,120,4.0,-0.55
07:31:51,"[278.04, 23]","[274.0, 56]","[286.32, 31]","[287.28, 58]",282.18,168,8.28,-0.06
07:31:52,"[278.31, 90]","[271.39, 31]","[287.0, 72]","[288.0, 48]",282.66,241,8.69,0.0
07:31:53,"[270.38, 53]","[268.5, 16]","[285.24, 50]","[287.11, 74]",277.81,193,14.86,-0.28
07:31:54,"[274.0, 50]","[270.3, 40]","[287.0, 30]","[288.0, 40]",280.5,160,13.0,0.12
07:31:55,"[274.0, 45]","[271.0, 36]","[287.0, 27]","[288.0, 36]",280.5,144,13.0,0.12
07:31:56,"[274.0, 40]","[271.0, 32]","[287.0, 24]","[288.0, 32]",280.5,128,13.0,0.12
07:31:57,"[274.96, 25]","[274.1, 40]","[287.0, 27]","[288.0, 36]",280.98,128,12.04,0.02
07:31:58,"[276.88, 32]","[275.3, 23]","[287.0, 33]","[288.0, 44]",281.94,132,10.12,-0.17
07:31:59,"[281.0, 51]","[279.79, 67]","[289.73, 66]","[290.97, 109]",285.36,293,8.73,-0.19
07:32:00,"[287.0, 42]","[285.87, 47]","[290.87, 61]","[291.97, 148]",288.93,298,3.87,-0.4
07:32:01,"[290.0, 44]","[288.38, 26]","[291.87, 75]","[293.82, 74]",290.93,219,1.87,-0.36
07:32:02,"[291.0, 36]","[289.0, 9]","[292.0, 43]","[295.67, 45]",291.5,133,1.0,-0.32
07:32:03,"[290.43, 14]","[279.0, 90]","[296.56, 62]","[345.4, 42]",293.5,208,6.14,0.0
07:32:04,"[292.08, 13]","[280.96, 69]","[295.09, 22]","[299.67, 49]",293.58,153,3.01,0.07
07:32:05,"[282.53, 34]","[281.12, 72]","[295.68, 25]","[301.85, 46]",289.1,177,13.15,0.2
07:32:06,"[280.0, 165]","[223.75, 53]","[295.17, 52]","[296.77, 39]",287.59,309,15.17,0.41
07:32:07,"[280.0, 160]","[189.55, 40]","[294.06, 50]","[295.56, 16]",287.03,266,14.06,0.5
07:32:08,"[280.32, 71]","[259.8, 131]","[293.82, 39]","[294.07, 60]",287.07,301,13.5,0.34
07:32:09,"[281.0, 28]","[279.6, 60]","[292.14, 7]","[294.0, 56]",286.57,151,11.14,0.17
07:32:10,"[281.33, 48]","[278.77, 43]","[286.38, 16]","[291.47, 73]",283.85,180,5.04,0.01
07:32:11,"[282.0, 32]","[281.0, 16]","[284.94, 64]","[286.0, 16]",283.47,128,2.94,-0.25
07:32:12,"[279.16, 56]","[277.89, 57]","[283.5, 32]","[286.33, 12]",281.33,157,4.34,0.44
07:32:13,"[279.78, 9]","[278.0, 36]","[286.0, 9]","[287.0, 9]",282.89,63,6.22,0.43
07:32:14,"[280.83, 12]","[278.0, 24]","[286.0, 12]","[287.0, 12]",283.42,60,5.17,0.2
07:32:15,"[281.82, 11]","[275.27, 22]","[286.0, 11]","[287.0, 11]",283.91,55,4.18,0.2
07:32:16,"[282.82, 11]","[275.0, 107]","[284.17, 35]","[286.27, 11]",283.49,164,1.35,0.44
07:32:17,"[275.19, 83]","[274.0, 36]","[284.0, 35]","[286.0, 11]",279.6,165,8.81,0.44
07:32:18,"[275.0, 90]","[273.0, 20]","[286.4, 10]","[290.71, 34]",280.7,154,11.4,0.43
07:32:19,"[275.0, 108]","[273.0, 24]","[286.0, 36]","[287.0, 12]",280.5,180,11.0,0.47
07:32:20,"[275.0, 90]","[273.0, 20]","[286.08, 26]","[287.86, 14]",280.54,150,11.08,0.47
07:32:21,"[275.45, 93]","[274.15, 47]","[287.0, 13]","[289.0, 39]",281.23,192,11.55,0.46
07:32:22,"[276.0, 126]","[273.07, 28]","[287.0, 14]","[289.0, 42]",281.5,210,11.0,0.47
07:32:23,"[276.0, 90]","[274.0, 20]","[287.0, 10]","[290.86, 29]",281.5,149,11.0,0.48
07:32:24,"[276.0, 72]","[274.0, 16]","[287.0, 8]","[291.61, 46]",281.5,142,11.0,0.24
07:32:25,"[276.0, 81]","[274.0, 18]","[290.76, 21]","[295.09, 54]",283.38,174,14.76,0.14
07:32:26,"[276.0, 81]","[274.0, 18]","[287.85, 13]","[290.94, 33]",281.92,145,11.85,0.37
07:32:27,"[276.0, 90]","[274.0, 20]","[286.0, 50]","[289.0, 10]",281.0,170,10.0,0.29
07:32:28,"[276.22, 69]","[274.88, 41]","[286.0, 45]","[289.0, 9]",281.11,164,9.78,0.34
07:32:29,"[277.5, 50]","[274.0, 110]","[286.0, 42]","[289.0, 10]",281.75,212,8.5,0.51
07:32:30,"[278.0, 55]","[274.36, 99]","[284.86, 37]","[286.38, 32]",281.43,223,6.86,0.38
07:32:31,"[278.94, 90]","[276.0, 162]","[284.0, 54]","[286.0, 144]",281.47,450,5.06,0.12
07:32:32,"[280.12, 34]","[277.08, 74]","[284.0, 30]","[286.0, 80]",282.06,218,3.88,-0.01
07:32:33,"[282.07, 28]","[280.25, 20]","[286.22, 27]","[286.28, 43]",284.15,118,4.15,-0.19
07:32:34,"[283.69, 29]","[282.92, 73]","[289.0, 52]","[290.0, 17]",286.34,171,5.31,0.19
07:32:35,"[285.84, 31]","[284.14, 35]","[289.0, 22]","[290.0, 11]",287.42,99,3.16,0.33
07:32:36,"[286.23, 52]","[282.43, 51]","[288.27, 48]","[290.82, 108]",287.25,259,2.04,-0.2
07:32:37,"[287.1, 10]","[280.0, 20]","[289.0, 10]","[291.0, 85]",288.05,125,1.9,-0.52
07:32:38,"[288.15, 20]","[276.0, 40]","[290.7, 74]","[291.19, 95]",289.43,229,2.55,-0.48
07:32:39,"[276.59, 29]","[272.53, 19]","[290.16, 61]","[291.05, 81]",283.38,190,13.58,-0.49
07:32:40,"[274.02, 43]","[271.53, 17]","[288.33, 43]","[290.25, 40]",281.17,143,14.3,-0.16
07:32:41,"[275.05, 41]","[274.22, 27]","[286.0, 17]","[288.0, 34]",280.52,119,10.95,0.14
07:32:42,"[276.95, 19]","[275.0, 27]","[284.9, 31]","[287.19, 31]",280.93,108,7.96,-0.15
07:32:43,"[279.58, 19]","[278.11, 19]","[284.21, 57]","[287.32, 95]",281.89,190,4.63,-0.6
07:32:44,"[282.43, 14]","[277.63, 19]","[284.0, 42]","[288.0, 74]",283.21,149,1.57,-0.56
07:32:45,"[283.0, 192]","[275.53, 17]","[284.0, 27]","[288.0, 68]",283.5,304,1.0,0.38
07:32:46,"[278.68, 50]","[268.83, 58]","[287.74, 46]","[288.73, 55]",283.21,209,9.06,0.03
07:32:47,"[272.78, 76]","[268.43, 69]","[287.0, 56]","[288.96, 133]",279.89,334,14.22,-0.13
07:32:48,"[275.56, 135]","[272.0, 45]","[288.33, 60]","[289.28, 58]",281.94,298,12.78,0.21
07:32:49,"[278.44, 125]","[277.77, 107]","[289.0, 150]","[291.0, 30]",283.72,412,10.56,0.13
07:32:50,"[284.94, 204]","[282.38, 92]","[289.0, 165]","[291.0, 40]",286.97,501,4.06,0.18
07:32:51,"[287.92, 61]","[287.0, 63]","[290.14, 36]","[291.9, 78]",289.03,238,2.22,0.04
07:32:52,"[290.56, 75]","[288.75, 73]","[291.96, 111]","[293.72, 99]",291.26,358,1.4,-0.17
07:32:53,"[291.0, 60]","[281.71, 76]","[292.0, 23]","[294.0, 60]",291.5,219,1.0,0.24
07:32:54,"[287.25, 56]","[278.16, 76]","[293.36, 22]","[329.98, 42]",290.31,196,6.11,0.35
07:32:55,"[281.0, 63]","[273.36, 33]","[292.34, 29]","[298.56, 41]",286.67,166,11.34,0.16
07:32:56,"[281.62, 84]","[280.16, 57]","[287.89, 18]","[292.6, 75]",284.75,234,6.27,0.21
07:32:57,"[283.0, 40]","[280.2, 70]","[290.24, 66]","[297.43, 49]",286.62,225,7.24,-0.02
07:32:58,"[283.64, 44]","[278.36, 77]","[289.89, 91]","[320.57, 53]",286.76,265,6.25,-0.09
07:32:59,"[284.11, 36]","[277.0, 63]","[289.0, 45]","[290.61, 41]",286.56,185,4.89,0.07
07:33:00,"[286.09, 44]","[276.18, 77]","[288.27, 55]","[291.0, 55]",287.18,231,2.18,0.05
07:33:01,"[277.19, 47]","[275.98, 49]","[288.0, 11]","[291.0, 55]",282.6,162,10.81,0.19
07:33:02,"[280.79, 38]","[279.91, 88]","[290.86, 14]","[292.55, 62]",285.82,202,10.07,0.25
07:33:03,"[283.82, 91]","[282.0, 50]","[293.12, 16]","[294.68, 57]",288.47,214,9.3,0.32
07:33:04,"[284.25, 65]","[283.6, 70]","[293.67, 36]","[309.64, 22]",288.96,193,9.42,0.4
07:33:05,"[286.9, 29]","[284.07, 86]","[291.69, 52]","[294.0, 26]",289.29,193,4.8,0.19
07:33:06,"[289.14, 70]","[287.74, 46]","[293.43, 56]","[297.78, 36]",291.29,208,4.29,0.12
07:33:07,"[291.6, 20]","[280.75, 208]","[300.0, 38]","[358.03, 64]",295.8,330,8.4,0.38
07:33:08,"[294.9, 29]","[293.37, 19]","[300.0, 32]","[316.74, 68]",297.45,148,5.1,-0.35
07:33:09,"[294.77, 13]","[287.0, 91]","[300.0, 26]","[302.0, 65]",297.38,195,5.23,0.07
07:33:10,"[296.86, 42]","[290.76, 90]","[300.0, 24]","[302.0, 60]",298.43,216,3.14,0.22
07:33:11,"[297.39, 18]","[296.29, 99]","[300.0, 14]","[302.0, 35]",298.69,166,2.61,0.41
07:33:12,"[299.0, 8]","[297.0, 96]","[300.0, 16]","[302.0, 40]",299.5,160,1.0,0.3
07:33:13,"[299.0, 10]","[297.0, 120]","[300.0, 20]","[302.0, 50]",299.5,200,1.0,0.3
07:33:14,"[297.25, 55]","[296.91, 88]","[300.0, 22]","[302.0, 55]",298.63,220,2.75,0.3
07:33:15,"[297.0, 120]","[295.0, 12]","[300.0, 24]","[302.0, 60]",298.5,216,3.0,0.22
07:33:16,"[297.0, 56]","[295.0, 11]","[300.0, 22]","[302.0, 55]",298.5,144,3.0,-0.07
07:33:17,"[297.0, 82]","[295.0, 11]","[299.06, 32]","[300.18, 56]",298.03,181,2.06,0.03
07:33:18,"[297.0, 128]","[295.0, 10]","[299.0, 30]","[300.0, 50]",298.0,218,2.0,0.27
07:33:19,"[297.0, 147]","[295.0, 13]","[299.2, 45]","[300.54, 56]",298.1,261,2.2,0.23
07:33:20,"[297.0, 126]","[295.0, 14]","[298.89, 61]","[301.27, 55]",297.94,256,1.89,0.09
07:33:21,"[296.85, 54]","[293.55, 22]","[298.0, 40]","[307.0, 70]",297.43,186,1.15,-0.18
07:33:22,"[295.31, 13]","[293.09, 46]","[297.46, 52]","[307.0, 83]",296.38,194,2.15,-0.39
07:33:23,"[293.86, 21]","[292.57, 42]","[299.72, 50]","[307.37, 60]",296.79,173,5.86,-0.27
07:33:24,"[287.75, 96]","[285.47, 47]","[307.05, 82]","[309.25, 48]",297.4,273,19.3,0.05
07:33:25,"[292.35, 46]","[287.88, 59]","[307.0, 77]","[311.0, 99]",299.67,281,14.65,-0.25
07:33:26,"[296.61, 75]","[290.36, 44]","[306.56, 62]","[309.22, 81]",301.59,262,9.95,-0.09
07:33:27,"[300.0, 86]","[296.0, 84]","[305.12, 58]","[307.94, 64]",302.56,292,5.12,0.16
07:33:28,"[300.0, 52]","[296.05, 74]","[303.08, 39]","[306.47, 60]",301.54,225,3.08,0.12
07:33:29,"[300.0, 32]","[298.25, 16]","[302.38, 24]","[306.77, 52]",301.19,124,2.38,-0.23
07:33:30,"[299.44, 18]","[298.29, 14]","[301.89, 19]","[305.56, 27]",300.67,78,2.45,-0.18
07:33:31,"[299.0, 18]","[298.0, 18]","[302.0, 27]","[305.11, 36]",300.5,99,3.0,-0.27
07:33:32,"[299.0, 24]","[298.0, 24]","[302.71, 35]","[305.59, 51]",300.86,134,3.71,-0.28
07:33:33,"[298.29, 14]","[296.12, 64]","[304.0, 12]","[306.43, 56]",301.14,146,5.71,0.07
07:33:34,"[298.0, 9]","[296.0, 54]","[303.0, 14]","[305.5, 18]",300.5,95,5.0,0.33
07:33:35,"[298.53, 15]","[296.17, 46]","[301.36, 11]","[303.0, 22]",299.95,94,2.83,0.3
07:33:36,"[299.05, 21]","[296.2, 60]","[302.0, 24]","[309.33, 63]",300.52,168,2.95,-0.04
07:33:37,"[298.64, 14]","[296.22, 54]","[301.43, 28]","[308.0, 56]",300.04,152,2.79,-0.11
07:33:38,"[296.0, 30]","[294.0, 40]","[301.0, 20]","[306.6, 40]",298.5,130,5.0,0.08
07:33:39,"[296.0, 14]","[294.0, 28]","[300.09, 23]","[306.0, 28]",298.04,93,4.09,-0.1
07:33:40,"[296.0, 15]","[294.0, 32]","[299.45, 22]","[301.85, 26]",297.73,95,3.45,-0.01
07:33:41,"[296.0, 9]","[294.0, 36]","[299.27, 30]","[304.15, 27]",297.63,102,3.27,-0.12
07:33:42,"[296.0, 10]","[294.0, 40]","[299.0, 50]","[307.67, 36]",297.5,136,3.0,-0.26
07:33:43,"[296.0, 10]","[294.0, 40]","[299.0, 50]","[309.0, 40]",297.5,140,3.0,-0.29
07:33:44,"[294.67, 21]","[290.11, 63]","[297.5, 70]","[309.0, 56]",296.08,210,2.83,-0.2
07:33:45,"[294.0, 22]","[287.0, 55]","[296.0, 55]","[310.09, 44]",295.0,176,2.0,-0.12
07:33:46,"[294.0, 24]","[287.0, 60]","[295.58, 60]","[310.29, 83]",294.79,227,1.58,-0.26
07:33:47,"[294.0, 26]","[287.0, 65]","[295.0, 65]","[308.21, 67]",294.5,223,1.0,-0.18
07:33:48,"[294.0, 22]","[287.0, 55]","[296.81, 53]","[307.65, 46]",295.41,176,2.81,-0.12
07:33:49,"[303.13, 23]","[292.16, 19]","[307.0, 32]","[310.0, 40]",305.07,114,3.87,-0.26
07:33:50,"[304.0, 37]","[296.0, 40]","[307.0, 52]","[310.0, 65]",305.5,194,3.0,-0.21
07:33:51,"[299.2, 25]","[296.67, 30]","[306.2, 40]","[309.76, 49]",302.7,144,7.0,-0.24
07:33:52,"[298.0, 46]","[294.0, 28]","[299.0, 56]","[306.86, 56]",298.5,186,1.0,-0.2
07:33:53,"[298.14, 14]","[296.0, 19]","[302.0, 28]","[307.71, 28]",300.07,89,3.86,-0.26
07:33:54,"[298.56, 16]","[296.8, 35]","[305.83, 58]","[309.43, 56]",302.2,165,7.27,-0.38
07:33:55,"[298.0, 9]","[296.0, 27]","[305.62, 32]","[309.11, 36]",301.81,104,7.62,-0.31
07:33:56,"[298.0, 13]","[296.0, 39]","[303.8, 45]","[308.86, 50]",300.9,147,5.8,-0.29
07:33:57,"[298.0, 16]","[296.0, 48]","[301.25, 48]","[311.8, 50]",299.62,162,3.25,-0.21
07:33:58,"[298.0, 12]","[296.0, 36]","[300.05, 58]","[301.57, 35]",299.03,141,2.05,-0.32
07:33:59,"[298.0, 11]","[296.0, 33]","[299.18, 55]","[301.0, 33]",298.59,132,1.18,-0.33
07:34:00,"[295.66, 29]","[287.02, 63]","[297.7, 61]","[307.3, 57]",296.68,210,2.05,-0.12
07:34:01,"[294.0, 12]","[287.0, 22]","[304.0, 51]","[310.18, 33]",299.0,118,10.0,-0.42
07:34:02,"[286.92, 50]","[283.62, 55]","[298.0, 75]","[309.0, 30]",292.46,210,11.08,0.0
07:34:03,"[287.0, 52]","[280.73, 33]","[292.29, 35]","[297.17, 29]",289.64,149,5.29,0.14
07:34:04,"[287.0, 40]","[284.0, 30]","[290.5, 20]","[298.71, 35]",288.75,125,3.5,0.12
07:34:05,"[288.0, 104]","[287.0, 52]","[295.5, 32]","[303.22, 73]",291.75,261,7.5,0.2
07:34:06,"[292.16, 100]","[286.71, 56]","[301.0, 50]","[310.0, 90]",296.58,296,8.84,0.05
07:34:07,"[296.0, 169]","[290.45, 44]","[301.0, 65]","[310.0, 117]",298.5,395,5.0,0.08
07:34:08,"[296.0, 65]","[291.0, 15]","[301.0, 25]","[310.0, 45]",298.5,150,5.0,0.07
07:34:09,"[296.0, 98]","[287.0, 60]","[301.0, 50]","[310.0, 90]",298.5,298,5.0,0.06
07:34:10,"[296.08, 78]","[288.97, 91]","[301.0, 55]","[310.0, 99]",298.54,323,4.92,0.05
07:34:11,"[297.0, 24]","[296.0, 108]","[301.0, 60]","[310.0, 108]",299.0,300,4.0,-0.12
07:34:12,"[297.0, 18]","[296.0, 81]","[300.85, 41]","[308.77, 73]",298.93,213,3.85,-0.07
07:34:13,"[297.0, 26]","[296.0, 117]","[299.67, 27]","[302.55, 53]",298.33,223,2.67,0.28
07:34:14,"[297.74, 27]","[296.11, 71]","[302.47, 53]","[306.65, 63]",300.11,214,4.73,-0.08
07:34:15,"[298.0, 15]","[297.0, 15]","[306.91, 55]","[308.17, 63]",302.45,148,8.91,-0.59
07:34:16,"[298.0, 13]","[297.0, 13]","[305.31, 13]","[307.0, 69]",301.65,108,7.31,-0.52
07:34:17,"[298.0, 14]","[297.0, 14]","[304.43, 14]","[307.0, 74]",301.21,116,6.43,-0.52
07:34:18,"[296.27, 60]","[293.6, 40]","[306.67, 18]","[308.26, 43]",301.47,161,10.4,0.24
07:34:19,"[303.84, 50]","[300.52, 46]","[308.0, 110]","[312.09, 44]",305.92,250,4.16,-0.23
07:34:20,"[304.0, 48]","[302.0, 48]","[308.0, 72]","[312.05, 38]",306.0,206,4.0,-0.07
07:34:21,"[304.0, 32]","[302.0, 32]","[308.0, 48]","[312.0, 16]",306.0,128,4.0,0.0
07:34:22,"[304.0, 48]","[302.0, 48]","[307.33, 54]","[308.96, 25]",305.67,175,3.33,0.1
07:34:23,"[304.0, 50]","[302.0, 56]","[305.57, 56]","[308.95, 58]",304.79,220,1.57,-0.04
07:34:24,"[304.0, 12]","[302.0, 48]","[305.0, 48]","[309.0, 60]",304.5,168,1.0,-0.29
07:34:25,"[301.78, 27]","[300.07, 45]","[304.08, 48]","[309.0, 60]",302.93,180,2.31,-0.2
07:34:26,"[299.1, 78]","[297.82, 68]","[301.14, 44]","[303.9, 20]",300.12,210,2.03,0.39
07:34:27,"[299.0, 61]","[297.0, 52]","[300.36, 14]","[312.03, 37]",299.68,164,1.36,0.38
07:34:28,"[299.0, 37]","[297.0, 44]","[311.82, 33]","[314.23, 52]",305.41,166,12.82,-0.02
07:34:29,"[299.0, 33]","[297.0, 44]","[311.33, 49]","[314.53, 53]",305.16,179,12.33,-0.14
07:34:30,"[299.26, 38]","[297.18, 44]","[307.42, 60]","[310.0, 48]",303.34,190,8.15,-0.14
07:34:31,"[300.39, 90]","[298.79, 38]","[306.11, 90]","[310.0, 72]",303.25,290,5.72,-0.12
07:34:32,"[301.0, 46]","[298.56, 72]","[305.18, 55]","[311.82, 44]",303.09,217,4.18,0.09
07:34:33,"[302.0, 26]","[299.0, 104]","[304.77, 65]","[312.46, 52]",303.38,247,2.77,0.05
07:34:34,"[302.0, 24]","[299.0, 96]","[303.25, 60]","[311.25, 48]",302.62,228,1.25,0.05
07:34:35,"[299.13, 93]","[297.67, 48]","[308.22, 41]","[312.1, 40]",303.67,222,9.09,0.27
07:34:36,"[299.0, 130]","[297.0, 40]","[308.1, 30]","[310.0, 40]",303.55,240,9.1,0.42
07:34:37,"[299.0, 91]","[297.0, 28]","[308.0, 21]","[310.86, 28]",303.5,168,9.0,0.42
07:34:38,"[299.0, 89]","[297.0, 36]","[308.0, 27]","[311.09, 44]",303.5,196,9.0,0.28
07:34:39,"[299.36, 44]","[298.86, 84]","[306.52, 46]","[308.84, 38]",302.94,212,7.16,0.21
07:34:40,"[299.0, 99]","[298.0, 33]","[305.3, 40]","[306.65, 37]",302.15,209,6.3,0.26
07:34:41,"[299.0, 117]","[298.0, 39]","[304.0, 52]","[305.0, 39]",301.5,247,5.0,0.26
07:34:42,"[299.0, 107]","[298.0, 45]","[302.2, 60]","[304.06, 51]",300.6,263,3.2,0.16
07:34:43,"[299.0, 45]","[298.0, 27]","[302.0, 36]","[305.0, 27]",300.5,135,3.0,0.07
07:34:44,"[299.0, 71]","[298.0, 48]","[300.68, 63]","[305.98, 55]",299.84,237,1.68,0.0
07:34:45,"[298.05, 38]","[297.06, 51]","[308.51, 45]","[310.5, 40]",303.28,174,10.46,0.02
07:34:46,"[298.0, 29]","[297.0, 44]","[309.0, 55]","[310.53, 17]",303.5,145,11.0,0.01
07:34:47,"[303.45, 22]","[297.83, 24]","[309.0, 55]","[311.0, 11]",306.23,112,5.55,-0.18
07:34:48,"[304.0, 28]","[298.88, 50]","[308.57, 70]","[312.55, 38]",306.29,186,4.57,-0.16
07:34:49,"[301.37, 38]","[298.78, 46]","[307.31, 65]","[312.25, 55]",304.34,204,5.94,-0.18
07:34:50,"[299.0, 44]","[298.0, 22]","[310.78, 41]","[313.13, 45]",304.89,152,11.78,-0.13
07:34:51,"[299.0, 48]","[298.0, 24]","[307.26, 46]","[309.42, 38]",303.13,156,8.26,-0.08
07:34:52,"[299.0, 17]","[298.0, 28]","[305.95, 38]","[306.93, 46]",302.47,129,6.95,-0.3
07:34:53,"[299.0, 18]","[297.59, 58]","[303.15, 39]","[305.0, 26]",301.08,141,4.15,0.08
07:34:54,"[299.0, 24]","[298.0, 144]","[303.0, 36]","[305.0, 24]",301.0,228,4.0,0.47
07:34:55,"[298.52, 50]","[297.95, 164]","[301.73, 33]","[304.65, 46]",300.12,293,3.21,0.46
07:34:56,"[298.0, 132]","[295.88, 64]","[302.45, 33]","[308.82, 44]",300.23,273,4.45,0.44
07:34:57,"[298.0, 136]","[296.0, 136]","[301.0, 51]","[311.8, 98]",299.5,421,3.0,0.29
07:34:58,"[298.36, 123]","[296.82, 136]","[302.38, 48]","[307.76, 63]",300.37,370,4.02,0.4
07:34:59,"[298.0, 80]","[296.0, 80]","[307.92, 36]","[312.44, 62]",302.96,258,9.92,0.24
07:35:00,"[298.87, 63]","[297.83, 96]","[311.93, 54]","[312.9, 100]",305.4,313,13.05,0.02
07:35:01,"[298.25, 119]","[296.38, 128]","[310.25, 32]","[312.05, 56]",304.25,335,12.0,0.47
07:35:02,"[299.43, 56]","[297.6, 80]","[309.15, 40]","[310.3, 20]",304.29,196,9.72,0.39
07:35:03,"[300.0, 85]","[298.0, 136]","[308.15, 54]","[309.11, 73]",304.07,348,8.15,0.27
07:35:04,"[300.0, 85]","[298.0, 136]","[304.76, 34]","[307.76, 58]",302.38,313,4.76,0.41
07:35:05,"[300.0, 86]","[298.0, 144]","[302.72, 36]","[305.3, 40]",301.36,306,2.72,0.5
07:35:06,"[299.67, 36]","[297.82, 88]","[304.0, 22]","[310.55, 44]",301.83,190,4.33,0.31
07:35:07,"[298.0, 42]","[296.0, 56]","[303.43, 14]","[312.54, 26]",300.71,138,5.43,0.42
07:35:08,"[298.0, 66]","[296.0, 88]","[301.36, 22]","[312.75, 71]",299.68,247,3.36,0.25
07:35:09,"[298.0, 60]","[296.0, 80]","[309.0, 36]","[313.88, 68]",303.5,244,11.0,0.15
07:35:10,"[298.0, 66]","[296.0, 88]","[311.93, 15]","[313.14, 51]",304.97,220,13.93,0.4
07:35:11,"[300.27, 99]","[297.7, 69]","[310.74, 38]","[311.67, 60]",305.5,266,10.46,0.26
07:35:12,"[301.0, 76]","[299.0, 47]","[308.51, 37]","[309.38, 58]",304.76,218,7.51,0.13
07:35:13,"[301.0, 75]","[299.0, 60]","[306.67, 30]","[310.83, 120]",303.83,285,5.67,-0.05
07:35:14,"[301.0, 63]","[299.0, 44]","[304.86, 14]","[307.0, 23]",302.93,144,3.86,0.49
07:35:15,"[301.0, 77]","[299.0, 48]","[303.12, 16]","[305.96, 25]",302.06,166,2.12,0.51
07:35:16,"[301.11, 45]","[299.68, 53]","[304.0, 20]","[310.0, 40]",302.56,158,2.89,0.24
07:35:17,"[301.38, 37]","[300.25, 67]","[304.0, 19]","[310.0, 48]",302.69,171,2.62,0.22
07:35:18,"[301.0, 72]","[299.0, 51]","[303.08, 12]","[310.0, 48]",302.04,183,2.08,0.34
07:35:19,"[301.0, 108]","[299.0, 72]","[302.78, 18]","[310.0, 72]",301.89,270,1.78,0.33
07:35:20,"[301.0, 48]","[299.0, 36]","[309.11, 27]","[311.5, 48]",305.06,159,8.11,0.06
07:35:21,"[300.66, 41]","[298.97, 60]","[309.06, 68]","[311.79, 103]",304.86,272,8.4,-0.26
07:35:22,"[305.3, 40]","[299.93, 56]","[308.0, 52]","[310.77, 31]",306.65,179,2.7,0.07
07:35:23,"[302.92, 26]","[300.12, 32]","[308.0, 28]","[311.0, 28]",305.46,114,5.08,0.02
07:35:24,"[302.0, 28]","[299.0, 28]","[308.0, 28]","[311.0, 28]",305.0,112,6.0,0.0
07:35:25,"[302.0, 45]","[299.0, 52]","[308.0, 52]","[311.0, 52]",305.0,201,6.0,-0.03
07:35:26,"[302.0, 45]","[299.0, 60]","[307.29, 70]","[309.0, 60]",304.64,235,5.29,-0.11
07:35:27,"[302.0, 45]","[299.0, 45]","[305.73, 74]","[308.52, 52]",303.86,216,3.73,-0.17
07:35:28,"[299.9, 20]","[298.17, 42]","[304.44, 45]","[311.78, 37]",302.17,144,4.54,-0.14
07:35:29,"[300.6, 30]","[298.26, 47]","[303.0, 65]","[309.19, 59]",301.8,201,2.4,-0.23
07:35:30,"[299.0, 30]","[298.0, 75]","[301.74, 54]","[307.87, 75]",300.37,234,2.74,-0.1
07:35:31,"[298.47, 38]","[296.75, 77]","[301.37, 38]","[304.47, 60]",299.92,213,2.89,0.08
07:35:32,"[299.8, 45]","[298.0, 75]","[301.07, 67]","[309.95, 57]",300.44,244,1.27,-0.02
07:35:33,"[299.49, 67]","[297.25, 72]","[308.3, 46]","[310.95, 77]",303.9,262,8.81,0.06
07:35:34,"[300.0, 40]","[299.0, 20]","[309.0, 30]","[312.0, 52]",304.5,142,9.0,-0.15
07:35:35,"[300.0, 23]","[299.0, 16]","[309.0, 24]","[312.0, 48]",304.5,111,9.0,-0.3
07:35:36,"[300.0, 8]","[299.0, 16]","[309.0, 24]","[312.0, 48]",304.5,96,9.0,-0.5
07:35:37,"[300.67, 21]","[299.33, 21]","[309.4, 45]","[312.03, 79]",305.03,166,8.73,-0.49
07:35:38,"[298.94, 32]","[295.56, 45]","[312.0, 60]","[314.0, 10]",305.47,147,13.06,0.05
07:35:39,"[298.0, 36]","[295.0, 72]","[311.5, 48]","[312.5, 24]",304.75,180,13.5,0.2
07:35:40,"[298.0, 40]","[294.92, 74]","[310.0, 40]","[312.0, 60]",304.0,214,12.0,0.07
07:35:41,"[298.0, 48]","[292.0, 24]","[307.64, 50]","[309.44, 59]",302.82,181,9.64,-0.2
07:35:42,"[296.7, 46]","[292.87, 23]","[306.76, 42]","[308.67, 48]",301.73,159,10.07,-0.13
07:35:43,"[297.0, 42]","[294.98, 47]","[304.41, 73]","[307.72, 58]",300.71,220,7.41,-0.19
07:35:44,"[296.0, 24]","[292.0, 16]","[303.33, 52]","[307.07, 41]",299.66,133,7.33,-0.4
07:35:45,"[296.06, 32]","[292.92, 26]","[300.83, 60]","[306.18, 55]",298.45,173,4.77,-0.33
07:35:46,"[296.21, 47]","[293.4, 50]","[299.03, 92]","[306.74, 93]",297.62,282,2.82,-0.31
07:35:47,"[296.0, 36]","[291.92, 24]","[298.0, 48]","[306.75, 24]",297.0,132,2.0,-0.09
07:35:48,"[294.07, 29]","[289.67, 45]","[299.95, 38]","[304.84, 38]",297.01,150,5.88,-0.01
07:35:49,"[292.0, 22]","[289.0, 55]","[295.36, 14]","[299.55, 22]",293.68,113,3.36,0.36
07:35:50,"[292.0, 32]","[289.0, 80]","[293.75, 16]","[296.0, 32]",292.88,160,1.75,0.4
07:35:51,"[292.0, 24]","[289.0, 60]","[293.0, 12]","[296.0, 24]",292.5,120,1.0,0.4
07:35:52,"[289.0, 45]","[287.0, 9]","[292.78, 9]","[296.0, 18]",290.89,81,3.78,0.33
07:35:53,"[289.0, 50]","[287.0, 10]","[303.14, 21]","[305.24, 29]",296.07,110,14.14,0.09
07:35:54,"[288.47, 72]","[286.2, 15]","[303.0, 24]","[305.0, 12]",295.74,123,14.53,0.41
07:35:55,"[290.89, 131]","[289.95, 135]","[302.06, 96]","[303.15, 39]",296.47,401,11.18,0.33
07:35:56,"[301.0, 88]","[296.0, 50]","[302.0, 50]","[303.0, 20]",301.5,208,1.0,0.33
07:35:57,"[301.0, 84]","[296.0, 55]","[302.0, 55]","[303.0, 22]",301.5,216,1.0,0.29
07:35:58,"[300.29, 35]","[295.33, 54]","[302.41, 34]","[304.4, 15]",301.35,138,2.13,0.29
07:35:59,"[296.0, 75]","[287.0, 60]","[304.02, 50]","[306.77, 52]",300.01,237,8.02,0.14
07:36:00,"[296.06, 32]","[289.65, 34]","[301.5, 24]","[303.69, 29]",298.78,119,5.44,0.11
07:36:01,"[297.98, 61]","[296.71, 17]","[300.25, 32]","[303.91, 44]",299.12,154,2.27,0.01
07:36:02,"[299.0, 24]","[297.54, 69]","[303.57, 112]","[306.72, 94]",301.29,299,4.57,-0.38
07:36:03,"[298.0, 14]","[296.0, 70]","[301.09, 43]","[302.29, 56]",299.55,183,3.09,-0.08
07:36:04,"[298.0, 13]","[296.0, 65]","[299.18, 49]","[300.57, 42]",298.59,169,1.18,-0.08
07:36:05,"[296.09, 47]","[291.5, 28]","[298.74, 35]","[301.03, 35]",297.41,145,2.66,0.03
07:36:06,"[294.73, 44]","[287.86, 28]","[301.74, 47]","[306.9, 60]",298.24,179,7.02,-0.2
07:36:07,"[290.37, 35]","[287.31, 26]","[308.0, 65]","[309.0, 52]",299.19,178,17.63,-0.31
07:36:08,"[297.83, 36]","[291.62, 42]","[308.92, 118]","[312.43, 56]",303.37,252,11.08,-0.38
07:36:09,"[304.87, 46]","[292.7, 20]","[309.0, 81]","[313.0, 36]",306.93,183,4.13,-0.28
07:36:10,"[306.0, 60]","[293.43, 28]","[309.0, 90]","[313.0, 40]",307.5,218,3.0,-0.19
07:36:11,"[306.0, 48]","[304.0, 24]","[309.0, 72]","[313.0, 32]",307.5,176,3.0,-0.18
07:36:12,"[306.0, 10]","[304.0, 15]","[309.0, 45]","[313.0, 20]",307.5,90,3.0,-0.44
07:36:13,"[306.0, 4]","[304.0, 12]","[309.0, 36]","[313.0, 16]",307.5,68,3.0,-0.53
07:36:14,"[300.0, 24]","[296.73, 44]","[309.0, 144]","[313.0, 64]",304.5,276,9.0,-0.51
07:36:15,"[302.0, 5]","[298.0, 15]","[309.0, 45]","[313.0, 20]",305.5,85,7.0,-0.53
07:36:16,"[299.71, 21]","[296.84, 31]","[307.15, 73]","[308.86, 95]",303.43,220,7.44,-0.53
07:36:17,"[298.0, 51]","[289.0, 17]","[303.0, 67]","[304.57, 67]",300.5,202,5.0,-0.33
07:36:18,"[298.67, 54]","[296.71, 42]","[300.94, 90]","[302.0, 90]",299.81,276,2.28,-0.3
07:36:19,"[298.24, 50]","[294.0, 30]","[300.73, 60]","[302.0, 72]",299.49,212,2.49,-0.25
07:36:20,"[293.64, 14]","[287.57, 14]","[301.35, 49]","[303.9, 48]",297.49,125,7.7,-0.55
07:36:21,"[286.41, 37]","[285.36, 22]","[300.56, 55]","[304.17, 29]",293.48,143,14.16,-0.17
07:36:22,"[287.38, 64]","[284.73, 30]","[301.49, 68]","[304.05, 78]",294.43,240,14.11,-0.22
07:36:23,"[297.0, 20]","[288.78, 36]","[301.0, 50]","[303.6, 40]",299.0,146,4.0,-0.23
07:36:24,"[294.06, 34]","[289.96, 27]","[302.79, 94]","[304.45, 22]",298.42,177,8.73,-0.31
07:36:25,"[287.0, 130]","[265.54, 71]","[299.93, 41]","[302.46, 52]",293.46,294,12.93,0.37
07:36:26,"[287.0, 90]","[278.0, 63]","[289.0, 9]","[293.46, 37]",288.0,199,2.0,0.54
07:36:27,"[287.0, 40]","[278.0, 28]","[289.0, 4]","[290.0, 20]",288.0,92,2.0,0.48
07:36:28,"[287.0, 80]","[278.0, 56]","[288.46, 13]","[289.94, 32]",287.73,181,1.46,0.5
07:36:29,"[287.0, 137]","[278.0, 105]","[288.76, 17]","[289.97, 67]",287.88,326,1.76,0.48
07:36:30,"[287.1, 50]","[279.84, 44]","[289.0, 6]","[290.0, 30]",288.05,130,1.9,0.45
07:36:31,"[288.0, 50]","[285.47, 34]","[289.0, 10]","[290.0, 50]",288.5,144,1.0,0.17
07:36:32,"[288.25, 80]","[283.21, 116]","[293.92, 61]","[299.75, 72]",291.08,329,5.67,0.19
07:36:33,"[290.8, 50]","[280.72, 68]","[294.0, 40]","[301.0, 40]",292.4,198,3.2,0.19
07:36:34,"[291.59, 49]","[278.85, 110]","[293.62, 32]","[297.18, 44]",292.61,235,2.03,0.35
07:36:35,"[292.75, 48]","[278.09, 186]","[294.0, 31]","[301.0, 64]",293.38,329,1.25,0.42
07:36:36,"[281.79, 104]","[277.97, 232]","[298.58, 50]","[300.42, 55]",290.18,441,16.79,0.52
07:36:37,"[282.85, 26]","[281.0, 104]","[294.8, 45]","[295.74, 47]",288.82,222,11.95,0.17
07:36:38,"[284.55, 22]","[281.21, 56]","[293.0, 27]","[294.0, 45]",288.77,150,8.45,0.04
07:36:39,"[286.4, 30]","[285.2, 50]","[293.0, 45]","[294.0, 75]",289.7,200,6.6,-0.2
07:36:40,"[288.56, 32]","[286.92, 26]","[293.0, 39]","[294.0, 65]",290.78,162,4.44,-0.28
07:36:41,"[290.81, 47]","[289.64, 33]","[293.0, 40]","[294.0, 80]",291.9,200,2.19,-0.2
07:36:42,"[282.96, 54]","[279.87, 117]","[293.23, 53]","[294.87, 70]",288.09,294,10.26,0.16
07:36:43,"[287.78, 64]","[280.4, 89]","[292.88, 48]","[297.17, 23]",290.33,224,5.09,0.37
07:36:44,"[285.27, 60]","[281.05, 164]","[293.51, 55]","[295.0, 40]",289.39,319,8.24,0.4
07:36:45,"[286.69, 26]","[283.0, 91]","[294.0, 52]","[299.0, 13]",290.35,182,7.31,0.29
07:36:46,"[289.6, 30]","[283.3, 67]","[296.0, 20]","[341.11, 19]",292.8,136,6.4,0.43
07:36:47,"[291.21, 28]","[284.36, 78]","[375.67, 18]","[414.33, 18]",333.44,142,84.45,0.49
07:36:48,"[299.67, 24]","[296.27, 66]","[304.9, 10]","[405.82, 17]",302.28,117,5.23,0.54
07:36:49,"[295.77, 52]","[289.83, 87]","[370.08, 12]","[489.77, 13]",332.93,164,74.31,0.7
07:36:50,"[290.04, 69]","[288.4, 91]","[311.45, 20]","[385.58, 12]",300.75,192,21.41,0.67
07:36:51,"[289.0, 72]","[288.0, 88]","[298.0, 24]","[427.0, 16]",293.5,200,9.0,0.6
07:36:52,"[289.0, 72]","[288.0, 88]","[297.45, 20]","[338.89, 9]",293.23,189,8.45,0.69
07:36:53,"[289.0, 72]","[288.0, 88]","[296.64, 28]","[320.33, 18]",292.82,206,7.64,0.55
07:36:54,"[289.0, 126]","[287.47, 118]","[295.94, 64]","[296.78, 46]",292.47,354,6.94,0.38
07:36:55,"[289.0, 81]","[287.0, 63]","[290.38, 26]","[292.95, 21]",289.69,191,1.38,0.51
07:36:56,"[289.0, 90]","[287.75, 112]","[290.0, 30]","[291.0, 20]",289.5,252,1.0,0.6
07:36:57,"[289.0, 90]","[288.0, 140]","[290.0, 30]","[291.0, 20]",289.5,280,1.0,0.64
07:36:58,"[289.0, 77]","[288.0, 126]","[290.0, 27]","[291.0, 18]",289.5,248,1.0,0.64
07:36:59,"[289.0, 45]","[288.0, 140]","[290.0, 25]","[291.0, 20]",289.5,230,1.0,0.61
07:37:00,"[288.04, 167]","[286.22, 74]","[290.36, 28]","[292.74, 43]",289.2,312,2.32,0.54
07:37:01,"[289.57, 143]","[287.83, 240]","[291.0, 34]","[294.0, 85]",290.28,502,1.43,0.53
07:37:02,"[290.33, 72]","[288.7, 66]","[293.87, 46]","[294.69, 16]",292.1,200,3.54,0.38
07:37:03,"[291.82, 115]","[290.6, 50]","[294.0, 60]","[295.0, 15]",292.91,240,2.18,0.38
07:37:04,"[293.49, 82]","[292.09, 53]","[295.0, 21]","[328.41, 39]",294.24,195,1.51,0.38
07:37:05,"[294.73, 120]","[293.0, 30]","[299.0, 15]","[320.3, 46]",296.87,211,4.27,0.42
07:37:06,"[295.22, 69]","[293.67, 24]","[299.0, 33]","[361.0, 27]",297.11,153,3.78,0.22
07:37:07,"[298.29, 70]","[294.18, 110]","[324.2, 46]","[464.28, 47]",311.24,273,25.91,0.32
07:37:08,"[298.38, 79]","[293.22, 162]","[306.87, 45]","[533.92, 74]",302.62,360,8.49,0.34
07:37:09,"[298.0, 40]","[291.0, 112]","[305.0, 8]","[307.0, 24]",301.5,184,7.0,0.65
07:37:10,"[298.53, 53]","[293.33, 105]","[304.42, 12]","[462.05, 40]",301.47,210,5.89,0.5
07:37:11,"[299.0, 44]","[298.0, 55]","[301.64, 11]","[360.09, 44]",300.32,154,2.64,0.29
07:37:12,"[295.2, 85]","[292.21, 140]","[299.88, 16]","[356.78, 54]",297.54,295,4.68,0.53
07:37:13,"[292.0, 54]","[288.0, 9]","[298.44, 9]","[513.26, 31]",295.22,103,6.44,0.22
07:37:14,"[292.0, 54]","[288.0, 9]","[297.0, 9]","[476.56, 27]",294.5,99,5.0,0.27
07:37:15,"[292.0, 66]","[288.0, 11]","[295.27, 11]","[405.14, 37]",293.64,125,3.27,0.23
07:37:16,"[292.1, 40]","[290.0, 12]","[295.0, 7]","[334.52, 27]",293.55,86,2.9,0.21
07:37:17,"[293.5, 40]","[288.64, 81]","[300.5, 10]","[437.7, 40]",297.0,171,7.0,0.42
07:37:18,"[295.87, 60]","[294.13, 60]","[304.8, 15]","[501.33, 30]",300.33,165,8.93,0.45
07:37:19,"[301.67, 84]","[300.32, 100]","[304.0, 17]","[352.35, 17]",302.83,218,2.33,0.69
07:37:20,"[302.83, 48]","[301.71, 84]","[304.0, 11]","[462.36, 11]",303.42,154,1.17,0.71
07:37:21,"[302.0, 120]","[296.0, 100]","[303.93, 15]","[377.1, 41]",302.97,276,1.93,0.59
07:37:22,"[302.13, 89]","[297.26, 114]","[309.92, 26]","[382.43, 42]",306.03,271,7.79,0.5
07:37:23,"[302.0, 90]","[296.0, 135]","[312.3, 47]","[372.2, 51]",307.15,323,10.3,0.39
07:37:24,"[302.0, 60]","[297.54, 65]","[310.32, 22]","[311.92, 38]",306.16,185,8.32,0.35
07:37:25,"[302.0, 54]","[301.0, 52]","[308.8, 50]","[309.48, 33]",305.4,189,6.8,0.12
07:37:26,"[301.81, 64]","[299.88, 67]","[305.2, 25]","[306.3, 23]",303.51,179,3.39,0.46
07:37:27,"[297.54, 52]","[293.81, 74]","[301.92, 53]","[304.38, 16]",299.73,195,4.39,0.29
07:37:28,"[296.0, 44]","[293.0, 66]","[300.33, 27]","[301.09, 44]",298.17,181,4.33,0.22
07:37:29,"[293.59, 82]","[292.06, 35]","[297.04, 24]","[297.96, 28]",295.31,169,3.46,0.38
07:37:30,"[292.87, 46]","[289.2, 15]","[294.36, 11]","[296.41, 17]",293.62,89,1.49,0.37
07:37:31,"[290.0, 11]","[288.0, 33]","[294.0, 11]","[295.0, 22]",292.0,77,4.0,0.14
07:37:32,"[290.0, 9]","[288.0, 27]","[294.0, 9]","[295.0, 18]",292.0,63,4.0,0.14
07:37:33,"[290.99, 92]","[289.25, 16]","[294.0, 14]","[295.0, 28]",292.49,150,3.01,0.44
07:37:34,"[292.12, 56]","[288.0, 8]","[294.0, 8]","[295.0, 16]",293.06,88,1.88,0.45
07:37:35,"[291.77, 71]","[284.5, 26]","[294.58, 19]","[295.67, 48]",293.18,164,2.8,0.18
07:37:36,"[294.69, 29]","[293.2, 20]","[295.95, 42]","[448.81, 42]",295.32,133,1.26,-0.26
07:37:37,"[294.08, 39]","[287.08, 13]","[330.14, 28]","[465.73, 22]",312.11,102,36.07,0.02
07:37:38,"[289.18, 44]","[288.2, 51]","[507.92, 59]","[611.98, 61]",398.55,215,218.73,-0.12
07:37:39,"[297.67, 18]","[294.57, 60]","[337.77, 53]","[370.28, 50]",317.72,181,40.11,-0.14
07:37:40,"[302.07, 58]","[300.52, 33]","[334.0, 39]","[335.38, 52]",318.03,182,31.93,0.0
07:37:41,"[302.39, 36]","[301.61, 79]","[329.74, 34]","[355.36, 44]",316.06,193,27.35,0.19
07:37:42,"[302.0, 105]","[301.0, 45]","[304.4, 43]","[311.06, 32]",303.2,225,2.4,0.33
07:37:43,"[302.0, 83]","[301.0, 42]","[316.47, 38]","[424.4, 30]",309.24,193,14.47,0.3
07:37:44,"[302.0, 4]","[301.0, 12]","[518.53, 15]","[561.56, 18]",410.27,49,216.53,-0.35
07:37:45,"[302.0, 11]","[301.0, 33]","[469.27, 55]","[589.0, 44]",385.64,143,167.27,-0.38
07:37:46,"[302.0, 7]","[301.0, 21]","[435.35, 26]","[502.59, 17]",368.67,71,133.35,-0.21
07:37:47,"[302.0, 9]","[301.0, 27]","[403.67, 30]","[425.13, 15]",352.83,81,101.67,-0.11
07:37:48,"[301.25, 8]","[300.29, 21]","[340.0, 20]","[422.0, 20]",320.62,69,38.75,-0.16
07:37:49,"[301.0, 16]","[300.0, 40]","[340.0, 32]","[422.0, 32]",320.5,120,39.0,-0.07
07:37:50,"[301.0, 22]","[300.0, 55]","[338.91, 44]","[360.31, 45]",319.95,166,37.91,-0.07
07:37:51,"[301.0, 26]","[300.0, 65]","[337.46, 52]","[485.71, 14]",319.23,157,36.46,0.16
07:37:52,"[301.79, 28]","[300.59, 37]","[335.71, 56]","[415.08, 25]",318.75,146,33.93,-0.11
07:37:53,"[300.29, 70]","[299.29, 70]","[330.48, 27]","[333.53, 45]",315.38,212,30.2,0.32
07:37:54,"[300.81, 111]","[299.31, 96]","[315.28, 58]","[316.77, 61]",308.04,326,14.47,0.27
07:37:55,"[302.0, 144]","[300.54, 26]","[312.47, 38]","[313.62, 58]",307.24,266,10.47,0.28
07:37:56,"[302.0, 108]","[301.0, 12]","[308.36, 44]","[309.71, 28]",305.18,192,6.36,0.25
07:37:57,"[302.0, 108]","[301.0, 12]","[306.34, 29]","[312.35, 46]",304.17,195,4.34,0.23
07:37:58,"[302.0, 72]","[301.0, 8]","[304.75, 8]","[306.0, 24]",303.38,112,2.75,0.43
07:37:59,"[302.0, 81]","[301.0, 92]","[310.89, 18]","[372.1, 41]",306.44,232,8.89,0.49
07:38:00,"[301.27, 30]","[300.54, 104]","[318.5, 32]","[443.2, 30]",309.88,196,17.23,0.37
07:38:01,"[301.06, 114]","[300.21, 33]","[314.0, 28]","[320.93, 56]",307.53,231,12.94,0.27
07:38:02,"[302.92, 39]","[301.75, 84]","[314.0, 24]","[321.0, 48]",308.46,195,11.08,0.26
07:38:03,"[304.0, 30]","[302.0, 105]","[313.67, 24]","[319.25, 48]",308.83,207,9.67,0.3
07:38:04,"[306.89, 56]","[304.43, 61]","[310.79, 19]","[314.0, 38]",308.84,174,3.9,0.34
07:38:05,"[307.0, 21]","[305.0, 56]","[310.0, 7]","[314.83, 24]",308.5,108,3.0,0.43
07:38:06,"[307.0, 24]","[305.0, 64]","[310.0, 8]","[315.0, 32]",308.5,128,3.0,0.38
07:38:07,"[307.0, 39]","[305.0, 104]","[309.05, 19]","[312.64, 28]",308.03,190,2.05,0.51
07:38:08,"[307.0, 30]","[305.0, 104]","[308.87, 31]","[314.88, 25]",307.94,190,1.87,0.41
07:38:09,"[305.15, 52]","[302.56, 86]","[307.71, 24]","[314.0, 13]",306.43,175,2.55,0.58
07:38:10,"[303.8, 30]","[301.75, 56]","[312.33, 24]","[317.33, 12]",308.07,122,8.53,0.41
07:38:11,"[302.0, 60]","[301.0, 70]","[309.9, 50]","[316.7, 10]",305.95,190,7.9,0.37
07:38:12,"[302.0, 54]","[301.0, 63]","[307.56, 45]","[314.81, 21]",304.78,183,5.56,0.28
07:38:13,"[302.0, 78]","[300.97, 66]","[305.0, 65]","[307.0, 65]",303.5,274,3.0,0.05
07:38:14,"[302.0, 42]","[301.0, 35]","[305.0, 35]","[307.0, 35]",303.5,147,3.0,0.05
07:38:15,"[302.0, 96]","[301.0, 80]","[303.81, 80]","[308.08, 65]",302.91,321,1.81,0.1
07:38:16,"[301.43, 63]","[300.53, 57]","[306.6, 45]","[343.18, 22]",304.01,187,5.17,0.28
07:38:17,"[303.0, 58]","[299.0, 64]","[320.44, 9]","[486.25, 8]",311.72,139,17.44,0.76
07:38:18,"[300.55, 44]","[298.75, 63]","[315.0, 20]","[324.0, 10]",307.77,137,14.45,0.56
07:38:19,"[300.0, 45]","[298.09, 55]","[315.0, 18]","[324.0, 9]",307.5,127,15.0,0.57
07:38:20,"[304.0, 90]","[300.0, 45]","[315.0, 18]","[324.0, 9]",309.5,162,11.0,0.67
07:38:21,"[304.0, 80]","[300.0, 44]","[315.0, 16]","[324.0, 8]",309.5,148,11.0,0.68
07:38:22,"[304.0, 106]","[300.26, 47]","[315.0, 22]","[324.0, 11]",309.5,186,11.0,0.65
07:38:23,"[304.0, 77]","[301.0, 22]","[314.65, 34]","[317.82, 17]",309.32,150,10.65,0.32
07:38:24,"[304.0, 24]","[301.0, 12]","[316.6, 10]","[318.33, 9]",310.3,55,12.6,0.31
07:38:25,"[304.0, 40]","[301.0, 20]","[314.18, 11]","[316.18, 11]",309.09,82,10.18,0.46
07:38:26,"[304.0, 36]","[301.0, 18]","[311.0, 14]","[314.14, 14]",307.5,82,7.0,0.32
07:38:27,"[306.0, 45]","[304.0, 36]","[310.62, 13]","[313.46, 13]",308.31,107,4.62,0.51
07:38:28,"[306.0, 33]","[304.0, 44]","[309.37, 19]","[312.33, 18]",307.68,114,3.37,0.35
07:38:29,"[303.52, 33]","[301.0, 68]","[308.0, 13]","[309.0, 65]",305.76,179,4.48,0.13
07:38:30,"[300.59, 74]","[299.94, 107]","[308.0, 49]","[310.83, 42]",304.3,272,7.41,0.33
07:38:31,"[300.0, 120]","[299.0, 24]","[307.55, 22]","[308.46, 52]",303.77,218,7.55,0.32
07:38:32,"[300.57, 42]","[299.87, 46]","[307.0, 7]","[308.0, 35]",303.79,130,6.43,0.35
07:38:33,"[302.08, 36]","[300.07, 85]","[307.0, 12]","[309.0, 60]",304.54,193,4.92,0.25
07:38:34,"[303.0, 42]","[302.0, 42]","[305.2, 20]","[309.44, 48]",304.1,152,2.2,0.11
07:38:35,"[303.0, 18]","[302.0, 24]","[304.9, 20]","[308.33, 36]",303.95,98,1.9,-0.14
07:38:36,"[303.0, 22]","[302.0, 33]","[304.62, 39]","[308.27, 49]",303.81,143,1.62,-0.23
07:38:37,"[302.15, 39]","[300.9, 20]","[304.31, 48]","[306.92, 52]",303.23,159,2.16,-0.26
07:38:38,"[301.83, 23]","[299.64, 11]","[303.89, 27]","[307.81, 31]",302.86,92,2.06,-0.26
07:38:39,"[299.36, 14]","[297.5, 40]","[303.82, 33]","[313.0, 55]",301.59,142,4.46,-0.24
07:38:40,"[299.0, 12]","[297.0, 60]","[301.67, 36]","[310.25, 60]",300.33,168,2.67,-0.14
07:38:41,"[297.18, 55]","[296.13, 195]","[299.46, 37]","[303.94, 53]",298.32,340,2.28,0.47
07:38:42,"[296.33, 67]","[295.88, 100]","[298.2, 15]","[303.04, 26]",297.26,208,1.87,0.61
07:38:43,"[296.0, 158]","[295.0, 44]","[301.0, 11]","[314.0, 55]",298.5,268,5.0,0.51
07:38:44,"[296.06, 104]","[295.75, 112]","[300.0, 13]","[314.0, 65]",298.03,294,3.94,0.47
07:38:45,"[296.01, 142]","[295.3, 60]","[314.0, 60]","[315.0, 12]",305.01,274,17.99,0.47
07:38:46,"[296.23, 104]","[295.84, 152]","[314.0, 80]","[315.62, 16]",305.12,352,17.77,0.45
07:38:47,"[298.0, 24]","[296.0, 96]","[314.0, 60]","[316.0, 12]",306.0,192,16.0,0.25
07:38:48,"[299.14, 28]","[296.0, 28]","[313.9, 50]","[314.53, 34]",306.52,140,14.76,-0.2
07:38:49,"[298.07, 54]","[295.5, 24]","[309.25, 16]","[313.87, 23]",303.66,117,11.18,0.33
07:38:50,"[299.19, 84]","[297.95, 148]","[307.69, 29]","[308.8, 41]",303.44,302,8.5,0.54
07:38:51,"[300.0, 70]","[298.0, 168]","[307.0, 14]","[310.0, 56]",303.5,308,7.0,0.55
07:38:52,"[300.0, 25]","[298.0, 60]","[305.6, 5]","[310.0, 20]",302.8,110,5.6,0.55
07:38:53,"[300.0, 48]","[298.0, 144]","[305.0, 12]","[310.0, 55]",302.5,259,5.0,0.48
07:38:54,"[300.0, 30]","[298.0, 120]","[303.27, 22]","[309.2, 30]",301.64,202,3.27,0.49
07:38:55,"[298.62, 87]","[297.83, 118]","[301.97, 38]","[306.0, 27]",300.3,270,3.35,0.52
07:38:56,"[298.0, 138]","[295.87, 23]","[299.08, 12]","[309.17, 36]",298.54,209,1.08,0.54
07:38:57,"[298.0, 106]","[296.3, 20]","[308.88, 34]","[311.55, 58]",303.44,218,10.88,0.16
07:38:58,"[299.57, 42]","[297.4, 75]","[311.0, 91]","[313.0, 52]",305.29,260,11.43,-0.1
07:38:59,"[301.0, 18]","[297.0, 54]","[310.89, 55]","[312.33, 42]",305.95,169,9.89,-0.15
07:39:00,"[301.0, 22]","[297.0, 66]","[310.0, 33]","[312.73, 73]",305.5,194,9.0,-0.09
07:39:01,"[297.64, 50]","[296.45, 33]","[309.5, 38]","[311.93, 61]",303.57,182,11.86,-0.09
07:39:02,"[297.43, 28]","[296.66, 29]","[301.29, 62]","[307.43, 46]",299.36,165,3.86,-0.31
07:39:03,"[297.08, 37]","[295.52, 23]","[299.0, 92]","[310.08, 77]",298.04,229,1.92,-0.48
07:39:04,"[297.0, 30]","[295.0, 15]","[298.86, 35]","[307.0, 55]",297.93,135,1.86,-0.33
07:39:05,"[294.73, 15]","[293.65, 34]","[296.61, 28]","[298.44, 27]",295.67,104,1.87,-0.06
07:39:06,"[294.2, 15]","[293.14, 42]","[296.0, 18]","[298.0, 9]",295.1,84,1.8,0.36
07:39:07,"[295.0, 11]","[293.0, 36]","[297.38, 13]","[303.68, 38]",296.19,98,2.38,-0.04
07:39:08,"[295.0, 6]","[292.0, 54]","[298.0, 6]","[304.0, 24]",296.5,90,3.0,0.33
07:39:09,"[296.89, 72]","[292.49, 43]","[298.0, 11]","[299.59, 34]",297.44,160,1.11,0.44
07:39:10,"[297.0, 104]","[295.0, 13]","[299.0, 39]","[304.0, 52]",298.0,208,2.0,0.12
07:39:11,"[297.0, 72]","[295.0, 9]","[299.0, 27]","[304.0, 36]",298.0,144,2.0,0.12
07:39:12,"[297.0, 80]","[295.0, 10]","[299.0, 30]","[304.0, 40]",298.0,160,2.0,0.12
07:39:13,"[297.0, 72]","[295.0, 9]","[299.0, 27]","[304.0, 36]",298.0,144,2.0,0.12
07:39:14,"[297.0, 79]","[295.0, 11]","[299.0, 33]","[304.18, 44]",298.0,167,2.0,0.08
07:39:15,"[297.34, 32]","[296.93, 80]","[306.0, 48]","[312.12, 50]",301.67,210,8.66,0.07
07:39:16,"[297.06, 62]","[296.17, 24]","[306.83, 36]","[313.96, 46]",301.95,168,9.77,0.02
07:39:17,"[297.0, 60]","[295.0, 10]","[305.0, 40]","[306.5, 30]",301.0,140,8.0,0.0
07:39:18,"[297.0, 96]","[295.0, 16]","[303.58, 64]","[304.74, 57]",300.29,233,6.58,-0.04
07:39:19,"[297.0, 54]","[295.0, 9]","[302.22, 27]","[303.28, 29]",299.61,119,5.22,0.06
07:39:20,"[297.0, 78]","[295.0, 13]","[302.0, 39]","[303.0, 39]",299.5,169,5.0,0.08
07:39:21,"[297.0, 96]","[295.0, 16]","[299.81, 48]","[301.12, 48]",298.41,208,2.81,0.08
07:39:22,"[294.78, 54]","[290.33, 18]","[297.12, 26]","[303.63, 38]",295.95,136,2.34,0.06
07:39:23,"[292.0, 52]","[288.0, 26]","[295.08, 65]","[297.0, 13]",293.54,156,3.08,0.0
07:39:24,"[292.0, 42]","[288.0, 22]","[293.89, 37]","[295.0, 59]",292.95,160,1.89,-0.2
07:39:25,"[292.0, 14]","[288.0, 20]","[294.0, 90]","[306.0, 49]",293.0,173,2.0,-0.61
07:39:26,"[292.0, 11]","[288.0, 26]","[294.0, 90]","[303.49, 51]",293.0,178,2.0,-0.58
07:39:27,"[292.33, 12]","[288.44, 18]","[294.28, 58]","[298.98, 41]",293.3,129,1.94,-0.53
07:39:28,"[293.21, 28]","[290.86, 14]","[305.06, 68]","[309.13, 46]",299.14,156,11.84,-0.46
07:39:29,"[297.33, 12]","[293.81, 21]","[306.0, 55]","[309.47, 38]",301.67,126,8.67,-0.48
07:39:30,"[298.57, 14]","[295.0, 16]","[306.0, 50]","[310.0, 30]",302.29,110,7.43,-0.45
07:39:31,"[299.0, 20]","[298.0, 10]","[306.0, 50]","[310.0, 37]",302.5,117,7.0,-0.49
07:39:32,"[297.0, 15]","[295.4, 20]","[305.3, 63]","[307.5, 56]",301.15,154,8.3,-0.55
07:39:33,"[295.12, 16]","[292.33, 18]","[303.0, 56]","[306.67, 36]",299.06,126,7.88,-0.46
07:39:34,"[288.97, 125]","[287.36, 28]","[303.0, 52]","[309.0, 13]",295.98,218,14.03,0.4
07:39:35,"[289.0, 54]","[288.0, 12]","[297.89, 9]","[306.08, 13]",293.44,88,8.89,0.5
07:39:36,"[289.0, 91]","[287.15, 26]","[305.11, 18]","[306.07, 41]",297.06,176,16.11,0.33
07:39:37,"[289.0, 28]","[287.0, 8]","[303.0, 14]","[304.5, 10]",296.0,60,14.0,0.2
07:39:38,"[292.43, 35]","[289.14, 29]","[302.0, 40]","[303.0, 14]",297.21,118,9.57,0.08
07:39:39,"[298.0, 88]","[297.0, 22]","[302.0, 66]","[303.0, 22]",300.0,198,4.0,0.11
07:39:40,"[298.0, 50]","[297.0, 16]","[302.0, 48]","[303.0, 16]",300.0,130,4.0,0.02
07:39:41,"[299.44, 96]","[297.0, 32]","[302.0, 96]","[303.0, 32]",300.72,256,2.56,0.0
07:39:42,"[297.39, 46]","[294.75, 24]","[301.95, 88]","[302.82, 34]",299.67,192,4.56,-0.27
07:39:43,"[290.0, 20]","[288.0, 10]","[300.8, 40]","[302.0, 60]",295.4,130,10.8,-0.54
07:39:44,"[290.0, 28]","[288.0, 14]","[299.18, 56]","[300.12, 51]",294.59,149,9.18,-0.44
07:39:45,"[289.38, 26]","[284.88, 41]","[296.96, 50]","[298.19, 63]",293.17,180,7.58,-0.26
07:39:46,"[287.16, 19]","[283.82, 66]","[294.22, 46]","[295.55, 53]",290.69,184,7.06,-0.08
07:39:47,"[286.54, 26]","[283.56, 54]","[289.0, 12]","[293.5, 48]",287.77,140,2.46,0.14
07:39:48,"[287.0, 24]","[281.17, 72]","[291.95, 19]","[293.52, 29]",289.47,144,4.95,0.33
07:39:49,"[287.0, 10]","[281.0, 30]","[293.0, 10]","[294.0, 5]",290.0,55,6.0,0.45
07:39:50,"[288.46, 26]","[283.31, 26]","[293.0, 26]","[294.0, 13]",290.73,91,4.54,0.14
07:39:51,"[291.45, 22]","[282.82, 22]","[293.0, 22]","[294.0, 11]",292.23,77,1.55,0.14
07:39:52,"[282.0, 32]","[278.38, 64]","[292.34, 41]","[293.28, 25]",287.17,162,10.34,0.19
07:39:53,"[282.0, 14]","[277.0, 28]","[293.0, 14]","[294.0, 7]",287.5,63,11.0,0.33
07:39:54,"[282.0, 28]","[277.0, 56]","[293.0, 28]","[294.0, 14]",287.5,126,11.0,0.33
07:39:55,"[283.45, 29]","[281.62, 26]","[293.0, 24]","[294.0, 12]",288.22,91,9.55,0.21
07:39:56,"[291.33, 42]","[287.54, 48]","[294.4, 68]","[295.5, 82]",292.87,240,3.06,-0.25
07:39:57,"[292.1, 30]","[279.33, 36]","[294.81, 36]","[295.6, 50]",293.45,152,2.71,-0.13
07:39:58,"[281.0, 55]","[280.54, 48]","[295.0, 80]","[297.0, 48]",288.0,231,14.0,-0.11
07:39:59,"[286.03, 66]","[280.29, 34]","[295.0, 52]","[297.0, 36]",290.52,188,8.97,0.06
07:40:00,"[283.35, 46]","[282.2, 61]","[295.0, 36]","[297.0, 27]",289.17,170,11.65,0.26
07:40:01,"[283.0, 36]","[282.0, 42]","[295.0, 16]","[297.0, 18]",289.0,112,12.0,0.39
07:40:02,"[283.25, 24]","[282.46, 39]","[295.0, 12]","[297.0, 18]",289.12,93,11.75,0.35
07:40:03,"[285.11, 38]","[282.43, 154]","[295.0, 38]","[297.92, 78]",290.05,308,9.89,0.25
07:40:04,"[288.43, 28]","[285.16, 38]","[295.0, 28]","[297.0, 126]",291.71,220,6.57,-0.4
07:40:05,"[293.03, 31]","[288.54, 26]","[295.55, 33]","[297.16, 111]",294.29,201,2.51,-0.43
07:40:06,"[290.67, 21]","[286.32, 38]","[296.5, 90]","[297.94, 96]",293.58,245,5.83,-0.52
07:40:07,"[289.0, 28]","[288.0, 24]","[296.0, 40]","[297.0, 52]",292.5,144,7.0,-0.28
07:40:08,"[289.94, 18]","[288.55, 29]","[296.0, 79]","[298.2, 50]",292.97,176,6.06,-0.47
07:40:09,"[292.88, 17]","[290.12, 26]","[295.78, 104]","[298.08, 65]",294.33,212,2.9,-0.59
07:40:10,"[293.0, 16]","[284.12, 40]","[294.06, 48]","[298.03, 74]",293.53,178,1.06,-0.37
07:40:11,"[283.0, 20]","[279.29, 14]","[293.67, 36]","[297.45, 58]",288.33,128,10.67,-0.47
07:40:12,"[283.0, 8]","[279.0, 8]","[292.75, 16]","[294.0, 24]",287.88,56,9.75,-0.43
07:40:13,"[283.0, 16]","[279.0, 16]","[291.62, 32]","[294.0, 48]",287.31,112,8.62,-0.43
07:40:14,"[283.0, 30]","[279.0, 16]","[289.63, 41]","[293.47, 45]",286.32,132,6.63,-0.3
07:40:15,"[283.0, 30]","[279.0, 15]","[288.75, 73]","[291.37, 57]",285.88,175,5.75,-0.49
07:40:16,"[283.0, 18]","[279.0, 9]","[290.07, 28]","[294.28, 29]",286.54,84,7.07,-0.36
07:40:17,"[283.0, 16]","[279.0, 8]","[294.0, 24]","[295.0, 32]",288.5,80,11.0,-0.4
07:40:18,"[284.1, 30]","[281.67, 18]","[294.4, 40]","[295.55, 44]",289.25,132,10.3,-0.27
07:40:19,"[285.92, 36]","[283.0, 34]","[294.62, 53]","[295.64, 66]",290.27,189,8.71,-0.26
07:40:20,"[286.0, 48]","[283.42, 26]","[289.62, 64]","[294.24, 74]",287.81,212,3.62,-0.3
07:40:21,"[286.83, 36]","[284.0, 12]","[289.0, 48]","[293.58, 48]",287.92,144,2.17,-0.33
07:40:22,"[287.18, 33]","[283.0, 11]","[289.0, 44]","[292.49, 49]",288.09,137,1.82,-0.36
07:40:23,"[288.0, 48]","[282.62, 16]","[289.0, 64]","[293.51, 69]",288.5,197,1.0,-0.35
07:40:24,"[283.43, 14]","[278.6, 10]","[289.0, 16]","[293.0, 40]",286.21,80,5.57,-0.4
07:40:25,"[279.0, 8]","[277.25, 16]","[289.0, 8]","[293.0, 32]",284.0,64,10.0,-0.25
07:40:26,"[279.0, 9]","[278.0, 9]","[289.0, 9]","[293.0, 36]",284.0,63,10.0,-0.43
07:40:27,"[279.0, 10]","[278.0, 10]","[288.75, 12]","[292.89, 37]",283.88,69,9.75,-0.42
07:40:28,"[279.0, 12]","[278.0, 12]","[287.75, 36]","[291.29, 35]",283.38,95,8.75,-0.49
07:40:29,"[279.0, 13]","[278.0, 13]","[286.92, 39]","[289.0, 39]",282.96,104,7.92,-0.5
07:40:30,"[279.0, 13]","[278.0, 13]","[289.0, 13]","[293.0, 78]",284.0,117,10.0,-0.56
07:40:31,"[281.59, 74]","[279.5, 24]","[291.0, 39]","[293.24, 67]",286.3,204,9.41,-0.04
07:40:32,"[283.29, 77]","[282.63, 76]","[292.0, 26]","[293.0, 52]",287.64,231,8.71,0.32
07:40:33,"[285.08, 48]","[283.14, 84]","[292.0, 22]","[293.0, 44]",288.54,198,6.92,0.33
07:40:34,"[289.07, 101]","[288.81, 119]","[292.28, 36]","[293.56, 72]",290.67,328,3.21,0.34
07:40:35,"[291.95, 94]","[290.17, 58]","[293.97, 33]","[295.89, 72]",292.96,257,2.02,0.18
07:40:36,"[293.59, 44]","[292.22, 54]","[295.0, 31]","[297.0, 80]",294.3,209,1.41,-0.06
07:40:37,"[294.0, 60]","[293.0, 36]","[295.0, 36]","[297.0, 96]",294.5,228,1.0,-0.16
07:40:38,"[293.79, 56]","[291.32, 31]","[296.67, 48]","[297.27, 74]",295.23,209,2.88,-0.17
07:40:39,"[294.53, 45]","[293.57, 42]","[297.0, 112]","[299.0, 28]",295.77,227,2.47,-0.23
07:40:40,"[294.88, 48]","[288.5, 24]","[297.0, 89]","[299.0, 32]",295.94,193,2.12,-0.25
07:40:41,"[286.29, 31]","[281.86, 22]","[297.44, 18]","[327.71, 28]",291.87,99,11.15,0.07
07:40:42,"[283.0, 20]","[282.04, 24]","[297.0, 54]","[299.64, 28]",290.0,126,14.0,-0.3
07:40:43,"[284.92, 13]","[282.68, 19]","[297.0, 73]","[300.0, 26]",290.96,131,12.08,-0.51
07:40:44,"[281.24, 34]","[205.6, 40]","[297.0, 60]","[300.0, 20]",289.12,154,15.76,-0.04
07:40:45,"[281.88, 34]","[270.5, 40]","[296.12, 48]","[297.51, 41]",289.0,163,14.24,-0.09
07:40:46,"[290.47, 45]","[286.41, 74]","[293.75, 60]","[295.65, 17]",292.11,196,3.28,0.21
07:40:47,"[284.0, 99]","[282.27, 44]","[291.82, 51]","[293.0, 51]",287.91,245,7.82,0.17
07:40:48,"[284.0, 55]","[282.45, 22]","[292.07, 45]","[293.86, 37]",288.03,159,8.07,-0.03
07:40:49,"[284.0, 50]","[282.0, 20]","[292.23, 26]","[293.85, 26]",288.12,122,8.23,0.15
07:40:50,"[284.31, 65]","[282.0, 26]","[293.0, 39]","[300.19, 37]",288.65,167,8.69,0.09
07:40:51,"[285.0, 60]","[282.0, 24]","[293.0, 32]","[299.77, 52]",289.0,168,8.0,0.0
07:40:52,"[285.92, 65]","[280.31, 26]","[293.0, 26]","[294.0, 13]",289.46,130,7.08,0.4
07:40:53,"[286.0, 40]","[280.0, 16]","[293.0, 16]","[294.0, 8]",289.5,80,7.0,0.4
07:40:54,"[290.78, 54]","[284.49, 39]","[298.44, 45]","[298.08, 12]",294.61,150,7.67,0.24
07:40:55,"[298.77, 13]","[293.5, 8]","[300.09, 11]","[301.33, 3]",299.43,35,1.32,0.2
07:40:56,"[296.0, 48]","[280.11, 38]","[300.31, 16]","[301.31, 16]",298.16,118,4.31,0.46
07:40:57,"[282.0, 21]","[278.0, 56]","[308.0, 7]","[434.0, 28]",295.0,112,26.0,0.38
07:40:58,"[282.0, 21]","[278.0, 56]","[288.62, 13]","[344.18, 11]",285.31,101,6.62,0.52
07:40:59,"[282.0, 21]","[278.0, 56]","[382.4, 15]","[463.45, 22]",332.2,114,100.4,0.35
07:41:00,"[293.32, 34]","[280.12, 33]","[405.62, 26]","[455.32, 19]",349.47,112,112.29,0.2
07:41:01,"[298.0, 136]","[292.39, 23]","[363.54, 26]","[440.66, 38]",330.77,223,65.54,0.43
07:41:02,"[298.5, 20]","[297.97, 101]","[403.96, 23]","[438.95, 22]",351.23,166,105.46,0.46
07:41:03,"[298.0, 64]","[295.0, 16]","[333.88, 26]","[367.53, 17]",315.94,123,35.88,0.3
07:41:04,"[298.0, 69]","[295.0, 22]","[299.36, 25]","[310.29, 31]",298.68,147,1.36,0.24
07:41:05,"[298.0, 24]","[295.0, 16]","[300.62, 24]","[343.0, 20]",299.31,84,2.62,-0.05
07:41:06,"[298.0, 18]","[295.0, 12]","[301.0, 18]","[308.0, 24]",299.5,72,3.0,-0.17
07:41:07,"[297.88, 32]","[296.6, 35]","[299.91, 33]","[302.79, 38]",298.89,138,2.03,-0.03
07:41:08,"[297.38, 52]","[296.67, 36]","[299.0, 33]","[301.7, 40]",298.19,161,1.62,0.09
07:41:09,"[297.56, 54]","[296.81, 58]","[299.0, 31]","[302.39, 46]",298.28,189,1.44,0.19
07:41:10,"[297.0, 138]","[294.0, 11]","[299.0, 11]","[303.0, 33]",298.0,193,2.0,0.54
07:41:11,"[297.49, 97]","[297.22, 27]","[308.03, 31]","[415.08, 24]",302.76,179,10.54,0.39
07:41:12,"[301.73, 11]","[297.28, 58]","[309.0, 44]","[387.84, 43]",305.36,156,7.27,-0.12
07:41:13,"[298.71, 7]","[295.42, 38]","[309.0, 20]","[414.0, 5]",303.86,70,10.29,0.29
07:41:14,"[297.0, 4]","[294.0, 20]","[307.8, 5]","[330.0, 5]",302.4,34,10.8,0.41
07:41:15,"[298.42, 12]","[297.0, 24]","[305.86, 21]","[314.33, 51]",302.14,108,7.44,-0.33
07:41:16,"[299.0, 2]","[297.0, 4]","[308.0, 8]","[329.0, 10]",303.5,24,9.0,-0.5
07:41:17,"[299.15, 13]","[297.09, 23]","[307.49, 41]","[442.63, 52]",303.32,129,8.33,-0.44
07:41:18,"[300.0, 24]","[299.0, 12]","[306.35, 43]","[307.49, 41]",303.17,120,6.35,-0.4
07:41:19,"[300.0, 24]","[299.0, 12]","[303.87, 38]","[306.57, 46]",301.93,120,3.87,-0.4
07:41:20,"[300.0, 14]","[299.0, 7]","[302.0, 21]","[310.68, 25]",301.0,67,2.0,-0.37
07:41:21,"[299.5, 16]","[297.4, 20]","[302.1, 20]","[310.11, 36]",300.8,92,2.6,-0.22
07:41:22,"[299.0, 13]","[297.0, 26]","[302.85, 13]","[310.65, 46]",300.92,98,3.85,-0.2
07:41:23,"[297.15, 13]","[294.43, 14]","[301.08, 49]","[302.31, 13]",299.12,89,3.93,-0.39
07:41:24,"[297.0, 8]","[294.0, 8]","[300.88, 40]","[302.0, 11]",298.94,67,3.88,-0.52
07:41:25,"[297.0, 11]","[294.0, 11]","[299.65, 23]","[302.4, 20]",298.33,65,2.65,-0.32
07:41:26,"[299.46, 61]","[297.09, 33]","[304.75, 16]","[310.05, 42]",302.1,152,5.29,0.24
07:41:27,"[302.09, 33]","[301.68, 82]","[306.0, 13]","[307.0, 26]",304.05,154,3.91,0.49
07:41:28,"[303.02, 111]","[301.26, 76]","[306.06, 33]","[327.93, 27]",304.54,247,3.04,0.51
07:41:29,"[303.0, 109]","[301.0, 66]","[306.0, 33]","[308.45, 22]",304.5,230,3.0,0.52
07:41:30,"[303.0, 93]","[301.0, 66]","[305.68, 31]","[311.43, 28]",304.34,218,2.68,0.46
07:41:31,"[301.46, 39]","[299.89, 27]","[311.0, 14]","[318.0, 35]",306.23,115,9.54,0.15
07:41:32,"[301.0, 40]","[299.0, 24]","[311.0, 16]","[318.0, 40]",306.0,120,10.0,0.07
07:41:33,"[301.0, 28]","[300.0, 7]","[311.0, 14]","[318.0, 35]",306.0,84,10.0,-0.17
07:41:34,"[301.0, 30]","[300.0, 10]","[311.0, 20]","[318.0, 50]",306.0,110,10.0,-0.27
07:41:35,"[301.0, 12]","[300.0, 6]","[311.0, 12]","[318.0, 30]",306.0,60,10.0,-0.4
07:41:36,"[299.29, 14]","[298.11, 19]","[311.0, 14]","[318.0, 35]",305.14,82,11.71,-0.2
07:41:37,"[299.0, 4]","[298.0, 6]","[311.0, 4]","[318.0, 10]",305.0,24,12.0,-0.17
07:41:38,"[299.0, 22]","[298.0, 33]","[308.98, 52]","[312.4, 25]",303.99,132,9.98,-0.17
07:41:39,"[299.0, 11]","[298.0, 33]","[307.16, 49]","[308.3, 33]",303.08,126,8.16,-0.3
07:41:40,"[299.0, 14]","[298.0, 42]","[304.57, 42]","[306.0, 70]",301.79,168,5.57,-0.33
07:41:41,"[298.28, 25]","[297.3, 69]","[301.4, 47]","[306.62, 39]",299.84,180,3.12,0.04
07:41:42,"[297.21, 71]","[294.41, 102]","[299.89, 54]","[307.78, 37]",298.55,264,2.68,0.31
07:41:43,"[294.97, 87]","[290.97, 31]","[297.82, 28]","[300.38, 37]",296.39,183,2.86,0.29
07:41:44,"[295.0, 97]","[292.0, 18]","[296.75, 36]","[300.66, 44]",295.88,195,1.75,0.18
07:41:45,"[295.0, 44]","[292.0, 11]","[299.76, 29]","[310.53, 34]",297.38,118,4.76,-0.07
07:41:46,"[295.19, 27]","[294.14, 21]","[307.0, 22]","[313.0, 55]",301.09,125,11.81,-0.23
07:41:47,"[295.91, 22]","[294.83, 36]","[306.14, 42]","[310.84, 50]",301.03,150,10.23,-0.23
07:41:48,"[296.09, 22]","[294.71, 17]","[310.0, 22]","[317.5, 42]",303.05,103,13.91,-0.24
07:41:49,"[303.67, 12]","[296.82, 22]","[310.0, 22]","[312.0, 22]",306.83,78,6.33,-0.13
07:41:50,"[297.0, 22]","[295.0, 22]","[306.28, 25]","[309.21, 28]",301.64,97,9.28,-0.09
07:41:51,"[297.0, 18]","[295.0, 18]","[304.0, 18]","[306.0, 18]",300.5,72,7.0,0.0
07:41:52,"[297.93, 91]","[296.25, 16]","[302.95, 20]","[304.17, 18]",300.44,145,5.02,0.48
07:41:53,"[297.0, 36]","[295.0, 36]","[300.3, 47]","[301.49, 43]",298.65,162,3.3,-0.11
07:41:54,"[296.54, 26]","[293.45, 29]","[299.3, 37]","[301.21, 28]",297.92,120,2.76,-0.08
07:41:55,"[290.5, 92]","[290.56, 25]","[299.93, 29]","[300.75, 24]",295.22,170,9.43,0.38
07:41:56,"[290.0, 95]","[289.0, 20]","[297.92, 12]","[299.93, 28]",293.96,155,7.92,0.48
07:41:57,"[290.0, 77]","[289.0, 22]","[297.0, 33]","[298.0, 11]",293.5,143,7.0,0.38
07:41:58,"[290.0, 91]","[289.0, 26]","[296.0, 25]","[296.41, 27]",293.0,169,6.0,0.38
07:41:59,"[290.0, 126]","[289.0, 36]","[293.33, 21]","[295.42, 53]",291.67,236,3.33,0.37
07:42:00,"[290.0, 91]","[289.0, 81]","[291.86, 37]","[298.45, 31]",290.93,240,1.86,0.43
07:42:01,"[290.0, 63]","[289.0, 18]","[291.0, 9]","[292.0, 27]",290.5,117,1.0,0.38
07:42:02,"[290.0, 77]","[289.0, 22]","[291.64, 11]","[296.85, 26]",290.82,136,1.64,0.46
07:42:03,"[290.64, 39]","[289.9, 39]","[292.0, 7]","[301.0, 14]",291.32,99,1.36,0.58
07:42:04,"[291.0, 30]","[290.0, 24]","[292.0, 6]","[296.8, 15]",291.5,75,1.0,0.44
07:42:05,"[291.0, 70]","[290.0, 56]","[292.0, 14]","[294.0, 42]",291.5,182,1.0,0.38
07:42:06,"[290.51, 49]","[288.91, 44]","[292.0, 11]","[294.0, 33]",291.26,137,1.49,0.36
07:42:07,"[288.83, 72]","[287.4, 70]","[292.56, 18]","[295.43, 49]",290.69,209,3.72,0.36
07:42:08,"[287.0, 20]","[285.0, 10]","[294.0, 5]","[301.0, 10]",290.5,45,7.0,0.33
07:42:09,"[287.0, 40]","[285.0, 20]","[294.0, 10]","[299.35, 34]",290.5,104,7.0,0.15
07:42:10,"[287.0, 54]","[285.0, 18]","[294.0, 9]","[299.0, 36]",290.5,117,7.0,0.23
07:42:11,"[287.0, 48]","[285.0, 16]","[293.0, 16]","[294.0, 8]",290.0,88,6.0,0.45
07:42:12,"[287.0, 48]","[275.45, 22]","[296.12, 16]","[298.46, 28]",291.56,114,9.12,0.23
07:42:13,"[287.86, 58]","[279.81, 96]","[297.0, 51]","[299.34, 47]",292.43,252,9.14,0.22
07:42:14,"[290.0, 26]","[286.06, 64]","[297.0, 39]","[300.0, 104]",293.5,233,7.0,-0.23
07:42:15,"[290.0, 26]","[284.0, 52]","[296.85, 39]","[300.0, 104]",293.42,221,6.85,-0.29
07:42:16,"[290.0, 20]","[284.0, 40]","[295.9, 30]","[298.36, 44]",292.95,134,5.9,-0.1
07:42:17,"[285.44, 32]","[283.87, 46]","[294.0, 26]","[295.0, 39]",289.72,143,8.56,0.09
07:42:18,"[287.07, 28]","[283.73, 44]","[294.0, 25]","[295.0, 42]",290.54,139,6.93,0.04
07:42:19,"[290.57, 14]","[289.64, 25]","[293.17, 29]","[294.65, 23]",291.87,91,2.6,-0.14
07:42:20,"[288.38, 16]","[284.56, 18]","[291.71, 17]","[292.35, 23]",290.04,74,3.33,-0.08
07:42:21,"[288.0, 26]","[283.0, 26]","[294.94, 17]","[292.35, 79]",291.47,148,6.94,-0.3
07:42:22,"[288.0, 24]","[283.0, 24]","[296.5, 36]","[304.38, 24]",292.25,108,8.5,-0.11
07:42:23,"[285.08, 24]","[280.79, 38]","[299.96, 23]","[304.56, 18]",292.52,103,14.87,0.2
07:42:24,"[284.29, 58]","[282.25, 64]","[301.0, 28]","[304.29, 28]",292.65,178,16.71,0.37
07:42:25,"[288.27, 51]","[286.7, 47]","[301.0, 30]","[304.0, 30]",294.64,158,12.73,0.24
07:42:26,"[298.0, 70]","[297.0, 14]","[299.32, 38]","[301.36, 28]",298.66,150,1.32,0.12
07:42:27,"[297.93, 28]","[290.24, 21]","[300.54, 26]","[303.5, 24]",299.23,99,2.61,-0.01
07:42:28,"[298.25, 16]","[295.0, 18]","[301.0, 20]","[304.0, 20]",299.62,74,2.75,-0.08
07:42:29,"[297.0, 17]","[294.0, 51]","[299.71, 34]","[302.95, 43]",298.35,145,2.71,-0.06
07:42:30,"[295.67, 9]","[292.86, 21]","[303.0, 14]","[307.0, 14]",299.33,58,7.33,0.03
07:42:31,"[294.0, 30]","[288.55, 73]","[303.04, 27]","[306.62, 32]",298.52,162,9.04,0.27
07:42:32,"[298.17, 24]","[287.78, 55]","[307.0, 24]","[308.0, 36]",302.58,139,8.83,0.14
07:42:33,"[304.0, 30]","[298.0, 20]","[308.0, 45]","[309.0, 30]",306.0,125,4.0,-0.2
07:42:34,"[304.0, 18]","[302.0, 9]","[307.84, 25]","[308.86, 22]",305.92,74,3.84,-0.27
07:42:35,"[304.0, 28]","[302.0, 14]","[307.0, 28]","[308.16, 31]",305.5,101,3.0,-0.17
07:42:36,"[304.0, 20]","[302.0, 10]","[306.4, 20]","[308.27, 22]",305.2,72,2.4,-0.17
07:42:37,"[304.0, 22]","[302.0, 11]","[305.64, 22]","[309.0, 33]",304.82,88,1.64,-0.25
07:42:38,"[302.08, 26]","[297.7, 40]","[307.12, 34]","[309.67, 36]",304.6,136,5.04,-0.03
07:42:39,"[297.0, 57]","[294.0, 38]","[310.37, 57]","[406.42, 48]",303.68,200,13.37,-0.05
07:42:40,"[297.0, 30]","[294.0, 20]","[310.0, 33]","[429.39, 36]",303.5,119,13.0,-0.16
07:42:41,"[297.0, 33]","[294.0, 22]","[309.0, 93]","[339.4, 15]",303.0,163,12.0,-0.33
07:42:42,"[297.4, 25]","[295.8, 25]","[308.25, 36]","[309.3, 71]",302.82,157,10.85,-0.36
07:42:43,"[298.0, 30]","[297.0, 45]","[308.0, 45]","[309.0, 87]",303.0,207,10.0,-0.28
07:42:44,"[298.0, 18]","[297.0, 27]","[306.44, 27]","[309.0, 35]",302.22,107,8.44,-0.16
07:42:45,"[298.0, 18]","[297.0, 27]","[306.0, 27]","[309.0, 27]",302.0,99,8.0,-0.09
07:42:46,"[297.33, 36]","[294.93, 58]","[305.07, 42]","[309.88, 50]",301.2,186,7.74,0.01
07:42:47,"[297.0, 36]","[294.0, 60]","[304.67, 36]","[309.85, 54]",300.83,186,7.67,0.03
07:42:48,"[297.0, 33]","[294.0, 55]","[303.09, 33]","[308.0, 22]",300.05,143,6.09,0.23
07:42:49,"[297.0, 30]","[294.0, 50]","[302.1, 30]","[308.7, 20]",299.55,130,5.1,0.23
07:42:50,"[297.0, 33]","[294.0, 55]","[300.55, 33]","[309.81, 31]",298.77,152,3.55,0.16
07:42:51,"[297.0, 45]","[294.0, 75]","[299.13, 45]","[308.8, 30]",298.07,195,2.13,0.23
07:42:52,"[294.93, 29]","[289.87, 31]","[301.76, 17]","[312.15, 26]",298.35,103,6.83,0.17
07:42:53,"[300.67, 90]","[290.61, 46]","[306.0, 22]","[312.0, 55]",303.33,213,5.33,0.28
07:42:54,"[304.0, 156]","[297.67, 73]","[305.05, 38]","[307.03, 29]",304.53,296,1.05,0.55
07:42:55,"[304.0, 168]","[299.7, 46]","[305.0, 42]","[307.0, 28]",304.5,284,1.0,0.51
07:42:56,"[304.0, 75]","[300.0, 24]","[306.65, 17]","[312.68, 37]",305.32,153,2.65,0.29
07:42:57,"[304.0, 46]","[300.0, 18]","[307.0, 12]","[313.0, 30]",305.5,106,3.0,0.21
07:42:58,"[304.0, 55]","[300.0, 33]","[306.2, 30]","[309.9, 31]",305.1,149,2.2,0.18
07:42:59,"[304.0, 70]","[300.0, 42]","[306.0, 42]","[307.0, 28]",305.0,182,2.0,0.23
07:43:00,"[300.0, 33]","[298.07, 75]","[304.73, 33]","[307.0, 22]",302.36,163,4.73,0.33
07:43:01,"[300.96, 134]","[299.81, 52]","[303.69, 48]","[307.0, 32]",302.32,266,2.73,0.4
07:43:02,"[300.31, 101]","[298.6, 87]","[302.65, 51]","[306.7, 40]",301.48,279,2.34,0.35
07:43:03,"[300.29, 56]","[298.87, 55]","[303.0, 39]","[310.0, 26]",301.64,176,2.71,0.26
07:43:04,"[298.74, 43]","[298.0, 40]","[308.56, 27]","[310.52, 29]",303.65,139,9.81,0.19
07:43:05,"[298.0, 49]","[297.0, 28]","[309.0, 21]","[312.84, 38]",303.5,136,11.0,0.13
07:43:06,"[298.0, 77]","[297.0, 44]","[310.54, 39]","[313.15, 65]",304.27,225,12.54,0.08
07:43:07,"[300.81, 32]","[297.89, 71]","[312.0, 44]","[313.0, 66]",306.41,213,11.19,-0.03
07:43:08,"[303.0, 16]","[298.0, 56]","[312.0, 32]","[313.0, 48]",307.5,152,9.0,-0.05
07:43:09,"[303.0, 22]","[298.0, 77]","[311.18, 44]","[312.63, 54]",307.09,197,8.18,0.01
07:43:10,"[298.44, 41]","[296.89, 38]","[311.0, 40]","[312.0, 50]",304.72,169,12.56,-0.07
07:43:11,"[298.0, 35]","[296.0, 16]","[311.0, 30]","[312.0, 35]",304.5,116,13.0,-0.12
07:43:12,"[298.0, 45]","[296.0, 18]","[311.0, 54]","[312.0, 45]",304.5,162,13.0,-0.22
07:43:13,"[298.0, 80]","[296.0, 32]","[308.61, 76]","[309.55, 62]",303.3,250,10.61,-0.1
07:43:14,"[298.0, 75]","[296.0, 30]","[303.67, 60]","[306.0, 30]",300.83,195,5.67,0.08
07:43:15,"[298.05, 84]","[296.48, 42]","[301.42, 52]","[303.11, 54]",299.74,232,3.38,0.09
07:43:16,"[298.0, 73]","[296.0, 30]","[299.67, 30]","[300.67, 30]",298.83,163,1.67,0.26
07:43:17,"[298.0, 52]","[296.0, 24]","[299.58, 24]","[308.65, 46]",298.79,146,1.58,0.04
07:43:18,"[298.0, 22]","[296.0, 20]","[306.2, 20]","[311.71, 45]",302.1,107,8.2,-0.21
07:43:19,"[296.57, 14]","[295.44, 9]","[301.0, 20]","[313.55, 22]",298.79,65,4.43,-0.29
07:43:20,"[286.21, 71]","[285.64, 33]","[297.0, 40]","[307.0, 20]",291.61,164,10.79,0.27
07:43:21,"[286.83, 95]","[284.0, 48]","[296.2, 40]","[300.42, 48]",291.52,231,9.37,0.24
07:43:22,"[287.0, 50]","[284.0, 38]","[293.0, 10]","[297.4, 40]",290.0,138,6.0,0.28
07:43:23,"[289.09, 47]","[285.25, 63]","[298.0, 56]","[306.0, 28]",293.54,194,8.91,0.13
07:43:24,"[295.0, 26]","[287.0, 52]","[296.89, 19]","[298.92, 48]",295.95,145,1.89,0.08
07:43:25,"[295.0, 18]","[287.0, 36]","[299.5, 12]","[300.0, 27]",297.25,93,4.5,0.16
07:43:26,"[295.0, 24]","[287.0, 48]","[308.83, 48]","[386.08, 52]",301.92,172,13.83,-0.16
07:43:27,"[287.0, 56]","[286.0, 56]","[308.53, 38]","[339.11, 61]",297.76,211,21.53,0.06
07:43:28,"[286.31, 64]","[281.02, 53]","[295.64, 44]","[305.04, 50]",290.97,211,9.32,0.11
07:43:29,"[286.0, 56]","[276.72, 50]","[290.15, 20]","[292.97, 39]",288.07,165,4.15,0.28
07:43:30,"[286.17, 63]","[276.78, 54]","[289.09, 23]","[291.34, 53]",287.63,193,2.91,0.21
07:43:31,"[287.41, 104]","[283.95, 40]","[290.35, 46]","[291.67, 36]",288.88,226,2.93,0.27
07:43:32,"[289.21, 112]","[287.84, 190]","[290.52, 71]","[292.14, 65]",289.87,438,1.31,0.38
07:43:33,"[290.8, 82]","[284.72, 65]","[294.41, 51]","[299.11, 55]",292.61,253,3.61,0.16
07:43:34,"[293.07, 105]","[282.0, 30]","[299.0, 60]","[301.0, 15]",296.03,210,5.93,0.29
07:43:35,"[294.0, 77]","[281.14, 57]","[297.93, 43]","[298.9, 29]",295.97,206,3.93,0.3
07:43:36,"[295.0, 126]","[285.0, 42]","[296.04, 78]","[298.0, 39]",295.52,285,1.04,0.18
07:43:37,"[295.95, 40]","[294.06, 17]","[299.0, 23]","[300.36, 14]",297.48,94,3.05,0.21
07:43:38,"[297.82, 66]","[295.12, 17]","[299.45, 11]","[305.0, 11]",298.64,105,1.64,0.58
07:43:39,"[298.0, 54]","[293.0, 9]","[300.0, 9]","[311.0, 9]",299.0,81,2.0,0.56
07:43:40,"[298.0, 34]","[293.0, 6]","[300.0, 6]","[311.0, 6]",299.0,52,2.0,0.54
07:43:41,"[298.02, 56]","[296.04, 225]","[307.33, 12]","[450.09, 32]",302.68,325,9.32,0.73
07:43:42,"[299.92, 13]","[298.0, 65]","[311.0, 13]","[598.75, 59]",305.46,150,11.08,0.04
07:43:43,"[299.06, 31]","[296.81, 135]","[309.32, 19]","[498.48, 61]",304.19,246,10.25,0.35
07:43:44,"[296.06, 165]","[295.14, 28]","[304.86, 29]","[306.0, 25]",300.46,247,8.8,0.56
07:43:45,"[295.97, 186]","[294.87, 45]","[304.0, 10]","[305.0, 50]",299.98,291,8.03,0.59
07:43:46,"[295.0, 21]","[293.0, 5]","[304.0, 5]","[305.0, 25]",299.5,56,9.0,-0.07
07:43:47,"[295.64, 25]","[290.42, 31]","[303.15, 13]","[305.15, 65]",299.4,134,7.51,-0.16
07:43:48,"[296.31, 26]","[294.92, 25]","[301.74, 27]","[305.69, 65]",299.02,143,5.43,-0.29
07:43:49,"[293.98, 50]","[290.28, 39]","[300.29, 42]","[301.8, 30]",297.13,161,6.31,0.11
07:43:50,"[293.0, 13]","[289.04, 73]","[294.56, 45]","[299.78, 27]",293.78,158,1.56,0.09
07:43:51,"[291.0, 9]","[289.07, 45]","[295.91, 46]","[304.97, 31]",293.46,131,4.91,-0.18
07:43:52,"[291.13, 30]","[289.5, 28]","[300.97, 65]","[303.29, 89]",296.05,212,9.84,-0.45
07:43:53,"[289.75, 53]","[287.46, 48]","[296.53, 57]","[297.18, 66]",293.14,224,6.77,-0.1
07:43:54,"[287.0, 80]","[280.0, 32]","[292.57, 42]","[293.4, 72]",289.79,226,5.57,-0.01
07:43:55,"[286.0, 55]","[280.0, 22]","[299.09, 35]","[325.88, 33]",292.54,145,13.09,0.06
07:43:56,"[286.62, 58]","[281.11, 27]","[301.5, 60]","[315.58, 43]",294.06,188,14.88,-0.1
07:43:57,"[287.06, 53]","[281.68, 25]","[299.0, 55]","[307.0, 22]",293.03,155,11.94,0.01
07:43:58,"[287.06, 36]","[283.0, 20]","[299.0, 45]","[307.0, 18]",293.03,119,11.94,-0.06
07:43:59,"[288.85, 26]","[285.0, 60]","[299.0, 65]","[306.85, 26]",293.92,177,10.15,-0.03
07:44:00,"[292.6, 30]","[290.02, 40]","[299.0, 50]","[305.0, 20]",295.8,140,6.4,0.0
07:44:01,"[296.61, 36]","[294.42, 55]","[299.0, 60]","[304.55, 22]",297.81,173,2.39,0.05
07:44:02,"[294.25, 64]","[293.29, 42]","[298.6, 40]","[299.21, 38]",296.43,184,4.35,0.15
07:44:03,"[294.0, 78]","[293.0, 39]","[296.0, 13]","[299.23, 65]",295.0,195,2.0,0.2
07:44:04,"[293.81, 73]","[289.62, 58]","[300.15, 34]","[303.23, 65]",296.98,230,6.34,0.14
07:44:05,"[293.31, 29]","[286.47, 60]","[302.0, 50]","[306.0, 40]",297.66,179,8.69,-0.01
07:44:06,"[294.62, 24]","[286.89, 36]","[302.0, 40]","[306.0, 32]",298.31,132,7.38,-0.09
07:44:07,"[295.53, 45]","[294.0, 15]","[302.0, 75]","[306.0, 60]",298.77,195,6.47,-0.38
07:44:08,"[296.22, 27]","[294.0, 9]","[300.77, 13]","[303.93, 29]",298.5,78,4.55,-0.08
07:44:09,"[295.21, 34]","[290.7, 20]","[299.38, 26]","[305.04, 27]",297.3,107,4.18,0.01
07:44:10,"[291.0, 36]","[289.11, 18]","[295.87, 46]","[297.64, 36]",293.43,136,4.87,-0.21
07:44:11,"[291.15, 27]","[286.51, 59]","[294.41, 54]","[295.24, 41]",292.78,181,3.26,-0.05
07:44:12,"[289.0, 11]","[286.0, 77]","[290.36, 44]","[293.0, 11]",289.68,143,1.36,0.23
07:44:13,"[286.07, 83]","[285.54, 26]","[291.65, 40]","[294.14, 14]",288.86,163,5.58,0.34
07:44:14,"[286.13, 46]","[285.36, 66]","[292.0, 54]","[293.0, 16]",289.07,182,5.87,0.23
07:44:15,"[287.0, 10]","[286.0, 40]","[292.0, 30]","[293.0, 10]",289.5,90,5.0,0.11
07:44:16,"[288.56, 9]","[286.0, 36]","[292.7, 23]","[298.88, 17]",290.63,85,4.14,0.06
07:44:17,"[289.62, 8]","[286.0, 32]","[300.0, 8]","[303.0, 40]",294.81,88,10.38,-0.09
07:44:18,"[284.95, 38]","[283.57, 56]","[295.05, 20]","[302.84, 58]",290.0,172,10.1,0.09
07:44:19,"[284.0, 64]","[282.0, 64]","[294.35, 46]","[302.57, 35]",289.17,209,10.35,0.22
07:44:20,"[287.64, 50]","[282.62, 52]","[300.94, 32]","[303.32, 53]",294.29,187,13.3,0.09
07:44:21,"[297.0, 9]","[283.0, 36]","[300.0, 18]","[304.0, 27]",298.5,90,3.0,0.0
07:44:22,"[297.0, 10]","[283.0, 40]","[302.15, 13]","[304.8, 44]",299.58,107,5.15,-0.07
07:44:23,"[297.0, 11]","[283.0, 44]","[304.0, 11]","[305.0, 55]",300.5,121,7.0,-0.09
07:44:24,"[283.98, 45]","[282.33, 60]","[291.86, 29]","[304.81, 43]",287.92,177,7.88,0.19
07:44:25,"[284.75, 16]","[283.0, 64]","[288.0, 16]","[292.8, 30]",286.38,126,3.25,0.27
07:44:26,"[286.0, 12]","[280.08, 48]","[291.2, 20]","[298.0, 16]",288.6,96,5.2,0.25
07:44:27,"[287.67, 9]","[277.94, 34]","[293.67, 18]","[302.2, 10]",290.67,71,6.0,0.21
07:44:28,"[281.4, 20]","[276.25, 24]","[302.36, 11]","[304.96, 28]",291.88,83,20.96,0.06
07:44:29,"[276.55, 40]","[275.62, 32]","[304.0, 9]","[305.0, 27]",290.27,108,27.45,0.33
07:44:30,"[277.0, 68]","[264.95, 19]","[299.96, 24]","[302.5, 22]",288.48,133,22.96,0.31
07:44:31,"[282.88, 17]","[278.11, 37]","[292.82, 45]","[294.93, 27]",287.85,126,9.94,-0.14
07:44:32,"[279.0, 22]","[278.0, 33]","[287.0, 22]","[293.0, 11]",283.0,88,8.0,0.25
07:44:33,"[279.0, 14]","[278.0, 21]","[287.0, 14]","[293.0, 7]",283.0,56,8.0,0.25
07:44:34,"[280.29, 21]","[279.8, 49]","[286.75, 16]","[289.57, 14]",283.52,100,6.46,0.4
07:44:35,"[282.63, 19]","[280.17, 46]","[286.0, 11]","[287.0, 22]",284.32,98,3.37,0.33
07:44:36,"[284.48, 65]","[283.5, 42]","[286.59, 17]","[292.0, 49]",285.53,173,2.11,0.24
07:44:37,"[285.29, 51]","[284.36, 56]","[287.0, 11]","[292.97, 31]",286.15,149,1.71,0.44
07:44:38,"[286.52, 31]","[285.07, 74]","[290.08, 13]","[292.29, 14]",288.3,132,3.56,0.59
07:44:39,"[288.88, 34]","[287.5, 30]","[292.0, 16]","[293.0, 16]",290.44,96,3.12,0.33
07:44:40,"[290.4, 50]","[288.0, 32]","[292.0, 20]","[293.0, 30]",291.2,132,1.6,0.24
07:44:41,"[291.53, 17]","[287.04, 25]","[293.38, 29]","[294.0, 42]",292.45,113,1.85,-0.26
07:44:42,"[292.0, 18]","[279.0, 18]","[294.0, 45]","[295.0, 18]",293.0,99,2.0,-0.27
07:44:43,"[292.71, 28]","[279.57, 28]","[294.0, 41]","[295.0, 28]",293.36,125,1.29,-0.1
07:44:44,"[280.0, 24]","[276.33, 12]","[293.67, 24]","[336.81, 36]",286.83,96,13.67,-0.25
07:44:45,"[294.4, 43]","[279.9, 20]","[369.75, 32]","[440.17, 41]",332.07,136,75.35,-0.07
07:44:46,"[282.8, 10]","[277.62, 13]","[447.25, 16]","[470.71, 21]",365.02,60,164.45,-0.23
07:44:47,"[292.5, 12]","[289.8, 15]","[449.91, 33]","[566.33, 27]",371.2,87,157.41,-0.38
07:44:48,"[295.79, 14]","[292.6, 20]","[340.42, 60]","[597.75, 36]",318.1,130,44.63,-0.48
07:44:49,"[298.0, 40]","[294.4, 25]","[487.97, 72]","[620.04, 52]",392.99,189,189.97,-0.31
07:44:50,"[298.0, 27]","[297.0, 18]","[482.26, 19]","[487.07, 42]",390.13,106,184.26,-0.15
07:44:51,"[298.0, 24]","[297.0, 16]","[404.41, 17]","[427.81, 27]",351.21,84,106.41,-0.05
07:44:52,"[297.67, 12]","[296.36, 28]","[379.69, 39]","[479.57, 44]",338.68,123,82.03,-0.35
07:44:53,"[296.0, 27]","[277.73, 11]","[371.54, 35]","[408.06, 36]",333.77,109,75.54,-0.3
07:44:54,"[301.6, 10]","[284.77, 22]","[364.38, 40]","[371.85, 33]",332.99,105,62.77,-0.39
07:44:55,"[300.57, 14]","[287.69, 16]","[369.11, 38]","[370.18, 44]",334.84,112,68.53,-0.46
07:44:56,"[296.86, 28]","[276.27, 11]","[365.59, 39]","[367.42, 24]",331.22,102,68.73,-0.24
07:44:57,"[290.25, 24]","[223.69, 16]","[359.83, 30]","[360.35, 43]",325.04,113,69.58,-0.29
07:44:58,"[286.56, 16]","[129.87, 23]","[356.44, 18]","[358.67, 24]",321.5,81,69.88,-0.04
07:44:59,"[290.0, 20]","[289.0, 30]","[355.23, 44]","[356.15, 26]",322.61,120,65.23,-0.17
07:45:00,"[290.57, 28]","[194.04, 53]","[351.83, 46]","[353.07, 43]",321.2,170,61.25,-0.05
07:45:01,"[291.0, 32]","[180.36, 66]","[346.12, 58]","[347.16, 45]",318.56,201,55.12,-0.02
07:45:02,"[283.26, 31]","[203.45, 33]","[337.65, 57]","[340.96, 47]",310.45,168,54.39,-0.24
07:45:03,"[255.0, 10]","[171.0, 30]","[289.36, 25]","[292.23, 26]",272.18,91,34.36,-0.12
07:45:04,"[201.0, 12]","[167.19, 16]","[292.0, 6]","[293.0, 18]",246.5,52,91.0,0.08
07:45:05,"[191.17, 29]","[151.03, 29]","[287.0, 11]","[290.4, 15]",239.09,84,95.83,0.38
07:45:06,"[219.2, 15]","[200.47, 15]","[291.5, 24]","[353.17, 48]",255.35,102,72.3,-0.41
07:45:07,"[261.62, 16]","[224.2, 20]","[373.75, 28]","[440.91, 43]",317.69,107,112.12,-0.33
07:45:08,"[296.0, 14]","[280.31, 16]","[401.21, 38]","[402.73, 22]",348.61,90,105.21,-0.33
07:45:09,"[296.0, 11]","[293.0, 11]","[362.07, 15]","[400.84, 38]",329.03,75,66.07,-0.41
07:45:10,"[293.75, 12]","[277.0, 27]","[307.59, 29]","[331.39, 23]",300.67,91,13.84,-0.14
07:45:11,"[293.95, 44]","[278.75, 8]","[306.0, 8]","[307.0, 16]",299.98,76,12.05,0.37
07:45:12,"[294.8, 89]","[293.0, 14]","[302.43, 44]","[303.36, 28]",298.61,175,7.63,0.18
07:45:13,"[297.0, 70]","[293.0, 14]","[301.63, 35]","[302.33, 42]",299.31,161,4.63,0.04
07:45:14,"[297.83, 47]","[296.79, 76]","[301.19, 32]","[324.6, 40]",299.51,195,3.36,0.26
07:45:15,"[297.0, 117]","[293.0, 13]","[299.23, 26]","[343.85, 52]",298.12,208,2.23,0.25
07:45:16,"[297.0, 90]","[293.0, 10]","[298.2, 20]","[302.67, 24]",297.6,144,1.2,0.39
07:45:17,"[297.0, 56]","[293.0, 12]","[332.25, 24]","[457.9, 40]",314.62,132,35.25,0.03
07:45:18,"[297.0, 16]","[295.25, 16]","[478.08, 26]","[517.75, 32]",387.54,90,181.08,-0.29
07:45:19,"[297.0, 26]","[296.0, 39]","[498.14, 42]","[543.14, 43]",397.57,150,201.14,-0.13
07:45:20,"[268.29, 34]","[285.15, 33]","[393.29, 35]","[489.48, 58]",330.79,160,124.99,-0.16
07:45:21,"[301.17, 139]","[264.3, 40]","[350.41, 41]","[372.53, 43]",325.79,263,49.25,0.36
07:45:22,"[303.0, 129]","[298.37, 19]","[331.62, 39]","[370.48, 46]",317.31,233,28.62,0.27
07:45:23,"[303.0, 144]","[301.81, 16]","[330.56, 48]","[452.38, 32]",316.78,240,27.56,0.33
07:45:24,"[303.0, 81]","[302.0, 9]","[329.78, 27]","[359.12, 34]",316.39,151,26.78,0.19
07:45:25,"[303.0, 63]","[302.0, 7]","[328.86, 21]","[396.71, 28]",315.93,119,25.86,0.18
07:45:26,"[303.0, 79]","[302.0, 11]","[326.72, 32]","[421.94, 33]",314.86,155,23.72,0.16
07:45:27,"[302.44, 18]","[299.5, 12]","[356.03, 30]","[421.48, 25]",329.24,85,53.59,-0.29
07:45:28,"[302.0, 13]","[299.0, 13]","[385.38, 65]","[452.55, 22]",343.69,113,83.38,-0.54
07:45:29,"[302.0, 5]","[299.0, 5]","[385.0, 25]","[514.0, 10]",343.5,45,83.0,-0.56
07:45:30,"[302.0, 9]","[299.0, 9]","[371.38, 37]","[439.12, 17]",336.69,72,69.38,-0.5
07:45:31,"[302.0, 14]","[299.0, 14]","[320.81, 53]","[379.91, 53]",311.41,134,18.81,-0.58
07:45:32,"[298.09, 85]","[296.82, 11]","[304.7, 46]","[335.19, 53]",301.39,195,6.6,-0.02
07:45:33,"[298.0, 66]","[297.0, 10]","[302.28, 36]","[303.17, 48]",300.14,160,4.28,-0.05
07:45:34,"[298.0, 48]","[297.0, 12]","[301.04, 57]","[302.19, 27]",299.52,144,3.04,-0.17
07:45:35,"[298.0, 36]","[297.0, 9]","[300.6, 30]","[301.24, 33]",299.3,108,2.6,-0.17
07:45:36,"[298.0, 24]","[297.0, 12]","[404.97, 38]","[488.88, 34]",351.49,108,106.97,-0.33
07:45:37,"[298.38, 26]","[297.33, 12]","[416.32, 25]","[523.71, 21]",357.35,84,117.94,-0.1
07:45:38,"[299.0, 52]","[298.0, 22]","[406.0, 11]","[511.42, 43]",352.5,128,107.0,0.16
07:45:39,"[299.0, 24]","[298.0, 24]","[383.93, 29]","[420.47, 36]",341.47,113,84.93,-0.15
07:45:40,"[299.0, 20]","[298.0, 20]","[357.96, 26]","[419.93, 14]",328.48,80,58.96,0.0
07:45:41,"[299.0, 18]","[298.0, 18]","[349.33, 36]","[390.38, 32]",324.17,104,50.33,-0.31
07:45:42,"[299.48, 42]","[297.41, 17]","[345.9, 60]","[391.5, 48]",322.69,167,46.42,-0.29
07:45:43,"[300.0, 96]","[298.0, 16]","[335.81, 64]","[353.56, 18]",317.91,194,35.81,0.15
07:45:44,"[300.84, 93]","[299.33, 27]","[332.47, 57]","[357.02, 47]",316.66,224,31.63,0.07
07:45:45,"[302.0, 234]","[299.95, 39]","[330.34, 83]","[380.41, 73]",316.17,429,28.34,0.27
07:45:46,"[302.0, 169]","[300.0, 26]","[328.23, 53]","[345.32, 60]",315.11,308,26.23,0.27
07:45:47,"[302.0, 143]","[300.0, 22]","[326.58, 48]","[327.61, 51]",314.29,264,24.58,0.25
07:45:48,"[302.0, 104]","[300.0, 16]","[324.39, 36]","[326.11, 36]",313.19,192,22.39,0.25
07:45:49,"[302.0, 156]","[300.0, 24]","[323.85, 52]","[422.0, 48]",312.92,280,21.85,0.29
07:45:50,"[302.0, 132]","[300.0, 24]","[323.0, 47]","[418.58, 57]",312.5,260,21.0,0.2
07:45:51,"[302.0, 99]","[300.0, 22]","[322.08, 26]","[347.78, 37]",312.04,184,20.08,0.32
07:45:52,"[302.0, 81]","[300.0, 18]","[316.37, 27]","[317.7, 27]",309.19,153,14.37,0.29
07:45:53,"[302.0, 132]","[300.0, 28]","[311.66, 41]","[312.21, 57]",306.83,258,9.66,0.24
07:45:54,"[302.0, 107]","[300.0, 28]","[306.71, 56]","[307.5, 32]",304.36,223,4.71,0.21
07:45:55,"[302.9, 20]","[301.85, 53]","[305.0, 48]","[307.0, 48]",303.95,169,2.1,-0.14
07:45:56,"[302.0, 28]","[301.0, 28]","[304.0, 32]","[305.45, 47]",303.0,135,2.0,-0.17
07:45:57,"[301.52, 21]","[300.64, 28]","[302.95, 55]","[324.78, 50]",302.23,154,1.42,-0.36
07:45:58,"[299.0, 40]","[298.44, 78]","[317.84, 43]","[448.69, 39]",308.42,200,18.84,0.18
07:45:59,"[298.0, 190]","[296.08, 26]","[390.46, 28]","[468.31, 16]",344.23,260,92.46,0.66
07:46:00,"[298.0, 99]","[296.0, 18]","[384.08, 13]","[385.09, 23]",341.04,153,86.08,0.53
07:46:01,"[298.0, 132]","[296.0, 24]","[373.06, 16]","[383.35, 26]",335.53,198,75.06,0.58
07:46:02,"[298.0, 132]","[296.39, 36]","[381.0, 12]","[382.0, 36]",339.5,216,83.0,0.56
07:46:03,"[298.0, 121]","[297.0, 154]","[357.32, 19]","[370.76, 25]",327.66,319,59.32,0.72
07:46:04,"[298.0, 143]","[297.0, 182]","[359.92, 13]","[361.0, 39]",328.96,377,61.92,0.72
07:46:05,"[298.0, 94]","[297.0, 182]","[358.05, 21]","[359.58, 31]",328.02,328,60.05,0.68
07:46:06,"[298.44, 54]","[297.05, 177]","[354.37, 35]","[421.68, 31]",326.41,297,55.93,0.56
07:46:07,"[301.0, 96]","[298.12, 48]","[343.47, 49]","[401.79, 38]",322.23,231,42.47,0.25
07:46:08,"[303.54, 52]","[301.67, 54]","[340.7, 30]","[352.0, 30]",322.12,166,37.16,0.28
07:46:09,"[304.0, 55]","[302.0, 66]","[326.47, 34]","[340.85, 34]",315.24,189,22.47,0.28
07:46:10,"[304.0, 39]","[302.0, 90]","[318.84, 31]","[323.47, 45]",311.42,205,14.84,0.26
07:46:11,"[303.6, 30]","[301.96, 73]","[313.03, 29]","[319.36, 33]",308.32,165,9.43,0.25
07:46:12,"[302.0, 63]","[299.0, 13]","[303.62, 39]","[331.73, 40]",302.81,155,1.62,-0.02
07:46:13,"[302.0, 12]","[299.0, 6]","[303.33, 18]","[522.78, 27]",302.67,63,1.33,-0.43
07:46:14,"[302.0, 26]","[299.0, 21]","[342.19, 27]","[530.07, 61]",322.09,135,40.19,-0.3
07:46:15,"[302.0, 16]","[299.0, 16]","[518.0, 8]","[532.0, 40]",410.0,80,216.0,-0.2
07:46:16,"[299.38, 16]","[298.05, 44]","[501.42, 38]","[514.88, 16]",400.4,114,202.05,0.05
07:46:17,"[300.67, 24]","[298.62, 32]","[456.75, 60]","[458.0, 48]",378.71,164,156.08,-0.32
07:46:18,"[301.0, 20]","[299.0, 24]","[421.69, 26]","[430.29, 21]",361.35,91,120.69,-0.03
07:46:19,"[300.83, 12]","[298.79, 28]","[411.0, 38]","[420.64, 39]",355.92,117,110.17,-0.32
07:46:20,"[299.0, 11]","[298.0, 66]","[395.71, 45]","[397.85, 39]",347.36,161,96.71,-0.04
07:46:21,"[299.0, 12]","[298.0, 72]","[356.75, 44]","[385.38, 29]",327.88,157,57.75,0.07
07:46:22,"[298.69, 16]","[297.67, 60]","[355.58, 43]","[363.09, 55]",327.13,174,56.89,-0.13
07:46:23,"[298.26, 23]","[296.78, 36]","[338.88, 32]","[355.89, 56]",318.57,147,40.61,-0.2
07:46:24,"[215.1, 84]","[153.57, 65]","[290.52, 87]","[325.44, 25]",252.81,261,75.42,0.14
07:46:25,"[240.02, 49]","[196.34, 47]","[289.0, 54]","[293.0, 14]",264.51,164,48.98,0.17
07:46:26,"[243.53, 30]","[233.84, 31]","[289.0, 54]","[293.0, 18]",266.27,133,45.47,-0.08
07:46:27,"[244.06, 51]","[243.8, 30]","[289.26, 62]","[344.64, 22]",266.66,165,45.2,-0.02
07:46:28,"[276.81, 27]","[251.28, 53]","[293.0, 24]","[421.75, 40]",284.91,144,16.19,0.11
07:46:29,"[292.82, 68]","[233.32, 69]","[352.68, 38]","[437.0, 26]",322.75,201,59.86,0.36
07:46:30,"[293.76, 100]","[153.2, 88]","[461.43, 28]","[635.28, 50]",377.59,266,167.67,0.41
07:46:31,"[297.83, 71]","[207.18, 88]","[381.72, 36]","[412.86, 42]",339.78,237,83.89,0.34
07:46:32,"[300.0, 48]","[298.0, 24]","[345.11, 18]","[347.11, 18]",322.56,108,45.11,0.33
07:46:33,"[300.0, 87]","[298.0, 44]","[342.46, 26]","[343.7, 40]",321.23,197,42.46,0.33
07:46:34,"[300.03, 73]","[298.55, 44]","[341.0, 18]","[343.0, 36]",320.51,171,40.97,0.37
07:46:35,"[300.05, 76]","[298.92, 52]","[340.5, 24]","[342.6, 30]",320.28,182,40.45,0.41
07:46:36,"[300.29, 21]","[299.54, 35]","[339.56, 18]","[340.33, 12]",319.92,86,39.27,0.3
07:46:37,"[302.0, 8]","[300.0, 72]","[336.62, 16]","[339.0, 32]",319.31,128,34.62,0.25
07:46:38,"[302.0, 4]","[300.0, 36]","[335.14, 7]","[338.43, 14]",318.57,61,33.14,0.31
07:46:39,"[300.96, 75]","[299.12, 64]","[331.86, 21]","[332.43, 30]",316.41,190,30.9,0.46
07:46:40,"[306.0, 36]","[300.0, 120]","[322.09, 23]","[327.21, 14]",314.04,193,16.09,0.62
07:46:41,"[301.04, 121]","[299.27, 110]","[310.09, 32]","[310.86, 44]",305.57,307,9.05,0.5
07:46:42,"[300.0, 98]","[298.0, 40]","[305.63, 19]","[306.1, 31]",302.82,188,5.63,0.47
07:46:43,"[300.0, 142]","[296.7, 54]","[302.0, 35]","[303.29, 24]",301.0,255,2.0,0.54
07:46:44,"[299.67, 36]","[296.69, 32]","[301.13, 23]","[348.31, 13]",300.4,104,1.46,0.31
07:46:45,"[298.0, 8]","[295.0, 16]","[301.75, 8]","[561.62, 16]",299.88,48,3.75,0.0
07:46:46,"[298.0, 14]","[295.0, 28]","[649.53, 32]","[699.67, 49]",473.77,123,351.53,-0.32
07:46:47,"[298.33, 12]","[295.27, 22]","[635.28, 29]","[648.68, 38]",466.8,101,336.94,-0.33
07:46:48,"[300.0, 9]","[298.0, 9]","[585.61, 33]","[586.38, 21]",442.8,72,285.61,-0.5
07:46:49,"[300.0, 10]","[298.0, 10]","[535.18, 17]","[584.41, 34]",417.59,71,235.18,-0.44
07:46:50,"[300.0, 8]","[298.0, 8]","[462.62, 40]","[459.04, 28]",381.31,84,162.62,-0.62
07:46:51,"[301.0, 20]","[300.0, 16]","[352.0, 50]","[354.0, 50]",326.5,136,51.0,-0.47
07:46:52,"[166.1, 84]","[170.14, 86]","[351.0, 21]","[352.15, 61]",258.55,252,184.9,0.35
07:46:53,"[253.9, 82]","[253.68, 74]","[319.12, 34]","[345.38, 37]",286.51,227,65.22,0.37
07:46:54,"[276.0, 44]","[258.55, 22]","[287.0, 30]","[290.07, 46]",281.5,142,11.0,-0.07
07:46:55,"[270.0, 84]","[268.7, 23]","[287.0, 33]","[290.0, 55]",278.5,195,17.0,0.1
07:46:56,"[272.56, 128]","[271.73, 88]","[290.0, 60]","[291.0, 60]",281.28,336,17.44,0.29
07:46:57,"[275.25, 32]","[273.0, 112]","[290.0, 37]","[291.0, 40]",282.62,221,14.75,0.3
07:46:58,"[276.67, 36]","[273.0, 126]","[290.0, 36]","[291.0, 45]",283.33,243,13.33,0.33
07:46:59,"[278.22, 36]","[273.0, 126]","[290.0, 36]","[291.0, 45]",284.11,243,11.78,0.33
07:47:00,"[282.03, 62]","[257.38, 198]","[289.36, 50]","[291.36, 61]",285.7,371,7.33,0.4
07:47:01,"[287.99, 131]","[233.0, 78]","[294.0, 22]","[297.64, 55]",291.0,286,6.01,0.46
07:47:02,"[288.0, 143]","[245.48, 137]","[298.38, 37]","[325.2, 46]",293.19,363,10.38,0.54
07:47:03,"[297.67, 83]","[290.28, 46]","[302.0, 65]","[488.44, 32]",299.84,226,4.33,0.14
07:47:04,"[299.0, 44]","[297.0, 8]","[301.43, 28]","[347.58, 31]",300.21,111,2.43,-0.06
07:47:05,"[297.93, 61]","[289.42, 50]","[299.24, 21]","[302.88, 33]",298.59,165,1.3,0.35
07:47:06,"[297.99, 139]","[296.75, 12]","[300.85, 27]","[315.97, 36]",299.42,214,2.86,0.41
07:47:07,"[231.31, 68]","[199.91, 127]","[302.91, 46]","[340.61, 74]",267.11,315,71.6,0.24
07:47:08,"[234.04, 92]","[181.17, 96]","[291.0, 62]","[300.0, 56]",262.52,306,56.96,0.23
07:47:09,"[235.42, 120]","[234.0, 24]","[290.92, 25]","[313.75, 52]",263.17,221,55.5,0.3
07:47:10,"[236.38, 16]","[235.88, 32]","[289.0, 8]","[294.0, 8]",262.69,64,52.62,0.5
07:47:11,"[240.06, 32]","[236.97, 64]","[289.0, 14]","[294.0, 14]",264.53,124,48.94,0.55
07:47:12,"[261.53, 68]","[241.6, 80]","[293.0, 10]","[294.95, 42]",277.26,200,31.47,0.48
07:47:13,"[247.41, 103]","[245.56, 64]","[294.75, 24]","[335.54, 41]",271.08,232,47.34,0.44
07:47:14,"[276.65, 46]","[252.46, 41]","[295.0, 33]","[447.86, 21]",285.83,141,18.35,0.23
07:47:15,"[279.54, 82]","[278.86, 74]","[288.64, 50]","[308.24, 41]",284.09,247,9.1,0.26
07:47:16,"[284.21, 76]","[281.78, 92]","[286.34, 58]","[288.44, 64]",285.28,290,2.13,0.16
07:47:17,"[285.64, 110]","[284.0, 22]","[288.0, 59]","[295.0, 22]",286.82,213,2.36,0.24
07:47:18,"[286.29, 70]","[284.0, 14]","[288.0, 28]","[295.0, 14]",287.14,126,1.71,0.33
07:47:19,"[288.38, 130]","[109.0, 195]","[341.86, 28]","[511.67, 42]",315.12,395,53.47,0.65
07:47:20,"[290.0, 60]","[129.31, 80]","[309.5, 12]","[416.29, 14]",299.75,166,19.5,0.69
07:47:21,"[291.21, 94]","[167.57, 108]","[378.0, 24]","[435.76, 42]",334.61,268,86.79,0.51
07:47:22,"[302.67, 156]","[301.0, 24]","[331.52, 46]","[443.73, 41]",317.09,267,28.86,0.35
07:47:23,"[303.0, 65]","[301.0, 10]","[315.35, 17]","[473.57, 7]",309.18,99,12.35,0.52
07:47:24,"[303.0, 79]","[301.0, 14]","[494.3, 10]","[546.8, 25]",398.65,128,191.3,0.45
07:47:25,"[303.0, 53]","[301.0, 12]","[523.29, 21]","[560.05, 21]",413.14,107,220.29,0.21
07:47:26,"[303.0, 98]","[301.0, 26]","[556.5, 40]","[615.39, 36]",429.75,200,253.5,0.24
07:47:27,"[303.0, 30]","[301.0, 22]","[568.0, 20]","[623.0, 10]",435.5,82,265.0,0.27
07:47:28,"[303.0, 48]","[301.0, 48]","[493.75, 32]","[609.88, 16]",398.38,144,190.75,0.33
07:47:29,"[303.0, 48]","[301.0, 48]","[314.55, 22]","[394.88, 25]",308.77,143,11.55,0.34
07:47:30,"[303.19, 63]","[301.5, 72]","[311.63, 27]","[312.56, 57]",307.41,219,8.44,0.23
07:47:31,"[303.0, 55]","[301.0, 66]","[309.0, 22]","[311.18, 34]",306.0,177,6.0,0.37
07:47:32,"[302.8, 61]","[300.71, 77]","[304.75, 51]","[305.96, 45]",303.77,234,1.94,0.18
07:47:33,"[301.0, 76]","[299.0, 143]","[303.81, 32]","[304.91, 44]",302.41,295,2.81,0.48
07:47:34,"[301.0, 16]","[299.0, 88]","[305.0, 40]","[420.27, 11]",303.0,155,4.0,0.34
07:47:35,"[301.0, 20]","[299.0, 110]","[304.6, 50]","[418.0, 20]",302.8,200,3.6,0.3
07:47:36,"[300.49, 43]","[298.98, 179]","[303.35, 85]","[426.71, 31]",301.92,338,2.86,0.31
07:47:37,"[299.0, 66]","[298.0, 18]","[302.17, 30]","[344.0, 12]",300.58,126,3.17,0.33
07:47:38,"[299.45, 89]","[298.31, 59]","[340.89, 36]","[503.24, 21]",320.17,205,41.44,0.44
07:47:39,"[299.0, 42]","[298.0, 28]","[383.0, 7]","[430.29, 14]",341.0,91,84.0,0.54
07:47:40,"[299.0, 36]","[298.0, 24]","[383.0, 6]","[384.0, 12]",341.0,78,84.0,0.54
07:47:41,"[299.0, 60]","[298.0, 60]","[380.28, 18]","[436.0, 23]",339.64,161,81.28,0.49
07:47:42,"[299.0, 26]","[298.0, 44]","[354.0, 11]","[472.18, 11]",326.5,92,55.0,0.52
07:47:43,"[299.69, 26]","[298.0, 12]","[452.33, 9]","[558.67, 9]",376.01,56,152.64,0.36
07:47:44,"[300.69, 13]","[298.86, 7]","[680.71, 7]","[718.29, 7]",490.7,34,380.02,0.18
07:47:45,"[300.0, 8]","[298.0, 8]","[377.33, 15]","[683.11, 9]",338.67,40,77.33,-0.2
07:47:46,"[296.09, 23]","[295.82, 11]","[460.0, 11]","[651.1, 10]",378.04,55,163.91,0.24
07:47:47,"[295.0, 48]","[294.0, 13]","[484.6, 15]","[579.62, 8]",389.8,84,189.6,0.45
07:47:48,"[295.0, 39]","[294.0, 31]","[483.0, 55]","[484.0, 22]",389.0,147,188.0,-0.05
07:47:49,"[296.2, 15]","[294.6, 15]","[448.15, 13]","[482.18, 22]",372.18,65,151.95,-0.08
07:47:50,"[297.0, 27]","[295.0, 29]","[425.61, 36]","[457.56, 27]",361.31,119,128.61,-0.06
07:47:51,"[297.0, 39]","[295.0, 52]","[425.0, 65]","[469.83, 23]",361.0,179,128.0,0.02
07:47:52,"[300.71, 207]","[296.09, 44]","[422.56, 61]","[455.75, 20]",361.63,332,121.85,0.51
07:47:53,"[298.85, 47]","[295.79, 33]","[419.64, 55]","[421.0, 11]",359.24,146,120.79,0.1
07:47:54,"[302.29, 21]","[294.92, 39]","[358.43, 14]","[408.85, 27]",330.36,101,56.14,0.19
07:47:55,"[295.0, 26]","[294.0, 24]","[303.85, 39]","[305.07, 30]",299.42,119,8.85,-0.16
07:47:56,"[295.0, 13]","[294.0, 21]","[302.59, 34]","[304.24, 29]",298.79,97,7.59,-0.3
07:47:57,"[295.0, 14]","[294.0, 30]","[300.0, 44]","[300.9, 41]",297.5,129,5.0,-0.32
07:47:58,"[294.8, 20]","[286.5, 32]","[299.3, 40]","[348.67, 30]",297.05,122,4.5,-0.15
07:47:59,"[291.25, 48]","[280.14, 174]","[299.29, 56]","[454.36, 28]",295.27,306,8.04,0.45
07:48:00,"[279.16, 172]","[175.77, 52]","[298.0, 40]","[646.79, 29]",288.58,293,18.84,0.53
07:48:01,"[261.99, 119]","[259.29, 56]","[298.0, 40]","[585.0, 50]",280.0,265,36.01,0.32
07:48:02,"[152.02, 45]","[143.9, 67]","[330.03, 33]","[508.67, 36]",241.03,181,178.01,0.24
07:48:03,"[216.75, 121]","[166.72, 113]","[400.67, 27]","[568.64, 44]",308.71,305,183.91,0.53
07:48:04,"[298.71, 82]","[289.21, 47]","[408.0, 28]","[519.19, 32]",353.35,189,109.29,0.37
07:48:05,"[300.0, 143]","[298.96, 268]","[397.57, 47]","[470.15, 39]",348.79,497,97.57,0.65
07:48:06,"[302.22, 79]","[299.35, 159]","[345.65, 34]","[434.62, 29]",323.93,301,43.43,0.58
07:48:07,"[305.0, 49]","[300.0, 77]","[336.5, 24]","[342.76, 25]",320.75,175,31.5,0.44
07:48:08,"[305.0, 49]","[300.0, 77]","[335.0, 28]","[337.0, 21]",320.0,175,30.0,0.44
07:48:09,"[305.0, 31]","[300.0, 88]","[335.0, 32]","[337.0, 24]",320.0,175,30.0,0.36
07:48:10,"[300.82, 73]","[299.73, 90]","[335.0, 48]","[377.75, 36]",317.91,247,34.18,0.32
07:48:11,"[300.89, 54]","[299.55, 44]","[332.56, 18]","[335.0, 36]",316.72,152,31.67,0.29
07:48:12,"[302.0, 66]","[300.0, 66]","[330.29, 42]","[332.5, 24]",316.14,198,28.29,0.33
07:48:13,"[302.0, 54]","[300.0, 54]","[327.82, 33]","[328.61, 33]",314.91,174,25.82,0.24
07:48:14,"[302.0, 54]","[300.0, 54]","[324.33, 18]","[326.0, 45]",313.17,171,22.33,0.26
07:48:15,"[302.0, 78]","[300.0, 78]","[321.2, 45]","[322.89, 61]",311.6,262,19.2,0.19
07:48:16,"[302.0, 54]","[300.0, 66]","[316.15, 40]","[317.42, 33]",309.07,193,14.15,0.24
07:48:17,"[300.37, 70]","[299.35, 79]","[312.28, 72]","[313.48, 63]",306.32,284,11.91,0.05
07:48:18,"[299.52, 42]","[298.77, 71]","[309.11, 61]","[310.54, 48]",304.32,222,9.59,0.02
07:48:19,"[300.44, 50]","[298.74, 62]","[305.91, 56]","[307.49, 37]",303.18,205,5.47,0.09
07:48:20,"[300.9, 70]","[298.83, 70]","[302.32, 47]","[304.58, 33]",301.61,220,1.42,0.27
07:48:21,"[300.08, 52]","[298.5, 32]","[302.5, 32]","[447.82, 34]",301.29,150,2.42,0.12
07:48:22,"[298.0, 80]","[297.0, 40]","[303.7, 10]","[393.86, 28]",300.85,158,5.7,0.52
07:48:23,"[298.0, 80]","[297.0, 52]","[303.0, 13]","[408.0, 52]",300.5,197,5.0,0.34
07:48:24,"[298.0, 30]","[297.0, 40]","[301.7, 10]","[458.2, 30]",299.85,110,3.7,0.27
07:48:25,"[298.0, 33]","[297.0, 44]","[300.09, 11]","[428.86, 28]",299.05,116,2.09,0.33
07:48:26,"[298.0, 36]","[297.0, 48]","[461.18, 17]","[606.38, 26]",379.59,127,163.18,0.32
07:48:27,"[296.57, 28]","[295.0, 35]","[461.0, 24]","[457.31, 26]",378.79,113,164.43,0.12
07:48:28,"[295.0, 27]","[293.0, 36]","[369.33, 18]","[470.69, 26]",332.17,107,74.33,0.18
07:48:29,"[294.81, 43]","[292.78, 55]","[405.14, 42]","[420.62, 32]",349.98,172,110.33,0.14
07:48:30,"[293.0, 46]","[289.0, 36]","[348.31, 42]","[375.56, 45]",320.65,169,55.31,-0.03
07:48:31,"[293.0, 39]","[289.0, 39]","[294.51, 41]","[309.56, 55]",293.76,174,1.51,-0.1
07:48:32,"[293.0, 29]","[289.0, 39]","[294.48, 31]","[297.27, 44]",293.74,143,1.48,-0.05
07:48:33,"[290.41, 17]","[286.76, 25]","[294.06, 53]","[295.5, 40]",292.23,135,3.64,-0.38
07:48:34,"[290.2, 30]","[279.34, 29]","[292.67, 45]","[294.18, 51]",291.43,155,2.47,-0.24
07:48:35,"[281.29, 14]","[198.39, 41]","[294.0, 24]","[295.0, 24]",287.64,103,12.71,0.07
07:48:36,"[280.0, 29]","[165.12, 50]","[292.91, 22]","[293.17, 35]",286.45,136,12.91,0.16
07:48:37,"[284.0, 20]","[280.2, 10]","[288.56, 16]","[289.73, 41]",286.28,87,4.56,-0.31
07:48:38,"[281.2, 5]","[279.2, 5]","[289.0, 15]","[294.0, 10]",285.1,35,7.8,-0.43
07:48:39,"[282.86, 7]","[277.71, 7]","[289.0, 21]","[294.0, 14]",285.93,49,6.14,-0.43
07:48:40,"[284.0, 10]","[276.0, 10]","[289.0, 28]","[294.0, 20]",286.5,68,5.0,-0.41
07:48:41,"[285.0, 10]","[273.0, 10]","[293.67, 30]","[393.1, 20]",289.33,70,8.67,-0.43
07:48:42,"[285.73, 11]","[271.0, 11]","[296.0, 44]","[510.9, 20]",290.86,86,10.27,-0.49
07:48:43,"[286.0, 12]","[271.0, 12]","[293.38, 32]","[431.43, 30]",289.69,86,7.38,-0.44
07:48:44,"[286.0, 11]","[271.0, 11]","[289.13, 31]","[290.17, 47]",287.56,100,3.13,-0.56
07:48:45,"[297.59, 29]","[277.43, 14]","[336.42, 57]","[357.27, 30]",317.0,130,38.83,-0.34
07:48:46,"[302.0, 26]","[297.75, 8]","[382.0, 19]","[473.33, 18]",342.0,71,80.0,-0.04
07:48:47,"[302.0, 15]","[299.0, 5]","[413.54, 13]","[452.0, 12]",357.77,45,111.54,-0.11
07:48:48,"[302.0, 20]","[299.0, 3]","[488.0, 6]","[596.0, 13]",395.0,42,186.0,0.1
07:48:49,"[302.0, 84]","[299.0, 6]","[440.29, 21]","[513.85, 13]",371.14,124,138.29,0.45
07:48:50,"[302.06, 72]","[301.55, 33]","[529.0, 14]","[557.94, 31]",415.53,150,226.94,0.4
07:48:51,"[302.0, 69]","[299.0, 6]","[427.67, 12]","[607.08, 26]",364.83,113,125.67,0.33
07:48:52,"[302.0, 12]","[299.0, 3]","[682.25, 8]","[793.14, 7]",492.12,30,380.25,0.0
07:48:53,"[302.0, 16]","[299.0, 4]","[434.0, 8]","[784.0, 12]",368.0,40,132.0,0.0
07:48:54,"[302.0, 24]","[299.0, 6]","[527.0, 12]","[784.0, 18]",414.5,60,225.0,0.0
07:48:55,"[302.0, 19]","[299.94, 34]","[656.5, 20]","[784.0, 30]",479.25,103,354.5,0.03
