Time,Bid1,Bid2,Ask1,Ask2,Mid-Price,Total_volume,Bid_ask_spread,Order_imbalance
07:30:00,"[97.67, 12]","[65.33, 12]","[0, 0]","[0, 0]",48.83,24,-97.67,1.0
07:30:01,"[115.0, 1]","[70.0, 4]","[0, 0]","[0, 0]",57.5,5,-115.0,1.0
07:30:03,"[115.0, 2]","[66.0, 8]","[0, 0]","[0, 0]",57.5,10,-115.0,1.0
07:30:04,"[115.0, 2]","[111.0, 2]","[0, 0]","[0, 0]",57.5,4,-115.0,1.0
07:30:05,"[115.0, 1]","[111.0, 1]","[0, 0]","[0, 0]",57.5,2,-115.0,1.0
07:30:06,"[115.0, 6]","[111.0, 6]","[800.0, 16]","[0, 0]",457.5,28,685.0,-0.14
07:30:07,"[115.0, 3]","[111.0, 3]","[799.0, 12]","[0, 0]",457.0,18,684.0,-0.33
07:30:08,"[115.0, 6]","[111.0, 6]","[581.86, 21]","[694.25, 16]",348.43,49,466.86,-0.51
07:30:09,"[110.0, 6]","[87.94, 36]","[120.43, 21]","[427.86, 21]",115.21,84,10.43,0.0
07:30:10,"[110.0, 8]","[100.94, 34]","[119.38, 32]","[120.5, 24]",114.69,98,9.38,-0.14
07:30:11,"[93.42, 40]","[83.98, 121]","[118.49, 41]","[121.33, 36]",105.96,238,25.06,0.35
07:30:12,"[87.32, 47]","[86.29, 76]","[113.5, 24]","[115.75, 12]",100.41,159,26.18,0.55
07:30:13,"[90.92, 80]","[88.27, 44]","[104.68, 38]","[107.12, 58]",97.8,220,13.76,0.13
07:30:14,"[96.0, 42]","[95.0, 4]","[104.0, 6]","[106.0, 10]",100.0,62,8.0,0.48
07:30:15,"[97.0, 154]","[95.81, 52]","[105.78, 27]","[106.78, 23]",101.39,256,8.78,0.61
07:30:16,"[97.18, 176]","[96.93, 120]","[106.0, 47]","[107.0, 24]",101.59,367,8.82,0.61
07:30:17,"[98.0, 45]","[97.0, 63]","[105.53, 17]","[106.14, 21]",101.76,146,7.53,0.48
07:30:18,"[98.76, 25]","[97.87, 161]","[104.0, 31]","[105.26, 62]",101.38,279,5.24,0.33
07:30:19,"[102.27, 22]","[98.69, 144]","[104.2, 61]","[105.53, 94]",103.23,321,1.92,0.03
07:30:20,"[104.12, 24]","[99.31, 165]","[106.0, 75]","[107.0, 30]",105.06,294,1.88,0.29
07:30:21,"[104.45, 38]","[99.0, 158]","[106.0, 83]","[107.0, 39]",105.22,318,1.55,0.23
07:30:22,"[105.0, 16]","[98.0, 296]","[106.0, 48]","[107.0, 24]",105.5,384,1.0,0.62
07:30:23,"[98.6, 280]","[97.24, 315]","[106.0, 58]","[107.0, 39]",102.3,692,7.4,0.72
07:30:24,"[99.08, 190]","[98.71, 245]","[106.0, 40]","[107.0, 30]",102.54,505,6.92,0.72
07:30:25,"[103.56, 117]","[100.31, 185]","[106.0, 68]","[107.0, 51]",104.78,421,2.44,0.43
07:30:26,"[104.54, 153]","[98.0, 11]","[106.0, 44]","[107.0, 33]",105.27,241,1.46,0.36
07:30:27,"[104.5, 42]","[82.2, 10]","[106.43, 21]","[113.29, 21]",105.46,94,1.93,0.11
07:30:28,"[99.0, 14]","[96.64, 14]","[105.66, 47]","[108.95, 40]",102.33,115,6.66,-0.51
07:30:29,"[101.68, 56]","[98.25, 16]","[103.94, 64]","[104.8, 40]",102.81,176,2.26,-0.18
07:30:30,"[102.0, 40]","[99.0, 8]","[105.12, 32]","[108.86, 28]",103.56,108,3.12,-0.11
07:30:31,"[102.0, 50]","[99.0, 10]","[109.8, 30]","[215.76, 25]",105.9,115,7.8,0.04
07:30:32,"[102.0, 50]","[99.0, 10]","[108.66, 32]","[152.04, 23]",105.33,115,6.66,0.04
07:30:33,"[103.21, 119]","[100.56, 62]","[105.38, 63]","[107.05, 66]",104.3,310,2.17,0.17
07:30:34,"[104.82, 55]","[100.41, 37]","[106.0, 42]","[107.0, 33]",105.41,167,1.18,0.1
07:30:35,"[105.0, 18]","[99.0, 6]","[106.0, 18]","[107.0, 18]",105.5,60,1.0,-0.2
07:30:36,"[100.22, 65]","[98.4, 20]","[106.95, 59]","[107.56, 16]",103.58,160,6.73,0.06
07:30:37,"[100.0, 60]","[99.0, 9]","[107.0, 30]","[108.0, 5]",103.5,104,7.0,0.33
07:30:38,"[102.25, 24]","[99.86, 56]","[107.0, 48]","[108.0, 8]",104.62,136,4.75,0.18
07:30:39,"[103.62, 29]","[99.48, 21]","[107.0, 42]","[108.0, 8]",105.31,100,3.38,0.0
07:30:40,"[100.89, 110]","[99.96, 54]","[107.0, 36]","[108.0, 48]",103.95,248,6.11,0.32
07:30:41,"[102.68, 28]","[101.55, 49]","[107.64, 42]","[169.15, 47]",105.16,166,4.96,-0.07
07:30:42,"[103.0, 12]","[102.0, 42]","[108.0, 10]","[223.85, 13]",105.5,77,5.0,0.4
07:30:43,"[103.0, 16]","[102.0, 56]","[107.0, 30]","[108.0, 8]",105.0,110,4.0,0.31
07:30:44,"[103.69, 26]","[102.0, 91]","[107.0, 52]","[108.0, 13]",105.35,182,3.31,0.29
07:30:45,"[105.33, 36]","[104.82, 44]","[107.0, 40]","[108.0, 10]",106.17,130,1.67,0.23
07:30:46,"[106.5, 36]","[105.1, 60]","[249.18, 39]","[444.41, 22]",177.84,157,142.68,0.22
07:30:47,"[104.11, 97]","[103.29, 34]","[181.54, 52]","[481.3, 27]",142.83,210,77.43,0.25
07:30:48,"[111.0, 50]","[103.21, 86]","[144.71, 38]","[148.5, 34]",127.86,208,33.71,0.31
07:30:49,"[111.0, 25]","[106.0, 15]","[141.6, 25]","[150.0, 20]",126.3,85,30.6,-0.06
07:30:50,"[112.0, 10]","[111.0, 50]","[141.0, 50]","[330.9, 31]",126.5,141,29.0,-0.15
07:30:51,"[112.0, 10]","[111.0, 50]","[139.8, 50]","[369.8, 40]",125.9,150,27.8,-0.2
07:30:52,"[116.15, 33]","[115.05, 37]","[138.62, 65]","[388.0, 30]",127.38,165,22.46,-0.15
07:30:53,"[119.0, 12]","[118.0, 61]","[134.57, 28]","[166.28, 50]",126.79,151,15.57,-0.03
07:30:54,"[119.0, 11]","[118.0, 88]","[130.78, 18]","[132.02, 50]",124.89,167,11.78,0.19
07:30:55,"[119.0, 10]","[118.0, 80]","[126.44, 36]","[128.41, 17]",122.72,143,7.44,0.26
07:30:56,"[119.0, 4]","[118.0, 32]","[124.38, 8]","[125.06, 16]",121.69,60,5.38,0.2
07:30:57,"[118.45, 20]","[117.95, 74]","[121.17, 36]","[122.66, 41]",119.81,171,2.72,0.1
07:30:58,"[117.75, 24]","[113.6, 15]","[119.0, 24]","[122.0, 48]",118.38,111,1.25,-0.3
07:30:59,"[112.46, 28]","[110.44, 77]","[119.51, 43]","[119.22, 37]",115.99,185,7.05,0.14
07:31:00,"[109.04, 46]","[89.71, 28]","[115.21, 28]","[117.41, 37]",112.13,139,6.17,0.06
07:31:01,"[110.9, 50]","[107.65, 31]","[114.0, 10]","[115.0, 40]",112.45,131,3.1,0.24
07:31:02,"[111.0, 55]","[108.0, 11]","[113.55, 11]","[115.0, 44]",112.27,121,2.55,0.09
07:31:03,"[111.72, 39]","[110.0, 9]","[114.62, 21]","[126.33, 36]",113.17,105,2.9,-0.09
07:31:04,"[109.77, 22]","[92.29, 17]","[144.14, 28]","[236.21, 28]",126.96,95,34.37,-0.18
07:31:05,"[98.0, 9]","[92.8, 10]","[109.73, 33]","[167.4, 10]",103.86,62,11.73,-0.39
07:31:06,"[99.0, 7]","[88.44, 9]","[108.0, 28]","[168.29, 7]",103.5,51,9.0,-0.37
07:31:07,"[117.1, 20]","[99.82, 11]","[184.18, 11]","[328.62, 32]",150.64,74,67.08,-0.16
07:31:08,"[119.0, 24]","[109.33, 12]","[329.27, 22]","[395.14, 14]",224.14,72,210.27,0.0
07:31:09,"[119.0, 12]","[116.0, 6]","[307.44, 18]","[339.0, 8]",213.22,44,188.44,-0.18
07:31:10,"[66.24, 41]","[44.75, 28]","[163.89, 44]","[249.62, 42]",115.07,155,97.64,-0.11
07:31:11,"[77.6, 10]","[65.0, 40]","[100.0, 40]","[104.0, 39]",88.8,129,22.4,-0.22
07:31:12,"[68.67, 24]","[64.85, 33]","[101.2, 40]","[103.45, 44]",84.93,141,32.53,-0.19
07:31:13,"[82.89, 18]","[60.42, 26]","[103.0, 36]","[104.0, 45]",92.94,125,20.11,-0.3
07:31:14,"[84.83, 12]","[68.0, 18]","[103.0, 23]","[104.0, 30]",93.92,83,18.17,-0.28
07:31:15,"[92.06, 31]","[86.14, 29]","[103.65, 23]","[104.23, 52]",97.86,135,11.59,-0.11
07:31:16,"[94.0, 10]","[92.0, 15]","[102.4, 5]","[104.0, 15]",98.2,45,8.4,0.11
07:31:17,"[96.33, 24]","[92.0, 36]","[103.88, 24]","[105.0, 36]",100.1,120,7.54,0.0
07:31:18,"[97.71, 14]","[92.0, 21]","[105.0, 7]","[106.0, 21]",101.36,63,7.29,0.11
07:31:19,"[98.71, 14]","[80.14, 21]","[104.57, 7]","[105.8, 15]",101.64,57,5.86,0.23
07:31:20,"[99.69, 26]","[21.63, 19]","[104.14, 14]","[106.05, 21]",101.92,80,4.45,0.12
07:31:21,"[100.23, 13]","[33.0, 7]","[102.22, 9]","[105.23, 13]",101.23,42,1.99,-0.05
07:31:22,"[80.95, 22]","[33.67, 9]","[105.22, 18]","[107.14, 28]",93.09,77,24.27,-0.19
07:31:23,"[75.7, 23]","[54.77, 26]","[103.1, 20]","[104.4, 15]",89.4,84,27.4,0.17
07:31:24,"[62.0, 8]","[10.0, 20]","[103.0, 12]","[104.0, 11]",82.5,51,41.0,0.1
07:31:25,"[62.0, 14]","[10.0, 35]","[103.0, 21]","[104.0, 21]",82.5,91,41.0,0.08
07:31:26,"[63.71, 14]","[23.14, 35]","[103.0, 21]","[104.0, 21]",83.36,91,39.29,0.08
07:31:27,"[64.0, 12]","[33.0, 25]","[196.29, 14]","[175.12, 16]",130.14,67,132.29,0.1
07:31:28,"[103.29, 14]","[64.0, 4]","[158.0, 12]","[495.82, 11]",130.64,41,54.71,-0.12
07:31:29,"[111.3, 33]","[64.0, 10]","[158.0, 27]","[480.22, 18]",134.65,88,46.7,-0.02
07:31:30,"[0, 0]","[0, 0]","[113.38, 26]","[234.15, 20]",56.69,46,113.38,-1.0
07:31:31,"[0, 0]","[0, 0]","[100.0, 20]","[105.38, 8]",50.0,28,100.0,-1.0
07:31:32,"[1.0, 9]","[0, 0]","[100.0, 18]","[105.0, 6]",50.5,33,99.0,-0.45
07:31:33,"[2.67, 54]","[0, 0]","[100.0, 18]","[105.0, 6]",51.33,78,97.33,0.38
07:31:34,"[47.96, 73]","[5.0, 36]","[257.0, 27]","[500.13, 23]",152.48,159,209.04,0.37
07:31:35,"[117.12, 16]","[113.62, 32]","[328.75, 12]","[518.43, 14]",222.94,74,211.62,0.3
07:31:36,"[118.0, 4]","[117.0, 28]","[199.0, 12]","[312.5, 12]",158.5,56,81.0,0.14
07:31:37,"[118.0, 3]","[117.0, 21]","[199.0, 9]","[310.33, 9]",158.5,42,81.0,0.14
07:31:38,"[118.0, 5]","[117.0, 35]","[136.6, 15]","[203.2, 15]",127.3,70,18.6,0.14
07:31:39,"[118.0, 9]","[117.0, 63]","[120.55, 22]","[155.67, 27]",119.27,121,2.55,0.19
07:31:40,"[118.0, 43]","[117.0, 84]","[128.67, 24]","[145.69, 32]",123.33,183,10.67,0.39
07:31:41,"[118.0, 48]","[117.0, 56]","[177.0, 16]","[178.0, 24]",147.5,144,59.0,0.44
07:31:42,"[118.0, 70]","[117.0, 70]","[171.56, 27]","[176.69, 29]",144.78,196,53.56,0.43
07:31:43,"[118.0, 59]","[117.0, 98]","[146.0, 42]","[162.23, 39]",132.0,238,28.0,0.32
07:31:44,"[117.06, 64]","[116.12, 57]","[138.45, 33]","[143.54, 26]",127.76,180,21.39,0.34
07:31:45,"[117.0, 54]","[116.0, 45]","[137.11, 27]","[142.33, 18]",127.06,144,20.11,0.38
07:31:46,"[117.0, 48]","[116.0, 40]","[136.38, 24]","[139.0, 16]",126.69,128,19.38,0.38
07:31:47,"[117.0, 60]","[116.0, 60]","[134.5, 36]","[136.0, 31]",125.75,187,17.5,0.28
07:31:48,"[117.0, 33]","[116.0, 55]","[133.0, 49]","[134.0, 66]",125.0,203,16.0,-0.13
07:31:49,"[117.0, 24]","[116.0, 40]","[133.0, 40]","[134.0, 48]",125.0,152,16.0,-0.16
07:31:50,"[116.06, 47]","[115.09, 58]","[131.86, 42]","[133.5, 36]",123.96,183,15.79,0.15
07:31:51,"[116.0, 44]","[115.0, 77]","[128.18, 33]","[129.69, 29]",122.09,183,12.18,0.32
07:31:52,"[115.52, 42]","[113.8, 80]","[124.53, 45]","[126.75, 36]",120.03,203,9.01,0.2
07:31:53,"[116.0, 149]","[115.0, 38]","[117.9, 30]","[123.4, 30]",116.95,247,1.9,0.51
07:31:54,"[116.42, 96]","[115.36, 28]","[120.82, 33]","[123.87, 23]",118.62,180,4.4,0.38
07:31:55,"[117.73, 88]","[116.81, 43]","[123.0, 33]","[124.0, 22]",120.36,186,5.27,0.41
07:31:56,"[118.0, 28]","[117.0, 30]","[123.0, 18]","[124.0, 12]",120.5,88,5.0,0.32
07:31:57,"[118.0, 28]","[117.0, 35]","[123.0, 25]","[124.0, 14]",120.5,102,5.0,0.24
07:31:58,"[118.0, 32]","[117.0, 40]","[123.0, 32]","[124.0, 16]",120.5,120,5.0,0.2
07:31:59,"[118.0, 56]","[117.0, 70]","[122.15, 52]","[122.96, 50]",120.08,228,4.15,0.11
07:32:00,"[118.0, 52]","[117.0, 65]","[119.77, 26]","[122.0, 55]",118.88,198,1.77,0.18
07:32:01,"[117.1, 42]","[115.18, 55]","[120.21, 28]","[121.68, 19]",118.65,144,3.12,0.35
07:32:02,"[117.91, 44]","[115.61, 49]","[121.0, 52]","[122.08, 65]",119.45,210,3.09,-0.11
07:32:03,"[117.0, 39]","[115.0, 39]","[121.0, 52]","[149.43, 35]",119.0,165,4.0,-0.05
07:32:04,"[117.82, 17]","[115.74, 19]","[121.0, 44]","[122.0, 44]",119.41,124,3.18,-0.42
07:32:05,"[119.0, 7]","[117.0, 7]","[121.0, 28]","[122.0, 28]",120.0,70,2.0,-0.6
07:32:06,"[119.0, 11]","[117.0, 11]","[121.0, 44]","[122.0, 44]",120.0,110,2.0,-0.6
07:32:07,"[119.0, 8]","[117.0, 8]","[121.0, 32]","[122.0, 32]",120.0,80,2.0,-0.6
07:32:08,"[119.0, 16]","[117.0, 16]","[121.0, 64]","[122.0, 64]",120.0,160,2.0,-0.6
07:32:09,"[119.0, 8]","[117.0, 8]","[121.0, 32]","[122.0, 32]",120.0,80,2.0,-0.6
07:32:10,"[119.0, 8]","[117.0, 8]","[121.0, 32]","[122.0, 32]",120.0,80,2.0,-0.6
07:32:11,"[119.0, 12]","[117.0, 12]","[120.21, 38]","[121.12, 67]",119.61,129,1.21,-0.63
07:32:12,"[119.0, 10]","[117.82, 17]","[120.0, 46]","[121.0, 40]",119.5,113,1.0,-0.52
07:32:13,"[118.0, 28]","[116.86, 56]","[119.87, 89]","[120.68, 65]",118.93,238,1.87,-0.29
07:32:14,"[117.07, 56]","[115.5, 80]","[118.77, 52]","[119.79, 76]",117.92,264,1.7,0.03
07:32:15,"[115.0, 75]","[113.0, 15]","[117.4, 30]","[120.0, 60]",116.2,180,2.4,0.0
07:32:16,"[115.0, 45]","[113.0, 9]","[116.0, 18]","[120.0, 60]",115.5,132,1.0,-0.18
07:32:17,"[116.17, 126]","[115.31, 70]","[118.27, 33]","[120.15, 89]",117.22,318,2.11,0.23
07:32:18,"[118.0, 58]","[116.0, 81]","[119.86, 29]","[120.54, 37]",118.93,205,1.86,0.36
07:32:19,"[118.0, 66]","[116.0, 99]","[119.86, 66]","[120.9, 58]",118.93,289,1.86,0.14
07:32:20,"[118.0, 54]","[116.0, 144]","[119.95, 130]","[121.3, 54]",118.98,382,1.95,0.04
07:32:21,"[117.67, 43]","[115.96, 113]","[120.0, 104]","[121.43, 28]",118.84,288,2.33,0.08
07:32:22,"[116.0, 98]","[115.0, 70]","[120.0, 112]","[121.45, 20]",118.0,300,4.0,0.12
07:32:23,"[116.0, 105]","[115.0, 73]","[120.0, 123]","[121.0, 15]",118.0,316,4.0,0.13
07:32:24,"[116.0, 77]","[115.0, 42]","[119.47, 51]","[120.04, 75]",117.74,245,3.47,-0.03
07:32:25,"[116.0, 88]","[115.0, 78]","[117.77, 39]","[119.29, 62]",116.88,267,1.77,0.24
07:32:26,"[116.0, 44]","[115.0, 66]","[117.0, 33]","[119.0, 44]",116.5,187,1.0,0.18
07:32:27,"[115.32, 63]","[114.25, 64]","[118.28, 67]","[119.5, 112]",116.8,306,2.97,-0.17
07:32:28,"[115.0, 47]","[112.0, 28]","[117.11, 36]","[118.9, 104]",116.06,215,2.11,-0.3
07:32:29,"[112.47, 30]","[111.41, 88]","[118.65, 34]","[119.95, 38]",115.56,190,6.18,0.24
07:32:30,"[113.69, 13]","[111.36, 89]","[119.0, 70]","[120.54, 39]",116.35,211,5.31,-0.03
07:32:31,"[117.38, 13]","[111.02, 121]","[119.0, 48]","[120.0, 24]",118.19,206,1.62,0.3
07:32:32,"[111.77, 73]","[111.95, 63]","[119.0, 78]","[120.27, 33]",115.38,247,7.23,0.1
07:32:33,"[111.0, 117]","[110.0, 36]","[119.0, 54]","[123.0, 9]",115.0,216,8.0,0.42
07:32:34,"[111.0, 136]","[110.0, 83]","[118.0, 48]","[119.0, 99]",114.5,366,7.0,0.2
07:32:35,"[111.0, 144]","[110.0, 128]","[117.26, 87]","[118.16, 87]",114.13,446,6.26,0.22
07:32:36,"[111.0, 81]","[110.0, 72]","[118.0, 56]","[119.0, 9]",114.5,218,7.0,0.4
07:32:37,"[113.74, 57]","[110.8, 79]","[117.0, 11]","[118.0, 45]",115.37,192,3.26,0.42
07:32:38,"[115.0, 27]","[111.0, 81]","[117.0, 18]","[118.0, 47]",116.0,173,2.0,0.25
07:32:39,"[115.0, 18]","[111.0, 54]","[117.0, 12]","[118.0, 36]",116.0,120,2.0,0.2
07:32:40,"[112.47, 57]","[110.84, 75]","[117.0, 22]","[118.0, 66]",114.74,220,4.53,0.2
07:32:41,"[112.33, 90]","[110.93, 116]","[116.56, 36]","[117.88, 68]",114.44,310,4.22,0.33
07:32:42,"[114.0, 54]","[111.0, 89]","[116.0, 36]","[117.0, 10]",115.0,189,2.0,0.51
07:32:43,"[114.82, 66]","[111.0, 143]","[116.0, 44]","[117.0, 11]",115.41,264,1.18,0.58
07:32:44,"[112.92, 75]","[110.95, 110]","[116.09, 35]","[117.72, 29]",114.5,249,3.17,0.49
07:32:45,"[111.0, 147]","[110.0, 22]","[117.0, 11]","[118.0, 77]",114.0,257,6.0,0.32
07:32:46,"[111.0, 104]","[110.0, 16]","[117.0, 8]","[118.0, 56]",114.0,184,6.0,0.3
07:32:47,"[111.0, 156]","[108.73, 79]","[116.11, 28]","[117.44, 63]",113.55,326,5.11,0.44
07:32:48,"[111.0, 182]","[110.0, 70]","[116.0, 41]","[117.0, 84]",113.5,377,5.0,0.34
07:32:49,"[111.4, 99]","[110.51, 82]","[116.0, 39]","[117.0, 78]",113.7,298,4.6,0.21
07:32:50,"[110.99, 166]","[109.89, 133]","[115.14, 36]","[116.23, 48]",113.07,383,4.14,0.56
07:32:51,"[111.0, 156]","[110.0, 108]","[115.0, 36]","[116.0, 14]",113.0,314,4.0,0.68
07:32:52,"[111.0, 96]","[110.0, 76]","[114.5, 40]","[116.33, 24]",112.75,236,3.5,0.46
07:32:53,"[111.0, 80]","[110.0, 50]","[116.18, 65]","[177.27, 22]",113.59,217,5.18,0.2
07:32:54,"[111.0, 88]","[110.0, 55]","[116.0, 73]","[138.88, 51]",113.5,267,5.0,0.07
07:32:55,"[111.0, 96]","[110.0, 60]","[116.0, 72]","[125.12, 16]",113.5,244,5.0,0.28
07:32:56,"[111.0, 72]","[110.0, 45]","[116.0, 57]","[237.07, 30]",113.5,204,5.0,0.15
07:32:57,"[111.38, 78]","[110.57, 70]","[115.78, 67]","[294.84, 38]",113.58,253,4.39,0.17
07:32:58,"[111.89, 73]","[110.95, 126]","[114.44, 72]","[179.08, 64]",113.17,335,2.55,0.19
07:32:59,"[112.5, 16]","[111.0, 128]","[115.1, 40]","[231.46, 28]",113.8,212,2.6,0.36
07:33:00,"[111.07, 41]","[110.24, 34]","[115.0, 7]","[117.0, 6]",113.04,88,3.93,0.7
07:33:01,"[111.0, 72]","[110.0, 45]","[193.93, 15]","[329.8, 15]",152.47,147,82.93,0.59
07:33:02,"[111.0, 40]","[110.0, 50]","[201.3, 40]","[346.45, 31]",156.15,161,90.3,0.12
07:33:03,"[111.28, 43]","[110.07, 54]","[231.33, 51]","[321.74, 42]",171.31,190,120.05,0.02
07:33:04,"[115.0, 43]","[111.0, 64]","[254.86, 73]","[387.82, 56]",184.93,236,139.86,-0.09
07:33:05,"[118.0, 56]","[115.0, 42]","[367.0, 60]","[533.17, 58]",242.5,216,249.0,-0.09
07:33:06,"[118.0, 62]","[115.0, 33]","[451.38, 52]","[612.11, 47]",284.69,194,333.38,-0.02
07:33:07,"[118.07, 61]","[115.75, 40]","[423.75, 56]","[548.68, 44]",270.91,201,305.68,0.0
07:33:08,"[119.0, 8]","[118.0, 20]","[238.42, 12]","[336.12, 16]",178.71,56,119.42,0.0
07:33:09,"[119.0, 17]","[118.0, 75]","[169.33, 67]","[235.53, 45]",144.16,204,50.33,-0.1
07:33:10,"[119.0, 9]","[118.0, 45]","[228.11, 45]","[298.68, 19]",173.56,118,109.11,-0.08
07:33:11,"[115.69, 26]","[112.38, 26]","[221.12, 40]","[257.09, 46]",168.41,138,105.43,-0.25
07:33:12,"[115.0, 28]","[111.0, 28]","[226.15, 61]","[268.91, 43]",170.57,160,111.15,-0.3
07:33:13,"[115.0, 22]","[111.0, 22]","[224.78, 36]","[226.61, 49]",169.89,129,109.78,-0.32
07:33:14,"[115.0, 12]","[113.33, 27]","[213.59, 22]","[222.72, 18]",164.3,79,98.59,-0.01
07:33:15,"[112.41, 34]","[111.12, 57]","[132.39, 23]","[155.45, 29]",122.4,143,19.98,0.27
07:33:16,"[110.7, 33]","[109.76, 68]","[113.47, 53]","[115.34, 35]",112.08,189,2.77,0.07
07:33:17,"[111.0, 26]","[110.0, 65]","[112.96, 57]","[115.06, 32]",111.98,180,1.96,0.01
07:33:18,"[110.02, 52]","[108.2, 49]","[111.56, 18]","[115.08, 25]",110.79,144,1.54,0.4
07:33:19,"[110.0, 11]","[108.0, 44]","[192.62, 34]","[403.67, 39]",151.31,128,82.62,-0.14
07:33:20,"[110.03, 32]","[105.1, 62]","[363.1, 39]","[495.47, 34]",236.57,167,253.07,0.13
07:33:21,"[109.74, 89]","[108.23, 62]","[296.53, 17]","[332.8, 30]",203.14,198,186.79,0.53
07:33:22,"[115.0, 48]","[110.0, 180]","[277.5, 16]","[311.97, 34]",196.25,278,162.5,0.64
07:33:23,"[115.0, 40]","[110.0, 78]","[271.42, 19]","[375.46, 13]",193.21,150,156.42,0.57
07:33:24,"[115.0, 34]","[110.0, 77]","[129.96, 47]","[198.69, 13]",122.48,171,14.96,0.3
07:33:25,"[115.0, 20]","[110.0, 70]","[116.0, 44]","[277.0, 12]",115.5,146,1.0,0.23
07:33:26,"[115.0, 16]","[110.0, 56]","[116.0, 32]","[172.0, 8]",115.5,112,1.0,0.29
07:33:27,"[116.0, 28]","[110.38, 53]","[133.76, 25]","[239.64, 11]",124.88,117,17.76,0.38
07:33:28,"[117.0, 27]","[115.0, 18]","[230.75, 16]","[397.82, 11]",173.88,72,113.75,0.25
07:33:29,"[117.0, 9]","[115.0, 18]","[321.7, 20]","[491.09, 11]",219.35,58,204.7,-0.07
07:33:30,"[116.05, 21]","[115.38, 13]","[456.25, 8]","[613.0, 9]",286.15,51,340.2,0.33
07:33:31,"[116.0, 30]","[115.0, 12]","[143.5, 8]","[394.08, 12]",129.75,62,27.5,0.35
07:33:32,"[116.0, 25]","[115.0, 10]","[150.0, 5]","[478.73, 11]",133.0,51,34.0,0.37
07:33:33,"[116.52, 54]","[115.38, 26]","[147.58, 19]","[368.64, 14]",132.05,113,31.06,0.42
07:33:34,"[118.0, 42]","[116.0, 30]","[147.0, 12]","[477.0, 6]",132.5,90,29.0,0.6
07:33:35,"[117.43, 42]","[115.68, 37]","[146.82, 22]","[234.1, 21]",132.12,122,29.39,0.3
07:33:36,"[116.0, 18]","[115.0, 18]","[144.33, 18]","[293.72, 25]",130.17,79,28.33,-0.09
07:33:37,"[116.0, 14]","[115.0, 14]","[141.71, 14]","[512.31, 13]",128.86,55,25.71,0.02
07:33:38,"[116.0, 18]","[115.0, 18]","[139.33, 18]","[508.0, 11]",127.67,65,23.33,0.11
07:33:39,"[111.0, 40]","[110.0, 56]","[136.75, 16]","[168.47, 15]",123.88,127,25.75,0.51
07:33:40,"[111.59, 41]","[109.64, 70]","[135.0, 20]","[136.0, 20]",123.29,151,23.41,0.47
07:33:41,"[116.1, 60]","[114.32, 53]","[133.93, 28]","[134.93, 28]",125.01,169,17.83,0.34
07:33:42,"[117.39, 98]","[115.13, 60]","[131.44, 36]","[133.0, 36]",124.42,230,14.06,0.37
07:33:43,"[118.0, 88]","[113.0, 22]","[128.54, 28]","[136.55, 22]",123.27,160,10.54,0.38
07:33:44,"[118.0, 106]","[113.0, 20]","[127.0, 38]","[128.19, 32]",122.5,196,9.0,0.29
07:33:45,"[118.0, 120]","[115.0, 72]","[124.49, 39]","[125.55, 51]",121.24,282,6.49,0.36
07:33:46,"[118.0, 84]","[115.79, 28]","[120.67, 36]","[121.5, 60]",119.33,208,2.67,0.08
07:33:47,"[116.75, 16]","[115.17, 36]","[121.42, 31]","[160.19, 21]",119.08,104,4.67,0.0
07:33:48,"[116.0, 24]","[115.0, 72]","[120.42, 60]","[301.86, 14]",118.21,170,4.42,0.13
07:33:49,"[116.0, 22]","[115.0, 66]","[119.45, 55]","[248.59, 17]",117.73,160,3.45,0.1
07:33:50,"[116.0, 15]","[115.0, 48]","[118.6, 25]","[159.65, 31]",117.3,119,2.6,0.06
07:33:51,"[116.0, 12]","[115.0, 72]","[117.81, 27]","[118.96, 57]",116.91,168,1.81,0.0
07:33:52,"[116.0, 8]","[115.0, 48]","[117.0, 56]","[118.0, 16]",116.5,128,1.0,-0.12
07:33:53,"[115.0, 32]","[113.86, 56]","[117.67, 24]","[173.69, 16]",116.33,128,2.67,0.38
07:33:54,"[113.72, 46]","[112.43, 56]","[120.95, 39]","[353.97, 31]",117.33,172,7.23,0.19
07:33:55,"[113.25, 16]","[112.25, 32]","[282.5, 18]","[449.17, 29]",197.88,95,169.25,0.01
07:33:56,"[113.29, 21]","[112.24, 42]","[116.83, 29]","[117.62, 39]",115.06,131,3.54,-0.04
07:33:57,"[112.2, 40]","[111.5, 16]","[117.0, 29]","[118.0, 30]",114.6,115,4.8,-0.03
07:33:58,"[113.0, 52]","[112.0, 52]","[116.62, 26]","[117.71, 34]",114.81,164,3.62,0.27
07:33:59,"[113.0, 32]","[112.0, 32]","[116.0, 16]","[117.0, 16]",114.5,96,3.0,0.33
07:34:00,"[113.0, 40]","[112.0, 40]","[115.4, 20]","[116.2, 40]",114.2,140,2.4,0.14
07:34:01,"[113.0, 40]","[112.0, 40]","[114.1, 20]","[116.0, 30]",113.55,130,1.1,0.23
07:34:02,"[113.0, 14]","[112.0, 28]","[116.0, 14]","[117.0, 35]",114.5,91,3.0,-0.08
07:34:03,"[113.0, 22]","[112.0, 44]","[206.4, 25]","[168.0, 48]",159.7,139,93.4,-0.05
07:34:04,"[116.0, 20]","[113.73, 22]","[433.0, 28]","[510.29, 14]",274.5,84,317.0,0.0
07:34:05,"[115.24, 34]","[113.46, 26]","[237.5, 32]","[427.43, 28]",176.37,120,122.26,0.0
07:34:06,"[115.78, 36]","[113.0, 18]","[323.33, 18]","[401.5, 24]",219.56,96,207.56,0.12
07:34:07,"[116.0, 48]","[113.0, 24]","[221.25, 24]","[320.22, 36]",168.62,132,105.25,0.09
07:34:08,"[115.72, 50]","[112.57, 35]","[162.9, 40]","[239.9, 40]",139.31,165,47.18,0.03
07:34:09,"[112.18, 11]","[111.14, 21]","[151.75, 32]","[207.8, 40]",131.97,104,39.57,-0.38
07:34:10,"[113.06, 17]","[111.38, 16]","[150.27, 22]","[152.0, 44]",131.67,99,37.21,-0.33
07:34:11,"[111.36, 28]","[109.75, 16]","[149.12, 16]","[259.62, 32]",130.24,92,37.77,-0.04
07:34:12,"[110.0, 38]","[109.0, 24]","[146.75, 16]","[288.5, 32]",128.38,110,36.75,0.13
07:34:13,"[110.75, 60]","[109.16, 32]","[144.61, 23]","[511.62, 26]",127.68,141,33.86,0.3
07:34:14,"[113.13, 121]","[112.0, 90]","[143.0, 22]","[144.0, 33]",128.07,266,29.87,0.59
07:34:15,"[114.87, 60]","[113.0, 225]","[141.06, 33]","[142.21, 42]",127.96,360,26.19,0.58
07:34:16,"[113.15, 158]","[111.29, 70]","[135.54, 26]","[139.06, 32]",124.35,286,22.39,0.59
07:34:17,"[113.0, 225]","[110.0, 60]","[119.38, 45]","[157.76, 37]",116.19,367,6.38,0.55
07:34:18,"[115.0, 60]","[113.0, 135]","[116.0, 36]","[157.44, 18]",115.5,249,1.0,0.57
07:34:19,"[115.0, 30]","[113.0, 75]","[116.0, 20]","[284.8, 15]",115.5,140,1.0,0.5
07:34:20,"[114.58, 71]","[112.92, 160]","[116.0, 44]","[118.0, 11]",115.29,286,1.42,0.62
07:34:21,"[113.07, 102]","[110.71, 42]","[115.83, 12]","[117.56, 9]",114.45,165,2.76,0.75
07:34:22,"[114.78, 125]","[113.0, 180]","[266.54, 57]","[350.48, 63]",190.66,425,151.77,0.44
07:34:23,"[116.46, 52]","[113.2, 100]","[165.0, 48]","[572.0, 48]",140.73,248,48.54,0.23
07:34:24,"[119.0, 16]","[117.0, 48]","[368.0, 32]","[687.75, 32]",243.5,128,249.0,0.0
07:34:25,"[119.0, 10]","[118.0, 54]","[279.33, 36]","[507.0, 36]",199.17,136,160.33,-0.06
07:34:26,"[119.0, 9]","[118.0, 54]","[366.06, 34]","[423.56, 36]",242.53,133,247.06,-0.05
07:34:27,"[119.0, 12]","[118.0, 72]","[283.0, 32]","[375.8, 40]",201.0,156,164.0,0.08
07:34:28,"[118.03, 68]","[115.08, 26]","[323.33, 30]","[375.83, 48]",220.68,172,205.3,0.09
07:34:29,"[116.0, 18]","[111.5, 12]","[261.17, 46]","[357.29, 28]",188.59,104,145.17,-0.42
07:34:30,"[118.0, 42]","[112.0, 11]","[216.0, 22]","[308.0, 44]",167.0,119,98.0,-0.11
07:34:31,"[116.91, 11]","[111.82, 11]","[128.34, 41]","[339.47, 30]",122.63,93,11.43,-0.53
07:34:32,"[110.0, 26]","[107.39, 62]","[117.05, 56]","[118.45, 55]",113.53,199,7.05,-0.12
07:34:33,"[108.18, 28]","[105.57, 42]","[115.75, 40]","[116.9, 41]",111.96,151,7.57,-0.07
07:34:34,"[108.75, 32]","[107.45, 44]","[114.98, 53]","[151.29, 42]",111.87,171,6.23,-0.11
07:34:35,"[108.42, 57]","[104.17, 69]","[110.96, 54]","[112.07, 56]",109.69,236,2.54,0.07
07:34:36,"[102.0, 16]","[71.5, 18]","[109.0, 20]","[114.0, 16]",105.5,70,7.0,-0.03
07:34:37,"[82.39, 62]","[23.43, 46]","[107.5, 40]","[113.0, 32]",94.94,180,25.11,0.2
07:34:38,"[71.0, 45]","[44.18, 17]","[106.0, 24]","[113.0, 20]",88.5,106,35.0,0.17
07:34:39,"[71.4, 15]","[46.71, 21]","[104.67, 12]","[108.33, 12]",88.03,60,33.27,0.2
07:34:40,"[73.84, 31]","[45.35, 23]","[104.0, 32]","[106.0, 32]",88.92,118,30.16,-0.08
07:34:41,"[77.22, 50]","[60.48, 33]","[103.04, 23]","[104.82, 22]",90.13,128,25.82,0.3
07:34:42,"[97.0, 9]","[76.0, 33]","[102.0, 9]","[103.0, 6]",99.5,57,5.0,0.47
07:34:43,"[76.8, 55]","[56.0, 20]","[102.0, 15]","[103.0, 10]",89.4,100,25.2,0.5
07:34:44,"[81.17, 29]","[77.81, 37]","[102.0, 17]","[103.0, 14]",91.59,97,20.83,0.36
07:34:45,"[81.79, 29]","[79.05, 58]","[102.0, 15]","[103.0, 16]",91.9,118,20.21,0.47
07:34:46,"[84.76, 76]","[83.12, 41]","[102.0, 11]","[103.0, 22]",93.38,150,17.24,0.56
07:34:47,"[94.08, 13]","[87.9, 20]","[103.0, 9]","[104.05, 19]",98.54,61,8.92,0.08
07:34:48,"[94.43, 7]","[92.8, 10]","[104.0, 13]","[105.0, 35]",99.21,65,9.57,-0.48
07:34:49,"[95.0, 7]","[94.0, 7]","[103.43, 7]","[104.97, 31]",99.21,52,8.43,-0.46
07:34:50,"[95.2, 5]","[94.0, 5]","[105.0, 15]","[106.0, 35]",100.1,60,9.8,-0.67
07:34:51,"[98.8, 5]","[97.83, 6]","[105.0, 12]","[106.0, 28]",101.9,51,6.2,-0.57
07:34:52,"[100.29, 7]","[99.14, 7]","[102.33, 27]","[105.28, 25]",101.31,66,2.05,-0.58
07:34:53,"[101.0, 8]","[40.64, 11]","[102.0, 25]","[105.0, 24]",101.5,68,1.0,-0.44
07:34:54,"[101.0, 7]","[46.71, 7]","[102.0, 21]","[104.19, 31]",101.5,66,1.0,-0.58
07:34:55,"[90.57, 14]","[34.38, 16]","[102.0, 19]","[104.0, 40]",96.29,89,11.43,-0.33
07:34:56,"[94.88, 24]","[37.0, 22]","[103.89, 35]","[104.81, 26]",99.38,107,9.01,-0.14
07:34:57,"[80.0, 18]","[37.0, 3]","[104.0, 30]","[105.0, 18]",92.0,69,24.0,-0.39
07:34:58,"[81.94, 35]","[76.39, 41]","[104.0, 64]","[105.0, 42]",92.97,182,22.06,-0.16
07:34:59,"[85.54, 26]","[82.53, 34]","[104.0, 20]","[105.0, 30]",94.77,110,18.46,0.09
07:35:00,"[89.46, 26]","[88.09, 46]","[103.8, 20]","[104.75, 32]",96.63,124,14.34,0.16
07:35:01,"[91.0, 52]","[90.0, 24]","[103.96, 23]","[104.94, 35]",97.48,134,12.96,0.13
07:35:02,"[92.0, 36]","[90.0, 20]","[102.88, 24]","[104.43, 21]",97.44,101,10.88,0.11
07:35:03,"[94.12, 34]","[92.42, 38]","[101.0, 33]","[103.64, 28]",97.56,133,6.88,0.08
07:35:04,"[96.93, 30]","[95.78, 18]","[101.0, 24]","[103.0, 40]",98.97,112,4.07,-0.14
07:35:05,"[97.4, 20]","[96.73, 22]","[103.0, 35]","[104.0, 14]",100.2,91,5.6,-0.08
07:35:06,"[98.85, 26]","[91.89, 36]","[101.36, 44]","[103.17, 48]",100.1,154,2.52,-0.19
07:35:07,"[101.44, 27]","[100.64, 33]","[103.0, 60]","[104.0, 22]",102.22,142,1.56,-0.15
07:35:08,"[102.56, 18]","[86.0, 26]","[105.11, 54]","[105.74, 47]",103.83,145,2.56,-0.39
07:35:09,"[103.91, 44]","[94.5, 16]","[106.0, 24]","[107.0, 36]",104.95,120,2.09,0.0
07:35:10,"[105.64, 14]","[57.19, 16]","[106.87, 15]","[107.92, 38]",106.25,83,1.22,-0.28
07:35:11,"[106.86, 21]","[36.29, 14]","[108.0, 33]","[153.38, 16]",107.43,84,1.14,-0.17
07:35:12,"[107.0, 21]","[26.0, 14]","[108.0, 26]","[239.92, 26]",107.5,87,1.0,-0.2
07:35:13,"[100.78, 9]","[93.0, 2]","[108.0, 8]","[304.0, 20]",104.39,39,7.22,-0.44
07:35:14,"[0, 0]","[0, 0]","[106.0, 22]","[163.33, 6]",53.0,28,106.0,-1.0
07:35:15,"[0, 0]","[0, 0]","[106.0, 5]","[191.0, 5]",53.0,10,106.0,-1.0
07:35:16,"[0, 0]","[0, 0]","[106.0, 6]","[245.0, 14]",53.0,20,106.0,-1.0
07:35:17,"[0, 0]","[0, 0]","[106.0, 8]","[200.18, 17]",53.0,25,106.0,-1.0
07:35:18,"[1.43, 7]","[1.0, 4]","[106.0, 5]","[191.0, 10]",53.71,26,104.57,-0.15
07:35:19,"[3.22, 36]","[2.0, 27]","[154.29, 35]","[184.9, 21]",78.75,119,151.06,0.06
07:35:20,"[5.0, 21]","[4.0, 28]","[152.12, 32]","[167.06, 17]",78.56,98,147.12,0.0
07:35:21,"[5.0, 27]","[4.0, 36]","[103.24, 29]","[115.08, 12]",54.12,104,98.24,0.21
07:35:22,"[5.8, 30]","[4.69, 26]","[102.6, 10]","[103.5, 8]",54.2,74,96.8,0.51
07:35:23,"[8.32, 28]","[7.0, 35]","[102.0, 9]","[103.0, 9]",55.16,81,93.68,0.56
07:35:24,"[11.88, 41]","[10.76, 34]","[101.18, 11]","[102.18, 11]",56.53,97,89.3,0.55
07:35:25,"[59.02, 53]","[21.48, 44]","[287.22, 32]","[369.7, 23]",173.12,152,228.2,0.28
07:35:26,"[119.0, 44]","[110.21, 19]","[355.62, 24]","[524.15, 20]",237.31,107,236.62,0.18
07:35:27,"[119.0, 36]","[112.36, 22]","[337.0, 18]","[592.04, 26]",228.0,102,218.0,0.14
07:35:28,"[119.0, 30]","[116.0, 15]","[305.57, 7]","[363.69, 13]",212.29,65,186.57,0.38
07:35:29,"[119.0, 18]","[116.0, 9]","[221.2, 5]","[351.29, 7]",170.1,39,102.2,0.38
07:35:30,"[119.0, 60]","[116.0, 30]","[206.9, 21]","[214.0, 16]",162.95,127,87.9,0.42
07:35:31,"[119.0, 42]","[116.0, 21]","[202.93, 15]","[203.91, 11]",160.97,89,83.93,0.42
07:35:32,"[119.0, 58]","[116.0, 30]","[197.22, 27]","[199.39, 23]",158.11,138,78.22,0.28
07:35:33,"[119.0, 30]","[116.0, 18]","[189.69, 16]","[196.57, 14]",154.34,78,70.69,0.23
07:35:34,"[118.5, 54]","[114.46, 39]","[164.96, 23]","[173.09, 23]",141.73,139,46.46,0.34
07:35:35,"[116.27, 22]","[114.05, 41]","[161.46, 26]","[162.5, 16]",138.87,105,45.19,0.2
07:35:36,"[116.0, 30]","[115.0, 60]","[158.31, 26]","[159.9, 21]",137.15,137,42.31,0.31
07:35:37,"[115.04, 47]","[111.25, 64]","[145.75, 24]","[157.29, 28]",130.4,163,30.71,0.36
07:35:38,"[115.2, 41]","[110.69, 32]","[139.47, 15]","[156.93, 14]",127.33,102,24.27,0.43
07:35:39,"[117.0, 39]","[112.0, 12]","[152.09, 22]","[152.5, 30]",134.55,103,35.09,-0.01
07:35:40,"[117.8, 25]","[115.33, 15]","[148.08, 26]","[149.04, 27]",132.94,93,30.28,-0.14
07:35:41,"[111.37, 41]","[110.27, 59]","[142.07, 27]","[143.1, 31]",126.72,158,30.71,0.27
07:35:42,"[112.54, 41]","[110.23, 52]","[138.64, 14]","[140.06, 18]",125.59,125,26.11,0.49
07:35:43,"[118.38, 24]","[113.17, 29]","[134.83, 12]","[137.25, 8]",126.6,73,16.46,0.45
07:35:44,"[119.0, 27]","[118.0, 27]","[132.67, 21]","[133.78, 18]",125.83,93,13.67,0.16
07:35:45,"[119.0, 33]","[118.0, 36]","[129.29, 14]","[130.25, 16]",124.14,99,10.29,0.39
07:35:46,"[119.0, 28]","[118.0, 42]","[122.9, 20]","[124.58, 31]",120.95,121,3.9,0.16
07:35:47,"[113.0, 32]","[112.67, 45]","[119.28, 18]","[119.92, 12]",116.14,107,6.28,0.44
07:35:48,"[111.0, 34]","[110.0, 65]","[114.68, 19]","[141.0, 28]",112.84,146,3.68,0.36
07:35:49,"[110.31, 26]","[108.54, 39]","[115.7, 10]","[154.85, 13]",113.0,88,5.39,0.48
07:35:50,"[108.23, 39]","[88.62, 48]","[114.54, 13]","[143.56, 25]",111.38,125,6.31,0.39
07:35:51,"[109.0, 12]","[107.0, 12]","[114.0, 4]","[154.0, 12]",111.5,40,5.0,0.2
07:35:52,"[108.85, 26]","[105.08, 25]","[114.0, 9]","[344.4, 30]",111.42,90,5.15,0.13
07:35:53,"[107.43, 14]","[95.8, 10]","[113.0, 6]","[280.0, 24]",110.21,54,5.57,-0.11
07:35:54,"[109.21, 28]","[105.85, 40]","[111.09, 11]","[320.32, 25]",110.15,104,1.88,0.31
07:35:55,"[107.21, 28]","[99.31, 70]","[110.45, 20]","[258.63, 43]",108.83,161,3.24,0.22
07:35:56,"[105.0, 19]","[54.0, 33]","[245.41, 22]","[430.82, 22]",175.2,96,140.41,0.08
07:35:57,"[111.83, 124]","[99.41, 71]","[265.64, 53]","[631.85, 27]",188.74,275,153.81,0.42
07:35:58,"[115.68, 159]","[113.44, 125]","[268.37, 63]","[470.85, 61]",192.02,408,152.69,0.39
07:35:59,"[117.5, 24]","[116.17, 72]","[223.5, 40]","[297.0, 40]",170.5,176,106.0,0.09
07:36:00,"[118.0, 30]","[117.0, 30]","[198.24, 49]","[361.89, 46]",158.12,155,80.24,-0.23
07:36:01,"[118.08, 25]","[116.14, 118]","[190.38, 39]","[373.0, 51]",154.23,233,72.3,0.23
07:36:02,"[119.0, 48]","[118.0, 24]","[198.0, 48]","[304.57, 51]",158.5,171,79.0,-0.16
07:36:03,"[119.0, 48]","[118.0, 24]","[179.71, 49]","[237.5, 52]",149.36,173,60.71,-0.17
07:36:04,"[119.0, 32]","[118.0, 16]","[154.88, 16]","[209.0, 32]",136.94,96,35.88,0.0
07:36:05,"[119.0, 48]","[117.96, 23]","[153.42, 24]","[307.09, 56]",136.21,151,34.42,-0.06
07:36:06,"[119.0, 13]","[118.0, 16]","[153.0, 16]","[344.19, 31]",136.0,76,34.0,-0.24
07:36:07,"[119.0, 9]","[118.0, 34]","[153.0, 18]","[366.1, 31]",136.0,92,34.0,-0.07
07:36:08,"[119.0, 6]","[118.0, 36]","[152.17, 12]","[346.75, 16]",135.58,70,33.17,0.2
07:36:09,"[119.0, 8]","[118.0, 48]","[151.62, 16]","[163.0, 24]",135.31,96,32.62,0.17
07:36:10,"[118.02, 41]","[117.43, 14]","[150.5, 24]","[160.0, 24]",134.26,103,32.48,0.07
07:36:11,"[118.0, 27]","[117.0, 15]","[148.0, 71]","[149.31, 52]",133.0,165,30.0,-0.49
07:36:12,"[118.0, 19]","[117.0, 15]","[144.94, 66]","[147.12, 57]",131.47,157,26.94,-0.57
07:36:13,"[118.0, 26]","[117.0, 13]","[139.18, 34]","[140.36, 61]",128.59,134,21.18,-0.42
07:36:14,"[118.0, 30]","[117.0, 15]","[133.56, 57]","[135.87, 54]",125.78,156,15.56,-0.42
07:36:15,"[118.0, 22]","[117.0, 11]","[129.5, 40]","[130.62, 26]",123.75,99,11.5,-0.33
07:36:16,"[116.82, 34]","[112.86, 44]","[128.59, 34]","[129.38, 32]",122.71,144,11.76,0.08
07:36:17,"[116.0, 45]","[115.0, 10]","[124.88, 32]","[126.0, 28]",120.44,115,8.88,-0.04
07:36:18,"[115.63, 19]","[112.29, 31]","[122.62, 26]","[124.65, 34]",119.12,110,6.98,-0.09
07:36:19,"[112.69, 26]","[111.83, 29]","[120.05, 44]","[121.71, 28]",116.37,127,7.35,-0.13
07:36:20,"[112.0, 176]","[111.0, 12]","[114.64, 47]","[116.31, 32]",113.32,267,2.64,0.41
07:36:21,"[112.0, 85]","[111.0, 15]","[241.69, 62]","[338.03, 34]",176.85,196,129.69,0.02
07:36:22,"[114.25, 32]","[111.62, 13]","[488.82, 17]","[570.86, 21]",301.54,83,374.57,0.08
07:36:23,"[118.0, 88]","[112.0, 62]","[246.5, 48]","[410.97, 39]",182.25,237,128.5,0.27
07:36:24,"[118.0, 40]","[112.0, 32]","[147.17, 12]","[206.62, 26]",132.58,110,29.17,0.31
07:36:25,"[114.9, 31]","[111.8, 35]","[145.82, 11]","[188.0, 44]",130.36,121,30.91,0.09
07:36:26,"[112.0, 7]","[111.0, 8]","[143.56, 9]","[239.88, 16]",127.78,40,31.56,-0.25
07:36:27,"[118.79, 33]","[111.89, 9]","[141.94, 17]","[143.6, 10]",130.36,69,23.15,0.22
07:36:28,"[119.0, 12]","[113.68, 25]","[135.21, 14]","[135.75, 20]",127.11,71,16.21,0.04
07:36:29,"[116.82, 11]","[114.2, 15]","[123.2, 10]","[124.42, 12]",120.01,48,6.38,0.08
07:36:30,"[115.3, 20]","[113.09, 11]","[121.11, 9]","[122.11, 9]",118.21,49,5.81,0.27
07:36:31,"[115.11, 27]","[112.43, 14]","[119.08, 13]","[120.54, 13]",117.09,67,3.97,0.22
07:36:32,"[115.0, 20]","[112.0, 22]","[117.2, 10]","[120.0, 10]",116.1,62,2.2,0.35
07:36:33,"[114.0, 18]","[111.04, 28]","[126.86, 14]","[164.38, 13]",120.43,73,12.86,0.26
07:36:34,"[118.0, 7]","[115.33, 12]","[356.05, 20]","[451.83, 18]",237.03,57,238.05,-0.33
07:36:35,"[118.0, 9]","[116.36, 22]","[251.74, 31]","[261.56, 41]",184.87,103,133.74,-0.4
07:36:36,"[118.0, 8]","[117.0, 32]","[230.0, 24]","[301.35, 31]",174.0,95,112.0,-0.16
07:36:37,"[118.0, 10]","[117.0, 40]","[228.97, 29]","[425.91, 22]",173.48,101,110.97,-0.01
07:36:38,"[118.0, 8]","[117.0, 32]","[228.38, 32]","[327.7, 23]",173.19,95,110.38,-0.16
07:36:39,"[118.0, 9]","[117.0, 36]","[225.33, 45]","[228.83, 29]",171.67,119,107.33,-0.24
07:36:40,"[118.0, 9]","[117.0, 36]","[218.33, 45]","[228.55, 33]",168.17,123,100.33,-0.27
07:36:41,"[117.58, 19]","[116.92, 48]","[227.23, 43]","[228.1, 61]",172.41,171,109.65,-0.22
07:36:42,"[117.0, 23]","[116.0, 20]","[225.84, 38]","[226.76, 42]",171.42,123,108.84,-0.3
07:36:43,"[117.0, 13]","[116.0, 26]","[173.36, 53]","[211.16, 37]",145.18,129,56.36,-0.4
07:36:44,"[117.94, 35]","[116.73, 15]","[135.22, 46]","[151.9, 39]",126.58,135,17.27,-0.26
07:36:45,"[118.0, 35]","[117.0, 14]","[129.56, 27]","[133.29, 31]",123.78,107,11.56,-0.08
07:36:46,"[118.0, 22]","[117.0, 11]","[130.55, 33]","[133.0, 22]",124.27,88,12.55,-0.25
07:36:47,"[118.0, 20]","[116.47, 19]","[131.38, 32]","[134.67, 18]",124.69,89,13.38,-0.12
07:36:48,"[118.0, 12]","[116.83, 24]","[130.5, 32]","[133.5, 16]",124.25,84,12.5,-0.14
07:36:49,"[118.0, 12]","[117.0, 24]","[129.0, 46]","[130.54, 26]",123.5,108,11.0,-0.33
07:36:50,"[118.0, 10]","[117.0, 20]","[127.0, 20]","[128.0, 40]",122.5,90,9.0,-0.33
07:36:51,"[118.0, 14]","[117.0, 28]","[125.72, 36]","[127.67, 48]",121.86,126,7.72,-0.33
07:36:52,"[117.95, 38]","[116.82, 22]","[123.27, 44]","[126.0, 22]",120.61,126,5.33,-0.05
07:36:53,"[116.47, 15]","[113.86, 22]","[122.79, 58]","[125.5, 32]",119.63,127,6.33,-0.42
07:36:54,"[115.0, 18]","[112.07, 108]","[118.52, 62]","[120.87, 46]",116.76,234,3.52,0.08
07:36:55,"[115.0, 8]","[112.0, 48]","[116.38, 32]","[120.0, 16]",115.69,104,1.38,0.08
07:36:56,"[112.39, 23]","[111.6, 30]","[115.54, 26]","[118.75, 16]",113.96,95,3.15,0.12
07:36:57,"[112.73, 33]","[111.35, 23]","[113.86, 28]","[130.0, 70]",113.29,154,1.13,-0.27
07:36:58,"[111.71, 28]","[109.96, 28]","[166.18, 71]","[277.16, 38]",138.95,165,54.47,-0.32
07:36:59,"[110.0, 18]","[108.0, 9]","[197.67, 45]","[541.0, 45]",153.83,117,87.67,-0.54
07:37:00,"[110.0, 20]","[108.0, 10]","[176.85, 39]","[226.7, 44]",143.42,113,66.85,-0.47
07:37:01,"[115.14, 49]","[110.88, 25]","[152.4, 45]","[159.94, 50]",133.77,169,37.26,-0.12
07:37:02,"[116.9, 31]","[114.96, 23]","[124.0, 21]","[135.0, 16]",120.45,91,7.1,0.19
07:37:03,"[118.0, 52]","[116.65, 43]","[122.13, 31]","[123.08, 39]",120.06,165,4.13,0.15
07:37:04,"[117.86, 69]","[115.84, 77]","[124.05, 63]","[299.07, 58]",120.95,267,6.19,0.09
07:37:05,"[116.0, 50]","[111.03, 29]","[387.48, 42]","[655.26, 38]",251.74,159,271.48,-0.01
07:37:06,"[116.0, 45]","[112.0, 45]","[368.89, 27]","[410.71, 41]",242.44,158,252.89,0.14
07:37:07,"[116.0, 23]","[112.0, 35]","[124.29, 21]","[206.14, 21]",120.14,100,8.29,0.16
07:37:08,"[119.0, 28]","[114.75, 48]","[123.57, 46]","[124.71, 42]",121.28,164,4.57,-0.07
07:37:09,"[113.66, 59]","[111.32, 53]","[119.88, 48]","[122.56, 52]",116.77,212,6.21,0.06
07:37:10,"[112.38, 64]","[110.77, 26]","[116.85, 26]","[117.75, 24]",114.61,140,4.47,0.29
07:37:11,"[113.0, 123]","[112.0, 55]","[114.37, 27]","[167.55, 22]",113.69,227,1.37,0.57
07:37:12,"[113.01, 95]","[111.64, 55]","[158.82, 33]","[229.07, 68]",135.91,251,45.81,0.2
07:37:13,"[113.64, 61]","[112.14, 28]","[223.15, 39]","[377.97, 63]",168.4,191,109.51,-0.07
07:37:14,"[114.0, 45]","[113.0, 18]","[372.31, 29]","[444.79, 38]",243.16,130,258.31,-0.03
07:37:15,"[114.0, 60]","[113.0, 24]","[302.85, 47]","[419.77, 52]",208.43,183,188.85,-0.08
07:37:16,"[115.71, 35]","[113.85, 53]","[434.74, 35]","[503.75, 36]",275.23,159,319.03,0.11
07:37:17,"[116.35, 34]","[113.62, 21]","[303.0, 36]","[567.0, 27]",209.68,118,186.65,-0.07
07:37:18,"[117.0, 49]","[116.0, 18]","[378.69, 35]","[718.5, 28]",247.84,130,261.69,0.03
07:37:19,"[117.0, 35]","[116.0, 14]","[178.69, 29]","[391.89, 27]",147.84,105,61.69,-0.07
07:37:20,"[116.71, 28]","[114.5, 16]","[176.08, 25]","[469.25, 12]",146.4,81,59.37,0.09
07:37:21,"[115.27, 37]","[112.86, 21]","[175.14, 28]","[195.71, 35]",145.21,121,59.87,-0.04
07:37:22,"[114.33, 43]","[111.83, 18]","[171.97, 29]","[173.42, 36]",143.15,126,57.64,-0.03
07:37:23,"[115.29, 14]","[112.86, 28]","[169.89, 18]","[172.57, 28]",142.59,88,54.6,-0.05
07:37:24,"[114.8, 20]","[113.78, 32]","[168.0, 31]","[169.06, 16]",141.4,99,53.2,0.05
07:37:25,"[112.88, 16]","[111.31, 13]","[167.0, 12]","[168.0, 18]",139.94,59,54.12,-0.02
07:37:26,"[111.13, 23]","[110.09, 22]","[166.27, 22]","[168.0, 33]",138.7,100,55.14,-0.1
07:37:27,"[119.0, 70]","[111.0, 20]","[154.05, 21]","[162.33, 24]",136.52,135,35.05,0.33
07:37:28,"[119.0, 42]","[111.0, 12]","[146.73, 15]","[152.69, 13]",132.87,82,27.73,0.32
07:37:29,"[117.67, 24]","[110.12, 16]","[143.86, 21]","[146.0, 14]",130.76,75,26.19,0.07
07:37:30,"[109.0, 30]","[99.55, 29]","[114.05, 38]","[127.17, 36]",111.53,133,5.05,-0.11
07:37:31,"[108.0, 48]","[88.0, 24]","[111.4, 35]","[118.74, 31]",109.7,138,3.4,0.04
07:37:32,"[107.14, 28]","[88.45, 11]","[111.0, 28]","[112.0, 32]",109.07,99,3.86,-0.21
07:37:33,"[107.0, 28]","[104.0, 10]","[111.0, 28]","[112.0, 35]",109.0,101,4.0,-0.25
07:37:34,"[107.0, 36]","[105.33, 9]","[111.0, 36]","[112.0, 45]",109.0,126,4.0,-0.29
07:37:35,"[107.0, 12]","[102.29, 7]","[111.0, 24]","[112.0, 30]",109.0,73,4.0,-0.48
07:37:36,"[107.0, 24]","[99.0, 12]","[108.92, 48]","[112.0, 53]",107.96,137,1.92,-0.47
07:37:37,"[107.0, 12]","[95.0, 6]","[108.0, 20]","[112.0, 28]",107.5,66,1.0,-0.45
07:37:38,"[105.67, 18]","[71.86, 7]","[112.0, 35]","[528.0, 21]",108.83,81,6.33,-0.38
07:37:39,"[107.0, 35]","[89.71, 7]","[112.0, 35]","[311.14, 21]",109.5,98,5.0,-0.14
07:37:40,"[107.0, 35]","[71.14, 7]","[112.0, 33]","[348.86, 21]",109.5,96,5.0,-0.12
07:37:41,"[107.0, 40]","[74.2, 10]","[112.0, 29]","[346.0, 24]",109.5,103,5.0,-0.03
07:37:42,"[107.0, 32]","[90.5, 24]","[110.49, 45]","[166.42, 36]",108.74,137,3.49,-0.18
07:37:43,"[107.0, 11]","[69.71, 17]","[111.03, 38]","[223.0, 33]",109.01,99,4.03,-0.43
07:37:44,"[107.62, 16]","[60.0, 9]","[254.6, 25]","[429.78, 27]",181.11,77,146.97,-0.35
07:37:45,"[112.87, 15]","[110.0, 8]","[301.0, 21]","[482.14, 21]",206.93,65,188.13,-0.29
07:37:46,"[118.0, 12]","[117.0, 5]","[573.6, 15]","[678.0, 15]",345.8,47,455.6,-0.28
07:37:47,"[109.2, 10]","[91.42, 12]","[531.44, 27]","[557.0, 27]",320.32,76,422.24,-0.42
07:37:48,"[119.0, 70]","[109.18, 11]","[515.0, 21]","[532.14, 21]",317.0,123,396.0,0.32
07:37:49,"[119.0, 77]","[110.0, 16]","[333.0, 24]","[436.0, 24]",226.0,141,214.0,0.32
07:37:50,"[119.0, 90]","[112.67, 15]","[322.0, 30]","[344.1, 30]",220.5,165,203.0,0.27
07:37:51,"[119.0, 24]","[118.0, 3]","[342.0, 9]","[345.0, 9]",230.5,45,223.0,0.2
07:37:52,"[119.0, 72]","[118.0, 9]","[339.89, 27]","[404.56, 27]",229.44,135,220.89,0.2
07:37:53,"[119.0, 79]","[118.0, 11]","[336.91, 33]","[376.0, 33]",227.95,156,217.91,0.15
07:37:54,"[119.0, 49]","[118.0, 7]","[225.21, 19]","[308.46, 13]",172.11,88,106.21,0.27
07:37:55,"[119.0, 49]","[118.0, 7]","[173.0, 21]","[198.0, 7]",146.0,84,54.0,0.33
07:37:56,"[119.0, 84]","[118.0, 12]","[171.67, 36]","[191.58, 24]",145.33,156,52.67,0.23
07:37:57,"[119.0, 49]","[118.0, 7]","[169.57, 21]","[171.0, 21]",144.29,98,50.57,0.14
07:37:58,"[119.0, 49]","[118.0, 7]","[168.43, 21]","[171.0, 21]",143.71,98,49.43,0.14
07:37:59,"[119.0, 34]","[118.0, 6]","[165.83, 18]","[166.83, 18]",142.42,76,46.83,0.05
07:38:00,"[119.0, 24]","[118.0, 8]","[163.56, 25]","[165.12, 24]",141.28,81,44.56,-0.21
07:38:01,"[119.0, 13]","[118.0, 11]","[140.5, 38]","[150.41, 39]",129.75,101,21.5,-0.52
07:38:02,"[119.0, 9]","[118.0, 9]","[130.32, 28]","[131.68, 34]",124.66,80,11.32,-0.55
07:38:03,"[116.57, 21]","[115.81, 63]","[125.73, 37]","[127.12, 51]",121.15,172,9.16,-0.02
07:38:04,"[113.0, 60]","[112.0, 30]","[119.33, 36]","[120.04, 28]",116.17,154,6.33,0.17
07:38:05,"[113.0, 30]","[112.0, 15]","[115.5, 8]","[116.16, 19]",114.25,72,2.5,0.25
07:38:06,"[113.0, 24]","[112.0, 30]","[114.03, 37]","[115.31, 13]",113.51,104,1.03,0.04
07:38:07,"[112.92, 38]","[111.51, 41]","[143.12, 41]","[345.14, 28]",128.02,148,30.2,0.07
07:38:08,"[112.0, 11]","[111.0, 40]","[138.0, 30]","[397.4, 30]",125.0,111,26.0,-0.08
07:38:09,"[111.16, 25]","[110.53, 30]","[347.36, 33]","[583.64, 33]",229.26,121,236.2,-0.09
07:38:10,"[110.18, 17]","[107.23, 26]","[422.84, 25]","[490.38, 24]",266.51,92,312.66,-0.07
07:38:11,"[114.8, 30]","[110.64, 36]","[387.94, 34]","[422.72, 29]",251.37,129,273.14,0.02
07:38:12,"[116.0, 20]","[112.0, 25]","[298.6, 15]","[422.0, 20]",207.3,80,182.6,0.12
07:38:13,"[116.0, 32]","[112.0, 40]","[201.5, 26]","[406.0, 30]",158.75,128,85.5,0.12
07:38:14,"[116.0, 32]","[112.0, 40]","[202.64, 28]","[338.54, 28]",159.32,128,86.64,0.12
07:38:15,"[116.0, 28]","[112.0, 45]","[201.32, 31]","[280.0, 32]",158.66,136,85.32,0.07
07:38:16,"[117.71, 28]","[114.18, 44]","[182.69, 45]","[229.36, 44]",150.2,161,64.97,-0.11
07:38:17,"[119.0, 22]","[116.0, 33]","[159.82, 44]","[161.73, 44]",139.41,143,40.82,-0.23
07:38:18,"[119.0, 24]","[116.0, 36]","[155.74, 54]","[157.22, 49]",137.37,163,36.74,-0.26
07:38:19,"[118.24, 25]","[115.23, 44]","[132.49, 49]","[146.81, 47]",125.36,165,14.25,-0.16
07:38:20,"[116.0, 28]","[112.12, 34]","[118.15, 40]","[119.79, 28]",117.08,130,2.15,-0.05
07:38:21,"[112.08, 51]","[110.55, 29]","[114.85, 33]","[117.89, 37]",113.46,150,2.77,0.07
07:38:22,"[112.0, 45]","[111.0, 66]","[628.2, 40]","[719.0, 21]",370.1,172,516.2,0.29
07:38:23,"[113.0, 6]","[112.0, 24]","[716.67, 24]","[719.0, 18]",414.83,72,603.67,-0.17
07:38:24,"[113.0, 10]","[112.0, 40]","[234.62, 37]","[422.27, 33]",173.81,120,121.62,-0.17
07:38:25,"[113.0, 9]","[112.0, 36]","[176.0, 36]","[369.33, 27]",144.5,108,63.0,-0.17
07:38:26,"[112.33, 9]","[111.25, 48]","[175.11, 36]","[203.0, 27]",143.72,120,62.78,-0.05
07:38:27,"[111.11, 19]","[110.03, 73]","[175.0, 28]","[341.43, 21]",143.05,141,63.89,0.3
07:38:28,"[111.0, 27]","[110.0, 108]","[175.0, 36]","[511.89, 27]",143.0,198,64.0,0.36
07:38:29,"[111.0, 36]","[110.0, 144]","[161.55, 44]","[441.65, 40]",136.27,264,50.55,0.36
07:38:30,"[113.0, 5]","[111.0, 15]","[172.0, 20]","[410.0, 15]",142.5,55,59.0,-0.27
07:38:31,"[110.1, 91]","[108.77, 26]","[125.36, 44]","[314.28, 50]",117.73,211,15.26,0.11
07:38:32,"[110.0, 88]","[107.0, 32]","[202.94, 34]","[293.07, 30]",156.47,184,92.94,0.3
07:38:33,"[110.0, 67]","[107.0, 28]","[251.16, 25]","[288.54, 26]",180.58,146,141.16,0.3
07:38:34,"[110.36, 100]","[108.22, 64]","[249.74, 27]","[250.78, 64]",180.05,255,139.38,0.29
07:38:35,"[111.8, 30]","[111.29, 28]","[246.5, 26]","[248.0, 20]",179.15,104,134.7,0.12
07:38:36,"[110.0, 78]","[107.0, 52]","[240.09, 43]","[241.88, 33]",175.05,206,130.09,0.26
07:38:37,"[110.78, 65]","[108.7, 74]","[234.67, 45]","[235.47, 53]",172.73,237,123.88,0.17
07:38:38,"[115.4, 45]","[110.76, 90]","[194.52, 25]","[177.62, 26]",154.96,186,79.12,0.45
07:38:39,"[116.0, 110]","[113.0, 11]","[146.81, 27]","[147.33, 21]",131.41,169,30.81,0.43
07:38:40,"[116.0, 90]","[112.33, 18]","[142.68, 22]","[143.42, 19]",129.34,149,26.68,0.45
07:38:41,"[116.0, 150]","[113.8, 50]","[139.95, 39]","[140.87, 30]",127.97,269,23.95,0.49
07:38:42,"[116.0, 144]","[115.0, 45]","[133.24, 63]","[134.78, 45]",124.62,297,17.24,0.27
07:38:43,"[118.0, 180]","[116.0, 120]","[132.81, 43]","[133.62, 53]",125.41,396,14.81,0.52
07:38:44,"[118.23, 93]","[117.27, 132]","[129.37, 30]","[130.03, 29]",123.8,284,11.14,0.58
07:38:45,"[119.0, 99]","[118.0, 180]","[126.5, 42]","[127.39, 41]",122.75,362,7.5,0.54
07:38:46,"[119.0, 130]","[118.0, 156]","[124.38, 39]","[125.38, 39]",121.69,364,5.38,0.57
07:38:47,"[119.0, 144]","[118.0, 108]","[122.44, 27]","[123.78, 27]",120.72,306,3.44,0.65
07:38:48,"[119.0, 154]","[117.91, 92]","[120.35, 17]","[123.0, 39]",119.68,302,1.35,0.63
07:38:49,"[119.0, 45]","[118.0, 9]","[120.0, 9]","[124.0, 27]",119.5,90,1.0,0.2
07:38:50,"[119.0, 24]","[118.0, 6]","[123.33, 18]","[209.0, 12]",121.17,60,4.33,0.0
07:38:51,"[119.0, 24]","[118.0, 6]","[123.0, 18]","[179.0, 12]",121.0,60,4.0,0.0
07:38:52,"[119.0, 13]","[118.0, 13]","[122.23, 39]","[257.94, 32]",120.62,97,3.23,-0.46
07:38:53,"[118.5, 24]","[117.55, 80]","[121.42, 52]","[293.96, 76]",119.96,232,2.92,-0.1
07:38:54,"[117.11, 18]","[116.6, 20]","[119.6, 30]","[282.88, 34]",118.36,102,2.49,-0.25
07:38:55,"[115.62, 13]","[113.55, 11]","[118.09, 33]","[236.29, 34]",116.85,91,2.48,-0.47
07:38:56,"[114.08, 13]","[112.38, 13]","[117.27, 33]","[275.0, 55]",115.67,114,3.2,-0.54
07:38:57,"[112.0, 24]","[111.0, 24]","[115.93, 30]","[236.43, 42]",113.97,120,3.93,-0.2
07:38:58,"[110.1, 42]","[109.4, 10]","[115.0, 9]","[157.67, 18]",112.55,79,4.9,0.32
07:38:59,"[110.0, 20]","[109.0, 4]","[158.43, 7]","[218.54, 13]",134.21,44,48.43,0.09
07:39:00,"[110.15, 27]","[109.67, 15]","[353.94, 32]","[387.1, 20]",232.04,94,243.79,-0.11
07:39:01,"[112.0, 10]","[110.0, 60]","[227.2, 50]","[450.6, 10]",169.6,130,115.2,0.08
07:39:02,"[114.82, 51]","[110.8, 10]","[638.08, 24]","[729.4, 15]",376.45,100,523.26,0.22
07:39:03,"[119.0, 72]","[115.1, 63]","[533.0, 16]","[631.5, 8]",326.0,159,414.0,0.7
07:39:04,"[119.0, 81]","[117.0, 9]","[224.14, 36]","[324.59, 27]",171.57,153,105.14,0.18
07:39:05,"[119.0, 72]","[117.0, 8]","[137.25, 28]","[151.85, 34]",128.12,142,18.25,0.13
07:39:06,"[119.0, 99]","[117.0, 11]","[133.91, 33]","[135.45, 33]",126.45,176,14.91,0.25
07:39:07,"[119.0, 117]","[117.0, 13]","[130.06, 32]","[131.87, 39]",124.53,201,11.06,0.29
07:39:08,"[119.0, 90]","[117.0, 10]","[128.0, 30]","[129.0, 10]",123.5,140,9.0,0.43
07:39:09,"[119.0, 90]","[117.0, 10]","[126.76, 37]","[127.64, 33]",122.88,170,7.76,0.18
07:39:10,"[119.0, 117]","[117.0, 13]","[123.21, 42]","[125.31, 39]",121.11,211,4.21,0.23
07:39:11,"[117.89, 36]","[114.08, 12]","[120.16, 38]","[121.25, 32]",119.02,118,2.27,-0.19
07:39:12,"[115.0, 12]","[112.0, 6]","[120.0, 24]","[121.0, 18]",117.5,60,5.0,-0.4
07:39:13,"[115.0, 20]","[112.0, 10]","[119.0, 30]","[120.0, 40]",117.0,100,4.0,-0.4
07:39:14,"[115.0, 18]","[112.0, 12]","[119.0, 36]","[120.0, 48]",117.0,114,4.0,-0.47
07:39:15,"[115.0, 12]","[112.0, 12]","[117.97, 33]","[119.87, 47]",116.48,104,2.97,-0.54
07:39:16,"[112.92, 12]","[110.06, 48]","[116.77, 26]","[119.09, 22]",114.84,108,3.85,0.11
07:39:17,"[101.12, 16]","[75.56, 18]","[110.97, 37]","[111.52, 29]",106.05,100,9.85,-0.32
07:39:18,"[82.0, 9]","[58.11, 27]","[103.07, 14]","[104.83, 24]",92.54,74,21.07,-0.03
07:39:19,"[83.71, 21]","[66.89, 27]","[101.14, 7]","[104.0, 14]",92.43,69,17.43,0.39
07:39:20,"[85.91, 23]","[73.53, 45]","[101.0, 9]","[103.11, 18]",93.46,95,15.09,0.43
07:39:21,"[88.2, 132]","[85.75, 12]","[105.89, 46]","[113.47, 38]",97.05,228,17.69,0.26
07:39:22,"[97.69, 16]","[89.8, 30]","[104.91, 44]","[106.35, 46]",101.3,136,7.22,-0.32
07:39:23,"[100.27, 33]","[99.0, 11]","[103.95, 38]","[105.7, 53]",102.11,135,3.67,-0.35
07:39:24,"[101.18, 33]","[99.0, 11]","[104.85, 26]","[105.92, 50]",103.01,120,3.66,-0.27
07:39:25,"[103.06, 18]","[102.27, 22]","[106.0, 40]","[107.0, 40]",104.53,120,2.94,-0.33
07:39:26,"[103.5, 16]","[92.4, 20]","[105.89, 28]","[106.9, 31]",104.7,95,2.39,-0.24
07:39:27,"[100.28, 25]","[60.6, 15]","[104.44, 27]","[106.14, 28]",102.36,95,4.16,-0.16
07:39:28,"[6.43, 14]","[2.0, 4]","[106.45, 22]","[150.12, 25]",56.44,65,100.03,-0.45
07:39:29,"[22.78, 18]","[0, 0]","[107.0, 9]","[271.5, 12]",64.89,39,84.22,-0.08
07:39:30,"[55.6, 10]","[55.0, 8]","[107.0, 7]","[283.71, 7]",81.3,32,51.4,0.12
07:39:31,"[57.57, 7]","[41.86, 14]","[104.5, 12]","[134.91, 11]",81.04,44,46.93,-0.05
07:39:32,"[70.91, 11]","[54.5, 16]","[105.41, 17]","[106.21, 19]",88.16,63,34.5,-0.14
07:39:33,"[85.71, 7]","[54.81, 16]","[104.0, 6]","[106.0, 18]",94.86,47,18.29,-0.02
07:39:34,"[82.88, 8]","[74.12, 17]","[103.0, 35]","[104.0, 7]",92.94,67,20.12,-0.25
07:39:35,"[86.94, 90]","[84.56, 32]","[103.0, 43]","[104.0, 11]",94.97,176,16.06,0.39
07:39:36,"[91.62, 69]","[88.77, 75]","[103.0, 12]","[104.0, 26]",97.31,182,11.38,0.58
07:39:37,"[93.95, 19]","[92.16, 64]","[103.0, 11]","[104.0, 33]",98.47,127,9.05,0.31
07:39:38,"[96.4, 20]","[95.47, 34]","[206.3, 20]","[219.08, 37]",151.35,111,109.9,-0.03
07:39:39,"[104.31, 39]","[97.9, 21]","[212.14, 43]","[320.89, 44]",158.22,147,107.83,-0.18
07:39:40,"[101.88, 97]","[100.1, 67]","[107.0, 11]","[178.87, 15]",104.44,190,5.12,0.73
07:39:41,"[103.96, 57]","[102.87, 175]","[127.53, 19]","[304.19, 26]",115.75,277,23.56,0.68
07:39:42,"[104.56, 68]","[102.81, 134]","[191.77, 26]","[541.0, 14]",148.16,242,87.21,0.67
07:39:43,"[95.15, 85]","[78.96, 26]","[206.82, 22]","[420.95, 21]",150.99,154,111.67,0.44
07:39:44,"[100.72, 43]","[96.32, 28]","[465.05, 20]","[514.77, 13]",282.89,104,364.33,0.37
07:39:45,"[119.0, 45]","[117.0, 9]","[497.86, 14]","[565.93, 15]",308.43,83,378.86,0.3
07:39:46,"[119.0, 50]","[117.0, 10]","[354.2, 10]","[600.57, 14]",236.6,84,235.2,0.43
07:39:47,"[119.0, 35]","[117.0, 7]","[303.0, 8]","[368.08, 13]",211.0,63,184.0,0.33
07:39:48,"[119.0, 37]","[117.77, 26]","[151.86, 14]","[458.6, 10]",135.43,87,32.86,0.45
07:39:49,"[119.0, 48]","[118.0, 120]","[146.0, 24]","[258.08, 12]",132.5,204,27.0,0.65
07:39:50,"[118.65, 46]","[117.96, 83]","[147.71, 17]","[148.55, 22]",133.18,168,29.05,0.54
07:39:51,"[118.0, 20]","[117.0, 10]","[146.25, 16]","[147.57, 14]",132.12,60,28.25,0.0
07:39:52,"[118.0, 12]","[117.0, 6]","[145.17, 12]","[147.0, 6]",131.58,36,27.17,0.0
07:39:53,"[118.0, 18]","[117.0, 9]","[143.5, 12]","[144.13, 15]",130.75,54,25.5,0.0
07:39:54,"[118.0, 26]","[117.0, 13]","[139.96, 23]","[141.75, 16]",128.98,78,21.96,0.0
07:39:55,"[118.0, 24]","[117.0, 12]","[136.52, 23]","[138.15, 13]",127.26,72,18.52,0.0
07:39:56,"[118.5, 16]","[117.8, 20]","[135.5, 24]","[138.0, 12]",127.0,72,17.0,0.0
07:39:57,"[119.0, 9]","[118.0, 18]","[132.08, 12]","[133.2, 15]",125.54,54,13.08,0.0
07:39:58,"[118.67, 9]","[117.32, 19]","[127.67, 12]","[128.6, 15]",123.17,55,9.0,0.02
07:39:59,"[117.0, 10]","[115.0, 40]","[125.55, 11]","[127.84, 19]",121.27,80,8.55,0.25
07:40:00,"[117.7, 20]","[115.55, 33]","[121.36, 22]","[123.39, 23]",119.53,98,3.66,0.08
07:40:01,"[117.0, 11]","[115.0, 44]","[119.12, 16]","[120.24, 17]",118.06,88,2.12,0.25
07:40:02,"[113.93, 14]","[112.07, 15]","[116.22, 55]","[117.15, 41]",115.07,125,2.29,-0.54
07:40:03,"[112.78, 32]","[110.94, 32]","[115.11, 37]","[188.69, 35]",113.94,136,2.33,-0.06
07:40:04,"[113.0, 7]","[111.0, 21]","[116.0, 23]","[328.0, 28]",114.5,79,3.0,-0.29
07:40:05,"[113.0, 8]","[111.0, 24]","[114.38, 16]","[488.4, 30]",113.69,78,1.38,-0.18
07:40:06,"[112.08, 13]","[110.91, 23]","[133.56, 18]","[259.09, 22]",122.82,76,21.48,-0.05
07:40:07,"[116.46, 41]","[110.67, 9]","[304.83, 12]","[365.11, 18]",210.65,80,188.37,0.25
07:40:08,"[118.0, 170]","[111.0, 27]","[302.0, 9]","[452.55, 22]",210.0,228,184.0,0.73
07:40:09,"[118.0, 86]","[111.0, 15]","[302.0, 5]","[579.14, 14]",210.0,120,184.0,0.68
07:40:10,"[118.0, 68]","[111.0, 12]","[301.25, 4]","[656.0, 4]",209.62,88,183.25,0.82
07:40:11,"[118.17, 116]","[115.67, 72]","[265.54, 24]","[466.67, 21]",191.86,233,147.37,0.61
07:40:12,"[119.0, 55]","[118.0, 132]","[241.57, 23]","[245.96, 26]",180.28,236,122.57,0.58
07:40:13,"[119.0, 40]","[118.0, 96]","[234.0, 20]","[234.55, 20]",176.5,176,115.0,0.55
07:40:14,"[118.01, 91]","[115.69, 52]","[183.39, 38]","[180.36, 36]",150.7,217,65.38,0.32
07:40:15,"[118.0, 98]","[115.0, 48]","[148.44, 50]","[152.12, 48]",133.22,244,30.44,0.2
07:40:16,"[118.0, 63]","[115.0, 36]","[146.27, 33]","[148.58, 12]",132.14,144,28.27,0.38
07:40:17,"[118.0, 84]","[115.0, 48]","[142.88, 42]","[143.78, 36]",130.44,210,24.88,0.26
07:40:18,"[118.0, 105]","[115.0, 60]","[138.24, 55]","[140.03, 34]",128.12,254,20.24,0.3
07:40:19,"[118.0, 84]","[115.0, 48]","[135.9, 49]","[136.73, 15]",126.95,196,17.9,0.35
07:40:20,"[118.0, 105]","[115.0, 60]","[132.73, 56]","[133.79, 58]",125.37,279,14.73,0.18
07:40:21,"[118.0, 72]","[115.17, 58]","[130.05, 61]","[131.08, 65]",124.02,256,12.05,0.02
07:40:22,"[118.0, 48]","[117.0, 12]","[126.88, 26]","[128.41, 44]",122.44,130,8.88,-0.08
07:40:23,"[118.0, 10]","[117.0, 10]","[121.74, 38]","[123.14, 22]",119.87,80,3.74,-0.5
07:40:24,"[117.36, 11]","[116.19, 16]","[120.35, 37]","[123.22, 23]",118.86,87,2.99,-0.38
07:40:25,"[115.12, 25]","[112.32, 37]","[118.47, 51]","[120.53, 57]",116.8,170,3.35,-0.27
07:40:26,"[111.88, 51]","[111.09, 55]","[114.14, 56]","[119.57, 70]",113.01,232,2.26,-0.09
07:40:27,"[110.98, 47]","[109.54, 13]","[152.0, 32]","[220.67, 36]",131.49,128,41.02,-0.06
07:40:28,"[109.36, 25]","[107.84, 62]","[380.47, 51]","[507.71, 41]",244.92,179,271.11,-0.03
07:40:29,"[108.29, 24]","[95.17, 23]","[181.0, 32]","[336.0, 32]",144.65,111,72.71,-0.15
07:40:30,"[84.79, 29]","[74.0, 34]","[179.29, 21]","[269.57, 28]",132.04,112,94.49,0.12
07:40:31,"[71.76, 42]","[61.26, 47]","[158.0, 33]","[225.46, 35]",114.88,157,86.24,0.13
07:40:32,"[76.78, 23]","[60.64, 44]","[111.02, 49]","[168.33, 36]",93.9,152,34.24,-0.12
07:40:33,"[116.15, 26]","[110.0, 30]","[160.71, 28]","[207.0, 24]",138.43,108,44.56,0.04
07:40:34,"[118.0, 36]","[112.76, 33]","[164.69, 39]","[324.31, 39]",141.35,147,46.69,-0.06
07:40:35,"[118.0, 39]","[117.0, 13]","[132.5, 28]","[138.31, 51]",125.25,131,14.5,-0.21
07:40:36,"[118.0, 45]","[117.0, 15]","[130.13, 30]","[172.5, 48]",124.07,138,12.13,-0.13
07:40:37,"[118.0, 43]","[117.0, 13]","[127.13, 31]","[149.79, 34]",122.56,121,9.13,-0.07
07:40:38,"[118.0, 57]","[117.0, 13]","[125.4, 30]","[126.77, 35]",121.7,135,7.4,0.04
07:40:39,"[118.0, 38]","[117.0, 12]","[122.33, 36]","[126.0, 24]",120.17,110,4.33,-0.09
07:40:40,"[118.92, 52]","[117.8, 10]","[122.81, 16]","[184.29, 14]",120.87,92,3.89,0.35
07:40:41,"[119.0, 72]","[118.0, 12]","[126.0, 12]","[243.0, 30]",122.5,126,7.0,0.33
07:40:42,"[119.0, 132]","[118.0, 22]","[125.73, 22]","[165.0, 44]",122.36,220,6.73,0.4
07:40:43,"[118.87, 91]","[117.7, 20]","[122.73, 30]","[148.13, 30]",120.8,171,3.87,0.3
07:40:44,"[119.0, 61]","[118.0, 22]","[120.43, 28]","[138.61, 41]",119.71,152,1.43,0.09
07:40:45,"[119.0, 52]","[118.0, 40]","[120.25, 64]","[163.1, 80]",119.62,236,1.25,-0.22
07:40:46,"[119.0, 11]","[118.0, 22]","[120.0, 33]","[121.0, 44]",119.5,110,1.0,-0.4
07:40:47,"[118.0, 18]","[117.0, 9]","[120.0, 27]","[195.45, 29]",119.0,83,2.0,-0.35
07:40:48,"[117.67, 21]","[116.46, 13]","[187.56, 41]","[259.59, 39]",152.61,114,69.89,-0.4
07:40:49,"[113.18, 44]","[112.43, 56]","[338.52, 33]","[398.69, 29]",225.85,162,225.33,0.23
07:40:50,"[113.33, 49]","[112.1, 40]","[271.0, 13]","[273.0, 52]",192.16,154,157.67,0.16
07:40:51,"[116.5, 40]","[115.09, 46]","[268.76, 17]","[271.12, 34]",192.63,137,152.26,0.26
07:40:52,"[116.0, 24]","[113.0, 12]","[265.67, 15]","[267.37, 27]",190.83,78,149.67,-0.08
07:40:53,"[116.0, 18]","[113.0, 9]","[197.0, 21]","[200.28, 25]",156.5,73,81.0,-0.26
07:40:54,"[114.67, 18]","[112.38, 13]","[152.24, 21]","[163.7, 23]",133.45,75,37.57,-0.17
07:40:55,"[114.0, 12]","[112.1, 10]","[118.29, 24]","[123.63, 19]",116.15,65,4.29,-0.32
07:40:56,"[113.0, 19]","[112.0, 48]","[115.3, 20]","[116.59, 17]",114.15,104,2.3,0.29
07:40:57,"[113.0, 34]","[112.0, 17]","[114.92, 12]","[126.59, 22]",113.96,85,1.92,0.2
07:40:58,"[112.0, 8]","[110.75, 8]","[115.0, 8]","[221.0, 24]",113.5,48,3.0,-0.33
07:40:59,"[111.0, 5]","[110.0, 5]","[115.0, 5]","[307.0, 15]",113.0,30,4.0,-0.33
07:41:00,"[111.0, 5]","[110.0, 5]","[115.0, 5]","[334.29, 14]",113.0,29,4.0,-0.31
07:41:01,"[113.57, 14]","[110.17, 6]","[253.4, 10]","[369.0, 16]",183.49,46,139.83,-0.13
07:41:02,"[115.0, 48]","[111.0, 6]","[304.82, 17]","[388.62, 16]",209.91,87,189.82,0.24
07:41:03,"[115.35, 52]","[114.59, 49]","[298.85, 26]","[336.56, 32]",207.1,159,183.5,0.27
07:41:04,"[118.0, 10]","[115.0, 48]","[177.28, 47]","[314.88, 25]",147.64,130,59.28,-0.11
07:41:05,"[118.0, 22]","[115.4, 20]","[121.92, 26]","[164.35, 34]",119.96,102,3.92,-0.18
07:41:06,"[116.18, 22]","[114.71, 34]","[119.83, 29]","[134.63, 38]",118.0,123,3.65,-0.09
07:41:07,"[115.0, 36]","[112.0, 36]","[116.11, 27]","[144.33, 36]",115.56,135,1.11,0.07
07:41:08,"[112.8, 10]","[111.39, 18]","[308.89, 38]","[544.56, 45]",210.85,111,196.09,-0.5
07:41:09,"[111.75, 8]","[110.14, 7]","[376.16, 31]","[473.86, 35]",243.96,81,264.41,-0.63
07:41:10,"[111.0, 7]","[110.0, 7]","[156.0, 21]","[341.86, 35]",133.5,70,45.0,-0.6
07:41:11,"[113.86, 21]","[110.79, 14]","[187.1, 68]","[399.31, 68]",150.48,171,73.25,-0.59
07:41:12,"[119.0, 10]","[117.9, 73]","[187.1, 50]","[356.12, 48]",153.05,181,68.1,-0.08
07:41:13,"[118.27, 22]","[117.25, 53]","[183.17, 46]","[189.02, 41]",150.72,162,64.9,-0.07
07:41:14,"[118.0, 22]","[110.18, 11]","[178.67, 49]","[179.54, 48]",148.34,130,60.67,-0.49
07:41:15,"[118.0, 16]","[116.14, 14]","[174.84, 37]","[175.91, 35]",146.42,102,56.84,-0.41
07:41:16,"[112.13, 30]","[112.37, 19]","[142.22, 69]","[156.99, 68]",127.18,186,30.08,-0.47
07:41:17,"[110.0, 14]","[109.0, 7]","[135.33, 30]","[136.24, 33]",122.67,84,25.33,-0.5
07:41:18,"[110.04, 25]","[109.14, 14]","[133.47, 62]","[135.27, 55]",121.75,156,23.43,-0.5
07:41:19,"[85.41, 17]","[63.14, 14]","[131.78, 36]","[133.0, 45]",108.59,112,46.37,-0.45
07:41:20,"[98.33, 12]","[62.9, 10]","[130.5, 40]","[133.0, 50]",114.42,112,32.17,-0.61
07:41:21,"[108.89, 36]","[98.44, 34]","[125.6, 40]","[132.14, 56]",117.24,166,16.71,-0.16
07:41:22,"[101.25, 12]","[77.94, 17]","[108.0, 20]","[121.09, 33]",104.62,82,6.75,-0.29
07:41:23,"[76.0, 13]","[51.18, 34]","[106.05, 19]","[107.0, 36]",91.03,102,30.05,-0.08
07:41:24,"[75.0, 9]","[48.2, 15]","[105.05, 21]","[106.44, 9]",90.02,54,30.05,-0.11
07:41:25,"[95.86, 14]","[77.74, 19]","[104.0, 36]","[106.0, 9]",99.93,78,8.14,-0.15
07:41:26,"[95.63, 19]","[87.0, 31]","[104.0, 36]","[106.0, 47]",99.82,133,8.37,-0.25
07:41:27,"[93.0, 16]","[91.0, 24]","[104.3, 37]","[105.86, 43]",98.65,120,11.3,-0.33
07:41:28,"[97.09, 22]","[91.36, 22]","[101.39, 23]","[105.62, 21]",99.24,88,4.3,0.0
07:41:29,"[82.54, 39]","[60.26, 38]","[100.0, 60]","[102.0, 14]",91.27,151,17.46,0.02
07:41:30,"[78.09, 23]","[72.32, 19]","[100.0, 32]","[102.0, 8]",89.04,82,21.91,0.02
07:41:31,"[77.0, 27]","[66.44, 18]","[100.6, 30]","[104.67, 18]",88.8,93,23.6,-0.03
07:41:32,"[105.85, 26]","[82.75, 24]","[185.33, 21]","[175.47, 30]",145.59,101,79.49,-0.01
07:41:33,"[119.0, 36]","[84.89, 27]","[201.31, 39]","[282.0, 30]",160.15,132,82.31,-0.05
07:41:34,"[116.16, 38]","[99.36, 45]","[123.45, 22]","[149.0, 55]",119.81,160,7.3,0.04
07:41:35,"[113.0, 27]","[111.0, 45]","[144.5, 36]","[153.91, 33]",128.75,141,31.5,0.02
07:41:36,"[113.83, 35]","[112.41, 34]","[150.32, 34]","[220.86, 35]",132.08,138,36.49,0.0
07:41:37,"[114.88, 8]","[113.0, 24]","[158.0, 24]","[180.0, 32]",136.44,88,43.12,-0.27
07:41:38,"[115.53, 17]","[113.0, 51]","[152.18, 51]","[177.53, 68]",133.85,187,36.65,-0.27
07:41:39,"[117.54, 13]","[114.67, 54]","[152.08, 39]","[179.46, 52]",134.81,158,34.54,-0.15
07:41:40,"[116.33, 36]","[115.12, 51]","[165.27, 33]","[204.09, 44]",140.8,164,48.94,0.06
07:41:41,"[116.0, 36]","[113.0, 24]","[168.0, 24]","[389.66, 29]",142.0,113,52.0,0.06
07:41:42,"[116.0, 26]","[113.0, 39]","[181.23, 31]","[246.38, 13]",148.61,109,65.23,0.19
07:41:43,"[116.0, 16]","[113.0, 24]","[184.5, 24]","[188.14, 22]",150.25,86,68.5,-0.07
07:41:44,"[113.5, 28]","[112.33, 27]","[149.56, 27]","[163.56, 27]",131.53,109,36.06,0.01
07:41:45,"[114.67, 36]","[113.0, 27]","[131.56, 27]","[299.74, 19]",123.11,109,16.89,0.16
07:41:46,"[116.78, 81]","[113.94, 17]","[130.0, 33]","[333.0, 33]",123.39,164,13.22,0.2
07:41:47,"[117.0, 144]","[115.88, 16]","[125.41, 34]","[146.34, 32]",121.21,226,8.41,0.42
07:41:48,"[117.0, 135]","[116.0, 15]","[121.09, 33]","[122.04, 27]",119.05,210,4.09,0.43
07:41:49,"[117.01, 137]","[116.38, 24]","[119.38, 26]","[156.45, 38]",118.2,225,2.37,0.43
07:41:50,"[117.0, 80]","[116.0, 10]","[119.9, 30]","[121.0, 10]",118.45,130,2.9,0.38
07:41:51,"[118.16, 119]","[116.78, 36]","[145.44, 25]","[318.59, 41]",131.8,221,27.28,0.4
07:41:52,"[119.0, 90]","[117.0, 40]","[263.65, 20]","[294.27, 22]",191.32,172,144.65,0.51
07:41:53,"[119.0, 81]","[117.0, 44]","[197.91, 11]","[336.18, 34]",158.45,170,78.91,0.47
07:41:54,"[119.0, 70]","[117.0, 40]","[197.0, 10]","[417.86, 28]",158.0,148,78.0,0.49
07:41:55,"[118.0, 36]","[116.8, 30]","[196.42, 12]","[314.71, 14]",157.21,92,78.42,0.43
07:41:56,"[117.0, 42]","[116.0, 14]","[194.57, 14]","[252.0, 20]",155.79,90,77.57,0.24
07:41:57,"[117.0, 12]","[116.0, 10]","[192.9, 10]","[282.17, 23]",154.95,55,75.9,-0.2
07:41:58,"[117.0, 9]","[116.0, 9]","[192.0, 9]","[355.41, 29]",154.5,56,75.0,-0.36
07:41:59,"[117.0, 13]","[116.0, 13]","[169.06, 31]","[209.0, 15]",143.03,72,52.06,-0.28
07:42:00,"[117.95, 19]","[116.93, 15]","[162.08, 24]","[165.27, 30]",140.02,88,44.14,-0.23
07:42:01,"[118.0, 9]","[117.0, 9]","[160.0, 9]","[162.0, 9]",139.0,36,42.0,0.0
07:42:02,"[118.52, 21]","[116.64, 11]","[157.15, 13]","[160.45, 11]",137.84,56,38.63,0.14
07:42:03,"[119.0, 28]","[117.0, 12]","[146.61, 18]","[151.2, 25]",132.81,83,27.61,-0.04
07:42:04,"[119.0, 10]","[117.0, 10]","[137.17, 12]","[138.69, 13]",128.08,45,18.17,-0.11
07:42:05,"[119.0, 8]","[117.0, 8]","[133.25, 8]","[135.0, 8]",126.12,32,14.25,0.0
07:42:06,"[118.0, 12]","[116.5, 12]","[129.38, 24]","[129.35, 48]",123.69,96,11.38,-0.5
07:42:07,"[115.35, 51]","[112.55, 65]","[123.04, 69]","[124.89, 57]",119.2,242,7.69,-0.04
07:42:08,"[115.0, 50]","[112.0, 70]","[118.67, 46]","[120.11, 45]",116.84,211,3.67,0.14
07:42:09,"[112.18, 82]","[111.08, 84]","[114.73, 52]","[116.33, 60]",113.46,278,2.55,0.19
07:42:10,"[112.0, 77]","[111.0, 77]","[113.36, 11]","[114.36, 55]",112.68,220,1.36,0.4
07:42:11,"[111.71, 24]","[110.91, 23]","[113.08, 13]","[114.62, 8]",112.39,68,1.37,0.38
07:42:12,"[111.0, 39]","[109.04, 56]","[211.0, 9]","[284.12, 8]",161.0,112,100.0,0.7
07:42:13,"[118.11, 18]","[110.28, 25]","[407.92, 26]","[734.74, 19]",263.02,88,289.81,-0.02
07:42:14,"[112.43, 28]","[110.0, 17]","[405.45, 22]","[521.71, 35]",258.94,102,293.03,-0.12
07:42:15,"[112.25, 24]","[110.0, 10]","[397.8, 20]","[472.17, 24]",255.03,78,285.55,-0.13
07:42:16,"[116.21, 38]","[110.71, 34]","[396.29, 14]","[552.43, 28]",256.25,114,280.08,0.26
07:42:17,"[117.0, 120]","[114.0, 24]","[289.25, 24]","[448.29, 28]",203.12,196,172.25,0.47
07:42:18,"[117.0, 120]","[114.0, 24]","[287.4, 30]","[350.48, 27]",202.2,201,170.4,0.43
07:42:19,"[118.0, 12]","[117.0, 60]","[259.33, 12]","[306.73, 15]",188.67,99,141.33,0.45
07:42:20,"[117.0, 64]","[110.0, 8]","[258.38, 16]","[430.78, 18]",187.69,106,141.38,0.36
07:42:21,"[117.17, 69]","[115.8, 51]","[230.67, 24]","[332.29, 28]",173.92,172,113.49,0.4
07:42:22,"[118.35, 175]","[115.85, 162]","[237.73, 30]","[260.6, 35]",178.04,402,119.38,0.68
07:42:23,"[119.0, 152]","[117.0, 48]","[236.33, 24]","[507.0, 24]",177.67,248,117.33,0.61
07:42:24,"[119.0, 120]","[117.0, 40]","[236.0, 20]","[399.0, 20]",177.5,200,117.0,0.6
07:42:25,"[119.0, 116]","[117.0, 44]","[233.75, 40]","[276.82, 22]",176.38,222,114.75,0.44
07:42:26,"[119.0, 70]","[117.0, 28]","[233.0, 35]","[235.0, 14]",176.0,147,114.0,0.33
07:42:27,"[119.0, 94]","[117.0, 52]","[231.97, 35]","[233.21, 56]",175.49,237,112.97,0.23
07:42:28,"[119.0, 112]","[117.52, 25]","[185.55, 44]","[205.59, 68]",152.27,249,66.55,0.1
07:42:29,"[119.0, 51]","[118.0, 8]","[187.72, 25]","[203.97, 31]",153.36,115,68.72,0.03
07:42:30,"[119.0, 47]","[118.0, 11]","[175.69, 49]","[186.93, 28]",147.35,135,56.69,-0.14
07:42:31,"[119.0, 26]","[118.0, 13]","[147.32, 37]","[169.8, 54]",133.16,130,28.32,-0.4
07:42:32,"[119.0, 24]","[118.0, 12]","[133.93, 42]","[172.14, 42]",126.46,120,14.93,-0.4
07:42:33,"[119.0, 26]","[118.0, 13]","[131.36, 56]","[133.03, 35]",125.18,130,12.36,-0.4
07:42:34,"[117.42, 38]","[116.06, 124]","[128.88, 64]","[129.76, 41]",123.15,267,11.45,0.21
07:42:35,"[117.11, 35]","[116.04, 138]","[124.61, 46]","[126.13, 39]",120.86,258,7.49,0.34
07:42:36,"[118.05, 19]","[116.45, 66]","[121.05, 44]","[122.59, 29]",119.55,158,2.99,0.08
07:42:37,"[117.0, 24]","[116.0, 96]","[118.12, 24]","[122.0, 16]",117.56,160,1.12,0.5
07:42:38,"[117.0, 18]","[116.0, 72]","[119.6, 15]","[122.71, 21]",118.3,126,2.6,0.43
07:42:39,"[117.0, 24]","[116.0, 168]","[119.75, 40]","[120.28, 58]",118.38,290,2.75,0.32
07:42:40,"[115.94, 17]","[113.6, 45]","[118.27, 22]","[130.91, 55]",117.11,139,2.33,-0.11
07:42:41,"[115.55, 33]","[113.31, 62]","[129.65, 34]","[160.16, 62]",122.6,191,14.1,-0.01
07:42:42,"[113.11, 57]","[111.58, 85]","[162.68, 44]","[180.46, 56]",137.89,242,49.58,0.17
07:42:43,"[112.0, 84]","[111.0, 84]","[161.57, 56]","[163.0, 70]",136.79,294,49.57,0.14
07:42:44,"[118.62, 16]","[113.3, 46]","[158.86, 66]","[160.33, 78]",138.74,206,40.24,-0.4
07:42:45,"[118.0, 14]","[112.0, 84]","[153.03, 60]","[156.48, 66]",135.52,224,35.03,-0.12
07:42:46,"[114.75, 36]","[111.0, 60]","[150.74, 53]","[153.65, 46]",132.74,195,35.99,-0.02
07:42:47,"[117.0, 27]","[111.87, 46]","[149.0, 45]","[153.0, 36]",133.0,154,32.0,-0.05
07:42:48,"[117.0, 36]","[112.0, 60]","[148.47, 58]","[152.0, 50]",132.73,204,31.47,-0.06
07:42:49,"[112.61, 33]","[111.41, 61]","[147.0, 48]","[148.0, 60]",129.8,202,34.39,-0.07
07:42:50,"[113.69, 13]","[112.0, 52]","[144.53, 34]","[145.96, 50]",129.11,149,30.84,-0.13
07:42:51,"[113.1, 42]","[111.82, 44]","[136.84, 37]","[138.14, 63]",124.97,186,23.74,-0.08
07:42:52,"[113.88, 40]","[112.0, 38]","[134.5, 16]","[138.0, 32]",124.19,126,20.62,0.24
07:42:53,"[114.45, 55]","[112.0, 121]","[132.87, 23]","[137.76, 42]",123.66,241,18.42,0.46
07:42:54,"[113.09, 69]","[111.87, 63]","[123.94, 17]","[234.39, 28]",118.51,177,10.85,0.49
07:42:55,"[112.42, 38]","[111.96, 92]","[131.4, 20]","[318.65, 34]",121.91,184,18.98,0.41
07:42:56,"[114.87, 31]","[112.0, 88]","[130.93, 15]","[359.67, 9]",122.9,143,16.06,0.66
07:42:57,"[118.46, 74]","[113.84, 50]","[128.82, 17]","[129.54, 13]",123.64,154,10.36,0.61
07:42:58,"[119.0, 68]","[116.0, 20]","[127.11, 18]","[128.33, 12]",123.06,118,8.11,0.49
07:42:59,"[119.0, 33]","[116.0, 18]","[125.14, 14]","[126.15, 13]",122.07,78,6.14,0.31
07:43:00,"[119.0, 10]","[116.0, 20]","[122.1, 10]","[125.0, 20]",120.55,60,3.1,0.0
07:43:01,"[118.14, 14]","[114.67, 33]","[120.92, 12]","[125.0, 24]",119.53,83,2.77,0.13
07:43:02,"[115.0, 39]","[112.0, 143]","[118.0, 25]","[119.81, 21]",116.5,228,3.0,0.6
07:43:03,"[115.0, 20]","[112.0, 110]","[116.8, 20]","[118.8, 15]",115.9,165,1.8,0.58
07:43:04,"[112.21, 71]","[111.82, 67]","[116.0, 22]","[259.64, 11]",114.11,171,3.79,0.61
07:43:05,"[112.27, 112]","[111.47, 38]","[261.42, 38]","[314.39, 36]",186.84,224,149.15,0.34
07:43:06,"[112.0, 81]","[111.0, 18]","[153.0, 36]","[250.0, 36]",132.5,171,41.0,0.16
07:43:07,"[112.0, 72]","[111.0, 20]","[151.7, 40]","[221.38, 26]",131.85,158,39.7,0.16
07:43:08,"[112.11, 64]","[111.28, 25]","[150.7, 40]","[238.0, 20]",131.4,149,38.59,0.19
07:43:09,"[119.0, 12]","[112.0, 84]","[139.52, 46]","[182.2, 30]",129.26,172,20.52,0.12
07:43:10,"[119.0, 8]","[115.0, 28]","[130.43, 28]","[264.62, 26]",124.71,90,11.43,-0.2
07:43:11,"[119.0, 9]","[116.0, 27]","[124.64, 22]","[139.88, 32]",121.82,90,5.64,-0.2
07:43:12,"[117.88, 16]","[114.73, 44]","[130.44, 32]","[161.05, 42]",124.16,134,12.56,-0.1
07:43:13,"[116.0, 10]","[112.0, 70]","[125.6, 30]","[127.33, 30]",120.8,140,9.6,0.14
07:43:14,"[112.25, 32]","[111.58, 24]","[122.5, 20]","[123.27, 22]",117.38,98,10.25,0.14
07:43:15,"[112.16, 64]","[111.81, 96]","[119.69, 52]","[133.96, 50]",115.92,262,7.54,0.22
07:43:16,"[118.0, 48]","[112.64, 90]","[195.49, 35]","[283.12, 40]",156.74,213,77.49,0.3
07:43:17,"[119.0, 18]","[118.0, 18]","[264.83, 30]","[358.91, 11]",191.92,77,145.83,-0.06
07:43:18,"[119.0, 8]","[118.0, 8]","[215.43, 14]","[295.0, 10]",167.21,40,96.43,-0.2
07:43:19,"[118.57, 14]","[112.49, 98]","[178.68, 25]","[364.22, 18]",148.63,155,60.11,0.45
07:43:20,"[118.0, 4]","[112.0, 60]","[248.46, 13]","[288.86, 7]",183.23,84,130.46,0.52
07:43:21,"[118.0, 11]","[112.0, 165]","[201.78, 40]","[249.75, 40]",159.89,256,83.78,0.38
07:43:22,"[118.0, 14]","[112.0, 210]","[218.07, 56]","[242.98, 57]",168.04,337,100.07,0.33
07:43:23,"[112.29, 102]","[111.84, 89]","[162.27, 30]","[209.92, 26]",137.28,247,49.97,0.55
07:43:24,"[113.33, 43]","[114.64, 36]","[124.37, 38]","[168.94, 34]",118.85,151,11.04,0.05
07:43:25,"[117.67, 12]","[116.23, 39]","[122.47, 30]","[123.78, 36]",120.07,117,4.8,-0.13
07:43:26,"[116.43, 14]","[114.72, 58]","[119.67, 36]","[120.5, 48]",118.05,156,3.24,-0.08
07:43:27,"[115.0, 12]","[113.0, 24]","[119.0, 24]","[120.0, 48]",117.0,108,4.0,-0.33
07:43:28,"[113.74, 19]","[112.44, 32]","[116.33, 42]","[117.78, 36]",115.04,129,2.6,-0.21
07:43:29,"[112.0, 21]","[111.0, 14]","[115.91, 23]","[142.67, 15]",113.96,73,3.91,-0.04
07:43:30,"[111.38, 16]","[110.04, 89]","[115.57, 21]","[248.17, 12]",113.47,138,4.2,0.52
07:43:31,"[111.0, 14]","[110.0, 119]","[114.8, 20]","[141.62, 13]",112.9,166,3.8,0.6
07:43:32,"[111.0, 8]","[110.0, 68]","[122.0, 8]","[594.0, 4]",116.5,88,11.0,0.73
07:43:33,"[115.2, 20]","[110.08, 74]","[145.06, 16]","[259.53, 15]",130.13,125,29.86,0.5
07:43:34,"[118.0, 25]","[111.0, 22]","[534.69, 26]","[665.0, 14]",326.35,87,416.69,0.08
07:43:35,"[118.0, 9]","[111.0, 18]","[342.11, 45]","[696.56, 18]",230.06,90,224.11,-0.4
07:43:36,"[112.11, 19]","[110.04, 142]","[461.73, 55]","[670.75, 40]",286.92,256,349.62,0.26
07:43:37,"[111.0, 22]","[110.0, 187]","[429.27, 49]","[510.89, 46]",270.13,304,318.27,0.38
07:43:38,"[111.0, 22]","[97.77, 31]","[292.81, 31]","[398.0, 55]",201.9,139,181.81,-0.24
07:43:39,"[112.77, 44]","[112.45, 51]","[341.34, 29]","[434.7, 44]",227.06,168,228.57,0.13
07:43:40,"[115.85, 80]","[114.56, 50]","[399.68, 59]","[484.77, 65]",257.76,254,283.83,0.02
07:43:41,"[118.0, 40]","[116.0, 10]","[430.26, 19]","[483.36, 22]",274.13,91,312.26,0.1
07:43:42,"[118.0, 72]","[116.0, 18]","[148.0, 45]","[261.78, 18]",133.0,153,30.0,0.18
07:43:43,"[118.06, 102]","[117.0, 44]","[147.0, 75]","[148.0, 75]",132.53,296,28.94,-0.01
07:43:44,"[119.0, 9]","[118.0, 72]","[146.22, 45]","[148.0, 45]",132.61,171,27.22,-0.05
07:43:45,"[119.0, 5]","[118.0, 40]","[144.8, 25]","[207.2, 25]",131.9,95,25.8,-0.05
07:43:46,"[119.0, 8]","[118.0, 64]","[143.56, 32]","[177.91, 22]",131.28,126,24.56,0.14
07:43:47,"[119.0, 6]","[118.0, 48]","[142.0, 6]","[143.0, 30]",130.5,90,23.0,0.2
07:43:48,"[119.0, 10]","[118.0, 82]","[140.5, 10]","[143.0, 50]",129.75,152,21.5,0.21
07:43:49,"[118.33, 27]","[117.93, 84]","[138.11, 36]","[140.14, 28]",128.22,175,19.78,0.27
07:43:50,"[118.0, 78]","[116.0, 13]","[133.94, 33]","[135.48, 29]",125.97,153,15.94,0.19
07:43:51,"[118.0, 55]","[116.0, 19]","[127.63, 43]","[131.88, 59]",122.81,176,9.63,-0.16
07:43:52,"[119.0, 72]","[118.0, 24]","[124.54, 28]","[124.96, 24]",121.77,148,5.54,0.3
07:43:53,"[118.74, 35]","[117.41, 27]","[120.86, 14]","[142.5, 38]",119.8,114,2.11,0.09
07:43:54,"[114.43, 60]","[110.07, 72]","[119.94, 17]","[370.35, 63]",117.19,212,5.51,0.25
07:43:55,"[115.0, 27]","[110.0, 55]","[117.0, 11]","[145.25, 12]",116.0,105,2.0,0.56
07:43:56,"[115.0, 10]","[110.0, 50]","[116.0, 10]","[257.38, 32]",115.5,102,1.0,0.18
07:43:57,"[110.0, 45]","[109.0, 9]","[228.22, 18]","[398.2, 20]",169.11,92,118.22,0.17
07:43:58,"[111.05, 56]","[110.1, 20]","[369.0, 20]","[617.29, 28]",240.03,124,257.95,0.23
07:43:59,"[117.0, 27]","[111.2, 30]","[159.0, 12]","[677.67, 12]",138.0,81,42.0,0.41
07:44:00,"[117.67, 18]","[114.5, 12]","[167.33, 12]","[604.33, 12]",142.5,54,49.67,0.11
07:44:01,"[118.0, 40]","[117.0, 20]","[338.8, 20]","[560.64, 33]",228.4,113,220.8,0.06
07:44:02,"[117.0, 10]","[112.0, 20]","[425.38, 16]","[633.74, 38]",271.19,84,308.38,-0.29
07:44:03,"[112.27, 22]","[110.97, 58]","[270.2, 20]","[559.0, 20]",191.24,120,157.93,0.33
07:44:04,"[113.0, 18]","[111.0, 72]","[269.78, 36]","[532.89, 9]",191.39,135,156.78,0.33
07:44:05,"[111.4, 40]","[110.8, 40]","[269.0, 32]","[571.91, 11]",190.2,123,157.6,0.3
07:44:06,"[111.0, 68]","[110.0, 24]","[258.85, 40]","[304.9, 29]",184.93,161,147.85,0.14
07:44:07,"[112.59, 97]","[110.81, 54]","[247.93, 43]","[306.98, 45]",180.26,239,135.34,0.26
07:44:08,"[114.45, 29]","[112.97, 71]","[134.73, 44]","[158.18, 44]",124.59,188,20.28,0.06
07:44:09,"[119.0, 16]","[116.86, 58]","[132.75, 32]","[135.0, 32]",125.88,138,13.75,0.07
07:44:10,"[119.0, 20]","[117.36, 84]","[131.1, 40]","[132.3, 40]",125.05,184,12.1,0.13
07:44:11,"[119.0, 22]","[118.0, 88]","[129.82, 44]","[131.45, 44]",124.41,198,10.82,0.11
07:44:12,"[119.0, 20]","[118.0, 80]","[127.3, 40]","[128.8, 40]",123.15,180,8.3,0.11
07:44:13,"[119.0, 14]","[118.0, 56]","[126.0, 28]","[201.0, 24]",122.5,122,7.0,0.15
07:44:14,"[119.0, 10]","[118.0, 40]","[125.0, 20]","[424.67, 18]",122.0,88,6.0,0.14
07:44:15,"[118.77, 26]","[117.9, 89]","[124.27, 44]","[297.43, 35]",121.52,194,5.5,0.19
07:44:16,"[118.0, 30]","[117.0, 45]","[123.0, 20]","[230.8, 15]",120.5,110,5.0,0.36
07:44:17,"[118.0, 42]","[117.0, 63]","[123.0, 28]","[210.0, 21]",120.5,154,5.0,0.36
07:44:18,"[117.63, 73]","[116.86, 84]","[120.74, 38]","[122.17, 48]",119.18,243,3.11,0.29
07:44:19,"[114.47, 45]","[113.2, 71]","[117.04, 46]","[119.75, 48]",115.76,210,2.58,0.1
07:44:20,"[113.0, 32]","[112.0, 28]","[114.57, 21]","[116.29, 21]",113.79,102,1.57,0.18
07:44:21,"[112.07, 30]","[111.22, 36]","[113.46, 26]","[115.78, 27]",112.76,119,1.39,0.11
07:44:22,"[112.0, 16]","[110.89, 37]","[115.77, 39]","[287.56, 27]",113.88,119,3.77,-0.11
07:44:23,"[111.44, 16]","[110.88, 24]","[115.8, 30]","[196.47, 38]",113.62,108,4.36,-0.26
07:44:24,"[111.91, 82]","[111.65, 72]","[114.43, 42]","[199.34, 47]",113.17,243,2.51,0.27
07:44:25,"[112.0, 70]","[111.0, 30]","[113.0, 30]","[206.15, 46]",112.5,176,1.0,0.14
07:44:26,"[112.0, 30]","[111.0, 15]","[139.05, 19]","[194.13, 15]",125.53,79,27.05,0.14
07:44:27,"[112.0, 66]","[111.0, 33]","[116.0, 31]","[117.11, 38]",114.0,168,4.0,0.18
07:44:28,"[112.0, 66]","[111.0, 33]","[113.84, 19]","[182.28, 29]",112.92,147,1.84,0.35
07:44:29,"[113.0, 126]","[112.0, 54]","[168.0, 10]","[313.33, 21]",140.5,211,55.0,0.71
07:44:30,"[113.91, 143]","[111.54, 78]","[183.43, 14]","[452.48, 29]",148.67,264,69.52,0.67
07:44:31,"[113.05, 75]","[110.98, 55]","[445.43, 21]","[699.55, 31]",279.24,182,332.38,0.43
07:44:32,"[114.0, 62]","[111.0, 63]","[257.43, 21]","[484.0, 27]",185.71,173,143.43,0.45
07:44:33,"[114.47, 45]","[111.0, 81]","[360.89, 27]","[732.33, 18]",237.68,171,246.42,0.47
07:44:34,"[116.09, 11]","[111.5, 40]","[393.0, 18]","[0, 0]",254.55,69,276.91,0.48
07:44:35,"[116.64, 22]","[111.75, 56]","[461.42, 36]","[0, 0]",289.03,114,344.78,0.37
07:44:36,"[118.0, 6]","[117.0, 6]","[603.0, 9]","[0, 0]",360.5,21,485.0,0.14
07:44:37,"[118.0, 16]","[117.0, 16]","[531.0, 24]","[0, 0]",324.5,56,413.0,0.14
07:44:38,"[117.5, 8]","[116.33, 12]","[414.57, 14]","[443.5, 6]",266.04,40,297.07,0.0
07:44:39,"[113.96, 81]","[110.74, 57]","[256.89, 9]","[463.0, 27]",185.43,174,142.93,0.59
07:44:40,"[115.0, 80]","[111.0, 56]","[282.4, 10]","[458.06, 16]",198.7,162,167.4,0.68
07:44:41,"[115.0, 70]","[111.0, 49]","[146.21, 19]","[330.0, 7]",130.61,145,31.21,0.64
07:44:42,"[115.13, 47]","[111.44, 55]","[269.0, 9]","[342.0, 9]",192.06,120,153.87,0.7
07:44:43,"[116.71, 17]","[115.0, 24]","[239.3, 10]","[273.27, 22]",178.0,73,122.59,0.12
07:44:44,"[117.0, 16]","[115.0, 21]","[227.27, 11]","[278.47, 17]",172.14,65,110.27,0.14
07:44:45,"[117.78, 18]","[116.65, 17]","[169.33, 18]","[286.12, 17]",143.56,70,51.56,0.0
07:44:46,"[118.0, 18]","[117.0, 18]","[163.22, 9]","[164.79, 19]",140.61,64,45.22,0.12
07:44:47,"[118.0, 16]","[117.0, 16]","[161.12, 8]","[162.25, 8]",139.56,48,43.12,0.33
07:44:48,"[117.6, 10]","[115.67, 18]","[161.0, 7]","[162.0, 7]",139.3,42,43.4,0.33
07:44:49,"[117.0, 8]","[115.0, 24]","[160.12, 8]","[162.0, 8]",138.56,48,43.12,0.33
07:44:50,"[117.0, 11]","[115.0, 33]","[158.82, 11]","[174.0, 11]",137.91,66,41.82,0.33
07:44:51,"[117.0, 11]","[115.0, 33]","[156.24, 25]","[163.18, 11]",136.62,80,39.24,0.1
07:44:52,"[117.0, 12]","[114.94, 34]","[154.61, 18]","[155.57, 30]",135.81,94,37.61,-0.02
07:44:53,"[117.0, 9]","[114.66, 29]","[152.21, 19]","[153.71, 17]",134.61,74,35.21,0.03
07:44:54,"[117.0, 12]","[115.0, 72]","[149.19, 32]","[149.1, 20]",133.09,136,32.19,0.24
07:44:55,"[115.02, 85]","[113.6, 20]","[138.32, 31]","[140.45, 29]",126.67,165,23.3,0.27
07:44:56,"[115.0, 66]","[113.0, 14]","[135.25, 16]","[137.05, 40]",125.12,136,20.25,0.18
07:44:57,"[117.47, 17]","[114.4, 10]","[132.56, 18]","[136.69, 26]",125.01,71,15.08,-0.24
07:44:58,"[117.31, 13]","[114.25, 8]","[129.65, 34]","[131.14, 14]",123.48,69,12.34,-0.39
07:44:59,"[115.96, 28]","[114.85, 13]","[127.3, 47]","[126.85, 33]",121.63,121,11.33,-0.32
07:45:00,"[117.0, 45]","[116.0, 15]","[123.57, 21]","[124.92, 39]",120.29,120,6.57,0.0
07:45:01,"[117.93, 45]","[116.33, 18]","[121.97, 37]","[122.96, 23]",119.95,123,4.04,0.02
07:45:02,"[119.0, 262]","[117.63, 38]","[120.16, 19]","[121.7, 43]",119.58,362,1.16,0.66
07:45:03,"[119.0, 163]","[118.0, 30]","[124.14, 37]","[163.75, 65]",121.57,295,5.14,0.31
07:45:04,"[119.0, 135]","[118.0, 30]","[121.93, 67]","[122.94, 53]",120.46,285,2.93,0.16
07:45:05,"[119.0, 72]","[118.0, 16]","[120.62, 32]","[121.38, 32]",119.81,152,1.62,0.16
07:45:06,"[118.61, 18]","[117.39, 23]","[240.51, 39]","[414.75, 40]",179.56,120,121.9,-0.32
07:45:07,"[118.0, 10]","[116.0, 10]","[319.59, 29]","[617.52, 29]",218.79,78,201.59,-0.49
07:45:08,"[115.6, 5]","[114.2, 5]","[171.0, 15]","[346.14, 14]",143.3,39,55.4,-0.49
07:45:09,"[115.95, 38]","[114.64, 11]","[129.08, 26]","[163.39, 23]",122.51,98,13.13,0.0
07:45:10,"[112.14, 14]","[110.71, 14]","[222.33, 48]","[362.26, 31]",167.24,107,110.19,-0.48
07:45:11,"[110.0, 6]","[109.0, 6]","[174.0, 24]","[417.29, 21]",142.0,57,64.0,-0.58
07:45:12,"[79.57, 14]","[68.71, 14]","[186.5, 24]","[291.09, 35]",133.04,87,106.93,-0.36
07:45:13,"[49.0, 18]","[34.44, 9]","[104.0, 9]","[306.61, 23]",76.5,59,55.0,-0.08
07:45:14,"[69.5, 14]","[51.35, 46]","[185.27, 22]","[223.58, 24]",127.39,106,115.77,0.13
07:45:15,"[91.66, 58]","[64.14, 44]","[218.0, 42]","[299.57, 14]",154.83,158,126.34,0.29
07:45:16,"[115.0, 45]","[101.0, 54]","[218.0, 27]","[237.0, 9]",166.5,135,103.0,0.47
07:45:17,"[115.0, 40]","[107.32, 38]","[147.3, 10]","[208.12, 16]",131.15,104,32.3,0.5
07:45:18,"[115.0, 50]","[113.0, 40]","[129.75, 12]","[170.04, 28]",122.38,130,14.75,0.38
07:45:19,"[115.0, 29]","[113.24, 21]","[198.69, 13]","[351.52, 23]",156.85,86,83.69,0.16
07:45:20,"[116.64, 11]","[114.82, 11]","[225.0, 11]","[318.82, 34]",170.82,67,108.36,-0.34
07:45:21,"[117.0, 5]","[115.0, 5]","[223.29, 14]","[224.14, 14]",170.14,38,106.29,-0.47
07:45:22,"[118.0, 32]","[117.0, 16]","[126.38, 48]","[164.7, 27]",122.19,123,8.38,-0.22
07:45:23,"[117.96, 27]","[116.86, 14]","[119.19, 67]","[136.47, 30]",118.58,138,1.23,-0.41
07:45:24,"[118.95, 74]","[116.71, 14]","[121.4, 40]","[122.18, 44]",120.17,172,2.45,0.02
07:45:25,"[119.0, 54]","[116.44, 9]","[120.0, 36]","[121.0, 18]",119.5,117,1.0,0.08
07:45:26,"[118.92, 48]","[117.14, 14]","[166.21, 39]","[318.51, 35]",142.56,136,47.29,-0.09
07:45:27,"[116.23, 30]","[111.62, 16]","[429.12, 34]","[460.33, 46]",272.68,126,312.88,-0.27
07:45:28,"[117.0, 98]","[113.0, 14]","[340.0, 58]","[356.5, 40]",228.5,210,223.0,0.07
07:45:29,"[117.0, 47]","[113.0, 7]","[209.57, 14]","[345.0, 35]",163.29,103,92.57,0.05
07:45:30,"[117.0, 42]","[113.0, 13]","[194.63, 62]","[221.69, 29]",155.81,146,77.63,-0.25
07:45:31,"[112.26, 31]","[74.26, 27]","[184.0, 32]","[194.0, 40]",148.13,130,71.74,-0.11
07:45:32,"[110.0, 52]","[79.62, 13]","[171.55, 40]","[180.34, 29]",140.78,134,61.55,-0.03
07:45:33,"[111.92, 26]","[108.59, 44]","[164.59, 51]","[169.4, 45]",138.26,166,52.67,-0.16
07:45:34,"[113.92, 24]","[71.52, 23]","[155.92, 36]","[157.0, 36]",134.92,119,42.0,-0.21
07:45:35,"[114.5, 20]","[113.0, 10]","[153.41, 44]","[155.6, 30]",133.95,104,38.91,-0.42
07:45:36,"[115.12, 16]","[113.0, 8]","[150.94, 32]","[152.5, 32]",133.03,88,35.81,-0.45
07:45:37,"[116.0, 20]","[113.0, 10]","[148.7, 46]","[150.29, 34]",132.35,110,32.7,-0.45
07:45:38,"[116.26, 23]","[113.9, 10]","[147.8, 44]","[149.17, 36]",132.03,113,31.53,-0.42
07:45:39,"[116.0, 6]","[113.0, 6]","[145.25, 12]","[147.17, 18]",130.62,42,29.25,-0.43
07:45:40,"[116.0, 12]","[113.0, 12]","[142.87, 30]","[143.83, 54]",129.43,108,26.87,-0.56
07:45:41,"[116.0, 8]","[113.0, 8]","[140.0, 20]","[141.25, 12]",128.0,48,24.0,-0.33
07:45:42,"[116.0, 11]","[113.0, 11]","[136.79, 24]","[138.14, 49]",126.4,95,20.79,-0.54
07:45:43,"[116.0, 13]","[113.0, 13]","[131.91, 22]","[133.61, 44]",123.95,92,15.91,-0.43
07:45:44,"[116.26, 23]","[109.49, 53]","[124.43, 35]","[124.61, 33]",120.34,144,8.17,0.06
07:45:45,"[115.62, 40]","[112.13, 114]","[121.42, 53]","[122.67, 46]",118.52,253,5.79,0.22
07:45:46,"[115.0, 14]","[112.0, 77]","[118.94, 17]","[120.19, 32]",116.97,140,3.94,0.3
07:45:47,"[115.78, 18]","[112.0, 99]","[118.0, 18]","[120.0, 45]",116.89,180,2.22,0.3
07:45:48,"[112.26, 106]","[111.12, 51]","[119.61, 56]","[181.24, 33]",115.94,246,7.34,0.28
07:45:49,"[112.31, 13]","[109.03, 65]","[118.41, 27]","[187.89, 9]",115.36,114,6.1,0.37
07:45:50,"[115.0, 20]","[110.0, 7]","[116.29, 14]","[329.0, 11]",115.64,52,1.29,0.04
07:45:51,"[111.54, 13]","[109.02, 83]","[278.97, 31]","[441.47, 15]",195.25,142,167.43,0.35
07:45:52,"[110.9, 10]","[109.31, 26]","[276.25, 16]","[489.88, 24]",193.57,76,165.35,-0.05
07:45:53,"[109.33, 55]","[74.61, 46]","[180.31, 13]","[440.0, 39]",144.82,153,70.98,0.32
07:45:54,"[109.14, 29]","[92.32, 38]","[175.0, 5]","[224.0, 15]",142.07,87,65.86,0.54
07:45:55,"[110.0, 36]","[109.0, 36]","[174.67, 12]","[241.24, 25]",142.33,109,64.67,0.32
07:45:56,"[110.0, 40]","[109.0, 40]","[167.08, 39]","[166.93, 15]",138.54,134,57.08,0.19
07:45:57,"[110.63, 97]","[102.91, 75]","[134.33, 60]","[190.22, 41]",122.48,273,23.7,0.26
07:45:58,"[111.02, 82]","[110.2, 45]","[123.55, 31]","[138.38, 39]",117.29,197,12.52,0.29
07:45:59,"[113.0, 8]","[111.0, 72]","[121.84, 25]","[132.84, 31]",117.42,136,8.84,0.18
07:46:00,"[117.38, 16]","[111.56, 25]","[121.0, 36]","[122.0, 27]",119.19,104,3.62,-0.21
07:46:01,"[115.86, 21]","[111.14, 87]","[119.97, 58]","[144.72, 46]",117.91,212,4.11,0.02
07:46:02,"[111.45, 31]","[110.84, 75]","[116.21, 33]","[118.36, 28]",113.83,167,4.76,0.27
07:46:03,"[111.0, 80]","[110.0, 44]","[112.58, 33]","[122.0, 40]",111.79,197,1.58,0.26
07:46:04,"[110.82, 34]","[109.43, 42]","[112.0, 26]","[399.32, 34]",111.41,136,1.18,0.12
07:46:05,"[110.08, 26]","[109.08, 52]","[111.64, 28]","[181.48, 25]",110.86,131,1.57,0.19
07:46:06,"[109.0, 48]","[100.17, 48]","[111.0, 13]","[136.0, 18]",110.0,127,2.0,0.51
07:46:07,"[110.6, 47]","[108.1, 40]","[141.8, 10]","[267.46, 28]",126.2,125,31.2,0.39
07:46:08,"[112.0, 65]","[109.0, 52]","[123.05, 19]","[181.78, 36]",117.53,172,11.05,0.36
07:46:09,"[113.17, 60]","[110.67, 18]","[121.0, 12]","[302.0, 48]",117.08,138,7.83,0.13
07:46:10,"[114.38, 16]","[112.0, 36]","[120.5, 8]","[234.15, 26]",117.44,86,6.12,0.21
07:46:11,"[115.43, 14]","[112.41, 29]","[120.0, 7]","[248.91, 22]",117.71,72,4.57,0.19
07:46:12,"[116.0, 16]","[112.09, 67]","[120.0, 14]","[310.43, 56]",118.0,153,4.0,0.08
07:46:13,"[112.55, 29]","[110.5, 40]","[119.22, 9]","[142.36, 33]",115.89,111,6.67,0.24
07:46:14,"[113.56, 99]","[111.5, 72]","[160.22, 23]","[250.3, 61]",136.89,255,46.66,0.34
07:46:15,"[115.82, 11]","[111.14, 14]","[232.18, 33]","[569.61, 23]",174.0,81,116.36,-0.38
07:46:16,"[118.4, 15]","[116.67, 27]","[384.0, 27]","[686.33, 45]",251.2,114,265.6,-0.26
07:46:17,"[118.0, 26]","[115.0, 20]","[356.25, 40]","[631.26, 46]",237.12,132,238.25,-0.3
07:46:18,"[118.0, 70]","[115.0, 30]","[190.13, 75]","[511.87, 63]",154.07,238,72.13,-0.16
07:46:19,"[118.0, 45]","[115.0, 18]","[295.08, 36]","[428.33, 30]",206.54,129,177.08,-0.02
07:46:20,"[110.71, 14]","[109.12, 25]","[321.69, 26]","[462.32, 19]",216.2,84,210.98,-0.07
07:46:21,"[110.0, 20]","[109.0, 40]","[265.27, 37]","[346.19, 32]",187.64,129,155.27,-0.07
07:46:22,"[112.06, 17]","[109.25, 32]","[310.88, 42]","[312.33, 21]",211.47,112,198.82,-0.12
07:46:23,"[109.79, 14]","[104.12, 43]","[308.75, 24]","[310.0, 48]",209.27,129,198.96,-0.12
07:46:24,"[109.27, 11]","[94.45, 33]","[305.11, 19]","[306.96, 47]",207.19,110,195.83,-0.2
07:46:25,"[111.73, 44]","[105.47, 34]","[289.33, 60]","[306.79, 52]",200.53,190,177.61,-0.18
07:46:26,"[112.0, 34]","[109.0, 11]","[178.0, 25]","[215.93, 27]",145.0,97,66.0,-0.07
07:46:27,"[96.92, 26]","[75.09, 23]","[150.92, 39]","[258.14, 29]",123.92,117,54.0,-0.16
07:46:28,"[105.74, 85]","[104.4, 80]","[141.19, 43]","[149.51, 41]",123.46,249,35.44,0.33
07:46:29,"[115.06, 162]","[110.13, 136]","[148.15, 65]","[148.85, 65]",131.61,428,33.09,0.39
07:46:30,"[116.0, 20]","[115.0, 140]","[146.4, 30]","[148.0, 50]",131.2,240,30.4,0.33
07:46:31,"[116.0, 18]","[115.0, 126]","[143.46, 37]","[144.57, 35]",129.73,216,27.46,0.33
07:46:32,"[116.13, 104]","[114.63, 108]","[140.33, 60]","[141.23, 52]",128.23,324,24.2,0.31
07:46:33,"[119.0, 70]","[115.0, 140]","[139.9, 50]","[140.9, 50]",129.45,310,20.9,0.35
07:46:34,"[119.0, 119]","[115.0, 238]","[138.38, 79]","[139.49, 77]",128.69,513,19.38,0.39
07:46:35,"[119.0, 84]","[115.0, 168]","[136.33, 60]","[138.0, 36]",127.67,348,17.33,0.45
07:46:36,"[119.0, 43]","[115.0, 154]","[133.51, 41]","[135.13, 47]",126.26,285,14.51,0.38
07:46:37,"[119.0, 20]","[115.0, 140]","[130.82, 22]","[131.41, 44]",124.91,226,11.82,0.42
07:46:38,"[119.0, 18]","[115.0, 126]","[128.29, 17]","[130.72, 29]",123.65,190,9.29,0.52
07:46:39,"[119.0, 18]","[115.0, 126]","[127.24, 29]","[128.45, 11]",123.12,184,8.24,0.57
07:46:40,"[118.8, 20]","[115.49, 74]","[125.79, 42]","[126.41, 34]",122.29,170,6.99,0.11
07:46:41,"[117.0, 26]","[115.0, 182]","[120.8, 41]","[122.71, 45]",118.9,294,3.8,0.41
07:46:42,"[115.09, 141]","[113.71, 62]","[116.86, 21]","[117.91, 57]",115.97,281,1.77,0.44
07:46:43,"[115.38, 32]","[114.18, 51]","[244.25, 20]","[282.35, 31]",179.81,134,128.88,0.24
07:46:44,"[110.9, 39]","[111.25, 24]","[247.68, 22]","[357.0, 30]",179.29,115,136.78,0.1
07:46:45,"[110.0, 160]","[109.0, 20]","[161.5, 10]","[289.96, 25]",135.75,215,51.5,0.67
07:46:46,"[110.0, 98]","[109.0, 14]","[160.29, 7]","[371.0, 21]",135.14,140,50.29,0.6
07:46:47,"[112.0, 12]","[110.3, 60]","[160.0, 6]","[262.5, 18]",136.0,96,48.0,0.5
07:46:48,"[110.27, 45]","[109.88, 48]","[158.33, 6]","[567.67, 18]",134.3,117,48.07,0.59
07:46:49,"[110.0, 117]","[109.0, 18]","[156.67, 9]","[455.22, 27]",133.33,171,46.67,0.58
07:46:50,"[110.96, 28]","[109.38, 16]","[156.0, 8]","[280.0, 24]",133.48,76,45.04,0.16
07:46:51,"[119.0, 5]","[115.33, 6]","[155.2, 5]","[472.0, 15]",137.1,31,36.2,-0.29
07:46:52,"[119.0, 8]","[118.0, 8]","[153.12, 8]","[414.25, 24]",136.06,48,34.12,-0.33
07:46:53,"[119.0, 9]","[118.0, 9]","[152.56, 9]","[334.44, 27]",135.78,54,33.56,-0.33
07:46:54,"[119.0, 6]","[118.0, 6]","[496.56, 16]","[530.0, 18]",307.78,46,377.56,-0.48
07:46:55,"[119.0, 12]","[118.0, 12]","[568.26, 47]","[571.85, 41]",343.63,112,449.26,-0.57
07:46:56,"[119.0, 12]","[118.0, 12]","[241.0, 59]","[276.61, 51]",180.0,134,122.0,-0.64
07:46:57,"[114.71, 21]","[115.6, 15]","[127.42, 62]","[128.46, 59]",121.07,157,12.71,-0.54
07:46:58,"[109.68, 37]","[83.61, 36]","[122.9, 42]","[124.04, 49]",116.29,164,13.23,-0.11
07:46:59,"[109.0, 28]","[55.43, 70]","[117.74, 58]","[118.18, 50]",113.37,206,8.74,-0.05
07:47:00,"[109.0, 15]","[56.39, 31]","[126.61, 44]","[158.24, 34]",117.81,124,17.61,-0.26
07:47:01,"[111.67, 18]","[106.0, 6]","[275.5, 24]","[586.71, 14]",193.58,62,163.83,-0.23
07:47:02,"[114.65, 17]","[111.84, 38]","[232.83, 52]","[569.71, 35]",173.74,142,118.18,-0.23
07:47:03,"[116.73, 52]","[114.76, 101]","[266.5, 40]","[566.75, 8]",191.62,201,149.77,0.52
07:47:04,"[119.0, 42]","[115.0, 84]","[396.0, 10]","[545.46, 26]",257.5,162,277.0,0.56
07:47:05,"[115.89, 81]","[113.92, 61]","[352.71, 42]","[522.38, 13]",234.3,197,236.83,0.44
07:47:06,"[119.0, 36]","[114.55, 53]","[564.0, 10]","[0, 0]",341.5,99,445.0,0.8
07:47:07,"[115.83, 58]","[113.59, 51]","[178.32, 41]","[426.41, 37]",147.07,187,62.49,0.17
07:47:08,"[115.0, 35]","[112.0, 20]","[151.0, 25]","[399.0, 25]",133.0,105,36.0,0.05
07:47:09,"[115.0, 35]","[112.0, 20]","[151.0, 25]","[264.78, 23]",133.0,103,36.0,0.07
07:47:10,"[115.0, 49]","[112.0, 28]","[151.0, 35]","[177.0, 35]",133.0,147,36.0,0.05
07:47:11,"[115.0, 45]","[112.0, 36]","[151.0, 45]","[177.15, 41]",133.0,167,36.0,-0.03
07:47:12,"[115.0, 32]","[112.0, 32]","[125.5, 40]","[206.16, 38]",120.25,142,10.5,-0.1
07:47:13,"[115.0, 40]","[112.0, 40]","[167.18, 45]","[379.75, 48]",141.09,173,52.18,-0.08
07:47:14,"[115.0, 30]","[111.8, 50]","[271.45, 40]","[580.2, 56]",193.22,176,156.45,-0.09
07:47:15,"[115.43, 7]","[113.29, 7]","[299.6, 25]","[575.0, 31]",207.51,70,184.17,-0.6
07:47:16,"[111.33, 30]","[110.43, 23]","[183.64, 33]","[305.0, 39]",147.48,125,72.3,-0.15
07:47:17,"[111.0, 32]","[110.0, 24]","[231.46, 26]","[629.37, 38]",171.23,120,120.46,-0.07
07:47:18,"[111.0, 32]","[110.0, 24]","[191.19, 26]","[352.54, 28]",151.1,110,80.19,0.02
07:47:19,"[115.67, 48]","[113.26, 43]","[188.63, 38]","[338.57, 58]",152.15,187,72.96,-0.03
07:47:20,"[119.0, 48]","[118.0, 48]","[185.21, 56]","[187.25, 40]",152.11,192,66.21,0.0
07:47:21,"[119.0, 44]","[118.0, 44]","[180.19, 53]","[183.14, 35]",149.59,176,61.19,0.0
07:47:22,"[119.0, 33]","[118.0, 44]","[149.42, 31]","[178.33, 51]",134.21,159,30.42,-0.03
07:47:23,"[118.57, 49]","[117.95, 65]","[120.27, 52]","[134.05, 44]",119.42,210,1.7,0.09
07:47:24,"[118.0, 44]","[117.0, 13]","[119.03, 37]","[120.83, 29]",118.51,123,1.03,-0.07
07:47:25,"[112.0, 20]","[111.0, 40]","[120.2, 30]","[133.25, 36]",116.1,126,8.2,-0.05
07:47:26,"[111.38, 16]","[110.15, 82]","[117.53, 17]","[120.19, 37]",114.45,152,6.15,0.29
07:47:27,"[110.21, 28]","[109.67, 73]","[115.31, 13]","[116.57, 21]",112.76,135,5.09,0.5
07:47:28,"[109.93, 28]","[108.74, 27]","[113.2, 15]","[114.11, 19]",111.56,89,3.27,0.24
07:47:29,"[109.24, 21]","[64.75, 158]","[111.43, 14]","[179.95, 21]",110.33,214,2.19,0.67
07:47:30,"[109.84, 61]","[90.91, 11]","[113.0, 8]","[221.76, 38]",111.42,118,3.16,0.22
07:47:31,"[110.05, 87]","[109.71, 70]","[112.89, 9]","[222.0, 45]",111.47,211,2.84,0.49
07:47:32,"[116.62, 32]","[110.17, 36]","[218.94, 36]","[443.88, 34]",167.78,138,102.32,-0.01
07:47:33,"[117.0, 25]","[111.0, 5]","[229.6, 25]","[267.29, 21]",173.3,76,112.6,-0.21
07:47:34,"[117.14, 35]","[113.97, 90]","[332.91, 47]","[450.62, 47]",225.03,219,215.77,0.14
07:47:35,"[118.0, 11]","[117.0, 55]","[437.91, 55]","[545.98, 47]",277.95,168,319.91,-0.21
07:47:36,"[110.26, 110]","[108.28, 318]","[551.7, 50]","[671.1, 50]",330.98,528,441.44,0.62
07:47:37,"[110.0, 247]","[108.0, 177]","[567.38, 32]","[684.72, 36]",338.69,492,457.38,0.72
07:47:38,"[110.69, 313]","[108.97, 116]","[301.6, 25]","[602.52, 29]",206.15,483,190.91,0.78
07:47:39,"[110.0, 138]","[108.0, 120]","[485.0, 30]","[620.0, 30]",297.5,318,375.0,0.62
07:47:40,"[111.67, 6]","[110.0, 78]","[405.77, 26]","[564.0, 13]",258.72,123,294.1,0.37
07:47:41,"[110.72, 47]","[109.19, 89]","[202.6, 25]","[349.0, 34]",156.66,195,91.88,0.39
07:47:42,"[110.28, 115]","[108.57, 151]","[171.31, 65]","[212.2, 50]",140.79,381,61.03,0.4
07:47:43,"[119.0, 20]","[110.0, 110]","[206.49, 43]","[217.09, 46]",162.74,219,87.49,0.19
07:47:44,"[119.0, 10]","[110.0, 66]","[167.36, 22]","[171.86, 29]",143.18,127,48.36,0.2
07:47:45,"[119.0, 13]","[111.12, 43]","[128.84, 50]","[136.71, 28]",123.92,134,9.84,-0.16
07:47:46,"[112.78, 27]","[112.18, 33]","[128.0, 44]","[301.12, 43]",120.39,147,15.22,-0.18
07:47:47,"[112.0, 24]","[110.0, 24]","[127.87, 30]","[209.67, 15]",119.93,93,15.87,0.03
07:47:48,"[118.82, 115]","[115.54, 39]","[123.31, 74]","[126.17, 66]",121.06,294,4.49,0.05
07:47:49,"[119.0, 51]","[118.0, 26]","[120.81, 62]","[198.37, 41]",119.9,180,1.81,-0.14
07:47:50,"[118.64, 28]","[114.67, 27]","[120.59, 27]","[179.09, 55]",119.62,137,1.95,-0.2
07:47:51,"[110.42, 43]","[103.22, 114]","[118.55, 11]","[204.0, 55]",114.48,223,8.13,0.41
07:47:52,"[108.0, 72]","[100.42, 86]","[117.5, 8]","[298.5, 40]",112.75,206,9.5,0.53
07:47:53,"[112.0, 36]","[108.0, 54]","[115.33, 6]","[312.0, 30]",113.67,126,3.33,0.43
07:47:54,"[112.0, 61]","[109.01, 109]","[226.47, 15]","[347.28, 29]",169.23,214,114.47,0.59
07:47:55,"[112.0, 55]","[107.18, 99]","[253.9, 20]","[327.08, 13]",182.95,187,141.9,0.65
07:47:56,"[112.12, 52]","[107.5, 100]","[220.38, 37]","[410.05, 21]",166.25,210,108.26,0.45
07:47:57,"[113.36, 11]","[109.76, 67]","[216.96, 46]","[223.21, 39]",165.16,163,103.59,-0.04
07:47:58,"[111.3, 10]","[107.77, 78]","[221.5, 50]","[223.1, 42]",166.4,180,110.2,-0.02
07:47:59,"[112.33, 12]","[107.87, 23]","[219.86, 35]","[258.29, 7]",166.1,77,107.52,-0.09
07:48:00,"[118.0, 18]","[112.67, 12]","[218.71, 35]","[304.0, 11]",168.36,76,100.71,-0.21
07:48:01,"[107.58, 19]","[69.13, 63]","[217.27, 55]","[280.0, 22]",162.43,159,109.69,0.03
07:48:02,"[114.02, 87]","[89.75, 59]","[216.43, 35]","[280.0, 14]",165.23,195,102.41,0.5
07:48:03,"[118.0, 21]","[107.0, 12]","[188.24, 42]","[223.9, 49]",153.12,124,70.24,-0.47
07:48:04,"[118.0, 9]","[107.0, 9]","[205.28, 39]","[239.48, 25]",161.64,82,87.28,-0.56
07:48:05,"[118.0, 17]","[111.96, 182]","[174.3, 71]","[188.53, 77]",146.15,347,56.3,0.15
07:48:06,"[118.17, 12]","[112.05, 121]","[175.87, 53]","[179.55, 55]",147.02,241,57.7,0.1
07:48:07,"[112.62, 104]","[108.35, 98]","[158.84, 56]","[164.81, 52]",135.73,310,46.22,0.3
07:48:08,"[115.0, 48]","[112.0, 88]","[137.5, 40]","[138.5, 40]",126.25,216,22.5,0.26
07:48:09,"[115.0, 57]","[112.0, 121]","[134.91, 55]","[136.0, 55]",124.95,288,19.91,0.24
07:48:10,"[115.0, 73]","[112.0, 165]","[133.0, 75]","[135.0, 75]",124.0,388,18.0,0.23
07:48:11,"[115.0, 40]","[112.1, 104]","[131.3, 50]","[132.9, 50]",123.15,244,16.3,0.18
07:48:12,"[118.0, 13]","[115.0, 52]","[129.38, 65]","[131.31, 65]",123.69,195,11.38,-0.33
07:48:13,"[118.0, 8]","[115.0, 32]","[126.88, 40]","[128.75, 40]",122.44,120,8.88,-0.33
07:48:14,"[118.0, 9]","[115.76, 84]","[123.33, 45]","[124.56, 45]",120.67,183,5.33,0.02
07:48:15,"[116.04, 144]","[115.52, 92]","[119.31, 62]","[120.99, 68]",117.67,366,3.26,0.29
07:48:16,"[116.0, 93]","[115.0, 36]","[118.49, 43]","[120.17, 29]",117.24,201,2.49,0.28
07:48:17,"[116.06, 86]","[115.56, 81]","[118.0, 70]","[120.0, 42]",117.03,279,1.94,0.2
07:48:18,"[116.0, 99]","[115.0, 44]","[117.8, 45]","[132.33, 43]",116.9,231,1.8,0.24
07:48:19,"[115.78, 79]","[113.89, 99]","[181.63, 70]","[360.32, 62]",148.71,310,65.84,0.15
07:48:20,"[117.0, 11]","[115.0, 44]","[166.33, 15]","[254.73, 51]",141.67,121,49.33,-0.09
07:48:21,"[115.09, 23]","[114.72, 53]","[229.0, 65]","[429.86, 28]",172.04,169,113.91,-0.1
07:48:22,"[113.06, 97]","[112.42, 78]","[229.0, 60]","[277.67, 12]",171.03,247,115.94,0.42
07:48:23,"[113.0, 56]","[112.0, 40]","[246.38, 40]","[462.0, 8]",179.69,144,133.38,0.33
07:48:24,"[113.0, 63]","[112.0, 45]","[368.0, 45]","[491.0, 36]",240.5,189,255.0,0.14
07:48:25,"[113.0, 77]","[112.0, 55]","[302.43, 46]","[386.57, 53]",207.72,231,189.43,0.14
07:48:26,"[113.0, 36]","[112.0, 40]","[276.5, 40]","[480.41, 17]",194.75,133,163.5,0.14
07:48:27,"[113.0, 9]","[111.91, 33]","[246.0, 45]","[366.71, 21]",179.5,108,133.0,-0.22
07:48:28,"[109.49, 57]","[67.16, 19]","[170.76, 37]","[257.69, 13]",140.12,126,61.27,0.21
07:48:29,"[112.04, 98]","[89.88, 80]","[129.4, 40]","[237.86, 14]",120.72,232,17.36,0.53
07:48:30,"[113.0, 26]","[112.0, 130]","[195.0, 54]","[320.58, 31]",154.0,241,82.0,0.29
07:48:31,"[113.5, 12]","[112.0, 60]","[356.0, 24]","[431.0, 6]",234.75,102,242.5,0.41
07:48:32,"[114.0, 8]","[112.0, 40]","[312.25, 16]","[431.0, 4]",213.12,68,198.25,0.41
07:48:33,"[112.29, 62]","[107.46, 52]","[181.0, 40]","[525.91, 22]",146.65,176,68.71,0.3
07:48:34,"[114.36, 67]","[112.56, 84]","[181.0, 36]","[433.08, 13]",147.68,200,66.64,0.51
07:48:35,"[117.8, 30]","[113.62, 78]","[344.48, 42]","[400.11, 28]",231.14,178,226.68,0.21
07:48:36,"[119.0, 40]","[117.0, 24]","[420.68, 22]","[478.82, 34]",269.84,120,301.68,0.07
07:48:37,"[119.0, 28]","[117.0, 24]","[426.04, 28]","[564.6, 10]",272.52,90,307.04,0.16
07:48:38,"[113.0, 50]","[112.0, 45]","[491.08, 13]","[491.82, 11]",302.04,119,378.08,0.6
07:48:39,"[116.5, 48]","[114.12, 160]","[241.2, 15]","[279.93, 28]",178.85,251,124.7,0.66
07:48:40,"[116.0, 120]","[113.0, 100]","[224.3, 20]","[259.16, 49]",170.15,289,108.3,0.52
07:48:41,"[116.0, 144]","[113.0, 120]","[206.03, 34]","[212.97, 31]",161.01,329,90.03,0.6
07:48:42,"[116.0, 124]","[113.0, 120]","[198.35, 40]","[205.31, 45]",157.18,329,82.35,0.48
07:48:43,"[116.0, 77]","[113.0, 110]","[194.41, 29]","[195.85, 34]",155.21,250,78.41,0.5
07:48:44,"[116.0, 31]","[113.0, 90]","[188.45, 20]","[191.0, 21]",152.22,162,72.45,0.49
07:48:45,"[116.0, 27]","[113.0, 90]","[185.12, 25]","[186.73, 11]",150.56,153,69.12,0.53
07:48:46,"[114.7, 46]","[112.93, 129]","[179.29, 31]","[181.19, 37]",146.99,243,64.59,0.44
07:48:47,"[113.86, 70]","[112.74, 136]","[176.68, 47]","[177.67, 49]",145.27,302,62.82,0.36
07:48:48,"[113.22, 36]","[112.53, 76]","[174.89, 27]","[176.11, 27]",144.06,166,61.67,0.35
07:48:49,"[113.0, 64]","[112.0, 80]","[171.67, 12]","[173.61, 28]",142.33,184,58.67,0.57
07:48:50,"[113.0, 56]","[112.0, 77]","[167.58, 31]","[170.29, 21]",140.29,185,54.58,0.44
07:48:51,"[113.0, 88]","[112.0, 101]","[167.8, 35]","[168.75, 36]",140.4,260,54.8,0.45
07:48:52,"[113.0, 104]","[112.0, 117]","[160.91, 35]","[161.74, 31]",136.96,287,47.91,0.54
07:48:53,"[113.0, 128]","[112.0, 144]","[153.02, 41]","[152.8, 41]",133.01,354,40.02,0.54
07:48:54,"[113.0, 36]","[112.0, 63]","[142.0, 7]","[143.43, 7]",127.5,113,29.0,0.75
07:48:55,"[116.43, 28]","[112.84, 57]","[136.84, 31]","[137.73, 22]",126.63,138,20.41,0.23
07:48:56,"[114.24, 21]","[112.41, 82]","[133.26, 46]","[133.92, 24]",123.75,173,19.02,0.19
07:48:57,"[114.96, 71]","[111.9, 164]","[127.38, 39]","[128.97, 31]",121.17,305,12.43,0.54
07:48:58,"[111.88, 170]","[110.75, 200]","[124.79, 29]","[126.18, 39]",118.34,438,12.91,0.69
