Time,Bid1,Bid2,Ask1,Ask2,Mid-Price,Total_volume,Bid_ask_spread,Order_imbalance
07:30:00,"[0, 0]","[0, 0]","[0, 0]","[0, 0]",0.0,0,0.0,0.0
07:30:01,"[1.5, 8]","[0, 0]","[0, 0]","[0, 0]",0.75,8,-1.5,1.0
07:30:02,"[131.57, 21]","[101.89, 18]","[0, 0]","[0, 0]",65.79,39,-131.57,1.0
07:30:03,"[135.3, 20]","[104.5, 24]","[0, 0]","[0, 0]",67.65,44,-135.3,1.0
07:30:04,"[136.0, 4]","[128.0, 12]","[138.0, 6]","[145.0, 4]",137.0,26,2.0,0.23
07:30:05,"[133.0, 12]","[119.0, 21]","[140.33, 12]","[145.0, 12]",136.67,57,7.33,0.16
07:30:06,"[129.0, 6]","[59.0, 3]","[145.0, 4]","[0, 0]",137.0,13,16.0,0.38
07:30:07,"[129.0, 18]","[123.0, 12]","[144.1, 10]","[145.0, 8]",136.55,48,15.1,0.25
07:30:08,"[129.0, 6]","[123.0, 4]","[142.0, 4]","[143.0, 3]",135.5,17,13.0,0.18
07:30:09,"[129.0, 18]","[123.0, 12]","[140.55, 11]","[141.73, 11]",134.77,52,11.55,0.15
07:30:10,"[129.0, 30]","[123.0, 20]","[139.23, 22]","[141.0, 35]",134.11,107,10.23,-0.07
07:30:11,"[129.0, 18]","[123.0, 12]","[137.4, 10]","[139.4, 15]",133.2,55,8.4,0.09
07:30:12,"[129.0, 18]","[123.0, 12]","[136.0, 10]","[137.27, 15]",132.5,55,7.0,0.09
07:30:13,"[129.0, 72]","[123.0, 48]","[133.45, 38]","[134.48, 46]",131.22,204,4.45,0.18
07:30:14,"[129.0, 30]","[123.0, 20]","[131.8, 15]","[134.0, 20]",130.4,85,2.8,0.18
07:30:15,"[129.0, 24]","[123.0, 24]","[131.0, 16]","[134.0, 24]",130.0,88,2.0,0.09
07:30:16,"[125.57, 42]","[120.33, 36]","[133.34, 35]","[157.83, 30]",129.46,143,7.77,0.09
07:30:17,"[123.0, 20]","[115.0, 12]","[152.0, 15]","[228.8, 25]",137.5,72,29.0,-0.11
07:30:18,"[130.33, 24]","[121.4, 20]","[150.54, 13]","[174.83, 24]",140.44,81,20.21,0.09
07:30:19,"[145.0, 22]","[127.55, 44]","[148.0, 68]","[150.0, 11]",146.5,145,3.0,-0.09
07:30:20,"[145.0, 28]","[128.0, 56]","[147.65, 86]","[148.91, 22]",146.33,192,2.65,-0.12
07:30:21,"[131.61, 66]","[117.6, 80]","[144.63, 51]","[145.76, 38]",138.12,235,13.02,0.24
07:30:22,"[128.62, 42]","[119.46, 52]","[133.11, 18]","[141.92, 24]",130.87,136,4.49,0.38
07:30:23,"[129.0, 60]","[112.0, 48]","[132.19, 21]","[133.98, 43]",130.6,172,3.19,0.26
07:30:24,"[129.0, 45]","[114.78, 36]","[132.22, 9]","[134.0, 9]",130.61,99,3.22,0.64
07:30:25,"[130.0, 11]","[128.65, 46]","[131.45, 11]","[134.0, 11]",130.73,79,1.45,0.44
07:30:26,"[127.43, 65]","[119.99, 79]","[133.62, 16]","[134.95, 44]",130.53,204,6.19,0.41
07:30:27,"[127.0, 40]","[119.14, 49]","[134.0, 10]","[135.0, 30]",130.5,129,7.0,0.38
07:30:28,"[127.0, 28]","[117.0, 46]","[134.0, 7]","[135.0, 21]",130.5,102,7.0,0.45
07:30:29,"[127.18, 34]","[120.09, 70]","[134.0, 51]","[135.0, 39]",130.59,194,6.82,0.07
07:30:30,"[128.86, 14]","[125.0, 56]","[134.0, 86]","[135.0, 42]",131.43,198,5.14,-0.29
07:30:31,"[130.83, 12]","[125.0, 48]","[133.0, 45]","[134.21, 14]",131.92,119,2.17,0.01
07:30:32,"[132.0, 15]","[126.47, 60]","[134.08, 26]","[142.81, 52]",133.04,153,2.08,-0.02
07:30:33,"[133.08, 13]","[128.47, 17]","[139.0, 24]","[218.7, 23]",136.04,77,5.92,-0.22
07:30:34,"[116.72, 25]","[51.43, 53]","[136.0, 32]","[145.68, 22]",126.36,132,19.28,0.18
07:30:35,"[130.0, 70]","[104.64, 28]","[131.0, 18]","[138.0, 28]",130.5,144,1.0,0.36
07:30:36,"[130.75, 32]","[125.52, 33]","[494.83, 35]","[594.22, 36]",312.79,136,364.08,-0.04
07:30:37,"[136.21, 39]","[133.19, 69]","[311.07, 59]","[342.82, 49]",223.64,216,174.86,0.0
07:30:38,"[139.89, 27]","[138.94, 72]","[289.79, 43]","[309.0, 41]",214.84,183,149.9,0.08
07:30:39,"[140.27, 48]","[139.2, 59]","[187.0, 60]","[333.85, 39]",163.64,206,46.73,0.04
07:30:40,"[140.08, 26]","[138.55, 22]","[187.0, 30]","[367.0, 24]",163.54,102,46.92,-0.06
07:30:41,"[140.0, 58]","[136.0, 20]","[187.0, 50]","[597.0, 40]",163.5,168,47.0,-0.07
07:30:42,"[140.0, 40]","[136.0, 20]","[184.58, 48]","[282.09, 34]",162.29,142,44.58,-0.15
07:30:43,"[140.89, 36]","[139.56, 18]","[183.4, 25]","[185.0, 15]",162.14,94,42.51,0.15
07:30:44,"[141.0, 96]","[140.0, 48]","[180.31, 48]","[182.0, 42]",160.66,234,39.31,0.23
07:30:45,"[141.0, 101]","[140.0, 64]","[176.83, 54]","[178.24, 74]",158.92,293,35.83,0.13
07:30:46,"[141.0, 70]","[140.0, 56]","[174.08, 52]","[175.06, 52]",157.54,230,33.08,0.1
07:30:47,"[141.0, 70]","[139.12, 48]","[171.04, 46]","[172.43, 42]",156.02,206,30.04,0.15
07:30:48,"[143.97, 70]","[140.22, 59]","[167.75, 64]","[168.73, 74]",155.86,267,23.78,-0.03
07:30:49,"[147.0, 72]","[143.0, 18]","[163.18, 33]","[164.26, 39]",155.09,162,16.18,0.11
07:30:50,"[147.0, 72]","[144.15, 13]","[159.34, 35]","[160.19, 37]",153.17,157,12.34,0.08
07:30:51,"[147.0, 104]","[146.0, 13]","[154.92, 53]","[156.22, 49]",150.96,219,7.92,0.07
07:30:52,"[147.0, 64]","[146.0, 8]","[149.56, 34]","[151.0, 30]",148.28,136,2.56,0.06
07:30:53,"[146.18, 17]","[145.01, 71]","[149.53, 45]","[347.14, 21]",147.85,154,3.36,0.14
07:30:54,"[142.62, 21]","[141.68, 47]","[207.7, 23]","[369.1, 10]",175.16,101,65.08,0.35
07:30:55,"[141.0, 34]","[139.0, 55]","[320.44, 25]","[334.88, 26]",230.72,140,179.44,0.27
07:30:56,"[141.0, 28]","[139.0, 70]","[171.51, 41]","[214.71, 38]",156.26,177,30.51,0.11
07:30:57,"[139.2, 20]","[138.22, 23]","[142.33, 18]","[144.06, 17]",140.77,78,3.13,0.1
07:30:58,"[139.0, 23]","[138.0, 27]","[140.89, 27]","[142.25, 24]",139.94,101,1.89,-0.01
07:30:59,"[138.0, 21]","[129.0, 7]","[139.29, 21]","[431.0, 11]",138.64,60,1.29,-0.07
07:31:00,"[90.38, 26]","[74.25, 40]","[131.27, 37]","[149.71, 24]",110.83,127,40.89,0.04
07:31:01,"[74.83, 42]","[50.82, 49]","[128.76, 33]","[130.26, 19]",101.8,143,53.92,0.27
07:31:02,"[108.59, 29]","[71.78, 27]","[128.0, 7]","[129.0, 35]",118.29,98,19.41,0.14
07:31:03,"[107.67, 15]","[88.4, 25]","[128.0, 9]","[129.0, 35]",117.83,84,20.33,-0.05
07:31:04,"[111.1, 20]","[110.5, 12]","[128.57, 14]","[129.89, 36]",119.84,82,17.47,-0.22
07:31:05,"[113.0, 8]","[111.0, 24]","[129.0, 16]","[131.0, 32]",121.0,80,16.0,-0.2
07:31:06,"[114.62, 13]","[113.91, 23]","[129.0, 24]","[131.0, 36]",121.81,96,14.38,-0.25
07:31:07,"[117.8, 15]","[114.97, 31]","[129.0, 44]","[131.0, 44]",123.4,134,11.2,-0.31
07:31:08,"[120.0, 10]","[119.0, 30]","[129.0, 40]","[131.0, 40]",124.5,120,9.0,-0.33
07:31:09,"[121.5, 22]","[119.7, 10]","[129.0, 29]","[131.0, 32]",125.25,93,7.5,-0.31
07:31:10,"[123.88, 26]","[122.57, 30]","[128.43, 42]","[130.2, 40]",126.16,138,4.54,-0.19
07:31:11,"[127.29, 21]","[126.0, 21]","[128.38, 13]","[130.25, 16]",127.84,71,1.1,0.18
07:31:12,"[127.62, 29]","[126.38, 24]","[130.69, 16]","[133.07, 29]",129.15,98,3.07,0.08
07:31:13,"[130.8, 15]","[128.89, 18]","[133.48, 31]","[134.18, 49]",132.14,113,2.68,-0.42
07:31:14,"[130.53, 17]","[118.92, 13]","[133.95, 19]","[134.96, 28]",132.24,77,3.42,-0.22
07:31:15,"[130.36, 28]","[126.54, 13]","[132.11, 38]","[133.91, 11]",131.23,90,1.75,-0.09
07:31:16,"[131.56, 18]","[125.78, 9]","[134.0, 9]","[135.0, 27]",132.78,63,2.44,-0.14
07:31:17,"[126.0, 8]","[49.25, 12]","[133.56, 18]","[232.19, 32]",129.78,70,7.56,-0.43
07:31:18,"[126.0, 9]","[100.67, 9]","[151.81, 32]","[389.77, 39]",138.91,89,25.81,-0.6
07:31:19,"[126.0, 3]","[116.0, 3]","[132.0, 9]","[476.33, 15]",129.0,30,6.0,-0.6
07:31:20,"[126.0, 8]","[72.36, 11]","[132.0, 24]","[370.75, 40]",129.0,83,6.0,-0.54
07:31:21,"[126.0, 8]","[105.0, 16]","[132.0, 48]","[250.2, 10]",129.0,82,6.0,-0.41
07:31:22,"[126.0, 6]","[110.33, 12]","[130.15, 26]","[141.93, 30]",128.08,74,4.15,-0.51
07:31:23,"[126.0, 7]","[89.14, 14]","[128.0, 21]","[131.82, 34]",127.0,76,2.0,-0.45
07:31:24,"[126.0, 11]","[113.27, 22]","[128.0, 33]","[131.0, 22]",127.0,88,2.0,-0.25
07:31:25,"[126.0, 12]","[113.0, 24]","[131.16, 51]","[132.73, 30]",128.58,117,5.16,-0.38
07:31:26,"[126.0, 8]","[113.0, 16]","[131.89, 28]","[132.8, 25]",128.95,77,5.89,-0.38
07:31:27,"[126.0, 9]","[113.0, 18]","[128.44, 27]","[131.8, 25]",127.22,79,2.44,-0.32
07:31:28,"[126.0, 3]","[94.0, 3]","[128.0, 21]","[131.0, 3]",127.0,30,2.0,-0.6
07:31:29,"[126.0, 8]","[94.0, 8]","[128.0, 56]","[131.0, 8]",127.0,80,2.0,-0.6
07:31:30,"[126.0, 10]","[41.0, 10]","[128.0, 52]","[131.0, 10]",127.0,82,2.0,-0.51
07:31:31,"[126.0, 8]","[67.0, 8]","[128.0, 26]","[131.0, 8]",127.0,50,2.0,-0.36
07:31:32,"[126.0, 6]","[5.83, 6]","[128.0, 18]","[131.0, 6]",127.0,36,2.0,-0.33
07:31:33,"[126.0, 4]","[52.0, 4]","[128.0, 12]","[129.2, 10]",127.0,30,2.0,-0.47
07:31:34,"[126.0, 6]","[52.0, 6]","[128.0, 18]","[129.0, 18]",127.0,48,2.0,-0.5
07:31:35,"[126.9, 10]","[118.6, 10]","[128.52, 31]","[129.34, 29]",127.71,80,1.62,-0.5
07:31:36,"[128.22, 9]","[126.67, 9]","[132.0, 9]","[134.0, 18]",130.11,45,3.78,-0.2
07:31:37,"[131.55, 33]","[130.24, 25]","[132.91, 34]","[133.73, 30]",132.23,122,1.37,-0.05
07:31:38,"[131.4, 20]","[48.88, 17]","[133.5, 16]","[180.27, 15]",132.45,68,2.1,0.09
07:31:39,"[131.67, 12]","[15.0, 6]","[134.0, 12]","[155.32, 19]",132.83,49,2.33,-0.27
07:31:40,"[132.0, 14]","[81.43, 7]","[139.0, 13]","[155.48, 23]",135.5,57,7.0,-0.26
07:31:41,"[132.75, 16]","[108.0, 8]","[138.53, 17]","[452.5, 10]",135.64,51,5.78,-0.06
07:31:42,"[126.07, 43]","[52.33, 12]","[131.5, 32]","[270.53, 19]",128.78,106,5.43,0.04
07:31:43,"[126.0, 28]","[74.77, 13]","[130.8, 20]","[136.38, 13]",128.4,74,4.8,0.11
07:31:44,"[126.0, 32]","[65.0, 16]","[134.73, 15]","[149.78, 9]",130.37,72,8.73,0.33
07:31:45,"[126.11, 27]","[95.5, 24]","[131.0, 9]","[135.0, 18]",128.56,78,4.89,0.31
07:31:46,"[127.12, 8]","[126.0, 32]","[131.0, 8]","[135.0, 16]",129.06,64,3.88,0.25
07:31:47,"[128.0, 8]","[125.5, 32]","[131.0, 12]","[135.0, 16]",129.5,68,3.0,0.18
07:31:48,"[128.0, 9]","[125.0, 36]","[129.95, 19]","[131.55, 11]",128.97,75,1.95,0.2
07:31:49,"[125.0, 28]","[5.23, 35]","[129.0, 7]","[130.0, 14]",127.0,84,4.0,0.5
07:31:50,"[125.03, 29]","[30.88, 32]","[128.0, 16]","[129.0, 8]",126.52,85,2.97,0.44
07:31:51,"[126.0, 8]","[123.25, 32]","[128.0, 16]","[129.0, 8]",127.0,64,2.0,0.25
07:31:52,"[126.0, 6]","[123.0, 24]","[128.0, 12]","[129.0, 6]",127.0,48,2.0,0.25
07:31:53,"[123.91, 32]","[85.22, 72]","[128.0, 19]","[129.0, 11]",125.95,134,4.09,0.55
07:31:54,"[123.0, 56]","[55.0, 56]","[128.57, 7]","[129.87, 23]",125.79,142,5.57,0.58
07:31:55,"[124.27, 15]","[104.59, 29]","[129.0, 10]","[130.0, 40]",126.63,94,4.73,-0.06
07:31:56,"[126.0, 11]","[125.0, 11]","[129.6, 20]","[130.1, 39]",127.8,81,3.6,-0.46
07:31:57,"[140.4, 45]","[132.23, 22]","[195.9, 20]","[465.39, 41]",168.15,128,55.5,0.05
07:31:58,"[141.87, 47]","[137.45, 42]","[251.0, 13]","[260.0, 65]",196.44,167,109.13,0.07
07:31:59,"[144.0, 44]","[140.0, 11]","[252.08, 51]","[361.85, 39]",198.04,145,108.08,-0.24
07:32:00,"[144.0, 36]","[140.0, 9]","[225.23, 31]","[345.71, 17]",184.61,93,81.23,-0.03
07:32:01,"[144.0, 16]","[140.0, 13]","[237.67, 18]","[237.65, 48]",190.83,95,93.67,-0.39
07:32:02,"[143.13, 15]","[139.74, 19]","[229.33, 18]","[230.11, 27]",186.23,79,86.2,-0.14
07:32:03,"[142.23, 39]","[138.53, 60]","[228.29, 14]","[230.0, 28]",185.26,141,86.05,0.4
07:32:04,"[139.83, 36]","[138.32, 62]","[202.69, 26]","[209.18, 34]",171.26,158,62.86,0.24
07:32:05,"[141.34, 41]","[138.81, 32]","[189.69, 61]","[200.28, 29]",165.51,163,48.35,-0.1
07:32:06,"[144.86, 42]","[134.94, 31]","[187.52, 62]","[229.9, 29]",166.19,164,42.66,-0.11
07:32:07,"[138.0, 66]","[122.27, 77]","[185.87, 15]","[190.81, 52]",161.93,210,47.87,0.36
07:32:08,"[138.0, 72]","[122.17, 84]","[153.13, 46]","[161.59, 41]",145.57,243,15.13,0.28
07:32:09,"[135.53, 73]","[125.27, 30]","[138.75, 48]","[142.86, 66]",137.14,217,3.22,-0.05
07:32:10,"[135.0, 32]","[109.0, 8]","[137.36, 22]","[173.58, 31]",136.18,93,2.36,-0.14
07:32:11,"[135.0, 37]","[104.11, 54]","[186.31, 45]","[310.08, 52]",160.66,188,51.31,-0.03
07:32:12,"[138.94, 16]","[135.58, 26]","[273.54, 26]","[355.76, 37]",206.24,105,134.6,-0.2
07:32:13,"[138.67, 18]","[137.82, 40]","[244.89, 18]","[378.03, 29]",191.78,105,106.22,0.1
07:32:14,"[141.09, 11]","[140.15, 13]","[357.79, 33]","[434.19, 32]",249.44,89,216.7,-0.46
07:32:15,"[142.0, 10]","[141.0, 20]","[389.15, 41]","[440.33, 39]",265.57,110,247.15,-0.45
07:32:16,"[141.67, 6]","[139.09, 22]","[395.0, 30]","[423.43, 7]",268.33,65,253.33,-0.14
07:32:17,"[138.19, 32]","[136.31, 32]","[216.32, 25]","[301.82, 17]",177.25,106,78.13,0.21
07:32:18,"[138.0, 25]","[135.0, 15]","[221.0, 20]","[223.0, 10]",179.5,70,83.0,0.14
07:32:19,"[138.0, 35]","[135.0, 21]","[221.8, 20]","[315.4, 10]",179.9,86,83.8,0.3
07:32:20,"[138.0, 40]","[135.0, 24]","[223.0, 16]","[691.75, 20]",180.5,100,85.0,0.28
07:32:21,"[138.97, 34]","[138.16, 49]","[263.36, 28]","[555.55, 55]",201.16,166,124.39,0.0
07:32:22,"[142.68, 37]","[139.69, 32]","[267.38, 65]","[487.38, 65]",205.03,199,124.71,-0.31
07:32:23,"[143.0, 21]","[140.0, 14]","[313.23, 26]","[460.69, 26]",228.12,87,170.23,-0.2
07:32:24,"[144.33, 27]","[142.23, 31]","[329.35, 52]","[553.81, 31]",236.84,141,185.01,-0.18
07:32:25,"[146.0, 30]","[144.0, 90]","[335.2, 75]","[547.87, 75]",240.6,270,189.2,-0.11
07:32:26,"[146.0, 18]","[144.0, 54]","[370.78, 45]","[540.89, 45]",258.39,162,224.78,-0.11
07:32:27,"[146.0, 10]","[144.0, 30]","[250.6, 25]","[459.6, 25]",198.3,90,104.6,-0.11
07:32:28,"[146.0, 22]","[144.0, 66]","[265.09, 55]","[452.36, 55]",205.55,198,119.09,-0.11
07:32:29,"[144.15, 27]","[143.29, 21]","[444.33, 24]","[638.33, 30]",294.24,102,300.19,-0.06
07:32:30,"[144.0, 35]","[143.0, 21]","[262.72, 32]","[387.45, 29]",203.36,117,118.72,-0.04
07:32:31,"[143.85, 40]","[142.14, 42]","[226.14, 37]","[336.88, 40]",184.99,159,82.29,0.03
07:32:32,"[143.0, 14]","[141.0, 42]","[264.29, 14]","[265.29, 14]",203.64,84,121.29,0.33
07:32:33,"[145.5, 16]","[141.5, 32]","[178.13, 31]","[261.88, 16]",161.81,95,32.63,0.01
07:32:34,"[144.3, 27]","[141.74, 38]","[156.55, 33]","[162.04, 48]",150.42,146,12.25,-0.11
07:32:35,"[144.72, 54]","[143.0, 36]","[152.24, 42]","[153.87, 76]",148.48,208,7.52,-0.13
07:32:36,"[143.27, 44]","[141.36, 44]","[147.03, 32]","[148.31, 32]",145.15,152,3.76,0.16
07:32:37,"[141.0, 30]","[139.23, 52]","[143.19, 26]","[144.4, 20]",142.1,128,2.19,0.28
07:32:38,"[141.0, 24]","[139.0, 80]","[143.43, 14]","[152.4, 25]",142.21,143,2.43,0.45
07:32:39,"[141.14, 35]","[139.01, 71]","[145.33, 12]","[274.33, 60]",143.24,178,4.19,0.19
07:32:40,"[141.15, 26]","[139.7, 53]","[521.14, 35]","[635.57, 35]",331.15,149,379.99,0.06
07:32:41,"[140.0, 64]","[139.0, 72]","[589.48, 29]","[645.61, 33]",364.74,198,449.48,0.37
07:32:42,"[140.0, 77]","[138.96, 83]","[408.73, 44]","[451.86, 43]",274.36,247,268.73,0.3
07:32:43,"[143.18, 34]","[139.91, 66]","[315.62, 39]","[354.34, 44]",229.4,183,172.44,0.09
07:32:44,"[145.32, 123]","[143.55, 65]","[266.0, 49]","[470.25, 51]",205.66,288,120.68,0.31
07:32:45,"[146.0, 70]","[145.0, 45]","[299.65, 23]","[309.82, 22]",222.83,160,153.65,0.44
07:32:46,"[146.0, 100]","[145.0, 90]","[296.9, 40]","[312.6, 50]",221.45,280,150.9,0.36
07:32:47,"[146.09, 99]","[145.11, 91]","[296.0, 40]","[342.0, 50]",221.05,280,149.91,0.36
07:32:48,"[147.0, 137]","[146.0, 160]","[258.59, 69]","[412.89, 66]",202.8,432,111.59,0.38
07:32:49,"[147.0, 107]","[146.0, 150]","[187.58, 50]","[287.54, 54]",167.29,361,40.58,0.42
07:32:50,"[147.0, 105]","[146.0, 150]","[163.15, 40]","[196.82, 49]",155.07,344,16.15,0.48
07:32:51,"[147.0, 91]","[146.0, 130]","[162.0, 26]","[164.0, 52]",154.5,299,15.0,0.48
07:32:52,"[147.0, 70]","[146.0, 100]","[159.3, 40]","[162.0, 20]",153.15,230,12.3,0.48
07:32:53,"[147.0, 77]","[146.0, 110]","[157.36, 44]","[162.0, 22]",152.18,253,10.36,0.48
07:32:54,"[147.0, 70]","[146.0, 100]","[156.1, 40]","[162.0, 20]",151.55,230,9.1,0.48
07:32:55,"[146.56, 55]","[145.8, 89]","[155.39, 36]","[158.27, 30]",150.98,210,8.83,0.37
07:32:56,"[146.0, 112]","[144.0, 42]","[150.03, 39]","[151.92, 48]",148.01,241,4.03,0.28
07:32:57,"[146.0, 88]","[144.0, 39]","[147.54, 65]","[150.0, 26]",146.77,218,1.54,0.17
07:32:58,"[145.0, 20]","[143.27, 33]","[148.29, 31]","[198.26, 46]",146.65,130,3.29,-0.18
07:32:59,"[148.0, 24]","[145.62, 37]","[149.0, 24]","[204.08, 60]",148.5,145,1.0,-0.16
07:33:00,"[146.15, 54]","[145.09, 22]","[148.48, 23]","[160.54, 57]",147.31,156,2.33,-0.03
07:33:01,"[143.0, 8]","[142.0, 16]","[146.38, 8]","[148.0, 16]",144.69,48,3.38,0.0
07:33:02,"[142.83, 12]","[141.8, 25]","[144.64, 11]","[149.8, 25]",143.73,73,1.8,0.01
07:33:03,"[142.0, 18]","[141.0, 45]","[143.44, 9]","[277.5, 32]",142.72,104,1.44,0.21
07:33:04,"[142.0, 18]","[141.0, 45]","[224.44, 18]","[332.38, 32]",183.22,113,82.44,0.12
07:33:05,"[143.67, 18]","[141.33, 30]","[169.93, 30]","[229.73, 15]",156.8,93,26.27,0.03
07:33:06,"[144.25, 24]","[142.08, 24]","[168.83, 12]","[267.38, 52]",156.54,112,24.58,-0.14
07:33:07,"[142.0, 8]","[140.0, 8]","[168.0, 4]","[404.0, 20]",155.0,40,26.0,-0.2
07:33:08,"[141.17, 46]","[140.55, 44]","[152.97, 34]","[285.58, 52]",147.07,176,11.8,0.02
07:33:09,"[141.57, 28]","[140.75, 32]","[306.25, 60]","[516.08, 49]",223.91,169,164.68,-0.29
07:33:10,"[144.77, 26]","[141.6, 30]","[308.23, 65]","[376.67, 60]",226.5,181,163.46,-0.38
07:33:11,"[146.0, 14]","[142.0, 14]","[254.03, 32]","[360.26, 31]",200.02,91,108.03,-0.38
07:33:12,"[147.38, 58]","[143.43, 28]","[220.09, 68]","[295.57, 70]",183.73,224,72.71,-0.23
07:33:13,"[148.0, 104]","[146.0, 26]","[288.31, 65]","[333.15, 65]",218.15,260,140.31,0.0
07:33:14,"[148.0, 89]","[146.0, 24]","[257.58, 60]","[323.67, 60]",202.79,233,109.58,-0.03
07:33:15,"[146.75, 36]","[144.67, 18]","[220.5, 40]","[336.67, 45]",183.62,139,73.75,-0.22
07:33:16,"[142.0, 12]","[141.0, 36]","[293.5, 60]","[369.67, 60]",217.75,168,151.5,-0.43
07:33:17,"[141.5, 12]","[140.64, 28]","[212.39, 23]","[267.86, 35]",176.95,98,70.89,-0.18
07:33:18,"[141.0, 33]","[140.0, 55]","[169.36, 22]","[191.44, 54]",155.18,164,28.36,0.07
07:33:19,"[140.28, 29]","[138.48, 83]","[167.67, 27]","[207.75, 40]",153.97,179,27.39,0.25
07:33:20,"[140.0, 27]","[138.0, 81]","[164.67, 21]","[165.75, 24]",152.33,153,24.67,0.41
07:33:21,"[141.0, 36]","[138.2, 90]","[161.25, 36]","[163.0, 24]",151.12,186,20.25,0.35
07:33:22,"[144.0, 33]","[142.0, 22]","[159.75, 28]","[161.33, 27]",151.88,110,15.75,0.0
07:33:23,"[144.0, 27]","[142.0, 18]","[157.22, 23]","[159.09, 22]",150.61,90,13.22,0.0
07:33:24,"[140.97, 29]","[138.47, 68]","[155.27, 33]","[158.0, 22]",148.12,152,14.31,0.28
07:33:25,"[140.0, 36]","[138.0, 108]","[150.92, 48]","[151.81, 43]",145.46,235,10.92,0.23
07:33:26,"[139.2, 45]","[137.84, 97]","[147.27, 33]","[149.0, 55]",143.24,230,8.07,0.23
07:33:27,"[138.0, 90]","[137.0, 80]","[145.51, 37]","[146.18, 34]",141.76,241,7.51,0.41
07:33:28,"[138.11, 71]","[137.08, 104]","[143.03, 31]","[144.69, 39]",140.57,245,4.92,0.43
07:33:29,"[139.0, 68]","[137.61, 92]","[143.62, 53]","[182.04, 50]",141.31,263,4.62,0.22
07:33:30,"[139.47, 30]","[137.74, 76]","[143.68, 37]","[240.18, 45]",141.57,188,4.21,0.13
07:33:31,"[141.44, 34]","[139.64, 22]","[143.0, 39]","[144.0, 52]",142.22,147,1.56,-0.24
07:33:32,"[140.4, 15]","[138.92, 37]","[291.71, 28]","[577.2, 40]",216.06,120,151.31,-0.13
07:33:33,"[135.23, 71]","[116.91, 33]","[358.09, 35]","[503.46, 26]",246.66,165,222.86,0.26
07:33:34,"[135.0, 39]","[90.56, 9]","[288.25, 16]","[390.71, 28]",211.62,92,153.25,0.04
07:33:35,"[135.0, 40]","[111.0, 48]","[180.4, 30]","[221.11, 18]",157.7,136,45.4,0.29
07:33:36,"[139.0, 40]","[119.78, 36]","[177.94, 31]","[258.85, 26]",158.47,133,38.94,0.14
07:33:37,"[143.0, 60]","[135.0, 60]","[158.0, 46]","[164.0, 38]",150.5,204,15.0,0.18
07:33:38,"[143.0, 65]","[135.78, 41]","[156.13, 46]","[159.8, 40]",149.57,192,13.13,0.1
07:33:39,"[142.12, 41]","[135.97, 29]","[151.42, 33]","[152.69, 35]",146.77,138,9.3,0.01
07:33:40,"[145.0, 54]","[136.23, 39]","[149.08, 37]","[151.08, 52]",147.04,182,4.08,0.02
07:33:41,"[146.0, 23]","[137.0, 20]","[149.0, 40]","[150.0, 30]",147.5,113,3.0,-0.24
07:33:42,"[146.0, 30]","[138.0, 20]","[149.0, 40]","[150.0, 30]",147.5,120,3.0,-0.17
07:33:43,"[146.0, 31]","[138.0, 22]","[148.08, 36]","[149.22, 41]",147.04,130,2.08,-0.18
07:33:44,"[143.27, 41]","[137.18, 17]","[196.75, 24]","[263.39, 33]",170.01,115,53.48,0.01
07:33:45,"[123.0, 42]","[66.69, 67]","[168.91, 22]","[297.43, 21]",145.95,152,45.91,0.43
07:33:46,"[126.22, 45]","[84.51, 67]","[267.38, 26]","[398.93, 14]",196.8,152,141.16,0.47
07:33:47,"[147.05, 22]","[126.62, 40]","[208.38, 16]","[357.11, 19]",177.71,97,61.33,0.28
07:33:48,"[148.0, 27]","[145.0, 9]","[178.78, 18]","[333.43, 14]",163.39,68,30.78,0.06
07:33:49,"[148.0, 27]","[145.0, 9]","[178.0, 18]","[249.0, 18]",163.0,72,30.0,0.0
07:33:50,"[146.64, 11]","[141.22, 37]","[177.43, 14]","[260.83, 12]",162.03,74,30.79,0.3
07:33:51,"[145.0, 9]","[141.0, 63]","[175.33, 18]","[342.56, 9]",160.17,99,30.33,0.45
07:33:52,"[141.57, 42]","[140.48, 87]","[172.73, 52]","[191.83, 29]",157.15,210,31.16,0.23
07:33:53,"[141.0, 38]","[140.0, 55]","[170.64, 22]","[171.9, 42]",155.82,157,29.64,0.18
07:33:54,"[141.0, 45]","[140.0, 126]","[162.44, 36]","[168.59, 44]",151.72,251,21.44,0.36
07:33:55,"[140.16, 95]","[139.45, 110]","[150.36, 22]","[151.44, 32]",145.26,259,10.21,0.58
07:33:56,"[140.69, 91]","[139.38, 97]","[147.83, 24]","[149.08, 26]",144.26,238,7.14,0.58
07:33:57,"[143.0, 34]","[140.0, 154]","[145.36, 28]","[148.78, 36]",144.18,252,2.36,0.49
07:33:58,"[140.09, 94]","[138.81, 54]","[143.73, 22]","[277.47, 15]",141.91,185,3.64,0.6
07:33:59,"[140.48, 64]","[139.73, 133]","[143.27, 33]","[228.95, 22]",141.88,252,2.79,0.56
07:34:00,"[141.75, 64]","[140.0, 88]","[144.0, 16]","[374.67, 12]",142.88,180,2.25,0.69
07:34:01,"[142.28, 64]","[140.0, 110]","[206.0, 24]","[328.96, 25]",174.14,223,63.72,0.56
07:34:02,"[144.29, 14]","[140.0, 77]","[311.82, 22]","[370.0, 16]",228.05,129,167.53,0.41
07:34:03,"[145.77, 26]","[140.0, 143]","[202.3, 56]","[227.53, 34]",174.04,259,56.53,0.31
07:34:04,"[140.26, 47]","[138.06, 31]","[149.33, 30]","[190.5, 12]",144.79,120,9.08,0.3
07:34:05,"[140.0, 104]","[137.0, 48]","[147.17, 60]","[148.17, 60]",143.58,272,7.17,0.12
07:34:06,"[140.0, 90]","[137.0, 40]","[145.2, 50]","[146.4, 50]",142.6,230,5.2,0.13
07:34:07,"[140.0, 77]","[137.0, 28]","[141.57, 35]","[142.86, 35]",140.79,175,1.57,0.2
07:34:08,"[140.0, 78]","[137.0, 52]","[142.0, 65]","[321.62, 26]",141.0,221,2.0,0.18
07:34:09,"[137.95, 38]","[136.26, 81]","[141.91, 55]","[371.73, 22]",139.93,196,3.96,0.21
07:34:10,"[138.8, 45]","[137.07, 80]","[167.7, 43]","[232.71, 31]",153.25,199,28.9,0.26
07:34:11,"[142.9, 29]","[138.28, 39]","[371.2, 41]","[369.59, 29]",257.05,138,228.3,-0.01
07:34:12,"[138.04, 97]","[137.59, 51]","[254.67, 12]","[402.42, 33]",196.35,193,116.63,0.53
07:34:13,"[138.0, 55]","[137.0, 15]","[178.6, 5]","[394.0, 20]",158.3,95,40.6,0.47
07:34:14,"[138.08, 26]","[137.64, 25]","[153.0, 5]","[369.75, 16]",145.54,72,14.92,0.42
07:34:15,"[142.8, 40]","[137.89, 54]","[229.86, 21]","[315.14, 28]",186.33,143,87.06,0.31
07:34:16,"[146.0, 80]","[138.0, 80]","[303.0, 50]","[389.0, 28]",224.5,238,157.0,0.34
07:34:17,"[146.0, 99]","[138.0, 88]","[283.9, 29]","[360.78, 37]",214.95,253,137.9,0.48
07:34:18,"[146.0, 81]","[138.0, 79]","[244.38, 16]","[413.0, 26]",195.19,202,98.38,0.58
07:34:19,"[146.0, 48]","[138.0, 72]","[272.87, 31]","[428.91, 22]",209.44,173,126.87,0.39
07:34:20,"[146.67, 36]","[143.89, 57]","[270.6, 50]","[379.4, 20]",208.63,163,123.93,0.14
07:34:21,"[146.28, 68]","[142.02, 49]","[268.38, 65]","[304.26, 62]",207.33,244,122.11,-0.04
07:34:22,"[148.0, 110]","[147.0, 55]","[266.18, 55]","[275.82, 55]",207.09,275,118.18,0.2
07:34:23,"[148.0, 114]","[147.0, 60]","[256.0, 60]","[263.0, 60]",202.0,294,108.0,0.18
07:34:24,"[148.0, 144]","[147.0, 80]","[223.12, 80]","[236.38, 80]",185.56,384,75.12,0.17
07:34:25,"[148.0, 68]","[147.0, 60]","[231.58, 60]","[234.67, 60]",189.79,248,83.58,0.03
07:34:26,"[148.0, 28]","[147.0, 35]","[204.59, 34]","[215.82, 33]",176.29,130,56.59,-0.03
07:34:27,"[148.0, 48]","[147.0, 75]","[166.27, 75]","[167.66, 67]",157.13,265,18.27,-0.07
07:34:28,"[148.0, 20]","[147.0, 50]","[162.9, 50]","[164.73, 48]",155.45,168,14.9,-0.17
07:34:29,"[147.89, 19]","[146.14, 29]","[160.48, 44]","[166.86, 42]",154.19,134,12.58,-0.28
07:34:30,"[146.0, 14]","[142.0, 56]","[156.92, 52]","[158.0, 46]",151.46,168,10.92,-0.17
07:34:31,"[146.0, 20]","[142.0, 32]","[154.38, 16]","[157.0, 40]",150.19,108,8.38,-0.04
07:34:32,"[146.0, 48]","[142.0, 64]","[151.05, 41]","[154.83, 71]",148.52,224,5.05,0.0
07:34:33,"[146.0, 36]","[142.88, 68]","[148.5, 60]","[149.29, 42]",147.25,206,2.5,0.01
07:34:34,"[143.75, 64]","[142.5, 72]","[146.65, 69]","[152.9, 63]",145.2,268,2.9,0.01
07:34:35,"[141.5, 64]","[140.42, 57]","[143.97, 69]","[145.18, 65]",142.74,255,2.47,-0.05
07:34:36,"[141.0, 19]","[140.0, 35]","[142.0, 35]","[144.0, 28]",141.5,117,1.0,-0.08
07:34:37,"[140.0, 45]","[138.0, 36]","[143.12, 32]","[279.5, 40]",141.56,153,3.12,0.06
07:34:38,"[140.0, 40]","[138.0, 32]","[263.3, 23]","[391.12, 34]",201.65,129,123.3,0.12
07:34:39,"[145.0, 21]","[140.0, 35]","[335.71, 28]","[381.21, 29]",240.36,113,190.71,-0.01
07:34:40,"[145.0, 45]","[140.0, 75]","[275.13, 62]","[331.46, 61]",210.06,243,130.13,-0.01
07:34:41,"[144.5, 40]","[139.88, 64]","[207.77, 52]","[244.23, 52]",176.13,208,63.27,0.0
07:34:42,"[140.0, 24]","[138.0, 24]","[205.0, 24]","[212.0, 24]",172.5,96,65.0,0.0
07:34:43,"[140.0, 38]","[138.0, 56]","[199.0, 56]","[261.14, 56]",169.5,206,59.0,-0.09
07:34:44,"[140.0, 48]","[138.2, 40]","[234.55, 44]","[371.89, 45]",187.27,177,94.55,-0.01
07:34:45,"[140.0, 20]","[138.0, 30]","[363.0, 25]","[451.6, 20]",251.5,95,223.0,0.05
07:34:46,"[145.0, 11]","[140.0, 24]","[333.63, 27]","[409.2, 25]",239.31,87,188.63,-0.2
07:34:47,"[144.23, 26]","[140.05, 21]","[169.8, 30]","[280.15, 26]",157.02,103,25.57,-0.09
07:34:48,"[140.0, 18]","[137.55, 29]","[147.44, 18]","[149.0, 20]",143.72,85,7.44,0.11
07:34:49,"[137.88, 34]","[136.32, 47]","[144.15, 26]","[145.31, 26]",141.02,133,6.27,0.22
07:34:50,"[137.57, 42]","[136.53, 51]","[142.6, 30]","[143.6, 30]",140.09,153,5.03,0.22
07:34:51,"[138.14, 37]","[137.0, 39]","[140.38, 26]","[141.38, 26]",139.26,128,2.25,0.19
07:34:52,"[137.75, 55]","[136.52, 58]","[140.82, 34]","[348.75, 64]",139.28,211,3.08,0.07
07:34:53,"[138.0, 117]","[136.24, 29]","[145.17, 36]","[200.44, 57]",141.58,239,7.17,0.22
07:34:54,"[139.09, 104]","[138.11, 114]","[150.0, 56]","[300.7, 66]",144.54,340,10.91,0.28
07:34:55,"[140.0, 108]","[139.0, 84]","[198.5, 48]","[278.85, 54]",169.25,294,58.5,0.31
07:34:56,"[143.44, 54]","[141.04, 50]","[228.63, 49]","[268.08, 39]",186.04,192,85.19,0.08
07:34:57,"[146.0, 99]","[145.0, 33]","[225.4, 40]","[403.73, 37]",185.7,209,79.4,0.26
07:34:58,"[146.0, 90]","[145.0, 30]","[250.54, 39]","[444.72, 32]",198.27,191,104.54,0.26
07:34:59,"[146.0, 60]","[145.0, 21]","[155.0, 28]","[286.71, 21]",150.5,130,9.0,0.25
07:35:00,"[146.0, 50]","[145.0, 21]","[155.0, 28]","[471.71, 21]",150.5,120,9.0,0.18
07:35:01,"[146.0, 70]","[145.0, 30]","[582.2, 30]","[601.92, 38]",364.1,168,436.2,0.19
07:35:02,"[147.0, 18]","[146.0, 63]","[334.88, 42]","[401.3, 30]",240.94,153,187.88,0.06
07:35:03,"[147.0, 12]","[146.0, 42]","[161.0, 30]","[163.0, 24]",154.0,108,14.0,0.0
07:35:04,"[146.73, 22]","[145.95, 59]","[159.39, 38]","[160.56, 43]",153.06,162,12.67,0.0
07:35:05,"[146.0, 26]","[145.0, 33]","[158.36, 44]","[160.0, 55]",152.18,158,12.36,-0.25
07:35:06,"[146.0, 11]","[145.0, 33]","[156.02, 51]","[157.58, 48]",151.01,143,10.02,-0.38
07:35:07,"[145.88, 16]","[144.87, 45]","[154.1, 63]","[179.94, 63]",149.99,187,8.22,-0.35
07:35:08,"[145.0, 22]","[143.0, 33]","[150.87, 30]","[151.95, 42]",147.93,127,5.87,-0.13
07:35:09,"[144.22, 23]","[142.56, 27]","[147.0, 38]","[162.3, 40]",145.61,128,2.78,-0.22
07:35:10,"[143.73, 22]","[141.29, 14]","[145.33, 24]","[278.75, 32]",144.53,92,1.61,-0.22
07:35:11,"[144.73, 15]","[142.27, 11]","[365.44, 27]","[489.83, 24]",255.09,77,220.71,-0.32
07:35:12,"[145.98, 41]","[144.82, 11]","[465.46, 26]","[493.69, 32]",305.72,110,319.49,-0.05
07:35:13,"[146.0, 44]","[145.0, 11]","[315.69, 26]","[492.64, 25]",230.85,106,169.69,0.04
07:35:14,"[146.0, 24]","[145.0, 6]","[397.2, 15]","[495.25, 12]",271.6,57,251.2,0.05
07:35:15,"[145.67, 18]","[142.83, 12]","[452.5, 8]","[489.81, 16]",299.08,54,306.83,0.11
07:35:16,"[143.0, 5]","[141.0, 10]","[452.08, 13]","[510.0, 9]",297.54,37,309.08,-0.19
07:35:17,"[141.86, 14]","[140.21, 56]","[345.44, 25]","[491.4, 25]",243.65,120,203.58,0.17
07:35:18,"[141.0, 20]","[140.0, 110]","[186.96, 26]","[192.5, 16]",163.98,172,45.96,0.51
07:35:19,"[142.97, 118]","[140.85, 26]","[184.58, 36]","[188.0, 24]",163.77,204,41.62,0.41
07:35:20,"[140.93, 43]","[139.77, 44]","[183.44, 27]","[188.0, 18]",162.19,132,42.51,0.32
07:35:21,"[139.9, 59]","[138.95, 74]","[180.93, 42]","[185.97, 31]",160.41,206,41.03,0.29
07:35:22,"[139.0, 30]","[137.0, 16]","[172.46, 24]","[177.44, 27]",155.73,97,33.46,-0.05
07:35:23,"[136.08, 26]","[107.71, 34]","[139.0, 14]","[140.08, 12]",137.54,86,2.92,0.4
07:35:24,"[134.0, 39]","[81.0, 36]","[136.2, 10]","[137.3, 10]",135.1,95,2.2,0.58
07:35:25,"[120.77, 26]","[70.38, 32]","[134.88, 8]","[135.88, 8]",127.82,74,14.11,0.57
07:35:26,"[122.2, 60]","[63.28, 58]","[403.81, 37]","[443.15, 33]",263.01,188,281.61,0.26
07:35:27,"[143.0, 54]","[131.8, 45]","[443.56, 36]","[556.6, 20]",293.28,155,300.56,0.28
07:35:28,"[135.95, 60]","[130.2, 45]","[431.83, 35]","[522.71, 28]",283.89,168,295.88,0.25
07:35:29,"[136.2, 15]","[134.55, 33]","[438.71, 28]","[480.29, 14]",287.46,90,302.51,0.07
07:35:30,"[135.5, 30]","[134.39, 28]","[357.07, 30]","[471.8, 30]",246.28,118,221.57,-0.02
07:35:31,"[134.0, 48]","[133.0, 64]","[391.03, 64]","[418.29, 63]",262.52,239,257.03,-0.06
07:35:32,"[135.29, 93]","[133.38, 39]","[382.29, 48]","[385.0, 40]",258.79,220,247.0,0.2
07:35:33,"[138.62, 185]","[140.76, 115]","[379.96, 73]","[381.68, 62]",259.29,435,241.34,0.38
07:35:34,"[145.0, 77]","[144.0, 165]","[201.92, 50]","[264.74, 38]",173.46,330,56.92,0.47
07:35:35,"[145.0, 56]","[144.0, 120]","[167.08, 37]","[170.76, 25]",156.04,238,22.08,0.48
07:35:36,"[145.0, 49]","[144.0, 105]","[164.15, 26]","[166.53, 34]",154.58,214,19.15,0.44
07:35:37,"[145.75, 140]","[144.4, 124]","[158.63, 51]","[159.41, 54]",152.19,369,12.88,0.43
07:35:38,"[146.0, 150]","[145.0, 70]","[156.27, 37]","[157.11, 47]",151.14,304,10.27,0.45
07:35:39,"[146.0, 131]","[145.0, 63]","[154.29, 28]","[155.67, 30]",150.14,252,8.29,0.54
07:35:40,"[146.0, 142]","[145.0, 91]","[151.29, 45]","[152.04, 45]",148.64,323,5.29,0.44
07:35:41,"[146.0, 66]","[145.0, 77]","[147.44, 36]","[166.19, 42]",146.72,221,1.44,0.29
07:35:42,"[146.0, 36]","[145.0, 63]","[148.0, 18]","[265.29, 28]",147.0,145,2.0,0.37
07:35:43,"[146.0, 40]","[145.0, 70]","[147.0, 20]","[407.86, 28]",146.5,158,1.0,0.39
07:35:44,"[146.0, 28]","[145.0, 49]","[147.0, 14]","[380.0, 28]",146.5,119,1.0,0.29
07:35:45,"[145.32, 56]","[143.84, 134]","[236.73, 51]","[460.71, 48]",191.02,289,91.4,0.31
07:35:46,"[145.0, 31]","[142.83, 29]","[226.44, 9]","[227.76, 21]",185.72,90,81.44,0.33
07:35:47,"[145.0, 39]","[143.0, 39]","[187.25, 16]","[192.12, 16]",166.12,110,42.25,0.42
07:35:48,"[146.0, 39]","[145.0, 39]","[162.85, 13]","[163.85, 13]",154.42,104,16.85,0.5
07:35:49,"[145.84, 25]","[144.56, 27]","[162.0, 9]","[163.0, 9]",153.92,70,16.16,0.49
07:35:50,"[145.0, 16]","[143.0, 24]","[161.38, 8]","[163.0, 8]",153.19,56,16.38,0.43
07:35:51,"[145.0, 6]","[143.0, 6]","[161.0, 2]","[163.0, 2]",153.0,16,16.0,0.5
07:35:52,"[145.0, 42]","[143.0, 52]","[158.93, 14]","[160.43, 14]",151.96,122,13.93,0.54
07:35:53,"[145.0, 36]","[143.0, 36]","[156.33, 12]","[158.0, 12]",150.67,96,11.33,0.5
07:35:54,"[142.71, 45]","[141.8, 59]","[154.67, 30]","[155.67, 18]",148.69,152,11.96,0.37
07:35:55,"[142.0, 23]","[141.0, 28]","[152.0, 14]","[153.43, 14]",147.0,79,10.0,0.29
07:35:56,"[140.25, 32]","[139.33, 48]","[148.33, 12]","[369.25, 20]",144.29,112,8.08,0.43
07:35:57,"[140.0, 45]","[139.0, 75]","[143.78, 23]","[145.21, 19]",141.89,162,3.78,0.48
07:35:58,"[140.0, 15]","[139.0, 30]","[141.5, 6]","[143.5, 6]",140.75,57,1.5,0.58
07:35:59,"[140.0, 14]","[139.0, 35]","[141.86, 7]","[488.29, 28]",140.93,84,1.86,0.17
07:36:00,"[140.0, 10]","[139.0, 25]","[340.0, 8]","[569.61, 18]",240.0,61,200.0,0.15
07:36:01,"[140.0, 14]","[139.0, 35]","[303.88, 26]","[492.26, 27]",221.94,102,163.88,-0.04
07:36:02,"[144.18, 22]","[140.8, 20]","[257.34, 70]","[302.33, 70]",200.76,182,113.16,-0.54
07:36:03,"[144.73, 22]","[141.43, 14]","[222.96, 55]","[255.49, 51]",183.85,142,78.24,-0.49
07:36:04,"[142.0, 12]","[139.81, 27]","[144.48, 46]","[156.69, 49]",143.24,134,2.48,-0.42
07:36:05,"[142.0, 13]","[140.0, 13]","[143.0, 26]","[144.0, 52]",142.5,104,1.0,-0.5
07:36:06,"[139.62, 21]","[138.54, 67]","[141.65, 31]","[223.57, 46]",140.63,165,2.03,0.07
07:36:07,"[139.0, 32]","[137.0, 104]","[140.2, 15]","[203.05, 37]",139.6,188,1.2,0.45
07:36:08,"[137.38, 47]","[136.67, 45]","[140.0, 10]","[155.2, 20]",138.69,122,2.62,0.51
07:36:09,"[137.0, 24]","[134.8, 10]","[139.6, 10]","[156.0, 20]",138.3,64,2.6,0.06
07:36:10,"[137.8, 41]","[136.44, 16]","[245.56, 32]","[279.0, 34]",191.68,123,107.76,-0.07
07:36:11,"[139.33, 48]","[137.0, 24]","[299.0, 48]","[476.44, 27]",219.17,147,159.67,-0.02
07:36:12,"[140.69, 32]","[137.0, 26]","[222.71, 28]","[275.43, 53]",181.7,139,82.03,-0.17
07:36:13,"[143.0, 24]","[137.0, 24]","[304.14, 35]","[422.87, 30]",223.57,113,161.14,-0.15
07:36:14,"[143.0, 12]","[137.3, 33]","[379.0, 48]","[490.33, 21]",261.0,114,236.0,-0.21
07:36:15,"[143.0, 12]","[142.0, 24]","[329.13, 23]","[442.0, 42]",236.07,101,186.13,-0.29
07:36:16,"[142.25, 16]","[139.0, 20]","[242.27, 11]","[392.28, 25]",192.26,72,100.02,0.0
07:36:17,"[142.0, 14]","[137.0, 14]","[436.0, 14]","[556.64, 22]",289.0,64,294.0,-0.12
07:36:18,"[142.0, 8]","[137.0, 8]","[201.5, 4]","[519.0, 14]",171.75,34,59.5,-0.06
07:36:19,"[136.82, 22]","[119.91, 23]","[236.0, 39]","[238.0, 13]",186.41,97,99.18,-0.07
07:36:20,"[102.4, 43]","[85.55, 31]","[210.94, 35]","[235.71, 21]",156.67,130,108.55,0.14
07:36:21,"[114.62, 52]","[79.34, 68]","[130.92, 24]","[175.71, 28]",122.77,172,16.3,0.4
07:36:22,"[67.89, 57]","[55.61, 67]","[134.97, 29]","[320.16, 37]",101.43,190,67.07,0.31
07:36:23,"[73.68, 44]","[71.6, 40]","[128.0, 10]","[135.0, 40]",100.84,134,54.32,0.25
07:36:24,"[76.71, 48]","[75.5, 48]","[128.0, 12]","[134.5, 32]",102.35,140,51.29,0.37
07:36:25,"[99.0, 32]","[84.2, 60]","[128.0, 11]","[129.0, 33]",113.5,136,29.0,0.35
07:36:26,"[104.12, 34]","[103.55, 22]","[128.0, 16]","[129.0, 21]",116.06,93,23.88,0.2
07:36:27,"[106.08, 26]","[104.17, 46]","[128.0, 29]","[129.0, 36]",117.04,137,21.92,0.05
07:36:28,"[107.47, 34]","[106.73, 22]","[128.0, 33]","[129.0, 42]",117.74,131,20.53,-0.15
07:36:29,"[109.18, 22]","[108.67, 18]","[128.53, 17]","[130.67, 18]",118.86,75,19.35,0.07
07:36:30,"[110.75, 24]","[109.68, 56]","[158.79, 19]","[175.76, 21]",134.77,120,48.04,0.33
07:36:31,"[116.24, 50]","[114.58, 33]","[131.0, 51]","[463.86, 21]",123.62,155,14.76,0.07
07:36:32,"[119.53, 58]","[118.81, 37]","[131.0, 84]","[199.83, 48]",125.27,227,11.47,-0.16
07:36:33,"[123.3, 44]","[121.47, 58]","[131.0, 60]","[133.0, 55]",127.15,217,7.7,-0.06
07:36:34,"[126.42, 57]","[125.31, 64]","[181.45, 33]","[182.38, 52]",153.94,206,55.03,0.17
07:36:35,"[129.5, 42]","[127.19, 53]","[305.05, 22]","[342.53, 19]",217.27,136,175.55,0.4
07:36:36,"[147.0, 20]","[136.5, 30]","[300.5, 16]","[365.76, 34]",223.75,100,153.5,0.0
07:36:37,"[147.0, 20]","[145.49, 59]","[241.47, 19]","[412.38, 24]",194.24,122,94.47,0.3
07:36:38,"[147.0, 14]","[146.0, 42]","[258.2, 25]","[282.4, 10]",202.6,91,111.2,0.23
07:36:39,"[147.0, 10]","[146.0, 30]","[264.59, 17]","[267.0, 8]",205.79,65,117.59,0.23
07:36:40,"[147.0, 8]","[146.0, 24]","[263.0, 4]","[264.0, 16]",205.0,52,116.0,0.23
07:36:41,"[147.0, 28]","[146.0, 84]","[261.31, 32]","[263.68, 38]",204.16,182,114.31,0.23
07:36:42,"[146.62, 32]","[145.86, 70]","[251.04, 45]","[256.47, 15]",198.83,162,104.42,0.26
07:36:43,"[146.0, 42]","[145.0, 35]","[166.16, 19]","[224.69, 16]",156.08,112,20.16,0.38
07:36:44,"[146.0, 35]","[145.0, 55]","[164.35, 20]","[179.3, 20]",155.18,130,18.35,0.38
07:36:45,"[145.12, 32]","[143.44, 45]","[158.9, 21]","[163.2, 15]",152.01,113,13.78,0.36
07:36:46,"[145.0, 36]","[143.0, 45]","[157.33, 12]","[158.03, 33]",151.17,126,12.33,0.29
07:36:47,"[145.0, 36]","[143.0, 45]","[154.87, 15]","[157.08, 12]",149.93,108,9.87,0.5
07:36:48,"[143.82, 44]","[142.74, 47]","[155.82, 11]","[156.82, 11]",149.82,113,12.0,0.61
07:36:49,"[145.24, 41]","[143.55, 55]","[153.77, 13]","[156.0, 13]",149.51,122,8.53,0.57
07:36:50,"[146.0, 22]","[145.0, 33]","[152.15, 13]","[155.27, 11]",149.08,79,6.15,0.39
07:36:51,"[146.0, 16]","[145.0, 24]","[149.0, 18]","[151.33, 9]",147.5,67,3.0,0.19
07:36:52,"[145.31, 13]","[143.55, 33]","[147.0, 24]","[149.0, 12]",146.15,82,1.69,0.12
07:36:53,"[145.0, 13]","[143.0, 72]","[146.12, 32]","[238.66, 35]",145.56,152,1.12,0.12
07:36:54,"[145.0, 10]","[143.0, 80]","[146.0, 40]","[321.0, 42]",145.5,172,1.0,0.05
07:36:55,"[143.0, 80]","[141.0, 10]","[262.47, 34]","[305.07, 43]",202.74,167,119.47,0.08
07:36:56,"[143.0, 56]","[141.0, 12]","[222.58, 36]","[234.92, 60]",182.79,164,79.58,-0.17
07:36:57,"[143.0, 39]","[141.0, 13]","[201.85, 39]","[246.42, 43]",172.42,134,58.85,-0.22
07:36:58,"[143.0, 40]","[141.0, 11]","[174.18, 33]","[176.0, 33]",158.59,117,31.18,-0.13
07:36:59,"[143.0, 32]","[141.0, 11]","[172.06, 34]","[176.55, 33]",157.53,110,29.06,-0.22
07:37:00,"[142.6, 10]","[140.25, 16]","[168.6, 20]","[169.82, 22]",155.6,68,26.0,-0.24
07:37:01,"[143.0, 22]","[139.95, 84]","[166.76, 58]","[168.44, 54]",154.88,218,23.76,-0.03
07:37:02,"[147.0, 32]","[144.89, 74]","[165.06, 64]","[167.92, 49]",156.03,219,18.06,-0.03
07:37:03,"[147.0, 28]","[145.0, 70]","[163.82, 49]","[165.71, 49]",155.41,196,16.82,0.0
07:37:04,"[146.8, 20]","[144.91, 47]","[162.1, 30]","[164.0, 40]",154.45,137,15.3,-0.02
07:37:05,"[145.0, 30]","[143.0, 30]","[159.62, 48]","[163.21, 57]",152.31,165,14.62,-0.27
07:37:06,"[145.0, 18]","[143.0, 18]","[156.88, 34]","[158.52, 29]",150.94,99,11.88,-0.27
07:37:07,"[145.0, 30]","[143.0, 30]","[155.33, 52]","[156.7, 53]",150.16,165,10.33,-0.27
07:37:08,"[145.0, 28]","[143.0, 28]","[151.88, 33]","[153.62, 45]",148.44,134,6.88,-0.16
07:37:09,"[144.65, 46]","[142.67, 24]","[149.43, 40]","[150.6, 30]",147.04,140,4.77,0.0
07:37:10,"[143.0, 14]","[141.0, 7]","[146.36, 25]","[147.33, 18]",144.68,64,3.36,-0.34
07:37:11,"[143.29, 31]","[141.71, 17]","[144.74, 39]","[146.5, 28]",144.02,115,1.45,-0.17
07:37:12,"[140.3, 60]","[138.76, 33]","[144.0, 26]","[146.89, 35]",142.15,154,3.7,0.21
07:37:13,"[140.0, 54]","[139.0, 130]","[142.24, 25]","[270.55, 31]",141.12,240,2.24,0.53
07:37:14,"[139.53, 43]","[138.96, 108]","[219.32, 34]","[362.9, 40]",179.43,225,79.79,0.34
07:37:15,"[139.0, 82]","[138.0, 16]","[237.45, 31]","[279.32, 25]",188.23,154,98.45,0.27
07:37:16,"[139.0, 72]","[137.54, 13]","[233.0, 24]","[279.0, 18]",186.0,127,94.0,0.34
07:37:17,"[139.66, 73]","[138.77, 52]","[178.69, 35]","[205.86, 35]",159.17,195,39.03,0.28
07:37:18,"[143.0, 36]","[139.0, 120]","[148.83, 36]","[152.9, 40]",145.92,232,5.83,0.34
07:37:19,"[143.0, 31]","[139.0, 110]","[147.73, 33]","[149.0, 33]",145.36,207,4.73,0.36
07:37:20,"[143.0, 10]","[139.03, 91]","[146.1, 30]","[149.0, 30]",144.55,161,3.1,0.25
07:37:21,"[140.94, 31]","[139.89, 19]","[147.3, 30]","[247.0, 40]",144.12,120,6.36,-0.17
07:37:22,"[144.25, 32]","[141.67, 48]","[146.5, 18]","[249.0, 24]",145.38,122,2.25,0.31
07:37:23,"[143.0, 36]","[139.0, 72]","[145.22, 27]","[245.12, 32]",144.11,167,2.22,0.29
07:37:24,"[143.0, 37]","[139.0, 87]","[233.74, 23]","[550.12, 32]",188.37,179,90.74,0.39
07:37:25,"[145.86, 42]","[140.82, 44]","[214.91, 22]","[375.55, 22]",180.38,130,69.05,0.32
07:37:26,"[147.0, 60]","[143.0, 40]","[197.44, 36]","[340.71, 31]",172.22,167,50.44,0.2
07:37:27,"[147.0, 60]","[144.38, 13]","[195.5, 50]","[236.0, 30]",171.25,153,48.5,-0.05
07:37:28,"[147.0, 36]","[145.0, 7]","[194.0, 35]","[316.38, 16]",170.5,94,47.0,-0.09
07:37:29,"[146.39, 23]","[143.3, 33]","[189.98, 51]","[336.92, 37]",168.19,144,43.59,-0.22
07:37:30,"[147.0, 36]","[145.0, 15]","[167.75, 48]","[187.16, 57]",157.38,156,20.75,-0.35
07:37:31,"[147.0, 11]","[145.0, 11]","[165.82, 55]","[359.03, 35]",156.41,112,18.82,-0.61
07:37:32,"[147.0, 9]","[145.0, 9]","[164.33, 45]","[166.0, 45]",155.67,108,17.33,-0.67
07:37:33,"[143.36, 44]","[141.29, 55]","[162.93, 70]","[164.71, 70]",153.15,239,19.56,-0.17
07:37:34,"[138.39, 31]","[136.89, 37]","[160.38, 65]","[162.0, 65]",149.39,198,22.0,-0.31
07:37:35,"[138.69, 13]","[137.43, 14]","[144.87, 38]","[159.22, 58]",141.78,123,6.18,-0.56
07:37:36,"[139.0, 9]","[138.0, 9]","[143.22, 45]","[144.32, 37]",141.11,100,4.22,-0.64
07:37:37,"[139.65, 23]","[138.36, 14]","[141.2, 50]","[143.29, 70]",140.43,157,1.55,-0.53
07:37:38,"[136.47, 17]","[108.53, 15]","[178.12, 40]","[258.62, 42]",157.3,114,41.65,-0.44
07:37:39,"[96.67, 27]","[66.75, 20]","[239.62, 24]","[320.64, 33]",168.15,104,142.96,-0.1
07:37:40,"[103.16, 32]","[34.36, 25]","[205.65, 37]","[221.85, 39]",154.4,133,102.49,-0.14
07:37:41,"[145.0, 14]","[68.77, 31]","[211.57, 21]","[213.71, 21]",178.29,87,66.57,0.03
07:37:42,"[144.23, 26]","[141.2, 70]","[210.2, 30]","[212.0, 30]",177.22,156,65.97,0.23
07:37:43,"[143.0, 58]","[140.0, 49]","[209.14, 21]","[212.0, 21]",176.07,149,66.14,0.44
07:37:44,"[143.0, 44]","[140.12, 24]","[209.0, 18]","[212.0, 18]",176.0,104,66.0,0.31
07:37:45,"[143.0, 48]","[141.0, 8]","[209.0, 24]","[212.0, 24]",176.0,104,66.0,0.08
07:37:46,"[143.0, 42]","[141.0, 7]","[206.43, 21]","[208.29, 21]",174.71,91,63.43,0.08
07:37:47,"[143.0, 38]","[141.0, 8]","[204.0, 24]","[206.0, 24]",173.5,94,61.0,-0.02
07:37:48,"[143.0, 7]","[141.0, 7]","[179.43, 23]","[197.57, 21]",161.22,58,36.43,-0.52
07:37:49,"[143.0, 11]","[141.0, 11]","[171.74, 43]","[178.11, 45]",157.37,110,28.74,-0.6
07:37:50,"[144.78, 9]","[141.33, 6]","[175.17, 18]","[177.0, 30]",159.97,63,30.39,-0.52
07:37:51,"[147.0, 32]","[143.0, 8]","[175.0, 24]","[177.0, 40]",161.0,104,28.0,-0.23
07:37:52,"[147.0, 56]","[143.0, 14]","[175.0, 42]","[177.0, 70]",161.0,182,28.0,-0.23
07:37:53,"[146.38, 13]","[142.69, 13]","[175.0, 39]","[177.0, 65]",160.69,130,28.62,-0.6
07:37:54,"[140.1, 29]","[137.12, 8]","[175.0, 24]","[177.0, 40]",157.55,101,34.9,-0.27
07:37:55,"[141.0, 24]","[139.91, 45]","[173.92, 36]","[177.0, 60]",157.46,165,32.92,-0.16
07:37:56,"[145.0, 48]","[142.0, 12]","[172.0, 56]","[173.38, 40]",158.5,156,27.0,-0.23
07:37:57,"[145.0, 49]","[142.0, 11]","[171.0, 33]","[172.0, 55]",158.0,148,26.0,-0.19
07:37:58,"[145.17, 36]","[144.5, 36]","[170.87, 38]","[171.95, 58]",158.02,168,25.7,-0.14
07:37:59,"[146.0, 9]","[145.0, 45]","[168.11, 45]","[171.0, 27]",157.06,126,22.11,-0.14
07:38:00,"[146.0, 11]","[145.0, 55]","[165.73, 55]","[194.93, 28]",155.86,149,19.73,-0.11
07:38:01,"[145.45, 22]","[142.16, 95]","[164.61, 62]","[266.42, 33]",155.03,212,19.16,0.1
07:38:02,"[144.09, 43]","[139.34, 41]","[161.75, 48]","[163.56, 36]",152.92,168,17.66,0.0
07:38:03,"[138.18, 17]","[136.42, 12]","[160.08, 60]","[161.08, 39]",149.13,128,21.91,-0.55
07:38:04,"[137.64, 14]","[136.64, 14]","[158.48, 64]","[159.71, 70]",148.06,162,20.84,-0.65
07:38:05,"[138.13, 15]","[136.76, 17]","[153.98, 54]","[154.74, 46]",146.06,132,15.85,-0.52
07:38:06,"[138.53, 15]","[137.11, 18]","[151.36, 44]","[153.0, 55]",144.95,132,12.83,-0.5
07:38:07,"[140.0, 11]","[138.0, 11]","[149.55, 22]","[151.0, 44]",144.77,88,9.55,-0.5
07:38:08,"[138.93, 15]","[137.38, 13]","[145.33, 60]","[146.05, 58]",142.13,146,6.4,-0.62
07:38:09,"[136.95, 19]","[119.53, 15]","[141.67, 30]","[142.63, 38]",139.31,102,4.72,-0.33
07:38:10,"[137.08, 13]","[132.2, 20]","[139.67, 24]","[141.27, 37]",138.37,94,2.59,-0.3
07:38:11,"[132.25, 48]","[121.76, 58]","[140.19, 53]","[144.82, 51]",136.22,210,7.94,0.01
07:38:12,"[130.0, 54]","[118.67, 72]","[143.36, 70]","[304.29, 35]",136.68,231,13.36,0.09
07:38:13,"[114.0, 27]","[88.29, 42]","[406.78, 23]","[371.21, 39]",260.39,131,292.78,0.05
07:38:14,"[133.0, 41]","[105.97, 37]","[468.68, 38]","[613.32, 22]",300.84,138,335.68,0.13
07:38:15,"[139.17, 29]","[117.83, 35]","[331.55, 55]","[367.39, 57]",235.36,176,192.37,-0.27
07:38:16,"[104.95, 40]","[96.33, 58]","[270.67, 24]","[282.27, 22]",187.81,144,165.72,0.36
07:38:17,"[138.84, 19]","[131.33, 66]","[265.54, 26]","[266.62, 26]",202.19,137,126.7,0.24
07:38:18,"[142.06, 17]","[138.0, 10]","[246.92, 13]","[265.44, 18]",194.49,58,104.86,-0.07
07:38:19,"[111.68, 38]","[62.67, 33]","[184.42, 24]","[186.78, 37]",148.05,132,72.73,0.08
07:38:20,"[143.0, 80]","[121.25, 64]","[183.8, 20]","[185.0, 50]",163.4,214,40.8,0.35
07:38:21,"[143.0, 60]","[90.41, 54]","[181.56, 18]","[186.0, 12]",162.28,144,38.56,0.58
07:38:22,"[124.78, 83]","[81.11, 36]","[180.91, 22]","[182.0, 11]",152.85,152,56.13,0.57
07:38:23,"[106.33, 84]","[93.62, 84]","[178.86, 28]","[180.07, 27]",142.6,223,72.52,0.51
07:38:24,"[102.5, 28]","[72.14, 112]","[176.21, 28]","[178.29, 28]",139.36,196,73.71,0.43
07:38:25,"[103.0, 26]","[50.46, 104]","[130.14, 43]","[138.17, 24]",116.57,197,27.14,0.32
07:38:26,"[105.42, 24]","[43.43, 56]","[128.0, 48]","[129.0, 12]",116.71,140,22.58,0.14
07:38:27,"[107.61, 41]","[96.59, 58]","[128.0, 30]","[129.0, 9]",117.8,138,20.39,0.43
07:38:28,"[109.91, 67]","[107.59, 34]","[128.0, 28]","[129.0, 11]",118.96,140,18.09,0.44
07:38:29,"[108.72, 36]","[107.83, 48]","[128.0, 24]","[129.0, 12]",118.36,120,19.28,0.4
07:38:30,"[112.45, 44]","[111.31, 26]","[128.0, 20]","[129.0, 10]",120.23,100,15.55,0.4
07:38:31,"[114.07, 46]","[113.54, 52]","[132.52, 23]","[134.53, 47]",123.29,168,18.46,0.17
07:38:32,"[129.82, 66]","[96.79, 53]","[138.17, 48]","[170.41, 54]",133.99,221,8.35,0.08
07:38:33,"[134.95, 43]","[120.03, 92]","[428.67, 36]","[474.0, 20]",281.81,191,293.71,0.41
07:38:34,"[140.11, 9]","[139.11, 38]","[462.0, 12]","[477.0, 6]",301.06,65,321.89,0.45
07:38:35,"[139.0, 96]","[138.0, 18]","[472.71, 14]","[528.64, 22]",305.86,150,333.71,0.52
07:38:36,"[139.0, 112]","[138.0, 21]","[401.89, 18]","[489.0, 24]",270.44,175,262.89,0.52
07:38:37,"[139.04, 78]","[138.5, 30]","[232.5, 16]","[295.6, 20]",185.77,144,93.46,0.5
07:38:38,"[139.05, 110]","[138.56, 54]","[228.92, 26]","[230.2, 30]",183.99,220,89.87,0.49
07:38:39,"[141.03, 59]","[138.82, 49]","[226.36, 22]","[227.33, 18]",183.7,148,85.33,0.46
07:38:40,"[143.0, 54]","[139.0, 72]","[223.58, 19]","[224.54, 26]",183.29,171,80.58,0.47
07:38:41,"[143.0, 48]","[139.0, 64]","[223.22, 18]","[244.4, 20]",183.11,150,80.22,0.49
07:38:42,"[143.0, 22]","[139.0, 72]","[223.59, 17]","[266.95, 19]",183.29,130,80.59,0.45
07:38:43,"[144.83, 48]","[142.8, 10]","[201.17, 6]","[222.75, 8]",173.0,72,56.33,0.61
07:38:44,"[145.0, 106]","[143.0, 20]","[188.35, 26]","[192.19, 16]",166.67,168,43.35,0.5
07:38:45,"[145.0, 84]","[143.0, 24]","[185.56, 16]","[187.62, 16]",165.28,140,40.56,0.54
07:38:46,"[145.0, 70]","[143.0, 20]","[180.92, 12]","[183.3, 10]",162.96,112,35.92,0.61
07:38:47,"[145.0, 91]","[143.0, 26]","[178.35, 17]","[180.13, 23]",161.68,157,33.35,0.49
07:38:48,"[145.0, 77]","[143.0, 42]","[176.09, 11]","[177.27, 11]",160.55,141,31.09,0.69
07:38:49,"[145.0, 112]","[143.0, 64]","[171.56, 16]","[172.62, 16]",158.28,208,26.56,0.69
07:38:50,"[145.0, 91]","[143.0, 52]","[169.15, 13]","[170.15, 13]",157.08,169,24.15,0.69
07:38:51,"[145.0, 84]","[143.0, 48]","[163.06, 33]","[163.94, 18]",154.03,183,18.06,0.44
07:38:52,"[145.56, 63]","[144.51, 65]","[158.26, 23]","[160.38, 32]",151.91,183,12.71,0.4
07:38:53,"[146.0, 65]","[145.0, 91]","[155.85, 40]","[156.37, 19]",150.93,215,9.85,0.45
07:38:54,"[146.0, 85]","[145.0, 119]","[151.42, 38]","[152.65, 20]",148.71,262,5.42,0.56
07:38:55,"[145.56, 77]","[144.65, 85]","[147.27, 15]","[248.77, 57]",146.41,234,1.71,0.38
07:38:56,"[144.83, 36]","[141.94, 49]","[146.0, 13]","[430.8, 25]",145.42,123,1.17,0.38
07:38:57,"[145.0, 28]","[141.07, 116]","[228.44, 18]","[374.67, 42]",186.72,204,83.44,0.41
07:38:58,"[145.0, 28]","[141.0, 155]","[319.91, 44]","[359.91, 35]",232.45,262,174.91,0.4
07:38:59,"[145.0, 14]","[141.0, 140]","[460.32, 34]","[584.56, 16]",302.66,204,315.32,0.51
07:39:00,"[141.76, 37]","[140.64, 122]","[332.0, 10]","[518.0, 40]",236.88,209,190.24,0.52
07:39:01,"[141.0, 80]","[140.0, 32]","[221.18, 17]","[410.96, 23]",181.09,152,80.18,0.47
07:39:02,"[144.61, 36]","[141.88, 50]","[513.22, 23]","[702.12, 17]",328.91,126,368.61,0.37
07:39:03,"[142.15, 39]","[140.71, 42]","[310.5, 6]","[723.0, 24]",226.33,111,168.35,0.46
07:39:04,"[141.0, 70]","[140.0, 28]","[213.33, 15]","[310.3, 27]",177.17,140,72.33,0.4
07:39:05,"[141.0, 96]","[140.0, 40]","[213.0, 50]","[305.96, 46]",177.0,232,72.0,0.17
07:39:06,"[141.0, 61]","[139.76, 42]","[202.11, 45]","[275.76, 33]",171.56,181,61.11,0.14
07:39:07,"[141.0, 44]","[139.38, 80]","[186.76, 54]","[215.28, 18]",163.88,196,45.76,0.27
07:39:08,"[141.29, 63]","[140.13, 46]","[182.33, 45]","[230.0, 9]",161.81,163,41.05,0.34
07:39:09,"[147.0, 27]","[141.0, 54]","[180.44, 45]","[228.08, 13]",163.72,139,33.44,0.17
07:39:10,"[147.0, 33]","[141.0, 66]","[177.55, 55]","[214.38, 52]",162.27,206,30.55,-0.04
07:39:11,"[141.0, 60]","[140.0, 60]","[176.52, 58]","[202.86, 56]",158.76,234,35.52,0.03
07:39:12,"[141.0, 130]","[140.0, 79]","[172.17, 66]","[173.43, 60]",156.58,335,31.17,0.25
07:39:13,"[141.0, 120]","[140.0, 60]","[168.0, 48]","[169.0, 60]",154.5,288,27.0,0.25
07:39:14,"[141.78, 77]","[140.41, 59]","[166.92, 49]","[167.88, 41]",154.35,226,25.14,0.2
07:39:15,"[145.0, 55]","[141.0, 88]","[163.55, 44]","[165.12, 49]",154.27,236,18.55,0.21
07:39:16,"[145.0, 17]","[141.0, 72]","[159.67, 36]","[160.67, 36]",152.33,161,14.67,0.11
07:39:17,"[145.0, 18]","[141.0, 72]","[156.37, 38]","[157.39, 41]",150.68,169,11.37,0.07
07:39:18,"[145.0, 24]","[141.0, 96]","[152.0, 51]","[152.98, 53]",148.5,224,7.0,0.07
07:39:19,"[145.0, 16]","[141.0, 64]","[149.18, 33]","[151.59, 39]",147.09,152,4.18,0.05
07:39:20,"[141.92, 52]","[140.66, 73]","[146.32, 47]","[147.23, 52]",144.12,224,4.4,0.12
07:39:21,"[141.0, 80]","[140.0, 50]","[144.0, 43]","[145.0, 43]",142.5,216,3.0,0.2
07:39:22,"[141.0, 121]","[140.0, 85]","[142.26, 54]","[143.7, 54]",141.63,314,1.26,0.31
07:39:23,"[139.77, 39]","[138.93, 40]","[150.45, 44]","[345.82, 28]",145.11,151,10.69,0.05
07:39:24,"[138.79, 19]","[137.43, 14]","[230.69, 29]","[353.82, 39]",184.74,101,91.9,-0.35
07:39:25,"[142.67, 39]","[138.8, 20]","[210.55, 33]","[213.0, 55]",176.61,147,67.88,-0.2
07:39:26,"[144.33, 36]","[142.2, 30]","[196.15, 26]","[423.08, 37]",170.24,129,51.82,0.02
07:39:27,"[145.0, 47]","[141.4, 40]","[166.11, 56]","[167.4, 35]",155.55,178,21.11,-0.02
07:39:28,"[145.75, 36]","[143.75, 72]","[164.1, 50]","[165.37, 46]",154.93,204,18.35,0.06
07:39:29,"[146.0, 20]","[145.0, 42]","[162.79, 42]","[163.86, 64]",154.39,168,16.79,-0.26
07:39:30,"[146.0, 16]","[145.0, 48]","[160.69, 48]","[163.18, 62]",153.34,174,14.69,-0.26
07:39:31,"[143.07, 127]","[141.61, 59]","[160.0, 45]","[163.39, 59]",151.54,290,16.93,0.28
07:39:32,"[143.0, 120]","[141.0, 60]","[157.54, 54]","[158.93, 42]",150.27,276,14.54,0.3
07:39:33,"[143.0, 128]","[141.0, 70]","[155.0, 48]","[156.28, 64]",149.0,310,12.0,0.28
07:39:34,"[143.0, 64]","[141.0, 60]","[153.17, 36]","[156.0, 60]",148.08,220,10.17,0.13
07:39:35,"[145.91, 44]","[142.36, 47]","[152.17, 35]","[154.32, 53]",149.04,179,6.26,0.02
07:39:36,"[147.0, 52]","[143.0, 52]","[149.47, 55]","[150.6, 63]",148.24,222,2.47,-0.06
07:39:37,"[147.0, 34]","[143.15, 52]","[148.59, 51]","[149.46, 65]",147.79,202,1.59,-0.15
07:39:38,"[143.44, 18]","[141.73, 44]","[148.83, 30]","[150.0, 30]",146.14,122,5.39,0.02
07:39:39,"[141.55, 58]","[139.64, 66]","[148.0, 50]","[150.0, 50]",144.78,224,6.45,0.11
07:39:40,"[141.0, 45]","[138.0, 45]","[145.56, 45]","[146.78, 45]",143.28,180,4.56,0.0
07:39:41,"[141.0, 40]","[138.25, 20]","[144.75, 40]","[146.0, 40]",142.88,140,3.75,-0.14
07:39:42,"[141.0, 67]","[139.41, 17]","[143.35, 85]","[145.06, 85]",142.18,254,2.35,-0.34
07:39:43,"[140.5, 16]","[137.85, 20]","[143.03, 58]","[173.06, 32]",141.77,126,2.53,-0.43
07:39:44,"[140.0, 9]","[139.0, 9]","[142.49, 41]","[195.14, 29]",141.24,88,2.49,-0.59
07:39:45,"[140.0, 12]","[139.0, 12]","[142.0, 60]","[265.36, 22]",141.0,106,2.0,-0.55
07:39:46,"[136.06, 145]","[135.07, 112]","[140.44, 41]","[162.0, 37]",138.25,335,4.38,0.53
07:39:47,"[136.0, 97]","[135.0, 120]","[197.33, 12]","[428.79, 24]",166.67,253,61.33,0.72
07:39:48,"[136.77, 43]","[132.07, 54]","[227.1, 30]","[353.18, 33]",181.93,160,90.33,0.21
07:39:49,"[141.0, 30]","[138.0, 10]","[143.6, 20]","[259.61, 38]",142.3,98,2.6,-0.18
07:39:50,"[142.54, 74]","[140.5, 48]","[230.48, 21]","[370.17, 60]",186.51,203,87.94,0.2
07:39:51,"[139.91, 35]","[138.4, 15]","[331.73, 33]","[693.73, 51]",235.82,134,191.81,-0.25
07:39:52,"[139.0, 18]","[138.0, 6]","[354.58, 19]","[684.33, 24]",246.79,67,215.58,-0.28
07:39:53,"[139.95, 61]","[138.96, 25]","[243.31, 39]","[614.41, 34]",191.63,159,103.36,0.08
07:39:54,"[141.69, 54]","[136.04, 51]","[193.0, 65]","[619.72, 43]",167.34,213,51.31,-0.01
07:39:55,"[147.0, 54]","[137.0, 12]","[192.54, 26]","[231.45, 22]",169.77,114,45.54,0.16
07:39:56,"[147.0, 81]","[143.0, 9]","[218.91, 33]","[283.0, 39]",182.95,162,71.91,0.11
07:39:57,"[147.0, 99]","[143.0, 11]","[225.54, 28]","[235.26, 34]",186.27,172,78.54,0.28
07:39:58,"[147.0, 90]","[143.0, 10]","[223.9, 10]","[225.0, 30]",185.45,140,76.9,0.43
07:39:59,"[147.0, 54]","[143.0, 6]","[222.4, 10]","[224.71, 14]",184.7,84,75.4,0.43
07:40:00,"[147.0, 36]","[143.0, 4]","[222.0, 12]","[223.0, 4]",184.5,56,75.0,0.43
07:40:01,"[147.0, 89]","[143.0, 11]","[178.89, 27]","[194.65, 31]",162.94,158,31.89,0.27
07:40:02,"[147.0, 27]","[143.0, 12]","[156.08, 12]","[158.0, 36]",151.54,87,9.08,-0.1
07:40:03,"[147.0, 13]","[144.11, 18]","[154.89, 19]","[209.27, 33]",150.95,83,7.89,-0.25
07:40:04,"[146.83, 23]","[144.89, 19]","[153.25, 12]","[173.0, 34]",150.04,88,6.42,-0.05
07:40:05,"[147.0, 33]","[145.31, 26]","[153.0, 11]","[197.0, 55]",150.0,125,6.0,-0.06
07:40:06,"[147.0, 29]","[146.0, 44]","[152.71, 14]","[196.14, 51]",149.86,138,5.71,0.06
07:40:07,"[147.0, 18]","[146.0, 36]","[151.0, 26]","[151.92, 26]",149.0,106,4.0,0.02
07:40:08,"[146.23, 26]","[145.55, 22]","[149.64, 22]","[151.5, 12]",147.93,82,3.41,0.17
07:40:09,"[145.48, 23]","[144.25, 16]","[147.38, 13]","[177.44, 27]",146.43,79,1.91,-0.01
07:40:10,"[145.0, 20]","[142.14, 14]","[146.27, 11]","[426.48, 29]",145.64,74,1.27,-0.08
07:40:11,"[145.0, 14]","[141.0, 18]","[418.37, 27]","[505.22, 50]",281.69,109,273.37,-0.41
07:40:12,"[141.39, 18]","[139.41, 49]","[208.38, 32]","[430.6, 30]",174.88,129,66.99,0.04
07:40:13,"[140.0, 16]","[139.0, 156]","[252.79, 42]","[430.71, 42]",196.39,256,112.79,0.34
07:40:14,"[142.53, 32]","[139.04, 68]","[358.81, 27]","[489.86, 28]",250.67,155,216.28,0.29
07:40:15,"[143.0, 63]","[140.0, 7]","[239.84, 19]","[298.44, 18]",191.42,107,96.84,0.31
07:40:16,"[143.0, 40]","[140.0, 5]","[235.0, 15]","[258.0, 10]",189.0,70,92.0,0.29
07:40:17,"[143.0, 90]","[140.0, 9]","[264.11, 18]","[326.31, 35]",203.56,152,121.11,0.3
07:40:18,"[143.0, 105]","[140.0, 11]","[289.37, 35]","[378.23, 39]",216.19,190,146.37,0.22
07:40:19,"[143.0, 90]","[139.1, 58]","[238.34, 32]","[292.0, 33]",190.67,213,95.34,0.39
07:40:20,"[143.0, 63]","[140.0, 7]","[180.65, 17]","[219.0, 22]",161.82,109,37.65,0.28
07:40:21,"[143.0, 140]","[140.0, 16]","[154.06, 48]","[157.0, 32]",148.53,236,11.06,0.32
07:40:22,"[142.94, 100]","[139.35, 40]","[151.84, 51]","[155.71, 35]",147.39,226,8.9,0.24
07:40:23,"[140.0, 13]","[139.0, 169]","[149.2, 41]","[150.24, 50]",144.6,273,9.2,0.33
07:40:24,"[140.0, 37]","[138.78, 121]","[148.12, 50]","[149.2, 41]",144.06,249,8.12,0.27
07:40:25,"[140.26, 35]","[138.79, 126]","[147.35, 46]","[148.23, 52]",143.8,259,7.09,0.24
07:40:26,"[139.15, 92]","[138.31, 116]","[146.42, 24]","[147.43, 47]",142.78,279,7.26,0.49
07:40:27,"[141.0, 10]","[140.0, 50]","[144.06, 34]","[145.86, 14]",142.53,108,3.06,0.11
07:40:28,"[139.44, 54]","[138.79, 126]","[141.92, 49]","[143.06, 31]",140.68,260,2.47,0.38
07:40:29,"[139.0, 94]","[138.0, 117]","[236.05, 42]","[267.06, 47]",187.52,300,97.05,0.41
07:40:30,"[139.0, 98]","[138.0, 126]","[245.59, 39]","[288.73, 33]",192.29,296,106.59,0.51
07:40:31,"[139.09, 44]","[138.1, 70]","[159.88, 8]","[254.57, 28]",149.48,150,20.78,0.52
07:40:32,"[138.61, 46]","[137.91, 65]","[155.91, 11]","[215.4, 25]",147.26,147,17.3,0.51
07:40:33,"[141.85, 20]","[138.38, 65]","[154.58, 12]","[283.5, 36]",148.22,133,12.73,0.28
07:40:34,"[145.0, 4]","[139.0, 16]","[153.25, 4]","[232.0, 12]",149.12,36,8.25,0.11
07:40:35,"[140.45, 29]","[138.65, 52]","[163.5, 20]","[223.23, 39]",151.97,140,23.05,0.16
07:40:36,"[138.0, 54]","[136.0, 9]","[172.33, 27]","[173.5, 24]",155.17,114,34.33,0.11
07:40:37,"[138.53, 38]","[137.9, 63]","[170.15, 39]","[172.0, 39]",154.34,179,31.63,0.13
07:40:38,"[141.41, 34]","[138.15, 82]","[168.39, 49]","[171.6, 45]",154.9,210,26.98,0.1
07:40:39,"[145.88, 34]","[144.87, 62]","[163.61, 54]","[168.88, 48]",154.75,198,17.73,-0.03
07:40:40,"[145.0, 48]","[138.0, 124]","[152.5, 60]","[159.1, 62]",148.75,294,7.5,0.17
07:40:41,"[145.0, 51]","[138.0, 218]","[149.92, 49]","[154.11, 47]",147.46,365,4.92,0.47
07:40:42,"[139.18, 71]","[137.75, 55]","[146.36, 33]","[148.08, 26]",142.77,185,7.18,0.36
07:40:43,"[138.0, 70]","[136.0, 10]","[146.67, 27]","[207.59, 17]",142.33,124,8.67,0.29
07:40:44,"[142.42, 55]","[137.88, 67]","[149.0, 26]","[287.0, 27]",145.71,175,6.58,0.39
07:40:45,"[140.59, 56]","[138.1, 98]","[148.75, 24]","[277.0, 30]",144.67,208,8.16,0.48
07:40:46,"[142.75, 16]","[138.93, 97]","[146.55, 22]","[317.88, 16]",144.65,151,3.8,0.5
07:40:47,"[139.0, 61]","[138.0, 70]","[144.47, 38]","[175.79, 29]",141.74,198,5.47,0.32
07:40:48,"[139.0, 31]","[138.0, 77]","[142.15, 40]","[143.41, 37]",140.57,185,3.15,0.17
07:40:49,"[138.74, 31]","[137.35, 77]","[160.6, 20]","[209.47, 19]",149.67,147,21.86,0.47
07:40:50,"[140.01, 67]","[139.4, 25]","[188.81, 64]","[305.19, 16]",164.41,172,48.8,0.07
07:40:51,"[141.0, 15]","[140.0, 59]","[186.67, 60]","[211.45, 40]",163.83,174,45.67,-0.15
07:40:52,"[142.45, 33]","[141.0, 11]","[184.82, 44]","[186.18, 44]",163.64,132,42.36,-0.33
07:40:53,"[143.89, 27]","[141.0, 9]","[183.0, 36]","[185.56, 36]",163.44,108,39.11,-0.33
07:40:54,"[145.32, 22]","[141.0, 8]","[171.66, 29]","[178.6, 20]",158.49,79,26.34,-0.24
07:40:55,"[146.0, 18]","[141.0, 9]","[164.44, 36]","[180.55, 33]",155.22,96,18.44,-0.44
07:40:56,"[146.0, 20]","[141.0, 16]","[162.14, 58]","[165.49, 57]",154.07,151,16.14,-0.52
07:40:57,"[146.0, 10]","[141.0, 10]","[156.26, 39]","[157.66, 35]",151.13,94,10.26,-0.57
07:40:58,"[146.0, 14]","[143.15, 26]","[152.63, 52]","[153.74, 47]",149.32,139,6.63,-0.42
07:40:59,"[146.0, 14]","[145.0, 98]","[149.45, 49]","[150.55, 49]",147.72,210,3.45,0.07
07:41:00,"[143.13, 45]","[140.05, 59]","[145.81, 64]","[158.52, 66]",144.47,234,2.68,-0.11
07:41:01,"[140.0, 27]","[138.0, 54]","[143.59, 29]","[208.23, 26]",141.79,136,3.59,0.19
07:41:02,"[142.92, 199]","[139.4, 40]","[253.35, 40]","[543.29, 28]",198.14,307,110.43,0.56
07:41:03,"[143.57, 28]","[142.86, 84]","[464.42, 12]","[482.6, 10]",303.99,134,320.85,0.67
07:41:04,"[145.0, 7]","[143.0, 70]","[398.78, 9]","[418.73, 11]",271.89,97,253.78,0.59
07:41:05,"[143.49, 57]","[142.75, 111]","[283.9, 20]","[365.62, 16]",213.7,204,140.41,0.65
07:41:06,"[143.0, 91]","[140.0, 22]","[260.82, 11]","[280.36, 11]",201.91,135,117.82,0.67
07:41:07,"[143.0, 65]","[140.0, 26]","[152.15, 13]","[314.6, 20]",147.58,124,9.15,0.47
07:41:08,"[143.0, 50]","[139.07, 30]","[150.4, 10]","[202.94, 17]",146.7,107,7.4,0.5
07:41:09,"[142.86, 63]","[138.36, 66]","[148.61, 18]","[159.0, 26]",145.73,173,5.75,0.49
07:41:10,"[138.3, 61]","[136.27, 135]","[146.62, 16]","[151.44, 18]",142.46,230,8.33,0.7
07:41:11,"[142.41, 34]","[137.45, 33]","[144.43, 7]","[145.43, 7]",143.42,81,2.02,0.65
07:41:12,"[142.64, 42]","[137.56, 41]","[144.0, 9]","[209.0, 9]",143.32,101,1.36,0.64
07:41:13,"[139.0, 55]","[138.0, 33]","[143.82, 11]","[410.1, 20]",141.41,119,4.82,0.48
07:41:14,"[142.37, 65]","[140.93, 73]","[327.13, 23]","[473.68, 38]",234.75,199,184.76,0.39
07:41:15,"[143.0, 40]","[142.0, 40]","[336.88, 16]","[556.75, 8]",239.94,104,193.88,0.54
07:41:16,"[143.8, 50]","[142.8, 50]","[258.0, 20]","[582.0, 50]",200.9,170,114.2,0.18
07:41:17,"[144.0, 50]","[143.0, 50]","[187.1, 20]","[485.3, 50]",165.55,170,43.1,0.18
07:41:18,"[144.0, 55]","[143.0, 55]","[185.0, 22]","[346.18, 55]",164.5,187,41.0,0.18
07:41:19,"[144.0, 24]","[143.0, 45]","[203.33, 39]","[234.33, 45]",173.67,153,59.33,-0.1
07:41:20,"[144.92, 26]","[143.0, 65]","[148.0, 65]","[381.46, 65]",146.46,221,3.08,-0.18
07:41:21,"[145.0, 26]","[143.0, 65]","[242.52, 44]","[299.74, 53]",193.76,188,97.52,-0.03
07:41:22,"[145.71, 34]","[143.75, 32]","[220.12, 17]","[221.29, 35]",182.91,118,74.41,0.12
07:41:23,"[146.0, 29]","[145.0, 92]","[217.32, 25]","[218.23, 26]",181.66,172,71.32,0.41
07:41:24,"[146.96, 92]","[145.2, 40]","[203.78, 18]","[210.33, 18]",175.37,168,56.82,0.57
07:41:25,"[147.0, 143]","[146.0, 13]","[178.3, 27]","[193.0, 20]",162.65,203,31.3,0.54
07:41:26,"[147.0, 154]","[146.0, 14]","[175.38, 34]","[177.42, 52]",161.19,254,28.38,0.32
07:41:27,"[147.0, 110]","[146.0, 10]","[171.28, 29]","[172.31, 35]",159.14,184,24.28,0.3
07:41:28,"[147.0, 154]","[145.14, 176]","[167.73, 37]","[168.53, 34]",157.36,401,20.73,0.65
07:41:29,"[147.0, 181]","[146.0, 85]","[161.73, 49]","[163.48, 52]",154.37,367,14.73,0.45
07:41:30,"[147.0, 100]","[146.0, 65]","[156.54, 26]","[158.86, 44]",151.77,235,9.54,0.4
07:41:31,"[146.19, 62]","[145.08, 195]","[150.78, 41]","[151.47, 38]",148.49,336,4.59,0.53
07:41:32,"[146.0, 39]","[145.0, 198]","[147.43, 46]","[148.52, 31]",146.72,314,1.43,0.51
07:41:33,"[146.0, 11]","[145.0, 126]","[147.0, 35]","[167.1, 29]",146.5,201,1.0,0.36
07:41:34,"[146.0, 12]","[145.0, 216]","[147.0, 60]","[176.22, 36]",146.5,324,1.0,0.41
07:41:35,"[145.01, 138]","[144.64, 44]","[185.54, 41]","[286.44, 27]",165.28,250,40.52,0.46
07:41:36,"[145.0, 128]","[143.0, 8]","[177.67, 33]","[226.16, 19]",161.33,188,32.67,0.45
07:41:37,"[145.0, 176]","[143.0, 11]","[175.55, 44]","[266.91, 43]",160.27,274,30.55,0.36
07:41:38,"[145.0, 194]","[143.0, 13]","[174.46, 52]","[210.0, 13]",159.73,272,29.46,0.52
07:41:39,"[145.0, 112]","[143.0, 8]","[171.62, 32]","[208.0, 8]",158.31,160,26.62,0.5
07:41:40,"[145.0, 126]","[143.0, 9]","[170.89, 36]","[259.52, 21]",157.94,192,25.89,0.41
07:41:41,"[145.0, 182]","[143.0, 33]","[168.31, 52]","[250.0, 13]",156.65,280,23.31,0.54
07:41:42,"[145.0, 131]","[143.0, 39]","[164.51, 47]","[176.49, 35]",154.76,252,19.51,0.35
07:41:43,"[145.0, 80]","[143.0, 30]","[160.0, 32]","[161.54, 39]",152.5,181,15.0,0.22
07:41:44,"[145.0, 88]","[143.0, 31]","[157.08, 36]","[158.27, 44]",151.04,199,12.08,0.2
07:41:45,"[145.0, 104]","[143.0, 42]","[154.95, 61]","[156.22, 54]",149.98,261,9.95,0.12
07:41:46,"[145.0, 50]","[143.0, 40]","[152.1, 30]","[154.0, 40]",148.55,160,7.1,0.12
07:41:47,"[145.0, 50]","[143.0, 40]","[149.97, 35]","[152.16, 38]",147.49,163,4.97,0.1
07:41:48,"[145.0, 35]","[143.0, 28]","[147.86, 28]","[149.0, 28]",146.43,119,2.86,0.06
07:41:49,"[144.25, 32]","[142.45, 33]","[146.22, 36]","[184.44, 27]",145.24,128,1.97,0.02
07:41:50,"[142.31, 35]","[140.59, 32]","[144.71, 34]","[189.52, 31]",143.51,132,2.39,0.02
07:41:51,"[139.92, 24]","[138.04, 76]","[144.0, 43]","[311.4, 43]",141.96,186,4.08,0.08
07:41:52,"[139.16, 51]","[138.0, 85]","[410.95, 38]","[563.0, 20]",275.05,194,271.79,0.4
07:41:53,"[138.0, 137]","[135.0, 70]","[601.17, 30]","[666.75, 20]",369.58,257,463.17,0.61
07:41:54,"[138.09, 43]","[137.26, 69]","[438.33, 12]","[566.22, 9]",288.21,133,300.24,0.68
07:41:55,"[138.0, 169]","[135.33, 73]","[287.86, 14]","[365.86, 14]",212.93,270,149.86,0.79
07:41:56,"[138.0, 48]","[136.41, 34]","[285.67, 6]","[288.0, 6]",211.83,94,147.67,0.74
07:41:57,"[138.11, 83]","[136.09, 66]","[269.05, 19]","[284.25, 20]",203.58,188,130.94,0.59
07:41:58,"[138.0, 104]","[135.0, 50]","[144.11, 28]","[156.91, 23]",141.05,205,6.11,0.5
07:41:59,"[138.0, 64]","[135.0, 15]","[146.0, 32]","[361.0, 32]",142.0,143,8.0,0.1
07:42:00,"[138.0, 66]","[135.0, 29]","[145.33, 27]","[351.06, 34]",141.67,156,7.33,0.22
07:42:01,"[138.0, 30]","[135.0, 18]","[143.18, 17]","[165.85, 13]",140.59,78,5.18,0.23
07:42:02,"[138.0, 52]","[135.0, 39]","[141.64, 25]","[168.07, 30]",139.82,146,3.64,0.25
07:42:03,"[138.0, 40]","[135.0, 29]","[214.0, 20]","[313.0, 36]",176.0,125,76.0,0.1
07:42:04,"[137.59, 44]","[126.38, 39]","[196.61, 41]","[225.64, 50]",167.1,174,59.02,-0.05
07:42:05,"[135.0, 12]","[79.38, 16]","[199.0, 18]","[401.0, 20]",167.0,66,64.0,-0.15
07:42:06,"[136.0, 8]","[113.57, 7]","[199.0, 15]","[372.0, 10]",167.5,40,63.0,-0.25
07:42:07,"[139.0, 7]","[135.0, 14]","[197.86, 21]","[353.0, 28]",168.43,70,58.86,-0.4
07:42:08,"[135.4, 20]","[79.59, 17]","[197.0, 33]","[284.55, 44]",166.2,114,61.6,-0.35
07:42:09,"[113.79, 42]","[95.73, 22]","[185.31, 39]","[294.6, 45]",149.55,148,71.52,-0.14
07:42:10,"[135.0, 21]","[107.52, 23]","[177.0, 38]","[248.69, 39]",156.0,121,42.0,-0.27
07:42:11,"[134.43, 21]","[118.33, 15]","[190.04, 28]","[279.12, 41]",162.23,105,55.61,-0.31
07:42:12,"[132.67, 6]","[113.75, 12]","[147.17, 18]","[169.14, 21]",139.92,57,14.5,-0.37
07:42:13,"[90.0, 23]","[24.88, 17]","[132.26, 38]","[149.38, 24]",111.13,102,42.26,-0.22
07:42:14,"[88.09, 23]","[33.83, 47]","[129.28, 36]","[130.4, 50]",108.68,156,41.19,-0.1
07:42:15,"[41.06, 17]","[23.0, 8]","[128.0, 5]","[129.8, 15]",84.53,45,86.94,0.11
07:42:16,"[50.2, 20]","[7.0, 5]","[128.0, 5]","[129.0, 15]",89.1,45,77.8,0.11
07:42:17,"[53.0, 16]","[18.0, 4]","[128.0, 4]","[129.0, 12]",90.5,36,75.0,0.11
07:42:18,"[53.0, 32]","[19.0, 8]","[128.5, 12]","[129.71, 28]",90.75,80,75.5,0.0
07:42:19,"[51.0, 31]","[27.79, 34]","[130.03, 39]","[131.35, 69]",90.51,173,79.03,-0.25
07:42:20,"[81.21, 24]","[73.35, 37]","[131.0, 37]","[132.0, 48]",106.1,146,49.79,-0.16
07:42:21,"[117.65, 23]","[103.58, 33]","[131.0, 40]","[132.0, 60]",124.33,156,13.35,-0.28
07:42:22,"[119.82, 28]","[118.33, 18]","[129.42, 38]","[131.33, 36]",124.62,120,9.6,-0.23
07:42:23,"[122.84, 49]","[121.71, 56]","[129.0, 66]","[131.0, 60]",125.92,231,6.16,-0.09
07:42:24,"[124.0, 65]","[123.0, 39]","[128.32, 25]","[129.31, 52]",126.16,181,4.32,0.15
07:42:25,"[125.66, 35]","[124.3, 53]","[128.53, 38]","[129.59, 51]",127.09,177,2.87,-0.01
07:42:26,"[126.52, 23]","[124.19, 47]","[129.0, 35]","[131.0, 33]",127.76,138,2.48,0.01
07:42:27,"[125.59, 22]","[124.54, 26]","[129.0, 18]","[131.0, 18]",127.3,84,3.41,0.14
07:42:28,"[128.0, 30]","[118.15, 13]","[130.33, 18]","[131.73, 22]",129.17,83,2.33,0.04
07:42:29,"[128.29, 35]","[108.86, 7]","[131.18, 22]","[132.08, 26]",129.73,90,2.9,-0.07
07:42:30,"[130.33, 45]","[63.89, 27]","[132.0, 33]","[133.0, 18]",131.17,123,1.67,0.17
07:42:31,"[73.21, 24]","[32.2, 20]","[133.53, 17]","[134.79, 28]",103.37,89,60.32,-0.01
07:42:32,"[112.0, 9]","[52.33, 36]","[133.2, 10]","[134.06, 17]",122.6,72,21.2,0.25
07:42:33,"[120.4, 35]","[104.23, 30]","[134.0, 18]","[135.0, 9]",127.2,92,13.6,0.41
07:42:34,"[128.62, 26]","[123.87, 46]","[134.0, 20]","[135.0, 10]",131.31,102,5.38,0.41
07:42:35,"[132.89, 36]","[123.48, 83]","[142.95, 20]","[246.0, 20]",137.92,159,10.06,0.5
07:42:36,"[141.43, 14]","[142.96, 56]","[167.67, 9]","[390.0, 27]",154.55,106,26.24,0.32
07:42:37,"[147.0, 7]","[146.0, 49]","[166.14, 7]","[184.67, 9]",156.57,72,19.14,0.56
07:42:38,"[147.0, 9]","[146.0, 63]","[163.78, 9]","[167.0, 9]",155.39,90,16.78,0.6
07:42:39,"[147.0, 8]","[146.0, 56]","[163.0, 8]","[167.0, 8]",155.0,80,16.0,0.6
07:42:40,"[147.0, 12]","[146.0, 84]","[162.0, 12]","[163.0, 12]",154.5,120,15.0,0.6
07:42:41,"[146.09, 44]","[145.64, 44]","[160.0, 12]","[161.0, 12]",153.05,112,13.91,0.57
07:42:42,"[146.0, 43]","[145.0, 20]","[158.1, 10]","[160.0, 10]",152.05,83,12.1,0.52
07:42:43,"[145.76, 42]","[143.63, 51]","[155.15, 13]","[156.15, 13]",150.46,119,9.39,0.56
07:42:44,"[143.29, 56]","[141.74, 76]","[154.58, 12]","[156.0, 12]",148.93,156,11.3,0.69
07:42:45,"[144.49, 47]","[142.56, 54]","[153.33, 9]","[156.0, 9]",148.91,119,8.84,0.7
07:42:46,"[145.0, 40]","[143.0, 48]","[151.25, 8]","[156.0, 8]",148.12,104,6.25,0.69
07:42:47,"[145.0, 55]","[143.0, 66]","[149.64, 11]","[153.64, 11]",147.32,143,4.64,0.69
07:42:48,"[144.8, 40]","[142.81, 62]","[148.0, 13]","[309.8, 25]",146.4,140,3.2,0.46
07:42:49,"[143.0, 36]","[141.0, 54]","[146.53, 17]","[280.92, 25]",144.76,132,3.53,0.36
07:42:50,"[143.0, 40]","[141.0, 60]","[145.2, 50]","[147.0, 10]",144.1,160,2.2,0.25
07:42:51,"[143.0, 34]","[141.0, 60]","[144.0, 50]","[196.3, 10]",143.5,154,1.0,0.22
07:42:52,"[142.3, 23]","[140.79, 38]","[143.97, 31]","[190.91, 11]",143.14,103,1.66,0.18
07:42:53,"[141.0, 31]","[140.0, 32]","[142.25, 20]","[147.0, 28]",141.62,111,1.25,0.14
07:42:54,"[141.1, 40]","[138.24, 68]","[157.11, 53]","[245.11, 53]",149.11,214,16.01,0.01
07:42:55,"[147.0, 20]","[140.0, 40]","[408.43, 14]","[426.65, 34]",277.71,108,261.43,0.11
07:42:56,"[143.09, 35]","[135.91, 90]","[268.61, 33]","[279.3, 43]",205.85,201,125.52,0.24
07:42:57,"[143.0, 99]","[140.0, 9]","[246.76, 17]","[249.9, 42]",194.88,167,103.76,0.29
07:42:58,"[143.0, 143]","[140.0, 13]","[221.95, 21]","[239.42, 24]",182.48,201,78.95,0.55
07:42:59,"[143.08, 73]","[141.12, 16]","[211.6, 35]","[221.08, 26]",177.34,150,68.52,0.19
07:43:00,"[145.57, 35]","[144.0, 60]","[218.31, 32]","[219.81, 43]",181.94,170,72.74,0.12
07:43:01,"[146.0, 32]","[145.0, 48]","[208.81, 31]","[214.39, 41]",177.4,152,62.81,0.05
07:43:02,"[146.0, 21]","[145.0, 42]","[193.36, 56]","[195.91, 43]",169.68,162,47.36,-0.22
07:43:03,"[144.38, 24]","[143.53, 57]","[189.83, 47]","[192.6, 50]",167.1,178,45.45,-0.09
07:43:04,"[142.78, 18]","[140.89, 18]","[183.38, 16]","[189.38, 26]",163.08,78,40.6,-0.08
07:43:05,"[144.89, 72]","[141.12, 17]","[186.26, 31]","[189.91, 47]",165.57,167,41.37,0.07
07:43:06,"[145.0, 35]","[143.0, 14]","[184.43, 14]","[190.0, 21]",164.71,84,39.43,0.17
07:43:07,"[145.0, 50]","[143.0, 20]","[182.76, 29]","[184.86, 21]",163.88,120,37.76,0.17
07:43:08,"[145.0, 50]","[143.0, 20]","[181.33, 30]","[182.91, 22]",163.17,122,36.33,0.15
07:43:09,"[145.0, 75]","[143.0, 30]","[170.26, 46]","[172.28, 29]",157.63,180,25.26,0.17
07:43:10,"[145.0, 45]","[143.0, 18]","[166.78, 36]","[169.0, 18]",155.89,117,21.78,0.08
07:43:11,"[145.0, 60]","[143.0, 24]","[163.69, 26]","[165.12, 32]",154.35,142,18.69,0.18
07:43:12,"[145.0, 80]","[143.0, 32]","[157.43, 42]","[158.25, 40]",151.21,194,12.43,0.15
07:43:13,"[145.0, 65]","[143.0, 38]","[153.67, 42]","[154.81, 54]",149.33,199,8.67,0.04
07:43:14,"[144.33, 30]","[142.6, 25]","[148.91, 44]","[149.89, 36]",146.62,135,4.58,-0.19
07:43:15,"[141.21, 57]","[139.28, 47]","[143.53, 38]","[144.96, 46]",142.37,188,2.32,0.11
07:43:16,"[139.0, 30]","[138.0, 24]","[140.92, 24]","[142.33, 24]",139.96,102,1.92,0.06
07:43:17,"[139.0, 5]","[138.0, 5]","[140.6, 10]","[141.6, 10]",139.8,30,1.6,-0.33
07:43:18,"[136.25, 16]","[110.89, 18]","[139.71, 17]","[308.33, 30]",137.98,81,3.46,-0.16
07:43:19,"[135.0, 24]","[85.9, 60]","[137.67, 21]","[296.24, 21]",136.33,126,2.67,0.33
07:43:20,"[136.11, 36]","[119.23, 52]","[416.06, 32]","[522.75, 40]",276.09,160,279.95,0.1
07:43:21,"[145.42, 66]","[141.74, 38]","[210.31, 29]","[497.86, 44]",177.87,177,64.89,0.18
07:43:22,"[147.0, 94]","[146.0, 55]","[220.0, 22]","[268.91, 44]",183.5,215,73.0,0.39
07:43:23,"[147.0, 94]","[146.0, 70]","[273.33, 24]","[400.11, 56]",210.17,244,126.33,0.34
07:43:24,"[146.64, 42]","[145.83, 54]","[324.38, 42]","[412.07, 58]",235.51,196,177.74,-0.02
07:43:25,"[146.0, 42]","[145.0, 42]","[234.78, 59]","[404.18, 55]",190.39,198,88.78,-0.15
07:43:26,"[146.0, 10]","[145.0, 30]","[193.51, 37]","[227.59, 29]",169.76,106,47.51,-0.25
07:43:27,"[141.2, 25]","[136.33, 15]","[200.88, 41]","[344.95, 22]",171.04,103,59.68,-0.22
07:43:28,"[141.0, 12]","[134.0, 6]","[197.83, 18]","[199.05, 22]",169.42,58,56.83,-0.38
07:43:29,"[141.0, 34]","[138.68, 41]","[193.42, 71]","[194.48, 56]",167.21,202,52.42,-0.26
07:43:30,"[139.45, 29]","[136.79, 29]","[159.74, 70]","[159.68, 59]",149.6,187,20.29,-0.38
07:43:31,"[133.22, 9]","[80.73, 15]","[141.5, 32]","[142.73, 33]",137.36,89,8.28,-0.46
07:43:32,"[133.55, 11]","[112.62, 16]","[141.0, 33]","[142.0, 44]",137.27,104,7.45,-0.48
07:43:33,"[134.92, 12]","[133.17, 12]","[140.5, 30]","[142.0, 48]",137.71,102,5.58,-0.53
07:43:34,"[134.33, 18]","[108.4, 25]","[139.35, 34]","[150.56, 70]",136.84,147,5.02,-0.41
07:43:35,"[132.66, 35]","[126.28, 25]","[141.22, 46]","[163.65, 34]",136.94,140,8.56,-0.14
07:43:36,"[108.1, 29]","[99.39, 46]","[140.21, 24]","[262.92, 52]",124.16,151,32.1,-0.01
07:43:37,"[136.62, 21]","[114.87, 15]","[141.0, 44]","[231.58, 53]",138.81,133,4.38,-0.46
07:43:38,"[138.18, 22]","[134.31, 26]","[141.0, 52]","[166.73, 59]",139.59,159,2.82,-0.4
07:43:39,"[139.0, 13]","[138.0, 26]","[203.74, 31]","[305.4, 53]",171.37,123,64.74,-0.37
07:43:40,"[139.71, 7]","[138.0, 14]","[242.36, 11]","[326.44, 32]",191.04,64,102.65,-0.34
07:43:41,"[142.75, 24]","[139.73, 15]","[157.69, 65]","[326.57, 28]",150.22,132,14.94,-0.41
07:43:42,"[142.91, 23]","[140.54, 13]","[144.0, 68]","[230.33, 36]",143.46,140,1.09,-0.49
07:43:43,"[146.48, 69]","[139.25, 55]","[171.08, 25]","[267.58, 31]",158.78,180,24.6,0.38
07:43:44,"[147.0, 54]","[141.0, 6]","[157.0, 6]","[285.14, 21]",152.0,87,10.0,0.38
07:43:45,"[147.0, 117]","[141.0, 13]","[156.0, 21]","[272.35, 57]",151.5,208,9.0,0.25
07:43:46,"[147.0, 81]","[141.0, 9]","[153.68, 31]","[221.2, 41]",150.34,162,6.68,0.11
07:43:47,"[147.0, 72]","[141.31, 13]","[149.07, 59]","[150.6, 45]",148.03,189,2.07,-0.1
07:43:48,"[143.0, 13]","[141.0, 13]","[149.77, 39]","[242.1, 50]",146.38,115,6.77,-0.55
07:43:49,"[143.0, 20]","[141.0, 12]","[145.63, 19]","[148.73, 30]",144.32,81,2.63,-0.21
07:43:50,"[143.19, 32]","[139.61, 46]","[144.97, 38]","[180.03, 34]",144.08,150,1.79,0.04
07:43:51,"[142.0, 12]","[139.08, 75]","[150.29, 21]","[203.5, 24]",146.14,132,8.29,0.32
07:43:52,"[139.11, 37]","[138.62, 26]","[181.0, 14]","[318.14, 35]",160.05,112,41.89,0.12
07:43:53,"[139.0, 42]","[138.0, 12]","[211.56, 16]","[340.1, 31]",175.28,101,72.56,0.07
07:43:54,"[139.13, 23]","[138.18, 22]","[199.83, 18]","[213.52, 29]",169.48,92,60.7,-0.02
07:43:55,"[140.65, 17]","[139.0, 44]","[215.44, 43]","[463.22, 54]",178.04,158,74.79,-0.23
07:43:56,"[141.0, 64]","[139.0, 40]","[186.0, 44]","[372.98, 40]",163.5,188,45.0,0.11
07:43:57,"[139.53, 38]","[138.53, 15]","[192.17, 23]","[364.34, 29]",165.85,105,52.65,0.01
07:43:58,"[139.36, 22]","[138.8, 20]","[429.54, 26]","[642.42, 26]",284.45,94,290.17,-0.11
07:43:59,"[134.91, 11]","[96.16, 37]","[375.5, 32]","[502.73, 33]",255.2,113,240.59,-0.15
07:44:00,"[117.43, 14]","[100.36, 44]","[263.62, 32]","[412.0, 23]",190.53,113,146.2,0.03
07:44:01,"[118.04, 46]","[84.69, 52]","[129.0, 26]","[174.33, 12]",123.52,136,10.96,0.44
07:44:02,"[78.56, 64]","[68.37, 70]","[129.0, 36]","[130.0, 10]",103.78,180,50.44,0.49
07:44:03,"[82.49, 45]","[64.4, 45]","[349.0, 21]","[521.71, 14]",215.74,125,266.51,0.44
07:44:04,"[143.41, 17]","[101.61, 36]","[334.0, 18]","[376.5, 12]",238.71,83,190.59,0.28
07:44:05,"[145.0, 49]","[143.0, 14]","[261.86, 21]","[379.86, 14]",203.43,98,116.86,0.29
07:44:06,"[146.0, 43]","[143.0, 14]","[232.65, 23]","[337.38, 16]",189.33,96,86.65,0.19
07:44:07,"[146.0, 45]","[143.0, 18]","[222.87, 30]","[234.69, 26]",184.43,119,76.87,0.06
07:44:08,"[146.0, 60]","[144.05, 42]","[218.18, 44]","[228.81, 37]",182.09,183,72.18,0.11
07:44:09,"[145.43, 58]","[144.8, 61]","[213.0, 32]","[214.0, 24]",179.22,175,67.57,0.36
07:44:10,"[145.0, 57]","[143.0, 22]","[212.0, 44]","[294.89, 19]",178.5,142,67.0,0.11
07:44:11,"[145.0, 21]","[143.0, 14]","[211.0, 28]","[479.26, 19]",178.0,82,66.0,-0.15
07:44:12,"[145.0, 30]","[143.0, 20]","[202.21, 38]","[371.23, 22]",173.61,110,57.21,-0.09
07:44:13,"[145.0, 30]","[143.0, 20]","[153.77, 13]","[155.52, 29]",149.38,92,8.77,0.09
07:44:14,"[144.47, 30]","[142.57, 28]","[151.56, 18]","[152.95, 42]",148.01,118,7.09,-0.02
07:44:15,"[143.0, 22]","[141.46, 26]","[150.91, 35]","[151.4, 20]",146.96,103,7.91,-0.07
07:44:16,"[143.0, 20]","[141.0, 20]","[148.62, 16]","[149.29, 34]",145.81,90,5.62,-0.11
07:44:17,"[142.09, 22]","[139.75, 32]","[145.25, 20]","[146.47, 17]",143.67,91,3.16,0.19
07:44:18,"[141.0, 21]","[139.0, 48]","[143.14, 14]","[144.62, 16]",142.07,99,2.14,0.39
07:44:19,"[139.0, 13]","[138.0, 138]","[257.0, 6]","[325.8, 10]",198.0,167,118.0,0.81
07:44:20,"[139.0, 4]","[138.0, 92]","[293.57, 7]","[308.5, 4]",216.29,107,154.57,0.79
07:44:21,"[139.0, 4]","[138.0, 92]","[284.0, 16]","[302.0, 4]",211.5,116,145.0,0.66
07:44:22,"[143.57, 46]","[139.47, 91]","[225.59, 22]","[286.72, 50]",184.58,209,82.03,0.31
07:44:23,"[145.0, 16]","[140.43, 56]","[164.76, 37]","[166.31, 36]",154.88,145,19.76,-0.01
07:44:24,"[145.0, 10]","[143.0, 10]","[160.67, 12]","[161.89, 18]",152.83,50,15.67,-0.2
07:44:25,"[145.0, 11]","[143.0, 11]","[158.75, 32]","[159.7, 23]",151.88,77,13.75,-0.43
07:44:26,"[143.75, 16]","[139.71, 35]","[155.04, 28]","[155.52, 31]",149.39,110,11.29,-0.07
07:44:27,"[140.0, 56]","[138.08, 175]","[150.29, 24]","[151.58, 26]",145.15,281,10.29,0.64
07:44:28,"[141.25, 24]","[138.89, 28]","[147.11, 38]","[148.0, 27]",144.18,117,5.86,-0.11
07:44:29,"[143.38, 16]","[139.75, 16]","[145.62, 21]","[146.62, 24]",144.5,77,2.24,-0.17
07:44:30,"[140.43, 14]","[138.16, 32]","[143.56, 16]","[145.57, 14]",142.0,76,3.13,0.21
07:44:31,"[138.27, 15]","[136.36, 67]","[142.0, 27]","[143.0, 15]",140.13,124,3.73,0.32
07:44:32,"[138.0, 13]","[136.0, 65]","[140.23, 13]","[142.0, 13]",139.12,104,2.23,0.5
07:44:33,"[136.54, 41]","[135.64, 67]","[139.48, 27]","[169.0, 17]",138.01,152,2.94,0.42
07:44:34,"[136.0, 60]","[134.0, 24]","[137.83, 12]","[139.0, 12]",136.92,108,1.83,0.56
07:44:35,"[134.91, 33]","[130.22, 23]","[256.76, 25]","[272.77, 22]",195.83,103,121.85,0.09
07:44:36,"[127.93, 60]","[93.67, 40]","[191.0, 26]","[287.25, 24]",159.47,150,63.07,0.33
07:44:37,"[145.0, 146]","[136.0, 78]","[254.0, 13]","[313.23, 13]",199.5,250,109.0,0.79
07:44:38,"[145.63, 19]","[143.88, 48]","[172.0, 28]","[254.0, 7]",158.82,102,26.37,0.31
07:44:39,"[146.0, 26]","[145.0, 91]","[249.77, 43]","[448.28, 29]",197.88,189,103.77,0.24
07:44:40,"[146.0, 22]","[145.0, 77]","[221.11, 36]","[339.2, 30]",183.56,165,75.11,0.2
07:44:41,"[145.16, 38]","[139.9, 60]","[229.0, 22]","[230.0, 44]",187.08,164,83.84,0.2
07:44:42,"[142.92, 25]","[139.4, 20]","[228.0, 14]","[285.43, 23]",185.46,82,85.08,0.1
07:44:43,"[143.0, 35]","[141.0, 33]","[202.28, 25]","[274.6, 30]",172.64,123,59.28,0.11
07:44:44,"[141.43, 23]","[140.5, 30]","[168.6, 20]","[296.16, 31]",155.02,104,27.17,0.02
07:44:45,"[141.0, 28]","[140.0, 40]","[161.05, 19]","[163.27, 11]",151.03,98,20.05,0.39
07:44:46,"[141.55, 11]","[140.09, 35]","[161.0, 22]","[400.66, 29]",151.27,97,19.45,-0.05
07:44:47,"[143.0, 13]","[141.0, 13]","[160.13, 46]","[261.86, 29]",151.57,101,17.13,-0.49
07:44:48,"[144.18, 11]","[142.62, 8]","[159.86, 28]","[160.6, 20]",152.02,67,15.68,-0.43
07:44:49,"[145.29, 17]","[144.87, 23]","[159.67, 24]","[218.29, 28]",152.48,92,14.37,-0.13
07:44:50,"[146.0, 9]","[145.0, 36]","[158.31, 35]","[188.5, 28]",152.16,108,12.31,-0.17
07:44:51,"[146.0, 11]","[145.0, 44]","[156.0, 44]","[159.0, 33]",151.0,132,10.0,-0.17
07:44:52,"[146.0, 16]","[145.0, 73]","[155.69, 58]","[157.67, 54]",150.84,201,9.69,-0.11
07:44:53,"[146.0, 12]","[145.0, 84]","[154.07, 43]","[155.49, 41]",150.03,180,8.07,0.07
07:44:54,"[146.0, 15]","[145.0, 105]","[151.3, 54]","[152.73, 51]",148.65,225,5.3,0.07
07:44:55,"[146.0, 15]","[145.0, 105]","[148.53, 45]","[149.61, 54]",147.27,219,2.53,0.1
07:44:56,"[146.0, 8]","[145.0, 56]","[147.0, 24]","[148.0, 24]",146.5,112,1.0,0.14
07:44:57,"[145.02, 83]","[143.7, 40]","[146.75, 51]","[148.75, 48]",145.88,222,1.72,0.11
07:44:58,"[144.9, 40]","[142.8, 20]","[146.15, 39]","[195.61, 31]",145.53,130,1.25,-0.08
07:44:59,"[143.0, 24]","[141.0, 24]","[147.17, 36]","[221.82, 51]",145.08,135,4.17,-0.29
07:45:00,"[143.0, 22]","[141.0, 28]","[145.5, 42]","[278.71, 70]",144.25,162,2.5,-0.38
07:45:01,"[140.45, 22]","[139.57, 28]","[229.94, 34]","[333.73, 33]",185.2,117,89.49,-0.15
07:45:02,"[138.22, 27]","[136.26, 70]","[144.84, 38]","[145.57, 28]",141.53,163,6.62,0.19
07:45:03,"[136.62, 58]","[135.41, 68]","[143.46, 26]","[221.57, 28]",140.04,180,6.84,0.4
07:45:04,"[136.0, 64]","[134.0, 32]","[143.0, 16]","[492.19, 37]",139.5,149,7.0,0.29
07:45:05,"[136.0, 64]","[134.0, 32]","[142.12, 34]","[259.82, 22]",139.06,152,6.12,0.26
07:45:06,"[136.0, 104]","[134.0, 52]","[139.56, 34]","[143.58, 50]",137.78,240,3.56,0.3
07:45:07,"[136.0, 118]","[134.0, 68]","[138.16, 25]","[146.55, 44]",137.08,255,2.16,0.46
07:45:08,"[136.0, 50]","[134.0, 40]","[139.0, 10]","[257.91, 23]",137.5,123,3.0,0.46
07:45:09,"[136.18, 44]","[134.36, 44]","[138.09, 11]","[346.33, 45]",137.14,144,1.91,0.22
07:45:10,"[137.64, 28]","[136.0, 36]","[226.78, 41]","[315.47, 17]",182.21,122,89.14,0.05
07:45:11,"[143.1, 30]","[138.27, 33]","[342.0, 50]","[435.08, 13]",242.55,126,198.9,0.0
07:45:12,"[143.19, 32]","[138.68, 37]","[290.55, 55]","[500.2, 15]",216.87,139,147.36,-0.01
07:45:13,"[141.33, 21]","[137.22, 23]","[272.14, 35]","[304.16, 31]",206.74,110,130.81,-0.2
07:45:14,"[143.0, 44]","[140.0, 22]","[297.0, 55]","[386.0, 11]",220.0,132,154.0,0.0
07:45:15,"[143.0, 33]","[140.0, 24]","[286.67, 60]","[336.43, 56]",214.83,173,143.67,-0.34
07:45:16,"[139.14, 35]","[138.29, 28]","[216.82, 55]","[260.96, 53]",177.98,171,77.68,-0.26
07:45:17,"[138.0, 72]","[136.0, 32]","[187.62, 40]","[207.38, 40]",162.81,184,49.62,0.13
07:45:18,"[138.28, 75]","[136.68, 56]","[187.0, 55]","[194.0, 15]",162.64,201,48.72,0.3
07:45:19,"[146.4, 20]","[139.0, 63]","[186.93, 75]","[204.69, 39]",166.67,197,40.53,-0.16
07:45:20,"[147.0, 13]","[145.0, 13]","[185.46, 65]","[223.21, 57]",166.23,148,38.46,-0.65
07:45:21,"[147.0, 11]","[145.0, 11]","[183.64, 55]","[196.25, 51]",165.32,128,36.64,-0.66
07:45:22,"[146.25, 16]","[142.82, 22]","[180.94, 80]","[182.69, 80]",163.59,198,34.69,-0.62
07:45:23,"[145.0, 10]","[140.33, 54]","[178.8, 50]","[179.8, 50]",161.9,164,33.8,-0.22
07:45:24,"[145.0, 9]","[141.0, 27]","[178.0, 45]","[179.0, 45]",161.5,126,33.0,-0.43
07:45:25,"[142.75, 20]","[140.74, 38]","[176.83, 60]","[178.17, 60]",159.79,178,34.08,-0.35
07:45:26,"[140.0, 126]","[138.64, 76]","[175.57, 70]","[177.29, 70]",157.79,342,35.57,0.18
07:45:27,"[140.0, 126]","[139.0, 56]","[173.29, 70]","[174.57, 70]",156.64,322,33.29,0.13
07:45:28,"[141.38, 87]","[139.72, 100]","[157.1, 67]","[163.2, 51]",149.24,305,15.73,0.23
07:45:29,"[145.0, 80]","[140.0, 90]","[147.6, 50]","[149.3, 50]",146.3,270,2.6,0.26
07:45:30,"[140.51, 118]","[139.27, 66]","[145.63, 38]","[146.7, 54]",143.07,276,5.12,0.33
07:45:31,"[140.0, 68]","[139.0, 36]","[142.59, 17]","[145.84, 37]",141.29,158,2.59,0.32
07:45:32,"[140.0, 34]","[139.0, 44]","[329.92, 39]","[490.8, 35]",234.96,152,189.92,0.03
07:45:33,"[140.0, 11]","[139.0, 44]","[509.07, 45]","[604.07, 43]",324.53,143,369.07,-0.23
07:45:34,"[143.27, 15]","[139.03, 33]","[334.86, 21]","[375.77, 39]",239.06,108,191.59,-0.11
07:45:35,"[147.0, 44]","[140.0, 12]","[246.4, 40]","[271.73, 26]",196.7,122,99.4,-0.08
07:45:36,"[143.86, 28]","[138.51, 43]","[242.06, 67]","[243.06, 64]",192.96,202,98.2,-0.3
07:45:37,"[139.0, 22]","[138.0, 99]","[239.35, 49]","[240.73, 55]",189.17,225,100.35,0.08
07:45:38,"[139.0, 18]","[137.94, 65]","[176.67, 27]","[193.17, 23]",157.83,133,37.67,0.25
07:45:39,"[139.0, 42]","[136.0, 13]","[173.63, 59]","[174.39, 44]",156.31,158,34.63,-0.3
07:45:40,"[139.0, 48]","[136.0, 12]","[158.14, 21]","[168.42, 31]",148.57,112,19.14,0.07
07:45:41,"[134.48, 31]","[116.0, 31]","[144.46, 41]","[147.82, 49]",139.47,152,9.98,-0.18
07:45:42,"[128.88, 25]","[97.2, 25]","[146.63, 35]","[148.42, 24]",137.75,109,17.75,-0.08
07:45:43,"[144.0, 30]","[111.69, 59]","[146.7, 50]","[148.0, 20]",145.35,159,2.7,0.12
07:45:44,"[144.0, 24]","[138.0, 80]","[146.5, 22]","[148.88, 34]",145.25,160,2.5,0.3
07:45:45,"[141.71, 42]","[135.96, 106]","[147.67, 36]","[261.67, 60]",144.69,244,5.95,0.21
07:45:46,"[147.0, 26]","[138.0, 72]","[148.8, 25]","[299.22, 45]",147.9,168,1.8,0.17
07:45:47,"[147.0, 22]","[138.27, 88]","[148.18, 55]","[340.0, 33]",147.59,198,1.18,0.11
07:45:48,"[147.0, 24]","[139.37, 98]","[148.0, 60]","[357.86, 42]",147.5,224,1.0,0.09
07:45:49,"[143.2, 35]","[139.54, 52]","[148.0, 70]","[317.79, 70]",145.6,227,4.8,-0.23
07:45:50,"[143.05, 40]","[139.53, 60]","[175.61, 62]","[430.83, 36]",159.33,198,32.56,0.01
07:45:51,"[140.9, 59]","[138.11, 76]","[244.35, 46]","[339.19, 26]",192.62,207,103.45,0.3
07:45:52,"[143.0, 50]","[139.0, 20]","[220.5, 20]","[239.0, 34]",181.75,124,77.5,0.13
07:45:53,"[141.67, 36]","[138.18, 66]","[178.42, 36]","[230.62, 32]",160.04,170,36.75,0.2
07:45:54,"[139.0, 13]","[138.0, 72]","[178.0, 24]","[234.0, 24]",158.5,133,39.0,0.28
07:45:55,"[144.0, 154]","[139.0, 11]","[177.73, 33]","[218.73, 33]",160.86,231,33.73,0.43
07:45:56,"[144.0, 152]","[139.0, 13]","[176.0, 39]","[177.38, 39]",160.0,243,32.0,0.36
07:45:57,"[144.0, 117]","[139.0, 13]","[172.1, 41]","[173.46, 39]",158.05,210,28.1,0.24
07:45:58,"[144.0, 153]","[141.59, 17]","[170.39, 66]","[171.7, 53]",157.2,289,26.39,0.18
07:45:59,"[144.0, 74]","[142.0, 8]","[158.5, 18]","[167.15, 20]",151.25,120,14.5,0.37
07:46:00,"[144.26, 46]","[143.71, 76]","[151.3, 30]","[152.2, 20]",147.78,172,7.04,0.42
07:46:01,"[144.3, 53]","[143.59, 122]","[147.71, 42]","[148.78, 46]",146.01,263,3.41,0.33
07:46:02,"[144.0, 69]","[143.0, 80]","[145.8, 20]","[146.61, 31]",144.9,200,1.8,0.49
07:46:03,"[143.66, 35]","[142.94, 54]","[214.43, 14]","[289.69, 26]",179.04,129,70.77,0.38
07:46:04,"[144.5, 16]","[143.0, 16]","[255.0, 72]","[321.48, 52]",199.75,156,110.5,-0.59
07:46:05,"[140.3, 96]","[139.5, 40]","[247.29, 35]","[402.03, 32]",193.79,203,106.98,0.34
07:46:06,"[140.41, 132]","[139.72, 108]","[210.29, 56]","[294.92, 26]",175.35,322,69.88,0.49
07:46:07,"[141.0, 108]","[140.0, 156]","[197.93, 40]","[279.43, 35]",169.46,339,56.93,0.56
07:46:08,"[141.01, 70]","[140.07, 126]","[164.84, 31]","[171.83, 41]",152.93,268,23.82,0.46
07:46:09,"[141.0, 52]","[140.0, 156]","[149.62, 48]","[156.75, 48]",145.31,304,8.62,0.37
07:46:10,"[141.5, 20]","[140.07, 84]","[147.95, 38]","[149.19, 26]",144.72,168,6.45,0.24
07:46:11,"[146.0, 26]","[141.43, 23]","[147.0, 55]","[149.62, 39]",146.5,143,1.0,-0.31
07:46:12,"[143.5, 6]","[141.12, 16]","[149.4, 25]","[343.44, 9]",146.45,56,5.9,-0.21
07:46:13,"[143.57, 14]","[141.62, 26]","[147.49, 55]","[152.85, 60]",145.53,155,3.92,-0.48
07:46:14,"[141.0, 20]","[140.0, 130]","[145.5, 10]","[148.0, 50]",143.25,210,4.5,0.43
07:46:15,"[141.0, 20]","[140.0, 130]","[144.0, 18]","[146.43, 42]",142.5,210,3.0,0.43
07:46:16,"[140.78, 176]","[139.51, 222]","[161.53, 17]","[453.56, 32]",151.15,447,20.75,0.78
07:46:17,"[140.76, 103]","[139.32, 124]","[622.05, 37]","[722.4, 40]",381.41,304,481.3,0.49
07:46:18,"[141.0, 78]","[140.0, 96]","[505.25, 32]","[696.72, 29]",323.12,235,364.25,0.48
07:46:19,"[141.5, 80]","[140.0, 120]","[299.1, 40]","[633.31, 13]",220.3,253,157.6,0.58
07:46:20,"[142.0, 92]","[140.0, 168]","[370.57, 56]","[487.23, 26]",256.29,342,228.57,0.52
07:46:21,"[142.0, 40]","[140.0, 96]","[309.13, 30]","[371.5, 32]",225.57,198,167.13,0.37
07:46:22,"[140.58, 104]","[138.33, 162]","[172.77, 39]","[494.0, 52]",156.67,357,32.19,0.49
07:46:23,"[140.0, 77]","[137.0, 140]","[170.0, 41]","[329.76, 42]",155.0,300,30.0,0.45
07:46:24,"[138.38, 48]","[136.74, 54]","[167.5, 18]","[169.0, 30]",152.94,150,29.12,0.36
07:46:25,"[137.96, 78]","[136.88, 172]","[164.12, 50]","[168.73, 78]",151.04,378,26.16,0.32
07:46:26,"[139.47, 70]","[137.34, 107]","[159.64, 47]","[160.8, 41]",149.55,265,20.17,0.34
07:46:27,"[140.0, 155]","[139.0, 83]","[155.43, 60]","[157.59, 64]",147.72,362,15.43,0.31
07:46:28,"[141.3, 67]","[140.4, 85]","[151.38, 56]","[152.37, 67]",146.34,275,10.08,0.11
07:46:29,"[145.04, 28]","[141.57, 56]","[149.33, 60]","[151.0, 36]",147.18,180,4.3,-0.07
07:46:30,"[144.0, 30]","[141.27, 150]","[147.62, 48]","[149.0, 80]",145.81,308,3.62,0.17
07:46:31,"[142.44, 63]","[141.44, 126]","[147.0, 42]","[149.0, 70]",144.72,301,4.56,0.26
07:46:32,"[142.0, 92]","[141.0, 140]","[146.16, 50]","[154.91, 54]",144.08,336,4.16,0.38
07:46:33,"[142.0, 32]","[141.0, 80]","[150.5, 32]","[155.27, 30]",146.25,174,8.5,0.29
07:46:34,"[141.19, 86]","[140.85, 47]","[149.45, 44]","[152.0, 44]",145.32,221,8.27,0.2
07:46:35,"[141.0, 110]","[140.0, 11]","[148.18, 44]","[152.0, 44]",144.59,209,7.18,0.16
07:46:36,"[141.0, 130]","[140.0, 13]","[147.29, 42]","[150.46, 52]",144.14,237,6.29,0.21
07:46:37,"[141.0, 80]","[140.0, 8]","[146.62, 32]","[148.5, 32]",143.81,152,5.62,0.16
07:46:38,"[141.0, 120]","[140.0, 12]","[145.33, 48]","[147.5, 48]",143.17,228,4.33,0.16
07:46:39,"[141.0, 132]","[140.0, 14]","[142.64, 56]","[168.77, 52]",141.82,254,1.64,0.15
07:46:40,"[141.0, 44]","[140.0, 8]","[142.62, 29]","[434.4, 15]",141.81,96,1.62,0.08
07:46:41,"[143.56, 36]","[142.54, 26]","[267.38, 29]","[503.48, 21]",205.47,112,123.82,0.11
07:46:42,"[146.37, 27]","[143.71, 21]","[312.0, 10]","[450.64, 11]",229.19,69,165.63,0.39
07:46:43,"[148.0, 89]","[145.76, 127]","[451.33, 55]","[628.25, 32]",299.66,303,303.33,0.43
07:46:44,"[148.0, 35]","[146.0, 98]","[435.3, 23]","[525.17, 23]",291.65,179,287.3,0.49
07:46:45,"[146.69, 107]","[145.76, 127]","[274.76, 21]","[404.58, 36]",210.73,291,128.07,0.61
07:46:46,"[146.17, 92]","[145.72, 130]","[268.27, 60]","[302.18, 33]",207.22,315,122.09,0.41
07:46:47,"[148.0, 9]","[146.0, 126]","[217.33, 21]","[249.59, 17]",182.67,173,69.33,0.56
07:46:48,"[148.0, 12]","[146.09, 108]","[218.58, 60]","[220.75, 40]",183.29,220,70.58,0.09
07:46:49,"[148.0, 12]","[147.0, 24]","[212.83, 36]","[218.0, 60]",180.42,132,64.83,-0.45
07:46:50,"[148.0, 11]","[147.0, 22]","[190.72, 43]","[206.65, 43]",169.36,119,42.72,-0.45
07:46:51,"[147.86, 14]","[146.63, 38]","[186.57, 49]","[189.77, 65]",167.21,166,38.71,-0.37
07:46:52,"[147.0, 30]","[146.0, 210]","[155.67, 75]","[164.19, 63]",151.33,378,8.67,0.27
07:46:53,"[146.39, 36]","[145.91, 176]","[151.09, 66]","[152.17, 58]",148.74,336,4.7,0.26
07:46:54,"[146.0, 99]","[144.0, 40]","[147.76, 42]","[157.3, 30]",146.88,211,1.76,0.32
07:46:55,"[144.48, 21]","[142.57, 14]","[318.82, 11]","[529.88, 8]",231.65,54,174.34,0.3
07:46:56,"[145.7, 27]","[143.43, 14]","[636.25, 8]","[747.6, 5]",390.98,54,490.55,0.52
07:46:57,"[146.0, 19]","[144.0, 16]","[171.0, 8]","[479.5, 16]",158.5,59,25.0,0.19
07:46:58,"[146.0, 22]","[144.0, 22]","[364.5, 20]","[413.94, 16]",255.25,80,218.5,0.1
07:46:59,"[146.0, 18]","[144.0, 18]","[386.0, 18]","[451.75, 20]",266.0,74,240.0,-0.03
07:47:00,"[144.4, 10]","[141.82, 22]","[375.88, 8]","[394.0, 8]",260.14,48,231.47,0.33
07:47:01,"[143.0, 12]","[141.04, 75]","[370.0, 12]","[385.0, 12]",256.5,111,227.0,0.57
07:47:02,"[143.0, 12]","[141.08, 39]","[302.26, 23]","[340.73, 26]",222.63,100,159.26,0.02
07:47:03,"[146.05, 43]","[140.84, 51]","[227.11, 56]","[240.8, 40]",186.58,190,81.06,-0.01
07:47:04,"[148.0, 78]","[142.74, 23]","[223.38, 13]","[225.0, 65]",185.69,179,75.38,0.13
07:47:05,"[148.0, 66]","[146.0, 11]","[223.75, 20]","[231.23, 53]",185.88,150,75.75,0.03
07:47:06,"[148.0, 54]","[146.0, 9]","[223.22, 18]","[225.0, 45]",185.61,126,75.22,0.0
07:47:07,"[148.0, 62]","[146.0, 43]","[166.56, 43]","[197.36, 22]",157.28,170,18.56,0.24
07:47:08,"[146.45, 44]","[144.91, 99]","[157.78, 46]","[164.04, 50]",152.12,239,11.33,0.2
07:47:09,"[146.0, 10]","[144.0, 30]","[155.2, 25]","[157.0, 10]",150.6,75,9.2,0.07
07:47:10,"[146.0, 20]","[144.0, 60]","[156.62, 26]","[200.96, 23]",151.31,129,10.62,0.24
07:47:11,"[146.0, 24]","[144.0, 72]","[153.13, 39]","[153.9, 39]",149.56,174,7.13,0.1
07:47:12,"[145.42, 31]","[143.64, 75]","[149.2, 46]","[149.69, 52]",147.31,204,3.78,0.04
07:47:13,"[143.93, 90]","[140.61, 31]","[146.27, 30]","[149.0, 75]",145.1,226,2.33,0.07
07:47:14,"[144.0, 81]","[141.0, 9]","[145.33, 18]","[148.34, 29]",144.67,137,1.33,0.31
07:47:15,"[144.0, 36]","[141.0, 12]","[145.0, 24]","[155.76, 17]",144.5,89,1.0,0.08
07:47:16,"[143.65, 23]","[140.4, 10]","[145.0, 16]","[281.78, 18]",144.33,67,1.35,-0.01
07:47:17,"[140.0, 14]","[139.0, 21]","[145.0, 14]","[172.24, 17]",142.5,66,5.0,0.06
07:47:18,"[140.0, 11]","[139.0, 27]","[144.22, 18]","[250.71, 17]",142.11,73,4.22,0.04
07:47:19,"[140.0, 10]","[139.0, 30]","[141.9, 20]","[143.8, 20]",140.95,80,1.9,0.0
07:47:20,"[139.0, 39]","[138.0, 52]","[220.76, 21]","[274.5, 24]",179.88,136,81.76,0.34
07:47:21,"[139.99, 223]","[138.07, 43]","[211.26, 31]","[321.4, 20]",175.62,317,71.27,0.68
07:47:22,"[140.87, 169]","[138.6, 20]","[409.0, 18]","[450.25, 20]",274.93,227,268.13,0.67
07:47:23,"[141.54, 155]","[140.54, 26]","[277.08, 13]","[575.89, 9]",209.31,203,135.54,0.78
07:47:24,"[142.2, 194]","[141.32, 44]","[220.0, 8]","[568.5, 8]",181.1,254,77.8,0.87
07:47:25,"[143.48, 126]","[142.73, 156]","[349.42, 19]","[541.83, 12]",246.45,313,205.94,0.8
07:47:26,"[148.0, 14]","[145.29, 133]","[353.82, 22]","[360.38, 13]",250.91,182,205.82,0.62
07:47:27,"[148.0, 12]","[147.0, 171]","[356.61, 33]","[440.21, 24]",252.3,240,208.61,0.53
07:47:28,"[148.0, 10]","[147.0, 190]","[247.09, 22]","[339.38, 29]",197.55,251,99.09,0.59
07:47:29,"[148.0, 8]","[147.0, 152]","[244.12, 32]","[248.0, 8]",196.06,200,96.12,0.6
07:47:30,"[146.02, 132]","[141.81, 78]","[241.33, 48]","[349.92, 12]",193.68,270,95.31,0.56
07:47:31,"[143.71, 42]","[141.89, 87]","[217.29, 28]","[260.95, 37]",180.5,194,73.57,0.33
07:47:32,"[142.0, 35]","[141.0, 35]","[157.38, 13]","[233.45, 22]",149.69,105,15.38,0.33
07:47:33,"[142.0, 45]","[141.0, 45]","[154.67, 36]","[158.0, 9]",148.33,135,12.67,0.33
07:47:34,"[141.68, 56]","[139.41, 121]","[152.45, 44]","[331.0, 11]",147.07,232,10.78,0.53
07:47:35,"[144.0, 26]","[141.0, 40]","[152.0, 32]","[429.0, 10]",148.0,108,8.0,0.22
07:47:36,"[144.0, 28]","[141.86, 70]","[149.82, 38]","[150.75, 32]",146.91,168,5.82,0.17
07:47:37,"[142.11, 37]","[139.13, 117]","[144.22, 9]","[151.64, 11]",143.17,174,2.11,0.77
07:47:38,"[142.86, 28]","[139.15, 118]","[149.69, 13]","[264.0, 19]",146.27,178,6.84,0.64
07:47:39,"[146.0, 18]","[142.0, 18]","[155.0, 9]","[312.75, 12]",150.5,57,9.0,0.26
07:47:40,"[146.0, 18]","[142.0, 18]","[155.0, 9]","[324.5, 12]",150.5,57,9.0,0.26
07:47:41,"[146.0, 18]","[142.0, 18]","[155.0, 9]","[402.0, 9]",150.5,54,9.0,0.33
07:47:42,"[146.0, 26]","[142.0, 26]","[154.0, 13]","[301.0, 20]",150.0,85,8.0,0.22
07:47:43,"[141.91, 111]","[139.86, 80]","[152.29, 17]","[183.06, 18]",147.1,226,10.38,0.69
07:47:44,"[141.04, 94]","[140.47, 19]","[151.0, 11]","[152.0, 11]",146.02,135,9.96,0.67
07:47:45,"[143.65, 80]","[141.53, 83]","[150.79, 19]","[151.69, 16]",147.22,198,7.14,0.65
07:47:46,"[146.0, 27]","[141.76, 33]","[149.0, 12]","[151.0, 12]",147.5,84,3.0,0.43
07:47:47,"[147.19, 27]","[144.17, 24]","[214.1, 21]","[362.44, 27]",180.64,99,66.91,0.03
07:47:48,"[148.0, 104]","[146.0, 13]","[416.83, 46]","[540.25, 32]",282.41,195,268.83,0.2
07:47:49,"[148.0, 48]","[146.0, 6]","[248.77, 13]","[287.18, 22]",198.38,89,100.77,0.21
07:47:50,"[148.0, 88]","[146.0, 13]","[246.31, 39]","[249.0, 26]",197.15,166,98.31,0.22
07:47:51,"[148.0, 36]","[146.0, 12]","[245.25, 36]","[339.5, 24]",196.62,108,97.25,-0.11
07:47:52,"[146.21, 39]","[144.6, 20]","[244.78, 27]","[503.0, 9]",195.49,95,98.57,0.24
07:47:53,"[146.0, 60]","[144.0, 24]","[242.42, 36]","[565.93, 15]",194.21,135,96.42,0.24
07:47:54,"[146.0, 60]","[144.0, 24]","[241.08, 36]","[510.0, 24]",193.54,144,95.08,0.17
07:47:55,"[146.67, 15]","[145.85, 27]","[238.79, 19]","[243.38, 8]",192.73,69,92.12,0.22
07:47:56,"[147.0, 24]","[146.0, 60]","[237.75, 48]","[239.0, 84]",192.38,216,90.75,-0.22
07:47:57,"[147.0, 30]","[146.0, 75]","[235.3, 54]","[237.42, 71]",191.15,230,88.3,-0.09
07:47:58,"[147.0, 12]","[146.0, 30]","[228.05, 21]","[233.57, 21]",187.52,84,81.05,0.0
07:47:59,"[147.0, 20]","[146.0, 50]","[225.86, 29]","[231.17, 35]",186.43,134,78.86,0.04
07:48:00,"[147.0, 28]","[146.0, 70]","[170.13, 52]","[200.78, 36]",158.57,186,23.13,0.05
07:48:01,"[145.64, 28]","[144.17, 23]","[167.0, 42]","[169.45, 49]",156.32,142,21.36,-0.28
07:48:02,"[144.0, 9]","[143.0, 9]","[164.33, 36]","[165.75, 32]",154.17,86,20.33,-0.58
07:48:03,"[143.25, 12]","[142.08, 39]","[159.26, 46]","[161.92, 48]",151.26,145,16.01,-0.3
07:48:04,"[143.0, 13]","[142.0, 52]","[154.51, 35]","[156.17, 47]",148.76,147,11.51,-0.12
07:48:05,"[143.0, 16]","[142.0, 64]","[149.74, 61]","[150.88, 52]",146.37,193,6.74,-0.17
07:48:06,"[142.29, 28]","[141.73, 44]","[144.62, 48]","[145.92, 48]",143.46,168,2.34,-0.14
07:48:07,"[141.26, 19]","[140.46, 13]","[145.14, 28]","[492.92, 24]",143.2,84,3.88,-0.24
07:48:08,"[140.33, 12]","[139.18, 44]","[143.0, 40]","[143.9, 40]",141.67,136,2.67,-0.18
07:48:09,"[139.17, 29]","[138.36, 56]","[141.91, 33]","[142.93, 43]",140.54,161,2.74,0.06
07:48:10,"[139.0, 36]","[137.96, 81]","[140.23, 47]","[141.1, 63]",139.62,227,1.23,0.03
07:48:11,"[139.0, 18]","[138.0, 22]","[140.24, 25]","[347.62, 40]",139.62,105,1.24,-0.24
07:48:12,"[138.27, 11]","[137.33, 18]","[298.22, 9]","[644.59, 17]",218.25,55,159.95,0.05
07:48:13,"[142.62, 26]","[138.93, 29]","[184.12, 40]","[483.0, 8]",163.37,103,41.51,0.07
07:48:14,"[142.41, 68]","[140.82, 102]","[341.73, 49]","[403.4, 20]",242.07,239,199.32,0.42
07:48:15,"[141.0, 72]","[139.67, 12]","[357.0, 30]","[512.0, 18]",249.0,132,216.0,0.27
07:48:16,"[141.0, 104]","[140.0, 18]","[330.14, 43]","[468.86, 35]",235.57,200,189.14,0.22
07:48:17,"[141.0, 41]","[140.0, 8]","[197.0, 12]","[350.42, 19]",169.0,80,56.0,0.23
07:48:18,"[141.0, 110]","[140.0, 24]","[299.98, 46]","[333.14, 35]",220.49,215,158.98,0.25
07:48:19,"[141.0, 81]","[140.0, 18]","[231.62, 13]","[348.79, 33]",186.31,145,90.62,0.37
07:48:20,"[141.0, 161]","[140.0, 38]","[149.12, 26]","[199.73, 44]",145.06,269,8.12,0.48
07:48:21,"[141.86, 151]","[140.94, 97]","[144.96, 25]","[147.22, 23]",143.41,296,3.1,0.68
07:48:22,"[142.0, 85]","[141.0, 77]","[143.0, 22]","[146.0, 11]",142.5,195,1.0,0.66
07:48:23,"[143.42, 77]","[140.57, 37]","[328.44, 27]","[392.61, 31]",235.93,172,185.03,0.33
07:48:24,"[144.53, 34]","[140.12, 25]","[570.98, 41]","[754.36, 53]",357.75,153,426.45,-0.23
07:48:25,"[141.21, 19]","[138.0, 14]","[425.55, 11]","[455.91, 11]",283.38,55,284.33,0.2
07:48:26,"[142.22, 37]","[140.25, 40]","[375.24, 29]","[419.93, 15]",258.73,121,233.03,0.27
07:48:27,"[141.61, 18]","[140.45, 22]","[339.33, 12]","[348.6, 20]",240.47,72,197.72,0.11
07:48:28,"[139.0, 42]","[138.0, 14]","[241.87, 30]","[293.72, 32]",190.43,118,102.87,-0.05
07:48:29,"[139.0, 24]","[138.0, 8]","[143.75, 24]","[185.29, 28]",141.38,84,4.75,-0.24
07:48:30,"[139.0, 30]","[138.0, 10]","[141.5, 30]","[185.41, 34]",140.25,104,2.5,-0.23
07:48:31,"[139.0, 27]","[138.0, 9]","[140.6, 25]","[316.24, 21]",139.8,82,1.6,-0.12
07:48:32,"[139.0, 19]","[138.0, 9]","[278.72, 29]","[371.8, 25]",208.86,82,139.72,-0.32
07:48:33,"[139.0, 10]","[138.0, 5]","[325.11, 9]","[372.67, 9]",232.06,33,186.11,-0.09
07:48:34,"[139.0, 20]","[138.0, 10]","[324.1, 20]","[326.0, 10]",231.55,60,185.1,0.0
07:48:35,"[139.47, 19]","[138.55, 11]","[242.29, 28]","[324.0, 12]",190.88,70,102.81,-0.14
07:48:36,"[139.0, 20]","[138.0, 10]","[303.2, 20]","[322.43, 14]",221.1,64,164.2,-0.06
07:48:37,"[139.0, 18]","[138.0, 9]","[248.77, 22]","[259.16, 25]",193.89,74,109.77,-0.27
07:48:38,"[137.64, 25]","[79.53, 30]","[218.92, 13]","[246.88, 25]",178.28,93,81.28,0.18
07:48:39,"[142.21, 57]","[82.86, 64]","[158.89, 36]","[162.79, 28]",150.55,185,16.68,0.31
07:48:40,"[148.0, 95]","[143.28, 29]","[152.56, 25]","[154.33, 24]",150.28,173,4.56,0.43
07:48:41,"[148.0, 23]","[144.0, 34]","[149.03, 33]","[168.6, 30]",148.52,120,1.03,-0.05
07:48:42,"[143.5, 20]","[142.29, 7]","[149.0, 10]","[208.0, 5]",146.25,42,5.5,0.29
07:48:43,"[143.0, 54]","[140.0, 9]","[148.11, 18]","[198.15, 13]",145.56,94,5.11,0.34
07:48:44,"[142.91, 35]","[139.25, 12]","[147.2, 20]","[249.47, 34]",145.06,101,4.29,-0.07
07:48:45,"[143.0, 45]","[140.0, 9]","[145.5, 12]","[193.22, 23]",144.25,89,2.5,0.21
07:48:46,"[143.0, 33]","[140.0, 7]","[144.0, 7]","[188.8, 15]",143.5,62,1.0,0.29
07:48:47,"[143.0, 18]","[140.0, 8]","[362.18, 22]","[417.31, 26]",252.59,74,219.18,-0.3
07:48:48,"[138.76, 33]","[109.57, 23]","[360.09, 44]","[449.18, 34]",249.42,134,221.33,-0.16
07:48:49,"[139.33, 120]","[137.0, 36]","[211.04, 50]","[252.3, 54]",175.19,260,71.71,0.2
07:48:50,"[140.0, 70]","[137.0, 21]","[209.0, 28]","[496.93, 29]",174.5,148,69.0,0.23
