Time,Bid1,Bid2,Ask1,Ask2,Mid-Price,Total_volume,Bid_ask_spread,Order_imbalance
07:30:00,"[0, 0]","[0, 0]","[0, 0]","[0, 0]",0.0,0,0.0,0.0
07:30:01,"[1.0, 3]","[0, 0]","[0, 0]","[0, 0]",0.5,3,-1.0,1.0
07:30:02,"[2.0, 3]","[0, 0]","[0, 0]","[0, 0]",1.0,3,-2.0,1.0
07:30:03,"[52.83, 18]","[2.0, 3]","[483.76, 17]","[478.89, 9]",268.3,47,430.93,-0.11
07:30:04,"[307.0, 3]","[105.2, 5]","[385.67, 12]","[387.0, 6]",346.33,26,78.67,-0.38
07:30:05,"[154.32, 19]","[59.2, 15]","[329.13, 30]","[364.78, 18]",241.72,82,174.82,-0.17
07:30:06,"[148.43, 21]","[145.0, 7]","[292.0, 28]","[293.0, 7]",220.21,63,143.57,-0.11
07:30:07,"[206.76, 34]","[205.3, 30]","[292.0, 40]","[293.0, 10]",249.38,114,85.24,0.12
07:30:08,"[226.1, 10]","[222.92, 12]","[292.0, 16]","[293.0, 4]",259.05,42,65.9,0.05
07:30:09,"[249.31, 35]","[236.48, 31]","[296.2, 15]","[306.7, 23]",272.76,104,46.89,0.27
07:30:10,"[247.53, 30]","[245.48, 31]","[301.0, 8]","[308.0, 24]",274.27,93,53.47,0.31
07:30:11,"[275.36, 11]","[273.88, 17]","[295.55, 11]","[305.58, 19]",285.45,58,20.18,-0.03
07:30:12,"[278.53, 38]","[275.93, 30]","[291.0, 30]","[295.0, 30]",284.76,128,12.47,0.06
07:30:13,"[282.67, 27]","[280.0, 36]","[291.0, 19]","[295.0, 27]",286.83,109,8.33,0.16
07:30:14,"[284.67, 18]","[280.0, 24]","[291.0, 12]","[295.0, 18]",287.83,72,6.33,0.17
07:30:15,"[285.0, 27]","[280.0, 36]","[292.6, 15]","[295.86, 21]",288.8,99,7.6,0.27
07:30:16,"[285.5, 6]","[283.46, 13]","[299.0, 4]","[301.0, 4]",292.25,27,13.5,0.41
07:30:17,"[304.98, 59]","[292.97, 29]","[354.26, 19]","[394.42, 24]",329.62,131,49.28,0.34
07:30:18,"[306.07, 45]","[305.08, 39]","[353.0, 11]","[369.68, 25]",329.53,120,46.93,0.4
07:30:19,"[307.0, 9]","[306.0, 63]","[354.0, 21]","[361.84, 19]",330.5,112,47.0,0.29
07:30:20,"[306.23, 31]","[305.67, 73]","[334.73, 15]","[345.28, 25]",320.48,144,28.51,0.44
07:30:21,"[306.0, 12]","[305.0, 24]","[323.0, 6]","[334.0, 6]",314.5,48,17.0,0.5
07:30:22,"[306.5, 16]","[305.33, 24]","[323.0, 8]","[334.0, 8]",314.75,56,16.5,0.43
07:30:23,"[307.0, 12]","[306.0, 12]","[323.0, 6]","[334.0, 6]",315.0,36,16.0,0.33
07:30:24,"[307.0, 14]","[306.0, 14]","[323.0, 7]","[334.0, 7]",315.0,42,16.0,0.33
07:30:25,"[307.0, 18]","[306.0, 18]","[321.78, 9]","[323.0, 9]",314.39,54,14.78,0.33
07:30:26,"[307.46, 26]","[306.09, 22]","[320.18, 11]","[323.0, 11]",313.82,70,12.72,0.37
07:30:27,"[309.0, 65]","[307.0, 30]","[312.93, 27]","[314.48, 31]",310.96,153,3.93,0.24
07:30:28,"[309.0, 9]","[307.0, 18]","[311.56, 9]","[313.69, 26]",310.28,62,2.56,-0.13
07:30:29,"[308.69, 13]","[306.92, 24]","[310.08, 12]","[312.85, 13]",309.39,62,1.39,0.19
07:30:30,"[307.0, 26]","[306.0, 26]","[308.9, 20]","[318.58, 19]",307.95,91,1.9,0.14
07:30:31,"[305.28, 43]","[304.44, 45]","[307.52, 21]","[309.91, 22]",306.4,131,2.24,0.34
07:30:32,"[305.0, 35]","[304.0, 42]","[306.14, 28]","[308.0, 28]",305.57,133,1.14,0.16
07:30:33,"[304.25, 32]","[302.94, 65]","[306.0, 24]","[316.08, 39]",305.12,160,1.75,0.21
07:30:34,"[304.67, 30]","[303.08, 26]","[314.44, 25]","[329.55, 60]",309.55,141,9.77,-0.21
07:30:35,"[305.43, 28]","[303.14, 28]","[322.0, 72]","[323.0, 12]",313.71,140,16.57,-0.2
07:30:36,"[301.71, 42]","[300.62, 74]","[317.21, 47]","[321.6, 50]",309.46,213,15.5,0.09
07:30:37,"[302.43, 56]","[301.12, 137]","[319.04, 46]","[320.29, 28]",310.74,267,16.61,0.45
07:30:38,"[307.36, 44]","[304.19, 108]","[318.94, 64]","[319.62, 32]",313.15,248,11.57,0.23
07:30:39,"[307.55, 62]","[304.28, 114]","[318.0, 30]","[319.0, 50]",312.77,256,10.45,0.38
07:30:40,"[306.0, 28]","[304.26, 171]","[318.0, 28]","[319.0, 28]",312.0,255,12.0,0.56
07:30:41,"[306.75, 16]","[305.57, 42]","[317.04, 48]","[318.07, 28]",311.9,134,10.29,-0.13
07:30:42,"[306.62, 24]","[305.39, 89]","[311.87, 46]","[312.73, 60]",309.25,219,5.24,0.03
07:30:43,"[306.0, 30]","[305.0, 90]","[308.46, 26]","[309.18, 34]",307.23,180,2.46,0.33
07:30:44,"[305.13, 93]","[304.22, 162]","[307.41, 34]","[311.78, 41]",306.27,330,2.28,0.55
07:30:45,"[305.07, 55]","[304.1, 93]","[314.86, 14]","[318.79, 19]",309.96,181,9.78,0.64
07:30:46,"[309.0, 15]","[305.0, 135]","[317.36, 22]","[320.48, 42]",313.18,214,8.36,0.4
07:30:47,"[305.31, 78]","[304.24, 222]","[314.94, 18]","[321.16, 57]",310.13,375,9.64,0.6
07:30:48,"[305.0, 72]","[304.0, 168]","[313.75, 12]","[316.0, 24]",309.38,276,8.75,0.74
07:30:49,"[305.0, 55]","[304.0, 140]","[313.0, 10]","[315.3, 20]",309.0,225,8.0,0.73
07:30:50,"[305.0, 13]","[304.0, 182]","[311.52, 21]","[314.49, 55]",308.26,271,6.52,0.44
07:30:51,"[306.87, 15]","[304.5, 28]","[309.56, 36]","[310.07, 59]",308.21,138,2.69,-0.38
07:30:52,"[306.23, 13]","[304.1, 78]","[308.19, 37]","[310.41, 46]",307.21,174,1.96,0.05
07:30:53,"[305.0, 11]","[304.0, 154]","[308.0, 55]","[312.0, 22]",306.5,242,3.0,0.36
07:30:54,"[304.08, 85]","[303.94, 104]","[307.23, 65]","[313.85, 26]",305.66,280,3.15,0.35
07:30:55,"[304.37, 121]","[303.94, 105]","[306.13, 75]","[314.0, 30]",305.25,331,1.76,0.37
07:30:56,"[305.0, 55]","[304.0, 165]","[306.67, 54]","[315.94, 34]",305.83,308,1.67,0.43
07:30:57,"[305.0, 9]","[304.0, 99]","[315.0, 18]","[318.33, 36]",310.0,162,10.0,0.33
07:30:58,"[304.09, 44]","[303.9, 49]","[313.1, 21]","[315.94, 34]",308.59,148,9.0,0.26
07:30:59,"[303.94, 32]","[302.64, 11]","[307.0, 55]","[314.47, 30]",305.47,128,3.06,-0.33
07:31:00,"[304.0, 22]","[303.0, 11]","[312.6, 25]","[314.96, 52]",308.3,110,8.6,-0.4
07:31:01,"[303.11, 19]","[295.58, 43]","[313.5, 30]","[315.49, 61]",308.3,153,10.39,-0.19
07:31:02,"[301.0, 9]","[294.0, 63]","[313.0, 53]","[314.68, 31]",307.0,156,12.0,-0.08
07:31:03,"[299.25, 20]","[293.86, 126]","[313.0, 112]","[315.0, 48]",306.12,306,13.75,-0.05
07:31:04,"[297.28, 32]","[292.16, 125]","[312.64, 44]","[313.46, 52]",304.96,253,15.36,0.24
07:31:05,"[309.0, 12]","[294.05, 41]","[310.5, 24]","[313.25, 60]",309.75,137,1.5,-0.23
07:31:06,"[304.42, 12]","[292.21, 56]","[308.26, 27]","[310.06, 32]",306.34,127,3.84,0.07
07:31:07,"[304.0, 13]","[292.0, 65]","[305.82, 22]","[306.53, 17]",304.91,117,1.82,0.33
07:31:08,"[293.09, 44]","[289.65, 92]","[305.6, 20]","[312.67, 36]",299.35,192,12.51,0.42
07:31:09,"[292.0, 75]","[289.0, 135]","[297.13, 60]","[300.89, 47]",294.57,317,5.13,0.32
07:31:10,"[292.0, 60]","[289.0, 108]","[293.32, 38]","[296.86, 29]",292.66,235,1.32,0.43
07:31:11,"[292.0, 49]","[289.0, 99]","[293.0, 33]","[299.0, 40]",292.5,221,1.0,0.34
07:31:12,"[292.0, 51]","[289.66, 53]","[296.2, 35]","[300.73, 22]",294.1,161,4.2,0.29
07:31:13,"[292.85, 66]","[291.8, 75]","[301.0, 55]","[310.0, 11]",296.92,207,8.15,0.36
07:31:14,"[294.34, 73]","[293.57, 70]","[301.0, 55]","[310.0, 11]",297.67,209,6.66,0.37
07:31:15,"[296.56, 90]","[295.46, 105]","[301.0, 75]","[310.0, 15]",298.78,285,4.44,0.37
07:31:16,"[298.93, 70]","[296.0, 112]","[303.02, 46]","[312.45, 49]",300.98,277,4.09,0.31
07:31:17,"[301.36, 112]","[297.65, 109]","[307.12, 51]","[310.56, 27]",304.24,299,5.76,0.48
07:31:18,"[304.4, 97]","[303.16, 91]","[309.24, 51]","[313.36, 84]",306.82,323,4.83,0.16
07:31:19,"[306.38, 65]","[304.0, 65]","[311.0, 39]","[313.09, 66]",308.69,235,4.62,0.11
07:31:20,"[307.0, 16]","[305.17, 12]","[311.0, 24]","[313.0, 40]",309.0,92,4.0,-0.39
07:31:21,"[304.8, 20]","[297.4, 43]","[309.36, 55]","[311.73, 33]",307.08,151,4.56,-0.17
07:31:22,"[304.59, 29]","[296.78, 36]","[307.94, 80]","[313.0, 48]",306.26,193,3.35,-0.33
07:31:23,"[302.29, 35]","[297.08, 25]","[306.0, 65]","[312.4, 43]",304.14,168,3.71,-0.29
07:31:24,"[302.57, 23]","[297.82, 11]","[306.0, 55]","[309.0, 44]",304.28,133,3.43,-0.49
07:31:25,"[301.75, 16]","[298.2, 10]","[309.0, 40]","[313.0, 50]",305.38,116,7.25,-0.55
07:31:26,"[303.67, 30]","[301.0, 15]","[308.5, 40]","[311.71, 70]",306.08,155,4.83,-0.42
07:31:27,"[304.0, 20]","[301.0, 10]","[306.15, 26]","[311.37, 41]",305.08,97,2.15,-0.38
07:31:28,"[301.35, 17]","[292.93, 30]","[305.47, 34]","[311.58, 43]",303.41,124,4.12,-0.24
07:31:29,"[292.0, 11]","[289.0, 66]","[304.27, 22]","[308.6, 25]",298.14,124,12.27,0.24
07:31:30,"[292.0, 11]","[289.0, 66]","[303.91, 22]","[304.91, 22]",297.95,121,11.91,0.27
07:31:31,"[290.94, 17]","[288.57, 69]","[302.67, 24]","[303.67, 24]",296.8,134,11.73,0.28
07:31:32,"[289.29, 42]","[286.06, 51]","[300.96, 25]","[302.09, 22]",295.12,140,11.67,0.33
07:31:33,"[291.55, 76]","[289.24, 68]","[299.59, 46]","[300.8, 30]",295.57,220,8.03,0.31
07:31:34,"[293.14, 56]","[291.9, 161]","[298.94, 65]","[300.75, 32]",296.04,314,5.8,0.38
07:31:35,"[295.0, 34]","[287.64, 59]","[297.06, 34]","[299.0, 34]",296.03,161,2.06,0.16
07:31:36,"[295.32, 31]","[289.05, 146]","[298.67, 36]","[301.86, 21]",296.99,234,3.34,0.51
07:31:37,"[296.0, 10]","[292.0, 40]","[299.0, 20]","[303.0, 10]",297.5,80,3.0,0.25
07:31:38,"[297.45, 11]","[292.0, 54]","[299.0, 22]","[303.0, 11]",298.23,98,1.55,0.33
07:31:39,"[292.71, 34]","[290.79, 29]","[299.0, 13]","[303.0, 9]",295.85,85,6.29,0.48
07:31:40,"[292.0, 54]","[285.0, 9]","[304.87, 45]","[308.33, 9]",298.43,117,12.87,0.08
07:31:41,"[292.0, 46]","[288.97, 121]","[305.08, 49]","[356.0, 12]",298.54,228,13.08,0.46
07:31:42,"[293.88, 34]","[289.05, 238]","[308.2, 15]","[421.93, 30]",301.04,317,14.32,0.72
07:31:43,"[291.25, 32]","[289.01, 190]","[306.27, 11]","[309.0, 11]",298.76,244,15.02,0.82
07:31:44,"[292.86, 196]","[289.85, 195]","[306.0, 41]","[307.0, 19]",299.43,451,13.14,0.73
07:31:45,"[293.0, 125]","[292.0, 10]","[295.89, 38]","[303.77, 26]",294.45,199,2.89,0.36
07:31:46,"[293.0, 99]","[292.0, 9]","[294.0, 36]","[301.0, 27]",293.5,171,1.0,0.26
07:31:47,"[293.0, 110]","[292.0, 10]","[294.0, 40]","[301.0, 30]",293.5,190,1.0,0.26
07:31:48,"[292.71, 31]","[288.4, 20]","[293.68, 47]","[296.82, 44]",293.2,142,0.97,-0.28
07:31:49,"[292.0, 9]","[288.0, 18]","[293.0, 45]","[294.0, 36]",292.5,108,1.0,-0.5
07:31:50,"[292.0, 11]","[288.0, 22]","[293.29, 34]","[295.02, 49]",292.65,116,1.29,-0.43
07:31:51,"[292.0, 9]","[287.62, 13]","[294.12, 17]","[296.35, 43]",293.06,82,2.12,-0.46
07:31:52,"[292.29, 14]","[288.27, 41]","[296.0, 14]","[301.0, 42]",294.14,111,3.71,-0.01
07:31:53,"[293.77, 13]","[291.54, 13]","[301.0, 26]","[307.0, 117]",297.38,169,7.23,-0.69
07:31:54,"[297.62, 39]","[296.0, 15]","[301.0, 30]","[306.91, 79]",299.31,163,3.38,-0.34
07:31:55,"[298.89, 44]","[298.73, 26]","[302.67, 21]","[306.9, 70]",300.78,161,3.78,-0.13
07:31:56,"[303.95, 39]","[303.45, 29]","[306.0, 14]","[307.0, 126]",304.97,208,2.05,-0.35
07:31:57,"[305.0, 15]","[304.0, 59]","[306.77, 35]","[313.9, 80]",305.89,189,1.77,-0.22
07:31:58,"[305.0, 9]","[304.0, 45]","[307.0, 81]","[544.17, 23]",306.0,158,2.0,-0.32
07:31:59,"[304.6, 15]","[303.55, 53]","[307.0, 99]","[486.0, 17]",305.8,184,2.4,-0.26
07:32:00,"[304.0, 28]","[301.0, 40]","[307.0, 90]","[569.13, 23]",305.5,181,3.0,-0.25
07:32:01,"[303.29, 17]","[300.36, 56]","[306.13, 39]","[308.07, 84]",304.71,196,2.83,-0.26
07:32:02,"[301.0, 39]","[292.0, 40]","[303.25, 16]","[306.66, 32]",302.12,127,2.25,0.24
07:32:03,"[301.0, 24]","[293.41, 34]","[302.25, 24]","[310.0, 40]",301.62,122,1.25,-0.05
07:32:04,"[292.0, 52]","[288.0, 13]","[310.32, 73]","[316.04, 50]",301.16,188,18.32,-0.31
07:32:05,"[292.62, 58]","[290.0, 22]","[307.0, 45]","[311.54, 111]",299.81,236,14.38,-0.32
07:32:06,"[292.8, 45]","[289.79, 28]","[304.53, 51]","[318.11, 81]",298.66,205,11.73,-0.29
07:32:07,"[288.67, 9]","[286.25, 8]","[296.0, 24]","[310.87, 62]",292.33,103,7.33,-0.67
07:32:08,"[291.0, 20]","[287.4, 10]","[296.0, 30]","[310.0, 40]",293.5,100,5.0,-0.4
07:32:09,"[290.76, 34]","[286.9, 20]","[295.24, 25]","[300.07, 55]",293.0,134,4.48,-0.19
07:32:10,"[287.0, 15]","[285.0, 13]","[293.69, 13]","[296.0, 39]",290.35,80,6.69,-0.3
07:32:11,"[287.0, 9]","[285.0, 9]","[300.3, 23]","[303.41, 34]",293.65,75,13.3,-0.52
07:32:12,"[288.2, 25]","[285.92, 13]","[291.0, 13]","[301.0, 71]",289.6,122,2.8,-0.38
07:32:13,"[289.22, 54]","[286.0, 18]","[291.0, 18]","[300.62, 72]",290.11,162,1.78,-0.11
07:32:14,"[290.0, 30]","[281.6, 10]","[296.57, 14]","[300.14, 28]",293.29,82,6.57,-0.02
07:32:15,"[290.38, 24]","[281.12, 8]","[299.0, 8]","[300.0, 24]",294.69,64,8.62,0.0
07:32:16,"[291.15, 39]","[282.0, 13]","[294.0, 39]","[295.62, 13]",292.58,104,2.85,0.0
07:32:17,"[292.92, 36]","[280.08, 12]","[294.0, 36]","[295.0, 12]",293.46,96,1.08,0.0
07:32:18,"[293.42, 36]","[280.3, 20]","[299.83, 24]","[306.12, 40]",296.62,120,6.42,-0.07
07:32:19,"[300.32, 57]","[285.89, 38]","[303.7, 30]","[305.92, 73]",302.01,198,3.38,-0.04
07:32:20,"[302.16, 135]","[301.0, 36]","[303.32, 22]","[305.0, 40]",302.74,233,1.16,0.47
07:32:21,"[302.45, 83]","[300.13, 69]","[304.59, 85]","[305.59, 85]",303.52,322,2.14,-0.06
07:32:22,"[302.59, 85]","[301.54, 46]","[305.0, 60]","[306.0, 60]",303.79,251,2.41,0.04
07:32:23,"[303.1, 100]","[302.31, 65]","[305.0, 55]","[306.73, 55]",304.05,275,1.9,0.2
07:32:24,"[304.0, 65]","[301.0, 39]","[307.77, 65]","[361.91, 55]",305.88,224,3.77,-0.07
07:32:25,"[304.15, 53]","[302.28, 47]","[307.2, 35]","[321.66, 59]",305.68,194,3.05,0.03
07:32:26,"[306.11, 18]","[304.0, 45]","[310.0, 38]","[490.67, 27]",308.06,128,3.89,-0.02
07:32:27,"[304.35, 34]","[301.75, 40]","[308.67, 48]","[339.27, 44]",306.51,166,4.31,-0.11
07:32:28,"[304.0, 33]","[298.0, 24]","[306.73, 44]","[308.27, 44]",305.36,145,2.73,-0.21
07:32:29,"[304.0, 27]","[300.0, 30]","[305.78, 36]","[308.56, 36]",304.89,129,1.78,-0.12
07:32:30,"[302.0, 48]","[297.0, 16]","[309.0, 32]","[420.04, 26]",305.5,122,7.0,0.05
07:32:31,"[302.0, 36]","[297.0, 12]","[308.67, 12]","[333.27, 22]",305.33,82,6.67,0.17
07:32:32,"[302.0, 48]","[297.0, 16]","[308.0, 8]","[310.0, 32]",305.0,104,6.0,0.23
07:32:33,"[302.0, 48]","[297.0, 16]","[307.12, 8]","[310.0, 32]",304.56,104,5.12,0.23
07:32:34,"[302.0, 60]","[297.0, 20]","[304.0, 50]","[306.0, 10]",303.0,140,2.0,0.14
07:32:35,"[302.57, 56]","[298.15, 26]","[304.81, 54]","[308.46, 35]",303.69,171,2.24,-0.04
07:32:36,"[304.41, 153]","[302.0, 34]","[306.0, 68]","[310.0, 68]",305.21,323,1.59,0.16
07:32:37,"[305.0, 76]","[302.0, 24]","[306.84, 38]","[311.17, 46]",305.92,184,1.84,0.09
07:32:38,"[305.0, 44]","[303.41, 34]","[309.12, 41]","[316.0, 36]",307.06,155,4.12,0.01
07:32:39,"[305.0, 36]","[304.0, 36]","[313.0, 34]","[319.17, 23]",309.0,129,8.0,0.12
07:32:40,"[305.0, 36]","[304.0, 36]","[311.44, 36]","[314.62, 32]",308.22,140,6.44,0.03
07:32:41,"[305.0, 48]","[304.0, 48]","[310.17, 48]","[312.0, 48]",307.58,192,5.17,0.0
07:32:42,"[305.0, 16]","[304.0, 52]","[309.0, 52]","[312.0, 52]",307.0,172,4.0,-0.21
07:32:43,"[299.57, 21]","[298.33, 48]","[308.94, 68]","[312.44, 41]",304.26,178,9.37,-0.22
07:32:44,"[295.0, 20]","[293.0, 40]","[307.7, 40]","[314.0, 38]",301.35,138,12.7,-0.13
07:32:45,"[295.0, 26]","[293.0, 52]","[311.41, 37]","[313.77, 44]",303.2,159,16.41,-0.02
07:32:46,"[295.0, 28]","[293.0, 56]","[310.0, 28]","[313.88, 48]",302.5,160,15.0,0.05
07:32:47,"[296.26, 38]","[294.76, 34]","[310.0, 20]","[313.0, 40]",303.13,132,13.74,0.09
07:32:48,"[295.76, 46]","[293.0, 52]","[309.73, 30]","[312.54, 52]",302.75,180,13.97,0.09
07:32:49,"[293.0, 99]","[291.33, 27]","[309.85, 26]","[311.08, 13]",301.42,165,16.85,0.53
07:32:50,"[293.0, 77]","[292.0, 21]","[308.76, 21]","[310.19, 16]",300.88,135,15.76,0.45
07:32:51,"[293.0, 121]","[292.0, 33]","[308.45, 38]","[309.41, 17]",300.72,209,15.45,0.47
07:32:52,"[293.0, 165]","[292.0, 45]","[303.41, 44]","[306.15, 34]",298.2,288,10.41,0.46
07:32:53,"[293.0, 88]","[292.0, 24]","[301.0, 32]","[302.0, 48]",297.0,192,8.0,0.17
07:32:54,"[293.0, 132]","[292.0, 36]","[300.83, 48]","[302.0, 29]",296.92,245,7.83,0.37
07:32:55,"[293.0, 99]","[292.0, 27]","[300.0, 36]","[302.0, 18]",296.5,180,7.0,0.4
07:32:56,"[293.65, 55]","[292.93, 130]","[300.16, 49]","[302.29, 28]",296.91,262,6.51,0.41
07:32:57,"[295.0, 22]","[291.95, 91]","[303.64, 22]","[306.7, 40]",299.32,175,8.64,0.29
07:32:58,"[296.22, 74]","[295.13, 94]","[304.0, 24]","[307.0, 24]",300.11,216,7.78,0.56
07:32:59,"[298.84, 86]","[295.53, 102]","[304.64, 36]","[308.8, 55]",301.74,279,5.8,0.35
07:33:00,"[302.38, 47]","[299.64, 44]","[306.0, 10]","[307.0, 51]",304.19,152,3.62,0.2
07:33:01,"[304.8, 20]","[303.6, 20]","[306.56, 18]","[307.1, 42]",305.68,100,1.76,-0.2
07:33:02,"[305.02, 61]","[304.22, 23]","[307.0, 50]","[309.0, 10]",306.01,144,1.98,0.17
07:33:03,"[305.0, 55]","[304.0, 22]","[307.81, 26]","[332.73, 30]",306.4,133,2.81,0.16
07:33:04,"[305.0, 35]","[303.14, 14]","[306.67, 12]","[307.39, 31]",305.83,92,1.67,0.07
07:33:05,"[305.11, 82]","[303.96, 46]","[306.89, 45]","[308.94, 33]",306.0,206,1.78,0.24
07:33:06,"[305.05, 38]","[303.5, 24]","[307.0, 32]","[315.0, 8]",306.03,102,1.95,0.22
07:33:07,"[305.0, 42]","[302.0, 14]","[307.0, 28]","[315.0, 7]",306.0,91,2.0,0.23
07:33:08,"[305.0, 30]","[302.0, 10]","[307.0, 17]","[315.0, 5]",306.0,62,2.0,0.29
07:33:09,"[305.0, 68]","[302.0, 24]","[306.94, 32]","[327.1, 21]",305.97,145,1.94,0.27
07:33:10,"[304.25, 40]","[295.3, 47]","[307.27, 33]","[317.0, 11]",305.76,131,3.02,0.33
07:33:11,"[302.0, 26]","[293.0, 91]","[306.86, 35]","[308.17, 29]",304.43,181,4.86,0.29
07:33:12,"[302.0, 22]","[293.0, 77]","[304.91, 22]","[307.93, 29]",303.45,150,2.91,0.32
07:33:13,"[295.16, 63]","[292.4, 70]","[307.59, 29]","[312.0, 17]",301.37,179,12.43,0.49
07:33:14,"[303.22, 64]","[292.99, 140]","[314.0, 10]","[316.0, 30]",308.61,244,10.78,0.67
07:33:15,"[304.0, 70]","[303.0, 60]","[314.0, 10]","[316.0, 30]",309.0,170,10.0,0.53
07:33:16,"[304.15, 91]","[303.0, 78]","[314.0, 13]","[316.0, 39]",309.08,221,9.85,0.53
07:33:17,"[305.83, 83]","[303.62, 52]","[314.0, 14]","[316.0, 42]",309.92,191,8.17,0.41
07:33:18,"[307.85, 13]","[305.0, 26]","[313.53, 19]","[315.82, 33]",310.69,91,5.68,-0.14
07:33:19,"[309.0, 12]","[305.0, 24]","[311.17, 36]","[315.86, 14]",310.08,86,2.17,-0.16
07:33:20,"[307.29, 14]","[303.94, 34]","[311.07, 28]","[318.36, 11]",309.18,87,3.79,0.1
07:33:21,"[306.25, 48]","[303.54, 74]","[315.64, 50]","[317.37, 52]",310.94,224,9.39,0.09
07:33:22,"[307.0, 53]","[305.0, 40]","[314.91, 80]","[317.58, 36]",310.96,209,7.91,-0.11
07:33:23,"[307.0, 20]","[305.0, 20]","[311.53, 19]","[312.45, 11]",309.26,70,4.53,0.14
07:33:24,"[307.0, 22]","[305.0, 22]","[308.47, 15]","[309.78, 18]",307.73,77,1.47,0.14
07:33:25,"[305.78, 23]","[303.5, 56]","[308.33, 21]","[313.5, 28]",307.06,128,2.55,0.23
07:33:26,"[303.14, 58]","[295.8, 120]","[312.79, 19]","[320.37, 41]",307.96,238,9.65,0.5
07:33:27,"[298.11, 123]","[295.23, 162]","[314.79, 38]","[321.72, 68]",306.45,391,16.68,0.46
07:33:28,"[300.52, 46]","[298.25, 64]","[313.82, 11]","[315.82, 33]",307.17,154,13.3,0.43
07:33:29,"[301.32, 124]","[300.87, 46]","[313.0, 17]","[318.0, 51]",307.16,238,11.68,0.43
07:33:30,"[304.21, 28]","[303.04, 92]","[313.0, 13]","[316.15, 39]",308.61,172,8.79,0.4
07:33:31,"[306.64, 28]","[304.71, 42]","[313.0, 12]","[315.0, 36]",309.82,118,6.36,0.19
07:33:32,"[303.18, 68]","[298.85, 40]","[312.5, 10]","[315.0, 30]",307.84,148,9.32,0.46
07:33:33,"[303.0, 104]","[297.0, 91]","[311.82, 34]","[317.62, 39]",307.41,268,8.82,0.46
07:33:34,"[307.62, 104]","[302.41, 71]","[310.56, 9]","[315.23, 26]",309.09,210,2.94,0.67
07:33:35,"[308.0, 93]","[304.15, 54]","[309.62, 8]","[318.0, 16]",308.81,171,1.62,0.72
07:33:36,"[308.0, 64]","[305.0, 48]","[309.0, 8]","[319.2, 20]",308.5,140,1.0,0.6
07:33:37,"[308.0, 42]","[305.0, 42]","[320.0, 46]","[322.0, 21]",314.0,151,12.0,0.11
07:33:38,"[308.0, 36]","[306.0, 24]","[319.93, 43]","[321.3, 23]",313.97,126,11.93,-0.05
07:33:39,"[308.0, 66]","[306.0, 44]","[317.91, 33]","[319.63, 82]",312.95,225,9.91,-0.02
07:33:40,"[307.56, 41]","[304.91, 77]","[315.77, 39]","[317.64, 42]",311.67,199,8.21,0.19
07:33:41,"[307.0, 34]","[305.0, 24]","[314.5, 18]","[318.0, 30]",310.75,106,7.5,0.09
07:33:42,"[307.0, 24]","[305.0, 24]","[313.17, 18]","[316.67, 15]",310.08,81,6.17,0.19
07:33:43,"[307.0, 32]","[305.0, 32]","[311.25, 24]","[318.0, 24]",309.12,112,4.25,0.14
07:33:44,"[306.73, 120]","[304.56, 64]","[310.0, 39]","[318.67, 63]",308.37,286,3.27,0.29
07:33:45,"[307.0, 132]","[302.27, 73]","[310.0, 36]","[319.65, 37]",308.5,278,3.0,0.47
07:33:46,"[307.0, 85]","[305.69, 26]","[308.9, 30]","[312.97, 32]",307.95,173,1.9,0.28
07:33:47,"[307.0, 49]","[305.0, 32]","[310.26, 31]","[320.23, 22]",308.63,134,3.26,0.21
07:33:48,"[307.0, 15]","[305.0, 20]","[318.0, 10]","[321.4, 20]",312.5,65,11.0,0.08
07:33:49,"[307.0, 12]","[305.0, 16]","[318.0, 8]","[322.0, 32]",312.5,68,11.0,-0.18
07:33:50,"[309.18, 55]","[305.75, 32]","[318.0, 18]","[322.0, 72]",313.59,177,8.82,-0.02
07:33:51,"[310.0, 81]","[307.16, 25]","[318.0, 18]","[322.0, 57]",314.0,181,8.0,0.17
07:33:52,"[310.0, 90]","[308.0, 20]","[318.0, 20]","[322.0, 60]",314.0,190,8.0,0.16
07:33:53,"[310.0, 88]","[308.0, 20]","[318.0, 20]","[322.0, 60]",314.0,188,8.0,0.15
07:33:54,"[310.0, 42]","[308.0, 12]","[318.0, 12]","[322.0, 36]",314.0,102,8.0,0.06
07:33:55,"[310.0, 15]","[308.0, 12]","[318.0, 12]","[322.0, 36]",314.0,75,8.0,-0.28
07:33:56,"[310.0, 16]","[308.0, 16]","[318.0, 16]","[322.0, 48]",314.0,96,8.0,-0.33
07:33:57,"[310.0, 14]","[308.0, 14]","[317.12, 16]","[319.74, 19]",313.56,63,7.12,-0.11
07:33:58,"[310.0, 26]","[308.0, 26]","[316.7, 40]","[320.06, 51]",313.35,143,6.7,-0.27
07:33:59,"[310.44, 18]","[308.4, 20]","[316.0, 24]","[319.21, 38]",313.22,100,5.56,-0.24
07:34:00,"[312.0, 10]","[310.0, 10]","[314.51, 35]","[318.72, 39]",313.26,94,2.51,-0.57
07:34:01,"[311.27, 11]","[308.61, 23]","[313.53, 19]","[314.08, 49]",312.4,102,2.25,-0.33
07:34:02,"[310.0, 10]","[308.0, 40]","[312.05, 42]","[313.56, 18]",311.02,110,2.05,-0.09
07:34:03,"[309.14, 14]","[307.94, 34]","[311.71, 35]","[312.17, 30]",310.43,113,2.57,-0.15
07:34:04,"[307.84, 19]","[306.73, 11]","[309.26, 38]","[312.79, 34]",308.55,102,1.42,-0.41
07:34:05,"[306.91, 11]","[305.71, 14]","[308.18, 33]","[311.17, 23]",307.55,81,1.27,-0.38
07:34:06,"[305.27, 22]","[304.43, 56]","[307.56, 27]","[319.0, 30]",306.41,135,2.28,0.16
07:34:07,"[304.07, 92]","[303.37, 35]","[307.4, 30]","[319.44, 48]",305.73,205,3.33,0.24
07:34:08,"[304.0, 60]","[302.0, 10]","[319.0, 40]","[322.0, 30]",311.5,140,15.0,0.0
07:34:09,"[305.68, 107]","[303.49, 35]","[320.29, 42]","[322.45, 22]",312.98,206,14.6,0.38
07:34:10,"[310.0, 135]","[305.0, 100]","[318.24, 63]","[322.26, 54]",314.12,352,8.24,0.34
07:34:11,"[310.0, 100]","[305.0, 120]","[312.18, 22]","[318.0, 48]",311.09,290,2.18,0.52
07:34:12,"[310.0, 80]","[305.0, 108]","[311.17, 36]","[317.74, 27]",310.58,251,1.17,0.5
07:34:13,"[310.0, 61]","[305.0, 156]","[313.31, 26]","[323.76, 49]",311.65,292,3.31,0.49
07:34:14,"[309.85, 39]","[306.29, 84]","[321.05, 41]","[323.0, 55]",315.45,219,11.2,0.12
07:34:15,"[308.0, 12]","[305.0, 48]","[318.0, 8]","[321.0, 20]",313.0,88,10.0,0.36
07:34:16,"[308.0, 21]","[305.0, 84]","[320.31, 26]","[321.7, 23]",314.15,154,12.31,0.36
07:34:17,"[308.0, 15]","[305.0, 60]","[321.0, 25]","[323.0, 10]",314.5,110,13.0,0.36
07:34:18,"[308.0, 24]","[305.0, 96]","[321.0, 40]","[323.0, 16]",314.5,176,13.0,0.36
07:34:19,"[308.0, 30]","[305.0, 120]","[321.0, 50]","[323.0, 20]",314.5,220,13.0,0.36
07:34:20,"[308.0, 27]","[305.0, 108]","[320.77, 39]","[321.89, 27]",314.38,201,12.77,0.34
07:34:21,"[308.0, 41]","[305.0, 168]","[318.27, 44]","[319.81, 68]",313.14,321,10.27,0.3
07:34:22,"[308.0, 88]","[305.15, 156]","[316.12, 74]","[317.28, 54]",312.06,372,8.12,0.31
07:34:23,"[308.0, 52]","[307.0, 33]","[316.0, 55]","[317.14, 35]",312.0,175,8.0,-0.03
07:34:24,"[308.0, 64]","[307.0, 48]","[315.56, 80]","[319.7, 47]",311.78,239,7.56,-0.06
07:34:25,"[307.93, 43]","[306.97, 31]","[314.0, 55]","[315.0, 55]",310.97,184,6.07,-0.2
07:34:26,"[307.0, 24]","[306.0, 8]","[313.75, 40]","[315.0, 40]",310.38,112,6.75,-0.43
07:34:27,"[307.0, 22]","[306.0, 12]","[311.5, 60]","[313.5, 60]",309.25,154,4.5,-0.56
07:34:28,"[307.0, 8]","[306.0, 8]","[311.0, 40]","[312.0, 40]",309.0,96,4.0,-0.67
07:34:29,"[305.95, 19]","[305.06, 17]","[310.0, 50]","[311.0, 50]",307.97,136,4.05,-0.47
07:34:30,"[305.0, 100]","[304.0, 80]","[306.7, 50]","[308.0, 50]",305.85,280,1.7,0.29
07:34:31,"[305.0, 110]","[304.0, 88]","[306.0, 55]","[307.0, 55]",305.5,308,1.0,0.29
07:34:32,"[305.0, 75]","[304.0, 88]","[306.64, 55]","[313.05, 43]",305.82,261,1.64,0.25
07:34:33,"[304.17, 87]","[303.14, 42]","[309.46, 39]","[318.56, 45]",306.82,213,5.29,0.21
07:34:34,"[305.68, 152]","[303.75, 64]","[314.31, 13]","[315.71, 28]",310.0,257,8.62,0.68
07:34:35,"[307.45, 124]","[305.81, 168]","[313.02, 53]","[314.13, 15]",310.24,360,5.57,0.62
07:34:36,"[309.0, 60]","[306.0, 160]","[312.23, 13]","[313.4, 40]",310.62,273,3.23,0.61
07:34:37,"[310.2, 30]","[307.59, 68]","[313.0, 32]","[317.0, 32]",311.6,162,2.8,0.21
07:34:38,"[311.0, 39]","[309.0, 78]","[313.0, 52]","[317.0, 34]",312.0,203,2.0,0.15
07:34:39,"[311.0, 45]","[309.0, 90]","[312.96, 54]","[316.06, 34]",311.98,223,1.96,0.21
07:34:40,"[309.0, 60]","[305.0, 40]","[311.23, 13]","[312.32, 37]",310.12,150,2.23,0.33
07:34:41,"[309.0, 31]","[305.0, 36]","[310.0, 9]","[315.45, 22]",309.5,98,1.0,0.37
07:34:42,"[304.31, 157]","[303.6, 50]","[318.32, 37]","[321.28, 43]",311.32,287,14.01,0.44
07:34:43,"[304.0, 112]","[298.56, 32]","[319.0, 28]","[323.0, 35]",311.5,207,15.0,0.39
07:34:44,"[304.2, 150]","[302.78, 83]","[319.0, 48]","[393.0, 36]",311.6,317,14.8,0.47
07:34:45,"[309.0, 18]","[303.87, 92]","[319.0, 36]","[463.3, 20]",314.0,166,10.0,0.33
07:34:46,"[309.0, 22]","[303.0, 33]","[318.55, 44]","[321.37, 38]",313.77,137,9.55,-0.2
07:34:47,"[309.0, 22]","[303.0, 33]","[316.27, 44]","[318.18, 44]",312.64,143,7.27,-0.23
07:34:48,"[306.33, 24]","[302.57, 56]","[314.0, 42]","[315.0, 56]",310.17,178,7.67,-0.1
07:34:49,"[303.0, 34]","[301.0, 102]","[310.74, 66]","[311.95, 65]",306.87,267,7.74,0.02
07:34:50,"[303.0, 24]","[298.52, 79]","[308.92, 48]","[311.0, 48]",305.96,199,5.92,0.04
07:34:51,"[303.0, 26]","[297.0, 91]","[304.67, 45]","[306.04, 46]",303.83,208,1.67,0.12
07:34:52,"[297.33, 83]","[295.79, 53]","[301.66, 53]","[302.57, 63]",299.49,252,4.34,0.08
07:34:53,"[298.08, 38]","[295.5, 36]","[301.0, 45]","[302.0, 56]",299.54,175,2.92,-0.15
07:34:54,"[296.29, 42]","[293.95, 82]","[300.0, 20]","[301.0, 20]",298.14,164,3.71,0.51
07:34:55,"[294.0, 75]","[292.0, 11]","[298.0, 34]","[299.64, 25]",296.0,145,4.0,0.19
07:34:56,"[294.0, 66]","[292.0, 11]","[297.38, 29]","[301.92, 26]",295.69,132,3.38,0.17
07:34:57,"[294.33, 72]","[293.22, 79]","[296.71, 42]","[301.67, 36]",295.52,229,2.38,0.32
07:34:58,"[292.73, 33]","[291.11, 55]","[301.0, 9]","[303.0, 27]",296.86,124,8.27,0.42
07:34:59,"[291.77, 31]","[290.98, 57]","[301.0, 9]","[303.0, 27]",296.39,124,9.23,0.42
07:35:00,"[291.0, 42]","[290.0, 6]","[299.5, 10]","[302.88, 16]",295.25,74,8.5,0.3
07:35:01,"[291.0, 84]","[290.0, 12]","[298.0, 36]","[301.0, 12]",294.5,144,7.0,0.33
07:35:02,"[292.04, 46]","[289.92, 25]","[298.0, 42]","[301.0, 14]",295.02,127,5.96,0.12
07:35:03,"[297.0, 12]","[289.26, 27]","[298.0, 31]","[301.0, 12]",297.5,82,1.0,-0.05
07:35:04,"[291.17, 12]","[289.05, 42]","[298.0, 23]","[303.0, 36]",294.58,113,6.83,-0.04
07:35:05,"[290.0, 9]","[289.0, 15]","[303.0, 27]","[306.0, 72]",296.5,123,13.0,-0.61
07:35:06,"[290.0, 9]","[289.0, 9]","[305.66, 53]","[307.87, 30]",297.83,101,15.66,-0.64
07:35:07,"[290.0, 10]","[289.0, 10]","[306.0, 65]","[310.0, 20]",298.0,105,16.0,-0.62
07:35:08,"[290.0, 11]","[289.0, 11]","[305.47, 60]","[306.18, 68]",297.73,150,15.47,-0.71
07:35:09,"[292.39, 36]","[290.47, 19]","[303.28, 36]","[305.0, 72]",297.83,163,10.89,-0.33
07:35:10,"[293.0, 26]","[291.0, 26]","[302.0, 52]","[303.0, 26]",297.5,130,9.0,-0.2
07:35:11,"[293.0, 16]","[291.0, 16]","[302.0, 32]","[303.0, 16]",297.5,80,9.0,-0.2
07:35:12,"[294.8, 30]","[294.0, 36]","[302.0, 52]","[303.0, 26]",298.4,144,7.2,-0.08
07:35:13,"[297.89, 18]","[296.89, 18]","[302.0, 36]","[303.0, 18]",299.94,90,4.11,-0.2
07:35:14,"[299.72, 43]","[298.21, 29]","[302.0, 49]","[303.0, 26]",300.86,147,2.28,-0.02
07:35:15,"[301.0, 48]","[293.0, 24]","[302.15, 26]","[304.0, 30]",301.58,128,1.15,0.12
07:35:16,"[301.06, 36]","[288.0, 20]","[303.0, 20]","[306.0, 62]",302.03,138,1.94,-0.19
07:35:17,"[302.0, 62]","[291.0, 11]","[303.0, 22]","[306.0, 88]",302.5,183,1.0,-0.2
07:35:18,"[297.29, 21]","[287.31, 39]","[303.0, 16]","[306.0, 96]",300.14,172,5.71,-0.3
07:35:19,"[291.0, 8]","[287.0, 32]","[302.58, 12]","[305.95, 57]",296.79,109,11.58,-0.27
07:35:20,"[291.0, 7]","[287.0, 28]","[296.0, 30]","[296.15, 27]",293.5,92,5.0,-0.24
07:35:21,"[291.57, 14]","[287.14, 56]","[293.22, 54]","[294.86, 70]",292.4,194,1.65,-0.28
07:35:22,"[287.78, 41]","[285.82, 44]","[294.0, 45]","[298.0, 65]",290.89,195,6.22,-0.13
07:35:23,"[287.0, 23]","[285.2, 20]","[294.0, 36]","[297.43, 42]",290.5,121,7.0,-0.29
07:35:24,"[287.0, 7]","[286.0, 7]","[304.0, 28]","[309.0, 21]",295.5,63,17.0,-0.56
07:35:25,"[287.0, 10]","[283.6, 20]","[304.0, 38]","[309.0, 30]",295.5,98,17.0,-0.39
07:35:26,"[287.0, 7]","[284.75, 16]","[307.95, 19]","[310.5, 20]",297.47,62,20.95,-0.26
07:35:27,"[287.0, 9]","[286.0, 27]","[309.0, 27]","[311.23, 26]",298.0,89,22.0,-0.19
07:35:28,"[289.05, 22]","[286.94, 16]","[309.0, 21]","[312.0, 28]",299.02,87,19.95,-0.13
07:35:29,"[304.95, 19]","[293.36, 25]","[309.0, 33]","[312.0, 44]",306.97,121,4.05,-0.27
07:35:30,"[307.0, 8]","[294.03, 29]","[309.0, 24]","[312.0, 32]",308.0,93,2.0,-0.2
07:35:31,"[295.1, 10]","[294.48, 23]","[308.7, 30]","[311.45, 38]",301.9,101,13.6,-0.35
07:35:32,"[291.5, 14]","[290.13, 15]","[306.06, 54]","[307.0, 45]",298.78,128,14.56,-0.55
07:35:33,"[293.41, 17]","[291.4, 25]","[303.14, 49]","[305.67, 64]",298.28,155,9.73,-0.46
07:35:34,"[295.0, 11]","[291.0, 22]","[297.13, 39]","[299.94, 32]",296.06,104,2.13,-0.37
07:35:35,"[295.81, 31]","[290.9, 21]","[296.7, 20]","[297.92, 49]",296.25,121,0.89,-0.14
07:35:36,"[296.0, 25]","[290.0, 10]","[297.77, 13]","[300.57, 21]",296.88,69,1.77,0.01
07:35:37,"[293.9, 41]","[289.15, 66]","[301.82, 45]","[307.49, 49]",297.86,201,7.92,0.06
07:35:38,"[289.07, 30]","[288.47, 15]","[307.0, 35]","[367.5, 16]",298.03,96,17.93,-0.06
07:35:39,"[289.0, 42]","[288.0, 12]","[307.0, 36]","[363.67, 24]",298.0,114,18.0,-0.05
07:35:40,"[289.0, 42]","[288.0, 12]","[307.0, 24]","[414.43, 14]",298.0,92,18.0,0.17
07:35:41,"[289.42, 48]","[288.31, 90]","[306.08, 72]","[329.63, 73]",297.75,283,16.67,-0.02
07:35:42,"[289.35, 83]","[287.62, 117]","[304.8, 80]","[511.0, 36]",297.07,316,15.45,0.27
07:35:43,"[290.0, 112]","[288.0, 90]","[297.64, 22]","[305.2, 40]",293.82,264,7.64,0.53
07:35:44,"[290.0, 96]","[288.0, 72]","[299.62, 16]","[313.5, 32]",294.81,216,9.62,0.56
07:35:45,"[290.0, 170]","[288.0, 135]","[293.0, 75]","[306.67, 60]",291.5,440,3.0,0.39
07:35:46,"[290.0, 90]","[288.0, 81]","[293.0, 45]","[305.09, 22]",291.5,238,3.0,0.44
07:35:47,"[291.08, 156]","[289.45, 88]","[293.0, 56]","[304.0, 24]",292.04,324,1.92,0.51
07:35:48,"[291.48, 97]","[287.41, 58]","[298.73, 37]","[304.8, 30]",295.11,222,7.25,0.4
07:35:49,"[291.0, 140]","[287.07, 122]","[301.0, 30]","[304.62, 26]",296.0,318,10.0,0.65
07:35:50,"[291.0, 154]","[287.0, 187]","[418.2, 30]","[435.0, 32]",354.6,403,127.2,0.69
07:35:51,"[291.0, 158]","[287.0, 221]","[455.38, 42]","[541.46, 37]",373.19,458,164.38,0.66
07:35:52,"[293.04, 159]","[288.29, 216]","[339.88, 48]","[399.78, 55]",316.46,478,46.84,0.57
07:35:53,"[303.0, 42]","[295.17, 23]","[324.23, 47]","[476.78, 45]",313.62,157,21.23,-0.17
07:35:54,"[298.29, 85]","[296.89, 36]","[321.89, 38]","[322.98, 41]",310.09,200,23.6,0.21
07:35:55,"[300.2, 100]","[299.0, 50]","[319.18, 38]","[320.34, 32]",309.69,220,18.98,0.36
07:35:56,"[301.44, 90]","[300.91, 86]","[316.36, 45]","[317.33, 51]",308.9,272,14.91,0.29
07:35:57,"[303.84, 62]","[302.85, 137]","[312.34, 58]","[313.23, 61]",308.09,318,8.51,0.25
07:35:58,"[302.12, 85]","[301.03, 155]","[305.33, 54]","[306.48, 58]",303.73,352,3.22,0.36
07:35:59,"[303.19, 100]","[302.13, 46]","[353.64, 39]","[426.4, 40]",328.42,225,50.45,0.3
07:36:00,"[304.56, 32]","[303.71, 28]","[543.0, 32]","[668.63, 19]",423.78,111,238.44,0.08
07:36:01,"[306.0, 21]","[304.43, 35]","[404.53, 30]","[502.48, 33]",355.27,119,98.53,-0.06
07:36:02,"[306.0, 39]","[305.0, 65]","[333.6, 63]","[378.55, 58]",319.8,225,27.6,-0.08
07:36:03,"[306.7, 30]","[305.64, 56]","[358.76, 38]","[420.88, 64]",332.73,188,52.06,-0.09
07:36:04,"[309.0, 9]","[308.0, 18]","[343.06, 17]","[358.44, 41]",326.03,85,34.06,-0.36
07:36:05,"[303.98, 43]","[302.72, 54]","[310.67, 48]","[315.08, 60]",307.32,205,6.69,-0.05
07:36:06,"[303.19, 43]","[302.49, 81]","[306.91, 23]","[307.85, 67]",305.05,214,3.73,0.16
07:36:07,"[303.51, 41]","[302.68, 74]","[305.45, 53]","[393.73, 55]",304.48,223,1.94,0.03
07:36:08,"[304.14, 72]","[302.25, 80]","[346.49, 76]","[429.42, 60]",325.31,288,42.35,0.06
07:36:09,"[307.0, 14]","[302.0, 55]","[318.86, 35]","[321.03, 37]",312.93,141,11.86,-0.02
07:36:10,"[307.0, 12]","[302.0, 60]","[312.58, 36]","[313.73, 40]",309.79,148,5.58,-0.03
07:36:11,"[303.21, 33]","[301.23, 65]","[308.8, 40]","[309.79, 42]",306.01,180,5.59,0.09
07:36:12,"[300.87, 62]","[299.59, 51]","[303.46, 39]","[310.13, 46]",302.17,198,2.59,0.14
07:36:13,"[300.0, 42]","[299.0, 36]","[309.49, 37]","[319.41, 39]",304.74,154,9.49,0.01
07:36:14,"[300.0, 26]","[299.0, 39]","[315.53, 38]","[316.18, 34]",307.76,137,15.53,-0.05
07:36:15,"[300.88, 80]","[299.48, 29]","[312.67, 21]","[315.16, 37]",306.77,167,11.79,0.31
07:36:16,"[303.13, 115]","[300.12, 80]","[310.54, 26]","[312.0, 41]",306.83,262,7.41,0.49
07:36:17,"[303.64, 110]","[299.65, 103]","[309.07, 15]","[314.53, 76]",306.35,304,5.43,0.4
07:36:18,"[302.0, 100]","[298.0, 70]","[306.3, 10]","[315.0, 50]",304.15,230,4.3,0.48
07:36:19,"[302.26, 92]","[300.4, 100]","[305.71, 14]","[317.61, 114]",303.99,320,3.45,0.2
07:36:20,"[302.0, 121]","[298.0, 43]","[312.24, 25]","[318.16, 74]",307.12,263,10.24,0.25
07:36:21,"[303.28, 75]","[301.25, 48]","[318.0, 75]","[319.0, 52]",310.64,250,14.72,-0.02
07:36:22,"[303.38, 29]","[301.89, 92]","[317.3, 54]","[318.78, 45]",310.34,220,13.92,0.1
07:36:23,"[307.2, 40]","[302.62, 52]","[316.0, 93]","[352.77, 35]",311.6,220,8.8,-0.16
07:36:24,"[308.0, 36]","[304.0, 18]","[316.0, 81]","[449.65, 34]",312.0,169,8.0,-0.36
07:36:25,"[304.0, 7]","[302.0, 63]","[316.0, 63]","[358.43, 21]",310.0,154,12.0,-0.09
07:36:26,"[304.7, 20]","[302.23, 61]","[316.0, 117]","[351.0, 39]",310.35,237,11.3,-0.32
07:36:27,"[302.0, 54]","[297.0, 15]","[316.0, 37]","[351.0, 18]",309.0,124,14.0,0.11
07:36:28,"[302.0, 90]","[296.0, 40]","[316.0, 70]","[490.2, 30]",309.0,230,14.0,0.13
07:36:29,"[302.11, 111]","[297.74, 62]","[316.0, 91]","[408.09, 46]",309.05,310,13.89,0.12
07:36:30,"[303.43, 42]","[302.0, 63]","[316.0, 49]","[368.0, 28]",309.71,182,12.57,0.15
07:36:31,"[305.54, 78]","[302.0, 117]","[316.0, 91]","[359.9, 40]",310.77,326,10.46,0.2
07:36:32,"[306.0, 54]","[302.0, 81]","[314.71, 35]","[321.49, 47]",310.36,217,8.71,0.24
07:36:33,"[306.0, 52]","[304.0, 110]","[312.08, 13]","[313.29, 28]",309.04,203,6.08,0.6
07:36:34,"[306.2, 54]","[304.71, 154]","[308.88, 49]","[310.5, 34]",307.54,291,2.67,0.43
07:36:35,"[304.68, 41]","[303.96, 135]","[310.88, 16]","[316.47, 43]",307.78,235,6.19,0.5
07:36:36,"[304.0, 65]","[302.0, 9]","[312.62, 13]","[317.38, 29]",308.31,116,8.62,0.28
07:36:37,"[304.0, 65]","[302.0, 13]","[316.0, 39]","[320.38, 63]",310.0,180,12.0,-0.13
07:36:38,"[308.7, 46]","[303.82, 22]","[316.0, 18]","[320.0, 30]",312.35,116,7.3,0.17
07:36:39,"[307.05, 61]","[303.96, 51]","[316.0, 33]","[320.0, 55]",311.52,200,8.95,0.12
07:36:40,"[305.0, 55]","[304.0, 55]","[315.0, 55]","[316.55, 33]",310.0,198,10.0,0.11
07:36:41,"[305.0, 50]","[304.0, 50]","[313.5, 50]","[317.0, 30]",309.25,180,8.5,0.11
07:36:42,"[305.98, 230]","[304.94, 80]","[312.0, 80]","[316.0, 80]",308.99,470,6.02,0.32
07:36:43,"[306.0, 165]","[305.0, 55]","[311.36, 55]","[315.82, 55]",308.68,330,5.36,0.33
07:36:44,"[306.0, 180]","[305.0, 60]","[310.0, 60]","[315.17, 60]",308.0,360,4.0,0.33
07:36:45,"[306.0, 255]","[305.0, 85]","[308.55, 73]","[317.0, 109]",307.27,522,2.55,0.3
07:36:46,"[306.0, 165]","[305.0, 55]","[315.54, 41]","[317.53, 57]",310.77,318,9.54,0.38
07:36:47,"[306.0, 195]","[305.0, 65]","[315.84, 31]","[316.89, 57]",310.92,348,9.84,0.49
07:36:48,"[306.0, 171]","[305.0, 65]","[313.58, 38]","[314.85, 26]",309.79,300,7.58,0.57
07:36:49,"[306.17, 178]","[305.57, 138]","[311.06, 72]","[314.0, 36]",308.61,424,4.89,0.49
07:36:50,"[307.31, 59]","[306.08, 142]","[312.59, 34]","[314.96, 47]",309.95,282,5.28,0.43
07:36:51,"[307.81, 31]","[306.36, 72]","[310.77, 26]","[313.97, 31]",309.29,160,2.96,0.29
07:36:52,"[306.09, 114]","[305.62, 105]","[308.92, 26]","[313.12, 33]",307.51,278,2.84,0.58
07:36:53,"[306.0, 125]","[305.0, 50]","[308.1, 20]","[310.6, 30]",307.05,225,2.1,0.56
07:36:54,"[306.0, 156]","[305.0, 65]","[308.0, 26]","[316.0, 39]",307.0,286,2.0,0.55
07:36:55,"[306.0, 84]","[305.0, 35]","[307.0, 14]","[316.0, 21]",306.5,154,1.0,0.55
07:36:56,"[306.0, 80]","[305.0, 40]","[316.0, 24]","[320.0, 16]",311.0,160,10.0,0.5
07:36:57,"[306.0, 60]","[305.0, 30]","[317.0, 16]","[322.0, 16]",311.5,122,11.0,0.48
07:36:58,"[306.04, 71]","[305.43, 70]","[316.0, 30]","[321.71, 28]",311.02,199,9.96,0.42
07:36:59,"[306.0, 88]","[304.61, 31]","[315.0, 33]","[320.15, 33]",310.5,185,9.0,0.29
07:37:00,"[306.0, 72]","[304.0, 60]","[315.0, 38]","[319.0, 60]",310.5,230,9.0,0.15
07:37:01,"[306.0, 44]","[304.0, 55]","[314.61, 41]","[317.98, 47]",310.3,187,8.61,0.06
07:37:02,"[307.71, 84]","[304.7, 69]","[314.0, 52]","[315.08, 39]",310.86,244,6.29,0.25
07:37:03,"[310.0, 108]","[306.11, 57]","[314.0, 48]","[316.0, 36]",312.0,249,4.0,0.33
07:37:04,"[310.0, 87]","[308.0, 11]","[312.64, 44]","[316.86, 64]",311.32,206,2.64,-0.05
07:37:05,"[310.0, 91]","[308.0, 13]","[312.0, 52]","[317.57, 47]",311.0,203,2.0,0.02
07:37:06,"[310.0, 41]","[308.0, 11]","[316.51, 35]","[322.05, 63]",313.26,150,6.51,-0.31
07:37:07,"[309.67, 27]","[307.6, 10]","[315.78, 27]","[321.8, 45]",312.72,109,6.11,-0.32
07:37:08,"[307.0, 33]","[306.0, 22]","[318.36, 33]","[322.56, 61]",312.68,149,11.36,-0.26
07:37:09,"[307.0, 19]","[306.0, 34]","[320.0, 51]","[375.76, 55]",313.5,159,13.0,-0.33
07:37:10,"[306.4, 5]","[305.4, 10]","[320.0, 15]","[321.0, 10]",313.2,40,13.6,-0.25
07:37:11,"[305.73, 11]","[304.52, 31]","[319.18, 33]","[320.09, 45]",312.45,120,13.45,-0.3
07:37:12,"[305.0, 11]","[304.0, 58]","[318.07, 45]","[319.14, 35]",311.53,149,13.07,-0.07
07:37:13,"[304.67, 9]","[303.95, 38]","[317.44, 27]","[318.2, 30]",311.06,104,12.78,-0.1
07:37:14,"[304.0, 30]","[303.0, 20]","[315.2, 30]","[316.2, 30]",309.6,110,11.2,-0.09
07:37:15,"[304.0, 21]","[303.0, 14]","[313.16, 19]","[315.71, 21]",308.58,75,9.16,-0.07
07:37:16,"[304.0, 21]","[303.0, 14]","[313.71, 21]","[315.16, 19]",308.86,75,9.71,-0.07
07:37:17,"[304.0, 30]","[303.0, 20]","[312.2, 30]","[314.0, 50]",308.1,130,8.2,-0.23
07:37:18,"[303.76, 51]","[302.6, 30]","[308.8, 45]","[312.28, 61]",306.28,187,5.04,-0.13
07:37:19,"[304.0, 153]","[303.0, 34]","[307.35, 51]","[308.76, 51]",305.68,289,3.35,0.29
07:37:20,"[304.0, 99]","[303.0, 24]","[305.33, 36]","[307.0, 36]",304.67,195,1.33,0.26
07:37:21,"[303.78, 46]","[302.67, 30]","[305.0, 45]","[313.26, 68]",304.39,189,1.22,-0.2
07:37:22,"[301.16, 38]","[298.05, 86]","[303.5, 48]","[310.87, 68]",302.33,240,2.34,0.03
07:37:23,"[297.15, 94]","[296.44, 86]","[314.61, 66]","[319.19, 86]",305.88,332,17.46,0.08
07:37:24,"[303.82, 17]","[297.31, 58]","[314.0, 26]","[315.0, 113]",308.91,214,10.18,-0.3
07:37:25,"[309.0, 13]","[298.0, 128]","[312.57, 51]","[314.12, 59]",310.78,251,3.57,0.12
07:37:26,"[298.87, 76]","[297.24, 74]","[309.31, 52]","[313.48, 77]",304.09,279,10.44,0.08
07:37:27,"[298.0, 120]","[294.17, 24]","[305.83, 24]","[307.54, 52]",301.92,220,7.83,0.31
07:37:28,"[299.67, 45]","[297.91, 136]","[305.73, 45]","[308.53, 73]",302.7,299,6.07,0.21
07:37:29,"[303.0, 13]","[298.0, 130]","[304.76, 34]","[308.1, 63]",303.88,240,1.76,0.19
07:37:30,"[298.45, 55]","[297.5, 60]","[304.6, 40]","[310.0, 30]",301.53,185,6.15,0.24
07:37:31,"[298.0, 90]","[295.0, 18]","[303.6, 35]","[312.18, 33]",300.8,176,5.6,0.23
07:37:32,"[304.62, 58]","[297.44, 82]","[309.0, 22]","[313.78, 37]",306.81,199,4.38,0.41
07:37:33,"[304.16, 38]","[297.17, 120]","[307.66, 41]","[308.92, 39]",305.91,238,3.5,0.33
07:37:34,"[299.67, 24]","[297.05, 82]","[306.0, 20]","[310.2, 30]",302.83,156,6.33,0.36
07:37:35,"[300.0, 136]","[297.24, 17]","[304.94, 34]","[312.94, 51]",302.47,238,4.94,0.29
07:37:36,"[300.05, 84]","[296.0, 13]","[303.38, 26]","[313.0, 63]",301.72,186,3.34,0.04
07:37:37,"[299.9, 31]","[293.35, 49]","[309.05, 42]","[313.43, 90]",304.48,212,9.14,-0.25
07:37:38,"[294.14, 72]","[291.19, 42]","[313.9, 116]","[412.07, 45]",304.02,275,19.76,-0.17
07:37:39,"[296.77, 35]","[295.04, 68]","[314.0, 88]","[531.0, 24]",305.39,215,17.23,-0.04
07:37:40,"[308.0, 27]","[305.0, 9]","[314.0, 99]","[533.08, 25]",311.0,160,6.0,-0.55
07:37:41,"[308.0, 21]","[306.0, 7]","[314.0, 52]","[321.0, 15]",311.0,95,6.0,-0.41
07:37:42,"[307.5, 20]","[305.5, 10]","[314.0, 49]","[340.71, 28]",310.75,107,6.5,-0.44
07:37:43,"[307.04, 25]","[296.91, 66]","[314.0, 52]","[315.0, 26]",310.52,169,6.96,0.08
07:37:44,"[296.58, 38]","[278.86, 35]","[314.0, 36]","[315.0, 18]",305.29,127,17.42,0.15
07:37:45,"[308.0, 8]","[301.76, 41]","[314.0, 32]","[315.0, 16]",311.0,97,6.0,0.01
07:37:46,"[308.0, 4]","[303.0, 18]","[314.0, 16]","[315.0, 8]",311.0,46,6.0,-0.04
07:37:47,"[308.0, 6]","[305.0, 12]","[314.0, 24]","[315.0, 12]",311.0,54,6.0,-0.33
07:37:48,"[308.0, 7]","[305.0, 14]","[314.0, 28]","[315.0, 14]",311.0,63,6.0,-0.33
07:37:49,"[308.0, 9]","[305.0, 18]","[313.5, 40]","[314.38, 26]",310.75,93,5.5,-0.42
07:37:50,"[308.0, 10]","[306.08, 13]","[313.0, 50]","[314.0, 26]",310.5,99,5.0,-0.54
07:37:51,"[303.03, 29]","[305.0, 7]","[313.0, 35]","[314.0, 21]",308.02,92,9.97,-0.22
07:37:52,"[302.0, 132]","[300.0, 11]","[312.55, 55]","[314.11, 27]",307.27,225,10.55,0.27
07:37:53,"[302.0, 180]","[300.0, 15]","[311.4, 75]","[315.07, 27]",306.7,297,9.4,0.31
07:37:54,"[302.0, 118]","[300.0, 10]","[309.3, 50]","[310.17, 42]",305.65,220,7.3,0.16
07:37:55,"[302.04, 114]","[301.38, 32]","[307.92, 60]","[308.92, 60]",304.98,266,5.88,0.1
07:37:56,"[303.0, 26]","[302.0, 143]","[306.15, 65]","[307.15, 65]",304.58,299,3.15,0.13
07:37:57,"[302.26, 62]","[301.86, 83]","[304.92, 65]","[305.92, 65]",303.59,275,2.67,0.05
07:37:58,"[301.71, 82]","[297.65, 23]","[303.21, 71]","[307.32, 75]",302.46,251,1.5,-0.16
07:37:59,"[298.0, 9]","[296.0, 18]","[303.0, 45]","[315.89, 27]",300.5,99,5.0,-0.45
07:38:00,"[298.0, 9]","[296.0, 18]","[302.68, 37]","[317.0, 27]",300.34,91,4.68,-0.41
07:38:01,"[299.29, 14]","[296.24, 25]","[309.3, 33]","[336.94, 33]",304.29,105,10.02,-0.26
07:38:02,"[300.0, 29]","[295.58, 31]","[308.92, 12]","[310.18, 22]",304.46,94,8.92,0.28
07:38:03,"[297.59, 69]","[295.41, 73]","[306.1, 52]","[309.52, 29]",301.85,223,8.5,0.27
07:38:04,"[300.11, 88]","[297.63, 19]","[305.08, 25]","[306.03, 77]",302.6,209,4.97,0.02
07:38:05,"[301.24, 99]","[299.59, 51]","[303.37, 93]","[307.44, 43]",302.3,286,2.12,0.05
07:38:06,"[303.57, 70]","[300.84, 64]","[307.5, 30]","[311.8, 69]",305.54,233,3.93,0.15
07:38:07,"[304.0, 91]","[302.0, 70]","[310.0, 14]","[312.0, 70]",307.0,245,6.0,0.31
07:38:08,"[304.0, 114]","[302.0, 85]","[308.0, 17]","[312.76, 85]",306.0,301,4.0,0.32
07:38:09,"[304.0, 22]","[302.65, 85]","[305.73, 15]","[312.7, 47]",304.87,169,1.73,0.27
07:38:10,"[302.57, 49]","[299.88, 93]","[305.07, 28]","[314.07, 55]",303.82,225,2.5,0.26
07:38:11,"[302.0, 105]","[293.0, 84]","[303.81, 21]","[314.38, 104]",302.9,314,1.81,0.2
07:38:12,"[303.4, 137]","[300.85, 108]","[314.82, 84]","[316.59, 82]",309.11,411,11.42,0.19
07:38:13,"[307.0, 36]","[304.33, 126]","[314.0, 9]","[315.0, 36]",310.5,207,7.0,0.57
07:38:14,"[307.0, 44]","[306.0, 154]","[312.45, 11]","[315.0, 44]",309.73,253,5.45,0.57
07:38:15,"[307.0, 48]","[306.0, 168]","[310.25, 12]","[315.0, 48]",308.62,276,3.25,0.57
07:38:16,"[307.0, 44]","[306.0, 154]","[310.0, 11]","[315.0, 48]",308.5,257,3.0,0.54
07:38:17,"[307.0, 32]","[306.0, 112]","[309.6, 10]","[314.8, 50]",308.3,204,2.6,0.41
07:38:18,"[307.0, 41]","[306.0, 168]","[308.87, 23]","[314.06, 34]",307.93,266,1.87,0.57
07:38:19,"[307.0, 31]","[306.0, 182]","[312.24, 34]","[316.69, 52]",309.62,299,5.24,0.42
07:38:20,"[309.29, 21]","[306.05, 74]","[317.0, 36]","[318.09, 44]",313.14,175,7.71,0.09
07:38:21,"[309.4, 35]","[306.07, 105]","[315.76, 17]","[317.58, 67]",312.58,224,6.36,0.25
07:38:22,"[306.29, 31]","[305.97, 130]","[315.0, 11]","[316.0, 45]",310.65,217,8.71,0.48
07:38:23,"[306.0, 62]","[305.0, 18]","[315.0, 9]","[316.0, 27]",310.5,116,9.0,0.38
07:38:24,"[306.0, 66]","[305.0, 22]","[313.73, 11]","[316.9, 41]",309.86,140,7.73,0.26
07:38:25,"[306.0, 54]","[305.0, 18]","[312.11, 9]","[317.82, 51]",309.06,132,6.11,0.09
07:38:26,"[306.0, 60]","[305.0, 20]","[314.55, 31]","[316.53, 34]",310.27,145,8.55,0.1
07:38:27,"[306.0, 36]","[305.0, 16]","[313.1, 30]","[314.65, 37]",309.55,119,7.1,-0.13
07:38:28,"[306.0, 24]","[305.0, 12]","[310.82, 22]","[313.31, 26]",308.41,84,4.82,-0.14
07:38:29,"[306.0, 36]","[305.0, 18]","[309.33, 45]","[311.0, 27]",307.67,126,3.33,-0.14
07:38:30,"[305.82, 44]","[303.59, 34]","[307.31, 45]","[311.69, 55]",306.56,178,1.49,-0.12
07:38:31,"[302.6, 25]","[299.6, 50]","[305.7, 30]","[319.0, 40]",304.15,145,3.1,0.03
07:38:32,"[300.29, 35]","[297.14, 58]","[303.8, 15]","[315.93, 46]",302.04,154,3.51,0.21
07:38:33,"[296.21, 28]","[292.19, 62]","[304.0, 11]","[317.24, 34]",300.11,135,7.79,0.33
07:38:34,"[295.12, 16]","[292.05, 74]","[316.48, 25]","[320.72, 43]",305.8,158,21.36,0.14
07:38:35,"[310.0, 4]","[294.97, 31]","[317.0, 12]","[321.0, 20]",313.5,67,7.0,0.04
07:38:36,"[310.0, 9]","[303.27, 55]","[317.0, 27]","[321.0, 45]",313.5,136,7.0,-0.06
07:38:37,"[310.0, 8]","[308.0, 55]","[317.0, 24]","[321.0, 40]",313.5,127,7.0,-0.01
07:38:38,"[310.0, 5]","[308.0, 40]","[317.0, 15]","[321.0, 25]",313.5,85,7.0,0.06
07:38:39,"[310.0, 11]","[308.0, 88]","[317.0, 33]","[321.0, 55]",313.5,187,7.0,0.06
07:38:40,"[308.1, 21]","[307.1, 21]","[317.0, 18]","[321.0, 26]",312.55,86,8.9,-0.02
07:38:41,"[307.55, 33]","[306.71, 35]","[317.0, 33]","[321.0, 11]",312.27,112,9.45,0.21
07:38:42,"[307.0, 39]","[305.2, 15]","[317.0, 39]","[321.0, 13]",312.0,106,10.0,0.02
07:38:43,"[307.0, 36]","[306.0, 36]","[317.0, 36]","[321.0, 23]",312.0,131,10.0,0.1
07:38:44,"[306.0, 16]","[305.0, 8]","[316.14, 21]","[319.11, 19]",311.07,64,10.14,-0.25
07:38:45,"[302.07, 54]","[296.09, 55]","[313.04, 50]","[316.68, 37]",307.56,196,10.97,0.11
07:38:46,"[299.27, 15]","[295.26, 88]","[313.0, 44]","[317.0, 33]",306.13,180,13.73,0.14
07:38:47,"[303.0, 10]","[296.0, 130]","[311.7, 40]","[315.6, 30]",307.35,210,8.7,0.33
07:38:48,"[304.75, 210]","[296.34, 123]","[308.47, 60]","[315.5, 48]",306.61,441,3.71,0.51
07:38:49,"[303.51, 178]","[295.98, 120]","[311.0, 48]","[317.11, 36]",307.25,382,7.49,0.56
07:38:50,"[304.0, 96]","[299.78, 90]","[317.0, 36]","[318.0, 9]",310.5,231,13.0,0.61
07:38:51,"[306.69, 156]","[304.0, 117]","[317.0, 52]","[318.0, 13]",311.85,338,10.31,0.62
07:38:52,"[307.67, 108]","[304.73, 33]","[317.0, 36]","[318.0, 9]",312.33,186,9.33,0.52
07:38:53,"[308.0, 192]","[305.0, 48]","[316.04, 49]","[316.37, 43]",312.02,332,8.04,0.45
07:38:54,"[308.0, 168]","[305.0, 42]","[312.07, 70]","[315.0, 14]",310.04,294,4.07,0.43
07:38:55,"[308.0, 80]","[305.0, 30]","[309.88, 42]","[317.55, 22]",308.94,174,1.88,0.26
07:38:56,"[308.0, 88]","[305.0, 33]","[313.73, 11]","[318.47, 45]",310.86,177,5.73,0.37
07:38:57,"[308.0, 117]","[305.59, 17]","[311.56, 9]","[317.56, 27]",309.78,170,3.56,0.58
07:38:58,"[308.0, 182]","[305.67, 18]","[310.29, 14]","[317.0, 42]",309.14,256,2.29,0.56
07:38:59,"[308.75, 53]","[307.95, 113]","[316.78, 37]","[323.49, 45]",312.77,248,8.03,0.34
07:39:00,"[308.0, 96]","[306.0, 12]","[320.6, 60]","[381.0, 52]",314.3,220,12.6,-0.02
07:39:01,"[308.0, 56]","[306.89, 27]","[323.0, 63]","[513.65, 34]",315.5,180,15.0,-0.08
07:39:02,"[308.0, 27]","[307.0, 54]","[320.38, 32]","[351.77, 73]",314.19,186,12.38,-0.13
07:39:03,"[308.0, 36]","[307.0, 72]","[316.67, 18]","[319.92, 39]",312.33,165,8.67,0.31
07:39:04,"[308.0, 45]","[307.0, 90]","[314.67, 24]","[316.3, 30]",311.33,189,6.67,0.43
07:39:05,"[308.0, 55]","[306.43, 28]","[310.65, 23]","[312.88, 56]",309.33,162,2.65,0.02
07:39:06,"[307.96, 79]","[306.93, 42]","[310.78, 18]","[316.47, 51]",309.37,190,2.82,0.27
07:39:07,"[308.0, 38]","[307.0, 36]","[322.4, 60]","[325.37, 57]",315.2,191,14.4,-0.23
07:39:08,"[307.0, 27]","[306.0, 9]","[323.0, 54]","[326.0, 45]",315.0,135,16.0,-0.47
07:39:09,"[307.0, 24]","[306.0, 8]","[323.0, 48]","[326.0, 40]",315.0,120,16.0,-0.47
07:39:10,"[307.0, 24]","[305.36, 14]","[323.0, 48]","[326.0, 40]",315.0,126,16.0,-0.4
07:39:11,"[307.0, 33]","[306.0, 11]","[322.31, 64]","[325.68, 56]",314.66,164,15.31,-0.46
07:39:12,"[307.0, 27]","[306.0, 9]","[312.0, 36]","[320.0, 36]",309.5,108,5.0,-0.33
07:39:13,"[307.0, 7]","[306.0, 7]","[313.14, 28]","[320.31, 26]",310.07,68,6.14,-0.59
07:39:14,"[307.0, 11]","[306.0, 11]","[320.0, 44]","[324.0, 22]",313.5,88,13.0,-0.5
07:39:15,"[307.0, 10]","[306.0, 10]","[320.0, 40]","[324.0, 20]",313.5,80,13.0,-0.5
07:39:16,"[309.94, 100]","[306.88, 16]","[320.0, 64]","[325.45, 62]",314.97,242,10.06,-0.04
07:39:17,"[310.0, 84]","[307.0, 12]","[320.0, 48]","[325.0, 60]",315.0,204,10.0,-0.06
07:39:18,"[310.0, 72]","[307.0, 14]","[320.0, 56]","[324.33, 60]",315.0,202,10.0,-0.15
07:39:19,"[310.0, 31]","[307.0, 11]","[320.0, 44]","[324.0, 44]",315.0,130,10.0,-0.35
07:39:20,"[310.0, 10]","[307.0, 10]","[320.0, 40]","[324.0, 40]",315.0,100,10.0,-0.6
07:39:21,"[310.0, 14]","[307.0, 14]","[319.43, 56]","[321.71, 56]",314.71,140,9.43,-0.6
07:39:22,"[305.28, 89]","[304.45, 33]","[317.21, 76]","[320.0, 76]",311.25,274,11.93,-0.11
07:39:23,"[305.0, 54]","[304.0, 18]","[315.0, 36]","[320.0, 36]",310.0,144,10.0,0.0
07:39:24,"[305.0, 78]","[304.0, 26]","[317.23, 52]","[321.0, 40]",311.12,196,12.23,0.06
07:39:25,"[305.0, 78]","[304.0, 26]","[314.79, 38]","[315.75, 40]",309.89,182,9.79,0.14
07:39:26,"[305.0, 72]","[304.0, 24]","[310.0, 24]","[318.0, 30]",307.5,150,5.0,0.28
07:39:27,"[305.0, 14]","[304.0, 18]","[309.44, 18]","[322.0, 18]",307.22,68,4.44,-0.06
07:39:28,"[305.88, 25]","[304.65, 17]","[308.0, 28]","[321.04, 54]",306.94,124,2.12,-0.32
07:39:29,"[305.86, 28]","[304.6, 20]","[314.38, 48]","[321.22, 74]",310.12,170,8.52,-0.44
07:39:30,"[302.86, 21]","[299.07, 45]","[319.35, 68]","[320.89, 36]",311.11,170,16.5,-0.22
07:39:31,"[301.95, 82]","[297.64, 83]","[318.58, 48]","[319.5, 40]",310.27,253,16.63,0.3
07:39:32,"[303.0, 66]","[298.41, 107]","[317.81, 43]","[318.61, 46]",310.41,262,14.81,0.32
07:39:33,"[299.43, 42]","[298.1, 126]","[316.87, 45]","[319.82, 68]",308.15,281,17.44,0.2
07:39:34,"[301.08, 26]","[298.31, 52]","[314.67, 15]","[316.8, 60]",307.87,153,13.59,0.02
07:39:35,"[307.0, 15]","[303.0, 30]","[313.06, 51]","[315.0, 24]",310.03,120,6.06,-0.25
07:39:36,"[307.0, 13]","[305.0, 26]","[312.65, 49]","[313.5, 16]",309.83,104,5.65,-0.25
07:39:37,"[305.75, 16]","[296.96, 112]","[307.24, 17]","[310.43, 23]",306.49,168,1.49,0.52
07:39:38,"[297.24, 59]","[295.74, 209]","[306.14, 37]","[311.78, 23]",301.69,328,8.9,0.63
07:39:39,"[296.04, 49]","[293.07, 161]","[303.23, 26]","[306.53, 17]",299.64,253,7.19,0.66
07:39:40,"[295.0, 48]","[293.0, 108]","[297.0, 24]","[304.0, 16]",296.0,196,2.0,0.59
07:39:41,"[294.69, 102]","[293.28, 100]","[299.39, 44]","[302.5, 16]",297.04,262,4.7,0.54
07:39:42,"[295.67, 54]","[293.13, 89]","[301.0, 44]","[302.0, 12]",298.33,199,5.33,0.44
07:39:43,"[293.69, 45]","[292.83, 48]","[301.0, 11]","[302.0, 11]",297.34,115,7.31,0.62
07:39:44,"[297.67, 27]","[297.24, 33]","[305.84, 31]","[311.68, 31]",301.75,122,8.17,-0.02
07:39:45,"[303.36, 28]","[299.93, 29]","[307.86, 59]","[311.31, 29]",305.61,145,4.51,-0.21
07:39:46,"[298.23, 13]","[296.26, 23]","[307.42, 60]","[308.89, 45]",302.82,141,9.19,-0.49
07:39:47,"[298.56, 16]","[295.18, 34]","[306.28, 72]","[310.18, 44]",302.42,166,7.72,-0.4
07:39:48,"[299.63, 19]","[296.3, 23]","[303.64, 56]","[312.56, 91]",301.64,189,4.01,-0.56
07:39:49,"[301.0, 15]","[300.0, 30]","[302.87, 60]","[310.0, 60]",301.93,165,1.87,-0.45
07:39:50,"[300.04, 23]","[296.09, 90]","[307.72, 39]","[310.42, 33]",303.88,185,7.67,0.22
07:39:51,"[304.0, 17]","[302.27, 128]","[306.13, 45]","[312.34, 53]",305.07,243,2.13,0.19
07:39:52,"[304.5, 14]","[296.0, 63]","[306.0, 42]","[312.6, 50]",305.25,169,1.5,-0.09
07:39:53,"[294.63, 62]","[294.63, 41]","[308.84, 31]","[311.93, 43]",301.73,177,14.21,0.16
07:39:54,"[307.0, 48]","[293.02, 130]","[309.98, 52]","[313.81, 88]",308.49,318,2.98,0.12
07:39:55,"[306.48, 25]","[293.6, 20]","[311.21, 57]","[314.17, 53]",308.85,155,4.73,-0.42
07:39:56,"[294.0, 15]","[293.0, 156]","[310.27, 75]","[314.0, 30]",302.13,276,16.27,0.24
07:39:57,"[293.16, 43]","[292.74, 114]","[309.9, 50]","[312.16, 50]",301.53,257,16.74,0.22
07:39:58,"[293.04, 133]","[292.16, 74]","[307.67, 60]","[310.91, 44]",300.35,311,14.63,0.33
07:39:59,"[298.0, 14]","[293.0, 168]","[307.0, 70]","[308.64, 33]",302.5,285,9.0,0.28
07:40:00,"[298.0, 13]","[293.0, 108]","[305.91, 57]","[307.15, 26]",301.96,204,7.91,0.19
07:40:01,"[296.0, 45]","[294.26, 186]","[303.59, 74]","[304.82, 34]",299.8,339,7.59,0.36
07:40:02,"[295.0, 100]","[292.0, 120]","[302.36, 14]","[303.02, 46]",298.68,280,7.36,0.57
07:40:03,"[295.35, 93]","[292.61, 196]","[302.86, 65]","[307.16, 95]",299.11,449,7.51,0.29
07:40:04,"[292.74, 81]","[290.76, 102]","[302.0, 31]","[306.82, 55]",297.37,269,9.26,0.36
07:40:05,"[292.0, 72]","[289.0, 63]","[308.62, 37]","[310.31, 29]",300.31,201,16.62,0.34
07:40:06,"[292.0, 48]","[289.0, 42]","[309.0, 30]","[311.0, 18]",300.5,138,17.0,0.3
07:40:07,"[291.55, 94]","[289.57, 92]","[309.0, 60]","[311.0, 36]",300.28,282,17.45,0.32
07:40:08,"[289.0, 49]","[287.0, 14]","[309.0, 35]","[311.0, 21]",299.0,119,20.0,0.06
07:40:09,"[290.9, 68]","[289.27, 48]","[309.0, 55]","[311.0, 33]",299.95,204,18.1,0.14
07:40:10,"[293.0, 110]","[290.0, 104]","[307.83, 58]","[309.1, 51]",300.41,323,14.83,0.33
07:40:11,"[295.23, 154]","[293.38, 130]","[305.19, 105]","[308.84, 124]",300.21,513,9.96,0.11
07:40:12,"[296.39, 103]","[295.55, 119]","[304.49, 86]","[307.69, 84]",300.44,392,8.1,0.13
07:40:13,"[295.32, 92]","[291.22, 27]","[303.55, 44]","[309.0, 33]",299.43,196,8.23,0.21
07:40:14,"[289.0, 78]","[288.0, 55]","[303.0, 25]","[308.95, 19]",296.0,177,14.0,0.5
07:40:15,"[289.07, 140]","[288.55, 170]","[297.88, 25]","[302.41, 51]",293.48,386,8.81,0.61
07:40:16,"[291.0, 9]","[289.0, 36]","[295.0, 9]","[298.92, 39]",293.0,93,4.0,-0.03
07:40:17,"[291.0, 5]","[288.16, 25]","[295.0, 5]","[298.0, 25]",293.0,60,4.0,0.0
07:40:18,"[291.67, 6]","[288.0, 42]","[295.0, 6]","[298.0, 30]",293.33,84,3.33,0.14
07:40:19,"[292.25, 16]","[287.09, 116]","[297.6, 52]","[299.74, 62]",294.92,246,5.35,0.07
07:40:20,"[295.54, 13]","[293.92, 13]","[298.0, 65]","[302.0, 39]",296.77,130,2.46,-0.6
07:40:21,"[287.35, 66]","[284.42, 90]","[298.0, 41]","[301.42, 36]",292.67,233,10.65,0.34
07:40:22,"[287.0, 84]","[284.0, 108]","[297.58, 24]","[300.33, 30]",292.29,246,10.58,0.56
07:40:23,"[287.0, 63]","[284.0, 81]","[294.89, 18]","[296.44, 9]",290.94,171,7.89,0.68
07:40:24,"[287.0, 42]","[283.0, 102]","[294.0, 12]","[296.0, 6]",290.5,162,7.0,0.78
07:40:25,"[287.0, 63]","[283.0, 153]","[294.0, 18]","[296.0, 9]",290.5,243,7.0,0.78
07:40:26,"[287.2, 44]","[283.81, 104]","[294.0, 16]","[296.0, 8]",290.6,172,6.8,0.72
07:40:27,"[288.0, 18]","[287.0, 42]","[294.0, 12]","[296.0, 6]",291.0,78,6.0,0.54
07:40:28,"[289.08, 36]","[284.25, 84]","[294.0, 24]","[296.0, 12]",291.54,156,4.92,0.54
07:40:29,"[291.29, 51]","[284.93, 103]","[294.0, 34]","[296.0, 17]",292.65,205,2.71,0.5
07:40:30,"[293.46, 35]","[286.34, 47]","[295.25, 16]","[296.77, 13]",294.35,111,1.79,0.48
07:40:31,"[295.0, 10]","[284.92, 37]","[297.8, 15]","[300.57, 28]",296.4,90,2.8,0.04
07:40:32,"[296.2, 15]","[288.4, 30]","[300.29, 35]","[302.71, 21]",298.24,101,4.09,-0.11
07:40:33,"[297.27, 11]","[296.0, 22]","[300.0, 51]","[302.0, 11]",298.64,95,2.73,-0.31
07:40:34,"[298.62, 8]","[296.0, 16]","[300.0, 32]","[302.0, 8]",299.31,64,1.38,-0.25
07:40:35,"[299.0, 9]","[286.0, 63]","[301.67, 18]","[303.72, 29]",300.33,119,2.67,0.21
07:40:36,"[299.54, 13]","[286.0, 91]","[303.0, 26]","[305.69, 65]",301.27,195,3.46,0.07
07:40:37,"[286.0, 63]","[279.0, 72]","[298.56, 18]","[305.0, 30]",292.28,183,12.56,0.48
07:40:38,"[286.0, 63]","[279.0, 72]","[295.0, 18]","[300.33, 15]",290.5,168,9.0,0.61
07:40:39,"[286.0, 63]","[279.0, 51]","[295.0, 18]","[298.0, 9]",290.5,141,9.0,0.62
07:40:40,"[286.46, 37]","[283.75, 32]","[295.0, 20]","[298.0, 10]",290.73,99,8.54,0.39
07:40:41,"[289.95, 19]","[288.82, 11]","[293.75, 32]","[296.29, 14]",291.85,76,3.8,-0.21
07:40:42,"[291.44, 18]","[290.62, 21]","[293.2, 40]","[295.58, 24]",292.32,103,1.76,-0.24
07:40:43,"[292.97, 29]","[282.55, 88]","[299.97, 29]","[302.65, 46]",296.47,192,7.0,0.22
07:40:44,"[295.25, 24]","[282.11, 36]","[303.0, 24]","[305.0, 48]",299.12,132,7.75,-0.09
07:40:45,"[298.0, 54]","[296.7, 54]","[302.57, 35]","[304.74, 46]",300.29,189,4.57,0.14
07:40:46,"[299.98, 59]","[298.78, 108]","[302.0, 83]","[303.0, 36]",300.99,286,2.02,0.17
07:40:47,"[301.0, 14]","[295.07, 29]","[302.65, 34]","[303.88, 50]",301.82,127,1.65,-0.32
07:40:48,"[295.85, 13]","[284.49, 43]","[303.92, 48]","[365.51, 49]",299.88,153,8.07,-0.27
07:40:49,"[286.0, 10]","[284.8, 70]","[303.65, 43]","[354.86, 42]",294.83,165,17.65,-0.03
07:40:50,"[287.16, 31]","[285.46, 48]","[302.99, 72]","[327.68, 53]",295.07,204,15.82,-0.23
07:40:51,"[294.94, 32]","[293.54, 52]","[301.0, 30]","[302.18, 66]",297.97,180,6.06,-0.07
07:40:52,"[297.09, 22]","[291.9, 40]","[299.18, 11]","[301.0, 55]",298.14,128,2.09,-0.03
07:40:53,"[291.25, 28]","[284.78, 58]","[300.79, 39]","[302.75, 48]",296.02,173,9.54,-0.01
07:40:54,"[288.0, 39]","[284.12, 98]","[300.32, 53]","[303.69, 52]",294.16,242,12.32,0.13
07:40:55,"[289.11, 27]","[284.3, 37]","[298.0, 27]","[301.0, 36]",293.56,127,8.89,0.01
07:40:56,"[291.64, 33]","[285.27, 11]","[298.0, 33]","[301.0, 44]",294.82,121,6.36,-0.27
07:40:57,"[294.13, 45]","[287.09, 23]","[297.71, 51]","[300.64, 75]",295.92,194,3.57,-0.3
07:40:58,"[293.17, 35]","[286.27, 22]","[296.38, 53]","[298.0, 39]",294.77,149,3.21,-0.23
07:40:59,"[287.0, 34]","[283.75, 32]","[294.59, 34]","[298.0, 51]",290.79,151,7.59,-0.13
07:41:00,"[287.0, 14]","[284.0, 21]","[293.0, 14]","[298.0, 21]",290.0,70,6.0,0.0
07:41:01,"[284.62, 29]","[282.69, 35]","[296.0, 25]","[299.71, 35]",290.31,124,11.38,0.03
07:41:02,"[284.38, 26]","[282.68, 38]","[298.0, 36]","[301.0, 48]",291.19,148,13.62,-0.14
07:41:03,"[287.0, 8]","[283.67, 42]","[298.0, 24]","[301.0, 38]",292.5,112,11.0,-0.11
07:41:04,"[287.7, 23]","[284.92, 59]","[293.86, 29]","[299.0, 45]",290.78,156,6.17,0.05
07:41:05,"[289.0, 13]","[288.0, 78]","[297.06, 34]","[300.04, 47]",293.03,172,8.06,0.06
07:41:06,"[289.71, 7]","[288.0, 42]","[296.0, 14]","[298.0, 21]",292.86,84,6.29,0.17
07:41:07,"[290.69, 13]","[288.0, 78]","[297.27, 33]","[299.83, 46]",293.98,170,6.58,0.07
07:41:08,"[293.6, 58]","[289.6, 45]","[298.0, 45]","[301.0, 60]",295.8,208,4.4,-0.01
07:41:09,"[296.21, 28]","[293.9, 41]","[298.65, 37]","[301.29, 56]",297.43,162,2.43,-0.15
07:41:10,"[298.0, 12]","[297.0, 12]","[301.0, 24]","[302.0, 48]",299.5,96,3.0,-0.5
07:41:11,"[298.73, 22]","[297.45, 22]","[301.8, 60]","[302.62, 64]",300.26,168,3.07,-0.48
07:41:12,"[300.82, 22]","[298.0, 22]","[302.0, 66]","[303.0, 55]",301.41,165,1.18,-0.47
07:41:13,"[301.0, 12]","[288.0, 12]","[302.0, 20]","[303.0, 30]",301.5,74,1.0,-0.35
07:41:14,"[295.38, 16]","[285.32, 31]","[302.6, 25]","[303.53, 34]",298.99,106,7.23,-0.11
07:41:15,"[286.0, 18]","[285.0, 63]","[302.64, 22]","[305.14, 28]",294.32,131,16.64,0.24
07:41:16,"[288.22, 36]","[285.95, 42]","[302.0, 26]","[305.0, 39]",295.11,143,13.78,0.09
07:41:17,"[287.9, 42]","[286.95, 42]","[302.0, 28]","[305.0, 42]",294.95,154,14.1,0.09
07:41:18,"[289.92, 24]","[288.89, 36]","[298.0, 30]","[303.8, 25]",293.96,115,8.08,0.04
07:41:19,"[292.39, 36]","[287.26, 76]","[295.21, 57]","[296.52, 66]",293.8,235,2.82,-0.05
07:41:20,"[284.37, 93]","[283.01, 71]","[296.24, 55]","[300.8, 70]",290.3,289,11.87,0.13
07:41:21,"[282.0, 60]","[280.48, 29]","[294.02, 41]","[302.52, 31]",288.01,161,12.02,0.11
07:41:22,"[283.8, 40]","[280.94, 51]","[293.0, 34]","[299.71, 21]",288.4,146,9.2,0.25
07:41:23,"[282.91, 44]","[281.68, 38]","[293.0, 11]","[298.0, 11]",287.95,104,10.09,0.58
07:41:24,"[284.75, 48]","[280.0, 24]","[293.0, 12]","[298.0, 12]",288.88,96,8.25,0.5
07:41:25,"[285.0, 36]","[280.0, 18]","[293.0, 9]","[298.0, 9]",289.0,72,8.0,0.5
07:41:26,"[285.0, 12]","[280.0, 6]","[293.0, 3]","[298.0, 3]",289.0,24,8.0,0.5
07:41:27,"[285.5, 40]","[280.0, 20]","[297.0, 10]","[300.92, 74]",291.25,144,11.5,-0.17
07:41:28,"[287.0, 40]","[280.1, 20]","[297.2, 25]","[300.7, 50]",292.1,135,10.2,-0.11
07:41:29,"[287.0, 44]","[281.0, 22]","[296.33, 36]","[297.3, 23]",291.67,125,9.33,0.06
07:41:30,"[288.57, 56]","[281.09, 68]","[295.53, 30]","[298.24, 58]",292.05,212,6.96,0.17
07:41:31,"[284.88, 64]","[280.93, 90]","[292.88, 34]","[298.89, 38]",288.88,226,8.01,0.36
07:41:32,"[281.0, 192]","[280.0, 32]","[297.0, 32]","[299.63, 108]",289.0,364,16.0,0.23
07:41:33,"[281.0, 96]","[280.0, 16]","[297.0, 16]","[298.75, 32]",289.0,160,16.0,0.4
07:41:34,"[285.04, 97]","[280.91, 92]","[296.36, 14]","[298.29, 28]",290.7,231,11.32,0.64
07:41:35,"[289.0, 63]","[281.29, 68]","[294.56, 9]","[299.08, 39]",291.78,179,5.56,0.46
07:41:36,"[285.38, 48]","[281.39, 62]","[297.0, 9]","[300.0, 41]",291.19,160,11.62,0.38
07:41:37,"[289.82, 74]","[286.26, 58]","[297.0, 15]","[300.0, 60]",293.41,207,7.18,0.28
07:41:38,"[292.0, 18]","[291.0, 30]","[297.0, 6]","[300.0, 24]",294.5,78,5.0,0.23
07:41:39,"[292.0, 30]","[291.0, 50]","[297.0, 10]","[300.0, 40]",294.5,130,5.0,0.23
07:41:40,"[294.85, 53]","[292.16, 67]","[300.77, 87]","[303.57, 70]",297.81,277,5.92,-0.13
07:41:41,"[298.67, 27]","[297.14, 70]","[301.0, 44]","[305.0, 55]",299.83,196,2.33,-0.01
07:41:42,"[300.89, 63]","[299.69, 52]","[303.69, 72]","[310.18, 71]",302.29,258,2.81,-0.11
07:41:43,"[302.27, 11]","[296.36, 11]","[307.06, 31]","[316.3, 50]",304.67,103,4.79,-0.57
07:41:44,"[293.0, 9]","[286.11, 27]","[312.0, 45]","[328.0, 36]",302.5,117,19.0,-0.38
07:41:45,"[288.0, 36]","[286.0, 24]","[310.5, 24]","[335.14, 14]",299.25,98,22.5,0.22
07:41:46,"[288.0, 88]","[286.0, 32]","[295.0, 8]","[302.12, 16]",291.5,144,7.0,0.67
07:41:47,"[288.0, 110]","[285.68, 38]","[295.0, 10]","[302.0, 20]",291.5,178,7.0,0.66
07:41:48,"[288.0, 77]","[284.5, 40]","[299.2, 10]","[303.3, 23]",293.6,150,11.2,0.56
07:41:49,"[288.0, 99]","[286.0, 159]","[302.0, 18]","[304.0, 45]",295.0,321,14.0,0.61
07:41:50,"[289.0, 84]","[286.16, 137]","[302.0, 16]","[304.0, 40]",295.5,277,13.0,0.6
07:41:51,"[300.0, 73]","[288.0, 283]","[302.0, 22]","[304.0, 55]",301.0,433,2.0,0.64
07:41:52,"[295.17, 48]","[288.18, 139]","[301.6, 20]","[303.3, 46]",298.38,253,6.43,0.48
07:41:53,"[290.64, 33]","[288.82, 34]","[301.0, 11]","[302.0, 22]",295.82,100,10.36,0.34
07:41:54,"[293.47, 51]","[288.68, 77]","[300.76, 17]","[302.0, 34]",297.12,179,7.29,0.43
07:41:55,"[296.71, 49]","[288.63, 171]","[302.5, 30]","[317.33, 51]",299.61,301,5.79,0.46
07:41:56,"[300.05, 38]","[292.65, 37]","[304.34, 47]","[359.84, 25]",302.2,147,4.29,0.02
07:41:57,"[299.57, 42]","[290.0, 48]","[302.27, 52]","[304.55, 33]",300.92,175,2.7,0.03
07:41:58,"[300.0, 26]","[289.11, 27]","[303.0, 52]","[340.55, 20]",301.5,125,3.0,-0.15
07:41:59,"[300.69, 26]","[288.07, 56]","[304.33, 45]","[346.33, 15]",302.51,142,3.64,0.15
07:42:00,"[304.55, 121]","[297.23, 61]","[315.0, 12]","[409.0, 12]",309.78,206,10.45,0.77
07:42:01,"[305.0, 255]","[296.44, 27]","[315.0, 15]","[439.16, 38]",310.0,335,10.0,0.68
07:42:02,"[306.76, 49]","[305.12, 165]","[314.34, 38]","[341.42, 19]",310.55,271,7.59,0.58
07:42:03,"[309.2, 15]","[307.9, 30]","[314.0, 60]","[315.0, 12]",311.6,117,4.8,-0.23
07:42:04,"[305.17, 105]","[303.25, 12]","[314.0, 62]","[510.0, 24]",309.59,203,8.83,0.15
07:42:05,"[305.19, 54]","[304.8, 59]","[314.0, 63]","[537.07, 27]",309.59,203,8.81,0.11
07:42:06,"[306.0, 20]","[305.0, 110]","[313.42, 60]","[399.26, 35]",309.71,225,7.42,0.16
07:42:07,"[307.35, 31]","[305.2, 69]","[310.58, 60]","[316.08, 24]",308.97,184,3.23,0.09
07:42:08,"[307.46, 37]","[305.25, 73]","[309.7, 40]","[315.5, 28]",308.58,178,2.24,0.24
07:42:09,"[306.0, 22]","[305.0, 121]","[308.36, 44]","[310.0, 22]",307.18,209,2.36,0.37
07:42:10,"[306.25, 24]","[305.04, 103]","[308.92, 24]","[320.0, 22]",307.58,173,2.67,0.47
07:42:11,"[306.69, 26]","[305.21, 56]","[313.2, 20]","[367.59, 29]",309.95,131,6.51,0.25
07:42:12,"[306.0, 18]","[305.0, 99]","[321.0, 18]","[386.0, 45]",313.5,180,15.0,0.3
07:42:13,"[307.12, 8]","[306.0, 16]","[321.0, 16]","[349.25, 40]",314.06,80,13.88,-0.4
07:42:14,"[306.07, 14]","[305.33, 15]","[321.0, 12]","[337.0, 30]",313.54,71,14.93,-0.18
07:42:15,"[306.54, 39]","[304.95, 95]","[321.0, 22]","[337.0, 55]",313.77,211,14.46,0.27
07:42:16,"[305.35, 51]","[304.46, 59]","[321.0, 18]","[337.0, 45]",313.18,173,15.65,0.27
07:42:17,"[305.0, 56]","[304.0, 40]","[321.0, 16]","[381.42, 19]",313.0,131,16.0,0.47
07:42:18,"[304.37, 38]","[303.11, 18]","[321.0, 12]","[360.0, 12]",312.68,80,16.63,0.4
07:42:19,"[303.89, 72]","[300.0, 32]","[321.0, 20]","[360.0, 20]",312.44,144,17.11,0.44
07:42:20,"[302.0, 19]","[298.0, 96]","[321.0, 24]","[422.25, 24]",311.5,163,19.0,0.41
07:42:21,"[302.0, 6]","[298.0, 48]","[319.83, 12]","[374.17, 12]",310.92,78,17.83,0.38
07:42:22,"[302.0, 11]","[298.0, 88]","[317.95, 21]","[319.09, 22]",309.98,142,15.95,0.39
07:42:23,"[302.0, 14]","[298.0, 112]","[314.15, 20]","[314.88, 34]",308.07,180,12.15,0.4
07:42:24,"[301.05, 21]","[297.23, 47]","[308.65, 34]","[309.81, 27]",304.85,129,7.6,0.05
07:42:25,"[295.91, 46]","[294.64, 56]","[304.56, 59]","[305.95, 19]",300.24,180,8.65,0.13
07:42:26,"[296.31, 144]","[294.06, 97]","[300.41, 39]","[302.58, 55]",298.36,335,4.1,0.44
07:42:27,"[297.0, 118]","[294.0, 98]","[299.0, 26]","[300.8, 20]",298.0,262,2.0,0.65
07:42:28,"[296.42, 53]","[291.68, 69]","[299.83, 24]","[300.92, 24]",298.12,170,3.42,0.44
07:42:29,"[294.07, 28]","[289.87, 52]","[299.22, 27]","[301.1, 29]",296.65,136,5.15,0.18
07:42:30,"[288.78, 46]","[281.44, 39]","[300.11, 27]","[301.91, 35]",294.45,147,11.33,0.16
07:42:31,"[292.0, 18]","[288.0, 30]","[300.0, 18]","[302.0, 18]",296.0,84,8.0,0.14
07:42:32,"[292.0, 24]","[288.0, 40]","[299.71, 21]","[301.67, 18]",295.86,103,7.71,0.24
07:42:33,"[292.0, 24]","[288.0, 40]","[297.75, 16]","[300.0, 8]",294.88,88,5.75,0.45
07:42:34,"[292.8, 40]","[288.92, 52]","[297.0, 18]","[300.0, 12]",294.9,122,4.2,0.51
07:42:35,"[291.5, 36]","[288.0, 60]","[296.33, 12]","[299.58, 12]",293.92,120,4.83,0.6
07:42:36,"[291.0, 33]","[288.0, 55]","[298.82, 34]","[302.56, 39]",294.91,161,7.82,0.09
07:42:37,"[291.0, 21]","[288.0, 35]","[295.0, 28]","[300.0, 35]",293.0,119,4.0,-0.06
07:42:38,"[291.0, 15]","[288.0, 25]","[295.0, 20]","[300.0, 25]",293.0,85,4.0,-0.06
07:42:39,"[291.67, 9]","[290.35, 23]","[295.0, 28]","[300.0, 35]",293.33,95,3.33,-0.33
07:42:40,"[292.0, 5]","[289.8, 15]","[295.0, 20]","[300.0, 25]",293.5,65,3.0,-0.38
07:42:41,"[292.0, 7]","[289.0, 21]","[295.0, 28]","[300.0, 35]",293.5,91,3.0,-0.38
07:42:42,"[293.09, 11]","[289.0, 33]","[295.0, 44]","[300.0, 55]",294.05,143,1.91,-0.38
07:42:43,"[289.77, 26]","[288.44, 54]","[298.75, 44]","[301.19, 37]",294.26,161,8.98,-0.01
07:42:44,"[291.77, 13]","[289.78, 18]","[300.0, 27]","[302.0, 18]",295.88,76,8.23,-0.18
07:42:45,"[292.25, 16]","[289.92, 26]","[300.0, 30]","[302.0, 20]",296.12,92,7.75,-0.09
07:42:46,"[294.58, 12]","[289.24, 17]","[300.0, 21]","[302.0, 14]",297.29,64,5.42,-0.09
07:42:47,"[296.47, 34]","[295.33, 18]","[300.0, 30]","[302.0, 20]",298.24,102,3.53,0.02
07:42:48,"[292.71, 31]","[290.28, 50]","[300.0, 36]","[302.0, 24]",296.35,141,7.29,0.15
07:42:49,"[288.0, 24]","[285.0, 40]","[292.0, 8]","[299.75, 24]",290.0,96,4.0,0.33
07:42:50,"[288.0, 21]","[285.0, 35]","[292.0, 7]","[299.0, 21]",290.0,84,4.0,0.33
07:42:51,"[288.0, 33]","[285.0, 55]","[292.0, 19]","[298.09, 35]",290.0,142,4.0,0.24
07:42:52,"[288.0, 36]","[285.0, 60]","[292.8, 15]","[295.26, 47]",290.4,158,4.8,0.22
07:42:53,"[290.84, 57]","[287.53, 32]","[295.0, 40]","[298.88, 33]",292.92,162,4.16,0.1
07:42:54,"[290.0, 45]","[285.14, 35]","[295.0, 40]","[298.0, 50]",292.5,170,5.0,-0.06
07:42:55,"[286.75, 32]","[282.53, 38]","[295.0, 40]","[298.0, 50]",290.88,160,8.25,-0.12
07:42:56,"[286.74, 69]","[285.12, 67]","[293.2, 40]","[295.28, 53]",289.97,229,6.46,0.19
07:42:57,"[288.0, 24]","[285.0, 72]","[294.38, 29]","[296.78, 36]",291.19,161,6.38,0.19
07:42:58,"[289.07, 42]","[285.0, 126]","[295.0, 56]","[296.0, 56]",292.04,280,5.93,0.2
07:42:59,"[291.18, 33]","[284.76, 107]","[295.0, 30]","[296.0, 44]",293.09,214,3.82,0.31
07:43:00,"[293.27, 45]","[284.32, 139]","[295.0, 23]","[296.0, 60]",294.13,267,1.73,0.38
07:43:01,"[285.63, 89]","[283.5, 54]","[295.95, 42]","[297.72, 58]",290.79,243,10.32,0.18
07:43:02,"[286.12, 16]","[285.03, 65]","[296.71, 28]","[298.22, 36]",291.42,145,10.59,0.12
07:43:03,"[288.08, 24]","[286.39, 36]","[296.19, 27]","[297.06, 89]",292.13,176,8.1,-0.32
07:43:04,"[290.18, 34]","[287.0, 34]","[296.92, 77]","[297.88, 85]",293.55,230,6.75,-0.41
07:43:05,"[291.72, 36]","[286.68, 37]","[293.09, 64]","[296.14, 42]",292.41,179,1.37,-0.18
07:43:06,"[287.0, 14]","[282.0, 63]","[293.0, 21]","[294.0, 7]",290.0,105,6.0,0.47
07:43:07,"[287.11, 18]","[282.0, 81]","[293.0, 27]","[294.0, 9]",290.06,135,5.89,0.47
07:43:08,"[288.4, 25]","[283.0, 105]","[293.02, 40]","[294.21, 14]",290.71,184,4.62,0.41
07:43:09,"[292.11, 27]","[290.04, 27]","[296.67, 18]","[298.89, 66]",294.39,138,4.56,-0.22
07:43:10,"[297.0, 24]","[295.0, 12]","[298.0, 12]","[299.0, 60]",297.5,108,1.0,-0.33
07:43:11,"[295.85, 13]","[292.75, 8]","[298.75, 20]","[299.21, 28]",297.3,69,2.9,-0.39
07:43:12,"[292.78, 9]","[291.56, 9]","[299.0, 45]","[300.1, 41]",295.89,104,6.22,-0.65
07:43:13,"[295.51, 53]","[293.84, 19]","[298.0, 63]","[299.0, 95]",296.75,230,2.49,-0.37
07:43:14,"[292.32, 69]","[289.15, 52]","[298.0, 70]","[299.0, 80]",295.16,271,5.68,-0.11
07:43:15,"[290.0, 60]","[289.0, 144]","[298.0, 24]","[299.0, 60]",294.0,288,8.0,0.42
07:43:16,"[290.0, 50]","[289.0, 113]","[298.43, 14]","[300.09, 44]",294.21,221,8.43,0.48
07:43:17,"[301.56, 88]","[289.51, 118]","[407.7, 33]","[504.31, 39]",354.63,278,106.14,0.48
07:43:18,"[307.0, 22]","[300.42, 187]","[391.73, 33]","[563.93, 28]",349.36,270,84.73,0.55
07:43:19,"[307.0, 44]","[301.0, 154]","[354.0, 28]","[372.14, 21]",330.5,247,47.0,0.6
07:43:20,"[304.0, 88]","[300.71, 180]","[354.0, 36]","[380.0, 27]",329.0,331,50.0,0.62
07:43:21,"[301.0, 224]","[299.0, 143]","[348.9, 40]","[404.77, 31]",324.95,438,47.9,0.68
07:43:22,"[301.0, 218]","[299.0, 156]","[302.6, 30]","[346.71, 42]",301.8,446,1.6,0.68
07:43:23,"[301.0, 196]","[299.0, 156]","[452.54, 37]","[639.33, 30]",376.77,419,151.54,0.68
07:43:24,"[301.0, 79]","[299.0, 78]","[428.57, 14]","[553.2, 20]",364.79,191,127.57,0.64
07:43:25,"[301.0, 63]","[299.0, 91]","[338.43, 14]","[546.57, 21]",319.71,189,37.43,0.63
07:43:26,"[301.0, 94]","[299.0, 143]","[477.67, 36]","[583.73, 37]",389.33,310,176.67,0.53
07:43:27,"[299.42, 76]","[298.47, 57]","[444.09, 22]","[541.88, 34]",371.76,189,144.67,0.41
07:43:28,"[299.0, 156]","[293.0, 13]","[581.55, 31]","[664.32, 44]",440.27,244,282.55,0.39
07:43:29,"[300.75, 64]","[298.65, 51]","[620.84, 25]","[733.62, 24]",460.8,164,320.09,0.4
07:43:30,"[299.65, 86]","[297.8, 30]","[441.0, 24]","[617.43, 28]",370.33,168,141.35,0.38
07:43:31,"[299.0, 144]","[293.0, 12]","[501.46, 39]","[571.05, 43]",400.23,238,202.46,0.31
07:43:32,"[305.83, 82]","[302.16, 91]","[444.85, 39]","[511.95, 38]",375.34,250,139.02,0.38
07:43:33,"[307.0, 111]","[306.0, 63]","[359.5, 28]","[380.07, 28]",333.25,230,52.5,0.51
07:43:34,"[309.0, 9]","[307.0, 279]","[316.0, 27]","[317.0, 27]",312.5,342,7.0,0.68
07:43:35,"[309.0, 10]","[307.0, 310]","[314.8, 30]","[470.18, 33]",311.9,383,5.8,0.67
07:43:36,"[307.05, 215]","[306.71, 218]","[313.14, 42]","[444.0, 46]",310.09,521,6.1,0.66
07:43:37,"[307.0, 105]","[306.0, 35]","[314.0, 15]","[499.0, 15]",310.5,170,7.0,0.65
07:43:38,"[307.0, 189]","[306.0, 70]","[314.0, 30]","[545.15, 39]",310.5,328,7.0,0.58
07:43:39,"[307.0, 231]","[306.0, 91]","[312.38, 52]","[314.0, 39]",309.69,413,5.38,0.56
07:43:40,"[307.0, 240]","[306.0, 112]","[311.78, 67]","[313.53, 51]",309.39,470,4.78,0.5
07:43:41,"[307.0, 219]","[306.0, 105]","[309.74, 62]","[310.66, 65]",308.37,451,2.74,0.44
07:43:42,"[307.0, 72]","[306.0, 70]","[308.41, 49]","[351.94, 32]",307.7,223,1.41,0.27
07:43:43,"[307.0, 36]","[306.0, 63]","[308.0, 45]","[337.0, 27]",307.5,171,1.0,0.16
07:43:44,"[306.19, 43]","[305.17, 24]","[321.5, 24]","[333.18, 34]",313.84,125,15.31,0.07
07:43:45,"[306.1, 20]","[304.25, 16]","[326.06, 16]","[375.88, 25]",316.08,77,19.96,-0.06
07:43:46,"[306.0, 6]","[304.0, 6]","[324.67, 6]","[487.14, 14]",315.33,32,18.67,-0.25
07:43:47,"[306.0, 15]","[304.0, 16]","[345.27, 33]","[424.51, 35]",325.64,99,39.27,-0.37
07:43:48,"[306.0, 5]","[304.0, 10]","[334.21, 19]","[336.95, 19]",320.11,53,28.21,-0.43
07:43:49,"[304.71, 7]","[303.6, 10]","[335.2, 25]","[484.0, 5]",319.96,47,30.49,-0.28
07:43:50,"[302.94, 32]","[301.71, 28]","[335.0, 55]","[516.12, 43]",318.97,158,32.06,-0.24
07:43:51,"[301.57, 28]","[300.88, 75]","[334.78, 45]","[380.21, 42]",318.17,190,33.21,0.08
07:43:52,"[305.83, 46]","[303.16, 38]","[332.75, 60]","[349.37, 57]",319.29,201,26.92,-0.16
07:43:53,"[305.53, 45]","[304.56, 32]","[330.38, 65]","[492.0, 35]",317.96,177,24.85,-0.13
07:43:54,"[307.91, 33]","[304.67, 18]","[330.0, 35]","[549.0, 35]",318.95,121,22.09,-0.16
07:43:55,"[309.0, 66]","[306.85, 39]","[329.73, 55]","[411.8, 49]",319.36,209,20.73,0.0
07:43:56,"[309.0, 103]","[308.0, 72]","[322.78, 90]","[326.5, 90]",315.89,355,13.78,-0.01
07:43:57,"[306.23, 26]","[305.75, 32]","[318.4, 50]","[319.4, 50]",312.32,158,12.17,-0.27
07:43:58,"[306.0, 39]","[305.0, 39]","[317.02, 49]","[317.77, 65]",311.51,192,11.02,-0.19
07:43:59,"[305.1, 30]","[304.14, 21]","[314.2, 50]","[316.0, 10]",309.65,111,9.1,-0.08
07:44:00,"[304.6, 15]","[303.13, 110]","[313.42, 36]","[314.67, 12]",309.01,173,8.82,0.45
07:44:01,"[304.0, 11]","[303.0, 140]","[311.18, 34]","[311.46, 26]",307.59,211,7.18,0.43
07:44:02,"[303.11, 44]","[302.8, 88]","[308.96, 27]","[310.42, 24]",306.04,183,5.85,0.44
07:44:03,"[303.0, 88]","[302.0, 62]","[307.36, 25]","[308.0, 38]",305.18,213,4.36,0.41
07:44:04,"[303.0, 98]","[302.0, 88]","[304.63, 27]","[306.2, 51]",303.81,264,1.63,0.41
07:44:05,"[302.83, 48]","[301.84, 61]","[304.14, 37]","[306.92, 38]",303.48,184,1.3,0.18
07:44:06,"[303.0, 112]","[302.0, 36]","[483.51, 43]","[607.87, 31]",393.26,222,180.51,0.33
07:44:07,"[303.56, 45]","[302.97, 68]","[606.56, 48]","[646.25, 32]",455.06,193,303.01,0.17
07:44:08,"[305.12, 16]","[304.0, 96]","[610.6, 20]","[624.5, 30]",457.86,162,305.48,0.38
07:44:09,"[305.23, 26]","[303.74, 76]","[513.17, 18]","[610.32, 25]",409.2,145,207.94,0.41
07:44:10,"[305.63, 59]","[303.22, 90]","[415.0, 19]","[416.0, 25]",360.31,193,109.37,0.54
07:44:11,"[308.0, 36]","[304.0, 40]","[410.33, 18]","[413.5, 16]",359.17,110,102.33,0.38
07:44:12,"[308.0, 33]","[304.0, 55]","[365.89, 19]","[357.66, 35]",336.95,142,57.89,0.24
07:44:13,"[307.57, 37]","[303.85, 65]","[313.44, 16]","[343.95, 42]",310.5,160,5.87,0.28
07:44:14,"[304.0, 32]","[303.0, 80]","[310.25, 12]","[311.2, 20]",307.12,144,6.25,0.56
07:44:15,"[304.0, 28]","[303.0, 70]","[307.24, 17]","[307.91, 11]",305.62,126,3.24,0.56
07:44:16,"[304.0, 24]","[303.0, 70]","[306.67, 12]","[317.29, 21]",305.33,127,2.67,0.48
07:44:17,"[304.0, 18]","[303.0, 60]","[307.0, 12]","[414.58, 24]",305.5,114,3.0,0.37
07:44:18,"[304.0, 21]","[303.0, 70]","[307.0, 14]","[497.0, 24]",305.5,129,3.0,0.41
07:44:19,"[304.0, 18]","[303.0, 60]","[306.67, 12]","[340.0, 24]",305.33,114,2.67,0.37
07:44:20,"[304.0, 30]","[303.0, 100]","[305.8, 20]","[544.21, 38]",304.9,188,1.8,0.38
07:44:21,"[304.06, 31]","[302.55, 116]","[530.91, 46]","[651.7, 53]",417.49,246,226.85,0.2
07:44:22,"[306.0, 44]","[305.0, 11]","[585.91, 43]","[657.91, 46]",445.95,144,279.91,-0.24
07:44:23,"[306.0, 42]","[305.0, 8]","[323.34, 29]","[466.67, 24]",314.67,103,17.34,-0.03
07:44:24,"[306.0, 51]","[305.0, 10]","[319.0, 40]","[365.1, 50]",312.5,151,13.0,-0.19
07:44:25,"[303.16, 37]","[302.2, 30]","[318.56, 36]","[350.57, 42]",310.86,145,15.39,-0.08
07:44:26,"[308.0, 30]","[303.0, 50]","[317.5, 40]","[403.65, 20]",312.75,140,9.5,0.14
07:44:27,"[308.0, 33]","[303.0, 55]","[315.03, 29]","[318.62, 26]",311.52,143,7.03,0.23
07:44:28,"[308.0, 41]","[303.0, 75]","[313.05, 61]","[314.56, 18]",310.52,195,5.05,0.19
07:44:29,"[306.33, 30]","[302.78, 64]","[310.34, 56]","[312.41, 44]",308.34,194,4.01,-0.03
07:44:30,"[303.0, 55]","[302.0, 77]","[307.43, 37]","[308.88, 32]",305.22,201,4.43,0.31
07:44:31,"[302.41, 68]","[300.89, 126]","[304.38, 47]","[307.14, 29]",303.4,270,1.97,0.44
07:44:32,"[302.0, 36]","[300.0, 90]","[304.64, 11]","[306.0, 16]",303.32,153,2.64,0.65
07:44:33,"[302.0, 16]","[300.0, 70]","[342.38, 13]","[364.89, 18]",322.19,117,40.38,0.47
07:44:34,"[302.0, 8]","[300.0, 40]","[380.53, 17]","[503.04, 26]",341.26,91,78.53,0.05
07:44:35,"[302.0, 13]","[300.0, 65]","[422.15, 13]","[486.48, 54]",362.08,145,120.15,0.08
07:44:36,"[303.17, 30]","[302.08, 24]","[455.82, 11]","[563.91, 44]",379.49,109,152.65,-0.01
07:44:37,"[303.0, 30]","[302.0, 10]","[527.7, 10]","[631.5, 40]",415.35,90,224.7,-0.11
07:44:38,"[300.53, 30]","[299.28, 29]","[416.0, 6]","[564.0, 24]",358.27,89,115.47,0.33
07:44:39,"[301.39, 59]","[299.91, 55]","[428.51, 41]","[537.38, 26]",364.95,181,127.12,0.26
07:44:40,"[306.0, 7]","[300.0, 28]","[311.0, 35]","[572.55, 22]",308.5,92,5.0,-0.24
07:44:41,"[301.0, 24]","[299.39, 41]","[414.1, 40]","[600.44, 36]",357.55,141,113.1,-0.08
07:44:42,"[300.0, 44]","[299.0, 55]","[375.0, 44]","[484.97, 35]",337.5,178,75.0,0.11
07:44:43,"[300.0, 8]","[299.0, 10]","[378.0, 8]","[466.0, 2]",339.0,28,78.0,0.29
07:44:44,"[300.12, 41]","[299.07, 54]","[463.69, 26]","[563.38, 29]",381.91,150,163.57,0.27
07:44:45,"[303.59, 17]","[301.35, 62]","[434.8, 20]","[707.6, 35]",369.19,134,131.21,0.18
07:44:46,"[302.0, 36]","[300.0, 36]","[327.27, 30]","[376.0, 14]",314.63,116,25.27,0.24
07:44:47,"[302.0, 36]","[300.0, 36]","[303.0, 9]","[308.0, 18]",302.5,99,1.0,0.45
07:44:48,"[302.0, 32]","[300.0, 32]","[304.25, 8]","[308.71, 14]",303.12,86,2.25,0.49
07:44:49,"[302.0, 26]","[300.0, 32]","[307.12, 8]","[313.0, 8]",304.56,74,5.12,0.57
07:44:50,"[302.71, 17]","[300.09, 46]","[305.31, 13]","[432.8, 40]",304.01,116,2.6,0.09
07:44:51,"[304.0, 30]","[302.0, 10]","[545.77, 31]","[558.68, 28]",424.89,99,241.77,-0.19
07:44:52,"[303.85, 26]","[302.4, 10]","[599.0, 32]","[628.28, 39]",451.42,107,295.15,-0.33
07:44:53,"[302.0, 11]","[301.0, 11]","[423.89, 36]","[485.9, 31]",362.94,89,121.89,-0.51
07:44:54,"[302.18, 11]","[301.1, 10]","[385.7, 40]","[402.88, 34]",343.94,95,83.52,-0.56
07:44:55,"[303.19, 47]","[301.79, 14]","[395.85, 41]","[411.75, 32]",349.52,134,92.66,-0.09
07:44:56,"[304.0, 24]","[302.0, 12]","[377.75, 51]","[384.47, 45]",340.87,132,73.75,-0.45
07:44:57,"[304.47, 19]","[301.43, 21]","[370.17, 46]","[372.29, 49]",337.32,135,65.7,-0.41
07:44:58,"[300.0, 60]","[298.0, 30]","[362.3, 37]","[368.38, 13]",331.15,140,62.3,0.29
07:44:59,"[300.0, 72]","[298.0, 36]","[315.91, 33]","[321.67, 27]",307.95,168,15.91,0.29
07:45:00,"[300.0, 54]","[298.0, 27]","[309.69, 32]","[311.81, 32]",304.84,145,9.69,0.12
07:45:01,"[300.0, 72]","[298.0, 36]","[304.04, 49]","[306.07, 59]",302.02,216,4.04,0.0
07:45:02,"[299.3, 43]","[285.17, 23]","[300.76, 29]","[302.6, 20]",300.03,115,1.46,0.15
07:45:03,"[298.0, 18]","[239.0, 6]","[300.67, 9]","[303.67, 18]",299.33,51,2.67,-0.06
07:45:04,"[300.0, 8]","[298.0, 24]","[301.38, 8]","[453.16, 37]",300.69,77,1.38,-0.17
07:45:05,"[256.67, 18]","[215.13, 38]","[298.67, 15]","[337.27, 55]",277.67,126,42.0,-0.11
07:45:06,"[277.62, 61]","[253.7, 44]","[428.52, 21]","[454.38, 24]",353.07,150,150.9,0.4
07:45:07,"[282.0, 132]","[269.63, 41]","[335.72, 25]","[467.46, 52]",308.86,250,53.72,0.38
07:45:08,"[282.36, 168]","[226.3, 23]","[336.52, 69]","[473.75, 64]",309.44,324,54.16,0.18
07:45:09,"[287.0, 58]","[277.06, 68]","[365.0, 36]","[525.64, 33]",326.0,195,78.0,0.29
07:45:10,"[305.0, 28]","[289.43, 168]","[380.5, 56]","[553.12, 34]",342.75,286,75.5,0.37
07:45:11,"[305.0, 18]","[303.0, 108]","[309.0, 36]","[616.0, 9]",307.0,171,4.0,0.47
07:45:12,"[305.0, 26]","[303.0, 168]","[400.96, 54]","[551.71, 21]",352.98,269,95.96,0.44
07:45:13,"[303.12, 51]","[291.93, 45]","[358.0, 32]","[464.0, 16]",330.56,144,54.88,0.33
07:45:14,"[303.0, 73]","[187.27, 121]","[362.68, 31]","[454.68, 31]",332.84,256,59.68,0.52
07:45:15,"[303.39, 59]","[237.6, 122]","[358.57, 40]","[587.21, 29]",330.98,250,55.19,0.45
07:45:16,"[303.0, 36]","[299.75, 12]","[469.7, 20]","[661.6, 10]",386.35,78,166.7,0.23
07:45:17,"[303.0, 66]","[300.0, 33]","[330.0, 33]","[597.12, 41]",316.5,173,27.0,0.14
07:45:18,"[303.0, 66]","[300.0, 33]","[384.0, 33]","[527.46, 24]",343.5,156,81.0,0.27
07:45:19,"[303.0, 30]","[300.0, 24]","[455.22, 27]","[521.1, 20]",379.11,101,152.22,0.07
07:45:20,"[303.09, 44]","[300.16, 113]","[410.88, 41]","[472.26, 42]",356.98,240,107.79,0.31
07:45:21,"[305.0, 75]","[303.0, 45]","[443.26, 35]","[447.19, 48]",374.13,203,138.26,0.18
07:45:22,"[305.0, 112]","[303.0, 55]","[395.12, 43]","[427.46, 59]",350.06,269,90.12,0.24
07:45:23,"[305.23, 145]","[303.52, 80]","[383.91, 87]","[389.47, 95]",344.57,407,78.68,0.11
07:45:24,"[306.0, 123]","[305.0, 84]","[383.18, 56]","[385.36, 36]",344.59,299,77.18,0.38
07:45:25,"[305.28, 87]","[303.74, 57]","[379.71, 56]","[380.88, 24]",342.5,224,74.44,0.29
07:45:26,"[305.0, 97]","[303.0, 56]","[374.94, 36]","[409.17, 36]",339.97,225,69.94,0.36
07:45:27,"[305.76, 76]","[304.69, 78]","[367.42, 38]","[368.83, 48]",336.59,240,61.66,0.28
07:45:28,"[306.0, 24]","[305.0, 72]","[360.84, 38]","[361.95, 38]",333.42,172,54.84,0.12
07:45:29,"[306.0, 16]","[305.0, 54]","[356.88, 24]","[357.92, 38]",331.44,132,50.88,0.06
07:45:30,"[306.0, 24]","[305.0, 96]","[352.88, 50]","[353.5, 44]",329.44,214,46.88,0.12
07:45:31,"[306.0, 20]","[305.0, 80]","[347.36, 36]","[348.95, 44]",326.68,180,41.36,0.11
07:45:32,"[305.44, 36]","[304.57, 92]","[344.86, 42]","[345.84, 62]",325.15,232,39.41,0.1
07:45:33,"[306.78, 37]","[304.83, 48]","[341.46, 46]","[343.22, 46]",324.12,177,34.67,-0.04
07:45:34,"[307.0, 33]","[305.0, 44]","[338.0, 40]","[339.3, 40]",322.5,157,31.0,-0.02
07:45:35,"[307.0, 27]","[305.0, 36]","[332.9, 31]","[334.17, 30]",319.95,124,25.9,0.02
07:45:36,"[306.88, 32]","[304.82, 44]","[327.64, 44]","[328.98, 52]",317.26,172,20.76,-0.12
07:45:37,"[302.21, 38]","[301.5, 80]","[322.28, 50]","[323.72, 64]",312.25,232,20.07,0.02
07:45:38,"[303.12, 25]","[301.18, 40]","[314.44, 57]","[321.11, 38]",308.78,160,11.32,-0.19
07:45:39,"[304.0, 30]","[302.0, 15]","[318.18, 55]","[319.08, 60]",311.09,160,14.18,-0.44
07:45:40,"[304.0, 22]","[302.0, 11]","[314.38, 39]","[315.68, 38]",309.19,110,10.38,-0.4
07:45:41,"[304.45, 22]","[303.25, 16]","[309.72, 43]","[310.67, 39]",307.09,120,5.27,-0.37
07:45:42,"[302.94, 18]","[301.15, 55]","[305.0, 51]","[307.66, 68]",303.97,192,2.06,-0.24
07:45:43,"[299.25, 32]","[298.58, 48]","[302.12, 24]","[303.19, 26]",300.69,130,2.88,0.23
07:45:44,"[299.0, 69]","[298.0, 68]","[300.34, 32]","[314.58, 31]",299.67,200,1.34,0.37
07:45:45,"[298.7, 20]","[297.92, 26]","[322.67, 18]","[409.0, 16]",310.68,80,23.97,0.15
07:45:46,"[298.0, 22]","[297.0, 8]","[315.0, 32]","[324.29, 28]",306.5,90,17.0,-0.33
07:45:47,"[297.33, 6]","[283.67, 6]","[315.0, 24]","[349.0, 12]",306.17,48,17.67,-0.5
07:45:48,"[279.0, 10]","[269.42, 19]","[313.29, 28]","[323.5, 32]",296.14,89,34.29,-0.35
07:45:49,"[277.0, 8]","[269.0, 16]","[314.08, 26]","[357.97, 31]",295.54,81,37.08,-0.41
07:45:50,"[293.86, 102]","[165.38, 21]","[313.45, 44]","[368.51, 37]",303.66,204,19.59,0.21
07:45:51,"[298.81, 126]","[295.55, 170]","[313.0, 68]","[344.3, 60]",305.9,424,14.19,0.4
07:45:52,"[302.61, 82]","[298.43, 157]","[361.45, 62]","[429.78, 45]",332.03,346,58.84,0.38
07:45:53,"[302.17, 59]","[298.74, 129]","[389.93, 46]","[543.8, 41]",346.05,275,87.77,0.37
07:45:54,"[302.45, 147]","[298.5, 180]","[365.15, 68]","[367.78, 32]",333.8,427,62.7,0.53
07:45:55,"[303.62, 143]","[302.0, 117]","[348.68, 47]","[350.87, 45]",326.15,352,45.07,0.48
07:45:56,"[304.67, 132]","[302.0, 108]","[344.23, 26]","[345.45, 29]",324.45,295,39.56,0.63
07:45:57,"[305.0, 143]","[302.0, 117]","[335.09, 35]","[341.09, 22]",320.04,317,30.09,0.64
07:45:58,"[305.0, 66]","[303.0, 16]","[323.97, 39]","[327.8, 20]",314.49,141,18.97,0.16
07:45:59,"[305.0, 10]","[303.0, 20]","[322.27, 40]","[330.36, 14]",313.64,84,17.27,-0.29
07:46:00,"[305.0, 24]","[303.0, 24]","[318.63, 27]","[319.24, 34]",311.81,109,13.63,-0.12
07:46:01,"[305.0, 32]","[303.0, 32]","[312.34, 56]","[313.21, 47]",308.67,167,7.34,-0.23
07:46:02,"[305.0, 28]","[303.0, 28]","[308.04, 23]","[308.66, 50]",306.52,129,3.04,-0.13
07:46:03,"[303.54, 37]","[301.17, 219]","[307.31, 42]","[308.84, 57]",305.43,355,3.77,0.44
07:46:04,"[301.28, 151]","[300.58, 212]","[304.43, 21]","[305.58, 36]",302.85,420,3.15,0.73
07:46:05,"[301.0, 247]","[298.0, 60]","[331.93, 15]","[353.37, 27]",316.47,349,30.93,0.76
07:46:06,"[301.84, 143]","[300.91, 190]","[429.08, 37]","[644.41, 17]",365.46,387,127.24,0.72
07:46:07,"[302.46, 112]","[302.18, 242]","[397.0, 26]","[553.33, 54]",349.73,434,94.54,0.63
07:46:08,"[305.0, 11]","[304.0, 165]","[392.76, 45]","[393.86, 14]",348.88,235,87.76,0.5
07:46:09,"[305.0, 10]","[304.0, 150]","[389.7, 50]","[391.0, 40]",347.35,250,84.7,0.28
07:46:10,"[304.0, 84]","[301.0, 154]","[387.91, 33]","[390.0, 30]",345.95,301,83.91,0.58
07:46:11,"[304.19, 104]","[301.71, 202]","[343.63, 41]","[384.83, 46]",323.91,393,39.44,0.56
07:46:12,"[304.0, 91]","[301.0, 242]","[314.0, 55]","[315.0, 44]",309.0,432,10.0,0.54
07:46:13,"[301.29, 84]","[300.2, 90]","[314.0, 35]","[315.0, 28]",307.64,237,12.71,0.47
07:46:14,"[301.0, 190]","[298.0, 60]","[313.14, 42]","[314.17, 48]",307.07,340,12.14,0.47
07:46:15,"[304.69, 86]","[301.5, 78]","[310.28, 43]","[312.98, 47]",307.48,254,5.59,0.29
07:46:16,"[304.19, 37]","[301.12, 101]","[308.0, 35]","[310.0, 28]",306.09,201,3.81,0.37
07:46:17,"[303.6, 20]","[301.25, 142]","[307.92, 60]","[310.0, 48]",305.76,270,4.32,0.2
07:46:18,"[301.05, 151]","[300.33, 126]","[304.09, 55]","[305.09, 55]",302.57,387,3.04,0.43
07:46:19,"[301.0, 117]","[299.0, 48]","[302.0, 40]","[373.5, 16]",301.5,221,1.0,0.49
07:46:20,"[301.0, 39]","[299.0, 18]","[302.0, 12]","[491.0, 3]",301.5,72,1.0,0.58
07:46:21,"[301.0, 54]","[299.0, 36]","[459.67, 6]","[505.0, 12]",380.33,108,158.67,0.67
07:46:22,"[301.0, 72]","[299.0, 48]","[388.0, 8]","[505.0, 16]",344.5,144,87.0,0.67
07:46:23,"[301.0, 85]","[299.0, 72]","[371.08, 36]","[393.29, 14]",336.04,207,70.08,0.52
07:46:24,"[301.0, 22]","[299.0, 36]","[369.83, 18]","[424.62, 13]",335.42,89,68.83,0.3
07:46:25,"[302.65, 60]","[299.29, 63]","[366.83, 36]","[368.75, 36]",334.74,195,64.18,0.26
07:46:26,"[304.0, 121]","[301.0, 33]","[364.73, 33]","[366.0, 33]",334.36,220,60.73,0.4
07:46:27,"[304.51, 67]","[303.79, 130]","[363.57, 42]","[365.14, 42]",334.04,281,59.06,0.4
07:46:28,"[305.0, 26]","[304.0, 159]","[363.38, 39]","[433.73, 33]",334.19,257,58.38,0.44
07:46:29,"[305.0, 16]","[304.0, 104]","[360.12, 24]","[362.0, 24]",332.56,168,55.12,0.43
07:46:30,"[304.81, 27]","[303.93, 72]","[359.0, 24]","[362.0, 24]",331.91,147,54.19,0.35
07:46:31,"[304.0, 117]","[301.0, 27]","[358.12, 24]","[360.67, 27]",331.06,195,54.12,0.48
07:46:32,"[304.0, 143]","[301.0, 55]","[356.87, 23]","[357.94, 32]",330.43,253,52.87,0.57
07:46:33,"[304.0, 156]","[301.0, 168]","[325.12, 34]","[331.21, 38]",314.56,396,21.12,0.64
07:46:34,"[304.0, 114]","[301.0, 126]","[305.8, 20]","[306.95, 19]",304.9,279,1.8,0.72
07:46:35,"[304.0, 70]","[301.0, 112]","[306.38, 16]","[335.8, 20]",305.19,218,2.38,0.67
07:46:36,"[304.0, 74]","[301.0, 168]","[305.94, 33]","[334.57, 21]",304.97,296,1.94,0.64
07:46:37,"[304.0, 44]","[301.0, 143]","[340.96, 28]","[597.75, 24]",322.48,239,36.96,0.56
07:46:38,"[304.0, 10]","[301.0, 85]","[525.0, 10]","[658.0, 20]",414.5,125,221.0,0.52
07:46:39,"[304.0, 10]","[301.0, 85]","[413.0, 10]","[614.0, 20]",358.5,125,109.0,0.52
07:46:40,"[304.0, 13]","[301.0, 170]","[413.0, 20]","[596.62, 16]",358.5,219,109.0,0.67
07:46:41,"[304.91, 23]","[301.51, 41]","[369.0, 18]","[385.28, 18]",336.96,100,64.09,0.28
07:46:42,"[301.62, 77]","[301.22, 9]","[333.33, 12]","[439.0, 31]",317.48,129,31.71,0.33
07:46:43,"[302.83, 42]","[300.96, 103]","[478.0, 10]","[639.91, 22]",390.42,177,175.17,0.64
07:46:44,"[306.76, 51]","[301.91, 66]","[327.77, 13]","[348.35, 40]",317.27,170,21.0,0.38
07:46:45,"[301.62, 58]","[300.89, 76]","[310.56, 18]","[388.46, 13]",306.09,165,8.93,0.62
07:46:46,"[301.0, 75]","[299.0, 8]","[303.62, 40]","[326.0, 8]",302.31,131,2.62,0.27
07:46:47,"[300.9, 39]","[298.36, 22]","[312.89, 46]","[364.92, 12]",306.89,119,11.99,0.03
07:46:48,"[298.08, 53]","[265.78, 63]","[397.54, 26]","[537.67, 15]",347.81,157,99.46,0.48
07:46:49,"[298.35, 52]","[261.75, 56]","[396.68, 25]","[397.2, 25]",347.51,158,98.33,0.37
07:46:50,"[298.79, 34]","[292.14, 71]","[394.6, 10]","[418.32, 38]",346.7,153,95.81,0.37
07:46:51,"[303.71, 21]","[298.92, 39]","[394.0, 9]","[438.89, 27]",348.86,96,90.29,0.25
07:46:52,"[302.33, 18]","[298.19, 57]","[393.5, 12]","[454.33, 36]",347.92,123,91.17,0.22
07:46:53,"[304.0, 14]","[302.0, 6]","[392.2, 15]","[441.75, 12]",348.1,47,88.2,-0.15
07:46:54,"[303.6, 20]","[299.17, 24]","[392.0, 28]","[393.0, 7]",347.8,79,88.4,0.11
07:46:55,"[300.97, 61]","[298.53, 19]","[391.33, 45]","[392.43, 14]",346.15,139,90.37,0.15
07:46:56,"[301.71, 85]","[300.82, 55]","[388.36, 55]","[388.71, 68]",345.03,263,86.66,0.06
07:46:57,"[302.0, 66]","[301.0, 55]","[383.23, 35]","[385.61, 31]",342.61,187,81.23,0.29
07:46:58,"[302.88, 48]","[301.0, 40]","[380.56, 18]","[382.31, 35]",341.72,141,77.68,0.25
07:46:59,"[303.0, 84]","[301.0, 70]","[370.54, 56]","[379.39, 66]",336.77,276,67.54,0.12
07:47:00,"[303.0, 72]","[301.0, 70]","[374.11, 46]","[374.96, 53]",338.55,241,71.11,0.18
07:47:01,"[303.0, 27]","[301.0, 45]","[370.32, 41]","[371.17, 36]",336.66,149,67.32,-0.03
07:47:02,"[303.0, 24]","[301.0, 40]","[368.56, 36]","[369.44, 36]",335.78,136,65.56,-0.06
07:47:03,"[301.18, 68]","[300.7, 33]","[367.0, 28]","[369.0, 35]",334.09,164,65.82,0.23
07:47:04,"[301.0, 110]","[299.0, 11]","[363.27, 30]","[364.8, 35]",332.13,186,62.27,0.3
07:47:05,"[301.0, 182]","[299.0, 15]","[357.26, 39]","[357.44, 36]",329.13,272,56.26,0.45
07:47:06,"[301.0, 104]","[299.0, 8]","[352.87, 31]","[354.29, 17]",326.94,160,51.87,0.4
07:47:07,"[301.0, 120]","[299.0, 10]","[350.59, 32]","[351.57, 46]",325.8,208,49.59,0.25
07:47:08,"[301.08, 104]","[300.26, 50]","[348.64, 11]","[350.0, 44]",324.86,209,47.56,0.47
07:47:09,"[302.0, 60]","[301.0, 180]","[344.85, 53]","[347.39, 38]",323.42,331,42.85,0.45
07:47:10,"[301.0, 144]","[299.0, 12]","[343.51, 49]","[343.88, 26]",322.26,231,42.51,0.35
07:47:11,"[301.06, 64]","[300.81, 53]","[338.69, 29]","[339.52, 31]",319.88,177,37.63,0.32
07:47:12,"[302.0, 9]","[301.0, 108]","[335.73, 15]","[337.89, 37]",318.87,169,33.73,0.38
07:47:13,"[301.04, 67]","[300.64, 44]","[334.03, 37]","[334.57, 42]",317.54,190,32.98,0.17
07:47:14,"[301.0, 32]","[299.0, 4]","[330.3, 10]","[334.2, 10]",315.65,56,29.3,0.29
07:47:15,"[301.13, 92]","[299.5, 16]","[327.94, 34]","[329.84, 31]",314.54,173,26.81,0.25
07:47:16,"[304.0, 32]","[301.0, 32]","[326.18, 11]","[327.07, 29]",315.09,104,22.18,0.23
07:47:17,"[302.22, 37]","[301.21, 14]","[323.56, 18]","[327.62, 42]",312.89,111,21.34,-0.08
07:47:18,"[303.09, 23]","[301.71, 21]","[319.85, 20]","[321.23, 35]",311.47,99,16.76,-0.11
07:47:19,"[307.0, 8]","[302.0, 24]","[316.92, 26]","[317.75, 32]",311.96,90,9.92,-0.29
07:47:20,"[298.62, 53]","[285.25, 64]","[314.6, 40]","[316.35, 46]",306.61,203,15.98,0.15
07:47:21,"[298.0, 48]","[202.0, 12]","[311.58, 48]","[313.0, 48]",304.79,156,13.58,-0.23
07:47:22,"[299.81, 27]","[280.12, 34]","[308.89, 47]","[310.84, 45]",304.35,153,9.08,-0.2
07:47:23,"[298.14, 49]","[281.69, 32]","[303.56, 50]","[305.38, 47]",300.85,178,5.42,-0.09
07:47:24,"[301.0, 19]","[298.0, 22]","[302.0, 55]","[303.0, 33]",301.5,129,1.0,-0.36
07:47:25,"[292.9, 20]","[254.09, 22]","[301.13, 46]","[302.24, 33]",297.02,121,8.23,-0.31
07:47:26,"[291.0, 22]","[231.0, 22]","[297.24, 29]","[379.0, 27]",294.12,100,6.24,-0.12
07:47:27,"[291.0, 14]","[214.0, 14]","[294.0, 14]","[296.0, 21]",292.5,63,3.0,-0.11
07:47:28,"[292.01, 72]","[273.92, 26]","[295.13, 30]","[313.7, 33]",293.57,161,3.12,0.22
07:47:29,"[293.0, 30]","[291.0, 12]","[299.0, 12]","[413.72, 18]",296.0,72,6.0,0.17
07:47:30,"[293.62, 65]","[285.92, 26]","[504.05, 61]","[529.09, 57]",398.83,209,210.43,-0.13
07:47:31,"[295.26, 47]","[289.17, 24]","[480.29, 42]","[531.11, 45]",387.77,158,185.03,-0.1
07:47:32,"[297.36, 56]","[296.17, 54]","[453.93, 29]","[518.79, 42]",375.64,181,156.57,0.22
07:47:33,"[299.49, 43]","[298.64, 56]","[457.73, 59]","[506.08, 53]",378.61,211,158.24,-0.06
07:47:34,"[300.0, 3]","[299.0, 12]","[390.08, 13]","[406.67, 15]",345.04,43,90.08,-0.3
07:47:35,"[300.89, 9]","[299.0, 36]","[392.56, 43]","[399.49, 39]",346.72,127,91.67,-0.29
07:47:36,"[300.25, 8]","[291.4, 35]","[372.12, 40]","[401.58, 31]",336.19,114,71.88,-0.25
07:47:37,"[297.8, 15]","[249.7, 66]","[371.07, 42]","[377.55, 33]",334.44,156,73.27,0.04
07:47:38,"[248.23, 88]","[184.24, 119]","[358.41, 56]","[365.69, 55]",303.32,318,110.18,0.3
07:47:39,"[280.89, 112]","[221.92, 92]","[318.89, 54]","[334.54, 72]",299.89,330,38.0,0.24
07:47:40,"[305.77, 40]","[300.35, 60]","[316.74, 47]","[317.65, 43]",311.26,190,10.97,0.05
07:47:41,"[305.0, 11]","[300.0, 121]","[315.45, 44]","[317.0, 55]",310.23,231,10.45,0.14
07:47:42,"[305.0, 8]","[300.39, 38]","[313.86, 35]","[315.0, 35]",309.43,116,8.86,-0.21
07:47:43,"[300.1, 99]","[298.71, 14]","[304.88, 43]","[306.43, 51]",302.49,207,4.78,0.09
07:47:44,"[300.0, 72]","[298.0, 12]","[302.69, 39]","[304.6, 45]",301.35,168,2.69,0.0
07:47:45,"[299.73, 30]","[273.43, 40]","[301.35, 17]","[303.0, 30]",300.54,117,1.62,0.2
07:47:46,"[239.33, 60]","[223.38, 72]","[299.18, 22]","[302.89, 28]",269.26,182,59.85,0.45
07:47:47,"[225.08, 65]","[171.67, 88]","[297.49, 35]","[302.08, 39]",261.28,227,72.41,0.35
07:47:48,"[248.0, 22]","[246.0, 77]","[289.0, 11]","[297.0, 33]",268.5,143,41.0,0.38
07:47:49,"[248.22, 18]","[136.29, 45]","[289.0, 9]","[293.11, 27]",268.61,99,40.78,0.27
07:47:50,"[249.0, 16]","[193.0, 14]","[289.0, 8]","[290.0, 24]",269.0,62,40.0,-0.03
07:47:51,"[255.32, 56]","[181.31, 61]","[289.0, 13]","[290.0, 39]",272.16,169,33.68,0.38
07:47:52,"[262.21, 29]","[169.78, 60]","[291.59, 37]","[294.94, 51]",276.9,177,29.39,0.01
07:47:53,"[232.43, 70]","[167.71, 24]","[293.88, 8]","[322.14, 21]",263.15,123,61.45,0.53
07:47:54,"[239.27, 22]","[236.97, 29]","[296.16, 19]","[415.0, 19]",267.72,89,56.89,0.15
07:47:55,"[295.22, 45]","[286.0, 40]","[296.43, 14]","[298.2, 10]",295.83,109,1.21,0.56
07:47:56,"[296.0, 16]","[290.0, 56]","[299.0, 8]","[509.67, 24]",297.5,104,3.0,0.38
07:47:57,"[296.0, 14]","[290.0, 49]","[299.0, 7]","[423.4, 15]",297.5,85,3.0,0.48
07:47:58,"[297.0, 56]","[291.67, 42]","[299.0, 6]","[415.15, 13]",298.0,117,2.0,0.68
07:47:59,"[299.18, 110]","[295.37, 60]","[365.07, 27]","[420.55, 33]",332.13,230,65.89,0.48
07:48:00,"[303.0, 70]","[301.53, 30]","[367.4, 10]","[368.82, 22]",335.2,132,64.4,0.52
07:48:01,"[303.17, 71]","[302.27, 30]","[347.39, 33]","[352.62, 21]",325.28,155,44.22,0.3
07:48:02,"[304.07, 45]","[303.39, 46]","[339.29, 28]","[341.25, 12]",321.68,131,35.22,0.39
07:48:03,"[306.33, 27]","[304.1, 60]","[328.79, 28]","[332.58, 26]",317.56,141,22.45,0.23
07:48:04,"[305.4, 45]","[304.27, 11]","[313.35, 31]","[316.67, 27]",309.38,114,7.95,-0.02
07:48:05,"[304.0, 36]","[303.0, 12]","[311.94, 32]","[313.67, 36]",307.97,116,7.94,-0.17
07:48:06,"[304.0, 24]","[303.0, 12]","[308.68, 22]","[308.96, 28]",306.34,86,4.68,-0.16
07:48:07,"[304.0, 20]","[303.0, 10]","[307.0, 10]","[308.0, 30]",305.5,70,3.0,-0.14
07:48:08,"[304.0, 16]","[303.0, 8]","[307.0, 8]","[308.0, 24]",305.5,56,3.0,-0.14
07:48:09,"[303.0, 15]","[301.82, 22]","[305.32, 19]","[306.11, 27]",304.16,83,2.32,-0.11
07:48:10,"[300.61, 33]","[299.29, 105]","[303.55, 20]","[305.83, 36]",302.08,194,2.94,0.42
07:48:11,"[300.0, 9]","[299.0, 90]","[303.33, 9]","[407.12, 34]",301.67,142,3.33,0.39
07:48:12,"[300.0, 8]","[299.0, 101]","[302.25, 8]","[378.44, 18]",301.12,135,2.25,0.61
07:48:13,"[300.0, 10]","[299.0, 170]","[301.0, 10]","[302.0, 10]",300.5,200,1.0,0.8
07:48:14,"[299.02, 156]","[276.8, 60]","[301.39, 18]","[360.94, 16]",300.2,250,2.37,0.73
07:48:15,"[299.0, 131]","[280.05, 38]","[300.92, 26]","[342.11, 19]",299.96,214,1.92,0.58
07:48:16,"[299.0, 143]","[298.0, 44]","[300.09, 44]","[396.28, 18]",299.55,249,1.09,0.5
07:48:17,"[299.29, 109]","[298.45, 62]","[518.75, 32]","[630.27, 44]",409.02,247,219.46,0.38
07:48:18,"[301.61, 74]","[300.0, 80]","[502.8, 30]","[629.87, 30]",402.2,214,201.19,0.44
07:48:19,"[303.0, 108]","[300.0, 120]","[316.0, 48]","[358.0, 42]",309.5,318,13.0,0.43
07:48:20,"[303.0, 120]","[300.18, 55]","[326.8, 40]","[425.67, 36]",314.9,251,23.8,0.39
07:48:21,"[304.44, 100]","[302.99, 91]","[360.0, 20]","[527.3, 40]",332.22,251,55.56,0.52
07:48:22,"[305.0, 81]","[303.0, 90]","[470.3, 20]","[574.5, 32]",387.65,223,165.3,0.53
07:48:23,"[305.0, 71]","[303.0, 70]","[552.52, 23]","[556.62, 16]",428.76,180,247.52,0.57
07:48:24,"[305.0, 96]","[303.0, 100]","[403.0, 33]","[479.86, 35]",354.0,264,98.0,0.48
07:48:25,"[305.0, 80]","[303.0, 80]","[489.46, 28]","[551.13, 30]",397.23,218,184.46,0.47
07:48:26,"[305.0, 80]","[303.0, 80]","[412.57, 28]","[587.43, 28]",358.79,216,107.57,0.48
07:48:27,"[305.0, 120]","[303.0, 120]","[391.88, 42]","[471.73, 45]",348.44,327,86.88,0.47
07:48:28,"[305.0, 50]","[303.0, 80]","[387.0, 24]","[388.0, 32]",346.0,186,82.0,0.4
07:48:29,"[305.0, 48]","[303.0, 120]","[387.0, 48]","[397.25, 48]",346.0,264,82.0,0.27
07:48:30,"[303.28, 58]","[302.31, 65]","[385.86, 21]","[498.0, 28]",344.57,172,82.58,0.43
07:48:31,"[303.0, 120]","[302.0, 108]","[382.9, 30]","[411.57, 42]",342.95,300,79.9,0.52
07:48:32,"[303.0, 150]","[302.0, 135]","[367.79, 42]","[372.09, 46]",335.39,373,64.79,0.53
07:48:33,"[303.0, 121]","[302.0, 117]","[348.53, 38]","[360.27, 33]",325.76,309,45.53,0.54
07:48:34,"[303.0, 20]","[302.0, 108]","[337.29, 28]","[345.18, 44]",320.14,200,34.29,0.28
07:48:35,"[303.0, 8]","[302.0, 72]","[331.64, 22]","[353.14, 28]",317.32,130,28.64,0.23
07:48:36,"[307.0, 28]","[302.11, 64]","[330.56, 63]","[331.29, 49]",318.78,204,23.56,-0.1
07:48:37,"[307.0, 22]","[304.0, 178]","[330.0, 44]","[331.0, 55]",318.5,299,23.0,0.34
07:48:38,"[307.0, 22]","[304.0, 187]","[327.6, 50]","[328.98, 49]",317.3,308,20.6,0.36
07:48:39,"[307.0, 22]","[304.0, 187]","[322.75, 36]","[324.78, 46]",314.88,291,15.75,0.44
07:48:40,"[307.0, 28]","[304.0, 238]","[318.69, 59]","[319.39, 31]",312.85,356,11.69,0.49
07:48:41,"[305.04, 52]","[303.81, 169]","[314.41, 44]","[315.36, 25]",309.72,290,9.37,0.52
07:48:42,"[304.0, 221]","[302.0, 108]","[312.21, 56]","[312.76, 37]",308.11,422,8.21,0.56
07:48:43,"[304.14, 217]","[302.96, 212]","[308.38, 68]","[310.07, 40]",306.26,537,4.24,0.6
07:48:44,"[303.77, 69]","[301.44, 72]","[306.52, 46]","[307.12, 41]",305.14,228,2.75,0.24
07:48:45,"[301.15, 104]","[300.59, 54]","[302.95, 57]","[303.76, 29]",302.05,244,1.79,0.3
07:48:46,"[301.0, 56]","[300.0, 22]","[303.38, 26]","[329.73, 30]",302.19,134,2.38,0.16
07:48:47,"[301.68, 44]","[300.46, 26]","[303.77, 26]","[398.59, 34]",302.73,130,2.09,0.08
07:48:48,"[298.65, 57]","[297.91, 35]","[309.59, 37]","[468.65, 23]",304.12,152,10.95,0.21
07:48:49,"[298.0, 167]","[296.0, 78]","[469.45, 44]","[633.46, 52]",383.73,341,171.45,0.44
07:48:50,"[300.72, 18]","[299.27, 41]","[431.75, 32]","[580.5, 32]",366.24,123,131.03,-0.04
07:48:51,"[305.0, 9]","[303.0, 27]","[430.78, 36]","[524.27, 22]",367.89,94,125.78,-0.23
07:48:52,"[305.0, 9]","[303.0, 27]","[428.11, 36]","[486.0, 36]",366.56,108,123.11,-0.33
07:48:53,"[304.83, 12]","[302.97, 34]","[426.67, 48]","[468.33, 48]",365.75,142,121.83,-0.35
