Time,Bid1,Bid2,Ask1,Ask2,Mid-Price,Total_volume,Bid_ask_spread,Order_imbalance
07:30:00,"[0, 0]","[0, 0]","[0, 0]","[0, 0]",0.0,0,0.0,0.0
07:30:01,"[177.0, 12]","[114.0, 4]","[0, 0]","[0, 0]",88.5,16,-177.0,1.0
07:30:02,"[177.0, 18]","[120.67, 9]","[185.0, 12]","[195.0, 4]",181.0,43,8.0,0.26
07:30:03,"[177.0, 12]","[175.0, 16]","[185.0, 8]","[195.0, 4]",181.0,40,8.0,0.4
07:30:05,"[177.0, 18]","[175.0, 24]","[184.0, 9]","[185.0, 12]",180.5,63,7.0,0.33
07:30:06,"[177.0, 18]","[175.0, 24]","[182.55, 11]","[184.09, 11]",179.77,64,5.55,0.31
07:30:07,"[177.0, 12]","[175.0, 16]","[181.62, 8]","[182.58, 12]",179.31,48,4.62,0.17
07:30:08,"[177.0, 24]","[175.0, 32]","[181.0, 12]","[182.0, 20]",179.0,88,4.0,0.27
07:30:09,"[177.0, 42]","[175.0, 56]","[179.72, 25]","[181.66, 35]",178.36,158,2.72,0.24
07:30:10,"[177.0, 30]","[175.0, 40]","[178.0, 15]","[179.0, 25]",177.5,110,1.0,0.27
07:30:11,"[177.0, 15]","[175.0, 24]","[178.0, 9]","[179.0, 15]",177.5,63,1.0,0.24
07:30:12,"[175.17, 35]","[174.67, 12]","[177.17, 12]","[179.17, 18]",176.17,77,2.0,0.22
07:30:13,"[174.82, 28]","[169.0, 24]","[176.0, 18]","[182.05, 41]",175.41,111,1.18,-0.06
07:30:14,"[174.0, 3]","[168.0, 12]","[176.0, 6]","[181.0, 9]",175.0,30,2.0,0.0
07:30:15,"[152.6, 30]","[130.22, 36]","[175.4, 15]","[181.89, 27]",164.0,108,22.8,0.22
07:30:16,"[118.65, 23]","[117.35, 31]","[180.18, 22]","[182.68, 31]",149.42,107,61.53,0.01
07:30:17,"[140.38, 32]","[136.61, 38]","[177.59, 34]","[181.09, 34]",158.98,138,37.21,0.01
07:30:18,"[151.03, 34]","[148.11, 28]","[173.03, 33]","[174.08, 49]",162.03,144,22.0,-0.14
07:30:19,"[158.0, 12]","[157.0, 48]","[168.5, 48]","[170.83, 24]",163.25,132,10.5,-0.09
07:30:20,"[164.13, 46]","[158.03, 40]","[167.64, 39]","[169.75, 77]",165.89,202,3.51,-0.15
07:30:21,"[165.0, 30]","[159.0, 58]","[169.15, 52]","[170.08, 113]",167.08,253,4.15,-0.3
07:30:22,"[162.74, 38]","[159.24, 29]","[169.0, 51]","[170.19, 48]",165.87,166,6.26,-0.19
07:30:23,"[160.14, 28]","[159.03, 70]","[169.0, 65]","[171.0, 39]",164.57,202,8.86,-0.03
07:30:24,"[165.79, 42]","[161.61, 23]","[169.0, 90]","[171.0, 62]",167.39,217,3.21,-0.4
07:30:25,"[167.17, 48]","[166.43, 28]","[169.0, 44]","[171.0, 40]",168.08,160,1.83,-0.05
07:30:26,"[167.13, 68]","[166.59, 54]","[169.0, 57]","[171.0, 57]",168.07,236,1.87,0.03
07:30:27,"[168.0, 20]","[167.0, 66]","[169.0, 31]","[171.0, 33]",168.5,150,1.0,0.15
07:30:28,"[168.0, 10]","[167.0, 42]","[169.0, 14]","[171.0, 21]",168.5,87,1.0,0.2
07:30:29,"[168.0, 8]","[167.0, 48]","[169.0, 16]","[171.0, 24]",168.5,96,1.0,0.17
07:30:30,"[167.28, 25]","[166.38, 48]","[169.0, 20]","[171.0, 30]",168.14,123,1.72,0.19
07:30:31,"[167.0, 44]","[162.0, 18]","[169.0, 27]","[171.0, 27]",168.0,116,2.0,0.07
07:30:32,"[162.73, 15]","[161.44, 16]","[169.0, 45]","[171.0, 27]",165.87,103,6.27,-0.4
07:30:33,"[159.0, 40]","[157.97, 37]","[168.93, 46]","[170.8, 30]",163.97,153,9.93,0.01
07:30:34,"[160.91, 33]","[158.43, 42]","[167.96, 75]","[206.26, 42]",164.43,192,7.05,-0.22
07:30:35,"[159.17, 29]","[157.8, 50]","[165.36, 33]","[167.23, 39]",162.27,151,6.19,0.05
07:30:36,"[160.67, 18]","[158.15, 80]","[164.04, 49]","[165.5, 54]",162.35,201,3.37,-0.02
07:30:37,"[157.08, 104]","[156.4, 20]","[161.29, 28]","[162.55, 29]",159.18,181,4.21,0.37
07:30:38,"[158.0, 56]","[156.47, 76]","[160.45, 40]","[161.93, 28]",159.22,200,2.45,0.32
07:30:39,"[158.0, 44]","[156.0, 44]","[163.14, 28]","[165.53, 53]",160.57,169,5.14,0.04
07:30:40,"[158.0, 30]","[156.0, 40]","[165.0, 62]","[167.0, 110]",161.5,242,7.0,-0.42
07:30:41,"[158.32, 37]","[157.03, 29]","[165.0, 57]","[167.0, 99]",161.66,222,6.68,-0.41
07:30:42,"[159.21, 19]","[157.56, 27]","[165.0, 55]","[167.0, 100]",162.11,201,5.79,-0.54
07:30:43,"[160.67, 21]","[157.09, 35]","[163.9, 31]","[165.24, 74]",162.28,161,3.24,-0.3
07:30:44,"[160.96, 23]","[158.74, 19]","[162.78, 27]","[165.07, 59]",161.87,128,1.82,-0.34
07:30:45,"[157.52, 29]","[156.61, 46]","[165.0, 40]","[166.0, 32]",161.26,147,7.48,0.02
07:30:46,"[157.82, 130]","[156.49, 63]","[165.0, 55]","[166.0, 44]",161.41,292,7.18,0.32
07:30:47,"[158.0, 104]","[156.0, 77]","[163.5, 32]","[164.82, 34]",160.75,247,5.5,0.47
07:30:48,"[159.77, 169]","[156.0, 77]","[162.38, 52]","[164.0, 39]",161.08,337,2.62,0.46
07:30:49,"[160.0, 195]","[156.0, 75]","[162.0, 39]","[163.19, 53]",161.0,362,2.0,0.49
07:30:50,"[160.0, 156]","[156.0, 60]","[164.0, 36]","[165.0, 60]",162.0,312,4.0,0.38
07:30:51,"[160.0, 104]","[156.0, 40]","[164.0, 24]","[165.0, 40]",162.0,208,4.0,0.38
07:30:52,"[160.0, 91]","[156.0, 35]","[164.0, 21]","[165.0, 35]",162.0,182,4.0,0.38
07:30:53,"[161.22, 117]","[156.0, 37]","[164.0, 27]","[165.0, 45]",162.61,226,2.78,0.36
07:30:54,"[162.04, 149]","[158.64, 59]","[163.6, 43]","[165.18, 67]",162.82,318,1.56,0.31
07:30:55,"[161.81, 81]","[156.25, 20]","[163.43, 23]","[165.25, 40]",162.62,164,1.62,0.23
07:30:56,"[157.0, 27]","[154.0, 74]","[165.78, 69]","[166.38, 48]",161.39,218,8.78,-0.07
07:30:57,"[157.89, 79]","[155.31, 48]","[166.03, 62]","[172.5, 32]",161.96,221,8.15,0.15
07:30:58,"[158.0, 100]","[157.0, 30]","[165.0, 50]","[167.0, 10]",161.5,190,7.0,0.37
07:30:59,"[158.06, 85]","[157.11, 74]","[164.75, 63]","[165.79, 28]",161.4,250,6.69,0.27
07:31:00,"[162.45, 40]","[161.08, 85]","[165.0, 50]","[166.0, 26]",163.72,201,2.55,0.24
07:31:01,"[164.0, 9]","[163.0, 90]","[166.0, 50]","[167.0, 9]",165.0,158,2.0,0.25
07:31:02,"[164.84, 49]","[162.9, 80]","[166.0, 67]","[167.0, 15]",165.42,211,1.16,0.22
07:31:03,"[164.0, 13]","[158.0, 39]","[165.08, 39]","[166.03, 37]",164.54,128,1.08,-0.19
07:31:04,"[159.16, 31]","[156.33, 67]","[164.21, 29]","[165.15, 39]",161.68,166,5.05,0.18
07:31:05,"[158.75, 96]","[156.81, 86]","[163.33, 33]","[164.88, 41]",161.04,256,4.58,0.42
07:31:06,"[160.0, 12]","[159.0, 169]","[164.77, 30]","[165.75, 36]",162.38,247,4.77,0.47
07:31:07,"[160.0, 7]","[159.0, 109]","[165.0, 21]","[166.31, 13]",162.5,150,5.0,0.55
07:31:08,"[160.0, 10]","[157.39, 107]","[164.6, 25]","[165.5, 20]",162.3,162,4.6,0.44
07:31:09,"[161.2, 10]","[157.44, 110]","[165.0, 30]","[167.0, 10]",163.1,160,3.8,0.5
07:31:10,"[163.2, 15]","[157.69, 72]","[165.0, 45]","[167.0, 15]",164.1,147,1.8,0.18
07:31:11,"[156.35, 23]","[155.01, 255]","[165.0, 24]","[167.0, 12]",160.67,314,8.65,0.77
07:31:12,"[157.86, 14]","[156.51, 43]","[164.22, 23]","[165.94, 17]",161.04,97,6.36,0.18
07:31:13,"[160.21, 14]","[156.92, 130]","[164.29, 14]","[166.76, 50]",162.25,208,4.07,0.38
07:31:14,"[155.26, 98]","[154.19, 68]","[162.56, 9]","[165.0, 15]",158.91,190,7.3,0.75
07:31:15,"[155.0, 132]","[153.69, 70]","[161.15, 20]","[165.0, 40]",158.07,262,6.15,0.54
07:31:16,"[154.22, 92]","[153.44, 36]","[161.0, 18]","[165.0, 39]",157.61,185,6.78,0.38
07:31:17,"[154.0, 126]","[153.0, 35]","[161.0, 21]","[165.0, 49]",157.5,231,7.0,0.39
07:31:18,"[154.0, 162]","[153.0, 45]","[162.45, 33]","[165.14, 57]",158.23,297,8.45,0.39
07:31:19,"[155.04, 94]","[153.81, 155]","[165.0, 66]","[166.0, 44]",160.02,359,9.96,0.39
07:31:20,"[157.76, 51]","[155.77, 96]","[165.0, 84]","[166.0, 56]",161.38,287,7.24,0.02
07:31:21,"[160.88, 41]","[159.67, 36]","[165.0, 66]","[166.0, 44]",162.94,187,4.12,-0.18
07:31:22,"[162.07, 43]","[157.68, 69]","[164.81, 47]","[165.65, 52]",163.44,211,2.74,0.06
07:31:23,"[161.0, 40]","[156.94, 66]","[164.37, 35]","[165.57, 28]",162.69,169,3.37,0.25
07:31:24,"[157.0, 48]","[155.0, 12]","[163.0, 6]","[165.0, 24]",160.0,90,6.0,0.33
07:31:25,"[157.75, 64]","[155.38, 16]","[163.0, 8]","[165.0, 32]",160.38,120,5.25,0.33
07:31:26,"[158.0, 96]","[156.0, 24]","[159.5, 40]","[164.48, 27]",158.75,187,1.5,0.28
07:31:27,"[158.0, 64]","[156.0, 16]","[162.56, 27]","[165.5, 24]",160.28,131,4.56,0.22
07:31:28,"[158.87, 62]","[157.95, 74]","[165.0, 70]","[166.0, 28]",161.94,234,6.13,0.16
07:31:29,"[159.5, 36]","[158.0, 48]","[165.0, 42]","[166.0, 18]",162.25,144,5.5,0.17
07:31:30,"[161.8, 50]","[159.86, 58]","[165.0, 70]","[166.0, 30]",163.4,208,3.2,0.04
07:31:31,"[163.31, 52]","[162.5, 48]","[165.0, 70]","[166.0, 30]",164.15,200,1.69,0.0
07:31:32,"[163.21, 38]","[160.27, 22]","[165.0, 29]","[166.0, 21]",164.11,110,1.79,0.09
07:31:33,"[160.6, 30]","[156.11, 54]","[164.72, 29]","[165.71, 21]",162.66,134,4.12,0.25
07:31:34,"[158.9, 21]","[157.32, 44]","[168.0, 22]","[412.06, 49]",163.45,136,9.1,-0.04
07:31:35,"[162.55, 22]","[161.0, 11]","[167.11, 18]","[406.0, 36]",164.83,87,4.57,-0.24
07:31:36,"[162.38, 13]","[158.18, 78]","[167.08, 49]","[248.36, 28]",164.73,168,4.7,0.08
07:31:37,"[162.47, 15]","[161.0, 15]","[166.3, 33]","[232.96, 73]",164.38,136,3.84,-0.56
07:31:38,"[164.76, 76]","[162.25, 16]","[221.95, 38]","[423.36, 66]",193.36,196,57.18,-0.06
07:31:39,"[164.0, 8]","[161.0, 8]","[221.0, 33]","[403.26, 38]",192.5,87,57.0,-0.63
07:31:40,"[162.4, 20]","[157.4, 94]","[165.0, 26]","[241.0, 50]",163.7,190,2.6,0.2
07:31:41,"[163.89, 28]","[162.6, 15]","[215.6, 25]","[450.46, 59]",189.75,127,51.71,-0.32
07:31:42,"[163.0, 6]","[162.0, 12]","[346.29, 21]","[454.0, 24]",254.64,63,183.29,-0.43
07:31:43,"[164.0, 11]","[161.27, 22]","[207.24, 38]","[362.68, 41]",185.62,112,43.24,-0.41
07:31:44,"[164.34, 70]","[163.63, 43]","[221.55, 55]","[354.55, 38]",192.94,206,57.2,0.1
07:31:45,"[171.24, 41]","[165.2, 46]","[326.98, 41]","[539.76, 37]",249.11,165,155.73,0.05
07:31:46,"[174.77, 52]","[172.21, 78]","[286.4, 20]","[326.62, 16]",230.58,166,111.63,0.57
07:31:47,"[176.0, 70]","[174.0, 130]","[280.36, 14]","[287.62, 48]",228.18,262,104.36,0.53
07:31:48,"[176.0, 40]","[174.0, 88]","[278.5, 8]","[318.03, 35]",227.25,171,102.5,0.5
07:31:49,"[174.71, 85]","[173.93, 71]","[249.89, 19]","[286.73, 37]",212.3,212,75.19,0.47
07:31:50,"[174.0, 110]","[173.0, 10]","[223.6, 10]","[263.25, 44]",198.8,174,49.6,0.38
07:31:51,"[174.0, 66]","[173.0, 6]","[223.0, 6]","[399.33, 18]",198.5,96,49.0,0.5
07:31:52,"[174.0, 126]","[173.0, 12]","[221.69, 13]","[324.89, 18]",197.85,169,47.69,0.63
07:31:53,"[174.0, 138]","[173.0, 16]","[217.81, 21]","[218.56, 27]",195.9,202,43.81,0.52
07:31:54,"[174.0, 60]","[173.0, 10]","[214.5, 10]","[217.79, 19]",194.25,99,40.5,0.41
07:31:55,"[174.0, 61]","[172.18, 34]","[210.53, 15]","[211.58, 12]",192.27,122,36.53,0.56
07:31:56,"[174.0, 56]","[172.0, 56]","[208.25, 8]","[209.71, 14]",191.12,134,34.25,0.67
07:31:57,"[174.0, 98]","[172.0, 98]","[202.58, 19]","[205.07, 14]",188.29,229,28.58,0.71
07:31:58,"[174.0, 98]","[172.0, 98]","[198.58, 24]","[200.67, 18]",186.29,238,24.58,0.65
07:31:59,"[174.0, 71]","[172.0, 91]","[193.5, 16]","[195.95, 20]",183.75,198,19.5,0.64
07:32:00,"[174.0, 45]","[172.0, 63]","[189.11, 9]","[190.6, 15]",181.56,132,15.11,0.64
07:32:01,"[174.0, 68]","[171.62, 34]","[184.94, 18]","[185.84, 19]",179.47,139,10.94,0.47
07:32:02,"[172.42, 24]","[168.38, 71]","[182.1, 20]","[183.18, 11]",177.26,126,9.68,0.51
07:32:03,"[172.0, 26]","[169.0, 42]","[174.26, 35]","[179.69, 16]",173.13,119,2.26,0.14
07:32:04,"[169.82, 74]","[168.57, 82]","[172.77, 43]","[176.14, 44]",171.3,243,2.94,0.28
07:32:05,"[168.85, 59]","[167.25, 132]","[177.26, 38]","[294.81, 32]",173.06,261,8.42,0.46
07:32:06,"[168.84, 38]","[167.27, 90]","[279.44, 32]","[367.0, 36]",224.14,196,110.6,0.31
07:32:07,"[168.95, 38]","[167.79, 34]","[284.4, 40]","[377.0, 40]",226.67,152,115.45,-0.05
07:32:08,"[168.0, 14]","[167.0, 49]","[281.0, 28]","[378.92, 26]",224.5,117,113.0,0.08
07:32:09,"[169.18, 28]","[167.21, 57]","[261.84, 19]","[295.71, 38]",215.51,142,92.66,0.2
07:32:10,"[170.92, 39]","[168.0, 34]","[219.15, 41]","[252.39, 18]",195.03,132,48.22,0.11
07:32:11,"[171.0, 33]","[168.0, 22]","[223.68, 38]","[224.59, 17]",197.34,110,52.68,0.0
07:32:12,"[171.0, 39]","[168.0, 26]","[221.75, 16]","[222.98, 49]",196.38,130,50.75,0.0
07:32:13,"[171.88, 52]","[170.77, 52]","[220.91, 57]","[221.39, 33]",196.4,194,49.03,0.07
07:32:14,"[172.0, 11]","[171.0, 33]","[218.54, 41]","[220.29, 14]",195.27,99,46.54,-0.11
07:32:15,"[169.6, 5]","[167.8, 30]","[203.4, 20]","[213.88, 17]",186.5,72,33.8,-0.03
07:32:16,"[168.0, 15]","[167.0, 120]","[196.76, 21]","[198.63, 30]",182.38,186,28.76,0.45
07:32:17,"[168.0, 13]","[167.0, 104]","[193.38, 52]","[194.53, 19]",180.69,188,25.38,0.24
07:32:18,"[175.7, 106]","[168.18, 56]","[190.15, 26]","[190.91, 53]",182.93,241,14.46,0.34
07:32:19,"[176.0, 96]","[170.0, 41]","[186.72, 18]","[187.94, 33]",181.36,188,10.72,0.46
07:32:20,"[176.0, 112]","[174.04, 78]","[184.07, 14]","[185.21, 14]",180.04,218,8.07,0.74
07:32:21,"[176.0, 80]","[175.0, 70]","[181.71, 34]","[182.58, 19]",178.85,203,5.71,0.48
07:32:22,"[176.0, 59]","[175.0, 91]","[180.13, 31]","[180.74, 43]",178.06,224,4.13,0.34
07:32:23,"[174.41, 73]","[172.3, 56]","[176.5, 16]","[178.27, 22]",175.46,167,2.09,0.54
07:32:24,"[170.0, 39]","[168.65, 23]","[188.32, 28]","[243.64, 25]",179.16,115,18.32,0.08
07:32:25,"[169.12, 16]","[167.03, 94]","[473.57, 28]","[567.36, 42]",321.35,180,304.45,0.22
07:32:26,"[167.2, 56]","[152.97, 70]","[338.0, 24]","[627.72, 39]",252.6,189,170.8,0.33
07:32:27,"[167.0, 156]","[128.92, 26]","[310.88, 24]","[500.62, 48]",238.94,254,143.88,0.43
07:32:28,"[167.26, 53]","[166.21, 81]","[410.3, 37]","[531.25, 53]",288.78,224,243.03,0.2
07:32:29,"[169.0, 10]","[167.0, 110]","[247.12, 48]","[451.5, 36]",208.06,204,78.12,0.18
07:32:30,"[169.4, 15]","[167.04, 101]","[250.63, 43]","[311.67, 36]",210.01,195,81.23,0.19
07:32:31,"[171.0, 36]","[169.0, 12]","[211.6, 40]","[256.27, 44]",191.3,132,40.6,-0.27
07:32:32,"[172.92, 39]","[169.0, 37]","[256.0, 52]","[402.23, 65]",214.46,193,83.08,-0.21
07:32:33,"[173.3, 30]","[169.0, 70]","[255.0, 40]","[403.78, 46]",214.15,186,81.7,0.08
07:32:34,"[170.25, 48]","[167.93, 60]","[214.53, 53]","[294.43, 56]",192.39,217,44.28,-0.0
07:32:35,"[169.0, 22]","[167.0, 48]","[245.29, 55]","[315.17, 60]",207.15,185,76.29,-0.24
07:32:36,"[167.15, 13]","[149.56, 32]","[318.79, 58]","[348.38, 65]",242.97,168,151.64,-0.46
07:32:37,"[170.94, 16]","[136.28, 29]","[270.0, 47]","[297.93, 44]",220.47,136,99.06,-0.34
07:32:38,"[176.0, 18]","[170.73, 30]","[233.0, 36]","[237.23, 35]",204.5,119,57.0,-0.19
07:32:39,"[176.0, 12]","[171.0, 40]","[204.77, 35]","[216.69, 29]",190.39,116,28.77,-0.1
07:32:40,"[176.0, 13]","[171.0, 52]","[194.12, 16]","[195.57, 23]",185.06,104,18.12,0.25
07:32:41,"[171.28, 71]","[169.53, 30]","[188.28, 18]","[188.64, 33]",179.78,152,17.0,0.33
07:32:42,"[171.0, 66]","[167.0, 23]","[184.18, 17]","[184.78, 23]",177.59,129,13.18,0.38
07:32:43,"[171.0, 60]","[167.0, 40]","[178.13, 30]","[180.2, 10]",174.57,140,7.13,0.43
07:32:44,"[171.0, 48]","[167.0, 32]","[177.83, 24]","[178.33, 24]",174.42,128,6.83,0.25
07:32:45,"[171.0, 48]","[167.0, 56]","[175.63, 35]","[177.83, 42]",173.31,181,4.63,0.15
07:32:46,"[167.62, 52]","[166.33, 49]","[172.1, 21]","[172.83, 18]",169.86,140,4.48,0.44
07:32:47,"[167.0, 26]","[166.0, 30]","[169.75, 12]","[470.45, 33]",168.38,101,2.75,0.11
07:32:48,"[167.0, 23]","[166.0, 30]","[345.23, 31]","[570.44, 36]",256.11,120,178.23,-0.12
07:32:49,"[172.74, 47]","[167.46, 26]","[355.95, 41]","[385.72, 50]",264.35,164,183.21,-0.11
07:32:50,"[174.0, 106]","[171.0, 71]","[280.29, 42]","[340.0, 40]",227.14,259,106.29,0.37
07:32:51,"[174.0, 98]","[171.0, 70]","[267.2, 40]","[273.23, 31]",220.6,239,93.2,0.41
07:32:52,"[175.05, 19]","[173.78, 97]","[266.65, 40]","[287.47, 38]",220.85,194,91.6,0.2
07:32:53,"[176.0, 9]","[174.0, 81]","[255.89, 36]","[262.4, 20]",215.94,146,79.89,0.23
07:32:54,"[174.06, 93]","[171.84, 97]","[253.08, 26]","[255.0, 52]",213.57,268,79.01,0.42
07:32:55,"[174.0, 90]","[171.0, 70]","[232.75, 16]","[254.25, 32]",203.38,208,58.75,0.54
07:32:56,"[174.0, 81]","[171.0, 77]","[175.0, 11]","[185.0, 44]",174.5,213,1.0,0.48
07:32:57,"[174.0, 41]","[171.0, 56]","[175.0, 8]","[185.0, 32]",174.5,137,1.0,0.42
07:32:58,"[171.05, 57]","[169.93, 15]","[173.5, 24]","[182.76, 21]",172.28,117,2.45,0.23
07:32:59,"[171.0, 59]","[169.0, 11]","[172.93, 41]","[180.0, 14]",171.96,125,1.93,0.12
07:33:00,"[171.77, 31]","[169.6, 10]","[178.0, 10]","[198.3, 40]",174.89,91,6.23,-0.1
07:33:01,"[172.25, 96]","[171.0, 12]","[176.58, 24]","[179.83, 12]",174.42,144,4.33,0.5
07:33:02,"[173.0, 97]","[171.0, 16]","[175.2, 30]","[303.64, 22]",174.1,165,2.2,0.37
07:33:03,"[173.0, 30]","[171.0, 10]","[181.8, 10]","[502.0, 40]",177.4,90,8.8,-0.11
07:33:04,"[172.71, 35]","[167.68, 31]","[182.0, 13]","[581.37, 51]",177.36,130,9.29,0.02
07:33:05,"[168.0, 9]","[167.0, 90]","[182.0, 9]","[452.0, 32]",175.0,140,14.0,0.41
07:33:06,"[167.16, 38]","[166.88, 68]","[182.0, 10]","[332.42, 43]",174.58,159,14.84,0.33
07:33:07,"[170.73, 189]","[167.29, 112]","[180.0, 38]","[243.64, 44]",175.37,383,9.27,0.57
07:33:08,"[171.0, 167]","[167.0, 104]","[177.23, 39]","[180.73, 37]",174.12,347,6.23,0.56
07:33:09,"[171.44, 72]","[170.52, 84]","[175.04, 46]","[176.0, 42]",173.24,244,3.6,0.28
07:33:10,"[171.42, 83]","[169.79, 132]","[173.41, 59]","[176.13, 38]",172.41,312,1.99,0.38
07:33:11,"[171.0, 112]","[167.0, 152]","[174.93, 30]","[444.0, 30]",172.97,324,3.93,0.63
07:33:12,"[172.11, 152]","[169.58, 124]","[179.22, 18]","[277.14, 42]",175.66,336,7.12,0.64
07:33:13,"[173.38, 96]","[172.46, 148]","[182.0, 14]","[424.83, 60]",177.69,318,8.62,0.53
07:33:14,"[174.0, 24]","[173.0, 72]","[182.0, 6]","[314.67, 30]",178.0,132,8.0,0.45
07:33:15,"[174.0, 40]","[173.0, 120]","[182.0, 25]","[291.5, 50]",178.0,235,8.0,0.36
07:33:16,"[174.0, 24]","[173.0, 72]","[182.0, 6]","[256.0, 30]",178.0,132,8.0,0.45
07:33:17,"[173.29, 56]","[172.09, 88]","[182.0, 9]","[254.89, 35]",177.64,188,8.71,0.53
07:33:18,"[173.0, 72]","[171.0, 96]","[252.31, 16]","[371.62, 48]",212.66,232,79.31,0.45
07:33:19,"[173.0, 24]","[171.0, 32]","[177.0, 4]","[378.5, 16]",175.0,76,4.0,0.47
07:33:20,"[173.0, 45]","[171.0, 72]","[175.75, 16]","[279.46, 13]",174.38,146,2.75,0.6
07:33:21,"[171.34, 29]","[168.04, 154]","[173.94, 31]","[175.5, 20]",172.64,234,2.59,0.56
07:33:22,"[171.0, 36]","[167.0, 209]","[172.18, 33]","[175.61, 18]",171.59,296,1.18,0.66
07:33:23,"[168.13, 78]","[166.92, 166]","[172.0, 30]","[177.0, 10]",170.06,284,3.87,0.72
07:33:24,"[169.04, 69]","[167.08, 150]","[172.0, 36]","[177.0, 12]",170.52,267,2.96,0.64
07:33:25,"[170.16, 37]","[169.04, 75]","[192.92, 26]","[233.79, 34]",181.54,172,22.76,0.3
07:33:26,"[170.86, 28]","[168.83, 36]","[177.0, 11]","[241.54, 26]",173.93,101,6.14,0.27
07:33:27,"[167.35, 75]","[166.6, 67]","[175.55, 33]","[198.46, 13]",171.45,188,8.2,0.51
07:33:28,"[169.86, 14]","[167.03, 170]","[175.0, 42]","[176.29, 14]",172.43,240,5.14,0.53
07:33:29,"[170.45, 20]","[168.19, 74]","[173.16, 61]","[174.06, 89]",171.81,244,2.71,-0.23
07:33:30,"[167.82, 34]","[166.68, 109]","[173.64, 70]","[176.0, 14]",170.73,227,5.82,0.26
07:33:31,"[169.0, 15]","[167.0, 90]","[171.81, 47]","[172.87, 39]",170.4,191,2.81,0.1
07:33:32,"[167.23, 53]","[166.4, 94]","[170.01, 76]","[170.96, 54]",168.62,277,2.79,0.06
07:33:33,"[166.0, 62]","[165.0, 75]","[168.4, 30]","[170.0, 60]",167.2,227,2.4,0.21
07:33:34,"[165.83, 59]","[164.74, 54]","[167.44, 27]","[191.65, 20]",166.64,160,1.61,0.41
07:33:35,"[166.0, 55]","[164.08, 62]","[175.55, 11]","[252.0, 55]",170.77,183,9.55,0.28
07:33:36,"[166.0, 10]","[164.0, 10]","[175.0, 2]","[499.0, 8]",170.5,30,9.0,0.33
07:33:37,"[166.0, 35]","[164.0, 35]","[175.0, 7]","[321.09, 33]",170.5,110,9.0,0.27
07:33:38,"[166.0, 55]","[164.0, 55]","[167.0, 22]","[175.82, 11]",166.5,143,1.0,0.54
07:33:39,"[165.14, 14]","[163.32, 31]","[167.0, 14]","[176.0, 7]",166.07,66,1.86,0.36
07:33:40,"[165.0, 44]","[161.42, 57]","[167.0, 22]","[176.0, 11]",166.0,134,2.0,0.51
07:33:41,"[165.0, 36]","[161.36, 33]","[166.0, 27]","[167.0, 18]",165.5,114,1.0,0.21
07:33:42,"[162.67, 36]","[160.85, 41]","[166.05, 37]","[167.6, 15]",164.36,129,3.39,0.19
07:33:43,"[161.0, 49]","[160.0, 14]","[165.22, 23]","[167.0, 14]",163.11,100,4.22,0.26
07:33:44,"[161.0, 70]","[160.0, 20]","[164.36, 28]","[167.0, 20]",162.68,138,3.36,0.3
07:33:45,"[162.0, 20]","[161.0, 70]","[169.0, 15]","[276.7, 40]",165.5,145,7.0,0.24
07:33:46,"[162.33, 18]","[159.43, 70]","[172.0, 9]","[334.0, 36]",167.17,133,9.67,0.32
07:33:47,"[163.5, 24]","[160.0, 24]","[172.0, 12]","[343.75, 53]",167.75,113,8.5,-0.15
07:33:48,"[164.8, 40]","[162.15, 40]","[171.16, 32]","[199.88, 88]",167.98,200,6.36,-0.2
07:33:49,"[165.0, 14]","[163.0, 14]","[169.0, 35]","[170.86, 7]",167.0,70,4.0,-0.2
07:33:50,"[166.96, 46]","[165.93, 28]","[168.43, 70]","[171.0, 14]",167.69,158,1.47,-0.06
07:33:51,"[166.74, 31]","[160.72, 69]","[168.59, 27]","[277.04, 27]",167.67,154,1.85,0.3
07:33:52,"[162.31, 52]","[159.92, 114]","[172.0, 11]","[419.79, 28]",167.15,205,9.69,0.62
07:33:53,"[163.82, 68]","[159.65, 139]","[567.51, 61]","[621.63, 76]",365.67,344,403.68,0.2
07:33:54,"[161.96, 54]","[160.87, 67]","[517.05, 38]","[580.78, 41]",339.51,200,355.09,0.21
07:33:55,"[163.18, 34]","[161.67, 46]","[394.0, 34]","[425.19, 32]",278.59,146,230.82,0.1
07:33:56,"[165.83, 12]","[164.89, 9]","[187.69, 13]","[203.0, 15]",176.76,49,21.86,-0.14
07:33:57,"[169.45, 31]","[169.1, 30]","[186.6, 15]","[188.0, 45]",178.03,121,17.15,0.01
07:33:58,"[171.43, 14]","[169.09, 55]","[185.64, 14]","[188.0, 42]",178.54,125,14.21,0.1
07:33:59,"[173.38, 16]","[168.14, 86]","[182.97, 40]","[185.0, 24]",178.18,166,9.6,0.23
07:34:00,"[168.29, 83]","[166.47, 19]","[179.08, 25]","[180.11, 19]",173.68,146,10.79,0.4
07:34:01,"[168.0, 65]","[166.0, 20]","[171.36, 28]","[174.67, 24]",169.68,137,3.36,0.24
07:34:02,"[167.86, 29]","[165.67, 15]","[169.05, 22]","[171.2, 10]",168.45,76,1.18,0.16
07:34:03,"[166.0, 20]","[94.8, 40]","[169.36, 11]","[173.61, 28]",167.68,99,3.36,0.21
07:34:04,"[136.21, 57]","[79.68, 65]","[167.74, 27]","[170.11, 36]",151.98,185,31.53,0.32
07:34:05,"[93.88, 69]","[75.37, 35]","[167.14, 36]","[204.34, 38]",130.51,178,73.25,0.17
07:34:06,"[121.0, 12]","[75.04, 69]","[166.76, 29]","[213.6, 25]",143.88,135,45.76,0.2
07:34:07,"[115.15, 40]","[112.55, 73]","[166.93, 46]","[312.19, 16]",141.04,175,51.78,0.29
07:34:08,"[113.4, 81]","[95.35, 52]","[160.47, 17]","[166.84, 37]",136.93,187,47.08,0.42
07:34:09,"[116.24, 76]","[102.25, 68]","[158.0, 60]","[164.0, 12]",137.12,216,41.76,0.33
07:34:10,"[137.4, 10]","[127.0, 40]","[158.0, 50]","[162.0, 50]",147.7,150,20.6,-0.33
07:34:11,"[140.5, 32]","[121.79, 56]","[160.88, 50]","[163.19, 26]",150.69,164,20.38,0.07
07:34:12,"[142.26, 57]","[142.44, 27]","[164.94, 17]","[166.55, 11]",153.6,112,22.68,0.5
07:34:13,"[145.57, 112]","[143.31, 32]","[161.53, 34]","[165.33, 12]",153.55,190,15.96,0.52
07:34:14,"[146.64, 39]","[146.06, 51]","[161.0, 20]","[213.25, 16]",153.82,126,14.36,0.43
07:34:15,"[154.45, 29]","[150.48, 63]","[278.09, 32]","[409.58, 31]",216.27,155,123.65,0.19
07:34:16,"[171.25, 28]","[170.97, 68]","[356.54, 28]","[446.5, 30]",263.89,154,185.29,0.25
07:34:17,"[173.14, 21]","[171.17, 72]","[197.0, 9]","[399.07, 43]",185.07,145,23.86,0.28
07:34:18,"[176.0, 6]","[174.0, 6]","[447.56, 18]","[541.07, 14]",311.78,44,271.56,-0.45
07:34:19,"[176.0, 4]","[174.0, 4]","[414.0, 4]","[465.0, 20]",295.0,32,238.0,-0.5
07:34:20,"[176.0, 10]","[174.0, 10]","[275.5, 48]","[401.23, 26]",225.75,94,99.5,-0.57
07:34:21,"[174.0, 9]","[171.29, 38]","[297.0, 30]","[348.33, 18]",235.5,95,123.0,-0.01
07:34:22,"[176.0, 4]","[173.0, 8]","[297.0, 20]","[321.0, 12]",236.5,44,121.0,-0.45
07:34:23,"[176.0, 10]","[173.0, 20]","[294.82, 44]","[309.57, 42]",235.41,116,118.82,-0.48
07:34:24,"[176.0, 9]","[173.0, 18]","[272.56, 45]","[330.49, 35]",224.28,107,96.56,-0.5
07:34:25,"[176.0, 6]","[173.0, 12]","[216.04, 24]","[259.81, 26]",196.02,68,40.04,-0.47
07:34:26,"[174.5, 6]","[171.31, 39]","[180.25, 20]","[193.21, 28]",177.38,93,5.75,-0.03
07:34:27,"[173.0, 6]","[171.0, 66]","[177.0, 18]","[190.0, 30]",175.0,120,4.0,0.2
07:34:28,"[173.0, 8]","[171.0, 88]","[325.62, 34]","[586.6, 30]",249.31,160,152.62,0.2
07:34:29,"[173.0, 9]","[168.23, 142]","[276.45, 33]","[298.92, 39]",224.73,223,103.45,0.35
07:34:30,"[172.29, 17]","[169.21, 82]","[226.52, 50]","[238.34, 62]",199.41,211,54.23,-0.06
07:34:31,"[168.61, 79]","[167.93, 75]","[222.0, 39]","[258.16, 63]",195.3,256,53.39,0.2
07:34:32,"[174.0, 4]","[168.0, 20]","[222.0, 12]","[323.0, 12]",198.0,48,48.0,0.0
07:34:33,"[168.38, 48]","[167.45, 33]","[221.42, 36]","[318.6, 42]",194.9,159,53.04,0.02
07:34:34,"[168.0, 132]","[167.0, 24]","[219.5, 38]","[260.38, 58]",193.75,252,51.5,0.24
07:34:35,"[168.0, 158]","[167.0, 24]","[214.67, 36]","[301.5, 46]",191.33,264,46.67,0.38
07:34:36,"[169.7, 37]","[168.17, 143]","[217.0, 45]","[219.0, 45]",193.35,270,47.3,0.33
07:34:37,"[172.79, 14]","[168.39, 124]","[212.59, 32]","[215.94, 35]",192.69,205,39.81,0.35
07:34:38,"[168.91, 44]","[167.5, 144]","[209.93, 30]","[211.21, 29]",189.42,247,41.02,0.52
07:34:39,"[169.0, 16]","[168.0, 96]","[203.94, 32]","[204.0, 30]",186.47,174,34.94,0.29
07:34:40,"[169.0, 9]","[168.0, 54]","[197.46, 24]","[198.36, 14]",183.23,101,28.46,0.25
07:34:41,"[167.68, 37]","[166.73, 64]","[194.96, 23]","[195.94, 35]",181.32,159,27.28,0.27
07:34:42,"[168.0, 96]","[166.07, 121]","[191.33, 49]","[192.45, 40]",179.66,306,23.33,0.42
07:34:43,"[169.31, 139]","[168.54, 105]","[186.0, 34]","[187.5, 34]",177.65,312,16.69,0.56
07:34:44,"[171.59, 138]","[170.01, 152]","[183.26, 46]","[184.91, 33]",177.42,369,11.67,0.57
07:34:45,"[173.07, 153]","[171.59, 96]","[181.53, 76]","[182.08, 71]",177.3,396,8.46,0.26
07:34:46,"[174.0, 82]","[173.0, 39]","[177.56, 27]","[179.46, 26]",175.78,174,3.56,0.39
07:34:47,"[173.67, 36]","[171.67, 108]","[175.94, 32]","[178.56, 32]",174.8,208,2.27,0.38
07:34:48,"[171.07, 168]","[170.6, 45]","[176.21, 28]","[177.17, 24]",173.64,265,5.14,0.61
07:34:49,"[171.0, 216]","[169.0, 12]","[173.41, 34]","[174.58, 24]",172.21,286,2.41,0.59
07:34:50,"[171.0, 202]","[169.0, 13]","[172.55, 44]","[203.65, 34]",171.77,293,1.55,0.47
07:34:51,"[171.0, 120]","[169.0, 10]","[173.0, 20]","[237.0, 40]",172.0,190,2.0,0.37
07:34:52,"[171.93, 43]","[170.88, 51]","[373.62, 26]","[513.0, 31]",272.77,151,201.69,0.25
07:34:53,"[171.0, 87]","[169.0, 9]","[310.9, 21]","[424.25, 44]",240.95,161,139.9,0.19
07:34:54,"[171.0, 135]","[169.0, 15]","[283.81, 37]","[373.43, 35]",227.41,222,112.81,0.35
07:34:55,"[171.0, 90]","[169.0, 10]","[354.46, 26]","[479.8, 10]",262.73,136,183.46,0.47
07:34:56,"[171.0, 81]","[169.0, 9]","[359.15, 33]","[513.89, 9]",265.08,132,188.15,0.36
07:34:57,"[171.0, 126]","[169.0, 14]","[179.0, 56]","[378.36, 14]",175.0,210,8.0,0.33
07:34:58,"[171.0, 81]","[169.0, 9]","[271.0, 36]","[531.53, 17]",221.0,143,100.0,0.26
07:34:59,"[171.0, 81]","[169.0, 9]","[354.73, 15]","[455.85, 26]",262.87,131,183.73,0.37
07:35:00,"[171.0, 76]","[169.0, 9]","[412.88, 17]","[498.97, 31]",291.94,133,241.88,0.28
07:35:01,"[171.0, 56]","[169.0, 14]","[402.78, 18]","[473.27, 33]",286.89,121,231.78,0.16
07:35:02,"[172.74, 43]","[170.48, 27]","[304.08, 12]","[408.75, 20]",238.41,102,131.34,0.37
07:35:03,"[171.0, 50]","[169.0, 14]","[303.81, 16]","[460.5, 42]",237.41,122,132.81,0.05
07:35:04,"[171.0, 16]","[169.0, 8]","[294.55, 20]","[295.8, 10]",232.78,54,123.55,-0.11
07:35:05,"[167.14, 37]","[166.05, 84]","[228.57, 21]","[230.33, 9]",197.85,151,61.44,0.6
07:35:06,"[168.0, 75]","[167.0, 60]","[226.88, 33]","[227.41, 27]",197.44,195,58.88,0.38
07:35:07,"[169.25, 60]","[167.0, 48]","[221.27, 33]","[222.75, 12]",195.26,153,52.02,0.41
07:35:08,"[171.63, 54]","[167.0, 48]","[219.32, 22]","[220.95, 21]",195.47,145,47.69,0.41
07:35:09,"[172.77, 26]","[170.12, 32]","[215.47, 15]","[217.93, 15]",194.12,88,42.7,0.32
07:35:10,"[173.0, 23]","[168.67, 30]","[211.61, 18]","[212.36, 22]",192.31,93,38.61,0.14
07:35:11,"[173.47, 17]","[170.43, 28]","[208.24, 17]","[210.78, 27]",190.85,89,34.76,0.01
07:35:12,"[173.27, 11]","[167.95, 38]","[202.65, 17]","[206.13, 15]",187.96,81,29.37,0.21
07:35:13,"[173.0, 8]","[167.0, 32]","[200.0, 24]","[202.25, 8]",186.5,72,27.0,0.11
07:35:14,"[173.0, 14]","[167.0, 56]","[199.0, 14]","[200.0, 42]",186.0,126,26.0,0.11
07:35:15,"[173.0, 13]","[167.0, 52]","[197.04, 27]","[198.78, 27]",185.02,119,24.04,0.09
07:35:16,"[173.0, 14]","[167.92, 24]","[193.54, 24]","[195.32, 22]",183.27,84,20.54,-0.1
07:35:17,"[167.86, 28]","[166.17, 70]","[188.88, 26]","[190.5, 18]",178.37,142,21.03,0.38
07:35:18,"[169.46, 26]","[166.27, 59]","[186.63, 27]","[187.18, 17]",178.05,129,17.17,0.32
07:35:19,"[173.7, 80]","[170.0, 32]","[181.0, 24]","[182.21, 24]",177.35,160,7.3,0.4
07:35:20,"[173.64, 22]","[170.43, 28]","[176.22, 36]","[178.79, 38]",174.93,124,2.59,-0.19
07:35:21,"[170.73, 37]","[168.68, 31]","[176.97, 33]","[178.37, 35]",173.85,136,6.24,0.0
07:35:22,"[169.65, 55]","[165.63, 57]","[173.04, 26]","[191.41, 41]",171.35,179,3.38,0.25
07:35:23,"[166.2, 100]","[156.79, 63]","[170.82, 11]","[198.13, 45]",168.51,219,4.62,0.49
07:35:24,"[167.0, 260]","[166.0, 104]","[169.23, 13]","[170.23, 13]",168.12,390,2.23,0.87
07:35:25,"[167.0, 329]","[166.0, 336]","[168.0, 17]","[379.69, 32]",167.5,714,1.0,0.86
07:35:26,"[167.75, 96]","[166.27, 157]","[218.5, 16]","[264.59, 32]",193.12,301,50.75,0.68
07:35:27,"[167.82, 88]","[166.27, 157]","[213.0, 8]","[245.12, 40]",190.41,293,45.18,0.67
07:35:28,"[168.02, 82]","[166.33, 171]","[213.0, 9]","[230.56, 45]",190.51,307,44.98,0.65
07:35:29,"[174.0, 33]","[168.0, 22]","[211.35, 23]","[215.35, 23]",192.67,101,37.35,0.09
07:35:30,"[174.0, 39]","[169.88, 16]","[208.52, 31]","[208.76, 21]",191.26,107,34.52,0.03
07:35:31,"[172.67, 27]","[167.31, 91]","[204.07, 29]","[206.04, 23]",188.37,170,31.4,0.39
07:35:32,"[169.86, 80]","[166.33, 206]","[202.0, 36]","[204.0, 12]",185.93,334,32.14,0.71
07:35:33,"[176.0, 143]","[170.69, 78]","[201.15, 39]","[204.0, 13]",188.58,273,25.15,0.62
07:35:34,"[176.0, 72]","[171.54, 26]","[200.79, 19]","[201.88, 17]",188.39,134,24.79,0.46
07:35:35,"[175.06, 68]","[167.63, 92]","[198.48, 31]","[199.94, 36]",186.77,227,23.43,0.41
07:35:36,"[171.0, 54]","[166.0, 297]","[195.61, 18]","[196.82, 28]",183.31,397,24.61,0.77
07:35:37,"[171.0, 60]","[166.0, 330]","[191.38, 16]","[192.26, 19]",181.19,425,20.38,0.84
07:35:38,"[171.0, 66]","[166.0, 363]","[187.48, 21]","[189.38, 13]",179.24,463,16.48,0.85
07:35:39,"[171.0, 48]","[166.0, 264]","[184.39, 23]","[185.08, 12]",177.7,347,13.39,0.8
07:35:40,"[171.0, 66]","[166.0, 363]","[181.46, 26]","[182.48, 27]",176.23,482,10.46,0.78
07:35:41,"[172.0, 18]","[170.11, 108]","[176.07, 43]","[177.54, 48]",174.03,217,4.07,0.16
07:35:42,"[168.64, 50]","[166.24, 284]","[173.09, 53]","[174.38, 52]",170.87,439,4.45,0.52
07:35:43,"[167.0, 65]","[166.0, 429]","[172.08, 25]","[173.12, 32]",169.54,551,5.08,0.79
07:35:44,"[167.0, 146]","[166.0, 276]","[168.2, 20]","[170.5, 16]",167.6,458,1.2,0.84
07:35:45,"[166.07, 74]","[164.6, 129]","[240.0, 12]","[411.6, 10]",203.03,225,73.93,0.8
07:35:46,"[166.0, 230]","[163.0, 182]","[311.18, 11]","[325.2, 20]",238.59,443,145.18,0.86
07:35:47,"[166.18, 252]","[164.06, 195]","[250.74, 27]","[315.42, 19]",208.46,493,84.56,0.81
07:35:48,"[167.0, 165]","[166.0, 253]","[268.64, 14]","[282.97, 31]",217.82,463,101.64,0.81
07:35:49,"[167.0, 120]","[166.0, 184]","[241.0, 16]","[246.0, 8]",204.0,328,74.0,0.85
07:35:50,"[167.0, 105]","[166.0, 161]","[240.31, 16]","[263.5, 8]",203.66,290,73.31,0.83
07:35:51,"[167.39, 89]","[166.71, 177]","[237.72, 36]","[238.94, 36]",202.56,338,70.33,0.57
07:35:52,"[171.1, 110]","[167.54, 164]","[235.19, 43]","[236.85, 47]",203.14,364,64.09,0.51
07:35:53,"[174.0, 26]","[172.02, 110]","[234.15, 65]","[236.0, 13]",204.08,214,60.15,0.27
07:35:54,"[174.0, 26]","[173.0, 104]","[233.38, 65]","[236.0, 13]",203.69,208,59.38,0.25
07:35:55,"[174.0, 28]","[173.0, 112]","[220.06, 54]","[226.4, 45]",197.03,239,46.06,0.17
07:35:56,"[174.0, 26]","[173.0, 104]","[213.77, 53]","[215.6, 25]",193.89,208,39.77,0.25
07:35:57,"[174.0, 50]","[173.0, 120]","[205.72, 67]","[209.19, 43]",189.86,280,31.72,0.21
07:35:58,"[174.0, 70]","[173.0, 80]","[192.85, 26]","[194.88, 34]",183.42,210,18.85,0.43
07:35:59,"[174.0, 41]","[173.0, 64]","[192.0, 40]","[194.0, 8]",183.0,153,18.0,0.37
07:36:00,"[171.58, 62]","[172.46, 48]","[188.81, 52]","[191.0, 20]",180.19,182,17.23,0.21
07:36:01,"[167.0, 201]","[166.0, 39]","[187.04, 52]","[187.98, 47]",177.02,339,20.04,0.42
07:36:02,"[167.0, 123]","[166.0, 59]","[184.17, 24]","[185.39, 33]",175.58,239,17.17,0.52
07:36:03,"[167.53, 118]","[166.07, 162]","[180.2, 35]","[180.37, 68]",173.87,383,12.67,0.46
07:36:04,"[176.0, 77]","[167.0, 72]","[177.17, 29]","[179.54, 26]",176.59,204,1.17,0.46
07:36:05,"[173.43, 42]","[166.76, 71]","[187.94, 34]","[299.07, 14]",180.68,161,14.51,0.4
07:36:06,"[167.0, 60]","[166.0, 170]","[352.77, 26]","[423.62, 24]",259.88,280,185.77,0.64
07:36:07,"[167.0, 72]","[166.0, 171]","[228.82, 39]","[241.3, 27]",197.91,309,61.82,0.57
07:36:08,"[167.0, 72]","[166.0, 160]","[212.32, 25]","[224.42, 33]",189.66,290,45.32,0.6
07:36:09,"[167.0, 60]","[166.0, 142]","[208.14, 28]","[213.64, 22]",187.57,252,41.14,0.6
07:36:10,"[167.0, 93]","[166.0, 272]","[207.32, 38]","[208.17, 47]",187.16,450,40.32,0.62
07:36:11,"[168.17, 48]","[167.0, 36]","[205.6, 25]","[206.57, 35]",186.88,144,37.43,0.17
07:36:12,"[170.35, 34]","[167.29, 42]","[202.62, 32]","[205.16, 43]",186.49,151,32.27,0.01
07:36:13,"[166.0, 118]","[164.0, 16]","[200.38, 16]","[202.0, 24]",183.19,174,34.38,0.54
07:36:14,"[166.51, 103]","[165.82, 132]","[197.54, 39]","[198.34, 41]",182.03,315,31.02,0.49
07:36:15,"[171.0, 34]","[166.0, 148]","[195.49, 35]","[196.91, 33]",183.24,250,24.49,0.46
07:36:16,"[171.64, 28]","[168.92, 73]","[189.04, 56]","[192.0, 40]",180.34,197,17.39,0.03
07:36:17,"[174.0, 16]","[173.0, 8]","[188.0, 23]","[188.86, 28]",181.0,75,14.0,-0.36
07:36:18,"[174.0, 26]","[173.0, 13]","[183.79, 28]","[185.09, 46]",178.89,113,9.79,-0.31
07:36:19,"[173.92, 24]","[172.47, 15]","[180.19, 42]","[180.95, 38]",177.05,119,6.27,-0.34
07:36:20,"[173.0, 13]","[171.0, 26]","[176.89, 36]","[178.24, 42]",174.94,117,3.89,-0.33
07:36:21,"[171.32, 19]","[168.71, 42]","[174.23, 43]","[175.45, 44]",172.77,148,2.92,-0.18
07:36:22,"[169.0, 11]","[167.0, 55]","[171.77, 26]","[173.22, 36]",170.38,128,2.77,0.03
07:36:23,"[167.0, 51]","[166.0, 72]","[169.36, 25]","[324.03, 37]",168.18,185,2.36,0.33
07:36:24,"[166.03, 62]","[149.56, 54]","[168.17, 23]","[280.6, 15]",167.1,154,2.14,0.51
07:36:25,"[166.49, 43]","[153.78, 63]","[181.75, 12]","[444.33, 18]",174.12,136,15.26,0.56
07:36:26,"[167.0, 24]","[166.0, 32]","[180.62, 8]","[392.12, 8]",173.81,72,13.62,0.56
07:36:27,"[167.0, 30]","[166.0, 40]","[177.64, 14]","[202.62, 42]",172.32,126,10.64,0.11
07:36:28,"[167.0, 33]","[166.0, 44]","[175.83, 23]","[333.94, 51]",171.41,151,8.83,0.02
07:36:29,"[164.95, 43]","[154.44, 50]","[175.0, 12]","[345.0, 60]",169.98,165,10.05,0.13
07:36:30,"[158.0, 48]","[68.17, 30]","[163.94, 16]","[300.85, 20]",160.97,114,5.94,0.37
07:36:31,"[137.75, 51]","[100.8, 55]","[164.0, 31]","[285.97, 30]",150.87,167,26.25,0.27
07:36:32,"[160.59, 51]","[150.58, 26]","[163.74, 19]","[202.5, 16]",162.16,112,3.15,0.38
07:36:33,"[160.92, 50]","[90.11, 38]","[162.0, 50]","[164.0, 20]",161.46,158,1.08,0.11
07:36:34,"[162.08, 39]","[160.31, 13]","[195.5, 20]","[230.04, 45]",178.79,117,33.42,-0.11
07:36:35,"[171.5, 30]","[166.62, 26]","[191.07, 15]","[195.42, 24]",181.28,95,19.57,0.18
07:36:36,"[146.33, 39]","[131.42, 24]","[188.17, 24]","[190.0, 12]",167.25,99,41.83,0.27
07:36:37,"[127.43, 14]","[61.7, 20]","[184.57, 7]","[189.2, 5]",156.0,46,57.14,0.48
07:36:38,"[158.76, 68]","[135.43, 67]","[187.95, 21]","[189.67, 12]",173.36,168,29.19,0.61
07:36:39,"[156.56, 72]","[122.19, 21]","[186.0, 10]","[187.0, 17]",171.28,120,29.44,0.55
07:36:40,"[155.0, 56]","[126.0, 7]","[182.44, 9]","[183.33, 12]",168.72,84,27.44,0.5
07:36:41,"[156.25, 24]","[152.21, 61]","[180.2, 15]","[182.33, 21]",168.22,121,23.95,0.4
07:36:42,"[158.07, 28]","[122.8, 20]","[167.57, 46]","[178.4, 20]",162.82,114,9.49,-0.16
07:36:43,"[158.7, 33]","[104.95, 42]","[161.75, 73]","[165.08, 52]",160.23,200,3.06,-0.25
07:36:44,"[134.75, 12]","[86.0, 36]","[160.74, 19]","[161.75, 32]",147.74,99,25.99,-0.03
07:36:45,"[150.46, 28]","[123.5, 12]","[158.0, 10]","[160.0, 10]",154.23,60,7.54,0.33
07:36:46,"[118.33, 18]","[16.0, 48]","[159.5, 6]","[162.0, 30]",138.92,102,41.17,0.29
07:36:47,"[107.0, 16]","[104.42, 19]","[158.0, 7]","[162.0, 35]",132.5,77,51.0,-0.09
07:36:48,"[110.75, 24]","[109.0, 36]","[163.78, 18]","[198.42, 26]",137.26,104,53.03,0.15
07:36:49,"[120.79, 19]","[115.62, 26]","[164.83, 24]","[255.55, 20]",142.81,89,44.04,0.01
07:36:50,"[138.67, 36]","[137.51, 35]","[238.76, 41]","[213.37, 43]",188.71,155,100.09,-0.08
07:36:51,"[141.24, 33]","[140.33, 36]","[164.0, 36]","[206.0, 60]",152.62,165,22.76,-0.16
07:36:52,"[144.44, 32]","[142.27, 22]","[164.0, 27]","[264.67, 45]",154.22,126,19.56,-0.14
07:36:53,"[145.18, 44]","[143.94, 34]","[165.51, 37]","[313.3, 27]",155.35,142,20.33,0.1
07:36:54,"[146.62, 26]","[145.29, 28]","[158.0, 9]","[412.34, 29]",152.31,92,11.38,0.17
07:36:55,"[149.25, 36]","[147.49, 41]","[157.08, 48]","[205.93, 15]",153.17,140,7.83,0.1
07:36:56,"[153.36, 39]","[152.72, 29]","[157.0, 68]","[319.59, 46]",155.18,182,3.64,-0.25
07:36:57,"[154.21, 38]","[95.8, 49]","[171.48, 42]","[254.55, 42]",162.84,171,17.27,0.02
07:36:58,"[159.62, 42]","[140.29, 35]","[224.55, 22]","[258.47, 15]",192.08,114,64.93,0.35
07:36:59,"[166.53, 60]","[164.46, 35]","[235.0, 24]","[328.3, 27]",200.77,146,68.47,0.3
07:37:00,"[168.18, 44]","[165.0, 48]","[238.19, 21]","[292.7, 33]",203.19,146,70.01,0.26
07:37:01,"[172.62, 37]","[169.68, 88]","[209.43, 47]","[236.4, 42]",191.02,214,36.8,0.17
07:37:02,"[174.0, 45]","[170.91, 132]","[205.75, 63]","[207.93, 43]",189.87,283,31.75,0.25
07:37:03,"[174.0, 22]","[169.0, 72]","[204.83, 60]","[206.73, 37]",189.42,191,30.83,-0.02
07:37:04,"[174.0, 15]","[169.0, 54]","[204.78, 45]","[207.0, 18]",189.39,132,30.78,0.05
07:37:05,"[174.0, 20]","[169.0, 72]","[200.65, 48]","[203.0, 36]",187.32,176,26.65,0.05
07:37:06,"[169.44, 75]","[167.37, 98]","[196.04, 49]","[198.57, 46]",182.74,268,26.6,0.29
07:37:07,"[171.0, 69]","[169.0, 90]","[192.32, 63]","[196.5, 38]",181.66,260,21.32,0.22
07:37:08,"[171.0, 60]","[169.0, 90]","[188.25, 67]","[189.96, 23]",179.63,240,17.25,0.25
07:37:09,"[171.0, 48]","[169.0, 72]","[185.48, 44]","[187.0, 28]",178.24,192,14.48,0.25
07:37:10,"[171.0, 44]","[169.0, 84]","[182.52, 27]","[183.73, 30]",176.76,185,11.52,0.38
07:37:11,"[171.0, 21]","[169.0, 42]","[180.35, 20]","[181.8, 10]",175.68,93,9.35,0.35
07:37:12,"[171.0, 48]","[169.0, 96]","[178.08, 60]","[178.64, 36]",174.54,240,7.08,0.2
07:37:13,"[171.0, 33]","[169.14, 28]","[174.73, 30]","[177.42, 45]",172.87,136,3.73,-0.1
07:37:14,"[171.0, 26]","[170.0, 26]","[172.61, 41]","[173.64, 44]",171.8,137,1.61,-0.24
07:37:15,"[170.5, 16]","[169.0, 16]","[172.86, 28]","[347.83, 24]",171.68,84,2.36,-0.24
07:37:16,"[170.0, 24]","[168.0, 24]","[173.35, 40]","[216.83, 53]",171.68,141,3.35,-0.32
07:37:17,"[167.46, 37]","[166.73, 82]","[169.54, 39]","[187.97, 40]",168.5,198,2.08,0.2
07:37:18,"[167.0, 38]","[166.0, 54]","[169.0, 18]","[265.84, 19]",168.0,129,2.0,0.43
07:37:19,"[167.0, 20]","[166.0, 30]","[168.0, 10]","[280.0, 6]",167.5,66,1.0,0.52
07:37:20,"[167.0, 20]","[166.0, 60]","[342.71, 17]","[482.33, 24]",254.85,121,175.71,0.32
07:37:21,"[166.79, 33]","[151.61, 62]","[556.9, 40]","[656.3, 20]",361.84,155,390.11,0.23
07:37:22,"[167.41, 17]","[163.78, 32]","[301.2, 20]","[526.73, 22]",234.31,91,133.79,0.08
07:37:23,"[169.0, 80]","[168.0, 10]","[216.4, 10]","[250.0, 14]",192.7,114,47.4,0.58
07:37:24,"[168.5, 32]","[166.05, 84]","[214.03, 31]","[272.0, 22]",191.27,169,45.53,0.37
07:37:25,"[168.0, 18]","[166.0, 108]","[213.44, 45]","[348.25, 16]",190.72,187,45.44,0.35
07:37:26,"[168.0, 26]","[166.0, 52]","[211.23, 65]","[328.58, 19]",189.62,162,43.23,-0.04
07:37:27,"[167.27, 30]","[162.56, 45]","[201.6, 65]","[259.57, 37]",184.43,177,34.33,-0.15
07:37:28,"[167.7, 20]","[166.0, 30]","[208.5, 50]","[232.3, 10]",188.1,110,40.8,-0.09
07:37:29,"[169.0, 22]","[166.0, 33]","[206.67, 43]","[209.57, 35]",187.84,133,37.67,-0.17
07:37:30,"[169.62, 24]","[166.0, 45]","[202.22, 69]","[204.18, 51]",185.92,189,32.59,-0.27
07:37:31,"[167.36, 11]","[152.99, 82]","[202.0, 55]","[203.0, 33]",184.68,181,34.64,0.03
07:37:32,"[166.4, 10]","[151.12, 129]","[200.78, 45]","[203.0, 27]",183.59,211,34.38,0.32
07:37:33,"[172.17, 36]","[167.6, 15]","[195.73, 41]","[200.71, 35]",183.95,127,23.57,-0.2
07:37:34,"[168.29, 42]","[166.8, 25]","[197.47, 59]","[199.17, 69]",182.88,195,29.19,-0.31
07:37:35,"[169.47, 34]","[168.5, 48]","[196.0, 35]","[197.0, 21]",182.74,138,26.53,0.19
07:37:36,"[169.74, 47]","[168.77, 78]","[195.45, 44]","[196.23, 52]",182.6,221,25.71,0.13
07:37:37,"[170.42, 57]","[168.08, 148]","[192.07, 75]","[193.23, 77]",181.24,357,21.65,0.15
07:37:38,"[171.63, 57]","[168.0, 152]","[175.7, 61]","[178.0, 83]",173.67,353,4.07,0.18
07:37:39,"[172.0, 33]","[168.0, 66]","[174.92, 48]","[194.52, 54]",173.46,201,2.92,-0.01
07:37:40,"[173.27, 55]","[168.54, 93]","[189.87, 75]","[283.07, 69]",181.57,292,16.59,0.01
07:37:41,"[177.0, 84]","[174.0, 84]","[194.5, 60]","[355.83, 48]",185.75,276,17.5,0.22
07:37:42,"[177.0, 77]","[174.0, 77]","[193.2, 49]","[285.12, 42]",185.1,245,16.2,0.26
07:37:43,"[177.0, 72]","[174.0, 91]","[191.43, 42]","[339.98, 49]",184.21,254,14.43,0.28
07:37:44,"[177.0, 18]","[174.0, 63]","[188.65, 34]","[189.69, 29]",182.82,144,11.65,0.12
07:37:45,"[174.5, 60]","[173.38, 48]","[186.37, 38]","[187.44, 32]",180.43,178,11.87,0.21
07:37:46,"[174.01, 81]","[172.15, 26]","[185.0, 27]","[186.0, 36]",179.51,170,10.99,0.26
07:37:47,"[174.0, 70]","[171.0, 18]","[183.77, 26]","[185.35, 23]",178.88,137,9.77,0.28
07:37:48,"[174.0, 108]","[171.0, 52]","[182.37, 43]","[183.5, 48]",178.19,251,8.37,0.27
07:37:49,"[173.29, 68]","[170.82, 44]","[181.29, 51]","[182.43, 47]",177.29,210,8.0,0.07
07:37:50,"[174.88, 33]","[171.37, 27]","[180.92, 48]","[182.0, 36]",177.9,144,6.04,-0.17
07:37:51,"[176.0, 46]","[173.0, 13]","[178.18, 49]","[197.28, 40]",177.09,148,2.18,-0.2
07:37:52,"[173.0, 10]","[171.0, 40]","[348.29, 28]","[353.36, 22]",260.64,100,175.29,0.0
07:37:53,"[172.75, 8]","[170.21, 38]","[265.4, 20]","[292.1, 20]",219.07,86,92.65,0.07
07:37:54,"[168.0, 84]","[166.46, 26]","[261.0, 42]","[264.14, 42]",214.5,194,93.0,0.13
07:37:55,"[173.22, 46]","[167.32, 44]","[260.1, 30]","[290.71, 42]",216.66,162,86.88,0.11
07:37:56,"[174.0, 32]","[168.0, 16]","[202.0, 24]","[234.29, 28]",188.0,100,28.0,-0.04
07:37:57,"[174.0, 20]","[168.0, 18]","[200.78, 27]","[257.0, 45]",187.39,110,26.78,-0.31
07:37:58,"[174.0, 18]","[168.0, 18]","[199.2, 15]","[227.08, 25]",186.6,76,25.2,-0.05
07:37:59,"[174.0, 16]","[168.0, 16]","[197.25, 24]","[199.0, 8]",185.62,64,23.25,0.0
07:38:00,"[174.0, 24]","[168.0, 24]","[193.83, 18]","[195.9, 30]",183.92,96,19.83,0.0
07:38:01,"[174.0, 20]","[168.0, 20]","[188.3, 30]","[190.55, 22]",181.15,92,14.3,-0.13
07:38:02,"[174.0, 28]","[168.48, 31]","[185.88, 16]","[187.15, 40]",179.94,115,11.88,0.03
07:38:03,"[172.75, 24]","[170.69, 39]","[181.94, 18]","[183.92, 13]",177.35,94,9.19,0.34
07:38:04,"[171.0, 55]","[168.0, 20]","[182.0, 11]","[183.0, 22]",176.5,108,11.0,0.39
07:38:05,"[171.0, 55]","[168.0, 55]","[179.38, 45]","[180.67, 27]",175.19,182,8.38,0.21
07:38:06,"[171.0, 75]","[168.0, 75]","[177.62, 64]","[178.6, 35]",174.31,249,6.62,0.2
07:38:07,"[171.0, 40]","[168.0, 40]","[174.62, 40]","[176.0, 16]",172.81,136,3.62,0.18
07:38:08,"[171.0, 76]","[168.0, 56]","[174.0, 65]","[176.0, 26]",172.5,223,3.0,0.18
07:38:09,"[171.0, 84]","[168.76, 51]","[173.23, 47]","[174.31, 65]",172.12,247,2.23,0.09
07:38:10,"[170.0, 24]","[167.76, 55]","[173.43, 42]","[185.08, 13]",171.71,134,3.43,0.18
07:38:11,"[168.0, 48]","[167.0, 204]","[179.27, 56]","[271.5, 32]",173.63,340,11.27,0.48
07:38:12,"[167.96, 53]","[166.94, 95]","[214.71, 56]","[324.0, 60]",191.34,264,46.75,0.12
07:38:13,"[175.0, 63]","[167.0, 120]","[194.32, 65]","[339.53, 49]",184.66,297,19.32,0.23
07:38:14,"[175.46, 26]","[168.9, 42]","[193.0, 24]","[500.0, 30]",184.23,122,17.54,0.11
07:38:15,"[177.0, 24]","[175.0, 19]","[192.75, 32]","[495.26, 38]",184.88,113,15.75,-0.24
07:38:16,"[177.0, 30]","[175.0, 20]","[191.5, 40]","[388.54, 46]",184.25,136,14.5,-0.26
07:38:17,"[177.0, 30]","[175.0, 20]","[189.8, 40]","[288.27, 26]",183.4,116,12.8,-0.14
07:38:18,"[177.0, 21]","[175.0, 14]","[188.29, 28]","[233.64, 11]",182.64,74,11.29,-0.05
07:38:19,"[177.0, 20]","[175.0, 24]","[188.0, 48]","[258.67, 60]",182.5,152,11.0,-0.42
07:38:20,"[175.8, 20]","[174.16, 50]","[187.08, 48]","[207.0, 60]",181.44,178,11.28,-0.21
07:38:21,"[174.09, 69]","[172.78, 46]","[186.0, 36]","[207.0, 45]",180.04,196,11.91,0.17
07:38:22,"[172.34, 53]","[167.2, 101]","[179.89, 54]","[202.48, 54]",176.11,262,7.55,0.18
07:38:23,"[173.88, 32]","[172.0, 64]","[185.62, 64]","[272.31, 80]",179.75,240,11.75,-0.2
07:38:24,"[174.9, 20]","[173.0, 40]","[185.0, 40]","[329.2, 50]",179.95,150,10.1,-0.2
07:38:25,"[174.09, 22]","[172.33, 24]","[184.33, 24]","[206.5, 30]",179.21,100,10.24,-0.08
07:38:26,"[174.0, 28]","[172.0, 56]","[182.12, 50]","[197.77, 60]",178.06,194,8.12,-0.13
07:38:27,"[174.59, 63]","[171.02, 49]","[179.66, 53]","[202.52, 62]",177.12,227,5.07,-0.01
07:38:28,"[175.0, 56]","[172.0, 24]","[178.0, 40]","[179.0, 32]",176.5,152,3.0,0.05
07:38:29,"[175.0, 112]","[170.48, 63]","[177.84, 77]","[178.78, 67]",176.42,319,2.84,0.1
07:38:30,"[175.0, 84]","[172.0, 36]","[176.62, 52]","[177.71, 56]",175.81,228,1.62,0.05
07:38:31,"[173.61, 64]","[169.16, 68]","[176.0, 70]","[214.44, 63]",174.8,265,2.39,-0.0
07:38:32,"[168.0, 55]","[167.0, 55]","[175.64, 55]","[269.29, 35]",171.82,200,7.64,0.1
07:38:33,"[168.12, 33]","[167.12, 68]","[174.33, 15]","[176.65, 51]",171.23,167,6.21,0.21
07:38:34,"[168.56, 18]","[167.24, 66]","[171.76, 17]","[183.45, 44]",170.16,145,3.21,0.16
07:38:35,"[167.27, 37]","[166.19, 114]","[169.94, 34]","[249.92, 13]",168.61,198,2.67,0.53
07:38:36,"[163.33, 61]","[144.18, 57]","[232.56, 16]","[449.8, 25]",197.95,159,69.23,0.48
07:38:37,"[177.0, 14]","[146.64, 25]","[540.86, 7]","[610.78, 27]",358.93,73,363.86,0.07
07:38:38,"[177.0, 28]","[145.93, 42]","[493.07, 14]","[518.0, 14]",335.04,98,316.07,0.43
07:38:39,"[177.0, 20]","[167.74, 38]","[240.1, 10]","[267.8, 10]",208.55,78,63.1,0.49
07:38:40,"[169.26, 62]","[167.33, 43]","[221.08, 13]","[254.35, 20]",195.17,138,51.82,0.52
07:38:41,"[169.0, 43]","[167.0, 27]","[192.0, 13]","[209.0, 9]",180.5,92,23.0,0.52
07:38:42,"[169.91, 66]","[168.4, 30]","[190.36, 36]","[190.33, 36]",180.14,168,20.45,0.14
07:38:43,"[171.27, 88]","[168.4, 40]","[186.75, 16]","[189.89, 72]",179.01,216,15.48,0.19
07:38:44,"[170.26, 38]","[168.14, 28]","[183.71, 38]","[184.04, 26]",176.99,130,13.45,0.02
07:38:45,"[173.0, 22]","[171.79, 38]","[181.93, 14]","[182.98, 66]",177.46,140,8.93,-0.14
07:38:46,"[169.0, 14]","[168.0, 58]","[178.42, 36]","[179.11, 27]",173.71,135,9.42,0.07
07:38:47,"[168.06, 48]","[148.5, 60]","[173.54, 41]","[174.0, 26]",170.8,175,5.47,0.23
07:38:48,"[146.52, 61]","[99.29, 65]","[168.49, 55]","[170.29, 35]",157.51,216,21.97,0.17
07:38:49,"[140.56, 25]","[107.76, 41]","[165.73, 60]","[167.0, 30]",153.15,156,25.17,-0.15
07:38:50,"[138.75, 12]","[125.24, 46]","[163.58, 19]","[163.76, 33]",151.16,110,24.83,0.05
07:38:51,"[129.45, 22]","[123.98, 44]","[158.23, 31]","[161.12, 16]",143.84,113,28.77,0.17
07:38:52,"[125.0, 21]","[71.04, 25]","[158.0, 21]","[159.0, 7]",141.5,74,33.0,0.24
07:38:53,"[140.09, 33]","[122.06, 35]","[160.5, 36]","[165.15, 26]",150.3,130,20.41,0.05
07:38:54,"[149.09, 33]","[132.67, 27]","[161.0, 9]","[165.15, 26]",155.05,95,11.91,0.26
07:38:55,"[154.67, 45]","[121.02, 51]","[166.45, 22]","[253.45, 31]",160.56,149,11.79,0.29
07:38:56,"[155.67, 27]","[129.22, 27]","[167.0, 9]","[243.0, 27]",161.33,90,11.33,0.2
07:38:57,"[160.57, 30]","[159.18, 33]","[167.0, 12]","[319.5, 36]",163.78,111,6.43,0.14
07:38:58,"[165.43, 42]","[164.48, 65]","[328.0, 33]","[451.45, 33]",246.71,173,162.57,0.24
07:38:59,"[170.2, 35]","[168.83, 36]","[282.0, 36]","[345.5, 36]",226.1,143,111.8,-0.01
07:39:00,"[172.91, 33]","[171.77, 39]","[234.33, 36]","[335.78, 27]",203.62,135,61.42,0.07
07:39:01,"[174.77, 13]","[173.5, 20]","[233.0, 24]","[541.17, 18]",203.88,75,58.23,-0.12
07:39:02,"[174.31, 26]","[171.04, 52]","[213.23, 39]","[292.17, 46]",193.77,163,38.92,-0.04
07:39:03,"[172.0, 30]","[167.0, 50]","[231.1, 40]","[240.6, 40]",201.55,160,59.1,0.0
07:39:04,"[172.0, 21]","[167.0, 28]","[225.77, 26]","[233.43, 28]",198.88,103,53.77,-0.05
07:39:05,"[171.2, 25]","[159.45, 31]","[179.69, 29]","[226.84, 25]",175.44,110,8.49,0.02
07:39:06,"[105.29, 56]","[74.16, 74]","[174.71, 35]","[226.2, 25]",140.0,190,69.43,0.37
07:39:07,"[77.0, 140]","[18.14, 21]","[157.0, 41]","[161.0, 10]",117.0,212,80.0,0.52
07:39:08,"[89.2, 35]","[77.0, 98]","[157.0, 18]","[161.0, 9]",123.1,160,67.8,0.66
07:39:09,"[138.0, 6]","[77.0, 84]","[157.0, 12]","[161.0, 6]",147.5,108,19.0,0.67
07:39:10,"[165.29, 34]","[94.97, 37]","[307.46, 13]","[571.35, 17]",236.38,101,142.17,0.41
07:39:11,"[170.87, 120]","[168.67, 24]","[306.96, 46]","[409.55, 44]",238.91,234,136.09,0.23
07:39:12,"[170.0, 12]","[168.0, 6]","[293.14, 21]","[316.29, 21]",231.57,60,123.14,-0.4
07:39:13,"[171.43, 7]","[170.0, 7]","[293.69, 26]","[397.14, 35]",232.56,75,122.26,-0.63
07:39:14,"[166.59, 22]","[96.57, 7]","[461.12, 32]","[585.75, 20]",313.86,81,294.53,-0.28
07:39:15,"[166.0, 12]","[43.0, 3]","[197.33, 12]","[419.0, 9]",181.67,36,31.33,-0.17
07:39:16,"[172.67, 36]","[146.58, 19]","[291.09, 22]","[411.31, 26]",231.88,103,118.42,0.07
07:39:17,"[176.0, 30]","[167.5, 8]","[387.2, 20]","[389.0, 10]",281.6,68,211.2,0.12
07:39:18,"[176.0, 34]","[173.44, 9]","[362.22, 41]","[386.86, 28]",269.11,112,186.22,-0.23
07:39:19,"[176.0, 5]","[174.0, 5]","[386.0, 20]","[494.0, 16]",281.0,46,210.0,-0.57
07:39:20,"[170.5, 20]","[167.16, 37]","[330.96, 46]","[477.81, 53]",250.73,156,160.46,-0.27
07:39:21,"[171.75, 60]","[170.67, 72]","[273.0, 48]","[308.0, 60]",222.38,240,101.25,0.1
07:39:22,"[171.35, 37]","[170.62, 37]","[271.25, 48]","[297.07, 56]",221.3,178,99.9,-0.17
07:39:23,"[171.0, 39]","[169.0, 13]","[265.0, 45]","[266.85, 40]",218.0,137,94.0,-0.24
07:39:24,"[171.0, 36]","[169.0, 12]","[231.31, 45]","[235.1, 48]",201.16,141,60.31,-0.32
07:39:25,"[170.82, 33]","[167.2, 25]","[191.12, 42]","[191.85, 47]",180.97,147,20.3,-0.21
07:39:26,"[168.12, 17]","[165.55, 73]","[186.47, 15]","[187.8, 41]",177.29,146,18.35,0.23
07:39:27,"[166.0, 60]","[89.47, 76]","[183.42, 19]","[186.03, 36]",174.71,191,17.42,0.42
07:39:28,"[166.0, 60]","[103.0, 132]","[176.81, 36]","[178.05, 37]",171.4,265,10.81,0.45
07:39:29,"[166.28, 65]","[127.72, 50]","[170.12, 49]","[171.37, 57]",168.2,221,3.85,0.04
07:39:30,"[40.68, 79]","[43.83, 18]","[162.45, 11]","[281.15, 26]",101.57,134,121.77,0.45
07:39:31,"[67.14, 35]","[30.2, 5]","[157.0, 5]","[159.38, 13]",112.07,58,89.86,0.38
07:39:32,"[76.0, 66]","[69.0, 6]","[157.0, 6]","[158.0, 12]",116.5,90,81.0,0.6
07:39:33,"[79.28, 72]","[67.75, 72]","[157.4, 15]","[158.67, 27]",118.34,186,78.12,0.55
07:39:34,"[69.0, 4]","[16.0, 4]","[172.43, 14]","[234.06, 18]",120.71,40,103.43,-0.6
07:39:35,"[129.0, 6]","[69.0, 6]","[164.33, 18]","[247.76, 25]",146.67,55,35.33,-0.56
07:39:36,"[154.0, 24]","[144.12, 25]","[307.78, 45]","[461.96, 46]",230.89,140,153.78,-0.3
07:39:37,"[168.38, 32]","[165.64, 66]","[335.29, 35]","[436.07, 30]",251.83,163,166.91,0.2
07:39:38,"[167.64, 84]","[161.0, 66]","[334.64, 50]","[361.4, 40]",251.14,240,167.0,0.25
07:39:39,"[172.08, 98]","[168.31, 71]","[296.96, 53]","[317.63, 41]",234.52,263,124.88,0.29
07:39:40,"[174.0, 165]","[170.0, 44]","[206.85, 53]","[208.24, 49]",190.42,311,32.85,0.34
07:39:41,"[174.0, 139]","[171.14, 42]","[204.45, 44]","[205.23, 52]",189.23,277,30.45,0.31
07:39:42,"[174.0, 104]","[172.0, 24]","[197.32, 41]","[204.31, 48]",185.66,217,23.32,0.18
07:39:43,"[174.0, 72]","[171.38, 26]","[199.26, 19]","[200.73, 30]",186.63,147,25.26,0.33
07:39:44,"[173.2, 30]","[170.91, 44]","[197.19, 43]","[198.92, 26]",185.19,143,23.99,0.03
07:39:45,"[172.95, 19]","[171.47, 38]","[196.0, 34]","[197.0, 64]",184.47,155,23.05,-0.26
07:39:46,"[175.14, 14]","[172.8, 20]","[194.04, 52]","[194.65, 46]",184.59,132,18.9,-0.48
07:39:47,"[175.2, 15]","[172.5, 24]","[189.8, 49]","[190.76, 55]",182.5,143,14.6,-0.45
07:39:48,"[172.0, 9]","[171.0, 36]","[186.19, 32]","[186.85, 27]",179.09,104,14.19,-0.13
07:39:49,"[172.0, 14]","[171.0, 56]","[182.03, 31]","[184.54, 39]",177.02,140,10.03,0.0
07:39:50,"[173.59, 17]","[171.0, 68]","[178.93, 56]","[179.62, 47]",176.26,188,5.34,-0.1
07:39:51,"[171.86, 28]","[170.62, 52]","[175.22, 41]","[176.33, 45]",173.54,166,3.36,-0.04
07:39:52,"[171.0, 44]","[170.0, 44]","[173.18, 55]","[260.65, 23]",172.09,166,2.18,0.06
07:39:53,"[171.0, 26]","[170.0, 44]","[172.0, 55]","[200.0, 33]",171.5,158,1.0,-0.11
07:39:54,"[170.02, 41]","[168.1, 84]","[264.1, 40]","[358.88, 17]",217.06,182,94.08,0.37
07:39:55,"[168.0, 88]","[167.0, 88]","[245.69, 51]","[303.03, 39]",206.84,266,77.69,0.32
07:39:56,"[168.76, 68]","[167.87, 120]","[241.85, 59]","[245.95, 74]",205.31,321,73.08,0.17
07:39:57,"[171.2, 20]","[168.29, 56]","[205.86, 42]","[245.27, 55]",188.53,173,34.66,-0.12
07:39:58,"[169.09, 46]","[167.19, 53]","[241.79, 43]","[245.93, 54]",205.44,196,72.7,0.01
07:39:59,"[168.0, 78]","[167.0, 104]","[241.69, 52]","[246.0, 65]",204.85,299,73.69,0.22
07:40:00,"[168.12, 68]","[167.13, 92]","[241.0, 48]","[246.0, 60]",204.56,268,72.88,0.19
07:40:01,"[169.16, 56]","[168.1, 80]","[245.71, 69]","[333.58, 26]",207.44,231,76.55,0.18
07:40:02,"[169.51, 47]","[168.07, 58]","[243.56, 25]","[256.24, 55]",206.54,185,74.05,0.14
07:40:03,"[170.8, 90]","[169.0, 15]","[197.26, 31]","[233.17, 71]",184.03,207,26.46,0.01
07:40:04,"[171.0, 60]","[169.0, 10]","[185.67, 42]","[187.68, 38]",178.33,150,14.67,-0.07
07:40:05,"[172.03, 68]","[170.65, 51]","[181.75, 80]","[187.42, 76]",176.89,275,9.72,-0.13
07:40:06,"[173.0, 60]","[170.85, 78]","[177.5, 90]","[188.11, 66]",175.25,294,4.5,-0.06
07:40:07,"[171.0, 70]","[169.0, 14]","[175.0, 70]","[208.33, 30]",173.0,184,4.0,-0.09
07:40:08,"[171.0, 39]","[169.0, 12]","[172.67, 52]","[174.0, 60]",171.84,163,1.67,-0.37
07:40:09,"[169.92, 13]","[168.46, 13]","[172.0, 39]","[247.79, 61]",170.96,126,2.08,-0.59
07:40:10,"[168.44, 18]","[167.29, 35]","[170.2, 41]","[178.66, 32]",169.32,126,1.75,-0.16
07:40:11,"[167.4, 25]","[166.29, 85]","[179.75, 28]","[350.96, 50]",173.57,188,12.35,0.17
07:40:12,"[167.0, 33]","[166.0, 132]","[180.55, 33]","[317.02, 56]",173.77,254,13.55,0.3
07:40:13,"[167.0, 27]","[166.0, 108]","[180.0, 27]","[296.78, 45]",173.5,207,13.0,0.3
07:40:14,"[166.06, 53]","[164.4, 20]","[179.56, 27]","[310.8, 25]",172.81,125,13.5,0.17
07:40:15,"[166.0, 42]","[162.0, 7]","[179.0, 21]","[356.0, 35]",172.5,105,13.0,-0.07
07:40:16,"[166.92, 78]","[164.57, 28]","[179.0, 39]","[306.1, 41]",172.96,186,12.08,0.14
07:40:17,"[172.59, 68]","[167.1, 58]","[178.82, 33]","[547.87, 23]",175.7,182,6.23,0.38
07:40:18,"[174.0, 102]","[169.33, 36]","[176.29, 28]","[207.89, 38]",175.14,204,2.29,0.35
07:40:19,"[167.07, 41]","[164.28, 61]","[175.9, 20]","[501.29, 21]",171.49,143,8.83,0.43
07:40:20,"[166.79, 38]","[158.55, 110]","[175.17, 36]","[252.09, 46]",170.98,230,8.38,0.29
07:40:21,"[166.55, 29]","[165.07, 57]","[172.27, 11]","[173.04, 25]",169.41,122,5.72,0.41
07:40:22,"[166.0, 48]","[162.0, 96]","[170.98, 53]","[171.89, 18]",168.49,215,4.98,0.34
07:40:23,"[166.77, 39]","[163.47, 76]","[169.15, 53]","[170.47, 30]",167.96,198,2.38,0.16
07:40:24,"[166.4, 20]","[163.33, 48]","[169.57, 14]","[218.88, 16]",167.99,98,3.17,0.39
07:40:25,"[166.0, 32]","[162.0, 64]","[170.0, 8]","[171.0, 8]",168.0,112,4.0,0.71
07:40:26,"[166.0, 36]","[162.0, 80]","[167.5, 10]","[306.44, 18]",166.75,144,1.5,0.61
07:40:27,"[166.0, 26]","[158.42, 31]","[344.0, 12]","[519.16, 32]",255.0,101,178.0,0.13
07:40:28,"[167.92, 48]","[166.54, 56]","[555.74, 19]","[689.4, 20]",361.83,143,387.82,0.45
07:40:29,"[169.9, 60]","[168.27, 66]","[370.0, 36]","[373.0, 18]",269.95,180,200.1,0.4
07:40:30,"[172.4, 60]","[170.8, 80]","[187.0, 37]","[372.45, 22]",179.7,199,14.6,0.41
07:40:31,"[173.9, 58]","[171.0, 96]","[187.0, 48]","[357.6, 20]",180.45,222,13.1,0.39
07:40:32,"[174.0, 27]","[171.0, 72]","[186.53, 15]","[210.07, 27]",180.27,141,12.53,0.4
07:40:33,"[174.0, 13]","[171.0, 48]","[186.0, 6]","[500.5, 8]",180.0,75,12.0,0.63
07:40:34,"[174.0, 16]","[171.0, 64]","[186.0, 8]","[566.48, 21]",180.0,109,12.0,0.47
07:40:35,"[174.0, 28]","[171.0, 112]","[185.02, 41]","[219.47, 15]",179.51,196,11.02,0.43
07:40:36,"[174.0, 14]","[171.0, 56]","[182.86, 28]","[186.0, 7]",178.43,105,8.86,0.33
07:40:37,"[171.26, 46]","[170.23, 26]","[180.82, 45]","[181.92, 24]",176.04,141,9.56,0.02
07:40:38,"[171.0, 42]","[169.0, 14]","[176.98, 47]","[178.23, 35]",173.99,138,5.98,-0.19
07:40:39,"[170.26, 68]","[167.22, 64]","[175.13, 45]","[176.38, 78]",172.7,255,4.87,0.04
07:40:40,"[169.87, 23]","[166.77, 90]","[173.15, 33]","[176.22, 27]",171.51,173,3.28,0.31
07:40:41,"[167.0, 11]","[166.0, 319]","[169.34, 38]","[171.94, 17]",168.17,385,2.34,0.71
07:40:42,"[166.01, 176]","[165.29, 76]","[168.0, 11]","[354.86, 14]",167.01,277,1.99,0.82
07:40:43,"[166.0, 341]","[163.0, 39]","[167.54, 13]","[280.17, 35]",166.77,428,1.54,0.78
07:40:44,"[166.0, 250]","[163.0, 33]","[202.3, 20]","[252.51, 41]",184.15,344,36.3,0.65
07:40:45,"[166.15, 156]","[164.65, 40]","[219.35, 23]","[308.14, 28]",192.75,247,53.19,0.59
07:40:46,"[168.4, 240]","[166.0, 220]","[200.62, 24]","[238.1, 49]",184.51,533,32.22,0.73
07:40:47,"[173.87, 158]","[169.89, 284]","[325.42, 24]","[439.4, 35]",249.65,501,151.54,0.76
07:40:48,"[176.0, 77]","[171.0, 168]","[470.67, 15]","[647.18, 17]",323.33,277,294.67,0.77
07:40:49,"[176.0, 121]","[171.53, 131]","[355.8, 50]","[447.77, 31]",265.9,333,179.8,0.51
07:40:50,"[176.0, 178]","[173.0, 90]","[356.91, 46]","[373.52, 84]",266.46,398,180.91,0.35
07:40:51,"[176.0, 36]","[173.0, 25]","[210.15, 13]","[326.0, 8]",193.08,82,34.15,0.49
07:40:52,"[176.0, 48]","[173.0, 60]","[187.29, 28]","[190.48, 46]",181.64,182,11.29,0.19
07:40:53,"[175.2, 60]","[171.73, 151]","[185.85, 27]","[192.94, 33]",180.53,271,10.65,0.56
07:40:54,"[173.87, 106]","[171.4, 120]","[183.56, 16]","[185.0, 32]",178.72,274,9.69,0.65
07:40:55,"[174.0, 273]","[173.0, 26]","[180.44, 18]","[182.38, 21]",177.22,338,6.44,0.77
07:40:56,"[174.0, 186]","[173.0, 20]","[175.85, 26]","[177.64, 25]",174.92,257,1.85,0.6
07:40:57,"[174.0, 102]","[173.0, 20]","[276.17, 18]","[381.09, 22]",225.08,162,102.17,0.51
07:40:58,"[174.0, 36]","[173.0, 8]","[484.0, 12]","[516.0, 12]",329.0,68,310.0,0.29
07:40:59,"[174.0, 99]","[173.0, 22]","[484.0, 33]","[524.93, 28]",329.0,182,310.0,0.33
07:41:00,"[174.0, 51]","[173.0, 16]","[434.4, 20]","[506.8, 20]",304.2,107,260.4,0.25
07:41:01,"[174.0, 96]","[173.0, 22]","[354.38, 32]","[582.12, 26]",264.19,176,180.38,0.34
07:41:02,"[174.0, 88]","[173.0, 18]","[339.58, 19]","[469.44, 16]",256.79,141,165.58,0.5
07:41:03,"[174.0, 28]","[173.0, 14]","[288.58, 19]","[324.25, 16]",231.29,77,114.58,0.09
07:41:04,"[174.0, 22]","[173.0, 12]","[287.5, 18]","[308.43, 14]",230.75,66,113.5,0.03
07:41:05,"[173.0, 24]","[171.0, 324]","[242.46, 35]","[264.74, 38]",207.73,421,69.46,0.65
07:41:06,"[173.0, 30]","[171.0, 405]","[210.93, 15]","[234.06, 33]",191.97,483,37.93,0.8
07:41:07,"[173.0, 18]","[171.0, 234]","[209.89, 9]","[279.61, 23]",191.44,284,36.89,0.77
07:41:08,"[173.5, 32]","[171.05, 296]","[209.0, 16]","[325.53, 45]",191.25,389,35.5,0.69
07:41:09,"[172.2, 45]","[171.46, 26]","[207.72, 25]","[237.05, 20]",189.96,116,35.52,0.22
07:41:10,"[171.22, 103]","[170.56, 210]","[206.63, 41]","[206.93, 29]",188.93,383,35.41,0.63
07:41:11,"[176.0, 11]","[173.45, 11]","[203.29, 14]","[205.07, 41]",189.64,77,27.29,-0.43
07:41:12,"[176.0, 11]","[174.0, 11]","[201.83, 12]","[202.98, 41]",188.92,75,25.83,-0.41
07:41:13,"[176.0, 13]","[174.0, 13]","[200.07, 29]","[201.25, 16]",188.03,71,24.07,-0.27
07:41:14,"[171.05, 207]","[168.21, 57]","[196.59, 17]","[197.5, 24]",183.82,305,25.54,0.73
07:41:15,"[171.0, 255]","[168.0, 75]","[193.9, 31]","[195.77, 26]",182.45,387,22.9,0.71
07:41:16,"[170.73, 208]","[167.96, 68]","[190.94, 36]","[191.24, 59]",180.84,371,20.22,0.49
07:41:17,"[168.0, 26]","[167.0, 13]","[188.38, 65]","[191.82, 51]",178.19,155,20.38,-0.5
07:41:18,"[168.0, 26]","[167.0, 13]","[184.25, 48]","[184.94, 50]",176.12,137,16.25,-0.43
07:41:19,"[168.0, 16]","[167.0, 8]","[181.0, 27]","[181.78, 32]",174.5,83,13.0,-0.42
07:41:20,"[166.06, 136]","[161.08, 13]","[175.68, 41]","[176.5, 42]",170.87,232,9.62,0.28
07:41:21,"[166.0, 195]","[129.09, 44]","[169.8, 61]","[170.49, 65]",167.9,365,3.8,0.31
07:41:22,"[152.31, 39]","[132.68, 34]","[169.37, 38]","[282.46, 41]",160.84,152,17.06,-0.04
07:41:23,"[147.74, 76]","[112.56, 43]","[169.75, 60]","[313.0, 44]",158.74,223,22.01,0.07
07:41:24,"[168.0, 65]","[166.0, 15]","[170.45, 56]","[339.05, 20]",169.22,156,2.45,0.03
07:41:25,"[168.0, 37]","[166.0, 26]","[251.46, 13]","[381.31, 26]",209.73,102,83.46,0.24
07:41:26,"[142.8, 15]","[104.25, 52]","[168.43, 21]","[230.7, 27]",155.61,115,25.63,0.17
07:41:27,"[126.69, 13]","[112.78, 27]","[156.0, 7]","[168.0, 21]",141.35,68,29.31,0.18
07:41:28,"[124.33, 30]","[109.88, 25]","[165.33, 21]","[213.32, 22]",144.83,98,41.0,0.12
07:41:29,"[155.94, 34]","[148.19, 27]","[183.0, 21]","[229.0, 37]",169.47,119,27.06,0.03
07:41:30,"[156.68, 19]","[76.33, 9]","[244.0, 10]","[335.95, 22]",200.34,60,87.32,-0.07
07:41:31,"[167.0, 24]","[93.67, 9]","[285.82, 11]","[323.0, 10]",226.41,54,118.82,0.22
07:41:32,"[167.0, 40]","[119.62, 29]","[309.5, 20]","[437.33, 21]",238.25,110,142.5,0.25
07:41:33,"[156.72, 36]","[124.58, 72]","[315.88, 16]","[403.69, 16]",236.3,140,159.15,0.54
07:41:34,"[126.67, 101]","[121.13, 31]","[367.2, 25]","[431.85, 27]",246.94,184,240.53,0.43
07:41:35,"[105.39, 107]","[35.6, 48]","[350.64, 22]","[529.05, 20]",228.01,197,245.24,0.57
07:41:36,"[171.0, 4]","[161.57, 21]","[433.0, 8]","[482.0, 6]",302.0,39,262.0,0.28
07:41:37,"[171.0, 7]","[161.49, 65]","[322.14, 14]","[439.43, 21]",246.57,107,151.14,0.35
07:41:38,"[171.0, 13]","[146.79, 125]","[262.44, 25]","[395.54, 24]",216.72,187,91.44,0.48
07:41:39,"[165.24, 21]","[158.51, 70]","[381.96, 25]","[539.13, 23]",273.6,139,216.72,0.31
07:41:40,"[153.82, 95]","[81.68, 47]","[401.94, 31]","[589.0, 27]",277.88,200,248.11,0.42
07:41:41,"[163.06, 71]","[111.64, 33]","[268.0, 14]","[365.86, 29]",215.53,147,104.94,0.41
07:41:42,"[171.64, 176]","[168.83, 180]","[215.87, 67]","[306.64, 44]",193.75,467,44.22,0.52
07:41:43,"[174.0, 285]","[168.0, 65]","[209.85, 52]","[227.23, 56]",191.92,458,35.85,0.53
07:41:44,"[174.0, 141]","[169.04, 46]","[207.5, 32]","[225.0, 16]",190.75,235,33.5,0.59
07:41:45,"[174.08, 96]","[171.53, 68]","[207.0, 32]","[367.84, 37]",190.54,233,32.92,0.41
07:41:46,"[176.0, 36]","[174.0, 90]","[206.11, 36]","[321.56, 45]",191.06,207,30.11,0.22
07:41:47,"[176.0, 32]","[174.0, 58]","[206.0, 32]","[288.0, 40]",191.0,162,30.0,0.11
07:41:48,"[176.0, 32]","[174.0, 64]","[206.0, 32]","[266.35, 34]",191.0,162,30.0,0.19
07:41:49,"[176.0, 52]","[174.0, 104]","[204.26, 46]","[329.0, 32]",190.13,234,28.26,0.33
07:41:50,"[176.0, 32]","[174.0, 64]","[194.93, 30]","[228.44, 18]",185.47,144,18.93,0.33
07:41:51,"[176.0, 20]","[174.0, 40]","[184.0, 20]","[273.0, 10]",180.0,90,8.0,0.33
07:41:52,"[176.0, 52]","[174.0, 104]","[184.0, 52]","[313.6, 35]",180.0,243,8.0,0.28
07:41:53,"[174.64, 50]","[172.04, 92]","[183.3, 40]","[217.1, 20]",178.97,202,8.66,0.41
07:41:54,"[174.0, 39]","[171.0, 130]","[182.38, 52]","[191.0, 26]",178.19,247,8.38,0.37
07:41:55,"[174.0, 27]","[171.0, 90]","[181.0, 32]","[184.64, 22]",177.5,171,7.0,0.37
07:41:56,"[174.0, 19]","[171.0, 70]","[178.43, 14]","[180.0, 28]",176.21,131,4.43,0.36
07:41:57,"[174.0, 18]","[171.46, 78]","[177.44, 18]","[180.0, 36]",175.72,150,3.44,0.28
07:41:58,"[174.0, 14]","[173.0, 42]","[177.0, 14]","[180.0, 28]",175.5,98,3.0,0.14
07:41:59,"[173.19, 52]","[171.6, 100]","[175.07, 56]","[176.9, 42]",174.13,250,1.88,0.22
07:42:00,"[170.63, 83]","[168.33, 156]","[172.77, 73]","[174.49, 71]",171.7,383,2.14,0.25
07:42:01,"[167.58, 90]","[166.72, 169]","[171.33, 60]","[255.4, 47]",169.46,366,3.76,0.42
07:42:02,"[167.0, 117]","[166.0, 161]","[182.5, 28]","[212.42, 12]",174.75,318,15.5,0.75
07:42:03,"[167.0, 25]","[166.0, 67]","[180.56, 27]","[242.27, 33]",173.78,152,13.56,0.21
07:42:04,"[166.29, 42]","[165.35, 139]","[178.36, 42]","[246.0, 26]",172.32,249,12.07,0.45
07:42:05,"[169.35, 68]","[164.98, 88]","[177.5, 30]","[229.6, 10]",173.43,196,8.15,0.59
07:42:06,"[172.0, 45]","[166.0, 90]","[176.0, 27]","[275.56, 9]",174.0,171,4.0,0.58
07:42:07,"[169.0, 60]","[165.6, 75]","[175.33, 27]","[310.37, 27]",172.17,189,6.33,0.43
07:42:08,"[166.0, 100]","[164.0, 50]","[173.0, 30]","[176.0, 30]",169.5,210,7.0,0.43
07:42:09,"[166.58, 66]","[165.43, 70]","[169.56, 27]","[185.13, 31]",168.07,194,2.98,0.4
07:42:10,"[166.08, 51]","[165.4, 35]","[167.9, 20]","[286.11, 45]",166.99,151,1.82,0.14
07:42:11,"[166.0, 119]","[165.0, 51]","[201.05, 74]","[368.29, 85]",183.53,329,35.05,0.03
07:42:12,"[170.1, 78]","[165.9, 62]","[221.9, 50]","[346.2, 50]",196.0,240,51.8,0.17
07:42:13,"[171.33, 92]","[167.65, 121]","[249.93, 70]","[321.5, 70]",210.63,353,78.6,0.21
07:42:14,"[171.0, 21]","[166.0, 91]","[295.14, 35]","[419.43, 35]",233.07,182,124.14,0.23
07:42:15,"[166.35, 115]","[165.21, 34]","[319.3, 50]","[548.9, 50]",242.82,249,152.95,0.2
07:42:16,"[176.0, 32]","[166.0, 56]","[301.0, 40]","[509.25, 40]",238.5,168,125.0,0.05
07:42:17,"[176.0, 48]","[166.0, 84]","[468.66, 53]","[528.93, 59]",322.33,244,292.66,0.08
07:42:18,"[176.0, 16]","[166.0, 28]","[331.68, 19]","[473.88, 17]",253.84,80,155.68,0.1
07:42:19,"[167.6, 50]","[165.44, 32]","[406.33, 33]","[468.44, 39]",286.97,154,238.73,0.06
07:42:20,"[172.4, 70]","[165.93, 90]","[223.97, 66]","[342.58, 78]",198.18,304,51.57,0.05
07:42:21,"[172.4, 50]","[165.91, 66]","[211.54, 52]","[286.0, 55]",191.97,223,39.14,0.04
07:42:22,"[166.78, 18]","[165.5, 42]","[229.14, 56]","[231.71, 56]",197.96,172,62.37,-0.3
07:42:23,"[166.5, 14]","[165.21, 34]","[216.16, 50]","[221.44, 50]",191.33,148,49.66,-0.35
07:42:24,"[167.67, 45]","[165.68, 19]","[195.8, 60]","[197.0, 68]",181.73,192,28.13,-0.33
07:42:25,"[168.81, 48]","[165.83, 72]","[192.75, 64]","[193.94, 64]",180.78,248,23.94,-0.03
07:42:26,"[169.5, 36]","[166.42, 60]","[186.75, 48]","[187.75, 48]",178.12,192,17.25,0.0
07:42:27,"[170.8, 45]","[169.33, 49]","[184.02, 57]","[185.27, 59]",177.41,210,13.22,-0.1
07:42:28,"[171.0, 78]","[168.29, 42]","[181.63, 54]","[183.57, 56]",176.31,230,10.63,0.04
07:42:29,"[171.0, 42]","[168.0, 33]","[179.0, 44]","[180.0, 33]",175.0,152,8.0,-0.01
07:42:30,"[169.25, 36]","[167.52, 29]","[178.33, 48]","[179.51, 41]",173.79,154,9.08,-0.16
07:42:31,"[167.95, 41]","[166.81, 32]","[176.86, 56]","[178.71, 56]",172.4,185,8.91,-0.21
07:42:32,"[167.0, 22]","[166.0, 66]","[174.12, 34]","[175.09, 44]",170.56,166,7.12,0.06
07:42:33,"[166.84, 19]","[157.65, 46]","[171.5, 40]","[172.82, 34]",169.17,139,4.66,-0.06
07:42:34,"[168.0, 11]","[166.0, 44]","[169.86, 42]","[170.82, 44]",168.93,141,1.86,-0.22
07:42:35,"[167.2, 46]","[140.18, 99]","[169.43, 37]","[172.32, 50]",168.31,232,2.24,0.25
07:42:36,"[166.77, 13]","[164.64, 33]","[215.38, 32]","[294.03, 34]",191.07,112,48.61,-0.18
07:42:37,"[166.0, 21]","[141.0, 35]","[215.0, 28]","[270.86, 14]",190.5,98,49.0,0.14
07:42:38,"[166.21, 19]","[146.26, 38]","[181.94, 32]","[190.81, 32]",174.07,121,15.73,-0.06
07:42:39,"[173.7, 88]","[136.2, 51]","[180.57, 42]","[181.43, 42]",177.14,223,6.87,0.25
07:42:40,"[176.0, 112]","[140.89, 45]","[178.45, 44]","[179.32, 47]",177.23,248,2.45,0.27
07:42:41,"[176.0, 76]","[171.79, 19]","[177.18, 33]","[211.68, 38]",176.59,166,1.18,0.14
07:42:42,"[174.17, 46]","[169.29, 14]","[175.71, 34]","[196.71, 41]",174.94,135,1.53,-0.11
07:42:43,"[174.0, 60]","[168.0, 12]","[175.0, 24]","[200.65, 49]",174.5,145,1.0,-0.01
07:42:44,"[172.91, 22]","[167.43, 21]","[328.2, 30]","[388.32, 44]",250.55,117,155.29,-0.26
07:42:45,"[168.0, 8]","[167.0, 24]","[384.82, 22]","[533.78, 18]",276.41,72,216.82,-0.11
07:42:46,"[168.0, 7]","[167.0, 21]","[183.0, 14]","[558.0, 21]",175.5,63,15.0,-0.11
07:42:47,"[168.0, 8]","[167.0, 24]","[183.0, 16]","[433.7, 30]",175.5,78,15.0,-0.18
07:42:48,"[154.26, 23]","[146.79, 57]","[308.21, 48]","[420.73, 41]",231.23,169,153.95,-0.05
07:42:49,"[90.06, 32]","[74.6, 30]","[391.59, 22]","[507.17, 18]",240.83,102,301.53,0.22
07:42:50,"[166.0, 72]","[121.68, 59]","[178.69, 39]","[479.84, 43]",172.35,213,12.69,0.23
07:42:51,"[150.5, 20]","[117.73, 33]","[178.0, 21]","[179.0, 21]",164.25,95,27.5,0.12
07:42:52,"[93.53, 43]","[47.63, 35]","[171.71, 42]","[194.29, 42]",132.62,162,78.18,-0.04
07:42:53,"[130.0, 24]","[114.86, 28]","[166.0, 10]","[341.69, 26]",148.0,88,36.0,0.18
07:42:54,"[130.2, 15]","[111.0, 15]","[166.0, 16]","[230.75, 16]",148.1,62,35.8,-0.03
07:42:55,"[131.64, 28]","[67.54, 37]","[312.83, 35]","[511.0, 35]",222.24,135,181.19,-0.04
07:42:56,"[167.0, 10]","[73.41, 34]","[273.0, 30]","[461.7, 37]",220.0,111,106.0,-0.21
07:42:57,"[145.21, 19]","[136.79, 29]","[393.0, 28]","[475.08, 36]",269.11,112,247.79,-0.14
07:42:58,"[136.7, 23]","[89.89, 27]","[300.95, 38]","[423.15, 39]",218.82,127,164.25,-0.21
07:42:59,"[150.9, 40]","[137.25, 16]","[157.0, 32]","[571.32, 25]",153.95,113,6.1,-0.01
07:43:00,"[152.75, 72]","[151.25, 72]","[180.23, 39]","[345.36, 33]",166.49,216,27.48,0.33
07:43:01,"[155.58, 57]","[153.56, 75]","[374.23, 35]","[423.0, 42]",264.9,209,218.65,0.26
07:43:02,"[155.36, 74]","[81.89, 54]","[271.39, 41]","[381.52, 33]",213.38,202,116.03,0.27
07:43:03,"[162.91, 88]","[147.21, 57]","[239.61, 83]","[350.07, 30]",201.26,258,76.71,0.12
07:43:04,"[174.0, 56]","[172.0, 24]","[337.75, 20]","[436.52, 23]",255.88,123,163.75,0.3
07:43:05,"[174.0, 32]","[173.0, 44]","[233.14, 35]","[355.82, 33]",203.57,144,59.14,0.06
07:43:06,"[174.0, 22]","[173.0, 44]","[224.0, 33]","[229.61, 41]",199.0,140,50.0,-0.06
07:43:07,"[174.0, 18]","[172.54, 39]","[223.44, 27]","[230.44, 27]",198.72,111,49.44,0.03
07:43:08,"[174.0, 14]","[173.0, 35]","[220.97, 29]","[222.43, 21]",197.48,99,46.97,-0.01
07:43:09,"[174.0, 20]","[173.0, 50]","[219.0, 42]","[220.42, 36]",196.5,148,45.0,-0.05
07:43:10,"[174.0, 18]","[173.0, 50]","[215.42, 36]","[216.2, 44]",194.71,148,41.42,-0.08
07:43:11,"[173.73, 11]","[172.86, 43]","[212.65, 37]","[214.31, 35]",193.19,126,38.92,-0.14
07:43:12,"[173.0, 27]","[171.0, 27]","[210.69, 39]","[212.09, 33]",191.85,126,37.69,-0.14
07:43:13,"[175.0, 18]","[172.5, 24]","[208.62, 24]","[211.0, 40]",191.81,106,33.62,-0.21
07:43:14,"[176.0, 16]","[173.4, 20]","[205.91, 34]","[209.0, 30]",190.96,100,29.91,-0.28
07:43:15,"[176.0, 20]","[173.0, 30]","[202.2, 30]","[203.59, 34]",189.1,114,26.2,-0.12
07:43:16,"[176.0, 16]","[173.0, 45]","[200.0, 51]","[201.11, 57]",188.0,169,24.0,-0.28
07:43:17,"[172.88, 16]","[168.38, 78]","[198.91, 33]","[200.0, 55]",185.89,182,26.03,0.03
07:43:18,"[171.0, 14]","[167.0, 84]","[197.71, 21]","[199.61, 31]",184.36,150,26.71,0.31
07:43:19,"[167.21, 114]","[166.57, 63]","[195.23, 52]","[196.33, 36]",181.22,265,28.02,0.34
07:43:20,"[167.16, 129]","[163.28, 92]","[191.72, 47]","[192.57, 53]",179.44,321,24.56,0.38
07:43:21,"[168.0, 78]","[167.0, 143]","[185.2, 45]","[186.12, 43]",176.6,309,17.2,0.43
07:43:22,"[168.0, 134]","[167.0, 198]","[179.11, 54]","[180.28, 54]",173.56,440,11.11,0.51
07:43:23,"[168.44, 72]","[167.28, 76]","[173.6, 40]","[174.44, 54]",171.02,242,5.16,0.22
07:43:24,"[168.53, 45]","[167.92, 37]","[171.0, 39]","[172.1, 41]",169.77,162,2.47,0.01
07:43:25,"[168.0, 27]","[167.0, 6]","[169.17, 18]","[171.0, 18]",168.58,69,1.17,-0.04
07:43:26,"[166.22, 81]","[120.17, 108]","[168.44, 27]","[225.43, 21]",167.33,237,2.22,0.59
07:43:27,"[166.0, 177]","[86.6, 77]","[167.75, 28]","[206.81, 27]",166.88,309,1.75,0.64
07:43:28,"[166.0, 147]","[106.73, 22]","[378.2, 20]","[672.47, 15]",272.1,204,212.2,0.66
07:43:29,"[166.67, 60]","[150.88, 34]","[401.22, 18]","[511.22, 9]",283.94,121,234.56,0.55
07:43:30,"[171.0, 42]","[167.18, 130]","[248.62, 21]","[314.62, 21]",209.81,214,77.62,0.61
07:43:31,"[171.0, 36]","[168.0, 108]","[210.08, 25]","[210.47, 30]",190.54,199,39.08,0.45
07:43:32,"[171.0, 27]","[168.0, 81]","[207.06, 17]","[208.67, 12]",189.03,137,36.06,0.58
07:43:33,"[172.28, 60]","[168.75, 72]","[202.82, 17]","[206.32, 19]",187.55,168,30.54,0.57
07:43:34,"[173.08, 91]","[171.33, 43]","[179.52, 21]","[188.44, 18]",176.3,173,6.45,0.55
07:43:35,"[174.0, 69]","[173.0, 84]","[177.42, 31]","[178.16, 19]",175.71,203,3.42,0.51
07:43:36,"[173.0, 44]","[171.0, 24]","[174.5, 16]","[175.69, 26]",173.75,110,1.5,0.24
07:43:37,"[168.17, 75]","[166.49, 203]","[175.37, 19]","[370.42, 36]",171.77,333,7.2,0.67
07:43:38,"[167.0, 72]","[166.0, 180]","[287.08, 13]","[392.56, 27]",227.04,292,120.08,0.73
07:43:39,"[167.03, 66]","[166.05, 168]","[354.33, 27]","[422.0, 26]",260.68,287,187.3,0.63
07:43:40,"[167.08, 26]","[166.12, 68]","[417.0, 12]","[443.0, 12]",292.04,118,249.92,0.59
07:43:41,"[167.26, 78]","[166.26, 216]","[336.03, 38]","[422.1, 40]",251.64,372,168.77,0.58
07:43:42,"[171.95, 80]","[168.23, 140]","[213.56, 32]","[315.14, 22]",192.76,274,41.61,0.61
07:43:43,"[174.8, 50]","[169.62, 64]","[212.78, 18]","[352.0, 10]",193.79,142,37.98,0.61
07:43:44,"[169.67, 36]","[166.94, 102]","[211.27, 22]","[236.0, 19]",190.47,179,41.61,0.54
07:43:45,"[169.24, 50]","[166.09, 132]","[209.75, 16]","[211.25, 16]",189.5,214,40.51,0.7
07:43:46,"[168.93, 87]","[166.08, 232]","[208.29, 28]","[209.29, 28]",188.61,375,39.35,0.7
07:43:47,"[167.55, 102]","[166.17, 206]","[206.25, 32]","[207.25, 32]",186.9,372,38.7,0.66
07:43:48,"[169.0, 56]","[167.0, 48]","[202.75, 16]","[204.5, 16]",185.88,136,33.75,0.53
07:43:49,"[170.71, 97]","[167.67, 54]","[201.15, 26]","[203.0, 26]",185.93,203,30.44,0.49
07:43:50,"[171.0, 147]","[170.0, 22]","[199.09, 22]","[203.0, 22]",185.05,213,28.09,0.59
07:43:51,"[171.31, 177]","[170.36, 28]","[197.43, 28]","[199.86, 28]",184.37,261,26.12,0.57
07:43:52,"[172.0, 187]","[171.0, 34]","[188.23, 35]","[189.7, 40]",180.11,296,16.23,0.49
07:43:53,"[172.2, 110]","[171.0, 40]","[184.0, 20]","[185.0, 20]",178.1,190,11.8,0.58
07:43:54,"[173.0, 136]","[171.0, 72]","[182.0, 36]","[183.89, 36]",177.5,280,9.0,0.49
07:43:55,"[173.0, 70]","[171.0, 22]","[178.1, 20]","[179.1, 20]",175.55,132,5.1,0.39
07:43:56,"[173.15, 91]","[172.23, 57]","[175.44, 32]","[203.45, 33]",174.3,213,2.28,0.39
07:43:57,"[173.0, 25]","[171.0, 14]","[175.0, 14]","[246.0, 21]",174.0,74,2.0,0.05
07:43:58,"[173.0, 24]","[171.0, 16]","[175.0, 16]","[549.88, 16]",174.0,72,2.0,0.11
07:43:59,"[173.0, 30]","[171.0, 20]","[174.2, 20]","[345.17, 23]",173.6,93,1.2,0.08
07:44:00,"[173.0, 18]","[171.0, 24]","[275.25, 24]","[520.06, 34]",224.12,100,102.25,-0.16
07:44:01,"[173.0, 14]","[171.0, 28]","[208.21, 29]","[278.13, 30]",190.6,101,35.21,-0.17
07:44:02,"[171.0, 11]","[168.0, 55]","[199.28, 25]","[200.2, 30]",185.14,121,28.28,0.09
07:44:03,"[169.67, 9]","[167.76, 33]","[196.58, 19]","[199.69, 26]",183.12,87,26.91,-0.03
07:44:04,"[168.0, 9]","[167.0, 18]","[195.0, 27]","[196.0, 18]",181.5,72,27.0,-0.25
07:44:05,"[166.05, 385]","[165.8, 45]","[192.89, 46]","[194.53, 34]",179.47,510,26.84,0.69
07:44:06,"[166.1, 177]","[165.98, 258]","[190.3, 33]","[191.81, 42]",178.2,510,24.2,0.71
07:44:07,"[168.0, 11]","[166.0, 295]","[187.55, 33]","[189.0, 22]",177.77,361,19.55,0.7
07:44:08,"[168.0, 11]","[166.0, 183]","[185.0, 31]","[186.0, 24]",176.5,249,17.0,0.56
07:44:09,"[166.03, 146]","[155.11, 62]","[183.91, 22]","[185.0, 33]",174.97,263,17.88,0.58
07:44:10,"[166.0, 258]","[152.71, 42]","[182.64, 28]","[185.0, 42]",174.32,370,16.64,0.62
07:44:11,"[166.0, 306]","[135.73, 22]","[180.61, 36]","[185.0, 54]",173.31,418,14.61,0.57
07:44:12,"[166.13, 106]","[165.05, 155]","[177.0, 32]","[182.37, 43]",171.57,336,10.87,0.55
07:44:13,"[167.91, 22]","[166.14, 35]","[174.57, 14]","[176.0, 21]",171.24,92,6.66,0.24
07:44:14,"[169.11, 54]","[166.73, 56]","[171.62, 40]","[173.31, 35]",170.37,185,2.51,0.19
07:44:15,"[167.33, 36]","[166.35, 138]","[169.41, 29]","[171.14, 49]",168.37,252,2.08,0.38
07:44:16,"[166.44, 81]","[163.47, 143]","[168.42, 24]","[261.17, 24]",167.43,272,1.97,0.65
07:44:17,"[166.0, 165]","[124.9, 60]","[248.5, 20]","[280.0, 19]",207.25,264,82.5,0.7
07:44:18,"[168.64, 44]","[163.68, 111]","[261.75, 32]","[264.0, 8]",215.19,195,93.11,0.59
07:44:19,"[166.76, 105]","[156.93, 129]","[257.95, 21]","[258.93, 54]",212.36,309,91.19,0.51
07:44:20,"[166.0, 9]","[136.23, 26]","[193.8, 15]","[239.5, 24]",179.9,74,27.8,-0.05
07:44:21,"[166.0, 39]","[163.0, 24]","[200.86, 29]","[213.72, 39]",183.43,131,34.86,-0.04
07:44:22,"[166.0, 52]","[163.0, 26]","[248.69, 26]","[251.38, 32]",207.35,136,82.69,0.15
07:44:23,"[170.83, 23]","[157.77, 47]","[239.98, 44]","[242.56, 41]",205.4,155,69.15,-0.1
07:44:24,"[169.03, 31]","[166.2, 25]","[236.82, 49]","[238.62, 40]",202.92,145,67.78,-0.23
07:44:25,"[169.25, 36]","[167.35, 20]","[234.41, 29]","[235.27, 11]",201.83,96,65.16,0.17
07:44:26,"[176.0, 33]","[170.82, 77]","[232.27, 44]","[233.09, 35]",204.14,189,56.27,0.16
07:44:27,"[176.0, 51]","[174.0, 119]","[229.79, 56]","[231.55, 29]",202.89,255,53.79,0.33
07:44:28,"[176.0, 27]","[174.0, 63]","[228.33, 12]","[229.06, 33]",202.17,135,52.33,0.33
07:44:29,"[174.86, 49]","[173.77, 53]","[226.29, 17]","[228.84, 38]",200.58,157,51.44,0.3
07:44:30,"[174.0, 52]","[171.0, 8]","[223.75, 32]","[224.75, 32]",198.88,124,49.75,-0.03
07:44:31,"[174.0, 33]","[171.0, 11]","[219.39, 36]","[220.62, 42]",196.69,122,45.39,-0.28
07:44:32,"[174.0, 54]","[171.0, 15]","[209.25, 57]","[211.35, 57]",191.62,183,35.25,-0.25
07:44:33,"[174.0, 78]","[171.0, 13]","[202.2, 30]","[205.71, 56]",188.1,177,28.2,0.03
07:44:34,"[174.0, 48]","[171.0, 8]","[204.0, 8]","[205.0, 40]",189.0,104,30.0,0.08
07:44:35,"[174.0, 78]","[171.0, 14]","[201.35, 54]","[202.28, 47]",187.68,193,27.35,-0.05
07:44:36,"[171.0, 10]","[168.0, 30]","[197.79, 42]","[198.75, 44]",184.39,126,26.79,-0.37
07:44:37,"[168.43, 14]","[167.33, 18]","[195.38, 47]","[196.4, 52]",181.91,131,26.95,-0.51
07:44:38,"[167.83, 24]","[164.72, 36]","[186.29, 42]","[186.12, 73]",177.06,175,18.45,-0.31
07:44:39,"[168.31, 39]","[167.0, 18]","[181.96, 49]","[182.84, 44]",175.13,150,13.65,-0.24
07:44:40,"[170.0, 28]","[168.0, 42]","[177.34, 50]","[179.07, 45]",173.67,165,7.34,-0.15
07:44:41,"[170.0, 18]","[167.19, 62]","[177.4, 15]","[178.0, 24]",173.7,119,7.4,0.34
07:44:42,"[170.86, 14]","[169.12, 34]","[174.02, 41]","[174.86, 21]",172.44,110,3.17,-0.13
07:44:43,"[170.33, 24]","[166.38, 104]","[172.66, 32]","[173.62, 56]",171.49,216,2.32,0.19
07:44:44,"[166.15, 110]","[165.05, 38]","[170.0, 47]","[171.15, 41]",168.07,236,3.85,0.25
07:44:45,"[166.0, 190]","[164.0, 26]","[168.08, 65]","[169.02, 61]",167.04,342,2.08,0.26
07:44:46,"[166.0, 183]","[164.0, 24]","[167.0, 60]","[168.0, 60]",166.5,327,1.0,0.27
07:44:47,"[166.0, 158]","[164.0, 24]","[167.25, 60]","[281.72, 43]",166.62,285,1.25,0.28
07:44:48,"[166.0, 101]","[164.0, 16]","[307.29, 35]","[345.3, 23]",236.64,175,141.29,0.34
07:44:49,"[166.02, 95]","[164.92, 26]","[332.92, 26]","[447.71, 14]",249.47,161,166.9,0.5
07:44:50,"[166.65, 51]","[165.89, 93]","[275.18, 22]","[357.85, 39]",220.91,205,108.53,0.4
07:44:51,"[167.0, 50]","[166.0, 70]","[219.33, 36]","[281.25, 36]",193.17,192,52.33,0.25
07:44:52,"[167.11, 54]","[166.24, 50]","[179.0, 40]","[295.24, 21]",173.06,165,11.89,0.26
07:44:53,"[169.55, 33]","[167.0, 30]","[209.44, 36]","[332.22, 18]",189.49,117,39.9,0.08
07:44:54,"[169.86, 21]","[166.62, 16]","[300.93, 15]","[334.0, 16]",235.4,68,131.08,0.09
07:44:55,"[167.0, 31]","[166.0, 11]","[206.0, 11]","[310.05, 19]",186.5,72,39.0,0.17
07:44:56,"[167.0, 42]","[166.0, 10]","[204.25, 16]","[392.32, 22]",185.62,90,37.25,0.16
07:44:57,"[167.0, 86]","[166.0, 10]","[198.88, 17]","[204.08, 13]",182.94,126,31.88,0.52
07:44:58,"[167.45, 71]","[166.82, 49]","[177.5, 16]","[180.3, 23]",172.48,159,10.05,0.51
07:44:59,"[171.0, 24]","[167.32, 57]","[175.58, 19]","[186.11, 18]",173.29,118,4.58,0.37
07:45:00,"[167.14, 114]","[166.22, 37]","[174.31, 26]","[225.68, 25]",170.72,202,7.17,0.5
07:45:01,"[167.0, 69]","[166.0, 27]","[173.67, 18]","[174.67, 18]",170.33,132,6.67,0.45
07:45:02,"[170.73, 15]","[167.09, 53]","[365.75, 24]","[432.62, 21]",268.24,113,195.02,0.2
07:45:03,"[174.0, 8]","[170.27, 22]","[263.0, 24]","[393.0, 8]",218.5,62,89.0,-0.03
07:45:04,"[168.59, 27]","[167.27, 74]","[310.89, 19]","[546.72, 25]",239.74,145,142.3,0.39
07:45:05,"[167.77, 35]","[166.96, 75]","[278.71, 34]","[344.28, 29]",223.24,173,110.93,0.27
07:45:06,"[170.86, 28]","[166.89, 54]","[277.0, 16]","[372.24, 25]",223.93,123,106.14,0.33
07:45:07,"[169.46, 56]","[166.52, 107]","[254.56, 32]","[340.93, 43]",212.01,238,85.1,0.37
07:45:08,"[167.0, 19]","[166.0, 108]","[263.24, 21]","[264.57, 42]",215.12,190,96.24,0.34
07:45:09,"[167.9, 40]","[166.16, 57]","[216.0, 46]","[249.92, 26]",191.95,169,48.1,0.15
07:45:10,"[168.0, 24]","[167.0, 6]","[180.29, 14]","[188.45, 22]",174.14,66,12.29,-0.09
07:45:11,"[169.62, 32]","[166.35, 20]","[179.62, 16]","[181.0, 32]",174.62,100,10.0,0.04
07:45:12,"[170.38, 26]","[166.0, 143]","[178.18, 22]","[181.0, 44]",174.28,235,7.8,0.44
07:45:13,"[172.44, 36]","[166.67, 60]","[176.43, 28]","[179.73, 44]",174.44,168,3.98,0.14
07:45:14,"[172.33, 30]","[167.52, 23]","[234.6, 40]","[299.19, 43]",203.47,136,62.27,-0.22
07:45:15,"[172.33, 27]","[170.65, 23]","[307.56, 18]","[309.0, 45]",239.94,113,135.22,-0.12
07:45:16,"[172.5, 20]","[169.4, 25]","[255.37, 38]","[307.88, 32]",213.93,115,82.87,-0.22
07:45:17,"[171.0, 12]","[167.0, 24]","[237.0, 60]","[284.64, 33]",204.0,129,66.0,-0.44
07:45:18,"[171.0, 6]","[167.0, 12]","[237.0, 30]","[291.23, 13]",204.0,61,66.0,-0.41
07:45:19,"[171.0, 5]","[167.0, 10]","[237.0, 25]","[274.0, 12]",204.0,52,66.0,-0.42
07:45:20,"[171.0, 10]","[167.0, 20]","[236.24, 29]","[300.19, 31]",203.62,90,65.24,-0.33
07:45:21,"[167.33, 30]","[165.0, 24]","[233.2, 20]","[713.0, 80]",200.27,154,65.87,-0.3
07:45:22,"[166.0, 144]","[138.87, 45]","[230.98, 41]","[549.77, 53]",198.49,283,64.98,0.34
07:45:23,"[166.0, 51]","[163.0, 8]","[192.97, 36]","[320.71, 34]",179.49,129,26.97,-0.09
07:45:24,"[166.64, 66]","[146.73, 37]","[229.0, 70]","[414.36, 36]",197.82,209,62.36,-0.01
07:45:25,"[166.49, 43]","[159.0, 15]","[477.14, 21]","[610.66, 32]",321.82,111,310.65,0.05
07:45:26,"[166.0, 32]","[138.0, 8]","[367.17, 18]","[491.25, 16]",266.58,74,201.17,0.08
07:45:27,"[166.0, 36]","[138.0, 9]","[264.76, 21]","[307.58, 26]",215.38,92,98.76,-0.02
07:45:28,"[76.92, 13]","[47.0, 13]","[207.6, 40]","[209.41, 34]",142.26,100,130.68,-0.48
07:45:29,"[147.4, 15]","[111.22, 9]","[205.22, 18]","[207.0, 36]",176.31,78,57.82,-0.38
07:45:30,"[166.0, 27]","[143.22, 9]","[203.0, 18]","[207.0, 36]",184.5,90,37.0,-0.2
07:45:31,"[175.18, 61]","[157.26, 23]","[201.16, 38]","[203.31, 64]",188.17,186,25.98,-0.1
07:45:32,"[176.0, 21]","[171.0, 33]","[199.16, 38]","[200.86, 28]",187.58,120,23.16,-0.1
07:45:33,"[176.0, 16]","[171.0, 48]","[197.1, 58]","[198.32, 38]",186.55,160,21.1,-0.2
07:45:34,"[171.65, 31]","[167.49, 74]","[197.0, 52]","[198.0, 26]",184.32,183,25.35,0.15
07:45:35,"[171.22, 27]","[167.14, 114]","[195.86, 42]","[196.89, 36]",183.54,219,24.63,0.29
07:45:36,"[168.0, 13]","[167.0, 136]","[194.92, 26]","[196.0, 52]",181.46,227,26.92,0.31
07:45:37,"[168.0, 12]","[167.0, 162]","[188.81, 27]","[191.44, 39]",178.41,240,20.81,0.45
07:45:38,"[169.64, 22]","[167.04, 156]","[185.72, 50]","[190.65, 46]",177.68,274,16.08,0.3
07:45:39,"[171.0, 18]","[168.0, 9]","[183.33, 30]","[185.0, 24]",177.17,81,12.33,-0.33
07:45:40,"[168.52, 125]","[167.03, 148]","[179.75, 40]","[182.0, 56]",174.13,369,11.23,0.48
07:45:41,"[169.6, 90]","[167.78, 128]","[175.53, 38]","[177.29, 28]",172.56,284,5.93,0.54
07:45:42,"[171.82, 130]","[168.87, 138]","[180.81, 42]","[207.75, 51]",176.31,361,8.99,0.48
07:45:43,"[173.07, 82]","[170.0, 116]","[401.94, 34]","[454.54, 52]",287.51,284,228.87,0.39
07:45:44,"[173.0, 78]","[167.0, 130]","[399.0, 40]","[402.19, 52]",286.0,300,226.0,0.39
07:45:45,"[173.33, 21]","[170.5, 72]","[397.33, 24]","[398.22, 36]",285.33,153,224.0,0.22
07:45:46,"[173.0, 36]","[167.0, 90]","[396.0, 18]","[398.0, 36]",284.5,180,223.0,0.4
07:45:47,"[167.83, 58]","[166.5, 40]","[382.35, 17]","[396.91, 22]",275.09,137,214.53,0.43
07:45:48,"[167.0, 100]","[166.0, 38]","[362.17, 18]","[389.59, 22]",264.58,178,195.17,0.55
07:45:49,"[167.0, 74]","[166.0, 108]","[335.54, 26]","[346.06, 17]",251.27,225,168.54,0.62
07:45:50,"[167.64, 88]","[166.12, 136]","[210.33, 36]","[211.33, 18]",188.98,278,42.7,0.61
07:45:51,"[167.0, 48]","[166.0, 132]","[209.71, 34]","[210.38, 32]",188.35,246,42.71,0.46
07:45:52,"[167.0, 20]","[166.0, 60]","[205.0, 10]","[209.89, 18]",186.0,108,38.0,0.48
07:45:53,"[167.85, 82]","[166.65, 103]","[188.53, 34]","[207.46, 26]",178.19,245,20.68,0.51
07:45:54,"[168.18, 60]","[167.3, 70]","[185.82, 34]","[189.15, 26]",177.0,190,17.64,0.37
07:45:55,"[170.4, 65]","[168.2, 70]","[183.24, 58]","[185.71, 34]",176.82,227,12.84,0.19
07:45:56,"[172.29, 42]","[170.92, 102]","[179.21, 38]","[180.66, 61]",175.75,243,6.92,0.19
07:45:57,"[172.48, 27]","[170.88, 73]","[175.85, 26]","[177.64, 44]",174.16,170,3.36,0.18
07:45:58,"[171.0, 49]","[168.0, 36]","[173.2, 30]","[178.0, 30]",172.1,145,2.2,0.17
07:45:59,"[168.83, 29]","[167.05, 125]","[172.59, 17]","[248.86, 14]",170.71,185,3.76,0.66
07:46:00,"[168.0, 34]","[167.0, 210]","[170.55, 22]","[171.59, 17]",169.27,283,2.55,0.72
07:46:01,"[167.01, 114]","[166.15, 122]","[169.0, 9]","[170.0, 18]",168.0,263,1.99,0.79
07:46:02,"[166.65, 111]","[164.09, 104]","[235.18, 11]","[191.74, 19]",200.92,245,68.53,0.76
07:46:03,"[170.64, 97]","[161.77, 35]","[328.89, 18]","[629.67, 9]",249.76,159,158.25,0.66
07:46:04,"[176.0, 81]","[171.0, 36]","[444.3, 23]","[624.88, 16]",310.15,156,268.3,0.5
07:46:05,"[176.0, 99]","[171.0, 68]","[510.86, 14]","[518.27, 37]",343.43,218,334.86,0.53
07:46:06,"[176.0, 68]","[171.0, 96]","[506.42, 12]","[507.83, 12]",341.21,188,330.42,0.74
07:46:07,"[176.0, 60]","[171.0, 96]","[429.2, 20]","[435.7, 20]",302.6,196,253.2,0.59
07:46:08,"[171.84, 77]","[168.33, 72]","[380.67, 15]","[383.91, 11]",276.26,175,208.82,0.7
07:46:09,"[171.0, 96]","[167.0, 72]","[359.94, 16]","[381.33, 12]",265.47,196,188.94,0.71
07:46:10,"[175.4, 116]","[169.0, 36]","[325.59, 17]","[337.37, 19]",250.49,188,150.19,0.62
07:46:11,"[176.0, 192]","[171.0, 36]","[281.38, 16]","[323.42, 12]",228.69,256,105.38,0.78
07:46:12,"[176.0, 130]","[172.4, 30]","[210.58, 12]","[215.93, 28]",193.29,200,34.58,0.6
07:46:13,"[176.0, 119]","[173.0, 33]","[209.36, 11]","[240.8, 15]",192.68,178,33.36,0.71
07:46:14,"[176.0, 90]","[173.82, 51]","[207.1, 10]","[208.1, 10]",191.55,161,31.1,0.75
07:46:15,"[176.0, 81]","[174.0, 54]","[205.44, 9]","[206.78, 9]",190.72,153,29.44,0.76
07:46:16,"[176.0, 117]","[174.0, 78]","[191.52, 21]","[193.67, 21]",183.76,237,15.52,0.65
07:46:17,"[176.0, 105]","[174.0, 90]","[181.67, 15]","[182.73, 15]",178.83,225,5.67,0.73
07:46:18,"[176.0, 48]","[174.0, 48]","[179.0, 8]","[180.62, 8]",177.5,112,3.0,0.71
07:46:19,"[176.0, 51]","[174.0, 60]","[178.1, 10]","[179.4, 10]",177.05,131,2.1,0.69
07:46:20,"[176.0, 15]","[174.0, 136]","[181.91, 11]","[243.32, 47]",178.95,209,5.91,0.44
07:46:21,"[174.01, 196]","[173.29, 55]","[177.5, 34]","[232.2, 50]",175.76,335,3.49,0.5
07:46:22,"[174.0, 218]","[173.0, 45]","[215.05, 42]","[231.2, 60]",194.52,365,41.05,0.44
07:46:23,"[174.0, 154]","[173.0, 33]","[242.15, 53]","[293.47, 34]",208.08,274,68.15,0.36
07:46:24,"[174.0, 100]","[173.0, 30]","[240.3, 50]","[403.0, 20]",207.15,200,66.3,0.3
07:46:25,"[174.0, 68]","[173.0, 24]","[239.0, 40]","[501.0, 40]",206.5,172,65.0,0.07
07:46:26,"[174.0, 49]","[173.0, 21]","[238.47, 15]","[388.71, 35]",206.23,120,64.47,0.17
07:46:27,"[174.0, 91]","[173.0, 39]","[235.95, 41]","[290.08, 36]",204.98,207,61.95,0.26
07:46:28,"[174.0, 108]","[173.0, 36]","[205.6, 20]","[235.91, 44]",189.8,208,31.6,0.38
07:46:29,"[174.0, 135]","[173.0, 45]","[208.87, 23]","[235.93, 59]",191.43,262,34.87,0.37
07:46:30,"[174.0, 92]","[173.0, 36]","[231.64, 44]","[231.57, 28]",202.82,200,57.64,0.28
07:46:31,"[174.0, 36]","[173.0, 27]","[227.51, 37]","[230.18, 17]",200.76,117,53.51,0.08
07:46:32,"[173.49, 37]","[171.15, 39]","[224.09, 43]","[225.09, 23]",198.79,142,50.61,0.07
07:46:33,"[168.5, 32]","[167.1, 80]","[220.44, 36]","[222.0, 36]",194.47,184,51.94,0.22
07:46:34,"[168.47, 17]","[167.03, 74]","[217.2, 25]","[219.72, 29]",192.84,145,48.73,0.26
07:46:35,"[176.0, 8]","[168.0, 16]","[216.75, 20]","[217.11, 28]",196.38,72,40.75,-0.33
07:46:36,"[176.0, 13]","[168.0, 26]","[213.17, 41]","[216.43, 37]",194.59,117,37.17,-0.33
07:46:37,"[167.36, 100]","[166.11, 145]","[205.75, 77]","[207.26, 23]",186.56,345,38.39,0.42
07:46:38,"[167.0, 72]","[166.0, 107]","[185.59, 37]","[189.88, 17]",176.3,233,18.59,0.54
07:46:39,"[169.84, 55]","[166.94, 109]","[182.18, 65]","[184.25, 28]",176.01,257,12.35,0.28
07:46:40,"[171.36, 33]","[170.6, 25]","[179.75, 48]","[179.72, 29]",175.56,135,8.39,-0.14
07:46:41,"[172.75, 24]","[170.64, 25]","[176.06, 17]","[178.1, 52]",174.4,118,3.31,-0.17
07:46:42,"[169.19, 16]","[168.07, 42]","[272.56, 32]","[260.29, 42]",220.88,132,103.38,-0.12
07:46:43,"[167.0, 72]","[166.0, 111]","[436.04, 26]","[533.0, 18]",301.52,227,269.04,0.61
07:46:44,"[167.87, 54]","[167.21, 72]","[346.75, 36]","[348.45, 20]",257.31,182,178.88,0.38
07:46:45,"[168.36, 66]","[167.9, 62]","[284.39, 23]","[287.84, 37]",226.38,188,116.03,0.36
07:46:46,"[168.03, 79]","[167.56, 25]","[260.03, 37]","[338.5, 20]",214.03,161,92.0,0.29
07:46:47,"[168.52, 31]","[167.93, 43]","[258.18, 33]","[277.25, 32]",213.35,139,89.67,0.06
07:46:48,"[170.6, 20]","[168.0, 50]","[226.17, 24]","[249.12, 24]",198.38,118,55.57,0.19
07:46:49,"[171.0, 20]","[168.0, 50]","[187.04, 28]","[205.0, 12]",179.02,110,16.04,0.27
07:46:50,"[171.53, 17]","[168.88, 25]","[186.0, 30]","[194.57, 14]",178.76,86,14.47,-0.02
07:46:51,"[173.14, 35]","[169.79, 19]","[183.84, 38]","[185.2, 30]",178.49,122,10.7,-0.11
07:46:52,"[174.0, 55]","[171.0, 22]","[181.46, 48]","[182.67, 43]",177.73,168,7.46,-0.08
07:46:53,"[171.79, 38]","[170.05, 74]","[176.51, 72]","[177.73, 63]",174.15,247,4.72,-0.09
07:46:54,"[170.25, 24]","[167.76, 59]","[172.11, 27]","[173.22, 23]",171.18,133,1.86,0.25
07:46:55,"[168.97, 32]","[166.9, 86]","[171.12, 32]","[174.27, 22]",170.05,172,2.16,0.37
07:46:56,"[167.0, 77]","[166.0, 63]","[171.0, 28]","[248.5, 10]",169.0,178,4.0,0.57
07:46:57,"[167.0, 110]","[166.0, 90]","[169.11, 38]","[173.86, 28]",168.05,266,2.11,0.5
07:46:58,"[167.0, 124]","[166.0, 91]","[197.18, 28]","[318.52, 31]",182.09,274,30.18,0.57
07:46:59,"[167.09, 65]","[166.3, 90]","[324.0, 40]","[468.98, 41]",245.55,236,156.91,0.31
07:47:00,"[167.22, 40]","[166.33, 99]","[256.58, 38]","[341.81, 42]",211.9,219,89.35,0.27
07:47:01,"[175.53, 38]","[167.84, 25]","[225.04, 46]","[380.84, 43]",200.28,152,49.52,-0.17
07:47:02,"[176.0, 50]","[168.83, 12]","[205.68, 57]","[228.25, 48]",190.84,167,29.68,-0.26
07:47:03,"[174.71, 35]","[166.95, 21]","[204.45, 55]","[281.31, 45]",189.58,156,29.74,-0.28
07:47:04,"[167.0, 37]","[166.0, 99]","[204.0, 45]","[307.11, 36]",185.5,217,37.0,0.25
07:47:05,"[167.0, 24]","[166.0, 88]","[203.5, 40]","[336.0, 32]",185.25,184,36.5,0.22
07:47:06,"[166.2, 88]","[163.41, 73]","[202.69, 65]","[350.26, 57]",184.45,283,36.49,0.14
07:47:07,"[166.0, 140]","[144.36, 14]","[199.79, 70]","[469.25, 65]",182.89,289,33.79,0.07
07:47:08,"[166.0, 85]","[147.0, 10]","[197.3, 50]","[281.5, 40]",181.65,185,31.3,0.03
07:47:09,"[166.38, 24]","[164.81, 48]","[197.0, 60]","[278.43, 51]",181.69,183,30.62,-0.21
07:47:10,"[168.27, 30]","[161.95, 43]","[196.2, 50]","[316.0, 50]",182.23,173,27.93,-0.16
07:47:11,"[172.0, 10]","[169.18, 44]","[194.7, 50]","[316.0, 50]",183.35,154,22.7,-0.3
07:47:12,"[170.96, 27]","[169.14, 64]","[208.72, 39]","[294.42, 60]",189.84,190,37.75,-0.04
07:47:13,"[170.0, 30]","[169.0, 25]","[175.0, 10]","[277.0, 25]",172.5,90,5.0,0.22
07:47:14,"[170.0, 48]","[169.0, 40]","[174.55, 11]","[259.6, 25]",172.27,124,4.55,0.42
07:47:15,"[170.0, 57]","[169.0, 60]","[172.13, 15]","[174.45, 20]",171.07,152,2.13,0.54
07:47:16,"[169.17, 42]","[167.3, 132]","[347.21, 39]","[533.56, 27]",258.19,240,178.04,0.45
07:47:17,"[169.0, 40]","[167.01, 168]","[429.44, 16]","[459.5, 40]",299.22,264,260.44,0.58
07:47:18,"[169.16, 31]","[168.29, 17]","[353.0, 19]","[376.91, 23]",261.08,90,183.84,0.07
07:47:19,"[174.0, 12]","[169.0, 60]","[217.11, 28]","[339.39, 44]",195.55,144,43.11,0.0
07:47:20,"[169.07, 54]","[167.64, 56]","[187.07, 15]","[311.67, 75]",178.07,200,17.99,0.1
07:47:21,"[168.0, 10]","[167.0, 250]","[184.58, 12]","[249.0, 50]",176.29,322,16.58,0.61
07:47:22,"[168.0, 13]","[167.0, 325]","[181.23, 13]","[284.0, 28]",174.62,379,13.23,0.78
07:47:23,"[170.39, 126]","[166.9, 194]","[177.75, 16]","[354.33, 57]",174.07,393,7.36,0.63
07:47:24,"[176.0, 82]","[167.0, 230]","[177.0, 10]","[422.74, 34]",176.5,356,1.0,0.75
07:47:25,"[176.0, 56]","[167.0, 184]","[255.71, 34]","[403.71, 14]",215.85,288,79.71,0.67
07:47:26,"[176.0, 56]","[167.0, 184]","[247.0, 40]","[316.38, 21]",211.5,301,71.0,0.59
07:47:27,"[176.0, 49]","[167.0, 161]","[247.0, 35]","[403.91, 11]",211.5,256,71.0,0.64
07:47:28,"[176.0, 77]","[167.0, 189]","[350.65, 23]","[576.2, 25]",263.33,314,174.65,0.69
07:47:29,"[176.0, 71]","[167.57, 56]","[329.95, 19]","[543.8, 20]",252.97,166,153.95,0.53
07:47:30,"[176.0, 40]","[171.0, 9]","[352.33, 9]","[510.33, 18]",264.17,76,176.33,0.29
07:47:31,"[176.0, 28]","[171.0, 7]","[341.0, 7]","[653.0, 14]",258.5,56,165.0,0.25
07:47:32,"[171.0, 6]","[170.0, 36]","[362.62, 8]","[616.1, 10]",266.81,60,191.62,0.4
07:47:33,"[170.0, 27]","[168.0, 27]","[341.62, 16]","[492.82, 11]",255.81,81,171.62,0.33
07:47:34,"[170.0, 21]","[168.0, 21]","[252.7, 10]","[353.88, 16]",211.35,68,82.7,0.24
07:47:35,"[169.39, 23]","[167.4, 53]","[307.11, 36]","[418.86, 14]",238.25,126,137.72,0.21
07:47:36,"[169.85, 27]","[168.23, 35]","[305.46, 52]","[434.36, 22]",237.66,136,135.61,-0.09
07:47:37,"[170.4, 30]","[168.87, 46]","[303.2, 40]","[454.0, 10]",236.8,126,132.8,0.21
07:47:38,"[172.68, 25]","[169.56, 34]","[280.08, 26]","[327.33, 24]",226.38,109,107.4,0.08
07:47:39,"[174.0, 40]","[173.0, 20]","[222.1, 30]","[278.66, 35]",198.05,125,48.1,-0.04
07:47:40,"[174.0, 36]","[173.0, 18]","[204.22, 36]","[206.0, 27]",189.11,117,30.22,-0.08
07:47:41,"[174.0, 56]","[173.0, 28]","[201.53, 32]","[203.0, 50]",187.77,166,27.53,0.01
07:47:42,"[173.67, 24]","[171.0, 16]","[199.5, 12]","[200.62, 26]",186.58,78,25.83,0.03
07:47:43,"[175.62, 32]","[172.43, 28]","[196.17, 41]","[197.32, 31]",185.9,132,20.55,-0.09
07:47:44,"[176.0, 9]","[173.0, 18]","[190.28, 25]","[191.79, 14]",183.14,66,14.28,-0.18
07:47:45,"[173.9, 10]","[170.2, 20]","[187.24, 38]","[188.23, 26]",180.57,94,13.34,-0.36
07:47:46,"[173.0, 7]","[169.0, 14]","[185.09, 22]","[186.96, 23]",179.05,66,12.09,-0.36
07:47:47,"[171.15, 13]","[168.61, 23]","[182.67, 30]","[183.71, 28]",176.91,94,11.51,-0.23
07:47:48,"[169.2, 25]","[168.25, 40]","[180.96, 25]","[181.8, 50]",175.08,140,11.76,-0.07
07:47:49,"[170.0, 11]","[169.0, 22]","[178.71, 31]","[179.76, 29]",174.35,93,8.71,-0.29
07:47:50,"[166.31, 71]","[164.65, 20]","[177.46, 39]","[179.0, 52]",171.89,182,11.15,0.0
07:47:51,"[166.0, 110]","[129.09, 11]","[175.49, 39]","[177.58, 38]",170.74,198,9.49,0.22
07:47:52,"[166.04, 102]","[150.78, 27]","[171.06, 33]","[172.09, 35]",168.55,197,5.02,0.31
07:47:53,"[166.0, 69]","[143.53, 15]","[185.93, 44]","[197.12, 50]",175.97,178,19.93,-0.06
07:47:54,"[170.79, 47]","[165.05, 37]","[199.91, 44]","[205.17, 46]",185.35,174,29.12,-0.03
07:47:55,"[176.0, 36]","[171.0, 54]","[198.11, 36]","[269.0, 18]",187.06,144,22.11,0.25
07:47:56,"[176.0, 24]","[171.0, 36]","[196.83, 24]","[413.0, 30]",186.42,114,20.83,0.05
07:47:57,"[176.0, 52]","[171.0, 78]","[193.79, 43]","[255.19, 54]",184.9,227,17.79,0.15
07:47:58,"[176.0, 40]","[171.0, 60]","[190.08, 37]","[191.61, 33]",183.04,170,14.08,0.18
07:47:59,"[176.0, 72]","[172.56, 128]","[187.07, 55]","[188.38, 71]",181.54,326,11.07,0.23
07:48:00,"[176.0, 48]","[175.0, 120]","[184.15, 39]","[185.64, 42]",180.08,249,8.15,0.35
07:48:01,"[176.0, 20]","[175.0, 50]","[179.88, 17]","[181.33, 18]",177.94,105,3.88,0.33
07:48:02,"[176.0, 49]","[174.43, 70]","[177.69, 52]","[179.26, 43]",176.85,214,1.69,0.11
07:48:03,"[172.47, 75]","[171.36, 83]","[175.11, 63]","[289.8, 74]",173.79,295,2.64,0.07
07:48:04,"[171.0, 40]","[169.0, 20]","[174.59, 34]","[348.73, 33]",172.79,127,3.59,-0.06
07:48:05,"[171.0, 24]","[169.0, 24]","[172.08, 48]","[312.0, 36]",171.54,132,1.08,-0.27
07:48:06,"[170.2, 10]","[168.2, 10]","[172.0, 28]","[297.27, 22]",171.1,70,1.8,-0.43
07:48:07,"[169.0, 6]","[167.0, 6]","[252.0, 30]","[484.0, 24]",210.5,66,83.0,-0.64
07:48:08,"[169.0, 7]","[167.0, 7]","[252.0, 35]","[506.17, 23]",210.5,72,83.0,-0.61
07:48:09,"[169.0, 12]","[168.0, 12]","[440.35, 46]","[527.76, 41]",304.67,111,271.35,-0.57
07:48:10,"[169.0, 10]","[168.0, 10]","[429.66, 44]","[491.21, 24]",299.33,88,260.66,-0.55
07:48:11,"[169.0, 12]","[168.0, 12]","[174.58, 52]","[178.55, 44]",171.79,120,5.58,-0.6
07:48:12,"[168.91, 11]","[167.91, 11]","[171.72, 29]","[172.38, 26]",170.32,77,2.82,-0.43
07:48:13,"[167.37, 19]","[165.32, 19]","[170.0, 11]","[171.0, 44]",168.68,93,2.63,-0.18
07:48:14,"[166.0, 64]","[163.0, 65]","[168.62, 16]","[171.37, 49]",167.31,194,2.62,0.33
07:48:15,"[166.05, 38]","[163.45, 53]","[169.38, 29]","[171.37, 27]",167.72,147,3.33,0.24
07:48:16,"[166.0, 38]","[161.4, 75]","[176.96, 23]","[399.08, 39]",171.48,175,10.96,0.29
07:48:17,"[166.67, 18]","[163.58, 31]","[189.0, 11]","[638.21, 19]",177.83,79,22.33,0.24
07:48:18,"[169.18, 22]","[166.14, 21]","[185.89, 27]","[289.06, 17]",177.54,87,16.71,-0.01
07:48:19,"[171.73, 33]","[170.02, 110]","[185.4, 15]","[363.96, 25]",178.56,183,13.67,0.56
07:48:20,"[172.19, 32]","[171.14, 87]","[234.0, 9]","[258.78, 27]",203.09,155,61.81,0.54
07:48:21,"[172.0, 42]","[167.0, 35]","[240.43, 7]","[326.85, 13]",206.21,97,68.43,0.59
07:48:22,"[172.62, 64]","[167.67, 36]","[242.0, 12]","[251.23, 30]",207.31,142,69.38,0.41
07:48:23,"[164.89, 36]","[147.84, 45]","[222.0, 18]","[433.25, 36]",193.44,135,57.11,0.2
07:48:24,"[176.0, 20]","[162.0, 27]","[184.0, 18]","[411.13, 30]",180.0,95,8.0,-0.01
07:48:25,"[176.0, 18]","[162.0, 27]","[242.82, 22]","[305.88, 32]",209.41,99,66.82,-0.09
07:48:26,"[176.0, 14]","[174.0, 35]","[286.8, 20]","[381.09, 22]",231.4,91,110.8,0.08
07:48:27,"[176.0, 16]","[174.0, 60]","[283.0, 24]","[453.4, 40]",229.5,140,107.0,0.09
07:48:28,"[176.0, 12]","[174.0, 60]","[408.41, 34]","[527.25, 48]",292.21,154,232.41,-0.06
07:48:29,"[176.0, 11]","[174.0, 55]","[392.33, 24]","[457.93, 30]",284.17,120,216.33,0.1
07:48:30,"[176.0, 13]","[174.0, 65]","[266.25, 32]","[303.17, 36]",221.12,146,90.25,0.07
07:48:31,"[176.0, 7]","[174.0, 35]","[296.57, 23]","[307.4, 20]",236.28,85,120.57,-0.01
07:48:32,"[176.0, 14]","[174.0, 70]","[201.77, 26]","[277.68, 28]",188.88,138,25.77,0.22
07:48:33,"[176.0, 10]","[174.0, 50]","[258.32, 19]","[332.09, 33]",217.16,112,82.32,0.07
07:48:34,"[176.0, 12]","[174.0, 60]","[291.65, 23]","[293.69, 13]",233.83,108,115.65,0.33
07:48:35,"[176.0, 11]","[174.0, 55]","[275.5, 16]","[277.24, 17]",225.75,99,99.5,0.33
07:48:36,"[168.52, 31]","[168.22, 36]","[272.91, 11]","[274.0, 22]",220.71,100,104.39,0.34
07:48:37,"[167.23, 26]","[166.09, 53]","[270.38, 16]","[271.13, 23]",218.8,118,103.14,0.34
07:48:38,"[167.17, 12]","[166.17, 24]","[269.27, 11]","[270.6, 10]",218.22,57,102.11,0.26
07:48:39,"[158.44, 18]","[115.62, 16]","[256.65, 20]","[249.25, 24]",207.55,78,98.21,-0.13
07:48:40,"[111.16, 19]","[78.64, 25]","[205.42, 12]","[236.61, 36]",158.29,92,94.26,-0.04
07:48:41,"[102.35, 17]","[54.45, 20]","[161.33, 15]","[238.32, 25]",131.84,77,58.98,-0.04
07:48:42,"[149.62, 24]","[106.94, 16]","[237.53, 38]","[327.7, 33]",193.58,111,87.9,-0.28
07:48:43,"[168.31, 13]","[163.44, 16]","[284.0, 40]","[374.33, 36]",226.15,105,115.69,-0.45
07:48:44,"[166.83, 12]","[140.8, 20]","[277.94, 35]","[279.42, 38]",222.39,105,111.11,-0.39
07:48:45,"[169.85, 27]","[159.0, 14]","[240.7, 47]","[274.36, 42]",205.28,130,70.85,-0.37
07:48:46,"[170.0, 26]","[166.93, 69]","[263.11, 38]","[272.64, 33]",216.55,166,93.11,0.14
