Time,Bid1,Bid2,Ask1,Ask2,Mid-Price,Total_volume,Bid_ask_spread,Order_imbalance
07:30:00,"[0, 0]","[0, 0]","[0, 0]","[0, 0]",0.0,0,0.0,0.0
07:30:01,"[0, 0]","[0, 0]","[575.5, 2]","[0, 0]",287.75,2,575.5,-1.0
07:30:03,"[1.0, 5]","[0, 0]","[278.0, 2]","[727.0, 2]",139.5,9,277.0,0.11
07:30:04,"[69.65, 17]","[1.0, 20]","[278.0, 5]","[459.57, 7]",173.82,49,208.35,0.51
07:30:05,"[171.33, 18]","[93.19, 16]","[278.0, 6]","[280.0, 18]",224.67,58,106.67,0.17
07:30:06,"[228.55, 20]","[228.08, 12]","[279.6, 10]","[280.77, 26]",254.08,68,51.05,-0.06
07:30:07,"[236.72, 25]","[235.23, 39]","[280.0, 9]","[281.0, 45]",258.36,118,43.28,0.08
07:30:08,"[244.75, 52]","[243.87, 68]","[280.0, 12]","[281.0, 60]",262.38,192,35.25,0.25
07:30:09,"[253.57, 49]","[250.81, 43]","[280.0, 10]","[281.0, 50]",266.79,152,26.43,0.21
07:30:10,"[260.29, 35]","[259.39, 41]","[280.0, 33]","[281.0, 45]",270.14,154,19.71,-0.01
07:30:11,"[264.81, 32]","[264.81, 16]","[280.0, 18]","[281.0, 60]",272.41,126,15.19,-0.24
07:30:12,"[269.05, 20]","[268.65, 20]","[280.0, 8]","[281.0, 40]",274.52,88,10.95,-0.09
07:30:13,"[270.71, 7]","[269.09, 11]","[280.0, 3]","[281.0, 15]",275.36,36,9.29,0.0
07:30:14,"[275.04, 28]","[274.66, 32]","[280.0, 10]","[281.0, 50]",277.52,120,4.96,0.0
07:30:15,"[279.53, 15]","[278.15, 27]","[280.94, 47]","[281.62, 39]",280.23,128,1.4,-0.34
07:30:16,"[279.0, 9]","[273.0, 27]","[281.0, 9]","[282.0, 18]",280.0,63,2.0,0.14
07:30:17,"[280.38, 29]","[277.09, 23]","[282.7, 40]","[283.88, 25]",281.54,117,2.32,-0.11
07:30:18,"[279.25, 12]","[270.54, 24]","[283.46, 13]","[330.77, 31]",281.36,80,4.21,-0.1
07:30:19,"[272.0, 9]","[270.53, 15]","[284.0, 18]","[342.0, 90]",278.0,132,12.0,-0.64
07:30:20,"[274.29, 17]","[271.0, 17]","[300.79, 66]","[339.15, 130]",287.54,230,26.49,-0.7
07:30:21,"[279.17, 60]","[276.78, 46]","[309.35, 54]","[324.27, 75]",294.26,235,30.19,-0.1
07:30:22,"[283.07, 90]","[280.54, 37]","[322.08, 65]","[329.15, 65]",302.57,257,39.01,-0.01
07:30:23,"[284.14, 14]","[282.0, 140]","[298.11, 18]","[312.1, 50]",291.13,222,13.97,0.39
07:30:24,"[285.66, 73]","[283.34, 83]","[292.0, 14]","[306.57, 70]",288.83,240,6.34,0.3
07:30:25,"[288.21, 57]","[288.48, 62]","[292.0, 17]","[296.12, 85]",290.11,221,3.79,0.08
07:30:26,"[289.2, 46]","[284.62, 64]","[292.0, 13]","[306.0, 65]",290.6,188,2.8,0.17
07:30:27,"[289.0, 49]","[280.47, 34]","[290.43, 51]","[299.07, 15]",289.72,149,1.43,0.11
07:30:28,"[290.4, 15]","[287.18, 22]","[300.0, 11]","[306.0, 55]",295.2,103,9.6,-0.28
07:30:29,"[292.0, 13]","[289.04, 25]","[300.0, 13]","[303.92, 65]",296.0,116,8.0,-0.34
07:30:30,"[292.0, 8]","[290.0, 8]","[300.0, 8]","[303.0, 40]",296.0,64,8.0,-0.5
07:30:31,"[287.91, 22]","[284.32, 19]","[300.0, 10]","[303.0, 50]",293.95,101,12.09,-0.19
07:30:32,"[286.0, 45]","[281.0, 36]","[301.79, 29]","[308.45, 29]",293.9,139,15.79,0.17
07:30:33,"[286.0, 40]","[281.0, 32]","[303.0, 48]","[311.0, 40]",294.5,160,17.0,-0.1
07:30:34,"[287.3, 43]","[284.72, 47]","[303.0, 60]","[309.72, 47]",295.15,197,15.7,-0.09
07:30:35,"[288.0, 36]","[286.0, 45]","[303.0, 54]","[306.0, 36]",295.5,171,15.0,-0.05
07:30:36,"[288.0, 26]","[286.0, 40]","[303.0, 48]","[309.12, 34]",295.5,148,15.0,-0.11
07:30:37,"[288.0, 54]","[286.0, 90]","[302.29, 68]","[305.42, 86]",295.15,298,14.29,-0.03
07:30:38,"[288.0, 30]","[286.0, 50]","[300.0, 20]","[302.0, 40]",294.0,140,12.0,0.14
07:30:39,"[288.0, 29]","[286.0, 70]","[299.45, 29]","[301.89, 54]",293.72,182,11.45,0.09
07:30:40,"[288.45, 40]","[286.36, 67]","[296.63, 51]","[298.39, 41]",292.54,199,8.18,0.08
07:30:41,"[288.47, 38]","[286.89, 45]","[295.0, 40]","[296.38, 26]",291.74,149,6.53,0.11
07:30:42,"[288.23, 26]","[286.98, 49]","[293.16, 38]","[294.43, 28]",290.69,141,4.93,0.06
07:30:43,"[288.4, 25]","[285.91, 85]","[291.67, 66]","[294.49, 37]",290.03,213,3.27,0.03
07:30:44,"[287.44, 18]","[285.83, 71]","[289.73, 30]","[291.71, 42]",288.59,161,2.29,0.11
07:30:45,"[284.39, 88]","[279.99, 175]","[288.0, 32]","[289.61, 33]",286.19,328,3.61,0.6
07:30:46,"[284.0, 60]","[279.0, 130]","[287.0, 20]","[288.0, 20]",285.5,230,3.0,0.65
07:30:47,"[284.0, 30]","[279.0, 53]","[287.0, 10]","[288.0, 10]",285.5,103,3.0,0.61
07:30:48,"[280.19, 67]","[278.64, 42]","[287.0, 16]","[288.0, 16]",283.6,141,6.81,0.55
07:30:49,"[279.0, 120]","[278.0, 30]","[284.36, 22]","[285.22, 36]",281.68,208,5.36,0.44
07:30:50,"[279.0, 120]","[278.0, 30]","[284.1, 20]","[285.43, 28]",281.55,198,5.1,0.52
07:30:51,"[279.0, 144]","[278.0, 36]","[282.8, 35]","[284.42, 24]",280.9,239,3.8,0.51
07:30:52,"[279.0, 156]","[278.0, 39]","[281.0, 26]","[282.0, 65]",280.0,286,2.0,0.36
07:30:53,"[279.0, 84]","[278.0, 21]","[280.17, 24]","[281.79, 19]",279.58,148,1.17,0.42
07:30:54,"[279.23, 62]","[278.87, 90]","[282.27, 26]","[286.23, 22]",280.75,200,3.04,0.52
07:30:55,"[280.73, 30]","[278.0, 189]","[293.0, 60]","[294.0, 103]",286.87,382,12.27,0.15
07:30:56,"[284.54, 26]","[278.34, 70]","[293.0, 48]","[294.0, 84]",288.77,228,8.46,-0.16
07:30:57,"[290.0, 36]","[284.0, 24]","[293.0, 48]","[294.0, 84]",291.5,192,3.0,-0.38
07:30:58,"[286.11, 18]","[281.39, 23]","[293.0, 36]","[294.0, 63]",289.56,140,6.89,-0.41
07:30:59,"[285.6, 15]","[283.75, 24]","[293.0, 44]","[294.0, 67]",289.3,150,7.4,-0.48
07:31:00,"[286.0, 13]","[285.0, 26]","[292.71, 28]","[293.24, 42]",289.36,109,6.71,-0.28
07:31:01,"[288.33, 18]","[285.0, 36]","[291.0, 18]","[293.0, 72]",289.67,144,2.67,-0.25
07:31:02,"[286.29, 68]","[285.21, 33]","[293.23, 26]","[294.14, 56]",289.76,183,6.94,0.1
07:31:03,"[285.4, 47]","[278.68, 62]","[291.52, 31]","[293.49, 35]",288.46,175,6.11,0.25
07:31:04,"[286.0, 92]","[285.0, 38]","[288.24, 41]","[291.42, 38]",287.12,209,2.24,0.24
07:31:05,"[285.21, 38]","[277.87, 31]","[286.29, 51]","[296.69, 61]",285.75,181,1.08,-0.24
07:31:06,"[283.71, 28]","[275.94, 51]","[293.7, 50]","[297.64, 44]",288.71,173,9.99,-0.09
07:31:07,"[294.1, 84]","[276.36, 22]","[297.0, 17]","[299.0, 102]",295.55,225,2.9,-0.06
07:31:08,"[295.0, 35]","[291.22, 18]","[297.0, 10]","[299.0, 60]",296.0,123,2.0,-0.14
07:31:09,"[295.0, 16]","[293.0, 16]","[297.0, 8]","[299.0, 48]",296.0,88,2.0,-0.27
07:31:10,"[295.0, 20]","[293.0, 20]","[297.0, 10]","[299.0, 57]",296.0,107,2.0,-0.25
07:31:11,"[295.0, 18]","[293.0, 18]","[297.0, 9]","[299.0, 63]",296.0,108,2.0,-0.33
07:31:12,"[295.0, 10]","[293.0, 10]","[297.0, 5]","[299.0, 35]",296.0,60,2.0,-0.33
07:31:13,"[291.0, 30]","[285.0, 12]","[297.0, 9]","[299.0, 63]",294.0,114,6.0,-0.26
07:31:14,"[290.0, 40]","[281.95, 20]","[297.0, 10]","[299.0, 70]",293.5,140,7.0,-0.14
07:31:15,"[290.0, 40]","[285.91, 100]","[296.08, 26]","[297.81, 37]",293.04,203,6.08,0.38
07:31:16,"[290.0, 28]","[280.0, 8]","[296.0, 21]","[297.0, 28]",293.0,85,6.0,-0.15
07:31:17,"[290.0, 40]","[289.0, 20]","[296.0, 30]","[297.0, 40]",293.0,130,6.0,-0.08
07:31:18,"[290.0, 26]","[289.0, 20]","[295.0, 30]","[297.1, 40]",292.5,116,5.0,-0.21
07:31:19,"[290.0, 24]","[289.0, 24]","[293.06, 32]","[294.97, 34]",291.53,114,3.06,-0.16
07:31:20,"[289.18, 22]","[284.2, 100]","[290.52, 23]","[296.0, 39]",289.85,184,1.34,0.33
07:31:21,"[283.84, 49]","[280.46, 59]","[289.4, 15]","[298.81, 81]",286.62,204,5.56,0.06
07:31:22,"[278.27, 22]","[276.5, 20]","[289.0, 12]","[299.0, 36]",283.64,90,10.73,-0.07
07:31:23,"[279.0, 28]","[276.11, 74]","[283.85, 26]","[296.78, 32]",281.42,160,4.85,0.28
07:31:24,"[279.0, 20]","[275.9, 86]","[283.29, 14]","[296.0, 34]",281.14,154,4.29,0.38
07:31:25,"[279.13, 30]","[275.0, 45]","[286.4, 15]","[296.48, 33]",282.77,123,7.27,0.22
07:31:26,"[281.74, 38]","[275.0, 57]","[284.1, 42]","[290.97, 31]",282.92,168,2.36,0.13
07:31:27,"[277.84, 32]","[274.16, 25]","[280.75, 55]","[289.19, 16]",279.29,128,2.9,-0.11
07:31:28,"[275.06, 32]","[273.12, 16]","[277.0, 63]","[283.58, 19]",276.03,130,1.94,-0.26
07:31:29,"[273.8, 10]","[270.8, 46]","[281.67, 12]","[286.87, 15]",277.73,83,7.87,0.35
07:31:30,"[272.2, 5]","[271.02, 45]","[292.0, 23]","[293.0, 15]",282.1,88,19.8,0.14
07:31:31,"[273.92, 48]","[272.5, 8]","[284.17, 30]","[291.54, 26]",279.04,112,10.25,0.0
07:31:32,"[277.39, 62]","[274.61, 74]","[291.86, 42]","[294.08, 26]",284.62,204,14.47,0.33
07:31:33,"[291.0, 21]","[290.0, 7]","[294.0, 21]","[295.0, 7]",292.5,56,3.0,0.0
07:31:34,"[291.0, 33]","[290.0, 11]","[293.0, 11]","[294.82, 33]",292.0,88,2.0,0.0
07:31:35,"[291.0, 33]","[290.0, 11]","[293.0, 11]","[295.0, 33]",292.0,88,2.0,0.0
07:31:36,"[283.73, 33]","[284.0, 9]","[292.6, 10]","[294.67, 24]",288.16,76,8.87,0.11
07:31:37,"[275.0, 30]","[272.0, 6]","[284.0, 12]","[290.17, 6]",279.5,54,9.0,0.33
07:31:38,"[278.38, 118]","[274.67, 121]","[284.0, 28]","[290.0, 14]",281.19,281,5.62,0.7
07:31:39,"[275.0, 55]","[273.0, 25]","[284.0, 10]","[285.0, 10]",279.5,100,9.0,0.6
07:31:40,"[275.59, 44]","[274.85, 131]","[284.0, 26]","[285.0, 26]",279.8,227,8.41,0.54
07:31:41,"[278.0, 28]","[274.33, 87]","[284.0, 28]","[285.0, 28]",281.0,171,6.0,0.35
07:31:42,"[279.13, 31]","[273.14, 69]","[284.0, 32]","[285.0, 32]",281.56,164,4.87,0.22
07:31:43,"[282.0, 16]","[280.26, 19]","[284.07, 28]","[285.45, 33]",283.04,96,2.07,-0.27
07:31:44,"[280.0, 20]","[269.74, 94]","[285.0, 20]","[288.0, 50]",282.5,184,5.0,0.24
07:31:45,"[270.04, 94]","[268.88, 102]","[283.18, 33]","[287.45, 55]",276.61,284,13.14,0.38
07:31:46,"[270.0, 20]","[269.0, 113]","[281.0, 22]","[285.0, 20]",275.5,175,11.0,0.52
07:31:47,"[270.0, 14]","[269.0, 84]","[281.0, 14]","[284.06, 32]",275.5,144,11.0,0.36
07:31:48,"[270.0, 22]","[269.0, 110]","[279.8, 30]","[282.45, 31]",274.9,193,9.8,0.37
07:31:49,"[270.0, 32]","[269.0, 29]","[278.0, 48]","[281.0, 56]",274.0,165,8.0,-0.26
07:31:50,"[270.0, 20]","[269.0, 20]","[277.0, 30]","[281.0, 60]",273.5,130,7.0,-0.38
07:31:51,"[270.0, 18]","[269.0, 18]","[278.2, 30]","[280.95, 80]",274.1,146,8.2,-0.51
07:31:52,"[270.0, 16]","[269.0, 16]","[280.0, 32]","[281.0, 56]",275.0,120,10.0,-0.47
07:31:53,"[270.0, 16]","[269.0, 16]","[280.0, 32]","[281.0, 56]",275.0,120,10.0,-0.47
07:31:54,"[277.2, 60]","[269.78, 18]","[280.0, 33]","[281.0, 70]",278.6,181,2.8,-0.14
07:31:55,"[270.0, 12]","[269.0, 12]","[280.96, 78]","[281.9, 73]",275.48,175,10.96,-0.73
07:31:56,"[270.0, 5]","[269.0, 5]","[281.0, 25]","[282.0, 30]",275.5,65,11.0,-0.69
07:31:57,"[270.0, 8]","[269.0, 8]","[281.0, 60]","[282.0, 48]",275.5,124,11.0,-0.74
07:31:58,"[270.0, 10]","[269.0, 10]","[281.11, 56]","[282.25, 64]",275.55,140,11.11,-0.71
07:31:59,"[270.0, 6]","[269.0, 6]","[282.0, 18]","[283.0, 48]",276.0,78,12.0,-0.69
07:32:00,"[270.84, 25]","[268.92, 12]","[278.0, 22]","[282.0, 33]",274.42,92,7.16,-0.2
07:32:01,"[273.15, 39]","[271.06, 17]","[280.46, 26]","[282.86, 74]",276.81,156,7.31,-0.28
07:32:02,"[275.0, 42]","[267.95, 133]","[282.58, 48]","[283.09, 88]",278.79,311,7.58,0.13
07:32:03,"[273.0, 27]","[267.0, 144]","[282.91, 45]","[283.8, 20]",277.96,236,9.91,0.45
07:32:04,"[274.33, 36]","[267.03, 132]","[281.71, 51]","[282.75, 48]",278.02,267,7.37,0.26
07:32:05,"[275.57, 49]","[272.42, 19]","[280.32, 47]","[281.23, 52]",277.95,167,4.75,-0.19
07:32:06,"[276.83, 96]","[274.14, 36]","[280.0, 56]","[281.0, 70]",278.42,258,3.17,0.02
07:32:07,"[278.92, 99]","[277.79, 66]","[280.0, 60]","[281.0, 80]",279.46,305,1.08,0.08
07:32:08,"[278.67, 73]","[275.6, 40]","[280.52, 58]","[281.46, 65]",279.59,236,1.85,-0.04
07:32:09,"[278.33, 24]","[270.0, 12]","[281.0, 30]","[282.0, 30]",279.67,96,2.67,-0.25
07:32:10,"[272.12, 69]","[267.81, 96]","[281.42, 36]","[282.23, 39]",276.77,240,9.3,0.38
07:32:11,"[269.32, 121]","[267.43, 74]","[283.0, 33]","[284.0, 22]",276.16,250,13.68,0.56
07:32:12,"[269.26, 148]","[267.84, 235]","[281.47, 38]","[283.17, 47]",275.37,468,12.21,0.64
07:32:13,"[271.87, 118]","[268.7, 232]","[279.25, 32]","[283.0, 48]",275.56,430,7.38,0.63
07:32:14,"[275.38, 122]","[273.75, 178]","[279.0, 36]","[282.71, 48]",277.19,384,3.62,0.56
07:32:15,"[278.41, 154]","[277.7, 166]","[281.0, 32]","[283.0, 48]",279.7,400,2.59,0.6
07:32:16,"[280.48, 120]","[278.7, 120]","[283.84, 74]","[400.86, 56]",282.16,370,3.36,0.3
07:32:17,"[281.3, 93]","[280.75, 139]","[284.0, 91]","[567.94, 47]",282.65,370,2.7,0.25
07:32:18,"[282.66, 97]","[278.88, 129]","[310.05, 86]","[570.3, 54]",296.35,366,27.39,0.23
07:32:19,"[285.26, 57]","[283.41, 51]","[361.0, 24]","[393.0, 70]",323.13,202,75.74,0.07
07:32:20,"[291.09, 127]","[287.26, 62]","[392.81, 31]","[415.27, 55]",341.95,275,101.71,0.37
07:32:21,"[293.0, 136]","[291.0, 16]","[389.58, 12]","[392.94, 36]",341.29,200,96.58,0.52
07:32:22,"[293.0, 153]","[291.0, 25]","[387.0, 45]","[391.0, 9]",340.0,232,94.0,0.53
07:32:23,"[293.0, 187]","[291.0, 33]","[388.89, 19]","[408.71, 28]",340.95,267,95.89,0.65
07:32:24,"[293.0, 170]","[291.0, 30]","[319.12, 16]","[335.0, 34]",306.06,250,26.12,0.6
07:32:25,"[293.0, 119]","[291.0, 21]","[306.0, 7]","[310.0, 28]",299.5,175,13.0,0.6
07:32:26,"[293.0, 170]","[291.0, 30]","[305.4, 10]","[310.0, 40]",299.2,250,12.4,0.6
07:32:27,"[293.0, 185]","[291.0, 39]","[304.0, 13]","[378.33, 42]",298.5,279,11.0,0.61
07:32:28,"[293.0, 51]","[291.0, 21]","[303.43, 7]","[560.29, 17]",298.21,96,10.43,0.5
07:32:29,"[293.0, 56]","[291.0, 24]","[301.38, 8]","[498.91, 23]",297.19,111,8.38,0.44
07:32:30,"[293.0, 66]","[291.0, 30]","[300.3, 10]","[445.36, 22]",296.65,128,7.3,0.5
07:32:31,"[293.0, 18]","[291.0, 18]","[299.67, 6]","[386.0, 12]",296.33,54,6.67,0.33
07:32:32,"[293.0, 27]","[291.0, 27]","[446.88, 16]","[574.57, 21]",369.94,91,153.88,0.19
07:32:33,"[292.71, 21]","[290.8, 20]","[460.0, 14]","[575.29, 21]",376.36,76,167.29,0.08
07:32:34,"[291.0, 24]","[289.0, 16]","[460.0, 16]","[738.5, 24]",375.5,80,169.0,0.0
07:32:35,"[291.0, 12]","[289.0, 8]","[597.0, 8]","[751.0, 12]",444.0,40,306.0,0.0
07:32:36,"[288.0, 24]","[283.0, 16]","[734.0, 8]","[751.0, 12]",511.0,60,446.0,0.33
07:32:37,"[288.0, 60]","[283.0, 48]","[377.11, 53]","[502.91, 34]",332.56,195,89.11,0.11
07:32:38,"[288.31, 39]","[286.83, 53]","[362.39, 51]","[388.08, 65]",325.35,208,74.08,-0.12
07:32:39,"[288.0, 7]","[286.0, 12]","[360.0, 20]","[362.0, 20]",324.0,59,72.0,-0.36
07:32:40,"[289.31, 126]","[288.72, 64]","[336.8, 54]","[346.98, 53]",313.05,297,47.49,0.28
07:32:41,"[289.27, 74]","[288.79, 33]","[308.0, 34]","[308.9, 30]",298.64,171,18.73,0.25
07:32:42,"[289.0, 76]","[288.0, 10]","[304.17, 35]","[305.26, 27]",296.59,148,15.17,0.16
07:32:43,"[289.02, 93]","[288.52, 27]","[300.7, 66]","[301.67, 46]",294.86,232,11.68,0.03
07:32:44,"[289.45, 22]","[288.96, 73]","[295.92, 50]","[296.45, 49]",292.69,194,6.47,-0.02
07:32:45,"[288.88, 32]","[286.2, 71]","[291.44, 43]","[292.55, 29]",290.16,175,2.57,0.18
07:32:46,"[286.02, 113]","[285.53, 30]","[289.0, 40]","[290.95, 22]",287.51,205,2.98,0.4
07:32:47,"[286.0, 128]","[285.0, 20]","[287.27, 48]","[370.0, 32]",286.64,228,1.27,0.3
07:32:48,"[286.0, 48]","[285.0, 16]","[433.0, 24]","[499.0, 35]",359.5,123,147.0,0.04
07:32:49,"[286.0, 78]","[285.0, 26]","[332.68, 63]","[462.78, 41]",309.34,208,46.68,0.0
07:32:50,"[286.0, 42]","[285.0, 14]","[316.29, 35]","[361.11, 27]",301.14,118,30.29,-0.05
07:32:51,"[286.0, 66]","[284.32, 37]","[316.0, 55]","[434.55, 51]",301.0,209,30.0,-0.01
07:32:52,"[286.0, 60]","[285.0, 40]","[313.5, 50]","[494.6, 47]",299.75,197,27.5,0.02
07:32:53,"[290.94, 170]","[285.75, 80]","[301.88, 74]","[343.01, 71]",296.41,395,10.94,0.27
07:32:54,"[292.0, 88]","[286.92, 72]","[298.62, 40]","[300.0, 40]",295.31,240,6.62,0.33
07:32:55,"[292.0, 115]","[288.06, 119]","[295.4, 57]","[296.54, 65]",293.7,356,3.4,0.31
07:32:56,"[292.0, 45]","[290.0, 63]","[293.43, 35]","[294.68, 37]",292.71,180,1.43,0.2
07:32:57,"[290.69, 72]","[287.94, 112]","[293.46, 46]","[296.1, 50]",292.08,280,2.76,0.31
07:32:58,"[288.43, 42]","[286.92, 72]","[293.03, 31]","[294.9, 29]",290.73,174,4.6,0.31
07:32:59,"[287.09, 109]","[286.67, 82]","[289.66, 56]","[290.58, 65]",288.38,312,2.57,0.22
07:33:00,"[286.97, 113]","[285.05, 37]","[288.89, 37]","[289.82, 67]",287.93,254,1.92,0.18
07:33:01,"[286.96, 56]","[285.47, 19]","[288.0, 33]","[290.0, 55]",287.48,163,1.04,-0.08
07:33:02,"[285.94, 47]","[284.31, 35]","[288.0, 37]","[393.51, 51]",286.97,170,2.06,-0.04
07:33:03,"[284.04, 47]","[283.36, 14]","[306.6, 20]","[398.0, 24]",295.32,105,22.56,0.16
07:33:04,"[286.57, 46]","[284.32, 37]","[367.33, 24]","[508.75, 32]",326.95,139,80.77,0.19
07:33:05,"[290.96, 27]","[289.05, 19]","[301.36, 28]","[330.57, 28]",296.16,102,10.39,-0.1
07:33:06,"[294.0, 18]","[291.0, 18]","[300.33, 18]","[434.0, 18]",297.17,72,6.33,0.0
07:33:07,"[294.0, 16]","[288.0, 8]","[298.0, 16]","[581.29, 24]",296.0,64,4.0,-0.25
07:33:08,"[294.0, 22]","[291.0, 11]","[296.73, 22]","[472.64, 44]",295.36,99,2.73,-0.33
07:33:09,"[291.83, 29]","[290.0, 17]","[305.89, 36]","[467.03, 66]",298.86,148,14.06,-0.38
07:33:10,"[289.67, 18]","[285.86, 28]","[487.71, 49]","[529.42, 45]",388.69,140,198.05,-0.34
07:33:11,"[283.7, 10]","[280.86, 14]","[420.69, 16]","[473.9, 20]",352.19,60,136.99,-0.2
07:33:12,"[280.0, 13]","[279.0, 13]","[291.42, 24]","[343.54, 24]",285.71,74,11.42,-0.3
07:33:13,"[280.0, 9]","[279.0, 9]","[282.0, 36]","[284.0, 9]",281.0,63,2.0,-0.43
07:33:14,"[280.0, 7]","[279.0, 7]","[282.0, 28]","[284.0, 7]",281.0,49,2.0,-0.43
07:33:15,"[280.5, 8]","[279.33, 6]","[282.0, 24]","[284.0, 6]",281.25,44,1.5,-0.36
07:33:16,"[280.67, 9]","[279.2, 5]","[282.0, 20]","[284.0, 5]",281.33,39,1.33,-0.28
07:33:17,"[280.67, 36]","[276.0, 16]","[281.61, 62]","[282.57, 51]",281.14,165,0.95,-0.37
07:33:18,"[271.67, 12]","[249.0, 23]","[280.17, 47]","[281.67, 48]",275.92,130,8.5,-0.46
07:33:19,"[271.0, 12]","[248.0, 24]","[279.9, 42]","[281.5, 48]",275.45,126,8.9,-0.43
07:33:20,"[271.0, 9]","[248.0, 18]","[279.74, 23]","[281.3, 23]",275.37,73,8.74,-0.26
07:33:21,"[271.0, 12]","[239.5, 24]","[280.0, 36]","[282.71, 56]",275.5,128,9.0,-0.44
07:33:22,"[275.25, 36]","[252.47, 17]","[280.0, 24]","[281.0, 16]",277.62,93,4.75,0.14
07:33:23,"[276.0, 81]","[274.0, 27]","[280.0, 28]","[281.0, 18]",278.0,154,4.0,0.4
07:33:24,"[276.0, 81]","[270.0, 15]","[279.58, 38]","[280.81, 37]",277.79,171,3.58,0.12
07:33:25,"[276.0, 63]","[264.0, 7]","[280.0, 42]","[282.0, 42]",278.0,154,4.0,-0.09
07:33:26,"[276.0, 54]","[264.0, 6]","[280.0, 36]","[282.0, 36]",278.0,132,4.0,-0.09
07:33:27,"[276.0, 63]","[264.0, 7]","[280.0, 42]","[282.0, 37]",278.0,149,4.0,-0.06
07:33:28,"[276.0, 63]","[264.0, 7]","[280.0, 36]","[282.0, 55]",278.0,161,4.0,-0.13
07:33:29,"[276.0, 81]","[266.73, 33]","[280.0, 36]","[282.0, 125]",278.0,275,4.0,-0.17
07:33:30,"[276.18, 55]","[270.77, 43]","[280.0, 28]","[282.0, 105]",278.09,231,3.82,-0.15
07:33:31,"[278.43, 35]","[276.0, 63]","[280.0, 22]","[282.0, 105]",279.21,225,1.57,-0.13
07:33:32,"[279.54, 37]","[272.11, 81]","[281.94, 93]","[282.64, 66]",280.74,277,2.39,-0.15
07:33:33,"[273.89, 65]","[269.62, 55]","[282.0, 130]","[283.96, 55]",277.95,305,8.11,-0.21
07:33:34,"[269.55, 99]","[263.0, 22]","[281.36, 47]","[282.13, 46]",275.45,214,11.82,0.13
07:33:35,"[267.0, 54]","[263.0, 12]","[281.0, 18]","[282.0, 18]",274.0,102,14.0,0.29
07:33:36,"[267.0, 108]","[263.0, 24]","[280.0, 16]","[281.83, 36]",273.5,184,13.0,0.43
07:33:37,"[267.25, 72]","[265.77, 39]","[281.2, 10]","[282.14, 28]",274.23,149,13.95,0.49
07:33:38,"[268.67, 72]","[266.68, 84]","[282.0, 24]","[283.0, 48]",275.33,228,13.33,0.37
07:33:39,"[271.67, 108]","[269.14, 84]","[282.0, 24]","[283.0, 48]",276.83,264,10.33,0.45
07:33:40,"[272.92, 144]","[271.0, 78]","[282.0, 24]","[283.0, 48]",277.46,294,9.08,0.51
07:33:41,"[275.25, 120]","[273.32, 114]","[281.38, 26]","[282.56, 36]",278.32,296,6.13,0.58
07:33:42,"[278.01, 85]","[273.09, 55]","[286.46, 26]","[378.84, 31]",282.24,197,8.45,0.42
07:33:43,"[280.0, 108]","[279.0, 9]","[288.0, 36]","[402.28, 29]",284.0,182,8.0,0.29
07:33:44,"[281.1, 178]","[281.15, 52]","[288.0, 80]","[444.11, 70]",284.55,380,6.9,0.21
07:33:45,"[285.98, 50]","[282.14, 66]","[288.0, 38]","[435.0, 14]",286.99,168,2.02,0.38
07:33:46,"[286.0, 99]","[275.0, 99]","[288.0, 33]","[338.57, 35]",287.0,266,2.0,0.49
07:33:47,"[286.57, 63]","[275.21, 56]","[288.0, 21]","[339.71, 35]",287.29,175,1.43,0.36
07:33:48,"[287.0, 81]","[281.0, 18]","[288.0, 27]","[332.0, 45]",287.5,171,1.0,0.16
07:33:49,"[286.18, 73]","[275.83, 29]","[292.35, 46]","[328.4, 50]",289.26,198,6.17,0.03
07:33:50,"[273.76, 29]","[232.82, 44]","[315.62, 52]","[403.57, 35]",294.69,160,41.86,-0.09
07:33:51,"[271.89, 54]","[240.54, 26]","[281.0, 9]","[361.93, 41]",276.44,130,9.11,0.23
07:33:52,"[272.43, 56]","[271.71, 68]","[279.06, 96]","[289.81, 37]",275.75,257,6.63,-0.04
07:33:53,"[274.05, 38]","[272.39, 62]","[279.0, 182]","[281.0, 56]",276.53,338,4.95,-0.41
07:33:54,"[276.65, 34]","[276.12, 48]","[279.0, 128]","[281.0, 40]",277.82,250,2.35,-0.34
07:33:55,"[278.0, 54]","[276.22, 116]","[279.48, 134]","[316.34, 64]",278.74,368,1.48,-0.08
07:33:56,"[277.57, 37]","[270.83, 24]","[280.17, 36]","[291.48, 33]",278.87,130,2.6,-0.06
07:33:57,"[269.5, 24]","[267.3, 30]","[281.0, 10]","[282.0, 35]",275.25,99,11.5,0.09
07:33:58,"[278.56, 75]","[264.77, 31]","[281.0, 11]","[282.0, 88]",279.78,205,2.44,0.03
07:33:59,"[279.0, 90]","[268.0, 16]","[281.0, 8]","[282.0, 64]",280.0,178,2.0,0.19
07:34:00,"[279.0, 51]","[267.0, 12]","[281.0, 8]","[282.0, 64]",280.0,135,2.0,-0.07
07:34:01,"[279.0, 58]","[267.8, 20]","[280.75, 28]","[281.36, 42]",279.88,148,1.75,0.05
07:34:02,"[279.0, 36]","[267.75, 16]","[281.0, 9]","[282.16, 25]",280.0,86,2.0,0.21
07:34:03,"[279.0, 28]","[267.0, 14]","[281.0, 7]","[282.92, 13]",280.0,62,2.0,0.35
07:34:04,"[279.0, 24]","[267.86, 21]","[281.0, 6]","[282.0, 6]",280.0,57,2.0,0.58
07:34:05,"[279.0, 24]","[268.0, 36]","[281.1, 10]","[282.2, 10]",280.05,80,2.1,0.5
07:34:06,"[279.0, 16]","[268.0, 32]","[282.93, 15]","[283.95, 37]",280.97,100,3.93,-0.04
07:34:07,"[279.0, 10]","[268.0, 20]","[283.0, 10]","[284.0, 25]",281.0,65,4.0,-0.08
07:34:08,"[279.0, 12]","[268.0, 24]","[283.0, 12]","[284.0, 30]",281.0,78,4.0,-0.08
07:34:09,"[279.71, 14]","[271.0, 22]","[283.0, 14]","[284.0, 35]",281.36,85,3.29,-0.15
07:34:10,"[281.33, 24]","[276.5, 24]","[283.33, 30]","[284.3, 54]",282.33,132,2.0,-0.27
07:34:11,"[282.0, 24]","[275.17, 24]","[284.0, 60]","[300.37, 27]",283.0,135,2.0,-0.29
07:34:12,"[277.8, 30]","[272.75, 48]","[283.56, 61]","[287.07, 75]",280.68,214,5.76,-0.27
07:34:13,"[275.86, 14]","[274.57, 28]","[281.0, 13]","[282.0, 39]",278.43,94,5.14,-0.11
07:34:14,"[276.0, 4]","[275.0, 8]","[281.0, 4]","[282.0, 12]",278.5,28,5.0,-0.14
07:34:15,"[276.0, 7]","[273.8, 20]","[280.86, 7]","[282.0, 21]",278.43,55,4.86,-0.02
07:34:16,"[277.17, 30]","[276.83, 30]","[279.92, 24]","[281.71, 28]",278.54,112,2.75,0.07
07:34:17,"[279.15, 13]","[273.08, 51]","[280.92, 39]","[282.51, 43]",280.04,146,1.77,-0.12
07:34:18,"[273.67, 30]","[272.65, 52]","[278.53, 51]","[279.6, 55]",276.1,188,4.86,-0.13
07:34:19,"[274.0, 26]","[270.85, 111]","[277.61, 46]","[279.0, 65]",275.8,248,3.61,0.1
07:34:20,"[271.2, 65]","[269.65, 82]","[276.65, 37]","[279.25, 71]",273.92,255,5.45,0.15
07:34:21,"[271.0, 7]","[269.29, 49]","[278.03, 31]","[280.5, 24]",274.52,111,7.03,0.01
07:34:22,"[271.0, 6]","[269.0, 42]","[277.0, 30]","[279.0, 24]",274.0,102,6.0,-0.06
07:34:23,"[271.0, 7]","[269.0, 49]","[277.0, 35]","[279.0, 28]",274.0,119,6.0,-0.06
07:34:24,"[271.0, 6]","[269.0, 42]","[276.71, 28]","[278.23, 26]",273.86,102,5.71,-0.06
07:34:25,"[271.0, 8]","[269.0, 56]","[275.83, 24]","[277.0, 40]",273.42,128,4.83,0.0
07:34:26,"[271.92, 13]","[268.54, 91]","[275.97, 31]","[277.67, 60]",273.95,195,4.04,0.07
07:34:27,"[272.62, 8]","[267.75, 56]","[277.0, 24]","[279.0, 32]",274.81,120,4.38,0.07
07:34:28,"[273.0, 9]","[266.0, 63]","[277.0, 27]","[279.0, 36]",275.0,135,4.0,0.07
07:34:29,"[275.43, 14]","[274.41, 17]","[277.0, 32]","[279.0, 52]",276.21,115,1.57,-0.46
07:34:30,"[275.0, 14]","[274.0, 28]","[277.0, 14]","[279.0, 56]",276.0,112,2.0,-0.25
07:34:31,"[275.95, 19]","[265.83, 29]","[277.0, 10]","[279.0, 40]",276.47,98,1.05,-0.02
07:34:32,"[270.0, 24]","[263.57, 42]","[277.0, 6]","[279.0, 24]",273.5,96,7.0,0.38
07:34:33,"[267.0, 24]","[263.0, 60]","[277.0, 6]","[279.0, 24]",272.0,114,10.0,0.47
07:34:34,"[270.0, 50]","[267.14, 28]","[277.0, 10]","[279.0, 40]",273.5,128,7.0,0.22
07:34:35,"[272.2, 50]","[264.58, 106]","[277.73, 11]","[279.49, 43]",274.96,210,5.53,0.49
07:34:36,"[274.3, 50]","[266.0, 70]","[281.0, 20]","[282.0, 70]",277.65,210,6.7,0.14
07:34:37,"[275.0, 40]","[268.0, 56]","[281.78, 36]","[284.5, 48]",278.39,180,6.78,0.07
07:34:38,"[276.0, 26]","[275.0, 65]","[280.82, 51]","[283.23, 73]",278.41,215,4.82,-0.15
07:34:39,"[277.03, 63]","[273.35, 46]","[280.0, 45]","[282.0, 75]",278.52,229,2.97,-0.05
07:34:40,"[267.89, 101]","[265.97, 115]","[280.0, 36]","[282.0, 60]",273.95,312,12.11,0.38
07:34:41,"[267.0, 120]","[265.0, 120]","[278.0, 44]","[280.0, 41]",272.5,325,11.0,0.48
07:34:42,"[267.0, 120]","[264.79, 116]","[276.0, 36]","[278.0, 48]",271.5,320,9.0,0.47
07:34:43,"[267.0, 80]","[266.0, 72]","[276.0, 24]","[278.0, 32]",271.5,208,9.0,0.46
07:34:44,"[267.0, 80]","[266.0, 72]","[276.0, 24]","[278.0, 32]",271.5,208,9.0,0.46
07:34:45,"[267.0, 20]","[266.0, 18]","[276.0, 6]","[278.0, 8]",271.5,52,9.0,0.46
07:34:46,"[267.0, 70]","[266.0, 63]","[276.0, 21]","[278.0, 28]",271.5,182,9.0,0.46
07:34:47,"[267.09, 77]","[266.53, 133]","[276.0, 33]","[278.0, 56]",271.55,299,8.91,0.4
07:34:48,"[268.92, 12]","[266.0, 228]","[279.83, 46]","[280.75, 48]",274.37,334,10.91,0.44
07:34:49,"[271.25, 12]","[266.0, 248]","[280.0, 48]","[281.0, 48]",275.62,356,8.75,0.46
07:34:50,"[272.62, 8]","[266.0, 152]","[279.87, 23]","[280.62, 32]",276.25,215,7.24,0.49
07:34:51,"[275.55, 56]","[268.57, 56]","[279.6, 30]","[280.54, 74]",277.58,216,4.05,0.04
07:34:52,"[276.32, 22]","[275.62, 26]","[280.73, 45]","[281.69, 78]",278.53,171,4.42,-0.44
07:34:53,"[277.94, 32]","[271.35, 86]","[280.26, 68]","[281.56, 96]",279.1,282,2.33,-0.16
07:34:54,"[278.0, 48]","[271.0, 160]","[279.64, 59]","[281.58, 78]",278.82,345,1.64,0.21
07:34:55,"[271.33, 126]","[263.29, 140]","[279.0, 20]","[281.0, 42]",275.17,328,7.67,0.62
07:34:56,"[271.0, 120]","[262.14, 84]","[276.25, 24]","[279.75, 16]",273.62,244,5.25,0.67
07:34:57,"[272.06, 34]","[268.92, 102]","[276.0, 13]","[279.0, 13]",274.03,162,3.94,0.68
07:34:58,"[274.07, 30]","[270.23, 70]","[276.69, 13]","[279.95, 19]",275.38,132,2.63,0.52
07:34:59,"[275.9, 31]","[274.93, 29]","[279.0, 12]","[281.0, 36]",277.45,108,3.1,0.11
07:35:00,"[276.88, 34]","[271.2, 60]","[280.38, 32]","[282.5, 48]",278.63,174,3.49,0.08
07:35:01,"[276.75, 24]","[270.0, 72]","[279.0, 60]","[280.0, 48]",277.88,204,2.25,-0.06
07:35:02,"[277.0, 16]","[263.59, 44]","[281.25, 32]","[283.5, 32]",279.12,124,4.25,-0.03
07:35:03,"[277.67, 18]","[268.82, 22]","[285.0, 9]","[287.22, 36]",281.33,85,7.33,-0.06
07:35:04,"[279.5, 20]","[277.0, 20]","[285.0, 31]","[288.0, 40]",282.25,111,5.5,-0.28
07:35:05,"[280.89, 18]","[279.0, 18]","[285.0, 36]","[287.0, 18]",282.94,90,4.11,-0.2
07:35:06,"[271.68, 60]","[269.43, 63]","[284.71, 17]","[286.58, 38]",278.19,178,13.02,0.38
07:35:07,"[270.0, 98]","[269.0, 20]","[281.55, 20]","[285.58, 24]",275.77,162,11.55,0.46
07:35:08,"[270.05, 81]","[269.56, 25]","[278.81, 21]","[282.48, 27]",274.43,154,8.76,0.38
07:35:09,"[271.0, 20]","[270.0, 76]","[282.0, 10]","[284.0, 16]",276.5,122,11.0,0.57
07:35:10,"[272.0, 21]","[270.6, 47]","[282.0, 7]","[284.0, 21]",277.0,96,10.0,0.42
07:35:11,"[275.07, 29]","[272.33, 42]","[282.0, 11]","[284.0, 33]",278.53,115,6.93,0.23
07:35:12,"[274.0, 16]","[272.0, 56]","[282.0, 8]","[284.0, 24]",278.0,104,8.0,0.38
07:35:13,"[274.0, 18]","[272.0, 63]","[282.0, 9]","[284.0, 27]",278.0,117,8.0,0.38
07:35:14,"[275.0, 24]","[268.67, 84]","[282.0, 12]","[284.0, 36]",278.5,156,7.0,0.38
07:35:15,"[275.88, 34]","[268.41, 79]","[280.16, 82]","[281.71, 35]",278.02,230,4.28,-0.02
07:35:16,"[277.11, 36]","[266.25, 48]","[279.03, 63]","[280.57, 63]",278.07,210,1.92,-0.2
07:35:17,"[274.41, 41]","[267.42, 59]","[279.0, 59]","[282.17, 24]",276.71,183,4.59,0.09
07:35:18,"[271.0, 115]","[264.0, 60]","[278.52, 40]","[282.6, 15]",274.76,230,7.52,0.52
07:35:19,"[271.0, 40]","[264.0, 20]","[278.0, 10]","[282.0, 5]",274.5,75,7.0,0.6
07:35:20,"[271.0, 85]","[264.0, 44]","[283.56, 27]","[284.86, 21]",277.28,177,12.56,0.46
07:35:21,"[271.35, 60]","[266.95, 101]","[282.14, 14]","[284.18, 22]",276.75,197,10.79,0.63
07:35:22,"[274.24, 51]","[271.0, 119]","[278.38, 26]","[280.6, 40]",276.31,236,4.15,0.44
07:35:23,"[275.0, 33]","[267.0, 80]","[280.0, 44]","[281.0, 22]",277.5,179,5.0,0.26
07:35:24,"[275.5, 30]","[266.97, 58]","[280.0, 40]","[281.0, 20]",277.75,148,4.5,0.19
07:35:25,"[276.0, 18]","[266.0, 9]","[280.11, 27]","[281.67, 18]",278.06,72,4.11,-0.25
07:35:26,"[276.0, 18]","[271.78, 9]","[281.0, 9]","[283.0, 18]",278.5,54,5.0,0.0
07:35:27,"[276.29, 14]","[266.0, 7]","[282.71, 7]","[286.43, 14]",279.5,42,6.43,0.0
07:35:28,"[278.75, 24]","[266.25, 63]","[282.47, 15]","[286.83, 23]",280.61,125,3.72,0.39
07:35:29,"[279.0, 14]","[266.33, 61]","[281.0, 28]","[283.0, 7]",280.0,110,2.0,0.36
07:35:30,"[279.67, 24]","[269.0, 84]","[281.0, 48]","[283.25, 12]",280.33,168,1.33,0.29
07:35:31,"[275.47, 17]","[268.84, 37]","[281.0, 22]","[284.0, 6]",278.24,82,5.53,0.32
07:35:32,"[268.26, 27]","[264.18, 66]","[281.0, 12]","[282.0, 18]",274.63,123,12.74,0.51
07:35:33,"[266.09, 47]","[264.54, 115]","[281.0, 22]","[282.0, 33]",273.54,217,14.91,0.49
07:35:34,"[271.55, 93]","[267.08, 37]","[280.39, 41]","[281.71, 34]",275.97,205,8.84,0.27
07:35:35,"[272.69, 144]","[270.31, 16]","[279.54, 48]","[281.6, 40]",276.11,248,6.85,0.29
07:35:36,"[273.38, 72]","[271.0, 8]","[281.0, 8]","[282.0, 24]",277.19,112,7.62,0.43
07:35:37,"[274.18, 99]","[271.0, 11]","[281.0, 21]","[282.0, 33]",277.59,164,6.82,0.34
07:35:38,"[276.02, 45]","[275.73, 85]","[281.0, 26]","[282.0, 39]",278.51,195,4.98,0.33
07:35:39,"[276.76, 75]","[274.4, 35]","[281.0, 14]","[282.0, 33]",278.88,157,4.24,0.4
07:35:40,"[277.15, 73]","[273.76, 17]","[281.0, 9]","[282.0, 27]",279.08,126,3.85,0.43
07:35:41,"[268.0, 110]","[265.46, 128]","[280.22, 45]","[281.57, 47]",274.11,330,12.22,0.44
07:35:42,"[273.12, 51]","[271.19, 47]","[279.82, 44]","[280.43, 42]",276.47,184,6.7,0.07
07:35:43,"[275.2, 51]","[273.94, 33]","[281.54, 13]","[283.98, 43]",278.37,140,6.34,0.2
07:35:44,"[277.88, 57]","[276.97, 71]","[282.0, 11]","[284.0, 22]",279.94,161,4.12,0.59
07:35:45,"[278.64, 77]","[277.38, 79]","[281.71, 14]","[283.92, 25]",280.18,195,3.08,0.6
07:35:46,"[281.07, 73]","[278.56, 55]","[284.82, 22]","[291.95, 39]",282.94,189,3.75,0.35
07:35:47,"[281.1, 78]","[276.25, 24]","[286.67, 48]","[352.12, 41]",283.88,191,5.56,0.07
07:35:48,"[282.0, 60]","[281.0, 105]","[346.87, 30]","[403.59, 34]",314.43,229,64.87,0.44
07:35:49,"[283.18, 34]","[281.37, 43]","[401.92, 13]","[555.4, 10]",342.55,100,118.75,0.54
07:35:50,"[285.13, 60]","[284.02, 53]","[290.0, 52]","[493.28, 36]",287.57,201,4.87,0.12
07:35:51,"[287.0, 35]","[285.0, 25]","[290.0, 36]","[436.0, 18]",288.5,114,3.0,0.05
07:35:52,"[287.78, 27]","[285.0, 18]","[290.0, 36]","[450.0, 18]",288.89,99,2.22,-0.09
07:35:53,"[288.8, 30]","[285.0, 20]","[290.0, 40]","[418.0, 28]",289.4,118,1.2,-0.15
07:35:54,"[287.0, 36]","[284.24, 63]","[290.0, 56]","[309.4, 50]",288.5,205,3.0,-0.03
07:35:55,"[284.58, 72]","[283.32, 69]","[289.85, 47]","[323.9, 58]",287.22,246,5.27,0.15
07:35:56,"[285.48, 31]","[283.83, 24]","[290.0, 21]","[399.25, 24]",287.74,100,4.52,0.1
07:35:57,"[284.0, 30]","[282.62, 21]","[291.0, 45]","[504.0, 47]",287.5,143,7.0,-0.29
07:35:58,"[287.27, 22]","[283.38, 26]","[291.0, 33]","[441.37, 35]",289.14,116,3.73,-0.17
07:35:59,"[288.0, 18]","[284.0, 18]","[291.0, 27]","[434.78, 36]",289.5,99,3.0,-0.27
07:36:00,"[286.35, 23]","[283.09, 22]","[290.67, 24]","[340.14, 29]",288.51,98,4.32,-0.08
07:36:01,"[281.48, 23]","[280.68, 47]","[288.72, 18]","[292.6, 40]",285.1,128,7.24,0.09
07:36:02,"[281.42, 36]","[278.38, 86]","[286.64, 66]","[288.29, 24]",284.03,212,5.22,0.15
07:36:03,"[278.43, 14]","[275.89, 36]","[286.0, 13]","[287.0, 13]",282.21,76,7.57,0.32
07:36:04,"[279.23, 26]","[276.65, 17]","[286.0, 10]","[287.0, 10]",282.62,63,6.77,0.37
07:36:05,"[280.57, 56]","[279.0, 28]","[285.07, 14]","[286.07, 14]",282.82,112,4.5,0.5
07:36:06,"[280.38, 32]","[276.93, 30]","[284.69, 13]","[304.77, 13]",282.53,88,4.32,0.41
07:36:07,"[276.32, 31]","[274.0, 25]","[292.0, 12]","[398.0, 12]",284.16,80,15.68,0.4
07:36:08,"[286.61, 75]","[281.03, 78]","[290.5, 30]","[334.83, 18]",288.56,201,3.89,0.52
07:36:09,"[288.0, 9]","[287.0, 7]","[289.0, 29]","[292.0, 7]",288.5,52,1.0,-0.38
07:36:10,"[278.38, 8]","[276.1, 70]","[291.78, 9]","[436.62, 8]",285.08,95,13.4,0.64
07:36:11,"[277.0, 9]","[276.0, 117]","[289.33, 9]","[434.56, 9]",283.17,144,12.33,0.75
07:36:12,"[288.91, 22]","[276.09, 82]","[294.19, 16]","[329.0, 14]",291.55,134,5.28,0.55
07:36:13,"[278.0, 18]","[276.87, 30]","[290.24, 33]","[291.96, 27]",284.12,108,12.24,-0.11
07:36:14,"[278.0, 8]","[277.0, 16]","[287.95, 22]","[289.6, 15]",282.98,61,9.95,-0.21
07:36:15,"[276.54, 26]","[271.14, 44]","[288.08, 26]","[361.25, 20]",282.31,116,11.54,0.21
07:36:16,"[276.29, 28]","[270.09, 34]","[286.27, 22]","[354.2, 10]",281.28,94,9.99,0.32
07:36:17,"[281.29, 28]","[278.0, 70]","[285.0, 70]","[290.0, 14]",283.14,182,3.71,0.08
07:36:18,"[283.0, 24]","[279.14, 63]","[285.0, 60]","[290.0, 12]",284.0,159,2.0,0.09
07:36:19,"[282.44, 54]","[279.42, 57]","[285.0, 51]","[290.0, 13]",283.72,175,2.56,0.27
07:36:20,"[282.0, 48]","[275.0, 24]","[285.0, 24]","[290.0, 8]",283.5,104,3.0,0.38
07:36:21,"[279.67, 45]","[274.03, 31]","[288.12, 16]","[334.23, 52]",283.9,144,8.46,0.06
07:36:22,"[276.2, 50]","[274.68, 37]","[280.0, 13]","[290.0, 13]",278.1,113,3.8,0.54
07:36:23,"[277.82, 44]","[275.0, 33]","[344.54, 39]","[396.37, 19]",311.18,135,66.72,0.14
07:36:24,"[278.56, 54]","[274.68, 38]","[352.15, 47]","[407.13, 15]",315.35,154,73.59,0.19
07:36:25,"[280.61, 62]","[278.78, 92]","[380.57, 58]","[465.52, 50]",330.59,262,99.96,0.18
07:36:26,"[279.35, 49]","[278.88, 32]","[309.38, 40]","[424.78, 41]",294.36,162,30.03,0.0
07:36:27,"[281.71, 51]","[279.78, 45]","[352.75, 28]","[379.69, 45]",317.23,169,71.04,0.14
07:36:28,"[285.61, 62]","[284.08, 50]","[357.88, 25]","[418.76, 85]",321.75,222,72.27,0.01
07:36:29,"[287.75, 12]","[285.92, 38]","[422.0, 8]","[583.88, 40]",354.88,98,134.25,0.02
07:36:30,"[289.0, 8]","[286.0, 40]","[384.67, 18]","[498.14, 28]",336.83,94,95.67,0.02
07:36:31,"[290.82, 77]","[286.67, 45]","[376.59, 51]","[549.68, 57]",333.7,230,85.77,0.06
07:36:32,"[291.0, 35]","[289.0, 10]","[368.75, 24]","[403.44, 16]",329.88,85,77.75,0.06
07:36:33,"[288.6, 30]","[286.21, 43]","[322.84, 31]","[375.77, 13]",305.72,117,34.24,0.25
07:36:34,"[288.0, 30]","[286.0, 50]","[321.6, 30]","[529.0, 10]",304.8,120,33.6,0.33
07:36:35,"[288.0, 27]","[286.0, 45]","[320.0, 27]","[572.56, 9]",304.0,108,32.0,0.33
07:36:36,"[288.0, 36]","[286.78, 92]","[296.97, 34]","[339.64, 14]",292.49,176,8.97,0.45
07:36:37,"[288.0, 24]","[287.0, 72]","[291.62, 24]","[295.0, 11]",289.81,131,3.62,0.47
07:36:38,"[287.3, 30]","[286.38, 39]","[291.0, 18]","[298.0, 24]",289.15,111,3.7,0.24
07:36:39,"[287.0, 52]","[285.75, 16]","[290.62, 39]","[297.5, 64]",288.81,171,3.62,-0.2
07:36:40,"[287.0, 20]","[286.0, 5]","[289.4, 15]","[296.0, 20]",288.2,60,2.4,-0.17
07:36:41,"[286.87, 23]","[285.4, 20]","[289.75, 36]","[296.82, 44]",288.31,123,2.88,-0.3
07:36:42,"[285.55, 22]","[209.0, 22]","[293.0, 44]","[300.0, 44]",289.27,132,7.45,-0.33
07:36:43,"[283.43, 42]","[249.4, 25]","[291.94, 33]","[347.38, 29]",287.68,129,8.51,0.04
07:36:44,"[284.56, 36]","[282.12, 16]","[289.78, 27]","[291.0, 36]",287.17,115,5.22,-0.1
07:36:45,"[285.0, 20]","[279.5, 16]","[287.82, 11]","[290.69, 26]",286.41,73,2.82,-0.01
07:36:46,"[286.25, 20]","[285.38, 8]","[291.0, 24]","[299.0, 12]",288.62,64,4.75,-0.12
07:36:47,"[289.59, 73]","[286.85, 41]","[291.0, 36]","[299.0, 18]",290.29,168,1.41,0.36
07:36:48,"[290.0, 77]","[287.0, 45]","[291.0, 36]","[299.0, 18]",290.5,176,1.0,0.39
07:36:49,"[290.0, 40]","[286.65, 46]","[291.53, 30]","[327.94, 17]",290.77,133,1.53,0.29
07:36:50,"[290.0, 59]","[286.0, 104]","[295.29, 17]","[387.2, 30]",292.65,210,5.29,0.55
07:36:51,"[289.39, 33]","[288.04, 54]","[291.5, 20]","[298.4, 25]",290.45,132,2.11,0.32
07:36:52,"[287.7, 10]","[285.15, 66]","[291.0, 30]","[297.47, 15]",289.35,121,3.3,0.26
07:36:53,"[286.55, 33]","[285.38, 63]","[289.2, 61]","[292.62, 13]",287.87,170,2.65,0.13
07:36:54,"[286.0, 44]","[285.0, 8]","[288.0, 29]","[300.22, 9]",287.0,90,2.0,0.16
07:36:55,"[287.2, 15]","[285.86, 21]","[300.0, 12]","[301.67, 24]",293.6,72,12.8,0.0
07:36:56,"[288.0, 18]","[286.0, 16]","[300.0, 8]","[302.0, 16]",294.0,58,12.0,0.17
07:36:57,"[289.73, 59]","[287.12, 32]","[300.9, 10]","[302.0, 20]",295.31,121,11.17,0.5
07:36:58,"[294.0, 55]","[288.0, 66]","[301.0, 11]","[302.0, 22]",297.5,154,7.0,0.57
07:36:59,"[294.0, 40]","[288.0, 38]","[301.0, 8]","[302.0, 16]",297.5,102,7.0,0.53
07:37:00,"[294.0, 40]","[288.0, 8]","[301.0, 8]","[302.0, 16]",297.5,72,7.0,0.33
07:37:01,"[294.0, 37]","[287.11, 18]","[301.0, 14]","[302.0, 28]",297.5,97,7.0,0.13
07:37:02,"[294.0, 22]","[287.0, 55]","[299.08, 39]","[301.53, 15]",296.54,131,5.08,0.18
07:37:03,"[292.79, 29]","[286.97, 62]","[296.77, 65]","[302.5, 18]",294.78,174,3.98,0.05
07:37:04,"[293.67, 105]","[286.96, 52]","[303.88, 51]","[305.93, 28]",298.77,236,10.22,0.33
07:37:05,"[294.0, 100]","[287.0, 50]","[300.62, 26]","[302.89, 18]",297.31,194,6.62,0.55
07:37:06,"[294.0, 156]","[287.0, 90]","[297.78, 54]","[303.0, 18]",295.89,318,3.78,0.55
07:37:07,"[291.72, 46]","[286.82, 33]","[295.78, 27]","[303.78, 9]",293.75,115,4.06,0.37
07:37:08,"[287.53, 85]","[286.7, 53]","[294.06, 51]","[295.6, 45]",290.79,234,6.53,0.18
07:37:09,"[288.63, 95]","[287.0, 95]","[292.7, 43]","[294.26, 57]",290.66,290,4.07,0.31
07:37:10,"[289.81, 52]","[287.0, 100]","[291.0, 20]","[293.0, 60]",290.4,232,1.19,0.31
07:37:11,"[289.78, 46]","[286.95, 77]","[292.24, 45]","[298.96, 54]",291.01,222,2.46,0.11
07:37:12,"[291.0, 55]","[287.0, 70]","[292.5, 42]","[298.49, 43]",291.75,210,1.5,0.19
07:37:13,"[290.2, 25]","[286.92, 51]","[294.58, 36]","[303.1, 40]",292.39,152,4.38,0.0
07:37:14,"[287.0, 65]","[284.82, 33]","[301.78, 55]","[301.96, 50]",294.39,203,14.78,-0.03
07:37:15,"[287.0, 40]","[285.0, 24]","[293.0, 8]","[294.7, 20]",290.0,92,6.0,0.39
07:37:16,"[287.0, 30]","[285.0, 18]","[293.0, 6]","[301.0, 6]",290.0,60,6.0,0.6
07:37:17,"[287.0, 70]","[285.0, 42]","[293.0, 14]","[301.0, 14]",290.0,140,6.0,0.6
07:37:18,"[285.43, 23]","[283.67, 9]","[292.71, 7]","[301.0, 7]",289.07,46,7.28,0.39
07:37:19,"[288.42, 103]","[284.66, 29]","[292.0, 13]","[301.0, 13]",290.21,158,3.58,0.67
07:37:20,"[289.0, 160]","[285.0, 45]","[293.75, 16]","[301.14, 22]",291.38,243,4.75,0.69
07:37:21,"[289.0, 96]","[285.0, 33]","[300.0, 22]","[306.0, 44]",294.5,195,11.0,0.32
07:37:22,"[289.0, 36]","[286.43, 23]","[300.0, 30]","[305.8, 60]",294.5,149,11.0,-0.21
07:37:23,"[289.72, 25]","[288.43, 14]","[300.0, 22]","[303.0, 44]",294.86,105,10.28,-0.26
07:37:24,"[291.0, 36]","[289.0, 24]","[298.78, 23]","[299.81, 32]",294.89,115,7.78,0.04
07:37:25,"[291.0, 27]","[289.0, 18]","[297.0, 9]","[299.0, 27]",294.0,81,6.0,0.11
07:37:26,"[291.0, 42]","[289.0, 28]","[295.93, 14]","[299.63, 35]",293.46,119,4.93,0.18
07:37:27,"[291.0, 30]","[289.0, 20]","[295.0, 10]","[303.26, 19]",293.0,79,4.0,0.27
07:37:28,"[291.0, 27]","[289.0, 18]","[293.0, 9]","[301.44, 36]",292.0,90,2.0,0.0
07:37:29,"[291.0, 23]","[289.0, 22]","[300.78, 41]","[304.64, 44]",295.89,130,9.78,-0.31
07:37:30,"[289.29, 28]","[286.35, 17]","[301.0, 108]","[305.0, 48]",295.14,201,11.71,-0.55
07:37:31,"[285.95, 21]","[284.25, 32]","[301.0, 81]","[305.0, 36]",293.48,170,15.05,-0.38
07:37:32,"[289.0, 9]","[285.0, 36]","[301.0, 81]","[305.0, 36]",295.0,162,12.0,-0.44
07:37:33,"[285.19, 42]","[283.42, 38]","[300.76, 83]","[302.53, 73]",292.97,236,15.57,-0.32
07:37:34,"[285.0, 28]","[283.0, 71]","[298.57, 28]","[301.0, 63]",291.79,190,13.57,0.04
07:37:35,"[285.0, 48]","[283.0, 156]","[297.71, 52]","[300.13, 61]",291.36,317,12.71,0.29
07:37:36,"[286.67, 43]","[283.14, 57]","[300.2, 90]","[325.81, 69]",293.44,259,13.53,-0.23
07:37:37,"[288.67, 78]","[285.35, 26]","[298.91, 44]","[300.85, 54]",293.79,202,10.24,0.03
07:37:38,"[289.0, 130]","[288.0, 26]","[297.5, 64]","[298.62, 52]",293.25,272,8.5,0.15
07:37:39,"[289.0, 110]","[288.0, 22]","[296.55, 44]","[298.0, 44]",292.77,220,7.55,0.2
07:37:40,"[289.32, 44]","[288.93, 86]","[295.55, 44]","[298.0, 68]",292.43,242,6.23,0.07
07:37:41,"[289.07, 45]","[288.71, 42]","[295.0, 36]","[297.67, 36]",292.03,159,5.93,0.09
07:37:42,"[289.0, 119]","[288.0, 34]","[294.29, 68]","[296.65, 68]",291.65,289,5.29,0.06
07:37:43,"[289.0, 42]","[288.0, 12]","[292.5, 24]","[293.5, 24]",290.75,102,3.5,0.06
07:37:44,"[289.0, 63]","[288.0, 18]","[291.67, 36]","[292.67, 36]",290.33,153,2.67,0.06
07:37:45,"[289.0, 77]","[288.0, 22]","[291.0, 44]","[292.0, 44]",290.0,187,2.0,0.06
07:37:46,"[289.0, 42]","[288.0, 12]","[290.33, 24]","[291.33, 24]",289.67,102,1.33,0.06
07:37:47,"[289.0, 69]","[288.0, 22]","[290.38, 42]","[294.64, 44]",289.69,177,1.38,0.03
07:37:48,"[288.95, 37]","[287.14, 28]","[290.11, 36]","[301.0, 63]",289.53,164,1.17,-0.21
07:37:49,"[286.31, 78]","[285.33, 108]","[289.92, 48]","[301.29, 56]",288.11,290,3.61,0.28
07:37:50,"[286.2, 71]","[285.33, 90]","[292.17, 48]","[302.31, 52]",289.18,261,5.97,0.23
07:37:51,"[286.0, 91]","[283.86, 56]","[301.0, 64]","[303.57, 42]",293.5,253,15.0,0.16
07:37:52,"[286.31, 39]","[284.08, 50]","[300.3, 37]","[301.04, 50]",293.3,176,13.99,0.01
07:37:53,"[287.27, 22]","[286.0, 33]","[296.89, 18]","[298.53, 15]",292.08,88,9.62,0.25
07:37:54,"[288.89, 36]","[286.0, 54]","[294.97, 35]","[297.0, 19]",291.93,144,6.08,0.25
07:37:55,"[294.0, 144]","[290.0, 28]","[296.5, 16]","[302.88, 98]",295.25,286,2.5,0.2
07:37:56,"[294.0, 126]","[290.92, 26]","[296.1, 40]","[301.68, 41]",295.05,233,2.1,0.3
07:37:57,"[294.0, 40]","[291.0, 10]","[296.0, 20]","[297.0, 5]",295.0,75,2.0,0.33
07:37:58,"[294.0, 68]","[291.0, 20]","[295.61, 33]","[298.14, 35]",294.8,156,1.61,0.13
07:37:59,"[291.92, 72]","[288.41, 69]","[296.62, 65]","[300.46, 61]",294.27,267,4.7,0.06
07:38:00,"[288.0, 143]","[286.0, 104]","[302.0, 45]","[304.77, 31]",295.0,323,14.0,0.53
07:38:01,"[288.24, 116]","[286.81, 108]","[300.92, 39]","[302.75, 48]",294.58,311,12.68,0.44
07:38:02,"[289.0, 70]","[288.0, 110]","[300.0, 30]","[302.0, 40]",294.5,250,11.0,0.44
07:38:03,"[289.0, 77]","[288.0, 121]","[299.64, 33]","[301.82, 44]",294.32,275,10.64,0.44
07:38:04,"[289.0, 102]","[287.82, 133]","[291.69, 32]","[298.92, 52]",290.34,319,2.69,0.47
07:38:05,"[287.42, 114]","[286.33, 49]","[296.82, 44]","[299.54, 52]",292.12,259,9.4,0.26
07:38:06,"[287.0, 180]","[286.0, 36]","[292.58, 48]","[293.75, 48]",289.79,312,5.58,0.38
07:38:07,"[287.0, 185]","[286.0, 39]","[291.0, 52]","[293.0, 52]",289.0,328,4.0,0.37
07:38:08,"[287.0, 124]","[286.0, 36]","[291.0, 28]","[292.0, 48]",289.0,236,4.0,0.36
07:38:09,"[287.0, 90]","[286.0, 30]","[291.0, 20]","[292.0, 40]",289.0,180,4.0,0.33
07:38:10,"[287.0, 72]","[286.0, 24]","[290.62, 16]","[292.0, 32]",288.81,144,3.62,0.33
07:38:11,"[288.33, 54]","[286.87, 93]","[291.74, 46]","[298.92, 52]",290.04,245,3.41,0.2
07:38:12,"[291.0, 30]","[287.55, 87]","[292.56, 61]","[300.6, 60]",291.78,238,1.56,-0.02
07:38:13,"[289.8, 25]","[287.5, 60]","[293.7, 50]","[296.8, 40]",291.75,175,3.9,-0.03
07:38:14,"[287.5, 36]","[286.75, 36]","[293.0, 30]","[298.8, 40]",290.25,142,5.5,0.01
07:38:15,"[287.0, 108]","[286.0, 36]","[291.67, 60]","[298.6, 80]",289.33,284,4.67,0.01
07:38:16,"[287.0, 81]","[286.0, 27]","[291.0, 45]","[297.0, 36]",289.0,189,4.0,0.14
07:38:17,"[287.0, 99]","[286.0, 33]","[290.68, 37]","[293.4, 50]",288.84,219,3.68,0.21
07:38:18,"[287.0, 117]","[285.16, 67]","[288.68, 53]","[290.53, 38]",287.84,275,1.68,0.34
07:38:19,"[287.0, 80]","[286.0, 55]","[288.0, 55]","[293.5, 28]",287.5,218,1.0,0.24
07:38:20,"[287.0, 22]","[286.0, 30]","[288.0, 30]","[289.0, 24]",287.5,106,1.0,-0.02
07:38:21,"[288.14, 37]","[286.69, 32]","[290.8, 35]","[299.07, 45]",289.47,149,2.66,-0.07
07:38:22,"[289.91, 33]","[286.13, 46]","[298.0, 44]","[301.0, 44]",293.95,167,8.09,-0.05
07:38:23,"[291.0, 30]","[286.0, 50]","[297.65, 31]","[299.76, 34]",294.32,145,6.65,0.1
07:38:24,"[291.09, 32]","[288.19, 37]","[297.0, 56]","[299.58, 38]",294.05,163,5.91,-0.15
07:38:25,"[288.0, 10]","[286.0, 50]","[295.6, 10]","[296.8, 30]",291.8,100,7.6,0.2
07:38:26,"[288.0, 11]","[286.0, 55]","[294.27, 11]","[296.0, 33]",291.14,110,6.27,0.2
07:38:27,"[286.95, 42]","[284.67, 42]","[293.0, 10]","[296.0, 30]",289.98,124,6.05,0.35
07:38:28,"[287.0, 99]","[286.0, 11]","[292.18, 11]","[296.36, 33]",289.59,154,5.18,0.43
07:38:29,"[289.21, 103]","[286.97, 102]","[293.61, 18]","[297.44, 41]",291.41,264,4.4,0.55
07:38:30,"[290.0, 78]","[287.62, 117]","[297.0, 39]","[303.0, 13]",293.5,247,7.0,0.58
07:38:31,"[290.0, 60]","[289.0, 90]","[296.77, 22]","[299.0, 18]",293.39,190,6.77,0.58
07:38:32,"[290.49, 41]","[289.08, 59]","[294.36, 11]","[297.55, 33]",292.43,144,3.88,0.39
07:38:33,"[292.0, 22]","[290.0, 11]","[294.0, 27]","[297.0, 33]",293.0,93,2.0,-0.29
07:38:34,"[292.0, 22]","[290.0, 11]","[293.64, 11]","[296.52, 25]",292.82,69,1.64,-0.04
07:38:35,"[292.0, 20]","[290.0, 11]","[293.18, 11]","[295.6, 15]",292.59,57,1.18,0.09
07:38:36,"[291.78, 9]","[289.47, 17]","[295.0, 11]","[298.44, 27]",293.39,64,3.22,-0.19
07:38:37,"[290.0, 11]","[289.0, 99]","[298.0, 33]","[302.0, 33]",294.0,176,8.0,0.25
07:38:38,"[290.0, 7]","[289.0, 63]","[297.3, 23]","[300.86, 21]",293.65,114,7.3,0.23
07:38:39,"[290.0, 11]","[289.0, 99]","[299.79, 34]","[308.54, 28]",294.9,172,9.79,0.28
07:38:40,"[289.18, 80]","[288.2, 30]","[300.79, 42]","[302.0, 14]",294.98,166,11.61,0.33
07:38:41,"[289.0, 128]","[286.0, 16]","[298.88, 58]","[302.0, 16]",293.94,218,9.88,0.32
07:38:42,"[289.0, 113]","[286.0, 16]","[297.93, 72]","[300.0, 44]",293.47,245,8.93,0.05
07:38:43,"[289.0, 42]","[286.0, 6]","[297.0, 6]","[298.0, 30]",293.0,84,8.0,0.14
07:38:44,"[289.0, 34]","[286.0, 6]","[297.0, 6]","[298.0, 30]",293.0,76,8.0,0.05
07:38:45,"[289.0, 30]","[286.0, 10]","[296.1, 10]","[298.55, 55]",292.55,105,7.1,-0.24
07:38:46,"[287.08, 24]","[280.58, 33]","[295.0, 9]","[300.0, 49]",291.04,115,7.92,-0.01
07:38:47,"[280.0, 100]","[279.0, 255]","[294.4, 15]","[299.0, 75]",287.2,445,14.4,0.6
07:38:48,"[280.0, 80]","[279.0, 170]","[294.0, 10]","[298.29, 34]",287.0,294,14.0,0.7
07:38:49,"[279.39, 83]","[278.48, 103]","[293.5, 8]","[298.0, 24]",286.44,218,14.11,0.71
07:38:50,"[279.0, 209]","[174.88, 67]","[283.0, 13]","[297.09, 33]",281.0,322,4.0,0.71
07:38:51,"[279.05, 205]","[214.94, 66]","[292.0, 13]","[296.1, 63]",285.53,347,12.95,0.56
07:38:52,"[279.58, 134]","[278.92, 207]","[290.04, 54]","[292.3, 23]",284.81,418,10.45,0.63
07:38:53,"[281.0, 86]","[279.2, 153]","[289.48, 27]","[289.67, 18]",285.24,284,8.48,0.68
07:38:54,"[281.05, 126]","[280.02, 184]","[286.53, 19]","[287.39, 46]",283.79,375,5.48,0.65
07:38:55,"[282.64, 84]","[279.47, 139]","[286.57, 40]","[290.06, 17]",284.61,280,3.93,0.59
07:38:56,"[283.4, 60]","[278.0, 166]","[286.0, 30]","[292.08, 26]",284.7,282,2.6,0.6
07:38:57,"[284.0, 66]","[278.0, 165]","[290.08, 49]","[291.52, 31]",287.04,311,6.08,0.49
07:38:58,"[285.65, 46]","[280.99, 69]","[290.51, 49]","[291.2, 50]",288.08,214,4.86,0.07
07:38:59,"[286.0, 92]","[278.56, 64]","[289.25, 48]","[293.49, 51]",287.62,255,3.25,0.22
07:39:00,"[288.71, 62]","[286.56, 64]","[292.12, 72]","[294.29, 63]",290.42,261,3.42,-0.03
07:39:01,"[292.0, 25]","[291.0, 33]","[294.32, 37]","[295.75, 20]",293.16,115,2.32,0.01
07:39:02,"[291.78, 41]","[290.12, 32]","[295.0, 22]","[296.0, 11]",293.39,106,3.22,0.38
07:39:03,"[291.24, 51]","[289.51, 35]","[293.72, 50]","[294.46, 39]",292.48,175,2.48,-0.02
07:39:04,"[290.56, 27]","[288.82, 17]","[292.4, 40]","[293.81, 31]",291.48,115,1.84,-0.23
07:39:05,"[289.0, 24]","[288.0, 12]","[290.42, 48]","[297.0, 62]",289.71,146,1.42,-0.51
07:39:06,"[288.0, 7]","[286.0, 28]","[297.57, 7]","[300.0, 14]",292.79,56,9.57,0.25
07:39:07,"[288.0, 13]","[286.0, 52]","[296.23, 13]","[297.38, 13]",292.12,91,8.23,0.43
07:39:08,"[288.0, 14]","[286.0, 56]","[293.41, 22]","[294.76, 17]",290.7,109,5.41,0.28
07:39:09,"[280.89, 81]","[283.2, 60]","[288.24, 59]","[289.63, 49]",284.56,249,7.35,0.13
07:39:10,"[280.06, 53]","[279.26, 68]","[283.67, 43]","[284.59, 39]",281.87,203,3.62,0.19
07:39:11,"[279.86, 56]","[278.88, 50]","[281.0, 39]","[282.0, 13]",280.43,158,1.14,0.34
07:39:12,"[279.0, 50]","[276.0, 16]","[280.75, 16]","[282.0, 20]",279.88,102,1.75,0.29
07:39:13,"[279.0, 52]","[276.0, 16]","[281.0, 24]","[283.91, 22]",280.0,114,2.0,0.19
07:39:14,"[279.0, 100]","[276.0, 20]","[281.0, 30]","[282.0, 10]",280.0,160,2.0,0.5
07:39:15,"[279.0, 50]","[276.0, 10]","[281.0, 15]","[282.0, 5]",280.0,80,2.0,0.5
07:39:16,"[279.0, 100]","[273.0, 32]","[281.0, 30]","[282.0, 10]",280.0,172,2.0,0.53
07:39:17,"[279.0, 90]","[276.0, 9]","[280.33, 27]","[281.14, 21]",279.67,147,1.33,0.35
07:39:18,"[279.0, 70]","[276.0, 7]","[280.0, 35]","[281.0, 21]",279.5,133,1.0,0.16
07:39:19,"[279.0, 90]","[276.0, 9]","[280.0, 45]","[281.0, 27]",279.5,171,1.0,0.16
07:39:20,"[279.0, 60]","[276.0, 6]","[280.0, 25]","[281.0, 18]",279.5,109,1.0,0.21
07:39:21,"[279.0, 130]","[276.0, 13]","[280.0, 44]","[281.0, 39]",279.5,226,1.0,0.27
07:39:22,"[279.0, 80]","[276.0, 8]","[280.0, 16]","[281.0, 24]",279.5,128,1.0,0.38
07:39:23,"[279.0, 110]","[276.0, 11]","[280.37, 19]","[281.61, 31]",279.68,171,1.37,0.42
07:39:24,"[279.0, 100]","[276.0, 10]","[281.88, 49]","[283.33, 36]",280.44,195,2.88,0.13
07:39:25,"[279.0, 80]","[276.0, 8]","[281.0, 24]","[282.0, 48]",280.0,160,2.0,0.1
07:39:26,"[279.0, 90]","[276.0, 9]","[281.2, 30]","[282.12, 51]",280.1,180,2.2,0.1
07:39:27,"[279.95, 44]","[278.95, 122]","[282.0, 84]","[289.0, 42]",280.98,292,2.05,0.14
07:39:28,"[277.94, 63]","[275.51, 65]","[282.0, 60]","[288.45, 33]",279.97,221,4.06,0.16
07:39:29,"[277.0, 99]","[270.76, 38]","[282.0, 44]","[284.0, 22]",279.5,203,5.0,0.35
07:39:30,"[277.16, 76]","[275.08, 50]","[282.0, 45]","[284.0, 24]",279.58,195,4.84,0.29
07:39:31,"[280.0, 13]","[276.54, 117]","[282.0, 26]","[284.0, 26]",281.0,182,2.0,0.43
07:39:32,"[280.81, 43]","[275.05, 100]","[282.0, 28]","[284.0, 30]",281.41,201,1.19,0.42
07:39:33,"[276.88, 16]","[273.02, 100]","[288.83, 30]","[287.24, 21]",282.85,167,11.96,0.39
07:39:34,"[276.73, 60]","[275.13, 15]","[288.29, 31]","[291.28, 29]",282.51,135,11.56,0.11
07:39:35,"[277.8, 40]","[275.0, 26]","[279.0, 10]","[288.8, 30]",278.4,106,1.2,0.25
07:39:36,"[276.07, 56]","[274.92, 49]","[280.41, 17]","[284.56, 27]",278.24,149,4.34,0.41
07:39:37,"[275.0, 99]","[274.0, 11]","[281.0, 33]","[289.0, 33]",278.0,176,6.0,0.25
07:39:38,"[276.0, 33]","[275.0, 99]","[281.0, 33]","[283.86, 42]",278.5,207,5.0,0.28
07:39:39,"[276.0, 30]","[275.0, 90]","[280.08, 39]","[281.17, 47]",278.04,206,4.08,0.17
07:39:40,"[277.17, 36]","[274.5, 108]","[279.17, 24]","[281.0, 60]",278.17,228,2.0,0.26
07:39:41,"[273.72, 65]","[271.0, 63]","[280.8, 59]","[282.36, 47]",277.26,234,7.07,0.09
07:39:42,"[274.94, 16]","[272.62, 144]","[281.0, 117]","[283.0, 64]",277.97,341,6.06,-0.06
07:39:43,"[275.82, 11]","[273.0, 27]","[281.0, 20]","[283.0, 44]",278.41,102,5.18,-0.25
07:39:44,"[277.13, 15]","[275.4, 15]","[281.0, 76]","[283.0, 60]",279.07,166,3.87,-0.64
07:39:45,"[279.11, 19]","[277.89, 19]","[281.0, 114]","[283.0, 76]",280.05,228,1.89,-0.67
07:39:46,"[278.86, 14]","[270.04, 178]","[281.0, 71]","[283.0, 56]",279.93,319,2.14,0.2
07:39:47,"[270.45, 87]","[269.16, 147]","[281.0, 78]","[283.0, 68]",275.72,380,10.55,0.23
07:39:48,"[270.0, 108]","[267.1, 51]","[281.0, 30]","[283.0, 24]",275.5,213,11.0,0.49
07:39:49,"[270.04, 75]","[268.8, 90]","[281.0, 35]","[283.0, 28]",275.52,228,10.96,0.45
07:39:50,"[272.62, 13]","[270.09, 94]","[281.0, 45]","[283.0, 36]",276.81,188,8.38,0.14
07:39:51,"[273.89, 18]","[273.07, 15]","[281.0, 55]","[283.0, 44]",277.44,132,7.11,-0.5
07:39:52,"[276.82, 49]","[275.3, 20]","[281.0, 65]","[283.0, 52]",278.91,186,4.18,-0.26
07:39:53,"[279.49, 97]","[279.26, 117]","[283.0, 66]","[291.85, 47]",281.25,327,3.51,0.31
07:39:54,"[285.2, 114]","[284.26, 129]","[291.0, 96]","[357.0, 48]",288.1,387,5.8,0.26
07:39:55,"[289.0, 134]","[287.0, 26]","[290.58, 72]","[315.42, 57]",289.79,289,1.58,0.11
07:39:56,"[287.0, 20]","[285.0, 10]","[291.0, 52]","[426.28, 25]",289.0,107,4.0,-0.44
07:39:57,"[280.74, 46]","[277.96, 23]","[289.91, 58]","[291.22, 41]",285.33,168,9.17,-0.18
07:39:58,"[280.07, 54]","[277.92, 52]","[283.06, 32]","[286.4, 25]",281.57,163,2.99,0.3
07:39:59,"[281.8, 25]","[272.97, 77]","[283.38, 16]","[289.14, 35]",282.59,153,1.57,0.33
07:40:00,"[271.15, 293]","[270.69, 61]","[283.19, 42]","[289.0, 48]",277.17,444,12.04,0.59
07:40:01,"[271.34, 115]","[271.41, 136]","[283.0, 70]","[284.0, 14]",277.17,335,11.66,0.5
07:40:02,"[276.0, 9]","[272.0, 171]","[286.27, 33]","[289.6, 15]",281.14,228,10.27,0.58
07:40:03,"[272.05, 164]","[271.41, 74]","[288.91, 11]","[290.9, 21]",280.48,270,16.86,0.76
07:40:04,"[272.62, 128]","[271.18, 204]","[281.15, 40]","[294.48, 25]",276.89,397,8.52,0.67
07:40:05,"[273.77, 31]","[272.33, 48]","[279.0, 45]","[284.0, 18]",276.39,142,5.23,0.11
07:40:06,"[274.64, 33]","[273.0, 44]","[279.41, 49]","[334.15, 26]",277.02,152,4.77,0.01
07:40:07,"[276.78, 27]","[273.0, 36]","[293.4, 20]","[353.54, 26]",285.09,109,16.62,0.16
07:40:08,"[278.38, 26]","[274.74, 43]","[363.33, 24]","[521.38, 26]",320.86,119,84.95,0.16
07:40:09,"[287.06, 72]","[285.0, 55]","[379.03, 77]","[392.06, 32]",333.04,236,91.97,0.08
07:40:10,"[286.56, 64]","[284.77, 39]","[309.12, 40]","[352.07, 41]",297.84,184,22.56,0.12
07:40:11,"[286.45, 101]","[285.74, 95]","[307.14, 70]","[445.35, 40]",296.79,306,20.7,0.28
07:40:12,"[290.0, 51]","[289.0, 9]","[307.0, 45]","[387.67, 18]",298.5,123,17.0,-0.02
07:40:13,"[289.8, 25]","[286.25, 60]","[305.6, 50]","[546.56, 27]",297.7,162,15.8,0.05
07:40:14,"[288.0, 10]","[284.57, 44]","[304.6, 50]","[359.11, 19]",296.3,123,16.6,-0.12
07:40:15,"[285.6, 20]","[279.29, 14]","[301.37, 67]","[330.14, 59]",293.49,160,15.77,-0.57
07:40:16,"[284.0, 84]","[269.0, 8]","[299.9, 39]","[300.85, 33]",291.95,164,15.9,0.12
07:40:17,"[284.18, 90]","[281.62, 21]","[298.82, 44]","[300.0, 55]",291.5,210,14.64,0.06
07:40:18,"[287.56, 54]","[285.38, 29]","[297.93, 56]","[300.0, 70]",292.74,209,10.37,-0.21
07:40:19,"[288.82, 44]","[284.0, 22]","[296.89, 45]","[299.78, 54]",292.85,165,8.07,-0.2
07:40:20,"[287.1, 29]","[280.75, 16]","[295.0, 11]","[296.4, 50]",291.05,106,7.9,-0.15
07:40:21,"[284.0, 14]","[277.0, 57]","[293.23, 30]","[296.4, 30]",288.62,131,9.23,0.08
07:40:22,"[284.0, 13]","[277.0, 39]","[291.65, 46]","[292.74, 19]",287.83,117,7.65,-0.11
07:40:23,"[277.7, 30]","[222.96, 28]","[288.54, 26]","[289.43, 46]",283.12,130,10.84,-0.11
07:40:24,"[277.0, 27]","[116.27, 111]","[288.55, 44]","[305.6, 20]",282.77,202,11.55,0.37
07:40:25,"[287.62, 89]","[211.2, 81]","[440.7, 46]","[541.59, 44]",364.16,260,153.08,0.31
07:40:26,"[292.0, 50]","[286.5, 10]","[570.18, 34]","[589.78, 23]",431.09,117,278.18,0.03
07:40:27,"[294.0, 33]","[292.0, 20]","[570.0, 16]","[571.0, 8]",432.0,77,276.0,0.38
07:40:28,"[294.0, 48]","[292.0, 40]","[569.12, 32]","[574.65, 23]",431.56,143,275.12,0.23
07:40:29,"[294.0, 48]","[292.0, 40]","[568.0, 32]","[575.0, 24]",431.0,144,274.0,0.22
07:40:30,"[294.0, 36]","[292.0, 30]","[564.2, 15]","[572.89, 19]",429.1,100,270.2,0.32
07:40:31,"[294.0, 54]","[292.0, 45]","[306.53, 30]","[446.67, 15]",300.27,144,12.53,0.38
07:40:32,"[294.0, 24]","[292.0, 20]","[305.0, 16]","[308.0, 4]",299.5,64,11.0,0.38
07:40:33,"[294.0, 36]","[292.0, 35]","[304.86, 28]","[360.86, 7]",299.43,106,10.86,0.34
07:40:34,"[294.0, 44]","[292.0, 50]","[304.0, 40]","[391.9, 10]",299.0,144,10.0,0.31
07:40:35,"[293.43, 14]","[291.86, 29]","[304.0, 28]","[481.0, 7]",298.71,78,10.57,0.1
07:40:36,"[291.7, 20]","[290.65, 17]","[303.73, 22]","[335.93, 28]",297.71,87,12.03,-0.15
07:40:37,"[291.0, 22]","[289.0, 11]","[300.89, 19]","[303.84, 38]",295.95,90,9.89,-0.27
07:40:38,"[291.0, 22]","[289.31, 13]","[299.56, 27]","[300.1, 39]",295.28,101,8.56,-0.31
07:40:39,"[291.0, 26]","[290.0, 26]","[294.8, 49]","[296.29, 52]",292.9,153,3.8,-0.32
07:40:40,"[289.81, 27]","[287.93, 27]","[291.63, 57]","[294.45, 44]",290.72,155,1.82,-0.3
07:40:41,"[288.88, 33]","[286.93, 15]","[289.98, 41]","[290.71, 14]",289.43,103,1.1,-0.07
07:40:42,"[288.0, 37]","[286.0, 18]","[289.0, 9]","[290.0, 36]",288.5,100,1.0,0.1
07:40:43,"[288.0, 30]","[286.0, 22]","[289.73, 30]","[301.87, 30]",288.87,112,1.73,-0.07
07:40:44,"[291.71, 56]","[287.69, 26]","[296.0, 26]","[438.91, 22]",293.86,130,4.29,0.26
07:40:45,"[294.0, 9]","[292.0, 36]","[352.25, 12]","[438.8, 15]",323.12,72,58.25,0.25
07:40:46,"[293.29, 17]","[291.52, 50]","[307.23, 31]","[439.32, 19]",300.26,117,13.93,0.15
07:40:47,"[292.0, 24]","[289.77, 88]","[296.0, 36]","[368.76, 51]",294.0,199,4.0,0.13
07:40:48,"[291.17, 12]","[290.01, 181]","[296.0, 33]","[359.31, 52]",293.58,278,4.83,0.39
07:40:49,"[291.0, 8]","[290.0, 144]","[295.08, 38]","[310.04, 26]",293.04,216,4.08,0.41
07:40:50,"[291.0, 6]","[290.0, 108]","[294.71, 21]","[297.25, 24]",292.86,159,3.71,0.43
07:40:51,"[290.4, 30]","[289.97, 219]","[292.88, 40]","[294.36, 44]",291.64,333,2.48,0.5
07:40:52,"[290.0, 255]","[288.0, 51]","[291.3, 67]","[294.41, 51]",290.65,424,1.3,0.44
07:40:53,"[290.0, 91]","[288.0, 30]","[291.0, 10]","[296.6, 30]",290.5,161,1.0,0.5
07:40:54,"[290.0, 75]","[288.25, 24]","[301.79, 28]","[363.4, 50]",295.89,177,11.79,0.12
07:40:55,"[290.0, 54]","[289.0, 9]","[305.0, 27]","[385.0, 45]",297.5,135,15.0,-0.07
07:40:56,"[290.0, 42]","[289.0, 8]","[305.0, 21]","[385.0, 35]",297.5,106,15.0,-0.06
07:40:57,"[290.0, 48]","[289.0, 16]","[305.0, 24]","[377.5, 22]",297.5,110,15.0,0.16
07:40:58,"[290.0, 20]","[289.0, 20]","[305.0, 30]","[308.78, 18]",297.5,88,15.0,-0.09
07:40:59,"[290.0, 9]","[289.0, 18]","[305.0, 27]","[308.6, 15]",297.5,69,15.0,-0.22
07:41:00,"[290.0, 13]","[289.0, 26]","[305.0, 39]","[322.24, 21]",297.5,99,15.0,-0.21
07:41:01,"[290.0, 7]","[289.0, 14]","[305.0, 21]","[380.71, 7]",297.5,49,15.0,-0.14
07:41:02,"[288.0, 104]","[286.0, 56]","[303.47, 17]","[309.59, 22]",295.74,199,15.47,0.61
07:41:03,"[288.0, 204]","[286.0, 91]","[302.38, 26]","[306.46, 39]",295.19,360,14.38,0.64
07:41:04,"[288.0, 192]","[286.0, 91]","[302.0, 26]","[307.0, 39]",295.0,348,14.0,0.63
07:41:05,"[288.18, 136]","[287.29, 118]","[302.0, 28]","[307.0, 42]",295.09,324,13.82,0.57
07:41:06,"[288.0, 78]","[286.0, 247]","[301.77, 26]","[307.15, 39]",294.88,390,13.77,0.67
07:41:07,"[288.0, 50]","[286.0, 190]","[301.0, 20]","[308.0, 30]",294.5,290,13.0,0.66
07:41:08,"[287.14, 77]","[285.67, 218]","[299.88, 32]","[302.81, 52]",293.51,379,12.73,0.56
07:41:09,"[292.83, 36]","[287.25, 72]","[295.57, 28]","[296.87, 30]",294.2,166,2.74,0.3
07:41:10,"[287.0, 40]","[285.06, 96]","[290.29, 34]","[291.22, 36]",288.65,206,3.29,0.32
07:41:11,"[284.53, 68]","[283.49, 129]","[287.06, 32]","[293.55, 33]",285.8,262,2.53,0.5
07:41:12,"[283.38, 89]","[282.44, 81]","[285.64, 22]","[302.55, 31]",284.51,223,2.25,0.52
07:41:13,"[283.0, 66]","[280.0, 18]","[284.5, 12]","[303.67, 18]",283.75,114,1.5,0.47
07:41:14,"[283.0, 63]","[280.0, 21]","[301.0, 21]","[618.91, 33]",292.0,138,18.0,0.22
07:41:15,"[283.0, 27]","[280.0, 9]","[301.0, 9]","[737.55, 11]",292.0,56,18.0,0.29
07:41:16,"[286.06, 48]","[284.25, 36]","[301.0, 30]","[583.14, 42]",293.53,156,14.94,0.08
07:41:17,"[290.0, 10]","[287.0, 30]","[440.76, 34]","[489.8, 44]",365.38,118,150.76,-0.32
07:41:18,"[287.0, 9]","[282.28, 29]","[406.43, 35]","[485.3, 37]",346.71,110,119.43,-0.31
07:41:19,"[287.0, 8]","[283.0, 32]","[303.0, 24]","[401.62, 34]",295.0,98,16.0,-0.18
07:41:20,"[287.0, 7]","[282.15, 26]","[303.0, 21]","[366.0, 28]",295.0,82,16.0,-0.2
07:41:21,"[291.82, 28]","[285.75, 12]","[303.0, 30]","[449.47, 43]",297.41,113,11.18,-0.29
07:41:22,"[292.0, 21]","[287.0, 7]","[303.0, 21]","[488.41, 34]",297.5,83,11.0,-0.33
07:41:23,"[290.8, 30]","[288.12, 16]","[302.75, 32]","[455.63, 41]",296.77,119,11.95,-0.23
07:41:24,"[289.0, 33]","[287.0, 11]","[302.0, 44]","[303.0, 33]",295.5,121,13.0,-0.27
07:41:25,"[287.8, 15]","[286.18, 11]","[298.27, 41]","[302.17, 36]",293.03,103,10.47,-0.5
07:41:26,"[285.79, 14]","[283.58, 19]","[288.17, 58]","[291.18, 57]",286.98,148,2.39,-0.55
07:41:27,"[284.0, 10]","[281.1, 20]","[286.16, 38]","[290.0, 40]",285.08,108,2.16,-0.44
07:41:28,"[284.0, 10]","[281.0, 24]","[285.36, 33]","[288.1, 40]",284.68,107,1.36,-0.36
07:41:29,"[282.62, 13]","[251.6, 20]","[290.32, 19]","[293.97, 37]",286.47,89,7.7,-0.26
07:41:30,"[281.43, 7]","[207.5, 8]","[293.0, 12]","[297.0, 9]",287.21,36,11.57,-0.17
07:41:31,"[282.85, 39]","[281.11, 18]","[293.0, 52]","[297.0, 39]",287.92,148,10.15,-0.23
07:41:32,"[285.45, 22]","[282.67, 18]","[293.0, 40]","[297.0, 30]",289.23,110,7.55,-0.27
07:41:33,"[292.0, 10]","[288.05, 38]","[293.0, 40]","[297.0, 30]",292.5,118,1.0,-0.19
07:41:34,"[287.58, 19]","[288.71, 17]","[293.0, 28]","[297.0, 21]",290.29,85,5.42,-0.15
07:41:35,"[286.0, 42]","[279.0, 6]","[293.0, 24]","[297.0, 18]",289.5,90,7.0,0.07
07:41:36,"[286.0, 28]","[279.0, 4]","[293.0, 16]","[297.3, 10]",289.5,58,7.0,0.1
07:41:37,"[286.0, 77]","[279.0, 11]","[293.3, 44]","[294.85, 34]",289.65,166,7.3,0.06
07:41:38,"[286.22, 36]","[283.08, 12]","[294.17, 18]","[296.0, 24]",290.19,90,7.94,0.07
07:41:39,"[282.35, 81]","[279.67, 21]","[288.04, 54]","[294.47, 47]",285.19,203,5.69,0.0
07:41:40,"[279.27, 11]","[278.01, 71]","[283.0, 22]","[284.82, 44]",281.14,148,3.73,0.11
07:41:41,"[279.0, 14]","[278.0, 98]","[280.47, 45]","[283.0, 24]",279.73,181,1.47,0.24
07:41:42,"[278.22, 27]","[277.6, 45]","[280.0, 37]","[281.0, 9]",279.11,118,1.78,0.22
07:41:43,"[278.0, 42]","[272.0, 6]","[280.0, 18]","[281.0, 6]",279.0,72,2.0,0.33
07:41:44,"[278.0, 49]","[272.0, 7]","[280.57, 21]","[282.6, 10]",279.29,87,2.57,0.29
07:41:45,"[278.0, 56]","[272.0, 8]","[283.64, 14]","[284.44, 27]",280.82,105,5.64,0.22
07:41:46,"[278.0, 49]","[272.0, 7]","[282.14, 7]","[284.0, 21]",280.07,84,4.14,0.33
07:41:47,"[278.0, 49]","[272.0, 7]","[281.57, 7]","[286.31, 26]",279.79,89,3.57,0.26
07:41:48,"[278.0, 84]","[270.4, 20]","[280.08, 12]","[287.25, 48]",279.04,164,2.08,0.27
07:41:49,"[278.0, 84]","[258.25, 24]","[280.0, 22]","[288.0, 48]",279.0,178,2.0,0.21
07:41:50,"[278.0, 119]","[272.22, 37]","[280.0, 102]","[288.0, 68]",279.0,326,2.0,-0.04
07:41:51,"[278.0, 70]","[276.0, 30]","[279.96, 49]","[287.78, 37]",278.98,186,1.96,0.08
07:41:52,"[278.0, 74]","[276.0, 36]","[279.77, 13]","[281.62, 42]",278.88,165,1.77,0.33
07:41:53,"[278.7, 80]","[277.22, 54]","[280.6, 20]","[281.82, 44]",279.65,198,1.9,0.35
07:41:54,"[278.65, 92]","[274.91, 66]","[281.63, 38]","[284.67, 48]",280.14,244,2.98,0.3
07:41:55,"[275.16, 50]","[274.53, 45]","[284.0, 44]","[288.0, 44]",279.58,183,8.84,0.04
07:41:56,"[276.19, 27]","[274.04, 101]","[283.0, 30]","[285.83, 46]",279.59,204,6.81,0.25
07:41:57,"[278.29, 31]","[275.59, 27]","[282.0, 16]","[284.0, 74]",280.15,148,3.71,-0.22
07:41:58,"[280.75, 32]","[277.55, 11]","[283.39, 33]","[285.11, 54]",282.07,130,2.64,-0.34
07:41:59,"[281.0, 52]","[271.32, 19]","[283.0, 65]","[284.0, 78]",282.0,214,2.0,-0.34
07:42:00,"[282.0, 40]","[268.77, 26]","[283.0, 50]","[284.0, 50]",282.5,166,1.0,-0.2
07:42:01,"[282.12, 32]","[269.0, 16]","[283.85, 33]","[289.12, 34]",282.99,115,1.72,-0.17
07:42:02,"[283.0, 27]","[267.67, 27]","[284.0, 44]","[289.0, 60]",283.5,158,1.0,-0.32
07:42:03,"[283.93, 46]","[271.03, 31]","[288.72, 53]","[292.43, 35]",286.33,165,4.78,-0.07
07:42:04,"[284.58, 24]","[280.07, 70]","[289.0, 70]","[293.0, 42]",286.79,206,4.42,-0.09
07:42:05,"[284.55, 22]","[273.42, 52]","[288.18, 44]","[289.92, 52]",286.36,170,3.64,-0.13
07:42:06,"[285.0, 51]","[284.0, 12]","[287.37, 30]","[290.14, 50]",286.18,143,2.37,-0.12
07:42:07,"[284.6, 15]","[274.23, 30]","[287.0, 9]","[290.45, 31]",285.8,85,2.4,0.06
07:42:08,"[284.0, 5]","[275.0, 10]","[289.0, 20]","[292.0, 15]",286.5,50,5.0,-0.4
07:42:09,"[289.04, 25]","[279.2, 15]","[291.65, 34]","[294.85, 20]",290.34,94,2.61,-0.15
07:42:10,"[290.0, 18]","[284.0, 6]","[295.12, 8]","[323.0, 10]",292.56,42,5.12,0.14
07:42:11,"[290.0, 24]","[285.2, 10]","[297.0, 8]","[319.56, 36]",293.5,78,7.0,-0.13
07:42:12,"[290.33, 36]","[288.55, 33]","[297.0, 11]","[321.07, 43]",293.67,123,6.67,0.12
07:42:13,"[291.5, 32]","[290.57, 28]","[295.29, 14]","[307.0, 8]",293.39,82,3.79,0.46
07:42:14,"[292.0, 28]","[291.0, 28]","[295.0, 14]","[297.0, 7]",293.5,77,3.0,0.45
07:42:15,"[292.0, 32]","[291.0, 32]","[295.0, 16]","[299.5, 32]",293.5,112,3.0,0.14
07:42:16,"[292.0, 32]","[291.0, 32]","[295.0, 16]","[297.0, 40]",293.5,120,3.0,0.07
07:42:17,"[292.0, 40]","[291.0, 40]","[295.0, 20]","[297.0, 50]",293.5,150,3.0,0.07
07:42:18,"[292.0, 47]","[291.0, 48]","[295.0, 24]","[297.0, 60]",293.5,179,3.0,0.06
07:42:19,"[292.0, 36]","[291.0, 48]","[295.0, 24]","[297.0, 60]",293.5,168,3.0,0.0
07:42:20,"[292.0, 30]","[291.0, 40]","[294.61, 23]","[296.71, 41]",293.3,134,2.61,0.04
07:42:21,"[291.55, 44]","[290.68, 47]","[295.52, 40]","[298.51, 35]",293.54,166,3.98,0.1
07:42:22,"[291.0, 44]","[290.0, 33]","[296.22, 51]","[300.55, 55]",293.61,183,5.22,-0.16
07:42:23,"[289.64, 44]","[288.57, 42]","[291.64, 14]","[298.9, 50]",290.64,150,2.01,0.15
07:42:24,"[289.0, 19]","[287.2, 30]","[291.0, 9]","[292.0, 9]",290.0,67,2.0,0.46
07:42:25,"[289.0, 18]","[288.0, 27]","[291.06, 33]","[297.29, 17]",290.03,95,2.06,-0.05
07:42:26,"[288.78, 18]","[285.87, 45]","[289.82, 55]","[297.09, 11]",289.3,129,1.04,-0.02
07:42:27,"[284.4, 70]","[283.0, 49]","[288.4, 50]","[289.74, 54]",286.4,223,4.0,0.07
07:42:28,"[284.58, 104]","[282.78, 60]","[287.25, 40]","[288.42, 72]",285.91,276,2.67,0.19
07:42:29,"[277.7, 10]","[275.2, 10]","[287.14, 28]","[291.4, 30]",282.42,78,9.44,-0.49
07:42:30,"[277.0, 15]","[275.68, 41]","[286.13, 45]","[291.0, 40]",281.57,141,9.13,-0.21
07:42:31,"[277.11, 19]","[273.52, 29]","[283.75, 53]","[288.61, 54]",280.43,155,6.65,-0.38
07:42:32,"[273.0, 24]","[270.0, 108]","[278.25, 32]","[281.57, 28]",275.62,192,5.25,0.38
07:42:33,"[273.0, 22]","[270.0, 99]","[276.36, 33]","[279.0, 22]",274.68,176,3.36,0.38
07:42:34,"[273.0, 15]","[270.02, 91]","[276.0, 33]","[279.0, 22]",274.5,161,3.0,0.32
07:42:35,"[273.0, 10]","[272.0, 10]","[282.46, 39]","[285.89, 19]",277.73,78,9.46,-0.49
07:42:36,"[273.0, 14]","[272.0, 14]","[279.55, 47]","[283.0, 44]",276.28,119,6.55,-0.53
07:42:37,"[273.0, 6]","[272.0, 6]","[279.27, 22]","[282.47, 38]",276.14,72,6.27,-0.67
07:42:38,"[277.64, 36]","[272.93, 14]","[282.0, 70]","[283.0, 126]",279.82,246,4.36,-0.59
07:42:39,"[272.25, 8]","[269.33, 64]","[282.0, 40]","[283.0, 72]",277.12,184,9.75,-0.22
07:42:40,"[273.0, 18]","[272.0, 9]","[282.0, 45]","[283.0, 81]",277.5,153,9.0,-0.65
07:42:41,"[274.0, 25]","[272.86, 44]","[282.57, 94]","[283.6, 90]",278.29,253,8.57,-0.45
07:42:42,"[274.85, 47]","[272.25, 32]","[283.0, 64]","[286.0, 33]",278.93,176,8.15,-0.1
07:42:43,"[275.47, 170]","[274.35, 17]","[282.84, 61]","[285.55, 53]",279.15,301,7.37,0.24
07:42:44,"[276.67, 180]","[275.0, 18]","[282.89, 54]","[285.67, 54]",279.78,306,6.22,0.29
07:42:45,"[278.48, 87]","[276.57, 81]","[282.14, 44]","[284.07, 45]",280.31,257,3.65,0.31
07:42:46,"[271.67, 119]","[270.98, 120]","[284.75, 36]","[286.23, 53]",278.21,328,13.08,0.46
07:42:47,"[272.0, 84]","[270.0, 7]","[283.0, 13]","[285.17, 29]",277.5,133,11.0,0.37
07:42:48,"[272.0, 132]","[270.82, 11]","[281.95, 38]","[283.89, 46]",276.97,227,9.95,0.26
07:42:49,"[272.25, 112]","[268.05, 65]","[280.95, 63]","[281.83, 36]",276.6,276,8.7,0.28
07:42:50,"[274.85, 54]","[271.89, 144]","[280.0, 81]","[281.32, 50]",277.43,329,5.15,0.2
07:42:51,"[274.15, 78]","[269.61, 92]","[280.0, 60]","[283.56, 45]",277.08,275,5.85,0.24
07:42:52,"[276.37, 86]","[275.25, 96]","[279.7, 43]","[279.86, 28]",278.03,253,3.33,0.44
07:42:53,"[277.0, 88]","[276.0, 66]","[279.73, 15]","[280.48, 23]",278.37,192,2.73,0.6
07:42:54,"[278.77, 88]","[277.54, 78]","[284.0, 56]","[287.0, 56]",281.39,278,5.23,0.19
07:42:55,"[282.24, 92]","[280.0, 68]","[284.0, 22]","[287.0, 106]",283.12,288,1.76,0.11
07:42:56,"[283.71, 49]","[279.35, 43]","[525.26, 31]","[554.39, 51]",404.49,174,241.54,0.06
07:42:57,"[288.5, 40]","[285.52, 29]","[527.0, 30]","[541.0, 50]",407.75,149,238.5,-0.07
07:42:58,"[292.0, 20]","[290.0, 10]","[527.0, 15]","[541.0, 25]",409.5,70,235.0,-0.14
07:42:59,"[292.0, 56]","[290.0, 28]","[500.42, 62]","[602.57, 54]",396.21,200,208.42,-0.16
07:43:00,"[292.0, 28]","[290.0, 14]","[391.14, 35]","[469.36, 33]",341.57,110,99.14,-0.24
07:43:01,"[290.33, 24]","[289.06, 32]","[385.73, 55]","[414.27, 55]",338.03,166,95.39,-0.33
07:43:02,"[290.0, 26]","[289.0, 39]","[362.88, 51]","[388.46, 65]",326.44,181,72.88,-0.28
07:43:03,"[286.4, 20]","[284.9, 21]","[388.0, 45]","[389.0, 45]",337.2,131,101.6,-0.37
07:43:04,"[280.0, 28]","[268.83, 41]","[384.4, 43]","[388.78, 45]",332.2,157,104.4,-0.12
07:43:05,"[271.0, 22]","[267.0, 99]","[374.39, 36]","[385.56, 43]",322.69,200,103.39,0.21
07:43:06,"[271.0, 18]","[267.0, 81]","[325.35, 26]","[368.32, 34]",298.17,159,54.35,0.25
07:43:07,"[271.0, 18]","[267.0, 81]","[293.42, 24]","[322.89, 38]",282.21,161,22.42,0.23
07:43:08,"[271.0, 24]","[267.0, 108]","[314.67, 60]","[525.67, 36]",292.83,228,43.67,0.16
07:43:09,"[287.9, 51]","[282.29, 93]","[312.67, 75]","[557.88, 32]",300.28,251,24.76,0.15
07:43:10,"[289.95, 37]","[287.15, 195]","[384.58, 67]","[456.88, 48]",337.26,347,94.64,0.34
07:43:11,"[287.23, 35]","[286.89, 81]","[388.86, 42]","[456.2, 40]",338.04,198,101.63,0.17
07:43:12,"[288.24, 38]","[286.89, 57]","[379.0, 36]","[380.0, 27]",333.62,158,90.76,0.2
07:43:13,"[289.0, 33]","[287.05, 74]","[319.47, 38]","[361.85, 39]",304.24,184,30.47,0.16
07:43:14,"[289.0, 30]","[288.0, 40]","[303.0, 40]","[560.0, 20]",296.0,130,14.0,0.08
07:43:15,"[289.0, 22]","[288.0, 40]","[301.8, 40]","[316.21, 38]",295.4,140,12.8,-0.11
07:43:16,"[289.0, 9]","[288.0, 36]","[300.78, 36]","[302.0, 36]",294.89,117,11.78,-0.23
07:43:17,"[289.0, 11]","[288.0, 44]","[297.0, 44]","[298.18, 44]",293.0,143,8.0,-0.23
07:43:18,"[289.0, 11]","[288.0, 44]","[294.55, 44]","[295.64, 44]",291.77,143,5.55,-0.23
07:43:19,"[289.0, 12]","[288.0, 48]","[291.83, 48]","[294.67, 48]",290.42,156,2.83,-0.23
07:43:20,"[288.37, 19]","[287.57, 49]","[290.2, 40]","[317.4, 40]",289.28,148,1.83,-0.08
07:43:21,"[288.0, 37]","[287.0, 70]","[289.25, 32]","[321.74, 39]",288.62,178,1.25,0.2
07:43:22,"[287.17, 12]","[286.7, 20]","[290.0, 16]","[329.0, 16]",288.58,64,2.83,0.0
07:43:23,"[287.0, 63]","[286.0, 39]","[290.0, 52]","[480.5, 42]",288.5,196,3.0,0.04
07:43:24,"[287.0, 18]","[286.0, 18]","[290.0, 24]","[363.0, 24]",288.5,84,3.0,-0.14
07:43:25,"[288.9, 63]","[286.91, 33]","[290.0, 44]","[459.73, 44]",289.45,184,1.1,0.04
07:43:26,"[288.44, 18]","[286.12, 24]","[412.5, 24]","[569.0, 30]",350.47,96,124.06,-0.12
07:43:27,"[285.28, 50]","[283.33, 108]","[356.95, 63]","[424.14, 77]",321.12,298,71.67,0.06
07:43:28,"[284.0, 32]","[278.0, 68]","[312.25, 59]","[349.12, 50]",298.13,209,28.25,-0.04
07:43:29,"[284.0, 9]","[282.0, 9]","[355.17, 24]","[440.0, 24]",319.58,66,71.17,-0.45
07:43:30,"[283.67, 12]","[277.5, 20]","[384.0, 32]","[453.5, 44]",333.83,108,100.33,-0.41
07:43:31,"[287.14, 14]","[276.38, 16]","[369.75, 16]","[407.71, 35]",328.45,81,82.61,-0.26
07:43:32,"[288.0, 26]","[286.53, 43]","[334.11, 38]","[388.91, 44]",311.05,151,46.11,-0.09
07:43:33,"[288.0, 10]","[287.0, 30]","[303.6, 10]","[305.0, 25]",295.8,75,15.6,0.07
07:43:34,"[288.28, 36]","[286.93, 56]","[300.94, 32]","[303.81, 54]",294.61,178,12.66,0.03
07:43:35,"[291.85, 39]","[289.41, 22]","[297.59, 34]","[299.16, 38]",294.72,133,5.74,-0.08
07:43:36,"[291.64, 39]","[289.14, 57]","[293.65, 46]","[294.96, 46]",292.65,188,2.01,0.02
07:43:37,"[290.0, 7]","[289.0, 49]","[291.25, 16]","[292.08, 26]",290.62,98,1.25,0.14
07:43:38,"[289.03, 34]","[287.33, 43]","[480.35, 17]","[584.91, 22]",384.69,116,191.32,0.33
07:43:39,"[289.0, 11]","[287.0, 44]","[367.46, 26]","[385.12, 17]",328.23,98,78.46,0.12
07:43:40,"[289.0, 7]","[287.0, 28]","[320.63, 19]","[324.8, 10]",304.82,64,31.63,0.09
07:43:41,"[287.0, 47]","[285.0, 17]","[291.35, 34]","[316.0, 41]",289.18,139,4.35,-0.08
07:43:42,"[286.64, 22]","[283.8, 10]","[288.64, 22]","[306.64, 22]",287.64,76,2.0,-0.16
07:43:43,"[226.13, 39]","[211.62, 40]","[288.0, 22]","[321.0, 22]",257.06,123,61.87,0.28
07:43:44,"[243.77, 100]","[237.42, 12]","[310.71, 17]","[433.37, 19]",277.24,148,66.94,0.51
07:43:45,"[282.23, 156]","[244.57, 56]","[425.48, 23]","[555.57, 14]",353.85,249,143.25,0.7
07:43:46,"[289.0, 228]","[277.38, 13]","[416.25, 24]","[570.63, 19]",352.62,284,127.25,0.7
07:43:47,"[289.0, 136]","[288.0, 8]","[387.23, 13]","[503.69, 13]",338.12,170,98.23,0.69
07:43:48,"[289.0, 142]","[288.0, 8]","[385.12, 16]","[514.0, 12]",337.06,178,96.12,0.69
07:43:49,"[289.0, 209]","[288.0, 11]","[385.0, 22]","[592.36, 11]",337.0,253,96.0,0.74
07:43:50,"[289.0, 152]","[288.0, 8]","[385.0, 16]","[528.11, 9]",337.0,185,96.0,0.73
07:43:51,"[289.0, 228]","[288.0, 12]","[385.0, 24]","[448.59, 22]",337.0,286,96.0,0.68
07:43:52,"[289.0, 190]","[288.0, 10]","[305.18, 17]","[326.38, 16]",297.09,233,16.18,0.72
07:43:53,"[291.0, 22]","[289.0, 161]","[299.0, 22]","[304.4, 15]",295.0,220,8.0,0.66
07:43:54,"[291.0, 22]","[289.0, 143]","[297.89, 18]","[305.76, 17]",294.44,200,6.89,0.65
07:43:55,"[289.57, 77]","[288.97, 148]","[301.04, 23]","[302.48, 25]",295.31,273,11.47,0.65
07:43:56,"[289.0, 176]","[288.0, 16]","[295.0, 26]","[297.05, 22]",292.0,240,6.0,0.6
07:43:57,"[289.0, 88]","[288.0, 12]","[292.11, 19]","[293.0, 17]",290.55,136,3.11,0.47
07:43:58,"[289.0, 48]","[288.0, 8]","[290.4, 10]","[340.39, 18]",289.7,84,1.4,0.33
07:43:59,"[289.0, 18]","[288.0, 9]","[398.27, 30]","[505.06, 18]",343.63,75,109.27,-0.28
07:44:00,"[290.29, 14]","[287.43, 28]","[443.44, 61]","[605.78, 37]",366.86,140,153.16,-0.4
07:44:01,"[293.0, 9]","[288.0, 9]","[404.44, 27]","[503.9, 30]",348.72,75,111.44,-0.52
07:44:02,"[287.38, 47]","[285.28, 18]","[367.69, 39]","[445.97, 29]",327.54,133,80.31,-0.02
07:44:03,"[289.0, 28]","[287.41, 17]","[343.14, 35]","[345.0, 7]",316.07,87,54.14,0.03
07:44:04,"[289.86, 56]","[288.33, 36]","[330.23, 47]","[343.52, 27]",310.05,166,40.38,0.11
07:44:05,"[291.0, 128]","[289.0, 64]","[334.67, 72]","[468.88, 74]",312.83,338,43.67,0.14
07:44:06,"[291.0, 72]","[289.0, 36]","[343.0, 45]","[470.67, 45]",317.0,198,52.0,0.09
07:44:07,"[291.0, 82]","[289.0, 44]","[341.55, 55]","[397.39, 23]",316.27,204,50.55,0.24
07:44:08,"[291.0, 22]","[289.0, 144]","[340.0, 55]","[355.0, 11]",315.5,232,49.0,0.43
07:44:09,"[291.0, 16]","[289.0, 112]","[338.25, 40]","[381.25, 8]",314.62,176,47.25,0.45
07:44:10,"[289.42, 77]","[288.87, 117]","[344.7, 37]","[410.12, 25]",317.06,256,55.29,0.52
07:44:11,"[289.15, 52]","[288.75, 48]","[357.25, 8]","[482.0, 12]",323.2,120,68.1,0.67
07:44:12,"[289.35, 17]","[288.94, 34]","[357.0, 4]","[615.0, 8]",323.18,63,67.65,0.62
07:44:13,"[289.0, 99]","[287.0, 9]","[354.41, 17]","[355.8, 10]",321.71,135,65.41,0.6
07:44:14,"[289.0, 107]","[287.0, 13]","[291.25, 20]","[325.94, 18]",290.12,158,2.25,0.52
07:44:15,"[289.0, 59]","[287.0, 8]","[290.0, 16]","[400.62, 8]",289.5,91,1.0,0.47
07:44:16,"[289.65, 31]","[287.36, 11]","[329.0, 14]","[458.62, 16]",309.32,72,39.35,0.17
07:44:17,"[293.0, 60]","[289.0, 24]","[370.33, 12]","[549.5, 24]",331.67,120,77.33,0.4
07:44:18,"[293.0, 50]","[289.0, 20]","[531.67, 15]","[541.67, 15]",412.33,100,238.67,0.4
07:44:19,"[293.0, 25]","[289.0, 10]","[397.64, 22]","[401.67, 9]",345.32,66,104.64,0.06
07:44:20,"[293.0, 17]","[289.0, 26]","[386.91, 53]","[396.59, 34]",339.95,130,93.91,-0.34
07:44:21,"[287.46, 69]","[287.02, 56]","[327.79, 38]","[336.23, 52]",307.63,215,40.33,0.16
07:44:22,"[288.0, 80]","[287.0, 71]","[295.61, 18]","[332.87, 38]",291.81,207,7.61,0.46
07:44:23,"[288.91, 88]","[287.91, 88]","[292.69, 35]","[293.77, 31]",290.8,242,3.78,0.45
07:44:24,"[288.9, 62]","[287.93, 103]","[290.09, 57]","[353.66, 47]",289.5,269,1.18,0.23
07:44:25,"[288.0, 52]","[287.0, 91]","[289.69, 65]","[440.23, 56]",288.85,264,1.69,0.08
07:44:26,"[287.53, 15]","[286.56, 36]","[326.0, 25]","[543.43, 21]",306.77,97,38.47,0.05
07:44:27,"[287.0, 70]","[285.0, 80]","[472.68, 34]","[552.12, 42]",379.84,226,185.68,0.33
07:44:28,"[287.65, 46]","[285.68, 73]","[471.0, 33]","[524.18, 55]",379.33,207,183.35,0.15
07:44:29,"[290.0, 10]","[287.0, 25]","[471.0, 15]","[538.0, 25]",380.5,75,181.0,-0.07
07:44:30,"[290.0, 12]","[287.0, 30]","[470.67, 18]","[538.0, 30]",380.33,90,180.67,-0.07
07:44:31,"[288.0, 30]","[286.68, 37]","[445.69, 26]","[503.4, 30]",366.85,123,157.69,0.09
07:44:32,"[287.0, 35]","[286.0, 21]","[467.43, 21]","[469.0, 14]",377.21,91,180.43,0.23
07:44:33,"[287.0, 50]","[286.0, 30]","[387.67, 27]","[416.31, 26]",337.33,133,100.67,0.2
07:44:34,"[287.0, 32]","[286.0, 36]","[363.75, 32]","[364.57, 28]",325.38,128,76.75,0.06
07:44:35,"[289.5, 14]","[286.74, 34]","[359.61, 38]","[360.83, 36]",324.55,122,70.11,-0.21
07:44:36,"[289.0, 20]","[287.56, 18]","[356.47, 34]","[357.66, 32]",322.74,104,67.47,-0.27
07:44:37,"[286.5, 16]","[284.14, 88]","[311.22, 27]","[329.19, 27]",298.86,158,24.72,0.32
07:44:38,"[286.0, 26]","[284.0, 182]","[294.84, 38]","[296.07, 28]",290.42,274,8.84,0.52
07:44:39,"[286.0, 12]","[284.0, 84]","[293.17, 18]","[294.12, 17]",289.58,131,7.17,0.47
07:44:40,"[286.0, 12]","[284.0, 84]","[292.64, 14]","[293.5, 16]",289.32,126,6.64,0.52
07:44:41,"[287.27, 33]","[284.29, 98]","[291.15, 26]","[292.24, 29]",289.21,186,3.88,0.41
07:44:42,"[287.81, 21]","[285.9, 29]","[289.5, 28]","[298.6, 40]",288.65,118,1.69,-0.15
07:44:43,"[286.0, 10]","[285.0, 15]","[288.4, 10]","[325.57, 14]",287.2,49,2.4,0.02
07:44:44,"[285.06, 32]","[284.02, 143]","[288.0, 22]","[289.0, 22]",286.53,219,2.94,0.6
07:44:45,"[286.08, 60]","[284.3, 80]","[288.0, 24]","[289.0, 24]",287.04,188,1.92,0.49
07:44:46,"[287.31, 29]","[285.34, 101]","[288.85, 26]","[290.78, 37]",288.08,193,1.54,0.35
07:44:47,"[286.45, 11]","[283.06, 80]","[292.54, 26]","[304.15, 39]",289.5,156,6.08,0.17
07:44:48,"[284.0, 8]","[282.0, 160]","[298.0, 24]","[479.43, 28]",291.0,220,14.0,0.53
07:44:49,"[284.0, 11]","[282.0, 220]","[295.48, 21]","[432.22, 32]",289.74,284,11.48,0.63
07:44:50,"[285.48, 21]","[282.26, 46]","[292.0, 24]","[293.0, 8]",288.74,99,6.52,0.35
07:44:51,"[286.8, 30]","[284.0, 10]","[291.3, 10]","[293.0, 10]",289.05,60,4.5,0.33
07:44:52,"[287.09, 33]","[284.0, 11]","[289.91, 11]","[337.4, 25]",288.5,80,2.82,0.1
07:44:53,"[282.14, 266]","[277.48, 54]","[288.94, 16]","[423.53, 51]",285.54,387,6.8,0.65
07:44:54,"[282.0, 180]","[276.0, 36]","[287.62, 13]","[288.29, 14]",284.81,243,5.62,0.78
07:44:55,"[282.57, 84]","[281.58, 172]","[287.0, 11]","[288.0, 22]",284.79,289,4.43,0.77
07:44:56,"[285.0, 36]","[282.0, 240]","[286.92, 12]","[288.0, 24]",285.96,312,1.92,0.77
07:44:57,"[282.09, 139]","[280.0, 80]","[386.1, 31]","[402.85, 33]",334.09,283,104.01,0.55
07:44:58,"[282.0, 84]","[278.0, 48]","[325.03, 38]","[348.48, 29]",303.51,199,43.03,0.33
07:44:59,"[282.0, 59]","[278.0, 52]","[319.3, 40]","[321.94, 51]",300.65,202,37.3,0.1
07:45:00,"[286.2, 40]","[279.57, 46]","[303.09, 43]","[315.4, 55]",294.65,184,16.89,-0.07
07:45:01,"[288.0, 98]","[287.0, 56]","[303.0, 42]","[322.0, 56]",295.5,252,15.0,0.22
07:45:02,"[288.17, 59]","[287.5, 56]","[299.71, 35]","[304.93, 42]",293.94,192,11.54,0.2
07:45:03,"[289.0, 12]","[288.0, 84]","[294.66, 44]","[296.4, 40]",291.83,180,5.66,0.07
07:45:04,"[287.88, 40]","[286.7, 57]","[290.87, 53]","[292.27, 45]",289.37,195,2.99,-0.01
07:45:05,"[286.43, 42]","[282.16, 62]","[304.11, 56]","[317.67, 43]",295.27,203,17.68,0.02
07:45:06,"[283.0, 17]","[280.02, 41]","[417.38, 65]","[580.58, 26]",350.19,149,134.38,-0.22
07:45:07,"[279.5, 40]","[242.23, 109]","[481.83, 36]","[575.91, 32]",380.67,217,202.33,0.37
07:45:08,"[281.62, 55]","[262.73, 104]","[284.0, 75]","[424.53, 51]",282.81,285,2.38,0.12
07:45:09,"[279.67, 69]","[268.41, 49]","[283.91, 33]","[382.71, 59]",281.79,210,4.24,0.12
07:45:10,"[279.0, 8]","[276.0, 8]","[288.11, 9]","[374.52, 23]",283.56,48,9.11,-0.33
07:45:11,"[290.17, 29]","[277.55, 11]","[439.78, 27]","[503.5, 28]",364.98,95,149.61,-0.16
07:45:12,"[283.0, 9]","[277.29, 7]","[432.4, 15]","[660.15, 26]",357.7,57,149.4,-0.44
07:45:13,"[279.83, 12]","[278.43, 7]","[357.64, 11]","[583.18, 22]",318.73,52,77.8,-0.27
07:45:14,"[283.41, 17]","[280.69, 26]","[441.31, 26]","[558.11, 19]",362.36,88,157.9,-0.02
07:45:15,"[290.0, 8]","[281.0, 32]","[462.4, 20]","[509.91, 22]",376.2,82,172.4,-0.02
07:45:16,"[290.0, 13]","[286.15, 26]","[344.04, 23]","[410.58, 24]",317.02,86,54.04,-0.09
07:45:17,"[290.0, 9]","[288.0, 18]","[331.33, 18]","[533.73, 11]",310.67,56,41.33,-0.04
07:45:18,"[288.56, 25]","[287.44, 32]","[310.61, 38]","[432.73, 49]",299.58,144,22.05,-0.21
07:45:19,"[288.0, 32]","[287.0, 32]","[296.37, 19]","[297.42, 24]",292.18,107,8.37,0.2
07:45:20,"[287.55, 22]","[283.61, 23]","[291.05, 21]","[292.09, 11]",289.3,77,3.5,0.17
07:45:21,"[285.31, 26]","[279.5, 28]","[289.63, 19]","[290.0, 20]",287.47,93,4.32,0.16
07:45:22,"[281.18, 22]","[274.38, 58]","[286.57, 14]","[288.45, 22]",283.88,116,5.39,0.38
07:45:23,"[278.0, 28]","[273.0, 98]","[284.57, 23]","[286.47, 19]",281.28,168,6.57,0.5
07:45:24,"[278.0, 28]","[273.0, 70]","[282.5, 12]","[283.95, 19]",280.25,129,4.5,0.52
07:45:25,"[278.0, 18]","[273.0, 63]","[280.79, 34]","[281.34, 29]",279.4,144,2.79,0.12
07:45:26,"[275.85, 59]","[263.26, 57]","[280.96, 51]","[442.5, 48]",278.4,215,5.11,0.08
07:45:27,"[272.76, 51]","[233.12, 51]","[281.0, 14]","[339.43, 35]",276.88,151,8.24,0.35
07:45:28,"[270.0, 57]","[152.41, 29]","[324.79, 28]","[393.62, 32]",297.39,146,54.79,0.18
07:45:29,"[270.0, 45]","[187.64, 25]","[343.26, 19]","[462.43, 21]",306.63,110,73.26,0.27
07:45:30,"[270.0, 54]","[23.57, 28]","[326.25, 20]","[470.62, 16]",298.12,118,56.25,0.39
07:45:31,"[270.02, 92]","[177.11, 56]","[335.19, 21]","[344.35, 23]",302.61,192,65.17,0.54
07:45:32,"[271.2, 20]","[266.5, 90]","[278.0, 18]","[307.5, 24]",274.6,152,6.8,0.45
07:45:33,"[273.42, 24]","[265.0, 108]","[278.0, 30]","[282.0, 12]",275.71,174,4.58,0.52
07:45:34,"[276.83, 24]","[264.86, 63]","[278.0, 14]","[282.0, 7]",277.42,108,1.17,0.61
07:45:35,"[267.88, 77]","[224.4, 60]","[277.82, 17]","[280.15, 13]",272.85,167,9.94,0.64
07:45:36,"[264.0, 54]","[171.54, 26]","[277.0, 6]","[278.0, 12]",270.5,98,13.0,0.63
07:45:37,"[264.86, 66]","[229.11, 47]","[277.0, 7]","[278.0, 14]",270.93,134,12.14,0.69
07:45:38,"[265.42, 96]","[246.57, 92]","[276.81, 31]","[279.49, 37]",271.11,256,11.39,0.47
07:45:39,"[267.14, 29]","[265.26, 62]","[277.96, 47]","[279.73, 48]",272.55,186,10.82,-0.02
07:45:40,"[269.67, 54]","[267.63, 51]","[277.0, 27]","[278.0, 75]",273.33,207,7.33,0.01
07:45:41,"[272.07, 92]","[271.67, 116]","[277.83, 29]","[279.16, 63]",274.95,300,5.76,0.39
07:45:42,"[273.21, 57]","[272.21, 76]","[279.32, 53]","[280.4, 55]",276.27,241,6.11,0.1
07:45:43,"[277.93, 27]","[267.21, 66]","[280.36, 53]","[281.02, 41]",279.14,187,2.43,-0.01
07:45:44,"[275.08, 13]","[264.47, 75]","[279.41, 17]","[281.0, 36]",277.24,141,4.33,0.25
07:45:45,"[267.06, 16]","[261.35, 68]","[280.12, 17]","[280.96, 27]",273.59,128,13.06,0.31
07:45:46,"[271.0, 8]","[264.0, 72]","[279.08, 39]","[281.03, 29]",275.04,148,8.08,0.08
07:45:47,"[271.0, 8]","[264.38, 72]","[276.88, 25]","[281.0, 32]",273.94,137,5.88,0.17
07:45:48,"[271.9, 10]","[265.86, 42]","[273.89, 19]","[280.12, 34]",272.9,105,1.99,-0.01
07:45:49,"[273.0, 6]","[271.0, 6]","[274.5, 6]","[280.0, 12]",273.75,30,1.5,-0.2
07:45:50,"[271.8, 10]","[242.35, 23]","[280.12, 24]","[281.08, 13]",275.96,70,8.32,-0.06
07:45:51,"[266.0, 14]","[265.0, 8]","[280.56, 27]","[281.36, 14]",273.28,63,14.56,-0.3
07:45:52,"[267.12, 16]","[264.88, 8]","[280.0, 24]","[281.0, 27]",273.56,75,12.88,-0.36
07:45:53,"[271.33, 118]","[269.61, 38]","[280.0, 30]","[281.0, 40]",275.67,226,8.67,0.38
07:45:54,"[275.3, 122]","[273.08, 74]","[278.36, 42]","[279.53, 43]",276.83,281,3.05,0.4
07:45:55,"[276.39, 23]","[270.45, 11]","[278.94, 53]","[280.36, 33]",277.67,120,2.55,-0.43
07:45:56,"[276.25, 8]","[268.5, 8]","[279.0, 64]","[281.0, 24]",277.62,104,2.75,-0.69
07:45:57,"[277.56, 9]","[266.67, 9]","[279.19, 62]","[281.28, 29]",278.37,109,1.64,-0.67
07:45:58,"[278.92, 13]","[274.64, 11]","[281.0, 26]","[282.0, 36]",279.96,86,2.08,-0.44
07:45:59,"[278.14, 14]","[265.0, 8]","[281.4, 20]","[282.5, 32]",279.77,74,3.26,-0.41
07:46:00,"[268.5, 8]","[260.6, 5]","[282.0, 19]","[284.0, 20]",275.25,52,13.5,-0.5
07:46:01,"[278.4, 115]","[274.68, 25]","[292.29, 28]","[489.71, 28]",285.34,196,13.89,0.43
07:46:02,"[292.0, 24]","[287.0, 40]","[329.25, 16]","[597.5, 32]",310.62,112,37.25,0.14
07:46:03,"[292.0, 9]","[287.0, 15]","[423.0, 6]","[684.67, 6]",357.5,36,131.0,0.33
07:46:04,"[290.0, 30]","[285.3, 69]","[360.14, 28]","[470.14, 14]",325.07,141,70.14,0.4
07:46:05,"[288.22, 74]","[286.26, 53]","[511.22, 23]","[572.57, 7]",399.72,157,223.0,0.62
07:46:06,"[289.0, 65]","[287.0, 52]","[391.68, 38]","[488.9, 21]",340.34,176,102.68,0.33
07:46:07,"[289.0, 50]","[287.0, 40]","[336.7, 30]","[537.56, 18]",312.85,138,47.7,0.3
07:46:08,"[289.17, 54]","[287.59, 51]","[335.83, 36]","[495.5, 24]",312.5,165,46.67,0.27
07:46:09,"[289.0, 20]","[287.0, 40]","[334.3, 30]","[501.2, 20]",311.65,110,45.3,0.09
07:46:10,"[291.5, 48]","[288.0, 32]","[333.5, 36]","[571.5, 20]",312.5,136,42.0,0.18
07:46:11,"[292.0, 53]","[289.0, 22]","[332.73, 37]","[420.0, 24]",312.36,136,40.73,0.1
07:46:12,"[292.0, 20]","[289.0, 16]","[329.5, 26]","[331.16, 38]",310.75,100,37.5,-0.28
07:46:13,"[292.0, 16]","[289.0, 16]","[328.0, 24]","[331.0, 40]",310.0,96,36.0,-0.33
07:46:14,"[292.0, 20]","[289.0, 20]","[326.52, 27]","[328.48, 29]",309.26,96,34.52,-0.17
07:46:15,"[292.0, 18]","[289.0, 18]","[323.0, 18]","[326.0, 27]",307.5,81,31.0,-0.11
07:46:16,"[292.0, 28]","[289.0, 28]","[307.87, 38]","[316.62, 39]",299.93,133,15.87,-0.16
07:46:17,"[291.08, 26]","[288.64, 22]","[293.72, 53]","[295.43, 51]",292.4,152,2.64,-0.37
07:46:18,"[289.0, 14]","[287.0, 7]","[290.0, 35]","[291.0, 14]",289.5,70,1.0,-0.4
07:46:19,"[284.13, 117]","[282.18, 57]","[290.0, 65]","[291.0, 26]",287.06,265,5.87,0.31
07:46:20,"[287.6, 50]","[282.98, 49]","[290.41, 34]","[300.55, 22]",289.01,155,2.81,0.28
07:46:21,"[290.0, 28]","[284.0, 32]","[302.25, 16]","[343.27, 15]",296.12,91,12.25,0.32
07:46:22,"[290.0, 24]","[286.37, 38]","[465.38, 13]","[513.73, 11]",377.69,86,175.38,0.44
07:46:23,"[290.0, 36]","[289.0, 36]","[477.55, 40]","[510.35, 17]",383.77,129,187.55,0.12
07:46:24,"[290.0, 32]","[289.0, 33]","[444.29, 34]","[487.51, 41]",367.15,140,154.29,-0.07
07:46:25,"[290.07, 27]","[289.1, 30]","[478.26, 35]","[487.27, 22]",384.17,114,188.18,0.0
07:46:26,"[290.0, 13]","[289.0, 33]","[484.09, 11]","[486.0, 44]",387.05,101,194.09,-0.09
07:46:27,"[290.0, 11]","[289.0, 33]","[336.41, 39]","[440.89, 18]",313.21,101,46.41,-0.13
07:46:28,"[290.0, 12]","[289.0, 36]","[327.17, 12]","[329.0, 60]",308.58,120,37.17,-0.2
07:46:29,"[290.0, 12]","[289.0, 36]","[324.0, 42]","[326.35, 46]",307.0,136,34.0,-0.29
07:46:30,"[290.0, 16]","[289.0, 48]","[320.82, 61]","[322.21, 58]",305.41,183,30.82,-0.3
07:46:31,"[287.04, 73]","[283.78, 27]","[316.0, 52]","[317.0, 52]",301.52,204,28.96,-0.02
07:46:32,"[288.23, 56]","[286.8, 40]","[314.67, 60]","[315.88, 64]",301.45,220,26.43,-0.13
07:46:33,"[287.45, 33]","[286.56, 32]","[309.94, 36]","[311.92, 50]",298.7,151,22.49,-0.14
07:46:34,"[287.0, 48]","[285.0, 12]","[302.25, 40]","[304.3, 40]",294.62,140,15.25,-0.14
07:46:35,"[284.54, 56]","[283.5, 40]","[298.56, 54]","[300.6, 30]",291.55,180,14.02,0.07
07:46:36,"[282.33, 72]","[278.33, 36]","[294.78, 36]","[295.89, 38]",288.56,182,12.44,0.19
07:46:37,"[283.38, 52]","[276.29, 42]","[290.04, 46]","[290.79, 38]",286.71,178,6.66,0.06
07:46:38,"[280.0, 18]","[260.78, 36]","[287.17, 24]","[287.91, 22]",283.58,100,7.17,0.08
07:46:39,"[281.58, 38]","[279.71, 34]","[285.0, 28]","[286.12, 34]",283.29,134,3.42,0.07
07:46:40,"[282.29, 28]","[280.0, 20]","[284.4, 30]","[286.11, 45]",283.34,123,2.11,-0.22
07:46:41,"[278.36, 22]","[228.5, 16]","[283.0, 48]","[312.88, 40]",280.68,126,4.64,-0.4
07:46:42,"[278.0, 7]","[274.29, 14]","[283.0, 13]","[494.0, 7]",280.5,41,5.0,0.02
07:46:43,"[280.67, 12]","[273.5, 20]","[295.17, 12]","[413.67, 12]",287.92,56,14.5,0.14
07:46:44,"[282.83, 12]","[281.0, 12]","[385.17, 12]","[511.0, 12]",334.0,48,102.33,0.0
07:46:45,"[283.65, 23]","[281.77, 13]","[354.24, 17]","[449.76, 25]",318.94,78,70.58,-0.08
07:46:46,"[287.54, 26]","[284.63, 27]","[385.09, 45]","[513.53, 17]",336.31,115,97.55,-0.08
07:46:47,"[289.0, 8]","[285.0, 21]","[440.86, 35]","[627.71, 7]",364.93,71,151.86,-0.18
07:46:48,"[289.89, 9]","[287.91, 11]","[462.0, 45]","[733.56, 9]",375.94,74,172.11,-0.46
07:46:49,"[290.0, 5]","[289.0, 5]","[410.73, 22]","[490.94, 17]",350.36,49,120.73,-0.59
07:46:50,"[289.0, 8]","[288.0, 8]","[412.47, 19]","[456.71, 28]",350.74,63,123.47,-0.49
07:46:51,"[289.0, 12]","[288.0, 12]","[432.78, 36]","[465.24, 46]",360.89,106,143.78,-0.55
07:46:52,"[287.0, 10]","[285.0, 14]","[290.0, 7]","[427.0, 21]",288.5,52,3.0,-0.08
07:46:53,"[285.0, 7]","[284.0, 21]","[290.0, 7]","[401.22, 27]",287.5,62,5.0,-0.1
07:46:54,"[285.0, 10]","[284.0, 30]","[290.0, 10]","[357.2, 40]",287.5,90,5.0,-0.11
07:46:55,"[283.0, 176]","[279.0, 22]","[288.58, 24]","[297.12, 41]",285.79,263,5.58,0.51
07:46:56,"[283.0, 256]","[279.21, 29]","[287.62, 34]","[288.51, 55]",285.31,374,4.62,0.52
07:46:57,"[283.15, 121]","[282.65, 158]","[287.35, 20]","[289.7, 20]",285.25,319,4.2,0.75
07:46:58,"[283.0, 144]","[279.0, 18]","[288.0, 9]","[290.78, 9]",285.5,180,5.0,0.8
07:46:59,"[283.0, 192]","[279.0, 24]","[286.92, 12]","[290.27, 15]",284.96,243,3.92,0.78
07:47:00,"[283.0, 125]","[279.0, 16]","[287.62, 8]","[293.47, 17]",285.31,166,4.62,0.7
07:47:01,"[283.0, 99]","[267.86, 14]","[294.86, 7]","[299.71, 28]",288.93,148,11.86,0.53
07:47:02,"[283.0, 70]","[259.5, 8]","[294.0, 7]","[301.0, 28]",288.5,113,11.0,0.38
07:47:03,"[272.03, 62]","[218.25, 16]","[294.5, 14]","[333.4, 20]",283.27,112,22.47,0.39
07:47:04,"[230.5, 20]","[204.88, 16]","[294.19, 36]","[325.0, 9]",262.35,81,63.69,-0.11
07:47:05,"[289.0, 24]","[288.0, 24]","[294.0, 30]","[301.0, 6]",291.5,84,5.0,0.14
07:47:06,"[289.0, 20]","[288.0, 20]","[294.0, 25]","[301.0, 5]",291.5,70,5.0,0.14
07:47:07,"[289.0, 28]","[288.0, 28]","[293.0, 21]","[294.0, 35]",291.0,112,4.0,0.0
07:47:08,"[289.0, 36]","[288.0, 36]","[293.0, 27]","[296.33, 45]",291.0,144,4.0,0.0
07:47:09,"[289.13, 46]","[288.09, 44]","[292.63, 27]","[297.27, 55]",290.88,172,3.5,0.05
07:47:10,"[290.0, 68]","[289.0, 52]","[295.37, 41]","[298.33, 45]",292.68,206,5.37,0.17
07:47:11,"[290.0, 24]","[289.0, 24]","[298.83, 30]","[301.0, 6]",294.42,84,8.83,0.14
07:47:12,"[290.0, 40]","[289.0, 40]","[299.0, 50]","[301.0, 10]",294.5,140,9.0,0.14
07:47:13,"[290.62, 32]","[289.11, 36]","[299.0, 50]","[301.0, 10]",294.81,128,8.38,0.06
07:47:14,"[291.0, 20]","[289.0, 20]","[299.0, 25]","[301.0, 5]",295.0,70,8.0,0.14
07:47:15,"[291.0, 40]","[289.0, 40]","[299.0, 50]","[301.0, 10]",295.0,140,8.0,0.14
07:47:16,"[291.0, 20]","[289.0, 20]","[299.0, 25]","[301.0, 5]",295.0,70,8.0,0.14
07:47:17,"[291.0, 35]","[289.0, 44]","[298.55, 55]","[299.39, 31]",294.77,165,7.55,-0.04
07:47:18,"[289.24, 34]","[288.21, 76]","[298.0, 70]","[299.0, 70]",293.62,250,8.76,-0.12
07:47:19,"[289.0, 12]","[288.0, 24]","[298.0, 24]","[299.0, 20]",293.5,80,9.0,-0.1
07:47:20,"[288.26, 57]","[287.13, 228]","[297.32, 88]","[298.24, 84]",292.79,457,9.06,0.25
07:47:21,"[288.66, 32]","[287.29, 102]","[294.55, 55]","[295.55, 55]",291.6,244,5.89,0.1
07:47:22,"[289.29, 42]","[288.0, 42]","[291.86, 70]","[293.29, 70]",290.57,224,2.57,-0.25
07:47:23,"[289.12, 32]","[287.08, 218]","[291.67, 63]","[293.19, 62]",290.4,375,2.54,0.33
07:47:24,"[287.01, 169]","[286.1, 73]","[290.28, 29]","[291.09, 46]",288.64,317,3.26,0.53
07:47:25,"[287.0, 120]","[285.0, 45]","[290.06, 32]","[294.77, 22]",288.53,219,3.06,0.51
07:47:26,"[287.0, 40]","[285.0, 24]","[299.06, 32]","[301.25, 8]",293.03,104,12.06,0.23
07:47:27,"[286.58, 57]","[283.92, 59]","[298.0, 65]","[300.0, 13]",292.29,194,11.42,0.2
07:47:28,"[285.29, 42]","[283.17, 105]","[295.26, 19]","[296.06, 71]",290.27,237,9.98,0.24
07:47:29,"[285.0, 30]","[283.0, 80]","[294.44, 18]","[295.95, 42]",289.72,170,9.44,0.29
07:47:30,"[285.0, 33]","[283.0, 88]","[292.18, 22]","[294.0, 55]",288.59,198,7.18,0.22
07:47:31,"[285.0, 27]","[283.0, 72]","[291.05, 42]","[292.48, 21]",288.02,162,6.05,0.22
07:47:32,"[285.0, 33]","[283.0, 88]","[289.27, 37]","[290.03, 39]",287.14,197,4.27,0.23
07:47:33,"[285.81, 78]","[283.81, 67]","[288.29, 70]","[299.0, 14]",287.05,229,2.48,0.27
07:47:34,"[286.84, 133]","[285.0, 57]","[288.0, 74]","[299.0, 19]",287.42,283,1.16,0.34
07:47:35,"[286.6, 55]","[284.11, 54]","[294.65, 17]","[300.91, 46]",290.62,172,8.05,0.27
07:47:36,"[287.62, 32]","[285.0, 24]","[295.06, 36]","[298.45, 11]",291.34,103,7.43,0.09
07:47:37,"[288.0, 40]","[285.0, 30]","[294.74, 47]","[295.41, 22]",291.37,139,6.74,0.01
07:47:38,"[288.82, 44]","[287.57, 42]","[293.62, 32]","[294.51, 49]",291.22,167,4.81,0.03
07:47:39,"[288.88, 50]","[286.67, 60]","[292.92, 26]","[294.0, 52]",290.9,188,4.04,0.17
07:47:40,"[284.2, 46]","[282.78, 63]","[291.29, 28]","[293.75, 32]",287.74,169,7.09,0.29
07:47:41,"[283.61, 89]","[282.73, 52]","[288.96, 46]","[290.11, 47]",286.28,234,5.35,0.21
07:47:42,"[284.93, 84]","[283.0, 70]","[287.0, 56]","[288.0, 28]",285.96,238,2.07,0.29
07:47:43,"[283.8, 30]","[281.88, 48]","[286.52, 42]","[287.4, 30]",285.16,150,2.72,0.04
07:47:44,"[281.2, 25]","[279.25, 48]","[285.61, 41]","[288.5, 20]",283.4,134,4.41,0.09
07:47:45,"[283.67, 36]","[279.41, 81]","[292.47, 17]","[299.77, 35]",288.07,169,8.8,0.38
07:47:46,"[287.0, 24]","[279.26, 92]","[296.0, 10]","[517.86, 42]",291.5,168,9.0,0.38
07:47:47,"[285.73, 15]","[279.6, 70]","[296.0, 11]","[711.0, 55]",290.87,151,10.27,0.13
07:47:48,"[290.0, 11]","[284.0, 22]","[292.4, 20]","[536.0, 19]",291.2,72,2.4,-0.08
07:47:49,"[290.0, 9]","[284.0, 18]","[291.35, 23]","[294.29, 14]",290.67,64,1.35,-0.16
07:47:50,"[278.49, 73]","[262.93, 15]","[291.0, 22]","[292.25, 16]",284.75,126,12.51,0.4
07:47:51,"[278.99, 109]","[272.83, 176]","[290.5, 40]","[293.85, 40]",284.75,365,11.51,0.56
07:47:52,"[281.0, 54]","[278.0, 10]","[290.0, 20]","[291.0, 20]",285.5,104,9.0,0.23
07:47:53,"[281.0, 75]","[278.0, 15]","[287.8, 30]","[289.27, 30]",284.4,150,6.8,0.2
07:47:54,"[282.0, 42]","[277.6, 10]","[285.4, 20]","[289.4, 20]",283.7,92,3.4,0.13
07:47:55,"[283.0, 21]","[278.14, 7]","[285.0, 14]","[290.0, 14]",284.0,56,2.0,0.0
07:47:56,"[283.0, 42]","[279.0, 14]","[285.0, 28]","[290.88, 25]",284.0,109,2.0,0.03
07:47:57,"[281.97, 29]","[277.58, 19]","[290.35, 17]","[296.64, 28]",286.16,93,8.39,0.03
07:47:58,"[284.63, 46]","[282.03, 35]","[300.64, 25]","[313.58, 62]",292.64,168,16.01,-0.04
07:47:59,"[288.29, 28]","[286.04, 52]","[291.5, 32]","[298.0, 24]",289.89,136,3.21,0.18
07:48:00,"[289.0, 89]","[287.0, 11]","[290.86, 56]","[298.36, 22]",289.93,178,1.86,0.12
07:48:01,"[287.0, 21]","[284.08, 36]","[290.81, 27]","[299.43, 28]",288.91,112,3.81,0.02
07:48:02,"[283.33, 18]","[279.09, 33]","[291.0, 14]","[299.0, 21]",287.17,86,7.67,0.19
07:48:03,"[283.67, 30]","[282.0, 45]","[296.85, 47]","[300.11, 45]",290.26,167,13.18,-0.1
07:48:04,"[284.87, 30]","[282.0, 45]","[295.16, 73]","[297.0, 74]",290.02,222,10.3,-0.32
07:48:05,"[286.0, 26]","[282.0, 39]","[295.0, 91]","[296.77, 39]",290.5,195,9.0,-0.33
07:48:06,"[286.53, 30]","[283.97, 71]","[293.8, 60]","[295.37, 57]",290.17,218,7.27,-0.07
07:48:07,"[285.67, 75]","[283.64, 39]","[292.88, 51]","[296.0, 51]",289.27,216,7.22,0.06
07:48:08,"[285.0, 91]","[282.0, 39]","[290.84, 45]","[294.15, 39]",287.92,214,5.84,0.21
07:48:09,"[285.0, 77]","[282.0, 66]","[294.0, 42]","[296.5, 42]",289.5,227,9.0,0.26
07:48:10,"[282.88, 88]","[280.91, 33]","[295.87, 38]","[296.92, 36]",289.37,195,12.99,0.24
07:48:11,"[283.0, 152]","[278.88, 50]","[293.21, 47]","[295.04, 73]",288.11,322,10.21,0.25
07:48:12,"[283.0, 150]","[278.0, 102]","[291.29, 73]","[294.74, 47]",287.14,372,8.29,0.35
07:48:13,"[283.0, 120]","[278.0, 120]","[290.0, 56]","[293.75, 36]",286.5,332,7.0,0.45
07:48:14,"[283.0, 117]","[278.0, 120]","[288.69, 32]","[290.14, 29]",285.84,298,5.69,0.59
07:48:15,"[283.0, 99]","[278.0, 110]","[286.68, 25]","[288.53, 15]",284.84,249,3.68,0.68
07:48:16,"[283.38, 78]","[278.83, 72]","[286.0, 30]","[288.0, 10]",284.69,190,2.62,0.58
07:48:17,"[283.87, 47]","[282.2, 50]","[286.45, 22]","[288.76, 21]",285.16,140,2.58,0.39
07:48:18,"[284.0, 18]","[283.0, 41]","[294.62, 48]","[295.73, 44]",289.31,151,10.62,-0.22
07:48:19,"[283.5, 12]","[281.48, 31]","[296.0, 55]","[298.0, 35]",289.75,133,12.5,-0.35
07:48:20,"[283.0, 83]","[278.0, 30]","[296.0, 30]","[298.0, 70]",289.5,213,13.0,0.06
07:48:21,"[283.0, 10]","[278.0, 30]","[290.86, 21]","[296.41, 34]",286.93,95,7.86,-0.16
07:48:22,"[283.0, 9]","[279.62, 13]","[294.88, 25]","[297.53, 32]",288.94,79,11.88,-0.44
07:48:23,"[283.0, 8]","[281.0, 8]","[296.0, 8]","[298.0, 32]",289.5,56,13.0,-0.43
07:48:24,"[283.0, 13]","[281.0, 13]","[296.0, 13]","[298.0, 52]",289.5,91,13.0,-0.43
07:48:25,"[284.13, 23]","[282.54, 13]","[295.71, 51]","[298.09, 34]",289.92,121,11.58,-0.4
07:48:26,"[284.44, 25]","[278.66, 29]","[292.73, 45]","[294.36, 33]",288.59,132,8.29,-0.18
07:48:27,"[283.0, 14]","[277.0, 42]","[291.71, 42]","[294.0, 45]",287.36,143,8.71,-0.22
07:48:28,"[283.0, 9]","[277.91, 35]","[289.49, 37]","[292.6, 43]",286.24,124,6.49,-0.29
07:48:29,"[278.1, 49]","[277.1, 40]","[288.0, 57]","[289.15, 47]",283.05,193,9.9,-0.08
07:48:30,"[278.0, 34]","[277.0, 45]","[285.32, 57]","[287.05, 57]",281.66,193,7.32,-0.18
07:48:31,"[278.04, 23]","[276.41, 68]","[284.0, 24]","[286.0, 36]",281.02,151,5.96,0.21
07:48:32,"[278.0, 30]","[276.22, 198]","[283.21, 38]","[284.71, 34]",280.61,300,5.21,0.52
07:48:33,"[278.0, 10]","[277.0, 55]","[281.83, 12]","[283.0, 10]",279.92,87,3.83,0.49
07:48:34,"[277.72, 39]","[276.98, 157]","[280.32, 40]","[280.93, 45]",279.02,281,2.61,0.4
07:48:35,"[277.12, 113]","[276.45, 49]","[279.0, 11]","[280.0, 55]",278.06,228,1.88,0.42
07:48:36,"[278.0, 91]","[277.0, 143]","[279.22, 27]","[280.15, 41]",278.61,302,1.22,0.55
07:48:37,"[278.0, 61]","[275.22, 99]","[279.46, 13]","[280.22, 27]",278.73,200,1.46,0.6
07:48:38,"[278.0, 36]","[275.0, 66]","[279.79, 19]","[280.83, 18]",278.89,139,1.79,0.47
07:48:39,"[278.0, 30]","[275.0, 55]","[279.0, 20]","[280.0, 15]",278.5,120,1.0,0.42
07:48:40,"[278.0, 18]","[275.0, 33]","[279.2, 10]","[280.33, 9]",278.6,70,1.2,0.46
07:48:41,"[278.0, 24]","[275.0, 44]","[280.0, 8]","[281.0, 12]",279.0,88,2.0,0.55
07:48:42,"[278.0, 42]","[275.0, 77]","[280.0, 14]","[281.0, 21]",279.0,154,2.0,0.55
07:48:43,"[275.34, 105]","[272.86, 115]","[280.62, 29]","[281.46, 39]",277.98,288,5.28,0.53
07:48:44,"[273.03, 130]","[270.03, 109]","[280.27, 33]","[281.36, 33]",276.65,305,7.24,0.57
07:48:45,"[274.14, 28]","[273.0, 188]","[279.14, 36]","[280.86, 42]",276.64,294,5.0,0.47
07:48:46,"[276.08, 24]","[272.17, 72]","[281.0, 27]","[282.0, 36]",278.54,159,4.92,0.21
07:48:47,"[277.0, 26]","[272.23, 78]","[279.54, 26]","[281.0, 53]",278.27,183,2.54,0.14
07:48:48,"[277.4, 20]","[272.9, 60]","[279.0, 20]","[281.0, 20]",278.2,120,1.6,0.33
07:48:49,"[278.0, 18]","[272.0, 54]","[279.89, 18]","[281.55, 22]",278.94,112,1.89,0.29
07:48:50,"[278.78, 18]","[272.0, 54]","[281.0, 12]","[282.0, 27]",279.89,111,2.22,0.3
07:48:51,"[273.31, 58]","[269.86, 86]","[281.83, 29]","[282.52, 31]",277.57,204,8.52,0.41
07:48:52,"[272.0, 48]","[270.0, 8]","[282.0, 24]","[283.0, 16]",277.0,96,10.0,0.17
07:48:53,"[272.59, 34]","[271.41, 34]","[282.0, 42]","[283.0, 28]",277.29,138,9.41,-0.01
07:48:54,"[275.0, 6]","[270.0, 6]","[280.35, 20]","[281.76, 17]",277.68,49,5.35,-0.51
07:48:55,"[279.06, 36]","[275.93, 42]","[283.69, 64]","[383.39, 56]",281.37,198,4.63,-0.21
07:48:56,"[280.21, 24]","[276.33, 30]","[294.0, 24]","[466.0, 24]",287.1,102,13.79,0.06
07:48:57,"[281.21, 19]","[280.25, 48]","[294.0, 14]","[418.4, 20]",287.61,101,12.79,0.33
07:48:58,"[284.9, 40]","[283.98, 49]","[294.0, 26]","[321.63, 38]",289.45,153,9.1,0.16
07:48:59,"[285.67, 18]","[284.82, 44]","[299.96, 24]","[327.53, 38]",292.81,124,14.29,0.0
07:49:00,"[286.47, 17]","[285.07, 29]","[297.64, 11]","[357.0, 22]",292.05,79,11.17,0.16
