Time,Bid1,Bid2,Ask1,Ask2,Mid-Price,Total_volume,Bid_ask_spread,Order_imbalance
07:30:00,"[0, 0]","[0, 0]","[0, 0]","[0, 0]",0.0,0,0.0,0.0
07:30:01,"[343.29, 28]","[343.0, 33]","[397.0, 4]","[0, 0]",370.14,65,53.71,0.88
07:30:02,"[345.67, 12]","[319.39, 31]","[397.0, 6]","[0, 0]",371.33,49,51.33,0.76
07:30:03,"[350.43, 7]","[319.0, 10]","[397.0, 3]","[0, 0]",373.71,20,46.57,0.7
07:30:04,"[355.0, 18]","[353.0, 12]","[397.0, 6]","[0, 0]",376.0,36,42.0,0.67
07:30:06,"[355.24, 34]","[353.97, 70]","[397.0, 6]","[0, 0]",376.12,110,41.76,0.89
07:30:07,"[357.0, 50]","[354.0, 60]","[397.0, 5]","[0, 0]",377.0,115,40.0,0.91
07:30:08,"[357.0, 20]","[354.0, 24]","[396.5, 2]","[397.0, 1]",376.75,47,39.5,0.87
07:30:09,"[357.0, 70]","[354.0, 84]","[391.0, 7]","[393.14, 7]",374.0,168,34.0,0.83
07:30:10,"[357.0, 60]","[354.0, 72]","[387.5, 6]","[388.5, 6]",372.25,144,30.5,0.83
07:30:11,"[357.0, 60]","[354.0, 72]","[386.33, 12]","[387.67, 6]",371.67,150,29.33,0.76
07:30:12,"[357.0, 80]","[354.0, 96]","[384.81, 21]","[385.38, 16]",370.9,213,27.81,0.65
07:30:13,"[357.0, 67]","[354.0, 120]","[379.9, 10]","[383.6, 10]",368.45,207,22.9,0.81
07:30:14,"[357.0, 45]","[354.0, 180]","[376.39, 36]","[378.13, 30]",366.69,291,19.39,0.55
07:30:15,"[357.0, 33]","[354.0, 132]","[372.84, 25]","[374.47, 17]",364.92,207,15.84,0.59
07:30:16,"[357.0, 48]","[354.0, 192]","[368.55, 31]","[368.45, 33]",362.77,304,11.55,0.58
07:30:17,"[357.0, 20]","[354.0, 240]","[363.44, 54]","[364.36, 42]",360.22,356,6.44,0.46
07:30:18,"[357.0, 10]","[354.0, 120]","[359.9, 31]","[360.37, 19]",358.45,180,2.9,0.44
07:30:19,"[354.64, 61]","[353.95, 164]","[357.71, 17]","[358.76, 17]",356.17,259,3.07,0.74
07:30:20,"[354.0, 145]","[353.0, 36]","[363.18, 40]","[367.14, 43]",358.59,264,9.18,0.37
07:30:21,"[354.23, 65]","[353.6, 50]","[362.32, 93]","[364.31, 64]",358.28,272,8.09,-0.15
07:30:22,"[355.04, 23]","[353.89, 54]","[360.12, 49]","[362.33, 66]",357.58,192,5.08,-0.2
07:30:23,"[354.0, 75]","[353.0, 30]","[356.23, 66]","[357.35, 69]",355.11,240,2.23,-0.12
07:30:24,"[354.23, 52]","[353.65, 46]","[356.77, 47]","[366.86, 35]",355.5,180,2.54,0.09
07:30:25,"[353.33, 27]","[350.9, 60]","[367.36, 22]","[369.64, 39]",360.35,148,14.03,0.18
07:30:26,"[351.0, 8]","[350.0, 56]","[366.4, 20]","[367.42, 19]",358.7,103,15.4,0.24
07:30:27,"[351.0, 8]","[350.0, 56]","[364.67, 24]","[365.86, 28]",357.83,116,13.67,0.1
07:30:28,"[351.0, 12]","[350.0, 84]","[362.67, 48]","[364.2, 40]",356.83,184,11.67,0.04
07:30:29,"[351.0, 11]","[350.0, 77]","[359.32, 34]","[360.79, 47]",355.16,169,8.32,0.04
07:30:30,"[350.23, 26]","[349.74, 46]","[356.14, 29]","[357.71, 21]",353.18,122,5.91,0.18
07:30:31,"[350.0, 39]","[347.0, 19]","[353.51, 49]","[354.48, 46]",351.76,153,3.51,-0.24
07:30:32,"[350.0, 16]","[347.0, 16]","[351.47, 30]","[354.6, 30]",350.73,92,1.47,-0.3
07:30:33,"[345.79, 19]","[339.74, 43]","[358.64, 22]","[362.41, 34]",352.21,118,12.85,0.05
07:30:34,"[343.0, 36]","[326.92, 36]","[362.22, 9]","[365.78, 27]",352.61,108,19.22,0.33
07:30:35,"[343.0, 52]","[324.73, 49]","[363.0, 37]","[364.42, 50]",353.0,188,20.0,0.07
07:30:36,"[344.07, 42]","[338.0, 52]","[360.0, 75]","[362.0, 39]",352.04,208,15.93,-0.1
07:30:37,"[345.0, 27]","[341.0, 48]","[360.0, 88]","[361.21, 14]",352.5,177,15.0,-0.15
07:30:38,"[350.56, 36]","[348.53, 38]","[359.88, 122]","[360.26, 42]",355.22,238,9.32,-0.38
07:30:39,"[351.29, 35]","[350.2, 25]","[357.0, 45]","[358.18, 65]",354.14,170,5.71,-0.29
07:30:40,"[352.08, 37]","[350.9, 20]","[355.16, 57]","[356.47, 57]",353.62,171,3.08,-0.33
07:30:41,"[351.0, 14]","[350.0, 28]","[353.79, 38]","[357.66, 32]",352.39,112,2.79,-0.25
07:30:42,"[350.08, 26]","[347.12, 100]","[352.13, 15]","[356.2, 20]",351.11,161,2.06,0.57
07:30:43,"[350.0, 28]","[346.54, 104]","[351.43, 14]","[353.0, 14]",350.71,160,1.43,0.65
07:30:44,"[350.0, 16]","[347.0, 105]","[351.89, 19]","[361.43, 51]",350.95,191,1.89,0.27
07:30:45,"[350.0, 12]","[347.0, 84]","[359.0, 44]","[365.64, 44]",354.5,184,9.0,0.04
07:30:46,"[354.79, 73]","[348.98, 103]","[362.0, 52]","[365.0, 52]",358.4,280,7.21,0.26
07:30:47,"[355.0, 63]","[350.0, 144]","[362.0, 36]","[365.0, 36]",358.5,279,7.0,0.48
07:30:48,"[355.0, 70]","[350.3, 69]","[364.0, 60]","[365.4, 25]",359.5,224,9.0,0.24
07:30:49,"[355.0, 35]","[351.0, 15]","[365.0, 40]","[367.0, 5]",360.0,95,10.0,0.05
07:30:50,"[355.0, 56]","[351.0, 24]","[365.0, 52]","[366.33, 12]",360.0,144,10.0,0.11
07:30:51,"[355.0, 63]","[351.0, 27]","[365.0, 52]","[366.8, 10]",360.0,152,10.0,0.18
07:30:52,"[355.0, 75]","[351.69, 29]","[364.25, 32]","[365.02, 97]",359.62,233,9.25,-0.11
07:30:53,"[355.0, 27]","[352.0, 18]","[362.08, 24]","[363.33, 24]",358.54,93,7.08,-0.03
07:30:54,"[355.0, 42]","[352.0, 28]","[360.43, 28]","[363.86, 14]",357.71,112,5.43,0.25
07:30:55,"[355.0, 17]","[352.0, 14]","[360.0, 14]","[362.0, 7]",357.5,52,5.0,0.19
07:30:56,"[353.74, 19]","[351.42, 31]","[359.71, 28]","[362.0, 14]",356.73,92,5.98,0.09
07:30:57,"[350.23, 103]","[348.6, 120]","[358.0, 32]","[361.7, 20]",354.12,275,7.77,0.62
07:30:58,"[352.0, 54]","[350.0, 144]","[357.17, 36]","[358.69, 39]",354.58,273,5.17,0.45
07:30:59,"[353.76, 51]","[350.0, 136]","[356.47, 34]","[357.47, 34]",355.12,255,2.71,0.47
07:31:00,"[354.0, 33]","[350.0, 88]","[355.73, 22]","[356.73, 22]",354.86,165,1.73,0.47
07:31:01,"[350.32, 113]","[347.63, 115]","[353.88, 32]","[355.25, 32]",352.1,292,3.56,0.56
07:31:02,"[350.01, 121]","[347.21, 113]","[360.55, 51]","[361.38, 53]",355.28,338,10.54,0.38
07:31:03,"[350.0, 48]","[347.0, 49]","[361.11, 28]","[362.22, 23]",355.55,148,11.11,0.31
07:31:04,"[350.0, 44]","[347.0, 77]","[360.97, 65]","[364.12, 48]",355.48,234,10.97,0.03
07:31:05,"[355.0, 48]","[350.0, 48]","[358.94, 18]","[360.32, 62]",356.97,176,3.94,0.09
07:31:06,"[355.0, 60]","[350.0, 60]","[358.93, 54]","[360.71, 56]",356.96,230,3.93,0.04
07:31:07,"[355.0, 44]","[350.0, 44]","[359.0, 44]","[363.67, 27]",357.0,159,4.0,0.11
07:31:08,"[355.0, 32]","[350.0, 32]","[359.0, 32]","[365.0, 24]",357.0,120,4.0,0.07
07:31:09,"[354.42, 26]","[349.12, 32]","[359.0, 44]","[365.0, 33]",356.71,135,4.58,-0.14
07:31:10,"[347.0, 24]","[343.0, 24]","[359.0, 24]","[365.0, 18]",353.0,90,12.0,0.07
07:31:11,"[347.0, 48]","[343.0, 48]","[357.67, 48]","[360.83, 36]",352.33,180,10.67,0.07
07:31:12,"[347.0, 52]","[343.0, 52]","[356.77, 52]","[363.0, 47]",351.88,203,9.77,0.02
07:31:13,"[347.5, 40]","[345.67, 60]","[355.2, 60]","[363.0, 81]",351.35,241,7.7,-0.17
07:31:14,"[348.03, 35]","[347.03, 70]","[352.67, 72]","[361.61, 72]",350.35,249,4.64,-0.16
07:31:15,"[348.57, 23]","[347.3, 46]","[351.0, 52]","[361.0, 60]",349.78,181,2.43,-0.24
07:31:16,"[347.22, 64]","[341.72, 58]","[350.72, 58]","[358.41, 68]",348.97,248,3.51,-0.02
07:31:17,"[347.19, 64]","[341.91, 53]","[352.64, 55]","[360.19, 64]",349.91,236,5.45,-0.01
07:31:18,"[350.0, 36]","[347.0, 72]","[358.9, 60]","[360.57, 65]",354.45,233,8.9,-0.07
07:31:19,"[350.0, 24]","[347.0, 48]","[355.62, 32]","[356.86, 56]",352.81,160,5.62,-0.1
07:31:20,"[350.0, 30]","[347.0, 60]","[352.89, 36]","[354.22, 54]",351.44,180,2.89,0.0
07:31:21,"[344.3, 40]","[343.88, 51]","[351.35, 40]","[359.78, 81]",347.83,212,7.05,-0.14
07:31:22,"[338.0, 39]","[336.0, 26]","[352.0, 26]","[362.0, 73]",345.0,164,14.0,-0.21
07:31:23,"[338.0, 36]","[336.0, 24]","[348.24, 25]","[356.46, 57]",343.12,142,10.24,-0.15
07:31:24,"[338.0, 30]","[336.0, 20]","[345.67, 24]","[350.5, 24]",341.83,98,7.67,0.02
07:31:25,"[338.0, 39]","[336.0, 26]","[346.0, 26]","[355.0, 52]",342.0,143,8.0,-0.09
07:31:26,"[339.18, 102]","[338.0, 51]","[345.76, 34]","[353.8, 60]",342.47,247,6.59,0.24
07:31:27,"[340.0, 57]","[337.03, 29]","[345.0, 24]","[346.0, 24]",342.5,134,5.0,0.28
07:31:28,"[342.15, 27]","[341.22, 46]","[345.0, 22]","[346.0, 22]",343.57,117,2.85,0.25
07:31:29,"[344.0, 69]","[335.79, 47]","[345.0, 15]","[346.0, 24]",344.5,155,1.0,0.5
07:31:30,"[344.59, 59]","[342.56, 50]","[345.9, 20]","[348.75, 16]",345.25,145,1.31,0.5
07:31:31,"[338.0, 43]","[333.93, 28]","[341.0, 43]","[357.31, 58]",339.5,172,3.0,-0.17
07:31:32,"[337.67, 45]","[335.0, 30]","[339.0, 60]","[358.0, 45]",338.33,180,1.33,-0.17
07:31:33,"[336.4, 25]","[330.36, 22]","[339.0, 30]","[358.0, 27]",337.7,104,2.6,-0.1
07:31:34,"[329.41, 17]","[324.33, 24]","[354.0, 19]","[358.59, 17]",341.71,77,24.59,0.06
07:31:35,"[352.0, 10]","[332.0, 20]","[358.0, 30]","[360.0, 10]",355.0,70,6.0,-0.14
07:31:36,"[352.29, 7]","[329.5, 24]","[358.0, 21]","[360.0, 7]",355.14,59,5.71,0.05
07:31:37,"[353.17, 6]","[352.0, 6]","[358.0, 18]","[360.0, 6]",355.58,36,4.83,-0.33
07:31:38,"[354.0, 10]","[352.0, 10]","[358.27, 30]","[408.0, 14]",356.13,64,4.27,-0.38
07:31:39,"[354.0, 10]","[352.0, 10]","[358.0, 50]","[361.2, 10]",356.0,80,4.0,-0.5
07:31:40,"[354.0, 14]","[352.0, 14]","[357.08, 51]","[357.57, 44]",355.54,123,3.08,-0.54
07:31:41,"[337.94, 35]","[346.08, 25]","[354.77, 26]","[357.0, 52]",346.36,138,16.83,-0.13
07:31:42,"[333.71, 70]","[330.83, 60]","[351.64, 22]","[353.05, 38]",342.68,190,17.92,0.37
07:31:43,"[337.35, 31]","[330.79, 94]","[350.57, 28]","[353.33, 60]",343.96,213,13.22,0.17
07:31:44,"[333.89, 18]","[331.7, 46]","[347.72, 36]","[350.04, 71]",340.81,171,13.83,-0.25
07:31:45,"[335.73, 11]","[332.14, 21]","[347.52, 27]","[347.88, 17]",341.62,76,11.79,-0.16
07:31:46,"[336.0, 12]","[333.37, 71]","[350.0, 12]","[351.17, 12]",343.0,107,14.0,0.55
07:31:47,"[336.25, 8]","[335.05, 38]","[515.03, 31]","[633.92, 36]",425.64,113,178.78,-0.19
07:31:48,"[337.0, 9]","[336.0, 9]","[343.56, 36]","[380.26, 38]",340.28,92,6.56,-0.61
07:31:49,"[338.38, 8]","[336.62, 8]","[345.0, 62]","[440.0, 24]",341.69,102,6.62,-0.69
07:31:50,"[340.45, 11]","[335.0, 66]","[345.0, 49]","[440.0, 33]",342.73,159,4.55,-0.03
07:31:51,"[341.92, 12]","[334.17, 72]","[345.0, 48]","[524.29, 42]",343.46,174,3.08,-0.03
07:31:52,"[342.0, 13]","[334.0, 78]","[345.0, 52]","[532.07, 55]",343.5,198,3.0,-0.08
07:31:53,"[334.22, 37]","[330.0, 33]","[345.0, 28]","[477.57, 35]",339.61,133,10.78,0.05
07:31:54,"[334.0, 72]","[333.0, 48]","[345.0, 48]","[400.86, 59]",339.5,227,11.0,0.06
07:31:55,"[334.0, 54]","[333.0, 36]","[344.85, 33]","[345.91, 44]",339.42,167,10.85,0.08
07:31:56,"[334.0, 30]","[333.0, 20]","[345.0, 20]","[346.0, 25]",339.5,95,11.0,0.05
07:31:57,"[334.0, 42]","[333.0, 28]","[345.0, 28]","[346.0, 35]",339.5,133,11.0,0.05
07:31:58,"[334.54, 48]","[332.32, 226]","[345.0, 72]","[346.0, 90]",339.77,436,10.46,0.26
07:31:59,"[342.19, 21]","[334.82, 50]","[345.0, 51]","[346.0, 75]",343.6,197,2.81,-0.28
07:32:00,"[332.53, 34]","[329.18, 44]","[345.0, 18]","[346.0, 45]",338.76,141,12.47,0.11
07:32:01,"[331.0, 72]","[327.0, 48]","[344.1, 63]","[345.45, 33]",337.55,216,13.1,0.11
07:32:02,"[331.0, 36]","[327.0, 24]","[344.0, 42]","[345.0, 12]",337.5,114,13.0,0.05
07:32:03,"[331.0, 78]","[327.0, 52]","[342.64, 61]","[344.08, 26]",336.82,217,11.64,0.2
07:32:04,"[331.0, 84]","[323.44, 78]","[341.93, 56]","[344.0, 28]",336.46,246,10.93,0.32
07:32:05,"[327.35, 69]","[323.35, 79]","[341.0, 40]","[344.0, 23]",334.17,211,13.65,0.4
07:32:06,"[326.05, 19]","[325.2, 51]","[340.29, 28]","[344.0, 35]",333.17,133,14.23,0.05
07:32:07,"[325.96, 75]","[323.89, 115]","[339.13, 60]","[344.0, 45]",332.55,295,13.17,0.29
07:32:08,"[331.75, 32]","[325.92, 48]","[339.0, 48]","[344.0, 24]",335.38,152,7.25,0.05
07:32:09,"[333.0, 33]","[326.3, 100]","[339.0, 44]","[344.0, 22]",336.0,199,6.0,0.34
07:32:10,"[334.3, 30]","[326.31, 102]","[339.0, 40]","[343.2, 20]",336.65,192,4.7,0.38
07:32:11,"[336.03, 34]","[326.07, 70]","[339.0, 48]","[342.0, 24]",337.51,176,2.97,0.18
07:32:12,"[336.15, 40]","[323.63, 107]","[339.0, 32]","[342.0, 28]",337.57,207,2.85,0.42
07:32:13,"[336.85, 39]","[322.13, 95]","[339.12, 25]","[342.15, 26]",337.98,185,2.27,0.45
07:32:14,"[338.67, 54]","[323.0, 79]","[342.0, 10]","[344.0, 20]",340.33,163,3.33,0.63
07:32:15,"[339.14, 111]","[328.67, 72]","[341.38, 32]","[343.66, 29]",340.26,244,2.24,0.5
07:32:16,"[339.87, 70]","[334.78, 58]","[342.0, 16]","[344.0, 32]",340.94,176,2.13,0.45
07:32:17,"[341.0, 45]","[332.0, 75]","[344.22, 27]","[345.27, 66]",342.61,213,3.22,0.13
07:32:18,"[342.21, 42]","[330.0, 70]","[345.0, 28]","[346.0, 56]",343.61,196,2.79,0.14
07:32:19,"[339.12, 49]","[331.24, 70]","[345.87, 60]","[346.71, 55]",342.49,234,6.74,0.02
07:32:20,"[334.6, 57]","[329.69, 83]","[344.49, 107]","[346.12, 96]",339.54,343,9.89,-0.18
07:32:21,"[336.0, 44]","[335.0, 11]","[345.9, 40]","[346.77, 35]",340.95,130,9.9,-0.15
07:32:22,"[336.0, 72]","[335.0, 18]","[346.0, 72]","[347.0, 54]",341.0,216,10.0,-0.17
07:32:23,"[336.0, 32]","[335.0, 8]","[345.71, 34]","[346.69, 26]",340.85,100,9.71,-0.2
07:32:24,"[338.0, 23]","[336.98, 62]","[344.35, 85]","[346.0, 68]",341.18,238,6.35,-0.29
07:32:25,"[340.61, 18]","[337.92, 51]","[343.0, 63]","[346.0, 60]",341.81,192,2.39,-0.28
07:32:26,"[343.21, 14]","[330.0, 28]","[346.0, 56]","[348.0, 76]",344.61,174,2.79,-0.52
07:32:27,"[329.53, 38]","[326.0, 63]","[346.87, 55]","[348.33, 72]",338.2,228,17.35,-0.11
07:32:28,"[333.42, 26]","[328.04, 55]","[347.62, 96]","[349.27, 66]",340.52,243,14.2,-0.33
07:32:29,"[330.88, 17]","[329.86, 100]","[347.75, 107]","[350.54, 35]",339.32,259,16.87,-0.1
07:32:30,"[333.78, 18]","[330.41, 87]","[346.64, 25]","[348.09, 81]",340.21,211,12.86,-0.0
07:32:31,"[335.62, 13]","[330.76, 41]","[349.69, 13]","[364.94, 62]",342.65,129,14.08,-0.16
07:32:32,"[346.87, 30]","[337.91, 23]","[382.25, 77]","[451.52, 25]",364.56,155,35.38,-0.32
07:32:33,"[349.06, 33]","[344.78, 23]","[424.18, 45]","[477.68, 25]",386.62,126,75.12,-0.11
07:32:34,"[347.37, 71]","[344.74, 35]","[400.36, 11]","[510.52, 27]",373.86,144,53.0,0.47
07:32:35,"[349.16, 43]","[347.23, 61]","[460.29, 7]","[555.43, 35]",404.72,146,111.12,0.42
07:32:36,"[356.0, 8]","[354.0, 8]","[378.27, 22]","[519.44, 18]",367.14,56,22.27,-0.43
07:32:37,"[356.0, 10]","[354.0, 10]","[379.1, 30]","[427.11, 18]",367.55,68,23.1,-0.41
07:32:38,"[351.33, 15]","[351.33, 9]","[378.14, 29]","[426.22, 27]",364.74,80,26.8,-0.4
07:32:39,"[350.42, 31]","[347.59, 34]","[375.33, 60]","[379.0, 36]",362.88,161,24.91,-0.19
07:32:40,"[347.7, 63]","[347.1, 31]","[352.96, 52]","[355.6, 58]",350.33,204,5.26,-0.08
07:32:41,"[347.0, 77]","[345.36, 11]","[351.27, 44]","[353.0, 33]",349.14,165,4.27,0.07
07:32:42,"[347.0, 80]","[345.0, 11]","[349.33, 27]","[350.53, 38]",348.17,156,2.33,0.17
07:32:43,"[346.88, 91]","[334.67, 21]","[348.33, 49]","[349.46, 56]",347.6,217,1.45,0.03
07:32:44,"[249.02, 51]","[255.89, 53]","[346.17, 47]","[346.96, 52]",297.59,203,97.15,0.02
07:32:45,"[296.87, 15]","[247.32, 71]","[342.12, 25]","[344.21, 28]",319.49,139,45.25,0.24
07:32:46,"[321.29, 38]","[296.62, 42]","[340.67, 36]","[341.75, 16]",330.98,132,19.38,0.21
07:32:47,"[325.0, 55]","[324.0, 55]","[339.36, 22]","[340.29, 21]",332.18,153,14.36,0.44
07:32:48,"[326.27, 75]","[325.27, 75]","[340.0, 30]","[341.0, 15]",333.13,195,13.73,0.54
07:32:49,"[329.44, 59]","[327.27, 75]","[341.0, 40]","[342.33, 30]",335.22,204,11.56,0.31
07:32:50,"[331.18, 55]","[327.45, 55]","[342.0, 44]","[343.0, 44]",336.59,198,10.82,0.11
07:32:51,"[335.13, 75]","[332.93, 75]","[339.39, 69]","[342.22, 54]",337.26,273,4.26,0.1
07:32:52,"[336.62, 52]","[334.5, 40]","[338.24, 34]","[341.8, 30]",337.43,156,1.62,0.18
07:32:53,"[338.66, 74]","[337.68, 95]","[341.33, 18]","[344.58, 95]",340.0,282,2.67,0.2
07:32:54,"[340.42, 60]","[338.0, 96]","[343.0, 12]","[346.0, 96]",341.71,264,2.58,0.18
07:32:55,"[338.71, 63]","[309.71, 42]","[342.64, 11]","[345.64, 25]",340.68,141,3.92,0.49
07:32:56,"[338.0, 64]","[326.82, 49]","[343.0, 8]","[345.0, 8]",340.5,129,5.0,0.75
07:32:57,"[340.51, 70]","[335.93, 59]","[343.93, 15]","[345.64, 22]",342.22,166,3.42,0.55
07:32:58,"[343.98, 44]","[343.14, 28]","[345.86, 14]","[346.6, 10]",344.92,96,1.88,0.5
07:32:59,"[344.28, 82]","[293.14, 44]","[346.67, 18]","[348.92, 75]",345.47,219,2.39,0.15
07:33:00,"[345.24, 62]","[292.9, 42]","[348.71, 31]","[366.95, 21]",346.98,156,3.47,0.33
07:33:01,"[347.0, 5]","[346.0, 30]","[349.0, 10]","[422.67, 9]",348.0,54,2.0,0.3
07:33:02,"[347.0, 13]","[323.7, 69]","[348.75, 16]","[404.59, 29]",347.88,127,1.75,0.29
07:33:03,"[343.33, 18]","[339.09, 33]","[349.0, 11]","[353.0, 44]",346.17,106,5.67,-0.04
07:33:04,"[342.92, 26]","[341.0, 39]","[348.0, 26]","[352.29, 34]",345.46,125,5.08,0.04
07:33:05,"[343.9, 20]","[335.4, 30]","[346.7, 20]","[351.9, 40]",345.3,110,2.8,-0.09
07:33:06,"[335.43, 28]","[331.6, 30]","[348.39, 31]","[361.0, 10]",341.91,99,12.96,0.17
07:33:07,"[331.0, 39]","[330.0, 39]","[346.56, 36]","[357.14, 14]",338.78,128,15.56,0.22
07:33:08,"[331.0, 9]","[330.0, 9]","[347.0, 3]","[349.0, 3]",339.0,24,16.0,0.5
07:33:09,"[331.0, 18]","[330.0, 18]","[347.0, 10]","[349.0, 6]",339.0,52,16.0,0.38
07:33:10,"[331.0, 24]","[330.0, 24]","[346.6, 10]","[349.4, 10]",338.8,68,15.6,0.41
07:33:11,"[331.0, 33]","[330.0, 33]","[353.36, 11]","[385.65, 23]",342.18,100,22.36,0.32
07:33:12,"[331.0, 12]","[330.0, 12]","[358.0, 4]","[398.5, 12]",344.5,40,27.0,0.2
07:33:13,"[331.92, 39]","[330.31, 39]","[344.07, 43]","[348.0, 13]",338.0,134,12.15,0.16
07:33:14,"[337.67, 54]","[332.93, 41]","[348.75, 24]","[396.11, 19]",343.21,138,11.08,0.38
07:33:15,"[351.0, 32]","[347.0, 24]","[470.0, 24]","[631.0, 16]",410.5,96,119.0,0.17
07:33:16,"[351.02, 51]","[348.25, 60]","[560.0, 36]","[670.75, 24]",455.51,171,208.98,0.3
07:33:17,"[351.67, 9]","[350.0, 30]","[577.54, 13]","[700.55, 11]",464.6,63,225.87,0.24
07:33:18,"[351.0, 14]","[348.0, 35]","[529.7, 20]","[587.67, 12]",440.35,81,178.7,0.21
07:33:19,"[348.55, 22]","[347.36, 28]","[498.12, 24]","[597.0, 16]",423.34,90,149.58,0.11
07:33:20,"[348.0, 18]","[347.0, 18]","[565.0, 15]","[588.6, 15]",456.5,66,217.0,0.09
07:33:21,"[348.0, 27]","[347.0, 27]","[470.6, 20]","[546.62, 21]",409.3,95,122.6,0.14
07:33:22,"[348.0, 33]","[347.0, 33]","[464.78, 23]","[510.0, 22]",406.39,111,116.78,0.19
07:33:23,"[348.0, 21]","[347.0, 21]","[439.0, 14]","[442.0, 14]",393.5,70,91.0,0.2
07:33:24,"[347.0, 9]","[334.83, 29]","[409.56, 18]","[442.0, 18]",378.28,74,62.56,0.03
07:33:25,"[335.86, 28]","[333.08, 39]","[438.08, 24]","[521.67, 24]",386.97,115,102.23,0.17
07:33:26,"[334.0, 30]","[331.0, 30]","[435.9, 20]","[544.1, 20]",384.95,100,101.9,0.2
07:33:27,"[334.0, 30]","[326.38, 42]","[435.6, 20]","[561.0, 20]",384.8,112,101.6,0.29
07:33:28,"[334.0, 30]","[332.0, 70]","[350.35, 40]","[385.45, 33]",342.18,173,16.35,0.16
07:33:29,"[334.0, 33]","[332.0, 77]","[338.41, 34]","[342.27, 30]",336.21,174,4.41,0.26
07:33:30,"[334.0, 21]","[332.0, 49]","[339.0, 14]","[346.0, 14]",336.5,98,5.0,0.43
07:33:31,"[334.0, 33]","[332.0, 77]","[339.0, 11]","[346.0, 28]",336.5,149,5.0,0.48
07:33:32,"[334.0, 18]","[332.0, 42]","[339.0, 6]","[346.0, 12]",336.5,78,5.0,0.54
07:33:33,"[334.69, 29]","[332.83, 36]","[339.0, 8]","[346.0, 16]",336.84,89,4.31,0.46
07:33:34,"[335.27, 44]","[333.81, 37]","[339.0, 11]","[346.0, 22]",337.14,114,3.73,0.42
07:33:35,"[335.96, 54]","[332.61, 76]","[343.08, 24]","[346.19, 43]",339.52,197,7.12,0.32
07:33:36,"[332.5, 56]","[325.75, 24]","[347.0, 8]","[476.07, 14]",339.75,102,14.5,0.57
07:33:37,"[331.65, 40]","[329.76, 97]","[342.55, 60]","[344.33, 36]",337.1,233,10.9,0.18
07:33:38,"[333.29, 35]","[330.25, 97]","[342.0, 21]","[343.0, 64]",337.64,217,8.71,0.22
07:33:39,"[336.9, 83]","[335.62, 45]","[341.12, 16]","[343.0, 64]",339.01,208,4.22,0.23
07:33:40,"[338.94, 62]","[337.99, 89]","[347.23, 26]","[429.0, 17]",343.08,194,8.3,0.56
07:33:41,"[341.75, 79]","[340.33, 43]","[353.0, 14]","[511.94, 32]",347.37,168,11.25,0.45
07:33:42,"[343.61, 51]","[344.32, 75]","[366.41, 17]","[414.79, 28]",355.01,171,22.8,0.47
07:33:43,"[353.64, 25]","[351.72, 53]","[502.0, 26]","[566.0, 26]",427.82,130,148.36,0.2
07:33:44,"[352.91, 23]","[351.3, 23]","[502.0, 18]","[627.78, 27]",427.46,91,149.09,0.01
07:33:45,"[352.03, 29]","[348.67, 15]","[538.0, 17]","[614.33, 18]",445.02,79,185.97,0.11
07:33:46,"[351.05, 59]","[348.38, 61]","[381.84, 38]","[479.93, 28]",366.45,186,30.79,0.29
07:33:47,"[352.0, 13]","[351.0, 91]","[366.92, 52]","[392.0, 26]",359.46,182,14.92,0.14
07:33:48,"[352.0, 13]","[351.0, 91]","[364.31, 52]","[375.06, 34]",358.15,190,12.31,0.09
07:33:49,"[352.93, 15]","[351.0, 105]","[363.0, 60]","[446.15, 40]",357.97,220,10.07,0.09
07:33:50,"[354.0, 7]","[351.0, 49]","[363.0, 28]","[488.89, 18]",358.5,102,9.0,0.1
07:33:51,"[353.25, 20]","[350.72, 113]","[359.38, 42]","[361.25, 51]",356.32,226,6.13,0.18
07:33:52,"[351.0, 39]","[347.0, 64]","[354.62, 24]","[356.33, 12]",352.81,139,3.62,0.48
07:33:53,"[347.0, 60]","[340.0, 16]","[352.0, 32]","[356.0, 24]",349.5,132,5.0,0.15
07:33:54,"[347.0, 77]","[340.0, 22]","[351.33, 36]","[352.88, 41]",349.17,176,4.33,0.12
07:33:55,"[347.0, 49]","[340.0, 14]","[350.36, 25]","[351.5, 24]",348.68,112,3.36,0.12
07:33:56,"[347.74, 53]","[346.67, 85]","[349.72, 50]","[351.27, 59]",348.73,247,1.98,0.12
07:33:57,"[346.11, 18]","[343.4, 20]","[351.57, 14]","[359.14, 28]",348.84,80,5.46,-0.05
07:33:58,"[347.6, 25]","[339.7, 20]","[352.0, 19]","[362.0, 40]",349.8,104,4.4,-0.13
07:33:59,"[350.0, 39]","[342.0, 26]","[352.0, 13]","[362.0, 52]",351.0,130,2.0,0.0
07:34:00,"[350.0, 30]","[342.0, 20]","[352.0, 10]","[362.0, 40]",351.0,100,2.0,0.0
07:34:01,"[350.0, 30]","[342.0, 20]","[362.0, 40]","[464.59, 34]",356.0,124,12.0,-0.19
07:34:02,"[349.82, 33]","[344.33, 24]","[362.0, 48]","[418.16, 25]",355.91,130,12.18,-0.12
07:34:03,"[342.0, 18]","[338.0, 27]","[356.72, 29]","[365.7, 23]",349.36,97,14.72,-0.07
07:34:04,"[342.0, 20]","[338.0, 30]","[343.67, 12]","[346.45, 22]",342.83,84,1.67,0.19
07:34:05,"[340.11, 19]","[307.71, 21]","[342.89, 9]","[346.86, 22]",341.5,71,2.78,0.13
07:34:06,"[338.0, 21]","[240.25, 16]","[339.0, 14]","[344.0, 7]",338.5,58,1.0,0.28
07:34:07,"[338.0, 30]","[132.38, 32]","[344.0, 17]","[346.42, 26]",341.0,105,6.0,0.18
07:34:08,"[338.0, 24]","[210.15, 13]","[353.69, 26]","[378.05, 19]",345.85,82,15.69,-0.1
07:34:09,"[345.33, 18]","[325.86, 21]","[355.33, 24]","[370.67, 36]",350.33,99,10.0,-0.21
07:34:10,"[339.62, 8]","[338.0, 8]","[356.0, 32]","[433.75, 16]",347.81,64,16.38,-0.5
07:34:11,"[341.91, 11]","[336.55, 11]","[355.14, 35]","[393.44, 27]",348.53,84,13.23,-0.48
07:34:12,"[343.0, 9]","[336.0, 9]","[354.34, 32]","[360.12, 34]",348.67,84,11.34,-0.57
07:34:13,"[343.0, 16]","[336.75, 8]","[353.62, 24]","[356.0, 32]",348.31,80,10.62,-0.4
07:34:14,"[344.47, 15]","[342.4, 20]","[352.73, 33]","[357.0, 56]",348.6,124,8.26,-0.44
07:34:15,"[346.44, 9]","[337.0, 9]","[351.78, 27]","[358.0, 36]",349.11,81,5.33,-0.56
07:34:16,"[347.28, 18]","[333.44, 18]","[350.28, 54]","[358.0, 72]",348.78,162,3.0,-0.56
07:34:17,"[339.69, 13]","[331.67, 21]","[355.26, 39]","[361.0, 46]",347.47,119,15.56,-0.43
07:34:18,"[335.0, 9]","[332.0, 18]","[358.42, 24]","[363.44, 25]",346.71,76,23.42,-0.29
07:34:19,"[334.0, 15]","[332.35, 20]","[358.0, 36]","[359.46, 70]",346.0,141,24.0,-0.5
07:34:20,"[338.26, 19]","[336.95, 19]","[348.29, 73]","[351.42, 48]",343.28,159,10.02,-0.52
07:34:21,"[348.0, 12]","[341.75, 12]","[350.43, 21]","[353.57, 21]",349.21,66,2.43,-0.27
07:34:22,"[352.54, 13]","[347.89, 9]","[356.22, 18]","[358.71, 28]",354.38,68,3.68,-0.35
07:34:23,"[357.0, 29]","[351.0, 10]","[358.0, 20]","[359.0, 40]",357.5,99,1.0,-0.21
07:34:24,"[357.0, 8]","[354.0, 4]","[358.0, 8]","[359.0, 16]",357.5,36,1.0,-0.33
07:34:25,"[357.0, 10]","[354.0, 5]","[358.0, 10]","[359.0, 20]",357.5,45,1.0,-0.33
07:34:26,"[356.25, 16]","[352.44, 9]","[358.0, 18]","[359.0, 36]",357.12,79,1.75,-0.37
07:34:27,"[351.0, 7]","[347.0, 7]","[358.0, 14]","[359.0, 28]",354.5,56,7.0,-0.5
07:34:28,"[349.5, 8]","[339.55, 29]","[357.93, 15]","[358.93, 30]",353.72,82,8.43,-0.1
07:34:29,"[347.0, 6]","[338.0, 48]","[357.0, 6]","[358.5, 16]",352.0,76,10.0,0.42
07:34:30,"[347.0, 13]","[339.52, 92]","[356.38, 13]","[359.62, 52]",351.69,170,9.38,0.24
07:34:31,"[347.0, 11]","[338.0, 88]","[353.73, 11]","[361.0, 44]",350.36,154,6.73,0.29
07:34:32,"[343.4, 20]","[337.97, 97]","[351.37, 19]","[358.82, 22]",347.38,158,7.97,0.48
07:34:33,"[338.83, 48]","[337.67, 90]","[345.49, 49]","[351.09, 22]",342.16,209,6.66,0.32
07:34:34,"[339.0, 24]","[335.25, 36]","[345.0, 60]","[351.0, 24]",342.0,144,6.0,-0.17
07:34:35,"[339.47, 34]","[335.37, 38]","[344.69, 45]","[346.35, 62]",342.08,179,5.22,-0.2
07:34:36,"[341.1, 20]","[335.0, 80]","[344.78, 27]","[347.19, 16]",342.94,143,3.68,0.4
07:34:37,"[343.0, 22]","[334.8, 60]","[344.56, 27]","[346.04, 23]",343.78,132,1.56,0.24
07:34:38,"[344.0, 22]","[330.18, 57]","[345.0, 33]","[349.0, 11]",344.5,123,1.0,0.28
07:34:39,"[332.88, 105]","[329.88, 68]","[344.33, 18]","[345.21, 38]",338.6,229,11.46,0.51
07:34:40,"[331.14, 168]","[329.84, 50]","[343.22, 23]","[344.62, 24]",337.18,265,12.07,0.65
07:34:41,"[334.99, 170]","[332.97, 38]","[340.38, 32]","[342.85, 26]",337.68,266,5.39,0.56
07:34:42,"[336.24, 182]","[330.91, 43]","[341.93, 28]","[344.19, 32]",339.08,285,5.69,0.58
07:34:43,"[325.61, 115]","[324.81, 37]","[345.0, 27]","[347.0, 27]",335.3,206,19.39,0.48
07:34:44,"[333.65, 85]","[332.0, 85]","[345.0, 51]","[347.0, 79]",339.32,300,11.35,0.13
07:34:45,"[335.33, 75]","[330.19, 59]","[340.33, 45]","[345.91, 55]",337.83,234,5.0,0.15
07:34:46,"[336.69, 64]","[327.53, 102]","[345.0, 42]","[347.0, 70]",340.84,278,8.31,0.19
07:34:47,"[339.4, 60]","[336.0, 75]","[345.0, 45]","[347.0, 75]",342.2,255,5.6,0.06
07:34:48,"[342.32, 107]","[340.98, 100]","[345.75, 53]","[347.18, 67]",344.04,327,3.44,0.27
07:34:49,"[343.69, 52]","[338.9, 82]","[347.0, 75]","[348.0, 45]",345.35,254,3.31,0.06
07:34:50,"[340.36, 100]","[332.5, 80]","[347.39, 51]","[349.67, 24]",343.88,255,7.03,0.41
07:34:51,"[335.0, 90]","[330.87, 90]","[344.96, 49]","[347.0, 26]",339.98,255,9.96,0.41
07:34:52,"[336.09, 96]","[332.73, 98]","[343.0, 40]","[345.4, 20]",339.55,254,6.91,0.53
07:34:53,"[337.93, 210]","[335.07, 84]","[343.0, 56]","[345.0, 28]",340.46,378,5.07,0.56
07:34:54,"[339.57, 210]","[335.29, 84]","[343.26, 47]","[345.72, 25]",341.41,366,3.68,0.61
07:34:55,"[341.2, 280]","[334.0, 114]","[345.81, 64]","[347.0, 31]",343.5,489,4.62,0.61
07:34:56,"[339.05, 122]","[332.56, 78]","[344.12, 48]","[345.84, 45]",341.59,293,5.08,0.37
07:34:57,"[335.08, 104]","[334.0, 78]","[338.0, 34]","[339.0, 26]",336.54,242,2.92,0.5
07:34:58,"[335.87, 90]","[333.27, 66]","[338.4, 15]","[341.8, 30]",337.13,201,2.53,0.55
07:34:59,"[334.43, 94]","[331.6, 60]","[339.0, 26]","[346.0, 52]",336.71,232,4.57,0.33
07:35:00,"[336.22, 90]","[335.12, 114]","[339.0, 24]","[346.0, 48]",337.61,276,2.78,0.48
07:35:01,"[337.74, 76]","[334.3, 94]","[342.5, 16]","[346.35, 34]",340.12,220,4.76,0.55
07:35:02,"[327.74, 100]","[325.71, 141]","[346.0, 68]","[352.0, 17]",336.87,326,18.26,0.48
07:35:03,"[327.64, 66]","[325.4, 67]","[346.19, 53]","[348.59, 41]",336.91,227,18.55,0.17
07:35:04,"[328.81, 63]","[327.88, 50]","[347.31, 58]","[349.33, 24]",338.06,195,18.5,0.16
07:35:05,"[330.0, 33]","[329.0, 74]","[346.0, 55]","[348.0, 44]",338.0,206,16.0,0.04
07:35:06,"[333.0, 84]","[331.22, 58]","[346.0, 55]","[348.0, 44]",339.5,241,13.0,0.18
07:35:07,"[337.33, 54]","[335.45, 66]","[346.0, 50]","[348.0, 40]",341.67,210,8.67,0.14
07:35:08,"[339.0, 27]","[338.0, 81]","[345.22, 45]","[346.37, 43]",342.11,196,6.22,0.1
07:35:09,"[339.0, 33]","[338.0, 99]","[344.88, 51]","[345.82, 55]",341.94,238,5.88,0.11
07:35:10,"[340.91, 69]","[339.41, 111]","[343.81, 21]","[345.03, 61]",342.36,262,2.9,0.37
07:35:11,"[336.63, 63]","[328.17, 54]","[345.0, 21]","[346.0, 60]",340.82,198,8.37,0.18
07:35:12,"[331.0, 18]","[327.12, 34]","[345.0, 9]","[346.0, 45]",338.0,106,14.0,-0.02
07:35:13,"[331.75, 24]","[326.32, 25]","[344.19, 26]","[345.78, 32]",337.97,107,12.44,-0.08
07:35:14,"[332.45, 22]","[327.0, 59]","[343.18, 33]","[345.0, 11]",337.82,125,10.73,0.3
07:35:15,"[335.12, 16]","[328.84, 38]","[342.75, 24]","[345.0, 8]",338.94,86,7.62,0.26
07:35:16,"[337.2, 30]","[329.0, 105]","[342.0, 45]","[345.0, 15]",339.6,195,4.8,0.38
07:35:17,"[339.47, 30]","[328.72, 105]","[342.0, 42]","[345.0, 14]",340.73,191,2.53,0.41
07:35:18,"[340.8, 40]","[330.83, 120]","[343.2, 25]","[345.91, 55]",342.0,240,2.4,0.33
07:35:19,"[342.83, 24]","[329.0, 132]","[345.0, 12]","[346.0, 60]",343.92,228,2.17,0.37
07:35:20,"[344.78, 18]","[329.0, 154]","[346.11, 36]","[348.93, 60]",345.44,268,1.33,0.28
07:35:21,"[345.18, 17]","[329.26, 183]","[348.67, 36]","[352.53, 51]",346.92,287,3.49,0.39
07:35:22,"[333.36, 42]","[332.07, 45]","[352.0, 45]","[355.0, 53]",342.68,185,18.64,-0.06
07:35:23,"[333.62, 26]","[329.14, 98]","[349.37, 19]","[353.05, 60]",341.49,203,15.75,0.22
07:35:24,"[334.0, 22]","[330.9, 78]","[347.64, 28]","[351.0, 23]",340.82,151,13.64,0.32
07:35:25,"[345.65, 68]","[333.76, 29]","[350.5, 56]","[352.52, 40]",348.07,193,4.85,0.01
07:35:26,"[343.25, 24]","[332.67, 27]","[351.25, 32]","[352.79, 47]",347.25,130,8.0,-0.22
07:35:27,"[336.11, 19]","[333.32, 50]","[345.83, 29]","[350.61, 28]",340.97,126,9.72,0.1
07:35:28,"[338.69, 16]","[333.0, 32]","[344.0, 32]","[345.0, 16]",341.34,96,5.31,0.0
07:35:29,"[339.73, 11]","[331.76, 29]","[343.11, 18]","[344.07, 15]",341.42,73,3.38,0.1
07:35:30,"[332.61, 36]","[329.87, 67]","[342.0, 29]","[344.65, 17]",337.31,149,9.39,0.38
07:35:31,"[328.08, 99]","[327.21, 33]","[342.0, 14]","[349.36, 28]",335.04,174,13.92,0.52
07:35:32,"[329.0, 80]","[328.0, 70]","[342.0, 10]","[348.0, 50]",335.5,210,13.0,0.43
07:35:33,"[330.5, 128]","[327.43, 81]","[342.0, 16]","[346.8, 50]",336.25,275,11.5,0.52
07:35:34,"[332.0, 40]","[327.0, 44]","[341.2, 5]","[344.25, 8]",336.6,97,9.2,0.73
07:35:35,"[332.0, 112]","[326.29, 112]","[345.59, 44]","[348.75, 20]",338.8,288,13.59,0.56
07:35:36,"[333.12, 136]","[323.96, 138]","[343.48, 73]","[348.31, 39]",338.3,386,10.36,0.42
07:35:37,"[334.63, 152]","[321.15, 192]","[349.68, 38]","[358.07, 56]",342.16,438,15.05,0.57
07:35:38,"[335.81, 128]","[324.52, 54]","[349.0, 48]","[350.0, 68]",342.41,298,13.19,0.22
07:35:39,"[337.19, 128]","[326.02, 50]","[348.0, 48]","[350.0, 90]",342.59,316,10.81,0.13
07:35:40,"[338.39, 92]","[337.36, 55]","[346.38, 39]","[350.67, 60]",342.39,246,7.99,0.2
07:35:41,"[341.4, 114]","[338.53, 120]","[441.82, 57]","[508.48, 48]",391.61,339,100.42,0.38
07:35:42,"[346.56, 71]","[344.61, 67]","[527.36, 44]","[673.09, 44]",436.96,226,180.8,0.22
07:35:43,"[352.2, 59]","[351.15, 41]","[455.0, 36]","[676.44, 36]",403.6,172,102.8,0.16
07:35:44,"[355.12, 34]","[352.84, 19]","[455.0, 24]","[708.0, 24]",405.06,101,99.88,0.05
07:35:45,"[358.0, 63]","[355.0, 18]","[489.44, 36]","[593.22, 36]",423.72,153,131.44,0.06
07:35:46,"[358.0, 28]","[355.0, 8]","[545.0, 16]","[585.67, 12]",451.5,64,187.0,0.12
07:35:47,"[358.0, 41]","[355.0, 14]","[464.67, 18]","[591.83, 24]",411.33,97,106.67,0.13
07:35:48,"[357.69, 39]","[354.54, 26]","[570.5, 32]","[643.89, 36]",464.1,133,212.81,-0.02
07:35:49,"[355.0, 20]","[354.0, 60]","[500.71, 34]","[547.67, 36]",427.85,150,145.71,0.07
07:35:50,"[355.0, 16]","[354.0, 48]","[479.0, 32]","[536.38, 32]",417.0,128,124.0,0.0
07:35:51,"[352.45, 40]","[351.46, 46]","[449.92, 26]","[494.62, 32]",401.19,144,97.47,0.19
07:35:52,"[352.0, 61]","[351.0, 55]","[353.0, 22]","[485.55, 44]",352.5,182,1.0,0.27
07:35:53,"[352.0, 50]","[351.0, 50]","[353.0, 12]","[529.0, 40]",352.5,152,1.0,0.32
07:35:54,"[352.0, 50]","[350.7, 53]","[353.0, 10]","[434.6, 40]",352.5,153,1.0,0.35
07:35:55,"[351.44, 50]","[349.86, 70]","[353.0, 11]","[440.68, 38]",352.22,169,1.56,0.42
07:35:56,"[351.0, 79]","[349.0, 96]","[353.25, 12]","[414.39, 23]",352.12,210,2.25,0.67
07:35:57,"[351.0, 30]","[349.0, 48]","[355.0, 6]","[476.0, 18]",353.0,102,4.0,0.53
07:35:58,"[351.0, 26]","[349.0, 48]","[355.0, 6]","[400.75, 16]",353.0,96,4.0,0.54
07:35:59,"[349.0, 18]","[347.0, 12]","[355.0, 3]","[369.0, 12]",352.0,45,6.0,0.33
07:36:00,"[347.86, 28]","[344.86, 28]","[355.0, 6]","[382.0, 20]",351.43,82,7.14,0.37
07:36:01,"[347.0, 28]","[344.0, 35]","[354.16, 19]","[402.4, 10]",350.58,92,7.16,0.37
07:36:02,"[349.63, 135]","[345.9, 40]","[354.0, 39]","[355.93, 15]",351.81,229,4.37,0.53
07:36:03,"[350.17, 156]","[347.0, 48]","[357.4, 15]","[380.62, 24]",353.78,243,7.23,0.68
07:36:04,"[351.15, 169]","[347.0, 52]","[358.85, 26]","[359.7, 23]",355.0,270,7.69,0.64
07:36:05,"[352.0, 149]","[347.0, 64]","[356.94, 32]","[358.38, 32]",354.47,277,4.94,0.54
07:36:06,"[347.6, 50]","[344.07, 41]","[354.08, 26]","[355.08, 26]",350.84,143,6.48,0.27
07:36:07,"[347.0, 26]","[344.0, 24]","[352.88, 16]","[354.0, 16]",349.94,82,5.88,0.22
07:36:08,"[347.0, 12]","[344.0, 36]","[350.83, 24]","[353.48, 21]",348.92,93,3.83,0.03
07:36:09,"[347.0, 9]","[344.0, 27]","[351.71, 28]","[353.8, 25]",349.36,89,4.71,-0.19
07:36:10,"[347.0, 18]","[344.0, 54]","[351.0, 36]","[365.56, 84]",349.0,192,4.0,-0.25
07:36:11,"[346.25, 12]","[343.38, 32]","[361.91, 44]","[382.34, 44]",354.08,132,15.66,-0.33
07:36:12,"[344.0, 30]","[340.0, 50]","[363.0, 50]","[377.0, 30]",353.5,160,19.0,0.0
07:36:13,"[347.8, 90]","[345.55, 60]","[361.81, 81]","[392.45, 55]",354.81,286,14.01,0.05
07:36:14,"[357.0, 42]","[354.0, 84]","[363.0, 70]","[475.56, 48]",360.0,244,6.0,0.03
07:36:15,"[357.0, 27]","[354.0, 54]","[362.24, 21]","[377.3, 43]",359.62,145,5.24,0.12
07:36:16,"[357.0, 30]","[354.0, 60]","[361.5, 20]","[362.71, 35]",359.25,145,4.5,0.24
07:36:17,"[357.0, 51]","[354.0, 102]","[358.29, 34]","[359.27, 66]",357.65,253,1.29,0.21
07:36:18,"[355.54, 37]","[353.2, 90]","[358.26, 31]","[360.21, 66]",356.9,224,2.72,0.13
07:36:19,"[354.0, 72]","[351.02, 89]","[358.0, 12]","[360.0, 48]",356.0,221,4.0,0.46
07:36:20,"[354.0, 66]","[353.0, 11]","[356.09, 11]","[364.99, 79]",355.05,167,2.09,-0.08
07:36:21,"[354.0, 91]","[353.0, 16]","[355.31, 16]","[362.25, 36]",354.66,159,1.31,0.35
07:36:22,"[354.0, 110]","[351.02, 97]","[356.0, 13]","[364.85, 53]",355.0,273,2.0,0.52
07:36:23,"[354.0, 100]","[351.25, 57]","[356.0, 15]","[364.48, 42]",355.0,214,2.0,0.47
07:36:24,"[353.48, 21]","[352.15, 13]","[355.02, 61]","[358.65, 17]",354.25,112,1.54,-0.39
07:36:25,"[353.86, 74]","[351.43, 28]","[354.8, 41]","[363.5, 42]",354.33,185,0.94,0.1
07:36:26,"[354.0, 94]","[352.0, 10]","[355.14, 28]","[361.89, 27]",354.57,159,1.14,0.31
07:36:27,"[354.55, 22]","[351.5, 16]","[356.0, 9]","[363.0, 45]",355.27,92,1.45,-0.17
07:36:28,"[355.0, 24]","[352.0, 13]","[359.33, 21]","[363.07, 57]",357.17,115,4.33,-0.36
07:36:29,"[355.0, 11]","[352.0, 11]","[363.16, 37]","[369.8, 20]",359.08,79,8.16,-0.44
07:36:30,"[355.0, 6]","[352.0, 6]","[361.5, 24]","[363.1, 21]",358.25,57,6.5,-0.58
07:36:31,"[351.56, 57]","[351.07, 15]","[359.93, 60]","[362.47, 60]",355.75,192,8.37,-0.25
07:36:32,"[352.88, 102]","[350.81, 52]","[358.06, 64]","[359.12, 64]",355.47,282,5.18,0.09
07:36:33,"[357.0, 18]","[351.0, 63]","[358.11, 36]","[361.0, 36]",357.56,153,1.11,0.06
07:36:34,"[357.0, 18]","[351.1, 39]","[358.0, 36]","[361.0, 36]",357.5,129,1.0,-0.12
07:36:35,"[353.74, 23]","[351.02, 61]","[360.37, 76]","[363.85, 33]",357.05,193,6.63,-0.13
07:36:36,"[352.58, 12]","[351.26, 27]","[360.3, 40]","[363.25, 48]",356.44,127,7.72,-0.39
07:36:37,"[351.0, 27]","[350.0, 9]","[359.93, 55]","[360.94, 34]",355.46,125,8.93,-0.42
07:36:38,"[351.0, 57]","[350.0, 19]","[357.92, 52]","[359.23, 62]",354.46,190,6.92,-0.2
07:36:39,"[345.35, 51]","[344.8, 15]","[353.7, 54]","[354.78, 36]",349.53,156,8.35,-0.15
07:36:40,"[339.0, 158]","[337.0, 12]","[352.4, 30]","[353.14, 42]",345.7,242,13.4,0.4
07:36:41,"[339.0, 150]","[146.8, 49]","[349.92, 26]","[351.24, 34]",344.46,259,10.92,0.54
07:36:42,"[339.0, 210]","[337.0, 14]","[347.95, 40]","[349.87, 46]",343.48,310,8.95,0.45
07:36:43,"[339.0, 315]","[337.0, 21]","[347.63, 76]","[355.5, 96]",343.32,508,8.63,0.32
07:36:44,"[339.4, 90]","[337.94, 17]","[345.5, 24]","[346.9, 40]",342.45,171,6.1,0.25
07:36:45,"[341.87, 69]","[340.26, 129]","[343.62, 48]","[345.4, 57]",342.75,303,1.76,0.31
07:36:46,"[342.75, 16]","[336.14, 28]","[344.0, 24]","[347.0, 32]",343.38,100,1.25,-0.12
07:36:47,"[336.79, 19]","[331.29, 35]","[345.75, 24]","[348.0, 44]",341.27,122,8.96,-0.11
07:36:48,"[333.83, 29]","[332.23, 26]","[350.87, 31]","[356.25, 24]",342.35,110,17.04,0.0
07:36:49,"[335.73, 40]","[334.18, 40]","[350.0, 32]","[353.11, 38]",342.86,150,14.27,0.07
07:36:50,"[337.14, 42]","[336.73, 33]","[349.33, 30]","[355.0, 30]",343.24,135,12.19,0.11
07:36:51,"[338.0, 16]","[337.0, 64]","[347.34, 53]","[349.75, 32]",342.67,165,9.34,-0.03
07:36:52,"[338.83, 18]","[337.04, 57]","[346.38, 45]","[347.3, 60]",342.61,180,7.54,-0.17
07:36:53,"[341.43, 56]","[340.66, 29]","[345.82, 85]","[351.38, 52]",343.63,222,4.39,-0.23
07:36:54,"[337.21, 56]","[326.8, 41]","[346.53, 47]","[354.0, 28]",341.87,172,9.32,0.13
07:36:55,"[326.14, 70]","[324.64, 55]","[346.96, 46]","[354.14, 28]",336.55,199,20.81,0.26
07:36:56,"[339.8, 25]","[326.96, 52]","[352.0, 11]","[353.73, 22]",345.9,110,12.2,0.4
07:36:57,"[343.0, 16]","[333.75, 52]","[352.0, 8]","[353.0, 16]",347.5,92,9.0,0.48
07:36:58,"[343.0, 26]","[340.0, 117]","[350.05, 20]","[352.19, 31]",346.52,194,7.05,0.47
07:36:59,"[343.0, 16]","[327.0, 40]","[347.0, 16]","[351.0, 32]",345.0,104,4.0,0.08
07:37:00,"[343.5, 16]","[331.57, 28]","[347.0, 16]","[350.62, 32]",345.25,92,3.5,-0.04
07:37:01,"[344.14, 28]","[339.0, 28]","[347.0, 28]","[351.0, 56]",345.57,140,2.86,-0.2
07:37:02,"[345.0, 26]","[337.31, 26]","[347.0, 26]","[351.0, 52]",346.0,130,2.0,-0.2
07:37:03,"[345.0, 20]","[337.0, 20]","[346.67, 24]","[350.56, 36]",345.83,100,1.67,-0.2
07:37:04,"[332.85, 26]","[327.72, 29]","[339.38, 39]","[342.63, 27]",336.12,121,6.54,-0.09
07:37:05,"[337.0, 20]","[327.5, 24]","[339.0, 50]","[344.0, 10]",338.0,104,2.0,-0.15
07:37:06,"[334.75, 24]","[327.0, 27]","[339.0, 60]","[344.0, 12]",336.88,123,4.25,-0.17
07:37:07,"[328.0, 16]","[325.0, 24]","[339.0, 40]","[344.0, 8]",333.5,88,11.0,-0.09
07:37:08,"[328.0, 14]","[325.0, 21]","[339.0, 35]","[344.0, 7]",333.5,77,11.0,-0.09
07:37:09,"[328.77, 44]","[325.83, 29]","[339.0, 55]","[344.0, 11]",333.89,139,10.23,0.05
07:37:10,"[330.66, 58]","[328.76, 123]","[338.13, 78]","[339.31, 80]",334.39,339,7.47,0.07
07:37:11,"[334.29, 56]","[333.43, 56]","[337.0, 48]","[339.0, 80]",335.64,240,2.71,-0.07
07:37:12,"[335.06, 48]","[329.11, 36]","[338.6, 50]","[342.53, 68]",336.83,202,3.54,-0.17
07:37:13,"[335.71, 21]","[334.55, 47]","[339.0, 60]","[344.0, 72]",337.36,200,3.29,-0.32
07:37:14,"[338.24, 17]","[337.07, 28]","[341.58, 64]","[344.35, 51]",339.91,160,3.34,-0.44
07:37:15,"[339.62, 16]","[338.87, 23]","[342.0, 35]","[344.0, 13]",340.81,87,2.38,-0.1
07:37:16,"[340.32, 19]","[326.76, 29]","[346.52, 27]","[349.4, 47]",343.42,122,6.2,-0.21
07:37:17,"[340.0, 5]","[330.0, 15]","[347.0, 12]","[351.5, 16]",343.5,48,7.0,-0.17
07:37:18,"[340.0, 14]","[326.75, 36]","[343.79, 34]","[345.54, 52]",341.9,136,3.79,-0.26
07:37:19,"[340.0, 8]","[327.0, 24]","[341.78, 9]","[344.8, 25]",340.89,66,1.78,-0.03
07:37:20,"[340.0, 11]","[327.0, 33]","[345.25, 24]","[349.5, 48]",342.62,116,5.25,-0.24
07:37:21,"[340.31, 16]","[327.38, 34]","[348.06, 32]","[349.82, 56]",344.19,138,7.75,-0.28
07:37:22,"[341.13, 63]","[340.78, 51]","[344.64, 44]","[345.89, 70]",342.88,228,3.51,0.0
07:37:23,"[342.12, 8]","[330.0, 40]","[345.0, 32]","[350.0, 16]",343.56,96,2.88,0.0
07:37:24,"[343.67, 15]","[336.24, 87]","[345.0, 60]","[350.2, 30]",344.33,192,1.33,0.06
07:37:25,"[327.8, 35]","[325.1, 70]","[347.47, 59]","[348.84, 43]",337.64,207,19.67,0.01
07:37:26,"[327.0, 60]","[325.73, 105]","[345.02, 61]","[346.55, 65]",336.01,291,18.02,0.13
07:37:27,"[327.0, 48]","[326.0, 84]","[341.44, 18]","[342.69, 51]",334.22,201,14.44,0.31
07:37:28,"[328.46, 39]","[324.52, 69]","[341.6, 35]","[342.76, 74]",335.03,217,13.14,-0.0
07:37:29,"[329.0, 42]","[326.0, 120]","[340.91, 33]","[341.95, 41]",334.95,236,11.91,0.37
07:37:30,"[329.25, 24]","[327.8, 30]","[340.0, 36]","[341.0, 24]",334.62,114,10.75,-0.05
07:37:31,"[331.29, 28]","[329.4, 20]","[339.27, 30]","[340.4, 30]",335.28,108,7.98,-0.11
07:37:32,"[333.54, 13]","[331.94, 31]","[342.0, 33]","[345.0, 22]",337.77,99,8.46,-0.11
07:37:33,"[336.12, 42]","[334.41, 22]","[341.57, 58]","[343.78, 37]",338.84,159,5.45,-0.19
07:37:34,"[338.0, 39]","[337.0, 13]","[340.23, 65]","[342.0, 39]",339.12,156,2.23,-0.33
07:37:35,"[326.24, 75]","[323.72, 50]","[341.08, 39]","[344.0, 32]",333.66,196,14.84,0.28
07:37:36,"[324.12, 41]","[323.85, 53]","[345.31, 29]","[348.73, 44]",334.72,167,21.19,0.13
07:37:37,"[326.89, 9]","[324.0, 53]","[344.53, 17]","[347.86, 29]",335.71,108,17.64,0.15
07:37:38,"[328.0, 16]","[324.88, 32]","[342.16, 19]","[359.54, 28]",335.08,95,14.16,0.01
07:37:39,"[345.04, 23]","[339.04, 24]","[349.0, 36]","[386.43, 84]",347.02,167,3.96,-0.44
07:37:40,"[346.0, 13]","[345.0, 13]","[349.0, 26]","[518.08, 48]",347.5,100,3.0,-0.48
07:37:41,"[345.82, 17]","[335.22, 23]","[349.0, 22]","[470.55, 22]",347.41,84,3.18,-0.05
07:37:42,"[346.71, 98]","[345.0, 14]","[349.0, 28]","[391.35, 46]",347.86,186,2.29,0.2
07:37:43,"[348.0, 35]","[345.0, 13]","[349.0, 26]","[443.58, 33]",348.5,107,1.0,-0.1
07:37:44,"[348.91, 22]","[340.87, 15]","[428.04, 50]","[548.97, 31]",388.47,118,79.13,-0.37
07:37:45,"[355.0, 21]","[348.15, 13]","[415.0, 7]","[537.89, 19]",385.0,60,60.0,0.13
07:37:46,"[351.88, 56]","[349.63, 54]","[411.02, 48]","[503.83, 24]",381.45,182,59.15,0.21
07:37:47,"[350.0, 73]","[342.45, 29]","[456.8, 50]","[651.47, 19]",403.4,171,106.8,0.19
07:37:48,"[350.0, 18]","[347.0, 18]","[387.8, 15]","[555.0, 12]",368.9,63,37.8,0.14
07:37:49,"[347.57, 21]","[344.07, 27]","[498.75, 16]","[559.72, 18]",423.16,82,151.18,0.17
07:37:50,"[344.35, 54]","[342.89, 44]","[495.4, 20]","[597.9, 10]",419.88,128,151.05,0.53
07:37:51,"[346.25, 32]","[344.0, 56]","[436.82, 11]","[511.31, 13]",391.53,112,90.57,0.57
07:37:52,"[352.11, 44]","[347.16, 38]","[542.33, 15]","[599.89, 18]",447.22,115,190.22,0.43
07:37:53,"[353.0, 25]","[348.0, 15]","[596.0, 8]","[676.14, 7]",474.5,55,243.0,0.45
07:37:54,"[352.71, 34]","[347.1, 31]","[435.27, 15]","[648.2, 10]",393.99,90,82.56,0.44
07:37:55,"[348.0, 16]","[344.0, 68]","[530.0, 8]","[650.25, 8]",439.0,100,182.0,0.68
07:37:56,"[348.0, 16]","[344.0, 72]","[455.88, 17]","[575.25, 8]",401.94,113,107.88,0.56
07:37:57,"[348.0, 13]","[344.0, 36]","[424.21, 19]","[433.08, 13]",386.11,81,76.21,0.21
07:37:58,"[348.0, 40]","[344.0, 63]","[422.29, 35]","[428.0, 16]",385.14,154,74.29,0.34
07:37:59,"[344.21, 76]","[269.41, 32]","[420.33, 45]","[436.73, 11]",382.27,164,76.12,0.32
07:38:00,"[344.0, 81]","[263.0, 27]","[378.11, 45]","[426.91, 35]",361.06,188,34.11,0.15
07:38:01,"[344.18, 88]","[318.0, 60]","[364.68, 44]","[393.27, 40]",354.43,232,20.5,0.28
07:38:02,"[345.44, 54]","[344.16, 73]","[347.27, 30]","[348.19, 54]",346.36,211,1.82,0.2
07:38:03,"[344.98, 41]","[343.76, 59]","[347.38, 48]","[348.57, 56]",346.18,204,2.4,-0.02
07:38:04,"[338.57, 42]","[321.4, 60]","[344.52, 62]","[365.92, 26]",341.54,190,5.94,0.07
07:38:05,"[332.0, 30]","[268.57, 42]","[347.83, 46]","[363.6, 10]",339.91,128,15.83,0.12
07:38:06,"[336.0, 24]","[193.92, 39]","[358.0, 32]","[363.5, 20]",347.0,115,22.0,0.1
07:38:07,"[284.17, 18]","[228.0, 21]","[358.0, 12]","[361.0, 24]",321.08,75,73.83,0.04
07:38:08,"[355.0, 60]","[329.0, 27]","[358.0, 24]","[361.0, 48]",356.5,159,3.0,0.09
07:38:09,"[356.38, 16]","[354.79, 57]","[358.0, 24]","[361.0, 48]",357.19,145,1.62,0.01
07:38:10,"[355.25, 8]","[350.24, 29]","[358.0, 16]","[360.0, 8]",356.62,61,2.75,0.21
07:38:11,"[355.0, 10]","[351.12, 32]","[358.0, 20]","[360.0, 10]",356.5,72,3.0,0.17
07:38:12,"[353.91, 23]","[351.21, 28]","[358.0, 22]","[359.53, 17]",355.96,90,4.09,0.13
07:38:13,"[354.0, 31]","[352.27, 11]","[358.0, 22]","[360.0, 11]",356.0,75,4.0,0.12
07:38:14,"[354.0, 20]","[351.2, 10]","[358.0, 20]","[360.0, 10]",356.0,60,4.0,0.0
07:38:15,"[354.0, 12]","[353.0, 6]","[358.0, 12]","[360.0, 6]",356.0,36,4.0,0.0
07:38:16,"[347.7, 40]","[346.7, 20]","[357.57, 28]","[359.14, 14]",352.64,102,9.87,0.18
07:38:17,"[347.0, 44]","[346.0, 22]","[356.26, 46]","[357.52, 21]",351.63,133,9.26,-0.01
07:38:18,"[347.0, 44]","[346.0, 22]","[355.0, 44]","[356.0, 22]",351.0,132,8.0,0.0
07:38:19,"[347.7, 40]","[346.73, 44]","[353.53, 17]","[355.04, 54]",350.61,155,5.83,0.08
07:38:20,"[349.79, 28]","[347.0, 56]","[351.71, 14]","[355.0, 112]",350.75,210,1.93,-0.2
07:38:21,"[348.02, 48]","[345.96, 56]","[353.41, 58]","[354.86, 93]",350.72,255,5.39,-0.18
07:38:22,"[347.0, 62]","[343.0, 34]","[351.12, 68]","[352.24, 68]",349.06,232,4.12,-0.17
07:38:23,"[343.61, 33]","[339.19, 42]","[347.47, 64]","[348.79, 76]",345.54,215,3.86,-0.3
07:38:24,"[343.59, 34]","[339.89, 36]","[348.34, 35]","[354.12, 43]",345.97,148,4.75,-0.05
07:38:25,"[344.36, 55]","[342.18, 22]","[348.0, 55]","[349.0, 33]",346.18,165,3.64,-0.07
07:38:26,"[345.0, 70]","[342.0, 28]","[347.64, 70]","[349.0, 42]",346.32,210,2.64,-0.07
07:38:27,"[343.99, 126]","[340.94, 33]","[347.25, 55]","[352.2, 25]",345.62,239,3.26,0.33
07:38:28,"[344.24, 187]","[342.0, 34]","[346.12, 51]","[354.18, 17]",345.18,289,1.88,0.53
07:38:29,"[345.0, 138]","[342.13, 30]","[346.0, 28]","[354.0, 15]",345.5,211,1.0,0.59
07:38:30,"[345.34, 92]","[343.7, 40]","[351.87, 15]","[359.87, 15]",348.6,162,6.53,0.63
07:38:31,"[352.56, 80]","[351.93, 68]","[354.0, 14]","[362.0, 14]",353.28,176,1.44,0.68
07:38:32,"[353.0, 35]","[352.0, 49]","[354.0, 7]","[362.0, 7]",353.5,98,1.0,0.71
07:38:33,"[353.0, 55]","[352.0, 77]","[354.73, 11]","[362.33, 12]",353.86,155,1.73,0.7
07:38:34,"[353.74, 39]","[352.0, 63]","[362.0, 9]","[364.0, 18]",357.87,129,8.26,0.58
07:38:35,"[354.0, 44]","[352.87, 104]","[361.16, 25]","[363.07, 15]",357.58,188,7.16,0.57
07:38:36,"[355.0, 150]","[354.0, 60]","[360.6, 45]","[362.0, 15]",357.8,270,5.6,0.56
07:38:37,"[355.0, 120]","[354.0, 48]","[360.0, 36]","[362.0, 12]",357.5,216,5.0,0.56
07:38:38,"[355.0, 80]","[354.0, 32]","[360.0, 24]","[362.0, 8]",357.5,144,5.0,0.56
07:38:39,"[355.0, 110]","[354.0, 44]","[358.91, 33]","[362.77, 22]",356.95,209,3.91,0.47
07:38:40,"[355.0, 44]","[354.0, 40]","[357.0, 30]","[363.0, 20]",356.0,134,2.0,0.25
07:38:41,"[354.89, 36]","[353.76, 42]","[356.78, 27]","[364.6, 10]",355.83,115,1.89,0.36
07:38:42,"[353.03, 144]","[352.09, 108]","[355.26, 23]","[356.7, 37]",354.14,312,2.23,0.62
07:38:43,"[353.0, 129]","[352.0, 98]","[354.0, 29]","[359.14, 22]",353.5,278,1.0,0.63
07:38:44,"[353.0, 76]","[352.0, 105]","[358.64, 28]","[364.42, 19]",355.82,228,5.64,0.59
07:38:45,"[354.0, 172]","[353.0, 56]","[362.73, 44]","[366.0, 18]",358.36,290,8.73,0.57
07:38:46,"[354.0, 143]","[353.0, 52]","[361.0, 56]","[367.08, 13]",357.5,264,7.0,0.48
07:38:47,"[354.0, 154]","[353.0, 56]","[360.76, 66]","[366.71, 14]",357.38,290,6.76,0.45
07:38:48,"[354.0, 111]","[353.0, 48]","[358.67, 48]","[361.0, 12]",356.33,219,4.67,0.45
07:38:49,"[354.0, 56]","[353.0, 28]","[357.0, 28]","[364.57, 7]",355.5,119,3.0,0.41
07:38:50,"[354.0, 120]","[353.0, 60]","[355.87, 60]","[366.94, 17]",354.93,257,1.87,0.4
07:38:51,"[354.0, 80]","[353.0, 44]","[355.0, 44]","[367.0, 11]",354.5,179,1.0,0.39
07:38:52,"[353.22, 46]","[352.11, 71]","[361.35, 17]","[371.79, 47]",357.29,181,8.14,0.29
07:38:53,"[352.77, 31]","[351.91, 46]","[367.0, 7]","[372.0, 35]",359.89,119,14.23,0.29
07:38:54,"[352.43, 49]","[351.75, 65]","[365.91, 11]","[372.0, 55]",359.17,180,13.48,0.27
07:38:55,"[353.0, 27]","[352.0, 63]","[365.0, 9]","[372.0, 45]",359.0,144,12.0,0.25
07:38:56,"[355.0, 30]","[352.09, 43]","[365.0, 10]","[368.4, 50]",360.0,133,10.0,0.1
07:38:57,"[358.0, 12]","[353.0, 24]","[365.0, 8]","[368.0, 40]",361.5,84,7.0,-0.14
07:38:58,"[358.0, 9]","[353.0, 27]","[365.0, 9]","[368.0, 45]",361.5,90,7.0,-0.2
07:38:59,"[356.75, 8]","[352.82, 22]","[364.38, 8]","[367.25, 20]",360.56,58,7.62,0.03
07:39:00,"[353.0, 10]","[352.0, 20]","[361.47, 19]","[362.28, 25]",357.24,74,8.47,-0.19
07:39:01,"[354.77, 88]","[354.44, 57]","[359.93, 56]","[361.0, 14]",357.35,215,5.16,0.35
07:39:02,"[356.0, 40]","[355.0, 220]","[358.15, 80]","[361.0, 20]",357.07,360,2.15,0.44
07:39:03,"[355.11, 57]","[354.61, 41]","[356.88, 41]","[362.36, 14]",355.99,153,1.77,0.28
07:39:04,"[355.0, 24]","[353.0, 6]","[356.0, 24]","[367.0, 6]",355.5,60,1.0,0.0
07:39:05,"[355.47, 38]","[354.09, 22]","[365.0, 13]","[371.34, 59]",360.24,132,9.53,-0.09
07:39:06,"[355.0, 20]","[353.0, 10]","[365.0, 10]","[376.0, 20]",360.0,60,10.0,0.0
07:39:07,"[355.0, 22]","[353.0, 11]","[365.0, 11]","[376.0, 22]",360.0,66,10.0,0.0
07:39:08,"[354.62, 26]","[353.38, 16]","[364.69, 13]","[374.0, 22]",359.65,77,10.08,0.09
07:39:09,"[354.14, 21]","[352.17, 94]","[362.29, 17]","[366.41, 17]",358.22,149,8.15,0.54
07:39:10,"[353.92, 75]","[351.89, 61]","[362.0, 17]","[368.0, 17]",357.96,170,8.08,0.6
07:39:11,"[352.0, 88]","[348.0, 22]","[360.64, 11]","[364.0, 22]",356.32,143,8.64,0.54
07:39:12,"[352.0, 80]","[348.0, 20]","[358.0, 10]","[364.16, 19]",355.0,129,6.0,0.55
07:39:13,"[352.0, 72]","[348.0, 18]","[357.78, 9]","[367.0, 9]",354.89,108,5.78,0.67
07:39:14,"[352.35, 43]","[351.75, 128]","[356.36, 28]","[362.68, 19]",354.35,218,4.01,0.57
07:39:15,"[352.0, 64]","[348.0, 32]","[355.44, 32]","[357.0, 16]",353.72,144,3.44,0.33
07:39:16,"[352.0, 44]","[348.0, 22]","[354.55, 22]","[357.0, 11]",353.27,99,2.55,0.33
07:39:17,"[352.0, 54]","[348.0, 36]","[354.85, 47]","[358.07, 28]",353.43,165,2.85,0.09
07:39:18,"[351.75, 32]","[347.82, 39]","[353.55, 77]","[357.05, 22]",352.65,170,1.8,-0.16
07:39:19,"[352.89, 54]","[348.22, 46]","[361.94, 17]","[365.62, 29]",357.42,146,9.05,0.37
07:39:20,"[353.89, 27]","[350.33, 18]","[358.44, 9]","[362.33, 18]",356.17,72,4.56,0.25
07:39:21,"[351.93, 15]","[348.96, 45]","[355.76, 45]","[358.54, 13]",353.84,118,3.82,0.02
07:39:22,"[348.93, 58]","[345.2, 20]","[352.7, 37]","[353.62, 39]",350.82,154,3.77,0.01
07:39:23,"[347.0, 11]","[341.0, 33]","[349.64, 11]","[360.0, 22]",348.32,77,2.64,0.14
07:39:24,"[347.0, 12]","[341.0, 36]","[350.5, 12]","[367.67, 18]",348.75,78,3.5,0.23
07:39:25,"[347.2, 10]","[341.24, 25]","[367.0, 13]","[368.38, 16]",357.1,64,19.8,0.09
07:39:26,"[356.09, 11]","[345.62, 13]","[367.0, 33]","[371.0, 11]",361.55,68,10.91,-0.29
07:39:27,"[355.73, 40]","[345.03, 36]","[367.0, 42]","[371.0, 14]",361.36,132,11.27,0.15
07:39:28,"[359.0, 52]","[349.72, 47]","[367.0, 57]","[371.0, 13]",363.0,169,8.0,0.17
07:39:29,"[359.0, 51]","[354.0, 52]","[367.0, 41]","[371.0, 13]",363.0,157,8.0,0.31
07:39:30,"[359.0, 18]","[354.0, 24]","[367.0, 18]","[371.0, 6]",363.0,66,8.0,0.27
07:39:31,"[355.89, 27]","[350.81, 36]","[367.0, 33]","[371.0, 11]",361.44,107,11.11,0.18
07:39:32,"[348.98, 90]","[343.72, 25]","[361.6, 30]","[366.94, 16]",355.29,161,12.62,0.43
07:39:33,"[350.28, 97]","[344.39, 56]","[362.55, 38]","[364.04, 25]",356.42,216,12.27,0.42
07:39:34,"[354.47, 120]","[353.0, 15]","[359.84, 38]","[360.46, 52]",357.15,225,5.38,0.2
07:39:35,"[355.0, 64]","[353.0, 10]","[358.43, 28]","[359.75, 32]",356.71,134,3.43,0.1
07:39:36,"[355.2, 60]","[354.64, 44]","[357.9, 40]","[360.5, 32]",356.55,176,2.7,0.18
07:39:37,"[355.0, 82]","[353.0, 15]","[356.67, 30]","[360.44, 36]",355.83,163,1.67,0.19
07:39:38,"[354.14, 35]","[350.5, 14]","[361.18, 44]","[365.0, 54]",357.66,147,7.04,-0.33
07:39:39,"[344.18, 28]","[339.1, 73]","[361.5, 36]","[362.97, 31]",352.84,168,17.32,0.2
07:39:40,"[344.0, 36]","[339.0, 96]","[356.85, 47]","[359.68, 40]",350.43,219,12.85,0.21
07:39:41,"[344.0, 42]","[339.0, 112]","[354.43, 47]","[356.18, 51]",349.21,252,10.43,0.22
07:39:42,"[343.44, 72]","[338.89, 113]","[351.91, 57]","[353.17, 46]",347.68,288,8.47,0.28
07:39:43,"[344.0, 40]","[339.0, 64]","[350.0, 32]","[351.0, 24]",347.0,160,6.0,0.3
07:39:44,"[346.97, 105]","[344.19, 63]","[349.4, 55]","[351.8, 55]",348.19,278,2.43,0.21
07:39:45,"[347.0, 34]","[344.0, 72]","[356.0, 36]","[363.0, 36]",351.5,178,9.0,0.19
07:39:46,"[349.34, 183]","[346.31, 26]","[358.73, 71]","[360.94, 51]",354.04,331,9.39,0.26
07:39:47,"[350.12, 208]","[347.0, 32]","[356.12, 80]","[363.38, 48]",353.12,368,6.0,0.3
07:39:48,"[351.08, 123]","[347.0, 24]","[356.0, 60]","[366.0, 36]",353.54,243,4.92,0.21
07:39:49,"[353.33, 150]","[348.76, 17]","[356.43, 76]","[366.31, 48]",354.88,291,3.1,0.15
07:39:50,"[354.0, 50]","[350.33, 15]","[367.0, 65]","[370.0, 30]",360.5,160,13.0,-0.19
07:39:51,"[354.58, 74]","[351.92, 111]","[366.29, 55]","[367.25, 71]",360.44,311,11.71,0.19
07:39:52,"[356.0, 44]","[352.13, 23]","[366.0, 33]","[367.0, 55]",361.0,155,10.0,-0.14
07:39:53,"[355.0, 30]","[352.0, 20]","[365.68, 28]","[366.94, 48]",360.34,126,10.68,-0.21
07:39:54,"[353.0, 16]","[349.0, 8]","[357.0, 8]","[366.0, 24]",355.0,56,4.0,-0.14
07:39:55,"[353.45, 22]","[350.6, 10]","[357.0, 8]","[365.81, 26]",355.23,66,3.55,-0.03
07:39:56,"[354.44, 54]","[353.77, 52]","[366.0, 42]","[370.0, 70]",360.22,218,11.56,-0.03
07:39:57,"[355.0, 36]","[354.0, 60]","[366.0, 36]","[370.0, 60]",360.5,192,11.0,0.0
07:39:58,"[355.0, 27]","[354.0, 45]","[368.44, 41]","[462.67, 45]",361.72,158,13.44,-0.09
07:39:59,"[354.27, 33]","[353.56, 27]","[362.49, 43]","[369.17, 29]",358.38,132,8.22,-0.09
07:40:00,"[348.16, 74]","[345.17, 48]","[367.72, 108]","[369.9, 77]",357.94,307,19.56,-0.21
07:40:01,"[351.08, 156]","[347.89, 81]","[366.55, 99]","[367.3, 80]",358.81,416,15.47,0.14
07:40:02,"[358.05, 88]","[354.16, 150]","[364.8, 101]","[366.61, 83]",361.42,422,6.76,0.13
07:40:03,"[360.0, 32]","[358.0, 96]","[362.88, 74]","[365.77, 88]",361.44,290,2.88,-0.12
07:40:04,"[360.0, 28]","[358.0, 84]","[361.64, 42]","[363.0, 70]",360.82,224,1.64,0.0
07:40:05,"[358.32, 50]","[357.22, 108]","[360.64, 33]","[364.27, 49]",359.48,240,2.32,0.32
07:40:06,"[358.0, 54]","[357.0, 180]","[365.1, 41]","[368.04, 67]",361.55,342,7.1,0.37
07:40:07,"[359.1, 73]","[357.1, 147]","[365.69, 32]","[369.0, 80]",362.39,332,6.59,0.33
07:40:08,"[360.0, 96]","[358.0, 36]","[365.0, 24]","[369.83, 60]",362.5,216,5.0,0.22
07:40:09,"[360.0, 64]","[358.0, 24]","[364.38, 16]","[371.0, 40]",362.19,144,4.38,0.22
07:40:10,"[360.0, 24]","[358.0, 24]","[362.62, 16]","[371.0, 40]",361.31,104,2.62,-0.08
07:40:11,"[360.0, 39]","[357.1, 120]","[361.92, 26]","[369.15, 65]",360.96,250,1.92,0.27
07:40:12,"[359.47, 19]","[357.47, 135]","[368.98, 62]","[375.13, 55]",364.23,271,9.51,0.14
07:40:13,"[358.0, 90]","[357.0, 216]","[374.2, 75]","[375.63, 59]",366.1,440,16.2,0.39
07:40:14,"[357.83, 63]","[356.96, 158]","[369.0, 70]","[371.0, 28]",363.41,319,11.17,0.39
07:40:15,"[357.0, 99]","[354.0, 18]","[368.39, 23]","[369.17, 36]",362.7,176,11.39,0.33
07:40:16,"[357.0, 187]","[354.0, 34]","[365.21, 29]","[367.45, 22]",361.1,272,8.21,0.62
07:40:17,"[356.66, 87]","[353.74, 19]","[363.86, 21]","[365.8, 15]",360.26,142,7.2,0.49
07:40:18,"[354.31, 29]","[353.64, 28]","[360.82, 34]","[362.3, 23]",357.57,114,6.51,0.0
07:40:19,"[355.12, 17]","[353.97, 31]","[358.3, 23]","[361.66, 29]",356.71,100,3.19,-0.04
07:40:20,"[354.0, 41]","[353.0, 15]","[358.87, 30]","[372.0, 75]",356.43,161,4.87,-0.3
07:40:21,"[354.0, 45]","[353.0, 15]","[355.87, 38]","[366.92, 48]",354.93,146,1.87,-0.18
07:40:22,"[351.66, 38]","[350.14, 22]","[355.0, 26]","[361.95, 38]",353.33,124,3.34,-0.03
07:40:23,"[352.27, 49]","[350.71, 28]","[355.49, 39]","[365.7, 66]",353.88,182,3.22,-0.15
07:40:24,"[354.15, 13]","[352.62, 13]","[366.0, 39]","[368.0, 72]",360.08,137,11.85,-0.62
07:40:25,"[343.0, 26]","[342.6, 10]","[356.82, 28]","[365.78, 37]",349.91,101,13.82,-0.29
07:40:26,"[342.0, 18]","[340.0, 6]","[346.0, 18]","[349.0, 6]",344.0,48,4.0,0.0
07:40:27,"[342.84, 38]","[341.85, 26]","[346.0, 30]","[347.6, 10]",344.42,104,3.16,0.23
07:40:28,"[343.36, 44]","[342.0, 33]","[346.21, 29]","[353.59, 17]",344.79,123,2.84,0.25
07:40:29,"[344.22, 37]","[341.48, 44]","[349.0, 13]","[360.0, 26]",346.61,120,4.78,0.35
07:40:30,"[346.76, 29]","[344.4, 35]","[349.0, 14]","[360.88, 50]",347.88,128,2.24,0.0
07:40:31,"[347.44, 16]","[339.33, 18]","[349.0, 36]","[361.0, 40]",348.22,110,1.56,-0.38
07:40:32,"[347.71, 14]","[335.89, 28]","[349.0, 14]","[361.0, 56]",348.36,112,1.29,-0.25
07:40:33,"[348.0, 11]","[339.0, 11]","[359.97, 35]","[361.77, 52]",353.99,109,11.97,-0.6
07:40:34,"[348.78, 9]","[344.0, 14]","[361.0, 36]","[362.0, 45]",354.89,104,12.22,-0.56
07:40:35,"[349.0, 14]","[341.47, 17]","[351.3, 46]","[354.55, 67]",350.15,144,2.3,-0.57
07:40:36,"[338.76, 17]","[334.71, 35]","[343.55, 31]","[350.07, 43]",341.16,126,4.78,-0.17
07:40:37,"[335.57, 14]","[334.4, 30]","[350.6, 25]","[350.68, 44]",343.09,113,15.03,-0.22
07:40:38,"[336.4, 10]","[331.1, 30]","[355.5, 40]","[358.43, 35]",345.95,115,19.1,-0.3
07:40:39,"[354.08, 48]","[346.89, 28]","[358.0, 56]","[359.0, 42]",356.04,174,3.92,-0.13
07:40:40,"[355.0, 9]","[352.0, 27]","[358.0, 36]","[359.0, 27]",356.5,99,3.0,-0.27
07:40:41,"[355.0, 9]","[352.0, 27]","[357.43, 46]","[360.44, 32]",356.22,114,2.43,-0.37
07:40:42,"[354.37, 19]","[352.55, 33]","[356.11, 73]","[358.66, 50]",355.24,175,1.74,-0.41
07:40:43,"[354.0, 42]","[352.0, 42]","[355.74, 97]","[362.15, 52]",354.87,233,1.74,-0.28
07:40:44,"[347.33, 27]","[344.95, 44]","[355.09, 56]","[358.27, 45]",351.21,172,7.76,-0.17
07:40:45,"[344.25, 48]","[341.05, 59]","[354.0, 60]","[355.0, 45]",349.12,212,9.75,0.01
07:40:46,"[351.0, 48]","[341.0, 48]","[353.38, 42]","[354.29, 42]",352.19,180,2.38,0.07
07:40:47,"[343.19, 69]","[336.08, 131]","[352.29, 41]","[355.33, 36]",347.74,277,9.1,0.44
07:40:48,"[340.0, 87]","[335.0, 225]","[350.8, 45]","[357.38, 47]",345.4,404,10.8,0.54
07:40:49,"[340.03, 37]","[335.46, 84]","[348.42, 36]","[354.42, 50]",344.22,207,8.39,0.17
07:40:50,"[341.56, 16]","[340.0, 48]","[345.81, 48]","[347.29, 56]",343.69,168,4.25,-0.24
07:40:51,"[343.06, 16]","[337.75, 48]","[345.0, 48]","[346.0, 112]",344.03,224,1.94,-0.43
07:40:52,"[339.43, 23]","[336.41, 34]","[344.95, 37]","[346.0, 76]",342.19,170,5.51,-0.33
07:40:53,"[337.0, 39]","[334.38, 16]","[343.69, 26]","[345.64, 44]",340.35,125,6.69,-0.12
07:40:54,"[337.0, 45]","[334.0, 15]","[353.07, 54]","[355.17, 53]",345.04,167,16.07,-0.28
07:40:55,"[336.54, 13]","[333.16, 25]","[353.98, 41]","[354.83, 24]",345.26,103,17.44,-0.26
07:40:56,"[334.86, 14]","[331.5, 107]","[352.47, 32]","[353.65, 48]",343.66,201,17.61,0.2
07:40:57,"[337.0, 8]","[331.0, 128]","[349.97, 29]","[351.15, 13]",343.48,178,12.97,0.53
07:40:58,"[337.0, 12]","[331.0, 192]","[348.33, 12]","[351.81, 69]",342.67,285,11.33,0.43
07:40:59,"[337.73, 11]","[331.3, 101]","[348.0, 11]","[351.0, 55]",342.86,178,10.27,0.26
07:41:00,"[339.06, 16]","[336.19, 16]","[346.62, 16]","[349.75, 80]",342.84,128,7.56,-0.5
07:41:01,"[340.0, 10]","[335.4, 10]","[348.62, 42]","[350.16, 38]",344.31,100,8.62,-0.6
07:41:02,"[342.72, 93]","[340.07, 15]","[344.87, 69]","[348.14, 71]",343.79,248,2.15,-0.13
07:41:03,"[343.0, 77]","[334.64, 11]","[344.0, 23]","[345.31, 39]",343.5,150,1.0,0.17
07:41:04,"[343.51, 68]","[334.0, 12]","[346.0, 16]","[353.45, 44]",344.76,140,2.49,0.14
07:41:05,"[344.51, 47]","[342.89, 45]","[348.0, 13]","[354.0, 65]",346.26,170,3.49,0.08
07:41:06,"[345.1, 30]","[340.38, 21]","[349.43, 14]","[353.83, 48]",347.26,113,4.33,-0.1
07:41:07,"[346.0, 16]","[331.47, 53]","[353.45, 22]","[354.42, 38]",349.73,129,7.45,0.07
07:41:08,"[347.75, 16]","[344.14, 14]","[354.0, 40]","[356.0, 32]",350.88,102,6.25,-0.41
07:41:09,"[340.54, 35]","[333.27, 37]","[350.08, 49]","[354.67, 60]",345.31,181,9.54,-0.2
07:41:10,"[339.14, 22]","[335.88, 24]","[351.65, 102]","[354.52, 122]",345.39,270,12.51,-0.66
07:41:11,"[340.62, 13]","[337.31, 13]","[353.89, 61]","[354.61, 79]",347.25,166,13.27,-0.69
07:41:12,"[345.63, 19]","[336.59, 17]","[353.0, 15]","[354.0, 131]",349.32,182,7.37,-0.6
07:41:13,"[352.0, 33]","[349.64, 22]","[353.0, 13]","[354.0, 67]",352.5,135,1.0,-0.19
07:41:14,"[352.0, 27]","[351.0, 22]","[353.83, 29]","[354.6, 50]",352.91,128,1.83,-0.23
07:41:15,"[343.77, 31]","[337.26, 84]","[352.8, 60]","[354.0, 60]",348.29,235,9.03,-0.02
07:41:16,"[334.0, 26]","[331.0, 104]","[352.0, 52]","[354.92, 102]",343.0,284,18.0,-0.08
07:41:17,"[334.0, 24]","[331.0, 96]","[350.92, 48]","[354.83, 72]",342.46,240,16.92,0.0
07:41:18,"[334.73, 66]","[331.38, 84]","[338.27, 51]","[348.84, 74]",336.5,275,3.55,0.09
07:41:19,"[335.53, 136]","[333.0, 34]","[338.0, 68]","[339.0, 34]",336.76,272,2.47,0.25
07:41:20,"[336.0, 152]","[333.0, 38]","[337.74, 76]","[339.0, 38]",336.87,304,1.74,0.25
07:41:21,"[336.0, 80]","[330.18, 68]","[337.12, 34]","[340.33, 24]",336.56,206,1.12,0.44
07:41:22,"[337.0, 46]","[336.0, 136]","[339.0, 17]","[343.0, 68]",338.0,267,2.0,0.36
07:41:23,"[337.0, 20]","[336.0, 80]","[343.86, 37]","[349.3, 40]",340.43,177,6.86,0.13
07:41:24,"[337.0, 36]","[335.17, 96]","[344.0, 48]","[350.0, 48]",340.5,228,7.0,0.16
07:41:25,"[336.25, 85]","[333.33, 120]","[343.4, 60]","[346.4, 60]",339.82,325,7.15,0.26
07:41:26,"[337.82, 51]","[336.0, 136]","[342.4, 50]","[343.41, 68]",340.11,305,4.58,0.23
07:41:27,"[338.53, 45]","[330.21, 67]","[341.54, 52]","[343.25, 64]",340.04,228,3.01,-0.02
07:41:28,"[341.0, 13]","[340.0, 39]","[342.0, 52]","[344.0, 52]",341.5,156,1.0,-0.33
07:41:29,"[340.57, 21]","[338.32, 31]","[342.0, 48]","[344.0, 52]",341.29,152,1.43,-0.32
07:41:30,"[334.43, 21]","[324.73, 30]","[343.51, 37]","[345.62, 26]",338.97,114,9.08,-0.11
07:41:31,"[327.0, 8]","[323.0, 80]","[347.33, 27]","[350.04, 26]",337.17,141,20.33,0.25
07:41:32,"[327.17, 12]","[323.1, 63]","[346.5, 40]","[348.67, 36]",336.83,151,19.33,-0.01
07:41:33,"[328.0, 20]","[325.73, 44]","[346.0, 50]","[347.0, 40]",337.0,154,18.0,-0.17
07:41:34,"[330.17, 12]","[327.12, 17]","[346.0, 30]","[347.0, 24]",338.08,83,15.83,-0.3
07:41:35,"[339.73, 22]","[326.45, 33]","[346.0, 60]","[347.0, 48]",342.86,163,6.27,-0.33
07:41:36,"[327.68, 22]","[326.09, 54]","[346.0, 60]","[347.0, 48]",336.84,184,18.32,-0.17
07:41:37,"[328.0, 30]","[327.0, 10]","[345.56, 45]","[346.44, 45]",336.78,130,17.56,-0.38
07:41:38,"[328.0, 36]","[327.0, 12]","[345.0, 103]","[346.0, 60]",336.5,211,17.0,-0.55
07:41:39,"[328.93, 45]","[326.42, 31]","[345.33, 49]","[346.58, 83]",337.13,208,16.39,-0.27
07:41:40,"[331.0, 57]","[325.33, 156]","[343.6, 50]","[346.92, 98]",337.3,361,12.6,0.18
07:41:41,"[331.0, 27]","[325.0, 66]","[340.0, 45]","[344.67, 30]",335.5,168,9.0,0.11
07:41:42,"[333.5, 48]","[323.75, 16]","[340.0, 80]","[344.0, 80]",336.75,224,6.5,-0.43
07:41:43,"[336.08, 39]","[324.69, 13]","[340.0, 65]","[344.0, 65]",338.04,182,3.92,-0.43
07:41:44,"[337.64, 33]","[328.64, 11]","[340.0, 55]","[344.0, 55]",338.82,154,2.36,-0.43
07:41:45,"[338.0, 39]","[332.57, 21]","[340.0, 65]","[344.0, 65]",339.0,190,2.0,-0.37
07:41:46,"[330.36, 14]","[318.96, 98]","[341.21, 33]","[344.17, 60]",335.78,205,10.85,0.09
07:41:47,"[330.8, 15]","[318.29, 102]","[343.96, 57]","[344.92, 60]",337.38,234,13.16,0.0
07:41:48,"[329.41, 39]","[326.27, 11]","[343.0, 22]","[344.0, 55]",336.21,127,13.59,-0.21
07:41:49,"[328.5, 70]","[326.0, 14]","[343.0, 27]","[344.0, 70]",335.75,181,14.5,-0.07
07:41:50,"[329.0, 60]","[326.0, 12]","[342.0, 12]","[344.0, 60]",335.5,144,13.0,0.0
07:41:51,"[330.5, 70]","[324.04, 92]","[343.58, 64]","[344.85, 103]",337.04,329,13.08,-0.02
07:41:52,"[331.0, 50]","[325.59, 68]","[341.62, 34]","[344.05, 60]",336.31,212,10.62,0.11
07:41:53,"[332.14, 70]","[326.38, 94]","[343.93, 83]","[344.85, 47]",338.04,294,11.78,0.12
07:41:54,"[335.26, 69]","[325.88, 83]","[342.86, 28]","[344.0, 98]",339.06,278,7.6,0.09
07:41:55,"[338.13, 71]","[336.69, 64]","[342.0, 30]","[344.0, 105]",340.06,270,3.87,0.0
07:41:56,"[339.08, 65]","[337.0, 52]","[342.0, 26]","[344.0, 91]",340.54,234,2.92,0.0
07:41:57,"[339.58, 66]","[332.38, 65]","[343.17, 48]","[344.21, 78]",341.37,257,3.59,0.02
07:41:58,"[338.62, 64]","[336.14, 66]","[343.33, 84]","[344.15, 106]",340.98,320,4.71,-0.19
07:41:59,"[339.79, 67]","[333.64, 66]","[342.46, 79]","[343.89, 112]",341.12,324,2.66,-0.18
07:42:00,"[333.23, 35]","[327.83, 36]","[341.04, 49]","[342.4, 75]",337.13,195,7.81,-0.27
07:42:01,"[332.86, 21]","[331.14, 28]","[344.0, 119]","[345.15, 52]",338.43,220,11.14,-0.55
07:42:02,"[337.39, 23]","[336.2, 20]","[343.88, 34]","[344.92, 49]",340.64,126,6.49,-0.32
07:42:03,"[339.79, 14]","[338.0, 14]","[344.71, 35]","[346.5, 48]",342.25,111,4.93,-0.5
07:42:04,"[341.71, 14]","[338.0, 14]","[344.92, 36]","[346.66, 53]",343.32,117,3.2,-0.52
07:42:05,"[342.53, 15]","[337.76, 17]","[344.32, 19]","[345.34, 47]",343.42,98,1.78,-0.35
07:42:06,"[328.68, 53]","[327.54, 56]","[344.36, 28]","[346.81, 53]",336.52,190,15.68,0.15
07:42:07,"[328.65, 80]","[326.47, 15]","[342.0, 26]","[345.0, 13]",335.32,134,13.35,0.42
07:42:08,"[329.0, 62]","[326.06, 17]","[341.11, 18]","[345.0, 9]",335.06,106,12.11,0.49
07:42:09,"[329.31, 58]","[327.47, 36]","[340.0, 22]","[345.0, 11]",334.66,127,10.69,0.48
07:42:10,"[328.9, 70]","[327.77, 35]","[339.6, 20]","[343.16, 38]",334.25,163,10.7,0.29
07:42:11,"[330.71, 98]","[328.0, 14]","[338.29, 28]","[341.0, 42]",334.5,182,7.57,0.23
07:42:12,"[331.0, 63]","[327.6, 10]","[339.15, 13]","[342.35, 37]",335.08,123,8.15,0.19
07:42:13,"[332.69, 112]","[323.5, 72]","[339.76, 45]","[342.59, 44]",336.22,273,7.07,0.35
07:42:14,"[333.0, 91]","[323.0, 78]","[341.0, 13]","[343.0, 65]",337.0,247,8.0,0.37
07:42:15,"[334.75, 56]","[322.44, 18]","[341.0, 8]","[343.0, 40]",337.88,122,6.25,0.21
07:42:16,"[335.14, 98]","[323.75, 40]","[346.39, 38]","[347.27, 49]",340.77,225,11.25,0.23
07:42:17,"[336.31, 91]","[326.69, 13]","[346.0, 65]","[348.48, 58]",341.15,227,9.69,-0.08
07:42:18,"[339.1, 90]","[337.93, 61]","[346.82, 85]","[371.47, 62]",342.96,298,7.72,0.01
07:42:19,"[346.11, 45]","[342.67, 45]","[348.0, 50]","[523.21, 39]",347.06,179,1.89,0.01
07:42:20,"[345.29, 28]","[330.92, 155]","[350.0, 70]","[555.0, 55]",347.64,308,4.71,0.19
07:42:21,"[346.38, 26]","[330.31, 35]","[349.49, 47]","[402.84, 50]",347.94,158,3.1,-0.23
07:42:22,"[333.44, 36]","[328.39, 101]","[347.8, 30]","[349.85, 46]",340.62,213,14.36,0.29
07:42:23,"[334.1, 58]","[332.05, 76]","[346.84, 38]","[349.67, 36]",340.47,208,12.74,0.29
07:42:24,"[337.56, 50]","[336.33, 36]","[346.0, 42]","[347.0, 28]",341.78,156,8.44,0.1
07:42:25,"[339.55, 44]","[337.0, 22]","[345.55, 33]","[347.0, 22]",342.55,121,6.0,0.09
07:42:26,"[340.79, 38]","[339.14, 28]","[350.46, 41]","[378.85, 46]",345.63,153,9.67,-0.14
07:42:27,"[342.11, 54]","[341.33, 36]","[348.92, 65]","[389.86, 70]",345.52,225,6.81,-0.2
07:42:28,"[343.0, 30]","[337.18, 76]","[344.0, 43]","[346.4, 60]",343.5,209,1.0,0.01
07:42:29,"[335.26, 62]","[330.4, 40]","[344.43, 46]","[349.09, 44]",339.85,192,9.18,0.06
07:42:30,"[338.09, 22]","[335.73, 60]","[342.17, 77]","[345.0, 68]",340.13,227,4.08,-0.28
07:42:31,"[327.69, 96]","[325.46, 65]","[337.91, 35]","[342.88, 34]",332.8,230,10.23,0.4
07:42:32,"[326.0, 66]","[325.0, 50]","[337.0, 39]","[340.0, 20]",331.5,175,11.0,0.33
07:42:33,"[326.94, 149]","[325.93, 68]","[337.0, 48]","[339.0, 16]",331.97,281,10.06,0.54
07:42:34,"[327.44, 180]","[326.25, 72]","[337.0, 54]","[339.0, 18]",332.22,324,9.56,0.56
07:42:35,"[328.42, 240]","[327.0, 72]","[337.0, 72]","[339.0, 24]",332.71,408,8.58,0.53
07:42:36,"[329.7, 200]","[327.0, 60]","[337.0, 42]","[339.0, 20]",333.35,322,7.3,0.61
07:42:37,"[330.0, 220]","[327.0, 66]","[337.0, 33]","[339.0, 22]",333.5,341,7.0,0.68
07:42:38,"[331.65, 68]","[329.93, 246]","[337.0, 39]","[339.0, 26]",334.32,379,5.35,0.66
07:42:39,"[333.45, 44]","[330.1, 124]","[337.0, 21]","[339.0, 14]",335.23,203,3.55,0.66
07:42:40,"[334.14, 195]","[333.67, 99]","[339.62, 26]","[343.96, 52]",336.88,372,5.48,0.58
07:42:41,"[338.08, 37]","[336.21, 28]","[341.56, 18]","[343.22, 46]",339.82,129,3.47,0.01
07:42:42,"[340.11, 248]","[339.83, 232]","[343.21, 66]","[344.33, 97]",341.66,643,3.1,0.49
07:42:43,"[342.7, 135]","[341.49, 206]","[345.3, 43]","[350.94, 106]",344.0,490,2.6,0.39
07:42:44,"[346.84, 110]","[344.05, 40]","[352.0, 12]","[354.0, 120]",349.42,282,5.16,0.06
07:42:45,"[348.2, 205]","[347.06, 81]","[352.0, 14]","[354.0, 140]",350.1,440,3.8,0.3
07:42:46,"[350.0, 160]","[349.0, 16]","[352.0, 8]","[354.0, 80]",351.0,264,2.0,0.33
07:42:47,"[351.0, 260]","[349.86, 14]","[352.0, 13]","[354.0, 130]",351.5,417,1.0,0.31
07:42:48,"[350.0, 9]","[349.0, 18]","[354.0, 90]","[382.55, 33]",352.0,150,4.0,-0.64
07:42:49,"[349.82, 17]","[347.04, 27]","[353.78, 72]","[359.54, 78]",351.8,194,3.95,-0.55
07:42:50,"[349.67, 30]","[347.5, 40]","[352.0, 30]","[355.66, 145]",350.83,245,2.33,-0.43
07:42:51,"[350.0, 22]","[349.0, 22]","[351.55, 22]","[356.95, 105]",350.77,171,1.55,-0.49
07:42:52,"[349.4, 30]","[346.75, 48]","[354.95, 57]","[356.65, 86]",352.17,221,5.55,-0.29
07:42:53,"[349.0, 20]","[346.0, 40]","[355.62, 32]","[356.21, 57]",352.31,149,6.62,-0.19
07:42:54,"[349.0, 16]","[346.0, 32]","[355.0, 16]","[356.07, 41]",352.0,105,6.0,-0.09
07:42:55,"[349.0, 26]","[346.0, 52]","[354.35, 23]","[358.7, 100]",351.67,201,5.35,-0.22
07:42:56,"[352.39, 31]","[346.47, 38]","[357.83, 47]","[360.45, 55]",355.11,171,5.44,-0.19
07:42:57,"[356.0, 40]","[349.0, 16]","[358.0, 40]","[361.0, 40]",357.0,136,2.0,-0.18
07:42:58,"[354.0, 28]","[347.0, 24]","[358.0, 40]","[361.0, 40]",356.0,132,4.0,-0.21
07:42:59,"[349.0, 19]","[346.0, 60]","[358.0, 75]","[361.45, 71]",353.5,225,9.0,-0.3
07:43:00,"[349.0, 15]","[346.0, 60]","[358.0, 75]","[493.03, 37]",353.5,187,9.0,-0.2
07:43:01,"[346.8, 41]","[344.67, 39]","[357.0, 60]","[427.52, 44]",351.9,184,10.2,-0.13
07:43:02,"[347.25, 48]","[346.0, 48]","[353.67, 72]","[354.49, 63]",350.46,231,6.42,-0.17
07:43:03,"[348.06, 48]","[340.98, 54]","[350.8, 55]","[352.35, 74]",349.43,231,2.74,-0.12
07:43:04,"[337.57, 37]","[333.4, 30]","[347.8, 40]","[348.5, 32]",342.68,139,10.23,-0.04
07:43:05,"[336.43, 69]","[333.12, 68]","[344.54, 52]","[345.35, 68]",340.49,257,8.1,0.07
07:43:06,"[337.0, 39]","[332.72, 58]","[342.88, 50]","[344.13, 30]",339.94,177,5.88,0.1
07:43:07,"[337.0, 18]","[333.0, 72]","[338.0, 48]","[342.0, 48]",337.5,186,1.0,-0.03
07:43:08,"[333.53, 38]","[332.43, 42]","[338.0, 32]","[344.0, 16]",335.76,128,4.47,0.25
07:43:09,"[334.5, 48]","[331.17, 72]","[338.0, 48]","[344.0, 24]",336.25,192,3.5,0.25
07:43:10,"[335.7, 80]","[331.0, 120]","[344.38, 48]","[349.37, 92]",340.04,340,8.68,0.18
07:43:11,"[338.16, 76]","[332.47, 114]","[349.13, 70]","[350.07, 69]",343.64,329,10.97,0.16
07:43:12,"[339.0, 36]","[335.0, 54]","[348.29, 17]","[351.9, 20]",343.65,127,9.29,0.42
07:43:13,"[339.83, 48]","[335.4, 40]","[349.14, 14]","[354.14, 28]",344.49,130,9.31,0.35
07:43:14,"[340.75, 48]","[335.11, 72]","[350.29, 28]","[354.39, 46]",345.52,194,9.54,0.24
07:43:15,"[341.0, 40]","[335.0, 80]","[348.0, 30]","[351.0, 40]",344.5,190,7.0,0.26
07:43:16,"[341.0, 44]","[335.0, 88]","[347.94, 32]","[352.47, 43]",344.47,207,6.94,0.28
07:43:17,"[342.09, 45]","[338.0, 59]","[348.0, 36]","[354.0, 48]",345.04,188,5.91,0.11
07:43:18,"[343.0, 56]","[340.12, 34]","[348.64, 42]","[354.0, 56]",345.82,188,5.64,-0.04
07:43:19,"[343.79, 34]","[338.0, 22]","[349.0, 33]","[354.0, 44]",346.4,133,5.21,-0.16
07:43:20,"[344.95, 63]","[338.0, 26]","[349.0, 39]","[354.0, 52]",346.98,180,4.05,-0.01
07:43:21,"[346.36, 42]","[344.63, 38]","[349.0, 39]","[354.0, 52]",347.68,171,2.64,-0.06
07:43:22,"[345.6, 60]","[337.49, 82]","[347.94, 72]","[351.5, 70]",346.77,284,2.34,0.0
07:43:23,"[345.0, 33]","[335.0, 66]","[346.43, 37]","[349.08, 48]",345.72,184,1.43,0.08
07:43:24,"[338.75, 48]","[334.35, 46]","[346.42, 38]","[349.55, 49]",342.59,181,7.67,0.04
07:43:25,"[335.55, 66]","[334.53, 64]","[341.29, 56]","[346.73, 62]",338.42,248,5.74,0.05
07:43:26,"[336.0, 80]","[335.0, 120]","[337.0, 80]","[338.85, 80]",336.5,360,1.0,0.11
07:43:27,"[336.0, 40]","[335.0, 60]","[337.64, 25]","[339.95, 42]",336.82,167,1.64,0.2
07:43:28,"[337.33, 58]","[335.56, 54]","[339.0, 40]","[343.0, 50]",338.16,202,1.67,0.11
07:43:29,"[338.0, 42]","[336.0, 40]","[342.45, 29]","[349.67, 30]",340.22,141,4.45,0.16
07:43:30,"[338.73, 105]","[334.8, 90]","[343.0, 75]","[351.05, 63]",340.87,333,4.27,0.17
07:43:31,"[340.14, 98]","[334.0, 84]","[342.65, 46]","[344.17, 46]",341.4,274,2.51,0.33
07:43:32,"[341.0, 112]","[333.25, 96]","[342.0, 32]","[343.0, 80]",341.5,320,1.0,0.3
07:43:33,"[341.0, 84]","[332.0, 72]","[348.0, 32]","[350.5, 60]",344.5,248,7.0,0.26
07:43:34,"[341.9, 70]","[332.3, 60]","[350.0, 30]","[355.0, 50]",345.95,210,8.1,0.24
07:43:35,"[344.82, 77]","[333.09, 66]","[350.0, 33]","[355.0, 55]",347.41,231,5.18,0.24
07:43:36,"[342.37, 92]","[332.94, 102]","[350.79, 38]","[355.03, 68]",346.58,300,8.42,0.29
07:43:37,"[337.73, 44]","[332.45, 93]","[345.0, 17]","[353.31, 89]",341.36,243,7.27,0.13
07:43:38,"[340.0, 38]","[338.85, 52]","[351.51, 43]","[353.52, 54]",345.76,187,11.51,-0.04
07:43:39,"[341.78, 36]","[339.48, 42]","[353.0, 34]","[353.64, 25]",347.39,137,11.22,0.14
07:43:40,"[352.46, 74]","[342.98, 53]","[354.43, 28]","[356.82, 22]",353.44,177,1.97,0.44
07:43:41,"[353.0, 40]","[348.4, 40]","[355.33, 12]","[364.0, 10]",354.17,102,2.33,0.57
07:43:42,"[353.0, 39]","[352.0, 48]","[357.0, 12]","[364.0, 12]",355.0,111,4.0,0.57
07:43:43,"[353.0, 12]","[352.0, 16]","[357.0, 4]","[364.0, 4]",355.0,36,4.0,0.56
07:43:44,"[353.0, 21]","[352.0, 28]","[357.0, 7]","[364.0, 7]",355.0,63,4.0,0.56
07:43:45,"[352.95, 44]","[351.97, 58]","[356.87, 15]","[363.07, 15]",354.91,132,3.91,0.55
07:43:46,"[351.91, 22]","[350.94, 32]","[354.62, 16]","[356.25, 16]",353.27,86,2.72,0.26
07:43:47,"[350.33, 21]","[349.09, 138]","[353.5, 20]","[488.77, 31]",351.92,210,3.17,0.51
07:43:48,"[354.0, 11]","[350.0, 22]","[360.0, 11]","[595.85, 40]",357.0,84,6.0,-0.21
07:43:49,"[349.1, 100]","[345.56, 36]","[359.0, 10]","[366.3, 10]",354.05,156,9.9,0.74
07:43:50,"[349.0, 55]","[345.0, 20]","[359.0, 5]","[367.0, 5]",354.0,85,10.0,0.76
07:43:51,"[349.0, 76]","[345.0, 28]","[359.0, 7]","[367.0, 7]",354.0,118,10.0,0.76
07:43:52,"[349.58, 57]","[348.53, 102]","[359.0, 12]","[367.0, 12]",354.29,183,9.42,0.74
07:43:53,"[351.4, 30]","[349.0, 100]","[359.0, 10]","[367.0, 10]",355.2,150,7.6,0.73
07:43:54,"[352.0, 30]","[349.0, 100]","[359.0, 10]","[367.0, 10]",355.5,150,7.0,0.73
07:43:55,"[352.0, 33]","[349.0, 110]","[359.0, 11]","[367.0, 11]",355.5,165,7.0,0.73
07:43:56,"[349.69, 52]","[347.67, 60]","[359.0, 8]","[367.0, 8]",354.35,128,9.31,0.75
07:43:57,"[349.0, 40]","[345.0, 20]","[359.0, 4]","[367.0, 4]",354.0,68,10.0,0.76
07:43:58,"[351.11, 72]","[349.41, 111]","[359.0, 11]","[367.0, 11]",355.06,205,7.89,0.79
07:43:59,"[355.0, 39]","[350.62, 143]","[359.0, 13]","[367.0, 13]",357.0,208,4.0,0.75
07:44:00,"[355.0, 33]","[352.0, 121]","[359.0, 11]","[367.84, 19]",357.0,184,4.0,0.67
07:44:01,"[352.09, 102]","[349.33, 101]","[359.0, 10]","[368.0, 30]",355.54,243,6.91,0.67
07:44:02,"[352.0, 92]","[349.0, 120]","[358.5, 18]","[367.1, 30]",355.25,260,6.5,0.63
07:44:03,"[352.0, 60]","[349.0, 114]","[358.0, 36]","[359.58, 12]",355.0,222,6.0,0.57
07:44:04,"[352.0, 18]","[349.0, 95]","[357.87, 31]","[359.5, 12]",354.94,156,5.87,0.45
07:44:05,"[352.0, 14]","[349.0, 77]","[354.82, 44]","[357.11, 54]",353.41,189,2.82,-0.04
07:44:06,"[352.0, 10]","[349.0, 10]","[356.1, 40]","[364.6, 10]",354.05,70,4.1,-0.43
07:44:07,"[352.0, 9]","[350.92, 25]","[354.56, 36]","[364.0, 9]",353.28,79,2.56,-0.14
07:44:08,"[351.1, 20]","[350.0, 12]","[357.71, 14]","[366.57, 14]",354.41,60,6.61,0.07
07:44:09,"[351.0, 30]","[349.0, 10]","[360.43, 30]","[365.0, 12]",355.72,82,9.43,-0.02
07:44:10,"[352.08, 39]","[350.64, 33]","[360.63, 57]","[362.0, 27]",356.35,156,8.55,-0.08
07:44:11,"[351.29, 21]","[350.0, 18]","[358.41, 56]","[359.67, 45]",354.85,140,7.12,-0.44
07:44:12,"[351.0, 32]","[349.0, 16]","[356.05, 76]","[358.42, 52]",353.53,176,5.05,-0.45
07:44:13,"[350.33, 18]","[348.33, 18]","[352.22, 54]","[353.26, 46]",351.28,136,1.89,-0.47
07:44:14,"[345.08, 72]","[341.12, 173]","[348.1, 48]","[351.0, 59]",346.59,352,3.02,0.39
07:44:15,"[344.58, 57]","[340.8, 30]","[346.21, 58]","[350.73, 33]",345.39,178,1.63,-0.02
07:44:16,"[341.0, 32]","[340.0, 32]","[345.75, 32]","[354.75, 48]",343.38,144,4.75,-0.11
07:44:17,"[341.0, 30]","[340.0, 30]","[347.3, 33]","[357.05, 60]",344.15,153,6.3,-0.22
07:44:18,"[338.8, 15]","[336.33, 48]","[355.57, 47]","[357.31, 32]",347.19,142,16.77,-0.11
07:44:19,"[338.0, 14]","[336.0, 56]","[353.93, 56]","[356.0, 28]",345.96,154,15.93,-0.09
07:44:20,"[338.0, 14]","[336.0, 56]","[352.07, 56]","[355.45, 60]",345.04,186,14.07,-0.25
07:44:21,"[338.0, 9]","[336.0, 36]","[345.0, 23]","[346.52, 29]",341.5,97,7.0,-0.07
07:44:22,"[338.0, 12]","[336.0, 48]","[340.15, 26]","[342.83, 35]",339.08,121,2.15,-0.01
07:44:23,"[338.0, 12]","[336.0, 48]","[340.92, 24]","[344.85, 39]",339.46,123,2.92,-0.02
07:44:24,"[339.0, 16]","[336.93, 15]","[350.56, 18]","[355.0, 54]",344.78,103,11.56,-0.4
07:44:25,"[345.28, 36]","[344.67, 33]","[351.19, 37]","[354.83, 54]",348.23,160,5.91,-0.14
07:44:26,"[347.19, 31]","[344.67, 18]","[351.27, 22]","[354.25, 24]",349.23,95,4.08,0.03
07:44:27,"[347.0, 48]","[344.0, 24]","[353.08, 39]","[355.17, 36]",350.04,147,6.08,-0.02
07:44:28,"[347.0, 44]","[344.0, 22]","[351.83, 41]","[353.5, 36]",349.41,143,4.83,-0.08
07:44:29,"[347.39, 46]","[346.16, 50]","[350.19, 64]","[353.0, 48]",348.79,208,2.8,-0.08
07:44:30,"[347.25, 40]","[345.5, 32]","[351.72, 39]","[354.75, 36]",349.48,147,4.47,-0.02
07:44:31,"[347.0, 52]","[344.0, 26]","[351.15, 26]","[353.92, 39]",349.08,143,4.15,0.09
07:44:32,"[347.0, 20]","[344.0, 12]","[351.0, 12]","[359.0, 18]",349.0,62,4.0,0.03
07:44:33,"[338.29, 28]","[333.82, 17]","[349.19, 27]","[353.22, 36]",343.74,108,10.9,-0.17
07:44:34,"[334.0, 32]","[329.0, 16]","[342.71, 59]","[343.79, 34]",338.36,141,8.71,-0.32
07:44:35,"[334.0, 30]","[329.0, 15]","[340.98, 46]","[342.12, 48]",337.49,139,6.98,-0.35
07:44:36,"[334.0, 16]","[328.3, 20]","[339.0, 8]","[342.36, 11]",336.5,55,5.0,0.31
07:44:37,"[334.0, 18]","[328.0, 63]","[338.8, 10]","[340.88, 17]",336.4,108,4.8,0.5
07:44:38,"[334.0, 26]","[328.0, 91]","[336.62, 13]","[338.0, 26]",335.31,156,2.62,0.5
07:44:39,"[334.18, 17]","[328.65, 55]","[336.0, 10]","[338.0, 20]",335.09,102,1.82,0.41
07:44:40,"[335.0, 10]","[333.4, 20]","[338.0, 20]","[341.0, 20]",336.5,70,3.0,-0.14
07:44:41,"[336.76, 42]","[328.67, 61]","[345.47, 30]","[349.33, 24]",341.11,157,8.7,0.31
07:44:42,"[336.0, 12]","[328.0, 94]","[345.25, 60]","[347.0, 24]",340.62,190,9.25,0.12
07:44:43,"[338.0, 31]","[334.73, 55]","[343.93, 76]","[345.74, 27]",340.97,189,5.93,-0.09
07:44:44,"[339.06, 64]","[338.52, 31]","[342.42, 95]","[344.0, 22]",340.74,212,3.36,-0.1
07:44:45,"[339.0, 32]","[337.04, 51]","[341.04, 24]","[342.85, 68]",340.02,175,2.04,-0.05
07:44:46,"[334.0, 10]","[326.0, 30]","[338.5, 10]","[345.25, 12]",336.25,62,4.5,0.29
07:44:47,"[326.73, 33]","[325.11, 79]","[336.38, 13]","[338.0, 13]",331.56,138,9.66,0.62
07:44:48,"[326.0, 36]","[325.0, 84]","[334.41, 17]","[339.38, 32]",330.21,169,8.41,0.42
07:44:49,"[327.45, 33]","[325.12, 72]","[337.33, 36]","[340.23, 52]",332.39,193,9.88,0.09
07:44:50,"[334.0, 20]","[325.2, 30]","[340.0, 50]","[341.0, 30]",337.0,130,6.0,-0.23
07:44:51,"[334.0, 18]","[325.0, 27]","[340.0, 45]","[341.0, 27]",337.0,117,6.0,-0.23
07:44:52,"[334.89, 18]","[332.58, 19]","[340.0, 45]","[341.0, 27]",337.44,109,5.11,-0.32
07:44:53,"[335.0, 24]","[334.0, 18]","[340.0, 37]","[341.0, 27]",337.5,106,5.0,-0.21
07:44:54,"[335.69, 32]","[334.0, 24]","[340.0, 48]","[341.65, 31]",337.84,135,4.31,-0.17
07:44:55,"[338.85, 80]","[333.42, 24]","[340.0, 48]","[341.8, 15]",339.43,167,1.15,0.25
07:44:56,"[339.0, 86]","[329.33, 18]","[340.63, 19]","[341.67, 9]",339.82,132,1.63,0.58
07:44:57,"[339.0, 72]","[325.0, 16]","[343.0, 16]","[344.0, 8]",341.0,112,4.0,0.57
07:44:58,"[340.47, 153]","[325.0, 34]","[343.0, 34]","[344.0, 17]",341.74,238,2.53,0.57
07:44:59,"[342.0, 73]","[325.71, 34]","[343.0, 24]","[344.0, 12]",342.5,143,1.0,0.5
07:45:00,"[337.33, 18]","[326.5, 12]","[342.6, 10]","[343.5, 8]",339.97,48,5.27,0.25
07:45:01,"[328.0, 8]","[325.0, 8]","[341.0, 4]","[343.0, 8]",334.5,28,13.0,0.14
07:45:02,"[330.21, 120]","[327.62, 26]","[344.0, 22]","[535.62, 13]",337.1,181,13.79,0.61
07:45:03,"[331.0, 143]","[325.92, 52]","[343.64, 28]","[379.71, 21]",337.32,244,12.64,0.6
07:45:04,"[331.87, 104]","[329.04, 102]","[343.08, 12]","[344.92, 12]",337.47,230,11.22,0.79
07:45:05,"[334.74, 38]","[333.0, 209]","[340.57, 70]","[342.32, 19]",337.65,336,5.83,0.47
07:45:06,"[336.99, 120]","[336.15, 75]","[339.27, 22]","[340.42, 45]",338.13,262,2.28,0.49
07:45:07,"[337.0, 173]","[331.65, 34]","[338.26, 27]","[339.78, 45]",337.63,279,1.26,0.48
07:45:08,"[332.0, 30]","[328.0, 30]","[337.57, 35]","[339.91, 55]",334.79,150,5.57,-0.2
07:45:09,"[332.29, 17]","[328.57, 14]","[337.0, 35]","[339.0, 7]",334.65,73,4.71,-0.15
07:45:10,"[333.72, 82]","[332.27, 37]","[337.3, 53]","[339.9, 89]",335.51,261,3.58,-0.09
07:45:11,"[335.87, 45]","[334.62, 39]","[339.5, 12]","[341.2, 75]",337.68,171,3.63,-0.02
07:45:12,"[338.91, 57]","[333.37, 60]","[342.5, 48]","[343.67, 48]",340.71,213,3.59,0.1
07:45:13,"[340.94, 18]","[326.46, 130]","[343.0, 65]","[347.0, 13]",341.97,226,2.06,0.31
07:45:14,"[326.91, 46]","[324.08, 78]","[342.58, 38]","[343.52, 46]",334.75,208,15.67,0.19
07:45:15,"[325.0, 16]","[324.0, 112]","[341.0, 8]","[343.0, 40]",333.0,176,16.0,0.45
07:45:16,"[331.86, 14]","[326.45, 22]","[341.0, 11]","[343.0, 55]",336.43,102,9.14,-0.29
07:45:17,"[329.18, 17]","[327.0, 20]","[341.0, 10]","[343.0, 50]",335.09,97,11.82,-0.24
07:45:18,"[330.59, 51]","[328.17, 23]","[341.71, 14]","[343.13, 46]",336.15,134,11.13,0.1
07:45:19,"[332.43, 122]","[331.62, 34]","[346.27, 22]","[350.92, 50]",339.35,228,13.85,0.37
07:45:20,"[335.17, 63]","[333.18, 55]","[347.55, 29]","[349.0, 30]",341.36,177,12.38,0.33
07:45:21,"[336.2, 140]","[326.03, 37]","[344.36, 44]","[346.48, 56]",340.28,277,8.16,0.28
07:45:22,"[337.0, 79]","[329.0, 12]","[338.36, 42]","[340.5, 24]",337.68,157,1.36,0.16
07:45:23,"[337.0, 20]","[329.0, 10]","[338.52, 23]","[347.17, 29]",337.76,82,1.52,-0.27
07:45:24,"[337.0, 16]","[329.0, 8]","[342.0, 8]","[352.1, 39]",339.5,71,5.0,-0.32
07:45:25,"[337.9, 78]","[335.22, 18]","[342.0, 11]","[353.0, 44]",339.95,151,4.1,0.27
07:45:26,"[338.89, 180]","[335.97, 39]","[340.38, 52]","[346.15, 39]",339.64,310,1.5,0.41
07:45:27,"[339.0, 100]","[329.0, 50]","[346.0, 20]","[353.2, 25]",342.5,195,7.0,0.54
07:45:28,"[339.0, 88]","[329.0, 45]","[341.18, 39]","[352.3, 20]",340.09,192,2.18,0.39
07:45:29,"[339.22, 72]","[329.0, 45]","[344.33, 30]","[356.91, 44]",341.78,191,5.11,0.23
07:45:30,"[340.64, 88]","[330.45, 55]","[347.0, 22]","[355.5, 36]",343.82,201,6.36,0.42
07:45:31,"[340.3, 56]","[334.41, 46]","[344.4, 20]","[350.0, 20]",342.35,142,4.1,0.44
07:45:32,"[338.0, 10]","[335.0, 50]","[348.0, 20]","[353.11, 18]",343.0,98,10.0,0.22
07:45:33,"[349.71, 41]","[336.93, 14]","[354.0, 10]","[356.0, 20]",351.85,85,4.29,0.29
07:45:34,"[350.0, 28]","[344.43, 7]","[354.0, 7]","[356.0, 14]",352.0,56,4.0,0.25
07:45:35,"[350.0, 40]","[347.8, 15]","[354.0, 10]","[356.0, 20]",352.0,85,4.0,0.29
07:45:36,"[350.0, 35]","[349.0, 66]","[354.0, 11]","[356.0, 22]",352.0,134,4.0,0.51
07:45:37,"[349.1, 20]","[348.5, 16]","[354.0, 6]","[356.0, 12]",351.55,54,4.9,0.33
07:45:38,"[349.0, 15]","[347.0, 5]","[354.0, 5]","[356.0, 18]",351.5,43,5.0,-0.07
07:45:39,"[349.0, 21]","[347.0, 7]","[354.0, 7]","[356.0, 28]",351.5,63,5.0,-0.11
07:45:40,"[351.25, 12]","[348.93, 28]","[354.0, 10]","[356.0, 40]",352.62,90,2.75,-0.11
07:45:41,"[350.0, 9]","[348.53, 17]","[354.0, 5]","[356.0, 20]",352.0,51,4.0,0.02
07:45:42,"[349.0, 36]","[348.0, 48]","[352.83, 24]","[354.15, 13]",350.92,121,3.83,0.39
07:45:43,"[349.0, 30]","[348.0, 40]","[352.0, 20]","[356.2, 20]",350.5,110,3.0,0.27
07:45:44,"[349.0, 27]","[348.0, 36]","[351.22, 18]","[357.0, 18]",350.11,99,2.22,0.27
07:45:45,"[349.0, 25]","[348.0, 36]","[350.11, 18]","[352.44, 18]",349.56,97,1.11,0.26
07:45:46,"[347.82, 17]","[347.0, 26]","[355.14, 14]","[361.53, 19]",351.48,76,7.32,0.13
07:45:47,"[347.0, 12]","[346.0, 24]","[357.09, 58]","[358.02, 56]",352.04,150,10.09,-0.52
07:45:48,"[347.0, 15]","[346.0, 30]","[356.23, 65]","[357.47, 34]",351.62,144,9.23,-0.38
07:45:49,"[347.0, 12]","[346.0, 24]","[354.17, 54]","[355.71, 51]",350.58,141,7.17,-0.49
07:45:50,"[345.0, 20]","[342.0, 60]","[354.92, 49]","[355.88, 41]",349.96,170,9.92,-0.06
07:45:51,"[346.4, 20]","[342.43, 56]","[353.25, 48]","[357.25, 48]",349.82,172,6.85,-0.12
07:45:52,"[343.18, 39]","[334.11, 57]","[352.0, 48]","[353.0, 48]",347.59,192,8.82,0.0
07:45:53,"[346.0, 70]","[342.0, 42]","[351.43, 56]","[352.43, 56]",348.71,224,5.43,0.0
07:45:54,"[346.38, 63]","[343.3, 46]","[350.58, 48]","[351.58, 48]",348.48,205,4.2,0.06
07:45:55,"[346.75, 72]","[343.64, 61]","[348.5, 48]","[349.51, 53]",347.62,234,1.75,0.14
07:45:56,"[346.0, 26]","[344.5, 84]","[347.57, 47]","[348.71, 51]",346.79,208,1.57,0.06
07:45:57,"[345.03, 65]","[343.02, 41]","[347.0, 44]","[348.0, 33]",346.02,183,1.97,0.16
07:45:58,"[345.0, 74]","[342.0, 42]","[346.18, 44]","[349.0, 36]",345.59,196,1.18,0.18
07:45:59,"[342.9, 30]","[335.89, 71]","[353.75, 20]","[363.0, 28]",348.32,149,10.85,0.36
07:46:00,"[345.94, 35]","[338.72, 58]","[356.0, 14]","[360.0, 28]",350.97,135,10.06,0.38
07:46:01,"[337.0, 66]","[332.0, 44]","[342.91, 11]","[357.71, 14]",339.95,135,5.91,0.63
07:46:02,"[337.0, 78]","[332.0, 52]","[348.4, 15]","[357.73, 45]",342.7,190,11.4,0.37
07:46:03,"[339.98, 94]","[334.59, 58]","[354.49, 49]","[357.18, 55]",347.23,256,14.51,0.19
07:46:04,"[344.0, 140]","[341.0, 70]","[352.58, 26]","[352.79, 62]",348.29,298,8.58,0.41
07:46:05,"[343.46, 99]","[340.26, 73]","[350.21, 14]","[352.0, 70]",346.84,256,6.75,0.34
07:46:06,"[342.47, 60]","[341.0, 75]","[349.13, 15]","[351.31, 64]",345.8,214,6.67,0.26
07:46:07,"[344.66, 71]","[343.25, 80]","[346.4, 15]","[355.57, 69]",345.53,235,1.74,0.29
07:46:08,"[345.0, 61]","[344.0, 240]","[346.67, 21]","[364.65, 49]",345.83,371,1.67,0.62
07:46:09,"[344.55, 44]","[343.78, 138]","[353.0, 28]","[391.43, 56]",348.77,266,8.45,0.37
07:46:10,"[345.0, 14]","[344.0, 56]","[353.0, 14]","[358.0, 28]",349.0,112,8.0,0.25
07:46:11,"[346.0, 22]","[344.0, 88]","[353.0, 22]","[358.0, 44]",349.5,176,7.0,0.25
07:46:12,"[347.55, 29]","[344.05, 82]","[353.0, 22]","[358.0, 44]",350.28,177,5.45,0.25
07:46:13,"[351.0, 121]","[347.43, 28]","[357.17, 48]","[359.67, 36]",354.08,233,6.17,0.28
07:46:14,"[351.0, 56]","[348.0, 28]","[353.89, 54]","[357.67, 30]",352.44,168,2.89,0.0
07:46:15,"[351.0, 40]","[348.0, 20]","[353.0, 40]","[357.0, 20]",352.0,120,2.0,0.0
07:46:16,"[351.0, 9]","[348.0, 18]","[352.33, 36]","[354.47, 30]",351.67,93,1.33,-0.42
07:46:17,"[348.2, 15]","[347.05, 37]","[350.8, 20]","[352.5, 32]",349.5,104,2.6,0.0
07:46:18,"[347.05, 37]","[344.25, 61]","[349.0, 16]","[356.75, 32]",348.03,146,1.95,0.34
07:46:19,"[347.0, 50]","[344.0, 80]","[352.6, 20]","[356.8, 30]",349.8,180,5.6,0.44
07:46:20,"[347.0, 44]","[344.0, 80]","[353.73, 22]","[357.5, 32]",350.36,178,6.73,0.39
07:46:21,"[349.77, 129]","[346.37, 43]","[351.57, 28]","[353.92, 24]",350.67,224,1.8,0.54
07:46:22,"[350.0, 195]","[348.0, 39]","[351.31, 26]","[360.12, 34]",350.65,294,1.31,0.59
07:46:23,"[350.0, 193]","[348.0, 39]","[353.0, 30]","[360.06, 68]",351.5,330,3.0,0.41
07:46:24,"[350.0, 91]","[348.0, 21]","[361.0, 38]","[364.71, 14]",355.5,164,11.0,0.37
07:46:25,"[350.0, 117]","[348.0, 27]","[361.0, 36]","[364.0, 18]",355.5,198,11.0,0.45
07:46:26,"[350.84, 83]","[349.95, 133]","[361.0, 44]","[364.0, 22]",355.92,282,10.16,0.53
07:46:27,"[351.0, 56]","[349.44, 54]","[361.2, 30]","[364.12, 16]",356.1,156,10.2,0.41
07:46:28,"[351.0, 98]","[348.69, 58]","[361.63, 38]","[364.93, 28]",356.32,222,10.63,0.41
07:46:29,"[351.0, 74]","[349.0, 70]","[361.0, 42]","[365.0, 28]",356.0,214,10.0,0.35
07:46:30,"[351.0, 25]","[349.0, 25]","[361.0, 15]","[363.8, 10]",356.0,75,10.0,0.33
07:46:31,"[349.5, 60]","[348.36, 42]","[361.0, 36]","[363.19, 32]",355.25,170,11.5,0.2
07:46:32,"[349.0, 10]","[348.0, 6]","[361.0, 6]","[362.0, 6]",355.0,28,12.0,0.14
07:46:33,"[349.0, 22]","[347.2, 15]","[361.0, 18]","[362.0, 18]",355.0,73,12.0,0.01
07:46:34,"[349.0, 18]","[346.5, 8]","[361.0, 18]","[362.0, 24]",355.0,68,12.0,-0.24
07:46:35,"[349.0, 18]","[347.0, 6]","[360.94, 16]","[361.88, 24]",354.97,64,11.94,-0.25
07:46:36,"[349.0, 33]","[347.0, 11]","[359.0, 17]","[360.0, 27]",354.0,88,10.0,0.0
07:46:37,"[349.0, 48]","[347.0, 16]","[357.56, 16]","[360.85, 60]",353.28,140,8.56,-0.09
07:46:38,"[349.0, 45]","[347.3, 20]","[353.41, 51]","[359.2, 30]",351.21,146,4.41,-0.11
07:46:39,"[349.0, 53]","[348.0, 108]","[351.03, 39]","[353.3, 54]",350.01,254,2.03,0.27
07:46:40,"[348.14, 70]","[347.75, 40]","[353.75, 48]","[358.5, 56]",350.95,214,5.61,0.03
07:46:41,"[348.0, 64]","[347.0, 11]","[354.09, 22]","[357.82, 44]",351.05,141,6.09,0.06
07:46:42,"[348.0, 80]","[347.0, 16]","[353.38, 32]","[360.0, 64]",350.69,192,5.38,0.0
07:46:43,"[348.0, 47]","[347.0, 13]","[350.0, 36]","[353.65, 34]",349.0,130,2.0,-0.08
07:46:44,"[347.92, 24]","[346.73, 15]","[349.3, 37]","[353.93, 30]",348.61,106,1.38,-0.26
07:46:45,"[346.26, 27]","[345.41, 34]","[350.29, 34]","[359.65, 68]",348.28,163,4.03,-0.25
07:46:46,"[346.78, 72]","[345.5, 32]","[349.79, 28]","[357.71, 56]",348.28,188,3.01,0.11
07:46:47,"[347.0, 68]","[346.0, 28]","[358.38, 42]","[359.73, 40]",352.69,178,11.38,0.08
07:46:48,"[347.0, 36]","[346.0, 18]","[361.0, 45]","[363.0, 27]",354.0,126,14.0,-0.14
07:46:49,"[348.64, 44]","[346.92, 52]","[360.17, 63]","[361.75, 56]",354.41,215,11.54,-0.11
07:46:50,"[349.0, 42]","[347.0, 56]","[358.07, 56]","[360.8, 60]",353.54,214,9.07,-0.08
07:46:51,"[349.0, 36]","[347.0, 48]","[354.44, 43]","[357.81, 31]",351.72,158,5.44,0.06
07:46:52,"[349.0, 36]","[347.0, 56]","[350.2, 54]","[352.52, 40]",349.6,186,1.2,-0.01
07:46:53,"[348.6, 20]","[346.8, 40]","[350.0, 48]","[359.74, 58]",349.3,166,1.4,-0.28
07:46:54,"[347.0, 9]","[346.0, 18]","[348.44, 36]","[359.78, 49]",347.72,112,1.44,-0.52
07:46:55,"[347.0, 10]","[346.0, 20]","[348.0, 40]","[361.0, 50]",347.5,120,1.0,-0.5
07:46:56,"[345.95, 21]","[344.91, 22]","[361.0, 55]","[364.0, 55]",353.48,153,15.05,-0.44
07:46:57,"[345.0, 16]","[344.0, 32]","[350.5, 52]","[353.86, 51]",347.75,151,5.5,-0.36
07:46:58,"[345.0, 10]","[344.0, 20]","[348.0, 20]","[349.0, 30]",346.5,80,3.0,-0.25
07:46:59,"[346.79, 47]","[344.38, 16]","[348.59, 29]","[355.7, 47]",347.69,139,1.8,-0.09
07:47:00,"[347.0, 91]","[345.0, 21]","[348.62, 39]","[358.0, 65]",347.81,216,1.62,0.04
07:47:01,"[347.0, 35]","[345.0, 8]","[356.68, 38]","[359.79, 19]",351.84,100,9.68,-0.14
07:47:02,"[347.56, 27]","[346.07, 15]","[357.0, 55]","[361.0, 22]",352.28,119,9.44,-0.29
07:47:03,"[352.0, 11]","[349.0, 11]","[356.98, 51]","[360.2, 25]",354.49,98,4.98,-0.55
07:47:04,"[348.5, 24]","[345.0, 24]","[358.5, 30]","[360.35, 83]",353.5,161,10.0,-0.4
07:47:05,"[343.21, 52]","[340.17, 24]","[360.93, 43]","[361.52, 31]",352.07,150,17.72,0.01
07:47:06,"[344.94, 88]","[341.0, 36]","[357.96, 51]","[360.22, 64]",351.45,239,13.02,0.04
07:47:07,"[351.62, 47]","[345.71, 35]","[354.48, 23]","[355.53, 34]",353.05,139,2.86,0.18
07:47:08,"[352.0, 40]","[346.0, 30]","[353.0, 10]","[354.0, 20]",352.5,100,1.0,0.4
07:47:09,"[352.0, 44]","[346.0, 33]","[353.0, 11]","[355.82, 22]",352.5,110,1.0,0.4
07:47:10,"[352.0, 32]","[346.33, 27]","[356.69, 13]","[360.33, 30]",354.35,102,4.69,0.16
07:47:11,"[352.0, 27]","[349.0, 27]","[359.0, 18]","[361.0, 45]",355.5,117,7.0,-0.08
07:47:12,"[352.0, 15]","[349.0, 21]","[359.0, 14]","[361.0, 35]",355.5,85,7.0,-0.15
07:47:13,"[352.0, 8]","[349.0, 24]","[359.0, 16]","[361.0, 40]",355.5,88,7.0,-0.27
07:47:14,"[352.0, 9]","[349.27, 33]","[359.0, 18]","[361.0, 45]",355.5,105,7.0,-0.2
07:47:15,"[350.22, 63]","[349.72, 87]","[358.09, 66]","[360.88, 69]",354.16,285,7.87,0.05
07:47:16,"[350.0, 77]","[349.0, 63]","[357.45, 55]","[362.0, 55]",353.73,250,7.45,0.12
07:47:17,"[350.0, 70]","[349.0, 30]","[356.7, 50]","[362.38, 40]",353.35,190,6.7,0.05
07:47:18,"[350.0, 84]","[349.0, 36]","[354.25, 60]","[363.0, 51]",352.12,231,4.25,0.04
07:47:19,"[350.0, 58]","[349.0, 45]","[351.47, 75]","[361.47, 95]",350.73,273,1.47,-0.25
07:47:20,"[347.09, 85]","[346.5, 36]","[359.04, 45]","[362.52, 46]",353.07,212,11.95,0.14
07:47:21,"[347.0, 72]","[346.0, 16]","[360.12, 24]","[363.0, 24]",353.56,136,13.12,0.29
07:47:22,"[347.23, 70]","[346.86, 84]","[360.0, 42]","[362.21, 42]",353.61,238,12.77,0.29
07:47:23,"[348.0, 26]","[347.0, 117]","[358.02, 59]","[359.93, 41]",353.01,243,10.02,0.18
07:47:24,"[348.0, 18]","[347.0, 81]","[355.32, 37]","[356.57, 35]",351.66,171,7.32,0.16
07:47:25,"[351.64, 66]","[347.18, 33]","[354.83, 30]","[356.0, 18]",353.23,147,3.2,0.35
07:47:26,"[352.0, 342]","[349.96, 212]","[353.22, 90]","[358.73, 66]",352.61,710,1.22,0.56
07:47:27,"[352.0, 189]","[350.0, 156]","[355.25, 60]","[362.42, 57]",353.62,462,3.25,0.49
07:47:28,"[352.0, 132]","[350.0, 143]","[362.0, 67]","[365.0, 19]",357.0,361,10.0,0.52
07:47:29,"[352.0, 108]","[350.0, 117]","[362.0, 81]","[365.0, 27]",357.0,333,10.0,0.35
07:47:30,"[352.0, 132]","[350.0, 143]","[357.67, 48]","[361.78, 74]",354.83,397,5.67,0.39
07:47:31,"[352.0, 156]","[350.0, 169]","[358.77, 52]","[363.5, 16]",355.38,393,6.77,0.65
07:47:32,"[352.0, 69]","[350.0, 78]","[358.0, 24]","[366.0, 6]",355.0,177,6.0,0.66
07:47:33,"[352.0, 131]","[350.0, 195]","[356.56, 36]","[358.29, 49]",354.28,411,4.56,0.59
07:47:34,"[350.56, 126]","[349.65, 79]","[352.83, 24]","[354.17, 24]",351.69,253,2.28,0.62
07:47:35,"[350.0, 112]","[348.17, 24]","[351.82, 22]","[356.08, 24]",350.91,182,1.82,0.49
07:47:36,"[350.0, 66]","[349.0, 44]","[352.0, 22]","[366.78, 41]",351.0,173,2.0,0.27
07:47:37,"[350.0, 54]","[349.0, 48]","[364.24, 42]","[368.5, 48]",357.12,192,14.24,0.06
07:47:38,"[350.0, 44]","[349.0, 44]","[362.0, 44]","[369.43, 42]",356.0,174,12.0,0.01
07:47:39,"[350.0, 44]","[349.0, 44]","[362.0, 44]","[365.92, 13]",356.0,145,12.0,0.21
07:47:40,"[350.0, 14]","[349.0, 32]","[362.0, 32]","[365.0, 8]",356.0,86,12.0,0.07
07:47:41,"[350.0, 12]","[349.0, 48]","[362.0, 48]","[365.0, 12]",356.0,120,12.0,0.0
07:47:42,"[350.0, 7]","[349.0, 28]","[362.0, 28]","[365.0, 7]",356.0,70,12.0,0.0
07:47:43,"[350.0, 9]","[349.0, 36]","[361.5, 24]","[362.33, 27]",355.75,96,11.5,-0.06
07:47:44,"[350.0, 14]","[349.0, 56]","[358.44, 36]","[359.75, 32]",354.22,138,8.44,0.01
07:47:45,"[350.0, 15]","[349.0, 60]","[355.6, 30]","[356.6, 30]",352.8,135,5.6,0.11
07:47:46,"[350.0, 13]","[349.0, 52]","[354.47, 30]","[355.36, 28]",352.23,123,4.47,0.06
07:47:47,"[350.0, 13]","[349.0, 73]","[352.62, 26]","[353.85, 26]",351.31,138,2.62,0.25
07:47:48,"[349.01, 164]","[347.39, 56]","[351.14, 22]","[359.09, 44]",350.07,286,2.13,0.54
07:47:49,"[349.0, 44]","[347.0, 33]","[350.0, 11]","[365.38, 39]",349.5,127,1.0,0.21
07:47:50,"[349.0, 35]","[347.0, 36]","[362.83, 24]","[366.39, 46]",355.92,141,13.83,0.01
07:47:51,"[347.36, 22]","[346.18, 66]","[366.0, 30]","[367.0, 50]",356.68,168,18.64,0.05
07:47:52,"[347.91, 35]","[346.73, 33]","[366.0, 27]","[367.0, 45]",356.96,140,18.09,-0.03
07:47:53,"[348.0, 28]","[347.0, 21]","[366.0, 21]","[367.0, 35]",357.0,105,18.0,-0.07
07:47:54,"[348.63, 38]","[347.37, 43]","[366.0, 33]","[367.32, 19]",357.32,133,17.37,0.22
07:47:55,"[350.0, 15]","[349.0, 60]","[363.96, 53]","[365.21, 33]",356.98,161,13.96,-0.07
07:47:56,"[350.0, 13]","[349.0, 52]","[361.92, 24]","[364.19, 37]",355.96,126,11.92,0.03
07:47:57,"[350.0, 12]","[349.0, 48]","[360.19, 26]","[361.59, 17]",355.1,103,10.19,0.17
07:47:58,"[350.0, 13]","[349.0, 52]","[357.71, 28]","[359.86, 36]",353.86,129,7.71,0.01
07:47:59,"[351.97, 64]","[349.79, 19]","[354.55, 40]","[355.2, 40]",353.26,163,2.58,0.02
07:48:00,"[349.22, 49]","[347.53, 81]","[351.89, 36]","[362.12, 48]",350.56,214,2.66,0.21
07:48:01,"[347.12, 64]","[346.22, 46]","[361.9, 20]","[367.3, 27]",354.51,157,14.77,0.4
07:48:02,"[347.0, 55]","[346.0, 33]","[360.55, 11]","[362.78, 18]",353.77,117,13.55,0.5
07:48:03,"[346.72, 29]","[345.38, 39]","[357.41, 22]","[361.82, 22]",352.07,112,10.68,0.21
07:48:04,"[346.4, 10]","[344.44, 16]","[357.0, 40]","[358.0, 10]",351.7,76,10.6,-0.32
07:48:05,"[346.62, 21]","[343.77, 52]","[356.26, 31]","[357.05, 40]",351.44,144,9.64,0.01
07:48:06,"[345.0, 28]","[343.0, 224]","[355.0, 14]","[356.0, 14]",350.0,280,10.0,0.8
07:48:07,"[345.0, 30]","[343.0, 240]","[351.83, 24]","[353.57, 30]",348.42,324,6.83,0.67
07:48:08,"[342.65, 119]","[340.53, 136]","[348.81, 21]","[350.04, 54]",345.73,330,6.16,0.55
07:48:09,"[341.06, 16]","[340.0, 96]","[346.75, 16]","[349.77, 52]",343.91,180,5.69,0.24
07:48:10,"[339.92, 24]","[337.46, 89]","[345.23, 40]","[347.93, 28]",342.57,181,5.31,0.25
07:48:11,"[337.0, 24]","[334.0, 12]","[344.42, 48]","[346.0, 12]",340.71,96,7.42,-0.25
07:48:12,"[337.0, 16]","[334.0, 8]","[343.25, 32]","[346.0, 8]",340.12,64,6.25,-0.25
07:48:13,"[337.0, 16]","[334.0, 8]","[342.82, 17]","[344.88, 8]",339.91,49,5.82,-0.02
07:48:14,"[337.13, 23]","[334.5, 12]","[342.0, 23]","[343.0, 11]",339.57,69,4.87,0.01
07:48:15,"[340.52, 56]","[337.38, 32]","[342.0, 35]","[351.42, 38]",341.26,161,1.48,0.09
07:48:16,"[334.56, 32]","[328.26, 31]","[342.0, 10]","[353.0, 40]",338.28,113,7.44,0.12
07:48:17,"[330.0, 39]","[326.0, 52]","[341.53, 19]","[352.23, 43]",335.76,153,11.53,0.19
07:48:18,"[330.0, 39]","[326.0, 52]","[340.64, 22]","[341.92, 13]",335.32,126,10.64,0.44
07:48:19,"[331.33, 15]","[330.0, 36]","[339.67, 30]","[341.67, 15]",335.5,96,8.33,0.06
07:48:20,"[334.33, 18]","[330.0, 36]","[340.22, 18]","[342.0, 18]",337.28,90,5.89,0.2
07:48:21,"[336.0, 16]","[324.0, 31]","[338.88, 16]","[340.85, 26]",337.44,89,2.88,0.06
07:48:22,"[336.0, 14]","[322.94, 32]","[337.29, 14]","[342.0, 14]",336.64,74,1.29,0.24
07:48:23,"[323.72, 36]","[320.67, 36]","[340.89, 9]","[345.65, 23]",332.31,104,17.17,0.38
07:48:24,"[323.95, 38]","[322.37, 19]","[342.0, 12]","[346.0, 36]",332.97,105,18.05,0.09
07:48:25,"[325.0, 36]","[323.0, 12]","[342.0, 12]","[346.0, 36]",333.5,96,17.0,0.0
07:48:26,"[327.75, 48]","[325.91, 22]","[342.0, 12]","[346.0, 36]",334.88,118,14.25,0.19
07:48:27,"[329.0, 39]","[325.56, 18]","[339.13, 46]","[343.41, 17]",334.07,120,10.13,-0.05
07:48:28,"[329.62, 48]","[325.0, 16]","[341.61, 31]","[347.0, 16]",335.62,111,11.99,0.15
07:48:29,"[331.0, 36]","[328.67, 12]","[351.11, 36]","[352.67, 12]",341.06,96,20.11,0.0
07:48:30,"[331.0, 51]","[329.0, 17]","[351.0, 68]","[352.0, 17]",341.0,153,20.0,-0.11
07:48:31,"[334.9, 59]","[330.07, 28]","[350.49, 74]","[352.54, 26]",342.69,187,15.59,-0.07
07:48:32,"[334.17, 217]","[333.13, 127]","[349.43, 88]","[351.0, 42]",341.8,474,15.27,0.45
07:48:33,"[336.88, 170]","[335.44, 98]","[348.38, 64]","[350.62, 32]",342.63,364,11.5,0.47
07:48:34,"[339.0, 240]","[338.0, 20]","[344.67, 60]","[346.24, 68]",341.83,388,5.67,0.34
07:48:35,"[340.9, 164]","[332.83, 75]","[344.0, 62]","[347.64, 56]",342.45,357,3.1,0.34
07:48:36,"[342.44, 86]","[331.2, 35]","[346.0, 48]","[349.5, 24]",344.22,193,3.56,0.25
07:48:37,"[337.84, 45]","[329.64, 33]","[347.0, 30]","[352.0, 15]",342.42,123,9.16,0.27
07:48:38,"[346.0, 20]","[345.0, 40]","[349.0, 20]","[358.0, 10]",347.5,90,3.0,0.33
07:48:39,"[345.86, 28]","[342.79, 57]","[350.13, 31]","[354.4, 20]",347.99,136,4.27,0.25
07:48:40,"[352.0, 22]","[345.0, 44]","[353.09, 22]","[355.27, 22]",352.55,110,1.09,0.2
07:48:41,"[346.17, 24]","[333.11, 53]","[354.43, 14]","[358.57, 14]",350.3,105,8.26,0.47
07:48:42,"[346.08, 96]","[345.0, 48]","[354.33, 24]","[358.33, 24]",350.21,192,8.25,0.5
07:48:43,"[347.04, 75]","[345.36, 44]","[357.8, 20]","[361.2, 20]",352.42,159,10.76,0.5
07:48:44,"[348.21, 70]","[347.0, 60]","[357.0, 20]","[361.0, 20]",352.61,170,8.79,0.53
07:48:45,"[349.0, 9]","[348.0, 24]","[357.0, 6]","[361.0, 6]",353.0,45,8.0,0.47
07:48:46,"[348.23, 52]","[346.85, 52]","[357.0, 18]","[361.0, 18]",352.62,140,8.77,0.49
07:48:47,"[348.0, 40]","[345.0, 24]","[357.0, 12]","[361.0, 12]",352.5,88,9.0,0.45
07:48:48,"[348.0, 66]","[346.9, 84]","[357.0, 22]","[360.71, 17]",352.5,189,9.0,0.59
07:48:49,"[347.18, 68]","[345.62, 52]","[357.0, 22]","[360.0, 11]",352.09,153,9.82,0.57
07:48:50,"[347.0, 20]","[345.0, 20]","[357.0, 10]","[360.0, 5]",352.0,55,10.0,0.45
07:48:51,"[347.0, 76]","[345.0, 56]","[356.13, 15]","[359.29, 21]",351.57,168,9.13,0.57
07:48:52,"[348.32, 76]","[345.31, 52]","[354.85, 13]","[357.78, 18]",351.58,159,6.53,0.61
07:48:53,"[352.0, 121]","[347.0, 60]","[353.67, 15]","[355.53, 17]",352.83,213,1.67,0.7
07:48:54,"[352.0, 60]","[347.25, 32]","[353.0, 10]","[358.0, 20]",352.5,122,1.0,0.51
07:48:55,"[352.0, 61]","[347.0, 48]","[356.71, 35]","[359.32, 19]",354.36,163,4.71,0.34
07:48:56,"[352.0, 45]","[347.0, 36]","[356.0, 42]","[359.4, 15]",354.0,138,4.0,0.17
07:48:57,"[352.0, 45]","[347.0, 36]","[356.0, 54]","[365.0, 9]",354.0,144,4.0,0.12
07:48:58,"[352.0, 30]","[347.0, 48]","[354.67, 48]","[356.83, 24]",353.33,150,2.67,0.04
