Time,Bid1,Bid2,Ask1,Ask2,Mid-Price,Total_volume,Bid_ask_spread,Order_imbalance
07:30:00,"[91.0, 8]","[0, 0]","[800.0, 4]","[0, 0]",445.5,12,709.0,0.33
07:30:01,"[91.0, 4]","[0, 0]","[799.0, 4]","[0, 0]",445.0,8,708.0,0.0
07:30:02,"[91.0, 4]","[0, 0]","[798.0, 4]","[0, 0]",444.5,8,707.0,0.0
07:30:03,"[96.0, 13]","[44.89, 9]","[108.0, 15]","[798.0, 12]",102.0,49,12.0,-0.1
07:30:04,"[98.22, 18]","[83.29, 14]","[106.17, 18]","[261.11, 18]",102.19,68,7.94,-0.06
07:30:05,"[91.75, 16]","[73.0, 12]","[101.5, 16]","[103.0, 20]",96.62,64,9.75,-0.12
07:30:06,"[92.6, 20]","[83.86, 14]","[102.58, 19]","[107.62, 16]",97.59,69,9.98,-0.01
07:30:07,"[93.8, 30]","[92.4, 20]","[103.0, 25]","[108.0, 25]",98.4,100,9.2,0.0
07:30:08,"[95.5, 36]","[93.0, 24]","[102.2, 15]","[103.5, 50]",98.85,125,6.7,-0.04
07:30:09,"[96.95, 39]","[93.86, 28]","[101.0, 14]","[102.0, 35]",98.97,116,4.05,0.16
07:30:10,"[99.2, 15]","[96.95, 19]","[101.5, 12]","[102.4, 25]",100.35,71,2.3,-0.04
07:30:11,"[101.2, 15]","[98.65, 40]","[102.42, 24]","[140.85, 39]",101.81,118,1.22,-0.07
07:30:12,"[102.67, 15]","[97.25, 16]","[334.59, 29]","[515.33, 12]",218.63,72,231.92,-0.14
07:30:13,"[109.6, 10]","[107.86, 14]","[591.46, 37]","[676.74, 19]",350.53,80,481.86,-0.4
07:30:14,"[101.0, 14]","[101.36, 22]","[497.82, 22]","[584.29, 34]",299.41,92,396.82,-0.22
07:30:15,"[96.0, 12]","[95.0, 16]","[215.33, 18]","[294.29, 14]",155.67,60,119.33,-0.07
07:30:16,"[96.0, 12]","[95.0, 16]","[113.18, 17]","[116.21, 19]",104.59,64,17.18,-0.12
07:30:17,"[96.0, 3]","[95.0, 4]","[112.0, 4]","[116.0, 5]",104.0,16,16.0,-0.12
07:30:18,"[103.52, 25]","[99.41, 41]","[111.65, 43]","[116.0, 43]",107.59,152,8.13,-0.13
07:30:19,"[104.0, 30]","[102.0, 100]","[111.6, 40]","[122.2, 30]",107.8,200,7.6,0.3
07:30:20,"[103.26, 81]","[102.68, 158]","[109.33, 36]","[111.76, 41]",106.3,316,6.07,0.51
07:30:21,"[103.0, 182]","[101.27, 82]","[107.13, 45]","[108.64, 50]",105.07,359,4.13,0.47
07:30:22,"[104.31, 62]","[102.82, 238]","[106.61, 59]","[108.15, 60]",105.46,419,2.3,0.43
07:30:23,"[103.0, 132]","[100.0, 112]","[108.0, 32]","[115.0, 24]",105.5,300,5.0,0.63
07:30:24,"[101.65, 104]","[100.63, 86]","[108.0, 32]","[115.0, 24]",104.83,246,6.35,0.54
07:30:25,"[101.4, 47]","[100.06, 158]","[106.7, 27]","[109.95, 40]",104.05,272,5.3,0.51
07:30:26,"[101.22, 54]","[100.9, 62]","[103.0, 7]","[107.57, 21]",102.11,144,1.78,0.61
07:30:27,"[101.0, 112]","[100.0, 16]","[103.0, 8]","[107.0, 24]",102.0,160,2.0,0.6
07:30:28,"[101.3, 80]","[100.92, 119]","[106.64, 22]","[227.71, 52]",103.97,273,5.34,0.46
07:30:29,"[102.54, 39]","[101.12, 149]","[107.0, 38]","[156.45, 55]",104.77,281,4.46,0.34
07:30:30,"[104.09, 33]","[103.09, 33]","[107.0, 33]","[115.0, 44]",105.55,143,2.91,-0.08
07:30:31,"[105.21, 42]","[101.07, 90]","[112.12, 50]","[206.83, 60]",108.67,242,6.91,0.09
07:30:32,"[105.88, 24]","[103.0, 16]","[115.0, 32]","[198.42, 36]",110.44,108,9.12,-0.26
07:30:33,"[106.75, 36]","[105.0, 24]","[115.0, 48]","[258.71, 56]",110.88,164,8.25,-0.27
07:30:34,"[107.86, 21]","[103.74, 54]","[114.5, 24]","[163.46, 39]",111.18,138,6.64,0.09
07:30:35,"[107.0, 10]","[103.0, 140]","[112.25, 24]","[114.67, 36]",109.62,210,5.25,0.43
07:30:36,"[103.44, 68]","[102.4, 110]","[109.64, 56]","[111.33, 42]",106.54,276,6.2,0.29
07:30:37,"[106.0, 8]","[103.0, 80]","[108.46, 26]","[109.87, 30]",107.23,144,2.46,0.22
07:30:38,"[103.1, 67]","[100.67, 36]","[108.78, 27]","[204.25, 32]",105.94,162,5.67,0.27
07:30:39,"[109.0, 10]","[104.0, 6]","[110.0, 24]","[332.71, 17]",109.5,57,1.0,-0.44
07:30:40,"[103.7, 37]","[102.23, 62]","[110.0, 46]","[113.0, 24]",106.85,169,6.3,0.17
07:30:41,"[103.0, 42]","[102.0, 42]","[109.5, 18]","[242.43, 14]",106.25,116,6.5,0.45
07:30:42,"[103.0, 28]","[102.0, 28]","[108.2, 10]","[151.0, 10]",105.6,76,5.2,0.47
07:30:43,"[103.0, 77]","[102.0, 77]","[107.0, 43]","[197.46, 26]",105.0,223,4.0,0.38
07:30:44,"[103.0, 21]","[102.0, 21]","[107.0, 15]","[234.0, 7]",105.0,64,4.0,0.31
07:30:45,"[103.79, 102]","[102.67, 84]","[107.0, 60]","[141.12, 16]",105.4,262,3.21,0.42
07:30:46,"[103.65, 120]","[101.79, 98]","[105.39, 36]","[107.5, 30]",104.52,284,1.74,0.54
07:30:47,"[102.02, 43]","[101.14, 49]","[106.0, 7]","[107.0, 23]",104.01,122,3.98,0.51
07:30:48,"[104.05, 56]","[101.93, 43]","[106.39, 23]","[107.25, 48]",105.22,170,2.34,0.16
07:30:49,"[105.94, 31]","[100.33, 147]","[107.0, 41]","[109.0, 28]",106.47,247,1.06,0.44
07:30:50,"[102.0, 50]","[100.42, 84]","[107.0, 19]","[109.0, 24]",104.5,177,5.0,0.51
07:30:51,"[101.0, 95]","[100.0, 84]","[107.55, 22]","[122.57, 21]",104.27,222,6.55,0.61
07:30:52,"[102.0, 44]","[100.42, 60]","[105.45, 29]","[107.4, 20]",103.72,153,3.45,0.36
07:30:53,"[102.65, 23]","[101.31, 61]","[105.6, 30]","[108.27, 22]",104.13,136,2.95,0.24
07:30:54,"[100.21, 95]","[98.04, 69]","[106.75, 24]","[108.75, 24]",103.48,212,6.54,0.55
07:30:55,"[100.92, 61]","[99.23, 133]","[183.98, 43]","[259.0, 48]",142.45,285,83.06,0.36
07:30:56,"[102.52, 42]","[99.95, 63]","[258.05, 39]","[497.33, 27]",180.29,171,155.53,0.23
07:30:57,"[110.96, 93]","[108.0, 32]","[427.0, 40]","[724.0, 24]",268.98,189,316.04,0.32
07:30:58,"[112.0, 24]","[111.0, 104]","[356.0, 34]","[618.0, 30]",234.0,192,244.0,0.33
07:30:59,"[112.0, 4]","[111.0, 26]","[171.0, 6]","[770.0, 10]",141.5,46,59.0,0.3
07:31:00,"[112.0, 16]","[111.0, 104]","[169.97, 31]","[340.69, 32]",140.98,183,57.97,0.31
07:31:01,"[111.0, 117]","[110.0, 18]","[168.22, 36]","[413.03, 37]",139.61,208,57.22,0.3
07:31:02,"[112.0, 18]","[110.97, 67]","[167.5, 24]","[335.67, 24]",139.75,133,55.5,0.28
07:31:03,"[112.0, 26]","[110.5, 24]","[164.94, 47]","[166.75, 48]",138.47,145,52.94,-0.31
07:31:04,"[112.0, 14]","[111.0, 14]","[163.86, 28]","[165.29, 28]",137.93,84,51.86,-0.33
07:31:05,"[112.0, 22]","[111.0, 22]","[160.57, 42]","[164.45, 44]",136.29,130,48.57,-0.32
07:31:06,"[112.0, 26]","[111.0, 26]","[161.23, 52]","[162.69, 52]",136.62,156,49.23,-0.33
07:31:07,"[112.53, 17]","[111.09, 22]","[160.0, 32]","[161.0, 32]",136.26,103,47.47,-0.24
07:31:08,"[112.0, 24]","[111.0, 96]","[160.0, 48]","[161.0, 48]",136.0,216,48.0,0.11
07:31:09,"[112.0, 32]","[111.0, 128]","[155.55, 49]","[159.41, 61]",133.78,270,43.55,0.19
07:31:10,"[111.48, 46]","[110.94, 94]","[154.67, 48]","[156.26, 46]",133.07,234,43.19,0.2
07:31:11,"[111.0, 52]","[110.0, 16]","[151.75, 32]","[153.75, 32]",131.38,132,40.75,0.03
07:31:12,"[111.0, 48]","[110.0, 16]","[147.54, 26]","[148.83, 24]",129.27,114,36.54,0.12
07:31:13,"[111.0, 72]","[110.0, 24]","[145.0, 38]","[145.2, 40]",128.0,174,34.0,0.1
07:31:14,"[111.0, 84]","[110.0, 28]","[140.91, 44]","[141.86, 42]",125.95,198,29.91,0.13
07:31:15,"[111.0, 36]","[110.0, 24]","[135.87, 46]","[136.87, 30]",123.43,136,24.87,-0.12
07:31:16,"[111.0, 22]","[110.0, 22]","[133.43, 28]","[134.63, 38]",122.21,110,22.43,-0.2
07:31:17,"[110.86, 21]","[109.38, 48]","[129.07, 30]","[130.56, 32]",119.96,131,18.21,0.05
07:31:18,"[110.0, 12]","[109.0, 120]","[122.07, 28]","[123.29, 34]",116.04,194,12.07,0.36
07:31:19,"[109.35, 75]","[108.7, 50]","[118.71, 34]","[120.75, 24]",114.03,183,9.36,0.37
07:31:20,"[109.0, 79]","[107.21, 33]","[116.08, 52]","[117.08, 50]",112.54,214,7.08,0.05
07:31:21,"[109.33, 27]","[108.18, 44]","[113.68, 37]","[115.9, 60]",111.5,168,4.34,-0.15
07:31:22,"[107.58, 66]","[106.57, 63]","[110.67, 63]","[111.19, 52]",109.12,244,3.09,0.06
07:31:23,"[106.0, 49]","[104.0, 9]","[108.5, 32]","[109.78, 36]",107.25,126,2.5,-0.08
07:31:24,"[106.0, 23]","[104.0, 7]","[107.0, 7]","[108.0, 28]",106.5,65,1.0,-0.08
07:31:25,"[96.21, 43]","[78.73, 51]","[105.54, 48]","[195.78, 36]",100.88,178,9.33,0.06
07:31:26,"[61.47, 17]","[34.33, 18]","[103.78, 18]","[230.33, 12]",82.62,65,42.31,0.08
07:31:27,"[45.67, 30]","[37.33, 36]","[101.23, 31]","[102.77, 26]",73.45,123,55.56,0.07
07:31:28,"[62.37, 54]","[38.75, 48]","[98.78, 54]","[101.16, 50]",80.57,206,36.41,-0.01
07:31:29,"[78.68, 38]","[47.44, 18]","[267.4, 10]","[641.2, 15]",173.04,81,188.72,0.38
07:31:30,"[98.14, 14]","[35.0, 26]","[314.85, 13]","[718.6, 15]",206.49,68,216.7,0.18
07:31:31,"[93.29, 17]","[31.37, 38]","[256.04, 26]","[524.29, 14]",174.67,95,162.74,0.16
07:31:32,"[104.36, 44]","[88.96, 48]","[358.19, 21]","[468.95, 22]",231.28,135,253.83,0.36
07:31:33,"[110.0, 14]","[107.48, 31]","[192.0, 14]","[303.2, 15]",151.0,74,82.0,0.22
07:31:34,"[108.85, 33]","[107.68, 37]","[242.46, 13]","[366.3, 20]",175.66,103,133.61,0.36
07:31:35,"[110.0, 6]","[108.0, 15]","[272.6, 5]","[378.14, 7]",191.3,33,162.6,0.27
07:31:36,"[109.71, 14]","[106.9, 29]","[444.33, 9]","[667.0, 2]",277.02,54,334.62,0.59
07:31:37,"[112.45, 22]","[109.04, 23]","[369.4, 15]","[544.5, 8]",240.93,68,256.95,0.32
07:31:38,"[112.0, 33]","[109.0, 22]","[265.6, 15]","[357.18, 11]",188.8,81,153.6,0.36
07:31:39,"[112.0, 12]","[109.0, 8]","[243.5, 8]","[247.0, 4]",177.75,32,131.5,0.25
07:31:40,"[111.06, 53]","[108.68, 38]","[240.62, 32]","[373.94, 16]",175.84,139,129.57,0.31
07:31:41,"[112.22, 36]","[109.44, 18]","[238.11, 18]","[539.86, 14]",175.17,86,125.89,0.26
07:31:42,"[113.17, 48]","[111.74, 69]","[236.67, 24]","[504.41, 17]",174.92,158,123.5,0.48
07:31:43,"[114.0, 40]","[112.0, 70]","[235.6, 20]","[298.33, 12]",174.8,142,121.6,0.55
07:31:44,"[113.52, 42]","[111.82, 67]","[128.64, 22]","[230.58, 19]",121.08,150,15.11,0.45
07:31:45,"[112.0, 13]","[109.0, 14]","[128.0, 14]","[444.0, 15]",120.0,56,16.0,-0.04
07:31:46,"[112.0, 9]","[109.0, 18]","[127.44, 18]","[246.78, 27]",119.72,72,15.44,-0.25
07:31:47,"[112.0, 9]","[109.67, 18]","[135.38, 21]","[266.24, 29]",123.69,77,23.38,-0.3
07:31:48,"[112.0, 11]","[110.0, 22]","[147.62, 39]","[148.23, 26]",129.81,98,35.62,-0.33
07:31:49,"[111.41, 17]","[109.69, 32]","[146.46, 52]","[147.6, 53]",128.94,154,35.05,-0.36
07:31:50,"[109.0, 20]","[108.0, 40]","[139.0, 41]","[145.65, 34]",124.0,135,30.0,-0.11
07:31:51,"[109.75, 16]","[108.38, 32]","[132.45, 38]","[135.07, 46]",121.1,132,22.7,-0.27
07:31:52,"[111.0, 10]","[108.1, 31]","[129.2, 30]","[130.36, 33]",120.1,104,18.2,-0.21
07:31:53,"[111.0, 11]","[109.0, 11]","[127.09, 33]","[130.0, 33]",119.05,88,16.09,-0.5
07:31:54,"[111.0, 12]","[109.0, 12]","[124.92, 36]","[126.33, 36]",117.96,96,13.92,-0.5
07:31:55,"[111.0, 23]","[109.0, 15]","[123.27, 45]","[126.0, 45]",117.13,128,12.27,-0.41
07:31:56,"[108.6, 45]","[106.05, 175]","[120.94, 48]","[122.44, 55]",114.77,323,12.34,0.36
07:31:57,"[109.33, 30]","[106.07, 112]","[116.1, 52]","[117.27, 56]",112.71,250,6.76,0.14
07:31:58,"[108.97, 158]","[106.19, 74]","[111.24, 49]","[112.6, 45]",110.11,326,2.28,0.42
07:31:59,"[107.29, 178]","[105.09, 138]","[110.2, 46]","[113.86, 42]",108.74,404,2.9,0.56
07:32:00,"[107.36, 121]","[106.0, 121]","[110.0, 33]","[115.0, 33]",108.68,308,2.64,0.57
07:32:01,"[108.98, 123]","[106.11, 105]","[110.42, 36]","[116.18, 38]",109.7,302,1.43,0.51
07:32:02,"[108.0, 18]","[106.0, 40]","[114.0, 27]","[175.11, 27]",111.0,112,6.0,0.04
07:32:03,"[110.33, 51]","[108.83, 41]","[113.47, 45]","[367.5, 60]",111.9,197,3.13,-0.07
07:32:04,"[108.0, 10]","[106.0, 10]","[111.31, 32]","[421.21, 48]",109.66,100,3.31,-0.6
07:32:05,"[108.86, 42]","[107.08, 13]","[110.06, 49]","[241.47, 49]",109.46,153,1.2,-0.28
07:32:06,"[108.72, 25]","[106.92, 13]","[143.53, 68]","[493.85, 53]",126.12,159,34.81,-0.52
07:32:07,"[102.0, 88]","[86.82, 22]","[196.64, 55]","[607.61, 31]",149.32,196,94.64,0.12
07:32:08,"[102.76, 59]","[100.84, 62]","[346.2, 50]","[474.4, 47]",224.48,218,243.44,0.11
07:32:09,"[104.84, 86]","[102.3, 94]","[362.58, 52]","[464.65, 79]",233.71,311,257.74,0.16
07:32:10,"[106.51, 35]","[104.71, 34]","[267.0, 65]","[300.83, 47]",186.76,181,160.49,-0.24
07:32:11,"[108.0, 16]","[104.88, 17]","[266.27, 55]","[278.45, 55]",187.14,143,158.27,-0.54
07:32:12,"[110.59, 34]","[108.65, 17]","[187.47, 85]","[256.53, 85]",149.03,221,76.88,-0.54
07:32:13,"[111.05, 21]","[109.33, 12]","[173.55, 55]","[219.41, 37]",142.3,125,62.5,-0.47
07:32:14,"[111.77, 26]","[109.0, 13]","[171.62, 65]","[246.0, 65]",141.69,169,59.85,-0.54
07:32:15,"[104.37, 19]","[101.58, 62]","[167.12, 40]","[261.0, 40]",135.75,161,62.76,0.01
07:32:16,"[102.08, 40]","[99.0, 80]","[159.96, 28]","[213.25, 40]",131.02,188,57.89,0.28
07:32:17,"[102.0, 33]","[97.78, 83]","[281.93, 43]","[440.0, 37]",191.97,196,179.93,0.18
07:32:18,"[103.0, 39]","[86.19, 21]","[178.78, 32]","[171.77, 61]",140.89,153,75.78,-0.22
07:32:19,"[111.3, 119]","[106.29, 63]","[117.86, 28]","[146.36, 70]",114.58,280,6.55,0.3
07:32:20,"[111.0, 110]","[107.09, 99]","[116.31, 26]","[281.65, 17]",113.65,252,5.31,0.66
07:32:21,"[111.0, 50]","[108.0, 70]","[113.4, 10]","[115.0, 20]",112.2,150,2.4,0.6
07:32:22,"[111.0, 70]","[108.0, 98]","[112.0, 14]","[115.0, 28]",111.5,210,1.0,0.6
07:32:23,"[111.0, 40]","[108.0, 98]","[214.0, 11]","[445.18, 17]",162.5,166,103.0,0.66
07:32:24,"[108.0, 98]","[104.0, 80]","[244.5, 8]","[558.69, 13]",176.25,199,136.5,0.79
07:32:25,"[108.46, 104]","[105.2, 75]","[171.67, 12]","[385.56, 16]",140.06,207,63.21,0.73
07:32:26,"[110.72, 58]","[109.47, 76]","[279.67, 18]","[452.33, 9]",195.2,161,168.94,0.66
07:32:27,"[111.0, 62]","[110.0, 104]","[130.0, 26]","[463.43, 61]",120.5,253,19.0,0.31
07:32:28,"[111.0, 12]","[110.0, 48]","[129.57, 14]","[373.33, 24]",120.29,98,18.57,0.22
07:32:29,"[111.0, 22]","[110.0, 88]","[128.27, 33]","[130.0, 22]",119.64,165,17.27,0.33
07:32:30,"[110.02, 93]","[109.1, 80]","[124.38, 39]","[220.59, 46]",117.2,258,14.36,0.34
07:32:31,"[110.0, 73]","[109.0, 78]","[121.85, 39]","[158.97, 61]",115.92,251,11.85,0.2
07:32:32,"[110.0, 75]","[109.0, 90]","[119.87, 45]","[122.0, 45]",114.93,255,9.87,0.29
07:32:33,"[112.92, 36]","[109.66, 53]","[119.0, 30]","[122.0, 30]",115.96,149,6.08,0.19
07:32:34,"[110.26, 27]","[109.59, 59]","[117.64, 33]","[122.0, 33]",113.95,152,7.38,0.13
07:32:35,"[110.82, 56]","[109.79, 57]","[115.45, 33]","[122.0, 33]",113.14,179,4.63,0.26
07:32:36,"[111.0, 55]","[110.0, 65]","[113.35, 34]","[115.42, 36]",112.18,190,2.35,0.26
07:32:37,"[110.18, 34]","[109.38, 78]","[212.27, 49]","[419.1, 49]",161.22,210,102.09,0.07
07:32:38,"[110.77, 13]","[109.28, 50]","[341.45, 20]","[384.12, 60]",226.11,143,230.68,-0.12
07:32:39,"[110.0, 18]","[109.0, 54]","[337.61, 33]","[404.0, 12]",223.8,117,227.61,0.23
07:32:40,"[110.0, 17]","[109.0, 48]","[175.85, 33]","[291.18, 11]",142.92,109,65.85,0.19
07:32:41,"[111.06, 49]","[109.69, 16]","[174.96, 47]","[197.67, 48]",143.01,160,63.9,-0.19
07:32:42,"[112.13, 39]","[110.75, 12]","[173.88, 40]","[247.07, 43]",143.0,134,61.75,-0.24
07:32:43,"[109.4, 20]","[108.67, 12]","[172.33, 12]","[173.03, 36]",140.87,80,62.93,-0.2
07:32:44,"[109.0, 36]","[108.0, 18]","[144.65, 37]","[171.0, 33]",126.82,124,35.65,-0.13
07:32:45,"[109.2, 30]","[108.14, 21]","[169.58, 60]","[170.22, 32]",139.39,143,60.38,-0.29
07:32:46,"[111.0, 12]","[109.0, 12]","[167.2, 44]","[168.69, 36]",139.1,104,56.2,-0.54
07:32:47,"[111.0, 9]","[109.0, 9]","[164.82, 17]","[165.44, 45]",137.91,80,53.82,-0.55
07:32:48,"[111.0, 9]","[109.0, 9]","[144.44, 18]","[164.08, 25]",127.72,61,33.44,-0.41
07:32:49,"[107.11, 47]","[106.12, 127]","[158.13, 39]","[159.58, 67]",132.62,280,51.02,0.24
07:32:50,"[107.79, 152]","[105.92, 210]","[154.7, 50]","[155.22, 32]",131.24,444,46.91,0.63
07:32:51,"[109.0, 154]","[106.0, 350]","[152.97, 39]","[153.85, 66]",130.99,609,43.97,0.66
07:32:52,"[109.0, 143]","[106.0, 302]","[147.23, 47]","[148.71, 42]",128.12,534,38.23,0.67
07:32:53,"[109.0, 165]","[106.0, 210]","[141.73, 41]","[142.73, 48]",125.37,464,32.73,0.62
07:32:54,"[109.0, 149]","[106.0, 196]","[135.14, 21]","[136.24, 21]",122.07,387,26.14,0.78
07:32:55,"[109.19, 81]","[106.49, 184]","[131.93, 40]","[131.56, 62]",120.56,367,22.74,0.44
07:32:56,"[110.27, 33]","[109.0, 66]","[125.73, 33]","[128.21, 28]",118.0,160,15.45,0.24
07:32:57,"[111.37, 43]","[109.37, 81]","[120.05, 56]","[121.11, 54]",115.71,234,8.68,0.06
07:32:58,"[113.0, 24]","[111.03, 34]","[116.21, 28]","[116.84, 43]",114.61,129,3.21,-0.1
07:32:59,"[112.17, 78]","[111.83, 125]","[114.15, 27]","[116.16, 56]",113.16,286,1.98,0.42
07:33:00,"[112.0, 138]","[111.0, 36]","[113.36, 33]","[159.67, 27]",112.68,234,1.36,0.49
07:33:01,"[111.29, 58]","[109.49, 76]","[112.67, 60]","[286.55, 33]",111.98,227,1.37,0.18
07:33:02,"[110.17, 84]","[109.19, 74]","[126.7, 37]","[280.45, 20]",118.43,215,16.54,0.47
07:33:03,"[111.0, 91]","[110.0, 91]","[240.08, 26]","[284.73, 22]",175.54,230,129.08,0.58
07:33:04,"[111.0, 91]","[110.0, 91]","[235.68, 31]","[237.24, 21]",173.34,234,124.68,0.56
07:33:05,"[111.0, 43]","[110.0, 49]","[200.15, 13]","[232.6, 15]",155.58,120,89.15,0.53
07:33:06,"[111.0, 54]","[110.0, 63]","[123.33, 27]","[126.4, 15]",117.17,159,12.33,0.47
07:33:07,"[111.0, 60]","[110.0, 70]","[123.29, 14]","[124.16, 44]",117.14,188,12.29,0.38
07:33:08,"[111.0, 78]","[110.0, 91]","[120.26, 31]","[123.0, 47]",115.63,247,9.26,0.37
07:33:09,"[111.0, 78]","[110.0, 91]","[116.69, 13]","[119.0, 39]",113.85,221,5.69,0.53
07:33:10,"[111.0, 20]","[110.0, 35]","[114.33, 9]","[118.27, 11]",112.67,75,3.33,0.47
07:33:11,"[110.52, 33]","[109.67, 54]","[113.56, 16]","[114.12, 24]",112.04,127,3.05,0.37
07:33:12,"[109.66, 47]","[108.88, 64]","[111.3, 50]","[173.2, 35]",110.48,196,1.64,0.13
07:33:13,"[109.2, 82]","[108.41, 58]","[191.91, 55]","[327.03, 32]",150.55,227,82.71,0.23
07:33:14,"[110.38, 16]","[108.97, 62]","[291.36, 42]","[331.0, 15]",200.87,135,180.98,0.16
07:33:15,"[112.0, 8]","[109.38, 52]","[303.0, 16]","[349.75, 12]",207.5,88,191.0,0.36
07:33:16,"[111.22, 41]","[110.58, 114]","[240.19, 31]","[302.16, 31]",175.71,217,128.97,0.43
07:33:17,"[111.0, 88]","[108.97, 58]","[142.37, 43]","[144.59, 34]",126.69,223,31.37,0.31
07:33:18,"[111.0, 144]","[109.0, 54]","[138.62, 48]","[139.51, 78]",124.81,324,27.62,0.22
07:33:19,"[111.0, 80]","[109.0, 26]","[136.81, 32]","[137.75, 59]",123.91,197,25.81,0.08
07:33:20,"[111.0, 72]","[109.0, 24]","[135.5, 24]","[137.0, 60]",123.25,180,24.5,0.07
07:33:21,"[111.0, 74]","[109.0, 26]","[133.31, 26]","[137.0, 65]",122.15,191,22.31,0.05
07:33:22,"[111.0, 20]","[109.0, 8]","[132.75, 8]","[137.0, 20]",121.88,56,21.75,0.0
07:33:23,"[111.0, 60]","[109.0, 28]","[130.81, 31]","[156.25, 67]",120.9,186,19.81,-0.05
07:33:24,"[111.33, 27]","[110.38, 39]","[127.21, 42]","[138.03, 37]",119.27,145,15.88,-0.09
07:33:25,"[111.44, 16]","[110.56, 27]","[124.74, 23]","[125.89, 27]",118.09,93,13.3,-0.08
07:33:26,"[111.04, 25]","[109.07, 29]","[121.32, 41]","[123.71, 34]",116.18,129,10.28,-0.16
07:33:27,"[112.0, 10]","[111.0, 30]","[118.7, 30]","[181.07, 29]",115.35,99,6.7,-0.19
07:33:28,"[110.77, 31]","[109.57, 44]","[117.17, 36]","[118.17, 36]",113.97,147,6.39,0.02
07:33:29,"[111.0, 54]","[108.0, 27]","[114.33, 27]","[116.33, 27]",112.67,135,3.33,0.2
07:33:30,"[110.71, 56]","[108.21, 38]","[112.27, 33]","[165.03, 35]",111.49,162,1.56,0.16
07:33:31,"[109.0, 72]","[108.0, 27]","[111.14, 43]","[175.59, 29]",110.07,171,2.14,0.16
07:33:32,"[108.94, 32]","[107.82, 22]","[401.14, 44]","[566.14, 43]",255.04,141,292.2,-0.23
07:33:33,"[109.0, 33]","[107.7, 27]","[313.94, 49]","[536.71, 34]",211.47,143,204.94,-0.16
07:33:34,"[109.0, 18]","[108.0, 18]","[479.54, 24]","[586.56, 18]",294.27,78,370.54,-0.08
07:33:35,"[109.89, 27]","[108.0, 27]","[455.33, 24]","[666.4, 30]",282.61,108,345.44,0.0
07:33:36,"[111.45, 33]","[108.0, 33]","[268.0, 48]","[543.0, 28]",189.73,142,156.55,-0.07
07:33:37,"[112.0, 63]","[108.0, 36]","[184.84, 55]","[410.31, 32]",148.42,186,72.84,0.06
07:33:38,"[112.0, 36]","[108.0, 18]","[136.0, 15]","[147.04, 27]",124.0,96,24.0,0.12
07:33:39,"[111.75, 48]","[107.92, 26]","[212.46, 35]","[507.66, 29]",162.1,138,100.71,0.07
07:33:40,"[108.0, 39]","[107.0, 26]","[247.0, 38]","[495.24, 42]",177.5,145,139.0,-0.1
07:33:41,"[108.0, 19]","[107.0, 16]","[233.0, 32]","[378.5, 16]",170.5,83,125.0,-0.16
07:33:42,"[108.86, 65]","[107.7, 20]","[196.71, 28]","[194.64, 28]",152.79,141,87.85,0.21
07:33:43,"[109.0, 72]","[108.0, 18]","[118.86, 14]","[147.85, 13]",113.93,117,9.86,0.54
07:33:44,"[109.0, 57]","[107.62, 16]","[110.72, 18]","[137.92, 24]",109.86,115,1.72,0.27
07:33:45,"[109.5, 16]","[108.33, 12]","[111.0, 16]","[249.0, 16]",110.25,60,1.5,-0.07
07:33:46,"[108.6, 30]","[106.68, 44]","[188.75, 44]","[297.44, 16]",148.68,134,80.15,0.1
07:33:47,"[107.5, 12]","[106.18, 22]","[205.8, 25]","[609.0, 5]",156.65,64,98.3,0.06
07:33:48,"[108.12, 24]","[107.0, 16]","[203.88, 40]","[621.0, 8]",156.0,88,95.75,-0.09
07:33:49,"[109.0, 18]","[107.0, 12]","[201.83, 30]","[531.0, 6]",155.42,66,92.83,-0.09
07:33:50,"[109.0, 15]","[107.0, 10]","[200.6, 25]","[420.0, 5]",154.8,55,91.6,-0.09
07:33:51,"[109.4, 30]","[107.0, 20]","[198.5, 50]","[461.6, 10]",153.95,110,89.1,-0.09
07:33:52,"[109.0, 25]","[106.37, 38]","[169.38, 47]","[344.26, 19]",139.19,129,60.38,-0.02
07:33:53,"[108.83, 12]","[107.12, 17]","[119.36, 33]","[121.33, 30]",114.1,92,10.53,-0.37
07:33:54,"[110.93, 14]","[109.98, 41]","[117.88, 43]","[118.94, 34]",114.41,132,6.96,-0.17
07:33:55,"[111.78, 27]","[108.9, 87]","[116.48, 42]","[117.13, 63]",114.13,219,4.7,0.04
07:33:56,"[112.0, 65]","[110.0, 13]","[116.0, 26]","[117.0, 65]",114.0,169,4.0,-0.08
07:33:57,"[112.0, 22]","[110.0, 6]","[116.0, 12]","[117.0, 30]",114.0,70,4.0,-0.2
07:33:58,"[108.38, 53]","[106.77, 26]","[115.25, 16]","[117.0, 40]",111.81,135,6.87,0.17
07:33:59,"[108.0, 144]","[106.0, 63]","[114.08, 24]","[116.69, 39]",111.04,270,6.08,0.53
07:34:00,"[108.0, 128]","[106.0, 56]","[111.22, 27]","[112.63, 27]",109.61,238,3.22,0.55
07:34:01,"[108.0, 175]","[106.0, 84]","[132.66, 38]","[235.64, 36]",120.33,333,24.66,0.56
07:34:02,"[108.0, 35]","[106.0, 21]","[287.0, 15]","[445.0, 6]",197.5,77,179.0,0.45
07:34:03,"[108.04, 80]","[106.37, 60]","[244.3, 20]","[278.43, 28]",176.17,188,136.26,0.49
07:34:04,"[111.4, 45]","[108.49, 92]","[234.72, 36]","[289.83, 48]",173.06,221,123.32,0.24
07:34:05,"[111.0, 28]","[108.0, 88]","[142.12, 8]","[234.65, 17]",126.56,141,31.12,0.65
07:34:06,"[111.0, 44]","[108.0, 121]","[140.0, 11]","[143.27, 11]",125.5,187,29.0,0.76
07:34:07,"[111.78, 27]","[108.47, 45]","[135.91, 23]","[137.96, 25]",123.85,120,24.14,0.2
07:34:08,"[111.0, 14]","[108.22, 54]","[134.32, 19]","[135.87, 23]",122.66,110,23.32,0.24
07:34:09,"[111.0, 19]","[110.0, 38]","[131.04, 25]","[133.94, 32]",121.02,114,20.04,0.0
07:34:10,"[110.11, 9]","[108.1, 42]","[129.0, 18]","[130.0, 9]",119.56,78,18.89,0.31
07:34:11,"[110.0, 5]","[108.0, 25]","[127.86, 7]","[128.5, 8]",118.93,45,17.86,0.33
07:34:12,"[109.0, 18]","[106.86, 105]","[127.0, 14]","[128.0, 28]",118.0,165,18.0,0.49
07:34:13,"[109.59, 17]","[108.86, 14]","[125.89, 9]","[128.0, 18]",117.74,58,16.3,0.07
07:34:14,"[111.47, 19]","[110.28, 25]","[124.27, 11]","[128.0, 22]",117.87,77,12.8,0.14
07:34:15,"[111.4, 30]","[110.0, 24]","[122.42, 12]","[127.0, 19]",116.91,85,11.02,0.27
07:34:16,"[111.0, 17]","[109.0, 26]","[119.0, 18]","[120.38, 26]",115.0,87,8.0,-0.01
07:34:17,"[108.9, 10]","[106.21, 84]","[116.2, 15]","[118.47, 15]",112.55,124,7.3,0.52
07:34:18,"[108.0, 11]","[106.0, 114]","[113.39, 18]","[115.07, 15]",110.69,158,5.39,0.58
07:34:19,"[108.0, 11]","[106.0, 154]","[110.8, 15]","[112.78, 18]",109.4,198,2.8,0.67
07:34:20,"[106.0, 196]","[104.0, 56]","[108.54, 24]","[220.6, 30]",107.27,306,2.54,0.65
07:34:21,"[106.27, 113]","[105.2, 70]","[215.0, 26]","[345.55, 31]",160.63,240,108.73,0.53
07:34:22,"[110.0, 45]","[106.83, 72]","[205.71, 35]","[270.65, 37]",157.86,189,95.71,0.24
07:34:23,"[111.0, 60]","[108.0, 60]","[224.75, 48]","[295.51, 57]",167.88,225,113.75,0.07
07:34:24,"[111.0, 45]","[108.0, 45]","[220.0, 43]","[299.75, 32]",165.5,165,109.0,0.09
07:34:25,"[109.0, 27]","[106.21, 141]","[194.06, 36]","[312.5, 26]",151.53,230,85.06,0.46
07:34:26,"[109.55, 33]","[108.0, 22]","[117.68, 31]","[136.94, 35]",113.61,121,8.13,-0.09
07:34:27,"[111.29, 34]","[108.0, 78]","[114.08, 12]","[117.0, 60]",112.69,184,2.79,0.22
07:34:28,"[112.0, 12]","[108.6, 80]","[113.38, 24]","[116.81, 48]",112.69,164,1.38,0.12
07:34:29,"[111.2, 20]","[109.0, 48]","[113.17, 24]","[150.14, 22]",112.18,114,1.97,0.19
07:34:30,"[109.91, 44]","[107.33, 84]","[112.52, 27]","[171.06, 17]",111.21,172,2.61,0.49
07:34:31,"[108.0, 58]","[106.0, 112]","[114.0, 8]","[259.82, 17]",111.0,195,6.0,0.74
07:34:32,"[108.0, 25]","[106.0, 38]","[113.4, 5]","[254.0, 10]",110.7,78,5.4,0.62
07:34:33,"[108.06, 64]","[106.6, 80]","[112.92, 12]","[305.22, 37]",110.49,193,4.85,0.49
07:34:34,"[109.44, 9]","[108.14, 29]","[113.2, 10]","[143.95, 21]",111.32,69,3.76,0.1
07:34:35,"[112.31, 64]","[111.75, 48]","[158.0, 24]","[244.33, 58]",135.16,194,45.69,0.15
07:34:36,"[112.18, 90]","[111.75, 53]","[161.25, 61]","[203.2, 65]",136.71,269,49.07,0.06
07:34:37,"[111.0, 55]","[109.0, 11]","[120.82, 55]","[171.45, 33]",115.91,154,9.82,-0.14
07:34:38,"[111.0, 7]","[109.0, 7]","[119.57, 35]","[446.86, 21]",115.29,70,8.57,-0.6
07:34:39,"[111.0, 15]","[109.0, 15]","[117.07, 75]","[144.07, 68]",114.03,173,6.07,-0.65
07:34:40,"[109.84, 19]","[108.05, 19]","[112.92, 65]","[116.0, 65]",111.38,168,3.08,-0.55
07:34:41,"[109.33, 24]","[107.5, 48]","[111.0, 55]","[128.42, 43]",110.17,170,1.67,-0.15
07:34:42,"[107.57, 35]","[106.84, 95]","[111.0, 65]","[259.6, 15]",109.29,210,3.43,0.24
07:34:43,"[107.0, 40]","[106.0, 40]","[238.17, 18]","[553.36, 14]",172.58,112,131.17,0.43
07:34:44,"[107.0, 40]","[106.0, 50]","[237.66, 29]","[240.67, 12]",172.33,131,130.66,0.37
07:34:45,"[106.26, 61]","[92.17, 48]","[181.55, 40]","[195.24, 41]",143.91,190,75.29,0.15
07:34:46,"[110.0, 10]","[106.0, 50]","[179.29, 31]","[180.86, 37]",144.65,128,69.29,-0.06
07:34:47,"[110.97, 130]","[107.24, 29]","[174.3, 40]","[175.21, 38]",142.63,237,63.33,0.34
07:34:48,"[111.0, 167]","[110.0, 13]","[170.37, 38]","[171.08, 37]",140.68,255,59.37,0.41
07:34:49,"[111.0, 132]","[110.0, 12]","[166.14, 28]","[167.19, 26]",138.57,198,55.14,0.45
07:34:50,"[111.0, 182]","[110.0, 16]","[162.17, 48]","[163.47, 40]",136.58,286,51.17,0.38
07:34:51,"[111.02, 102]","[110.73, 30]","[157.1, 31]","[158.33, 36]",134.06,199,46.08,0.33
07:34:52,"[111.06, 69]","[110.88, 50]","[154.39, 23]","[155.3, 30]",132.72,172,43.33,0.38
07:34:53,"[111.0, 137]","[110.0, 11]","[153.0, 25]","[154.2, 30]",132.0,203,42.0,0.46
07:34:54,"[111.0, 221]","[110.0, 17]","[146.09, 47]","[147.48, 44]",128.54,329,35.09,0.45
07:34:55,"[111.0, 208]","[110.0, 16]","[143.46, 59]","[144.46, 46]",127.23,329,32.46,0.36
07:34:56,"[111.42, 101]","[110.95, 96]","[139.63, 35]","[140.6, 40]",125.52,272,28.21,0.45
07:34:57,"[113.0, 33]","[111.0, 143]","[135.19, 36]","[136.09, 33]",124.1,245,22.19,0.44
07:34:58,"[111.84, 64]","[110.99, 118]","[130.91, 34]","[131.8, 30]",121.38,246,19.07,0.48
07:34:59,"[112.64, 84]","[111.0, 182]","[127.55, 49]","[128.89, 44]",120.1,359,14.91,0.48
07:35:00,"[114.0, 96]","[111.0, 208]","[123.42, 38]","[125.33, 45]",118.71,387,9.42,0.57
07:35:01,"[114.0, 66]","[111.45, 94]","[118.85, 33]","[119.84, 32]",116.42,225,4.85,0.42
07:35:02,"[114.0, 34]","[112.0, 66]","[115.79, 28]","[249.1, 31]",114.89,159,1.79,0.26
07:35:03,"[114.0, 30]","[112.0, 90]","[119.14, 21]","[123.05, 42]",116.57,183,5.14,0.31
07:35:04,"[114.0, 25]","[112.0, 84]","[115.21, 38]","[118.38, 29]",114.61,176,1.21,0.24
07:35:05,"[114.0, 11]","[112.0, 66]","[115.0, 33]","[119.0, 44]",114.5,154,1.0,0.0
07:35:06,"[112.06, 62]","[111.09, 141]","[114.27, 44]","[116.6, 40]",113.17,287,2.21,0.41
07:35:07,"[112.0, 74]","[111.0, 140]","[113.54, 37]","[114.43, 35]",112.77,286,1.54,0.5
07:35:08,"[112.0, 23]","[111.0, 98]","[113.0, 21]","[114.0, 28]",112.5,170,1.0,0.42
07:35:09,"[111.04, 85]","[110.7, 20]","[113.89, 27]","[428.57, 28]",112.46,160,2.85,0.31
07:35:10,"[111.0, 91]","[110.0, 8]","[114.0, 32]","[481.0, 32]",112.5,163,3.0,0.21
07:35:11,"[111.0, 63]","[110.0, 9]","[113.22, 36]","[302.93, 44]",112.11,152,2.22,-0.05
07:35:12,"[111.12, 40]","[110.88, 40]","[283.35, 43]","[370.98, 47]",197.24,170,172.22,-0.06
07:35:13,"[111.16, 49]","[110.64, 25]","[468.62, 37]","[633.05, 42]",289.89,153,357.46,-0.03
07:35:14,"[112.0, 35]","[111.0, 63]","[404.0, 21]","[406.0, 28]",258.0,147,292.0,0.33
07:35:15,"[112.0, 42]","[111.0, 90]","[177.06, 48]","[329.33, 24]",144.53,204,65.06,0.29
07:35:16,"[111.14, 28]","[110.92, 39]","[161.0, 21]","[162.0, 35]",136.07,123,49.86,0.09
07:35:17,"[111.0, 48]","[109.04, 26]","[125.0, 30]","[161.0, 18]",118.0,122,14.0,0.21
07:35:18,"[111.0, 33]","[109.0, 30]","[140.6, 20]","[276.5, 20]",125.8,103,29.6,0.22
07:35:19,"[111.0, 39]","[109.1, 61]","[157.92, 39]","[186.15, 34]",134.46,173,46.92,0.16
07:35:20,"[110.88, 34]","[109.75, 40]","[145.08, 36]","[148.33, 36]",127.98,146,34.2,0.01
07:35:21,"[110.0, 30]","[109.0, 75]","[143.0, 45]","[160.0, 45]",126.5,195,33.0,0.08
07:35:22,"[110.52, 29]","[109.15, 41]","[141.1, 30]","[155.17, 24]",125.81,124,30.58,0.13
07:35:23,"[111.96, 51]","[110.91, 33]","[140.33, 36]","[160.0, 36]",126.15,156,28.37,0.08
07:35:24,"[112.77, 47]","[111.36, 44]","[139.0, 39]","[160.0, 39]",125.88,169,26.23,0.08
07:35:25,"[111.86, 56]","[109.92, 26]","[137.5, 42]","[160.0, 42]",124.68,166,25.64,-0.01
07:35:26,"[110.0, 24]","[109.0, 12]","[135.83, 36]","[151.83, 36]",122.92,108,25.83,-0.33
07:35:27,"[110.0, 36]","[109.0, 18]","[131.44, 54]","[133.44, 54]",120.72,162,21.44,-0.33
07:35:28,"[108.16, 51]","[106.06, 106]","[125.6, 45]","[127.47, 45]",116.88,247,17.44,0.27
07:35:29,"[108.75, 28]","[106.55, 77]","[122.55, 22]","[123.93, 30]",115.65,157,13.8,0.34
07:35:30,"[111.94, 48]","[109.5, 18]","[118.64, 39]","[119.61, 28]",115.29,133,6.7,-0.01
07:35:31,"[112.29, 70]","[111.0, 14]","[116.21, 28]","[117.39, 31]",114.25,143,3.93,0.17
07:35:32,"[112.83, 36]","[109.41, 17]","[114.29, 28]","[124.52, 25]",113.56,106,1.45,0.0
07:35:33,"[110.1, 20]","[107.91, 44]","[113.0, 28]","[135.58, 31]",111.55,123,2.9,0.04
07:35:34,"[108.8, 45]","[106.26, 61]","[111.11, 54]","[132.44, 27]",109.96,187,2.31,0.13
07:35:35,"[110.0, 8]","[108.0, 32]","[111.0, 32]","[167.75, 16]",110.5,88,1.0,-0.09
07:35:36,"[110.0, 11]","[108.0, 44]","[111.0, 44]","[144.55, 33]",110.5,132,1.0,-0.17
07:35:37,"[108.0, 10]","[106.0, 102]","[114.32, 38]","[193.0, 30]",111.16,180,6.32,0.24
07:35:38,"[106.13, 45]","[104.89, 65]","[135.0, 22]","[380.18, 17]",120.57,149,28.87,0.48
07:35:39,"[106.83, 142]","[105.68, 81]","[147.0, 15]","[346.41, 17]",126.92,255,40.17,0.75
07:35:40,"[109.95, 38]","[107.2, 122]","[323.86, 14]","[505.67, 18]",216.9,192,213.91,0.67
07:35:41,"[111.0, 57]","[107.16, 150]","[297.0, 27]","[535.0, 18]",204.0,252,186.0,0.64
07:35:42,"[110.12, 40]","[107.47, 178]","[297.0, 30]","[460.62, 24]",203.56,272,186.88,0.6
07:35:43,"[110.0, 42]","[108.0, 132]","[359.85, 13]","[419.76, 17]",234.92,204,249.85,0.71
07:35:44,"[110.0, 40]","[108.0, 179]","[286.0, 8]","[459.0, 16]",198.0,243,176.0,0.8
07:35:45,"[110.0, 60]","[108.0, 268]","[184.0, 44]","[224.24, 38]",147.0,410,74.0,0.6
07:35:46,"[110.78, 23]","[109.34, 67]","[170.47, 34]","[174.0, 32]",140.63,156,59.69,0.15
07:35:47,"[110.58, 24]","[108.89, 79]","[127.39, 18]","[166.11, 27]",118.99,148,16.81,0.39
07:35:48,"[110.0, 35]","[108.0, 154]","[125.0, 28]","[127.0, 7]",117.5,224,15.0,0.69
07:35:49,"[110.84, 31]","[109.49, 87]","[124.0, 56]","[186.87, 31]",117.42,205,13.16,0.15
07:35:50,"[111.69, 26]","[110.47, 38]","[121.88, 43]","[137.09, 46]",116.79,153,10.19,-0.16
07:35:51,"[112.0, 24]","[111.0, 24]","[119.51, 41]","[121.3, 43]",115.76,132,7.51,-0.27
07:35:52,"[112.0, 34]","[110.25, 40]","[117.73, 33]","[119.0, 44]",114.86,151,5.73,-0.02
07:35:53,"[111.01, 71]","[108.45, 199]","[113.81, 64]","[114.69, 64]",112.41,398,2.8,0.36
07:35:54,"[110.0, 37]","[108.0, 176]","[111.62, 40]","[181.64, 25]",110.81,278,1.62,0.53
07:35:55,"[108.02, 187]","[107.42, 52]","[263.33, 30]","[497.14, 42]",185.68,311,155.31,0.54
07:35:56,"[107.78, 107]","[106.38, 39]","[185.26, 27]","[269.13, 23]",146.52,196,77.48,0.49
07:35:57,"[105.24, 41]","[98.87, 45]","[214.73, 30]","[309.67, 42]",159.99,158,109.49,0.09
07:35:58,"[107.77, 31]","[105.0, 45]","[312.76, 25]","[485.52, 29]",210.27,130,204.99,0.17
07:35:59,"[108.48, 46]","[105.78, 59]","[412.41, 34]","[497.85, 26]",260.45,165,303.93,0.27
07:36:00,"[109.0, 18]","[107.75, 40]","[371.57, 14]","[644.0, 28]",240.29,100,262.57,0.16
07:36:01,"[109.0, 22]","[108.0, 72]","[428.16, 37]","[596.97, 29]",268.58,160,319.16,0.17
07:36:02,"[108.07, 55]","[107.22, 63]","[410.79, 39]","[492.9, 40]",259.43,197,302.72,0.2
07:36:03,"[108.0, 21]","[107.0, 45]","[387.95, 21]","[421.18, 44]",247.98,131,279.95,0.01
07:36:04,"[107.38, 13]","[106.61, 41]","[371.0, 40]","[405.46, 35]",239.19,129,263.62,-0.16
07:36:05,"[106.82, 22]","[105.95, 37]","[237.78, 46]","[300.33, 30]",172.3,135,130.96,-0.13
07:36:06,"[106.64, 11]","[105.93, 29]","[111.38, 40]","[112.22, 32]",109.01,112,4.74,-0.29
07:36:07,"[107.47, 15]","[106.14, 37]","[109.92, 65]","[200.55, 53]",108.69,170,2.46,-0.39
07:36:08,"[108.22, 36]","[107.0, 9]","[145.0, 31]","[331.66, 32]",126.61,108,36.78,-0.17
07:36:09,"[110.5, 80]","[107.29, 41]","[162.43, 49]","[169.0, 35]",136.46,205,51.93,0.18
07:36:10,"[112.0, 110]","[109.0, 44]","[159.05, 42]","[224.08, 39]",135.52,235,47.05,0.31
07:36:11,"[112.15, 82]","[110.55, 58]","[133.64, 33]","[245.07, 43]",122.89,216,21.49,0.3
07:36:12,"[111.91, 70]","[110.79, 144]","[149.78, 37]","[291.94, 32]",130.85,283,37.87,0.51
07:36:13,"[111.0, 228]","[110.0, 24]","[135.83, 29]","[144.21, 48]",123.41,329,24.83,0.53
07:36:14,"[111.0, 266]","[110.0, 28]","[128.6, 25]","[131.47, 47]",119.8,366,17.6,0.61
07:36:15,"[111.0, 208]","[110.0, 24]","[124.71, 35]","[125.77, 31]",117.86,298,13.71,0.56
07:36:16,"[111.0, 148]","[110.0, 20]","[121.86, 14]","[123.88, 34]",116.43,216,10.86,0.56
07:36:17,"[111.0, 169]","[110.0, 26]","[120.34, 29]","[120.7, 23]",115.67,247,9.34,0.58
07:36:18,"[111.0, 135]","[110.0, 22]","[116.4, 20]","[116.69, 29]",113.7,206,5.4,0.52
07:36:19,"[111.0, 123]","[110.0, 30]","[113.02, 45]","[114.6, 25]",112.01,223,2.02,0.37
07:36:20,"[111.0, 43]","[110.0, 20]","[112.0, 40]","[114.0, 10]",111.5,113,1.0,0.12
07:36:21,"[110.73, 44]","[109.27, 67]","[180.5, 50]","[342.02, 51]",145.61,212,69.77,0.05
07:36:22,"[110.0, 20]","[109.0, 70]","[247.54, 13]","[354.76, 37]",178.77,140,137.54,0.29
07:36:23,"[109.76, 102]","[108.72, 43]","[176.33, 9]","[179.0, 18]",143.05,172,66.57,0.69
07:36:24,"[110.54, 147]","[109.0, 54]","[173.67, 12]","[347.0, 17]",142.11,230,63.12,0.75
07:36:25,"[111.0, 104]","[109.0, 42]","[162.65, 23]","[165.71, 14]",136.83,183,51.65,0.6
07:36:26,"[111.75, 121]","[110.82, 148]","[157.26, 72]","[157.96, 54]",134.51,395,45.51,0.36
07:36:27,"[112.0, 63]","[111.0, 126]","[152.95, 37]","[154.47, 38]",132.47,264,40.95,0.43
07:36:28,"[112.0, 84]","[111.0, 168]","[149.93, 41]","[152.04, 46]",130.96,339,37.93,0.49
07:36:29,"[112.0, 30]","[111.0, 140]","[146.92, 49]","[148.57, 23]",129.46,242,34.92,0.4
07:36:30,"[112.0, 10]","[111.0, 140]","[145.0, 36]","[146.33, 36]",128.5,222,33.0,0.35
07:36:31,"[111.03, 87]","[110.75, 56]","[143.19, 43]","[144.0, 32]",127.11,218,32.15,0.31
07:36:32,"[111.0, 144]","[110.0, 24]","[138.81, 54]","[140.54, 54]",124.91,276,27.81,0.22
07:36:33,"[111.01, 158]","[110.32, 38]","[135.13, 30]","[136.09, 57]",123.07,283,24.12,0.39
07:36:34,"[113.9, 42]","[111.14, 140]","[132.84, 56]","[133.26, 57]",123.37,295,18.93,0.23
07:36:35,"[114.0, 26]","[112.0, 26]","[128.82, 33]","[130.1, 48]",121.41,133,14.82,-0.22
07:36:36,"[114.0, 18]","[112.0, 18]","[126.25, 32]","[126.92, 24]",120.12,92,12.25,-0.22
07:36:37,"[114.0, 28]","[112.0, 28]","[122.16, 49]","[123.39, 28]",118.08,133,8.16,-0.16
07:36:38,"[114.0, 22]","[112.0, 22]","[119.0, 28]","[120.31, 35]",116.5,107,5.0,-0.18
07:36:39,"[113.29, 31]","[112.09, 92]","[115.87, 46]","[118.16, 43]",114.58,212,2.58,0.16
07:36:40,"[112.0, 20]","[111.0, 100]","[116.4, 25]","[118.43, 35]",114.2,180,4.4,0.33
07:36:41,"[111.0, 82]","[110.0, 26]","[114.45, 40]","[115.26, 35]",112.72,183,3.45,0.18
07:36:42,"[111.0, 26]","[110.0, 24]","[142.12, 25]","[187.7, 37]",126.56,112,31.12,-0.11
07:36:43,"[111.45, 20]","[110.12, 25]","[204.19, 26]","[205.09, 44]",157.82,115,92.74,-0.22
07:36:44,"[112.0, 27]","[111.0, 9]","[176.56, 18]","[195.31, 26]",144.28,80,64.56,-0.1
07:36:45,"[112.0, 28]","[111.0, 16]","[162.56, 64]","[164.0, 16]",137.28,124,50.56,-0.29
07:36:46,"[111.18, 39]","[110.85, 55]","[161.0, 44]","[164.0, 11]",136.09,149,49.82,0.26
07:36:47,"[111.0, 72]","[110.0, 24]","[155.2, 45]","[158.4, 15]",133.1,156,44.2,0.23
07:36:48,"[111.0, 66]","[110.0, 22]","[153.0, 11]","[154.0, 44]",132.0,143,42.0,0.23
07:36:49,"[111.0, 90]","[110.0, 30]","[150.79, 24]","[152.88, 51]",130.9,195,39.79,0.23
07:36:50,"[111.23, 31]","[110.84, 50]","[148.0, 44]","[149.0, 11]",129.61,136,36.77,0.19
07:36:51,"[112.91, 11]","[111.0, 66]","[148.0, 44]","[149.0, 11]",130.45,132,35.09,0.17
07:36:52,"[111.75, 20]","[110.75, 40]","[147.82, 28]","[148.27, 22]",129.79,110,36.07,0.09
07:36:53,"[111.0, 42]","[110.0, 70]","[134.77, 35]","[144.67, 42]",122.89,189,23.77,0.19
07:36:54,"[110.68, 38]","[109.19, 37]","[122.25, 24]","[123.18, 33]",116.47,132,11.57,0.14
07:36:55,"[108.69, 26]","[107.01, 89]","[117.43, 30]","[118.52, 31]",113.06,176,8.74,0.31
07:36:56,"[106.05, 164]","[102.91, 75]","[111.48, 42]","[112.02, 61]",108.76,342,5.43,0.4
07:36:57,"[106.0, 126]","[104.0, 52]","[107.73, 33]","[108.35, 23]",106.86,234,1.73,0.52
07:36:58,"[105.89, 37]","[102.92, 39]","[186.0, 15]","[314.9, 21]",145.95,112,80.11,0.36
07:36:59,"[106.46, 13]","[76.94, 36]","[365.22, 9]","[454.33, 18]",235.84,76,258.76,0.29
07:37:00,"[110.0, 7]","[105.0, 14]","[259.14, 7]","[419.29, 14]",184.57,42,149.14,0.0
07:37:01,"[111.0, 14]","[110.0, 7]","[116.0, 7]","[212.31, 32]",113.5,60,5.0,-0.3
07:37:02,"[104.79, 38]","[97.35, 49]","[129.5, 24]","[177.67, 39]",117.14,150,24.71,0.16
07:37:03,"[106.58, 31]","[104.91, 46]","[373.09, 22]","[541.28, 25]",239.84,124,266.51,0.24
07:37:04,"[112.0, 8]","[109.5, 48]","[242.32, 19]","[378.43, 37]",177.16,112,130.32,0.0
07:37:05,"[111.18, 44]","[109.69, 59]","[113.74, 91]","[116.54, 65]",112.46,259,2.55,-0.2
07:37:06,"[108.18, 44]","[98.88, 16]","[112.66, 50]","[136.36, 64]",110.42,174,4.48,-0.31
07:37:07,"[93.8, 40]","[48.0, 67]","[112.85, 13]","[114.0, 65]",103.32,185,19.05,0.16
07:37:08,"[75.67, 21]","[53.89, 54]","[111.67, 9]","[114.0, 45]",93.67,129,36.0,0.16
07:37:09,"[104.0, 12]","[90.69, 39]","[109.33, 60]","[111.0, 12]",106.67,123,5.33,-0.17
07:37:10,"[104.0, 10]","[100.39, 46]","[106.39, 18]","[108.9, 42]",105.19,116,2.39,-0.03
07:37:11,"[92.75, 16]","[86.43, 46]","[104.48, 58]","[223.74, 27]",98.62,147,11.73,-0.16
07:37:12,"[89.0, 26]","[83.42, 114]","[95.0, 36]","[100.51, 57]",92.0,233,6.0,0.2
07:37:13,"[86.14, 14]","[75.39, 61]","[95.71, 14]","[98.38, 29]",90.93,118,9.57,0.27
07:37:14,"[86.41, 68]","[71.62, 32]","[100.0, 20]","[104.88, 48]",93.21,168,13.59,0.19
07:37:15,"[87.32, 47]","[81.5, 48]","[100.63, 27]","[102.09, 33]",93.97,155,13.31,0.23
07:37:16,"[88.0, 27]","[87.0, 72]","[101.0, 36]","[103.0, 52]",94.5,187,13.0,0.06
07:37:17,"[88.83, 18]","[87.0, 48]","[101.0, 24]","[103.0, 48]",94.92,138,12.17,-0.04
07:37:18,"[89.0, 39]","[87.0, 104]","[101.0, 46]","[103.0, 104]",95.0,293,12.0,-0.02
07:37:19,"[89.73, 26]","[87.18, 51]","[101.0, 21]","[103.0, 56]",95.37,154,11.27,0.0
07:37:20,"[92.53, 34]","[91.78, 54]","[101.0, 18]","[103.0, 64]",96.76,170,8.47,0.04
07:37:21,"[94.0, 104]","[74.29, 51]","[102.43, 28]","[103.19, 79]",98.21,262,8.43,0.18
07:37:22,"[94.4, 85]","[44.77, 98]","[102.0, 55]","[103.0, 44]",98.2,282,7.6,0.3
07:37:23,"[96.36, 55]","[95.0, 88]","[101.0, 46]","[103.0, 41]",98.68,230,4.64,0.24
07:37:24,"[97.57, 35]","[95.0, 56]","[102.53, 17]","[194.54, 13]",100.05,121,4.96,0.5
07:37:25,"[99.68, 47]","[96.82, 44]","[103.0, 14]","[104.0, 14]",101.34,119,3.32,0.53
07:37:26,"[100.91, 58]","[99.0, 55]","[164.11, 27]","[220.0, 22]",132.51,162,63.2,0.4
07:37:27,"[104.46, 35]","[101.7, 27]","[244.76, 34]","[433.07, 28]",174.61,124,140.31,0.0
07:37:28,"[106.56, 45]","[105.23, 13]","[258.0, 36]","[435.31, 26]",182.28,120,151.44,-0.03
07:37:29,"[108.51, 35]","[107.52, 33]","[279.88, 34]","[456.75, 24]",194.2,126,171.37,0.08
07:37:30,"[110.53, 45]","[108.0, 75]","[279.51, 51]","[502.87, 46]",195.02,217,168.98,0.11
07:37:31,"[112.38, 26]","[108.0, 60]","[285.92, 37]","[297.43, 37]",199.15,160,173.53,0.07
07:37:32,"[114.0, 11]","[110.04, 47]","[256.0, 44]","[269.36, 33]",185.0,135,142.0,-0.14
07:37:33,"[112.0, 15]","[109.93, 28]","[255.64, 25]","[260.5, 24]",183.82,92,143.64,-0.07
07:37:34,"[112.0, 24]","[111.0, 24]","[238.83, 18]","[325.85, 26]",175.42,92,126.83,0.04
07:37:35,"[112.0, 36]","[111.0, 36]","[252.42, 31]","[329.72, 32]",182.21,135,140.42,0.07
07:37:36,"[112.0, 39]","[111.0, 39]","[249.0, 28]","[250.7, 37]",180.5,143,137.0,0.09
07:37:37,"[112.0, 30]","[111.0, 30]","[171.17, 24]","[190.44, 32]",141.58,116,59.17,0.03
07:37:38,"[112.0, 17]","[111.0, 27]","[115.58, 24]","[153.62, 21]",113.79,89,3.58,-0.01
07:37:39,"[112.11, 9]","[110.44, 41]","[114.45, 22]","[205.72, 25]",113.28,97,2.34,0.03
07:37:40,"[111.0, 10]","[110.0, 130]","[114.2, 20]","[245.62, 34]",112.6,194,3.2,0.44
07:37:41,"[111.0, 14]","[110.0, 185]","[113.43, 28]","[275.24, 41]",112.21,268,2.43,0.49
07:37:42,"[112.0, 76]","[111.0, 21]","[113.0, 18]","[401.0, 9]",112.5,124,1.0,0.56
07:37:43,"[112.0, 57]","[111.0, 55]","[285.0, 12]","[455.0, 11]",198.5,135,173.0,0.66
07:37:44,"[112.0, 45]","[111.0, 21]","[157.22, 9]","[274.89, 9]",134.61,84,45.22,0.57
07:37:45,"[112.0, 75]","[111.0, 145]","[174.36, 22]","[328.8, 30]",143.18,272,62.36,0.62
07:37:46,"[112.0, 25]","[111.0, 55]","[162.0, 25]","[164.0, 20]",137.0,125,50.0,0.28
07:37:47,"[112.0, 35]","[111.0, 77]","[162.0, 35]","[301.86, 7]",137.0,154,50.0,0.45
07:37:48,"[112.53, 15]","[111.34, 117]","[161.4, 75]","[215.72, 39]",136.97,246,48.87,0.07
07:37:49,"[111.53, 15]","[110.99, 89]","[161.0, 45]","[197.0, 36]",136.27,185,49.47,0.12
07:37:50,"[111.0, 30]","[110.0, 10]","[160.0, 50]","[302.8, 10]",135.5,100,49.0,-0.2
07:37:51,"[111.0, 33]","[110.0, 11]","[159.0, 55]","[308.41, 37]",135.0,136,48.0,-0.35
07:37:52,"[109.0, 15]","[108.0, 297]","[159.0, 45]","[370.78, 45]",134.0,402,50.0,0.55
07:37:53,"[109.35, 17]","[108.01, 310]","[156.88, 57]","[240.8, 49]",133.12,433,47.52,0.51
07:37:54,"[110.19, 48]","[108.09, 132]","[153.89, 27]","[154.15, 59]",132.04,266,43.7,0.35
07:37:55,"[111.13, 45]","[109.0, 15]","[140.67, 69]","[144.96, 52]",125.9,181,29.53,-0.34
07:37:56,"[112.0, 15]","[109.0, 9]","[131.98, 41]","[133.73, 37]",121.99,102,19.98,-0.53
07:37:57,"[108.08, 248]","[106.47, 32]","[129.28, 61]","[129.82, 38]",118.68,379,21.2,0.48
07:37:58,"[108.0, 360]","[106.0, 39]","[124.79, 42]","[126.6, 47]",116.39,488,16.79,0.64
07:37:59,"[108.0, 270]","[106.3, 30]","[118.38, 37]","[118.48, 21]",113.19,358,10.38,0.68
07:38:00,"[108.0, 297]","[106.0, 33]","[112.2, 35]","[114.61, 31]",110.1,396,4.2,0.67
07:38:01,"[107.69, 343]","[106.38, 94]","[111.5, 54]","[112.13, 46]",109.59,537,3.81,0.63
07:38:02,"[106.0, 302]","[103.0, 39]","[109.0, 39]","[112.0, 65]",107.5,445,3.0,0.53
07:38:03,"[106.0, 199]","[103.0, 36]","[108.19, 26]","[160.44, 43]",107.1,304,2.19,0.55
07:38:04,"[107.54, 105]","[105.6, 135]","[113.93, 29]","[235.51, 63]",110.74,332,6.39,0.45
07:38:05,"[112.0, 35]","[106.94, 128]","[240.54, 37]","[356.24, 54]",176.27,254,128.54,0.28
07:38:06,"[111.04, 73]","[106.08, 201]","[178.44, 54]","[252.1, 42]",144.74,370,67.4,0.48
07:38:07,"[111.0, 30]","[105.0, 182]","[153.12, 50]","[160.06, 34]",132.06,296,42.12,0.43
07:38:08,"[105.15, 78]","[104.76, 50]","[151.44, 36]","[188.33, 24]",128.3,188,46.29,0.36
07:38:09,"[110.8, 50]","[105.75, 76]","[150.0, 32]","[187.5, 48]",130.4,206,39.2,0.22
07:38:10,"[108.0, 42]","[105.0, 154]","[151.53, 53]","[172.53, 38]",129.76,287,43.53,0.37
07:38:11,"[105.35, 102]","[104.66, 53]","[149.54, 52]","[151.0, 52]",127.45,259,44.19,0.2
07:38:12,"[105.0, 120]","[103.0, 12]","[146.42, 48]","[151.0, 48]",125.71,228,41.42,0.16
07:38:13,"[104.84, 76]","[99.76, 37]","[143.23, 52]","[145.46, 52]",124.04,217,38.39,0.04
07:38:14,"[105.01, 94]","[102.69, 26]","[141.29, 68]","[143.24, 68]",123.15,256,36.28,-0.06
07:38:15,"[106.0, 33]","[105.0, 66]","[136.91, 44]","[138.27, 44]",121.45,187,30.91,0.06
07:38:16,"[110.03, 32]","[107.3, 37]","[133.64, 56]","[134.64, 56]",121.84,181,23.61,-0.24
07:38:17,"[113.86, 42]","[112.0, 14]","[130.36, 56]","[131.5, 56]",122.11,168,16.5,-0.33
07:38:18,"[114.0, 33]","[112.0, 11]","[127.0, 44]","[128.0, 44]",120.5,132,13.0,-0.33
07:38:19,"[114.0, 27]","[112.0, 9]","[126.44, 36]","[128.0, 36]",120.22,108,12.44,-0.33
07:38:20,"[114.0, 45]","[112.0, 15]","[123.05, 65]","[124.41, 61]",118.52,186,9.05,-0.35
07:38:21,"[114.0, 22]","[112.0, 14]","[119.14, 70]","[121.0, 56]",116.57,162,5.14,-0.56
07:38:22,"[114.0, 11]","[112.0, 11]","[118.69, 51]","[120.17, 48]",116.34,121,4.69,-0.64
07:38:23,"[113.06, 16]","[111.05, 21]","[115.74, 58]","[117.26, 65]",114.4,160,2.68,-0.54
07:38:24,"[109.25, 65]","[108.02, 97]","[111.52, 52]","[114.64, 67]",110.38,281,2.27,0.15
07:38:25,"[106.54, 78]","[104.58, 38]","[109.54, 13]","[114.79, 57]",108.04,186,3.0,0.25
07:38:26,"[105.92, 175]","[104.68, 19]","[112.22, 23]","[159.56, 27]",109.07,244,6.3,0.59
07:38:27,"[106.27, 173]","[105.96, 191]","[114.68, 95]","[205.38, 74]",110.48,533,8.42,0.37
07:38:28,"[108.0, 20]","[107.0, 20]","[113.3, 50]","[240.7, 50]",110.65,140,5.3,-0.43
07:38:29,"[108.0, 30]","[106.04, 139]","[111.9, 50]","[240.0, 50]",109.95,269,3.9,0.26
07:38:30,"[108.0, 54]","[106.0, 302]","[110.0, 70]","[243.69, 52]",109.0,478,2.0,0.49
07:38:31,"[108.0, 68]","[106.0, 391]","[109.94, 85]","[126.0, 34]",108.97,578,1.94,0.59
07:38:32,"[106.09, 169]","[105.6, 53]","[121.33, 24]","[215.09, 11]",113.71,257,15.24,0.73
07:38:33,"[106.0, 276]","[103.0, 12]","[152.42, 36]","[280.71, 42]",129.21,366,46.42,0.57
07:38:34,"[106.42, 198]","[105.86, 169]","[150.0, 27]","[217.92, 51]",128.21,445,43.58,0.65
07:38:35,"[106.3, 121]","[105.8, 74]","[145.25, 16]","[162.38, 16]",125.77,227,38.95,0.72
07:38:36,"[106.0, 142]","[103.0, 8]","[144.5, 24]","[188.28, 29]",125.25,203,38.5,0.48
07:38:37,"[107.49, 72]","[106.52, 94]","[142.93, 42]","[183.0, 56]",125.21,264,35.44,0.26
07:38:38,"[112.92, 39]","[111.97, 31]","[140.0, 33]","[260.57, 28]",126.46,131,27.08,0.07
07:38:39,"[113.0, 27]","[112.0, 27]","[139.11, 27]","[381.0, 45]",126.06,126,26.11,-0.14
07:38:40,"[113.0, 27]","[112.0, 27]","[135.68, 19]","[236.62, 21]",124.34,94,22.68,0.15
07:38:41,"[113.0, 27]","[111.91, 23]","[137.0, 27]","[352.0, 9]",125.0,86,24.0,0.16
07:38:42,"[111.23, 64]","[108.24, 203]","[137.0, 42]","[373.8, 25]",124.12,334,25.77,0.6
07:38:43,"[112.93, 14]","[111.0, 98]","[134.88, 40]","[268.14, 22]",123.9,174,21.95,0.29
07:38:44,"[113.0, 12]","[111.0, 120]","[131.86, 22]","[133.54, 24]",122.43,178,18.86,0.48
07:38:45,"[111.22, 69]","[107.4, 178]","[115.79, 19]","[117.43, 21]",113.5,287,4.57,0.72
07:38:46,"[111.0, 104]","[106.42, 167]","[112.15, 39]","[114.0, 13]",111.58,323,1.15,0.68
07:38:47,"[111.0, 75]","[108.0, 84]","[112.36, 22]","[317.33, 12]",111.68,193,1.36,0.65
07:38:48,"[111.0, 95]","[108.0, 108]","[112.33, 15]","[223.51, 35]",111.67,253,1.33,0.6
07:38:49,"[111.0, 55]","[108.0, 96]","[239.17, 12]","[429.66, 56]",175.08,219,128.17,0.38
07:38:50,"[108.15, 40]","[106.09, 170]","[500.81, 26]","[548.07, 30]",304.48,266,392.66,0.58
07:38:51,"[108.0, 44]","[106.0, 198]","[294.68, 19]","[373.87, 39]",201.34,300,186.68,0.61
07:38:52,"[108.0, 56]","[106.0, 252]","[175.56, 34]","[388.33, 30]",141.78,372,67.56,0.66
07:38:53,"[106.74, 54]","[105.8, 100]","[148.0, 7]","[353.11, 18]",127.37,179,41.26,0.72
07:38:54,"[107.28, 50]","[105.92, 132]","[146.2, 40]","[148.0, 10]",126.74,232,38.92,0.57
07:38:55,"[110.0, 12]","[109.0, 27]","[144.89, 36]","[147.0, 12]",127.44,87,34.89,-0.1
07:38:56,"[110.0, 10]","[109.0, 30]","[142.49, 37]","[144.0, 40]",126.24,117,32.49,-0.32
07:38:57,"[110.0, 8]","[109.0, 24]","[139.5, 32]","[141.0, 32]",124.75,96,29.5,-0.33
07:38:58,"[110.0, 15]","[109.0, 45]","[137.4, 60]","[141.0, 60]",123.7,180,27.4,-0.33
07:38:59,"[109.27, 11]","[106.33, 81]","[134.45, 44]","[135.45, 44]",121.86,180,25.18,0.02
07:39:00,"[109.75, 12]","[106.11, 84]","[132.25, 48]","[133.83, 48]",121.0,192,22.5,0.0
07:39:01,"[112.0, 12]","[109.0, 12]","[129.67, 48]","[131.0, 48]",120.83,120,17.67,-0.6
07:39:02,"[112.0, 30]","[109.0, 10]","[128.2, 40]","[131.0, 40]",120.1,120,16.2,-0.33
07:39:03,"[111.81, 32]","[107.07, 28]","[126.12, 33]","[127.0, 48]",118.97,141,14.31,-0.15
07:39:04,"[109.0, 9]","[106.0, 81]","[122.3, 33]","[123.41, 27]",115.65,150,13.3,0.2
07:39:05,"[109.0, 8]","[106.0, 72]","[120.04, 23]","[120.75, 32]",114.52,135,11.04,0.19
07:39:06,"[107.06, 102]","[105.41, 102]","[116.09, 33]","[116.69, 39]",111.57,276,9.03,0.48
07:39:07,"[108.0, 76]","[106.0, 80]","[109.6, 47]","[110.63, 41]",108.8,244,1.6,0.28
07:39:08,"[106.35, 62]","[105.1, 89]","[108.37, 41]","[128.45, 22]",107.36,214,2.01,0.41
07:39:09,"[106.0, 65]","[104.0, 55]","[107.06, 17]","[119.18, 11]",106.53,148,1.06,0.62
07:39:10,"[106.0, 65]","[104.0, 65]","[190.84, 31]","[329.73, 22]",148.42,183,84.84,0.42
07:39:11,"[108.59, 27]","[104.67, 30]","[200.86, 21]","[379.4, 15]",154.72,93,92.26,0.23
07:39:12,"[107.67, 18]","[105.17, 24]","[174.46, 13]","[205.8, 15]",141.06,70,66.79,0.2
07:39:13,"[108.24, 21]","[106.22, 18]","[126.0, 9]","[488.71, 17]",117.12,65,17.76,0.2
07:39:14,"[108.9, 42]","[107.67, 24]","[126.0, 12]","[286.46, 26]",117.45,104,17.1,0.27
07:39:15,"[104.31, 87]","[103.39, 36]","[227.28, 18]","[362.03, 34]",165.79,175,122.97,0.41
07:39:16,"[104.0, 133]","[85.37, 43]","[307.14, 28]","[384.29, 7]",205.57,211,203.14,0.67
07:39:17,"[104.0, 90]","[83.8, 20]","[288.0, 24]","[326.0, 6]",196.0,140,184.0,0.57
07:39:18,"[108.3, 33]","[106.16, 25]","[288.0, 24]","[641.0, 6]",198.15,88,179.7,0.32
07:39:19,"[112.0, 20]","[111.0, 10]","[159.75, 16]","[327.22, 9]",135.88,55,47.75,0.09
07:39:20,"[112.0, 24]","[111.0, 12]","[116.11, 18]","[545.67, 12]",114.06,66,4.11,0.09
07:39:21,"[111.97, 33]","[110.88, 17]","[114.33, 36]","[117.0, 9]",113.15,95,2.36,0.05
07:39:22,"[111.0, 5]","[109.0, 5]","[113.05, 19]","[115.0, 8]",112.03,37,2.05,-0.46
07:39:23,"[110.05, 37]","[106.5, 30]","[408.49, 43]","[651.76, 37]",259.27,147,298.43,-0.09
07:39:24,"[110.52, 25]","[109.6, 10]","[347.0, 21]","[348.0, 28]",228.76,84,236.48,-0.17
07:39:25,"[111.25, 104]","[110.58, 71]","[345.47, 51]","[411.0, 68]",228.36,294,234.22,0.19
07:39:26,"[111.33, 36]","[108.49, 86]","[345.0, 24]","[411.0, 32]",228.17,178,233.67,0.37
07:39:27,"[111.0, 48]","[108.0, 96]","[280.36, 22]","[397.15, 27]",195.68,193,169.36,0.49
07:39:28,"[111.0, 78]","[109.0, 104]","[155.76, 38]","[184.15, 34]",133.38,254,44.76,0.43
07:39:29,"[111.0, 60]","[109.0, 80]","[165.54, 26]","[166.71, 14]",138.27,180,54.54,0.56
07:39:30,"[111.0, 18]","[109.0, 64]","[165.0, 24]","[166.0, 8]",138.0,114,54.0,0.44
07:39:31,"[111.0, 12]","[109.0, 96]","[162.29, 34]","[164.93, 14]",136.65,156,51.29,0.38
07:39:32,"[111.0, 4]","[109.0, 32]","[159.75, 4]","[324.2, 15]",135.38,55,48.75,0.31
07:39:33,"[111.0, 4]","[109.0, 32]","[157.5, 4]","[276.29, 7]",134.25,47,46.5,0.53
07:39:34,"[111.63, 19]","[109.13, 60]","[155.0, 11]","[157.0, 11]",133.32,101,43.37,0.56
07:39:35,"[112.4, 50]","[111.6, 25]","[133.61, 23]","[135.95, 39]",123.0,137,21.21,0.09
07:39:36,"[112.06, 54]","[109.7, 57]","[125.42, 24]","[128.33, 18]",118.74,153,13.36,0.45
07:39:37,"[111.0, 11]","[109.0, 88]","[123.84, 25]","[124.37, 19]",117.42,143,12.84,0.38
07:39:38,"[111.0, 12]","[109.43, 56]","[120.25, 12]","[123.53, 30]",115.62,110,9.25,0.24
07:39:39,"[109.09, 44]","[108.15, 78]","[115.71, 14]","[116.67, 12]",112.4,148,6.62,0.65
07:39:40,"[108.36, 64]","[107.04, 115]","[112.6, 10]","[114.0, 30]",110.48,219,4.24,0.63
07:39:41,"[108.0, 70]","[106.0, 110]","[110.31, 16]","[113.71, 14]",109.16,210,2.31,0.71
07:39:42,"[109.0, 56]","[106.11, 105]","[219.45, 33]","[309.76, 51]",164.23,245,110.45,0.31
07:39:43,"[112.0, 77]","[108.0, 33]","[207.97, 35]","[234.49, 41]",159.99,186,95.97,0.18
07:39:44,"[112.0, 63]","[108.0, 27]","[231.56, 27]","[232.78, 27]",171.78,144,119.56,0.25
07:39:45,"[112.0, 56]","[108.0, 24]","[156.73, 26]","[161.09, 32]",134.37,138,44.73,0.16
07:39:46,"[112.0, 82]","[108.0, 30]","[118.0, 30]","[149.1, 50]",115.0,192,6.0,0.17
07:39:47,"[112.0, 117]","[108.0, 25]","[115.45, 33]","[117.18, 33]",113.73,208,3.45,0.37
07:39:48,"[112.0, 90]","[108.12, 33]","[136.12, 41]","[281.45, 55]",124.06,219,24.12,0.12
07:39:49,"[108.0, 36]","[104.68, 50]","[312.18, 44]","[383.88, 42]",210.09,172,204.18,0.0
07:39:50,"[110.0, 26]","[106.0, 40]","[288.17, 24]","[480.19, 21]",199.08,111,178.17,0.19
07:39:51,"[110.0, 24]","[106.0, 32]","[269.0, 20]","[384.0, 16]",189.5,92,159.0,0.22
07:39:52,"[110.38, 16]","[109.24, 45]","[473.41, 34]","[721.89, 38]",291.89,133,363.04,-0.08
07:39:53,"[110.0, 16]","[108.0, 4]","[686.5, 12]","[688.0, 20]",398.25,52,576.5,-0.23
07:39:54,"[110.0, 40]","[108.0, 10]","[187.22, 32]","[239.34, 32]",148.61,114,77.22,-0.12
07:39:55,"[110.0, 32]","[108.0, 8]","[132.38, 24]","[134.0, 24]",121.19,88,22.38,-0.09
07:39:56,"[110.0, 40]","[108.96, 73]","[130.3, 30]","[132.2, 30]",120.15,173,20.3,0.31
07:39:57,"[109.28, 39]","[108.95, 84]","[127.17, 36]","[128.75, 36]",118.22,195,17.88,0.26
07:39:58,"[109.63, 38]","[108.91, 23]","[125.6, 15]","[127.0, 15]",117.62,91,15.97,0.34
07:39:59,"[111.52, 23]","[110.74, 82]","[124.67, 27]","[126.33, 27]",118.09,159,13.14,0.32
07:40:00,"[113.82, 28]","[111.53, 17]","[123.7, 30]","[124.7, 30]",118.76,105,9.88,-0.14
07:40:01,"[112.0, 11]","[111.0, 88]","[123.0, 33]","[124.0, 33]",117.5,165,11.0,0.2
07:40:02,"[109.65, 62]","[108.85, 41]","[120.45, 33]","[122.09, 33]",115.05,169,10.81,0.22
07:40:03,"[109.0, 67]","[108.0, 10]","[116.9, 30]","[119.2, 30]",112.95,137,7.9,0.12
07:40:04,"[109.75, 16]","[108.94, 17]","[116.0, 15]","[119.0, 15]",112.88,63,6.25,0.05
07:40:05,"[110.31, 39]","[109.0, 52]","[118.54, 39]","[387.4, 50]",114.42,180,8.23,0.01
07:40:06,"[111.0, 39]","[109.0, 52]","[116.1, 49]","[234.15, 46]",113.55,186,5.1,-0.02
07:40:07,"[111.0, 22]","[109.0, 32]","[113.03, 32]","[114.53, 32]",112.02,118,2.03,-0.08
07:40:08,"[109.0, 32]","[107.43, 21]","[111.25, 40]","[677.75, 32]",110.12,125,2.25,-0.15
07:40:09,"[109.0, 26]","[108.0, 24]","[110.6, 25]","[154.78, 37]",109.8,112,1.6,-0.11
07:40:10,"[108.91, 22]","[107.91, 44]","[110.2, 25]","[121.0, 54]",109.55,145,1.29,-0.09
07:40:11,"[106.08, 25]","[101.97, 58]","[109.32, 25]","[459.61, 36]",107.7,144,3.24,0.15
07:40:12,"[104.0, 60]","[89.25, 56]","[206.35, 37]","[366.23, 44]",155.18,197,102.35,0.18
07:40:13,"[108.99, 87]","[102.47, 47]","[135.0, 30]","[137.0, 40]",121.99,204,26.01,0.31
07:40:14,"[110.29, 42]","[109.55, 74]","[135.0, 30]","[305.9, 40]",122.64,186,24.71,0.25
07:40:15,"[110.0, 64]","[109.0, 8]","[127.4, 20]","[286.43, 28]",118.7,120,17.4,0.2
07:40:16,"[110.0, 67]","[109.0, 9]","[131.6, 25]","[338.7, 20]",120.8,121,21.6,0.26
07:40:17,"[111.0, 10]","[110.0, 30]","[132.4, 30]","[270.75, 32]",121.7,102,21.4,-0.22
07:40:18,"[111.0, 17]","[110.0, 24]","[129.75, 24]","[188.5, 32]",120.38,97,18.75,-0.15
07:40:19,"[111.41, 17]","[110.96, 76]","[128.62, 24]","[233.0, 32]",120.02,149,17.21,0.25
07:40:20,"[112.0, 10]","[111.0, 90]","[126.3, 30]","[389.1, 40]",119.15,170,14.3,0.18
07:40:21,"[112.0, 7]","[111.0, 63]","[124.0, 21]","[659.8, 20]",118.0,111,12.0,0.26
07:40:22,"[112.92, 13]","[111.15, 53]","[122.31, 39]","[327.27, 22]",117.62,127,9.38,0.04
07:40:23,"[114.0, 10]","[112.0, 10]","[121.7, 30]","[418.3, 10]",117.85,60,7.7,-0.33
07:40:24,"[114.0, 13]","[112.0, 13]","[120.31, 39]","[259.0, 13]",117.15,78,6.31,-0.33
07:40:25,"[111.15, 79]","[110.42, 19]","[118.11, 27]","[199.0, 13]",114.63,138,6.96,0.42
07:40:26,"[111.0, 123]","[110.0, 27]","[117.0, 27]","[230.0, 45]",114.0,222,6.0,0.35
07:40:27,"[111.0, 108]","[110.0, 27]","[117.0, 27]","[121.8, 41]",114.0,203,6.0,0.33
07:40:28,"[111.0, 168]","[110.0, 50]","[116.5, 42]","[246.68, 37]",113.75,297,5.5,0.47
07:40:29,"[111.0, 31]","[110.0, 9]","[116.0, 9]","[128.0, 3]",113.5,52,5.0,0.54
07:40:30,"[111.48, 54]","[110.74, 47]","[115.29, 21]","[120.2, 15]",113.38,137,3.8,0.47
07:40:31,"[111.53, 43]","[108.88, 41]","[114.43, 23]","[182.79, 19]",112.98,126,2.9,0.33
07:40:32,"[111.33, 24]","[110.1, 40]","[163.4, 10]","[530.31, 39]",137.37,113,52.07,0.13
07:40:33,"[111.0, 28]","[110.0, 42]","[267.12, 17]","[358.12, 48]",189.06,135,156.12,0.04
07:40:34,"[111.17, 12]","[110.21, 19]","[249.0, 11]","[335.31, 29]",180.08,71,137.83,-0.13
07:40:35,"[112.58, 19]","[111.59, 34]","[172.77, 43]","[339.21, 38]",142.67,134,60.19,-0.21
07:40:36,"[114.0, 8]","[111.0, 16]","[167.58, 38]","[305.18, 22]",140.79,84,53.58,-0.43
07:40:37,"[114.0, 10]","[111.0, 20]","[265.77, 26]","[292.28, 29]",189.88,85,151.77,-0.29
07:40:38,"[111.27, 11]","[109.71, 21]","[257.0, 20]","[259.3, 20]",184.14,72,145.73,-0.11
07:40:39,"[109.31, 13]","[107.44, 39]","[251.38, 48]","[254.82, 34]",180.34,134,142.07,-0.22
07:40:40,"[105.48, 25]","[100.7, 37]","[249.6, 40]","[256.0, 20]",177.54,122,144.12,0.02
07:40:41,"[105.43, 28]","[104.0, 112]","[247.24, 34]","[248.96, 50]",176.33,224,141.81,0.25
07:40:42,"[106.27, 37]","[102.46, 78]","[233.56, 34]","[244.84, 43]",169.91,192,127.29,0.2
07:40:43,"[108.0, 14]","[104.12, 34]","[178.43, 21]","[214.55, 11]",143.21,80,70.43,0.2
07:40:44,"[108.0, 26]","[104.0, 65]","[157.11, 38]","[160.79, 38]",132.55,167,49.11,0.09
07:40:45,"[108.0, 30]","[104.0, 75]","[152.67, 43]","[154.5, 40]",130.34,188,44.67,0.12
07:40:46,"[112.0, 30]","[108.47, 34]","[138.32, 41]","[150.06, 34]",125.16,139,26.32,-0.08
07:40:47,"[111.22, 46]","[109.65, 68]","[131.63, 41]","[133.93, 30]",121.43,185,20.42,0.23
07:40:48,"[110.0, 62]","[108.0, 28]","[127.96, 25]","[128.84, 37]",118.98,152,17.96,0.18
07:40:49,"[110.0, 39]","[108.0, 26]","[124.25, 24]","[125.77, 22]",117.12,111,14.25,0.17
07:40:50,"[110.75, 24]","[109.64, 22]","[120.45, 20]","[121.25, 16]",115.6,82,9.7,0.12
07:40:51,"[111.0, 30]","[110.0, 30]","[115.29, 24]","[117.62, 21]",113.15,105,4.29,0.14
07:40:52,"[111.0, 21]","[110.0, 21]","[112.75, 12]","[113.85, 13]",111.88,67,1.75,0.25
07:40:53,"[111.0, 11]","[110.0, 27]","[112.8, 10]","[113.96, 25]",111.9,73,1.8,0.04
07:40:54,"[110.28, 18]","[109.61, 28]","[317.19, 32]","[395.9, 42]",213.73,120,206.91,-0.23
07:40:55,"[95.75, 28]","[93.4, 70]","[271.0, 40]","[578.0, 24]",183.38,162,175.25,0.21
07:40:56,"[102.16, 19]","[88.31, 121]","[262.18, 49]","[322.65, 55]",182.17,244,160.03,0.15
07:40:57,"[86.92, 71]","[36.85, 137]","[309.47, 32]","[372.46, 48]",198.19,288,222.55,0.44
07:40:58,"[90.87, 60]","[82.68, 107]","[232.84, 37]","[278.17, 35]",161.85,239,141.97,0.4
07:40:59,"[103.49, 59]","[99.5, 92]","[158.09, 33]","[173.91, 33]",130.79,217,54.6,0.39
07:41:00,"[107.68, 91]","[106.48, 109]","[164.4, 45]","[167.0, 45]",136.04,290,56.72,0.38
07:41:01,"[108.25, 158]","[107.55, 155]","[161.47, 43]","[162.79, 47]",134.86,403,53.21,0.55
07:41:02,"[111.05, 19]","[108.82, 73]","[149.58, 45]","[153.92, 38]",130.32,175,38.53,0.05
07:41:03,"[112.0, 48]","[109.0, 36]","[133.44, 25]","[134.4, 20]",122.72,129,21.44,0.3
07:41:04,"[112.0, 134]","[111.0, 70]","[129.9, 42]","[131.12, 33]",120.95,279,17.9,0.46
07:41:05,"[112.0, 80]","[111.0, 90]","[121.28, 25]","[125.5, 30]",116.64,225,9.28,0.51
07:41:06,"[112.0, 69]","[111.0, 108]","[118.57, 28]","[121.91, 32]",115.29,237,6.57,0.49
07:41:07,"[112.0, 35]","[111.0, 63]","[117.47, 15]","[119.75, 20]",114.73,133,5.47,0.47
07:41:08,"[112.0, 70]","[111.0, 154]","[115.18, 33]","[116.62, 37]",113.59,294,3.18,0.52
07:41:09,"[111.02, 111]","[108.38, 104]","[150.74, 31]","[390.2, 41]",130.88,287,39.72,0.5
07:41:10,"[111.0, 30]","[108.07, 58]","[320.18, 34]","[365.45, 33]",215.59,155,209.18,0.14
07:41:11,"[111.0, 24]","[110.0, 80]","[448.62, 24]","[555.42, 26]",279.81,154,337.62,0.35
07:41:12,"[111.0, 21]","[110.0, 70]","[515.31, 26]","[569.96, 23]",313.15,140,404.31,0.3
07:41:13,"[111.18, 22]","[110.17, 72]","[159.9, 40]","[469.43, 28]",135.54,162,48.72,0.16
07:41:14,"[111.04, 28]","[110.03, 93]","[121.68, 25]","[194.62, 29]",116.36,175,10.64,0.38
07:41:15,"[111.0, 15]","[110.0, 50]","[120.0, 5]","[122.0, 20]",115.5,90,9.0,0.44
07:41:16,"[111.0, 31]","[110.0, 110]","[120.0, 11]","[122.0, 44]",115.5,196,9.0,0.44
07:41:17,"[111.0, 24]","[110.0, 120]","[118.67, 12]","[239.69, 54]",114.83,210,7.67,0.37
07:41:18,"[110.03, 65]","[108.25, 80]","[114.62, 8]","[116.0, 8]",112.33,161,4.59,0.8
07:41:19,"[110.0, 108]","[108.0, 120]","[111.92, 12]","[330.0, 21]",110.96,261,1.92,0.75
07:41:20,"[110.0, 83]","[108.33, 90]","[261.88, 33]","[452.66, 38]",185.94,244,151.88,0.42
07:41:21,"[110.0, 42]","[109.0, 40]","[123.05, 22]","[200.36, 11]",116.52,115,13.05,0.43
07:41:22,"[110.0, 50]","[109.0, 50]","[122.0, 30]","[226.13, 30]",116.0,160,12.0,0.25
07:41:23,"[110.0, 55]","[109.0, 55]","[120.09, 33]","[153.36, 22]",115.05,165,10.09,0.33
07:41:24,"[110.18, 66]","[108.65, 62]","[118.43, 42]","[121.63, 41]",114.31,211,8.25,0.21
07:41:25,"[110.0, 65]","[108.62, 32]","[114.77, 43]","[223.55, 47]",112.38,187,4.77,0.04
07:41:26,"[110.0, 35]","[109.0, 14]","[111.86, 21]","[114.0, 35]",110.93,105,1.86,-0.07
07:41:27,"[110.0, 18]","[109.0, 18]","[114.0, 45]","[441.0, 36]",112.0,117,4.0,-0.38
07:41:28,"[110.0, 28]","[109.0, 28]","[112.57, 70]","[472.91, 33]",111.29,159,2.57,-0.3
07:41:29,"[109.86, 14]","[108.92, 13]","[111.0, 35]","[419.0, 25]",110.43,87,1.14,-0.38
07:41:30,"[109.0, 14]","[108.0, 35]","[111.0, 25]","[147.0, 14]",110.0,88,2.0,0.11
07:41:31,"[108.14, 58]","[106.47, 86]","[109.97, 34]","[188.31, 32]",109.05,210,1.83,0.37
07:41:32,"[108.0, 11]","[106.0, 56]","[130.06, 16]","[189.68, 25]",119.03,108,22.06,0.24
07:41:33,"[106.36, 22]","[105.81, 31]","[191.0, 14]","[480.67, 30]",148.68,97,84.64,0.09
07:41:34,"[106.0, 30]","[104.0, 5]","[191.0, 10]","[434.0, 25]",148.5,70,85.0,0.0
07:41:35,"[109.38, 130]","[106.0, 16]","[191.0, 22]","[327.59, 17]",150.19,185,81.62,0.58
07:41:36,"[110.0, 128]","[108.0, 12]","[191.0, 12]","[369.0, 6]",150.5,158,81.0,0.77
07:41:37,"[110.0, 80]","[108.0, 10]","[316.5, 8]","[452.78, 9]",213.25,107,206.5,0.68
07:41:38,"[111.88, 41]","[110.75, 60]","[263.29, 14]","[442.75, 16]",187.58,131,151.41,0.54
07:41:39,"[111.75, 60]","[110.8, 150]","[367.69, 32]","[405.84, 19]",239.72,261,255.94,0.61
07:41:40,"[113.0, 15]","[111.56, 61]","[367.0, 15]","[374.0, 6]",240.0,97,254.0,0.57
07:41:41,"[112.02, 153]","[111.16, 107]","[365.09, 33]","[373.0, 11]",238.56,304,253.07,0.71
07:41:42,"[112.0, 90]","[111.0, 54]","[338.53, 17]","[449.2, 10]",225.26,171,226.53,0.68
07:41:43,"[113.06, 102]","[111.87, 138]","[298.77, 26]","[383.57, 21]",205.91,287,185.71,0.67
07:41:44,"[114.0, 72]","[112.06, 96]","[240.25, 28]","[311.67, 21]",177.12,217,126.25,0.55
07:41:45,"[114.0, 69]","[112.0, 150]","[225.0, 30]","[353.87, 30]",169.5,279,111.0,0.57
07:41:46,"[114.0, 36]","[112.0, 180]","[222.85, 41]","[231.98, 41]",168.43,298,108.85,0.45
07:41:47,"[114.0, 36]","[112.0, 180]","[186.61, 28]","[202.37, 30]",150.3,274,72.61,0.58
07:41:48,"[114.0, 39]","[112.0, 203]","[174.41, 27]","[179.91, 45]",144.2,314,60.41,0.54
07:41:49,"[114.0, 36]","[112.0, 204]","[175.33, 45]","[178.89, 37]",144.67,322,61.33,0.49
07:41:50,"[112.34, 143]","[111.62, 220]","[173.51, 35]","[175.1, 40]",142.92,438,61.18,0.66
07:41:51,"[112.0, 35]","[111.0, 168]","[157.95, 38]","[158.88, 32]",134.97,273,45.95,0.49
07:41:52,"[112.0, 20]","[111.0, 96]","[120.0, 8]","[122.0, 32]",116.0,156,8.0,0.49
07:41:53,"[112.0, 9]","[111.0, 78]","[118.73, 11]","[151.61, 33]",115.36,131,6.73,0.33
07:41:54,"[111.75, 16]","[110.82, 73]","[114.75, 36]","[116.44, 27]",113.25,152,3.0,0.17
07:41:55,"[110.06, 89]","[109.69, 35]","[112.94, 16]","[116.67, 18]",111.5,158,2.88,0.57
07:41:56,"[110.0, 72]","[109.0, 8]","[114.1, 10]","[166.63, 19]",112.05,109,4.1,0.47
07:41:57,"[110.0, 99]","[109.0, 11]","[115.11, 27]","[135.29, 28]",112.56,165,5.11,0.33
07:41:58,"[110.0, 54]","[109.0, 6]","[111.33, 12]","[113.0, 18]",110.67,90,1.33,0.33
07:41:59,"[110.0, 88]","[109.0, 14]","[113.0, 42]","[361.3, 44]",111.5,188,3.0,0.09
07:42:00,"[110.0, 54]","[109.0, 9]","[113.0, 27]","[266.9, 29]",111.5,119,3.0,0.06
07:42:01,"[110.0, 30]","[109.0, 8]","[112.75, 24]","[359.75, 24]",111.38,86,2.75,-0.12
07:42:02,"[110.08, 12]","[109.29, 7]","[112.0, 18]","[497.0, 18]",111.04,55,1.92,-0.31
07:42:03,"[111.0, 12]","[110.0, 18]","[438.45, 29]","[569.52, 29]",274.72,88,327.45,-0.32
07:42:04,"[111.0, 22]","[110.0, 22]","[120.87, 23]","[177.46, 37]",115.93,104,9.87,-0.15
07:42:05,"[111.19, 16]","[110.16, 19]","[117.82, 33]","[121.0, 22]",114.5,90,6.63,-0.22
07:42:06,"[111.0, 113]","[110.0, 18]","[116.92, 26]","[120.37, 19]",113.96,176,5.92,0.49
07:42:07,"[111.0, 154]","[110.0, 22]","[115.0, 22]","[117.0, 33]",113.0,231,4.0,0.52
07:42:08,"[111.0, 107]","[110.0, 16]","[113.62, 16]","[115.0, 16]",112.31,155,2.62,0.59
07:42:09,"[111.0, 169]","[110.0, 26]","[114.0, 47]","[115.62, 29]",112.5,271,3.0,0.44
07:42:10,"[111.0, 166]","[110.0, 26]","[113.0, 65]","[115.0, 26]",112.0,283,2.0,0.36
07:42:11,"[111.0, 50]","[110.0, 10]","[112.0, 25]","[115.0, 10]",111.5,95,1.0,0.26
07:42:12,"[111.0, 73]","[110.0, 24]","[151.64, 45]","[510.6, 40]",131.32,182,40.64,0.07
07:42:13,"[111.0, 24]","[110.0, 16]","[294.44, 18]","[645.67, 30]",202.72,88,183.44,-0.09
07:42:14,"[109.67, 9]","[108.29, 14]","[397.86, 28]","[515.0, 14]",253.76,65,288.19,-0.29
07:42:15,"[106.3, 20]","[102.83, 29]","[405.75, 32]","[524.0, 16]",256.02,97,299.45,0.01
07:42:16,"[108.93, 67]","[106.76, 42]","[349.62, 39]","[460.07, 30]",229.27,178,240.69,0.22
07:42:17,"[111.28, 50]","[109.71, 84]","[189.71, 17]","[239.7, 40]",150.49,191,78.43,0.4
07:42:18,"[112.0, 28]","[110.0, 54]","[197.78, 18]","[310.42, 24]",154.89,124,85.78,0.32
07:42:19,"[112.0, 18]","[110.0, 54]","[182.8, 10]","[261.4, 25]",147.4,107,70.8,0.35
07:42:20,"[110.67, 36]","[109.33, 72]","[310.3, 23]","[454.62, 32]",210.49,163,199.64,0.33
07:42:21,"[110.89, 27]","[109.23, 52]","[215.96, 27]","[304.67, 27]",163.43,133,105.07,0.19
07:42:22,"[108.66, 44]","[108.06, 66]","[216.0, 32]","[236.86, 14]",162.33,156,107.34,0.41
07:42:23,"[109.0, 16]","[108.0, 124]","[179.23, 26]","[312.29, 14]",144.12,180,70.23,0.56
07:42:24,"[109.0, 16]","[108.0, 152]","[162.0, 50]","[436.75, 8]",135.5,226,53.0,0.49
07:42:25,"[108.05, 171]","[107.48, 103]","[120.89, 47]","[150.21, 39]",114.47,360,12.85,0.52
07:42:26,"[108.0, 129]","[106.0, 27]","[109.0, 36]","[159.67, 18]",108.5,210,1.0,0.49
07:42:27,"[108.0, 65]","[106.0, 15]","[109.0, 20]","[213.0, 5]",108.5,105,1.0,0.52
07:42:28,"[108.0, 78]","[106.0, 18]","[109.0, 18]","[395.75, 12]",108.5,126,1.0,0.52
07:42:29,"[108.57, 74]","[107.46, 39]","[495.67, 9]","[627.11, 27]",302.12,149,387.1,0.52
07:42:30,"[113.0, 20]","[109.83, 41]","[381.0, 7]","[550.14, 21]",247.0,89,268.0,0.37
07:42:31,"[111.0, 32]","[107.88, 51]","[376.26, 19]","[474.67, 9]",243.63,111,265.26,0.5
07:42:32,"[111.0, 20]","[106.0, 15]","[366.6, 15]","[697.8, 5]",238.8,55,255.6,0.27
07:42:33,"[111.0, 32]","[106.0, 24]","[257.5, 24]","[612.75, 8]",184.25,88,146.5,0.27
07:42:34,"[111.0, 28]","[106.0, 21]","[449.6, 15]","[628.85, 13]",280.3,77,338.6,0.27
07:42:35,"[109.04, 23]","[105.25, 24]","[399.78, 27]","[597.0, 9]",254.41,83,290.73,0.13
07:42:36,"[108.0, 19]","[105.57, 21]","[350.0, 24]","[509.5, 8]",229.0,72,242.0,0.11
07:42:37,"[112.0, 12]","[107.0, 36]","[300.79, 28]","[323.71, 35]",206.39,111,188.79,-0.14
07:42:38,"[112.0, 11]","[109.92, 85]","[329.63, 35]","[384.57, 35]",220.81,166,217.63,0.16
07:42:39,"[110.22, 27]","[108.75, 12]","[349.0, 24]","[355.0, 12]",229.61,75,238.78,0.04
07:42:40,"[110.0, 48]","[108.0, 18]","[322.91, 23]","[353.29, 14]",216.46,103,212.91,0.28
07:42:41,"[110.0, 51]","[108.0, 30]","[276.8, 30]","[386.59, 34]",193.4,145,166.8,0.12
07:42:42,"[107.66, 29]","[105.6, 45]","[125.16, 25]","[207.09, 22]",116.41,121,17.5,0.22
07:42:43,"[106.27, 44]","[104.4, 60]","[124.57, 37]","[209.25, 32]",115.42,173,18.29,0.2
07:42:44,"[109.98, 48]","[106.75, 64]","[123.14, 63]","[206.77, 48]",116.56,223,13.16,0.0
07:42:45,"[107.0, 22]","[106.0, 44]","[118.97, 35]","[120.12, 32]",112.99,133,11.97,-0.01
07:42:46,"[108.27, 44]","[106.3, 46]","[114.67, 51]","[115.62, 39]",111.47,180,6.39,0.0
07:42:47,"[109.04, 46]","[107.0, 30]","[113.0, 24]","[114.0, 48]",111.02,148,3.96,0.03
07:42:48,"[107.12, 64]","[104.57, 84]","[110.29, 48]","[112.17, 48]",108.71,244,3.17,0.21
07:42:49,"[106.0, 31]","[104.0, 60]","[107.0, 20]","[109.0, 40]",106.5,151,1.0,0.21
07:42:50,"[104.19, 53]","[84.9, 62]","[107.76, 42]","[179.91, 44]",105.98,201,3.57,0.14
07:42:51,"[106.11, 18]","[100.93, 45]","[226.69, 26]","[276.91, 55]",166.4,144,120.58,-0.12
07:42:52,"[103.12, 43]","[91.43, 21]","[244.89, 46]","[355.55, 33]",174.0,143,141.78,-0.1
07:42:53,"[106.95, 19]","[102.44, 54]","[339.62, 26]","[447.92, 26]",223.28,125,232.67,0.17
07:42:54,"[112.0, 10]","[106.0, 20]","[281.0, 24]","[404.58, 24]",196.5,78,169.0,-0.23
07:42:55,"[108.0, 18]","[103.0, 18]","[194.0, 45]","[423.31, 35]",151.0,116,86.0,-0.38
07:42:56,"[106.33, 18]","[103.85, 13]","[281.49, 37]","[297.9, 42]",193.91,110,175.15,-0.44
07:42:57,"[107.0, 16]","[106.0, 16]","[197.2, 20]","[328.23, 31]",152.1,83,90.2,-0.23
07:42:58,"[106.76, 34]","[88.0, 27]","[230.62, 52]","[245.0, 32]",168.69,145,123.85,-0.16
07:42:59,"[107.0, 28]","[106.0, 14]","[188.24, 25]","[232.73, 22]",147.62,89,81.24,-0.06
07:43:00,"[107.0, 24]","[106.0, 12]","[149.0, 24]","[150.0, 18]",128.0,78,42.0,-0.08
07:43:01,"[107.0, 32]","[106.0, 16]","[130.62, 32]","[149.1, 31]",118.81,111,23.62,-0.14
07:43:02,"[109.86, 56]","[106.78, 36]","[126.27, 44]","[174.77, 39]",118.06,175,16.42,0.05
07:43:03,"[111.0, 40]","[107.0, 40]","[125.3, 40]","[306.97, 35]",118.15,155,14.3,0.03
07:43:04,"[111.0, 40]","[107.0, 40]","[123.9, 40]","[224.0, 50]",117.45,170,12.9,-0.06
07:43:05,"[111.0, 146]","[107.22, 36]","[123.0, 36]","[268.11, 45]",117.0,263,12.0,0.38
07:43:06,"[111.36, 152]","[110.65, 229]","[122.0, 56]","[150.7, 61]",116.68,498,10.64,0.53
07:43:07,"[112.24, 34]","[110.79, 77]","[120.25, 32]","[258.0, 16]",116.24,159,8.01,0.4
07:43:08,"[111.0, 117]","[107.0, 36]","[119.0, 36]","[365.96, 27]",115.0,216,8.0,0.42
07:43:09,"[111.0, 106]","[107.0, 40]","[117.5, 40]","[515.38, 26]",114.25,212,6.5,0.38
07:43:10,"[111.0, 169]","[107.0, 68]","[114.62, 58]","[132.42, 48]",112.81,343,3.62,0.38
07:43:11,"[111.22, 74]","[107.57, 56]","[116.0, 28]","[238.3, 61]",113.61,219,4.78,0.19
07:43:12,"[112.88, 73]","[112.02, 196]","[116.0, 32]","[244.4, 73]",114.44,374,3.12,0.44
07:43:13,"[112.08, 96]","[111.5, 56]","[115.11, 18]","[497.57, 42]",113.6,212,3.03,0.43
07:43:14,"[112.0, 70]","[111.0, 28]","[115.0, 14]","[212.94, 31]",113.5,143,3.0,0.37
07:43:15,"[112.0, 50]","[111.0, 20]","[115.0, 10]","[183.0, 25]",113.5,105,3.0,0.33
07:43:16,"[113.62, 8]","[112.0, 80]","[115.0, 16]","[330.39, 36]",114.31,140,1.38,0.26
07:43:17,"[114.0, 10]","[112.0, 100]","[115.0, 20]","[337.29, 34]",114.5,164,1.0,0.34
07:43:18,"[112.0, 66]","[111.0, 32]","[471.33, 12]","[485.53, 19]",291.67,129,359.33,0.52
07:43:19,"[112.0, 30]","[111.0, 24]","[436.07, 14]","[434.45, 11]",274.04,79,324.07,0.37
07:43:20,"[112.0, 36]","[111.0, 36]","[275.41, 22]","[390.07, 14]",193.7,108,163.41,0.33
07:43:21,"[112.0, 32]","[111.0, 44]","[386.69, 13]","[387.9, 20]",249.35,109,274.69,0.39
07:43:22,"[110.27, 37]","[110.82, 22]","[384.3, 20]","[385.15, 13]",247.29,92,274.03,0.28
07:43:23,"[110.07, 81]","[109.94, 102]","[330.52, 23]","[345.74, 38]",220.3,244,220.45,0.5
07:43:24,"[110.0, 120]","[109.0, 12]","[299.2, 30]","[300.59, 34]",204.6,196,189.2,0.35
07:43:25,"[110.0, 80]","[109.0, 8]","[248.61, 33]","[259.63, 35]",179.3,156,138.61,0.13
07:43:26,"[110.65, 34]","[110.19, 54]","[230.11, 18]","[232.11, 18]",170.38,124,119.46,0.42
07:43:27,"[113.7, 10]","[111.0, 30]","[173.86, 35]","[194.75, 40]",143.78,115,60.16,-0.3
07:43:28,"[110.36, 66]","[110.5, 24]","[165.83, 48]","[167.59, 58]",138.1,196,55.47,-0.08
07:43:29,"[110.0, 102]","[109.0, 11]","[159.63, 49]","[161.5, 48]",134.82,210,49.63,0.08
07:43:30,"[110.0, 27]","[109.0, 9]","[152.35, 40]","[153.53, 38]",131.18,114,42.35,-0.37
07:43:31,"[110.0, 18]","[109.0, 6]","[148.48, 21]","[150.33, 15]",129.24,60,38.48,-0.2
07:43:32,"[110.0, 42]","[109.0, 18]","[134.0, 60]","[141.57, 63]",122.0,183,24.0,-0.34
07:43:33,"[110.0, 21]","[109.0, 7]","[113.04, 27]","[113.64, 33]",111.52,88,3.04,-0.36
07:43:34,"[108.24, 54]","[107.49, 124]","[110.08, 40]","[111.62, 40]",109.16,258,1.83,0.38
07:43:35,"[108.0, 61]","[106.0, 89]","[109.51, 59]","[293.13, 67]",108.75,276,1.51,0.09
07:43:36,"[106.75, 56]","[105.17, 72]","[108.76, 50]","[392.39, 46]",107.75,224,2.01,0.14
07:43:37,"[106.38, 56]","[104.45, 55]","[309.11, 38]","[522.43, 42]",207.74,191,202.73,0.16
07:43:38,"[106.0, 30]","[103.0, 30]","[399.21, 19]","[540.17, 24]",252.61,103,293.21,0.17
07:43:39,"[106.0, 29]","[103.0, 35]","[290.0, 21]","[401.14, 28]",198.0,113,184.0,0.13
07:43:40,"[106.0, 10]","[103.0, 25]","[272.4, 15]","[421.6, 20]",189.2,70,166.4,0.0
07:43:41,"[107.47, 58]","[105.89, 27]","[268.0, 30]","[350.5, 40]",187.73,155,160.53,0.1
07:43:42,"[109.84, 31]","[108.03, 31]","[254.83, 48]","[278.45, 40]",182.34,150,144.99,-0.17
07:43:43,"[110.11, 36]","[107.91, 11]","[349.95, 37]","[459.48, 31]",230.03,115,239.83,-0.18
07:43:44,"[111.0, 35]","[107.83, 72]","[481.9, 58]","[567.31, 55]",296.45,220,370.9,-0.03
07:43:45,"[111.79, 14]","[108.51, 70]","[322.07, 54]","[425.75, 59]",216.93,197,210.29,-0.15
07:43:46,"[112.0, 11]","[109.21, 28]","[331.67, 30]","[464.64, 44]",221.83,113,219.67,-0.31
07:43:47,"[112.0, 7]","[111.0, 14]","[157.38, 26]","[393.58, 19]",134.69,66,45.38,-0.36
07:43:48,"[110.75, 16]","[109.53, 34]","[293.94, 31]","[364.98, 41]",202.34,122,183.19,-0.18
07:43:49,"[111.15, 40]","[108.67, 54]","[237.71, 28]","[260.29, 34]",174.43,156,126.56,0.21
07:43:50,"[111.0, 32]","[108.0, 48]","[189.33, 24]","[217.5, 24]",150.17,128,78.33,0.25
07:43:51,"[111.0, 48]","[108.0, 94]","[178.67, 24]","[219.92, 48]",144.83,214,67.67,0.33
07:43:52,"[108.38, 96]","[106.4, 120]","[177.93, 30]","[492.57, 46]",143.15,292,69.56,0.48
07:43:53,"[108.1, 31]","[106.79, 53]","[177.0, 14]","[219.0, 21]",142.55,119,68.9,0.41
07:43:54,"[110.8, 10]","[108.0, 71]","[175.6, 20]","[219.0, 30]",143.2,131,64.8,0.24
07:43:55,"[110.79, 14]","[107.4, 86]","[173.6, 20]","[209.87, 23]",142.19,143,62.81,0.4
07:43:56,"[108.0, 9]","[106.0, 52]","[173.0, 8]","[254.73, 11]",140.5,80,65.0,0.53
07:43:57,"[108.0, 16]","[106.0, 143]","[151.55, 22]","[203.23, 26]",129.77,207,43.55,0.54
07:43:58,"[107.06, 48]","[105.5, 127]","[137.63, 27]","[139.76, 25]",122.35,227,30.57,0.54
07:43:59,"[106.0, 78]","[103.0, 156]","[135.19, 26]","[136.52, 23]",120.6,283,29.19,0.65
07:44:00,"[106.0, 84]","[102.41, 107]","[130.59, 27]","[131.96, 28]",118.3,246,24.59,0.55
07:44:01,"[106.04, 49]","[95.16, 62]","[125.47, 19]","[126.0, 19]",115.76,149,19.43,0.49
07:44:02,"[106.0, 66]","[90.1, 80]","[121.22, 23]","[122.27, 22]",113.61,191,15.22,0.53
07:44:03,"[107.19, 63]","[105.31, 39]","[116.23, 26]","[117.12, 25]",111.71,153,9.04,0.33
07:44:04,"[109.3, 23]","[106.84, 25]","[112.52, 23]","[113.19, 21]",110.91,92,3.22,0.04
07:44:05,"[107.33, 24]","[104.82, 33]","[109.62, 26]","[118.85, 39]",108.47,122,2.28,-0.07
07:44:06,"[100.0, 12]","[68.26, 19]","[136.0, 16]","[260.33, 18]",118.0,65,36.0,-0.05
07:44:07,"[109.5, 40]","[97.44, 32]","[144.67, 18]","[184.4, 15]",127.08,105,35.17,0.37
07:44:08,"[111.0, 56]","[106.0, 32]","[142.5, 16]","[205.59, 22]",126.75,126,31.5,0.4
07:44:09,"[111.0, 74]","[106.0, 48]","[141.58, 24]","[271.0, 36]",126.29,182,30.58,0.34
07:44:10,"[108.5, 20]","[90.28, 69]","[140.0, 20]","[358.52, 42]",124.25,151,31.5,0.18
07:44:11,"[88.7, 27]","[74.91, 33]","[137.62, 16]","[515.82, 38]",113.16,114,48.92,0.05
07:44:12,"[80.26, 62]","[64.56, 61]","[127.5, 16]","[308.21, 14]",103.88,153,47.24,0.61
07:44:13,"[99.0, 14]","[98.0, 28]","[208.63, 19]","[332.0, 14]",153.82,75,109.63,0.12
07:44:14,"[104.15, 41]","[83.87, 124]","[150.35, 48]","[186.12, 26]",127.25,239,46.21,0.38
07:44:15,"[84.95, 57]","[76.93, 109]","[148.0, 8]","[149.0, 32]",116.47,206,63.05,0.61
07:44:16,"[114.0, 34]","[83.75, 171]","[146.06, 47]","[148.04, 23]",130.03,275,32.06,0.49
07:44:17,"[111.6, 15]","[109.83, 18]","[145.89, 18]","[146.33, 12]",128.74,63,34.29,0.05
07:44:18,"[110.0, 24]","[109.0, 8]","[142.81, 26]","[145.14, 14]",126.4,72,32.81,-0.11
07:44:19,"[112.35, 134]","[110.7, 64]","[141.76, 51]","[143.0, 24]",127.06,273,29.41,0.45
07:44:20,"[112.73, 154]","[111.31, 67]","[137.88, 17]","[139.79, 29]",125.3,267,25.16,0.66
07:44:21,"[112.0, 77]","[111.0, 11]","[134.02, 41]","[135.09, 11]",123.01,140,22.02,0.26
07:44:22,"[112.0, 91]","[111.0, 13]","[131.97, 31]","[132.31, 48]",121.98,183,19.97,0.14
07:44:23,"[112.0, 101]","[111.0, 17]","[125.27, 56]","[126.55, 56]",118.63,230,13.27,0.03
07:44:24,"[112.0, 70]","[111.0, 14]","[120.16, 38]","[122.37, 43]",116.08,165,8.16,0.02
07:44:25,"[111.13, 38]","[109.85, 20]","[113.0, 23]","[114.05, 44]",112.07,125,1.87,-0.07
07:44:26,"[110.0, 6]","[109.0, 6]","[111.0, 6]","[114.0, 24]",110.5,42,1.0,-0.43
07:44:27,"[106.16, 25]","[103.07, 81]","[110.07, 30]","[112.6, 15]",108.11,151,3.91,0.4
07:44:28,"[106.0, 24]","[103.0, 80]","[109.26, 23]","[295.42, 12]",107.63,139,3.26,0.5
07:44:29,"[106.98, 49]","[103.33, 104]","[150.46, 13]","[431.24, 29]",128.72,195,43.48,0.57
07:44:30,"[108.61, 74]","[104.47, 59]","[392.76, 17]","[520.0, 57]",250.69,207,284.16,0.29
07:44:31,"[108.1, 61]","[107.53, 43]","[308.62, 8]","[504.83, 24]",208.36,136,200.53,0.53
07:44:32,"[110.0, 12]","[108.0, 66]","[227.8, 10]","[280.67, 18]",168.9,106,117.8,0.47
07:44:33,"[108.2, 59]","[107.4, 47]","[185.5, 10]","[381.11, 18]",146.85,134,77.3,0.58
07:44:34,"[108.0, 58]","[106.0, 78]","[166.85, 61]","[202.23, 13]",137.43,210,58.85,0.3
07:44:35,"[108.0, 35]","[106.0, 54]","[164.67, 45]","[168.0, 9]",136.33,143,56.67,0.24
07:44:36,"[106.43, 28]","[104.15, 52]","[163.88, 40]","[207.38, 8]",135.15,128,57.45,0.25
07:44:37,"[106.0, 30]","[103.0, 50]","[163.0, 25]","[450.2, 5]",134.5,110,57.0,0.45
07:44:38,"[106.0, 84]","[103.0, 140]","[160.86, 70]","[429.12, 41]",133.43,335,54.86,0.34
07:44:39,"[108.4, 15]","[105.53, 64]","[158.8, 50]","[409.94, 34]",133.6,163,50.4,-0.03
07:44:40,"[110.0, 6]","[106.0, 36]","[155.83, 18]","[168.5, 24]",132.92,84,45.83,0.0
07:44:41,"[110.78, 36]","[106.31, 52]","[135.46, 26]","[152.08, 50]",123.12,164,24.68,0.07
07:44:42,"[111.0, 84]","[110.0, 12]","[121.58, 24]","[156.0, 60]",116.29,180,10.58,0.07
07:44:43,"[111.0, 70]","[110.0, 10]","[119.3, 20]","[179.76, 37]",115.15,137,8.3,0.17
07:44:44,"[111.2, 76]","[110.9, 87]","[116.1, 61]","[125.41, 81]",113.65,305,4.9,0.07
07:44:45,"[111.0, 59]","[110.0, 10]","[112.86, 21]","[114.16, 32]",111.93,122,1.86,0.13
07:44:46,"[109.8, 25]","[108.01, 77]","[111.37, 43]","[118.83, 41]",110.59,186,1.57,0.1
07:44:47,"[108.0, 53]","[107.0, 12]","[109.95, 22]","[136.67, 33]",108.98,120,1.95,0.08
07:44:48,"[106.0, 60]","[103.0, 108]","[109.36, 33]","[163.36, 50]",107.68,251,3.36,0.34
07:44:49,"[106.12, 34]","[103.47, 64]","[150.96, 28]","[239.95, 20]",128.54,146,44.85,0.34
07:44:50,"[107.14, 14]","[106.0, 35]","[147.59, 29]","[162.14, 21]",127.36,99,40.44,-0.01
07:44:51,"[109.38, 26]","[106.0, 134]","[150.16, 62]","[234.23, 31]",129.77,253,40.78,0.26
07:44:52,"[111.78, 18]","[106.0, 108]","[235.07, 30]","[319.17, 35]",173.42,191,123.29,0.32
07:44:53,"[108.05, 41]","[105.27, 111]","[241.67, 18]","[362.93, 29]",174.86,199,133.62,0.53
07:44:54,"[106.16, 76]","[103.6, 90]","[294.0, 30]","[596.0, 10]",200.08,206,187.84,0.61
07:44:55,"[109.0, 10]","[106.0, 45]","[464.36, 11]","[680.33, 6]",286.68,72,355.36,0.53
07:44:56,"[110.5, 22]","[108.55, 22]","[551.48, 23]","[707.29, 17]",330.99,84,440.98,0.05
07:44:57,"[113.4, 30]","[109.0, 20]","[218.57, 46]","[299.75, 36]",165.98,132,105.17,-0.24
07:44:58,"[114.0, 24]","[109.91, 11]","[145.88, 40]","[147.0, 32]",129.94,107,31.88,-0.35
07:44:59,"[112.0, 9]","[110.14, 7]","[144.88, 34]","[146.66, 29]",128.44,79,32.88,-0.59
07:45:00,"[111.0, 10]","[110.0, 10]","[144.0, 40]","[145.0, 50]",127.5,110,33.0,-0.64
07:45:01,"[107.93, 15]","[105.94, 16]","[143.38, 32]","[144.48, 31]",125.65,94,35.44,-0.34
07:45:02,"[106.01, 73]","[103.33, 81]","[136.81, 37]","[141.81, 42]",121.41,233,30.8,0.32
07:45:03,"[109.4, 15]","[106.29, 42]","[121.3, 40]","[127.4, 40]",115.35,137,11.9,-0.17
07:45:04,"[109.57, 28]","[106.35, 69]","[120.31, 52]","[122.0, 52]",114.94,201,10.74,-0.03
07:45:05,"[106.5, 48]","[95.3, 128]","[117.73, 44]","[118.54, 52]",112.11,272,11.23,0.29
07:45:06,"[106.0, 36]","[104.0, 4]","[116.6, 10]","[117.86, 14]",111.3,64,10.6,0.25
07:45:07,"[106.0, 117]","[104.0, 13]","[112.11, 36]","[112.81, 42]",109.06,208,6.11,0.25
07:45:08,"[106.0, 88]","[104.0, 20]","[109.05, 38]","[110.18, 22]",107.53,168,3.05,0.29
07:45:09,"[106.11, 36]","[105.52, 21]","[108.8, 30]","[109.5, 24]",107.46,111,2.69,0.03
07:45:10,"[106.0, 35]","[104.0, 10]","[107.14, 28]","[287.42, 31]",106.57,104,1.14,-0.13
07:45:11,"[109.14, 14]","[100.0, 12]","[459.78, 9]","[539.38, 16]",284.46,51,350.63,0.02
07:45:12,"[110.8, 30]","[108.36, 11]","[387.57, 7]","[389.0, 7]",249.19,55,276.77,0.49
07:45:13,"[111.0, 50]","[110.0, 24]","[277.05, 22]","[332.06, 17]",194.02,113,166.05,0.31
07:45:14,"[111.35, 23]","[110.71, 34]","[153.23, 26]","[385.0, 13]",132.29,96,41.88,0.19
07:45:15,"[112.07, 14]","[111.0, 42]","[152.29, 28]","[350.0, 14]",132.18,98,40.21,0.14
07:45:16,"[113.17, 18]","[111.0, 110]","[149.04, 23]","[153.94, 31]",131.11,182,35.88,0.41
07:45:17,"[114.0, 9]","[111.0, 63]","[145.44, 9]","[149.0, 18]",129.72,99,31.44,0.45
07:45:18,"[114.0, 12]","[111.0, 84]","[119.23, 26]","[119.84, 43]",116.62,165,5.23,0.16
07:45:19,"[111.2, 30]","[110.5, 28]","[116.5, 12]","[117.5, 24]",113.85,94,5.3,0.23
07:45:20,"[111.0, 52]","[110.0, 26]","[115.38, 13]","[117.0, 26]",113.19,117,4.38,0.33
07:45:21,"[111.0, 44]","[110.0, 22]","[113.64, 11]","[115.36, 14]",112.32,91,2.64,0.45
07:45:22,"[111.0, 36]","[110.0, 18]","[112.89, 9]","[115.85, 13]",111.94,76,1.89,0.42
07:45:23,"[111.0, 27]","[110.0, 14]","[113.0, 10]","[114.73, 11]",112.0,62,2.0,0.32
07:45:24,"[110.67, 18]","[109.33, 36]","[112.08, 24]","[135.83, 48]",111.38,126,1.42,-0.14
07:45:25,"[107.77, 22]","[108.58, 40]","[111.08, 26]","[117.0, 52]",109.42,140,3.3,-0.11
07:45:26,"[106.0, 60]","[104.0, 15]","[116.57, 56]","[138.67, 36]",111.29,167,10.57,-0.1
07:45:27,"[106.2, 60]","[103.53, 38]","[115.07, 42]","[154.75, 32]",110.64,172,8.87,0.14
07:45:28,"[107.71, 68]","[106.0, 48]","[114.0, 36]","[272.5, 28]",110.85,180,6.29,0.29
07:45:29,"[109.0, 63]","[107.76, 34]","[113.57, 21]","[176.31, 13]",111.29,131,4.57,0.48
07:45:30,"[109.29, 102]","[108.38, 64]","[112.73, 37]","[223.51, 51]",111.01,254,3.44,0.31
07:45:31,"[109.68, 37]","[108.57, 35]","[111.67, 18]","[269.68, 22]",110.67,112,1.99,0.29
07:45:32,"[109.0, 36]","[108.0, 45]","[218.29, 17]","[399.2, 15]",163.65,113,109.29,0.43
07:45:33,"[110.38, 52]","[108.14, 58]","[360.72, 29]","[389.3, 27]",235.55,166,250.34,0.33
07:45:34,"[110.57, 56]","[108.75, 59]","[172.96, 28]","[188.41, 49]",141.77,192,62.39,0.2
07:45:35,"[111.2, 20]","[109.44, 36]","[154.78, 9]","[157.0, 45]",132.99,110,43.58,0.02
07:45:36,"[111.0, 20]","[109.0, 40]","[154.0, 10]","[179.71, 24]",132.5,94,43.0,0.28
07:45:37,"[111.0, 20]","[109.0, 40]","[150.5, 18]","[204.0, 30]",130.75,108,39.5,0.11
07:45:38,"[111.0, 20]","[109.0, 40]","[153.0, 10]","[243.0, 30]",132.0,100,42.0,0.2
07:45:39,"[111.0, 16]","[109.22, 36]","[151.25, 8]","[169.12, 24]",131.12,84,40.25,0.24
07:45:40,"[110.0, 60]","[109.0, 48]","[150.71, 14]","[186.71, 28]",130.36,150,40.71,0.44
07:45:41,"[110.17, 30]","[109.35, 43]","[150.0, 24]","[151.0, 15]",130.08,112,39.83,0.3
07:45:42,"[111.25, 16]","[110.1, 40]","[148.43, 28]","[149.9, 20]",129.84,104,37.18,0.08
07:45:43,"[111.0, 52]","[110.0, 33]","[145.55, 22]","[149.0, 11]",128.27,118,34.55,0.44
07:45:44,"[111.95, 21]","[110.96, 23]","[145.0, 22]","[327.3, 30]",128.48,96,33.05,-0.08
07:45:45,"[112.5, 8]","[111.33, 18]","[144.74, 19]","[361.21, 33]",128.62,78,32.24,-0.33
07:45:46,"[111.0, 13]","[110.0, 39]","[142.39, 41]","[143.8, 50]",126.7,143,31.39,-0.27
07:45:47,"[110.7, 10]","[109.84, 25]","[141.5, 40]","[143.0, 16]",126.1,91,30.8,-0.23
07:45:48,"[110.0, 36]","[109.0, 48]","[139.0, 51]","[142.09, 33]",124.5,168,29.0,0.0
07:45:49,"[108.63, 82]","[107.07, 108]","[140.56, 45]","[141.33, 60]",124.59,295,31.92,0.29
07:45:50,"[108.62, 39]","[107.04, 69]","[138.77, 26]","[139.35, 23]",123.69,157,30.15,0.38
07:45:51,"[110.0, 33]","[108.0, 99]","[136.43, 37]","[138.12, 40]",123.22,209,26.43,0.26
07:45:52,"[110.0, 29]","[108.0, 117]","[134.31, 26]","[136.0, 65]",122.15,237,24.31,0.23
07:45:53,"[110.0, 16]","[108.0, 126]","[133.1, 61]","[134.81, 37]",121.55,240,23.1,0.18
07:45:54,"[110.0, 15]","[107.75, 64]","[132.0, 50]","[134.0, 20]",121.0,149,22.0,0.06
07:45:55,"[112.0, 8]","[111.0, 8]","[131.75, 40]","[134.0, 16]",121.88,72,19.75,-0.56
07:45:56,"[111.33, 9]","[108.23, 39]","[129.24, 33]","[130.67, 30]",120.29,111,17.91,-0.14
07:45:57,"[111.0, 11]","[108.0, 66]","[125.0, 43]","[126.82, 34]",118.0,154,14.0,0.0
07:45:58,"[108.14, 84]","[106.27, 176]","[120.91, 79]","[122.19, 94]",114.53,433,12.77,0.2
07:45:59,"[108.0, 88]","[106.0, 88]","[117.0, 55]","[117.82, 34]",112.5,265,9.0,0.33
07:46:00,"[110.35, 80]","[107.66, 86]","[113.75, 60]","[115.67, 60]",112.05,286,3.4,0.16
07:46:01,"[108.79, 43]","[107.28, 18]","[114.64, 55]","[117.57, 28]",111.71,144,5.85,-0.15
07:46:02,"[108.96, 228]","[107.98, 81]","[114.27, 37]","[155.72, 46]",111.62,392,5.31,0.58
07:46:03,"[109.03, 358]","[108.26, 172]","[112.22, 69]","[120.53, 64]",110.63,663,3.18,0.6
07:46:04,"[109.0, 209]","[108.0, 89]","[127.05, 42]","[182.67, 33]",118.02,373,18.05,0.6
07:46:05,"[110.0, 223]","[108.0, 105]","[173.86, 58]","[241.97, 61]",141.93,447,63.86,0.47
07:46:06,"[111.97, 129]","[110.67, 98]","[140.47, 53]","[255.06, 53]",126.22,333,28.5,0.36
07:46:07,"[114.0, 121]","[112.0, 33]","[141.18, 51]","[270.25, 32]",127.59,237,27.18,0.3
07:46:08,"[114.0, 110]","[112.0, 30]","[141.0, 50]","[228.47, 34]",127.5,224,27.0,0.25
07:46:09,"[112.19, 26]","[111.36, 22]","[139.92, 60]","[188.67, 24]",126.05,132,27.72,-0.27
07:46:10,"[111.21, 75]","[111.68, 25]","[138.0, 55]","[325.47, 19]",124.61,174,26.79,0.15
07:46:11,"[111.0, 185]","[110.0, 11]","[138.0, 55]","[406.0, 55]",124.5,306,27.0,0.28
07:46:12,"[111.0, 185]","[110.0, 12]","[137.08, 60]","[406.0, 60]",124.04,317,26.08,0.24
07:46:13,"[111.0, 165]","[110.0, 11]","[135.55, 55]","[406.0, 55]",123.27,286,24.55,0.23
07:46:14,"[111.0, 135]","[110.0, 9]","[132.11, 45]","[302.22, 45]",121.56,234,21.11,0.23
07:46:15,"[111.05, 128]","[110.61, 23]","[133.5, 50]","[287.56, 25]",122.27,226,22.45,0.34
07:46:16,"[111.05, 114]","[110.61, 23]","[132.0, 50]","[348.17, 35]",121.53,222,20.95,0.23
07:46:17,"[111.0, 108]","[110.0, 9]","[132.0, 45]","[347.0, 45]",121.5,207,21.0,0.13
07:46:18,"[111.67, 72]","[110.98, 98]","[131.85, 34]","[233.4, 50]",121.76,254,20.19,0.34
07:46:19,"[112.0, 51]","[111.0, 108]","[128.78, 41]","[130.77, 13]",120.39,213,16.78,0.49
07:46:20,"[112.0, 40]","[111.0, 96]","[127.39, 28]","[127.75, 20]",119.7,184,15.39,0.48
07:46:21,"[112.0, 50]","[111.0, 156]","[122.22, 37]","[124.88, 17]",117.11,260,10.22,0.58
07:46:22,"[112.0, 24]","[111.0, 162]","[118.75, 12]","[121.0, 36]",115.38,234,6.75,0.59
07:46:23,"[111.07, 81]","[110.9, 50]","[117.0, 8]","[121.0, 24]",114.04,163,5.93,0.61
07:46:24,"[111.0, 105]","[110.0, 7]","[116.22, 9]","[120.74, 19]",113.61,140,5.22,0.6
07:46:25,"[110.69, 49]","[109.03, 34]","[112.44, 36]","[113.25, 24]",111.57,143,1.75,0.16
07:46:26,"[108.23, 117]","[107.73, 132]","[111.64, 33]","[112.64, 33]",109.93,315,3.41,0.58
07:46:27,"[108.0, 96]","[106.0, 30]","[109.2, 25]","[274.58, 12]",108.6,163,1.2,0.55
07:46:28,"[109.4, 90]","[107.27, 66]","[321.76, 41]","[556.26, 31]",215.58,228,212.36,0.37
07:46:29,"[111.0, 72]","[108.0, 54]","[414.0, 33]","[610.0, 21]",262.5,180,303.0,0.4
07:46:30,"[111.0, 85]","[108.0, 66]","[269.27, 55]","[572.0, 33]",190.14,239,158.27,0.26
07:46:31,"[111.56, 64]","[109.91, 66]","[162.35, 34]","[326.02, 46]",136.96,210,50.79,0.24
07:46:32,"[112.0, 54]","[111.0, 63]","[228.26, 43]","[378.68, 22]",170.13,182,116.26,0.29
07:46:33,"[112.0, 56]","[111.0, 84]","[126.03, 38]","[330.32, 34]",119.01,212,14.03,0.32
07:46:34,"[112.0, 11]","[111.0, 77]","[243.31, 42]","[311.28, 36]",177.65,166,131.31,0.06
07:46:35,"[111.0, 31]","[110.0, 84]","[301.0, 21]","[303.0, 14]",206.0,150,190.0,0.53
07:46:36,"[111.16, 32]","[110.03, 111]","[301.55, 29]","[330.1, 20]",206.35,192,190.4,0.49
07:46:37,"[112.0, 60]","[111.0, 36]","[287.53, 34]","[300.59, 27]",199.76,157,175.53,0.22
07:46:38,"[113.0, 32]","[112.0, 40]","[227.07, 27]","[280.35, 17]",170.04,116,114.07,0.24
07:46:39,"[114.0, 48]","[112.0, 60]","[162.89, 38]","[184.1, 29]",138.45,175,48.89,0.23
07:46:40,"[114.0, 36]","[112.0, 57]","[141.0, 18]","[170.0, 18]",127.5,129,27.0,0.44
07:46:41,"[114.0, 28]","[112.0, 35]","[140.57, 14]","[164.0, 14]",127.29,91,26.57,0.38
07:46:42,"[114.0, 40]","[112.0, 50]","[138.9, 30]","[140.0, 20]",126.45,140,24.9,0.29
07:46:43,"[114.0, 24]","[112.0, 75]","[135.64, 33]","[136.7, 37]",124.82,169,21.64,0.17
07:46:44,"[113.41, 27]","[111.6, 119]","[131.6, 50]","[132.42, 48]",122.5,244,18.19,0.2
07:46:45,"[112.0, 44]","[110.29, 84]","[127.45, 22]","[129.29, 28]",119.73,178,15.45,0.44
07:46:46,"[112.0, 40]","[111.0, 40]","[124.17, 24]","[126.1, 20]",118.08,124,12.17,0.29
07:46:47,"[112.0, 48]","[111.0, 48]","[118.52, 33]","[120.13, 30]",115.26,159,6.52,0.21
07:46:48,"[112.0, 56]","[111.0, 60]","[115.32, 38]","[116.45, 33]",113.66,187,3.32,0.24
07:46:49,"[111.27, 26]","[110.21, 76]","[114.4, 20]","[116.68, 25]",112.83,147,3.13,0.39
07:46:50,"[111.67, 96]","[110.29, 136]","[114.37, 35]","[116.89, 53]",113.02,320,2.7,0.45
07:46:51,"[112.0, 74]","[111.0, 72]","[113.08, 52]","[114.47, 38]",112.54,236,1.08,0.24
07:46:52,"[112.0, 32]","[111.0, 70]","[215.41, 34]","[362.44, 32]",163.71,168,103.41,0.21
07:46:53,"[112.0, 12]","[111.0, 54]","[208.11, 27]","[359.04, 27]",160.06,120,96.11,0.1
07:46:54,"[112.0, 22]","[111.0, 99]","[286.43, 42]","[356.67, 54]",199.21,217,174.43,0.12
07:46:55,"[112.0, 24]","[111.0, 108]","[274.96, 27]","[287.62, 42]",193.48,201,162.96,0.31
07:46:56,"[112.0, 24]","[111.0, 108]","[246.47, 19]","[346.43, 35]",179.24,186,134.47,0.42
07:46:57,"[111.42, 62]","[110.44, 121]","[178.15, 26]","[180.0, 13]",144.79,222,66.73,0.65
07:46:58,"[111.0, 120]","[109.93, 162]","[174.08, 25]","[232.13, 47]",142.54,354,63.08,0.59
07:46:59,"[111.0, 60]","[110.0, 144]","[171.82, 11]","[210.31, 13]",141.41,228,60.82,0.79
07:47:00,"[111.0, 32]","[110.0, 144]","[173.75, 16]","[508.0, 8]",142.38,200,62.75,0.76
07:47:01,"[111.0, 44]","[110.0, 234]","[171.92, 26]","[259.29, 28]",141.46,332,60.92,0.67
07:47:02,"[111.0, 66]","[110.0, 144]","[169.86, 14]","[192.62, 16]",140.43,240,58.86,0.75
07:47:03,"[111.0, 110]","[109.72, 100]","[129.23, 13]","[160.15, 26]",120.12,249,18.23,0.69
07:47:04,"[111.0, 100]","[110.0, 50]","[120.2, 20]","[122.0, 10]",115.6,180,9.2,0.67
07:47:05,"[111.0, 85]","[110.0, 55]","[119.82, 22]","[122.0, 11]",115.41,173,8.82,0.62
07:47:06,"[111.0, 50]","[110.0, 50]","[118.18, 11]","[119.16, 19]",114.59,130,7.18,0.54
07:47:07,"[111.0, 50]","[110.0, 50]","[117.67, 12]","[118.89, 18]",114.33,130,6.67,0.54
07:47:08,"[111.0, 44]","[110.0, 60]","[116.15, 13]","[117.04, 23]",113.58,140,5.15,0.49
07:47:09,"[111.0, 45]","[110.0, 75]","[112.81, 26]","[115.26, 19]",111.9,165,1.81,0.45
07:47:10,"[110.69, 32]","[109.93, 59]","[112.0, 26]","[212.2, 25]",111.34,142,1.31,0.28
07:47:11,"[110.0, 55]","[109.0, 22]","[126.48, 25]","[156.6, 20]",118.24,122,16.48,0.26
07:47:12,"[110.77, 60]","[109.86, 42]","[130.0, 12]","[131.0, 48]",120.38,162,19.23,0.26
07:47:13,"[110.0, 40]","[109.0, 20]","[129.1, 10]","[330.64, 36]",119.55,106,19.1,0.13
07:47:14,"[109.8, 20]","[108.44, 18]","[127.0, 6]","[361.0, 30]",118.4,74,17.2,0.03
07:47:15,"[109.0, 22]","[108.0, 55]","[127.0, 11]","[227.0, 33]",118.0,121,18.0,0.27
07:47:16,"[107.31, 58]","[106.08, 102]","[124.71, 28]","[366.89, 38]",116.01,226,17.4,0.42
07:47:17,"[106.0, 55]","[103.0, 10]","[122.08, 13]","[123.56, 9]",114.04,87,16.08,0.49
07:47:18,"[106.0, 104]","[103.0, 20]","[111.32, 34]","[116.62, 24]",108.66,182,5.32,0.36
07:47:19,"[106.0, 54]","[103.0, 12]","[108.12, 8]","[160.65, 20]",107.06,94,2.12,0.4
07:47:20,"[106.0, 28]","[103.0, 8]","[110.0, 12]","[315.0, 20]",108.0,68,4.0,0.06
07:47:21,"[106.0, 65]","[104.38, 26]","[108.0, 12]","[142.03, 32]",107.0,135,2.0,0.35
07:47:22,"[106.42, 48]","[105.1, 40]","[109.71, 17]","[184.86, 35]",108.06,140,3.29,0.26
07:47:23,"[108.13, 89]","[106.48, 58]","[113.55, 33]","[474.12, 41]",110.84,221,5.41,0.33
07:47:24,"[108.3, 30]","[106.52, 27]","[148.5, 6]","[690.67, 18]",128.4,81,40.2,0.41
07:47:25,"[108.0, 18]","[106.0, 36]","[129.18, 17]","[167.22, 9]",118.59,80,21.18,0.35
07:47:26,"[108.0, 14]","[106.0, 28]","[147.14, 7]","[291.0, 7]",127.57,56,39.14,0.5
07:47:27,"[108.0, 20]","[106.0, 40]","[146.7, 10]","[447.41, 22]",127.35,92,38.7,0.3
07:47:28,"[108.0, 18]","[106.0, 36]","[146.78, 9]","[552.0, 45]",127.39,108,38.78,0.0
07:47:29,"[108.0, 12]","[106.47, 30]","[143.0, 15]","[484.0, 18]",125.5,75,35.0,0.12
07:47:30,"[107.45, 22]","[105.84, 38]","[140.32, 28]","[141.45, 22]",123.89,110,32.87,0.09
07:47:31,"[107.45, 22]","[105.71, 21]","[138.0, 7]","[139.0, 28]",122.73,78,30.55,0.1
07:47:32,"[108.95, 38]","[106.38, 48]","[134.59, 34]","[135.87, 30]",121.77,150,25.64,0.15
07:47:33,"[107.68, 63]","[106.45, 33]","[131.12, 24]","[132.0, 18]",119.4,138,23.44,0.39
07:47:34,"[107.57, 91]","[107.0, 128]","[123.0, 48]","[123.22, 41]",115.29,308,15.43,0.42
07:47:35,"[110.57, 75]","[108.38, 52]","[120.41, 37]","[121.5, 40]",115.49,204,9.83,0.25
07:47:36,"[111.05, 76]","[110.33, 36]","[118.43, 21]","[120.0, 28]",114.74,161,7.38,0.39
07:47:37,"[111.73, 88]","[110.93, 168]","[116.04, 24]","[117.18, 56]",113.88,336,4.31,0.52
07:47:38,"[111.0, 94]","[110.0, 32]","[113.17, 18]","[114.75, 20]",112.08,164,2.17,0.54
07:47:39,"[111.0, 51]","[110.0, 24]","[112.6, 10]","[113.14, 14]",111.8,99,1.6,0.52
07:47:40,"[111.0, 33]","[110.0, 24]","[112.25, 12]","[309.21, 14]",111.62,83,1.25,0.37
07:47:41,"[110.41, 34]","[109.21, 76]","[349.3, 20]","[578.91, 11]",229.86,141,238.89,0.56
07:47:42,"[110.0, 20]","[109.0, 60]","[496.4, 10]","[652.0, 5]",303.2,95,386.4,0.68
07:47:43,"[110.9, 10]","[109.67, 36]","[576.92, 13]","[662.57, 7]",343.91,66,466.02,0.39
07:47:44,"[112.46, 26]","[111.38, 47]","[611.5, 14]","[710.57, 14]",361.98,101,499.04,0.45
07:47:45,"[114.0, 8]","[112.0, 24]","[358.0, 8]","[483.8, 10]",236.0,50,244.0,0.28
07:47:46,"[111.45, 40]","[110.72, 50]","[124.79, 14]","[136.0, 20]",118.12,124,13.34,0.45
07:47:47,"[111.0, 68]","[110.0, 44]","[123.09, 11]","[131.18, 11]",117.05,134,12.09,0.67
07:47:48,"[111.0, 84]","[110.0, 28]","[122.14, 7]","[183.0, 7]",116.57,126,11.14,0.78
07:47:49,"[111.0, 40]","[110.0, 40]","[122.0, 10]","[233.56, 25]",116.5,115,11.0,0.39
07:47:50,"[110.55, 11]","[109.44, 27]","[122.0, 8]","[240.85, 26]",116.27,72,11.45,0.06
07:47:51,"[109.73, 11]","[108.96, 25]","[120.33, 9]","[247.0, 36]",115.03,81,10.61,-0.11
07:47:52,"[109.0, 30]","[108.0, 10]","[118.7, 10]","[286.0, 40]",113.85,90,9.7,-0.11
07:47:53,"[109.0, 15]","[108.0, 7]","[118.0, 7]","[374.28, 25]",113.5,54,9.0,-0.19
07:47:54,"[109.0, 18]","[108.0, 9]","[118.0, 9]","[237.0, 36]",113.5,72,9.0,-0.25
07:47:55,"[111.54, 37]","[109.14, 14]","[114.67, 24]","[123.33, 21]",113.1,96,3.13,0.06
07:47:56,"[112.0, 140]","[111.0, 10]","[117.3, 10]","[125.0, 40]",114.65,200,5.3,0.5
07:47:57,"[112.0, 158]","[111.0, 13]","[116.54, 13]","[336.23, 52]",114.27,236,4.54,0.45
07:47:58,"[112.0, 76]","[111.0, 9]","[115.0, 9]","[321.89, 36]",113.5,130,3.0,0.31
07:47:59,"[112.0, 88]","[111.0, 11]","[114.0, 33]","[115.0, 11]",113.0,143,2.0,0.38
07:48:00,"[112.0, 32]","[111.0, 4]","[114.0, 12]","[115.0, 4]",113.0,52,2.0,0.38
07:48:01,"[112.0, 80]","[111.0, 18]","[113.82, 22]","[114.33, 18]",112.91,138,1.82,0.42
07:48:02,"[112.0, 44]","[111.0, 9]","[113.14, 21]","[297.27, 33]",112.57,107,1.14,-0.01
07:48:03,"[112.0, 33]","[111.0, 11]","[173.73, 44]","[253.64, 44]",142.86,132,61.73,-0.33
07:48:04,"[112.0, 42]","[111.0, 14]","[197.54, 52]","[204.61, 62]",154.77,170,85.54,-0.34
07:48:05,"[112.0, 42]","[111.0, 14]","[113.95, 65]","[174.25, 28]",112.98,149,1.95,-0.25
07:48:06,"[110.02, 103]","[109.05, 41]","[112.45, 55]","[288.36, 44]",111.24,243,2.44,0.19
07:48:07,"[109.91, 46]","[108.97, 29]","[111.62, 40]","[435.53, 17]",110.77,132,1.71,0.14
07:48:08,"[108.96, 52]","[107.67, 24]","[110.47, 43]","[117.16, 83]",109.71,202,1.5,-0.25
07:48:09,"[108.6, 5]","[106.32, 19]","[110.38, 13]","[122.48, 23]",109.49,60,1.78,-0.2
07:48:10,"[106.74, 38]","[105.63, 73]","[137.81, 52]","[410.64, 44]",122.27,207,31.07,0.07
07:48:11,"[106.0, 48]","[103.0, 24]","[236.62, 32]","[364.12, 32]",171.31,136,130.62,0.06
07:48:12,"[106.0, 34]","[103.0, 24]","[220.12, 32]","[237.38, 32]",163.06,122,114.12,-0.05
07:48:13,"[106.0, 28]","[103.0, 21]","[218.89, 27]","[237.0, 28]",162.44,104,112.89,-0.06
07:48:14,"[106.8, 20]","[105.74, 35]","[217.0, 36]","[218.0, 27]",161.9,118,110.2,-0.07
07:48:15,"[107.0, 20]","[106.0, 40]","[213.56, 36]","[217.75, 32]",160.28,128,106.56,-0.06
07:48:16,"[110.21, 43]","[108.06, 66]","[198.55, 65]","[202.07, 55]",154.38,229,88.34,-0.05
07:48:17,"[111.6, 30]","[108.82, 66]","[113.86, 42]","[114.81, 42]",112.73,180,2.26,0.07
07:48:18,"[111.0, 40]","[108.0, 80]","[112.2, 30]","[114.0, 40]",111.6,190,1.2,0.26
07:48:19,"[111.0, 10]","[108.0, 80]","[113.0, 13]","[130.4, 40]",112.0,143,2.0,0.26
07:48:20,"[108.14, 42]","[107.57, 28]","[113.85, 26]","[327.95, 22]",110.99,118,5.7,0.19
07:48:21,"[108.0, 16]","[107.0, 8]","[113.0, 16]","[345.5, 4]",110.5,44,5.0,0.09
07:48:22,"[108.0, 24]","[107.0, 12]","[112.17, 24]","[232.0, 6]",110.08,66,4.17,0.09
07:48:23,"[107.57, 51]","[106.12, 80]","[110.5, 64]","[170.5, 24]",109.03,219,2.93,0.2
07:48:24,"[108.0, 98]","[107.0, 28]","[110.0, 56]","[156.83, 24]",109.0,206,2.0,0.22
07:48:25,"[108.0, 70]","[107.0, 20]","[110.0, 40]","[309.86, 28]",109.0,158,2.0,0.14
07:48:26,"[108.0, 36]","[107.0, 18]","[110.0, 36]","[298.11, 27]",109.0,117,2.0,-0.08
07:48:27,"[109.23, 22]","[108.0, 56]","[240.48, 31]","[442.61, 41]",174.86,150,131.26,0.04
07:48:28,"[111.0, 12]","[108.0, 48]","[443.24, 33]","[567.82, 38]",277.12,131,332.24,-0.08
07:48:29,"[111.0, 10]","[108.0, 40]","[246.97, 32]","[383.33, 21]",178.98,103,135.97,-0.03
07:48:30,"[108.18, 34]","[106.29, 56]","[200.38, 32]","[201.54, 35]",154.28,157,92.2,0.15
07:48:31,"[108.0, 40]","[106.0, 60]","[188.79, 38]","[189.38, 32]",148.39,170,80.79,0.18
07:48:32,"[108.12, 34]","[106.14, 58]","[186.62, 32]","[187.21, 38]",147.37,162,78.51,0.14
07:48:33,"[106.33, 84]","[105.43, 23]","[183.7, 46]","[186.31, 52]",145.01,205,77.36,0.04
07:48:34,"[106.0, 120]","[105.0, 12]","[180.54, 48]","[182.38, 39]",143.27,219,74.54,0.21
07:48:35,"[106.86, 74]","[105.92, 65]","[178.36, 22]","[180.0, 55]",142.61,216,71.5,0.29
07:48:36,"[109.0, 36]","[106.0, 90]","[176.93, 30]","[178.15, 33]",142.97,189,67.93,0.33
07:48:37,"[109.0, 32]","[106.0, 80]","[169.24, 17]","[175.52, 23]",139.12,152,60.24,0.47
07:48:38,"[109.0, 48]","[106.0, 120]","[160.68, 28]","[162.83, 46]",134.84,242,51.68,0.39
07:48:39,"[109.0, 56]","[106.0, 140]","[154.62, 26]","[160.75, 56]",131.81,278,45.62,0.41
07:48:40,"[109.81, 26]","[107.12, 64]","[158.18, 22]","[159.67, 18]",133.99,130,48.37,0.38
07:48:41,"[107.6, 45]","[105.98, 123]","[147.33, 43]","[150.55, 44]",127.46,255,39.73,0.32
07:48:42,"[107.05, 21]","[105.97, 63]","[143.91, 55]","[144.93, 45]",125.48,184,36.86,-0.09
07:48:43,"[107.57, 14]","[106.04, 50]","[139.93, 67]","[141.11, 37]",123.75,168,32.35,-0.24
07:48:44,"[112.0, 7]","[111.0, 7]","[137.57, 23]","[139.06, 32]",124.78,69,25.57,-0.59
07:48:45,"[112.0, 15]","[111.0, 15]","[123.51, 45]","[127.07, 42]",117.76,117,11.51,-0.49
07:48:46,"[113.44, 9]","[111.0, 9]","[119.0, 45]","[120.0, 18]",116.22,81,5.56,-0.56
07:48:47,"[113.2, 15]","[109.1, 21]","[117.49, 47]","[117.94, 51]",115.34,134,4.29,-0.46
07:48:48,"[108.0, 9]","[106.0, 41]","[113.96, 23]","[114.62, 13]",110.98,86,5.96,0.16
07:48:49,"[106.18, 33]","[104.48, 63]","[111.09, 23]","[112.46, 13]",108.63,132,4.91,0.45
