Time,Bid1,Bid2,Ask1,Ask2,Mid-Price,Total_volume,Bid_ask_spread,Order_imbalance
07:30:00,"[0, 0]","[0, 0]","[635.0, 3]","[0, 0]",317.5,3,635.0,-1.0
07:30:02,"[109.0, 4]","[0, 0]","[635.0, 3]","[0, 0]",372.0,7,526.0,0.14
07:30:03,"[151.0, 20]","[119.64, 11]","[432.23, 13]","[372.0, 6]",291.62,50,281.23,0.24
07:30:04,"[151.0, 12]","[149.6, 5]","[368.67, 6]","[372.0, 9]",259.83,32,217.67,0.06
07:30:05,"[151.0, 12]","[150.0, 6]","[255.78, 9]","[679.25, 8]",203.39,35,104.78,0.03
07:30:06,"[150.57, 7]","[149.14, 14]","[165.0, 8]","[166.0, 20]",157.79,49,14.43,-0.14
07:30:07,"[150.0, 5]","[149.0, 20]","[165.0, 10]","[166.0, 25]",157.5,60,15.0,-0.17
07:30:08,"[150.0, 6]","[149.0, 24]","[164.65, 17]","[179.71, 28]",157.32,75,14.65,-0.2
07:30:09,"[150.0, 1]","[149.0, 4]","[163.0, 5]","[164.0, 2]",156.5,12,13.0,-0.17
07:30:10,"[150.0, 6]","[149.0, 54]","[160.85, 13]","[162.05, 21]",155.42,94,10.85,0.28
07:30:11,"[150.0, 10]","[149.0, 100]","[157.17, 24]","[158.88, 26]",153.58,160,7.17,0.38
07:30:12,"[150.0, 8]","[149.0, 80]","[153.12, 24]","[156.0, 16]",151.56,128,3.12,0.38
07:30:13,"[150.0, 10]","[149.0, 100]","[151.6, 30]","[156.0, 20]",150.8,160,1.6,0.38
07:30:14,"[149.0, 60]","[148.0, 6]","[150.43, 14]","[152.25, 16]",149.71,96,1.43,0.38
07:30:15,"[149.0, 61]","[148.0, 9]","[150.33, 18]","[155.42, 33]",149.67,121,1.33,0.16
07:30:16,"[149.0, 25]","[148.0, 8]","[153.0, 16]","[156.0, 40]",151.0,89,4.0,-0.26
07:30:17,"[149.0, 14]","[148.0, 7]","[153.0, 14]","[156.0, 35]",151.0,70,4.0,-0.4
07:30:18,"[149.0, 16]","[148.0, 8]","[150.62, 32]","[152.93, 30]",149.81,86,1.62,-0.44
07:30:19,"[148.0, 8]","[144.0, 8]","[150.0, 40]","[151.0, 32]",149.0,88,2.0,-0.64
07:30:20,"[144.83, 12]","[142.34, 35]","[149.1, 41]","[150.47, 38]",146.97,126,4.26,-0.25
07:30:21,"[143.0, 20]","[142.0, 90]","[146.8, 44]","[147.85, 34]",144.9,188,3.8,0.17
07:30:22,"[141.43, 98]","[134.67, 131]","[147.4, 113]","[150.03, 94]",144.41,436,5.97,0.05
07:30:23,"[144.0, 22]","[138.55, 62]","[150.0, 110]","[151.73, 55]",147.0,249,6.0,-0.33
07:30:24,"[144.0, 34]","[143.0, 102]","[149.75, 107]","[150.31, 130]",146.87,373,5.75,-0.27
07:30:25,"[145.67, 30]","[143.68, 38]","[149.0, 45]","[150.0, 110]",147.33,223,3.33,-0.39
07:30:26,"[146.79, 28]","[143.81, 32]","[149.17, 47]","[150.06, 111]",147.98,218,2.38,-0.45
07:30:27,"[144.0, 28]","[143.0, 84]","[146.71, 14]","[150.0, 112]",145.36,238,2.71,-0.06
07:30:28,"[144.0, 27]","[143.0, 96]","[148.77, 43]","[150.28, 123]",146.38,289,4.77,-0.15
07:30:29,"[144.0, 17]","[143.0, 102]","[147.54, 28]","[149.4, 55]",145.77,202,3.54,0.18
07:30:30,"[143.08, 59]","[142.62, 48]","[149.41, 41]","[150.69, 65]",146.25,213,6.33,0.0
07:30:31,"[143.0, 78]","[142.0, 26]","[150.0, 52]","[151.0, 65]",146.5,221,7.0,-0.06
07:30:32,"[143.0, 54]","[142.0, 23]","[150.0, 76]","[151.91, 53]",146.5,206,7.0,-0.25
07:30:33,"[143.0, 46]","[142.0, 41]","[150.0, 72]","[152.0, 48]",146.5,207,7.0,-0.16
07:30:34,"[143.58, 12]","[142.95, 37]","[150.0, 72]","[152.0, 48]",146.79,169,6.42,-0.42
07:30:35,"[143.1, 42]","[142.33, 30]","[150.0, 108]","[152.0, 72]",146.55,252,6.9,-0.43
07:30:36,"[143.0, 36]","[142.0, 18]","[150.0, 81]","[152.0, 54]",146.5,189,7.0,-0.43
07:30:37,"[143.0, 48]","[142.0, 24]","[150.0, 72]","[152.0, 72]",146.5,216,7.0,-0.33
07:30:38,"[144.4, 25]","[142.9, 58]","[150.0, 80]","[152.0, 96]",147.2,259,5.6,-0.36
07:30:39,"[147.2, 15]","[143.0, 60]","[150.0, 75]","[152.0, 90]",148.6,240,2.8,-0.38
07:30:40,"[143.36, 50]","[142.42, 38]","[149.71, 70]","[151.41, 85]",146.54,243,6.35,-0.28
07:30:41,"[144.0, 36]","[143.0, 48]","[148.42, 48]","[149.83, 59]",146.21,191,4.42,-0.12
07:30:42,"[140.05, 128]","[133.31, 58]","[148.64, 22]","[149.9, 39]",144.34,247,8.59,0.51
07:30:43,"[141.39, 132]","[139.62, 240]","[149.0, 40]","[150.0, 72]",145.19,484,7.61,0.54
07:30:44,"[142.0, 45]","[139.0, 135]","[148.13, 46]","[149.02, 49]",145.07,275,6.13,0.31
07:30:45,"[142.0, 158]","[139.02, 257]","[146.22, 90]","[148.07, 80]",144.11,585,4.22,0.42
07:30:46,"[142.5, 110]","[140.14, 121]","[145.96, 76]","[148.0, 76]",144.23,383,3.46,0.21
07:30:47,"[144.0, 54]","[142.92, 98]","[145.63, 38]","[148.55, 40]",144.82,230,1.63,0.32
07:30:48,"[144.4, 20]","[143.0, 90]","[148.0, 40]","[149.0, 20]",146.2,170,3.6,0.29
07:30:49,"[145.0, 24]","[143.0, 108]","[147.33, 18]","[148.63, 54]",146.17,204,2.33,0.29
07:30:50,"[146.18, 34]","[143.0, 185]","[148.0, 62]","[149.0, 34]",147.09,315,1.82,0.39
07:30:51,"[144.74, 23]","[142.94, 66]","[148.0, 16]","[150.0, 42]",146.37,147,3.26,0.21
07:30:52,"[143.0, 117]","[141.57, 21]","[148.0, 9]","[150.0, 63]",145.5,210,5.0,0.31
07:30:53,"[143.0, 130]","[142.0, 30]","[147.06, 34]","[149.27, 22]",145.03,216,4.06,0.48
07:30:54,"[143.0, 130]","[142.0, 30]","[147.0, 40]","[148.0, 10]",145.0,210,4.0,0.52
07:30:55,"[143.7, 88]","[142.97, 188]","[145.69, 64]","[147.31, 16]",144.7,356,1.98,0.55
07:30:56,"[144.0, 28]","[143.0, 143]","[145.0, 34]","[147.0, 11]",144.5,216,1.0,0.58
07:30:57,"[143.38, 42]","[142.98, 106]","[145.0, 30]","[147.0, 10]",144.19,188,1.62,0.57
07:30:58,"[143.54, 56]","[142.98, 132]","[145.0, 36]","[147.0, 12]",144.27,236,1.46,0.59
07:30:59,"[144.0, 30]","[143.0, 78]","[146.22, 18]","[148.69, 13]",145.11,139,2.22,0.55
07:31:00,"[144.0, 48]","[143.0, 172]","[148.36, 66]","[249.78, 79]",146.18,365,4.36,0.21
07:31:01,"[144.75, 36]","[143.5, 54]","[146.75, 36]","[148.2, 54]",145.75,180,2.0,0.0
07:31:02,"[143.8, 20]","[142.89, 56]","[146.91, 33]","[147.82, 49]",145.35,158,3.11,-0.04
07:31:03,"[142.0, 10]","[140.0, 10]","[146.0, 10]","[147.0, 80]",144.0,110,4.0,-0.64
07:31:04,"[144.0, 78]","[142.63, 41]","[146.37, 27]","[147.39, 102]",145.19,248,2.37,-0.04
07:31:05,"[143.24, 66]","[138.88, 64]","[147.0, 70]","[149.0, 140]",145.12,340,3.76,-0.24
07:31:06,"[144.38, 52]","[142.71, 56]","[147.0, 60]","[149.0, 120]",145.69,288,2.62,-0.25
07:31:07,"[143.0, 15]","[142.0, 12]","[147.0, 15]","[149.0, 30]",145.0,72,4.0,-0.25
07:31:08,"[143.78, 90]","[142.69, 51]","[147.0, 55]","[149.0, 105]",145.39,301,3.22,-0.06
07:31:09,"[144.0, 110]","[143.0, 55]","[147.0, 55]","[149.0, 110]",145.5,330,3.0,0.0
07:31:10,"[144.0, 98]","[143.0, 55]","[147.0, 55]","[149.0, 110]",145.5,318,3.0,-0.04
07:31:11,"[144.0, 30]","[143.0, 25]","[147.0, 25]","[149.0, 50]",145.5,130,3.0,-0.15
07:31:12,"[144.0, 18]","[143.0, 15]","[147.0, 15]","[149.0, 30]",145.5,78,3.0,-0.15
07:31:13,"[144.0, 48]","[143.0, 40]","[147.0, 40]","[149.0, 80]",145.5,208,3.0,-0.15
07:31:14,"[144.52, 46]","[143.49, 49]","[147.0, 37]","[149.0, 90]",145.76,222,2.48,-0.14
07:31:15,"[144.0, 19]","[143.0, 45]","[145.78, 45]","[147.0, 9]",144.89,118,1.78,0.08
07:31:16,"[144.0, 5]","[143.0, 25]","[145.0, 25]","[147.0, 5]",144.5,60,1.0,0.0
07:31:17,"[143.18, 17]","[142.27, 55]","[145.75, 40]","[147.58, 43]",144.46,155,2.57,-0.07
07:31:18,"[143.0, 11]","[142.0, 44]","[145.32, 40]","[147.0, 77]",144.16,172,2.32,-0.36
07:31:19,"[142.0, 17]","[141.24, 34]","[146.08, 26]","[147.07, 42]",144.04,119,4.08,-0.14
07:31:20,"[140.34, 41]","[137.75, 24]","[147.72, 25]","[149.73, 52]",144.03,142,7.38,-0.08
07:31:21,"[141.0, 79]","[140.0, 39]","[147.81, 52]","[149.64, 67]",144.4,237,6.81,-0.0
07:31:22,"[142.06, 48]","[140.91, 33]","[147.0, 63]","[148.0, 36]",144.53,180,4.94,-0.1
07:31:23,"[143.53, 80]","[142.0, 70]","[147.0, 140]","[148.0, 14]",145.26,304,3.47,-0.01
07:31:24,"[145.17, 29]","[141.25, 24]","[147.0, 45]","[148.0, 7]",146.09,105,1.83,0.01
07:31:25,"[145.0, 44]","[142.55, 33]","[146.57, 46]","[147.23, 26]",145.78,149,1.57,0.03
07:31:26,"[144.77, 13]","[142.57, 14]","[146.0, 14]","[147.0, 16]",145.38,57,1.23,-0.05
07:31:27,"[144.0, 42]","[140.0, 70]","[145.38, 26]","[146.96, 46]",144.69,184,1.38,0.22
07:31:28,"[140.0, 18]","[137.0, 6]","[146.06, 16]","[147.5, 10]",143.03,50,6.06,-0.04
07:31:29,"[140.0, 27]","[137.0, 9]","[143.89, 27]","[146.14, 29]",141.94,92,3.89,-0.22
07:31:30,"[140.0, 12]","[137.0, 4]","[143.0, 12]","[145.75, 20]",141.5,48,3.0,-0.33
07:31:31,"[140.0, 18]","[137.0, 6]","[143.0, 18]","[145.0, 30]",141.5,72,3.0,-0.33
07:31:32,"[141.5, 24]","[139.08, 13]","[143.65, 23]","[145.15, 27]",142.58,87,2.15,-0.15
07:31:33,"[143.0, 48]","[140.51, 35]","[144.0, 78]","[145.5, 12]",143.5,173,1.0,-0.04
07:31:34,"[143.0, 52]","[139.0, 13]","[144.14, 37]","[145.72, 25]",143.57,127,1.14,0.02
07:31:35,"[142.2, 25]","[138.33, 15]","[144.37, 19]","[145.88, 24]",143.28,83,2.17,-0.04
07:31:36,"[140.71, 63]","[138.89, 19]","[144.92, 12]","[145.97, 34]",142.82,128,4.2,0.28
07:31:37,"[142.0, 168]","[139.09, 22]","[144.0, 11]","[145.98, 41]",143.0,242,2.0,0.57
07:31:38,"[140.5, 28]","[136.12, 34]","[145.82, 11]","[153.68, 25]",143.16,98,5.32,0.27
07:31:39,"[138.92, 99]","[137.13, 39]","[146.0, 11]","[147.0, 33]",142.46,182,7.08,0.52
07:31:40,"[142.8, 59]","[139.54, 28]","[146.0, 5]","[147.0, 15]",144.4,107,3.2,0.63
07:31:41,"[144.52, 149]","[142.4, 30]","[146.94, 16]","[177.74, 38]",145.73,233,2.41,0.54
07:31:42,"[142.67, 9]","[138.43, 42]","[148.95, 37]","[339.84, 31]",145.81,119,6.28,-0.14
07:31:43,"[143.17, 92]","[142.34, 100]","[145.93, 15]","[147.3, 27]",144.55,234,2.76,0.64
07:31:44,"[144.0, 14]","[143.0, 84]","[145.0, 7]","[148.0, 21]",144.5,126,1.0,0.56
07:31:45,"[145.27, 52]","[143.33, 12]","[148.0, 24]","[461.94, 32]",146.63,120,2.73,0.07
07:31:46,"[146.74, 149]","[145.38, 48]","[148.08, 39]","[236.0, 24]",147.41,260,1.33,0.52
07:31:47,"[147.44, 79]","[144.24, 37]","[450.0, 17]","[658.71, 42]",298.72,175,302.56,0.33
07:31:48,"[144.23, 26]","[142.48, 25]","[212.78, 27]","[645.09, 34]",178.5,112,68.55,-0.09
07:31:49,"[145.0, 24]","[144.0, 24]","[340.75, 28]","[532.35, 34]",242.88,110,195.75,-0.13
07:31:50,"[145.88, 16]","[144.0, 16]","[206.75, 20]","[456.33, 24]",176.31,76,60.88,-0.16
07:31:51,"[147.91, 88]","[146.85, 78]","[221.47, 15]","[290.02, 49]",184.69,230,73.56,0.44
07:31:52,"[149.0, 86]","[148.0, 40]","[198.0, 10]","[282.58, 36]",173.5,172,49.0,0.47
07:31:53,"[149.42, 48]","[148.69, 51]","[309.22, 41]","[355.85, 13]",229.32,153,159.8,0.29
07:31:54,"[150.0, 36]","[149.0, 44]","[152.0, 9]","[312.0, 45]",151.0,134,2.0,0.19
07:31:55,"[150.0, 32]","[149.0, 32]","[188.75, 8]","[408.17, 18]",169.38,90,38.75,0.42
07:31:56,"[150.0, 43]","[149.0, 56]","[510.52, 44]","[574.73, 60]",330.26,203,360.52,-0.02
07:31:57,"[150.0, 15]","[149.0, 20]","[632.78, 23]","[668.35, 17]",391.39,75,482.78,-0.07
07:31:58,"[147.41, 34]","[147.94, 35]","[438.0, 30]","[664.72, 47]",292.71,146,290.59,-0.05
07:31:59,"[143.0, 132]","[142.0, 11]","[327.73, 49]","[430.11, 36]",235.37,228,184.73,0.25
07:32:00,"[143.0, 63]","[140.44, 9]","[298.67, 45]","[438.0, 27]",220.83,144,155.67,0.0
07:32:01,"[143.28, 116]","[141.7, 44]","[295.65, 85]","[317.81, 73]",219.46,318,152.37,0.01
07:32:02,"[151.0, 32]","[143.0, 56]","[292.88, 40]","[294.5, 40]",221.94,168,141.88,0.05
07:32:03,"[151.0, 28]","[143.0, 49]","[290.43, 35]","[291.43, 35]",220.71,147,139.43,0.05
07:32:04,"[144.22, 46]","[142.29, 55]","[288.77, 65]","[291.0, 65]",216.49,231,144.55,-0.13
07:32:05,"[145.73, 22]","[144.4, 20]","[286.57, 35]","[289.29, 35]",216.15,112,140.84,-0.25
07:32:06,"[145.76, 21]","[142.43, 42]","[279.74, 58]","[519.5, 40]",212.75,161,133.98,-0.22
07:32:07,"[142.31, 39]","[140.42, 57]","[182.31, 45]","[182.0, 31]",162.31,172,40.0,0.12
07:32:08,"[142.0, 10]","[140.0, 15]","[143.33, 6]","[145.0, 6]",142.67,37,1.33,0.35
07:32:09,"[142.0, 16]","[140.0, 40]","[143.05, 37]","[144.5, 16]",142.53,109,1.05,0.03
07:32:10,"[140.0, 55]","[138.0, 11]","[144.17, 29]","[145.36, 22]",142.09,117,4.17,0.13
07:32:11,"[140.0, 55]","[138.0, 11]","[142.36, 33]","[144.91, 22]",141.18,121,2.36,0.09
07:32:12,"[140.0, 50]","[138.0, 10]","[143.0, 21]","[144.82, 34]",141.5,115,3.0,0.04
07:32:13,"[142.11, 37]","[142.38, 48]","[145.69, 26]","[249.75, 16]",143.9,127,3.58,0.34
07:32:14,"[144.09, 11]","[143.06, 53]","[234.33, 9]","[429.86, 21]",189.21,94,90.24,0.36
07:32:15,"[144.0, 90]","[143.0, 90]","[176.78, 9]","[394.5, 12]",160.39,201,32.78,0.79
07:32:16,"[144.0, 48]","[143.0, 90]","[147.8, 10]","[296.89, 9]",145.9,157,3.8,0.76
07:32:17,"[144.0, 70]","[143.0, 100]","[147.0, 20]","[148.7, 10]",145.5,200,3.0,0.7
07:32:18,"[144.0, 42]","[143.0, 60]","[147.0, 12]","[149.0, 6]",145.5,120,3.0,0.7
07:32:19,"[144.0, 56]","[143.0, 80]","[147.0, 16]","[149.0, 8]",145.5,160,3.0,0.7
07:32:20,"[144.24, 37]","[143.34, 61]","[146.56, 18]","[148.6, 10]",145.4,126,2.31,0.56
07:32:21,"[144.23, 53]","[143.26, 108]","[147.8, 40]","[191.91, 44]",146.01,245,3.57,0.31
07:32:22,"[144.0, 26]","[143.0, 130]","[147.27, 15]","[160.1, 20]",145.63,191,3.27,0.63
07:32:23,"[144.0, 12]","[143.0, 60]","[146.5, 6]","[148.5, 12]",145.25,90,2.5,0.6
07:32:24,"[143.2, 79]","[142.69, 116]","[145.0, 14]","[148.69, 26]",144.1,235,1.8,0.66
07:32:25,"[143.0, 121]","[142.0, 66]","[146.91, 11]","[148.84, 19]",144.95,217,3.91,0.72
07:32:26,"[143.0, 66]","[142.0, 36]","[147.62, 8]","[148.91, 11]",145.31,121,4.62,0.69
07:32:27,"[143.72, 25]","[142.94, 99]","[147.0, 30]","[148.0, 10]",145.36,164,3.28,0.51
07:32:28,"[143.0, 93]","[142.0, 90]","[144.15, 59]","[147.33, 39]",143.58,281,1.15,0.3
07:32:29,"[143.0, 44]","[142.0, 66]","[144.0, 44]","[147.0, 22]",143.5,176,1.0,0.25
07:32:30,"[142.62, 32]","[141.5, 36]","[144.0, 28]","[147.0, 14]",143.31,110,1.38,0.24
07:32:31,"[142.0, 90]","[138.74, 53]","[143.47, 30]","[146.93, 30]",142.73,203,1.47,0.41
07:32:32,"[142.0, 72]","[135.53, 19]","[143.0, 12]","[148.0, 24]",142.5,127,1.0,0.43
07:32:33,"[142.0, 42]","[139.0, 7]","[145.22, 9]","[148.17, 12]",143.61,70,3.22,0.4
07:32:34,"[142.16, 75]","[140.06, 18]","[148.0, 39]","[445.82, 44]",145.08,176,5.84,0.06
07:32:35,"[142.0, 36]","[138.54, 13]","[148.0, 18]","[448.33, 24]",145.0,91,6.0,0.08
07:32:36,"[142.0, 42]","[139.0, 14]","[148.0, 21]","[379.43, 28]",145.0,105,6.0,0.07
07:32:37,"[142.45, 88]","[141.19, 74]","[151.85, 27]","[309.89, 36]",147.15,225,9.4,0.44
07:32:38,"[144.11, 72]","[142.0, 54]","[194.5, 20]","[335.83, 24]",169.31,170,50.39,0.48
07:32:39,"[146.71, 56]","[143.23, 52]","[300.0, 32]","[382.5, 16]",223.36,156,153.29,0.38
07:32:40,"[146.67, 55]","[143.73, 74]","[300.0, 44]","[403.0, 32]",223.34,205,153.33,0.26
07:32:41,"[147.92, 49]","[144.45, 33]","[629.11, 38]","[800.0, 21]",388.51,141,481.19,0.16
07:32:42,"[149.82, 94]","[148.31, 32]","[641.0, 36]","[642.0, 36]",395.41,198,491.18,0.27
07:32:43,"[151.0, 72]","[150.0, 40]","[625.12, 24]","[641.5, 24]",388.06,160,474.12,0.4
07:32:44,"[151.0, 90]","[150.0, 50]","[543.9, 30]","[603.7, 30]",347.45,200,392.9,0.4
07:32:45,"[151.0, 99]","[150.0, 55]","[402.64, 33]","[438.18, 33]",276.82,220,251.64,0.4
07:32:46,"[151.0, 59]","[150.0, 35]","[365.71, 21]","[366.71, 21]",258.36,136,214.71,0.38
07:32:47,"[151.0, 39]","[150.0, 45]","[346.1, 29]","[355.89, 27]",248.55,140,195.1,0.2
07:32:48,"[151.0, 33]","[150.0, 55]","[313.62, 39]","[314.95, 38]",232.31,165,162.62,0.07
07:32:49,"[150.55, 33]","[149.36, 84]","[312.89, 27]","[314.0, 36]",231.72,180,162.34,0.3
07:32:50,"[150.0, 28]","[149.0, 108]","[311.13, 23]","[312.42, 19]",230.57,178,161.13,0.53
07:32:51,"[150.0, 32]","[149.0, 144]","[308.77, 30]","[310.77, 26]",229.38,232,158.77,0.52
07:32:52,"[149.69, 55]","[148.92, 185]","[304.33, 42]","[305.56, 45]",227.01,327,154.64,0.47
07:32:53,"[149.0, 149]","[146.0, 45]","[166.37, 38]","[199.59, 44]",157.68,276,17.37,0.41
07:32:54,"[149.0, 89]","[146.0, 50]","[150.4, 50]","[268.14, 42]",149.7,231,1.4,0.2
07:32:55,"[149.0, 23]","[146.0, 35]","[151.71, 35]","[506.47, 19]",150.36,112,2.71,0.04
07:32:56,"[149.0, 16]","[146.0, 40]","[152.0, 40]","[190.71, 21]",150.5,117,3.0,-0.04
07:32:57,"[149.96, 45]","[148.44, 27]","[152.0, 60]","[167.0, 36]",150.98,168,2.04,-0.14
07:32:58,"[147.13, 23]","[145.25, 24]","[152.0, 30]","[373.67, 18]",149.57,95,4.87,-0.01
07:32:59,"[147.0, 12]","[146.0, 30]","[150.88, 24]","[263.38, 24]",148.94,90,3.88,-0.07
07:33:00,"[147.14, 14]","[146.0, 35]","[151.56, 27]","[266.52, 29]",149.35,105,4.41,-0.07
07:33:01,"[146.91, 22]","[145.25, 40]","[150.38, 24]","[152.0, 40]",148.64,126,3.47,-0.02
07:33:02,"[146.0, 36]","[144.0, 45]","[148.26, 31]","[151.66, 41]",147.13,153,2.26,0.06
07:33:03,"[144.48, 33]","[143.4, 25]","[146.88, 25]","[150.74, 31]",145.68,114,2.4,0.02
07:33:04,"[144.22, 45]","[143.42, 36]","[146.0, 16]","[151.0, 50]",145.11,147,1.78,0.1
07:33:05,"[144.0, 14]","[143.0, 18]","[146.0, 6]","[151.0, 30]",145.0,68,2.0,-0.06
07:33:06,"[143.61, 23]","[142.88, 48]","[145.65, 17]","[154.84, 73]",144.63,161,2.04,-0.12
07:33:07,"[144.49, 35]","[142.3, 46]","[164.24, 34]","[269.63, 54]",154.36,169,19.75,-0.04
07:33:08,"[145.0, 18]","[142.0, 36]","[150.0, 18]","[458.0, 27]",147.5,99,5.0,0.09
07:33:09,"[145.0, 22]","[142.0, 44]","[150.0, 22]","[261.2, 45]",147.5,133,5.0,-0.01
07:33:10,"[145.83, 24]","[142.26, 38]","[148.41, 34]","[150.67, 30]",147.12,126,2.58,-0.02
07:33:11,"[144.6, 10]","[142.15, 26]","[148.0, 24]","[150.0, 16]",146.3,76,3.4,-0.05
07:33:12,"[140.13, 45]","[138.24, 51]","[147.78, 27]","[150.0, 18]",143.96,141,7.64,0.36
07:33:13,"[140.93, 30]","[134.1, 93]","[147.59, 41]","[150.16, 50]",144.26,214,6.65,0.15
07:33:14,"[140.18, 17]","[136.82, 98]","[148.0, 13]","[149.0, 26]",144.09,154,7.82,0.49
07:33:15,"[137.32, 66]","[125.95, 57]","[146.27, 11]","[148.83, 18]",141.8,152,8.95,0.62
07:33:16,"[128.5, 50]","[71.42, 19]","[139.0, 22]","[141.12, 25]",133.75,116,10.5,0.19
07:33:17,"[113.11, 61]","[93.77, 26]","[138.92, 13]","[140.08, 24]",126.02,124,25.81,0.4
07:33:18,"[106.55, 11]","[85.16, 19]","[142.0, 8]","[144.0, 16]",124.27,54,35.45,0.11
07:33:19,"[131.0, 40]","[92.63, 19]","[142.0, 10]","[144.0, 20]",136.5,89,11.0,0.33
07:33:20,"[140.05, 20]","[136.86, 42]","[143.41, 17]","[144.75, 40]",141.73,119,3.36,0.04
07:33:21,"[142.33, 24]","[140.67, 12]","[144.76, 33]","[148.67, 30]",143.55,99,2.42,-0.27
07:33:22,"[139.44, 32]","[136.35, 40]","[144.42, 59]","[152.81, 31]",141.93,162,4.99,-0.11
07:33:23,"[135.0, 84]","[126.38, 26]","[138.0, 70]","[140.81, 27]",136.5,207,3.0,0.06
07:33:24,"[135.0, 78]","[119.3, 43]","[138.0, 65]","[139.0, 13]",136.5,199,3.0,0.22
07:33:25,"[135.0, 54]","[121.57, 23]","[138.0, 37]","[139.0, 9]",136.5,123,3.0,0.25
07:33:26,"[135.0, 60]","[54.67, 15]","[138.0, 40]","[139.0, 10]",136.5,125,3.0,0.2
07:33:27,"[135.0, 54]","[53.22, 18]","[138.0, 36]","[139.0, 9]",136.5,117,3.0,0.23
07:33:28,"[135.31, 48]","[116.77, 44]","[138.0, 40]","[139.0, 10]",136.66,142,2.69,0.3
07:33:29,"[133.0, 54]","[131.12, 96]","[138.0, 30]","[139.0, 12]",135.5,192,5.0,0.56
07:33:30,"[131.61, 46]","[130.15, 82]","[138.78, 9]","[139.93, 30]",135.19,167,7.17,0.53
07:33:31,"[138.53, 30]","[132.12, 50]","[139.84, 25]","[140.64, 44]",139.19,149,1.31,0.07
07:33:32,"[137.49, 43]","[136.88, 68]","[140.7, 20]","[141.83, 48]",139.09,179,3.21,0.24
07:33:33,"[138.0, 10]","[135.8, 20]","[141.0, 10]","[142.0, 50]",139.5,90,3.0,-0.33
07:33:34,"[138.35, 17]","[135.06, 34]","[140.0, 68]","[141.0, 17]",139.18,136,1.65,-0.25
07:33:35,"[134.91, 22]","[132.57, 46]","[140.03, 37]","[141.75, 16]",137.47,121,5.12,0.12
07:33:36,"[134.0, 24]","[132.0, 72]","[139.54, 28]","[140.19, 26]",136.77,150,5.54,0.28
07:33:37,"[134.0, 28]","[132.0, 84]","[138.71, 14]","[140.0, 42]",136.36,168,4.71,0.33
07:33:38,"[134.0, 12]","[132.0, 48]","[137.12, 8]","[140.0, 24]",135.56,92,3.12,0.3
07:33:39,"[134.33, 9]","[132.15, 39]","[139.5, 10]","[141.25, 20]",136.92,78,5.17,0.23
07:33:40,"[136.02, 92]","[135.69, 29]","[139.0, 22]","[141.0, 11]",137.51,154,2.98,0.57
07:33:41,"[138.41, 102]","[137.41, 17]","[140.45, 22]","[142.78, 45]",139.43,186,2.04,0.28
07:33:42,"[138.74, 54]","[136.51, 43]","[140.59, 17]","[142.72, 29]",139.66,143,1.85,0.36
07:33:43,"[138.0, 77]","[130.0, 28]","[141.0, 14]","[143.0, 35]",139.5,154,3.0,0.36
07:33:44,"[139.19, 72]","[132.92, 50]","[141.09, 22]","[142.94, 48]",140.14,192,1.9,0.27
07:33:45,"[133.29, 21]","[122.94, 35]","[142.0, 7]","[143.0, 35]",137.64,98,8.71,0.14
07:33:46,"[135.5, 18]","[133.56, 73]","[142.0, 14]","[143.0, 70]",138.75,175,6.5,0.04
07:33:47,"[138.85, 20]","[135.33, 18]","[142.0, 8]","[143.0, 40]",140.43,86,3.15,-0.12
07:33:48,"[139.0, 24]","[138.0, 8]","[141.25, 16]","[159.73, 22]",140.12,70,2.25,-0.09
07:33:49,"[138.93, 41]","[135.88, 50]","[177.88, 40]","[209.55, 40]",158.4,171,38.95,0.06
07:33:50,"[139.06, 47]","[135.46, 54]","[200.26, 53]","[446.53, 47]",169.66,201,61.2,0.0
07:33:51,"[146.0, 18]","[136.0, 27]","[196.93, 27]","[257.95, 38]",171.46,110,50.93,-0.18
07:33:52,"[150.55, 66]","[141.71, 21]","[198.05, 41]","[200.33, 45]",174.3,173,47.5,0.01
07:33:53,"[151.0, 70]","[148.5, 24]","[197.71, 35]","[232.0, 31]",174.36,160,46.71,0.17
07:33:54,"[151.0, 97]","[149.0, 40]","[197.0, 50]","[232.98, 46]",174.0,233,46.0,0.18
07:33:55,"[151.0, 49]","[149.0, 28]","[196.57, 35]","[250.5, 26]",173.79,138,45.57,0.12
07:33:56,"[151.0, 49]","[149.0, 44]","[195.45, 55]","[281.0, 15]",173.23,163,44.45,0.14
07:33:57,"[151.0, 24]","[149.0, 32]","[194.0, 40]","[260.0, 8]",172.5,104,43.0,0.08
07:33:58,"[151.0, 21]","[149.0, 28]","[193.71, 35]","[260.0, 7]",172.36,91,42.71,0.08
07:33:59,"[150.3, 23]","[148.14, 28]","[192.67, 45]","[486.77, 13]",171.49,109,42.36,-0.06
07:34:00,"[149.0, 30]","[146.0, 30]","[188.8, 75]","[195.46, 71]",168.9,206,39.8,-0.42
07:34:01,"[146.0, 24]","[143.0, 24]","[186.17, 60]","[188.0, 60]",166.08,168,40.17,-0.43
07:34:02,"[147.43, 47]","[147.31, 49]","[185.33, 60]","[186.67, 60]",166.38,216,37.91,-0.11
07:34:03,"[148.0, 57]","[146.0, 28]","[184.79, 70]","[202.0, 68]",166.39,223,36.79,-0.24
07:34:04,"[149.67, 9]","[147.82, 22]","[186.0, 30]","[290.46, 26]",167.83,87,36.33,-0.29
07:34:05,"[151.0, 10]","[148.0, 40]","[183.6, 47]","[187.5, 40]",167.3,137,32.6,-0.27
07:34:06,"[148.38, 16]","[146.73, 22]","[179.4, 42]","[180.07, 30]",163.89,110,31.03,-0.31
07:34:07,"[148.0, 26]","[146.0, 26]","[176.85, 65]","[178.69, 65]",162.42,182,28.85,-0.43
07:34:08,"[148.0, 26]","[146.0, 26]","[173.48, 62]","[174.7, 56]",160.74,170,25.48,-0.39
07:34:09,"[148.0, 24]","[146.0, 24]","[166.25, 48]","[168.45, 51]",157.12,147,18.25,-0.35
07:34:10,"[148.6, 30]","[146.67, 18]","[162.55, 33]","[163.91, 33]",155.57,114,13.95,-0.16
07:34:11,"[149.0, 72]","[148.0, 24]","[157.18, 45]","[159.1, 39]",153.09,180,8.18,0.07
07:34:12,"[149.0, 84]","[148.0, 28]","[152.35, 51]","[153.57, 28]",150.68,191,3.35,0.17
07:34:13,"[149.04, 25]","[148.03, 29]","[150.57, 21]","[175.57, 42]",149.81,117,1.53,-0.08
07:34:14,"[149.15, 13]","[148.08, 24]","[150.46, 26]","[178.16, 38]",149.81,101,1.31,-0.27
07:34:15,"[143.52, 89]","[143.07, 30]","[147.85, 26]","[188.94, 62]",145.68,207,4.33,0.15
07:34:16,"[143.59, 37]","[142.93, 43]","[166.72, 25]","[206.55, 22]",155.16,127,23.13,0.26
07:34:17,"[143.14, 42]","[142.38, 13]","[272.08, 26]","[363.87, 30]",207.61,111,128.93,-0.01
07:34:18,"[146.0, 18]","[143.0, 80]","[277.27, 33]","[344.64, 28]",211.64,159,131.27,0.23
07:34:19,"[144.41, 17]","[142.87, 23]","[287.58, 43]","[342.62, 13]",216.0,96,143.17,-0.17
07:34:20,"[143.0, 27]","[139.67, 27]","[186.0, 9]","[302.51, 39]",164.5,102,43.0,0.06
07:34:21,"[139.55, 88]","[138.56, 54]","[240.29, 35]","[390.35, 34]",189.92,211,100.74,0.35
07:34:22,"[140.51, 185]","[139.25, 93]","[142.62, 47]","[206.63, 30]",141.56,355,2.11,0.57
07:34:23,"[141.28, 116]","[139.32, 59]","[222.91, 22]","[538.62, 16]",182.1,213,81.62,0.64
07:34:24,"[141.0, 108]","[140.0, 70]","[333.14, 42]","[550.75, 16]",237.07,236,192.14,0.51
07:34:25,"[145.35, 69]","[140.92, 88]","[316.32, 38]","[581.12, 32]",230.83,227,170.97,0.38
07:34:26,"[146.75, 60]","[141.62, 72]","[252.9, 50]","[254.0, 50]",199.82,232,106.15,0.14
07:34:27,"[148.11, 71]","[146.92, 39]","[252.0, 45]","[304.67, 27]",200.06,182,103.89,0.21
07:34:28,"[149.0, 24]","[148.0, 54]","[232.0, 15]","[260.59, 27]",190.5,120,83.0,0.3
07:34:29,"[148.8, 45]","[147.93, 84]","[220.54, 41]","[330.05, 41]",184.67,211,71.74,0.22
07:34:30,"[148.0, 117]","[146.0, 39]","[217.54, 65]","[448.23, 65]",182.77,286,69.54,0.09
07:34:31,"[148.0, 48]","[146.0, 24]","[215.88, 40]","[374.18, 22]",181.94,134,67.88,0.07
07:34:32,"[148.0, 20]","[146.0, 15]","[214.0, 25]","[480.0, 25]",181.0,85,66.0,-0.18
07:34:33,"[148.0, 18]","[146.0, 21]","[213.14, 35]","[480.0, 35]",180.57,109,65.14,-0.28
07:34:34,"[148.0, 14]","[146.0, 21]","[206.56, 27]","[293.12, 33]",177.28,95,58.56,-0.26
07:34:35,"[148.0, 16]","[146.0, 24]","[210.75, 24]","[212.0, 40]",179.38,104,62.75,-0.23
07:34:36,"[148.0, 24]","[146.0, 36]","[173.39, 56]","[210.5, 40]",160.7,156,25.39,-0.23
07:34:37,"[148.7, 46]","[146.55, 29]","[169.0, 55]","[210.0, 33]",158.85,163,20.3,-0.08
07:34:38,"[149.0, 57]","[148.0, 18]","[168.78, 41]","[196.77, 31]",158.89,147,19.78,0.02
07:34:39,"[149.0, 55]","[148.0, 22]","[166.04, 47]","[167.98, 41]",157.52,165,17.04,-0.07
07:34:40,"[149.0, 70]","[148.0, 28]","[163.3, 64]","[165.44, 48]",156.15,210,14.3,-0.07
07:34:41,"[149.0, 40]","[148.0, 16]","[160.0, 24]","[161.0, 40]",154.5,120,11.0,-0.07
07:34:42,"[149.41, 59]","[148.74, 54]","[158.4, 58]","[159.45, 73]",153.9,244,8.99,-0.07
07:34:43,"[150.09, 55]","[149.03, 62]","[155.45, 65]","[156.61, 62]",152.77,244,5.36,-0.04
07:34:44,"[150.56, 54]","[149.67, 90]","[152.93, 68]","[155.78, 54]",151.74,266,2.37,0.08
07:34:45,"[149.74, 38]","[148.95, 74]","[152.38, 48]","[158.0, 64]",151.06,224,2.64,0.0
07:34:46,"[149.0, 52]","[148.0, 24]","[150.51, 41]","[155.56, 43]",149.76,160,1.51,-0.05
07:34:47,"[145.54, 52]","[143.44, 158]","[150.07, 42]","[272.88, 68]",147.8,320,4.53,0.31
07:34:48,"[143.03, 198]","[141.86, 71]","[148.82, 33]","[159.0, 11]",145.92,313,5.79,0.72
07:34:49,"[143.2, 123]","[142.39, 183]","[146.31, 48]","[383.73, 44]",144.75,398,3.12,0.54
07:34:50,"[143.0, 84]","[142.0, 180]","[144.86, 21]","[216.95, 44]",143.93,329,1.86,0.6
07:34:51,"[143.91, 22]","[142.2, 60]","[274.3, 10]","[432.88, 34]",209.1,126,130.39,0.3
07:34:52,"[143.0, 16]","[142.0, 96]","[410.7, 23]","[440.76, 17]",276.85,152,267.7,0.47
07:34:53,"[143.0, 16]","[139.0, 42]","[435.25, 20]","[576.7, 20]",289.12,98,292.25,0.18
07:34:54,"[143.21, 28]","[141.5, 100]","[340.23, 43]","[427.3, 40]",241.72,211,197.02,0.21
07:34:55,"[144.0, 27]","[143.0, 18]","[256.24, 38]","[331.33, 36]",200.12,119,112.24,-0.24
07:34:56,"[144.11, 27]","[143.0, 24]","[256.0, 61]","[258.0, 36]",200.06,148,111.89,-0.31
07:34:57,"[145.25, 36]","[143.0, 24]","[254.08, 60]","[256.0, 24]",199.67,144,108.83,-0.17
07:34:58,"[146.97, 40]","[143.0, 28]","[251.07, 70]","[252.06, 78]",199.02,216,104.1,-0.37
07:34:59,"[149.0, 28]","[142.22, 100]","[164.25, 57]","[250.07, 70]",156.62,255,15.25,0.0
07:35:00,"[143.26, 70]","[140.98, 50]","[153.25, 60]","[154.22, 59]",148.25,239,9.99,0.0
07:35:01,"[143.86, 169]","[141.88, 145]","[153.0, 65]","[154.0, 65]",148.43,444,9.14,0.41
07:35:02,"[144.0, 133]","[142.0, 120]","[152.1, 50]","[154.0, 50]",148.05,353,8.1,0.43
07:35:03,"[144.0, 72]","[142.0, 72]","[150.72, 29]","[152.0, 30]",147.36,203,6.72,0.42
07:35:04,"[144.0, 114]","[142.0, 120]","[146.7, 44]","[148.54, 46]",145.35,324,2.7,0.44
07:35:05,"[144.0, 110]","[142.0, 80]","[146.55, 55]","[148.68, 47]",145.27,292,2.55,0.3
07:35:06,"[142.29, 119]","[140.82, 122]","[144.67, 57]","[430.95, 59]",143.48,357,2.38,0.35
07:35:07,"[142.13, 94]","[135.82, 84]","[143.46, 52]","[478.31, 52]",142.79,282,1.33,0.26
07:35:08,"[142.0, 48]","[124.75, 24]","[353.75, 32]","[424.0, 8]",247.88,112,211.75,0.29
07:35:09,"[143.56, 9]","[142.4, 30]","[465.33, 12]","[0, 0]",304.44,51,321.78,0.53
07:35:10,"[145.3, 20]","[143.0, 20]","[0, 0]","[0, 0]",72.65,40,-145.3,1.0
07:35:11,"[147.0, 16]","[143.0, 16]","[0, 0]","[0, 0]",73.5,32,-147.0,1.0
07:35:12,"[147.0, 4]","[143.0, 4]","[0, 0]","[0, 0]",73.5,8,-147.0,1.0
07:35:13,"[147.0, 11]","[144.0, 24]","[770.53, 30]","[772.0, 14]",458.77,79,623.53,-0.11
07:35:14,"[142.67, 18]","[139.25, 24]","[300.38, 32]","[485.3, 23]",221.52,97,157.71,-0.13
07:35:15,"[142.0, 21]","[131.0, 21]","[144.0, 20]","[146.0, 21]",143.0,83,2.0,0.01
07:35:16,"[142.0, 12]","[136.6, 20]","[143.5, 8]","[145.2, 10]",142.75,50,1.5,0.28
07:35:17,"[137.6, 30]","[118.23, 44]","[143.81, 37]","[191.69, 32]",140.71,143,6.21,0.03
07:35:18,"[131.0, 30]","[91.42, 48]","[139.4, 25]","[144.94, 16]",135.2,119,8.4,0.31
07:35:19,"[131.92, 38]","[115.86, 28]","[137.67, 24]","[138.8, 20]",134.79,110,5.75,0.2
07:35:20,"[132.08, 65]","[128.0, 39]","[137.85, 26]","[140.85, 33]",134.96,163,5.77,0.28
07:35:21,"[133.83, 60]","[128.0, 36]","[138.0, 24]","[141.0, 36]",135.92,156,4.17,0.23
07:35:22,"[135.84, 19]","[134.68, 47]","[138.19, 21]","[141.36, 33]",137.02,120,2.35,0.1
07:35:23,"[138.0, 40]","[137.0, 8]","[142.0, 12]","[179.23, 22]",140.0,82,4.0,0.17
07:35:24,"[140.25, 12]","[139.42, 36]","[144.12, 24]","[271.0, 24]",142.19,96,3.88,0.0
07:35:25,"[140.09, 43]","[136.06, 31]","[144.73, 33]","[174.39, 41]",142.41,148,4.63,0.0
07:35:26,"[140.0, 45]","[134.0, 27]","[144.0, 48]","[256.13, 31]",142.0,151,4.0,-0.05
07:35:27,"[140.7, 23]","[137.89, 27]","[151.69, 39]","[287.7, 23]",146.19,112,11.0,-0.11
07:35:28,"[143.46, 28]","[142.25, 68]","[306.89, 70]","[476.41, 78]",225.18,244,163.42,-0.21
07:35:29,"[148.12, 34]","[145.88, 26]","[281.48, 25]","[330.81, 53]",214.8,138,133.36,-0.13
07:35:30,"[151.0, 24]","[149.0, 16]","[481.5, 40]","[575.05, 20]",316.25,100,330.5,-0.2
07:35:31,"[151.0, 30]","[149.0, 20]","[175.0, 50]","[445.58, 38]",163.0,138,24.0,-0.28
07:35:32,"[151.0, 21]","[149.0, 14]","[269.22, 27]","[409.58, 31]",210.11,93,118.22,-0.25
07:35:33,"[151.0, 24]","[149.0, 16]","[302.25, 24]","[408.43, 28]",226.62,92,151.25,-0.13
07:35:34,"[151.0, 24]","[149.0, 16]","[326.88, 24]","[645.0, 16]",238.94,80,175.88,0.0
07:35:35,"[149.46, 13]","[145.47, 17]","[339.94, 18]","[523.67, 15]",244.7,63,190.48,-0.05
07:35:36,"[143.52, 23]","[142.15, 59]","[212.33, 36]","[373.8, 25]",177.93,143,68.81,0.15
07:35:37,"[143.0, 30]","[142.0, 80]","[153.47, 38]","[204.0, 42]",148.24,190,10.47,0.16
07:35:38,"[145.0, 9]","[143.0, 35]","[151.89, 45]","[177.28, 29]",148.44,118,6.89,-0.25
07:35:39,"[143.25, 36]","[142.18, 68]","[149.2, 50]","[199.42, 36]",146.22,190,5.95,0.09
07:35:40,"[144.3, 37]","[142.23, 48]","[149.5, 60]","[281.5, 44]",146.9,189,5.2,-0.1
07:35:41,"[143.49, 63]","[142.13, 87]","[149.04, 83]","[150.48, 31]",146.26,264,5.54,0.14
07:35:42,"[144.55, 20]","[142.29, 56]","[148.86, 37]","[324.12, 17]",146.71,130,4.31,0.17
07:35:43,"[142.59, 34]","[139.94, 96]","[148.73, 44]","[150.0, 11]",145.66,185,6.14,0.41
07:35:44,"[142.38, 29]","[140.19, 91]","[147.45, 44]","[148.15, 26]",144.92,190,5.08,0.26
07:35:45,"[143.01, 75]","[141.92, 36]","[145.11, 18]","[150.6, 30]",144.06,159,2.1,0.4
07:35:46,"[143.0, 60]","[142.0, 30]","[144.0, 10]","[176.78, 27]",143.5,127,1.0,0.42
07:35:47,"[142.0, 30]","[139.0, 10]","[184.68, 22]","[269.8, 30]",163.34,92,42.68,-0.13
07:35:48,"[145.35, 20]","[143.33, 9]","[321.91, 22]","[517.19, 16]",233.63,67,176.56,-0.13
07:35:49,"[146.17, 24]","[145.0, 12]","[217.16, 43]","[318.89, 38]",181.66,117,71.0,-0.38
07:35:50,"[148.43, 28]","[147.08, 26]","[289.36, 33]","[505.64, 28]",218.9,115,140.94,-0.06
07:35:51,"[148.51, 51]","[147.56, 41]","[370.83, 36]","[499.92, 24]",259.67,152,222.32,0.21
07:35:52,"[148.0, 36]","[145.0, 9]","[230.0, 27]","[578.0, 18]",189.0,90,82.0,0.0
07:35:53,"[148.0, 40]","[145.0, 10]","[210.31, 26]","[428.25, 24]",179.15,100,62.31,0.0
07:35:54,"[147.55, 22]","[143.67, 9]","[165.8, 10]","[454.0, 16]",156.67,57,18.25,0.09
07:35:55,"[143.0, 12]","[142.0, 24]","[165.0, 6]","[166.0, 12]",154.0,54,22.0,0.33
07:35:56,"[143.0, 26]","[142.0, 52]","[162.82, 17]","[163.84, 31]",152.91,126,19.82,0.24
07:35:57,"[143.0, 18]","[142.0, 36]","[160.73, 11]","[162.92, 25]",151.86,90,17.73,0.2
07:35:58,"[143.77, 52]","[142.29, 34]","[150.0, 45]","[160.22, 23]",146.88,154,6.23,0.12
07:35:59,"[143.98, 45]","[142.78, 18]","[145.0, 40]","[160.0, 24]",144.49,127,1.02,-0.01
07:36:00,"[143.0, 7]","[142.0, 28]","[144.22, 23]","[146.36, 33]",143.61,91,1.22,-0.23
07:36:01,"[143.0, 5]","[142.0, 20]","[144.0, 15]","[145.0, 25]",143.5,65,1.0,-0.23
07:36:02,"[143.0, 16]","[142.0, 36]","[144.33, 45]","[164.36, 33]",143.67,130,1.33,-0.2
07:36:03,"[142.12, 32]","[140.6, 15]","[143.56, 45]","[145.0, 45]",142.84,137,1.43,-0.31
07:36:04,"[141.18, 33]","[106.67, 24]","[143.82, 55]","[200.92, 49]",142.5,161,2.64,-0.29
07:36:05,"[137.82, 34]","[110.94, 34]","[145.36, 33]","[184.46, 39]",141.59,140,7.54,-0.03
07:36:06,"[139.21, 38]","[118.44, 36]","[144.59, 34]","[158.52, 46]",141.9,154,5.38,-0.04
07:36:07,"[139.0, 18]","[58.43, 14]","[146.0, 15]","[256.14, 7]",142.5,54,7.0,0.19
07:36:08,"[139.87, 46]","[128.38, 26]","[144.39, 49]","[198.91, 22]",142.13,143,4.52,0.01
07:36:09,"[140.0, 28]","[139.0, 14]","[145.0, 7]","[146.0, 35]",142.5,84,5.0,0.0
07:36:10,"[140.75, 48]","[139.33, 30]","[146.07, 29]","[149.18, 49]",143.41,156,5.32,0.0
07:36:11,"[144.88, 34]","[142.6, 20]","[147.0, 45]","[211.84, 19]",145.94,118,2.12,-0.08
07:36:12,"[145.29, 45]","[143.42, 62]","[146.78, 46]","[414.54, 35]",146.04,188,1.49,0.14
07:36:13,"[145.0, 24]","[142.0, 45]","[147.5, 12]","[364.0, 21]",146.25,102,2.5,0.35
07:36:14,"[145.0, 12]","[139.0, 24]","[149.0, 6]","[311.33, 18]",147.0,60,4.0,0.2
07:36:15,"[145.0, 22]","[143.8, 25]","[149.0, 11]","[264.18, 33]",147.0,91,4.0,0.03
07:36:16,"[146.91, 47]","[144.9, 20]","[149.0, 10]","[324.0, 30]",147.96,107,2.09,0.25
07:36:17,"[146.65, 34]","[144.14, 21]","[149.0, 7]","[378.0, 21]",147.82,83,2.35,0.33
07:36:18,"[144.11, 54]","[143.12, 68]","[189.06, 34]","[410.0, 42]",166.58,198,44.95,0.23
07:36:19,"[144.75, 28]","[143.18, 49]","[181.55, 29]","[335.69, 26]",163.15,132,36.8,0.17
07:36:20,"[144.88, 24]","[143.12, 72]","[250.26, 19]","[385.21, 29]",197.57,144,105.39,0.33
07:36:21,"[144.0, 42]","[143.0, 126]","[147.65, 34]","[285.1, 40]",145.82,242,3.65,0.39
07:36:22,"[143.19, 78]","[142.27, 231]","[146.36, 33]","[212.67, 36]",144.78,378,3.17,0.63
07:36:23,"[143.0, 40]","[142.0, 192]","[144.82, 17]","[217.9, 20]",143.91,269,1.82,0.72
07:36:24,"[143.0, 32]","[142.0, 240]","[145.0, 24]","[147.1, 20]",144.0,316,2.0,0.72
07:36:25,"[142.0, 96]","[139.0, 16]","[146.0, 8]","[148.0, 8]",144.0,128,4.0,0.75
07:36:26,"[142.0, 192]","[139.0, 32]","[146.0, 16]","[148.0, 16]",144.0,256,4.0,0.75
07:36:27,"[142.0, 248]","[139.0, 44]","[147.18, 22]","[198.79, 28]",144.59,342,5.18,0.71
07:36:28,"[142.66, 61]","[141.88, 190]","[146.38, 26]","[190.58, 31]",144.52,308,3.73,0.63
07:36:29,"[144.0, 9]","[142.04, 104]","[147.0, 27]","[236.0, 27]",145.5,167,3.0,0.35
07:36:30,"[144.4, 50]","[143.62, 24]","[213.6, 30]","[213.83, 30]",179.0,134,69.2,0.1
07:36:31,"[143.85, 20]","[142.59, 61]","[252.47, 47]","[538.78, 18]",198.16,146,108.62,0.11
07:36:32,"[145.33, 12]","[143.0, 48]","[433.4, 30]","[678.29, 42]",289.37,132,288.07,-0.09
07:36:33,"[146.0, 12]","[144.72, 58]","[424.69, 32]","[442.89, 46]",285.34,148,278.69,-0.05
07:36:34,"[146.8, 10]","[145.0, 50]","[281.5, 30]","[296.4, 30]",214.15,120,134.7,0.0
07:36:35,"[148.0, 11]","[145.0, 55]","[279.25, 24]","[288.91, 32]",213.62,122,131.25,0.08
07:36:36,"[145.23, 39]","[143.87, 39]","[252.62, 26]","[258.21, 28]",198.92,132,107.38,0.18
07:36:37,"[145.0, 48]","[144.0, 12]","[227.12, 25]","[228.69, 26]",186.06,111,82.12,0.08
07:36:38,"[145.67, 60]","[144.48, 42]","[214.33, 30]","[215.82, 33]",180.0,165,68.67,0.24
07:36:39,"[147.33, 60]","[145.0, 60]","[211.15, 41]","[212.81, 31]",179.24,192,63.81,0.25
07:36:40,"[149.0, 18]","[145.0, 36]","[207.3, 20]","[208.32, 25]",178.15,99,58.3,0.09
07:36:41,"[150.0, 12]","[145.0, 24]","[206.83, 12]","[207.88, 17]",178.42,65,56.83,0.11
07:36:42,"[144.03, 31]","[142.67, 36]","[204.1, 41]","[205.12, 34]",174.06,142,60.07,-0.06
07:36:43,"[150.52, 67]","[142.82, 22]","[200.17, 23]","[201.59, 29]",175.35,141,49.65,0.26
07:36:44,"[151.0, 63]","[143.12, 16]","[198.0, 27]","[199.0, 18]",174.5,124,47.0,0.27
07:36:45,"[151.0, 91]","[144.0, 13]","[194.52, 44]","[195.94, 33]",172.76,181,43.52,0.15
07:36:46,"[151.0, 45]","[144.0, 10]","[190.68, 31]","[191.97, 34]",170.84,120,39.68,-0.08
07:36:47,"[150.67, 24]","[145.29, 14]","[185.55, 40]","[186.79, 34]",168.11,112,34.88,-0.32
07:36:48,"[150.0, 20]","[144.3, 10]","[182.62, 21]","[184.38, 29]",166.31,80,32.62,-0.25
07:36:49,"[147.0, 12]","[143.09, 33]","[179.44, 36]","[180.35, 26]",163.22,107,32.44,-0.16
07:36:50,"[143.0, 40]","[142.0, 16]","[176.7, 23]","[177.3, 33]",159.85,112,33.7,0.0
07:36:51,"[144.26, 38]","[143.37, 27]","[174.84, 19]","[175.89, 18]",159.55,102,30.58,0.27
07:36:52,"[145.57, 28]","[143.37, 49]","[173.37, 41]","[174.24, 29]",159.47,147,27.79,0.05
07:36:53,"[144.09, 22]","[142.75, 40]","[169.88, 32]","[171.51, 35]",156.98,129,25.78,-0.04
07:36:54,"[143.75, 16]","[142.86, 28]","[163.73, 60]","[165.04, 48]",153.74,152,19.98,-0.42
07:36:55,"[146.01, 109]","[145.3, 27]","[157.81, 72]","[159.19, 64]",151.91,272,11.8,0.0
07:36:56,"[147.92, 52]","[146.25, 32]","[152.94, 48]","[154.42, 48]",150.43,180,5.01,-0.07
07:36:57,"[147.83, 29]","[144.58, 31]","[149.07, 54]","[150.77, 35]",148.45,149,1.25,-0.19
07:36:58,"[144.48, 25]","[143.67, 30]","[148.0, 45]","[267.76, 17]",146.24,117,3.52,-0.06
07:36:59,"[144.0, 26]","[143.0, 14]","[145.96, 26]","[239.0, 19]",144.98,85,1.96,-0.06
07:37:00,"[144.0, 12]","[143.0, 12]","[145.33, 15]","[167.58, 26]",144.67,65,1.33,-0.26
07:37:01,"[143.33, 30]","[141.5, 20]","[145.75, 60]","[161.41, 41]",144.54,151,2.42,-0.34
07:37:02,"[134.95, 95]","[96.24, 58]","[156.14, 44]","[227.32, 19]",145.54,216,21.19,0.42
07:37:03,"[144.0, 58]","[142.0, 24]","[179.0, 16]","[194.33, 15]",161.5,113,35.0,0.45
07:37:04,"[144.22, 65]","[142.68, 41]","[179.0, 22]","[280.7, 20]",161.61,148,34.78,0.43
07:37:05,"[151.0, 9]","[149.24, 55]","[179.0, 18]","[286.33, 9]",165.0,91,28.0,0.41
07:37:06,"[151.0, 10]","[150.0, 60]","[178.6, 20]","[339.15, 13]",164.8,103,27.6,0.36
07:37:07,"[150.43, 14]","[146.57, 84]","[176.5, 20]","[525.42, 19]",163.46,137,26.07,0.43
07:37:08,"[150.0, 20]","[144.0, 120]","[175.8, 20]","[524.0, 20]",162.9,180,25.8,0.56
07:37:09,"[144.83, 58]","[143.71, 68]","[172.89, 18]","[582.67, 18]",158.86,162,28.06,0.56
07:37:10,"[144.0, 90]","[143.0, 36]","[165.55, 22]","[496.0, 18]",154.77,166,21.55,0.52
07:37:11,"[144.0, 70]","[143.0, 28]","[166.67, 12]","[408.86, 14]",155.33,124,22.67,0.58
07:37:12,"[145.23, 78]","[143.83, 72]","[147.0, 9]","[170.0, 18]",146.12,177,1.77,0.69
07:37:13,"[146.0, 76]","[144.0, 42]","[147.0, 14]","[313.84, 43]",146.5,175,1.0,0.35
07:37:14,"[146.0, 16]","[144.0, 24]","[147.0, 8]","[286.28, 32]",146.5,80,1.0,0.0
07:37:15,"[146.0, 20]","[144.0, 30]","[147.0, 10]","[148.0, 30]",146.5,90,1.0,0.11
07:37:16,"[143.0, 99]","[142.0, 37]","[147.0, 9]","[148.0, 27]",145.0,172,4.0,0.58
07:37:17,"[143.0, 33]","[142.0, 12]","[147.0, 3]","[148.0, 9]",145.0,57,4.0,0.58
07:37:18,"[143.0, 87]","[142.0, 52]","[147.0, 13]","[148.0, 39]",145.0,191,4.0,0.46
07:37:19,"[143.15, 80]","[142.76, 67]","[146.56, 9]","[147.88, 17]",144.85,173,3.41,0.7
07:37:20,"[144.41, 32]","[143.48, 109]","[146.29, 21]","[175.94, 34]",145.35,196,1.88,0.44
07:37:21,"[144.8, 40]","[143.44, 100]","[148.0, 34]","[405.48, 50]",146.4,224,3.2,0.25
07:37:22,"[144.0, 14]","[143.0, 28]","[147.0, 35]","[148.0, 7]",145.5,84,3.0,0.0
07:37:23,"[143.62, 42]","[142.5, 56]","[146.0, 52]","[148.0, 14]",144.81,164,2.38,0.2
07:37:24,"[143.0, 20]","[142.0, 36]","[146.74, 19]","[220.11, 18]",144.87,93,3.74,0.2
07:37:25,"[143.45, 40]","[142.21, 56]","[146.35, 37]","[182.57, 70]",144.9,203,2.9,-0.05
07:37:26,"[143.25, 24]","[142.14, 42]","[147.0, 60]","[298.75, 36]",145.12,162,3.75,-0.19
07:37:27,"[144.0, 24]","[143.0, 24]","[146.38, 52]","[255.0, 14]",145.19,114,2.38,-0.16
07:37:28,"[144.86, 28]","[143.29, 28]","[146.0, 40]","[147.0, 14]",145.43,110,1.14,0.02
07:37:29,"[142.23, 26]","[139.7, 10]","[146.0, 18]","[147.0, 9]",144.12,63,3.77,0.14
07:37:30,"[143.57, 23]","[141.89, 37]","[145.64, 28]","[146.71, 17]",144.6,105,2.08,0.14
07:37:31,"[144.0, 10]","[142.0, 30]","[146.0, 12]","[148.0, 10]",145.0,62,2.0,0.29
07:37:32,"[144.0, 7]","[142.0, 21]","[145.43, 7]","[147.05, 19]",144.71,54,1.43,0.04
07:37:33,"[140.67, 46]","[138.74, 102]","[144.94, 16]","[152.25, 24]",142.81,188,4.26,0.57
07:37:34,"[136.28, 106]","[117.9, 82]","[141.6, 20]","[146.73, 44]",138.94,252,5.32,0.49
07:37:35,"[139.29, 21]","[136.68, 79]","[141.47, 19]","[146.83, 53]",140.38,172,2.19,0.16
07:37:36,"[137.4, 50]","[135.63, 79]","[141.55, 11]","[146.98, 51]",139.47,191,4.15,0.35
07:37:37,"[137.0, 74]","[129.0, 17]","[142.11, 9]","[146.59, 17]",139.56,117,5.11,0.56
07:37:38,"[137.0, 8]","[116.94, 18]","[146.0, 8]","[147.0, 40]",141.5,74,9.0,-0.3
07:37:39,"[139.57, 14]","[136.2, 10]","[142.0, 15]","[146.83, 30]",140.79,69,2.43,-0.3
07:37:40,"[137.0, 11]","[136.0, 7]","[140.0, 14]","[145.0, 41]",138.5,73,3.0,-0.51
07:37:41,"[137.67, 36]","[113.77, 30]","[140.71, 21]","[155.04, 52]",139.19,139,3.05,-0.05
07:37:42,"[135.64, 36]","[130.9, 40]","[144.72, 58]","[214.6, 25]",140.18,159,9.09,-0.04
07:37:43,"[136.08, 12]","[135.0, 55]","[141.45, 44]","[144.86, 35]",138.77,146,5.37,-0.08
07:37:44,"[135.33, 61]","[133.73, 52]","[139.58, 72]","[140.76, 37]",137.46,222,4.26,0.02
07:37:45,"[136.0, 24]","[134.5, 40]","[138.88, 24]","[140.0, 24]",137.44,112,2.88,0.14
07:37:46,"[136.0, 21]","[133.0, 35]","[138.0, 21]","[140.0, 37]",137.0,114,2.0,-0.02
07:37:47,"[136.45, 33]","[132.63, 59]","[139.41, 51]","[140.29, 41]",137.93,184,2.96,0.0
07:37:48,"[137.0, 30]","[133.86, 14]","[138.5, 32]","[140.71, 34]",137.75,110,1.5,-0.2
07:37:49,"[137.0, 18]","[135.0, 6]","[140.18, 22]","[141.33, 12]",138.59,58,3.18,-0.17
07:37:50,"[135.12, 34]","[132.22, 59]","[140.35, 34]","[141.06, 47]",137.74,174,5.24,0.07
07:37:51,"[133.0, 18]","[132.0, 56]","[140.8, 30]","[222.89, 27]",136.9,131,7.8,0.13
07:37:52,"[136.4, 15]","[133.48, 29]","[140.9, 40]","[230.06, 35]",138.65,119,4.5,-0.26
07:37:53,"[138.33, 12]","[134.5, 24]","[140.0, 12]","[141.0, 59]",139.17,107,1.67,-0.33
07:37:54,"[133.78, 23]","[132.43, 21]","[140.87, 23]","[170.16, 31]",137.33,98,7.09,-0.1
07:37:55,"[133.84, 31]","[133.37, 19]","[141.0, 55]","[194.0, 44]",137.42,149,7.16,-0.33
07:37:56,"[133.0, 45]","[132.0, 9]","[140.2, 25]","[147.62, 32]",136.6,111,7.2,-0.03
07:37:57,"[133.05, 37]","[132.59, 17]","[139.64, 25]","[140.17, 24]",136.35,103,6.59,0.05
07:37:58,"[134.58, 12]","[133.14, 44]","[138.59, 27]","[139.79, 33]",136.59,116,4.01,-0.03
07:37:59,"[132.89, 27]","[131.7, 30]","[139.0, 40]","[141.0, 10]",135.94,107,6.11,0.07
07:38:00,"[132.0, 56]","[130.5, 30]","[138.63, 19]","[139.19, 31]",135.32,136,6.63,0.26
07:38:01,"[132.0, 56]","[128.0, 7]","[138.3, 10]","[139.08, 25]",135.15,98,6.3,0.29
07:38:02,"[132.0, 40]","[128.0, 5]","[139.0, 14]","[140.0, 20]",135.5,79,7.0,0.14
07:38:03,"[132.0, 43]","[128.0, 5]","[139.0, 10]","[140.0, 20]",135.5,78,7.0,0.23
07:38:04,"[132.0, 55]","[128.0, 7]","[139.0, 10]","[140.0, 20]",135.5,92,7.0,0.35
07:38:05,"[132.0, 77]","[128.0, 7]","[139.0, 10]","[140.0, 28]",135.5,122,7.0,0.38
07:38:06,"[132.0, 55]","[128.0, 5]","[139.0, 5]","[140.0, 20]",135.5,85,7.0,0.41
07:38:07,"[132.0, 55]","[128.0, 5]","[139.0, 5]","[140.0, 20]",135.5,85,7.0,0.41
07:38:08,"[132.0, 55]","[128.0, 5]","[139.0, 15]","[140.0, 20]",135.5,95,7.0,0.26
07:38:09,"[132.35, 17]","[131.88, 34]","[139.0, 15]","[140.0, 16]",135.68,82,6.65,0.24
07:38:10,"[134.3, 20]","[132.51, 68]","[139.0, 60]","[140.0, 40]",136.65,188,4.7,-0.06
07:38:11,"[135.0, 12]","[133.0, 30]","[139.0, 33]","[140.0, 30]",137.0,105,4.0,-0.2
07:38:12,"[133.08, 26]","[125.31, 42]","[138.76, 33]","[139.64, 55]",135.92,156,5.68,-0.13
07:38:13,"[132.66, 53]","[127.64, 36]","[136.93, 14]","[139.0, 70]",134.79,173,4.27,0.03
07:38:14,"[134.4, 30]","[133.86, 42]","[136.0, 9]","[138.16, 38]",135.2,119,1.6,0.21
07:38:15,"[136.06, 48]","[134.14, 43]","[138.0, 52]","[139.0, 78]",137.03,221,1.94,-0.18
07:38:16,"[137.0, 54]","[136.0, 9]","[138.0, 36]","[139.0, 49]",137.5,148,1.0,-0.15
07:38:17,"[133.87, 46]","[128.76, 58]","[138.19, 27]","[139.2, 75]",136.03,206,4.32,0.01
07:38:18,"[133.19, 37]","[131.33, 39]","[138.97, 113]","[139.96, 116]",136.08,305,5.78,-0.5
07:38:19,"[137.12, 17]","[133.56, 25]","[139.0, 64]","[140.0, 60]",138.06,166,1.88,-0.49
07:38:20,"[135.91, 11]","[133.0, 66]","[139.0, 47]","[140.0, 66]",137.45,190,3.09,-0.19
07:38:21,"[137.86, 43]","[133.65, 23]","[139.0, 16]","[140.0, 48]",138.43,130,1.14,0.02
07:38:22,"[135.33, 45]","[132.48, 33]","[190.64, 22]","[213.14, 56]",162.98,156,55.3,0.0
07:38:23,"[137.71, 68]","[133.65, 31]","[249.74, 38]","[430.56, 50]",193.72,187,112.03,0.06
07:38:24,"[143.88, 34]","[142.91, 44]","[173.82, 22]","[461.59, 41]",158.85,141,29.94,0.11
07:38:25,"[144.0, 24]","[143.0, 32]","[172.75, 16]","[195.0, 25]",158.38,97,28.75,0.15
07:38:26,"[144.0, 20]","[143.0, 28]","[145.77, 13]","[176.76, 17]",144.88,78,1.77,0.23
07:38:27,"[144.0, 11]","[143.0, 28]","[194.46, 26]","[413.39, 31]",169.23,96,50.46,-0.19
07:38:28,"[145.33, 140]","[144.68, 77]","[317.65, 85]","[673.06, 68]",231.49,370,172.32,0.17
07:38:29,"[147.78, 78]","[145.31, 39]","[430.27, 37]","[590.0, 20]",289.03,174,282.49,0.34
07:38:30,"[149.0, 70]","[148.0, 21]","[268.83, 29]","[307.26, 27]",208.91,147,119.83,0.24
07:38:31,"[149.0, 83]","[148.0, 33]","[255.0, 33]","[256.0, 55]",202.0,204,106.0,0.14
07:38:32,"[149.0, 32]","[148.0, 33]","[216.82, 40]","[247.57, 37]",182.91,142,67.82,-0.08
07:38:33,"[148.13, 15]","[145.5, 8]","[217.43, 21]","[291.12, 24]",182.78,68,69.3,-0.32
07:38:34,"[148.0, 24]","[144.0, 12]","[230.14, 37]","[318.55, 58]",189.07,131,82.14,-0.45
07:38:35,"[149.8, 20]","[148.11, 18]","[236.8, 30]","[342.8, 50]",193.3,118,87.0,-0.36
07:38:36,"[149.67, 18]","[146.15, 27]","[207.58, 38]","[301.09, 44]",178.62,127,57.91,-0.29
07:38:37,"[144.0, 11]","[143.0, 44]","[233.27, 22]","[236.0, 33]",188.64,110,89.27,0.0
07:38:38,"[144.0, 11]","[143.0, 44]","[230.21, 28]","[233.78, 27]",187.11,110,86.21,0.0
07:38:39,"[143.75, 4]","[142.75, 16]","[229.0, 12]","[231.0, 8]",186.38,40,85.25,0.0
07:38:40,"[143.0, 6]","[142.0, 24]","[228.23, 13]","[229.24, 17]",185.62,60,85.23,0.0
07:38:41,"[143.0, 7]","[142.0, 28]","[212.78, 18]","[226.86, 14]",177.89,67,69.78,0.04
07:38:42,"[144.16, 19]","[142.21, 29]","[195.0, 24]","[209.07, 28]",169.58,100,50.84,-0.04
07:38:43,"[146.29, 126]","[144.75, 110]","[192.6, 35]","[193.92, 24]",169.45,295,46.31,0.6
07:38:44,"[148.92, 24]","[146.19, 53]","[172.54, 26]","[176.75, 24]",160.73,127,23.62,0.21
07:38:45,"[149.0, 30]","[148.0, 15]","[159.2, 30]","[160.53, 17]",154.1,92,10.2,-0.02
07:38:46,"[149.29, 17]","[148.62, 16]","[157.12, 16]","[158.2, 20]",153.21,69,7.83,-0.04
07:38:47,"[150.0, 9]","[149.0, 18]","[153.44, 18]","[154.2, 15]",151.72,60,3.44,-0.1
07:38:48,"[144.61, 79]","[146.64, 14]","[150.75, 16]","[152.2, 20]",147.68,129,6.14,0.44
07:38:49,"[144.0, 154]","[143.0, 80]","[149.16, 19]","[151.09, 32]",146.58,285,5.16,0.64
07:38:50,"[143.44, 54]","[142.88, 102]","[146.12, 17]","[269.36, 22]",144.78,195,2.67,0.6
07:38:51,"[143.42, 31]","[142.93, 118]","[146.0, 13]","[281.67, 30]",144.71,192,2.58,0.55
07:38:52,"[143.16, 76]","[142.9, 67]","[455.42, 24]","[501.53, 30]",299.29,197,312.26,0.45
07:38:53,"[143.0, 97]","[142.0, 10]","[230.19, 27]","[368.3, 20]",186.59,154,87.19,0.39
07:38:54,"[143.0, 81]","[142.0, 9]","[300.33, 9]","[302.0, 36]",221.67,135,157.33,0.33
07:38:55,"[143.0, 144]","[142.0, 16]","[229.4, 20]","[346.02, 47]",186.2,227,86.4,0.41
07:38:56,"[143.0, 135]","[142.0, 15]","[156.0, 15]","[157.67, 15]",149.5,180,13.0,0.67
07:38:57,"[143.0, 117]","[142.0, 13]","[150.0, 13]","[151.08, 13]",146.5,156,7.0,0.67
07:38:58,"[143.0, 56]","[142.0, 14]","[146.43, 14]","[147.93, 14]",144.71,98,3.43,0.43
07:38:59,"[140.75, 48]","[139.16, 57]","[144.0, 9]","[147.0, 9]",142.38,123,3.25,0.71
07:39:00,"[140.0, 84]","[139.0, 126]","[231.32, 31]","[329.18, 33]",185.66,274,91.32,0.53
07:39:01,"[139.31, 26]","[138.95, 74]","[178.05, 21]","[258.52, 29]",158.68,150,38.74,0.33
07:39:02,"[140.58, 72]","[139.36, 42]","[341.97, 35]","[563.84, 31]",241.28,180,201.39,0.27
07:39:03,"[142.0, 15]","[139.0, 63]","[295.67, 18]","[421.8, 20]",218.83,116,153.67,0.34
07:39:04,"[140.64, 33]","[138.71, 21]","[171.0, 10]","[346.0, 15]",155.82,79,30.36,0.37
07:39:05,"[151.0, 52]","[143.17, 72]","[188.71, 34]","[263.05, 38]",169.85,196,37.71,0.27
07:39:06,"[151.0, 36]","[149.09, 70]","[204.56, 45]","[317.62, 24]",177.78,175,53.56,0.21
07:39:07,"[151.0, 20]","[150.0, 30]","[203.0, 25]","[520.08, 13]",177.0,88,52.0,0.14
07:39:08,"[151.0, 35]","[150.0, 84]","[202.29, 68]","[450.79, 47]",176.65,234,51.29,0.02
07:39:09,"[151.0, 11]","[150.0, 66]","[178.73, 33]","[194.8, 41]",164.86,151,27.73,0.02
07:39:10,"[150.57, 14]","[149.81, 59]","[173.07, 43]","[185.56, 27]",161.82,143,22.5,0.02
07:39:11,"[150.7, 20]","[149.88, 95]","[172.13, 75]","[174.75, 69]",161.42,259,21.43,-0.11
07:39:12,"[151.0, 13]","[150.0, 78]","[170.0, 65]","[172.0, 65]",160.5,221,19.0,-0.18
07:39:13,"[151.0, 12]","[150.0, 72]","[168.33, 60]","[169.67, 60]",159.67,204,17.33,-0.18
07:39:14,"[151.0, 9]","[150.0, 54]","[165.11, 45]","[166.44, 45]",158.06,153,14.11,-0.18
07:39:15,"[151.0, 12]","[150.0, 72]","[162.83, 60]","[166.0, 60]",156.92,204,11.83,-0.18
07:39:16,"[150.19, 26]","[149.28, 107]","[160.33, 60]","[166.0, 60]",155.26,253,10.14,0.05
07:39:17,"[149.79, 42]","[148.96, 126]","[157.5, 42]","[158.35, 54]",153.64,264,7.71,0.27
07:39:18,"[149.0, 136]","[148.0, 80]","[155.51, 57]","[156.32, 74]",152.25,347,6.51,0.24
07:39:19,"[149.0, 21]","[148.0, 30]","[153.67, 15]","[154.93, 27]",151.33,93,4.67,0.1
07:39:20,"[148.79, 24]","[147.88, 64]","[151.51, 47]","[152.54, 39]",150.15,174,2.72,0.01
07:39:21,"[146.91, 44]","[144.65, 34]","[149.45, 44]","[150.25, 32]",148.18,154,2.55,0.01
07:39:22,"[143.6, 30]","[142.71, 28]","[146.38, 40]","[149.0, 16]",144.99,114,2.78,0.02
07:39:23,"[143.5, 20]","[142.86, 29]","[146.07, 29]","[228.5, 20]",144.78,98,2.57,0.0
07:39:24,"[143.0, 67]","[142.0, 30]","[151.47, 34]","[190.81, 42]",147.24,173,8.47,0.12
07:39:25,"[143.86, 70]","[142.6, 20]","[164.22, 32]","[310.2, 45]",154.04,167,20.36,0.08
07:39:26,"[144.0, 120]","[143.0, 12]","[160.54, 28]","[220.67, 18]",152.27,178,16.54,0.48
07:39:27,"[144.95, 81]","[144.42, 77]","[163.0, 33]","[517.31, 35]",153.98,226,18.05,0.4
07:39:28,"[147.0, 25]","[146.0, 20]","[162.0, 15]","[440.65, 23]",154.5,83,15.0,0.08
07:39:29,"[147.86, 43]","[146.96, 47]","[160.06, 35]","[188.82, 33]",153.96,158,12.2,0.14
07:39:30,"[151.0, 9]","[149.0, 45]","[154.51, 35]","[158.06, 32]",152.76,121,3.51,-0.11
07:39:31,"[149.18, 55]","[147.52, 65]","[151.52, 52]","[194.45, 58]",150.35,230,2.34,0.04
07:39:32,"[149.0, 33]","[148.0, 36]","[151.0, 36]","[152.0, 27]",150.0,132,2.0,0.05
07:39:33,"[148.53, 34]","[147.2, 40]","[150.04, 25]","[153.95, 37]",149.28,136,1.51,0.09
07:39:34,"[148.0, 23]","[146.0, 40]","[149.35, 26]","[185.16, 43]",148.67,132,1.35,-0.05
07:39:35,"[144.36, 101]","[143.98, 82]","[255.5, 42]","[521.23, 47]",199.93,272,111.14,0.35
07:39:36,"[144.0, 134]","[143.0, 20]","[146.73, 22]","[266.09, 44]",145.36,220,2.73,0.4
07:39:37,"[144.0, 95]","[143.0, 16]","[146.0, 8]","[361.5, 34]",145.0,153,2.0,0.45
07:39:38,"[144.0, 88]","[142.65, 17]","[193.07, 15]","[352.86, 28]",168.53,148,49.07,0.42
07:39:39,"[144.0, 69]","[143.0, 18]","[233.89, 36]","[427.0, 3]",188.94,126,89.89,0.38
07:39:40,"[144.0, 56]","[143.0, 16]","[304.94, 16]","[323.7, 23]",224.47,111,160.94,0.3
07:39:41,"[144.0, 84]","[143.0, 24]","[158.56, 16]","[160.71, 28]",151.28,152,14.56,0.42
07:39:42,"[144.33, 42]","[143.83, 59]","[156.33, 30]","[157.64, 22]",150.33,153,12.0,0.32
07:39:43,"[151.0, 33]","[149.83, 47]","[154.82, 22]","[156.5, 16]",152.91,118,3.82,0.36
07:39:44,"[151.0, 40]","[150.0, 70]","[152.79, 28]","[155.15, 27]",151.89,165,1.79,0.33
07:39:45,"[150.02, 56]","[144.37, 82]","[157.0, 13]","[284.35, 20]",153.51,171,6.98,0.61
07:39:46,"[150.0, 50]","[144.0, 70]","[154.4, 10]","[155.9, 10]",152.2,140,4.4,0.71
07:39:47,"[148.94, 51]","[144.2, 80]","[192.23, 26]","[215.35, 51]",170.59,208,43.29,0.26
07:39:48,"[144.0, 24]","[143.0, 120]","[214.47, 51]","[331.27, 49]",179.24,244,70.47,0.18
07:39:49,"[144.0, 18]","[143.0, 90]","[294.43, 42]","[408.59, 22]",219.21,172,150.43,0.26
07:39:50,"[144.0, 14]","[143.0, 70]","[325.0, 35]","[405.25, 16]",234.5,135,181.0,0.24
07:39:51,"[143.64, 28]","[142.98, 92]","[304.16, 44]","[472.12, 34]",223.9,198,160.52,0.21
07:39:52,"[143.72, 71]","[142.96, 94]","[245.18, 55]","[417.72, 29]",194.45,249,101.46,0.33
07:39:53,"[144.32, 76]","[143.11, 146]","[278.22, 72]","[302.0, 60]",211.27,354,133.91,0.25
07:39:54,"[145.73, 66]","[144.0, 44]","[238.94, 53]","[260.96, 46]",192.34,209,93.22,0.05
07:39:55,"[146.0, 66]","[144.0, 44]","[232.31, 54]","[233.73, 55]",189.16,219,86.31,0.0
07:39:56,"[147.0, 36]","[144.0, 24]","[214.5, 20]","[229.64, 28]",180.75,108,67.5,0.11
07:39:57,"[147.0, 66]","[144.0, 44]","[197.5, 28]","[228.41, 49]",172.25,187,50.5,0.18
07:39:58,"[147.0, 20]","[144.0, 48]","[227.64, 53]","[229.36, 55]",187.32,176,80.64,-0.23
07:39:59,"[149.36, 14]","[148.36, 14]","[215.39, 66]","[227.0, 60]",182.38,154,66.04,-0.64
07:40:00,"[150.0, 14]","[149.0, 14]","[209.52, 64]","[213.74, 62]",179.76,154,59.52,-0.64
07:40:01,"[145.0, 29]","[144.35, 49]","[206.49, 49]","[207.6, 50]",175.74,177,61.49,-0.12
07:40:02,"[143.24, 58]","[142.92, 37]","[200.08, 59]","[205.32, 50]",171.66,204,56.84,-0.07
07:40:03,"[146.27, 11]","[144.0, 22]","[173.73, 55]","[203.09, 55]",160.0,143,27.45,-0.54
07:40:04,"[148.98, 54]","[145.36, 44]","[196.8, 55]","[197.79, 57]",172.89,210,47.82,-0.07
07:40:05,"[149.07, 91]","[144.23, 128]","[194.36, 55]","[195.47, 53]",171.71,327,45.3,0.34
07:40:06,"[151.0, 39]","[149.0, 104]","[191.75, 59]","[193.03, 58]",171.37,260,40.75,0.1
07:40:07,"[151.0, 39]","[149.0, 104]","[186.27, 52]","[187.64, 58]",168.63,253,35.27,0.13
07:40:08,"[149.0, 88]","[146.0, 22]","[169.57, 54]","[182.7, 50]",159.29,214,20.57,0.03
07:40:09,"[149.0, 112]","[146.0, 28]","[152.14, 70]","[153.36, 70]",150.57,280,3.14,0.0
07:40:10,"[149.0, 107]","[146.0, 28]","[150.7, 50]","[151.64, 70]",149.85,255,1.7,0.06
07:40:11,"[148.6, 25]","[146.4, 20]","[149.85, 41]","[152.0, 50]",149.23,136,1.25,-0.34
07:40:12,"[146.8, 20]","[144.2, 80]","[148.9, 20]","[153.0, 50]",147.85,170,2.1,0.18
07:40:13,"[144.62, 52]","[143.71, 136]","[147.28, 25]","[154.72, 57]",145.95,270,2.66,0.39
07:40:14,"[144.0, 97]","[143.0, 140]","[145.67, 36]","[242.82, 39]",144.83,312,1.67,0.52
07:40:15,"[144.0, 55]","[143.0, 150]","[263.03, 32]","[449.2, 51]",203.52,288,119.03,0.42
07:40:16,"[144.14, 35]","[143.13, 115]","[166.18, 38]","[496.47, 34]",155.16,222,22.04,0.35
07:40:17,"[144.0, 70]","[143.0, 100]","[168.1, 50]","[248.92, 26]",156.05,246,24.1,0.38
07:40:18,"[144.0, 48]","[143.0, 80]","[167.25, 40]","[340.4, 30]",155.62,198,23.25,0.29
07:40:19,"[144.65, 43]","[143.34, 61]","[165.27, 55]","[323.78, 45]",154.96,204,20.62,0.02
07:40:20,"[145.0, 48]","[144.0, 36]","[164.25, 60]","[173.75, 60]",154.62,204,19.25,-0.18
07:40:21,"[145.85, 52]","[144.0, 39]","[162.92, 65]","[164.85, 65]",154.38,221,17.08,-0.18
07:40:22,"[145.03, 39]","[142.42, 71]","[159.69, 65]","[162.69, 65]",152.36,240,14.67,-0.08
07:40:23,"[144.66, 41]","[142.34, 59]","[157.83, 60]","[158.83, 60]",151.25,220,13.17,-0.09
07:40:24,"[145.0, 45]","[144.0, 30]","[154.93, 75]","[158.0, 75]",149.97,225,9.93,-0.33
07:40:25,"[144.8, 30]","[143.31, 52]","[151.07, 70]","[152.36, 70]",147.94,222,6.27,-0.26
07:40:26,"[144.0, 14]","[143.0, 84]","[149.79, 70]","[155.47, 62]",146.89,230,5.79,-0.15
07:40:27,"[144.0, 13]","[143.0, 78]","[148.33, 49]","[151.75, 61]",146.16,201,4.33,-0.09
07:40:28,"[143.97, 76]","[142.88, 50]","[145.26, 19]","[155.0, 63]",144.62,208,1.29,0.21
07:40:29,"[144.42, 24]","[143.0, 23]","[213.25, 12]","[346.24, 21]",178.83,80,68.83,0.17
07:40:30,"[144.05, 38]","[141.41, 34]","[479.18, 11]","[524.1, 20]",311.62,103,335.13,0.4
07:40:31,"[146.0, 27]","[141.47, 57]","[314.78, 23]","[569.23, 13]",230.39,120,168.78,0.4
07:40:32,"[142.11, 37]","[138.73, 33]","[224.33, 12]","[253.23, 22]",183.22,104,82.23,0.35
07:40:33,"[143.96, 25]","[142.9, 29]","[266.0, 24]","[507.0, 8]",204.98,86,122.04,0.26
07:40:34,"[144.44, 27]","[143.38, 32]","[192.0, 27]","[331.44, 9]",168.22,95,47.56,0.24
07:40:35,"[144.0, 18]","[143.0, 24]","[231.67, 6]","[332.0, 8]",187.83,56,87.67,0.5
07:40:36,"[144.0, 24]","[143.0, 32]","[251.25, 8]","[347.22, 18]",197.62,82,107.25,0.37
07:40:37,"[144.0, 33]","[143.0, 40]","[309.6, 10]","[517.0, 13]",226.8,96,165.6,0.52
07:40:38,"[144.0, 36]","[143.0, 36]","[393.55, 11]","[548.32, 25]",268.77,108,249.55,0.33
07:40:39,"[145.29, 56]","[143.55, 44]","[268.0, 35]","[268.86, 29]",206.64,164,122.71,0.22
07:40:40,"[146.0, 60]","[144.0, 40]","[264.71, 14]","[266.96, 46]",205.36,160,118.71,0.25
07:40:41,"[146.0, 30]","[144.0, 20]","[264.0, 25]","[265.0, 5]",205.0,80,118.0,0.25
07:40:42,"[146.0, 6]","[144.0, 24]","[263.91, 22]","[264.29, 14]",204.95,66,117.91,-0.09
07:40:43,"[146.0, 6]","[144.0, 24]","[262.83, 6]","[264.0, 30]",204.42,66,116.83,-0.09
07:40:44,"[146.0, 7]","[144.0, 28]","[252.0, 7]","[263.9, 31]",199.0,73,106.0,-0.04
07:40:45,"[150.7, 67]","[144.61, 23]","[192.39, 31]","[200.09, 11]",171.54,132,41.69,0.36
07:40:46,"[151.0, 99]","[146.0, 11]","[190.05, 39]","[191.37, 27]",170.53,176,39.05,0.25
07:40:47,"[151.0, 116]","[146.0, 13]","[174.37, 35]","[180.74, 43]",162.69,207,23.37,0.25
07:40:48,"[151.0, 72]","[146.0, 9]","[171.64, 14]","[172.76, 33]",161.32,128,20.64,0.27
07:40:49,"[151.0, 104]","[146.0, 63]","[168.77, 39]","[170.22, 27]",159.88,233,17.77,0.43
07:40:50,"[150.89, 55]","[146.99, 77]","[166.77, 65]","[168.0, 26]",158.83,223,15.88,0.18
07:40:51,"[144.77, 48]","[143.5, 64]","[160.16, 57]","[160.95, 60]",152.46,229,15.39,-0.02
07:40:52,"[142.7, 43]","[140.53, 34]","[144.13, 30]","[159.47, 30]",143.42,137,1.44,0.12
07:40:53,"[140.0, 16]","[137.0, 6]","[142.22, 9]","[192.07, 14]",141.11,45,2.22,-0.02
07:40:54,"[143.75, 32]","[139.82, 17]","[263.81, 21]","[444.08, 26]",203.78,96,120.06,0.02
07:40:55,"[144.58, 12]","[143.78, 37]","[202.0, 22]","[232.38, 16]",173.29,87,57.42,0.13
07:40:56,"[144.28, 25]","[143.35, 43]","[188.51, 49]","[209.34, 47]",166.4,164,44.23,-0.17
07:40:57,"[144.0, 30]","[140.0, 26]","[172.91, 22]","[173.71, 28]",158.45,106,28.91,0.06
07:40:58,"[140.71, 34]","[124.88, 25]","[169.71, 31]","[171.24, 34]",155.21,124,29.0,-0.05
07:40:59,"[140.0, 18]","[113.0, 9]","[167.67, 9]","[169.0, 36]",153.83,72,27.67,-0.25
07:41:00,"[140.0, 18]","[107.62, 29]","[166.33, 18]","[168.78, 27]",153.17,92,26.33,0.02
07:41:01,"[140.0, 24]","[121.69, 52]","[164.03, 33]","[165.15, 27]",152.02,136,24.03,0.12
07:41:02,"[126.75, 40]","[108.52, 63]","[157.54, 35]","[160.16, 38]",142.15,176,30.79,0.17
07:41:03,"[133.61, 36]","[128.13, 122]","[155.88, 33]","[158.35, 34]",144.74,225,22.27,0.4
07:41:04,"[143.73, 44]","[138.39, 162]","[153.77, 31]","[154.72, 36]",148.75,273,10.05,0.51
07:41:05,"[142.0, 150]","[107.5, 80]","[149.23, 52]","[149.84, 32]",145.62,314,7.23,0.46
07:41:06,"[142.0, 90]","[140.0, 9]","[144.09, 35]","[145.14, 28]",143.04,162,2.09,0.22
07:41:07,"[137.75, 89]","[120.94, 16]","[143.35, 37]","[173.0, 31]",140.55,173,5.6,0.21
07:41:08,"[109.73, 59]","[92.26, 57]","[144.89, 27]","[200.0, 26]",127.31,169,35.16,0.37
07:41:09,"[97.24, 55]","[52.73, 15]","[334.29, 21]","[567.29, 14]",215.76,105,237.05,0.33
07:41:10,"[90.88, 16]","[41.53, 30]","[207.67, 18]","[514.0, 12]",149.27,76,116.79,0.21
07:41:11,"[108.82, 22]","[40.61, 18]","[297.8, 30]","[481.0, 28]",203.31,98,188.98,-0.18
07:41:12,"[107.0, 6]","[81.71, 14]","[296.6, 15]","[368.43, 21]",201.8,56,189.6,-0.29
07:41:13,"[122.2, 15]","[113.36, 11]","[222.19, 31]","[374.62, 32]",172.2,89,99.99,-0.42
07:41:14,"[134.17, 52]","[131.38, 26]","[170.86, 49]","[308.0, 48]",152.52,175,36.68,-0.11
07:41:15,"[137.25, 53]","[136.97, 29]","[187.77, 60]","[206.86, 37]",162.51,179,50.52,-0.08
07:41:16,"[147.77, 86]","[146.33, 30]","[179.23, 65]","[180.2, 61]",163.5,242,31.46,-0.04
07:41:17,"[148.0, 72]","[144.25, 24]","[175.79, 57]","[177.04, 53]",161.89,206,27.79,-0.07
07:41:18,"[148.0, 66]","[145.0, 55]","[171.88, 52]","[173.15, 47]",159.94,220,23.88,0.1
07:41:19,"[148.0, 66]","[145.0, 55]","[169.11, 54]","[170.96, 45]",158.56,220,21.11,0.1
07:41:20,"[148.0, 45]","[147.0, 9]","[165.49, 37]","[167.09, 44]",156.74,135,17.49,-0.2
07:41:21,"[148.0, 60]","[147.0, 20]","[159.9, 93]","[160.89, 98]",153.95,271,11.9,-0.41
07:41:22,"[146.43, 23]","[145.55, 11]","[154.18, 55]","[156.0, 44]",150.31,133,7.75,-0.49
07:41:23,"[145.0, 32]","[143.0, 36]","[150.04, 54]","[151.42, 55]",147.52,177,5.04,-0.23
07:41:24,"[143.28, 29]","[142.29, 48]","[145.79, 53]","[147.11, 53]",144.53,183,2.52,-0.16
07:41:25,"[142.17, 24]","[141.03, 125]","[146.07, 61]","[148.54, 65]",144.12,275,3.9,0.08
07:41:26,"[141.71, 17]","[139.84, 86]","[143.21, 53]","[144.91, 46]",142.46,202,1.5,0.02
07:41:27,"[139.0, 51]","[77.44, 9]","[148.67, 24]","[408.17, 24]",143.83,108,9.67,0.11
07:41:28,"[139.35, 43]","[132.89, 72]","[145.54, 26]","[147.17, 24]",142.44,165,6.19,0.39
07:41:29,"[140.67, 15]","[137.42, 99]","[143.45, 58]","[144.34, 29]",142.06,201,2.78,0.13
07:41:30,"[138.6, 15]","[136.15, 53]","[142.0, 9]","[144.0, 18]",140.3,95,3.4,0.43
07:41:31,"[139.11, 36]","[136.33, 46]","[140.58, 12]","[144.0, 24]",139.85,118,1.47,0.39
07:41:32,"[136.2, 10]","[102.5, 18]","[139.0, 4]","[374.67, 12]",137.6,44,2.8,0.27
07:41:33,"[135.18, 11]","[79.0, 15]","[139.0, 4]","[539.29, 14]",137.09,44,3.82,0.18
07:41:34,"[135.65, 23]","[105.74, 35]","[138.58, 12]","[317.29, 35]",137.12,105,2.93,0.1
07:41:35,"[134.0, 12]","[109.92, 26]","[138.45, 11]","[139.79, 19]",136.23,68,4.45,0.12
07:41:36,"[131.0, 18]","[87.65, 37]","[139.0, 9]","[140.0, 27]",135.0,91,8.0,0.21
07:41:37,"[131.0, 8]","[127.0, 20]","[139.5, 6]","[149.85, 13]",135.25,47,8.5,0.19
07:41:38,"[131.0, 8]","[67.0, 20]","[162.29, 14]","[218.5, 16]",146.64,58,31.29,-0.03
07:41:39,"[131.0, 50]","[90.1, 50]","[257.1, 40]","[362.5, 40]",194.05,180,126.1,0.11
07:41:40,"[131.0, 22]","[99.91, 55]","[196.51, 41]","[332.91, 46]",163.76,164,65.51,-0.06
07:41:41,"[131.0, 43]","[104.7, 66]","[141.65, 69]","[308.06, 68]",136.33,246,10.65,-0.11
07:41:42,"[131.8, 20]","[69.78, 23]","[138.0, 31]","[205.0, 35]",134.9,109,6.2,-0.21
07:41:43,"[133.88, 32]","[131.0, 16]","[138.0, 30]","[205.0, 40]",135.94,118,4.12,-0.19
07:41:44,"[135.0, 24]","[131.0, 12]","[138.0, 18]","[205.0, 30]",136.5,84,3.0,-0.14
07:41:45,"[135.91, 44]","[131.0, 22]","[177.73, 37]","[265.54, 41]",156.82,144,41.82,-0.08
07:41:46,"[143.53, 30]","[140.11, 18]","[367.0, 35]","[427.11, 37]",255.27,120,223.47,-0.2
07:41:47,"[145.28, 43]","[142.75, 24]","[331.0, 70]","[398.0, 70]",238.14,207,185.72,-0.35
07:41:48,"[144.29, 7]","[143.0, 7]","[368.71, 35]","[422.6, 50]",256.5,99,224.43,-0.72
07:41:49,"[145.11, 18]","[143.33, 12]","[393.91, 44]","[489.75, 60]",269.51,134,248.8,-0.55
07:41:50,"[147.09, 70]","[146.86, 63]","[366.43, 30]","[383.93, 54]",256.76,217,219.35,0.23
07:41:51,"[148.0, 18]","[147.0, 72]","[287.85, 13]","[354.85, 41]",217.92,144,139.85,0.25
07:41:52,"[147.38, 32]","[146.85, 52]","[286.0, 10]","[371.5, 50]",216.69,144,138.62,0.17
07:41:53,"[147.0, 40]","[144.0, 8]","[257.5, 30]","[262.67, 24]",202.25,102,110.5,-0.06
07:41:54,"[147.0, 35]","[143.0, 8]","[255.31, 16]","[257.23, 22]",201.16,81,108.31,0.06
07:41:55,"[143.13, 62]","[141.45, 31]","[252.4, 35]","[254.04, 25]",197.76,153,109.27,0.22
07:41:56,"[142.0, 71]","[141.0, 33]","[247.74, 27]","[249.0, 27]",194.87,158,105.74,0.32
07:41:57,"[142.0, 60]","[141.0, 30]","[186.58, 26]","[214.08, 36]",164.29,152,44.58,0.18
07:41:58,"[142.0, 78]","[141.0, 39]","[167.31, 13]","[246.0, 39]",154.65,169,25.31,0.38
07:41:59,"[142.0, 66]","[141.0, 45]","[163.1, 21]","[174.65, 23]",152.55,155,21.1,0.43
07:42:00,"[142.0, 78]","[141.0, 39]","[158.43, 35]","[159.62, 37]",150.21,189,16.43,0.24
07:42:01,"[142.0, 72]","[141.0, 36]","[157.0, 20]","[158.12, 32]",149.5,160,15.0,0.35
07:42:02,"[143.3, 37]","[142.67, 127]","[155.24, 58]","[156.04, 50]",149.27,272,11.94,0.21
07:42:03,"[145.0, 13]","[143.42, 24]","[153.62, 16]","[154.94, 32]",149.31,85,8.62,-0.13
07:42:04,"[145.0, 13]","[143.56, 16]","[152.7, 30]","[153.44, 16]",148.85,75,7.7,-0.23
07:42:05,"[145.0, 10]","[143.0, 70]","[150.5, 10]","[151.85, 26]",147.75,116,5.5,0.38
07:42:06,"[143.03, 66]","[141.35, 40]","[147.85, 26]","[148.33, 18]",145.44,150,4.82,0.41
07:42:07,"[143.0, 71]","[142.0, 28]","[144.69, 16]","[145.62, 40]",143.84,155,1.69,0.28
07:42:08,"[143.0, 30]","[142.0, 28]","[144.93, 27]","[266.69, 26]",143.96,111,1.93,0.05
07:42:09,"[142.33, 18]","[141.25, 24]","[146.0, 9]","[351.6, 25]",144.17,76,3.67,0.11
07:42:10,"[142.0, 10]","[141.0, 15]","[146.0, 5]","[408.0, 15]",144.0,45,4.0,0.11
07:42:11,"[142.0, 26]","[141.0, 39]","[145.31, 13]","[258.71, 28]",143.65,106,3.31,0.23
07:42:12,"[142.0, 20]","[141.0, 30]","[223.88, 17]","[268.05, 22]",182.94,89,81.88,0.12
07:42:13,"[144.54, 35]","[141.78, 32]","[297.73, 22]","[303.14, 28]",221.14,117,153.18,0.15
07:42:14,"[145.0, 45]","[143.0, 45]","[193.11, 18]","[251.33, 27]",169.06,135,48.11,0.33
07:42:15,"[145.0, 60]","[143.0, 60]","[178.55, 44]","[232.71, 28]",161.77,192,33.55,0.25
07:42:16,"[145.15, 26]","[143.48, 33]","[177.33, 36]","[369.05, 19]",161.24,114,32.18,0.04
07:42:17,"[146.9, 31]","[145.5, 20]","[175.67, 60]","[263.27, 22]",161.28,133,28.76,-0.23
07:42:18,"[147.5, 12]","[144.27, 15]","[173.72, 29]","[176.71, 28]",160.61,84,26.22,-0.36
07:42:19,"[145.78, 41]","[143.16, 49]","[171.79, 58]","[173.16, 64]",158.79,212,26.01,-0.15
07:42:20,"[146.03, 94]","[145.0, 13]","[167.93, 57]","[169.0, 62]",156.98,226,21.9,-0.05
07:42:21,"[147.12, 24]","[145.0, 8]","[166.12, 32]","[168.0, 40]",156.62,104,19.0,-0.38
07:42:22,"[146.0, 40]","[141.57, 56]","[161.4, 25]","[165.0, 34]",153.7,155,15.4,0.24
07:42:23,"[143.0, 40]","[141.0, 120]","[161.7, 10]","[165.0, 40]",152.35,210,18.7,0.52
07:42:24,"[142.89, 37]","[109.0, 14]","[159.56, 25]","[161.62, 16]",151.23,92,16.67,0.11
07:42:25,"[141.9, 62]","[105.4, 25]","[155.48, 62]","[156.73, 73]",148.69,222,13.58,-0.22
07:42:26,"[141.71, 31]","[137.11, 19]","[150.84, 19]","[151.7, 43]",146.28,112,9.13,-0.11
07:42:27,"[143.64, 58]","[138.68, 25]","[147.97, 60]","[149.19, 57]",145.8,200,4.33,-0.17
07:42:28,"[143.92, 62]","[142.29, 14]","[145.4, 50]","[147.88, 41]",144.66,167,1.48,-0.09
07:42:29,"[66.68, 19]","[35.25, 48]","[136.16, 19]","[146.29, 34]",101.42,120,69.47,0.12
07:42:30,"[75.72, 50]","[41.67, 24]","[131.0, 17]","[135.0, 10]",103.36,101,55.28,0.47
07:42:31,"[121.27, 63]","[102.39, 70]","[138.11, 36]","[169.0, 44]",129.69,213,16.84,0.25
07:42:32,"[130.0, 14]","[123.45, 11]","[139.0, 40]","[328.4, 5]",134.5,70,9.0,-0.29
07:42:33,"[138.0, 20]","[122.0, 10]","[139.0, 80]","[288.16, 25]",138.5,135,1.0,-0.56
07:42:34,"[138.0, 18]","[122.0, 9]","[139.0, 72]","[238.71, 21]",138.5,120,1.0,-0.55
07:42:35,"[138.0, 16]","[124.43, 14]","[139.0, 41]","[158.24, 29]",138.5,100,1.0,-0.4
07:42:36,"[138.0, 30]","[103.0, 8]","[139.0, 32]","[416.25, 32]",138.5,102,1.0,-0.25
07:42:37,"[138.0, 127]","[111.78, 81]","[139.0, 32]","[261.33, 36]",138.5,276,1.0,0.51
07:42:38,"[110.0, 23]","[62.15, 67]","[138.33, 18]","[148.83, 24]",124.17,132,28.33,0.36
07:42:39,"[105.86, 37]","[80.28, 89]","[137.88, 32]","[139.0, 16]",121.87,174,32.01,0.45
07:42:40,"[88.55, 132]","[65.28, 120]","[135.94, 31]","[138.17, 24]",112.24,307,47.39,0.64
07:42:41,"[107.76, 58]","[98.0, 62]","[131.0, 5]","[136.0, 10]",119.38,135,23.24,0.78
07:42:42,"[110.47, 70]","[112.97, 134]","[289.57, 28]","[329.12, 17]",200.02,249,179.1,0.64
07:42:43,"[145.68, 73]","[143.0, 7]","[316.0, 28]","[515.0, 7]",230.84,115,170.32,0.39
07:42:44,"[147.0, 44]","[143.0, 5]","[256.5, 8]","[484.41, 17]",201.75,74,109.5,0.32
07:42:45,"[147.0, 35]","[143.0, 5]","[197.0, 5]","[342.8, 20]",172.0,65,50.0,0.23
07:42:46,"[147.46, 26]","[146.73, 30]","[354.33, 9]","[440.0, 24]",250.9,89,206.87,0.26
07:42:47,"[148.0, 27]","[147.0, 63]","[427.33, 30]","[586.59, 27]",287.67,147,279.33,0.22
07:42:48,"[148.54, 39]","[147.18, 51]","[189.18, 44]","[284.97, 33]",168.86,167,40.64,0.08
07:42:49,"[149.0, 53]","[148.0, 24]","[153.88, 40]","[291.53, 38]",151.44,155,4.88,-0.01
07:42:50,"[149.0, 24]","[148.0, 12]","[252.5, 20]","[427.0, 20]",200.75,76,103.5,-0.05
07:42:51,"[149.0, 16]","[148.0, 18]","[435.57, 28]","[582.29, 28]",292.29,90,286.57,-0.24
07:42:52,"[141.83, 41]","[109.16, 79]","[337.47, 51]","[445.4, 50]",239.65,221,195.64,0.09
07:42:53,"[131.0, 36]","[43.0, 14]","[323.69, 26]","[482.0, 30]",227.35,106,192.69,-0.06
07:42:54,"[143.75, 44]","[141.67, 27]","[224.0, 45]","[225.0, 45]",183.88,161,80.25,-0.12
07:42:55,"[147.17, 30]","[145.0, 18]","[224.0, 30]","[330.75, 40]",185.58,118,76.83,-0.19
07:42:56,"[148.0, 45]","[146.35, 37]","[219.67, 45]","[318.56, 45]",183.83,172,71.67,-0.05
07:42:57,"[148.17, 60]","[147.08, 60]","[171.0, 60]","[223.0, 60]",159.58,240,22.83,0.0
07:42:58,"[149.5, 60]","[147.75, 60]","[151.38, 52]","[175.67, 60]",150.44,232,1.88,0.03
07:42:59,"[148.0, 36]","[147.0, 40]","[150.5, 32]","[152.0, 40]",149.25,148,2.5,0.03
07:43:00,"[148.0, 33]","[147.0, 55]","[149.0, 34]","[249.87, 54]",148.5,176,1.0,0.0
07:43:01,"[147.0, 20]","[145.0, 12]","[162.71, 14]","[268.0, 20]",154.86,66,15.71,-0.03
07:43:02,"[147.0, 45]","[145.0, 27]","[162.0, 18]","[316.89, 45]",154.5,135,15.0,0.07
07:43:03,"[146.02, 49]","[143.38, 66]","[160.76, 29]","[238.68, 56]",153.39,200,14.74,0.15
07:43:04,"[145.06, 32]","[143.08, 73]","[157.42, 24]","[158.87, 31]",151.24,160,12.35,0.31
07:43:05,"[146.81, 32]","[145.0, 48]","[153.91, 34]","[155.17, 30]",150.36,144,7.1,0.11
07:43:06,"[144.21, 53]","[143.02, 124]","[147.88, 26]","[149.08, 24]",146.05,227,3.68,0.56
07:43:07,"[143.0, 76]","[142.0, 50]","[165.29, 34]","[240.8, 15]",154.15,175,22.29,0.44
07:43:08,"[143.0, 27]","[142.0, 45]","[191.0, 45]","[344.22, 18]",167.0,135,48.0,0.07
07:43:09,"[143.0, 21]","[142.0, 35]","[208.36, 14]","[265.47, 17]",175.68,87,65.36,0.29
07:43:10,"[149.06, 48]","[145.82, 62]","[252.65, 23]","[315.61, 31]",200.86,164,103.59,0.34
07:43:11,"[148.0, 54]","[143.0, 27]","[251.0, 9]","[268.26, 39]",199.5,129,103.0,0.26
07:43:12,"[148.0, 48]","[143.0, 24]","[250.62, 8]","[270.0, 40]",199.31,120,102.62,0.2
07:43:13,"[148.0, 36]","[143.0, 18]","[226.0, 8]","[268.18, 22]",187.0,84,78.0,0.29
07:43:14,"[148.0, 84]","[143.0, 42]","[201.6, 20]","[229.13, 23]",174.8,169,53.6,0.49
07:43:15,"[148.0, 72]","[143.0, 42]","[201.0, 12]","[309.86, 14]",174.5,140,53.0,0.63
07:43:16,"[148.0, 54]","[143.57, 35]","[191.1, 10]","[442.9, 41]",169.55,140,43.1,0.27
07:43:17,"[146.0, 30]","[142.31, 58]","[179.53, 19]","[371.71, 42]",162.76,149,33.53,0.18
07:43:18,"[143.0, 22]","[142.0, 55]","[172.47, 15]","[173.64, 11]",157.73,103,29.47,0.5
07:43:19,"[143.33, 24]","[142.09, 44]","[171.0, 16]","[171.64, 14]",157.17,98,27.67,0.39
07:43:20,"[144.27, 22]","[143.75, 32]","[167.12, 16]","[167.86, 14]",155.7,84,22.85,0.29
07:43:21,"[147.13, 15]","[145.54, 26]","[165.33, 12]","[166.38, 21]",156.23,74,18.2,0.11
07:43:22,"[145.75, 20]","[145.71, 28]","[164.08, 24]","[165.56, 18]",154.92,90,18.33,0.07
07:43:23,"[143.0, 39]","[141.38, 26]","[160.85, 13]","[164.0, 26]",151.92,104,17.85,0.25
07:43:24,"[143.0, 39]","[141.82, 22]","[155.76, 33]","[156.9, 21]",149.38,115,12.76,0.06
07:43:25,"[143.44, 16]","[142.85, 20]","[150.97, 40]","[152.62, 21]",147.21,97,7.54,-0.26
07:43:26,"[143.11, 101]","[142.6, 25]","[147.98, 44]","[149.87, 52]",145.54,222,4.87,0.14
07:43:27,"[143.0, 186]","[142.0, 12]","[146.07, 45]","[146.29, 34]",144.53,277,3.07,0.43
07:43:28,"[143.0, 105]","[142.0, 8]","[144.45, 22]","[252.0, 30]",143.73,165,1.45,0.37
07:43:29,"[143.0, 78]","[142.0, 9]","[363.12, 25]","[529.62, 29]",253.06,141,220.12,0.23
07:43:30,"[143.0, 105]","[142.0, 11]","[291.91, 45]","[502.73, 33]",217.46,194,148.91,0.2
07:43:31,"[143.0, 87]","[142.0, 8]","[182.0, 40]","[342.32, 19]",162.5,154,39.0,0.23
07:43:32,"[143.69, 32]","[142.99, 111]","[184.31, 59]","[240.98, 43]",164.0,245,40.62,0.17
07:43:33,"[144.9, 20]","[143.0, 100]","[215.6, 40]","[337.3, 46]",180.25,206,70.7,0.17
07:43:34,"[143.0, 49]","[142.0, 7]","[189.14, 28]","[215.14, 28]",166.07,112,46.14,0.0
07:43:35,"[143.0, 74]","[142.0, 14]","[189.79, 56]","[266.44, 54]",166.39,198,46.79,-0.11
07:43:36,"[142.07, 30]","[140.09, 11]","[175.18, 44]","[209.1, 40]",158.62,125,33.12,-0.34
07:43:37,"[141.0, 20]","[139.0, 10]","[173.9, 40]","[233.8, 30]",157.45,100,32.9,-0.4
07:43:38,"[141.0, 24]","[139.0, 12]","[173.0, 48]","[219.74, 43]",157.0,127,32.0,-0.43
07:43:39,"[142.0, 18]","[140.75, 16]","[173.0, 36]","[204.74, 35]",157.5,105,31.0,-0.35
07:43:40,"[145.61, 88]","[141.38, 63]","[172.1, 58]","[189.6, 60]",158.86,269,26.49,0.12
07:43:41,"[147.0, 112]","[145.0, 12]","[170.0, 30]","[171.0, 24]",158.5,178,23.0,0.39
07:43:42,"[147.39, 218]","[143.5, 24]","[169.75, 60]","[171.0, 48]",158.57,350,22.36,0.38
07:43:43,"[148.0, 196]","[147.0, 28]","[161.09, 55]","[199.57, 49]",154.55,328,13.09,0.37
07:43:44,"[148.0, 168]","[147.0, 24]","[154.38, 52]","[155.17, 48]",151.19,292,6.38,0.32
07:43:45,"[148.0, 196]","[147.0, 28]","[150.9, 62]","[151.81, 64]",149.45,350,2.9,0.28
07:43:46,"[148.0, 128]","[147.0, 28]","[153.0, 58]","[312.42, 38]",150.5,252,5.0,0.24
07:43:47,"[148.0, 32]","[147.0, 26]","[158.05, 41]","[323.88, 32]",153.02,131,10.05,-0.11
07:43:48,"[148.0, 14]","[147.0, 14]","[280.0, 25]","[496.75, 24]",214.0,77,132.0,-0.27
07:43:49,"[147.18, 11]","[142.54, 26]","[543.8, 40]","[699.88, 25]",345.49,102,396.62,-0.27
07:43:50,"[145.12, 8]","[141.91, 11]","[491.27, 30]","[595.89, 18]",318.2,67,346.14,-0.43
07:43:51,"[150.0, 18]","[142.93, 54]","[421.0, 22]","[628.0, 34]",285.5,128,271.0,0.12
07:43:52,"[143.0, 108]","[142.0, 12]","[291.17, 54]","[355.69, 39]",217.08,213,148.17,0.13
07:43:53,"[143.2, 79]","[142.84, 43]","[289.1, 51]","[314.76, 25]",216.15,198,145.9,0.23
07:43:54,"[144.62, 32]","[143.0, 72]","[288.0, 40]","[289.0, 8]",216.31,152,143.38,0.37
07:43:55,"[145.69, 52]","[143.0, 139]","[285.61, 62]","[288.71, 17]",215.65,270,139.92,0.41
07:43:56,"[143.0, 77]","[142.0, 7]","[287.65, 31]","[288.36, 11]",215.32,126,144.65,0.33
07:43:57,"[143.49, 49]","[142.98, 92]","[283.48, 50]","[284.81, 21]",213.48,212,139.99,0.33
07:43:58,"[145.0, 64]","[144.0, 8]","[213.05, 19]","[234.81, 27]",179.03,118,68.05,0.22
07:43:59,"[145.07, 40]","[144.25, 12]","[219.25, 16]","[221.57, 14]",182.16,82,74.18,0.27
07:44:00,"[147.95, 44]","[146.7, 20]","[164.38, 52]","[163.84, 55]",156.17,171,16.43,-0.25
07:44:01,"[148.0, 36]","[147.0, 10]","[155.62, 32]","[156.21, 38]",151.81,116,7.62,-0.21
07:44:02,"[147.94, 36]","[146.37, 19]","[153.37, 38]","[155.4, 47]",150.66,140,5.42,-0.21
07:44:03,"[148.0, 69]","[147.0, 14]","[150.22, 54]","[152.0, 35]",149.11,172,2.22,-0.03
07:44:04,"[147.62, 32]","[145.86, 14]","[148.92, 60]","[397.8, 40]",148.27,146,1.29,-0.37
07:44:05,"[145.0, 16]","[143.0, 26]","[147.12, 40]","[621.5, 32]",146.06,114,2.12,-0.26
07:44:06,"[144.4, 20]","[142.91, 23]","[159.6, 43]","[283.51, 39]",152.0,125,15.2,-0.31
07:44:07,"[143.94, 34]","[142.91, 23]","[294.52, 31]","[333.2, 41]",219.23,129,150.57,-0.12
07:44:08,"[145.7, 40]","[143.0, 102]","[274.88, 34]","[318.14, 42]",210.29,218,129.18,0.3
07:44:09,"[147.0, 32]","[143.0, 112]","[312.5, 24]","[455.09, 23]",229.75,191,165.5,0.51
07:44:10,"[144.19, 108]","[142.97, 156]","[308.6, 50]","[342.03, 37]",226.39,351,164.41,0.5
07:44:11,"[143.0, 133]","[142.0, 7]","[305.43, 21]","[306.89, 27]",224.21,188,162.43,0.49
07:44:12,"[143.0, 298]","[142.0, 17]","[282.37, 59]","[303.15, 67]",212.69,441,139.37,0.43
07:44:13,"[143.0, 130]","[142.0, 10]","[186.31, 39]","[239.62, 24]",164.65,203,43.31,0.38
07:44:14,"[143.0, 169]","[142.0, 13]","[172.85, 39]","[175.02, 43]",157.92,264,29.85,0.38
07:44:15,"[143.0, 227]","[142.0, 19]","[167.07, 75]","[168.85, 59]",155.03,380,24.07,0.29
07:44:16,"[143.0, 144]","[142.0, 16]","[159.96, 54]","[161.12, 64]",151.48,278,16.96,0.15
07:44:17,"[143.23, 122]","[142.84, 75]","[153.67, 63]","[155.57, 61]",148.45,321,10.44,0.23
07:44:18,"[144.13, 39]","[142.98, 101]","[148.11, 47]","[149.27, 51]",146.12,238,3.98,0.18
07:44:19,"[142.91, 88]","[140.82, 22]","[144.93, 45]","[147.73, 45]",143.92,200,2.02,0.1
07:44:20,"[142.0, 80]","[141.0, 16]","[144.0, 48]","[145.0, 48]",143.0,192,2.0,0.0
07:44:21,"[142.0, 55]","[139.89, 72]","[144.0, 29]","[145.0, 33]",143.0,189,2.0,0.34
07:44:22,"[142.17, 35]","[141.21, 124]","[144.0, 15]","[244.1, 39]",143.09,213,1.83,0.49
07:44:23,"[141.32, 76]","[140.68, 100]","[143.0, 10]","[513.6, 50]",142.16,236,1.68,0.49
07:44:24,"[141.36, 89]","[140.56, 126]","[408.09, 44]","[440.33, 48]",274.73,307,266.73,0.4
07:44:25,"[142.27, 51]","[140.94, 67]","[287.66, 38]","[404.21, 47]",214.97,203,145.38,0.16
07:44:26,"[143.0, 44]","[142.0, 22]","[297.63, 27]","[299.46, 26]",220.31,119,154.63,0.11
07:44:27,"[143.0, 56]","[142.0, 28]","[291.54, 39]","[293.7, 37]",217.27,160,148.54,0.05
07:44:28,"[143.24, 25]","[142.38, 32]","[257.37, 43]","[263.71, 55]",200.31,155,114.13,-0.26
07:44:29,"[143.67, 30]","[142.33, 30]","[207.04, 48]","[228.13, 45]",175.35,153,63.38,-0.22
07:44:30,"[144.09, 22]","[143.0, 22]","[205.0, 33]","[207.0, 22]",174.55,99,60.91,-0.11
07:44:31,"[143.56, 36]","[142.28, 36]","[202.02, 42]","[203.78, 46]",172.79,160,58.47,-0.1
07:44:32,"[143.5, 12]","[142.67, 18]","[191.11, 19]","[194.7, 20]",167.3,69,47.61,-0.13
07:44:33,"[143.06, 32]","[142.12, 34]","[178.9, 41]","[179.77, 39]",160.98,146,35.84,-0.1
07:44:34,"[143.0, 34]","[142.0, 24]","[174.83, 24]","[176.33, 24]",158.92,106,31.83,0.09
07:44:35,"[143.0, 65]","[142.0, 28]","[171.5, 28]","[172.93, 28]",157.25,149,28.5,0.25
07:44:36,"[142.77, 62]","[141.2, 79]","[169.5, 36]","[170.6, 30]",156.14,207,26.73,0.36
07:44:37,"[143.65, 160]","[142.0, 40]","[165.66, 53]","[167.09, 44]",154.66,297,22.01,0.35
07:44:38,"[144.0, 88]","[142.0, 22]","[161.73, 22]","[163.0, 55]",152.86,187,17.73,0.18
07:44:39,"[144.33, 72]","[142.0, 18]","[160.45, 22]","[162.52, 33]",152.39,145,16.12,0.24
07:44:40,"[145.0, 120]","[142.0, 30]","[157.02, 57]","[157.46, 69]",151.01,276,12.02,0.09
07:44:41,"[146.0, 136]","[142.0, 34]","[151.43, 76]","[152.29, 55]",148.72,301,5.43,0.13
07:44:42,"[147.0, 92]","[142.12, 25]","[148.0, 65]","[149.0, 65]",147.5,247,1.0,-0.05
07:44:43,"[144.13, 30]","[142.98, 82]","[147.59, 41]","[148.81, 32]",145.86,185,3.45,0.21
07:44:44,"[143.0, 63]","[142.0, 16]","[144.51, 37]","[148.89, 18]",143.76,134,1.51,0.18
07:44:45,"[142.5, 20]","[141.2, 50]","[161.94, 34]","[312.26, 43]",152.22,147,19.44,-0.05
07:44:46,"[142.0, 14]","[141.0, 56]","[171.0, 35]","[504.0, 23]",156.5,128,29.0,0.09
07:44:47,"[141.76, 37]","[140.9, 122]","[269.23, 61]","[301.98, 59]",205.49,279,127.47,0.14
07:44:48,"[141.0, 99]","[139.0, 33]","[181.78, 49]","[183.38, 39]",161.39,220,40.78,0.2
07:44:49,"[141.0, 66]","[139.0, 33]","[178.91, 55]","[183.0, 33]",159.95,187,37.91,0.06
07:44:50,"[141.0, 116]","[139.48, 63]","[159.73, 81]","[172.93, 71]",150.36,331,18.73,0.08
07:44:51,"[142.56, 81]","[140.6, 45]","[146.84, 56]","[158.88, 40]",144.7,222,4.28,0.14
07:44:52,"[145.13, 164]","[143.0, 42]","[147.54, 28]","[195.47, 36]",146.33,270,2.4,0.53
07:44:53,"[146.0, 97]","[141.15, 74]","[147.0, 33]","[266.13, 23]",146.5,227,1.0,0.51
07:44:54,"[146.32, 63]","[142.0, 24]","[181.91, 22]","[422.15, 33]",164.11,142,35.59,0.23
07:44:55,"[148.0, 26]","[143.0, 8]","[236.83, 23]","[389.12, 17]",192.41,74,88.83,-0.08
07:44:56,"[146.24, 17]","[141.15, 54]","[235.0, 18]","[435.64, 33]",190.62,122,88.76,0.16
07:44:57,"[142.0, 6]","[141.0, 60]","[495.0, 10]","[624.54, 26]",318.5,102,353.0,0.29
07:44:58,"[142.0, 6]","[141.0, 60]","[538.0, 6]","[628.0, 30]",340.0,102,396.0,0.29
07:44:59,"[142.0, 11]","[141.0, 110]","[313.68, 19]","[554.4, 47]",227.84,187,171.68,0.29
07:45:00,"[140.44, 71]","[138.84, 49]","[218.0, 25]","[318.92, 53]",179.22,198,77.56,0.21
07:45:01,"[137.8, 25]","[116.22, 32]","[220.0, 45]","[354.24, 37]",178.9,139,82.2,-0.18
07:45:02,"[139.23, 52]","[138.45, 22]","[226.28, 36]","[402.56, 32]",182.75,142,87.05,0.04
07:45:03,"[140.83, 36]","[138.66, 29]","[494.83, 12]","[728.86, 36]",317.83,113,354.0,0.15
07:45:04,"[142.27, 66]","[137.0, 11]","[401.45, 55]","[535.91, 47]",271.86,179,259.18,-0.14
07:45:05,"[144.88, 66]","[143.2, 49]","[502.33, 57]","[580.92, 65]",323.61,237,357.45,-0.03
07:45:06,"[146.46, 35]","[145.18, 40]","[532.66, 29]","[578.89, 45]",339.56,149,386.2,0.01
07:45:07,"[145.18, 22]","[142.6, 20]","[174.0, 30]","[582.0, 30]",159.59,102,28.82,-0.18
07:45:08,"[143.0, 20]","[142.0, 32]","[499.12, 34]","[632.32, 28]",321.06,114,356.12,-0.09
07:45:09,"[142.68, 19]","[141.23, 31]","[428.28, 32]","[424.4, 42]",285.48,124,285.6,-0.19
07:45:10,"[143.3, 57]","[142.0, 15]","[312.87, 39]","[324.09, 44]",228.09,155,169.57,-0.07
07:45:11,"[147.07, 40]","[145.0, 32]","[278.53, 47]","[271.86, 42]",212.8,161,131.46,-0.11
07:45:12,"[150.0, 24]","[148.0, 36]","[209.59, 32]","[214.18, 33]",179.8,125,59.59,-0.04
07:45:13,"[150.0, 24]","[148.0, 36]","[196.25, 36]","[199.0, 24]",173.12,120,46.25,0.0
07:45:14,"[150.0, 20]","[148.0, 30]","[195.44, 25]","[197.2, 25]",172.72,100,45.44,0.0
07:45:15,"[150.0, 16]","[148.0, 24]","[182.75, 20]","[195.55, 22]",166.38,82,32.75,-0.02
07:45:16,"[150.0, 14]","[148.0, 25]","[191.38, 16]","[192.21, 19]",170.69,74,41.38,0.05
07:45:17,"[150.0, 14]","[148.0, 49]","[190.14, 14]","[192.0, 21]",170.07,98,40.14,0.29
07:45:18,"[150.0, 18]","[148.0, 63]","[189.45, 22]","[191.3, 23]",169.73,126,39.45,0.29
07:45:19,"[150.0, 12]","[148.0, 77]","[187.64, 33]","[190.0, 22]",168.82,144,37.64,0.24
07:45:20,"[149.25, 20]","[147.94, 69]","[186.55, 20]","[187.75, 32]",167.9,141,37.3,0.26
07:45:21,"[149.0, 30]","[148.0, 30]","[183.33, 12]","[186.69, 26]",166.17,98,34.33,0.22
07:45:22,"[149.0, 42]","[148.0, 42]","[174.15, 26]","[175.48, 31]",161.58,141,25.15,0.19
07:45:23,"[149.0, 30]","[148.0, 30]","[171.05, 19]","[171.61, 18]",160.03,97,22.05,0.24
07:45:24,"[149.0, 42]","[148.0, 42]","[165.35, 31]","[168.61, 28]",157.18,143,16.35,0.17
07:45:25,"[149.0, 39]","[148.0, 39]","[163.88, 41]","[165.39, 38]",156.44,157,14.88,-0.01
07:45:26,"[149.0, 21]","[148.0, 21]","[161.0, 14]","[162.0, 28]",155.0,84,12.0,0.0
07:45:27,"[149.0, 36]","[148.0, 36]","[158.3, 33]","[159.59, 34]",153.65,139,9.3,0.04
07:45:28,"[148.2, 15]","[146.23, 43]","[154.53, 34]","[155.51, 39]",151.36,131,6.33,-0.11
07:45:29,"[147.77, 26]","[144.65, 46]","[149.48, 46]","[150.88, 34]",148.62,152,1.71,-0.05
07:45:30,"[144.0, 46]","[143.0, 10]","[147.5, 30]","[149.5, 30]",145.75,116,3.5,-0.03
07:45:31,"[143.89, 18]","[142.8, 10]","[145.45, 22]","[146.9, 20]",144.67,70,1.57,-0.2
07:45:32,"[142.75, 8]","[141.3, 20]","[144.38, 24]","[146.5, 12]",143.56,64,1.62,-0.12
07:45:33,"[141.19, 26]","[140.18, 44]","[144.88, 24]","[235.0, 30]",143.03,124,3.68,0.13
07:45:34,"[142.79, 67]","[139.24, 41]","[145.77, 35]","[270.04, 50]",144.28,193,2.98,0.12
07:45:35,"[144.0, 55]","[141.0, 29]","[145.82, 33]","[333.94, 49]",144.91,166,1.82,0.01
07:45:36,"[143.14, 28]","[138.58, 26]","[145.0, 24]","[553.0, 28]",144.07,106,1.86,0.02
07:45:37,"[141.0, 87]","[137.0, 33]","[144.18, 33]","[296.64, 11]",142.59,164,3.18,0.46
07:45:38,"[141.0, 169]","[137.0, 36]","[143.75, 36]","[347.0, 12]",142.38,253,2.75,0.62
07:45:39,"[141.9, 146]","[139.58, 73]","[169.72, 32]","[481.41, 34]",155.81,285,27.81,0.54
07:45:40,"[150.0, 77]","[142.0, 22]","[331.14, 35]","[444.52, 31]",240.57,165,181.14,0.2
07:45:41,"[150.0, 98]","[147.5, 28]","[322.17, 54]","[389.15, 52]",236.08,232,172.17,0.09
07:45:42,"[147.42, 19]","[142.03, 39]","[193.57, 53]","[333.14, 35]",170.49,146,46.14,-0.21
07:45:43,"[143.45, 20]","[142.21, 14]","[161.61, 44]","[173.72, 46]",152.53,124,18.16,-0.45
07:45:44,"[146.04, 45]","[145.27, 41]","[157.56, 54]","[158.89, 54]",151.8,194,11.51,-0.11
07:45:45,"[148.0, 33]","[147.0, 22]","[155.09, 33]","[157.45, 33]",151.55,121,7.09,-0.09
07:45:46,"[148.0, 27]","[147.0, 18]","[153.33, 27]","[154.78, 27]",150.67,99,5.33,-0.09
07:45:47,"[147.27, 33]","[143.15, 158]","[148.67, 45]","[149.73, 45]",147.97,281,1.39,0.36
07:45:48,"[143.18, 87]","[142.84, 31]","[148.71, 21]","[185.36, 11]",145.95,150,5.53,0.57
07:45:49,"[143.0, 233]","[142.0, 9]","[148.89, 27]","[229.0, 9]",145.94,278,5.89,0.74
07:45:50,"[143.4, 209]","[142.97, 180]","[146.93, 14]","[150.38, 34]",145.17,437,3.53,0.78
07:45:51,"[144.36, 132]","[143.0, 180]","[146.0, 12]","[148.0, 36]",145.18,360,1.64,0.73
07:45:52,"[143.51, 105]","[142.81, 64]","[146.0, 10]","[168.83, 18]",144.76,197,2.49,0.72
07:45:53,"[143.0, 74]","[142.0, 16]","[145.17, 18]","[218.75, 20]",144.08,128,2.17,0.41
07:45:54,"[143.0, 57]","[142.0, 26]","[268.59, 46]","[415.97, 31]",205.79,160,125.59,0.04
07:45:55,"[142.95, 38]","[141.89, 27]","[260.21, 34]","[288.24, 33]",201.58,132,117.26,-0.02
07:45:56,"[142.0, 18]","[141.0, 27]","[243.44, 27]","[245.0, 36]",192.72,108,101.44,-0.17
07:45:57,"[142.1, 31]","[141.05, 43]","[242.04, 73]","[243.17, 46]",192.07,193,99.94,-0.23
07:45:58,"[145.98, 61]","[143.91, 33]","[238.57, 40]","[240.75, 52]",192.28,186,92.59,0.01
07:45:59,"[147.85, 47]","[146.83, 41]","[167.06, 49]","[182.74, 23]",157.46,160,19.21,0.1
07:46:00,"[148.92, 62]","[145.0, 32]","[151.25, 48]","[375.55, 38]",150.08,180,2.33,0.04
07:46:01,"[146.29, 28]","[143.97, 29]","[150.0, 36]","[315.52, 31]",148.14,124,3.71,-0.08
07:46:02,"[146.0, 33]","[145.0, 22]","[150.0, 33]","[255.75, 24]",148.0,112,4.0,-0.02
07:46:03,"[146.0, 27]","[143.0, 18]","[149.46, 26]","[216.53, 19]",147.73,90,3.46,0.0
07:46:04,"[146.08, 24]","[143.0, 18]","[149.0, 27]","[287.75, 24]",147.54,93,2.92,-0.1
07:46:05,"[143.4, 20]","[142.1, 20]","[148.0, 40]","[262.14, 21]",145.7,101,4.6,-0.21
07:46:06,"[143.0, 32]","[142.0, 32]","[147.12, 49]","[216.71, 42]",145.06,155,4.12,-0.17
07:46:07,"[144.54, 138]","[142.93, 30]","[145.94, 51]","[301.26, 38]",145.24,257,1.4,0.31
07:46:08,"[145.0, 48]","[142.0, 12]","[146.0, 24]","[328.33, 6]",145.5,90,1.0,0.33
07:46:09,"[145.0, 56]","[142.0, 14]","[146.0, 28]","[388.0, 8]",145.5,106,1.0,0.32
07:46:10,"[146.25, 80]","[142.0, 34]","[209.75, 32]","[627.78, 41]",178.0,187,63.5,0.22
07:46:11,"[144.35, 17]","[141.04, 100]","[165.0, 22]","[166.0, 22]",154.68,161,20.65,0.45
07:46:12,"[141.12, 48]","[140.62, 74]","[164.08, 26]","[182.5, 28]",152.6,176,22.95,0.39
07:46:13,"[143.46, 56]","[141.4, 45]","[164.0, 20]","[243.0, 30]",153.73,151,20.54,0.34
07:46:14,"[143.17, 60]","[142.53, 85]","[162.4, 20]","[243.93, 30]",152.78,195,19.23,0.49
07:46:15,"[143.0, 100]","[141.0, 40]","[161.0, 20]","[277.0, 40]",152.0,200,18.0,0.4
07:46:16,"[144.82, 110]","[143.59, 114]","[161.0, 28]","[247.68, 41]",152.91,293,16.18,0.53
07:46:17,"[148.07, 111]","[146.38, 139]","[161.0, 32]","[339.25, 64]",154.54,346,12.93,0.45
07:46:18,"[149.0, 7]","[148.0, 63]","[161.0, 14]","[365.67, 18]",155.0,102,12.0,0.37
07:46:19,"[149.0, 7]","[148.0, 63]","[160.43, 14]","[484.0, 21]",154.71,105,11.43,0.33
07:46:20,"[149.0, 7]","[148.0, 63]","[160.0, 14]","[550.57, 7]",154.5,91,11.0,0.54
07:46:21,"[149.0, 5]","[148.0, 45]","[159.2, 10]","[382.67, 9]",154.1,69,10.2,0.45
07:46:22,"[148.81, 16]","[146.12, 26]","[157.8, 20]","[286.56, 18]",153.31,80,8.99,0.05
07:46:23,"[148.0, 81]","[143.0, 99]","[154.67, 39]","[156.1, 20]",151.33,239,6.67,0.51
07:46:24,"[148.0, 77]","[143.0, 187]","[150.37, 46]","[152.0, 70]",149.18,380,2.37,0.39
07:46:25,"[143.15, 158]","[142.35, 60]","[146.79, 53]","[159.86, 57]",144.97,328,3.64,0.33
07:46:26,"[144.0, 176]","[143.0, 110]","[151.88, 48]","[180.17, 46]",147.94,380,7.88,0.51
07:46:27,"[144.0, 56]","[143.0, 70]","[250.0, 21]","[303.0, 28]",197.0,175,106.0,0.44
07:46:28,"[144.0, 53]","[143.0, 70]","[250.0, 21]","[282.86, 28]",197.0,172,106.0,0.43
07:46:29,"[144.79, 47]","[143.0, 100]","[346.1, 30]","[403.95, 38]",245.44,215,201.31,0.37
07:46:30,"[145.0, 24]","[143.0, 60]","[442.0, 18]","[481.0, 24]",293.5,126,297.0,0.33
07:46:31,"[145.0, 44]","[143.0, 110]","[383.65, 34]","[397.16, 43]",264.32,231,238.65,0.33
07:46:32,"[145.19, 42]","[143.0, 130]","[290.81, 21]","[348.05, 42]",218.0,235,145.62,0.46
07:46:33,"[146.0, 14]","[143.0, 70]","[231.0, 19]","[350.55, 22]",188.5,125,85.0,0.34
07:46:34,"[146.57, 14]","[143.0, 70]","[245.38, 16]","[349.3, 20]",195.97,120,98.8,0.4
07:46:35,"[147.27, 22]","[143.0, 110]","[212.83, 36]","[312.77, 39]",180.05,207,65.56,0.28
07:46:36,"[149.98, 263]","[145.95, 21]","[197.88, 24]","[198.7, 30]",173.93,338,47.89,0.68
07:46:37,"[150.0, 243]","[149.0, 9]","[194.92, 13]","[196.35, 23]",172.46,288,44.92,0.75
07:46:38,"[150.0, 324]","[149.0, 12]","[191.75, 12]","[196.0, 36]",170.88,384,41.75,0.75
07:46:39,"[150.0, 162]","[149.0, 6]","[188.5, 16]","[192.25, 8]",169.25,192,38.5,0.75
07:46:40,"[150.0, 216]","[149.0, 8]","[186.9, 20]","[188.17, 12]",168.45,256,36.9,0.75
07:46:41,"[150.0, 281]","[149.0, 11]","[182.23, 13]","[183.31, 13]",166.12,318,32.23,0.84
07:46:42,"[150.0, 276]","[149.0, 12]","[178.42, 12]","[181.33, 12]",164.21,312,28.42,0.85
07:46:43,"[150.0, 241]","[148.14, 37]","[174.95, 19]","[175.56, 27]",162.47,324,24.95,0.72
07:46:44,"[150.0, 180]","[148.0, 48]","[171.25, 12]","[173.5, 18]",160.62,258,21.25,0.77
07:46:45,"[150.0, 225]","[148.21, 56]","[168.07, 15]","[169.4, 15]",159.03,311,18.07,0.81
07:46:46,"[150.0, 210]","[149.0, 45]","[165.41, 29]","[166.36, 25]",157.71,309,15.41,0.65
07:46:47,"[150.0, 100]","[149.0, 30]","[161.75, 16]","[162.38, 24]",155.88,170,11.75,0.53
07:46:48,"[150.0, 132]","[149.0, 45]","[159.71, 17]","[161.74, 43]",154.85,237,9.71,0.49
07:46:49,"[150.0, 112]","[149.0, 42]","[155.61, 18]","[157.0, 30]",152.81,202,5.61,0.52
07:46:50,"[150.0, 61]","[149.0, 24]","[151.38, 16]","[153.0, 8]",150.69,109,1.38,0.56
07:46:51,"[150.0, 55]","[149.0, 42]","[272.22, 54]","[494.15, 61]",211.11,212,122.22,-0.08
07:46:52,"[149.6, 15]","[148.6, 15]","[162.4, 25]","[292.8, 20]",156.0,75,12.8,-0.2
07:46:53,"[149.0, 24]","[148.0, 24]","[162.83, 24]","[239.89, 36]",155.92,108,13.83,-0.11
07:46:54,"[149.08, 26]","[147.75, 32]","[161.3, 10]","[163.0, 50]",155.19,118,12.22,-0.02
07:46:55,"[150.0, 26]","[148.0, 19]","[157.61, 33]","[162.44, 45]",153.8,123,7.61,-0.27
07:46:56,"[150.0, 12]","[148.0, 6]","[157.5, 10]","[473.05, 21]",153.75,49,7.5,-0.27
07:46:57,"[146.09, 35]","[143.41, 41]","[157.44, 16]","[402.03, 68]",151.76,160,11.35,-0.05
07:46:58,"[144.93, 46]","[142.9, 31]","[154.64, 14]","[349.59, 56]",149.79,147,9.71,0.05
07:46:59,"[146.63, 107]","[145.0, 16]","[154.0, 16]","[287.9, 71]",150.31,210,7.37,0.17
07:47:00,"[147.24, 29]","[145.62, 55]","[153.25, 12]","[246.0, 48]",150.25,144,6.01,0.17
07:47:01,"[147.0, 24]","[143.0, 54]","[152.41, 17]","[239.8, 30]",149.71,125,5.41,0.25
07:47:02,"[147.0, 20]","[143.0, 40]","[151.48, 42]","[152.22, 18]",149.24,120,4.48,0.0
07:47:03,"[144.38, 84]","[142.96, 50]","[148.31, 80]","[151.0, 16]",146.35,230,3.93,0.17
07:47:04,"[144.81, 53]","[142.53, 83]","[147.95, 41]","[155.94, 31]",146.38,208,3.14,0.31
07:47:05,"[142.0, 54]","[141.0, 27]","[150.33, 9]","[161.96, 23]",146.17,113,8.33,0.43
07:47:06,"[142.0, 48]","[141.0, 24]","[207.31, 32]","[282.68, 31]",174.66,135,65.31,0.07
07:47:07,"[142.91, 35]","[141.06, 35]","[223.09, 44]","[224.48, 61]",183.0,175,80.18,-0.2
07:47:08,"[144.71, 17]","[141.78, 18]","[219.71, 34]","[220.81, 62]",182.21,131,75.0,-0.47
07:47:09,"[146.1, 10]","[142.0, 10]","[217.47, 30]","[219.33, 30]",181.78,80,71.37,-0.5
07:47:10,"[147.0, 11]","[142.0, 11]","[215.7, 40]","[216.77, 26]",181.35,88,68.7,-0.5
07:47:11,"[141.54, 52]","[138.71, 70]","[212.95, 38]","[214.73, 22]",177.24,182,71.41,0.34
07:47:12,"[143.0, 40]","[141.0, 70]","[205.56, 39]","[211.0, 24]",174.28,173,62.56,0.27
07:47:13,"[143.0, 32]","[141.0, 56]","[174.29, 28]","[176.45, 22]",158.64,138,31.29,0.28
07:47:14,"[143.0, 44]","[141.0, 77]","[173.0, 44]","[176.0, 22]",158.0,187,30.0,0.29
07:47:15,"[144.23, 13]","[142.62, 37]","[172.88, 49]","[175.08, 26]",158.55,125,28.65,-0.2
07:47:16,"[146.39, 44]","[145.72, 25]","[170.38, 32]","[172.77, 52]",158.38,153,23.99,-0.1
07:47:17,"[148.0, 65]","[143.0, 39]","[168.05, 42]","[168.89, 36]",158.02,182,20.05,0.14
07:47:18,"[148.25, 40]","[144.79, 28]","[164.73, 30]","[166.33, 18]",156.49,116,16.48,0.17
07:47:19,"[149.0, 65]","[148.0, 75]","[162.04, 50]","[163.5, 40]",155.52,230,13.04,0.22
07:47:20,"[149.0, 39]","[148.0, 65]","[161.0, 52]","[163.0, 26]",155.0,182,12.0,0.14
07:47:21,"[149.0, 45]","[148.0, 75]","[161.0, 60]","[163.0, 30]",155.0,210,12.0,0.14
07:47:22,"[149.0, 39]","[148.0, 65]","[159.36, 22]","[160.14, 44]",154.18,170,10.36,0.22
07:47:23,"[149.0, 20]","[148.0, 80]","[156.38, 16]","[159.0, 64]",152.69,180,7.38,0.11
07:47:24,"[148.37, 19]","[146.37, 59]","[153.06, 36]","[154.48, 46]",150.71,160,4.69,-0.03
07:47:25,"[145.87, 30]","[143.5, 56]","[149.33, 36]","[151.14, 21]",147.6,143,3.47,0.2
07:47:26,"[143.5, 56]","[142.92, 53]","[146.69, 29]","[147.38, 26]",145.09,164,3.19,0.33
07:47:27,"[143.04, 48]","[142.29, 48]","[146.38, 29]","[147.53, 34]",144.71,159,3.34,0.21
07:47:28,"[142.47, 30]","[141.41, 82]","[144.65, 46]","[146.34, 29]",143.56,187,2.19,0.2
07:47:29,"[140.74, 76]","[138.79, 56]","[142.5, 24]","[154.79, 39]",141.62,195,1.76,0.35
07:47:30,"[139.0, 46]","[137.0, 30]","[142.58, 24]","[147.4, 40]",140.79,140,3.58,0.09
07:47:31,"[139.0, 17]","[137.0, 15]","[168.73, 11]","[270.79, 14]",153.86,57,29.73,0.12
07:47:32,"[139.82, 17]","[137.06, 31]","[255.95, 42]","[299.7, 20]",197.89,110,116.13,-0.13
07:47:33,"[141.0, 105]","[139.8, 15]","[184.0, 60]","[239.21, 56]",162.5,236,43.0,0.02
07:47:34,"[141.0, 77]","[140.0, 11]","[183.57, 42]","[294.27, 44]",162.29,174,42.57,0.01
07:47:35,"[141.03, 65]","[140.27, 26]","[180.08, 39]","[181.39, 31]",160.55,161,39.05,0.13
07:47:36,"[142.17, 24]","[141.0, 84]","[179.5, 48]","[181.0, 36]",160.83,192,37.33,0.12
07:47:37,"[147.83, 24]","[143.67, 39]","[178.49, 41]","[179.7, 43]",163.16,147,30.65,-0.14
07:47:38,"[149.0, 16]","[147.0, 16]","[178.0, 24]","[179.0, 32]",163.5,88,29.0,-0.27
07:47:39,"[147.24, 17]","[145.36, 11]","[176.5, 30]","[179.0, 40]",161.87,98,29.26,-0.43
07:47:40,"[147.0, 14]","[144.72, 18]","[175.5, 42]","[179.0, 88]",161.25,162,28.5,-0.6
07:47:41,"[147.0, 11]","[144.0, 55]","[174.73, 33]","[179.0, 56]",160.86,155,27.73,-0.15
07:47:42,"[146.0, 9]","[143.62, 48]","[172.77, 26]","[173.65, 23]",159.38,106,26.77,0.08
07:47:43,"[143.08, 156]","[142.12, 128]","[171.43, 42]","[172.57, 42]",157.25,368,28.35,0.54
07:47:44,"[144.33, 27]","[143.0, 162]","[170.82, 34]","[171.72, 29]",157.58,252,26.49,0.5
07:47:45,"[143.3, 100]","[142.44, 125]","[170.0, 30]","[171.0, 40]",156.65,295,26.7,0.53
07:47:46,"[143.0, 221]","[141.62, 91]","[169.9, 40]","[170.94, 51]",156.45,403,26.9,0.55
07:47:47,"[143.0, 221]","[142.0, 91]","[167.29, 51]","[177.86, 28]",155.15,391,24.29,0.6
07:47:48,"[143.16, 101]","[142.8, 171]","[163.29, 42]","[164.63, 49]",153.22,363,20.13,0.5
07:47:49,"[144.44, 32]","[143.0, 272]","[162.12, 48]","[203.03, 36]",153.28,388,17.69,0.57
07:47:50,"[145.0, 22]","[143.0, 187]","[156.22, 23]","[158.33, 30]",150.61,262,11.22,0.6
07:47:51,"[145.6, 30]","[143.38, 210]","[153.2, 30]","[156.0, 45]",149.4,315,7.6,0.52
07:47:52,"[146.88, 32]","[143.06, 263]","[149.21, 29]","[150.77, 30]",148.04,354,2.33,0.67
07:47:53,"[143.22, 144]","[142.55, 124]","[148.56, 32]","[149.4, 20]",145.89,320,5.34,0.68
07:47:54,"[143.0, 181]","[142.0, 91]","[147.87, 31]","[148.86, 21]",145.44,324,4.87,0.68
07:47:55,"[143.0, 128]","[142.0, 84]","[145.19, 16]","[146.75, 32]",144.09,260,2.19,0.63
07:47:56,"[142.71, 72]","[141.74, 104]","[144.0, 14]","[193.08, 26]",143.35,216,1.29,0.63
07:47:57,"[142.0, 49]","[141.0, 63]","[279.57, 7]","[369.0, 7]",210.79,126,137.57,0.78
07:47:58,"[142.0, 21]","[141.0, 63]","[302.57, 7]","[382.57, 7]",222.29,98,160.57,0.71
07:47:59,"[141.0, 42]","[140.0, 6]","[224.0, 6]","[393.33, 6]",182.5,60,83.0,0.6
07:48:00,"[142.77, 44]","[141.81, 57]","[291.06, 17]","[469.89, 18]",216.92,136,148.29,0.49
07:48:01,"[146.7, 20]","[145.81, 32]","[186.05, 19]","[407.45, 11]",166.38,82,39.35,0.27
07:48:02,"[146.18, 22]","[142.11, 45]","[241.0, 9]","[304.25, 12]",193.59,88,94.82,0.52
07:48:03,"[146.0, 22]","[142.58, 33]","[257.18, 11]","[352.71, 14]",201.59,80,111.18,0.38
07:48:04,"[146.0, 16]","[144.0, 16]","[236.38, 8]","[379.85, 13]",191.19,53,90.38,0.21
07:48:05,"[146.0, 22]","[144.0, 22]","[212.64, 22]","[214.0, 11]",179.32,77,66.64,0.14
07:48:06,"[146.0, 32]","[144.0, 32]","[211.06, 32]","[286.95, 21]",178.53,117,65.06,0.09
07:48:07,"[146.0, 24]","[144.0, 24]","[210.33, 24]","[247.25, 12]",178.17,84,64.33,0.14
07:48:08,"[146.0, 24]","[144.0, 24]","[207.75, 24]","[308.71, 28]",176.88,100,61.75,-0.04
07:48:09,"[146.79, 38]","[145.11, 18]","[205.44, 18]","[301.67, 9]",176.12,83,58.65,0.35
07:48:10,"[148.0, 112]","[147.0, 84]","[204.14, 28]","[210.0, 14]",176.07,238,56.14,0.65
07:48:11,"[148.57, 94]","[147.62, 78]","[201.19, 21]","[231.83, 12]",174.88,205,52.62,0.68
07:48:12,"[149.0, 87]","[148.0, 112]","[198.28, 18]","[199.33, 24]",173.64,241,49.28,0.65
07:48:13,"[149.0, 24]","[148.0, 96]","[195.14, 14]","[198.64, 22]",172.07,156,46.14,0.54
07:48:14,"[148.14, 57]","[147.43, 74]","[194.0, 24]","[195.0, 11]",171.07,166,45.86,0.58
07:48:15,"[148.0, 63]","[147.0, 54]","[191.82, 11]","[193.36, 14]",169.91,142,43.82,0.65
07:48:16,"[148.0, 77]","[147.0, 66]","[189.18, 11]","[194.0, 22]",168.59,176,41.18,0.62
07:48:17,"[148.0, 56]","[147.0, 48]","[189.0, 8]","[194.0, 16]",168.5,128,41.0,0.62
07:48:18,"[148.0, 28]","[147.0, 54]","[188.64, 11]","[193.38, 16]",168.32,109,40.64,0.5
07:48:19,"[148.0, 30]","[147.0, 93]","[186.15, 26]","[187.63, 19]",167.08,168,38.15,0.46
07:48:20,"[148.0, 32]","[147.0, 144]","[169.11, 27]","[177.95, 21]",158.56,224,21.11,0.57
07:48:21,"[147.22, 36]","[146.64, 56]","[163.78, 18]","[165.08, 24]",155.5,134,16.56,0.37
07:48:22,"[146.64, 28]","[145.29, 28]","[163.22, 23]","[233.56, 18]",154.93,97,16.57,0.15
07:48:23,"[146.0, 32]","[144.0, 32]","[161.42, 31]","[162.84, 19]",153.71,114,15.42,0.12
07:48:24,"[146.0, 28]","[144.0, 28]","[156.42, 24]","[157.52, 21]",151.21,101,10.42,0.11
07:48:25,"[146.0, 22]","[144.0, 30]","[151.72, 25]","[152.92, 24]",148.86,101,5.72,0.03
07:48:26,"[145.0, 20]","[143.0, 40]","[147.78, 27]","[149.19, 27]",146.39,114,2.78,0.05
07:48:27,"[142.38, 52]","[141.26, 95]","[145.17, 24]","[147.0, 24]",143.78,195,2.78,0.51
07:48:28,"[142.0, 46]","[141.0, 80]","[143.64, 22]","[144.5, 16]",142.82,164,1.64,0.54
07:48:29,"[142.0, 36]","[141.0, 85]","[241.22, 18]","[453.07, 15]",191.61,154,99.22,0.57
07:48:30,"[143.3, 57]","[142.19, 54]","[250.62, 26]","[329.91, 23]",196.96,160,107.32,0.39
07:48:31,"[144.45, 55]","[143.0, 44]","[279.92, 24]","[329.67, 18]",212.19,141,135.46,0.4
07:48:32,"[145.52, 62]","[144.25, 64]","[266.46, 26]","[311.05, 42]",205.99,194,120.95,0.3
07:48:33,"[146.38, 52]","[145.29, 56]","[283.0, 12]","[313.65, 46]",214.69,166,136.62,0.3
07:48:34,"[147.0, 45]","[146.0, 60]","[171.86, 35]","[237.98, 43]",159.43,183,24.86,0.15
07:48:35,"[147.0, 46]","[146.0, 56]","[149.29, 17]","[151.04, 53]",148.15,172,2.29,0.19
07:48:36,"[147.0, 12]","[146.0, 32]","[150.8, 30]","[248.27, 26]",148.9,100,3.8,-0.12
07:48:37,"[147.0, 14]","[146.0, 56]","[149.16, 44]","[152.53, 53]",148.08,167,2.16,-0.16
07:48:38,"[144.11, 19]","[142.52, 46]","[148.9, 30]","[182.0, 30]",146.5,125,4.79,0.04
07:48:39,"[142.0, 33]","[141.0, 99]","[147.0, 27]","[187.44, 27]",144.5,186,5.0,0.42
07:48:40,"[142.0, 36]","[141.0, 127]","[146.19, 32]","[168.09, 33]",144.09,228,4.19,0.43
07:48:41,"[141.14, 42]","[140.93, 71]","[144.2, 30]","[170.12, 25]",142.67,168,3.06,0.35
07:48:42,"[143.18, 44]","[140.96, 50]","[146.0, 20]","[213.0, 30]",144.59,144,2.82,0.31
07:48:43,"[143.15, 39]","[140.94, 51]","[145.7, 27]","[315.9, 29]",144.43,146,2.55,0.23
07:48:44,"[141.0, 8]","[140.0, 8]","[466.9, 10]","[584.0, 14]",303.95,40,325.9,-0.2
07:48:45,"[141.56, 9]","[140.56, 9]","[204.0, 18]","[669.59, 17]",172.78,53,62.44,-0.32
07:48:46,"[142.0, 6]","[141.0, 6]","[184.0, 9]","[316.7, 10]",163.0,31,42.0,-0.23
07:48:47,"[139.0, 36]","[137.09, 32]","[236.68, 38]","[315.12, 25]",187.84,131,97.68,0.04
07:48:48,"[138.0, 30]","[128.0, 6]","[276.0, 18]","[535.0, 6]",207.0,60,138.0,0.2
07:48:49,"[139.33, 15]","[137.22, 23]","[348.37, 19]","[569.67, 9]",243.85,66,209.04,0.15
07:48:50,"[142.0, 6]","[138.0, 30]","[507.25, 12]","[632.5, 16]",324.62,64,365.25,0.12
07:48:51,"[142.0, 4]","[138.0, 20]","[456.0, 8]","[568.5, 12]",299.0,44,314.0,0.09
