Time,Bid1,Bid2,Ask1,Ask2,Mid-Price,Total_volume,Bid_ask_spread,Order_imbalance
07:30:00,"[0, 0]","[0, 0]","[800.0, 1]","[0, 0]",400.0,1,800.0,-1.0
07:30:01,"[154.0, 2]","[0, 0]","[798.67, 3]","[0, 0]",476.33,5,644.67,-0.2
07:30:02,"[154.0, 3]","[0, 0]","[776.0, 3]","[797.0, 2]",465.0,8,622.0,-0.25
07:30:03,"[154.0, 1]","[0, 0]","[785.0, 1]","[786.0, 1]",469.5,3,631.0,-0.33
07:30:04,"[154.5, 4]","[154.0, 2]","[338.25, 4]","[450.5, 4]",246.38,14,183.75,-0.14
07:30:05,"[188.05, 37]","[134.25, 4]","[337.75, 4]","[339.0, 4]",262.9,49,149.7,0.67
07:30:06,"[190.44, 9]","[189.14, 28]","[337.0, 6]","[339.0, 6]",263.72,49,146.56,0.51
07:30:07,"[190.6, 5]","[189.11, 27]","[334.86, 7]","[335.5, 8]",262.73,47,144.26,0.36
07:30:08,"[199.0, 7]","[191.29, 7]","[332.38, 8]","[334.77, 13]",265.69,35,133.38,-0.2
07:30:09,"[189.5, 26]","[179.06, 36]","[329.67, 12]","[332.0, 6]",259.58,80,140.17,0.55
07:30:10,"[192.0, 5]","[189.0, 55]","[328.11, 9]","[330.67, 6]",260.06,75,136.11,0.6
07:30:11,"[189.27, 60]","[181.96, 52]","[327.0, 12]","[328.0, 24]",258.13,148,137.73,0.51
07:30:12,"[189.0, 63]","[177.67, 9]","[310.5, 14]","[323.62, 13]",249.75,99,121.5,0.45
07:30:13,"[189.0, 56]","[116.38, 8]","[287.38, 16]","[290.93, 15]",238.19,95,98.38,0.35
07:30:14,"[189.0, 92]","[141.0, 18]","[212.76, 21]","[228.53, 17]",200.88,148,23.76,0.49
07:30:15,"[189.0, 42]","[138.55, 11]","[195.0, 14]","[197.0, 7]",192.0,74,6.0,0.43
07:30:16,"[189.0, 38]","[180.5, 6]","[194.91, 11]","[196.6, 10]",191.95,65,5.91,0.35
07:30:17,"[189.0, 69]","[168.27, 11]","[193.07, 15]","[194.78, 18]",191.03,113,4.07,0.42
07:30:18,"[189.0, 66]","[163.14, 21]","[193.0, 22]","[200.0, 11]",191.0,120,4.0,0.45
07:30:19,"[190.86, 84]","[188.09, 69]","[192.0, 17]","[200.0, 12]",191.43,182,1.14,0.68
07:30:20,"[191.0, 42]","[189.0, 42]","[192.0, 7]","[200.0, 7]",191.5,98,1.0,0.71
07:30:21,"[191.0, 58]","[189.0, 81]","[192.0, 13]","[200.0, 13]",191.5,165,1.0,0.68
07:30:22,"[191.0, 22]","[190.0, 33]","[192.0, 11]","[200.0, 11]",191.5,77,1.0,0.43
07:30:23,"[191.0, 10]","[190.0, 21]","[196.57, 7]","[212.17, 23]",193.79,61,5.57,0.02
07:30:24,"[191.0, 7]","[190.0, 21]","[200.0, 7]","[214.0, 35]",195.5,70,9.0,-0.2
07:30:25,"[191.0, 8]","[190.0, 24]","[200.0, 8]","[214.0, 40]",195.5,80,9.0,-0.2
07:30:26,"[191.0, 33]","[190.0, 39]","[200.0, 13]","[214.0, 65]",195.5,150,9.0,-0.04
07:30:27,"[191.33, 48]","[190.69, 58]","[198.74, 27]","[204.39, 18]",195.04,151,7.41,0.4
07:30:28,"[192.69, 51]","[191.24, 59]","[195.8, 54]","[198.17, 23]",194.24,187,3.11,0.18
07:30:29,"[192.85, 39]","[191.88, 25]","[194.33, 55]","[202.31, 26]",193.59,145,1.48,-0.12
07:30:30,"[192.0, 32]","[191.0, 16]","[199.5, 16]","[203.33, 48]",195.75,112,7.5,-0.14
07:30:31,"[192.27, 22]","[191.33, 12]","[198.3, 10]","[200.0, 10]",195.29,54,6.03,0.26
07:30:32,"[192.09, 35]","[191.11, 18]","[197.0, 17]","[202.32, 50]",194.54,120,4.91,-0.12
07:30:33,"[192.0, 24]","[191.0, 12]","[194.08, 12]","[199.0, 48]",193.04,96,2.08,-0.25
07:30:34,"[192.0, 10]","[191.0, 9]","[198.21, 33]","[200.48, 31]",195.11,83,6.21,-0.54
07:30:35,"[192.0, 14]","[191.0, 14]","[197.1, 61]","[199.5, 48]",194.55,137,5.1,-0.59
07:30:36,"[189.4, 15]","[171.73, 125]","[195.73, 75]","[200.0, 45]",192.57,260,6.33,0.08
07:30:37,"[189.5, 18]","[188.05, 38]","[193.29, 70]","[200.0, 66]",191.39,192,3.79,-0.42
07:30:38,"[170.26, 31]","[172.91, 22]","[190.75, 40]","[198.7, 83]",180.5,176,20.49,-0.4
07:30:39,"[170.28, 138]","[168.76, 21]","[188.02, 42]","[189.38, 55]",179.15,256,17.75,0.24
07:30:40,"[171.66, 226]","[170.8, 60]","[182.38, 16]","[184.09, 22]",177.02,324,10.71,0.77
07:30:41,"[172.77, 26]","[171.96, 166]","[181.47, 15]","[182.64, 11]",177.12,218,8.7,0.76
07:30:42,"[172.69, 208]","[171.0, 188]","[180.07, 28]","[182.77, 13]",176.38,437,7.38,0.81
07:30:43,"[173.7, 263]","[171.22, 87]","[180.0, 13]","[183.0, 40]",176.85,403,6.3,0.74
07:30:44,"[175.67, 144]","[174.0, 99]","[180.0, 9]","[183.0, 36]",177.83,288,4.33,0.69
07:30:45,"[178.32, 182]","[178.35, 107]","[182.9, 62]","[183.85, 53]",180.61,404,4.58,0.43
07:30:46,"[181.96, 112]","[175.12, 56]","[183.48, 31]","[184.5, 36]",182.72,235,1.52,0.43
07:30:47,"[182.08, 168]","[181.0, 12]","[184.0, 34]","[185.0, 48]",183.04,262,1.92,0.37
07:30:48,"[180.1, 155]","[174.66, 123]","[184.97, 58]","[186.27, 22]",182.53,358,4.86,0.55
07:30:49,"[181.36, 101]","[179.43, 122]","[184.23, 39]","[186.48, 42]",182.79,304,2.87,0.47
07:30:50,"[182.79, 129]","[177.92, 156]","[185.0, 28]","[186.55, 33]",183.9,346,2.21,0.65
07:30:51,"[184.0, 27]","[182.03, 113]","[185.22, 18]","[186.73, 22]",184.61,180,1.22,0.56
07:30:52,"[184.36, 33]","[178.21, 115]","[187.18, 39]","[200.92, 60]",185.77,247,2.82,0.2
07:30:53,"[185.85, 13]","[176.37, 116]","[188.0, 38]","[222.0, 26]",186.92,193,2.15,0.34
07:30:54,"[177.49, 82]","[176.06, 96]","[188.0, 14]","[344.91, 32]",182.74,224,10.51,0.59
07:30:55,"[180.0, 60]","[177.0, 110]","[377.77, 31]","[498.65, 31]",278.89,232,197.77,0.47
07:30:56,"[180.0, 36]","[177.24, 58]","[421.94, 16]","[503.18, 17]",300.97,127,241.94,0.48
07:30:57,"[180.0, 66]","[177.27, 105]","[203.72, 25]","[324.5, 18]",191.86,214,23.72,0.6
07:30:58,"[180.0, 36]","[177.0, 66]","[183.0, 12]","[224.33, 6]",181.5,120,3.0,0.7
07:30:59,"[180.0, 54]","[177.0, 99]","[183.0, 18]","[185.0, 9]",181.5,180,3.0,0.7
07:31:00,"[180.0, 42]","[177.0, 77]","[183.0, 14]","[185.0, 7]",181.5,140,3.0,0.7
07:31:01,"[180.0, 90]","[177.0, 165]","[183.0, 82]","[185.0, 15]",181.5,352,3.0,0.45
07:31:02,"[180.0, 72]","[177.0, 132]","[183.05, 40]","[183.98, 47]",181.53,291,3.05,0.4
07:31:03,"[180.0, 54]","[177.0, 99]","[185.0, 36]","[187.0, 45]",182.5,234,5.0,0.31
07:31:04,"[180.0, 54]","[177.0, 99]","[185.0, 36]","[187.0, 45]",182.5,234,5.0,0.31
07:31:05,"[177.0, 132]","[176.0, 12]","[185.0, 103]","[187.0, 60]",181.0,307,8.0,-0.06
07:31:06,"[177.11, 90]","[176.73, 30]","[185.0, 90]","[187.0, 47]",181.06,257,7.89,-0.07
07:31:07,"[179.19, 32]","[177.26, 76]","[185.0, 66]","[187.0, 16]",182.09,190,5.81,0.14
07:31:08,"[179.0, 45]","[176.76, 29]","[185.0, 54]","[187.0, 19]",182.0,147,6.0,0.01
07:31:09,"[179.81, 77]","[178.46, 24]","[184.2, 59]","[185.15, 81]",182.0,241,4.4,-0.16
07:31:10,"[181.58, 64]","[179.53, 38]","[184.0, 22]","[185.0, 70]",182.79,194,2.42,0.05
07:31:11,"[182.0, 81]","[174.51, 51]","[183.77, 39]","[184.98, 43]",182.88,214,1.77,0.23
07:31:12,"[183.0, 40]","[182.0, 30]","[184.97, 31]","[186.36, 33]",183.98,134,1.97,0.04
07:31:13,"[183.0, 36]","[182.0, 27]","[185.0, 18]","[186.0, 9]",184.0,90,2.0,0.4
07:31:14,"[177.46, 37]","[172.78, 49]","[184.75, 16]","[185.64, 11]",181.1,113,7.29,0.52
07:31:15,"[176.62, 26]","[175.67, 30]","[185.0, 20]","[186.0, 10]",180.81,86,8.38,0.3
07:31:16,"[177.3, 20]","[174.9, 10]","[185.0, 20]","[186.33, 12]",181.15,62,7.7,-0.03
07:31:17,"[179.28, 25]","[174.5, 32]","[185.0, 19]","[187.0, 22]",182.14,98,5.72,0.16
07:31:18,"[184.0, 45]","[176.3, 57]","[186.6, 15]","[187.83, 36]",185.3,153,2.6,0.33
07:31:19,"[184.79, 19]","[180.49, 45]","[187.0, 18]","[188.0, 51]",185.89,133,2.21,-0.04
07:31:20,"[185.53, 17]","[184.47, 38]","[187.86, 56]","[188.82, 44]",186.69,155,2.33,-0.29
07:31:21,"[185.88, 26]","[183.03, 60]","[188.0, 76]","[190.09, 44]",186.94,206,2.12,-0.17
07:31:22,"[186.44, 32]","[178.67, 66]","[189.03, 31]","[189.89, 76]",187.73,205,2.59,-0.04
07:31:23,"[184.21, 29]","[177.97, 100]","[189.16, 37]","[190.08, 59]",186.68,225,4.96,0.15
07:31:24,"[178.0, 62]","[175.0, 22]","[189.0, 21]","[190.0, 42]",183.5,147,11.0,0.14
07:31:25,"[178.24, 34]","[176.33, 54]","[187.32, 19]","[189.09, 65]",182.78,172,9.08,0.02
07:31:26,"[176.12, 102]","[174.38, 37]","[185.96, 28]","[188.6, 60]",181.04,227,9.85,0.22
07:31:27,"[176.0, 66]","[168.0, 6]","[185.0, 6]","[187.0, 12]",180.5,90,9.0,0.6
07:31:28,"[176.0, 55]","[168.0, 5]","[180.0, 15]","[182.43, 14]",178.0,89,4.0,0.35
07:31:29,"[176.0, 77]","[168.0, 7]","[180.0, 21]","[182.0, 28]",178.0,133,4.0,0.26
07:31:30,"[176.0, 88]","[120.25, 8]","[180.0, 24]","[182.0, 32]",178.0,152,4.0,0.26
07:31:31,"[176.83, 76]","[168.2, 82]","[180.06, 33]","[182.08, 48]",178.44,239,3.23,0.32
07:31:32,"[179.0, 21]","[176.0, 52]","[182.0, 7]","[183.0, 28]",180.5,108,3.0,0.35
07:31:33,"[179.0, 24]","[145.1, 60]","[182.0, 8]","[183.0, 32]",180.5,124,3.0,0.35
07:31:34,"[179.03, 31]","[173.17, 103]","[182.0, 11]","[183.0, 44]",180.52,189,2.97,0.42
07:31:35,"[180.33, 3]","[179.0, 9]","[182.89, 9]","[183.67, 6]",181.61,27,2.56,-0.11
07:31:36,"[179.32, 34]","[173.71, 104]","[183.0, 46]","[185.0, 14]",181.16,198,3.68,0.39
07:31:37,"[179.0, 27]","[174.0, 18]","[183.0, 27]","[185.0, 9]",181.0,81,4.0,0.11
07:31:38,"[179.79, 53]","[176.78, 27]","[183.0, 33]","[185.0, 11]",181.4,124,3.21,0.29
07:31:39,"[181.7, 70]","[177.4, 30]","[183.0, 18]","[185.0, 10]",182.35,128,1.3,0.56
07:31:40,"[177.28, 29]","[175.89, 38]","[183.36, 44]","[185.27, 15]",180.32,126,6.09,0.06
07:31:41,"[178.98, 51]","[177.89, 56]","[181.62, 32]","[185.0, 16]",180.3,155,2.64,0.38
07:31:42,"[178.29, 63]","[173.63, 57]","[180.32, 19]","[181.67, 21]",179.3,160,2.03,0.5
07:31:43,"[174.28, 92]","[173.76, 101]","[182.82, 22]","[185.78, 18]",178.55,233,8.54,0.66
07:31:44,"[179.48, 42]","[177.56, 62]","[184.0, 15]","[186.0, 29]",181.74,148,4.52,0.41
07:31:45,"[180.25, 16]","[178.0, 32]","[186.6, 10]","[187.86, 14]",183.43,72,6.35,0.33
07:31:46,"[183.64, 22]","[178.0, 44]","[186.0, 11]","[188.0, 22]",184.82,99,2.36,0.33
07:31:47,"[184.85, 26]","[177.03, 120]","[186.0, 38]","[188.0, 26]",185.42,210,1.15,0.39
07:31:48,"[177.5, 80]","[175.83, 48]","[217.4, 25]","[255.0, 15]",197.45,168,39.9,0.52
07:31:49,"[179.0, 140]","[176.82, 49]","[304.1, 29]","[384.71, 35]",241.55,253,125.1,0.49
07:31:50,"[179.77, 260]","[177.0, 43]","[186.0, 14]","[332.0, 65]",182.88,382,6.23,0.59
07:31:51,"[183.79, 170]","[181.67, 84]","[186.17, 12]","[365.72, 46]",184.98,312,2.38,0.63
07:31:52,"[180.88, 130]","[178.49, 47]","[188.0, 10]","[226.0, 50]",184.44,237,7.12,0.49
07:31:53,"[181.4, 95]","[178.0, 35]","[188.0, 5]","[229.23, 13]",184.7,148,6.6,0.76
07:31:54,"[182.75, 152]","[178.0, 86]","[188.0, 8]","[236.67, 12]",185.38,258,5.25,0.84
07:31:55,"[183.91, 80]","[179.79, 106]","[187.5, 6]","[208.57, 14]",185.71,206,3.59,0.81
07:31:56,"[184.09, 101]","[180.36, 67]","[356.53, 19]","[453.26, 19]",270.31,206,172.44,0.63
07:31:57,"[189.0, 105]","[186.86, 49]","[343.73, 33]","[430.55, 33]",266.36,220,154.73,0.4
07:31:58,"[190.78, 45]","[189.0, 171]","[223.22, 27]","[326.0, 27]",207.0,270,32.44,0.6
07:31:59,"[191.25, 75]","[189.17, 46]","[255.0, 30]","[258.07, 28]",223.13,179,63.75,0.35
07:32:00,"[191.16, 38]","[190.12, 8]","[254.38, 24]","[314.0, 8]",222.77,78,63.22,0.18
07:32:01,"[192.0, 45]","[191.0, 76]","[289.69, 29]","[467.91, 23]",240.84,173,97.69,0.4
07:32:02,"[192.0, 30]","[191.0, 130]","[483.44, 18]","[529.96, 23]",337.72,201,291.44,0.59
07:32:03,"[192.0, 15]","[191.0, 65]","[392.2, 10]","[394.0, 5]",292.1,95,200.2,0.68
07:32:04,"[192.0, 27]","[191.0, 117]","[382.8, 20]","[385.0, 14]",287.4,178,190.8,0.62
07:32:05,"[192.0, 29]","[191.0, 143]","[331.28, 32]","[333.48, 25]",261.64,229,139.28,0.5
07:32:06,"[192.0, 12]","[191.0, 78]","[257.75, 16]","[258.57, 14]",224.88,120,65.75,0.5
07:32:07,"[192.0, 10]","[191.0, 65]","[241.18, 11]","[257.86, 14]",216.59,100,49.18,0.5
07:32:08,"[192.43, 28]","[191.02, 126]","[198.52, 33]","[269.83, 35]",195.47,222,6.09,0.39
07:32:09,"[191.53, 36]","[190.26, 94]","[195.53, 17]","[197.25, 16]",193.53,163,4.0,0.6
07:32:10,"[194.0, 25]","[191.0, 45]","[195.37, 19]","[345.76, 41]",194.68,130,1.37,0.08
07:32:11,"[194.9, 10]","[191.0, 60]","[196.0, 10]","[255.0, 50]",195.45,130,1.1,0.08
07:32:12,"[191.37, 54]","[190.4, 75]","[249.1, 50]","[288.9, 68]",220.24,247,57.73,0.04
07:32:13,"[191.52, 27]","[189.7, 20]","[366.73, 41]","[442.56, 45]",279.13,133,175.21,-0.29
07:32:14,"[191.95, 37]","[189.9, 20]","[376.23, 40]","[473.59, 46]",284.09,143,184.28,-0.2
07:32:15,"[190.0, 8]","[189.0, 16]","[257.69, 26]","[481.0, 38]",223.85,88,67.69,-0.45
07:32:16,"[191.62, 37]","[189.64, 11]","[472.33, 45]","[622.11, 27]",331.98,120,280.71,-0.2
07:32:17,"[192.0, 25]","[190.0, 5]","[370.8, 25]","[539.0, 15]",281.4,70,178.8,-0.14
07:32:18,"[192.0, 20]","[190.0, 7]","[340.0, 35]","[432.86, 35]",266.0,97,148.0,-0.44
07:32:19,"[192.0, 24]","[190.0, 12]","[315.58, 60]","[418.17, 60]",253.79,156,123.58,-0.54
07:32:20,"[188.17, 145]","[169.52, 23]","[221.64, 70]","[232.29, 70]",204.9,308,33.48,0.09
07:32:21,"[190.43, 84]","[179.62, 73]","[206.94, 69]","[220.17, 66]",198.69,292,16.51,0.08
07:32:22,"[191.09, 43]","[185.36, 39]","[204.09, 55]","[206.0, 44]",197.59,181,13.0,-0.09
07:32:23,"[199.0, 13]","[195.57, 37]","[203.37, 62]","[205.18, 55]",201.19,167,4.37,-0.4
07:32:24,"[198.57, 7]","[195.63, 19]","[200.91, 32]","[202.48, 31]",199.74,89,2.33,-0.42
07:32:25,"[198.0, 12]","[195.0, 60]","[200.2, 50]","[201.14, 58]",199.1,180,2.2,-0.2
07:32:26,"[195.5, 24]","[194.5, 40]","[198.97, 39]","[200.15, 33]",197.24,136,3.47,-0.06
07:32:27,"[194.73, 56]","[193.94, 48]","[196.29, 51]","[197.63, 57]",195.51,212,1.56,-0.02
07:32:28,"[193.0, 10]","[191.0, 20]","[195.11, 36]","[196.3, 46]",194.06,112,2.11,-0.46
07:32:29,"[190.29, 21]","[186.98, 41]","[193.52, 31]","[194.89, 36]",191.9,129,3.23,-0.04
07:32:30,"[176.76, 34]","[130.88, 16]","[191.67, 33]","[193.21, 39]",184.22,122,14.9,-0.18
07:32:31,"[151.0, 56]","[87.2, 10]","[190.14, 28]","[193.0, 35]",170.57,129,39.14,0.02
07:32:32,"[113.46, 57]","[18.29, 28]","[187.91, 22]","[189.29, 28]",150.68,135,74.45,0.26
07:32:33,"[57.25, 81]","[57.32, 76]","[186.62, 39]","[188.63, 49]",121.93,245,129.37,0.28
07:32:34,"[172.62, 141]","[142.55, 95]","[183.66, 53]","[186.06, 48]",178.14,337,11.04,0.4
07:32:35,"[149.25, 32]","[147.0, 136]","[183.0, 24]","[185.42, 38]",166.12,230,33.75,0.46
07:32:36,"[150.22, 36]","[146.91, 105]","[183.0, 18]","[184.0, 45]",166.61,204,32.78,0.38
07:32:37,"[155.73, 44]","[148.22, 37]","[182.86, 21]","[183.96, 47]",169.29,149,27.13,0.09
07:32:38,"[177.67, 24]","[174.11, 36]","[183.0, 10]","[184.0, 25]",180.33,95,5.33,0.26
07:32:39,"[178.75, 32]","[170.18, 56]","[183.91, 23]","[185.75, 40]",181.33,151,5.16,0.17
07:32:40,"[179.73, 44]","[176.8, 20]","[184.0, 40]","[186.0, 55]",181.86,159,4.27,-0.19
07:32:41,"[182.0, 32]","[180.0, 32]","[184.0, 28]","[185.9, 39]",183.0,131,2.0,-0.02
07:32:42,"[183.82, 34]","[156.93, 56]","[185.73, 37]","[186.53, 38]",184.78,165,1.91,0.09
07:32:43,"[184.91, 44]","[154.78, 55]","[186.33, 36]","[230.46, 41]",185.62,176,1.42,0.12
07:32:44,"[187.98, 52]","[163.85, 176]","[343.32, 38]","[381.24, 25]",265.65,291,155.34,0.57
07:32:45,"[192.14, 37]","[191.14, 42]","[384.11, 27]","[386.15, 26]",288.12,132,191.98,0.2
07:32:46,"[193.67, 30]","[191.5, 24]","[382.35, 23]","[387.59, 22]",288.01,99,188.68,0.09
07:32:47,"[194.33, 43]","[193.0, 42]","[382.63, 41]","[508.62, 29]",288.48,155,188.31,0.1
07:32:48,"[195.0, 20]","[193.0, 30]","[373.25, 32]","[477.4, 30]",284.12,112,178.25,-0.11
07:32:49,"[195.0, 12]","[193.0, 18]","[323.83, 18]","[326.0, 30]",259.42,78,128.83,-0.23
07:32:50,"[195.0, 26]","[193.0, 39]","[288.0, 53]","[324.76, 51]",241.5,169,93.0,-0.23
07:32:51,"[195.0, 10]","[193.0, 21]","[286.34, 29]","[348.0, 27]",240.67,87,91.34,-0.29
07:32:52,"[191.07, 14]","[162.88, 41]","[321.58, 36]","[507.33, 60]",256.33,151,130.51,-0.27
07:32:53,"[189.0, 9]","[104.7, 86]","[320.44, 27]","[381.0, 18]",254.72,140,131.44,0.36
07:32:54,"[189.0, 8]","[137.5, 38]","[289.5, 22]","[381.1, 21]",239.25,89,100.5,0.03
07:32:55,"[189.0, 12]","[139.48, 79]","[267.58, 36]","[299.0, 30]",228.29,157,78.58,0.16
07:32:56,"[189.0, 6]","[181.0, 24]","[267.0, 18]","[357.0, 30]",228.0,78,78.0,-0.23
07:32:57,"[189.0, 5]","[175.86, 14]","[267.0, 15]","[357.0, 25]",228.0,59,78.0,-0.36
07:32:58,"[189.0, 9]","[155.78, 18]","[266.67, 27]","[439.76, 29]",227.83,83,77.67,-0.35
07:32:59,"[189.31, 13]","[144.0, 47]","[219.71, 42]","[300.73, 33]",204.51,135,30.41,-0.11
07:33:00,"[177.38, 32]","[137.52, 61]","[258.81, 31]","[347.29, 21]",218.09,145,81.43,0.28
07:33:01,"[191.18, 132]","[136.68, 71]","[203.5, 18]","[259.0, 36]",197.34,257,12.32,0.58
07:33:02,"[194.43, 35]","[180.88, 83]","[203.0, 11]","[264.0, 33]",198.71,162,8.57,0.46
07:33:03,"[191.0, 45]","[158.45, 44]","[201.33, 12]","[243.04, 27]",196.17,128,10.33,0.39
07:33:04,"[191.0, 50]","[177.93, 14]","[197.06, 17]","[200.36, 33]",194.03,114,6.06,0.12
07:33:05,"[191.0, 60]","[189.0, 12]","[195.43, 30]","[196.5, 24]",193.22,126,4.43,0.14
07:33:06,"[190.8, 40]","[170.43, 14]","[193.04, 24]","[194.46, 13]",191.92,91,2.24,0.19
07:33:07,"[190.0, 18]","[189.0, 9]","[192.33, 18]","[194.0, 9]",191.17,54,2.33,0.0
07:33:08,"[190.11, 18]","[189.0, 9]","[192.54, 13]","[477.33, 24]",191.32,64,2.43,-0.16
07:33:09,"[191.0, 14]","[189.0, 11]","[504.29, 35]","[610.2, 40]",347.64,100,313.29,-0.5
07:33:10,"[191.0, 5]","[189.0, 5]","[362.8, 20]","[420.2, 20]",276.9,50,171.8,-0.6
07:33:11,"[191.38, 8]","[189.0, 8]","[249.0, 32]","[427.0, 28]",220.19,76,57.62,-0.58
07:33:12,"[185.0, 15]","[163.29, 21]","[240.78, 36]","[269.29, 56]",212.89,128,55.78,-0.44
07:33:13,"[180.42, 36]","[83.73, 88]","[212.57, 28]","[248.6, 40]",196.49,192,32.15,0.29
07:33:14,"[183.0, 80]","[106.75, 52]","[185.11, 36]","[198.4, 20]",184.06,188,2.11,0.4
07:33:15,"[181.2, 75]","[160.5, 46]","[185.37, 38]","[186.7, 40]",183.28,199,4.17,0.22
07:33:16,"[185.9, 52]","[152.44, 36]","[392.4, 40]","[446.58, 48]",289.15,176,206.5,0.0
07:33:17,"[188.0, 32]","[186.0, 24]","[257.5, 40]","[363.71, 35]",222.75,131,69.5,-0.15
07:33:18,"[189.33, 21]","[154.59, 22]","[394.0, 22]","[455.18, 34]",291.67,99,204.67,-0.13
07:33:19,"[190.93, 91]","[186.81, 31]","[236.0, 38]","[399.71, 42]",213.47,202,45.07,0.21
07:33:20,"[192.8, 71]","[191.26, 91]","[212.9, 40]","[433.97, 66]",202.85,268,20.1,0.21
07:33:21,"[193.2, 70]","[192.78, 80]","[204.69, 32]","[206.0, 48]",198.94,230,11.49,0.3
07:33:22,"[194.0, 41]","[193.0, 70]","[203.78, 23]","[238.72, 39]",198.89,173,9.78,0.28
07:33:23,"[197.6, 80]","[193.44, 36]","[201.0, 16]","[202.0, 20]",199.3,152,3.4,0.53
07:33:24,"[197.73, 30]","[193.86, 14]","[200.0, 16]","[201.0, 8]",198.87,68,2.27,0.29
07:33:25,"[194.0, 10]","[192.92, 100]","[199.82, 17]","[311.74, 27]",196.91,154,5.82,0.43
07:33:26,"[193.02, 46]","[192.35, 37]","[198.57, 7]","[476.36, 22]",195.8,112,5.55,0.48
07:33:27,"[193.0, 40]","[192.0, 40]","[342.9, 21]","[353.92, 13]",267.95,114,149.9,0.4
07:33:28,"[193.0, 28]","[192.0, 28]","[452.6, 25]","[453.0, 6]",322.8,87,259.6,0.29
07:33:29,"[192.6, 40]","[191.3, 79]","[417.0, 36]","[452.2, 44]",304.8,199,224.4,0.2
07:33:30,"[192.0, 32]","[191.0, 104]","[371.18, 34]","[410.44, 32]",281.59,202,179.18,0.35
07:33:31,"[192.0, 40]","[191.0, 130]","[305.17, 48]","[448.11, 37]",248.58,255,113.17,0.33
07:33:32,"[192.67, 48]","[191.28, 72]","[305.0, 40]","[489.56, 18]",248.83,178,112.33,0.35
07:33:33,"[193.0, 80]","[192.0, 70]","[249.0, 31]","[297.46, 39]",221.0,220,56.0,0.36
07:33:34,"[193.12, 32]","[192.5, 56]","[304.76, 34]","[347.0, 30]",248.94,152,111.64,0.16
07:33:35,"[194.0, 11]","[193.0, 77]","[251.75, 32]","[297.09, 43]",222.88,163,57.75,0.08
07:33:36,"[193.16, 43]","[192.12, 56]","[220.62, 40]","[222.0, 48]",206.89,187,27.46,0.06
07:33:37,"[194.13, 60]","[192.18, 44]","[219.1, 50]","[264.32, 38]",206.62,192,24.97,0.08
07:33:38,"[195.0, 28]","[194.0, 14]","[217.57, 35]","[460.6, 20]",206.29,97,22.57,-0.13
07:33:39,"[195.0, 24]","[194.0, 12]","[216.67, 30]","[297.5, 12]",205.83,78,21.67,-0.08
07:33:40,"[194.84, 25]","[193.17, 24]","[215.22, 45]","[256.0, 24]",205.03,118,20.38,-0.17
07:33:41,"[194.0, 12]","[192.0, 30]","[223.0, 26]","[340.5, 16]",208.5,84,29.0,0.0
07:33:42,"[194.0, 20]","[192.0, 50]","[228.0, 40]","[417.55, 22]",211.0,132,34.0,0.06
07:33:43,"[192.15, 27]","[191.09, 55]","[227.0, 24]","[285.0, 20]",209.57,126,34.85,0.3
07:33:44,"[192.42, 57]","[191.1, 100]","[227.0, 44]","[321.91, 33]",209.71,234,34.58,0.34
07:33:45,"[197.66, 59]","[193.67, 30]","[227.0, 24]","[320.0, 18]",212.33,131,29.34,0.36
07:33:46,"[198.0, 90]","[194.0, 45]","[226.56, 36]","[382.0, 20]",212.28,191,28.56,0.41
07:33:47,"[198.0, 76]","[194.0, 40]","[224.88, 32]","[412.0, 16]",211.44,164,26.88,0.41
07:33:48,"[198.0, 56]","[194.0, 50]","[222.7, 40]","[320.67, 36]",210.35,182,24.7,0.16
07:33:49,"[196.18, 33]","[193.18, 51]","[220.89, 36]","[222.0, 36]",208.54,156,24.71,0.08
07:33:50,"[195.79, 47]","[193.72, 32]","[219.5, 24]","[221.0, 24]",207.64,127,23.71,0.24
07:33:51,"[198.0, 36]","[195.78, 46]","[218.38, 32]","[219.38, 32]",208.19,146,20.38,0.12
07:33:52,"[199.0, 16]","[196.0, 24]","[217.0, 16]","[218.0, 16]",208.0,72,18.0,0.11
07:33:53,"[199.0, 26]","[196.0, 54]","[213.78, 36]","[216.56, 36]",206.39,152,14.78,0.05
07:33:54,"[197.09, 33]","[195.51, 71]","[209.62, 52]","[211.0, 52]",203.35,208,12.52,0.0
07:33:55,"[196.0, 21]","[195.0, 35]","[205.71, 28]","[207.71, 28]",200.86,112,9.71,0.0
07:33:56,"[196.0, 42]","[195.0, 70]","[200.64, 44]","[202.59, 54]",198.32,210,4.64,0.07
07:33:57,"[196.0, 24]","[195.0, 42]","[199.0, 32]","[200.0, 32]",197.5,130,3.0,0.02
07:33:58,"[195.18, 49]","[194.21, 99]","[197.0, 24]","[198.25, 32]",196.09,204,1.82,0.45
07:33:59,"[194.3, 54]","[193.95, 55]","[357.14, 7]","[225.85, 13]",275.72,129,162.85,0.69
07:34:00,"[194.0, 108]","[193.0, 9]","[550.39, 18]","[570.86, 7]",372.19,142,356.39,0.65
07:34:01,"[194.0, 120]","[193.0, 10]","[498.16, 25]","[623.06, 32]",346.08,187,304.16,0.39
07:34:02,"[194.0, 96]","[193.0, 8]","[256.62, 29]","[428.86, 22]",225.31,155,62.62,0.34
07:34:03,"[194.06, 71]","[193.67, 18]","[255.0, 28]","[437.0, 21]",224.53,138,60.94,0.29
07:34:04,"[194.0, 82]","[193.0, 8]","[254.88, 32]","[354.5, 24]",224.44,146,60.88,0.23
07:34:05,"[194.0, 40]","[193.0, 9]","[254.0, 36]","[501.42, 19]",224.0,104,60.0,-0.06
07:34:06,"[195.82, 22]","[193.18, 11]","[253.0, 44]","[504.45, 33]",224.41,110,57.18,-0.4
07:34:07,"[198.89, 45]","[197.92, 51]","[246.5, 32]","[440.57, 37]",222.69,165,47.61,0.16
07:34:08,"[199.0, 30]","[198.0, 45]","[249.12, 33]","[424.94, 16]",224.06,124,50.12,0.21
07:34:09,"[197.29, 42]","[196.7, 43]","[250.0, 52]","[501.03, 35]",223.64,172,52.71,-0.01
07:34:10,"[194.0, 33]","[192.05, 59]","[248.82, 44]","[364.82, 33]",221.41,169,54.82,0.09
07:34:11,"[194.0, 27]","[192.91, 77]","[234.13, 38]","[260.24, 38]",214.07,180,40.13,0.16
07:34:12,"[194.09, 11]","[193.05, 37]","[227.36, 22]","[229.29, 14]",210.73,84,33.27,0.14
07:34:13,"[195.0, 8]","[194.0, 16]","[225.0, 20]","[226.0, 28]",210.0,72,30.0,-0.33
07:34:14,"[195.0, 8]","[194.0, 16]","[221.4, 20]","[222.43, 28]",208.2,72,26.4,-0.33
07:34:15,"[193.89, 18]","[193.07, 30]","[216.46, 26]","[217.35, 34]",205.18,108,22.57,-0.11
07:34:16,"[193.0, 60]","[192.0, 84]","[210.7, 40]","[212.62, 32]",201.85,216,17.7,0.33
07:34:17,"[193.0, 45]","[192.0, 63]","[205.67, 30]","[207.17, 24]",199.33,162,12.67,0.33
07:34:18,"[193.0, 55]","[192.0, 77]","[204.21, 28]","[249.3, 27]",198.61,187,11.21,0.41
07:34:19,"[193.23, 97]","[191.75, 55]","[200.43, 21]","[201.84, 31]",196.83,204,7.2,0.49
07:34:20,"[194.0, 122]","[193.0, 60]","[195.79, 19]","[280.86, 21]",194.89,222,1.79,0.64
07:34:21,"[194.0, 102]","[193.0, 75]","[288.48, 31]","[485.83, 41]",241.24,249,94.48,0.42
07:34:22,"[193.41, 37]","[191.91, 55]","[347.08, 24]","[467.96, 25]",270.24,141,153.68,0.3
07:34:23,"[191.51, 67]","[189.76, 79]","[282.62, 13]","[425.4, 47]",237.06,206,91.11,0.42
07:34:24,"[192.0, 10]","[191.0, 25]","[268.5, 8]","[393.94, 17]",230.25,60,76.5,0.17
07:34:25,"[195.0, 38]","[192.0, 9]","[257.67, 30]","[353.0, 13]",226.33,90,62.67,0.04
07:34:26,"[195.0, 12]","[192.0, 3]","[280.67, 3]","[437.0, 9]",237.83,27,85.67,0.11
07:34:27,"[195.0, 36]","[193.57, 28]","[250.35, 17]","[384.05, 19]",222.68,100,55.35,0.28
07:34:28,"[195.0, 32]","[194.0, 32]","[279.0, 8]","[346.25, 24]",237.0,96,84.0,0.33
07:34:29,"[195.0, 32]","[194.0, 32]","[279.0, 8]","[330.5, 18]",237.0,90,84.0,0.42
07:34:30,"[194.94, 47]","[193.96, 45]","[254.3, 44]","[270.11, 28]",224.62,164,59.36,0.12
07:34:31,"[194.0, 30]","[192.0, 10]","[252.0, 50]","[253.0, 50]",223.0,140,58.0,-0.43
07:34:32,"[194.0, 36]","[192.0, 12]","[242.2, 40]","[251.17, 46]",218.1,134,48.2,-0.28
07:34:33,"[196.47, 85]","[193.62, 26]","[205.64, 59]","[219.14, 37]",201.06,207,9.17,0.07
07:34:34,"[197.0, 180]","[194.0, 41]","[202.98, 50]","[208.27, 66]",199.99,337,5.98,0.31
07:34:35,"[197.0, 150]","[194.0, 30]","[199.6, 75]","[202.0, 15]",198.3,270,2.6,0.33
07:34:36,"[195.32, 57]","[192.67, 30]","[198.8, 25]","[212.33, 15]",197.06,127,3.48,0.37
07:34:37,"[198.0, 13]","[193.0, 53]","[200.0, 37]","[210.06, 34]",199.0,137,2.0,-0.04
07:34:38,"[192.2, 50]","[191.69, 61]","[198.0, 50]","[266.93, 30]",195.1,191,5.8,0.16
07:34:39,"[192.0, 108]","[191.0, 48]","[196.83, 60]","[433.5, 30]",194.42,246,4.83,0.27
07:34:40,"[192.0, 69]","[191.0, 44]","[195.36, 55]","[474.8, 35]",193.68,203,3.36,0.11
07:34:41,"[192.0, 54]","[191.0, 36]","[402.18, 22]","[518.47, 15]",297.09,127,210.18,0.42
07:34:42,"[192.0, 78]","[191.0, 48]","[380.67, 24]","[495.77, 39]",286.33,189,188.67,0.33
07:34:43,"[192.05, 55]","[191.09, 44]","[356.55, 33]","[399.7, 40]",274.3,172,164.49,0.15
07:34:44,"[192.11, 54]","[191.14, 56]","[280.18, 22]","[345.31, 26]",236.15,158,88.07,0.39
07:34:45,"[192.0, 42]","[191.0, 44]","[278.27, 33]","[373.61, 23]",235.14,142,86.27,0.21
07:34:46,"[192.0, 24]","[191.0, 56]","[277.93, 42]","[393.0, 53]",234.96,175,85.93,-0.09
07:34:47,"[192.0, 10]","[191.0, 45]","[257.0, 36]","[365.54, 37]",224.5,128,65.0,-0.14
07:34:48,"[191.56, 18]","[190.88, 68]","[277.0, 36]","[475.67, 24]",234.28,146,85.44,0.18
07:34:49,"[191.0, 28]","[190.0, 28]","[276.71, 21]","[390.0, 28]",233.86,105,85.71,0.07
07:34:50,"[190.36, 33]","[189.18, 68]","[274.9, 30]","[428.07, 43]",232.63,174,84.54,0.16
07:34:51,"[190.0, 15]","[189.0, 40]","[272.8, 15]","[393.0, 25]",231.4,95,82.8,0.16
07:34:52,"[190.0, 18]","[189.0, 48]","[272.0, 18]","[354.76, 25]",231.0,109,82.0,0.21
07:34:53,"[190.0, 33]","[189.0, 88]","[270.55, 33]","[272.0, 33]",230.27,187,80.55,0.29
07:34:54,"[191.0, 10]","[190.0, 30]","[266.42, 31]","[268.06, 31]",228.71,102,75.42,-0.22
07:34:55,"[191.0, 7]","[190.0, 21]","[264.5, 24]","[265.57, 21]",227.75,73,73.5,-0.23
07:34:56,"[192.17, 24]","[190.08, 39]","[261.85, 54]","[263.13, 47]",227.01,164,69.69,-0.23
07:34:57,"[195.0, 26]","[191.0, 13]","[257.87, 46]","[258.91, 43]",226.43,128,62.87,-0.39
07:34:58,"[193.82, 17]","[190.29, 21]","[252.46, 37]","[253.57, 40]",223.14,115,58.64,-0.34
07:34:59,"[191.0, 31]","[190.0, 30]","[239.36, 39]","[248.82, 33]",215.18,133,48.36,-0.08
07:35:00,"[195.25, 55]","[190.92, 78]","[205.55, 33]","[214.44, 41]",200.4,207,10.29,0.29
07:35:01,"[195.0, 12]","[190.96, 67]","[202.67, 30]","[203.72, 29]",198.83,138,7.67,0.14
07:35:02,"[189.34, 76]","[188.7, 33]","[199.57, 51]","[200.25, 55]",194.46,215,10.23,0.01
07:35:03,"[190.0, 88]","[189.0, 65]","[195.43, 35]","[199.81, 32]",192.71,220,5.43,0.39
07:35:04,"[189.4, 35]","[188.77, 26]","[190.62, 24]","[235.88, 24]",190.01,109,1.22,0.12
07:35:05,"[188.0, 8]","[145.25, 8]","[422.07, 15]","[448.33, 9]",305.03,40,234.07,-0.2
07:35:06,"[164.12, 17]","[119.57, 14]","[372.43, 28]","[452.39, 23]",268.27,82,208.31,-0.24
07:35:07,"[171.69, 26]","[147.73, 22]","[220.44, 18]","[274.47, 15]",196.07,81,48.75,0.19
07:35:08,"[140.71, 35]","[94.29, 14]","[244.54, 28]","[284.6, 10]",192.62,87,103.82,0.13
07:35:09,"[169.78, 18]","[118.08, 12]","[610.77, 26]","[612.0, 8]",390.27,64,440.99,-0.06
07:35:10,"[189.78, 9]","[160.54, 13]","[417.9, 20]","[604.53, 34]",303.84,76,228.12,-0.42
07:35:11,"[193.0, 10]","[169.43, 14]","[518.77, 26]","[600.29, 34]",355.88,84,325.77,-0.43
07:35:12,"[192.33, 15]","[190.9, 63]","[470.46, 26]","[590.95, 38]",331.4,142,278.13,0.1
07:35:13,"[191.0, 40]","[189.0, 24]","[551.48, 29]","[551.27, 15]",371.24,108,360.48,0.19
07:35:14,"[191.8, 75]","[190.54, 39]","[547.4, 30]","[549.09, 33]",369.6,177,355.6,0.29
07:35:15,"[192.0, 80]","[191.0, 40]","[546.0, 24]","[547.0, 32]",369.0,176,354.0,0.36
07:35:16,"[193.5, 60]","[191.0, 30]","[545.17, 18]","[547.0, 24]",369.33,132,351.67,0.36
07:35:17,"[194.0, 90]","[191.39, 41]","[543.86, 35]","[545.29, 28]",368.93,194,349.86,0.35
07:35:18,"[194.0, 50]","[192.0, 20]","[542.0, 20]","[545.0, 15]",368.0,105,348.0,0.33
07:35:19,"[194.0, 100]","[192.0, 40]","[540.48, 40]","[542.03, 35]",367.24,215,346.48,0.3
07:35:20,"[194.03, 89]","[192.26, 46]","[359.34, 47]","[487.81, 32]",276.69,214,165.31,0.26
07:35:21,"[195.0, 21]","[193.2, 70]","[214.47, 68]","[349.32, 44]",204.74,203,19.47,-0.1
07:35:22,"[194.0, 22]","[192.0, 44]","[209.42, 45]","[210.39, 44]",201.71,155,15.42,-0.15
07:35:23,"[192.0, 48]","[191.0, 48]","[206.55, 51]","[207.57, 44]",199.27,191,14.55,0.01
07:35:24,"[192.82, 45]","[191.64, 66]","[199.44, 71]","[201.0, 60]",196.13,242,6.61,-0.08
07:35:25,"[192.92, 13]","[191.06, 36]","[198.71, 42]","[255.92, 39]",195.82,130,5.79,-0.25
07:35:26,"[192.0, 9]","[191.0, 27]","[195.2, 25]","[196.78, 27]",193.6,88,3.2,-0.18
07:35:27,"[192.0, 9]","[189.44, 27]","[196.37, 19]","[217.35, 17]",194.18,72,4.37,0.0
07:35:28,"[192.0, 9]","[190.33, 27]","[195.33, 27]","[271.0, 9]",193.67,72,3.33,0.0
07:35:29,"[192.0, 9]","[191.0, 27]","[193.33, 27]","[232.65, 23]",192.67,86,1.33,-0.16
07:35:30,"[191.1, 20]","[189.09, 22]","[329.19, 16]","[437.96, 28]",260.14,86,138.09,-0.02
07:35:31,"[190.75, 8]","[188.58, 12]","[404.82, 22]","[625.62, 16]",297.78,58,214.07,-0.31
07:35:32,"[188.45, 22]","[186.62, 58]","[323.95, 40]","[508.28, 36]",256.2,156,135.5,0.03
07:35:33,"[188.0, 27]","[159.7, 20]","[189.06, 17]","[293.8, 10]",188.53,74,1.06,0.27
07:35:34,"[188.0, 8]","[120.75, 16]","[262.0, 8]","[408.12, 24]",225.0,56,74.0,-0.14
07:35:35,"[188.0, 7]","[86.67, 18]","[192.0, 7]","[324.86, 21]",190.0,53,4.0,-0.06
07:35:36,"[190.94, 157]","[189.72, 29]","[223.55, 29]","[357.56, 27]",207.24,242,32.62,0.54
07:35:37,"[197.1, 62]","[194.33, 30]","[265.89, 28]","[655.0, 12]",231.49,132,68.8,0.39
07:35:38,"[198.0, 24]","[197.0, 56]","[236.14, 28]","[237.15, 26]",217.07,134,38.14,0.19
07:35:39,"[198.0, 42]","[197.0, 98]","[232.92, 50]","[234.08, 52]",215.46,242,34.92,0.16
07:35:40,"[198.0, 30]","[197.0, 70]","[223.42, 38]","[229.0, 36]",210.71,174,25.42,0.15
07:35:41,"[197.75, 48]","[196.26, 129]","[219.88, 66]","[222.33, 67]",208.81,310,22.13,0.14
07:35:42,"[197.0, 56]","[193.0, 112]","[213.92, 48]","[216.0, 56]",205.46,272,16.92,0.24
07:35:43,"[194.1, 58]","[192.31, 104]","[211.44, 25]","[212.93, 28]",202.77,215,17.34,0.51
07:35:44,"[193.0, 63]","[192.0, 108]","[209.13, 30]","[210.48, 27]",201.07,228,16.13,0.5
07:35:45,"[193.0, 70]","[192.0, 120]","[208.5, 16]","[209.94, 34]",200.75,240,15.5,0.58
07:35:46,"[192.75, 104]","[191.62, 180]","[205.41, 41]","[206.21, 38]",199.08,363,12.66,0.56
07:35:47,"[193.99, 111]","[192.46, 24]","[198.97, 36]","[200.29, 42]",196.48,213,4.98,0.27
07:35:48,"[194.0, 80]","[193.0, 8]","[196.64, 11]","[204.59, 29]",195.32,128,2.64,0.38
07:35:49,"[193.94, 49]","[192.54, 13]","[195.13, 31]","[357.31, 16]",194.53,109,1.19,0.14
07:35:50,"[192.4, 10]","[190.27, 59]","[341.26, 19]","[582.2, 15]",266.83,103,148.86,0.34
07:35:51,"[192.0, 16]","[190.0, 136]","[440.38, 24]","[625.0, 24]",316.19,200,248.38,0.52
07:35:52,"[190.0, 137]","[189.0, 18]","[392.56, 27]","[553.0, 27]",291.28,209,202.56,0.48
07:35:53,"[190.11, 72]","[189.6, 30]","[242.25, 24]","[553.0, 24]",216.18,150,52.14,0.36
07:35:54,"[191.0, 25]","[190.0, 72]","[210.0, 24]","[470.85, 26]",200.5,147,19.0,0.32
07:35:55,"[191.4, 30]","[190.0, 90]","[443.06, 32]","[513.27, 37]",317.23,189,251.66,0.27
07:35:56,"[192.0, 30]","[190.0, 90]","[414.46, 37]","[529.09, 33]",303.23,190,222.46,0.26
07:35:57,"[197.0, 144]","[192.0, 27]","[236.95, 40]","[304.47, 36]",216.97,247,39.95,0.38
07:35:58,"[197.0, 114]","[194.0, 32]","[215.0, 40]","[278.0, 32]",206.0,218,18.0,0.34
07:35:59,"[197.0, 126]","[194.61, 57]","[214.11, 45]","[405.59, 34]",205.56,262,17.11,0.4
07:36:00,"[197.18, 51]","[196.79, 141]","[213.33, 60]","[361.74, 38]",205.25,290,16.16,0.32
07:36:01,"[197.07, 69]","[196.33, 105]","[212.0, 60]","[425.65, 46]",204.54,280,14.93,0.24
07:36:02,"[197.0, 80]","[195.0, 50]","[211.3, 50]","[421.6, 40]",204.15,220,14.3,0.18
07:36:03,"[197.0, 85]","[195.0, 70]","[209.71, 70]","[436.9, 49]",203.36,274,12.71,0.13
07:36:04,"[197.0, 60]","[195.0, 60]","[208.0, 60]","[231.57, 42]",202.5,222,11.0,0.08
07:36:05,"[197.0, 47]","[195.0, 50]","[208.0, 50]","[251.27, 33]",202.5,180,11.0,0.08
07:36:06,"[197.0, 20]","[195.0, 60]","[202.03, 59]","[286.8, 46]",199.52,185,5.03,-0.14
07:36:07,"[194.22, 41]","[193.78, 37]","[198.0, 45]","[495.25, 32]",196.11,155,3.78,0.01
07:36:08,"[194.09, 23]","[193.04, 28]","[197.0, 45]","[500.24, 42]",195.54,138,2.91,-0.26
07:36:09,"[193.18, 22]","[192.38, 13]","[195.5, 40]","[382.11, 36]",194.34,111,2.32,-0.37
07:36:10,"[192.53, 76]","[191.69, 29]","[206.15, 66]","[307.79, 56]",199.34,227,13.63,-0.07
07:36:11,"[192.0, 34]","[191.0, 10]","[410.0, 39]","[585.84, 31]",301.0,114,218.0,-0.23
07:36:12,"[191.0, 27]","[189.92, 65]","[270.0, 18]","[610.67, 24]",230.5,134,79.0,0.37
07:36:13,"[192.71, 21]","[190.0, 84]","[318.73, 22]","[538.0, 24]",255.72,151,126.01,0.39
07:36:14,"[194.0, 24]","[190.0, 96]","[486.67, 33]","[528.0, 14]",340.33,167,292.67,0.44
07:36:15,"[194.0, 15]","[190.0, 60]","[467.04, 23]","[574.29, 14]",330.52,112,273.04,0.34
07:36:16,"[194.0, 26]","[190.0, 120]","[598.5, 40]","[507.0, 25]",396.25,211,404.5,0.38
07:36:17,"[194.0, 6]","[190.0, 72]","[480.25, 28]","[699.75, 20]",337.12,126,286.25,0.24
07:36:18,"[194.0, 7]","[190.0, 84]","[438.36, 33]","[533.52, 23]",316.18,147,244.36,0.24
07:36:19,"[194.0, 7]","[190.0, 84]","[365.86, 21]","[461.27, 33]",279.93,145,171.86,0.26
07:36:20,"[190.0, 48]","[189.0, 60]","[252.57, 28]","[379.0, 18]",221.29,154,62.57,0.4
07:36:21,"[190.57, 112]","[189.11, 146]","[242.33, 27]","[250.75, 51]",216.45,336,51.76,0.54
07:36:22,"[196.8, 50]","[190.22, 90]","[218.64, 14]","[225.75, 36]",207.72,190,21.84,0.47
07:36:23,"[192.0, 51]","[190.0, 103]","[206.09, 11]","[244.1, 49]",199.05,214,14.09,0.44
07:36:24,"[194.86, 14]","[191.6, 86]","[203.49, 47]","[221.57, 28]",199.17,175,8.63,0.14
07:36:25,"[194.42, 19]","[192.96, 47]","[198.9, 42]","[200.0, 31]",196.66,139,4.48,-0.05
07:36:26,"[193.0, 35]","[192.0, 7]","[195.33, 27]","[196.3, 23]",194.17,92,2.33,-0.09
07:36:27,"[191.57, 7]","[190.09, 43]","[193.14, 21]","[194.81, 31]",192.36,102,1.57,-0.02
07:36:28,"[190.07, 42]","[189.72, 54]","[191.6, 20]","[194.45, 22]",190.84,138,1.53,0.39
07:36:29,"[190.0, 105]","[188.37, 19]","[191.0, 36]","[192.0, 27]",190.5,187,1.0,0.33
07:36:30,"[190.0, 40]","[189.0, 7]","[191.0, 28]","[301.14, 21]",190.5,96,1.0,-0.02
07:36:31,"[190.04, 23]","[184.83, 24]","[234.89, 27]","[549.5, 24]",212.47,98,44.85,-0.04
07:36:32,"[197.0, 27]","[188.09, 44]","[319.89, 27]","[670.89, 27]",258.44,125,122.89,0.14
07:36:33,"[197.0, 18]","[190.0, 6]","[525.0, 18]","[644.67, 18]",361.0,60,328.0,-0.2
07:36:34,"[197.0, 18]","[190.0, 6]","[468.33, 12]","[707.5, 12]",332.67,48,271.33,0.0
07:36:35,"[197.0, 24]","[190.98, 86]","[387.5, 8]","[417.5, 24]",292.25,142,190.5,0.55
07:36:36,"[197.0, 31]","[191.0, 154]","[277.48, 21]","[437.08, 13]",237.24,219,80.48,0.69
07:36:37,"[191.32, 76]","[190.9, 62]","[271.0, 10]","[272.0, 20]",231.16,168,79.68,0.64
07:36:38,"[191.0, 106]","[190.0, 22]","[270.04, 28]","[300.2, 10]",230.52,166,79.04,0.54
07:36:39,"[191.01, 71]","[190.22, 45]","[221.62, 24]","[252.7, 20]",206.32,160,30.61,0.45
07:36:40,"[193.27, 11]","[191.07, 83]","[210.82, 17]","[217.93, 29]",202.05,140,17.55,0.34
07:36:41,"[195.0, 16]","[193.88, 16]","[208.25, 28]","[210.09, 34]",201.62,94,13.25,-0.32
07:36:42,"[194.14, 57]","[192.68, 53]","[206.14, 37]","[208.57, 23]",200.14,170,11.99,0.29
07:36:43,"[194.0, 20]","[192.0, 50]","[204.54, 28]","[205.5, 12]",199.27,110,10.54,0.27
07:36:44,"[194.0, 24]","[192.0, 60]","[202.38, 16]","[203.06, 32]",198.19,132,8.38,0.27
07:36:45,"[194.0, 32]","[192.0, 80]","[200.15, 46]","[201.31, 39]",197.08,197,6.15,0.14
07:36:46,"[193.69, 26]","[191.86, 59]","[197.39, 36]","[198.16, 43]",195.54,164,3.7,0.04
07:36:47,"[192.0, 30]","[190.0, 32]","[193.97, 36]","[195.61, 18]",192.99,116,1.97,0.07
07:36:48,"[190.61, 49]","[188.5, 80]","[192.07, 71]","[196.57, 58]",191.34,258,1.46,0.0
07:36:49,"[184.29, 49]","[140.94, 32]","[190.86, 37]","[302.64, 53]",187.58,171,6.58,-0.05
07:36:50,"[188.0, 22]","[137.33, 27]","[190.36, 22]","[348.32, 31]",189.18,102,2.36,-0.04
07:36:51,"[183.61, 33]","[158.08, 71]","[195.32, 31]","[258.47, 45]",189.46,180,11.72,0.16
07:36:52,"[159.0, 45]","[131.23, 13]","[185.54, 26]","[214.62, 13]",172.27,97,26.54,0.2
07:36:53,"[150.43, 23]","[74.0, 10]","[192.0, 7]","[236.0, 11]",171.22,51,41.57,0.29
07:36:54,"[154.22, 18]","[153.75, 24]","[287.7, 10]","[381.91, 22]",220.96,74,133.48,0.14
07:36:55,"[191.0, 9]","[190.0, 36]","[427.64, 25]","[457.22, 27]",309.32,97,236.64,-0.07
07:36:56,"[191.0, 12]","[190.0, 48]","[393.19, 32]","[424.42, 36]",292.09,128,202.19,-0.06
07:36:57,"[196.25, 32]","[190.3, 23]","[201.07, 29]","[314.86, 21]",198.66,105,4.82,0.05
07:36:58,"[197.0, 56]","[191.29, 14]","[199.93, 42]","[316.43, 42]",198.46,154,2.93,-0.09
07:36:59,"[197.0, 40]","[193.0, 10]","[199.0, 30]","[346.12, 17]",198.0,97,2.0,0.03
07:37:00,"[197.0, 40]","[193.0, 10]","[199.0, 30]","[244.0, 33]",198.0,113,2.0,-0.12
07:37:01,"[195.95, 37]","[193.76, 34]","[198.1, 30]","[255.43, 28]",197.02,129,2.15,0.1
07:37:02,"[194.0, 90]","[193.0, 9]","[197.14, 21]","[232.26, 19]",195.57,139,3.14,0.42
07:37:03,"[194.0, 120]","[192.11, 75]","[196.76, 42]","[361.34, 35]",195.38,272,2.76,0.43
07:37:04,"[194.0, 44]","[192.0, 63]","[241.1, 20]","[304.79, 14]",217.55,141,47.1,0.52
07:37:05,"[194.0, 16]","[192.0, 56]","[302.0, 16]","[478.25, 16]",248.0,104,108.0,0.38
07:37:06,"[194.0, 20]","[192.0, 70]","[316.6, 20]","[400.0, 14]",255.3,124,122.6,0.45
07:37:07,"[194.0, 12]","[192.0, 42]","[308.67, 12]","[345.83, 12]",251.33,78,114.67,0.38
07:37:08,"[192.71, 28]","[191.85, 41]","[298.75, 16]","[461.8, 20]",245.73,105,106.04,0.31
07:37:09,"[192.12, 48]","[191.56, 32]","[251.75, 24]","[292.74, 23]",221.94,127,59.62,0.26
07:37:10,"[193.97, 160]","[192.02, 86]","[234.54, 26]","[238.93, 43]",214.26,315,40.56,0.56
07:37:11,"[194.0, 131]","[192.0, 66]","[226.06, 16]","[227.65, 17]",210.03,230,32.06,0.71
07:37:12,"[194.0, 128]","[192.0, 96]","[223.43, 28]","[224.0, 23]",208.71,275,29.43,0.63
07:37:13,"[194.0, 120]","[192.0, 90]","[216.75, 24]","[217.76, 21]",205.38,255,22.75,0.65
07:37:14,"[194.0, 80]","[192.0, 66]","[214.36, 11]","[216.0, 22]",204.18,179,20.36,0.63
07:37:15,"[194.0, 63]","[192.0, 54]","[213.0, 14]","[214.31, 13]",203.5,144,19.0,0.62
07:37:16,"[194.0, 63]","[192.0, 39]","[210.54, 13]","[212.43, 14]",202.27,129,16.54,0.58
07:37:17,"[193.31, 105]","[191.74, 46]","[209.38, 16]","[210.13, 23]",201.34,190,16.06,0.59
07:37:18,"[193.73, 165]","[192.0, 37]","[205.69, 42]","[206.71, 24]",199.71,268,11.96,0.51
07:37:19,"[194.0, 105]","[192.0, 21]","[202.43, 7]","[204.0, 14]",198.21,147,8.43,0.71
07:37:20,"[194.0, 180]","[192.0, 85]","[198.9, 20]","[200.52, 25]",196.45,310,4.9,0.71
07:37:21,"[194.0, 60]","[192.0, 49]","[197.0, 10]","[198.0, 20]",195.5,139,3.0,0.57
07:37:22,"[193.36, 44]","[191.79, 66]","[195.7, 10]","[212.0, 24]",194.53,144,2.34,0.53
07:37:23,"[192.0, 42]","[191.0, 42]","[193.67, 6]","[266.87, 23]",192.83,113,1.67,0.49
07:37:24,"[192.0, 65]","[191.0, 70]","[429.0, 25]","[620.94, 31]",310.5,191,237.0,0.41
07:37:25,"[192.35, 17]","[191.68, 44]","[388.12, 32]","[577.62, 24]",290.24,117,195.77,0.04
07:37:26,"[193.0, 10]","[192.0, 47]","[292.63, 38]","[449.72, 32]",242.82,127,99.63,-0.1
07:37:27,"[192.46, 26]","[191.76, 58]","[236.03, 29]","[257.44, 27]",214.25,140,43.57,0.2
07:37:28,"[192.0, 50]","[191.0, 35]","[231.6, 15]","[488.25, 16]",211.8,116,39.6,0.47
07:37:29,"[192.0, 68]","[191.0, 104]","[235.64, 33]","[325.3, 37]",213.82,242,43.64,0.42
07:37:30,"[192.4, 20]","[191.03, 116]","[235.0, 44]","[238.45, 33]",213.7,213,42.6,0.28
07:37:31,"[191.04, 196]","[190.22, 18]","[234.0, 40]","[249.0, 30]",212.52,284,42.96,0.51
07:37:32,"[191.0, 192]","[190.0, 16]","[232.03, 32]","[312.35, 20]",211.52,260,41.03,0.6
07:37:33,"[191.0, 345]","[188.85, 145]","[229.21, 33]","[229.31, 58]",210.11,581,38.21,0.69
07:37:34,"[191.0, 209]","[189.0, 209]","[223.83, 35]","[224.85, 20]",207.41,473,32.83,0.77
07:37:35,"[191.0, 171]","[189.07, 143]","[217.88, 33]","[219.08, 12]",204.44,359,26.88,0.75
07:37:36,"[191.0, 228]","[190.0, 60]","[213.98, 58]","[216.2, 50]",202.49,396,22.98,0.45
07:37:37,"[191.0, 189]","[190.0, 55]","[209.71, 34]","[211.19, 43]",200.35,321,18.71,0.52
07:37:38,"[191.0, 210]","[190.0, 70]","[204.26, 31]","[205.44, 48]",197.63,359,13.26,0.56
07:37:39,"[197.0, 13]","[191.0, 195]","[201.4, 60]","[201.9, 20]",199.2,288,4.4,0.44
07:37:40,"[196.5, 6]","[191.07, 76]","[198.04, 24]","[199.44, 9]",197.27,115,1.54,0.43
07:37:41,"[192.88, 24]","[190.96, 140]","[197.73, 22]","[243.82, 28]",195.3,214,4.85,0.53
07:37:42,"[191.0, 135]","[190.0, 45]","[195.22, 9]","[200.0, 9]",193.11,198,4.22,0.82
07:37:43,"[191.0, 171]","[190.0, 60]","[192.68, 34]","[193.69, 16]",191.84,281,1.68,0.64
07:37:44,"[191.0, 204]","[190.0, 85]","[193.0, 31]","[287.17, 29]",192.0,349,2.0,0.66
07:37:45,"[191.0, 139]","[190.0, 70]","[192.64, 14]","[235.12, 17]",191.82,240,1.64,0.74
07:37:46,"[191.0, 44]","[190.0, 40]","[192.75, 8]","[244.0, 8]",191.88,100,1.75,0.68
07:37:47,"[190.57, 21]","[188.82, 61]","[197.4, 20]","[221.0, 12]",193.99,114,6.83,0.44
07:37:48,"[191.25, 32]","[188.29, 84]","[200.1, 30]","[218.0, 18]",195.68,164,8.85,0.41
07:37:49,"[195.0, 16]","[193.0, 16]","[208.9, 20]","[360.5, 12]",201.95,64,13.9,0.0
07:37:50,"[193.4, 20]","[189.36, 44]","[244.0, 10]","[402.9, 30]",218.7,104,50.6,0.23
07:37:51,"[191.26, 19]","[188.59, 58]","[238.0, 10]","[459.0, 30]",214.63,117,46.74,0.32
07:37:52,"[190.18, 11]","[189.07, 29]","[319.0, 21]","[444.18, 33]",254.59,94,128.82,-0.15
07:37:53,"[190.5, 16]","[188.2, 40]","[295.06, 17]","[462.83, 23]",242.78,96,104.56,0.17
07:37:54,"[196.0, 18]","[190.0, 18]","[253.15, 41]","[292.88, 25]",224.57,102,57.15,-0.29
07:37:55,"[198.0, 24]","[189.0, 24]","[251.35, 57]","[341.03, 33]",224.68,138,53.35,-0.3
07:37:56,"[190.2, 15]","[188.01, 223]","[219.6, 62]","[287.73, 41]",204.9,341,29.4,0.4
07:37:57,"[191.08, 53]","[165.42, 31]","[203.0, 45]","[350.78, 18]",197.04,147,11.92,0.14
07:37:58,"[188.95, 139]","[183.23, 88]","[202.1, 50]","[321.73, 22]",195.52,299,13.15,0.52
07:37:59,"[192.0, 134]","[188.0, 228]","[201.33, 60]","[369.32, 25]",196.67,447,9.33,0.62
07:38:00,"[192.0, 209]","[188.0, 195]","[200.0, 55]","[389.0, 22]",196.0,481,8.0,0.68
07:38:01,"[192.06, 128]","[189.36, 141]","[200.0, 35]","[389.0, 14]",196.03,318,7.94,0.69
07:38:02,"[192.12, 136]","[190.12, 181]","[200.0, 45]","[229.89, 18]",196.06,380,7.88,0.67
07:38:03,"[192.0, 168]","[189.24, 58]","[200.0, 40]","[319.8, 20]",196.0,286,8.0,0.58
07:38:04,"[192.0, 170]","[191.0, 36]","[199.17, 29]","[212.63, 43]",195.59,278,7.17,0.48
07:38:05,"[192.0, 145]","[191.0, 64]","[197.49, 43]","[198.42, 45]",194.74,297,5.49,0.41
07:38:06,"[192.0, 35]","[191.0, 98]","[196.0, 32]","[197.0, 21]",194.0,186,4.0,0.43
07:38:07,"[192.0, 65]","[191.0, 182]","[194.54, 52]","[197.0, 39]",193.27,338,2.54,0.46
07:38:08,"[192.48, 42]","[191.03, 144]","[199.78, 46]","[248.66, 47]",196.13,279,7.31,0.33
07:38:09,"[193.24, 21]","[192.47, 19]","[241.18, 51]","[397.1, 40]",217.21,131,47.94,-0.39
07:38:10,"[193.11, 27]","[192.53, 17]","[228.0, 33]","[284.25, 32]",210.56,109,34.89,-0.19
07:38:11,"[195.5, 16]","[192.9, 20]","[243.4, 10]","[376.82, 22]",219.45,68,47.9,0.06
07:38:12,"[197.0, 8]","[193.0, 24]","[249.25, 8]","[283.0, 16]",223.12,56,52.25,0.14
07:38:13,"[193.69, 35]","[192.72, 25]","[246.73, 15]","[289.82, 33]",220.21,108,53.05,0.11
07:38:14,"[193.0, 35]","[192.0, 11]","[245.31, 13]","[246.1, 20]",219.15,79,52.31,0.16
07:38:15,"[193.0, 30]","[192.0, 108]","[244.0, 16]","[245.0, 14]",218.5,168,51.0,0.64
07:38:16,"[193.0, 30]","[190.23, 79]","[239.0, 12]","[243.0, 18]",216.0,139,46.0,0.57
07:38:17,"[193.0, 51]","[192.0, 51]","[219.47, 30]","[242.13, 30]",206.23,162,26.47,0.26
07:38:18,"[192.4, 15]","[190.73, 33]","[194.0, 28]","[246.5, 8]",193.2,84,1.6,0.14
07:38:19,"[192.0, 45]","[190.0, 105]","[251.02, 62]","[256.59, 22]",221.51,234,59.02,0.28
07:38:20,"[191.33, 36]","[190.18, 68]","[232.06, 51]","[260.68, 44]",211.7,199,40.73,0.05
07:38:21,"[191.0, 18]","[190.0, 42]","[230.83, 24]","[262.33, 21]",210.92,105,39.83,0.14
07:38:22,"[190.0, 74]","[189.0, 98]","[231.25, 40]","[233.59, 58]",210.62,270,41.25,0.27
07:38:23,"[190.0, 63]","[189.0, 58]","[228.27, 37]","[230.58, 24]",209.14,182,38.27,0.33
07:38:24,"[190.0, 70]","[189.0, 20]","[228.71, 41]","[229.45, 29]",209.35,160,38.71,0.12
07:38:25,"[191.11, 71]","[189.81, 108]","[225.47, 34]","[297.66, 64]",208.29,277,34.36,0.29
07:38:26,"[193.0, 52]","[191.77, 31]","[223.3, 20]","[275.52, 25]",208.15,128,30.3,0.3
07:38:27,"[193.0, 42]","[192.0, 26]","[219.16, 19]","[220.15, 20]",206.08,107,26.16,0.27
07:38:28,"[192.09, 22]","[191.03, 72]","[215.19, 21]","[216.42, 12]",203.64,127,23.1,0.48
07:38:29,"[192.92, 49]","[191.93, 212]","[214.0, 34]","[215.0, 17]",203.46,312,21.08,0.67
07:38:30,"[193.0, 9]","[192.0, 18]","[212.29, 14]","[213.62, 13]",202.64,54,19.29,0.0
07:38:31,"[193.0, 14]","[192.0, 28]","[210.25, 24]","[211.4, 20]",201.62,86,17.25,-0.02
07:38:32,"[192.58, 12]","[191.29, 49]","[207.13, 15]","[208.3, 23]",199.86,99,14.55,0.23
07:38:33,"[191.29, 69]","[190.11, 66]","[205.83, 24]","[207.0, 12]",198.56,171,14.54,0.58
07:38:34,"[191.14, 84]","[189.4, 105]","[204.27, 30]","[207.0, 15]",197.7,234,13.12,0.62
07:38:35,"[191.19, 52]","[190.1, 109]","[201.07, 28]","[202.27, 30]",196.13,219,9.88,0.47
07:38:36,"[192.73, 15]","[191.31, 35]","[199.27, 15]","[201.0, 30]",196.0,95,6.53,0.05
07:38:37,"[193.53, 15]","[192.1, 20]","[196.0, 19]","[197.15, 26]",194.77,80,2.47,-0.12
07:38:38,"[191.44, 36]","[189.99, 97]","[193.83, 18]","[195.5, 18]",192.64,169,2.39,0.57
07:38:39,"[191.0, 32]","[189.0, 63]","[192.62, 13]","[193.29, 14]",191.81,122,1.62,0.56
07:38:40,"[191.0, 20]","[189.0, 70]","[192.0, 10]","[193.0, 20]",191.5,120,1.0,0.5
07:38:41,"[189.0, 91]","[188.0, 78]","[232.28, 25]","[339.72, 29]",210.64,223,43.28,0.52
07:38:42,"[190.0, 76]","[188.79, 58]","[274.31, 39]","[382.8, 30]",232.15,203,84.31,0.32
07:38:43,"[197.0, 21]","[192.0, 28]","[270.67, 18]","[427.29, 21]",233.83,88,73.67,0.11
07:38:44,"[197.0, 39]","[192.0, 52]","[264.15, 33]","[354.6, 30]",230.58,154,67.15,0.18
07:38:45,"[197.0, 24]","[192.0, 32]","[263.12, 16]","[265.0, 16]",230.06,88,66.12,0.27
07:38:46,"[197.0, 27]","[192.0, 36]","[261.22, 18]","[265.0, 18]",229.11,99,64.22,0.27
07:38:47,"[197.0, 24]","[192.0, 32]","[255.12, 17]","[364.83, 23]",226.06,96,58.12,0.17
07:38:48,"[197.0, 13]","[192.0, 28]","[235.0, 21]","[258.0, 14]",216.0,76,38.0,0.08
07:38:49,"[192.83, 24]","[190.57, 56]","[233.74, 19]","[236.77, 26]",213.29,125,40.9,0.28
07:38:50,"[193.08, 50]","[190.3, 83]","[231.83, 24]","[380.82, 33]",212.46,190,38.75,0.4
07:38:51,"[198.0, 128]","[193.0, 206]","[230.0, 32]","[441.5, 48]",214.0,414,32.0,0.61
07:38:52,"[198.0, 74]","[193.0, 200]","[230.0, 20]","[530.5, 30]",214.0,324,32.0,0.69
07:38:53,"[198.0, 105]","[193.03, 186]","[227.52, 25]","[284.07, 29]",212.76,345,29.52,0.69
07:38:54,"[198.0, 63]","[194.0, 9]","[215.65, 17]","[222.93, 14]",206.82,103,17.65,0.4
07:38:55,"[198.0, 49]","[194.0, 7]","[201.64, 22]","[208.55, 11]",199.82,89,3.64,0.26
07:38:56,"[198.0, 43]","[194.0, 7]","[199.71, 14]","[201.25, 16]",198.86,80,1.71,0.25
07:38:57,"[198.0, 29]","[194.0, 9]","[200.79, 28]","[204.12, 24]",199.39,90,2.79,-0.16
07:38:58,"[198.0, 28]","[194.0, 10]","[199.0, 10]","[201.0, 40]",198.5,88,1.0,-0.14
07:38:59,"[194.0, 12]","[193.0, 240]","[198.33, 12]","[219.09, 22]",196.17,286,4.33,0.76
07:39:00,"[193.0, 209]","[192.0, 44]","[197.18, 11]","[198.18, 11]",195.09,275,4.18,0.84
07:39:01,"[193.0, 228]","[191.0, 168]","[195.5, 12]","[197.17, 12]",194.25,420,2.5,0.89
07:39:02,"[193.0, 163]","[191.37, 54]","[194.56, 9]","[196.11, 9]",193.78,235,1.56,0.85
07:39:03,"[193.0, 135]","[192.0, 45]","[194.0, 9]","[195.0, 9]",193.5,198,1.0,0.82
07:39:04,"[193.0, 177]","[192.0, 70]","[194.36, 14]","[235.69, 29]",193.68,290,1.36,0.7
07:39:05,"[193.0, 73]","[192.0, 40]","[487.52, 21]","[514.39, 23]",340.26,157,294.52,0.44
07:39:06,"[193.0, 108]","[192.0, 60]","[217.39, 54]","[314.72, 18]",205.19,240,24.39,0.4
07:39:07,"[192.51, 89]","[191.51, 68]","[212.57, 60]","[214.29, 28]",202.54,245,20.06,0.28
07:39:08,"[192.19, 62]","[191.08, 49]","[207.73, 44]","[209.21, 70]",199.96,225,15.53,-0.01
07:39:09,"[198.0, 26]","[192.07, 45]","[202.46, 13]","[205.0, 39]",200.23,123,4.46,0.15
07:39:10,"[197.44, 18]","[192.4, 20]","[199.5, 18]","[204.09, 22]",198.47,78,2.06,-0.03
07:39:11,"[192.32, 37]","[191.83, 87]","[195.93, 45]","[196.71, 51]",194.13,220,3.61,0.13
07:39:12,"[192.0, 32]","[191.0, 24]","[194.0, 12]","[195.25, 24]",193.0,92,2.0,0.22
07:39:13,"[192.0, 66]","[191.0, 36]","[194.83, 36]","[195.83, 36]",193.42,174,2.83,0.17
07:39:14,"[192.0, 30]","[191.0, 21]","[194.0, 21]","[302.43, 21]",193.0,93,2.0,0.1
07:39:15,"[192.05, 20]","[191.08, 26]","[305.28, 29]","[353.06, 31]",248.66,106,113.23,-0.13
07:39:16,"[192.0, 13]","[191.11, 18]","[307.11, 36]","[511.67, 27]",249.56,94,115.11,-0.34
07:39:17,"[192.86, 29]","[191.77, 44]","[205.0, 40]","[512.6, 30]",198.93,143,12.14,0.02
07:39:18,"[193.0, 24]","[192.0, 48]","[223.12, 32]","[548.36, 25]",208.06,129,30.12,0.12
07:39:19,"[193.0, 30]","[192.0, 60]","[230.59, 29]","[327.92, 37]",211.79,156,37.59,0.15
07:39:20,"[193.0, 33]","[192.0, 66]","[232.73, 11]","[527.22, 41]",212.86,151,39.73,0.31
07:39:21,"[192.64, 22]","[191.92, 52]","[232.0, 10]","[277.1, 10]",212.32,94,39.36,0.57
07:39:22,"[191.71, 34]","[190.38, 32]","[230.31, 16]","[338.87, 30]",211.01,112,38.61,0.18
07:39:23,"[190.3, 10]","[189.15, 41]","[227.2, 10]","[355.53, 30]",208.75,91,36.9,0.12
07:39:24,"[189.35, 23]","[188.87, 46]","[225.18, 11]","[293.35, 23]",207.26,103,35.83,0.34
07:39:25,"[193.0, 99]","[189.17, 48]","[218.27, 26]","[375.57, 21]",205.63,194,25.27,0.52
07:39:26,"[193.0, 100]","[190.0, 20]","[469.59, 34]","[599.06, 32]",331.29,186,276.59,0.29
07:39:27,"[193.0, 131]","[190.67, 21]","[371.71, 56]","[553.07, 54]",282.36,262,178.71,0.16
07:39:28,"[193.11, 93]","[192.35, 20]","[314.0, 56]","[388.29, 56]",253.55,225,120.89,0.0
07:39:29,"[198.0, 16]","[193.0, 56]","[313.38, 32]","[342.0, 32]",255.69,136,115.38,0.06
07:39:30,"[198.0, 20]","[193.0, 70]","[313.0, 40]","[335.0, 40]",255.5,170,115.0,0.06
07:39:31,"[198.0, 16]","[193.0, 56]","[264.5, 32]","[340.25, 32]",231.25,136,66.5,0.06
07:39:32,"[198.0, 8]","[193.0, 28]","[216.25, 16]","[328.14, 14]",207.12,66,18.25,0.09
07:39:33,"[198.0, 22]","[193.0, 77]","[215.91, 44]","[354.79, 38]",206.95,181,17.91,0.09
07:39:34,"[198.0, 36]","[193.0, 126]","[214.4, 68]","[268.62, 42]",206.2,272,16.4,0.19
07:39:35,"[196.33, 36]","[192.86, 98]","[209.33, 36]","[211.2, 40]",202.83,210,13.0,0.28
07:39:36,"[197.0, 140]","[193.62, 64]","[207.87, 38]","[209.06, 32]",202.43,274,10.87,0.49
07:39:37,"[197.0, 157]","[194.0, 80]","[204.31, 61]","[205.33, 69]",200.66,367,7.31,0.29
07:39:38,"[197.0, 72]","[194.0, 48]","[201.4, 40]","[202.59, 41]",199.2,201,4.4,0.19
07:39:39,"[196.68, 47]","[193.97, 59]","[198.4, 30]","[199.38, 39]",197.54,175,1.72,0.21
07:39:40,"[193.59, 39]","[192.48, 44]","[196.0, 40]","[199.05, 43]",194.79,166,2.41,0.0
07:39:41,"[192.0, 24]","[190.37, 19]","[232.44, 32]","[338.35, 52]",212.22,127,40.44,-0.32
07:39:42,"[194.0, 27]","[191.0, 9]","[440.15, 27]","[621.0, 27]",317.07,90,246.15,-0.2
07:39:43,"[194.0, 18]","[191.0, 6]","[435.71, 7]","[600.55, 11]",314.86,42,241.71,0.14
07:39:44,"[194.29, 41]","[189.33, 49]","[417.89, 18]","[434.86, 28]",306.09,136,223.6,0.32
07:39:45,"[197.0, 13]","[190.64, 14]","[347.29, 17]","[392.55, 11]",272.15,55,150.29,-0.02
07:39:46,"[191.55, 11]","[190.23, 13]","[345.43, 14]","[395.56, 16]",268.49,54,153.88,-0.11
07:39:47,"[180.92, 13]","[154.25, 53]","[343.46, 13]","[344.54, 13]",262.19,92,162.54,0.43
07:39:48,"[174.93, 29]","[170.94, 35]","[291.31, 13]","[369.0, 19]",233.12,96,116.38,0.33
07:39:49,"[188.94, 52]","[176.75, 28]","[340.8, 10]","[421.68, 19]",264.87,109,151.86,0.47
07:39:50,"[193.5, 14]","[189.07, 40]","[339.88, 8]","[451.0, 16]",266.69,78,146.38,0.38
07:39:51,"[198.0, 9]","[190.29, 14]","[338.22, 9]","[442.4, 15]",268.11,47,140.22,-0.02
07:39:52,"[193.06, 17]","[189.58, 36]","[240.79, 14]","[250.75, 24]",216.92,91,47.73,0.16
07:39:53,"[190.0, 24]","[189.0, 84]","[231.25, 12]","[257.59, 34]",210.62,154,41.25,0.4
07:39:54,"[190.0, 18]","[189.0, 63]","[207.11, 9]","[221.44, 9]",198.56,99,17.11,0.64
07:39:55,"[189.25, 40]","[188.88, 40]","[199.7, 10]","[201.4, 10]",194.47,100,10.45,0.6
07:39:56,"[189.0, 66]","[188.0, 11]","[199.0, 11]","[330.36, 11]",194.0,99,10.0,0.56
07:39:57,"[189.16, 25]","[188.6, 10]","[196.78, 9]","[221.12, 17]",192.97,61,7.62,0.15
07:39:58,"[190.04, 27]","[188.91, 33]","[193.5, 16]","[196.81, 32]",191.77,108,3.46,0.11
07:39:59,"[189.3, 40]","[188.67, 18]","[193.0, 40]","[194.0, 8]",191.15,106,3.7,0.09
07:40:00,"[75.82, 89]","[76.43, 47]","[188.07, 46]","[271.82, 38]",131.94,220,112.24,0.24
07:40:01,"[125.0, 7]","[47.43, 7]","[182.29, 7]","[184.0, 21]",153.64,42,57.29,-0.33
07:40:02,"[165.71, 17]","[34.08, 64]","[182.66, 32]","[184.14, 28]",174.18,141,16.95,0.15
07:40:03,"[167.9, 40]","[32.0, 90]","[179.9, 50]","[183.0, 30]",173.9,210,12.0,0.24
07:40:04,"[169.0, 40]","[124.83, 66]","[179.0, 49]","[183.0, 30]",174.0,185,10.0,0.15
07:40:05,"[169.0, 52]","[105.9, 21]","[180.58, 33]","[183.16, 31]",174.79,137,11.58,0.07
07:40:06,"[169.33, 24]","[150.73, 41]","[183.17, 18]","[184.21, 28]",176.25,111,13.83,0.17
07:40:07,"[171.7, 86]","[167.94, 64]","[184.0, 42]","[186.0, 42]",177.85,234,12.3,0.28
07:40:08,"[171.64, 66]","[170.0, 44]","[184.0, 33]","[186.0, 53]",177.82,196,12.36,0.12
07:40:09,"[173.43, 74]","[172.27, 66]","[184.0, 42]","[186.0, 70]",178.72,252,10.57,0.11
07:40:10,"[175.9, 40]","[148.75, 32]","[184.33, 18]","[186.32, 37]",180.12,127,8.43,0.13
07:40:11,"[176.0, 5]","[175.0, 30]","[186.0, 5]","[187.0, 20]",181.0,60,10.0,0.17
07:40:12,"[179.12, 75]","[177.44, 75]","[305.05, 21]","[380.68, 34]",242.08,205,125.93,0.46
07:40:13,"[191.13, 55]","[190.56, 54]","[332.0, 16]","[525.67, 36]",261.56,161,140.87,0.35
07:40:14,"[194.0, 40]","[192.0, 40]","[285.48, 21]","[339.7, 30]",239.74,131,91.48,0.22
07:40:15,"[194.0, 40]","[192.0, 40]","[225.58, 19]","[227.58, 31]",209.79,130,31.58,0.23
07:40:16,"[194.0, 26]","[192.0, 36]","[222.78, 36]","[225.0, 9]",208.39,107,28.78,0.16
07:40:17,"[194.0, 18]","[192.0, 36]","[221.5, 24]","[221.95, 21]",207.75,99,27.5,0.09
07:40:18,"[194.0, 18]","[192.0, 36]","[219.22, 9]","[221.0, 36]",206.61,99,25.22,0.09
07:40:19,"[194.18, 17]","[192.12, 34]","[217.11, 18]","[218.89, 27]",205.64,96,22.93,0.06
07:40:20,"[197.88, 41]","[194.69, 13]","[213.52, 29]","[216.36, 11]",205.7,94,15.64,0.15
07:40:21,"[198.0, 139]","[197.0, 12]","[212.0, 48]","[216.0, 12]",205.0,211,14.0,0.43
07:40:22,"[198.0, 132]","[197.0, 12]","[211.89, 36]","[213.33, 24]",204.94,204,13.89,0.41
07:40:23,"[198.0, 135]","[197.0, 15]","[210.02, 57]","[211.22, 18]",204.01,225,12.02,0.33
07:40:24,"[198.0, 54]","[197.0, 11]","[209.47, 17]","[210.05, 38]",203.74,120,11.47,0.08
07:40:25,"[198.0, 40]","[197.0, 13]","[207.62, 16]","[208.98, 49]",202.81,118,9.62,-0.1
07:40:26,"[198.0, 21]","[197.0, 7]","[205.96, 26]","[209.28, 25]",201.98,79,7.96,-0.29
07:40:27,"[196.53, 38]","[193.97, 37]","[204.12, 80]","[207.0, 64]",200.33,219,7.6,-0.32
07:40:28,"[194.0, 16]","[193.0, 32]","[201.6, 20]","[202.48, 29]",197.8,97,7.6,-0.01
07:40:29,"[194.0, 20]","[193.0, 40]","[199.0, 20]","[202.0, 40]",196.5,120,5.0,0.0
07:40:30,"[193.67, 24]","[192.94, 34]","[196.33, 36]","[197.89, 38]",195.0,132,2.67,-0.12
07:40:31,"[193.0, 17]","[192.0, 11]","[195.93, 54]","[196.89, 45]",194.46,127,2.93,-0.56
07:40:32,"[191.53, 15]","[190.24, 33]","[249.63, 54]","[277.96, 56]",220.58,158,58.1,-0.39
07:40:33,"[191.0, 13]","[190.0, 39]","[257.73, 40]","[294.22, 46]",224.36,138,66.73,-0.25
07:40:34,"[191.0, 9]","[190.0, 27]","[289.05, 21]","[289.94, 33]",240.02,90,98.05,-0.2
07:40:35,"[191.0, 12]","[189.91, 34]","[285.1, 29]","[285.68, 31]",238.05,106,94.1,-0.13
07:40:36,"[189.14, 21]","[188.04, 51]","[258.27, 30]","[282.62, 32]",223.7,134,69.12,0.07
07:40:37,"[189.33, 18]","[188.05, 42]","[209.78, 32]","[224.5, 30]",199.56,122,20.45,-0.02
07:40:38,"[192.0, 14]","[189.0, 14]","[207.2, 20]","[208.08, 24]",199.6,72,15.2,-0.22
07:40:39,"[195.27, 22]","[191.45, 22]","[202.33, 30]","[204.45, 31]",198.8,105,7.06,-0.16
07:40:40,"[196.83, 12]","[195.64, 22]","[200.11, 36]","[200.68, 38]",198.47,108,3.28,-0.37
07:40:41,"[194.09, 11]","[191.15, 13]","[197.25, 16]","[199.76, 17]",195.67,57,3.16,-0.16
07:40:42,"[191.0, 24]","[189.0, 16]","[195.88, 24]","[198.12, 24]",193.44,88,4.88,-0.09
07:40:43,"[190.89, 38]","[188.83, 29]","[193.38, 39]","[197.74, 38]",192.14,144,2.49,-0.07
07:40:44,"[189.17, 24]","[188.05, 39]","[308.17, 36]","[461.4, 43]",248.67,142,119.0,-0.11
07:40:45,"[189.0, 22]","[188.0, 33]","[365.73, 15]","[448.04, 27]",277.37,97,176.73,0.13
07:40:46,"[189.0, 14]","[188.0, 21]","[202.14, 7]","[268.6, 15]",195.57,57,13.14,0.23
07:40:47,"[191.0, 16]","[188.18, 22]","[200.88, 8]","[428.25, 8]",195.94,54,9.88,0.41
07:40:48,"[188.0, 24]","[187.0, 184]","[200.0, 8]","[497.18, 11]",194.0,227,12.0,0.83
07:40:49,"[190.67, 36]","[187.05, 194]","[200.0, 12]","[291.48, 21]",195.33,263,9.33,0.75
07:40:50,"[190.73, 22]","[187.03, 166]","[198.23, 13]","[201.09, 23]",194.48,224,7.5,0.68
07:40:51,"[188.0, 9]","[187.0, 207]","[195.73, 11]","[196.88, 16]",191.86,243,7.73,0.78
07:40:52,"[189.36, 22]","[187.06, 98]","[192.95, 19]","[194.36, 11]",191.16,150,3.58,0.6
07:40:53,"[190.0, 16]","[188.0, 6]","[191.33, 12]","[224.33, 6]",190.67,40,1.33,0.1
07:40:54,"[188.71, 14]","[187.01, 210]","[273.62, 21]","[340.32, 25]",231.17,270,84.9,0.66
07:40:55,"[189.57, 47]","[187.5, 116]","[243.59, 29]","[251.8, 20]",216.58,212,54.01,0.54
07:40:56,"[191.0, 42]","[190.0, 63]","[238.33, 15]","[242.57, 30]",214.67,150,47.33,0.4
07:40:57,"[191.0, 8]","[190.0, 56]","[192.61, 23]","[226.47, 17]",191.8,104,1.61,0.23
07:40:58,"[190.0, 98]","[188.0, 14]","[209.05, 37]","[230.12, 24]",199.53,173,19.05,0.29
07:40:59,"[190.9, 67]","[189.55, 22]","[197.04, 24]","[198.71, 21]",193.97,134,6.15,0.33
07:41:00,"[190.84, 43]","[188.11, 56]","[197.64, 11]","[228.23, 31]",194.24,141,6.8,0.4
07:41:01,"[190.18, 44]","[188.28, 29]","[197.0, 11]","[256.63, 35]",193.59,119,6.82,0.23
07:41:02,"[192.6, 60]","[191.44, 36]","[196.75, 12]","[302.83, 48]",194.68,156,4.15,0.23
07:41:03,"[193.0, 43]","[192.0, 52]","[195.23, 13]","[280.0, 65]",194.12,173,2.23,0.1
07:41:04,"[192.02, 41]","[190.45, 29]","[194.27, 11]","[268.07, 27]",193.15,108,2.25,0.3
07:41:05,"[190.71, 56]","[189.53, 38]","[193.21, 14]","[342.31, 26]",191.96,134,2.5,0.4
07:41:06,"[190.0, 22]","[189.0, 20]","[192.0, 10]","[336.53, 34]",191.0,86,2.0,-0.02
07:41:07,"[187.27, 101]","[182.84, 43]","[192.0, 13]","[306.0, 52]",189.63,209,4.73,0.38
07:41:08,"[187.74, 81]","[185.03, 128]","[301.39, 28]","[322.11, 19]",244.57,256,113.65,0.63
07:41:09,"[192.0, 26]","[187.0, 230]","[304.0, 30]","[305.0, 50]",248.0,336,112.0,0.52
07:41:10,"[195.92, 106]","[189.05, 39]","[304.0, 27]","[305.0, 45]",249.96,217,108.08,0.34
07:41:11,"[196.0, 130]","[192.0, 20]","[302.94, 32]","[304.88, 48]",249.47,230,106.94,0.3
07:41:12,"[196.1, 63]","[194.3, 47]","[300.23, 57]","[301.72, 47]",248.16,214,104.13,0.03
07:41:13,"[196.0, 24]","[192.0, 24]","[298.08, 36]","[300.0, 60]",247.04,144,102.08,-0.33
07:41:14,"[196.0, 12]","[192.0, 12]","[296.35, 26]","[298.36, 22]",246.17,72,100.35,-0.33
07:41:15,"[196.0, 18]","[192.0, 18]","[295.69, 39]","[296.55, 33]",245.85,108,99.69,-0.33
07:41:16,"[196.0, 22]","[192.0, 22]","[223.19, 36]","[251.7, 44]",209.6,124,27.19,-0.29
07:41:17,"[196.0, 19]","[192.0, 22]","[197.64, 33]","[199.0, 55]",196.82,129,1.64,-0.36
07:41:18,"[193.0, 8]","[191.16, 25]","[198.19, 21]","[316.27, 22]",195.6,76,5.19,-0.13
07:41:19,"[192.3, 20]","[191.13, 46]","[198.0, 45]","[410.89, 9]",195.15,120,5.7,0.1
07:41:20,"[191.18, 49]","[190.17, 108]","[196.32, 59]","[284.0, 22]",193.75,238,5.14,0.32
07:41:21,"[190.1, 80]","[189.36, 50]","[192.51, 49]","[193.78, 23]",191.31,202,2.41,0.29
07:41:22,"[190.0, 35]","[189.0, 28]","[192.5, 20]","[212.33, 24]",191.25,107,2.5,0.18
07:41:23,"[190.23, 52]","[189.38, 52]","[193.33, 24]","[215.77, 39]",191.78,167,3.1,0.25
07:41:24,"[191.0, 21]","[190.0, 35]","[193.0, 14]","[328.46, 13]",192.0,83,2.0,0.35
07:41:25,"[190.2, 45]","[189.13, 39]","[215.0, 22]","[396.77, 13]",202.6,119,24.8,0.41
07:41:26,"[190.15, 39]","[187.86, 42]","[445.0, 10]","[517.62, 13]",317.58,104,254.85,0.56
07:41:27,"[197.0, 32]","[188.6, 40]","[497.7, 23]","[534.41, 17]",347.35,112,300.7,0.29
07:41:28,"[197.0, 40]","[191.0, 20]","[486.43, 28]","[546.77, 22]",341.71,110,289.43,0.09
07:41:29,"[197.0, 17]","[193.0, 20]","[580.0, 32]","[747.88, 8]",388.5,77,383.0,-0.04
07:41:30,"[195.5, 14]","[193.78, 46]","[238.5, 28]","[401.2, 15]",217.0,103,43.0,0.17
07:41:31,"[190.73, 78]","[188.0, 53]","[237.67, 27]","[337.67, 9]",214.2,167,46.94,0.57
07:41:32,"[191.47, 19]","[190.78, 97]","[234.7, 30]","[541.9, 10]",213.09,156,43.23,0.49
07:41:33,"[191.76, 21]","[190.9, 100]","[233.45, 33]","[514.46, 39]",212.61,193,41.69,0.25
07:41:34,"[191.0, 66]","[190.0, 55]","[232.27, 33]","[330.73, 55]",211.64,209,41.27,0.16
07:41:35,"[191.14, 28]","[190.55, 44]","[231.69, 26]","[273.39, 36]",211.42,134,40.55,0.07
07:41:36,"[192.67, 9]","[191.14, 21]","[227.54, 26]","[231.6, 20]",210.1,76,34.87,-0.21
07:41:37,"[193.0, 14]","[192.0, 7]","[230.5, 24]","[231.36, 25]",211.75,70,37.5,-0.4
07:41:38,"[191.5, 48]","[190.33, 36]","[228.18, 38]","[230.61, 46]",209.84,168,36.68,0.0
07:41:39,"[191.0, 58]","[190.0, 80]","[225.13, 54]","[226.62, 58]",208.06,250,34.13,0.1
07:41:40,"[191.0, 10]","[190.0, 50]","[224.0, 30]","[226.0, 40]",207.5,130,33.0,-0.08
07:41:41,"[191.31, 13]","[190.04, 47]","[222.56, 18]","[223.63, 43]",206.93,121,31.25,-0.01
07:41:42,"[192.0, 17]","[191.0, 6]","[219.67, 21]","[221.89, 9]",205.83,53,27.67,-0.13
07:41:43,"[190.67, 18]","[190.0, 6]","[217.85, 13]","[219.0, 15]",204.26,52,27.18,-0.08
07:41:44,"[190.0, 42]","[189.0, 11]","[211.53, 34]","[216.1, 20]",200.76,107,21.53,-0.01
07:41:45,"[194.93, 27]","[188.09, 46]","[210.54, 37]","[213.46, 26]",202.73,136,15.61,0.07
07:41:46,"[197.0, 25]","[189.0, 5]","[210.86, 14]","[212.06, 17]",203.93,61,13.86,-0.02
07:41:47,"[197.0, 45]","[189.18, 17]","[208.62, 24]","[210.88, 51]",202.81,137,11.62,-0.09
07:41:48,"[197.0, 22]","[190.7, 40]","[207.13, 39]","[207.46, 26]",202.06,127,10.13,-0.02
07:41:49,"[197.0, 24]","[191.0, 48]","[203.12, 16]","[241.4, 30]",200.06,118,6.12,0.22
07:41:50,"[190.39, 59]","[188.28, 43]","[202.08, 13]","[419.15, 26]",196.23,141,11.69,0.45
07:41:51,"[194.0, 35]","[188.31, 32]","[199.73, 11]","[350.4, 10]",196.86,88,5.73,0.52
07:41:52,"[193.26, 19]","[188.06, 85]","[195.63, 30]","[199.0, 30]",194.45,164,2.37,0.27
07:41:53,"[188.71, 35]","[187.86, 35]","[195.93, 30]","[330.45, 22]",192.32,122,7.22,0.15
07:41:54,"[188.0, 42]","[187.0, 7]","[198.17, 24]","[285.62, 16]",193.08,89,10.17,0.1
07:41:55,"[188.62, 78]","[187.38, 63]","[197.2, 49]","[198.15, 52]",192.91,242,8.59,0.17
07:41:56,"[177.4, 47]","[130.21, 56]","[194.59, 56]","[195.55, 38]",186.0,197,17.19,0.05
07:41:57,"[144.96, 267]","[142.89, 110]","[188.41, 34]","[188.89, 37]",166.69,448,43.45,0.68
07:41:58,"[146.0, 209]","[143.0, 77]","[185.7, 27]","[189.0, 32]",165.85,345,39.7,0.66
07:41:59,"[146.0, 171]","[143.0, 63]","[185.85, 39]","[189.6, 35]",165.92,308,39.85,0.52
07:42:00,"[147.77, 247]","[133.95, 87]","[183.85, 39]","[185.51, 55]",165.81,428,36.08,0.56
07:42:01,"[148.0, 190]","[114.0, 60]","[182.25, 36]","[183.94, 32]",165.12,318,34.25,0.57
07:42:02,"[148.56, 171]","[113.0, 45]","[181.0, 27]","[183.0, 27]",164.78,270,32.44,0.6
07:42:03,"[157.33, 160]","[152.74, 82]","[181.8, 25]","[184.71, 35]",169.57,302,24.47,0.6
07:42:04,"[178.37, 51]","[162.16, 45]","[185.82, 34]","[259.71, 28]",182.1,158,7.45,0.22
07:42:05,"[180.61, 44]","[164.68, 71]","[186.0, 44]","[280.0, 33]",183.31,192,5.39,0.2
07:42:06,"[183.1, 40]","[182.64, 25]","[186.0, 52]","[244.0, 39]",184.55,156,2.9,-0.17
07:42:07,"[185.56, 96]","[183.8, 40]","[261.42, 57]","[341.1, 40]",223.49,233,75.86,0.17
07:42:08,"[188.07, 45]","[187.87, 120]","[366.27, 26]","[428.4, 30]",277.17,221,178.2,0.49
07:42:09,"[188.33, 104]","[187.69, 91]","[312.46, 39]","[444.76, 29]",250.39,263,124.13,0.48
07:42:10,"[189.24, 37]","[176.64, 61]","[286.0, 21]","[554.0, 7]",237.62,126,96.76,0.56
07:42:11,"[189.0, 99]","[171.42, 38]","[257.22, 27]","[337.74, 23]",223.11,187,68.22,0.47
07:42:12,"[189.0, 132]","[151.2, 60]","[251.53, 45]","[259.61, 38]",220.27,275,62.53,0.4
07:42:13,"[189.67, 96]","[184.43, 134]","[236.93, 57]","[243.36, 55]",213.3,342,47.26,0.35
07:42:14,"[197.0, 11]","[189.0, 121]","[225.95, 37]","[227.6, 40]",211.47,209,28.95,0.26
07:42:15,"[197.0, 10]","[189.0, 110]","[225.0, 30]","[227.0, 40]",211.0,190,28.0,0.26
07:42:16,"[189.0, 42]","[169.06, 17]","[224.33, 18]","[227.0, 24]",206.67,101,35.33,0.17
07:42:17,"[189.0, 31]","[188.0, 26]","[223.36, 44]","[226.04, 47]",206.18,148,34.36,-0.23
07:42:18,"[149.96, 47]","[115.7, 46]","[216.17, 29]","[221.87, 45]",183.06,167,66.21,0.11
07:42:19,"[133.47, 43]","[115.5, 64]","[182.43, 86]","[182.73, 63]",157.95,256,48.97,-0.16
07:42:20,"[159.0, 52]","[126.0, 52]","[178.0, 56]","[180.0, 65]",168.5,225,19.0,-0.08
07:42:21,"[124.71, 28]","[94.38, 32]","[181.09, 11]","[224.14, 14]",152.9,85,56.38,0.41
07:42:22,"[183.0, 32]","[41.5, 32]","[207.17, 24]","[259.93, 28]",195.08,116,24.17,0.1
07:42:23,"[142.9, 21]","[150.5, 32]","[207.25, 24]","[221.33, 39]",175.08,116,64.35,-0.09
07:42:24,"[59.07, 14]","[12.9, 21]","[206.0, 18]","[307.05, 21]",132.54,74,146.93,-0.05
07:42:25,"[173.33, 15]","[171.93, 30]","[205.82, 22]","[396.48, 46]",189.58,113,32.48,-0.2
07:42:26,"[175.14, 14]","[174.4, 10]","[203.68, 34]","[273.41, 22]",189.41,80,28.53,-0.4
07:42:27,"[178.18, 17]","[176.8, 25]","[201.85, 40]","[203.28, 58]",190.01,140,23.67,-0.4
07:42:28,"[180.65, 20]","[148.8, 40]","[188.89, 46]","[197.0, 34]",184.77,140,8.24,-0.14
07:42:29,"[180.82, 22]","[80.05, 42]","[183.92, 26]","[185.89, 38]",182.37,128,3.1,0.0
07:42:30,"[181.0, 14]","[169.0, 28]","[199.89, 27]","[263.69, 13]",190.44,82,18.89,0.02
07:42:31,"[181.0, 18]","[101.2, 15]","[263.57, 21]","[456.73, 33]",222.29,87,82.57,-0.24
07:42:32,"[189.48, 23]","[161.73, 22]","[219.0, 14]","[486.0, 14]",204.24,73,29.52,0.23
07:42:33,"[194.0, 48]","[188.5, 24]","[361.46, 35]","[468.3, 33]",277.73,140,167.46,0.03
07:42:34,"[196.56, 25]","[193.63, 65]","[278.9, 31]","[388.0, 42]",237.73,163,82.34,0.1
07:42:35,"[194.35, 46]","[192.71, 28]","[301.33, 18]","[522.5, 16]",247.84,108,106.99,0.37
07:42:36,"[194.0, 45]","[193.0, 18]","[439.36, 39]","[578.71, 21]",316.68,123,245.36,0.02
07:42:37,"[194.71, 14]","[193.91, 22]","[419.67, 12]","[591.0, 27]",307.19,75,224.95,-0.04
07:42:38,"[196.52, 50]","[194.37, 38]","[339.83, 36]","[459.86, 42]",268.18,166,143.31,0.06
07:42:39,"[197.0, 43]","[195.0, 18]","[416.44, 36]","[467.89, 35]",306.72,132,219.44,-0.08
07:42:40,"[197.0, 44]","[195.0, 22]","[309.2, 30]","[377.71, 42]",253.1,138,112.2,-0.04
07:42:41,"[197.0, 31]","[195.0, 20]","[297.11, 38]","[385.57, 28]",247.05,117,100.11,-0.13
07:42:42,"[197.0, 24]","[195.0, 16]","[272.82, 28]","[288.86, 22]",234.91,90,75.82,-0.11
07:42:43,"[197.0, 18]","[195.0, 12]","[269.26, 19]","[270.57, 21]",233.13,70,72.26,-0.14
07:42:44,"[197.0, 33]","[195.0, 22]","[267.45, 33]","[268.45, 33]",232.23,121,70.45,-0.09
07:42:45,"[196.5, 12]","[194.33, 18]","[266.17, 18]","[268.0, 18]",231.33,66,69.67,-0.09
07:42:46,"[194.22, 27]","[193.46, 52]","[265.51, 41]","[267.12, 41]",229.87,161,71.29,-0.02
07:42:47,"[194.0, 39]","[193.0, 52]","[261.55, 40]","[262.76, 51]",227.78,182,67.55,0.0
07:42:48,"[195.0, 24]","[194.0, 24]","[259.25, 24]","[260.62, 26]",227.12,98,64.25,-0.02
07:42:49,"[194.11, 27]","[193.09, 35]","[257.56, 27]","[259.72, 29]",225.83,118,63.44,0.05
07:42:50,"[194.0, 24]","[193.0, 32]","[257.1, 31]","[258.64, 25]",225.55,112,63.1,0.0
07:42:51,"[194.0, 33]","[193.0, 44]","[247.7, 30]","[251.15, 27]",220.85,134,53.7,0.15
07:42:52,"[193.79, 19]","[192.71, 28]","[245.86, 14]","[247.0, 21]",219.82,82,52.07,0.15
07:42:53,"[193.0, 18]","[192.0, 36]","[244.2, 30]","[245.86, 21]",218.6,105,51.2,0.03
07:42:54,"[192.79, 28]","[191.79, 56]","[241.54, 41]","[242.37, 38]",217.16,163,48.75,0.03
07:42:55,"[192.0, 19]","[191.0, 40]","[237.36, 22]","[238.21, 28]",214.68,109,45.36,0.08
07:42:56,"[192.0, 26]","[191.0, 52]","[234.69, 29]","[236.74, 46]",213.34,153,42.69,0.02
07:42:57,"[191.1, 29]","[190.17, 47]","[228.73, 41]","[230.92, 38]",209.92,155,37.63,-0.02
07:42:58,"[191.0, 26]","[190.0, 39]","[214.17, 36]","[214.97, 39]",202.58,140,23.17,-0.07
07:42:59,"[193.0, 52]","[188.79, 56]","[209.67, 30]","[210.54, 35]",201.33,173,16.67,0.25
07:43:00,"[197.0, 72]","[189.0, 60]","[206.56, 32]","[208.35, 46]",201.78,210,9.56,0.26
07:43:01,"[197.0, 78]","[189.0, 65]","[203.47, 30]","[204.6, 35]",200.23,208,6.47,0.38
07:43:02,"[195.53, 45]","[189.46, 79]","[199.22, 55]","[200.71, 48]",197.38,227,3.68,0.09
07:43:03,"[193.41, 88]","[192.32, 38]","[195.81, 32]","[197.48, 42]",194.61,200,2.4,0.26
07:43:04,"[194.0, 72]","[192.86, 28]","[196.27, 22]","[197.46, 26]",195.14,148,2.27,0.35
07:43:05,"[194.0, 72]","[192.0, 18]","[195.86, 28]","[242.21, 29]",194.93,147,1.86,0.22
07:43:06,"[194.0, 46]","[192.0, 26]","[197.0, 26]","[256.56, 57]",195.5,155,3.0,-0.07
07:43:07,"[194.0, 5]","[192.0, 10]","[196.2, 10]","[232.0, 20]",195.1,45,2.2,-0.33
07:43:08,"[194.0, 10]","[192.0, 20]","[196.0, 20]","[232.0, 40]",195.0,90,2.0,-0.33
07:43:09,"[193.38, 13]","[191.75, 24]","[235.31, 26]","[331.95, 39]",214.35,102,41.92,-0.27
07:43:10,"[192.0, 30]","[191.0, 45]","[316.34, 29]","[414.23, 43]",254.17,147,124.34,0.02
07:43:11,"[192.3, 23]","[191.02, 46]","[321.15, 60]","[322.25, 28]",256.73,157,128.85,-0.12
07:43:12,"[193.0, 79]","[192.0, 13]","[309.21, 29]","[311.59, 29]",251.1,150,116.21,0.23
07:43:13,"[193.0, 60]","[192.0, 10]","[271.87, 38]","[265.44, 18]",232.43,126,78.87,0.11
07:43:14,"[193.0, 78]","[191.13, 63]","[239.06, 53]","[240.23, 13]",216.03,207,46.06,0.36
07:43:15,"[193.0, 57]","[191.01, 155]","[237.1, 59]","[237.68, 31]",215.05,302,44.1,0.4
07:43:16,"[193.0, 21]","[192.0, 7]","[232.71, 7]","[234.58, 19]",212.86,54,39.71,0.04
07:43:17,"[193.0, 29]","[192.0, 11]","[214.91, 23]","[223.53, 15]",203.96,78,21.91,0.03
07:43:18,"[193.0, 11]","[192.0, 11]","[206.05, 19]","[207.32, 47]",199.53,88,13.05,-0.5
07:43:19,"[193.0, 16]","[192.0, 16]","[201.56, 36]","[204.54, 28]",197.28,96,8.56,-0.33
07:43:20,"[193.0, 13]","[192.0, 13]","[198.6, 25]","[200.4, 25]",195.8,76,5.6,-0.32
07:43:21,"[191.03, 132]","[190.09, 44]","[195.26, 47]","[196.39, 31]",193.14,254,4.23,0.39
07:43:22,"[193.68, 95]","[190.97, 113]","[231.5, 20]","[280.65, 40]",212.59,268,37.82,0.55
07:43:23,"[194.0, 34]","[191.0, 90]","[270.67, 30]","[454.75, 28]",232.33,182,76.67,0.36
07:43:24,"[191.05, 110]","[190.36, 56]","[273.87, 23]","[349.51, 37]",232.46,226,82.82,0.47
07:43:25,"[191.06, 51]","[190.03, 31]","[270.94, 34]","[272.77, 31]",231.0,147,79.88,0.12
07:43:26,"[190.86, 21]","[189.96, 28]","[268.09, 34]","[268.48, 25]",229.47,108,77.23,-0.09
07:43:27,"[190.93, 28]","[189.95, 41]","[243.12, 41]","[252.65, 34]",217.03,144,52.19,-0.04
07:43:28,"[192.55, 66]","[189.58, 24]","[228.42, 48]","[229.5, 48]",210.48,186,35.87,-0.03
07:43:29,"[193.0, 56]","[190.0, 14]","[225.14, 28]","[226.14, 28]",209.07,126,32.14,0.11
07:43:30,"[194.67, 18]","[189.24, 25]","[225.0, 36]","[226.0, 36]",209.83,115,30.33,-0.25
07:43:31,"[193.0, 26]","[191.0, 8]","[224.12, 32]","[225.12, 32]",208.56,98,31.12,-0.31
07:43:32,"[190.8, 15]","[154.46, 26]","[220.12, 32]","[222.1, 29]",205.46,102,29.32,-0.2
07:43:33,"[161.04, 25]","[136.4, 72]","[216.36, 28]","[217.5, 22]",188.7,147,55.32,0.32
07:43:34,"[142.53, 64]","[100.89, 97]","[211.0, 40]","[212.26, 46]",176.77,247,68.47,0.3
07:43:35,"[161.14, 35]","[39.69, 52]","[181.86, 42]","[209.14, 28]",171.5,157,20.71,0.11
07:43:36,"[78.0, 25]","[28.41, 34]","[178.88, 32]","[199.87, 23]",128.44,114,100.88,0.04
07:43:37,"[130.0, 30]","[28.0, 48]","[178.0, 24]","[179.0, 42]",154.0,144,48.0,0.08
07:43:38,"[168.0, 25]","[28.0, 40]","[178.79, 19]","[180.45, 11]",173.39,95,10.79,0.37
07:43:39,"[107.08, 48]","[45.3, 37]","[185.29, 49]","[339.56, 25]",146.18,159,78.2,0.07
07:43:40,"[141.56, 36]","[101.88, 26]","[185.0, 66]","[279.2, 49]",163.28,177,43.44,-0.3
07:43:41,"[191.33, 12]","[166.4, 20]","[533.0, 30]","[603.0, 18]",362.17,80,341.67,-0.2
07:43:42,"[195.0, 32]","[163.25, 32]","[529.49, 49]","[593.36, 33]",362.24,146,334.49,-0.12
07:43:43,"[195.0, 28]","[163.03, 35]","[390.0, 28]","[573.0, 35]",292.5,126,195.0,0.0
07:43:44,"[195.0, 20]","[190.03, 37]","[409.2, 20]","[548.8, 25]",302.1,102,214.2,0.12
07:43:45,"[195.0, 34]","[192.0, 127]","[356.09, 44]","[441.46, 46]",275.55,251,161.09,0.28
07:43:46,"[192.0, 114]","[141.82, 115]","[411.77, 26]","[556.14, 28]",301.88,283,219.77,0.62
07:43:47,"[194.47, 17]","[186.0, 35]","[496.0, 16]","[595.0, 20]",345.24,88,301.53,0.18
07:43:48,"[199.0, 14]","[192.0, 77]","[373.86, 28]","[549.29, 35]",286.43,154,174.86,0.18
07:43:49,"[199.0, 22]","[198.0, 11]","[367.24, 49]","[570.92, 50]",283.12,132,168.24,-0.5
07:43:50,"[193.86, 28]","[190.77, 94]","[334.19, 36]","[488.1, 39]",264.03,197,140.34,0.24
07:43:51,"[192.0, 32]","[120.0, 112]","[267.0, 4]","[268.0, 20]",229.5,168,75.0,0.71
07:43:52,"[192.0, 56]","[108.42, 38]","[261.18, 11]","[371.81, 31]",226.59,136,69.18,0.38
07:43:53,"[192.0, 40]","[76.89, 18]","[253.2, 5]","[266.6, 25]",222.6,88,61.2,0.32
07:43:54,"[192.0, 74]","[121.24, 84]","[251.82, 11]","[284.0, 55]",221.91,224,59.82,0.41
07:43:55,"[192.0, 80]","[190.0, 60]","[247.43, 14]","[283.28, 46]",219.71,200,55.43,0.4
07:43:56,"[192.0, 82]","[189.42, 86]","[244.51, 41]","[257.71, 17]",218.26,226,52.51,0.49
07:43:57,"[192.0, 30]","[190.0, 96]","[238.55, 22]","[245.5, 10]",215.27,158,46.55,0.59
07:43:58,"[192.0, 53]","[190.0, 186]","[215.52, 44]","[218.58, 33]",203.76,316,23.52,0.51
07:43:59,"[192.0, 40]","[190.05, 76]","[210.68, 38]","[212.68, 22]",201.34,176,18.68,0.32
07:44:00,"[192.0, 52]","[191.0, 13]","[209.41, 37]","[209.44, 41]",200.7,143,17.41,-0.09
07:44:01,"[192.02, 43]","[191.19, 16]","[203.71, 21]","[207.72, 39]",197.87,119,11.69,-0.01
07:44:02,"[193.0, 12]","[192.0, 36]","[197.17, 42]","[199.57, 21]",195.08,111,4.17,-0.14
07:44:03,"[192.53, 19]","[191.92, 38]","[195.29, 45]","[196.21, 19]",193.91,121,2.76,-0.06
07:44:04,"[190.09, 53]","[189.75, 80]","[192.92, 13]","[194.29, 14]",191.51,160,2.83,0.66
07:44:05,"[190.0, 108]","[189.0, 70]","[221.5, 18]","[263.2, 15]",205.75,211,31.5,0.69
07:44:06,"[190.0, 50]","[189.0, 50]","[360.2, 10]","[422.0, 10]",275.1,120,170.2,0.67
07:44:07,"[190.81, 54]","[189.75, 40]","[325.25, 8]","[438.5, 8]",258.03,110,134.44,0.71
07:44:08,"[195.0, 103]","[190.2, 69]","[422.0, 13]","[530.08, 13]",308.5,198,227.0,0.74
07:44:09,"[195.0, 54]","[190.0, 30]","[338.0, 6]","[439.5, 6]",266.5,96,143.0,0.75
07:44:10,"[195.0, 45]","[192.57, 14]","[254.0, 5]","[429.0, 5]",224.5,69,59.0,0.71
07:44:11,"[195.0, 81]","[191.65, 40]","[254.0, 9]","[296.0, 9]",224.5,139,59.0,0.74
07:44:12,"[195.0, 90]","[190.17, 48]","[254.0, 10]","[504.6, 10]",224.5,158,59.0,0.75
07:44:13,"[197.04, 55]","[194.65, 69]","[270.7, 20]","[356.56, 16]",233.87,160,73.66,0.55
07:44:14,"[199.0, 24]","[195.0, 54]","[259.0, 12]","[260.0, 6]",229.0,96,60.0,0.62
07:44:15,"[195.33, 98]","[192.94, 70]","[246.78, 40]","[252.14, 22]",221.05,230,51.45,0.46
07:44:16,"[195.0, 81]","[192.22, 162]","[200.14, 28]","[206.8, 49]",197.57,320,5.14,0.52
07:44:17,"[195.0, 37]","[193.0, 198]","[198.75, 24]","[200.84, 49]",196.88,308,3.75,0.53
07:44:18,"[195.0, 27]","[193.0, 162]","[196.45, 33]","[197.23, 39]",195.73,261,1.45,0.45
07:44:19,"[195.0, 24]","[193.0, 162]","[196.0, 27]","[197.0, 45]",195.5,258,1.0,0.44
07:44:20,"[193.04, 101]","[192.14, 130]","[197.0, 40]","[199.0, 16]",195.02,287,3.96,0.61
07:44:21,"[193.0, 154]","[192.0, 176]","[195.75, 40]","[196.76, 37]",194.38,407,2.75,0.62
07:44:22,"[193.22, 82]","[192.14, 149]","[286.9, 39]","[395.29, 21]",240.06,291,93.68,0.59
07:44:23,"[193.0, 63]","[192.0, 150]","[274.0, 9]","[623.89, 27]",233.5,249,81.0,0.71
07:44:24,"[193.0, 46]","[192.0, 190]","[506.83, 12]","[661.82, 28]",349.92,276,313.83,0.71
07:44:25,"[193.4, 83]","[191.94, 94]","[503.28, 18]","[543.69, 16]",348.34,211,309.88,0.68
07:44:26,"[197.65, 34]","[193.65, 31]","[484.6, 20]","[577.29, 28]",341.12,113,286.95,0.15
07:44:27,"[193.8, 20]","[192.14, 88]","[503.88, 16]","[621.24, 17]",348.84,141,310.07,0.53
07:44:28,"[193.0, 24]","[192.0, 82]","[387.08, 13]","[503.88, 16]",290.04,135,194.08,0.57
07:44:29,"[194.2, 20]","[192.33, 36]","[233.45, 11]","[449.38, 13]",213.83,80,39.25,0.4
07:44:30,"[196.0, 24]","[193.0, 36]","[233.0, 24]","[432.06, 18]",214.5,102,37.0,0.18
07:44:31,"[197.29, 35]","[193.5, 36]","[231.62, 26]","[366.08, 26]",214.45,123,34.33,0.15
07:44:32,"[199.0, 45]","[196.0, 18]","[229.33, 18]","[394.53, 15]",214.17,96,30.33,0.31
07:44:33,"[199.0, 45]","[196.0, 18]","[227.29, 14]","[264.11, 18]",213.14,95,28.29,0.33
07:44:34,"[199.0, 70]","[196.0, 28]","[223.18, 17]","[224.36, 25]",211.09,140,24.18,0.4
07:44:35,"[199.0, 65]","[196.0, 26]","[215.92, 26]","[220.09, 22]",207.46,139,16.92,0.31
07:44:36,"[199.0, 76]","[196.0, 32]","[217.71, 24]","[219.38, 24]",208.35,156,18.71,0.38
07:44:37,"[193.0, 36]","[192.0, 72]","[214.19, 32]","[216.26, 19]",203.59,159,21.19,0.36
07:44:38,"[192.87, 45]","[191.85, 92]","[196.15, 41]","[202.2, 40]",194.51,218,3.28,0.26
07:44:39,"[191.26, 95]","[190.95, 103]","[193.03, 33]","[359.05, 20]",192.15,251,1.77,0.58
07:44:40,"[191.0, 152]","[190.0, 11]","[192.64, 11]","[230.8, 20]",191.82,194,1.64,0.68
07:44:41,"[191.0, 117]","[190.0, 9]","[301.07, 15]","[415.64, 22]",246.03,163,110.07,0.55
07:44:42,"[191.91, 75]","[191.07, 92]","[325.22, 27]","[398.28, 29]",258.56,223,133.32,0.5
07:44:43,"[192.0, 11]","[191.0, 143]","[247.0, 11]","[275.65, 34]",219.5,199,55.0,0.55
07:44:44,"[191.02, 92]","[190.74, 35]","[240.25, 12]","[313.43, 21]",215.64,160,49.23,0.59
07:44:45,"[191.0, 90]","[190.0, 9]","[245.67, 9]","[311.0, 18]",218.33,126,54.67,0.57
07:44:46,"[191.0, 90]","[189.53, 17]","[245.0, 11]","[330.43, 23]",218.0,141,54.0,0.52
07:44:47,"[191.08, 98]","[189.5, 64]","[243.93, 14]","[394.19, 32]",217.51,208,52.85,0.56
07:44:48,"[191.85, 66]","[191.29, 75]","[240.54, 13]","[242.0, 13]",216.19,167,48.69,0.69
07:44:49,"[193.0, 12]","[192.0, 72]","[237.33, 12]","[239.0, 12]",215.17,108,44.33,0.56
07:44:50,"[193.0, 14]","[192.0, 84]","[234.06, 17]","[234.81, 21]",213.53,136,41.06,0.44
07:44:51,"[192.11, 54]","[191.6, 60]","[222.04, 25]","[227.59, 17]",207.08,156,29.93,0.46
07:44:52,"[192.0, 48]","[191.0, 24]","[210.4, 15]","[213.5, 10]",201.2,97,18.4,0.48
07:44:53,"[192.0, 48]","[191.0, 24]","[208.0, 8]","[209.0, 16]",200.0,96,16.0,0.5
07:44:54,"[192.0, 68]","[191.0, 36]","[202.17, 18]","[206.83, 18]",197.08,140,10.17,0.49
07:44:55,"[192.0, 20]","[191.0, 24]","[204.0, 9]","[205.87, 15]",198.0,68,12.0,0.29
07:44:56,"[193.55, 29]","[191.8, 15]","[202.27, 22]","[204.0, 11]",197.91,77,8.72,0.14
07:44:57,"[194.0, 33]","[193.0, 11]","[199.5, 16]","[201.08, 13]",196.75,73,5.5,0.21
07:44:58,"[194.0, 28]","[193.0, 11]","[196.0, 15]","[197.5, 12]",195.0,66,2.0,0.18
07:44:59,"[192.83, 70]","[191.86, 70]","[205.19, 32]","[350.46, 24]",199.01,196,12.36,0.43
07:45:00,"[192.0, 70]","[191.0, 21]","[220.0, 21]","[221.0, 14]",206.0,126,28.0,0.44
07:45:01,"[192.0, 56]","[191.0, 18]","[219.0, 15]","[219.8, 15]",205.5,104,27.0,0.42
07:45:02,"[193.24, 91]","[191.42, 62]","[216.3, 43]","[218.14, 42]",204.77,238,23.06,0.29
07:45:03,"[199.0, 50]","[192.0, 40]","[214.07, 28]","[216.18, 22]",206.54,140,15.07,0.29
07:45:04,"[199.0, 65]","[192.36, 25]","[213.0, 26]","[214.0, 39]",206.0,155,14.0,0.16
07:45:05,"[199.0, 32]","[193.0, 7]","[210.87, 15]","[211.67, 12]",204.93,66,11.87,0.18
07:45:06,"[199.0, 59]","[193.0, 17]","[206.18, 28]","[207.54, 26]",202.59,130,7.18,0.17
07:45:07,"[199.0, 24]","[193.0, 8]","[202.62, 24]","[205.0, 16]",200.81,72,3.62,-0.11
07:45:08,"[198.4, 30]","[193.78, 51]","[201.68, 31]","[203.45, 29]",200.04,141,3.28,0.15
07:45:09,"[198.2, 25]","[194.76, 49]","[200.14, 28]","[236.76, 21]",199.17,123,1.94,0.2
07:45:10,"[195.0, 40]","[192.0, 32]","[200.38, 16]","[303.56, 9]",197.69,97,5.38,0.48
07:45:11,"[195.0, 60]","[192.13, 46]","[199.5, 16]","[205.2, 20]",197.25,142,4.5,0.49
07:45:12,"[195.0, 73]","[193.92, 145]","[197.27, 22]","[199.0, 11]",196.14,251,2.27,0.74
07:45:13,"[195.0, 52]","[194.0, 152]","[197.0, 13]","[199.27, 11]",196.0,228,2.0,0.79
07:45:14,"[195.0, 96]","[194.0, 304]","[196.68, 22]","[306.29, 28]",195.84,450,1.68,0.78
07:45:15,"[195.0, 46]","[194.0, 171]","[257.56, 9]","[299.52, 21]",226.28,247,62.56,0.76
07:45:16,"[195.0, 40]","[194.0, 152]","[264.0, 8]","[266.0, 8]",229.5,208,69.0,0.85
07:45:17,"[195.0, 55]","[194.0, 209]","[241.0, 11]","[263.55, 11]",218.0,286,46.0,0.85
07:45:18,"[195.22, 41]","[194.02, 155]","[225.85, 13]","[229.08, 25]",210.53,234,30.63,0.68
07:45:19,"[196.96, 23]","[194.09, 167]","[223.0, 13]","[392.49, 37]",209.98,240,26.04,0.58
07:45:20,"[194.1, 50]","[193.84, 113]","[222.25, 8]","[347.75, 40]",208.18,211,28.15,0.55
07:45:21,"[194.0, 150]","[193.0, 60]","[214.77, 13]","[302.98, 40]",204.38,263,20.77,0.6
07:45:22,"[194.0, 55]","[193.0, 30]","[221.0, 5]","[319.0, 20]",207.5,110,27.0,0.55
07:45:23,"[194.0, 113]","[193.0, 84]","[218.16, 44]","[219.5, 14]",206.08,255,24.16,0.55
07:45:24,"[194.0, 49]","[193.0, 42]","[218.0, 42]","[549.53, 19]",206.0,152,24.0,0.2
07:45:25,"[194.0, 61]","[193.0, 66]","[216.71, 14]","[444.2, 35]",205.36,176,22.71,0.44
07:45:26,"[194.0, 36]","[193.0, 72]","[214.46, 39]","[392.58, 38]",204.23,185,20.46,0.17
07:45:27,"[194.3, 30]","[193.39, 69]","[211.69, 62]","[212.6, 50]",203.0,211,17.39,-0.06
07:45:28,"[193.12, 32]","[192.15, 80]","[208.56, 52]","[209.41, 34]",200.84,198,15.43,0.13
07:45:29,"[193.0, 40]","[192.0, 48]","[204.19, 31]","[204.87, 31]",198.6,150,11.19,0.17
07:45:30,"[193.0, 46]","[192.0, 60]","[200.18, 44]","[201.36, 47]",196.59,197,7.18,0.08
07:45:31,"[193.0, 39]","[192.0, 104]","[196.26, 47]","[198.08, 53]",194.63,243,3.26,0.18
07:45:32,"[192.04, 75]","[191.07, 116]","[193.79, 38]","[213.89, 38]",192.91,267,1.75,0.43
07:45:33,"[192.0, 112]","[191.0, 180]","[193.26, 39]","[256.0, 60]",192.63,391,1.26,0.49
07:45:34,"[191.76, 51]","[190.99, 85]","[193.0, 16]","[256.0, 32]",192.38,184,1.24,0.48
07:45:35,"[191.63, 57]","[190.94, 36]","[273.36, 44]","[389.81, 42]",232.5,179,81.73,0.04
07:45:36,"[198.0, 16]","[193.0, 8]","[355.0, 14]","[715.06, 17]",276.5,55,157.0,-0.13
07:45:37,"[193.55, 33]","[192.0, 9]","[468.5, 12]","[658.0, 27]",331.02,81,274.95,0.04
07:45:38,"[191.0, 77]","[190.0, 11]","[310.36, 11]","[439.18, 11]",250.68,110,119.36,0.6
07:45:39,"[191.0, 68]","[188.91, 11]","[230.0, 11]","[423.91, 11]",210.5,101,39.0,0.56
07:45:40,"[191.0, 37]","[188.93, 15]","[471.0, 11]","[608.73, 11]",331.0,74,280.0,0.41
07:45:41,"[191.0, 16]","[189.0, 16]","[413.0, 32]","[752.0, 8]",302.0,72,222.0,-0.11
07:45:42,"[194.03, 35]","[189.33, 12]","[270.25, 8]","[435.0, 32]",232.14,87,76.22,0.08
07:45:43,"[190.91, 33]","[189.6, 35]","[312.83, 35]","[509.8, 20]",251.87,123,121.92,0.11
07:45:44,"[190.15, 41]","[189.81, 26]","[270.0, 32]","[504.88, 8]",230.07,107,79.85,0.25
07:45:45,"[192.85, 26]","[190.63, 19]","[267.0, 19]","[345.75, 16]",229.92,80,74.15,0.12
07:45:46,"[193.0, 48]","[191.0, 24]","[266.2, 30]","[307.03, 30]",229.6,132,73.2,0.09
07:45:47,"[193.0, 3]","[191.0, 6]","[270.0, 12]","[625.0, 3]",231.5,24,77.0,-0.25
07:45:48,"[193.0, 7]","[191.0, 14]","[352.2, 10]","[538.85, 27]",272.6,58,159.2,-0.28
07:45:49,"[197.52, 31]","[192.08, 13]","[214.35, 31]","[245.86, 21]",205.94,96,16.84,-0.08
07:45:50,"[196.83, 24]","[190.79, 19]","[204.0, 21]","[290.71, 7]",200.42,71,7.17,0.21
07:45:51,"[194.59, 78]","[190.26, 38]","[200.89, 27]","[235.24, 25]",197.74,168,6.3,0.38
07:45:52,"[195.0, 125]","[192.43, 28]","[198.78, 27]","[200.56, 27]",196.89,207,3.78,0.48
07:45:53,"[195.0, 150]","[193.0, 48]","[198.0, 36]","[199.0, 36]",196.5,270,3.0,0.47
07:45:54,"[195.0, 110]","[193.0, 52]","[196.92, 39]","[198.46, 37]",195.96,238,1.92,0.36
07:45:55,"[193.72, 25]","[191.75, 32]","[202.31, 13]","[341.67, 21]",198.01,91,8.59,0.25
07:45:56,"[193.0, 24]","[191.04, 26]","[214.29, 14]","[401.65, 20]",203.64,84,21.29,0.19
07:45:57,"[193.0, 40]","[192.0, 11]","[213.09, 55]","[215.0, 11]",203.05,117,20.09,-0.13
07:45:58,"[193.0, 9]","[192.0, 9]","[212.78, 45]","[254.83, 18]",202.89,81,19.78,-0.56
07:45:59,"[195.06, 18]","[191.41, 17]","[210.61, 33]","[215.27, 33]",202.83,101,15.55,-0.31
07:46:00,"[198.0, 42]","[192.0, 42]","[206.85, 48]","[208.45, 64]",202.43,196,8.85,-0.14
07:46:01,"[198.0, 27]","[192.0, 27]","[203.33, 27]","[205.0, 45]",200.67,126,5.33,-0.14
07:46:02,"[198.0, 30]","[192.86, 42]","[200.3, 50]","[203.0, 30]",199.15,152,2.3,-0.05
07:46:03,"[194.14, 84]","[192.5, 36]","[202.38, 32]","[288.85, 20]",198.26,172,8.23,0.4
07:46:04,"[194.0, 93]","[192.0, 39]","[197.84, 57]","[212.13, 31]",195.92,220,3.84,0.2
07:46:05,"[193.61, 62]","[192.5, 48]","[196.62, 48]","[199.08, 36]",195.12,194,3.01,0.13
07:46:06,"[193.0, 45]","[191.8, 41]","[198.25, 51]","[213.83, 29]",195.63,166,5.25,0.04
07:46:07,"[193.0, 12]","[191.95, 80]","[202.11, 27]","[204.16, 55]",197.56,174,9.11,0.06
07:46:08,"[193.0, 11]","[192.0, 110]","[198.82, 22]","[201.0, 22]",195.91,165,5.82,0.47
07:46:09,"[193.0, 12]","[192.0, 48]","[195.47, 30]","[197.67, 33]",194.23,123,2.47,-0.02
07:46:10,"[192.04, 27]","[191.07, 28]","[194.32, 41]","[196.74, 31]",193.18,127,2.28,-0.13
07:46:11,"[190.94, 17]","[189.31, 36]","[192.09, 23]","[214.73, 11]",191.51,87,1.15,0.22
07:46:12,"[190.0, 8]","[189.0, 72]","[191.0, 24]","[271.0, 8]",190.5,112,1.0,0.43
07:46:13,"[189.08, 39]","[188.82, 33]","[191.0, 27]","[271.0, 9]",190.04,108,1.92,0.33
07:46:14,"[189.0, 54]","[188.0, 9]","[190.11, 27]","[271.0, 9]",189.56,99,1.11,0.27
07:46:15,"[189.0, 42]","[188.0, 8]","[198.1, 20]","[331.0, 16]",193.55,86,9.1,0.16
07:46:16,"[189.0, 45]","[188.0, 15]","[305.22, 27]","[392.81, 72]",247.11,159,116.22,-0.25
07:46:17,"[166.96, 28]","[117.94, 18]","[332.81, 27]","[474.3, 23]",249.89,96,165.85,-0.04
07:46:18,"[68.92, 26]","[44.86, 28]","[253.38, 40]","[296.38, 26]",161.15,120,184.45,-0.1
07:46:19,"[150.84, 31]","[139.38, 34]","[273.44, 27]","[301.0, 9]",212.14,101,122.61,0.29
07:46:20,"[192.29, 17]","[191.17, 30]","[286.12, 24]","[474.86, 22]",239.21,93,93.83,0.01
07:46:21,"[195.22, 23]","[193.0, 11]","[374.73, 37]","[544.24, 33]",284.97,104,179.51,-0.35
07:46:22,"[195.59, 17]","[193.09, 11]","[564.39, 31]","[662.57, 21]",379.99,80,368.8,-0.3
07:46:23,"[193.4, 30]","[192.89, 54]","[267.0, 24]","[473.33, 36]",230.2,144,73.6,0.17
07:46:24,"[193.0, 36]","[192.0, 9]","[306.89, 18]","[495.18, 22]",249.94,85,113.89,0.06
07:46:25,"[198.0, 45]","[193.0, 36]","[474.33, 18]","[555.65, 20]",336.17,119,276.33,0.36
07:46:26,"[199.0, 8]","[198.0, 40]","[459.12, 16]","[553.17, 23]",329.06,87,260.12,0.1
07:46:27,"[198.67, 15]","[197.92, 51]","[354.91, 22]","[405.94, 31]",276.79,119,156.24,0.11
07:46:28,"[198.0, 30]","[194.0, 6]","[251.15, 13]","[278.24, 17]",224.58,66,53.15,0.09
07:46:29,"[198.0, 25]","[194.0, 5]","[205.0, 15]","[261.2, 10]",201.5,55,7.0,0.09
07:46:30,"[197.67, 24]","[193.8, 10]","[250.9, 30]","[589.9, 20]",224.28,84,53.23,-0.19
07:46:31,"[196.59, 17]","[192.26, 19]","[273.3, 47]","[367.48, 29]",234.94,112,76.71,-0.36
07:46:32,"[191.14, 35]","[190.56, 39]","[255.2, 44]","[267.75, 36]",223.17,154,64.06,-0.04
07:46:33,"[191.75, 122]","[190.76, 63]","[208.23, 65]","[211.0, 39]",199.99,289,16.48,0.28
07:46:34,"[192.0, 53]","[191.0, 42]","[207.0, 35]","[330.43, 21]",199.5,151,15.0,0.26
07:46:35,"[192.0, 77]","[191.0, 66]","[205.73, 44]","[207.0, 55]",198.86,242,13.73,0.18
07:46:36,"[192.0, 61]","[191.0, 66]","[203.68, 47]","[206.31, 52]",197.84,226,11.68,0.12
07:46:37,"[192.0, 52]","[191.0, 96]","[201.11, 79]","[202.06, 70]",196.56,297,9.11,-0.0
07:46:38,"[192.0, 16]","[191.0, 96]","[196.2, 74]","[197.8, 75]",194.1,261,4.2,-0.14
07:46:39,"[191.03, 80]","[190.24, 51]","[192.95, 61]","[193.96, 73]",191.99,265,1.93,-0.01
07:46:40,"[190.14, 28]","[189.43, 14]","[191.67, 24]","[201.67, 36]",190.9,102,1.52,-0.18
07:46:41,"[190.0, 18]","[189.0, 8]","[191.92, 26]","[196.2, 20]",190.96,72,1.92,-0.28
07:46:42,"[190.0, 28]","[189.0, 14]","[191.67, 54]","[370.21, 19]",190.83,115,1.67,-0.27
07:46:43,"[192.38, 48]","[190.67, 49]","[203.41, 61]","[371.33, 18]",197.89,176,11.03,0.1
07:46:44,"[196.0, 22]","[191.0, 55]","[203.36, 55]","[248.06, 17]",199.68,149,7.36,0.03
07:46:45,"[196.0, 14]","[193.03, 31]","[202.14, 35]","[266.0, 14]",199.07,94,6.14,-0.04
07:46:46,"[196.0, 10]","[194.0, 5]","[201.4, 25]","[266.0, 10]",198.7,50,5.4,-0.4
07:46:47,"[193.37, 35]","[192.29, 31]","[200.0, 45]","[266.78, 18]",196.69,129,6.63,0.02
07:46:48,"[193.0, 35]","[192.0, 28]","[199.0, 35]","[273.0, 14]",196.0,112,6.0,0.12
07:46:49,"[193.0, 25]","[192.0, 20]","[197.0, 25]","[497.0, 10]",195.0,80,4.0,0.12
07:46:50,"[193.0, 60]","[192.0, 48]","[196.67, 60]","[475.32, 22]",194.83,190,3.67,0.14
07:46:51,"[193.07, 43]","[192.32, 47]","[196.0, 55]","[442.91, 23]",194.53,168,2.93,0.07
07:46:52,"[194.0, 9]","[193.0, 45]","[195.33, 45]","[235.0, 9]",194.67,108,1.33,0.0
07:46:53,"[194.0, 8]","[193.0, 40]","[195.0, 40]","[264.85, 13]",194.5,101,1.0,-0.05
07:46:54,"[192.17, 148]","[190.8, 50]","[233.72, 50]","[242.65, 34]",212.94,282,41.55,0.4
07:46:55,"[192.0, 126]","[190.0, 30]","[233.0, 40]","[245.3, 20]",212.5,216,41.0,0.44
07:46:56,"[192.32, 62]","[191.45, 55]","[233.0, 36]","[351.29, 14]",212.66,167,40.68,0.4
07:46:57,"[192.0, 72]","[190.0, 24]","[233.0, 32]","[351.67, 15]",212.5,143,41.0,0.34
07:46:58,"[192.0, 63]","[190.0, 21]","[233.0, 28]","[420.08, 13]",212.5,125,41.0,0.34
07:46:59,"[192.98, 64]","[191.73, 89]","[231.36, 56]","[345.24, 37]",212.17,246,38.37,0.24
07:47:00,"[198.0, 47]","[197.0, 24]","[231.0, 32]","[299.5, 24]",214.5,127,33.0,0.12
07:47:01,"[198.0, 32]","[197.0, 24]","[424.28, 32]","[515.0, 18]",311.14,106,226.28,0.06
07:47:02,"[198.0, 52]","[197.0, 39]","[403.28, 36]","[427.37, 51]",300.64,178,205.28,0.02
07:47:03,"[193.12, 43]","[192.63, 81]","[358.48, 44]","[417.74, 38]",275.8,206,165.36,0.2
07:47:04,"[192.0, 112]","[189.73, 83]","[342.7, 30]","[365.15, 33]",267.35,258,150.7,0.51
07:47:05,"[192.0, 128]","[189.94, 235]","[334.9, 42]","[336.12, 33]",263.45,438,142.9,0.66
07:47:06,"[192.0, 112]","[190.0, 224]","[328.79, 38]","[334.12, 32]",260.39,406,136.79,0.66
07:47:07,"[192.03, 89]","[190.09, 184]","[253.97, 32]","[274.81, 31]",223.0,336,61.94,0.62
07:47:08,"[192.45, 66]","[191.39, 206]","[233.38, 39]","[234.22, 46]",212.92,357,40.93,0.52
07:47:09,"[192.0, 65]","[191.0, 306]","[216.67, 42]","[218.06, 36]",204.33,449,24.67,0.65
07:47:10,"[191.01, 171]","[190.1, 178]","[192.45, 22]","[193.45, 22]",191.73,393,1.44,0.78
07:47:11,"[191.0, 80]","[190.0, 96]","[192.0, 12]","[194.67, 12]",191.5,200,1.0,0.76
07:47:12,"[191.0, 111]","[190.0, 144]","[192.78, 18]","[215.33, 18]",191.89,291,1.78,0.75
07:47:13,"[191.0, 85]","[190.0, 160]","[193.0, 20]","[367.46, 24]",192.0,289,2.0,0.7
07:47:14,"[191.0, 42]","[190.0, 128]","[193.0, 16]","[351.27, 22]",192.0,208,2.0,0.63
07:47:15,"[192.0, 81]","[191.0, 52]","[283.4, 45]","[384.62, 39]",237.7,217,91.4,0.23
07:47:16,"[192.0, 63]","[191.0, 28]","[242.59, 34]","[332.33, 27]",217.29,152,50.59,0.2
07:47:17,"[192.38, 48]","[191.57, 47]","[235.43, 35]","[254.16, 37]",213.9,167,43.05,0.14
07:47:18,"[198.0, 9]","[192.0, 81]","[208.4, 40]","[242.05, 41]",203.2,171,10.4,0.05
07:47:19,"[192.91, 33]","[191.74, 61]","[204.44, 36]","[485.17, 41]",198.68,171,11.54,0.1
07:47:20,"[192.0, 27]","[191.0, 36]","[201.79, 38]","[213.14, 29]",196.89,130,9.79,-0.03
07:47:21,"[192.5, 12]","[191.43, 21]","[202.67, 24]","[217.0, 18]",197.58,75,10.17,-0.12
07:47:22,"[194.0, 11]","[191.2, 61]","[201.09, 44]","[399.49, 47]",197.55,163,7.09,-0.12
07:47:23,"[191.64, 61]","[190.18, 137]","[199.25, 32]","[206.9, 40]",195.44,270,7.61,0.47
07:47:24,"[193.0, 48]","[191.0, 48]","[195.22, 18]","[196.13, 30]",194.11,144,2.22,0.33
07:47:25,"[193.0, 57]","[191.15, 71]","[194.0, 22]","[196.0, 44]",193.5,194,1.0,0.32
07:47:26,"[192.01, 82]","[191.17, 65]","[194.91, 35]","[281.11, 45]",193.46,227,2.9,0.3
07:47:27,"[192.0, 81]","[191.0, 54]","[193.77, 26]","[194.82, 34]",192.88,195,1.77,0.38
07:47:28,"[192.0, 90]","[191.0, 60]","[193.7, 20]","[285.4, 40]",192.85,210,1.7,0.43
07:47:29,"[192.0, 117]","[191.0, 70]","[314.6, 30]","[469.41, 51]",253.3,268,122.6,0.4
07:47:30,"[194.39, 44]","[191.91, 69]","[445.44, 27]","[489.5, 32]",319.92,172,251.06,0.31
07:47:31,"[195.0, 38]","[192.0, 90]","[310.96, 47]","[404.13, 23]",252.98,198,115.96,0.29
07:47:32,"[192.67, 81]","[191.56, 96]","[309.54, 26]","[408.08, 65]",251.1,268,116.87,0.32
07:47:33,"[197.17, 195]","[191.86, 126]","[304.53, 34]","[493.93, 69]",250.85,424,107.36,0.51
07:47:34,"[198.0, 154]","[192.15, 53]","[298.34, 29]","[411.06, 62]",248.17,298,100.34,0.39
07:47:35,"[198.0, 112]","[193.0, 12]","[306.17, 59]","[493.57, 46]",252.08,229,108.17,0.08
07:47:36,"[198.0, 64]","[193.0, 8]","[306.0, 36]","[594.04, 28]",252.0,136,108.0,0.06
07:47:37,"[198.0, 88]","[193.0, 11]","[296.23, 26]","[532.37, 19]",247.12,144,98.23,0.38
07:47:38,"[198.0, 72]","[193.0, 9]","[284.0, 18]","[285.0, 27]",241.0,126,86.0,0.29
07:47:39,"[198.0, 56]","[193.0, 7]","[275.2, 15]","[284.9, 20]",236.6,98,77.2,0.29
07:47:40,"[198.0, 136]","[193.0, 17]","[264.46, 41]","[303.31, 45]",231.23,239,66.46,0.28
07:47:41,"[198.0, 96]","[193.0, 12]","[253.03, 29]","[313.84, 25]",225.52,162,55.03,0.33
07:47:42,"[198.0, 96]","[193.96, 25]","[263.86, 29]","[418.93, 28]",230.93,178,65.86,0.36
07:47:43,"[198.0, 84]","[196.05, 44]","[228.09, 23]","[354.0, 13]",213.04,164,30.09,0.56
07:47:44,"[198.0, 34]","[197.0, 60]","[208.2, 20]","[376.0, 10]",203.1,124,10.2,0.52
07:47:45,"[197.2, 44]","[195.69, 32]","[206.5, 20]","[413.25, 12]",201.85,108,9.3,0.41
07:47:46,"[197.0, 45]","[193.88, 16]","[205.0, 18]","[447.15, 13]",201.0,92,8.0,0.33
07:47:47,"[197.0, 14]","[193.3, 10]","[202.6, 30]","[267.0, 15]",199.8,69,5.6,-0.3
07:47:48,"[195.18, 11]","[192.33, 36]","[201.27, 44]","[248.52, 29]",198.23,120,6.09,-0.22
07:47:49,"[192.12, 24]","[191.7, 80]","[197.93, 56]","[199.43, 56]",195.03,216,5.8,-0.04
07:47:50,"[191.78, 27]","[190.74, 38]","[196.33, 36]","[199.0, 36]",194.06,137,4.56,-0.05
07:47:51,"[192.0, 20]","[191.0, 20]","[194.4, 40]","[199.0, 40]",193.2,120,2.4,-0.33
07:47:52,"[191.09, 22]","[190.04, 52]","[196.5, 40]","[205.74, 27]",193.8,141,5.41,0.05
07:47:53,"[191.0, 20]","[190.0, 50]","[194.82, 34]","[222.13, 23]",192.91,127,3.82,0.1
07:47:54,"[191.53, 17]","[190.05, 37]","[234.5, 20]","[524.21, 14]",213.01,88,42.97,0.23
07:47:55,"[191.0, 20]","[190.0, 50]","[208.93, 30]","[301.7, 20]",199.97,120,17.93,0.17
07:47:56,"[191.0, 22]","[190.0, 55]","[207.18, 11]","[239.62, 24]",199.09,112,16.18,0.38
07:47:57,"[192.6, 10]","[190.76, 21]","[206.0, 9]","[263.0, 27]",199.3,67,13.4,-0.07
07:47:58,"[193.0, 12]","[191.0, 24]","[205.92, 12]","[238.86, 29]",199.46,77,12.92,-0.06
07:47:59,"[193.0, 9]","[191.0, 18]","[203.22, 9]","[352.86, 21]",198.11,57,10.22,-0.05
07:48:00,"[189.95, 39]","[174.29, 59]","[200.18, 61]","[202.38, 40]",195.06,199,10.23,-0.02
07:48:01,"[197.56, 72]","[190.48, 29]","[199.31, 48]","[200.35, 40]",198.43,189,1.76,0.07
07:48:02,"[198.0, 45]","[195.0, 60]","[199.5, 30]","[235.76, 17]",198.75,152,1.5,0.38
07:48:03,"[195.81, 37]","[194.33, 36]","[201.18, 11]","[221.0, 33]",198.5,117,5.37,0.25
07:48:04,"[197.79, 86]","[194.72, 29]","[201.0, 11]","[503.94, 32]",199.4,158,3.21,0.46
07:48:05,"[198.0, 84]","[195.0, 33]","[200.82, 11]","[389.15, 27]",199.41,155,2.82,0.51
07:48:06,"[198.0, 49]","[195.0, 21]","[199.0, 7]","[368.53, 17]",198.5,94,1.0,0.49
07:48:07,"[198.0, 56]","[195.0, 27]","[199.0, 9]","[451.9, 30]",198.5,122,1.0,0.36
07:48:08,"[198.0, 20]","[195.0, 12]","[199.0, 4]","[311.0, 20]",198.5,56,1.0,0.14
07:48:09,"[198.0, 25]","[195.0, 24]","[283.0, 20]","[357.65, 31]",240.5,100,85.0,-0.02
07:48:10,"[198.0, 6]","[195.0, 18]","[481.0, 30]","[552.0, 12]",339.5,66,283.0,-0.27
07:48:11,"[198.0, 8]","[195.0, 24]","[265.75, 40]","[371.0, 16]",231.88,88,67.75,-0.27
07:48:12,"[198.0, 9]","[195.0, 27]","[235.0, 45]","[298.78, 18]",216.5,99,37.0,-0.27
07:48:13,"[198.0, 7]","[195.0, 21]","[246.77, 26]","[324.6, 20]",222.38,74,48.77,-0.24
07:48:14,"[198.0, 7]","[195.0, 21]","[378.14, 14]","[445.67, 18]",288.07,60,180.14,-0.07
07:48:15,"[198.0, 12]","[194.89, 37]","[351.42, 24]","[449.31, 29]",274.71,102,153.42,-0.04
07:48:16,"[198.0, 9]","[194.27, 33]","[294.67, 36]","[341.71, 21]",246.33,99,96.67,-0.15
07:48:17,"[194.74, 23]","[193.17, 36]","[303.7, 37]","[337.91, 23]",249.22,119,108.96,-0.01
07:48:18,"[194.0, 24]","[192.0, 36]","[246.07, 30]","[302.6, 20]",220.03,110,52.07,0.09
07:48:19,"[194.0, 13]","[192.0, 30]","[218.63, 27]","[239.76, 25]",206.31,95,24.63,-0.09
07:48:20,"[192.95, 19]","[191.84, 32]","[214.71, 14]","[216.85, 39]",203.83,104,21.77,-0.02
07:48:21,"[193.33, 18]","[191.44, 9]","[212.37, 27]","[214.86, 21]",202.85,75,19.04,-0.28
07:48:22,"[194.0, 33]","[192.0, 101]","[209.31, 29]","[210.69, 39]",201.66,202,15.31,0.33
07:48:23,"[196.81, 47]","[193.53, 43]","[205.81, 16]","[207.88, 32]",201.31,138,9.0,0.3
07:48:24,"[197.03, 37]","[194.39, 31]","[204.19, 32]","[204.6, 30]",200.61,130,7.16,0.05
07:48:25,"[198.0, 13]","[197.0, 52]","[201.33, 61]","[202.35, 17]",199.66,143,3.33,-0.09
07:48:26,"[194.14, 42]","[192.74, 92]","[197.13, 52]","[198.04, 23]",195.64,209,2.99,0.28
07:48:27,"[192.0, 80]","[191.0, 8]","[194.12, 8]","[197.0, 16]",193.06,112,2.12,0.57
07:48:28,"[192.0, 77]","[191.0, 15]","[241.57, 21]","[332.8, 44]",216.79,157,49.57,0.17
07:48:29,"[192.0, 42]","[191.0, 9]","[322.4, 25]","[434.42, 26]",257.2,102,130.4,0.0
07:48:30,"[192.0, 36]","[191.0, 7]","[228.84, 19]","[343.88, 16]",210.42,78,36.84,0.1
07:48:31,"[192.0, 82]","[191.0, 10]","[208.0, 30]","[472.62, 32]",200.0,154,16.0,0.19
07:48:32,"[192.0, 99]","[191.0, 12]","[207.6, 40]","[312.55, 44]",199.8,195,15.6,0.14
07:48:33,"[192.0, 56]","[191.0, 8]","[206.5, 32]","[223.0, 24]",199.25,120,14.5,0.07
07:48:34,"[192.0, 36]","[191.0, 8]","[205.25, 32]","[268.0, 24]",198.62,100,13.25,-0.12
07:48:35,"[192.21, 38]","[191.38, 16]","[205.0, 48]","[268.0, 36]",198.61,138,12.79,-0.22
07:48:36,"[193.0, 85]","[192.0, 51]","[204.29, 68]","[271.67, 43]",198.65,247,11.29,0.1
07:48:37,"[193.0, 50]","[192.0, 30]","[204.0, 40]","[226.0, 10]",198.5,130,11.0,0.23
07:48:38,"[193.98, 53]","[192.92, 37]","[203.34, 50]","[209.5, 32]",198.66,172,9.36,0.05
07:48:39,"[193.0, 33]","[192.0, 11]","[199.74, 39]","[201.16, 38]",196.37,121,6.74,-0.27
07:48:40,"[193.0, 30]","[192.0, 10]","[195.46, 35]","[197.14, 35]",194.23,110,2.46,-0.27
07:48:41,"[193.0, 27]","[192.0, 9]","[194.0, 36]","[196.0, 27]",193.5,99,1.0,-0.27
07:48:42,"[195.53, 15]","[191.3, 20]","[260.42, 19]","[370.34, 29]",227.98,83,64.89,-0.16
07:48:43,"[191.0, 60]","[190.0, 20]","[309.64, 14]","[421.22, 41]",250.32,135,118.64,0.19
07:48:44,"[191.0, 32]","[190.0, 16]","[308.0, 40]","[429.64, 28]",249.5,116,117.0,-0.17
07:48:45,"[190.4, 10]","[189.4, 10]","[308.0, 40]","[444.0, 40]",249.2,100,117.6,-0.6
07:48:46,"[189.0, 14]","[187.76, 29]","[307.43, 49]","[443.79, 33]",248.21,125,118.43,-0.31
07:48:47,"[190.51, 43]","[148.91, 32]","[289.8, 44]","[297.84, 58]",240.15,177,99.28,-0.15
07:48:48,"[192.0, 54]","[151.64, 11]","[270.32, 31]","[273.49, 43]",231.16,139,78.32,-0.06
07:48:49,"[192.0, 54]","[188.0, 27]","[269.07, 43]","[270.17, 29]",230.53,153,77.07,0.06
07:48:50,"[192.0, 36]","[188.91, 22]","[268.33, 30]","[270.0, 18]",230.17,106,76.33,0.09
