Time,Bid1,Bid2,Ask1,Ask2,Mid-Price,Total_volume,Bid_ask_spread,Order_imbalance
07:30:00,"[0, 0]","[0, 0]","[0, 0]","[0, 0]",0.0,0,0.0,0.0
07:30:01,"[1.0, 1]","[0, 0]","[0, 0]","[0, 0]",0.5,1,-1.0,1.0
07:30:02,"[2.0, 3]","[0, 0]","[181.0, 6]","[0, 0]",91.5,9,179.0,-0.33
07:30:03,"[16.17, 6]","[13.83, 6]","[181.0, 4]","[0, 0]",98.58,16,164.83,0.5
07:30:04,"[17.0, 2]","[16.0, 10]","[179.5, 6]","[181.0, 4]",98.25,22,162.5,0.09
07:30:05,"[172.36, 28]","[104.5, 14]","[179.0, 18]","[181.0, 12]",175.68,72,6.64,0.17
07:30:06,"[176.0, 38]","[167.5, 4]","[178.0, 12]","[181.0, 6]",177.0,60,2.0,0.4
07:30:07,"[176.0, 40]","[173.29, 7]","[177.2, 15]","[0, 0]",176.6,62,1.2,0.52
07:30:08,"[176.0, 48]","[175.0, 12]","[177.0, 18]","[182.0, 25]",176.5,103,1.0,0.17
07:30:09,"[176.0, 18]","[175.0, 6]","[179.27, 11]","[235.73, 11]",177.64,46,3.27,0.04
07:30:10,"[176.0, 44]","[175.0, 22]","[182.0, 55]","[485.79, 19]",179.0,140,6.0,-0.06
07:30:11,"[176.0, 16]","[175.0, 8]","[182.0, 20]","[268.33, 6]",179.0,50,6.0,-0.04
07:30:12,"[176.0, 64]","[175.0, 32]","[182.0, 80]","[324.61, 33]",179.0,209,6.0,-0.08
07:30:13,"[176.0, 20]","[175.0, 16]","[180.36, 11]","[181.15, 33]",178.18,80,4.36,-0.1
07:30:14,"[176.0, 24]","[175.0, 24]","[179.7, 33]","[180.91, 43]",177.85,124,3.7,-0.23
07:30:15,"[176.33, 18]","[175.45, 22]","[178.0, 44]","[181.96, 27]",177.17,111,1.67,-0.28
07:30:16,"[173.35, 40]","[174.62, 26]","[178.0, 44]","[183.0, 70]",175.68,180,4.65,-0.27
07:30:17,"[170.0, 99]","[168.0, 11]","[176.62, 40]","[177.57, 37]",173.31,187,6.62,0.18
07:30:18,"[170.0, 90]","[168.0, 10]","[175.0, 30]","[177.0, 40]",172.5,170,5.0,0.18
07:30:19,"[170.0, 90]","[168.0, 10]","[174.1, 31]","[175.62, 39]",172.05,170,4.1,0.18
07:30:20,"[169.89, 74]","[161.33, 18]","[171.28, 36]","[174.96, 57]",170.58,185,1.39,-0.01
07:30:21,"[168.0, 10]","[156.04, 28]","[169.8, 20]","[179.9, 50]",168.9,108,1.8,-0.3
07:30:22,"[162.29, 14]","[151.91, 47]","[169.9, 20]","[178.62, 32]",166.09,113,7.61,0.08
07:30:23,"[152.0, 70]","[142.93, 28]","[174.04, 25]","[176.81, 37]",163.02,160,22.04,0.23
07:30:24,"[152.0, 90]","[139.97, 37]","[168.88, 65]","[169.92, 59]",160.44,251,16.88,0.01
07:30:25,"[152.0, 70]","[139.0, 28]","[163.3, 44]","[165.07, 41]",157.65,183,11.3,0.07
07:30:26,"[152.76, 21]","[150.89, 82]","[158.77, 66]","[160.93, 29]",155.77,198,6.01,0.04
07:30:27,"[153.0, 12]","[151.0, 60]","[158.0, 49]","[159.08, 12]",155.5,133,5.0,0.08
07:30:28,"[153.0, 9]","[151.0, 45]","[158.0, 45]","[160.0, 9]",155.5,108,5.0,0.0
07:30:29,"[154.88, 17]","[151.0, 86]","[158.0, 64]","[160.0, 17]",156.44,184,3.12,0.12
07:30:30,"[156.67, 9]","[151.0, 9]","[158.0, 18]","[160.0, 9]",157.33,45,1.33,-0.2
07:30:31,"[148.29, 62]","[145.28, 64]","[158.89, 18]","[161.0, 18]",153.59,162,10.6,0.56
07:30:32,"[147.11, 45]","[145.0, 45]","[162.55, 22]","[163.73, 55]",154.83,167,15.43,0.08
07:30:33,"[147.0, 40]","[145.0, 40]","[163.0, 24]","[164.0, 80]",155.0,184,16.0,-0.13
07:30:34,"[147.21, 38]","[145.5, 40]","[163.0, 24]","[164.0, 80]",155.11,182,15.79,-0.14
07:30:35,"[148.04, 107]","[146.84, 68]","[163.52, 46]","[164.17, 109]",155.78,330,15.48,0.06
07:30:36,"[149.62, 26]","[148.79, 73]","[164.0, 45]","[166.0, 30]",156.81,174,14.38,0.14
07:30:37,"[153.23, 44]","[149.69, 70]","[164.0, 14]","[166.0, 44]",158.61,172,10.77,0.33
07:30:38,"[155.42, 45]","[154.39, 72]","[164.31, 32]","[179.25, 48]",159.87,197,8.89,0.19
07:30:39,"[157.13, 46]","[155.41, 51]","[166.62, 65]","[191.85, 53]",161.87,215,9.48,-0.1
07:30:40,"[159.71, 68]","[156.0, 75]","[165.82, 67]","[167.53, 85]",162.76,295,6.12,-0.03
07:30:41,"[159.62, 55]","[155.85, 53]","[166.0, 27]","[169.0, 60]",162.81,195,6.38,0.11
07:30:42,"[159.46, 41]","[157.74, 46]","[163.9, 20]","[167.05, 43]",161.68,150,4.44,0.16
07:30:43,"[163.48, 29]","[162.5, 28]","[165.4, 40]","[168.14, 56]",164.44,153,1.92,-0.25
07:30:44,"[163.18, 22]","[155.0, 41]","[165.23, 26]","[166.08, 26]",164.21,115,2.05,0.1
07:30:45,"[164.12, 25]","[156.62, 39]","[166.32, 19]","[167.21, 28]",165.22,111,2.2,0.15
07:30:46,"[165.85, 26]","[156.0, 51]","[167.0, 26]","[168.0, 31]",166.42,134,1.15,0.15
07:30:47,"[160.0, 25]","[155.47, 34]","[167.68, 31]","[204.29, 41]",163.84,131,7.68,-0.1
07:30:48,"[156.43, 97]","[154.86, 51]","[164.12, 48]","[181.75, 40]",160.28,236,7.69,0.25
07:30:49,"[158.11, 126]","[155.87, 67]","[160.11, 18]","[162.0, 37]",159.11,248,2.0,0.56
07:30:50,"[154.27, 97]","[153.63, 68]","[162.0, 120]","[168.0, 30]",158.13,315,7.73,0.05
07:30:51,"[161.1, 78]","[154.57, 147]","[163.08, 78]","[169.37, 51]",162.09,354,1.97,0.27
07:30:52,"[162.0, 32]","[155.01, 83]","[168.0, 16]","[170.0, 40]",165.0,171,6.0,0.35
07:30:53,"[162.6, 60]","[156.92, 75]","[168.0, 30]","[221.5, 34]",165.3,199,5.4,0.36
07:30:54,"[165.0, 48]","[155.05, 114]","[166.36, 22]","[170.0, 12]",165.68,196,1.36,0.65
07:30:55,"[165.0, 44]","[155.0, 121]","[408.88, 17]","[514.96, 26]",286.94,208,243.88,0.59
07:30:56,"[165.35, 26]","[155.0, 88]","[460.27, 22]","[640.1, 10]",312.81,146,294.93,0.56
07:30:57,"[161.77, 39]","[155.96, 75]","[403.0, 9]","[463.0, 27]",282.38,150,241.23,0.52
07:30:58,"[155.0, 88]","[154.0, 8]","[477.33, 24]","[512.33, 18]",316.17,138,322.33,0.39
07:30:59,"[159.28, 18]","[154.99, 78]","[454.76, 29]","[486.86, 21]",307.02,146,295.48,0.32
07:31:00,"[160.17, 70]","[156.46, 26]","[273.94, 35]","[415.59, 34]",217.06,165,113.77,0.16
07:31:01,"[155.0, 173]","[154.0, 12]","[202.75, 24]","[206.28, 47]",178.88,256,47.75,0.45
07:31:02,"[155.0, 176]","[154.0, 11]","[172.89, 19]","[186.98, 44]",163.95,250,17.89,0.5
07:31:03,"[155.0, 66]","[154.0, 6]","[162.0, 30]","[200.0, 24]",158.5,126,7.0,0.14
07:31:04,"[155.0, 121]","[153.38, 16]","[162.0, 50]","[183.0, 11]",158.5,198,7.0,0.38
07:31:05,"[155.0, 69]","[153.0, 20]","[160.26, 47]","[161.3, 40]",157.63,176,5.26,0.01
07:31:06,"[155.0, 48]","[153.0, 16]","[160.0, 40]","[161.38, 32]",157.5,136,5.0,-0.06
07:31:07,"[155.0, 54]","[153.0, 18]","[159.76, 45]","[161.78, 27]",157.38,144,4.76,0.0
07:31:08,"[155.0, 48]","[153.0, 16]","[158.0, 24]","[160.0, 8]",156.5,96,3.0,0.33
07:31:09,"[155.0, 36]","[153.0, 12]","[282.84, 19]","[474.53, 15]",218.92,82,127.84,0.17
07:31:10,"[156.0, 16]","[154.94, 62]","[405.59, 41]","[577.55, 22]",280.79,141,249.59,0.11
07:31:11,"[165.23, 31]","[157.07, 58]","[209.27, 45]","[302.96, 47]",187.25,181,44.04,-0.02
07:31:12,"[170.36, 22]","[167.66, 29]","[179.79, 42]","[227.85, 40]",175.07,133,9.42,-0.23
07:31:13,"[171.5, 28]","[170.53, 34]","[364.4, 30]","[600.25, 32]",267.95,124,192.9,0.0
07:31:14,"[172.69, 45]","[171.65, 31]","[356.0, 42]","[624.84, 55]",264.34,173,183.31,-0.12
07:31:15,"[171.79, 19]","[170.5, 16]","[333.5, 24]","[564.48, 25]",252.64,84,161.71,-0.17
07:31:16,"[171.17, 29]","[169.73, 11]","[322.09, 22]","[545.62, 26]",246.63,88,150.92,-0.09
07:31:17,"[171.0, 36]","[169.0, 9]","[199.36, 25]","[550.43, 28]",185.18,98,28.36,-0.08
07:31:18,"[171.0, 42]","[169.0, 10]","[196.0, 30]","[393.27, 11]",183.5,93,25.0,0.12
07:31:19,"[171.0, 20]","[169.0, 5]","[213.76, 17]","[288.93, 15]",192.38,57,42.76,-0.12
07:31:20,"[167.75, 55]","[158.39, 71]","[274.0, 21]","[363.4, 43]",220.87,190,106.25,0.33
07:31:21,"[167.51, 126]","[157.91, 138]","[331.38, 32]","[397.97, 35]",249.44,331,163.87,0.6
07:31:22,"[173.29, 42]","[169.91, 64]","[350.43, 14]","[390.43, 42]",261.86,162,177.14,0.31
07:31:23,"[174.59, 34]","[172.51, 49]","[447.06, 34]","[570.53, 30]",310.82,147,272.47,0.13
07:31:24,"[173.0, 10]","[172.0, 60]","[498.62, 26]","[563.75, 16]",335.81,112,325.62,0.25
07:31:25,"[172.0, 30]","[167.0, 54]","[255.57, 7]","[373.73, 15]",213.79,106,83.57,0.58
07:31:26,"[173.0, 45]","[172.0, 165]","[197.0, 13]","[353.8, 25]",185.0,248,24.0,0.69
07:31:27,"[174.0, 22]","[172.0, 100]","[192.0, 10]","[360.0, 15]",183.0,147,18.0,0.66
07:31:28,"[176.16, 118]","[174.09, 54]","[215.0, 36]","[329.45, 33]",195.58,241,38.84,0.43
07:31:29,"[179.0, 12]","[177.0, 21]","[334.61, 23]","[577.0, 15]",256.8,71,155.61,-0.07
07:31:30,"[179.0, 16]","[177.0, 128]","[261.5, 40]","[479.38, 32]",220.25,216,82.5,0.33
07:31:31,"[179.0, 16]","[177.0, 128]","[349.68, 37]","[503.37, 35]",264.34,216,170.68,0.33
07:31:32,"[179.0, 20]","[177.0, 160]","[267.44, 45]","[314.0, 38]",223.22,263,88.44,0.37
07:31:33,"[177.0, 117]","[174.0, 9]","[183.4, 30]","[187.65, 37]",180.2,193,6.4,0.31
07:31:34,"[177.0, 91]","[174.0, 7]","[183.0, 21]","[211.63, 19]",180.0,138,6.0,0.42
07:31:35,"[177.0, 195]","[173.79, 19]","[181.13, 45]","[395.33, 36]",179.07,295,4.13,0.45
07:31:36,"[177.0, 91]","[176.0, 7]","[180.0, 21]","[426.64, 22]",178.5,141,3.0,0.39
07:31:37,"[177.0, 78]","[176.0, 6]","[179.86, 14]","[202.29, 14]",178.43,112,2.86,0.5
07:31:38,"[177.0, 135]","[176.0, 11]","[178.03, 31]","[179.23, 13]",177.52,190,1.03,0.54
07:31:39,"[177.0, 104]","[176.0, 14]","[178.0, 42]","[179.0, 14]",177.5,174,1.0,0.36
07:31:40,"[177.0, 81]","[176.0, 15]","[178.08, 39]","[291.0, 24]",177.54,159,1.08,0.21
07:31:41,"[176.31, 16]","[172.26, 23]","[256.42, 31]","[415.6, 40]",216.37,110,80.11,-0.29
07:31:42,"[173.8, 15]","[171.65, 34]","[402.75, 48]","[464.58, 57]",288.27,154,228.95,-0.36
07:31:43,"[176.0, 32]","[173.0, 8]","[385.29, 31]","[426.75, 32]",280.65,103,209.29,-0.22
07:31:44,"[176.0, 38]","[173.0, 11]","[231.96, 46]","[235.54, 35]",203.98,130,55.96,-0.25
07:31:45,"[176.0, 10]","[173.0, 5]","[223.0, 25]","[234.0, 20]",199.5,60,47.0,-0.5
07:31:46,"[175.8, 15]","[172.78, 9]","[223.0, 40]","[234.0, 32]",199.4,96,47.2,-0.5
07:31:47,"[171.02, 129]","[169.25, 24]","[233.33, 48]","[332.31, 42]",202.17,243,62.32,0.26
07:31:48,"[171.55, 22]","[170.85, 52]","[233.0, 32]","[545.94, 35]",202.27,141,61.45,0.05
07:31:49,"[175.25, 24]","[171.31, 59]","[464.98, 54]","[680.96, 48]",320.12,185,289.73,-0.1
07:31:50,"[176.0, 16]","[173.0, 10]","[188.91, 23]","[500.0, 40]",182.46,89,12.91,-0.42
07:31:51,"[176.0, 16]","[173.0, 16]","[188.0, 16]","[526.0, 40]",182.0,88,12.0,-0.27
07:31:52,"[176.0, 18]","[173.0, 18]","[187.44, 18]","[297.33, 45]",181.72,99,11.44,-0.27
07:31:53,"[176.0, 24]","[173.0, 24]","[186.58, 24]","[230.55, 55]",181.29,127,10.58,-0.24
07:31:54,"[176.78, 9]","[175.62, 16]","[185.19, 31]","[213.6, 25]",180.99,81,8.42,-0.38
07:31:55,"[177.0, 7]","[176.0, 14]","[185.5, 20]","[304.5, 24]",181.25,65,8.5,-0.35
07:31:56,"[177.0, 4]","[176.0, 8]","[186.0, 8]","[352.0, 16]",181.5,36,9.0,-0.33
07:31:57,"[173.74, 19]","[172.04, 54]","[181.04, 45]","[225.98, 47]",177.39,165,7.31,-0.12
07:31:58,"[171.82, 44]","[170.3, 46]","[178.21, 28]","[317.82, 33]",175.02,151,6.4,0.19
07:31:59,"[171.0, 36]","[169.0, 24]","[176.75, 24]","[349.3, 37]",173.88,121,5.75,-0.01
07:32:00,"[171.0, 35]","[169.0, 34]","[173.11, 19]","[174.29, 21]",172.05,109,2.11,0.27
07:32:01,"[168.03, 29]","[155.46, 56]","[174.07, 28]","[234.43, 40]",171.05,153,6.04,0.11
07:32:02,"[157.77, 87]","[148.17, 72]","[171.94, 36]","[375.08, 39]",164.86,234,14.17,0.36
07:32:03,"[155.57, 83]","[112.08, 24]","[173.73, 22]","[296.64, 22]",164.65,151,18.16,0.42
07:32:04,"[137.29, 21]","[71.75, 16]","[163.88, 16]","[171.88, 16]",150.58,69,26.59,0.07
07:32:05,"[114.38, 39]","[69.89, 36]","[162.0, 26]","[164.0, 26]",138.19,127,47.62,0.18
07:32:06,"[121.57, 21]","[115.81, 62]","[163.85, 26]","[218.62, 29]",142.71,138,42.27,0.2
07:32:07,"[151.29, 56]","[124.09, 44]","[179.54, 37]","[248.6, 35]",165.41,172,28.25,0.16
07:32:08,"[168.23, 57]","[140.53, 17]","[235.57, 28]","[346.14, 21]",201.9,123,67.34,0.2
07:32:09,"[175.46, 91]","[174.38, 26]","[321.62, 48]","[494.58, 48]",248.54,213,146.16,0.1
07:32:10,"[176.0, 42]","[175.0, 18]","[429.0, 23]","[476.53, 19]",302.5,102,253.0,0.18
07:32:11,"[177.0, 28]","[176.0, 49]","[473.67, 24]","[557.1, 20]",325.33,121,296.67,0.27
07:32:12,"[177.0, 36]","[176.0, 63]","[683.18, 22]","[730.71, 21]",430.09,142,506.18,0.39
07:32:13,"[177.0, 32]","[176.0, 56]","[218.0, 16]","[750.93, 14]",197.5,118,41.0,0.49
07:32:14,"[177.0, 52]","[176.0, 91]","[218.0, 26]","[424.86, 21]",197.5,190,41.0,0.51
07:32:15,"[177.26, 43]","[176.18, 68]","[271.87, 23]","[348.8, 30]",224.56,164,94.61,0.35
07:32:16,"[177.0, 20]","[176.0, 35]","[370.0, 10]","[421.0, 10]",273.5,75,193.0,0.47
07:32:17,"[177.0, 24]","[176.0, 84]","[298.03, 29]","[357.3, 20]",237.52,157,121.03,0.38
07:32:18,"[177.0, 6]","[176.0, 42]","[292.0, 24]","[293.0, 6]",234.5,78,115.0,0.23
07:32:19,"[176.06, 52]","[175.5, 42]","[286.73, 30]","[291.31, 26]",231.4,150,110.68,0.25
07:32:20,"[176.57, 28]","[175.64, 25]","[279.57, 28]","[284.27, 11]",228.07,92,103.0,0.15
07:32:21,"[177.0, 16]","[176.0, 16]","[266.33, 12]","[271.67, 9]",221.67,53,89.33,0.21
07:32:22,"[177.0, 52]","[176.0, 52]","[245.44, 48]","[249.8, 41]",211.22,193,68.44,0.08
07:32:23,"[177.0, 30]","[176.0, 40]","[242.65, 37]","[245.74, 31]",209.82,138,65.65,0.01
07:32:24,"[177.0, 18]","[176.0, 36]","[234.52, 29]","[240.52, 25]",205.76,108,57.52,0.0
07:32:25,"[176.14, 42]","[175.31, 39]","[178.71, 28]","[216.76, 29]",177.43,138,2.57,0.17
07:32:26,"[175.69, 29]","[173.62, 48]","[177.05, 22]","[178.25, 16]",176.37,115,1.36,0.34
07:32:27,"[176.25, 16]","[173.2, 49]","[227.0, 20]","[452.64, 11]",201.62,96,50.75,0.35
07:32:28,"[177.0, 20]","[175.1, 10]","[342.0, 20]","[497.0, 10]",259.5,60,165.0,0.0
07:32:29,"[177.0, 10]","[176.0, 9]","[325.31, 13]","[357.2, 10]",251.15,42,148.31,-0.1
07:32:30,"[177.0, 16]","[176.0, 24]","[227.95, 21]","[299.21, 19]",202.48,80,50.95,0.0
07:32:31,"[173.5, 92]","[172.6, 91]","[237.0, 48]","[346.96, 27]",205.25,258,63.5,0.42
07:32:32,"[175.0, 48]","[172.21, 62]","[237.0, 36]","[346.78, 23]",206.0,169,62.0,0.3
07:32:33,"[177.0, 30]","[173.0, 51]","[237.0, 30]","[438.33, 18]",207.0,129,60.0,0.26
07:32:34,"[177.0, 27]","[173.0, 47]","[236.44, 27]","[584.33, 9]",206.72,110,59.44,0.35
07:32:35,"[177.0, 39]","[173.32, 56]","[233.85, 39]","[274.46, 13]",205.42,147,56.85,0.29
07:32:36,"[175.17, 29]","[173.58, 36]","[231.25, 16]","[235.69, 32]",203.21,113,56.08,0.15
07:32:37,"[173.0, 28]","[172.0, 7]","[228.0, 7]","[233.0, 21]",200.5,63,55.0,0.11
07:32:38,"[173.0, 36]","[172.0, 9]","[227.07, 15]","[229.85, 26]",200.03,86,54.07,0.05
07:32:39,"[173.0, 36]","[172.0, 9]","[225.54, 13]","[226.97, 33]",199.27,91,52.54,-0.01
07:32:40,"[173.7, 80]","[172.73, 22]","[214.03, 37]","[217.5, 12]",193.86,151,40.33,0.35
07:32:41,"[174.76, 106]","[173.58, 62]","[211.79, 48]","[214.27, 41]",193.28,257,37.03,0.31
07:32:42,"[177.0, 57]","[175.0, 171]","[207.69, 61]","[208.1, 60]",192.34,349,30.69,0.31
07:32:43,"[177.0, 27]","[175.0, 81]","[200.42, 26]","[202.77, 13]",188.71,147,23.42,0.47
07:32:44,"[177.63, 49]","[175.36, 66]","[196.2, 40]","[200.0, 30]",186.92,185,18.57,0.24
07:32:45,"[178.1, 40]","[177.0, 30]","[194.31, 13]","[195.38, 39]",186.2,122,16.21,0.15
07:32:46,"[177.9, 20]","[176.22, 41]","[192.69, 13]","[195.0, 52]",185.3,126,14.79,-0.03
07:32:47,"[178.55, 11]","[177.0, 33]","[190.21, 19]","[194.5, 32]",184.38,95,11.67,-0.07
07:32:48,"[179.0, 10]","[177.0, 30]","[188.87, 31]","[190.5, 12]",183.94,83,9.87,-0.04
07:32:49,"[177.84, 19]","[176.69, 35]","[185.34, 64]","[186.74, 35]",181.59,153,7.5,-0.29
07:32:50,"[177.0, 11]","[176.0, 11]","[181.48, 50]","[182.31, 39]",179.24,111,4.48,-0.6
07:32:51,"[173.0, 6]","[172.0, 6]","[179.56, 27]","[180.44, 27]",176.28,66,6.56,-0.64
07:32:52,"[173.0, 9]","[172.0, 9]","[176.57, 40]","[178.57, 23]",174.79,81,3.57,-0.56
07:32:53,"[172.04, 23]","[171.12, 17]","[174.74, 61]","[175.62, 29]",173.39,130,2.69,-0.38
07:32:54,"[171.0, 94]","[169.0, 72]","[172.61, 31]","[174.23, 26]",171.81,223,1.61,0.49
07:32:55,"[171.0, 62]","[169.0, 83]","[200.51, 39]","[329.55, 22]",185.76,206,29.51,0.41
07:32:56,"[171.62, 16]","[169.93, 27]","[335.14, 14]","[642.73, 26]",253.38,83,163.52,0.04
07:32:57,"[172.0, 5]","[171.0, 10]","[318.69, 13]","[319.33, 9]",245.35,37,146.69,-0.19
07:32:58,"[169.78, 27]","[169.45, 29]","[289.71, 35]","[316.97, 29]",229.75,120,119.94,-0.07
07:32:59,"[172.78, 73]","[168.92, 39]","[314.7, 20]","[316.0, 30]",243.74,162,141.92,0.38
07:33:00,"[175.68, 84]","[172.86, 112]","[312.6, 30]","[315.31, 35]",244.14,261,136.92,0.5
07:33:01,"[176.0, 54]","[173.0, 126]","[311.25, 48]","[312.11, 38]",243.62,266,135.25,0.35
07:33:02,"[175.41, 82]","[172.75, 56]","[307.68, 50]","[308.71, 49]",241.55,237,132.27,0.16
07:33:03,"[177.0, 98]","[173.0, 120]","[288.3, 50]","[304.27, 55]",232.65,323,111.3,0.35
07:33:04,"[177.0, 84]","[174.59, 85]","[178.41, 68]","[179.33, 54]",177.71,291,1.41,0.16
07:33:05,"[177.0, 22]","[176.0, 60]","[178.48, 50]","[179.67, 36]",177.74,168,1.48,-0.02
07:33:06,"[177.0, 9]","[176.0, 45]","[178.0, 36]","[179.0, 36]",177.5,126,1.0,-0.14
07:33:07,"[174.65, 49]","[172.83, 93]","[177.5, 40]","[229.15, 26]",176.08,208,2.85,0.37
07:33:08,"[173.0, 65]","[169.43, 14]","[180.0, 14]","[213.5, 20]",176.5,113,7.0,0.4
07:33:09,"[173.0, 70]","[169.9, 20]","[180.0, 20]","[408.0, 10]",176.5,120,7.0,0.5
07:33:10,"[174.05, 38]","[172.59, 78]","[179.64, 28]","[498.45, 22]",176.85,166,5.59,0.4
07:33:11,"[173.0, 56]","[169.0, 26]","[177.36, 28]","[554.14, 57]",175.18,167,4.36,-0.02
07:33:12,"[173.29, 21]","[170.24, 29]","[450.14, 28]","[508.0, 45]",311.71,123,276.86,-0.19
07:33:13,"[173.92, 39]","[172.6, 60]","[651.61, 41]","[743.83, 24]",412.77,164,477.69,0.21
07:33:14,"[173.0, 81]","[171.92, 74]","[479.03, 29]","[534.91, 23]",326.02,207,306.03,0.5
07:33:15,"[173.0, 54]","[172.0, 54]","[301.5, 30]","[521.0, 18]",237.25,156,128.5,0.38
07:33:16,"[173.6, 20]","[172.86, 63]","[267.92, 26]","[339.11, 27]",220.76,136,94.32,0.22
07:33:17,"[173.0, 63]","[172.0, 81]","[240.0, 18]","[283.03, 29]",206.5,191,67.0,0.51
07:33:18,"[173.0, 42]","[172.0, 54]","[237.67, 12]","[296.43, 7]",205.33,115,64.67,0.67
07:33:19,"[173.09, 54]","[172.36, 98]","[232.82, 22]","[443.14, 14]",202.96,188,59.73,0.62
07:33:20,"[174.82, 11]","[173.0, 77]","[220.05, 22]","[277.62, 13]",197.43,123,45.23,0.43
07:33:21,"[173.13, 47]","[172.23, 93]","[220.0, 30]","[572.89, 19]",196.56,189,46.87,0.48
07:33:22,"[172.5, 28]","[171.82, 77]","[214.89, 18]","[236.88, 17]",193.69,140,42.39,0.5
07:33:23,"[172.0, 76]","[171.0, 91]","[202.79, 38]","[214.62, 26]",187.39,231,30.79,0.45
07:33:24,"[172.0, 52]","[171.0, 91]","[189.92, 26]","[328.5, 32]",180.96,201,17.92,0.42
07:33:25,"[174.15, 33]","[171.6, 58]","[186.67, 30]","[619.16, 51]",180.41,172,12.52,0.06
07:33:26,"[173.0, 11]","[172.0, 22]","[182.95, 40]","[253.84, 31]",177.97,104,9.95,-0.37
07:33:27,"[173.89, 9]","[172.0, 18]","[180.0, 45]","[182.0, 18]",176.94,90,6.11,-0.4
07:33:28,"[173.2, 10]","[171.13, 62]","[177.38, 26]","[178.36, 44]",175.29,142,4.18,0.01
07:33:29,"[171.2, 44]","[170.61, 36]","[175.06, 36]","[176.54, 48]",173.13,164,3.85,-0.02
07:33:30,"[171.23, 52]","[170.58, 38]","[173.5, 40]","[174.14, 58]",172.37,188,2.27,-0.04
07:33:31,"[171.0, 42]","[169.0, 11]","[172.25, 16]","[174.0, 55]",171.62,124,1.25,-0.15
07:33:32,"[171.0, 26]","[169.0, 10]","[173.84, 38]","[272.5, 26]",172.42,100,2.84,-0.28
07:33:33,"[171.12, 32]","[170.25, 16]","[189.19, 32]","[496.2, 10]",180.16,90,18.06,0.07
07:33:34,"[171.0, 25]","[169.0, 5]","[483.0, 6]","[620.78, 9]",327.0,45,312.0,0.33
07:33:35,"[171.0, 40]","[169.0, 8]","[333.38, 16]","[667.0, 8]",252.19,72,162.38,0.33
07:33:36,"[171.0, 42]","[169.0, 10]","[340.13, 30]","[386.06, 17]",255.57,99,169.13,0.05
07:33:37,"[171.0, 30]","[169.0, 10]","[275.3, 40]","[511.4, 20]",223.15,100,104.3,-0.2
07:33:38,"[167.0, 24]","[131.1, 20]","[227.33, 18]","[270.62, 39]",197.17,101,60.33,-0.13
07:33:39,"[152.29, 14]","[120.82, 11]","[225.0, 28]","[255.33, 12]",188.64,65,72.71,-0.23
07:33:40,"[143.43, 7]","[94.43, 7]","[210.46, 26]","[289.5, 14]",176.95,54,67.03,-0.48
07:33:41,"[132.91, 11]","[72.27, 11]","[161.48, 31]","[195.16, 38]",147.2,91,28.57,-0.52
07:33:42,"[115.5, 8]","[43.0, 3]","[161.0, 24]","[162.0, 24]",138.25,59,45.5,-0.63
07:33:43,"[136.17, 6]","[0, 0]","[161.0, 12]","[162.0, 18]",148.58,36,24.83,-0.67
07:33:44,"[42.86, 7]","[0, 0]","[161.0, 11]","[162.0, 21]",101.93,39,118.14,-0.64
07:33:45,"[37.75, 4]","[0, 0]","[161.0, 4]","[162.0, 12]",99.38,20,123.25,-0.6
07:33:46,"[40.0, 6]","[0, 0]","[161.0, 6]","[162.0, 34]",100.5,46,121.0,-0.74
07:33:47,"[40.0, 5]","[34.0, 6]","[163.14, 7]","[163.47, 30]",101.57,48,123.14,-0.54
07:33:48,"[80.0, 9]","[22.0, 19]","[166.0, 21]","[370.71, 21]",123.0,70,86.0,-0.2
07:33:49,"[164.46, 28]","[92.88, 16]","[373.73, 22]","[605.42, 19]",269.1,85,209.26,0.04
07:33:50,"[168.11, 9]","[163.83, 18]","[623.0, 20]","[660.0, 4]",395.56,51,454.89,0.06
07:33:51,"[175.0, 4]","[172.0, 2]","[623.0, 10]","[660.0, 2]",399.0,18,448.0,-0.33
07:33:52,"[175.0, 12]","[172.0, 6]","[538.25, 12]","[724.17, 18]",356.62,48,363.25,-0.25
07:33:53,"[173.0, 25]","[169.0, 10]","[292.33, 27]","[467.86, 21]",232.67,83,119.33,-0.16
07:33:54,"[165.18, 11]","[144.23, 13]","[205.0, 18]","[425.33, 30]",185.09,72,39.82,-0.33
07:33:55,"[167.78, 9]","[166.67, 9]","[237.0, 18]","[436.0, 30]",202.39,66,69.22,-0.45
07:33:56,"[169.64, 11]","[168.88, 16]","[237.0, 27]","[457.44, 45]",203.32,99,67.36,-0.45
07:33:57,"[171.46, 24]","[170.57, 21]","[279.78, 50]","[368.0, 58]",225.62,153,108.32,-0.41
07:33:58,"[174.44, 9]","[171.0, 18]","[220.0, 18]","[221.53, 30]",197.22,75,45.56,-0.28
07:33:59,"[176.0, 9]","[171.0, 18]","[217.78, 18]","[219.0, 18]",196.89,63,41.78,-0.14
07:34:00,"[177.85, 13]","[171.0, 26]","[215.94, 36]","[217.66, 29]",196.9,104,38.1,-0.25
07:34:01,"[173.89, 35]","[170.05, 80]","[203.57, 63]","[206.33, 58]",188.73,236,29.69,-0.03
07:34:02,"[176.0, 15]","[170.8, 40]","[196.14, 28]","[197.33, 36]",186.07,119,20.14,-0.08
07:34:03,"[176.0, 10]","[171.0, 26]","[192.64, 22]","[193.62, 26]",184.32,84,16.64,-0.14
07:34:04,"[176.0, 11]","[171.0, 22]","[191.55, 22]","[193.0, 22]",183.77,77,15.55,-0.14
07:34:05,"[176.0, 12]","[171.0, 24]","[188.0, 30]","[189.95, 42]",182.0,108,12.0,-0.33
07:34:06,"[172.14, 28]","[170.22, 23]","[182.5, 36]","[182.81, 53]",177.32,140,10.36,-0.27
07:34:07,"[170.0, 108]","[165.0, 18]","[176.13, 78]","[177.16, 70]",173.06,274,6.13,-0.08
07:34:08,"[171.38, 39]","[169.82, 56]","[174.9, 40]","[175.85, 53]",173.14,188,3.52,0.01
07:34:09,"[170.16, 77]","[167.71, 24]","[175.51, 53]","[179.54, 35]",172.83,189,5.35,0.07
07:34:10,"[170.0, 75]","[167.2, 25]","[175.5, 52]","[180.0, 40]",172.75,192,5.5,0.04
07:34:11,"[162.27, 37]","[93.15, 34]","[171.97, 59]","[174.52, 42]",167.12,172,9.7,-0.17
07:34:12,"[144.52, 27]","[77.93, 43]","[172.46, 52]","[327.26, 46]",158.49,168,27.94,-0.17
07:34:13,"[172.0, 10]","[155.27, 44]","[173.0, 40]","[299.8, 30]",172.5,124,1.0,-0.13
07:34:14,"[170.18, 33]","[165.15, 39]","[175.14, 21]","[184.88, 24]",172.66,117,4.96,0.23
07:34:15,"[170.21, 114]","[158.88, 51]","[277.73, 33]","[334.63, 49]",223.97,247,107.52,0.34
07:34:16,"[174.0, 24]","[173.0, 54]","[368.89, 27]","[405.61, 23]",271.44,128,194.89,0.22
07:34:17,"[174.0, 13]","[170.43, 70]","[396.0, 30]","[419.8, 20]",285.0,133,222.0,0.25
07:34:18,"[176.71, 28]","[172.58, 24]","[340.37, 46]","[432.55, 33]",258.54,131,163.66,-0.21
07:34:19,"[177.0, 14]","[176.0, 8]","[395.0, 24]","[486.17, 23]",286.0,69,218.0,-0.36
07:34:20,"[177.56, 18]","[176.2, 10]","[415.0, 27]","[513.04, 23]",296.28,78,237.44,-0.28
07:34:21,"[178.0, 80]","[177.0, 16]","[350.4, 25]","[428.91, 53]",264.2,174,172.4,0.1
07:34:22,"[178.0, 60]","[177.0, 12]","[406.87, 30]","[407.79, 53]",292.43,155,228.87,-0.07
07:34:23,"[178.0, 75]","[177.0, 15]","[402.75, 55]","[404.95, 42]",290.37,187,224.75,-0.04
07:34:24,"[178.0, 50]","[177.0, 10]","[400.14, 22]","[400.24, 38]",289.07,120,222.14,0.0
07:34:25,"[178.0, 80]","[177.0, 16]","[396.5, 26]","[399.49, 41]",287.25,163,218.5,0.18
07:34:26,"[178.0, 60]","[177.0, 12]","[352.7, 46]","[359.22, 41]",265.35,159,174.7,-0.09
07:34:27,"[178.0, 55]","[177.0, 11]","[276.94, 17]","[299.44, 39]",227.47,122,98.94,0.08
07:34:28,"[178.0, 70]","[177.0, 14]","[218.48, 44]","[246.37, 46]",198.24,174,40.48,-0.03
07:34:29,"[178.0, 55]","[176.12, 57]","[217.0, 33]","[218.0, 11]",197.5,156,39.0,0.44
07:34:30,"[178.0, 91]","[176.0, 266]","[215.7, 23]","[217.04, 53]",196.85,433,37.7,0.65
07:34:31,"[178.0, 48]","[176.0, 168]","[212.59, 32]","[213.25, 16]",195.3,264,34.59,0.64
07:34:32,"[177.26, 76]","[175.86, 174]","[208.43, 30]","[210.11, 28]",192.85,308,31.17,0.62
07:34:33,"[176.0, 210]","[172.0, 45]","[203.69, 45]","[204.56, 63]",189.84,363,27.69,0.4
07:34:34,"[176.0, 154]","[172.0, 33]","[200.29, 35]","[201.62, 45]",188.14,267,24.29,0.4
07:34:35,"[176.0, 235]","[172.0, 51]","[194.45, 31]","[196.7, 33]",185.23,350,18.45,0.63
07:34:36,"[176.0, 139]","[174.18, 55]","[189.72, 25]","[190.22, 27]",182.86,246,13.72,0.58
07:34:37,"[175.52, 52]","[174.25, 60]","[187.0, 48]","[188.23, 44]",181.26,204,11.48,0.1
07:34:38,"[172.95, 88]","[171.37, 57]","[182.54, 74]","[183.63, 75]",177.75,294,9.59,-0.01
07:34:39,"[170.75, 96]","[169.66, 87]","[179.58, 36]","[180.95, 40]",175.17,259,8.83,0.41
07:34:40,"[170.36, 198]","[169.81, 226]","[175.03, 74]","[176.32, 65]",172.7,563,4.66,0.51
07:34:41,"[170.13, 104]","[169.81, 154]","[172.13, 46]","[173.47, 40]",171.13,344,2.0,0.5
07:34:42,"[169.78, 116]","[167.45, 33]","[176.0, 30]","[266.79, 38]",172.89,217,6.22,0.37
07:34:43,"[169.0, 68]","[168.0, 30]","[176.7, 30]","[357.17, 24]",172.85,152,7.7,0.29
07:34:44,"[170.33, 36]","[169.41, 51]","[175.31, 29]","[335.24, 29]",172.82,145,4.98,0.2
07:34:45,"[170.37, 41]","[169.25, 48]","[183.67, 21]","[487.56, 27]",177.02,137,13.3,0.3
07:34:46,"[171.92, 50]","[170.0, 44]","[399.61, 18]","[469.05, 38]",285.77,150,227.69,0.25
07:34:47,"[176.0, 20]","[172.0, 30]","[302.81, 16]","[564.63, 38]",239.41,104,126.81,-0.04
07:34:48,"[170.16, 74]","[165.23, 91]","[232.91, 22]","[562.04, 56]",201.54,243,62.75,0.36
07:34:49,"[170.0, 64]","[165.21, 43]","[231.12, 16]","[475.5, 16]",200.56,139,61.12,0.54
07:34:50,"[170.0, 31]","[168.0, 12]","[231.0, 24]","[329.0, 12]",200.5,79,61.0,0.09
07:34:51,"[168.44, 9]","[165.14, 44]","[230.78, 18]","[338.48, 29]",199.61,100,62.33,0.06
07:34:52,"[169.0, 112]","[168.0, 8]","[229.75, 16]","[478.75, 20]",199.38,156,60.75,0.54
07:34:53,"[169.0, 98]","[168.0, 7]","[229.0, 14]","[588.53, 15]",199.0,134,60.0,0.57
07:34:54,"[169.92, 182]","[168.0, 13]","[228.17, 24]","[361.27, 15]",199.04,234,58.24,0.67
07:34:55,"[170.84, 88]","[168.0, 6]","[226.67, 6]","[228.0, 12]",198.75,112,55.83,0.68
07:34:56,"[171.0, 149]","[168.0, 11]","[225.1, 20]","[226.62, 13]",198.05,193,54.1,0.66
07:34:57,"[171.06, 134]","[168.23, 13]","[224.69, 26]","[226.0, 13]",197.88,186,53.63,0.58
07:34:58,"[173.76, 103]","[173.67, 72]","[222.38, 21]","[224.19, 27]",198.07,223,48.62,0.57
07:34:59,"[175.84, 57]","[174.33, 36]","[187.19, 27]","[205.42, 12]",181.51,132,11.34,0.41
07:35:00,"[176.67, 108]","[175.92, 117]","[184.04, 23]","[185.31, 16]",180.36,264,7.38,0.7
07:35:01,"[177.18, 88]","[176.0, 132]","[183.36, 22]","[184.22, 18]",180.27,260,6.18,0.69
07:35:02,"[178.0, 79]","[176.0, 156]","[180.65, 26]","[182.5, 26]",179.33,287,2.65,0.64
07:35:03,"[178.0, 35]","[176.0, 180]","[179.25, 24]","[181.71, 21]",178.62,260,1.25,0.65
07:35:04,"[176.06, 98]","[175.8, 45]","[211.93, 27]","[263.06, 33]",193.99,203,35.86,0.41
07:35:05,"[176.0, 62]","[175.0, 5]","[311.0, 8]","[761.9, 21]",243.5,96,135.0,0.4
07:35:06,"[176.0, 110]","[175.0, 12]","[554.0, 32]","[696.22, 36]",365.0,190,378.0,0.28
07:35:07,"[176.0, 76]","[175.0, 12]","[583.58, 48]","[705.67, 30]",379.79,166,407.58,0.06
07:35:08,"[175.8, 15]","[174.25, 16]","[470.28, 46]","[510.85, 39]",323.04,116,294.48,-0.47
07:35:09,"[175.0, 7]","[173.0, 14]","[257.92, 26]","[338.9, 20]",216.46,67,82.92,-0.37
07:35:10,"[173.29, 14]","[172.25, 16]","[255.8, 30]","[257.5, 32]",214.54,92,82.51,-0.35
07:35:11,"[173.0, 30]","[172.0, 30]","[252.78, 55]","[253.68, 50]",212.89,165,79.78,-0.27
07:35:12,"[173.0, 18]","[172.0, 36]","[247.6, 68]","[248.8, 64]",210.3,186,74.6,-0.42
07:35:13,"[173.0, 8]","[172.0, 37]","[243.84, 25]","[244.9, 31]",208.42,101,70.84,-0.11
07:35:14,"[173.0, 12]","[172.0, 60]","[242.7, 47]","[243.78, 37]",207.85,156,69.7,-0.08
07:35:15,"[173.0, 12]","[172.0, 60]","[238.19, 43]","[239.12, 43]",205.59,158,65.19,-0.09
07:35:16,"[173.0, 5]","[172.0, 25]","[235.4, 20]","[236.4, 20]",204.2,70,62.4,-0.14
07:35:17,"[174.14, 7]","[172.04, 26]","[233.05, 20]","[234.45, 22]",203.6,75,58.91,-0.12
07:35:18,"[172.24, 42]","[171.18, 11]","[231.26, 46]","[232.26, 38]",201.75,137,59.02,-0.23
07:35:19,"[172.0, 60]","[171.0, 15]","[199.19, 47]","[218.31, 51]",185.6,173,27.19,-0.13
07:35:20,"[172.0, 45]","[171.0, 12]","[176.76, 41]","[178.35, 43]",174.38,141,4.76,-0.19
07:35:21,"[171.07, 44]","[168.36, 50]","[173.53, 47]","[174.58, 57]",172.3,198,2.46,-0.05
07:35:22,"[169.0, 22]","[166.0, 72]","[171.96, 23]","[187.43, 23]",170.48,140,2.96,0.34
07:35:23,"[168.7, 43]","[161.96, 45]","[173.43, 42]","[226.0, 28]",171.06,158,4.73,0.11
07:35:24,"[171.92, 25]","[170.54, 39]","[201.55, 22]","[271.55, 22]",186.73,108,29.63,0.19
07:35:25,"[171.0, 9]","[165.0, 24]","[311.0, 16]","[371.14, 28]",241.0,77,140.0,-0.14
07:35:26,"[171.93, 54]","[167.73, 22]","[224.84, 31]","[310.9, 49]",198.38,156,52.91,-0.03
07:35:27,"[172.0, 35]","[171.0, 7]","[282.9, 20]","[366.86, 21]",227.45,83,110.9,0.01
07:35:28,"[172.0, 50]","[171.0, 10]","[204.0, 20]","[330.55, 33]",188.0,113,32.0,0.06
07:35:29,"[172.49, 37]","[171.67, 18]","[317.2, 30]","[439.86, 28]",244.84,113,144.71,-0.03
07:35:30,"[173.0, 16]","[171.84, 19]","[384.0, 28]","[598.2, 15]",278.5,78,211.0,-0.1
07:35:31,"[176.0, 8]","[172.0, 32]","[326.0, 24]","[489.29, 28]",251.0,92,150.0,-0.13
07:35:32,"[176.64, 14]","[172.8, 25]","[300.82, 22]","[360.26, 38]",238.73,99,124.18,-0.21
07:35:33,"[177.0, 5]","[176.0, 9]","[308.57, 7]","[335.86, 14]",242.79,35,131.57,-0.2
07:35:34,"[176.6, 10]","[175.25, 40]","[307.62, 8]","[448.57, 28]",242.11,86,131.03,0.16
07:35:35,"[176.0, 28]","[173.0, 70]","[280.42, 26]","[340.55, 44]",228.21,168,104.42,0.17
07:35:36,"[176.0, 26]","[173.0, 65]","[274.29, 28]","[275.86, 37]",225.14,156,98.29,0.17
07:35:37,"[176.0, 28]","[173.06, 67]","[270.05, 64]","[270.92, 49]",223.02,208,94.05,-0.09
07:35:38,"[176.86, 14]","[175.92, 26]","[263.18, 55]","[268.98, 41]",220.02,136,86.32,-0.41
07:35:39,"[176.58, 19]","[173.94, 70]","[190.5, 24]","[230.87, 45]",183.54,158,13.92,0.13
07:35:40,"[173.79, 61]","[172.83, 116]","[189.54, 52]","[191.0, 13]",181.66,242,15.75,0.46
07:35:41,"[173.0, 90]","[172.0, 40]","[187.18, 45]","[188.69, 29]",180.09,204,14.18,0.27
07:35:42,"[173.0, 108]","[172.0, 48]","[182.11, 28]","[182.52, 44]",177.55,228,9.11,0.37
07:35:43,"[173.0, 93]","[172.0, 44]","[177.06, 31]","[178.84, 31]",175.03,199,4.06,0.38
07:35:44,"[173.0, 47]","[172.0, 36]","[174.38, 37]","[176.59, 17]",173.69,137,1.38,0.21
07:35:45,"[172.33, 24]","[171.8, 20]","[180.67, 36]","[208.08, 24]",176.5,104,8.33,-0.15
07:35:46,"[172.0, 25]","[171.0, 7]","[188.29, 28]","[259.0, 35]",180.14,95,16.29,-0.33
07:35:47,"[173.0, 13]","[172.0, 21]","[188.0, 28]","[230.06, 17]",180.5,79,15.0,-0.14
07:35:48,"[173.0, 24]","[172.0, 36]","[187.18, 40]","[194.0, 40]",180.09,140,14.18,-0.14
07:35:49,"[173.0, 44]","[172.0, 33]","[184.84, 38]","[186.31, 39]",178.92,154,11.84,0.0
07:35:50,"[173.0, 48]","[172.0, 36]","[181.1, 40]","[182.82, 44]",177.05,168,8.1,0.0
07:35:51,"[173.0, 60]","[172.0, 45]","[176.36, 53]","[177.81, 42]",174.68,200,3.36,0.05
07:35:52,"[173.0, 36]","[172.0, 36]","[174.0, 48]","[175.0, 12]",173.5,132,1.0,0.09
07:35:53,"[173.86, 14]","[171.25, 32]","[176.8, 40]","[289.62, 26]",175.33,112,2.94,-0.18
07:35:54,"[176.0, 21]","[172.0, 7]","[206.41, 27]","[374.65, 23]",191.2,78,30.41,-0.28
07:35:55,"[176.0, 28]","[172.0, 9]","[217.92, 24]","[254.08, 39]",196.96,100,41.92,-0.26
07:35:56,"[176.0, 36]","[172.0, 9]","[229.16, 25]","[238.57, 42]",202.58,112,53.16,-0.2
07:35:57,"[171.33, 42]","[169.1, 105]","[229.0, 27]","[284.89, 45]",200.17,219,57.67,0.34
07:35:58,"[176.24, 55]","[170.48, 23]","[213.18, 17]","[228.56, 16]",194.71,111,36.94,0.41
07:35:59,"[177.0, 81]","[172.0, 26]","[226.03, 31]","[228.14, 21]",201.52,159,49.03,0.35
07:36:00,"[177.76, 72]","[176.29, 70]","[222.85, 39]","[227.0, 13]",200.31,194,45.08,0.46
07:36:01,"[177.0, 92]","[172.0, 28]","[218.58, 24]","[220.35, 26]",197.79,170,41.58,0.41
07:36:02,"[177.0, 30]","[172.0, 16]","[215.68, 22]","[216.5, 10]",196.34,78,38.68,0.18
07:36:03,"[177.0, 35]","[172.0, 30]","[211.7, 33]","[212.76, 25]",194.35,123,34.7,0.06
07:36:04,"[171.48, 46]","[168.67, 141]","[198.18, 40]","[201.1, 48]",184.83,275,26.7,0.36
07:36:05,"[169.0, 59]","[168.0, 210]","[170.92, 37]","[196.67, 43]",169.96,349,1.92,0.54
07:36:06,"[169.0, 8]","[168.0, 112]","[171.62, 16]","[356.18, 34]",170.31,170,2.62,0.41
07:36:07,"[168.05, 62]","[145.72, 86]","[348.14, 28]","[444.39, 41]",258.1,217,180.09,0.36
07:36:08,"[168.0, 99]","[143.57, 28]","[268.81, 32]","[368.3, 40]",218.41,199,100.81,0.28
07:36:09,"[170.44, 45]","[166.97, 105]","[239.48, 42]","[272.98, 53]",204.96,245,69.03,0.22
07:36:10,"[177.0, 33]","[169.96, 23]","[265.36, 22]","[420.93, 30]",221.18,108,88.36,0.04
07:36:11,"[177.0, 33]","[173.0, 11]","[264.0, 22]","[482.43, 49]",220.5,115,87.0,-0.23
07:36:12,"[177.0, 42]","[175.33, 45]","[237.53, 34]","[405.04, 48]",207.26,169,60.53,0.03
07:36:13,"[177.0, 18]","[176.0, 60]","[227.33, 12]","[228.5, 16]",202.17,106,50.33,0.47
07:36:14,"[177.0, 19]","[176.0, 90]","[226.78, 18]","[228.0, 18]",201.89,145,49.78,0.5
07:36:15,"[177.0, 24]","[176.0, 120]","[223.92, 24]","[226.5, 24]",200.46,192,46.92,0.5
07:36:16,"[177.0, 24]","[176.0, 120]","[220.08, 24]","[222.75, 24]",198.54,192,43.08,0.5
07:36:17,"[177.0, 8]","[176.0, 40]","[218.5, 8]","[219.5, 8]",197.75,64,41.5,0.5
07:36:18,"[177.0, 24]","[176.0, 120]","[216.5, 24]","[217.5, 24]",196.75,192,39.5,0.5
07:36:19,"[176.0, 80]","[173.0, 10]","[204.9, 20]","[216.7, 20]",190.45,130,28.9,0.38
07:36:20,"[176.0, 66]","[173.0, 10]","[177.6, 20]","[247.06, 32]",176.8,128,1.6,0.19
07:36:21,"[172.67, 36]","[171.91, 22]","[287.79, 57]","[358.36, 33]",230.23,148,115.12,-0.22
07:36:22,"[172.0, 22]","[171.0, 11]","[193.92, 48]","[223.79, 48]",182.96,129,21.92,-0.49
07:36:23,"[170.88, 16]","[169.36, 11]","[184.64, 44]","[289.09, 55]",177.76,126,13.76,-0.57
07:36:24,"[169.0, 12]","[168.0, 102]","[183.17, 48]","[316.0, 58]",176.08,220,14.17,0.04
07:36:25,"[169.0, 11]","[168.0, 47]","[182.0, 44]","[316.79, 19]",175.5,121,13.0,-0.04
07:36:26,"[169.0, 10]","[168.0, 10]","[181.3, 40]","[564.64, 14]",175.15,74,12.3,-0.46
07:36:27,"[174.25, 12]","[168.75, 12]","[180.5, 48]","[490.18, 22]",177.38,94,6.25,-0.49
07:36:28,"[171.1, 10]","[168.3, 10]","[330.82, 33]","[573.24, 25]",250.96,78,159.72,-0.49
07:36:29,"[168.58, 19]","[120.06, 67]","[475.1, 51]","[511.67, 33]",321.84,170,306.52,0.01
07:36:30,"[173.36, 33]","[168.91, 33]","[295.29, 21]","[299.64, 33]",234.32,120,121.92,0.1
07:36:31,"[177.0, 42]","[169.0, 70]","[241.83, 58]","[284.76, 62]",209.41,232,64.83,-0.03
07:36:32,"[178.92, 36]","[177.0, 36]","[241.0, 48]","[295.0, 60]",209.96,180,62.08,-0.2
07:36:33,"[179.0, 30]","[177.0, 30]","[237.14, 43]","[245.12, 41]",208.07,144,58.14,-0.17
07:36:34,"[178.25, 24]","[175.46, 39]","[201.33, 15]","[208.9, 31]",189.79,109,23.08,0.16
07:36:35,"[175.18, 33]","[172.82, 66]","[206.12, 41]","[226.06, 35]",190.65,175,30.94,0.13
07:36:36,"[173.0, 27]","[171.0, 18]","[238.07, 41]","[242.95, 41]",205.54,127,65.07,-0.29
07:36:37,"[173.0, 33]","[171.0, 22]","[188.29, 41]","[209.51, 37]",180.65,133,15.29,-0.17
07:36:38,"[173.0, 51]","[171.0, 22]","[186.94, 53]","[188.71, 35]",179.97,161,13.94,-0.09
07:36:39,"[173.0, 50]","[171.0, 20]","[183.39, 46]","[185.0, 40]",178.2,156,10.39,-0.1
07:36:40,"[174.14, 35]","[172.67, 60]","[179.8, 69]","[180.88, 69]",176.97,233,5.65,-0.18
07:36:41,"[171.86, 43]","[170.02, 51]","[176.24, 68]","[177.24, 55]",174.05,217,4.37,-0.13
07:36:42,"[170.1, 49]","[154.39, 62]","[172.22, 41]","[182.75, 57]",171.16,209,2.12,0.06
07:36:43,"[160.48, 27]","[118.36, 55]","[169.33, 36]","[253.35, 37]",164.91,155,8.85,0.06
07:36:44,"[158.73, 49]","[82.54, 65]","[166.54, 41]","[169.62, 37]",162.64,192,7.8,0.19
07:36:45,"[125.77, 71]","[54.72, 43]","[163.26, 65]","[165.63, 57]",144.52,236,37.49,-0.03
07:36:46,"[122.57, 83]","[94.65, 62]","[160.62, 56]","[161.94, 66]",141.6,267,38.06,0.09
07:36:47,"[153.56, 59]","[116.12, 43]","[161.0, 50]","[163.0, 40]",157.28,192,7.44,0.06
07:36:48,"[136.0, 30]","[96.33, 6]","[161.0, 30]","[163.0, 24]",148.5,90,25.0,-0.2
07:36:49,"[138.97, 31]","[69.23, 35]","[165.44, 39]","[206.27, 33]",152.2,138,26.47,-0.04
07:36:50,"[129.62, 16]","[60.4, 48]","[314.98, 41]","[371.31, 74]",222.3,179,185.35,-0.28
07:36:51,"[124.14, 7]","[73.86, 7]","[264.57, 14]","[277.53, 34]",194.36,62,140.43,-0.55
07:36:52,"[161.0, 30]","[166.55, 55]","[232.0, 14]","[270.0, 14]",196.5,113,71.0,0.5
07:36:53,"[173.71, 14]","[172.77, 52]","[254.09, 22]","[412.35, 43]",213.9,131,80.38,0.01
07:36:54,"[174.0, 15]","[173.0, 60]","[218.47, 30]","[376.61, 51]",196.23,156,44.47,-0.04
07:36:55,"[174.11, 9]","[172.53, 49]","[216.22, 18]","[312.33, 45]",195.17,121,42.11,-0.04
07:36:56,"[175.81, 48]","[172.2, 45]","[205.09, 45]","[217.21, 33]",190.45,171,29.28,0.09
07:36:57,"[176.0, 55]","[173.0, 11]","[203.94, 32]","[214.43, 23]",189.97,121,27.94,0.09
07:36:58,"[176.0, 52]","[173.0, 12]","[201.42, 24]","[204.0, 36]",188.71,124,25.42,0.03
07:36:59,"[176.0, 33]","[173.64, 11]","[200.21, 24]","[203.48, 31]",188.1,99,24.21,-0.11
07:37:00,"[176.0, 27]","[174.0, 9]","[196.7, 20]","[197.84, 25]",186.35,81,20.7,-0.11
07:37:01,"[173.11, 76]","[172.25, 12]","[195.03, 31]","[195.79, 29]",184.07,148,21.93,0.19
07:37:02,"[172.0, 135]","[171.0, 22]","[192.88, 25]","[193.94, 35]",182.44,217,20.88,0.45
07:37:03,"[172.0, 108]","[171.0, 27]","[189.52, 21]","[212.35, 23]",180.76,179,17.52,0.51
07:37:04,"[172.0, 120]","[171.0, 36]","[186.05, 42]","[302.17, 24]",179.02,222,14.05,0.41
07:37:05,"[172.06, 64]","[171.21, 34]","[184.0, 50]","[187.0, 20]",178.03,168,11.94,0.17
07:37:06,"[172.0, 104]","[171.0, 36]","[184.0, 60]","[187.0, 24]",178.0,224,12.0,0.25
07:37:07,"[172.0, 52]","[171.0, 18]","[183.0, 12]","[184.0, 30]",177.5,112,11.0,0.25
07:37:08,"[171.84, 37]","[169.9, 40]","[182.19, 31]","[183.6, 25]",177.02,133,10.36,0.16
07:37:09,"[171.0, 18]","[169.0, 66]","[181.93, 27]","[182.67, 15]",176.46,126,10.93,0.33
07:37:10,"[171.94, 32]","[169.81, 74]","[178.38, 37]","[179.82, 61]",175.16,204,6.44,0.04
07:37:11,"[172.8, 30]","[170.24, 58]","[175.03, 67]","[182.31, 35]",173.91,190,2.23,-0.07
07:37:12,"[171.0, 24]","[168.62, 53]","[173.94, 33]","[191.33, 33]",172.47,143,2.94,0.08
07:37:13,"[159.21, 43]","[123.86, 77]","[170.7, 20]","[173.83, 48]",164.95,188,11.49,0.28
07:37:14,"[123.86, 77]","[119.55, 40]","[168.2, 10]","[170.0, 20]",146.03,147,44.34,0.59
07:37:15,"[135.73, 22]","[119.56, 27]","[172.51, 37]","[229.8, 41]",154.12,127,36.79,-0.23
07:37:16,"[169.0, 8]","[136.0, 14]","[171.7, 20]","[228.76, 37]",170.35,79,2.7,-0.44
07:37:17,"[138.0, 31]","[115.06, 16]","[168.2, 49]","[250.13, 31]",153.1,127,30.2,-0.26
07:37:18,"[126.0, 7]","[108.33, 27]","[164.8, 10]","[191.08, 25]",145.4,69,38.8,-0.01
07:37:19,"[164.16, 25]","[131.52, 50]","[325.71, 45]","[379.42, 57]",244.94,177,161.55,-0.15
07:37:20,"[177.0, 7]","[176.0, 21]","[238.85, 13]","[290.29, 28]",207.92,69,61.85,-0.19
07:37:21,"[174.23, 26]","[174.33, 36]","[261.5, 56]","[367.45, 58]",217.87,176,87.27,-0.3
07:37:22,"[173.0, 27]","[171.1, 20]","[527.18, 44]","[595.3, 46]",350.09,137,354.18,-0.31
07:37:23,"[173.0, 6]","[172.0, 6]","[447.0, 24]","[533.67, 24]",310.0,60,274.0,-0.6
07:37:24,"[173.0, 28]","[169.95, 21]","[335.08, 53]","[370.03, 61]",254.04,163,162.08,-0.4
07:37:25,"[172.43, 14]","[168.39, 23]","[402.33, 36]","[576.0, 36]",287.38,109,229.9,-0.32
07:37:26,"[176.0, 10]","[171.0, 20]","[490.4, 40]","[574.26, 38]",333.2,108,314.4,-0.44
07:37:27,"[176.0, 32]","[172.5, 96]","[299.24, 75]","[387.08, 51]",237.62,254,123.24,0.01
07:37:28,"[176.0, 22]","[173.0, 132]","[207.0, 44]","[334.26, 19]",191.5,217,31.0,0.42
07:37:29,"[176.0, 30]","[173.0, 180]","[200.03, 62]","[293.35, 43]",188.02,315,24.03,0.33
07:37:30,"[174.93, 28]","[172.89, 114]","[177.0, 50]","[204.0, 40]",175.96,232,2.07,0.22
07:37:31,"[173.0, 110]","[171.0, 66]","[175.52, 46]","[256.17, 29]",174.26,251,2.52,0.4
07:37:32,"[173.0, 55]","[171.25, 56]","[208.67, 12]","[302.24, 17]",190.83,140,35.67,0.59
07:37:33,"[173.0, 39]","[172.0, 56]","[280.15, 20]","[302.38, 13]",226.57,128,107.15,0.48
07:37:34,"[173.0, 44]","[172.0, 77]","[284.0, 55]","[287.0, 11]",228.5,187,111.0,0.29
07:37:35,"[173.54, 37]","[172.26, 76]","[248.75, 56]","[278.94, 17]",211.15,186,75.21,0.22
07:37:36,"[174.39, 18]","[172.6, 42]","[241.43, 42]","[261.97, 35]",207.91,137,67.04,-0.12
07:37:37,"[173.0, 32]","[172.0, 56]","[242.62, 40]","[294.0, 32]",207.81,160,69.62,0.1
07:37:38,"[173.0, 58]","[172.0, 70]","[241.2, 50]","[315.25, 16]",207.1,194,68.2,0.32
07:37:39,"[172.9, 67]","[171.92, 61]","[240.11, 45]","[247.22, 41]",206.5,214,67.22,0.2
07:37:40,"[172.19, 80]","[171.11, 62]","[240.0, 60]","[241.0, 60]",206.09,262,67.81,0.08
07:37:41,"[177.0, 39]","[172.35, 86]","[239.52, 58]","[240.46, 65]",208.26,248,62.52,0.01
07:37:42,"[177.0, 36]","[172.0, 84]","[227.83, 54]","[233.52, 52]",202.42,226,50.83,0.06
07:37:43,"[177.0, 24]","[172.0, 56]","[202.06, 34]","[227.0, 34]",189.53,148,25.06,0.08
07:37:44,"[176.23, 39]","[171.95, 96]","[200.69, 52]","[201.28, 58]",188.46,245,24.46,0.1
07:37:45,"[174.84, 83]","[171.75, 80]","[196.42, 38]","[196.87, 46]",185.63,247,21.58,0.32
07:37:46,"[176.69, 48]","[175.01, 73]","[192.57, 14]","[196.0, 70]",184.63,205,15.88,0.18
07:37:47,"[176.73, 45]","[175.75, 63]","[189.63, 54]","[190.76, 21]",183.18,183,12.9,0.18
07:37:48,"[176.0, 33]","[174.0, 22]","[186.09, 45]","[186.62, 26]",181.04,126,10.09,-0.13
07:37:49,"[176.0, 42]","[174.0, 28]","[181.22, 50]","[182.16, 49]",178.61,169,5.22,-0.17
07:37:50,"[175.86, 28]","[172.26, 23]","[178.05, 42]","[179.5, 16]",176.95,109,2.19,-0.06
07:37:51,"[171.03, 61]","[169.75, 53]","[175.02, 47]","[176.42, 31]",173.03,192,3.99,0.19
07:37:52,"[169.92, 39]","[168.36, 33]","[171.67, 21]","[172.72, 43]",170.79,136,1.74,0.06
07:37:53,"[169.09, 11]","[168.12, 17]","[175.4, 15]","[174.96, 26]",172.25,69,6.31,-0.19
07:37:54,"[169.39, 23]","[168.22, 27]","[219.7, 27]","[273.4, 10]",194.55,87,50.31,0.15
07:37:55,"[177.0, 10]","[173.67, 12]","[221.32, 19]","[225.87, 31]",199.16,72,44.32,-0.39
07:37:56,"[172.29, 14]","[169.84, 25]","[213.4, 20]","[218.32, 44]",192.84,103,41.11,-0.24
07:37:57,"[170.73, 15]","[168.69, 29]","[172.3, 47]","[285.62, 21]",171.52,112,1.56,-0.21
07:37:58,"[167.33, 27]","[137.11, 53]","[171.27, 44]","[467.64, 28]",169.3,152,3.94,0.05
07:37:59,"[166.0, 27]","[145.0, 36]","[170.25, 24]","[218.82, 22]",168.12,109,4.25,0.16
07:38:00,"[166.05, 22]","[149.38, 24]","[382.33, 27]","[593.6, 25]",274.19,98,216.29,-0.06
07:38:01,"[168.62, 24]","[149.33, 18]","[336.0, 30]","[572.0, 12]",252.31,84,167.38,0.0
07:38:02,"[173.0, 52]","[166.62, 24]","[255.38, 40]","[361.09, 22]",214.19,138,82.38,0.1
07:38:03,"[171.0, 15]","[166.0, 15]","[250.75, 16]","[474.63, 19]",210.88,65,79.75,-0.08
07:38:04,"[171.0, 21]","[166.0, 21]","[287.0, 14]","[413.43, 35]",229.0,91,116.0,-0.08
07:38:05,"[171.0, 28]","[166.0, 12]","[249.86, 14]","[441.29, 14]",210.43,68,78.86,0.18
07:38:06,"[174.16, 38]","[170.4, 50]","[299.96, 23]","[485.72, 47]",237.06,158,125.8,0.11
07:38:07,"[150.0, 16]","[152.12, 16]","[205.41, 27]","[316.47, 15]",177.7,74,55.41,-0.14
07:38:08,"[156.82, 22]","[154.16, 50]","[247.4, 25]","[447.68, 31]",202.11,128,90.58,0.12
07:38:09,"[173.82, 67]","[165.58, 43]","[237.86, 58]","[247.0, 40]",205.84,208,64.04,0.06
07:38:10,"[177.0, 28]","[174.0, 21]","[180.57, 35]","[182.0, 14]",178.79,98,3.57,0.0
07:38:11,"[177.0, 36]","[174.0, 27]","[178.89, 45]","[310.33, 24]",177.94,132,1.89,-0.05
07:38:12,"[175.92, 25]","[173.03, 31]","[195.75, 24]","[364.94, 17]",185.83,97,19.83,0.15
07:38:13,"[174.11, 37]","[172.1, 58]","[250.94, 16]","[438.88, 32]",212.52,143,76.83,0.33
07:38:14,"[174.0, 27]","[172.58, 24]","[181.77, 39]","[210.57, 21]",177.88,111,7.77,-0.08
07:38:15,"[173.07, 43]","[172.05, 42]","[177.1, 29]","[178.03, 29]",175.09,143,4.03,0.19
07:38:16,"[172.08, 53]","[171.17, 58]","[174.14, 22]","[177.56, 64]",173.11,197,2.06,0.13
07:38:17,"[172.0, 5]","[171.0, 20]","[177.82, 22]","[218.2, 10]",174.91,57,5.82,-0.12
07:38:18,"[172.0, 8]","[171.0, 32]","[215.14, 21]","[224.25, 16]",193.57,77,43.14,0.04
07:38:19,"[172.0, 7]","[171.0, 28]","[209.0, 19]","[240.12, 16]",190.5,70,37.0,0.0
07:38:20,"[172.0, 10]","[171.0, 40]","[212.9, 30]","[305.0, 20]",192.45,100,40.9,0.0
07:38:21,"[175.21, 24]","[169.93, 45]","[212.0, 27]","[324.0, 18]",193.6,114,36.79,0.21
07:38:22,"[177.0, 192]","[171.0, 12]","[210.76, 34]","[260.54, 26]",193.88,264,33.76,0.55
07:38:23,"[177.52, 87]","[176.91, 211]","[205.81, 42]","[208.42, 38]",191.66,378,28.29,0.58
07:38:24,"[179.0, 36]","[177.0, 192]","[201.75, 36]","[207.0, 24]",190.38,288,22.75,0.58
07:38:25,"[179.0, 39]","[177.0, 208]","[200.55, 44]","[204.1, 31]",189.77,322,21.55,0.53
07:38:26,"[177.0, 180]","[171.0, 120]","[198.56, 36]","[199.81, 37]",187.78,373,21.56,0.61
07:38:27,"[177.0, 282]","[171.08, 154]","[196.82, 78]","[199.0, 38]",186.91,552,19.82,0.58
07:38:28,"[177.0, 114]","[174.0, 10]","[194.89, 35]","[196.09, 33]",185.94,192,17.89,0.29
07:38:29,"[177.0, 117]","[171.09, 103]","[191.88, 50]","[193.54, 41]",184.44,311,14.88,0.41
07:38:30,"[177.0, 95]","[171.5, 80]","[189.3, 43]","[190.76, 34]",183.15,252,12.3,0.39
07:38:31,"[177.0, 96]","[176.0, 36]","[185.78, 46]","[186.74, 46]",181.39,224,8.78,0.18
07:38:32,"[177.0, 88]","[176.0, 33]","[183.83, 52]","[184.71, 35]",180.41,208,6.83,0.16
07:38:33,"[177.0, 72]","[176.0, 27]","[181.17, 36]","[182.56, 27]",179.08,162,4.17,0.22
07:38:34,"[176.86, 88]","[174.88, 43]","[179.06, 36]","[180.71, 41]",177.96,208,2.19,0.26
07:38:35,"[176.0, 51]","[173.0, 56]","[177.95, 41]","[179.79, 29]",176.98,177,1.95,0.21
07:38:36,"[173.32, 50]","[171.37, 84]","[177.75, 32]","[276.86, 28]",175.53,194,4.43,0.38
07:38:37,"[171.0, 88]","[169.68, 22]","[178.0, 24]","[326.38, 16]",174.5,150,7.0,0.47
07:38:38,"[171.0, 88]","[169.0, 8]","[177.12, 24]","[354.74, 19]",174.06,139,6.12,0.38
07:38:39,"[171.22, 92]","[170.69, 52]","[177.0, 36]","[302.0, 24]",174.11,204,5.78,0.41
07:38:40,"[171.15, 68]","[170.57, 28]","[260.11, 18]","[370.4, 20]",215.63,134,88.96,0.43
07:38:41,"[171.0, 69]","[169.0, 7]","[300.71, 14]","[438.45, 11]",235.86,101,129.71,0.5
07:38:42,"[171.0, 122]","[169.0, 14]","[276.04, 23]","[279.76, 50]",223.52,209,105.04,0.3
07:38:43,"[171.31, 72]","[170.91, 115]","[182.1, 50]","[213.81, 26]",176.7,263,10.79,0.42
07:38:44,"[172.0, 18]","[171.0, 90]","[177.79, 19]","[180.1, 20]",174.89,147,5.79,0.47
07:38:45,"[172.0, 23]","[171.0, 120]","[174.43, 35]","[175.0, 37]",173.21,215,2.43,0.33
07:38:46,"[172.0, 12]","[171.0, 100]","[175.08, 24]","[239.0, 48]",173.54,184,3.08,0.22
07:38:47,"[171.4, 20]","[170.86, 44]","[173.5, 28]","[239.0, 56]",172.45,148,2.1,-0.14
07:38:48,"[171.0, 18]","[170.0, 21]","[172.44, 18]","[241.91, 33]",171.72,90,1.44,-0.13
07:38:49,"[171.0, 18]","[170.0, 27]","[172.0, 12]","[173.0, 27]",171.5,84,1.0,0.07
07:38:50,"[171.0, 17]","[170.0, 27]","[209.67, 12]","[255.09, 32]",190.33,88,38.67,0.0
07:38:51,"[171.0, 5]","[170.0, 15]","[285.0, 20]","[303.6, 15]",228.0,55,114.0,-0.27
07:38:52,"[169.53, 15]","[168.7, 43]","[287.68, 38]","[374.45, 38]",228.61,134,118.15,-0.13
07:38:53,"[169.0, 14]","[168.0, 28]","[376.5, 24]","[574.0, 24]",272.75,90,207.5,-0.07
07:38:54,"[168.3, 20]","[167.46, 26]","[398.89, 38]","[615.59, 32]",283.6,116,230.59,-0.21
07:38:55,"[168.29, 31]","[167.08, 24]","[486.47, 38]","[713.5, 30]",327.38,123,318.18,-0.11
07:38:56,"[170.7, 57]","[168.0, 14]","[494.42, 19]","[650.17, 23]",332.56,113,323.72,0.26
07:38:57,"[171.5, 36]","[170.72, 50]","[262.0, 30]","[358.0, 40]",216.75,156,90.5,0.1
07:38:58,"[176.2, 10]","[171.48, 29]","[358.0, 28]","[561.0, 21]",267.1,88,181.8,-0.11
07:38:59,"[172.57, 23]","[170.84, 76]","[321.33, 24]","[375.11, 37]",246.95,160,148.77,0.24
07:39:00,"[171.0, 42]","[168.0, 12]","[224.33, 18]","[268.82, 17]",197.67,89,53.33,0.21
07:39:01,"[171.06, 66]","[168.31, 29]","[206.73, 73]","[476.36, 44]",188.89,212,35.67,-0.1
07:39:02,"[175.0, 10]","[171.0, 30]","[204.3, 50]","[306.11, 47]",189.65,137,29.3,-0.42
07:39:03,"[175.98, 86]","[173.4, 15]","[202.73, 55]","[205.0, 55]",189.35,211,26.75,-0.04
07:39:04,"[176.0, 72]","[175.0, 11]","[200.61, 49]","[203.16, 49]",188.31,181,24.61,-0.08
07:39:05,"[176.0, 24]","[175.0, 6]","[197.17, 30]","[199.0, 30]",186.58,90,21.17,-0.33
07:39:06,"[171.54, 37]","[168.3, 23]","[195.19, 42]","[195.83, 60]",183.37,162,23.65,-0.26
07:39:07,"[171.0, 18]","[168.0, 12]","[192.56, 18]","[193.17, 24]",181.78,72,21.56,-0.17
07:39:08,"[171.0, 28]","[168.0, 20]","[189.14, 35]","[189.66, 47]",180.07,130,18.14,-0.26
07:39:09,"[167.95, 59]","[145.87, 31]","[186.43, 42]","[188.43, 42]",177.19,174,18.48,0.03
07:39:10,"[167.69, 64]","[151.09, 55]","[185.16, 38]","[186.05, 74]",176.42,231,17.47,0.03
07:39:11,"[171.0, 12]","[169.0, 8]","[181.77, 30]","[183.96, 24]",176.38,74,10.77,-0.46
07:39:12,"[169.61, 46]","[165.29, 138]","[177.31, 49]","[178.11, 54]",173.46,287,7.7,0.28
07:39:13,"[167.78, 73]","[165.15, 130]","[173.53, 17]","[175.2, 20]",170.66,240,5.75,0.69
07:39:14,"[169.18, 51]","[167.29, 84]","[174.7, 46]","[179.78, 50]",171.94,231,5.52,0.17
07:39:15,"[171.0, 60]","[170.0, 30]","[173.0, 44]","[174.0, 46]",172.0,180,2.0,0.0
07:39:16,"[170.89, 27]","[169.85, 26]","[199.09, 44]","[414.17, 35]",184.99,132,28.2,-0.2
07:39:17,"[170.6, 30]","[168.78, 23]","[474.03, 32]","[511.37, 38]",322.32,123,303.43,-0.14
07:39:18,"[172.0, 18]","[170.0, 18]","[473.63, 19]","[483.48, 21]",322.82,76,301.63,-0.05
07:39:19,"[172.0, 36]","[170.0, 36]","[378.47, 30]","[454.41, 32]",275.23,134,206.47,0.07
07:39:20,"[172.0, 37]","[170.0, 30]","[205.64, 22]","[210.78, 37]",188.82,126,33.64,0.06
07:39:21,"[174.9, 87]","[171.75, 48]","[204.07, 30]","[207.0, 60]",189.48,225,29.17,0.2
07:39:22,"[175.0, 44]","[172.0, 27]","[202.78, 18]","[207.0, 42]",188.89,131,27.78,0.08
07:39:23,"[175.0, 40]","[172.0, 30]","[200.6, 20]","[290.5, 40]",187.8,130,25.6,0.08
07:39:24,"[175.0, 28]","[172.0, 21]","[200.0, 14]","[208.0, 28]",187.5,91,25.0,0.08
07:39:25,"[175.0, 48]","[172.0, 36]","[199.0, 24]","[426.63, 38]",187.0,146,24.0,0.15
07:39:26,"[174.42, 33]","[171.46, 26]","[197.0, 18]","[272.32, 25]",185.71,102,22.58,0.16
07:39:27,"[170.63, 59]","[164.46, 35]","[194.86, 28]","[274.07, 42]",182.74,164,24.23,0.15
07:39:28,"[175.0, 91]","[167.25, 61]","[419.54, 35]","[468.57, 35]",297.27,222,244.54,0.37
07:39:29,"[175.46, 65]","[174.38, 40]","[239.39, 28]","[304.19, 16]",207.43,149,63.93,0.41
07:39:30,"[176.0, 48]","[175.0, 56]","[236.62, 24]","[278.0, 24]",206.31,152,60.62,0.37
07:39:31,"[176.0, 60]","[175.0, 77]","[235.27, 33]","[278.0, 33]",205.64,203,59.27,0.35
07:39:32,"[176.0, 27]","[175.0, 63]","[235.0, 27]","[349.11, 19]",205.5,136,59.0,0.32
07:39:33,"[176.0, 39]","[175.0, 91]","[212.53, 38]","[243.26, 27]",194.26,195,36.53,0.33
07:39:34,"[176.0, 30]","[175.0, 70]","[193.0, 30]","[230.71, 34]",184.5,164,17.0,0.22
07:39:35,"[176.0, 140]","[175.0, 98]","[192.11, 54]","[200.27, 44]",184.06,336,16.11,0.42
07:39:36,"[176.12, 57]","[175.67, 105]","[179.02, 43]","[236.54, 35]",177.57,240,2.9,0.35
07:39:37,"[176.0, 74]","[175.0, 77]","[177.0, 33]","[480.31, 26]",176.5,210,1.0,0.44
07:39:38,"[176.0, 22]","[175.0, 70]","[349.58, 33]","[472.86, 35]",262.79,160,173.58,0.15
07:39:39,"[174.71, 24]","[173.67, 57]","[430.67, 27]","[478.0, 30]",302.69,138,255.96,0.17
07:39:40,"[172.0, 40]","[171.0, 100]","[487.94, 35]","[524.9, 31]",329.97,206,315.94,0.36
07:39:41,"[172.27, 30]","[171.05, 74]","[536.08, 26]","[580.57, 14]",354.17,144,363.81,0.44
07:39:42,"[176.0, 24]","[172.0, 48]","[358.12, 26]","[502.07, 44]",267.06,142,182.12,0.01
07:39:43,"[172.73, 11]","[171.04, 94]","[302.44, 18]","[303.95, 42]",237.59,165,129.72,0.27
07:39:44,"[172.0, 6]","[171.0, 60]","[301.71, 14]","[302.09, 22]",236.86,102,129.71,0.29
07:39:45,"[172.0, 12]","[171.0, 105]","[183.15, 40]","[253.45, 20]",177.57,177,11.15,0.32
07:39:46,"[172.0, 27]","[171.0, 45]","[178.33, 45]","[181.0, 9]",175.17,126,6.33,0.14
07:39:47,"[172.0, 56]","[171.0, 70]","[177.38, 26]","[178.16, 58]",174.69,210,5.38,0.2
07:39:48,"[172.0, 36]","[171.0, 45]","[174.47, 17]","[177.84, 37]",173.24,135,2.47,0.2
07:39:49,"[172.0, 42]","[171.0, 44]","[173.17, 60]","[214.0, 24]",172.58,170,1.17,0.01
07:39:50,"[171.05, 55]","[168.14, 63]","[215.68, 38]","[232.08, 59]",193.37,215,44.63,0.1
07:39:51,"[172.57, 92]","[170.39, 98]","[216.74, 43]","[219.76, 55]",194.65,288,44.18,0.32
07:39:52,"[174.09, 88]","[171.67, 192]","[212.48, 54]","[215.43, 49]",193.29,383,38.39,0.46
07:39:53,"[174.09, 88]","[171.67, 192]","[182.02, 53]","[185.04, 53]",178.05,386,7.93,0.45
07:39:54,"[173.0, 60]","[171.0, 128]","[178.1, 20]","[180.65, 34]",175.55,242,5.1,0.55
07:39:55,"[173.0, 121]","[171.04, 135]","[175.73, 70]","[176.75, 56]",174.36,382,2.73,0.34
07:39:56,"[172.06, 35]","[171.03, 97]","[173.77, 52]","[193.13, 31]",172.91,215,1.71,0.23
07:39:57,"[171.0, 116]","[169.0, 10]","[252.94, 36]","[297.4, 42]",211.97,204,81.94,0.24
07:39:58,"[175.42, 64]","[173.12, 98]","[290.17, 60]","[296.55, 55]",232.79,277,114.74,0.17
07:39:59,"[177.67, 30]","[176.3, 60]","[282.41, 32]","[291.36, 55]",230.04,177,104.74,0.02
07:40:00,"[176.61, 31]","[174.28, 96]","[254.44, 48]","[300.69, 58]",215.53,233,77.82,0.09
07:40:01,"[176.0, 48]","[171.0, 132]","[284.5, 60]","[328.8, 54]",230.25,294,108.5,0.22
07:40:02,"[173.04, 54]","[170.93, 114]","[241.1, 61]","[303.62, 65]",207.07,294,68.06,0.14
07:40:03,"[171.64, 66]","[170.9, 59]","[210.6, 50]","[212.0, 40]",191.12,215,38.96,0.16
07:40:04,"[172.0, 54]","[171.0, 88]","[209.36, 55]","[350.55, 47]",190.68,244,37.36,0.16
07:40:05,"[171.32, 37]","[170.81, 53]","[207.0, 55]","[210.0, 33]",189.16,178,35.68,0.01
07:40:06,"[172.88, 64]","[168.66, 29]","[205.91, 44]","[323.1, 30]",189.39,167,33.03,0.11
07:40:07,"[176.0, 132]","[171.0, 55]","[209.77, 35]","[288.28, 47]",192.89,269,33.77,0.39
07:40:08,"[176.12, 41]","[175.19, 72]","[209.0, 32]","[316.84, 38]",192.56,183,32.88,0.23
07:40:09,"[176.03, 68]","[174.67, 36]","[209.0, 32]","[334.0, 36]",192.51,172,32.97,0.21
07:40:10,"[176.0, 126]","[172.0, 24]","[208.67, 48]","[445.08, 36]",192.33,234,32.67,0.28
07:40:11,"[176.0, 110]","[172.0, 22]","[206.6, 50]","[207.49, 49]",191.3,231,30.6,0.14
07:40:12,"[176.21, 48]","[175.0, 40]","[204.64, 42]","[206.67, 48]",190.43,178,28.43,-0.01
07:40:13,"[177.0, 14]","[176.0, 84]","[201.88, 68]","[203.11, 64]",189.44,230,24.88,-0.15
07:40:14,"[176.5, 16]","[175.57, 56]","[196.84, 51]","[198.5, 60]",186.67,183,20.34,-0.21
07:40:15,"[176.0, 28]","[173.0, 28]","[194.17, 63]","[195.25, 67]",185.09,186,18.17,-0.4
07:40:16,"[176.0, 26]","[173.0, 26]","[191.72, 54]","[192.89, 63]",183.86,169,15.72,-0.38
07:40:17,"[176.0, 24]","[173.0, 20]","[186.29, 49]","[188.0, 41]",181.14,134,10.29,-0.34
07:40:18,"[176.0, 40]","[173.0, 20]","[183.56, 45]","[185.33, 45]",179.78,150,7.56,-0.2
07:40:19,"[176.0, 60]","[173.0, 30]","[181.34, 71]","[182.18, 67]",178.67,228,5.34,-0.21
07:40:20,"[176.13, 46]","[174.0, 30]","[178.86, 57]","[179.83, 60]",177.5,193,2.73,-0.21
07:40:21,"[175.0, 38]","[172.95, 44]","[176.66, 91]","[200.79, 85]",175.83,258,1.66,-0.36
07:40:22,"[171.0, 43]","[169.78, 41]","[174.61, 57]","[231.11, 61]",172.81,202,3.61,-0.17
07:40:23,"[171.24, 51]","[169.8, 45]","[173.21, 14]","[174.13, 38]",172.22,148,1.98,0.3
07:40:24,"[140.97, 60]","[130.67, 55]","[171.05, 20]","[180.79, 29]",156.01,164,30.08,0.4
07:40:25,"[122.24, 50]","[63.88, 34]","[169.7, 10]","[254.0, 30]",145.97,124,47.46,0.35
07:40:26,"[165.67, 36]","[163.11, 18]","[254.0, 27]","[378.89, 27]",209.83,108,88.33,0.0
07:40:27,"[167.31, 52]","[166.64, 88]","[252.8, 20]","[281.11, 27]",210.05,187,85.49,0.5
07:40:28,"[174.89, 36]","[169.55, 44]","[249.62, 21]","[252.11, 18]",212.25,119,74.73,0.34
07:40:29,"[177.56, 39]","[174.09, 33]","[245.08, 26]","[249.71, 14]",211.32,112,67.51,0.29
07:40:30,"[173.56, 18]","[168.24, 121]","[230.05, 21]","[238.78, 18]",201.8,178,56.49,0.56
07:40:31,"[173.0, 16]","[167.0, 128]","[229.0, 8]","[230.0, 16]",201.0,168,56.0,0.71
07:40:32,"[173.0, 24]","[167.0, 210]","[221.0, 18]","[229.86, 21]",197.0,273,48.0,0.71
07:40:33,"[168.2, 60]","[166.8, 120]","[188.53, 19]","[197.95, 19]",178.36,218,20.33,0.65
07:40:34,"[167.0, 128]","[163.0, 16]","[183.0, 8]","[185.0, 16]",175.0,168,16.0,0.71
07:40:35,"[167.0, 160]","[163.0, 20]","[182.0, 20]","[183.0, 10]",174.5,210,15.0,0.71
07:40:36,"[174.4, 246]","[166.85, 216]","[180.3, 27]","[181.79, 28]",177.35,517,5.9,0.79
07:40:37,"[177.0, 126]","[167.7, 160]","[178.04, 47]","[182.43, 21]",177.52,354,1.04,0.62
07:40:38,"[177.0, 78]","[168.11, 90]","[179.0, 22]","[295.34, 47]",178.0,237,2.0,0.42
07:40:39,"[177.0, 43]","[168.01, 113]","[178.62, 16]","[283.0, 36]",177.81,208,1.62,0.5
07:40:40,"[170.27, 67]","[167.8, 118]","[177.2, 20]","[220.56, 27]",173.73,232,6.93,0.59
07:40:41,"[176.0, 12]","[168.6, 75]","[177.0, 24]","[200.0, 60]",176.5,171,1.0,0.02
07:40:42,"[170.29, 21]","[167.96, 47]","[445.23, 22]","[506.39, 33]",307.76,123,274.94,0.11
07:40:43,"[167.75, 48]","[166.4, 10]","[270.5, 32]","[278.5, 12]",219.12,102,102.75,0.14
07:40:44,"[167.22, 83]","[166.39, 49]","[269.94, 32]","[273.0, 16]",218.58,180,102.72,0.47
07:40:45,"[169.49, 39]","[168.04, 54]","[269.0, 9]","[461.11, 45]",219.24,147,99.51,0.27
07:40:46,"[173.88, 24]","[170.86, 21]","[267.31, 13]","[426.56, 41]",220.59,99,93.43,-0.09
07:40:47,"[177.0, 39]","[172.0, 13]","[249.48, 21]","[379.96, 51]",213.24,124,72.48,-0.16
07:40:48,"[177.0, 39]","[175.43, 49]","[262.41, 17]","[451.54, 61]",219.71,166,85.41,0.06
07:40:49,"[176.15, 41]","[174.67, 21]","[264.0, 9]","[425.91, 43]",220.07,114,87.85,0.09
07:40:50,"[176.0, 45]","[172.8, 15]","[251.31, 13]","[375.72, 25]",213.65,98,75.31,0.22
07:40:51,"[176.28, 25]","[175.23, 47]","[245.47, 19]","[585.26, 47]",210.88,138,69.19,0.04
07:40:52,"[176.0, 15]","[173.0, 10]","[262.2, 5]","[670.8, 25]",219.1,55,86.2,-0.09
07:40:53,"[176.0, 24]","[173.0, 16]","[262.0, 8]","[377.43, 35]",219.0,83,86.0,-0.04
07:40:54,"[176.0, 36]","[173.0, 24]","[262.0, 12]","[307.11, 54]",219.0,126,86.0,-0.05
07:40:55,"[176.0, 27]","[173.0, 18]","[261.56, 9]","[301.45, 44]",218.78,98,85.56,-0.08
07:40:56,"[176.0, 24]","[173.0, 16]","[257.75, 8]","[340.9, 39]",216.88,87,81.75,-0.08
07:40:57,"[171.57, 28]","[167.38, 52]","[255.65, 20]","[464.04, 25]",213.61,125,84.08,0.28
07:40:58,"[171.0, 50]","[167.0, 120]","[254.7, 50]","[566.74, 47]",212.85,267,83.7,0.27
07:40:59,"[171.44, 27]","[167.57, 70]","[252.74, 27]","[368.71, 35]",212.09,159,81.3,0.22
07:41:00,"[172.5, 8]","[168.18, 34]","[251.75, 12]","[252.83, 18]",212.12,72,79.25,0.17
07:41:01,"[168.08, 72]","[166.86, 88]","[249.17, 35]","[250.69, 39]",208.63,234,81.09,0.37
07:41:02,"[169.79, 56]","[167.91, 127]","[241.19, 42]","[242.09, 54]",205.49,279,71.4,0.31
07:41:03,"[173.0, 33]","[171.0, 90]","[233.78, 51]","[235.3, 53]",203.39,227,60.78,0.08
07:41:04,"[172.1, 20]","[170.63, 81]","[224.97, 64]","[227.04, 50]",198.53,215,52.87,-0.06
07:41:05,"[167.91, 66]","[166.88, 75]","[222.68, 37]","[223.43, 35]",195.29,213,54.77,0.32
07:41:06,"[165.71, 21]","[141.72, 29]","[220.28, 32]","[221.08, 36]",193.0,118,54.57,-0.15
07:41:07,"[169.81, 53]","[150.8, 61]","[214.32, 57]","[215.13, 77]",192.06,248,44.5,-0.08
07:41:08,"[175.75, 48]","[173.0, 48]","[209.47, 51]","[211.38, 48]",192.61,195,33.72,-0.02
07:41:09,"[173.0, 33]","[168.62, 13]","[206.43, 42]","[207.7, 53]",189.71,141,33.43,-0.35
07:41:10,"[175.83, 106]","[172.69, 32]","[202.21, 47]","[203.22, 45]",189.02,230,26.38,0.2
07:41:11,"[176.0, 130]","[173.0, 39]","[197.56, 45]","[198.77, 56]",186.78,270,21.56,0.25
07:41:12,"[176.0, 140]","[173.0, 42]","[191.68, 60]","[193.39, 49]",183.84,291,15.68,0.25
07:41:13,"[176.38, 64]","[175.73, 132]","[183.02, 53]","[184.87, 62]",179.7,311,6.64,0.26
07:41:14,"[176.32, 44]","[175.66, 79]","[181.0, 30]","[184.0, 40]",178.66,193,4.68,0.27
07:41:15,"[176.0, 110]","[173.0, 33]","[178.48, 42]","[180.2, 35]",177.24,220,2.48,0.3
07:41:16,"[176.0, 66]","[173.0, 28]","[177.0, 36]","[191.09, 43]",176.5,173,1.0,0.09
07:41:17,"[175.37, 57]","[172.8, 41]","[176.93, 56]","[208.74, 43]",176.15,197,1.56,-0.01
07:41:18,"[173.0, 27]","[171.0, 9]","[175.44, 36]","[363.92, 26]",174.22,98,2.44,-0.27
07:41:19,"[173.0, 15]","[171.0, 6]","[174.0, 24]","[380.0, 24]",173.5,69,1.0,-0.39
07:41:20,"[173.0, 22]","[171.0, 21]","[174.0, 23]","[264.0, 44]",173.5,110,1.0,-0.22
07:41:21,"[173.0, 14]","[171.5, 16]","[223.33, 15]","[302.42, 48]",198.17,93,50.33,-0.35
07:41:22,"[173.62, 13]","[172.18, 11]","[358.84, 38]","[532.58, 38]",266.23,100,185.23,-0.52
07:41:23,"[175.0, 26]","[173.0, 13]","[219.78, 46]","[293.53, 38]",197.39,123,44.78,-0.37
07:41:24,"[175.0, 24]","[173.0, 12]","[181.53, 53]","[218.75, 48]",178.26,137,6.53,-0.47
07:41:25,"[173.0, 11]","[172.0, 11]","[179.58, 45]","[181.07, 54]",176.29,121,6.58,-0.64
07:41:26,"[173.0, 8]","[172.0, 8]","[177.62, 32]","[181.0, 40]",175.31,88,4.62,-0.64
07:41:27,"[173.0, 11]","[172.0, 11]","[175.82, 45]","[177.93, 54]",174.41,121,2.82,-0.64
07:41:28,"[172.0, 8]","[170.62, 13]","[173.67, 24]","[321.33, 27]",172.83,72,1.67,-0.42
07:41:29,"[169.22, 27]","[168.18, 22]","[172.15, 27]","[367.4, 20]",170.69,96,2.93,0.02
07:41:30,"[169.0, 44]","[168.0, 33]","[171.86, 28]","[411.07, 28]",170.43,133,2.86,0.16
07:41:31,"[166.92, 25]","[131.26, 31]","[411.0, 35]","[513.76, 34]",288.96,125,244.08,-0.1
07:41:32,"[143.88, 8]","[106.9, 10]","[292.73, 22]","[368.92, 26]",218.3,66,148.85,-0.45
07:41:33,"[106.33, 9]","[76.67, 9]","[296.86, 21]","[365.75, 16]",201.6,55,190.52,-0.35
07:41:34,"[122.03, 39]","[101.77, 13]","[269.0, 18]","[354.09, 22]",195.51,92,146.97,0.13
07:41:35,"[105.0, 40]","[97.8, 10]","[240.28, 36]","[337.62, 21]",172.64,107,135.28,-0.07
07:41:36,"[105.0, 52]","[92.85, 13]","[162.74, 61]","[334.75, 61]",133.87,187,57.74,-0.3
07:41:37,"[108.56, 36]","[104.19, 31]","[162.33, 27]","[180.78, 45]",135.44,139,53.78,-0.04
07:41:38,"[118.33, 15]","[108.6, 42]","[256.5, 40]","[386.43, 28]",187.42,125,138.17,-0.09
07:41:39,"[172.0, 8]","[159.55, 22]","[319.4, 20]","[480.4, 20]",245.7,70,147.4,-0.14
07:41:40,"[174.0, 11]","[170.82, 11]","[255.0, 21]","[412.65, 37]",214.5,80,81.0,-0.45
07:41:41,"[175.33, 9]","[173.67, 9]","[222.33, 9]","[258.78, 27]",198.83,54,47.0,-0.33
07:41:42,"[176.76, 21]","[173.47, 55]","[222.0, 13]","[281.58, 36]",199.38,125,45.24,0.22
07:41:43,"[177.0, 55]","[175.0, 33]","[221.91, 11]","[289.36, 22]",199.45,121,44.91,0.45
07:41:44,"[178.12, 8]","[177.0, 32]","[220.25, 8]","[288.0, 16]",199.19,64,42.12,0.25
07:41:45,"[177.11, 54]","[176.25, 75]","[220.0, 10]","[308.74, 23]",198.56,162,42.89,0.59
07:41:46,"[177.0, 77]","[176.0, 88]","[215.73, 15]","[340.5, 16]",196.37,196,38.73,0.68
07:41:47,"[177.0, 63]","[176.0, 72]","[217.44, 9]","[271.09, 11]",197.22,155,40.44,0.74
07:41:48,"[177.0, 56]","[176.0, 64]","[214.25, 8]","[216.0, 8]",195.62,136,37.25,0.76
07:41:49,"[177.0, 35]","[176.0, 72]","[210.78, 9]","[212.22, 9]",193.89,125,33.78,0.71
07:41:50,"[177.0, 27]","[176.0, 72]","[196.22, 9]","[208.11, 9]",186.61,117,19.22,0.69
07:41:51,"[177.0, 39]","[176.0, 104]","[184.8, 30]","[185.39, 46]",180.9,219,7.8,0.31
07:41:52,"[177.0, 45]","[175.88, 97]","[181.27, 63]","[182.77, 35]",179.13,240,4.27,0.18
07:41:53,"[177.0, 39]","[176.0, 65]","[179.71, 17]","[180.98, 61]",178.35,182,2.71,0.14
07:41:54,"[176.25, 40]","[175.66, 53]","[177.81, 54]","[179.04, 57]",177.03,204,1.56,-0.09
07:41:55,"[174.92, 53]","[173.19, 103]","[181.87, 46]","[252.93, 42]",178.4,244,6.95,0.28
07:41:56,"[173.0, 130]","[172.0, 100]","[297.2, 15]","[340.56, 25]",235.1,270,124.2,0.7
07:41:57,"[173.0, 65]","[172.0, 50]","[200.74, 19]","[272.67, 6]",186.87,140,27.74,0.64
07:41:58,"[173.0, 117]","[172.0, 90]","[191.9, 20]","[193.15, 20]",182.45,247,18.9,0.68
07:41:59,"[173.16, 178]","[172.43, 211]","[187.4, 35]","[187.63, 38]",180.28,462,14.24,0.68
07:42:00,"[173.0, 128]","[172.0, 110]","[183.25, 24]","[184.07, 29]",178.12,291,10.25,0.64
07:42:01,"[173.0, 120]","[172.0, 120]","[180.79, 28]","[181.78, 18]",176.89,286,7.79,0.68
07:42:02,"[173.0, 130]","[172.0, 130]","[177.85, 39]","[180.0, 13]",175.42,312,4.85,0.67
07:42:03,"[173.0, 89]","[172.0, 110]","[174.75, 28]","[222.72, 29]",173.88,256,1.75,0.55
07:42:04,"[173.0, 84]","[172.0, 120]","[174.42, 36]","[360.67, 15]",173.71,255,1.42,0.6
07:42:05,"[172.62, 69]","[171.79, 114]","[221.0, 32]","[426.62, 13]",196.81,228,48.38,0.61
07:42:06,"[174.0, 12]","[171.82, 44]","[513.0, 14]","[525.86, 7]",343.5,77,339.0,0.45
07:42:07,"[176.0, 12]","[172.14, 63]","[477.65, 17]","[514.65, 17]",326.82,109,301.65,0.38
07:42:08,"[176.0, 11]","[173.0, 33]","[213.91, 11]","[343.18, 11]",194.95,66,37.91,0.33
07:42:09,"[176.0, 10]","[173.0, 30]","[213.91, 22]","[410.5, 10]",194.95,72,37.91,0.11
07:42:10,"[173.0, 10]","[172.0, 30]","[213.0, 15]","[224.0, 5]",193.0,60,40.0,0.33
07:42:11,"[174.09, 11]","[172.33, 36]","[211.8, 30]","[265.5, 10]",192.95,87,37.71,0.08
07:42:12,"[173.0, 14]","[172.0, 48]","[209.75, 24]","[315.0, 8]",191.38,94,36.75,0.32
07:42:13,"[173.0, 84]","[172.0, 72]","[207.92, 36]","[359.58, 12]",190.46,204,34.92,0.53
07:42:14,"[175.7, 37]","[172.38, 39]","[205.0, 27]","[244.0, 9]",190.35,112,29.3,0.36
07:42:15,"[177.0, 29]","[173.0, 27]","[203.8, 25]","[232.82, 11]",190.4,92,26.8,0.22
07:42:16,"[175.07, 29]","[172.26, 57]","[199.83, 12]","[203.0, 36]",187.45,134,24.76,0.28
07:42:17,"[172.33, 24]","[171.43, 56]","[198.17, 18]","[201.57, 14]",185.25,112,25.83,0.43
07:42:18,"[173.72, 50]","[171.73, 60]","[197.35, 31]","[197.86, 21]",185.54,162,23.63,0.36
07:42:19,"[175.29, 14]","[172.59, 34]","[196.0, 7]","[197.0, 21]",185.64,76,20.71,0.26
07:42:20,"[175.0, 16]","[171.43, 56]","[193.64, 14]","[194.85, 26]",184.32,112,18.64,0.29
07:42:21,"[172.0, 14]","[171.0, 111]","[188.9, 20]","[191.67, 36]",180.45,181,16.9,0.38
07:42:22,"[172.18, 62]","[171.1, 61]","[184.41, 29]","[185.69, 35]",178.3,187,12.24,0.32
07:42:23,"[171.0, 126]","[169.0, 27]","[179.53, 15]","[181.33, 12]",175.27,180,8.53,0.7
07:42:24,"[171.02, 82]","[169.71, 28]","[177.27, 11]","[178.6, 10]",174.15,131,6.25,0.68
07:42:25,"[171.74, 38]","[170.96, 143]","[174.81, 32]","[175.9, 21]",173.27,234,3.08,0.55
07:42:26,"[171.0, 79]","[169.0, 27]","[172.65, 23]","[218.69, 13]",171.83,142,1.65,0.49
07:42:27,"[171.59, 41]","[170.47, 57]","[270.18, 11]","[531.77, 47]",220.88,156,98.6,0.26
07:42:28,"[175.0, 8]","[171.0, 56]","[200.62, 8]","[377.38, 8]",187.81,80,25.62,0.6
07:42:29,"[175.86, 7]","[171.39, 31]","[229.86, 14]","[240.15, 13]",202.86,65,54.0,0.17
07:42:30,"[177.0, 13]","[175.0, 13]","[227.69, 26]","[235.15, 26]",202.35,78,50.69,-0.33
07:42:31,"[177.0, 10]","[175.0, 10]","[225.05, 19]","[308.14, 14]",201.03,53,48.05,-0.25
07:42:32,"[171.28, 65]","[169.5, 36]","[223.94, 36]","[298.0, 18]",197.61,155,52.67,0.3
07:42:33,"[171.0, 33]","[168.23, 31]","[222.92, 49]","[223.5, 40]",196.96,153,51.92,-0.16
07:42:34,"[171.0, 36]","[169.83, 59]","[219.0, 36]","[220.33, 36]",195.0,167,48.0,0.14
07:42:35,"[171.0, 25]","[169.67, 42]","[214.15, 39]","[215.07, 43]",192.58,149,43.15,-0.1
07:42:36,"[171.0, 32]","[169.0, 22]","[210.95, 42]","[212.17, 24]",190.98,120,39.95,-0.1
07:42:37,"[171.4, 25]","[169.89, 18]","[207.48, 29]","[208.82, 22]",189.44,94,36.08,-0.09
07:42:38,"[173.63, 19]","[171.75, 32]","[206.15, 39]","[207.17, 24]",189.89,114,32.52,-0.11
07:42:39,"[172.42, 19]","[171.44, 36]","[202.92, 65]","[204.0, 40]",187.67,160,30.5,-0.31
07:42:40,"[170.54, 13]","[168.43, 14]","[199.91, 35]","[201.0, 43]",185.23,105,29.38,-0.49
07:42:41,"[167.98, 98]","[166.86, 14]","[196.32, 47]","[197.4, 55]",182.15,214,28.34,0.05
07:42:42,"[168.0, 72]","[167.0, 11]","[192.68, 47]","[193.57, 28]",180.34,158,24.68,0.05
07:42:43,"[168.09, 33]","[167.0, 11]","[190.67, 45]","[191.47, 49]",179.38,138,22.58,-0.36
07:42:44,"[169.0, 45]","[167.0, 15]","[187.27, 56]","[188.97, 67]",178.13,183,18.27,-0.34
07:42:45,"[171.42, 33]","[168.25, 24]","[184.79, 56]","[187.0, 70]",178.1,183,13.36,-0.38
07:42:46,"[99.08, 50]","[99.75, 20]","[180.67, 57]","[182.24, 51]",139.87,178,81.59,-0.21
07:42:47,"[86.47, 55]","[80.86, 65]","[176.33, 54]","[177.58, 72]",131.4,246,89.86,-0.02
07:42:48,"[105.41, 76]","[93.5, 108]","[168.75, 69]","[173.62, 63]",137.08,316,63.35,0.16
07:42:49,"[103.23, 39]","[97.0, 43]","[160.5, 40]","[162.75, 53]",131.87,175,57.27,-0.06
07:42:50,"[110.83, 23]","[105.62, 13]","[159.0, 18]","[161.0, 51]",134.91,105,48.17,-0.31
07:42:51,"[141.55, 29]","[118.32, 31]","[160.77, 69]","[161.67, 95]",151.16,224,19.22,-0.46
07:42:52,"[144.9, 20]","[141.8, 10]","[199.37, 43]","[199.0, 17]",172.14,90,54.47,-0.33
07:42:53,"[143.83, 18]","[0, 0]","[224.58, 26]","[309.94, 18]",184.21,62,80.74,-0.42
07:42:54,"[145.18, 11]","[145.0, 3]","[164.0, 4]","[248.83, 12]",154.59,30,18.82,-0.07
07:42:55,"[146.0, 16]","[145.0, 24]","[163.58, 12]","[330.42, 12]",154.79,64,17.58,0.25
07:42:56,"[147.57, 28]","[145.0, 42]","[162.91, 46]","[163.33, 30]",155.24,146,15.34,-0.04
07:42:57,"[162.0, 8]","[150.43, 14]","[279.71, 14]","[295.83, 24]",220.86,60,117.71,-0.27
07:42:58,"[176.04, 24]","[175.0, 10]","[330.2, 30]","[362.47, 30]",253.12,94,154.16,-0.28
07:42:59,"[177.0, 3]","[175.0, 3]","[385.91, 11]","[674.62, 13]",281.45,30,208.91,-0.6
07:43:00,"[178.33, 9]","[175.11, 9]","[260.27, 11]","[326.17, 29]",219.3,58,81.94,-0.38
07:43:01,"[179.0, 4]","[176.0, 4]","[305.46, 13]","[487.25, 16]",242.23,37,126.46,-0.57
07:43:02,"[177.29, 7]","[175.43, 7]","[371.75, 24]","[625.71, 21]",274.52,59,194.46,-0.53
07:43:03,"[176.83, 18]","[175.62, 8]","[190.75, 24]","[438.0, 24]",183.79,74,13.92,-0.3
07:43:04,"[177.0, 15]","[176.0, 10]","[277.4, 15]","[462.8, 15]",227.2,55,100.4,-0.09
07:43:05,"[177.0, 21]","[176.0, 14]","[402.57, 14]","[434.0, 21]",289.79,70,225.57,0.0
07:43:06,"[177.85, 13]","[172.9, 21]","[304.23, 13]","[423.5, 12]",241.04,59,126.38,0.15
07:43:07,"[171.29, 69]","[170.82, 57]","[259.42, 19]","[500.92, 26]",215.36,171,88.13,0.47
07:43:08,"[171.94, 82]","[170.86, 36]","[256.92, 24]","[325.58, 36]",214.43,178,84.98,0.33
07:43:09,"[174.33, 27]","[170.97, 61]","[256.0, 12]","[448.5, 18]",215.17,118,81.67,0.49
07:43:10,"[177.0, 24]","[171.0, 96]","[254.58, 19]","[256.52, 33]",215.79,172,77.58,0.4
07:43:11,"[177.0, 18]","[171.0, 72]","[251.11, 28]","[252.12, 17]",214.05,135,74.11,0.33
07:43:12,"[172.43, 101]","[170.47, 131]","[249.19, 47]","[249.92, 48]",210.81,327,76.77,0.42
07:43:13,"[171.0, 132]","[169.0, 60]","[209.71, 45]","[216.48, 44]",190.36,281,38.71,0.37
07:43:14,"[171.0, 170]","[169.0, 105]","[177.61, 79]","[178.51, 86]",174.3,440,6.61,0.25
07:43:15,"[169.92, 65]","[168.26, 114]","[172.0, 44]","[173.5, 52]",170.96,275,2.08,0.3
07:43:16,"[169.0, 27]","[168.0, 156]","[170.57, 42]","[265.36, 39]",169.79,264,1.57,0.39
07:43:17,"[169.0, 9]","[168.0, 108]","[170.0, 25]","[335.86, 28]",169.5,170,1.0,0.38
07:43:18,"[169.0, 5]","[168.0, 60]","[294.36, 11]","[324.76, 17]",231.68,93,125.36,0.4
07:43:19,"[169.0, 5]","[168.0, 60]","[233.0, 20]","[355.0, 15]",201.0,100,64.0,0.3
07:43:20,"[169.0, 10]","[168.0, 120]","[292.81, 32]","[476.21, 28]",230.91,190,123.81,0.37
07:43:21,"[171.14, 43]","[154.91, 88]","[349.4, 30]","[518.3, 27]",260.27,188,178.26,0.39
07:43:22,"[175.7, 119]","[169.98, 53]","[378.74, 35]","[514.5, 32]",277.22,239,203.05,0.44
07:43:23,"[176.0, 98]","[173.0, 48]","[435.12, 34]","[641.72, 50]",305.56,230,259.12,0.27
07:43:24,"[176.0, 29]","[173.0, 28]","[421.86, 14]","[746.0, 28]",298.93,99,245.86,0.15
07:43:25,"[176.0, 10]","[173.0, 20]","[283.0, 10]","[710.4, 20]",229.5,60,107.0,0.0
07:43:26,"[175.4, 10]","[172.0, 20]","[386.62, 13]","[535.16, 19]",281.01,62,211.22,-0.03
07:43:27,"[173.0, 14]","[168.0, 28]","[371.0, 18]","[516.84, 19]",272.0,79,198.0,0.06
07:43:28,"[173.0, 14]","[168.0, 28]","[244.0, 21]","[455.56, 18]",208.5,81,71.0,0.04
07:43:29,"[175.93, 86]","[168.61, 59]","[344.25, 64]","[513.68, 57]",260.09,266,168.32,0.09
07:43:30,"[177.0, 44]","[175.5, 10]","[514.98, 41]","[579.19, 36]",345.99,131,337.98,-0.18
07:43:31,"[177.0, 16]","[176.0, 7]","[254.48, 33]","[448.83, 30]",215.74,86,77.48,-0.47
07:43:32,"[177.0, 5]","[176.0, 5]","[544.19, 21]","[736.0, 24]",360.6,55,367.19,-0.64
07:43:33,"[177.0, 8]","[176.0, 14]","[720.88, 32]","[771.0, 40]",448.94,94,543.88,-0.53
07:43:34,"[177.0, 8]","[176.0, 16]","[550.25, 32]","[785.38, 40]",363.62,96,373.25,-0.5
07:43:35,"[177.0, 6]","[176.0, 12]","[529.0, 24]","[769.33, 30]",353.0,72,352.0,-0.5
07:43:36,"[176.75, 8]","[175.29, 14]","[508.71, 28]","[630.0, 35]",342.73,85,331.96,-0.48
07:43:37,"[173.14, 14]","[169.26, 46]","[618.56, 27]","[673.91, 11]",395.85,98,445.41,0.22
07:43:38,"[171.43, 21]","[169.36, 61]","[266.44, 32]","[676.12, 16]",218.93,130,95.01,0.26
07:43:39,"[172.3, 10]","[171.0, 34]","[554.83, 30]","[688.0, 30]",363.57,104,382.53,-0.15
07:43:40,"[173.29, 7]","[171.0, 7]","[521.37, 19]","[608.87, 23]",347.33,56,348.08,-0.5
07:43:41,"[174.6, 10]","[171.31, 26]","[211.32, 34]","[637.76, 21]",192.96,91,36.72,-0.21
07:43:42,"[173.12, 17]","[169.08, 52]","[512.0, 14]","[513.0, 7]",342.56,90,338.88,0.53
07:43:43,"[169.67, 36]","[168.91, 132]","[255.88, 43]","[305.13, 39]",212.78,250,86.22,0.34
07:43:44,"[176.77, 26]","[172.18, 44]","[180.7, 40]","[181.45, 47]",178.73,157,3.93,-0.11
07:43:45,"[171.12, 43]","[168.65, 68]","[177.62, 26]","[179.0, 52]",174.37,189,6.5,0.17
07:43:46,"[170.14, 28]","[168.3, 46]","[175.79, 28]","[178.25, 32]",172.96,134,5.64,0.1
07:43:47,"[170.0, 12]","[169.0, 50]","[173.67, 33]","[174.52, 31]",171.83,126,3.67,-0.02
07:43:48,"[169.07, 27]","[167.67, 30]","[171.0, 14]","[172.71, 21]",170.04,92,1.93,0.24
07:43:49,"[169.0, 18]","[167.0, 24]","[170.0, 12]","[171.0, 12]",169.5,66,1.0,0.27
07:43:50,"[167.0, 21]","[124.0, 63]","[169.43, 14]","[223.83, 12]",168.21,110,2.43,0.53
07:43:51,"[162.2, 45]","[136.03, 64]","[168.56, 18]","[184.76, 17]",165.38,144,6.36,0.51
07:43:52,"[159.0, 54]","[9.83, 36]","[168.83, 12]","[315.33, 6]",163.92,108,9.83,0.67
07:43:53,"[156.33, 81]","[69.56, 54]","[165.0, 18]","[233.29, 14]",160.67,167,8.67,0.62
07:43:54,"[155.33, 27]","[84.0, 18]","[162.0, 6]","[163.0, 6]",158.67,57,6.67,0.58
07:43:55,"[126.67, 27]","[84.0, 6]","[478.64, 11]","[443.6, 5]",302.65,49,351.97,0.35
07:43:56,"[173.0, 36]","[126.0, 36]","[490.88, 8]","[566.0, 10]",331.94,90,317.88,0.6
07:43:57,"[173.0, 70]","[126.0, 60]","[185.68, 19]","[218.6, 10]",179.34,159,12.68,0.64
07:43:58,"[173.0, 51]","[130.6, 40]","[184.0, 20]","[225.8, 10]",178.5,121,11.0,0.5
07:43:59,"[176.37, 19]","[172.92, 13]","[184.0, 10]","[242.0, 5]",180.18,47,7.63,0.36
07:44:00,"[177.0, 20]","[173.0, 33]","[183.64, 22]","[242.0, 11]",180.32,86,6.64,0.23
07:44:01,"[177.0, 9]","[173.0, 27]","[182.0, 18]","[334.44, 9]",179.5,63,5.0,0.14
07:44:02,"[177.0, 8]","[173.0, 24]","[181.75, 16]","[346.0, 8]",179.38,56,4.75,0.14
07:44:03,"[175.33, 12]","[172.5, 32]","[181.0, 20]","[346.0, 10]",178.17,74,5.67,0.19
07:44:04,"[173.09, 22]","[171.27, 44]","[180.12, 25]","[340.16, 37]",176.61,128,7.03,0.03
07:44:05,"[172.26, 34]","[171.1, 49]","[175.77, 35]","[176.84, 32]",174.02,150,3.51,0.11
07:44:06,"[171.0, 33]","[170.0, 11]","[173.55, 11]","[176.0, 33]",172.27,88,2.55,0.0
07:44:07,"[170.56, 16]","[169.08, 61]","[174.82, 34]","[454.14, 14]",172.69,125,4.26,0.23
07:44:08,"[170.0, 8]","[169.0, 64]","[172.75, 24]","[521.14, 21]",171.38,117,2.75,0.23
07:44:09,"[170.68, 31]","[169.24, 84]","[383.04, 50]","[569.19, 54]",276.86,219,212.36,0.05
07:44:10,"[170.0, 7]","[169.0, 56]","[310.55, 22]","[342.35, 23]",240.27,108,140.55,0.17
07:44:11,"[174.0, 16]","[170.0, 8]","[323.89, 28]","[340.86, 28]",248.95,80,149.89,-0.4
07:44:12,"[174.47, 19]","[170.0, 35]","[316.3, 40]","[494.44, 39]",245.39,133,141.83,-0.19
07:44:13,"[177.0, 6]","[174.0, 12]","[249.64, 22]","[358.3, 23]",213.32,63,72.64,-0.43
07:44:14,"[169.0, 36]","[168.0, 54]","[182.42, 19]","[207.33, 24]",175.71,133,13.42,0.35
07:44:15,"[169.0, 42]","[168.0, 63]","[183.43, 28]","[274.65, 23]",176.21,156,14.43,0.35
07:44:16,"[169.0, 30]","[168.0, 57]","[182.2, 20]","[364.6, 15]",175.6,122,13.2,0.43
07:44:17,"[173.82, 67]","[168.55, 62]","[178.86, 63]","[180.17, 72]",176.34,264,5.04,-0.02
07:44:18,"[174.9, 49]","[168.94, 32]","[178.0, 44]","[337.27, 55]",176.45,180,3.1,-0.1
07:44:19,"[169.52, 31]","[168.57, 35]","[177.92, 26]","[400.64, 28]",173.72,120,8.41,0.1
07:44:20,"[169.0, 30]","[168.0, 30]","[175.75, 16]","[176.6, 20]",172.38,96,6.75,0.25
07:44:21,"[169.05, 63]","[168.2, 75]","[172.79, 38]","[194.78, 54]",170.92,230,3.74,0.2
07:44:22,"[169.0, 43]","[168.0, 65]","[255.22, 54]","[306.65, 46]",212.11,208,86.22,0.04
07:44:23,"[173.0, 50]","[169.73, 66]","[296.25, 40]","[440.58, 38]",234.62,194,123.25,0.2
07:44:24,"[173.0, 32]","[170.0, 120]","[314.1, 30]","[408.65, 34]",243.55,216,141.1,0.41
07:44:25,"[173.17, 35]","[171.46, 127]","[302.5, 32]","[451.34, 35]",237.84,229,129.33,0.41
07:44:26,"[174.5, 24]","[172.21, 84]","[275.34, 38]","[485.47, 55]",224.92,201,100.84,0.07
07:44:27,"[174.0, 12]","[173.0, 24]","[262.54, 26]","[431.09, 32]",218.27,94,88.54,-0.23
07:44:28,"[174.0, 11]","[173.0, 22]","[212.13, 23]","[256.57, 21]",193.07,77,38.13,-0.14
07:44:29,"[173.45, 11]","[172.23, 43]","[211.0, 24]","[213.0, 8]",192.23,86,37.55,0.26
07:44:30,"[173.0, 24]","[172.0, 132]","[209.5, 30]","[210.61, 18]",191.25,204,36.5,0.53
07:44:31,"[173.0, 24]","[172.0, 132]","[206.45, 33]","[206.85, 27]",189.73,216,33.45,0.44
07:44:32,"[173.0, 11]","[172.0, 110]","[201.21, 38]","[202.38, 32]",187.11,191,28.21,0.27
07:44:33,"[172.06, 52]","[171.61, 54]","[195.7, 37]","[197.29, 35]",183.88,178,23.65,0.19
07:44:34,"[172.0, 102]","[171.0, 54]","[182.34, 76]","[189.98, 59]",177.17,291,10.34,0.07
07:44:35,"[171.85, 39]","[170.56, 59]","[174.92, 24]","[176.25, 20]",173.38,142,3.07,0.38
07:44:36,"[170.09, 53]","[169.86, 59]","[172.0, 8]","[233.2, 30]",171.05,150,1.91,0.49
07:44:37,"[173.37, 83]","[169.88, 64]","[209.87, 45]","[229.53, 15]",191.62,207,36.49,0.42
07:44:38,"[177.0, 56]","[170.61, 18]","[203.65, 34]","[263.3, 20]",190.32,128,26.65,0.16
07:44:39,"[177.0, 27]","[171.0, 14]","[382.61, 23]","[481.31, 16]",279.8,80,205.61,0.03
07:44:40,"[177.93, 29]","[175.67, 18]","[327.5, 12]","[395.24, 17]",252.72,76,149.57,0.24
07:44:41,"[179.0, 45]","[177.0, 30]","[395.45, 22]","[399.4, 25]",287.23,122,216.45,0.23
07:44:42,"[171.5, 36]","[172.2, 20]","[304.71, 28]","[395.86, 14]",238.11,98,133.21,0.14
07:44:43,"[172.67, 27]","[169.92, 26]","[382.39, 18]","[393.63, 19]",277.53,90,209.72,0.18
07:44:44,"[173.0, 25]","[170.0, 27]","[199.2, 15]","[296.0, 12]",186.1,79,26.2,0.32
07:44:45,"[173.52, 29]","[170.65, 46]","[198.43, 42]","[199.36, 25]",185.97,142,24.91,0.06
07:44:46,"[174.71, 14]","[172.43, 37]","[198.0, 33]","[199.0, 22]",186.36,106,23.29,-0.04
07:44:47,"[173.8, 20]","[172.07, 60]","[196.79, 28]","[197.92, 25]",185.29,133,22.99,0.2
07:44:48,"[177.0, 25]","[173.0, 28]","[194.63, 46]","[196.39, 51]",185.82,150,17.63,-0.29
07:44:49,"[177.0, 12]","[173.19, 48]","[192.75, 24]","[194.71, 42]",184.88,126,15.75,-0.05
07:44:50,"[177.0, 16]","[176.0, 16]","[189.2, 61]","[189.89, 37]",183.1,130,12.2,-0.51
07:44:51,"[177.1, 10]","[176.1, 10]","[188.0, 40]","[189.0, 30]",182.55,90,10.9,-0.56
07:44:52,"[178.81, 16]","[177.0, 16]","[187.75, 61]","[188.76, 51]",183.28,144,8.94,-0.56
07:44:53,"[179.0, 10]","[177.0, 10]","[186.0, 30]","[188.0, 40]",182.5,90,7.0,-0.56
07:44:54,"[176.33, 9]","[172.56, 45]","[184.97, 33]","[185.86, 28]",180.65,115,8.64,-0.06
07:44:55,"[172.14, 28]","[171.67, 54]","[183.43, 14]","[184.92, 26]",177.79,122,11.29,0.34
07:44:56,"[172.0, 72]","[171.0, 48]","[181.97, 38]","[183.05, 42]",176.99,200,9.97,0.2
07:44:57,"[172.8, 60]","[171.75, 48]","[177.29, 45]","[178.71, 48]",175.04,201,4.49,0.07
07:44:58,"[172.93, 42]","[171.89, 37]","[174.49, 43]","[187.31, 39]",173.71,161,1.56,-0.02
07:44:59,"[172.0, 39]","[171.0, 52]","[173.63, 19]","[211.5, 36]",172.82,146,1.63,0.25
07:45:00,"[172.0, 36]","[171.0, 48]","[173.5, 12]","[193.38, 48]",172.75,144,1.5,0.17
07:45:01,"[172.0, 18]","[171.0, 40]","[173.2, 10]","[369.21, 48]",172.6,116,1.2,0.0
07:45:02,"[171.01, 69]","[169.29, 28]","[454.27, 22]","[601.55, 40]",312.64,159,283.26,0.22
07:45:03,"[171.0, 100]","[169.0, 30]","[372.33, 36]","[424.43, 28]",271.67,194,201.33,0.34
07:45:04,"[171.26, 23]","[170.67, 36]","[423.6, 20]","[425.0, 10]",297.43,89,252.34,0.33
07:45:05,"[171.86, 21]","[170.74, 91]","[300.43, 46]","[371.69, 35]",236.15,193,128.58,0.16
07:45:06,"[171.0, 21]","[169.0, 21]","[225.52, 29]","[376.5, 22]",198.26,93,54.52,-0.1
07:45:07,"[171.0, 12]","[169.0, 18]","[178.96, 25]","[197.2, 25]",174.98,80,7.96,-0.25
07:45:08,"[170.25, 16]","[149.44, 36]","[176.24, 29]","[177.11, 27]",173.25,108,5.99,-0.04
07:45:09,"[168.0, 26]","[126.46, 79]","[173.93, 40]","[175.16, 51]",170.96,196,5.93,0.07
07:45:10,"[168.0, 24]","[138.0, 84]","[170.58, 36]","[174.0, 48]",169.29,192,2.58,0.12
07:45:11,"[111.21, 34]","[54.39, 75]","[168.45, 33]","[171.48, 44]",139.83,186,57.25,0.17
07:45:12,"[120.0, 48]","[47.58, 66]","[164.7, 23]","[166.1, 30]",142.35,167,44.7,0.37
07:45:13,"[130.0, 44]","[101.48, 61]","[213.57, 35]","[241.68, 37]",171.79,177,83.57,0.19
07:45:14,"[113.08, 26]","[79.41, 34]","[216.62, 24]","[274.89, 18]",164.85,102,103.55,0.18
07:45:15,"[136.73, 52]","[112.3, 50]","[161.0, 33]","[228.0, 22]",148.87,157,24.27,0.3
07:45:16,"[123.97, 29]","[117.98, 45]","[278.2, 25]","[431.87, 30]",201.08,129,154.23,0.15
07:45:17,"[128.71, 14]","[126.26, 27]","[228.6, 20]","[263.1, 29]",178.66,90,99.89,-0.09
07:45:18,"[137.2, 15]","[129.33, 18]","[197.0, 24]","[218.79, 47]",167.1,104,59.8,-0.37
07:45:19,"[162.94, 36]","[132.12, 16]","[200.79, 38]","[343.17, 30]",181.87,120,37.85,-0.13
07:45:20,"[169.86, 58]","[162.11, 64]","[238.82, 55]","[357.09, 55]",204.34,232,68.96,0.05
07:45:21,"[171.14, 29]","[169.54, 13]","[214.6, 48]","[402.09, 64]",192.87,154,43.47,-0.45
07:45:22,"[174.18, 11]","[171.7, 43]","[260.71, 34]","[334.58, 33]",217.44,121,86.52,-0.11
07:45:23,"[172.98, 49]","[171.99, 100]","[199.8, 20]","[201.0, 20]",186.39,189,26.82,0.58
07:45:24,"[173.05, 73]","[172.05, 126]","[196.93, 28]","[225.79, 28]",184.99,255,23.87,0.56
07:45:25,"[174.1, 20]","[173.0, 30]","[194.4, 20]","[195.8, 20]",184.25,90,20.3,0.11
07:45:26,"[176.5, 28]","[173.0, 82]","[192.79, 28]","[195.0, 28]",184.64,166,16.29,0.33
07:45:27,"[179.0, 16]","[173.0, 64]","[191.12, 16]","[193.5, 16]",185.06,112,12.12,0.43
07:45:28,"[174.68, 50]","[172.65, 86]","[186.23, 26]","[188.38, 26]",180.46,188,11.55,0.45
07:45:29,"[174.6, 60]","[172.51, 61]","[180.42, 24]","[182.17, 24]",177.51,169,5.82,0.43
07:45:30,"[175.29, 21]","[172.03, 93]","[176.0, 22]","[177.78, 18]",175.64,154,0.71,0.48
07:45:31,"[172.01, 91]","[171.53, 19]","[175.0, 18]","[176.55, 11]",173.51,139,2.99,0.58
07:45:32,"[172.0, 111]","[171.0, 13]","[173.67, 15]","[177.75, 24]",172.83,163,1.67,0.52
07:45:33,"[172.6, 40]","[171.63, 19]","[178.4, 20]","[263.07, 41]",175.5,120,5.8,-0.02
07:45:34,"[173.5, 16]","[170.78, 36]","[178.1, 20]","[227.1, 42]",175.8,114,4.6,-0.09
07:45:35,"[176.0, 9]","[171.0, 36]","[177.44, 18]","[295.33, 36]",176.72,99,1.44,-0.09
07:45:36,"[172.25, 32]","[170.45, 44]","[259.93, 28]","[401.86, 58]",216.09,162,87.68,-0.06
07:45:37,"[170.71, 14]","[166.71, 21]","[225.83, 18]","[372.91, 44]",198.27,97,55.12,-0.28
07:45:38,"[170.39, 54]","[146.36, 56]","[174.12, 17]","[177.0, 34]",172.25,161,3.73,0.37
07:45:39,"[171.19, 70]","[170.66, 53]","[247.59, 32]","[298.81, 72]",209.39,227,76.41,0.08
07:45:40,"[171.0, 32]","[170.0, 22]","[448.82, 44]","[570.55, 44]",309.91,142,277.82,-0.24
07:45:41,"[168.7, 23]","[158.39, 28]","[411.0, 40]","[512.0, 40]",289.85,131,242.3,-0.22
07:45:42,"[168.0, 84]","[112.12, 24]","[427.21, 56]","[561.74, 53]",297.61,217,259.21,-0.0
07:45:43,"[168.0, 70]","[131.29, 34]","[336.66, 32]","[389.0, 50]",252.33,186,168.66,0.12
07:45:44,"[168.26, 34]","[162.32, 38]","[313.12, 24]","[327.19, 32]",240.69,128,144.86,0.12
07:45:45,"[170.31, 13]","[157.67, 24]","[277.14, 14]","[346.42, 19]",223.73,70,106.84,0.06
07:45:46,"[176.0, 57]","[154.4, 20]","[270.74, 34]","[314.11, 19]",223.37,130,94.74,0.18
07:45:47,"[176.0, 52]","[157.85, 13]","[238.97, 31]","[253.94, 33]",207.48,129,62.97,0.01
07:45:48,"[176.0, 54]","[172.0, 11]","[189.09, 23]","[200.5, 32]",182.54,120,13.09,0.08
07:45:49,"[176.0, 26]","[172.0, 7]","[185.0, 7]","[298.0, 14]",180.5,54,9.0,0.22
07:45:50,"[175.71, 34]","[173.09, 22]","[184.14, 35]","[234.13, 23]",179.92,114,8.44,-0.02
07:45:51,"[122.88, 42]","[89.04, 25]","[182.92, 13]","[184.0, 26]",152.9,106,60.04,0.26
07:45:52,"[102.17, 46]","[40.58, 33]","[172.0, 13]","[174.28, 25]",137.09,117,69.83,0.35
07:45:53,"[131.72, 80]","[126.4, 50]","[162.19, 21]","[167.83, 35]",146.96,186,30.47,0.4
07:45:54,"[133.0, 49]","[132.0, 42]","[164.0, 21]","[198.0, 35]",148.5,147,31.0,0.24
07:45:55,"[133.08, 72]","[132.19, 74]","[164.0, 36]","[199.0, 60]",148.54,242,30.92,0.21
07:45:56,"[136.81, 85]","[132.43, 81]","[164.0, 39]","[198.48, 61]",150.41,266,27.19,0.25
07:45:57,"[142.73, 33]","[133.08, 39]","[164.0, 18]","[305.67, 6]",153.36,96,21.27,0.5
07:45:58,"[163.81, 85]","[160.22, 51]","[238.21, 29]","[473.6, 35]",201.01,200,74.4,0.36
07:45:59,"[170.7, 70]","[169.0, 26]","[267.97, 35]","[291.25, 16]",219.34,147,97.27,0.31
07:46:00,"[171.0, 117]","[169.0, 27]","[234.0, 19]","[263.3, 20]",202.5,183,63.0,0.57
07:46:01,"[171.06, 109]","[170.56, 108]","[221.71, 35]","[231.65, 40]",196.39,292,50.65,0.49
07:46:02,"[172.0, 11]","[171.0, 132]","[217.11, 36]","[218.38, 26]",194.56,205,45.11,0.4
07:46:03,"[171.14, 78]","[170.6, 90]","[212.86, 43]","[214.02, 41]",192.0,252,41.72,0.33
07:46:04,"[171.76, 55]","[170.75, 96]","[210.48, 31]","[212.02, 43]",191.12,225,38.72,0.34
07:46:05,"[177.0, 8]","[171.0, 91]","[208.0, 24]","[209.0, 16]",192.5,139,31.0,0.42
07:46:06,"[175.4, 20]","[171.94, 128]","[204.54, 37]","[205.37, 38]",189.97,223,29.14,0.33
07:46:07,"[173.0, 22]","[171.0, 187]","[199.69, 32]","[200.59, 34]",186.34,275,26.69,0.52
07:46:08,"[171.79, 56]","[170.94, 193]","[196.97, 33]","[198.3, 33]",184.38,315,25.18,0.58
07:46:09,"[172.4, 103]","[172.5, 50]","[193.62, 32]","[194.42, 48]",183.01,233,21.23,0.31
07:46:10,"[176.58, 36]","[172.15, 91]","[188.63, 30]","[190.11, 36]",182.61,193,12.05,0.32
07:46:11,"[171.15, 106]","[170.45, 77]","[185.64, 28]","[186.67, 45]",178.4,256,14.49,0.43
07:46:12,"[173.0, 24]","[171.0, 168]","[181.95, 41]","[183.36, 36]",177.48,269,8.95,0.43
07:46:13,"[171.15, 106]","[170.22, 92]","[179.61, 62]","[180.66, 29]",175.38,289,8.46,0.37
07:46:14,"[172.24, 21]","[170.93, 107]","[175.36, 44]","[176.49, 55]",173.8,227,3.13,0.13
07:46:15,"[171.0, 54]","[169.0, 28]","[172.62, 16]","[176.68, 19]",171.81,117,1.62,0.4
07:46:16,"[169.12, 34]","[168.14, 28]","[171.33, 27]","[204.24, 17]",170.23,106,2.22,0.17
07:46:17,"[169.0, 40]","[168.0, 30]","[170.1, 30]","[291.33, 12]",169.55,112,1.1,0.25
07:46:18,"[169.0, 13]","[165.65, 20]","[231.36, 11]","[489.26, 27]",200.18,71,62.36,-0.07
07:46:19,"[164.55, 11]","[141.79, 38]","[250.0, 22]","[483.34, 35]",207.27,106,85.45,-0.08
07:46:20,"[137.26, 19]","[125.03, 31]","[248.5, 20]","[259.88, 17]",192.88,87,111.24,0.15
07:46:21,"[135.0, 36]","[104.0, 36]","[180.67, 12]","[231.88, 16]",157.83,100,45.67,0.44
07:46:22,"[83.89, 36]","[55.06, 36]","[177.0, 20]","[195.6, 10]",130.44,102,93.11,0.41
07:46:23,"[161.96, 23]","[99.2, 35]","[214.97, 34]","[275.27, 22]",188.46,114,53.01,0.02
07:46:24,"[178.5, 18]","[176.0, 6]","[213.0, 18]","[540.22, 18]",195.75,60,34.5,-0.2
07:46:25,"[123.08, 24]","[101.85, 26]","[212.0, 18]","[570.0, 24]",167.54,92,88.92,0.09
07:46:26,"[96.0, 80]","[95.0, 48]","[167.83, 30]","[252.44, 25]",131.92,183,71.83,0.4
07:46:27,"[98.8, 55]","[98.15, 54]","[162.0, 85]","[163.0, 30]",130.4,224,63.2,-0.03
07:46:28,"[115.9, 58]","[97.14, 56]","[161.21, 84]","[162.08, 74]",138.56,272,45.32,-0.16
07:46:29,"[152.88, 32]","[150.23, 52]","[160.93, 27]","[161.76, 33]",156.9,144,8.05,0.17
07:46:30,"[154.3, 40]","[133.18, 44]","[160.97, 37]","[161.92, 49]",157.64,170,6.67,-0.01
07:46:31,"[155.25, 16]","[125.2, 10]","[161.0, 16]","[162.0, 20]",158.12,62,5.75,-0.16
07:46:32,"[157.64, 44]","[89.17, 24]","[161.0, 44]","[162.0, 55]",159.32,167,3.36,-0.19
07:46:33,"[159.91, 44]","[120.07, 45]","[161.0, 44]","[162.0, 55]",160.45,188,1.09,-0.05
07:46:34,"[160.0, 20]","[74.35, 43]","[161.18, 17]","[162.05, 21]",160.59,101,1.18,0.25
07:46:35,"[129.33, 48]","[88.22, 58]","[160.83, 24]","[162.0, 24]",145.08,154,31.5,0.38
07:46:36,"[133.02, 53]","[93.03, 31]","[161.71, 17]","[162.75, 8]",147.36,109,28.69,0.54
07:46:37,"[132.35, 75]","[72.11, 28]","[161.0, 45]","[162.0, 18]",146.67,166,28.65,0.24
07:46:38,"[126.67, 81]","[68.95, 43]","[164.05, 19]","[163.78, 18]",145.36,161,37.39,0.54
07:46:39,"[152.0, 14]","[82.29, 63]","[163.0, 35]","[167.0, 38]",157.5,150,11.0,0.03
07:46:40,"[156.86, 74]","[124.64, 25]","[164.33, 45]","[167.08, 39]",160.6,183,7.47,0.08
07:46:41,"[156.13, 39]","[131.3, 60]","[167.0, 35]","[168.0, 9]",161.56,143,10.87,0.38
07:46:42,"[95.74, 54]","[69.54, 85]","[189.38, 34]","[183.62, 13]",142.56,186,93.64,0.49
07:46:43,"[136.6, 82]","[109.71, 59]","[163.04, 47]","[254.8, 25]",149.82,213,26.44,0.32
07:46:44,"[146.0, 110]","[135.4, 50]","[161.0, 40]","[397.97, 31]",153.5,231,15.0,0.39
07:46:45,"[147.0, 121]","[146.0, 115]","[179.09, 44]","[371.82, 44]",163.05,324,32.09,0.46
07:46:46,"[147.45, 121]","[119.45, 99]","[216.73, 44]","[395.73, 44]",182.09,308,69.27,0.43
07:46:47,"[148.8, 113]","[139.72, 57]","[296.97, 61]","[388.29, 28]",222.88,259,148.17,0.31
07:46:48,"[170.81, 83]","[164.95, 116]","[359.75, 64]","[421.65, 37]",265.28,300,188.94,0.33
07:46:49,"[175.23, 78]","[171.79, 61]","[188.0, 44]","[384.91, 44]",181.62,227,12.77,0.22
07:46:50,"[176.0, 42]","[173.0, 35]","[350.0, 28]","[397.43, 28]",263.0,133,174.0,0.16
07:46:51,"[176.0, 30]","[173.0, 54]","[275.33, 36]","[382.67, 36]",225.67,156,99.33,0.08
07:46:52,"[176.0, 24]","[173.0, 48]","[237.19, 26]","[270.0, 26]",206.6,124,61.19,0.16
07:46:53,"[176.0, 24]","[173.0, 48]","[236.0, 24]","[265.38, 32]",206.0,128,60.0,0.12
07:46:54,"[176.23, 26]","[173.9, 60]","[234.54, 39]","[495.04, 46]",205.38,171,58.31,0.01
07:46:55,"[176.0, 18]","[173.0, 54]","[232.44, 27]","[559.0, 9]",204.22,108,56.44,0.33
07:46:56,"[176.0, 30]","[173.0, 90]","[228.53, 45]","[232.67, 43]",202.27,208,52.53,0.15
07:46:57,"[176.0, 24]","[173.0, 72]","[220.42, 36]","[227.92, 36]",198.21,168,44.42,0.14
07:46:58,"[174.29, 42]","[172.53, 64]","[224.38, 39]","[225.77, 39]",199.34,184,50.1,0.15
07:46:59,"[176.0, 30]","[173.0, 40]","[221.4, 30]","[223.0, 30]",198.7,130,45.4,0.08
07:47:00,"[176.0, 40]","[173.0, 60]","[220.27, 45]","[222.31, 49]",198.13,194,44.27,0.03
07:47:01,"[176.0, 14]","[173.0, 28]","[217.14, 29]","[218.86, 21]",196.57,92,41.14,-0.09
07:47:02,"[175.4, 30]","[172.83, 58]","[214.68, 50]","[215.75, 48]",195.04,186,39.28,-0.05
07:47:03,"[176.83, 92]","[173.27, 49]","[209.75, 51]","[211.12, 49]",193.29,241,32.92,0.17
07:47:04,"[178.35, 206]","[177.0, 77]","[206.77, 39]","[209.23, 39]",192.56,361,28.42,0.57
07:47:05,"[179.0, 288]","[177.0, 112]","[195.26, 66]","[203.29, 65]",187.13,531,16.26,0.51
07:47:06,"[179.0, 216]","[177.0, 120]","[184.0, 42]","[185.67, 48]",181.5,426,5.0,0.58
07:47:07,"[177.55, 130]","[175.08, 50]","[179.12, 40]","[179.93, 42]",178.34,262,1.57,0.37
07:47:08,"[177.76, 46]","[175.94, 34]","[179.67, 36]","[183.86, 28]",178.71,144,1.91,0.11
07:47:09,"[178.44, 43]","[176.31, 35]","[181.26, 57]","[206.13, 31]",179.85,166,2.82,-0.06
07:47:10,"[172.42, 57]","[171.2, 122]","[185.46, 39]","[504.24, 34]",178.94,252,13.04,0.42
07:47:11,"[173.0, 48]","[172.0, 48]","[182.25, 24]","[196.56, 32]",177.62,152,9.25,0.26
07:47:12,"[173.0, 28]","[171.2, 88]","[181.6, 10]","[237.36, 11]",177.3,137,8.6,0.69
07:47:13,"[173.36, 50]","[172.1, 123]","[180.27, 15]","[181.93, 27]",176.81,215,6.91,0.61
07:47:14,"[176.0, 16]","[173.0, 56]","[179.0, 28]","[180.0, 14]",177.5,114,3.0,0.26
07:47:15,"[176.0, 11]","[173.0, 44]","[179.0, 22]","[180.0, 11]",177.5,88,3.0,0.25
07:47:16,"[175.25, 48]","[172.57, 63]","[178.8, 20]","[179.5, 16]",177.03,147,3.55,0.51
07:47:17,"[176.0, 26]","[173.0, 44]","[177.5, 12]","[218.09, 23]",176.75,105,1.5,0.33
07:47:18,"[173.3, 30]","[172.13, 93]","[176.58, 12]","[298.39, 23]",174.94,158,3.28,0.56
07:47:19,"[173.0, 29]","[172.0, 90]","[204.6, 10]","[392.67, 15]",188.8,144,31.6,0.65
07:47:20,"[172.23, 70]","[171.46, 156]","[232.86, 35]","[343.79, 29]",202.54,290,60.63,0.56
07:47:21,"[172.0, 90]","[171.0, 168]","[312.33, 18]","[370.53, 30]",242.17,306,140.33,0.69
07:47:22,"[172.0, 48]","[171.0, 40]","[464.56, 25]","[559.17, 29]",318.28,142,292.56,0.24
07:47:23,"[172.0, 54]","[171.0, 30]","[229.44, 18]","[546.56, 27]",200.72,129,57.44,0.3
07:47:24,"[172.0, 15]","[171.0, 24]","[431.14, 14]","[541.43, 14]",301.57,67,259.14,0.16
07:47:25,"[172.0, 24]","[171.0, 48]","[366.0, 16]","[553.79, 19]",269.0,107,194.0,0.35
07:47:26,"[172.0, 39]","[171.0, 78]","[366.0, 26]","[582.32, 19]",269.0,162,194.0,0.44
07:47:27,"[172.96, 25]","[171.79, 38]","[333.9, 20]","[612.0, 10]",253.43,93,160.94,0.35
07:47:28,"[172.0, 40]","[171.0, 68]","[258.0, 40]","[259.0, 20]",215.0,168,86.0,0.29
07:47:29,"[172.0, 44]","[171.0, 130]","[210.32, 38]","[249.88, 33]",191.16,245,38.32,0.42
07:47:30,"[172.0, 36]","[171.0, 120]","[200.0, 48]","[223.33, 12]",186.0,216,28.0,0.44
07:47:31,"[172.11, 37]","[171.02, 123]","[199.46, 37]","[240.82, 34]",185.78,231,27.35,0.39
07:47:32,"[172.14, 49]","[170.97, 38]","[195.45, 44]","[197.0, 11]",183.8,142,23.31,0.23
07:47:33,"[171.46, 261]","[170.8, 109]","[191.94, 54]","[194.31, 65]",181.7,489,20.48,0.51
07:47:34,"[171.02, 191]","[170.65, 51]","[185.72, 36]","[187.58, 31]",178.37,309,14.7,0.57
07:47:35,"[173.0, 13]","[171.0, 273]","[184.0, 43]","[185.6, 45]",178.5,374,11.0,0.53
07:47:36,"[173.0, 7]","[171.0, 147]","[180.57, 7]","[182.0, 21]",176.79,182,7.57,0.69
07:47:37,"[174.3, 10]","[171.2, 70]","[179.03, 37]","[180.5, 12]",176.66,129,4.73,0.24
07:47:38,"[174.75, 16]","[172.3, 46]","[177.53, 40]","[179.41, 44]",176.14,146,2.78,-0.15
07:47:39,"[172.23, 39]","[171.91, 158]","[175.62, 39]","[178.84, 38]",173.92,274,3.38,0.44
07:47:40,"[172.0, 112]","[171.0, 91]","[174.52, 42]","[342.82, 45]",173.26,290,2.52,0.4
07:47:41,"[172.0, 72]","[171.0, 64]","[173.79, 14]","[174.97, 34]",172.89,184,1.79,0.48
07:47:42,"[172.0, 52]","[171.0, 50]","[197.47, 34]","[301.86, 29]",184.74,165,25.47,0.24
07:47:43,"[171.11, 45]","[169.59, 17]","[295.2, 30]","[409.16, 31]",233.16,123,124.09,0.01
07:47:44,"[171.0, 48]","[169.0, 6]","[302.67, 18]","[427.3, 23]",236.83,95,131.67,0.14
07:47:45,"[171.0, 64]","[169.0, 8]","[311.86, 28]","[428.88, 32]",241.43,132,140.86,0.09
07:47:46,"[171.0, 35]","[169.0, 5]","[301.0, 15]","[442.0, 20]",236.0,75,130.0,0.07
07:47:47,"[158.32, 47]","[114.84, 38]","[329.98, 47]","[486.85, 41]",244.15,173,171.66,-0.02
07:47:48,"[173.15, 26]","[140.24, 50]","[206.56, 27]","[231.25, 32]",189.85,135,33.4,0.13
07:47:49,"[173.0, 17]","[137.45, 22]","[204.57, 21]","[281.14, 22]",188.79,82,31.57,-0.05
07:47:50,"[131.21, 34]","[112.27, 59]","[201.54, 39]","[202.62, 39]",166.37,171,70.33,0.09
07:47:51,"[149.6, 10]","[124.93, 14]","[162.94, 31]","[167.69, 26]",156.27,81,13.34,-0.41
07:47:52,"[155.85, 13]","[117.97, 39]","[160.5, 24]","[163.0, 36]",158.17,112,4.65,-0.07
07:47:53,"[154.88, 8]","[63.8, 61]","[159.0, 16]","[163.0, 24]",156.94,109,4.12,0.27
07:47:54,"[145.07, 27]","[76.77, 61]","[162.67, 24]","[163.95, 58]",153.87,170,17.59,0.04
07:47:55,"[156.38, 16]","[153.15, 20]","[164.0, 32]","[167.0, 8]",160.19,76,7.62,-0.05
07:47:56,"[161.65, 20]","[157.0, 18]","[164.0, 36]","[167.0, 12]",162.82,86,2.35,-0.12
07:47:57,"[163.0, 8]","[152.32, 38]","[293.59, 34]","[369.13, 31]",228.29,111,130.59,-0.17
07:47:58,"[177.0, 26]","[170.11, 27]","[324.47, 43]","[436.58, 38]",250.73,134,147.47,-0.21
07:47:59,"[177.0, 20]","[171.0, 50]","[189.0, 40]","[336.17, 48]",183.0,158,12.0,-0.11
07:48:00,"[177.0, 20]","[171.0, 50]","[189.0, 40]","[340.32, 47]",183.0,157,12.0,-0.11
07:48:01,"[177.0, 22]","[171.0, 55]","[297.8, 50]","[511.38, 40]",237.4,167,120.8,-0.08
07:48:02,"[177.0, 10]","[171.0, 25]","[219.12, 16]","[336.0, 25]",198.06,76,42.12,-0.08
07:48:03,"[177.0, 26]","[175.01, 101]","[188.33, 27]","[190.26, 19]",182.67,173,11.33,0.47
07:48:04,"[177.33, 18]","[176.18, 66]","[186.67, 12]","[188.0, 36]",182.0,132,9.33,0.27
07:48:05,"[176.44, 36]","[173.67, 36]","[185.0, 36]","[186.0, 12]",180.72,120,8.56,0.2
07:48:06,"[176.0, 63]","[171.0, 45]","[185.0, 27]","[186.0, 9]",180.5,144,9.0,0.5
07:48:07,"[176.0, 16]","[171.0, 40]","[182.88, 16]","[184.69, 16]",179.44,88,6.88,0.27
07:48:08,"[176.17, 12]","[171.69, 29]","[181.55, 11]","[182.12, 17]",178.86,69,5.38,0.19
07:48:09,"[173.4, 20]","[174.6, 20]","[181.0, 12]","[182.0, 36]",177.2,88,7.6,-0.09
07:48:10,"[174.35, 92]","[171.43, 47]","[181.0, 12]","[182.0, 36]",177.67,187,6.65,0.49
07:48:11,"[174.06, 128]","[171.87, 92]","[180.05, 22]","[181.81, 26]",177.05,268,5.98,0.64
07:48:12,"[172.07, 112]","[171.38, 53]","[177.33, 21]","[241.58, 33]",174.7,219,5.26,0.51
07:48:13,"[176.0, 6]","[171.14, 73]","[177.0, 6]","[334.0, 18]",176.5,103,1.0,0.53
07:48:14,"[172.11, 36]","[170.96, 112]","[212.0, 18]","[237.74, 46]",192.06,212,39.89,0.4
07:48:15,"[171.0, 144]","[169.0, 12]","[262.37, 46]","[524.67, 30]",216.68,232,91.37,0.34
07:48:16,"[171.0, 62]","[169.0, 9]","[195.95, 41]","[396.41, 27]",183.48,139,24.95,0.02
07:48:17,"[171.0, 15]","[169.0, 3]","[361.0, 9]","[440.0, 15]",266.0,42,190.0,-0.14
07:48:18,"[170.48, 46]","[167.94, 17]","[391.69, 39]","[559.81, 31]",281.09,133,221.21,-0.05
07:48:19,"[171.0, 44]","[169.0, 12]","[285.29, 58]","[427.64, 44]",228.15,158,114.29,-0.29
07:48:20,"[172.87, 30]","[173.83, 41]","[327.51, 49]","[357.85, 39]",250.19,159,154.64,-0.11
07:48:21,"[175.13, 63]","[172.97, 68]","[271.62, 29]","[304.38, 63]",223.37,223,96.49,0.17
07:48:22,"[175.0, 28]","[172.08, 26]","[223.61, 46]","[262.0, 34]",199.3,134,48.61,-0.19
07:48:23,"[175.0, 20]","[173.0, 10]","[187.11, 28]","[318.0, 12]",181.05,70,12.11,-0.14
07:48:24,"[174.0, 24]","[171.4, 15]","[181.45, 33]","[196.27, 37]",177.73,109,7.45,-0.28
07:48:25,"[171.0, 74]","[169.0, 39]","[179.76, 25]","[187.52, 27]",175.38,165,8.76,0.37
07:48:26,"[169.62, 40]","[164.14, 29]","[172.0, 9]","[179.29, 17]",170.81,95,2.38,0.45
07:48:27,"[169.0, 63]","[166.44, 27]","[188.91, 11]","[291.23, 13]",178.95,114,19.91,0.58
07:48:28,"[174.53, 19]","[171.65, 17]","[233.47, 19]","[458.4, 15]",204.0,70,58.95,0.03
07:48:29,"[178.2, 5]","[177.0, 20]","[233.0, 25]","[296.4, 15]",205.6,65,54.8,-0.23
07:48:30,"[179.0, 5]","[177.0, 20]","[233.0, 25]","[739.0, 15]",206.0,65,54.0,-0.23
07:48:31,"[179.0, 6]","[177.0, 24]","[224.11, 27]","[267.67, 27]",201.56,84,45.11,-0.29
07:48:32,"[177.94, 17]","[176.37, 38]","[212.89, 45]","[231.52, 54]",195.42,154,34.95,-0.29
07:48:33,"[177.0, 24]","[176.0, 8]","[212.0, 40]","[325.4, 30]",194.5,102,35.0,-0.37
07:48:34,"[177.0, 15]","[176.0, 5]","[209.17, 24]","[247.81, 21]",193.08,65,32.17,-0.38
07:48:35,"[177.0, 15]","[176.0, 5]","[194.55, 22]","[206.09, 23]",185.77,65,17.55,-0.38
07:48:36,"[177.0, 16]","[176.0, 4]","[193.25, 20]","[195.0, 16]",185.12,56,16.25,-0.29
07:48:37,"[177.0, 55]","[176.0, 11]","[192.18, 55]","[193.3, 53]",184.59,174,15.18,-0.24
07:48:38,"[177.0, 39]","[176.0, 9]","[190.33, 45]","[191.33, 45]",183.67,138,13.33,-0.3
07:48:39,"[174.94, 31]","[172.95, 21]","[188.62, 65]","[191.0, 65]",181.78,182,13.68,-0.43
07:48:40,"[173.8, 20]","[172.4, 20]","[184.8, 50]","[187.4, 50]",179.3,140,11.0,-0.43
07:48:41,"[175.0, 22]","[173.0, 22]","[179.64, 55]","[181.09, 55]",177.32,154,4.64,-0.43
07:48:42,"[171.95, 20]","[169.76, 50]","[175.09, 55]","[176.27, 55]",173.52,180,3.14,-0.22
07:48:43,"[169.15, 52]","[165.83, 36]","[171.5, 50]","[173.2, 50]",170.33,188,2.35,-0.06
07:48:44,"[127.09, 66]","[98.49, 65]","[170.08, 65]","[171.08, 65]",148.58,261,42.99,0.0
07:48:45,"[69.12, 68]","[69.31, 65]","[167.53, 40]","[169.0, 55]",118.32,228,98.41,0.17
07:48:46,"[79.55, 44]","[65.17, 46]","[166.95, 38]","[169.36, 22]",123.25,150,87.4,0.2
07:48:47,"[123.31, 32]","[23.64, 14]","[164.7, 40]","[185.63, 30]",144.01,116,41.39,-0.21
