Time,Bid1,Bid2,Ask1,Ask2,Mid-Price,Total_volume,Bid_ask_spread,Order_imbalance
07:30:00,"[0, 0]","[0, 0]","[316.0, 1]","[0, 0]",158.0,1,316.0,-1.0
07:30:01,"[0, 0]","[0, 0]","[314.67, 6]","[552.67, 3]",157.33,9,314.67,-1.0
07:30:02,"[0, 0]","[0, 0]","[282.0, 5]","[430.25, 4]",141.0,9,282.0,-1.0
07:30:03,"[0, 0]","[0, 0]","[142.7, 10]","[175.17, 6]",71.35,16,142.7,-1.0
07:30:04,"[0, 0]","[0, 0]","[125.41, 17]","[168.33, 9]",62.71,26,125.41,-1.0
07:30:05,"[56.33, 30]","[0, 0]","[122.33, 12]","[125.0, 18]",89.33,60,66.0,0.0
07:30:06,"[70.14, 35]","[0, 0]","[121.0, 14]","[125.0, 21]",95.57,70,50.86,0.0
07:30:07,"[5.0, 25]","[0, 0]","[120.4, 10]","[125.0, 15]",62.7,50,115.4,0.0
07:30:08,"[6.0, 10]","[0, 0]","[120.0, 4]","[125.0, 6]",63.0,20,114.0,0.0
07:30:09,"[91.65, 86]","[96.0, 20]","[132.93, 15]","[143.31, 16]",112.29,137,41.28,0.55
07:30:10,"[110.88, 59]","[120.18, 143]","[236.0, 9]","[248.89, 9]",173.44,220,125.12,0.84
07:30:11,"[136.0, 15]","[132.0, 95]","[219.0, 5]","[237.2, 5]",177.5,120,83.0,0.83
07:30:12,"[136.0, 33]","[132.0, 209]","[207.0, 11]","[227.0, 11]",171.5,264,71.0,0.83
07:30:13,"[132.1, 78]","[130.79, 56]","[207.0, 6]","[220.5, 6]",169.55,146,74.9,0.84
07:30:14,"[132.0, 209]","[130.0, 11]","[199.18, 11]","[212.73, 11]",165.59,242,67.18,0.82
07:30:15,"[132.0, 152]","[130.0, 8]","[207.0, 8]","[214.0, 8]",169.5,176,75.0,0.82
07:30:16,"[132.0, 171]","[130.0, 9]","[187.85, 13]","[207.32, 25]",159.92,218,55.85,0.65
07:30:17,"[132.0, 190]","[130.0, 10]","[163.3, 10]","[198.11, 18]",147.65,228,31.3,0.75
07:30:18,"[132.0, 160]","[130.0, 29]","[136.0, 11]","[168.91, 11]",134.0,211,4.0,0.79
07:30:19,"[132.0, 75]","[130.0, 70]","[165.38, 13]","[181.0, 7]",148.69,165,33.38,0.76
07:30:20,"[132.16, 64]","[130.86, 140]","[159.93, 30]","[163.65, 54]",146.04,288,27.78,0.42
07:30:21,"[132.01, 67]","[130.1, 116]","[158.0, 48]","[159.0, 12]",145.01,243,25.99,0.51
07:30:22,"[132.0, 96]","[130.3, 43]","[154.28, 25]","[156.36, 28]",143.14,192,22.28,0.45
07:30:23,"[132.0, 26]","[131.0, 13]","[151.61, 28]","[152.92, 13]",141.8,80,19.61,-0.03
07:30:24,"[132.0, 20]","[130.13, 46]","[148.0, 10]","[149.6, 10]",140.0,86,16.0,0.53
07:30:25,"[132.0, 22]","[130.0, 110]","[143.62, 13]","[146.82, 11]",137.81,156,11.62,0.69
07:30:26,"[131.44, 25]","[129.99, 91]","[141.33, 12]","[142.31, 13]",136.39,141,9.89,0.65
07:30:27,"[130.0, 70]","[129.0, 10]","[140.6, 10]","[142.0, 20]",135.3,110,10.6,0.45
07:30:28,"[130.19, 47]","[129.91, 69]","[137.29, 17]","[138.16, 55]",133.74,188,7.1,0.23
07:30:29,"[129.95, 58]","[128.29, 38]","[134.83, 36]","[137.56, 27]",132.39,159,4.89,0.21
07:30:30,"[129.0, 11]","[128.0, 80]","[133.0, 30]","[136.6, 10]",131.0,131,4.0,0.39
07:30:31,"[129.0, 17]","[128.0, 88]","[132.24, 25]","[133.37, 19]",130.62,149,3.24,0.41
07:30:32,"[129.88, 41]","[128.18, 49]","[131.57, 40]","[134.44, 16]",130.73,146,1.7,0.23
07:30:33,"[129.38, 29]","[126.74, 57]","[133.56, 25]","[193.81, 37]",131.47,148,4.18,0.16
07:30:34,"[130.0, 28]","[126.76, 92]","[134.41, 34]","[321.1, 31]",132.21,185,4.41,0.3
07:30:35,"[130.67, 24]","[129.33, 24]","[135.0, 20]","[390.77, 48]",132.83,116,4.33,-0.17
07:30:36,"[131.36, 22]","[128.6, 60]","[135.0, 22]","[168.2, 49]",133.18,153,3.64,0.07
07:30:37,"[132.0, 20]","[128.0, 214]","[135.0, 10]","[139.0, 50]",133.5,294,3.0,0.59
07:30:38,"[128.03, 269]","[126.72, 121]","[135.0, 18]","[139.0, 70]",131.51,478,6.97,0.63
07:30:39,"[128.1, 140]","[127.82, 162]","[130.71, 14]","[134.53, 34]",129.41,350,2.61,0.73
07:30:40,"[133.08, 156]","[127.76, 199]","[147.71, 35]","[221.23, 43]",140.4,433,14.64,0.64
07:30:41,"[136.0, 99]","[128.0, 171]","[319.25, 16]","[342.71, 28]",227.62,314,183.25,0.72
07:30:42,"[136.0, 75]","[128.0, 133]","[298.12, 17]","[316.45, 11]",217.06,236,162.12,0.76
07:30:43,"[136.0, 93]","[128.0, 228]","[251.6, 30]","[378.92, 24]",193.8,375,115.6,0.71
07:30:44,"[136.0, 40]","[130.0, 30]","[220.8, 30]","[571.0, 40]",178.4,140,84.8,0.0
07:30:45,"[136.0, 40]","[130.0, 30]","[215.6, 30]","[223.89, 28]",175.8,128,79.6,0.09
07:30:46,"[136.0, 44]","[130.0, 33]","[210.41, 34]","[215.73, 33]",173.21,144,74.41,0.07
07:30:47,"[136.0, 64]","[130.0, 48]","[187.85, 59]","[197.14, 44]",161.92,215,51.85,0.04
07:30:48,"[131.2, 45]","[128.08, 225]","[170.33, 75]","[172.0, 45]",150.77,390,39.13,0.38
07:30:49,"[130.0, 42]","[128.0, 252]","[169.28, 64]","[171.06, 48]",149.64,406,39.28,0.45
07:30:50,"[128.84, 93]","[127.59, 294]","[165.38, 72]","[167.27, 56]",147.11,515,36.54,0.5
07:30:51,"[128.12, 144]","[126.0, 164]","[140.95, 44]","[145.45, 58]",134.54,410,12.83,0.5
07:30:52,"[129.0, 63]","[126.0, 10]","[130.67, 36]","[132.59, 44]",129.83,153,1.67,-0.05
07:30:53,"[129.0, 32]","[127.83, 47]","[130.0, 46]","[132.74, 46]",129.5,171,1.0,-0.08
07:30:54,"[128.01, 97]","[126.33, 48]","[132.67, 51]","[166.59, 39]",130.34,235,4.66,0.23
07:30:55,"[128.0, 78]","[126.0, 55]","[130.45, 22]","[133.45, 55]",129.23,210,2.45,0.27
07:30:56,"[128.0, 35]","[126.0, 25]","[129.0, 10]","[134.0, 25]",128.5,95,1.0,0.26
07:30:57,"[127.83, 58]","[125.88, 51]","[130.09, 23]","[162.08, 49]",128.96,181,2.26,0.2
07:30:58,"[126.0, 45]","[125.0, 54]","[134.0, 45]","[312.56, 25]",130.0,169,8.0,0.17
07:30:59,"[126.8, 25]","[125.77, 26]","[133.4, 25]","[143.88, 17]",130.1,93,6.6,0.1
07:31:00,"[128.14, 119]","[126.05, 61]","[133.11, 95]","[416.95, 40]",130.62,315,4.96,0.14
07:31:01,"[129.04, 92]","[126.03, 74]","[132.93, 59]","[498.38, 26]",130.99,251,3.89,0.32
07:31:02,"[129.92, 96]","[125.19, 86]","[132.0, 24]","[133.0, 60]",130.96,266,2.08,0.37
07:31:03,"[130.0, 56]","[126.0, 56]","[132.0, 14]","[176.06, 34]",131.0,160,2.0,0.4
07:31:04,"[130.0, 46]","[126.0, 40]","[206.2, 20]","[441.86, 14]",168.1,120,76.2,0.43
07:31:05,"[130.0, 64]","[126.0, 64]","[133.0, 32]","[208.38, 16]",131.5,176,3.0,0.45
07:31:06,"[130.0, 36]","[128.0, 40]","[133.0, 32]","[294.0, 16]",131.5,124,3.0,0.23
07:31:07,"[130.0, 24]","[128.0, 30]","[132.67, 24]","[201.75, 16]",131.33,94,2.67,0.15
07:31:08,"[130.0, 28]","[128.0, 35]","[132.0, 28]","[133.0, 28]",131.0,119,2.0,0.06
07:31:09,"[130.0, 16]","[128.0, 20]","[132.0, 16]","[133.0, 16]",131.0,68,2.0,0.06
07:31:10,"[130.51, 41]","[129.06, 53]","[132.13, 39]","[146.75, 48]",131.32,181,1.62,0.04
07:31:11,"[131.0, 54]","[130.0, 52]","[133.0, 52]","[276.45, 62]",132.0,220,2.0,-0.04
07:31:12,"[132.0, 12]","[129.64, 44]","[133.0, 48]","[257.25, 48]",132.5,152,1.0,-0.26
07:31:13,"[128.56, 78]","[126.56, 125]","[131.79, 56]","[142.29, 56]",130.17,315,3.22,0.29
07:31:14,"[129.79, 97]","[128.0, 70]","[131.0, 56]","[133.0, 56]",130.4,279,1.21,0.2
07:31:15,"[130.0, 90]","[128.0, 45]","[133.0, 36]","[156.82, 22]",131.5,193,3.0,0.4
07:31:16,"[130.0, 80]","[128.0, 40]","[132.69, 29]","[133.91, 22]",131.34,171,2.69,0.4
07:31:17,"[130.0, 107]","[128.0, 55]","[132.11, 38]","[206.93, 54]",131.05,254,2.11,0.28
07:31:18,"[130.0, 81]","[128.05, 37]","[133.0, 54]","[287.89, 36]",131.5,208,3.0,0.13
07:31:19,"[130.0, 83]","[129.0, 15]","[133.0, 90]","[279.17, 65]",131.5,253,3.0,-0.23
07:31:20,"[130.0, 15]","[129.0, 35]","[131.83, 54]","[158.4, 75]",130.92,179,1.83,-0.44
07:31:21,"[129.12, 33]","[128.1, 207]","[130.53, 45]","[132.13, 60]",129.83,345,1.41,0.39
07:31:22,"[128.03, 123]","[127.91, 75]","[131.32, 38]","[133.12, 32]",129.67,268,3.28,0.48
07:31:23,"[128.0, 204]","[127.0, 12]","[131.0, 24]","[132.0, 48]",129.5,288,3.0,0.5
07:31:24,"[128.01, 165]","[127.4, 25]","[131.34, 32]","[132.48, 42]",129.67,264,3.34,0.44
07:31:25,"[128.0, 177]","[126.0, 14]","[129.12, 50]","[131.82, 44]",128.56,285,1.12,0.34
07:31:26,"[128.0, 89]","[126.0, 9]","[129.0, 45]","[132.78, 36]",128.5,179,1.0,0.09
07:31:27,"[128.0, 99]","[126.0, 9]","[129.0, 45]","[133.0, 36]",128.5,189,1.0,0.14
07:31:28,"[128.0, 99]","[126.0, 9]","[129.0, 45]","[133.0, 36]",128.5,189,1.0,0.14
07:31:29,"[128.0, 53]","[126.8, 15]","[129.0, 35]","[133.0, 28]",128.5,131,1.0,0.04
07:31:30,"[128.0, 91]","[126.0, 13]","[131.51, 35]","[133.13, 46]",129.76,185,3.51,0.12
07:31:31,"[128.0, 63]","[126.0, 9]","[130.44, 18]","[133.0, 36]",129.22,126,2.44,0.14
07:31:32,"[128.0, 77]","[126.0, 11]","[130.0, 22]","[132.27, 44]",129.0,154,2.0,0.14
07:31:33,"[128.0, 54]","[126.0, 12]","[130.75, 32]","[132.3, 40]",129.38,138,2.75,-0.04
07:31:34,"[128.0, 15]","[126.0, 5]","[132.0, 20]","[133.0, 10]",130.0,50,4.0,-0.2
07:31:35,"[128.53, 38]","[127.43, 21]","[131.32, 37]","[133.0, 24]",129.93,120,2.8,-0.02
07:31:36,"[129.1, 30]","[128.33, 36]","[130.64, 33]","[131.74, 19]",129.87,118,1.54,0.12
07:31:37,"[128.39, 38]","[125.53, 40]","[130.84, 32]","[132.66, 29]",129.62,139,2.45,0.12
07:31:38,"[128.0, 11]","[124.0, 33]","[134.0, 11]","[135.0, 22]",131.0,77,6.0,0.14
07:31:39,"[125.0, 8]","[123.12, 48]","[131.6, 20]","[134.67, 12]",128.3,88,6.6,0.27
07:31:40,"[128.19, 37]","[123.17, 59]","[131.0, 52]","[133.07, 15]",129.59,163,2.81,0.18
07:31:41,"[129.91, 174]","[128.0, 24]","[131.0, 48]","[132.0, 12]",130.46,258,1.09,0.53
07:31:42,"[129.77, 86]","[126.83, 23]","[131.14, 28]","[132.57, 14]",130.46,151,1.38,0.44
07:31:43,"[129.24, 21]","[128.91, 44]","[131.56, 9]","[132.83, 12]",130.4,86,2.32,0.51
07:31:44,"[130.0, 14]","[128.94, 94]","[131.62, 29]","[151.23, 22]",130.81,159,1.62,0.36
07:31:45,"[130.0, 12]","[128.0, 24]","[132.63, 30]","[248.91, 44]",131.32,110,2.63,-0.35
07:31:46,"[130.32, 44]","[127.7, 27]","[132.0, 91]","[403.77, 65]",131.16,227,1.68,-0.37
07:31:47,"[130.07, 29]","[127.62, 21]","[132.0, 56]","[440.0, 45]",131.03,151,1.93,-0.34
07:31:48,"[125.97, 29]","[124.21, 56]","[129.68, 31]","[231.19, 31]",127.82,147,3.71,0.16
07:31:49,"[125.17, 12]","[123.0, 54]","[128.5, 18]","[129.73, 33]",126.83,117,3.33,0.13
07:31:50,"[127.93, 46]","[124.87, 15]","[130.39, 23]","[183.67, 30]",129.16,114,2.46,0.07
07:31:51,"[128.0, 15]","[127.0, 6]","[131.5, 12]","[170.4, 20]",129.75,53,3.5,-0.21
07:31:52,"[128.79, 39]","[126.25, 24]","[131.22, 27]","[132.28, 25]",130.01,115,2.43,0.1
07:31:53,"[129.0, 19]","[128.0, 10]","[132.0, 15]","[134.0, 10]",130.5,54,3.0,0.07
07:31:54,"[129.0, 18]","[128.0, 12]","[132.0, 18]","[134.0, 12]",130.5,60,3.0,0.0
07:31:55,"[130.0, 30]","[129.0, 30]","[132.0, 30]","[134.0, 20]",131.0,110,2.0,0.09
07:31:56,"[130.0, 27]","[129.0, 30]","[132.0, 30]","[134.0, 20]",131.0,107,2.0,0.07
07:31:57,"[130.18, 22]","[128.86, 28]","[132.0, 26]","[134.0, 20]",131.09,96,1.82,0.04
07:31:58,"[129.0, 27]","[128.0, 18]","[131.67, 9]","[133.6, 15]",130.33,69,2.67,0.3
07:31:59,"[129.0, 15]","[128.0, 10]","[131.0, 5]","[133.33, 9]",130.0,39,2.0,0.28
07:32:00,"[129.0, 39]","[128.0, 26]","[130.54, 13]","[134.0, 23]",129.77,101,1.54,0.29
07:32:01,"[128.0, 14]","[121.0, 44]","[134.44, 16]","[311.85, 34]",131.22,108,6.44,0.07
07:32:02,"[123.69, 13]","[120.76, 25]","[135.08, 24]","[244.33, 39]",129.39,101,11.39,-0.25
07:32:03,"[120.59, 27]","[119.96, 50]","[131.75, 32]","[133.97, 29]",126.17,138,11.16,0.12
07:32:04,"[120.18, 57]","[119.48, 21]","[130.45, 51]","[131.17, 36]",125.31,165,10.28,-0.05
07:32:05,"[120.0, 50]","[118.7, 10]","[127.07, 30]","[129.86, 35]",123.53,125,7.07,-0.04
07:32:06,"[120.0, 45]","[118.0, 9]","[126.63, 51]","[127.96, 23]",123.31,128,6.63,-0.16
07:32:07,"[120.0, 40]","[118.0, 8]","[125.47, 38]","[126.33, 18]",122.74,104,5.47,-0.08
07:32:08,"[120.0, 35]","[118.0, 7]","[125.0, 28]","[126.0, 28]",122.5,98,5.0,-0.14
07:32:09,"[120.0, 45]","[118.0, 9]","[123.78, 36]","[125.27, 22]",121.89,112,3.78,-0.04
07:32:10,"[120.0, 50]","[118.0, 10]","[123.0, 40]","[124.0, 20]",121.5,120,3.0,0.0
07:32:11,"[120.34, 29]","[119.88, 48]","[122.88, 32]","[124.0, 16]",121.61,125,2.53,0.23
07:32:12,"[119.22, 91]","[119.22, 46]","[122.0, 38]","[125.0, 28]",120.61,203,2.78,0.35
07:32:13,"[119.0, 52]","[117.0, 6]","[121.44, 9]","[123.5, 12]",120.22,79,2.44,0.47
07:32:14,"[119.0, 64]","[117.0, 8]","[122.0, 11]","[125.0, 16]",120.5,99,3.0,0.45
07:32:15,"[119.05, 84]","[106.11, 56]","[122.0, 11]","[125.0, 46]",120.52,197,2.95,0.42
07:32:16,"[120.0, 44]","[119.0, 84]","[122.0, 11]","[125.0, 66]",121.0,205,2.0,0.25
07:32:17,"[121.59, 46]","[120.27, 59]","[124.91, 131]","[126.0, 48]",123.25,284,3.32,-0.26
07:32:18,"[123.62, 13]","[121.43, 21]","[125.0, 70]","[127.0, 20]",124.31,124,1.38,-0.45
07:32:19,"[120.33, 24]","[117.89, 38]","[125.0, 50]","[127.0, 20]",122.67,132,4.67,-0.06
07:32:20,"[120.3, 23]","[117.92, 50]","[125.0, 90]","[127.0, 26]",122.65,189,4.7,-0.23
07:32:21,"[118.24, 46]","[117.1, 82]","[125.0, 78]","[127.0, 26]",121.62,232,6.76,0.1
07:32:22,"[120.74, 39]","[118.54, 52]","[125.0, 66]","[126.05, 42]",122.87,199,4.26,-0.09
07:32:23,"[121.0, 40]","[118.0, 80]","[125.0, 54]","[126.0, 36]",123.0,210,4.0,0.14
07:32:24,"[121.87, 31]","[119.82, 44]","[125.0, 60]","[126.0, 40]",123.44,175,3.13,-0.14
07:32:25,"[122.18, 33]","[120.0, 44]","[125.0, 63]","[126.0, 44]",123.59,184,2.82,-0.16
07:32:26,"[120.46, 46]","[118.33, 48]","[125.16, 31]","[126.09, 44]",122.81,169,4.7,0.11
07:32:27,"[120.0, 48]","[118.0, 48]","[126.17, 12]","[158.67, 30]",123.08,138,6.17,0.39
07:32:28,"[120.0, 36]","[118.0, 36]","[126.06, 36]","[156.94, 16]",123.03,124,6.06,0.16
07:32:29,"[120.0, 28]","[118.0, 28]","[126.0, 28]","[127.0, 7]",123.0,91,6.0,0.23
07:32:30,"[120.86, 28]","[119.0, 56]","[124.31, 52]","[126.0, 40]",122.58,176,3.45,-0.05
07:32:31,"[119.21, 38]","[116.96, 46]","[124.0, 32]","[126.0, 46]",121.61,162,4.79,0.04
07:32:32,"[119.0, 42]","[116.0, 42]","[123.29, 28]","[125.92, 50]",121.14,162,4.29,0.04
07:32:33,"[119.14, 42]","[117.89, 54]","[122.25, 32]","[124.52, 27]",120.7,155,3.11,0.24
07:32:34,"[121.23, 26]","[119.52, 46]","[124.0, 20]","[125.0, 72]",122.62,164,2.77,-0.12
07:32:35,"[123.0, 16]","[120.5, 40]","[124.36, 22]","[125.08, 61]",123.68,139,1.36,-0.19
07:32:36,"[124.0, 18]","[118.17, 58]","[125.83, 46]","[164.67, 45]",124.91,167,1.83,-0.09
07:32:37,"[118.14, 56]","[118.0, 30]","[172.4, 30]","[315.59, 32]",145.27,148,54.26,0.16
07:32:38,"[117.0, 92]","[15.25, 80]","[119.56, 36]","[176.3, 33]",118.28,241,2.56,0.43
07:32:39,"[117.0, 32]","[53.25, 40]","[119.0, 16]","[121.0, 16]",118.0,104,2.0,0.38
07:32:40,"[117.0, 70]","[13.0, 80]","[119.0, 32]","[121.0, 32]",118.0,214,2.0,0.4
07:32:41,"[117.0, 70]","[10.08, 24]","[124.04, 25]","[296.35, 34]",120.52,153,7.04,0.23
07:32:42,"[118.3, 20]","[117.07, 44]","[125.0, 24]","[127.0, 32]",121.65,120,6.7,0.07
07:32:43,"[120.0, 18]","[118.0, 11]","[125.0, 33]","[143.76, 34]",122.5,96,5.0,-0.4
07:32:44,"[120.0, 8]","[118.0, 8]","[124.0, 8]","[125.0, 24]",122.0,48,4.0,-0.33
07:32:45,"[123.39, 66]","[122.35, 74]","[296.61, 38]","[330.81, 37]",210.0,215,173.21,0.3
07:32:46,"[127.58, 76]","[125.15, 75]","[426.09, 56]","[499.53, 38]",276.83,245,298.51,0.23
07:32:47,"[132.22, 40]","[129.59, 27]","[289.0, 28]","[525.64, 28]",210.61,123,156.78,0.09
07:32:48,"[133.0, 102]","[130.78, 18]","[287.17, 47]","[361.55, 29]",210.09,196,154.17,0.22
07:32:49,"[133.0, 48]","[129.0, 8]","[347.65, 23]","[491.05, 19]",240.33,98,214.65,0.14
07:32:50,"[133.0, 48]","[130.0, 32]","[344.88, 24]","[471.18, 22]",238.94,126,211.88,0.27
07:32:51,"[133.0, 41]","[131.56, 18]","[343.0, 24]","[451.0, 40]",238.0,123,210.0,-0.04
07:32:52,"[133.0, 15]","[130.22, 18]","[342.6, 15]","[404.0, 10]",237.8,58,209.6,0.14
07:32:53,"[133.0, 18]","[130.0, 24]","[341.83, 18]","[413.5, 12]",237.42,72,208.83,0.17
07:32:54,"[133.0, 33]","[130.0, 44]","[315.15, 26]","[389.29, 35]",224.08,138,182.15,0.12
07:32:55,"[133.0, 30]","[130.0, 36]","[338.6, 30]","[340.0, 33]",235.8,129,205.6,0.02
07:32:56,"[133.0, 25]","[130.91, 44]","[317.1, 40]","[337.77, 35]",225.05,144,184.1,-0.04
07:32:57,"[132.64, 22]","[130.86, 28]","[313.4, 20]","[337.36, 25]",223.02,95,180.76,0.05
07:32:58,"[131.0, 36]","[130.0, 36]","[275.15, 27]","[292.42, 31]",203.07,130,144.15,0.11
07:32:59,"[130.84, 19]","[129.67, 24]","[263.53, 17]","[270.6, 15]",197.19,75,132.69,0.15
07:33:00,"[130.0, 24]","[129.0, 64]","[262.9, 31]","[271.76, 25]",196.45,144,132.9,0.22
07:33:01,"[130.48, 29]","[129.08, 78]","[260.07, 29]","[261.65, 34]",195.28,170,129.59,0.26
07:33:02,"[137.0, 12]","[130.0, 36]","[250.62, 26]","[257.09, 70]",193.81,144,113.62,-0.33
07:33:03,"[134.08, 12]","[129.34, 61]","[187.04, 47]","[207.65, 40]",160.56,160,52.96,-0.09
07:33:04,"[129.22, 36]","[128.35, 68]","[151.96, 46]","[153.69, 26]",140.59,176,22.73,0.18
07:33:05,"[129.58, 24]","[128.04, 23]","[150.0, 36]","[151.0, 18]",139.79,101,20.42,-0.07
07:33:06,"[131.88, 16]","[130.03, 29]","[147.16, 63]","[148.17, 48]",139.52,156,15.28,-0.42
07:33:07,"[133.0, 15]","[132.0, 15]","[141.76, 50]","[142.8, 50]",137.38,130,8.76,-0.54
07:33:08,"[133.0, 15]","[132.0, 15]","[137.19, 54]","[138.35, 51]",135.09,135,4.19,-0.56
07:33:09,"[133.36, 11]","[132.36, 11]","[134.86, 29]","[136.53, 30]",134.11,81,1.5,-0.46
07:33:10,"[129.79, 39]","[127.93, 28]","[135.14, 29]","[138.32, 40]",132.47,136,5.34,-0.01
07:33:11,"[127.97, 58]","[124.38, 64]","[130.47, 32]","[131.78, 41]",129.22,195,2.5,0.25
07:33:12,"[125.0, 30]","[124.0, 80]","[127.8, 20]","[132.5, 20]",126.4,150,2.8,0.47
07:33:13,"[124.11, 61]","[75.61, 36]","[148.1, 20]","[262.08, 26]",136.11,143,23.99,0.36
07:33:14,"[124.37, 19]","[80.54, 39]","[382.82, 33]","[573.17, 24]",253.59,115,258.45,0.01
07:33:15,"[124.55, 11]","[104.55, 33]","[213.5, 20]","[250.94, 16]",169.02,80,88.95,0.1
07:33:16,"[124.0, 9]","[100.56, 54]","[125.0, 18]","[237.33, 9]",124.5,90,1.0,0.4
07:33:17,"[124.0, 6]","[108.0, 36]","[125.0, 12]","[126.0, 6]",124.5,60,1.0,0.4
07:33:18,"[124.0, 2]","[113.0, 12]","[125.0, 4]","[126.0, 2]",124.5,20,1.0,0.4
07:33:19,"[124.0, 11]","[92.0, 36]","[125.0, 16]","[126.0, 11]",124.5,74,1.0,0.27
07:33:20,"[124.0, 10]","[106.98, 43]","[125.0, 10]","[126.0, 10]",124.5,73,1.0,0.45
07:33:21,"[124.0, 9]","[103.2, 30]","[242.17, 18]","[457.78, 32]",183.08,89,118.17,-0.12
07:33:22,"[124.0, 7]","[87.6, 10]","[266.71, 35]","[505.84, 32]",195.36,84,142.71,-0.6
07:33:23,"[125.0, 24]","[124.0, 2]","[267.0, 10]","[680.0, 10]",196.0,46,142.0,0.13
07:33:24,"[125.25, 96]","[124.0, 8]","[232.35, 31]","[348.43, 28]",178.8,163,107.1,0.28
07:33:25,"[133.0, 82]","[128.0, 108]","[187.84, 19]","[358.48, 42]",160.42,251,54.84,0.51
07:33:26,"[133.0, 39]","[129.0, 72]","[186.0, 18]","[212.33, 15]",159.5,144,53.0,0.54
07:33:27,"[133.0, 50]","[129.0, 120]","[185.6, 30]","[227.5, 50]",159.3,250,52.6,0.36
07:33:28,"[133.0, 35]","[129.0, 84]","[185.0, 21]","[288.71, 34]",159.0,174,52.0,0.37
07:33:29,"[133.0, 85]","[129.0, 132]","[184.33, 45]","[212.33, 43]",158.67,305,51.33,0.42
07:33:30,"[133.0, 189]","[129.0, 108]","[181.51, 37]","[184.35, 31]",157.26,365,48.51,0.63
07:33:31,"[133.01, 178]","[129.35, 159]","[145.42, 43]","[145.64, 39]",139.21,419,12.41,0.61
07:33:32,"[134.91, 11]","[133.0, 154]","[143.04, 47]","[144.22, 45]",138.98,257,8.13,0.28
07:33:33,"[133.15, 107]","[132.85, 121]","[138.14, 79]","[140.0, 61]",135.64,368,4.99,0.24
07:33:34,"[133.0, 63]","[131.0, 9]","[134.0, 45]","[136.86, 43]",133.5,160,1.0,-0.1
07:33:35,"[129.37, 70]","[127.97, 80]","[132.5, 40]","[261.2, 30]",130.94,220,3.13,0.36
07:33:36,"[129.0, 100]","[126.0, 49]","[130.17, 29]","[153.67, 27]",129.59,205,1.17,0.45
07:33:37,"[129.0, 48]","[126.0, 56]","[247.79, 38]","[334.82, 17]",188.39,159,118.79,0.31
07:33:38,"[133.8, 25]","[128.21, 39]","[254.0, 30]","[320.0, 6]",193.9,100,120.2,0.28
07:33:39,"[137.0, 45]","[131.0, 72]","[251.56, 36]","[254.0, 45]",194.28,198,114.56,0.18
07:33:40,"[137.0, 90]","[131.0, 156]","[236.57, 74]","[405.92, 52]",186.78,372,99.57,0.32
07:33:41,"[132.55, 97]","[130.72, 64]","[173.93, 56]","[435.48, 48]",153.24,265,41.38,0.22
07:33:42,"[131.06, 66]","[130.47, 34]","[173.0, 44]","[392.36, 44]",152.03,188,41.94,0.06
07:33:43,"[131.0, 44]","[130.0, 22]","[143.93, 41]","[153.0, 14]",137.46,121,12.93,0.09
07:33:44,"[131.0, 18]","[130.0, 12]","[142.33, 24]","[145.0, 6]",136.67,60,11.33,0.0
07:33:45,"[131.97, 33]","[130.8, 10]","[142.0, 36]","[145.0, 9]",136.98,88,10.03,-0.02
07:33:46,"[132.38, 32]","[131.0, 8]","[141.75, 32]","[145.0, 8]",137.06,80,9.38,0.0
07:33:47,"[133.77, 39]","[130.6, 15]","[143.17, 18]","[204.06, 48]",138.47,120,9.4,-0.1
07:33:48,"[136.77, 104]","[130.56, 18]","[142.86, 14]","[173.64, 42]",139.81,178,6.09,0.37
07:33:49,"[137.0, 105]","[131.0, 12]","[140.33, 12]","[216.25, 24]",138.67,153,3.33,0.53
07:33:50,"[137.0, 75]","[131.0, 17]","[139.67, 15]","[264.27, 15]",138.33,122,2.67,0.51
07:33:51,"[137.0, 48]","[131.0, 30]","[138.5, 10]","[271.5, 10]",137.75,98,1.5,0.59
07:33:52,"[137.0, 48]","[131.36, 33]","[138.0, 12]","[265.05, 20]",137.5,113,1.0,0.43
07:33:53,"[132.5, 28]","[130.46, 26]","[137.09, 23]","[191.41, 17]",134.79,94,4.59,0.15
07:33:54,"[131.0, 42]","[130.0, 28]","[134.25, 28]","[190.7, 23]",132.62,121,3.25,0.16
07:33:55,"[131.0, 29]","[130.0, 20]","[134.8, 10]","[287.33, 30]",132.9,89,3.8,0.1
07:33:56,"[131.0, 20]","[130.0, 24]","[219.0, 18]","[303.17, 48]",175.0,110,88.0,-0.2
07:33:57,"[131.27, 22]","[130.18, 67]","[304.63, 46]","[404.67, 48]",217.95,183,173.36,-0.03
07:33:58,"[134.0, 6]","[132.0, 30]","[164.44, 18]","[380.44, 18]",149.22,72,30.44,0.0
07:33:59,"[132.11, 37]","[131.42, 24]","[222.0, 36]","[457.72, 39]",177.05,136,89.89,-0.1
07:34:00,"[131.92, 26]","[130.78, 18]","[384.0, 32]","[521.22, 36]",257.96,112,252.08,-0.21
07:34:01,"[131.64, 33]","[130.19, 32]","[321.0, 36]","[497.57, 42]",226.32,143,189.36,-0.09
07:34:02,"[132.0, 61]","[131.0, 18]","[302.49, 37]","[522.82, 44]",217.24,160,170.49,-0.01
07:34:03,"[132.0, 66]","[131.0, 22]","[245.0, 50]","[334.82, 34]",188.5,172,113.0,0.02
07:34:04,"[132.12, 41]","[131.71, 42]","[382.64, 44]","[527.94, 34]",257.38,161,250.51,0.03
07:34:05,"[132.0, 78]","[131.0, 26]","[265.75, 48]","[354.22, 46]",198.88,198,133.75,0.05
07:34:06,"[132.0, 60]","[131.0, 44]","[153.0, 40]","[270.8, 44]",142.5,188,21.0,0.11
07:34:07,"[132.0, 72]","[131.0, 96]","[142.4, 40]","[186.73, 44]",137.2,252,10.4,0.33
07:34:08,"[132.0, 48]","[131.0, 64]","[223.74, 39]","[430.53, 30]",177.87,181,91.74,0.24
07:34:09,"[136.12, 34]","[131.84, 50]","[255.75, 40]","[691.0, 16]",195.93,140,119.63,0.2
07:34:10,"[137.0, 30]","[132.0, 66]","[548.33, 52]","[667.28, 43]",342.66,191,411.33,0.01
07:34:11,"[137.0, 16]","[133.5, 24]","[496.78, 36]","[710.11, 36]",316.89,112,359.78,-0.29
07:34:12,"[135.0, 6]","[132.0, 36]","[583.57, 28]","[737.46, 26]",359.29,96,448.57,-0.12
07:34:13,"[135.0, 9]","[132.17, 29]","[398.11, 36]","[650.56, 45]",266.56,119,263.11,-0.36
07:34:14,"[135.0, 10]","[133.0, 10]","[380.31, 42]","[645.23, 48]",257.65,110,245.31,-0.64
07:34:15,"[132.2, 45]","[131.09, 67]","[328.6, 40]","[606.8, 50]",230.4,202,196.4,0.11
07:34:16,"[132.0, 36]","[131.0, 60]","[424.0, 24]","[676.83, 30]",278.0,150,292.0,0.28
07:34:17,"[132.0, 33]","[131.0, 88]","[262.67, 36]","[582.44, 45]",197.33,202,130.67,0.2
07:34:18,"[132.0, 11]","[131.0, 88]","[369.64, 44]","[633.62, 16]",250.82,159,237.64,0.25
07:34:19,"[132.0, 11]","[131.0, 88]","[378.91, 44]","[409.45, 44]",255.45,187,246.91,0.06
07:34:20,"[131.09, 35]","[130.43, 56]","[376.6, 45]","[379.64, 44]",253.84,180,245.51,0.01
07:34:21,"[131.0, 16]","[130.0, 64]","[320.73, 73]","[347.55, 71]",225.86,224,189.73,-0.29
07:34:22,"[131.0, 11]","[130.0, 84]","[165.5, 40]","[167.38, 47]",148.25,182,34.5,0.04
07:34:23,"[131.0, 12]","[130.0, 81]","[161.54, 48]","[163.5, 32]",146.27,173,30.54,0.08
07:34:24,"[130.0, 66]","[129.0, 98]","[158.44, 54]","[159.74, 39]",144.22,257,28.44,0.28
07:34:25,"[133.88, 51]","[129.73, 90]","[154.9, 58]","[157.64, 53]",144.39,252,21.01,0.12
07:34:26,"[136.0, 24]","[130.0, 48]","[153.07, 30]","[160.78, 18]",144.53,120,17.07,0.2
07:34:27,"[136.0, 45]","[130.0, 90]","[150.38, 48]","[152.14, 42]",143.19,225,14.38,0.2
07:34:28,"[134.71, 31]","[131.56, 54]","[149.36, 22]","[150.12, 32]",142.04,139,14.65,0.22
07:34:29,"[132.0, 30]","[130.0, 36]","[149.0, 12]","[150.0, 24]",140.5,102,17.0,0.29
07:34:30,"[132.0, 47]","[130.0, 66]","[144.88, 34]","[149.78, 36]",138.44,183,12.88,0.23
07:34:31,"[132.0, 40]","[130.0, 65]","[139.5, 28]","[140.91, 44]",135.75,177,7.5,0.19
07:34:32,"[132.0, 50]","[130.0, 112]","[134.12, 48]","[137.25, 40]",133.06,250,2.12,0.3
07:34:33,"[130.83, 41]","[129.52, 84]","[132.82, 44]","[139.83, 36]",131.82,205,1.99,0.22
07:34:34,"[129.54, 71]","[128.95, 117]","[177.16, 38]","[253.18, 72]",153.35,298,47.62,0.26
07:34:35,"[129.0, 66]","[128.0, 22]","[369.18, 55]","[602.14, 35]",249.09,178,240.18,-0.01
07:34:36,"[129.0, 12]","[128.0, 4]","[132.0, 10]","[573.0, 10]",130.5,36,3.0,-0.11
07:34:37,"[130.04, 56]","[128.88, 52]","[543.64, 53]","[567.0, 52]",336.84,213,413.61,0.01
07:34:38,"[133.67, 6]","[130.6, 10]","[461.0, 6]","[542.11, 9]",297.33,31,327.33,0.03
07:34:39,"[129.12, 42]","[126.62, 63]","[196.56, 27]","[210.5, 40]",162.84,172,67.44,0.22
07:34:40,"[128.0, 24]","[125.32, 44]","[129.0, 12]","[251.11, 44]",128.5,124,1.0,0.1
07:34:41,"[122.92, 50]","[113.91, 65]","[129.0, 14]","[277.83, 42]",125.96,171,6.08,0.35
07:34:42,"[97.2, 20]","[91.6, 20]","[119.72, 18]","[121.8, 55]",108.46,113,22.52,-0.29
07:34:43,"[95.55, 22]","[85.73, 22]","[119.63, 49]","[127.64, 53]",107.59,146,24.09,-0.4
07:34:44,"[88.43, 14]","[81.43, 14]","[119.0, 17]","[120.0, 49]",103.71,94,30.57,-0.4
07:34:45,"[99.64, 22]","[64.18, 55]","[118.13, 15]","[120.0, 77]",108.88,169,18.5,-0.09
07:34:46,"[88.31, 26]","[76.61, 23]","[124.0, 9]","[131.86, 43]",106.15,101,35.69,-0.03
07:34:47,"[118.65, 17]","[113.02, 43]","[309.65, 54]","[519.56, 54]",214.15,168,191.0,-0.29
07:34:48,"[125.57, 7]","[107.5, 4]","[521.67, 3]","[647.0, 15]",323.62,29,396.1,-0.24
07:34:49,"[129.0, 16]","[121.0, 40]","[482.0, 8]","[638.38, 40]",305.5,104,353.0,0.08
07:34:50,"[129.0, 22]","[108.5, 40]","[175.38, 39]","[380.4, 35]",152.19,136,46.38,-0.09
07:34:51,"[129.0, 12]","[86.17, 24]","[138.0, 6]","[200.0, 6]",133.5,48,9.0,0.5
07:34:52,"[116.92, 26]","[99.21, 34]","[136.7, 54]","[169.0, 14]",126.81,128,19.78,-0.06
07:34:53,"[111.55, 38]","[110.04, 52]","[136.0, 50]","[186.05, 19]",123.78,159,24.45,0.13
07:34:54,"[114.8, 80]","[112.0, 10]","[135.6, 50]","[206.68, 19]",125.2,159,20.8,0.13
07:34:55,"[115.69, 104]","[113.38, 29]","[133.15, 65]","[294.46, 13]",124.42,211,17.46,0.26
07:34:56,"[125.61, 124]","[125.14, 56]","[131.27, 63]","[152.31, 16]",128.44,259,5.66,0.39
07:34:57,"[128.89, 38]","[126.72, 29]","[300.88, 8]","[545.86, 22]",214.88,97,171.98,0.38
07:34:58,"[132.28, 85]","[129.03, 64]","[293.12, 40]","[530.42, 40]",212.7,229,160.84,0.3
07:34:59,"[133.0, 60]","[128.03, 116]","[207.79, 14]","[268.33, 27]",170.39,217,74.79,0.62
07:35:00,"[133.0, 78]","[128.48, 58]","[158.93, 15]","[171.91, 23]",145.97,174,25.93,0.56
07:35:01,"[133.02, 52]","[128.36, 77]","[150.0, 12]","[205.0, 12]",141.51,153,16.98,0.69
07:35:02,"[134.0, 9]","[132.0, 27]","[150.0, 9]","[177.53, 15]",142.0,60,16.0,0.2
07:35:03,"[134.0, 8]","[132.0, 24]","[148.12, 8]","[149.38, 8]",141.06,48,14.12,0.33
07:35:04,"[134.18, 11]","[132.06, 31]","[145.91, 11]","[147.27, 11]",140.05,64,11.73,0.31
07:35:05,"[134.4, 20]","[130.67, 72]","[141.12, 16]","[144.44, 16]",137.76,124,6.72,0.48
07:35:06,"[132.0, 24]","[130.0, 180]","[140.42, 12]","[141.67, 12]",136.21,228,8.42,0.79
07:35:07,"[130.36, 55]","[129.56, 96]","[139.0, 8]","[140.0, 8]",134.68,167,8.64,0.81
07:35:08,"[130.62, 39]","[129.89, 132]","[137.77, 13]","[138.77, 13]",134.19,197,7.15,0.74
07:35:09,"[131.0, 16]","[130.0, 94]","[135.88, 8]","[137.62, 8]",133.44,126,4.88,0.75
07:35:10,"[130.76, 50]","[129.68, 133]","[133.54, 13]","[176.62, 16]",132.15,212,2.78,0.73
07:35:11,"[130.61, 18]","[129.84, 87]","[134.0, 9]","[374.57, 23]",132.31,137,3.39,0.53
07:35:12,"[132.0, 10]","[130.0, 100]","[391.06, 16]","[431.53, 38]",261.53,164,259.06,0.34
07:35:13,"[132.0, 11]","[130.05, 105]","[590.67, 36]","[608.5, 20]",361.33,172,458.67,0.35
07:35:14,"[132.0, 11]","[130.04, 94]","[430.2, 40]","[535.76, 34]",281.1,179,298.2,0.17
07:35:15,"[133.15, 13]","[130.19, 74]","[280.77, 26]","[355.02, 41]",206.96,154,147.62,0.13
07:35:16,"[132.67, 36]","[131.18, 117]","[277.36, 45]","[371.3, 43]",205.01,241,144.69,0.27
07:35:17,"[132.0, 98]","[130.0, 190]","[204.85, 72]","[276.28, 58]",168.42,418,72.85,0.38
07:35:18,"[132.0, 55]","[130.0, 110]","[143.0, 17]","[155.87, 30]",137.5,212,11.0,0.56
07:35:19,"[132.0, 51]","[130.0, 170]","[137.7, 27]","[141.06, 34]",134.85,282,5.7,0.57
07:35:20,"[130.15, 78]","[129.69, 29]","[132.86, 28]","[134.71, 14]",131.51,149,2.7,0.44
07:35:21,"[130.0, 72]","[129.0, 13]","[131.38, 52]","[132.57, 35]",130.69,172,1.38,-0.01
07:35:22,"[130.84, 55]","[129.46, 13]","[356.08, 52]","[605.0, 32]",243.46,152,225.24,-0.11
07:35:23,"[130.97, 36]","[129.83, 6]","[576.31, 26]","[671.56, 18]",353.64,86,445.34,-0.02
07:35:24,"[130.0, 8]","[129.0, 8]","[249.0, 40]","[524.5, 32]",189.5,88,119.0,-0.64
07:35:25,"[129.8, 10]","[128.31, 26]","[277.0, 40]","[537.8, 50]",203.4,126,147.2,-0.43
07:35:26,"[129.0, 8]","[128.0, 72]","[193.89, 37]","[404.87, 30]",161.45,147,64.89,0.09
07:35:27,"[128.58, 73]","[125.87, 103]","[154.0, 55]","[377.5, 32]",141.29,263,25.42,0.34
07:35:28,"[133.0, 20]","[129.0, 19]","[239.05, 19]","[645.86, 14]",186.03,72,106.05,0.08
07:35:29,"[133.0, 36]","[129.44, 9]","[595.42, 33]","[685.38, 26]",364.21,104,462.42,-0.13
07:35:30,"[133.0, 22]","[130.0, 10]","[601.0, 50]","[664.09, 23]",367.0,105,468.0,-0.39
07:35:31,"[131.8, 10]","[129.86, 14]","[307.33, 30]","[483.79, 19]",219.57,73,175.53,-0.34
07:35:32,"[130.0, 16]","[129.0, 8]","[180.0, 32]","[396.67, 36]",155.0,92,50.0,-0.48
07:35:33,"[130.0, 6]","[129.0, 3]","[336.07, 14]","[527.5, 14]",233.04,37,206.07,-0.51
07:35:34,"[130.0, 18]","[129.0, 9]","[467.52, 21]","[609.83, 41]",298.76,89,337.52,-0.39
07:35:35,"[128.15, 53]","[125.09, 86]","[227.78, 9]","[234.05, 41]",177.96,189,99.63,0.47
07:35:36,"[128.0, 62]","[125.0, 144]","[219.56, 16]","[349.19, 16]",173.78,238,91.56,0.73
07:35:37,"[128.38, 42]","[125.28, 106]","[203.83, 18]","[205.53, 30]",166.11,196,75.45,0.51
07:35:38,"[129.33, 30]","[125.88, 85]","[202.11, 18]","[203.33, 12]",165.72,145,72.78,0.59
07:35:39,"[128.0, 45]","[125.0, 108]","[200.44, 9]","[201.71, 14]",164.22,176,72.44,0.74
07:35:40,"[127.39, 59]","[124.97, 134]","[195.36, 14]","[196.07, 15]",161.37,222,67.97,0.74
07:35:41,"[125.0, 162]","[123.0, 30]","[190.07, 15]","[193.0, 30]",157.53,237,65.07,0.62
07:35:42,"[126.46, 101]","[124.63, 86]","[187.17, 23]","[189.05, 21]",156.81,231,60.72,0.62
07:35:43,"[132.0, 24]","[125.0, 80]","[184.4, 15]","[185.69, 13]",158.2,132,52.4,0.58
07:35:44,"[130.25, 48]","[125.57, 111]","[154.84, 19]","[173.3, 27]",142.55,205,24.59,0.55
07:35:45,"[126.67, 69]","[125.14, 138]","[132.0, 30]","[133.09, 23]",129.33,260,5.33,0.59
07:35:46,"[125.0, 142]","[123.51, 74]","[128.59, 34]","[130.12, 34]",126.79,284,3.59,0.52
07:35:47,"[125.78, 27]","[124.11, 56]","[129.22, 18]","[269.17, 29]",127.5,130,3.44,0.28
07:35:48,"[132.0, 44]","[125.0, 18]","[133.0, 9]","[386.0, 45]",132.5,116,1.0,0.07
07:35:49,"[132.0, 64]","[128.0, 30]","[345.68, 41]","[515.31, 13]",238.84,148,213.68,0.27
07:35:50,"[135.1, 31]","[131.81, 62]","[438.82, 33]","[421.33, 21]",286.96,147,303.72,0.27
07:35:51,"[136.0, 36]","[132.36, 88]","[196.62, 16]","[475.84, 56]",166.31,196,60.62,0.27
07:35:52,"[136.0, 30]","[132.91, 79]","[194.9, 30]","[286.22, 32]",165.45,171,58.9,0.27
07:35:53,"[132.0, 42]","[130.0, 51]","[193.2, 15]","[199.0, 23]",162.6,131,61.2,0.42
07:35:54,"[132.0, 48]","[130.0, 72]","[191.53, 19]","[193.43, 21]",161.76,160,59.53,0.5
07:35:55,"[132.0, 54]","[130.0, 81]","[191.0, 27]","[192.0, 18]",161.5,180,59.0,0.5
07:35:56,"[132.0, 52]","[130.0, 99]","[177.2, 30]","[175.53, 34]",154.6,215,45.2,0.4
07:35:57,"[132.0, 60]","[130.0, 135]","[154.21, 38]","[155.77, 39]",143.11,272,22.21,0.43
07:35:58,"[130.13, 60]","[129.24, 37]","[152.38, 16]","[154.0, 24]",141.25,137,22.24,0.42
07:35:59,"[130.0, 38]","[128.0, 16]","[151.75, 16]","[154.0, 24]",140.88,94,21.75,0.15
07:36:00,"[128.83, 24]","[125.26, 115]","[146.75, 32]","[148.29, 28]",137.79,199,17.92,0.4
07:36:01,"[128.8, 20]","[126.04, 46]","[142.69, 26]","[143.38, 29]",135.75,121,13.89,0.09
07:36:02,"[129.0, 22]","[128.0, 22]","[138.74, 23]","[141.81, 42]",133.87,109,9.74,-0.19
07:36:03,"[130.64, 66]","[129.0, 22]","[137.25, 28]","[140.5, 32]",133.94,148,6.61,0.19
07:36:04,"[131.0, 80]","[129.0, 28]","[136.47, 30]","[139.8, 40]",133.73,178,5.47,0.21
07:36:05,"[132.45, 44]","[128.83, 24]","[135.0, 24]","[143.55, 22]",133.73,114,2.55,0.19
07:36:06,"[129.6, 20]","[128.6, 20]","[134.9, 20]","[249.2, 10]",132.25,70,5.3,0.14
07:36:07,"[128.0, 20]","[125.0, 150]","[134.0, 20]","[276.0, 38]",131.0,228,6.0,0.49
07:36:08,"[128.91, 44]","[126.22, 69]","[133.91, 22]","[392.0, 35]",131.41,170,5.0,0.33
07:36:09,"[129.0, 45]","[128.0, 18]","[132.11, 18]","[342.9, 29]",130.56,110,3.11,0.15
07:36:10,"[129.0, 30]","[128.0, 12]","[131.83, 12]","[580.0, 10]",130.42,64,2.83,0.31
07:36:11,"[129.0, 84]","[128.0, 24]","[137.96, 24]","[226.75, 20]",133.48,152,8.96,0.42
07:36:12,"[130.58, 60]","[129.0, 36]","[156.76, 17]","[537.39, 49]",143.67,162,26.18,0.19
07:36:13,"[131.64, 70]","[129.0, 70]","[153.12, 16]","[154.85, 26]",142.38,182,21.48,0.54
07:36:14,"[131.94, 48]","[130.77, 56]","[148.84, 25]","[150.12, 16]",140.39,145,16.9,0.43
07:36:15,"[132.09, 35]","[130.4, 45]","[145.62, 21]","[147.22, 18]",138.85,119,13.53,0.34
07:36:16,"[132.0, 48]","[129.0, 36]","[141.56, 25]","[143.18, 33]",136.78,142,9.56,0.18
07:36:17,"[132.0, 36]","[129.0, 27]","[138.0, 20]","[139.08, 26]",135.0,109,6.0,0.16
07:36:18,"[132.0, 34]","[129.44, 16]","[133.84, 31]","[134.82, 22]",132.92,103,1.84,-0.03
07:36:19,"[131.78, 27]","[129.57, 21]","[133.42, 38]","[134.18, 39]",132.6,125,1.64,-0.23
07:36:20,"[129.57, 14]","[128.92, 26]","[131.6, 15]","[185.82, 17]",130.59,72,2.03,0.11
07:36:21,"[129.0, 26]","[128.0, 52]","[130.06, 16]","[165.21, 29]",129.53,123,1.06,0.27
07:36:22,"[128.0, 40]","[125.06, 163]","[129.75, 12]","[171.83, 35]",128.88,250,1.75,0.62
07:36:23,"[125.0, 140]","[123.0, 20]","[182.25, 24]","[185.96, 23]",153.62,207,57.25,0.55
07:36:24,"[125.0, 118]","[123.0, 18]","[178.0, 18]","[325.09, 22]",151.5,176,53.0,0.55
07:36:25,"[127.07, 81]","[124.97, 64]","[182.92, 24]","[434.57, 14]",155.0,183,55.84,0.58
07:36:26,"[133.0, 27]","[129.71, 21]","[180.33, 18]","[508.71, 17]",156.67,83,47.33,0.16
07:36:27,"[133.0, 27]","[132.0, 30]","[180.0, 18]","[444.56, 18]",156.5,93,47.0,0.23
07:36:28,"[133.0, 27]","[132.0, 27]","[140.86, 14]","[175.69, 13]",136.93,81,7.86,0.33
07:36:29,"[133.0, 16]","[132.0, 18]","[134.09, 11]","[201.5, 10]",133.55,55,1.09,0.24
07:36:30,"[133.0, 8]","[132.0, 24]","[285.04, 28]","[440.33, 12]",209.02,72,152.04,-0.11
07:36:31,"[132.32, 22]","[130.59, 71]","[553.98, 48]","[697.0, 20]",343.15,161,421.66,0.16
07:36:32,"[132.0, 22]","[130.0, 90]","[327.58, 33]","[462.2, 30]",229.79,175,195.58,0.28
07:36:33,"[130.0, 45]","[128.0, 10]","[218.0, 19]","[521.0, 16]",174.0,90,88.0,0.22
07:36:34,"[130.03, 59]","[128.6, 20]","[299.0, 16]","[659.0, 40]",214.52,135,168.97,0.17
07:36:35,"[131.0, 16]","[130.0, 48]","[299.0, 16]","[537.12, 40]",215.0,120,168.0,0.07
07:36:36,"[132.36, 11]","[130.2, 30]","[297.29, 35]","[299.0, 14]",214.82,90,164.92,-0.09
07:36:37,"[136.0, 9]","[133.67, 18]","[297.0, 45]","[300.0, 18]",216.5,90,161.0,-0.4
07:36:38,"[136.0, 8]","[134.0, 16]","[296.25, 40]","[494.4, 25]",216.12,89,160.25,-0.46
07:36:39,"[130.95, 38]","[131.31, 26]","[293.71, 34]","[294.59, 59]",212.33,157,162.76,-0.18
07:36:40,"[131.71, 42]","[129.71, 28]","[289.24, 33]","[292.96, 27]",210.48,130,157.53,0.08
07:36:41,"[132.38, 64]","[130.71, 42]","[241.45, 40]","[288.2, 30]",186.91,176,109.07,0.2
07:36:42,"[132.0, 37]","[130.0, 30]","[265.15, 20]","[286.89, 28]",198.57,115,133.15,0.17
07:36:43,"[130.32, 19]","[129.06, 51]","[283.33, 18]","[284.89, 27]",206.82,115,153.02,0.22
07:36:44,"[130.0, 26]","[129.0, 78]","[277.46, 48]","[277.35, 40]",203.73,192,147.46,0.08
07:36:45,"[130.0, 28]","[129.0, 42]","[262.96, 28]","[264.26, 19]",196.48,117,132.96,0.2
07:36:46,"[130.0, 20]","[129.0, 60]","[192.46, 39]","[214.36, 44]",161.23,163,62.46,-0.02
07:36:47,"[130.0, 12]","[129.0, 66]","[163.68, 37]","[164.8, 50]",146.84,165,33.68,-0.05
07:36:48,"[130.0, 34]","[129.0, 72]","[150.6, 48]","[152.61, 31]",140.3,185,20.6,0.15
07:36:49,"[130.46, 39]","[129.18, 51]","[144.14, 35]","[145.78, 36]",137.3,161,13.68,0.12
07:36:50,"[131.88, 51]","[130.0, 24]","[140.02, 45]","[141.08, 38]",135.95,158,8.14,-0.05
07:36:51,"[130.17, 92]","[129.75, 121]","[133.41, 39]","[135.51, 43]",131.79,295,3.24,0.44
07:36:52,"[130.0, 144]","[129.0, 60]","[321.1, 50]","[472.89, 44]",225.55,298,191.1,0.37
07:36:53,"[130.0, 108]","[129.0, 54]","[239.67, 45]","[373.33, 45]",184.83,252,109.67,0.29
07:36:54,"[130.0, 83]","[129.0, 54]","[142.95, 37]","[147.22, 45]",136.47,219,12.95,0.25
07:36:55,"[130.0, 28]","[129.0, 24]","[141.75, 4]","[169.5, 20]",135.88,76,11.75,0.37
07:36:56,"[130.16, 37]","[129.32, 44]","[140.14, 7]","[196.0, 35]",135.15,123,9.98,0.32
07:36:57,"[130.43, 28]","[129.54, 52]","[139.25, 8]","[196.0, 40]",134.84,128,8.82,0.25
07:36:58,"[129.87, 15]","[128.8, 60]","[139.0, 9]","[515.88, 33]",134.43,117,9.13,0.28
07:36:59,"[130.0, 6]","[128.08, 26]","[138.0, 3]","[573.0, 12]",134.0,47,8.0,0.36
07:37:00,"[129.16, 38]","[128.11, 36]","[137.67, 9]","[573.0, 20]",133.41,103,8.51,0.44
07:37:01,"[128.19, 42]","[127.25, 48]","[137.0, 7]","[0, 0]",132.6,97,8.81,0.86
07:37:02,"[128.0, 54]","[125.0, 18]","[137.0, 6]","[452.0, 18]",132.5,96,9.0,0.5
07:37:03,"[128.0, 96]","[125.67, 36]","[136.36, 11]","[340.96, 27]",132.18,170,8.36,0.55
07:37:04,"[128.31, 39]","[126.29, 28]","[135.5, 8]","[301.25, 16]",131.9,91,7.19,0.47
07:37:05,"[128.22, 64]","[126.0, 30]","[176.56, 16]","[239.88, 24]",152.39,134,48.34,0.4
07:37:06,"[131.71, 35]","[129.59, 54]","[158.0, 9]","[267.33, 18]",144.86,116,26.29,0.53
07:37:07,"[130.5, 30]","[129.0, 30]","[158.0, 6]","[458.54, 13]",144.25,79,27.5,0.52
07:37:08,"[131.33, 30]","[130.0, 30]","[158.0, 6]","[268.0, 12]",144.67,78,26.67,0.54
07:37:09,"[132.44, 45]","[130.1, 39]","[156.0, 9]","[247.92, 12]",144.22,105,23.56,0.6
07:37:10,"[133.0, 55]","[131.0, 22]","[153.09, 11]","[156.0, 11]",143.05,99,20.09,0.56
07:37:11,"[133.56, 45]","[131.0, 18]","[151.0, 9]","[152.67, 9]",142.28,81,17.44,0.56
07:37:12,"[134.0, 37]","[130.1, 39]","[143.89, 18]","[302.64, 11]",138.94,105,9.89,0.45
07:37:13,"[134.0, 48]","[130.0, 60]","[147.05, 20]","[147.29, 28]",140.53,156,13.05,0.38
07:37:14,"[132.98, 59]","[129.57, 70]","[145.09, 32]","[146.38, 24]",139.04,185,12.11,0.39
07:37:15,"[132.0, 24]","[130.0, 60]","[142.58, 12]","[145.0, 36]",137.29,132,10.58,0.27
07:37:16,"[132.87, 90]","[130.85, 52]","[140.74, 23]","[144.73, 45]",136.8,210,7.87,0.35
07:37:17,"[133.0, 84]","[132.0, 24]","[139.22, 18]","[140.1, 30]",136.11,156,6.22,0.38
07:37:18,"[133.0, 91]","[132.0, 26]","[136.92, 13]","[140.0, 39]",134.96,169,3.92,0.38
07:37:19,"[133.0, 63]","[132.0, 18]","[135.89, 9]","[140.0, 27]",134.44,117,2.89,0.38
07:37:20,"[133.0, 40]","[132.0, 20]","[135.0, 10]","[140.0, 30]",134.0,100,2.0,0.2
07:37:21,"[131.73, 49]","[130.41, 58]","[198.73, 37]","[342.85, 34]",165.23,178,67.0,0.2
07:37:22,"[130.17, 54]","[129.67, 102]","[178.4, 40]","[255.59, 54]",154.28,250,48.23,0.25
07:37:23,"[130.42, 24]","[129.9, 60]","[168.0, 32]","[492.56, 18]",149.21,134,37.58,0.25
07:37:24,"[130.05, 76]","[129.43, 42]","[168.0, 40]","[281.0, 40]",149.03,198,37.95,0.19
07:37:25,"[133.0, 52]","[131.62, 26]","[167.57, 46]","[263.62, 52]",150.28,176,34.57,-0.11
07:37:26,"[133.0, 28]","[132.0, 14]","[153.43, 28]","[264.82, 22]",143.21,92,20.43,-0.09
07:37:27,"[133.0, 48]","[132.0, 24]","[151.76, 33]","[294.08, 36]",142.38,141,18.76,0.02
07:37:28,"[133.0, 36]","[132.0, 18]","[213.83, 24]","[297.52, 33]",173.42,111,80.83,-0.03
07:37:29,"[134.8, 15]","[132.86, 42]","[204.17, 36]","[205.45, 44]",169.48,137,69.37,-0.17
07:37:30,"[133.0, 11]","[132.0, 22]","[200.55, 33]","[202.0, 33]",166.77,99,67.55,-0.33
07:37:31,"[133.0, 10]","[132.0, 20]","[171.91, 33]","[191.81, 31]",152.45,94,38.91,-0.36
07:37:32,"[133.0, 9]","[132.0, 18]","[139.0, 27]","[178.33, 27]",136.0,81,6.0,-0.33
07:37:33,"[130.07, 161]","[129.55, 44]","[136.19, 48]","[138.75, 48]",133.13,301,6.11,0.36
07:37:34,"[130.0, 98]","[129.0, 30]","[133.7, 30]","[134.8, 30]",131.85,188,3.7,0.36
07:37:35,"[130.0, 70]","[129.0, 30]","[132.6, 30]","[134.67, 27]",131.3,157,2.6,0.27
07:37:36,"[131.2, 35]","[130.48, 66]","[133.55, 33]","[135.83, 23]",132.37,157,2.35,0.29
07:37:37,"[130.07, 58]","[129.23, 31]","[132.67, 27]","[193.24, 34]",131.37,150,2.6,0.19
07:37:38,"[130.0, 39]","[129.0, 21]","[199.97, 29]","[309.18, 28]",164.98,117,69.97,0.03
07:37:39,"[130.0, 153]","[129.0, 36]","[249.08, 60]","[472.33, 36]",189.54,285,119.08,0.33
07:37:40,"[130.0, 114]","[129.0, 18]","[261.2, 25]","[322.46, 28]",195.6,185,131.2,0.43
07:37:41,"[130.0, 227]","[129.0, 39]","[229.23, 52]","[326.41, 54]",179.62,372,99.23,0.43
07:37:42,"[130.0, 160]","[129.0, 30]","[240.45, 44]","[290.71, 34]",185.23,268,110.45,0.42
07:37:43,"[130.0, 127]","[129.0, 27]","[213.44, 45]","[260.0, 36]",171.72,235,83.44,0.31
07:37:44,"[130.03, 134]","[129.37, 43]","[227.08, 38]","[371.33, 42]",178.55,257,97.05,0.38
07:37:45,"[131.11, 36]","[129.98, 163]","[159.62, 48]","[177.48, 42]",145.37,289,28.51,0.38
07:37:46,"[130.0, 128]","[129.0, 24]","[157.88, 32]","[353.0, 32]",143.94,216,27.88,0.41
07:37:47,"[130.0, 170]","[129.0, 36]","[156.39, 44]","[237.0, 48]",143.19,298,26.39,0.38
07:37:48,"[130.0, 126]","[129.0, 27]","[152.89, 27]","[157.0, 36]",141.44,216,22.89,0.42
07:37:49,"[130.06, 157]","[129.3, 47]","[150.42, 43]","[153.93, 41]",140.24,288,20.36,0.42
07:37:50,"[133.0, 27]","[130.0, 126]","[148.61, 28]","[275.57, 35]",140.8,216,15.61,0.42
07:37:51,"[133.0, 45]","[130.0, 210]","[145.83, 23]","[226.41, 46]",139.41,324,12.83,0.57
07:37:52,"[133.86, 21]","[130.61, 88]","[143.27, 11]","[144.53, 17]",138.56,137,9.42,0.59
07:37:53,"[130.58, 72]","[129.88, 56]","[140.5, 36]","[143.0, 12]",135.54,176,9.92,0.45
07:37:54,"[130.0, 138]","[128.87, 104]","[136.65, 20]","[138.86, 28]",133.32,290,6.65,0.67
07:37:55,"[130.16, 116]","[129.23, 141]","[131.93, 29]","[133.74, 23]",131.04,309,1.78,0.66
07:37:56,"[130.0, 45]","[129.0, 81]","[131.59, 17]","[525.45, 29]",130.79,172,1.59,0.47
07:37:57,"[130.87, 30]","[129.62, 72]","[133.0, 30]","[520.29, 42]",131.93,174,2.13,0.17
07:37:58,"[130.0, 34]","[129.0, 81]","[131.78, 9]","[475.69, 26]",130.89,150,1.78,0.53
07:37:59,"[129.69, 29]","[128.89, 61]","[502.25, 16]","[593.78, 18]",315.97,124,372.56,0.45
07:38:00,"[130.0, 70]","[129.0, 63]","[458.69, 26]","[630.25, 16]",294.35,175,328.69,0.52
07:38:01,"[130.05, 101]","[129.23, 129]","[141.0, 56]","[502.43, 28]",135.52,314,10.95,0.46
07:38:02,"[130.0, 42]","[129.0, 63]","[141.0, 28]","[664.14, 14]",135.5,147,11.0,0.43
07:38:03,"[130.0, 36]","[129.0, 54]","[418.0, 24]","[795.0, 12]",274.0,126,288.0,0.43
07:38:04,"[130.0, 23]","[128.0, 96]","[359.5, 32]","[795.0, 16]",244.75,167,229.5,0.43
07:38:05,"[130.0, 10]","[128.0, 120]","[185.0, 40]","[529.0, 34]",157.5,204,55.0,0.27
07:38:06,"[130.0, 13]","[128.09, 79]","[210.31, 32]","[272.86, 28]",170.16,152,80.31,0.21
07:38:07,"[128.16, 63]","[126.18, 17]","[214.36, 22]","[225.64, 22]",171.26,124,86.2,0.29
07:38:08,"[128.0, 97]","[125.0, 20]","[190.21, 38]","[203.4, 20]",159.11,175,62.21,0.34
07:38:09,"[128.0, 77]","[125.0, 20]","[183.38, 47]","[188.06, 31]",155.69,175,55.38,0.11
07:38:10,"[128.0, 77]","[125.0, 22]","[169.56, 25]","[171.07, 54]",148.78,178,41.56,0.11
07:38:11,"[128.0, 63]","[125.0, 18]","[167.43, 37]","[169.0, 34]",147.72,152,39.43,0.07
07:38:12,"[128.0, 84]","[125.0, 24]","[165.58, 60]","[168.0, 48]",146.79,216,37.58,0.0
07:38:13,"[129.96, 23]","[127.82, 67]","[162.64, 28]","[163.88, 51]",146.3,169,32.69,0.07
07:38:14,"[135.03, 31]","[128.45, 77]","[157.3, 61]","[158.89, 63]",146.16,232,22.26,-0.07
07:38:15,"[136.0, 24]","[133.91, 33]","[153.5, 32]","[154.71, 28]",144.75,117,17.5,-0.03
07:38:16,"[135.41, 51]","[133.86, 87]","[148.21, 66]","[150.51, 53]",141.81,257,12.8,0.07
07:38:17,"[133.82, 22]","[131.6, 20]","[145.12, 32]","[145.98, 43]",139.47,117,11.31,-0.28
07:38:18,"[127.93, 29]","[116.75, 24]","[141.62, 32]","[142.29, 34]",134.78,119,13.69,-0.11
07:38:19,"[126.45, 11]","[122.86, 28]","[139.77, 26]","[141.78, 36]",133.11,101,13.31,-0.23
07:38:20,"[131.2, 41]","[105.43, 46]","[139.0, 45]","[140.0, 18]",135.1,150,7.8,0.16
07:38:21,"[132.0, 62]","[125.0, 11]","[137.41, 34]","[138.81, 43]",134.71,150,5.41,-0.03
07:38:22,"[129.67, 24]","[112.39, 69]","[135.47, 57]","[136.49, 47]",132.57,197,5.81,-0.06
07:38:23,"[129.55, 33]","[116.39, 36]","[133.89, 45]","[136.0, 36]",131.72,150,4.34,-0.08
07:38:24,"[130.42, 77]","[128.31, 29]","[132.52, 58]","[134.25, 51]",131.47,215,2.1,-0.01
07:38:25,"[130.59, 37]","[129.45, 33]","[132.78, 45]","[142.67, 18]",131.69,133,2.18,0.05
07:38:26,"[130.1, 39]","[127.53, 17]","[183.31, 29]","[347.81, 26]",156.71,111,53.21,0.01
07:38:27,"[130.0, 41]","[106.0, 13]","[146.11, 27]","[155.14, 28]",138.06,109,16.11,-0.01
07:38:28,"[130.0, 8]","[124.0, 8]","[146.0, 24]","[269.73, 26]",138.0,66,16.0,-0.52
07:38:29,"[130.0, 13]","[124.0, 13]","[143.68, 57]","[182.12, 42]",136.84,125,13.68,-0.58
07:38:30,"[130.0, 8]","[124.0, 8]","[140.19, 26]","[141.08, 38]",135.1,80,10.19,-0.6
07:38:31,"[130.0, 51]","[124.7, 23]","[138.97, 37]","[140.76, 51]",134.49,162,8.97,-0.09
07:38:32,"[130.0, 35]","[127.4, 10]","[136.55, 29]","[137.78, 27]",133.28,101,6.55,-0.11
07:38:33,"[127.3, 20]","[122.14, 147]","[134.08, 60]","[179.0, 36]",130.69,263,6.78,0.27
07:38:34,"[124.63, 19]","[117.02, 55]","[133.0, 14]","[144.88, 48]",128.82,136,8.37,0.09
07:38:35,"[124.66, 29]","[111.89, 47]","[130.86, 35]","[133.61, 31]",127.76,142,6.2,0.07
07:38:36,"[127.08, 65]","[110.23, 160]","[129.06, 77]","[230.48, 33]",128.07,335,1.99,0.34
07:38:37,"[128.04, 95]","[125.59, 27]","[130.18, 45]","[306.86, 21]",129.11,188,2.14,0.3
07:38:38,"[130.9, 20]","[128.16, 57]","[620.43, 28]","[660.77, 31]",375.66,136,489.53,0.13
07:38:39,"[128.36, 50]","[125.68, 22]","[299.38, 26]","[453.67, 36]",213.87,134,171.02,0.07
07:38:40,"[129.0, 42]","[128.0, 28]","[144.0, 21]","[216.0, 14]",136.5,105,15.0,0.33
07:38:41,"[129.38, 58]","[126.65, 31]","[144.0, 39]","[268.56, 18]",136.69,146,14.62,0.22
07:38:42,"[132.4, 20]","[128.0, 32]","[144.0, 33]","[211.82, 11]",138.2,96,11.6,0.08
07:38:43,"[129.36, 14]","[127.25, 32]","[164.76, 37]","[377.36, 28]",147.06,111,35.4,-0.17
07:38:44,"[131.68, 22]","[128.79, 19]","[402.87, 31]","[530.59, 22]",267.28,94,271.19,-0.13
07:38:45,"[132.1, 20]","[131.5, 12]","[227.0, 30]","[343.69, 26]",179.55,88,94.9,-0.27
07:38:46,"[132.25, 4]","[129.33, 9]","[153.0, 16]","[189.0, 12]",142.62,41,20.75,-0.37
07:38:47,"[129.71, 21]","[125.3, 40]","[234.51, 43]","[425.38, 37]",182.11,141,104.8,-0.13
07:38:48,"[129.0, 16]","[128.0, 12]","[409.85, 26]","[462.39, 18]",269.42,72,280.85,-0.22
07:38:49,"[129.0, 28]","[128.0, 28]","[406.96, 27]","[407.87, 15]",267.98,98,277.96,0.14
07:38:50,"[129.0, 14]","[128.0, 14]","[405.43, 7]","[407.0, 14]",267.21,49,276.43,0.14
07:38:51,"[129.0, 22]","[128.0, 22]","[208.18, 33]","[279.32, 22]",168.59,99,79.18,-0.11
07:38:52,"[133.93, 134]","[128.92, 26]","[153.0, 13]","[197.73, 45]",143.46,218,19.07,0.47
07:38:53,"[134.0, 176]","[129.0, 32]","[150.97, 40]","[161.13, 30]",142.49,278,16.97,0.5
07:38:54,"[134.0, 165]","[129.92, 52]","[146.38, 26]","[147.36, 33]",140.19,276,12.38,0.57
07:38:55,"[134.0, 150]","[130.0, 60]","[142.61, 56]","[143.91, 44]",138.3,310,8.61,0.35
07:38:56,"[134.0, 70]","[130.0, 48]","[137.22, 32]","[137.1, 40]",135.61,190,3.22,0.24
07:38:57,"[134.0, 32]","[130.0, 32]","[135.25, 12]","[136.3, 33]",134.62,109,1.25,0.17
07:38:58,"[134.0, 24]","[130.0, 40]","[135.86, 28]","[348.28, 46]",134.93,138,1.86,-0.07
07:38:59,"[134.0, 18]","[130.17, 24]","[135.11, 27]","[442.4, 25]",134.56,94,1.11,-0.11
07:39:00,"[132.86, 14]","[129.83, 24]","[135.0, 21]","[136.0, 35]",133.93,94,2.14,-0.19
07:39:01,"[131.29, 51]","[127.38, 24]","[133.67, 36]","[533.58, 60]",132.48,171,2.37,-0.12
07:39:02,"[130.34, 35]","[129.14, 21]","[133.0, 36]","[223.67, 60]",131.67,152,2.66,-0.26
07:39:03,"[130.0, 28]","[128.0, 16]","[131.54, 28]","[170.2, 50]",130.77,122,1.54,-0.28
07:39:04,"[128.0, 6]","[125.0, 4]","[142.94, 16]","[383.25, 20]",135.47,46,14.94,-0.57
07:39:05,"[125.9, 10]","[124.12, 24]","[142.0, 10]","[410.67, 30]",133.95,74,16.1,-0.08
07:39:06,"[125.17, 12]","[124.06, 32]","[140.33, 12]","[262.92, 12]",132.75,68,15.17,0.29
07:39:07,"[126.78, 27]","[124.47, 17]","[140.0, 11]","[213.95, 19]",133.39,74,13.22,0.19
07:39:08,"[126.5, 20]","[124.2, 25]","[139.0, 10]","[179.9, 50]",132.75,105,12.5,-0.14
07:39:09,"[128.0, 60]","[125.0, 12]","[136.73, 26]","[169.17, 30]",132.37,128,8.73,0.12
07:39:10,"[128.97, 170]","[127.93, 46]","[135.88, 24]","[217.25, 28]",132.42,268,6.9,0.61
07:39:11,"[129.0, 90]","[128.0, 30]","[135.0, 18]","[268.93, 28]",132.0,166,6.0,0.45
07:39:12,"[129.0, 88]","[128.0, 55]","[133.73, 33]","[134.82, 33]",131.36,209,4.73,0.37
07:39:13,"[130.0, 80]","[129.0, 104]","[132.0, 39]","[133.0, 39]",131.0,262,2.0,0.4
07:39:14,"[130.12, 34]","[129.16, 76]","[131.88, 34]","[132.83, 36]",131.0,180,1.76,0.22
07:39:15,"[130.05, 22]","[129.05, 59]","[253.82, 22]","[382.26, 35]",191.93,138,123.77,0.17
07:39:16,"[130.0, 18]","[129.0, 48]","[235.71, 21]","[288.57, 21]",182.86,108,105.71,0.22
07:39:17,"[130.21, 19]","[129.23, 52]","[234.38, 16]","[316.76, 21]",182.29,108,104.16,0.31
07:39:18,"[130.4, 15]","[129.43, 42]","[202.33, 30]","[222.75, 16]",166.37,103,71.93,0.11
07:39:19,"[130.0, 48]","[129.0, 80]","[196.65, 17]","[203.72, 25]",163.32,170,66.65,0.51
07:39:20,"[130.0, 40]","[129.0, 64]","[194.14, 14]","[195.4, 10]",162.07,128,64.14,0.62
07:39:21,"[130.0, 43]","[129.0, 72]","[160.0, 45]","[194.0, 18]",145.0,178,30.0,0.29
07:39:22,"[130.41, 29]","[129.04, 75]","[153.53, 34]","[159.43, 35]",141.97,173,23.12,0.2
07:39:23,"[130.0, 27]","[129.0, 72]","[163.0, 14]","[327.52, 33]",146.5,146,33.0,0.36
07:39:24,"[129.06, 51]","[128.21, 38]","[145.86, 14]","[186.29, 14]",137.46,117,16.8,0.52
07:39:25,"[129.0, 62]","[128.0, 66]","[143.91, 22]","[452.05, 43]",136.45,193,14.91,0.33
07:39:26,"[129.29, 34]","[128.06, 51]","[141.22, 18]","[484.67, 45]",135.26,148,11.93,0.15
07:39:27,"[130.61, 89]","[129.56, 54]","[139.0, 22]","[418.82, 55]",134.8,220,8.39,0.3
07:39:28,"[136.0, 27]","[133.56, 90]","[139.0, 18]","[357.56, 45]",137.5,180,3.0,0.3
07:39:29,"[134.07, 83]","[130.42, 38]","[138.27, 22]","[338.0, 55]",136.17,198,4.2,0.22
07:39:30,"[134.0, 88]","[130.0, 22]","[138.0, 22]","[309.36, 55]",136.0,187,4.0,0.18
07:39:31,"[134.0, 78]","[130.0, 24]","[136.17, 24]","[341.5, 60]",135.08,186,2.17,0.1
07:39:32,"[134.0, 30]","[130.0, 22]","[136.0, 22]","[362.45, 55]",135.0,129,2.0,-0.19
07:39:33,"[129.45, 22]","[128.03, 122]","[135.36, 22]","[149.36, 55]",132.41,221,5.91,0.3
07:39:34,"[131.45, 11]","[129.83, 72]","[134.0, 22]","[273.0, 55]",132.73,160,2.55,0.04
07:39:35,"[132.0, 108]","[130.0, 120]","[134.0, 20]","[256.5, 50]",133.0,298,2.0,0.53
07:39:36,"[132.0, 165]","[130.0, 132]","[133.18, 22]","[214.73, 55]",132.59,374,1.18,0.59
07:39:37,"[132.0, 130]","[130.0, 108]","[133.0, 18]","[210.0, 45]",132.5,301,1.0,0.58
07:39:38,"[132.0, 78]","[130.0, 108]","[133.0, 18]","[296.8, 41]",132.5,245,1.0,0.52
07:39:39,"[132.0, 54]","[130.0, 108]","[192.79, 19]","[402.53, 17]",162.39,198,60.79,0.64
07:39:40,"[132.0, 37]","[130.0, 144]","[237.85, 13]","[387.74, 19]",184.92,213,105.85,0.7
07:39:41,"[130.37, 120]","[129.38, 132]","[140.19, 16]","[142.0, 32]",135.28,300,9.82,0.68
07:39:42,"[134.0, 36]","[130.45, 132]","[136.95, 40]","[137.15, 40]",135.47,248,2.95,0.35
07:39:43,"[131.6, 30]","[130.14, 111]","[134.16, 31]","[135.12, 43]",132.88,215,2.56,0.31
07:39:44,"[131.0, 23]","[130.0, 96]","[132.25, 20]","[134.05, 22]",131.62,161,1.25,0.48
07:39:45,"[131.0, 24]","[130.0, 144]","[132.0, 49]","[133.0, 12]",131.5,229,1.0,0.47
07:39:46,"[130.04, 84]","[129.82, 39]","[131.33, 36]","[232.58, 38]",130.68,197,1.3,0.25
07:39:47,"[130.0, 27]","[129.0, 7]","[210.62, 29]","[292.67, 27]",170.31,90,80.62,-0.24
07:39:48,"[130.0, 8]","[129.0, 8]","[239.43, 14]","[252.69, 26]",184.71,56,109.43,-0.43
07:39:49,"[130.0, 13]","[129.0, 13]","[237.18, 34]","[238.77, 31]",183.59,91,107.18,-0.43
07:39:50,"[130.0, 8]","[129.0, 8]","[236.8, 20]","[237.2, 20]",183.4,56,106.8,-0.43
07:39:51,"[130.0, 11]","[129.0, 11]","[235.29, 14]","[236.39, 41]",182.64,77,105.29,-0.43
07:39:52,"[130.0, 18]","[129.0, 18]","[187.98, 62]","[194.92, 50]",158.99,148,57.98,-0.51
07:39:53,"[129.46, 13]","[128.07, 83]","[146.85, 40]","[149.32, 25]",138.16,161,17.39,0.19
07:39:54,"[128.52, 46]","[126.29, 34]","[144.91, 23]","[146.0, 47]",136.72,150,16.39,0.07
07:39:55,"[132.9, 49]","[127.77, 78]","[142.71, 21]","[143.17, 24]",137.81,172,9.82,0.48
07:39:56,"[134.0, 73]","[128.0, 153]","[140.42, 19]","[142.38, 61]",137.21,306,6.42,0.48
07:39:57,"[134.0, 33]","[128.0, 99]","[137.27, 30]","[138.19, 31]",135.63,193,3.27,0.37
07:39:58,"[128.46, 92]","[126.21, 67]","[135.36, 28]","[165.92, 48]",131.91,235,6.9,0.35
07:39:59,"[128.0, 60]","[125.0, 44]","[131.08, 51]","[133.5, 24]",129.54,179,3.08,0.16
07:40:00,"[125.43, 28]","[106.74, 23]","[130.05, 21]","[130.33, 24]",127.74,96,4.62,0.06
07:40:01,"[123.21, 42]","[116.0, 48]","[126.24, 17]","[128.44, 36]",124.72,143,3.02,0.26
07:40:02,"[121.2, 10]","[120.0, 50]","[126.32, 19]","[135.76, 17]",123.76,96,5.12,0.25
07:40:03,"[123.1, 10]","[120.0, 50]","[131.2, 10]","[190.9, 40]",127.15,110,8.1,0.09
07:40:04,"[127.21, 117]","[115.83, 35]","[272.68, 22]","[351.12, 64]",199.94,238,145.48,0.28
07:40:05,"[131.27, 74]","[128.8, 25]","[500.61, 31]","[576.41, 22]",315.94,152,369.34,0.3
07:40:06,"[136.0, 141]","[134.0, 39]","[424.96, 52]","[487.29, 42]",280.48,274,288.96,0.31
07:40:07,"[136.0, 112]","[134.0, 42]","[332.83, 47]","[433.4, 58]",234.41,259,196.83,0.19
07:40:08,"[136.0, 76]","[134.0, 36]","[310.0, 12]","[500.08, 52]",223.0,176,174.0,0.27
07:40:09,"[136.0, 24]","[134.0, 24]","[294.73, 11]","[580.43, 23]",215.36,82,158.73,0.17
07:40:10,"[134.0, 24]","[130.0, 144]","[270.85, 26]","[454.77, 13]",202.42,207,136.85,0.62
07:40:11,"[130.17, 94]","[129.19, 124]","[287.08, 24]","[351.0, 48]",208.63,290,156.91,0.5
07:40:12,"[130.0, 30]","[129.0, 60]","[285.17, 12]","[365.62, 8]",207.58,110,155.17,0.64
07:40:13,"[130.0, 21]","[129.0, 50]","[285.0, 10]","[390.0, 5]",207.5,86,155.0,0.65
07:40:14,"[130.0, 23]","[129.0, 80]","[284.0, 16]","[410.5, 20]",207.0,139,154.0,0.48
07:40:15,"[130.62, 13]","[129.07, 54]","[253.65, 17]","[387.53, 17]",192.13,101,123.03,0.33
07:40:16,"[129.4, 30]","[128.12, 48]","[179.33, 12]","[180.33, 12]",154.37,102,49.93,0.53
07:40:17,"[129.0, 96]","[128.0, 180]","[174.52, 29]","[177.28, 29]",151.76,334,45.52,0.65
07:40:18,"[129.0, 33]","[128.0, 90]","[160.5, 12]","[161.82, 22]",144.75,157,31.5,0.57
07:40:19,"[129.67, 60]","[128.4, 100]","[156.93, 29]","[158.75, 24]",143.3,213,27.26,0.5
07:40:20,"[130.0, 45]","[129.0, 45]","[152.91, 22]","[154.26, 23]",141.45,135,22.91,0.33
07:40:21,"[130.0, 25]","[129.0, 63]","[148.33, 24]","[149.5, 28]",139.17,140,18.33,0.26
07:40:22,"[129.89, 53]","[128.28, 133]","[144.28, 36]","[145.26, 34]",137.08,256,14.39,0.45
07:40:23,"[128.44, 80]","[127.5, 126]","[140.0, 26]","[140.91, 22]",134.22,254,11.56,0.62
07:40:24,"[128.16, 98]","[127.45, 137]","[138.0, 28]","[139.07, 30]",133.08,293,9.84,0.6
07:40:25,"[130.69, 32]","[129.06, 106]","[133.07, 42]","[134.54, 37]",131.88,217,2.38,0.27
07:40:26,"[130.12, 8]","[129.01, 86]","[131.75, 16]","[225.61, 23]",130.94,133,1.62,0.41
07:40:27,"[129.04, 83]","[128.25, 118]","[177.0, 29]","[300.94, 35]",153.02,265,47.96,0.52
07:40:28,"[129.68, 44]","[128.18, 67]","[341.43, 21]","[553.76, 29]",235.56,161,211.75,0.38
07:40:29,"[132.0, 45]","[129.0, 54]","[444.81, 31]","[599.78, 27]",288.4,157,312.81,0.26
07:40:30,"[132.0, 30]","[129.0, 36]","[340.75, 28]","[586.3, 20]",236.38,114,208.75,0.16
07:40:31,"[132.0, 23]","[129.0, 66]","[379.9, 51]","[625.32, 37]",255.95,177,247.9,0.01
07:40:32,"[135.75, 16]","[131.14, 21]","[341.25, 80]","[407.56, 48]",238.5,165,205.5,-0.55
07:40:33,"[129.28, 25]","[128.1, 41]","[397.04, 25]","[628.76, 41]",263.16,132,267.76,0.0
07:40:34,"[129.32, 22]","[128.26, 34]","[416.0, 16]","[429.0, 24]",272.66,96,286.68,0.17
07:40:35,"[130.0, 6]","[129.0, 12]","[416.0, 8]","[429.0, 12]",273.0,38,286.0,-0.05
07:40:36,"[130.0, 6]","[129.0, 18]","[365.44, 18]","[425.75, 16]",247.72,58,235.44,-0.17
07:40:37,"[130.0, 7]","[129.0, 21]","[419.08, 26]","[473.48, 21]",274.54,75,289.08,-0.25
07:40:38,"[130.0, 8]","[129.0, 24]","[430.59, 32]","[500.4, 30]",280.3,94,300.59,-0.32
07:40:39,"[130.0, 8]","[129.0, 24]","[276.27, 26]","[392.38, 24]",203.13,82,146.27,-0.22
07:40:40,"[130.0, 12]","[129.0, 36]","[272.89, 45]","[275.03, 29]",201.44,122,142.89,-0.21
07:40:41,"[128.95, 19]","[127.88, 74]","[243.67, 39]","[237.23, 31]",186.31,163,114.72,0.14
07:40:42,"[128.25, 40]","[127.3, 54]","[182.72, 36]","[185.85, 26]",155.49,156,54.47,0.21
07:40:43,"[125.0, 57]","[124.0, 19]","[149.84, 49]","[164.73, 26]",137.42,151,24.84,0.01
07:40:44,"[125.05, 41]","[124.19, 16]","[135.07, 43]","[136.5, 16]",130.06,116,10.02,-0.02
07:40:45,"[127.21, 52]","[125.44, 27]","[134.46, 26]","[135.16, 25]",130.84,130,7.25,0.22
07:40:46,"[128.0, 122]","[126.0, 28]","[131.43, 23]","[132.63, 27]",129.72,200,3.43,0.5
07:40:47,"[128.0, 100]","[124.67, 30]","[129.86, 14]","[130.75, 16]",128.93,160,1.86,0.62
07:40:48,"[128.04, 97]","[125.25, 64]","[178.92, 39]","[351.08, 52]",153.48,252,50.88,0.28
07:40:49,"[128.0, 77]","[124.0, 44]","[142.0, 33]","[176.43, 37]",135.0,191,14.0,0.27
07:40:50,"[129.58, 48]","[128.0, 36]","[177.67, 36]","[276.5, 52]",153.62,172,48.08,-0.02
07:40:51,"[131.33, 15]","[128.0, 36]","[176.33, 36]","[215.0, 24]",153.83,111,45.0,-0.08
07:40:52,"[124.98, 41]","[120.7, 23]","[175.12, 24]","[365.0, 16]",150.05,104,50.15,0.23
07:40:53,"[124.0, 68]","[96.0, 24]","[175.0, 18]","[441.0, 18]",149.5,128,51.0,0.44
07:40:54,"[124.0, 80]","[96.0, 32]","[174.12, 24]","[370.23, 26]",149.06,162,50.12,0.38
07:40:55,"[124.0, 108]","[83.73, 44]","[172.83, 36]","[369.96, 25]",148.42,213,48.83,0.43
07:40:56,"[124.0, 80]","[50.17, 24]","[172.0, 33]","[357.57, 28]",148.0,165,48.0,0.26
07:40:57,"[124.0, 22]","[61.67, 24]","[141.33, 18]","[227.82, 33]",132.67,97,17.33,-0.05
07:40:58,"[125.78, 37]","[98.16, 43]","[141.43, 35]","[202.83, 35]",133.61,150,15.64,0.07
07:40:59,"[131.35, 37]","[128.74, 47]","[138.0, 12]","[139.0, 36]",134.68,132,6.65,0.27
07:41:00,"[131.14, 28]","[127.29, 28]","[136.75, 12]","[189.12, 16]",133.95,84,5.61,0.33
07:41:01,"[129.0, 48]","[125.0, 52]","[133.9, 20]","[134.89, 36]",131.45,156,4.9,0.28
07:41:02,"[129.75, 48]","[127.29, 63]","[133.21, 47]","[177.98, 53]",131.48,211,3.46,0.05
07:41:03,"[129.85, 52]","[128.26, 54]","[131.0, 52]","[143.69, 65]",130.42,223,1.15,-0.05
07:41:04,"[127.75, 51]","[120.28, 39]","[201.2, 45]","[328.57, 56]",164.47,191,73.45,-0.06
07:41:05,"[132.0, 18]","[129.0, 6]","[263.0, 24]","[386.0, 30]",197.5,78,131.0,-0.38
07:41:06,"[132.0, 30]","[129.0, 10]","[150.96, 49]","[441.11, 44]",141.48,133,18.96,-0.4
07:41:07,"[132.0, 45]","[129.0, 9]","[230.78, 45]","[413.81, 37]",181.39,136,98.78,-0.21
07:41:08,"[133.63, 108]","[131.8, 59]","[251.15, 40]","[324.07, 45]",192.39,252,117.52,0.33
07:41:09,"[134.0, 122]","[132.0, 80]","[267.31, 16]","[447.0, 61]",200.66,279,133.31,0.45
07:41:10,"[134.0, 88]","[132.0, 65]","[264.15, 13]","[504.0, 65]",199.08,231,130.15,0.32
07:41:11,"[134.0, 62]","[132.0, 70]","[217.06, 18]","[440.6, 65]",175.53,215,83.06,0.23
07:41:12,"[133.09, 44]","[131.57, 35]","[157.3, 23]","[159.79, 39]",145.2,141,24.21,0.12
07:41:13,"[132.0, 48]","[129.0, 12]","[155.26, 27]","[155.94, 33]",143.63,120,23.26,0.0
07:41:14,"[132.67, 24]","[131.29, 21]","[153.0, 36]","[154.0, 9]",142.83,90,20.33,0.0
07:41:15,"[136.0, 11]","[132.0, 44]","[152.55, 44]","[154.0, 11]",144.27,110,16.55,0.0
07:41:16,"[134.25, 12]","[130.53, 57]","[150.93, 29]","[152.05, 37]",142.59,135,16.68,0.02
07:41:17,"[129.0, 8]","[128.0, 56]","[148.4, 10]","[149.86, 14]",138.7,88,19.4,0.45
07:41:18,"[129.0, 15]","[128.0, 105]","[146.36, 22]","[147.61, 23]",137.68,165,17.36,0.45
07:41:19,"[129.0, 11]","[128.0, 97]","[142.35, 26]","[145.82, 17]",135.67,151,13.35,0.43
07:41:20,"[128.23, 43]","[126.71, 112]","[138.93, 29]","[140.4, 47]",133.58,231,10.7,0.34
07:41:21,"[128.4, 25]","[126.67, 54]","[133.26, 27]","[134.71, 14]",130.83,120,4.86,0.32
07:41:22,"[128.0, 28]","[125.0, 112]","[130.45, 31]","[132.07, 29]",129.23,200,2.45,0.4
07:41:23,"[125.1, 58]","[124.12, 64]","[127.62, 16]","[129.0, 10]",126.36,148,2.52,0.65
07:41:24,"[125.14, 28]","[124.4, 40]","[128.29, 7]","[344.5, 8]",126.71,83,3.14,0.64
07:41:25,"[126.55, 80]","[125.0, 48]","[130.0, 12]","[390.85, 26]",128.28,166,3.45,0.54
07:41:26,"[126.11, 35]","[124.25, 59]","[255.75, 16]","[350.86, 28]",190.93,138,129.64,0.36
07:41:27,"[126.86, 42]","[123.8, 129]","[203.55, 44]","[222.5, 32]",165.2,247,76.69,0.38
07:41:28,"[124.0, 64]","[123.0, 64]","[231.86, 21]","[381.83, 24]",177.93,173,107.86,0.48
07:41:29,"[124.0, 24]","[123.0, 24]","[220.6, 10]","[343.6, 10]",172.3,68,96.6,0.41
07:41:30,"[125.19, 84]","[123.38, 104]","[297.36, 50]","[331.14, 56]",211.28,294,172.17,0.28
07:41:31,"[123.51, 82]","[121.73, 55]","[180.82, 33]","[183.0, 22]",152.17,192,57.31,0.43
07:41:32,"[123.0, 44]","[101.86, 14]","[179.71, 21]","[183.0, 14]",151.36,93,56.71,0.25
07:41:33,"[126.6, 30]","[121.87, 75]","[178.73, 45]","[277.55, 58]",152.67,208,52.13,0.01
07:41:34,"[119.37, 27]","[114.07, 45]","[176.8, 45]","[324.39, 46]",148.09,163,57.43,-0.12
07:41:35,"[123.2, 110]","[120.96, 54]","[174.82, 50]","[265.05, 57]",149.01,271,51.62,0.21
07:41:36,"[124.17, 35]","[123.15, 66]","[172.86, 28]","[173.91, 35]",148.51,164,48.69,0.23
07:41:37,"[129.67, 36]","[123.81, 86]","[166.53, 57]","[171.84, 55]",148.1,234,36.86,0.04
07:41:38,"[134.0, 30]","[128.36, 44]","[168.0, 36]","[169.06, 34]",151.0,144,34.0,0.03
07:41:39,"[134.0, 30]","[132.0, 40]","[164.44, 34]","[165.4, 35]",149.22,139,30.44,0.01
07:41:40,"[134.0, 21]","[132.0, 28]","[161.29, 21]","[163.31, 26]",147.64,96,27.29,0.02
07:41:41,"[134.0, 27]","[132.0, 36]","[156.82, 33]","[158.78, 27]",145.41,123,22.82,0.02
07:41:42,"[134.0, 51]","[131.91, 89]","[152.3, 63]","[156.48, 58]",143.15,261,18.3,0.07
07:41:43,"[134.0, 69]","[132.0, 105]","[147.84, 61]","[148.88, 64]",140.92,299,13.84,0.16
07:41:44,"[134.0, 43]","[132.0, 63]","[143.3, 33]","[145.4, 30]",138.65,169,9.3,0.25
07:41:45,"[132.27, 59]","[130.88, 64]","[138.9, 52]","[140.07, 46]",135.59,221,6.63,0.11
07:41:46,"[132.0, 66]","[130.0, 56]","[134.44, 59]","[135.51, 61]",133.22,242,2.44,0.01
07:41:47,"[132.24, 25]","[129.2, 40]","[135.02, 59]","[136.82, 51]",133.63,175,2.78,-0.26
07:41:48,"[130.0, 9]","[128.0, 36]","[134.93, 43]","[137.48, 29]",132.47,117,4.93,-0.23
07:41:49,"[129.0, 16]","[127.76, 34]","[131.6, 47]","[138.1, 31]",130.3,128,2.6,-0.22
07:41:50,"[128.0, 36]","[124.0, 9]","[145.43, 42]","[380.0, 20]",136.71,107,17.43,-0.16
07:41:51,"[132.0, 50]","[128.08, 37]","[438.6, 20]","[476.93, 28]",285.3,135,306.6,0.29
07:41:52,"[132.0, 52]","[128.0, 48]","[304.03, 29]","[445.54, 26]",218.02,155,172.03,0.29
07:41:53,"[132.0, 16]","[128.0, 37]","[436.75, 16]","[635.0, 32]",284.38,101,304.75,0.05
07:41:54,"[128.44, 36]","[126.35, 17]","[432.33, 18]","[473.6, 20]",280.39,91,303.89,0.16
07:41:55,"[128.0, 28]","[124.0, 7]","[430.0, 14]","[431.0, 14]",279.0,63,302.0,0.11
07:41:56,"[128.43, 30]","[127.0, 28]","[392.27, 30]","[429.43, 28]",260.35,116,263.83,0.0
07:41:57,"[128.74, 27]","[125.6, 15]","[155.4, 30]","[309.74, 27]",142.07,99,26.66,-0.15
07:41:58,"[129.5, 36]","[126.0, 18]","[153.17, 24]","[197.4, 40]",141.33,118,23.67,-0.08
07:41:59,"[128.0, 12]","[124.0, 4]","[152.75, 8]","[355.75, 8]",140.38,32,24.75,0.0
07:42:00,"[128.8, 75]","[127.51, 41]","[149.29, 34]","[150.71, 34]",139.05,184,20.49,0.26
07:42:01,"[129.67, 27]","[125.94, 31]","[148.7, 33]","[149.35, 23]",139.18,114,19.03,0.02
07:42:02,"[131.0, 33]","[128.0, 33]","[144.18, 22]","[145.91, 22]",137.59,110,13.18,0.2
07:42:03,"[128.69, 39]","[125.89, 19]","[139.31, 26]","[141.54, 26]",134.0,110,10.62,0.05
07:42:04,"[128.0, 30]","[124.0, 25]","[137.3, 20]","[138.8, 20]",132.65,95,9.3,0.16
07:42:05,"[128.0, 27]","[124.0, 9]","[136.33, 18]","[220.25, 24]",132.17,78,8.33,-0.08
07:42:06,"[125.77, 47]","[124.46, 24]","[256.17, 30]","[422.77, 52]",190.97,153,130.4,-0.07
07:42:07,"[129.89, 18]","[124.82, 22]","[500.57, 14]","[560.41, 22]",315.23,76,370.68,0.05
07:42:08,"[98.91, 35]","[61.52, 62]","[357.3, 57]","[420.96, 24]",228.11,178,258.38,0.09
07:42:09,"[117.88, 8]","[85.32, 22]","[221.23, 26]","[280.67, 30]",169.55,86,103.36,-0.3
07:42:10,"[118.0, 32]","[90.6, 50]","[191.86, 43]","[202.34, 47]",154.93,172,73.86,-0.05
07:42:11,"[89.07, 30]","[40.6, 20]","[170.42, 12]","[185.41, 17]",129.74,79,81.35,0.27
07:42:12,"[100.76, 59]","[95.13, 70]","[124.38, 24]","[126.09, 11]",112.57,164,23.61,0.57
07:42:13,"[102.0, 40]","[84.81, 32]","[123.77, 13]","[124.45, 11]",112.88,96,21.77,0.5
07:42:14,"[102.67, 45]","[69.0, 31]","[121.54, 13]","[122.43, 14]",112.1,103,18.87,0.48
07:42:15,"[105.06, 48]","[71.52, 42]","[118.2, 10]","[120.0, 12]",111.63,112,13.14,0.61
07:42:16,"[104.24, 33]","[87.5, 40]","[116.89, 9]","[118.0, 9]",110.57,91,12.65,0.6
07:42:17,"[105.64, 22]","[104.41, 34]","[116.0, 18]","[118.0, 8]",110.82,82,10.36,0.37
07:42:18,"[108.62, 42]","[106.57, 42]","[156.5, 32]","[174.63, 30]",132.56,146,47.88,0.15
07:42:19,"[112.03, 34]","[110.44, 43]","[225.0, 55]","[422.0, 11]",168.51,143,112.97,0.08
07:42:20,"[125.88, 32]","[121.27, 26]","[225.0, 45]","[455.8, 10]",175.44,113,99.12,0.03
07:42:21,"[129.73, 44]","[128.35, 46]","[226.81, 68]","[495.74, 31]",178.27,189,97.08,-0.05
07:42:22,"[129.22, 63]","[128.51, 71]","[262.11, 37]","[492.93, 28]",195.67,199,132.89,0.35
07:42:23,"[129.59, 22]","[128.69, 29]","[230.0, 12]","[505.69, 16]",179.8,79,100.41,0.29
07:42:24,"[130.71, 62]","[129.52, 63]","[364.41, 34]","[451.3, 54]",247.56,213,233.7,0.17
07:42:25,"[134.0, 17]","[129.25, 53]","[373.15, 26]","[535.0, 20]",253.58,116,239.15,0.21
07:42:26,"[134.0, 13]","[132.0, 44]","[261.36, 11]","[263.0, 33]",197.68,101,127.36,0.13
07:42:27,"[134.0, 33]","[132.0, 44]","[259.82, 11]","[276.21, 28]",196.91,116,125.82,0.33
07:42:28,"[134.0, 21]","[132.0, 28]","[227.44, 9]","[248.2, 15]",180.72,73,93.44,0.34
07:42:29,"[134.0, 24]","[132.0, 32]","[209.38, 8]","[228.0, 24]",171.69,88,75.38,0.27
07:42:30,"[134.0, 24]","[132.0, 40]","[208.25, 8]","[267.0, 24]",171.12,96,74.25,0.33
07:42:31,"[134.0, 30]","[132.0, 60]","[208.0, 10]","[316.65, 34]",171.0,134,74.0,0.34
07:42:32,"[129.7, 116]","[128.9, 104]","[207.13, 15]","[431.33, 42]",168.42,277,77.44,0.59
07:42:33,"[129.0, 26]","[128.0, 79]","[165.08, 12]","[193.0, 18]",147.04,135,36.08,0.56
07:42:34,"[128.87, 30]","[127.74, 47]","[147.22, 18]","[148.17, 18]",138.04,113,18.36,0.36
07:42:35,"[129.93, 67]","[128.47, 53]","[145.17, 24]","[147.0, 12]",137.55,156,15.24,0.54
07:42:36,"[130.0, 88]","[129.0, 85]","[143.48, 23]","[144.42, 24]",136.74,220,13.48,0.57
07:42:37,"[130.0, 40]","[129.0, 50]","[138.0, 15]","[139.9, 10]",134.0,115,8.0,0.57
07:42:38,"[130.0, 48]","[129.0, 60]","[134.9, 21]","[136.47, 15]",132.45,144,4.9,0.5
07:42:39,"[129.57, 46]","[128.67, 60]","[132.17, 24]","[133.0, 29]",130.87,159,2.6,0.33
07:42:40,"[129.0, 18]","[128.0, 36]","[130.0, 9]","[135.0, 9]",129.5,72,1.0,0.5
07:42:41,"[129.0, 24]","[128.0, 48]","[130.0, 12]","[135.0, 12]",129.5,96,1.0,0.5
07:42:42,"[128.77, 53]","[126.67, 42]","[155.02, 48]","[176.74, 42]",141.9,185,26.25,0.03
07:42:43,"[128.0, 23]","[123.75, 103]","[150.2, 25]","[187.27, 59]",139.1,210,22.2,0.2
07:42:44,"[130.43, 35]","[125.29, 48]","[278.35, 26]","[367.64, 25]",204.39,134,147.92,0.24
07:42:45,"[125.0, 24]","[124.0, 32]","[394.17, 18]","[479.25, 20]",259.58,94,269.17,0.19
07:42:46,"[127.83, 35]","[124.61, 61]","[392.0, 57]","[470.49, 35]",259.91,188,264.17,0.02
07:42:47,"[124.57, 65]","[111.77, 62]","[270.97, 35]","[398.31, 32]",197.77,194,146.4,0.31
07:42:48,"[125.0, 90]","[124.0, 40]","[155.39, 31]","[205.4, 25]",140.19,186,30.39,0.4
07:42:49,"[125.0, 90]","[124.0, 52]","[215.2, 30]","[302.31, 26]",170.1,198,90.2,0.43
07:42:50,"[125.62, 16]","[124.11, 18]","[377.0, 12]","[441.67, 12]",251.31,58,251.38,0.17
07:42:51,"[130.0, 10]","[127.0, 18]","[334.1, 20]","[579.8, 20]",232.05,68,204.1,-0.18
07:42:52,"[100.78, 36]","[50.1, 48]","[453.64, 22]","[642.2, 20]",277.21,126,352.86,0.33
07:42:53,"[95.4, 45]","[48.91, 55]","[118.0, 36]","[128.56, 39]",106.7,175,22.6,0.14
07:42:54,"[91.0, 60]","[81.78, 23]","[120.61, 23]","[214.88, 16]",105.8,122,29.61,0.36
07:42:55,"[84.44, 27]","[78.35, 51]","[122.0, 30]","[123.0, 6]",103.22,114,37.56,0.37
07:42:56,"[85.57, 28]","[79.79, 77]","[122.0, 35]","[123.0, 7]",103.79,147,36.43,0.43
07:42:57,"[90.0, 48]","[84.0, 48]","[122.5, 10]","[124.67, 6]",106.25,112,32.5,0.71
07:42:58,"[91.14, 28]","[89.4, 20]","[123.0, 3]","[125.0, 3]",107.07,54,31.86,0.78
07:42:59,"[99.91, 33]","[90.95, 76]","[122.8, 10]","[124.04, 27]",111.35,146,22.89,0.49
07:43:00,"[122.34, 41]","[121.15, 39]","[124.27, 22]","[206.71, 35]",123.31,137,1.93,0.17
07:43:01,"[112.69, 39]","[91.06, 68]","[170.0, 16]","[200.03, 29]",141.35,152,57.31,0.41
07:43:02,"[64.69, 116]","[54.34, 114]","[182.37, 41]","[400.71, 28]",123.53,299,117.68,0.54
07:43:03,"[129.13, 46]","[121.86, 28]","[218.6, 30]","[378.8, 35]",173.87,139,89.47,0.06
07:43:04,"[129.92, 72]","[128.82, 22]","[251.0, 16]","[310.0, 32]",190.46,142,121.08,0.32
07:43:05,"[131.25, 88]","[129.0, 24]","[306.07, 30]","[414.22, 18]",218.66,160,174.82,0.4
07:43:06,"[132.0, 88]","[129.0, 24]","[301.77, 31]","[410.89, 18]",216.89,161,169.77,0.39
07:43:07,"[132.0, 121]","[129.94, 17]","[271.32, 31]","[376.97, 35]",201.66,204,139.32,0.35
07:43:08,"[132.09, 121]","[131.0, 11]","[136.29, 34]","[226.43, 21]",134.19,187,4.2,0.41
07:43:09,"[134.0, 89]","[129.17, 23]","[136.0, 36]","[137.0, 18]",135.0,166,2.0,0.35
07:43:10,"[134.0, 39]","[129.48, 25]","[135.0, 36]","[146.14, 14]",134.5,114,1.0,0.12
07:43:11,"[133.0, 6]","[129.75, 8]","[146.33, 6]","[634.78, 9]",139.67,29,13.33,-0.03
07:43:12,"[132.0, 9]","[129.0, 27]","[167.8, 10]","[498.7, 20]",149.9,66,35.8,0.09
07:43:13,"[129.0, 24]","[128.0, 42]","[166.07, 15]","[236.64, 22]",147.53,103,37.07,0.28
07:43:14,"[129.0, 24]","[128.0, 48]","[164.13, 15]","[211.27, 26]",146.57,113,35.13,0.27
07:43:15,"[127.71, 14]","[104.89, 37]","[160.59, 29]","[161.91, 11]",144.15,91,32.87,0.12
07:43:16,"[130.0, 176]","[80.57, 21]","[158.68, 31]","[159.11, 19]",144.34,247,28.68,0.6
07:43:17,"[130.66, 47]","[117.33, 138]","[156.0, 10]","[158.0, 40]",143.33,235,25.34,0.57
07:43:18,"[133.43, 14]","[132.0, 28]","[151.68, 34]","[154.44, 50]",142.55,126,18.25,-0.33
07:43:19,"[134.71, 14]","[132.43, 23]","[150.0, 52]","[151.0, 46]",142.36,135,15.29,-0.45
07:43:20,"[133.71, 14]","[130.32, 74]","[148.2, 30]","[150.0, 40]",140.96,158,14.49,0.11
07:43:21,"[132.59, 17]","[130.04, 104]","[146.2, 20]","[147.64, 25]",139.39,166,13.61,0.46
07:43:22,"[132.4, 30]","[130.02, 206]","[142.04, 24]","[143.24, 33]",137.22,293,9.64,0.61
07:43:23,"[133.08, 26]","[130.15, 110]","[135.04, 28]","[136.5, 10]",134.06,174,1.96,0.56
07:43:24,"[132.0, 16]","[130.0, 136]","[134.62, 24]","[142.0, 32]",133.31,208,2.62,0.46
07:43:25,"[130.09, 176]","[129.74, 92]","[142.48, 50]","[157.48, 61]",136.29,379,12.39,0.41
07:43:26,"[130.31, 118]","[129.64, 44]","[255.15, 13]","[348.78, 37]",192.73,212,124.85,0.53
07:43:27,"[136.0, 36]","[130.61, 123]","[231.04, 53]","[240.72, 25]",183.52,237,95.04,0.34
07:43:28,"[132.94, 51]","[131.07, 80]","[223.48, 27]","[231.5, 20]",178.21,178,90.54,0.47
07:43:29,"[132.0, 143]","[130.0, 154]","[228.4, 30]","[229.64, 44]",180.2,371,96.4,0.6
07:43:30,"[132.0, 169]","[130.0, 178]","[224.4, 40]","[225.05, 38]",178.2,425,92.4,0.63
07:43:31,"[132.0, 182]","[130.0, 212]","[219.84, 67]","[222.13, 30]",175.92,491,87.84,0.6
07:43:32,"[132.0, 117]","[130.47, 34]","[216.8, 35]","[217.94, 34]",174.4,220,84.8,0.37
07:43:33,"[132.0, 165]","[131.0, 30]","[191.94, 64]","[196.32, 37]",161.97,296,59.94,0.32
07:43:34,"[132.0, 143]","[131.0, 26]","[181.0, 34]","[184.29, 31]",156.5,234,49.0,0.44
07:43:35,"[132.0, 176]","[131.0, 32]","[163.95, 37]","[164.97, 35]",147.97,280,31.95,0.49
07:43:36,"[132.0, 143]","[131.0, 26]","[159.5, 30]","[160.69, 35]",145.75,234,27.5,0.44
07:43:37,"[132.0, 86]","[131.0, 20]","[156.54, 35]","[157.29, 35]",144.27,176,24.54,0.2
07:43:38,"[132.0, 77]","[131.0, 22]","[153.3, 33]","[153.95, 42]",142.65,174,21.3,0.14
07:43:39,"[130.94, 98]","[129.89, 36]","[151.2, 40]","[152.56, 36]",141.07,210,20.26,0.28
07:43:40,"[130.0, 135]","[129.0, 65]","[150.0, 65]","[151.0, 52]",140.0,317,20.0,0.26
07:43:41,"[130.29, 28]","[129.67, 60]","[149.93, 54]","[150.8, 50]",140.11,192,19.64,-0.08
07:43:42,"[130.16, 55]","[129.27, 75]","[148.09, 53]","[149.79, 68]",139.13,251,17.93,0.04
07:43:43,"[130.31, 13]","[129.02, 61]","[143.3, 56]","[144.35, 57]",136.81,187,13.0,-0.21
07:43:44,"[134.0, 7]","[130.0, 7]","[139.84, 32]","[140.84, 32]",136.92,78,5.84,-0.64
07:43:45,"[132.82, 17]","[129.13, 23]","[135.69, 51]","[137.25, 72]",134.25,163,2.86,-0.51
07:43:46,"[129.0, 20]","[128.0, 50]","[132.57, 47]","[133.42, 43]",130.79,160,3.57,-0.12
07:43:47,"[128.56, 64]","[127.03, 68]","[130.34, 88]","[133.52, 87]",129.45,307,1.78,-0.14
07:43:48,"[128.06, 31]","[125.47, 19]","[129.77, 26]","[133.33, 36]",128.92,112,1.7,-0.11
07:43:49,"[125.38, 16]","[124.22, 9]","[128.75, 24]","[206.62, 40]",127.06,89,3.38,-0.44
07:43:50,"[124.12, 34]","[85.14, 21]","[127.53, 32]","[220.5, 30]",125.82,117,3.41,-0.06
07:43:51,"[123.33, 21]","[68.76, 45]","[126.45, 33]","[127.75, 24]",124.89,123,3.12,0.07
07:43:52,"[90.0, 44]","[60.59, 41]","[123.0, 24]","[125.12, 24]",106.5,133,33.0,0.28
07:43:53,"[76.08, 36]","[41.14, 21]","[120.27, 11]","[122.25, 16]",98.18,84,44.19,0.36
07:43:54,"[45.0, 40]","[30.12, 16]","[118.09, 35]","[119.05, 22]",81.54,113,73.09,-0.01
07:43:55,"[53.25, 40]","[17.0, 6]","[118.0, 32]","[119.0, 24]",85.62,102,64.75,-0.1
07:43:56,"[72.43, 28]","[45.39, 23]","[120.24, 25]","[122.14, 35]",96.33,111,47.81,-0.08
07:43:57,"[108.0, 10]","[45.5, 40]","[121.79, 14]","[125.18, 39]",114.89,103,13.79,-0.03
07:43:58,"[70.5, 16]","[34.84, 19]","[124.0, 21]","[132.0, 35]",97.25,91,53.5,-0.23
07:43:59,"[58.0, 24]","[30.0, 6]","[129.0, 24]","[186.67, 30]",93.5,84,71.0,-0.29
07:44:00,"[45.52, 52]","[34.83, 12]","[291.15, 40]","[320.59, 34]",168.33,138,245.63,-0.07
07:44:01,"[87.56, 75]","[81.98, 41]","[265.72, 32]","[267.0, 39]",176.64,187,178.16,0.24
07:44:02,"[98.67, 49]","[83.2, 60]","[175.68, 47]","[213.67, 48]",137.18,204,77.01,0.07
07:44:03,"[89.33, 91]","[35.43, 42]","[121.15, 39]","[122.74, 54]",105.24,226,31.82,0.18
07:44:04,"[59.46, 39]","[34.83, 41]","[120.0, 45]","[122.0, 16]",89.73,141,60.54,0.13
07:44:05,"[65.25, 32]","[52.06, 32]","[120.0, 15]","[122.0, 22]",92.62,101,54.75,0.27
07:44:06,"[73.31, 13]","[66.8, 10]","[129.58, 26]","[273.89, 9]",101.44,58,56.27,-0.21
07:44:07,"[123.33, 12]","[97.11, 18]","[352.53, 17]","[578.6, 10]",237.93,57,229.2,0.05
07:44:08,"[124.0, 18]","[123.0, 6]","[307.57, 7]","[499.71, 7]",215.79,38,183.57,0.26
07:44:09,"[126.89, 9]","[123.8, 5]","[222.0, 5]","[270.56, 9]",174.44,28,95.11,0.0
07:44:10,"[127.0, 13]","[123.67, 9]","[222.0, 9]","[293.91, 33]",174.5,64,95.0,-0.31
07:44:11,"[126.14, 7]","[123.0, 7]","[222.0, 7]","[649.0, 7]",174.07,28,95.86,0.0
07:44:12,"[128.64, 11]","[123.0, 11]","[141.19, 31]","[347.52, 27]",134.91,80,12.56,-0.45
07:44:13,"[129.0, 4]","[123.0, 4]","[139.0, 20]","[221.0, 4]",134.0,32,10.0,-0.5
07:44:14,"[114.79, 14]","[81.61, 18]","[224.1, 29]","[548.85, 26]",169.44,87,109.32,-0.26
07:44:15,"[129.22, 9]","[87.78, 9]","[340.05, 21]","[433.22, 18]",234.63,57,210.83,-0.37
07:44:16,"[130.0, 8]","[129.0, 8]","[221.82, 17]","[428.88, 17]",175.91,50,91.82,-0.36
07:44:17,"[129.55, 11]","[114.48, 31]","[303.46, 26]","[429.44, 32]",216.5,100,173.92,-0.16
07:44:18,"[117.43, 14]","[110.0, 46]","[296.57, 30]","[540.32, 25]",207.0,115,179.14,0.04
07:44:19,"[117.71, 21]","[111.55, 33]","[120.0, 33]","[125.0, 27]",118.86,114,2.29,-0.05
07:44:20,"[118.0, 35]","[111.0, 35]","[119.56, 18]","[123.95, 19]",118.78,107,1.56,0.31
07:44:21,"[118.93, 14]","[111.24, 42]","[120.62, 21]","[121.93, 29]",119.77,106,1.69,0.06
07:44:22,"[120.0, 6]","[83.4, 10]","[124.65, 17]","[164.57, 14]",122.32,47,4.65,-0.32
07:44:23,"[120.0, 10]","[85.67, 27]","[144.79, 38]","[175.36, 22]",132.39,97,24.79,-0.24
07:44:24,"[121.0, 9]","[45.67, 18]","[146.78, 9]","[293.89, 9]",133.89,45,25.78,0.2
07:44:25,"[134.0, 24]","[122.42, 12]","[339.38, 8]","[579.88, 8]",236.69,52,205.38,0.38
07:44:26,"[134.0, 23]","[125.57, 21]","[317.33, 24]","[358.76, 21]",225.67,89,183.33,-0.01
07:44:27,"[134.0, 5]","[127.0, 9]","[215.36, 11]","[261.29, 14]",174.68,39,81.36,-0.28
07:44:28,"[125.6, 20]","[91.17, 36]","[229.0, 40]","[499.6, 10]",177.3,106,103.4,0.06
07:44:29,"[123.31, 26]","[69.39, 31]","[225.64, 33]","[238.07, 41]",174.47,131,102.33,-0.13
07:44:30,"[128.0, 32]","[123.0, 16]","[224.0, 24]","[607.25, 8]",176.0,80,96.0,0.2
07:44:31,"[128.04, 25]","[124.25, 16]","[222.14, 21]","[372.35, 17]",175.09,79,94.1,0.04
07:44:32,"[123.46, 13]","[103.13, 31]","[219.1, 30]","[453.69, 26]",171.28,100,95.64,-0.12
07:44:33,"[125.67, 9]","[98.57, 7]","[201.08, 13]","[314.86, 7]",163.37,36,75.41,-0.11
07:44:34,"[124.0, 6]","[112.33, 9]","[183.0, 15]","[301.0, 20]",153.5,50,59.0,-0.4
07:44:35,"[90.23, 13]","[64.2, 20]","[182.43, 21]","[301.0, 28]",136.33,82,92.2,-0.2
07:44:36,"[104.08, 59]","[49.59, 34]","[181.0, 33]","[305.83, 41]",142.54,167,76.92,0.11
07:44:37,"[123.0, 63]","[49.44, 45]","[158.96, 28]","[231.72, 25]",140.98,161,35.96,0.34
07:44:38,"[130.95, 19]","[123.29, 73]","[178.72, 32]","[193.6, 35]",154.83,159,47.77,0.16
07:44:39,"[131.05, 21]","[130.17, 12]","[174.16, 37]","[174.39, 38]",152.6,108,43.11,-0.39
07:44:40,"[131.11, 18]","[130.33, 12]","[168.78, 23]","[170.04, 47]",149.95,100,37.67,-0.4
07:44:41,"[131.0, 24]","[130.0, 12]","[164.41, 32]","[166.15, 20]",147.7,88,33.41,-0.18
07:44:42,"[131.0, 28]","[130.0, 14]","[160.54, 46]","[161.21, 58]",145.77,146,29.54,-0.42
07:44:43,"[129.92, 26]","[128.44, 27]","[156.27, 30]","[158.24, 46]",143.09,129,26.34,-0.18
07:44:44,"[128.87, 23]","[125.94, 51]","[139.33, 36]","[140.35, 51]",134.1,161,10.46,-0.08
07:44:45,"[130.92, 37]","[126.77, 22]","[136.12, 51]","[138.0, 42]",133.52,152,5.2,-0.22
07:44:46,"[131.0, 24]","[130.0, 32]","[136.44, 18]","[137.5, 32]",133.72,106,5.44,0.06
07:44:47,"[130.0, 26]","[128.0, 7]","[134.88, 25]","[136.4, 10]",132.44,68,4.88,-0.03
07:44:48,"[130.0, 40]","[128.0, 8]","[133.0, 32]","[136.0, 8]",131.5,88,3.0,0.09
07:44:49,"[130.0, 35]","[128.0, 8]","[131.12, 32]","[174.26, 23]",130.56,98,1.12,-0.12
07:44:50,"[130.0, 50]","[128.0, 13]","[131.0, 52]","[180.0, 52]",130.5,167,1.0,-0.25
07:44:51,"[126.18, 28]","[119.84, 19]","[131.0, 40]","[367.4, 30]",128.59,117,4.82,-0.2
07:44:52,"[123.0, 45]","[109.43, 14]","[130.39, 41]","[175.84, 38]",126.7,138,7.39,-0.14
07:44:53,"[123.0, 60]","[108.0, 16]","[130.0, 40]","[131.0, 32]",126.5,148,7.0,0.03
07:44:54,"[123.0, 130]","[102.5, 24]","[129.66, 59]","[131.0, 52]",126.33,265,6.66,0.16
07:44:55,"[123.86, 42]","[122.0, 81]","[130.0, 36]","[342.57, 28]",126.93,187,6.14,0.32
07:44:56,"[126.91, 46]","[125.14, 56]","[147.5, 56]","[320.15, 59]",137.21,217,20.59,-0.06
07:44:57,"[132.59, 68]","[129.59, 68]","[196.06, 85]","[442.71, 65]",164.32,286,63.47,-0.05
07:44:58,"[134.0, 36]","[132.0, 36]","[238.33, 45]","[357.58, 24]",186.17,141,104.33,0.02
07:44:59,"[134.0, 52]","[132.0, 40]","[155.65, 31]","[255.31, 48]",144.82,171,21.65,0.08
07:45:00,"[134.0, 72]","[132.0, 36]","[160.0, 9]","[161.0, 18]",147.0,135,26.0,0.6
07:45:01,"[134.0, 64]","[132.0, 40]","[154.66, 29]","[159.23, 26]",144.33,159,20.66,0.31
07:45:02,"[134.0, 51]","[132.0, 40]","[157.05, 19]","[158.65, 26]",145.53,136,23.05,0.34
07:45:03,"[134.0, 45]","[132.0, 60]","[154.05, 22]","[155.65, 23]",144.02,150,20.05,0.4
07:45:04,"[132.57, 21]","[128.84, 38]","[152.6, 10]","[153.27, 11]",142.59,80,20.03,0.47
07:45:05,"[129.55, 49]","[127.05, 42]","[151.5, 12]","[152.8, 15]",140.53,118,21.95,0.54
07:45:06,"[130.0, 120]","[128.0, 57]","[150.53, 30]","[152.0, 15]",140.27,222,20.53,0.59
07:45:07,"[130.0, 88]","[128.0, 43]","[149.0, 11]","[150.0, 22]",139.5,164,19.0,0.6
07:45:08,"[130.36, 88]","[128.96, 67]","[147.71, 21]","[148.67, 12]",139.04,188,17.35,0.65
07:45:09,"[130.2, 158]","[128.65, 104]","[144.0, 33]","[144.95, 21]",137.1,316,13.8,0.66
07:45:10,"[130.0, 74]","[128.0, 55]","[140.45, 22]","[141.29, 17]",135.23,168,10.45,0.54
07:45:11,"[131.91, 23]","[130.8, 83]","[138.29, 28]","[140.0, 28]",135.1,162,6.37,0.31
07:45:12,"[132.35, 34]","[131.57, 92]","[135.52, 21]","[139.55, 22]",133.94,169,3.17,0.49
07:45:13,"[132.0, 39]","[131.0, 88]","[134.31, 16]","[136.18, 22]",133.16,165,2.31,0.54
07:45:14,"[131.74, 31]","[130.95, 76]","[133.0, 20]","[164.7, 20]",132.37,147,1.26,0.46
07:45:15,"[131.0, 96]","[130.0, 52]","[132.27, 15]","[192.85, 26]",131.63,189,1.27,0.57
07:45:16,"[131.72, 25]","[130.68, 37]","[510.0, 16]","[737.89, 9]",320.86,87,378.28,0.43
07:45:17,"[133.08, 24]","[131.0, 60]","[325.25, 28]","[413.67, 24]",229.17,136,192.17,0.24
07:45:18,"[134.0, 10]","[131.0, 25]","[372.0, 13]","[404.0, 9]",253.0,57,238.0,0.23
07:45:19,"[134.0, 12]","[131.0, 30]","[340.0, 18]","[342.0, 6]",237.0,66,206.0,0.27
07:45:20,"[134.0, 16]","[131.0, 40]","[294.17, 23]","[297.17, 12]",214.09,91,160.17,0.23
07:45:21,"[132.0, 42]","[130.56, 63]","[203.62, 40]","[331.71, 21]",167.81,166,71.62,0.27
07:45:22,"[130.2, 20]","[129.5, 8]","[142.69, 13]","[164.59, 17]",136.45,58,12.49,-0.03
07:45:23,"[129.0, 51]","[127.96, 78]","[140.74, 35]","[141.59, 37]",134.87,201,11.74,0.28
07:45:24,"[128.94, 34]","[125.56, 86]","[139.11, 27]","[141.0, 55]",134.03,202,10.17,0.19
07:45:25,"[128.01, 116]","[125.23, 141]","[138.1, 42]","[142.9, 72]",133.05,371,10.09,0.39
07:45:26,"[128.0, 77]","[125.0, 110]","[135.0, 25]","[136.0, 22]",131.5,234,7.0,0.6
07:45:27,"[128.0, 91]","[125.0, 110]","[134.31, 26]","[135.31, 26]",131.15,253,6.31,0.59
07:45:28,"[130.44, 41]","[126.83, 46]","[134.0, 14]","[135.0, 14]",132.22,115,3.56,0.51
07:45:29,"[133.0, 28]","[128.24, 67]","[189.76, 17]","[285.26, 19]",161.38,131,56.76,0.45
07:45:30,"[133.0, 5]","[132.0, 20]","[245.6, 5]","[347.0, 10]",189.3,40,112.6,0.25
07:45:31,"[130.47, 19]","[130.67, 42]","[336.57, 14]","[466.78, 18]",233.52,93,206.1,0.31
07:45:32,"[129.0, 60]","[128.0, 70]","[345.3, 10]","[346.78, 18]",237.15,158,216.3,0.65
07:45:33,"[128.2, 88]","[126.27, 37]","[312.0, 19]","[318.76, 25]",220.1,169,183.8,0.48
07:45:34,"[128.0, 70]","[125.0, 10]","[256.1, 10]","[257.43, 14]",192.05,104,128.1,0.54
07:45:35,"[128.0, 88]","[125.0, 15]","[214.65, 37]","[245.05, 19]",171.32,159,86.65,0.3
07:45:36,"[128.0, 16]","[125.0, 8]","[251.5, 8]","[252.75, 8]",189.75,40,123.5,0.2
07:45:37,"[128.0, 22]","[125.0, 11]","[190.94, 17]","[206.67, 15]",159.47,65,62.94,0.02
07:45:38,"[130.86, 44]","[127.9, 29]","[135.53, 17]","[136.48, 25]",133.2,115,4.67,0.27
07:45:39,"[127.36, 11]","[76.29, 14]","[132.4, 15]","[134.71, 21]",129.88,61,5.04,-0.18
07:45:40,"[126.0, 15]","[121.38, 55]","[130.25, 20]","[131.05, 20]",128.12,110,4.25,0.27
07:45:41,"[125.75, 32]","[121.6, 25]","[127.22, 9]","[129.11, 9]",126.49,75,1.47,0.52
07:45:42,"[123.0, 12]","[115.4, 50]","[126.08, 12]","[127.1, 10]",124.54,84,3.08,0.48
07:45:43,"[99.74, 38]","[82.01, 73]","[122.29, 17]","[123.7, 23]",111.02,151,22.56,0.47
07:45:44,"[98.51, 49]","[77.17, 52]","[128.69, 26]","[226.37, 38]",113.6,165,30.18,0.22
07:45:45,"[125.3, 33]","[119.95, 21]","[144.88, 58]","[183.7, 46]",135.09,158,19.58,-0.32
07:45:46,"[135.0, 12]","[131.0, 12]","[144.0, 60]","[301.32, 53]",139.5,137,9.0,-0.65
07:45:47,"[135.0, 11]","[132.09, 11]","[143.18, 55]","[324.29, 35]",139.09,112,8.18,-0.61
07:45:48,"[135.0, 11]","[133.0, 11]","[141.92, 49]","[230.12, 52]",138.46,123,6.92,-0.64
07:45:49,"[135.0, 11]","[133.0, 11]","[138.83, 41]","[139.83, 47]",136.91,110,3.83,-0.6
07:45:50,"[135.0, 13]","[133.0, 13]","[137.77, 39]","[139.0, 65]",136.38,130,2.77,-0.6
07:45:51,"[131.62, 65]","[130.57, 23]","[135.9, 78]","[224.64, 72]",133.76,238,4.28,-0.26
07:45:52,"[130.0, 96]","[129.0, 24]","[133.08, 24]","[135.0, 60]",131.54,204,3.08,0.18
07:45:53,"[130.0, 64]","[129.0, 16]","[131.12, 16]","[135.0, 40]",130.56,136,1.12,0.18
07:45:54,"[130.0, 33]","[129.0, 28]","[134.73, 67]","[235.42, 57]",132.37,185,4.73,-0.34
07:45:55,"[130.0, 4]","[129.0, 8]","[134.0, 12]","[210.0, 16]",132.0,40,4.0,-0.4
07:45:56,"[130.0, 8]","[129.0, 16]","[132.62, 24]","[210.0, 32]",131.31,80,2.62,-0.4
07:45:57,"[130.0, 6]","[129.0, 12]","[131.0, 18]","[223.83, 24]",130.5,60,1.0,-0.4
07:45:58,"[129.0, 16]","[127.0, 8]","[293.0, 32]","[663.88, 33]",211.0,89,164.0,-0.46
07:45:59,"[123.8, 15]","[114.01, 107]","[214.29, 42]","[434.62, 52]",169.04,216,90.49,0.13
07:46:00,"[131.89, 18]","[121.95, 19]","[288.3, 33]","[469.2, 30]",210.1,100,156.41,-0.26
07:46:01,"[133.0, 20]","[127.48, 29]","[366.45, 31]","[558.16, 25]",249.73,105,233.45,-0.07
07:46:02,"[131.27, 15]","[127.58, 24]","[169.0, 24]","[175.33, 30]",150.13,93,37.73,-0.16
07:46:03,"[129.0, 28]","[127.44, 27]","[136.93, 61]","[138.14, 50]",132.97,166,7.93,-0.34
07:46:04,"[129.0, 24]","[128.0, 24]","[132.71, 51]","[133.82, 33]",130.85,132,3.71,-0.27
07:46:05,"[128.57, 28]","[127.35, 46]","[130.43, 70]","[133.0, 28]",129.5,172,1.86,-0.14
07:46:06,"[127.03, 62]","[105.51, 39]","[198.48, 60]","[294.79, 48]",162.76,209,71.45,-0.03
07:46:07,"[132.33, 90]","[125.8, 40]","[241.8, 44]","[338.37, 43]",187.06,217,109.46,0.2
07:46:08,"[133.0, 32]","[131.0, 4]","[241.0, 12]","[270.63, 19]",187.0,67,108.0,0.07
07:46:09,"[133.0, 91]","[131.0, 12]","[237.84, 38]","[337.78, 51]",185.42,192,104.84,0.07
07:46:10,"[133.0, 63]","[131.0, 9]","[215.84, 31]","[220.51, 41]",174.42,144,82.84,0.0
07:46:11,"[133.0, 63]","[131.0, 9]","[215.0, 27]","[217.0, 45]",174.0,144,82.0,0.0
07:46:12,"[133.0, 90]","[131.0, 14]","[214.86, 42]","[238.33, 66]",173.93,212,81.86,-0.02
07:46:13,"[133.0, 65]","[131.0, 12]","[214.0, 36]","[414.0, 48]",173.5,161,81.0,-0.04
07:46:14,"[133.0, 72]","[131.0, 12]","[317.91, 45]","[425.6, 50]",225.46,179,184.91,-0.06
07:46:15,"[133.0, 54]","[131.0, 9]","[223.49, 43]","[254.74, 38]",178.24,144,90.49,-0.12
07:46:16,"[133.0, 54]","[131.0, 9]","[220.78, 45]","[225.0, 36]",176.89,144,87.78,-0.12
07:46:17,"[133.0, 30]","[131.0, 8]","[219.38, 40]","[275.56, 36]",176.19,114,86.38,-0.33
07:46:18,"[133.0, 21]","[131.0, 7]","[218.93, 27]","[248.43, 35]",175.96,90,85.93,-0.38
07:46:19,"[135.45, 66]","[132.74, 31]","[216.95, 21]","[217.91, 57]",176.2,175,81.5,0.11
07:46:20,"[136.0, 60]","[133.0, 39]","[213.82, 17]","[215.38, 13]",174.91,129,77.82,0.53
07:46:21,"[135.79, 42]","[132.87, 45]","[209.43, 23]","[211.2, 20]",172.61,130,73.65,0.34
07:46:22,"[133.0, 11]","[131.62, 16]","[189.08, 52]","[205.76, 38]",161.04,117,56.08,-0.54
07:46:23,"[133.0, 16]","[131.0, 36]","[202.29, 68]","[203.71, 56]",167.65,176,69.29,-0.41
07:46:24,"[132.08, 13]","[130.78, 27]","[195.07, 28]","[197.79, 34]",163.57,102,62.99,-0.22
07:46:25,"[128.74, 46]","[125.97, 149]","[166.86, 69]","[186.47, 38]",147.8,302,38.12,0.29
07:46:26,"[129.86, 14]","[127.23, 26]","[137.44, 45]","[191.04, 47]",133.65,132,7.59,-0.39
07:46:27,"[131.05, 38]","[128.92, 24]","[186.98, 41]","[188.84, 49]",159.01,152,55.92,-0.18
07:46:28,"[129.67, 18]","[127.06, 34]","[184.17, 41]","[185.19, 43]",156.92,136,54.5,-0.24
07:46:29,"[128.0, 16]","[127.0, 64]","[181.98, 50]","[183.15, 66]",154.99,196,53.98,-0.18
07:46:30,"[128.0, 7]","[127.0, 28]","[182.08, 26]","[183.33, 30]",155.04,91,54.08,-0.23
07:46:31,"[130.29, 14]","[127.05, 42]","[173.0, 45]","[178.44, 36]",151.64,137,42.71,-0.18
07:46:32,"[136.0, 28]","[128.56, 18]","[161.0, 14]","[162.0, 56]",148.5,116,25.0,-0.21
07:46:33,"[136.0, 24]","[128.62, 16]","[158.65, 43]","[160.24, 33]",147.33,116,22.65,-0.31
07:46:34,"[127.38, 47]","[123.49, 90]","[156.85, 27]","[158.15, 68]",142.12,232,29.47,0.18
07:46:35,"[124.52, 46]","[123.13, 92]","[154.77, 13]","[157.97, 61]",139.65,212,30.25,0.3
07:46:36,"[124.86, 56]","[123.22, 65]","[155.21, 14]","[158.0, 70]",140.04,205,30.36,0.18
07:46:37,"[126.45, 44]","[124.0, 64]","[153.53, 17]","[157.83, 47]",139.99,172,27.07,0.26
07:46:38,"[128.81, 62]","[125.65, 62]","[150.31, 45]","[151.37, 49]",139.56,218,21.5,0.14
07:46:39,"[132.0, 60]","[130.62, 74]","[146.03, 58]","[146.41, 34]",139.02,226,14.03,0.19
07:46:40,"[132.0, 56]","[124.43, 56]","[141.62, 26]","[143.7, 54]",136.81,192,9.62,0.17
07:46:41,"[132.0, 52]","[130.0, 182]","[138.0, 30]","[139.33, 55]",135.0,319,6.0,0.47
07:46:42,"[130.98, 109]","[129.7, 231]","[134.33, 64]","[135.68, 57]",132.65,461,3.35,0.48
07:46:43,"[130.0, 146]","[128.0, 108]","[132.71, 48]","[174.93, 30]",131.35,332,2.71,0.53
07:46:44,"[130.0, 104]","[128.0, 117]","[134.0, 13]","[446.0, 26]",132.0,260,4.0,0.7
07:46:45,"[130.0, 61]","[128.0, 72]","[132.62, 8]","[367.0, 8]",131.31,149,2.62,0.79
07:46:46,"[130.0, 57]","[128.0, 81]","[135.5, 10]","[207.87, 15]",132.75,163,5.5,0.69
07:46:47,"[130.0, 55]","[128.0, 103]","[148.92, 26]","[243.0, 25]",139.46,209,18.92,0.51
07:46:48,"[130.0, 54]","[128.0, 91]","[150.13, 30]","[285.7, 20]",140.07,195,20.13,0.49
07:46:49,"[130.0, 143]","[128.0, 117]","[166.23, 35]","[304.17, 36]",148.11,331,36.23,0.57
07:46:50,"[130.0, 91]","[128.0, 81]","[165.21, 29]","[190.12, 43]",147.6,244,35.21,0.41
07:46:51,"[130.0, 60]","[126.77, 39]","[151.25, 16]","[157.56, 16]",140.62,131,21.25,0.51
07:46:52,"[132.0, 30]","[129.96, 102]","[150.58, 36]","[152.0, 24]",141.29,192,18.58,0.38
07:46:53,"[136.0, 14]","[130.36, 77]","[150.0, 42]","[152.0, 28]",143.0,161,14.0,0.13
07:46:54,"[136.0, 8]","[134.0, 8]","[149.38, 24]","[159.62, 32]",142.69,72,13.38,-0.56
07:46:55,"[134.93, 15]","[130.34, 83]","[149.67, 45]","[161.51, 73]",142.3,216,14.73,-0.09
07:46:56,"[134.0, 13]","[130.0, 169]","[148.92, 39]","[153.56, 43]",141.46,264,14.92,0.38
07:46:57,"[134.0, 16]","[130.57, 91]","[147.0, 48]","[218.37, 52]",140.5,207,13.0,0.03
07:46:58,"[130.81, 42]","[130.37, 60]","[146.08, 36]","[438.58, 48]",138.45,186,15.27,0.1
07:46:59,"[130.0, 72]","[129.0, 16]","[145.0, 24]","[492.86, 29]",137.5,141,15.0,0.25
07:47:00,"[130.83, 48]","[129.64, 28]","[144.5, 36]","[294.17, 29]",137.67,141,13.67,0.08
07:47:01,"[134.0, 18]","[132.0, 9]","[144.0, 27]","[329.16, 37]",139.0,91,10.0,-0.41
07:47:02,"[134.0, 22]","[132.0, 11]","[141.83, 23]","[154.5, 32]",137.91,88,7.83,-0.25
07:47:03,"[134.0, 32]","[132.0, 16]","[139.04, 47]","[140.36, 33]",136.52,128,5.04,-0.25
07:47:04,"[134.0, 30]","[132.0, 15]","[136.5, 42]","[138.91, 33]",135.25,120,2.5,-0.25
07:47:05,"[132.0, 18]","[130.0, 40]","[134.14, 21]","[135.86, 29]",133.07,108,2.14,0.07
07:47:06,"[130.06, 31]","[129.03, 139]","[201.31, 55]","[309.64, 33]",165.69,258,71.24,0.32
07:47:07,"[133.85, 33]","[129.39, 36]","[260.41, 34]","[303.0, 44]",197.13,147,126.56,-0.06
07:47:08,"[135.0, 45]","[131.0, 9]","[286.26, 27]","[410.84, 43]",210.63,124,151.26,-0.13
07:47:09,"[135.0, 55]","[131.0, 11]","[148.36, 28]","[434.83, 35]",141.68,129,13.36,0.02
07:47:10,"[135.0, 85]","[131.0, 17]","[147.64, 53]","[228.57, 74]",141.32,229,12.64,-0.11
07:47:11,"[135.0, 15]","[131.0, 7]","[145.43, 21]","[481.61, 23]",140.21,66,10.43,-0.33
07:47:12,"[134.69, 13]","[130.92, 13]","[142.62, 39]","[182.98, 41]",138.65,106,7.92,-0.51
07:47:13,"[131.0, 14]","[130.0, 14]","[140.06, 47]","[140.87, 52]",135.53,127,9.06,-0.56
07:47:14,"[131.0, 11]","[130.0, 11]","[139.0, 33]","[140.0, 48]",135.0,103,8.0,-0.57
07:47:15,"[131.0, 5]","[130.0, 5]","[139.0, 15]","[140.0, 15]",135.0,40,8.0,-0.5
07:47:16,"[131.36, 11]","[130.22, 9]","[139.0, 27]","[140.0, 27]",135.18,74,7.64,-0.46
07:47:17,"[131.29, 14]","[129.24, 42]","[134.06, 34]","[135.47, 40]",132.67,130,2.77,-0.14
07:47:18,"[129.02, 46]","[128.16, 58]","[130.5, 18]","[238.78, 18]",129.76,140,1.48,0.49
07:47:19,"[129.0, 54]","[128.0, 30]","[130.0, 18]","[371.0, 12]",129.5,114,1.0,0.47
07:47:20,"[129.0, 103]","[128.0, 67]","[130.0, 42]","[256.19, 37]",129.5,249,1.0,0.37
07:47:21,"[128.12, 17]","[127.03, 58]","[167.21, 43]","[323.14, 21]",147.66,139,39.09,0.08
07:47:22,"[121.98, 57]","[106.43, 35]","[166.73, 55]","[259.33, 45]",144.35,192,44.74,-0.04
07:47:23,"[69.0, 6]","[67.0, 12]","[163.17, 6]","[307.5, 30]",116.08,54,94.17,-0.33
07:47:24,"[100.12, 25]","[86.85, 33]","[139.57, 14]","[168.2, 10]",119.85,82,39.45,0.41
07:47:25,"[125.17, 24]","[79.86, 59]","[165.67, 12]","[168.67, 9]",145.42,104,40.5,0.6
07:47:26,"[91.8, 54]","[52.7, 66]","[139.1, 40]","[140.86, 28]",115.45,188,47.3,0.28
07:47:27,"[71.13, 45]","[55.13, 45]","[121.11, 27]","[123.0, 36]",96.12,153,49.98,0.18
07:47:28,"[103.93, 28]","[92.07, 45]","[120.73, 33]","[123.0, 68]",112.33,174,16.8,-0.16
07:47:29,"[112.0, 20]","[67.0, 30]","[119.0, 36]","[122.3, 27]",115.5,113,7.0,-0.12
07:47:30,"[112.0, 16]","[69.0, 28]","[116.0, 16]","[117.0, 24]",114.0,84,4.0,0.05
07:47:31,"[112.0, 10]","[78.6, 35]","[118.8, 10]","[121.59, 17]",115.4,72,6.8,0.25
07:47:32,"[112.0, 14]","[94.57, 49]","[119.14, 14]","[122.6, 20]",115.57,97,7.14,0.3
07:47:33,"[88.5, 16]","[33.74, 23]","[117.0, 14]","[122.0, 14]",102.75,67,28.5,0.16
07:47:34,"[89.67, 24]","[75.68, 28]","[117.0, 22]","[122.0, 22]",103.33,96,27.33,0.08
07:47:35,"[99.48, 29]","[97.2, 30]","[116.91, 22]","[121.0, 40]",108.2,121,17.43,-0.02
07:47:36,"[102.69, 26]","[101.79, 14]","[116.0, 16]","[117.0, 16]",109.35,72,13.31,0.11
07:47:37,"[105.31, 26]","[104.14, 14]","[120.64, 22]","[121.67, 18]",112.97,80,15.33,0.0
07:47:38,"[116.19, 47]","[112.58, 38]","[130.27, 15]","[135.58, 24]",123.23,124,14.08,0.37
07:47:39,"[117.25, 24]","[116.75, 48]","[133.89, 19]","[201.62, 16]",125.57,107,16.64,0.35
07:47:40,"[124.76, 17]","[123.39, 38]","[272.22, 18]","[335.14, 14]",198.49,87,147.46,0.26
07:47:41,"[129.64, 14]","[128.04, 26]","[166.0, 24]","[582.9, 41]",147.82,105,36.36,-0.24
07:47:42,"[131.0, 21]","[130.0, 7]","[317.25, 20]","[628.5, 24]",224.12,72,186.25,-0.22
07:47:43,"[131.0, 18]","[130.0, 6]","[189.2, 10]","[319.63, 19]",160.1,53,58.2,-0.09
07:47:44,"[131.69, 13]","[130.91, 23]","[187.92, 24]","[239.11, 18]",159.8,78,56.22,-0.08
07:47:45,"[133.0, 2]","[131.0, 6]","[169.0, 8]","[187.33, 6]",151.0,22,36.0,-0.27
07:47:46,"[133.0, 8]","[131.0, 24]","[185.75, 32]","[188.0, 16]",159.38,80,52.75,-0.2
07:47:47,"[132.67, 12]","[130.43, 42]","[184.0, 36]","[185.33, 36]",158.33,126,51.33,-0.14
07:47:48,"[129.56, 18]","[128.71, 35]","[181.54, 26]","[182.35, 34]",155.55,113,51.98,-0.06
07:47:49,"[129.0, 16]","[127.0, 7]","[178.0, 32]","[179.0, 17]",153.5,72,49.0,-0.36
07:47:50,"[129.0, 21]","[127.0, 7]","[175.57, 30]","[176.71, 17]",152.28,75,46.57,-0.25
07:47:51,"[129.0, 30]","[127.0, 10]","[173.4, 40]","[175.0, 20]",151.2,100,44.4,-0.2
07:47:52,"[125.69, 32]","[123.44, 32]","[171.5, 48]","[172.85, 39]",148.59,151,45.81,-0.15
07:47:53,"[128.15, 26]","[126.4, 30]","[167.97, 39]","[169.3, 33]",148.06,128,39.82,-0.12
07:47:54,"[127.5, 36]","[124.92, 39]","[165.61, 44]","[167.54, 52]",146.56,171,38.11,-0.12
07:47:55,"[133.0, 24]","[126.25, 24]","[151.06, 17]","[162.62, 26]",142.03,91,18.06,0.05
07:47:56,"[135.0, 20]","[127.0, 30]","[148.02, 41]","[149.09, 47]",141.51,138,13.02,-0.28
07:47:57,"[135.0, 24]","[131.0, 99]","[144.92, 48]","[146.08, 48]",139.96,219,9.92,0.12
07:47:58,"[135.0, 22]","[132.58, 38]","[141.45, 44]","[142.64, 44]",138.23,148,6.45,-0.19
07:47:59,"[135.0, 18]","[133.0, 27]","[139.03, 38]","[140.22, 36]",137.01,119,4.03,-0.24
07:48:00,"[131.9, 62]","[130.71, 105]","[135.64, 64]","[137.66, 65]",133.77,296,3.74,0.13
07:48:01,"[124.39, 61]","[86.0, 48]","[198.66, 29]","[299.32, 50]",161.52,188,74.26,0.16
07:48:02,"[113.0, 64]","[78.0, 16]","[254.59, 37]","[258.02, 40]",183.8,157,141.59,0.02
07:48:03,"[126.88, 98]","[101.25, 51]","[251.6, 20]","[252.09, 35]",189.24,204,124.72,0.46
07:48:04,"[128.0, 42]","[126.12, 34]","[250.5, 14]","[251.8, 35]",189.25,125,122.5,0.22
07:48:05,"[128.0, 48]","[124.32, 56]","[239.51, 39]","[243.43, 21]",183.76,164,111.51,0.27
07:48:06,"[128.0, 22]","[127.0, 11]","[224.15, 20]","[225.09, 35]",176.07,88,96.15,-0.25
07:48:07,"[128.93, 136]","[127.85, 33]","[219.91, 58]","[229.72, 43]",174.42,270,90.99,0.25
07:48:08,"[129.0, 117]","[128.0, 50]","[218.0, 13]","[219.0, 52]",173.5,232,89.0,0.44
07:48:09,"[131.67, 54]","[128.8, 70]","[216.71, 21]","[217.49, 39]",174.19,184,85.05,0.35
07:48:10,"[130.61, 67]","[128.57, 74]","[168.73, 30]","[202.61, 23]",149.67,194,38.12,0.45
07:48:11,"[131.63, 41]","[128.76, 92]","[161.87, 39]","[162.86, 21]",146.75,193,30.24,0.38
07:48:12,"[133.0, 30]","[129.0, 70]","[158.77, 13]","[160.0, 37]",145.88,150,25.77,0.33
07:48:13,"[133.0, 36]","[129.0, 84]","[150.5, 16]","[158.86, 42]",141.75,178,17.5,0.35
07:48:14,"[133.0, 30]","[130.07, 76]","[136.9, 10]","[138.67, 18]",134.95,134,3.9,0.58
07:48:15,"[131.52, 56]","[130.87, 70]","[134.42, 19]","[135.9, 10]",132.97,155,2.9,0.63
07:48:16,"[129.0, 55]","[128.0, 30]","[134.0, 15]","[135.29, 21]",131.5,121,5.0,0.4
07:48:17,"[127.74, 39]","[126.57, 77]","[131.79, 14]","[134.57, 14]",129.76,144,4.04,0.61
07:48:18,"[127.0, 78]","[124.0, 65]","[129.35, 23]","[139.47, 15]",128.17,181,2.35,0.58
07:48:19,"[127.0, 57]","[124.0, 65]","[128.44, 41]","[153.32, 31]",127.72,194,1.44,0.26
07:48:20,"[124.94, 51]","[123.45, 89]","[127.56, 59]","[134.71, 48]",126.25,247,2.62,0.13
07:48:21,"[123.18, 77]","[118.14, 37]","[340.43, 21]","[485.91, 35]",231.81,170,217.25,0.34
07:48:22,"[124.56, 27]","[123.0, 63]","[245.78, 27]","[427.46, 26]",185.17,143,121.22,0.26
07:48:23,"[126.17, 46]","[123.44, 82]","[283.06, 64]","[287.43, 42]",204.62,234,156.89,0.09
07:48:24,"[128.0, 40]","[126.44, 16]","[282.0, 50]","[288.8, 30]",205.0,136,154.0,-0.18
07:48:25,"[129.82, 33]","[128.38, 39]","[156.17, 53]","[185.07, 45]",142.99,170,26.35,-0.15
07:48:26,"[131.0, 58]","[129.0, 39]","[141.71, 63]","[233.02, 43]",136.36,203,10.71,-0.04
07:48:27,"[131.0, 10]","[129.0, 35]","[139.86, 44]","[203.83, 36]",135.43,125,8.86,-0.28
07:48:28,"[131.0, 6]","[129.0, 16]","[138.33, 18]","[140.0, 30]",134.67,70,7.33,-0.37
07:48:29,"[131.0, 15]","[129.73, 33]","[137.22, 68]","[138.91, 55]",134.11,171,6.22,-0.44
07:48:30,"[131.0, 11]","[129.28, 29]","[135.71, 52]","[136.31, 39]",133.36,131,4.71,-0.39
07:48:31,"[129.8, 15]","[128.6, 30]","[132.56, 32]","[134.34, 35]",131.18,112,2.76,-0.2
07:48:32,"[128.47, 34]","[126.29, 45]","[129.91, 47]","[131.62, 58]",129.19,184,1.44,-0.14
07:48:33,"[127.0, 16]","[123.06, 97]","[130.04, 52]","[175.45, 66]",128.52,231,3.04,-0.02
07:48:34,"[123.59, 41]","[108.45, 77]","[128.23, 26]","[249.0, 23]",125.91,167,4.65,0.41
07:48:35,"[123.23, 44]","[93.8, 49]","[390.79, 29]","[445.29, 28]",257.01,150,267.57,0.24
07:48:36,"[130.89, 38]","[125.26, 31]","[360.09, 33]","[414.2, 30]",245.49,132,229.2,0.05
07:48:37,"[133.0, 52]","[128.0, 26]","[197.62, 39]","[243.19, 43]",165.31,160,64.62,-0.03
07:48:38,"[130.75, 32]","[126.0, 30]","[135.43, 47]","[136.53, 30]",133.09,139,4.68,-0.11
07:48:39,"[128.12, 96]","[125.29, 56]","[133.14, 56]","[184.14, 42]",130.63,250,5.02,0.22
07:48:40,"[129.83, 106]","[127.0, 56]","[131.44, 36]","[164.37, 52]",130.64,250,1.61,0.3
07:48:41,"[129.25, 32]","[126.54, 52]","[131.78, 46]","[223.51, 45]",130.52,175,2.53,-0.04
07:48:42,"[127.0, 56]","[124.91, 92]","[130.36, 28]","[350.52, 42]",128.68,218,3.36,0.36
07:48:43,"[126.87, 53]","[124.23, 61]","[197.57, 37]","[262.56, 36]",162.22,187,70.7,0.22
07:48:44,"[123.11, 44]","[104.2, 64]","[251.0, 48]","[265.94, 32]",187.06,188,127.89,0.15
07:48:45,"[135.0, 12]","[121.18, 68]","[250.25, 48]","[273.38, 39]",192.62,167,115.25,-0.04
07:48:46,"[100.5, 60]","[63.59, 56]","[193.69, 16]","[242.13, 31]",147.09,163,93.19,0.42
07:48:47,"[91.18, 44]","[92.14, 49]","[193.07, 27]","[209.57, 42]",142.13,162,101.89,0.15
07:48:48,"[128.0, 21]","[127.0, 80]","[209.48, 25]","[257.58, 31]",168.74,157,81.48,0.29
07:48:49,"[128.0, 12]","[127.0, 64]","[269.86, 21]","[477.11, 19]",198.93,116,141.86,0.31
07:48:50,"[127.0, 110]","[90.86, 36]","[290.25, 12]","[459.39, 31]",208.62,189,163.25,0.54
07:48:51,"[127.0, 123]","[84.39, 31]","[190.9, 31]","[351.44, 32]",158.95,217,63.9,0.42
