Time,Bid1,Bid2,Ask1,Ask2,Mid-Price,Total_volume,Bid_ask_spread,Order_imbalance
07:30:00,"[0, 0]","[0, 0]","[0, 0]","[0, 0]",0.0,0,0.0,0.0
07:30:01,"[92.0, 1]","[0, 0]","[800.0, 10]","[0, 0]",446.0,11,708.0,-0.82
07:30:02,"[109.0, 8]","[102.0, 6]","[800.0, 10]","[0, 0]",454.5,24,691.0,0.17
07:30:03,"[105.74, 23]","[101.23, 13]","[110.11, 9]","[541.62, 8]",107.93,53,4.37,0.36
07:30:04,"[104.0, 10]","[92.0, 2]","[108.0, 2]","[111.0, 2]",106.0,16,4.0,0.5
07:30:05,"[104.0, 5]","[92.0, 1]","[108.0, 1]","[111.0, 1]",106.0,8,4.0,0.5
07:30:06,"[106.62, 16]","[102.15, 13]","[108.0, 1]","[111.0, 1]",107.31,31,1.38,0.87
07:30:07,"[111.0, 12]","[104.0, 9]","[124.0, 16]","[659.0, 4]",117.5,41,13.0,0.02
07:30:08,"[112.5, 8]","[111.0, 12]","[124.0, 16]","[659.0, 16]",118.25,52,11.5,-0.23
07:30:09,"[114.11, 9]","[110.85, 13]","[124.0, 20]","[541.25, 16]",119.06,58,9.89,-0.24
07:30:10,"[111.5, 10]","[109.33, 6]","[116.14, 14]","[123.4, 20]",113.82,50,4.64,-0.36
07:30:11,"[111.83, 12]","[110.0, 4]","[113.0, 8]","[123.0, 16]",112.42,40,1.17,-0.2
07:30:12,"[111.0, 7]","[109.0, 7]","[112.08, 26]","[115.5, 16]",111.54,56,1.08,-0.5
07:30:13,"[109.33, 6]","[102.86, 14]","[112.71, 14]","[119.36, 22]",111.02,56,3.38,-0.29
07:30:14,"[109.0, 6]","[107.98, 66]","[113.0, 12]","[120.0, 24]",111.0,108,4.0,0.33
07:30:15,"[108.07, 84]","[107.93, 84]","[110.5, 40]","[112.78, 36]",109.29,244,2.43,0.38
07:30:16,"[108.0, 97]","[107.0, 10]","[109.0, 30]","[114.0, 38]",108.5,175,1.0,0.22
07:30:17,"[110.82, 82]","[107.98, 56]","[114.0, 60]","[117.0, 48]",112.41,246,3.18,0.12
07:30:18,"[111.26, 47]","[108.67, 45]","[114.0, 45]","[117.0, 36]",112.63,173,2.74,0.06
07:30:19,"[112.0, 42]","[110.57, 35]","[114.0, 35]","[117.0, 28]",113.0,140,2.0,0.1
07:30:20,"[112.0, 60]","[108.0, 50]","[114.0, 34]","[117.0, 40]",113.0,184,2.0,0.2
07:30:21,"[109.7, 99]","[107.96, 80]","[113.0, 10]","[114.0, 26]",111.35,215,3.3,0.67
07:30:22,"[108.4, 158]","[107.98, 252]","[111.44, 18]","[114.08, 38]",109.92,466,3.05,0.76
07:30:23,"[110.75, 16]","[108.24, 101]","[114.67, 43]","[128.78, 54]",112.71,214,3.92,0.09
07:30:24,"[112.43, 14]","[108.0, 70]","[149.1, 40]","[333.63, 38]",130.76,162,36.67,0.04
07:30:25,"[116.43, 7]","[112.0, 18]","[177.0, 14]","[348.62, 13]",146.71,52,60.57,-0.04
07:30:26,"[117.0, 8]","[115.0, 8]","[208.0, 8]","[740.11, 18]",162.5,42,91.0,-0.24
07:30:27,"[112.06, 35]","[110.81, 27]","[161.04, 23]","[289.91, 35]",136.55,120,48.99,0.03
07:30:28,"[112.0, 39]","[111.0, 26]","[116.46, 39]","[134.39, 23]",114.23,127,4.46,0.02
07:30:29,"[112.03, 29]","[110.9, 20]","[115.61, 28]","[199.29, 14]",113.82,91,3.57,0.08
07:30:30,"[111.0, 12]","[110.0, 22]","[159.0, 11]","[215.41, 29]",135.0,74,48.0,-0.08
07:30:31,"[111.48, 31]","[108.55, 62]","[114.77, 52]","[166.27, 26]",113.13,171,3.29,0.09
07:30:32,"[110.0, 33]","[108.0, 254]","[111.18, 44]","[112.73, 55]",110.59,386,1.18,0.49
07:30:33,"[109.25, 24]","[108.01, 192]","[110.5, 32]","[112.45, 55]",109.88,303,1.25,0.43
07:30:34,"[108.02, 97]","[107.21, 89]","[112.78, 27]","[114.5, 20]",110.4,233,4.76,0.6
07:30:35,"[108.0, 133]","[107.0, 98]","[113.0, 35]","[114.29, 21]",110.5,287,5.0,0.61
07:30:36,"[108.01, 230]","[107.1, 187]","[113.0, 65]","[114.0, 39]",110.5,521,4.99,0.6
07:30:37,"[108.52, 46]","[107.83, 165]","[113.0, 50]","[114.0, 30]",110.76,291,4.48,0.45
07:30:38,"[111.0, 12]","[107.26, 266]","[113.0, 60]","[114.0, 36]",112.0,374,2.0,0.49
07:30:39,"[109.36, 11]","[107.3, 80]","[112.45, 22]","[113.23, 26]",110.91,139,3.09,0.31
07:30:40,"[108.0, 48]","[107.0, 336]","[111.0, 36]","[113.05, 58]",109.5,478,3.0,0.61
07:30:41,"[108.0, 44]","[107.0, 392]","[110.36, 42]","[113.44, 54]",109.18,532,2.36,0.64
07:30:42,"[108.0, 39]","[107.0, 252]","[110.0, 27]","[113.0, 66]",109.0,384,2.0,0.52
07:30:43,"[108.0, 21]","[107.0, 196]","[110.0, 21]","[113.0, 56]",109.0,294,2.0,0.48
07:30:44,"[107.44, 54]","[106.98, 121]","[110.9, 40]","[113.09, 70]",109.17,285,3.46,0.23
07:30:45,"[107.0, 195]","[106.0, 13]","[112.81, 52]","[113.85, 39]",109.9,299,5.81,0.39
07:30:46,"[107.0, 240]","[106.0, 16]","[112.0, 20]","[113.62, 48]",109.5,324,5.0,0.58
07:30:47,"[107.0, 75]","[106.0, 5]","[112.0, 15]","[113.0, 15]",109.5,110,5.0,0.45
07:30:48,"[107.31, 36]","[106.98, 92]","[112.0, 24]","[113.0, 24]",109.65,176,4.69,0.45
07:30:49,"[109.31, 13]","[107.01, 167]","[112.0, 39]","[174.34, 41]",110.65,260,2.69,0.38
07:30:50,"[107.63, 49]","[107.04, 68]","[111.04, 71]","[124.0, 50]",109.34,238,3.41,-0.02
07:30:51,"[107.0, 168]","[104.86, 14]","[109.29, 56]","[111.42, 36]",108.14,274,2.29,0.33
07:30:52,"[107.0, 97]","[104.0, 11]","[110.67, 43]","[121.53, 49]",108.84,200,3.67,0.08
07:30:53,"[108.91, 66]","[105.59, 17]","[109.89, 27]","[112.37, 51]",109.4,161,0.98,0.03
07:30:54,"[110.0, 111]","[107.0, 27]","[111.0, 18]","[112.0, 36]",110.5,192,1.0,0.44
07:30:55,"[108.98, 63]","[107.23, 35]","[196.44, 25]","[250.66, 29]",152.71,152,87.46,0.29
07:30:56,"[107.84, 38]","[106.69, 26]","[167.8, 20]","[210.0, 20]",137.82,104,59.96,0.23
07:30:57,"[107.88, 48]","[106.6, 20]","[175.0, 16]","[210.0, 16]",141.44,100,67.12,0.36
07:30:58,"[108.98, 43]","[108.12, 59]","[131.46, 35]","[162.76, 21]",120.22,158,22.48,0.29
07:30:59,"[109.78, 64]","[108.86, 58]","[123.5, 20]","[124.62, 37]",116.64,179,13.72,0.36
07:31:00,"[109.78, 23]","[108.86, 29]","[121.71, 14]","[123.27, 22]",115.75,88,11.93,0.18
07:31:01,"[110.0, 108]","[109.0, 9]","[117.33, 27]","[118.21, 19]",113.67,163,7.33,0.44
07:31:02,"[110.0, 168]","[109.0, 14]","[115.38, 21]","[116.67, 42]",112.69,245,5.38,0.49
07:31:03,"[110.0, 132]","[109.0, 11]","[114.0, 22]","[117.0, 44]",112.0,209,4.0,0.37
07:31:04,"[110.0, 156]","[109.0, 12]","[113.13, 23]","[116.83, 46]",111.57,237,3.13,0.42
07:31:05,"[110.04, 112]","[109.62, 26]","[207.63, 27]","[173.88, 34]",158.83,199,97.59,0.39
07:31:06,"[111.11, 18]","[110.0, 72]","[413.8, 20]","[564.3, 27]",262.46,137,302.69,0.31
07:31:07,"[112.33, 21]","[110.0, 120]","[318.77, 47]","[514.87, 54]",215.55,242,206.43,0.17
07:31:08,"[111.29, 35]","[109.63, 158]","[352.06, 34]","[505.64, 59]",231.67,286,240.77,0.35
07:31:09,"[111.21, 87]","[109.1, 240]","[258.96, 27]","[345.79, 39]",185.08,393,147.76,0.66
07:31:10,"[115.44, 36]","[109.77, 104]","[124.4, 25]","[127.19, 52]",119.92,217,8.96,0.29
07:31:11,"[110.0, 52]","[109.0, 192]","[115.8, 20]","[127.57, 28]",112.9,292,5.8,0.67
07:31:12,"[110.0, 32]","[109.0, 192]","[111.0, 24]","[213.61, 23]",110.5,271,1.0,0.65
07:31:13,"[109.7, 80]","[109.0, 337]","[111.0, 45]","[171.86, 56]",110.35,518,1.3,0.61
07:31:14,"[109.0, 168]","[108.0, 7]","[111.0, 21]","[159.0, 28]",110.0,224,2.0,0.56
07:31:15,"[109.01, 219]","[108.73, 33]","[111.0, 30]","[214.0, 30]",110.01,312,1.99,0.62
07:31:16,"[109.0, 240]","[108.0, 10]","[111.0, 30]","[207.19, 37]",110.0,317,2.0,0.58
07:31:17,"[109.0, 204]","[108.0, 9]","[111.0, 27]","[135.67, 36]",110.0,276,2.0,0.54
07:31:18,"[109.0, 231]","[108.0, 11]","[110.0, 44]","[111.0, 33]",109.5,319,1.0,0.52
07:31:19,"[109.01, 274]","[108.62, 34]","[111.39, 56]","[190.96, 56]",110.2,420,2.39,0.47
07:31:20,"[111.0, 9]","[109.0, 225]","[156.31, 39]","[372.0, 24]",133.65,297,45.31,0.58
07:31:21,"[111.0, 10]","[109.0, 250]","[112.0, 50]","[199.43, 14]",111.5,324,1.0,0.6
07:31:22,"[111.0, 5]","[109.0, 125]","[112.0, 25]","[266.5, 8]",111.5,163,1.0,0.6
07:31:23,"[111.0, 7]","[109.0, 175]","[112.0, 28]","[229.57, 14]",111.5,224,1.0,0.62
07:31:24,"[111.0, 9]","[109.0, 225]","[112.0, 36]","[121.88, 16]",111.5,286,1.0,0.64
07:31:25,"[109.04, 153]","[108.93, 81]","[112.38, 26]","[163.56, 18]",110.71,278,3.35,0.68
07:31:26,"[109.0, 322]","[108.0, 25]","[113.0, 26]","[204.0, 26]",111.0,399,4.0,0.74
07:31:27,"[109.0, 220]","[108.0, 18]","[113.0, 20]","[252.82, 28]",111.0,286,4.0,0.66
07:31:28,"[109.0, 220]","[108.0, 10]","[113.0, 20]","[373.69, 29]",111.0,279,4.0,0.65
07:31:29,"[109.06, 94]","[108.97, 136]","[113.0, 20]","[439.71, 24]",111.03,274,3.94,0.68
07:31:30,"[110.5, 8]","[109.04, 138]","[113.0, 16]","[342.0, 16]",111.75,178,2.5,0.64
07:31:31,"[111.71, 7]","[110.0, 21]","[113.0, 14]","[404.31, 26]",112.36,68,1.29,-0.18
07:31:32,"[111.16, 68]","[109.3, 100]","[147.31, 16]","[387.82, 33]",129.24,217,36.15,0.55
07:31:33,"[111.0, 60]","[110.0, 30]","[282.0, 40]","[495.76, 17]",196.5,147,171.0,0.22
07:31:34,"[112.3, 54]","[111.13, 55]","[295.67, 48]","[557.8, 30]",203.98,187,183.37,0.17
07:31:35,"[113.0, 18]","[112.0, 18]","[236.64, 33]","[276.77, 22]",174.82,91,123.64,-0.21
07:31:36,"[113.89, 18]","[112.89, 18]","[231.82, 17]","[239.73, 37]",172.86,90,117.93,-0.2
07:31:37,"[114.0, 36]","[113.0, 32]","[213.86, 44]","[281.58, 48]",163.93,160,99.86,-0.15
07:31:38,"[115.43, 14]","[114.75, 16]","[180.67, 30]","[373.86, 35]",148.05,95,65.24,-0.37
07:31:39,"[115.25, 16]","[111.59, 44]","[233.08, 63]","[278.55, 44]",174.16,167,117.83,-0.28
07:31:40,"[112.15, 39]","[111.11, 54]","[189.75, 55]","[199.69, 29]",150.95,177,77.59,0.05
07:31:41,"[112.41, 239]","[110.88, 50]","[181.47, 19]","[186.68, 38]",146.94,346,69.07,0.67
07:31:42,"[113.0, 248]","[111.0, 48]","[115.13, 23]","[159.09, 22]",114.07,341,2.13,0.74
07:31:43,"[111.88, 56]","[110.16, 32]","[115.0, 44]","[200.35, 37]",113.44,169,3.12,0.04
07:31:44,"[112.0, 210]","[111.0, 14]","[113.81, 80]","[125.09, 66]",112.91,370,1.81,0.21
07:31:45,"[112.0, 225]","[111.0, 15]","[113.94, 64]","[114.8, 75]",112.97,379,1.94,0.27
07:31:46,"[113.65, 153]","[111.0, 11]","[139.69, 49]","[222.45, 47]",126.67,260,26.04,0.26
07:31:47,"[115.0, 66]","[111.0, 6]","[210.57, 14]","[235.19, 26]",162.79,112,95.57,0.29
07:31:48,"[115.0, 69]","[111.07, 14]","[235.0, 70]","[517.92, 26]",175.0,179,120.0,-0.07
07:31:49,"[112.45, 11]","[110.32, 25]","[234.04, 27]","[384.76, 25]",173.25,88,121.58,-0.18
07:31:50,"[110.2, 15]","[109.36, 25]","[195.0, 7]","[440.86, 21]",152.6,68,84.8,0.18
07:31:51,"[109.65, 23]","[108.42, 48]","[123.0, 7]","[253.89, 9]",116.33,87,13.35,0.63
07:31:52,"[109.0, 36]","[108.0, 190]","[111.0, 9]","[496.4, 15]",110.0,250,2.0,0.81
07:31:53,"[109.29, 42]","[108.1, 120]","[111.0, 13]","[431.85, 39]",110.14,214,1.71,0.51
07:31:54,"[109.23, 26]","[108.05, 110]","[111.0, 9]","[371.89, 27]",110.12,172,1.77,0.58
07:31:55,"[109.0, 24]","[108.0, 308]","[275.69, 26]","[511.43, 42]",192.35,400,166.69,0.66
07:31:56,"[116.3, 23]","[108.18, 39]","[268.62, 13]","[406.55, 22]",192.46,97,152.31,0.28
07:31:57,"[117.0, 27]","[111.0, 9]","[311.22, 9]","[395.17, 23]",214.11,68,194.22,0.06
07:31:58,"[117.0, 27]","[111.0, 9]","[310.2, 15]","[485.57, 21]",213.6,72,193.2,0.0
07:31:59,"[117.0, 21]","[111.88, 17]","[308.0, 21]","[311.0, 7]",212.5,66,191.0,0.15
07:32:00,"[117.0, 24]","[112.0, 24]","[306.75, 20]","[308.0, 16]",211.88,84,189.75,0.14
07:32:01,"[113.73, 49]","[111.53, 17]","[272.93, 28]","[306.57, 37]",193.33,131,159.19,0.01
07:32:02,"[114.15, 65]","[111.0, 13]","[218.67, 18]","[284.64, 22]",166.41,118,104.51,0.32
07:32:03,"[115.0, 39]","[111.0, 12]","[192.32, 22]","[202.85, 26]",153.66,99,77.32,0.03
07:32:04,"[115.0, 28]","[111.0, 14]","[172.93, 40]","[175.48, 29]",143.96,111,57.93,-0.24
07:32:05,"[114.47, 19]","[110.09, 70]","[122.92, 26]","[132.25, 28]",118.7,143,8.45,0.24
07:32:06,"[117.0, 62]","[111.0, 10]","[118.75, 20]","[119.25, 20]",117.88,112,1.75,0.29
07:32:07,"[117.0, 22]","[111.0, 10]","[118.81, 26]","[216.29, 34]",117.9,92,1.81,-0.3
07:32:08,"[111.86, 14]","[110.01, 133]","[277.71, 21]","[319.58, 19]",194.79,187,165.86,0.57
07:32:09,"[112.3, 54]","[110.11, 62]","[311.08, 12]","[383.85, 13]",211.69,141,198.79,0.65
07:32:10,"[113.67, 36]","[112.23, 13]","[292.44, 9]","[306.78, 9]",203.06,67,178.78,0.46
07:32:11,"[114.5, 32]","[112.5, 16]","[146.31, 13]","[150.92, 37]",130.4,98,31.81,-0.02
07:32:12,"[113.0, 10]","[111.0, 8]","[144.92, 12]","[193.31, 26]",128.96,56,31.92,-0.36
07:32:13,"[113.0, 10]","[111.0, 10]","[143.7, 30]","[145.0, 10]",128.35,60,30.7,-0.33
07:32:14,"[113.0, 6]","[111.0, 6]","[141.83, 18]","[145.0, 6]",127.42,36,28.83,-0.33
07:32:15,"[110.28, 79]","[109.21, 85]","[139.53, 45]","[145.0, 15]",124.91,224,29.25,0.46
07:32:16,"[110.14, 84]","[109.4, 120]","[135.37, 27]","[136.84, 19]",122.76,250,25.23,0.63
07:32:17,"[110.0, 48]","[109.0, 48]","[133.38, 8]","[134.19, 16]",121.69,120,23.38,0.6
07:32:18,"[110.18, 44]","[109.29, 56]","[132.3, 10]","[133.63, 19]",121.24,129,22.12,0.55
07:32:19,"[110.11, 79]","[109.21, 101]","[128.44, 25]","[130.73, 22]",119.28,227,18.33,0.59
07:32:20,"[110.2, 60]","[109.33, 84]","[113.32, 31]","[123.88, 17]",111.76,192,3.12,0.5
07:32:21,"[110.0, 39]","[109.0, 72]","[111.0, 32]","[206.0, 13]",110.5,156,1.0,0.42
07:32:22,"[109.0, 66]","[108.0, 209]","[110.93, 30]","[359.88, 26]",109.97,331,1.93,0.66
07:32:23,"[110.0, 28]","[108.93, 58]","[111.0, 11]","[274.36, 44]",110.5,141,1.0,0.22
07:32:24,"[110.0, 9]","[109.0, 3]","[111.0, 3]","[178.0, 12]",110.5,27,1.0,-0.11
07:32:25,"[110.0, 21]","[109.0, 8]","[111.0, 8]","[243.62, 32]",110.5,69,1.0,-0.16
07:32:26,"[111.08, 12]","[109.67, 9]","[407.9, 29]","[521.0, 12]",259.49,62,296.81,-0.32
07:32:27,"[111.34, 50]","[110.86, 49]","[429.0, 30]","[430.0, 40]",270.17,169,317.66,0.17
07:32:28,"[111.0, 77]","[110.0, 7]","[428.44, 27]","[459.7, 23]",269.72,134,317.44,0.25
07:32:29,"[111.0, 71]","[110.0, 7]","[427.43, 35]","[429.0, 21]",269.21,134,316.43,0.16
07:32:30,"[111.0, 64]","[110.0, 8]","[113.0, 40]","[231.38, 40]",112.0,152,2.0,-0.05
07:32:31,"[111.0, 48]","[110.0, 8]","[113.07, 28]","[187.91, 34]",112.04,118,2.07,-0.05
07:32:32,"[111.0, 5]","[110.0, 5]","[112.0, 10]","[116.0, 25]",111.5,45,1.0,-0.56
07:32:33,"[111.5, 12]","[110.5, 12]","[114.42, 38]","[121.9, 58]",112.96,120,2.92,-0.6
07:32:34,"[111.17, 6]","[110.17, 6]","[115.56, 25]","[178.18, 22]",113.36,59,4.39,-0.59
07:32:35,"[111.0, 7]","[110.0, 7]","[115.0, 34]","[164.0, 29]",113.0,77,4.0,-0.64
07:32:36,"[111.0, 5]","[110.0, 5]","[114.84, 25]","[126.84, 19]",112.92,54,3.84,-0.63
07:32:37,"[110.12, 8]","[108.9, 10]","[112.08, 13]","[114.84, 37]",111.1,68,1.95,-0.47
07:32:38,"[109.0, 10]","[107.25, 64]","[114.8, 30]","[220.38, 40]",111.9,144,5.8,0.03
07:32:39,"[109.2, 10]","[108.05, 19]","[112.6, 10]","[114.8, 50]",110.9,89,3.4,-0.35
07:32:40,"[109.0, 6]","[108.0, 12]","[110.17, 6]","[113.0, 30]",109.58,54,1.17,-0.33
07:32:41,"[108.33, 12]","[107.21, 39]","[111.67, 24]","[326.44, 32]",110.0,107,3.33,-0.05
07:32:42,"[108.0, 20]","[107.0, 76]","[111.43, 46]","[385.9, 42]",109.72,184,3.43,0.04
07:32:43,"[108.5, 12]","[107.2, 30]","[111.0, 36]","[341.0, 24]",109.75,102,2.5,-0.18
07:32:44,"[108.53, 38]","[107.73, 44]","[110.77, 35]","[193.53, 60]",109.65,177,2.25,-0.07
07:32:45,"[108.09, 22]","[107.09, 22]","[111.0, 35]","[251.0, 27]",109.55,106,2.91,-0.17
07:32:46,"[108.94, 16]","[107.35, 31]","[111.0, 67]","[285.6, 47]",109.97,161,2.06,-0.42
07:32:47,"[107.5, 24]","[106.6, 40]","[111.0, 24]","[113.0, 24]",109.25,112,3.5,0.14
07:32:48,"[107.22, 9]","[105.67, 12]","[111.0, 12]","[113.0, 12]",109.11,45,3.78,-0.07
07:32:49,"[107.0, 15]","[105.0, 20]","[111.0, 20]","[113.0, 20]",109.0,75,4.0,-0.07
07:32:50,"[107.73, 11]","[106.2, 10]","[110.73, 11]","[112.33, 12]",109.23,44,3.0,-0.05
07:32:51,"[107.08, 25]","[104.16, 31]","[111.63, 46]","[165.33, 36]",109.36,138,4.55,-0.19
07:32:52,"[106.0, 17]","[102.33, 36]","[111.83, 58]","[226.19, 64]",108.91,175,5.83,-0.39
07:32:53,"[107.06, 18]","[104.82, 44]","[111.1, 78]","[322.86, 56]",109.08,196,4.05,-0.37
07:32:54,"[109.86, 49]","[105.14, 22]","[111.0, 78]","[335.25, 32]",110.43,181,1.14,-0.22
07:32:55,"[110.0, 47]","[107.82, 51]","[111.0, 75]","[264.0, 33]",110.5,206,1.0,-0.05
07:32:56,"[110.0, 20]","[109.0, 32]","[111.0, 32]","[286.29, 14]",110.5,98,1.0,0.06
07:32:57,"[110.0, 25]","[109.0, 40]","[111.0, 40]","[309.0, 20]",110.5,125,1.0,0.04
07:32:58,"[110.0, 40]","[109.0, 64]","[313.41, 34]","[351.17, 12]",211.71,150,203.41,0.39
07:32:59,"[110.0, 30]","[109.0, 48]","[329.69, 26]","[563.8, 10]",219.85,114,219.69,0.37
07:33:00,"[110.0, 35]","[109.0, 56]","[390.14, 28]","[528.67, 15]",250.07,134,280.14,0.36
07:33:01,"[110.0, 40]","[109.0, 64]","[301.0, 16]","[389.75, 36]",205.5,156,191.0,0.33
07:33:02,"[110.0, 60]","[109.0, 96]","[138.14, 42]","[277.21, 33]",124.07,231,28.14,0.35
07:33:03,"[110.0, 26]","[109.0, 56]","[111.0, 13]","[281.0, 20]",110.5,115,1.0,0.43
07:33:04,"[110.0, 14]","[109.0, 56]","[175.67, 9]","[313.27, 15]",142.83,94,65.67,0.49
07:33:05,"[109.25, 24]","[108.13, 67]","[218.8, 20]","[226.5, 16]",164.03,127,109.55,0.43
07:33:06,"[108.0, 42]","[105.0, 91]","[204.4, 25]","[254.36, 11]",156.2,169,96.4,0.57
07:33:07,"[108.57, 42]","[105.81, 89]","[127.62, 24]","[171.76, 25]",118.1,180,19.05,0.46
07:33:08,"[110.0, 21]","[108.29, 42]","[171.12, 32]","[214.26, 23]",140.56,118,61.12,0.07
07:33:09,"[109.65, 34]","[108.75, 48]","[225.83, 18]","[332.43, 14]",167.74,114,116.19,0.44
07:33:10,"[109.0, 24]","[108.0, 24]","[224.17, 6]","[225.3, 10]",166.58,64,115.17,0.5
07:33:11,"[109.0, 78]","[108.0, 78]","[217.53, 38]","[222.8, 15]",163.26,209,108.53,0.49
07:33:12,"[109.0, 66]","[107.92, 50]","[219.87, 23]","[221.0, 21]",164.43,160,110.87,0.45
07:33:13,"[109.62, 52]","[108.43, 28]","[200.61, 28]","[205.16, 19]",155.11,127,90.99,0.26
07:33:14,"[117.0, 28]","[109.0, 111]","[188.83, 30]","[190.97, 32]",152.92,201,71.83,0.38
07:33:15,"[111.29, 63]","[108.89, 91]","[155.79, 34]","[186.21, 28]",133.54,216,44.51,0.43
07:33:16,"[109.0, 83]","[108.0, 28]","[119.78, 37]","[128.16, 25]",114.39,173,10.78,0.28
07:33:17,"[109.0, 8]","[108.0, 16]","[110.0, 24]","[112.0, 16]",109.5,64,1.0,-0.25
07:33:18,"[108.26, 19]","[107.42, 24]","[111.17, 29]","[159.86, 21]",109.72,93,2.91,-0.08
07:33:19,"[108.53, 17]","[107.12, 16]","[112.25, 16]","[179.08, 13]",110.39,62,3.72,0.06
07:33:20,"[111.46, 35]","[109.71, 28]","[114.0, 22]","[396.0, 11]",112.73,96,2.54,0.31
07:33:21,"[111.0, 14]","[110.0, 21]","[114.0, 14]","[362.86, 7]",112.5,56,3.0,0.25
07:33:22,"[111.0, 24]","[109.2, 30]","[114.0, 24]","[214.73, 22]",112.5,100,3.0,0.08
07:33:23,"[111.0, 18]","[108.64, 33]","[113.0, 9]","[114.44, 18]",112.0,78,2.0,0.31
07:33:24,"[111.0, 24]","[109.74, 108]","[182.0, 18]","[142.14, 21]",146.5,171,71.0,0.54
07:33:25,"[116.26, 84]","[111.24, 34]","[250.31, 35]","[264.5, 20]",183.29,173,134.05,0.36
07:33:26,"[117.0, 117]","[113.25, 36]","[248.89, 36]","[250.2, 40]",182.94,229,131.89,0.34
07:33:27,"[117.0, 99]","[115.0, 33]","[248.77, 26]","[249.69, 29]",182.88,187,131.77,0.41
07:33:28,"[117.0, 90]","[115.0, 30]","[173.03, 31]","[202.58, 19]",145.02,170,56.03,0.41
07:33:29,"[117.0, 101]","[115.0, 39]","[146.0, 52]","[250.79, 19]",131.5,211,29.0,0.33
07:33:30,"[116.32, 53]","[113.55, 33]","[143.88, 49]","[180.73, 22]",130.1,157,27.56,0.1
07:33:31,"[115.0, 21]","[111.0, 14]","[137.82, 22]","[144.22, 27]",126.41,84,22.82,-0.17
07:33:32,"[114.71, 42]","[110.72, 57]","[136.31, 64]","[243.77, 44]",125.51,207,21.6,-0.04
07:33:33,"[111.0, 11]","[110.0, 137]","[127.18, 44]","[231.58, 36]",119.09,228,16.18,0.3
07:33:34,"[110.03, 132]","[109.4, 129]","[111.74, 35]","[115.43, 42]",110.89,338,1.71,0.54
07:33:35,"[110.0, 50]","[109.0, 35]","[112.0, 10]","[115.2, 15]",111.0,110,2.0,0.55
07:33:36,"[110.0, 141]","[109.0, 105]","[111.65, 34]","[113.76, 41]",110.82,321,1.65,0.53
07:33:37,"[110.0, 49]","[109.0, 49]","[112.43, 14]","[115.0, 21]",111.21,133,2.43,0.47
07:33:38,"[110.0, 63]","[109.0, 63]","[113.0, 18]","[115.0, 27]",111.5,171,3.0,0.47
07:33:39,"[110.07, 44]","[109.25, 56]","[113.0, 16]","[115.0, 24]",111.53,140,2.93,0.43
07:33:40,"[109.97, 32]","[109.1, 72]","[112.85, 26]","[114.78, 37]",111.41,167,2.88,0.25
07:33:41,"[109.0, 75]","[108.0, 80]","[112.0, 26]","[114.62, 24]",110.5,205,3.0,0.51
07:33:42,"[109.0, 49]","[108.0, 55]","[110.79, 19]","[113.88, 17]",109.89,140,1.79,0.49
07:33:43,"[109.26, 47]","[108.09, 88]","[113.0, 15]","[114.0, 45]",111.13,195,3.74,0.38
07:33:44,"[109.0, 44]","[108.0, 110]","[113.0, 11]","[114.0, 33]",111.0,198,4.0,0.56
07:33:45,"[109.0, 37]","[108.0, 100]","[112.9, 10]","[113.96, 28]",110.95,175,3.9,0.57
07:33:46,"[109.57, 47]","[108.12, 85]","[111.53, 17]","[112.92, 13]",110.55,162,1.95,0.63
07:33:47,"[110.0, 40]","[109.0, 16]","[111.0, 16]","[112.36, 11]",110.5,83,1.0,0.35
07:33:48,"[110.0, 30]","[109.0, 12]","[111.71, 7]","[112.97, 36]",110.86,85,1.71,-0.01
07:33:49,"[110.0, 24]","[109.0, 12]","[112.0, 6]","[113.0, 42]",111.0,84,2.0,-0.14
07:33:50,"[110.0, 16]","[109.0, 16]","[112.0, 8]","[113.0, 56]",111.0,96,2.0,-0.33
07:33:51,"[110.27, 11]","[108.47, 19]","[112.0, 9]","[113.0, 63]",111.14,102,1.73,-0.41
07:33:52,"[111.0, 7]","[109.0, 7]","[112.0, 7]","[113.0, 49]",111.5,70,1.0,-0.6
07:33:53,"[111.0, 9]","[109.0, 9]","[112.0, 9]","[113.0, 68]",111.5,95,1.0,-0.62
07:33:54,"[111.0, 5]","[109.0, 5]","[112.0, 5]","[113.0, 45]",111.5,60,1.0,-0.67
07:33:55,"[111.0, 4]","[109.0, 4]","[112.0, 4]","[113.0, 36]",111.5,48,1.0,-0.67
07:33:56,"[111.18, 11]","[109.36, 11]","[112.84, 43]","[234.11, 79]",112.01,144,1.66,-0.69
07:33:57,"[110.71, 14]","[109.04, 23]","[113.0, 99]","[553.38, 42]",111.86,178,2.29,-0.58
07:33:58,"[109.0, 18]","[108.0, 45]","[111.33, 36]","[112.97, 74]",110.17,173,2.33,-0.27
07:33:59,"[109.25, 24]","[108.05, 63]","[112.8, 85]","[221.26, 53]",111.03,225,3.55,-0.23
07:34:00,"[110.2, 15]","[108.5, 14]","[112.0, 30]","[114.0, 40]",111.1,99,1.8,-0.41
07:34:01,"[110.56, 41]","[109.0, 5]","[112.0, 10]","[114.0, 25]",111.28,81,1.44,0.14
07:34:02,"[110.62, 26]","[108.11, 28]","[113.61, 31]","[347.71, 35]",112.11,120,3.0,-0.1
07:34:03,"[109.62, 16]","[108.06, 32]","[114.0, 40]","[578.0, 32]",111.81,120,4.38,-0.2
07:34:04,"[110.15, 41]","[109.59, 17]","[114.0, 45]","[503.89, 36]",112.07,139,3.85,-0.17
07:34:05,"[111.0, 21]","[110.0, 35]","[114.0, 35]","[486.0, 28]",112.5,119,3.0,-0.06
07:34:06,"[112.27, 30]","[111.0, 27]","[113.77, 39]","[483.44, 39]",113.02,135,1.5,-0.16
07:34:07,"[112.33, 18]","[110.8, 20]","[250.0, 38]","[760.0, 24]",181.17,100,137.67,-0.24
07:34:08,"[111.0, 46]","[109.0, 12]","[371.8, 40]","[760.0, 4]",241.4,102,260.8,0.14
07:34:09,"[111.0, 27]","[109.0, 9]","[113.0, 32]","[494.67, 3]",112.0,71,2.0,0.01
07:34:10,"[111.0, 13]","[109.0, 9]","[113.0, 36]","[484.89, 9]",112.0,67,2.0,-0.34
07:34:11,"[116.33, 45]","[110.0, 10]","[351.85, 13]","[157.85, 13]",234.09,81,235.51,0.36
07:34:12,"[117.0, 36]","[111.0, 6]","[382.67, 6]","[0, 0]",249.83,48,265.67,0.75
07:34:13,"[117.0, 24]","[111.0, 6]","[766.0, 6]","[0, 0]",441.5,36,649.0,0.67
07:34:14,"[117.0, 24]","[111.0, 6]","[766.0, 6]","[0, 0]",441.5,36,649.0,0.67
07:34:15,"[111.0, 9]","[109.0, 9]","[285.33, 9]","[683.57, 7]",198.17,34,174.33,0.06
07:34:16,"[111.8, 10]","[108.93, 14]","[148.0, 8]","[734.12, 8]",129.9,40,36.2,0.2
07:34:17,"[108.6, 35]","[105.55, 33]","[159.14, 7]","[453.71, 7]",133.87,82,50.54,0.66
07:34:18,"[107.0, 64]","[103.0, 48]","[186.43, 14]","[490.25, 8]",146.71,134,79.43,0.67
07:34:19,"[107.0, 96]","[104.0, 148]","[177.73, 49]","[457.19, 27]",142.37,320,70.73,0.53
07:34:20,"[107.0, 72]","[104.0, 105]","[111.29, 35]","[124.72, 32]",109.14,244,4.29,0.45
07:34:21,"[107.2, 45]","[104.5, 119]","[111.0, 36]","[117.09, 46]",109.1,246,3.8,0.33
07:34:22,"[110.79, 19]","[106.09, 35]","[113.0, 45]","[208.58, 24]",111.89,123,2.21,-0.12
07:34:23,"[111.57, 14]","[110.4, 30]","[116.83, 48]","[219.4, 25]",114.2,117,5.26,-0.25
07:34:24,"[114.23, 26]","[108.55, 33]","[177.0, 17]","[314.82, 11]",145.62,87,62.77,0.36
07:34:25,"[114.63, 19]","[105.83, 76]","[218.89, 27]","[249.42, 24]",166.76,146,104.26,0.3
07:34:26,"[110.65, 34]","[105.19, 47]","[219.0, 7]","[372.29, 7]",164.82,95,108.35,0.71
07:34:27,"[111.14, 77]","[110.63, 57]","[176.74, 27]","[194.73, 30]",143.94,191,65.6,0.4
07:34:28,"[111.0, 70]","[108.0, 7]","[174.89, 19]","[185.57, 7]",142.95,103,63.89,0.5
07:34:29,"[111.0, 116]","[108.0, 11]","[173.58, 19]","[174.32, 25]",142.29,171,62.58,0.49
07:34:30,"[111.0, 29]","[108.0, 12]","[170.22, 32]","[172.75, 16]",140.61,89,59.22,-0.08
07:34:31,"[111.92, 49]","[110.06, 93]","[167.47, 45]","[170.04, 23]",139.69,210,55.55,0.35
07:34:32,"[112.63, 35]","[110.89, 54]","[165.33, 12]","[167.0, 36]",138.98,137,52.7,0.3
07:34:33,"[111.0, 18]","[108.0, 24]","[122.7, 44]","[164.91, 32]",116.85,118,11.7,-0.29
07:34:34,"[108.2, 15]","[105.06, 100]","[111.54, 26]","[152.78, 27]",109.87,168,3.34,0.37
07:34:35,"[108.0, 18]","[105.0, 126]","[109.44, 18]","[111.0, 27]",108.72,189,1.44,0.52
07:34:36,"[108.0, 36]","[105.0, 168]","[109.67, 27]","[111.3, 30]",108.83,261,1.67,0.56
07:34:37,"[105.66, 56]","[98.32, 50]","[111.0, 24]","[114.0, 8]",108.33,138,5.34,0.54
07:34:38,"[109.0, 27]","[107.0, 18]","[111.0, 51]","[113.78, 9]",110.0,105,2.0,-0.14
07:34:39,"[109.36, 42]","[107.83, 24]","[111.0, 72]","[112.0, 12]",110.18,150,1.64,-0.12
07:34:40,"[109.47, 19]","[107.75, 16]","[110.86, 28]","[111.14, 28]",110.17,91,1.38,-0.23
07:34:41,"[109.0, 7]","[107.0, 14]","[110.25, 24]","[111.05, 19]",109.62,64,1.25,-0.34
07:34:42,"[109.0, 13]","[107.79, 68]","[110.0, 39]","[111.62, 39]",109.5,159,1.0,0.02
07:34:43,"[108.11, 71]","[107.72, 50]","[110.0, 33]","[112.0, 33]",109.06,187,1.89,0.29
07:34:44,"[108.21, 57]","[107.84, 64]","[110.0, 33]","[112.0, 33]",109.11,187,1.79,0.29
07:34:45,"[108.0, 53]","[107.0, 14]","[109.82, 22]","[111.71, 21]",108.91,110,1.82,0.22
07:34:46,"[108.0, 30]","[107.0, 20]","[110.0, 30]","[117.44, 32]",109.0,112,2.0,-0.11
07:34:47,"[108.69, 29]","[107.83, 36]","[110.0, 13]","[112.0, 65]",109.34,143,1.31,-0.09
07:34:48,"[107.57, 23]","[105.64, 33]","[110.0, 10]","[112.0, 50]",108.78,116,2.43,-0.03
07:34:49,"[107.29, 21]","[105.11, 38]","[110.0, 10]","[112.0, 50]",108.64,119,2.71,-0.01
07:34:50,"[107.0, 18]","[104.42, 48]","[109.33, 9]","[111.43, 21]",108.17,96,2.33,0.38
07:34:51,"[104.31, 39]","[73.63, 54]","[109.0, 7]","[110.0, 7]",106.65,107,4.69,0.74
07:34:52,"[106.11, 71]","[96.86, 58]","[109.0, 12]","[110.43, 23]",107.56,164,2.89,0.57
07:34:53,"[106.0, 42]","[98.3, 40]","[109.0, 6]","[110.0, 12]",107.5,100,3.0,0.64
07:34:54,"[104.0, 16]","[83.0, 45]","[109.0, 20]","[111.76, 34]",106.5,115,5.0,0.06
07:34:55,"[104.0, 28]","[98.73, 74]","[107.08, 52]","[109.66, 41]",105.54,195,3.08,0.05
07:34:56,"[103.92, 52]","[100.55, 22]","[110.89, 38]","[120.88, 26]",107.41,138,6.97,0.07
07:34:57,"[104.7, 40]","[103.33, 18]","[109.57, 23]","[123.31, 13]",107.13,94,4.87,0.23
07:34:58,"[111.0, 44]","[103.23, 26]","[262.41, 39]","[372.23, 26]",186.71,135,151.41,0.04
07:34:59,"[111.14, 14]","[107.25, 16]","[388.38, 32]","[421.16, 19]",249.76,81,277.23,-0.26
07:35:00,"[112.5, 8]","[110.86, 29]","[346.13, 39]","[404.05, 19]",229.31,95,233.63,-0.22
07:35:01,"[110.6, 20]","[105.67, 18]","[447.06, 34]","[500.11, 38]",278.83,110,336.46,-0.31
07:35:02,"[107.0, 11]","[103.36, 61]","[143.17, 29]","[280.76, 34]",125.09,135,36.17,0.07
07:35:03,"[103.6, 47]","[99.27, 41]","[271.33, 18]","[516.67, 24]",187.46,130,167.74,0.35
07:35:04,"[106.79, 106]","[101.43, 113]","[238.68, 53]","[384.03, 31]",172.74,303,131.89,0.45
07:35:05,"[109.0, 105]","[103.0, 156]","[255.88, 32]","[363.11, 44]",182.44,337,146.88,0.55
07:35:06,"[109.28, 36]","[107.35, 62]","[389.97, 35]","[428.78, 54]",249.62,187,280.69,0.05
07:35:07,"[109.0, 16]","[108.0, 32]","[152.62, 26]","[199.43, 28]",130.81,102,43.62,-0.06
07:35:08,"[108.08, 26]","[103.24, 82]","[110.0, 21]","[177.0, 28]",109.04,157,1.92,0.38
07:35:09,"[108.0, 52]","[106.67, 157]","[110.0, 39]","[151.57, 46]",109.0,294,2.0,0.42
07:35:10,"[108.0, 28]","[103.0, 91]","[110.0, 21]","[112.0, 21]",109.0,161,2.0,0.48
07:35:11,"[103.0, 112]","[87.0, 27]","[108.55, 11]","[110.22, 27]",105.77,177,5.55,0.57
07:35:12,"[103.65, 102]","[102.15, 141]","[107.13, 62]","[108.9, 40]",105.39,345,3.48,0.41
07:35:13,"[104.0, 79]","[103.0, 168]","[105.51, 67]","[107.5, 18]",104.75,332,1.51,0.49
07:35:14,"[104.8, 30]","[103.05, 76]","[106.67, 12]","[107.92, 26]",105.73,144,1.87,0.47
07:35:15,"[105.69, 78]","[104.55, 22]","[108.67, 24]","[266.9, 40]",107.18,164,2.97,0.22
07:35:16,"[105.56, 54]","[104.0, 117]","[110.0, 18]","[251.75, 40]",107.78,229,4.44,0.49
07:35:17,"[108.5, 60]","[104.0, 70]","[110.0, 20]","[188.0, 50]",109.25,200,1.5,0.3
07:35:18,"[108.24, 38]","[103.24, 95]","[211.1, 49]","[317.07, 45]",159.67,227,102.87,0.17
07:35:19,"[108.71, 21]","[105.07, 14]","[615.52, 23]","[666.0, 4]",362.12,62,506.81,0.13
07:35:20,"[111.5, 46]","[109.95, 19]","[351.3, 30]","[623.85, 33]",231.4,128,239.8,0.02
07:35:21,"[112.62, 24]","[112.05, 21]","[345.65, 17]","[360.13, 23]",229.14,85,233.02,0.06
07:35:22,"[115.0, 8]","[113.0, 8]","[304.55, 22]","[344.06, 17]",209.77,55,189.55,-0.42
07:35:23,"[115.0, 8]","[113.0, 8]","[253.18, 22]","[311.71, 21]",184.09,59,138.18,-0.46
07:35:24,"[112.2, 15]","[109.5, 12]","[290.38, 29]","[311.35, 31]",201.29,87,178.18,-0.38
07:35:25,"[104.03, 34]","[69.13, 54]","[211.87, 39]","[286.68, 37]",157.95,164,107.84,0.07
07:35:26,"[103.0, 24]","[96.37, 71]","[106.54, 13]","[192.5, 16]",104.77,124,3.54,0.53
07:35:27,"[103.54, 39]","[102.28, 75]","[105.29, 14]","[165.71, 28]",104.41,156,1.75,0.46
07:35:28,"[104.0, 21]","[103.0, 21]","[393.8, 20]","[640.71, 28]",248.9,90,289.8,-0.07
07:35:29,"[103.25, 24]","[57.14, 35]","[513.93, 29]","[625.62, 32]",308.59,120,410.68,-0.02
07:35:30,"[103.0, 24]","[101.5, 32]","[182.67, 27]","[259.45, 29]",142.83,112,79.67,0.0
07:35:31,"[103.0, 30]","[80.4, 40]","[121.33, 27]","[177.76, 34]",112.17,131,18.33,0.07
07:35:32,"[103.0, 30]","[85.73, 55]","[104.0, 20]","[179.4, 40]",103.5,145,1.0,0.17
07:35:33,"[103.0, 61]","[73.33, 96]","[187.33, 30]","[210.22, 40]",145.17,227,84.33,0.38
07:35:34,"[103.95, 19]","[86.27, 66]","[150.0, 36]","[392.88, 32]",126.97,153,46.05,0.11
07:35:35,"[116.31, 35]","[113.9, 41]","[150.0, 36]","[326.16, 31]",133.16,143,33.69,0.06
07:35:36,"[115.97, 36]","[114.76, 68]","[228.57, 47]","[392.12, 50]",172.27,201,112.6,0.03
07:35:37,"[115.0, 32]","[109.0, 24]","[406.25, 32]","[613.0, 32]",260.62,120,291.25,-0.07
07:35:38,"[115.0, 52]","[111.0, 39]","[175.85, 52]","[505.38, 52]",145.42,195,60.85,-0.07
07:35:39,"[115.0, 40]","[111.0, 33]","[144.33, 36]","[365.3, 40]",129.67,149,29.33,-0.02
07:35:40,"[115.0, 33]","[111.0, 33]","[142.42, 38]","[143.14, 28]",128.71,132,27.42,0.0
07:35:41,"[112.11, 54]","[109.71, 42]","[139.0, 46]","[140.5, 32]",125.56,174,26.89,0.1
07:35:42,"[111.51, 55]","[110.75, 72]","[137.7, 20]","[141.97, 31]",124.6,178,26.19,0.43
07:35:43,"[113.58, 48]","[111.0, 108]","[134.69, 13]","[136.87, 23]",124.14,192,21.11,0.62
07:35:44,"[115.0, 24]","[111.0, 72]","[132.75, 16]","[134.0, 8]",123.88,120,17.75,0.6
07:35:45,"[115.0, 36]","[111.0, 108]","[128.94, 17]","[130.74, 19]",121.97,180,13.94,0.6
07:35:46,"[115.85, 41]","[113.5, 48]","[127.47, 15]","[183.0, 12]",121.66,116,11.61,0.53
07:35:47,"[115.6, 30]","[112.33, 54]","[125.9, 10]","[159.43, 42]",120.75,136,10.3,0.24
07:35:48,"[115.0, 24]","[111.0, 72]","[125.0, 8]","[221.89, 36]",120.0,140,10.0,0.37
07:35:49,"[115.0, 38]","[111.0, 147]","[123.14, 14]","[315.26, 42]",119.07,241,8.14,0.54
07:35:50,"[115.0, 26]","[111.0, 143]","[121.0, 13]","[297.66, 53]",118.0,235,6.0,0.44
07:35:51,"[111.08, 168]","[109.48, 92]","[117.92, 25]","[130.55, 60]",114.5,345,6.84,0.51
07:35:52,"[113.45, 77]","[111.0, 185]","[116.41, 27]","[117.92, 48]",114.93,337,2.95,0.55
07:35:53,"[114.0, 48]","[111.0, 192]","[115.62, 64]","[117.0, 16]",114.81,320,1.62,0.5
07:35:54,"[111.3, 70]","[110.38, 112]","[115.44, 25]","[262.46, 24]",113.37,231,4.14,0.58
07:35:55,"[111.15, 48]","[110.38, 64]","[113.12, 24]","[251.67, 24]",112.14,160,1.98,0.4
07:35:56,"[111.0, 44]","[109.0, 35]","[249.42, 33]","[309.6, 25]",180.21,137,138.42,0.15
07:35:57,"[111.0, 72]","[109.0, 60]","[149.67, 48]","[349.43, 35]",130.33,215,38.67,0.23
07:35:58,"[111.0, 42]","[109.47, 38]","[113.0, 25]","[523.0, 35]",112.0,140,2.0,0.14
07:35:59,"[111.0, 60]","[109.23, 52]","[146.43, 14]","[297.63, 19]",128.71,145,35.43,0.54
07:36:00,"[111.0, 48]","[109.0, 40]","[278.47, 15]","[428.86, 14]",194.73,117,167.47,0.5
07:36:01,"[111.0, 60]","[109.34, 53]","[198.33, 12]","[257.58, 19]",154.67,144,87.33,0.57
07:36:02,"[111.0, 60]","[109.38, 32]","[186.55, 11]","[333.2, 25]",148.77,128,75.55,0.44
07:36:03,"[111.0, 36]","[110.0, 12]","[142.0, 6]","[205.0, 12]",126.5,66,31.0,0.45
07:36:04,"[111.0, 60]","[110.0, 20]","[142.0, 10]","[236.0, 20]",126.5,110,31.0,0.45
07:36:05,"[111.0, 60]","[110.0, 20]","[142.0, 10]","[207.89, 19]",126.5,109,31.0,0.47
07:36:06,"[112.0, 73]","[111.0, 78]","[140.12, 17]","[145.12, 58]",126.06,226,28.12,0.34
07:36:07,"[117.0, 55]","[112.0, 39]","[137.88, 25]","[139.72, 43]",127.44,162,20.88,0.16
07:36:08,"[117.0, 10]","[111.33, 45]","[136.3, 46]","[137.57, 23]",126.65,124,19.3,-0.11
07:36:09,"[111.32, 38]","[109.69, 39]","[134.15, 20]","[135.54, 28]",122.73,125,22.83,0.23
07:36:10,"[111.0, 48]","[110.0, 8]","[130.56, 18]","[131.52, 21]",120.78,95,19.56,0.18
07:36:11,"[111.0, 78]","[110.0, 13]","[126.21, 47]","[128.19, 37]",118.61,175,15.21,0.04
07:36:12,"[111.0, 78]","[110.0, 13]","[127.52, 42]","[127.94, 35]",119.26,168,16.52,0.08
07:36:13,"[111.0, 51]","[110.0, 9]","[125.0, 9]","[126.0, 18]",118.0,87,14.0,0.38
07:36:14,"[110.95, 58]","[109.42, 26]","[112.58, 62]","[115.08, 48]",111.76,194,1.63,-0.13
07:36:15,"[108.3, 33]","[107.92, 37]","[110.9, 39]","[113.48, 33]",109.6,142,2.59,-0.01
07:36:16,"[108.0, 66]","[107.0, 25]","[109.64, 55]","[236.65, 23]",108.82,169,1.64,0.08
07:36:17,"[108.0, 22]","[107.0, 55]","[163.12, 51]","[419.44, 43]",135.56,171,55.12,-0.1
07:36:18,"[110.0, 26]","[108.03, 37]","[161.77, 44]","[183.22, 46]",135.89,153,51.77,-0.18
07:36:19,"[112.03, 76]","[111.09, 70]","[286.9, 63]","[334.61, 64]",199.47,273,174.88,0.07
07:36:20,"[113.0, 28]","[112.0, 84]","[246.02, 55]","[332.76, 45]",179.51,212,133.02,0.06
07:36:21,"[114.47, 38]","[112.44, 54]","[192.82, 49]","[221.26, 57]",153.65,198,78.34,-0.07
07:36:22,"[115.91, 44]","[114.0, 26]","[176.28, 43]","[187.0, 49]",146.09,162,60.37,-0.14
07:36:23,"[114.93, 15]","[111.86, 56]","[161.4, 30]","[167.81, 42]",138.17,143,46.47,-0.01
07:36:24,"[112.0, 28]","[111.0, 56]","[160.0, 42]","[381.69, 54]",136.0,180,48.0,-0.07
07:36:25,"[111.05, 38]","[108.3, 40]","[159.2, 30]","[369.4, 30]",135.13,138,48.15,0.13
07:36:26,"[111.0, 48]","[109.0, 48]","[152.27, 37]","[229.18, 38]",131.64,171,41.27,0.12
07:36:27,"[112.45, 88]","[110.67, 48]","[134.0, 36]","[230.8, 44]",123.23,216,21.55,0.26
07:36:28,"[113.0, 72]","[111.0, 36]","[132.33, 27]","[294.71, 34]",122.67,169,19.33,0.28
07:36:29,"[113.07, 44]","[111.7, 43]","[132.0, 30]","[308.68, 41]",122.53,158,18.93,0.1
07:36:30,"[114.87, 23]","[113.21, 19]","[132.0, 21]","[288.86, 35]",123.43,98,17.13,-0.14
07:36:31,"[115.35, 23]","[114.93, 43]","[130.36, 33]","[191.0, 55]",122.86,154,15.02,-0.14
07:36:32,"[116.0, 13]","[115.0, 65]","[127.92, 39]","[311.91, 46]",121.96,163,11.92,-0.04
07:36:33,"[116.0, 13]","[115.0, 65]","[124.63, 49]","[144.81, 42]",120.32,169,8.63,-0.08
07:36:34,"[113.22, 36]","[111.74, 53]","[122.04, 46]","[123.54, 52]",117.63,187,8.82,-0.05
07:36:35,"[113.56, 112]","[112.0, 64]","[119.26, 57]","[120.47, 55]",116.41,288,5.7,0.22
07:36:36,"[114.65, 34]","[111.43, 56]","[116.67, 54]","[135.05, 42]",115.66,186,2.02,-0.03
07:36:37,"[111.0, 39]","[109.0, 16]","[116.0, 46]","[307.17, 48]",113.5,149,5.0,-0.26
07:36:38,"[111.0, 33]","[109.0, 11]","[115.56, 27]","[169.21, 28]",113.28,99,4.56,-0.11
07:36:39,"[110.54, 35]","[108.27, 33]","[113.37, 59]","[115.32, 38]",111.96,165,2.83,-0.18
07:36:40,"[109.0, 8]","[108.0, 24]","[114.5, 16]","[192.43, 28]",111.75,76,5.5,-0.16
07:36:41,"[108.67, 12]","[107.6, 40]","[110.5, 32]","[275.5, 32]",109.58,116,1.83,-0.1
07:36:42,"[108.81, 37]","[107.18, 34]","[350.46, 26]","[420.76, 42]",229.64,139,241.65,0.02
07:36:43,"[109.68, 31]","[108.95, 37]","[410.22, 18]","[617.23, 26]",259.95,112,300.54,0.21
07:36:44,"[111.71, 41]","[109.68, 31]","[334.29, 28]","[523.2, 20]",223.0,120,222.58,0.2
07:36:45,"[112.35, 46]","[111.38, 58]","[307.54, 41]","[373.48, 33]",209.94,178,195.19,0.17
07:36:46,"[114.0, 32]","[112.0, 80]","[225.87, 69]","[269.2, 56]",169.93,237,111.87,-0.05
07:36:47,"[113.08, 26]","[111.27, 55]","[231.09, 55]","[278.53, 30]",172.08,166,118.01,-0.02
07:36:48,"[112.41, 49]","[109.09, 165]","[230.0, 45]","[263.2, 20]",171.2,279,117.59,0.53
07:36:49,"[117.0, 72]","[110.0, 45]","[217.81, 31]","[261.0, 40]",167.4,188,100.81,0.24
07:36:50,"[117.0, 88]","[110.0, 55]","[186.67, 30]","[206.31, 32]",151.83,205,69.67,0.4
07:36:51,"[117.0, 66]","[110.0, 50]","[179.7, 50]","[180.32, 22]",148.35,188,62.7,0.23
07:36:52,"[117.0, 39]","[110.0, 45]","[176.88, 42]","[178.1, 41]",146.94,167,59.88,0.01
07:36:53,"[110.36, 58]","[109.05, 290]","[172.86, 63]","[173.68, 66]",141.61,477,62.5,0.46
07:36:54,"[110.44, 36]","[109.29, 140]","[160.47, 53]","[164.64, 55]",135.46,284,50.03,0.24
07:36:55,"[110.0, 55]","[109.0, 275]","[148.24, 29]","[149.23, 44]",129.12,403,38.24,0.64
07:36:56,"[110.0, 80]","[109.0, 400]","[144.25, 53]","[145.19, 48]",127.12,581,34.25,0.65
07:36:57,"[111.05, 20]","[109.75, 100]","[139.5, 64]","[140.91, 46]",125.28,230,28.45,0.04
07:36:58,"[110.43, 28]","[109.1, 305]","[134.42, 77]","[136.41, 78]",122.42,488,23.99,0.36
07:36:59,"[109.25, 88]","[109.0, 137]","[130.79, 39]","[132.92, 48]",120.02,312,21.54,0.44
07:37:00,"[109.0, 288]","[108.0, 24]","[125.06, 33]","[125.06, 34]",117.03,379,16.06,0.65
07:37:01,"[109.0, 360]","[108.0, 30]","[120.1, 39]","[119.91, 54]",114.55,483,11.1,0.61
07:37:02,"[109.0, 240]","[108.0, 20]","[112.71, 45]","[113.82, 33]",110.86,338,3.71,0.54
07:37:03,"[109.13, 92]","[108.92, 130]","[114.55, 29]","[217.53, 38]",111.84,289,5.42,0.54
07:37:04,"[109.0, 90]","[108.0, 12]","[115.23, 13]","[153.33, 18]",112.12,133,6.23,0.53
07:37:05,"[109.0, 144]","[108.0, 24]","[111.93, 27]","[112.87, 23]",110.46,218,2.93,0.54
07:37:06,"[109.0, 86]","[108.0, 26]","[308.11, 35]","[368.0, 31]",208.56,178,199.11,0.26
07:37:07,"[109.0, 54]","[108.0, 16]","[596.0, 32]","[604.75, 16]",352.5,118,487.0,0.19
07:37:08,"[109.0, 36]","[108.0, 12]","[355.62, 16]","[586.0, 20]",232.31,84,246.62,0.14
07:37:09,"[111.67, 36]","[108.62, 48]","[226.5, 40]","[582.64, 22]",169.08,146,114.83,0.15
07:37:10,"[117.0, 10]","[109.0, 30]","[210.0, 20]","[393.0, 10]",163.5,70,93.0,0.14
07:37:11,"[113.13, 31]","[108.8, 60]","[384.91, 44]","[584.0, 22]",249.02,157,271.78,0.16
07:37:12,"[111.0, 9]","[108.69, 13]","[365.71, 14]","[500.4, 10]",238.36,46,254.71,-0.04
07:37:13,"[112.0, 12]","[109.0, 18]","[174.5, 24]","[366.0, 12]",143.25,66,62.5,-0.09
07:37:14,"[112.0, 14]","[109.0, 21]","[225.43, 28]","[475.86, 14]",168.71,77,113.43,-0.09
07:37:15,"[113.0, 18]","[112.0, 18]","[169.67, 36]","[339.89, 18]",141.33,90,56.67,-0.2
07:37:16,"[112.24, 34]","[111.31, 26]","[135.0, 48]","[148.0, 24]",123.62,132,22.76,-0.09
07:37:17,"[111.0, 49]","[109.0, 21]","[148.57, 28]","[206.6, 20]",129.79,118,37.57,0.19
07:37:18,"[111.0, 35]","[109.0, 15]","[293.78, 18]","[475.33, 12]",202.39,80,182.78,0.25
07:37:19,"[110.56, 54]","[108.18, 39]","[112.0, 20]","[376.64, 28]",111.28,141,1.44,0.32
07:37:20,"[108.97, 154]","[107.84, 43]","[112.0, 20]","[458.0, 24]",110.49,241,3.03,0.63
07:37:21,"[110.0, 50]","[109.21, 75]","[112.0, 18]","[374.67, 18]",111.0,161,2.0,0.55
07:37:22,"[109.78, 36]","[109.08, 117]","[159.27, 22]","[591.74, 38]",134.53,213,49.49,0.44
07:37:23,"[111.08, 13]","[109.0, 182]","[516.8, 40]","[616.37, 38]",313.94,273,405.72,0.43
07:37:24,"[112.65, 37]","[109.09, 101]","[180.8, 20]","[438.7, 40]",146.72,198,68.15,0.39
07:37:25,"[114.43, 98]","[109.92, 106]","[322.62, 42]","[422.67, 42]",218.52,288,208.19,0.42
07:37:26,"[115.0, 88]","[111.0, 99]","[256.35, 34]","[498.88, 32]",185.68,253,141.35,0.48
07:37:27,"[115.0, 48]","[111.0, 54]","[350.0, 12]","[654.5, 24]",232.5,138,235.0,0.48
07:37:28,"[115.0, 86]","[111.08, 78]","[555.91, 44]","[613.29, 34]",335.45,242,440.91,0.36
07:37:29,"[115.0, 42]","[112.0, 12]","[529.12, 24]","[576.44, 27]",322.06,105,414.12,0.03
07:37:30,"[115.0, 56]","[112.0, 16]","[337.65, 34]","[532.18, 34]",226.32,140,222.65,0.03
07:37:31,"[115.0, 42]","[112.0, 12]","[127.0, 24]","[483.88, 24]",121.0,102,12.0,0.06
07:37:32,"[115.0, 82]","[112.0, 26]","[126.83, 48]","[361.16, 37]",120.92,193,11.83,0.12
07:37:33,"[115.0, 27]","[112.0, 18]","[260.33, 36]","[369.0, 18]",187.67,99,145.33,-0.09
07:37:34,"[113.67, 27]","[111.16, 64]","[294.53, 34]","[333.63, 38]",204.1,163,180.86,0.12
07:37:35,"[112.82, 44]","[111.18, 44]","[236.0, 16]","[324.25, 24]",174.41,128,123.18,0.38
07:37:36,"[114.1, 87]","[113.98, 41]","[235.04, 47]","[345.12, 32]",174.57,207,120.94,0.24
07:37:37,"[117.0, 96]","[116.0, 108]","[234.58, 60]","[296.53, 47]",175.79,311,117.58,0.31
07:37:38,"[117.0, 88]","[116.0, 99]","[230.56, 54]","[232.36, 55]",173.78,296,113.56,0.26
07:37:39,"[117.0, 120]","[116.0, 135]","[214.19, 72]","[231.47, 75]",165.6,402,97.19,0.27
07:37:40,"[117.0, 120]","[116.0, 135]","[129.67, 18]","[130.84, 57]",123.33,330,12.67,0.55
07:37:41,"[116.86, 126]","[115.9, 189]","[124.53, 36]","[125.96, 77]",120.69,428,7.67,0.47
07:37:42,"[115.91, 103]","[114.95, 110]","[118.57, 60]","[120.38, 16]",117.24,289,2.65,0.47
07:37:43,"[115.08, 59]","[114.37, 57]","[117.0, 44]","[118.0, 55]",116.04,215,1.92,0.08
07:37:44,"[115.0, 99]","[112.0, 22]","[117.45, 33]","[155.83, 46]",116.23,200,2.45,0.21
07:37:45,"[115.0, 88]","[112.0, 32]","[228.01, 69]","[315.46, 70]",171.51,259,113.01,-0.07
07:37:46,"[115.0, 15]","[112.0, 10]","[556.2, 20]","[695.8, 20]",335.6,65,441.2,-0.23
07:37:47,"[114.74, 23]","[111.7, 20]","[484.88, 32]","[627.88, 32]",299.81,107,370.14,-0.2
07:37:48,"[112.0, 8]","[111.0, 36]","[438.0, 24]","[574.0, 24]",275.0,92,326.0,-0.04
07:37:49,"[113.18, 17]","[111.57, 14]","[418.0, 36]","[569.33, 36]",265.59,103,304.82,-0.4
07:37:50,"[114.71, 28]","[112.0, 9]","[438.0, 36]","[589.83, 41]",276.36,114,323.29,-0.35
07:37:51,"[114.91, 32]","[111.54, 13]","[438.0, 32]","[590.28, 39]",276.45,116,323.09,-0.22
07:37:52,"[111.42, 31]","[110.61, 69]","[280.34, 41]","[681.08, 48]",195.88,189,168.92,0.06
07:37:53,"[112.0, 12]","[111.0, 36]","[170.0, 30]","[478.67, 24]",141.0,102,58.0,-0.06
07:37:54,"[112.0, 22]","[111.0, 66]","[170.0, 55]","[454.36, 44]",141.0,187,58.0,-0.06
07:37:55,"[111.55, 22]","[110.86, 42]","[318.57, 35]","[630.85, 33]",215.06,132,207.03,-0.03
07:37:56,"[111.0, 35]","[110.0, 21]","[358.0, 31]","[565.69, 32]",234.5,119,247.0,-0.06
07:37:57,"[111.0, 30]","[110.0, 18]","[505.97, 29]","[631.43, 23]",308.48,100,394.97,-0.04
07:37:58,"[111.0, 55]","[110.0, 33]","[252.83, 35]","[347.11, 47]",181.91,170,141.83,0.04
07:37:59,"[111.0, 60]","[110.0, 36]","[276.03, 35]","[277.46, 37]",193.51,168,165.03,0.14
07:38:00,"[110.43, 47]","[109.4, 30]","[270.42, 36]","[271.68, 38]",190.42,151,159.99,0.02
07:38:01,"[110.0, 45]","[109.0, 30]","[264.81, 48]","[266.42, 45]",187.41,168,154.81,-0.11
07:38:02,"[110.07, 15]","[108.12, 16]","[156.45, 38]","[207.09, 35]",133.26,104,46.38,-0.4
07:38:03,"[110.75, 48]","[108.47, 15]","[127.8, 45]","[129.1, 42]",119.28,150,17.05,-0.16
07:38:04,"[108.0, 30]","[107.0, 30]","[123.63, 49]","[124.62, 50]",115.82,159,15.63,-0.25
07:38:05,"[108.0, 26]","[107.0, 26]","[116.85, 39]","[118.38, 39]",112.42,130,8.85,-0.2
07:38:06,"[108.0, 20]","[107.0, 20]","[112.2, 30]","[113.5, 30]",110.1,100,4.2,-0.2
07:38:07,"[107.73, 22]","[106.52, 31]","[109.48, 31]","[110.83, 35]",108.61,119,1.76,-0.11
07:38:08,"[106.22, 45]","[98.89, 38]","[109.33, 58]","[110.42, 57]",107.77,198,3.11,-0.16
07:38:09,"[106.21, 19]","[96.18, 11]","[109.0, 9]","[110.0, 20]",107.61,59,2.79,0.02
07:38:10,"[106.47, 49]","[100.86, 42]","[109.2, 30]","[120.77, 62]",107.83,183,2.73,-0.01
07:38:11,"[106.5, 24]","[105.11, 27]","[199.57, 37]","[380.07, 30]",153.03,118,93.07,-0.14
07:38:12,"[101.68, 25]","[45.08, 13]","[141.33, 45]","[223.33, 36]",121.51,119,39.65,-0.36
07:38:13,"[70.0, 6]","[13.0, 12]","[98.71, 14]","[103.0, 29]",84.36,61,28.71,-0.41
07:38:14,"[70.0, 4]","[13.0, 8]","[97.0, 8]","[102.0, 20]",83.5,40,27.0,-0.4
07:38:15,"[77.92, 59]","[72.66, 47]","[97.0, 24]","[102.0, 60]",87.46,190,19.08,0.12
07:38:16,"[81.0, 21]","[30.75, 4]","[102.0, 14]","[103.0, 12]",91.5,51,21.0,-0.02
07:38:17,"[82.38, 56]","[22.12, 16]","[102.0, 32]","[103.0, 32]",92.19,136,19.62,0.06
07:38:18,"[83.0, 28]","[2.0, 8]","[102.6, 10]","[104.38, 13]",92.8,59,19.6,0.22
07:38:19,"[83.75, 28]","[35.0, 8]","[103.0, 8]","[105.0, 12]",93.38,56,19.25,0.29
07:38:20,"[85.22, 63]","[73.0, 18]","[104.56, 18]","[106.65, 34]",94.89,133,19.33,0.22
07:38:21,"[86.0, 77]","[45.27, 22]","[106.6, 15]","[203.26, 43]",96.3,157,20.6,0.26
07:38:22,"[86.38, 71]","[38.04, 28]","[107.79, 29]","[124.71, 35]",97.09,163,21.41,0.21
07:38:23,"[94.23, 56]","[92.36, 76]","[145.69, 42]","[352.33, 30]",119.96,204,51.46,0.29
07:38:24,"[110.19, 26]","[107.45, 44]","[127.0, 50]","[385.67, 18]",118.6,138,16.81,0.01
07:38:25,"[112.0, 36]","[110.0, 9]","[240.28, 36]","[318.0, 18]",176.14,99,128.28,-0.09
07:38:26,"[112.78, 18]","[110.0, 9]","[279.26, 42]","[310.69, 13]",196.02,82,166.48,-0.34
07:38:27,"[115.0, 10]","[110.0, 5]","[270.0, 16]","[287.41, 17]",192.5,48,155.0,-0.38
07:38:28,"[115.0, 10]","[110.0, 5]","[250.0, 10]","[282.0, 25]",182.5,50,135.0,-0.4
07:38:29,"[114.74, 19]","[110.59, 17]","[236.78, 18]","[279.09, 44]",175.76,98,122.04,-0.27
07:38:30,"[107.65, 23]","[60.24, 33]","[130.26, 27]","[238.1, 20]",118.96,103,22.61,0.09
07:38:31,"[108.38, 52]","[77.0, 25]","[130.0, 45]","[360.48, 42]",119.19,164,21.62,-0.06
07:38:32,"[109.2, 40]","[107.0, 15]","[129.0, 25]","[358.5, 16]",119.1,96,19.8,0.15
07:38:33,"[111.0, 74]","[107.74, 57]","[129.0, 55]","[365.23, 52]",120.0,238,18.0,0.1
07:38:34,"[111.0, 35]","[108.0, 49]","[127.62, 34]","[128.57, 35]",119.31,153,16.62,0.1
07:38:35,"[116.32, 92]","[112.84, 62]","[125.34, 59]","[126.37, 67]",120.83,280,9.02,0.1
07:38:36,"[117.0, 104]","[115.0, 65]","[120.08, 59]","[121.54, 59]",118.54,287,3.08,0.18
07:38:37,"[117.0, 29]","[115.38, 16]","[119.45, 33]","[121.79, 39]",118.23,117,2.45,-0.23
07:38:38,"[115.51, 47]","[108.82, 39]","[118.74, 38]","[121.44, 43]",117.12,167,3.23,0.03
07:38:39,"[115.0, 63]","[108.0, 63]","[117.03, 37]","[118.09, 44]",116.01,207,2.03,0.22
07:38:40,"[110.74, 46]","[107.7, 40]","[219.27, 30]","[235.6, 20]",165.0,136,108.53,0.26
07:38:41,"[108.0, 112]","[107.0, 42]","[261.7, 37]","[333.56, 45]",184.85,236,153.7,0.31
07:38:42,"[108.0, 32]","[107.0, 30]","[146.74, 19]","[311.0, 13]",127.37,94,38.74,0.32
07:38:43,"[110.25, 32]","[107.32, 31]","[374.69, 39]","[389.77, 35]",242.47,137,264.44,-0.08
07:38:44,"[109.61, 61]","[107.4, 30]","[244.13, 31]","[262.89, 27]",176.87,149,134.52,0.22
07:38:45,"[117.0, 32]","[110.0, 104]","[210.62, 29]","[233.21, 14]",163.81,179,93.62,0.52
07:38:46,"[112.8, 60]","[109.79, 87]","[209.52, 31]","[223.12, 32]",161.16,210,96.72,0.4
07:38:47,"[110.0, 156]","[108.0, 39]","[206.77, 39]","[210.0, 52]",158.38,286,96.77,0.36
07:38:48,"[110.0, 96]","[108.0, 24]","[203.04, 28]","[204.11, 28]",156.52,176,93.04,0.36
07:38:49,"[110.0, 96]","[108.0, 24]","[200.38, 32]","[202.0, 24]",155.19,176,90.38,0.36
07:38:50,"[110.0, 63]","[108.0, 27]","[199.0, 32]","[200.45, 31]",154.5,153,89.0,0.18
07:38:51,"[110.07, 46]","[108.92, 39]","[144.21, 38]","[186.67, 33]",127.14,156,34.15,0.09
07:38:52,"[109.38, 32]","[108.75, 48]","[111.4, 30]","[129.77, 39]",110.39,149,2.03,0.07
07:38:53,"[108.0, 33]","[107.0, 33]","[109.26, 19]","[118.47, 19]",108.63,104,1.26,0.27
07:38:54,"[108.67, 36]","[107.43, 21]","[117.86, 7]","[196.76, 17]",113.26,81,9.19,0.41
07:38:55,"[109.04, 23]","[107.69, 13]","[165.0, 8]","[201.0, 24]",137.02,68,55.96,0.06
07:38:56,"[110.38, 39]","[109.0, 15]","[199.11, 19]","[360.41, 27]",154.74,100,88.72,0.08
07:38:57,"[113.79, 52]","[111.75, 60]","[227.14, 42]","[392.25, 53]",170.47,207,113.35,0.08
07:38:58,"[115.24, 63]","[113.91, 55]","[308.09, 47]","[346.11, 28]",211.66,193,192.85,0.22
07:38:59,"[115.0, 48]","[109.0, 36]","[289.68, 19]","[596.26, 39]",202.34,142,174.68,0.18
07:39:00,"[115.0, 32]","[111.73, 33]","[323.23, 13]","[639.82, 22]",219.12,100,208.23,0.3
07:39:01,"[115.0, 86]","[112.0, 60]","[429.12, 24]","[565.52, 21]",272.06,191,314.12,0.53
07:39:02,"[115.0, 74]","[112.0, 65]","[238.23, 52]","[279.98, 49]",176.62,240,123.23,0.16
07:39:03,"[112.3, 40]","[109.13, 113]","[222.0, 22]","[255.3, 40]",167.15,215,109.7,0.42
07:39:04,"[112.0, 28]","[109.0, 84]","[240.8, 10]","[242.96, 25]",176.4,147,128.8,0.52
07:39:05,"[109.0, 66]","[108.0, 6]","[235.22, 18]","[240.22, 9]",172.11,99,126.22,0.45
07:39:06,"[109.11, 187]","[108.69, 48]","[156.83, 29]","[172.3, 20]",132.97,284,47.72,0.65
07:39:07,"[110.0, 37]","[109.0, 160]","[153.95, 38]","[159.4, 10]",131.97,245,43.95,0.61
07:39:08,"[110.07, 28]","[109.03, 117]","[151.79, 14]","[153.04, 46]",130.93,205,41.71,0.41
07:39:09,"[110.43, 23]","[109.2, 75]","[143.67, 21]","[152.03, 39]",127.05,158,33.23,0.24
07:39:10,"[111.2, 70]","[109.08, 152]","[135.07, 86]","[146.2, 20]",123.13,328,23.87,0.35
07:39:11,"[110.0, 36]","[109.0, 120]","[134.96, 52]","[141.5, 20]",122.48,228,24.96,0.37
07:39:12,"[110.57, 56]","[109.23, 104]","[132.83, 24]","[133.86, 72]",121.7,256,22.26,0.25
07:39:13,"[109.36, 50]","[108.83, 72]","[128.38, 34]","[132.31, 26]",118.87,182,19.02,0.34
07:39:14,"[109.0, 104]","[108.0, 39]","[125.3, 57]","[127.0, 47]",117.15,247,16.3,0.16
07:39:15,"[109.0, 72]","[108.0, 27]","[120.7, 27]","[122.72, 29]",114.85,155,11.7,0.28
07:39:16,"[109.0, 84]","[108.0, 39]","[116.05, 63]","[117.18, 39]",112.52,225,7.05,0.09
07:39:17,"[108.76, 68]","[107.55, 40]","[111.95, 61]","[113.07, 55]",110.36,224,3.19,-0.04
07:39:18,"[106.41, 34]","[102.28, 29]","[126.24, 38]","[216.0, 30]",116.32,131,19.83,-0.04
07:39:19,"[98.13, 61]","[69.28, 50]","[107.71, 48]","[149.65, 37]",102.92,196,9.58,0.13
07:39:20,"[104.0, 30]","[92.0, 25]","[107.4, 10]","[109.0, 5]",105.7,70,3.4,0.57
07:39:21,"[97.84, 50]","[94.72, 47]","[123.59, 27]","[156.0, 16]",110.72,140,25.75,0.39
07:39:22,"[109.08, 25]","[102.15, 26]","[260.0, 24]","[348.36, 28]",184.54,103,150.92,-0.01
07:39:23,"[114.11, 27]","[112.0, 36]","[392.67, 27]","[613.24, 42]",253.39,132,278.56,-0.05
07:39:24,"[113.5, 16]","[111.62, 13]","[398.76, 17]","[541.0, 23]",256.13,69,285.26,-0.16
07:39:25,"[114.42, 24]","[110.26, 19]","[293.92, 24]","[529.33, 36]",204.17,103,179.5,-0.17
07:39:26,"[114.0, 30]","[110.26, 27]","[254.5, 40]","[386.28, 36]",184.25,133,140.5,-0.14
07:39:27,"[108.0, 67]","[92.0, 25]","[135.64, 47]","[178.76, 34]",121.82,173,27.64,0.06
07:39:28,"[109.0, 51]","[105.89, 36]","[129.33, 60]","[347.79, 39]",119.17,186,20.33,-0.06
07:39:29,"[112.0, 35]","[111.0, 5]","[128.0, 25]","[319.6, 10]",120.0,75,16.0,0.07
07:39:30,"[112.0, 48]","[111.0, 7]","[125.57, 35]","[275.0, 14]",118.79,104,13.57,0.06
07:39:31,"[112.0, 36]","[111.0, 6]","[124.17, 30]","[230.0, 12]",118.08,84,12.17,0.0
07:39:32,"[112.2, 30]","[111.25, 12]","[121.92, 60]","[230.0, 24]",117.06,126,9.72,-0.33
07:39:33,"[112.0, 10]","[111.0, 10]","[119.9, 50]","[377.04, 26]",115.95,96,7.9,-0.58
07:39:34,"[108.25, 16]","[104.51, 51]","[118.73, 55]","[206.33, 36]",113.49,158,10.48,-0.15
07:39:35,"[106.93, 15]","[105.69, 83]","[116.45, 55]","[542.36, 33]",111.69,186,9.52,0.05
07:39:36,"[109.0, 8]","[106.0, 40]","[115.38, 40]","[580.81, 27]",112.19,115,6.38,-0.17
07:39:37,"[106.45, 53]","[103.52, 58]","[110.72, 81]","[129.71, 77]",108.58,269,4.26,-0.17
07:39:38,"[106.0, 29]","[98.0, 18]","[107.88, 40]","[128.43, 37]",106.94,124,1.88,-0.24
07:39:39,"[106.46, 13]","[99.41, 17]","[157.77, 22]","[319.44, 34]",132.12,86,51.31,-0.3
07:39:40,"[111.04, 49]","[103.67, 12]","[258.24, 17]","[293.54, 13]",184.64,91,147.19,0.34
07:39:41,"[112.5, 118]","[110.11, 36]","[148.69, 29]","[156.79, 24]",130.59,207,36.19,0.49
07:39:42,"[114.99, 69]","[114.05, 95]","[138.91, 32]","[139.17, 18]",126.95,214,23.92,0.53
07:39:43,"[117.0, 20]","[115.0, 70]","[133.85, 20]","[135.32, 25]",125.42,135,16.85,0.33
07:39:44,"[117.0, 30]","[115.0, 108]","[130.35, 43]","[131.6, 43]",123.67,224,13.35,0.23
07:39:45,"[117.0, 34]","[115.0, 24]","[124.6, 45]","[125.73, 45]",120.8,148,7.6,-0.22
07:39:46,"[110.94, 63]","[109.22, 64]","[120.0, 51]","[121.07, 45]",115.47,223,9.06,0.14
07:39:47,"[109.82, 28]","[108.82, 93]","[115.85, 13]","[118.0, 39]",112.83,173,6.02,0.4
07:39:48,"[109.82, 33]","[108.66, 87]","[113.42, 31]","[114.9, 30]",111.62,181,3.6,0.33
07:39:49,"[109.0, 112]","[107.0, 70]","[112.81, 27]","[117.57, 44]",110.91,253,3.81,0.44
07:39:50,"[109.0, 59]","[107.0, 50]","[113.0, 50]","[114.0, 30]",111.0,189,4.0,0.15
07:39:51,"[109.0, 50]","[107.0, 50]","[113.0, 50]","[114.0, 30]",111.0,180,4.0,0.11
07:39:52,"[109.0, 45]","[107.0, 45]","[111.89, 45]","[114.0, 27]",110.44,162,2.89,0.11
07:39:53,"[109.0, 25]","[107.0, 55]","[175.92, 49]","[366.04, 23]",142.46,152,66.92,0.05
07:39:54,"[112.0, 102]","[109.0, 20]","[460.17, 29]","[593.39, 46]",286.09,197,348.17,0.24
07:39:55,"[112.0, 48]","[109.0, 14]","[330.0, 11]","[569.7, 30]",221.0,103,218.0,0.2
07:39:56,"[112.0, 48]","[109.0, 16]","[324.62, 16]","[408.89, 38]",218.31,118,212.62,0.08
07:39:57,"[112.0, 42]","[109.0, 14]","[140.55, 11]","[240.68, 31]",126.27,98,28.55,0.14
07:39:58,"[112.0, 34]","[109.0, 14]","[139.29, 35]","[141.0, 7]",125.64,90,27.29,0.07
07:39:59,"[112.0, 36]","[109.0, 18]","[136.78, 45]","[138.33, 45]",124.39,144,24.78,-0.25
07:40:00,"[112.12, 34]","[110.0, 24]","[134.4, 50]","[135.4, 50]",123.26,158,22.28,-0.27
07:40:01,"[112.0, 18]","[109.0, 18]","[132.22, 41]","[134.56, 45]",122.11,122,20.22,-0.41
07:40:02,"[110.91, 22]","[108.52, 21]","[129.02, 43]","[131.33, 45]",119.97,131,18.11,-0.34
07:40:03,"[109.64, 55]","[107.78, 46]","[127.08, 51]","[129.18, 55]",118.36,207,17.44,-0.02
07:40:04,"[110.0, 50]","[108.0, 40]","[125.4, 50]","[126.8, 50]",117.7,190,15.4,-0.05
07:40:05,"[110.0, 29]","[108.0, 28]","[124.14, 35]","[126.0, 35]",117.07,127,14.14,-0.1
07:40:06,"[110.0, 22]","[108.91, 47]","[123.0, 41]","[124.27, 51]",116.5,161,13.0,-0.14
07:40:07,"[110.0, 10]","[109.0, 25]","[120.6, 25]","[121.48, 23]",115.3,83,10.6,-0.16
07:40:08,"[109.1, 30]","[108.0, 49]","[119.16, 51]","[119.83, 60]",114.13,190,10.06,-0.17
07:40:09,"[109.68, 37]","[107.86, 35]","[116.17, 30]","[117.58, 38]",112.92,140,6.49,0.03
07:40:10,"[109.0, 22]","[108.0, 33]","[112.59, 34]","[113.47, 53]",110.79,142,3.59,-0.23
07:40:11,"[107.37, 49]","[107.0, 28]","[109.0, 22]","[111.58, 48]",108.18,147,1.63,0.05
07:40:12,"[96.29, 21]","[58.58, 31]","[107.88, 48]","[196.24, 41]",102.08,141,11.59,-0.26
07:40:13,"[58.86, 22]","[39.54, 26]","[102.95, 20]","[104.55, 33]",80.91,101,44.09,-0.05
07:40:14,"[34.5, 28]","[12.0, 16]","[101.71, 28]","[104.0, 18]",68.11,90,67.21,-0.02
07:40:15,"[74.72, 25]","[53.5, 24]","[103.0, 44]","[105.0, 33]",88.86,126,28.28,-0.22
07:40:16,"[90.0, 24]","[80.69, 16]","[103.0, 44]","[105.0, 33]",96.5,117,13.0,-0.32
07:40:17,"[86.5, 24]","[84.29, 14]","[102.83, 48]","[104.78, 37]",94.67,123,16.33,-0.38
07:40:18,"[88.44, 27]","[84.5, 16]","[102.6, 20]","[104.8, 40]",95.52,103,14.16,-0.17
07:40:19,"[92.0, 12]","[85.2, 10]","[103.75, 8]","[113.35, 17]",97.88,47,11.75,-0.06
07:40:20,"[87.36, 14]","[85.85, 13]","[104.09, 35]","[119.46, 26]",95.72,88,16.73,-0.39
07:40:21,"[91.62, 13]","[89.59, 17]","[104.43, 35]","[114.5, 30]",98.02,95,12.81,-0.37
07:40:22,"[95.29, 28]","[92.65, 17]","[117.61, 23]","[328.44, 27]",106.45,95,22.32,-0.05
07:40:23,"[112.38, 13]","[107.14, 14]","[114.0, 18]","[352.0, 11]",113.19,56,1.62,-0.04
07:40:24,"[113.0, 10]","[111.1, 20]","[163.86, 14]","[394.0, 20]",138.43,64,50.86,-0.06
07:40:25,"[113.62, 13]","[111.0, 26]","[477.17, 35]","[523.52, 25]",295.39,99,363.56,-0.21
07:40:26,"[114.0, 9]","[111.0, 18]","[214.78, 27]","[489.04, 23]",164.39,77,100.78,-0.3
07:40:27,"[76.0, 9]","[80.22, 9]","[135.0, 18]","[378.78, 9]",105.5,45,59.0,-0.2
07:40:28,"[100.3, 20]","[84.0, 24]","[373.0, 8]","[387.0, 16]",236.65,68,272.7,0.29
07:40:29,"[108.66, 47]","[101.38, 26]","[372.73, 11]","[386.18, 17]",240.69,101,264.07,0.45
07:40:30,"[109.0, 34]","[108.0, 28]","[279.79, 29]","[335.89, 19]",194.4,110,170.79,0.13
07:40:31,"[109.0, 40]","[108.0, 40]","[172.1, 30]","[232.75, 40]",140.55,150,63.1,0.07
07:40:32,"[110.57, 47]","[109.42, 53]","[122.14, 44]","[182.07, 28]",116.36,172,11.56,0.16
07:40:33,"[111.0, 30]","[109.0, 40]","[113.27, 22]","[114.15, 26]",112.14,118,2.27,0.19
07:40:34,"[111.0, 24]","[109.0, 32]","[113.0, 16]","[114.0, 24]",112.0,96,2.0,0.17
07:40:35,"[108.38, 26]","[105.5, 44]","[111.56, 27]","[113.35, 31]",109.97,128,3.17,0.09
07:40:36,"[107.31, 13]","[106.06, 67]","[110.0, 22]","[113.0, 22]",108.65,124,2.69,0.29
07:40:37,"[107.77, 22]","[106.21, 57]","[258.78, 50]","[328.53, 62]",183.28,191,151.01,-0.17
07:40:38,"[106.33, 84]","[103.47, 17]","[451.22, 50]","[483.86, 49]",278.78,200,344.89,0.01
07:40:39,"[107.22, 74]","[104.62, 29]","[299.33, 36]","[372.25, 16]",203.27,155,192.12,0.33
07:40:40,"[112.49, 59]","[110.48, 67]","[119.82, 11]","[168.37, 38]",116.15,175,7.33,0.44
07:40:41,"[113.89, 9]","[112.74, 46]","[119.0, 9]","[152.65, 43]",116.44,107,5.11,0.03
07:40:42,"[111.19, 31]","[100.84, 43]","[118.11, 18]","[137.89, 18]",114.65,110,6.92,0.35
07:40:43,"[111.0, 23]","[106.0, 8]","[117.43, 14]","[118.2, 10]",114.21,55,6.43,0.13
07:40:44,"[109.64, 11]","[98.2, 20]","[115.0, 11]","[117.0, 22]",112.32,64,5.36,-0.03
07:40:45,"[106.0, 11]","[95.36, 44]","[113.6, 15]","[116.33, 18]",109.8,88,7.6,0.25
07:40:46,"[108.65, 43]","[91.04, 27]","[112.0, 24]","[114.0, 12]",110.33,106,3.35,0.32
07:40:47,"[109.0, 42]","[106.0, 7]","[111.27, 11]","[112.2, 10]",110.14,70,2.27,0.4
07:40:48,"[109.03, 68]","[108.0, 41]","[110.67, 18]","[139.57, 42]",109.85,169,1.64,0.29
07:40:49,"[109.15, 66]","[108.37, 38]","[246.3, 44]","[327.58, 59]",177.72,207,137.14,0.0
07:40:50,"[109.0, 54]","[106.0, 9]","[402.56, 36]","[486.69, 29]",255.78,128,293.56,-0.02
07:40:51,"[109.0, 14]","[106.93, 15]","[448.81, 37]","[607.64, 39]",278.91,105,339.81,-0.45
07:40:52,"[109.0, 17]","[107.0, 22]","[268.0, 44]","[470.19, 54]",188.5,137,159.0,-0.43
07:40:53,"[114.32, 19]","[108.88, 16]","[227.29, 56]","[301.53, 60]",170.8,151,112.97,-0.54
07:40:54,"[116.44, 18]","[110.91, 11]","[214.89, 36]","[227.44, 36]",165.67,101,98.44,-0.43
07:40:55,"[116.0, 16]","[110.09, 11]","[213.5, 32]","[215.0, 32]",164.75,91,97.5,-0.41
07:40:56,"[116.0, 14]","[111.0, 14]","[212.0, 28]","[215.0, 28]",164.0,84,96.0,-0.33
07:40:57,"[116.0, 16]","[111.0, 16]","[211.62, 32]","[396.0, 20]",163.81,84,95.62,-0.24
07:40:58,"[116.0, 17]","[113.4, 40]","[210.94, 47]","[344.28, 39]",163.47,143,94.94,-0.2
07:40:59,"[116.0, 13]","[115.0, 52]","[173.86, 42]","[187.73, 33]",144.93,140,57.86,-0.07
07:41:00,"[115.57, 23]","[114.35, 62]","[121.72, 54]","[125.33, 36]",118.64,175,6.16,-0.03
07:41:01,"[115.0, 34]","[111.0, 40]","[118.15, 48]","[119.33, 36]",116.57,158,3.15,-0.06
07:41:02,"[111.2, 40]","[110.25, 32]","[115.66, 41]","[115.62, 29]",113.43,142,4.46,0.01
07:41:03,"[110.41, 29]","[109.02, 86]","[148.19, 37]","[259.62, 29]",129.3,181,37.78,0.27
07:41:04,"[116.72, 76]","[109.21, 34]","[243.2, 10]","[246.0, 30]",179.96,150,126.48,0.47
07:41:05,"[117.0, 56]","[110.14, 7]","[241.71, 7]","[246.0, 21]",179.36,91,124.71,0.38
07:41:06,"[117.0, 56]","[111.0, 7]","[200.6, 10]","[378.43, 23]",158.8,96,83.6,0.31
07:41:07,"[117.0, 88]","[114.33, 36]","[222.52, 25]","[345.45, 22]",169.76,171,105.52,0.45
07:41:08,"[117.0, 88]","[115.0, 66]","[233.68, 19]","[342.86, 28]",175.34,201,116.68,0.53
07:41:09,"[117.0, 64]","[115.0, 48]","[238.38, 8]","[361.25, 24]",177.69,144,121.38,0.56
07:41:10,"[117.0, 56]","[115.0, 54]","[136.86, 14]","[266.12, 17]",126.93,141,19.86,0.56
07:41:11,"[115.52, 42]","[112.38, 65]","[120.26, 23]","[137.16, 31]",117.89,161,4.74,0.33
07:41:12,"[111.0, 14]","[109.71, 94]","[127.64, 14]","[129.45, 20]",119.32,142,16.64,0.52
07:41:13,"[109.85, 91]","[108.93, 60]","[126.1, 10]","[129.0, 10]",117.97,171,16.25,0.77
07:41:14,"[110.64, 89]","[109.15, 41]","[123.27, 11]","[124.91, 11]",116.96,152,12.63,0.71
07:41:15,"[113.73, 66]","[110.88, 50]","[122.55, 11]","[124.0, 11]",118.14,138,8.82,0.68
07:41:16,"[114.62, 48]","[111.0, 8]","[121.0, 8]","[123.5, 8]",117.81,72,6.38,0.56
07:41:17,"[115.0, 49]","[111.0, 9]","[117.11, 9]","[118.33, 9]",116.06,76,2.11,0.53
07:41:18,"[114.73, 45]","[110.75, 12]","[116.0, 12]","[223.07, 28]",115.37,97,1.27,0.18
07:41:19,"[111.0, 7]","[110.0, 7]","[114.57, 7]","[254.52, 23]",112.79,44,3.57,-0.36
07:41:20,"[109.19, 62]","[108.6, 20]","[112.08, 13]","[203.0, 52]",110.64,147,2.88,0.12
07:41:21,"[109.0, 61]","[107.93, 15]","[112.0, 8]","[203.6, 30]",110.5,114,3.0,0.33
07:41:22,"[109.15, 66]","[108.45, 29]","[142.78, 18]","[255.59, 29]",125.96,142,33.63,0.34
07:41:23,"[110.45, 33]","[109.16, 73]","[202.84, 37]","[234.64, 50]",156.65,193,92.38,0.1
07:41:24,"[115.31, 39]","[112.0, 13]","[186.49, 37]","[197.57, 28]",150.9,117,71.18,-0.11
07:41:25,"[115.0, 36]","[110.25, 24]","[166.56, 18]","[217.41, 37]",140.78,115,51.56,0.04
07:41:26,"[109.18, 51]","[108.54, 39]","[160.0, 9]","[322.22, 36]",134.59,135,50.82,0.33
07:41:27,"[110.4, 57]","[108.96, 73]","[158.73, 11]","[224.45, 44]",134.57,185,48.32,0.41
07:41:28,"[112.27, 56]","[109.12, 82]","[157.29, 14]","[233.19, 42]",134.78,194,45.02,0.42
07:41:29,"[114.31, 65]","[109.0, 29]","[154.92, 26]","[157.0, 13]",134.62,133,40.62,0.41
07:41:30,"[111.33, 45]","[108.48, 31]","[153.64, 22]","[157.0, 11]",132.48,109,42.3,0.39
07:41:31,"[108.18, 33]","[107.4, 15]","[148.4, 20]","[154.43, 14]",128.29,82,40.22,0.17
07:41:32,"[109.0, 21]","[108.0, 21]","[128.33, 9]","[147.0, 14]",118.67,65,19.33,0.29
07:41:33,"[108.55, 33]","[106.09, 32]","[126.35, 23]","[137.0, 16]",117.45,104,17.8,0.25
07:41:34,"[105.39, 31]","[96.76, 21]","[124.95, 21]","[127.5, 12]",115.17,85,19.57,0.22
07:41:35,"[105.75, 16]","[82.69, 26]","[124.0, 6]","[125.0, 12]",114.88,60,18.25,0.4
07:41:36,"[105.0, 33]","[77.48, 46]","[123.05, 21]","[124.17, 12]",114.02,112,18.05,0.41
07:41:37,"[108.0, 40]","[105.2, 30]","[121.77, 13]","[122.35, 17]",114.88,100,13.77,0.4
07:41:38,"[108.0, 42]","[106.0, 33]","[117.84, 19]","[118.21, 19]",112.92,113,9.84,0.33
07:41:39,"[108.0, 33]","[106.16, 32]","[113.0, 18]","[115.18, 33]",110.5,116,5.0,0.12
07:41:40,"[107.31, 13]","[106.07, 29]","[109.71, 17]","[112.12, 16]",108.51,75,2.4,0.12
07:41:41,"[107.45, 11]","[106.22, 23]","[214.42, 43]","[384.89, 27]",160.94,104,106.96,-0.35
07:41:42,"[97.92, 13]","[38.29, 85]","[325.65, 40]","[384.06, 18]",211.79,156,227.73,0.26
07:41:43,"[91.0, 15]","[56.67, 123]","[187.12, 33]","[240.04, 23]",139.06,194,96.12,0.42
07:41:44,"[107.67, 12]","[71.86, 7]","[262.35, 34]","[316.29, 28]",185.01,81,154.69,-0.53
07:41:45,"[111.0, 19]","[94.0, 10]","[130.94, 17]","[236.51, 41]",120.97,87,19.94,-0.33
07:41:46,"[111.0, 10]","[85.44, 18]","[128.24, 34]","[465.88, 34]",119.62,96,17.24,-0.42
07:41:47,"[101.3, 10]","[73.75, 8]","[132.0, 8]","[458.0, 32]",116.65,58,30.7,-0.38
07:41:48,"[107.5, 6]","[97.33, 6]","[132.0, 5]","[247.0, 25]",119.75,42,24.5,-0.43
07:41:49,"[112.04, 55]","[110.92, 25]","[198.74, 31]","[301.74, 38]",155.39,149,86.71,0.07
07:41:50,"[113.33, 36]","[112.0, 81]","[137.0, 18]","[170.0, 36]",125.17,171,23.67,0.37
07:41:51,"[114.7, 37]","[111.95, 64]","[138.0, 16]","[170.0, 32]",126.35,149,23.3,0.36
07:41:52,"[112.0, 90]","[109.0, 10]","[129.38, 32]","[173.48, 46]",120.69,178,17.38,0.12
07:41:53,"[112.0, 45]","[109.0, 5]","[149.06, 16]","[158.68, 19]",130.53,85,37.06,0.18
07:41:54,"[112.0, 48]","[109.0, 7]","[147.45, 11]","[148.12, 32]",129.73,98,35.45,0.12
07:41:55,"[112.17, 24]","[111.29, 21]","[145.78, 37]","[147.59, 17]",128.98,99,33.62,-0.09
07:41:56,"[114.33, 9]","[112.0, 36]","[144.95, 37]","[145.82, 17]",129.64,99,30.61,-0.09
07:41:57,"[115.0, 11]","[112.0, 44]","[141.79, 19]","[144.41, 27]",128.39,101,26.79,0.09
07:41:58,"[115.0, 12]","[112.0, 48]","[139.81, 16]","[140.71, 24]",127.41,100,24.81,0.2
07:41:59,"[116.12, 25]","[112.07, 45]","[137.38, 24]","[138.06, 48]",126.75,142,21.25,-0.01
07:42:00,"[117.0, 182]","[115.0, 13]","[130.97, 33]","[133.51, 37]",123.98,265,13.97,0.47
07:42:01,"[117.0, 138]","[115.0, 17]","[126.24, 33]","[127.0, 21]",121.62,209,9.24,0.48
07:42:02,"[117.0, 113]","[115.0, 30]","[122.96, 27]","[123.38, 39]",119.98,209,5.96,0.37
07:42:03,"[117.0, 55]","[115.0, 28]","[119.32, 22]","[120.52, 62]",118.16,167,2.32,-0.01
07:42:04,"[117.0, 8]","[115.0, 16]","[118.58, 12]","[119.97, 36]",117.79,72,1.58,-0.33
07:42:05,"[115.22, 18]","[112.33, 36]","[118.0, 50]","[236.58, 24]",116.61,128,2.78,-0.16
07:42:06,"[115.5, 24]","[112.6, 30]","[117.33, 45]","[262.29, 28]",116.42,127,1.83,-0.15
07:42:07,"[116.0, 14]","[115.0, 12]","[117.0, 30]","[212.0, 24]",116.5,80,1.0,-0.35
07:42:08,"[114.56, 25]","[112.5, 30]","[117.0, 55]","[249.43, 28]",115.78,138,2.44,-0.2
07:42:09,"[113.09, 78]","[111.5, 54]","[115.5, 70]","[166.55, 60]",114.29,262,2.41,0.01
07:42:10,"[112.0, 14]","[109.0, 36]","[113.75, 16]","[115.0, 16]",112.88,82,1.75,0.22
07:42:11,"[109.63, 57]","[108.64, 42]","[113.0, 32]","[188.0, 24]",111.32,155,3.37,0.28
07:42:12,"[109.0, 53]","[108.0, 21]","[112.86, 28]","[139.29, 14]",110.93,116,3.86,0.28
07:42:13,"[109.33, 45]","[108.28, 25]","[111.45, 44]","[132.55, 22]",110.39,136,2.12,0.03
07:42:14,"[108.91, 11]","[107.98, 51]","[110.27, 44]","[342.86, 28]",109.59,134,1.36,-0.07
07:42:15,"[107.85, 13]","[106.9, 39]","[109.0, 51]","[216.9, 42]",108.42,145,1.15,-0.28
07:42:16,"[105.0, 16]","[44.36, 131]","[108.55, 44]","[205.9, 61]",106.77,252,3.55,0.17
07:42:17,"[68.08, 13]","[41.09, 90]","[106.4, 15]","[156.84, 25]",87.24,143,38.32,0.44
07:42:18,"[61.04, 23]","[69.45, 55]","[404.05, 21]","[468.13, 30]",232.55,129,343.0,0.21
07:42:19,"[109.83, 12]","[105.73, 55]","[348.67, 24]","[481.57, 21]",229.25,112,238.83,0.2
07:42:20,"[109.0, 43]","[72.22, 23]","[292.0, 28]","[509.0, 21]",200.5,115,183.0,0.15
07:42:21,"[109.0, 44]","[104.82, 22]","[287.14, 42]","[490.9, 31]",198.07,139,178.14,-0.05
07:42:22,"[109.74, 27]","[107.89, 18]","[120.0, 14]","[245.0, 28]",114.87,87,10.26,0.03
07:42:23,"[105.89, 131]","[101.63, 57]","[226.43, 28]","[313.65, 34]",166.16,250,120.54,0.5
07:42:24,"[106.25, 122]","[105.66, 122]","[363.93, 28]","[500.63, 30]",235.09,302,257.68,0.62
07:42:25,"[102.93, 58]","[78.98, 48]","[390.08, 12]","[420.67, 27]",246.51,145,287.15,0.46
07:42:26,"[109.46, 26]","[86.91, 45]","[254.32, 34]","[317.09, 22]",181.89,127,144.86,0.12
07:42:27,"[113.0, 14]","[109.83, 24]","[232.79, 19]","[328.0, 8]",172.89,65,119.79,0.17
07:42:28,"[114.33, 24]","[109.0, 24]","[284.17, 12]","[287.0, 36]",199.25,96,169.83,0.0
07:42:29,"[115.5, 12]","[108.82, 17]","[196.6, 20]","[285.0, 12]",156.05,61,81.1,-0.05
07:42:30,"[116.0, 13]","[108.49, 65]","[185.54, 13]","[187.0, 39]",150.77,130,69.54,0.2
07:42:31,"[116.0, 12]","[112.0, 108]","[184.06, 16]","[185.83, 30]",150.03,166,68.06,0.45
07:42:32,"[116.92, 24]","[113.52, 29]","[181.24, 17]","[182.62, 13]",149.08,83,64.32,0.28
07:42:33,"[117.0, 20]","[116.0, 10]","[179.65, 20]","[180.25, 20]",148.32,70,62.65,-0.14
07:42:34,"[117.0, 24]","[116.0, 12]","[175.21, 14]","[177.78, 32]",146.11,82,58.21,-0.12
07:42:35,"[116.75, 16]","[113.75, 16]","[170.38, 24]","[172.0, 8]",143.56,64,53.62,0.0
07:42:36,"[112.24, 84]","[111.31, 116]","[159.0, 34]","[168.75, 20]",135.62,254,46.76,0.57
07:42:37,"[114.0, 52]","[112.0, 117]","[141.68, 37]","[151.0, 27]",127.84,233,27.68,0.45
07:42:38,"[113.88, 52]","[111.85, 137]","[117.33, 15]","[118.7, 33]",115.61,237,3.45,0.59
07:42:39,"[112.0, 110]","[111.0, 140]","[113.87, 23]","[115.26, 19]",112.93,292,1.87,0.71
07:42:40,"[112.0, 76]","[111.0, 110]","[113.45, 22]","[117.27, 11]",112.73,219,1.45,0.7
07:42:41,"[111.43, 35]","[110.09, 92]","[113.0, 14]","[120.0, 7]",112.21,148,1.57,0.72
07:42:42,"[111.0, 52]","[109.0, 168]","[113.0, 16]","[233.25, 24]",112.0,260,2.0,0.69
07:42:43,"[110.91, 45]","[109.18, 157]","[175.14, 14]","[628.0, 18]",143.03,234,64.23,0.73
07:42:44,"[109.34, 95]","[108.95, 177]","[387.19, 31]","[669.29, 35]",248.27,338,277.86,0.61
07:42:45,"[109.0, 126]","[108.0, 18]","[354.32, 22]","[455.29, 14]",231.66,180,245.32,0.6
07:42:46,"[109.0, 174]","[108.0, 27]","[134.39, 41]","[221.22, 37]",121.7,279,25.39,0.44
07:42:47,"[109.0, 128]","[107.12, 32]","[123.25, 40]","[344.38, 32]",116.12,232,14.25,0.38
07:42:48,"[109.71, 76]","[108.9, 160]","[121.69, 65]","[359.32, 41]",115.7,342,11.98,0.38
07:42:49,"[108.96, 53]","[108.0, 52]","[121.0, 70]","[297.0, 14]",114.98,189,12.04,0.11
07:42:50,"[110.73, 11]","[109.0, 22]","[119.36, 55]","[259.17, 23]",115.05,111,8.64,-0.41
07:42:51,"[110.1, 20]","[108.0, 32]","[118.33, 60]","[275.39, 56]",114.22,168,8.23,-0.38
07:42:52,"[109.79, 29]","[107.58, 19]","[117.4, 25]","[239.8, 25]",113.6,98,7.61,-0.02
07:42:53,"[110.35, 101]","[108.41, 41]","[115.92, 60]","[351.0, 60]",113.13,262,5.57,0.08
07:42:54,"[110.0, 24]","[108.0, 18]","[113.5, 30]","[436.82, 22]",111.75,94,3.5,-0.11
07:42:55,"[110.0, 44]","[108.0, 33]","[112.09, 55]","[153.08, 39]",111.05,171,2.09,-0.1
07:42:56,"[108.21, 42]","[107.15, 104]","[111.84, 77]","[121.06, 77]",110.03,300,3.63,-0.03
07:42:57,"[107.16, 76]","[106.29, 112]","[109.69, 36]","[118.76, 42]",108.43,266,2.54,0.41
07:42:58,"[107.0, 76]","[106.0, 100]","[108.2, 20]","[114.15, 26]",107.6,222,1.2,0.59
07:42:59,"[108.06, 47]","[106.18, 110]","[287.59, 58]","[310.75, 32]",197.83,247,179.52,0.27
07:43:00,"[111.38, 16]","[106.48, 58]","[535.93, 30]","[642.26, 27]",323.65,131,424.56,0.13
07:43:01,"[107.86, 21]","[106.65, 74]","[400.83, 24]","[409.0, 45]",254.35,164,292.98,0.16
07:43:02,"[110.0, 15]","[109.0, 90]","[230.83, 47]","[254.74, 62]",170.41,214,120.83,-0.02
07:43:03,"[110.71, 17]","[109.12, 34]","[147.55, 44]","[157.78, 36]",129.13,131,36.84,-0.22
07:43:04,"[111.0, 30]","[110.0, 10]","[156.33, 45]","[157.27, 45]",133.67,130,45.33,-0.38
07:43:05,"[112.41, 17]","[110.98, 43]","[152.06, 54]","[154.37, 51]",132.23,165,39.64,-0.27
07:43:06,"[116.19, 64]","[111.4, 30]","[149.83, 84]","[150.66, 64]",133.01,242,33.65,-0.22
07:43:07,"[109.0, 48]","[107.0, 30]","[146.55, 44]","[148.37, 51]",127.77,173,37.55,-0.1
07:43:08,"[110.86, 84]","[109.67, 108]","[143.46, 50]","[144.89, 61]",127.16,303,32.6,0.27
07:43:09,"[110.86, 37]","[109.6, 53]","[140.43, 28]","[142.0, 35]",125.65,153,29.56,0.18
07:43:10,"[110.0, 126]","[109.0, 117]","[137.12, 72]","[138.83, 87]",123.56,402,27.12,0.21
07:43:11,"[110.0, 91]","[109.0, 78]","[126.51, 37]","[128.52, 33]",118.26,239,16.51,0.41
07:43:12,"[110.0, 77]","[109.0, 66]","[123.89, 38]","[125.77, 26]",116.95,207,13.89,0.38
07:43:13,"[112.07, 60]","[109.69, 59]","[118.75, 40]","[121.1, 20]",115.41,179,6.68,0.33
07:43:14,"[112.64, 22]","[110.94, 32]","[115.47, 43]","[116.85, 41]",114.05,138,2.83,-0.22
07:43:15,"[110.5, 12]","[109.6, 30]","[113.21, 14]","[114.29, 28]",111.86,84,2.71,0.0
07:43:16,"[110.0, 36]","[109.0, 72]","[112.63, 19]","[113.74, 38]",111.32,165,2.63,0.31
07:43:17,"[110.69, 52]","[109.19, 52]","[180.57, 23]","[280.41, 39]",145.63,166,69.87,0.25
07:43:18,"[111.0, 75]","[110.0, 26]","[192.38, 26]","[216.08, 13]",151.69,140,81.38,0.44
07:43:19,"[111.14, 21]","[110.0, 14]","[192.0, 14]","[397.0, 9]",151.57,58,80.86,0.21
07:43:20,"[112.0, 15]","[110.0, 10]","[191.0, 10]","[449.08, 13]",151.5,48,79.0,0.04
07:43:21,"[112.0, 29]","[110.0, 24]","[191.0, 24]","[305.75, 12]",151.5,89,79.0,0.19
07:43:22,"[112.06, 33]","[109.95, 63]","[172.94, 31]","[237.77, 26]",142.5,153,60.87,0.25
07:43:23,"[110.0, 18]","[109.0, 18]","[175.2, 10]","[180.0, 8]",142.6,54,65.2,0.33
07:43:24,"[110.33, 18]","[109.33, 27]","[165.0, 18]","[167.0, 9]",137.67,72,54.67,0.25
07:43:25,"[109.82, 22]","[108.31, 52]","[164.0, 22]","[167.0, 11]",136.91,107,54.18,0.38
07:43:26,"[110.0, 24]","[109.0, 24]","[163.2, 20]","[164.75, 16]",136.6,84,53.2,0.14
07:43:27,"[110.7, 27]","[109.1, 40]","[139.56, 32]","[155.7, 20]",125.13,119,28.86,0.13
07:43:28,"[108.4, 30]","[107.97, 95]","[129.71, 21]","[139.36, 22]",119.06,168,21.31,0.49
07:43:29,"[108.06, 68]","[107.35, 17]","[111.5, 24]","[113.0, 12]",109.78,121,3.44,0.4
07:43:30,"[108.0, 82]","[107.0, 16]","[116.6, 25]","[217.25, 16]",112.3,139,8.6,0.41
07:43:31,"[108.0, 36]","[107.0, 9]","[132.67, 9]","[159.22, 9]",120.33,63,24.67,0.43
07:43:32,"[109.13, 47]","[106.6, 15]","[131.0, 10]","[132.0, 10]",120.06,82,21.87,0.51
07:43:33,"[111.0, 67]","[106.0, 33]","[130.36, 11]","[131.45, 11]",120.68,122,19.36,0.64
07:43:34,"[111.0, 15]","[106.0, 9]","[128.67, 3]","[130.33, 3]",119.83,30,17.67,0.6
07:43:35,"[111.0, 55]","[106.0, 33]","[126.0, 11]","[127.27, 11]",118.5,110,15.0,0.6
07:43:36,"[111.0, 36]","[106.36, 14]","[124.14, 14]","[125.25, 8]",117.57,72,13.14,0.39
07:43:37,"[111.0, 36]","[109.37, 19]","[122.8, 15]","[124.0, 12]",116.9,82,11.8,0.34
07:43:38,"[110.78, 46]","[108.57, 42]","[119.39, 18]","[120.56, 18]",115.09,124,8.61,0.42
07:43:39,"[110.0, 16]","[106.0, 24]","[115.93, 14]","[117.38, 8]",112.96,62,5.93,0.29
07:43:40,"[108.88, 41]","[105.29, 56]","[112.79, 24]","[114.21, 19]",110.83,140,3.91,0.39
07:43:41,"[107.26, 27]","[106.54, 46]","[110.77, 13]","[112.0, 13]",109.01,99,3.51,0.47
07:43:42,"[106.45, 22]","[103.11, 38]","[108.32, 22]","[110.19, 16]",107.39,98,1.86,0.22
07:43:43,"[105.0, 18]","[97.89, 36]","[106.91, 23]","[109.11, 27]",105.96,104,1.91,0.04
07:43:44,"[78.6, 40]","[55.77, 44]","[106.0, 37]","[109.21, 42]",92.3,163,27.4,0.03
07:43:45,"[85.25, 16]","[66.22, 23]","[105.0, 12]","[130.24, 21]",95.12,72,19.75,0.08
07:43:46,"[92.6, 30]","[85.4, 30]","[133.89, 18]","[286.3, 30]",113.24,108,41.29,0.11
07:43:47,"[69.29, 28]","[50.91, 23]","[108.0, 24]","[512.75, 24]",88.64,99,38.71,0.03
07:43:48,"[60.4, 20]","[48.0, 10]","[108.0, 11]","[550.43, 7]",84.2,48,47.6,0.25
07:43:49,"[103.96, 56]","[64.13, 30]","[209.67, 12]","[566.33, 12]",156.82,110,105.7,0.56
07:43:50,"[101.83, 12]","[102.18, 22]","[120.0, 7]","[746.0, 14]",110.92,55,18.17,0.24
07:43:51,"[100.0, 6]","[93.67, 12]","[120.0, 3]","[361.33, 6]",110.0,27,20.0,0.33
07:43:52,"[96.67, 18]","[87.83, 24]","[145.67, 12]","[192.0, 12]",121.17,66,49.0,0.27
07:43:53,"[81.89, 18]","[46.13, 30]","[143.4, 10]","[144.29, 14]",112.64,72,61.51,0.33
07:43:54,"[96.24, 25]","[58.87, 30]","[140.07, 28]","[142.44, 18]",118.16,101,43.83,0.09
07:43:55,"[108.0, 11]","[73.0, 10]","[114.8, 5]","[136.08, 12]",111.4,38,6.8,0.11
07:43:56,"[63.4, 10]","[56.0, 8]","[108.29, 7]","[128.56, 9]",85.84,34,44.89,0.06
07:43:57,"[41.33, 24]","[0, 0]","[103.69, 16]","[105.76, 21]",72.51,61,62.35,-0.21
07:43:58,"[12.21, 14]","[12.0, 4]","[98.0, 17]","[102.33, 9]",55.11,44,85.79,-0.18
07:43:59,"[14.0, 4]","[12.0, 8]","[97.0, 16]","[102.0, 4]",55.5,32,83.0,-0.25
07:44:00,"[75.64, 11]","[13.43, 7]","[97.0, 20]","[102.0, 6]",86.32,44,21.36,-0.18
07:44:01,"[82.46, 13]","[52.18, 11]","[97.0, 24]","[100.06, 36]",89.73,84,14.54,-0.43
07:44:02,"[92.0, 10]","[88.11, 18]","[97.0, 24]","[100.0, 48]",94.5,100,5.0,-0.44
07:44:03,"[93.93, 30]","[88.5, 8]","[100.0, 36]","[102.0, 6]",96.97,80,6.07,-0.05
07:44:04,"[94.08, 53]","[93.8, 35]","[100.0, 63]","[102.0, 11]",97.04,162,5.92,0.09
07:44:05,"[94.84, 45]","[91.09, 33]","[100.0, 27]","[101.73, 11]",97.42,116,5.16,0.34
07:44:06,"[96.0, 70]","[20.4, 20]","[99.11, 28]","[99.91, 33]",97.55,151,3.11,0.19
07:44:07,"[96.0, 42]","[13.0, 12]","[97.33, 24]","[100.0, 18]",96.67,96,1.33,0.12
07:44:08,"[90.97, 37]","[5.0, 10]","[97.69, 13]","[100.17, 18]",94.33,78,6.72,0.21
07:44:09,"[13.11, 18]","[25.0, 2]","[100.0, 18]","[101.0, 21]",56.56,59,86.89,-0.32
07:44:10,"[26.92, 49]","[25.79, 38]","[100.64, 11]","[101.85, 13]",63.78,111,73.72,0.57
07:44:11,"[44.41, 78]","[36.73, 80]","[103.44, 16]","[106.87, 68]",73.92,242,59.03,0.31
07:44:12,"[76.7, 54]","[75.08, 62]","[145.04, 25]","[476.04, 23]",110.87,164,68.34,0.41
07:44:13,"[93.09, 55]","[85.22, 64]","[203.58, 62]","[359.29, 52]",148.34,233,110.49,0.02
07:44:14,"[111.18, 56]","[104.4, 60]","[119.0, 55]","[153.93, 15]",115.09,186,7.82,0.25
07:44:15,"[113.32, 41]","[111.83, 36]","[119.0, 35]","[127.85, 13]",116.16,125,5.68,0.23
07:44:16,"[114.0, 42]","[112.0, 35]","[119.0, 35]","[217.0, 21]",116.5,133,5.0,0.16
07:44:17,"[114.74, 162]","[112.03, 71]","[118.31, 65]","[365.62, 53]",116.52,351,3.57,0.33
07:44:18,"[115.0, 238]","[113.05, 63]","[118.0, 55]","[268.73, 45]",116.5,401,3.0,0.5
07:44:19,"[115.0, 234]","[110.0, 45]","[117.0, 40]","[176.72, 39]",116.0,358,2.0,0.56
07:44:20,"[115.0, 231]","[110.19, 31]","[117.0, 44]","[477.5, 36]",116.0,342,2.0,0.53
07:44:21,"[115.0, 213]","[111.33, 15]","[145.28, 72]","[344.1, 52]",130.14,352,30.28,0.3
07:44:22,"[115.05, 86]","[114.32, 31]","[140.63, 41]","[182.95, 39]",127.84,197,25.59,0.19
07:44:23,"[117.0, 17]","[115.0, 204]","[175.13, 69]","[201.4, 57]",146.07,347,58.13,0.27
07:44:24,"[115.06, 68]","[114.4, 30]","[159.59, 27]","[193.58, 24]",137.33,149,44.53,0.32
07:44:25,"[115.0, 88]","[112.0, 11]","[184.0, 55]","[211.0, 22]",149.5,176,69.0,0.12
07:44:26,"[112.0, 8]","[110.83, 30]","[194.8, 25]","[367.43, 21]",153.4,84,82.8,-0.1
07:44:27,"[112.0, 9]","[111.0, 63]","[210.56, 18]","[409.0, 27]",161.28,117,98.56,0.23
07:44:28,"[112.0, 5]","[111.0, 35]","[210.0, 10]","[247.0, 25]",161.0,75,98.0,0.07
07:44:29,"[111.0, 36]","[110.6, 83]","[176.7, 46]","[211.59, 46]",143.85,211,65.7,0.13
07:44:30,"[110.0, 48]","[108.97, 132]","[150.67, 27]","[186.0, 33]",130.33,240,40.67,0.5
07:44:31,"[110.0, 32]","[109.0, 104]","[149.73, 22]","[150.67, 18]",129.86,176,39.73,0.55
07:44:32,"[112.83, 52]","[111.9, 119]","[148.0, 22]","[150.0, 33]",130.41,226,35.17,0.51
07:44:33,"[112.29, 63]","[109.16, 77]","[147.09, 22]","[148.52, 23]",129.69,185,34.81,0.51
07:44:34,"[110.0, 27]","[109.0, 117]","[141.5, 22]","[143.81, 26]",125.75,192,31.5,0.5
07:44:35,"[110.0, 27]","[109.0, 117]","[139.0, 18]","[143.89, 27]",124.5,189,29.0,0.52
07:44:36,"[117.0, 30]","[109.46, 52]","[138.7, 20]","[145.0, 30]",127.85,132,21.7,0.24
07:44:37,"[113.32, 59]","[108.95, 160]","[136.48, 31]","[138.67, 30]",124.9,280,23.16,0.56
07:44:38,"[112.07, 81]","[109.22, 157]","[132.73, 44]","[133.78, 36]",122.4,318,20.65,0.5
07:44:39,"[113.0, 66]","[112.0, 55]","[130.67, 27]","[131.79, 28]",121.83,176,17.67,0.38
07:44:40,"[113.93, 90]","[112.0, 75]","[127.47, 36]","[128.16, 37]",120.7,238,13.54,0.39
07:44:41,"[115.0, 47]","[112.0, 60]","[122.88, 26]","[123.59, 22]",118.94,155,7.88,0.38
07:44:42,"[115.0, 11]","[112.0, 55]","[121.05, 19]","[122.5, 20]",118.03,105,6.05,0.26
07:44:43,"[115.08, 13]","[112.05, 61]","[119.54, 39]","[121.0, 26]",117.31,139,4.46,0.06
07:44:44,"[115.5, 14]","[111.67, 42]","[117.12, 40]","[119.0, 28]",116.31,124,1.62,-0.1
07:44:45,"[111.0, 55]","[110.0, 55]","[115.3, 40]","[116.38, 26]",113.15,176,4.3,0.25
07:44:46,"[110.88, 52]","[109.83, 60]","[113.0, 24]","[114.91, 46]",111.94,182,2.12,0.23
07:44:47,"[109.46, 46]","[108.64, 55]","[111.92, 26]","[114.83, 46]",110.69,173,2.47,0.17
07:44:48,"[109.0, 24]","[108.0, 24]","[110.0, 24]","[335.5, 12]",109.5,84,1.0,0.14
07:44:49,"[109.0, 21]","[108.0, 28]","[110.0, 28]","[272.17, 18]",109.5,95,1.0,0.03
07:44:50,"[108.46, 24]","[107.46, 24]","[128.67, 30]","[375.4, 20]",118.56,98,20.21,-0.02
07:44:51,"[107.0, 11]","[106.0, 55]","[304.12, 16]","[312.07, 40]",205.56,122,197.12,0.08
07:44:52,"[108.78, 68]","[106.38, 24]","[150.05, 21]","[244.79, 29]",129.41,142,41.27,0.3
07:44:53,"[110.55, 55]","[108.3, 23]","[114.57, 21]","[175.73, 11]",112.56,110,4.03,0.42
07:44:54,"[110.47, 36]","[107.31, 26]","[144.67, 12]","[235.86, 21]",127.57,95,34.19,0.31
07:44:55,"[107.43, 14]","[106.27, 22]","[135.07, 29]","[136.35, 26]",121.25,91,27.64,-0.21
07:44:56,"[108.0, 10]","[106.17, 12]","[132.62, 13]","[133.18, 22]",120.31,57,24.62,-0.23
07:44:57,"[115.0, 20]","[108.87, 30]","[128.97, 33]","[131.11, 27]",121.98,110,13.97,-0.09
07:44:58,"[117.0, 24]","[111.0, 96]","[127.59, 27]","[128.3, 33]",122.3,180,10.59,0.33
07:44:59,"[117.0, 14]","[111.0, 56]","[124.29, 7]","[128.0, 28]",120.64,105,7.29,0.33
07:45:00,"[117.0, 16]","[113.0, 64]","[122.88, 8]","[128.0, 32]",119.94,120,5.88,0.33
07:45:01,"[117.0, 24]","[113.0, 96]","[121.17, 12]","[128.0, 48]",119.08,180,4.17,0.33
07:45:02,"[116.13, 39]","[112.3, 148]","[117.94, 53]","[119.32, 47]",117.04,287,1.82,0.3
07:45:03,"[111.48, 33]","[110.29, 110]","[115.59, 17]","[118.0, 68]",113.54,228,4.1,0.25
07:45:04,"[110.21, 28]","[108.28, 130]","[116.22, 23]","[133.55, 44]",113.22,225,6.0,0.4
07:45:05,"[112.0, 10]","[110.0, 30]","[114.89, 36]","[115.67, 24]",113.44,100,2.89,-0.2
07:45:06,"[111.1, 20]","[109.55, 60]","[113.12, 17]","[114.23, 31]",112.11,128,2.02,0.25
07:45:07,"[109.35, 62]","[108.64, 112]","[111.04, 47]","[112.13, 30]",110.2,251,1.69,0.39
07:45:08,"[108.0, 63]","[107.0, 52]","[109.52, 31]","[127.3, 23]",108.76,169,1.52,0.36
07:45:09,"[108.0, 48]","[107.0, 48]","[223.26, 39]","[439.09, 44]",165.63,179,115.26,0.07
07:45:10,"[109.0, 26]","[107.88, 32]","[296.0, 32]","[504.0, 32]",202.5,122,187.0,-0.05
07:45:11,"[114.4, 40]","[110.79, 76]","[305.6, 40]","[477.67, 36]",210.0,192,191.2,0.21
07:45:12,"[116.27, 33]","[114.25, 64]","[249.89, 36]","[392.89, 36]",183.08,169,133.62,0.15
07:45:13,"[115.0, 36]","[109.0, 24]","[257.0, 24]","[405.4, 20]",186.0,104,142.0,0.15
07:45:14,"[115.0, 54]","[109.0, 36]","[217.84, 25]","[357.74, 31]",166.42,146,102.84,0.23
07:45:15,"[115.0, 38]","[109.0, 36]","[205.06, 34]","[209.65, 34]",160.03,142,90.06,0.04
07:45:16,"[115.0, 22]","[109.0, 44]","[202.91, 33]","[205.0, 44]",158.95,143,87.91,-0.08
07:45:17,"[115.0, 22]","[109.0, 44]","[133.12, 41]","[178.55, 29]",124.06,136,18.12,-0.03
07:45:18,"[115.0, 24]","[109.0, 58]","[119.0, 48]","[157.0, 24]",117.0,154,4.0,0.06
07:45:19,"[113.96, 49]","[110.93, 75]","[116.95, 84]","[236.16, 49]",115.46,257,2.99,-0.04
07:45:20,"[112.72, 32]","[111.62, 39]","[114.66, 29]","[217.46, 26]",113.69,126,1.94,0.13
07:45:21,"[112.0, 27]","[111.0, 45]","[113.11, 18]","[328.76, 33]",112.56,123,1.11,0.17
07:45:22,"[112.0, 9]","[111.0, 45]","[382.46, 13]","[451.6, 15]",247.23,82,270.46,0.32
07:45:23,"[109.59, 27]","[108.85, 65]","[178.6, 30]","[324.2, 20]",144.1,142,69.01,0.3
07:45:24,"[112.0, 195]","[109.0, 52]","[114.5, 28]","[214.25, 48]",113.25,323,2.5,0.53
07:45:25,"[112.0, 91]","[109.0, 28]","[253.88, 25]","[464.82, 22]",182.94,166,141.88,0.43
07:45:26,"[112.0, 156]","[109.0, 48]","[355.0, 28]","[540.25, 53]",233.5,285,243.0,0.43
07:45:27,"[112.0, 92]","[109.0, 72]","[195.2, 20]","[218.75, 32]",153.6,216,83.2,0.52
07:45:28,"[112.0, 88]","[109.0, 241]","[180.82, 22]","[197.36, 22]",146.41,373,68.82,0.76
07:45:29,"[112.29, 56]","[109.75, 192]","[177.71, 31]","[178.56, 43]",145.0,322,65.42,0.54
07:45:30,"[113.2, 101]","[109.62, 232]","[175.46, 65]","[177.0, 26]",144.33,424,62.26,0.57
07:45:31,"[117.0, 98]","[113.29, 112]","[173.59, 54]","[174.0, 53]",145.3,317,56.59,0.32
07:45:32,"[117.0, 112]","[115.0, 128]","[170.53, 53]","[172.02, 66]",143.76,359,53.53,0.34
07:45:33,"[117.0, 126]","[115.0, 144]","[128.74, 47]","[129.68, 60]",122.87,377,11.74,0.43
07:45:34,"[116.87, 115]","[115.21, 142]","[119.98, 47]","[128.75, 60]",118.42,364,3.11,0.41
07:45:35,"[116.0, 96]","[115.0, 126]","[265.07, 28]","[346.33, 18]",190.54,268,149.07,0.66
07:45:36,"[116.0, 51]","[115.0, 126]","[339.0, 18]","[375.0, 9]",227.5,204,223.0,0.74
07:45:37,"[116.0, 21]","[115.0, 98]","[338.0, 35]","[339.0, 14]",227.0,168,222.0,0.42
07:45:38,"[115.17, 72]","[113.75, 96]","[337.36, 33]","[338.44, 27]",226.27,228,222.2,0.47
07:45:39,"[115.0, 120]","[112.0, 80]","[189.12, 34]","[352.53, 30]",152.06,264,74.12,0.52
07:45:40,"[115.0, 130]","[112.0, 88]","[188.09, 55]","[206.0, 22]",151.55,295,73.09,0.48
07:45:41,"[115.0, 110]","[112.0, 88]","[182.48, 31]","[191.0, 40]",148.74,269,67.48,0.47
07:45:42,"[115.0, 108]","[112.0, 88]","[167.0, 11]","[186.0, 55]",141.0,262,52.0,0.5
07:45:43,"[115.0, 64]","[112.0, 64]","[185.38, 40]","[559.65, 23]",150.19,191,70.38,0.34
07:45:44,"[115.0, 101]","[112.0, 104]","[179.82, 61]","[230.61, 36]",147.41,302,64.82,0.36
07:45:45,"[115.0, 52]","[112.0, 96]","[147.6, 50]","[190.42, 52]",131.3,250,32.6,0.18
07:45:46,"[115.0, 4]","[112.0, 32]","[184.0, 20]","[345.4, 5]",149.5,61,69.0,0.18
07:45:47,"[113.36, 44]","[112.71, 7]","[183.86, 35]","[337.0, 14]",148.61,100,70.49,0.02
07:45:48,"[112.0, 88]","[111.0, 14]","[120.0, 50]","[166.59, 34]",116.0,186,8.0,0.1
07:45:49,"[112.0, 16]","[111.0, 7]","[118.0, 25]","[118.97, 29]",115.0,77,6.0,-0.4
07:45:50,"[112.0, 3]","[111.0, 3]","[116.77, 13]","[117.55, 11]",114.38,30,4.77,-0.6
07:45:51,"[111.67, 9]","[109.44, 27]","[115.89, 27]","[148.18, 40]",113.78,103,4.22,-0.3
07:45:52,"[109.25, 48]","[108.37, 114]","[112.54, 35]","[113.75, 36]",110.9,233,3.29,0.39
07:45:53,"[109.0, 60]","[108.0, 120]","[110.14, 28]","[112.33, 27]",109.57,235,1.14,0.53
07:45:54,"[108.49, 65]","[107.82, 102]","[110.0, 30]","[134.23, 26]",109.25,223,1.51,0.5
07:45:55,"[108.0, 114]","[106.21, 28]","[243.66, 32]","[455.42, 31]",175.83,205,135.66,0.39
07:45:56,"[110.7, 80]","[107.55, 44]","[387.48, 29]","[455.86, 21]",249.09,174,276.78,0.43
07:45:57,"[109.64, 22]","[107.58, 19]","[259.0, 10]","[484.22, 9]",184.32,60,149.36,0.37
07:45:58,"[111.0, 18]","[108.0, 45]","[563.07, 14]","[719.31, 13]",337.04,90,452.07,0.4
07:45:59,"[109.64, 33]","[107.76, 51]","[154.74, 19]","[274.0, 18]",132.19,121,45.1,0.39
07:46:00,"[108.0, 25]","[106.43, 7]","[156.4, 10]","[343.67, 9]",132.2,51,48.4,0.25
07:46:01,"[108.0, 45]","[107.0, 9]","[128.14, 21]","[155.86, 21]",118.07,96,20.14,0.12
07:46:02,"[110.05, 55]","[108.96, 26]","[173.5, 24]","[424.03, 37]",141.78,142,63.45,0.14
07:46:03,"[112.17, 71]","[111.63, 38]","[184.09, 35]","[397.29, 17]",148.13,161,71.92,0.35
07:46:04,"[112.58, 76]","[112.05, 42]","[184.0, 44]","[361.53, 19]",148.29,181,71.42,0.3
07:46:05,"[117.0, 40]","[114.93, 56]","[183.4, 40]","[314.9, 30]",150.2,166,66.4,0.16
07:46:06,"[117.0, 32]","[115.0, 48]","[181.34, 38]","[209.34, 32]",149.17,150,64.34,0.07
07:46:07,"[117.0, 36]","[115.0, 54]","[177.45, 44]","[179.3, 37]",147.23,171,60.45,0.05
07:46:08,"[117.0, 13]","[115.0, 48]","[174.88, 32]","[176.0, 40]",145.94,133,57.88,-0.08
07:46:09,"[115.91, 11]","[114.5, 36]","[173.0, 28]","[176.0, 35]",144.45,110,57.09,-0.15
07:46:10,"[115.0, 21]","[112.0, 21]","[172.52, 31]","[174.88, 32]",143.76,105,57.52,-0.2
07:46:11,"[115.0, 21]","[112.0, 21]","[170.91, 33]","[172.66, 29]",142.95,104,55.91,-0.19
07:46:12,"[115.0, 42]","[112.0, 42]","[167.16, 63]","[168.39, 54]",141.08,201,52.16,-0.16
07:46:13,"[115.0, 23]","[112.0, 33]","[161.02, 43]","[162.57, 40]",138.01,139,46.02,-0.19
07:46:14,"[115.0, 36]","[112.0, 42]","[155.95, 57]","[156.81, 54]",135.47,189,40.95,-0.17
07:46:15,"[115.0, 36]","[112.0, 36]","[150.5, 54]","[151.48, 44]",132.75,170,35.5,-0.15
07:46:16,"[115.0, 21]","[112.0, 21]","[148.29, 35]","[150.0, 28]",131.64,105,33.29,-0.2
07:46:17,"[115.0, 31]","[112.0, 36]","[145.76, 45]","[147.38, 56]",130.38,168,30.76,-0.2
07:46:18,"[115.0, 68]","[112.0, 42]","[125.02, 57]","[128.23, 61]",120.01,228,10.02,-0.04
07:46:19,"[115.0, 33]","[112.0, 30]","[119.41, 41]","[120.75, 36]",117.21,140,4.41,-0.1
07:46:20,"[115.0, 36]","[112.0, 42]","[117.18, 44]","[118.17, 58]",116.09,180,2.18,-0.13
07:46:21,"[112.38, 24]","[111.14, 65]","[116.41, 37]","[117.66, 44]",114.39,170,4.03,0.05
07:46:22,"[111.14, 74]","[109.49, 195]","[113.34, 50]","[114.6, 62]",112.24,381,2.2,0.41
07:46:23,"[111.0, 72]","[109.0, 190]","[112.68, 37]","[114.76, 41]",111.84,340,1.68,0.54
07:46:24,"[111.0, 36]","[109.0, 209]","[113.51, 37]","[153.18, 22]",112.26,304,2.51,0.61
07:46:25,"[109.03, 230]","[108.31, 61]","[111.68, 76]","[144.33, 45]",110.36,412,2.66,0.41
07:46:26,"[109.0, 66]","[108.0, 31]","[110.0, 28]","[111.0, 28]",109.5,153,1.0,0.27
07:46:27,"[109.0, 95]","[108.0, 15]","[110.13, 60]","[115.08, 48]",109.57,218,1.13,0.01
07:46:28,"[109.0, 40]","[108.0, 16]","[131.86, 43]","[359.25, 16]",120.43,115,22.86,-0.03
07:46:29,"[109.53, 32]","[108.93, 43]","[298.0, 13]","[559.97, 33]",203.77,121,188.47,0.24
07:46:30,"[111.67, 9]","[109.0, 36]","[440.85, 33]","[477.38, 21]",276.26,99,329.18,-0.09
07:46:31,"[110.47, 19]","[108.88, 32]","[186.62, 26]","[393.79, 19]",148.54,96,76.14,0.06
07:46:32,"[109.0, 90]","[107.69, 32]","[207.36, 33]","[296.21, 53]",158.18,208,98.36,0.17
07:46:33,"[109.0, 18]","[108.0, 42]","[186.67, 12]","[218.17, 24]",147.83,96,77.67,0.25
07:46:34,"[109.0, 27]","[108.0, 84]","[192.95, 40]","[207.17, 30]",150.97,181,83.95,0.23
07:46:35,"[109.0, 24]","[108.0, 84]","[175.33, 48]","[195.5, 18]",142.17,174,66.33,0.24
07:46:36,"[109.37, 65]","[108.46, 91]","[141.71, 31]","[175.56, 25]",125.54,212,32.34,0.47
07:46:37,"[110.33, 12]","[108.08, 53]","[128.51, 37]","[129.9, 29]",119.42,131,18.18,-0.01
07:46:38,"[111.0, 20]","[109.0, 10]","[129.0, 30]","[130.0, 40]",120.0,100,18.0,-0.4
07:46:39,"[111.0, 32]","[109.0, 16]","[126.91, 57]","[129.02, 55]",118.96,160,15.91,-0.4
07:46:40,"[111.0, 22]","[109.0, 11]","[123.9, 40]","[126.27, 37]",117.45,110,12.9,-0.4
07:46:41,"[111.0, 24]","[109.0, 12]","[122.2, 45]","[123.31, 39]",116.6,120,11.2,-0.4
07:46:42,"[109.17, 46]","[108.06, 17]","[121.15, 52]","[123.0, 39]",115.16,154,11.98,-0.18
07:46:43,"[108.87, 165]","[107.93, 90]","[119.58, 55]","[121.56, 50]",114.23,360,10.71,0.42
07:46:44,"[109.0, 120]","[108.0, 98]","[115.82, 49]","[116.47, 49]",112.41,316,6.82,0.38
07:46:45,"[109.0, 56]","[108.0, 49]","[113.0, 21]","[114.0, 28]",111.0,154,4.0,0.36
07:46:46,"[109.22, 78]","[107.84, 51]","[113.0, 29]","[114.0, 52]",111.11,210,3.78,0.23
07:46:47,"[111.0, 36]","[108.0, 20]","[112.94, 34]","[315.81, 31]",111.97,121,1.94,-0.07
07:46:48,"[109.57, 84]","[108.68, 68]","[111.96, 50]","[324.46, 67]",110.77,269,2.39,0.13
07:46:49,"[110.0, 54]","[109.0, 63]","[111.76, 33]","[242.24, 41]",110.88,191,1.76,0.23
07:46:50,"[111.25, 64]","[109.73, 66]","[261.76, 62]","[524.8, 50]",186.5,242,150.51,0.07
07:46:51,"[114.62, 68]","[113.65, 75]","[258.18, 55]","[425.31, 51]",186.4,249,143.56,0.15
07:46:52,"[116.08, 65]","[114.51, 72]","[169.08, 48]","[283.94, 34]",142.58,219,53.01,0.25
07:46:53,"[117.0, 75]","[115.0, 156]","[136.62, 58]","[336.04, 46]",126.81,335,19.62,0.38
07:46:54,"[117.0, 22]","[115.0, 143]","[120.36, 55]","[177.73, 55]",118.68,275,3.36,0.2
07:46:55,"[117.0, 22]","[115.0, 169]","[119.0, 65]","[143.08, 65]",118.0,321,2.0,0.19
07:46:56,"[117.0, 10]","[115.0, 130]","[118.6, 50]","[162.0, 50]",117.8,240,1.6,0.17
07:46:57,"[116.4, 15]","[115.1, 87]","[132.67, 45]","[218.56, 41]",124.53,188,16.27,0.09
07:46:58,"[115.06, 94]","[111.76, 74]","[161.92, 49]","[225.8, 50]",138.49,267,46.85,0.26
07:46:59,"[115.0, 121]","[110.0, 66]","[151.65, 46]","[164.06, 53]",133.33,286,36.65,0.31
07:47:00,"[115.0, 67]","[110.0, 42]","[119.2, 30]","[271.06, 33]",117.1,172,4.2,0.27
07:47:01,"[115.0, 42]","[110.0, 42]","[116.96, 23]","[212.0, 30]",115.98,137,1.96,0.23
07:47:02,"[115.0, 35]","[111.6, 150]","[117.71, 42]","[428.75, 53]",116.36,280,2.71,0.32
07:47:03,"[115.0, 28]","[112.0, 160]","[117.0, 8]","[118.0, 32]",116.0,228,2.0,0.65
07:47:04,"[115.0, 60]","[112.0, 260]","[116.02, 49]","[243.5, 36]",115.51,405,1.02,0.58
07:47:05,"[112.08, 144]","[111.74, 27]","[178.31, 39]","[334.54, 26]",145.2,236,66.22,0.45
07:47:06,"[112.0, 240]","[110.65, 17]","[206.25, 60]","[343.0, 36]",159.12,353,94.25,0.46
07:47:07,"[112.0, 200]","[110.0, 60]","[290.27, 44]","[327.18, 33]",201.14,337,178.27,0.54
07:47:08,"[112.0, 140]","[110.0, 44]","[230.5, 20]","[395.0, 23]",171.25,227,118.5,0.62
07:47:09,"[112.0, 152]","[110.0, 56]","[126.45, 22]","[302.71, 21]",119.23,251,14.45,0.66
07:47:10,"[112.63, 143]","[111.36, 132]","[124.77, 52]","[273.53, 38]",118.7,365,12.14,0.51
07:47:11,"[114.22, 54]","[111.82, 132]","[124.0, 40]","[178.43, 28]",119.11,254,9.78,0.46
07:47:12,"[112.03, 107]","[110.8, 90]","[124.0, 48]","[297.53, 34]",118.01,279,11.97,0.41
07:47:13,"[112.25, 40]","[111.05, 38]","[122.2, 20]","[555.0, 18]",117.22,116,9.95,0.34
07:47:14,"[113.0, 50]","[111.5, 100]","[121.07, 28]","[259.89, 38]",117.04,216,8.07,0.39
07:47:15,"[111.17, 71]","[110.25, 72]","[118.9, 40]","[119.69, 26]",115.03,209,7.73,0.37
07:47:16,"[111.0, 88]","[110.0, 66]","[116.12, 25]","[118.56, 41]",113.56,220,5.12,0.4
07:47:17,"[111.0, 56]","[110.0, 42]","[113.64, 25]","[114.5, 24]",112.32,147,2.64,0.33
07:47:18,"[111.0, 64]","[110.0, 48]","[113.0, 24]","[114.0, 32]",112.0,168,2.0,0.33
07:47:19,"[111.0, 84]","[110.0, 72]","[112.21, 43]","[113.74, 35]",111.6,234,1.21,0.33
07:47:20,"[111.0, 32]","[110.0, 66]","[112.0, 61]","[116.0, 22]",111.5,181,1.0,0.08
07:47:21,"[111.0, 9]","[110.0, 54]","[114.0, 24]","[226.71, 28]",112.5,115,3.0,0.1
07:47:22,"[111.0, 21]","[109.56, 54]","[115.78, 18]","[233.64, 33]",113.39,126,4.78,0.19
07:47:23,"[112.27, 45]","[110.3, 23]","[114.1, 20]","[222.76, 17]",113.18,105,1.83,0.3
07:47:24,"[112.0, 24]","[109.0, 18]","[114.33, 9]","[183.11, 36]",113.17,87,2.33,-0.03
07:47:25,"[109.0, 26]","[108.0, 52]","[112.24, 17]","[129.96, 26]",110.62,121,3.24,0.29
07:47:26,"[108.03, 29]","[107.36, 11]","[110.0, 16]","[221.25, 32]",109.02,88,1.97,-0.09
07:47:27,"[108.0, 60]","[107.0, 15]","[110.0, 30]","[277.2, 60]",109.0,165,2.0,-0.09
07:47:28,"[108.03, 34]","[107.21, 19]","[109.69, 26]","[145.15, 52]",108.86,131,1.66,-0.19
07:47:29,"[107.25, 12]","[106.14, 21]","[109.0, 16]","[141.5, 32]",108.12,81,1.75,-0.19
07:47:30,"[107.88, 16]","[106.54, 13]","[178.13, 30]","[240.67, 36]",143.0,95,70.26,-0.39
07:47:31,"[107.72, 25]","[106.09, 23]","[186.89, 27]","[541.57, 21]",147.3,96,79.17,0.0
07:47:32,"[108.19, 86]","[107.9, 58]","[186.0, 30]","[460.3, 10]",147.09,184,77.81,0.57
07:47:33,"[109.0, 99]","[107.29, 14]","[185.52, 29]","[304.27, 15]",147.26,157,76.52,0.44
07:47:34,"[110.69, 132]","[108.7, 53]","[182.92, 39]","[185.0, 13]",146.81,237,72.23,0.56
07:47:35,"[112.0, 54]","[110.4, 85]","[180.23, 31]","[183.62, 13]",146.11,183,68.23,0.52
07:47:36,"[114.29, 84]","[112.88, 83]","[177.62, 13]","[179.0, 39]",145.95,219,63.33,0.53
07:47:37,"[117.0, 30]","[115.0, 90]","[163.73, 26]","[169.5, 12]",140.37,158,46.73,0.52
07:47:38,"[117.0, 42]","[115.14, 105]","[161.0, 31]","[162.28, 29]",139.0,207,44.0,0.42
07:47:39,"[115.13, 78]","[108.45, 87]","[159.62, 24]","[160.19, 26]",137.38,215,44.5,0.53
07:47:40,"[115.0, 102]","[107.0, 128]","[140.14, 42]","[142.57, 40]",127.57,312,25.14,0.47
07:47:41,"[115.0, 80]","[107.0, 112]","[134.47, 32]","[135.88, 24]",124.73,248,19.47,0.55
07:47:42,"[107.67, 72]","[106.42, 57]","[130.68, 28]","[131.96, 28]",119.17,185,23.01,0.39
07:47:43,"[109.24, 25]","[106.85, 41]","[128.26, 23]","[129.8, 25]",118.75,114,19.02,0.16
07:47:44,"[107.67, 48]","[106.45, 44]","[111.78, 18]","[116.58, 12]",109.72,122,4.11,0.51
07:47:45,"[109.14, 57]","[107.83, 58]","[118.9, 20]","[144.4, 30]",114.02,165,9.76,0.39
07:47:46,"[110.38, 40]","[109.0, 40]","[128.0, 24]","[282.4, 10]",119.19,114,17.62,0.4
07:47:47,"[114.38, 21]","[114.62, 65]","[127.85, 39]","[303.8, 49]",121.11,174,13.47,-0.01
07:47:48,"[116.1, 29]","[115.48, 31]","[126.55, 33]","[389.94, 36]",121.32,129,10.44,-0.07
07:47:49,"[116.0, 12]","[115.0, 24]","[126.0, 36]","[263.0, 12]",121.0,84,10.0,-0.14
07:47:50,"[116.0, 4]","[115.0, 8]","[125.0, 12]","[263.0, 4]",120.5,28,9.0,-0.14
07:47:51,"[116.0, 11]","[115.0, 22]","[124.09, 33]","[125.33, 45]",120.05,111,8.09,-0.41
07:47:52,"[116.0, 8]","[115.0, 16]","[121.0, 24]","[122.0, 24]",118.5,72,5.0,-0.33
07:47:53,"[115.8, 10]","[112.84, 25]","[121.0, 27]","[122.0, 27]",118.4,89,5.2,-0.21
07:47:54,"[115.0, 28]","[110.79, 258]","[118.69, 39]","[119.77, 39]",116.85,364,3.69,0.57
07:47:55,"[111.2, 199]","[110.13, 186]","[115.71, 42]","[117.0, 42]",113.46,469,4.51,0.64
07:47:56,"[111.0, 252]","[109.0, 108]","[112.94, 32]","[115.44, 32]",111.97,424,1.94,0.7
07:47:57,"[111.0, 180]","[109.0, 90]","[116.45, 29]","[215.3, 44]",113.72,343,5.45,0.57
07:47:58,"[111.09, 184]","[109.28, 115]","[114.57, 42]","[117.0, 36]",112.83,377,3.48,0.59
07:47:59,"[111.07, 149]","[109.36, 88]","[112.93, 28]","[127.52, 25]",112.0,290,1.86,0.63
07:48:00,"[111.0, 220]","[109.0, 55]","[112.0, 45]","[242.53, 72]",111.5,392,1.0,0.4
07:48:01,"[111.0, 103]","[109.0, 14]","[113.79, 56]","[161.59, 39]",112.39,212,2.79,0.1
07:48:02,"[111.0, 72]","[109.0, 9]","[204.62, 26]","[360.25, 24]",157.81,131,93.62,0.24
07:48:03,"[111.53, 45]","[110.76, 34]","[220.0, 30]","[290.2, 20]",165.77,129,108.47,0.22
07:48:04,"[112.0, 21]","[111.0, 35]","[220.0, 21]","[283.27, 11]",166.0,88,108.0,0.27
07:48:05,"[112.0, 21]","[111.0, 35]","[189.53, 17]","[253.5, 8]",150.76,81,77.53,0.38
07:48:06,"[112.4, 20]","[111.02, 41]","[248.33, 12]","[299.09, 33]",180.37,106,135.93,0.15
07:48:07,"[113.33, 24]","[111.09, 44]","[280.16, 19]","[304.19, 57]",196.75,144,166.82,-0.06
07:48:08,"[112.0, 13]","[111.0, 65]","[191.36, 25]","[243.73, 22]",151.68,125,79.36,0.25
07:48:09,"[111.21, 19]","[110.21, 33]","[137.94, 68]","[164.17, 30]",124.58,150,26.73,-0.31
07:48:10,"[111.99, 129]","[110.82, 11]","[132.24, 46]","[135.78, 45]",122.12,231,20.25,0.21
07:48:11,"[112.47, 150]","[111.86, 58]","[127.17, 41]","[130.57, 56]",119.82,305,14.7,0.36
07:48:12,"[113.83, 168]","[112.91, 216]","[124.3, 61]","[125.16, 63]",119.06,508,10.46,0.51
07:48:13,"[114.54, 130]","[113.0, 182]","[119.61, 49]","[120.81, 47]",117.08,408,5.07,0.53
07:48:14,"[115.0, 108]","[113.0, 154]","[116.55, 44]","[117.55, 44]",115.77,350,1.55,0.5
07:48:15,"[115.0, 64]","[113.0, 126]","[116.11, 36]","[117.35, 34]",115.56,260,1.11,0.46
07:48:16,"[113.73, 66]","[112.94, 104]","[116.73, 37]","[171.75, 24]",115.23,231,3.0,0.47
07:48:17,"[114.99, 158]","[112.0, 26]","[119.0, 39]","[541.0, 13]",117.0,236,4.01,0.56
07:48:18,"[116.02, 90]","[114.32, 38]","[118.96, 28]","[270.38, 16]",117.49,172,2.94,0.49
07:48:19,"[116.0, 99]","[112.0, 18]","[118.78, 27]","[335.11, 18]",117.39,162,2.78,0.44
07:48:20,"[116.0, 105]","[112.0, 22]","[117.55, 33]","[370.76, 21]",116.77,181,1.55,0.4
07:48:21,"[115.53, 51]","[113.29, 28]","[201.24, 21]","[502.75, 12]",158.38,112,85.71,0.41
07:48:22,"[115.0, 36]","[113.85, 26]","[236.67, 9]","[511.73, 11]",175.83,82,121.67,0.51
07:48:23,"[113.09, 11]","[111.22, 9]","[284.0, 8]","[544.0, 12]",198.55,40,170.91,0.0
07:48:24,"[108.42, 72]","[107.35, 52]","[312.36, 22]","[495.7, 20]",210.39,166,203.95,0.49
07:48:25,"[108.1, 30]","[107.24, 37]","[136.0, 10]","[271.0, 20]",122.05,97,27.9,0.38
07:48:26,"[109.0, 5]","[108.0, 15]","[136.0, 5]","[270.2, 10]",122.5,35,27.0,0.14
07:48:27,"[107.24, 17]","[107.09, 11]","[232.73, 11]","[296.6, 10]",169.98,49,125.49,0.14
07:48:28,"[114.27, 11]","[106.96, 25]","[338.0, 9]","[396.0, 9]",226.14,54,223.73,0.33
07:48:29,"[117.0, 7]","[107.0, 21]","[336.11, 19]","[346.29, 7]",226.55,54,219.11,0.04
07:48:30,"[117.0, 10]","[107.25, 20]","[332.18, 34]","[332.97, 30]",224.59,94,215.18,-0.36
07:48:31,"[117.0, 7]","[114.63, 19]","[330.43, 23]","[331.57, 21]",223.72,70,213.43,-0.26
07:48:32,"[117.0, 13]","[115.0, 39]","[324.58, 55]","[328.87, 47]",220.79,154,207.58,-0.32
07:48:33,"[117.0, 11]","[115.0, 33]","[126.78, 27]","[257.13, 23]",121.89,94,9.78,-0.06
07:48:34,"[117.0, 14]","[115.0, 42]","[124.34, 50]","[214.54, 56]",120.67,162,7.34,-0.31
07:48:35,"[115.15, 13]","[109.5, 14]","[120.1, 52]","[121.07, 42]",117.62,121,4.94,-0.55
07:48:36,"[109.92, 51]","[107.88, 16]","[115.36, 53]","[116.67, 45]",112.64,165,5.44,-0.19
07:48:37,"[109.8, 61]","[107.55, 20]","[112.47, 57]","[113.71, 63]",111.14,201,2.67,-0.19
07:48:38,"[93.4, 48]","[77.13, 39]","[111.23, 43]","[112.1, 61]",102.31,191,17.84,-0.09
07:48:39,"[93.0, 10]","[86.36, 42]","[112.0, 30]","[113.0, 18]",102.5,100,19.0,0.04
07:48:40,"[108.06, 53]","[82.62, 39]","[110.31, 32]","[127.93, 15]",109.18,139,2.26,0.32
07:48:41,"[69.0, 35]","[56.0, 49]","[107.16, 31]","[223.28, 18]",88.08,133,38.16,0.26
07:48:42,"[72.07, 28]","[63.58, 31]","[107.67, 30]","[294.0, 6]",89.87,95,35.6,0.24
07:48:43,"[76.32, 44]","[59.46, 65]","[102.19, 64]","[121.04, 49]",89.25,222,25.87,-0.02
07:48:44,"[79.58, 19]","[76.18, 34]","[185.19, 32]","[322.43, 37]",132.38,122,105.61,-0.13
07:48:45,"[84.56, 18]","[74.78, 18]","[490.0, 6]","[609.0, 24]",287.28,66,405.44,0.09
07:48:46,"[84.52, 23]","[77.56, 64]","[270.6, 20]","[477.85, 26]",177.56,133,186.08,0.31
07:48:47,"[85.0, 7]","[53.0, 28]","[100.0, 7]","[103.0, 14]",92.5,56,15.0,0.25
07:48:48,"[94.18, 22]","[65.69, 13]","[379.68, 19]","[411.5, 16]",236.93,70,285.5,0.0
07:48:49,"[95.3, 10]","[93.2, 10]","[392.0, 16]","[622.0, 4]",243.65,40,296.7,0.0
07:48:50,"[85.5, 24]","[77.0, 39]","[104.61, 23]","[182.17, 18]",95.05,104,19.11,0.21
07:48:51,"[70.58, 45]","[67.44, 34]","[121.83, 18]","[213.88, 32]",96.21,129,51.26,0.22
07:48:52,"[93.28, 29]","[83.2, 20]","[110.16, 19]","[353.25, 16]",101.72,84,16.88,0.17
