Time,Bid1,Bid2,Ask1,Ask2,Mid-Price,Total_volume,Bid_ask_spread,Order_imbalance
07:30:00,"[0, 0]","[0, 0]","[0, 0]","[0, 0]",0.0,0,0.0,0.0
07:30:02,"[1.0, 9]","[0, 0]","[480.0, 8]","[800.0, 4]",240.5,21,479.0,-0.14
07:30:03,"[1.0, 6]","[0, 0]","[150.5, 8]","[159.5, 8]",75.75,22,149.5,-0.45
07:30:04,"[1.25, 8]","[1.0, 6]","[140.2, 10]","[141.25, 16]",70.72,40,138.95,-0.3
07:30:05,"[2.33, 3]","[1.0, 9]","[138.33, 6]","[140.0, 12]",70.33,30,136.0,-0.2
07:30:06,"[5.27, 11]","[2.0, 9]","[138.0, 10]","[140.0, 20]",71.64,50,132.73,-0.2
07:30:07,"[70.4, 15]","[65.88, 16]","[140.0, 13]","[142.0, 16]",105.2,60,69.6,0.03
07:30:08,"[89.2, 15]","[86.29, 21]","[140.0, 4]","[142.0, 16]",114.6,56,50.8,0.29
07:30:09,"[93.12, 16]","[91.75, 24]","[140.0, 5]","[141.0, 5]",116.56,50,46.88,0.6
07:30:10,"[96.04, 26]","[94.57, 14]","[138.0, 20]","[140.0, 10]",117.02,70,41.96,0.14
07:30:11,"[98.33, 9]","[95.0, 3]","[138.0, 6]","[140.0, 3]",118.17,21,39.67,0.14
07:30:12,"[99.14, 7]","[97.4, 5]","[139.5, 4]","[141.78, 9]",119.32,25,40.36,-0.04
07:30:13,"[125.86, 29]","[110.45, 22]","[141.0, 9]","[142.0, 36]",133.43,96,15.14,0.06
07:30:14,"[133.96, 23]","[132.56, 36]","[141.0, 9]","[142.0, 36]",137.48,104,7.04,0.13
07:30:15,"[138.28, 36]","[136.88, 24]","[141.67, 24]","[142.05, 42]",139.97,126,3.39,-0.05
07:30:16,"[141.0, 24]","[135.0, 6]","[142.0, 48]","[143.0, 6]",141.5,84,1.0,-0.29
07:30:17,"[136.17, 12]","[135.0, 18]","[142.0, 40]","[143.0, 10]",139.08,80,5.83,-0.25
07:30:18,"[139.93, 15]","[136.33, 24]","[150.48, 46]","[155.39, 31]",145.21,116,10.54,-0.33
07:30:19,"[143.38, 21]","[142.66, 32]","[155.0, 65]","[159.0, 52]",149.19,170,11.62,-0.38
07:30:20,"[148.56, 18]","[146.2, 20]","[155.0, 50]","[159.0, 40]",151.78,128,6.44,-0.41
07:30:21,"[152.57, 23]","[150.73, 22]","[155.0, 75]","[159.0, 60]",153.78,180,2.43,-0.5
07:30:22,"[153.0, 22]","[152.0, 11]","[155.0, 55]","[159.0, 44]",154.0,132,2.0,-0.5
07:30:23,"[153.0, 28]","[152.0, 14]","[155.0, 70]","[159.0, 56]",154.0,168,2.0,-0.5
07:30:24,"[153.62, 16]","[151.56, 9]","[155.0, 41]","[159.0, 36]",154.31,102,1.38,-0.51
07:30:25,"[152.0, 10]","[150.0, 10]","[154.75, 32]","[158.37, 38]",153.38,90,2.75,-0.56
07:30:26,"[151.0, 14]","[149.5, 14]","[153.33, 48]","[154.3, 46]",152.17,122,2.33,-0.54
07:30:27,"[150.0, 8]","[149.0, 8]","[151.12, 16]","[153.0, 32]",150.56,64,1.12,-0.5
07:30:28,"[147.58, 26]","[144.65, 40]","[152.1, 20]","[153.29, 42]",149.84,128,4.52,0.03
07:30:29,"[146.52, 46]","[144.76, 58]","[150.81, 16]","[153.0, 64]",148.67,184,4.29,0.13
07:30:30,"[147.4, 80]","[145.25, 32]","[150.87, 15]","[153.7, 57]",149.13,184,3.47,0.22
07:30:31,"[148.0, 88]","[146.0, 40]","[150.5, 10]","[153.0, 30]",149.25,168,2.5,0.52
07:30:32,"[148.0, 121]","[146.0, 68]","[149.53, 17]","[153.0, 51]",148.76,257,1.53,0.47
07:30:33,"[148.16, 73]","[147.24, 66]","[152.18, 34]","[153.63, 57]",150.17,230,4.01,0.21
07:30:34,"[148.18, 33]","[146.86, 42]","[153.43, 28]","[154.11, 27]",150.81,130,5.25,0.15
07:30:35,"[148.55, 11]","[147.76, 34]","[153.0, 14]","[154.0, 28]",150.77,87,4.45,0.03
07:30:36,"[149.62, 8]","[148.0, 40]","[153.0, 16]","[154.03, 29]",151.31,93,3.38,0.03
07:30:37,"[148.32, 25]","[145.82, 44]","[153.0, 16]","[155.0, 8]",150.66,93,4.68,0.48
07:30:38,"[149.4, 10]","[148.0, 25]","[153.0, 10]","[154.2, 5]",151.2,50,3.6,0.4
07:30:39,"[150.29, 17]","[148.1, 42]","[165.62, 16]","[288.93, 15]",157.96,90,15.33,0.31
07:30:40,"[155.0, 6]","[153.33, 12]","[407.0, 24]","[749.0, 12]",281.0,54,252.0,-0.33
07:30:41,"[154.58, 24]","[148.96, 47]","[421.51, 37]","[586.4, 25]",288.05,133,266.93,0.07
07:30:42,"[154.0, 22]","[148.0, 55]","[510.81, 31]","[533.91, 35]",332.4,143,356.81,0.08
07:30:43,"[154.0, 8]","[148.0, 20]","[439.17, 12]","[513.25, 12]",296.58,52,285.17,0.08
07:30:44,"[154.0, 10]","[148.0, 25]","[406.07, 14]","[439.59, 17]",280.04,66,252.07,0.06
07:30:45,"[155.8, 20]","[152.24, 17]","[338.65, 26]","[340.27, 11]",247.23,74,182.85,0.0
07:30:46,"[154.0, 20]","[148.31, 26]","[337.41, 32]","[339.12, 17]",245.7,95,183.41,-0.03
07:30:47,"[149.94, 31]","[145.67, 48]","[288.33, 24]","[322.48, 42]",219.13,145,138.4,0.09
07:30:48,"[148.0, 30]","[144.0, 46]","[170.62, 26]","[171.67, 12]",159.31,114,22.62,0.33
07:30:49,"[148.0, 33]","[144.0, 66]","[168.37, 43]","[169.71, 34]",158.19,176,20.37,0.12
07:30:50,"[148.34, 41]","[145.32, 50]","[154.36, 50]","[157.49, 41]",151.35,182,6.02,0.0
07:30:51,"[149.0, 20]","[148.0, 30]","[151.4, 20]","[153.0, 50]",150.2,120,2.4,-0.17
07:30:52,"[148.36, 11]","[146.44, 27]","[151.0, 18]","[153.0, 45]",149.68,101,2.64,-0.25
07:30:53,"[148.0, 9]","[146.0, 27]","[150.05, 42]","[151.48, 21]",149.02,99,2.05,-0.27
07:30:54,"[148.0, 12]","[146.0, 36]","[149.56, 36]","[150.17, 48]",148.78,132,1.56,-0.27
07:30:55,"[145.8, 40]","[144.86, 28]","[147.69, 52]","[152.62, 48]",146.75,168,1.89,-0.19
07:30:56,"[145.0, 18]","[144.0, 9]","[146.53, 30]","[149.62, 32]",145.77,89,1.53,-0.39
07:30:57,"[68.16, 25]","[16.72, 46]","[146.2, 20]","[150.66, 29]",107.18,120,78.04,0.18
07:30:58,"[121.0, 70]","[91.29, 49]","[148.5, 32]","[152.13, 30]",134.75,181,27.5,0.31
07:30:59,"[137.75, 53]","[132.29, 45]","[150.0, 36]","[154.0, 24]",143.88,158,12.25,0.24
07:31:00,"[147.63, 46]","[145.81, 54]","[287.11, 46]","[351.46, 39]",217.37,185,139.48,0.08
07:31:01,"[156.26, 34]","[154.97, 78]","[225.36, 42]","[230.79, 42]",190.81,196,69.09,0.14
07:31:02,"[157.23, 26]","[154.97, 58]","[227.84, 32]","[274.03, 34]",192.54,150,70.61,0.12
07:31:03,"[156.0, 14]","[150.17, 47]","[226.4, 50]","[228.0, 30]",191.2,141,70.4,-0.13
07:31:04,"[156.0, 8]","[154.0, 16]","[223.19, 26]","[224.61, 38]",189.6,88,67.19,-0.45
07:31:05,"[156.0, 6]","[154.38, 16]","[220.62, 24]","[221.38, 24]",188.31,70,64.62,-0.37
07:31:06,"[157.13, 62]","[155.5, 24]","[198.88, 57]","[210.13, 52]",178.0,195,41.75,-0.12
07:31:07,"[157.97, 71]","[155.7, 20]","[166.14, 57]","[178.87, 60]",162.06,208,8.17,-0.12
07:31:08,"[155.33, 18]","[154.82, 44]","[157.5, 48]","[160.16, 32]",156.42,142,2.17,-0.13
07:31:09,"[151.47, 30]","[149.73, 48]","[155.78, 23]","[246.13, 31]",153.62,132,4.32,0.18
07:31:10,"[149.53, 51]","[148.85, 40]","[153.29, 21]","[154.13, 31]",151.41,143,3.76,0.27
07:31:11,"[148.94, 16]","[146.0, 19]","[150.73, 11]","[153.5, 20]",149.83,66,1.79,0.06
07:31:12,"[148.0, 13]","[144.0, 71]","[166.72, 29]","[214.14, 29]",157.36,142,18.72,0.18
07:31:13,"[155.0, 8]","[146.33, 12]","[324.33, 18]","[484.9, 20]",239.67,58,169.33,-0.31
07:31:14,"[152.31, 13]","[144.45, 31]","[323.96, 25]","[421.75, 28]",238.13,97,171.65,-0.09
07:31:15,"[146.1, 20]","[143.05, 81]","[257.0, 18]","[398.8, 25]",201.55,144,110.9,0.4
07:31:16,"[144.0, 14]","[143.0, 77]","[161.0, 14]","[255.71, 14]",152.5,119,17.0,0.53
07:31:17,"[144.0, 10]","[143.0, 55]","[178.4, 10]","[267.2, 10]",161.2,85,34.4,0.53
07:31:18,"[145.09, 22]","[143.18, 67]","[333.81, 26]","[460.86, 21]",239.45,136,188.72,0.31
07:31:19,"[144.0, 10]","[143.0, 55]","[147.0, 25]","[461.71, 7]",145.5,97,3.0,0.34
07:31:20,"[144.52, 23]","[142.77, 125]","[146.85, 59]","[244.84, 38]",145.68,245,2.33,0.21
07:31:21,"[145.75, 8]","[143.09, 23]","[147.0, 15]","[154.0, 3]",146.38,49,1.25,0.27
07:31:22,"[146.0, 72]","[144.01, 122]","[147.0, 60]","[153.67, 12]",146.5,266,1.0,0.46
07:31:23,"[144.86, 35]","[140.69, 100]","[148.5, 22]","[212.13, 15]",146.68,172,3.64,0.57
07:31:24,"[143.0, 6]","[139.0, 66]","[146.8, 10]","[164.0, 8]",144.9,90,3.8,0.6
07:31:25,"[144.0, 10]","[139.9, 20]","[146.0, 42]","[154.0, 10]",145.0,82,2.0,-0.27
07:31:26,"[141.67, 6]","[139.04, 46]","[146.0, 20]","[153.0, 6]",143.83,78,4.33,0.33
07:31:27,"[138.79, 33]","[129.13, 46]","[152.0, 9]","[219.0, 18]",145.39,106,13.21,0.49
07:31:28,"[138.0, 35]","[111.19, 31]","[152.0, 7]","[473.14, 14]",145.0,87,14.0,0.52
07:31:29,"[138.0, 45]","[118.55, 53]","[144.0, 15]","[468.0, 12]",141.0,125,6.0,0.57
07:31:30,"[139.73, 37]","[115.06, 33]","[449.62, 13]","[746.46, 13]",294.67,96,309.89,0.46
07:31:31,"[154.0, 16]","[145.5, 40]","[167.0, 24]","[534.25, 16]",160.5,96,13.0,0.17
07:31:32,"[154.0, 12]","[138.0, 60]","[229.0, 18]","[419.67, 12]",191.5,102,75.0,0.41
07:31:33,"[154.0, 16]","[138.0, 50]","[367.96, 23]","[397.82, 17]",260.98,106,213.96,0.25
07:31:34,"[154.0, 28]","[144.22, 54]","[260.77, 43]","[302.75, 44]",207.38,169,106.77,-0.03
07:31:35,"[153.06, 34]","[151.06, 51]","[252.81, 52]","[255.02, 49]",202.93,186,99.75,-0.09
07:31:36,"[152.0, 34]","[150.0, 51]","[248.3, 60]","[249.9, 40]",200.15,185,96.3,-0.08
07:31:37,"[152.0, 30]","[150.0, 45]","[239.95, 55]","[247.77, 39]",195.97,169,87.95,-0.11
07:31:38,"[151.67, 12]","[140.53, 38]","[231.38, 39]","[236.38, 37]",191.53,126,79.72,-0.21
07:31:39,"[141.18, 51]","[109.17, 63]","[198.28, 57]","[206.06, 62]",169.73,233,57.1,-0.02
07:31:40,"[138.55, 109]","[122.94, 79]","[140.38, 26]","[141.86, 37]",139.47,251,1.83,0.5
07:31:41,"[139.6, 95]","[138.59, 37]","[142.55, 47]","[145.63, 46]",141.08,225,2.95,0.17
07:31:42,"[143.74, 23]","[142.14, 22]","[146.24, 37]","[159.0, 27]",144.99,109,2.5,-0.17
07:31:43,"[144.05, 38]","[142.22, 46]","[146.38, 32]","[151.36, 44]",145.21,160,2.32,0.05
07:31:44,"[145.85, 26]","[142.4, 40]","[147.33, 27]","[150.53, 17]",146.59,110,1.49,0.2
07:31:45,"[147.71, 34]","[141.85, 34]","[150.0, 10]","[151.0, 30]",148.85,108,2.29,0.26
07:31:46,"[149.5, 12]","[146.54, 26]","[170.54, 13]","[167.18, 17]",160.02,68,21.04,0.12
07:31:47,"[153.12, 8]","[149.94, 16]","[194.0, 12]","[214.0, 6]",173.56,42,40.88,0.14
07:31:48,"[153.0, 10]","[149.9, 20]","[179.32, 19]","[203.09, 11]",166.16,60,26.32,0.0
07:31:49,"[150.57, 14]","[142.12, 16]","[198.0, 10]","[448.6, 10]",174.29,50,47.43,0.2
07:31:50,"[156.0, 10]","[143.0, 20]","[212.53, 17]","[292.75, 8]",184.26,55,56.53,0.09
07:31:51,"[156.0, 20]","[143.0, 52]","[195.27, 52]","[213.26, 35]",175.63,159,39.27,-0.09
07:31:52,"[157.52, 123]","[152.38, 16]","[177.0, 65]","[192.97, 31]",167.26,235,19.48,0.18
07:31:53,"[158.0, 121]","[156.0, 11]","[175.55, 55]","[411.85, 26]",166.77,213,17.55,0.24
07:31:54,"[158.0, 143]","[156.0, 13]","[174.26, 62]","[370.24, 41]",166.13,259,16.26,0.2
07:31:55,"[158.0, 67]","[156.0, 13]","[169.98, 62]","[379.74, 38]",163.99,180,11.98,-0.11
07:31:56,"[158.0, 45]","[156.0, 9]","[167.0, 45]","[348.44, 27]",162.5,126,9.0,-0.14
07:31:57,"[158.0, 45]","[156.0, 9]","[164.44, 45]","[223.0, 27]",161.22,126,6.44,-0.14
07:31:58,"[158.0, 45]","[156.0, 9]","[163.44, 45]","[386.22, 27]",160.72,126,5.44,-0.14
07:31:59,"[158.0, 35]","[156.0, 7]","[163.0, 35]","[306.0, 21]",160.5,98,5.0,-0.14
07:32:00,"[158.0, 60]","[156.0, 16]","[161.33, 60]","[356.83, 36]",159.67,172,3.33,-0.12
07:32:01,"[158.0, 32]","[156.0, 16]","[160.45, 22]","[195.33, 36]",159.23,106,2.45,-0.09
07:32:02,"[158.0, 30]","[156.0, 20]","[160.0, 20]","[161.0, 50]",159.0,120,2.0,-0.17
07:32:03,"[157.48, 31]","[155.88, 17]","[159.52, 31]","[201.77, 44]",158.5,123,2.03,-0.22
07:32:04,"[153.07, 15]","[150.03, 148]","[159.0, 36]","[160.0, 24]",156.03,223,5.93,0.46
07:32:05,"[152.0, 13]","[150.0, 169]","[157.86, 42]","[158.61, 41]",154.93,265,5.86,0.37
07:32:06,"[150.13, 78]","[149.76, 74]","[156.02, 49]","[157.57, 49]",153.07,250,5.89,0.22
07:32:07,"[149.75, 16]","[146.89, 18]","[153.09, 47]","[154.72, 50]",151.42,131,3.34,-0.48
07:32:08,"[143.52, 29]","[142.1, 58]","[147.39, 38]","[149.19, 43]",145.46,168,3.88,0.04
07:32:09,"[143.0, 28]","[100.25, 64]","[144.8, 30]","[146.6, 30]",143.9,152,1.8,0.21
07:32:10,"[142.23, 13]","[102.58, 31]","[144.62, 16]","[149.62, 26]",143.43,86,2.39,0.02
07:32:11,"[142.35, 34]","[96.64, 28]","[150.14, 42]","[343.97, 32]",146.25,136,7.79,-0.09
07:32:12,"[144.0, 28]","[143.0, 56]","[147.72, 32]","[270.98, 50]",145.86,166,3.72,0.01
07:32:13,"[144.0, 24]","[143.0, 48]","[146.75, 12]","[148.0, 36]",145.38,120,2.75,0.2
07:32:14,"[144.0, 16]","[143.0, 32]","[145.12, 8]","[148.0, 24]",144.56,80,1.12,0.2
07:32:15,"[145.41, 17]","[143.08, 39]","[148.66, 32]","[262.97, 31]",147.03,119,3.24,-0.06
07:32:16,"[143.36, 25]","[140.0, 40]","[149.0, 27]","[334.0, 39]",146.18,131,5.64,-0.01
07:32:17,"[143.0, 32]","[91.84, 19]","[149.0, 16]","[413.78, 27]",146.0,94,6.0,0.09
07:32:18,"[143.75, 48]","[100.0, 24]","[148.0, 36]","[149.0, 33]",145.88,141,4.25,0.02
07:32:19,"[144.0, 32]","[66.18, 11]","[207.57, 28]","[332.69, 32]",175.79,103,63.57,-0.17
07:32:20,"[145.29, 28]","[112.16, 19]","[228.8, 40]","[417.31, 35]",187.04,122,83.51,-0.23
07:32:21,"[148.45, 11]","[145.67, 18]","[286.0, 32]","[378.04, 26]",217.23,87,137.55,-0.33
07:32:22,"[149.53, 45]","[147.13, 45]","[213.94, 62]","[227.97, 67]",181.73,219,64.4,-0.18
07:32:23,"[150.0, 42]","[149.0, 31]","[168.79, 56]","[268.83, 48]",159.39,177,18.79,-0.18
07:32:24,"[150.66, 29]","[148.6, 20]","[167.6, 20]","[179.21, 38]",159.13,107,16.94,-0.08
07:32:25,"[140.86, 14]","[100.85, 26]","[164.27, 41]","[167.38, 29]",152.56,110,23.41,-0.27
07:32:26,"[136.0, 28]","[102.33, 36]","[160.71, 24]","[161.29, 51]",148.35,139,24.71,-0.08
07:32:27,"[154.0, 13]","[128.0, 78]","[158.27, 22]","[160.3, 43]",156.14,156,4.27,0.17
07:32:28,"[129.54, 39]","[119.58, 38]","[155.67, 27]","[157.67, 18]",142.6,122,26.13,0.26
07:32:29,"[107.53, 17]","[68.35, 26]","[213.8, 20]","[451.83, 24]",160.66,87,106.27,-0.01
07:32:30,"[151.64, 77]","[146.56, 71]","[206.55, 33]","[622.88, 32]",179.09,213,54.91,0.39
07:32:31,"[152.65, 31]","[149.05, 57]","[369.11, 28]","[448.12, 24]",260.88,140,216.46,0.26
07:32:32,"[156.0, 40]","[152.0, 8]","[407.79, 24]","[593.85, 20]",281.9,92,251.79,0.04
07:32:33,"[156.0, 6]","[152.0, 6]","[405.67, 18]","[441.33, 12]",280.83,42,249.67,-0.43
07:32:34,"[156.0, 9]","[152.0, 3]","[405.0, 6]","[567.0, 3]",280.5,21,249.0,0.14
07:32:35,"[156.0, 20]","[150.38, 26]","[391.25, 32]","[491.94, 16]",273.62,94,235.25,-0.02
07:32:36,"[156.0, 9]","[152.0, 18]","[395.1, 20]","[459.5, 12]",275.55,59,239.1,-0.08
07:32:37,"[156.0, 8]","[152.0, 52]","[309.47, 30]","[338.48, 25]",232.73,115,153.47,0.04
07:32:38,"[156.0, 11]","[152.0, 88]","[292.19, 42]","[294.17, 24]",224.1,165,136.19,0.2
07:32:39,"[156.0, 11]","[152.0, 88]","[274.35, 23]","[290.9, 40]",215.17,162,118.35,0.22
07:32:40,"[157.91, 116]","[156.0, 12]","[168.67, 21]","[218.89, 45]",163.29,194,10.75,0.32
07:32:41,"[158.0, 72]","[156.0, 12]","[165.69, 32]","[167.29, 28]",161.84,144,7.69,0.17
07:32:42,"[158.0, 66]","[156.0, 16]","[164.93, 60]","[165.78, 36]",161.47,178,6.93,-0.08
07:32:43,"[155.33, 63]","[152.44, 54]","[163.0, 24]","[164.29, 34]",159.17,175,7.67,0.34
07:32:44,"[154.0, 57]","[152.0, 96]","[159.67, 24]","[163.65, 34]",156.83,211,5.67,0.45
07:32:45,"[155.19, 27]","[153.0, 64]","[159.0, 26]","[165.0, 52]",157.09,169,3.81,0.08
07:32:46,"[154.0, 11]","[152.0, 66]","[157.85, 40]","[158.69, 26]",155.93,143,3.85,0.08
07:32:47,"[152.33, 43]","[151.78, 54]","[156.89, 38]","[166.0, 52]",154.61,187,4.57,0.04
07:32:48,"[152.0, 66]","[151.0, 22]","[155.6, 30]","[165.5, 40]",153.8,158,3.6,0.11
07:32:49,"[152.0, 39]","[151.0, 23]","[153.28, 29]","[154.57, 28]",152.64,119,1.28,0.04
07:32:50,"[152.0, 13]","[151.0, 29]","[153.0, 52]","[185.63, 52]",152.5,146,1.0,-0.42
07:32:51,"[151.04, 27]","[149.18, 107]","[193.05, 42]","[210.53, 43]",172.04,219,42.01,0.22
07:32:52,"[151.64, 33]","[149.2, 60]","[177.16, 25]","[227.39, 33]",164.4,151,25.52,0.23
07:32:53,"[152.0, 63]","[149.3, 53]","[177.0, 27]","[244.0, 18]",164.5,161,25.0,0.44
07:32:54,"[152.5, 98]","[149.74, 61]","[174.55, 40]","[226.29, 21]",163.53,220,22.05,0.45
07:32:55,"[153.77, 91]","[152.0, 39]","[168.64, 33]","[171.41, 17]",161.2,180,14.87,0.44
07:32:56,"[154.88, 56]","[152.0, 24]","[160.75, 24]","[171.0, 8]",157.81,112,5.88,0.43
07:32:57,"[155.0, 56]","[152.0, 24]","[158.88, 24]","[171.0, 8]",156.94,112,3.88,0.43
07:32:58,"[155.0, 118]","[152.0, 30]","[158.0, 30]","[171.0, 10]",156.5,188,3.0,0.57
07:32:59,"[155.49, 78]","[153.88, 51]","[159.76, 25]","[227.73, 11]",157.62,165,4.27,0.56
07:33:00,"[155.0, 60]","[151.0, 27]","[169.78, 9]","[318.09, 11]",162.39,107,14.78,0.63
07:33:01,"[155.0, 66]","[151.0, 33]","[169.0, 11]","[360.62, 16]",162.0,126,14.0,0.57
07:33:02,"[155.0, 87]","[151.28, 54]","[167.94, 16]","[235.14, 29]",161.47,186,12.94,0.52
07:33:03,"[155.0, 286]","[152.0, 65]","[162.77, 13]","[199.37, 19]",158.88,383,7.77,0.83
07:33:04,"[155.0, 279]","[152.0, 65]","[159.69, 13]","[205.95, 19]",157.35,376,4.69,0.83
07:33:05,"[155.0, 126]","[152.0, 30]","[159.0, 6]","[433.25, 16]",157.0,178,4.0,0.75
07:33:06,"[155.0, 189]","[152.0, 45]","[159.0, 9]","[324.41, 27]",157.0,270,4.0,0.73
07:33:07,"[155.0, 252]","[152.0, 60]","[157.75, 12]","[380.33, 48]",156.38,372,2.75,0.68
07:33:08,"[155.0, 265]","[152.0, 65]","[156.62, 13]","[385.35, 37]",155.81,380,1.62,0.74
07:33:09,"[155.0, 183]","[152.57, 42]","[322.56, 25]","[480.0, 36]",238.78,286,167.56,0.57
07:33:10,"[155.0, 126]","[154.0, 21]","[230.44, 25]","[283.23, 26]",192.72,198,75.44,0.48
07:33:11,"[155.0, 144]","[154.0, 24]","[263.62, 32]","[420.23, 26]",209.31,226,108.62,0.49
07:33:12,"[155.0, 84]","[154.0, 18]","[322.3, 23]","[502.06, 17]",238.65,142,167.3,0.44
07:33:13,"[155.0, 196]","[154.0, 54]","[303.04, 49]","[396.55, 44]",229.02,343,148.04,0.46
07:33:14,"[155.0, 150]","[154.0, 45]","[197.08, 48]","[199.57, 47]",176.04,290,42.08,0.34
07:33:15,"[155.26, 54]","[154.85, 82]","[195.0, 34]","[196.0, 32]",175.13,202,39.74,0.35
07:33:16,"[156.0, 24]","[155.0, 120]","[192.3, 46]","[193.12, 32]",174.15,222,36.3,0.3
07:33:17,"[156.0, 16]","[155.0, 80]","[189.38, 32]","[190.38, 32]",172.69,160,33.38,0.2
07:33:18,"[155.42, 24]","[154.89, 56]","[187.57, 28]","[189.0, 28]",171.49,136,32.15,0.18
07:33:19,"[155.0, 50]","[154.0, 33]","[185.9, 40]","[187.65, 34]",170.45,157,30.9,0.06
07:33:20,"[152.18, 49]","[151.1, 100]","[184.0, 44]","[186.0, 22]",168.09,215,31.82,0.39
07:33:21,"[155.0, 21]","[152.0, 60]","[181.0, 40]","[182.1, 40]",168.0,161,26.0,0.01
07:33:22,"[155.0, 40]","[152.0, 50]","[175.7, 40]","[179.09, 22]",165.35,152,20.7,0.18
07:33:23,"[154.02, 102]","[151.84, 153]","[169.24, 68]","[170.35, 68]",161.63,391,15.22,0.3
07:33:24,"[156.0, 120]","[153.0, 165]","[163.46, 52]","[165.0, 44]",159.73,381,7.46,0.5
07:33:25,"[156.5, 133]","[153.97, 158]","[159.71, 68]","[161.0, 64]",158.1,423,3.21,0.38
07:33:26,"[157.58, 38]","[155.68, 87]","[159.19, 42]","[169.95, 21]",158.38,188,1.61,0.33
07:33:27,"[156.0, 88]","[152.92, 104]","[162.47, 15]","[195.44, 18]",159.23,225,6.47,0.71
07:33:28,"[156.0, 64]","[154.0, 128]","[160.5, 8]","[163.0, 16]",158.25,216,4.5,0.78
07:33:29,"[156.0, 72]","[154.0, 144]","[159.78, 9]","[163.0, 18]",157.89,243,3.78,0.78
07:33:30,"[156.0, 64]","[154.0, 144]","[158.44, 9]","[163.0, 18]",157.22,235,2.44,0.77
07:33:31,"[156.0, 51]","[154.0, 160]","[157.67, 12]","[183.9, 20]",156.83,243,1.67,0.74
07:33:32,"[156.0, 31]","[154.0, 144]","[186.68, 19]","[321.47, 32]",171.34,226,30.68,0.55
07:33:33,"[156.0, 8]","[154.0, 128]","[316.3, 10]","[378.83, 18]",236.15,164,160.3,0.66
07:33:34,"[157.2, 30]","[156.0, 5]","[304.0, 5]","[370.0, 12]",230.6,52,146.8,0.35
07:33:35,"[158.0, 72]","[156.0, 12]","[327.39, 23]","[355.24, 25]",242.7,132,169.39,0.27
07:33:36,"[158.0, 54]","[156.0, 9]","[304.15, 13]","[320.92, 25]",231.08,101,146.15,0.25
07:33:37,"[158.0, 72]","[156.0, 12]","[278.2, 20]","[290.55, 22]",218.1,126,120.2,0.33
07:33:38,"[158.0, 70]","[156.0, 13]","[273.85, 20]","[274.15, 20]",215.93,123,115.85,0.35
07:33:39,"[158.0, 24]","[156.0, 12]","[269.18, 17]","[271.45, 22]",213.59,75,111.18,-0.04
07:33:40,"[155.13, 78]","[153.13, 39]","[265.09, 55]","[267.76, 34]",210.11,206,109.96,0.14
07:33:41,"[154.82, 132]","[153.73, 104]","[264.28, 29]","[265.08, 26]",209.55,291,109.46,0.62
07:33:42,"[155.0, 144]","[154.0, 150]","[259.96, 52]","[261.0, 26]",207.48,372,104.96,0.58
07:33:43,"[155.0, 60]","[152.64, 94]","[254.46, 35]","[256.1, 21]",204.73,210,99.46,0.47
07:33:44,"[154.77, 43]","[153.05, 42]","[250.06, 51]","[250.91, 55]",202.41,191,95.29,-0.11
07:33:45,"[154.0, 14]","[152.0, 28]","[246.0, 28]","[247.0, 35]",200.0,105,92.0,-0.2
07:33:46,"[154.0, 30]","[152.0, 60]","[220.83, 46]","[233.05, 61]",187.41,197,66.83,-0.09
07:33:47,"[153.08, 26]","[150.74, 76]","[204.07, 45]","[207.28, 47]",178.57,194,50.99,0.05
07:33:48,"[150.35, 68]","[149.53, 90]","[199.88, 34]","[202.88, 43]",175.12,235,49.53,0.34
07:33:49,"[149.94, 108]","[148.88, 95]","[160.15, 40]","[163.87, 31]",155.05,274,10.21,0.48
07:33:50,"[149.0, 48]","[148.0, 88]","[159.07, 27]","[161.36, 11]",154.04,174,10.07,0.56
07:33:51,"[151.33, 18]","[149.17, 46]","[159.0, 32]","[161.0, 8]",155.17,104,7.67,0.23
07:33:52,"[149.0, 60]","[148.0, 80]","[158.18, 34]","[159.5, 16]",153.59,190,9.18,0.47
07:33:53,"[153.67, 27]","[149.39, 82]","[156.16, 38]","[185.82, 49]",154.91,196,2.49,0.11
07:33:54,"[154.03, 33]","[149.38, 52]","[164.67, 24]","[216.36, 39]",159.35,148,10.64,0.15
07:33:55,"[154.0, 48]","[149.0, 72]","[165.08, 36]","[268.0, 24]",159.54,180,11.08,0.33
07:33:56,"[154.0, 36]","[149.0, 54]","[164.44, 27]","[213.0, 18]",159.22,135,10.44,0.33
07:33:57,"[154.81, 62]","[151.63, 38]","[161.62, 24]","[411.16, 37]",158.22,161,6.82,0.24
07:33:58,"[156.62, 78]","[153.08, 52]","[161.0, 39]","[327.97, 29]",158.81,198,4.38,0.31
07:33:59,"[158.0, 54]","[153.0, 36]","[161.0, 27]","[220.71, 21]",159.5,138,3.0,0.3
07:34:00,"[158.0, 29]","[152.22, 36]","[160.67, 27]","[204.73, 37]",159.33,129,2.67,0.01
07:34:01,"[152.13, 47]","[150.09, 94]","[159.58, 36]","[206.62, 16]",155.86,193,7.46,0.46
07:34:02,"[152.0, 64]","[149.36, 84]","[155.93, 42]","[157.0, 54]",153.96,244,3.93,0.21
07:34:03,"[149.92, 26]","[148.5, 48]","[153.18, 33]","[178.76, 17]",151.55,124,3.26,0.19
07:34:04,"[149.0, 72]","[148.0, 96]","[151.31, 16]","[158.08, 60]",150.16,244,2.31,0.38
07:34:05,"[149.0, 61]","[148.0, 88]","[151.71, 31]","[172.37, 35]",150.35,215,2.71,0.39
07:34:06,"[149.0, 67]","[148.0, 88]","[151.27, 55]","[311.61, 23]",150.14,233,2.27,0.33
07:34:07,"[148.24, 63]","[147.57, 42]","[249.08, 39]","[331.4, 30]",198.66,174,100.84,0.21
07:34:08,"[148.0, 88]","[147.0, 33]","[162.85, 54]","[202.98, 41]",155.43,216,14.85,0.12
07:34:09,"[148.0, 34]","[147.0, 36]","[206.98, 46]","[339.3, 43]",177.49,159,58.98,-0.12
07:34:10,"[148.0, 9]","[147.0, 27]","[378.31, 39]","[468.97, 30]",263.15,105,230.31,-0.31
07:34:11,"[150.67, 9]","[121.55, 55]","[614.79, 33]","[647.0, 12]",382.73,109,464.12,0.17
07:34:12,"[152.0, 9]","[147.0, 63]","[420.84, 38]","[452.69, 32]",286.42,142,268.84,0.01
07:34:13,"[151.69, 29]","[148.65, 40]","[198.25, 48]","[307.8, 25]",174.97,142,46.56,-0.03
07:34:14,"[149.2, 15]","[147.8, 25]","[153.0, 28]","[395.0, 28]",151.1,96,3.8,-0.17
07:34:15,"[147.6, 30]","[131.38, 24]","[153.0, 24]","[382.78, 18]",150.3,96,5.4,0.12
07:34:16,"[147.0, 70]","[108.35, 68]","[153.0, 40]","[387.4, 40]",150.0,218,6.0,0.27
07:34:17,"[149.0, 70]","[145.57, 98]","[152.45, 29]","[251.43, 56]",150.72,253,3.45,0.33
07:34:18,"[145.75, 61]","[120.04, 78]","[154.91, 45]","[399.52, 33]",150.33,217,9.16,0.28
07:34:19,"[149.19, 31]","[145.89, 44]","[155.0, 39]","[510.97, 35]",152.1,149,5.81,0.01
07:34:20,"[152.07, 30]","[149.03, 29]","[154.65, 31]","[365.91, 35]",153.36,125,2.58,-0.06
07:34:21,"[151.0, 18]","[149.0, 20]","[152.97, 37]","[154.12, 17]",151.99,92,1.97,-0.17
07:34:22,"[151.0, 13]","[149.0, 26]","[152.25, 40]","[155.0, 39]",151.62,118,1.25,-0.34
07:34:23,"[149.15, 13]","[145.18, 44]","[154.57, 21]","[195.89, 27]",151.86,105,5.42,0.09
07:34:24,"[149.0, 12]","[145.0, 42]","[155.0, 18]","[249.86, 14]",152.0,86,6.0,0.26
07:34:25,"[153.62, 26]","[145.5, 48]","[155.0, 27]","[279.0, 18]",154.31,119,1.38,0.24
07:34:26,"[152.46, 26]","[148.36, 55]","[155.0, 9]","[279.0, 14]",153.73,104,2.54,0.56
07:34:27,"[149.62, 58]","[146.89, 83]","[155.0, 11]","[316.29, 28]",152.31,180,5.38,0.57
07:34:28,"[149.55, 88]","[147.13, 120]","[154.06, 32]","[201.2, 20]",151.8,260,4.52,0.6
07:34:29,"[149.0, 76]","[145.08, 53]","[154.0, 11]","[155.73, 11]",151.5,151,5.0,0.71
07:34:30,"[149.0, 90]","[132.08, 25]","[153.47, 15]","[156.27, 15]",151.23,145,4.47,0.59
07:34:31,"[149.0, 66]","[143.73, 33]","[152.0, 11]","[157.0, 11]",150.5,121,3.0,0.64
07:34:32,"[149.0, 60]","[148.0, 30]","[152.0, 10]","[157.0, 10]",150.5,110,3.0,0.64
07:34:33,"[149.0, 54]","[148.0, 27]","[151.29, 17]","[154.78, 9]",150.15,107,2.29,0.51
07:34:34,"[149.0, 70]","[148.0, 42]","[150.69, 26]","[152.0, 38]",149.85,176,1.69,0.27
07:34:35,"[149.74, 19]","[148.7, 20]","[151.0, 27]","[154.0, 27]",150.37,93,1.26,-0.16
07:34:36,"[149.33, 18]","[148.25, 24]","[153.0, 27]","[154.67, 27]",151.17,96,3.67,-0.12
07:34:37,"[148.28, 29]","[146.89, 19]","[152.12, 17]","[154.27, 33]",150.2,98,3.84,-0.02
07:34:38,"[148.0, 21]","[145.0, 7]","[150.0, 7]","[154.0, 21]",149.0,56,2.0,0.0
07:34:39,"[148.0, 18]","[145.0, 6]","[150.0, 6]","[154.0, 18]",149.0,48,2.0,0.0
07:34:40,"[149.18, 33]","[144.0, 14]","[153.1, 29]","[155.0, 39]",151.14,115,3.92,-0.18
07:34:41,"[151.88, 40]","[147.47, 17]","[153.94, 32]","[285.54, 35]",152.91,124,2.06,-0.08
07:34:42,"[152.0, 48]","[151.0, 14]","[155.38, 39]","[553.93, 42]",153.69,143,3.38,-0.13
07:34:43,"[150.0, 27]","[146.38, 21]","[158.0, 27]","[501.54, 26]",154.0,101,8.0,-0.05
07:34:44,"[150.0, 36]","[148.0, 144]","[367.56, 34]","[548.55, 47]",258.78,261,217.56,0.38
07:34:45,"[148.8, 60]","[147.88, 99]","[419.91, 22]","[546.59, 46]",284.35,227,271.11,0.4
07:34:46,"[148.0, 96]","[144.0, 8]","[150.92, 37]","[191.47, 19]",149.46,160,2.92,0.3
07:34:47,"[148.0, 72]","[144.0, 6]","[150.0, 30]","[152.0, 12]",149.0,120,2.0,0.3
07:34:48,"[148.0, 108]","[144.0, 9]","[150.0, 45]","[152.0, 18]",149.0,180,2.0,0.3
07:34:49,"[148.0, 109]","[144.0, 12]","[150.69, 39]","[155.35, 31]",149.35,191,2.69,0.27
07:34:50,"[148.16, 73]","[145.62, 26]","[153.0, 26]","[157.0, 39]",150.58,164,4.84,0.21
07:34:51,"[148.0, 90]","[143.0, 28]","[154.71, 35]","[192.25, 40]",151.36,193,6.71,0.22
07:34:52,"[148.0, 36]","[143.0, 18]","[157.0, 18]","[343.56, 18]",152.5,90,9.0,0.2
07:34:53,"[148.36, 44]","[144.94, 31]","[157.0, 27]","[526.33, 18]",152.68,120,8.64,0.25
07:34:54,"[150.72, 54]","[148.46, 39]","[157.0, 24]","[328.24, 34]",153.86,151,6.28,0.23
07:34:55,"[151.27, 100]","[150.43, 90]","[157.0, 30]","[267.6, 50]",154.13,270,5.73,0.41
07:34:56,"[154.0, 33]","[151.82, 143]","[156.27, 41]","[187.53, 47]",155.13,264,2.27,0.33
07:34:57,"[152.73, 62]","[151.38, 117]","[157.0, 42]","[260.67, 66]",154.86,287,4.27,0.25
07:34:58,"[152.84, 50]","[151.53, 116]","[157.0, 34]","[199.55, 44]",154.92,244,4.16,0.36
07:34:59,"[154.0, 99]","[152.0, 72]","[161.0, 27]","[325.42, 12]",157.5,210,7.0,0.63
07:35:00,"[154.0, 113]","[152.0, 104]","[161.0, 39]","[227.95, 38]",157.5,294,7.0,0.48
07:35:01,"[154.0, 104]","[152.0, 104]","[194.24, 29]","[276.0, 33]",174.12,270,40.24,0.54
07:35:02,"[153.47, 80]","[151.24, 103]","[216.14, 35]","[430.26, 31]",184.81,249,62.67,0.47
07:35:03,"[152.0, 49]","[150.0, 91]","[161.0, 14]","[190.0, 35]",156.5,189,9.0,0.48
07:35:04,"[152.0, 56]","[150.0, 104]","[161.0, 16]","[190.0, 40]",156.5,216,9.0,0.48
07:35:05,"[152.0, 42]","[150.0, 78]","[161.0, 12]","[200.86, 21]",156.5,153,9.0,0.57
07:35:06,"[152.0, 70]","[150.0, 130]","[161.0, 20]","[301.08, 26]",156.5,246,9.0,0.63
07:35:07,"[152.0, 56]","[150.0, 104]","[161.0, 16]","[433.21, 28]",156.5,204,9.0,0.57
07:35:08,"[152.0, 84]","[150.0, 66]","[157.67, 48]","[259.09, 22]",154.83,220,5.67,0.36
07:35:09,"[151.79, 95]","[149.76, 75]","[157.74, 72]","[324.95, 40]",154.76,282,5.95,0.21
07:35:10,"[150.08, 76]","[148.68, 186]","[156.77, 73]","[311.68, 34]",153.42,369,6.69,0.42
07:35:11,"[151.0, 9]","[150.0, 74]","[153.58, 43]","[158.0, 18]",152.29,144,2.58,0.15
07:35:12,"[150.67, 6]","[149.5, 16]","[153.29, 14]","[308.77, 13]",151.98,49,2.62,-0.1
07:35:13,"[155.0, 24]","[150.0, 22]","[158.09, 22]","[311.5, 46]",156.55,114,3.09,-0.19
07:35:14,"[153.95, 19]","[150.33, 18]","[156.67, 24]","[157.67, 24]",155.31,85,2.72,-0.13
07:35:15,"[151.15, 13]","[149.79, 28]","[155.52, 27]","[156.27, 30]",153.34,98,4.36,-0.16
07:35:16,"[149.07, 84]","[148.15, 121]","[150.89, 36]","[152.93, 27]",149.98,268,1.82,0.53
07:35:17,"[149.0, 23]","[148.0, 81]","[151.11, 18]","[153.33, 18]",150.06,140,2.11,0.49
07:35:18,"[148.02, 55]","[146.35, 52]","[155.14, 14]","[204.75, 32]",151.58,153,7.12,0.4
07:35:19,"[148.0, 20]","[146.0, 35]","[156.0, 19]","[311.0, 10]",152.0,84,8.0,0.31
07:35:20,"[146.89, 36]","[145.29, 42]","[156.0, 30]","[163.0, 12]",151.44,120,9.11,0.3
07:35:21,"[146.16, 64]","[143.27, 33]","[151.88, 32]","[155.67, 27]",149.02,156,5.72,0.24
07:35:22,"[149.46, 83]","[146.72, 71]","[154.0, 47]","[154.82, 38]",151.73,239,4.54,0.29
07:35:23,"[150.02, 49]","[145.04, 50]","[152.73, 30]","[282.35, 23]",151.38,152,2.71,0.3
07:35:24,"[151.33, 12]","[150.0, 24]","[156.0, 60]","[308.27, 33]",153.67,129,4.67,-0.44
07:35:25,"[153.71, 14]","[150.0, 28]","[156.0, 84]","[211.0, 28]",154.86,154,2.29,-0.45
07:35:26,"[150.62, 16]","[148.17, 47]","[156.0, 42]","[175.0, 18]",153.31,123,5.38,0.02
07:35:27,"[150.0, 18]","[148.0, 52]","[154.32, 34]","[155.08, 50]",152.16,154,4.32,-0.09
07:35:28,"[148.12, 34]","[147.33, 24]","[150.49, 37]","[155.68, 37]",149.3,132,2.37,-0.12
07:35:29,"[148.0, 58]","[145.11, 106]","[149.0, 52]","[156.0, 52]",148.5,268,1.0,0.22
07:35:30,"[148.0, 38]","[145.0, 110]","[155.18, 44]","[159.0, 22]",151.59,214,7.18,0.38
07:35:31,"[148.28, 50]","[145.86, 98]","[152.43, 56]","[154.42, 38]",150.35,242,4.15,0.22
07:35:32,"[148.73, 22]","[146.2, 50]","[151.0, 32]","[153.0, 32]",149.86,136,2.27,0.06
07:35:33,"[150.08, 13]","[148.15, 26]","[151.86, 28]","[153.82, 22]",150.97,89,1.78,-0.12
07:35:34,"[150.29, 7]","[146.6, 30]","[153.0, 28]","[156.0, 14]",151.64,79,2.71,-0.06
07:35:35,"[150.0, 5]","[143.0, 50]","[153.0, 20]","[192.86, 7]",151.5,82,3.0,0.34
07:35:36,"[150.0, 8]","[143.0, 55]","[153.0, 32]","[161.38, 32]",151.5,127,3.0,-0.01
07:35:37,"[150.74, 19]","[145.58, 26]","[153.0, 48]","[156.0, 60]",151.87,153,2.26,-0.41
07:35:38,"[150.0, 10]","[148.84, 75]","[153.0, 31]","[156.0, 50]",151.5,166,3.0,0.02
07:35:39,"[147.5, 6]","[143.93, 14]","[153.0, 4]","[156.0, 20]",150.25,44,5.5,-0.09
07:35:40,"[147.45, 104]","[142.32, 37]","[153.0, 9]","[156.0, 45]",150.23,195,5.55,0.45
07:35:41,"[148.0, 84]","[143.0, 24]","[155.88, 26]","[196.9, 10]",151.94,144,7.88,0.5
07:35:42,"[148.39, 92]","[146.5, 80]","[156.0, 50]","[276.4, 10]",152.2,232,7.61,0.48
07:35:43,"[148.27, 90]","[145.93, 69]","[158.11, 37]","[279.46, 13]",153.19,209,9.84,0.52
07:35:44,"[152.25, 81]","[148.07, 136]","[305.84, 38]","[345.0, 38]",229.04,293,153.6,0.48
07:35:45,"[156.0, 99]","[150.76, 29]","[259.85, 27]","[282.33, 36]",207.93,191,103.85,0.34
07:35:46,"[156.0, 96]","[154.0, 11]","[246.3, 30]","[319.97, 34]",201.15,171,90.3,0.25
07:35:47,"[156.0, 66]","[154.0, 12]","[234.68, 38]","[240.82, 40]",195.34,156,78.68,0.0
07:35:48,"[156.0, 27]","[154.0, 8]","[217.0, 16]","[236.9, 29]",186.5,80,61.0,-0.12
07:35:49,"[156.0, 23]","[154.0, 9]","[189.62, 26]","[225.14, 28]",172.81,86,33.62,-0.26
07:35:50,"[156.0, 14]","[154.0, 5]","[187.0, 20]","[188.0, 10]",171.5,49,31.0,-0.22
07:35:51,"[156.0, 16]","[154.0, 8]","[187.0, 32]","[290.26, 23]",171.5,79,31.0,-0.39
07:35:52,"[151.71, 35]","[150.15, 26]","[186.06, 64]","[464.4, 35]",168.89,160,34.35,-0.24
07:35:53,"[151.07, 28]","[149.21, 28]","[186.0, 56]","[263.0, 28]",168.54,140,34.93,-0.2
07:35:54,"[155.55, 22]","[153.45, 22]","[185.0, 44]","[293.87, 30]",170.27,118,29.45,-0.25
07:35:55,"[156.14, 28]","[155.0, 28]","[185.0, 56]","[200.51, 35]",170.57,147,28.86,-0.24
07:35:56,"[157.33, 18]","[155.0, 18]","[183.73, 15]","[184.35, 34]",170.53,85,26.4,-0.15
07:35:57,"[158.0, 18]","[155.0, 18]","[180.73, 22]","[182.0, 27]",169.36,85,22.73,-0.15
07:35:58,"[158.0, 24]","[155.0, 24]","[177.62, 37]","[179.71, 34]",167.81,119,19.62,-0.19
07:35:59,"[158.0, 22]","[155.0, 22]","[174.56, 25]","[176.4, 30]",166.28,99,16.56,-0.11
07:36:00,"[158.0, 26]","[155.0, 26]","[173.63, 49]","[174.71, 28]",165.82,129,15.63,-0.19
07:36:01,"[156.0, 18]","[153.67, 18]","[170.71, 42]","[172.0, 30]",163.36,108,14.71,-0.33
07:36:02,"[150.29, 28]","[149.28, 29]","[165.8, 44]","[167.02, 47]",158.04,148,15.51,-0.23
07:36:03,"[150.0, 20]","[149.0, 20]","[158.48, 46]","[160.18, 11]",154.24,97,8.48,-0.18
07:36:04,"[150.94, 48]","[149.77, 26]","[155.81, 32]","[157.8, 41]",153.38,147,4.88,0.01
07:36:05,"[148.71, 65]","[147.24, 97]","[155.0, 64]","[157.25, 32]",151.85,258,6.29,0.26
07:36:06,"[154.0, 11]","[148.0, 99]","[155.65, 46]","[159.39, 49]",154.83,205,1.65,0.07
07:36:07,"[148.32, 76]","[147.53, 68]","[155.0, 26]","[162.5, 42]",151.66,212,6.68,0.36
07:36:08,"[148.0, 99]","[147.0, 44]","[151.23, 35]","[154.42, 31]",149.61,209,3.23,0.37
07:36:09,"[148.0, 126]","[146.09, 43]","[150.0, 42]","[169.87, 45]",149.0,256,2.0,0.32
07:36:10,"[147.6, 75]","[127.58, 36]","[187.33, 36]","[210.6, 30]",167.47,177,39.73,0.25
07:36:11,"[146.54, 26]","[136.35, 26]","[173.67, 24]","[214.93, 43]",160.1,119,27.13,-0.13
07:36:12,"[147.04, 27]","[146.05, 41]","[211.43, 47]","[250.09, 43]",179.23,158,64.39,-0.14
07:36:13,"[149.33, 18]","[147.33, 18]","[206.06, 34]","[231.41, 34]",177.7,104,56.73,-0.31
07:36:14,"[149.28, 65]","[147.83, 12]","[201.36, 25]","[222.34, 29]",175.32,131,52.08,0.18
07:36:15,"[154.36, 66]","[149.95, 74]","[207.86, 29]","[259.29, 21]",181.11,190,53.5,0.47
07:36:16,"[156.0, 84]","[150.0, 146]","[180.62, 21]","[183.31, 39]",168.31,290,24.62,0.59
07:36:17,"[156.0, 66]","[150.0, 99]","[177.87, 15]","[180.38, 29]",166.93,209,21.87,0.58
07:36:18,"[156.0, 66]","[150.8, 120]","[176.0, 12]","[177.0, 36]",166.0,234,20.0,0.59
07:36:19,"[156.0, 40]","[152.0, 120]","[175.3, 10]","[177.0, 30]",165.65,200,19.3,0.6
07:36:20,"[156.65, 40]","[153.6, 100]","[173.32, 25]","[176.23, 35]",164.99,200,16.67,0.4
07:36:21,"[158.0, 24]","[156.0, 48]","[170.88, 16]","[172.88, 32]",164.44,120,12.88,0.2
07:36:22,"[158.0, 22]","[156.0, 44]","[169.05, 37]","[170.48, 23]",163.53,126,11.05,0.05
07:36:23,"[158.0, 24]","[156.0, 48]","[166.67, 36]","[168.0, 48]",162.33,156,8.67,-0.08
07:36:24,"[152.67, 54]","[150.42, 114]","[161.19, 42]","[162.42, 43]",156.93,253,8.52,0.33
07:36:25,"[151.73, 66]","[149.83, 108]","[157.07, 42]","[186.19, 43]",154.4,259,5.34,0.34
07:36:26,"[151.18, 66]","[150.0, 108]","[154.5, 24]","[155.69, 32]",152.84,230,3.32,0.51
07:36:27,"[150.24, 127]","[149.34, 133]","[151.87, 30]","[155.43, 42]",151.05,332,1.63,0.57
07:36:28,"[150.0, 129]","[149.0, 78]","[151.19, 26]","[152.68, 22]",150.6,255,1.19,0.62
07:36:29,"[150.0, 90]","[149.0, 72]","[154.4, 20]","[173.69, 32]",152.2,214,4.4,0.51
07:36:30,"[150.04, 56]","[149.11, 18]","[156.0, 30]","[241.82, 22]",153.02,126,5.96,0.17
07:36:31,"[152.15, 13]","[150.0, 65]","[156.0, 39]","[235.32, 34]",154.08,151,3.85,0.03
07:36:32,"[153.71, 7]","[150.0, 35]","[156.0, 21]","[293.65, 17]",154.86,80,2.29,0.05
07:36:33,"[151.75, 16]","[149.65, 46]","[156.0, 24]","[352.0, 24]",153.88,110,4.25,0.13
07:36:34,"[150.0, 55]","[149.0, 88]","[155.78, 23]","[262.91, 33]",152.89,199,5.78,0.44
07:36:35,"[150.0, 55]","[149.0, 113]","[154.27, 11]","[156.0, 33]",152.14,212,4.27,0.58
07:36:36,"[150.0, 50]","[149.0, 130]","[155.75, 24]","[225.83, 23]",152.88,227,5.75,0.59
07:36:37,"[150.0, 18]","[149.0, 117]","[156.0, 27]","[159.0, 18]",153.0,180,6.0,0.5
07:36:38,"[150.0, 32]","[149.0, 208]","[154.56, 62]","[156.0, 48]",152.28,350,4.56,0.37
07:36:39,"[150.76, 25]","[149.2, 49]","[153.38, 24]","[157.18, 22]",152.07,120,2.62,0.23
07:36:40,"[151.0, 22]","[149.05, 110]","[157.0, 33]","[158.0, 22]",154.0,187,6.0,0.41
07:36:41,"[151.14, 84]","[149.07, 85]","[156.49, 49]","[157.52, 31]",153.82,249,5.35,0.36
07:36:42,"[151.18, 55]","[148.49, 86]","[156.0, 50]","[157.91, 32]",153.59,223,4.82,0.26
07:36:43,"[151.97, 38]","[148.81, 74]","[155.75, 67]","[157.82, 56]",153.86,235,3.77,-0.05
07:36:44,"[154.12, 101]","[150.83, 101]","[155.88, 41]","[158.6, 40]",155.0,283,1.76,0.43
07:36:45,"[155.45, 22]","[153.5, 64]","[157.0, 18]","[159.0, 27]",156.23,131,1.55,0.31
07:36:46,"[156.0, 75]","[154.0, 78]","[157.0, 26]","[159.0, 39]",156.5,218,1.0,0.4
07:36:47,"[154.83, 41]","[152.27, 74]","[157.0, 22]","[159.0, 33]",155.91,170,2.17,0.35
07:36:48,"[154.0, 42]","[150.29, 56]","[157.0, 14]","[254.61, 23]",155.5,135,3.0,0.45
07:36:49,"[154.0, 90]","[150.0, 120]","[157.0, 30]","[213.38, 58]",155.5,298,3.0,0.41
07:36:50,"[154.29, 17]","[152.61, 46]","[157.0, 14]","[159.0, 35]",155.65,112,2.71,0.12
07:36:51,"[155.0, 8]","[154.0, 48]","[157.0, 16]","[159.0, 40]",156.0,112,2.0,0.0
07:36:52,"[155.0, 13]","[154.0, 78]","[157.0, 26]","[159.0, 65]",156.0,182,2.0,0.0
07:36:53,"[155.0, 3]","[154.0, 18]","[157.0, 6]","[159.0, 15]",156.0,42,2.0,0.0
07:36:54,"[155.0, 4]","[154.0, 24]","[157.0, 8]","[159.0, 20]",156.0,56,2.0,0.0
07:36:55,"[155.0, 11]","[154.0, 66]","[159.0, 55]","[260.32, 40]",157.0,172,4.0,-0.1
07:36:56,"[155.0, 12]","[154.0, 72]","[159.0, 60]","[235.0, 36]",157.0,180,4.0,-0.07
07:36:57,"[156.1, 61]","[154.94, 31]","[159.0, 65]","[235.0, 39]",157.55,196,2.9,-0.06
07:36:58,"[156.5, 56]","[155.09, 66]","[158.88, 57]","[254.13, 38]",157.69,217,2.38,0.12
07:36:59,"[155.0, 45]","[154.0, 60]","[157.93, 45]","[267.8, 40]",156.47,190,2.93,0.11
07:37:00,"[155.0, 37]","[154.0, 102]","[157.0, 50]","[158.0, 82]",156.0,271,2.0,0.03
07:37:01,"[154.14, 35]","[152.94, 47]","[157.0, 105]","[158.0, 15]",155.57,202,2.86,-0.19
07:37:02,"[155.95, 120]","[153.95, 40]","[157.0, 98]","[158.0, 14]",156.47,272,1.05,0.18
07:37:03,"[156.0, 82]","[154.0, 39]","[157.0, 88]","[251.18, 17]",156.5,226,1.0,0.07
07:37:04,"[154.67, 36]","[153.06, 17]","[156.97, 86]","[274.78, 54]",155.82,193,2.3,-0.45
07:37:05,"[154.96, 46]","[152.86, 14]","[156.96, 73]","[270.55, 55]",155.96,188,2.0,-0.36
07:37:06,"[156.0, 66]","[154.0, 18]","[157.0, 60]","[343.45, 22]",156.5,166,1.0,0.01
07:37:07,"[156.0, 75]","[154.0, 21]","[157.0, 35]","[159.0, 35]",156.5,166,1.0,0.16
07:37:08,"[156.0, 90]","[154.0, 27]","[157.0, 45]","[159.0, 45]",156.5,207,1.0,0.13
07:37:09,"[156.0, 100]","[154.0, 30]","[157.0, 50]","[159.0, 50]",156.5,230,1.0,0.13
07:37:10,"[156.0, 65]","[154.0, 24]","[157.0, 40]","[159.0, 40]",156.5,169,1.0,0.05
07:37:11,"[156.0, 60]","[154.0, 27]","[157.0, 33]","[159.0, 45]",156.5,165,1.0,0.05
07:37:12,"[156.0, 24]","[154.0, 18]","[157.0, 18]","[159.0, 30]",156.5,90,1.0,-0.07
07:37:13,"[156.0, 24]","[154.0, 18]","[157.0, 18]","[159.0, 30]",156.5,90,1.0,-0.07
07:37:14,"[156.0, 24]","[154.0, 18]","[157.91, 22]","[215.96, 26]",156.95,90,1.91,-0.07
07:37:15,"[156.0, 28]","[154.0, 21]","[157.59, 17]","[185.0, 35]",156.79,101,1.59,-0.03
07:37:16,"[156.0, 20]","[154.84, 19]","[157.0, 10]","[159.0, 25]",156.5,74,1.0,0.05
07:37:17,"[155.5, 48]","[154.23, 52]","[157.0, 24]","[159.0, 60]",156.25,184,1.5,0.09
07:37:18,"[155.0, 6]","[154.0, 48]","[157.0, 12]","[159.0, 30]",156.0,96,2.0,0.12
07:37:19,"[154.1, 31]","[153.53, 45]","[157.0, 20]","[159.0, 50]",155.55,146,2.9,0.04
07:37:20,"[154.0, 32]","[153.0, 24]","[155.75, 16]","[157.91, 22]",154.88,94,1.75,0.19
07:37:21,"[154.0, 42]","[153.0, 42]","[155.71, 28]","[158.5, 40]",154.86,152,1.71,0.11
07:37:22,"[153.46, 13]","[152.56, 16]","[159.0, 20]","[160.0, 50]",156.23,99,5.54,-0.41
07:37:23,"[156.0, 48]","[152.19, 16]","[158.45, 44]","[159.81, 62]",157.23,170,2.45,-0.25
07:37:24,"[156.0, 27]","[152.0, 9]","[158.0, 36]","[159.0, 18]",157.0,90,2.0,-0.2
07:37:25,"[156.0, 18]","[152.0, 6]","[157.4, 20]","[158.2, 20]",156.7,64,1.4,-0.25
07:37:26,"[153.0, 12]","[150.43, 23]","[157.67, 36]","[158.43, 28]",155.33,99,4.67,-0.29
07:37:27,"[151.05, 42]","[150.09, 92]","[157.0, 21]","[158.0, 42]",154.02,197,5.95,0.36
07:37:28,"[155.0, 44]","[150.17, 186]","[156.14, 42]","[157.31, 39]",155.57,311,1.14,0.48
07:37:29,"[150.15, 204]","[149.29, 153]","[155.27, 44]","[157.0, 33]",152.71,434,5.13,0.65
07:37:30,"[150.0, 154]","[149.0, 42]","[154.04, 25]","[157.0, 21]",152.02,242,4.04,0.62
07:37:31,"[150.01, 276]","[149.2, 112]","[151.69, 48]","[156.08, 39]",150.85,475,1.68,0.63
07:37:32,"[150.0, 143]","[149.0, 72]","[151.0, 34]","[159.0, 24]",150.5,273,1.0,0.58
07:37:33,"[150.0, 82]","[149.0, 60]","[156.63, 19]","[160.43, 35]",153.32,196,6.63,0.45
07:37:34,"[153.95, 38]","[149.87, 46]","[156.6, 10]","[159.22, 18]",155.27,112,2.65,0.5
07:37:35,"[155.0, 48]","[150.0, 64]","[156.0, 8]","[157.88, 16]",155.5,136,1.0,0.65
07:37:36,"[155.0, 56]","[150.0, 80]","[157.14, 14]","[160.29, 28]",156.07,178,2.14,0.53
07:37:37,"[155.0, 45]","[150.0, 72]","[158.0, 18]","[162.0, 36]",156.5,171,3.0,0.37
07:37:38,"[155.0, 29]","[150.0, 72]","[158.0, 18]","[162.0, 36]",156.5,155,3.0,0.3
07:37:39,"[155.0, 27]","[150.0, 72]","[158.0, 18]","[162.0, 36]",156.5,153,3.0,0.29
07:37:40,"[155.0, 27]","[150.0, 72]","[161.76, 34]","[298.0, 20]",158.38,153,6.76,0.29
07:37:41,"[155.11, 37]","[149.9, 91]","[162.0, 64]","[298.47, 68]",158.55,260,6.89,-0.02
07:37:42,"[151.11, 27]","[149.4, 75]","[158.0, 22]","[162.0, 44]",154.56,168,6.89,0.21
07:37:43,"[150.0, 27]","[149.0, 81]","[158.0, 18]","[162.0, 36]",154.0,162,8.0,0.33
07:37:44,"[150.0, 11]","[149.0, 45]","[158.0, 10]","[221.35, 23]",154.0,89,8.0,0.26
07:37:45,"[150.0, 8]","[149.0, 72]","[158.0, 16]","[223.81, 37]",154.0,133,8.0,0.2
07:37:46,"[149.04, 84]","[148.16, 171]","[156.08, 26]","[162.5, 44]",152.56,325,7.04,0.57
07:37:47,"[149.0, 126]","[148.0, 224]","[159.67, 36]","[175.33, 48]",154.33,434,10.67,0.61
07:37:48,"[149.49, 103]","[148.01, 211]","[161.48, 86]","[175.8, 49]",155.48,449,11.99,0.4
07:37:49,"[154.0, 98]","[149.68, 66]","[156.56, 48]","[160.2, 25]",155.28,237,2.56,0.38
07:37:50,"[154.0, 24]","[150.07, 28]","[156.0, 18]","[160.0, 12]",155.0,82,2.0,0.27
07:37:51,"[154.0, 75]","[149.0, 158]","[155.93, 45]","[158.05, 41]",154.97,319,1.93,0.46
07:37:52,"[154.97, 58]","[152.48, 23]","[156.0, 9]","[159.11, 36]",155.48,126,1.03,0.29
07:37:53,"[154.72, 29]","[151.33, 18]","[159.37, 19]","[161.5, 16]",157.05,82,4.64,0.15
07:37:54,"[155.29, 42]","[154.0, 14]","[160.0, 28]","[166.0, 7]",157.64,91,4.71,0.23
07:37:55,"[156.56, 54]","[154.0, 18]","[160.0, 36]","[166.0, 9]",158.28,117,3.44,0.23
07:37:56,"[158.0, 57]","[154.0, 24]","[160.0, 48]","[369.66, 32]",159.0,161,2.0,0.01
07:37:57,"[156.0, 12]","[152.8, 10]","[160.0, 20]","[658.38, 8]",158.0,50,4.0,-0.12
07:37:58,"[155.22, 32]","[153.97, 29]","[160.0, 48]","[473.37, 19]",157.61,128,4.78,-0.05
07:37:59,"[156.0, 14]","[155.0, 24]","[160.0, 32]","[358.22, 9]",158.0,79,4.0,-0.04
07:38:00,"[156.0, 4]","[155.0, 12]","[160.0, 16]","[254.0, 4]",158.0,36,4.0,-0.11
07:38:01,"[156.0, 9]","[155.0, 27]","[159.08, 37]","[164.69, 32]",157.54,105,3.08,-0.31
07:38:02,"[155.09, 22]","[153.54, 39]","[157.11, 45]","[160.76, 45]",156.1,151,2.02,-0.19
07:38:03,"[154.5, 28]","[153.85, 53]","[156.22, 36]","[163.0, 36]",155.36,153,1.72,0.06
07:38:04,"[154.0, 21]","[152.0, 14]","[258.79, 28]","[462.5, 12]",206.39,75,104.79,-0.07
07:38:05,"[152.4, 15]","[150.2, 20]","[162.4, 30]","[266.04, 28]",157.4,93,10.0,-0.25
07:38:06,"[152.0, 26]","[149.32, 47]","[159.71, 42]","[161.74, 69]",155.86,184,7.71,-0.21
07:38:07,"[153.25, 36]","[150.42, 38]","[158.12, 48]","[159.57, 75]",155.69,197,4.88,-0.25
07:38:08,"[152.0, 11]","[149.4, 20]","[156.49, 35]","[159.22, 46]",154.24,112,4.49,-0.45
07:38:09,"[153.6, 10]","[150.8, 10]","[157.17, 48]","[179.87, 30]",155.38,98,3.57,-0.59
07:38:10,"[152.0, 3]","[150.0, 3]","[157.0, 15]","[190.0, 4]",154.5,25,5.0,-0.52
07:38:11,"[152.82, 11]","[150.55, 11]","[156.74, 47]","[160.11, 27]",154.78,96,3.93,-0.54
07:38:12,"[152.0, 9]","[150.0, 9]","[156.22, 45]","[169.0, 9]",154.11,72,4.22,-0.5
07:38:13,"[149.5, 12]","[148.12, 32]","[156.0, 35]","[330.0, 7]",152.75,86,6.5,0.02
07:38:14,"[149.0, 22]","[148.0, 66]","[155.0, 36]","[175.69, 36]",152.0,160,6.0,0.1
07:38:15,"[148.03, 74]","[147.03, 198]","[150.0, 52]","[155.48, 62]",149.01,386,1.97,0.41
07:38:16,"[148.0, 30]","[147.0, 80]","[150.0, 20]","[155.0, 25]",149.0,155,2.0,0.42
07:38:17,"[148.83, 72]","[147.6, 80]","[150.0, 40]","[155.0, 50]",149.42,242,1.17,0.26
07:38:18,"[149.0, 35]","[148.0, 42]","[151.92, 26]","[167.3, 27]",150.46,130,2.92,0.18
07:38:19,"[149.0, 30]","[148.0, 36]","[155.0, 30]","[307.5, 24]",152.0,120,6.0,0.1
07:38:20,"[149.0, 30]","[148.0, 36]","[155.0, 30]","[262.5, 14]",152.0,110,6.0,0.2
07:38:21,"[148.78, 45]","[146.29, 70]","[155.0, 55]","[158.0, 11]",151.89,181,6.22,0.27
07:38:22,"[150.0, 27]","[148.0, 36]","[154.17, 29]","[155.44, 41]",152.09,133,4.17,-0.05
07:38:23,"[150.0, 39]","[148.0, 52]","[152.08, 39]","[154.88, 17]",151.04,147,2.08,0.24
07:38:24,"[150.0, 24]","[148.0, 32]","[155.03, 29]","[157.5, 12]",152.52,97,5.03,0.15
07:38:25,"[152.05, 43]","[149.54, 91]","[156.13, 30]","[158.84, 74]",154.09,238,4.09,0.13
07:38:26,"[154.0, 16]","[152.0, 27]","[155.0, 9]","[156.0, 18]",154.5,70,1.0,0.23
07:38:27,"[153.2, 15]","[150.81, 67]","[155.0, 11]","[156.0, 22]",154.1,115,1.8,0.43
07:38:28,"[150.44, 73]","[149.78, 135]","[154.0, 14]","[156.41, 17]",152.22,239,3.56,0.74
07:38:29,"[150.0, 190]","[148.0, 47]","[156.95, 37]","[202.48, 23]",153.47,297,6.95,0.6
07:38:30,"[150.0, 114]","[148.0, 24]","[157.0, 24]","[483.69, 13]",153.5,175,7.0,0.58
07:38:31,"[150.0, 221]","[145.46, 104]","[156.61, 46]","[421.29, 31]",153.3,402,6.61,0.62
07:38:32,"[150.0, 108]","[145.0, 66]","[154.0, 18]","[156.0, 18]",152.0,210,4.0,0.66
07:38:33,"[150.05, 171]","[148.82, 79]","[155.79, 38]","[156.62, 16]",152.92,304,5.74,0.64
07:38:34,"[150.28, 95]","[149.86, 177]","[155.0, 52]","[156.82, 49]",152.64,373,4.72,0.46
07:38:35,"[150.0, 204]","[149.0, 72]","[151.92, 38]","[153.67, 48]",150.96,362,1.92,0.52
07:38:36,"[150.0, 166]","[148.78, 54]","[152.1, 40]","[154.54, 26]",151.05,286,2.1,0.54
07:38:37,"[150.0, 133]","[148.1, 40]","[153.0, 52]","[181.36, 44]",151.5,269,3.0,0.29
07:38:38,"[150.0, 60]","[149.0, 48]","[157.0, 33]","[196.11, 44]",153.5,185,7.0,0.17
07:38:39,"[150.0, 35]","[149.0, 28]","[157.0, 7]","[158.0, 21]",153.5,91,7.0,0.38
07:38:40,"[150.0, 40]","[149.0, 32]","[157.0, 8]","[158.0, 24]",153.5,104,7.0,0.38
07:38:41,"[152.12, 48]","[150.15, 40]","[157.0, 10]","[158.0, 30]",154.56,128,4.88,0.38
07:38:42,"[156.0, 72]","[155.0, 36]","[157.0, 12]","[158.0, 36]",156.5,156,1.0,0.38
07:38:43,"[151.14, 44]","[149.24, 110]","[158.0, 30]","[177.0, 20]",154.57,204,6.86,0.51
07:38:44,"[152.0, 40]","[150.0, 24]","[158.0, 24]","[297.0, 22]",155.0,110,6.0,0.16
07:38:45,"[153.0, 44]","[150.0, 30]","[158.0, 30]","[398.5, 50]",155.5,154,5.0,-0.04
07:38:46,"[152.57, 42]","[149.82, 33]","[158.0, 36]","[248.47, 51]",155.29,162,5.43,-0.07
07:38:47,"[148.52, 61]","[148.88, 17]","[158.0, 27]","[337.07, 15]",153.26,120,9.48,0.3
07:38:48,"[148.0, 135]","[147.0, 3]","[158.0, 9]","[327.0, 6]",153.0,153,10.0,0.8
07:38:49,"[148.0, 158]","[147.0, 11]","[158.0, 33]","[327.0, 22]",153.0,224,10.0,0.51
07:38:50,"[148.0, 198]","[146.78, 9]","[158.0, 27]","[309.33, 18]",153.0,252,10.0,0.64
07:38:51,"[148.0, 176]","[146.77, 13]","[157.5, 30]","[292.87, 15]",152.75,234,9.5,0.62
07:38:52,"[148.08, 96]","[147.85, 52]","[155.77, 26]","[156.67, 30]",151.93,204,7.69,0.45
07:38:53,"[147.64, 173]","[147.02, 119]","[154.07, 75]","[155.65, 77]",150.85,444,6.43,0.32
07:38:54,"[148.0, 15]","[147.0, 89]","[152.33, 45]","[153.26, 69]",150.17,218,4.33,-0.05
07:38:55,"[148.0, 32]","[147.0, 60]","[151.17, 24]","[153.0, 60]",149.58,176,3.17,0.05
07:38:56,"[148.75, 102]","[147.29, 49]","[151.92, 38]","[153.53, 75]",150.34,264,3.17,0.14
07:38:57,"[149.0, 132]","[148.0, 24]","[150.0, 12]","[153.0, 60]",149.5,228,1.0,0.37
07:38:58,"[149.1, 81]","[148.0, 20]","[152.18, 22]","[153.4, 50]",150.64,173,3.08,0.17
07:38:59,"[152.38, 128]","[149.39, 72]","[153.84, 77]","[158.06, 80]",153.11,357,1.47,0.12
07:39:00,"[150.17, 84]","[149.56, 64]","[159.0, 60]","[326.76, 42]",154.58,250,8.83,0.18
07:39:01,"[152.06, 32]","[150.0, 160]","[159.0, 80]","[375.75, 48]",155.53,320,6.94,0.2
07:39:02,"[154.47, 34]","[151.26, 175]","[158.18, 85]","[183.58, 83]",156.32,377,3.71,0.11
07:39:03,"[154.0, 121]","[150.0, 110]","[157.0, 33]","[161.73, 55]",155.5,319,3.0,0.45
07:39:04,"[154.06, 70]","[151.07, 82]","[156.12, 24]","[162.38, 40]",155.09,216,2.07,0.41
07:39:05,"[154.0, 99]","[150.0, 90]","[156.0, 22]","[163.0, 45]",155.0,256,2.0,0.48
07:39:06,"[154.0, 158]","[150.36, 61]","[161.24, 59]","[202.04, 71]",157.62,349,7.24,0.26
07:39:07,"[154.0, 122]","[152.0, 14]","[161.93, 70]","[181.67, 66]",157.96,272,7.93,0.0
07:39:08,"[154.12, 56]","[153.75, 56]","[161.0, 70]","[162.21, 70]",157.56,252,6.88,-0.11
07:39:09,"[155.0, 7]","[154.0, 49]","[160.57, 35]","[162.0, 35]",157.79,126,5.57,-0.11
07:39:10,"[155.0, 11]","[154.0, 77]","[159.0, 55]","[206.77, 31]",157.0,174,4.0,0.01
07:39:11,"[154.07, 68]","[153.59, 44]","[157.5, 70]","[160.86, 14]",155.79,196,3.43,0.14
07:39:12,"[153.91, 64]","[150.2, 25]","[156.16, 51]","[281.61, 23]",155.03,163,2.25,0.09
07:39:13,"[152.93, 44]","[150.04, 23]","[159.0, 11]","[330.36, 22]",155.97,100,6.07,0.34
07:39:14,"[154.49, 55]","[152.0, 14]","[156.14, 14]","[168.56, 18]",155.32,101,1.65,0.37
07:39:15,"[156.08, 39]","[152.0, 13]","[158.0, 13]","[266.96, 53]",157.04,118,1.92,-0.12
07:39:16,"[152.7, 20]","[150.87, 39]","[180.38, 61]","[375.57, 47]",166.54,167,27.68,-0.29
07:39:17,"[154.0, 24]","[151.74, 38]","[235.17, 58]","[391.18, 55]",194.59,175,81.17,-0.29
07:39:18,"[152.0, 28]","[150.0, 148]","[321.66, 53]","[405.25, 61]",236.83,290,169.66,0.21
07:39:19,"[150.72, 43]","[149.83, 60]","[153.5, 28]","[183.17, 60]",152.11,191,2.78,0.08
07:39:20,"[150.0, 51]","[149.0, 55]","[152.08, 13]","[160.2, 25]",151.04,144,2.08,0.47
07:39:21,"[149.07, 54]","[148.05, 105]","[151.0, 11]","[154.27, 22]",150.04,192,1.93,0.66
07:39:22,"[148.09, 111]","[147.34, 59]","[150.64, 14]","[155.0, 28]",149.37,212,2.55,0.6
07:39:23,"[148.82, 68]","[147.69, 51]","[154.71, 28]","[157.73, 30]",151.77,177,5.89,0.34
07:39:24,"[151.43, 56]","[148.44, 54]","[154.79, 56]","[156.14, 28]",153.11,194,3.36,0.13
07:39:25,"[152.0, 25]","[148.76, 41]","[154.52, 27]","[157.9, 20]",153.26,113,2.52,0.17
07:39:26,"[152.0, 11]","[149.0, 110]","[156.0, 22]","[159.0, 22]",154.0,165,4.0,0.47
07:39:27,"[153.0, 102]","[152.0, 12]","[156.0, 24]","[159.0, 24]",154.5,162,3.0,0.41
07:39:28,"[153.07, 68]","[152.8, 44]","[156.0, 28]","[159.0, 28]",154.54,168,2.93,0.33
07:39:29,"[155.0, 91]","[154.0, 13]","[156.0, 26]","[159.0, 26]",155.5,156,1.0,0.33
07:39:30,"[155.47, 66]","[154.0, 10]","[158.1, 20]","[549.35, 34]",156.78,130,2.63,0.17
07:39:31,"[157.67, 72]","[154.0, 12]","[159.0, 24]","[473.56, 41]",158.33,149,1.33,0.13
07:39:32,"[158.0, 54]","[154.0, 9]","[159.0, 18]","[355.0, 34]",158.5,115,1.0,0.1
07:39:33,"[158.0, 44]","[154.0, 9]","[159.0, 18]","[275.0, 27]",158.5,98,1.0,0.08
07:39:34,"[158.0, 28]","[154.0, 7]","[159.0, 14]","[439.21, 29]",158.5,78,1.0,-0.1
07:39:35,"[158.0, 25]","[154.0, 10]","[159.0, 20]","[514.0, 50]",158.5,105,1.0,-0.33
07:39:36,"[158.0, 13]","[154.42, 19]","[159.0, 26]","[410.31, 65]",158.5,123,1.0,-0.48
07:39:37,"[156.91, 11]","[154.97, 29]","[159.0, 16]","[262.0, 40]",157.95,96,2.09,-0.17
07:39:38,"[155.0, 40]","[154.0, 10]","[158.4, 25]","[232.91, 35]",156.7,110,3.4,-0.09
07:39:39,"[155.0, 48]","[154.0, 12]","[157.25, 36]","[161.33, 24]",156.12,120,2.25,0.0
07:39:40,"[154.55, 33]","[152.33, 12]","[156.5, 36]","[160.21, 28]",155.52,109,1.95,-0.17
07:39:41,"[151.83, 12]","[149.44, 25]","[154.17, 36]","[155.51, 35]",153.0,108,2.33,-0.31
07:39:42,"[149.02, 102]","[148.32, 88]","[152.47, 30]","[154.73, 30]",150.74,250,3.45,0.52
07:39:43,"[149.0, 72]","[148.0, 60]","[150.0, 25]","[353.24, 29]",149.5,186,1.0,0.42
07:39:44,"[149.0, 47]","[148.0, 60]","[236.31, 16]","[504.9, 50]",192.66,173,87.31,0.24
07:39:45,"[149.0, 16]","[148.0, 24]","[211.86, 14]","[329.0, 20]",180.43,74,62.86,0.08
07:39:46,"[149.0, 36]","[148.0, 54]","[392.0, 45]","[449.0, 45]",270.5,180,243.0,0.0
07:39:47,"[148.19, 43]","[147.09, 131]","[507.11, 45]","[593.78, 45]",327.65,264,358.93,0.32
07:39:48,"[148.0, 40]","[147.0, 136]","[335.25, 20]","[408.0, 40]",241.62,236,187.25,0.49
07:39:49,"[148.0, 42]","[147.0, 204]","[187.0, 12]","[299.83, 60]",167.5,318,39.0,0.55
07:39:50,"[152.67, 18]","[147.69, 68]","[181.62, 13]","[249.93, 41]",167.14,140,28.95,0.23
07:39:51,"[155.0, 10]","[151.64, 33]","[187.0, 5]","[284.0, 25]",171.0,73,32.0,0.18
07:39:52,"[155.0, 24]","[152.0, 108]","[186.92, 12]","[331.83, 60]",170.96,204,31.92,0.29
07:39:53,"[153.09, 33]","[151.71, 63]","[184.37, 19]","[325.8, 25]",168.73,140,31.28,0.37
07:39:54,"[152.0, 31]","[150.0, 24]","[183.5, 18]","[183.71, 14]",167.75,87,31.5,0.26
07:39:55,"[152.0, 14]","[150.0, 21]","[181.07, 15]","[182.23, 13]",166.53,63,29.07,0.11
07:39:56,"[152.0, 20]","[150.0, 30]","[178.38, 26]","[180.43, 14]",165.19,90,26.38,0.11
07:39:57,"[150.15, 26]","[149.16, 19]","[177.71, 17]","[178.42, 19]",163.93,81,27.55,0.11
07:39:58,"[150.0, 14]","[149.0, 12]","[155.33, 6]","[177.94, 16]",152.67,48,5.33,0.08
07:39:59,"[149.3, 20]","[148.18, 34]","[151.0, 10]","[178.34, 44]",150.15,108,1.7,0.0
07:40:00,"[149.0, 20]","[148.0, 40]","[171.62, 34]","[216.29, 34]",160.31,128,22.62,-0.06
07:40:01,"[152.63, 97]","[150.19, 47]","[173.38, 65]","[190.23, 65]",163.01,274,20.76,0.05
07:40:02,"[153.19, 85]","[152.28, 137]","[169.47, 75]","[173.0, 75]",161.33,372,16.28,0.19
07:40:03,"[153.53, 30]","[152.73, 102]","[157.47, 49]","[160.22, 41]",155.5,222,3.94,0.19
07:40:04,"[153.0, 106]","[151.0, 70]","[157.0, 70]","[159.0, 40]",155.0,286,4.0,0.23
07:40:05,"[152.75, 101]","[151.28, 95]","[155.62, 69]","[156.8, 45]",154.19,310,2.87,0.26
07:40:06,"[152.0, 69]","[150.65, 17]","[154.88, 40]","[157.0, 16]",153.44,142,2.88,0.21
07:40:07,"[152.0, 59]","[151.0, 8]","[153.68, 37]","[155.64, 22]",152.84,126,1.68,0.06
07:40:08,"[151.23, 13]","[150.05, 22]","[156.33, 24]","[161.76, 42]",153.78,101,5.1,-0.31
07:40:09,"[151.0, 8]","[150.0, 16]","[157.33, 12]","[160.67, 24]",154.17,60,6.33,-0.2
07:40:10,"[151.44, 9]","[150.29, 14]","[156.22, 9]","[158.0, 18]",153.83,50,4.78,-0.08
07:40:11,"[153.43, 21]","[149.08, 12]","[157.6, 20]","[159.6, 40]",155.51,93,4.17,-0.29
07:40:12,"[156.0, 18]","[150.0, 9]","[160.0, 36]","[195.0, 45]",158.0,108,4.0,-0.5
07:40:13,"[156.0, 6]","[150.0, 3]","[160.0, 12]","[195.0, 15]",158.0,36,4.0,-0.5
07:40:14,"[156.0, 22]","[154.75, 59]","[160.0, 44]","[187.5, 40]",158.0,165,4.0,-0.02
07:40:15,"[156.0, 12]","[154.5, 24]","[160.0, 24]","[171.67, 12]",158.0,72,4.0,0.0
07:40:16,"[155.33, 18]","[150.6, 10]","[160.0, 40]","[205.0, 20]",157.67,88,4.67,-0.36
07:40:17,"[150.0, 9]","[149.0, 9]","[160.0, 36]","[205.0, 18]",155.0,72,10.0,-0.5
07:40:18,"[150.0, 9]","[149.0, 9]","[159.93, 30]","[188.64, 22]",154.97,70,9.93,-0.49
07:40:19,"[150.33, 12]","[149.2, 10]","[159.0, 10]","[160.0, 40]",154.67,72,8.67,-0.39
07:40:20,"[151.06, 17]","[149.55, 11]","[157.36, 11]","[253.88, 34]",154.21,73,6.3,-0.23
07:40:21,"[150.26, 57]","[148.74, 81]","[155.38, 24]","[314.63, 30]",152.82,192,5.11,0.44
07:40:22,"[149.07, 83]","[148.17, 76]","[151.07, 14]","[152.4, 40]",150.07,213,2.0,0.49
07:40:23,"[149.0, 99]","[146.0, 27]","[151.55, 33]","[152.73, 33]",150.27,192,2.55,0.31
07:40:24,"[149.0, 90]","[146.0, 30]","[150.51, 45]","[152.13, 31]",149.76,196,1.51,0.22
07:40:25,"[149.0, 39]","[146.0, 21]","[150.27, 26]","[152.57, 23]",149.63,109,1.27,0.1
07:40:26,"[147.5, 18]","[145.75, 12]","[151.0, 18]","[157.0, 30]",149.25,78,3.5,-0.23
07:40:27,"[146.0, 7]","[137.59, 17]","[151.0, 15]","[155.77, 13]",148.5,52,5.0,-0.08
07:40:28,"[136.97, 31]","[131.36, 25]","[148.0, 18]","[155.14, 29]",142.48,103,11.03,0.09
07:40:29,"[136.0, 70]","[119.38, 42]","[138.89, 36]","[146.5, 24]",137.44,172,2.89,0.3
07:40:30,"[119.0, 35]","[77.28, 53]","[148.33, 45]","[150.4, 43]",133.67,176,29.33,0.0
07:40:31,"[117.78, 51]","[104.94, 17]","[145.73, 55]","[149.0, 33]",131.76,156,27.94,-0.13
07:40:32,"[111.57, 28]","[55.0, 20]","[144.74, 38]","[148.47, 38]",128.15,124,33.17,-0.23
07:40:33,"[110.83, 70]","[102.62, 37]","[148.72, 86]","[174.0, 36]",129.77,229,37.89,-0.07
07:40:34,"[129.27, 44]","[111.5, 32]","[190.18, 39]","[360.0, 22]",159.73,137,60.91,0.11
07:40:35,"[140.38, 16]","[141.69, 49]","[400.62, 16]","[460.5, 16]",270.5,97,260.25,0.34
07:40:36,"[156.0, 10]","[142.49, 43]","[346.8, 20]","[527.75, 32]",251.4,105,190.8,0.01
07:40:37,"[145.3, 20]","[130.75, 24]","[353.22, 23]","[440.9, 40]",249.26,107,207.92,-0.18
07:40:38,"[145.0, 32]","[140.57, 46]","[148.0, 13]","[149.0, 52]",146.5,143,3.0,0.09
07:40:39,"[146.2, 40]","[142.4, 20]","[155.53, 34]","[178.45, 44]",150.86,138,9.33,-0.13
07:40:40,"[150.69, 52]","[145.77, 26]","[164.0, 60]","[229.33, 36]",157.35,174,13.31,-0.1
07:40:41,"[154.0, 86]","[152.0, 110]","[212.56, 32]","[376.5, 30]",183.28,258,58.56,0.52
07:40:42,"[154.0, 70]","[152.0, 295]","[449.94, 50]","[603.78, 45]",301.97,460,295.94,0.59
07:40:43,"[154.85, 52]","[152.61, 109]","[183.61, 46]","[316.41, 39]",169.23,246,28.76,0.31
07:40:44,"[156.0, 24]","[155.0, 12]","[184.0, 48]","[185.0, 36]",170.0,120,28.0,-0.4
07:40:45,"[156.56, 9]","[155.0, 9]","[183.11, 36]","[483.56, 27]",169.83,81,26.56,-0.56
07:40:46,"[157.75, 12]","[155.0, 12]","[183.0, 48]","[483.75, 36]",170.38,108,25.25,-0.56
07:40:47,"[158.0, 11]","[155.0, 11]","[181.76, 34]","[214.35, 34]",169.88,90,23.76,-0.51
07:40:48,"[155.45, 11]","[152.14, 85]","[179.4, 40]","[180.4, 30]",167.43,166,23.95,0.16
07:40:49,"[152.01, 136]","[150.5, 26]","[176.85, 47]","[178.41, 51]",164.43,260,24.84,0.25
07:40:50,"[152.0, 81]","[149.72, 25]","[174.28, 29]","[175.35, 34]",163.14,169,22.28,0.25
07:40:51,"[150.64, 103]","[150.52, 77]","[172.45, 49]","[173.92, 51]",161.54,280,21.81,0.29
07:40:52,"[156.0, 59]","[150.0, 126]","[168.35, 48]","[169.68, 38]",162.18,271,12.35,0.37
07:40:53,"[156.0, 48]","[150.0, 72]","[164.62, 24]","[167.0, 32]",160.31,176,8.62,0.36
07:40:54,"[156.0, 72]","[150.0, 108]","[161.58, 38]","[162.69, 35]",158.79,253,5.58,0.42
07:40:55,"[152.91, 70]","[149.89, 71]","[159.0, 38]","[160.1, 40]",155.96,219,6.09,0.29
07:40:56,"[150.67, 54]","[149.47, 19]","[158.83, 23]","[159.84, 19]",154.75,115,8.16,0.27
07:40:57,"[154.0, 81]","[150.0, 81]","[156.33, 27]","[158.0, 36]",155.17,225,2.33,0.44
07:40:58,"[154.0, 47]","[150.0, 99]","[155.0, 33]","[223.05, 41]",154.5,220,1.0,0.33
07:40:59,"[151.23, 26]","[149.98, 83]","[155.0, 30]","[404.9, 30]",153.12,169,3.77,0.29
07:41:00,"[151.0, 21]","[150.0, 63]","[154.31, 29]","[235.88, 17]",152.66,130,3.31,0.29
07:41:01,"[150.16, 75]","[149.72, 50]","[152.06, 53]","[153.14, 35]",151.11,213,1.9,0.17
07:41:02,"[150.0, 81]","[149.0, 81]","[151.32, 31]","[152.15, 41]",150.66,234,1.32,0.38
07:41:03,"[150.03, 74]","[149.2, 90]","[151.84, 38]","[231.85, 27]",150.93,229,1.82,0.43
07:41:04,"[152.38, 61]","[149.84, 96]","[212.18, 34]","[362.88, 25]",182.28,216,59.8,0.45
07:41:05,"[156.0, 27]","[150.0, 81]","[295.78, 27]","[346.08, 25]",225.89,160,139.78,0.35
07:41:06,"[151.59, 34]","[149.73, 37]","[291.0, 24]","[331.38, 24]",221.29,119,139.41,0.19
07:41:07,"[149.9, 21]","[148.69, 29]","[281.0, 33]","[297.0, 33]",215.45,116,131.1,-0.14
07:41:08,"[149.95, 42]","[148.64, 25]","[213.67, 27]","[250.22, 27]",181.81,121,63.71,0.11
07:41:09,"[150.0, 20]","[149.0, 8]","[207.0, 12]","[208.0, 12]",178.5,52,57.0,0.08
07:41:10,"[150.0, 55]","[149.0, 22]","[206.82, 33]","[208.0, 33]",178.41,143,56.82,0.08
07:41:11,"[150.0, 50]","[149.0, 20]","[205.2, 30]","[281.33, 27]",177.6,127,55.2,0.1
07:41:12,"[152.45, 44]","[149.53, 34]","[175.12, 40]","[231.53, 30]",163.79,148,22.67,0.05
07:41:13,"[156.0, 36]","[151.67, 36]","[168.67, 36]","[269.32, 31]",162.33,139,12.67,0.04
07:41:14,"[153.2, 20]","[150.14, 83]","[166.88, 51]","[209.59, 41]",160.04,195,13.68,0.06
07:41:15,"[152.0, 32]","[150.0, 24]","[165.88, 40]","[168.0, 24]",158.94,120,13.88,-0.07
07:41:16,"[152.0, 30]","[150.04, 25]","[163.0, 45]","[168.0, 27]",157.5,127,11.0,-0.13
07:41:17,"[149.98, 48]","[148.84, 44]","[160.44, 80]","[168.0, 48]",155.21,220,10.46,-0.16
07:41:18,"[155.0, 32]","[149.29, 56]","[158.25, 80]","[160.79, 70]",156.62,238,3.25,-0.26
07:41:19,"[150.6, 25]","[138.31, 42]","[155.93, 59]","[161.02, 48]",153.27,174,5.33,-0.23
07:41:20,"[148.81, 31]","[136.83, 23]","[152.79, 67]","[154.74, 70]",150.8,191,3.98,-0.43
07:41:21,"[148.45, 22]","[112.29, 14]","[179.16, 56]","[206.06, 62]",163.81,154,30.71,-0.53
07:41:22,"[147.91, 33]","[135.0, 24]","[367.15, 41]","[555.59, 44]",257.53,142,219.24,-0.2
07:41:23,"[150.83, 29]","[132.38, 16]","[295.74, 38]","[476.02, 45]",223.28,128,144.91,-0.3
07:41:24,"[154.11, 27]","[148.67, 15]","[458.87, 30]","[661.96, 49]",306.49,121,304.76,-0.31
07:41:25,"[146.89, 81]","[132.55, 11]","[269.36, 22]","[436.13, 30]",208.13,144,122.47,0.28
07:41:26,"[147.0, 32]","[142.0, 4]","[150.0, 8]","[370.0, 16]",148.5,60,3.0,0.2
07:41:27,"[152.33, 98]","[146.32, 37]","[342.5, 32]","[640.05, 41]",247.41,208,190.17,0.3
07:41:28,"[156.0, 75]","[147.0, 40]","[212.76, 17]","[376.0, 18]",184.38,150,56.76,0.53
07:41:29,"[156.0, 60]","[147.0, 32]","[172.0, 16]","[623.0, 12]",164.0,120,16.0,0.53
07:41:30,"[156.0, 90]","[147.0, 48]","[191.29, 21]","[395.95, 21]",173.64,180,35.29,0.53
07:41:31,"[156.0, 63]","[147.0, 40]","[216.29, 17]","[225.67, 18]",186.15,138,60.29,0.49
07:41:32,"[156.0, 165]","[149.05, 43]","[213.53, 59]","[243.09, 54]",184.76,321,57.53,0.3
07:41:33,"[156.0, 99]","[147.12, 65]","[211.33, 36]","[214.0, 36]",183.67,236,55.33,0.39
07:41:34,"[156.0, 66]","[147.0, 48]","[208.67, 24]","[212.33, 24]",182.33,162,52.67,0.41
07:41:35,"[156.0, 99]","[147.0, 72]","[207.0, 36]","[209.0, 36]",181.5,243,51.0,0.41
07:41:36,"[156.0, 110]","[147.0, 80]","[205.7, 40]","[206.7, 40]",180.85,270,49.7,0.41
07:41:37,"[156.0, 98]","[147.78, 45]","[203.4, 40]","[206.0, 40]",179.7,223,47.4,0.28
07:41:38,"[156.0, 48]","[154.0, 6]","[201.33, 24]","[203.33, 24]",178.67,102,45.33,0.06
07:41:39,"[156.0, 64]","[154.0, 8]","[200.25, 32]","[201.5, 32]",178.12,136,44.25,0.06
07:41:40,"[156.0, 98]","[154.0, 13]","[199.0, 52]","[201.0, 52]",177.5,215,43.0,0.03
07:41:41,"[155.53, 59]","[152.1, 20]","[194.82, 49]","[195.72, 58]",175.17,186,39.29,-0.15
07:41:42,"[149.58, 88]","[130.74, 57]","[188.33, 60]","[189.0, 50]",168.96,255,38.75,0.14
07:41:43,"[151.62, 63]","[149.97, 69]","[184.94, 36]","[186.69, 26]",168.28,194,33.33,0.36
07:41:44,"[156.0, 12]","[152.0, 24]","[182.55, 29]","[183.58, 38]",169.28,103,26.55,-0.3
07:41:45,"[156.0, 14]","[151.38, 52]","[177.31, 39]","[178.5, 48]",166.65,153,21.31,-0.14
07:41:46,"[156.0, 13]","[151.1, 98]","[167.88, 42]","[172.19, 42]",161.94,195,11.88,0.14
07:41:47,"[156.85, 39]","[152.76, 37]","[161.8, 40]","[170.86, 42]",159.32,158,4.95,-0.04
07:41:48,"[156.0, 11]","[152.0, 55]","[167.2, 30]","[168.43, 28]",161.6,124,11.2,0.06
07:41:49,"[156.0, 9]","[152.0, 50]","[164.66, 32]","[166.04, 23]",160.33,114,8.66,0.04
07:41:50,"[156.0, 8]","[152.0, 40]","[162.77, 26]","[164.11, 27]",159.38,101,6.77,-0.05
07:41:51,"[152.44, 27]","[151.24, 63]","[161.0, 36]","[162.0, 18]",156.72,144,8.56,0.25
07:41:52,"[153.38, 52]","[151.3, 80]","[159.11, 36]","[159.71, 42]",156.25,210,5.73,0.26
07:41:53,"[153.43, 46]","[150.67, 72]","[156.0, 24]","[255.6, 30]",154.72,172,2.57,0.37
07:41:54,"[152.0, 36]","[150.0, 72]","[154.56, 18]","[357.77, 13]",153.28,139,2.56,0.55
07:41:55,"[152.0, 36]","[150.0, 79]","[153.89, 18]","[154.89, 18]",152.94,151,1.89,0.52
07:41:56,"[152.0, 22]","[150.0, 99]","[153.43, 14]","[308.5, 12]",152.71,147,1.43,0.65
07:41:57,"[152.0, 14]","[150.0, 189]","[154.0, 12]","[538.0, 14]",153.0,229,2.0,0.77
07:41:58,"[151.65, 92]","[149.99, 356]","[385.95, 20]","[565.93, 27]",268.8,495,234.3,0.81
07:41:59,"[154.0, 135]","[150.0, 253]","[475.05, 21]","[682.17, 12]",314.52,421,321.05,0.84
07:42:00,"[154.0, 90]","[150.09, 76]","[258.0, 28]","[347.43, 14]",206.0,208,104.0,0.6
07:42:01,"[154.0, 72]","[150.01, 140]","[236.0, 40]","[238.0, 8]",195.0,260,82.0,0.63
07:42:02,"[154.0, 54]","[150.0, 213]","[227.52, 27]","[234.41, 39]",190.76,333,73.52,0.6
07:42:03,"[150.32, 150]","[149.88, 104]","[215.12, 34]","[242.68, 28]",182.72,316,64.8,0.61
07:42:04,"[150.0, 368]","[149.0, 32]","[195.25, 60]","[258.65, 62]",172.62,522,45.25,0.53
07:42:05,"[150.0, 89]","[149.0, 8]","[179.0, 12]","[211.0, 20]",164.5,129,29.0,0.5
07:42:06,"[150.0, 150]","[149.0, 14]","[176.27, 33]","[177.75, 28]",163.14,225,26.27,0.46
07:42:07,"[150.0, 210]","[149.0, 18]","[173.42, 33]","[175.18, 39]",161.71,300,23.42,0.52
07:42:08,"[150.0, 189]","[149.0, 63]","[168.86, 21]","[170.86, 29]",159.43,302,18.86,0.67
07:42:09,"[150.0, 231]","[149.0, 77]","[165.07, 28]","[164.68, 38]",157.54,374,15.07,0.65
07:42:10,"[150.0, 231]","[149.0, 77]","[160.69, 35]","[162.22, 36]",155.34,379,10.69,0.63
07:42:11,"[151.0, 28]","[149.95, 154]","[158.75, 20]","[159.65, 37]",154.88,239,7.75,0.52
07:42:12,"[154.0, 8]","[150.38, 78]","[156.61, 28]","[157.65, 20]",155.3,134,2.61,0.28
07:42:13,"[152.05, 41]","[150.05, 117]","[153.62, 79]","[158.17, 41]",152.83,278,1.57,0.14
07:42:14,"[152.95, 19]","[150.05, 74]","[165.6, 20]","[222.71, 14]",159.27,127,12.65,0.46
07:42:15,"[151.42, 48]","[149.61, 62]","[202.76, 17]","[241.5, 20]",177.09,147,51.35,0.5
07:42:16,"[154.52, 29]","[150.44, 54]","[185.33, 33]","[202.27, 22]",169.93,138,30.82,0.2
07:42:17,"[155.0, 35]","[154.0, 14]","[182.29, 35]","[187.0, 14]",168.64,98,27.29,0.0
07:42:18,"[155.36, 70]","[154.0, 28]","[181.79, 70]","[230.36, 14]",168.57,182,26.43,0.08
07:42:19,"[156.22, 40]","[154.0, 20]","[181.0, 50]","[318.71, 14]",168.61,124,24.78,-0.03
07:42:20,"[157.58, 36]","[154.0, 24]","[180.17, 60]","[295.17, 24]",168.88,144,22.58,-0.17
07:42:21,"[158.0, 21]","[154.0, 14]","[180.0, 35]","[316.0, 14]",169.0,84,22.0,-0.17
07:42:22,"[155.26, 38]","[153.07, 15]","[179.27, 55]","[316.0, 22]",167.27,130,24.01,-0.18
07:42:23,"[156.0, 36]","[154.0, 18]","[176.53, 43]","[191.47, 30]",166.27,127,20.53,-0.15
07:42:24,"[157.2, 35]","[154.57, 14]","[174.0, 25]","[175.78, 41]",165.6,115,16.8,-0.15
07:42:25,"[158.0, 72]","[156.0, 12]","[173.88, 34]","[175.57, 56]",165.94,174,15.88,-0.03
07:42:26,"[158.0, 48]","[156.0, 12]","[171.89, 54]","[173.74, 57]",164.94,171,13.89,-0.3
07:42:27,"[158.0, 36]","[156.0, 9]","[171.32, 37]","[483.0, 28]",164.66,110,13.32,-0.18
07:42:28,"[152.75, 64]","[151.23, 52]","[171.0, 36]","[324.0, 9]",161.88,161,18.25,0.44
07:42:29,"[152.0, 78]","[150.0, 48]","[164.5, 24]","[178.11, 36]",158.25,186,12.5,0.35
07:42:30,"[152.0, 47]","[150.0, 40]","[159.5, 40]","[160.32, 31]",155.75,158,7.5,0.1
07:42:31,"[152.0, 8]","[150.0, 16]","[157.25, 16]","[158.5, 16]",154.62,56,5.25,-0.14
07:42:32,"[152.0, 14]","[150.0, 28]","[156.14, 28]","[157.14, 28]",154.07,98,4.14,-0.14
07:42:33,"[152.0, 8]","[150.0, 16]","[153.75, 16]","[154.75, 16]",152.88,56,1.75,-0.14
07:42:34,"[150.03, 29]","[149.04, 25]","[152.4, 30]","[153.57, 28]",151.22,112,2.37,-0.04
07:42:35,"[148.28, 25]","[127.19, 26]","[150.0, 36]","[152.0, 6]",149.14,93,1.72,0.1
07:42:36,"[131.0, 6]","[84.15, 62]","[149.19, 21]","[0, 0]",140.1,89,18.19,0.53
07:42:37,"[146.85, 85]","[145.81, 79]","[149.0, 21]","[578.67, 12]",147.92,197,2.15,0.66
07:42:38,"[147.0, 72]","[146.0, 78]","[148.67, 18]","[620.17, 24]",147.83,192,1.67,0.56
07:42:39,"[147.0, 48]","[146.0, 65]","[148.0, 28]","[512.0, 20]",147.5,161,1.0,0.4
07:42:40,"[147.1, 77]","[146.08, 113]","[173.86, 29]","[519.12, 32]",160.48,251,26.76,0.51
07:42:41,"[155.97, 37]","[150.2, 15]","[370.14, 14]","[685.0, 28]",263.06,94,214.17,0.11
07:42:42,"[156.0, 30]","[155.0, 6]","[426.75, 16]","[549.33, 6]",291.38,58,270.75,0.24
07:42:43,"[156.0, 18]","[155.0, 8]","[267.12, 16]","[374.0, 16]",211.56,58,111.12,-0.1
07:42:44,"[156.0, 8]","[155.0, 8]","[218.86, 14]","[232.5, 16]",187.43,46,62.86,-0.3
07:42:45,"[156.0, 5]","[155.0, 5]","[218.0, 5]","[291.8, 10]",187.0,25,62.0,-0.2
07:42:46,"[154.15, 13]","[150.2, 25]","[217.8, 5]","[350.4, 10]",185.98,53,63.65,0.43
07:42:47,"[155.56, 27]","[152.55, 33]","[215.44, 9]","[357.22, 18]",185.5,87,59.89,0.38
07:42:48,"[156.0, 30]","[154.0, 30]","[199.0, 16]","[234.18, 22]",177.5,98,43.0,0.22
07:42:49,"[154.82, 22]","[150.92, 39]","[187.38, 16]","[189.6, 20]",171.1,97,32.56,0.26
07:42:50,"[150.21, 57]","[149.33, 54]","[182.91, 22]","[185.4, 30]",166.56,163,32.7,0.36
07:42:51,"[150.0, 78]","[149.0, 52]","[169.02, 45]","[167.03, 30]",159.51,205,19.02,0.27
07:42:52,"[151.57, 28]","[149.94, 70]","[157.92, 48]","[175.0, 38]",154.74,184,6.35,0.07
07:42:53,"[152.57, 14]","[150.62, 52]","[156.25, 32]","[163.58, 48]",154.41,146,3.68,-0.1
07:42:54,"[150.33, 43]","[149.0, 84]","[153.42, 19]","[157.0, 50]",151.87,196,3.1,0.3
07:42:55,"[150.0, 58]","[148.0, 70]","[151.81, 16]","[153.95, 37]",150.91,181,1.81,0.41
07:42:56,"[148.61, 23]","[147.21, 66]","[153.61, 23]","[265.0, 24]",151.11,136,5.0,0.31
07:42:57,"[148.0, 48]","[147.0, 156]","[152.92, 48]","[200.68, 47]",150.46,299,4.92,0.36
07:42:58,"[148.0, 24]","[147.0, 78]","[152.0, 24]","[164.0, 24]",150.0,150,4.0,0.36
07:42:59,"[148.0, 25]","[147.0, 91]","[151.14, 28]","[313.0, 21]",149.57,165,3.14,0.41
07:43:00,"[148.0, 9]","[147.0, 54]","[177.12, 25]","[356.53, 30]",162.56,118,29.12,0.07
07:43:01,"[148.0, 9]","[147.0, 36]","[407.88, 34]","[599.75, 32]",277.94,111,259.88,-0.19
07:43:02,"[154.78, 65]","[148.7, 20]","[159.0, 36]","[544.07, 30]",156.89,151,4.22,0.13
07:43:03,"[155.0, 80]","[152.0, 10]","[313.26, 38]","[669.5, 32]",234.13,160,158.26,0.12
07:43:04,"[155.0, 110]","[152.0, 12]","[503.03, 58]","[668.28, 43]",329.02,223,348.03,0.09
07:43:05,"[155.0, 50]","[152.0, 6]","[371.33, 24]","[639.0, 24]",263.17,104,216.33,0.08
07:43:06,"[155.0, 16]","[152.0, 5]","[233.68, 19]","[332.25, 16]",194.34,56,78.68,-0.25
07:43:07,"[155.0, 8]","[152.0, 4]","[219.0, 16]","[312.0, 12]",187.0,40,64.0,-0.4
07:43:08,"[155.0, 20]","[152.0, 10]","[217.35, 34]","[219.62, 32]",186.18,96,62.35,-0.38
07:43:09,"[155.0, 17]","[152.0, 9]","[184.78, 36]","[185.53, 30]",169.89,92,29.78,-0.43
07:43:10,"[151.82, 17]","[150.38, 13]","[166.7, 40]","[167.9, 40]",159.26,110,14.88,-0.45
07:43:11,"[150.08, 24]","[148.9, 40]","[161.89, 46]","[163.44, 61]",155.99,171,11.81,-0.25
07:43:12,"[149.33, 12]","[147.66, 32]","[156.6, 30]","[158.56, 36]",152.97,110,7.27,-0.2
07:43:13,"[149.0, 9]","[148.0, 9]","[154.18, 34]","[155.91, 22]",151.59,74,5.18,-0.51
07:43:14,"[148.9, 21]","[147.47, 15]","[151.85, 33]","[153.54, 39]",150.38,108,2.94,-0.33
07:43:15,"[148.0, 11]","[146.0, 22]","[153.58, 26]","[285.71, 24]",150.79,83,5.58,-0.2
07:43:16,"[148.0, 7]","[146.0, 14]","[154.0, 21]","[489.57, 14]",151.0,56,6.0,-0.25
07:43:17,"[149.88, 16]","[146.29, 14]","[152.62, 24]","[296.87, 30]",151.25,84,2.75,-0.29
07:43:18,"[153.4, 30]","[152.13, 15]","[259.2, 30]","[287.8, 20]",206.3,95,105.8,-0.05
07:43:19,"[156.71, 28]","[155.0, 28]","[285.43, 28]","[298.71, 14]",221.07,98,128.71,0.14
07:43:20,"[157.11, 18]","[154.81, 42]","[272.4, 40]","[334.54, 26]",214.76,126,115.29,-0.05
07:43:21,"[155.0, 20]","[151.0, 20]","[213.82, 22]","[439.38, 26]",184.41,88,58.82,-0.09
07:43:22,"[155.71, 28]","[153.22, 18]","[203.27, 22]","[332.33, 12]",179.49,80,47.56,0.15
07:43:23,"[155.94, 33]","[153.12, 32]","[422.28, 36]","[565.77, 31]",289.11,132,266.34,-0.02
07:43:24,"[151.71, 17]","[150.08, 52]","[294.71, 34]","[403.23, 22]",223.21,125,143.0,0.1
07:43:25,"[151.0, 10]","[150.0, 30]","[262.0, 5]","[377.25, 16]",206.5,61,111.0,0.31
07:43:26,"[154.43, 56]","[150.4, 40]","[260.67, 12]","[521.29, 34]",207.55,142,106.24,0.35
07:43:27,"[155.0, 60]","[153.37, 38]","[258.8, 10]","[629.6, 30]",206.9,138,103.8,0.42
07:43:28,"[155.72, 29]","[154.81, 81]","[244.42, 24]","[309.9, 20]",200.07,154,88.69,0.43
07:43:29,"[158.0, 11]","[155.0, 66]","[239.38, 13]","[240.5, 20]",198.69,110,81.38,0.4
07:43:30,"[155.67, 27]","[154.51, 71]","[234.58, 19]","[235.24, 21]",195.12,138,78.91,0.42
07:43:31,"[155.0, 45]","[154.0, 50]","[230.75, 12]","[232.44, 18]",192.88,125,75.75,0.52
07:43:32,"[155.0, 42]","[154.0, 35]","[227.57, 7]","[231.0, 14]",191.29,98,72.57,0.57
07:43:33,"[155.0, 66]","[154.0, 55]","[224.67, 15]","[229.67, 18]",189.83,154,69.67,0.57
07:43:34,"[155.0, 34]","[154.0, 45]","[222.62, 13]","[223.57, 14]",188.81,106,67.62,0.49
07:43:35,"[154.05, 19]","[151.65, 23]","[221.11, 18]","[222.33, 12]",187.58,72,67.06,0.17
07:43:36,"[154.0, 18]","[151.0, 18]","[214.84, 19]","[221.8, 10]",184.42,65,60.84,0.11
07:43:37,"[154.0, 20]","[151.31, 26]","[169.71, 21]","[172.15, 27]",161.86,94,15.71,-0.02
07:43:38,"[152.32, 63]","[151.69, 58]","[160.43, 28]","[163.71, 34]",156.37,183,8.11,0.32
07:43:39,"[153.14, 28]","[151.83, 48]","[156.92, 24]","[158.0, 24]",155.03,124,3.77,0.23
07:43:40,"[152.0, 32]","[151.0, 32]","[155.75, 32]","[158.0, 32]",153.88,128,3.75,0.0
07:43:41,"[152.0, 20]","[151.0, 20]","[154.75, 16]","[156.8, 20]",153.38,76,2.75,0.05
07:43:42,"[151.79, 19]","[150.73, 30]","[153.04, 25]","[155.12, 16]",152.41,90,1.25,0.09
07:43:43,"[151.67, 30]","[150.33, 30]","[153.0, 20]","[158.0, 20]",152.33,100,1.33,0.2
07:43:44,"[152.0, 44]","[151.0, 22]","[157.0, 22]","[387.64, 33]",154.5,121,5.0,0.09
07:43:45,"[153.0, 48]","[150.4, 40]","[156.0, 24]","[342.58, 36]",154.5,148,3.0,0.19
07:43:46,"[154.52, 48]","[151.95, 63]","[418.59, 32]","[544.33, 36]",286.56,179,264.07,0.24
07:43:47,"[157.11, 9]","[155.0, 45]","[230.44, 27]","[542.15, 26]",193.78,107,73.33,0.01
07:43:48,"[158.0, 11]","[155.0, 55]","[199.46, 37]","[346.7, 37]",178.73,140,41.46,-0.06
07:43:49,"[156.4, 15]","[153.52, 69]","[342.52, 46]","[438.2, 54]",249.46,184,186.12,-0.09
07:43:50,"[152.12, 26]","[151.0, 10]","[389.94, 17]","[600.0, 13]",271.03,66,237.83,0.09
07:43:51,"[152.0, 25]","[151.0, 30]","[412.73, 11]","[727.9, 10]",282.36,76,260.73,0.45
07:43:52,"[152.0, 53]","[150.52, 23]","[282.1, 21]","[516.44, 18]",217.05,115,130.1,0.32
07:43:53,"[152.0, 60]","[150.0, 15]","[262.75, 16]","[279.73, 26]",207.38,117,110.75,0.28
07:43:54,"[152.52, 27]","[151.7, 33]","[276.29, 14]","[279.64, 22]",214.4,96,123.77,0.25
07:43:55,"[149.62, 32]","[146.38, 37]","[266.23, 22]","[262.57, 42]",207.93,133,116.6,0.04
07:43:56,"[146.0, 64]","[69.49, 70]","[166.13, 30]","[251.5, 28]",156.07,192,20.13,0.4
07:43:57,"[102.46, 24]","[60.11, 53]","[146.32, 19]","[211.2, 20]",124.39,116,43.86,0.33
07:43:58,"[97.97, 31]","[85.85, 20]","[146.0, 33]","[307.11, 27]",121.98,111,48.03,-0.08
07:43:59,"[124.62, 29]","[98.16, 50]","[163.07, 30]","[295.35, 26]",143.84,135,38.45,0.17
07:44:00,"[135.55, 33]","[133.0, 11]","[293.03, 32]","[384.91, 33]",214.29,109,157.49,-0.19
07:44:01,"[141.77, 13]","[128.06, 17]","[209.33, 9]","[236.2, 25]",175.55,64,67.56,-0.06
07:44:02,"[147.77, 39]","[142.0, 13]","[175.0, 45]","[240.76, 37]",161.38,134,27.23,-0.22
07:44:03,"[152.0, 15]","[144.5, 16]","[173.82, 55]","[288.0, 22]",162.91,108,21.82,-0.43
07:44:04,"[154.0, 15]","[146.53, 30]","[171.63, 57]","[196.42, 57]",162.82,159,17.63,-0.43
07:44:05,"[153.17, 12]","[149.76, 37]","[167.36, 44]","[168.88, 52]",160.27,145,14.2,-0.32
07:44:06,"[152.14, 28]","[150.67, 48]","[164.17, 58]","[165.55, 38]",158.16,172,12.03,-0.12
07:44:07,"[152.38, 32]","[150.2, 40]","[162.83, 60]","[244.89, 27]",157.6,159,10.46,-0.09
07:44:08,"[150.11, 36]","[149.5, 16]","[162.0, 50]","[439.82, 17]",156.06,119,11.89,-0.13
07:44:09,"[150.0, 44]","[149.0, 11]","[159.57, 51]","[166.21, 52]",154.78,158,9.57,-0.3
07:44:10,"[150.0, 48]","[149.0, 12]","[157.0, 12]","[159.0, 60]",153.5,132,7.0,-0.09
07:44:11,"[150.0, 48]","[149.0, 12]","[155.97, 32]","[157.25, 40]",152.98,132,5.97,-0.09
07:44:12,"[150.0, 56]","[149.0, 14]","[152.52, 58]","[154.19, 62]",151.26,190,2.52,-0.26
07:44:13,"[150.0, 39]","[149.0, 9]","[151.89, 45]","[153.78, 45]",150.94,138,1.89,-0.3
07:44:14,"[148.73, 30]","[147.19, 42]","[150.92, 65]","[327.03, 38]",149.83,175,2.19,-0.18
07:44:15,"[148.0, 16]","[147.0, 32]","[150.0, 40]","[294.0, 8]",149.0,96,2.0,0.0
07:44:16,"[147.91, 22]","[137.87, 46]","[149.0, 60]","[237.82, 45]",148.45,173,1.09,-0.21
07:44:17,"[99.83, 48]","[55.06, 96]","[144.6, 20]","[204.38, 39]",122.22,203,44.77,0.42
07:44:18,"[134.5, 8]","[99.5, 32]","[141.0, 8]","[144.71, 17]",137.75,65,6.5,0.23
07:44:19,"[122.32, 19]","[78.84, 25]","[141.0, 11]","[142.55, 29]",131.66,84,18.68,0.05
07:44:20,"[101.5, 24]","[80.88, 8]","[142.5, 8]","[145.0, 24]",122.0,64,41.0,0.0
07:44:21,"[84.25, 36]","[63.58, 12]","[144.0, 10]","[148.0, 30]",114.12,88,59.75,0.09
07:44:22,"[102.64, 66]","[87.4, 45]","[173.2, 15]","[244.66, 29]",137.92,155,70.56,0.43
07:44:23,"[155.53, 34]","[116.6, 60]","[184.4, 40]","[367.23, 44]",169.96,178,28.87,0.06
07:44:24,"[155.21, 19]","[125.84, 37]","[181.86, 28]","[376.0, 35]",168.53,119,26.65,-0.06
07:44:25,"[155.0, 27]","[150.61, 23]","[180.0, 36]","[223.88, 33]",167.5,119,25.0,-0.16
07:44:26,"[155.62, 16]","[154.71, 21]","[179.14, 28]","[441.38, 29]",167.38,94,23.52,-0.21
07:44:27,"[154.68, 25]","[152.0, 27]","[179.0, 44]","[408.13, 39]",166.84,135,24.32,-0.23
07:44:28,"[154.0, 10]","[149.0, 10]","[179.0, 20]","[386.78, 18]",166.5,58,25.0,-0.31
07:44:29,"[154.0, 6]","[149.0, 6]","[179.0, 12]","[211.0, 6]",166.5,30,25.0,-0.2
07:44:30,"[154.0, 18]","[152.0, 18]","[177.52, 31]","[187.43, 28]",165.76,95,23.52,-0.24
07:44:31,"[154.0, 14]","[152.0, 22]","[174.09, 33]","[178.0, 44]",164.05,113,20.09,-0.36
07:44:32,"[154.2, 15]","[152.08, 25]","[170.76, 38]","[171.49, 39]",162.48,117,16.56,-0.32
07:44:33,"[155.89, 56]","[154.94, 32]","[166.62, 16]","[167.95, 42]",161.26,146,10.73,0.21
07:44:34,"[156.41, 44]","[155.54, 39]","[163.66, 29]","[164.72, 29]",160.03,141,7.25,0.18
07:44:35,"[158.0, 26]","[156.0, 39]","[160.02, 41]","[162.12, 50]",159.01,156,2.02,-0.17
07:44:36,"[156.1, 20]","[154.15, 13]","[158.55, 20]","[160.87, 15]",157.32,68,2.45,-0.03
07:44:37,"[152.59, 17]","[151.22, 46]","[155.55, 11]","[157.64, 11]",154.07,85,2.96,0.48
07:44:38,"[151.8, 20]","[150.35, 62]","[153.18, 17]","[154.53, 17]",152.49,116,1.38,0.41
07:44:39,"[150.2, 15]","[149.33, 18]","[153.0, 9]","[154.0, 9]",151.6,51,2.8,0.29
07:44:40,"[150.09, 22]","[149.17, 24]","[152.0, 12]","[268.69, 32]",151.05,90,1.91,0.02
07:44:41,"[150.0, 20]","[149.0, 20]","[151.9, 10]","[318.6, 30]",150.95,80,1.9,0.0
07:44:42,"[150.0, 18]","[149.0, 18]","[151.0, 9]","[257.0, 27]",150.5,72,1.0,0.0
07:44:43,"[150.0, 10]","[149.0, 20]","[242.91, 22]","[333.62, 26]",196.45,78,92.91,-0.23
07:44:44,"[150.0, 12]","[149.0, 24]","[177.61, 18]","[207.2, 30]",163.81,84,27.61,-0.14
07:44:45,"[151.85, 26]","[150.0, 13]","[166.53, 19]","[190.21, 33]",159.19,91,14.68,-0.14
07:44:46,"[153.27, 33]","[150.75, 24]","[166.0, 48]","[314.55, 40]",159.64,145,12.73,-0.21
07:44:47,"[156.0, 24]","[149.69, 13]","[165.25, 24]","[413.5, 22]",160.62,83,9.25,-0.11
07:44:48,"[156.0, 24]","[149.12, 16]","[164.25, 24]","[307.5, 24]",160.12,88,8.25,-0.09
07:44:49,"[156.0, 24]","[150.0, 21]","[163.0, 24]","[178.0, 8]",159.5,77,7.0,0.17
07:44:50,"[152.35, 23]","[149.35, 31]","[163.0, 15]","[449.91, 11]",157.67,80,10.65,0.35
07:44:51,"[151.04, 77]","[149.9, 96]","[162.64, 42]","[353.25, 28]",156.84,243,11.6,0.42
07:44:52,"[151.76, 34]","[149.96, 50]","[161.0, 24]","[317.25, 16]",156.38,124,9.24,0.35
07:44:53,"[150.0, 62]","[148.0, 10]","[160.12, 32]","[184.93, 28]",155.06,132,10.12,0.09
07:44:54,"[150.0, 36]","[148.0, 6]","[158.54, 28]","[159.45, 20]",154.27,90,8.54,-0.07
07:44:55,"[150.0, 72]","[148.0, 12]","[156.42, 60]","[158.0, 36]",153.21,180,6.42,-0.07
07:44:56,"[150.0, 30]","[148.0, 9]","[154.44, 45]","[158.0, 27]",152.22,111,4.44,-0.3
07:44:57,"[148.5, 8]","[147.08, 13]","[154.0, 20]","[158.0, 21]",151.25,62,5.5,-0.32
07:44:58,"[134.41, 29]","[111.1, 93]","[152.74, 31]","[156.07, 29]",143.58,182,18.33,0.34
07:44:59,"[148.0, 22]","[120.71, 66]","[152.0, 28]","[154.0, 22]",150.0,138,4.0,0.28
07:45:00,"[148.0, 22]","[113.4, 52]","[149.91, 22]","[152.55, 22]",148.95,118,1.91,0.25
07:45:01,"[137.63, 54]","[122.68, 110]","[148.29, 48]","[175.22, 36]",142.96,248,10.66,0.32
07:45:02,"[113.67, 45]","[73.94, 47]","[146.7, 37]","[167.81, 31]",130.18,160,33.04,0.15
07:45:03,"[88.53, 19]","[77.29, 21]","[147.0, 31]","[192.57, 21]",117.76,92,58.47,-0.13
07:45:04,"[91.92, 60]","[84.73, 56]","[146.8, 79]","[230.17, 60]",119.36,255,54.88,-0.09
07:45:05,"[97.07, 76]","[96.31, 80]","[213.71, 28]","[346.17, 60]",155.39,244,116.65,0.28
07:45:06,"[100.94, 99]","[99.47, 79]","[143.0, 24]","[301.47, 59]",121.97,261,42.06,0.36
07:45:07,"[112.68, 59]","[110.05, 95]","[142.67, 15]","[144.9, 21]",127.67,190,29.99,0.62
07:45:08,"[115.29, 73]","[112.37, 109]","[142.0, 25]","[144.74, 23]",128.64,230,26.71,0.58
07:45:09,"[136.12, 80]","[120.04, 69]","[319.46, 65]","[440.32, 56]",227.79,270,183.34,0.1
07:45:10,"[158.0, 35]","[157.0, 28]","[268.0, 35]","[269.0, 35]",213.0,133,110.0,-0.05
07:45:11,"[159.0, 35]","[157.0, 28]","[250.09, 23]","[268.43, 35]",204.54,121,91.09,0.04
07:45:12,"[159.0, 24]","[157.0, 20]","[173.0, 10]","[268.0, 25]",166.0,79,14.0,0.11
07:45:13,"[159.0, 44]","[157.0, 44]","[171.55, 55]","[289.45, 22]",165.27,165,12.55,0.07
07:45:14,"[159.0, 39]","[157.0, 40]","[170.4, 50]","[289.5, 20]",164.7,149,11.4,0.06
07:45:15,"[159.0, 21]","[157.0, 28]","[169.69, 32]","[264.82, 17]",164.34,98,10.69,0.0
07:45:16,"[159.0, 21]","[157.0, 28]","[169.0, 35]","[363.14, 14]",164.0,98,10.0,0.0
07:45:17,"[159.0, 15]","[157.0, 20]","[168.8, 25]","[275.0, 10]",163.9,70,9.8,0.0
07:45:18,"[158.0, 12]","[156.44, 18]","[168.0, 20]","[364.0, 8]",163.0,58,10.0,0.03
07:45:19,"[157.0, 18]","[156.0, 30]","[168.0, 30]","[475.38, 21]",162.5,99,11.0,-0.03
07:45:20,"[157.0, 27]","[156.0, 45]","[167.44, 45]","[410.92, 24]",162.22,141,10.44,0.02
07:45:21,"[157.0, 21]","[156.0, 35]","[166.11, 27]","[230.5, 20]",161.56,103,9.11,0.09
07:45:22,"[157.0, 30]","[156.0, 50]","[164.17, 30]","[165.83, 30]",160.58,140,7.17,0.14
07:45:23,"[156.53, 43]","[155.75, 60]","[163.79, 70]","[165.0, 14]",160.16,187,7.25,0.1
07:45:24,"[155.93, 40]","[154.46, 41]","[161.93, 15]","[163.04, 51]",158.93,147,6.01,0.1
07:45:25,"[156.07, 45]","[155.07, 45]","[160.53, 15]","[304.7, 56]",158.3,161,4.47,0.12
07:45:26,"[155.79, 42]","[153.77, 82]","[157.5, 20]","[536.36, 58]",156.64,202,1.71,0.23
07:45:27,"[153.12, 102]","[152.63, 54]","[156.64, 14]","[491.56, 43]",154.88,213,3.53,0.46
07:45:28,"[152.5, 60]","[150.87, 15]","[155.79, 14]","[242.43, 28]",154.14,117,3.29,0.28
07:45:29,"[153.0, 44]","[150.59, 17]","[154.73, 11]","[261.52, 27]",153.86,99,1.73,0.23
07:45:30,"[156.39, 59]","[150.67, 45]","[217.62, 34]","[270.47, 49]",187.0,187,61.23,0.11
07:45:31,"[157.0, 70]","[153.0, 14]","[217.2, 30]","[470.44, 55]",187.1,169,60.2,-0.01
07:45:32,"[157.0, 40]","[153.0, 8]","[199.95, 19]","[354.67, 21]",178.47,88,42.95,0.09
07:45:33,"[157.0, 21]","[153.0, 13]","[226.0, 26]","[510.65, 51]",191.5,111,69.0,-0.39
07:45:34,"[156.18, 11]","[153.84, 25]","[225.91, 22]","[502.28, 43]",191.05,101,69.73,-0.29
07:45:35,"[154.0, 11]","[153.0, 11]","[207.19, 32]","[220.68, 25]",180.59,79,53.19,-0.44
07:45:36,"[154.0, 10]","[153.0, 10]","[156.0, 30]","[212.5, 24]",155.0,74,2.0,-0.46
07:45:37,"[154.0, 5]","[153.0, 5]","[155.0, 15]","[177.23, 13]",154.5,38,1.0,-0.47
07:45:38,"[150.97, 29]","[149.57, 35]","[215.17, 23]","[378.33, 24]",183.07,111,64.21,0.15
07:45:39,"[150.11, 92]","[149.15, 137]","[224.0, 22]","[302.56, 27]",187.05,278,73.89,0.65
07:45:40,"[150.0, 60]","[149.0, 78]","[224.0, 12]","[532.75, 16]",187.0,166,74.0,0.66
07:45:41,"[150.39, 46]","[149.54, 112]","[224.0, 20]","[404.43, 28]",187.2,206,73.61,0.53
07:45:42,"[153.0, 5]","[150.0, 50]","[223.0, 10]","[224.0, 10]",188.0,75,70.0,0.47
07:45:43,"[153.0, 12]","[150.0, 120]","[222.83, 24]","[223.83, 24]",187.92,180,69.83,0.47
07:45:44,"[153.0, 9]","[150.0, 90]","[220.33, 18]","[221.33, 18]",186.67,135,67.33,0.47
07:45:45,"[153.0, 16]","[150.61, 38]","[205.43, 28]","[214.15, 26]",179.21,108,52.43,0.0
07:45:46,"[153.0, 21]","[152.0, 60]","[194.58, 24]","[267.26, 19]",173.79,124,41.58,0.31
07:45:47,"[152.71, 42]","[151.32, 62]","[189.82, 17]","[220.3, 20]",171.27,141,37.11,0.48
07:45:48,"[150.17, 36]","[149.48, 125]","[152.22, 18]","[159.36, 11]",151.19,190,2.06,0.69
07:45:49,"[149.45, 71]","[148.95, 133]","[153.05, 19]","[333.09, 23]",151.25,246,3.6,0.66
07:45:50,"[149.0, 156]","[147.0, 12]","[225.52, 23]","[428.47, 19]",187.26,210,76.52,0.6
07:45:51,"[149.0, 130]","[147.0, 10]","[369.8, 25]","[613.0, 20]",259.4,185,220.8,0.51
07:45:52,"[149.0, 130]","[147.0, 10]","[264.2, 30]","[309.0, 27]",206.6,197,115.2,0.42
07:45:53,"[149.0, 156]","[147.0, 12]","[349.06, 47]","[354.86, 35]",249.03,250,200.06,0.34
07:45:54,"[154.07, 71]","[148.94, 67]","[294.33, 24]","[323.0, 20]",224.2,182,140.26,0.52
07:45:55,"[157.0, 58]","[149.0, 91]","[272.5, 24]","[372.52, 25]",214.75,198,115.5,0.51
07:45:56,"[155.31, 26]","[149.35, 114]","[262.96, 47]","[361.85, 34]",209.13,221,107.65,0.27
07:45:57,"[155.24, 17]","[153.24, 25]","[182.43, 56]","[275.49, 39]",168.83,137,27.19,-0.39
07:45:58,"[153.0, 13]","[150.0, 65]","[181.08, 52]","[371.69, 39]",167.04,169,28.08,-0.08
07:45:59,"[153.0, 10]","[151.58, 71]","[180.8, 40]","[363.0, 40]",166.9,161,27.8,0.01
07:46:00,"[154.24, 34]","[151.22, 86]","[179.8, 60]","[356.46, 52]",167.02,232,25.56,0.03
07:46:01,"[156.0, 18]","[155.0, 63]","[179.0, 27]","[180.0, 36]",167.5,144,23.0,0.12
07:46:02,"[156.0, 16]","[155.0, 56]","[179.0, 24]","[180.0, 32]",167.5,128,23.0,0.12
07:46:03,"[155.65, 43]","[154.94, 101]","[176.28, 53]","[202.62, 61]",165.97,258,20.63,0.12
07:46:04,"[155.0, 60]","[153.0, 12]","[176.87, 30]","[178.07, 54]",165.93,156,21.87,-0.08
07:46:05,"[154.54, 13]","[150.6, 30]","[171.2, 20]","[177.79, 39]",162.87,102,16.66,-0.16
07:46:06,"[154.88, 16]","[151.96, 23]","[159.16, 45]","[166.09, 44]",157.02,128,4.28,-0.39
07:46:07,"[150.29, 92]","[149.29, 84]","[154.24, 41]","[156.0, 40]",152.27,257,3.95,0.37
07:46:08,"[149.26, 50]","[148.48, 31]","[151.27, 11]","[152.75, 16]",150.27,108,2.01,0.5
07:46:09,"[150.0, 49]","[149.0, 26]","[151.0, 16]","[152.97, 29]",150.5,120,1.0,0.25
07:46:10,"[150.0, 58]","[149.0, 20]","[152.22, 36]","[166.4, 40]",151.11,154,2.22,0.01
07:46:11,"[149.91, 44]","[148.33, 24]","[153.5, 48]","[173.73, 44]",151.7,160,3.59,-0.15
07:46:12,"[155.75, 57]","[148.92, 25]","[230.86, 44]","[388.75, 32]",193.31,158,75.11,0.04
07:46:13,"[156.0, 35]","[150.58, 19]","[324.31, 26]","[385.29, 17]",240.15,97,168.31,0.11
07:46:14,"[156.0, 65]","[149.0, 26]","[396.1, 42]","[472.89, 36]",276.05,169,240.1,0.08
07:46:15,"[156.0, 55]","[149.0, 22]","[288.82, 22]","[420.0, 32]",222.41,131,132.82,0.18
07:46:16,"[156.0, 47]","[149.0, 14]","[322.43, 28]","[557.88, 16]",239.21,105,166.43,0.16
07:46:17,"[156.0, 88]","[150.56, 9]","[338.92, 26]","[498.0, 21]",247.46,144,182.92,0.35
07:46:18,"[156.0, 127]","[151.0, 12]","[351.5, 32]","[487.62, 26]",253.75,197,195.5,0.41
07:46:19,"[156.0, 9]","[151.0, 9]","[363.33, 36]","[482.33, 18]",259.67,72,207.33,-0.5
07:46:20,"[153.38, 8]","[149.88, 8]","[470.0, 16]","[507.0, 16]",311.69,48,316.62,-0.33
07:46:21,"[149.74, 19]","[148.29, 7]","[273.67, 18]","[558.86, 14]",211.7,58,123.93,-0.1
07:46:22,"[150.61, 66]","[149.79, 39]","[326.33, 24]","[469.71, 21]",238.47,150,175.73,0.4
07:46:23,"[151.68, 77]","[151.25, 36]","[255.0, 24]","[463.0, 12]",203.34,149,103.32,0.52
07:46:24,"[153.24, 58]","[151.6, 30]","[394.26, 19]","[499.29, 17]",273.75,124,241.02,0.42
07:46:25,"[151.57, 21]","[149.86, 14]","[153.65, 62]","[206.03, 32]",152.61,129,2.07,-0.46
07:46:26,"[150.8, 10]","[148.2, 20]","[152.68, 22]","[165.73, 41]",151.74,93,1.88,-0.35
07:46:27,"[147.76, 34]","[140.6, 40]","[152.88, 40]","[240.0, 16]",150.32,130,5.11,0.14
07:46:28,"[148.0, 72]","[146.06, 96]","[150.4, 68]","[333.0, 65]",149.2,301,2.4,0.12
07:46:29,"[146.0, 78]","[94.38, 52]","[245.03, 29]","[434.93, 15]",195.52,174,99.03,0.49
07:46:30,"[149.06, 35]","[142.3, 54]","[255.7, 10]","[409.1, 10]",202.38,109,106.64,0.63
07:46:31,"[150.0, 24]","[146.16, 38]","[197.45, 11]","[349.5, 8]",173.73,81,47.45,0.53
07:46:32,"[146.0, 60]","[93.86, 42]","[177.75, 24]","[194.17, 12]",161.88,138,31.75,0.48
07:46:33,"[146.0, 60]","[93.29, 42]","[176.0, 24]","[236.67, 18]",161.0,144,30.0,0.42
07:46:34,"[150.57, 35]","[125.57, 37]","[174.25, 16]","[216.0, 16]",162.41,104,23.68,0.38
07:46:35,"[154.0, 38]","[146.0, 70]","[173.07, 28]","[221.19, 27]",163.54,163,19.07,0.33
07:46:36,"[148.13, 30]","[123.96, 55]","[170.95, 37]","[183.68, 28]",159.54,150,22.81,0.13
07:46:37,"[146.0, 30]","[131.2, 50]","[166.85, 33]","[168.29, 42]",156.42,155,20.85,0.03
07:46:38,"[141.53, 123]","[136.79, 131]","[164.0, 26]","[168.0, 39]",152.76,319,22.47,0.59
07:46:39,"[146.92, 37]","[142.63, 147]","[161.47, 34]","[162.63, 41]",154.19,259,14.55,0.42
07:46:40,"[148.45, 88]","[120.0, 56]","[159.24, 29]","[160.32, 37]",153.85,210,10.79,0.37
07:46:41,"[154.0, 12]","[147.42, 48]","[156.75, 16]","[159.4, 20]",155.38,96,2.75,0.25
07:46:42,"[151.73, 11]","[147.04, 101]","[153.9, 29]","[175.88, 25]",152.81,166,2.17,0.35
07:46:43,"[150.41, 34]","[147.3, 66]","[370.26, 31]","[510.29, 34]",260.33,165,219.85,0.21
07:46:44,"[152.4, 30]","[150.5, 18]","[200.78, 40]","[266.41, 32]",176.59,120,48.38,-0.2
07:46:45,"[156.0, 12]","[154.64, 25]","[197.92, 12]","[201.0, 60]",176.96,109,41.92,-0.32
07:46:46,"[156.0, 9]","[155.0, 18]","[196.0, 9]","[238.88, 17]",176.0,53,40.0,0.02
07:46:47,"[156.0, 13]","[155.0, 26]","[223.14, 21]","[583.36, 39]",189.57,99,67.14,-0.21
07:46:48,"[157.42, 12]","[155.14, 14]","[206.17, 29]","[207.32, 31]",181.79,86,48.76,-0.4
07:46:49,"[154.0, 8]","[152.0, 24]","[202.44, 18]","[204.18, 22]",178.22,72,48.44,-0.11
07:46:50,"[154.12, 16]","[152.05, 43]","[199.42, 33]","[201.64, 42]",176.77,134,45.3,-0.12
07:46:51,"[155.0, 30]","[154.0, 15]","[161.38, 48]","[169.37, 38]",158.19,131,6.38,-0.31
07:46:52,"[151.97, 36]","[151.43, 23]","[155.39, 44]","[156.62, 69]",153.68,172,3.41,-0.31
07:46:53,"[151.0, 66]","[150.0, 11]","[153.09, 22]","[156.0, 55]",152.05,154,2.09,0.0
07:46:54,"[150.89, 19]","[149.78, 9]","[152.0, 18]","[165.47, 17]",151.45,63,1.11,-0.11
07:46:55,"[148.14, 14]","[147.01, 144]","[151.0, 28]","[182.73, 44]",149.57,230,2.86,0.37
07:46:56,"[147.36, 22]","[145.35, 92]","[149.9, 20]","[151.0, 20]",148.63,154,2.54,0.48
07:46:57,"[147.04, 47]","[130.36, 50]","[160.0, 15]","[237.23, 26]",153.52,138,12.96,0.41
07:46:58,"[149.0, 13]","[147.11, 28]","[245.5, 12]","[301.86, 36]",197.25,89,96.5,-0.08
07:46:59,"[149.0, 16]","[147.0, 40]","[298.0, 40]","[322.2, 15]",223.5,111,149.0,0.01
07:47:00,"[149.0, 28]","[147.0, 70]","[307.53, 59]","[390.27, 44]",228.26,201,158.53,-0.02
07:47:01,"[147.26, 46]","[125.84, 31]","[201.2, 20]","[267.14, 29]",174.23,126,53.94,0.22
07:47:02,"[144.06, 34]","[98.56, 27]","[247.75, 16]","[305.86, 14]",195.9,91,103.69,0.34
07:47:03,"[144.4, 40]","[85.5, 24]","[249.46, 24]","[334.41, 17]",196.93,105,105.06,0.22
07:47:04,"[147.0, 21]","[69.86, 14]","[294.43, 21]","[361.2, 15]",220.71,71,147.43,-0.01
07:47:05,"[102.6, 20]","[54.71, 28]","[189.0, 24]","[320.25, 24]",145.8,96,86.4,0.0
07:47:06,"[149.53, 34]","[148.75, 40]","[299.8, 30]","[323.4, 30]",224.66,134,150.27,0.1
07:47:07,"[107.0, 8]","[13.0, 24]","[179.25, 12]","[350.25, 12]",143.12,56,72.25,0.14
07:47:08,"[102.5, 28]","[38.38, 32]","[291.12, 24]","[505.33, 24]",196.81,108,188.62,0.11
07:47:09,"[124.5, 60]","[67.92, 24]","[142.0, 24]","[144.0, 12]",133.25,120,17.5,0.4
07:47:10,"[84.0, 14]","[30.32, 38]","[142.0, 14]","[144.0, 7]",113.0,73,58.0,0.42
07:47:11,"[127.78, 49]","[94.22, 37]","[297.67, 39]","[386.93, 28]",212.72,153,169.89,0.12
07:47:12,"[152.0, 8]","[148.19, 31]","[484.0, 12]","[517.71, 14]",318.0,65,332.0,0.2
07:47:13,"[149.0, 14]","[148.0, 35]","[376.92, 24]","[495.5, 20]",262.96,93,227.92,0.05
07:47:14,"[155.84, 90]","[148.83, 29]","[194.15, 52]","[456.19, 32]",175.0,203,38.31,0.17
07:47:15,"[156.0, 60]","[149.0, 20]","[219.0, 50]","[316.21, 28]",187.5,158,63.0,0.01
07:47:16,"[156.0, 30]","[152.0, 25]","[219.0, 25]","[277.0, 10]",187.5,90,63.0,0.22
07:47:17,"[156.0, 60]","[152.0, 50]","[216.06, 47]","[347.5, 42]",186.03,199,60.06,0.11
07:47:18,"[156.0, 102]","[153.82, 127]","[163.23, 79]","[178.25, 40]",159.61,348,7.23,0.32
07:47:19,"[156.0, 39]","[155.0, 99]","[161.0, 35]","[161.97, 33]",158.5,206,5.0,0.34
07:47:20,"[156.0, 7]","[155.0, 77]","[160.0, 21]","[161.0, 35]",158.0,140,4.0,0.2
07:47:21,"[155.02, 65]","[152.65, 51]","[158.9, 31]","[159.88, 41]",156.96,188,3.89,0.23
07:47:22,"[155.0, 80]","[152.0, 50]","[157.5, 30]","[159.0, 50]",156.25,210,2.5,0.24
07:47:23,"[155.0, 120]","[152.0, 75]","[156.3, 60]","[158.05, 57]",155.65,312,1.3,0.25
07:47:24,"[155.0, 42]","[152.0, 40]","[156.52, 29]","[205.53, 34]",155.76,145,1.52,0.13
07:47:25,"[155.0, 60]","[152.0, 67]","[165.68, 38]","[228.68, 57]",160.34,222,10.68,0.14
07:47:26,"[152.0, 30]","[151.0, 18]","[385.0, 12]","[659.17, 12]",268.5,72,233.0,0.33
07:47:27,"[150.76, 21]","[148.7, 37]","[548.33, 18]","[663.22, 18]",349.55,94,397.57,0.23
07:47:28,"[148.0, 8]","[147.0, 28]","[414.5, 8]","[767.0, 8]",281.25,52,266.5,0.38
07:47:29,"[148.0, 14]","[147.0, 49]","[298.82, 11]","[433.71, 14]",223.41,88,150.82,0.43
07:47:30,"[112.1, 31]","[97.83, 64]","[284.25, 8]","[286.0, 16]",198.17,119,172.15,0.6
07:47:31,"[112.45, 51]","[89.09, 97]","[280.0, 13]","[458.31, 26]",196.23,187,167.55,0.58
07:47:32,"[154.0, 10]","[149.0, 10]","[276.5, 10]","[483.38, 13]",215.25,43,122.5,-0.07
07:47:33,"[154.0, 10]","[151.47, 34]","[245.17, 18]","[249.5, 14]",199.58,76,91.17,0.16
07:47:34,"[154.0, 12]","[151.96, 78]","[243.17, 12]","[245.0, 12]",198.58,114,89.17,0.58
07:47:35,"[136.07, 54]","[115.97, 146]","[188.04, 24]","[198.79, 28]",162.06,252,51.97,0.59
07:47:36,"[136.46, 65]","[93.25, 114]","[180.8, 10]","[181.8, 10]",158.63,199,44.34,0.8
07:47:37,"[133.52, 71]","[123.79, 215]","[151.64, 39]","[196.0, 45]",142.58,370,18.12,0.55
07:47:38,"[140.0, 28]","[52.75, 198]","[158.19, 32]","[235.57, 44]",149.09,302,18.19,0.5
07:47:39,"[140.15, 80]","[115.2, 87]","[307.74, 23]","[319.72, 43]",223.94,233,167.59,0.43
07:47:40,"[150.13, 15]","[127.93, 28]","[419.56, 45]","[648.68, 38]",284.84,126,269.42,-0.32
07:47:41,"[156.0, 13]","[152.0, 26]","[513.58, 38]","[633.69, 51]",334.79,128,357.58,-0.39
07:47:42,"[156.0, 9]","[152.0, 18]","[311.22, 27]","[352.0, 21]",233.61,75,155.22,-0.28
07:47:43,"[100.13, 39]","[84.58, 120]","[246.59, 37]","[254.31, 13]",173.36,209,146.47,0.52
07:47:44,"[86.14, 65]","[81.65, 103]","[159.71, 24]","[217.79, 28]",122.92,220,73.57,0.53
07:47:45,"[122.87, 45]","[109.48, 52]","[168.23, 61]","[208.89, 57]",145.55,215,45.36,-0.1
07:47:46,"[147.29, 28]","[61.12, 32]","[240.93, 29]","[358.12, 32]",194.11,121,93.65,-0.01
07:47:47,"[151.11, 61]","[146.41, 51]","[216.52, 50]","[225.63, 38]",183.82,200,65.41,0.12
07:47:48,"[152.0, 6]","[151.0, 36]","[159.1, 21]","[159.45, 22]",155.55,85,7.1,-0.01
07:47:49,"[152.8, 10]","[151.0, 60]","[155.06, 34]","[156.32, 25]",153.93,129,2.26,0.09
07:47:50,"[151.07, 56]","[150.4, 30]","[153.95, 39]","[154.71, 14]",152.51,139,2.88,0.24
07:47:51,"[151.0, 33]","[150.0, 12]","[152.44, 16]","[226.0, 14]",151.72,75,1.44,0.2
07:47:52,"[151.0, 25]","[150.0, 10]","[242.6, 15]","[268.77, 13]",196.8,63,91.6,0.11
07:47:53,"[150.0, 16]","[149.0, 106]","[259.29, 14]","[268.38, 24]",204.64,160,109.29,0.53
07:47:54,"[149.25, 20]","[148.73, 33]","[215.62, 8]","[243.5, 6]",182.44,67,66.38,0.58
07:47:55,"[149.0, 30]","[148.0, 18]","[214.5, 18]","[216.0, 6]",181.75,72,65.5,0.33
07:47:56,"[149.0, 35]","[148.0, 21]","[214.0, 21]","[257.71, 7]",181.5,84,65.0,0.33
07:47:57,"[149.0, 30]","[148.0, 18]","[175.67, 18]","[232.38, 16]",162.33,82,26.67,0.17
07:47:58,"[149.0, 35]","[148.0, 21]","[190.86, 21]","[233.0, 21]",169.93,98,41.86,0.14
07:47:59,"[149.0, 45]","[148.0, 27]","[213.78, 27]","[255.44, 27]",181.39,126,64.78,0.14
07:48:00,"[149.86, 35]","[148.58, 43]","[212.36, 33]","[402.09, 33]",181.11,144,62.51,0.08
07:48:01,"[155.18, 11]","[149.26, 47]","[189.65, 37]","[452.63, 41]",172.42,136,34.47,-0.15
07:48:02,"[151.66, 35]","[149.13, 45]","[193.81, 27]","[209.56, 27]",172.74,134,42.16,0.19
07:48:03,"[152.43, 14]","[148.58, 43]","[205.91, 33]","[325.63, 43]",179.17,133,53.48,-0.14
07:48:04,"[152.16, 19]","[148.12, 24]","[204.0, 30]","[299.78, 18]",178.08,91,51.84,-0.05
07:48:05,"[151.12, 24]","[147.62, 24]","[202.79, 19]","[292.21, 33]",176.96,100,51.66,-0.04
07:48:06,"[147.78, 54]","[135.38, 64]","[192.9, 20]","[199.59, 34]",170.34,172,45.12,0.37
07:48:07,"[148.65, 107]","[148.05, 111]","[168.65, 43]","[177.74, 19]",158.65,280,20.0,0.56
07:48:08,"[150.81, 63]","[149.31, 52]","[165.11, 18]","[166.16, 38]",157.96,171,14.3,0.35
07:48:09,"[153.04, 45]","[151.86, 37]","[164.0, 8]","[166.0, 24]",158.52,114,10.96,0.44
07:48:10,"[157.79, 28]","[156.0, 56]","[160.83, 24]","[165.22, 32]",159.31,140,3.05,0.2
07:48:11,"[154.33, 36]","[152.72, 65]","[159.56, 48]","[161.0, 16]",156.95,165,5.23,0.22
07:48:12,"[151.6, 30]","[148.16, 150]","[158.86, 28]","[159.8, 20]",155.23,228,7.26,0.58
07:48:13,"[150.0, 10]","[148.0, 181]","[157.0, 14]","[158.0, 26]",153.5,231,7.0,0.65
07:48:14,"[150.0, 12]","[148.0, 208]","[155.0, 12]","[157.0, 36]",152.5,268,5.0,0.64
07:48:15,"[148.12, 80]","[147.81, 108]","[152.1, 20]","[193.35, 20]",150.11,228,3.97,0.65
07:48:16,"[148.0, 105]","[147.0, 28]","[152.12, 17]","[200.45, 11]",150.06,161,4.12,0.65
07:48:17,"[148.0, 202]","[147.0, 64]","[152.3, 30]","[217.32, 34]",150.15,330,4.3,0.61
07:48:18,"[148.0, 132]","[147.0, 44]","[152.18, 11]","[248.18, 22]",150.09,209,4.18,0.68
07:48:19,"[148.0, 84]","[126.64, 44]","[205.5, 8]","[493.79, 19]",176.75,155,57.5,0.65
07:48:20,"[155.01, 145]","[150.05, 118]","[438.67, 33]","[605.38, 32]",296.84,328,283.65,0.6
07:48:21,"[156.0, 10]","[155.0, 130]","[561.5, 18]","[619.68, 25]",358.75,183,405.5,0.53
07:48:22,"[155.17, 29]","[153.11, 89]","[573.0, 7]","[577.0, 14]",364.09,139,417.83,0.7
07:48:23,"[155.0, 124]","[148.0, 132]","[243.9, 20]","[329.64, 22]",199.45,298,88.9,0.72
07:48:24,"[155.0, 150]","[153.25, 96]","[299.61, 23]","[383.33, 36]",227.3,305,144.61,0.61
07:48:25,"[156.0, 39]","[155.0, 130]","[293.05, 20]","[300.86, 28]",224.53,217,137.05,0.56
07:48:26,"[155.04, 112]","[154.12, 82]","[267.43, 28]","[288.75, 16]",211.23,238,112.39,0.63
07:48:27,"[155.0, 72]","[154.0, 48]","[193.1, 20]","[194.17, 23]",174.05,163,38.1,0.47
07:48:28,"[155.0, 90]","[154.0, 60]","[187.78, 37]","[192.39, 23]",171.39,210,32.78,0.43
07:48:29,"[155.0, 112]","[154.0, 84]","[188.23, 39]","[189.1, 31]",171.62,266,33.23,0.47
07:48:30,"[155.0, 68]","[154.0, 72]","[184.88, 25]","[185.94, 35]",169.94,200,29.88,0.4
07:48:31,"[155.0, 48]","[154.0, 72]","[181.77, 31]","[182.66, 29]",168.39,180,26.77,0.33
07:48:32,"[155.0, 48]","[154.0, 72]","[177.12, 34]","[178.23, 26]",166.06,180,22.12,0.33
07:48:33,"[155.33, 24]","[154.57, 56]","[174.35, 26]","[175.44, 32]",164.84,138,19.01,0.16
07:48:34,"[156.0, 10]","[155.0, 40]","[170.33, 24]","[171.56, 18]",163.17,92,14.33,0.09
07:48:35,"[154.8, 40]","[153.56, 90]","[167.26, 39]","[168.45, 55]",161.03,224,12.46,0.16
07:48:36,"[155.0, 15]","[154.0, 90]","[160.64, 22]","[161.61, 31]",157.82,158,5.64,0.33
07:48:37,"[153.32, 37]","[151.95, 78]","[156.89, 18]","[161.11, 27]",155.11,160,3.56,0.44
07:48:38,"[150.38, 16]","[149.0, 80]","[154.68, 22]","[155.5, 18]",152.53,136,4.31,0.41
07:48:39,"[148.88, 43]","[148.58, 98]","[151.79, 42]","[152.92, 38]",150.33,221,2.9,0.28
07:48:40,"[148.01, 68]","[146.44, 25]","[149.64, 33]","[219.2, 20]",148.83,146,1.62,0.27
07:48:41,"[147.95, 61]","[144.93, 15]","[149.0, 20]","[170.0, 48]",148.48,144,1.05,0.06
07:48:42,"[147.6, 15]","[144.5, 12]","[167.26, 23]","[203.11, 37]",157.43,87,19.66,-0.38
07:48:43,"[148.8, 50]","[146.85, 13]","[219.0, 45]","[361.11, 36]",183.9,144,70.2,-0.12
07:48:44,"[149.42, 120]","[148.0, 24]","[218.84, 51]","[357.72, 54]",184.13,249,69.43,0.16
07:48:45,"[150.0, 100]","[148.0, 20]","[218.16, 32]","[325.67, 45]",184.08,197,68.16,0.22
07:48:46,"[150.0, 64]","[148.0, 14]","[216.14, 21]","[382.48, 33]",183.07,132,66.14,0.18
07:48:47,"[150.0, 40]","[148.0, 10]","[214.6, 15]","[358.0, 25]",182.3,90,64.6,0.11
07:48:48,"[150.0, 62]","[148.0, 18]","[213.33, 27]","[424.0, 45]",181.67,152,63.33,0.05
07:48:49,"[150.68, 19]","[149.67, 36]","[212.85, 39]","[311.57, 56]",181.77,150,62.16,-0.27
07:48:50,"[152.0, 11]","[150.0, 33]","[211.45, 33]","[341.45, 44]",181.73,121,59.45,-0.27
07:48:51,"[152.0, 13]","[150.0, 41]","[209.18, 49]","[249.71, 42]",180.59,145,57.18,-0.26
07:48:52,"[155.76, 34]","[151.75, 32]","[205.74, 68]","[207.0, 58]",180.75,192,49.97,-0.31
07:48:53,"[156.0, 26]","[153.2, 20]","[200.41, 41]","[201.36, 50]",178.21,137,44.41,-0.33
07:48:54,"[156.18, 34]","[154.55, 20]","[197.18, 68]","[199.0, 51]",176.68,173,41.0,-0.38
07:48:55,"[152.07, 43]","[152.0, 25]","[167.75, 48]","[187.23, 43]",159.91,159,15.68,-0.14
