Time,Bid1,Bid2,Ask1,Ask2,Mid-Price,Total_volume,Bid_ask_spread,Order_imbalance
07:30:00,"[0, 0]","[0, 0]","[0, 0]","[0, 0]",0.0,0,0.0,0.0
07:30:01,"[0, 0]","[0, 0]","[109.0, 4]","[0, 0]",54.5,4,109.0,-1.0
07:30:03,"[43.0, 12]","[0, 0]","[109.0, 16]","[0, 0]",76.0,28,66.0,-0.14
07:30:04,"[54.57, 7]","[53.14, 7]","[109.0, 16]","[0, 0]",81.79,30,54.43,-0.07
07:30:05,"[99.6, 5]","[90.25, 8]","[109.0, 4]","[0, 0]",104.3,17,9.4,0.53
07:30:06,"[94.5, 2]","[70.0, 4]","[0, 0]","[0, 0]",47.25,6,-94.5,1.0
07:30:07,"[95.0, 2]","[63.6, 5]","[0, 0]","[0, 0]",47.5,7,-95.0,1.0
07:30:08,"[101.6, 10]","[95.14, 7]","[104.0, 3]","[0, 0]",102.8,20,2.4,0.7
07:30:09,"[96.07, 15]","[95.17, 12]","[103.14, 35]","[189.4, 15]",99.6,77,7.08,-0.3
07:30:10,"[97.33, 6]","[91.8, 15]","[103.0, 24]","[104.0, 6]",100.17,51,5.67,-0.18
07:30:11,"[99.08, 12]","[95.12, 16]","[102.5, 18]","[104.0, 6]",100.79,52,3.42,0.08
07:30:12,"[96.52, 33]","[88.29, 21]","[101.75, 16]","[190.55, 11]",99.13,81,5.23,0.33
07:30:13,"[86.5, 14]","[81.41, 17]","[103.0, 22]","[104.0, 11]",94.75,64,16.5,-0.03
07:30:14,"[90.75, 8]","[89.54, 13]","[103.0, 14]","[104.0, 7]",96.88,42,12.25,0.0
07:30:15,"[95.83, 18]","[94.95, 37]","[372.08, 37]","[505.5, 34]",233.96,126,276.25,-0.13
07:30:16,"[100.81, 26]","[99.55, 29]","[126.55, 22]","[128.66, 29]",113.68,106,25.74,0.04
07:30:17,"[106.0, 44]","[104.31, 29]","[118.12, 24]","[125.66, 44]",112.06,141,12.12,0.04
07:30:18,"[107.2, 55]","[105.24, 42]","[119.93, 61]","[123.98, 54]",113.57,212,12.73,-0.08
07:30:19,"[108.38, 16]","[107.0, 10]","[119.5, 20]","[122.61, 46]",113.94,92,11.12,-0.43
07:30:20,"[109.17, 48]","[108.34, 76]","[117.97, 40]","[119.01, 70]",113.57,234,8.81,0.06
07:30:21,"[109.0, 24]","[107.95, 38]","[116.0, 20]","[116.71, 14]",112.5,96,7.0,0.29
07:30:22,"[109.0, 24]","[106.75, 8]","[114.75, 16]","[116.0, 16]",111.88,64,5.75,0.0
07:30:23,"[109.0, 33]","[107.0, 11]","[111.62, 34]","[113.39, 31]",110.31,109,2.62,-0.19
07:30:24,"[109.0, 26]","[107.0, 12]","[110.0, 51]","[113.07, 29]",109.5,118,1.0,-0.36
07:30:25,"[108.4, 10]","[106.37, 19]","[111.96, 23]","[162.4, 30]",110.18,82,3.56,-0.29
07:30:26,"[107.0, 15]","[106.0, 60]","[114.6, 30]","[209.48, 50]",110.8,155,7.6,-0.03
07:30:27,"[107.0, 9]","[106.0, 36]","[111.75, 24]","[112.79, 29]",109.38,98,4.75,-0.08
07:30:28,"[107.0, 12]","[106.0, 48]","[109.42, 12]","[111.0, 48]",108.21,120,2.42,0.0
07:30:29,"[106.0, 36]","[96.0, 24]","[108.8, 15]","[111.04, 46]",107.4,121,2.8,-0.01
07:30:30,"[106.95, 41]","[105.08, 40]","[110.87, 46]","[151.17, 30]",108.91,157,3.92,0.03
07:30:31,"[107.6, 15]","[106.22, 27]","[111.78, 18]","[112.64, 11]",109.69,71,4.18,0.18
07:30:32,"[106.3, 30]","[103.27, 99]","[109.27, 15]","[112.0, 24]",107.78,168,2.97,0.54
07:30:33,"[103.03, 86]","[100.77, 31]","[109.65, 17]","[142.51, 35]",106.34,169,6.61,0.38
07:30:34,"[100.0, 28]","[98.0, 42]","[108.29, 41]","[141.59, 44]",104.15,155,8.29,-0.1
07:30:35,"[100.0, 28]","[98.0, 42]","[103.36, 33]","[106.0, 51]",101.68,154,3.36,-0.09
07:30:36,"[98.0, 39]","[96.0, 26]","[100.73, 48]","[102.33, 24]",99.36,137,2.73,-0.05
07:30:37,"[96.0, 22]","[66.04, 84]","[98.27, 11]","[100.0, 44]",97.14,161,2.27,0.32
07:30:38,"[96.0, 28]","[29.45, 60]","[102.16, 25]","[165.81, 31]",99.08,144,6.16,0.22
07:30:39,"[96.0, 14]","[27.5, 6]","[104.0, 14]","[378.64, 33]",100.0,67,8.0,-0.4
07:30:40,"[96.0, 22]","[66.93, 29]","[100.2, 30]","[104.18, 68]",98.1,149,4.2,-0.32
07:30:41,"[96.11, 18]","[69.65, 34]","[102.42, 38]","[104.31, 51]",99.27,141,6.31,-0.26
07:30:42,"[95.2, 10]","[63.44, 18]","[103.82, 22]","[104.46, 26]",99.51,76,8.62,-0.26
07:30:43,"[98.12, 16]","[72.89, 18]","[104.0, 32]","[105.0, 32]",101.06,98,5.88,-0.31
07:30:44,"[100.0, 6]","[96.0, 6]","[104.0, 6]","[105.0, 12]",102.0,30,4.0,-0.2
07:30:45,"[100.0, 8]","[96.0, 8]","[104.0, 8]","[105.0, 16]",102.0,40,4.0,-0.2
07:30:46,"[100.0, 14]","[96.0, 14]","[104.0, 14]","[105.0, 28]",102.0,70,4.0,-0.2
07:30:47,"[96.36, 22]","[46.0, 12]","[102.36, 22]","[103.72, 32]",99.36,88,6.0,-0.23
07:30:48,"[96.0, 16]","[72.38, 16]","[98.0, 8]","[100.0, 24]",97.0,64,2.0,0.0
07:30:49,"[44.67, 18]","[19.0, 6]","[97.54, 13]","[99.83, 23]",71.1,60,52.87,-0.2
07:30:50,"[19.0, 8]","[0, 0]","[98.0, 4]","[100.0, 12]",58.5,24,79.0,-0.33
07:30:51,"[26.71, 14]","[0, 0]","[96.43, 7]","[98.8, 10]",61.57,31,69.71,-0.1
07:30:52,"[73.0, 12]","[0, 0]","[96.0, 6]","[98.0, 6]",84.5,24,23.0,0.0
07:30:53,"[62.0, 4]","[0, 0]","[99.43, 7]","[100.88, 25]",80.71,36,37.43,-0.78
07:30:54,"[1.0, 18]","[0, 0]","[100.94, 17]","[103.53, 38]",50.97,73,99.94,-0.51
07:30:55,"[41.71, 21]","[42.25, 16]","[101.0, 18]","[104.0, 36]",71.36,91,59.29,-0.19
07:30:56,"[101.25, 53]","[99.54, 52]","[103.4, 30]","[104.33, 18]",102.32,153,2.15,0.37
07:30:57,"[102.13, 31]","[101.33, 54]","[104.0, 20]","[105.0, 5]",103.06,110,1.87,0.55
07:30:58,"[102.21, 53]","[101.21, 87]","[105.21, 29]","[149.77, 35]",103.71,204,3.0,0.37
07:30:59,"[104.82, 17]","[102.41, 44]","[118.26, 38]","[204.66, 41]",111.54,140,13.44,-0.13
07:31:00,"[107.5, 16]","[105.93, 29]","[163.25, 12]","[389.6, 30]",135.38,87,55.75,0.03
07:31:01,"[106.4, 20]","[101.34, 58]","[126.6, 10]","[161.23, 13]",116.5,101,20.2,0.54
07:31:02,"[109.0, 27]","[108.51, 41]","[125.2, 10]","[236.0, 40]",117.1,118,16.2,0.15
07:31:03,"[111.18, 33]","[109.98, 50]","[124.0, 11]","[236.0, 44]",117.59,138,12.82,0.2
07:31:04,"[112.0, 46]","[111.0, 36]","[121.75, 12]","[236.0, 48]",116.88,142,9.75,0.15
07:31:05,"[112.38, 39]","[111.0, 39]","[120.31, 13]","[230.42, 31]",116.35,122,7.92,0.28
07:31:06,"[111.6, 10]","[110.05, 66]","[120.0, 8]","[381.73, 11]",115.8,95,8.4,0.6
07:31:07,"[111.0, 11]","[108.31, 59]","[119.36, 11]","[292.4, 30]",115.18,111,8.36,0.26
07:31:08,"[110.6, 10]","[108.16, 38]","[119.0, 10]","[280.62, 21]",114.8,79,8.4,0.22
07:31:09,"[110.0, 6]","[108.0, 30]","[119.0, 6]","[207.0, 24]",114.5,66,9.0,0.09
07:31:10,"[108.44, 9]","[106.59, 34]","[119.0, 9]","[207.0, 36]",113.72,88,10.56,-0.02
07:31:11,"[108.0, 12]","[106.0, 36]","[118.17, 12]","[240.74, 27]",113.08,87,10.17,0.1
07:31:12,"[93.41, 17]","[82.69, 29]","[116.82, 11]","[336.0, 22]",105.11,79,23.41,0.16
07:31:13,"[88.15, 26]","[51.01, 87]","[115.15, 13]","[306.21, 19]",101.65,145,27.0,0.56
07:31:14,"[110.61, 122]","[96.31, 35]","[112.52, 23]","[239.87, 23]",111.56,203,1.92,0.55
07:31:15,"[109.64, 66]","[78.57, 84]","[112.0, 16]","[231.0, 20]",110.82,186,2.36,0.61
07:31:16,"[106.09, 45]","[92.61, 138]","[111.23, 13]","[225.92, 26]",108.66,222,5.14,0.65
07:31:17,"[99.54, 52]","[90.73, 98]","[122.88, 16]","[191.07, 15]",111.21,181,23.34,0.66
07:31:18,"[102.77, 13]","[79.89, 125]","[221.31, 26]","[315.62, 26]",162.04,190,118.54,0.45
07:31:19,"[110.86, 28]","[110.83, 48]","[230.5, 24]","[333.56, 18]",170.68,118,119.64,0.29
07:31:20,"[110.0, 60]","[106.0, 9]","[224.75, 32]","[230.0, 26]",167.38,127,114.75,0.09
07:31:21,"[114.75, 32]","[110.5, 24]","[228.1, 40]","[230.0, 30]",171.43,126,113.35,-0.11
07:31:22,"[115.74, 38]","[110.41, 44]","[225.38, 39]","[226.74, 38]",170.56,159,109.65,0.03
07:31:23,"[110.35, 31]","[109.43, 167]","[222.65, 43]","[223.58, 48]",166.5,289,112.3,0.37
07:31:24,"[110.0, 140]","[106.0, 168]","[184.11, 46]","[212.26, 38]",147.05,392,74.11,0.57
07:31:25,"[110.0, 110]","[106.0, 132]","[168.54, 26]","[170.5, 40]",139.27,308,58.54,0.57
07:31:26,"[110.58, 83]","[107.29, 124]","[165.91, 22]","[168.0, 44]",138.24,273,55.33,0.52
07:31:27,"[110.0, 90]","[106.11, 114]","[151.3, 23]","[167.47, 34]",130.65,261,41.3,0.56
07:31:28,"[110.0, 93]","[106.0, 144]","[126.57, 42]","[128.12, 34]",118.29,313,16.57,0.51
07:31:29,"[110.0, 35]","[106.0, 110]","[122.9, 40]","[124.62, 26]",116.45,211,12.9,0.37
07:31:30,"[106.08, 146]","[79.09, 160]","[118.36, 44]","[120.3, 40]",112.22,390,12.28,0.57
07:31:31,"[106.0, 106]","[87.67, 63]","[114.86, 28]","[117.22, 18]",110.43,215,8.86,0.57
07:31:32,"[106.24, 164]","[95.17, 96]","[112.0, 32]","[113.27, 44]",109.12,336,5.76,0.55
07:31:33,"[106.23, 173]","[88.88, 113]","[108.94, 34]","[109.91, 44]",107.59,364,2.71,0.57
07:31:34,"[106.0, 164]","[105.0, 65]","[199.21, 39]","[282.0, 31]",152.6,299,93.21,0.53
07:31:35,"[110.0, 11]","[106.0, 70]","[419.0, 21]","[471.0, 21]",264.5,123,309.0,0.32
07:31:36,"[110.0, 7]","[106.0, 70]","[451.36, 14]","[585.6, 15]",280.68,106,341.36,0.45
07:31:37,"[107.37, 35]","[105.17, 94]","[177.0, 33]","[451.93, 15]",142.19,177,69.63,0.46
07:31:38,"[108.0, 50]","[106.0, 90]","[175.0, 26]","[176.11, 27]",141.5,193,67.0,0.45
07:31:39,"[108.58, 24]","[107.32, 53]","[164.89, 27]","[169.26, 19]",136.74,123,56.31,0.25
07:31:40,"[109.5, 24]","[108.0, 60]","[156.18, 33]","[165.59, 29]",132.84,146,46.68,0.15
07:31:41,"[108.44, 54]","[106.94, 90]","[151.13, 31]","[154.43, 28]",129.79,203,42.68,0.42
07:31:42,"[108.47, 32]","[106.44, 81]","[148.91, 33]","[152.76, 29]",128.69,175,40.44,0.29
07:31:43,"[111.21, 86]","[106.56, 94]","[145.73, 22]","[161.0, 26]",128.47,228,34.52,0.58
07:31:44,"[113.09, 86]","[108.48, 86]","[151.75, 28]","[152.89, 27]",132.42,227,38.66,0.52
07:31:45,"[116.0, 48]","[113.0, 24]","[150.38, 16]","[151.47, 19]",133.19,107,34.38,0.35
07:31:46,"[116.0, 48]","[113.0, 24]","[148.32, 19]","[149.41, 17]",132.16,108,32.32,0.33
07:31:47,"[116.0, 48]","[113.0, 24]","[143.27, 22]","[144.47, 17]",129.64,111,27.27,0.3
07:31:48,"[116.0, 72]","[113.0, 36]","[142.61, 31]","[143.48, 29]",129.31,168,26.61,0.29
07:31:49,"[116.0, 20]","[113.0, 30]","[139.68, 25]","[142.2, 25]",127.84,100,23.68,0.0
07:31:50,"[116.0, 18]","[113.0, 27]","[136.46, 26]","[138.79, 19]",126.23,90,20.46,0.0
07:31:51,"[114.27, 33]","[111.27, 49]","[132.27, 45]","[133.56, 43]",123.27,170,17.99,-0.04
07:31:52,"[111.0, 108]","[106.0, 58]","[126.15, 26]","[128.03, 30]",118.58,222,15.15,0.5
07:31:53,"[111.0, 90]","[106.0, 60]","[121.08, 26]","[122.18, 22]",116.04,198,10.08,0.52
07:31:54,"[111.5, 60]","[109.21, 84]","[119.0, 33]","[120.0, 22]",115.25,199,7.5,0.45
07:31:55,"[113.0, 48]","[111.0, 108]","[116.9, 30]","[118.2, 30]",114.95,216,3.9,0.44
07:31:56,"[113.0, 50]","[111.0, 126]","[114.33, 55]","[116.44, 36]",113.66,267,1.33,0.32
07:31:57,"[111.08, 78]","[110.27, 99]","[114.64, 42]","[119.0, 27]",112.86,246,3.57,0.44
07:31:58,"[111.0, 62]","[110.0, 80]","[113.36, 36]","[115.27, 30]",112.18,208,2.36,0.37
07:31:59,"[110.0, 88]","[107.0, 44]","[120.09, 22]","[234.9, 31]",115.05,185,10.09,0.43
07:32:00,"[110.0, 100]","[107.0, 52]","[116.85, 26]","[118.31, 26]",113.42,204,6.85,0.49
07:32:01,"[110.58, 52]","[109.37, 57]","[114.38, 16]","[116.25, 16]",112.48,141,3.8,0.55
07:32:02,"[110.35, 102]","[109.04, 113]","[112.44, 39]","[122.25, 32]",111.39,286,2.08,0.5
07:32:03,"[110.0, 94]","[108.0, 72]","[111.0, 66]","[145.67, 18]",110.5,250,1.0,0.33
07:32:04,"[108.77, 26]","[107.4, 70]","[262.13, 23]","[425.46, 28]",185.45,147,153.36,0.31
07:32:05,"[107.4, 30]","[106.08, 49]","[129.33, 18]","[206.8, 15]",118.37,112,21.93,0.41
07:32:06,"[108.0, 42]","[107.0, 14]","[114.0, 14]","[180.43, 7]",111.0,77,6.0,0.45
07:32:07,"[109.08, 26]","[107.91, 46]","[132.27, 15]","[205.0, 9]",120.67,96,23.19,0.5
07:32:08,"[113.0, 27]","[110.0, 26]","[233.24, 21]","[413.17, 24]",173.12,98,120.24,0.08
07:32:09,"[113.0, 33]","[110.0, 66]","[229.39, 38]","[231.0, 39]",171.2,176,116.39,0.12
07:32:10,"[112.36, 39]","[110.19, 73]","[227.25, 48]","[229.0, 36]",169.8,196,114.89,0.14
07:32:11,"[112.0, 40]","[110.0, 96]","[203.0, 32]","[221.86, 28]",157.5,196,91.0,0.39
07:32:12,"[112.0, 65]","[110.0, 234]","[192.89, 44]","[199.67, 49]",152.44,392,80.89,0.53
07:32:13,"[112.0, 60]","[110.0, 96]","[187.28, 36]","[190.02, 45]",149.64,237,75.28,0.32
07:32:14,"[112.0, 60]","[110.0, 72]","[117.61, 38]","[127.73, 22]",114.8,192,5.61,0.38
07:32:15,"[112.0, 25]","[110.0, 30]","[117.0, 20]","[118.0, 15]",114.5,90,5.0,0.22
07:32:16,"[112.0, 40]","[110.0, 48]","[116.36, 28]","[117.43, 28]",114.18,144,4.36,0.22
07:32:17,"[111.8, 41]","[109.8, 60]","[114.0, 32]","[173.69, 35]",112.9,168,2.2,0.2
07:32:18,"[109.09, 66]","[107.82, 66]","[112.8, 45]","[341.28, 46]",110.95,223,3.71,0.18
07:32:19,"[108.0, 50]","[107.0, 20]","[109.9, 30]","[417.24, 34]",108.95,134,1.9,0.04
07:32:20,"[108.65, 52]","[107.25, 24]","[238.17, 12]","[433.77, 52]",173.41,140,129.51,0.09
07:32:21,"[112.5, 80]","[108.91, 88]","[426.83, 60]","[487.0, 18]",269.67,246,314.33,0.37
07:32:22,"[116.0, 40]","[109.0, 80]","[314.19, 32]","[405.32, 28]",215.09,180,198.19,0.33
07:32:23,"[113.17, 47]","[108.62, 42]","[209.88, 52]","[284.45, 40]",161.53,181,96.71,-0.02
07:32:24,"[116.0, 42]","[111.33, 36]","[225.96, 28]","[357.52, 52]",170.98,158,109.96,-0.01
07:32:25,"[111.3, 54]","[109.65, 34]","[288.47, 17]","[361.52, 29]",199.88,134,177.17,0.31
07:32:26,"[110.0, 20]","[108.0, 18]","[278.78, 9]","[358.0, 9]",194.39,56,168.78,0.36
07:32:27,"[110.0, 12]","[108.0, 24]","[168.67, 12]","[179.0, 12]",139.33,60,58.67,0.2
07:32:28,"[110.58, 12]","[108.67, 18]","[167.83, 12]","[170.0, 12]",139.21,54,57.25,0.11
07:32:29,"[112.95, 21]","[111.82, 11]","[166.64, 11]","[248.63, 38]",139.79,81,53.68,-0.21
07:32:30,"[113.0, 16]","[112.0, 8]","[165.75, 8]","[246.31, 26]",139.38,58,52.75,-0.17
07:32:31,"[113.0, 31]","[112.0, 13]","[163.54, 13]","[165.23, 13]",138.27,70,50.54,0.26
07:32:32,"[109.2, 20]","[107.4, 20]","[163.0, 8]","[165.0, 8]",136.1,56,53.8,0.43
07:32:33,"[111.27, 44]","[107.5, 24]","[162.7, 10]","[164.4, 10]",136.99,88,51.43,0.55
07:32:34,"[108.6, 40]","[106.19, 74]","[160.75, 12]","[162.5, 12]",134.68,138,52.15,0.65
07:32:35,"[107.0, 45]","[106.0, 120]","[159.2, 15]","[160.2, 15]",133.1,195,52.2,0.69
07:32:36,"[107.0, 30]","[106.0, 80]","[157.79, 34]","[158.0, 18]",132.4,162,50.79,0.36
07:32:37,"[107.83, 54]","[106.65, 69]","[122.14, 58]","[139.31, 42]",114.99,223,14.3,0.1
07:32:38,"[108.28, 25]","[107.54, 39]","[113.41, 17]","[114.73, 41]",110.85,122,5.13,0.05
07:32:39,"[108.36, 14]","[107.68, 22]","[110.25, 8]","[114.25, 20]",109.3,64,1.89,0.12
07:32:40,"[107.26, 43]","[104.36, 165]","[109.77, 44]","[128.73, 55]",108.51,307,2.52,0.36
07:32:41,"[106.03, 125]","[92.56, 57]","[114.32, 31]","[153.98, 43]",110.18,256,8.29,0.42
07:32:42,"[106.0, 98]","[85.0, 84]","[112.71, 31]","[114.4, 25]",109.35,238,6.71,0.53
07:32:43,"[106.54, 74]","[99.94, 94]","[110.53, 36]","[112.57, 28]",108.53,232,3.99,0.45
07:32:44,"[106.79, 63]","[98.13, 119]","[109.0, 21]","[144.74, 31]",107.9,234,2.21,0.56
07:32:45,"[106.0, 246]","[91.08, 144]","[108.55, 31]","[234.67, 36]",107.27,457,2.55,0.71
07:32:46,"[106.0, 97]","[100.48, 73]","[270.5, 20]","[378.57, 23]",188.25,213,164.5,0.6
07:32:47,"[106.0, 77]","[77.57, 42]","[360.88, 16]","[553.37, 19]",233.44,154,254.88,0.55
07:32:48,"[106.0, 50]","[88.0, 5]","[290.0, 10]","[637.0, 3]",198.0,68,184.0,0.62
07:32:49,"[108.67, 18]","[105.75, 73]","[270.05, 42]","[528.5, 16]",189.36,149,161.38,0.22
07:32:50,"[110.0, 6]","[106.0, 36]","[506.0, 12]","[599.67, 24]",308.0,78,396.0,0.08
07:32:51,"[111.0, 99]","[110.0, 21]","[190.8, 30]","[553.57, 28]",150.9,178,79.8,0.35
07:32:52,"[111.44, 48]","[110.0, 66]","[262.77, 13]","[626.91, 22]",187.1,149,151.33,0.53
07:32:53,"[112.0, 36]","[110.0, 66]","[308.0, 12]","[559.33, 24]",210.0,138,196.0,0.48
07:32:54,"[112.0, 72]","[110.0, 132]","[150.51, 35]","[245.8, 40]",131.26,279,38.51,0.46
07:32:55,"[111.47, 75]","[109.55, 124]","[120.58, 36]","[124.5, 36]",116.03,271,9.12,0.47
07:32:56,"[110.0, 111]","[106.0, 77]","[119.18, 33]","[162.71, 28]",114.59,249,9.18,0.51
07:32:57,"[110.98, 61]","[108.13, 60]","[118.0, 24]","[236.0, 16]",114.49,161,7.02,0.5
07:32:58,"[113.0, 81]","[110.0, 104]","[117.85, 39]","[271.56, 36]",115.42,260,4.85,0.42
07:32:59,"[115.5, 54]","[112.55, 53]","[117.0, 18]","[316.29, 21]",116.25,146,1.5,0.47
07:33:00,"[116.0, 63]","[113.0, 90]","[404.09, 32]","[592.73, 30]",260.05,215,288.09,0.42
07:33:01,"[116.0, 24]","[113.0, 54]","[191.0, 6]","[394.45, 20]",153.5,104,75.0,0.5
07:33:02,"[113.0, 63]","[110.0, 72]","[188.5, 12]","[291.7, 20]",150.75,167,75.5,0.62
07:33:03,"[113.0, 63]","[110.0, 72]","[189.8, 10]","[465.68, 22]",151.4,167,76.8,0.62
07:33:04,"[113.0, 58]","[110.0, 80]","[188.8, 10]","[509.47, 49]",150.9,197,75.8,0.4
07:33:05,"[113.0, 31]","[110.0, 88]","[240.76, 50]","[406.0, 53]",176.88,222,127.76,0.07
07:33:06,"[113.0, 18]","[110.0, 72]","[190.12, 41]","[210.17, 41]",151.56,172,77.12,0.05
07:33:07,"[113.0, 14]","[109.95, 42]","[205.74, 23]","[207.0, 33]",159.37,112,92.74,0.0
07:33:08,"[109.5, 14]","[106.7, 43]","[203.6, 43]","[205.17, 29]",156.55,129,94.1,-0.12
07:33:09,"[107.67, 18]","[106.26, 92]","[197.58, 33]","[198.56, 34]",152.62,177,89.91,0.24
07:33:10,"[110.0, 57]","[107.0, 36]","[191.5, 30]","[192.4, 30]",150.75,153,81.5,0.22
07:33:11,"[110.0, 24]","[107.0, 36]","[182.63, 38]","[189.23, 52]",146.32,150,72.63,-0.2
07:33:12,"[110.0, 34]","[107.0, 33]","[120.89, 47]","[142.19, 27]",115.45,141,10.89,-0.05
07:33:13,"[111.0, 10]","[110.0, 60]","[114.88, 43]","[115.97, 35]",112.94,148,3.88,-0.05
07:33:14,"[110.04, 54]","[108.77, 52]","[111.58, 73]","[187.98, 47]",110.81,226,1.54,-0.06
07:33:15,"[107.74, 19]","[106.21, 86]","[110.0, 10]","[130.93, 40]",108.87,155,2.26,0.35
07:33:16,"[107.71, 51]","[106.17, 103]","[353.0, 25]","[408.56, 39]",230.35,218,245.29,0.41
07:33:17,"[108.9, 30]","[106.02, 183]","[249.9, 50]","[560.24, 34]",179.4,297,141.0,0.43
07:33:18,"[110.0, 24]","[106.0, 145]","[196.17, 24]","[480.0, 20]",153.08,213,86.17,0.59
07:33:19,"[106.24, 51]","[101.3, 23]","[381.2, 10]","[474.8, 10]",243.72,94,274.96,0.57
07:33:20,"[106.0, 186]","[81.52, 27]","[274.59, 17]","[381.05, 38]",190.29,268,168.59,0.59
07:33:21,"[113.27, 55]","[103.52, 82]","[206.67, 9]","[357.5, 24]",159.97,170,93.39,0.61
07:33:22,"[116.0, 40]","[106.0, 75]","[232.4, 25]","[347.43, 21]",174.2,161,116.4,0.43
07:33:23,"[116.0, 96]","[106.0, 180]","[229.92, 51]","[263.62, 50]",172.96,377,113.92,0.46
07:33:24,"[116.0, 72]","[106.71, 51]","[237.0, 36]","[262.46, 24]",176.5,183,121.0,0.34
07:33:25,"[116.0, 56]","[112.0, 7]","[235.29, 28]","[412.12, 32]",175.64,123,119.29,0.02
07:33:26,"[116.0, 62]","[112.0, 9]","[233.0, 15]","[253.61, 33]",174.5,119,117.0,0.19
07:33:27,"[116.0, 20]","[112.95, 19]","[174.2, 25]","[231.8, 25]",145.1,89,58.2,-0.12
07:33:28,"[116.0, 22]","[113.0, 22]","[158.31, 16]","[194.83, 35]",137.16,95,42.31,-0.07
07:33:29,"[116.0, 20]","[113.0, 20]","[156.37, 19]","[156.7, 20]",136.18,79,40.37,0.01
07:33:30,"[116.0, 16]","[113.0, 163]","[153.0, 32]","[154.0, 8]",134.5,219,37.0,0.63
07:33:31,"[113.31, 136]","[112.95, 170]","[149.14, 49]","[150.29, 42]",131.23,397,35.83,0.54
07:33:32,"[113.0, 165]","[112.0, 15]","[143.97, 36]","[145.38, 29]",128.49,245,30.97,0.47
07:33:33,"[113.0, 60]","[112.0, 9]","[139.79, 33]","[141.62, 13]",126.39,115,26.79,0.2
07:33:34,"[110.3, 60]","[109.43, 21]","[137.07, 30]","[139.68, 19]",123.68,130,26.77,0.25
07:33:35,"[110.0, 70]","[109.0, 18]","[135.62, 13]","[136.44, 18]",122.81,119,25.62,0.48
07:33:36,"[110.0, 64]","[109.0, 20]","[132.79, 19]","[134.05, 19]",121.39,122,22.79,0.38
07:33:37,"[110.0, 24]","[109.0, 12]","[129.12, 8]","[130.33, 12]",119.56,56,19.12,0.29
07:33:38,"[116.0, 11]","[110.0, 44]","[127.25, 16]","[129.22, 18]",121.62,89,11.25,0.24
07:33:39,"[116.0, 9]","[110.0, 36]","[125.33, 18]","[126.33, 18]",120.67,81,9.33,0.11
07:33:40,"[111.71, 28]","[109.44, 50]","[122.08, 24]","[123.27, 22]",116.9,124,10.37,0.26
07:33:41,"[110.03, 29]","[108.07, 114]","[120.43, 21]","[121.25, 24]",115.23,188,10.39,0.52
07:33:42,"[110.0, 16]","[108.5, 60]","[118.5, 8]","[120.0, 16]",114.25,100,8.5,0.52
07:33:43,"[110.0, 22]","[108.9, 20]","[117.57, 14]","[119.68, 19]",113.79,75,7.57,0.12
07:33:44,"[110.0, 26]","[108.0, 11]","[115.32, 19]","[116.5, 14]",112.66,70,5.32,0.06
07:33:45,"[108.05, 39]","[97.0, 10]","[112.38, 13]","[113.13, 15]",110.22,77,4.33,0.27
07:33:46,"[106.0, 171]","[98.3, 53]","[110.0, 9]","[113.0, 18]",108.0,251,4.0,0.78
07:33:47,"[106.0, 228]","[94.37, 38]","[107.74, 23]","[109.39, 23]",106.87,312,1.74,0.71
07:33:48,"[106.0, 172]","[81.05, 95]","[108.14, 14]","[124.5, 20]",107.07,301,2.14,0.77
07:33:49,"[106.05, 110]","[95.76, 127]","[107.91, 11]","[212.8, 51]",106.98,299,1.85,0.59
07:33:50,"[106.38, 21]","[105.3, 53]","[185.22, 9]","[296.83, 24]",145.8,107,78.84,0.38
07:33:51,"[106.0, 74]","[92.31, 26]","[247.0, 40]","[546.0, 32]",176.5,172,141.0,0.16
07:33:52,"[106.12, 34]","[105.08, 26]","[367.65, 43]","[557.86, 42]",236.88,145,261.53,-0.17
07:33:53,"[111.46, 39]","[109.86, 21]","[133.5, 40]","[274.0, 36]",122.48,136,22.04,-0.12
07:33:54,"[111.74, 19]","[108.97, 29]","[132.45, 44]","[133.35, 46]",122.1,138,20.72,-0.3
07:33:55,"[111.0, 44]","[107.0, 33]","[130.36, 47]","[132.31, 52]",120.68,176,19.36,-0.12
07:33:56,"[111.56, 16]","[107.84, 19]","[128.33, 30]","[129.24, 33]",119.95,98,16.77,-0.29
07:33:57,"[112.43, 21]","[109.11, 19]","[126.21, 33]","[128.69, 39]",119.32,112,13.78,-0.29
07:33:58,"[111.0, 27]","[107.0, 42]","[123.93, 70]","[125.6, 40]",117.46,179,12.93,-0.23
07:33:59,"[111.92, 12]","[109.93, 15]","[121.89, 54]","[122.74, 46]",116.9,127,9.97,-0.57
07:34:00,"[110.93, 14]","[109.85, 39]","[119.52, 31]","[120.62, 32]",115.22,116,8.59,-0.09
07:34:01,"[110.0, 104]","[107.0, 39]","[119.0, 65]","[120.0, 52]",114.5,260,9.0,0.1
07:34:02,"[110.0, 88]","[107.0, 33]","[118.22, 46]","[119.15, 53]",114.11,220,8.22,0.1
07:34:03,"[110.0, 78]","[107.06, 34]","[117.33, 36]","[165.0, 46]",113.67,194,7.33,0.15
07:34:04,"[109.91, 47]","[107.86, 21]","[113.36, 33]","[115.07, 27]",111.64,128,3.45,0.06
07:34:05,"[107.26, 39]","[106.14, 111]","[109.61, 38]","[111.53, 47]",108.43,235,2.35,0.28
07:34:06,"[106.33, 24]","[93.9, 58]","[108.16, 19]","[140.11, 18]",107.25,119,1.82,0.38
07:34:07,"[106.0, 80]","[72.61, 54]","[108.45, 11]","[273.48, 29]",107.23,174,2.45,0.54
07:34:08,"[107.31, 16]","[67.22, 18]","[126.38, 8]","[191.57, 28]",116.84,70,19.06,-0.03
07:34:09,"[107.0, 38]","[106.0, 8]","[138.0, 8]","[197.75, 40]",122.5,94,31.0,-0.02
07:34:10,"[107.0, 48]","[106.0, 14]","[252.05, 43]","[446.78, 49]",179.52,154,145.05,-0.19
07:34:11,"[108.54, 110]","[106.86, 28]","[271.66, 47]","[348.24, 34]",190.1,219,163.12,0.26
07:34:12,"[110.26, 125]","[108.97, 79]","[309.28, 50]","[392.29, 31]",209.77,285,199.02,0.43
07:34:13,"[113.24, 68]","[112.38, 116]","[286.58, 38]","[350.38, 37]",199.91,259,173.34,0.42
07:34:14,"[113.0, 156]","[107.58, 26]","[184.19, 47]","[235.04, 46]",148.6,275,71.19,0.32
07:34:15,"[113.0, 119]","[110.0, 13]","[213.28, 29]","[267.07, 42]",163.14,203,100.28,0.3
07:34:16,"[113.0, 64]","[110.0, 18]","[250.2, 25]","[376.5, 24]",181.6,131,137.2,0.25
07:34:17,"[113.0, 88]","[110.0, 27]","[274.45, 33]","[487.41, 27]",193.73,175,161.45,0.31
07:34:18,"[113.0, 94]","[111.67, 12]","[273.67, 36]","[552.65, 46]",193.33,188,160.67,0.13
07:34:19,"[113.0, 70]","[112.0, 10]","[273.0, 30]","[544.59, 34]",193.0,144,160.0,0.11
07:34:20,"[113.0, 56]","[112.0, 8]","[232.38, 24]","[369.6, 30]",172.69,118,119.38,0.08
07:34:21,"[112.94, 52]","[111.7, 10]","[216.2, 30]","[438.0, 30]",164.57,122,103.26,0.02
07:34:22,"[108.1, 123]","[107.44, 27]","[214.0, 44]","[215.0, 33]",161.05,227,105.9,0.32
07:34:23,"[108.91, 53]","[112.0, 129]","[139.15, 47]","[192.72, 43]",124.03,272,30.24,0.34
07:34:24,"[114.0, 6]","[113.0, 90]","[123.0, 12]","[173.64, 22]",118.5,130,9.0,0.48
07:34:25,"[113.0, 154]","[112.0, 11]","[122.48, 23]","[209.19, 32]",117.74,220,9.48,0.5
07:34:26,"[113.0, 140]","[112.0, 10]","[119.9, 20]","[121.0, 30]",116.45,200,6.9,0.5
07:34:27,"[113.0, 126]","[112.0, 9]","[119.0, 18]","[121.0, 27]",116.0,180,6.0,0.5
07:34:28,"[113.0, 154]","[112.0, 11]","[118.27, 22]","[121.0, 33]",115.64,220,5.27,0.5
07:34:29,"[113.0, 129]","[112.0, 11]","[115.13, 31]","[117.25, 24]",114.06,195,2.13,0.44
07:34:30,"[113.0, 60]","[112.0, 10]","[114.73, 33]","[170.43, 21]",113.86,124,1.73,0.13
07:34:31,"[110.0, 70]","[108.57, 14]","[114.6, 20]","[277.4, 20]",112.3,124,4.6,0.35
07:34:32,"[110.0, 70]","[108.0, 10]","[113.0, 20]","[246.2, 20]",111.5,120,3.0,0.33
07:34:33,"[110.0, 45]","[108.0, 7]","[240.22, 18]","[354.0, 16]",175.11,86,130.22,0.21
07:34:34,"[110.0, 52]","[108.0, 8]","[188.0, 32]","[523.0, 16]",149.0,108,78.0,0.11
07:34:35,"[110.0, 54]","[108.0, 9]","[224.56, 16]","[418.82, 22]",167.28,101,114.56,0.25
07:34:36,"[110.03, 37]","[109.0, 12]","[493.0, 14]","[572.0, 35]",301.51,98,382.97,0.0
07:34:37,"[112.08, 65]","[109.43, 14]","[499.71, 17]","[553.0, 37]",305.89,133,387.63,0.19
07:34:38,"[111.66, 29]","[108.45, 11]","[432.27, 11]","[689.04, 25]",271.96,76,320.62,0.05
07:34:39,"[116.0, 42]","[108.0, 7]","[336.7, 23]","[593.74, 19]",226.35,91,220.7,0.08
07:34:40,"[116.0, 54]","[110.63, 41]","[246.38, 13]","[255.39, 41]",181.19,149,130.38,0.28
07:34:41,"[116.0, 32]","[110.87, 47]","[158.65, 23]","[191.33, 15]",137.33,117,42.65,0.35
07:34:42,"[116.0, 36]","[108.22, 9]","[123.0, 9]","[246.0, 9]",119.5,63,7.0,0.43
07:34:43,"[116.0, 28]","[110.0, 7]","[228.14, 7]","[407.14, 7]",172.07,49,112.14,0.43
07:34:44,"[116.0, 48]","[110.0, 12]","[241.37, 30]","[296.25, 12]",178.68,102,125.37,0.18
07:34:45,"[114.1, 21]","[108.33, 9]","[243.0, 27]","[245.0, 9]",178.55,66,128.9,-0.09
07:34:46,"[108.0, 13]","[107.0, 13]","[204.22, 18]","[236.68, 31]",156.11,75,96.22,-0.31
07:34:47,"[107.69, 13]","[106.09, 66]","[192.45, 22]","[242.55, 33]",150.07,134,84.76,0.18
07:34:48,"[106.05, 84]","[94.0, 50]","[191.5, 24]","[227.31, 26]",148.77,184,85.45,0.46
07:34:49,"[106.0, 110]","[68.47, 114]","[187.52, 31]","[190.56, 27]",146.76,282,81.52,0.59
07:34:50,"[106.0, 74]","[104.25, 48]","[140.5, 16]","[172.78, 18]",123.25,156,34.5,0.56
07:34:51,"[113.38, 104]","[107.76, 116]","[125.46, 26]","[184.08, 37]",119.42,283,12.08,0.55
07:34:52,"[114.0, 105]","[109.03, 111]","[123.36, 39]","[150.71, 38]",118.68,293,9.36,0.47
07:34:53,"[114.0, 50]","[110.0, 10]","[121.7, 27]","[123.22, 23]",117.85,110,7.7,0.09
07:34:54,"[114.0, 31]","[111.78, 18]","[118.14, 22]","[121.43, 28]",116.07,99,4.14,-0.01
07:34:55,"[106.0, 98]","[73.57, 42]","[115.53, 17]","[116.67, 18]",110.76,175,9.53,0.6
07:34:56,"[106.0, 104]","[76.22, 18]","[114.88, 16]","[116.0, 24]",110.44,162,8.88,0.51
07:34:57,"[107.36, 33]","[104.5, 22]","[114.0, 14]","[116.0, 21]",110.68,90,6.64,0.22
07:34:58,"[111.0, 36]","[106.38, 110]","[429.2, 35]","[613.64, 47]",270.1,228,318.2,0.28
07:34:59,"[111.09, 23]","[110.08, 38]","[199.5, 24]","[437.38, 32]",155.29,117,88.41,0.04
07:35:00,"[112.0, 20]","[111.0, 30]","[120.78, 40]","[126.44, 34]",116.39,124,8.78,-0.19
07:35:01,"[111.53, 19]","[110.3, 50]","[122.33, 48]","[123.5, 48]",116.93,165,10.81,-0.16
07:35:02,"[114.18, 11]","[110.26, 27]","[120.73, 44]","[121.73, 44]",117.45,126,6.55,-0.4
07:35:03,"[116.0, 12]","[111.0, 12]","[118.58, 48]","[119.58, 48]",117.29,120,2.58,-0.6
07:35:04,"[112.47, 17]","[109.75, 12]","[117.33, 48]","[119.0, 48]",114.9,125,4.86,-0.54
07:35:05,"[110.96, 51]","[109.73, 15]","[115.03, 29]","[116.14, 29]",113.0,124,4.07,0.06
07:35:06,"[111.42, 65]","[109.0, 30]","[113.0, 60]","[115.2, 50]",112.21,205,1.58,-0.07
07:35:07,"[108.64, 25]","[106.62, 26]","[114.48, 25]","[127.63, 19]",111.56,95,5.84,0.07
07:35:08,"[108.0, 24]","[106.22, 23]","[111.0, 8]","[112.0, 24]",109.5,79,3.0,0.19
07:35:09,"[106.37, 35]","[100.8, 55]","[141.38, 16]","[126.6, 30]",123.87,136,35.0,0.32
07:35:10,"[89.6, 42]","[63.25, 40]","[122.29, 42]","[210.37, 27]",105.94,151,32.69,0.09
07:35:11,"[100.73, 44]","[96.53, 60]","[165.38, 56]","[296.16, 64]",133.05,224,64.65,-0.07
07:35:12,"[113.64, 33]","[109.83, 53]","[314.19, 16]","[370.17, 48]",213.91,150,200.55,0.15
07:35:13,"[110.0, 29]","[108.0, 33]","[203.7, 43]","[272.73, 26]",156.85,131,93.7,-0.05
07:35:14,"[110.0, 9]","[108.0, 27]","[157.38, 13]","[164.67, 45]",133.69,94,47.38,-0.23
07:35:15,"[110.0, 14]","[108.0, 42]","[156.07, 14]","[158.0, 70]",133.04,140,46.07,-0.2
07:35:16,"[110.0, 9]","[108.0, 27]","[131.27, 15]","[157.78, 37]",120.63,88,21.27,-0.18
07:35:17,"[110.0, 10]","[108.0, 30]","[124.1, 21]","[171.5, 10]",117.05,71,14.1,0.13
07:35:18,"[110.0, 11]","[108.0, 66]","[154.0, 11]","[189.0, 11]",132.0,99,44.0,0.56
07:35:19,"[110.0, 11]","[108.0, 66]","[154.0, 11]","[243.33, 15]",132.0,103,44.0,0.5
07:35:20,"[108.0, 32]","[106.0, 32]","[153.88, 8]","[340.5, 32]",130.94,104,45.88,0.23
07:35:21,"[106.82, 39]","[94.46, 52]","[152.0, 13]","[154.0, 13]",129.41,117,45.18,0.56
07:35:22,"[110.0, 30]","[106.0, 20]","[149.86, 14]","[152.1, 10]",129.93,74,39.86,0.35
07:35:23,"[106.0, 12]","[85.64, 88]","[146.79, 14]","[147.62, 13]",126.39,127,40.79,0.57
07:35:24,"[108.67, 30]","[107.25, 16]","[145.05, 21]","[146.09, 11]",126.86,78,36.38,0.18
07:35:25,"[108.0, 13]","[106.0, 13]","[143.7, 20]","[144.84, 19]",125.85,65,35.7,-0.2
07:35:26,"[108.0, 11]","[106.0, 11]","[140.83, 12]","[141.88, 17]",124.42,51,32.83,-0.14
07:35:27,"[113.88, 34]","[113.02, 49]","[136.71, 21]","[138.65, 20]",125.3,124,22.83,0.34
07:35:28,"[116.0, 12]","[114.0, 72]","[132.0, 30]","[133.19, 21]",124.0,135,16.0,0.24
07:35:29,"[116.0, 15]","[114.0, 90]","[127.78, 41]","[128.84, 19]",121.89,165,11.78,0.27
07:35:30,"[116.0, 9]","[114.0, 54]","[125.33, 9]","[126.6, 15]",120.67,87,9.33,0.45
07:35:31,"[116.0, 15]","[114.0, 90]","[122.14, 28]","[122.56, 18]",119.07,151,6.14,0.39
07:35:32,"[114.0, 64]","[112.0, 60]","[116.53, 30]","[118.06, 16]",115.27,170,2.53,0.46
07:35:33,"[112.54, 70]","[111.41, 41]","[114.7, 37]","[145.62, 39]",113.62,187,2.16,0.19
07:35:34,"[75.67, 24]","[60.26, 35]","[112.56, 9]","[352.0, 45]",94.11,113,36.89,0.04
07:35:35,"[97.5, 8]","[83.4, 20]","[112.0, 8]","[271.12, 40]",104.75,76,14.5,-0.26
07:35:36,"[108.8, 10]","[83.59, 17]","[111.4, 10]","[275.5, 50]",110.1,87,2.6,-0.38
07:35:37,"[106.91, 53]","[95.26, 19]","[109.25, 8]","[230.0, 40]",108.08,120,2.34,0.2
07:35:38,"[107.02, 180]","[106.59, 27]","[109.0, 12]","[583.0, 48]",108.01,267,1.98,0.55
07:35:39,"[108.0, 35]","[107.0, 160]","[424.03, 29]","[543.91, 45]",266.02,269,316.03,0.45
07:35:40,"[106.82, 71]","[105.52, 117]","[258.0, 40]","[536.0, 50]",182.41,278,151.18,0.35
07:35:41,"[106.05, 143]","[93.13, 69]","[221.29, 28]","[383.69, 26]",163.67,266,115.24,0.59
07:35:42,"[110.0, 26]","[106.29, 48]","[215.0, 20]","[244.25, 4]",162.5,98,105.0,0.51
07:35:43,"[110.0, 154]","[106.73, 62]","[213.06, 68]","[225.6, 40]",161.53,324,103.06,0.33
07:35:44,"[110.81, 47]","[109.7, 69]","[209.86, 58]","[210.81, 43]",160.34,217,99.05,0.07
07:35:45,"[110.49, 37]","[109.53, 43]","[206.55, 55]","[208.04, 52]",158.52,187,96.06,-0.14
07:35:46,"[112.67, 30]","[110.42, 57]","[165.07, 75]","[188.41, 83]",138.87,245,52.4,-0.29
07:35:47,"[115.87, 93]","[113.57, 28]","[127.58, 43]","[128.36, 70]",121.73,234,11.71,0.03
07:35:48,"[116.0, 27]","[114.0, 18]","[125.97, 39]","[127.19, 27]",120.99,111,9.97,-0.19
07:35:49,"[116.0, 33]","[114.0, 22]","[125.0, 55]","[126.0, 55]",120.5,165,9.0,-0.33
07:35:50,"[116.0, 35]","[114.0, 30]","[122.04, 54]","[123.39, 54]",119.02,173,6.04,-0.25
07:35:51,"[113.92, 24]","[111.83, 53]","[117.05, 58]","[138.99, 67]",115.48,202,3.14,-0.24
07:35:52,"[113.0, 28]","[111.14, 73]","[116.09, 57]","[121.07, 70]",114.54,228,3.09,-0.11
07:35:53,"[112.09, 32]","[111.06, 72]","[113.89, 64]","[127.98, 43]",112.99,211,1.8,-0.01
07:35:54,"[110.68, 56]","[109.71, 42]","[118.67, 36]","[269.73, 33]",114.67,167,7.99,0.17
07:35:55,"[110.0, 86]","[108.0, 28]","[128.62, 37]","[243.82, 39]",119.31,190,18.62,0.2
07:35:56,"[110.0, 100]","[108.0, 20]","[121.82, 22]","[125.0, 18]",115.91,160,11.82,0.5
07:35:57,"[110.0, 75]","[108.0, 12]","[119.5, 6]","[182.63, 19]",114.75,112,9.5,0.55
07:35:58,"[110.0, 74]","[108.0, 41]","[451.48, 23]","[524.63, 19]",280.74,157,341.48,0.46
07:35:59,"[110.0, 72]","[108.0, 40]","[575.25, 24]","[0, 0]",342.62,136,465.25,0.65
07:36:00,"[110.0, 90]","[108.0, 23]","[440.71, 14]","[453.5, 12]",275.36,139,330.71,0.63
07:36:01,"[110.0, 61]","[108.0, 18]","[248.67, 9]","[309.67, 9]",179.33,97,138.67,0.63
07:36:02,"[110.0, 25]","[108.0, 10]","[287.2, 5]","[378.0, 5]",198.6,45,177.2,0.56
07:36:03,"[110.45, 22]","[109.25, 32]","[247.47, 17]","[330.0, 18]",178.96,89,137.02,0.21
07:36:04,"[111.0, 5]","[110.0, 11]","[186.8, 5]","[188.33, 6]",148.9,27,75.8,0.19
07:36:05,"[110.0, 7]","[108.0, 14]","[184.0, 7]","[185.71, 7]",147.0,35,74.0,0.2
07:36:06,"[108.13, 15]","[106.02, 191]","[161.55, 11]","[182.12, 8]",134.84,225,53.41,0.83
07:36:07,"[108.0, 12]","[106.0, 162]","[144.67, 9]","[157.0, 9]",126.33,192,36.67,0.81
07:36:08,"[108.0, 26]","[106.0, 324]","[140.04, 27]","[155.73, 22]",124.02,399,32.04,0.75
07:36:09,"[108.0, 26]","[106.0, 264]","[120.84, 19]","[140.13, 46]",114.42,355,12.84,0.63
07:36:10,"[106.77, 82]","[105.92, 266]","[118.52, 25]","[120.19, 26]",112.64,399,11.75,0.74
07:36:11,"[107.87, 15]","[106.32, 71]","[113.84, 19]","[117.08, 71]",110.85,176,5.98,-0.02
07:36:12,"[113.33, 18]","[107.06, 70]","[130.6, 10]","[181.38, 32]",121.97,130,17.27,0.35
07:36:13,"[116.0, 24]","[113.98, 92]","[143.0, 8]","[305.0, 16]",129.5,140,27.0,0.66
07:36:14,"[114.1, 116]","[113.44, 36]","[132.36, 14]","[341.0, 22]",123.23,188,18.25,0.62
07:36:15,"[114.0, 137]","[112.0, 13]","[117.31, 13]","[223.6, 20]",115.65,183,3.31,0.64
07:36:16,"[114.0, 140]","[112.41, 22]","[225.24, 21]","[444.03, 31]",169.62,214,111.24,0.51
07:36:17,"[114.0, 80]","[113.0, 30]","[284.2, 20]","[397.1, 20]",199.1,150,170.2,0.47
07:36:18,"[114.0, 64]","[113.0, 24]","[245.5, 16]","[378.0, 16]",179.75,120,131.5,0.47
07:36:19,"[114.0, 52]","[113.0, 21]","[218.0, 14]","[291.0, 14]",166.0,101,104.0,0.45
07:36:20,"[114.0, 31]","[113.0, 27]","[216.33, 18]","[218.0, 18]",165.17,94,102.33,0.23
07:36:21,"[113.75, 32]","[112.74, 19]","[204.83, 24]","[213.5, 24]",159.29,99,91.08,0.03
07:36:22,"[113.6, 15]","[112.5, 12]","[198.31, 13]","[266.67, 18]",155.95,58,84.71,-0.07
07:36:23,"[116.0, 9]","[113.0, 18]","[164.5, 12]","[191.12, 16]",140.25,55,48.5,-0.02
07:36:24,"[114.67, 12]","[111.81, 37]","[148.0, 12]","[176.5, 16]",131.33,77,33.33,0.27
07:36:25,"[114.0, 11]","[112.0, 11]","[146.47, 15]","[174.56, 18]",130.23,55,32.47,-0.2
07:36:26,"[111.75, 16]","[110.29, 28]","[144.17, 12]","[145.44, 9]",127.96,65,32.42,0.35
07:36:27,"[111.0, 52]","[110.0, 104]","[141.79, 33]","[142.0, 30]",126.39,219,30.79,0.42
07:36:28,"[111.0, 36]","[110.0, 72]","[137.25, 28]","[138.62, 21]",124.12,157,26.25,0.38
07:36:29,"[110.74, 70]","[109.97, 117]","[132.44, 36]","[134.3, 44]",121.59,267,21.7,0.4
07:36:30,"[110.0, 162]","[108.0, 18]","[126.94, 36]","[128.8, 35]",118.47,251,16.94,0.43
07:36:31,"[110.0, 117]","[108.0, 13]","[123.61, 18]","[124.67, 46]",116.81,194,13.61,0.34
07:36:32,"[110.0, 117]","[108.0, 13]","[117.88, 16]","[119.53, 30]",113.94,176,7.88,0.48
07:36:33,"[110.0, 92]","[108.0, 16]","[112.71, 42]","[113.46, 54]",111.36,204,2.71,0.06
07:36:34,"[109.87, 30]","[107.67, 12]","[111.18, 34]","[112.29, 34]",110.52,110,1.31,-0.24
07:36:35,"[108.0, 8]","[107.0, 16]","[110.08, 37]","[111.62, 26]",109.04,87,2.08,-0.45
07:36:36,"[94.94, 32]","[96.37, 30]","[111.77, 44]","[296.44, 16]",103.36,122,16.84,0.02
07:36:37,"[110.0, 10]","[89.3, 60]","[112.0, 30]","[339.0, 10]",111.0,110,2.0,0.27
07:36:38,"[110.0, 9]","[94.11, 9]","[112.0, 27]","[323.32, 19]",111.0,64,2.0,-0.44
07:36:39,"[110.0, 11]","[94.67, 51]","[111.55, 33]","[303.29, 31]",110.77,126,1.55,-0.02
07:36:40,"[106.67, 18]","[99.38, 39]","[264.8, 10]","[435.17, 18]",185.73,85,158.13,0.34
07:36:41,"[108.92, 52]","[107.88, 33]","[164.67, 9]","[167.0, 18]",136.79,112,55.74,0.52
07:36:42,"[108.31, 39]","[106.67, 24]","[163.6, 10]","[349.74, 19]",135.95,92,55.29,0.37
07:36:43,"[108.05, 22]","[106.35, 17]","[161.83, 12]","[165.91, 11]",134.94,62,53.79,0.26
07:36:44,"[110.81, 16]","[108.0, 48]","[151.75, 16]","[161.69, 29]",131.28,109,40.94,0.17
07:36:45,"[107.98, 82]","[105.92, 26]","[156.54, 26]","[160.56, 25]",132.26,159,48.56,0.36
07:36:46,"[109.0, 72]","[106.0, 84]","[153.86, 21]","[156.8, 15]",131.43,192,44.86,0.62
07:36:47,"[109.0, 66]","[106.09, 107]","[152.75, 12]","[155.14, 21]",130.88,206,43.75,0.68
07:36:48,"[109.0, 36]","[108.0, 11]","[152.0, 11]","[155.0, 22]",130.5,80,43.0,0.17
07:36:49,"[109.2, 10]","[108.0, 10]","[150.33, 18]","[153.0, 12]",129.77,50,41.13,-0.2
07:36:50,"[106.32, 87]","[86.05, 22]","[148.0, 26]","[151.18, 34]",127.16,169,41.68,0.29
07:36:51,"[106.0, 176]","[54.55, 33]","[140.0, 23]","[144.17, 24]",123.0,256,34.0,0.63
07:36:52,"[108.54, 48]","[103.13, 92]","[115.96, 26]","[117.0, 20]",112.25,186,7.42,0.51
07:36:53,"[106.98, 97]","[103.38, 134]","[114.24, 21]","[230.05, 21]",110.61,273,7.26,0.69
07:36:54,"[109.3, 115]","[106.99, 153]","[111.6, 30]","[149.0, 16]",110.45,314,2.3,0.71
07:36:55,"[110.25, 48]","[109.33, 18]","[337.96, 23]","[528.5, 14]",224.1,103,227.71,0.28
07:36:56,"[111.0, 54]","[110.0, 54]","[371.33, 36]","[539.45, 11]",241.17,155,260.33,0.39
07:36:57,"[111.43, 7]","[110.0, 42]","[280.5, 16]","[483.0, 19]",195.96,84,169.07,0.17
07:36:58,"[113.0, 6]","[110.0, 36]","[494.0, 21]","[591.93, 29]",303.5,92,381.0,-0.09
07:36:59,"[110.6, 30]","[107.93, 122]","[502.04, 45]","[562.84, 50]",306.32,247,391.44,0.23
07:37:00,"[107.0, 117]","[106.0, 36]","[338.41, 32]","[405.94, 34]",222.7,219,231.41,0.4
07:37:01,"[107.0, 94]","[106.0, 24]","[291.71, 28]","[439.83, 30]",199.36,176,184.71,0.34
07:37:02,"[108.87, 180]","[107.42, 116]","[285.74, 61]","[339.99, 74]",197.3,431,176.87,0.37
07:37:03,"[114.0, 42]","[110.0, 72]","[291.1, 39]","[305.84, 32]",202.55,185,177.1,0.23
07:37:04,"[114.0, 60]","[110.0, 113]","[246.74, 57]","[296.33, 49]",180.37,279,132.74,0.24
07:37:05,"[114.0, 45]","[110.0, 90]","[153.24, 42]","[201.79, 39]",133.62,216,39.24,0.25
07:37:06,"[114.0, 55]","[110.0, 110]","[151.6, 50]","[152.49, 49]",132.8,264,37.6,0.25
07:37:07,"[114.0, 35]","[110.0, 70]","[135.85, 26]","[142.72, 25]",124.92,156,21.85,0.35
07:37:08,"[114.0, 60]","[110.0, 130]","[132.67, 48]","[151.07, 58]",123.33,296,18.67,0.28
07:37:09,"[114.0, 30]","[110.0, 120]","[130.46, 37]","[131.57, 35]",122.23,222,16.46,0.35
07:37:10,"[114.0, 30]","[110.0, 150]","[124.3, 44]","[125.41, 39]",119.15,263,10.3,0.37
07:37:11,"[113.58, 38]","[110.02, 197]","[120.29, 56]","[121.53, 64]",116.93,355,6.71,0.32
07:37:12,"[110.2, 99]","[109.8, 66]","[118.0, 44]","[119.0, 44]",114.1,253,7.8,0.3
07:37:13,"[110.0, 143]","[109.0, 61]","[116.09, 44]","[117.64, 44]",113.05,292,6.09,0.4
07:37:14,"[110.0, 134]","[109.0, 42]","[112.45, 65]","[113.63, 57]",111.22,298,2.45,0.18
07:37:15,"[110.0, 90]","[109.0, 30]","[111.18, 34]","[113.85, 26]",110.59,180,1.18,0.33
07:37:16,"[110.0, 76]","[108.11, 81]","[111.0, 44]","[241.25, 40]",110.5,241,1.0,0.3
07:37:17,"[108.15, 26]","[107.82, 22]","[426.92, 24]","[548.46, 24]",267.54,96,318.76,0.0
07:37:18,"[112.0, 12]","[107.97, 37]","[264.71, 35]","[517.0, 31]",188.36,115,152.71,-0.15
07:37:19,"[112.44, 9]","[107.97, 31]","[245.27, 22]","[344.33, 30]",178.86,92,132.83,-0.13
07:37:20,"[108.0, 28]","[107.0, 8]","[279.88, 24]","[532.0, 32]",193.94,92,171.88,-0.22
07:37:21,"[108.0, 7]","[107.0, 7]","[419.1, 29]","[533.74, 27]",263.55,70,311.1,-0.6
07:37:22,"[108.0, 17]","[106.78, 18]","[289.17, 72]","[398.65, 69]",198.58,176,181.17,-0.6
07:37:23,"[109.0, 12]","[108.0, 4]","[328.93, 14]","[495.59, 17]",218.96,47,219.93,-0.32
07:37:24,"[110.0, 18]","[108.0, 6]","[464.36, 25]","[605.89, 27]",287.18,76,354.36,-0.37
07:37:25,"[111.25, 36]","[108.0, 12]","[236.83, 48]","[245.5, 48]",174.04,144,125.58,-0.33
07:37:26,"[113.0, 36]","[108.0, 12]","[187.45, 55]","[240.42, 48]",150.23,151,74.45,-0.36
07:37:27,"[113.0, 18]","[108.0, 6]","[143.88, 25]","[157.31, 29]",128.44,78,30.88,-0.38
07:37:28,"[113.0, 18]","[108.0, 6]","[120.82, 22]","[143.5, 24]",116.91,70,7.82,-0.31
07:37:29,"[113.0, 36]","[108.0, 12]","[146.74, 46]","[212.83, 53]",129.87,147,33.74,-0.35
07:37:30,"[106.85, 46]","[97.01, 73]","[144.3, 61]","[185.58, 66]",125.57,246,37.45,-0.03
07:37:31,"[95.32, 85]","[78.23, 43]","[146.64, 44]","[224.84, 19]",120.98,191,51.32,0.34
07:37:32,"[98.77, 39]","[94.61, 110]","[144.55, 71]","[147.58, 66]",121.66,286,45.78,0.04
07:37:33,"[97.67, 24]","[88.86, 44]","[142.64, 33]","[144.0, 44]",120.15,145,44.97,-0.06
07:37:34,"[99.05, 21]","[31.38, 39]","[115.48, 52]","[121.0, 42]",107.26,154,16.43,-0.22
07:37:35,"[101.28, 25]","[76.32, 74]","[143.95, 62]","[191.87, 46]",122.62,207,42.67,-0.04
07:37:36,"[110.0, 12]","[108.0, 66]","[245.0, 8]","[331.29, 14]",177.5,100,135.0,0.56
07:37:37,"[108.56, 41]","[107.31, 87]","[163.0, 9]","[366.89, 18]",135.78,155,54.44,0.65
07:37:38,"[108.53, 49]","[107.0, 80]","[137.44, 9]","[183.67, 18]",122.99,156,28.91,0.65
07:37:39,"[109.16, 31]","[107.66, 29]","[134.78, 9]","[259.38, 16]",121.97,85,25.62,0.41
07:37:40,"[108.24, 42]","[107.67, 42]","[194.93, 28]","[285.71, 21]",151.58,133,86.69,0.26
07:37:41,"[116.0, 117]","[110.0, 93]","[194.0, 26]","[394.0, 25]",155.0,261,78.0,0.61
07:37:42,"[116.0, 90]","[110.0, 132]","[185.5, 24]","[330.17, 24]",150.75,270,69.5,0.64
07:37:43,"[116.0, 56]","[110.0, 88]","[144.25, 16]","[148.75, 16]",130.12,176,28.25,0.64
07:37:44,"[116.0, 58]","[110.0, 106]","[141.5, 20]","[143.9, 20]",128.75,204,25.5,0.61
07:37:45,"[115.44, 43]","[111.33, 54]","[134.33, 18]","[272.0, 18]",124.89,133,18.89,0.46
07:37:46,"[110.06, 206]","[108.24, 85]","[131.75, 32]","[434.24, 29]",120.9,352,21.69,0.65
07:37:47,"[110.0, 224]","[108.0, 80]","[131.0, 32]","[403.31, 26]",120.5,362,21.0,0.68
07:37:48,"[110.0, 108]","[108.44, 45]","[130.44, 18]","[364.44, 18]",120.22,189,20.44,0.62
07:37:49,"[111.33, 108]","[109.58, 83]","[127.5, 40]","[128.78, 37]",119.42,268,16.17,0.43
07:37:50,"[116.0, 62]","[110.0, 156]","[124.52, 62]","[125.79, 29]",120.26,309,8.52,0.41
07:37:51,"[111.71, 84]","[109.74, 97]","[122.92, 49]","[124.29, 28]",117.32,258,11.2,0.4
07:37:52,"[110.0, 116]","[109.0, 55]","[118.32, 34]","[119.53, 43]",114.16,248,8.32,0.38
07:37:53,"[110.0, 159]","[108.33, 60]","[115.92, 24]","[118.0, 60]",112.96,303,5.92,0.45
07:37:54,"[110.0, 272]","[107.95, 84]","[112.23, 44]","[115.13, 46]",111.11,446,2.23,0.6
07:37:55,"[110.0, 124]","[108.0, 8]","[111.0, 24]","[112.0, 16]",110.5,172,1.0,0.53
07:37:56,"[110.0, 152]","[108.0, 14]","[112.57, 28]","[297.25, 24]",111.29,218,2.57,0.52
07:37:57,"[110.0, 90]","[108.0, 10]","[125.73, 22]","[243.76, 17]",117.86,139,15.73,0.44
07:37:58,"[110.0, 54]","[108.0, 6]","[123.83, 18]","[126.0, 12]",116.92,90,13.83,0.33
07:37:59,"[110.92, 40]","[109.8, 30]","[122.17, 18]","[146.45, 11]",116.55,99,11.24,0.41
07:38:00,"[112.0, 54]","[109.93, 56]","[121.25, 24]","[336.92, 12]",116.62,146,9.25,0.51
07:38:01,"[110.0, 99]","[108.0, 20]","[118.82, 11]","[121.0, 33]",114.41,163,8.82,0.46
07:38:02,"[110.55, 40]","[109.96, 101]","[114.76, 25]","[117.29, 35]",112.66,201,4.21,0.4
07:38:03,"[110.31, 65]","[109.89, 95]","[112.67, 45]","[142.4, 50]",111.49,255,2.36,0.25
07:38:04,"[110.0, 143]","[108.58, 19]","[197.11, 61]","[246.78, 72]",153.56,295,87.11,0.1
07:38:05,"[110.0, 38]","[109.0, 10]","[262.23, 13]","[326.36, 22]",186.12,83,152.23,0.16
07:38:06,"[109.54, 13]","[108.54, 13]","[187.51, 37]","[273.7, 23]",148.53,86,77.98,-0.4
07:38:07,"[109.0, 7]","[108.0, 7]","[125.43, 7]","[127.0, 21]",117.21,42,16.43,-0.33
07:38:08,"[109.98, 60]","[108.43, 14]","[125.0, 14]","[182.0, 60]",117.49,148,15.02,0.0
07:38:09,"[110.0, 55]","[108.0, 11]","[328.11, 38]","[492.27, 33]",219.05,137,218.11,-0.04
07:38:10,"[110.0, 35]","[108.0, 7]","[280.65, 17]","[518.75, 12]",195.32,71,170.65,0.18
07:38:11,"[110.0, 51]","[108.0, 11]","[140.79, 28]","[199.03, 39]",125.39,129,30.79,-0.04
07:38:12,"[110.91, 44]","[109.96, 45]","[137.0, 24]","[308.89, 28]",123.95,141,26.09,0.26
07:38:13,"[111.0, 130]","[110.0, 52]","[136.31, 26]","[247.0, 39]",123.65,247,25.31,0.47
07:38:14,"[112.0, 72]","[111.1, 58]","[135.0, 26]","[216.85, 39]",123.5,195,23.0,0.33
07:38:15,"[116.0, 13]","[113.0, 65]","[133.69, 26]","[241.08, 39]",124.85,143,17.69,0.09
07:38:16,"[116.0, 9]","[113.0, 45]","[131.67, 18]","[404.77, 31]",123.83,103,15.67,0.05
07:38:17,"[116.0, 8]","[113.0, 40]","[129.75, 16]","[130.75, 16]",122.88,80,13.75,0.2
07:38:18,"[116.0, 12]","[113.0, 60]","[127.75, 24]","[130.0, 24]",121.88,120,11.75,0.2
07:38:19,"[112.67, 24]","[111.39, 46]","[126.0, 20]","[130.0, 20]",119.33,110,13.33,0.27
07:38:20,"[113.33, 18]","[111.36, 33]","[125.78, 18]","[130.0, 18]",119.56,87,12.44,0.17
07:38:21,"[111.35, 68]","[110.32, 50]","[124.0, 28]","[125.86, 28]",117.68,174,12.65,0.36
07:38:22,"[111.0, 54]","[110.0, 45]","[120.44, 18]","[121.56, 18]",115.72,135,9.44,0.47
07:38:23,"[111.0, 82]","[110.0, 75]","[115.67, 30]","[118.73, 30]",113.33,217,4.67,0.45
07:38:24,"[111.0, 43]","[110.0, 45]","[112.78, 18]","[141.24, 21]",111.89,127,1.78,0.39
07:38:25,"[111.0, 15]","[110.0, 44]","[294.47, 30]","[469.62, 34]",202.73,123,183.47,-0.04
07:38:26,"[112.22, 23]","[110.34, 56]","[187.0, 32]","[247.0, 8]",149.61,119,74.78,0.33
07:38:27,"[112.0, 21]","[111.0, 9]","[277.77, 39]","[434.33, 24]",194.88,93,165.77,-0.35
07:38:28,"[112.6, 10]","[111.6, 10]","[372.0, 30]","[530.14, 14]",242.3,64,259.4,-0.38
07:38:29,"[113.0, 11]","[112.0, 11]","[117.0, 11]","[266.07, 15]",115.0,48,4.0,-0.08
07:38:30,"[113.0, 10]","[112.0, 10]","[301.27, 30]","[387.28, 25]",207.13,75,188.27,-0.47
07:38:31,"[113.0, 11]","[112.0, 11]","[321.45, 55]","[323.92, 51]",217.23,128,208.45,-0.66
07:38:32,"[113.0, 8]","[112.0, 8]","[285.17, 24]","[317.0, 40]",199.08,80,172.17,-0.6
07:38:33,"[113.0, 8]","[112.0, 8]","[251.57, 37]","[316.88, 40]",182.28,93,138.57,-0.66
07:38:34,"[113.0, 9]","[112.0, 9]","[118.36, 22]","[228.38, 37]",115.68,77,5.36,-0.53
07:38:35,"[113.0, 16]","[111.45, 11]","[117.41, 34]","[177.73, 15]",115.21,76,4.41,-0.29
07:38:36,"[114.0, 46]","[112.0, 10]","[115.92, 26]","[117.83, 46]",114.96,128,1.92,-0.12
07:38:37,"[114.0, 11]","[112.0, 11]","[116.0, 55]","[126.0, 44]",115.0,121,2.0,-0.64
07:38:38,"[110.25, 89]","[108.14, 35]","[123.94, 36]","[251.37, 35]",117.1,195,13.7,0.27
07:38:39,"[110.0, 140]","[107.17, 29]","[133.0, 7]","[291.92, 13]",121.5,189,23.0,0.79
07:38:40,"[110.0, 228]","[108.0, 14]","[132.0, 56]","[402.44, 25]",121.0,323,22.0,0.5
07:38:41,"[110.71, 68]","[109.94, 124]","[130.54, 41]","[349.26, 35]",120.62,268,19.83,0.43
07:38:42,"[109.97, 59]","[107.31, 52]","[126.13, 62]","[127.73, 60]",118.05,233,16.16,-0.05
07:38:43,"[110.0, 19]","[107.16, 57]","[124.0, 28]","[125.0, 28]",117.0,132,14.0,0.15
07:38:44,"[108.2, 30]","[107.03, 111]","[121.29, 28]","[123.71, 34]",114.74,203,13.09,0.39
07:38:45,"[108.0, 45]","[107.0, 180]","[117.53, 60]","[124.78, 54]",112.77,339,9.53,0.33
07:38:46,"[108.0, 39]","[106.62, 117]","[114.46, 52]","[116.62, 52]",111.23,260,6.46,0.2
07:38:47,"[108.0, 27]","[106.0, 68]","[111.83, 48]","[113.0, 48]",109.92,191,3.83,-0.01
07:38:48,"[106.7, 46]","[92.13, 67]","[109.02, 41]","[110.69, 29]",107.86,183,2.33,0.23
07:38:49,"[106.22, 55]","[76.98, 61]","[108.46, 39]","[171.08, 24]",107.34,179,2.24,0.3
07:38:50,"[106.0, 21]","[92.33, 27]","[161.86, 7]","[414.29, 7]",133.93,62,55.86,0.55
07:38:51,"[109.39, 44]","[106.52, 94]","[242.44, 25]","[267.67, 12]",175.91,175,133.05,0.58
07:38:52,"[112.0, 8]","[110.0, 120]","[230.7, 27]","[237.71, 24]",171.35,179,118.7,0.43
07:38:53,"[113.0, 9]","[110.0, 135]","[220.61, 28]","[227.44, 27]",166.8,199,107.61,0.45
07:38:54,"[115.82, 17]","[111.04, 23]","[225.89, 18]","[227.0, 45]",170.86,103,110.07,-0.22
07:38:55,"[116.0, 24]","[113.0, 12]","[222.25, 48]","[225.22, 36]",169.12,120,106.25,-0.4
07:38:56,"[110.15, 160]","[107.86, 14]","[208.97, 38]","[212.56, 48]",159.56,260,98.82,0.34
07:38:57,"[114.0, 80]","[110.0, 104]","[133.86, 28]","[139.76, 25]",123.93,237,19.86,0.55
07:38:58,"[114.0, 56]","[110.0, 104]","[130.63, 19]","[132.05, 37]",122.32,216,16.63,0.48
07:38:59,"[114.0, 14]","[110.0, 130]","[128.5, 20]","[132.0, 50]",121.25,214,14.5,0.35
07:39:00,"[114.0, 13]","[110.0, 181]","[128.0, 26]","[132.0, 65]",121.0,285,14.0,0.36
07:39:01,"[114.0, 21]","[110.0, 156]","[127.29, 42]","[130.86, 42]",120.64,261,13.29,0.36
07:39:02,"[110.75, 118]","[109.83, 143]","[124.68, 47]","[125.51, 77]",117.71,385,13.94,0.36
07:39:03,"[110.0, 88]","[107.0, 13]","[117.88, 24]","[120.0, 19]",113.94,144,7.88,0.4
07:39:04,"[110.0, 56]","[107.0, 28]","[114.06, 32]","[115.29, 17]",112.03,133,4.06,0.26
07:39:05,"[110.0, 40]","[107.0, 20]","[112.22, 9]","[113.18, 22]",111.11,91,2.22,0.32
07:39:06,"[110.0, 57]","[107.56, 32]","[111.23, 52]","[112.44, 25]",110.62,166,1.23,0.07
07:39:07,"[109.4, 15]","[106.57, 21]","[191.38, 39]","[420.25, 24]",150.39,99,81.98,-0.27
07:39:08,"[107.0, 8]","[106.0, 24]","[534.12, 24]","[705.8, 10]",320.56,66,427.12,-0.03
07:39:09,"[95.95, 38]","[86.62, 24]","[283.45, 22]","[468.0, 16]",189.7,100,187.51,0.24
07:39:10,"[77.15, 46]","[61.17, 54]","[139.86, 37]","[187.39, 36]",108.51,173,62.71,0.16
07:39:11,"[98.42, 53]","[76.3, 43]","[124.0, 33]","[211.45, 11]",111.21,140,25.58,0.37
07:39:12,"[94.77, 26]","[75.17, 29]","[115.67, 9]","[122.63, 19]",105.22,83,20.9,0.33
07:39:13,"[95.37, 41]","[94.12, 34]","[114.09, 33]","[152.36, 11]",104.73,119,18.73,0.26
07:39:14,"[110.9, 30]","[105.91, 44]","[113.25, 36]","[287.0, 12]",112.08,122,2.35,0.21
07:39:15,"[110.0, 39]","[109.0, 12]","[124.4, 30]","[347.0, 18]",117.2,99,14.4,0.03
07:39:16,"[110.93, 75]","[109.62, 13]","[346.8, 25]","[471.21, 19]",228.87,132,235.87,0.33
07:39:17,"[113.24, 76]","[111.5, 28]","[158.7, 10]","[373.84, 25]",135.97,139,45.46,0.5
07:39:18,"[116.0, 117]","[112.85, 91]","[353.69, 13]","[444.14, 37]",234.85,258,237.69,0.61
07:39:19,"[114.88, 56]","[112.92, 38]","[376.0, 16]","[379.0, 16]",245.44,126,261.12,0.49
07:39:20,"[113.0, 77]","[112.0, 11]","[368.57, 21]","[378.75, 32]",240.79,141,255.57,0.25
07:39:21,"[113.0, 70]","[112.0, 10]","[214.06, 17]","[264.92, 13]",163.53,110,101.06,0.45
07:39:22,"[113.0, 44]","[112.0, 13]","[203.38, 52]","[206.0, 26]",158.19,135,90.38,-0.16
07:39:23,"[113.5, 24]","[112.57, 14]","[201.95, 38]","[205.27, 22]",157.72,98,88.45,-0.22
07:39:24,"[114.0, 12]","[113.0, 8]","[200.0, 8]","[202.0, 16]",157.0,44,86.0,-0.09
07:39:25,"[114.0, 33]","[113.0, 22]","[196.19, 37]","[200.53, 30]",155.09,122,82.19,-0.1
07:39:26,"[114.0, 27]","[113.0, 18]","[162.6, 20]","[164.09, 35]",138.3,100,48.6,-0.1
07:39:27,"[114.0, 42]","[113.0, 28]","[160.3, 54]","[162.27, 30]",137.15,154,46.3,-0.09
07:39:28,"[112.0, 39]","[110.0, 26]","[158.38, 52]","[168.67, 36]",135.19,153,46.38,-0.15
07:39:29,"[112.0, 36]","[110.0, 24]","[155.83, 48]","[157.0, 48]",133.92,156,43.83,-0.23
07:39:30,"[112.0, 30]","[110.0, 20]","[152.76, 34]","[155.9, 40]",132.38,124,40.76,-0.19
07:39:31,"[111.62, 26]","[109.74, 19]","[149.39, 38]","[151.55, 47]",130.51,130,37.78,-0.31
07:39:32,"[110.0, 10]","[109.0, 10]","[145.61, 36]","[147.0, 34]",127.81,90,35.61,-0.56
07:39:33,"[110.0, 24]","[109.0, 15]","[140.86, 56]","[142.16, 57]",125.43,152,30.86,-0.49
07:39:34,"[110.0, 14]","[108.84, 19]","[130.32, 53]","[134.89, 47]",120.16,133,20.32,-0.5
07:39:35,"[106.11, 19]","[88.75, 24]","[126.07, 27]","[131.68, 25]",116.09,95,19.97,-0.09
07:39:36,"[88.06, 16]","[53.29, 35]","[124.22, 37]","[126.97, 39]",106.14,127,36.15,-0.2
07:39:37,"[91.53, 57]","[85.0, 39]","[117.39, 66]","[119.16, 68]",104.46,230,25.87,-0.17
07:39:38,"[92.0, 45]","[84.0, 45]","[106.04, 67]","[108.74, 61]",99.02,218,14.04,-0.17
07:39:39,"[93.3, 30]","[76.0, 30]","[101.0, 40]","[102.0, 40]",97.15,140,7.7,-0.14
07:39:40,"[94.5, 36]","[78.05, 38]","[100.61, 46]","[102.0, 48]",97.55,168,6.11,-0.12
07:39:41,"[95.33, 27]","[64.68, 31]","[101.6, 15]","[102.44, 36]",98.47,109,6.27,0.06
07:39:42,"[98.03, 74]","[89.11, 45]","[103.0, 40]","[104.0, 40]",100.51,199,4.97,0.2
07:39:43,"[99.73, 37]","[98.95, 95]","[103.18, 34]","[104.6, 40]",101.45,206,3.45,0.28
07:39:44,"[101.71, 70]","[97.16, 64]","[103.32, 25]","[105.78, 36]",102.52,195,1.61,0.37
07:39:45,"[102.12, 24]","[96.0, 72]","[311.09, 22]","[511.18, 22]",206.61,140,208.97,0.37
07:39:46,"[104.56, 16]","[101.57, 28]","[311.0, 21]","[327.0, 21]",207.78,86,206.44,0.02
07:39:47,"[106.73, 22]","[105.87, 31]","[284.1, 30]","[599.4, 30]",195.41,113,177.37,-0.06
07:39:48,"[107.58, 38]","[78.61, 69]","[429.6, 30]","[566.3, 30]",268.59,167,322.02,0.28
07:39:49,"[116.0, 24]","[109.48, 25]","[333.67, 36]","[463.75, 36]",224.83,121,217.67,-0.19
07:39:50,"[112.0, 7]","[108.5, 24]","[193.0, 21]","[361.14, 21]",152.5,73,81.0,-0.15
07:39:51,"[109.47, 19]","[102.4, 60]","[188.36, 33]","[257.73, 33]",148.92,145,78.89,0.09
07:39:52,"[108.0, 24]","[88.16, 37]","[111.0, 13]","[113.27, 33]",109.5,107,3.0,0.14
07:39:53,"[106.15, 26]","[43.32, 37]","[109.0, 7]","[135.29, 21]",107.58,91,2.85,0.38
07:39:54,"[106.26, 27]","[96.82, 51]","[109.0, 13]","[187.31, 39]",107.63,130,2.74,0.2
07:39:55,"[107.42, 57]","[92.54, 78]","[177.86, 35]","[228.92, 39]",142.64,209,70.44,0.29
07:39:56,"[110.05, 57]","[108.12, 51]","[177.33, 18]","[274.67, 27]",143.69,153,67.28,0.41
07:39:57,"[112.62, 39]","[110.29, 76]","[175.4, 20]","[398.0, 30]",144.01,165,62.78,0.39
07:39:58,"[111.0, 54]","[109.0, 81]","[175.0, 18]","[218.0, 27]",143.0,180,64.0,0.5
07:39:59,"[111.0, 66]","[109.0, 99]","[175.0, 22]","[457.85, 39]",143.0,226,64.0,0.46
07:40:00,"[111.0, 78]","[109.0, 117]","[173.08, 39]","[175.0, 26]",142.04,260,62.08,0.5
07:40:01,"[111.0, 42]","[109.0, 63]","[172.38, 16]","[173.42, 19]",141.69,140,61.38,0.5
07:40:02,"[111.0, 54]","[109.0, 81]","[171.0, 18]","[173.0, 27]",141.0,180,60.0,0.5
07:40:03,"[112.17, 54]","[109.88, 96]","[169.69, 26]","[173.0, 39]",140.93,215,57.53,0.4
07:40:04,"[111.0, 37]","[108.93, 97]","[168.06, 31]","[170.79, 29]",139.53,194,57.06,0.38
07:40:05,"[111.0, 42]","[109.0, 98]","[163.64, 36]","[165.41, 34]",137.32,210,52.64,0.33
07:40:06,"[109.91, 46]","[108.58, 84]","[159.84, 37]","[160.9, 39]",134.88,206,49.92,0.26
07:40:07,"[108.0, 70]","[106.0, 80]","[155.47, 38]","[158.24, 34]",131.74,222,47.47,0.35
07:40:08,"[108.0, 84]","[106.0, 96]","[147.8, 40]","[151.26, 38]",127.9,258,39.8,0.4
07:40:09,"[108.01, 88]","[106.13, 111]","[145.89, 38]","[146.96, 46]",126.95,283,37.88,0.41
07:40:10,"[108.0, 54]","[106.0, 72]","[144.44, 36]","[146.0, 18]",126.22,180,36.44,0.4
07:40:11,"[108.0, 90]","[106.0, 120]","[130.98, 49]","[132.24, 41]",119.49,300,22.98,0.4
07:40:12,"[110.14, 56]","[106.93, 90]","[117.81, 32]","[120.97, 29]",113.98,207,7.67,0.41
07:40:13,"[114.0, 20]","[108.67, 54]","[116.8, 40]","[118.0, 20]",115.4,134,2.8,0.1
07:40:14,"[111.75, 32]","[108.92, 52]","[115.2, 40]","[123.54, 26]",113.47,150,3.45,0.12
07:40:15,"[110.94, 36]","[108.11, 76]","[112.25, 55]","[128.38, 53]",111.6,220,1.31,0.02
07:40:16,"[110.0, 18]","[108.0, 54]","[112.0, 36]","[267.46, 13]",111.0,121,2.0,0.19
07:40:17,"[110.06, 17]","[108.08, 50]","[112.0, 36]","[229.91, 22]",111.03,125,1.94,0.07
07:40:18,"[108.43, 42]","[106.57, 84]","[111.31, 54]","[224.96, 52]",109.87,232,2.89,0.09
07:40:19,"[108.0, 28]","[106.0, 56]","[136.92, 26]","[238.75, 16]",122.46,126,28.92,0.33
07:40:20,"[108.0, 44]","[106.0, 88]","[176.45, 33]","[258.73, 30]",142.23,195,68.45,0.35
07:40:21,"[115.22, 41]","[107.78, 73]","[166.3, 23]","[312.43, 28]",140.76,165,51.08,0.38
07:40:22,"[111.64, 11]","[106.77, 52]","[165.12, 17]","[166.05, 38]",138.38,118,53.48,0.07
07:40:23,"[110.79, 99]","[106.12, 49]","[162.12, 34]","[164.81, 31]",136.45,213,51.33,0.39
07:40:24,"[116.0, 135]","[108.0, 27]","[160.44, 9]","[162.0, 36]",138.22,207,44.44,0.57
07:40:25,"[116.0, 150]","[108.67, 27]","[159.3, 10]","[162.0, 40]",137.65,227,43.3,0.56
07:40:26,"[116.0, 195]","[111.8, 30]","[157.08, 13]","[162.0, 52]",136.54,290,41.08,0.55
07:40:27,"[116.0, 105]","[114.0, 28]","[156.0, 16]","[158.68, 19]",136.0,168,40.0,0.58
07:40:28,"[116.0, 180]","[114.0, 48]","[152.96, 45]","[188.27, 15]",134.48,288,36.96,0.58
07:40:29,"[116.0, 135]","[114.0, 36]","[151.53, 30]","[167.16, 19]",133.77,220,35.53,0.55
07:40:30,"[116.0, 68]","[114.0, 24]","[149.0, 20]","[150.0, 16]",132.5,128,33.0,0.44
07:40:31,"[116.0, 87]","[114.0, 44]","[147.36, 22]","[149.0, 44]",131.68,197,31.36,0.33
07:40:32,"[116.0, 68]","[114.0, 64]","[145.65, 40]","[146.79, 56]",130.82,228,29.65,0.16
07:40:33,"[116.0, 13]","[114.0, 28]","[141.86, 14]","[146.0, 28]",128.93,83,25.86,-0.01
07:40:34,"[116.0, 8]","[114.0, 32]","[139.33, 24]","[144.0, 24]",127.67,88,23.33,-0.09
07:40:35,"[116.0, 12]","[114.0, 48]","[137.43, 28]","[138.17, 46]",126.71,134,21.43,-0.1
07:40:36,"[116.0, 17]","[114.0, 68]","[134.05, 44]","[135.35, 62]",125.02,191,18.05,-0.11
07:40:37,"[116.0, 15]","[114.0, 60]","[129.8, 50]","[131.08, 52]",122.9,177,13.8,-0.15
07:40:38,"[112.19, 42]","[111.63, 38]","[124.3, 46]","[125.88, 50]",118.25,176,12.11,-0.09
07:40:39,"[112.0, 27]","[111.0, 30]","[119.29, 42]","[120.08, 48]",115.64,147,7.29,-0.22
07:40:40,"[112.0, 12]","[111.0, 24]","[115.0, 32]","[116.1, 40]",113.5,108,3.0,-0.33
07:40:41,"[110.22, 27]","[108.28, 92]","[112.47, 34]","[152.5, 28]",111.35,181,2.25,0.31
07:40:42,"[110.94, 16]","[108.8, 50]","[114.0, 26]","[204.69, 52]",112.47,144,3.06,-0.08
07:40:43,"[110.53, 19]","[109.17, 59]","[113.44, 36]","[264.36, 44]",111.99,158,2.92,-0.01
07:40:44,"[110.0, 34]","[109.0, 119]","[113.37, 49]","[296.62, 61]",111.68,263,3.37,0.16
07:40:45,"[109.12, 64]","[108.54, 52]","[111.45, 40]","[112.63, 27]",110.29,183,2.33,0.27
07:40:46,"[109.2, 60]","[108.63, 57]","[110.94, 35]","[111.79, 28]",110.07,180,1.74,0.3
07:40:47,"[109.22, 46]","[108.62, 48]","[111.15, 27]","[263.41, 34]",110.18,155,1.93,0.21
07:40:48,"[108.62, 39]","[106.25, 143]","[110.18, 22]","[227.45, 44]",109.4,248,1.57,0.47
07:40:49,"[108.0, 15]","[106.0, 175]","[123.4, 20]","[199.43, 28]",115.7,238,15.4,0.6
07:40:50,"[109.68, 57]","[106.44, 32]","[310.71, 28]","[456.0, 32]",210.2,149,201.03,0.19
07:40:51,"[110.0, 88]","[108.0, 11]","[298.31, 39]","[379.56, 36]",204.15,174,188.31,0.14
07:40:52,"[110.0, 96]","[106.61, 36]","[255.4, 45]","[265.54, 26]",182.7,203,145.4,0.3
07:40:53,"[112.8, 30]","[109.92, 125]","[144.0, 80]","[171.75, 80]",128.4,315,31.2,-0.02
07:40:54,"[114.25, 20]","[111.09, 79]","[141.71, 34]","[143.29, 70]",127.98,203,27.46,-0.02
07:40:55,"[111.0, 112]","[110.0, 128]","[137.06, 49]","[140.35, 62]",124.03,351,26.06,0.37
07:40:56,"[111.0, 70]","[110.0, 80]","[133.03, 30]","[134.17, 30]",122.02,210,22.03,0.43
07:40:57,"[110.72, 76]","[109.92, 78]","[128.03, 60]","[130.32, 28]",119.38,242,17.31,0.27
07:40:58,"[110.0, 13]","[109.0, 13]","[125.92, 65]","[129.0, 13]",117.96,104,15.92,-0.5
07:40:59,"[113.94, 66]","[110.57, 14]","[123.35, 43]","[124.5, 50]",118.64,173,9.41,-0.08
07:41:00,"[114.0, 49]","[113.0, 13]","[121.47, 17]","[123.05, 38]",117.74,117,7.47,0.06
07:41:01,"[112.54, 46]","[108.9, 63]","[116.29, 68]","[116.83, 48]",114.42,225,3.75,-0.03
07:41:02,"[109.0, 36]","[107.75, 72]","[111.9, 31]","[112.8, 40]",110.45,179,2.9,0.21
07:41:03,"[108.0, 48]","[107.0, 48]","[111.5, 24]","[113.54, 26]",109.75,146,3.5,0.32
07:41:04,"[107.75, 24]","[106.81, 37]","[109.5, 24]","[201.0, 16]",108.62,101,1.75,0.21
07:41:05,"[107.09, 33]","[106.34, 53]","[289.85, 26]","[451.35, 37]",198.47,149,182.76,0.15
07:41:06,"[109.0, 11]","[107.0, 66]","[315.85, 40]","[468.17, 47]",212.43,164,206.85,-0.06
07:41:07,"[111.85, 13]","[107.2, 45]","[294.29, 41]","[345.47, 47]",203.07,146,182.45,-0.21
07:41:08,"[114.0, 22]","[110.0, 11]","[158.09, 55]","[188.18, 55]",136.05,143,44.09,-0.54
07:41:09,"[114.0, 23]","[110.0, 12]","[154.65, 40]","[169.58, 60]",134.32,135,40.65,-0.48
07:41:10,"[115.12, 16]","[111.22, 18]","[142.5, 30]","[146.44, 32]",128.81,96,27.38,-0.29
07:41:11,"[112.0, 30]","[111.0, 8]","[140.81, 26]","[148.9, 30]",126.4,94,28.81,-0.19
07:41:12,"[111.0, 44]","[110.0, 11]","[137.43, 47]","[138.88, 43]",124.21,145,26.43,-0.24
07:41:13,"[111.0, 21]","[110.0, 7]","[136.69, 29]","[137.89, 27]",123.84,84,25.69,-0.33
07:41:14,"[112.27, 66]","[110.87, 31]","[131.98, 49]","[134.95, 57]",122.13,203,19.71,-0.04
07:41:15,"[112.77, 53]","[110.92, 26]","[129.0, 30]","[135.0, 50]",120.89,159,16.23,-0.01
07:41:16,"[111.06, 31]","[110.11, 28]","[127.43, 42]","[135.0, 70]",119.25,171,16.36,-0.31
07:41:17,"[111.27, 11]","[110.2, 10]","[124.71, 21]","[125.47, 19]",117.99,61,13.44,-0.31
07:41:18,"[112.0, 30]","[111.0, 20]","[122.34, 38]","[124.14, 44]",117.17,132,10.34,-0.24
07:41:19,"[112.0, 36]","[111.0, 24]","[117.93, 43]","[119.14, 51]",114.97,154,5.93,-0.22
07:41:20,"[111.79, 19]","[110.53, 19]","[114.59, 39]","[115.97, 40]",113.19,117,2.8,-0.35
07:41:21,"[109.15, 20]","[108.08, 36]","[112.58, 59]","[113.55, 64]",110.86,179,3.43,-0.37
07:41:22,"[107.83, 12]","[106.19, 32]","[109.47, 36]","[110.72, 36]",108.65,116,1.64,-0.24
07:41:23,"[106.09, 58]","[101.62, 73]","[108.18, 33]","[109.46, 39]",107.13,203,2.1,0.29
07:41:24,"[106.2, 51]","[96.67, 42]","[108.86, 43]","[238.33, 45]",107.53,181,2.66,0.03
07:41:25,"[108.21, 39]","[106.11, 73]","[151.92, 39]","[355.71, 42]",130.06,193,43.72,0.16
07:41:26,"[116.0, 6]","[108.89, 18]","[212.17, 12]","[222.0, 18]",164.08,54,96.17,-0.11
07:41:27,"[116.0, 8]","[110.0, 16]","[178.74, 19]","[295.86, 21]",147.37,64,62.74,-0.25
07:41:28,"[116.0, 6]","[110.0, 12]","[142.67, 12]","[165.67, 18]",129.33,48,26.67,-0.25
07:41:29,"[116.0, 9]","[110.0, 18]","[142.0, 18]","[317.11, 27]",129.0,72,26.0,-0.25
07:41:30,"[116.0, 4]","[110.0, 8]","[141.25, 8]","[337.6, 10]",128.62,30,25.25,-0.2
07:41:31,"[113.82, 11]","[108.13, 30]","[139.67, 18]","[141.33, 18]",126.74,77,25.85,0.06
07:41:32,"[108.0, 27]","[106.0, 119]","[138.22, 18]","[140.0, 18]",123.11,182,30.22,0.6
07:41:33,"[108.67, 27]","[106.89, 70]","[132.83, 36]","[133.85, 54]",120.75,187,24.17,0.04
07:41:34,"[108.0, 23]","[107.0, 64]","[128.8, 20]","[129.71, 28]",118.4,135,20.8,0.29
07:41:35,"[107.0, 48]","[106.0, 47]","[127.38, 16]","[128.67, 24]",117.19,135,20.38,0.41
07:41:36,"[107.0, 54]","[106.0, 36]","[124.0, 17]","[125.29, 14]",115.5,121,17.0,0.49
07:41:37,"[107.0, 72]","[106.0, 48]","[120.81, 21]","[121.75, 16]",113.9,157,13.81,0.53
07:41:38,"[106.5, 36]","[97.63, 38]","[116.0, 21]","[116.6, 20]",111.25,115,9.5,0.29
07:41:39,"[106.0, 78]","[76.7, 46]","[112.46, 52]","[114.0, 13]",109.23,189,6.46,0.31
07:41:40,"[89.56, 55]","[32.61, 36]","[108.84, 57]","[110.33, 36]",99.2,184,19.28,-0.01
07:41:41,"[60.81, 48]","[49.43, 37]","[132.82, 22]","[211.52, 23]",96.82,130,72.01,0.31
07:41:42,"[100.34, 53]","[80.3, 23]","[241.75, 51]","[320.5, 44]",171.04,171,141.41,-0.11
07:41:43,"[114.0, 36]","[106.43, 23]","[200.53, 30]","[246.68, 31]",157.27,120,86.53,-0.02
07:41:44,"[108.0, 18]","[103.65, 17]","[156.25, 32]","[222.0, 18]",132.12,85,48.25,-0.18
07:41:45,"[107.0, 34]","[103.32, 44]","[123.1, 42]","[177.77, 44]",115.05,164,16.1,-0.05
07:41:46,"[108.57, 23]","[107.33, 33]","[147.15, 39]","[218.59, 27]",127.86,122,38.59,-0.08
07:41:47,"[110.0, 44]","[107.4, 45]","[155.75, 48]","[208.0, 60]",132.88,197,45.75,-0.1
07:41:48,"[111.0, 9]","[110.0, 27]","[153.0, 36]","[208.0, 45]",132.0,117,42.0,-0.38
07:41:49,"[111.8, 10]","[110.0, 30]","[152.0, 40]","[208.0, 50]",131.9,130,40.2,-0.38
07:41:50,"[112.0, 5]","[110.0, 15]","[151.35, 23]","[177.45, 22]",131.67,65,39.35,-0.38
07:41:51,"[107.9, 39]","[107.09, 77]","[148.59, 74]","[149.87, 61]",128.25,251,40.7,-0.08
07:41:52,"[107.0, 38]","[106.0, 109]","[144.49, 68]","[145.72, 58]",125.74,273,37.49,0.08
07:41:53,"[107.66, 41]","[106.34, 82]","[141.27, 71]","[142.96, 57]",124.46,251,33.61,-0.02
07:41:54,"[108.92, 13]","[106.95, 21]","[137.6, 20]","[138.9, 20]",123.26,74,28.68,-0.08
07:41:55,"[106.89, 47]","[101.52, 21]","[136.62, 26]","[137.09, 44]",121.75,138,29.72,-0.01
07:41:56,"[106.0, 20]","[98.0, 12]","[124.64, 22]","[134.27, 44]",115.32,98,18.64,-0.35
07:41:57,"[106.0, 14]","[96.0, 14]","[112.72, 46]","[114.43, 47]",109.36,121,6.72,-0.54
07:41:58,"[106.41, 17]","[90.32, 31]","[109.7, 37]","[109.83, 65]",108.06,150,3.29,-0.36
07:41:59,"[106.0, 13]","[86.23, 53]","[108.09, 55]","[110.46, 65]",107.05,186,2.09,-0.29
07:42:00,"[90.44, 27]","[70.64, 50]","[107.0, 47]","[149.45, 55]",98.72,179,16.56,-0.14
07:42:01,"[75.22, 23]","[59.21, 53]","[263.44, 45]","[332.11, 18]",169.33,139,188.23,0.09
07:42:02,"[110.0, 16]","[73.43, 82]","[276.58, 55]","[303.96, 52]",193.29,205,166.58,-0.04
07:42:03,"[110.0, 21]","[91.8, 46]","[189.14, 29]","[338.45, 33]",149.57,129,79.14,0.04
07:42:04,"[110.0, 16]","[106.12, 64]","[175.33, 18]","[285.25, 24]",142.67,122,65.33,0.31
07:42:05,"[108.16, 25]","[66.27, 44]","[155.68, 28]","[255.0, 24]",131.92,121,47.52,0.14
07:42:06,"[108.0, 16]","[77.33, 24]","[156.0, 24]","[394.63, 19]",132.0,83,48.0,-0.04
07:42:07,"[108.0, 22]","[93.52, 65]","[376.74, 38]","[384.12, 25]",242.37,150,268.74,0.16
07:42:08,"[64.96, 72]","[61.25, 80]","[176.28, 36]","[321.18, 28]",120.62,216,111.32,0.41
07:42:09,"[82.08, 71]","[77.35, 57]","[98.0, 9]","[120.0, 27]",90.04,164,15.92,0.56
07:42:10,"[84.73, 165]","[83.0, 105]","[96.24, 51]","[116.12, 25]",90.48,346,11.5,0.56
07:42:11,"[86.37, 145]","[47.86, 49]","[96.0, 52]","[98.0, 13]",91.18,259,9.63,0.5
07:42:12,"[90.0, 88]","[30.0, 56]","[96.0, 24]","[98.0, 8]",93.0,176,6.0,0.64
07:42:13,"[91.0, 55]","[28.04, 23]","[96.0, 5]","[98.0, 5]",93.5,88,5.0,0.77
07:42:14,"[91.27, 121]","[55.0, 33]","[96.0, 20]","[98.0, 11]",93.64,185,4.73,0.66
07:42:15,"[93.96, 85]","[91.56, 43]","[99.53, 34]","[104.32, 19]",96.75,181,5.56,0.41
07:42:16,"[97.46, 96]","[96.15, 54]","[102.0, 40]","[106.0, 30]",99.73,220,4.54,0.36
07:42:17,"[100.09, 121]","[97.0, 44]","[102.21, 38]","[106.24, 34]",101.15,237,2.12,0.39
07:42:18,"[101.07, 59]","[98.42, 31]","[106.0, 6]","[386.0, 10]",103.53,106,4.93,0.7
07:42:19,"[103.08, 132]","[102.0, 48]","[145.33, 18]","[367.1, 40]",124.21,238,42.25,0.51
07:42:20,"[106.11, 44]","[103.87, 125]","[228.0, 48]","[336.21, 38]",167.06,255,121.89,0.33
07:42:21,"[116.0, 8]","[108.8, 50]","[151.12, 32]","[238.0, 32]",133.56,122,35.12,-0.05
07:42:22,"[113.5, 18]","[107.97, 58]","[150.73, 30]","[227.12, 32]",132.12,138,37.23,0.1
07:42:23,"[112.2, 35]","[108.56, 82]","[149.91, 44]","[237.33, 15]",131.05,176,37.71,0.33
07:42:24,"[111.25, 44]","[109.3, 53]","[148.95, 42]","[246.0, 39]",130.1,178,37.7,0.09
07:42:25,"[113.55, 73]","[112.72, 64]","[148.0, 8]","[149.0, 32]",130.77,177,34.45,0.55
07:42:26,"[114.0, 88]","[113.0, 121]","[144.53, 49]","[145.35, 46]",129.27,304,30.53,0.38
07:42:27,"[114.0, 84]","[113.0, 121]","[141.25, 48]","[143.06, 51]",127.62,304,27.25,0.35
07:42:28,"[114.0, 66]","[113.0, 121]","[139.48, 54]","[140.78, 45]",126.74,286,25.48,0.31
07:42:29,"[114.0, 84]","[113.0, 154]","[135.63, 68]","[137.83, 58]",124.82,364,21.63,0.31
07:42:30,"[114.0, 36]","[113.0, 66]","[132.67, 30]","[134.0, 24]",123.33,156,18.67,0.31
07:42:31,"[114.0, 60]","[113.0, 110]","[130.8, 50]","[134.0, 40]",122.4,260,16.8,0.31
07:42:32,"[114.0, 60]","[113.0, 110]","[129.2, 50]","[134.0, 40]",121.6,260,15.2,0.31
07:42:33,"[114.0, 72]","[113.0, 132]","[125.98, 55]","[128.51, 53]",119.99,312,11.98,0.31
07:42:34,"[114.0, 56]","[113.0, 176]","[122.56, 73]","[123.65, 71]",118.28,376,8.56,0.23
07:42:35,"[114.0, 13]","[113.0, 143]","[119.41, 59]","[121.55, 58]",116.7,273,5.41,0.14
07:42:36,"[113.11, 71]","[112.79, 112]","[117.28, 65]","[119.5, 66]",115.19,314,4.16,0.17
07:42:37,"[112.85, 80]","[111.83, 53]","[114.86, 70]","[133.6, 55]",113.85,258,2.01,0.03
07:42:38,"[112.0, 34]","[111.0, 30]","[113.1, 50]","[189.0, 20]",112.55,134,1.1,-0.04
07:42:39,"[110.5, 40]","[109.83, 36]","[113.0, 40]","[192.52, 29]",111.75,145,2.5,0.05
07:42:40,"[110.0, 80]","[109.0, 56]","[113.0, 40]","[207.62, 24]",111.5,200,3.0,0.36
07:42:41,"[110.0, 48]","[109.0, 56]","[112.0, 40]","[145.21, 28]",111.0,172,2.0,0.21
07:42:42,"[109.77, 35]","[108.41, 32]","[112.73, 44]","[228.33, 45]",111.25,156,2.96,-0.14
07:42:43,"[108.0, 7]","[107.0, 14]","[153.0, 21]","[427.23, 26]",130.5,68,45.0,-0.38
07:42:44,"[113.82, 34]","[107.85, 13]","[153.0, 36]","[353.67, 24]",133.41,107,39.18,-0.12
07:42:45,"[114.0, 24]","[108.0, 8]","[522.85, 20]","[586.0, 19]",318.43,71,408.85,-0.1
07:42:46,"[114.0, 36]","[108.15, 13]","[537.79, 28]","[580.62, 24]",325.89,101,423.79,-0.03
07:42:47,"[114.0, 24]","[109.0, 16]","[489.44, 18]","[592.22, 23]",301.72,81,375.44,-0.01
07:42:48,"[114.0, 30]","[108.0, 10]","[247.64, 22]","[468.58, 38]",180.82,100,133.64,-0.2
07:42:49,"[114.0, 34]","[107.96, 56]","[204.8, 40]","[300.32, 50]",159.4,180,90.8,0.0
07:42:50,"[114.0, 14]","[108.0, 74]","[196.34, 41]","[214.61, 46]",155.17,175,82.34,0.01
07:42:51,"[114.0, 9]","[109.62, 37]","[194.0, 36]","[242.0, 27]",154.0,109,80.0,-0.16
07:42:52,"[114.5, 12]","[113.1, 30]","[194.0, 48]","[242.0, 36]",154.25,126,79.5,-0.33
07:42:53,"[110.31, 58]","[108.42, 43]","[194.0, 44]","[294.97, 38]",152.16,183,83.69,0.1
07:42:54,"[110.0, 147]","[108.0, 128]","[173.24, 42]","[328.08, 37]",141.62,354,63.24,0.55
07:42:55,"[110.85, 97]","[109.08, 152]","[130.8, 40]","[131.85, 52]",120.82,341,19.95,0.46
07:42:56,"[111.1, 40]","[110.0, 70]","[128.62, 32]","[129.6, 40]",119.86,182,17.53,0.21
07:42:57,"[112.0, 34]","[110.0, 91]","[123.59, 34]","[125.27, 30]",117.79,189,11.59,0.32
07:42:58,"[112.0, 24]","[110.0, 84]","[119.4, 40]","[120.36, 44]",115.7,192,7.4,0.12
07:42:59,"[111.07, 45]","[109.7, 99]","[113.85, 52]","[114.92, 48]",112.46,244,2.78,0.18
07:43:00,"[109.63, 54]","[107.91, 44]","[111.33, 24]","[126.0, 40]",110.48,162,1.7,0.21
07:43:01,"[108.0, 30]","[106.45, 22]","[110.67, 12]","[177.0, 24]",109.33,88,2.67,0.18
07:43:02,"[107.93, 58]","[106.02, 96]","[190.53, 30]","[326.19, 21]",149.23,205,82.6,0.5
07:43:03,"[106.02, 92]","[101.03, 37]","[170.11, 35]","[332.0, 11]",138.07,175,64.09,0.47
07:43:04,"[109.21, 57]","[107.16, 32]","[213.05, 22]","[308.7, 43]",161.13,154,103.83,0.16
07:43:05,"[110.0, 131]","[107.67, 36]","[230.4, 20]","[275.55, 29]",170.2,216,120.4,0.55
07:43:06,"[110.0, 120]","[107.0, 12]","[220.17, 12]","[253.07, 15]",165.08,159,110.17,0.66
07:43:07,"[110.0, 73]","[106.02, 82]","[200.4, 10]","[285.11, 28]",155.2,193,90.4,0.61
07:43:08,"[110.11, 72]","[107.7, 54]","[168.71, 21]","[256.03, 39]",139.41,186,58.6,0.35
07:43:09,"[114.0, 13]","[110.0, 91]","[167.0, 13]","[241.85, 52]",140.5,169,53.0,0.23
07:43:10,"[110.21, 58]","[108.98, 43]","[152.0, 23]","[215.85, 47]",131.1,171,41.79,0.18
07:43:11,"[109.71, 41]","[107.54, 26]","[155.18, 22]","[328.0, 40]",132.44,129,45.47,0.04
07:43:12,"[116.0, 42]","[108.57, 28]","[155.0, 42]","[366.76, 42]",135.5,154,39.0,-0.09
07:43:13,"[113.6, 15]","[108.73, 22]","[153.09, 33]","[373.5, 24]",133.35,94,39.49,-0.21
07:43:14,"[112.0, 9]","[108.0, 18]","[149.62, 29]","[164.96, 25]",130.81,81,37.62,-0.33
07:43:15,"[112.67, 9]","[110.0, 12]","[142.38, 39]","[146.73, 37]",127.53,97,29.72,-0.57
07:43:16,"[111.18, 11]","[108.52, 23]","[137.0, 44]","[146.0, 55]",124.09,133,25.82,-0.49
07:43:17,"[107.38, 13]","[106.16, 125]","[145.32, 57]","[146.75, 40]",126.35,235,37.93,0.17
07:43:18,"[107.0, 13]","[106.0, 195]","[109.48, 46]","[122.88, 33]",108.24,287,2.48,0.45
07:43:19,"[106.05, 95]","[102.04, 91]","[108.3, 40]","[117.8, 25]",107.18,251,2.25,0.48
07:43:20,"[106.0, 174]","[68.33, 99]","[107.5, 32]","[196.85, 48]",106.75,353,1.5,0.55
07:43:21,"[106.0, 130]","[69.53, 58]","[271.63, 41]","[330.96, 26]",188.82,255,165.63,0.47
07:43:22,"[106.0, 145]","[76.05, 73]","[416.0, 16]","[497.62, 16]",261.0,250,310.0,0.74
07:43:23,"[106.0, 117]","[71.89, 9]","[262.33, 9]","[459.0, 9]",184.17,144,156.33,0.75
07:43:24,"[106.0, 109]","[77.06, 70]","[255.64, 11]","[605.05, 19]",180.82,209,149.64,0.71
07:43:25,"[106.0, 63]","[88.3, 60]","[177.47, 15]","[214.62, 37]",141.73,175,71.47,0.41
07:43:26,"[107.85, 39]","[103.69, 52]","[176.0, 40]","[351.18, 22]",141.92,153,68.15,0.19
07:43:27,"[107.35, 65]","[92.4, 55]","[175.71, 28]","[432.0, 35]",141.53,183,68.36,0.31
07:43:28,"[79.55, 104]","[64.64, 33]","[174.56, 36]","[370.82, 33]",127.05,206,95.01,0.33
07:43:29,"[76.7, 56]","[74.71, 35]","[173.25, 32]","[479.0, 8]",124.97,131,96.55,0.39
07:43:30,"[87.88, 25]","[80.66, 76]","[171.31, 52]","[550.18, 17]",129.59,170,83.43,0.19
07:43:31,"[76.0, 46]","[65.39, 46]","[152.84, 25]","[291.14, 29]",114.42,146,76.84,0.26
07:43:32,"[80.49, 88]","[67.23, 101]","[131.62, 32]","[132.44, 41]",106.06,262,51.14,0.44
07:43:33,"[81.08, 120]","[66.79, 131]","[129.3, 57]","[130.67, 36]",105.19,344,48.22,0.46
07:43:34,"[114.0, 54]","[73.87, 53]","[128.12, 32]","[129.0, 36]",121.06,175,14.12,0.22
07:43:35,"[114.0, 104]","[104.55, 47]","[125.4, 30]","[127.08, 48]",119.7,229,11.4,0.32
07:43:36,"[114.0, 52]","[106.0, 81]","[123.08, 26]","[124.38, 32]",118.54,191,9.08,0.39
07:43:37,"[114.0, 48]","[110.8, 20]","[121.25, 48]","[123.0, 48]",117.62,164,7.25,-0.17
07:43:38,"[114.0, 44]","[111.0, 22]","[117.36, 44]","[119.45, 44]",115.68,154,3.36,-0.14
07:43:39,"[114.0, 42]","[111.87, 31]","[115.09, 44]","[116.18, 44]",114.55,161,1.09,-0.09
07:43:40,"[113.25, 32]","[112.22, 27]","[115.5, 32]","[160.58, 36]",114.38,127,2.25,-0.07
07:43:41,"[113.0, 28]","[112.0, 30]","[115.5, 40]","[200.0, 50]",114.25,148,2.5,-0.22
07:43:42,"[112.15, 39]","[111.29, 31]","[113.92, 52]","[159.65, 54]",113.04,176,1.77,-0.2
07:43:43,"[112.0, 18]","[111.0, 18]","[321.02, 43]","[481.71, 41]",216.51,120,209.02,-0.4
07:43:44,"[113.91, 44]","[111.88, 16]","[216.0, 40]","[474.35, 31]",164.95,131,102.09,-0.08
07:43:45,"[114.0, 16]","[112.0, 12]","[215.83, 30]","[362.0, 15]",164.92,73,101.83,-0.23
07:43:46,"[114.0, 8]","[112.0, 16]","[215.0, 40]","[216.0, 40]",164.5,104,101.0,-0.54
07:43:47,"[110.24, 67]","[108.54, 26]","[214.69, 65]","[224.7, 37]",162.47,195,104.45,-0.05
07:43:48,"[110.72, 25]","[109.91, 65]","[165.0, 26]","[212.18, 34]",137.86,150,54.28,0.2
07:43:49,"[112.0, 9]","[110.0, 63]","[133.67, 45]","[497.8, 25]",122.83,142,21.67,0.01
07:43:50,"[110.4, 35]","[109.58, 57]","[133.0, 55]","[255.29, 35]",121.7,182,22.6,0.01
07:43:51,"[110.0, 42]","[107.0, 12]","[133.0, 30]","[137.0, 6]",121.5,90,23.0,0.2
07:43:52,"[111.33, 24]","[110.0, 42]","[132.33, 30]","[137.0, 6]",121.83,102,21.0,0.29
07:43:53,"[112.6, 80]","[110.35, 68]","[131.0, 55]","[137.0, 11]",121.8,214,18.4,0.38
07:43:54,"[113.0, 144]","[112.0, 36]","[129.11, 45]","[205.1, 21]",121.06,246,16.11,0.46
07:43:55,"[113.0, 144]","[112.0, 36]","[128.22, 45]","[142.0, 9]",120.61,234,15.22,0.54
07:43:56,"[113.0, 160]","[112.0, 40]","[125.7, 50]","[216.62, 26]",119.35,276,12.7,0.45
07:43:57,"[113.0, 91]","[112.0, 44]","[214.54, 39]","[306.47, 34]",163.77,208,101.54,0.3
07:43:58,"[114.64, 28]","[112.47, 19]","[206.09, 22]","[335.14, 28]",160.37,97,91.45,-0.03
07:43:59,"[112.0, 16]","[111.0, 8]","[160.5, 10]","[290.33, 18]",136.25,52,48.5,-0.08
07:44:00,"[112.0, 28]","[111.0, 14]","[230.0, 32]","[265.97, 32]",171.0,106,118.0,-0.21
07:44:01,"[110.0, 63]","[108.0, 9]","[152.9, 21]","[155.5, 12]",131.45,105,42.9,0.37
07:44:02,"[110.09, 65]","[108.41, 34]","[151.3, 20]","[152.4, 20]",130.7,139,41.21,0.42
07:44:03,"[110.42, 57]","[109.47, 38]","[147.0, 25]","[151.91, 22]",128.71,142,36.58,0.34
07:44:04,"[111.52, 21]","[109.6, 20]","[135.36, 45]","[151.25, 24]",123.44,110,23.83,-0.25
07:44:05,"[114.0, 9]","[110.0, 18]","[150.0, 18]","[158.11, 18]",132.0,63,36.0,-0.14
07:44:06,"[115.96, 93]","[112.55, 11]","[148.44, 18]","[171.38, 26]",132.2,148,32.49,0.41
07:44:07,"[116.0, 104]","[114.0, 8]","[145.58, 24]","[147.5, 24]",130.79,160,29.58,0.4
07:44:08,"[116.0, 182]","[114.0, 14]","[143.53, 38]","[144.22, 46]",129.76,280,27.53,0.4
07:44:09,"[116.0, 208]","[114.0, 16]","[140.91, 46]","[143.08, 50]",128.46,320,24.91,0.4
07:44:10,"[116.0, 54]","[114.0, 6]","[118.11, 18]","[133.0, 18]",117.06,96,2.11,0.25
07:44:11,"[116.0, 43]","[114.0, 9]","[117.77, 26]","[288.24, 33]",116.88,111,1.77,-0.06
07:44:12,"[116.0, 36]","[114.0, 12]","[368.22, 36]","[476.09, 44]",242.11,128,252.22,-0.25
07:44:13,"[113.5, 36]","[110.21, 38]","[514.88, 40]","[745.4, 10]",314.19,124,401.38,0.19
07:44:14,"[113.0, 35]","[110.0, 34]","[479.21, 19]","[486.5, 20]",296.11,108,366.21,0.28
07:44:15,"[112.52, 46]","[110.24, 29]","[272.46, 59]","[420.05, 57]",192.49,191,159.94,-0.21
07:44:16,"[109.67, 36]","[107.27, 30]","[180.75, 36]","[363.45, 42]",145.21,144,71.08,-0.08
07:44:17,"[110.0, 112]","[107.0, 11]","[175.06, 32]","[232.83, 53]",142.53,208,65.06,0.18
07:44:18,"[110.0, 90]","[107.0, 9]","[178.0, 27]","[409.33, 45]",144.0,171,68.0,0.16
07:44:19,"[110.0, 90]","[107.0, 9]","[178.0, 27]","[396.92, 24]",144.0,150,68.0,0.32
07:44:20,"[110.39, 99]","[109.61, 46]","[166.4, 25]","[248.08, 25]",138.4,195,56.01,0.49
07:44:21,"[111.64, 55]","[110.0, 134]","[176.5, 24]","[190.21, 34]",144.07,247,64.86,0.53
07:44:22,"[112.0, 81]","[110.11, 131]","[173.85, 41]","[174.77, 39]",142.93,292,61.85,0.45
07:44:23,"[112.0, 62]","[111.0, 26]","[133.11, 27]","[144.55, 29]",122.56,144,21.11,0.22
07:44:24,"[111.0, 16]","[110.0, 192]","[113.0, 16]","[302.5, 16]",112.0,240,2.0,0.73
07:44:25,"[111.0, 20]","[110.0, 237]","[112.7, 20]","[201.2, 20]",111.85,297,1.7,0.73
07:44:26,"[111.0, 16]","[110.0, 180]","[112.0, 16]","[331.88, 16]",111.5,228,1.0,0.72
07:44:27,"[111.0, 12]","[110.0, 162]","[112.0, 12]","[260.0, 12]",111.5,198,1.0,0.76
07:44:28,"[111.0, 22]","[110.0, 187]","[112.0, 22]","[162.64, 22]",111.5,253,1.0,0.65
07:44:29,"[111.0, 20]","[110.0, 170]","[112.0, 20]","[167.0, 20]",111.5,230,1.0,0.65
07:44:30,"[111.0, 26]","[110.0, 293]","[169.92, 25]","[287.46, 26]",140.46,370,58.92,0.72
07:44:31,"[112.69, 16]","[110.04, 167]","[192.64, 14]","[261.0, 20]",152.67,217,79.96,0.69
07:44:32,"[110.07, 82]","[109.89, 146]","[113.4, 20]","[122.25, 16]",111.74,264,3.33,0.73
07:44:33,"[110.0, 183]","[108.0, 24]","[112.74, 19]","[113.58, 24]",111.37,250,2.74,0.66
07:44:34,"[110.0, 120]","[108.0, 24]","[112.83, 24]","[238.5, 24]",111.42,192,2.83,0.5
07:44:35,"[110.0, 52]","[108.0, 16]","[217.25, 16]","[392.86, 14]",163.62,98,107.25,0.39
07:44:36,"[110.0, 6]","[108.0, 6]","[524.0, 6]","[0, 0]",317.0,18,414.0,0.33
07:44:37,"[110.0, 38]","[108.0, 12]","[578.0, 12]","[0, 0]",344.0,62,468.0,0.61
07:44:38,"[110.0, 44]","[108.0, 12]","[433.67, 12]","[623.0, 4]",271.83,72,323.67,0.56
07:44:39,"[110.0, 20]","[108.0, 10]","[209.5, 14]","[273.69, 13]",159.75,57,99.5,0.05
07:44:40,"[110.0, 24]","[108.0, 14]","[208.14, 21]","[210.0, 21]",159.07,80,98.14,-0.05
07:44:41,"[110.0, 33]","[108.0, 22]","[205.82, 33]","[207.18, 33]",157.91,121,95.82,-0.09
07:44:42,"[111.92, 13]","[110.17, 29]","[201.85, 39]","[203.38, 39]",156.88,120,89.92,-0.3
07:44:43,"[113.0, 6]","[111.86, 14]","[183.06, 17]","[194.71, 17]",148.03,54,70.06,-0.26
07:44:44,"[113.0, 10]","[112.0, 30]","[140.0, 30]","[177.2, 25]",126.5,95,27.0,-0.16
07:44:45,"[110.3, 40]","[110.4, 20]","[154.15, 20]","[237.83, 23]",132.22,103,43.85,0.17
07:44:46,"[110.0, 54]","[108.0, 12]","[163.88, 16]","[170.67, 6]",136.94,88,53.88,0.5
07:44:47,"[110.9, 30]","[109.41, 34]","[162.86, 21]","[170.6, 15]",136.88,100,51.96,0.28
07:44:48,"[116.0, 32]","[110.71, 28]","[160.38, 8]","[163.0, 24]",138.19,92,44.38,0.3
07:44:49,"[116.0, 32]","[110.0, 28]","[159.12, 8]","[163.0, 24]",137.56,92,43.12,0.3
07:44:50,"[116.0, 21]","[110.0, 28]","[158.27, 11]","[161.65, 17]",137.14,77,42.27,0.27
07:44:51,"[116.0, 30]","[111.47, 55]","[156.22, 18]","[157.55, 22]",136.11,125,40.22,0.36
07:44:52,"[113.0, 70]","[110.0, 52]","[154.12, 25]","[155.44, 39]",133.56,186,41.12,0.31
07:44:53,"[113.0, 56]","[110.22, 54]","[147.4, 50]","[148.68, 44]",130.2,204,34.4,0.08
07:44:54,"[113.0, 18]","[112.0, 27]","[144.91, 33]","[145.29, 21]",128.95,99,31.91,-0.09
07:44:55,"[113.0, 9]","[112.0, 27]","[141.82, 17]","[143.59, 29]",127.41,82,28.82,-0.12
07:44:56,"[113.0, 5]","[112.0, 15]","[138.31, 13]","[138.69, 13]",125.65,46,25.31,-0.13
07:44:57,"[113.0, 13]","[112.0, 39]","[134.31, 13]","[136.28, 25]",123.65,90,21.31,0.16
07:44:58,"[113.87, 23]","[112.53, 19]","[130.62, 21]","[131.35, 17]",122.24,80,16.75,0.05
07:44:59,"[114.0, 20]","[113.0, 10]","[125.79, 14]","[127.7, 10]",119.89,54,11.79,0.11
07:45:00,"[114.0, 26]","[113.0, 13]","[120.19, 21]","[123.02, 45]",117.1,105,6.19,-0.26
07:45:01,"[113.84, 19]","[112.53, 19]","[115.6, 25]","[116.14, 37]",114.72,100,1.76,-0.24
07:45:02,"[112.32, 22]","[110.43, 46]","[113.9, 10]","[452.5, 20]",113.11,98,1.58,0.39
07:45:03,"[110.11, 35]","[108.5, 24]","[113.71, 7]","[518.29, 21]",111.91,87,3.6,0.36
07:45:04,"[111.39, 51]","[109.77, 26]","[309.93, 14]","[464.67, 27]",210.66,118,198.54,0.31
07:45:05,"[112.0, 24]","[110.0, 12]","[510.0, 12]","[748.0, 16]",311.0,64,398.0,0.12
07:45:06,"[112.0, 60]","[110.0, 30]","[416.1, 30]","[571.09, 33]",264.05,153,304.1,0.18
07:45:07,"[112.0, 33]","[110.0, 30]","[173.0, 30]","[249.0, 30]",142.5,123,61.0,0.02
07:45:08,"[112.0, 7]","[110.0, 18]","[131.18, 17]","[212.35, 17]",121.59,59,19.18,-0.15
07:45:09,"[108.48, 25]","[107.53, 30]","[130.0, 18]","[131.0, 6]",119.24,79,21.52,0.39
07:45:10,"[116.0, 24]","[108.51, 47]","[129.38, 24]","[131.0, 8]",122.69,103,13.38,0.38
07:45:11,"[114.0, 24]","[109.6, 30]","[117.5, 18]","[125.43, 14]",115.75,86,3.5,0.26
07:45:12,"[110.0, 32]","[108.0, 24]","[116.0, 24]","[273.91, 22]",113.0,102,6.0,0.1
07:45:13,"[110.0, 28]","[108.0, 21]","[115.43, 21]","[205.68, 19]",112.71,89,5.43,0.1
07:45:14,"[110.0, 24]","[108.0, 18]","[115.0, 18]","[230.0, 20]",112.5,80,5.0,0.05
07:45:15,"[110.0, 28]","[108.0, 21]","[113.71, 21]","[537.43, 35]",111.86,105,3.71,-0.07
07:45:16,"[110.0, 27]","[108.0, 27]","[112.56, 27]","[421.13, 31]",111.28,112,2.56,-0.04
07:45:17,"[110.0, 30]","[107.13, 46]","[250.72, 32]","[496.59, 46]",180.36,154,140.72,-0.01
07:45:18,"[114.0, 10]","[110.0, 30]","[131.0, 50]","[340.2, 30]",122.5,120,17.0,-0.33
07:45:19,"[113.64, 14]","[110.94, 34]","[219.58, 60]","[420.08, 52]",166.61,160,105.94,-0.4
07:45:20,"[113.0, 4]","[111.0, 8]","[308.5, 12]","[501.0, 20]",210.75,44,195.5,-0.45
07:45:21,"[113.0, 8]","[111.0, 16]","[156.23, 35]","[168.89, 36]",134.61,95,43.23,-0.49
07:45:22,"[113.0, 12]","[111.0, 20]","[154.2, 50]","[155.14, 58]",133.6,140,41.2,-0.54
07:45:23,"[110.13, 67]","[108.26, 35]","[154.78, 51]","[173.55, 55]",132.46,208,44.65,-0.02
07:45:24,"[110.0, 64]","[108.0, 32]","[152.77, 26]","[186.61, 36]",131.38,158,42.77,0.22
07:45:25,"[110.0, 80]","[108.0, 40]","[130.71, 42]","[140.47, 38]",120.36,200,20.71,0.2
07:45:26,"[110.0, 55]","[108.0, 36]","[129.67, 27]","[144.55, 31]",119.83,149,19.67,0.22
07:45:27,"[110.0, 75]","[107.22, 18]","[127.47, 45]","[128.47, 45]",118.73,183,17.47,0.02
07:45:28,"[108.81, 67]","[107.78, 51]","[125.81, 48]","[127.19, 48]",117.31,214,17.01,0.1
07:45:29,"[108.37, 38]","[107.73, 22]","[125.0, 30]","[127.0, 30]",116.68,120,16.63,0.0
07:45:30,"[109.38, 39]","[108.0, 52]","[123.08, 39]","[124.38, 39]",116.23,169,13.69,0.08
07:45:31,"[111.0, 27]","[108.0, 36]","[122.0, 27]","[124.0, 27]",116.5,117,11.0,0.08
07:45:32,"[111.6, 30]","[108.0, 40]","[120.5, 30]","[121.7, 30]",116.05,130,8.9,0.08
07:45:33,"[112.0, 21]","[108.0, 28]","[118.0, 21]","[119.0, 21]",115.0,91,6.0,0.08
07:45:34,"[112.0, 29]","[109.8, 80]","[117.46, 39]","[118.46, 39]",114.73,187,5.46,0.17
07:45:35,"[112.0, 7]","[110.0, 56]","[117.0, 21]","[118.0, 21]",114.5,105,5.0,0.2
07:45:36,"[113.64, 121]","[112.97, 125]","[115.8, 45]","[117.2, 45]",114.72,336,2.16,0.46
07:45:37,"[114.0, 24]","[113.0, 66]","[115.0, 16]","[207.71, 21]",114.5,127,1.0,0.42
07:45:38,"[114.0, 34]","[113.0, 110]","[154.69, 26]","[225.29, 31]",134.35,201,40.69,0.43
07:45:39,"[114.0, 6]","[113.0, 33]","[347.2, 5]","[571.33, 6]",230.6,50,233.2,0.56
07:45:40,"[114.0, 18]","[113.0, 99]","[286.6, 10]","[328.71, 17]",200.3,144,172.6,0.62
07:45:41,"[113.0, 45]","[112.0, 5]","[250.8, 5]","[442.4, 10]",181.9,65,137.8,0.54
07:45:42,"[113.0, 72]","[112.0, 8]","[269.56, 18]","[302.13, 15]",191.28,113,156.56,0.42
07:45:43,"[113.0, 50]","[112.0, 12]","[276.79, 56]","[281.57, 49]",194.89,167,163.79,-0.26
07:45:44,"[113.0, 11]","[112.0, 11]","[226.91, 33]","[260.7, 46]",169.95,101,113.91,-0.56
07:45:45,"[113.0, 25]","[112.0, 10]","[171.79, 38]","[198.67, 36]",142.39,109,58.79,-0.36
07:45:46,"[113.0, 36]","[112.0, 9]","[169.09, 22]","[171.69, 39]",141.05,106,56.09,-0.15
07:45:47,"[112.83, 23]","[111.64, 11]","[168.0, 44]","[169.0, 22]",140.41,100,55.17,-0.32
07:45:48,"[115.48, 46]","[111.45, 11]","[166.14, 42]","[168.5, 24]",140.81,123,50.66,-0.07
07:45:49,"[116.0, 104]","[112.0, 13]","[162.73, 56]","[163.58, 43]",139.37,216,46.73,0.08
07:45:50,"[116.0, 64]","[113.67, 36]","[158.26, 47]","[159.75, 52]",137.13,199,42.26,0.01
07:45:51,"[116.0, 60]","[114.0, 72]","[155.34, 53]","[157.91, 55]",135.67,240,39.34,0.1
07:45:52,"[116.0, 30]","[114.0, 36]","[154.89, 27]","[159.0, 18]",135.44,111,38.89,0.19
07:45:53,"[115.74, 31]","[113.93, 92]","[155.27, 44]","[158.78, 36]",135.51,203,39.53,0.21
07:45:54,"[114.0, 32]","[113.0, 48]","[153.33, 18]","[154.18, 22]",133.67,120,39.33,0.33
07:45:55,"[114.0, 24]","[113.0, 36]","[151.59, 17]","[152.54, 13]",132.79,90,37.59,0.33
07:45:56,"[114.0, 36]","[113.0, 54]","[148.13, 23]","[149.55, 22]",131.07,135,34.13,0.33
07:45:57,"[114.0, 60]","[113.0, 90]","[142.43, 42]","[143.72, 43]",128.21,235,28.43,0.28
07:45:58,"[114.0, 60]","[113.0, 90]","[136.03, 36]","[137.45, 42]",125.01,228,22.03,0.32
07:45:59,"[113.18, 44]","[110.82, 51]","[133.0, 24]","[134.0, 24]",123.09,143,19.82,0.33
07:46:00,"[113.0, 78]","[111.0, 26]","[131.84, 38]","[133.03, 32]",122.42,174,18.84,0.2
07:46:01,"[113.0, 96]","[111.96, 47]","[129.88, 48]","[131.29, 42]",121.44,233,16.88,0.23
07:46:02,"[113.0, 36]","[112.0, 42]","[127.85, 40]","[129.42, 38]",120.42,156,14.85,0.0
07:46:03,"[113.0, 18]","[112.0, 27]","[119.3, 23]","[121.73, 22]",116.15,90,6.3,0.0
07:46:04,"[112.52, 44]","[111.84, 43]","[114.94, 35]","[225.16, 64]",113.73,186,2.42,-0.06
07:46:05,"[112.0, 9]","[111.0, 7]","[298.93, 28]","[470.19, 21]",205.46,65,186.93,-0.51
07:46:06,"[112.92, 49]","[111.69, 13]","[341.81, 27]","[404.5, 26]",227.37,115,228.9,0.08
07:46:07,"[113.0, 90]","[112.0, 18]","[308.7, 37]","[332.22, 36]",210.85,181,195.7,0.19
07:46:08,"[113.0, 48]","[112.0, 11]","[272.86, 21]","[299.06, 17]",192.93,97,159.86,0.22
07:46:09,"[113.0, 48]","[112.0, 40]","[235.91, 35]","[260.37, 27]",174.46,150,122.91,0.17
07:46:10,"[113.0, 32]","[112.0, 12]","[139.94, 47]","[180.13, 46]",126.47,137,26.94,-0.36
07:46:11,"[113.0, 11]","[112.0, 11]","[114.0, 22]","[184.14, 42]",113.5,86,1.0,-0.49
07:46:12,"[111.7, 10]","[110.25, 28]","[113.43, 21]","[316.87, 39]",112.56,98,1.73,-0.22
07:46:13,"[111.0, 8]","[110.0, 56]","[112.0, 24]","[113.0, 16]",111.5,104,1.0,0.23
07:46:14,"[110.02, 64]","[108.56, 25]","[111.85, 13]","[115.18, 22]",110.93,124,1.83,0.44
07:46:15,"[110.0, 53]","[108.0, 18]","[111.0, 9]","[225.29, 28]",110.5,108,1.0,0.31
07:46:16,"[110.0, 22]","[108.0, 22]","[267.61, 49]","[321.67, 51]",188.81,144,157.61,-0.39
07:46:17,"[111.0, 4]","[107.19, 16]","[319.0, 16]","[331.25, 20]",215.0,56,208.0,-0.29
07:46:18,"[112.0, 6]","[108.0, 6]","[319.0, 24]","[476.83, 30]",215.5,66,207.0,-0.64
07:46:19,"[114.0, 20]","[112.0, 4]","[319.0, 16]","[541.0, 20]",216.5,60,205.0,-0.2
07:46:20,"[113.53, 85]","[109.96, 55]","[254.27, 82]","[345.36, 78]",183.9,300,140.74,-0.07
07:46:21,"[110.0, 6]","[108.0, 6]","[185.71, 28]","[315.33, 24]",147.86,64,75.71,-0.62
07:46:22,"[110.0, 12]","[107.92, 12]","[275.52, 50]","[315.25, 48]",192.76,122,165.52,-0.61
07:46:23,"[109.71, 14]","[108.03, 37]","[288.91, 45]","[291.51, 51]",199.31,147,179.2,-0.31
07:46:24,"[110.71, 28]","[108.29, 28]","[279.92, 48]","[308.77, 53]",195.32,157,169.2,-0.29
07:46:25,"[111.46, 63]","[111.78, 63]","[165.21, 58]","[181.76, 58]",138.33,242,53.75,0.04
07:46:26,"[112.34, 29]","[111.74, 46]","[140.53, 49]","[165.09, 44]",126.44,168,28.19,-0.11
07:46:27,"[112.0, 68]","[110.98, 65]","[115.66, 70]","[148.1, 79]",113.83,282,3.66,-0.06
07:46:28,"[112.0, 36]","[111.0, 36]","[113.0, 36]","[114.0, 36]",112.5,144,1.0,0.0
07:46:29,"[111.0, 40]","[110.0, 70]","[114.0, 40]","[151.32, 22]",112.5,172,3.0,0.28
07:46:30,"[111.0, 39]","[110.0, 77]","[113.64, 44]","[232.0, 35]",112.32,195,2.64,0.19
07:46:31,"[111.0, 21]","[110.0, 49]","[113.0, 28]","[392.29, 35]",112.0,133,2.0,0.05
07:46:32,"[111.0, 21]","[110.0, 49]","[113.0, 28]","[485.0, 15]",112.0,113,2.0,0.24
07:46:33,"[111.0, 24]","[110.0, 56]","[112.12, 32]","[217.0, 8]",111.56,120,1.12,0.33
07:46:34,"[110.57, 42]","[109.72, 65]","[111.92, 39]","[162.16, 31]",111.25,177,1.35,0.21
07:46:35,"[109.33, 27]","[107.42, 36]","[140.0, 18]","[300.95, 20]",124.67,101,30.67,0.25
07:46:36,"[108.0, 23]","[107.0, 56]","[270.65, 34]","[338.81, 32]",189.32,145,162.65,0.09
07:46:37,"[107.11, 55]","[106.25, 84]","[273.0, 40]","[312.67, 30]",190.05,209,165.89,0.33
07:46:38,"[107.06, 50]","[106.1, 70]","[232.32, 25]","[300.25, 24]",169.69,169,125.26,0.42
07:46:39,"[107.31, 39]","[106.38, 73]","[184.38, 13]","[230.9, 29]",145.85,154,77.08,0.45
07:46:40,"[107.0, 56]","[106.0, 72]","[270.62, 26]","[387.15, 27]",188.81,181,163.62,0.41
07:46:41,"[107.0, 84]","[106.0, 153]","[164.12, 48]","[185.93, 69]",135.56,354,57.12,0.34
07:46:42,"[107.0, 30]","[106.0, 135]","[134.4, 53]","[134.96, 48]",120.7,266,27.4,0.24
07:46:43,"[114.71, 14]","[106.73, 33]","[129.55, 29]","[131.72, 25]",122.13,101,14.84,-0.07
07:46:44,"[114.59, 17]","[108.4, 30]","[124.27, 59]","[125.36, 55]",119.43,161,9.68,-0.42
07:46:45,"[116.0, 12]","[110.0, 24]","[118.56, 32]","[118.83, 60]",117.28,128,2.56,-0.44
07:46:46,"[110.35, 34]","[107.46, 26]","[117.44, 57]","[118.85, 65]",113.9,182,7.09,-0.34
07:46:47,"[110.0, 45]","[107.0, 28]","[115.75, 64]","[117.29, 70]",112.88,207,5.75,-0.29
07:46:48,"[106.46, 91]","[104.16, 90]","[110.66, 58]","[111.48, 67]",108.56,306,4.19,0.18
07:46:49,"[106.01, 109]","[48.96, 54]","[109.12, 32]","[110.66, 47]",107.57,242,3.12,0.35
07:46:50,"[106.0, 99]","[92.0, 22]","[107.7, 43]","[108.59, 34]",106.85,198,1.7,0.22
07:46:51,"[106.0, 25]","[89.09, 22]","[109.29, 21]","[246.45, 31]",107.64,99,3.29,-0.05
07:46:52,"[95.45, 33]","[87.33, 30]","[110.0, 22]","[296.42, 53]",102.73,138,14.55,-0.09
07:46:53,"[104.42, 19]","[104.0, 33]","[109.08, 24]","[294.46, 52]",106.75,128,4.66,-0.19
07:46:54,"[104.41, 49]","[100.85, 59]","[107.6, 30]","[241.52, 42]",106.0,180,3.19,0.2
07:46:55,"[104.0, 82]","[76.62, 26]","[106.21, 34]","[208.74, 34]",105.1,176,2.21,0.23
07:46:56,"[104.09, 22]","[98.78, 18]","[106.0, 13]","[149.27, 30]",105.05,83,1.91,-0.04
07:46:57,"[85.5, 24]","[60.3, 20]","[105.0, 7]","[133.0, 30]",95.25,81,19.5,0.09
07:46:58,"[94.7, 46]","[80.75, 32]","[236.65, 17]","[299.37, 49]",165.67,144,141.95,0.08
07:46:59,"[91.07, 15]","[76.0, 30]","[252.77, 13]","[470.48, 23]",171.92,81,161.7,0.11
07:47:00,"[90.0, 12]","[75.0, 24]","[103.75, 16]","[223.5, 12]",96.88,64,13.75,0.12
07:47:01,"[91.6, 10]","[90.0, 10]","[103.11, 9]","[149.8, 15]",97.36,44,11.51,-0.09
07:47:02,"[92.12, 16]","[90.0, 16]","[103.25, 8]","[197.6, 10]",97.69,50,11.12,0.28
07:47:03,"[93.0, 18]","[90.0, 18]","[103.22, 23]","[104.77, 13]",98.11,72,10.22,0.0
07:47:04,"[94.43, 28]","[72.78, 36]","[103.56, 18]","[271.79, 19]",98.99,101,9.13,0.27
07:47:05,"[98.0, 28]","[93.0, 14]","[103.0, 7]","[104.0, 7]",100.5,56,5.0,0.5
07:47:06,"[95.37, 19]","[89.86, 28]","[103.0, 7]","[104.0, 7]",99.18,61,7.63,0.54
07:47:07,"[96.0, 10]","[94.0, 25]","[103.0, 5]","[104.0, 5]",99.5,45,7.0,0.56
07:47:08,"[97.8, 15]","[94.3, 27]","[103.0, 6]","[104.0, 6]",100.4,54,5.2,0.56
07:47:09,"[101.83, 30]","[99.7, 33]","[146.62, 29]","[250.67, 9]",124.23,101,44.79,0.25
07:47:10,"[102.96, 25]","[101.0, 19]","[422.4, 15]","[511.45, 22]",262.68,81,319.44,0.09
07:47:11,"[105.31, 32]","[104.12, 16]","[272.97, 33]","[401.04, 23]",189.14,104,167.66,-0.08
07:47:12,"[111.0, 9]","[106.3, 27]","[290.0, 28]","[525.71, 21]",200.5,85,179.0,-0.15
07:47:13,"[116.0, 14]","[114.0, 14]","[290.0, 28]","[456.15, 27]",203.0,83,174.0,-0.33
07:47:14,"[116.0, 14]","[114.0, 14]","[232.16, 25]","[271.82, 33]",174.08,86,116.16,-0.35
07:47:15,"[116.0, 22]","[114.0, 22]","[275.0, 50]","[330.6, 48]",195.5,142,159.0,-0.38
07:47:16,"[114.75, 16]","[113.09, 11]","[193.87, 39]","[395.21, 38]",154.31,104,79.12,-0.48
07:47:17,"[114.0, 16]","[112.0, 8]","[331.42, 38]","[387.73, 33]",222.71,95,217.42,-0.49
07:47:18,"[114.0, 6]","[112.0, 3]","[275.0, 12]","[387.0, 15]",194.5,36,161.0,-0.5
07:47:19,"[114.0, 14]","[112.0, 7]","[198.79, 19]","[256.0, 32]",156.39,72,84.79,-0.42
07:47:20,"[114.0, 16]","[112.0, 8]","[197.58, 12]","[223.1, 29]",155.79,65,83.58,-0.26
07:47:21,"[114.0, 30]","[112.0, 15]","[195.48, 46]","[195.72, 25]",154.74,116,81.48,-0.22
07:47:22,"[113.25, 24]","[111.5, 12]","[189.94, 33]","[190.32, 47]",151.59,116,76.69,-0.38
07:47:23,"[111.29, 14]","[110.36, 22]","[117.16, 43]","[137.45, 42]",114.22,121,5.88,-0.4
07:47:24,"[109.41, 17]","[106.57, 42]","[111.19, 75]","[144.33, 57]",110.3,191,1.77,-0.38
07:47:25,"[96.08, 73]","[70.53, 115]","[108.37, 43]","[148.79, 48]",102.23,279,12.29,0.35
07:47:26,"[71.61, 126]","[36.98, 62]","[129.87, 45]","[342.64, 28]",100.74,261,58.26,0.44
07:47:27,"[64.45, 49]","[30.46, 63]","[254.19, 32]","[318.48, 23]",159.32,167,189.74,0.34
07:47:28,"[45.9, 41]","[25.79, 82]","[191.7, 27]","[259.93, 28]",118.8,178,145.8,0.38
07:47:29,"[61.83, 59]","[25.48, 56]","[143.72, 29]","[131.35, 37]",102.78,181,81.89,0.27
07:47:30,"[110.42, 48]","[83.82, 55]","[247.0, 18]","[259.67, 18]",178.71,139,136.58,0.48
07:47:31,"[111.0, 34]","[110.0, 42]","[221.0, 10]","[275.91, 11]",166.0,97,110.0,0.57
07:47:32,"[111.12, 96]","[110.42, 72]","[244.56, 18]","[284.78, 18]",177.84,204,133.43,0.65
07:47:33,"[112.46, 52]","[111.64, 66]","[215.2, 20]","[309.39, 23]",163.83,161,102.74,0.47
07:47:34,"[113.3, 20]","[112.0, 70]","[244.0, 26]","[471.24, 25]",178.65,141,130.7,0.28
07:47:35,"[112.0, 20]","[111.0, 100]","[181.8, 35]","[368.12, 32]",146.9,187,69.8,0.28
07:47:36,"[112.0, 18]","[111.0, 90]","[156.14, 21]","[242.39, 33]",134.07,162,44.14,0.33
07:47:37,"[112.0, 18]","[111.0, 90]","[155.0, 18]","[439.67, 15]",133.5,141,43.0,0.53
07:47:38,"[112.0, 9]","[111.0, 80]","[252.47, 15]","[512.83, 12]",182.23,116,140.47,0.53
07:47:39,"[114.22, 9]","[111.11, 45]","[153.22, 36]","[274.43, 14]",133.72,104,39.0,0.04
07:47:40,"[115.71, 14]","[111.57, 23]","[152.48, 58]","[233.4, 40]",134.1,135,36.77,-0.45
07:47:41,"[111.01, 71]","[110.17, 59]","[149.75, 36]","[151.71, 28]",130.38,194,38.74,0.34
07:47:42,"[111.0, 110]","[110.0, 85]","[127.49, 35]","[132.02, 53]",119.24,283,16.49,0.38
07:47:43,"[110.61, 82]","[109.77, 71]","[126.54, 35]","[127.89, 53]",118.58,241,15.93,0.27
07:47:44,"[110.0, 72]","[108.0, 18]","[125.0, 45]","[126.0, 27]",117.5,162,15.0,0.11
07:47:45,"[110.51, 47]","[109.67, 48]","[122.97, 31]","[124.71, 41]",116.74,167,12.46,0.14
07:47:46,"[112.0, 21]","[110.0, 80]","[122.0, 50]","[123.0, 30]",117.0,181,10.0,0.12
07:47:47,"[111.24, 25]","[109.48, 46]","[120.7, 64]","[121.75, 64]",115.97,199,9.46,-0.29
07:47:48,"[112.29, 7]","[110.43, 7]","[119.0, 35]","[120.0, 21]",115.64,70,6.71,-0.6
07:47:49,"[108.56, 25]","[94.7, 23]","[119.0, 65]","[120.0, 39]",113.78,152,10.44,-0.37
07:47:50,"[106.5, 40]","[99.51, 37]","[117.98, 41]","[119.35, 31]",112.24,149,11.48,0.03
07:47:51,"[107.0, 64]","[106.0, 80]","[114.51, 68]","[115.83, 60]",110.76,272,7.51,0.06
07:47:52,"[107.15, 27]","[106.29, 56]","[110.58, 36]","[114.0, 60]",108.87,179,3.44,-0.07
07:47:53,"[106.17, 12]","[101.18, 51]","[110.0, 36]","[114.0, 60]",108.08,159,3.83,-0.21
07:47:54,"[106.0, 6]","[99.0, 8]","[110.0, 18]","[114.0, 30]",108.0,62,4.0,-0.55
07:47:55,"[106.0, 8]","[99.12, 8]","[110.77, 26]","[114.43, 37]",108.38,79,4.77,-0.59
07:47:56,"[106.0, 14]","[101.0, 14]","[112.86, 70]","[214.44, 52]",109.43,150,6.86,-0.63
07:47:57,"[97.31, 13]","[83.38, 37]","[108.78, 64]","[110.08, 65]",103.04,179,11.47,-0.44
07:47:58,"[87.71, 31]","[78.97, 31]","[106.28, 50]","[107.31, 54]",96.99,166,18.57,-0.25
07:47:59,"[91.88, 16]","[84.5, 56]","[104.47, 53]","[105.56, 80]",98.17,205,12.6,-0.3
07:48:00,"[93.07, 67]","[85.22, 101]","[102.35, 17]","[103.34, 61]",97.71,246,9.28,0.37
07:48:01,"[87.08, 137]","[55.49, 59]","[100.69, 13]","[102.92, 65]",93.89,274,13.61,0.43
07:48:02,"[88.5, 110]","[47.91, 46]","[97.75, 16]","[98.86, 14]",93.12,186,9.25,0.68
07:48:03,"[89.69, 143]","[49.75, 53]","[99.93, 28]","[101.76, 45]",94.81,269,10.24,0.46
07:48:04,"[91.32, 148]","[53.64, 36]","[101.67, 24]","[102.69, 39]",96.5,247,10.34,0.49
07:48:05,"[92.0, 99]","[17.11, 9]","[102.0, 18]","[103.0, 27]",97.0,153,10.0,0.41
07:48:06,"[92.22, 99]","[35.0, 9]","[102.0, 18]","[103.0, 27]",97.11,153,9.78,0.41
07:48:07,"[95.83, 66]","[35.0, 6]","[102.0, 12]","[103.0, 18]",98.92,102,6.17,0.41
07:48:08,"[97.0, 77]","[35.0, 17]","[98.47, 17]","[102.2, 15]",97.74,126,1.47,0.49
07:48:09,"[62.11, 36]","[32.57, 23]","[101.69, 26]","[102.96, 47]",81.9,132,39.58,-0.11
07:48:10,"[36.08, 25]","[33.25, 16]","[129.27, 11]","[117.41, 41]",82.68,93,93.19,-0.12
07:48:11,"[41.94, 16]","[35.46, 13]","[195.0, 18]","[276.33, 18]",118.47,65,153.06,-0.11
07:48:12,"[55.25, 20]","[37.4, 20]","[161.42, 19]","[306.12, 24]",108.34,83,106.17,-0.04
07:48:13,"[80.2, 15]","[43.1, 20]","[100.0, 14]","[299.0, 21]",90.1,70,19.8,0.0
07:48:14,"[81.0, 27]","[68.89, 18]","[100.0, 18]","[105.72, 29]",90.5,92,19.0,-0.02
07:48:15,"[82.56, 27]","[57.0, 90]","[105.0, 36]","[106.0, 27]",93.78,180,22.44,0.3
07:48:16,"[94.36, 33]","[75.89, 19]","[201.79, 29]","[237.64, 33]",148.08,114,107.43,-0.09
07:48:17,"[108.69, 26]","[107.69, 26]","[185.33, 30]","[197.97, 39]",147.01,121,76.64,-0.14
07:48:18,"[110.34, 53]","[104.06, 16]","[175.97, 35]","[177.25, 40]",143.16,144,65.63,-0.04
07:48:19,"[113.37, 63]","[109.87, 47]","[171.82, 22]","[173.58, 24]",142.59,156,58.45,0.41
07:48:20,"[110.0, 35]","[107.0, 7]","[170.25, 16]","[172.0, 14]",140.12,72,60.25,0.17
07:48:21,"[110.0, 44]","[107.6, 20]","[166.52, 50]","[168.12, 32]",138.26,146,56.52,-0.12
07:48:22,"[110.0, 42]","[108.0, 28]","[160.5, 48]","[162.57, 28]",135.25,146,50.5,-0.04
07:48:23,"[110.82, 176]","[109.38, 58]","[147.13, 61]","[160.39, 46]",128.98,341,36.31,0.37
07:48:24,"[112.0, 99]","[111.0, 55]","[120.33, 27]","[123.69, 29]",116.17,210,8.33,0.47
07:48:25,"[112.0, 90]","[111.0, 50]","[117.1, 20]","[118.18, 22]",114.55,182,5.1,0.54
07:48:26,"[112.0, 81]","[111.0, 45]","[114.6, 20]","[115.55, 22]",113.3,168,2.6,0.5
07:48:27,"[112.0, 90]","[111.0, 50]","[113.2, 20]","[115.0, 20]",112.6,180,1.2,0.56
07:48:28,"[112.21, 78]","[110.83, 90]","[114.9, 31]","[170.53, 34]",113.55,233,2.7,0.44
07:48:29,"[112.0, 66]","[110.0, 12]","[113.94, 35]","[264.97, 33]",112.97,146,1.94,0.07
07:48:30,"[109.27, 33]","[108.23, 94]","[112.64, 42]","[279.18, 17]",110.96,186,3.37,0.37
07:48:31,"[108.0, 48]","[106.0, 24]","[109.79, 29]","[129.46, 24]",108.9,125,1.79,0.15
07:48:32,"[107.73, 33]","[106.33, 27]","[125.4, 30]","[183.45, 22]",116.56,112,17.67,0.07
07:48:33,"[107.0, 24]","[106.0, 24]","[180.45, 29]","[323.82, 11]",143.72,88,73.45,0.09
07:48:34,"[107.0, 18]","[106.0, 18]","[204.17, 6]","[243.22, 9]",155.58,51,97.17,0.41
07:48:35,"[107.75, 8]","[106.25, 12]","[204.0, 4]","[205.0, 4]",155.88,28,96.25,0.43
07:48:36,"[114.5, 18]","[106.36, 14]","[190.25, 8]","[204.75, 8]",152.38,48,75.75,0.33
07:48:37,"[107.33, 18]","[104.14, 21]","[147.76, 17]","[166.73, 15]",127.55,71,40.43,0.1
07:48:38,"[108.0, 10]","[106.0, 10]","[144.36, 11]","[147.62, 13]",126.18,44,36.36,-0.09
07:48:39,"[108.0, 20]","[106.0, 20]","[117.06, 18]","[136.19, 16]",112.53,74,9.06,0.08
07:48:40,"[109.0, 11]","[108.0, 22]","[114.36, 33]","[115.13, 23]",111.68,89,5.36,-0.26
07:48:41,"[108.25, 16]","[106.36, 44]","[111.5, 30]","[114.0, 18]",109.88,108,3.25,0.11
07:48:42,"[107.25, 32]","[99.57, 68]","[111.0, 30]","[113.62, 21]",109.12,151,3.75,0.32
07:48:43,"[106.0, 80]","[80.57, 70]","[111.64, 14]","[116.0, 15]",108.82,179,5.64,0.68
07:48:44,"[106.94, 17]","[103.08, 25]","[159.27, 11]","[187.0, 11]",133.11,64,52.33,0.31
07:48:45,"[109.5, 6]","[108.0, 6]","[158.67, 6]","[226.0, 6]",134.08,24,49.17,0.0
07:48:46,"[107.07, 15]","[87.19, 27]","[157.08, 12]","[230.67, 12]",132.07,66,50.02,0.27
07:48:47,"[106.0, 11]","[85.1, 31]","[131.73, 11]","[171.27, 11]",118.86,64,25.73,0.31
07:48:48,"[106.0, 10]","[78.4, 50]","[115.83, 18]","[156.1, 10]",110.92,88,9.83,0.36
07:48:49,"[106.0, 10]","[98.2, 50]","[114.38, 24]","[115.31, 16]",110.19,100,8.38,0.2
07:48:50,"[106.6, 10]","[85.17, 30]","[112.7, 10]","[114.0, 30]",109.65,80,6.1,0.0
07:48:51,"[108.0, 11]","[106.0, 11]","[110.92, 13]","[113.9, 31]",109.46,66,2.92,-0.33
07:48:52,"[64.42, 43]","[22.85, 81]","[104.17, 18]","[102.58, 24]",84.29,166,39.75,0.49
07:48:53,"[50.22, 45]","[31.27, 55]","[99.0, 9]","[100.0, 43]",74.61,152,48.78,0.32
07:48:54,"[28.0, 50]","[18.91, 55]","[99.44, 9]","[107.81, 21]",63.72,135,71.44,0.56
07:48:55,"[66.85, 71]","[42.21, 75]","[154.93, 15]","[193.0, 13]",110.89,174,88.09,0.68
