Time,Bid1,Bid2,Ask1,Ask2,Mid-Price,Total_volume,Bid_ask_spread,Order_imbalance
07:30:00,"[0, 0]","[0, 0]","[337.0, 1]","[0, 0]",168.5,1,337.0,-1.0
07:30:02,"[80.5, 12]","[0, 0]","[137.2, 10]","[337.0, 3]",108.85,25,56.7,-0.04
07:30:04,"[105.5, 18]","[38.17, 18]","[115.0, 18]","[321.83, 6]",110.25,60,9.5,0.2
07:30:05,"[106.0, 21]","[25.0, 21]","[114.9, 20]","[119.29, 21]",110.45,83,8.9,0.01
07:30:06,"[106.0, 15]","[49.0, 15]","[113.0, 19]","[116.2, 15]",109.5,64,7.0,-0.06
07:30:07,"[106.0, 21]","[85.0, 21]","[110.14, 35]","[113.77, 31]",108.07,108,4.14,-0.22
07:30:08,"[106.0, 24]","[84.11, 27]","[107.21, 19]","[109.0, 40]",106.61,110,1.21,-0.07
07:30:09,"[106.0, 15]","[88.5, 16]","[107.0, 15]","[108.4, 25]",106.5,71,1.0,-0.13
07:30:10,"[106.0, 25]","[105.0, 22]","[107.88, 51]","[109.46, 37]",106.94,135,1.88,-0.3
07:30:11,"[105.64, 11]","[104.64, 22]","[107.89, 37]","[109.17, 46]",106.76,116,2.26,-0.43
07:30:12,"[105.0, 10]","[104.0, 20]","[108.0, 10]","[109.0, 31]",106.5,71,3.0,-0.15
07:30:13,"[104.54, 26]","[96.36, 44]","[107.31, 16]","[108.84, 49]",105.93,135,2.77,0.04
07:30:14,"[104.0, 24]","[83.0, 32]","[106.88, 8]","[109.0, 67]",105.44,131,2.88,-0.15
07:30:15,"[104.0, 24]","[83.0, 32]","[105.88, 8]","[108.28, 29]",104.94,93,1.88,0.2
07:30:16,"[104.0, 8]","[83.0, 16]","[107.81, 16]","[108.83, 18]",105.91,58,3.81,-0.17
07:30:17,"[105.38, 13]","[90.56, 25]","[108.06, 77]","[109.11, 61]",106.72,176,2.68,-0.57
07:30:18,"[105.78, 9]","[91.47, 49]","[109.0, 41]","[116.0, 9]",107.39,108,3.22,0.07
07:30:19,"[104.0, 7]","[91.0, 70]","[109.0, 28]","[116.0, 7]",106.5,112,5.0,0.38
07:30:20,"[94.0, 26]","[92.1, 84]","[109.0, 32]","[113.5, 8]",101.5,150,15.0,0.47
07:30:21,"[92.74, 68]","[90.36, 97]","[109.0, 35]","[112.0, 11]",100.87,211,16.26,0.56
07:30:22,"[97.75, 56]","[96.06, 51]","[109.0, 36]","[112.0, 12]",103.38,155,11.25,0.38
07:30:23,"[101.1, 84]","[99.2, 93]","[109.0, 39]","[112.0, 13]",105.05,229,7.9,0.55
07:30:24,"[100.0, 232]","[99.0, 80]","[108.4, 75]","[110.27, 26]",104.2,413,8.4,0.51
07:30:25,"[102.39, 76]","[101.49, 41]","[108.0, 60]","[109.0, 12]",105.2,189,5.61,0.24
07:30:26,"[106.36, 14]","[105.77, 26]","[108.0, 40]","[109.0, 8]",107.18,88,1.64,-0.09
07:30:27,"[106.0, 7]","[105.0, 14]","[108.0, 35]","[109.0, 7]",107.0,63,2.0,-0.33
07:30:28,"[106.0, 4]","[105.0, 8]","[107.71, 14]","[108.22, 9]",106.86,35,1.71,-0.31
07:30:29,"[105.33, 12]","[101.25, 32]","[107.62, 21]","[166.29, 28]",106.48,93,2.29,-0.05
07:30:30,"[105.0, 18]","[103.21, 61]","[106.76, 29]","[107.79, 24]",105.88,132,1.76,0.2
07:30:31,"[105.0, 5]","[104.0, 35]","[106.0, 25]","[108.0, 10]",105.5,75,1.0,0.07
07:30:32,"[104.17, 12]","[103.5, 16]","[106.0, 20]","[108.0, 8]",105.08,56,1.83,0.0
07:30:33,"[104.0, 45]","[100.0, 9]","[106.0, 45]","[108.0, 18]",105.0,117,2.0,-0.08
07:30:34,"[103.03, 58]","[99.31, 32]","[105.83, 60]","[107.42, 24]",104.43,174,2.8,0.03
07:30:35,"[102.62, 64]","[100.0, 8]","[105.46, 37]","[107.2, 25]",104.04,134,2.83,0.07
07:30:36,"[101.57, 46]","[98.65, 23]","[105.66, 70]","[107.33, 27]",103.61,166,4.09,-0.17
07:30:37,"[100.0, 35]","[98.25, 73]","[105.59, 34]","[115.82, 66]",102.79,208,5.59,0.04
07:30:38,"[100.0, 11]","[99.0, 22]","[108.0, 62]","[231.0, 14]",104.0,109,8.0,-0.39
07:30:39,"[99.09, 33]","[98.05, 125]","[104.0, 41]","[107.45, 33]",101.55,232,4.91,0.36
07:30:40,"[99.96, 53]","[98.62, 60]","[102.5, 24]","[104.29, 21]",101.23,158,2.54,0.43
07:30:41,"[100.92, 52]","[98.56, 36]","[103.58, 19]","[104.73, 15]",102.25,122,2.66,0.44
07:30:42,"[101.84, 50]","[100.4, 50]","[104.0, 15]","[105.0, 15]",102.92,130,2.16,0.54
07:30:43,"[102.37, 35]","[100.73, 44]","[104.42, 12]","[105.78, 32]",103.39,123,2.05,0.28
07:30:44,"[101.18, 34]","[98.2, 40]","[103.86, 21]","[106.0, 30]",102.52,125,2.68,0.18
07:30:45,"[102.62, 64]","[97.87, 69]","[106.0, 36]","[154.59, 34]",104.31,203,3.38,0.31
07:30:46,"[103.38, 52]","[99.14, 63]","[106.0, 53]","[293.0, 17]",104.69,185,2.62,0.24
07:30:47,"[104.0, 41]","[100.46, 28]","[106.0, 55]","[311.45, 11]",105.0,135,2.0,0.02
07:30:48,"[104.0, 17]","[100.0, 22]","[106.0, 50]","[354.0, 11]",105.0,100,2.0,-0.22
07:30:49,"[104.0, 7]","[99.73, 22]","[106.0, 63]","[127.57, 23]",105.0,115,2.0,-0.5
07:30:50,"[104.0, 10]","[100.52, 42]","[105.98, 64]","[135.5, 18]",104.99,134,1.98,-0.22
07:30:51,"[104.0, 7]","[99.0, 35]","[106.0, 50]","[195.0, 7]",105.0,99,2.0,-0.15
07:30:52,"[104.0, 13]","[99.0, 60]","[106.0, 96]","[170.91, 32]",105.0,201,2.0,-0.27
07:30:53,"[104.95, 88]","[102.08, 26]","[106.0, 80]","[212.1, 50]",105.48,244,1.05,-0.07
07:30:54,"[102.51, 45]","[98.95, 44]","[363.07, 30]","[543.59, 39]",232.79,158,260.56,0.13
07:30:55,"[99.0, 50]","[98.0, 26]","[358.59, 22]","[406.36, 14]",228.8,112,259.59,0.36
07:30:56,"[99.0, 50]","[98.0, 10]","[102.0, 40]","[110.94, 34]",100.5,134,3.0,-0.1
07:30:57,"[100.16, 25]","[99.28, 25]","[102.1, 42]","[123.37, 54]",101.13,146,1.94,-0.32
07:30:58,"[101.87, 104]","[99.51, 47]","[148.08, 24]","[237.5, 48]",124.97,223,46.22,0.35
07:30:59,"[103.97, 124]","[102.12, 68]","[237.5, 40]","[420.0, 20]",170.73,252,133.53,0.52
07:31:00,"[105.69, 29]","[103.97, 77]","[495.07, 27]","[555.4, 15]",300.38,148,389.38,0.43
07:31:01,"[104.34, 74]","[104.24, 42]","[535.15, 54]","[583.18, 22]",319.74,192,430.81,0.21
07:31:02,"[108.0, 5]","[106.0, 25]","[364.8, 5]","[528.64, 11]",236.4,46,256.8,0.3
07:31:03,"[106.05, 37]","[105.16, 32]","[330.0, 16]","[251.0, 38]",218.03,123,223.95,0.12
07:31:04,"[106.12, 17]","[105.25, 16]","[113.0, 5]","[323.18, 17]",109.56,55,6.88,0.2
07:31:05,"[108.8, 10]","[106.67, 12]","[345.67, 6]","[561.83, 18]",227.23,46,236.87,-0.04
07:31:06,"[109.0, 16]","[108.0, 10]","[231.75, 12]","[320.48, 23]",170.38,61,122.75,-0.15
07:31:07,"[108.91, 22]","[107.47, 30]","[205.28, 43]","[223.23, 22]",157.09,117,96.37,-0.11
07:31:08,"[106.33, 18]","[105.44, 27]","[217.85, 26]","[222.5, 12]",162.09,83,111.51,0.08
07:31:09,"[105.36, 33]","[104.3, 40]","[219.0, 33]","[454.22, 41]",162.18,147,113.64,-0.01
07:31:10,"[104.25, 32]","[102.67, 18]","[218.0, 27]","[394.0, 45]",161.12,122,113.75,-0.18
07:31:11,"[104.07, 54]","[101.95, 21]","[210.79, 29]","[348.53, 49]",157.43,153,106.72,-0.02
07:31:12,"[104.0, 54]","[102.62, 13]","[191.89, 27]","[333.07, 40]",147.94,134,87.89,0.0
07:31:13,"[104.0, 78]","[103.0, 26]","[190.23, 39]","[403.58, 26]",147.12,169,86.23,0.23
07:31:14,"[104.33, 72]","[103.35, 34]","[186.83, 35]","[219.0, 17]",145.58,158,82.5,0.34
07:31:15,"[104.12, 68]","[103.21, 28]","[184.33, 36]","[320.59, 32]",144.23,164,80.22,0.17
07:31:16,"[104.0, 54]","[102.4, 15]","[186.16, 19]","[203.56, 27]",145.08,115,82.16,0.2
07:31:17,"[105.18, 49]","[104.14, 42]","[162.32, 41]","[175.0, 42]",133.75,174,57.13,0.05
07:31:18,"[106.15, 26]","[104.14, 29]","[107.91, 35]","[138.52, 27]",107.03,117,1.76,-0.06
07:31:19,"[104.76, 25]","[103.89, 75]","[107.63, 27]","[159.5, 38]",106.19,165,2.87,0.21
07:31:20,"[105.0, 16]","[104.0, 40]","[109.08, 26]","[196.43, 42]",107.04,124,4.08,-0.1
07:31:21,"[105.0, 18]","[104.0, 48]","[107.36, 50]","[151.38, 40]",106.18,156,2.36,-0.15
07:31:22,"[106.86, 29]","[104.24, 37]","[110.0, 30]","[151.53, 34]",108.43,130,3.14,0.02
07:31:23,"[108.0, 30]","[105.0, 15]","[111.0, 15]","[213.5, 18]",109.5,78,3.0,0.15
07:31:24,"[108.0, 66]","[105.0, 33]","[243.83, 35]","[382.08, 37]",175.91,171,135.83,0.16
07:31:25,"[108.0, 27]","[105.0, 27]","[110.35, 31]","[167.76, 17]",109.18,102,2.35,0.06
07:31:26,"[106.58, 19]","[104.45, 33]","[110.55, 29]","[148.83, 24]",108.57,105,3.97,-0.01
07:31:27,"[105.0, 27]","[104.0, 54]","[110.9, 10]","[113.84, 25]",107.95,116,5.9,0.4
07:31:28,"[105.0, 32]","[104.0, 72]","[106.67, 15]","[108.52, 23]",105.83,142,1.67,0.46
07:31:29,"[105.0, 3]","[104.0, 18]","[106.0, 3]","[111.0, 9]",105.5,33,1.0,0.27
07:31:30,"[104.07, 54]","[96.27, 44]","[106.75, 16]","[113.5, 44]",105.41,158,2.68,0.24
07:31:31,"[104.0, 30]","[47.84, 19]","[111.0, 8]","[133.0, 30]",107.5,87,7.0,0.13
07:31:32,"[105.79, 19]","[104.83, 60]","[110.38, 13]","[133.0, 65]",108.09,157,4.6,0.01
07:31:33,"[107.57, 56]","[105.47, 19]","[110.0, 13]","[159.44, 57]",108.79,145,2.43,0.03
07:31:34,"[108.16, 62]","[106.26, 38]","[110.0, 15]","[260.47, 60]",109.08,175,1.84,0.14
07:31:35,"[104.33, 36]","[51.0, 68]","[110.0, 10]","[447.81, 27]",107.17,141,5.67,0.48
07:31:36,"[104.0, 50]","[55.75, 83]","[109.24, 17]","[198.05, 39]",106.62,189,5.24,0.41
07:31:37,"[104.0, 15]","[71.0, 27]","[109.0, 12]","[280.57, 7]",106.5,61,5.0,0.38
07:31:38,"[104.0, 40]","[81.0, 30]","[108.8, 20]","[145.33, 24]",106.4,114,4.8,0.23
07:31:39,"[104.18, 49]","[73.74, 31]","[106.64, 44]","[108.0, 11]",105.41,135,2.45,0.19
07:31:40,"[94.97, 32]","[79.7, 44]","[106.0, 20]","[108.0, 7]",100.48,103,11.03,0.48
07:31:41,"[72.63, 156]","[60.82, 66]","[95.57, 23]","[106.57, 28]",84.1,273,22.93,0.63
07:31:42,"[82.78, 120]","[71.4, 88]","[102.25, 16]","[252.7, 20]",92.52,244,19.47,0.7
07:31:43,"[97.59, 114]","[93.73, 82]","[438.0, 22]","[613.25, 24]",267.79,242,340.41,0.62
07:31:44,"[105.78, 153]","[104.29, 34]","[213.13, 31]","[328.2, 30]",159.45,248,107.35,0.51
07:31:45,"[106.0, 85]","[105.0, 10]","[381.29, 17]","[554.0, 12]",243.65,124,275.29,0.53
07:31:46,"[106.0, 34]","[105.0, 4]","[354.0, 4]","[522.0, 6]",230.0,48,248.0,0.58
07:31:47,"[106.0, 102]","[105.0, 12]","[293.67, 12]","[616.8, 20]",199.83,146,187.67,0.56
07:31:48,"[106.0, 136]","[105.0, 16]","[282.62, 16]","[467.5, 8]",194.31,176,176.62,0.73
07:31:49,"[106.0, 85]","[105.0, 10]","[107.62, 13]","[304.6, 10]",106.81,118,1.62,0.61
07:31:50,"[106.0, 135]","[105.0, 18]","[107.0, 45]","[108.0, 18]",106.5,216,1.0,0.42
07:31:51,"[106.0, 98]","[105.0, 18]","[107.0, 39]","[108.0, 18]",106.5,173,1.0,0.34
07:31:52,"[106.0, 65]","[105.0, 16]","[107.53, 19]","[254.08, 25]",106.76,125,1.53,0.3
07:31:53,"[106.0, 35]","[105.0, 10]","[108.0, 7]","[310.18, 22]",107.0,74,2.0,0.22
07:31:54,"[106.26, 39]","[105.83, 35]","[170.0, 8]","[297.07, 15]",138.13,97,63.74,0.53
07:31:55,"[106.19, 21]","[105.76, 21]","[242.0, 10]","[505.0, 10]",174.1,62,135.81,0.35
07:31:56,"[106.34, 32]","[105.39, 28]","[233.33, 30]","[345.25, 32]",169.84,122,126.99,-0.02
07:31:57,"[105.37, 19]","[104.07, 90]","[164.08, 26]","[212.35, 34]",134.72,169,58.71,0.29
07:31:58,"[104.09, 43]","[99.18, 68]","[245.14, 14]","[371.75, 16]",174.62,141,141.05,0.57
07:31:59,"[104.0, 65]","[74.64, 25]","[251.67, 12]","[432.89, 18]",177.83,120,147.67,0.5
07:32:00,"[104.0, 74]","[96.0, 24]","[142.57, 21]","[197.33, 18]",123.29,137,38.57,0.43
07:32:01,"[104.0, 45]","[70.8, 20]","[142.0, 15]","[277.56, 9]",123.0,89,38.0,0.46
07:32:02,"[104.0, 75]","[56.57, 28]","[141.14, 21]","[175.71, 7]",122.57,131,37.14,0.57
07:32:03,"[106.04, 55]","[100.64, 75]","[139.3, 30]","[168.31, 16]",122.67,176,33.26,0.48
07:32:04,"[104.0, 108]","[57.0, 48]","[136.83, 36]","[138.08, 36]",120.42,228,32.83,0.37
07:32:05,"[104.0, 90]","[52.6, 40]","[131.4, 30]","[133.6, 30]",117.7,190,27.4,0.37
07:32:06,"[107.0, 27]","[99.6, 89]","[128.17, 29]","[129.82, 33]",117.59,178,21.17,0.3
07:32:07,"[105.21, 52]","[98.57, 77]","[115.15, 26]","[125.86, 22]",110.18,177,9.94,0.46
07:32:08,"[104.85, 62]","[102.77, 65]","[115.27, 26]","[122.57, 14]",110.06,167,10.41,0.52
07:32:09,"[106.57, 23]","[104.9, 50]","[113.69, 29]","[114.67, 18]",110.13,120,7.12,0.22
07:32:10,"[107.89, 18]","[105.38, 42]","[112.76, 29]","[135.33, 30]",110.32,119,4.87,0.01
07:32:11,"[107.12, 32]","[105.05, 79]","[122.86, 42]","[143.92, 48]",114.99,201,15.73,0.1
07:32:12,"[108.0, 39]","[107.0, 24]","[112.92, 24]","[140.19, 37]",110.46,124,4.92,0.02
07:32:13,"[108.0, 40]","[107.0, 20]","[109.6, 20]","[122.33, 18]",108.8,98,1.6,0.22
07:32:14,"[108.0, 32]","[107.0, 20]","[109.0, 18]","[132.38, 16]",108.5,86,1.0,0.21
07:32:15,"[105.12, 16]","[104.28, 50]","[109.0, 4]","[153.0, 4]",107.06,74,3.88,0.78
07:32:16,"[105.28, 25]","[104.48, 103]","[108.0, 16]","[119.37, 19]",106.64,163,2.72,0.57
07:32:17,"[105.0, 15]","[104.0, 72]","[107.17, 18]","[112.5, 10]",106.08,115,2.17,0.51
07:32:18,"[105.0, 30]","[104.0, 180]","[106.13, 38]","[108.3, 30]",105.57,278,1.13,0.51
07:32:19,"[105.36, 66]","[104.37, 155]","[108.57, 42]","[367.87, 23]",106.97,286,3.21,0.55
07:32:20,"[107.95, 61]","[104.28, 106]","[109.0, 24]","[294.75, 16]",108.48,207,1.05,0.61
07:32:21,"[108.0, 35]","[104.0, 107]","[109.0, 14]","[333.92, 26]",108.5,182,1.0,0.56
07:32:22,"[108.0, 30]","[104.0, 102]","[109.0, 12]","[297.33, 24]",108.5,168,1.0,0.57
07:32:23,"[106.26, 39]","[102.93, 138]","[181.2, 20]","[438.16, 31]",143.73,228,74.94,0.55
07:32:24,"[106.34, 77]","[103.14, 172]","[204.5, 40]","[284.63, 38]",155.42,327,98.16,0.52
07:32:25,"[107.0, 54]","[104.0, 153]","[189.35, 34]","[254.18, 34]",148.18,275,82.35,0.51
07:32:26,"[108.0, 11]","[107.0, 66]","[126.26, 47]","[167.98, 41]",117.13,165,18.26,-0.07
07:32:27,"[111.0, 21]","[108.95, 59]","[125.51, 49]","[126.33, 45]",118.26,174,14.51,-0.08
07:32:28,"[111.0, 7]","[109.0, 49]","[124.83, 29]","[125.88, 34]",117.91,119,13.83,-0.06
07:32:29,"[111.0, 7]","[109.0, 49]","[122.86, 35]","[125.0, 28]",116.93,119,11.86,-0.06
07:32:30,"[109.0, 63]","[108.0, 9]","[122.0, 45]","[125.0, 36]",115.5,153,13.0,-0.06
07:32:31,"[109.0, 77]","[108.0, 11]","[120.26, 39]","[123.0, 39]",114.63,166,11.26,0.06
07:32:32,"[109.0, 91]","[108.0, 13]","[116.4, 35]","[117.34, 47]",112.7,186,7.4,0.12
07:32:33,"[109.0, 70]","[108.0, 10]","[112.27, 26]","[114.76, 34]",110.63,140,3.27,0.14
07:32:34,"[109.0, 77]","[108.0, 18]","[111.05, 43]","[111.7, 23]",110.02,161,2.05,0.18
07:32:35,"[108.97, 100]","[107.4, 30]","[110.0, 15]","[245.93, 68]",109.48,213,1.03,0.22
07:32:36,"[109.03, 74]","[108.44, 16]","[136.4, 25]","[232.62, 32]",122.71,147,27.37,0.22
07:32:37,"[110.43, 14]","[109.05, 44]","[135.14, 28]","[212.0, 21]",122.79,107,24.71,0.08
07:32:38,"[113.0, 14]","[110.0, 14]","[130.2, 25]","[195.29, 24]",121.6,77,17.2,-0.27
07:32:39,"[109.26, 35]","[108.65, 17]","[193.22, 37]","[295.81, 32]",151.24,121,83.96,-0.14
07:32:40,"[107.0, 66]","[106.0, 176]","[167.82, 39]","[284.33, 36]",137.41,317,60.82,0.53
07:32:41,"[107.0, 38]","[106.0, 112]","[235.89, 9]","[270.85, 27]",171.44,186,128.89,0.61
07:32:42,"[106.07, 224]","[105.47, 171]","[152.77, 62]","[184.28, 39]",129.42,496,46.7,0.59
07:32:43,"[107.0, 56]","[106.0, 224]","[126.14, 42]","[128.0, 70]",116.57,392,19.14,0.43
07:32:44,"[107.58, 62]","[106.07, 172]","[124.47, 19]","[126.0, 45]",116.03,298,16.89,0.57
07:32:45,"[107.0, 76]","[106.0, 224]","[123.2, 30]","[124.69, 26]",115.1,356,16.2,0.69
07:32:46,"[107.0, 22]","[106.0, 160]","[121.46, 26]","[122.5, 14]",114.23,222,14.46,0.64
07:32:47,"[107.0, 9]","[106.0, 144]","[119.16, 19]","[164.86, 21]",113.08,193,12.16,0.59
07:32:48,"[106.01, 106]","[105.2, 79]","[118.0, 24]","[326.22, 36]",112.0,245,11.99,0.51
07:32:49,"[106.39, 116]","[105.29, 114]","[116.5, 18]","[157.44, 41]",111.44,289,10.11,0.59
07:32:50,"[111.0, 18]","[105.2, 56]","[115.62, 8]","[116.94, 16]",113.31,98,4.62,0.51
07:32:51,"[106.03, 87]","[104.59, 69]","[113.51, 41]","[114.18, 51]",109.77,248,7.48,0.26
07:32:52,"[109.0, 90]","[104.69, 65]","[267.02, 42]","[273.89, 9]",188.01,206,158.02,0.5
07:32:53,"[113.0, 81]","[106.12, 25]","[195.67, 36]","[567.78, 9]",154.33,151,82.67,0.4
07:32:54,"[113.0, 69]","[109.82, 66]","[277.71, 14]","[325.42, 26]",195.36,175,164.71,0.54
07:32:55,"[113.0, 55]","[110.0, 96]","[215.5, 8]","[337.0, 32]",164.25,191,102.5,0.58
07:32:56,"[113.0, 22]","[110.0, 96]","[225.38, 8]","[361.0, 32]",169.19,158,112.38,0.49
07:32:57,"[110.12, 50]","[108.87, 23]","[232.0, 5]","[361.0, 20]",171.06,98,121.88,0.49
07:32:58,"[110.0, 60]","[108.0, 15]","[232.0, 5]","[361.0, 20]",171.0,100,122.0,0.5
07:32:59,"[110.0, 96]","[108.0, 24]","[315.31, 29]","[508.73, 11]",212.66,160,205.31,0.5
07:33:00,"[110.0, 64]","[108.44, 27]","[329.0, 36]","[495.22, 9]",219.5,136,219.0,0.34
07:33:01,"[110.0, 16]","[109.0, 12]","[441.6, 10]","[556.3, 10]",275.8,48,331.6,0.17
07:33:02,"[110.0, 36]","[109.0, 27]","[258.96, 24]","[518.39, 18]",184.48,105,148.96,0.2
07:33:03,"[109.6, 10]","[108.31, 29]","[186.29, 7]","[333.0, 10]",147.94,56,76.69,0.39
07:33:04,"[109.0, 5]","[108.0, 15]","[172.0, 11]","[377.0, 14]",140.5,45,63.0,-0.11
07:33:05,"[109.0, 4]","[108.0, 12]","[143.93, 15]","[146.71, 7]",126.47,38,34.93,-0.16
07:33:06,"[109.0, 12]","[108.0, 36]","[115.62, 32]","[117.2, 25]",112.31,105,6.62,-0.09
07:33:07,"[109.96, 27]","[108.7, 10]","[114.5, 12]","[115.1, 20]",112.23,69,4.54,0.07
07:33:08,"[108.32, 19]","[107.12, 17]","[113.73, 11]","[114.96, 25]",111.02,72,5.41,0.0
07:33:09,"[108.0, 14]","[107.0, 14]","[113.0, 21]","[114.0, 7]",110.5,56,5.0,0.0
07:33:10,"[108.0, 22]","[107.0, 22]","[111.03, 31]","[112.23, 13]",109.52,88,3.03,0.0
07:33:11,"[108.0, 8]","[107.0, 8]","[110.5, 6]","[111.1, 10]",109.25,32,2.5,0.0
07:33:12,"[108.0, 14]","[107.0, 14]","[109.86, 7]","[111.0, 21]",108.93,56,1.86,0.0
07:33:13,"[107.86, 28]","[106.92, 26]","[110.02, 47]","[310.78, 36]",108.94,137,2.16,-0.21
07:33:14,"[107.94, 36]","[106.96, 23]","[109.0, 72]","[136.65, 34]",108.47,165,1.06,-0.28
07:33:15,"[108.0, 40]","[107.0, 16]","[109.0, 20]","[119.0, 24]",108.5,100,1.0,0.12
07:33:16,"[107.55, 11]","[106.67, 9]","[109.0, 6]","[119.0, 18]",108.27,44,1.45,-0.09
07:33:17,"[105.0, 31]","[104.0, 40]","[108.0, 10]","[115.67, 18]",106.5,99,3.0,0.43
07:33:18,"[105.0, 30]","[104.0, 40]","[148.0, 25]","[334.05, 19]",126.5,114,43.0,0.23
07:33:19,"[106.77, 13]","[94.0, 36]","[242.4, 10]","[670.86, 14]",174.58,73,135.63,0.34
07:33:20,"[104.0, 15]","[92.0, 50]","[451.2, 10]","[784.0, 20]",277.6,95,347.2,0.37
07:33:21,"[107.0, 7]","[104.0, 21]","[263.12, 16]","[535.15, 26]",185.06,70,156.12,-0.2
07:33:22,"[107.0, 5]","[104.0, 15]","[132.0, 20]","[134.0, 10]",119.5,50,25.0,-0.2
07:33:23,"[99.2, 40]","[71.4, 20]","[116.0, 42]","[131.6, 30]",107.6,132,16.8,-0.09
07:33:24,"[66.29, 41]","[48.8, 20]","[107.94, 33]","[119.85, 41]",87.12,135,41.65,-0.1
07:33:25,"[84.67, 6]","[65.33, 6]","[94.0, 4]","[97.0, 16]",89.33,32,9.33,-0.25
07:33:26,"[91.0, 12]","[55.0, 8]","[96.0, 6]","[106.29, 28]",93.5,54,5.0,-0.26
07:33:27,"[64.33, 12]","[40.0, 12]","[96.0, 26]","[97.0, 6]",80.17,56,31.67,-0.14
07:33:28,"[68.0, 20]","[49.86, 14]","[105.41, 22]","[207.0, 30]",86.7,86,37.41,-0.21
07:33:29,"[83.0, 54]","[53.8, 30]","[405.55, 20]","[308.52, 42]",244.28,146,322.55,0.15
07:33:30,"[111.0, 24]","[108.0, 16]","[454.0, 8]","[619.0, 12]",282.5,60,343.0,0.33
07:33:31,"[111.0, 42]","[109.81, 43]","[453.0, 35]","[502.0, 14]",282.0,134,342.0,0.27
07:33:32,"[111.0, 30]","[110.0, 35]","[386.67, 18]","[413.0, 13]",248.83,96,275.67,0.35
07:33:33,"[111.0, 6]","[110.0, 42]","[292.68, 19]","[386.18, 22]",201.84,89,181.68,0.08
07:33:34,"[110.16, 19]","[109.57, 37]","[291.39, 28]","[303.84, 32]",200.78,116,181.23,-0.03
07:33:35,"[110.0, 36]","[109.0, 36]","[289.09, 44]","[290.27, 37]",199.55,153,179.09,-0.06
07:33:36,"[109.0, 44]","[105.36, 50]","[289.0, 55]","[290.0, 44]",199.0,193,180.0,-0.03
07:33:37,"[109.0, 36]","[106.0, 54]","[287.7, 37]","[289.32, 38]",198.35,165,178.7,0.09
07:33:38,"[109.0, 44]","[106.0, 66]","[278.0, 44]","[284.88, 34]",193.5,188,169.0,0.17
07:33:39,"[109.0, 41]","[106.0, 60]","[234.39, 33]","[269.81, 43]",171.7,177,125.39,0.14
07:33:40,"[109.0, 42]","[105.8, 61]","[121.74, 57]","[147.08, 39]",115.37,199,12.74,0.04
07:33:41,"[109.0, 22]","[106.0, 66]","[117.36, 53]","[118.48, 54]",113.18,195,8.36,-0.1
07:33:42,"[109.0, 31]","[106.0, 66]","[114.21, 48]","[115.33, 51]",111.6,196,5.21,-0.01
07:33:43,"[109.0, 33]","[106.37, 19]","[111.63, 27]","[113.0, 36]",110.31,115,2.63,-0.1
07:33:44,"[106.33, 42]","[105.5, 40]","[110.21, 38]","[112.67, 42]",108.27,162,3.88,0.01
07:33:45,"[105.66, 47]","[104.86, 28]","[107.48, 23]","[147.77, 35]",106.57,133,1.82,0.13
07:33:46,"[105.0, 18]","[104.0, 9]","[152.0, 24]","[446.88, 32]",128.5,83,47.0,-0.35
07:33:47,"[88.33, 12]","[61.28, 29]","[108.5, 20]","[225.36, 25]",98.42,86,20.17,-0.05
07:33:48,"[105.33, 15]","[94.21, 19]","[110.0, 23]","[198.09, 22]",107.67,79,4.67,-0.14
07:33:49,"[106.67, 15]","[100.31, 35]","[110.0, 22]","[300.75, 24]",108.33,96,3.33,0.04
07:33:50,"[104.59, 74]","[91.76, 84]","[119.04, 56]","[203.91, 43]",111.82,257,14.44,0.23
07:33:51,"[104.0, 19]","[67.0, 56]","[105.67, 6]","[138.0, 8]",104.83,89,1.67,0.69
07:33:52,"[105.89, 45]","[89.34, 35]","[125.17, 12]","[192.67, 12]",115.53,104,19.28,0.54
07:33:53,"[109.0, 54]","[105.0, 42]","[130.33, 12]","[326.0, 12]",119.67,120,21.33,0.6
07:33:54,"[109.0, 72]","[105.0, 56]","[138.88, 16]","[307.5, 16]",123.94,160,29.88,0.6
07:33:55,"[109.0, 61]","[105.92, 39]","[135.78, 18]","[254.56, 18]",122.39,136,26.78,0.47
07:33:56,"[109.0, 16]","[107.0, 12]","[143.25, 8]","[199.0, 8]",126.12,44,34.25,0.27
07:33:57,"[109.07, 43]","[107.24, 34]","[189.0, 22]","[269.73, 22]",149.03,121,79.93,0.27
07:33:58,"[110.0, 27]","[109.0, 36]","[184.67, 42]","[297.95, 21]",147.33,126,74.67,0.0
07:33:59,"[110.0, 17]","[109.0, 30]","[186.33, 30]","[424.18, 22]",148.17,99,76.33,-0.05
07:34:00,"[112.25, 24]","[109.44, 27]","[159.41, 37]","[194.0, 38]",135.83,126,47.16,-0.19
07:34:01,"[109.86, 14]","[108.82, 33]","[160.0, 35]","[207.4, 20]",134.93,102,50.14,-0.08
07:34:02,"[109.0, 10]","[107.0, 15]","[160.0, 25]","[337.0, 20]",134.5,70,51.0,-0.29
07:34:03,"[109.0, 18]","[107.0, 27]","[153.4, 42]","[211.49, 39]",131.2,126,44.4,-0.29
07:34:04,"[109.0, 27]","[107.0, 18]","[141.67, 30]","[144.0, 24]",125.33,99,32.67,-0.09
07:34:05,"[108.08, 26]","[105.44, 54]","[139.1, 50]","[187.79, 38]",123.59,168,31.02,-0.05
07:34:06,"[107.0, 14]","[105.0, 49]","[137.14, 35]","[463.69, 26]",122.07,124,30.14,0.02
07:34:07,"[107.0, 14]","[105.0, 56]","[135.14, 35]","[337.43, 14]",121.07,119,28.14,0.18
07:34:08,"[105.71, 28]","[104.67, 45]","[133.75, 40]","[151.0, 16]",119.73,129,28.04,0.13
07:34:09,"[109.77, 26]","[105.32, 50]","[132.09, 55]","[151.0, 22]",120.93,153,22.32,-0.01
07:34:10,"[113.0, 21]","[107.0, 14]","[132.0, 35]","[165.14, 14]",122.5,84,19.0,-0.17
07:34:11,"[113.0, 48]","[109.75, 32]","[130.2, 54]","[141.17, 47]",121.6,181,17.2,-0.12
07:34:12,"[113.0, 32]","[107.92, 26]","[125.41, 29]","[126.24, 49]",119.21,136,12.41,-0.15
07:34:13,"[113.0, 18]","[107.0, 18]","[123.22, 45]","[125.0, 9]",118.11,90,10.22,-0.2
07:34:14,"[108.8, 20]","[105.25, 48]","[120.44, 32]","[120.83, 30]",114.62,130,11.64,0.05
07:34:15,"[105.94, 34]","[104.76, 63]","[114.84, 31]","[116.31, 51]",110.39,179,8.9,0.08
07:34:16,"[106.09, 66]","[104.3, 79]","[112.55, 55]","[112.93, 61]",109.32,261,6.45,0.11
07:34:17,"[107.62, 63]","[104.81, 54]","[109.68, 37]","[110.49, 49]",108.65,203,2.06,0.15
07:34:18,"[106.4, 30]","[104.68, 47]","[110.36, 55]","[177.7, 40]",108.38,172,3.96,-0.1
07:34:19,"[107.56, 54]","[105.53, 34]","[111.3, 50]","[355.9, 20]",109.43,158,3.74,0.11
07:34:20,"[108.0, 58]","[106.0, 27]","[112.48, 42]","[227.22, 18]",110.24,145,4.48,0.17
07:34:21,"[108.0, 11]","[106.0, 18]","[170.92, 26]","[175.71, 14]",139.46,69,62.92,-0.16
07:34:22,"[108.0, 12]","[106.0, 36]","[150.78, 49]","[164.3, 27]",129.39,124,42.78,-0.23
07:34:23,"[108.0, 10]","[106.0, 30]","[140.95, 38]","[142.46, 26]",124.47,104,32.95,-0.23
07:34:24,"[110.95, 55]","[108.4, 15]","[136.21, 34]","[139.71, 35]",123.58,139,25.26,0.01
07:34:25,"[111.0, 62]","[109.22, 72]","[133.0, 40]","[135.78, 32]",122.0,206,22.0,0.3
07:34:26,"[111.0, 31]","[109.0, 196]","[131.36, 58]","[132.69, 26]",121.18,311,20.36,0.46
07:34:27,"[111.0, 18]","[109.0, 126]","[128.14, 29]","[130.6, 25]",119.57,198,17.14,0.45
07:34:28,"[109.04, 100]","[108.67, 21]","[126.94, 32]","[127.75, 16]",117.99,169,17.9,0.43
07:34:29,"[109.0, 124]","[108.0, 11]","[124.49, 43]","[126.65, 23]",116.74,201,15.49,0.34
07:34:30,"[109.33, 54]","[108.84, 32]","[123.75, 40]","[126.0, 8]",116.54,134,14.42,0.28
07:34:31,"[109.3, 81]","[108.8, 45]","[121.34, 53]","[123.53, 17]",115.32,196,12.04,0.29
07:34:32,"[107.47, 47]","[105.34, 70]","[118.91, 55]","[119.29, 35]",113.19,207,11.44,0.13
07:34:33,"[107.0, 10]","[106.0, 30]","[116.1, 10]","[118.18, 22]",111.55,72,9.1,0.11
07:34:34,"[106.6, 25]","[106.0, 25]","[109.88, 41]","[111.18, 34]",108.24,125,3.28,-0.2
07:34:35,"[104.31, 52]","[87.92, 60]","[107.64, 36]","[167.2, 35]",105.97,183,3.33,0.22
07:34:36,"[108.0, 10]","[104.08, 59]","[111.3, 10]","[222.0, 21]",109.65,100,3.3,0.38
07:34:37,"[108.0, 9]","[105.0, 45]","[109.33, 9]","[111.0, 9]",108.67,72,1.33,0.5
07:34:38,"[105.31, 39]","[104.32, 62]","[108.64, 11]","[109.61, 23]",106.97,135,3.33,0.5
07:34:39,"[105.0, 57]","[104.0, 78]","[106.65, 17]","[117.53, 17]",105.82,169,1.65,0.6
07:34:40,"[105.6, 58]","[104.5, 60]","[107.0, 10]","[148.0, 10]",106.3,138,1.4,0.71
07:34:41,"[106.53, 53]","[105.09, 44]","[123.4, 10]","[230.73, 22]",114.96,129,16.87,0.5
07:34:42,"[108.48, 29]","[107.26, 27]","[191.67, 48]","[314.58, 24]",150.07,128,83.18,-0.12
07:34:43,"[111.86, 14]","[109.12, 16]","[144.11, 19]","[294.0, 7]",127.98,56,32.25,0.07
07:34:44,"[113.0, 14]","[110.0, 14]","[178.29, 7]","[327.14, 28]",145.64,63,65.29,-0.11
07:34:45,"[113.0, 14]","[110.0, 14]","[218.85, 13]","[375.74, 19]",165.92,60,105.85,-0.07
07:34:46,"[112.33, 12]","[109.54, 13]","[190.0, 24]","[344.2, 15]",151.17,64,77.67,-0.22
07:34:47,"[108.43, 14]","[106.86, 35]","[361.77, 26]","[490.07, 41]",235.1,116,253.34,-0.16
07:34:48,"[107.02, 57]","[106.5, 24]","[409.0, 7]","[796.0, 28]",258.01,116,301.98,0.4
07:34:49,"[107.0, 54]","[106.0, 12]","[409.0, 6]","[672.8, 20]",258.0,92,302.0,0.43
07:34:50,"[107.0, 18]","[106.0, 4]","[197.0, 5]","[595.4, 5]",152.0,32,90.0,0.38
07:34:51,"[107.18, 79]","[106.36, 25]","[188.17, 24]","[528.62, 21]",147.67,149,80.99,0.4
07:34:52,"[109.0, 35]","[107.0, 81]","[545.5, 16]","[657.57, 35]",327.25,167,436.5,0.39
07:34:53,"[109.25, 24]","[107.29, 63]","[514.04, 23]","[614.81, 21]",311.65,131,404.79,0.33
07:34:54,"[111.0, 18]","[109.18, 22]","[243.27, 22]","[359.57, 14]",177.14,76,132.27,0.05
07:34:55,"[113.0, 24]","[110.0, 16]","[204.0, 32]","[360.73, 22]",158.5,94,91.0,-0.15
07:34:56,"[112.85, 13]","[110.43, 7]","[204.0, 20]","[361.64, 11]",158.42,51,91.15,-0.22
07:34:57,"[111.0, 14]","[110.0, 28]","[199.67, 33]","[205.11, 45]",155.33,120,88.67,-0.3
07:34:58,"[110.3, 20]","[107.48, 75]","[170.6, 43]","[171.48, 29]",140.45,167,60.3,0.14
07:34:59,"[110.0, 18]","[107.0, 81]","[168.44, 27]","[170.0, 9]",139.22,135,58.44,0.47
07:35:00,"[107.13, 94]","[106.18, 98]","[166.41, 46]","[168.2, 30]",136.77,268,59.29,0.43
07:35:01,"[107.04, 71]","[106.06, 85]","[165.59, 49]","[166.69, 39]",136.32,244,58.55,0.28
07:35:02,"[107.48, 23]","[106.36, 50]","[120.8, 30]","[164.36, 28]",114.14,131,13.32,0.11
07:35:03,"[106.27, 55]","[105.25, 116]","[108.56, 18]","[109.17, 48]",107.41,237,2.28,0.44
07:35:04,"[106.0, 70]","[105.0, 150]","[107.1, 10]","[114.2, 10]",106.55,240,1.1,0.83
07:35:05,"[106.0, 41]","[105.0, 90]","[201.43, 7]","[535.23, 13]",153.71,151,95.43,0.74
07:35:06,"[106.03, 68]","[105.04, 171]","[315.1, 42]","[431.87, 46]",210.56,327,209.07,0.46
07:35:07,"[106.0, 43]","[105.0, 120]","[296.0, 32]","[297.0, 32]",201.0,227,190.0,0.44
07:35:08,"[106.0, 4]","[105.0, 60]","[284.67, 12]","[296.5, 16]",195.33,92,178.67,0.39
07:35:09,"[106.0, 5]","[105.0, 75]","[259.8, 20]","[262.0, 10]",182.9,110,153.8,0.45
07:35:10,"[106.0, 6]","[105.0, 90]","[256.67, 24]","[258.44, 18]",181.33,138,150.67,0.39
07:35:11,"[108.28, 25]","[107.79, 39]","[213.26, 43]","[234.55, 44]",160.77,151,104.98,-0.15
07:35:12,"[108.0, 12]","[106.78, 9]","[209.0, 12]","[240.0, 12]",158.5,45,101.0,-0.07
07:35:13,"[108.0, 56]","[107.0, 98]","[190.76, 55]","[238.54, 50]",149.38,259,82.76,0.19
07:35:14,"[107.7, 46]","[106.97, 58]","[187.9, 40]","[240.09, 33]",147.8,177,80.2,0.18
07:35:15,"[107.29, 83]","[106.39, 18]","[182.25, 48]","[190.67, 48]",144.77,197,74.96,0.03
07:35:16,"[111.0, 48]","[107.0, 56]","[180.31, 29]","[182.14, 14]",145.66,147,69.31,0.41
07:35:17,"[111.0, 54]","[107.0, 63]","[172.96, 26]","[176.76, 17]",141.98,160,61.96,0.46
07:35:18,"[111.0, 36]","[107.0, 63]","[169.22, 36]","[169.67, 24]",140.11,159,58.22,0.25
07:35:19,"[111.0, 18]","[107.0, 42]","[166.5, 24]","[167.67, 24]",138.75,108,55.5,0.11
07:35:20,"[111.0, 36]","[107.0, 84]","[164.79, 24]","[165.36, 45]",137.9,189,53.79,0.27
07:35:21,"[107.56, 48]","[106.42, 55]","[158.56, 50]","[160.24, 50]",133.06,203,51.0,0.01
07:35:22,"[108.0, 18]","[107.0, 18]","[155.0, 24]","[156.67, 24]",131.5,84,47.0,-0.14
07:35:23,"[108.79, 19]","[107.3, 30]","[152.35, 31]","[153.91, 22]",130.57,102,43.57,-0.04
07:35:24,"[108.0, 22]","[107.0, 33]","[149.55, 44]","[150.49, 35]",128.77,134,41.55,-0.18
07:35:25,"[108.0, 16]","[107.0, 24]","[145.1, 20]","[146.45, 20]",126.55,80,37.1,0.0
07:35:26,"[108.0, 36]","[107.0, 54]","[139.51, 70]","[141.61, 51]",123.76,211,31.51,-0.15
07:35:27,"[108.0, 24]","[107.0, 36]","[134.05, 21]","[135.1, 39]",121.02,120,26.05,0.0
07:35:28,"[108.0, 18]","[107.0, 27]","[131.18, 34]","[132.67, 12]",119.59,91,23.18,-0.01
07:35:29,"[108.69, 26]","[107.29, 42]","[114.75, 48]","[118.33, 48]",111.72,164,6.06,-0.17
07:35:30,"[108.32, 19]","[107.11, 37]","[110.36, 50]","[111.13, 45]",109.34,151,2.04,-0.26
07:35:31,"[107.14, 14]","[105.9, 60]","[109.0, 36]","[110.38, 42]",108.07,152,1.86,-0.03
07:35:32,"[106.04, 56]","[105.25, 48]","[170.12, 17]","[226.44, 16]",138.08,137,64.08,0.52
07:35:33,"[107.17, 59]","[106.16, 103]","[249.25, 24]","[288.94, 18]",178.21,204,142.08,0.59
07:35:34,"[109.0, 10]","[107.0, 45]","[255.0, 18]","[315.0, 9]",182.0,82,146.0,0.34
07:35:35,"[107.76, 21]","[106.25, 40]","[254.57, 14]","[315.0, 7]",181.17,82,146.81,0.49
07:35:36,"[107.0, 34]","[106.0, 84]","[156.78, 27]","[184.45, 22]",131.89,167,49.78,0.41
07:35:37,"[106.0, 33]","[104.57, 37]","[113.24, 33]","[115.33, 18]",109.62,121,7.24,0.16
07:35:38,"[108.94, 17]","[105.09, 23]","[112.9, 39]","[113.58, 24]",110.92,103,3.96,-0.22
07:35:39,"[104.27, 37]","[85.0, 35]","[110.26, 19]","[110.97, 39]",107.27,130,5.99,0.11
07:35:40,"[101.84, 74]","[55.0, 92]","[106.03, 32]","[110.67, 27]",103.93,225,4.19,0.48
07:35:41,"[96.71, 14]","[85.5, 32]","[103.0, 10]","[106.86, 14]",99.86,70,6.29,0.31
07:35:42,"[79.79, 57]","[55.3, 46]","[103.14, 21]","[104.59, 27]",91.47,151,23.35,0.36
07:35:43,"[60.74, 65]","[57.63, 81]","[101.47, 38]","[103.75, 48]",81.11,232,40.74,0.26
07:35:44,"[72.16, 57]","[70.33, 57]","[100.0, 24]","[103.0, 16]",86.08,154,27.84,0.48
07:35:45,"[75.4, 10]","[74.0, 80]","[140.5, 24]","[220.0, 18]",107.95,132,65.1,0.36
07:35:46,"[78.96, 51]","[78.75, 93]","[111.58, 67]","[159.33, 48]",95.27,259,32.62,0.11
07:35:47,"[97.73, 11]","[79.08, 25]","[130.18, 11]","[317.2, 5]",113.95,52,32.45,0.38
07:35:48,"[90.16, 44]","[79.41, 37]","[156.35, 17]","[326.27, 11]",123.26,109,66.19,0.49
07:35:49,"[92.2, 20]","[82.0, 97]","[146.65, 31]","[443.53, 17]",119.42,165,54.45,0.42
07:35:50,"[105.26, 31]","[104.47, 40]","[304.68, 19]","[463.25, 16]",204.97,106,199.43,0.34
07:35:51,"[106.0, 18]","[104.0, 15]","[298.0, 12]","[363.5, 4]",202.0,49,192.0,0.35
07:35:52,"[106.0, 33]","[104.0, 44]","[203.0, 32]","[233.93, 30]",154.5,139,97.0,0.11
07:35:53,"[107.58, 43]","[106.97, 66]","[137.32, 38]","[138.14, 42]",122.45,189,29.73,0.15
07:35:54,"[109.15, 13]","[107.78, 18]","[135.31, 13]","[136.5, 12]",122.23,56,26.15,0.11
07:35:55,"[109.29, 17]","[107.88, 32]","[132.15, 27]","[134.45, 22]",120.72,98,22.85,0.0
07:35:56,"[109.0, 21]","[106.0, 21]","[127.0, 16]","[132.36, 25]",118.0,83,18.0,0.01
07:35:57,"[109.0, 33]","[106.0, 33]","[124.94, 17]","[128.61, 33]",116.97,116,15.94,0.14
07:35:58,"[109.0, 36]","[106.0, 36]","[124.5, 24]","[127.0, 48]",116.75,144,15.5,0.0
07:35:59,"[109.0, 24]","[106.0, 24]","[118.83, 18]","[122.9, 21]",113.92,87,9.83,0.1
07:36:00,"[107.67, 27]","[105.38, 45]","[116.46, 35]","[117.43, 28]",112.06,135,8.79,0.07
07:36:01,"[108.27, 37]","[105.36, 33]","[114.0, 25]","[115.0, 24]",111.14,119,5.73,0.18
07:36:02,"[109.0, 38]","[106.0, 24]","[111.48, 23]","[112.75, 24]",110.24,109,2.48,0.14
07:36:03,"[106.0, 15]","[105.0, 35]","[110.2, 10]","[160.0, 8]",108.1,68,4.2,0.47
07:36:04,"[106.0, 27]","[105.0, 63]","[109.0, 18]","[110.0, 18]",107.5,126,3.0,0.43
07:36:05,"[106.0, 33]","[105.0, 77]","[108.45, 22]","[109.64, 22]",107.23,154,2.45,0.43
07:36:06,"[112.32, 31]","[105.25, 28]","[175.69, 32]","[350.0, 30]",144.01,121,63.36,-0.02
07:36:07,"[113.0, 24]","[106.0, 6]","[180.33, 21]","[391.69, 16]",146.67,67,67.33,-0.1
07:36:08,"[112.22, 27]","[105.22, 27]","[237.5, 24]","[318.16, 31]",174.86,109,125.28,-0.01
07:36:09,"[106.64, 11]","[105.2, 35]","[300.54, 35]","[390.33, 18]",203.59,99,193.91,-0.07
07:36:10,"[104.8, 51]","[102.0, 57]","[316.69, 13]","[344.32, 47]",210.75,168,211.89,0.29
07:36:11,"[105.33, 49]","[103.78, 37]","[297.33, 9]","[369.08, 12]",201.33,107,192.01,0.61
07:36:12,"[106.0, 59]","[104.0, 45]","[270.67, 18]","[363.7, 27]",188.33,149,164.67,0.4
07:36:13,"[106.0, 18]","[104.0, 30]","[193.71, 14]","[369.33, 12]",149.86,74,87.71,0.3
07:36:14,"[107.75, 24]","[105.76, 42]","[270.0, 8]","[429.8, 30]",188.88,104,162.25,0.27
07:36:15,"[108.0, 33]","[106.0, 33]","[184.57, 21]","[205.4, 15]",146.29,102,76.57,0.29
07:36:16,"[108.25, 40]","[106.33, 36]","[162.67, 21]","[163.47, 15]",135.46,112,54.42,0.36
07:36:17,"[109.0, 57]","[108.0, 39]","[158.13, 15]","[159.21, 24]",133.57,135,49.13,0.42
07:36:18,"[107.94, 17]","[107.88, 25]","[155.36, 11]","[158.0, 22]",131.65,75,47.42,0.12
07:36:19,"[111.07, 15]","[106.43, 23]","[155.0, 8]","[158.0, 16]",133.03,62,43.93,0.23
07:36:20,"[111.0, 26]","[107.53, 55]","[152.35, 23]","[154.24, 21]",131.67,125,41.35,0.3
07:36:21,"[111.0, 36]","[109.0, 127]","[148.33, 70]","[148.87, 38]",129.66,271,37.33,0.2
07:36:22,"[109.85, 52]","[108.49, 106]","[142.77, 44]","[143.1, 42]",126.31,244,32.93,0.3
07:36:23,"[111.59, 85]","[107.74, 43]","[137.79, 24]","[138.75, 24]",124.69,176,26.2,0.45
07:36:24,"[113.0, 143]","[109.0, 56]","[132.43, 28]","[133.52, 25]",122.71,252,19.43,0.58
07:36:25,"[113.0, 176]","[109.0, 120]","[127.1, 20]","[129.04, 27]",120.05,343,14.1,0.73
07:36:26,"[113.0, 112]","[109.0, 96]","[123.08, 24]","[124.35, 17]",118.04,249,10.08,0.67
07:36:27,"[113.0, 81]","[109.0, 72]","[119.39, 18]","[120.43, 23]",116.19,194,6.39,0.58
07:36:28,"[113.0, 106]","[109.0, 104]","[117.93, 27]","[119.18, 28]",115.46,265,4.93,0.58
07:36:29,"[113.0, 35]","[109.0, 40]","[118.0, 10]","[119.0, 25]",115.5,110,5.0,0.36
07:36:30,"[113.0, 86]","[109.0, 104]","[117.03, 62]","[118.17, 29]",115.02,281,4.03,0.35
07:36:31,"[113.0, 52]","[109.0, 104]","[114.5, 32]","[337.3, 47]",113.75,235,1.5,0.33
07:36:32,"[113.0, 18]","[109.0, 40]","[135.92, 13]","[261.09, 23]",124.46,94,22.92,0.23
07:36:33,"[113.0, 22]","[109.0, 88]","[170.04, 46]","[199.08, 52]",141.52,208,57.04,0.06
07:36:34,"[113.0, 10]","[109.0, 40]","[169.0, 20]","[224.0, 20]",141.0,90,56.0,0.11
07:36:35,"[109.13, 45]","[107.5, 76]","[134.93, 58]","[254.98, 58]",122.03,237,25.8,0.02
07:36:36,"[108.15, 33]","[107.26, 76]","[109.57, 14]","[169.19, 62]",108.86,185,1.42,0.18
07:36:37,"[108.67, 15]","[107.26, 38]","[235.0, 58]","[677.85, 65]",171.83,176,126.33,-0.4
07:36:38,"[108.0, 16]","[107.33, 12]","[273.65, 40]","[305.91, 32]",190.82,100,165.65,-0.44
07:36:39,"[107.0, 28]","[106.0, 14]","[264.44, 18]","[265.67, 30]",185.72,90,157.44,-0.07
07:36:40,"[107.0, 36]","[106.0, 18]","[182.0, 24]","[207.93, 30]",144.5,108,75.0,0.0
07:36:41,"[107.0, 13]","[106.0, 20]","[123.3, 20]","[125.0, 40]",115.15,93,16.3,-0.29
07:36:42,"[107.36, 11]","[106.05, 21]","[122.0, 22]","[180.8, 50]",114.68,104,14.64,-0.38
07:36:43,"[105.3, 141]","[104.39, 54]","[119.67, 60]","[128.26, 78]",112.48,333,14.37,0.17
07:36:44,"[108.25, 59]","[104.95, 101]","[116.51, 53]","[118.35, 46]",112.38,259,8.26,0.24
07:36:45,"[105.0, 121]","[104.0, 22]","[110.86, 44]","[112.24, 34]",107.93,221,5.86,0.29
07:36:46,"[105.0, 54]","[104.0, 18]","[109.09, 34]","[110.77, 26]",107.04,132,4.09,0.09
07:36:47,"[105.0, 38]","[104.0, 14]","[107.0, 20]","[118.3, 20]",106.0,92,2.0,0.13
07:36:48,"[105.0, 18]","[104.0, 18]","[459.27, 22]","[592.17, 24]",282.14,82,354.27,-0.12
07:36:49,"[108.72, 29]","[104.88, 16]","[376.42, 38]","[493.71, 28]",242.57,111,267.7,-0.19
07:36:50,"[109.0, 7]","[105.0, 6]","[439.0, 15]","[543.0, 12]",274.0,40,330.0,-0.35
07:36:51,"[109.53, 15]","[105.29, 28]","[400.0, 30]","[490.9, 40]",254.77,113,290.47,-0.24
07:36:52,"[110.0, 36]","[109.0, 9]","[549.38, 32]","[646.0, 22]",329.69,99,439.38,-0.09
07:36:53,"[110.0, 40]","[109.0, 10]","[665.79, 38]","[734.36, 22]",387.89,110,555.79,-0.09
07:36:54,"[110.53, 17]","[109.95, 38]","[475.08, 39]","[698.78, 36]",292.8,130,364.55,-0.15
07:36:55,"[110.07, 15]","[109.36, 11]","[178.0, 40]","[414.67, 24]",144.03,90,67.93,-0.42
07:36:56,"[110.0, 24]","[109.0, 192]","[176.54, 52]","[204.86, 56]",143.27,324,66.54,0.33
07:36:57,"[110.0, 18]","[109.0, 144]","[162.73, 41]","[219.29, 34]",136.37,237,52.73,0.37
07:36:58,"[110.0, 23]","[109.0, 192]","[170.13, 15]","[171.38, 45]",140.07,275,60.13,0.56
07:36:59,"[110.0, 6]","[109.0, 96]","[169.0, 6]","[171.0, 24]",139.5,132,59.0,0.55
07:37:00,"[110.0, 12]","[109.0, 192]","[166.76, 33]","[168.78, 27]",138.38,264,56.76,0.55
07:37:01,"[109.03, 103]","[108.77, 62]","[165.9, 31]","[166.37, 19]",137.47,215,56.87,0.53
07:37:02,"[109.4, 70]","[108.92, 106]","[162.88, 26]","[163.62, 29]",136.14,231,53.48,0.52
07:37:03,"[109.03, 142]","[108.41, 34]","[146.4, 15]","[160.88, 32]",127.71,223,37.37,0.58
07:37:04,"[109.0, 148]","[108.0, 22]","[157.55, 11]","[161.0, 44]",133.27,225,48.55,0.51
07:37:05,"[109.0, 84]","[108.0, 14]","[156.0, 28]","[157.0, 7]",132.5,133,47.0,0.47
07:37:06,"[109.0, 136]","[108.0, 16]","[156.0, 32]","[157.0, 8]",132.5,192,47.0,0.58
07:37:07,"[109.0, 160]","[108.0, 22]","[154.41, 29]","[155.23, 26]",131.71,237,45.41,0.54
07:37:08,"[109.0, 81]","[108.0, 18]","[151.33, 36]","[154.0, 9]",130.17,144,42.33,0.38
07:37:09,"[109.0, 108]","[108.0, 24]","[150.0, 45]","[197.54, 13]",129.5,190,41.0,0.39
07:37:10,"[109.0, 99]","[108.0, 22]","[151.88, 26]","[338.78, 18]",130.44,165,42.88,0.47
07:37:11,"[113.0, 32]","[109.0, 90]","[150.5, 16]","[151.12, 34]",131.75,172,37.5,0.42
07:37:12,"[109.89, 45]","[108.82, 55]","[148.8, 10]","[151.0, 40]",129.34,150,38.91,0.33
07:37:13,"[109.0, 49]","[108.0, 14]","[146.14, 7]","[151.0, 28]",127.57,98,37.14,0.29
07:37:14,"[109.0, 65]","[108.0, 34]","[142.59, 59]","[149.25, 40]",125.8,198,33.59,0.0
07:37:15,"[108.33, 9]","[107.0, 24]","[139.43, 28]","[141.0, 21]",123.88,82,31.1,-0.2
07:37:16,"[106.23, 52]","[105.71, 56]","[138.11, 36]","[141.0, 27]",122.17,171,31.88,0.26
07:37:17,"[106.04, 50]","[105.55, 29]","[135.57, 28]","[138.14, 28]",120.81,135,29.53,0.17
07:37:18,"[107.0, 11]","[106.0, 88]","[134.18, 34]","[135.5, 36]",120.59,169,27.18,0.17
07:37:19,"[108.85, 13]","[106.35, 55]","[127.28, 39]","[128.84, 31]",118.06,138,18.44,-0.01
07:37:20,"[110.86, 37]","[106.36, 44]","[120.42, 12]","[121.2, 15]",115.64,108,9.55,0.5
07:37:21,"[111.0, 86]","[110.0, 12]","[117.61, 23]","[119.56, 25]",114.3,146,6.61,0.34
07:37:22,"[111.0, 32]","[110.0, 11]","[113.63, 27]","[114.58, 33]",112.31,103,2.63,-0.17
07:37:23,"[111.96, 53]","[109.87, 15]","[113.0, 56]","[159.82, 34]",112.48,158,1.04,-0.14
07:37:24,"[110.1, 10]","[109.05, 19]","[112.1, 40]","[123.35, 37]",111.1,106,2.0,-0.45
07:37:25,"[107.14, 28]","[106.12, 57]","[110.81, 37]","[122.45, 33]",108.98,155,3.67,0.1
07:37:26,"[106.1, 62]","[105.16, 50]","[110.8, 20]","[159.75, 20]",108.45,152,4.7,0.47
07:37:27,"[107.0, 72]","[106.0, 96]","[109.25, 12]","[111.0, 48]",108.12,228,2.25,0.47
07:37:28,"[107.0, 48]","[106.0, 64]","[109.0, 8]","[111.0, 32]",108.0,152,2.0,0.47
07:37:29,"[107.0, 36]","[106.0, 64]","[108.26, 19]","[171.14, 22]",107.63,141,1.26,0.42
07:37:30,"[106.04, 52]","[105.11, 74]","[108.0, 60]","[109.0, 12]",107.02,198,1.96,0.27
07:37:31,"[106.0, 36]","[105.0, 54]","[108.0, 53]","[109.0, 9]",107.0,152,2.0,0.18
07:37:32,"[106.0, 40]","[105.0, 60]","[154.12, 40]","[287.46, 13]",130.06,153,48.12,0.31
07:37:33,"[107.62, 26]","[105.44, 54]","[231.0, 13]","[411.77, 26]",169.31,119,123.38,0.34
07:37:34,"[108.33, 30]","[105.57, 70]","[228.53, 15]","[302.59, 27]",168.43,142,120.2,0.41
07:37:35,"[106.11, 37]","[104.88, 81]","[214.05, 19]","[286.0, 37]",160.08,174,107.94,0.36
07:37:36,"[105.67, 18]","[104.36, 55]","[185.53, 17]","[204.64, 11]",145.6,101,79.86,0.45
07:37:37,"[105.0, 18]","[104.0, 45]","[183.44, 9]","[191.67, 9]",144.22,81,78.44,0.56
07:37:38,"[105.62, 26]","[104.32, 44]","[181.92, 13]","[236.06, 17]",143.77,100,76.31,0.4
07:37:39,"[108.71, 14]","[105.67, 12]","[181.0, 6]","[313.0, 6]",144.86,38,72.29,0.37
07:37:40,"[110.0, 28]","[109.0, 14]","[180.29, 7]","[292.64, 11]",145.14,60,70.29,0.4
07:37:41,"[110.0, 32]","[109.0, 16]","[179.75, 8]","[244.08, 26]",144.88,82,69.75,0.17
07:37:42,"[109.19, 21]","[105.08, 39]","[166.93, 40]","[183.08, 61]",138.06,161,57.73,-0.25
07:37:43,"[109.0, 10]","[108.0, 30]","[166.3, 10]","[168.0, 30]",137.65,80,57.3,0.0
07:37:44,"[108.94, 17]","[107.56, 9]","[165.5, 12]","[167.8, 20]",137.22,58,56.56,-0.1
07:37:45,"[109.0, 36]","[108.0, 9]","[164.2, 15]","[165.14, 21]",136.6,81,55.2,0.11
07:37:46,"[109.1, 31]","[108.63, 19]","[161.1, 10]","[165.0, 30]",135.1,90,52.0,0.11
07:37:47,"[109.0, 44]","[108.0, 11]","[158.65, 23]","[163.57, 21]",133.83,99,49.65,0.11
07:37:48,"[109.0, 48]","[108.0, 12]","[144.28, 18]","[148.45, 22]",126.64,100,35.28,0.2
07:37:49,"[110.14, 28]","[108.86, 37]","[131.53, 19]","[132.91, 33]",120.83,117,21.38,0.11
07:37:50,"[113.0, 29]","[109.0, 36]","[130.68, 19]","[131.29, 17]",121.84,101,17.68,0.29
07:37:51,"[113.0, 55]","[109.0, 60]","[126.22, 37]","[129.09, 23]",119.61,175,13.22,0.31
07:37:52,"[113.0, 12]","[109.0, 48]","[124.14, 22]","[124.73, 26]",118.57,108,11.14,0.11
07:37:53,"[108.0, 168]","[106.0, 24]","[122.08, 12]","[124.0, 36]",115.04,240,14.08,0.6
07:37:54,"[108.0, 238]","[106.0, 34]","[118.69, 29]","[122.05, 41]",113.34,342,10.69,0.59
07:37:55,"[108.0, 140]","[106.0, 20]","[115.0, 50]","[116.0, 10]",111.5,220,7.0,0.45
07:37:56,"[108.0, 136]","[106.54, 39]","[115.0, 60]","[116.0, 12]",111.5,247,7.0,0.42
07:37:57,"[108.0, 72]","[107.0, 70]","[113.14, 44]","[113.7, 30]",110.57,216,5.14,0.31
07:37:58,"[108.0, 52]","[107.0, 91]","[110.75, 40]","[129.87, 47]",109.38,230,2.75,0.24
07:37:59,"[107.4, 50]","[106.58, 60]","[109.43, 14]","[160.59, 34]",108.41,158,2.03,0.39
07:38:00,"[107.0, 63]","[106.0, 60]","[108.17, 24]","[130.3, 30]",107.58,177,1.17,0.39
07:38:01,"[106.32, 59]","[105.96, 97]","[149.12, 43]","[193.75, 59]",127.72,258,42.79,0.21
07:38:02,"[106.48, 93]","[105.9, 50]","[147.9, 30]","[379.0, 50]",127.19,223,41.42,0.28
07:38:03,"[107.7, 70]","[106.0, 55]","[147.0, 30]","[319.8, 50]",127.35,205,39.3,0.22
07:38:04,"[108.58, 84]","[106.0, 24]","[146.75, 36]","[333.0, 51]",127.67,195,38.17,0.11
07:38:05,"[110.0, 58]","[106.74, 19]","[144.62, 39]","[362.38, 65]",127.31,181,34.62,-0.15
07:38:06,"[109.17, 29]","[106.5, 12]","[144.0, 36]","[305.67, 60]",126.59,137,34.83,-0.4
07:38:07,"[106.45, 11]","[105.09, 11]","[143.55, 33]","[216.53, 47]",125.0,102,37.09,-0.57
07:38:08,"[111.0, 10]","[106.7, 10]","[142.7, 30]","[409.82, 34]",126.85,84,31.7,-0.52
07:38:09,"[106.36, 22]","[104.5, 24]","[141.0, 30]","[251.0, 20]",123.68,96,34.64,-0.04
07:38:10,"[109.87, 76]","[105.78, 41]","[139.0, 45]","[372.6, 75]",124.43,237,29.13,-0.01
07:38:11,"[113.0, 70]","[106.0, 30]","[138.4, 30]","[421.32, 34]",125.7,164,25.4,0.22
07:38:12,"[113.0, 70]","[110.0, 10]","[141.88, 26]","[308.0, 12]",127.44,118,28.88,0.36
07:38:13,"[113.0, 49]","[110.0, 7]","[279.71, 14]","[436.6, 10]",196.36,80,166.71,0.4
07:38:14,"[113.0, 84]","[110.0, 12]","[219.49, 35]","[255.03, 33]",166.24,164,106.49,0.17
07:38:15,"[113.0, 42]","[110.0, 6]","[137.67, 12]","[168.6, 20]",125.33,80,24.67,0.2
07:38:16,"[113.0, 63]","[110.0, 9]","[136.0, 18]","[137.0, 9]",124.5,99,23.0,0.45
07:38:17,"[113.0, 56]","[110.0, 8]","[134.56, 18]","[135.8, 10]",123.78,92,21.56,0.39
07:38:18,"[113.0, 119]","[110.0, 17]","[131.68, 19]","[133.0, 49]",122.34,204,18.68,0.33
07:38:19,"[113.0, 98]","[110.0, 14]","[128.48, 21]","[129.91, 23]",120.74,156,15.48,0.44
07:38:20,"[113.0, 85]","[110.0, 17]","[125.95, 42]","[126.7, 37]",119.48,181,12.95,0.13
07:38:21,"[109.75, 32]","[107.84, 25]","[124.08, 13]","[125.79, 19]",116.91,89,14.33,0.28
07:38:22,"[108.78, 18]","[107.9, 39]","[120.92, 13]","[122.53, 17]",114.85,87,12.15,0.31
07:38:23,"[108.0, 28]","[107.0, 28]","[120.84, 19]","[156.11, 38]",114.42,113,12.84,-0.01
07:38:24,"[108.0, 20]","[107.0, 20]","[120.0, 10]","[122.0, 20]",114.0,70,12.0,0.14
07:38:25,"[108.0, 30]","[107.0, 30]","[117.53, 34]","[118.45, 40]",112.76,134,9.53,-0.1
07:38:26,"[105.95, 19]","[104.41, 29]","[113.17, 18]","[114.15, 20]",109.56,86,7.22,0.12
07:38:27,"[105.0, 10]","[104.0, 107]","[110.8, 25]","[111.43, 35]",107.9,177,5.8,0.32
07:38:28,"[105.0, 11]","[104.0, 63]","[108.5, 18]","[110.65, 37]",106.75,129,3.5,0.15
07:38:29,"[105.0, 9]","[104.0, 22]","[107.38, 26]","[107.81, 21]",106.19,78,2.38,-0.21
07:38:30,"[105.0, 8]","[104.0, 16]","[106.21, 19]","[107.1, 31]",105.61,74,1.21,-0.35
07:38:31,"[104.17, 12]","[82.71, 62]","[106.7, 20]","[108.0, 12]",105.43,106,2.53,0.4
07:38:32,"[82.0, 84]","[78.0, 1]","[107.0, 18]","[110.0, 7]",94.5,110,25.0,0.55
07:38:33,"[105.0, 49]","[58.95, 76]","[106.29, 14]","[144.29, 7]",105.64,146,1.29,0.71
07:38:34,"[105.0, 66]","[31.38, 64]","[121.44, 18]","[307.25, 16]",113.22,164,16.44,0.59
07:38:35,"[20.0, 60]","[8.0, 20]","[221.8, 5]","[358.41, 17]",120.9,102,201.8,0.57
07:38:36,"[30.52, 84]","[45.6, 40]","[207.25, 16]","[286.56, 25]",118.89,165,176.73,0.5
07:38:37,"[104.31, 29]","[102.75, 24]","[223.0, 42]","[265.2, 20]",163.66,115,118.69,-0.08
07:38:38,"[105.25, 24]","[104.75, 24]","[250.35, 43]","[277.44, 27]",177.8,118,145.1,-0.19
07:38:39,"[106.96, 23]","[105.73, 11]","[268.61, 33]","[387.08, 12]",187.78,79,161.65,-0.14
07:38:40,"[107.3, 20]","[106.0, 10]","[400.67, 18]","[470.47, 38]",253.98,86,293.37,-0.3
07:38:41,"[110.89, 38]","[107.62, 89]","[393.87, 45]","[443.35, 51]",252.38,223,282.97,0.14
07:38:42,"[108.0, 55]","[107.0, 150]","[274.97, 36]","[424.24, 34]",191.49,275,166.97,0.49
07:38:43,"[108.4, 30]","[107.17, 108]","[132.0, 45]","[134.0, 9]",120.2,192,23.6,0.44
07:38:44,"[108.0, 39]","[106.99, 167]","[127.76, 25]","[129.19, 53]",117.88,284,19.76,0.45
07:38:45,"[109.31, 16]","[107.75, 24]","[126.0, 50]","[127.0, 10]",117.66,100,16.69,-0.2
07:38:46,"[111.0, 12]","[108.0, 35]","[125.0, 60]","[127.0, 12]",118.0,119,14.0,-0.21
07:38:47,"[111.0, 10]","[108.0, 80]","[122.82, 34]","[124.12, 26]",116.91,150,11.82,0.2
07:38:48,"[108.26, 35]","[107.71, 28]","[120.61, 31]","[121.09, 11]",114.44,105,12.36,0.2
07:38:49,"[108.32, 74]","[107.28, 25]","[119.0, 11]","[120.0, 55]",113.66,165,10.68,0.2
07:38:50,"[108.08, 39]","[107.5, 24]","[118.11, 9]","[120.0, 45]",113.09,117,10.03,0.08
07:38:51,"[109.17, 18]","[107.86, 42]","[117.4, 10]","[120.0, 50]",113.28,120,8.23,0.0
07:38:52,"[109.0, 30]","[106.86, 14]","[117.0, 10]","[120.0, 50]",113.0,104,8.0,-0.15
07:38:53,"[108.0, 30]","[106.0, 10]","[114.47, 30]","[165.65, 26]",111.23,96,6.47,-0.17
07:38:54,"[108.31, 16]","[106.75, 8]","[114.5, 6]","[325.0, 18]",111.41,48,6.19,0.0
07:38:55,"[105.0, 28]","[104.0, 126]","[114.0, 7]","[197.0, 27]",109.5,188,9.0,0.64
07:38:56,"[105.3, 40]","[104.01, 201]","[112.95, 21]","[129.53, 17]",109.13,279,7.65,0.73
07:38:57,"[105.26, 46]","[104.08, 117]","[112.0, 7]","[113.0, 14]",108.63,184,6.74,0.77
07:38:58,"[105.0, 30]","[104.0, 187]","[110.6, 10]","[113.0, 20]",107.8,247,5.6,0.76
07:38:59,"[105.0, 21]","[104.0, 133]","[109.09, 11]","[111.45, 11]",107.05,176,4.09,0.75
07:39:00,"[105.0, 33]","[104.0, 209]","[108.2, 20]","[133.14, 28]",106.6,290,3.2,0.67
07:39:01,"[107.0, 23]","[105.0, 36]","[108.33, 18]","[239.66, 47]",107.67,124,1.33,-0.05
07:39:02,"[105.5, 16]","[104.14, 88]","[293.6, 20]","[427.5, 38]",199.55,162,188.1,0.28
07:39:03,"[104.06, 108]","[87.95, 74]","[331.75, 32]","[409.92, 48]",217.91,262,227.69,0.39
07:39:04,"[107.62, 26]","[104.29, 28]","[292.89, 18]","[330.06, 16]",200.25,88,185.27,0.23
07:39:05,"[108.0, 44]","[106.0, 8]","[188.88, 33]","[358.06, 34]",148.44,119,80.88,-0.13
07:39:06,"[108.23, 65]","[105.9, 21]","[143.0, 52]","[264.8, 25]",125.62,163,34.77,0.06
07:39:07,"[113.0, 7]","[110.0, 20]","[191.0, 16]","[436.43, 23]",152.0,66,78.0,-0.18
07:39:08,"[113.0, 2]","[111.0, 4]","[335.0, 2]","[403.78, 9]",224.0,17,222.0,-0.29
07:39:09,"[112.6, 10]","[110.23, 26]","[212.2, 25]","[381.33, 27]",162.4,88,99.6,-0.18
07:39:10,"[111.0, 8]","[109.0, 40]","[220.31, 29]","[387.43, 35]",165.66,112,109.31,-0.14
07:39:11,"[109.8, 15]","[108.67, 36]","[222.44, 36]","[312.5, 40]",166.12,127,112.64,-0.2
07:39:12,"[109.0, 24]","[107.0, 16]","[215.25, 32]","[350.26, 35]",162.12,107,106.25,-0.25
07:39:13,"[109.0, 26]","[107.0, 24]","[211.17, 48]","[318.49, 55]",160.08,153,102.17,-0.35
07:39:14,"[109.0, 9]","[107.0, 18]","[195.34, 38]","[256.0, 34]",152.17,99,86.34,-0.45
07:39:15,"[109.0, 66]","[107.9, 20]","[169.9, 39]","[178.0, 32]",139.45,157,60.9,0.1
07:39:16,"[109.63, 19]","[108.33, 21]","[134.77, 52]","[136.96, 46]",122.2,138,25.14,-0.42
07:39:17,"[110.0, 9]","[109.0, 9]","[133.0, 36]","[134.0, 27]",121.5,81,23.0,-0.56
07:39:18,"[109.6, 15]","[108.87, 45]","[132.04, 46]","[133.58, 38]",120.82,144,22.44,-0.17
07:39:19,"[109.0, 14]","[108.0, 14]","[130.14, 21]","[132.0, 28]",119.57,77,21.14,-0.27
07:39:20,"[111.86, 84]","[108.83, 24]","[126.7, 37]","[128.43, 37]",119.28,182,14.85,0.19
07:39:21,"[112.0, 128]","[109.0, 32]","[123.48, 54]","[124.67, 54]",117.74,268,11.48,0.19
07:39:22,"[111.74, 23]","[108.88, 16]","[119.4, 30]","[120.69, 26]",115.57,95,7.66,-0.18
07:39:23,"[109.0, 11]","[108.0, 12]","[117.0, 24]","[118.0, 24]",113.0,71,8.0,-0.35
07:39:24,"[109.0, 11]","[108.0, 22]","[114.03, 36]","[115.14, 42]",111.51,111,5.03,-0.41
07:39:25,"[107.76, 21]","[107.0, 26]","[109.74, 47]","[110.86, 42]",108.75,136,1.98,-0.31
07:39:26,"[106.75, 16]","[105.38, 32]","[108.12, 32]","[111.23, 26]",107.44,106,1.38,-0.09
07:39:27,"[105.07, 86]","[104.14, 214]","[107.74, 38]","[112.66, 41]",106.4,379,2.67,0.58
07:39:28,"[105.0, 54]","[104.0, 161]","[112.86, 28]","[136.37, 19]",108.93,262,7.86,0.64
07:39:29,"[105.32, 76]","[104.04, 268]","[113.79, 56]","[290.23, 31]",109.55,431,8.47,0.6
07:39:30,"[111.0, 15]","[106.5, 24]","[113.0, 32]","[320.12, 8]",112.0,79,2.0,-0.01
07:39:31,"[110.25, 8]","[107.71, 14]","[119.0, 26]","[207.0, 13]",114.62,61,8.75,-0.28
07:39:32,"[106.33, 18]","[104.38, 52]","[169.27, 11]","[471.18, 11]",137.8,92,62.94,0.52
07:39:33,"[105.75, 40]","[104.42, 72]","[135.5, 24]","[529.8, 10]",120.62,146,29.75,0.53
07:39:34,"[105.77, 26]","[104.32, 62]","[135.0, 18]","[336.43, 7]",120.38,113,29.23,0.56
07:39:35,"[105.0, 8]","[104.0, 140]","[132.82, 22]","[218.33, 12]",118.91,182,27.82,0.63
07:39:36,"[105.86, 14]","[104.15, 40]","[133.12, 24]","[372.0, 8]",119.49,86,27.27,0.26
07:39:37,"[107.0, 12]","[105.0, 6]","[131.83, 18]","[372.0, 6]",119.42,42,24.83,-0.14
07:39:38,"[107.07, 28]","[105.5, 12]","[129.38, 32]","[194.52, 31]",118.22,103,22.3,-0.22
07:39:39,"[108.8, 30]","[107.67, 30]","[127.02, 62]","[128.1, 52]",117.91,174,18.22,-0.31
07:39:40,"[104.06, 259]","[101.0, 76]","[123.65, 43]","[125.15, 52]",113.85,430,19.59,0.56
07:39:41,"[105.43, 115]","[103.7, 253]","[121.95, 44]","[124.31, 58]",113.69,470,16.52,0.57
07:39:42,"[106.61, 31]","[104.03, 185]","[118.0, 32]","[119.32, 37]",112.31,285,11.39,0.52
07:39:43,"[109.8, 20]","[104.02, 244]","[114.24, 41]","[115.74, 23]",112.02,328,4.44,0.61
07:39:44,"[105.94, 34]","[104.21, 76]","[112.46, 71]","[113.68, 34]",109.2,215,6.52,0.02
07:39:45,"[105.75, 16]","[104.05, 126]","[157.93, 14]","[188.12, 17]",131.84,173,52.18,0.64
07:39:46,"[105.3, 87]","[104.91, 205]","[246.67, 45]","[248.0, 15]",175.98,352,141.37,0.66
07:39:47,"[111.0, 81]","[104.0, 153]","[172.48, 25]","[194.55, 11]",141.74,270,61.48,0.73
07:39:48,"[111.0, 54]","[104.0, 102]","[148.0, 18]","[204.25, 8]",129.5,182,37.0,0.71
07:39:49,"[111.0, 110]","[104.0, 233]","[147.14, 42]","[236.36, 22]",129.07,407,36.14,0.69
07:39:50,"[111.29, 68]","[104.11, 122]","[146.67, 36]","[380.83, 60]",128.98,286,35.37,0.33
07:39:51,"[106.37, 60]","[92.14, 21]","[146.0, 24]","[683.76, 34]",126.18,139,39.63,0.17
07:39:52,"[104.0, 66]","[68.67, 24]","[145.33, 18]","[300.0, 12]",124.67,120,41.33,0.5
07:39:53,"[104.0, 99]","[61.11, 18]","[142.25, 32]","[143.48, 31]",123.12,180,38.25,0.3
07:39:54,"[104.0, 110]","[59.14, 28]","[142.77, 39]","[352.35, 40]",123.38,217,38.77,0.27
07:39:55,"[104.0, 88]","[85.2, 20]","[142.88, 32]","[273.15, 33]",123.44,173,38.88,0.25
07:39:56,"[104.97, 58]","[99.63, 99]","[141.46, 52]","[142.46, 52]",123.21,261,36.5,0.2
07:39:57,"[106.14, 44]","[101.14, 28]","[140.45, 44]","[142.0, 44]",123.3,160,34.32,-0.1
07:39:58,"[104.06, 53]","[97.2, 50]","[138.75, 32]","[142.0, 32]",121.4,167,34.69,0.23
07:39:59,"[107.73, 11]","[104.65, 20]","[137.36, 44]","[140.36, 44]",122.55,119,29.64,-0.48
07:40:00,"[108.89, 45]","[107.0, 10]","[132.14, 42]","[133.4, 40]",120.52,137,23.25,-0.2
07:40:01,"[108.99, 87]","[107.83, 12]","[129.14, 57]","[131.12, 51]",119.06,207,20.15,-0.04
07:40:02,"[109.0, 92]","[108.0, 10]","[126.12, 41]","[128.65, 46]",117.56,189,17.12,0.08
07:40:03,"[109.13, 46]","[108.8, 30]","[125.67, 36]","[130.67, 36]",117.4,148,16.54,0.03
07:40:04,"[109.0, 70]","[108.0, 10]","[123.4, 40]","[124.4, 40]",116.2,160,14.4,0.0
07:40:05,"[109.0, 91]","[108.0, 13]","[120.91, 44]","[122.2, 51]",114.95,199,11.91,0.05
07:40:06,"[109.0, 64]","[108.0, 12]","[117.78, 45]","[119.08, 39]",113.39,160,8.78,-0.05
07:40:07,"[108.78, 18]","[107.6, 10]","[114.08, 39]","[115.26, 31]",111.43,98,5.3,-0.43
07:40:08,"[106.03, 33]","[104.47, 38]","[112.75, 48]","[113.67, 45]",109.39,164,6.72,-0.13
07:40:09,"[105.75, 64]","[104.35, 46]","[111.1, 40]","[114.74, 31]",108.42,181,5.35,0.22
07:40:10,"[108.03, 34]","[105.13, 71]","[112.88, 33]","[121.29, 34]",110.45,172,4.85,0.22
07:40:11,"[108.89, 28]","[106.12, 32]","[111.32, 25]","[117.32, 25]",110.11,110,2.43,0.09
07:40:12,"[110.33, 24]","[108.29, 28]","[112.0, 30]","[190.08, 13]",111.17,95,1.67,0.09
07:40:13,"[108.67, 30]","[105.5, 48]","[111.67, 36]","[196.41, 17]",110.17,131,3.0,0.19
07:40:14,"[108.0, 30]","[104.0, 50]","[286.1, 10]","[296.69, 13]",197.05,103,178.1,0.55
07:40:15,"[107.2, 30]","[103.83, 48]","[284.37, 19]","[494.0, 16]",195.78,113,177.17,0.38
07:40:16,"[104.0, 30]","[103.0, 40]","[262.56, 16]","[266.38, 24]",183.28,110,158.56,0.27
07:40:17,"[104.0, 13]","[103.0, 24]","[189.67, 18]","[211.33, 6]",146.83,61,85.67,0.21
07:40:18,"[108.3, 23]","[103.08, 26]","[185.37, 19]","[204.75, 16]",146.84,84,77.06,0.17
07:40:19,"[113.0, 143]","[107.91, 46]","[185.91, 22]","[193.7, 40]",149.45,251,72.91,0.51
07:40:20,"[113.0, 132]","[110.0, 72]","[185.0, 24]","[188.67, 36]",149.0,264,72.0,0.55
07:40:21,"[113.0, 144]","[110.0, 84]","[182.84, 50]","[184.15, 20]",147.92,298,69.84,0.53
07:40:22,"[113.0, 66]","[110.0, 72]","[176.67, 18]","[182.0, 36]",144.83,192,63.67,0.44
07:40:23,"[113.0, 36]","[110.0, 90]","[180.13, 15]","[182.0, 60]",146.57,201,67.13,0.25
07:40:24,"[113.0, 8]","[110.0, 76]","[179.08, 26]","[181.14, 14]",146.04,124,66.08,0.35
07:40:25,"[113.0, 7]","[110.0, 140]","[177.45, 22]","[178.77, 13]",145.23,182,64.45,0.62
07:40:26,"[113.0, 18]","[110.0, 206]","[175.3, 66]","[176.25, 24]",144.15,314,62.3,0.43
07:40:27,"[110.86, 21]","[109.92, 39]","[164.36, 33]","[172.33, 18]",137.61,111,53.51,0.08
07:40:28,"[109.61, 33]","[108.16, 43]","[171.0, 11]","[232.75, 32]",140.3,119,61.39,0.28
07:40:29,"[109.0, 24]","[108.0, 54]","[169.0, 6]","[587.5, 8]",139.0,92,60.0,0.7
07:40:30,"[108.49, 59]","[107.77, 118]","[166.71, 14]","[582.24, 33]",137.6,224,58.22,0.58
07:40:31,"[108.0, 90]","[105.0, 27]","[166.0, 9]","[410.71, 35]",137.0,161,58.0,0.45
07:40:32,"[108.0, 60]","[105.0, 21]","[166.0, 7]","[361.0, 35]",137.0,123,58.0,0.32
07:40:33,"[108.0, 88]","[105.6, 15]","[164.43, 35]","[301.56, 25]",136.21,163,56.43,0.26
07:40:34,"[109.0, 13]","[108.0, 104]","[162.98, 53]","[163.6, 25]",135.99,195,53.98,0.2
07:40:35,"[109.4, 10]","[108.0, 80]","[160.36, 14]","[161.54, 46]",134.88,150,50.96,0.2
07:40:36,"[110.0, 14]","[108.0, 112]","[155.47, 32]","[156.94, 48]",132.73,206,45.47,0.22
07:40:37,"[108.77, 39]","[107.63, 147]","[151.42, 48]","[152.69, 58]",130.09,292,42.65,0.27
07:40:38,"[108.0, 96]","[106.0, 108]","[155.42, 60]","[157.17, 60]",131.71,324,47.42,0.26
07:40:39,"[108.0, 120]","[106.0, 135]","[136.42, 71]","[144.36, 67]",122.21,393,28.42,0.3
07:40:40,"[108.0, 112]","[106.0, 126]","[129.0, 70]","[130.57, 70]",118.5,378,21.0,0.26
07:40:41,"[111.6, 107]","[107.78, 74]","[126.93, 75]","[128.33, 75]",119.27,331,15.34,0.09
07:40:42,"[113.0, 77]","[111.0, 22]","[124.23, 31]","[125.36, 36]",118.61,166,11.23,0.19
07:40:43,"[113.0, 70]","[111.0, 20]","[118.75, 16]","[120.71, 14]",115.88,120,5.75,0.5
07:40:44,"[113.0, 88]","[111.0, 28]","[114.98, 52]","[115.7, 63]",113.99,231,1.98,0.0
07:40:45,"[112.6, 40]","[109.95, 38]","[114.38, 65]","[199.8, 60]",113.49,203,1.78,-0.23
07:40:46,"[109.97, 29]","[108.92, 38]","[113.0, 50]","[449.0, 40]",111.48,157,3.03,-0.15
07:40:47,"[109.0, 40]","[108.0, 8]","[112.0, 40]","[456.62, 26]",110.5,114,3.0,-0.16
07:40:48,"[109.0, 40]","[108.0, 8]","[112.0, 40]","[327.25, 24]",110.5,112,3.0,-0.14
07:40:49,"[109.29, 28]","[108.91, 44]","[151.17, 52]","[333.95, 41]",130.23,165,41.89,-0.13
07:40:50,"[109.12, 50]","[108.25, 16]","[264.93, 56]","[327.16, 58]",187.02,180,155.81,-0.27
07:40:51,"[109.27, 11]","[108.29, 7]","[262.33, 24]","[411.63, 27]",185.8,69,153.06,-0.48
07:40:52,"[107.8, 30]","[105.12, 41]","[261.25, 64]","[395.81, 64]",184.53,199,153.45,-0.29
07:40:53,"[105.13, 30]","[103.02, 123]","[260.27, 60]","[364.18, 66]",182.7,279,155.13,0.1
07:40:54,"[104.57, 28]","[98.42, 66]","[258.75, 32]","[426.38, 32]",181.66,158,154.18,0.19
07:40:55,"[104.31, 59]","[98.88, 50]","[160.77, 52]","[244.85, 52]",132.54,213,56.46,0.02
07:40:56,"[107.36, 25]","[104.95, 22]","[171.0, 44]","[351.53, 51]",139.18,142,63.64,-0.34
07:40:57,"[108.38, 32]","[106.0, 8]","[171.0, 32]","[376.0, 40]",139.69,112,62.62,-0.29
07:40:58,"[109.0, 32]","[106.0, 8]","[170.22, 18]","[202.06, 33]",139.61,91,61.22,-0.12
07:40:59,"[109.0, 52]","[107.82, 79]","[161.41, 29]","[183.92, 24]",135.21,184,52.41,0.42
07:41:00,"[109.0, 38]","[106.0, 11]","[142.0, 11]","[143.0, 44]",125.5,104,33.0,-0.06
07:41:01,"[103.76, 29]","[72.8, 15]","[140.82, 17]","[141.54, 13]",122.29,74,37.06,0.19
07:41:02,"[74.89, 126]","[71.85, 104]","[110.16, 25]","[114.72, 36]",92.52,291,35.27,0.58
07:41:03,"[77.7, 80]","[74.0, 120]","[189.47, 15]","[376.53, 38]",133.58,253,111.77,0.58
07:41:04,"[111.0, 47]","[99.89, 36]","[421.0, 28]","[479.0, 28]",266.0,139,310.0,0.19
07:41:05,"[111.0, 55]","[109.0, 53]","[409.55, 44]","[515.18, 44]",260.27,196,298.55,0.1
07:41:06,"[111.0, 36]","[109.0, 30]","[372.92, 37]","[394.7, 40]",241.96,143,261.92,-0.08
07:41:07,"[111.19, 26]","[109.25, 24]","[333.87, 30]","[371.1, 31]",222.53,111,222.67,-0.1
07:41:08,"[110.82, 33]","[108.41, 34]","[316.83, 46]","[318.45, 44]",213.82,157,206.01,-0.15
07:41:09,"[109.0, 15]","[104.0, 20]","[197.71, 21]","[251.18, 22]",153.36,78,88.71,-0.1
07:41:10,"[104.0, 44]","[78.99, 71]","[189.48, 46]","[196.08, 52]",146.74,213,85.48,0.08
07:41:11,"[102.43, 47]","[69.03, 111]","[192.75, 48]","[194.91, 55]",147.59,261,90.32,0.21
07:41:12,"[101.29, 28]","[93.13, 23]","[188.0, 47]","[189.04, 45]",144.64,143,86.71,-0.29
07:41:13,"[87.55, 22]","[75.28, 47]","[135.19, 47]","[148.1, 49]",111.37,165,47.65,-0.16
07:41:14,"[84.62, 16]","[70.0, 75]","[101.0, 12]","[118.96, 24]",92.81,127,16.38,0.43
07:41:15,"[84.0, 12]","[62.33, 72]","[100.5, 10]","[101.91, 11]",92.25,105,16.5,0.6
07:41:16,"[86.33, 9]","[65.07, 29]","[100.0, 30]","[101.0, 6]",93.17,74,13.67,0.03
07:41:17,"[86.0, 5]","[50.2, 20]","[101.0, 10]","[102.88, 17]",93.5,52,15.0,-0.04
07:41:18,"[86.29, 7]","[40.71, 14]","[99.63, 19]","[102.84, 19]",92.96,59,13.35,-0.29
07:41:19,"[87.0, 5]","[19.0, 10]","[99.0, 25]","[102.0, 5]",93.0,45,12.0,-0.33
07:41:20,"[87.71, 14]","[56.29, 17]","[99.0, 42]","[102.0, 9]",93.36,82,11.29,-0.24
07:41:21,"[88.0, 28]","[87.0, 8]","[138.0, 31]","[333.73, 22]",113.0,89,50.0,-0.19
07:41:22,"[89.82, 11]","[49.77, 13]","[209.62, 26]","[562.25, 20]",149.72,70,119.8,-0.31
07:41:23,"[109.08, 12]","[108.0, 10]","[201.0, 42]","[317.97, 39]",155.04,103,91.92,-0.57
07:41:24,"[84.75, 20]","[79.33, 12]","[285.0, 28]","[381.61, 31]",184.88,91,200.25,-0.3
07:41:25,"[76.67, 12]","[47.55, 22]","[290.2, 30]","[438.12, 32]",183.43,96,213.53,-0.29
07:41:26,"[81.12, 8]","[37.5, 18]","[486.43, 28]","[590.0, 24]",283.78,78,405.3,-0.33
07:41:27,"[90.33, 27]","[71.64, 14]","[345.29, 28]","[474.67, 36]",217.81,105,254.95,-0.22
07:41:28,"[104.0, 60]","[45.35, 26]","[208.32, 47]","[337.27, 40]",156.16,173,104.32,-0.01
07:41:29,"[104.0, 25]","[41.2, 15]","[168.8, 20]","[335.67, 18]",136.4,78,64.8,0.03
07:41:30,"[104.58, 31]","[61.35, 26]","[167.45, 44]","[476.03, 35]",136.02,136,62.87,-0.16
07:41:31,"[107.55, 42]","[106.28, 36]","[165.71, 56]","[255.33, 60]",136.63,194,58.17,-0.2
07:41:32,"[110.0, 24]","[109.0, 6]","[164.33, 24]","[262.0, 30]",137.17,84,54.33,-0.29
07:41:33,"[110.0, 36]","[109.0, 9]","[163.56, 36]","[306.48, 29]",136.78,110,53.56,-0.18
07:41:34,"[110.0, 32]","[109.0, 8]","[153.29, 34]","[237.97, 31]",131.65,105,43.29,-0.24
07:41:35,"[110.0, 17]","[109.0, 8]","[128.75, 24]","[130.0, 40]",119.38,89,18.75,-0.44
07:41:36,"[110.0, 6]","[109.0, 6]","[126.29, 21]","[127.43, 21]",118.14,54,16.29,-0.56
07:41:37,"[110.0, 14]","[109.0, 14]","[122.91, 44]","[123.88, 49]",116.45,121,12.91,-0.54
07:41:38,"[104.95, 21]","[92.9, 21]","[119.61, 28]","[120.9, 30]",112.28,100,14.65,-0.16
07:41:39,"[87.8, 30]","[73.47, 38]","[116.0, 41]","[117.45, 33]",101.9,142,28.2,-0.04
07:41:40,"[103.33, 63]","[73.8, 49]","[113.92, 48]","[117.0, 36]",108.62,196,10.58,0.14
07:41:41,"[104.0, 116]","[82.18, 22]","[112.17, 41]","[114.03, 39]",108.09,218,8.17,0.27
07:41:42,"[104.0, 86]","[87.68, 25]","[108.73, 30]","[109.48, 21]",106.37,162,4.73,0.37
07:41:43,"[104.14, 42]","[97.14, 42]","[106.93, 27]","[107.63, 27]",105.53,138,2.78,0.22
07:41:44,"[104.01, 72]","[58.95, 19]","[112.74, 27]","[206.32, 38]",108.38,156,8.73,0.17
07:41:45,"[104.08, 48]","[100.8, 40]","[114.76, 17]","[232.32, 38]",109.42,143,10.68,0.23
07:41:46,"[104.0, 13]","[100.0, 14]","[113.86, 7]","[347.0, 14]",108.93,48,9.86,0.12
07:41:47,"[104.0, 52]","[83.0, 10]","[112.7, 10]","[346.0, 15]",108.35,87,8.7,0.43
07:41:48,"[104.0, 74]","[83.83, 48]","[111.0, 13]","[201.73, 22]",107.5,157,7.0,0.55
07:41:49,"[106.18, 33]","[79.66, 35]","[110.12, 8]","[230.83, 24]",108.15,100,3.94,0.36
07:41:50,"[108.0, 60]","[104.0, 30]","[205.22, 23]","[251.12, 34]",156.61,147,97.22,0.22
07:41:51,"[108.0, 60]","[104.0, 36]","[182.75, 24]","[223.0, 48]",145.38,168,74.75,0.14
07:41:52,"[108.0, 28]","[107.0, 11]","[190.94, 34]","[269.07, 27]",149.47,100,82.94,-0.22
07:41:53,"[109.88, 32]","[107.84, 19]","[379.14, 28]","[384.14, 14]",244.51,93,269.27,0.1
07:41:54,"[111.0, 48]","[108.0, 24]","[197.21, 33]","[355.33, 42]",154.11,147,86.21,-0.02
07:41:55,"[110.7, 40]","[107.82, 22]","[119.04, 46]","[212.71, 31]",114.87,139,8.34,-0.11
07:41:56,"[108.0, 12]","[107.0, 12]","[116.5, 48]","[153.67, 48]",112.25,120,8.5,-0.6
07:41:57,"[108.0, 8]","[107.0, 8]","[118.9, 31]","[252.5, 32]",113.45,79,10.9,-0.59
07:41:58,"[108.88, 17]","[107.71, 7]","[117.0, 22]","[118.0, 27]",112.94,73,8.12,-0.34
07:41:59,"[109.28, 29]","[108.4, 15]","[115.2, 40]","[163.35, 37]",112.24,121,5.92,-0.27
07:42:00,"[109.0, 23]","[108.0, 9]","[114.11, 27]","[202.9, 29]",111.56,88,5.11,-0.27
07:42:01,"[107.71, 21]","[107.2, 15]","[111.46, 39]","[112.92, 39]",109.59,114,3.75,-0.37
07:42:02,"[106.0, 104]","[104.0, 36]","[109.33, 36]","[110.33, 36]",107.67,212,3.33,0.32
07:42:03,"[106.0, 29]","[104.0, 27]","[109.22, 27]","[110.22, 27]",107.61,110,3.22,0.02
07:42:04,"[105.44, 25]","[100.57, 21]","[108.88, 24]","[111.0, 24]",107.16,94,3.44,-0.02
07:42:05,"[104.0, 48]","[77.0, 24]","[106.92, 36]","[108.5, 36]",105.46,144,2.92,0.0
07:42:06,"[104.0, 32]","[77.0, 16]","[140.44, 16]","[251.07, 27]",122.22,91,36.44,0.05
07:42:07,"[104.0, 49]","[95.67, 30]","[147.06, 34]","[337.12, 50]",125.53,163,43.06,-0.03
07:42:08,"[103.49, 101]","[67.94, 114]","[164.0, 32]","[402.38, 64]",133.74,311,60.51,0.38
07:42:09,"[106.72, 25]","[105.62, 74]","[162.85, 52]","[257.17, 24]",134.78,175,56.13,0.13
07:42:10,"[106.0, 8]","[105.0, 24]","[162.0, 40]","[199.47, 30]",134.0,102,56.0,-0.37
07:42:11,"[109.16, 19]","[105.29, 17]","[155.29, 28]","[166.46, 35]",132.22,99,46.13,-0.27
07:42:12,"[107.6, 15]","[105.07, 29]","[155.02, 42]","[159.96, 27]",131.31,113,47.42,-0.22
07:42:13,"[106.29, 28]","[104.54, 52]","[156.0, 45]","[157.12, 33]",131.14,158,49.71,0.01
07:42:14,"[107.0, 92]","[105.0, 22]","[153.27, 55]","[154.16, 19]",130.14,188,46.27,0.21
07:42:15,"[107.58, 60]","[106.47, 30]","[150.1, 50]","[151.1, 50]",128.84,190,42.52,-0.05
07:42:16,"[108.73, 56]","[105.0, 144]","[144.92, 26]","[146.86, 44]",126.83,270,36.19,0.48
07:42:17,"[109.0, 20]","[105.0, 220]","[141.59, 34]","[142.4, 30]",125.29,304,32.59,0.58
07:42:18,"[112.08, 26]","[105.93, 86]","[137.85, 65]","[138.24, 37]",124.96,214,25.77,0.05
07:42:19,"[113.0, 24]","[109.5, 24]","[134.08, 60]","[135.17, 60]",123.54,168,21.08,-0.43
07:42:20,"[111.12, 16]","[109.17, 36]","[131.11, 36]","[132.64, 36]",121.12,124,19.99,-0.16
07:42:21,"[110.0, 30]","[109.0, 90]","[126.93, 75]","[127.78, 27]",118.47,222,16.93,0.08
07:42:22,"[110.67, 54]","[109.18, 66]","[122.82, 51]","[123.47, 47]",116.75,218,12.16,0.1
07:42:23,"[110.97, 73]","[109.8, 30]","[115.63, 41]","[117.47, 53]",113.3,197,4.66,0.05
07:42:24,"[110.0, 9]","[109.0, 48]","[115.5, 8]","[118.0, 40]",112.75,105,5.5,0.09
07:42:25,"[110.0, 10]","[109.0, 60]","[112.86, 22]","[117.68, 38]",111.43,130,2.86,0.08
07:42:26,"[109.12, 41]","[108.0, 60]","[111.13, 15]","[188.58, 36]",110.13,152,2.01,0.33
07:42:27,"[109.0, 49]","[107.0, 45]","[181.11, 9]","[530.1, 20]",145.06,123,72.11,0.53
07:42:28,"[109.0, 28]","[107.0, 35]","[236.71, 7]","[284.0, 10]",172.86,80,127.71,0.57
07:42:29,"[107.95, 19]","[106.01, 89]","[236.0, 11]","[346.95, 38]",171.97,157,128.05,0.38
07:42:30,"[108.36, 25]","[105.69, 87]","[160.28, 18]","[279.88, 41]",134.32,171,51.92,0.31
07:42:31,"[109.0, 14]","[106.03, 29]","[111.1, 20]","[135.5, 30]",110.05,93,2.1,-0.08
07:42:32,"[109.0, 11]","[105.71, 119]","[110.82, 22]","[334.08, 26]",109.91,178,1.82,0.46
07:42:33,"[107.05, 43]","[105.06, 186]","[167.44, 9]","[324.43, 14]",137.25,252,60.4,0.82
07:42:34,"[109.0, 45]","[105.25, 143]","[166.0, 24]","[183.0, 8]",137.5,220,57.0,0.71
07:42:35,"[108.93, 59]","[105.22, 216]","[166.5, 34]","[256.33, 21]",137.72,330,57.57,0.67
07:42:36,"[108.38, 13]","[106.12, 49]","[182.6, 10]","[591.67, 24]",145.49,96,74.22,0.29
07:42:37,"[107.8, 20]","[105.58, 66]","[179.5, 12]","[180.67, 9]",143.65,107,71.7,0.61
07:42:38,"[109.0, 40]","[108.0, 84]","[178.95, 19]","[179.82, 11]",143.97,154,69.95,0.61
07:42:39,"[109.0, 48]","[108.0, 96]","[147.22, 18]","[176.0, 17]",128.11,179,38.22,0.61
07:42:40,"[109.0, 20]","[108.0, 40]","[134.2, 10]","[175.11, 9]",121.6,79,25.2,0.52
07:42:41,"[109.0, 60]","[108.0, 120]","[166.33, 27]","[173.95, 19]",137.67,226,57.33,0.59
07:42:42,"[108.28, 67]","[107.67, 84]","[109.96, 23]","[187.59, 22]",109.12,196,1.67,0.54
07:42:43,"[108.0, 24]","[107.0, 24]","[110.17, 6]","[660.0, 19]",109.08,73,2.17,0.32
07:42:44,"[108.0, 21]","[107.0, 24]","[109.06, 16]","[418.57, 14]",108.53,75,1.06,0.2
07:42:45,"[106.69, 26]","[105.33, 72]","[174.75, 24]","[495.64, 22]",140.72,144,68.06,0.36
07:42:46,"[106.0, 32]","[105.0, 276]","[236.51, 35]","[416.72, 25]",171.26,368,130.51,0.67
07:42:47,"[106.0, 18]","[105.0, 215]","[109.0, 9]","[573.67, 18]",107.5,260,3.0,0.79
07:42:48,"[105.34, 41]","[104.95, 184]","[176.56, 18]","[268.16, 19]",140.95,262,71.21,0.72
07:42:49,"[105.0, 14]","[104.0, 21]","[193.57, 14]","[333.71, 14]",149.29,63,88.57,0.11
07:42:50,"[105.27, 15]","[104.12, 17]","[502.95, 19]","[650.42, 19]",304.11,70,397.68,-0.09
07:42:51,"[109.0, 13]","[105.0, 66]","[455.32, 44]","[665.54, 26]",282.16,149,346.32,0.06
07:42:52,"[105.89, 38]","[104.71, 42]","[525.52, 27]","[623.67, 15]",315.71,122,419.62,0.31
07:42:53,"[108.0, 33]","[105.0, 81]","[157.0, 18]","[493.42, 33]",132.5,165,49.0,0.38
07:42:54,"[106.82, 56]","[104.58, 77]","[153.25, 24]","[452.67, 30]",130.04,187,46.43,0.42
07:42:55,"[109.63, 79]","[105.25, 96]","[274.18, 22]","[581.45, 22]",191.91,219,164.55,0.6
07:42:56,"[107.92, 75]","[106.74, 114]","[291.36, 36]","[332.62, 39]",199.64,264,183.44,0.43
07:42:57,"[108.0, 72]","[106.0, 96]","[241.67, 36]","[280.75, 24]",174.83,228,133.67,0.47
07:42:58,"[109.0, 90]","[106.58, 76]","[199.61, 38]","[234.41, 34]",154.3,238,90.61,0.39
07:42:59,"[109.45, 11]","[108.76, 34]","[171.0, 18]","[173.0, 12]",140.23,75,61.55,0.2
07:43:00,"[110.0, 12]","[109.0, 72]","[146.58, 36]","[151.64, 33]",128.29,153,36.58,0.1
07:43:01,"[110.0, 11]","[109.0, 66]","[136.23, 13]","[137.27, 33]",123.12,123,26.23,0.25
07:43:02,"[109.73, 15]","[108.78, 74]","[130.0, 33]","[133.26, 35]",119.87,157,20.27,0.13
07:43:03,"[109.0, 28]","[107.0, 56]","[124.76, 34]","[125.23, 26]",116.88,144,15.76,0.17
07:43:04,"[109.0, 16]","[107.0, 32]","[118.25, 12]","[119.18, 22]",113.62,82,9.25,0.17
07:43:05,"[108.33, 48]","[106.43, 56]","[115.07, 14]","[118.69, 26]",111.7,144,6.74,0.44
07:43:06,"[109.0, 94]","[107.0, 56]","[111.61, 28]","[112.54, 28]",110.3,206,2.61,0.46
07:43:07,"[109.0, 73]","[107.0, 48]","[115.0, 16]","[121.0, 32]",112.0,169,6.0,0.43
07:43:08,"[109.0, 18]","[107.0, 36]","[119.44, 18]","[122.0, 36]",114.22,108,10.44,0.0
07:43:09,"[109.0, 18]","[107.0, 36]","[118.38, 26]","[121.14, 28]",113.69,108,9.38,0.0
07:43:10,"[107.5, 16]","[106.21, 38]","[117.0, 32]","[119.0, 16]",112.25,102,9.5,0.06
07:43:11,"[110.55, 58]","[108.14, 110]","[114.69, 52]","[116.82, 44]",112.62,264,4.14,0.27
07:43:12,"[112.0, 28]","[111.0, 70]","[113.75, 32]","[216.0, 24]",112.88,154,1.75,0.27
07:43:13,"[111.0, 51]","[106.0, 18]","[112.78, 36]","[356.0, 18]",111.89,123,1.78,0.12
07:43:14,"[107.15, 13]","[105.04, 47]","[286.29, 14]","[428.86, 7]",196.72,81,179.13,0.48
07:43:15,"[107.74, 31]","[105.5, 36]","[351.55, 29]","[355.75, 24]",229.65,120,243.81,0.12
07:43:16,"[108.0, 30]","[106.0, 20]","[352.3, 20]","[492.96, 23]",230.15,93,244.3,0.08
07:43:17,"[108.0, 27]","[106.0, 18]","[344.88, 17]","[345.42, 19]",226.44,81,236.88,0.11
07:43:18,"[108.0, 29]","[106.0, 26]","[206.52, 23]","[207.44, 34]",157.26,112,98.52,-0.02
07:43:19,"[108.25, 16]","[107.0, 36]","[191.0, 13]","[194.0, 39]",149.62,104,82.75,0.0
07:43:20,"[108.28, 18]","[107.6, 30]","[190.33, 6]","[194.0, 18]",149.31,72,82.06,0.33
07:43:21,"[106.08, 36]","[98.44, 25]","[173.5, 28]","[182.67, 18]",139.79,107,67.42,0.14
07:43:22,"[104.69, 52]","[90.58, 38]","[171.2, 15]","[176.85, 13]",137.95,118,66.51,0.53
07:43:23,"[113.0, 40]","[104.0, 64]","[168.92, 12]","[170.8, 20]",140.96,136,55.92,0.53
07:43:24,"[106.0, 39]","[101.27, 51]","[166.48, 50]","[168.06, 35]",136.24,175,60.48,0.03
07:43:25,"[103.54, 26]","[86.5, 24]","[165.8, 25]","[166.86, 35]",134.67,110,62.26,-0.09
07:43:26,"[82.63, 43]","[73.35, 49]","[137.52, 29]","[145.59, 29]",110.07,150,54.89,0.23
07:43:27,"[76.0, 36]","[70.46, 13]","[96.89, 27]","[97.95, 22]",86.44,98,20.89,0.0
07:43:28,"[67.85, 46]","[64.91, 22]","[96.0, 30]","[97.0, 10]",81.92,108,28.15,0.26
07:43:29,"[86.0, 10]","[50.0, 25]","[96.0, 15]","[97.0, 5]",91.0,55,10.0,0.27
07:43:30,"[86.0, 14]","[58.14, 35]","[96.04, 27]","[97.33, 9]",91.02,85,10.04,0.15
07:43:31,"[87.33, 15]","[64.33, 27]","[96.0, 30]","[97.0, 6]",91.67,78,8.67,0.08
07:43:32,"[51.68, 31]","[39.24, 21]","[96.08, 38]","[97.56, 16]",73.88,106,44.4,-0.02
07:43:33,"[45.29, 48]","[37.79, 48]","[97.0, 12]","[98.0, 36]",71.15,144,51.71,0.33
07:43:34,"[75.0, 55]","[65.62, 39]","[102.53, 38]","[218.91, 44]",88.76,176,27.53,0.07
07:43:35,"[96.75, 56]","[95.0, 21]","[103.0, 55]","[191.43, 49]",99.88,181,6.25,-0.15
07:43:36,"[97.86, 49]","[76.11, 28]","[99.97, 29]","[102.84, 58]",98.91,164,2.11,-0.06
07:43:37,"[98.67, 15]","[73.47, 93]","[101.85, 46]","[111.45, 55]",100.26,209,3.18,0.03
07:43:38,"[100.62, 32]","[90.95, 58]","[102.25, 60]","[150.53, 51]",101.44,201,1.62,-0.1
07:43:39,"[76.38, 112]","[33.84, 62]","[103.0, 54]","[430.27, 22]",89.69,250,26.62,0.39
07:43:40,"[58.93, 59]","[34.26, 54]","[103.0, 21]","[272.0, 14]",80.97,148,44.07,0.53
07:43:41,"[40.66, 53]","[33.14, 98]","[103.0, 13]","[318.41, 27]",71.83,191,62.34,0.58
07:43:42,"[89.08, 78]","[50.91, 33]","[319.88, 16]","[556.33, 18]",204.48,145,230.8,0.53
07:43:43,"[92.0, 72]","[78.0, 12]","[121.33, 9]","[311.5, 12]",106.67,105,29.33,0.6
07:43:44,"[67.01, 77]","[50.48, 116]","[195.78, 37]","[467.06, 32]",131.4,262,128.77,0.47
07:43:45,"[103.26, 57]","[93.79, 28]","[487.57, 14]","[545.57, 14]",295.42,113,384.31,0.5
07:43:46,"[106.0, 77]","[105.0, 7]","[320.71, 14]","[447.86, 14]",213.36,112,214.71,0.5
07:43:47,"[106.0, 88]","[105.0, 8]","[245.1, 20]","[272.67, 24]",175.55,140,139.1,0.37
07:43:48,"[106.0, 132]","[105.0, 12]","[169.8, 40]","[181.88, 32]",137.9,216,63.8,0.33
07:43:49,"[106.3, 89]","[105.84, 49]","[121.7, 40]","[123.5, 32]",114.0,210,15.4,0.31
07:43:50,"[107.0, 18]","[106.0, 90]","[119.11, 18]","[121.0, 36]",113.06,162,12.11,0.33
07:43:51,"[107.21, 28]","[106.04, 114]","[117.76, 34]","[119.0, 44]",112.49,220,10.55,0.29
07:43:52,"[108.0, 33]","[107.0, 22]","[113.82, 34]","[116.25, 32]",110.91,121,5.82,-0.09
07:43:53,"[108.74, 23]","[107.0, 18]","[111.29, 28]","[112.62, 26]",110.01,95,2.55,-0.14
07:43:54,"[108.09, 22]","[106.19, 62]","[110.08, 26]","[145.2, 30]",109.08,140,1.99,0.2
07:43:55,"[106.05, 112]","[105.25, 118]","[107.65, 23]","[110.14, 28]",106.85,281,1.6,0.64
07:43:56,"[106.0, 166]","[105.0, 147]","[109.31, 39]","[359.68, 66]",107.65,418,3.31,0.5
07:43:57,"[105.8, 51]","[104.94, 106]","[120.71, 34]","[289.61, 28]",113.25,219,14.9,0.43
07:43:58,"[106.87, 75]","[104.68, 74]","[210.12, 16]","[346.57, 14]",158.5,179,103.26,0.66
07:43:59,"[109.0, 28]","[105.0, 40]","[166.5, 6]","[382.67, 6]",137.75,80,57.5,0.7
07:44:00,"[109.49, 65]","[106.14, 98]","[147.38, 13]","[244.9, 20]",128.44,196,37.89,0.66
07:44:01,"[111.0, 28]","[109.0, 49]","[135.71, 7]","[137.0, 14]",123.36,98,24.71,0.57
07:44:02,"[110.8, 138]","[108.28, 111]","[134.27, 15]","[266.45, 64]",122.53,328,23.47,0.52
07:44:03,"[111.0, 69]","[109.0, 77]","[133.45, 11]","[312.76, 25]",122.23,182,22.45,0.6
07:44:04,"[111.0, 24]","[109.0, 56]","[132.62, 8]","[226.34, 29]",121.81,117,21.62,0.37
07:44:05,"[109.75, 48]","[106.83, 92]","[130.73, 55]","[131.35, 23]",120.24,218,20.98,0.28
07:44:06,"[109.0, 48]","[105.0, 80]","[129.88, 40]","[131.0, 40]",119.44,208,20.88,0.23
07:44:07,"[109.0, 54]","[105.0, 90]","[127.67, 21]","[129.19, 31]",118.33,196,18.67,0.47
07:44:08,"[105.77, 47]","[104.24, 152]","[108.91, 22]","[116.54, 28]",107.34,249,3.14,0.6
07:44:09,"[105.0, 24]","[104.0, 96]","[106.54, 13]","[119.18, 22]",105.77,155,1.54,0.55
07:44:10,"[107.42, 24]","[104.12, 66]","[129.75, 36]","[261.0, 19]",118.58,145,22.33,0.24
07:44:11,"[111.0, 72]","[107.62, 13]","[129.25, 40]","[255.0, 16]",120.12,141,18.25,0.21
07:44:12,"[110.69, 58]","[108.0, 24]","[129.0, 45]","[494.46, 39]",119.84,166,18.31,-0.01
07:44:13,"[109.0, 27]","[105.0, 18]","[127.68, 41]","[340.22, 45]",118.34,131,18.68,-0.31
07:44:14,"[109.0, 42]","[105.0, 28]","[125.33, 57]","[127.83, 69]",117.17,196,16.33,-0.29
07:44:15,"[109.84, 19]","[106.89, 19]","[124.0, 40]","[125.0, 32]",116.92,110,14.16,-0.31
07:44:16,"[111.86, 21]","[108.53, 51]","[120.86, 85]","[122.21, 77]",116.36,234,9.0,-0.38
07:44:17,"[109.0, 18]","[105.0, 18]","[116.56, 45]","[120.0, 36]",112.78,117,7.56,-0.38
07:44:18,"[109.58, 38]","[105.8, 20]","[113.57, 47]","[115.0, 43]",111.58,148,4.0,-0.22
07:44:19,"[110.0, 50]","[109.0, 10]","[111.55, 22]","[147.4, 20]",110.77,102,1.55,0.18
07:44:20,"[110.0, 30]","[109.0, 10]","[112.0, 20]","[398.0, 10]",111.0,70,2.0,0.14
07:44:21,"[110.0, 36]","[109.0, 12]","[112.0, 24]","[398.0, 12]",111.0,84,2.0,0.14
07:44:22,"[109.56, 27]","[108.43, 14]","[112.0, 32]","[356.96, 25]",110.78,98,2.44,-0.16
07:44:23,"[105.95, 40]","[100.47, 30]","[112.0, 40]","[392.15, 41]",108.97,151,6.05,-0.07
07:44:24,"[105.89, 27]","[104.0, 78]","[111.0, 36]","[268.61, 36]",108.44,177,5.11,0.19
07:44:25,"[106.0, 18]","[104.0, 81]","[111.0, 36]","[423.33, 18]",108.5,153,5.0,0.29
07:44:26,"[106.0, 24]","[104.0, 66]","[110.05, 40]","[397.0, 24]",108.03,154,4.05,0.17
07:44:27,"[106.75, 16]","[104.88, 32]","[109.0, 39]","[290.97, 37]",107.88,124,2.25,-0.23
07:44:28,"[106.0, 9]","[104.0, 27]","[108.67, 9]","[255.0, 24]",107.33,69,2.67,0.04
07:44:29,"[71.43, 37]","[47.0, 13]","[247.7, 20]","[394.5, 28]",159.57,98,176.27,0.02
07:44:30,"[97.66, 41]","[78.93, 14]","[165.27, 22]","[329.97, 31]",131.47,108,67.61,0.02
07:44:31,"[99.08, 13]","[96.24, 37]","[101.0, 10]","[203.35, 37]",100.04,97,1.92,0.03
07:44:32,"[96.35, 23]","[44.22, 27]","[163.0, 20]","[344.14, 28]",129.67,98,66.65,0.02
07:44:33,"[109.0, 18]","[105.0, 12]","[178.0, 24]","[217.89, 27]",143.5,81,69.0,-0.26
07:44:34,"[109.0, 33]","[105.0, 28]","[175.61, 49]","[195.27, 48]",142.31,158,66.61,-0.23
07:44:35,"[109.0, 27]","[105.0, 72]","[176.0, 36]","[177.0, 45]",142.5,180,67.0,0.1
07:44:36,"[109.0, 24]","[105.0, 64]","[175.25, 32]","[177.0, 40]",142.12,160,66.25,0.1
07:44:37,"[109.0, 18]","[105.0, 64]","[173.5, 32]","[177.0, 40]",141.25,154,64.5,0.06
07:44:38,"[108.3, 23]","[100.64, 44]","[171.44, 36]","[174.78, 36]",139.87,139,63.14,-0.04
07:44:39,"[113.0, 36]","[109.67, 36]","[169.56, 45]","[172.0, 36]",141.28,153,56.56,-0.06
07:44:40,"[107.23, 43]","[75.8, 49]","[166.66, 58]","[167.93, 59]",136.94,209,59.42,-0.12
07:44:41,"[107.96, 50]","[97.28, 43]","[164.61, 70]","[166.12, 66]",136.29,229,56.65,-0.19
07:44:42,"[109.33, 15]","[108.0, 60]","[159.09, 55]","[160.44, 64]",134.21,194,49.76,-0.23
07:44:43,"[110.35, 34]","[107.8, 30]","[154.19, 47]","[155.14, 28]",132.27,139,43.84,-0.08
07:44:44,"[109.83, 41]","[106.92, 26]","[150.27, 49]","[152.04, 50]",130.05,166,40.44,-0.19
07:44:45,"[108.0, 26]","[107.0, 13]","[143.02, 47]","[144.72, 36]",125.51,122,35.02,-0.36
07:44:46,"[107.83, 24]","[105.42, 53]","[139.34, 47]","[140.04, 48]",123.59,172,31.51,-0.1
07:44:47,"[105.13, 97]","[104.58, 57]","[133.07, 45]","[133.85, 39]",119.1,238,27.93,0.29
07:44:48,"[105.0, 198]","[104.0, 66]","[127.6, 47]","[128.41, 37]",116.3,348,22.6,0.52
07:44:49,"[105.14, 173]","[104.47, 114]","[125.37, 43]","[126.47, 53]",115.26,383,20.23,0.5
07:44:50,"[105.05, 190]","[104.2, 83]","[121.97, 39]","[123.76, 34]",113.51,346,16.93,0.58
07:44:51,"[108.18, 22]","[105.32, 114]","[121.54, 24]","[123.73, 30]",114.86,190,13.36,0.43
07:44:52,"[108.45, 11]","[105.38, 117]","[119.0, 24]","[120.38, 13]",113.73,165,10.55,0.55
07:44:53,"[105.36, 58]","[104.87, 137]","[117.03, 34]","[117.79, 29]",111.2,258,11.67,0.51
07:44:54,"[106.45, 80]","[104.93, 273]","[113.03, 31]","[113.88, 34]",109.74,418,6.58,0.69
07:44:55,"[109.0, 12]","[105.0, 76]","[112.21, 14]","[113.94, 34]",110.61,136,3.21,0.29
07:44:56,"[105.2, 25]","[86.82, 11]","[110.0, 21]","[112.0, 7]",107.6,64,4.8,0.12
07:44:57,"[104.07, 164]","[92.86, 59]","[109.14, 42]","[112.0, 14]",106.61,279,5.07,0.6
07:44:58,"[105.0, 16]","[104.0, 24]","[109.75, 8]","[370.0, 32]",107.38,80,4.75,0.0
07:44:59,"[104.0, 33]","[103.0, 112]","[180.9, 10]","[433.86, 28]",142.45,183,76.9,0.58
07:45:00,"[104.0, 31]","[103.0, 112]","[195.17, 24]","[454.43, 28]",149.58,195,91.17,0.47
07:45:01,"[105.96, 25]","[103.03, 99]","[382.57, 28]","[552.54, 26]",244.27,178,276.61,0.39
07:45:02,"[111.0, 12]","[104.8, 10]","[440.0, 16]","[711.0, 2]",275.5,40,329.0,0.1
07:45:03,"[104.25, 32]","[103.14, 74]","[440.0, 24]","[0, 0]",272.12,130,335.75,0.63
07:45:04,"[104.0, 20]","[103.0, 64]","[544.82, 17]","[721.57, 14]",324.41,115,440.82,0.46
07:45:05,"[108.0, 6]","[104.0, 13]","[582.0, 15]","[708.0, 12]",345.0,46,474.0,-0.17
07:45:06,"[105.14, 21]","[101.43, 21]","[506.17, 30]","[708.0, 24]",305.65,96,401.02,-0.12
07:45:07,"[104.0, 40]","[100.0, 32]","[230.0, 40]","[453.75, 40]",167.0,152,126.0,-0.05
07:45:08,"[103.5, 50]","[101.9, 58]","[203.0, 45]","[266.78, 45]",153.25,198,99.5,0.09
07:45:09,"[105.14, 28]","[101.45, 31]","[174.26, 31]","[218.75, 40]",139.7,130,69.12,-0.09
07:45:10,"[103.0, 9]","[85.0, 6]","[151.0, 6]","[153.0, 15]",127.0,36,48.0,-0.17
07:45:11,"[103.0, 14]","[65.0, 10]","[150.0, 10]","[153.0, 25]",126.5,59,47.0,-0.19
07:45:12,"[103.0, 12]","[78.0, 12]","[137.05, 21]","[289.32, 19]",120.02,64,34.05,-0.25
07:45:13,"[96.78, 18]","[81.8, 10]","[148.0, 18]","[216.09, 43]",122.39,89,51.22,-0.37
07:45:14,"[97.84, 19]","[92.2, 15]","[146.25, 32]","[151.23, 31]",122.05,97,48.41,-0.3
07:45:15,"[101.46, 26]","[89.36, 33]","[142.29, 42]","[143.92, 39]",121.87,140,40.82,-0.16
07:45:16,"[111.0, 5]","[89.0, 15]","[126.76, 21]","[127.72, 18]",118.88,59,15.76,-0.32
07:45:17,"[93.6, 20]","[73.56, 32]","[111.96, 45]","[113.2, 45]",102.78,142,18.36,-0.27
07:45:18,"[91.15, 13]","[75.0, 39]","[108.57, 23]","[110.3, 37]",99.86,112,17.41,-0.07
07:45:19,"[104.43, 14]","[92.73, 22]","[107.56, 36]","[136.12, 26]",105.99,98,3.13,-0.27
07:45:20,"[105.94, 49]","[102.4, 30]","[107.0, 50]","[240.42, 38]",106.47,167,1.06,-0.05
07:45:21,"[105.62, 16]","[104.9, 20]","[374.92, 36]","[501.95, 39]",240.27,111,269.29,-0.35
07:45:22,"[105.36, 14]","[104.83, 18]","[171.38, 16]","[246.5, 16]",138.37,64,66.02,0.0
07:45:23,"[105.68, 19]","[104.88, 17]","[170.71, 14]","[243.35, 17]",138.2,67,65.03,0.07
07:45:24,"[107.76, 17]","[107.07, 29]","[123.67, 49]","[188.36, 22]",115.72,117,15.91,-0.21
07:45:25,"[108.1, 41]","[106.38, 32]","[170.0, 30]","[235.0, 30]",139.05,133,61.9,0.1
07:45:26,"[110.53, 38]","[107.71, 28]","[147.04, 26]","[241.05, 41]",128.78,133,36.51,-0.01
07:45:27,"[109.38, 26]","[106.78, 23]","[133.3, 10]","[164.08, 25]",121.34,84,23.92,0.17
07:45:28,"[108.0, 16]","[106.0, 16]","[130.0, 8]","[131.0, 8]",119.0,48,22.0,0.33
07:45:29,"[107.08, 24]","[105.83, 12]","[127.4, 10]","[128.4, 10]",117.24,56,20.32,0.29
07:45:30,"[108.0, 24]","[106.0, 8]","[124.12, 8]","[125.12, 8]",116.06,48,16.12,0.33
07:45:31,"[108.86, 22]","[106.0, 28]","[121.9, 10]","[123.0, 10]",115.38,70,13.04,0.43
07:45:32,"[109.0, 9]","[106.0, 36]","[120.11, 9]","[122.33, 9]",114.56,63,11.11,0.43
07:45:33,"[109.0, 9]","[106.0, 24]","[116.47, 15]","[117.8, 10]",112.73,58,7.47,0.14
07:45:34,"[97.0, 22]","[72.06, 33]","[112.26, 19]","[114.25, 24]",104.63,98,15.26,0.12
07:45:35,"[101.3, 10]","[74.0, 17]","[136.25, 8]","[278.04, 23]",118.78,58,34.95,-0.07
07:45:36,"[76.49, 57]","[60.72, 78]","[223.28, 32]","[342.61, 41]",149.89,208,146.79,0.3
07:45:37,"[89.36, 64]","[32.71, 24]","[159.88, 34]","[302.79, 38]",124.62,160,70.52,0.1
07:45:38,"[109.0, 72]","[95.28, 36]","[365.48, 23]","[423.76, 37]",237.24,168,256.48,0.29
07:45:39,"[109.0, 98]","[104.0, 60]","[269.12, 40]","[432.06, 54]",189.06,252,160.12,0.25
07:45:40,"[109.8, 30]","[107.81, 63]","[400.75, 40]","[538.5, 44]",255.28,177,290.95,0.05
07:45:41,"[113.0, 11]","[109.0, 88]","[337.13, 45]","[511.67, 49]",225.07,193,224.13,0.03
07:45:42,"[109.73, 22]","[106.5, 64]","[138.25, 16]","[190.72, 29]",123.99,131,28.52,0.31
07:45:43,"[109.0, 72]","[104.0, 160]","[136.58, 24]","[245.44, 50]",122.79,306,27.58,0.52
07:45:44,"[110.0, 36]","[105.15, 78]","[136.0, 14]","[161.56, 27]",123.0,155,26.0,0.47
07:45:45,"[109.92, 52]","[105.65, 75]","[134.8, 20]","[166.58, 45]",122.36,192,24.88,0.32
07:45:46,"[109.0, 56]","[104.17, 119]","[133.21, 28]","[170.73, 55]",121.11,258,24.21,0.36
07:45:47,"[109.0, 62]","[104.0, 160]","[128.81, 32]","[130.0, 32]",118.91,286,19.81,0.55
07:45:48,"[109.0, 55]","[104.0, 106]","[126.48, 31]","[128.64, 22]",117.74,214,17.48,0.5
07:45:49,"[109.0, 42]","[104.0, 207]","[125.87, 30]","[126.87, 30]",117.43,309,16.87,0.61
07:45:50,"[104.64, 84]","[97.12, 90]","[122.08, 24]","[123.25, 24]",113.36,222,17.44,0.57
07:45:51,"[104.0, 156]","[83.19, 21]","[119.23, 26]","[120.85, 26]",111.62,229,15.23,0.55
07:45:52,"[104.19, 104]","[100.3, 71]","[116.17, 24]","[118.25, 24]",110.18,223,11.97,0.57
07:45:53,"[105.28, 43]","[104.03, 87]","[113.9, 20]","[114.9, 20]",109.59,170,8.62,0.53
07:45:54,"[106.0, 52]","[105.0, 16]","[109.07, 41]","[110.33, 43]",107.54,152,3.07,-0.11
07:45:55,"[104.66, 64]","[103.99, 161]","[107.47, 47]","[216.27, 52]",106.06,324,2.81,0.39
07:45:56,"[104.0, 156]","[56.67, 33]","[107.15, 13]","[108.33, 49]",105.58,251,3.15,0.51
07:45:57,"[104.0, 108]","[62.05, 43]","[106.82, 11]","[163.76, 17]",105.41,179,2.82,0.69
07:45:58,"[109.0, 84]","[104.0, 27]","[320.5, 16]","[267.0, 19]",214.75,146,211.5,0.52
07:45:59,"[112.2, 10]","[110.33, 36]","[384.72, 25]","[473.1, 10]",248.46,81,272.52,0.14
07:46:00,"[113.0, 9]","[111.0, 36]","[129.0, 41]","[298.59, 17]",121.0,103,16.0,-0.13
07:46:01,"[113.0, 10]","[111.0, 40]","[323.64, 33]","[399.0, 30]",218.32,113,210.64,-0.12
07:46:02,"[113.0, 11]","[111.0, 44]","[280.23, 31]","[543.29, 35]",196.61,121,167.23,-0.09
07:46:03,"[110.86, 28]","[109.76, 66]","[254.0, 45]","[303.0, 45]",182.43,184,143.14,0.02
07:46:04,"[109.97, 91]","[107.23, 35]","[261.95, 64]","[312.0, 64]",185.96,254,151.99,-0.01
07:46:05,"[109.08, 13]","[107.49, 118]","[225.2, 25]","[295.86, 49]",167.14,205,116.12,0.28
07:46:06,"[110.0, 11]","[109.0, 11]","[199.79, 53]","[218.75, 40]",154.9,115,89.79,-0.62
07:46:07,"[110.0, 7]","[109.0, 7]","[124.63, 19]","[164.43, 35]",117.32,68,14.63,-0.59
07:46:08,"[110.0, 15]","[109.0, 15]","[121.23, 43]","[121.72, 47]",115.62,120,11.23,-0.5
07:46:09,"[110.78, 9]","[109.78, 9]","[118.11, 45]","[120.0, 9]",114.44,72,7.33,-0.5
07:46:10,"[111.0, 9]","[110.0, 9]","[117.71, 21]","[118.18, 33]",114.36,72,6.71,-0.5
07:46:11,"[110.52, 61]","[108.1, 96]","[116.07, 43]","[117.65, 23]",113.3,223,5.55,0.41
07:46:12,"[113.0, 45]","[108.0, 140]","[114.2, 10]","[179.0, 50]",113.6,245,1.2,0.51
07:46:13,"[108.09, 110]","[107.18, 77]","[113.0, 10]","[238.0, 50]",110.55,247,4.91,0.51
07:46:14,"[108.0, 60]","[107.0, 35]","[111.0, 5]","[222.94, 17]",109.5,117,3.0,0.62
07:46:15,"[108.0, 61]","[107.0, 42]","[111.0, 6]","[230.0, 6]",109.5,115,3.0,0.79
07:46:16,"[108.0, 17]","[107.0, 35]","[170.18, 11]","[208.86, 7]",139.09,70,62.18,0.49
07:46:17,"[107.48, 29]","[105.85, 115]","[193.0, 40]","[615.68, 19]",150.24,203,85.52,0.42
07:46:18,"[107.0, 50]","[105.0, 220]","[273.57, 35]","[536.68, 41]",190.29,346,166.57,0.56
07:46:19,"[107.24, 66]","[105.09, 254]","[219.0, 42]","[493.18, 55]",163.12,417,111.76,0.53
07:46:20,"[108.33, 36]","[106.44, 54]","[167.33, 45]","[169.0, 27]",137.83,162,59.0,0.11
07:46:21,"[107.0, 40]","[106.0, 20]","[165.69, 32]","[167.12, 48]",136.34,140,58.69,-0.14
07:46:22,"[106.62, 26]","[105.09, 88]","[163.67, 27]","[167.0, 45]",135.14,186,57.05,0.23
07:46:23,"[105.11, 130]","[104.66, 88]","[121.42, 43]","[145.52, 62]",113.26,323,16.31,0.35
07:46:24,"[105.0, 173]","[104.0, 39]","[107.81, 63]","[109.12, 50]",106.4,325,2.81,0.3
07:46:25,"[105.0, 131]","[104.0, 30]","[106.42, 36]","[117.04, 45]",105.71,242,1.42,0.33
07:46:26,"[105.0, 48]","[104.0, 24]","[107.0, 40]","[287.0, 16]",106.0,128,2.0,0.12
07:46:27,"[105.0, 43]","[104.0, 27]","[107.0, 45]","[114.0, 18]",106.0,133,2.0,0.05
07:46:28,"[104.54, 26]","[70.25, 32]","[106.15, 34]","[107.38, 37]",105.34,129,1.61,-0.1
07:46:29,"[92.21, 28]","[58.84, 37]","[106.09, 43]","[225.51, 49]",99.15,157,13.88,-0.17
07:46:30,"[71.0, 20]","[48.7, 50]","[105.0, 50]","[464.09, 32]",88.0,152,34.0,-0.08
07:46:31,"[45.52, 80]","[11.37, 97]","[103.77, 13]","[299.0, 55]",74.65,245,58.24,0.44
07:46:32,"[30.42, 76]","[17.23, 39]","[204.5, 24]","[300.89, 36]",117.46,175,174.08,0.31
07:46:33,"[107.0, 18]","[104.92, 107]","[191.55, 22]","[293.86, 35]",149.27,182,84.55,0.37
07:46:34,"[105.74, 54]","[104.96, 138]","[177.0, 27]","[360.72, 29]",141.37,248,71.26,0.55
07:46:35,"[106.18, 44]","[105.0, 182]","[297.47, 43]","[470.3, 40]",201.82,309,191.28,0.46
07:46:36,"[107.0, 48]","[105.12, 80]","[346.85, 39]","[585.8, 40]",226.92,207,239.85,0.24
07:46:37,"[109.57, 35]","[107.76, 21]","[255.15, 39]","[329.85, 46]",182.36,141,145.58,-0.21
07:46:38,"[111.29, 7]","[110.05, 21]","[229.05, 21]","[242.6, 15]",170.17,64,117.76,-0.12
07:46:39,"[110.5, 12]","[109.2, 40]","[155.0, 32]","[228.0, 40]",132.75,124,44.5,-0.16
07:46:40,"[110.0, 36]","[108.0, 96]","[144.65, 37]","[166.14, 43]",127.32,212,34.65,0.25
07:46:41,"[110.0, 18]","[108.0, 96]","[141.93, 54]","[337.76, 50]",125.96,218,31.93,0.05
07:46:42,"[109.5, 16]","[108.27, 77]","[140.9, 50]","[260.2, 40]",125.2,183,31.4,0.02
07:46:43,"[109.0, 13]","[108.0, 56]","[139.43, 35]","[307.0, 28]",124.21,132,30.43,0.05
07:46:44,"[109.0, 8]","[108.0, 64]","[138.12, 40]","[267.5, 32]",123.56,144,29.12,0.0
07:46:45,"[109.0, 11]","[108.0, 88]","[136.27, 55]","[327.09, 44]",122.64,198,27.27,0.0
07:46:46,"[109.0, 85]","[108.0, 136]","[157.91, 81]","[277.19, 78]",133.46,380,48.91,0.16
07:46:47,"[109.0, 44]","[108.0, 72]","[145.9, 40]","[337.22, 36]",127.45,192,36.9,0.21
07:46:48,"[109.0, 8]","[108.0, 32]","[110.0, 16]","[233.75, 16]",109.5,72,1.0,0.11
07:46:49,"[108.03, 66]","[106.67, 24]","[224.0, 30]","[464.0, 40]",166.02,160,115.97,0.12
07:46:50,"[108.0, 56]","[106.0, 14]","[310.43, 14]","[502.71, 34]",209.21,118,202.43,0.19
07:46:51,"[108.0, 80]","[106.0, 24]","[222.7, 40]","[430.67, 36]",165.35,180,114.7,0.16
07:46:52,"[108.0, 16]","[106.0, 16]","[229.27, 37]","[314.26, 19]",168.64,88,121.27,-0.27
07:46:53,"[108.0, 28]","[106.0, 28]","[225.42, 62]","[277.85, 54]",166.71,172,117.42,-0.35
07:46:54,"[108.0, 18]","[106.0, 18]","[183.52, 21]","[211.72, 39]",145.76,96,75.52,-0.25
07:46:55,"[107.2, 10]","[105.43, 14]","[134.33, 12]","[170.89, 18]",120.77,54,27.13,-0.11
07:46:56,"[105.56, 18]","[104.89, 18]","[133.14, 14]","[272.0, 28]",119.35,78,27.59,-0.08
07:46:57,"[110.73, 11]","[106.75, 16]","[131.27, 22]","[395.7, 47]",121.0,96,20.55,-0.44
07:46:58,"[113.0, 6]","[108.0, 6]","[131.0, 12]","[476.33, 30]",122.0,54,18.0,-0.56
07:46:59,"[108.11, 18]","[105.61, 18]","[130.09, 22]","[307.55, 55]",119.1,113,21.98,-0.36
07:47:00,"[110.11, 19]","[108.0, 24]","[128.54, 26]","[242.95, 43]",119.32,112,18.43,-0.23
07:47:01,"[107.0, 4]","[105.0, 12]","[128.0, 12]","[129.0, 8]",117.5,36,21.0,-0.11
07:47:02,"[107.5, 20]","[105.12, 32]","[125.93, 30]","[126.73, 30]",116.72,112,18.43,-0.07
07:47:03,"[105.0, 25]","[104.0, 25]","[124.67, 18]","[126.0, 27]",114.83,95,19.67,0.05
07:47:04,"[102.06, 16]","[91.19, 32]","[122.33, 12]","[123.82, 22]",112.2,82,20.27,0.17
07:47:05,"[99.21, 28]","[96.25, 40]","[121.7, 10]","[122.93, 15]",110.46,93,22.49,0.46
07:47:06,"[100.21, 38]","[89.67, 36]","[109.5, 16]","[107.71, 31]",104.86,121,9.29,0.22
07:47:07,"[93.6, 25]","[59.2, 30]","[101.8, 5]","[103.0, 10]",97.7,70,8.2,0.57
07:47:08,"[73.43, 42]","[25.91, 46]","[102.3, 10]","[103.8, 25]",87.86,123,28.87,0.43
07:47:09,"[36.8, 30]","[22.0, 25]","[103.14, 7]","[305.14, 21]",69.97,83,66.34,0.33
07:47:10,"[88.0, 42]","[22.0, 35]","[194.17, 24]","[555.59, 29]",141.08,130,106.17,0.18
07:47:11,"[70.0, 40]","[17.78, 37]","[101.0, 14]","[334.57, 28]",85.5,119,31.0,0.29
07:47:12,"[84.62, 29]","[58.77, 26]","[101.0, 10]","[291.8, 20]",92.81,85,16.38,0.29
07:47:13,"[99.0, 48]","[90.0, 40]","[364.81, 31]","[462.31, 29]",231.9,148,265.81,0.19
07:47:14,"[107.55, 33]","[104.0, 36]","[462.16, 49]","[497.14, 28]",284.85,146,354.62,-0.05
07:47:15,"[109.8, 30]","[105.0, 30]","[293.54, 13]","[402.82, 17]",201.67,90,183.74,0.33
07:47:16,"[110.0, 15]","[105.0, 15]","[166.09, 22]","[236.0, 12]",138.05,64,56.09,-0.06
07:47:17,"[110.0, 39]","[105.0, 39]","[164.72, 25]","[165.84, 62]",137.36,165,54.72,-0.05
07:47:18,"[106.61, 98]","[105.29, 72]","[131.01, 83]","[136.33, 78]",118.81,331,24.4,0.03
07:47:19,"[108.18, 11]","[106.2, 20]","[113.13, 38]","[115.98, 47]",110.66,116,4.95,-0.47
07:47:20,"[107.82, 11]","[105.95, 21]","[109.81, 43]","[110.91, 47]",108.82,122,2.0,-0.48
07:47:21,"[105.53, 19]","[100.5, 36]","[107.05, 20]","[108.0, 57]",106.29,132,1.52,-0.17
07:47:22,"[95.46, 13]","[71.27, 15]","[104.83, 30]","[105.11, 19]",100.15,77,9.37,-0.27
07:47:23,"[84.83, 12]","[42.64, 22]","[101.19, 57]","[102.81, 52]",93.01,143,16.36,-0.52
07:47:24,"[78.75, 12]","[48.69, 13]","[94.0, 18]","[96.83, 60]",86.38,103,15.25,-0.51
07:47:25,"[62.54, 13]","[33.57, 14]","[95.33, 18]","[96.12, 34]",78.94,79,32.79,-0.32
07:47:26,"[50.0, 6]","[30.0, 6]","[96.0, 12]","[97.0, 4]",73.0,28,46.0,-0.14
07:47:27,"[83.78, 148]","[76.52, 42]","[95.0, 48]","[96.0, 48]",89.39,286,11.22,0.33
07:47:28,"[87.07, 107]","[86.0, 88]","[95.0, 30]","[96.0, 30]",91.03,255,7.93,0.53
07:47:29,"[91.85, 41]","[88.15, 82]","[95.0, 22]","[96.0, 24]",93.43,169,3.15,0.46
07:47:30,"[92.21, 62]","[88.29, 98]","[95.0, 16]","[96.25, 16]",93.6,192,2.79,0.67
07:47:31,"[94.0, 63]","[63.74, 61]","[95.84, 25]","[96.73, 11]",94.92,160,1.84,0.55
07:47:32,"[94.75, 56]","[70.0, 40]","[96.0, 24]","[97.0, 8]",95.38,128,1.25,0.5
07:47:33,"[95.38, 58]","[76.25, 40]","[96.86, 21]","[98.64, 11]",96.12,130,1.48,0.51
07:47:34,"[97.7, 64]","[96.0, 76]","[100.67, 24]","[101.33, 18]",99.18,182,2.96,0.54
07:47:35,"[101.11, 9]","[100.01, 89]","[103.13, 15]","[110.5, 40]",102.12,153,2.02,0.28
07:47:36,"[101.9, 10]","[100.0, 110]","[177.15, 48]","[282.26, 43]",139.52,211,75.25,0.14
07:47:37,"[103.35, 17]","[102.99, 67]","[239.86, 35]","[330.87, 31]",171.61,150,136.5,0.12
07:47:38,"[103.07, 44]","[102.52, 63]","[162.78, 18]","[221.0, 45]",132.92,170,59.71,0.26
07:47:39,"[103.79, 80]","[102.08, 71]","[245.69, 72]","[273.75, 52]",174.74,275,141.91,0.1
07:47:40,"[106.0, 18]","[102.0, 30]","[262.38, 26]","[277.27, 22]",184.19,96,156.38,0.0
07:47:41,"[107.86, 42]","[82.03, 34]","[256.73, 59]","[262.28, 67]",182.29,202,148.87,-0.25
07:47:42,"[110.0, 39]","[77.54, 39]","[259.0, 52]","[377.54, 63]",184.5,193,149.0,-0.19
07:47:43,"[111.07, 45]","[109.22, 49]","[257.24, 68]","[273.33, 72]",184.15,234,146.17,-0.2
07:47:44,"[110.0, 36]","[108.0, 36]","[251.83, 24]","[255.0, 48]",180.92,144,141.83,0.0
07:47:45,"[110.0, 33]","[108.0, 33]","[249.42, 24]","[254.4, 40]",179.71,130,139.42,0.02
07:47:46,"[110.0, 104]","[108.0, 39]","[225.91, 47]","[246.42, 33]",167.96,223,115.91,0.28
07:47:47,"[110.0, 112]","[108.0, 42]","[220.08, 50]","[240.51, 47]",165.04,251,110.08,0.23
07:47:48,"[110.0, 65]","[108.0, 30]","[217.28, 39]","[240.7, 30]",163.64,164,107.28,0.16
07:47:49,"[110.0, 39]","[108.0, 39]","[237.69, 49]","[239.29, 42]",173.85,169,127.69,-0.08
07:47:50,"[109.0, 18]","[107.11, 81]","[180.26, 27]","[207.64, 33]",144.63,159,71.26,0.25
07:47:51,"[108.85, 39]","[106.81, 64]","[157.39, 41]","[158.38, 47]",133.12,191,48.54,0.08
07:47:52,"[109.0, 30]","[106.0, 30]","[150.22, 23]","[151.14, 29]",129.61,112,41.22,0.07
07:47:53,"[108.53, 55]","[106.27, 66]","[144.91, 44]","[145.11, 44]",126.72,209,36.38,0.16
07:47:54,"[110.73, 33]","[107.81, 31]","[142.0, 11]","[143.0, 55]",126.36,130,31.27,-0.02
07:47:55,"[110.36, 14]","[107.97, 34]","[141.27, 22]","[142.83, 36]",125.81,106,30.92,-0.09
07:47:56,"[111.0, 7]","[108.0, 21]","[139.76, 25]","[141.0, 9]",125.38,62,28.76,-0.1
07:47:57,"[111.0, 11]","[108.0, 33]","[136.26, 23]","[137.58, 31]",123.63,98,25.26,-0.1
07:47:58,"[111.0, 10]","[108.0, 30]","[131.36, 22]","[132.54, 26]",121.18,88,20.36,-0.09
07:47:59,"[108.79, 19]","[107.68, 22]","[127.82, 38]","[128.95, 22]",118.3,101,19.03,-0.19
07:48:00,"[108.14, 21]","[106.74, 27]","[124.35, 43]","[125.37, 27]",116.25,118,16.21,-0.19
07:48:01,"[107.0, 16]","[106.0, 48]","[116.0, 57]","[118.18, 33]",111.5,154,9.0,-0.17
07:48:02,"[106.85, 39]","[105.74, 61]","[110.16, 32]","[161.01, 76]",108.5,208,3.31,-0.04
07:48:03,"[108.36, 47]","[105.92, 52]","[110.32, 31]","[148.37, 19]",109.34,149,1.96,0.33
07:48:04,"[105.16, 38]","[104.36, 25]","[109.5, 24]","[248.07, 27]",107.33,114,4.34,0.11
07:48:05,"[104.73, 44]","[92.89, 36]","[107.71, 17]","[109.0, 48]",106.22,145,2.98,0.1
07:48:06,"[104.11, 27]","[85.49, 39]","[106.53, 17]","[108.89, 38]",105.32,121,2.42,0.09
07:48:07,"[104.02, 50]","[87.74, 47]","[105.61, 18]","[116.4, 25]",104.82,140,1.59,0.39
07:48:08,"[103.05, 19]","[86.81, 21]","[105.0, 5]","[122.0, 20]",104.03,65,1.95,0.23
07:48:09,"[74.47, 34]","[55.29, 38]","[104.5, 8]","[148.08, 26]",89.49,106,30.03,0.36
07:48:10,"[75.27, 44]","[60.12, 50]","[101.58, 12]","[152.03, 36]",88.43,142,26.31,0.32
07:48:11,"[85.0, 21]","[84.0, 21]","[107.43, 7]","[217.27, 22]",96.21,71,22.43,0.18
07:48:12,"[85.3, 30]","[84.0, 30]","[95.14, 43]","[151.15, 13]",90.22,116,9.84,0.03
07:48:13,"[86.83, 36]","[75.5, 42]","[242.09, 35]","[289.21, 29]",164.46,142,155.25,0.1
07:48:14,"[88.0, 12]","[87.0, 4]","[98.0, 4]","[99.0, 12]",93.0,32,10.0,0.0
07:48:15,"[88.0, 15]","[83.62, 13]","[98.0, 5]","[99.0, 15]",93.0,48,10.0,0.17
07:48:16,"[88.94, 31]","[87.62, 24]","[103.26, 19]","[144.62, 32]",96.1,106,14.33,0.04
07:48:17,"[91.05, 19]","[89.09, 23]","[111.38, 8]","[115.77, 26]",101.21,76,20.32,0.11
07:48:18,"[94.98, 60]","[93.0, 40]","[103.71, 14]","[400.9, 41]",99.35,155,8.73,0.29
07:48:19,"[98.7, 44]","[95.09, 22]","[102.15, 13]","[251.58, 33]",100.43,112,3.45,0.18
07:48:20,"[97.65, 17]","[90.54, 26]","[288.55, 33]","[426.35, 31]",193.1,107,190.9,-0.2
07:48:21,"[108.0, 12]","[105.35, 34]","[276.67, 49]","[496.46, 48]",192.34,143,168.67,-0.36
07:48:22,"[109.0, 30]","[108.0, 10]","[227.5, 40]","[500.81, 31]",168.25,111,118.5,-0.28
07:48:23,"[109.0, 39]","[108.0, 15]","[225.88, 59]","[395.85, 46]",167.44,159,116.88,-0.32
07:48:24,"[105.34, 83]","[105.87, 15]","[223.29, 42]","[424.83, 35]",164.31,175,117.95,0.12
07:48:25,"[105.4, 63]","[104.96, 99]","[219.77, 26]","[382.91, 23]",162.58,211,114.37,0.54
07:48:26,"[106.0, 52]","[105.0, 224]","[195.36, 44]","[196.71, 42]",150.68,362,89.36,0.52
07:48:27,"[106.0, 12]","[105.0, 114]","[193.17, 24]","[194.33, 24]",149.58,174,87.17,0.45
07:48:28,"[107.97, 31]","[106.38, 26]","[192.23, 52]","[193.85, 52]",150.1,161,84.26,-0.29
07:48:29,"[109.0, 24]","[107.0, 16]","[189.88, 32]","[192.0, 32]",149.44,104,80.88,-0.23
07:48:30,"[110.6, 50]","[107.86, 35]","[186.07, 60]","[187.27, 60]",148.33,205,75.47,-0.17
07:48:31,"[113.0, 29]","[109.0, 24]","[183.0, 32]","[184.25, 32]",148.0,117,70.0,-0.09
07:48:32,"[113.0, 8]","[109.0, 24]","[182.0, 32]","[184.0, 32]",147.5,96,69.0,-0.33
07:48:33,"[113.0, 9]","[109.0, 27]","[179.78, 36]","[180.78, 36]",146.39,108,66.78,-0.33
07:48:34,"[113.0, 20]","[109.0, 93]","[172.15, 80]","[173.9, 80]",142.57,273,59.15,-0.17
07:48:35,"[113.0, 12]","[109.0, 168]","[165.66, 47]","[166.88, 41]",139.33,268,52.66,0.34
07:48:36,"[110.05, 38]","[108.94, 144]","[144.98, 45]","[161.96, 46]",127.52,273,34.93,0.33
07:48:37,"[109.0, 211]","[107.0, 32]","[117.08, 65]","[120.71, 65]",113.04,373,8.08,0.3
07:48:38,"[109.0, 118]","[107.0, 28]","[112.5, 56]","[113.5, 56]",110.75,258,3.5,0.13
07:48:39,"[109.0, 118]","[107.0, 36]","[110.0, 72]","[111.0, 72]",109.5,298,1.0,0.03
07:48:40,"[107.4, 60]","[106.5, 32]","[109.8, 45]","[186.96, 45]",108.6,182,2.4,0.01
07:48:41,"[106.37, 51]","[105.18, 66]","[148.37, 54]","[365.62, 40]",127.37,211,42.0,0.11
07:48:42,"[106.39, 28]","[105.42, 76]","[163.64, 55]","[219.27, 55]",135.01,214,57.24,-0.03
07:48:43,"[106.53, 19]","[104.75, 87]","[162.27, 37]","[163.36, 55]",134.4,198,55.74,0.07
07:48:44,"[111.0, 10]","[105.0, 50]","[160.5, 30]","[162.42, 36]",135.75,126,49.5,-0.05
07:48:45,"[111.0, 7]","[105.0, 35]","[157.63, 19]","[161.92, 25]",134.32,86,46.63,-0.02
07:48:46,"[111.0, 10]","[105.0, 62]","[154.12, 24]","[155.56, 16]",132.56,112,43.12,0.29
07:48:47,"[111.0, 7]","[105.0, 35]","[153.32, 19]","[154.22, 9]",132.16,70,42.32,0.2
07:48:48,"[111.0, 8]","[105.0, 40]","[148.82, 22]","[150.12, 26]",129.91,96,37.82,0.0
07:48:49,"[106.19, 16]","[66.8, 49]","[147.38, 8]","[148.25, 20]",126.78,93,41.19,0.4
07:48:50,"[104.55, 65]","[48.0, 132]","[144.73, 44]","[145.55, 22]",124.64,263,40.17,0.5
07:48:51,"[105.0, 68]","[104.0, 72]","[141.37, 49]","[143.14, 59]",123.18,248,36.37,0.13
07:48:52,"[105.0, 35]","[104.0, 42]","[139.27, 15]","[140.69, 26]",122.13,118,34.27,0.31
07:48:53,"[105.0, 20]","[104.0, 24]","[134.75, 16]","[136.0, 4]",119.88,64,29.75,0.38
07:48:54,"[105.0, 46]","[104.0, 66]","[130.19, 32]","[131.03, 34]",117.59,178,25.19,0.26
07:48:55,"[105.31, 32]","[104.07, 61]","[124.54, 54]","[125.34, 32]",114.92,179,19.22,0.04
