Time,Bid1,Bid2,Ask1,Ask2,Mid-Price,Total_volume,Bid_ask_spread,Order_imbalance
07:30:00,"[0, 0]","[0, 0]","[0, 0]","[0, 0]",0.0,0,0.0,0.0
07:30:02,"[62.82, 17]","[7.0, 7]","[0, 0]","[0, 0]",31.41,24,-62.82,1.0
07:30:03,"[100.1, 41]","[61.66, 32]","[380.5, 12]","[0, 0]",240.3,85,280.4,0.72
07:30:04,"[101.65, 23]","[75.73, 22]","[381.55, 11]","[382.0, 3]",241.6,59,279.89,0.53
07:30:05,"[92.67, 51]","[89.75, 55]","[381.0, 35]","[382.0, 21]",236.83,162,288.33,0.31
07:30:06,"[97.03, 31]","[91.31, 35]","[381.0, 20]","[382.0, 12]",239.02,98,283.97,0.35
07:30:07,"[131.68, 22]","[130.31, 26]","[380.4, 25]","[382.0, 15]",256.04,88,248.72,0.09
07:30:08,"[133.38, 40]","[131.0, 32]","[372.05, 38]","[598.62, 26]",252.71,136,238.68,0.06
07:30:09,"[134.0, 30]","[131.0, 24]","[272.67, 18]","[370.41, 29]",203.33,101,138.67,0.07
07:30:10,"[134.0, 45]","[132.72, 57]","[289.95, 38]","[453.26, 35]",211.97,175,155.95,0.17
07:30:11,"[134.29, 35]","[133.42, 60]","[201.31, 49]","[202.79, 43]",167.8,187,67.02,0.02
07:30:12,"[136.52, 66]","[134.41, 41]","[183.08, 51]","[194.53, 72]",159.8,230,46.56,-0.07
07:30:13,"[135.0, 32]","[133.0, 112]","[142.24, 63]","[153.18, 51]",138.62,258,7.24,0.12
07:30:14,"[133.89, 63]","[132.95, 103]","[136.48, 67]","[138.2, 83]",135.18,316,2.59,0.05
07:30:15,"[132.53, 34]","[130.95, 38]","[134.44, 45]","[136.38, 29]",133.49,146,1.92,-0.01
07:30:16,"[131.0, 52]","[130.0, 60]","[133.5, 50]","[137.0, 30]",132.25,192,2.5,0.17
07:30:17,"[131.0, 30]","[130.0, 48]","[132.0, 40]","[137.0, 36]",131.5,154,1.0,0.01
07:30:18,"[130.76, 50]","[129.65, 34]","[133.43, 35]","[137.97, 31]",132.09,150,2.67,0.12
07:30:19,"[130.0, 39]","[127.0, 20]","[135.5, 32]","[137.71, 21]",132.75,112,5.5,0.05
07:30:20,"[130.0, 42]","[127.12, 25]","[133.0, 14]","[134.0, 42]",131.5,123,3.0,0.09
07:30:21,"[130.0, 15]","[127.43, 7]","[132.08, 13]","[133.43, 7]",131.04,42,2.08,0.05
07:30:22,"[130.0, 48]","[127.0, 32]","[132.72, 18]","[133.98, 46]",131.36,144,2.72,0.11
07:30:23,"[126.86, 49]","[123.29, 84]","[130.62, 29]","[134.58, 24]",128.74,186,3.76,0.43
07:30:24,"[126.0, 104]","[122.38, 104]","[135.71, 42]","[138.07, 14]",130.86,264,9.71,0.58
07:30:25,"[126.13, 94]","[124.71, 136]","[134.22, 72]","[135.83, 42]",130.17,344,8.09,0.34
07:30:26,"[126.14, 102]","[124.82, 137]","[133.0, 18]","[134.0, 108]",129.57,365,6.86,0.31
07:30:27,"[127.54, 13]","[126.37, 38]","[133.62, 21]","[143.51, 53]",130.58,125,6.08,-0.18
07:30:28,"[132.6, 68]","[127.64, 28]","[134.0, 93]","[283.43, 56]",133.3,245,1.4,-0.22
07:30:29,"[133.0, 90]","[132.0, 27]","[134.0, 54]","[169.8, 20]",133.5,191,1.0,0.23
07:30:30,"[133.0, 108]","[127.0, 22]","[134.0, 66]","[138.0, 22]",133.5,218,1.0,0.19
07:30:31,"[133.0, 66]","[127.88, 48]","[134.0, 54]","[160.31, 39]",133.5,207,1.0,0.1
07:30:32,"[133.0, 61]","[128.0, 77]","[134.0, 66]","[266.68, 38]",133.5,242,1.0,0.14
07:30:33,"[133.0, 24]","[128.0, 56]","[134.0, 48]","[459.35, 34]",133.5,162,1.0,-0.01
07:30:34,"[133.0, 13]","[129.89, 19]","[134.0, 78]","[420.04, 51]",133.5,161,1.0,-0.6
07:30:35,"[130.75, 20]","[128.38, 40]","[133.82, 51]","[213.24, 50]",132.29,161,3.07,-0.25
07:30:36,"[128.13, 45]","[127.33, 21]","[133.0, 40]","[134.0, 32]",130.57,138,4.87,-0.04
07:30:37,"[129.3, 30]","[128.18, 51]","[133.0, 50]","[134.0, 40]",131.15,171,3.7,-0.05
07:30:38,"[130.8, 30]","[129.0, 30]","[132.87, 46]","[133.89, 35]",131.83,141,2.07,-0.15
07:30:39,"[128.72, 43]","[126.85, 85]","[132.29, 17]","[133.75, 48]",130.51,193,3.57,0.33
07:30:40,"[127.0, 92]","[125.73, 44]","[130.17, 12]","[133.47, 47]",128.58,195,3.17,0.39
07:30:41,"[127.0, 81]","[124.0, 9]","[132.11, 19]","[133.33, 27]",129.55,136,5.11,0.32
07:30:42,"[127.03, 65]","[126.16, 25]","[130.44, 18]","[132.0, 54]",128.74,162,3.41,0.11
07:30:43,"[127.0, 99]","[123.91, 11]","[130.87, 52]","[159.55, 55]",128.93,217,3.87,0.01
07:30:44,"[127.0, 105]","[124.64, 22]","[129.23, 65]","[132.57, 49]",128.12,241,2.23,0.05
07:30:45,"[127.0, 35]","[126.0, 28]","[129.77, 31]","[133.18, 17]",128.39,111,2.77,0.14
07:30:46,"[128.21, 28]","[126.94, 138]","[133.0, 45]","[134.0, 15]",130.61,226,4.79,0.47
07:30:47,"[130.71, 7]","[127.0, 70]","[133.0, 21]","[134.0, 7]",131.86,105,2.29,0.47
07:30:48,"[131.0, 9]","[127.0, 75]","[133.0, 27]","[134.0, 9]",132.0,120,2.0,0.4
07:30:49,"[126.76, 38]","[125.12, 51]","[133.0, 17]","[134.0, 8]",129.88,114,6.24,0.56
07:30:50,"[125.0, 35]","[124.0, 75]","[133.33, 15]","[134.8, 25]",129.17,150,8.33,0.47
07:30:51,"[125.0, 10]","[124.0, 59]","[133.56, 9]","[134.95, 21]",129.28,99,8.56,0.39
07:30:52,"[125.0, 13]","[124.0, 100]","[133.0, 40]","[134.0, 10]",129.0,163,8.0,0.39
07:30:53,"[125.69, 62]","[123.87, 98]","[133.0, 60]","[134.0, 59]",129.35,279,7.31,0.15
07:30:54,"[125.0, 42]","[124.0, 12]","[133.0, 24]","[134.0, 30]",129.0,108,8.0,0.0
07:30:55,"[125.0, 42]","[124.0, 13]","[131.87, 30]","[132.97, 35]",128.43,120,6.87,-0.08
07:30:56,"[125.0, 54]","[124.0, 14]","[129.14, 56]","[132.0, 92]",127.07,216,4.14,-0.37
07:30:57,"[125.0, 68]","[124.0, 10]","[126.7, 40]","[131.47, 17]",125.85,135,1.7,0.16
07:30:58,"[124.24, 17]","[122.14, 14]","[128.53, 30]","[131.72, 68]",126.38,129,4.3,-0.52
07:30:59,"[124.0, 9]","[122.0, 9]","[130.86, 43]","[131.86, 37]",127.43,98,6.86,-0.63
07:31:00,"[125.2, 45]","[124.05, 21]","[130.37, 59]","[131.62, 42]",127.79,167,5.17,-0.21
07:31:01,"[125.82, 38]","[124.7, 30]","[128.39, 46]","[129.39, 23]",127.1,137,2.58,-0.01
07:31:02,"[126.69, 39]","[124.09, 35]","[129.47, 34]","[146.0, 15]",128.08,123,2.78,0.2
07:31:03,"[124.5, 18]","[108.93, 27]","[130.13, 46]","[158.5, 40]",127.32,131,5.63,-0.31
07:31:04,"[123.0, 32]","[114.47, 17]","[127.16, 38]","[129.0, 64]",125.08,151,4.16,-0.35
07:31:05,"[124.0, 10]","[120.0, 5]","[127.0, 10]","[129.0, 30]",125.5,55,3.0,-0.45
07:31:06,"[121.62, 16]","[89.22, 18]","[128.71, 41]","[194.89, 28]",125.17,103,7.08,-0.34
07:31:07,"[119.0, 12]","[84.0, 36]","[129.0, 78]","[277.36, 25]",124.0,151,10.0,-0.36
07:31:08,"[126.0, 5]","[107.33, 9]","[129.0, 40]","[184.4, 20]",127.5,74,3.0,-0.62
07:31:09,"[121.2, 10]","[111.0, 18]","[129.0, 62]","[154.0, 32]",125.1,122,7.8,-0.54
07:31:10,"[119.83, 12]","[99.93, 14]","[129.0, 36]","[154.56, 9]",124.42,71,9.17,-0.27
07:31:11,"[120.43, 21]","[119.0, 26]","[129.0, 42]","[177.77, 13]",124.71,102,8.57,-0.08
07:31:12,"[121.0, 24]","[119.0, 24]","[129.0, 36]","[310.67, 12]",125.0,96,8.0,0.0
07:31:13,"[122.0, 42]","[120.33, 27]","[127.73, 44]","[179.6, 50]",124.86,163,5.73,-0.15
07:31:14,"[122.65, 20]","[119.5, 24]","[127.25, 24]","[128.67, 27]",124.95,95,4.6,-0.07
07:31:15,"[123.0, 6]","[119.0, 9]","[128.0, 9]","[129.0, 9]",125.5,33,5.0,-0.09
07:31:16,"[123.0, 19]","[119.0, 30]","[128.25, 36]","[173.67, 27]",125.62,112,5.25,-0.12
07:31:17,"[126.08, 13]","[121.13, 15]","[129.0, 27]","[323.0, 24]",127.54,79,2.92,-0.29
07:31:18,"[123.96, 53]","[121.44, 18]","[127.0, 26]","[128.25, 36]",125.48,133,3.04,0.07
07:31:19,"[124.84, 55]","[122.94, 33]","[127.0, 26]","[128.0, 39]",125.92,153,2.16,0.15
07:31:20,"[125.33, 21]","[124.0, 38]","[127.0, 20]","[128.0, 36]",126.17,115,1.67,0.03
07:31:21,"[125.6, 40]","[123.8, 10]","[243.56, 18]","[371.35, 31]",184.58,99,117.96,0.01
07:31:22,"[128.61, 76]","[127.64, 61]","[249.23, 65]","[251.0, 13]",188.92,215,120.63,0.27
07:31:23,"[132.0, 18]","[128.0, 72]","[222.04, 28]","[190.24, 25]",177.02,143,90.04,0.26
07:31:24,"[132.0, 24]","[127.66, 71]","[155.33, 12]","[164.33, 48]",143.67,155,23.33,0.23
07:31:25,"[132.0, 14]","[125.0, 14]","[154.0, 11]","[175.12, 25]",143.0,64,22.0,-0.12
07:31:26,"[132.0, 26]","[118.79, 53]","[150.59, 41]","[150.76, 37]",141.29,157,18.59,0.01
07:31:27,"[117.38, 104]","[99.34, 44]","[139.0, 29]","[139.12, 41]",128.19,218,21.62,0.36
07:31:28,"[122.0, 80]","[119.25, 64]","[123.67, 30]","[125.75, 20]",122.83,194,1.67,0.48
07:31:29,"[122.0, 60]","[120.0, 42]","[123.0, 34]","[125.0, 7]",122.5,143,1.0,0.43
07:31:30,"[122.0, 76]","[120.0, 60]","[123.0, 24]","[125.25, 16]",122.5,176,1.0,0.55
07:31:31,"[122.0, 25]","[120.0, 60]","[236.08, 26]","[474.64, 25]",179.04,136,114.08,0.25
07:31:32,"[122.0, 13]","[120.0, 78]","[267.39, 46]","[404.45, 62]",194.7,199,145.39,-0.09
07:31:33,"[120.06, 33]","[79.27, 22]","[215.86, 35]","[278.48, 33]",167.96,123,95.8,-0.11
07:31:34,"[120.0, 40]","[64.0, 20]","[127.57, 28]","[178.4, 40]",123.79,128,7.57,-0.06
07:31:35,"[121.0, 24]","[112.47, 30]","[128.0, 40]","[251.42, 19]",124.5,113,7.0,-0.04
07:31:36,"[122.19, 32]","[119.0, 64]","[128.0, 64]","[325.42, 43]",125.09,203,5.81,-0.05
07:31:37,"[123.0, 14]","[119.0, 28]","[128.0, 28]","[206.56, 25]",125.5,95,5.0,-0.12
07:31:38,"[123.0, 18]","[116.67, 36]","[128.0, 36]","[234.22, 27]",125.5,117,5.0,-0.08
07:31:39,"[123.73, 22]","[99.14, 28]","[222.67, 21]","[388.74, 38]",173.2,109,98.94,-0.08
07:31:40,"[122.12, 25]","[115.6, 30]","[352.0, 31]","[546.21, 14]",237.06,100,229.88,0.1
07:31:41,"[118.14, 49]","[117.52, 61]","[370.55, 11]","[656.84, 19]",244.34,140,252.4,0.57
07:31:42,"[120.12, 41]","[118.41, 51]","[529.44, 9]","[777.0, 40]",324.78,141,409.32,0.3
07:31:43,"[126.2, 99]","[117.66, 53]","[274.23, 22]","[456.98, 63]",200.21,237,148.03,0.28
07:31:44,"[135.0, 53]","[122.88, 25]","[172.0, 19]","[224.23, 39]",153.5,136,37.0,0.15
07:31:45,"[135.0, 20]","[132.0, 5]","[170.0, 5]","[482.83, 24]",152.5,54,35.0,-0.07
07:31:46,"[135.0, 52]","[132.0, 13]","[167.97, 34]","[464.14, 37]",151.49,136,32.97,-0.04
07:31:47,"[135.0, 24]","[133.0, 60]","[167.0, 24]","[169.0, 6]",151.0,114,32.0,0.47
07:31:48,"[135.0, 70]","[133.0, 130]","[165.52, 25]","[165.85, 40]",150.26,265,30.52,0.51
07:31:49,"[135.0, 32]","[133.0, 90]","[162.44, 18]","[164.78, 27]",148.72,167,27.44,0.46
07:31:50,"[135.0, 8]","[133.0, 40]","[162.0, 16]","[163.0, 4]",148.5,68,27.0,0.41
07:31:51,"[135.0, 22]","[133.0, 110]","[159.35, 20]","[161.4, 35]",147.18,187,24.35,0.41
07:31:52,"[133.62, 58]","[132.95, 95]","[155.51, 51]","[156.63, 38]",144.57,242,21.89,0.26
07:31:53,"[133.0, 64]","[132.0, 11]","[152.37, 52]","[154.32, 47]",142.68,174,19.37,-0.14
07:31:54,"[133.0, 36]","[132.0, 9]","[149.18, 40]","[150.71, 41]",141.09,126,16.18,-0.29
07:31:55,"[133.0, 32]","[132.0, 8]","[146.38, 40]","[147.61, 36]",139.69,116,13.38,-0.31
07:31:56,"[133.0, 48]","[132.0, 12]","[144.12, 59]","[145.25, 60]",138.56,179,11.12,-0.33
07:31:57,"[133.52, 67]","[132.71, 28]","[139.54, 57]","[140.76, 58]",136.53,210,6.02,-0.1
07:31:58,"[134.93, 101]","[133.0, 64]","[136.78, 67]","[137.91, 77]",135.85,309,1.85,0.07
07:31:59,"[135.0, 9]","[133.0, 36]","[136.0, 36]","[137.0, 36]",135.5,117,1.0,-0.23
07:32:00,"[133.19, 37]","[132.29, 31]","[135.54, 52]","[136.54, 52]",134.36,172,2.35,-0.21
07:32:01,"[131.23, 26]","[130.84, 50]","[133.71, 56]","[140.83, 47]",132.47,179,2.48,-0.15
07:32:02,"[129.0, 24]","[127.13, 141]","[136.0, 36]","[347.33, 9]",132.5,210,7.0,0.57
07:32:03,"[135.0, 9]","[131.0, 18]","[136.0, 36]","[195.48, 23]",135.5,86,1.0,-0.37
07:32:04,"[129.47, 17]","[127.14, 146]","[289.11, 28]","[318.0, 21]",209.29,212,159.64,0.54
07:32:05,"[127.06, 187]","[126.92, 169]","[304.22, 37]","[307.81, 47]",215.64,440,177.15,0.62
07:32:06,"[127.0, 303]","[125.0, 13]","[185.08, 37]","[196.56, 27]",156.04,380,58.08,0.66
07:32:07,"[127.0, 253]","[125.0, 11]","[133.26, 35]","[133.95, 39]",130.13,338,6.26,0.56
07:32:08,"[127.38, 160]","[127.04, 154]","[131.08, 39]","[132.43, 47]",129.23,400,3.7,0.57
07:32:09,"[127.6, 67]","[126.99, 316]","[129.64, 56]","[141.87, 69]",128.62,508,2.05,0.51
07:32:10,"[127.04, 135]","[126.74, 125]","[129.04, 45]","[209.31, 26]",128.04,331,2.0,0.57
07:32:11,"[127.3, 37]","[126.91, 115]","[143.04, 25]","[259.36, 11]",135.17,188,15.74,0.62
07:32:12,"[127.0, 165]","[126.0, 11]","[249.95, 19]","[341.47, 17]",188.47,212,122.95,0.66
07:32:13,"[127.57, 35]","[126.98, 61]","[254.0, 15]","[359.8, 5]",190.79,116,126.43,0.66
07:32:14,"[128.0, 30]","[126.98, 81]","[245.84, 25]","[306.27, 11]",186.92,147,117.84,0.51
07:32:15,"[128.0, 68]","[127.0, 11]","[200.0, 25]","[320.55, 11]",164.0,115,72.0,0.37
07:32:16,"[129.71, 49]","[128.0, 21]","[190.37, 27]","[196.16, 19]",160.04,116,60.66,0.21
07:32:17,"[130.0, 49]","[128.0, 21]","[188.83, 29]","[192.55, 22]",159.41,121,58.83,0.16
07:32:18,"[130.0, 63]","[128.0, 27]","[187.95, 37]","[188.74, 38]",158.97,165,57.95,0.09
07:32:19,"[130.0, 77]","[128.0, 33]","[187.65, 23]","[188.23, 52]",158.83,185,57.65,0.19
07:32:20,"[130.0, 84]","[128.0, 36]","[185.24, 58]","[186.9, 50]",157.62,228,55.24,0.05
07:32:21,"[130.0, 91]","[128.52, 31]","[181.36, 53]","[184.88, 64]",155.68,239,51.36,0.02
07:32:22,"[135.0, 40]","[130.0, 56]","[160.39, 38]","[165.06, 34]",147.7,168,25.39,0.14
07:32:23,"[133.02, 41]","[129.6, 52]","[159.77, 47]","[170.02, 43]",146.4,183,26.74,0.02
07:32:24,"[133.0, 150]","[128.0, 30]","[160.83, 47]","[169.07, 46]",146.91,273,27.83,0.32
07:32:25,"[133.0, 165]","[128.0, 33]","[158.51, 49]","[159.45, 55]",145.76,302,25.51,0.31
07:32:26,"[133.07, 126]","[131.95, 114]","[156.13, 61]","[157.02, 66]",144.6,367,23.06,0.31
07:32:27,"[134.0, 46]","[132.97, 186]","[153.23, 69]","[154.91, 66]",143.62,367,19.23,0.26
07:32:28,"[133.08, 75]","[132.4, 30]","[151.45, 33]","[152.93, 30]",142.27,168,18.37,0.25
07:32:29,"[133.01, 158]","[131.47, 49]","[147.57, 70]","[149.27, 74]",140.29,351,14.56,0.18
07:32:30,"[133.41, 27]","[132.96, 134]","[145.15, 65]","[146.15, 65]",139.28,291,11.75,0.11
07:32:31,"[133.0, 96]","[130.0, 12]","[142.7, 50]","[143.9, 50]",137.85,208,9.7,0.04
07:32:32,"[133.0, 80]","[130.0, 10]","[139.22, 37]","[142.48, 31]",136.11,158,6.22,0.14
07:32:33,"[132.72, 43]","[128.86, 14]","[134.47, 38]","[180.42, 36]",133.6,131,1.75,-0.13
07:32:34,"[130.0, 10]","[128.0, 28]","[134.1, 30]","[304.62, 47]",132.05,115,4.1,-0.34
07:32:35,"[130.0, 9]","[128.0, 27]","[133.33, 27]","[399.67, 21]",131.67,84,3.33,-0.14
07:32:36,"[130.0, 15]","[128.0, 45]","[131.83, 29]","[186.74, 38]",130.91,127,1.83,-0.06
07:32:37,"[130.31, 16]","[128.38, 26]","[186.45, 49]","[278.0, 32]",158.38,123,56.14,-0.32
07:32:38,"[127.27, 45]","[126.08, 25]","[183.15, 47]","[249.66, 53]",155.21,170,55.88,-0.18
07:32:39,"[127.0, 39]","[125.0, 13]","[130.69, 26]","[176.0, 26]",128.85,104,3.69,0.0
07:32:40,"[126.2, 15]","[100.23, 13]","[310.0, 18]","[398.49, 43]",218.1,89,183.8,-0.37
07:32:41,"[119.0, 10]","[72.94, 16]","[209.36, 28]","[419.62, 39]",164.18,93,90.36,-0.44
07:32:42,"[115.0, 10]","[99.67, 55]","[124.06, 52]","[149.46, 13]",119.53,130,9.06,0.0
07:32:43,"[115.0, 6]","[101.69, 26]","[124.09, 11]","[140.14, 7]",119.55,50,9.09,0.28
07:32:44,"[75.88, 84]","[65.12, 24]","[124.29, 17]","[174.84, 31]",100.09,156,48.41,0.38
07:32:45,"[87.71, 7]","[54.08, 25]","[125.0, 6]","[408.0, 15]",106.36,53,37.29,0.21
07:32:46,"[84.72, 25]","[59.53, 58]","[206.33, 27]","[611.17, 12]",145.53,122,121.61,0.36
07:32:47,"[95.48, 25]","[81.73, 41]","[125.34, 41]","[500.0, 10]",110.41,117,29.86,0.13
07:32:48,"[103.89, 9]","[80.14, 14]","[379.0, 8]","[553.5, 16]",241.44,47,275.11,-0.02
07:32:49,"[118.65, 34]","[108.48, 27]","[452.41, 17]","[600.0, 18]",285.53,96,333.76,0.27
07:32:50,"[121.2, 44]","[109.45, 38]","[188.0, 20]","[364.4, 20]",154.6,122,66.8,0.34
07:32:51,"[127.0, 68]","[111.44, 27]","[188.0, 22]","[320.0, 22]",157.5,139,61.0,0.37
07:32:52,"[127.7, 50]","[122.71, 62]","[240.8, 20]","[369.6, 20]",184.25,152,113.1,0.47
07:32:53,"[128.17, 72]","[127.86, 106]","[243.0, 13]","[377.0, 27]",185.58,218,114.83,0.63
07:32:54,"[130.8, 49]","[128.05, 133]","[168.89, 27]","[228.46, 13]",149.84,222,38.09,0.64
07:32:55,"[133.76, 68]","[131.14, 112]","[157.25, 36]","[228.0, 12]",145.51,228,23.49,0.58
07:32:56,"[134.0, 91]","[133.0, 14]","[219.33, 9]","[446.12, 17]",176.67,131,85.33,0.6
07:32:57,"[135.0, 78]","[133.0, 12]","[201.38, 8]","[203.62, 16]",168.19,114,66.38,0.58
07:32:58,"[135.0, 303]","[133.0, 96]","[196.48, 29]","[198.59, 29]",165.74,457,61.48,0.75
07:32:59,"[135.0, 105]","[133.0, 50]","[189.29, 21]","[193.67, 18]",162.14,194,54.29,0.6
07:33:00,"[135.85, 142]","[134.64, 55]","[189.47, 43]","[190.39, 23]",162.66,263,53.62,0.5
07:33:01,"[136.64, 88]","[135.0, 33]","[184.71, 21]","[186.39, 23]",160.68,165,48.08,0.47
07:33:02,"[137.0, 112]","[135.0, 42]","[181.27, 30]","[182.89, 18]",159.13,202,44.27,0.52
07:33:03,"[137.0, 44]","[135.0, 33]","[178.86, 21]","[179.3, 23]",157.93,121,41.86,0.27
07:33:04,"[137.0, 32]","[135.0, 24]","[172.83, 18]","[174.21, 14]",154.92,88,35.83,0.27
07:33:05,"[137.0, 56]","[135.0, 42]","[169.37, 30]","[169.62, 24]",153.18,152,32.37,0.29
07:33:06,"[136.64, 44]","[134.15, 47]","[153.51, 39]","[160.6, 35]",145.07,165,16.88,0.1
07:33:07,"[135.0, 40]","[133.0, 100]","[144.73, 55]","[146.23, 53]",139.86,248,9.73,0.13
07:33:08,"[135.0, 18]","[133.0, 45]","[139.88, 26]","[140.71, 17]",137.44,106,4.88,0.19
07:33:09,"[133.41, 44]","[132.56, 63]","[137.48, 33]","[138.18, 28]",135.45,168,4.08,0.27
07:33:10,"[132.75, 57]","[131.86, 42]","[135.71, 24]","[136.34, 32]",134.23,155,2.95,0.28
07:33:11,"[131.22, 27]","[128.73, 26]","[135.15, 26]","[137.88, 48]",133.19,127,3.93,-0.17
07:33:12,"[130.79, 58]","[128.81, 31]","[134.89, 57]","[141.42, 52]",132.84,198,4.1,-0.1
07:33:13,"[131.0, 42]","[130.0, 15]","[135.34, 41]","[144.83, 36]",133.17,134,4.34,-0.15
07:33:14,"[132.0, 71]","[131.0, 13]","[139.31, 39]","[165.17, 36]",135.65,159,7.31,0.06
07:33:15,"[132.0, 26]","[131.0, 23]","[139.0, 39]","[264.67, 27]",135.5,115,7.0,-0.15
07:33:16,"[131.42, 62]","[130.88, 48]","[139.0, 39]","[266.0, 26]",135.21,175,7.58,0.26
07:33:17,"[131.0, 68]","[130.0, 12]","[139.0, 36]","[266.0, 24]",135.0,140,8.0,0.14
07:33:18,"[134.5, 24]","[130.97, 29]","[138.62, 24]","[266.0, 16]",136.56,93,4.12,0.14
07:33:19,"[130.89, 37]","[128.82, 17]","[247.35, 31]","[420.53, 34]",189.12,119,116.46,-0.09
07:33:20,"[130.14, 56]","[127.96, 100]","[181.76, 46]","[340.33, 42]",155.95,244,51.62,0.28
07:33:21,"[133.36, 25]","[128.43, 70]","[179.95, 21]","[198.49, 37]",156.66,153,46.59,0.24
07:33:22,"[133.77, 35]","[129.8, 50]","[149.27, 37]","[178.22, 27]",141.52,149,15.5,0.14
07:33:23,"[128.0, 56]","[127.0, 14]","[139.86, 29]","[152.33, 15]",133.93,114,11.86,0.23
07:33:24,"[128.02, 95]","[127.65, 34]","[139.0, 22]","[140.0, 55]",133.51,206,10.98,0.25
07:33:25,"[128.0, 87]","[127.0, 33]","[139.0, 18]","[158.0, 33]",133.5,171,11.0,0.4
07:33:26,"[128.0, 72]","[127.0, 36]","[138.18, 22]","[150.35, 17]",133.09,147,10.18,0.47
07:33:27,"[128.0, 112]","[127.0, 56]","[136.07, 28]","[136.96, 50]",132.04,246,8.07,0.37
07:33:28,"[128.0, 19]","[127.0, 36]","[135.3, 20]","[136.47, 34]",131.65,109,7.3,0.01
07:33:29,"[129.71, 28]","[128.59, 17]","[218.35, 48]","[224.79, 42]",174.03,135,88.64,-0.33
07:33:30,"[133.0, 16]","[131.0, 8]","[341.58, 24]","[337.38, 24]",237.29,72,208.58,-0.33
07:33:31,"[133.0, 24]","[131.0, 38]","[229.3, 37]","[287.17, 24]",181.15,123,96.3,0.01
07:33:32,"[132.07, 30]","[130.99, 170]","[329.62, 26]","[466.12, 25]",230.84,251,197.55,0.59
07:33:33,"[131.0, 126]","[130.0, 18]","[217.0, 27]","[329.0, 18]",174.0,189,86.0,0.52
07:33:34,"[131.0, 84]","[130.0, 12]","[234.33, 18]","[329.0, 12]",182.67,126,103.33,0.52
07:33:35,"[131.0, 98]","[130.0, 14]","[255.57, 14]","[272.07, 15]",193.29,141,124.57,0.59
07:33:36,"[131.3, 40]","[130.95, 88]","[233.0, 16]","[260.5, 16]",182.15,160,101.7,0.6
07:33:37,"[131.16, 62]","[130.9, 78]","[192.58, 24]","[262.88, 25]",161.87,189,61.42,0.48
07:33:38,"[131.0, 221]","[130.0, 34]","[229.33, 30]","[268.51, 41]",180.17,326,98.33,0.56
07:33:39,"[131.0, 117]","[130.0, 18]","[229.56, 18]","[262.06, 17]",180.28,170,98.56,0.59
07:33:40,"[131.0, 130]","[130.0, 22]","[226.64, 22]","[254.0, 11]",178.82,185,95.64,0.64
07:33:41,"[131.0, 88]","[130.0, 22]","[186.86, 21]","[192.67, 18]",158.93,149,55.86,0.48
07:33:42,"[131.0, 80]","[130.0, 20]","[175.5, 20]","[178.1, 20]",153.25,140,44.5,0.43
07:33:43,"[131.0, 64]","[130.0, 16]","[173.38, 16]","[175.62, 16]",152.19,112,42.38,0.43
07:33:44,"[131.0, 112]","[130.0, 28]","[169.43, 28]","[171.86, 28]",150.21,196,38.43,0.43
07:33:45,"[131.0, 47]","[130.0, 28]","[164.57, 28]","[166.79, 28]",147.79,131,33.57,0.15
07:33:46,"[135.2, 45]","[134.2, 74]","[160.12, 34]","[162.06, 34]",147.66,187,24.92,0.27
07:33:47,"[137.0, 30]","[135.0, 60]","[151.1, 20]","[157.29, 28]",144.05,138,14.1,0.3
07:33:48,"[137.0, 24]","[135.0, 66]","[149.45, 22]","[152.09, 22]",143.23,134,12.45,0.34
07:33:49,"[135.38, 42]","[133.77, 39]","[147.07, 28]","[148.29, 28]",141.23,137,11.69,0.18
07:33:50,"[135.0, 20]","[132.0, 10]","[145.0, 10]","[147.0, 10]",140.0,50,10.0,0.2
07:33:51,"[135.0, 44]","[132.0, 22]","[144.36, 22]","[147.0, 22]",139.68,110,9.36,0.2
07:33:52,"[135.0, 52]","[132.0, 26]","[141.17, 48]","[142.93, 30]",138.08,156,6.17,0.0
07:33:53,"[135.0, 36]","[132.0, 18]","[138.11, 18]","[139.27, 22]",136.56,94,3.11,0.15
07:33:54,"[131.92, 25]","[130.96, 55]","[134.7, 20]","[135.7, 20]",133.31,120,2.78,0.33
07:33:55,"[131.0, 98]","[127.12, 136]","[132.38, 32]","[136.74, 38]",131.69,304,1.38,0.54
07:33:56,"[131.0, 87]","[127.62, 121]","[132.04, 50]","[134.0, 28]",131.52,286,1.04,0.45
07:33:57,"[131.0, 112]","[130.0, 70]","[132.71, 28]","[138.83, 48]",131.86,258,1.71,0.41
07:33:58,"[131.0, 44]","[130.0, 50]","[132.1, 10]","[140.0, 40]",131.55,144,1.1,0.31
07:33:59,"[129.83, 42]","[128.49, 74]","[136.0, 22]","[154.52, 42]",132.92,180,6.17,0.29
07:34:00,"[128.0, 54]","[127.0, 112]","[243.21, 42]","[347.9, 48]",185.61,256,115.21,0.3
07:34:01,"[129.27, 52]","[125.13, 62]","[334.75, 80]","[579.29, 56]",232.01,250,205.48,-0.09
07:34:02,"[127.33, 46]","[125.33, 24]","[279.33, 39]","[351.46, 48]",203.33,157,152.01,-0.11
07:34:03,"[127.88, 17]","[125.44, 18]","[317.75, 24]","[629.29, 28]",222.82,87,189.87,-0.2
07:34:04,"[133.0, 8]","[129.35, 34]","[557.32, 25]","[671.12, 24]",345.16,91,424.32,-0.08
07:34:05,"[130.92, 38]","[129.06, 51]","[290.57, 56]","[582.39, 41]",210.75,186,159.65,-0.04
07:34:06,"[133.0, 30]","[130.0, 24]","[258.0, 29]","[423.68, 31]",195.5,114,125.0,-0.05
07:34:07,"[133.0, 28]","[130.0, 33]","[170.73, 33]","[399.42, 38]",151.86,132,37.73,-0.08
07:34:08,"[134.83, 48]","[133.5, 16]","[258.0, 24]","[524.0, 32]",196.42,120,123.17,0.07
07:34:09,"[136.43, 21]","[135.0, 14]","[256.57, 7]","[258.0, 21]",196.5,63,120.14,0.11
07:34:10,"[137.0, 30]","[135.0, 20]","[236.6, 25]","[340.55, 22]",186.8,97,99.6,0.03
07:34:11,"[137.0, 15]","[135.0, 10]","[243.5, 8]","[363.75, 16]",190.25,49,106.5,0.02
07:34:12,"[137.0, 21]","[135.0, 14]","[255.0, 7]","[447.71, 28]",196.0,70,118.0,0.0
07:34:13,"[136.5, 24]","[134.33, 18]","[161.91, 33]","[302.33, 18]",149.2,93,25.41,-0.1
07:34:14,"[135.0, 20]","[133.0, 20]","[158.8, 25]","[178.73, 41]",146.9,106,23.8,-0.25
07:34:15,"[135.0, 22]","[133.0, 22]","[156.66, 29]","[158.47, 17]",145.83,90,21.66,-0.02
07:34:16,"[135.0, 18]","[133.0, 18]","[154.09, 22]","[155.63, 19]",144.55,77,19.09,-0.06
07:34:17,"[135.0, 22]","[133.0, 22]","[148.07, 28]","[149.09, 23]",141.54,95,13.07,-0.07
07:34:18,"[135.0, 18]","[133.0, 18]","[143.95, 19]","[145.36, 22]",139.47,77,8.95,-0.06
07:34:19,"[135.0, 28]","[133.0, 28]","[140.7, 33]","[141.85, 40]",137.85,129,5.7,-0.13
07:34:20,"[134.71, 14]","[132.73, 22]","[136.05, 21]","[139.95, 21]",135.38,78,1.33,-0.08
07:34:21,"[131.13, 54]","[130.58, 36]","[133.83, 24]","[134.7, 30]",132.48,144,2.7,0.25
07:34:22,"[131.0, 30]","[130.0, 27]","[132.0, 9]","[274.21, 34]",131.5,100,1.0,0.14
07:34:23,"[131.62, 13]","[129.5, 22]","[164.5, 30]","[206.43, 30]",148.06,95,32.88,-0.26
07:34:24,"[134.28, 78]","[132.14, 21]","[183.8, 50]","[513.11, 19]",159.04,168,49.52,0.18
07:34:25,"[135.0, 109]","[133.0, 24]","[187.0, 30]","[266.0, 6]",161.0,169,52.0,0.57
07:34:26,"[135.0, 142]","[133.0, 32]","[187.0, 40]","[498.38, 8]",161.0,222,52.0,0.57
07:34:27,"[135.0, 208]","[133.0, 52]","[203.91, 55]","[310.95, 20]",169.45,335,68.91,0.55
07:34:28,"[135.0, 144]","[133.0, 36]","[345.22, 36]","[558.54, 26]",240.11,242,210.22,0.49
07:34:29,"[136.75, 40]","[135.0, 128]","[349.5, 32]","[529.74, 23]",243.12,223,212.75,0.51
07:34:30,"[137.0, 40]","[135.0, 128]","[201.75, 32]","[249.86, 28]",169.38,228,64.75,0.47
07:34:31,"[137.0, 40]","[135.0, 128]","[304.0, 24]","[540.0, 24]",220.5,216,167.0,0.56
07:34:32,"[137.0, 60]","[135.0, 192]","[223.35, 23]","[477.31, 32]",180.17,307,86.35,0.64
07:34:33,"[137.0, 50]","[135.0, 160]","[234.62, 13]","[236.03, 37]",185.81,260,97.62,0.62
07:34:34,"[137.0, 55]","[135.0, 176]","[230.82, 11]","[236.0, 44]",183.91,286,93.82,0.62
07:34:35,"[137.0, 17]","[135.0, 144]","[228.0, 36]","[229.0, 9]",182.5,206,91.0,0.56
07:34:36,"[137.0, 11]","[135.0, 176]","[192.36, 14]","[217.22, 23]",164.68,224,55.36,0.67
07:34:37,"[137.0, 9]","[135.0, 144]","[143.73, 15]","[145.56, 9]",140.37,177,6.73,0.73
07:34:38,"[135.04, 103]","[133.94, 68]","[141.88, 26]","[142.34, 29]",138.46,226,6.85,0.51
07:34:39,"[135.0, 167]","[133.0, 64]","[137.03, 34]","[138.58, 43]",136.01,308,2.03,0.5
07:34:40,"[134.26, 43]","[132.75, 48]","[135.85, 13]","[264.62, 52]",135.05,156,1.59,0.17
07:34:41,"[133.0, 36]","[132.0, 36]","[207.53, 34]","[254.68, 37]",170.26,143,74.53,0.01
07:34:42,"[132.07, 14]","[131.19, 37]","[157.69, 26]","[312.45, 22]",144.88,99,25.62,0.03
07:34:43,"[130.13, 78]","[128.68, 146]","[157.0, 52]","[158.0, 26]",143.56,302,26.87,0.48
07:34:44,"[128.91, 66]","[127.66, 91]","[156.5, 32]","[158.0, 16]",142.7,205,27.59,0.53
07:34:45,"[129.46, 338]","[127.92, 157]","[156.0, 52]","[158.0, 26]",142.73,573,26.54,0.73
07:34:46,"[131.0, 338]","[127.0, 129]","[155.0, 26]","[156.0, 52]",143.0,545,24.0,0.71
07:34:47,"[132.0, 390]","[127.02, 143]","[153.45, 44]","[155.39, 46]",142.73,623,21.45,0.71
07:34:48,"[132.0, 364]","[128.0, 42]","[151.64, 56]","[154.0, 28]",141.82,490,19.64,0.66
07:34:49,"[132.21, 364]","[128.0, 42]","[150.26, 38]","[151.65, 46]",141.24,490,18.05,0.66
07:34:50,"[133.0, 388]","[128.0, 45]","[146.33, 60]","[149.5, 40]",139.67,533,13.33,0.62
07:34:51,"[134.47, 375]","[128.0, 45]","[141.87, 75]","[148.0, 30]",138.17,525,7.4,0.6
07:34:52,"[135.0, 338]","[132.48, 29]","[138.72, 39]","[140.42, 48]",136.86,454,3.72,0.62
07:34:53,"[135.05, 230]","[134.33, 72]","[138.55, 47]","[144.08, 63]",136.8,412,3.5,0.47
07:34:54,"[136.82, 33]","[135.0, 132]","[140.0, 55]","[217.45, 11]",138.41,231,3.18,0.43
07:34:55,"[137.0, 17]","[135.0, 132]","[140.0, 55]","[254.0, 25]",138.5,229,3.0,0.3
07:34:56,"[137.0, 11]","[135.0, 132]","[138.91, 55]","[224.21, 29]",137.95,227,1.91,0.26
07:34:57,"[135.12, 51]","[134.8, 40]","[170.0, 19]","[304.86, 7]",152.56,117,34.88,0.56
07:34:58,"[135.0, 78]","[133.0, 7]","[282.27, 15]","[333.45, 11]",208.63,111,147.27,0.53
07:34:59,"[135.0, 72]","[133.77, 13]","[248.48, 27]","[275.95, 21]",191.74,133,113.48,0.28
07:35:00,"[135.0, 141]","[134.0, 28]","[205.5, 56]","[245.86, 14]",170.25,239,70.5,0.41
07:35:01,"[135.0, 120]","[133.57, 14]","[204.1, 40]","[275.0, 10]",169.55,184,69.1,0.46
07:35:02,"[134.97, 124]","[132.27, 41]","[202.57, 46]","[205.23, 43]",168.77,254,67.6,0.3
07:35:03,"[133.14, 14]","[132.01, 181]","[202.0, 52]","[203.0, 39]",167.57,286,68.86,0.36
07:35:04,"[135.44, 34]","[133.73, 11]","[202.0, 28]","[203.0, 21]",168.72,94,66.56,-0.04
07:35:05,"[136.0, 84]","[134.0, 24]","[201.11, 37]","[202.06, 47]",168.55,192,65.11,0.12
07:35:06,"[136.0, 49]","[134.0, 24]","[199.25, 36]","[202.0, 48]",167.62,157,63.25,-0.07
07:35:07,"[136.24, 25]","[133.92, 26]","[198.0, 52]","[199.0, 39]",167.12,142,61.76,-0.28
07:35:08,"[135.0, 9]","[133.0, 18]","[196.44, 36]","[199.0, 27]",165.72,90,61.44,-0.4
07:35:09,"[135.0, 10]","[133.0, 20]","[193.85, 39]","[198.23, 31]",164.42,100,58.85,-0.4
07:35:10,"[135.0, 8]","[133.0, 16]","[191.75, 24]","[193.0, 32]",163.38,80,56.75,-0.4
07:35:11,"[135.0, 15]","[133.0, 30]","[188.75, 52]","[191.42, 53]",161.88,150,53.75,-0.4
07:35:12,"[134.54, 13]","[132.31, 65]","[186.79, 47]","[188.09, 44]",160.66,169,52.25,-0.08
07:35:13,"[132.0, 233]","[131.0, 85]","[183.0, 58]","[184.67, 61]",157.5,437,51.0,0.46
07:35:14,"[132.0, 117]","[131.0, 45]","[180.89, 27]","[182.0, 36]",156.44,225,48.89,0.44
07:35:15,"[131.51, 157]","[130.04, 127]","[179.12, 50]","[181.09, 69]",155.31,403,47.61,0.41
07:35:16,"[130.08, 92]","[129.29, 68]","[174.56, 39]","[175.33, 39]",152.32,238,44.49,0.34
07:35:17,"[133.83, 23]","[130.04, 101]","[147.76, 25]","[165.0, 26]",140.79,175,13.93,0.42
07:35:18,"[135.0, 77]","[132.0, 11]","[145.13, 23]","[146.09, 33]",140.07,144,10.13,0.22
07:35:19,"[135.0, 49]","[132.0, 7]","[143.67, 15]","[144.9, 20]",139.33,91,8.67,0.23
07:35:20,"[135.0, 70]","[132.0, 10]","[141.1, 20]","[142.28, 25]",138.05,125,6.1,0.28
07:35:21,"[131.89, 140]","[130.05, 84]","[137.17, 42]","[137.95, 38]",134.53,304,5.28,0.47
07:35:22,"[131.0, 131]","[130.0, 140]","[132.65, 34]","[135.53, 36]",131.82,341,1.65,0.59
07:35:23,"[130.26, 116]","[129.29, 93]","[132.51, 35]","[253.23, 35]",131.39,279,2.26,0.5
07:35:24,"[131.0, 20]","[130.0, 60]","[186.88, 17]","[324.5, 18]",158.94,115,55.88,0.39
07:35:25,"[131.26, 19]","[130.19, 52]","[246.65, 23]","[363.8, 15]",188.96,109,115.39,0.3
07:35:26,"[131.7, 10]","[130.4, 15]","[207.0, 7]","[266.0, 14]",169.35,46,75.3,0.09
07:35:27,"[130.0, 26]","[128.0, 30]","[163.0, 15]","[323.53, 19]",146.5,90,33.0,0.24
07:35:28,"[130.0, 22]","[128.0, 33]","[288.24, 21]","[393.89, 18]",209.12,94,158.24,0.17
07:35:29,"[133.0, 36]","[130.21, 38]","[272.05, 21]","[406.29, 17]",202.52,112,139.05,0.32
07:35:30,"[133.0, 24]","[132.0, 40]","[248.0, 16]","[283.73, 11]",190.5,91,115.0,0.41
07:35:31,"[133.0, 13]","[132.0, 52]","[193.0, 22]","[277.68, 19]",163.0,106,60.0,0.23
07:35:32,"[133.0, 9]","[132.0, 36]","[193.0, 18]","[484.2, 10]",163.0,73,60.0,0.23
07:35:33,"[133.91, 33]","[132.33, 18]","[192.8, 20]","[466.6, 10]",163.35,81,58.89,0.26
07:35:34,"[133.0, 9]","[132.0, 36]","[190.4, 30]","[297.5, 16]",161.7,91,57.4,-0.01
07:35:35,"[133.0, 19]","[132.0, 76]","[189.63, 76]","[406.71, 34]",161.32,205,56.63,-0.07
07:35:36,"[132.33, 18]","[131.71, 28]","[166.76, 17]","[201.19, 31]",149.55,94,34.43,-0.02
07:35:37,"[128.44, 27]","[127.82, 11]","[143.31, 26]","[143.95, 19]",135.88,83,14.86,-0.08
07:35:38,"[128.0, 12]","[127.0, 4]","[141.0, 8]","[143.0, 16]",134.5,40,13.0,-0.2
07:35:39,"[128.0, 30]","[127.0, 10]","[140.33, 30]","[142.33, 30]",134.17,100,12.33,-0.2
07:35:40,"[128.0, 33]","[127.0, 11]","[140.0, 44]","[141.0, 22]",134.0,110,12.0,-0.2
07:35:41,"[128.39, 38]","[127.58, 26]","[136.18, 61]","[137.0, 45]",132.29,170,7.79,-0.25
07:35:42,"[129.12, 24]","[127.14, 50]","[132.15, 59]","[133.69, 52]",130.64,185,3.03,-0.2
07:35:43,"[127.44, 27]","[126.32, 37]","[129.28, 29]","[130.42, 24]",128.36,117,1.83,0.09
07:35:44,"[126.18, 67]","[115.77, 47]","[128.12, 41]","[129.14, 42]",127.15,197,1.94,0.16
07:35:45,"[126.0, 27]","[89.5, 12]","[127.86, 21]","[134.14, 21]",126.93,81,1.86,-0.04
07:35:46,"[123.89, 19]","[78.21, 28]","[127.53, 45]","[136.47, 38]",125.71,130,3.64,-0.28
07:35:47,"[94.22, 18]","[51.87, 23]","[125.0, 17]","[128.0, 36]",109.61,94,30.78,-0.13
07:35:48,"[67.0, 10]","[35.36, 11]","[124.0, 5]","[128.0, 20]",95.5,46,57.0,-0.09
07:35:49,"[80.36, 11]","[65.78, 9]","[122.93, 15]","[152.4, 15]",101.65,50,42.57,-0.2
07:35:50,"[107.85, 13]","[73.48, 23]","[221.0, 32]","[307.29, 28]",164.42,96,113.15,-0.25
07:35:51,"[130.45, 11]","[123.78, 18]","[261.0, 12]","[291.7, 33]",195.73,74,130.55,-0.22
07:35:52,"[134.4, 10]","[130.08, 12]","[444.47, 34]","[495.74, 19]",289.44,75,310.07,-0.41
07:35:53,"[114.71, 14]","[96.57, 14]","[480.36, 36]","[663.4, 45]",297.54,109,365.65,-0.49
07:35:54,"[115.0, 14]","[94.55, 11]","[125.0, 16]","[325.25, 32]",120.0,73,10.0,-0.32
07:35:55,"[126.15, 39]","[119.78, 18]","[348.0, 40]","[377.81, 31]",237.08,128,221.85,-0.11
07:35:56,"[128.62, 21]","[119.3, 23]","[231.0, 17]","[299.05, 22]",179.81,83,102.38,0.06
07:35:57,"[128.0, 2]","[59.0, 2]","[211.0, 2]","[289.0, 6]",169.5,12,83.0,-0.33
07:35:58,"[109.5, 12]","[80.8, 15]","[157.62, 34]","[275.51, 35]",133.56,96,48.12,-0.44
07:35:59,"[63.43, 7]","[24.55, 11]","[269.27, 22]","[415.4, 20]",166.35,60,205.84,-0.4
07:36:00,"[96.25, 12]","[53.57, 21]","[225.43, 23]","[384.86, 37]",160.84,93,129.18,-0.29
07:36:01,"[73.4, 35]","[62.36, 25]","[118.65, 17]","[366.33, 36]",96.02,113,45.25,0.06
07:36:02,"[94.61, 64]","[90.26, 88]","[118.58, 19]","[120.47, 15]",106.59,186,23.97,0.63
07:36:03,"[114.79, 38]","[113.91, 53]","[119.0, 7]","[121.0, 7]",116.89,105,4.21,0.73
07:36:04,"[117.78, 65]","[113.84, 69]","[121.15, 13]","[123.77, 13]",119.47,160,3.37,0.68
07:36:05,"[122.24, 34]","[121.46, 26]","[125.0, 10]","[126.0, 10]",123.62,80,2.76,0.5
07:36:06,"[125.0, 48]","[117.59, 27]","[304.81, 27]","[381.43, 35]",214.91,137,179.81,0.09
07:36:07,"[127.41, 37]","[126.44, 41]","[260.23, 44]","[441.3, 44]",193.82,166,132.82,-0.06
07:36:08,"[134.69, 45]","[132.44, 34]","[318.81, 26]","[411.42, 43]",226.75,148,184.12,0.07
07:36:09,"[136.43, 28]","[133.0, 21]","[214.08, 13]","[372.0, 15]",175.25,77,77.65,0.27
07:36:10,"[137.0, 22]","[133.0, 30]","[180.67, 15]","[182.75, 20]",158.83,87,43.67,0.2
07:36:11,"[136.33, 15]","[132.85, 41]","[176.4, 20]","[178.68, 22]",156.37,98,40.07,0.14
07:36:12,"[132.0, 20]","[130.0, 20]","[172.56, 16]","[174.0, 14]",152.28,70,40.56,0.14
07:36:13,"[133.75, 24]","[131.0, 20]","[169.0, 20]","[170.0, 10]",151.38,74,35.25,0.19
07:36:14,"[135.0, 16]","[132.0, 16]","[167.88, 16]","[170.0, 8]",151.44,56,32.88,0.14
07:36:15,"[135.0, 26]","[131.89, 35]","[166.58, 24]","[168.93, 15]",150.79,100,31.58,0.22
07:36:16,"[135.0, 20]","[132.0, 110]","[164.7, 10]","[165.82, 17]",149.85,157,29.7,0.66
07:36:17,"[135.0, 12]","[132.0, 132]","[163.09, 22]","[164.17, 12]",149.05,178,28.09,0.62
07:36:18,"[135.0, 15]","[132.0, 165]","[161.75, 24]","[162.82, 17]",148.38,221,26.75,0.63
07:36:19,"[135.0, 16]","[132.0, 176]","[159.06, 18]","[160.11, 28]",147.03,238,24.06,0.61
07:36:20,"[135.0, 9]","[132.0, 99]","[156.86, 14]","[157.36, 11]",145.93,133,21.86,0.62
07:36:21,"[132.43, 28]","[131.65, 68]","[154.14, 7]","[155.25, 8]",143.29,111,21.71,0.73
07:36:22,"[132.0, 68]","[131.0, 104]","[153.51, 35]","[154.9, 20]",142.76,227,21.51,0.52
07:36:23,"[132.07, 46]","[131.06, 77]","[151.43, 44]","[152.85, 26]",141.75,193,19.37,0.27
07:36:24,"[132.0, 48]","[131.0, 128]","[149.78, 58]","[150.68, 53]",140.89,287,17.78,0.23
07:36:25,"[132.0, 24]","[131.0, 76]","[147.0, 34]","[147.84, 19]",139.5,153,15.0,0.31
07:36:26,"[132.0, 30]","[131.0, 83]","[145.09, 23]","[146.76, 41]",138.54,177,13.09,0.28
07:36:27,"[132.0, 30]","[131.0, 80]","[142.1, 50]","[144.0, 20]",137.05,180,10.1,0.22
07:36:28,"[132.0, 42]","[131.0, 112]","[138.23, 43]","[139.55, 55]",135.12,252,6.23,0.22
07:36:29,"[132.0, 37]","[131.0, 104]","[134.69, 29]","[135.71, 41]",133.34,211,2.69,0.34
07:36:30,"[131.53, 17]","[130.79, 66]","[133.68, 37]","[147.0, 33]",132.6,153,2.15,0.08
07:36:31,"[131.35, 110]","[130.43, 148]","[139.11, 79]","[210.44, 41]",135.23,378,7.77,0.37
07:36:32,"[132.38, 21]","[130.87, 55]","[237.43, 14]","[328.44, 9]",184.9,99,105.05,0.54
07:36:33,"[131.0, 48]","[130.0, 84]","[194.33, 33]","[349.17, 12]",162.67,177,63.33,0.49
07:36:34,"[131.0, 32]","[130.0, 56]","[172.0, 32]","[344.5, 8]",151.5,128,41.0,0.38
07:36:35,"[131.33, 12]","[130.07, 30]","[181.67, 24]","[373.0, 6]",156.5,72,50.33,0.17
07:36:36,"[133.0, 6]","[131.0, 6]","[230.0, 24]","[314.8, 10]",181.5,46,97.0,-0.48
07:36:37,"[133.0, 5]","[131.0, 5]","[229.86, 14]","[265.65, 17]",181.43,41,96.86,-0.51
07:36:38,"[133.46, 13]","[131.96, 25]","[208.23, 13]","[246.55, 29]",170.85,80,74.77,-0.05
07:36:39,"[135.0, 5]","[133.0, 5]","[203.6, 5]","[264.0, 15]",169.3,30,68.6,-0.33
07:36:40,"[132.0, 7]","[131.0, 7]","[164.82, 22]","[236.27, 11]",148.41,47,32.82,-0.4
07:36:41,"[130.35, 34]","[128.69, 26]","[158.6, 10]","[198.36, 33]",144.48,103,28.25,0.17
07:36:42,"[130.0, 105]","[128.0, 75]","[155.74, 19]","[156.61, 23]",142.87,222,25.74,0.62
07:36:43,"[131.68, 50]","[130.07, 55]","[153.0, 55]","[154.0, 11]",142.34,171,21.32,0.23
07:36:44,"[133.0, 56]","[131.0, 56]","[152.43, 70]","[154.0, 14]",142.71,196,19.43,0.14
07:36:45,"[132.14, 42]","[130.36, 66]","[150.0, 36]","[149.89, 36]",141.07,180,17.86,0.2
07:36:46,"[131.0, 24]","[130.0, 56]","[147.0, 8]","[149.0, 40]",139.0,128,16.0,0.25
07:36:47,"[131.0, 39]","[130.0, 91]","[144.29, 17]","[147.53, 49]",137.65,196,13.29,0.33
07:36:48,"[131.71, 51]","[129.87, 93]","[138.73, 15]","[140.8, 15]",135.22,174,7.03,0.66
07:36:49,"[132.3, 37]","[129.5, 48]","[136.5, 10]","[142.83, 30]",134.4,125,4.2,0.36
07:36:50,"[130.0, 60]","[128.0, 36]","[134.71, 52]","[138.0, 20]",132.36,168,4.71,0.14
07:36:51,"[130.0, 42]","[128.0, 30]","[132.5, 30]","[247.0, 20]",131.25,122,2.5,0.18
07:36:52,"[129.83, 23]","[127.64, 33]","[131.0, 18]","[206.71, 21]",130.41,95,1.17,0.18
07:36:53,"[128.4, 10]","[127.05, 38]","[244.76, 21]","[342.56, 18]",186.58,87,116.36,0.1
07:36:54,"[128.0, 11]","[127.0, 66]","[305.65, 51]","[454.32, 25]",216.82,153,177.65,0.01
07:36:55,"[127.14, 29]","[126.49, 49]","[265.14, 35]","[274.0, 31]",196.14,144,138.0,0.08
07:36:56,"[127.14, 29]","[126.0, 30]","[203.67, 12]","[204.77, 26]",165.4,97,76.53,0.22
07:36:57,"[128.0, 40]","[127.0, 50]","[202.14, 28]","[203.73, 22]",165.07,140,74.14,0.29
07:36:58,"[129.49, 63]","[128.04, 81]","[199.37, 49]","[200.13, 31]",164.43,224,69.88,0.29
07:36:59,"[132.78, 54]","[130.36, 33]","[196.05, 40]","[196.02, 42]",164.41,169,63.27,0.03
07:37:00,"[133.67, 60]","[132.52, 42]","[190.24, 33]","[192.43, 42]",161.95,177,56.58,0.15
07:37:01,"[135.0, 60]","[134.0, 80]","[185.28, 47]","[187.79, 56]",160.14,243,50.28,0.15
07:37:02,"[135.0, 25]","[134.0, 60]","[170.47, 64]","[181.85, 55]",152.73,204,35.47,-0.17
07:37:03,"[133.18, 79]","[132.75, 48]","[135.64, 77]","[142.52, 69]",134.41,273,2.46,-0.07
07:37:04,"[133.0, 54]","[131.0, 22]","[134.84, 43]","[188.18, 34]",133.92,153,1.84,-0.01
07:37:05,"[128.94, 80]","[121.0, 60]","[133.08, 48]","[134.57, 42]",131.01,230,4.15,0.22
07:37:06,"[128.1, 51]","[124.64, 25]","[175.12, 24]","[311.58, 24]",151.61,124,47.03,0.23
07:37:07,"[133.0, 5]","[128.0, 15]","[303.0, 10]","[472.33, 24]",218.0,54,170.0,-0.26
07:37:08,"[129.31, 13]","[114.11, 57]","[258.2, 30]","[458.27, 33]",193.75,133,128.89,0.05
07:37:09,"[128.0, 63]","[125.0, 18]","[259.95, 37]","[422.0, 23]",193.97,141,131.95,0.15
07:37:10,"[129.89, 38]","[127.62, 32]","[324.24, 25]","[549.42, 24]",227.07,119,194.35,0.18
07:37:11,"[131.45, 66]","[128.99, 73]","[383.0, 55]","[476.27, 22]",257.23,216,251.55,0.29
07:37:12,"[133.88, 48]","[131.0, 48]","[382.82, 34]","[468.36, 22]",258.35,152,248.95,0.26
07:37:13,"[134.67, 54]","[131.0, 54]","[241.81, 32]","[356.9, 21]",188.24,161,107.15,0.34
07:37:14,"[133.4, 30]","[129.6, 90]","[323.36, 28]","[346.36, 28]",228.38,176,189.96,0.36
07:37:15,"[131.0, 20]","[128.0, 70]","[220.53, 19]","[274.84, 19]",175.76,128,89.53,0.41
07:37:16,"[128.0, 24]","[125.0, 16]","[170.89, 36]","[207.21, 14]",149.44,90,42.89,-0.11
07:37:17,"[128.0, 24]","[125.0, 24]","[198.33, 33]","[246.45, 51]",163.17,132,70.33,-0.27
07:37:18,"[132.63, 27]","[127.73, 22]","[183.73, 22]","[336.71, 28]",158.18,99,51.1,-0.01
07:37:19,"[133.0, 22]","[129.11, 27]","[179.36, 22]","[180.36, 22]",156.18,93,46.36,0.05
07:37:20,"[131.71, 28]","[129.5, 32]","[176.92, 24]","[177.92, 24]",154.32,108,45.2,0.11
07:37:21,"[131.77, 77]","[130.8, 45]","[162.6, 30]","[247.11, 27]",147.18,179,30.83,0.36
07:37:22,"[133.76, 63]","[132.0, 48]","[161.59, 70]","[237.23, 35]",147.67,216,27.82,0.03
07:37:23,"[135.0, 45]","[132.0, 45]","[157.5, 54]","[159.0, 66]",146.25,210,22.5,-0.14
07:37:24,"[136.31, 48]","[132.56, 48]","[155.5, 80]","[158.5, 80]",145.91,256,19.19,-0.25
07:37:25,"[137.0, 36]","[132.75, 36]","[153.58, 60]","[154.58, 60]",145.29,192,16.58,-0.25
07:37:26,"[137.0, 33]","[132.0, 33]","[150.91, 55]","[151.91, 55]",143.95,176,13.91,-0.25
07:37:27,"[135.21, 42]","[131.29, 42]","[148.57, 70]","[151.0, 70]",141.89,224,13.36,-0.25
07:37:28,"[132.0, 27]","[130.56, 27]","[146.44, 45]","[147.67, 45]",139.22,144,14.44,-0.25
07:37:29,"[132.0, 57]","[130.0, 57]","[142.53, 95]","[143.79, 95]",137.26,304,10.53,-0.25
07:37:30,"[130.67, 18]","[129.0, 18]","[135.8, 79]","[136.94, 80]",133.23,195,5.13,-0.63
07:37:31,"[125.62, 40]","[92.0, 20]","[130.59, 46]","[132.45, 44]",128.11,150,4.96,-0.2
07:37:32,"[125.0, 28]","[93.38, 16]","[128.79, 19]","[131.12, 17]",126.89,80,3.79,0.1
07:37:33,"[125.0, 60]","[119.9, 30]","[126.6, 50]","[127.55, 44]",125.8,184,1.6,-0.02
07:37:34,"[115.53, 19]","[95.25, 36]","[126.71, 42]","[147.44, 36]",121.12,133,11.19,-0.17
07:37:35,"[59.5, 42]","[53.0, 39]","[118.0, 31]","[124.22, 36]",88.75,148,58.5,0.09
07:37:36,"[106.11, 27]","[67.33, 45]","[122.32, 19]","[203.15, 27]",114.21,118,16.2,0.22
07:37:37,"[106.25, 16]","[28.61, 23]","[121.2, 15]","[123.0, 10]",113.72,64,14.95,0.22
07:37:38,"[111.57, 28]","[108.71, 28]","[121.0, 24]","[123.0, 16]",116.29,96,9.43,0.17
07:37:39,"[112.6, 40]","[96.55, 44]","[121.0, 30]","[123.0, 20]",116.8,134,8.4,0.25
07:37:40,"[114.14, 28]","[113.0, 28]","[233.14, 7]","[439.67, 9]",173.64,72,119.0,0.56
07:37:41,"[124.55, 44]","[117.6, 42]","[139.0, 10]","[361.33, 12]",131.77,108,14.45,0.59
07:37:42,"[135.0, 71]","[128.93, 40]","[145.0, 7]","[284.29, 7]",140.0,125,10.0,0.78
07:37:43,"[135.0, 104]","[133.0, 32]","[144.5, 8]","[430.0, 8]",139.75,152,9.5,0.79
07:37:44,"[135.14, 58]","[134.52, 85]","[143.31, 13]","[151.15, 13]",139.22,169,8.17,0.69
07:37:45,"[135.0, 12]","[134.0, 54]","[151.83, 6]","[192.83, 6]",143.42,78,16.83,0.69
07:37:46,"[135.0, 12]","[134.0, 54]","[208.5, 6]","[396.12, 8]",171.75,80,73.5,0.65
07:37:47,"[135.0, 6]","[134.0, 27]","[231.0, 3]","[522.0, 9]",183.0,45,96.0,0.47
07:37:48,"[135.0, 28]","[134.0, 126]","[253.91, 22]","[305.82, 34]",194.45,210,118.91,0.47
07:37:49,"[135.0, 20]","[134.0, 90]","[304.33, 27]","[581.19, 16]",219.67,153,169.33,0.44
07:37:50,"[134.03, 74]","[133.2, 45]","[227.0, 25]","[470.91, 22]",180.51,166,92.97,0.43
07:37:51,"[134.0, 88]","[133.0, 44]","[302.0, 33]","[513.64, 11]",218.0,176,168.0,0.5
07:37:52,"[133.23, 52]","[132.18, 61]","[293.14, 14]","[385.12, 25]",213.19,152,159.91,0.49
07:37:53,"[132.72, 127]","[131.87, 62]","[202.0, 26]","[244.77, 31]",167.36,246,69.28,0.54
07:37:54,"[134.0, 69]","[132.0, 50]","[202.0, 10]","[284.0, 5]",168.0,134,68.0,0.78
07:37:55,"[134.0, 78]","[132.0, 80]","[202.0, 16]","[271.64, 11]",168.0,185,68.0,0.71
07:37:56,"[134.0, 106]","[132.02, 123]","[184.08, 24]","[204.73, 15]",159.04,268,50.08,0.71
07:37:57,"[134.0, 26]","[133.0, 12]","[135.0, 4]","[174.0, 8]",134.5,50,1.0,0.52
07:37:58,"[134.0, 40]","[133.0, 24]","[170.14, 14]","[197.07, 28]",152.07,106,36.14,0.21
07:37:59,"[134.0, 40]","[133.0, 24]","[161.38, 16]","[229.9, 29]",147.69,109,27.38,0.17
07:38:00,"[134.0, 40]","[133.0, 30]","[158.62, 26]","[296.84, 31]",146.31,127,24.62,0.1
07:38:01,"[134.0, 24]","[133.0, 18]","[155.0, 18]","[156.0, 18]",144.5,78,21.0,0.08
07:38:02,"[134.0, 48]","[133.0, 36]","[153.0, 31]","[153.92, 37]",143.5,152,19.0,0.11
07:38:03,"[134.0, 52]","[133.0, 39]","[148.55, 31]","[150.43, 35]",141.27,157,14.55,0.16
07:38:04,"[134.0, 60]","[133.0, 45]","[141.02, 48]","[142.35, 52]",137.51,205,7.02,0.02
07:38:05,"[133.48, 46]","[132.26, 81]","[135.32, 40]","[140.23, 44]",134.4,211,1.85,0.2
07:38:06,"[132.08, 89]","[131.67, 60]","[139.14, 49]","[173.72, 47]",135.61,245,7.06,0.22
07:38:07,"[132.06, 32]","[131.29, 17]","[137.29, 28]","[140.0, 28]",134.67,105,5.22,-0.07
07:38:08,"[132.67, 24]","[131.46, 41]","[134.58, 48]","[153.24, 45]",133.62,158,1.92,-0.18
07:38:09,"[131.82, 34]","[130.61, 23]","[133.33, 24]","[186.91, 33]",132.58,114,1.51,0.0
07:38:10,"[129.59, 32]","[128.5, 30]","[132.2, 20]","[236.0, 20]",130.9,102,2.61,0.22
07:38:11,"[128.57, 42]","[127.17, 36]","[131.08, 24]","[285.72, 25]",129.83,127,2.51,0.23
07:38:12,"[128.0, 12]","[127.0, 12]","[130.0, 8]","[236.0, 10]",129.0,42,2.0,0.14
07:38:13,"[127.46, 39]","[118.12, 32]","[129.23, 26]","[248.15, 26]",128.35,123,1.77,0.15
07:38:14,"[127.0, 24]","[117.5, 16]","[129.0, 16]","[271.47, 19]",128.0,75,2.0,0.07
07:38:15,"[129.55, 29]","[119.62, 13]","[231.0, 20]","[324.11, 19]",180.28,81,101.45,0.04
07:38:16,"[133.76, 46]","[132.94, 158]","[253.0, 56]","[443.71, 14]",193.38,274,119.24,0.49
07:38:17,"[134.29, 14]","[132.68, 157]","[241.48, 23]","[430.7, 20]",187.88,214,107.19,0.6
07:38:18,"[132.07, 84]","[131.06, 48]","[237.85, 26]","[442.55, 33]",184.96,191,105.77,0.38
07:38:19,"[132.0, 108]","[127.0, 12]","[153.25, 48]","[264.17, 24]",142.62,192,21.25,0.25
07:38:20,"[132.0, 126]","[127.0, 14]","[155.29, 56]","[454.21, 28]",143.64,224,23.29,0.25
07:38:21,"[132.0, 99]","[127.55, 11]","[155.73, 44]","[173.4, 40]",143.86,194,23.73,0.13
07:38:22,"[132.0, 108]","[128.0, 12]","[153.11, 36]","[154.67, 36]",142.56,192,21.11,0.25
07:38:23,"[132.0, 90]","[128.0, 10]","[150.6, 40]","[154.0, 20]",141.3,160,18.6,0.25
07:38:24,"[132.0, 75]","[128.0, 15]","[148.38, 52]","[150.32, 38]",140.19,180,16.38,0.0
07:38:25,"[132.73, 52]","[130.17, 59]","[146.14, 28]","[147.04, 50]",139.44,189,13.41,0.17
07:38:26,"[129.17, 36]","[125.28, 109]","[144.0, 46]","[146.15, 26]",136.58,217,14.83,0.34
07:38:27,"[133.0, 6]","[128.56, 54]","[142.0, 24]","[146.0, 12]",137.5,96,9.0,0.25
07:38:28,"[133.0, 11]","[131.0, 77]","[140.0, 44]","[146.0, 22]",136.5,154,7.0,0.14
07:38:29,"[133.0, 12]","[131.0, 84]","[137.38, 42]","[140.33, 30]",135.19,168,4.38,0.14
07:38:30,"[132.0, 14]","[130.27, 60]","[134.0, 32]","[163.89, 18]",133.0,124,2.0,0.19
07:38:31,"[129.89, 119]","[126.76, 202]","[133.09, 23]","[149.41, 68]",131.49,412,3.2,0.56
07:38:32,"[127.0, 142]","[126.0, 208]","[129.36, 25]","[131.88, 34]",128.18,409,2.36,0.71
07:38:33,"[127.0, 101]","[126.0, 176]","[146.19, 42]","[304.54, 26]",136.6,345,19.19,0.61
07:38:34,"[131.3, 64]","[126.86, 115]","[220.6, 30]","[342.46, 39]",175.95,248,89.3,0.44
07:38:35,"[132.0, 87]","[127.0, 108]","[155.0, 24]","[282.97, 33]",143.5,252,23.0,0.55
07:38:36,"[132.0, 48]","[127.0, 84]","[155.0, 12]","[277.33, 9]",143.5,153,23.0,0.73
07:38:37,"[132.0, 104]","[127.0, 182]","[153.15, 27]","[255.25, 24]",142.57,337,21.15,0.7
07:38:38,"[132.04, 67]","[127.88, 136]","[150.0, 55]","[152.0, 11]",141.02,269,17.96,0.51
07:38:39,"[132.29, 38]","[128.56, 122]","[149.64, 42]","[150.1, 30]",140.97,232,17.35,0.38
07:38:40,"[132.67, 27]","[128.96, 69]","[144.03, 29]","[147.6, 30]",138.35,155,11.37,0.24
07:38:41,"[132.0, 42]","[127.11, 131]","[140.34, 68]","[141.4, 42]",136.17,283,8.34,0.22
07:38:42,"[127.15, 97]","[126.02, 161]","[138.34, 35]","[139.72, 25]",132.75,318,11.19,0.62
07:38:43,"[127.0, 117]","[126.0, 208]","[132.72, 43]","[133.47, 45]",129.86,413,5.72,0.57
07:38:44,"[127.0, 108]","[126.0, 192]","[129.45, 40]","[131.48, 44]",128.22,384,2.45,0.56
07:38:45,"[127.0, 60]","[126.0, 176]","[245.56, 18]","[290.74, 34]",186.28,288,118.56,0.64
07:38:46,"[132.0, 35]","[126.44, 57]","[270.89, 19]","[302.0, 11]",201.45,122,138.89,0.51
07:38:47,"[134.0, 65]","[129.0, 45]","[348.03, 29]","[446.57, 28]",241.02,167,214.03,0.32
07:38:48,"[134.39, 31]","[132.29, 28]","[350.9, 29]","[405.0, 26]",242.64,114,216.51,0.04
07:38:49,"[133.29, 17]","[128.75, 36]","[367.2, 40]","[434.0, 32]",250.25,125,233.91,-0.15
07:38:50,"[130.79, 19]","[127.6, 25]","[282.75, 32]","[316.73, 22]",206.77,98,151.96,-0.1
07:38:51,"[130.0, 12]","[127.0, 60]","[280.42, 48]","[375.76, 34]",205.21,154,150.42,-0.06
07:38:52,"[130.0, 8]","[127.0, 40]","[229.0, 32]","[360.0, 20]",179.5,100,99.0,-0.04
07:38:53,"[131.27, 44]","[128.12, 16]","[278.38, 32]","[492.75, 8]",204.82,100,147.1,0.2
07:38:54,"[133.7, 93]","[130.0, 14]","[277.86, 56]","[319.94, 35]",205.78,198,144.16,0.08
07:38:55,"[134.0, 14]","[132.9, 31]","[276.43, 28]","[277.71, 28]",205.21,101,142.43,-0.11
07:38:56,"[131.9, 21]","[128.19, 81]","[273.43, 65]","[275.0, 68]",202.67,235,141.53,-0.13
07:38:57,"[127.18, 17]","[126.43, 14]","[270.89, 36]","[273.0, 45]",199.03,112,143.71,-0.45
07:38:58,"[129.93, 14]","[116.29, 28]","[230.18, 49]","[258.24, 29]",180.06,120,100.26,-0.3
07:38:59,"[131.59, 17]","[130.86, 28]","[204.08, 66]","[205.3, 66]",167.83,177,72.49,-0.49
07:39:00,"[132.0, 8]","[129.14, 14]","[201.0, 20]","[203.0, 16]",166.5,58,69.0,-0.24
07:39:01,"[132.25, 16]","[128.67, 18]","[200.0, 32]","[201.0, 40]",166.12,106,67.75,-0.36
07:39:02,"[133.28, 29]","[132.31, 26]","[196.31, 45]","[198.3, 46]",164.79,146,63.04,-0.25
07:39:03,"[133.2, 20]","[131.25, 24]","[191.84, 38]","[192.83, 46]",162.52,128,58.64,-0.31
07:39:04,"[128.0, 6]","[127.0, 6]","[189.5, 30]","[191.0, 18]",158.75,60,61.5,-0.6
07:39:05,"[128.0, 8]","[127.0, 8]","[187.25, 32]","[188.31, 35]",157.62,83,59.25,-0.61
07:39:06,"[132.76, 41]","[127.82, 11]","[183.55, 42]","[184.54, 41]",158.15,135,50.79,-0.23
07:39:07,"[133.0, 33]","[128.0, 11]","[180.24, 41]","[181.41, 49]",156.62,134,47.24,-0.34
07:39:08,"[100.33, 80]","[63.37, 104]","[141.56, 57]","[172.6, 52]",120.94,293,41.24,0.26
07:39:09,"[108.5, 32]","[83.68, 25]","[121.0, 36]","[177.0, 18]",114.75,111,12.5,0.03
07:39:10,"[101.0, 18]","[89.37, 59]","[121.0, 54]","[123.27, 33]",111.0,164,20.0,-0.06
07:39:11,"[91.58, 50]","[46.06, 64]","[121.8, 30]","[123.5, 24]",106.69,168,30.22,0.36
07:39:12,"[97.77, 13]","[30.39, 38]","[123.0, 15]","[124.0, 15]",110.38,81,25.23,0.26
07:39:13,"[109.44, 25]","[103.83, 29]","[293.69, 36]","[454.55, 44]",201.57,134,184.25,-0.19
07:39:14,"[113.57, 44]","[112.54, 41]","[146.0, 81]","[233.02, 57]",129.78,223,32.43,-0.24
07:39:15,"[115.74, 31]","[114.65, 34]","[124.61, 33]","[125.11, 45]",120.17,143,8.86,-0.09
07:39:16,"[118.39, 28]","[116.44, 27]","[221.1, 30]","[282.83, 29]",169.75,114,102.71,-0.04
07:39:17,"[121.0, 16]","[120.0, 24]","[262.12, 17]","[313.47, 30]",191.56,87,141.12,-0.08
07:39:18,"[122.6, 20]","[120.0, 30]","[244.13, 15]","[263.71, 42]",183.37,107,121.53,-0.07
07:39:19,"[124.64, 28]","[121.78, 27]","[155.38, 13]","[234.51, 35]",140.01,103,30.74,0.07
07:39:20,"[125.07, 29]","[124.14, 21]","[158.78, 18]","[235.33, 12]",141.92,80,33.71,0.25
07:39:21,"[127.28, 29]","[114.86, 28]","[157.55, 22]","[160.0, 11]",142.41,90,30.27,0.27
07:39:22,"[128.88, 80]","[105.35, 65]","[157.0, 36]","[175.5, 18]",142.94,199,28.12,0.46
07:39:23,"[133.35, 43]","[130.0, 35]","[157.0, 14]","[342.0, 7]",145.17,99,23.65,0.58
07:39:24,"[133.79, 53]","[132.79, 56]","[156.75, 16]","[399.39, 23]",145.27,148,22.96,0.47
07:39:25,"[133.0, 110]","[132.0, 30]","[259.3, 23]","[432.35, 31]",196.15,194,126.3,0.44
07:39:26,"[133.0, 91]","[132.0, 33]","[260.63, 35]","[493.53, 17]",196.81,176,127.63,0.41
07:39:27,"[133.04, 56]","[132.31, 39]","[176.74, 47]","[223.06, 36]",154.89,178,43.71,0.07
07:39:28,"[133.0, 42]","[132.0, 21]","[169.04, 25]","[198.44, 25]",151.02,113,36.04,0.12
07:39:29,"[133.0, 44]","[132.0, 30]","[161.13, 38]","[162.35, 46]",147.07,158,28.13,-0.06
07:39:30,"[133.0, 24]","[132.0, 18]","[160.0, 18]","[162.0, 30]",146.5,90,27.0,-0.07
07:39:31,"[133.0, 56]","[132.0, 42]","[159.71, 42]","[162.0, 70]",146.36,210,26.71,-0.07
07:39:32,"[133.0, 48]","[132.0, 36]","[158.46, 46]","[161.1, 50]",145.73,180,25.46,-0.07
07:39:33,"[133.0, 30]","[132.0, 21]","[157.86, 35]","[159.0, 21]",145.43,107,24.86,-0.05
07:39:34,"[133.0, 65]","[132.0, 39]","[156.23, 65]","[159.0, 39]",144.62,208,23.23,0.0
07:39:35,"[133.0, 54]","[132.0, 39]","[153.69, 55]","[154.83, 53]",143.35,201,20.69,-0.07
07:39:36,"[131.64, 22]","[130.73, 11]","[136.96, 27]","[147.65, 37]",134.3,97,5.33,-0.32
07:39:37,"[128.38, 52]","[108.85, 26]","[134.32, 76]","[135.16, 76]",131.35,230,5.93,-0.32
07:39:38,"[127.62, 50]","[122.95, 64]","[130.81, 74]","[132.11, 84]",129.22,272,3.19,-0.16
07:39:39,"[127.85, 33]","[126.95, 38]","[129.8, 60]","[133.0, 45]",128.82,176,1.95,-0.19
07:39:40,"[127.0, 24]","[126.0, 24]","[128.08, 52]","[129.51, 49]",127.54,149,1.08,-0.36
07:39:41,"[126.0, 20]","[119.0, 10]","[128.35, 17]","[182.18, 33]",127.18,80,2.35,-0.25
07:39:42,"[119.62, 16]","[117.43, 14]","[126.62, 29]","[290.0, 23]",123.12,82,7.0,-0.27
07:39:43,"[93.71, 7]","[24.32, 19]","[285.57, 14]","[456.53, 15]",189.64,55,191.86,-0.05
07:39:44,"[97.12, 8]","[50.25, 24]","[117.0, 12]","[498.82, 17]",107.06,61,19.88,0.05
07:39:45,"[109.4, 10]","[80.68, 57]","[117.0, 10]","[144.53, 38]",113.2,115,7.6,0.17
07:39:46,"[116.0, 10]","[105.14, 70]","[128.54, 26]","[178.5, 28]",122.27,134,12.54,0.19
07:39:47,"[129.15, 20]","[124.81, 70]","[266.33, 18]","[380.11, 18]",197.74,126,137.18,0.43
07:39:48,"[128.0, 120]","[127.0, 70]","[258.1, 20]","[427.9, 20]",193.05,230,130.1,0.65
07:39:49,"[128.0, 84]","[127.0, 49]","[248.57, 14]","[512.71, 14]",188.29,161,120.57,0.65
07:39:50,"[128.0, 91]","[127.0, 49]","[216.62, 8]","[273.71, 14]",172.31,162,88.62,0.73
07:39:51,"[131.04, 79]","[130.01, 157]","[214.59, 37]","[221.44, 18]",172.82,291,83.56,0.62
07:39:52,"[134.0, 40]","[132.0, 140]","[213.3, 40]","[216.0, 10]",173.65,230,79.3,0.57
07:39:53,"[134.0, 20]","[132.0, 112]","[211.41, 17]","[212.0, 23]",172.71,172,77.41,0.53
07:39:54,"[132.11, 110]","[131.56, 108]","[207.78, 49]","[209.35, 23]",169.94,290,75.67,0.5
07:39:55,"[132.0, 182]","[130.0, 42]","[200.2, 41]","[205.47, 51]",166.1,316,68.2,0.42
07:39:56,"[132.04, 81]","[131.37, 57]","[155.48, 25]","[168.87, 30]",143.76,193,23.44,0.43
07:39:57,"[133.75, 16]","[132.04, 108]","[152.74, 31]","[154.52, 29]",143.25,184,18.99,0.35
07:39:58,"[136.07, 30]","[132.02, 159]","[149.03, 37]","[150.32, 28]",142.55,254,12.96,0.49
07:39:59,"[137.0, 32]","[132.0, 208]","[143.64, 50]","[145.09, 46]",140.32,336,6.64,0.43
07:40:00,"[132.79, 76]","[131.74, 106]","[138.67, 27]","[139.41, 34]",135.73,243,5.88,0.5
07:40:01,"[132.0, 77]","[131.0, 44]","[134.27, 37]","[135.12, 32]",133.14,190,2.27,0.27
07:40:02,"[131.44, 36]","[130.57, 42]","[132.58, 36]","[182.63, 19]",132.01,133,1.14,0.17
07:40:03,"[131.0, 24]","[130.0, 64]","[132.0, 24]","[224.57, 14]",131.5,126,1.0,0.4
07:40:04,"[130.0, 31]","[128.03, 62]","[255.14, 14]","[328.77, 13]",192.57,120,125.14,0.55
07:40:05,"[130.29, 21]","[129.38, 24]","[258.75, 16]","[511.5, 8]",194.52,69,128.46,0.3
07:40:06,"[132.14, 14]","[130.21, 19]","[255.29, 14]","[447.77, 13]",193.71,60,123.14,0.1
07:40:07,"[132.0, 23]","[130.25, 20]","[197.0, 20]","[296.3, 20]",164.5,83,65.0,0.04
07:40:08,"[131.33, 54]","[129.5, 12]","[197.0, 16]","[284.0, 8]",164.17,90,65.67,0.47
07:40:09,"[132.0, 150]","[130.0, 30]","[193.8, 20]","[442.21, 19]",162.9,219,61.8,0.64
07:40:10,"[132.0, 104]","[130.0, 24]","[189.0, 16]","[454.38, 16]",160.5,160,57.0,0.6
07:40:11,"[132.07, 108]","[130.74, 43]","[496.27, 22]","[660.55, 22]",314.17,195,364.2,0.55
07:40:12,"[134.0, 20]","[132.0, 80]","[483.5, 32]","[582.31, 26]",308.75,158,349.5,0.27
07:40:13,"[134.0, 20]","[132.0, 80]","[462.15, 27]","[522.0, 32]",298.07,159,328.15,0.26
07:40:14,"[134.0, 25]","[132.1, 62]","[346.78, 18]","[456.14, 42]",240.39,147,212.78,0.18
07:40:15,"[134.0, 6]","[133.0, 6]","[420.4, 15]","[456.33, 18]",277.2,45,286.4,-0.47
07:40:16,"[134.0, 6]","[133.0, 6]","[404.0, 14]","[432.11, 18]",269.0,44,270.0,-0.45
07:40:17,"[132.55, 33]","[131.38, 48]","[301.86, 14]","[383.19, 21]",217.2,116,169.31,0.4
07:40:18,"[132.0, 32]","[131.0, 143]","[236.37, 19]","[369.4, 20]",184.18,214,104.37,0.64
07:40:19,"[132.22, 27]","[131.01, 161]","[233.76, 21]","[234.9, 31]",182.99,240,101.54,0.57
07:40:20,"[134.0, 39]","[132.0, 26]","[192.57, 21]","[196.65, 23]",163.29,109,58.57,0.19
07:40:21,"[134.25, 48]","[132.86, 42]","[190.3, 20]","[191.96, 52]",162.28,162,56.05,0.11
07:40:22,"[136.21, 38]","[134.27, 45]","[185.9, 60]","[187.35, 34]",161.06,177,49.69,-0.06
07:40:23,"[136.0, 18]","[132.55, 22]","[161.22, 36]","[178.0, 22]",148.61,98,25.22,-0.18
07:40:24,"[137.17, 65]","[135.56, 18]","[149.59, 54]","[166.16, 44]",143.38,181,12.42,-0.08
07:40:25,"[138.0, 64]","[136.0, 23]","[145.45, 56]","[145.93, 43]",141.72,186,7.45,-0.06
07:40:26,"[138.0, 52]","[136.0, 13]","[141.69, 52]","[144.0, 13]",139.85,130,3.69,0.0
07:40:27,"[138.0, 62]","[136.0, 17]","[139.6, 50]","[141.03, 35]",138.8,164,1.6,-0.04
07:40:28,"[135.23, 13]","[132.73, 22]","[138.81, 37]","[139.29, 28]",137.02,100,3.58,-0.3
07:40:29,"[134.0, 26]","[132.0, 20]","[136.0, 40]","[137.0, 10]",135.0,96,2.0,-0.04
07:40:30,"[132.96, 23]","[131.4, 40]","[134.68, 38]","[135.94, 32]",133.82,133,1.73,-0.05
07:40:31,"[131.0, 52]","[129.0, 126]","[176.86, 29]","[325.32, 25]",153.93,232,45.86,0.53
07:40:32,"[129.57, 56]","[128.88, 41]","[178.07, 30]","[180.13, 30]",153.82,157,48.5,0.24
07:40:33,"[129.01, 73]","[128.47, 17]","[173.61, 31]","[174.32, 44]",151.31,165,44.6,0.09
07:40:34,"[129.02, 61]","[128.42, 19]","[170.1, 51]","[171.52, 42]",149.56,173,41.08,-0.08
07:40:35,"[129.0, 189]","[128.0, 13]","[165.73, 49]","[167.05, 60]",147.37,311,36.73,0.3
07:40:36,"[129.0, 133]","[128.0, 11]","[163.1, 49]","[164.32, 38]",146.05,231,34.1,0.25
07:40:37,"[131.43, 101]","[128.9, 61]","[160.31, 45]","[162.04, 52]",145.87,259,28.89,0.25
07:40:38,"[136.0, 98]","[129.0, 154]","[155.53, 45]","[156.69, 51]",145.77,348,19.53,0.45
07:40:39,"[136.0, 70]","[129.0, 110]","[151.27, 30]","[152.93, 30]",143.63,240,15.27,0.5
07:40:40,"[136.0, 84]","[129.0, 132]","[148.32, 37]","[149.45, 47]",142.16,300,12.32,0.44
07:40:41,"[136.0, 134]","[129.66, 169]","[144.27, 74]","[145.83, 46]",140.14,423,8.27,0.43
07:40:42,"[136.0, 64]","[133.29, 42]","[143.14, 51]","[144.44, 32]",139.57,189,7.14,0.12
07:40:43,"[136.0, 21]","[134.0, 27]","[139.29, 34]","[140.22, 37]",137.65,119,3.29,-0.19
07:40:44,"[136.0, 68]","[134.0, 51]","[137.3, 40]","[138.14, 65]",136.65,224,1.3,0.06
07:40:45,"[134.11, 18]","[129.19, 80]","[135.77, 26]","[169.18, 22]",134.94,146,1.66,0.34
07:40:46,"[131.5, 98]","[128.97, 61]","[162.16, 38]","[467.43, 28]",146.83,225,30.66,0.41
07:40:47,"[132.0, 66]","[129.0, 66]","[250.76, 42]","[649.54, 35]",191.38,209,118.76,0.26
07:40:48,"[132.05, 40]","[129.07, 85]","[306.71, 70]","[542.69, 65]",219.38,260,174.66,-0.04
07:40:49,"[133.67, 12]","[132.0, 12]","[351.67, 45]","[451.13, 46]",242.67,115,218.0,-0.58
07:40:50,"[134.0, 26]","[132.0, 10]","[222.32, 38]","[223.38, 32]",178.16,106,88.32,-0.32
07:40:51,"[134.0, 108]","[132.0, 12]","[200.55, 44]","[220.7, 40]",167.27,204,66.55,0.18
07:40:52,"[134.1, 50]","[133.78, 45]","[182.61, 46]","[192.11, 37]",158.35,178,48.51,0.07
07:40:53,"[136.0, 10]","[134.0, 80]","[180.19, 43]","[181.02, 47]",158.09,180,44.19,0.0
07:40:54,"[136.0, 17]","[134.0, 136]","[176.19, 81]","[177.52, 81]",156.09,315,40.19,-0.03
07:40:55,"[137.11, 36]","[134.22, 54]","[171.31, 58]","[172.36, 50]",154.21,198,34.2,-0.09
07:40:56,"[137.74, 23]","[134.29, 28]","[171.0, 35]","[172.0, 28]",154.37,114,33.26,-0.11
07:40:57,"[135.11, 18]","[133.9, 89]","[170.38, 65]","[172.0, 52]",152.75,224,35.27,-0.04
07:40:58,"[134.0, 12]","[133.0, 36]","[154.28, 50]","[162.19, 36]",144.14,134,20.28,-0.28
07:40:59,"[129.78, 45]","[129.28, 121]","[149.79, 71]","[154.81, 64]",139.78,301,20.01,0.1
07:41:00,"[130.44, 32]","[129.0, 176]","[145.0, 72]","[145.96, 76]",137.72,356,14.56,0.17
07:41:01,"[131.0, 28]","[129.0, 142]","[141.0, 69]","[142.56, 57]",136.0,296,10.0,0.15
07:41:02,"[128.88, 24]","[127.29, 52]","[138.98, 58]","[141.1, 40]",133.93,174,10.11,-0.13
07:41:03,"[129.0, 39]","[128.0, 13]","[135.6, 53]","[136.68, 50]",132.3,155,6.6,-0.33
07:41:04,"[129.0, 41]","[128.0, 13]","[130.15, 26]","[132.0, 39]",129.58,119,1.15,-0.09
07:41:05,"[127.24, 29]","[96.82, 66]","[160.36, 28]","[210.5, 40]",143.8,163,33.12,0.17
07:41:06,"[121.05, 21]","[87.94, 32]","[149.0, 8]","[239.12, 32]",135.02,93,27.95,0.14
07:41:07,"[111.29, 28]","[77.23, 57]","[245.88, 34]","[455.75, 40]",178.58,159,134.6,0.07
07:41:08,"[126.36, 11]","[120.1, 20]","[206.0, 12]","[351.44, 25]",166.18,68,79.64,-0.09
07:41:09,"[130.38, 8]","[129.13, 15]","[212.4, 20]","[322.25, 16]",171.39,59,82.03,-0.22
07:41:10,"[131.8, 10]","[73.0, 18]","[330.46, 24]","[533.23, 30]",231.13,82,198.66,-0.32
07:41:11,"[129.0, 16]","[108.8, 10]","[437.0, 12]","[698.0, 4]",283.0,42,308.0,0.24
07:41:12,"[130.38, 52]","[116.0, 16]","[161.69, 13]","[318.43, 21]",146.04,102,31.31,0.33
07:41:13,"[131.0, 36]","[123.0, 41]","[159.0, 9]","[363.78, 9]",145.0,95,28.0,0.62
07:41:14,"[131.91, 35]","[128.92, 48]","[158.3, 10]","[202.0, 10]",145.11,103,26.39,0.61
07:41:15,"[131.0, 15]","[127.0, 30]","[157.2, 5]","[202.0, 5]",144.1,55,26.2,0.64
07:41:16,"[128.6, 45]","[122.14, 42]","[153.92, 12]","[202.0, 12]",141.26,111,25.32,0.57
07:41:17,"[127.0, 24]","[95.5, 6]","[152.0, 6]","[362.55, 22]",139.5,58,25.0,0.03
07:41:18,"[127.0, 36]","[98.0, 9]","[151.78, 9]","[623.86, 28]",139.39,82,24.78,0.1
07:41:19,"[129.5, 20]","[127.43, 35]","[150.5, 16]","[518.93, 27]",140.0,98,21.0,0.12
07:41:20,"[133.22, 23]","[127.88, 34]","[147.66, 35]","[148.9, 20]",140.44,112,14.44,0.02
07:41:21,"[128.0, 21]","[127.0, 28]","[146.17, 24]","[147.38, 13]",137.08,86,18.17,0.14
07:41:22,"[128.0, 29]","[126.08, 37]","[140.0, 38]","[142.91, 22]",134.0,126,12.0,0.05
07:41:23,"[129.0, 16]","[111.2, 20]","[135.7, 37]","[137.31, 13]",132.35,86,6.7,-0.16
07:41:24,"[109.45, 33]","[61.3, 60]","[133.08, 50]","[134.33, 51]",121.27,194,23.63,-0.04
07:41:25,"[132.5, 26]","[123.27, 22]","[134.25, 12]","[142.83, 24]",133.38,84,1.75,0.14
07:41:26,"[133.0, 6]","[132.0, 18]","[134.0, 6]","[197.0, 6]",133.5,36,1.0,0.33
07:41:27,"[132.12, 17]","[130.12, 16]","[209.82, 11]","[421.45, 11]",170.97,55,77.7,0.2
07:41:28,"[132.0, 12]","[130.33, 12]","[240.4, 5]","[467.0, 5]",186.2,34,108.4,0.41
07:41:29,"[132.33, 12]","[130.95, 19]","[150.0, 12]","[187.0, 6]",141.17,49,17.67,0.27
07:41:30,"[129.0, 18]","[127.0, 36]","[228.5, 12]","[400.44, 9]",178.75,75,99.5,0.44
07:41:31,"[127.35, 20]","[122.39, 23]","[233.11, 9]","[347.89, 9]",180.23,61,105.76,0.41
07:41:32,"[129.74, 19]","[127.67, 9]","[138.0, 7]","[266.14, 7]",133.87,42,8.26,0.33
07:41:33,"[128.25, 8]","[119.41, 17]","[337.78, 9]","[598.36, 14]",233.01,48,209.53,0.04
07:41:34,"[134.0, 16]","[117.82, 11]","[518.0, 14]","[651.0, 7]",326.0,48,384.0,0.12
07:41:35,"[136.0, 32]","[128.0, 8]","[488.0, 16]","[651.0, 4]",312.0,60,352.0,0.33
07:41:36,"[131.55, 20]","[94.25, 16]","[400.38, 16]","[438.0, 14]",265.96,66,268.82,0.09
07:41:37,"[117.14, 14]","[93.4, 10]","[120.0, 12]","[304.0, 9]",118.57,45,2.86,0.07
07:41:38,"[117.0, 15]","[89.0, 5]","[120.0, 10]","[122.0, 5]",118.5,35,3.0,0.14
07:41:39,"[118.0, 21]","[117.0, 21]","[121.11, 9]","[124.61, 23]",119.56,74,3.11,0.14
07:41:40,"[118.83, 36]","[117.0, 36]","[123.5, 12]","[125.33, 36]",121.17,120,4.67,0.2
07:41:41,"[122.25, 12]","[119.25, 12]","[125.0, 4]","[126.0, 8]",123.62,36,2.75,0.33
07:41:42,"[123.0, 24]","[120.0, 24]","[125.12, 8]","[135.75, 16]",124.06,72,2.12,0.33
07:41:43,"[121.04, 28]","[92.5, 24]","[126.0, 8]","[311.75, 16]",123.52,76,4.96,0.37
07:41:44,"[122.09, 34]","[121.08, 26]","[126.0, 9]","[316.89, 18]",124.04,87,3.91,0.38
07:41:45,"[132.05, 39]","[117.95, 22]","[263.68, 19]","[340.82, 22]",197.87,102,131.63,0.2
07:41:46,"[137.0, 70]","[134.0, 14]","[296.72, 61]","[472.62, 58]",216.86,203,159.72,-0.17
07:41:47,"[137.0, 55]","[134.0, 11]","[148.0, 55]","[217.38, 52]",142.5,173,11.0,-0.24
07:41:48,"[136.96, 27]","[133.71, 7]","[148.0, 35]","[229.14, 14]",142.48,83,11.04,-0.18
07:41:49,"[133.14, 14]","[113.62, 52]","[149.75, 64]","[264.74, 31]",141.45,161,16.61,-0.18
07:41:50,"[132.09, 11]","[129.12, 64]","[310.0, 18]","[519.67, 45]",221.05,138,177.91,0.09
07:41:51,"[133.71, 7]","[132.0, 21]","[310.0, 14]","[535.12, 24]",221.86,66,176.29,-0.15
07:41:52,"[134.0, 32]","[132.0, 36]","[309.05, 37]","[382.33, 54]",221.53,159,175.05,-0.14
07:41:53,"[132.67, 27]","[131.6, 15]","[302.56, 27]","[342.0, 27]",217.61,96,169.89,-0.12
07:41:54,"[129.15, 177]","[71.61, 61]","[298.4, 53]","[403.56, 59]",213.77,350,169.24,0.36
07:41:55,"[129.0, 120]","[76.69, 52]","[296.47, 34]","[297.71, 31]",212.74,237,167.47,0.45
07:41:56,"[129.0, 110]","[54.6, 60]","[293.06, 32]","[294.29, 28]",211.03,230,164.06,0.48
07:41:57,"[129.0, 88]","[98.0, 27]","[279.67, 43]","[289.55, 40]",204.34,198,150.67,0.16
07:41:58,"[133.32, 50]","[128.23, 44]","[228.33, 27]","[231.23, 22]",180.83,143,95.01,0.31
07:41:59,"[135.0, 90]","[129.78, 51]","[151.84, 43]","[152.7, 53]",143.42,237,16.84,0.19
07:42:00,"[135.0, 60]","[130.0, 22]","[149.86, 29]","[151.0, 30]",142.43,141,14.86,0.16
07:42:01,"[135.0, 54]","[130.0, 27]","[147.0, 18]","[148.0, 27]",141.0,126,12.0,0.29
07:42:02,"[135.0, 56]","[130.0, 33]","[145.21, 33]","[146.07, 30]",140.11,152,10.21,0.17
07:42:03,"[132.86, 14]","[129.56, 27]","[142.44, 27]","[143.57, 23]",137.65,91,9.59,-0.1
07:42:04,"[129.24, 33]","[128.4, 50]","[139.69, 29]","[140.52, 27]",134.47,139,10.45,0.19
07:42:05,"[133.04, 27]","[131.67, 57]","[135.97, 40]","[137.5, 28]",134.51,152,2.94,0.11
07:42:06,"[130.84, 45]","[129.78, 46]","[134.2, 20]","[135.0, 16]",132.52,127,3.36,0.43
07:42:07,"[130.0, 106]","[129.0, 90]","[131.72, 36]","[133.22, 36]",130.86,268,1.72,0.46
07:42:08,"[129.0, 27]","[128.0, 54]","[131.56, 18]","[315.67, 30]",130.28,129,2.56,0.26
07:42:09,"[128.89, 37]","[127.99, 67]","[350.85, 33]","[576.5, 20]",239.87,157,221.96,0.32
07:42:10,"[128.0, 44]","[127.0, 11]","[332.64, 55]","[492.73, 33]",230.32,143,204.64,-0.23
07:42:11,"[126.73, 15]","[104.13, 23]","[414.22, 32]","[470.3, 50]",270.48,120,287.49,-0.37
07:42:12,"[115.83, 12]","[99.75, 12]","[202.0, 8]","[449.0, 40]",158.92,72,86.17,-0.33
07:42:13,"[105.62, 16]","[38.0, 8]","[437.46, 24]","[471.05, 39]",271.54,87,331.83,-0.45
07:42:14,"[125.0, 20]","[64.3, 10]","[339.27, 30]","[370.45, 38]",232.13,98,214.27,-0.39
07:42:15,"[101.0, 14]","[52.4, 10]","[225.2, 25]","[223.91, 32]",163.1,81,124.2,-0.41
07:42:16,"[101.43, 7]","[101.0, 1]","[120.82, 17]","[123.62, 13]",111.13,38,19.39,-0.58
07:42:17,"[102.71, 21]","[87.86, 7]","[121.0, 22]","[124.0, 21]",111.86,71,18.29,-0.21
07:42:18,"[104.0, 15]","[25.0, 1]","[121.0, 13]","[124.0, 15]",112.5,44,17.0,-0.27
07:42:19,"[104.67, 9]","[0, 0]","[278.67, 3]","[329.2, 10]",191.67,22,174.0,-0.18
07:42:20,"[113.36, 14]","[112.5, 12]","[576.29, 7]","[775.0, 21]",344.82,54,462.93,-0.04
07:42:21,"[121.0, 5]","[120.0, 3]","[472.33, 6]","[635.0, 3]",296.67,17,351.33,-0.06
07:42:22,"[130.55, 20]","[129.78, 32]","[300.0, 32]","[480.16, 31]",215.28,115,169.45,-0.1
07:42:23,"[135.0, 22]","[132.0, 8]","[286.44, 18]","[527.67, 18]",210.72,66,151.44,-0.09
07:42:24,"[131.92, 26]","[129.5, 8]","[270.38, 16]","[509.26, 19]",201.15,69,138.45,-0.01
07:42:25,"[131.0, 24]","[128.0, 18]","[268.0, 12]","[520.67, 18]",199.5,72,137.0,0.17
07:42:26,"[132.25, 32]","[131.38, 26]","[238.9, 20]","[292.71, 17]",185.57,95,106.65,0.22
07:42:27,"[134.29, 34]","[133.33, 36]","[222.89, 18]","[333.32, 19]",178.59,107,88.59,0.31
07:42:28,"[135.44, 18]","[134.17, 24]","[224.43, 14]","[434.7, 20]",179.94,76,88.98,0.11
07:42:29,"[136.0, 24]","[135.0, 12]","[209.83, 12]","[214.83, 12]",172.92,60,73.83,0.2
07:42:30,"[136.38, 32]","[135.0, 16]","[209.0, 16]","[211.0, 16]",172.69,80,72.62,0.2
07:42:31,"[137.0, 20]","[135.0, 10]","[207.8, 10]","[426.6, 10]",172.4,50,70.8,0.2
07:42:32,"[137.0, 44]","[135.0, 22]","[205.64, 22]","[500.9, 21]",171.32,109,68.64,0.21
07:42:33,"[137.0, 36]","[135.0, 18]","[205.0, 18]","[487.11, 19]",171.0,91,68.0,0.19
07:42:34,"[137.0, 32]","[135.0, 16]","[196.0, 16]","[282.75, 16]",166.5,80,59.0,0.2
07:42:35,"[137.0, 32]","[135.0, 26]","[191.31, 26]","[195.0, 26]",164.15,110,54.31,0.05
07:42:36,"[137.0, 20]","[135.0, 20]","[188.9, 20]","[191.0, 20]",162.95,80,51.9,0.0
07:42:37,"[137.0, 18]","[135.0, 24]","[186.5, 24]","[188.0, 24]",161.75,90,49.5,-0.07
07:42:38,"[130.21, 33]","[128.54, 26]","[183.5, 20]","[184.52, 23]",156.86,102,53.29,0.16
07:42:39,"[129.14, 28]","[127.67, 18]","[170.4, 20]","[183.38, 26]",149.77,92,41.26,0.0
07:42:40,"[131.08, 24]","[127.68, 22]","[149.9, 31]","[152.53, 43]",140.49,120,18.82,-0.23
07:42:41,"[136.0, 59]","[128.0, 17]","[146.13, 45]","[147.82, 39]",141.07,160,10.13,-0.05
07:42:42,"[132.59, 17]","[115.29, 17]","[138.09, 35]","[139.4, 30]",135.34,99,5.5,-0.31
07:42:43,"[129.41, 34]","[127.5, 24]","[133.7, 44]","[134.94, 32]",131.56,134,4.29,-0.13
07:42:44,"[127.6, 60]","[118.95, 40]","[131.17, 36]","[132.45, 22]",129.38,158,3.57,0.27
07:42:45,"[128.12, 108]","[126.21, 86]","[130.77, 31]","[296.09, 34]",129.45,259,2.65,0.5
07:42:46,"[128.93, 61]","[127.76, 34]","[130.0, 15]","[133.13, 30]",129.47,140,1.07,0.36
07:42:47,"[130.07, 28]","[127.0, 32]","[136.43, 47]","[276.11, 35]",133.25,142,6.35,-0.15
07:42:48,"[130.96, 57]","[128.11, 35]","[136.0, 30]","[433.59, 34]",133.48,156,5.04,0.18
07:42:49,"[131.73, 37]","[129.79, 28]","[137.86, 28]","[576.29, 28]",134.79,121,6.13,0.07
07:42:50,"[132.71, 14]","[131.71, 14]","[136.89, 27]","[137.82, 22]",134.8,77,4.17,-0.27
07:42:51,"[131.89, 18]","[129.92, 25]","[134.23, 31]","[135.68, 31]",133.06,105,2.34,-0.18
07:42:52,"[131.69, 13]","[128.75, 24]","[134.2, 20]","[141.0, 10]",132.95,67,2.51,0.1
07:42:53,"[131.14, 21]","[128.07, 83]","[138.36, 11]","[157.29, 21]",134.75,136,7.22,0.53
07:42:54,"[134.89, 36]","[128.93, 41]","[138.0, 10]","[237.3, 20]",136.44,107,3.11,0.44
07:42:55,"[131.0, 20]","[129.0, 20]","[137.0, 10]","[462.0, 20]",134.0,70,6.0,0.14
07:42:56,"[128.58, 24]","[127.84, 38]","[134.29, 7]","[452.5, 12]",131.43,81,5.7,0.53
07:42:57,"[128.17, 36]","[127.17, 48]","[132.44, 9]","[458.65, 17]",130.31,110,4.28,0.53
07:42:58,"[128.0, 12]","[126.0, 8]","[131.0, 2]","[462.0, 4]",129.5,26,3.0,0.54
07:42:59,"[128.15, 39]","[126.86, 42]","[174.33, 18]","[218.52, 27]",151.24,126,46.18,0.29
07:43:00,"[128.0, 18]","[124.0, 12]","[196.0, 12]","[304.0, 5]",162.0,47,68.0,0.28
07:43:01,"[128.0, 42]","[124.0, 36]","[182.57, 23]","[213.29, 17]",155.28,118,54.57,0.32
07:43:02,"[128.0, 28]","[124.0, 28]","[173.0, 14]","[195.0, 7]",150.5,77,45.0,0.45
07:43:03,"[125.54, 26]","[109.6, 40]","[171.46, 13]","[175.2, 20]",148.5,99,45.92,0.33
07:43:04,"[130.67, 36]","[106.0, 44]","[151.86, 14]","[162.81, 16]",141.26,110,21.19,0.45
07:43:05,"[114.31, 39]","[99.53, 45]","[135.07, 15]","[143.11, 9]",124.69,108,20.76,0.56
07:43:06,"[111.8, 60]","[49.5, 36]","[125.25, 16]","[128.25, 16]",118.53,128,13.45,0.5
07:43:07,"[79.86, 14]","[56.65, 31]","[120.2, 25]","[125.71, 14]",100.03,84,40.34,0.07
07:43:08,"[114.0, 28]","[98.3, 23]","[118.0, 7]","[119.0, 35]",116.0,93,4.0,0.1
07:43:09,"[88.36, 47]","[78.6, 40]","[120.62, 24]","[125.6, 20]",104.49,131,32.26,0.33
07:43:10,"[81.26, 23]","[70.38, 26]","[122.0, 17]","[124.8, 10]",101.63,76,40.74,0.29
07:43:11,"[95.0, 10]","[93.33, 12]","[122.57, 14]","[242.5, 16]",108.79,52,27.57,-0.15
07:43:12,"[111.43, 74]","[107.48, 46]","[126.0, 20]","[295.5, 48]",118.72,188,14.57,0.28
07:43:13,"[116.6, 20]","[116.04, 45]","[125.47, 17]","[249.27, 22]",121.04,104,8.87,0.25
07:43:14,"[119.0, 16]","[118.0, 8]","[125.0, 24]","[126.0, 16]",122.0,64,6.0,-0.25
07:43:15,"[121.1, 10]","[119.29, 14]","[125.67, 18]","[275.41, 34]",123.38,76,4.57,-0.37
07:43:16,"[123.11, 18]","[122.11, 18]","[126.0, 18]","[304.0, 45]",124.56,99,2.89,-0.27
07:43:17,"[124.75, 40]","[123.38, 16]","[137.33, 18]","[290.97, 39]",131.04,113,12.58,-0.01
07:43:18,"[127.89, 38]","[128.42, 38]","[177.0, 40]","[352.4, 50]",152.45,166,49.11,-0.08
07:43:19,"[134.85, 26]","[133.45, 44]","[315.7, 63]","[392.8, 49]",225.27,182,180.85,-0.23
07:43:20,"[134.33, 15]","[133.31, 32]","[264.0, 35]","[436.11, 27]",199.17,109,129.67,-0.14
07:43:21,"[133.5, 30]","[132.43, 35]","[336.62, 40]","[372.9, 41]",235.06,146,203.12,-0.11
07:43:22,"[136.0, 7]","[133.06, 32]","[314.41, 29]","[315.6, 30]",225.21,98,178.41,-0.2
07:43:23,"[133.17, 35]","[131.46, 26]","[310.64, 47]","[312.06, 48]",221.9,156,177.47,-0.22
07:43:24,"[133.84, 172]","[131.91, 33]","[304.51, 55]","[307.28, 53]",219.18,313,170.67,0.31
07:43:25,"[134.0, 296]","[133.0, 30]","[300.82, 33]","[302.3, 40]",217.41,399,166.82,0.63
07:43:26,"[134.32, 488]","[133.15, 39]","[263.1, 59]","[266.88, 66]",198.71,652,128.78,0.62
07:43:27,"[135.0, 300]","[134.0, 12]","[206.02, 43]","[217.49, 41]",170.51,396,71.02,0.58
07:43:28,"[135.42, 300]","[134.0, 24]","[168.76, 42]","[170.0, 48]",152.09,414,33.35,0.57
07:43:29,"[136.0, 400]","[134.0, 80]","[165.23, 56]","[166.39, 57]",150.62,593,29.23,0.62
07:43:30,"[136.0, 354]","[134.0, 75]","[161.8, 60]","[162.93, 56]",148.9,545,25.8,0.57
07:43:31,"[136.18, 374]","[134.0, 85]","[158.48, 66]","[159.87, 62]",147.33,587,22.31,0.56
07:43:32,"[137.64, 308]","[134.31, 71]","[154.76, 58]","[156.0, 48]",146.2,485,17.12,0.56
07:43:33,"[138.0, 264]","[136.0, 84]","[151.9, 49]","[152.93, 59]",144.95,456,13.9,0.53
07:43:34,"[138.0, 288]","[136.0, 112]","[148.94, 71]","[149.84, 67]",143.47,538,10.94,0.49
07:43:35,"[138.0, 250]","[136.0, 98]","[143.34, 56]","[144.2, 60]",140.67,464,5.34,0.5
07:43:36,"[138.0, 115]","[136.0, 70]","[139.25, 40]","[149.28, 46]",138.62,271,1.25,0.37
07:43:37,"[137.48, 27]","[135.87, 75]","[148.45, 44]","[219.82, 44]",142.97,190,10.97,0.07
07:43:38,"[136.0, 63]","[134.0, 45]","[388.53, 38]","[582.38, 37]",262.26,183,252.53,0.18
07:43:39,"[136.0, 77]","[134.0, 55]","[242.02, 53]","[414.0, 46]",189.01,231,106.02,0.14
07:43:40,"[136.0, 70]","[134.0, 50]","[250.53, 38]","[283.89, 36]",193.26,194,114.53,0.24
07:43:41,"[136.0, 32]","[134.0, 40]","[248.53, 19]","[249.68, 37]",192.26,128,112.53,0.12
07:43:42,"[135.38, 64]","[133.75, 63]","[204.56, 39]","[247.38, 48]",169.97,214,69.19,0.19
07:43:43,"[134.0, 60]","[132.0, 24]","[214.33, 36]","[245.0, 30]",174.17,150,80.33,0.12
07:43:44,"[134.0, 25]","[132.0, 10]","[242.0, 10]","[243.0, 25]",188.0,70,108.0,0.0
07:43:45,"[134.0, 65]","[132.92, 26]","[239.21, 38]","[240.84, 38]",186.61,167,105.21,0.09
07:43:46,"[134.0, 28]","[133.0, 16]","[236.26, 19]","[237.05, 37]",185.13,100,102.26,-0.12
07:43:47,"[134.0, 42]","[133.0, 36]","[235.71, 48]","[237.0, 78]",184.85,204,101.71,-0.24
07:43:48,"[133.13, 46]","[131.92, 24]","[230.97, 37]","[233.9, 61]",182.05,168,97.84,-0.17
07:43:49,"[134.43, 56]","[132.0, 28]","[217.84, 68]","[228.41, 34]",176.13,186,83.41,-0.1
07:43:50,"[135.88, 64]","[132.38, 32]","[157.42, 53]","[227.06, 62]",146.65,211,21.54,-0.09
07:43:51,"[135.71, 28]","[131.89, 18]","[161.02, 43]","[170.36, 33]",148.37,122,25.31,-0.25
07:43:52,"[132.0, 12]","[131.0, 12]","[144.0, 54]","[145.25, 40]",138.0,118,12.0,-0.59
07:43:53,"[133.84, 25]","[131.85, 13]","[141.32, 47]","[142.36, 59]",137.58,144,7.48,-0.47
07:43:54,"[134.99, 74]","[133.33, 33]","[137.36, 110]","[139.59, 110]",136.18,327,2.38,-0.35
07:43:55,"[132.95, 22]","[131.88, 8]","[134.88, 40]","[177.72, 39]",133.91,109,1.92,-0.45
07:43:56,"[132.0, 6]","[131.0, 6]","[133.33, 15]","[187.79, 29]",132.67,56,1.33,-0.57
07:43:57,"[129.36, 39]","[128.74, 76]","[172.08, 24]","[194.0, 47]",150.72,186,42.72,0.24
07:43:58,"[129.0, 64]","[128.0, 40]","[234.38, 26]","[242.82, 22]",181.69,152,105.38,0.37
07:43:59,"[129.33, 54]","[128.62, 78]","[150.8, 40]","[156.33, 24]",140.07,196,21.47,0.35
07:44:00,"[129.14, 63]","[128.32, 74]","[149.82, 44]","[152.0, 40]",139.48,221,20.68,0.24
07:44:01,"[129.0, 44]","[127.65, 69]","[147.95, 42]","[151.47, 30]",138.48,185,18.95,0.22
07:44:02,"[130.2, 40]","[127.42, 52]","[147.0, 20]","[148.0, 40]",138.6,152,16.8,0.21
07:44:03,"[132.0, 45]","[128.47, 17]","[147.0, 18]","[148.0, 36]",139.5,116,15.0,0.07
07:44:04,"[131.86, 42]","[128.38, 29]","[143.14, 56]","[144.15, 59]",137.5,186,11.29,-0.24
07:44:05,"[132.0, 28]","[129.0, 14]","[136.67, 60]","[137.71, 49]",134.33,151,4.67,-0.44
07:44:06,"[128.36, 132]","[126.82, 22]","[133.38, 69]","[134.6, 35]",130.87,258,5.01,0.19
07:44:07,"[128.0, 120]","[126.0, 16]","[145.52, 27]","[343.41, 39]",136.76,202,17.52,0.35
07:44:08,"[128.0, 154]","[126.0, 28]","[241.46, 61]","[364.55, 64]",184.73,307,113.46,0.19
07:44:09,"[129.05, 22]","[128.09, 23]","[161.25, 40]","[239.0, 40]",145.15,125,32.2,-0.28
07:44:10,"[130.23, 13]","[128.5, 20]","[134.89, 27]","[277.08, 25]",132.56,85,4.66,-0.22
07:44:11,"[128.67, 30]","[127.33, 30]","[261.07, 29]","[279.89, 37]",194.87,126,132.4,-0.05
07:44:12,"[126.78, 23]","[77.53, 43]","[358.81, 16]","[371.18, 33]",242.8,115,232.03,0.15
07:44:13,"[126.0, 26]","[100.67, 48]","[265.6, 25]","[221.27, 55]",195.8,154,139.6,-0.04
07:44:14,"[126.0, 26]","[108.68, 68]","[284.0, 28]","[339.04, 48]",205.0,170,158.0,0.11
07:44:15,"[122.86, 21]","[71.36, 56]","[171.09, 23]","[335.0, 38]",146.97,138,48.23,0.12
07:44:16,"[80.87, 47]","[79.48, 27]","[146.38, 21]","[218.41, 34]",113.63,129,65.51,0.15
07:44:17,"[104.0, 55]","[90.93, 95]","[157.33, 39]","[239.75, 16]",130.67,205,53.33,0.46
07:44:18,"[112.49, 53]","[66.62, 39]","[293.92, 25]","[579.59, 17]",203.21,134,181.43,0.37
07:44:19,"[118.15, 41]","[92.05, 56]","[191.0, 22]","[544.0, 11]",154.57,130,72.85,0.49
07:44:20,"[135.11, 45]","[107.68, 57]","[393.74, 38]","[567.5, 46]",264.42,186,258.63,0.1
07:44:21,"[136.73, 55]","[134.0, 11]","[341.4, 20]","[389.82, 22]",239.06,108,204.67,0.22
07:44:22,"[137.0, 61]","[134.0, 15]","[173.2, 30]","[310.14, 35]",155.1,141,36.2,0.08
07:44:23,"[138.0, 30]","[134.0, 10]","[173.0, 20]","[348.95, 38]",155.5,98,35.0,-0.18
07:44:24,"[138.0, 33]","[134.0, 11]","[173.0, 22]","[241.91, 22]",155.5,88,35.0,0.0
07:44:25,"[138.0, 36]","[134.0, 12]","[171.0, 30]","[205.77, 26]",154.5,104,33.0,-0.08
07:44:26,"[132.91, 99]","[124.53, 51]","[168.47, 34]","[210.59, 34]",150.69,218,35.56,0.38
07:44:27,"[131.0, 117]","[123.68, 57]","[159.97, 29]","[170.48, 31]",145.48,234,28.97,0.49
07:44:28,"[131.18, 135]","[120.9, 100]","[142.22, 46]","[152.78, 36]",136.7,317,11.04,0.48
07:44:29,"[131.15, 54]","[126.56, 45]","[140.33, 30]","[141.92, 25]",135.74,154,9.19,0.29
07:44:30,"[131.5, 30]","[129.38, 37]","[137.0, 16]","[140.0, 24]",134.25,107,5.5,0.25
07:44:31,"[131.73, 37]","[130.25, 53]","[134.52, 27]","[173.07, 28]",133.12,145,2.79,0.24
07:44:32,"[132.72, 25]","[131.44, 63]","[134.0, 39]","[307.85, 26]",133.36,153,1.28,0.15
07:44:33,"[131.71, 21]","[128.65, 23]","[167.12, 17]","[300.0, 12]",149.42,73,35.4,0.21
07:44:34,"[131.0, 32]","[127.15, 47]","[185.18, 22]","[297.5, 16]",158.09,117,54.18,0.35
07:44:35,"[131.0, 40]","[128.0, 90]","[305.75, 32]","[437.13, 23]",218.38,185,174.75,0.41
07:44:36,"[134.0, 30]","[129.41, 51]","[345.44, 27]","[419.0, 28]",239.72,136,211.44,0.19
07:44:37,"[136.0, 12]","[131.0, 32]","[347.0, 22]","[493.0, 18]",241.5,84,211.0,0.05
07:44:38,"[136.0, 10]","[131.0, 40]","[291.39, 36]","[309.0, 33]",213.69,119,155.39,-0.16
07:44:39,"[130.6, 20]","[129.03, 87]","[281.22, 27]","[285.42, 24]",205.91,158,150.62,0.35
07:44:40,"[129.58, 62]","[128.22, 46]","[280.83, 18]","[394.76, 21]",205.21,147,151.25,0.47
07:44:41,"[130.05, 95]","[129.42, 43]","[278.75, 16]","[371.0, 14]",204.4,168,148.7,0.64
07:44:42,"[131.7, 128]","[130.12, 164]","[277.28, 25]","[278.29, 35]",204.49,352,145.58,0.66
07:44:43,"[132.0, 208]","[131.0, 56]","[216.0, 32]","[248.52, 29]",174.0,325,84.0,0.62
07:44:44,"[132.19, 162]","[130.01, 71]","[201.53, 34]","[214.8, 40]",166.86,307,69.34,0.52
07:44:45,"[133.0, 60]","[129.0, 42]","[170.67, 15]","[175.58, 19]",151.83,136,37.67,0.5
07:44:46,"[133.0, 120]","[130.81, 73]","[167.29, 17]","[168.53, 19]",150.15,229,34.29,0.69
07:44:47,"[133.0, 64]","[131.0, 48]","[165.23, 13]","[166.55, 11]",149.12,136,32.23,0.65
07:44:48,"[133.0, 57]","[131.0, 60]","[163.83, 24]","[164.55, 22]",148.42,163,30.83,0.44
07:44:49,"[133.0, 18]","[131.0, 36]","[162.0, 18]","[163.0, 12]",147.5,84,29.0,0.29
07:44:50,"[133.0, 24]","[131.0, 48]","[161.13, 23]","[162.12, 17]",147.07,112,28.13,0.29
07:44:51,"[133.0, 21]","[131.0, 42]","[157.65, 20]","[160.8, 15]",145.32,98,24.65,0.29
07:44:52,"[133.0, 39]","[131.0, 78]","[156.43, 40]","[157.4, 43]",144.71,200,23.43,0.17
07:44:53,"[133.0, 28]","[131.0, 78]","[152.34, 38]","[153.56, 27]",142.67,171,19.34,0.24
07:44:54,"[131.52, 25]","[129.64, 75]","[149.71, 21]","[154.36, 28]",140.62,149,18.19,0.34
07:44:55,"[132.14, 7]","[131.0, 42]","[148.6, 25]","[149.71, 21]",140.37,95,16.46,0.03
07:44:56,"[133.0, 10]","[131.18, 51]","[137.23, 31]","[139.16, 31]",135.11,123,4.23,-0.01
07:44:57,"[132.25, 24]","[131.08, 39]","[135.0, 21]","[147.31, 32]",133.62,116,2.75,0.09
07:44:58,"[133.75, 24]","[132.07, 29]","[144.08, 49]","[223.85, 41]",138.92,143,10.33,-0.26
07:44:59,"[131.67, 36]","[129.24, 101]","[143.45, 55]","[232.18, 33]",137.56,225,11.79,0.22
07:45:00,"[131.0, 86]","[129.83, 115]","[142.32, 25]","[143.89, 81]",136.66,307,11.32,0.31
07:45:01,"[131.0, 26]","[129.15, 196]","[139.54, 13]","[143.0, 65]",135.27,300,8.54,0.48
07:45:02,"[131.74, 46]","[129.33, 102]","[134.92, 65]","[135.9, 29]",133.33,242,3.18,0.22
07:45:03,"[131.75, 72]","[129.29, 101]","[133.68, 34]","[259.79, 29]",132.71,236,1.93,0.47
07:45:04,"[132.0, 63]","[131.0, 14]","[133.86, 14]","[236.29, 14]",132.93,105,1.86,0.47
07:45:05,"[132.0, 95]","[129.02, 207]","[188.0, 24]","[369.07, 27]",160.0,353,56.0,0.71
07:45:06,"[132.28, 58]","[129.5, 143]","[273.27, 22]","[422.55, 31]",202.77,254,141.0,0.58
07:45:07,"[132.13, 90]","[129.29, 188]","[320.27, 30]","[428.62, 47]",226.2,355,188.13,0.57
07:45:08,"[132.31, 49]","[129.78, 115]","[193.55, 44]","[313.17, 24]",162.93,232,61.24,0.41
07:45:09,"[133.56, 27]","[132.0, 54]","[190.43, 42]","[200.0, 18]",161.99,141,56.87,0.15
07:45:10,"[134.11, 27]","[132.0, 54]","[189.0, 36]","[206.19, 21]",161.56,138,54.89,0.17
07:45:11,"[135.4, 30]","[132.0, 60]","[188.1, 40]","[301.8, 20]",161.75,150,52.7,0.2
07:45:12,"[136.86, 21]","[132.12, 34]","[183.2, 30]","[184.97, 33]",160.03,118,46.34,-0.07
07:45:13,"[137.57, 21]","[132.0, 60]","[181.5, 40]","[199.5, 48]",159.54,169,43.93,-0.04
07:45:14,"[133.4, 43]","[131.46, 65]","[178.87, 53]","[194.04, 53]",156.13,214,45.47,0.01
07:45:15,"[132.0, 30]","[131.0, 50]","[143.73, 45]","[153.55, 40]",137.87,165,11.73,-0.03
07:45:16,"[133.19, 54]","[131.47, 57]","[136.8, 60]","[137.84, 62]",134.99,233,3.61,-0.05
07:45:17,"[131.86, 35]","[130.49, 67]","[134.17, 47]","[151.15, 52]",133.01,201,2.31,0.01
07:45:18,"[131.0, 60]","[129.0, 204]","[236.55, 22]","[331.17, 35]",183.77,321,105.55,0.64
07:45:19,"[136.0, 36]","[131.0, 30]","[294.0, 12]","[347.0, 24]",215.0,102,158.0,0.29
07:45:20,"[136.0, 72]","[131.0, 60]","[291.8, 54]","[317.83, 24]",213.9,210,155.8,0.26
07:45:21,"[136.0, 58]","[131.08, 52]","[291.0, 60]","[293.0, 24]",213.5,194,155.0,0.13
07:45:22,"[135.5, 24]","[131.4, 25]","[235.14, 37]","[246.87, 38]",185.32,124,99.64,-0.21
07:45:23,"[133.0, 8]","[131.0, 40]","[218.38, 26]","[224.25, 40]",175.69,114,85.38,-0.16
07:45:24,"[132.27, 11]","[130.79, 39]","[219.59, 37]","[222.25, 40]",175.93,127,87.32,-0.21
07:45:25,"[128.55, 22]","[127.15, 53]","[217.52, 23]","[218.96, 46]",173.03,144,88.98,0.04
07:45:26,"[128.94, 53]","[126.82, 99]","[216.12, 74]","[218.32, 47]",172.53,273,87.18,0.11
07:45:27,"[129.45, 11]","[128.68, 37]","[211.9, 48]","[214.79, 24]",170.68,120,82.44,-0.2
07:45:28,"[129.0, 10]","[128.0, 20]","[148.11, 35]","[149.13, 31]",138.56,96,19.11,-0.38
07:45:29,"[131.43, 23]","[128.1, 20]","[145.04, 25]","[146.08, 52]",138.24,120,13.61,-0.28
07:45:30,"[129.0, 13]","[128.0, 23]","[140.55, 47]","[143.36, 44]",134.78,127,11.55,-0.43
07:45:31,"[127.12, 64]","[80.66, 29]","[137.2, 49]","[137.94, 34]",132.16,176,10.08,0.06
07:45:32,"[128.97, 29]","[127.68, 88]","[133.45, 31]","[135.03, 67]",131.21,215,4.49,0.09
07:45:33,"[130.07, 56]","[128.67, 91]","[133.41, 51]","[135.52, 54]",131.74,252,3.34,0.17
07:45:34,"[128.38, 96]","[125.75, 96]","[130.61, 70]","[134.95, 40]",129.49,302,2.24,0.27
07:45:35,"[127.0, 8]","[125.0, 48]","[128.75, 32]","[308.25, 8]",127.88,96,1.75,0.17
07:45:36,"[125.36, 22]","[122.56, 27]","[133.74, 23]","[323.0, 7]",129.55,79,8.38,0.24
07:45:37,"[125.0, 54]","[116.75, 57]","[317.9, 29]","[434.33, 9]",221.45,149,192.9,0.49
07:45:38,"[131.29, 14]","[123.98, 55]","[408.57, 21]","[418.8, 15]",269.93,105,277.29,0.31
07:45:39,"[136.0, 7]","[125.95, 44]","[350.43, 21]","[352.0, 7]",243.21,79,214.43,0.29
07:45:40,"[136.0, 7]","[128.0, 49]","[264.08, 26]","[330.7, 20]",200.04,102,128.08,0.1
07:45:41,"[136.0, 6]","[128.0, 42]","[251.47, 19]","[394.05, 20]",193.74,87,115.47,0.1
07:45:42,"[131.59, 17]","[127.76, 74]","[213.94, 49]","[240.71, 49]",172.76,189,82.35,-0.04
07:45:43,"[132.75, 16]","[127.69, 32]","[154.97, 61]","[156.17, 54]",143.86,163,22.22,-0.41
07:45:44,"[132.0, 36]","[128.8, 20]","[150.87, 60]","[152.59, 73]",141.43,189,18.87,-0.41
07:45:45,"[132.0, 30]","[128.2, 25]","[143.85, 40]","[145.2, 50]",137.93,145,11.85,-0.24
07:45:46,"[132.0, 26]","[128.0, 26]","[137.74, 46]","[139.5, 32]",134.87,130,5.74,-0.2
07:45:47,"[130.07, 29]","[127.32, 62]","[133.15, 66]","[134.14, 58]",131.61,215,3.08,-0.15
07:45:48,"[127.44, 36]","[126.33, 72]","[131.08, 48]","[132.08, 48]",129.26,204,3.64,0.06
07:45:49,"[127.0, 50]","[125.0, 60]","[129.0, 34]","[130.43, 28]",128.0,172,2.0,0.28
07:45:50,"[125.17, 72]","[57.7, 46]","[127.37, 43]","[279.0, 46]",126.27,207,2.21,0.14
07:45:51,"[126.47, 75]","[47.94, 77]","[182.74, 35]","[226.69, 65]",154.6,252,56.28,0.21
07:45:52,"[136.54, 65]","[133.19, 47]","[283.6, 52]","[395.94, 51]",210.07,215,147.06,0.04
07:45:53,"[137.0, 18]","[136.0, 45]","[351.67, 36]","[521.9, 40]",244.33,139,214.67,-0.09
07:45:54,"[137.0, 8]","[136.0, 20]","[529.0, 16]","[584.0, 16]",333.0,60,392.0,-0.07
07:45:55,"[137.62, 16]","[136.0, 40]","[410.5, 32]","[584.0, 32]",274.06,120,272.88,-0.07
07:45:56,"[136.16, 25]","[133.25, 60]","[211.17, 12]","[276.0, 52]",173.66,149,75.01,0.14
07:45:57,"[133.38, 48]","[132.71, 21]","[209.11, 9]","[689.78, 36]",171.24,114,75.74,0.21
07:45:58,"[133.0, 72]","[129.75, 12]","[207.38, 8]","[391.0, 32]",170.19,124,74.38,0.35
07:45:59,"[133.0, 81]","[131.0, 9]","[180.18, 11]","[209.64, 22]",156.59,123,47.18,0.46
07:46:00,"[133.0, 81]","[131.0, 9]","[164.73, 15]","[195.71, 28]",148.87,133,31.73,0.35
07:46:01,"[133.0, 67]","[131.0, 11]","[162.27, 11]","[236.0, 44]",147.64,133,29.27,0.17
07:46:02,"[133.43, 42]","[132.67, 36]","[161.25, 12]","[357.16, 45]",147.34,135,27.82,0.16
07:46:03,"[135.56, 18]","[133.0, 45]","[161.0, 9]","[174.0, 36]",148.28,108,25.44,0.17
07:46:04,"[133.5, 42]","[132.67, 42]","[158.03, 30]","[163.86, 28]",145.77,142,24.53,0.18
07:46:05,"[133.0, 40]","[131.75, 20]","[156.0, 24]","[159.0, 20]",144.5,104,23.0,0.15
07:46:06,"[132.3, 50]","[131.68, 22]","[153.38, 24]","[154.44, 16]",142.84,112,21.07,0.29
07:46:07,"[132.0, 40]","[131.0, 8]","[149.31, 16]","[152.25, 16]",140.66,80,17.31,0.2
07:46:08,"[132.0, 75]","[131.0, 15]","[148.48, 31]","[149.28, 29]",140.24,150,16.48,0.2
07:46:09,"[132.41, 49]","[131.5, 20]","[143.59, 39]","[145.29, 21]",138.0,129,11.18,0.07
07:46:10,"[136.0, 12]","[132.0, 24]","[141.21, 14]","[142.06, 34]",138.61,84,5.21,-0.14
07:46:11,"[136.1, 10]","[132.21, 19]","[139.2, 10]","[141.6, 25]",137.65,64,3.1,-0.09
07:46:12,"[137.06, 16]","[136.0, 16]","[139.0, 16]","[141.82, 44]",138.03,92,1.94,-0.3
07:46:13,"[134.4, 20]","[131.66, 77]","[137.82, 17]","[230.64, 36]",136.11,150,3.42,0.29
07:46:14,"[132.0, 11]","[131.0, 165]","[135.14, 14]","[135.93, 15]",133.57,205,3.14,0.72
07:46:15,"[131.03, 108]","[130.34, 67]","[132.78, 18]","[160.67, 18]",131.9,211,1.75,0.66
07:46:16,"[131.0, 63]","[129.0, 18]","[143.5, 24]","[406.56, 36]",137.25,141,12.5,0.15
07:46:17,"[131.0, 28]","[129.0, 18]","[155.0, 16]","[431.25, 16]",143.0,78,24.0,0.18
07:46:18,"[131.58, 52]","[129.45, 93]","[323.44, 36]","[482.57, 21]",227.51,202,191.87,0.44
07:46:19,"[134.0, 12]","[131.0, 42]","[278.33, 9]","[559.33, 24]",206.17,87,144.33,0.24
07:46:20,"[134.0, 32]","[131.13, 90]","[276.38, 13]","[515.78, 45]",205.19,180,142.38,0.36
07:46:21,"[133.9, 31]","[131.81, 59]","[274.48, 21]","[407.45, 31]",204.19,142,140.57,0.27
07:46:22,"[134.8, 20]","[131.35, 68]","[265.42, 36]","[273.88, 16]",200.11,140,130.62,0.26
07:46:23,"[132.21, 29]","[129.88, 50]","[271.06, 16]","[272.88, 24]",201.63,119,138.86,0.33
07:46:24,"[131.75, 48]","[129.95, 84]","[233.46, 28]","[268.7, 20]",182.61,180,101.71,0.47
07:46:25,"[134.36, 44]","[131.0, 55]","[263.62, 13]","[264.81, 31]",198.99,143,129.25,0.38
07:46:26,"[136.0, 28]","[131.0, 35]","[263.0, 7]","[264.0, 21]",199.5,91,127.0,0.38
07:46:27,"[136.64, 44]","[131.51, 47]","[204.9, 21]","[262.39, 23]",170.77,135,68.27,0.35
07:46:28,"[138.0, 36]","[131.86, 35]","[189.7, 23]","[218.0, 15]",163.85,109,51.7,0.3
07:46:29,"[138.0, 40]","[133.5, 50]","[144.23, 26]","[158.73, 22]",141.12,138,6.23,0.3
07:46:30,"[138.0, 10]","[136.0, 50]","[141.0, 10]","[305.0, 30]",139.5,100,3.0,0.2
07:46:31,"[136.08, 52]","[131.83, 60]","[139.5, 12]","[476.62, 48]",137.79,172,3.42,0.3
07:46:32,"[136.0, 29]","[131.0, 50]","[403.68, 22]","[599.7, 50]",269.84,151,267.68,0.05
07:46:33,"[132.0, 25]","[129.56, 90]","[455.45, 44]","[623.6, 50]",293.73,209,323.45,0.1
07:46:34,"[129.24, 68]","[128.63, 41]","[384.54, 26]","[446.75, 16]",256.89,151,255.3,0.44
07:46:35,"[129.57, 42]","[128.73, 33]","[259.0, 10]","[328.0, 25]",194.29,110,129.43,0.36
07:46:36,"[130.48, 83]","[129.11, 81]","[205.0, 48]","[401.89, 57]",167.74,269,74.52,0.22
07:46:37,"[129.0, 80]","[127.9, 10]","[203.64, 36]","[401.38, 42]",166.32,168,74.64,0.07
07:46:38,"[129.0, 136]","[128.0, 17]","[200.29, 55]","[201.38, 64]",164.65,272,71.29,0.12
07:46:39,"[129.15, 71]","[119.0, 15]","[174.0, 48]","[199.3, 43]",151.58,177,44.85,-0.03
07:46:40,"[135.0, 15]","[131.9, 123]","[177.2, 49]","[198.33, 54]",156.1,241,42.2,0.15
07:46:41,"[133.0, 21]","[131.89, 72]","[192.26, 34]","[193.44, 27]",162.63,154,59.26,0.21
07:46:42,"[132.03, 74]","[129.41, 17]","[189.23, 44]","[190.8, 40]",160.63,175,57.2,0.04
07:46:43,"[132.8, 20]","[131.69, 52]","[184.91, 46]","[189.2, 35]",158.86,153,52.11,-0.06
07:46:44,"[132.7, 10]","[131.82, 22]","[182.69, 29]","[186.89, 27]",157.69,88,49.99,-0.27
07:46:45,"[132.45, 11]","[131.33, 18]","[180.41, 29]","[181.56, 25]",156.43,83,47.96,-0.3
07:46:46,"[119.69, 117]","[113.08, 38]","[163.25, 40]","[178.0, 43]",141.47,238,43.56,0.3
07:46:47,"[125.29, 104]","[103.47, 32]","[148.29, 42]","[179.0, 56]",136.79,234,23.0,0.16
07:46:48,"[128.96, 80]","[119.61, 57]","[145.97, 34]","[157.08, 37]",137.47,208,17.01,0.32
07:46:49,"[130.32, 37]","[86.79, 39]","[141.95, 42]","[143.46, 35]",136.14,153,11.63,-0.01
07:46:50,"[131.0, 24]","[129.0, 40]","[139.48, 42]","[140.6, 42]",135.24,148,8.48,-0.14
07:46:51,"[129.45, 55]","[96.17, 90]","[137.06, 48]","[138.08, 49]",133.26,242,7.61,0.2
07:46:52,"[130.0, 157]","[129.0, 39]","[135.5, 46]","[136.64, 42]",132.75,284,5.5,0.38
07:46:53,"[130.72, 128]","[129.0, 36]","[132.79, 38]","[135.57, 42]",131.75,244,2.07,0.34
07:46:54,"[132.09, 75]","[129.0, 30]","[136.12, 24]","[228.96, 23]",134.11,152,4.03,0.38
07:46:55,"[133.0, 56]","[129.0, 45]","[136.62, 24]","[241.5, 8]",134.81,133,3.62,0.52
07:46:56,"[133.0, 56]","[129.0, 42]","[135.12, 24]","[154.0, 8]",134.06,130,2.12,0.51
07:46:57,"[133.0, 63]","[129.0, 27]","[202.76, 17]","[431.08, 24]",167.88,131,69.76,0.37
07:46:58,"[133.22, 55]","[131.67, 63]","[348.38, 21]","[424.93, 27]",240.8,166,215.16,0.42
07:46:59,"[133.0, 84]","[131.18, 44]","[262.92, 26]","[270.79, 33]",197.96,187,129.92,0.37
07:47:00,"[133.0, 63]","[132.0, 36]","[203.62, 13]","[204.18, 33]",168.31,145,70.62,0.37
07:47:01,"[133.09, 67]","[132.44, 64]","[191.85, 13]","[228.94, 34]",162.47,178,58.76,0.47
07:47:02,"[135.13, 15]","[133.02, 92]","[189.14, 14]","[231.65, 20]",162.14,141,54.01,0.52
07:47:03,"[136.18, 34]","[134.0, 61]","[185.2, 50]","[186.24, 21]",160.69,166,49.02,0.14
07:47:04,"[138.0, 13]","[136.0, 13]","[181.89, 35]","[184.29, 38]",159.94,99,43.89,-0.47
07:47:05,"[136.75, 16]","[134.16, 76]","[176.32, 38]","[177.66, 56]",156.53,186,39.57,-0.01
07:47:06,"[136.0, 14]","[134.0, 98]","[168.48, 23]","[170.74, 23]",152.24,158,32.48,0.42
07:47:07,"[136.0, 16]","[134.0, 112]","[163.65, 20]","[164.92, 26]",149.82,174,27.65,0.47
07:47:08,"[136.0, 20]","[134.0, 140]","[159.1, 31]","[159.79, 34]",147.55,225,23.1,0.42
07:47:09,"[134.29, 49]","[133.54, 91]","[137.25, 59]","[147.7, 23]",135.77,222,2.97,0.26
07:47:10,"[133.43, 103]","[132.39, 79]","[201.88, 33]","[301.97, 60]",167.65,275,68.45,0.32
07:47:11,"[133.09, 68]","[131.62, 48]","[562.62, 39]","[595.0, 26]",347.85,181,429.53,0.28
07:47:12,"[132.88, 52]","[131.0, 65]","[469.95, 41]","[557.97, 36]",301.42,194,337.07,0.21
07:47:13,"[131.0, 25]","[128.0, 63]","[249.05, 19]","[583.32, 31]",190.03,138,118.05,0.28
07:47:14,"[131.79, 19]","[128.29, 31]","[375.14, 21]","[707.0, 35]",253.47,106,243.35,-0.06
07:47:15,"[132.0, 65]","[131.0, 13]","[407.21, 28]","[641.18, 51]",269.61,157,275.21,-0.01
07:47:16,"[132.0, 45]","[131.0, 9]","[331.48, 27]","[596.33, 30]",231.74,111,199.48,-0.03
07:47:17,"[132.0, 35]","[131.0, 7]","[462.18, 17]","[566.0, 20]",297.09,79,330.18,0.06
07:47:18,"[131.7, 44]","[128.86, 21]","[338.0, 30]","[313.24, 25]",234.85,120,206.3,0.08
07:47:19,"[127.78, 23]","[126.93, 56]","[147.33, 12]","[150.56, 18]",137.56,109,19.55,0.45
07:47:20,"[128.88, 32]","[127.0, 40]","[142.14, 14]","[143.4, 10]",135.51,96,13.27,0.5
07:47:21,"[131.17, 18]","[128.82, 33]","[140.89, 18]","[142.0, 18]",136.03,87,9.72,0.17
07:47:22,"[134.57, 14]","[133.57, 14]","[138.35, 17]","[139.12, 25]",136.46,70,3.78,-0.2
07:47:23,"[135.67, 9]","[134.67, 9]","[137.29, 14]","[138.62, 13]",136.48,45,1.62,-0.2
07:47:24,"[134.8, 15]","[132.55, 38]","[173.66, 38]","[453.96, 52]",154.23,143,38.86,-0.26
07:47:25,"[133.0, 60]","[130.0, 135]","[275.57, 35]","[367.67, 75]",204.29,305,142.57,0.28
07:47:26,"[133.0, 20]","[130.18, 33]","[215.88, 17]","[397.55, 31]",174.44,101,82.88,0.05
07:47:27,"[133.0, 7]","[131.0, 7]","[176.0, 35]","[272.0, 7]",154.5,56,43.0,-0.5
07:47:28,"[133.0, 7]","[131.0, 7]","[175.87, 23]","[196.35, 23]",154.43,60,42.87,-0.53
07:47:29,"[130.13, 46]","[127.14, 56]","[175.0, 8]","[176.0, 40]",152.57,150,44.87,0.36
07:47:30,"[130.0, 96]","[127.0, 108]","[173.05, 22]","[197.5, 40]",151.52,266,43.05,0.53
07:47:31,"[130.64, 112]","[127.59, 123]","[170.07, 40]","[171.44, 16]",150.36,291,39.43,0.62
07:47:32,"[133.0, 58]","[130.0, 72]","[168.0, 9]","[169.0, 27]",150.5,166,35.0,0.57
07:47:33,"[133.0, 66]","[130.0, 88]","[167.27, 11]","[169.0, 33]",150.14,198,34.27,0.56
07:47:34,"[133.38, 79]","[130.88, 102]","[166.71, 14]","[169.0, 42]",150.05,237,33.33,0.53
07:47:35,"[135.0, 33]","[133.0, 72]","[164.33, 18]","[166.2, 30]",149.67,153,29.33,0.37
07:47:36,"[133.91, 22]","[131.96, 46]","[160.0, 30]","[162.0, 10]",146.95,108,26.09,0.26
07:47:37,"[135.77, 26]","[133.0, 39]","[157.55, 33]","[159.05, 19]",146.66,117,21.78,0.11
07:47:38,"[136.75, 24]","[133.0, 36]","[154.19, 16]","[155.12, 32]",145.47,108,17.44,0.11
07:47:39,"[136.56, 27]","[133.51, 47]","[150.47, 32]","[151.84, 32]",143.51,138,13.91,0.07
07:47:40,"[130.3, 37]","[129.56, 27]","[148.43, 23]","[149.22, 27]",139.37,114,18.14,0.12
07:47:41,"[130.72, 61]","[129.58, 79]","[144.45, 29]","[144.68, 31]",137.58,200,13.73,0.4
07:47:42,"[129.67, 36]","[127.8, 45]","[141.42, 19]","[143.33, 9]",135.54,109,11.75,0.49
07:47:43,"[128.0, 78]","[127.0, 117]","[138.19, 27]","[139.65, 20]",133.09,242,10.19,0.61
07:47:44,"[128.94, 54]","[127.69, 87]","[133.39, 28]","[135.31, 39]",131.17,208,4.45,0.36
07:47:45,"[128.13, 45]","[127.09, 69]","[130.14, 21]","[132.89, 19]",129.14,154,2.01,0.48
07:47:46,"[128.0, 24]","[127.0, 99]","[129.0, 33]","[263.22, 18]",128.5,174,1.0,0.41
07:47:47,"[127.33, 27]","[126.95, 85]","[129.62, 29]","[163.54, 13]",128.48,154,2.29,0.45
07:47:48,"[131.5, 36]","[127.86, 42]","[136.57, 28]","[148.27, 30]",134.04,136,5.07,0.15
07:47:49,"[132.55, 44]","[131.98, 82]","[134.18, 34]","[183.18, 22]",133.36,182,1.63,0.38
07:47:50,"[132.0, 90]","[131.0, 9]","[134.67, 18]","[312.58, 33]",133.33,150,2.67,0.32
07:47:51,"[132.0, 92]","[127.57, 21]","[133.0, 12]","[336.58, 24]",132.5,149,1.0,0.52
07:47:52,"[132.0, 60]","[127.0, 24]","[314.91, 23]","[383.24, 51]",223.46,158,182.91,0.06
07:47:53,"[132.29, 21]","[130.12, 16]","[355.0, 10]","[387.0, 25]",243.64,72,222.71,0.03
07:47:54,"[132.85, 26]","[131.96, 47]","[312.03, 31]","[403.3, 46]",222.44,150,179.19,-0.03
07:47:55,"[132.0, 18]","[131.0, 9]","[444.03, 33]","[614.85, 33]",288.02,93,312.03,-0.42
07:47:56,"[132.97, 138]","[131.93, 30]","[500.06, 65]","[641.25, 53]",316.52,286,367.09,0.17
07:47:57,"[133.17, 36]","[132.46, 26]","[282.86, 28]","[562.73, 37]",208.01,127,149.69,-0.02
07:47:58,"[133.0, 28]","[132.0, 14]","[203.65, 17]","[282.67, 18]",168.32,77,70.65,0.09
07:47:59,"[133.0, 36]","[132.0, 18]","[280.48, 21]","[335.26, 27]",206.74,102,147.48,0.06
07:48:00,"[132.77, 31]","[131.63, 19]","[276.47, 32]","[277.63, 59]",204.62,141,143.69,-0.29
07:48:01,"[132.0, 14]","[131.0, 14]","[247.73, 37]","[250.7, 61]",189.86,126,115.73,-0.56
07:48:02,"[132.0, 12]","[131.0, 12]","[202.29, 42]","[203.71, 42]",167.14,108,70.29,-0.56
07:48:03,"[132.93, 61]","[131.75, 16]","[199.62, 32]","[201.53, 59]",166.28,168,66.69,-0.08
07:48:04,"[133.56, 27]","[132.0, 9]","[198.24, 21]","[199.44, 18]",165.9,75,64.68,-0.04
07:48:05,"[135.72, 54]","[132.0, 18]","[195.95, 57]","[196.41, 69]",165.83,198,60.23,-0.27
07:48:06,"[135.0, 16]","[131.5, 8]","[193.38, 16]","[196.0, 40]",164.19,80,58.38,-0.4
07:48:07,"[135.0, 33]","[132.0, 11]","[190.58, 31]","[192.74, 46]",162.79,121,55.58,-0.27
07:48:08,"[135.0, 81]","[132.0, 17]","[187.54, 46]","[188.22, 73]",161.27,217,52.54,-0.1
07:48:09,"[135.0, 108]","[132.0, 12]","[187.0, 24]","[188.0, 60]",161.0,204,52.0,0.18
07:48:10,"[135.0, 63]","[132.0, 7]","[185.82, 17]","[187.88, 32]",160.41,119,50.82,0.18
07:48:11,"[135.0, 96]","[132.0, 12]","[184.58, 60]","[186.0, 24]",159.79,192,49.58,0.12
07:48:12,"[135.0, 75]","[132.91, 77]","[181.86, 57]","[183.19, 27]",158.43,236,46.86,0.29
07:48:13,"[135.0, 27]","[132.9, 62]","[179.46, 46]","[181.06, 16]",157.23,151,44.46,0.18
07:48:14,"[135.81, 31]","[133.36, 11]","[175.81, 31]","[178.26, 27]",155.81,100,40.0,-0.16
07:48:15,"[136.56, 45]","[135.0, 9]","[173.11, 38]","[175.26, 19]",154.83,111,36.55,-0.03
07:48:16,"[137.0, 50]","[135.0, 10]","[170.66, 35]","[171.17, 30]",153.83,125,33.66,-0.04
07:48:17,"[137.0, 45]","[135.0, 9]","[169.0, 22]","[171.05, 37]",153.0,113,32.0,-0.04
07:48:18,"[137.0, 11]","[135.0, 7]","[168.62, 16]","[170.67, 9]",152.81,43,31.62,-0.16
07:48:19,"[137.0, 6]","[135.0, 6]","[167.11, 9]","[168.07, 15]",152.06,36,30.11,-0.33
07:48:20,"[137.0, 11]","[135.0, 11]","[155.38, 50]","[163.0, 15]",146.19,87,18.38,-0.49
07:48:21,"[132.72, 100]","[131.84, 75]","[153.1, 31]","[154.16, 43]",142.91,249,20.38,0.41
07:48:22,"[133.0, 98]","[132.0, 105]","[148.33, 39]","[152.33, 36]",140.67,278,15.33,0.46
07:48:23,"[133.0, 42]","[132.0, 91]","[142.57, 37]","[143.84, 50]",137.78,220,9.57,0.21
07:48:24,"[133.0, 37]","[132.0, 98]","[137.49, 47]","[137.93, 30]",135.24,212,4.49,0.27
07:48:25,"[132.14, 63]","[131.44, 48]","[133.4, 40]","[135.08, 26]",132.77,177,1.26,0.25
07:48:26,"[131.36, 42]","[130.5, 18]","[133.86, 42]","[204.82, 33]",132.61,135,2.5,-0.11
07:48:27,"[130.86, 14]","[128.25, 32]","[132.33, 30]","[142.14, 14]",131.6,90,1.48,0.02
07:48:28,"[128.02, 99]","[127.4, 35]","[265.67, 15]","[522.1, 20]",196.84,169,137.65,0.59
07:48:29,"[128.0, 98]","[127.0, 21]","[367.86, 28]","[369.0, 7]",247.93,154,239.86,0.55
07:48:30,"[128.0, 107]","[127.0, 24]","[341.03, 33]","[368.27, 11]",234.52,175,213.03,0.5
07:48:31,"[132.56, 64]","[128.43, 131]","[279.41, 59]","[280.53, 43]",205.98,297,146.84,0.31
07:48:32,"[133.0, 89]","[128.0, 87]","[220.58, 48]","[295.96, 49]",176.79,273,87.58,0.29
07:48:33,"[133.0, 48]","[128.04, 90]","[184.75, 48]","[220.0, 50]",158.88,236,51.75,0.17
07:48:34,"[128.0, 72]","[127.0, 27]","[164.67, 36]","[244.78, 36]",146.33,171,36.67,0.16
07:48:35,"[129.11, 38]","[127.77, 52]","[163.33, 36]","[267.0, 36]",146.22,162,34.23,0.11
07:48:36,"[128.88, 32]","[127.73, 44]","[162.38, 32]","[322.0, 32]",145.62,140,33.5,0.09
07:48:37,"[128.0, 49]","[127.0, 21]","[146.14, 28]","[204.57, 28]",137.07,126,18.14,0.11
07:48:38,"[128.0, 49]","[127.0, 21]","[138.86, 28]","[192.0, 28]",133.43,126,10.86,0.11
07:48:39,"[128.0, 70]","[127.0, 30]","[135.98, 43]","[209.88, 41]",131.99,184,7.98,0.09
07:48:40,"[129.77, 43]","[128.21, 43]","[134.82, 39]","[135.95, 41]",132.29,166,5.05,0.04
07:48:41,"[128.59, 61]","[127.57, 49]","[131.88, 43]","[133.87, 46]",130.24,199,3.29,0.11
07:48:42,"[127.9, 40]","[127.04, 53]","[130.58, 52]","[132.39, 69]",129.24,214,2.68,-0.13
07:48:43,"[122.45, 42]","[73.67, 39]","[130.02, 47]","[161.81, 59]",126.24,187,7.57,-0.13
07:48:44,"[127.8, 30]","[115.31, 32]","[131.0, 24]","[222.0, 30]",129.4,116,3.2,0.07
07:48:45,"[129.0, 7]","[128.0, 35]","[130.14, 21]","[242.48, 23]",129.57,86,1.14,-0.02
07:48:46,"[128.73, 15]","[127.9, 41]","[220.88, 32]","[330.59, 29]",174.8,117,92.14,-0.04
07:48:47,"[129.2, 20]","[128.0, 40]","[311.88, 34]","[462.11, 37]",220.54,131,182.68,-0.08
