Time,Bid1,Bid2,Ask1,Ask2,Mid-Price,Total_volume,Bid_ask_spread,Order_imbalance
07:30:00,"[8.0, 1]","[0, 0]","[0, 0]","[0, 0]",4.0,1,-8.0,1.0
07:30:01,"[17.33, 3]","[0, 0]","[799.33, 6]","[0, 0]",408.33,9,782.0,-0.33
07:30:02,"[36.0, 1]","[0, 0]","[798.0, 2]","[0, 0]",417.0,3,762.0,-0.33
07:30:03,"[45.67, 3]","[0, 0]","[796.33, 6]","[0, 0]",421.0,9,750.67,-0.33
07:30:04,"[66.0, 12]","[65.0, 5]","[182.1, 20]","[295.93, 15]",124.05,52,116.1,-0.35
07:30:05,"[83.0, 6]","[78.67, 18]","[108.54, 13]","[113.6, 10]",95.77,47,25.54,0.02
07:30:06,"[91.0, 4]","[85.0, 20]","[108.43, 7]","[111.86, 7]",99.71,38,17.43,0.26
07:30:07,"[92.5, 12]","[89.29, 14]","[103.0, 12]","[105.0, 6]",97.75,44,10.5,0.18
07:30:08,"[94.89, 18]","[93.54, 24]","[103.0, 16]","[105.0, 8]",98.94,66,8.11,0.27
07:30:09,"[98.29, 65]","[97.21, 38]","[102.43, 28]","[114.17, 24]",100.36,155,4.14,0.33
07:30:10,"[102.35, 46]","[100.65, 31]","[107.43, 35]","[110.04, 52]",104.89,164,5.08,-0.06
07:30:11,"[105.36, 25]","[100.59, 29]","[108.88, 32]","[110.29, 28]",107.12,114,3.52,-0.05
07:30:12,"[106.0, 28]","[100.0, 18]","[109.28, 39]","[110.47, 19]",107.64,104,3.28,-0.12
07:30:13,"[106.0, 24]","[100.0, 6]","[107.62, 21]","[109.5, 16]",106.81,67,1.62,-0.1
07:30:14,"[102.8, 15]","[98.5, 20]","[106.93, 14]","[111.0, 16]",104.86,65,4.13,0.08
07:30:15,"[101.0, 12]","[100.0, 4]","[104.6, 5]","[110.14, 7]",102.8,28,3.6,0.14
07:30:16,"[101.0, 28]","[100.0, 10]","[102.33, 18]","[106.8, 20]",101.67,76,1.33,0.0
07:30:17,"[100.0, 11]","[97.04, 52]","[101.18, 22]","[109.45, 55]",100.59,140,1.18,-0.1
07:30:18,"[97.12, 43]","[94.37, 41]","[107.7, 47]","[121.43, 14]",102.41,145,10.59,0.16
07:30:19,"[98.0, 18]","[97.0, 45]","[107.85, 26]","[112.05, 21]",102.92,110,9.85,0.15
07:30:20,"[99.5, 32]","[97.29, 56]","[103.9, 21]","[105.82, 55]",101.7,164,4.4,0.07
07:30:21,"[99.26, 19]","[97.44, 45]","[102.0, 12]","[105.0, 48]",100.63,124,2.74,0.03
07:30:22,"[101.79, 19]","[100.14, 14]","[104.79, 43]","[111.36, 22]",103.29,98,3.0,-0.33
07:30:23,"[103.72, 18]","[102.98, 53]","[105.0, 57]","[147.8, 50]",104.36,178,1.28,-0.2
07:30:24,"[100.52, 23]","[100.25, 48]","[105.0, 26]","[375.89, 27]",102.76,124,4.48,0.15
07:30:25,"[99.0, 12]","[98.0, 15]","[102.6, 10]","[408.5, 8]",100.8,45,3.6,0.2
07:30:26,"[100.13, 114]","[99.0, 52]","[102.0, 30]","[103.0, 13]",101.07,209,1.87,0.59
07:30:27,"[101.18, 44]","[99.67, 36]","[312.0, 21]","[346.93, 14]",206.59,115,210.82,0.39
07:30:28,"[113.0, 48]","[106.09, 44]","[380.94, 17]","[596.52, 23]",246.97,132,267.94,0.39
07:30:29,"[115.0, 64]","[107.62, 32]","[399.17, 24]","[610.8, 20]",257.08,140,284.17,0.37
07:30:30,"[114.46, 59]","[110.96, 54]","[296.92, 48]","[417.83, 42]",205.69,203,182.46,0.11
07:30:31,"[110.45, 11]","[107.0, 20]","[223.33, 12]","[265.67, 21]",166.89,64,112.88,-0.03
07:30:32,"[109.0, 27]","[103.92, 52]","[221.0, 18]","[315.1, 40]",165.0,137,112.0,0.15
07:30:33,"[109.0, 18]","[107.0, 48]","[218.42, 24]","[219.22, 18]",163.71,108,109.42,0.22
07:30:34,"[109.0, 15]","[107.0, 40]","[206.37, 19]","[217.38, 16]",157.68,90,97.37,0.22
07:30:35,"[109.0, 27]","[107.0, 72]","[213.78, 45]","[216.0, 18]",161.39,162,104.78,0.22
07:30:36,"[107.6, 50]","[104.33, 60]","[211.06, 34]","[213.14, 28]",159.33,172,103.46,0.28
07:30:37,"[108.5, 42]","[104.68, 69]","[208.2, 40]","[208.91, 32]",158.35,183,99.7,0.21
07:30:38,"[108.16, 31]","[103.67, 48]","[202.18, 17]","[204.85, 26]",155.17,122,94.02,0.3
07:30:39,"[106.11, 45]","[99.83, 41]","[193.7, 10]","[195.0, 10]",149.91,106,87.59,0.62
07:30:40,"[114.0, 32]","[107.0, 88]","[191.8, 20]","[193.0, 10]",152.9,150,77.8,0.6
07:30:41,"[110.06, 66]","[107.14, 118]","[187.59, 27]","[188.85, 20]",148.83,231,77.53,0.59
07:30:42,"[109.0, 107]","[102.14, 58]","[183.11, 18]","[184.67, 18]",146.06,201,74.11,0.64
07:30:43,"[109.7, 40]","[108.73, 66]","[179.75, 28]","[181.55, 11]",144.72,145,70.05,0.46
07:30:44,"[110.0, 48]","[109.0, 78]","[177.56, 16]","[178.98, 52]",143.78,194,67.56,0.3
07:30:45,"[110.0, 28]","[109.0, 49]","[174.04, 23]","[174.73, 11]",142.02,111,64.04,0.39
07:30:46,"[110.0, 32]","[109.0, 56]","[172.29, 14]","[173.63, 19]",141.14,121,62.29,0.45
07:30:47,"[110.0, 40]","[109.0, 70]","[169.9, 10]","[171.73, 22]",139.95,142,59.9,0.55
07:30:48,"[110.47, 19]","[109.3, 40]","[168.14, 7]","[169.57, 7]",139.31,73,57.67,0.62
07:30:49,"[112.1, 10]","[109.57, 49]","[165.0, 21]","[165.75, 24]",138.55,104,52.9,0.13
07:30:50,"[110.96, 50]","[109.46, 26]","[160.09, 32]","[160.87, 30]",135.53,138,49.13,0.1
07:30:51,"[109.55, 58]","[107.19, 64]","[153.95, 37]","[156.18, 11]",131.75,170,44.39,0.44
07:30:52,"[109.08, 80]","[107.09, 136]","[151.52, 21]","[152.43, 28]",130.3,265,42.45,0.63
07:30:53,"[115.0, 7]","[109.0, 42]","[147.12, 17]","[148.06, 17]",131.06,83,32.12,0.18
07:30:54,"[115.0, 6]","[109.0, 36]","[144.86, 7]","[146.13, 15]",129.93,64,29.86,0.31
07:30:55,"[112.3, 20]","[108.38, 96]","[140.62, 29]","[142.29, 24]",126.46,169,28.32,0.37
07:30:56,"[108.05, 61]","[107.04, 189]","[135.72, 18]","[137.26, 39]",121.89,307,27.67,0.63
07:30:57,"[110.62, 32]","[107.09, 66]","[132.64, 11]","[133.88, 8]",121.63,117,22.01,0.68
07:30:58,"[114.0, 34]","[109.21, 33]","[131.82, 28]","[132.26, 19]",122.91,114,17.82,0.18
07:30:59,"[114.38, 39]","[112.91, 33]","[128.0, 20]","[130.57, 14]",121.19,106,13.62,0.36
07:31:00,"[115.44, 32]","[111.37, 19]","[125.11, 9]","[126.78, 27]",120.27,87,9.67,0.17
07:31:01,"[116.0, 20]","[112.0, 20]","[120.6, 15]","[122.16, 19]",118.3,74,4.6,0.08
07:31:02,"[113.07, 30]","[108.64, 47]","[116.1, 40]","[117.9, 21]",114.58,138,3.03,0.12
07:31:03,"[108.0, 16]","[107.0, 80]","[113.78, 18]","[114.16, 19]",110.89,133,5.78,0.44
07:31:04,"[107.42, 52]","[106.95, 116]","[109.96, 23]","[112.6, 25]",108.69,216,2.53,0.56
07:31:05,"[107.98, 48]","[106.98, 112]","[109.9, 31]","[178.27, 33]",108.94,224,1.92,0.43
07:31:06,"[107.97, 31]","[107.06, 71]","[143.75, 24]","[393.0, 36]",125.86,162,35.78,0.26
07:31:07,"[114.25, 32]","[108.78, 18]","[118.0, 27]","[300.45, 31]",116.12,108,3.75,-0.07
07:31:08,"[115.0, 30]","[108.0, 10]","[486.4, 15]","[624.26, 19]",300.7,74,371.4,0.08
07:31:09,"[115.0, 57]","[109.86, 28]","[295.49, 39]","[325.39, 31]",205.24,155,180.49,0.1
07:31:10,"[115.0, 21]","[112.0, 46]","[289.86, 28]","[292.0, 21]",202.43,116,174.86,0.16
07:31:11,"[115.0, 30]","[112.0, 70]","[288.3, 40]","[302.8, 30]",201.65,170,173.3,0.18
07:31:12,"[115.0, 15]","[112.0, 35]","[287.2, 20]","[395.2, 15]",201.1,85,172.2,0.18
07:31:13,"[115.0, 29]","[112.0, 98]","[189.36, 44]","[274.48, 50]",152.18,221,74.36,0.15
07:31:14,"[116.0, 14]","[115.0, 14]","[160.14, 28]","[249.57, 21]",138.07,77,44.14,-0.27
07:31:15,"[113.67, 21]","[112.0, 23]","[160.0, 28]","[236.0, 28]",136.83,100,46.33,-0.12
07:31:16,"[112.0, 36]","[109.0, 24]","[158.17, 24]","[236.0, 24]",135.08,108,46.17,0.11
07:31:17,"[112.0, 66]","[109.0, 44]","[157.82, 44]","[300.4, 40]",134.91,194,45.82,0.13
07:31:18,"[112.0, 36]","[109.0, 24]","[156.83, 24]","[349.09, 22]",134.42,106,44.83,0.13
07:31:19,"[113.6, 20]","[111.57, 56]","[154.73, 22]","[230.84, 37]",134.16,135,41.13,0.13
07:31:20,"[112.8, 40]","[110.89, 76]","[149.53, 51]","[150.22, 36]",131.16,203,36.73,0.14
07:31:21,"[112.0, 12]","[109.29, 42]","[144.92, 48]","[146.33, 48]",128.46,150,32.92,-0.28
07:31:22,"[109.0, 24]","[108.0, 16]","[136.71, 17]","[138.23, 26]",122.85,83,27.71,-0.04
07:31:23,"[109.0, 36]","[108.0, 24]","[134.11, 36]","[135.67, 24]",121.56,120,25.11,0.0
07:31:24,"[109.0, 27]","[108.0, 18]","[133.0, 21]","[134.0, 24]",121.0,90,24.0,0.0
07:31:25,"[110.58, 19]","[108.83, 35]","[127.34, 47]","[129.26, 39]",118.96,140,16.76,-0.23
07:31:26,"[112.0, 9]","[109.0, 27]","[123.38, 32]","[125.55, 22]",117.69,90,11.38,-0.2
07:31:27,"[112.0, 12]","[109.0, 36]","[117.56, 39]","[119.19, 32]",114.78,119,5.56,-0.19
07:31:28,"[109.95, 19]","[108.5, 36]","[113.82, 22]","[115.61, 46]",111.88,123,3.87,-0.11
07:31:29,"[107.45, 31]","[106.93, 30]","[111.84, 38]","[114.41, 17]",109.65,116,4.39,0.05
07:31:30,"[107.0, 64]","[106.0, 44]","[108.82, 44]","[110.27, 44]",107.91,196,1.82,0.1
07:31:31,"[103.31, 39]","[102.36, 45]","[226.23, 52]","[612.0, 46]",164.77,182,122.92,-0.08
07:31:32,"[104.95, 38]","[102.81, 37]","[388.69, 39]","[540.07, 56]",246.82,170,283.74,-0.12
07:31:33,"[108.0, 271]","[107.0, 39]","[156.5, 32]","[310.25, 28]",132.25,370,48.5,0.68
07:31:34,"[108.34, 170]","[107.25, 24]","[114.0, 8]","[217.0, 25]",111.17,227,5.66,0.71
07:31:35,"[110.06, 157]","[109.73, 48]","[113.7, 10]","[223.17, 18]",111.88,233,3.64,0.76
07:31:36,"[112.0, 12]","[110.0, 114]","[113.0, 6]","[134.0, 6]",112.5,138,1.0,0.83
07:31:37,"[112.0, 16]","[110.0, 152]","[113.0, 8]","[315.09, 11]",112.5,187,1.0,0.8
07:31:38,"[110.23, 86]","[109.96, 99]","[286.0, 12]","[375.48, 27]",198.12,224,175.77,0.65
07:31:39,"[112.14, 59]","[110.08, 99]","[517.44, 27]","[536.67, 21]",314.79,206,405.31,0.53
07:31:40,"[110.06, 78]","[109.79, 24]","[410.5, 6]","[418.5, 6]",260.28,114,300.44,0.79
07:31:41,"[110.5, 38]","[109.98, 159]","[166.38, 26]","[249.29, 28]",138.44,251,55.88,0.57
07:31:42,"[109.89, 35]","[108.14, 21]","[497.93, 27]","[645.87, 23]",303.91,106,388.04,0.06
07:31:43,"[109.98, 46]","[108.75, 12]","[228.2, 40]","[302.23, 39]",169.09,137,118.22,-0.15
07:31:44,"[110.54, 39]","[103.53, 38]","[167.08, 52]","[183.35, 43]",138.81,172,56.54,-0.1
07:31:45,"[112.0, 75]","[107.86, 14]","[155.69, 13]","[248.29, 34]",133.85,136,43.69,0.31
07:31:46,"[112.0, 25]","[108.0, 5]","[155.0, 5]","[170.0, 15]",133.5,50,43.0,0.2
07:31:47,"[113.83, 90]","[111.12, 32]","[155.0, 12]","[236.42, 36]",134.42,170,41.17,0.44
07:31:48,"[115.46, 122]","[113.65, 80]","[154.3, 10]","[208.0, 30]",134.88,242,38.84,0.67
07:31:49,"[116.0, 140]","[115.0, 110]","[151.4, 10]","[180.31, 32]",133.7,292,35.4,0.71
07:31:50,"[116.0, 126]","[115.0, 99]","[151.0, 9]","[278.43, 28]",133.5,262,35.0,0.72
07:31:51,"[116.0, 138]","[115.0, 121]","[121.25, 32]","[325.38, 21]",118.62,312,5.25,0.66
07:31:52,"[116.0, 92]","[115.0, 132]","[117.0, 44]","[208.27, 11]",116.5,279,1.0,0.61
07:31:53,"[116.0, 56]","[115.0, 96]","[223.29, 14]","[520.19, 21]",169.64,187,107.29,0.63
07:31:54,"[116.0, 39]","[115.0, 72]","[514.75, 12]","[584.48, 21]",315.38,144,398.75,0.54
07:31:55,"[116.0, 54]","[115.0, 120]","[307.31, 26]","[401.81, 31]",211.65,231,191.31,0.51
07:31:56,"[115.14, 84]","[113.5, 96]","[174.96, 23]","[402.0, 28]",145.05,231,59.81,0.56
07:31:57,"[115.0, 96]","[112.0, 64]","[215.62, 16]","[439.38, 16]",165.31,192,100.62,0.67
07:31:58,"[115.0, 80]","[112.0, 84]","[212.3, 20]","[399.2, 20]",163.65,204,97.3,0.61
07:31:59,"[115.0, 27]","[112.0, 88]","[197.82, 22]","[202.82, 22]",156.41,159,82.82,0.45
07:32:00,"[115.0, 22]","[112.0, 88]","[195.09, 22]","[196.09, 22]",155.05,154,80.09,0.43
07:32:01,"[115.0, 22]","[112.0, 88]","[194.18, 22]","[195.45, 22]",154.59,154,79.18,0.43
07:32:02,"[115.0, 34]","[112.0, 71]","[144.25, 40]","[149.47, 34]",129.62,179,29.25,0.17
07:32:03,"[115.0, 16]","[112.0, 40]","[137.86, 22]","[139.24, 34]",126.43,112,22.86,0.0
07:32:04,"[115.0, 16]","[112.0, 40]","[135.4, 25]","[145.9, 31]",125.2,112,20.4,0.0
07:32:05,"[115.67, 30]","[112.73, 33]","[134.42, 24]","[141.05, 39]",125.04,126,18.75,0.0
07:32:06,"[115.0, 22]","[112.0, 55]","[132.64, 28]","[134.65, 46]",123.82,151,17.64,0.02
07:32:07,"[115.0, 36]","[112.0, 90]","[127.21, 48]","[128.1, 51]",121.1,225,12.21,0.12
07:32:08,"[114.25, 32]","[111.57, 70]","[120.77, 39]","[123.21, 28]",117.51,169,6.52,0.21
07:32:09,"[112.0, 60]","[109.0, 75]","[117.91, 69]","[119.57, 42]",114.96,246,5.91,0.1
07:32:10,"[112.0, 20]","[109.0, 50]","[115.08, 26]","[116.03, 39]",113.54,135,3.08,0.04
07:32:11,"[107.97, 39]","[106.09, 115]","[112.69, 29]","[113.79, 28]",110.33,211,4.72,0.46
07:32:12,"[107.0, 16]","[106.0, 88]","[110.0, 16]","[111.14, 14]",108.5,134,3.0,0.55
07:32:13,"[106.07, 83]","[93.52, 83]","[111.28, 29]","[142.4, 25]",108.67,220,5.2,0.51
07:32:14,"[109.67, 27]","[106.94, 53]","[115.0, 85]","[266.07, 40]",112.33,205,5.33,-0.22
07:32:15,"[112.0, 54]","[110.0, 12]","[114.42, 60]","[290.5, 36]",113.21,162,2.42,-0.19
07:32:16,"[112.0, 38]","[110.0, 8]","[125.12, 26]","[216.62, 24]",118.56,96,13.12,-0.04
07:32:17,"[109.85, 13]","[107.17, 36]","[176.92, 39]","[272.16, 37]",143.38,125,67.08,-0.22
07:32:18,"[111.0, 11]","[109.0, 11]","[265.42, 43]","[319.63, 27]",188.21,92,154.42,-0.52
07:32:19,"[111.5, 10]","[109.4, 10]","[265.0, 50]","[293.0, 30]",188.25,100,153.5,-0.6
07:32:20,"[111.27, 30]","[105.58, 33]","[214.81, 63]","[283.5, 46]",163.04,172,103.54,-0.27
07:32:21,"[116.0, 10]","[106.69, 70]","[169.0, 50]","[179.8, 30]",142.5,160,53.0,0.0
07:32:22,"[116.0, 10]","[107.26, 38]","[168.0, 50]","[239.7, 30]",142.0,128,52.0,-0.25
07:32:23,"[112.27, 15]","[106.41, 102]","[166.67, 69]","[205.79, 57]",139.47,243,54.4,-0.04
07:32:24,"[107.14, 28]","[105.74, 122]","[163.32, 56]","[164.97, 39]",135.23,245,56.18,0.22
07:32:25,"[107.67, 18]","[106.24, 42]","[161.08, 39]","[162.33, 36]",134.37,135,53.41,-0.11
07:32:26,"[114.92, 131]","[110.59, 34]","[160.0, 48]","[162.0, 60]",137.46,273,45.08,0.21
07:32:27,"[116.0, 216]","[115.0, 24]","[159.71, 51]","[161.82, 40]",137.85,331,43.71,0.45
07:32:28,"[116.0, 212]","[115.0, 24]","[156.5, 34]","[158.53, 38]",136.25,308,40.5,0.53
07:32:29,"[116.0, 160]","[115.0, 20]","[150.94, 34]","[153.78, 23]",133.47,237,34.94,0.52
07:32:30,"[116.0, 192]","[115.0, 24]","[146.74, 35]","[148.64, 28]",131.37,279,30.74,0.55
07:32:31,"[116.0, 160]","[115.0, 26]","[145.12, 50]","[146.22, 37]",130.56,273,29.12,0.36
07:32:32,"[116.0, 72]","[115.0, 18]","[143.78, 36]","[146.0, 27]",129.89,153,27.78,0.18
07:32:33,"[116.0, 104]","[115.0, 29]","[139.89, 47]","[141.65, 40]",127.95,220,23.89,0.21
07:32:34,"[116.0, 73]","[115.0, 30]","[137.71, 35]","[138.38, 40]",126.86,178,21.71,0.16
07:32:35,"[116.0, 42]","[115.0, 27]","[136.43, 21]","[137.83, 36]",126.21,126,20.43,0.1
07:32:36,"[116.0, 28]","[115.0, 21]","[133.96, 25]","[135.88, 16]",124.98,90,17.96,0.09
07:32:37,"[116.0, 44]","[115.0, 33]","[131.14, 42]","[132.27, 37]",123.57,156,15.14,-0.01
07:32:38,"[116.0, 34]","[115.0, 36]","[127.79, 43]","[129.74, 31]",121.9,144,11.79,-0.03
07:32:39,"[116.0, 16]","[115.0, 24]","[126.83, 36]","[128.09, 22]",121.42,98,10.83,-0.18
07:32:40,"[116.0, 19]","[115.0, 39]","[123.89, 47]","[125.11, 46]",119.95,151,7.89,-0.23
07:32:41,"[112.17, 96]","[110.41, 125]","[116.87, 45]","[118.6, 63]",114.52,329,4.7,0.34
07:32:42,"[110.62, 81]","[109.18, 68]","[114.59, 41]","[115.97, 39]",112.6,229,3.97,0.3
07:32:43,"[110.03, 58]","[108.73, 44]","[112.46, 26]","[116.48, 27]",111.25,155,2.43,0.32
07:32:44,"[110.0, 97]","[108.0, 52]","[111.96, 46]","[174.63, 19]",110.98,214,1.96,0.39
07:32:45,"[110.0, 80]","[108.0, 28]","[111.5, 16]","[159.47, 19]",110.75,143,1.5,0.51
07:32:46,"[110.0, 36]","[108.0, 32]","[123.04, 23]","[323.25, 8]",116.52,99,13.04,0.37
07:32:47,"[110.0, 18]","[108.0, 36]","[208.67, 27]","[450.44, 9]",159.33,90,98.67,0.2
07:32:48,"[108.24, 17]","[107.29, 14]","[205.81, 16]","[352.12, 8]",157.02,55,97.58,0.13
07:32:49,"[107.64, 11]","[98.36, 28]","[190.44, 9]","[224.91, 11]",149.04,59,82.81,0.32
07:32:50,"[106.0, 91]","[92.13, 97]","[193.07, 29]","[216.79, 24]",149.53,241,87.07,0.56
07:32:51,"[106.17, 36]","[87.19, 100]","[190.25, 24]","[411.58, 31]",148.21,191,84.08,0.42
07:32:52,"[66.96, 51]","[76.43, 109]","[146.82, 11]","[179.07, 15]",106.89,186,79.86,0.72
07:32:53,"[93.65, 120]","[62.38, 104]","[107.44, 25]","[120.76, 37]",100.55,286,13.79,0.57
07:32:54,"[97.64, 154]","[88.09, 47]","[102.08, 26]","[176.42, 45]",99.86,272,4.43,0.48
07:32:55,"[99.68, 93]","[77.9, 87]","[184.95, 37]","[209.5, 40]",142.31,257,85.27,0.4
07:32:56,"[116.0, 7]","[107.71, 21]","[301.0, 10]","[365.12, 26]",208.5,64,185.0,-0.12
07:32:57,"[101.26, 58]","[99.3, 44]","[274.0, 32]","[321.29, 14]",187.63,148,172.74,0.38
07:32:58,"[111.91, 70]","[102.99, 80]","[303.7, 37]","[362.29, 31]",207.81,218,191.79,0.38
07:32:59,"[116.0, 72]","[113.71, 28]","[258.58, 48]","[331.83, 48]",187.29,196,142.58,0.02
07:33:00,"[115.46, 41]","[112.37, 115]","[246.73, 44]","[300.73, 44]",181.1,244,131.26,0.28
07:33:01,"[111.53, 47]","[110.13, 99]","[284.0, 36]","[292.33, 36]",197.77,218,172.47,0.34
07:33:02,"[113.44, 36]","[112.0, 36]","[189.78, 36]","[296.33, 27]",151.61,135,76.33,0.07
07:33:03,"[113.3, 46]","[110.47, 118]","[160.69, 52]","[217.29, 28]",137.0,244,47.39,0.34
07:33:04,"[112.0, 24]","[110.0, 120]","[160.0, 32]","[238.57, 14]",136.0,190,48.0,0.52
07:33:05,"[112.0, 21]","[110.0, 105]","[160.0, 28]","[318.0, 7]",136.0,161,48.0,0.57
07:33:06,"[112.0, 30]","[110.0, 150]","[159.41, 34]","[217.52, 25]",135.71,239,47.41,0.51
07:33:07,"[112.0, 21]","[110.0, 105]","[153.4, 10]","[157.48, 25]",132.7,161,41.4,0.57
07:33:08,"[112.0, 15]","[110.0, 64]","[129.27, 11]","[154.57, 14]",120.64,104,17.27,0.52
07:33:09,"[112.0, 26]","[110.0, 115]","[120.38, 40]","[122.16, 25]",116.19,206,8.38,0.37
07:33:10,"[112.0, 18]","[110.0, 117]","[119.0, 9]","[120.0, 36]",115.5,180,7.0,0.5
07:33:11,"[112.0, 26]","[110.0, 156]","[118.33, 12]","[119.85, 39]",115.17,233,6.33,0.56
07:33:12,"[110.48, 63]","[109.84, 77]","[117.0, 9]","[118.0, 9]",113.74,158,6.52,0.77
07:33:13,"[110.0, 149]","[109.0, 42]","[112.42, 38]","[113.58, 26]",111.21,255,2.42,0.5
07:33:14,"[110.0, 109]","[109.0, 36]","[111.0, 48]","[129.0, 12]",110.5,205,1.0,0.41
07:33:15,"[110.62, 29]","[109.22, 27]","[260.62, 32]","[457.58, 19]",185.62,107,150.0,0.05
07:33:16,"[116.0, 10]","[110.0, 20]","[278.27, 22]","[377.83, 24]",197.14,76,162.27,-0.21
07:33:17,"[108.7, 40]","[107.57, 28]","[282.46, 13]","[556.57, 7]",195.58,88,173.76,0.55
07:33:18,"[109.26, 53]","[107.96, 50]","[323.07, 28]","[412.96, 26]",216.17,157,213.81,0.31
07:33:19,"[113.33, 18]","[107.4, 20]","[302.86, 21]","[397.71, 7]",208.1,66,189.52,0.15
07:33:20,"[116.0, 21]","[110.8, 10]","[301.71, 21]","[364.86, 7]",208.86,59,185.71,0.05
07:33:21,"[115.94, 16]","[113.0, 7]","[281.0, 18]","[527.59, 17]",198.47,58,165.06,-0.21
07:33:22,"[115.0, 9]","[108.0, 18]","[298.56, 27]","[587.45, 33]",206.78,87,183.56,-0.38
07:33:23,"[115.0, 8]","[108.0, 16]","[296.12, 24]","[410.0, 8]",205.56,56,181.12,-0.14
07:33:24,"[115.0, 9]","[108.0, 18]","[270.0, 17]","[446.86, 28]",192.5,72,155.0,-0.25
07:33:25,"[108.08, 12]","[106.45, 40]","[244.41, 32]","[336.56, 16]",176.24,100,136.32,0.04
07:33:26,"[108.55, 11]","[104.2, 10]","[243.0, 21]","[315.0, 7]",175.77,49,134.45,-0.14
07:33:27,"[107.24, 25]","[104.0, 11]","[242.09, 33]","[287.27, 11]",174.67,80,134.85,-0.1
07:33:28,"[107.8, 30]","[107.31, 36]","[239.36, 42]","[475.98, 45]",173.58,153,131.56,-0.14
07:33:29,"[109.0, 11]","[108.0, 33]","[238.0, 33]","[489.62, 29]",173.5,106,129.0,-0.17
07:33:30,"[110.42, 26]","[109.71, 34]","[236.6, 40]","[305.75, 20]",173.51,120,126.18,0.0
07:33:31,"[115.13, 53]","[111.14, 42]","[236.0, 65]","[237.0, 39]",175.57,199,120.87,-0.05
07:33:32,"[116.0, 79]","[112.0, 33]","[235.67, 51]","[236.46, 37]",175.83,200,119.67,0.12
07:33:33,"[116.0, 45]","[112.0, 27]","[232.0, 31]","[234.06, 32]",174.0,135,116.0,0.07
07:33:34,"[116.0, 50]","[112.0, 30]","[193.94, 31]","[223.18, 22]",154.97,133,77.94,0.2
07:33:35,"[116.0, 54]","[114.21, 68]","[196.15, 39]","[196.92, 26]",156.08,187,80.15,0.3
07:33:36,"[116.0, 36]","[115.0, 90]","[193.29, 42]","[194.2, 30]",154.64,198,77.29,0.27
07:33:37,"[116.0, 60]","[115.0, 150]","[189.58, 57]","[191.09, 56]",152.79,323,73.58,0.3
07:33:38,"[116.0, 60]","[115.0, 150]","[184.73, 73]","[185.6, 42]",150.36,325,68.73,0.29
07:33:39,"[115.23, 70]","[113.58, 76]","[183.04, 48]","[184.41, 34]",149.14,228,67.81,0.28
07:33:40,"[115.0, 108]","[112.0, 72]","[180.61, 46]","[181.96, 50]",147.8,276,65.61,0.3
07:33:41,"[115.0, 86]","[112.0, 84]","[179.36, 36]","[182.18, 56]",147.18,262,64.36,0.3
07:33:42,"[115.0, 24]","[112.0, 90]","[173.91, 53]","[174.96, 23]",144.45,190,58.91,0.2
07:33:43,"[115.69, 13]","[112.82, 33]","[171.2, 35]","[172.42, 33]",143.45,114,55.51,-0.19
07:33:44,"[116.0, 17]","[115.0, 17]","[163.62, 32]","[165.31, 32]",139.81,98,47.62,-0.31
07:33:45,"[111.86, 29]","[110.33, 27]","[156.9, 20]","[158.54, 13]",134.38,89,45.04,0.26
07:33:46,"[112.0, 61]","[110.0, 48]","[132.78, 46]","[155.6, 20]",122.39,175,20.78,0.25
07:33:47,"[112.0, 16]","[110.0, 48]","[144.54, 24]","[153.23, 30]",128.27,118,32.54,0.08
07:33:48,"[110.46, 26]","[109.43, 42]","[143.57, 21]","[144.71, 21]",127.02,110,33.11,0.24
07:33:49,"[110.0, 34]","[108.96, 23]","[138.5, 20]","[139.18, 22]",124.25,99,28.5,0.15
07:33:50,"[109.56, 32]","[108.72, 25]","[132.26, 27]","[132.6, 25]",120.91,109,22.7,0.05
07:33:51,"[108.43, 37]","[107.33, 27]","[116.0, 18]","[119.31, 26]",112.22,108,7.57,0.19
07:33:52,"[110.38, 16]","[107.13, 46]","[112.91, 11]","[115.7, 20]",111.64,93,2.53,0.33
07:33:53,"[110.76, 21]","[107.24, 58]","[113.0, 26]","[121.38, 26]",111.88,131,2.24,0.21
07:33:54,"[109.19, 27]","[106.94, 85]","[112.15, 26]","[227.32, 44]",110.67,182,2.97,0.23
07:33:55,"[112.0, 18]","[109.0, 12]","[226.57, 21]","[282.17, 18]",169.29,69,114.57,-0.13
07:33:56,"[111.86, 21]","[109.77, 26]","[253.38, 45]","[362.19, 37]",182.62,129,141.52,-0.27
07:33:57,"[109.0, 12]","[107.0, 24]","[163.0, 14]","[228.32, 38]",136.0,88,54.0,-0.18
07:33:58,"[109.0, 12]","[107.0, 18]","[116.52, 29]","[181.29, 21]",112.76,80,7.52,-0.25
07:33:59,"[106.3, 20]","[95.46, 13]","[162.14, 49]","[278.61, 41]",134.22,123,55.84,-0.46
07:34:00,"[113.62, 42]","[85.52, 23]","[295.0, 45]","[373.0, 9]",204.31,119,181.38,0.09
07:34:01,"[116.0, 28]","[106.0, 16]","[267.72, 25]","[379.25, 36]",191.86,105,151.72,-0.16
07:34:02,"[116.0, 16]","[106.0, 16]","[161.0, 25]","[278.35, 31]",138.5,88,45.0,-0.27
07:34:03,"[111.83, 24]","[100.87, 39]","[135.0, 54]","[193.68, 44]",123.42,161,23.17,-0.22
07:34:04,"[106.0, 10]","[96.95, 19]","[164.8, 15]","[175.18, 11]",135.4,55,58.8,0.05
07:34:05,"[102.12, 26]","[73.89, 27]","[150.64, 33]","[169.68, 28]",126.38,114,48.52,-0.07
07:34:06,"[63.08, 24]","[41.88, 26]","[135.26, 23]","[184.44, 43]",99.17,116,72.18,-0.14
07:34:07,"[79.92, 12]","[74.62, 16]","[103.91, 22]","[116.06, 36]",91.91,86,23.99,-0.35
07:34:08,"[96.42, 19]","[94.17, 23]","[103.0, 21]","[105.0, 7]",99.71,70,6.58,0.2
07:34:09,"[100.27, 22]","[99.0, 26]","[120.0, 43]","[155.28, 29]",110.14,120,19.73,-0.2
07:34:10,"[107.2, 10]","[104.64, 11]","[123.48, 44]","[125.59, 37]",115.34,102,16.28,-0.59
07:34:11,"[115.83, 81]","[108.85, 13]","[121.23, 52]","[123.0, 65]",118.53,211,5.4,-0.11
07:34:12,"[109.25, 12]","[96.12, 8]","[119.88, 32]","[123.0, 40]",114.56,92,10.62,-0.57
07:34:13,"[112.0, 44]","[75.0, 40]","[117.9, 51]","[120.67, 54]",114.95,189,5.9,-0.11
07:34:14,"[112.0, 28]","[76.12, 34]","[116.12, 41]","[117.16, 49]",114.06,152,4.12,-0.18
07:34:15,"[110.89, 9]","[108.56, 16]","[115.83, 24]","[117.0, 30]",113.36,79,4.94,-0.37
07:34:16,"[111.42, 12]","[110.0, 36]","[115.0, 48]","[117.0, 60]",113.21,156,3.58,-0.38
07:34:17,"[110.59, 17]","[106.76, 79]","[113.12, 42]","[126.3, 27]",111.85,165,2.53,0.16
07:34:18,"[110.0, 46]","[106.0, 224]","[111.86, 64]","[198.84, 56]",110.93,390,1.86,0.38
07:34:19,"[109.29, 21]","[106.04, 146]","[111.88, 51]","[429.74, 46]",110.58,264,2.6,0.27
07:34:20,"[109.0, 21]","[106.0, 144]","[204.98, 41]","[333.22, 36]",156.99,242,95.98,0.36
07:34:21,"[106.18, 134]","[102.35, 79]","[195.56, 45]","[312.27, 44]",150.87,302,89.38,0.41
07:34:22,"[112.0, 36]","[108.25, 63]","[275.67, 48]","[683.0, 12]",193.83,159,163.67,0.25
07:34:23,"[112.0, 33]","[110.0, 55]","[378.7, 37]","[412.29, 34]",245.35,159,266.7,0.11
07:34:24,"[113.47, 19]","[111.02, 41]","[178.17, 36]","[203.71, 38]",145.82,134,64.69,-0.1
07:34:25,"[116.0, 8]","[112.0, 24]","[118.36, 14]","[171.4, 20]",117.18,66,2.36,-0.03
07:34:26,"[110.62, 26]","[109.0, 21]","[117.8, 30]","[157.4, 25]",114.21,102,7.18,-0.08
07:34:27,"[110.6, 20]","[108.0, 9]","[143.4, 15]","[424.68, 19]",127.0,63,32.8,-0.08
07:34:28,"[116.0, 10]","[110.0, 15]","[344.5, 8]","[581.0, 17]",230.25,50,228.5,0.0
07:34:29,"[116.0, 14]","[110.0, 21]","[446.6, 25]","[677.8, 10]",281.3,70,330.6,0.0
07:34:30,"[116.0, 16]","[110.0, 24]","[142.0, 40]","[653.0, 8]",129.0,88,26.0,-0.09
07:34:31,"[116.0, 6]","[110.0, 9]","[142.0, 15]","[583.33, 3]",129.0,33,26.0,-0.09
07:34:32,"[116.0, 14]","[111.0, 15]","[139.33, 30]","[169.37, 27]",127.67,86,23.33,-0.33
07:34:33,"[113.73, 11]","[110.83, 18]","[138.0, 32]","[434.94, 36]",125.86,97,24.27,-0.4
07:34:34,"[110.73, 11]","[109.71, 28]","[432.71, 34]","[515.12, 26]",271.72,99,321.98,-0.21
07:34:35,"[110.64, 50]","[108.22, 27]","[417.12, 33]","[461.47, 30]",263.88,140,306.48,0.1
07:34:36,"[112.0, 35]","[111.0, 224]","[372.81, 31]","[424.48, 29]",242.4,319,260.81,0.62
07:34:37,"[112.0, 49]","[111.0, 352]","[275.27, 37]","[290.72, 46]",193.64,484,163.27,0.66
07:34:38,"[112.93, 172]","[111.05, 202]","[143.58, 24]","[144.9, 42]",128.26,440,30.65,0.7
07:34:39,"[113.65, 364]","[112.0, 24]","[139.63, 49]","[142.57, 28]",126.64,465,25.98,0.67
07:34:40,"[114.0, 252]","[112.0, 18]","[124.33, 36]","[138.95, 21]",119.17,327,10.33,0.65
07:34:41,"[114.0, 264]","[112.0, 20]","[121.06, 36]","[123.36, 33]",117.53,353,7.06,0.61
07:34:42,"[113.67, 104]","[111.71, 21]","[119.17, 48]","[120.22, 36]",116.42,209,5.49,0.2
07:34:43,"[113.0, 40]","[112.0, 20]","[118.03, 31]","[119.42, 19]",115.52,110,5.03,0.09
07:34:44,"[113.0, 24]","[112.0, 16]","[116.3, 20]","[116.87, 23]",114.65,83,3.3,-0.04
07:34:45,"[112.17, 12]","[110.67, 24]","[114.0, 7]","[317.55, 29]",113.08,72,1.83,0.0
07:34:46,"[112.0, 18]","[111.0, 72]","[113.29, 17]","[269.0, 27]",112.65,134,1.29,0.34
07:34:47,"[112.0, 33]","[110.82, 49]","[113.07, 14]","[139.0, 28]",112.54,124,1.07,0.32
07:34:48,"[112.0, 15]","[110.0, 15]","[113.0, 5]","[431.2, 25]",112.5,60,1.0,0.0
07:34:49,"[111.0, 36]","[109.24, 102]","[364.43, 56]","[484.12, 56]",237.71,250,253.43,0.1
07:34:50,"[110.0, 30]","[109.0, 130]","[296.5, 30]","[405.6, 30]",203.25,220,186.5,0.45
07:34:51,"[110.0, 27]","[109.0, 117]","[253.27, 11]","[274.33, 21]",181.64,176,143.27,0.64
07:34:52,"[110.0, 30]","[109.0, 130]","[230.96, 28]","[241.57, 14]",170.48,202,120.96,0.58
07:34:53,"[110.0, 33]","[109.0, 143]","[223.82, 11]","[240.85, 13]",166.91,200,113.82,0.76
07:34:54,"[110.0, 27]","[109.0, 118]","[221.9, 10]","[222.9, 10]",165.95,165,111.9,0.76
07:34:55,"[109.33, 67]","[108.98, 149]","[189.76, 17]","[196.59, 17]",149.55,250,80.44,0.73
07:34:56,"[109.46, 65]","[108.95, 79]","[115.89, 9]","[207.75, 16]",112.68,169,6.43,0.7
07:34:57,"[110.12, 150]","[108.6, 30]","[184.55, 44]","[219.2, 55]",147.33,279,74.43,0.29
07:34:58,"[116.0, 52]","[110.5, 12]","[163.0, 28]","[165.0, 28]",139.5,120,47.0,0.07
07:34:59,"[116.0, 24]","[112.0, 6]","[163.0, 24]","[381.0, 24]",139.5,78,47.0,-0.23
07:35:00,"[116.0, 27]","[112.0, 7]","[163.0, 28]","[256.0, 28]",139.5,90,47.0,-0.24
07:35:01,"[110.88, 57]","[108.93, 60]","[153.0, 38]","[164.07, 41]",131.94,196,42.12,0.19
07:35:02,"[116.0, 89]","[110.47, 53]","[149.45, 44]","[170.29, 51]",132.73,237,33.45,0.2
07:35:03,"[111.76, 29]","[109.47, 76]","[147.4, 40]","[553.0, 38]",129.58,183,35.64,0.15
07:35:04,"[110.69, 49]","[109.16, 64]","[128.9, 40]","[307.23, 52]",119.8,205,18.21,0.1
07:35:05,"[109.0, 60]","[108.0, 6]","[140.5, 24]","[211.57, 28]",124.75,118,31.5,0.12
07:35:06,"[109.1, 78]","[108.67, 49]","[144.0, 26]","[145.0, 52]",126.55,205,34.9,0.24
07:35:07,"[109.0, 90]","[107.86, 42]","[140.45, 44]","[142.52, 46]",124.73,222,31.45,0.19
07:35:08,"[109.0, 42]","[108.0, 28]","[138.0, 28]","[139.0, 14]",123.5,112,29.0,0.25
07:35:09,"[109.0, 47]","[108.0, 28]","[137.0, 26]","[138.0, 16]",123.0,117,28.0,0.28
07:35:10,"[109.0, 46]","[108.0, 40]","[134.79, 28]","[135.5, 32]",121.89,146,25.79,0.18
07:35:11,"[109.0, 40]","[108.0, 40]","[131.7, 23]","[133.51, 35]",120.35,138,22.7,0.16
07:35:12,"[108.29, 28]","[107.62, 13]","[126.86, 21]","[128.85, 20]",117.57,82,18.57,0.0
07:35:13,"[108.29, 56]","[107.55, 29]","[122.97, 39]","[124.38, 58]",115.63,182,14.69,-0.07
07:35:14,"[111.67, 48]","[107.98, 45]","[119.45, 33]","[121.15, 33]",115.56,159,7.79,0.17
07:35:15,"[112.0, 48]","[108.82, 34]","[116.7, 40]","[117.6, 40]",114.35,162,4.7,0.01
07:35:16,"[110.64, 22]","[108.4, 30]","[114.57, 21]","[116.6, 30]",112.6,103,3.94,0.01
07:35:17,"[108.26, 35]","[107.6, 10]","[111.56, 27]","[113.05, 22]",109.91,94,3.3,-0.04
07:35:18,"[94.17, 48]","[96.87, 47]","[108.14, 28]","[355.6, 40]",101.15,163,13.98,0.17
07:35:19,"[74.0, 100]","[53.3, 10]","[106.57, 23]","[254.5, 28]",90.28,161,32.57,0.37
07:35:20,"[89.0, 110]","[48.73, 11]","[103.84, 38]","[107.4, 45]",96.42,204,14.84,0.19
07:35:21,"[90.84, 119]","[88.83, 94]","[103.24, 34]","[290.11, 36]",97.04,283,12.39,0.51
07:35:22,"[93.09, 53]","[92.94, 64]","[101.77, 39]","[103.33, 27]",97.43,183,8.67,0.28
07:35:23,"[95.09, 46]","[94.39, 123]","[100.27, 37]","[101.73, 37]",97.68,243,5.18,0.39
07:35:24,"[96.86, 7]","[95.03, 73]","[99.82, 11]","[102.14, 14]",98.34,105,2.96,0.52
07:35:25,"[108.5, 8]","[109.4, 63]","[291.77, 26]","[499.64, 11]",200.13,108,183.27,0.31
07:35:26,"[112.0, 4]","[110.0, 48]","[374.0, 16]","[473.5, 8]",243.0,76,262.0,0.37
07:35:27,"[115.84, 25]","[110.5, 16]","[342.42, 19]","[510.5, 16]",229.13,76,226.58,0.08
07:35:28,"[116.0, 39]","[112.0, 7]","[482.87, 23]","[544.62, 26]",299.43,95,366.87,-0.03
07:35:29,"[116.0, 25]","[112.0, 5]","[490.2, 25]","[573.0, 10]",303.1,65,374.2,-0.08
07:35:30,"[116.0, 30]","[112.0, 6]","[504.0, 30]","[719.0, 12]",310.0,78,388.0,-0.08
07:35:31,"[116.0, 16]","[112.86, 7]","[341.53, 17]","[530.5, 24]",228.76,64,225.53,-0.28
07:35:32,"[116.0, 12]","[115.0, 6]","[339.83, 12]","[342.0, 18]",227.92,48,223.83,-0.25
07:35:33,"[116.0, 16]","[115.0, 8]","[311.36, 22]","[400.86, 21]",213.68,67,195.36,-0.28
07:35:34,"[116.0, 22]","[115.0, 11]","[278.9, 40]","[306.73, 30]",197.45,103,162.9,-0.36
07:35:35,"[116.0, 22]","[115.0, 11]","[238.96, 27]","[250.72, 36]",177.48,96,122.96,-0.31
07:35:36,"[116.0, 14]","[115.0, 7]","[246.14, 28]","[249.0, 14]",181.07,63,130.14,-0.33
07:35:37,"[113.11, 27]","[110.6, 154]","[227.04, 55]","[230.54, 39]",170.07,275,113.93,0.32
07:35:38,"[112.0, 18]","[110.0, 162]","[206.89, 36]","[208.0, 18]",159.44,234,94.89,0.54
07:35:39,"[112.0, 10]","[110.0, 90]","[205.0, 16]","[205.86, 14]",158.5,130,93.0,0.54
07:35:40,"[110.69, 52]","[109.95, 170]","[201.8, 30]","[203.56, 36]",156.25,288,91.11,0.54
07:35:41,"[110.14, 158]","[109.73, 117]","[199.84, 38]","[200.6, 40]",154.99,353,89.7,0.56
07:35:42,"[116.0, 33]","[111.0, 44]","[198.73, 22]","[200.0, 44]",157.36,143,82.73,0.08
07:35:43,"[115.38, 39]","[110.43, 122]","[196.84, 19]","[199.37, 35]",156.11,215,81.46,0.5
07:35:44,"[115.0, 36]","[110.0, 153]","[193.08, 13]","[194.0, 14]",154.04,216,78.08,0.75
07:35:45,"[111.25, 128]","[109.85, 160]","[189.06, 33]","[189.82, 44]",150.16,365,77.81,0.58
07:35:46,"[110.26, 232]","[109.45, 116]","[182.39, 46]","[183.6, 53]",146.32,447,72.13,0.56
07:35:47,"[115.0, 33]","[110.0, 143]","[175.12, 42]","[176.86, 35]",145.06,253,60.12,0.39
07:35:48,"[110.1, 146]","[109.23, 57]","[170.1, 48]","[171.55, 29]",140.1,280,60.0,0.45
07:35:49,"[110.0, 130]","[109.0, 40]","[166.79, 19]","[167.93, 15]",138.39,204,56.79,0.67
07:35:50,"[110.0, 195]","[109.0, 60]","[156.9, 60]","[157.77, 35]",133.45,350,46.9,0.46
07:35:51,"[110.0, 78]","[109.0, 24]","[146.8, 10]","[148.56, 18]",128.4,130,36.8,0.57
07:35:52,"[110.0, 166]","[109.0, 56]","[135.06, 16]","[133.91, 22]",122.53,260,25.06,0.71
07:35:53,"[110.45, 62]","[109.57, 74]","[121.84, 43]","[125.06, 31]",116.14,210,11.39,0.3
07:35:54,"[111.83, 36]","[109.86, 83]","[116.42, 31]","[116.51, 39]",114.13,189,4.59,0.26
07:35:55,"[109.22, 18]","[108.16, 25]","[111.94, 17]","[112.86, 37]",110.58,97,2.72,-0.11
07:35:56,"[109.76, 50]","[108.44, 32]","[111.45, 29]","[112.64, 25]",110.6,136,1.69,0.21
07:35:57,"[108.33, 12]","[107.16, 38]","[110.2, 10]","[113.0, 10]",109.27,70,1.87,0.43
07:35:58,"[108.95, 19]","[107.07, 30]","[112.56, 9]","[309.68, 25]",110.75,83,3.61,0.18
07:35:59,"[110.38, 29]","[108.0, 5]","[112.4, 5]","[277.0, 15]",111.39,54,2.02,0.26
07:36:00,"[111.32, 50]","[109.48, 27]","[235.75, 16]","[277.0, 12]",173.53,105,124.43,0.47
07:36:01,"[112.2, 40]","[109.19, 62]","[364.03, 31]","[404.0, 20]",238.12,153,251.83,0.33
07:36:02,"[110.18, 34]","[108.91, 35]","[374.0, 28]","[424.0, 21]",242.09,118,263.82,0.17
07:36:03,"[109.0, 72]","[108.0, 9]","[212.41, 29]","[352.11, 35]",160.71,145,103.41,0.12
07:36:04,"[109.71, 42]","[108.8, 20]","[373.0, 20]","[427.1, 29]",241.36,111,263.29,0.12
07:36:05,"[112.0, 40]","[109.0, 74]","[374.05, 39]","[462.48, 33]",243.03,186,262.05,0.23
07:36:06,"[112.0, 20]","[109.0, 36]","[383.0, 20]","[491.75, 16]",247.5,92,271.0,0.22
07:36:07,"[112.0, 25]","[109.0, 46]","[383.0, 25]","[644.0, 20]",247.5,116,271.0,0.22
07:36:08,"[112.0, 45]","[109.0, 99]","[383.0, 45]","[590.96, 28]",247.5,217,271.0,0.33
07:36:09,"[112.0, 45]","[109.0, 99]","[383.0, 45]","[641.78, 27]",247.5,216,271.0,0.33
07:36:10,"[112.0, 40]","[109.01, 78]","[278.79, 34]","[348.67, 24]",195.4,176,166.79,0.34
07:36:11,"[112.0, 20]","[110.0, 4]","[259.0, 20]","[272.0, 12]",185.5,56,147.0,-0.14
07:36:12,"[112.57, 63]","[110.55, 22]","[252.77, 70]","[291.28, 36]",182.67,191,140.2,-0.11
07:36:13,"[116.0, 32]","[112.0, 24]","[242.25, 12]","[252.6, 30]",179.12,98,126.25,0.14
07:36:14,"[116.0, 49]","[112.0, 82]","[234.74, 34]","[244.41, 22]",175.37,187,118.74,0.4
07:36:15,"[114.75, 61]","[111.95, 86]","[179.17, 36]","[180.39, 18]",146.96,201,64.41,0.46
07:36:16,"[115.0, 99]","[112.0, 98]","[175.84, 32]","[177.04, 24]",145.42,253,60.84,0.56
07:36:17,"[115.0, 77]","[112.28, 29]","[172.91, 33]","[175.0, 11]",143.95,150,57.91,0.41
07:36:18,"[115.0, 119]","[112.32, 41]","[171.0, 39]","[171.8, 25]",143.0,224,56.0,0.43
07:36:19,"[115.0, 48]","[112.0, 49]","[165.46, 13]","[166.86, 7]",140.23,117,50.46,0.66
07:36:20,"[115.0, 30]","[112.0, 35]","[164.43, 7]","[165.08, 13]",139.71,85,49.43,0.53
07:36:21,"[113.02, 59]","[111.75, 51]","[162.73, 15]","[164.43, 21]",137.88,146,49.72,0.51
07:36:22,"[112.0, 57]","[110.0, 24]","[149.56, 61]","[159.08, 53]",130.78,195,37.56,-0.17
07:36:23,"[112.0, 45]","[110.0, 30]","[120.04, 57]","[121.25, 65]",116.02,197,8.04,-0.24
07:36:24,"[111.41, 17]","[109.58, 36]","[115.11, 45]","[115.6, 55]",113.26,153,3.7,-0.31
07:36:25,"[111.03, 35]","[109.29, 24]","[147.03, 58]","[355.37, 27]",129.03,144,36.01,-0.18
07:36:26,"[110.0, 14]","[109.0, 294]","[216.19, 43]","[399.38, 24]",163.09,375,106.19,0.64
07:36:27,"[110.0, 11]","[109.0, 231]","[178.52, 27]","[183.12, 25]",144.26,294,68.52,0.65
07:36:28,"[109.04, 198]","[108.62, 237]","[162.16, 51]","[164.82, 65]",135.6,551,53.12,0.58
07:36:29,"[109.02, 191]","[108.17, 109]","[155.76, 29]","[158.05, 19]",132.39,348,46.74,0.72
07:36:30,"[109.16, 175]","[108.51, 148]","[153.67, 27]","[154.96, 25]",131.41,375,44.51,0.72
07:36:31,"[109.74, 114]","[108.7, 162]","[149.76, 41]","[154.21, 38]",129.75,355,40.02,0.55
07:36:32,"[109.0, 221]","[107.76, 42]","[134.32, 59]","[146.27, 41]",121.66,363,25.32,0.45
07:36:33,"[109.0, 285]","[108.0, 68]","[131.07, 81]","[137.59, 64]",120.04,498,22.07,0.42
07:36:34,"[109.0, 169]","[108.0, 52]","[127.92, 53]","[128.9, 60]",118.46,334,18.92,0.32
07:36:35,"[109.0, 221]","[108.0, 68]","[122.74, 73]","[123.72, 64]",115.87,426,13.74,0.36
07:36:36,"[109.0, 143]","[108.0, 44]","[117.86, 35]","[118.93, 43]",113.43,265,8.86,0.41
07:36:37,"[109.0, 142]","[108.0, 44]","[115.09, 44]","[116.1, 42]",112.05,272,6.09,0.37
07:36:38,"[109.0, 144]","[108.0, 48]","[113.02, 43]","[114.0, 28]",111.01,263,4.02,0.46
07:36:39,"[109.02, 110]","[108.4, 60]","[112.05, 22]","[113.1, 40]",110.53,232,3.03,0.47
07:36:40,"[109.0, 144]","[108.0, 56]","[111.67, 36]","[157.89, 53]",110.33,289,2.67,0.38
07:36:41,"[109.0, 110]","[108.0, 48]","[111.0, 24]","[197.0, 48]",110.0,230,2.0,0.37
07:36:42,"[109.0, 48]","[108.0, 24]","[110.18, 11]","[219.67, 24]",109.59,107,1.18,0.35
07:36:43,"[109.0, 57]","[108.0, 32]","[254.61, 23]","[404.71, 17]",181.8,129,145.61,0.38
07:36:44,"[109.33, 43]","[108.36, 44]","[370.11, 18]","[558.89, 27]",239.72,132,260.79,0.32
07:36:45,"[109.0, 22]","[108.0, 28]","[464.94, 18]","[698.25, 16]",286.97,84,355.94,0.19
07:36:46,"[111.77, 53]","[108.88, 32]","[230.52, 25]","[474.9, 10]",171.15,120,118.75,0.42
07:36:47,"[112.0, 35]","[109.0, 24]","[231.05, 19]","[528.67, 24]",171.53,102,119.05,0.16
07:36:48,"[112.0, 12]","[108.33, 12]","[227.74, 19]","[437.35, 17]",169.87,60,115.74,-0.2
07:36:49,"[110.58, 40]","[108.88, 64]","[222.81, 32]","[408.55, 38]",166.69,174,112.24,0.2
07:36:50,"[109.0, 48]","[108.0, 16]","[148.64, 14]","[192.19, 16]",128.82,94,39.64,0.36
07:36:51,"[109.0, 38]","[108.0, 16]","[128.0, 12]","[221.0, 16]",118.5,82,19.0,0.32
07:36:52,"[109.0, 49]","[108.0, 28]","[126.0, 21]","[315.57, 28]",117.5,126,17.0,0.22
07:36:53,"[109.0, 15]","[108.0, 20]","[125.0, 15]","[197.0, 20]",117.0,70,16.0,0.0
07:36:54,"[109.0, 10]","[108.0, 20]","[124.8, 15]","[197.0, 20]",116.9,65,15.8,-0.08
07:36:55,"[112.33, 18]","[108.2, 20]","[123.0, 18]","[204.17, 24]",117.67,80,10.67,-0.05
07:36:56,"[113.6, 20]","[108.6, 10]","[123.0, 18]","[657.5, 24]",118.3,72,9.4,-0.17
07:36:57,"[108.0, 10]","[107.0, 5]","[122.0, 15]","[409.4, 20]",115.0,50,14.0,-0.4
07:36:58,"[108.8, 15]","[107.25, 8]","[122.0, 21]","[532.43, 28]",115.4,72,13.2,-0.36
07:36:59,"[110.74, 19]","[63.64, 28]","[121.44, 27]","[526.0, 36]",116.09,110,10.71,-0.15
07:37:00,"[106.0, 8]","[60.0, 40]","[117.92, 24]","[117.0, 8]",111.96,80,11.92,0.2
07:37:01,"[107.98, 58]","[96.94, 32]","[112.25, 36]","[113.82, 28]",110.12,154,4.27,0.17
07:37:02,"[108.58, 12]","[107.59, 44]","[110.3, 23]","[174.58, 19]",109.44,98,1.72,0.14
07:37:03,"[108.0, 50]","[106.0, 90]","[112.3, 10]","[349.57, 35]",110.15,185,4.3,0.51
07:37:04,"[108.86, 28]","[106.5, 60]","[302.64, 28]","[461.75, 24]",205.75,140,193.79,0.26
07:37:05,"[110.67, 15]","[107.16, 43]","[268.5, 30]","[449.21, 29]",189.58,117,157.83,-0.01
07:37:06,"[108.67, 60]","[107.05, 76]","[220.61, 46]","[250.38, 52]",164.64,234,111.94,0.16
07:37:07,"[108.0, 25]","[106.0, 45]","[224.8, 20]","[278.0, 20]",166.4,110,116.8,0.27
07:37:08,"[114.4, 50]","[107.38, 58]","[206.19, 27]","[241.19, 32]",160.29,167,91.79,0.29
07:37:09,"[116.0, 60]","[108.75, 56]","[154.15, 27]","[155.9, 21]",135.07,164,38.15,0.41
07:37:10,"[113.23, 43]","[109.92, 62]","[148.69, 29]","[151.5, 32]",130.96,166,35.46,0.27
07:37:11,"[109.07, 43]","[108.27, 55]","[144.36, 14]","[145.0, 29]",126.71,141,35.29,0.39
07:37:12,"[109.92, 12]","[108.42, 52]","[142.15, 33]","[143.74, 27]",126.03,124,32.23,0.03
07:37:13,"[109.67, 46]","[107.94, 32]","[138.71, 21]","[140.31, 48]",124.19,147,29.04,0.06
07:37:14,"[108.0, 44]","[107.0, 22]","[135.27, 11]","[138.0, 44]",121.64,121,27.27,0.09
07:37:15,"[108.0, 24]","[107.0, 12]","[131.83, 18]","[134.42, 12]",119.92,66,23.83,0.09
07:37:16,"[109.14, 63]","[108.0, 44]","[128.74, 23]","[129.71, 17]",118.94,147,19.6,0.46
07:37:17,"[110.0, 45]","[108.0, 60]","[123.9, 21]","[125.52, 33]",116.95,159,13.9,0.32
07:37:18,"[110.0, 33]","[108.0, 44]","[120.0, 11]","[121.47, 17]",115.0,105,10.0,0.47
07:37:19,"[110.0, 45]","[108.0, 44]","[116.35, 17]","[120.09, 11]",113.18,117,6.35,0.52
07:37:20,"[110.0, 98]","[108.0, 56]","[112.76, 29]","[113.51, 41]",111.38,224,2.76,0.38
07:37:21,"[110.0, 109]","[108.82, 68]","[112.29, 68]","[113.28, 53]",111.15,298,2.29,0.19
07:37:22,"[109.15, 71]","[108.09, 132]","[179.29, 38]","[262.67, 42]",144.22,283,70.13,0.43
07:37:23,"[108.06, 64]","[107.22, 36]","[283.48, 21]","[405.23, 35]",195.77,156,175.41,0.28
07:37:24,"[112.5, 16]","[110.38, 26]","[242.33, 15]","[247.42, 24]",177.42,81,129.83,0.04
07:37:25,"[114.5, 8]","[112.86, 14]","[241.0, 7]","[242.0, 14]",177.75,43,126.5,0.02
07:37:26,"[109.0, 8]","[108.0, 32]","[156.0, 11]","[194.36, 11]",132.5,62,47.0,0.29
07:37:27,"[108.68, 28]","[107.56, 32]","[127.17, 18]","[131.44, 18]",117.92,96,18.49,0.25
07:37:28,"[112.0, 30]","[108.25, 24]","[117.0, 14]","[119.64, 22]",114.5,90,5.0,0.2
07:37:29,"[112.1, 78]","[109.8, 15]","[410.13, 31]","[493.65, 20]",261.12,144,298.03,0.29
07:37:30,"[116.0, 2]","[112.0, 4]","[709.0, 10]","[720.0, 6]",412.5,22,593.0,-0.45
07:37:31,"[111.22, 9]","[108.57, 21]","[708.0, 14]","[715.6, 25]",409.61,69,596.78,-0.13
07:37:32,"[107.0, 22]","[106.0, 55]","[341.91, 32]","[526.83, 24]",224.45,133,234.91,0.16
07:37:33,"[107.0, 20]","[106.0, 50]","[258.62, 29]","[260.67, 36]",182.81,135,151.62,0.04
07:37:34,"[107.0, 17]","[106.0, 55]","[222.69, 26]","[245.36, 25]",164.85,123,115.69,0.17
07:37:35,"[108.57, 46]","[107.21, 14]","[125.14, 28]","[173.33, 24]",116.85,112,16.58,0.07
07:37:36,"[109.59, 74]","[107.75, 20]","[121.25, 24]","[122.11, 36]",115.42,154,11.66,0.22
07:37:37,"[108.69, 58]","[107.3, 33]","[118.71, 34]","[119.75, 32]",113.7,157,10.02,0.16
07:37:38,"[109.0, 112]","[108.0, 42]","[116.43, 28]","[119.0, 56]",112.71,238,7.43,0.29
07:37:39,"[109.78, 72]","[108.0, 27]","[114.11, 18]","[119.0, 36]",111.94,153,4.33,0.29
07:37:40,"[110.77, 73]","[108.43, 23]","[112.45, 22]","[117.24, 34]",111.61,152,1.69,0.26
07:37:41,"[111.84, 25]","[109.22, 45]","[117.93, 56]","[311.86, 37]",114.88,163,6.09,-0.14
07:37:42,"[116.0, 8]","[112.0, 24]","[117.25, 32]","[210.29, 21]",116.62,85,1.25,-0.25
07:37:43,"[113.0, 20]","[111.33, 18]","[201.67, 27]","[385.05, 19]",157.33,84,88.67,-0.1
07:37:44,"[113.18, 44]","[112.0, 54]","[409.09, 33]","[426.24, 21]",261.14,152,295.91,0.29
07:37:45,"[114.55, 22]","[113.0, 48]","[265.81, 27]","[344.68, 22]",190.18,119,151.27,0.18
07:37:46,"[116.0, 9]","[115.0, 36]","[192.89, 36]","[195.0, 27]",154.44,108,76.89,-0.17
07:37:47,"[116.0, 8]","[115.0, 32]","[162.38, 24]","[189.19, 31]",139.19,95,46.38,-0.16
07:37:48,"[116.0, 7]","[115.0, 28]","[142.0, 25]","[155.45, 22]",129.0,82,26.0,-0.15
07:37:49,"[115.75, 12]","[114.57, 42]","[138.84, 38]","[156.25, 32]",127.3,124,23.09,-0.13
07:37:50,"[115.0, 30]","[112.0, 60]","[137.7, 30]","[139.0, 40]",126.35,160,22.7,0.12
07:37:51,"[112.63, 57]","[111.14, 42]","[135.55, 44]","[138.04, 47]",124.09,190,22.91,0.04
07:37:52,"[112.0, 65]","[110.0, 28]","[133.64, 55]","[134.79, 43]",122.82,191,21.64,-0.03
07:37:53,"[112.0, 36]","[110.0, 20]","[130.33, 33]","[131.49, 35]",121.17,124,18.33,-0.1
07:37:54,"[110.58, 24]","[109.14, 28]","[125.17, 41]","[126.42, 26]",117.88,119,14.59,-0.13
07:37:55,"[106.84, 38]","[100.0, 46]","[122.45, 20]","[124.1, 52]",114.65,156,15.61,0.08
07:37:56,"[113.8, 40]","[108.9, 40]","[120.0, 12]","[123.76, 34]",116.9,126,6.2,0.27
07:37:57,"[110.0, 72]","[106.0, 63]","[117.78, 18]","[120.0, 9]",113.89,162,7.78,0.67
07:37:58,"[110.0, 72]","[108.0, 42]","[116.13, 15]","[118.0, 12]",113.07,141,6.13,0.62
07:37:59,"[110.57, 56]","[108.42, 53]","[113.86, 7]","[116.0, 14]",112.21,130,3.29,0.68
07:38:00,"[110.82, 89]","[109.49, 110]","[165.18, 22]","[147.28, 29]",138.0,250,54.36,0.59
07:38:01,"[110.0, 56]","[106.44, 45]","[229.0, 35]","[405.0, 7]",169.5,143,119.0,0.41
07:38:02,"[110.0, 48]","[108.0, 30]","[219.0, 6]","[313.85, 26]",164.5,110,109.0,0.42
07:38:03,"[115.0, 50]","[110.0, 90]","[429.87, 38]","[468.45, 40]",272.43,218,314.87,0.28
07:38:04,"[111.52, 82]","[109.25, 80]","[412.19, 21]","[488.13, 46]",261.86,229,300.67,0.41
07:38:05,"[110.0, 46]","[108.0, 94]","[377.64, 11]","[494.61, 33]",243.82,184,267.64,0.52
07:38:06,"[115.0, 26]","[110.0, 32]","[453.24, 33]","[538.52, 63]",284.12,154,338.24,-0.25
07:38:07,"[115.0, 20]","[110.0, 30]","[405.82, 28]","[448.03, 31]",260.41,109,290.82,-0.08
07:38:08,"[115.18, 22]","[111.14, 35]","[312.47, 34]","[411.43, 37]",213.83,128,197.29,-0.11
07:38:09,"[116.0, 13]","[115.0, 26]","[205.71, 48]","[225.73, 37]",160.85,124,89.71,-0.37
07:38:10,"[115.14, 14]","[110.5, 40]","[142.03, 32]","[151.31, 26]",128.59,112,26.89,-0.04
07:38:11,"[112.27, 11]","[109.56, 27]","[140.57, 14]","[141.08, 26]",126.42,78,28.3,-0.03
07:38:12,"[110.0, 18]","[109.0, 36]","[135.37, 30]","[136.62, 24]",122.68,108,25.37,0.0
07:38:13,"[110.0, 22]","[109.0, 44]","[130.93, 29]","[132.1, 20]",120.47,115,20.93,0.15
07:38:14,"[110.0, 26]","[109.0, 52]","[127.02, 43]","[128.18, 22]",118.51,143,17.02,0.09
07:38:15,"[110.0, 20]","[109.0, 40]","[124.18, 22]","[124.5, 28]",117.09,110,14.18,0.09
07:38:16,"[111.76, 68]","[109.64, 44]","[117.58, 66]","[119.9, 63]",114.67,241,5.81,-0.07
07:38:17,"[112.0, 29]","[110.0, 16]","[117.0, 32]","[118.0, 32]",114.5,109,5.0,-0.17
07:38:18,"[112.0, 18]","[110.0, 36]","[114.83, 72]","[117.22, 72]",113.42,198,2.83,-0.45
07:38:19,"[112.32, 37]","[110.65, 46]","[118.77, 26]","[399.69, 70]",115.55,179,6.44,-0.07
07:38:20,"[111.34, 35]","[109.31, 35]","[120.43, 14]","[433.28, 53]",115.89,137,9.09,0.02
07:38:21,"[113.33, 84]","[107.56, 50]","[119.07, 14]","[182.71, 49]",116.2,197,5.74,0.36
07:38:22,"[116.0, 88]","[108.0, 48]","[117.0, 12]","[259.05, 39]",116.5,187,1.0,0.45
07:38:23,"[109.93, 58]","[107.15, 52]","[117.0, 13]","[362.62, 48]",113.47,171,7.07,0.29
07:38:24,"[108.0, 28]","[107.0, 28]","[130.7, 10]","[299.29, 28]",119.35,94,22.7,0.19
07:38:25,"[114.72, 75]","[108.0, 40]","[153.14, 21]","[178.65, 34]",133.93,170,38.42,0.35
07:38:26,"[116.0, 141]","[113.09, 110]","[150.87, 31]","[151.88, 65]",133.44,347,34.87,0.45
07:38:27,"[116.0, 120]","[112.46, 65]","[124.41, 29]","[135.48, 23]",120.21,237,8.41,0.56
07:38:28,"[116.0, 192]","[112.47, 38]","[120.3, 40]","[121.95, 56]",118.15,326,4.3,0.41
07:38:29,"[116.0, 130]","[115.0, 45]","[117.2, 75]","[178.1, 58]",116.6,308,1.2,0.14
07:38:30,"[116.0, 42]","[115.0, 33]","[117.0, 55]","[270.82, 33]",116.5,163,1.0,-0.08
07:38:31,"[116.0, 16]","[115.0, 24]","[117.0, 40]","[278.7, 20]",116.5,100,1.0,-0.2
07:38:32,"[112.86, 42]","[108.82, 66]","[143.28, 36]","[314.36, 45]",128.07,189,30.42,0.14
07:38:33,"[110.0, 30]","[108.76, 66]","[131.36, 42]","[133.0, 56]",120.68,194,21.36,-0.01
07:38:34,"[112.0, 19]","[109.84, 61]","[130.86, 59]","[132.84, 74]",121.43,213,18.86,-0.25
07:38:35,"[111.5, 12]","[109.84, 32]","[129.57, 35]","[130.43, 35]",120.54,114,18.07,-0.23
07:38:36,"[110.0, 39]","[109.0, 65]","[127.8, 41]","[129.76, 50]",118.9,195,17.8,0.07
07:38:37,"[109.12, 51]","[108.16, 64]","[124.47, 43]","[125.88, 34]",116.79,192,15.35,0.2
07:38:38,"[109.86, 72]","[108.6, 30]","[122.0, 36]","[123.0, 48]",115.93,186,12.14,0.1
07:38:39,"[110.0, 72]","[109.0, 11]","[120.63, 38]","[122.23, 39]",115.32,160,10.63,0.04
07:38:40,"[108.29, 70]","[107.1, 105]","[118.2, 60]","[121.0, 45]",113.24,280,9.91,0.25
07:38:41,"[110.53, 38]","[107.87, 76]","[114.03, 40]","[123.71, 42]",112.28,196,3.5,0.16
07:38:42,"[108.0, 28]","[107.0, 70]","[113.0, 21]","[324.17, 23]",110.5,142,5.0,0.38
07:38:43,"[108.38, 64]","[107.11, 112]","[111.15, 39]","[287.46, 39]",109.76,254,2.78,0.39
07:38:44,"[112.33, 101]","[112.81, 126]","[198.28, 54]","[257.92, 38]",155.3,319,85.95,0.42
07:38:45,"[116.0, 36]","[115.0, 161]","[136.86, 28]","[206.77, 43]",126.43,268,20.86,0.47
07:38:46,"[116.0, 28]","[115.0, 147]","[136.0, 28]","[137.0, 21]",126.0,224,20.0,0.56
07:38:47,"[116.0, 13]","[115.0, 273]","[135.15, 52]","[137.0, 39]",125.58,377,19.15,0.52
07:38:48,"[116.0, 7]","[115.0, 147]","[133.71, 28]","[257.91, 23]",124.86,205,17.71,0.5
07:38:49,"[115.06, 89]","[114.58, 113]","[131.85, 33]","[269.5, 44]",123.45,279,16.79,0.45
07:38:50,"[115.0, 210]","[109.0, 20]","[130.0, 40]","[156.82, 34]",122.5,304,15.0,0.51
07:38:51,"[115.0, 273]","[109.0, 26]","[126.77, 52]","[130.0, 52]",120.88,403,11.77,0.48
07:38:52,"[115.0, 126]","[109.0, 12]","[124.5, 24]","[126.0, 24]",119.75,186,9.5,0.48
07:38:53,"[115.02, 279]","[111.36, 64]","[122.17, 35]","[122.64, 56]",118.6,434,7.15,0.58
07:38:54,"[115.03, 259]","[113.18, 231]","[118.31, 52]","[120.74, 43]",116.67,585,3.28,0.68
07:38:55,"[115.0, 169]","[110.0, 70]","[116.0, 40]","[120.0, 10]",115.5,289,1.0,0.65
07:38:56,"[115.0, 34]","[110.16, 38]","[118.22, 9]","[305.0, 6]",116.61,87,3.22,0.66
07:38:57,"[115.0, 65]","[112.0, 39]","[119.15, 13]","[224.31, 49]",117.08,166,4.15,0.25
07:38:58,"[115.0, 70]","[112.0, 42]","[117.71, 14]","[409.48, 61]",116.36,187,2.71,0.2
07:38:59,"[115.0, 49]","[112.0, 33]","[296.72, 32]","[380.64, 39]",205.86,153,181.72,0.07
07:39:00,"[114.86, 42]","[111.62, 37]","[206.36, 44]","[321.0, 55]",160.61,178,91.51,-0.11
07:39:01,"[112.0, 18]","[110.0, 63]","[322.44, 27]","[526.0, 42]",217.22,150,210.44,0.08
07:39:02,"[112.44, 36]","[110.8, 70]","[404.58, 31]","[511.32, 41]",258.51,178,292.14,0.19
07:39:03,"[113.56, 18]","[110.99, 99]","[384.0, 48]","[484.36, 33]",248.78,198,270.44,0.18
07:39:04,"[112.0, 14]","[110.0, 70]","[384.0, 28]","[418.0, 7]",248.0,119,272.0,0.41
07:39:05,"[112.0, 22]","[110.0, 110]","[348.0, 17]","[479.9, 42]",230.0,191,236.0,0.38
07:39:06,"[110.82, 68]","[109.89, 90]","[268.0, 14]","[502.89, 57]",189.41,229,157.18,0.38
07:39:07,"[112.0, 40]","[110.0, 80]","[379.09, 22]","[456.19, 37]",245.55,179,267.09,0.34
07:39:08,"[112.78, 27]","[110.82, 68]","[482.17, 36]","[490.78, 32]",297.47,163,369.39,0.17
07:39:09,"[110.71, 28]","[110.71, 28]","[285.58, 19]","[319.53, 15]",198.15,90,174.86,0.24
07:39:10,"[110.0, 48]","[109.0, 24]","[190.5, 6]","[294.55, 22]",150.25,100,80.5,0.44
07:39:11,"[110.0, 32]","[109.0, 28]","[190.0, 7]","[384.39, 23]",150.0,90,80.0,0.33
07:39:12,"[109.88, 17]","[108.77, 39]","[355.22, 23]","[447.97, 39]",232.55,118,245.34,-0.05
07:39:13,"[110.29, 7]","[109.08, 13]","[403.71, 35]","[438.42, 19]",257.0,74,293.43,-0.46
07:39:14,"[111.23, 13]","[109.44, 18]","[278.82, 57]","[426.58, 57]",195.03,145,167.59,-0.57
07:39:15,"[108.06, 33]","[107.07, 56]","[154.39, 31]","[235.18, 11]",131.22,131,46.33,0.36
07:39:16,"[107.11, 35]","[106.53, 68]","[250.19, 16]","[328.28, 36]",178.65,155,143.07,0.33
07:39:17,"[108.5, 12]","[106.82, 38]","[302.5, 6]","[424.39, 18]",205.5,74,194.0,0.35
07:39:18,"[112.0, 20]","[107.0, 4]","[302.0, 4]","[435.0, 4]",207.0,32,190.0,0.5
07:39:19,"[112.0, 25]","[107.0, 5]","[301.0, 5]","[567.0, 5]",206.5,40,189.0,0.5
07:39:20,"[113.04, 46]","[111.41, 17]","[301.0, 5]","[666.2, 5]",207.02,73,187.96,0.73
07:39:21,"[114.0, 144]","[112.0, 60]","[297.57, 28]","[346.75, 12]",205.79,244,183.57,0.67
07:39:22,"[115.0, 12]","[114.0, 120]","[291.35, 26]","[295.58, 26]",203.17,184,176.35,0.43
07:39:23,"[114.53, 57]","[113.09, 66]","[267.0, 18]","[270.78, 9]",190.76,150,152.47,0.64
07:39:24,"[115.0, 99]","[112.0, 55]","[257.69, 29]","[268.07, 28]",186.34,211,142.69,0.46
07:39:25,"[115.64, 76]","[114.57, 105]","[208.24, 17]","[261.7, 37]",161.94,235,92.59,0.54
07:39:26,"[116.0, 50]","[115.0, 90]","[261.03, 35]","[263.69, 29]",188.51,204,145.03,0.37
07:39:27,"[116.0, 40]","[115.0, 72]","[231.29, 24]","[253.29, 21]",173.65,157,115.29,0.43
07:39:28,"[116.0, 30]","[115.0, 54]","[151.78, 18]","[152.52, 23]",133.89,125,35.78,0.34
07:39:29,"[115.61, 23]","[114.91, 130]","[128.75, 44]","[134.92, 39]",122.18,236,13.14,0.3
07:39:30,"[115.0, 33]","[112.0, 40]","[123.12, 32]","[123.92, 26]",119.06,131,8.12,0.11
07:39:31,"[112.0, 36]","[110.0, 27]","[120.17, 24]","[121.28, 36]",116.08,123,8.17,0.02
07:39:32,"[112.0, 28]","[110.0, 21]","[117.29, 14]","[118.43, 14]",114.64,77,5.29,0.27
07:39:33,"[112.0, 36]","[110.0, 27]","[114.56, 18]","[116.33, 18]",113.28,99,2.56,0.27
07:39:34,"[111.0, 24]","[109.57, 28]","[115.2, 30]","[354.0, 30]",113.1,112,4.2,-0.07
07:39:35,"[109.0, 16]","[107.97, 29]","[114.0, 24]","[116.0, 16]",111.5,85,5.0,0.06
07:39:36,"[109.0, 16]","[108.0, 32]","[113.7, 23]","[115.47, 17]",111.35,88,4.7,0.09
07:39:37,"[109.0, 16]","[108.0, 32]","[185.47, 17]","[202.67, 21]",147.24,86,76.47,0.12
07:39:38,"[108.25, 24]","[107.67, 18]","[163.55, 31]","[394.67, 12]",135.9,85,55.3,-0.01
07:39:39,"[109.76, 75]","[107.36, 28]","[117.78, 45]","[322.0, 9]",113.77,157,8.02,0.31
07:39:40,"[112.0, 77]","[108.0, 21]","[117.0, 35]","[309.08, 13]",114.5,146,5.0,0.34
07:39:41,"[112.79, 96]","[108.0, 30]","[116.4, 50]","[190.32, 28]",114.6,204,3.61,0.24
07:39:42,"[113.0, 24]","[110.0, 32]","[116.0, 20]","[123.0, 12]",114.5,88,3.0,0.27
07:39:43,"[113.0, 48]","[110.0, 64]","[115.0, 40]","[265.5, 24]",114.0,176,2.0,0.27
07:39:44,"[113.0, 42]","[110.45, 62]","[278.45, 29]","[366.5, 16]",195.72,149,165.45,0.4
07:39:45,"[114.0, 50]","[112.0, 70]","[279.8, 40]","[311.86, 35]",196.9,195,165.8,0.23
07:39:46,"[114.75, 56]","[112.53, 85]","[211.21, 56]","[219.92, 52]",162.98,249,96.46,0.13
07:39:47,"[116.0, 13]","[115.0, 65]","[209.08, 65]","[211.0, 52]",162.54,195,93.08,-0.2
07:39:48,"[115.39, 23]","[113.44, 94]","[206.72, 72]","[208.22, 72]",161.06,261,91.33,-0.1
07:39:49,"[115.0, 18]","[112.0, 63]","[203.0, 45]","[207.0, 36]",159.0,162,88.0,0.0
07:39:50,"[113.36, 22]","[111.19, 59]","[200.15, 33]","[201.62, 39]",156.76,153,86.79,0.06
07:39:51,"[110.13, 60]","[109.25, 32]","[199.07, 40]","[200.24, 41]",154.6,173,88.94,0.06
07:39:52,"[110.0, 70]","[109.0, 30]","[163.11, 36]","[182.3, 33]",136.56,169,53.11,0.18
07:39:53,"[110.0, 84]","[109.0, 36]","[143.69, 55]","[156.23, 47]",126.85,222,33.69,0.08
07:39:54,"[110.0, 42]","[109.0, 18]","[138.24, 25]","[142.56, 27]",124.12,112,28.24,0.07
07:39:55,"[110.0, 67]","[109.0, 39]","[139.55, 55]","[141.19, 62]",124.77,223,29.55,-0.05
07:39:56,"[110.0, 21]","[109.0, 21]","[136.64, 33]","[139.0, 30]",123.32,105,26.64,-0.2
07:39:57,"[113.02, 53]","[110.18, 38]","[133.92, 66]","[135.12, 69]",123.47,226,20.91,-0.19
07:39:58,"[115.0, 36]","[112.0, 18]","[131.73, 41]","[133.0, 40]",123.37,135,16.73,-0.2
07:39:59,"[113.09, 33]","[110.46, 39]","[128.29, 56]","[130.06, 62]",120.69,190,15.19,-0.24
07:40:00,"[116.0, 30]","[113.0, 15]","[124.3, 50]","[125.2, 44]",120.15,139,8.3,-0.35
07:40:01,"[113.33, 18]","[109.92, 59]","[123.0, 70]","[124.0, 70]",118.17,217,9.67,-0.29
07:40:02,"[112.0, 12]","[110.0, 73]","[121.7, 56]","[123.5, 60]",116.85,201,9.7,-0.15
07:40:03,"[112.0, 14]","[110.0, 98]","[119.7, 44]","[120.91, 68]",115.85,224,7.7,0.0
07:40:04,"[112.0, 15]","[110.0, 45]","[116.0, 46]","[117.21, 56]",114.0,162,4.0,-0.26
07:40:05,"[108.84, 56]","[107.93, 69]","[112.38, 78]","[113.77, 60]",110.61,263,3.55,-0.05
07:40:06,"[108.0, 71]","[107.0, 80]","[109.61, 56]","[114.41, 41]",108.8,248,1.61,0.22
07:40:07,"[107.06, 51]","[106.58, 26]","[108.96, 48]","[200.2, 44]",108.01,169,1.9,-0.09
07:40:08,"[107.0, 36]","[106.0, 12]","[118.67, 36]","[151.8, 40]",112.83,124,11.67,-0.23
07:40:09,"[81.4, 30]","[52.32, 47]","[205.46, 39]","[271.45, 31]",143.43,147,124.06,0.05
07:40:10,"[92.72, 85]","[67.42, 86]","[208.56, 27]","[330.3, 30]",150.64,228,115.84,0.5
07:40:11,"[99.17, 36]","[77.44, 41]","[243.0, 18]","[272.33, 9]",171.08,104,143.83,0.48
07:40:12,"[74.79, 149]","[58.87, 89]","[256.0, 29]","[507.69, 16]",165.39,283,181.21,0.68
07:40:13,"[91.07, 90]","[84.69, 150]","[100.0, 36]","[267.82, 17]",95.53,293,8.93,0.64
07:40:14,"[92.0, 7]","[89.73, 95]","[382.4, 10]","[642.0, 12]",237.2,124,290.4,0.65
07:40:15,"[104.74, 43]","[76.61, 23]","[473.71, 7]","[634.77, 13]",289.23,86,368.97,0.53
07:40:16,"[114.11, 61]","[105.0, 108]","[329.44, 18]","[450.23, 13]",221.78,200,215.33,0.69
07:40:17,"[116.0, 49]","[108.87, 69]","[188.43, 7]","[292.33, 12]",152.21,137,72.43,0.72
07:40:18,"[116.0, 72]","[112.0, 121]","[187.18, 11]","[374.82, 22]",151.59,226,71.18,0.71
07:40:19,"[116.0, 84]","[112.0, 154]","[186.21, 14]","[375.77, 26]",151.11,278,70.21,0.71
07:40:20,"[116.0, 40]","[112.0, 88]","[185.12, 8]","[370.5, 8]",150.56,144,69.12,0.78
07:40:21,"[116.0, 56]","[112.0, 77]","[151.43, 7]","[259.0, 7]",133.71,147,35.43,0.81
07:40:22,"[116.0, 56]","[112.0, 154]","[171.87, 30]","[187.25, 20]",143.93,260,55.87,0.62
07:40:23,"[116.0, 42]","[112.0, 143]","[172.31, 13]","[329.0, 13]",144.15,211,56.31,0.75
07:40:24,"[113.43, 28]","[111.55, 71]","[170.0, 7]","[329.0, 7]",141.71,113,56.57,0.75
07:40:25,"[112.21, 57]","[110.95, 76]","[169.22, 9]","[467.35, 17]",140.72,159,57.01,0.67
07:40:26,"[113.25, 24]","[112.0, 72]","[167.62, 8]","[482.67, 12]",140.44,116,54.38,0.66
07:40:27,"[114.91, 33]","[112.38, 78]","[165.33, 12]","[517.75, 16]",140.12,139,50.42,0.6
07:40:28,"[115.0, 15]","[112.0, 45]","[165.0, 5]","[490.71, 7]",140.0,72,50.0,0.67
07:40:29,"[115.0, 29]","[112.0, 99]","[140.48, 29]","[180.65, 23]",127.74,180,25.48,0.42
07:40:30,"[115.0, 12]","[111.5, 96]","[125.0, 33]","[149.35, 23]",120.0,164,10.0,0.32
07:40:31,"[111.7, 23]","[110.07, 30]","[122.33, 9]","[125.21, 19]",117.01,81,10.64,0.31
07:40:32,"[110.57, 56]","[109.46, 35]","[121.67, 9]","[123.0, 27]",116.12,127,11.1,0.43
07:40:33,"[112.0, 94]","[111.0, 10]","[118.91, 22]","[121.0, 18]",115.45,144,6.91,0.44
07:40:34,"[112.0, 114]","[111.0, 12]","[115.21, 34]","[117.88, 16]",113.6,176,3.21,0.43
07:40:35,"[110.48, 42]","[108.85, 13]","[118.6, 30]","[158.86, 14]",114.54,99,8.12,0.11
07:40:36,"[109.58, 38]","[108.06, 17]","[116.14, 21]","[131.0, 15]",112.86,91,6.56,0.21
07:40:37,"[110.0, 26]","[109.0, 15]","[114.8, 15]","[561.0, 5]",112.4,61,4.8,0.34
07:40:38,"[110.0, 8]","[109.0, 6]","[112.5, 6]","[561.0, 2]",111.25,22,2.5,0.27
07:40:39,"[110.0, 24]","[109.0, 18]","[111.83, 18]","[491.69, 16]",110.92,76,1.83,0.11
07:40:40,"[109.38, 13]","[108.08, 13]","[385.0, 15]","[658.47, 17]",247.19,58,275.62,-0.1
07:40:41,"[114.4, 15]","[107.56, 9]","[425.0, 15]","[755.0, 5]",269.7,44,310.6,0.09
07:40:42,"[116.0, 60]","[109.0, 45]","[155.7, 30]","[204.5, 36]",135.85,171,39.7,0.23
07:40:43,"[116.0, 66]","[109.41, 29]","[124.73, 33]","[157.4, 15]",120.36,143,8.73,0.33
07:40:44,"[116.0, 30]","[110.0, 29]","[122.6, 15]","[135.0, 5]",119.3,79,6.6,0.49
07:40:45,"[116.0, 49]","[110.0, 84]","[119.83, 36]","[285.33, 30]",117.92,199,3.83,0.34
07:40:46,"[116.0, 29]","[110.0, 56]","[118.5, 24]","[452.38, 16]",117.25,125,2.5,0.36
07:40:47,"[114.22, 18]","[110.16, 25]","[117.86, 21]","[272.0, 21]",116.04,85,3.63,0.01
07:40:48,"[110.17, 24]","[109.52, 21]","[117.0, 27]","[223.46, 13]",113.58,85,6.83,0.06
07:40:49,"[111.0, 10]","[110.0, 40]","[114.38, 26]","[115.75, 24]",112.69,100,3.38,0.0
07:40:50,"[111.0, 7]","[110.0, 28]","[112.43, 14]","[114.0, 21]",111.71,70,1.43,0.0
07:40:51,"[110.09, 35]","[109.29, 28]","[112.0, 14]","[114.0, 33]",111.04,110,1.91,0.15
07:40:52,"[110.0, 28]","[108.0, 7]","[111.0, 7]","[231.13, 23]",110.5,65,1.0,0.08
07:40:53,"[110.0, 21]","[108.0, 7]","[487.58, 19]","[447.65, 23]",298.79,70,377.58,-0.2
07:40:54,"[108.0, 4]","[107.0, 4]","[508.93, 14]","[597.67, 18]",308.46,40,400.93,-0.6
07:40:55,"[107.67, 6]","[106.4, 10]","[215.77, 26]","[532.77, 22]",161.72,64,108.1,-0.5
07:40:56,"[107.95, 19]","[91.36, 14]","[330.39, 31]","[588.0, 25]",219.17,89,222.44,-0.26
07:40:57,"[93.94, 31]","[89.0, 34]","[337.89, 45]","[576.56, 32]",215.91,142,243.95,-0.08
07:40:58,"[112.0, 30]","[107.1, 120]","[364.8, 50]","[531.0, 45]",238.4,245,252.8,0.22
07:40:59,"[112.0, 24]","[109.14, 56]","[256.0, 28]","[432.25, 40]",184.0,148,144.0,0.08
07:41:00,"[109.23, 125]","[108.06, 93]","[338.87, 62]","[495.45, 66]",224.05,346,229.64,0.26
07:41:01,"[112.12, 68]","[109.64, 66]","[311.41, 37]","[532.06, 49]",211.76,220,199.29,0.22
07:41:02,"[116.0, 47]","[115.0, 33]","[303.73, 33]","[544.14, 35]",209.86,148,187.73,0.08
07:41:03,"[116.0, 30]","[115.0, 24]","[249.14, 21]","[486.21, 28]",182.57,103,133.14,0.05
07:41:04,"[116.0, 48]","[115.0, 48]","[167.71, 41]","[243.81, 48]",141.85,185,51.71,0.04
07:41:05,"[116.0, 24]","[115.0, 24]","[278.91, 22]","[321.64, 22]",197.45,92,162.91,0.04
07:41:06,"[115.3, 30]","[109.58, 93]","[262.64, 42]","[269.5, 24]",188.97,189,147.34,0.3
07:41:07,"[115.0, 40]","[109.0, 168]","[239.43, 42]","[255.6, 50]",177.21,300,124.43,0.39
07:41:08,"[110.5, 64]","[108.91, 132]","[198.0, 42]","[229.4, 35]",154.25,273,87.5,0.44
07:41:09,"[115.0, 39]","[109.0, 156]","[180.63, 43]","[186.13, 47]",147.81,285,65.63,0.37
07:41:10,"[115.9, 29]","[113.59, 51]","[162.93, 42]","[164.22, 50]",139.41,172,47.03,-0.07
07:41:11,"[115.7, 20]","[113.89, 27]","[160.11, 27]","[161.22, 27]",137.91,101,44.41,-0.07
07:41:12,"[115.0, 21]","[110.0, 21]","[159.29, 21]","[161.0, 21]",137.14,84,44.29,0.0
07:41:13,"[115.0, 21]","[110.0, 27]","[159.0, 27]","[161.0, 27]",137.0,102,44.0,-0.06
07:41:14,"[115.0, 28]","[111.38, 58]","[158.68, 56]","[159.96, 50]",136.84,192,43.68,-0.1
07:41:15,"[115.0, 20]","[112.0, 50]","[155.9, 30]","[157.4, 30]",135.45,130,40.9,0.08
07:41:16,"[112.0, 33]","[110.0, 121]","[155.0, 33]","[157.0, 33]",133.5,220,43.0,0.4
07:41:17,"[112.35, 23]","[110.05, 124]","[147.15, 39]","[156.25, 36]",129.75,222,34.81,0.32
07:41:18,"[112.0, 28]","[110.0, 132]","[155.25, 36]","[214.26, 35]",133.62,231,43.25,0.39
07:41:19,"[112.0, 22]","[110.0, 121]","[154.53, 17]","[172.8, 30]",133.26,190,42.53,0.51
07:41:20,"[110.63, 63]","[109.87, 127]","[145.36, 22]","[154.68, 41]",128.0,253,34.73,0.5
07:41:21,"[110.0, 102]","[109.0, 72]","[111.0, 48]","[152.62, 16]",110.5,238,1.0,0.46
07:41:22,"[110.0, 54]","[109.0, 54]","[111.0, 36]","[264.25, 12]",110.5,156,1.0,0.38
07:41:23,"[109.11, 47]","[108.36, 33]","[111.0, 36]","[480.89, 27]",110.05,143,1.89,0.12
07:41:24,"[109.0, 42]","[108.0, 21]","[160.29, 28]","[376.63, 19]",134.64,110,51.29,0.15
07:41:25,"[108.81, 47]","[107.48, 69]","[209.74, 35]","[345.62, 32]",159.28,183,100.93,0.27
07:41:26,"[109.97, 36]","[108.53, 40]","[220.81, 31]","[514.42, 48]",165.39,155,110.83,-0.02
07:41:27,"[110.0, 35]","[109.0, 11]","[203.47, 17]","[330.05, 22]",156.74,85,93.47,0.08
07:41:28,"[110.0, 28]","[109.0, 7]","[222.0, 14]","[401.0, 7]",166.0,56,112.0,0.25
07:41:29,"[110.0, 26]","[109.0, 8]","[222.0, 16]","[291.83, 18]",166.0,68,112.0,0.0
07:41:30,"[110.0, 39]","[109.0, 13]","[221.85, 26]","[255.22, 49]",165.92,127,111.85,-0.18
07:41:31,"[110.0, 24]","[109.0, 8]","[189.91, 22]","[225.0, 20]",149.95,74,79.91,-0.14
07:41:32,"[110.0, 26]","[109.0, 9]","[197.8, 20]","[311.12, 16]",153.9,71,87.8,-0.01
07:41:33,"[110.33, 15]","[109.67, 15]","[194.11, 36]","[204.33, 18]",152.22,84,83.78,-0.29
07:41:34,"[110.62, 26]","[109.46, 13]","[188.57, 28]","[194.43, 28]",149.59,95,77.96,-0.18
07:41:35,"[112.71, 56]","[110.0, 30]","[154.43, 44]","[166.59, 27]",133.57,157,41.72,0.1
07:41:36,"[113.67, 24]","[110.0, 24]","[151.68, 41]","[152.7, 43]",132.67,132,38.02,-0.27
07:41:37,"[114.18, 11]","[110.0, 22]","[131.78, 27]","[147.69, 29]",122.98,89,17.6,-0.26
07:41:38,"[115.0, 11]","[110.75, 16]","[122.0, 33]","[152.0, 44]",118.5,104,7.0,-0.48
07:41:39,"[112.92, 13]","[110.36, 22]","[120.24, 33]","[130.7, 40]",116.58,108,7.32,-0.35
07:41:40,"[112.48, 33]","[110.21, 38]","[120.3, 67]","[138.84, 68]",116.39,206,7.81,-0.31
07:41:41,"[116.0, 11]","[112.0, 18]","[223.86, 21]","[452.63, 27]",169.93,77,107.86,-0.25
07:41:42,"[113.27, 11]","[110.0, 14]","[289.73, 26]","[516.64, 22]",201.5,73,176.46,-0.32
07:41:43,"[108.87, 23]","[107.66, 59]","[294.32, 53]","[500.14, 29]",201.6,164,185.45,0.0
07:41:44,"[108.74, 68]","[107.4, 75]","[201.87, 54]","[312.82, 22]",155.3,219,93.14,0.31
07:41:45,"[112.0, 26]","[108.0, 54]","[167.0, 45]","[299.71, 21]",139.5,146,55.0,0.1
07:41:46,"[112.0, 30]","[109.62, 64]","[165.51, 35]","[180.32, 57]",138.76,186,53.51,0.01
07:41:47,"[112.89, 18]","[110.25, 32]","[161.33, 33]","[165.14, 21]",137.11,104,48.44,-0.04
07:41:48,"[116.0, 18]","[112.0, 14]","[159.93, 27]","[161.0, 15]",137.96,74,43.93,-0.14
07:41:49,"[116.0, 75]","[112.0, 26]","[156.68, 41]","[158.19, 37]",136.34,179,40.68,0.13
07:41:50,"[116.0, 80]","[112.0, 32]","[153.12, 48]","[154.73, 48]",134.56,208,37.12,0.08
07:41:51,"[116.0, 50]","[112.0, 20]","[138.46, 24]","[152.24, 42]",127.23,136,22.46,0.03
07:41:52,"[116.0, 71]","[112.0, 38]","[139.89, 75]","[151.03, 67]",127.95,251,23.89,-0.13
07:41:53,"[116.0, 48]","[112.0, 32]","[146.44, 64]","[148.75, 32]",131.22,176,30.44,-0.09
07:41:54,"[114.92, 37]","[110.95, 38]","[142.86, 70]","[145.0, 14]",128.89,159,27.94,-0.06
07:41:55,"[112.16, 19]","[110.32, 38]","[140.74, 31]","[142.14, 35]",126.45,123,28.58,-0.07
07:41:56,"[113.0, 11]","[112.0, 22]","[138.28, 43]","[138.7, 23]",125.64,99,25.28,-0.33
07:41:57,"[110.6, 50]","[110.37, 38]","[133.24, 33]","[135.38, 53]",121.92,174,22.64,0.01
07:41:58,"[110.0, 80]","[109.0, 20]","[125.05, 19]","[129.89, 18]",117.53,137,15.05,0.46
07:41:59,"[110.3, 46]","[109.88, 64]","[125.0, 22]","[133.0, 55]",117.65,187,14.7,0.18
07:42:00,"[110.0, 62]","[109.0, 32]","[123.34, 50]","[127.27, 77]",116.67,221,13.34,-0.15
07:42:01,"[111.63, 38]","[109.68, 25]","[120.05, 37]","[121.57, 61]",115.84,161,8.42,-0.22
07:42:02,"[110.1, 29]","[108.42, 43]","[119.74, 58]","[122.79, 70]",114.92,200,9.64,-0.28
07:42:03,"[110.05, 38]","[108.06, 64]","[115.88, 40]","[117.6, 20]",112.96,162,5.82,0.26
07:42:04,"[110.91, 43]","[108.75, 24]","[158.68, 19]","[261.14, 21]",134.8,107,47.78,0.25
07:42:05,"[109.84, 50]","[108.33, 36]","[476.06, 32]","[569.65, 23]",292.95,141,366.22,0.22
07:42:06,"[110.0, 49]","[109.0, 7]","[231.19, 16]","[453.37, 19]",170.59,91,121.19,0.23
07:42:07,"[110.0, 56]","[109.0, 36]","[253.0, 24]","[395.0, 16]",181.5,132,143.0,0.39
07:42:08,"[110.24, 50]","[109.33, 66]","[236.8, 25]","[338.0, 25]",173.52,166,126.56,0.4
07:42:09,"[112.0, 2]","[110.0, 8]","[164.0, 4]","[300.0, 6]",138.0,20,52.0,0.0
07:42:10,"[112.55, 11]","[110.0, 44]","[186.0, 22]","[634.56, 25]",149.27,102,73.45,0.08
07:42:11,"[111.25, 16]","[109.33, 60]","[265.64, 22]","[651.33, 24]",188.44,122,154.39,0.25
07:42:12,"[110.0, 4]","[109.0, 32]","[252.55, 11]","[666.0, 9]",181.27,56,142.55,0.29
07:42:13,"[109.17, 48]","[108.45, 88]","[227.21, 28]","[373.26, 38]",168.19,202,118.05,0.35
07:42:14,"[112.69, 26]","[108.83, 41]","[145.0, 18]","[522.0, 6]",128.85,91,32.31,0.47
07:42:15,"[115.0, 36]","[109.0, 64]","[143.82, 34]","[177.78, 23]",129.41,157,28.82,0.27
07:42:16,"[115.0, 36]","[109.0, 50]","[141.3, 40]","[304.41, 22]",128.15,148,26.3,0.16
07:42:17,"[116.0, 24]","[115.0, 24]","[139.12, 32]","[483.73, 15]",127.56,95,23.12,0.01
07:42:18,"[116.0, 27]","[115.0, 27]","[137.33, 36]","[183.0, 9]",126.67,99,21.33,0.09
07:42:19,"[115.18, 22]","[110.0, 36]","[135.59, 39]","[138.38, 29]",125.39,126,20.41,-0.08
07:42:20,"[115.0, 42]","[111.75, 48]","[132.2, 65]","[134.95, 61]",123.6,216,17.2,-0.17
07:42:21,"[115.0, 39]","[113.0, 39]","[125.03, 61]","[127.95, 44]",120.02,183,10.03,-0.15
07:42:22,"[115.0, 24]","[113.0, 24]","[119.38, 40]","[121.0, 16]",117.19,104,4.38,-0.08
07:42:23,"[114.62, 26]","[112.46, 46]","[117.08, 51]","[122.28, 53]",115.85,176,2.46,-0.18
07:42:24,"[112.02, 41]","[109.15, 101]","[115.0, 36]","[261.68, 19]",113.51,197,2.98,0.44
07:42:25,"[112.0, 54]","[109.0, 132]","[114.13, 31]","[221.41, 17]",113.06,234,2.13,0.59
07:42:26,"[109.8, 44]","[108.97, 86]","[166.5, 18]","[479.08, 13]",138.15,161,56.7,0.61
07:42:27,"[112.12, 34]","[109.2, 124]","[212.8, 40]","[469.22, 23]",162.46,221,100.68,0.43
07:42:28,"[110.78, 46]","[109.12, 95]","[296.03, 32]","[409.61, 18]",203.41,191,185.25,0.48
07:42:29,"[116.0, 24]","[112.0, 16]","[382.0, 24]","[488.33, 27]",249.0,91,266.0,-0.12
07:42:30,"[116.0, 30]","[110.57, 35]","[392.08, 26]","[467.0, 30]",254.04,121,276.08,0.07
07:42:31,"[116.0, 42]","[110.0, 70]","[223.48, 33]","[267.68, 41]",169.74,186,107.48,0.2
07:42:32,"[116.0, 42]","[110.0, 71]","[141.57, 28]","[146.49, 43]",128.79,184,25.57,0.23
07:42:33,"[116.0, 48]","[111.43, 56]","[139.89, 18]","[145.44, 36]",127.94,158,23.89,0.32
07:42:34,"[116.0, 30]","[115.0, 20]","[138.0, 10]","[141.0, 20]",127.0,80,22.0,0.25
07:42:35,"[116.0, 24]","[115.0, 16]","[137.07, 15]","[138.67, 9]",126.53,64,21.07,0.25
07:42:36,"[115.36, 39]","[114.14, 29]","[136.67, 24]","[137.47, 15]",126.01,107,21.31,0.27
07:42:37,"[111.0, 32]","[110.0, 60]","[133.78, 18]","[135.67, 18]",122.39,128,22.78,0.44
07:42:38,"[110.02, 43]","[109.03, 185]","[132.38, 26]","[135.0, 13]",121.2,267,22.36,0.71
07:42:39,"[110.0, 46]","[109.0, 180]","[130.0, 18]","[131.5, 18]",120.0,262,20.0,0.73
07:42:40,"[112.9, 31]","[109.58, 72]","[127.12, 16]","[128.29, 14]",120.01,133,14.22,0.55
07:42:41,"[114.0, 9]","[112.03, 58]","[124.85, 13]","[126.29, 14]",119.42,94,10.85,0.43
07:42:42,"[115.94, 36]","[113.17, 23]","[120.53, 17]","[121.95, 19]",118.24,95,4.58,0.24
07:42:43,"[116.0, 18]","[115.0, 10]","[117.8, 15]","[155.73, 30]",116.9,73,1.8,-0.23
07:42:44,"[113.2, 30]","[113.21, 14]","[117.08, 24]","[345.5, 40]",115.14,108,3.88,-0.19
07:42:45,"[110.51, 39]","[108.74, 31]","[117.0, 22]","[444.8, 40]",113.76,132,6.49,0.06
07:42:46,"[110.0, 72]","[108.0, 36]","[116.56, 18]","[430.0, 30]",113.28,156,6.56,0.38
07:42:47,"[110.0, 72]","[108.0, 36]","[115.89, 18]","[144.71, 28]",112.94,154,5.89,0.4
07:42:48,"[110.0, 35]","[108.75, 16]","[115.0, 14]","[184.6, 20]",112.5,85,5.0,0.2
07:42:49,"[110.32, 19]","[109.71, 21]","[114.0, 12]","[260.0, 12]",112.16,64,3.68,0.25
07:42:50,"[110.0, 24]","[107.98, 50]","[132.25, 16]","[260.0, 14]",121.12,104,22.25,0.42
07:42:51,"[113.43, 28]","[108.6, 40]","[324.15, 13]","[496.91, 11]",218.79,92,210.73,0.48
07:42:52,"[116.0, 36]","[110.0, 27]","[283.86, 28]","[312.9, 21]",199.93,112,167.86,0.12
07:42:53,"[116.0, 30]","[110.0, 18]","[289.43, 21]","[336.33, 12]",202.71,81,173.43,0.19
07:42:54,"[116.0, 30]","[110.21, 19]","[291.17, 24]","[325.0, 12]",203.58,85,175.17,0.15
07:42:55,"[116.0, 13]","[111.4, 20]","[291.0, 20]","[359.33, 9]",203.5,62,175.0,0.06
07:42:56,"[116.0, 14]","[112.0, 28]","[289.68, 25]","[393.6, 10]",202.84,77,173.68,0.09
07:42:57,"[115.42, 24]","[113.42, 53]","[246.52, 21]","[283.73, 33]",180.97,131,131.11,0.18
07:42:58,"[115.0, 18]","[112.0, 36]","[142.33, 12]","[143.06, 34]",128.67,100,27.33,0.08
07:42:59,"[115.0, 10]","[112.0, 40]","[139.85, 34]","[142.0, 16]",127.43,100,24.85,0.0
07:43:00,"[115.0, 5]","[112.0, 20]","[138.89, 18]","[140.0, 8]",126.94,51,23.89,-0.02
07:43:01,"[115.0, 6]","[112.0, 24]","[137.43, 14]","[138.55, 22]",126.21,66,22.43,-0.09
07:43:02,"[115.0, 12]","[112.0, 48]","[132.44, 32]","[135.07, 28]",123.72,120,17.44,0.0
07:43:03,"[113.64, 33]","[111.64, 56]","[130.43, 47]","[131.71, 34]",122.03,170,16.79,0.05
07:43:04,"[111.66, 95]","[110.54, 52]","[125.08, 48]","[125.68, 25]",118.37,220,13.42,0.34
07:43:05,"[112.0, 76]","[111.0, 32]","[120.45, 11]","[121.9, 20]",116.23,139,8.45,0.55
07:43:06,"[112.0, 112]","[111.0, 56]","[117.31, 26]","[117.94, 32]",114.65,226,5.31,0.49
07:43:07,"[112.0, 85]","[111.0, 44]","[114.32, 34]","[114.76, 29]",113.16,192,2.32,0.34
07:43:08,"[112.0, 34]","[111.0, 40]","[113.86, 49]","[123.78, 18]",112.93,141,1.86,0.05
07:43:09,"[111.25, 48]","[110.47, 34]","[113.65, 34]","[495.14, 57]",112.45,173,2.4,-0.05
07:43:10,"[111.0, 48]","[110.0, 29]","[113.23, 26]","[416.69, 59]",112.12,162,2.23,-0.05
07:43:11,"[111.0, 30]","[110.0, 30]","[112.38, 16]","[386.58, 52]",111.69,128,1.38,-0.06
07:43:12,"[111.0, 28]","[110.0, 39]","[230.68, 57]","[423.21, 53]",170.84,177,119.68,-0.24
07:43:13,"[111.0, 12]","[110.0, 18]","[138.0, 30]","[478.67, 15]",124.5,75,27.0,-0.2
07:43:14,"[111.0, 20]","[110.0, 30]","[162.8, 50]","[479.23, 26]",136.9,126,51.8,-0.21
07:43:15,"[115.43, 60]","[109.91, 23]","[363.0, 39]","[673.17, 47]",239.22,169,247.57,-0.02
07:43:16,"[116.0, 36]","[110.0, 12]","[637.67, 24]","[703.5, 28]",376.83,100,521.67,-0.04
07:43:17,"[114.24, 34]","[109.78, 18]","[353.5, 40]","[549.92, 37]",233.87,129,239.26,-0.19
07:43:18,"[110.79, 38]","[109.59, 17]","[441.22, 18]","[563.33, 30]",276.01,103,330.43,0.07
07:43:19,"[111.0, 38]","[110.0, 22]","[223.97, 40]","[499.82, 22]",167.49,122,112.97,-0.02
07:43:20,"[112.05, 20]","[110.6, 10]","[299.6, 25]","[554.89, 19]",205.83,74,187.55,-0.19
07:43:21,"[113.55, 33]","[111.0, 11]","[244.0, 55]","[377.18, 22]",178.77,121,130.45,-0.27
07:43:22,"[109.49, 39]","[107.7, 37]","[242.37, 43]","[243.64, 50]",175.93,169,132.88,-0.1
07:43:23,"[109.0, 27]","[108.0, 36]","[156.88, 34]","[185.88, 17]",132.94,114,47.88,0.11
07:43:24,"[109.71, 7]","[108.38, 13]","[144.32, 22]","[174.69, 13]",127.02,55,34.6,-0.27
07:43:25,"[114.55, 22]","[110.5, 12]","[141.07, 27]","[140.88, 33]",127.81,94,26.53,-0.28
07:43:26,"[112.64, 11]","[108.32, 25]","[137.6, 10]","[140.0, 40]",125.12,86,24.96,-0.16
07:43:27,"[109.26, 19]","[107.17, 35]","[134.5, 20]","[139.57, 35]",121.88,109,25.24,-0.01
07:43:28,"[116.0, 51]","[108.0, 16]","[133.12, 32]","[135.0, 8]",124.56,107,17.12,0.25
07:43:29,"[116.0, 20]","[108.0, 20]","[132.7, 40]","[135.0, 10]",124.35,90,16.7,-0.11
07:43:30,"[116.0, 18]","[108.0, 18]","[132.0, 36]","[135.0, 9]",124.0,81,16.0,-0.11
07:43:31,"[116.0, 24]","[108.0, 24]","[131.44, 18]","[132.14, 42]",123.72,108,15.44,-0.11
07:43:32,"[111.2, 25]","[108.92, 26]","[131.0, 10]","[132.0, 40]",121.1,101,19.8,0.01
07:43:33,"[110.0, 20]","[108.0, 10]","[129.06, 17]","[131.0, 8]",119.53,55,19.06,0.09
07:43:34,"[110.0, 41]","[108.0, 22]","[127.55, 11]","[129.0, 44]",118.77,118,17.55,0.07
07:43:35,"[110.0, 13]","[108.0, 26]","[124.15, 48]","[126.09, 54]",117.07,141,14.15,-0.45
07:43:36,"[110.0, 15]","[109.0, 30]","[120.53, 55]","[121.08, 52]",115.26,152,10.53,-0.41
07:43:37,"[110.95, 21]","[109.83, 12]","[114.76, 29]","[114.8, 20]",112.86,82,3.81,-0.2
07:43:38,"[108.83, 29]","[107.59, 44]","[110.07, 56]","[112.39, 28]",109.45,157,1.24,-0.07
07:43:39,"[108.0, 10]","[107.0, 32]","[109.64, 28]","[168.35, 34]",108.82,104,1.64,-0.19
07:43:40,"[108.0, 5]","[107.0, 20]","[109.0, 20]","[181.5, 16]",108.5,61,1.0,-0.18
07:43:41,"[107.11, 36]","[106.69, 26]","[204.52, 31]","[322.5, 24]",155.81,117,97.41,0.06
07:43:42,"[107.32, 22]","[106.8, 30]","[119.56, 16]","[120.22, 27]",113.44,95,12.24,0.09
07:43:43,"[106.73, 22]","[84.2, 25]","[116.78, 32]","[119.25, 24]",111.75,103,10.05,-0.09
07:43:44,"[106.0, 11]","[75.0, 33]","[115.0, 33]","[118.0, 11]",110.5,88,9.0,0.0
07:43:45,"[106.0, 12]","[53.08, 37]","[114.42, 36]","[118.0, 12]",110.21,97,8.42,0.01
07:43:46,"[106.96, 27]","[94.47, 17]","[110.88, 48]","[111.82, 34]",108.92,126,3.91,-0.3
07:43:47,"[107.0, 15]","[106.0, 13]","[108.94, 35]","[109.85, 39]",107.97,102,1.94,-0.45
07:43:48,"[86.08, 13]","[54.7, 20]","[107.6, 25]","[117.47, 19]",96.84,77,21.52,-0.14
07:43:49,"[86.14, 21]","[64.08, 26]","[106.24, 29]","[120.38, 26]",96.19,102,20.1,-0.08
07:43:50,"[86.89, 71]","[79.48, 29]","[102.19, 21]","[105.12, 33]",94.54,154,15.3,0.3
07:43:51,"[89.03, 79]","[69.0, 57]","[101.96, 47]","[102.47, 19]",95.49,202,12.93,0.35
07:43:52,"[98.03, 70]","[94.67, 36]","[101.5, 50]","[103.0, 10]",99.76,166,3.47,0.28
07:43:53,"[99.38, 48]","[87.9, 21]","[101.09, 22]","[103.89, 9]",100.23,100,1.72,0.38
07:43:54,"[65.71, 42]","[65.0, 24]","[105.0, 18]","[107.0, 36]",85.36,120,39.29,0.1
07:43:55,"[82.67, 30]","[65.76, 33]","[104.13, 23]","[106.45, 22]",93.4,108,21.46,0.17
07:43:56,"[91.0, 36]","[66.0, 45]","[103.0, 37]","[105.0, 18]",97.0,136,12.0,0.19
07:43:57,"[95.61, 72]","[92.06, 104]","[103.0, 36]","[105.0, 26]",99.31,238,7.39,0.48
07:43:58,"[99.68, 44]","[98.48, 61]","[103.0, 26]","[105.0, 53]",101.34,184,3.32,0.14
07:43:59,"[101.48, 29]","[98.37, 41]","[104.66, 35]","[106.3, 43]",103.07,148,3.17,-0.05
07:44:00,"[101.09, 22]","[70.92, 25]","[105.0, 18]","[107.0, 24]",103.05,89,3.91,0.06
07:44:01,"[101.0, 32]","[65.5, 32]","[104.71, 14]","[106.63, 27]",102.86,105,3.71,0.22
07:44:02,"[103.0, 30]","[70.25, 32]","[174.5, 16]","[342.0, 24]",138.75,102,71.5,0.22
07:44:03,"[111.0, 8]","[103.25, 16]","[462.5, 20]","[535.0, 20]",286.75,64,351.5,-0.25
07:44:04,"[110.12, 17]","[35.91, 44]","[504.67, 30]","[570.0, 30]",307.39,121,394.55,0.01
07:44:05,"[110.5, 12]","[52.07, 41]","[461.0, 30]","[568.0, 30]",285.75,113,350.5,-0.06
07:44:06,"[112.0, 48]","[81.86, 36]","[282.97, 59]","[538.4, 68]",197.48,211,170.97,-0.2
07:44:07,"[112.0, 11]","[102.11, 9]","[161.0, 25]","[523.0, 25]",136.5,70,49.0,-0.43
07:44:08,"[95.65, 17]","[84.5, 24]","[147.18, 55]","[223.27, 55]",121.41,151,51.53,-0.46
07:44:09,"[111.75, 16]","[28.06, 18]","[188.62, 40]","[534.03, 37]",150.19,111,76.88,-0.39
07:44:10,"[114.71, 14]","[83.56, 9]","[310.0, 25]","[746.0, 25]",212.36,73,195.29,-0.37
07:44:11,"[116.0, 36]","[115.0, 36]","[376.11, 9]","[430.56, 45]",246.06,126,260.11,0.14
07:44:12,"[116.0, 22]","[115.0, 28]","[376.0, 7]","[557.94, 31]",246.0,88,260.0,0.14
07:44:13,"[115.7, 20]","[113.06, 34]","[259.29, 14]","[292.0, 10]",187.49,78,143.59,0.38
07:44:14,"[115.0, 14]","[106.67, 18]","[181.22, 9]","[186.18, 11]",148.11,52,66.22,0.23
07:44:15,"[115.0, 24]","[110.48, 69]","[164.62, 16]","[166.13, 23]",139.81,132,49.62,0.41
07:44:16,"[111.34, 71]","[110.51, 65]","[162.29, 14]","[164.53, 19]",136.81,169,50.95,0.61
07:44:17,"[111.0, 80]","[110.0, 40]","[157.26, 31]","[158.76, 17]",134.13,168,46.26,0.43
07:44:18,"[111.0, 88]","[110.0, 44]","[154.89, 36]","[156.13, 30]",132.94,198,43.89,0.33
07:44:19,"[111.06, 89]","[110.15, 52]","[153.2, 40]","[154.12, 32]",132.13,213,42.14,0.32
07:44:20,"[116.0, 14]","[111.0, 112]","[151.69, 29]","[152.22, 46]",133.84,201,35.69,0.25
07:44:21,"[116.0, 13]","[111.0, 104]","[139.54, 35]","[142.57, 23]",127.77,175,23.54,0.34
07:44:22,"[116.0, 13]","[114.0, 32]","[122.15, 52]","[122.87, 46]",119.08,143,6.15,-0.37
07:44:23,"[114.5, 10]","[112.69, 26]","[119.9, 40]","[121.0, 40]",117.2,116,5.4,-0.38
07:44:24,"[110.18, 17]","[109.27, 59]","[119.0, 56]","[121.0, 56]",114.59,188,8.82,-0.19
07:44:25,"[108.0, 22]","[107.0, 77]","[117.66, 29]","[118.18, 44]",112.83,172,9.66,0.15
07:44:26,"[107.59, 29]","[106.89, 87]","[114.65, 23]","[116.58, 43]",111.12,182,7.07,0.27
07:44:27,"[107.68, 56]","[106.67, 90]","[110.9, 41]","[112.44, 50]",109.29,237,3.22,0.23
07:44:28,"[107.0, 42]","[106.0, 65]","[109.58, 31]","[274.3, 33]",108.29,171,2.58,0.25
07:44:29,"[110.8, 41]","[106.57, 23]","[114.0, 15]","[259.77, 47]",112.4,126,3.2,0.02
07:44:30,"[111.0, 31]","[107.0, 13]","[254.03, 34]","[299.89, 47]",182.51,125,143.03,-0.3
07:44:31,"[109.22, 18]","[106.06, 77]","[198.32, 38]","[304.27, 52]",153.77,185,89.09,0.03
07:44:32,"[115.82, 49]","[107.6, 25]","[132.0, 33]","[197.0, 22]",123.91,129,16.18,0.15
07:44:33,"[110.0, 16]","[106.41, 37]","[129.55, 22]","[234.2, 40]",119.77,115,19.55,-0.08
07:44:34,"[107.36, 11]","[106.1, 39]","[125.91, 22]","[260.47, 38]",116.64,110,18.55,-0.09
07:44:35,"[108.0, 6]","[107.0, 6]","[124.0, 12]","[255.53, 19]",116.0,43,16.0,-0.44
07:44:36,"[108.18, 17]","[107.55, 22]","[123.92, 26]","[310.0, 52]",116.05,117,15.75,-0.33
07:44:37,"[107.22, 9]","[106.13, 60]","[119.3, 20]","[172.58, 31]",113.26,120,12.08,0.15
07:44:38,"[110.05, 21]","[106.51, 47]","[116.69, 26]","[197.88, 52]",113.37,146,6.64,-0.07
07:44:39,"[111.0, 14]","[109.0, 21]","[115.14, 14]","[211.29, 21]",113.07,70,4.14,0.0
07:44:40,"[111.52, 42]","[107.67, 36]","[163.56, 27]","[256.35, 40]",137.54,145,52.03,0.08
07:44:41,"[116.0, 37]","[109.0, 33]","[181.08, 36]","[204.54, 39]",148.54,145,65.08,-0.03
07:44:42,"[116.0, 16]","[110.0, 48]","[169.0, 24]","[237.28, 25]",142.5,113,53.0,0.13
07:44:43,"[111.5, 56]","[109.73, 66]","[168.56, 25]","[211.46, 39]",140.03,186,57.06,0.31
07:44:44,"[110.11, 57]","[109.07, 29]","[163.83, 12]","[165.89, 28]",136.97,126,53.73,0.37
07:44:45,"[109.77, 26]","[108.72, 29]","[160.19, 21]","[163.4, 15]",134.98,91,50.42,0.21
07:44:46,"[110.0, 10]","[109.0, 15]","[159.43, 7]","[160.08, 13]",134.71,45,49.43,0.11
07:44:47,"[111.12, 51]","[109.98, 41]","[156.71, 31]","[158.03, 37]",133.91,160,45.59,0.15
07:44:48,"[111.0, 21]","[110.0, 14]","[154.27, 11]","[155.53, 17]",132.64,63,43.27,0.11
07:44:49,"[112.89, 27]","[110.0, 18]","[151.32, 19]","[153.41, 17]",132.1,81,38.43,0.11
07:44:50,"[113.0, 33]","[110.0, 22]","[148.78, 27]","[150.06, 17]",130.89,99,35.78,0.11
07:44:51,"[113.0, 36]","[110.0, 24]","[146.54, 24]","[146.38, 24]",129.77,108,33.54,0.11
07:44:52,"[113.5, 42]","[110.5, 40]","[141.31, 16]","[143.15, 40]",127.41,138,27.81,0.19
07:44:53,"[114.79, 29]","[111.04, 47]","[137.0, 10]","[142.0, 30]",125.9,116,22.21,0.31
07:44:54,"[116.0, 30]","[115.0, 20]","[133.92, 12]","[141.68, 28]",124.96,90,17.92,0.11
07:44:55,"[116.0, 20]","[115.0, 20]","[131.29, 14]","[132.08, 26]",123.64,80,15.29,0.0
07:44:56,"[116.0, 18]","[115.0, 18]","[128.57, 21]","[129.27, 15]",122.29,72,12.57,0.0
07:44:57,"[116.0, 28]","[115.0, 28]","[126.28, 32]","[127.12, 24]",121.14,112,10.28,0.0
07:44:58,"[116.0, 16]","[115.0, 16]","[123.59, 22]","[124.7, 10]",119.8,64,7.59,0.0
07:44:59,"[112.88, 32]","[111.62, 37]","[121.23, 13]","[122.27, 33]",117.05,115,8.36,0.2
07:45:00,"[111.0, 64]","[110.0, 88]","[119.72, 39]","[120.54, 35]",115.36,226,8.72,0.35
07:45:01,"[110.53, 75]","[109.59, 85]","[115.57, 23]","[116.67, 45]",113.05,228,5.03,0.4
07:45:02,"[110.1, 58]","[109.21, 70]","[112.88, 50]","[113.48, 23]",111.49,201,2.78,0.27
07:45:03,"[110.0, 46]","[109.0, 65]","[111.71, 28]","[112.87, 46]",110.86,185,1.71,0.2
07:45:04,"[109.1, 42]","[108.08, 120]","[110.33, 48]","[182.0, 24]",109.71,234,1.24,0.38
07:45:05,"[109.0, 10]","[108.0, 110]","[110.0, 40]","[182.73, 44]",109.5,204,1.0,0.18
07:45:06,"[108.08, 60]","[107.85, 65]","[227.78, 45]","[301.12, 41]",167.93,211,119.69,0.18
07:45:07,"[108.0, 77]","[107.0, 14]","[192.45, 29]","[349.56, 27]",150.22,147,84.45,0.24
07:45:08,"[108.0, 44]","[107.0, 18]","[121.36, 14]","[159.83, 18]",114.68,94,13.36,0.32
07:45:09,"[108.0, 99]","[107.0, 78]","[121.0, 27]","[346.78, 45]",114.5,249,13.0,0.42
07:45:10,"[108.0, 80]","[107.0, 14]","[121.0, 21]","[331.44, 27]",114.5,142,13.0,0.32
07:45:11,"[108.0, 167]","[107.0, 32]","[120.25, 48]","[274.04, 70]",114.12,317,12.25,0.26
07:45:12,"[104.61, 36]","[64.23, 44]","[118.64, 42]","[317.14, 70]",111.63,192,14.03,-0.17
07:45:13,"[98.6, 20]","[102.11, 56]","[118.0, 30]","[136.1, 50]",108.3,156,19.4,-0.03
07:45:14,"[114.1, 67]","[107.32, 132]","[117.56, 54]","[171.83, 60]",115.83,313,3.45,0.27
07:45:15,"[116.0, 157]","[115.0, 36]","[139.5, 38]","[265.83, 42]",127.75,273,23.5,0.41
07:45:16,"[116.0, 96]","[115.0, 24]","[228.0, 28]","[302.29, 34]",172.0,182,112.0,0.32
07:45:17,"[116.0, 132]","[115.0, 33]","[135.92, 49]","[307.96, 47]",125.96,261,19.92,0.26
07:45:18,"[116.0, 132]","[115.0, 36]","[134.5, 24]","[195.48, 56]",125.25,248,18.5,0.35
07:45:19,"[116.0, 121]","[115.0, 33]","[134.0, 22]","[472.45, 33]",125.0,209,18.0,0.47
07:45:20,"[116.0, 121]","[115.0, 33]","[132.09, 22]","[335.36, 55]",124.05,231,16.09,0.33
07:45:21,"[116.0, 136]","[115.0, 39]","[130.0, 26]","[283.17, 53]",123.0,254,14.0,0.38
07:45:22,"[116.0, 98]","[115.0, 31]","[127.47, 30]","[147.33, 15]",121.73,174,11.47,0.48
07:45:23,"[116.0, 138]","[115.0, 57]","[126.5, 44]","[127.2, 50]",121.25,289,10.5,0.35
07:45:24,"[116.0, 60]","[115.0, 61]","[124.26, 38]","[125.42, 24]",120.13,183,8.26,0.32
07:45:25,"[116.0, 55]","[115.0, 88]","[122.25, 32]","[123.47, 34]",119.12,209,6.25,0.37
07:45:26,"[116.0, 53]","[115.0, 104]","[118.47, 38]","[119.67, 36]",117.24,231,2.47,0.36
07:45:27,"[115.04, 51]","[113.2, 40]","[120.0, 20]","[138.55, 22]",117.52,133,4.96,0.37
07:45:28,"[115.0, 35]","[112.0, 21]","[124.44, 9]","[184.62, 16]",119.72,81,9.44,0.38
07:45:29,"[115.0, 45]","[112.0, 27]","[124.0, 9]","[125.0, 18]",119.5,99,9.0,0.45
07:45:30,"[115.4, 75]","[112.94, 48]","[121.83, 18]","[123.07, 30]",118.62,171,6.43,0.44
07:45:31,"[115.82, 51]","[114.31, 39]","[120.2, 30]","[235.43, 23]",118.01,143,4.38,0.26
07:45:32,"[112.64, 28]","[110.08, 160]","[128.0, 39]","[240.14, 35]",120.32,262,15.36,0.44
07:45:33,"[113.12, 17]","[110.11, 91]","[181.0, 22]","[305.0, 33]",147.06,163,67.88,0.33
07:45:34,"[116.0, 28]","[112.34, 44]","[192.09, 45]","[413.52, 52]",154.04,169,76.09,-0.15
07:45:35,"[115.91, 11]","[114.79, 43]","[232.44, 45]","[253.37, 19]",174.18,118,116.54,-0.08
07:45:36,"[115.0, 4]","[112.0, 12]","[231.75, 20]","[578.38, 16]",173.38,52,116.75,-0.38
07:45:37,"[115.0, 9]","[112.0, 27]","[209.72, 39]","[380.54, 39]",162.36,114,94.72,-0.37
07:45:38,"[115.0, 8]","[112.0, 24]","[140.84, 25]","[204.55, 38]",127.92,95,25.84,-0.33
07:45:39,"[115.0, 8]","[112.0, 24]","[139.5, 32]","[158.5, 38]",127.25,102,24.5,-0.37
07:45:40,"[115.0, 8]","[112.0, 24]","[138.38, 32]","[160.0, 40]",126.69,104,23.38,-0.38
07:45:41,"[115.0, 12]","[112.0, 36]","[135.42, 53]","[144.69, 55]",125.21,156,20.42,-0.38
07:45:42,"[115.0, 8]","[112.0, 24]","[132.5, 32]","[134.69, 39]",123.75,103,17.5,-0.38
07:45:43,"[115.0, 11]","[112.0, 33]","[130.16, 45]","[131.82, 44]",122.58,133,15.16,-0.34
07:45:44,"[111.67, 27]","[110.63, 43]","[126.46, 52]","[127.62, 52]",119.06,174,14.79,-0.2
07:45:45,"[111.0, 30]","[110.0, 40]","[121.21, 42]","[122.2, 44]",116.11,156,10.21,-0.1
07:45:46,"[111.56, 34]","[110.43, 35]","[116.17, 41]","[118.7, 40]",113.86,150,4.61,-0.08
07:45:47,"[111.42, 36]","[110.38, 39]","[113.42, 48]","[163.74, 43]",112.42,166,2.0,-0.1
07:45:48,"[110.0, 33]","[109.0, 33]","[112.18, 44]","[224.07, 30]",111.09,140,2.18,-0.06
07:45:49,"[108.25, 60]","[107.45, 53]","[110.09, 45]","[121.76, 33]",109.17,191,1.84,0.18
07:45:50,"[107.7, 23]","[104.37, 54]","[180.13, 30]","[277.14, 28]",143.91,135,72.44,0.14
07:45:51,"[106.0, 30]","[56.0, 32]","[209.0, 10]","[466.2, 5]",157.5,77,103.0,0.61
07:45:52,"[107.67, 24]","[83.41, 34]","[124.0, 6]","[125.0, 12]",115.83,76,16.33,0.53
07:45:53,"[108.7, 23]","[72.05, 43]","[124.21, 39]","[345.14, 29]",116.45,134,15.51,-0.01
07:45:54,"[107.44, 9]","[106.0, 9]","[123.07, 29]","[253.57, 35]",115.26,82,15.62,-0.56
07:45:55,"[110.67, 9]","[106.0, 9]","[120.29, 21]","[121.91, 33]",115.48,72,9.62,-0.5
07:45:56,"[112.33, 15]","[106.85, 59]","[118.07, 75]","[121.0, 15]",115.2,164,5.73,-0.1
07:45:57,"[97.32, 41]","[86.14, 70]","[114.56, 39]","[116.8, 20]",105.94,170,17.25,0.31
07:45:58,"[77.14, 42]","[51.23, 53]","[111.67, 18]","[113.8, 30]",94.4,143,34.52,0.33
07:45:59,"[83.09, 33]","[72.1, 29]","[112.62, 21]","[180.55, 11]",97.85,94,29.53,0.32
07:46:00,"[104.04, 23]","[87.21, 19]","[113.0, 15]","[264.0, 5]",108.52,62,8.96,0.35
07:46:01,"[106.19, 63]","[104.33, 36]","[113.0, 27]","[264.0, 9]",109.6,135,6.81,0.47
07:46:02,"[107.38, 40]","[102.43, 49]","[112.15, 20]","[264.0, 8]",109.76,117,4.78,0.52
07:46:03,"[107.05, 66]","[102.83, 52]","[112.0, 9]","[256.0, 45]",109.52,172,4.95,0.37
07:46:04,"[109.84, 43]","[108.31, 65]","[249.14, 42]","[372.89, 18]",179.49,168,139.31,0.29
07:46:05,"[111.2, 15]","[107.71, 14]","[397.86, 21]","[606.87, 23]",254.53,73,286.66,-0.21
07:46:06,"[108.86, 28]","[106.22, 27]","[316.83, 6]","[423.0, 12]",212.85,73,207.98,0.51
07:46:07,"[116.0, 7]","[108.0, 49]","[196.0, 7]","[576.43, 14]",156.0,77,80.0,0.45
07:46:08,"[116.0, 10]","[109.02, 53]","[473.0, 23]","[537.67, 18]",294.5,104,357.0,0.21
07:46:09,"[112.35, 23]","[109.66, 29]","[187.56, 9]","[313.3, 10]",149.95,71,75.21,0.46
07:46:10,"[112.0, 24]","[110.0, 8]","[157.88, 8]","[397.82, 11]",134.94,51,45.88,0.25
07:46:11,"[111.67, 36]","[108.38, 52]","[156.69, 16]","[413.09, 23]",134.18,127,45.02,0.39
07:46:12,"[110.0, 13]","[108.0, 91]","[156.0, 13]","[304.15, 13]",133.0,130,46.0,0.6
07:46:13,"[108.52, 42]","[103.56, 63]","[154.52, 23]","[244.64, 28]",131.52,156,46.0,0.35
07:46:14,"[108.09, 47]","[94.14, 29]","[152.5, 10]","[154.0, 50]",130.29,136,44.41,0.12
07:46:15,"[111.0, 20]","[108.04, 83]","[150.58, 24]","[153.92, 72]",130.79,199,39.58,0.04
07:46:16,"[112.0, 6]","[110.0, 36]","[129.0, 20]","[150.04, 26]",120.5,88,17.0,-0.05
07:46:17,"[111.75, 24]","[109.69, 64]","[121.86, 35]","[148.42, 53]",116.8,176,10.11,0.0
07:46:18,"[115.0, 24]","[110.0, 72]","[118.42, 52]","[120.17, 24]",116.71,172,3.42,0.12
07:46:19,"[110.0, 57]","[108.0, 55]","[115.53, 47]","[115.6, 35]",112.77,194,5.53,0.15
07:46:20,"[108.36, 55]","[107.36, 28]","[110.14, 35]","[112.57, 35]",109.25,153,1.78,0.08
07:46:21,"[103.44, 25]","[83.6, 25]","[108.28, 39]","[109.75, 12]",105.86,101,4.84,-0.01
07:46:22,"[88.0, 81]","[61.25, 61]","[104.68, 44]","[106.84, 45]",96.34,231,16.68,0.23
07:46:23,"[99.41, 41]","[31.84, 58]","[164.52, 33]","[461.76, 34]",131.96,166,65.1,0.19
07:46:24,"[109.1, 77]","[107.91, 44]","[249.61, 23]","[472.09, 11]",179.36,155,140.5,0.56
07:46:25,"[110.67, 54]","[108.52, 58]","[422.67, 9]","[625.35, 17]",266.67,138,312.0,0.62
07:46:26,"[116.0, 20]","[115.0, 10]","[162.5, 10]","[465.78, 18]",139.25,58,46.5,0.03
07:46:27,"[112.0, 36]","[110.22, 23]","[127.12, 24]","[175.9, 10]",119.56,93,15.12,0.27
07:46:28,"[110.43, 56]","[109.33, 36]","[125.7, 30]","[168.0, 10]",118.06,132,15.27,0.39
07:46:29,"[110.86, 42]","[109.55, 33]","[124.25, 24]","[223.5, 16]",117.55,115,13.39,0.3
07:46:30,"[110.0, 60]","[109.0, 30]","[121.83, 30]","[153.38, 26]",115.92,146,11.83,0.23
07:46:31,"[110.0, 66]","[109.0, 33]","[115.88, 43]","[117.4, 45]",112.94,187,5.88,0.06
07:46:32,"[110.0, 51]","[109.0, 27]","[112.27, 41]","[113.6, 35]",111.13,154,2.27,0.01
07:46:33,"[110.0, 29]","[109.0, 42]","[111.0, 70]","[228.58, 24]",110.5,165,1.0,-0.14
07:46:34,"[111.88, 94]","[110.23, 90]","[229.6, 43]","[324.36, 28]",170.74,255,117.72,0.44
07:46:35,"[116.0, 13]","[112.0, 150]","[232.4, 30]","[402.48, 21]",174.2,214,116.4,0.52
07:46:36,"[112.27, 60]","[111.42, 78]","[154.53, 19]","[330.77, 22]",133.4,179,42.26,0.54
07:46:37,"[112.0, 140]","[110.0, 90]","[148.0, 30]","[149.0, 20]",130.0,280,36.0,0.64
07:46:38,"[112.0, 112]","[110.0, 72]","[147.25, 24]","[267.24, 21]",129.62,229,35.25,0.61
07:46:39,"[112.0, 83]","[110.0, 63]","[146.17, 23]","[188.0, 9]",129.09,178,34.17,0.64
07:46:40,"[112.0, 77]","[110.0, 72]","[144.62, 40]","[146.0, 24]",128.31,213,32.62,0.4
07:46:41,"[112.0, 104]","[110.0, 108]","[129.62, 16]","[143.46, 52]",120.81,280,17.62,0.51
07:46:42,"[112.0, 80]","[110.0, 90]","[126.88, 32]","[128.06, 48]",119.44,250,14.88,0.36
07:46:43,"[110.83, 96]","[109.72, 75]","[124.22, 45]","[127.39, 59]",117.53,275,13.39,0.24
07:46:44,"[110.0, 72]","[109.0, 27]","[122.0, 45]","[124.0, 27]",116.0,171,12.0,0.16
07:46:45,"[110.62, 73]","[109.5, 48]","[120.27, 55]","[124.0, 33]",115.44,209,9.66,0.16
07:46:46,"[114.29, 113]","[109.96, 134]","[116.35, 88]","[117.31, 80]",115.32,415,2.06,0.19
07:46:47,"[113.84, 31]","[110.81, 67]","[116.36, 70]","[120.4, 50]",115.1,218,2.52,-0.1
07:46:48,"[110.0, 88]","[108.95, 57]","[114.86, 21]","[116.73, 55]",112.43,221,4.86,0.31
07:46:49,"[110.0, 110]","[108.33, 27]","[111.83, 63]","[114.67, 27]",110.91,227,1.83,0.21
07:46:50,"[109.89, 35]","[108.57, 14]","[111.0, 60]","[113.0, 12]",110.44,121,1.11,-0.19
07:46:51,"[107.29, 21]","[106.38, 24]","[111.0, 28]","[113.0, 8]",109.14,81,3.71,0.11
07:46:52,"[107.43, 37]","[106.53, 45]","[109.18, 17]","[110.07, 43]",108.3,142,1.74,0.15
07:46:53,"[107.19, 16]","[105.44, 27]","[109.84, 25]","[125.81, 43]",108.51,111,2.65,-0.23
07:46:54,"[107.0, 8]","[105.0, 24]","[115.0, 24]","[184.75, 32]",111.0,88,8.0,-0.27
07:46:55,"[107.0, 9]","[105.0, 27]","[156.45, 33]","[231.26, 31]",131.73,100,49.45,-0.28
07:46:56,"[107.0, 12]","[105.0, 36]","[160.71, 35]","[233.02, 43]",133.86,126,53.71,-0.24
07:46:57,"[107.36, 11]","[105.09, 22]","[156.75, 20]","[157.8, 20]",132.06,73,49.39,-0.1
07:46:58,"[109.14, 56]","[107.0, 14]","[154.75, 32]","[155.95, 38]",131.95,140,45.61,0.0
07:46:59,"[109.64, 44]","[105.62, 29]","[152.2, 41]","[153.18, 44]",130.92,158,42.56,-0.08
07:47:00,"[111.34, 38]","[105.33, 18]","[149.38, 24]","[151.0, 16]",130.36,96,38.03,0.17
07:47:01,"[112.0, 66]","[111.0, 6]","[148.38, 16]","[149.71, 14]",130.19,102,36.38,0.41
07:47:02,"[112.0, 137]","[110.17, 48]","[144.66, 29]","[145.44, 36]",128.33,250,32.66,0.48
07:47:03,"[112.0, 78]","[110.0, 112]","[142.28, 36]","[162.67, 42]",127.14,268,30.28,0.42
07:47:04,"[111.2, 40]","[109.94, 98]","[139.07, 42]","[142.0, 28]",125.14,208,27.87,0.33
07:47:05,"[113.27, 88]","[108.78, 27]","[138.0, 33]","[142.0, 22]",125.64,170,24.73,0.35
07:47:06,"[116.0, 89]","[110.0, 60]","[137.42, 36]","[142.0, 24]",126.71,209,21.42,0.43
07:47:07,"[116.0, 49]","[110.44, 32]","[135.41, 37]","[137.4, 43]",125.7,161,19.41,0.01
07:47:08,"[111.37, 19]","[110.47, 62]","[135.0, 16]","[281.78, 27]",123.18,124,23.63,0.31
07:47:09,"[110.0, 36]","[109.0, 3]","[134.2, 10]","[341.5, 8]",122.1,57,24.2,0.37
07:47:10,"[110.0, 60]","[109.0, 5]","[133.89, 18]","[134.67, 12]",121.94,95,23.89,0.37
07:47:11,"[110.78, 108]","[109.97, 74]","[129.0, 22]","[131.92, 26]",119.89,230,18.22,0.58
07:47:12,"[111.4, 70]","[110.0, 60]","[125.89, 18]","[126.67, 12]",118.64,160,14.49,0.62
07:47:13,"[112.0, 126]","[110.0, 108]","[122.44, 36]","[125.0, 18]",117.22,288,10.44,0.62
07:47:14,"[112.78, 126]","[110.0, 108]","[119.86, 28]","[121.38, 26]",116.32,288,7.08,0.62
07:47:15,"[114.37, 177]","[110.0, 144]","[117.42, 24]","[118.67, 36]",115.89,381,3.05,0.69
07:47:16,"[115.0, 153]","[110.0, 132]","[117.45, 22]","[118.9, 40]",116.23,347,2.45,0.64
07:47:17,"[115.0, 66]","[110.0, 72]","[117.0, 12]","[119.0, 24]",116.0,174,2.0,0.59
07:47:18,"[115.0, 100]","[110.1, 147]","[116.08, 24]","[385.82, 34]",115.54,305,1.08,0.62
07:47:19,"[115.0, 30]","[110.0, 72]","[116.0, 7]","[767.0, 12]",115.5,121,1.0,0.69
07:47:20,"[113.31, 59]","[109.98, 98]","[183.38, 13]","[297.66, 38]",148.34,208,70.08,0.51
07:47:21,"[110.0, 27]","[109.0, 3]","[245.33, 6]","[486.0, 15]",177.67,51,135.33,0.18
07:47:22,"[110.24, 41]","[109.92, 49]","[324.63, 27]","[434.11, 45]",217.44,162,214.39,0.11
07:47:23,"[112.0, 10]","[110.0, 90]","[203.19, 26]","[299.0, 47]",157.6,173,91.19,0.16
07:47:24,"[112.0, 7]","[110.0, 63]","[427.5, 20]","[623.14, 29]",269.75,119,315.5,0.18
07:47:25,"[111.63, 84]","[109.9, 80]","[183.15, 60]","[268.58, 57]",147.39,281,71.52,0.17
07:47:26,"[115.74, 35]","[113.06, 54]","[139.19, 37]","[243.2, 46]",127.47,172,23.45,0.03
07:47:27,"[111.67, 18]","[109.88, 16]","[141.0, 8]","[244.71, 17]",126.33,59,29.33,0.15
07:47:28,"[110.0, 42]","[109.0, 7]","[141.0, 14]","[185.0, 14]",125.5,77,31.0,0.27
07:47:29,"[110.86, 21]","[109.96, 56]","[134.09, 22]","[200.9, 31]",122.47,130,23.23,0.18
07:47:30,"[112.0, 12]","[110.0, 72]","[141.0, 24]","[429.1, 39]",126.5,147,29.0,0.14
07:47:31,"[112.0, 9]","[110.0, 54]","[140.0, 18]","[484.76, 38]",126.0,119,28.0,0.06
07:47:32,"[112.0, 10]","[109.82, 50]","[139.0, 20]","[252.0, 20]",125.5,100,27.0,0.2
07:47:33,"[112.0, 10]","[110.0, 40]","[137.15, 26]","[211.0, 20]",124.58,96,25.15,0.04
07:47:34,"[112.96, 50]","[111.0, 16]","[135.4, 50]","[137.0, 20]",124.18,136,22.44,-0.03
07:47:35,"[113.73, 66]","[112.0, 11]","[134.91, 55]","[137.0, 22]",124.32,154,21.18,0.0
07:47:36,"[114.67, 72]","[112.0, 14]","[131.98, 42]","[134.05, 44]",123.32,172,17.31,0.0
07:47:37,"[115.0, 42]","[112.0, 14]","[129.12, 42]","[129.38, 42]",122.06,140,14.12,-0.2
07:47:38,"[112.33, 45]","[109.27, 79]","[123.09, 53]","[124.7, 47]",117.71,224,10.76,0.11
07:47:39,"[109.49, 47]","[108.93, 90]","[121.19, 54]","[123.13, 31]",115.34,222,11.7,0.23
07:47:40,"[109.0, 30]","[108.0, 18]","[120.83, 24]","[122.78, 18]",114.92,90,11.83,0.07
07:47:41,"[109.16, 31]","[108.22, 23]","[120.0, 14]","[121.0, 35]",114.58,103,10.84,0.05
07:47:42,"[111.16, 69]","[108.59, 59]","[118.12, 41]","[120.2, 50]",114.64,219,6.96,0.17
07:47:43,"[112.0, 54]","[109.0, 45]","[115.0, 21]","[116.0, 42]",113.5,162,3.0,0.22
07:47:44,"[112.0, 70]","[109.0, 60]","[139.69, 26]","[130.2, 55]",125.85,211,27.69,0.23
07:47:45,"[112.0, 24]","[109.0, 30]","[280.38, 21]","[281.15, 20]",196.19,95,168.38,0.14
07:47:46,"[112.0, 32]","[109.0, 40]","[256.87, 23]","[274.46, 24]",184.43,119,144.87,0.21
07:47:47,"[112.0, 38]","[109.0, 40]","[180.0, 24]","[210.88, 16]",146.0,118,68.0,0.32
07:47:48,"[112.0, 51]","[109.0, 47]","[179.48, 31]","[184.55, 22]",145.74,151,67.48,0.3
07:47:49,"[112.0, 55]","[109.0, 66]","[172.71, 35]","[179.0, 36]",142.36,192,60.71,0.26
07:47:50,"[112.0, 60]","[109.0, 84]","[175.23, 53]","[177.6, 45]",143.61,242,63.23,0.19
07:47:51,"[112.0, 36]","[109.0, 50]","[173.28, 29]","[174.18, 34]",142.64,149,61.28,0.15
07:47:52,"[111.63, 41]","[109.4, 15]","[128.55, 33]","[136.8, 35]",120.09,124,16.91,-0.1
07:47:53,"[109.32, 22]","[108.04, 23]","[127.0, 36]","[129.0, 48]",118.16,129,17.68,-0.3
07:47:54,"[111.96, 23]","[109.97, 65]","[123.67, 43]","[126.35, 34]",117.82,165,11.72,0.07
07:47:55,"[115.0, 8]","[110.0, 56]","[122.0, 32]","[127.71, 28]",118.5,124,7.0,0.03
07:47:56,"[110.25, 40]","[109.58, 24]","[120.33, 48]","[122.25, 48]",115.29,160,10.08,-0.2
07:47:57,"[110.0, 33]","[109.0, 11]","[115.8, 40]","[117.59, 41]",112.9,125,5.8,-0.3
07:47:58,"[109.41, 37]","[107.96, 45]","[110.89, 63]","[112.04, 46]",110.15,191,1.48,-0.14
07:47:59,"[108.01, 100]","[106.98, 65]","[111.03, 35]","[126.3, 43]",109.52,243,3.02,0.36
07:48:00,"[107.98, 58]","[106.55, 22]","[110.28, 46]","[188.26, 47]",109.13,173,2.3,-0.08
07:48:01,"[107.0, 11]","[106.0, 110]","[110.55, 44]","[200.68, 38]",108.77,203,3.55,0.19
07:48:02,"[107.0, 8]","[106.0, 80]","[108.93, 30]","[203.77, 26]",107.97,144,1.93,0.22
07:48:03,"[106.18, 33]","[73.58, 95]","[107.94, 18]","[291.12, 40]",107.06,186,1.76,0.38
07:48:04,"[71.78, 27]","[23.39, 49]","[103.29, 14]","[105.67, 12]",87.53,102,31.51,0.49
07:48:05,"[89.08, 78]","[52.24, 67]","[101.68, 25]","[104.5, 20]",95.38,190,12.6,0.53
07:48:06,"[102.8, 40]","[77.78, 55]","[222.75, 24]","[337.42, 45]",162.78,164,119.95,0.16
07:48:07,"[111.04, 23]","[80.81, 37]","[302.95, 42]","[513.0, 34]",207.0,136,191.91,-0.12
07:48:08,"[108.4, 20]","[95.0, 12]","[507.95, 20]","[715.19, 32]",308.18,84,399.55,-0.24
07:48:09,"[106.93, 45]","[98.73, 41]","[241.93, 60]","[356.82, 73]",174.43,219,135.0,-0.21
07:48:10,"[108.83, 35]","[107.27, 45]","[200.29, 70]","[250.08, 65]",154.56,215,91.46,-0.26
07:48:11,"[110.0, 39]","[106.39, 31]","[199.08, 65]","[229.67, 63]",154.54,198,89.08,-0.29
07:48:12,"[110.0, 21]","[109.0, 7]","[196.57, 35]","[238.71, 35]",153.29,98,86.57,-0.43
07:48:13,"[110.0, 39]","[109.0, 13]","[194.15, 65]","[308.14, 59]",152.08,176,84.15,-0.41
07:48:14,"[107.0, 12]","[65.74, 19]","[189.75, 20]","[436.75, 20]",148.38,71,82.75,-0.13
07:48:15,"[106.0, 33]","[66.95, 41]","[168.23, 53]","[186.64, 55]",137.11,182,62.23,-0.19
07:48:16,"[88.79, 33]","[55.31, 48]","[106.71, 42]","[168.47, 58]",97.75,181,17.93,-0.1
07:48:17,"[80.76, 74]","[54.95, 42]","[100.83, 46]","[104.1, 62]",90.79,224,20.07,0.04
07:48:18,"[86.26, 68]","[50.32, 25]","[171.24, 38]","[302.23, 53]",128.75,184,84.97,0.01
07:48:19,"[83.22, 46]","[60.39, 31]","[279.0, 40]","[524.0, 40]",181.11,157,195.78,-0.02
07:48:20,"[116.0, 40]","[109.88, 34]","[341.8, 25]","[521.6, 25]",228.9,124,225.8,0.19
07:48:21,"[116.0, 56]","[109.23, 26]","[143.0, 35]","[512.0, 35]",129.5,152,27.0,0.08
07:48:22,"[116.0, 56]","[108.0, 14]","[226.57, 35]","[532.0, 27]",171.29,132,110.57,0.06
07:48:23,"[116.0, 72]","[112.0, 19]","[198.12, 17]","[248.19, 37]",157.06,145,82.12,0.26
07:48:24,"[115.73, 33]","[113.74, 23]","[197.0, 45]","[233.33, 9]",156.36,110,81.27,0.02
07:48:25,"[116.0, 16]","[115.0, 12]","[176.0, 20]","[216.44, 16]",146.0,64,60.0,-0.12
07:48:26,"[115.96, 46]","[113.83, 41]","[168.17, 60]","[173.67, 60]",142.06,207,52.21,-0.16
07:48:27,"[115.0, 16]","[107.89, 54]","[165.88, 24]","[168.0, 40]",140.44,134,50.88,0.04
07:48:28,"[115.0, 18]","[109.47, 68]","[163.11, 27]","[168.0, 45]",139.06,158,48.11,0.09
07:48:29,"[115.0, 10]","[109.5, 32]","[161.18, 17]","[205.48, 23]",138.09,82,46.18,0.02
07:48:30,"[115.0, 18]","[108.0, 36]","[161.0, 27]","[250.22, 45]",138.0,126,46.0,-0.14
07:48:31,"[112.9, 20]","[107.65, 40]","[159.0, 30]","[276.26, 46]",135.95,136,46.1,-0.12
07:48:32,"[108.0, 22]","[107.0, 66]","[155.34, 29]","[156.18, 33]",131.67,150,47.34,0.17
07:48:33,"[108.33, 21]","[107.05, 44]","[152.38, 24]","[154.5, 12]",130.35,101,44.04,0.29
07:48:34,"[109.0, 63]","[108.0, 18]","[149.0, 27]","[151.11, 27]",129.0,135,40.0,0.2
07:48:35,"[109.44, 64]","[108.33, 30]","[146.17, 36]","[150.71, 28]",127.8,158,36.73,0.19
07:48:36,"[116.0, 18]","[109.0, 45]","[144.67, 27]","[146.18, 17]",130.33,107,28.67,0.18
07:48:37,"[116.0, 6]","[109.0, 15]","[143.33, 9]","[144.33, 9]",129.67,39,27.33,0.08
07:48:38,"[116.0, 12]","[109.0, 30]","[142.5, 18]","[143.5, 18]",129.25,78,26.5,0.08
07:48:39,"[116.0, 24]","[109.0, 60]","[140.25, 36]","[141.58, 36]",128.12,156,24.25,0.08
07:48:40,"[116.0, 16]","[110.0, 48]","[137.75, 36]","[138.75, 36]",126.88,136,21.75,-0.06
07:48:41,"[113.39, 23]","[110.37, 49]","[134.77, 39]","[135.92, 39]",124.08,150,21.38,-0.04
07:48:42,"[112.0, 33]","[110.0, 62]","[132.73, 33]","[133.73, 33]",122.36,161,20.73,0.18
07:48:43,"[111.0, 51]","[109.63, 86]","[128.11, 46]","[129.33, 49]",119.55,232,17.11,0.18
07:48:44,"[110.0, 47]","[109.0, 70]","[123.0, 45]","[124.21, 43]",116.5,205,13.0,0.14
07:48:45,"[110.0, 56]","[109.0, 80]","[120.53, 57]","[121.91, 53]",115.26,246,10.53,0.11
07:48:46,"[110.88, 25]","[109.87, 38]","[116.89, 37]","[117.72, 40]",113.89,140,6.01,-0.1
07:48:47,"[110.05, 44]","[109.46, 48]","[112.62, 48]","[116.56, 48]",111.34,188,2.58,-0.02
07:48:48,"[112.1, 31]","[108.11, 18]","[118.2, 30]","[240.05, 44]",115.15,123,6.1,-0.2
07:48:49,"[115.94, 67]","[114.53, 30]","[120.81, 26]","[259.76, 29]",118.37,152,4.87,0.28
