Time,Bid1,Bid2,Ask1,Ask2,Mid-Price,Total_volume,Bid_ask_spread,Order_imbalance
07:30:00,"[0, 0]","[0, 0]","[0, 0]","[0, 0]",0.0,0,0.0,0.0
07:30:01,"[0, 0]","[0, 0]","[800.0, 4]","[0, 0]",400.0,4,800.0,-1.0
07:30:02,"[153.14, 14]","[142.8, 10]","[799.75, 16]","[0, 0]",476.45,40,646.61,0.2
07:30:03,"[161.0, 8]","[151.5, 8]","[798.0, 8]","[0, 0]",479.5,24,637.0,0.33
07:30:04,"[160.67, 12]","[156.4, 10]","[796.33, 12]","[0, 0]",478.5,34,635.67,0.29
07:30:05,"[161.29, 31]","[160.8, 41]","[795.8, 20]","[0, 0]",478.55,92,634.51,0.57
07:30:06,"[162.0, 12]","[161.0, 44]","[795.0, 16]","[0, 0]",478.5,72,633.0,0.56
07:30:07,"[162.0, 20]","[160.85, 26]","[795.0, 12]","[0, 0]",478.5,58,633.0,0.59
07:30:08,"[162.0, 70]","[160.0, 20]","[579.4, 20]","[793.0, 8]",370.7,118,417.4,0.53
07:30:09,"[162.0, 84]","[160.0, 24]","[210.8, 20]","[254.5, 24]",186.4,152,48.8,0.42
07:30:10,"[162.0, 42]","[160.0, 12]","[179.0, 12]","[180.0, 9]",170.5,75,17.0,0.44
07:30:11,"[162.0, 133]","[160.0, 48]","[176.81, 47]","[178.11, 37]",169.4,265,14.81,0.37
07:30:12,"[162.0, 36]","[160.0, 16]","[175.8, 10]","[176.86, 14]",168.9,76,13.8,0.37
07:30:13,"[162.12, 66]","[160.58, 38]","[167.71, 21]","[174.73, 11]",164.92,136,5.59,0.53
07:30:14,"[164.5, 16]","[162.11, 76]","[172.29, 38]","[173.77, 22]",168.39,152,7.79,0.21
07:30:15,"[164.0, 12]","[162.0, 108]","[169.09, 46]","[169.66, 32]",166.54,198,5.09,0.21
07:30:16,"[162.29, 63]","[161.38, 117]","[165.59, 63]","[166.58, 62]",163.94,305,3.3,0.18
07:30:17,"[162.0, 58]","[160.0, 48]","[163.26, 34]","[166.14, 22]",162.63,162,1.26,0.31
07:30:18,"[162.0, 12]","[160.0, 72]","[168.06, 32]","[170.5, 16]",165.03,132,6.06,0.27
07:30:19,"[160.77, 26]","[159.75, 80]","[166.17, 30]","[167.73, 26]",163.47,162,5.4,0.31
07:30:20,"[160.0, 45]","[159.0, 75]","[162.82, 33]","[163.56, 27]",161.41,180,2.82,0.33
07:30:21,"[161.58, 19]","[159.2, 25]","[167.51, 43]","[169.68, 25]",164.55,112,5.93,-0.21
07:30:22,"[160.7, 37]","[158.44, 27]","[167.18, 55]","[168.24, 51]",163.94,170,6.48,-0.25
07:30:23,"[159.0, 20]","[157.75, 24]","[166.0, 65]","[169.0, 30]",162.5,139,7.0,-0.37
07:30:24,"[159.0, 14]","[157.0, 14]","[164.33, 75]","[166.18, 68]",161.67,171,5.33,-0.67
07:30:25,"[159.0, 11]","[157.0, 11]","[166.64, 55]","[170.0, 33]",162.82,110,7.64,-0.6
07:30:26,"[163.5, 24]","[158.0, 12]","[167.0, 60]","[168.17, 36]",165.25,132,3.5,-0.45
07:30:27,"[165.0, 36]","[160.17, 12]","[167.0, 60]","[168.0, 36]",166.0,144,2.0,-0.33
07:30:28,"[165.0, 36]","[161.0, 12]","[167.0, 60]","[258.46, 37]",166.0,145,2.0,-0.34
07:30:29,"[165.0, 36]","[161.0, 12]","[311.81, 32]","[565.17, 30]",238.41,110,146.81,-0.13
07:30:30,"[165.0, 27]","[161.0, 9]","[189.03, 29]","[203.75, 24]",177.02,89,24.03,-0.19
07:30:31,"[164.47, 19]","[162.2, 10]","[166.4, 20]","[173.0, 30]",165.44,79,1.93,-0.27
07:30:32,"[164.0, 28]","[161.0, 14]","[165.0, 28]","[167.67, 24]",164.5,94,1.0,-0.11
07:30:33,"[162.89, 18]","[160.3, 23]","[167.53, 38]","[168.75, 53]",165.21,132,4.64,-0.38
07:30:34,"[162.65, 20]","[161.78, 40]","[168.0, 36]","[169.0, 45]",165.32,141,5.35,-0.15
07:30:35,"[161.0, 8]","[160.0, 32]","[168.68, 37]","[252.84, 25]",164.84,102,7.68,-0.22
07:30:36,"[161.0, 12]","[160.0, 48]","[169.0, 60]","[458.0, 24]",165.0,144,8.0,-0.17
07:30:37,"[161.0, 11]","[160.0, 44]","[169.0, 55]","[494.06, 34]",165.0,144,8.0,-0.24
07:30:38,"[161.0, 9]","[160.0, 36]","[166.97, 31]","[232.24, 29]",163.98,105,5.97,-0.14
07:30:39,"[161.0, 17]","[160.0, 36]","[166.0, 27]","[169.0, 9]",163.5,89,5.0,0.19
07:30:40,"[161.0, 29]","[160.0, 52]","[165.15, 39]","[166.52, 29]",163.08,149,4.15,0.09
07:30:41,"[160.12, 66]","[159.57, 28]","[163.19, 48]","[166.0, 48]",161.65,190,3.07,-0.01
07:30:42,"[160.0, 74]","[159.0, 15]","[162.47, 45]","[165.33, 45]",161.23,179,2.47,-0.01
07:30:43,"[160.0, 36]","[159.0, 9]","[161.56, 27]","[164.0, 27]",160.78,99,1.56,-0.09
07:30:44,"[160.0, 30]","[159.0, 9]","[162.11, 27]","[165.35, 31]",161.06,97,2.11,-0.2
07:30:45,"[160.69, 13]","[159.43, 7]","[166.0, 21]","[167.0, 35]",163.35,76,5.31,-0.47
07:30:46,"[161.0, 57]","[157.12, 82]","[163.58, 19]","[166.06, 51]",162.29,209,2.58,0.33
07:30:47,"[161.0, 44]","[159.0, 60]","[162.02, 44]","[165.6, 35]",161.51,183,1.02,0.14
07:30:48,"[160.18, 38]","[158.73, 44]","[164.5, 40]","[166.75, 40]",162.34,162,4.32,0.01
07:30:49,"[160.69, 65]","[159.0, 52]","[166.0, 65]","[168.0, 39]",163.35,221,5.31,0.06
07:30:50,"[161.0, 40]","[159.0, 32]","[166.0, 40]","[168.0, 24]",163.5,136,5.0,0.06
07:30:51,"[161.0, 10]","[159.0, 40]","[165.95, 41]","[167.74, 31]",163.48,122,4.95,-0.18
07:30:52,"[161.0, 8]","[159.0, 32]","[165.0, 16]","[166.5, 32]",163.0,88,4.0,-0.09
07:30:53,"[161.0, 10]","[159.0, 40]","[165.0, 20]","[166.76, 37]",163.0,107,4.0,-0.07
07:30:54,"[158.37, 41]","[157.36, 44]","[165.0, 22]","[166.0, 33]",161.68,140,6.63,0.21
07:30:55,"[158.0, 17]","[156.0, 28]","[165.0, 14]","[166.0, 21]",161.5,80,7.0,0.12
07:30:56,"[158.0, 6]","[156.0, 24]","[165.0, 12]","[166.0, 18]",161.5,60,7.0,0.0
07:30:57,"[162.92, 61]","[157.58, 19]","[165.0, 32]","[166.0, 48]",163.96,160,2.08,0.0
07:30:58,"[155.62, 37]","[151.3, 54]","[162.78, 27]","[165.6, 30]",159.2,148,7.16,0.23
07:30:59,"[154.0, 40]","[151.0, 80]","[163.55, 22]","[166.5, 32]",158.77,174,9.55,0.38
07:31:00,"[154.0, 42]","[151.0, 160]","[163.0, 45]","[171.51, 69]",158.5,316,9.0,0.28
07:31:01,"[154.0, 70]","[151.0, 100]","[160.0, 30]","[161.0, 50]",157.0,250,6.0,0.36
07:31:02,"[154.02, 83]","[150.7, 181]","[157.48, 75]","[157.98, 53]",155.75,392,3.46,0.35
07:31:03,"[153.98, 50]","[149.29, 28]","[156.2, 50]","[160.74, 76]",155.09,204,2.22,-0.24
07:31:04,"[154.06, 53]","[153.0, 25]","[155.36, 42]","[161.0, 113]",154.71,233,1.3,-0.33
07:31:05,"[154.06, 34]","[151.0, 56]","[157.4, 30]","[161.36, 44]",155.73,164,3.34,0.1
07:31:06,"[155.93, 28]","[151.0, 98]","[161.0, 64]","[210.81, 62]",158.46,252,5.07,0.0
07:31:07,"[159.2, 30]","[152.38, 29]","[161.0, 7]","[163.0, 47]",160.1,113,1.8,0.04
07:31:08,"[160.0, 48]","[156.0, 16]","[161.0, 8]","[163.0, 67]",160.5,139,1.0,-0.08
07:31:09,"[160.0, 54]","[156.0, 18]","[161.0, 9]","[163.0, 52]",160.5,133,1.0,0.08
07:31:10,"[160.0, 30]","[156.0, 10]","[161.0, 5]","[163.0, 30]",160.5,75,1.0,0.07
07:31:11,"[160.0, 54]","[156.0, 18]","[161.0, 9]","[163.0, 54]",160.5,135,1.0,0.07
07:31:12,"[160.12, 34]","[158.18, 22]","[163.0, 42]","[304.16, 31]",161.56,129,2.88,-0.13
07:31:13,"[161.0, 24]","[160.0, 60]","[163.0, 60]","[299.0, 50]",162.0,194,2.0,-0.13
07:31:14,"[160.55, 40]","[159.53, 80]","[163.0, 58]","[232.4, 50]",161.78,228,2.45,0.05
07:31:15,"[160.0, 60]","[159.0, 160]","[161.74, 38]","[163.47, 43]",160.87,301,1.74,0.46
07:31:16,"[159.37, 76]","[158.82, 102]","[161.32, 31]","[163.14, 29]",160.35,238,1.95,0.5
07:31:17,"[159.0, 62]","[156.0, 8]","[160.29, 14]","[164.14, 14]",159.64,98,1.29,0.43
07:31:18,"[159.0, 144]","[156.0, 24]","[160.0, 46]","[165.0, 60]",159.5,274,1.0,0.23
07:31:19,"[159.0, 55]","[156.0, 10]","[164.35, 23]","[327.4, 25]",161.67,113,5.35,0.15
07:31:20,"[160.57, 46]","[158.75, 48]","[165.0, 30]","[380.73, 22]",162.78,146,4.43,0.29
07:31:21,"[159.4, 91]","[157.65, 40]","[165.0, 37]","[400.0, 55]",162.2,223,5.6,0.17
07:31:22,"[159.0, 48]","[156.0, 16]","[165.0, 40]","[298.22, 36]",162.0,140,6.0,-0.09
07:31:23,"[159.0, 48]","[156.0, 16]","[163.38, 40]","[165.39, 31]",161.19,135,4.38,-0.05
07:31:24,"[159.0, 42]","[156.0, 14]","[163.0, 35]","[164.0, 21]",161.0,112,4.0,0.0
07:31:25,"[160.0, 10]","[159.0, 48]","[162.75, 40]","[164.0, 24]",161.38,122,2.75,-0.05
07:31:26,"[160.0, 8]","[159.0, 48]","[161.12, 40]","[164.0, 24]",160.56,120,1.12,-0.07
07:31:27,"[159.07, 45]","[157.69, 32]","[162.61, 38]","[164.96, 25]",160.84,140,3.54,0.1
07:31:28,"[159.75, 32]","[158.58, 38]","[164.62, 24]","[167.0, 16]",162.19,110,4.88,0.27
07:31:29,"[162.0, 20]","[159.93, 45]","[165.0, 33]","[167.0, 22]",163.5,120,3.0,0.08
07:31:30,"[161.75, 24]","[159.67, 54]","[165.0, 36]","[167.0, 24]",163.38,138,3.25,0.13
07:31:31,"[161.0, 36]","[158.61, 62]","[164.88, 34]","[166.54, 26]",162.94,158,3.88,0.24
07:31:32,"[161.0, 32]","[158.11, 81]","[163.42, 24]","[164.75, 32]",162.21,169,2.42,0.34
07:31:33,"[161.0, 22]","[159.0, 33]","[163.73, 22]","[165.0, 33]",162.36,110,2.73,0.0
07:31:34,"[161.0, 26]","[159.0, 30]","[163.0, 20]","[167.1, 50]",162.0,126,2.0,-0.11
07:31:35,"[161.0, 26]","[159.0, 21]","[167.06, 34]","[188.48, 33]",164.03,114,6.06,-0.18
07:31:36,"[161.44, 27]","[159.31, 39]","[167.2, 70]","[192.33, 42]",164.32,178,5.76,-0.26
07:31:37,"[159.86, 7]","[158.22, 41]","[167.0, 49]","[282.0, 20]",163.43,117,7.14,-0.18
07:31:38,"[160.11, 18]","[158.02, 114]","[166.35, 108]","[328.81, 64]",163.23,304,6.24,-0.13
07:31:39,"[158.04, 75]","[157.14, 42]","[159.97, 30]","[165.05, 55]",159.0,202,1.93,0.16
07:31:40,"[158.0, 68]","[154.56, 78]","[162.0, 27]","[165.0, 36]",160.0,209,4.0,0.4
07:31:41,"[158.0, 70]","[156.0, 60]","[161.13, 46]","[162.83, 29]",159.57,205,3.13,0.27
07:31:42,"[158.0, 119]","[157.0, 86]","[160.79, 71]","[161.55, 44]",159.39,320,2.79,0.28
07:31:43,"[158.0, 59]","[157.0, 51]","[159.38, 32]","[160.55, 29]",158.69,171,1.38,0.29
07:31:44,"[158.55, 42]","[157.18, 49]","[160.39, 31]","[163.12, 34]",159.47,156,1.84,0.17
07:31:45,"[160.25, 40]","[158.0, 24]","[163.95, 19]","[202.98, 51]",162.1,134,3.7,-0.04
07:31:46,"[161.0, 65]","[158.64, 91]","[165.0, 39]","[314.67, 45]",163.0,240,4.0,0.3
07:31:47,"[161.0, 60]","[158.0, 36]","[164.86, 28]","[216.64, 44]",162.93,168,3.86,0.14
07:31:48,"[161.0, 19]","[159.8, 153]","[165.43, 35]","[175.23, 39]",163.21,246,4.43,0.4
07:31:49,"[161.23, 13]","[160.0, 277]","[165.18, 55]","[166.49, 49]",163.21,394,3.95,0.47
07:31:50,"[161.0, 5]","[160.0, 115]","[163.0, 15]","[166.47, 19]",162.0,154,2.0,0.56
07:31:51,"[160.04, 114]","[159.72, 107]","[162.43, 35]","[165.22, 27]",161.23,283,2.39,0.56
07:31:52,"[160.0, 252]","[158.0, 42]","[162.5, 48]","[165.29, 42]",161.25,384,2.5,0.53
07:31:53,"[160.0, 196]","[158.0, 33]","[162.0, 44]","[163.0, 33]",161.0,306,2.0,0.5
07:31:54,"[160.0, 137]","[156.0, 99]","[162.0, 36]","[163.0, 27]",161.0,299,2.0,0.58
07:31:55,"[160.0, 146]","[156.0, 110]","[161.9, 40]","[163.9, 30]",160.95,326,1.9,0.57
07:31:56,"[160.0, 154]","[156.0, 101]","[163.35, 37]","[165.93, 27]",161.68,319,3.35,0.6
07:31:57,"[160.0, 84]","[157.25, 24]","[163.0, 18]","[164.67, 12]",161.5,138,3.0,0.57
07:31:58,"[160.01, 85]","[158.88, 32]","[163.0, 21]","[166.0, 14]",161.51,152,2.99,0.54
07:31:59,"[160.03, 120]","[159.27, 67]","[163.0, 36]","[166.0, 24]",161.51,247,2.97,0.51
07:32:00,"[160.0, 104]","[159.0, 8]","[163.0, 24]","[166.0, 16]",161.5,152,3.0,0.47
07:32:01,"[160.0, 61]","[159.0, 7]","[163.0, 21]","[166.0, 14]",161.5,103,3.0,0.32
07:32:02,"[160.0, 40]","[159.0, 5]","[163.0, 15]","[166.0, 10]",161.5,70,3.0,0.29
07:32:03,"[160.0, 48]","[158.06, 16]","[163.0, 18]","[166.0, 12]",161.5,94,3.0,0.36
07:32:04,"[160.0, 100]","[158.94, 51]","[163.0, 21]","[166.0, 14]",161.5,186,3.0,0.62
07:32:05,"[160.0, 135]","[159.0, 80]","[163.0, 30]","[166.0, 20]",161.5,265,3.0,0.62
07:32:06,"[160.2, 60]","[159.23, 104]","[163.0, 48]","[166.0, 32]",161.6,244,2.8,0.34
07:32:07,"[161.0, 18]","[160.0, 36]","[163.0, 9]","[166.0, 18]",162.0,81,2.0,0.33
07:32:08,"[161.0, 18]","[160.0, 36]","[163.0, 9]","[166.0, 18]",162.0,81,2.0,0.33
07:32:09,"[161.0, 14]","[160.0, 28]","[163.0, 7]","[166.0, 14]",162.0,63,2.0,0.33
07:32:10,"[161.0, 16]","[160.0, 32]","[163.0, 8]","[166.0, 16]",162.0,72,2.0,0.33
07:32:11,"[160.33, 42]","[159.33, 84]","[162.47, 34]","[165.48, 23]",161.4,183,2.14,0.38
07:32:12,"[160.24, 89]","[159.08, 148]","[162.76, 58]","[164.19, 21]",161.5,316,2.52,0.5
07:32:13,"[161.0, 74]","[160.0, 48]","[162.0, 36]","[164.93, 60]",161.5,218,1.0,0.12
07:32:14,"[161.0, 35]","[160.0, 44]","[164.27, 45]","[165.65, 37]",162.63,161,3.27,-0.02
07:32:15,"[160.4, 20]","[159.33, 48]","[163.62, 24]","[165.0, 35]",162.01,127,3.22,0.07
07:32:16,"[160.0, 36]","[159.0, 112]","[162.0, 29]","[165.61, 72]",161.0,249,2.0,0.19
07:32:17,"[160.0, 9]","[159.0, 72]","[165.5, 16]","[166.03, 66]",162.75,163,5.5,-0.01
07:32:18,"[159.31, 64]","[158.57, 70]","[164.81, 42]","[165.74, 76]",162.06,252,5.5,0.06
07:32:19,"[160.0, 24]","[159.0, 32]","[163.38, 16]","[165.0, 40]",161.69,112,3.38,0.0
07:32:20,"[160.0, 54]","[159.0, 72]","[162.94, 36]","[165.0, 80]",161.47,242,2.94,0.04
07:32:21,"[160.0, 33]","[159.0, 44]","[161.0, 22]","[165.0, 62]",160.5,161,1.0,-0.04
07:32:22,"[159.44, 36]","[158.56, 57]","[163.22, 36]","[166.04, 67]",161.33,196,3.78,-0.05
07:32:23,"[158.44, 54]","[157.0, 60]","[164.9, 49]","[166.9, 81]",161.67,244,6.45,-0.07
07:32:24,"[159.0, 13]","[158.0, 65]","[163.85, 65]","[165.0, 107]",161.42,250,4.85,-0.38
07:32:25,"[159.0, 12]","[158.0, 60]","[162.33, 60]","[165.1, 88]",160.67,220,3.33,-0.35
07:32:26,"[159.0, 12]","[158.0, 60]","[161.67, 52]","[166.0, 108]",160.34,232,2.67,-0.38
07:32:27,"[159.0, 12]","[157.9, 58]","[161.0, 12]","[166.0, 90]",160.0,172,2.0,-0.19
07:32:28,"[156.3, 37]","[154.46, 57]","[164.75, 59]","[166.12, 80]",160.52,233,8.45,-0.19
07:32:29,"[156.73, 44]","[153.07, 30]","[164.74, 35]","[165.42, 60]",160.74,169,8.02,-0.12
07:32:30,"[159.37, 124]","[158.09, 86]","[165.0, 153]","[166.0, 57]",162.19,420,5.63,0.0
07:32:31,"[164.0, 48]","[160.0, 28]","[165.0, 86]","[166.0, 70]",164.5,232,1.0,-0.34
07:32:32,"[164.0, 21]","[160.0, 20]","[165.0, 59]","[166.0, 41]",164.5,141,1.0,-0.42
07:32:33,"[164.0, 26]","[160.98, 122]","[165.0, 104]","[166.0, 52]",164.5,304,1.0,-0.03
07:32:34,"[162.08, 50]","[160.92, 98]","[165.0, 104]","[166.0, 52]",163.54,304,2.92,-0.03
07:32:35,"[161.0, 88]","[160.0, 22]","[164.24, 34]","[165.03, 62]",162.62,206,3.24,0.07
07:32:36,"[161.0, 118]","[160.0, 36]","[162.89, 36]","[165.32, 56]",161.94,246,1.89,0.25
07:32:37,"[161.0, 32]","[160.0, 16]","[166.65, 55]","[168.8, 40]",163.83,143,5.65,-0.33
07:32:38,"[161.0, 60]","[160.0, 30]","[167.0, 120]","[168.8, 60]",164.0,270,6.0,-0.33
07:32:39,"[161.84, 50]","[160.86, 28]","[167.0, 40]","[168.0, 56]",164.42,174,5.16,-0.1
07:32:40,"[162.11, 36]","[160.71, 28]","[167.0, 45]","[168.0, 63]",164.56,172,4.89,-0.26
07:32:41,"[163.0, 24]","[161.0, 36]","[167.0, 45]","[168.0, 63]",165.0,168,4.0,-0.29
07:32:42,"[163.0, 9]","[161.0, 42]","[167.0, 45]","[168.0, 63]",165.0,159,4.0,-0.36
07:32:43,"[160.88, 17]","[159.38, 26]","[167.0, 40]","[168.0, 56]",163.94,139,6.12,-0.38
07:32:44,"[160.0, 16]","[157.04, 46]","[167.0, 40]","[168.0, 56]",163.5,158,7.0,-0.22
07:32:45,"[160.0, 10]","[156.04, 45]","[167.0, 25]","[168.0, 35]",163.5,115,7.0,-0.04
07:32:46,"[160.94, 67]","[159.8, 20]","[167.0, 55]","[168.0, 77]",163.97,219,6.06,-0.21
07:32:47,"[161.0, 35]","[160.0, 16]","[166.74, 34]","[167.7, 50]",163.87,135,5.74,-0.24
07:32:48,"[161.0, 23]","[160.0, 16]","[166.0, 29]","[167.0, 52]",163.5,120,5.0,-0.35
07:32:49,"[161.0, 45]","[160.0, 30]","[164.88, 43]","[166.89, 110]",162.94,228,3.88,-0.34
07:32:50,"[161.0, 30]","[160.0, 20]","[163.95, 19]","[164.93, 29]",162.47,98,2.95,0.02
07:32:51,"[161.0, 19]","[159.52, 21]","[162.08, 13]","[165.67, 36]",161.54,89,1.08,-0.1
07:32:52,"[159.98, 85]","[156.43, 46]","[165.48, 31]","[166.86, 85]",162.73,247,5.51,0.06
07:32:53,"[160.0, 104]","[158.0, 8]","[166.0, 24]","[167.0, 72]",163.0,208,6.0,0.08
07:32:54,"[160.0, 65]","[158.0, 5]","[166.0, 15]","[167.0, 45]",163.0,130,6.0,0.08
07:32:55,"[160.22, 55]","[159.82, 44]","[166.0, 24]","[167.0, 72]",163.11,195,5.78,0.02
07:32:56,"[160.0, 80]","[158.0, 8]","[166.0, 24]","[167.0, 62]",163.0,174,6.0,0.01
07:32:57,"[160.0, 130]","[158.0, 13]","[165.53, 34]","[166.76, 74]",162.76,251,5.53,0.14
07:32:58,"[160.0, 190]","[158.0, 19]","[162.79, 38]","[166.78, 64]",161.39,311,2.79,0.34
07:32:59,"[160.27, 77]","[159.77, 88]","[165.0, 28]","[167.43, 70]",162.64,263,4.73,0.25
07:33:00,"[163.0, 17]","[160.0, 170]","[165.0, 46]","[167.0, 85]",164.0,318,2.0,0.18
07:33:01,"[163.0, 13]","[160.0, 130]","[165.0, 39]","[167.0, 65]",164.0,247,2.0,0.16
07:33:02,"[163.0, 14]","[160.0, 140]","[164.87, 38]","[166.97, 66]",163.93,258,1.87,0.19
07:33:03,"[161.18, 33]","[159.97, 134]","[163.93, 75]","[165.0, 15]",162.56,257,2.75,0.3
07:33:04,"[160.0, 40]","[159.0, 8]","[163.0, 20]","[165.0, 14]",161.5,82,3.0,0.17
07:33:05,"[160.77, 132]","[159.95, 126]","[162.6, 77]","[165.28, 86]",161.69,421,1.82,0.23
07:33:06,"[162.0, 45]","[160.7, 100]","[165.0, 60]","[168.0, 40]",163.5,245,3.0,0.18
07:33:07,"[164.0, 9]","[161.0, 90]","[165.0, 54]","[168.0, 36]",164.5,189,1.0,0.05
07:33:08,"[164.0, 13]","[161.0, 138]","[165.0, 78]","[168.0, 52]",164.5,281,1.0,0.07
07:33:09,"[163.33, 18]","[161.17, 96]","[164.97, 62]","[167.31, 52]",164.15,228,1.63,0.0
07:33:10,"[163.0, 13]","[161.0, 132]","[164.98, 62]","[168.36, 50]",163.99,257,1.98,0.13
07:33:11,"[161.29, 28]","[160.66, 53]","[165.0, 7]","[166.0, 7]",163.14,95,3.71,0.71
07:33:12,"[161.0, 88]","[159.28, 29]","[165.0, 11]","[166.0, 11]",163.0,139,4.0,0.68
07:33:13,"[161.0, 56]","[160.0, 14]","[165.0, 7]","[166.0, 7]",163.0,84,4.0,0.67
07:33:14,"[161.0, 26]","[160.0, 16]","[165.0, 8]","[166.0, 8]",163.0,58,4.0,0.45
07:33:15,"[161.0, 10]","[160.0, 20]","[164.17, 30]","[165.42, 12]",162.58,72,3.17,-0.17
07:33:16,"[161.0, 9]","[160.0, 18]","[163.0, 45]","[164.2, 10]",162.0,82,2.0,-0.34
07:33:17,"[161.0, 7]","[160.0, 14]","[163.0, 35]","[164.0, 7]",162.0,63,2.0,-0.33
07:33:18,"[161.0, 7]","[160.0, 14]","[162.57, 35]","[164.0, 7]",161.79,63,1.57,-0.33
07:33:19,"[160.0, 26]","[159.0, 39]","[164.46, 13]","[166.55, 31]",162.23,109,4.46,0.19
07:33:20,"[160.0, 30]","[159.0, 45]","[164.02, 57]","[165.44, 18]",162.01,150,4.02,0.0
07:33:21,"[160.0, 30]","[159.0, 45]","[163.33, 36]","[164.06, 51]",161.67,162,3.33,-0.07
07:33:22,"[159.54, 26]","[157.83, 36]","[163.79, 56]","[164.69, 64]",161.66,182,4.25,-0.32
07:33:23,"[158.95, 58]","[157.55, 20]","[161.77, 31]","[163.35, 46]",160.36,155,2.83,0.01
07:33:24,"[159.0, 60]","[158.0, 12]","[161.0, 12]","[163.0, 36]",160.0,120,2.0,0.2
07:33:25,"[159.08, 51]","[158.65, 31]","[162.45, 29]","[164.19, 59]",160.76,170,3.37,-0.04
07:33:26,"[159.0, 39]","[158.0, 13]","[161.31, 39]","[164.59, 59]",160.15,150,2.31,-0.31
07:33:27,"[158.21, 14]","[156.04, 45]","[163.67, 46]","[165.57, 42]",160.94,147,5.46,-0.2
07:33:28,"[158.83, 12]","[156.06, 70]","[163.4, 42]","[164.92, 52]",161.12,176,4.57,-0.07
07:33:29,"[163.0, 11]","[161.0, 55]","[164.0, 44]","[166.0, 44]",163.5,154,1.0,-0.14
07:33:30,"[163.0, 7]","[161.0, 35]","[164.05, 20]","[165.4, 10]",163.53,72,1.05,0.17
07:33:31,"[163.0, 11]","[161.0, 55]","[164.0, 33]","[165.0, 11]",163.5,110,1.0,0.2
07:33:32,"[161.0, 40]","[156.13, 30]","[165.0, 8]","[166.0, 32]",163.0,110,4.0,0.27
07:33:33,"[161.0, 50]","[158.0, 20]","[165.0, 10]","[166.0, 40]",163.0,120,4.0,0.17
07:33:34,"[161.0, 52]","[158.0, 24]","[163.43, 23]","[165.12, 16]",162.22,115,2.43,0.32
07:33:35,"[161.0, 21]","[158.0, 14]","[164.0, 14]","[165.0, 7]",162.5,56,3.0,0.25
07:33:36,"[160.81, 16]","[157.43, 14]","[164.0, 12]","[167.0, 6]",162.41,48,3.19,0.25
07:33:37,"[158.0, 15]","[156.0, 60]","[162.89, 35]","[164.43, 23]",160.44,133,4.89,0.13
07:33:38,"[158.0, 7]","[156.0, 28]","[160.14, 21]","[163.11, 19]",159.07,75,2.14,-0.07
07:33:39,"[155.79, 28]","[154.73, 45]","[162.03, 35]","[165.33, 36]",158.91,144,6.24,0.01
07:33:40,"[155.0, 24]","[153.0, 36]","[163.83, 36]","[164.71, 21]",159.42,117,8.83,0.03
07:33:41,"[155.98, 196]","[154.67, 36]","[161.18, 33]","[163.12, 34]",158.58,299,5.2,0.55
07:33:42,"[156.94, 216]","[155.9, 146]","[159.83, 36]","[162.54, 56]",158.39,454,2.89,0.59
07:33:43,"[158.08, 128]","[156.0, 192]","[160.31, 32]","[162.44, 32]",159.2,384,2.23,0.67
07:33:44,"[160.0, 55]","[156.0, 132]","[161.04, 52]","[162.63, 27]",160.52,266,1.04,0.41
07:33:45,"[156.55, 109]","[155.14, 63]","[160.53, 43]","[162.71, 28]",158.54,243,3.98,0.42
07:33:46,"[156.0, 120]","[152.08, 74]","[159.75, 60]","[161.29, 14]",157.88,268,3.75,0.45
07:33:47,"[155.86, 43]","[152.19, 31]","[159.0, 35]","[162.0, 7]",157.43,116,3.14,0.28
07:33:48,"[154.27, 11]","[152.14, 43]","[159.0, 55]","[162.0, 33]",156.64,142,4.73,-0.24
07:33:49,"[155.91, 11]","[153.36, 11]","[158.84, 31]","[161.51, 37]",157.37,90,2.93,-0.51
07:33:50,"[154.45, 31]","[151.91, 32]","[158.0, 16]","[161.66, 80]",156.23,159,3.55,-0.21
07:33:51,"[154.86, 84]","[153.67, 36]","[159.43, 21]","[161.92, 71]",157.14,212,4.57,0.13
07:33:52,"[160.0, 42]","[158.29, 84]","[161.0, 28]","[162.0, 79]",160.5,233,1.0,0.08
07:33:53,"[160.0, 33]","[159.0, 66]","[161.0, 22]","[162.0, 66]",160.5,187,1.0,0.06
07:33:54,"[160.0, 18]","[159.0, 36]","[161.0, 12]","[162.0, 36]",160.5,102,1.0,0.06
07:33:55,"[160.0, 27]","[159.0, 54]","[161.0, 18]","[162.0, 54]",160.5,153,1.0,0.06
07:33:56,"[159.11, 27]","[153.4, 30]","[161.0, 10]","[162.0, 29]",160.06,96,1.89,0.19
07:33:57,"[159.0, 24]","[155.0, 12]","[161.0, 8]","[162.0, 24]",160.0,68,2.0,0.06
07:33:58,"[159.0, 42]","[158.0, 14]","[161.11, 18]","[164.77, 31]",160.06,105,2.11,0.07
07:33:59,"[160.33, 36]","[158.97, 62]","[162.0, 60]","[201.08, 37]",161.17,195,1.67,0.01
07:34:00,"[161.0, 66]","[159.0, 60]","[162.0, 30]","[330.0, 40]",161.5,196,1.0,0.29
07:34:01,"[161.0, 68]","[159.0, 60]","[162.0, 30]","[343.0, 40]",161.5,198,1.0,0.29
07:34:02,"[161.0, 14]","[159.0, 42]","[341.92, 13]","[360.04, 27]",251.46,96,180.92,0.17
07:34:03,"[159.31, 35]","[158.32, 28]","[340.03, 37]","[341.31, 13]",249.67,113,180.71,0.12
07:34:04,"[159.0, 36]","[158.0, 24]","[339.92, 48]","[341.0, 12]",249.46,120,180.92,0.0
07:34:05,"[159.71, 28]","[158.16, 19]","[223.79, 38]","[301.47, 19]",191.75,104,64.08,-0.1
07:34:06,"[164.0, 36]","[159.0, 27]","[188.52, 33]","[255.93, 15]",176.26,111,24.52,0.14
07:34:07,"[164.29, 51]","[162.27, 49]","[172.0, 12]","[174.0, 48]",168.15,160,7.71,0.25
07:34:08,"[164.0, 52]","[163.0, 65]","[170.62, 13]","[187.85, 52]",167.31,182,6.62,0.29
07:34:09,"[164.0, 12]","[163.0, 25]","[167.09, 11]","[186.29, 14]",165.55,62,3.09,0.19
07:34:10,"[164.0, 20]","[163.0, 50]","[167.73, 22]","[183.74, 27]",165.86,119,3.73,0.18
07:34:11,"[163.81, 27]","[162.89, 57]","[166.18, 44]","[167.18, 38]",165.0,166,2.37,0.01
07:34:12,"[163.0, 43]","[160.0, 20]","[165.19, 37]","[253.53, 15]",164.09,115,2.19,0.1
07:34:13,"[163.81, 48]","[162.6, 45]","[165.0, 64]","[344.88, 32]",164.41,189,1.19,-0.02
07:34:14,"[163.36, 25]","[162.31, 29]","[235.77, 47]","[343.83, 47]",199.56,148,72.41,-0.27
07:34:15,"[163.0, 10]","[162.0, 20]","[218.68, 19]","[219.77, 31]",190.84,80,55.68,-0.25
07:34:16,"[159.33, 36]","[158.12, 17]","[216.29, 14]","[219.0, 42]",187.81,109,56.95,-0.03
07:34:17,"[159.0, 30]","[157.71, 28]","[206.48, 25]","[217.33, 18]",182.74,101,47.48,0.15
07:34:18,"[159.35, 23]","[158.55, 44]","[161.25, 40]","[195.47, 43]",160.3,150,1.9,-0.11
07:34:19,"[159.25, 32]","[158.43, 56]","[161.81, 64]","[162.77, 62]",160.53,214,2.56,-0.18
07:34:20,"[159.0, 54]","[158.0, 72]","[161.88, 68]","[162.5, 80]",160.44,274,2.88,-0.08
07:34:21,"[159.0, 14]","[158.0, 40]","[160.82, 11]","[161.98, 46]",159.91,111,1.82,-0.03
07:34:22,"[159.0, 13]","[158.0, 52]","[161.4, 15]","[162.78, 51]",160.2,131,2.4,-0.01
07:34:23,"[160.33, 24]","[158.27, 33]","[162.07, 60]","[164.0, 30]",161.2,147,1.73,-0.22
07:34:24,"[161.0, 26]","[159.0, 13]","[162.0, 52]","[163.63, 19]",161.5,110,1.0,-0.29
07:34:25,"[158.15, 41]","[156.21, 14]","[161.39, 44]","[162.25, 44]",159.77,143,3.24,-0.23
07:34:26,"[158.0, 27]","[156.0, 9]","[159.56, 45]","[162.0, 27]",158.78,108,1.56,-0.33
07:34:27,"[157.78, 27]","[154.39, 41]","[159.45, 47]","[162.55, 33]",158.61,148,1.67,-0.08
07:34:28,"[156.0, 12]","[154.0, 132]","[161.15, 26]","[164.14, 35]",158.58,205,5.15,0.4
07:34:29,"[152.88, 25]","[149.28, 25]","[163.0, 5]","[165.0, 20]",157.94,75,10.12,0.33
07:34:30,"[151.0, 15]","[126.44, 9]","[163.0, 3]","[165.0, 12]",157.0,39,12.0,0.23
07:34:31,"[151.12, 43]","[131.83, 30]","[163.0, 11]","[165.0, 44]",157.06,128,11.88,0.14
07:34:32,"[154.92, 13]","[153.1, 29]","[162.09, 33]","[164.09, 22]",158.51,97,7.17,-0.13
07:34:33,"[155.0, 10]","[154.0, 10]","[161.0, 38]","[163.0, 10]",158.0,68,6.0,-0.41
07:34:34,"[155.47, 17]","[154.0, 17]","[159.42, 55]","[161.54, 39]",157.44,128,3.95,-0.47
07:34:35,"[152.61, 23]","[117.79, 14]","[160.11, 37]","[196.35, 34]",156.36,108,7.5,-0.31
07:34:36,"[152.0, 34]","[144.13, 31]","[158.75, 12]","[160.0, 38]",155.38,115,6.75,0.13
07:34:37,"[153.85, 52]","[151.69, 26]","[159.06, 51]","[178.33, 18]",156.45,147,5.21,0.06
07:34:38,"[158.2, 20]","[152.86, 14]","[603.0, 8]","[761.18, 11]",380.6,53,444.8,0.28
07:34:39,"[156.62, 16]","[152.57, 14]","[420.0, 28]","[638.14, 14]",288.31,72,263.38,-0.17
07:34:40,"[154.0, 14]","[152.0, 14]","[279.86, 14]","[447.78, 23]",216.93,65,125.86,-0.14
07:34:41,"[155.47, 40]","[154.32, 19]","[161.0, 18]","[413.71, 21]",158.24,98,5.53,0.2
07:34:42,"[158.44, 36]","[157.73, 44]","[161.0, 24]","[378.58, 48]",159.72,152,2.56,0.05
07:34:43,"[158.78, 36]","[157.23, 31]","[235.15, 26]","[368.41, 34]",196.97,127,76.38,0.06
07:34:44,"[158.0, 21]","[153.43, 14]","[247.67, 30]","[248.56, 18]",202.83,83,89.67,-0.16
07:34:45,"[156.3, 20]","[139.0, 9]","[245.89, 28]","[246.89, 36]",201.1,93,89.59,-0.38
07:34:46,"[164.0, 66]","[153.99, 162]","[244.4, 30]","[245.71, 49]",204.2,307,80.4,0.49
07:34:47,"[164.0, 46]","[154.0, 150]","[213.47, 30]","[230.63, 38]",188.73,264,49.47,0.48
07:34:48,"[164.0, 28]","[154.11, 90]","[201.82, 22]","[232.42, 38]",182.91,178,37.82,0.33
07:34:49,"[158.17, 24]","[153.98, 86]","[199.17, 24]","[202.0, 12]",178.67,146,41.0,0.51
07:34:50,"[154.0, 140]","[153.0, 20]","[174.18, 22]","[180.0, 36]",164.09,218,20.18,0.47
07:34:51,"[154.0, 182]","[153.0, 26]","[159.41, 34]","[161.0, 92]",156.71,334,5.41,0.25
07:34:52,"[154.0, 182]","[153.0, 26]","[156.86, 44]","[159.19, 42]",155.43,294,2.86,0.41
07:34:53,"[154.01, 142]","[153.58, 48]","[157.07, 27]","[173.43, 28]",155.54,245,3.06,0.55
07:34:54,"[162.0, 140]","[156.29, 69]","[163.0, 45]","[393.4, 20]",162.5,274,1.0,0.53
07:34:55,"[162.0, 168]","[160.0, 60]","[163.0, 60]","[493.93, 42]",162.5,330,1.0,0.38
07:34:56,"[162.0, 126]","[160.0, 45]","[163.0, 41]","[529.44, 36]",162.5,248,1.0,0.38
07:34:57,"[162.0, 96]","[160.0, 50]","[163.0, 30]","[589.33, 39]",162.5,215,1.0,0.36
07:34:58,"[162.0, 30]","[160.0, 25]","[163.0, 15]","[621.33, 18]",162.5,88,1.0,0.25
07:34:59,"[162.0, 54]","[160.0, 45]","[163.0, 27]","[313.78, 27]",162.5,153,1.0,0.29
07:35:00,"[162.0, 42]","[160.0, 35]","[163.0, 21]","[442.57, 21]",162.5,119,1.0,0.29
07:35:01,"[162.0, 36]","[160.0, 30]","[163.0, 18]","[370.0, 18]",162.5,102,1.0,0.29
07:35:02,"[162.0, 18]","[160.0, 15]","[163.0, 9]","[370.0, 9]",162.5,51,1.0,0.29
07:35:03,"[162.0, 60]","[160.0, 50]","[163.0, 30]","[350.0, 46]",162.5,186,1.0,0.18
07:35:04,"[162.0, 66]","[160.0, 55]","[163.0, 33]","[639.54, 52]",162.5,206,1.0,0.17
07:35:05,"[162.0, 42]","[160.0, 35]","[163.0, 21]","[237.57, 35]",162.5,133,1.0,0.16
07:35:06,"[162.0, 69]","[160.0, 70]","[163.0, 42]","[362.0, 40]",162.5,221,1.0,0.26
07:35:07,"[160.85, 34]","[159.8, 45]","[162.15, 53]","[292.09, 33]",161.5,165,1.3,-0.04
07:35:08,"[157.54, 28]","[154.75, 72]","[161.0, 50]","[163.0, 30]",159.27,180,3.46,0.11
07:35:09,"[156.0, 24]","[154.0, 96]","[165.93, 29]","[201.53, 19]",160.97,168,9.93,0.43
07:35:10,"[156.0, 24]","[154.0, 96]","[182.12, 16]","[262.36, 22]",169.06,158,26.12,0.52
07:35:11,"[156.34, 29]","[154.05, 111]","[246.0, 27]","[314.21, 29]",201.17,196,89.66,0.43
07:35:12,"[163.57, 14]","[161.41, 37]","[165.0, 13]","[279.95, 38]",164.29,102,1.43,0.0
07:35:13,"[163.6, 10]","[161.92, 26]","[165.0, 9]","[279.0, 18]",164.3,63,1.4,0.14
07:35:14,"[162.0, 6]","[161.0, 6]","[165.0, 3]","[228.0, 6]",163.5,21,3.0,0.14
07:35:15,"[162.0, 20]","[161.0, 20]","[165.0, 10]","[220.3, 20]",163.5,70,3.0,0.14
07:35:16,"[162.24, 21]","[161.11, 18]","[165.0, 9]","[217.0, 18]",163.62,66,2.76,0.18
07:35:17,"[159.74, 38]","[159.6, 20]","[165.0, 12]","[344.9, 39]",162.37,109,5.26,0.06
07:35:18,"[156.0, 20]","[153.0, 5]","[160.0, 5]","[165.0, 5]",158.0,35,4.0,0.43
07:35:19,"[156.21, 29]","[154.67, 12]","[162.22, 9]","[212.38, 13]",159.21,63,6.02,0.3
07:35:20,"[158.0, 13]","[156.04, 50]","[165.0, 13]","[389.15, 26]",161.5,102,7.0,0.24
07:35:21,"[156.33, 12]","[154.85, 13]","[165.0, 7]","[381.0, 14]",160.67,46,8.67,0.09
07:35:22,"[156.0, 34]","[153.0, 17]","[162.99, 69]","[190.04, 27]",159.49,147,6.99,-0.31
07:35:23,"[156.0, 24]","[153.0, 12]","[162.0, 76]","[163.0, 12]",159.0,124,6.0,-0.42
07:35:24,"[157.5, 24]","[155.87, 23]","[161.17, 60]","[163.0, 30]",159.33,137,3.67,-0.31
07:35:25,"[156.47, 30]","[154.84, 19]","[159.53, 19]","[162.13, 23]",158.0,91,3.06,0.08
07:35:26,"[157.83, 23]","[115.18, 72]","[161.55, 11]","[188.67, 18]",159.69,124,3.72,0.53
07:35:27,"[161.23, 175]","[159.58, 69]","[330.78, 37]","[415.05, 44]",246.01,325,169.56,0.5
07:35:28,"[161.65, 49]","[160.93, 80]","[493.0, 40]","[598.0, 30]",327.33,199,331.35,0.3
07:35:29,"[161.0, 154]","[159.0, 14]","[389.73, 40]","[441.32, 34]",275.36,242,228.73,0.39
07:35:30,"[161.0, 67]","[159.0, 7]","[298.0, 21]","[299.0, 14]",229.5,109,137.0,0.36
07:35:31,"[161.0, 63]","[159.0, 7]","[275.43, 21]","[292.68, 19]",218.21,110,114.43,0.27
07:35:32,"[161.0, 54]","[159.0, 8]","[265.5, 24]","[267.0, 24]",213.25,110,104.5,0.13
07:35:33,"[161.0, 54]","[159.0, 12]","[245.81, 32]","[261.4, 30]",203.41,128,84.81,0.03
07:35:34,"[161.0, 24]","[159.0, 6]","[165.0, 24]","[257.0, 18]",163.0,72,4.0,-0.17
07:35:35,"[161.0, 44]","[159.82, 11]","[163.78, 37]","[193.0, 40]",162.39,132,2.78,-0.17
07:35:36,"[160.91, 22]","[159.0, 8]","[162.0, 21]","[166.0, 28]",161.45,79,1.09,-0.24
07:35:37,"[159.0, 13]","[156.0, 26]","[161.23, 39]","[165.46, 52]",160.12,130,2.23,-0.4
07:35:38,"[158.45, 11]","[154.38, 39]","[160.27, 22]","[162.45, 33]",159.36,105,1.82,-0.05
07:35:39,"[156.0, 18]","[153.0, 189]","[159.05, 20]","[161.67, 12]",157.53,239,3.05,0.73
07:35:40,"[156.0, 22]","[153.0, 231]","[165.2, 40]","[394.3, 47]",160.6,340,9.2,0.49
07:35:41,"[159.82, 11]","[154.43, 80]","[166.0, 36]","[470.0, 45]",162.91,172,6.18,0.06
07:35:42,"[162.0, 9]","[156.0, 126]","[165.88, 32]","[368.65, 43]",163.94,210,3.88,0.29
07:35:43,"[156.0, 88]","[153.0, 72]","[165.0, 16]","[167.0, 32]",160.5,208,9.0,0.54
07:35:44,"[156.0, 88]","[153.0, 72]","[163.14, 28]","[165.69, 26]",159.57,214,7.14,0.5
07:35:45,"[156.0, 156]","[153.13, 135]","[159.77, 52]","[161.24, 45]",157.88,388,3.77,0.5
07:35:46,"[156.04, 96]","[154.23, 117]","[157.65, 17]","[160.23, 39]",156.84,269,1.61,0.58
07:35:47,"[156.0, 111]","[153.0, 117]","[157.04, 27]","[160.4, 25]",156.52,280,1.04,0.63
07:35:48,"[156.0, 49]","[153.0, 72]","[161.86, 36]","[162.85, 33]",158.93,190,5.86,0.27
07:35:49,"[156.0, 69]","[153.0, 90]","[161.3, 50]","[162.26, 47]",158.65,256,5.3,0.24
07:35:50,"[156.0, 38]","[155.0, 6]","[161.0, 30]","[162.32, 37]",158.5,111,5.0,-0.21
07:35:51,"[157.1, 58]","[154.58, 57]","[161.0, 40]","[163.0, 96]",159.05,251,3.9,-0.08
07:35:52,"[158.63, 107]","[156.0, 84]","[161.0, 70]","[163.0, 168]",159.81,429,2.37,-0.11
07:35:53,"[159.0, 112]","[156.0, 96]","[160.5, 80]","[162.41, 136]",159.75,424,1.5,-0.02
07:35:54,"[156.84, 89]","[153.37, 127]","[161.59, 113]","[172.86, 209]",159.22,538,4.75,-0.2
07:35:55,"[155.1, 60]","[152.86, 126]","[161.99, 172]","[163.35, 75]",158.54,433,6.89,-0.14
07:35:56,"[156.0, 47]","[152.33, 90]","[161.95, 80]","[162.38, 86]",158.97,303,5.95,-0.1
07:35:57,"[156.0, 63]","[151.0, 90]","[161.62, 65]","[162.71, 51]",158.81,269,5.62,0.14
07:35:58,"[156.0, 95]","[151.0, 170]","[161.0, 40]","[163.55, 102]",158.5,407,5.0,0.3
07:35:59,"[156.0, 24]","[151.0, 60]","[161.0, 12]","[163.0, 24]",158.5,120,5.0,0.4
07:36:00,"[156.0, 38]","[151.0, 65]","[161.0, 22]","[163.0, 44]",158.5,169,5.0,0.22
07:36:01,"[160.53, 57]","[158.53, 51]","[163.67, 96]","[439.33, 48]",162.1,252,3.14,-0.14
07:36:02,"[163.0, 19]","[162.0, 35]","[164.0, 47]","[376.0, 20]",163.5,121,1.0,-0.11
07:36:03,"[163.0, 8]","[162.0, 40]","[164.0, 40]","[316.81, 31]",163.5,119,1.0,-0.19
07:36:04,"[163.0, 9]","[162.0, 45]","[164.0, 45]","[337.9, 29]",163.5,128,1.0,-0.16
07:36:05,"[163.0, 9]","[161.83, 36]","[164.0, 45]","[272.43, 14]",163.5,104,1.0,-0.13
07:36:06,"[163.0, 11]","[161.0, 22]","[164.0, 55]","[228.34, 35]",163.5,123,1.0,-0.46
07:36:07,"[162.78, 9]","[161.38, 16]","[164.0, 40]","[192.0, 40]",163.39,105,1.22,-0.52
07:36:08,"[162.0, 16]","[161.0, 16]","[164.0, 40]","[192.0, 40]",163.0,112,2.0,-0.43
07:36:09,"[162.0, 22]","[161.0, 22]","[164.0, 55]","[241.63, 19]",163.0,118,2.0,-0.25
07:36:10,"[160.17, 24]","[156.29, 35]","[164.0, 60]","[427.19, 27]",162.08,146,3.83,-0.19
07:36:11,"[160.0, 20]","[156.0, 30]","[164.0, 50]","[236.44, 16]",162.0,116,4.0,-0.14
07:36:12,"[158.43, 23]","[155.58, 36]","[163.43, 35]","[213.82, 33]",160.93,127,4.99,-0.07
07:36:13,"[159.17, 18]","[156.76, 17]","[164.0, 25]","[293.0, 25]",161.58,85,4.83,-0.18
07:36:14,"[159.0, 21]","[156.0, 27]","[164.0, 69]","[293.0, 45]",161.5,162,5.0,-0.41
07:36:15,"[156.0, 8]","[155.0, 20]","[164.0, 32]","[293.0, 20]",160.0,80,8.0,-0.3
07:36:16,"[155.04, 47]","[154.12, 41]","[163.95, 66]","[287.32, 44]",159.5,198,8.91,-0.11
07:36:17,"[155.0, 30]","[154.0, 24]","[161.5, 6]","[163.84, 38]",158.25,98,6.5,0.1
07:36:18,"[155.0, 60]","[154.0, 48]","[161.31, 36]","[324.0, 38]",158.15,182,6.31,0.19
07:36:19,"[155.0, 25]","[154.0, 20]","[159.0, 10]","[160.0, 15]",157.0,70,4.0,0.29
07:36:20,"[155.0, 40]","[154.0, 32]","[158.03, 33]","[160.55, 29]",156.52,134,3.03,0.07
07:36:21,"[155.07, 75]","[154.08, 61]","[157.53, 51]","[158.75, 36]",156.3,223,2.46,0.22
07:36:22,"[156.02, 46]","[155.08, 60]","[157.44, 27]","[159.16, 44]",156.73,177,1.42,0.2
07:36:23,"[156.62, 48]","[152.63, 71]","[158.44, 48]","[160.13, 62]",157.53,229,1.81,0.04
07:36:24,"[152.0, 14]","[151.0, 35]","[159.83, 18]","[162.25, 32]",155.92,99,7.83,-0.01
07:36:25,"[151.12, 34]","[150.77, 26]","[159.0, 20]","[162.0, 50]",155.06,130,7.88,-0.08
07:36:26,"[151.0, 40]","[150.0, 8]","[159.0, 16]","[162.0, 40]",155.0,104,8.0,-0.08
07:36:27,"[151.81, 16]","[150.5, 20]","[159.0, 24]","[162.0, 60]",155.41,120,7.19,-0.4
07:36:28,"[153.22, 9]","[150.0, 9]","[159.0, 18]","[162.0, 45]",156.11,81,5.78,-0.56
07:36:29,"[154.83, 12]","[150.0, 12]","[158.2, 15]","[160.36, 33]",156.52,72,3.37,-0.33
07:36:30,"[151.74, 23]","[149.21, 29]","[159.57, 35]","[161.39, 56]",155.66,143,7.83,-0.27
07:36:31,"[149.94, 51]","[149.27, 44]","[160.94, 48]","[161.78, 23]",155.44,166,11.0,0.14
07:36:32,"[152.5, 56]","[151.07, 81]","[160.94, 51]","[161.84, 31]",156.72,219,8.44,0.25
07:36:33,"[153.0, 36]","[151.0, 90]","[160.82, 34]","[161.7, 20]",156.91,180,7.82,0.4
07:36:34,"[153.25, 36]","[151.0, 108]","[160.5, 24]","[262.0, 26]",156.88,194,7.25,0.48
07:36:35,"[154.92, 36]","[152.5, 60]","[161.0, 24]","[405.2, 20]",157.96,140,6.08,0.37
07:36:36,"[156.13, 46]","[155.22, 46]","[160.78, 18]","[162.86, 14]",158.45,124,4.65,0.48
07:36:37,"[158.0, 42]","[156.0, 70]","[160.0, 56]","[161.0, 14]",159.0,182,2.0,0.23
07:36:38,"[158.07, 28]","[156.34, 29]","[160.0, 33]","[161.0, 9]",159.04,99,1.93,0.15
07:36:39,"[158.09, 22]","[157.11, 9]","[160.0, 7]","[161.0, 5]",159.05,43,1.91,0.44
07:36:40,"[155.23, 39]","[149.85, 41]","[160.0, 11]","[161.0, 11]",157.62,102,4.77,0.57
07:36:41,"[152.0, 33]","[151.0, 33]","[159.69, 13]","[160.82, 11]",155.85,90,7.69,0.47
07:36:42,"[152.0, 45]","[151.0, 45]","[156.97, 37]","[157.44, 32]",154.49,159,4.97,0.13
07:36:43,"[152.32, 53]","[149.36, 50]","[155.89, 28]","[159.97, 30]",154.11,161,3.57,0.28
07:36:44,"[150.38, 24]","[148.0, 48]","[159.0, 8]","[160.0, 8]",154.69,88,8.62,0.64
07:36:45,"[150.1, 20]","[148.29, 42]","[159.0, 8]","[160.0, 8]",154.55,78,8.9,0.59
07:36:46,"[151.0, 7]","[150.0, 42]","[159.0, 7]","[160.0, 7]",155.0,63,8.0,0.56
07:36:47,"[151.0, 13]","[150.0, 78]","[159.21, 19]","[160.27, 15]",155.11,125,8.21,0.46
07:36:48,"[152.21, 29]","[150.24, 67]","[158.48, 42]","[159.62, 32]",155.34,170,6.27,0.13
07:36:49,"[152.44, 9]","[151.0, 27]","[157.89, 18]","[159.0, 18]",155.17,72,5.44,0.0
07:36:50,"[151.2, 30]","[148.92, 36]","[153.56, 41]","[154.79, 38]",152.38,145,2.36,-0.09
07:36:51,"[151.9, 29]","[148.23, 39]","[153.0, 29]","[154.0, 52]",152.45,149,1.1,-0.09
07:36:52,"[149.75, 16]","[147.4, 30]","[153.21, 19]","[154.88, 34]",151.48,99,3.46,-0.07
07:36:53,"[148.36, 33]","[146.36, 33]","[152.33, 18]","[155.92, 39]",150.35,123,3.97,0.07
07:36:54,"[150.0, 30]","[146.8, 30]","[154.0, 20]","[158.39, 23]",152.0,103,4.0,0.17
07:36:55,"[150.0, 18]","[145.5, 18]","[155.82, 11]","[158.33, 9]",152.91,56,5.82,0.29
07:36:56,"[150.0, 9]","[145.0, 9]","[316.0, 3]","[330.33, 3]",233.0,24,166.0,0.5
07:36:57,"[147.0, 21]","[108.4, 30]","[395.0, 7]","[416.0, 7]",271.0,65,248.0,0.57
07:36:58,"[156.8, 30]","[148.7, 40]","[206.67, 12]","[267.25, 12]",181.73,94,49.87,0.49
07:36:59,"[160.67, 18]","[151.88, 24]","[167.29, 14]","[174.91, 11]",163.98,67,6.62,0.25
07:37:00,"[155.48, 62]","[150.06, 32]","[166.85, 26]","[168.0, 13]",161.17,133,11.36,0.41
07:37:01,"[156.68, 73]","[153.94, 54]","[165.16, 31]","[167.41, 17]",160.92,175,8.48,0.45
07:37:02,"[157.52, 62]","[155.82, 22]","[159.27, 22]","[160.63, 19]",158.39,125,1.76,0.34
07:37:03,"[154.07, 15]","[150.09, 93]","[158.78, 9]","[160.27, 15]",156.42,132,4.71,0.64
07:37:04,"[158.57, 42]","[154.87, 46]","[159.55, 22]","[182.22, 27]",159.06,137,0.97,0.28
07:37:05,"[160.59, 54]","[159.06, 96]","[217.5, 32]","[330.5, 24]",189.05,206,56.91,0.46
07:37:06,"[162.59, 17]","[159.45, 33]","[501.6, 10]","[586.6, 10]",332.09,70,339.01,0.43
07:37:07,"[159.11, 56]","[158.0, 24]","[335.85, 13]","[471.83, 12]",247.48,105,176.74,0.52
07:37:08,"[159.0, 30]","[155.0, 6]","[160.0, 12]","[369.62, 8]",159.5,56,1.0,0.29
07:37:09,"[156.92, 48]","[152.1, 31]","[160.0, 26]","[596.18, 22]",158.46,127,3.08,0.24
07:37:10,"[156.29, 17]","[153.92, 26]","[160.0, 16]","[451.44, 9]",158.15,68,3.71,0.26
07:37:11,"[155.62, 13]","[149.65, 43]","[160.0, 14]","[549.44, 18]",157.81,88,4.38,0.27
07:37:12,"[155.0, 18]","[149.0, 78]","[160.0, 12]","[185.0, 6]",157.5,114,5.0,0.68
07:37:13,"[150.21, 90]","[148.39, 114]","[169.42, 12]","[405.0, 16]",159.81,232,19.21,0.76
07:37:14,"[153.55, 121]","[149.73, 143]","[156.0, 11]","[192.83, 12]",154.77,287,2.45,0.84
07:37:15,"[155.86, 77]","[150.43, 91]","[310.77, 13]","[442.75, 12]",233.31,193,154.91,0.74
07:37:16,"[157.0, 110]","[150.0, 130]","[396.0, 16]","[450.62, 26]",276.5,282,239.0,0.7
07:37:17,"[157.0, 101]","[151.4, 100]","[303.24, 17]","[432.94, 17]",230.12,235,146.24,0.71
07:37:18,"[157.33, 72]","[154.0, 98]","[354.5, 16]","[414.86, 14]",255.92,200,197.17,0.7
07:37:19,"[159.0, 88]","[154.78, 23]","[235.0, 22]","[400.33, 21]",197.0,154,76.0,0.44
07:37:20,"[159.08, 75]","[156.03, 63]","[323.94, 17]","[393.96, 27]",241.51,182,164.86,0.52
07:37:21,"[161.0, 70]","[158.07, 75]","[384.07, 28]","[391.93, 28]",272.54,201,223.07,0.44
07:37:22,"[161.0, 68]","[159.0, 12]","[346.0, 20]","[388.42, 24]",253.5,124,185.0,0.29
07:37:23,"[161.0, 45]","[159.0, 9]","[300.0, 10]","[327.29, 17]",230.5,81,139.0,0.33
07:37:24,"[161.0, 50]","[159.0, 10]","[264.73, 11]","[288.75, 16]",212.86,87,103.73,0.38
07:37:25,"[156.12, 52]","[152.57, 60]","[177.12, 16]","[214.31, 13]",166.62,141,21.01,0.59
07:37:26,"[155.0, 25]","[154.0, 25]","[172.0, 10]","[220.4, 5]",163.5,65,17.0,0.54
07:37:27,"[164.0, 78]","[156.0, 18]","[169.83, 12]","[232.0, 6]",166.92,114,5.83,0.68
07:37:28,"[164.0, 130]","[155.0, 50]","[167.65, 17]","[202.0, 13]",165.82,210,3.65,0.71
07:37:29,"[164.0, 98]","[155.0, 40]","[165.33, 12]","[230.67, 12]",164.67,162,1.33,0.7
07:37:30,"[164.0, 55]","[163.0, 25]","[166.0, 5]","[417.22, 9]",165.0,94,2.0,0.7
07:37:31,"[164.0, 60]","[163.0, 45]","[474.0, 13]","[659.13, 15]",319.0,133,310.0,0.58
07:37:32,"[164.0, 34]","[163.0, 40]","[403.0, 16]","[644.69, 13]",283.5,103,239.0,0.44
07:37:33,"[164.0, 15]","[163.0, 25]","[499.6, 10]","[733.0, 5]",331.8,55,335.6,0.45
07:37:34,"[164.0, 36]","[163.0, 60]","[358.5, 28]","[607.36, 14]",261.25,138,194.5,0.39
07:37:35,"[164.0, 18]","[163.0, 30]","[247.0, 18]","[367.0, 9]",205.5,75,83.0,0.28
07:37:36,"[163.4, 25]","[161.0, 42]","[246.15, 41]","[253.7, 23]",204.77,131,82.75,0.02
07:37:37,"[159.6, 43]","[154.89, 95]","[219.3, 79]","[237.14, 43]",189.45,260,59.7,0.06
07:37:38,"[161.0, 12]","[155.29, 42]","[192.31, 51]","[219.42, 33]",176.66,138,31.31,-0.22
07:37:39,"[157.07, 14]","[155.1, 61]","[160.29, 62]","[162.1, 29]",158.68,166,3.22,-0.1
07:37:40,"[155.52, 31]","[154.5, 50]","[157.48, 31]","[160.0, 29]",156.5,141,1.97,0.15
07:37:41,"[157.26, 38]","[154.81, 70]","[161.13, 31]","[163.88, 17]",159.2,156,3.87,0.38
07:37:42,"[154.71, 51]","[152.58, 55]","[158.26, 47]","[158.27, 45]",156.48,198,3.55,0.07
07:37:43,"[153.09, 33]","[151.42, 43]","[155.05, 40]","[156.2, 25]",154.07,141,1.96,0.08
07:37:44,"[152.0, 34]","[151.0, 60]","[154.17, 60]","[156.0, 28]",153.08,182,2.17,0.03
07:37:45,"[152.0, 11]","[151.0, 55]","[155.39, 18]","[157.65, 48]",153.69,132,3.39,0.0
07:37:46,"[152.0, 9]","[151.0, 45]","[157.0, 36]","[163.0, 18]",154.5,108,5.0,0.0
07:37:47,"[152.85, 13]","[150.09, 47]","[156.78, 36]","[159.33, 30]",154.81,126,3.93,-0.05
07:37:48,"[151.0, 7]","[148.0, 35]","[155.14, 14]","[157.0, 28]",153.07,84,4.14,0.0
07:37:49,"[151.0, 9]","[148.0, 45]","[155.86, 14]","[167.15, 34]",153.43,102,4.86,0.06
07:37:50,"[152.09, 44]","[148.55, 49]","[158.0, 17]","[161.0, 17]",155.05,127,5.91,0.46
07:37:51,"[154.1, 40]","[150.12, 34]","[158.0, 10]","[161.0, 10]",156.05,94,3.9,0.57
07:37:52,"[155.0, 24]","[149.91, 22]","[158.0, 6]","[161.0, 6]",156.5,58,3.0,0.59
07:37:53,"[155.42, 43]","[148.0, 25]","[168.92, 26]","[274.59, 17]",162.17,111,13.5,0.23
07:37:54,"[161.29, 28]","[158.45, 51]","[550.0, 50]","[595.57, 28]",355.64,157,388.71,0.01
07:37:55,"[159.38, 37]","[148.86, 29]","[550.0, 45]","[586.84, 25]",354.69,136,390.62,-0.03
07:37:56,"[148.77, 26]","[147.12, 34]","[402.92, 26]","[559.14, 42]",275.85,128,254.15,-0.06
07:37:57,"[148.0, 5]","[147.0, 25]","[236.0, 10]","[452.0, 15]",192.0,55,88.0,0.09
07:37:58,"[148.0, 11]","[147.0, 55]","[170.69, 32]","[277.86, 21]",159.34,119,22.69,0.11
07:37:59,"[148.0, 3]","[147.0, 15]","[152.0, 6]","[154.0, 3]",150.0,27,4.0,0.33
07:38:00,"[148.27, 15]","[136.78, 37]","[152.48, 21]","[256.0, 20]",150.37,93,4.21,0.12
07:38:01,"[148.0, 15]","[113.67, 15]","[150.0, 57]","[154.0, 15]",149.0,102,2.0,-0.41
07:38:02,"[134.0, 14]","[98.56, 32]","[151.43, 14]","[470.07, 30]",142.71,90,17.43,0.02
07:38:03,"[121.0, 6]","[97.0, 6]","[145.0, 6]","[150.8, 15]",133.0,33,24.0,-0.27
07:38:04,"[102.39, 23]","[74.88, 16]","[145.0, 7]","[150.0, 28]",123.7,74,42.61,0.05
07:38:05,"[102.0, 35]","[63.85, 13]","[152.71, 7]","[154.09, 22]",127.36,77,50.71,0.25
07:38:06,"[102.6, 43]","[90.05, 21]","[274.8, 15]","[267.73, 33]",188.7,112,172.2,0.14
07:38:07,"[149.03, 33]","[119.34, 38]","[318.09, 58]","[344.33, 42]",233.56,171,169.06,-0.17
07:38:08,"[160.93, 95]","[153.12, 16]","[307.04, 23]","[333.34, 41]",233.98,175,146.12,0.27
07:38:09,"[161.0, 152]","[156.0, 55]","[254.84, 32]","[305.31, 45]",207.92,284,93.84,0.46
07:38:10,"[161.0, 150]","[156.0, 55]","[254.0, 55]","[255.0, 33]",207.5,293,93.0,0.4
07:38:11,"[163.26, 53]","[160.81, 135]","[253.27, 55]","[255.0, 33]",208.27,276,90.01,0.36
07:38:12,"[164.0, 48]","[161.07, 84]","[241.64, 56]","[273.43, 42]",202.82,230,77.64,0.15
07:38:13,"[164.0, 35]","[161.0, 143]","[237.82, 55]","[239.74, 53]",200.91,286,73.82,0.24
07:38:14,"[164.0, 9]","[161.0, 117]","[235.22, 45]","[239.0, 45]",199.61,216,71.22,0.17
07:38:15,"[161.06, 98]","[157.97, 66]","[234.71, 42]","[241.88, 40]",197.89,246,73.65,0.33
07:38:16,"[161.0, 108]","[157.14, 21]","[233.26, 35]","[234.41, 37]",197.13,201,72.26,0.28
07:38:17,"[161.0, 136]","[160.0, 12]","[221.74, 58]","[231.88, 42]",191.37,248,60.74,0.19
07:38:18,"[161.15, 54]","[160.89, 45]","[229.93, 43]","[231.66, 29]",195.54,171,68.78,0.16
07:38:19,"[161.03, 79]","[160.43, 23]","[224.4, 50]","[229.51, 68]",192.71,220,63.37,-0.07
07:38:20,"[161.0, 72]","[160.0, 12]","[201.93, 56]","[207.48, 58]",181.46,198,40.93,-0.15
07:38:21,"[161.0, 102]","[160.0, 17]","[192.53, 51]","[194.56, 59]",176.76,229,31.53,0.04
07:38:22,"[161.0, 60]","[160.0, 10]","[187.33, 36]","[188.17, 36]",174.17,142,26.33,-0.01
07:38:23,"[161.24, 102]","[160.62, 39]","[183.35, 62]","[184.81, 59]",172.3,262,22.12,0.08
07:38:24,"[163.1, 100]","[160.92, 65]","[178.72, 47]","[179.83, 53]",170.91,265,15.62,0.25
07:38:25,"[164.0, 111]","[161.0, 108]","[175.0, 62]","[175.98, 55]",169.5,336,11.0,0.3
07:38:26,"[164.0, 56]","[161.0, 84]","[171.39, 46]","[173.0, 42]",167.7,228,7.39,0.23
07:38:27,"[164.0, 14]","[161.0, 89]","[167.73, 49]","[169.12, 48]",165.87,200,3.73,0.03
07:38:28,"[161.03, 92]","[160.35, 20]","[164.21, 56]","[166.82, 44]",162.62,212,3.18,0.06
07:38:29,"[161.0, 106]","[160.0, 17]","[162.28, 67]","[163.57, 54]",161.64,244,1.28,0.01
07:38:30,"[160.0, 17]","[159.0, 17]","[162.4, 47]","[235.65, 71]",161.2,152,2.4,-0.55
07:38:31,"[157.76, 21]","[155.31, 55]","[160.31, 32]","[250.07, 41]",159.04,149,2.55,0.02
07:38:32,"[156.0, 49]","[153.0, 211]","[157.67, 12]","[179.86, 21]",156.83,293,1.67,0.77
07:38:33,"[154.06, 17]","[152.53, 68]","[157.0, 14]","[183.71, 14]",155.53,113,2.94,0.5
07:38:34,"[153.0, 132]","[120.63, 79]","[157.0, 48]","[181.56, 27]",155.0,286,4.0,0.48
07:38:35,"[153.0, 99]","[115.87, 75]","[157.0, 36]","[464.56, 27]",155.0,237,4.0,0.47
07:38:36,"[153.0, 100]","[135.82, 68]","[159.68, 41]","[228.61, 46]",156.34,255,6.68,0.32
07:38:37,"[153.0, 40]","[143.0, 40]","[179.0, 25]","[584.0, 25]",166.0,130,26.0,0.23
07:38:38,"[153.0, 56]","[143.0, 72]","[211.16, 31]","[410.58, 26]",182.08,185,58.16,0.38
07:38:39,"[154.53, 38]","[149.75, 96]","[388.15, 26]","[651.74, 35]",271.34,195,233.63,0.37
07:38:40,"[160.0, 10]","[159.0, 60]","[358.8, 50]","[568.61, 18]",259.4,138,198.8,0.01
07:38:41,"[161.0, 30]","[160.0, 10]","[245.3, 50]","[506.11, 44]",203.15,134,84.3,-0.4
07:38:42,"[161.0, 42]","[160.0, 14]","[415.2, 66]","[513.5, 52]",288.1,174,254.2,-0.36
07:38:43,"[160.35, 31]","[158.73, 41]","[410.21, 43]","[433.67, 30]",285.28,145,249.85,-0.01
07:38:44,"[159.1, 67]","[158.06, 89]","[257.88, 26]","[327.47, 45]",208.49,227,98.78,0.37
07:38:45,"[160.0, 43]","[159.0, 45]","[231.33, 12]","[270.48, 21]",195.67,121,71.33,0.45
07:38:46,"[159.2, 50]","[158.26, 95]","[184.24, 63]","[204.81, 37]",171.72,245,25.04,0.18
07:38:47,"[159.0, 44]","[158.0, 77]","[181.21, 14]","[182.11, 45]",170.11,180,22.21,0.34
07:38:48,"[159.0, 48]","[158.0, 84]","[178.83, 12]","[181.26, 27]",168.92,171,19.83,0.54
07:38:49,"[159.0, 52]","[158.0, 91]","[173.39, 31]","[175.12, 16]",166.19,190,14.39,0.51
07:38:50,"[161.78, 36]","[159.75, 48]","[171.47, 15]","[172.93, 30]",166.62,129,9.69,0.3
07:38:51,"[164.0, 68]","[163.0, 68]","[168.47, 17]","[170.15, 26]",166.24,179,4.47,0.52
07:38:52,"[164.0, 36]","[163.0, 36]","[166.67, 9]","[167.67, 9]",165.33,90,2.67,0.6
07:38:53,"[164.0, 37]","[163.0, 40]","[165.6, 10]","[169.53, 19]",164.8,106,1.6,0.45
07:38:54,"[163.0, 30]","[161.0, 153]","[289.08, 25]","[318.44, 45]",226.04,253,126.08,0.45
07:38:55,"[163.0, 36]","[161.0, 204]","[235.35, 17]","[276.21, 56]",199.18,313,72.35,0.53
07:38:56,"[163.0, 18]","[161.0, 204]","[234.33, 12]","[409.72, 32]",198.67,266,71.33,0.67
07:38:57,"[163.0, 14]","[161.0, 410]","[234.0, 14]","[413.71, 70]",198.5,508,71.0,0.67
07:38:58,"[161.04, 196]","[160.63, 162]","[232.92, 13]","[339.38, 32]",196.98,403,71.88,0.78
07:38:59,"[161.0, 320]","[159.0, 50]","[229.25, 12]","[230.11, 18]",195.12,400,68.25,0.85
07:39:00,"[161.0, 440]","[159.0, 70]","[226.06, 18]","[227.17, 24]",193.53,552,65.06,0.85
07:39:01,"[161.0, 270]","[159.0, 45]","[217.94, 17]","[225.0, 12]",189.47,344,56.94,0.83
07:39:02,"[161.0, 480]","[159.12, 68]","[221.52, 23]","[222.84, 25]",191.26,596,60.52,0.84
07:39:03,"[162.22, 148]","[160.99, 441]","[216.5, 54]","[216.83, 54]",189.36,697,54.28,0.69
07:39:04,"[164.0, 44]","[161.0, 184]","[204.54, 37]","[208.84, 31]",184.27,296,40.54,0.54
07:39:05,"[164.0, 56]","[161.0, 232]","[200.25, 40]","[201.86, 58]",182.12,386,36.25,0.49
07:39:06,"[161.08, 315]","[159.64, 125]","[197.47, 89]","[199.4, 47]",179.27,576,36.4,0.53
07:39:07,"[161.0, 254]","[159.0, 105]","[192.89, 55]","[194.83, 75]",176.95,489,31.89,0.47
07:39:08,"[161.0, 76]","[159.0, 70]","[190.94, 64]","[191.71, 34]",175.97,244,29.94,0.2
07:39:09,"[161.0, 66]","[159.0, 81]","[172.15, 54]","[179.16, 38]",166.57,239,11.15,0.23
07:39:10,"[161.0, 108]","[159.0, 142]","[166.67, 66]","[167.44, 54]",163.83,370,5.67,0.35
07:39:11,"[161.0, 70]","[159.0, 60]","[163.27, 30]","[164.15, 26]",162.13,186,2.27,0.4
07:39:12,"[159.41, 44]","[157.83, 60]","[162.0, 24]","[254.73, 26]",160.7,154,2.59,0.35
07:39:13,"[159.0, 47]","[157.1, 29]","[196.82, 22]","[573.89, 27]",177.91,125,37.82,0.22
07:39:14,"[159.0, 6]","[158.0, 6]","[184.0, 26]","[525.5, 10]",171.5,48,25.0,-0.5
07:39:15,"[159.0, 6]","[158.0, 6]","[203.77, 26]","[334.25, 8]",181.38,46,44.77,-0.48
07:39:16,"[159.0, 8]","[158.0, 8]","[339.2, 10]","[373.32, 22]",249.1,48,180.2,-0.33
07:39:17,"[159.0, 12]","[158.0, 12]","[329.11, 38]","[403.32, 50]",244.05,112,170.11,-0.57
07:39:18,"[158.86, 7]","[157.6, 10]","[170.0, 7]","[229.0, 21]",164.43,45,11.14,-0.24
07:39:19,"[156.75, 56]","[154.36, 33]","[170.0, 13]","[211.56, 41]",163.38,143,13.25,0.24
07:39:20,"[157.0, 33]","[156.0, 41]","[183.64, 33]","[200.82, 33]",170.32,140,26.64,0.06
07:39:21,"[157.21, 14]","[156.0, 62]","[167.36, 70]","[185.67, 52]",162.29,198,10.14,-0.23
07:39:22,"[156.18, 44]","[154.91, 44]","[161.08, 60]","[163.0, 60]",158.63,208,4.9,-0.15
07:39:23,"[156.0, 50]","[154.0, 30]","[160.79, 14]","[163.0, 50]",158.39,144,4.79,0.11
07:39:24,"[156.0, 70]","[154.0, 42]","[213.0, 18]","[277.28, 50]",184.5,180,57.0,0.24
07:39:25,"[157.38, 96]","[156.67, 107]","[317.73, 63]","[326.44, 41]",237.55,307,160.36,0.32
07:39:26,"[157.43, 70]","[156.0, 35]","[273.17, 23]","[318.29, 35]",215.3,163,115.75,0.29
07:39:27,"[158.0, 183]","[156.0, 75]","[196.55, 55]","[284.6, 55]",177.27,368,38.55,0.4
07:39:28,"[158.56, 96]","[156.65, 37]","[172.0, 45]","[355.28, 25]",165.28,203,13.44,0.31
07:39:29,"[161.0, 135]","[159.08, 26]","[172.0, 75]","[443.79, 19]",166.5,255,11.0,0.26
07:39:30,"[161.0, 61]","[160.0, 12]","[171.22, 45]","[491.33, 9]",166.11,127,10.22,0.15
07:39:31,"[161.0, 6]","[160.0, 6]","[170.33, 30]","[446.0, 18]",165.67,60,9.33,-0.6
07:39:32,"[158.14, 14]","[155.04, 25]","[169.88, 34]","[260.0, 30]",164.01,103,11.74,-0.24
07:39:33,"[156.0, 15]","[154.0, 60]","[163.26, 35]","[166.56, 45]",159.63,155,7.26,-0.03
07:39:34,"[156.0, 12]","[154.0, 48]","[187.0, 36]","[352.86, 21]",171.5,117,31.0,0.03
07:39:35,"[162.25, 24]","[154.7, 46]","[458.7, 47]","[535.2, 35]",310.48,152,296.45,-0.08
07:39:36,"[163.0, 28]","[161.0, 28]","[304.46, 50]","[443.24, 42]",233.73,148,141.46,-0.24
07:39:37,"[163.0, 18]","[161.0, 18]","[235.33, 36]","[239.1, 21]",199.17,93,72.33,-0.23
07:39:38,"[163.0, 20]","[161.0, 20]","[212.08, 39]","[223.19, 21]",187.54,100,49.08,-0.2
07:39:39,"[163.0, 22]","[161.0, 22]","[179.06, 34]","[194.2, 41]",171.03,119,16.06,-0.26
07:39:40,"[160.79, 43]","[156.88, 136]","[171.23, 52]","[171.77, 44]",166.01,275,10.44,0.3
07:39:41,"[158.5, 16]","[156.73, 88]","[166.43, 28]","[167.75, 32]",162.46,164,7.93,0.27
07:39:42,"[160.96, 56]","[158.81, 21]","[165.47, 57]","[166.25, 48]",163.22,182,4.51,-0.15
07:39:43,"[161.0, 18]","[159.0, 9]","[162.48, 21]","[163.21, 28]",161.74,76,1.48,-0.29
07:39:44,"[161.0, 18]","[159.0, 9]","[162.0, 18]","[163.0, 36]",161.5,81,1.0,-0.33
07:39:45,"[159.62, 13]","[158.08, 39]","[162.78, 36]","[346.67, 48]",161.2,136,3.16,-0.24
07:39:46,"[158.18, 11]","[156.07, 242]","[160.78, 23]","[161.38, 32]",159.48,308,2.6,0.64
07:39:47,"[156.02, 105]","[154.86, 42]","[159.5, 8]","[206.0, 19]",157.76,174,3.48,0.69
07:39:48,"[156.0, 170]","[153.36, 25]","[158.85, 13]","[232.6, 40]",157.42,248,2.85,0.57
07:39:49,"[158.29, 49]","[155.87, 47]","[185.0, 14]","[253.0, 28]",171.64,138,26.71,0.39
07:39:50,"[163.0, 40]","[156.0, 110]","[234.56, 27]","[298.71, 38]",198.78,215,71.56,0.4
07:39:51,"[163.0, 20]","[156.0, 55]","[236.6, 15]","[238.0, 10]",199.8,100,73.6,0.5
07:39:52,"[163.0, 52]","[156.0, 143]","[225.74, 31]","[227.3, 37]",194.37,263,62.74,0.48
07:39:53,"[163.0, 22]","[156.0, 88]","[209.9, 10]","[217.14, 22]",186.45,142,46.9,0.55
07:39:54,"[161.86, 37]","[160.08, 63]","[196.07, 29]","[197.62, 13]",178.97,142,34.2,0.41
07:39:55,"[161.0, 77]","[160.0, 11]","[195.67, 27]","[196.35, 17]",178.33,132,34.67,0.33
07:39:56,"[161.0, 73]","[160.0, 11]","[191.85, 13]","[193.9, 31]",176.42,128,30.85,0.31
07:39:57,"[161.0, 55]","[160.0, 11]","[187.62, 45]","[188.65, 23]",174.31,134,26.62,-0.01
07:39:58,"[161.0, 24]","[160.0, 9]","[185.3, 33]","[186.76, 29]",173.15,95,24.3,-0.31
07:39:59,"[160.92, 24]","[159.3, 37]","[181.28, 39]","[181.91, 43]",171.1,143,20.37,-0.15
07:40:00,"[159.21, 33]","[158.42, 113]","[173.65, 40]","[179.32, 19]",166.43,205,14.44,0.42
07:40:01,"[159.35, 104]","[157.5, 132]","[166.46, 48]","[178.25, 40]",162.9,324,7.11,0.46
07:40:02,"[160.0, 54]","[159.0, 121]","[176.0, 55]","[178.0, 33]",168.0,263,16.0,0.33
07:40:03,"[160.91, 22]","[159.0, 176]","[174.23, 78]","[175.64, 50]",167.57,326,13.32,0.21
07:40:04,"[162.06, 17]","[159.03, 123]","[166.95, 63]","[168.83, 41]",164.51,244,4.89,0.15
07:40:05,"[161.0, 10]","[159.42, 38]","[164.88, 34]","[217.63, 43]",162.94,125,3.88,-0.23
07:40:06,"[159.09, 47]","[158.08, 104]","[164.0, 7]","[165.0, 35]",161.54,193,4.91,0.56
07:40:07,"[159.0, 83]","[158.0, 280]","[162.22, 46]","[167.0, 42]",160.61,451,3.22,0.61
07:40:08,"[158.0, 240]","[156.0, 144]","[175.81, 31]","[199.33, 57]",166.9,472,17.81,0.63
07:40:09,"[158.0, 200]","[156.0, 43]","[173.0, 20]","[186.0, 50]",165.5,313,15.0,0.55
07:40:10,"[158.0, 220]","[156.0, 11]","[173.0, 22]","[225.43, 46]",165.5,299,15.0,0.55
07:40:11,"[157.74, 138]","[155.84, 19]","[172.11, 18]","[220.33, 45]",164.93,220,14.37,0.43
07:40:12,"[157.02, 55]","[156.11, 38]","[238.3, 33]","[423.38, 39]",197.66,165,81.28,0.13
07:40:13,"[158.0, 222]","[157.0, 90]","[241.8, 60]","[313.09, 53]",199.9,425,83.8,0.47
07:40:14,"[158.0, 65]","[157.0, 30]","[239.8, 20]","[259.0, 16]",198.9,131,81.8,0.45
07:40:15,"[158.0, 155]","[157.0, 72]","[237.67, 48]","[283.67, 30]",197.83,305,79.67,0.49
07:40:16,"[159.53, 96]","[158.13, 110]","[233.41, 51]","[317.38, 26]",196.47,283,73.88,0.46
07:40:17,"[160.0, 101]","[159.0, 52]","[173.85, 52]","[306.95, 38]",166.92,243,13.85,0.26
07:40:18,"[160.0, 144]","[159.0, 48]","[170.67, 48]","[321.08, 36]",165.33,276,10.67,0.39
07:40:19,"[160.19, 126]","[159.41, 74]","[168.43, 56]","[219.09, 53]",164.31,309,8.24,0.29
07:40:20,"[160.0, 90]","[159.0, 36]","[166.0, 36]","[168.0, 36]",163.0,198,6.0,0.27
07:40:21,"[160.0, 122]","[159.0, 60]","[164.95, 42]","[165.93, 60]",162.48,284,4.95,0.28
07:40:22,"[160.0, 32]","[159.0, 40]","[162.29, 28]","[164.5, 32]",161.14,132,2.29,0.09
07:40:23,"[159.0, 56]","[158.0, 168]","[164.21, 38]","[226.82, 49]",161.61,311,5.21,0.44
07:40:24,"[159.0, 40]","[158.0, 120]","[162.17, 24]","[162.92, 26]",160.58,210,3.17,0.52
07:40:25,"[158.08, 156]","[157.33, 108]","[160.76, 34]","[162.62, 32]",159.42,330,2.69,0.6
07:40:26,"[158.52, 50]","[157.92, 156]","[284.9, 31]","[337.64, 33]",221.71,270,126.38,0.53
07:40:27,"[159.0, 9]","[158.0, 108]","[357.57, 23]","[417.4, 15]",258.28,155,198.57,0.51
07:40:28,"[158.03, 58]","[157.44, 54]","[316.67, 18]","[436.93, 14]",237.35,144,158.63,0.56
07:40:29,"[158.64, 28]","[157.08, 36]","[404.57, 21]","[561.28, 25]",281.61,110,245.93,0.16
07:40:30,"[157.36, 44]","[156.14, 42]","[234.6, 50]","[237.0, 30]",195.98,166,77.24,0.04
07:40:31,"[157.67, 30]","[156.33, 45]","[224.2, 44]","[372.86, 28]",190.94,147,66.54,0.02
07:40:32,"[157.65, 46]","[156.25, 32]","[205.47, 19]","[229.11, 35]",181.56,132,47.82,0.18
07:40:33,"[158.0, 54]","[157.0, 36]","[172.56, 45]","[176.7, 37]",165.28,172,14.56,0.05
07:40:34,"[158.0, 61]","[157.0, 44]","[171.27, 55]","[174.0, 55]",164.64,215,13.27,-0.02
07:40:35,"[158.1, 59]","[157.31, 64]","[170.67, 75]","[173.0, 75]",164.38,273,12.56,-0.1
07:40:36,"[161.83, 23]","[158.27, 52]","[168.94, 80]","[170.0, 80]",165.38,235,7.11,-0.36
07:40:37,"[163.0, 18]","[160.0, 9]","[166.78, 45]","[168.33, 45]",164.89,117,3.78,-0.54
07:40:38,"[163.0, 20]","[160.0, 55]","[164.9, 50]","[165.9, 50]",163.95,175,1.9,-0.14
07:40:39,"[160.1, 62]","[158.5, 40]","[164.37, 27]","[173.57, 35]",162.23,164,4.27,0.24
07:40:40,"[160.0, 80]","[158.0, 45]","[162.11, 27]","[163.33, 27]",161.06,179,2.11,0.4
07:40:41,"[158.08, 25]","[157.12, 41]","[258.14, 21]","[357.26, 19]",208.11,106,100.06,0.25
07:40:42,"[158.05, 21]","[156.58, 12]","[330.65, 23]","[422.75, 16]",244.35,72,172.6,-0.08
07:40:43,"[160.0, 54]","[157.0, 9]","[234.8, 20]","[298.87, 30]",197.4,113,74.8,0.12
07:40:44,"[160.0, 28]","[157.86, 7]","[234.0, 28]","[268.0, 21]",197.0,84,74.0,-0.17
07:40:45,"[160.0, 28]","[158.0, 7]","[234.0, 28]","[298.26, 23]",197.0,86,74.0,-0.19
07:40:46,"[160.0, 36]","[158.0, 9]","[234.0, 36]","[422.75, 32]",197.0,113,74.0,-0.2
07:40:47,"[161.52, 33]","[159.82, 22]","[225.65, 31]","[233.67, 30]",193.58,116,64.13,-0.05
07:40:48,"[161.79, 19]","[160.11, 18]","[233.0, 25]","[234.0, 20]",197.39,82,71.21,-0.1
07:40:49,"[159.43, 14]","[158.67, 15]","[232.0, 45]","[234.0, 36]",195.71,110,72.57,-0.47
07:40:50,"[158.0, 13]","[157.0, 13]","[229.19, 62]","[230.85, 55]",193.6,143,71.19,-0.64
07:40:51,"[158.0, 8]","[157.0, 8]","[208.35, 37]","[225.79, 29]",183.18,82,50.35,-0.61
07:40:52,"[157.11, 9]","[155.4, 25]","[200.0, 36]","[201.0, 45]",178.56,115,42.89,-0.41
07:40:53,"[155.24, 21]","[153.32, 57]","[197.92, 51]","[199.83, 48]",176.58,177,42.68,-0.12
07:40:54,"[157.96, 23]","[155.43, 14]","[195.43, 35]","[199.0, 28]",176.69,100,37.47,-0.26
07:40:55,"[159.0, 45]","[156.0, 18]","[193.47, 36]","[194.98, 41]",176.24,140,34.47,-0.1
07:40:56,"[159.0, 43]","[156.0, 18]","[191.39, 41]","[192.5, 40]",175.2,142,32.39,-0.14
07:40:57,"[159.25, 56]","[156.64, 28]","[189.19, 63]","[190.24, 63]",174.22,210,29.94,-0.2
07:40:58,"[157.83, 24]","[155.75, 32]","[185.36, 50]","[187.08, 50]",171.6,156,27.53,-0.28
07:40:59,"[154.33, 18]","[152.63, 38]","[156.0, 7]","[178.8, 25]",155.17,88,1.67,0.27
07:41:00,"[153.0, 67]","[118.08, 48]","[155.0, 24]","[168.64, 28]",154.0,167,2.0,0.38
07:41:01,"[143.9, 82]","[123.63, 60]","[153.72, 36]","[154.8, 41]",148.81,219,9.82,0.3
07:41:02,"[143.79, 38]","[142.8, 82]","[151.14, 21]","[152.37, 27]",147.47,168,7.35,0.43
07:41:03,"[146.07, 30]","[144.25, 48]","[148.94, 18]","[150.31, 16]",147.51,112,2.88,0.39
07:41:04,"[147.11, 27]","[143.0, 72]","[200.23, 26]","[223.58, 31]",173.67,156,53.12,0.27
07:41:05,"[148.71, 31]","[142.85, 26]","[208.0, 36]","[329.0, 27]",178.35,120,59.29,-0.05
07:41:06,"[149.38, 8]","[124.76, 17]","[223.78, 23]","[427.74, 19]",186.58,67,74.41,-0.25
07:41:07,"[149.0, 7]","[124.2, 10]","[329.0, 21]","[687.14, 28]",239.0,66,180.0,-0.48
07:41:08,"[153.54, 24]","[132.97, 30]","[294.6, 30]","[604.0, 40]",224.07,124,141.06,-0.13
07:41:09,"[155.8, 15]","[153.19, 31]","[435.86, 22]","[621.0, 27]",295.83,95,280.06,-0.03
07:41:10,"[155.0, 5]","[153.0, 45]","[650.4, 20]","[757.0, 15]",402.7,85,495.4,0.18
07:41:11,"[154.7, 20]","[149.46, 39]","[720.0, 28]","[757.0, 21]",437.35,108,565.3,0.09
07:41:12,"[159.84, 73]","[157.16, 31]","[480.91, 33]","[720.0, 44]",320.37,181,321.07,0.15
07:41:13,"[163.0, 84]","[159.0, 18]","[521.11, 19]","[706.3, 23]",342.05,144,358.11,0.42
07:41:14,"[163.02, 129]","[160.37, 41]","[620.4, 30]","[784.0, 40]",391.71,240,457.38,0.42
07:41:15,"[163.39, 46]","[162.68, 94]","[386.21, 29]","[743.44, 27]",274.8,196,222.82,0.43
07:41:16,"[163.0, 140]","[160.0, 59]","[206.3, 40]","[725.2, 30]",184.65,269,43.3,0.48
07:41:17,"[163.0, 122]","[160.0, 72]","[190.07, 43]","[331.62, 32]",176.53,269,27.07,0.44
07:41:18,"[163.0, 84]","[160.0, 72]","[189.0, 45]","[313.59, 29]",176.0,230,26.0,0.36
07:41:19,"[163.0, 80]","[160.0, 80]","[186.59, 34]","[188.61, 46]",174.79,240,23.59,0.33
07:41:20,"[163.0, 32]","[160.0, 64]","[184.75, 40]","[186.0, 24]",173.88,160,21.75,0.2
07:41:21,"[163.0, 36]","[160.0, 96]","[181.62, 48]","[183.5, 48]",172.31,228,18.62,0.16
07:41:22,"[163.0, 10]","[160.82, 44]","[180.0, 50]","[182.0, 30]",171.5,134,17.0,-0.19
07:41:23,"[163.0, 15]","[160.46, 79]","[176.7, 40]","[178.24, 41]",169.85,175,13.7,0.07
07:41:24,"[161.17, 47]","[159.81, 110]","[172.56, 32]","[173.62, 32]",166.87,221,11.39,0.42
07:41:25,"[161.0, 68]","[160.0, 187]","[170.53, 34]","[172.59, 34]",165.76,323,9.53,0.58
07:41:26,"[161.0, 58]","[160.0, 165]","[164.62, 32]","[166.73, 30]",162.81,285,3.62,0.56
07:41:27,"[160.09, 138]","[159.45, 180]","[164.0, 36]","[204.2, 30]",162.04,384,3.91,0.66
07:41:28,"[160.0, 92]","[159.0, 77]","[166.0, 14]","[198.0, 14]",163.0,197,6.0,0.72
07:41:29,"[160.0, 121]","[159.0, 121]","[163.69, 32]","[182.0, 26]",161.84,300,3.69,0.61
07:41:30,"[160.0, 84]","[159.0, 135]","[161.6, 42]","[162.29, 70]",160.8,331,1.6,0.32
07:41:31,"[159.12, 100]","[158.37, 87]","[161.81, 53]","[180.86, 42]",160.47,282,2.69,0.33
07:41:32,"[158.6, 92]","[157.37, 51]","[159.59, 37]","[164.56, 36]",159.1,216,1.0,0.32
07:41:33,"[158.0, 24]","[156.0, 24]","[199.8, 15]","[291.1, 30]",178.9,93,41.8,0.03
07:41:34,"[158.36, 22]","[156.73, 22]","[216.57, 23]","[520.06, 34]",187.46,101,58.2,-0.13
07:41:35,"[159.0, 18]","[158.0, 18]","[227.0, 9]","[543.05, 42]",193.0,87,68.0,-0.17
07:41:36,"[159.0, 16]","[158.0, 16]","[206.38, 16]","[496.41, 32]",182.69,80,47.38,-0.2
07:41:37,"[159.0, 20]","[158.0, 20]","[299.08, 38]","[364.96, 27]",229.04,105,140.08,-0.24
07:41:38,"[157.34, 58]","[156.91, 22]","[244.73, 48]","[358.43, 35]",201.04,163,87.38,-0.02
07:41:39,"[157.0, 48]","[156.0, 12]","[295.5, 8]","[485.0, 10]",226.25,78,138.5,0.54
07:41:40,"[157.0, 23]","[156.0, 22]","[290.03, 33]","[425.59, 34]",223.52,112,133.03,-0.2
07:41:41,"[157.0, 7]","[156.0, 14]","[224.0, 35]","[377.0, 14]",190.5,70,67.0,-0.4
07:41:42,"[156.0, 9]","[154.14, 28]","[274.44, 45]","[377.0, 18]",215.22,100,118.44,-0.26
07:41:43,"[161.33, 27]","[156.08, 24]","[221.7, 33]","[431.0, 30]",191.52,114,60.36,-0.11
07:41:44,"[160.58, 19]","[156.05, 37]","[172.0, 50]","[357.4, 20]",166.29,126,11.42,-0.11
07:41:45,"[156.0, 4]","[155.0, 28]","[172.0, 20]","[351.0, 8]",164.0,60,16.0,0.07
07:41:46,"[156.0, 6]","[155.0, 42]","[179.5, 24]","[264.78, 18]",167.75,90,23.5,0.07
07:41:47,"[156.0, 8]","[155.0, 56]","[217.0, 16]","[299.12, 40]",186.5,120,61.0,0.07
07:41:48,"[156.0, 10]","[155.0, 70]","[245.45, 29]","[301.41, 41]",200.72,150,89.45,0.07
07:41:49,"[159.0, 20]","[155.08, 38]","[285.25, 20]","[483.67, 30]",222.12,108,126.25,0.07
07:41:50,"[157.45, 56]","[155.02, 50]","[323.25, 8]","[483.0, 40]",240.35,154,165.8,0.38
07:41:51,"[158.69, 117]","[155.19, 43]","[323.0, 13]","[525.71, 49]",240.85,222,164.31,0.44
07:41:52,"[159.88, 72]","[156.0, 8]","[396.42, 12]","[469.75, 20]",278.15,112,236.54,0.43
07:41:53,"[160.5, 24]","[159.72, 29]","[365.76, 17]","[447.85, 13]",263.13,83,205.26,0.28
07:41:54,"[162.15, 94]","[159.85, 79]","[305.0, 60]","[350.5, 12]",233.57,245,142.85,0.41
07:41:55,"[163.0, 88]","[160.0, 72]","[305.0, 45]","[420.31, 13]",234.0,218,142.0,0.47
07:41:56,"[163.0, 44]","[160.0, 48]","[305.0, 30]","[368.36, 22]",234.0,144,142.0,0.28
07:41:57,"[163.0, 20]","[160.0, 64]","[326.75, 40]","[442.0, 8]",244.88,132,163.75,0.27
07:41:58,"[163.0, 8]","[160.0, 64]","[368.27, 15]","[673.8, 10]",265.63,97,205.27,0.48
07:41:59,"[163.0, 2]","[160.0, 16]","[176.0, 8]","[608.0, 2]",169.5,28,13.0,0.29
07:42:00,"[163.0, 9]","[160.0, 72]","[175.39, 41]","[248.0, 24]",169.2,146,12.39,0.11
07:42:01,"[163.0, 9]","[160.0, 72]","[173.89, 45]","[297.33, 36]",168.44,162,10.89,0.0
07:42:02,"[160.45, 33]","[159.5, 48]","[170.49, 43]","[171.53, 43]",165.47,167,10.03,-0.03
07:42:03,"[160.0, 67]","[157.0, 22]","[166.51, 49]","[168.02, 49]",163.26,187,6.51,-0.05
07:42:04,"[160.0, 52]","[157.0, 26]","[163.37, 54]","[164.39, 64]",161.69,196,3.37,-0.2
07:42:05,"[156.63, 59]","[154.51, 39]","[160.35, 55]","[175.51, 53]",158.49,206,3.72,-0.05
07:42:06,"[161.46, 91]","[157.31, 67]","[163.82, 34]","[194.95, 37]",162.64,229,2.36,0.38
07:42:07,"[162.18, 51]","[160.15, 65]","[184.07, 30]","[252.37, 27]",173.12,173,21.89,0.34
07:42:08,"[162.29, 14]","[160.95, 38]","[282.75, 8]","[428.62, 8]",222.52,68,120.46,0.53
07:42:09,"[162.0, 59]","[158.33, 48]","[232.25, 16]","[358.41, 22]",197.12,145,70.25,0.48
07:42:10,"[162.0, 32]","[160.0, 16]","[310.25, 8]","[693.0, 24]",236.12,80,148.25,0.2
07:42:11,"[162.0, 28]","[160.0, 14]","[398.0, 7]","[693.0, 21]",280.0,70,236.0,0.2
07:42:12,"[162.0, 28]","[160.0, 14]","[395.6, 15]","[602.23, 13]",278.8,70,233.6,0.2
07:42:13,"[162.0, 36]","[160.0, 18]","[296.88, 17]","[624.11, 19]",229.44,90,134.88,0.2
07:42:14,"[162.0, 32]","[160.0, 16]","[567.64, 11]","[796.0, 21]",364.82,80,405.64,0.2
07:42:15,"[161.0, 24]","[158.29, 41]","[244.05, 20]","[364.45, 20]",202.53,105,83.05,0.24
07:42:16,"[160.5, 48]","[158.75, 48]","[202.59, 32]","[284.0, 16]",181.55,144,42.09,0.33
07:42:17,"[160.89, 28]","[159.77, 44]","[193.05, 20]","[201.38, 26]",176.97,118,32.16,0.22
07:42:18,"[161.0, 13]","[160.0, 39]","[183.05, 37]","[193.89, 27]",172.03,116,22.05,-0.1
07:42:19,"[159.08, 131]","[158.5, 60]","[171.08, 26]","[173.31, 35]",165.08,252,12.0,0.52
07:42:20,"[159.0, 105]","[158.0, 45]","[167.44, 25]","[169.33, 12]",163.22,187,8.44,0.6
07:42:21,"[159.0, 103]","[158.0, 55]","[165.7, 23]","[166.3, 40]",162.35,221,6.7,0.43
07:42:22,"[159.0, 88]","[158.0, 55]","[163.32, 38]","[164.8, 41]",161.16,222,4.32,0.29
07:42:23,"[159.0, 84]","[158.0, 65]","[160.84, 19]","[162.05, 40]",159.92,208,1.84,0.43
07:42:24,"[158.0, 30]","[157.0, 37]","[159.08, 13]","[161.0, 13]",158.54,93,1.08,0.44
07:42:25,"[157.0, 18]","[155.0, 11]","[159.0, 6]","[161.0, 6]",158.0,41,2.0,0.41
07:42:26,"[157.0, 33]","[155.0, 21]","[285.92, 13]","[460.76, 17]",221.46,84,128.92,0.29
07:42:27,"[157.0, 12]","[155.0, 8]","[350.93, 14]","[557.17, 18]",253.96,52,193.93,-0.23
07:42:28,"[158.96, 90]","[156.73, 15]","[229.0, 47]","[382.12, 33]",193.98,185,70.04,0.14
07:42:29,"[159.67, 18]","[158.89, 38]","[193.0, 40]","[194.0, 24]",176.33,120,33.33,-0.07
07:42:30,"[159.32, 31]","[158.67, 36]","[189.98, 51]","[193.46, 37]",174.65,155,30.66,-0.14
07:42:31,"[159.5, 32]","[158.58, 24]","[174.0, 36]","[192.0, 60]",166.75,152,14.5,-0.26
07:42:32,"[162.0, 26]","[160.0, 13]","[172.25, 63]","[283.9, 41]",167.13,143,10.25,-0.45
07:42:33,"[162.0, 20]","[160.0, 10]","[172.0, 50]","[380.0, 30]",167.0,110,10.0,-0.45
07:42:34,"[162.0, 28]","[160.0, 15]","[170.32, 63]","[199.66, 65]",166.16,171,8.32,-0.5
07:42:35,"[161.29, 14]","[159.31, 29]","[166.59, 59]","[167.67, 21]",163.94,123,5.31,-0.3
07:42:36,"[160.0, 13]","[159.0, 52]","[162.77, 13]","[165.0, 52]",161.38,130,2.77,0.0
07:42:37,"[160.0, 9]","[159.0, 36]","[161.11, 27]","[164.0, 18]",160.56,90,1.11,0.0
07:42:38,"[159.02, 41]","[157.33, 24]","[160.27, 44]","[162.0, 11]",159.65,120,1.25,0.08
07:42:39,"[157.29, 14]","[155.8, 10]","[160.79, 34]","[164.08, 12]",159.04,70,3.51,-0.31
07:42:40,"[157.0, 45]","[155.7, 23]","[159.36, 70]","[160.7, 23]",158.18,161,2.36,-0.16
07:42:41,"[157.0, 15]","[155.0, 9]","[158.0, 18]","[162.0, 9]",157.5,51,1.0,-0.06
07:42:42,"[155.59, 17]","[153.55, 11]","[211.09, 23]","[517.07, 28]",183.34,79,55.5,-0.29
07:42:43,"[157.5, 48]","[155.89, 18]","[248.24, 41]","[301.8, 41]",202.87,148,90.74,-0.11
07:42:44,"[163.0, 38]","[157.0, 68]","[232.76, 68]","[442.0, 41]",197.88,215,69.76,-0.01
07:42:45,"[160.38, 42]","[157.41, 44]","[231.33, 60]","[468.93, 56]",195.86,202,70.95,-0.15
07:42:46,"[160.0, 78]","[158.13, 23]","[229.54, 52]","[469.67, 60]",194.77,213,69.54,-0.05
07:42:47,"[160.0, 46]","[159.0, 9]","[214.0, 38]","[469.58, 43]",187.0,136,54.0,-0.19
07:42:48,"[160.0, 43]","[158.69, 13]","[172.0, 75]","[229.0, 44]",166.0,175,12.0,-0.36
07:42:49,"[160.0, 10]","[158.0, 20]","[167.57, 37]","[177.81, 31]",163.78,98,7.57,-0.39
07:42:50,"[160.0, 8]","[158.0, 16]","[165.25, 32]","[174.92, 39]",162.62,95,5.25,-0.49
07:42:51,"[157.22, 9]","[156.08, 13]","[163.78, 36]","[192.24, 42]",160.5,100,6.56,-0.56
07:42:52,"[152.84, 25]","[150.69, 13]","[160.89, 36]","[190.37, 43]",156.86,117,8.05,-0.35
07:42:53,"[152.0, 36]","[148.0, 12]","[157.56, 39]","[159.82, 34]",154.78,121,5.56,-0.21
07:42:54,"[152.0, 33]","[132.0, 14]","[154.24, 34]","[155.08, 39]",153.12,120,2.24,-0.22
07:42:55,"[101.94, 33]","[85.77, 13]","[152.4, 30]","[247.0, 19]",127.17,95,50.46,-0.03
07:42:56,"[110.44, 45]","[97.94, 17]","[147.73, 33]","[159.56, 25]",129.09,120,37.28,0.03
07:42:57,"[115.0, 40]","[89.88, 8]","[144.0, 40]","[146.2, 20]",129.5,108,29.0,-0.11
07:42:58,"[122.06, 17]","[114.04, 28]","[144.0, 50]","[146.0, 30]",133.03,125,21.94,-0.28
07:42:59,"[125.11, 28]","[118.79, 34]","[144.0, 60]","[146.0, 36]",134.55,158,18.89,-0.22
07:43:00,"[138.86, 35]","[137.94, 35]","[144.0, 42]","[146.0, 30]",141.43,142,5.14,-0.01
07:43:01,"[141.96, 53]","[139.36, 28]","[185.73, 22]","[183.76, 25]",163.84,128,43.77,0.27
07:43:02,"[160.53, 68]","[154.04, 49]","[300.17, 41]","[338.48, 21]",230.35,179,139.64,0.31
07:43:03,"[161.0, 20]","[160.0, 8]","[323.0, 12]","[386.0, 20]",242.0,60,162.0,-0.07
07:43:04,"[160.96, 47]","[159.12, 32]","[276.82, 34]","[383.1, 42]",218.89,155,115.87,0.02
07:43:05,"[160.0, 12]","[158.0, 84]","[273.12, 8]","[335.75, 16]",216.56,120,113.12,0.6
07:43:06,"[160.0, 20]","[158.0, 140]","[265.92, 24]","[303.41, 22]",212.96,206,105.92,0.55
07:43:07,"[160.47, 15]","[158.4, 70]","[207.33, 43]","[227.18, 33]",183.9,161,46.86,0.06
07:43:08,"[161.0, 14]","[160.0, 28]","[168.65, 20]","[170.13, 38]",164.82,100,7.65,-0.16
07:43:09,"[160.0, 22]","[158.0, 154]","[165.91, 11]","[167.82, 11]",162.95,198,5.91,0.78
07:43:10,"[158.73, 44]","[157.82, 136]","[162.92, 24]","[163.5, 16]",160.82,220,4.19,0.64
07:43:11,"[158.01, 128]","[157.05, 165]","[160.07, 14]","[161.5, 18]",159.04,325,2.06,0.8
07:43:12,"[157.34, 73]","[156.15, 104]","[158.89, 9]","[464.5, 40]",158.12,226,1.55,0.57
07:43:13,"[157.34, 29]","[156.46, 82]","[305.84, 25]","[574.21, 34]",231.59,170,148.5,0.31
07:43:14,"[157.2, 51]","[156.15, 104]","[194.79, 43]","[408.74, 38]",175.99,236,37.59,0.31
07:43:15,"[157.0, 55]","[155.0, 55]","[168.0, 25]","[593.0, 20]",162.5,155,11.0,0.42
07:43:16,"[157.0, 55]","[155.0, 55]","[168.0, 25]","[593.0, 20]",162.5,155,11.0,0.42
07:43:17,"[157.0, 44]","[155.0, 44]","[534.5, 16]","[630.0, 20]",345.75,124,377.5,0.42
07:43:18,"[160.1, 58]","[156.5, 88]","[363.32, 25]","[505.19, 21]",261.71,192,203.22,0.52
07:43:19,"[162.0, 36]","[157.0, 66]","[270.09, 22]","[349.08, 26]",216.05,150,108.09,0.36
07:43:20,"[162.0, 55]","[157.0, 121]","[198.31, 29]","[215.95, 38]",180.16,243,36.31,0.45
07:43:21,"[162.0, 60]","[157.16, 116]","[171.75, 24]","[336.26, 38]",166.88,238,9.75,0.48
07:43:22,"[158.33, 30]","[156.76, 34]","[170.33, 12]","[493.0, 6]",164.33,82,12.0,0.56
07:43:23,"[157.0, 73]","[155.0, 99]","[169.11, 18]","[292.22, 9]",163.06,199,12.11,0.73
07:43:24,"[157.0, 44]","[153.16, 114]","[162.0, 20]","[285.15, 13]",159.5,191,5.0,0.65
07:43:25,"[156.5, 24]","[154.12, 59]","[158.14, 14]","[415.43, 14]",157.32,111,1.64,0.5
07:43:26,"[155.0, 33]","[153.0, 143]","[345.4, 15]","[610.62, 21]",250.2,212,190.4,0.66
07:43:27,"[155.0, 12]","[153.0, 52]","[291.0, 20]","[0, 0]",223.0,84,136.0,0.52
07:43:28,"[156.25, 8]","[153.38, 32]","[280.41, 17]","[291.0, 15]",218.33,72,124.16,0.11
07:43:29,"[155.71, 7]","[153.21, 29]","[440.67, 12]","[798.0, 15]",298.19,63,284.95,0.14
07:43:30,"[153.1, 58]","[130.5, 18]","[284.5, 30]","[770.0, 24]",218.8,130,131.4,0.17
07:43:31,"[153.0, 55]","[105.8, 5]","[328.78, 23]","[630.91, 22]",240.89,105,175.78,0.14
07:43:32,"[153.0, 99]","[81.0, 9]","[262.74, 27]","[665.38, 42]",207.87,177,109.74,0.22
07:43:33,"[153.71, 68]","[146.25, 40]","[336.42, 12]","[622.74, 31]",245.06,151,182.71,0.43
07:43:34,"[153.0, 85]","[141.6, 15]","[205.91, 33]","[268.97, 33]",179.45,166,52.91,0.2
07:43:35,"[153.0, 59]","[147.0, 7]","[204.57, 7]","[206.0, 35]",178.79,108,51.57,0.22
07:43:36,"[162.33, 75]","[154.12, 26]","[203.5, 8]","[308.0, 32]",182.92,141,41.17,0.43
07:43:37,"[163.0, 93]","[160.0, 30]","[201.8, 10]","[344.8, 40]",182.4,173,38.8,0.42
07:43:38,"[163.0, 90]","[160.0, 30]","[190.0, 18]","[286.0, 13]",176.5,151,27.0,0.59
07:43:39,"[163.0, 117]","[160.28, 25]","[182.6, 57]","[331.86, 21]",172.8,220,19.6,0.29
07:43:40,"[163.0, 108]","[161.35, 17]","[198.17, 24]","[341.78, 36]",180.58,185,35.17,0.35
07:43:41,"[163.0, 72]","[161.0, 8]","[196.2, 20]","[197.8, 20]",179.6,120,33.2,0.33
07:43:42,"[163.0, 81]","[161.86, 28]","[194.0, 30]","[194.53, 30]",178.5,169,31.0,0.29
07:43:43,"[163.0, 58]","[162.0, 39]","[191.46, 13]","[194.0, 52]",177.23,162,28.46,0.2
07:43:44,"[161.09, 67]","[160.46, 39]","[186.55, 29]","[193.6, 40]",173.82,175,25.46,0.21
07:43:45,"[161.0, 15]","[160.0, 45]","[183.3, 30]","[188.35, 49]",172.15,139,22.3,-0.14
07:43:46,"[159.88, 16]","[159.14, 42]","[176.35, 40]","[178.36, 25]",168.11,123,16.47,-0.06
07:43:47,"[160.0, 32]","[157.2, 40]","[174.03, 33]","[175.74, 27]",167.02,132,14.03,0.09
07:43:48,"[162.0, 32]","[158.0, 16]","[169.57, 14]","[171.26, 23]",165.79,85,7.57,0.13
07:43:49,"[162.0, 28]","[158.8, 20]","[165.2, 10]","[165.69, 13]",163.6,71,3.2,0.35
07:43:50,"[162.0, 28]","[160.0, 56]","[163.38, 13]","[164.91, 22]",162.69,119,1.38,0.41
07:43:51,"[161.33, 48]","[159.95, 84]","[234.87, 30]","[468.9, 30]",198.1,192,73.53,0.38
07:43:52,"[160.5, 30]","[159.64, 14]","[439.25, 24]","[441.0, 24]",299.88,92,278.75,-0.04
07:43:53,"[161.0, 65]","[160.0, 39]","[287.81, 53]","[367.4, 45]",224.41,202,126.81,0.03
07:43:54,"[161.28, 64]","[160.13, 38]","[176.75, 36]","[207.08, 36]",169.02,174,15.47,0.17
07:43:55,"[163.0, 108]","[161.0, 60]","[168.42, 36]","[197.75, 36]",165.71,240,5.42,0.4
07:43:56,"[163.0, 72]","[161.0, 40]","[166.52, 23]","[181.71, 21]",164.76,156,3.52,0.44
07:43:57,"[163.0, 63]","[161.0, 35]","[164.38, 16]","[165.21, 19]",163.69,133,1.38,0.47
07:43:58,"[162.59, 73]","[160.85, 59]","[164.0, 26]","[175.57, 42]",163.29,200,1.41,0.32
07:43:59,"[161.0, 58]","[160.0, 76]","[162.5, 24]","[189.0, 36]",161.75,194,1.5,0.38
07:44:00,"[161.0, 33]","[160.0, 77]","[162.82, 22]","[202.0, 44]",161.91,176,1.82,0.25
07:44:01,"[160.22, 27]","[159.88, 24]","[188.67, 18]","[380.67, 18]",174.44,87,28.44,0.17
07:44:02,"[160.0, 84]","[159.0, 12]","[392.93, 45]","[736.31, 26]",276.47,167,232.93,0.15
07:44:03,"[160.0, 59]","[159.0, 12]","[388.53, 17]","[349.7, 23]",274.26,111,228.53,0.28
07:44:04,"[158.81, 26]","[157.11, 19]","[231.0, 13]","[448.0, 39]",194.9,97,72.19,-0.07
07:44:05,"[156.3, 50]","[155.4, 70]","[208.06, 16]","[434.38, 32]",182.18,168,51.76,0.43
07:44:06,"[157.74, 47]","[156.48, 44]","[228.0, 11]","[427.0, 34]",192.87,136,70.26,0.34
07:44:07,"[158.0, 15]","[157.0, 33]","[226.82, 11]","[265.36, 22]",192.41,81,68.82,0.19
07:44:08,"[158.0, 2]","[157.0, 6]","[226.0, 2]","[342.0, 4]",192.0,14,68.0,0.14
07:44:09,"[159.0, 23]","[158.0, 13]","[225.23, 13]","[427.27, 41]",192.12,90,66.23,-0.2
07:44:10,"[159.0, 69]","[158.0, 9]","[207.93, 15]","[259.46, 26]",183.47,119,48.93,0.31
07:44:11,"[159.0, 86]","[158.0, 11]","[204.0, 11]","[336.03, 29]",181.5,137,45.0,0.42
07:44:12,"[159.0, 9]","[158.0, 9]","[203.29, 21]","[268.86, 21]",181.14,60,44.29,-0.4
07:44:13,"[159.0, 8]","[158.0, 8]","[203.0, 40]","[204.0, 8]",181.0,64,44.0,-0.5
07:44:14,"[157.05, 88]","[155.1, 62]","[201.44, 50]","[202.18, 34]",179.24,234,44.39,0.28
07:44:15,"[157.17, 72]","[155.21, 67]","[197.28, 39]","[198.37, 49]",177.22,227,40.12,0.22
07:44:16,"[158.04, 24]","[155.38, 52]","[193.95, 22]","[195.55, 42]",176.0,140,35.91,0.09
07:44:17,"[162.0, 8]","[157.0, 16]","[190.58, 12]","[192.91, 22]",176.29,58,28.58,-0.17
07:44:18,"[162.0, 9]","[159.77, 26]","[190.0, 45]","[191.0, 9]",176.0,89,28.0,-0.21
07:44:19,"[162.0, 14]","[160.0, 42]","[187.16, 64]","[190.52, 44]",174.58,164,25.16,-0.32
07:44:20,"[162.0, 11]","[160.0, 33]","[181.78, 49]","[183.27, 33]",171.89,126,19.78,-0.3
07:44:21,"[162.0, 8]","[160.0, 24]","[179.56, 36]","[180.64, 28]",170.78,96,17.56,-0.33
07:44:22,"[162.0, 11]","[160.64, 25]","[176.67, 45]","[177.42, 43]",169.33,124,14.67,-0.42
07:44:23,"[162.0, 11]","[161.0, 22]","[174.04, 47]","[175.0, 39]",168.02,119,12.04,-0.45
07:44:24,"[161.08, 13]","[160.05, 38]","[169.85, 65]","[171.15, 65]",165.46,181,8.77,-0.44
07:44:25,"[160.1, 30]","[158.0, 27]","[165.42, 43]","[167.98, 53]",162.76,153,5.32,-0.25
07:44:26,"[159.79, 29]","[156.2, 30]","[162.2, 25]","[163.09, 55]",161.0,139,2.41,-0.15
07:44:27,"[155.4, 45]","[153.75, 144]","[159.83, 54]","[162.42, 59]",157.62,302,4.43,0.25
07:44:28,"[155.0, 72]","[153.0, 180]","[161.39, 49]","[191.0, 46]",158.19,347,6.39,0.45
07:44:29,"[155.0, 72]","[153.0, 180]","[159.02, 54]","[160.38, 52]",157.01,358,4.02,0.41
07:44:30,"[153.5, 120]","[138.96, 141]","[156.32, 56]","[191.22, 45]",154.91,362,2.82,0.44
07:44:31,"[153.0, 175]","[94.45, 62]","[203.65, 52]","[249.42, 43]",178.33,332,50.65,0.43
07:44:32,"[153.0, 54]","[122.0, 54]","[322.44, 36]","[481.46, 48]",237.72,192,169.44,0.12
07:44:33,"[155.2, 51]","[128.69, 58]","[353.44, 43]","[483.56, 32]",254.32,184,198.25,0.18
07:44:34,"[153.73, 11]","[138.82, 22]","[239.0, 27]","[273.97, 30]",196.36,90,85.27,-0.27
07:44:35,"[160.85, 27]","[154.77, 26]","[213.44, 36]","[319.94, 34]",187.15,123,52.59,-0.14
07:44:36,"[162.0, 40]","[161.0, 20]","[213.0, 40]","[217.7, 20]",187.5,120,51.0,0.0
07:44:37,"[161.86, 37]","[160.35, 43]","[213.0, 60]","[286.87, 30]",187.43,170,51.14,-0.06
07:44:38,"[163.0, 24]","[161.0, 12]","[210.73, 44]","[268.86, 28]",186.86,108,47.73,-0.33
07:44:39,"[163.0, 22]","[161.0, 11]","[209.8, 40]","[267.08, 26]",186.4,99,46.8,-0.33
07:44:40,"[162.33, 18]","[158.82, 11]","[210.11, 36]","[311.0, 27]",186.22,92,47.78,-0.37
07:44:41,"[158.8, 25]","[154.65, 17]","[209.84, 38]","[279.92, 26]",184.32,106,51.04,-0.21
07:44:42,"[160.0, 210]","[155.0, 20]","[208.5, 30]","[210.0, 40]",184.25,300,48.5,0.53
07:44:43,"[160.0, 208]","[157.33, 54]","[207.82, 40]","[246.21, 29]",183.91,331,47.82,0.58
07:44:44,"[160.0, 208]","[158.0, 78]","[202.89, 37]","[204.84, 57]",181.45,380,42.89,0.51
07:44:45,"[160.0, 191]","[157.82, 34]","[189.0, 36]","[190.0, 12]",174.5,273,29.0,0.65
07:44:46,"[160.0, 135]","[158.0, 9]","[186.98, 41]","[187.81, 37]",173.49,222,26.98,0.3
07:44:47,"[160.0, 210]","[158.88, 56]","[184.93, 70]","[186.0, 42]",172.46,378,24.93,0.41
07:44:48,"[160.0, 165]","[159.0, 77]","[178.91, 34]","[182.67, 39]",169.46,315,18.91,0.54
07:44:49,"[160.0, 243]","[159.0, 126]","[167.63, 75]","[168.96, 74]",163.81,518,7.63,0.42
07:44:50,"[160.06, 98]","[159.24, 83]","[162.88, 51]","[163.82, 55]",161.47,287,2.82,0.26
07:44:51,"[160.0, 75]","[159.0, 98]","[161.96, 52]","[213.6, 62]",160.98,287,1.96,0.21
07:44:52,"[160.0, 12]","[159.0, 42]","[163.0, 30]","[255.0, 22]",161.5,106,3.0,0.02
07:44:53,"[160.0, 16]","[159.0, 42]","[163.0, 30]","[187.17, 6]",161.5,94,3.0,0.23
07:44:54,"[160.0, 24]","[159.0, 56]","[162.62, 40]","[349.2, 20]",161.31,140,2.62,0.14
07:44:55,"[160.0, 27]","[159.0, 66]","[162.0, 45]","[356.74, 38]",161.0,176,2.0,0.06
07:44:56,"[159.43, 56]","[158.94, 68]","[161.83, 60]","[346.86, 56]",160.63,240,2.4,0.03
07:44:57,"[159.15, 81]","[158.74, 38]","[256.36, 70]","[457.12, 64]",207.75,253,97.21,-0.06
07:44:58,"[162.0, 11]","[159.0, 77]","[280.33, 45]","[490.44, 54]",221.17,187,118.33,-0.06
07:44:59,"[159.0, 60]","[158.0, 12]","[402.83, 60]","[447.02, 54]",280.92,186,243.83,-0.23
07:45:00,"[158.65, 20]","[157.12, 24]","[276.46, 48]","[307.4, 50]",217.55,142,117.81,-0.38
07:45:01,"[158.0, 15]","[157.0, 45]","[193.42, 62]","[238.92, 61]",175.71,183,35.42,-0.34
07:45:02,"[156.06, 130]","[154.92, 39]","[179.02, 59]","[218.48, 54]",167.54,282,22.96,0.2
07:45:03,"[156.0, 238]","[154.0, 51]","[195.68, 59]","[314.23, 75]",175.84,423,39.68,0.37
07:45:04,"[156.55, 137]","[155.49, 94]","[190.12, 43]","[191.57, 49]",173.33,323,33.57,0.43
07:45:05,"[159.35, 52]","[156.49, 173]","[188.62, 13]","[190.0, 52]",173.98,290,29.27,0.55
07:45:06,"[159.0, 257]","[156.1, 177]","[173.24, 42]","[183.41, 63]",166.12,539,14.24,0.61
07:45:07,"[159.0, 90]","[156.0, 140]","[164.95, 37]","[167.31, 13]",161.97,280,5.95,0.64
07:45:08,"[159.0, 90]","[156.6, 80]","[161.0, 13]","[163.92, 37]",160.0,220,2.0,0.55
07:45:09,"[159.0, 52]","[158.0, 32]","[242.09, 33]","[443.83, 23]",200.55,140,83.09,0.2
07:45:10,"[159.0, 30]","[158.0, 40]","[499.4, 45]","[603.56, 48]",329.2,163,340.4,-0.14
07:45:11,"[159.0, 36]","[158.0, 48]","[384.19, 53]","[578.49, 55]",271.59,192,225.19,-0.12
07:45:12,"[158.86, 42]","[157.2, 80]","[246.43, 70]","[436.31, 65]",202.64,257,87.57,-0.05
07:45:13,"[156.55, 66]","[155.5, 112]","[233.59, 41]","[345.49, 41]",195.07,260,77.04,0.37
07:45:14,"[156.0, 208]","[154.0, 26]","[335.0, 57]","[416.05, 58]",245.5,349,179.0,0.34
07:45:15,"[156.0, 177]","[154.0, 30]","[157.02, 43]","[206.53, 17]",156.51,267,1.02,0.55
07:45:16,"[156.57, 74]","[155.82, 88]","[157.81, 16]","[427.62, 66]",157.19,244,1.24,0.33
07:45:17,"[157.0, 9]","[156.0, 72]","[158.0, 9]","[267.0, 45]",157.5,135,1.0,0.2
07:45:18,"[160.38, 71]","[156.05, 93]","[264.61, 56]","[354.61, 71]",212.49,291,104.23,0.13
07:45:19,"[161.0, 132]","[158.07, 15]","[323.62, 45]","[477.35, 54]",242.31,246,162.62,0.2
07:45:20,"[161.0, 96]","[159.0, 16]","[235.29, 35]","[316.16, 37]",198.14,184,74.29,0.22
07:45:21,"[161.0, 84]","[159.0, 14]","[165.0, 35]","[181.0, 28]",163.0,161,4.0,0.22
07:45:22,"[161.0, 174]","[159.0, 30]","[169.57, 70]","[285.23, 65]",165.29,339,8.57,0.2
07:45:23,"[161.0, 99]","[159.0, 18]","[241.67, 36]","[416.09, 43]",201.33,196,80.67,0.19
07:45:24,"[161.0, 55]","[159.0, 10]","[369.6, 25]","[555.64, 22]",265.3,112,208.6,0.16
07:45:25,"[161.0, 110]","[159.0, 20]","[329.6, 50]","[508.94, 47]",245.3,227,168.6,0.15
07:45:26,"[161.0, 132]","[160.0, 12]","[226.83, 60]","[288.58, 60]",193.92,264,65.83,0.09
07:45:27,"[161.0, 113]","[160.0, 11]","[237.87, 52]","[274.02, 49]",199.43,225,76.87,0.1
07:45:28,"[161.0, 100]","[160.0, 10]","[217.14, 35]","[220.95, 37]",189.07,182,56.14,0.21
07:45:29,"[161.0, 100]","[160.0, 10]","[214.59, 44]","[216.46, 26]",187.8,180,53.59,0.22
07:45:30,"[161.0, 110]","[160.0, 11]","[212.22, 37]","[213.5, 40]",186.61,198,51.22,0.22
07:45:31,"[160.79, 62]","[159.04, 23]","[203.78, 63]","[211.21, 48]",182.28,196,42.99,-0.13
07:45:32,"[161.97, 58]","[160.33, 12]","[209.9, 50]","[211.0, 20]",185.93,140,47.93,0.0
07:45:33,"[162.0, 75]","[161.0, 11]","[207.41, 34]","[207.93, 43]",184.71,163,45.41,0.06
07:45:34,"[162.0, 50]","[161.0, 13]","[202.87, 54]","[204.35, 55]",182.44,172,40.87,-0.27
07:45:35,"[162.0, 32]","[161.0, 16]","[200.17, 60]","[201.24, 59]",181.08,167,38.17,-0.43
07:45:36,"[162.0, 30]","[161.0, 15]","[196.73, 44]","[198.65, 46]",179.36,135,34.73,-0.33
07:45:37,"[162.0, 28]","[161.0, 14]","[192.84, 62]","[194.38, 64]",177.42,168,30.84,-0.5
07:45:38,"[162.0, 20]","[161.0, 10]","[186.24, 37]","[188.79, 29]",174.12,96,24.24,-0.38
07:45:39,"[162.0, 24]","[161.0, 12]","[170.09, 53]","[171.07, 55]",166.05,144,8.09,-0.5
07:45:40,"[161.31, 26]","[160.14, 14]","[167.21, 28]","[168.2, 50]",164.26,118,5.91,-0.32
07:45:41,"[159.0, 41]","[158.0, 34]","[163.95, 38]","[165.81, 64]",161.47,177,4.95,-0.15
07:45:42,"[157.04, 123]","[156.3, 66]","[161.15, 40]","[162.22, 36]",159.1,265,4.11,0.43
07:45:43,"[157.0, 168]","[156.0, 85]","[158.67, 67]","[159.81, 32]",157.84,352,1.67,0.44
07:45:44,"[157.0, 50]","[156.0, 50]","[158.23, 26]","[424.29, 34]",157.62,160,1.23,0.25
07:45:45,"[157.0, 24]","[156.0, 45]","[355.0, 17]","[463.09, 44]",256.0,130,198.0,0.06
07:45:46,"[159.4, 40]","[157.65, 63]","[267.27, 41]","[462.38, 39]",213.33,183,107.87,0.13
07:45:47,"[159.0, 100]","[158.0, 195]","[456.07, 46]","[458.24, 42]",307.53,383,297.07,0.54
07:45:48,"[158.0, 117]","[157.0, 18]","[451.72, 29]","[454.47, 34]",304.86,198,293.72,0.36
07:45:49,"[159.28, 89]","[157.83, 48]","[449.54, 28]","[450.73, 22]",304.41,187,290.25,0.47
07:45:50,"[160.0, 97]","[158.0, 72]","[435.6, 25]","[447.55, 22]",297.8,216,275.6,0.56
07:45:51,"[160.0, 90]","[158.0, 72]","[376.7, 20]","[415.63, 27]",268.35,209,216.7,0.55
07:45:52,"[160.0, 90]","[158.0, 72]","[373.33, 27]","[374.69, 26]",266.67,215,213.33,0.51
07:45:53,"[160.0, 110]","[158.0, 88]","[369.27, 33]","[371.73, 33]",264.64,264,209.27,0.5
07:45:54,"[160.04, 94]","[158.43, 92]","[350.82, 34]","[357.21, 33]",255.43,253,190.78,0.47
07:45:55,"[160.0, 63]","[158.0, 72]","[337.17, 23]","[338.22, 27]",248.59,185,177.17,0.46
07:45:56,"[160.27, 67]","[158.55, 77]","[225.96, 26]","[232.93, 29]",193.12,199,65.69,0.45
07:45:57,"[161.0, 78]","[160.0, 91]","[189.63, 43]","[190.63, 41]",175.31,253,28.63,0.34
07:45:58,"[161.0, 48]","[160.0, 56]","[184.44, 25]","[185.36, 25]",172.72,154,23.44,0.35
07:45:59,"[161.41, 41]","[160.68, 88]","[181.76, 45]","[182.95, 41]",171.59,215,20.34,0.2
07:46:00,"[162.0, 15]","[161.0, 90]","[177.74, 47]","[178.74, 42]",169.87,194,15.74,0.08
07:46:01,"[161.37, 41]","[160.72, 125]","[164.17, 59]","[166.25, 59]",162.77,284,2.8,0.17
07:46:02,"[160.1, 78]","[159.41, 34]","[163.58, 38]","[295.86, 28]",161.84,178,3.48,0.26
07:46:03,"[160.0, 37]","[159.0, 22]","[162.89, 28]","[223.72, 25]",161.45,112,2.89,0.05
07:46:04,"[159.82, 22]","[158.43, 28]","[160.88, 16]","[163.0, 24]",160.35,90,1.06,0.11
07:46:05,"[158.0, 42]","[157.0, 9]","[159.88, 16]","[340.35, 23]",158.94,90,1.88,0.13
07:46:06,"[157.58, 19]","[156.14, 7]","[159.43, 14]","[337.58, 19]",158.5,59,1.85,-0.12
07:46:07,"[156.54, 26]","[155.45, 22]","[158.07, 28]","[264.4, 20]",157.3,96,1.53,0.0
07:46:08,"[157.0, 16]","[156.0, 20]","[278.11, 38]","[428.07, 28]",217.55,102,121.11,-0.29
07:46:09,"[156.29, 7]","[155.29, 7]","[326.29, 21]","[497.17, 12]",241.29,47,170.0,-0.4
07:46:10,"[156.0, 8]","[155.0, 8]","[339.86, 22]","[475.22, 18]",247.93,56,183.86,-0.43
07:46:11,"[158.37, 19]","[155.56, 9]","[273.15, 20]","[320.48, 21]",215.76,69,114.78,-0.19
07:46:12,"[155.73, 11]","[154.73, 11]","[231.36, 22]","[383.81, 16]",193.55,60,75.64,-0.27
07:46:13,"[155.0, 8]","[154.0, 8]","[378.12, 8]","[379.44, 9]",266.56,33,223.12,-0.03
07:46:14,"[155.0, 4]","[154.0, 4]","[377.25, 4]","[378.25, 4]",266.12,16,222.25,0.0
07:46:15,"[155.0, 10]","[154.0, 10]","[353.0, 14]","[377.8, 10]",254.0,44,198.0,-0.09
07:46:16,"[157.1, 30]","[155.68, 22]","[362.33, 12]","[377.9, 10]",259.72,74,205.23,0.41
07:46:17,"[159.0, 39]","[155.0, 13]","[335.73, 15]","[342.31, 16]",247.37,83,176.73,0.25
07:46:18,"[159.0, 12]","[155.0, 4]","[318.75, 4]","[320.0, 4]",238.88,24,159.75,0.33
07:46:19,"[157.75, 8]","[154.5, 6]","[315.83, 6]","[316.83, 6]",236.79,26,158.08,0.08
07:46:20,"[160.0, 8]","[155.0, 8]","[315.0, 8]","[316.0, 8]",237.5,32,155.0,0.0
07:46:21,"[152.23, 31]","[141.93, 29]","[226.75, 12]","[232.4, 15]",189.49,87,74.52,0.38
07:46:22,"[162.0, 11]","[156.0, 11]","[214.73, 11]","[215.91, 11]",188.36,44,52.73,0.0
07:46:23,"[159.82, 11]","[156.52, 21]","[209.36, 11]","[210.45, 11]",184.59,54,49.55,0.19
07:46:24,"[159.06, 32]","[154.62, 32]","[205.53, 15]","[207.33, 12]",182.3,91,46.47,0.41
07:46:25,"[160.0, 25]","[159.0, 30]","[201.6, 5]","[203.25, 8]",180.8,68,41.6,0.62
07:46:26,"[159.53, 57]","[157.88, 25]","[193.35, 23]","[193.95, 20]",176.44,125,33.82,0.31
07:46:27,"[161.0, 40]","[159.0, 48]","[177.21, 14]","[177.73, 11]",169.11,113,16.21,0.56
07:46:28,"[161.0, 46]","[159.0, 84]","[172.35, 20]","[172.72, 29]",166.68,179,11.35,0.45
07:46:29,"[161.68, 44]","[159.25, 48]","[167.0, 10]","[168.4, 10]",164.34,112,5.32,0.64
07:46:30,"[162.0, 70]","[161.0, 14]","[164.38, 13]","[165.71, 7]",163.19,104,2.38,0.62
07:46:31,"[162.0, 85]","[161.0, 18]","[163.33, 12]","[164.03, 33]",162.67,148,1.33,0.39
07:46:32,"[162.0, 62]","[161.0, 22]","[163.0, 11]","[322.8, 25]",162.5,120,1.0,0.4
07:46:33,"[162.0, 24]","[161.0, 16]","[584.18, 22]","[679.24, 34]",373.09,96,422.18,-0.17
07:46:34,"[162.0, 18]","[161.0, 12]","[257.0, 12]","[678.0, 30]",209.5,72,95.0,-0.17
07:46:35,"[161.88, 17]","[160.25, 16]","[180.44, 18]","[494.12, 24]",171.16,75,18.56,-0.12
07:46:36,"[159.2, 20]","[157.5, 24]","[179.71, 35]","[313.86, 14]",169.46,93,20.51,-0.05
07:46:37,"[159.0, 36]","[157.25, 32]","[177.12, 40]","[235.81, 36]",168.06,144,18.12,-0.06
07:46:38,"[159.0, 15]","[158.0, 10]","[175.6, 25]","[177.0, 5]",167.3,55,16.6,-0.09
07:46:39,"[158.12, 25]","[157.06, 35]","[172.64, 28]","[172.74, 34]",165.38,122,14.52,-0.02
07:46:40,"[158.69, 32]","[157.59, 37]","[170.1, 20]","[171.91, 44]",164.39,133,11.41,0.04
07:46:41,"[159.0, 21]","[158.0, 24]","[166.72, 18]","[167.3, 30]",162.86,93,7.72,-0.03
07:46:42,"[158.71, 14]","[157.77, 26]","[162.83, 24]","[163.68, 44]",160.77,108,4.12,-0.26
07:46:43,"[157.77, 26]","[156.94, 32]","[161.0, 49]","[162.67, 45]",159.38,152,3.23,-0.24
07:46:44,"[153.34, 58]","[151.47, 87]","[156.78, 37]","[159.11, 47]",155.06,229,3.44,0.27
07:46:45,"[152.78, 32]","[151.25, 32]","[154.38, 32]","[155.55, 22]",153.58,118,1.59,0.08
07:46:46,"[152.0, 24]","[150.0, 48]","[246.06, 36]","[414.5, 28]",199.03,136,94.06,0.06
07:46:47,"[152.36, 28]","[150.55, 33]","[324.0, 50]","[531.9, 50]",238.18,161,171.64,-0.24
07:46:48,"[152.0, 21]","[150.0, 42]","[204.81, 31]","[257.29, 35]",178.4,129,52.81,-0.02
07:46:49,"[151.88, 52]","[146.18, 55]","[159.0, 56]","[233.64, 70]",155.44,233,7.12,-0.08
07:46:50,"[156.0, 32]","[150.0, 48]","[157.82, 38]","[207.12, 34]",156.91,152,1.82,0.05
07:46:51,"[152.09, 23]","[137.14, 21]","[157.0, 23]","[158.0, 20]",154.54,87,4.91,0.01
07:46:52,"[150.0, 55]","[117.45, 33]","[156.4, 15]","[157.23, 35]",153.2,138,6.4,0.28
07:46:53,"[150.25, 60]","[94.92, 36]","[155.1, 30]","[156.5, 18]",152.68,144,4.85,0.33
07:46:54,"[151.0, 50]","[122.38, 21]","[157.0, 10]","[195.98, 49]",154.0,130,6.0,0.09
07:46:55,"[152.61, 62]","[150.0, 56]","[157.0, 10]","[199.5, 56]",154.81,184,4.39,0.28
07:46:56,"[153.0, 56]","[152.0, 64]","[161.5, 10]","[193.76, 25]",157.25,155,8.5,0.55
07:46:57,"[153.86, 102]","[152.83, 93]","[165.4, 53]","[212.59, 51]",159.63,299,11.53,0.3
07:46:58,"[154.0, 80]","[152.1, 70]","[312.12, 34]","[406.95, 38]",233.06,222,158.12,0.35
07:46:59,"[154.31, 81]","[152.93, 60]","[370.3, 44]","[451.52, 52]",262.3,237,215.99,0.19
07:47:00,"[156.0, 50]","[154.0, 70]","[252.78, 37]","[489.65, 40]",204.39,197,96.78,0.22
07:47:01,"[156.7, 50]","[154.0, 70]","[327.33, 42]","[415.5, 36]",242.02,198,170.63,0.21
07:47:02,"[155.5, 14]","[153.85, 53]","[450.0, 40]","[593.31, 32]",302.75,139,294.5,-0.04
07:47:03,"[155.85, 53]","[154.84, 57]","[376.5, 40]","[486.21, 56]",266.17,206,220.65,0.07
07:47:04,"[157.0, 15]","[156.0, 30]","[450.0, 25]","[630.0, 15]",303.5,85,293.0,0.06
07:47:05,"[157.0, 30]","[156.0, 60]","[420.11, 45]","[529.16, 44]",288.56,179,263.11,0.01
07:47:06,"[157.0, 24]","[156.0, 48]","[390.24, 33]","[469.38, 37]",273.62,142,233.24,0.01
07:47:07,"[157.0, 9]","[156.0, 18]","[391.0, 12]","[502.18, 11]",274.0,50,234.0,0.08
07:47:08,"[157.0, 24]","[156.0, 48]","[481.79, 38]","[602.47, 34]",319.39,144,324.79,0.0
07:47:09,"[157.0, 12]","[156.0, 24]","[506.0, 20]","[608.57, 14]",331.5,70,349.0,0.03
07:47:10,"[157.0, 27]","[156.0, 75]","[380.33, 18]","[450.3, 27]",268.67,147,223.33,0.39
07:47:11,"[157.34, 29]","[156.29, 51]","[286.0, 26]","[474.37, 54]",221.67,160,128.66,0.0
07:47:12,"[159.0, 7]","[157.0, 21]","[285.71, 14]","[463.0, 27]",222.36,69,126.71,-0.19
07:47:13,"[157.71, 14]","[156.5, 30]","[171.0, 24]","[285.0, 16]",164.36,84,13.29,0.05
07:47:14,"[157.0, 18]","[156.0, 30]","[170.94, 16]","[241.35, 17]",163.97,81,13.94,0.19
07:47:15,"[156.0, 21]","[154.0, 27]","[169.0, 12]","[182.25, 20]",162.5,80,13.0,0.2
07:47:16,"[156.0, 26]","[154.0, 39]","[164.4, 20]","[166.26, 19]",160.2,104,8.4,0.25
07:47:17,"[156.0, 18]","[154.0, 33]","[163.71, 17]","[164.38, 16]",159.85,84,7.71,0.21
07:47:18,"[153.77, 35]","[153.18, 51]","[157.32, 37]","[160.29, 28]",155.55,151,3.55,0.14
07:47:19,"[152.86, 56]","[151.26, 19]","[346.6, 15]","[427.04, 27]",249.73,117,193.74,0.28
07:47:20,"[156.38, 64]","[155.31, 58]","[530.29, 38]","[635.86, 37]",343.33,197,373.91,0.24
07:47:21,"[162.0, 26]","[159.24, 100]","[173.93, 70]","[616.0, 52]",167.96,248,11.93,0.02
07:47:22,"[161.36, 25]","[160.06, 68]","[321.27, 59]","[492.5, 46]",241.32,198,159.91,-0.06
07:47:23,"[160.33, 24]","[158.99, 73]","[268.69, 35]","[271.76, 49]",214.51,181,108.35,0.07
07:47:24,"[161.0, 7]","[159.0, 56]","[205.41, 27]","[237.84, 31]",183.2,121,44.41,0.04
07:47:25,"[161.0, 12]","[159.38, 26]","[181.35, 26]","[182.14, 22]",171.17,86,20.35,-0.12
07:47:26,"[159.2, 61]","[159.09, 11]","[180.64, 11]","[316.06, 54]",169.92,137,21.44,0.05
07:47:27,"[159.0, 108]","[158.0, 10]","[180.0, 10]","[306.5, 50]",169.5,178,21.0,0.33
07:47:28,"[159.0, 80]","[158.0, 10]","[177.6, 15]","[189.11, 18]",168.3,123,18.6,0.46
07:47:29,"[159.0, 30]","[158.0, 6]","[174.91, 11]","[175.71, 7]",166.95,54,15.91,0.33
07:47:30,"[157.53, 43]","[153.27, 66]","[173.06, 17]","[174.12, 16]",165.3,142,15.52,0.54
07:47:31,"[156.4, 25]","[152.31, 65]","[170.67, 9]","[171.75, 8]",163.53,107,14.27,0.68
07:47:32,"[158.13, 47]","[156.2, 50]","[168.9, 20]","[170.6, 20]",163.51,137,10.77,0.42
07:47:33,"[158.33, 36]","[156.4, 50]","[166.8, 20]","[167.8, 20]",162.57,126,8.47,0.37
07:47:34,"[158.0, 28]","[156.0, 35]","[164.27, 11]","[165.6, 10]",161.14,84,6.27,0.5
07:47:35,"[158.0, 36]","[156.0, 45]","[161.87, 15]","[163.0, 13]",159.93,109,3.87,0.49
07:47:36,"[158.0, 34]","[156.0, 45]","[160.5, 16]","[161.27, 11]",159.25,106,2.5,0.49
07:47:37,"[156.15, 27]","[155.14, 35]","[158.14, 7]","[159.18, 11]",157.15,80,1.99,0.55
07:47:38,"[156.0, 32]","[155.0, 54]","[262.9, 21]","[313.06, 36]",209.45,143,106.9,0.2
07:47:39,"[156.0, 21]","[155.0, 36]","[296.0, 24]","[532.43, 28]",226.0,109,140.0,0.05
07:47:40,"[156.0, 23]","[155.0, 66]","[296.0, 44]","[416.09, 55]",226.0,188,140.0,-0.05
07:47:41,"[156.0, 7]","[155.0, 42]","[270.66, 29]","[348.87, 31]",213.33,109,114.66,-0.1
07:47:42,"[158.77, 13]","[155.12, 48]","[287.62, 65]","[556.85, 52]",223.19,178,128.85,-0.31
07:47:43,"[156.03, 29]","[154.8, 30]","[235.0, 40]","[684.0, 32]",195.52,131,78.97,-0.1
07:47:44,"[155.0, 40]","[153.0, 16]","[157.0, 16]","[331.5, 40]",156.0,112,2.0,0.0
07:47:45,"[155.0, 5]","[153.0, 2]","[157.0, 2]","[188.0, 5]",156.0,14,2.0,0.0
07:47:46,"[155.0, 45]","[153.0, 18]","[157.0, 18]","[188.0, 45]",156.0,126,2.0,0.0
07:47:47,"[155.0, 20]","[153.6, 5]","[157.0, 8]","[188.0, 20]",156.0,53,2.0,-0.06
07:47:48,"[154.94, 47]","[153.94, 17]","[179.14, 35]","[236.5, 50]",167.04,149,24.21,-0.14
07:47:49,"[154.0, 40]","[153.0, 16]","[175.33, 15]","[231.88, 33]",164.67,104,21.33,0.08
07:47:50,"[153.96, 51]","[151.33, 30]","[156.33, 30]","[183.67, 45]",155.15,156,2.37,0.04
07:47:51,"[153.49, 59]","[139.54, 13]","[156.03, 37]","[159.5, 14]",154.76,123,2.54,0.17
07:47:52,"[153.87, 46]","[139.9, 30]","[187.0, 64]","[459.69, 65]",170.43,205,33.13,-0.26
07:47:53,"[161.0, 7]","[151.0, 14]","[355.76, 25]","[470.3, 23]",258.38,69,194.76,-0.39
07:47:54,"[148.92, 71]","[130.53, 34]","[182.27, 30]","[488.33, 49]",165.59,184,33.35,0.14
07:47:55,"[149.8, 30]","[148.0, 110]","[153.0, 40]","[210.13, 47]",151.4,227,3.2,0.23
07:47:56,"[149.94, 33]","[147.36, 113]","[155.33, 45]","[185.88, 52]",152.64,243,5.39,0.2
07:47:57,"[135.77, 44]","[105.58, 76]","[178.93, 70]","[461.21, 38]",157.35,228,43.16,0.05
07:47:58,"[140.59, 34]","[127.56, 27]","[322.85, 33]","[539.44, 36]",231.72,130,182.26,-0.06
07:47:59,"[147.71, 98]","[138.1, 101]","[296.36, 39]","[417.27, 45]",222.04,283,148.64,0.41
07:48:00,"[154.0, 54]","[153.0, 18]","[265.15, 26]","[298.69, 26]",209.58,124,111.15,0.16
07:48:01,"[154.0, 20]","[153.0, 20]","[235.5, 24]","[236.69, 26]",194.75,90,81.5,-0.11
07:48:02,"[157.17, 36]","[154.29, 21]","[230.29, 34]","[231.38, 32]",193.73,123,73.13,-0.07
07:48:03,"[158.41, 34]","[156.86, 21]","[227.62, 39]","[228.63, 35]",193.01,129,69.2,-0.15
07:48:04,"[159.0, 26]","[157.0, 26]","[220.92, 49]","[225.46, 41]",189.96,142,61.92,-0.27
07:48:05,"[158.38, 26]","[157.61, 41]","[203.0, 65]","[224.27, 55]",180.69,187,44.62,-0.28
07:48:06,"[155.82, 11]","[154.18, 34]","[189.12, 43]","[199.88, 51]",172.47,139,33.3,-0.35
07:48:07,"[154.0, 12]","[153.0, 48]","[172.78, 45]","[174.15, 47]",163.39,152,18.78,-0.21
07:48:08,"[156.8, 75]","[153.41, 34]","[166.63, 57]","[168.25, 65]",161.72,231,9.83,-0.06
07:48:09,"[157.0, 55]","[154.0, 11]","[161.69, 35]","[163.31, 35]",159.34,136,4.69,-0.03
07:48:10,"[156.56, 41]","[153.23, 31]","[158.59, 41]","[159.85, 39]",157.57,152,2.02,-0.05
07:48:11,"[153.12, 41]","[151.31, 128]","[155.0, 42]","[156.0, 42]",154.06,253,1.88,0.34
07:48:12,"[151.39, 82]","[146.95, 76]","[153.8, 30]","[154.8, 30]",152.6,218,2.41,0.45
07:48:13,"[151.11, 80]","[150.16, 67]","[185.67, 39]","[202.05, 41]",168.39,227,34.55,0.3
07:48:14,"[158.92, 39]","[151.42, 64]","[255.5, 40]","[441.88, 16]",207.21,159,96.58,0.3
07:48:15,"[156.33, 15]","[151.76, 59]","[271.62, 42]","[338.72, 29]",213.98,145,115.29,0.02
07:48:16,"[151.18, 34]","[150.38, 58]","[210.0, 15]","[353.5, 28]",180.59,135,58.82,0.36
07:48:17,"[152.38, 56]","[151.0, 64]","[244.8, 30]","[559.57, 30]",198.59,180,92.43,0.33
07:48:18,"[154.89, 63]","[151.0, 72]","[291.54, 26]","[433.67, 27]",223.21,188,136.65,0.44
07:48:19,"[155.71, 68]","[152.22, 92]","[176.23, 35]","[403.63, 35]",165.97,230,20.52,0.39
07:48:20,"[155.75, 59]","[152.41, 99]","[193.23, 39]","[500.23, 39]",174.49,236,37.49,0.34
07:48:21,"[157.5, 72]","[152.33, 72]","[464.4, 30]","[712.43, 42]",310.95,216,306.9,0.33
07:48:22,"[160.0, 114]","[155.03, 74]","[522.75, 52]","[679.94, 54]",341.38,294,362.75,0.28
07:48:23,"[160.0, 49]","[156.0, 13]","[334.77, 39]","[534.77, 43]",247.38,144,174.77,-0.14
07:48:24,"[160.0, 21]","[157.58, 19]","[298.14, 21]","[517.22, 27]",229.07,88,138.14,-0.09
07:48:25,"[160.0, 27]","[158.0, 45]","[215.39, 41]","[299.81, 31]",187.7,144,55.39,0.0
07:48:26,"[160.0, 28]","[158.0, 55]","[205.82, 55]","[207.55, 55]",182.91,193,45.82,-0.14
07:48:27,"[160.0, 14]","[158.0, 35]","[204.43, 35]","[273.31, 29]",182.21,113,44.43,-0.13
07:48:28,"[160.0, 24]","[158.0, 60]","[203.0, 60]","[436.67, 36]",181.5,180,43.0,-0.07
07:48:29,"[158.24, 17]","[155.58, 26]","[202.5, 20]","[383.75, 12]",180.37,75,44.26,0.15
07:48:30,"[158.43, 35]","[156.12, 67]","[199.09, 55]","[272.0, 35]",178.76,192,40.66,0.06
07:48:31,"[159.85, 13]","[157.61, 46]","[200.0, 45]","[395.66, 35]",179.92,139,40.15,-0.15
07:48:32,"[157.31, 78]","[154.92, 75]","[197.49, 70]","[229.15, 62]",177.4,285,40.18,0.07
07:48:33,"[156.67, 15]","[155.0, 90]","[194.69, 67]","[196.18, 68]",175.68,240,38.02,-0.12
07:48:34,"[155.23, 22]","[154.52, 29]","[193.0, 50]","[195.0, 40]",174.11,141,37.77,-0.28
07:48:35,"[154.71, 35]","[150.85, 40]","[193.0, 55]","[195.0, 44]",173.86,174,38.29,-0.14
07:48:36,"[159.0, 22]","[158.0, 22]","[191.33, 48]","[192.37, 51]",175.17,143,32.33,-0.38
07:48:37,"[159.0, 26]","[158.0, 26]","[187.15, 55]","[188.87, 62]",173.07,169,28.15,-0.38
07:48:38,"[159.0, 14]","[158.0, 28]","[183.05, 59]","[184.39, 67]",171.03,168,24.05,-0.5
07:48:39,"[159.91, 44]","[158.5, 16]","[179.83, 48]","[182.0, 60]",169.87,168,19.92,-0.29
07:48:40,"[160.0, 40]","[159.0, 8]","[177.06, 36]","[178.58, 36]",168.53,120,17.06,-0.2
07:48:41,"[160.0, 55]","[159.0, 11]","[172.33, 43]","[173.76, 50]",166.16,159,12.33,-0.17
07:48:42,"[160.0, 40]","[159.0, 8]","[165.22, 36]","[166.12, 33]",162.61,117,5.22,-0.18
07:48:43,"[158.5, 24]","[156.52, 29]","[162.96, 45]","[164.09, 44]",160.73,142,4.46,-0.25
07:48:44,"[157.45, 31]","[156.07, 41]","[159.17, 78]","[161.98, 66]",158.31,216,1.72,-0.33
07:48:45,"[156.0, 72]","[153.0, 12]","[177.89, 47]","[222.72, 43]",166.95,174,21.89,-0.03
07:48:46,"[156.0, 84]","[151.86, 14]","[180.2, 56]","[181.62, 56]",168.1,210,24.2,-0.07
07:48:47,"[156.0, 46]","[151.0, 9]","[177.3, 33]","[179.08, 39]",166.65,127,21.3,-0.13
07:48:48,"[156.0, 18]","[151.0, 9]","[173.67, 45]","[176.0, 27]",164.83,99,17.67,-0.45
07:48:49,"[156.0, 27]","[152.92, 25]","[171.12, 81]","[173.09, 55]",163.56,188,15.12,-0.45
07:48:50,"[156.0, 11]","[155.0, 33]","[164.0, 51]","[165.8, 49]",160.0,144,8.0,-0.39
07:48:51,"[156.0, 9]","[155.0, 27]","[158.19, 31]","[159.56, 36]",157.1,103,2.19,-0.3
07:48:52,"[150.88, 68]","[119.5, 32]","[156.16, 38]","[157.28, 90]",153.52,228,5.28,-0.12
07:48:53,"[124.18, 22]","[108.56, 36]","[153.02, 46]","[155.07, 14]",138.6,118,28.84,-0.02
07:48:54,"[131.0, 33]","[129.0, 22]","[142.0, 11]","[148.33, 27]",136.5,93,11.0,0.18
