Time,Bid1,Bid2,Ask1,Ask2,Mid-Price,Total_volume,Bid_ask_spread,Order_imbalance
07:30:00,"[0, 0]","[0, 0]","[0, 0]","[0, 0]",0.0,0,0.0,0.0
07:30:01,"[178.5, 6]","[0, 0]","[0, 0]","[0, 0]",89.25,6,-178.5,1.0
07:30:02,"[197.5, 6]","[0, 0]","[220.0, 10]","[0, 0]",208.75,16,22.5,-0.25
07:30:03,"[208.67, 18]","[126.25, 12]","[220.0, 30]","[223.0, 6]",214.33,66,11.33,-0.09
07:30:04,"[210.25, 12]","[36.0, 12]","[220.0, 20]","[223.0, 4]",215.12,48,9.75,0.0
07:30:05,"[214.0, 15]","[134.0, 15]","[220.0, 25]","[223.0, 5]",217.0,60,6.0,0.0
07:30:06,"[216.33, 9]","[215.0, 9]","[220.0, 15]","[223.0, 3]",218.17,36,3.67,0.0
07:30:07,"[218.0, 9]","[216.0, 9]","[220.0, 6]","[223.0, 3]",219.0,27,2.0,0.33
07:30:08,"[218.8, 15]","[217.5, 24]","[220.33, 9]","[225.78, 9]",219.57,57,1.53,0.37
07:30:09,"[218.58, 26]","[217.18, 102]","[222.0, 50]","[223.0, 10]",220.29,188,3.42,0.36
07:30:10,"[221.0, 4]","[220.0, 12]","[222.0, 20]","[223.0, 4]",221.5,40,1.0,-0.2
07:30:11,"[220.62, 8]","[216.89, 27]","[222.0, 23]","[223.0, 6]",221.31,64,1.38,0.09
07:30:12,"[221.0, 84]","[220.0, 21]","[222.0, 14]","[223.0, 7]",221.5,126,1.0,0.67
07:30:13,"[220.67, 18]","[212.89, 27]","[222.5, 4]","[226.43, 7]",221.58,56,1.83,0.61
07:30:14,"[221.1, 30]","[210.8, 120]","[225.25, 16]","[227.42, 36]",223.18,202,4.15,0.49
07:30:15,"[223.56, 81]","[222.0, 27]","[227.0, 27]","[228.0, 45]",225.28,180,3.44,0.2
07:30:16,"[224.75, 72]","[222.0, 24]","[227.0, 24]","[228.0, 40]",225.88,160,2.25,0.2
07:30:17,"[222.22, 67]","[217.33, 118]","[227.7, 50]","[236.29, 35]",224.96,270,5.48,0.37
07:30:18,"[218.0, 18]","[213.9, 126]","[227.0, 15]","[241.83, 12]",222.5,171,9.0,0.68
07:30:19,"[219.97, 62]","[215.42, 134]","[226.83, 58]","[235.09, 35]",223.4,289,6.86,0.36
07:30:20,"[221.07, 90]","[219.78, 46]","[225.0, 68]","[226.91, 22]",223.03,226,3.93,0.2
07:30:21,"[221.3, 92]","[216.27, 198]","[224.67, 46]","[226.07, 28]",222.99,364,3.37,0.59
07:30:22,"[217.82, 132]","[213.62, 215]","[223.43, 35]","[227.0, 20]",220.62,402,5.61,0.73
07:30:23,"[217.4, 75]","[215.09, 105]","[226.0, 10]","[227.0, 20]",221.7,210,8.6,0.71
07:30:24,"[215.91, 132]","[212.2, 40]","[231.88, 25]","[233.53, 15]",223.89,212,15.97,0.62
07:30:25,"[215.0, 132]","[212.1, 42]","[232.03, 37]","[233.11, 35]",223.51,246,17.03,0.41
07:30:26,"[215.62, 144]","[213.95, 80]","[230.12, 64]","[233.73, 37]",222.88,325,14.5,0.38
07:30:27,"[218.65, 119]","[216.0, 34]","[229.59, 58]","[231.26, 39]",224.12,250,10.94,0.22
07:30:28,"[219.97, 95]","[216.9, 101]","[228.0, 30]","[230.25, 53]",223.98,279,8.03,0.41
07:30:29,"[223.34, 68]","[220.23, 103]","[230.02, 83]","[231.93, 42]",226.68,296,6.69,0.16
07:30:30,"[225.89, 126]","[222.0, 36]","[229.11, 87]","[232.85, 52]",227.5,301,3.23,0.08
07:30:31,"[226.02, 55]","[221.96, 48]","[232.57, 56]","[235.11, 36]",229.29,195,6.55,0.06
07:30:32,"[228.0, 48]","[223.5, 56]","[234.0, 64]","[236.0, 32]",231.0,200,6.0,0.04
07:30:33,"[226.59, 27]","[222.19, 53]","[234.0, 48]","[236.0, 24]",230.3,152,7.41,0.05
07:30:34,"[224.88, 41]","[222.09, 11]","[234.0, 37]","[236.0, 22]",229.44,111,9.12,-0.06
07:30:35,"[228.07, 127]","[224.61, 41]","[234.71, 28]","[261.88, 17]",231.39,213,6.64,0.58
07:30:36,"[235.0, 104]","[225.0, 86]","[236.0, 14]","[426.4, 15]",235.5,219,1.0,0.74
07:30:37,"[235.0, 100]","[229.08, 24]","[344.0, 14]","[551.0, 18]",289.5,156,109.0,0.59
07:30:38,"[235.0, 123]","[232.0, 26]","[390.25, 40]","[475.21, 47]",312.62,236,155.25,0.26
07:30:39,"[230.87, 60]","[226.9, 67]","[237.82, 39]","[330.98, 43]",234.34,209,6.95,0.22
07:30:40,"[233.0, 52]","[225.85, 104]","[234.77, 35]","[235.8, 30]",233.89,221,1.77,0.41
07:30:41,"[233.0, 19]","[229.54, 26]","[234.0, 21]","[235.67, 18]",233.5,84,1.0,0.07
07:30:42,"[234.12, 32]","[232.14, 28]","[235.71, 28]","[328.9, 42]",234.92,130,1.59,-0.08
07:30:43,"[235.0, 69]","[233.0, 14]","[237.0, 28]","[475.13, 52]",236.0,163,2.0,0.02
07:30:44,"[235.0, 61]","[232.35, 23]","[236.0, 26]","[238.54, 26]",235.5,136,1.0,0.24
07:30:45,"[234.69, 45]","[232.95, 59]","[239.0, 16]","[295.57, 28]",236.84,148,4.31,0.41
07:30:46,"[233.0, 43]","[232.0, 27]","[242.0, 18]","[429.43, 37]",237.5,125,9.0,0.12
07:30:47,"[233.0, 4]","[232.0, 6]","[242.0, 4]","[447.0, 8]",237.5,22,9.0,-0.09
07:30:48,"[233.0, 20]","[232.0, 30]","[240.77, 26]","[340.82, 34]",236.88,110,7.77,-0.09
07:30:49,"[232.77, 13]","[231.09, 22]","[244.0, 14]","[334.0, 24]",238.38,73,11.23,-0.04
07:30:50,"[232.13, 15]","[229.59, 39]","[244.0, 22]","[336.27, 33]",238.07,109,11.87,-0.01
07:30:51,"[232.57, 37]","[228.5, 32]","[244.0, 14]","[578.0, 28]",238.28,111,11.43,0.24
07:30:52,"[229.24, 76]","[228.84, 49]","[423.7, 20]","[699.93, 30]",326.47,175,194.46,0.43
07:30:53,"[232.0, 64]","[230.0, 48]","[240.14, 21]","[423.0, 29]",236.07,162,8.14,0.38
07:30:54,"[232.91, 68]","[231.22, 108]","[243.29, 42]","[403.66, 58]",238.1,276,10.37,0.28
07:30:55,"[235.67, 24]","[229.52, 100]","[242.98, 47]","[262.7, 37]",239.32,208,7.31,0.19
07:30:56,"[236.0, 20]","[231.38, 26]","[241.76, 25]","[243.71, 35]",238.88,106,5.76,-0.13
07:30:57,"[235.33, 18]","[231.48, 29]","[239.33, 18]","[241.78, 27]",237.33,92,4.0,0.02
07:30:58,"[230.0, 24]","[229.0, 73]","[235.94, 18]","[236.86, 42]",232.97,157,5.94,0.24
07:30:59,"[230.0, 14]","[229.0, 130]","[234.0, 9]","[236.0, 27]",232.0,180,4.0,0.6
07:31:00,"[229.02, 95]","[213.92, 39]","[234.5, 24]","[244.0, 24]",231.76,182,5.48,0.47
07:31:01,"[230.8, 50]","[229.19, 53]","[234.0, 45]","[241.92, 36]",232.4,184,3.2,0.12
07:31:02,"[230.07, 43]","[228.11, 47]","[235.4, 30]","[300.89, 36]",232.73,156,5.33,0.15
07:31:03,"[228.5, 30]","[226.71, 28]","[238.67, 18]","[247.0, 36]",233.58,112,10.17,0.04
07:31:04,"[229.29, 21]","[227.0, 35]","[236.0, 14]","[247.0, 28]",232.64,98,6.71,0.14
07:31:05,"[230.1, 30]","[228.0, 20]","[236.0, 20]","[247.0, 40]",233.05,110,5.9,-0.09
07:31:06,"[231.0, 25]","[227.16, 25]","[235.11, 18]","[238.2, 20]",233.06,88,4.11,0.14
07:31:07,"[232.43, 28]","[225.4, 30]","[235.0, 44]","[244.0, 44]",233.71,146,2.57,-0.21
07:31:08,"[232.2, 25]","[228.38, 45]","[234.95, 40]","[240.71, 42]",233.57,152,2.75,-0.08
07:31:09,"[229.0, 59]","[225.0, 37]","[235.92, 26]","[241.0, 52]",232.46,174,6.92,0.1
07:31:10,"[229.0, 18]","[225.0, 9]","[238.0, 18]","[241.0, 36]",233.5,81,9.0,-0.33
07:31:11,"[229.0, 9]","[227.42, 26]","[238.0, 16]","[241.21, 38]",233.5,89,9.0,-0.21
07:31:12,"[229.92, 26]","[228.3, 20]","[238.0, 16]","[241.0, 40]",233.96,102,8.08,-0.1
07:31:13,"[231.23, 31]","[230.65, 34]","[238.0, 26]","[241.0, 65]",234.61,156,6.77,-0.17
07:31:14,"[231.43, 28]","[229.5, 32]","[238.0, 16]","[241.0, 40]",234.71,116,6.57,0.03
07:31:15,"[234.0, 24]","[231.0, 48]","[237.14, 42]","[239.36, 33]",235.57,147,3.14,-0.02
07:31:16,"[234.0, 22]","[231.0, 44]","[236.27, 44]","[240.47, 45]",235.14,155,2.27,-0.15
07:31:17,"[233.08, 26]","[230.89, 38]","[237.0, 46]","[241.15, 53]",235.04,163,3.92,-0.21
07:31:18,"[232.79, 14]","[231.0, 56]","[240.02, 51]","[240.94, 63]",236.4,184,7.23,-0.24
07:31:19,"[233.0, 18]","[231.0, 72]","[237.36, 56]","[238.31, 70]",235.18,216,4.36,-0.17
07:31:20,"[231.27, 55]","[230.4, 40]","[235.1, 61]","[236.41, 68]",233.19,224,3.83,-0.15
07:31:21,"[231.0, 64]","[229.0, 16]","[232.45, 40]","[233.38, 48]",231.72,168,1.45,-0.05
07:31:22,"[231.0, 43]","[229.0, 13]","[232.87, 31]","[233.69, 39]",231.94,126,1.87,-0.11
07:31:23,"[231.0, 30]","[229.0, 10]","[232.1, 30]","[233.1, 30]",231.55,100,1.1,-0.2
07:31:24,"[230.16, 19]","[227.08, 125]","[232.03, 38]","[235.59, 51]",231.09,233,1.87,0.24
07:31:25,"[227.05, 161]","[226.72, 57]","[231.2, 60]","[232.71, 55]",229.12,333,4.15,0.31
07:31:26,"[227.0, 195]","[223.0, 15]","[229.83, 24]","[230.47, 57]",228.42,291,2.83,0.44
07:31:27,"[227.0, 131]","[224.2, 15]","[228.25, 12]","[230.0, 48]",227.62,206,1.25,0.42
07:31:28,"[227.0, 116]","[226.0, 30]","[229.04, 27]","[230.58, 48]",228.02,221,2.04,0.32
07:31:29,"[227.53, 104]","[226.85, 91]","[229.0, 72]","[234.0, 90]",228.26,357,1.47,0.09
07:31:30,"[226.96, 56]","[225.89, 61]","[233.37, 63]","[235.57, 21]",230.16,201,6.4,0.16
07:31:31,"[226.21, 57]","[225.17, 24]","[234.0, 60]","[236.5, 12]",230.11,153,7.79,0.06
07:31:32,"[224.0, 68]","[222.0, 10]","[233.1, 50]","[234.04, 47]",228.55,175,9.1,-0.11
07:31:33,"[224.71, 84]","[223.3, 27]","[232.0, 16]","[233.29, 63]",228.36,190,7.29,0.17
07:31:34,"[223.31, 96]","[221.0, 16]","[231.38, 16]","[233.0, 87]",227.34,215,8.06,0.04
07:31:35,"[225.07, 118]","[223.89, 118]","[230.33, 15]","[233.0, 90]",227.7,341,5.27,0.38
07:31:36,"[228.41, 148]","[226.0, 70]","[232.36, 44]","[233.33, 54]",230.38,316,3.96,0.38
07:31:37,"[231.2, 125]","[228.38, 117]","[233.14, 81]","[234.26, 31]",232.17,354,1.94,0.37
07:31:38,"[232.0, 44]","[231.0, 110]","[234.0, 57]","[238.18, 11]",233.0,222,2.0,0.39
07:31:39,"[233.0, 44]","[231.0, 110]","[234.0, 55]","[238.0, 11]",233.5,220,1.0,0.4
07:31:40,"[233.0, 32]","[231.03, 62]","[234.0, 40]","[238.0, 8]",233.5,142,1.0,0.32
07:31:41,"[231.76, 58]","[230.88, 123]","[299.33, 61]","[380.49, 41]",265.54,283,67.57,0.28
07:31:42,"[239.0, 72]","[234.09, 22]","[311.91, 55]","[316.27, 33]",275.45,182,72.91,0.03
07:31:43,"[239.0, 62]","[237.0, 26]","[257.46, 39]","[311.0, 65]",248.23,192,18.46,-0.08
07:31:44,"[239.0, 22]","[237.0, 22]","[267.73, 52]","[300.39, 31]",253.37,127,28.73,-0.31
07:31:45,"[237.83, 24]","[236.11, 94]","[265.0, 36]","[266.0, 48]",251.42,202,27.17,0.17
07:31:46,"[237.0, 18]","[236.0, 108]","[261.78, 37]","[263.35, 26]",249.39,189,24.78,0.33
07:31:47,"[236.03, 132]","[231.83, 144]","[237.36, 70]","[239.0, 14]",236.69,360,1.33,0.53
07:31:48,"[231.29, 85]","[230.11, 18]","[235.67, 36]","[243.24, 21]",233.48,160,4.37,0.29
07:31:49,"[231.0, 93]","[229.0, 12]","[233.15, 53]","[236.05, 40]",232.08,198,2.15,0.06
07:31:50,"[223.78, 27]","[172.35, 48]","[234.0, 44]","[240.0, 11]",228.89,130,10.22,0.15
07:31:51,"[222.0, 5]","[190.1, 21]","[236.4, 20]","[240.0, 5]",229.2,51,14.4,0.02
07:31:52,"[222.0, 8]","[184.75, 20]","[237.0, 32]","[240.0, 8]",229.5,68,15.0,-0.18
07:31:53,"[233.44, 36]","[228.92, 24]","[237.0, 40]","[240.0, 10]",235.22,110,3.56,0.09
07:31:54,"[235.12, 40]","[234.0, 32]","[237.0, 32]","[240.0, 8]",236.06,112,1.88,0.29
07:31:55,"[234.4, 25]","[232.42, 19]","[238.67, 9]","[340.0, 21]",236.53,74,4.27,0.19
07:31:56,"[234.0, 16]","[232.0, 12]","[240.0, 4]","[331.75, 16]",237.0,48,6.0,0.17
07:31:57,"[234.0, 32]","[232.0, 24]","[240.0, 8]","[418.27, 30]",237.0,94,6.0,0.19
07:31:58,"[236.17, 12]","[234.0, 48]","[240.0, 12]","[528.5, 48]",238.08,120,3.83,0.0
07:31:59,"[237.33, 9]","[234.0, 36]","[240.0, 9]","[541.47, 34]",238.67,88,2.67,0.02
07:32:00,"[237.45, 11]","[234.38, 32]","[240.0, 11]","[432.16, 38]",238.73,92,2.55,-0.07
07:32:01,"[237.0, 9]","[234.0, 36]","[239.0, 27]","[240.0, 9]",238.0,81,2.0,0.11
07:32:02,"[237.0, 15]","[234.0, 60]","[239.0, 45]","[241.07, 15]",238.0,135,2.0,0.11
07:32:03,"[237.0, 13]","[234.0, 52]","[239.0, 39]","[242.0, 13]",238.0,117,2.0,0.11
07:32:04,"[237.98, 46]","[236.08, 13]","[239.0, 30]","[242.0, 10]",238.49,99,1.02,0.19
07:32:05,"[238.0, 37]","[237.0, 11]","[239.71, 21]","[377.12, 16]",238.86,85,1.71,0.13
07:32:06,"[238.0, 27]","[237.0, 9]","[239.0, 18]","[242.0, 9]",238.5,63,1.0,0.14
07:32:07,"[238.0, 36]","[237.0, 12]","[239.0, 24]","[243.0, 12]",238.5,84,1.0,0.14
07:32:08,"[236.0, 16]","[234.0, 32]","[239.0, 16]","[244.0, 8]",237.5,72,3.0,0.33
07:32:09,"[236.0, 26]","[234.0, 52]","[238.07, 15]","[239.42, 24]",237.03,117,2.07,0.33
07:32:10,"[233.53, 38]","[232.31, 58]","[236.36, 11]","[240.64, 22]",234.94,129,2.84,0.49
07:32:11,"[232.0, 70]","[231.0, 28]","[234.64, 14]","[240.5, 28]",233.32,140,2.64,0.4
07:32:12,"[232.0, 51]","[231.0, 22]","[237.0, 15]","[241.07, 30]",234.5,118,5.0,0.24
07:32:13,"[232.0, 44]","[231.0, 22]","[240.0, 22]","[242.17, 29]",236.0,117,8.0,0.13
07:32:14,"[232.0, 30]","[231.0, 26]","[239.69, 32]","[242.2, 15]",235.84,103,7.69,0.09
07:32:15,"[232.0, 20]","[231.0, 20]","[239.0, 50]","[240.0, 29]",235.5,119,7.0,-0.33
07:32:16,"[232.0, 24]","[229.57, 49]","[239.0, 60]","[240.0, 36]",235.5,169,7.0,-0.14
07:32:17,"[232.0, 30]","[229.35, 51]","[237.27, 75]","[240.0, 45]",234.63,201,5.27,-0.19
07:32:18,"[232.78, 36]","[231.35, 62]","[234.69, 74]","[241.52, 29]",233.73,201,1.91,-0.02
07:32:19,"[233.8, 71]","[232.0, 38]","[238.68, 69]","[241.29, 48]",236.24,226,4.88,-0.04
07:32:20,"[234.22, 83]","[233.82, 109]","[236.0, 42]","[238.0, 14]",235.11,248,1.78,0.55
07:32:21,"[234.32, 63]","[233.63, 54]","[238.75, 16]","[244.45, 31]",236.53,164,4.43,0.43
07:32:22,"[237.25, 88]","[235.75, 186]","[241.32, 22]","[244.37, 59]",239.28,355,4.07,0.54
07:32:23,"[237.0, 154]","[235.0, 14]","[239.14, 14]","[244.78, 36]",238.07,218,2.14,0.54
07:32:24,"[237.0, 75]","[235.0, 7]","[242.5, 14]","[245.44, 18]",239.75,114,5.5,0.44
07:32:25,"[237.48, 105]","[236.72, 58]","[244.38, 73]","[245.3, 79]",240.93,315,6.91,0.03
07:32:26,"[239.0, 55]","[237.0, 110]","[243.95, 63]","[244.9, 67]",241.48,295,4.95,0.12
07:32:27,"[239.0, 75]","[237.0, 150]","[241.55, 53]","[243.72, 85]",240.27,363,2.55,0.24
07:32:28,"[238.45, 73]","[236.98, 172]","[240.74, 97]","[245.19, 91]",239.6,433,2.29,0.13
07:32:29,"[237.0, 135]","[235.0, 14]","[243.66, 58]","[245.04, 70]",240.33,277,6.66,0.08
07:32:30,"[237.0, 99]","[235.0, 11]","[242.27, 44]","[243.45, 44]",239.64,198,5.27,0.11
07:32:31,"[237.0, 144]","[235.0, 16]","[240.16, 55]","[242.24, 58]",238.58,273,3.16,0.17
07:32:32,"[237.0, 97]","[235.89, 27]","[238.0, 44]","[242.33, 27]",237.5,195,1.0,0.27
07:32:33,"[237.0, 96]","[236.0, 36]","[238.0, 48]","[244.0, 108]",237.5,288,1.0,-0.08
07:32:34,"[237.0, 48]","[236.0, 21]","[240.84, 38]","[244.41, 49]",238.92,156,3.84,-0.12
07:32:35,"[236.0, 18]","[235.0, 9]","[244.0, 81]","[249.0, 18]",240.0,126,8.0,-0.57
07:32:36,"[236.0, 12]","[235.0, 6]","[244.0, 54]","[249.0, 12]",240.0,84,8.0,-0.57
07:32:37,"[234.88, 16]","[234.14, 7]","[244.0, 63]","[249.0, 14]",239.44,100,9.12,-0.54
07:32:38,"[233.0, 42]","[232.0, 14]","[244.0, 126]","[249.0, 28]",238.5,210,11.0,-0.47
07:32:39,"[233.0, 39]","[232.0, 13]","[244.0, 77]","[249.0, 26]",238.5,155,11.0,-0.33
07:32:40,"[233.0, 18]","[232.0, 6]","[244.0, 30]","[249.0, 12]",238.5,66,11.0,-0.27
07:32:41,"[233.0, 27]","[232.0, 9]","[244.0, 45]","[245.5, 32]",238.5,113,11.0,-0.36
07:32:42,"[233.0, 24]","[232.0, 8]","[244.0, 40]","[245.0, 32]",238.5,104,11.0,-0.38
07:32:43,"[232.82, 22]","[231.43, 14]","[243.1, 50]","[244.08, 49]",237.96,135,10.28,-0.47
07:32:44,"[232.0, 17]","[231.0, 34]","[241.47, 85]","[244.0, 85]",236.74,221,9.47,-0.54
07:32:45,"[232.5, 24]","[229.87, 30]","[239.56, 63]","[241.57, 70]",236.03,187,7.06,-0.42
07:32:46,"[233.84, 57]","[229.96, 50]","[236.51, 91]","[237.95, 80]",235.17,278,2.66,-0.23
07:32:47,"[229.55, 33]","[226.33, 30]","[235.09, 55]","[241.0, 44]",232.32,162,5.55,-0.22
07:32:48,"[227.0, 48]","[222.46, 155]","[234.69, 80]","[241.0, 80]",230.84,363,7.69,0.12
07:32:49,"[227.0, 42]","[222.18, 199]","[231.86, 65]","[236.71, 56]",229.43,362,4.86,0.33
07:32:50,"[227.0, 24]","[225.0, 32]","[235.12, 32]","[238.69, 39]",231.06,127,8.12,-0.12
07:32:51,"[227.0, 27]","[225.0, 36]","[236.0, 36]","[239.0, 45]",231.5,144,9.0,-0.12
07:32:52,"[227.0, 33]","[225.0, 44]","[235.82, 44]","[238.68, 37]",231.41,158,8.82,-0.03
07:32:53,"[227.0, 42]","[225.0, 56]","[236.56, 36]","[238.86, 58]",231.78,192,9.56,0.02
07:32:54,"[227.0, 48]","[225.2, 40]","[234.41, 54]","[236.07, 54]",230.7,196,7.41,-0.1
07:32:55,"[227.25, 28]","[226.75, 28]","[230.19, 42]","[232.65, 40]",228.72,138,2.94,-0.19
07:32:56,"[225.89, 27]","[224.18, 33]","[229.0, 18]","[236.0, 18]",227.44,96,3.11,0.25
07:32:57,"[230.25, 36]","[224.69, 39]","[234.42, 31]","[236.29, 42]",232.33,148,4.17,0.01
07:32:58,"[232.0, 35]","[225.0, 39]","[234.04, 67]","[235.14, 42]",233.02,183,2.04,-0.19
07:32:59,"[232.0, 26]","[225.2, 59]","[233.93, 83]","[234.8, 41]",232.96,209,1.93,-0.19
07:33:00,"[232.46, 26]","[228.34, 41]","[233.78, 41]","[234.83, 36]",233.12,144,1.32,-0.07
07:33:01,"[232.0, 22]","[227.62, 78]","[236.0, 36]","[240.9, 41]",234.0,177,4.0,0.13
07:33:02,"[230.5, 36]","[228.71, 63]","[237.0, 29]","[242.0, 48]",233.75,176,6.5,0.12
07:33:03,"[229.14, 84]","[227.5, 48]","[237.0, 86]","[242.0, 56]",233.07,274,7.86,-0.04
07:33:04,"[230.94, 96]","[229.0, 96]","[237.0, 115]","[242.0, 64]",233.97,371,6.06,0.04
07:33:05,"[231.0, 54]","[229.0, 54]","[237.0, 81]","[242.0, 36]",234.0,225,6.0,-0.04
07:33:06,"[231.65, 86]","[230.72, 156]","[237.0, 144]","[242.0, 64]",234.33,450,5.35,0.08
07:33:07,"[234.91, 79]","[233.22, 54]","[237.0, 171]","[242.0, 76]",235.96,380,2.09,-0.3
07:33:08,"[235.0, 42]","[234.0, 7]","[237.0, 63]","[242.0, 28]",236.0,140,2.0,-0.3
07:33:09,"[236.0, 9]","[234.4, 45]","[237.0, 63]","[242.0, 36]",236.5,153,1.0,-0.29
07:33:10,"[236.0, 10]","[232.0, 30]","[237.0, 30]","[242.0, 40]",236.5,110,1.0,-0.27
07:33:11,"[236.0, 11]","[232.0, 33]","[237.0, 33]","[242.0, 44]",236.5,121,1.0,-0.27
07:33:12,"[236.0, 8]","[232.0, 24]","[237.0, 24]","[242.0, 32]",236.5,88,1.0,-0.27
07:33:13,"[236.0, 13]","[232.0, 39]","[237.0, 39]","[242.0, 52]",236.5,143,1.0,-0.27
07:33:14,"[233.0, 8]","[231.09, 66]","[237.0, 24]","[242.0, 32]",235.0,130,4.0,0.14
07:33:15,"[234.53, 81]","[231.43, 35]","[237.0, 51]","[242.0, 68]",235.77,235,2.47,-0.01
07:33:16,"[235.72, 43]","[231.21, 38]","[238.67, 36]","[335.19, 47]",237.19,164,2.95,-0.01
07:33:17,"[232.38, 21]","[231.03, 134]","[241.6, 60]","[347.65, 77]",236.99,292,9.22,0.06
07:33:18,"[234.17, 46]","[232.44, 18]","[240.09, 46]","[241.6, 60]",237.13,170,5.91,-0.25
07:33:19,"[234.63, 19]","[232.92, 13]","[236.53, 30]","[237.7, 27]",235.58,89,1.9,-0.28
07:33:20,"[231.07, 115]","[229.37, 124]","[233.64, 44]","[237.36, 53]",232.35,336,2.57,0.42
07:33:21,"[231.0, 12]","[229.0, 72]","[232.17, 24]","[242.0, 36]",231.58,144,1.17,0.17
07:33:22,"[231.0, 10]","[229.0, 60]","[232.0, 20]","[245.6, 30]",231.5,120,1.0,0.17
07:33:23,"[228.74, 35]","[227.55, 31]","[243.1, 21]","[314.29, 41]",235.92,128,14.35,0.03
07:33:24,"[231.0, 21]","[229.16, 50]","[244.38, 21]","[245.62, 39]",237.69,131,13.38,0.08
07:33:25,"[236.37, 38]","[232.98, 45]","[241.14, 51]","[243.67, 27]",238.75,161,4.77,0.03
07:33:26,"[238.5, 20]","[233.33, 75]","[240.62, 45]","[243.4, 25]",239.56,165,2.12,0.15
07:33:27,"[233.7, 57]","[232.73, 77]","[240.08, 39]","[240.8, 25]",236.89,198,6.38,0.35
07:33:28,"[233.0, 75]","[232.0, 36]","[237.86, 22]","[238.65, 26]",235.43,159,4.86,0.4
07:33:29,"[233.0, 36]","[232.0, 27]","[235.53, 17]","[236.76, 17]",234.26,97,2.53,0.3
07:33:30,"[232.75, 12]","[231.83, 18]","[234.0, 12]","[236.75, 12]",233.38,54,1.25,0.11
07:33:31,"[231.5, 34]","[229.93, 45]","[232.85, 33]","[239.78, 18]",232.17,130,1.35,0.22
07:33:32,"[231.0, 26]","[229.0, 52]","[235.89, 37]","[298.09, 46]",233.45,161,4.89,-0.03
07:33:33,"[231.0, 18]","[229.0, 44]","[244.0, 9]","[246.22, 27]",237.5,98,13.0,0.27
07:33:34,"[231.81, 27]","[228.37, 38]","[239.97, 62]","[242.58, 24]",235.89,151,8.15,-0.14
07:33:35,"[230.85, 13]","[227.13, 45]","[238.0, 30]","[240.0, 50]",234.42,138,7.15,-0.16
07:33:36,"[229.95, 44]","[223.0, 32]","[238.0, 24]","[240.0, 40]",233.98,140,8.05,0.09
07:33:37,"[234.09, 85]","[231.18, 66]","[236.49, 61]","[240.0, 105]",235.29,317,2.4,-0.05
07:33:38,"[234.0, 55]","[227.0, 22]","[235.55, 22]","[240.0, 55]",234.77,154,1.55,0.0
07:33:39,"[234.0, 34]","[227.0, 16]","[237.91, 22]","[240.97, 34]",235.95,106,3.91,-0.06
07:33:40,"[234.64, 50]","[230.5, 24]","[242.0, 20]","[245.0, 50]",238.32,144,7.36,0.03
07:33:41,"[235.28, 43]","[234.0, 33]","[242.0, 22]","[245.0, 55]",238.64,153,6.72,-0.01
07:33:42,"[236.0, 27]","[234.0, 27]","[242.0, 18]","[245.19, 32]",239.0,104,6.0,0.04
07:33:43,"[234.4, 40]","[231.86, 42]","[242.0, 28]","[245.0, 42]",238.2,152,7.6,0.08
07:33:44,"[234.0, 24]","[230.57, 23]","[242.0, 16]","[245.0, 24]",238.0,87,8.0,0.08
07:33:45,"[232.71, 42]","[230.44, 54]","[242.0, 22]","[245.0, 33]",237.36,151,9.29,0.27
07:33:46,"[232.17, 144]","[230.3, 114]","[242.0, 30]","[245.0, 45]",237.08,333,9.83,0.55
07:33:47,"[234.0, 72]","[231.0, 126]","[242.0, 18]","[245.0, 27]",238.0,243,8.0,0.63
07:33:48,"[234.0, 56]","[231.0, 98]","[244.65, 17]","[245.62, 16]",239.32,187,10.65,0.65
07:33:49,"[235.22, 74]","[232.27, 170]","[240.16, 61]","[242.5, 18]",237.69,323,4.95,0.51
07:33:50,"[236.69, 52]","[233.58, 130]","[240.1, 59]","[243.43, 23]",238.4,264,3.41,0.38
07:33:51,"[234.0, 69]","[231.0, 72]","[241.0, 24]","[242.0, 12]",237.5,177,7.0,0.59
07:33:52,"[234.0, 20]","[231.0, 60]","[240.48, 29]","[241.54, 13]",237.24,122,6.48,0.31
07:33:53,"[234.0, 18]","[231.0, 54]","[240.0, 45]","[241.0, 18]",237.0,135,6.0,0.07
07:33:54,"[232.2, 20]","[230.43, 56]","[239.88, 34]","[240.55, 22]",236.04,132,7.68,0.15
07:33:55,"[231.4, 55]","[230.06, 94]","[236.15, 65]","[239.0, 26]",233.78,240,4.75,0.24
07:33:56,"[232.78, 97]","[232.43, 87]","[236.57, 61]","[240.29, 28]",234.68,273,3.79,0.35
07:33:57,"[234.18, 17]","[233.11, 55]","[241.0, 52]","[242.0, 38]",237.59,162,6.82,-0.11
07:33:58,"[235.73, 11]","[234.0, 22]","[240.72, 36]","[241.51, 49]",238.22,118,4.99,-0.44
07:33:59,"[233.44, 79]","[232.43, 46]","[238.0, 15]","[241.0, 39]",235.72,179,4.56,0.4
07:34:00,"[233.0, 114]","[232.0, 68]","[236.41, 17]","[242.85, 39]",234.71,238,3.41,0.53
07:34:01,"[233.57, 53]","[232.0, 52]","[237.15, 13]","[242.47, 17]",235.36,135,3.59,0.56
07:34:02,"[235.0, 11]","[232.0, 44]","[242.0, 19]","[245.88, 52]",238.5,126,7.0,-0.13
07:34:03,"[235.38, 13]","[232.0, 52]","[242.0, 26]","[246.0, 65]",238.69,156,6.62,-0.17
07:34:04,"[236.0, 12]","[232.0, 48]","[241.24, 34]","[244.64, 44]",238.62,138,5.24,-0.13
07:34:05,"[237.33, 18]","[232.24, 63]","[240.47, 62]","[242.3, 40]",238.9,183,3.13,-0.11
07:34:06,"[233.5, 32]","[231.64, 50]","[240.71, 42]","[242.21, 28]",237.11,152,7.21,0.08
07:34:07,"[232.0, 64]","[230.46, 52]","[241.11, 35]","[242.17, 35]",236.56,186,9.11,0.25
07:34:08,"[231.21, 56]","[229.36, 67]","[241.0, 28]","[244.0, 14]",236.11,165,9.79,0.49
07:34:09,"[231.62, 52]","[230.12, 57]","[240.77, 26]","[244.0, 13]",236.19,148,9.15,0.47
07:34:10,"[231.0, 48]","[229.0, 78]","[240.0, 24]","[243.72, 36]",235.5,186,9.0,0.35
07:34:11,"[231.0, 52]","[229.0, 89]","[239.0, 32]","[242.0, 13]",235.0,186,8.0,0.52
07:34:12,"[233.88, 34]","[231.59, 41]","[238.79, 39]","[241.36, 14]",236.34,128,4.91,0.17
07:34:13,"[235.23, 26]","[232.33, 36]","[240.33, 45]","[243.04, 49]",237.78,156,5.1,-0.21
07:34:14,"[231.63, 19]","[229.48, 33]","[242.0, 49]","[243.0, 7]",236.82,108,10.37,-0.04
07:34:15,"[230.84, 106]","[228.22, 41]","[240.05, 74]","[241.79, 38]",235.45,259,9.21,0.14
07:34:16,"[232.93, 126]","[229.0, 28]","[234.0, 42]","[241.0, 56]",233.46,252,1.07,0.22
07:34:17,"[229.96, 100]","[228.84, 38]","[239.38, 34]","[240.85, 52]",234.67,224,9.42,0.23
07:34:18,"[230.79, 86]","[229.0, 32]","[235.78, 27]","[236.81, 32]",233.28,177,4.99,0.33
07:34:19,"[230.08, 26]","[228.47, 34]","[232.79, 14]","[237.38, 34]",231.43,108,2.71,0.11
07:34:20,"[229.11, 18]","[226.83, 36]","[231.0, 10]","[241.0, 30]",230.06,94,1.89,0.15
07:34:21,"[226.28, 36]","[224.15, 53]","[230.54, 24]","[240.64, 28]",228.41,141,4.26,0.26
07:34:22,"[222.09, 135]","[220.11, 38]","[237.14, 22]","[237.68, 22]",229.61,217,15.05,0.59
07:34:23,"[222.0, 105]","[219.42, 38]","[232.46, 24]","[233.79, 28]",227.23,195,10.46,0.47
07:34:24,"[222.59, 102]","[220.61, 114]","[227.6, 30]","[229.65, 40]",225.09,286,5.01,0.51
07:34:25,"[224.87, 54]","[222.0, 69]","[226.72, 25]","[229.29, 28]",225.8,176,1.85,0.4
07:34:26,"[226.0, 60]","[219.93, 56]","[227.0, 24]","[232.0, 12]",226.5,152,1.0,0.53
07:34:27,"[219.7, 44]","[217.96, 159]","[232.84, 19]","[233.46, 65]",226.27,287,13.14,0.41
07:34:28,"[221.5, 24]","[218.05, 114]","[234.0, 32]","[236.0, 40]",227.75,210,12.5,0.31
07:34:29,"[228.08, 26]","[223.72, 29]","[234.0, 36]","[236.0, 45]",231.04,136,5.92,-0.19
07:34:30,"[230.0, 30]","[229.0, 20]","[234.0, 40]","[236.0, 50]",232.0,140,4.0,-0.29
07:34:31,"[229.75, 32]","[226.6, 40]","[235.1, 49]","[250.92, 59]",232.43,180,5.35,-0.2
07:34:32,"[232.43, 28]","[227.0, 24]","[235.0, 32]","[239.0, 40]",233.71,124,2.57,-0.16
07:34:33,"[233.0, 12]","[229.0, 12]","[234.91, 22]","[238.45, 29]",233.95,75,1.91,-0.36
07:34:34,"[232.43, 14]","[228.6, 30]","[234.14, 28]","[235.38, 53]",233.29,125,1.71,-0.3
07:34:35,"[229.0, 20]","[227.0, 60]","[234.0, 10]","[235.0, 40]",231.5,130,5.0,0.23
07:34:36,"[222.61, 51]","[222.17, 82]","[236.33, 9]","[243.0, 45]",229.47,187,13.73,0.42
07:34:37,"[224.0, 15]","[221.0, 132]","[241.5, 20]","[259.07, 28]",232.75,195,17.5,0.51
07:34:38,"[240.0, 61]","[224.0, 18]","[242.68, 37]","[296.86, 29]",241.34,145,2.68,0.09
07:34:39,"[240.0, 40]","[225.25, 16]","[241.5, 24]","[243.25, 40]",240.75,120,1.5,-0.07
07:34:40,"[240.0, 65]","[223.41, 116]","[241.0, 39]","[244.0, 65]",240.5,285,1.0,0.27
07:34:41,"[240.0, 23]","[224.52, 89]","[243.07, 29]","[384.9, 31]",241.53,172,3.07,0.3
07:34:42,"[240.0, 10]","[238.0, 24]","[244.0, 40]","[517.0, 32]",242.0,106,4.0,-0.36
07:34:43,"[239.0, 12]","[237.5, 20]","[244.0, 40]","[341.62, 16]",241.5,88,5.0,-0.27
07:34:44,"[238.0, 33]","[233.0, 11]","[243.39, 23]","[299.85, 52]",240.7,119,5.39,-0.26
07:34:45,"[238.0, 21]","[233.0, 7]","[241.0, 7]","[248.29, 35]",239.5,70,3.0,-0.2
07:34:46,"[238.0, 21]","[233.0, 7]","[240.29, 7]","[247.0, 35]",239.14,70,2.29,-0.2
07:34:47,"[238.0, 24]","[233.0, 8]","[246.81, 36]","[385.67, 21]",242.4,89,8.81,-0.28
07:34:48,"[234.89, 9]","[230.29, 17]","[247.0, 35]","[347.45, 22]",240.94,83,12.11,-0.37
07:34:49,"[240.0, 10]","[232.0, 10]","[247.0, 50]","[312.0, 40]",243.5,110,7.0,-0.64
07:34:50,"[236.4, 10]","[230.4, 10]","[247.0, 50]","[402.0, 40]",241.7,110,10.6,-0.64
07:34:51,"[231.9, 40]","[229.8, 10]","[240.78, 45]","[340.33, 45]",236.34,140,8.88,-0.29
07:34:52,"[232.0, 54]","[230.22, 9]","[237.29, 35]","[295.76, 42]",234.64,140,5.29,-0.1
07:34:53,"[233.45, 66]","[230.0, 11]","[473.09, 46]","[604.09, 44]",353.27,167,239.63,-0.08
07:34:54,"[235.08, 78]","[232.54, 13]","[429.44, 50]","[493.31, 52]",332.26,193,194.36,-0.06
07:34:55,"[236.8, 60]","[233.0, 10]","[243.07, 29]","[277.27, 22]",239.93,121,6.27,0.16
07:34:56,"[237.22, 69]","[236.08, 39]","[242.43, 42]","[245.43, 28]",239.82,178,5.21,0.21
07:34:57,"[238.0, 315]","[237.0, 96]","[240.31, 48]","[243.55, 38]",239.16,497,2.31,0.65
07:34:58,"[238.0, 171]","[237.0, 60]","[240.89, 27]","[331.1, 20]",239.44,278,2.89,0.66
07:34:59,"[238.0, 132]","[237.0, 100]","[245.15, 41]","[302.29, 17]",241.57,290,7.15,0.6
07:35:00,"[238.0, 156]","[237.0, 97]","[245.0, 60]","[246.0, 24]",241.5,337,7.0,0.5
07:35:01,"[237.44, 64]","[235.7, 80]","[243.93, 70]","[249.29, 28]",240.68,242,6.49,0.19
07:35:02,"[237.0, 50]","[235.0, 116]","[242.08, 60]","[252.33, 24]",239.54,250,5.08,0.33
07:35:03,"[236.72, 29]","[234.89, 57]","[241.08, 60]","[251.0, 24]",238.9,170,4.36,0.01
07:35:04,"[236.0, 22]","[235.0, 88]","[240.13, 53]","[248.48, 25]",238.07,188,4.13,0.17
07:35:05,"[237.07, 30]","[235.0, 180]","[238.82, 51]","[240.91, 66]",237.95,327,1.76,0.28
07:35:06,"[235.15, 65]","[232.69, 32]","[240.0, 70]","[246.0, 28]",237.58,195,4.85,-0.01
07:35:07,"[236.33, 24]","[233.75, 24]","[238.83, 54]","[241.8, 15]",237.58,117,2.5,-0.18
07:35:08,"[235.0, 20]","[230.67, 12]","[238.0, 30]","[241.82, 17]",236.5,79,3.0,-0.19
07:35:09,"[235.0, 30]","[230.3, 23]","[237.29, 42]","[292.61, 33]",236.14,128,2.29,-0.17
07:35:10,"[235.0, 18]","[231.39, 46]","[241.24, 33]","[282.57, 14]",238.12,111,6.24,0.15
07:35:11,"[235.0, 32]","[232.0, 224]","[239.26, 38]","[241.05, 74]",237.13,368,4.26,0.39
07:35:12,"[232.79, 76]","[231.9, 156]","[238.89, 37]","[241.56, 61]",235.84,330,6.1,0.41
07:35:13,"[232.0, 98]","[231.0, 28]","[239.29, 14]","[241.0, 35]",235.64,175,7.29,0.44
07:35:14,"[232.0, 142]","[231.0, 44]","[237.55, 22]","[241.0, 55]",234.77,263,5.55,0.41
07:35:15,"[232.23, 124]","[231.6, 80]","[237.0, 24]","[241.0, 60]",234.61,288,4.77,0.42
07:35:16,"[233.0, 81]","[232.0, 132]","[235.88, 49]","[238.43, 28]",234.44,290,2.88,0.47
07:35:17,"[233.85, 71]","[232.0, 216]","[235.77, 57]","[317.44, 61]",234.81,405,1.93,0.42
07:35:18,"[233.26, 70]","[232.2, 120]","[243.59, 39]","[254.91, 44]",238.42,273,10.33,0.39
07:35:19,"[233.0, 46]","[232.0, 84]","[238.0, 35]","[246.0, 28]",235.5,193,5.0,0.35
07:35:20,"[233.0, 78]","[232.0, 156]","[244.04, 53]","[334.91, 55]",238.52,342,11.04,0.37
07:35:21,"[233.0, 66]","[232.0, 132]","[237.64, 44]","[293.58, 48]",235.32,290,4.64,0.37
07:35:22,"[233.0, 48]","[232.0, 192]","[235.12, 64]","[243.61, 66]",234.06,370,2.12,0.3
07:35:23,"[232.37, 38]","[231.95, 86]","[243.0, 36]","[247.0, 45]",237.68,205,10.63,0.21
07:35:24,"[232.0, 132]","[230.0, 11]","[235.29, 35]","[243.26, 46]",233.64,224,3.29,0.28
07:35:25,"[232.0, 114]","[230.0, 10]","[233.0, 30]","[242.0, 40]",232.5,194,1.0,0.28
07:35:26,"[232.0, 72]","[230.0, 8]","[233.0, 19]","[242.0, 32]",232.5,131,1.0,0.22
07:35:27,"[232.0, 72]","[230.0, 8]","[233.0, 16]","[242.0, 32]",232.5,128,1.0,0.25
07:35:28,"[226.04, 52]","[224.04, 100]","[232.75, 16]","[239.75, 32]",229.39,200,6.71,0.52
07:35:29,"[229.61, 31]","[224.64, 75]","[232.31, 13]","[235.77, 26]",230.96,145,2.69,0.46
07:35:30,"[224.32, 95]","[223.39, 66]","[234.38, 26]","[246.47, 47]",229.35,234,10.07,0.38
07:35:31,"[228.67, 90]","[224.98, 55]","[242.0, 40]","[333.4, 30]",235.33,215,13.33,0.35
07:35:32,"[234.64, 86]","[227.78, 72]","[242.0, 64]","[461.22, 54]",238.32,276,7.36,0.14
07:35:33,"[236.0, 55]","[234.0, 22]","[242.0, 44]","[310.81, 27]",239.0,148,6.0,0.04
07:35:34,"[236.12, 40]","[234.0, 16]","[242.0, 32]","[243.0, 8]",239.06,96,5.88,0.17
07:35:35,"[237.0, 70]","[234.0, 28]","[242.0, 56]","[243.0, 14]",239.5,168,5.0,0.17
07:35:36,"[237.0, 35]","[234.0, 14]","[242.0, 28]","[243.0, 7]",239.5,84,5.0,0.17
07:35:37,"[237.0, 46]","[234.0, 12]","[242.0, 24]","[243.0, 6]",239.5,88,5.0,0.32
07:35:38,"[237.03, 121]","[235.26, 31]","[241.62, 16]","[320.5, 12]",239.33,180,4.59,0.69
07:35:39,"[238.0, 36]","[237.0, 117]","[241.0, 9]","[243.0, 9]",239.5,171,3.0,0.79
07:35:40,"[237.55, 87]","[236.89, 162]","[239.82, 45]","[240.89, 19]",238.69,313,2.27,0.59
07:35:41,"[237.0, 122]","[234.0, 28]","[239.62, 26]","[240.27, 30]",238.31,206,2.62,0.46
07:35:42,"[237.0, 44]","[235.45, 29]","[239.64, 33]","[242.0, 11]",238.32,117,2.64,0.25
07:35:43,"[237.0, 52]","[236.0, 39]","[239.0, 39]","[242.0, 13]",238.0,143,2.0,0.27
07:35:44,"[237.0, 24]","[236.0, 21]","[239.0, 21]","[243.0, 7]",238.0,73,2.0,0.23
07:35:45,"[236.0, 30]","[234.0, 50]","[238.39, 23]","[243.18, 11]",237.2,114,2.39,0.4
07:35:46,"[236.0, 21]","[234.0, 35]","[237.0, 14]","[244.0, 9]",236.5,79,1.0,0.42
07:35:47,"[236.0, 33]","[234.0, 55]","[244.0, 20]","[455.0, 33]",240.0,141,8.0,0.25
07:35:48,"[236.0, 25]","[234.0, 45]","[244.0, 18]","[554.41, 34]",240.0,122,8.0,0.15
07:35:49,"[236.0, 16]","[234.0, 40]","[244.0, 16]","[573.88, 32]",240.0,104,8.0,0.08
07:35:50,"[236.0, 20]","[234.0, 50]","[244.0, 20]","[454.9, 40]",240.0,130,8.0,0.08
07:35:51,"[236.0, 26]","[234.0, 65]","[243.17, 29]","[382.38, 47]",239.59,167,7.17,0.09
07:35:52,"[236.0, 26]","[234.0, 65]","[238.6, 30]","[239.67, 48]",237.3,169,2.6,0.08
07:35:53,"[234.65, 31]","[233.28, 39]","[237.0, 24]","[239.0, 48]",235.82,142,2.35,-0.01
07:35:54,"[233.78, 37]","[231.92, 26]","[235.7, 40]","[238.55, 44]",234.74,147,1.92,-0.14
07:35:55,"[232.0, 16]","[231.0, 8]","[234.38, 32]","[240.0, 16]",233.19,72,2.38,-0.33
07:35:56,"[231.4, 20]","[229.5, 16]","[236.4, 40]","[239.94, 32]",233.9,108,5.0,-0.33
07:35:57,"[229.86, 14]","[227.32, 38]","[236.64, 28]","[238.0, 28]",233.25,108,6.79,-0.04
07:35:58,"[230.32, 114]","[227.81, 27]","[233.13, 30]","[234.13, 30]",231.72,201,2.82,0.4
07:35:59,"[231.5, 160]","[229.0, 16]","[233.0, 32]","[236.73, 44]",232.25,252,1.5,0.4
07:36:00,"[232.18, 90]","[229.0, 52]","[235.08, 24]","[235.78, 27]",233.63,193,2.91,0.47
07:36:01,"[234.19, 95]","[232.46, 37]","[240.0, 34]","[241.8, 20]",237.09,186,5.81,0.42
07:36:02,"[238.06, 17]","[234.47, 30]","[240.0, 30]","[241.78, 18]",239.03,95,1.94,-0.01
07:36:03,"[238.43, 14]","[233.88, 16]","[240.0, 20]","[242.0, 10]",239.21,60,1.57,0.0
07:36:04,"[238.0, 14]","[230.67, 9]","[240.0, 14]","[242.0, 7]",239.0,44,2.0,0.05
07:36:05,"[234.2, 5]","[230.0, 5]","[240.0, 10]","[242.0, 5]",237.1,25,5.8,-0.2
07:36:06,"[235.0, 10]","[234.0, 10]","[239.0, 20]","[240.0, 20]",237.0,60,4.0,-0.33
07:36:07,"[235.0, 12]","[234.0, 12]","[238.75, 24]","[241.62, 32]",236.88,80,3.75,-0.4
07:36:08,"[231.13, 46]","[229.65, 20]","[236.07, 30]","[241.12, 25]",233.6,121,4.94,0.09
07:36:09,"[227.0, 22]","[226.0, 27]","[234.22, 18]","[240.0, 9]",230.61,76,7.22,0.29
07:36:10,"[227.0, 20]","[226.0, 30]","[230.6, 10]","[233.0, 20]",228.8,80,3.6,0.25
07:36:11,"[227.32, 19]","[226.2, 30]","[232.53, 19]","[238.6, 30]",229.92,98,5.21,0.0
07:36:12,"[227.0, 20]","[223.67, 54]","[232.1, 20]","[237.64, 28]",229.55,122,5.1,0.21
07:36:13,"[227.0, 20]","[223.0, 109]","[231.33, 24]","[237.0, 36]",229.17,189,4.33,0.37
07:36:14,"[224.1, 29]","[222.67, 72]","[227.96, 26]","[231.25, 28]",226.03,155,3.86,0.3
07:36:15,"[224.8, 60]","[223.67, 36]","[226.11, 9]","[228.0, 27]",225.46,132,1.31,0.45
07:36:16,"[224.8, 60]","[223.67, 36]","[227.2, 15]","[230.33, 27]",226.0,138,2.4,0.39
07:36:17,"[225.47, 76]","[223.38, 64]","[228.5, 36]","[276.88, 32]",226.99,208,3.03,0.35
07:36:18,"[226.0, 56]","[225.0, 56]","[235.0, 14]","[319.0, 32]",230.5,158,9.0,0.42
07:36:19,"[227.33, 60]","[224.6, 57]","[234.07, 61]","[236.52, 21]",230.7,199,6.73,0.18
07:36:20,"[230.46, 13]","[229.59, 39]","[234.0, 60]","[239.0, 20]",232.23,132,3.54,-0.21
07:36:21,"[232.0, 9]","[231.0, 36]","[234.0, 54]","[239.0, 18]",233.0,117,2.0,-0.23
07:36:22,"[232.0, 9]","[231.0, 36]","[234.0, 54]","[239.0, 18]",233.0,117,2.0,-0.23
07:36:23,"[231.48, 23]","[230.51, 86]","[233.16, 77]","[234.47, 51]",232.32,237,1.68,-0.08
07:36:24,"[225.58, 73]","[220.21, 226]","[232.27, 55]","[233.11, 53]",228.92,407,6.7,0.47
07:36:25,"[219.78, 82]","[219.0, 110]","[233.5, 50]","[235.0, 10]",226.64,252,13.72,0.52
07:36:26,"[220.73, 126]","[218.83, 144]","[234.0, 70]","[239.0, 21]",227.37,361,13.27,0.5
07:36:27,"[233.0, 52]","[220.19, 75]","[234.0, 75]","[237.0, 30]",233.5,232,1.0,0.09
07:36:28,"[220.97, 64]","[218.17, 36]","[234.0, 40]","[236.0, 16]",227.48,156,13.03,0.28
07:36:29,"[219.0, 44]","[216.75, 24]","[234.0, 20]","[236.0, 8]",226.5,96,15.0,0.42
07:36:30,"[220.23, 107]","[217.77, 73]","[234.42, 38]","[238.0, 20]",227.33,238,14.19,0.51
07:36:31,"[224.0, 144]","[221.74, 122]","[233.27, 44]","[236.83, 24]",228.64,334,9.27,0.59
07:36:32,"[226.0, 80]","[224.18, 95]","[233.0, 48]","[236.0, 24]",229.5,247,7.0,0.42
07:36:33,"[229.0, 72]","[228.0, 48]","[233.0, 48]","[236.0, 24]",231.0,192,4.0,0.25
07:36:34,"[230.0, 36]","[229.0, 54]","[232.25, 24]","[233.6, 30]",231.12,144,2.25,0.25
07:36:35,"[230.12, 25]","[229.1, 60]","[233.91, 44]","[235.86, 28]",232.01,157,3.79,0.08
07:36:36,"[233.04, 27]","[232.0, 18]","[235.0, 60]","[237.0, 30]",234.02,135,1.96,-0.33
07:36:37,"[234.17, 12]","[233.05, 21]","[236.67, 24]","[240.87, 62]",235.42,119,2.5,-0.45
07:36:38,"[231.11, 123]","[222.16, 180]","[236.0, 34]","[237.41, 34]",233.56,371,4.89,0.63
07:36:39,"[231.0, 112]","[219.0, 154]","[234.43, 28]","[238.0, 28]",232.71,322,3.43,0.65
07:36:40,"[231.0, 96]","[219.0, 132]","[236.31, 29]","[246.15, 26]",233.66,283,5.31,0.61
07:36:41,"[233.13, 79]","[230.53, 19]","[240.91, 55]","[242.78, 45]",237.02,198,7.78,-0.01
07:36:42,"[235.4, 30]","[231.04, 81]","[239.65, 85]","[240.59, 88]",237.52,284,4.25,-0.22
07:36:43,"[231.0, 50]","[230.0, 10]","[238.0, 50]","[239.0, 48]",234.5,158,7.0,-0.24
07:36:44,"[231.17, 60]","[230.69, 36]","[236.09, 69]","[237.04, 75]",233.63,240,4.92,-0.2
07:36:45,"[231.51, 63]","[230.9, 67]","[233.89, 76]","[239.36, 90]",232.7,296,2.39,-0.12
07:36:46,"[230.96, 46]","[224.75, 87]","[232.76, 37]","[240.06, 64]",231.86,234,1.8,0.14
07:36:47,"[230.78, 9]","[224.32, 37]","[232.0, 9]","[240.0, 36]",231.39,91,1.22,0.01
07:36:48,"[231.0, 10]","[230.0, 10]","[236.0, 16]","[240.6, 40]",233.5,76,5.0,-0.47
07:36:49,"[231.0, 14]","[230.0, 14]","[240.0, 56]","[243.0, 56]",235.5,140,9.0,-0.6
07:36:50,"[239.0, 49]","[231.0, 7]","[240.0, 28]","[243.0, 28]",239.5,112,1.0,0.0
07:36:51,"[239.0, 77]","[235.5, 20]","[240.0, 44]","[243.0, 44]",239.5,185,1.0,0.05
07:36:52,"[239.0, 55]","[236.0, 18]","[240.0, 36]","[243.0, 36]",239.5,145,1.0,0.01
07:36:53,"[239.0, 27]","[236.0, 18]","[240.0, 36]","[243.0, 36]",239.5,117,1.0,-0.23
07:36:54,"[235.69, 16]","[229.82, 17]","[240.0, 32]","[243.0, 32]",237.84,97,4.31,-0.32
07:36:55,"[231.0, 26]","[230.0, 13]","[239.93, 43]","[242.31, 52]",235.47,134,8.93,-0.42
07:36:56,"[232.1, 20]","[230.0, 10]","[239.0, 10]","[240.0, 40]",235.55,80,6.9,-0.25
07:36:57,"[233.83, 24]","[226.08, 72]","[239.0, 12]","[240.0, 48]",236.42,156,5.17,0.23
07:36:58,"[235.0, 14]","[228.92, 52]","[239.0, 7]","[240.0, 28]",237.0,101,4.0,0.31
07:36:59,"[235.33, 30]","[229.0, 150]","[239.0, 15]","[240.0, 60]",237.17,255,3.67,0.41
07:37:00,"[236.0, 22]","[229.0, 110]","[239.0, 11]","[240.0, 44]",237.5,187,3.0,0.41
07:37:01,"[232.83, 48]","[228.91, 94]","[239.0, 12]","[240.0, 48]",235.92,202,6.17,0.41
07:37:02,"[234.0, 60]","[229.0, 96]","[238.12, 40]","[239.74, 27]",236.06,223,4.12,0.4
07:37:03,"[234.0, 45]","[229.0, 72]","[238.0, 45]","[239.0, 9]",236.0,171,4.0,0.37
07:37:04,"[234.0, 55]","[229.0, 88]","[237.82, 55]","[239.9, 39]",235.91,237,3.82,0.21
07:37:05,"[234.0, 55]","[229.0, 88]","[237.0, 55]","[240.0, 55]",235.5,253,3.0,0.13
07:37:06,"[234.0, 75]","[229.0, 120]","[238.7, 23]","[243.35, 62]",236.35,280,4.7,0.39
07:37:07,"[234.0, 45]","[229.0, 72]","[240.0, 9]","[244.0, 36]",237.0,162,6.0,0.44
07:37:08,"[234.47, 57]","[231.42, 93]","[240.0, 15]","[244.0, 60]",237.24,225,5.53,0.33
07:37:09,"[235.0, 33]","[234.0, 90]","[239.72, 18]","[243.67, 61]",237.36,202,4.72,0.22
07:37:10,"[236.6, 20]","[234.0, 100]","[238.43, 28]","[239.6, 20]",237.51,168,1.83,0.43
07:37:11,"[234.21, 29]","[232.24, 82]","[237.88, 16]","[240.07, 15]",236.04,142,3.67,0.56
07:37:12,"[234.0, 11]","[232.0, 48]","[235.4, 20]","[240.4, 10]",234.7,89,1.4,0.33
07:37:13,"[234.0, 14]","[232.0, 84]","[237.57, 14]","[243.41, 54]",235.79,166,3.57,0.18
07:37:14,"[234.0, 6]","[232.0, 36]","[236.5, 6]","[242.0, 24]",235.25,72,2.5,0.17
07:37:15,"[232.0, 22]","[229.0, 88]","[236.0, 11]","[242.0, 44]",234.0,165,4.0,0.33
07:37:16,"[232.58, 24]","[229.78, 54]","[236.14, 14]","[241.83, 46]",234.36,138,3.56,0.13
07:37:17,"[233.42, 24]","[232.0, 24]","[240.0, 24]","[242.0, 68]",236.71,140,6.58,-0.31
07:37:18,"[234.21, 28]","[232.71, 28]","[239.34, 29]","[241.43, 28]",236.78,113,5.13,-0.01
07:37:19,"[233.0, 16]","[232.0, 16]","[239.0, 24]","[242.25, 16]",236.0,72,6.0,-0.11
07:37:20,"[234.88, 162]","[232.62, 26]","[236.29, 34]","[238.26, 19]",235.59,241,1.42,0.56
07:37:21,"[235.0, 299]","[233.0, 34]","[236.68, 62]","[243.7, 37]",235.84,432,1.68,0.54
07:37:22,"[235.0, 72]","[233.0, 12]","[241.83, 12]","[242.83, 12]",238.42,108,6.83,0.56
07:37:23,"[235.0, 132]","[232.82, 22]","[241.0, 22]","[242.0, 22]",238.0,198,6.0,0.56
07:37:24,"[235.0, 96]","[232.0, 16]","[241.0, 16]","[242.0, 16]",238.0,144,6.0,0.56
07:37:25,"[235.0, 84]","[232.0, 16]","[241.0, 16]","[242.0, 16]",238.0,132,6.0,0.52
07:37:26,"[235.0, 32]","[232.91, 23]","[241.0, 16]","[242.0, 16]",238.0,87,6.0,0.26
07:37:27,"[235.0, 48]","[233.0, 36]","[241.0, 24]","[242.0, 24]",238.0,132,6.0,0.27
07:37:28,"[235.0, 16]","[233.0, 12]","[241.0, 8]","[242.0, 8]",238.0,44,6.0,0.27
07:37:29,"[235.0, 48]","[233.0, 36]","[239.33, 24]","[241.17, 24]",237.17,132,4.33,0.27
07:37:30,"[235.24, 42]","[233.91, 44]","[237.08, 26]","[242.61, 61]",236.16,173,1.84,-0.01
07:37:31,"[236.19, 32]","[235.0, 64]","[241.86, 77]","[243.09, 54]",239.02,227,5.67,-0.15
07:37:32,"[237.0, 20]","[235.0, 40]","[240.0, 30]","[243.0, 40]",238.5,130,3.0,-0.08
07:37:33,"[237.0, 30]","[235.0, 36]","[239.89, 27]","[243.0, 27]",238.44,120,2.89,0.1
07:37:34,"[237.04, 52]","[235.15, 52]","[239.0, 39]","[243.0, 53]",238.02,196,1.96,0.06
07:37:35,"[235.89, 36]","[234.03, 31]","[238.56, 27]","[243.0, 45]",237.22,139,2.67,-0.04
07:37:36,"[234.86, 29]","[232.96, 25]","[236.68, 31]","[241.74, 35]",235.77,120,1.82,-0.1
07:37:37,"[232.33, 18]","[228.52, 23]","[237.0, 33]","[241.0, 22]",234.67,96,4.67,-0.15
07:37:38,"[230.0, 8]","[227.0, 32]","[236.0, 24]","[241.0, 16]",233.0,80,6.0,0.0
07:37:39,"[230.0, 11]","[227.0, 44]","[233.41, 29]","[236.13, 30]",231.71,114,3.41,-0.04
07:37:40,"[230.0, 10]","[227.0, 40]","[231.31, 26]","[232.5, 24]",230.65,100,1.31,0.0
07:37:41,"[234.38, 48]","[227.52, 29]","[238.32, 38]","[240.17, 24]",236.35,139,3.94,0.11
07:37:42,"[235.0, 82]","[230.0, 7]","[239.0, 28]","[240.0, 14]",237.0,131,4.0,0.36
07:37:43,"[235.0, 33]","[230.0, 3]","[239.0, 12]","[240.0, 6]",237.0,54,4.0,0.33
07:37:44,"[235.0, 74]","[230.0, 7]","[239.0, 28]","[240.0, 14]",237.0,123,4.0,0.32
07:37:45,"[235.08, 78]","[233.2, 25]","[237.91, 44]","[239.22, 36]",236.49,183,2.83,0.13
07:37:46,"[235.09, 101]","[233.33, 36]","[236.29, 51]","[238.45, 33]",235.69,221,1.21,0.24
07:37:47,"[230.12, 16]","[226.89, 70]","[236.58, 12]","[239.0, 87]",233.35,185,6.46,-0.07
07:37:48,"[231.5, 16]","[226.37, 54]","[234.62, 13]","[239.31, 59]",233.06,142,3.12,-0.01
07:37:49,"[227.0, 28]","[224.0, 60]","[234.0, 10]","[241.0, 30]",230.5,128,7.0,0.38
07:37:50,"[227.57, 28]","[224.41, 44]","[232.45, 11]","[235.33, 21]",230.01,104,4.88,0.38
07:37:51,"[226.19, 62]","[222.33, 45]","[231.65, 17]","[233.18, 22]",228.92,146,5.45,0.47
07:37:52,"[223.18, 34]","[220.78, 54]","[233.0, 20]","[234.0, 10]",228.09,118,9.82,0.49
07:37:53,"[224.83, 36]","[221.5, 44]","[232.67, 24]","[234.0, 12]",228.75,116,7.83,0.38
07:37:54,"[225.93, 45]","[219.25, 96]","[231.33, 30]","[234.0, 15]",228.63,186,5.4,0.52
07:37:55,"[222.0, 54]","[218.75, 48]","[231.44, 18]","[236.0, 30]",226.72,150,9.44,0.36
07:37:56,"[220.0, 14]","[219.0, 84]","[233.36, 14]","[235.86, 56]",226.68,168,13.36,0.17
07:37:57,"[220.0, 8]","[219.0, 48]","[233.0, 8]","[235.0, 32]",226.5,96,13.0,0.17
07:37:58,"[221.2, 10]","[218.96, 56]","[232.2, 10]","[235.0, 40]",226.7,116,11.0,0.14
07:37:59,"[222.5, 8]","[218.45, 11]","[232.0, 8]","[233.25, 32]",227.25,59,9.5,-0.36
07:38:00,"[223.78, 9]","[220.4, 15]","[232.67, 9]","[235.0, 36]",228.22,69,8.89,-0.3
07:38:01,"[227.29, 21]","[224.96, 23]","[233.0, 13]","[236.0, 52]",230.14,109,5.71,-0.19
07:38:02,"[227.87, 15]","[224.6, 35]","[233.0, 11]","[236.0, 74]",230.43,135,5.13,-0.26
07:38:03,"[230.04, 69]","[229.45, 31]","[233.0, 15]","[236.0, 93]",231.52,208,2.96,-0.04
07:38:04,"[231.18, 44]","[230.24, 118]","[233.63, 19]","[236.13, 67]",232.41,248,2.45,0.31
07:38:05,"[230.25, 84]","[226.69, 112]","[236.07, 42]","[238.0, 42]",233.16,280,5.82,0.4
07:38:06,"[231.98, 62]","[230.27, 99]","[235.59, 51]","[237.18, 51]",233.79,263,3.6,0.22
07:38:07,"[231.0, 42]","[230.0, 126]","[234.38, 37]","[239.09, 44]",232.69,249,3.38,0.35
07:38:08,"[231.24, 51]","[230.02, 138]","[234.68, 34]","[237.27, 55]",232.96,278,3.44,0.36
07:38:09,"[233.22, 54]","[232.26, 57]","[237.0, 39]","[240.0, 65]",235.11,215,3.78,0.03
07:38:10,"[235.33, 24]","[233.78, 41]","[237.0, 24]","[240.0, 50]",236.17,139,1.67,-0.06
07:38:11,"[235.08, 25]","[233.0, 54]","[237.0, 9]","[240.0, 45]",236.04,133,1.92,0.19
07:38:12,"[233.22, 41]","[232.5, 48]","[239.93, 46]","[244.22, 32]",236.58,167,6.72,0.07
07:38:13,"[233.0, 10]","[232.0, 36]","[240.0, 45]","[245.0, 27]",236.5,118,7.0,-0.22
07:38:14,"[233.0, 8]","[232.0, 32]","[240.0, 40]","[245.0, 24]",236.5,104,7.0,-0.23
07:38:15,"[232.38, 8]","[231.09, 22]","[240.0, 40]","[245.0, 24]",236.19,94,7.62,-0.36
07:38:16,"[232.0, 7]","[230.0, 14]","[240.0, 35]","[245.0, 21]",236.0,77,8.0,-0.45
07:38:17,"[232.0, 9]","[230.0, 18]","[240.0, 45]","[245.0, 27]",236.0,99,8.0,-0.45
07:38:18,"[232.0, 15]","[230.0, 30]","[239.38, 39]","[244.02, 63]",235.69,147,7.38,-0.39
07:38:19,"[232.0, 7]","[230.0, 14]","[238.43, 14]","[241.0, 35]",235.21,70,6.43,-0.4
07:38:20,"[231.38, 13]","[229.27, 22]","[234.58, 24]","[238.22, 46]",232.98,105,3.2,-0.33
07:38:21,"[230.95, 42]","[224.49, 37]","[239.48, 69]","[241.2, 75]",235.22,223,8.53,-0.29
07:38:22,"[234.24, 37]","[226.39, 69]","[239.37, 38]","[240.8, 50]",236.81,194,5.13,0.09
07:38:23,"[234.12, 50]","[231.8, 30]","[238.0, 39]","[240.0, 65]",236.06,184,3.88,-0.13
07:38:24,"[234.0, 60]","[231.0, 30]","[235.6, 45]","[239.18, 68]",234.8,203,1.6,-0.11
07:38:25,"[234.0, 17]","[231.0, 22]","[237.57, 42]","[240.55, 53]",235.79,134,3.57,-0.42
07:38:26,"[234.0, 8]","[231.0, 16]","[237.71, 17]","[239.29, 35]",235.85,76,3.71,-0.37
07:38:27,"[231.9, 20]","[229.21, 117]","[235.92, 13]","[238.0, 52]",233.91,202,4.02,0.36
07:38:28,"[232.08, 51]","[229.2, 141]","[234.2, 15]","[238.0, 60]",233.14,267,2.12,0.44
07:38:29,"[233.73, 60]","[231.0, 30]","[238.53, 60]","[241.0, 75]",236.13,225,4.8,-0.2
07:38:30,"[235.9, 40]","[231.0, 20]","[239.0, 40]","[241.0, 50]",237.45,150,3.1,-0.2
07:38:31,"[236.69, 64]","[231.0, 32]","[239.0, 54]","[241.0, 80]",237.84,230,2.31,-0.17
07:38:32,"[237.0, 6]","[231.0, 10]","[239.0, 15]","[241.0, 25]",238.0,56,2.0,-0.43
07:38:33,"[237.8, 25]","[233.14, 28]","[239.0, 27]","[241.0, 45]",238.4,125,1.2,-0.15
07:38:34,"[238.22, 45]","[234.75, 32]","[240.57, 70]","[241.64, 69]",239.4,216,2.35,-0.29
07:38:35,"[239.0, 22]","[237.0, 11]","[241.0, 55]","[242.0, 44]",240.0,132,2.0,-0.5
07:38:36,"[239.0, 16]","[237.0, 8]","[240.74, 34]","[241.71, 34]",239.87,92,1.74,-0.48
07:38:37,"[238.75, 16]","[236.78, 9]","[240.55, 29]","[242.22, 36]",239.65,90,1.8,-0.44
07:38:38,"[237.0, 11]","[236.0, 11]","[239.73, 11]","[242.0, 44]",238.36,77,2.73,-0.43
07:38:39,"[236.75, 12]","[233.75, 36]","[239.33, 21]","[241.58, 48]",238.04,117,2.58,-0.18
07:38:40,"[234.59, 17]","[232.95, 83]","[240.8, 40]","[244.38, 42]",237.69,182,6.21,0.1
07:38:41,"[233.43, 84]","[232.6, 60]","[243.8, 50]","[245.72, 58]",238.61,252,10.37,0.14
07:38:42,"[234.0, 84]","[233.0, 112]","[242.81, 80]","[244.2, 50]",238.41,326,8.81,0.2
07:38:43,"[234.0, 90]","[233.0, 120]","[242.85, 33]","[245.14, 58]",238.42,301,8.85,0.4
07:38:44,"[234.25, 48]","[233.27, 66]","[242.71, 14]","[244.43, 28]",238.48,156,8.46,0.46
07:38:45,"[235.81, 64]","[234.0, 96]","[240.17, 24]","[242.44, 32]",237.99,216,4.35,0.48
07:38:46,"[235.27, 104]","[233.45, 146]","[238.18, 39]","[240.42, 66]",236.72,355,2.91,0.41
07:38:47,"[234.41, 44]","[233.68, 124]","[241.46, 82]","[243.02, 114]",237.94,364,7.05,-0.08
07:38:48,"[236.0, 11]","[233.88, 68]","[240.36, 55]","[242.86, 56]",238.18,190,4.36,-0.17
07:38:49,"[234.26, 35]","[232.85, 78]","[238.4, 75]","[242.5, 64]",236.33,252,4.14,-0.1
07:38:50,"[235.0, 28]","[233.0, 70]","[237.43, 70]","[246.0, 70]",236.21,238,2.43,-0.18
07:38:51,"[233.8, 50]","[232.61, 62]","[236.88, 68]","[243.22, 72]",235.34,252,3.08,-0.11
07:38:52,"[233.0, 65]","[231.0, 26]","[237.0, 65]","[244.0, 26]",235.0,182,4.0,0.0
07:38:53,"[232.93, 164]","[229.61, 46]","[237.0, 75]","[244.0, 30]",234.96,315,4.07,0.33
07:38:54,"[233.0, 228]","[231.87, 92]","[237.0, 60]","[242.83, 24]",235.0,404,4.0,0.58
07:38:55,"[233.0, 276]","[232.0, 120]","[236.47, 75]","[241.93, 30]",234.73,501,3.47,0.58
07:38:56,"[234.36, 67]","[232.96, 216]","[237.74, 46]","[242.71, 28]",236.05,357,3.38,0.59
07:38:57,"[237.15, 26]","[233.0, 208]","[241.0, 26]","[244.0, 26]",239.08,286,3.85,0.64
07:38:58,"[239.6, 40]","[234.0, 80]","[241.0, 42]","[245.67, 39]",240.3,201,1.4,0.19
07:38:59,"[240.0, 28]","[238.0, 14]","[241.0, 28]","[244.0, 28]",240.5,98,1.0,-0.14
07:39:00,"[240.0, 18]","[238.0, 14]","[241.0, 28]","[244.0, 28]",240.5,88,1.0,-0.27
07:39:01,"[233.37, 152]","[232.6, 80]","[241.0, 52]","[244.0, 52]",237.18,336,7.63,0.38
07:39:02,"[233.0, 144]","[232.0, 72]","[240.47, 15]","[241.67, 36]",236.73,267,7.47,0.62
07:39:03,"[233.0, 128]","[232.0, 64]","[239.0, 8]","[241.38, 32]",236.0,232,6.0,0.66
07:39:04,"[233.64, 202]","[232.35, 136]","[239.0, 14]","[241.67, 72]",236.32,424,5.36,0.59
07:39:05,"[233.02, 242]","[232.12, 136]","[238.25, 16]","[241.07, 60]",235.63,454,5.23,0.67
07:39:06,"[235.0, 20]","[233.0, 160]","[238.0, 10]","[242.0, 20]",236.5,210,3.0,0.71
07:39:07,"[235.0, 16]","[233.0, 128]","[238.0, 8]","[242.0, 16]",236.5,168,3.0,0.71
07:39:08,"[233.14, 86]","[232.55, 88]","[238.0, 8]","[242.0, 16]",235.57,198,4.86,0.76
07:39:09,"[233.0, 112]","[232.0, 56]","[237.0, 7]","[241.14, 14]",235.0,189,4.0,0.78
07:39:10,"[233.0, 240]","[232.0, 120]","[237.0, 15]","[240.75, 32]",235.0,407,4.0,0.77
07:39:11,"[234.4, 15]","[233.0, 240]","[236.2, 15]","[240.33, 30]",235.3,300,1.8,0.7
07:39:12,"[233.0, 226]","[232.0, 136]","[235.53, 17]","[240.0, 34]",234.26,413,2.53,0.75
07:39:13,"[233.0, 169]","[232.0, 104]","[234.46, 13]","[240.0, 26]",233.73,312,1.46,0.75
07:39:14,"[233.0, 165]","[232.0, 104]","[236.82, 17]","[243.33, 54]",234.91,340,3.82,0.58
07:39:15,"[233.0, 72]","[232.0, 48]","[245.0, 54]","[247.0, 6]",239.0,180,12.0,0.33
07:39:16,"[233.0, 108]","[232.0, 72]","[244.57, 63]","[245.52, 23]",238.79,266,11.57,0.35
07:39:17,"[233.27, 66]","[232.69, 104]","[242.0, 30]","[245.0, 40]",237.64,240,8.73,0.42
07:39:18,"[234.0, 51]","[233.0, 204]","[241.73, 45]","[244.13, 62]",237.87,362,7.73,0.41
07:39:19,"[234.67, 36]","[233.0, 144]","[241.0, 24]","[242.0, 36]",237.83,240,6.33,0.5
07:39:20,"[236.47, 57]","[232.08, 156]","[240.29, 48]","[242.62, 65]",238.38,326,3.82,0.31
07:39:21,"[238.0, 30]","[233.2, 60]","[241.0, 40]","[242.0, 30]",239.5,160,3.0,0.12
07:39:22,"[238.93, 45]","[237.7, 60]","[241.0, 68]","[242.24, 51]",239.97,224,2.07,-0.06
07:39:23,"[237.04, 54]","[233.58, 38]","[239.67, 60]","[240.98, 57]",238.35,209,2.63,-0.12
07:39:24,"[233.91, 34]","[230.39, 41]","[235.46, 63]","[241.57, 65]",234.69,203,1.55,-0.26
07:39:25,"[232.0, 93]","[230.0, 39]","[234.3, 54]","[242.72, 53]",233.15,239,2.3,0.1
07:39:26,"[232.0, 20]","[230.0, 15]","[240.0, 25]","[243.06, 17]",236.0,77,8.0,-0.09
07:39:27,"[230.0, 9]","[229.0, 18]","[240.0, 45]","[243.02, 41]",235.0,113,10.0,-0.52
07:39:28,"[230.0, 7]","[229.0, 14]","[234.35, 26]","[240.43, 35]",232.17,82,4.35,-0.49
07:39:29,"[231.47, 15]","[228.67, 33]","[238.0, 42]","[241.0, 60]",234.73,150,6.53,-0.36
07:39:30,"[237.49, 61]","[232.32, 25]","[240.0, 65]","[242.0, 65]",238.75,216,2.51,-0.2
07:39:31,"[238.18, 17]","[237.3, 23]","[240.0, 25]","[242.0, 25]",239.09,90,1.82,-0.11
07:39:32,"[239.0, 9]","[238.0, 63]","[240.0, 45]","[242.0, 45]",239.5,162,1.0,-0.11
07:39:33,"[239.0, 7]","[238.0, 49]","[240.0, 35]","[242.0, 35]",239.5,126,1.0,-0.11
07:39:34,"[237.61, 61]","[229.72, 29]","[239.53, 38]","[240.8, 50]",238.57,178,1.92,0.01
07:39:35,"[230.0, 23]","[226.0, 31]","[241.0, 39]","[241.52, 27]",235.5,120,11.0,-0.1
07:39:36,"[230.0, 16]","[226.0, 27]","[239.0, 9]","[241.0, 45]",234.5,97,9.0,-0.11
07:39:37,"[233.16, 51]","[226.85, 33]","[237.2, 15]","[240.94, 66]",235.18,165,4.04,0.02
07:39:38,"[234.73, 60]","[230.62, 13]","[236.0, 41]","[239.97, 37]",235.37,151,1.27,-0.03
07:39:39,"[232.0, 10]","[230.0, 24]","[238.88, 34]","[240.18, 44]",235.44,112,6.88,-0.39
07:39:40,"[232.27, 11]","[230.22, 9]","[237.33, 9]","[239.0, 45]",234.8,74,5.06,-0.46
07:39:41,"[235.44, 48]","[232.0, 16]","[237.0, 16]","[239.52, 73]",236.22,153,1.56,-0.16
07:39:42,"[236.0, 25]","[232.0, 12]","[240.7, 40]","[241.53, 53]",238.35,130,4.7,-0.43
07:39:43,"[236.0, 16]","[232.0, 8]","[239.0, 8]","[241.71, 52]",237.5,84,3.0,-0.43
07:39:44,"[237.38, 26]","[235.05, 19]","[242.0, 65]","[244.0, 39]",239.69,149,4.62,-0.4
07:39:45,"[239.0, 24]","[237.0, 24]","[241.0, 24]","[242.5, 60]",240.0,132,2.0,-0.27
07:39:46,"[239.0, 9]","[237.0, 12]","[240.71, 14]","[243.78, 27]",239.86,62,1.71,-0.32
07:39:47,"[239.0, 13]","[237.0, 26]","[240.0, 52]","[241.31, 26]",239.5,117,1.0,-0.33
07:39:48,"[237.0, 20]","[232.0, 35]","[240.03, 29]","[242.65, 23]",238.52,107,3.03,0.03
07:39:49,"[237.0, 26]","[232.0, 78]","[239.0, 39]","[242.0, 26]",238.0,169,2.0,0.23
07:39:50,"[237.0, 47]","[232.0, 66]","[238.27, 33]","[243.82, 22]",237.64,168,1.27,0.35
07:39:51,"[237.0, 67]","[232.0, 60]","[238.34, 29]","[243.67, 21]",237.67,177,1.34,0.44
07:39:52,"[237.0, 32]","[232.0, 48]","[243.0, 16]","[250.27, 33]",240.0,129,6.0,0.24
07:39:53,"[237.0, 60]","[232.0, 90]","[241.56, 18]","[247.8, 35]",239.28,203,4.56,0.48
07:39:54,"[234.69, 26]","[231.95, 86]","[238.38, 16]","[241.44, 18]",236.53,146,3.68,0.53
07:39:55,"[232.0, 93]","[230.0, 16]","[234.8, 30]","[241.8, 41]",233.4,180,2.8,0.21
07:39:56,"[230.89, 9]","[226.67, 6]","[233.79, 19]","[240.09, 23]",232.34,57,2.9,-0.47
07:39:57,"[230.5, 8]","[228.23, 26]","[234.0, 24]","[241.0, 32]",232.25,90,3.5,-0.24
07:39:58,"[231.29, 17]","[230.08, 13]","[234.0, 27]","[241.0, 52]",232.65,109,2.71,-0.45
07:39:59,"[234.0, 78]","[231.0, 19]","[239.46, 57]","[243.03, 59]",236.73,213,5.46,-0.09
07:40:00,"[236.0, 44]","[231.0, 11]","[241.0, 44]","[245.0, 33]",238.5,132,5.0,-0.17
07:40:01,"[236.3, 40]","[234.66, 44]","[241.0, 60]","[245.0, 45]",238.65,189,4.7,-0.11
07:40:02,"[233.24, 25]","[232.52, 46]","[241.0, 40]","[245.0, 30]",237.12,141,7.76,0.01
07:40:03,"[236.84, 25]","[234.73, 44]","[241.0, 40]","[245.0, 20]",238.92,129,4.16,0.07
07:40:04,"[236.03, 62]","[234.33, 72]","[239.72, 40]","[241.44, 36]",237.88,210,3.69,0.28
07:40:05,"[237.0, 12]","[236.0, 72]","[238.0, 36]","[240.5, 48]",237.5,168,1.0,0.0
07:40:06,"[236.11, 27]","[234.86, 42]","[239.28, 25]","[241.14, 28]",237.7,122,3.17,0.13
07:40:07,"[236.0, 60]","[234.0, 60]","[240.0, 40]","[242.0, 40]",238.0,200,4.0,0.2
07:40:08,"[236.0, 90]","[234.0, 90]","[239.8, 50]","[241.33, 60]",237.9,290,3.8,0.24
07:40:09,"[236.0, 66]","[234.0, 66]","[239.0, 38]","[240.73, 44]",237.5,214,3.0,0.23
07:40:10,"[236.0, 44]","[234.0, 66]","[238.53, 34]","[240.91, 44]",237.26,188,2.53,0.17
07:40:11,"[234.38, 104]","[233.36, 44]","[237.79, 38]","[242.0, 76]",236.09,262,3.4,0.13
07:40:12,"[234.0, 67]","[232.0, 12]","[235.25, 24]","[242.0, 48]",234.62,151,1.25,0.05
07:40:13,"[234.0, 51]","[232.0, 12]","[236.8, 20]","[243.56, 36]",235.4,119,2.8,0.06
07:40:14,"[234.0, 18]","[232.0, 9]","[244.33, 12]","[265.67, 36]",239.17,75,10.33,-0.28
07:40:15,"[234.0, 22]","[232.0, 11]","[241.55, 47]","[244.24, 33]",237.78,113,7.55,-0.42
07:40:16,"[234.0, 14]","[232.0, 7]","[241.0, 35]","[243.45, 11]",237.5,67,7.0,-0.37
07:40:17,"[234.0, 18]","[232.0, 9]","[240.0, 45]","[243.0, 9]",237.0,81,6.0,-0.33
07:40:18,"[234.0, 16]","[232.0, 8]","[239.25, 40]","[243.0, 8]",236.62,72,5.25,-0.33
07:40:19,"[232.71, 21]","[230.2, 15]","[238.44, 45]","[243.0, 9]",235.58,90,5.73,-0.2
07:40:20,"[231.0, 45]","[229.0, 45]","[235.73, 75]","[237.44, 63]",233.37,228,4.73,-0.21
07:40:21,"[228.73, 33]","[226.18, 33]","[231.67, 54]","[235.71, 49]",230.2,169,2.94,-0.22
07:40:22,"[224.29, 35]","[223.12, 50]","[231.43, 49]","[240.74, 35]",227.86,169,7.14,0.01
07:40:23,"[224.38, 29]","[223.47, 45]","[238.87, 69]","[240.29, 85]",231.62,228,14.49,-0.35
07:40:24,"[225.58, 19]","[224.31, 39]","[236.92, 49]","[237.9, 50]",231.25,157,11.34,-0.26
07:40:25,"[227.0, 10]","[225.0, 40]","[236.0, 40]","[237.0, 80]",231.5,170,9.0,-0.41
07:40:26,"[227.0, 9]","[225.6, 30]","[234.62, 39]","[235.96, 47]",230.81,125,7.62,-0.38
07:40:27,"[228.14, 37]","[227.48, 31]","[234.96, 46]","[236.68, 93]",231.55,207,6.82,-0.34
07:40:28,"[230.44, 18]","[229.63, 38]","[234.0, 34]","[237.0, 71]",232.22,161,3.56,-0.3
07:40:29,"[231.75, 24]","[230.25, 24]","[234.0, 36]","[237.0, 48]",232.88,132,2.25,-0.27
07:40:30,"[231.96, 25]","[229.92, 13]","[234.0, 39]","[237.0, 52]",232.98,129,2.04,-0.41
07:40:31,"[229.38, 8]","[223.4, 20]","[234.0, 40]","[237.0, 32]",231.69,100,4.62,-0.44
07:40:32,"[222.78, 54]","[222.33, 18]","[233.95, 44]","[236.61, 46]",228.37,162,11.18,-0.11
07:40:33,"[222.0, 143]","[221.0, 18]","[228.63, 54]","[251.71, 62]",225.31,277,6.63,0.16
07:40:34,"[222.0, 112]","[221.0, 16]","[231.56, 48]","[256.88, 51]",226.78,227,9.56,0.13
07:40:35,"[222.0, 102]","[221.0, 14]","[231.16, 62]","[232.09, 22]",226.58,200,9.16,0.16
07:40:36,"[222.06, 198]","[221.73, 44]","[230.69, 45]","[251.46, 37]",226.37,324,8.63,0.49
07:40:37,"[224.0, 30]","[222.24, 124]","[234.0, 28]","[424.58, 38]",229.0,220,10.0,0.4
07:40:38,"[223.4, 67]","[222.47, 106]","[234.0, 39]","[439.31, 52]",228.7,264,10.6,0.31
07:40:39,"[224.45, 33]","[223.0, 110]","[234.0, 33]","[460.73, 44]",229.23,220,9.55,0.3
07:40:40,"[226.69, 39]","[222.6, 50]","[233.24, 17]","[271.07, 30]",229.96,136,6.54,0.31
07:40:41,"[227.0, 42]","[222.0, 28]","[231.93, 15]","[247.6, 30]",229.47,115,4.93,0.22
07:40:42,"[227.0, 21]","[222.0, 14]","[235.0, 14]","[333.0, 28]",231.0,77,8.0,-0.09
07:40:43,"[228.85, 40]","[223.15, 26]","[235.0, 24]","[390.0, 48]",231.93,138,6.15,-0.04
07:40:44,"[233.02, 56]","[231.29, 73]","[235.0, 26]","[374.56, 55]",234.01,210,1.98,0.23
07:40:45,"[234.0, 44]","[232.0, 77]","[279.31, 26]","[370.35, 52]",256.65,199,45.31,0.22
07:40:46,"[234.67, 15]","[233.33, 42]","[376.03, 37]","[471.73, 44]",305.35,138,141.36,-0.17
07:40:47,"[234.0, 37]","[232.0, 91]","[249.88, 41]","[358.38, 64]",241.94,233,15.88,0.1
07:40:48,"[234.0, 13]","[232.0, 91]","[235.0, 28]","[322.0, 60]",234.5,192,1.0,0.08
07:40:49,"[232.11, 38]","[231.61, 23]","[235.0, 22]","[286.3, 46]",233.55,129,2.89,-0.05
07:40:50,"[231.83, 24]","[225.35, 17]","[235.0, 18]","[410.17, 24]",233.42,83,3.17,-0.01
07:40:51,"[223.06, 34]","[221.24, 17]","[233.71, 34]","[277.12, 32]",228.38,117,10.65,-0.13
07:40:52,"[222.0, 24]","[217.0, 8]","[231.1, 30]","[232.26, 34]",226.55,96,9.1,-0.33
07:40:53,"[222.0, 20]","[217.0, 10]","[228.87, 38]","[230.48, 42]",225.43,110,6.87,-0.45
07:40:54,"[222.0, 16]","[217.0, 8]","[224.86, 29]","[226.9, 30]",223.43,83,2.86,-0.42
07:40:55,"[222.0, 16]","[217.0, 8]","[224.0, 28]","[225.0, 24]",223.0,76,2.0,-0.37
07:40:56,"[222.0, 20]","[217.0, 10]","[224.0, 20]","[225.0, 30]",223.0,80,2.0,-0.25
07:40:57,"[220.08, 13]","[213.67, 9]","[224.0, 18]","[225.0, 27]",222.04,67,3.92,-0.34
07:40:58,"[221.76, 21]","[212.62, 13]","[224.0, 22]","[225.0, 33]",222.88,89,2.24,-0.24
07:40:59,"[211.64, 14]","[94.2, 40]","[224.57, 23]","[225.67, 45]",218.1,122,12.92,-0.11
07:41:00,"[191.92, 26]","[102.53, 17]","[221.25, 16]","[225.6, 25]",206.59,84,29.33,0.02
07:41:01,"[195.04, 53]","[144.5, 8]","[219.75, 16]","[225.26, 19]",207.39,96,24.71,0.27
07:41:02,"[216.52, 69]","[179.31, 13]","[225.0, 26]","[226.0, 65]",220.76,173,8.48,-0.05
07:41:03,"[222.36, 103]","[211.94, 36]","[225.0, 22]","[226.0, 55]",223.68,216,2.64,0.29
07:41:04,"[224.0, 99]","[209.38, 48]","[225.0, 11]","[226.07, 43]",224.5,201,1.0,0.46
07:41:05,"[224.0, 81]","[205.0, 9]","[228.33, 18]","[229.29, 14]",226.17,122,4.33,0.48
07:41:06,"[224.0, 56]","[205.0, 6]","[227.29, 14]","[229.67, 12]",225.64,88,3.29,0.41
07:41:07,"[224.03, 107]","[220.47, 72]","[227.76, 33]","[229.39, 46]",225.89,258,3.73,0.39
07:41:08,"[224.04, 67]","[223.6, 40]","[229.0, 33]","[230.47, 38]",226.52,178,4.96,0.2
07:41:09,"[224.0, 56]","[223.0, 14]","[229.0, 21]","[233.43, 14]",226.5,105,5.0,0.33
07:41:10,"[223.83, 58]","[222.23, 52]","[229.8, 25]","[334.27, 30]",226.81,165,5.97,0.33
07:41:11,"[223.0, 16]","[222.0, 64]","[233.1, 10]","[368.34, 29]",228.05,119,10.1,0.34
07:41:12,"[223.0, 14]","[215.0, 7]","[231.0, 21]","[234.0, 7]",227.0,49,8.0,-0.14
07:41:13,"[223.0, 14]","[215.0, 7]","[231.0, 21]","[234.0, 7]",227.0,49,8.0,-0.14
07:41:14,"[223.89, 18]","[222.53, 17]","[231.0, 27]","[234.0, 9]",227.44,71,7.11,-0.01
07:41:15,"[226.0, 37]","[223.81, 31]","[231.0, 45]","[233.33, 15]",228.5,128,5.0,0.06
07:41:16,"[228.69, 26]","[224.0, 28]","[231.84, 19]","[244.69, 13]",230.27,86,3.15,0.26
07:41:17,"[230.59, 34]","[227.83, 24]","[234.58, 12]","[269.67, 12]",232.59,82,4.0,0.41
07:41:18,"[232.24, 21]","[231.14, 28]","[251.38, 13]","[369.78, 9]",241.81,71,19.15,0.38
07:41:19,"[232.0, 43]","[230.12, 32]","[248.75, 32]","[425.0, 16]",240.38,123,16.75,0.22
07:41:20,"[230.0, 14]","[226.57, 56]","[246.58, 24]","[593.24, 25]",238.29,119,16.58,0.18
07:41:21,"[231.53, 15]","[226.82, 34]","[245.11, 27]","[423.23, 39]",238.32,115,13.58,-0.15
07:41:22,"[230.21, 117]","[228.17, 70]","[243.09, 33]","[290.32, 44]",236.65,264,12.89,0.42
07:41:23,"[231.04, 69]","[228.67, 30]","[245.43, 14]","[282.0, 7]",238.24,120,14.39,0.65
07:41:24,"[238.0, 87]","[230.0, 116]","[244.1, 20]","[558.41, 17]",241.05,240,6.1,0.69
07:41:25,"[238.0, 64]","[230.0, 96]","[241.88, 16]","[445.09, 11]",239.94,187,3.88,0.71
07:41:26,"[238.0, 48]","[230.0, 64]","[241.0, 12]","[423.6, 10]",239.5,134,3.0,0.67
07:41:27,"[238.0, 99]","[230.0, 130]","[241.0, 26]","[350.74, 19]",239.5,274,3.0,0.67
07:41:28,"[231.29, 150]","[229.86, 118]","[240.6, 30]","[426.45, 22]",235.95,320,9.31,0.68
07:41:29,"[231.0, 172]","[230.0, 140]","[233.14, 28]","[321.89, 27]",232.07,367,2.14,0.7
07:41:30,"[230.9, 98]","[229.92, 104]","[385.35, 20]","[537.82, 17]",308.12,239,154.45,0.69
07:41:31,"[231.39, 76]","[230.0, 110]","[403.87, 15]","[493.92, 13]",317.63,214,172.47,0.74
07:41:32,"[235.44, 54]","[230.01, 91]","[369.4, 10]","[448.3, 10]",302.42,165,133.96,0.76
07:41:33,"[236.0, 33]","[231.0, 11]","[297.47, 15]","[362.91, 11]",266.73,70,61.47,0.26
07:41:34,"[236.6, 15]","[231.0, 5]","[297.0, 10]","[298.0, 5]",266.8,35,60.4,0.14
07:41:35,"[237.0, 15]","[231.0, 5]","[296.8, 10]","[298.0, 5]",266.9,35,59.8,0.14
07:41:36,"[236.88, 32]","[234.43, 28]","[281.26, 19]","[283.85, 13]",259.07,92,44.39,0.3
07:41:37,"[235.0, 9]","[231.0, 9]","[271.3, 10]","[273.12, 17]",253.15,45,36.3,-0.2
07:41:38,"[235.29, 7]","[231.67, 6]","[269.2, 10]","[271.5, 8]",252.24,31,33.91,-0.16
07:41:39,"[236.0, 22]","[235.0, 11]","[268.45, 22]","[270.0, 11]",252.23,66,32.45,0.0
07:41:40,"[235.23, 26]","[231.77, 31]","[266.55, 22]","[267.33, 18]",250.89,97,31.31,0.18
07:41:41,"[230.15, 66]","[228.77, 130]","[261.58, 38]","[262.83, 24]",245.87,258,31.43,0.52
07:41:42,"[232.0, 21]","[229.84, 50]","[258.43, 14]","[259.75, 16]",245.21,101,26.43,0.41
07:41:43,"[232.88, 212]","[230.79, 61]","[253.17, 24]","[255.44, 16]",243.02,313,20.29,0.74
07:41:44,"[230.0, 53]","[228.0, 41]","[249.59, 17]","[250.62, 16]",239.79,127,19.59,0.48
07:41:45,"[230.54, 13]","[228.29, 49]","[246.12, 17]","[247.92, 13]",238.33,92,15.58,0.35
07:41:46,"[230.67, 9]","[228.44, 27]","[237.71, 14]","[242.57, 14]",234.19,64,7.05,0.12
07:41:47,"[230.0, 10]","[228.0, 70]","[231.82, 17]","[321.08, 13]",230.91,110,1.82,0.45
07:41:48,"[228.25, 56]","[227.78, 63]","[232.04, 23]","[294.74, 23]",230.15,165,3.79,0.44
07:41:49,"[228.0, 42]","[227.0, 12]","[233.0, 12]","[255.4, 10]",230.5,76,5.0,0.42
07:41:50,"[228.09, 90]","[227.47, 45]","[232.42, 38]","[307.5, 28]",230.25,201,4.33,0.34
07:41:51,"[228.46, 41]","[227.42, 52]","[232.0, 37]","[351.33, 18]",230.23,148,3.54,0.26
07:41:52,"[228.25, 48]","[226.67, 39]","[231.25, 20]","[243.09, 11]",229.75,118,3.0,0.47
07:41:53,"[229.0, 36]","[228.0, 109]","[251.7, 20]","[271.27, 11]",240.35,176,22.7,0.65
07:41:54,"[228.05, 155]","[226.67, 63]","[282.0, 9]","[283.0, 18]",255.03,245,53.95,0.78
07:41:55,"[228.0, 30]","[224.0, 18]","[280.67, 6]","[305.5, 24]",254.33,78,52.67,0.23
07:41:56,"[228.0, 80]","[224.0, 48]","[279.81, 16]","[353.12, 80]",253.91,224,51.81,0.14
07:41:57,"[228.92, 53]","[227.0, 60]","[279.0, 14]","[344.74, 39]",253.96,166,50.08,0.36
07:41:58,"[232.58, 36]","[228.0, 60]","[261.27, 15]","[298.69, 48]",246.93,159,28.68,0.21
07:41:59,"[231.75, 24]","[228.38, 40]","[276.5, 8]","[332.5, 20]",254.12,92,44.75,0.39
07:42:00,"[230.13, 38]","[228.11, 57]","[273.89, 28]","[425.6, 15]",252.01,138,43.76,0.38
07:42:01,"[228.0, 50]","[226.0, 120]","[272.05, 38]","[272.77, 22]",250.03,230,44.05,0.48
07:42:02,"[229.81, 202]","[227.43, 84]","[269.87, 46]","[270.21, 38]",249.84,370,40.06,0.55
07:42:03,"[230.0, 163]","[228.0, 55]","[235.25, 51]","[267.31, 51]",232.63,320,5.25,0.36
07:42:04,"[230.0, 30]","[228.0, 25]","[231.0, 25]","[303.67, 9]",230.5,89,1.0,0.24
07:42:05,"[230.0, 40]","[228.31, 51]","[231.0, 40]","[327.67, 9]",230.5,140,1.0,0.3
07:42:06,"[229.5, 40]","[227.5, 40]","[231.0, 40]","[245.0, 16]",230.25,136,1.5,0.18
07:42:07,"[228.0, 28]","[226.0, 40]","[231.0, 24]","[256.73, 11]",229.5,103,3.0,0.32
07:42:08,"[228.0, 36]","[226.0, 40]","[231.0, 8]","[283.75, 8]",229.5,92,3.0,0.65
07:42:09,"[226.3, 88]","[224.2, 50]","[232.31, 16]","[291.94, 17]",229.3,171,6.02,0.61
07:42:10,"[234.0, 90]","[225.41, 46]","[292.0, 12]","[538.82, 22]",263.0,170,58.0,0.6
07:42:11,"[238.0, 90]","[229.8, 25]","[439.78, 9]","[524.0, 18]",338.89,142,201.78,0.62
07:42:12,"[238.0, 100]","[235.0, 30]","[522.81, 16]","[600.85, 26]",380.41,172,284.81,0.51
07:42:13,"[238.0, 104]","[235.0, 33]","[369.0, 11]","[472.28, 25]",303.5,173,131.0,0.58
07:42:14,"[238.0, 72]","[235.89, 27]","[369.0, 9]","[404.29, 17]",303.5,125,131.0,0.58
07:42:15,"[238.0, 80]","[237.0, 30]","[291.61, 18]","[334.73, 15]",264.81,143,53.61,0.54
07:42:16,"[238.0, 102]","[237.0, 39]","[268.95, 37]","[274.71, 28]",253.47,206,30.95,0.37
07:42:17,"[238.0, 48]","[237.0, 24]","[268.0, 24]","[270.0, 16]",253.0,112,30.0,0.29
07:42:18,"[238.0, 66]","[237.0, 36]","[267.0, 36]","[270.0, 24]",252.5,162,29.0,0.26
07:42:19,"[238.0, 25]","[237.0, 33]","[264.73, 33]","[273.78, 18]",251.36,109,26.73,0.06
07:42:20,"[237.8, 10]","[236.6, 30]","[262.56, 16]","[266.0, 24]",250.18,80,24.76,0.0
07:42:21,"[237.0, 9]","[235.0, 27]","[260.55, 20]","[262.32, 22]",248.78,78,23.55,-0.08
07:42:22,"[237.0, 12]","[235.0, 36]","[255.69, 29]","[256.75, 36]",246.34,113,18.69,-0.15
07:42:23,"[236.23, 39]","[235.62, 64]","[249.62, 45]","[251.81, 27]",242.93,175,13.39,0.18
07:42:24,"[236.0, 130]","[235.0, 39]","[245.27, 30]","[247.0, 34]",240.63,233,9.27,0.45
07:42:25,"[236.0, 70]","[235.0, 21]","[242.37, 19]","[243.43, 23]",239.18,133,6.37,0.37
07:42:26,"[236.0, 131]","[235.0, 42]","[238.09, 45]","[239.56, 41]",237.04,259,2.09,0.34
07:42:27,"[234.16, 31]","[231.54, 96]","[236.88, 50]","[238.61, 41]",235.52,218,2.72,0.17
07:42:28,"[231.3, 100]","[230.74, 124]","[233.57, 21]","[235.74, 31]",232.44,276,2.27,0.62
07:42:29,"[231.0, 21]","[230.0, 54]","[232.0, 27]","[280.44, 9]",231.5,111,1.0,0.35
07:42:30,"[231.0, 140]","[230.0, 42]","[232.0, 21]","[652.0, 7]",231.5,210,1.0,0.73
07:42:31,"[231.0, 135]","[230.0, 48]","[380.59, 27]","[556.0, 17]",305.8,227,149.59,0.61
07:42:32,"[231.22, 111]","[230.46, 78]","[370.02, 41]","[380.87, 39]",300.62,269,138.81,0.41
07:42:33,"[231.81, 64]","[230.73, 118]","[308.11, 19]","[367.64, 25]",269.96,226,76.29,0.61
07:42:34,"[233.78, 18]","[231.0, 168]","[236.0, 9]","[362.79, 29]",234.89,224,2.22,0.66
07:42:35,"[231.0, 123]","[230.0, 32]","[278.5, 16]","[404.09, 22]",254.75,193,47.5,0.61
07:42:36,"[236.18, 104]","[230.88, 72]","[292.31, 16]","[355.62, 24]",264.25,216,56.13,0.63
07:42:37,"[238.0, 121]","[231.0, 99]","[244.77, 13]","[262.33, 27]",241.38,260,6.77,0.69
07:42:38,"[238.0, 80]","[231.0, 90]","[256.0, 10]","[355.5, 16]",247.0,196,18.0,0.73
07:42:39,"[238.0, 45]","[231.0, 135]","[322.67, 45]","[509.4, 15]",280.33,240,84.67,0.5
07:42:40,"[238.0, 27]","[231.0, 81]","[322.0, 27]","[427.0, 25]",280.0,160,84.0,0.35
07:42:41,"[238.0, 42]","[231.0, 126]","[320.14, 42]","[322.0, 42]",279.07,252,82.14,0.33
07:42:42,"[236.6, 57]","[230.98, 146]","[318.41, 51]","[319.59, 51]",277.5,305,81.82,0.33
07:42:43,"[231.13, 61]","[230.33, 49]","[315.0, 39]","[317.0, 39]",273.07,188,83.87,0.17
07:42:44,"[231.82, 67]","[230.83, 53]","[296.43, 40]","[299.66, 38]",264.12,198,64.6,0.21
07:42:45,"[232.0, 95]","[231.0, 76]","[260.86, 58]","[262.49, 68]",246.43,297,28.86,0.15
07:42:46,"[232.78, 45]","[231.6, 40]","[241.0, 48]","[261.2, 60]",236.89,193,8.22,-0.12
07:42:47,"[234.8, 30]","[232.0, 58]","[273.33, 49]","[306.52, 62]",254.06,199,38.53,-0.12
07:42:48,"[233.0, 24]","[230.83, 48]","[296.7, 30]","[322.16, 49]",264.85,151,63.7,-0.05
07:42:49,"[234.68, 38]","[230.22, 54]","[294.55, 33]","[302.7, 37]",264.61,162,59.86,0.14
07:42:50,"[234.41, 41]","[230.15, 82]","[291.23, 48]","[292.59, 49]",262.82,220,56.81,0.12
07:42:51,"[230.11, 74]","[229.26, 108]","[246.47, 34]","[279.46, 39]",238.29,255,16.36,0.43
07:42:52,"[230.0, 23]","[229.0, 80]","[231.0, 30]","[232.6, 20]",230.5,153,1.0,0.35
07:42:53,"[229.67, 24]","[228.93, 69]","[231.0, 27]","[233.0, 18]",230.33,138,1.33,0.35
07:42:54,"[229.0, 77]","[228.0, 50]","[230.4, 30]","[233.0, 20]",229.7,177,1.4,0.44
07:42:55,"[229.0, 28]","[228.0, 50]","[231.23, 26]","[301.87, 23]",230.12,127,2.23,0.23
07:42:56,"[229.0, 5]","[228.0, 25]","[234.0, 10]","[390.0, 21]",231.5,61,5.0,-0.02
07:42:57,"[229.0, 6]","[228.0, 30]","[234.0, 12]","[575.0, 12]",231.5,60,5.0,0.2
07:42:58,"[229.0, 5]","[228.0, 25]","[234.0, 10]","[351.86, 14]",231.5,54,5.0,0.11
07:42:59,"[228.0, 25]","[225.0, 65]","[232.33, 12]","[506.8, 10]",230.17,112,4.33,0.61
07:43:00,"[228.0, 60]","[225.0, 156]","[229.0, 44]","[234.92, 24]",228.5,284,1.0,0.52
07:43:01,"[225.22, 73]","[189.69, 81]","[229.0, 14]","[235.0, 14]",227.11,182,3.78,0.69
07:43:02,"[227.0, 24]","[225.0, 130]","[233.0, 20]","[276.0, 18]",230.0,192,6.0,0.6
07:43:03,"[227.0, 20]","[199.99, 91]","[234.0, 30]","[346.67, 15]",230.5,156,7.0,0.42
07:43:04,"[227.55, 22]","[221.82, 17]","[232.53, 49]","[268.95, 19]",230.04,107,4.99,-0.27
07:43:05,"[228.0, 28]","[227.0, 28]","[231.41, 56]","[232.37, 54]",229.71,166,3.41,-0.33
07:43:06,"[226.17, 24]","[209.95, 19]","[228.06, 17]","[230.06, 31]",227.11,91,1.89,-0.05
07:43:07,"[225.0, 18]","[164.85, 13]","[232.24, 33]","[234.78, 18]",228.62,82,7.24,-0.24
07:43:08,"[226.38, 69]","[218.79, 66]","[229.94, 16]","[232.22, 45]",228.16,196,3.56,0.38
07:43:09,"[226.38, 160]","[220.0, 32]","[228.03, 31]","[230.05, 19]",227.2,242,1.66,0.59
07:43:10,"[228.18, 44]","[226.13, 52]","[231.5, 16]","[232.78, 9]",229.84,121,3.32,0.59
07:43:11,"[231.0, 120]","[230.0, 12]","[232.5, 16]","[236.2, 20]",231.75,168,1.5,0.57
07:43:12,"[232.18, 110]","[230.0, 11]","[235.5, 16]","[265.38, 37]",233.84,174,3.32,0.39
07:43:13,"[233.66, 87]","[230.0, 10]","[237.0, 20]","[525.2, 50]",235.33,167,3.34,0.16
07:43:14,"[235.0, 53]","[230.0, 9]","[237.0, 18]","[523.79, 39]",236.0,119,2.0,0.04
07:43:15,"[235.0, 6]","[230.0, 6]","[237.0, 12]","[443.0, 30]",236.0,54,2.0,-0.56
07:43:16,"[230.83, 6]","[227.12, 26]","[235.85, 13]","[441.33, 18]",233.34,63,5.01,0.02
07:43:17,"[230.0, 7]","[227.0, 35]","[234.0, 25]","[236.0, 14]",232.0,81,4.0,0.04
07:43:18,"[224.25, 16]","[221.14, 28]","[289.3, 50]","[436.96, 47]",256.77,141,65.05,-0.38
07:43:19,"[220.0, 18]","[173.76, 17]","[239.33, 18]","[337.11, 45]",229.67,98,19.33,-0.29
07:43:20,"[222.86, 21]","[212.32, 25]","[254.0, 60]","[517.33, 60]",238.43,166,31.14,-0.45
07:43:21,"[228.57, 21]","[227.14, 7]","[254.0, 35]","[395.14, 35]",241.29,98,25.43,-0.43
07:43:22,"[229.0, 12]","[228.0, 8]","[254.0, 40]","[643.12, 40]",241.5,100,25.0,-0.6
07:43:23,"[230.6, 15]","[229.0, 5]","[254.0, 25]","[259.0, 25]",242.3,70,23.4,-0.43
07:43:24,"[232.89, 27]","[229.0, 9]","[355.67, 45]","[517.67, 45]",294.28,126,122.78,-0.43
07:43:25,"[234.0, 21]","[229.0, 7]","[357.0, 20]","[558.71, 35]",295.5,83,123.0,-0.33
07:43:26,"[234.0, 24]","[229.0, 8]","[235.0, 16]","[533.05, 38]",234.5,86,1.0,-0.26
07:43:27,"[234.0, 15]","[229.0, 5]","[235.0, 10]","[312.0, 25]",234.5,55,1.0,-0.27
07:43:28,"[233.25, 48]","[231.27, 37]","[311.79, 57]","[455.65, 57]",272.52,199,78.54,-0.15
07:43:29,"[231.46, 28]","[228.44, 9]","[310.89, 27]","[354.33, 45]",271.18,109,79.42,-0.32
07:43:30,"[235.0, 20]","[228.5, 10]","[309.5, 30]","[329.92, 36]",272.25,96,74.5,-0.38
07:43:31,"[237.0, 50]","[229.99, 213]","[307.22, 54]","[308.22, 54]",272.11,371,70.22,0.42
07:43:32,"[237.0, 12]","[230.0, 84]","[305.79, 19]","[306.83, 18]",271.39,133,68.79,0.44
07:43:33,"[237.0, 24]","[230.0, 168]","[301.02, 42]","[301.98, 41]",269.01,275,64.02,0.4
07:43:34,"[237.0, 26]","[230.05, 156]","[297.15, 39]","[299.0, 52]",267.08,273,60.15,0.33
07:43:35,"[237.0, 25]","[234.0, 16]","[291.66, 50]","[292.81, 52]",264.33,143,54.66,-0.43
07:43:36,"[232.62, 16]","[230.08, 100]","[288.27, 33]","[289.33, 27]",260.45,176,55.65,0.32
07:43:37,"[231.44, 39]","[229.99, 198]","[286.22, 51]","[287.35, 51]",258.83,339,54.78,0.4
07:43:38,"[230.35, 68]","[229.88, 69]","[283.0, 27]","[285.0, 27]",256.68,191,52.65,0.43
07:43:39,"[232.5, 40]","[230.0, 130]","[282.43, 35]","[284.0, 30]",257.46,235,49.93,0.45
07:43:40,"[231.81, 54]","[230.17, 109]","[281.16, 37]","[282.03, 33]",256.49,233,49.35,0.4
07:43:41,"[231.0, 48]","[230.0, 104]","[274.52, 25]","[278.93, 29]",252.76,206,43.52,0.48
07:43:42,"[230.33, 55]","[229.92, 71]","[231.86, 14]","[232.86, 14]",231.09,154,1.53,0.64
07:43:43,"[229.85, 67]","[228.67, 60]","[231.67, 15]","[240.27, 26]",230.76,168,1.82,0.51
07:43:44,"[231.79, 189]","[229.54, 96]","[236.0, 36]","[277.0, 54]",233.89,375,4.21,0.52
07:43:45,"[234.0, 145]","[230.04, 49]","[235.17, 36]","[249.07, 29]",234.58,259,1.17,0.5
07:43:46,"[234.0, 78]","[232.0, 11]","[236.08, 26]","[409.44, 36]",235.04,151,2.08,0.18
07:43:47,"[234.0, 30]","[232.0, 5]","[402.0, 16]","[484.53, 17]",318.0,68,168.0,0.03
07:43:48,"[234.0, 36]","[232.0, 6]","[315.11, 27]","[463.14, 21]",274.56,90,81.11,-0.07
07:43:49,"[234.0, 52]","[232.0, 9]","[345.0, 27]","[600.88, 41]",289.5,129,111.0,-0.05
07:43:50,"[234.0, 40]","[232.0, 10]","[245.31, 39]","[356.74, 31]",239.65,120,11.31,-0.17
07:43:51,"[234.2, 50]","[232.57, 14]","[237.0, 44]","[345.0, 33]",235.6,141,2.8,-0.09
07:43:52,"[235.0, 90]","[234.0, 36]","[237.0, 36]","[375.44, 27]",236.0,189,2.0,0.33
07:43:53,"[235.0, 72]","[234.0, 32]","[236.5, 32]","[263.67, 36]",235.75,172,1.5,0.21
07:43:54,"[235.0, 78]","[234.0, 56]","[237.41, 32]","[275.31, 62]",236.2,228,2.41,0.18
07:43:55,"[235.0, 14]","[234.0, 28]","[241.0, 28]","[247.86, 21]",238.0,91,6.0,-0.08
07:43:56,"[235.0, 24]","[234.0, 36]","[241.0, 36]","[246.0, 27]",238.0,123,6.0,-0.02
07:43:57,"[235.0, 36]","[234.0, 48]","[240.35, 34]","[289.4, 53]",237.68,171,5.35,-0.02
07:43:58,"[235.24, 34]","[234.12, 50]","[237.31, 26]","[241.0, 52]",236.27,162,2.07,0.04
07:43:59,"[234.24, 42]","[233.43, 28]","[239.22, 18]","[243.0, 49]",236.73,137,4.98,0.02
07:44:00,"[234.0, 28]","[232.0, 7]","[243.0, 7]","[244.0, 28]",238.5,70,9.0,0.0
07:44:01,"[234.0, 20]","[232.0, 5]","[243.0, 5]","[244.0, 20]",238.5,50,9.0,0.0
07:44:02,"[234.0, 28]","[232.0, 7]","[243.0, 7]","[244.0, 28]",238.5,70,9.0,0.0
07:44:03,"[234.0, 40]","[232.0, 10]","[242.02, 44]","[243.71, 34]",238.01,128,8.02,-0.22
07:44:04,"[234.0, 40]","[232.0, 12]","[240.37, 49]","[242.27, 15]",237.18,116,6.37,-0.1
07:44:05,"[233.88, 17]","[231.33, 12]","[240.0, 36]","[241.33, 9]",236.94,74,6.12,-0.22
07:44:06,"[231.35, 17]","[229.81, 54]","[240.0, 48]","[241.0, 12]",235.68,131,8.65,0.08
07:44:07,"[231.7, 30]","[230.0, 40]","[240.0, 40]","[241.0, 10]",235.85,120,8.3,0.17
07:44:08,"[233.14, 42]","[230.0, 56]","[238.36, 56]","[241.0, 14]",235.75,168,5.21,0.17
07:44:09,"[234.0, 30]","[230.0, 40]","[237.5, 40]","[240.5, 10]",235.75,120,3.5,0.17
07:44:10,"[230.52, 46]","[229.1, 78]","[235.58, 48]","[237.1, 39]",233.05,211,5.06,0.18
07:44:11,"[230.38, 32]","[229.41, 59]","[234.0, 44]","[235.0, 44]",232.19,179,3.62,0.02
07:44:12,"[230.53, 19]","[229.24, 83]","[233.57, 56]","[234.57, 56]",232.05,214,3.05,-0.05
07:44:13,"[230.0, 7]","[229.0, 49]","[233.0, 28]","[234.0, 28]",231.5,112,3.0,0.0
07:44:14,"[229.03, 86]","[227.47, 43]","[231.0, 56]","[234.04, 53]",230.02,238,1.97,0.08
07:44:15,"[229.0, 48]","[226.0, 24]","[231.93, 45]","[237.08, 13]",230.47,130,2.93,0.11
07:44:16,"[227.8, 10]","[225.32, 38]","[230.0, 32]","[237.25, 8]",228.9,88,2.2,0.09
07:44:17,"[226.67, 18]","[225.41, 83]","[229.54, 13]","[235.73, 33]",228.1,147,2.87,0.37
07:44:18,"[228.0, 10]","[227.0, 40]","[230.0, 10]","[239.0, 30]",229.0,90,2.0,0.11
07:44:19,"[228.83, 24]","[227.16, 19]","[231.8, 10]","[239.15, 26]",230.32,79,2.97,0.09
07:44:20,"[228.0, 11]","[226.0, 22]","[239.0, 44]","[241.0, 22]",233.5,99,11.0,-0.33
07:44:21,"[229.3, 20]","[227.26, 23]","[239.0, 40]","[241.0, 20]",234.15,103,9.7,-0.17
07:44:22,"[233.09, 67]","[231.42, 67]","[237.64, 66]","[238.94, 36]",235.36,236,4.55,0.14
07:44:23,"[235.18, 55]","[232.4, 52]","[237.47, 38]","[239.93, 28]",236.33,173,2.29,0.24
07:44:24,"[235.0, 55]","[232.18, 33]","[237.64, 22]","[239.91, 22]",236.32,132,2.64,0.33
07:44:25,"[235.0, 51]","[233.0, 36]","[236.19, 21]","[237.17, 24]",235.6,132,1.19,0.32
07:44:26,"[234.25, 32]","[231.62, 29]","[240.12, 34]","[243.8, 25]",237.18,120,5.87,0.02
07:44:27,"[234.3, 43]","[232.69, 32]","[243.0, 55]","[247.0, 22]",238.65,152,8.7,-0.01
07:44:28,"[233.37, 41]","[230.96, 24]","[241.28, 47]","[242.82, 56]",237.32,168,7.91,-0.23
07:44:29,"[229.0, 40]","[228.0, 8]","[239.25, 40]","[241.0, 24]",234.12,112,10.25,-0.14
07:44:30,"[229.0, 50]","[228.0, 10]","[237.64, 44]","[239.17, 36]",233.32,140,8.64,-0.14
07:44:31,"[229.86, 37]","[229.18, 17]","[234.31, 49]","[235.31, 39]",232.09,142,4.44,-0.24
07:44:32,"[231.17, 48]","[229.95, 21]","[233.0, 24]","[234.0, 36]",232.08,129,1.83,0.07
07:44:33,"[229.86, 22]","[226.5, 20]","[232.02, 43]","[237.14, 49]",230.94,134,2.16,-0.37
07:44:34,"[226.0, 10]","[224.0, 20]","[230.12, 26]","[236.06, 34]",228.06,90,4.12,-0.33
07:44:35,"[226.0, 12]","[224.0, 24]","[227.17, 36]","[230.67, 12]",226.58,84,1.17,-0.14
07:44:36,"[224.41, 22]","[221.69, 35]","[229.7, 23]","[236.05, 37]",227.05,117,5.29,-0.03
07:44:37,"[228.41, 116]","[226.54, 13]","[230.17, 24]","[232.0, 12]",229.29,165,1.75,0.56
07:44:38,"[229.0, 34]","[227.0, 6]","[231.33, 9]","[235.33, 9]",230.17,58,2.33,0.38
07:44:39,"[229.0, 16]","[227.0, 4]","[234.0, 4]","[236.0, 8]",231.5,32,5.0,0.25
07:44:40,"[229.0, 34]","[227.0, 10]","[234.0, 10]","[236.0, 20]",231.5,74,5.0,0.19
07:44:41,"[229.0, 8]","[227.0, 8]","[234.0, 8]","[236.0, 16]",231.5,40,5.0,-0.2
07:44:42,"[229.12, 8]","[227.25, 8]","[234.0, 8]","[236.81, 31]",231.56,55,4.88,-0.42
07:44:43,"[230.0, 5]","[229.0, 5]","[234.0, 5]","[236.0, 20]",232.0,35,4.0,-0.43
07:44:44,"[230.0, 9]","[229.0, 9]","[234.0, 9]","[236.0, 36]",232.0,63,4.0,-0.43
07:44:45,"[230.27, 22]","[229.16, 19]","[234.0, 19]","[236.0, 76]",232.14,136,3.73,-0.4
07:44:46,"[231.0, 18]","[230.0, 9]","[234.0, 9]","[236.0, 36]",232.5,72,3.0,-0.25
07:44:47,"[232.57, 28]","[231.29, 24]","[234.42, 19]","[236.08, 65]",233.5,136,1.85,-0.24
07:44:48,"[232.67, 24]","[228.43, 14]","[235.66, 29]","[237.02, 49]",234.16,116,2.99,-0.34
07:44:49,"[229.0, 12]","[227.0, 12]","[233.25, 12]","[234.5, 12]",231.12,48,4.25,0.0
07:44:50,"[228.71, 14]","[226.0, 16]","[231.36, 14]","[233.29, 14]",230.04,58,2.64,0.03
07:44:51,"[228.75, 137]","[225.1, 21]","[235.31, 16]","[239.18, 44]",232.03,218,6.56,0.45
07:44:52,"[229.53, 131]","[228.76, 68]","[234.38, 13]","[236.0, 13]",231.96,225,4.85,0.77
07:44:53,"[232.13, 130]","[230.77, 103]","[238.11, 18]","[242.26, 23]",235.12,274,5.98,0.7
07:44:54,"[234.0, 88]","[231.4, 35]","[237.0, 22]","[243.0, 22]",235.5,167,3.0,0.47
07:44:55,"[234.0, 56]","[233.0, 7]","[237.0, 14]","[243.0, 14]",235.5,91,3.0,0.38
07:44:56,"[234.0, 80]","[233.0, 10]","[237.0, 20]","[240.9, 20]",235.5,130,3.0,0.38
07:44:57,"[234.0, 48]","[233.0, 6]","[237.0, 12]","[240.0, 12]",235.5,78,3.0,0.38
07:44:58,"[234.0, 48]","[233.0, 6]","[237.0, 12]","[240.0, 12]",235.5,78,3.0,0.38
07:44:59,"[234.0, 80]","[233.0, 10]","[237.0, 20]","[240.0, 20]",235.5,130,3.0,0.38
07:45:00,"[234.0, 88]","[233.0, 11]","[235.93, 14]","[237.82, 22]",234.96,135,1.93,0.47
07:45:01,"[234.0, 65]","[233.0, 11]","[237.0, 22]","[243.75, 32]",235.5,130,3.0,0.17
07:45:02,"[232.09, 55]","[229.94, 17]","[237.0, 28]","[243.53, 43]",234.55,143,4.91,0.01
07:45:03,"[233.19, 21]","[231.66, 35]","[237.0, 30]","[239.0, 60]",235.1,146,3.81,-0.23
07:45:04,"[234.62, 8]","[231.74, 19]","[237.0, 16]","[239.0, 32]",235.81,75,2.38,-0.28
07:45:05,"[232.5, 16]","[230.42, 24]","[235.81, 59]","[238.22, 46]",234.16,145,3.31,-0.45
07:45:06,"[228.13, 23]","[225.44, 79]","[234.2, 75]","[237.73, 30]",231.17,207,6.07,-0.01
07:45:07,"[229.84, 74]","[225.32, 56]","[233.33, 60]","[237.93, 30]",231.59,220,3.5,0.18
07:45:08,"[225.3, 47]","[224.92, 61]","[237.0, 12]","[238.0, 24]",231.15,144,11.7,0.5
07:45:09,"[227.0, 8]","[225.0, 64]","[237.0, 8]","[238.0, 16]",232.0,96,10.0,0.5
07:45:10,"[225.26, 23]","[224.71, 28]","[237.25, 8]","[238.25, 16]",231.26,75,11.99,0.36
07:45:11,"[231.55, 11]","[224.94, 31]","[238.0, 14]","[239.0, 28]",234.77,84,6.45,0.0
07:45:12,"[237.0, 9]","[228.36, 25]","[238.0, 18]","[239.0, 36]",237.5,88,1.0,-0.23
07:45:13,"[237.0, 10]","[229.5, 24]","[238.0, 20]","[239.0, 40]",237.5,94,1.0,-0.28
07:45:14,"[237.0, 9]","[225.0, 34]","[238.0, 18]","[239.0, 40]",237.5,101,1.0,-0.15
07:45:15,"[237.0, 10]","[225.0, 10]","[238.0, 20]","[239.0, 64]",237.5,104,1.0,-0.62
07:45:16,"[237.0, 11]","[225.0, 11]","[238.0, 22]","[239.0, 44]",237.5,88,1.0,-0.5
07:45:17,"[231.5, 10]","[225.88, 24]","[238.0, 12]","[242.43, 14]",234.75,60,6.5,0.13
07:45:18,"[226.0, 80]","[225.0, 16]","[237.38, 32]","[238.21, 28]",231.69,156,11.38,0.23
07:45:19,"[226.0, 40]","[225.0, 8]","[235.62, 16]","[237.65, 17]",230.81,81,9.62,0.19
07:45:20,"[226.0, 65]","[225.0, 13]","[233.38, 26]","[235.0, 26]",229.69,130,7.38,0.2
07:45:21,"[227.24, 54]","[226.35, 20]","[231.28, 29]","[233.26, 27]",229.26,130,4.04,0.14
07:45:22,"[227.76, 41]","[226.05, 42]","[229.38, 21]","[231.47, 17]",228.57,121,1.62,0.37
07:45:23,"[226.0, 65]","[222.0, 13]","[233.8, 30]","[237.57, 28]",229.9,136,7.8,0.15
07:45:24,"[230.38, 42]","[226.0, 44]","[237.0, 86]","[238.0, 80]",233.69,252,6.62,-0.32
07:45:25,"[233.5, 16]","[232.38, 24]","[237.0, 84]","[238.0, 56]",235.25,180,3.5,-0.56
07:45:26,"[235.0, 25]","[232.74, 19]","[237.0, 66]","[238.0, 44]",236.0,154,2.0,-0.43
07:45:27,"[236.0, 12]","[235.0, 24]","[237.0, 72]","[238.0, 48]",236.5,156,1.0,-0.54
07:45:28,"[233.53, 34]","[234.0, 18]","[237.0, 48]","[238.0, 32]",235.26,132,3.47,-0.21
07:45:29,"[233.22, 108]","[232.57, 49]","[237.0, 54]","[238.0, 36]",235.11,247,3.78,0.27
07:45:30,"[234.0, 88]","[232.0, 33]","[237.0, 66]","[238.0, 44]",235.5,231,3.0,0.05
07:45:31,"[234.0, 104]","[232.0, 39]","[237.56, 57]","[239.78, 36]",235.78,236,3.56,0.21
07:45:32,"[234.0, 80]","[232.0, 30]","[238.0, 40]","[242.0, 20]",236.0,170,4.0,0.29
07:45:33,"[234.0, 112]","[232.0, 42]","[238.0, 56]","[242.0, 28]",236.0,238,4.0,0.29
07:45:34,"[234.0, 96]","[232.0, 36]","[236.72, 36]","[238.75, 32]",235.36,200,2.72,0.32
07:45:35,"[234.0, 70]","[232.0, 30]","[235.0, 30]","[239.33, 30]",234.5,160,1.0,0.25
07:45:36,"[234.0, 33]","[232.0, 33]","[240.43, 23]","[241.44, 36]",237.22,125,6.43,0.06
07:45:37,"[231.35, 34]","[231.0, 24]","[238.33, 12]","[241.0, 48]",234.84,118,6.98,-0.02
07:45:38,"[229.0, 15]","[228.0, 5]","[238.0, 5]","[241.0, 20]",233.5,45,9.0,-0.11
07:45:39,"[229.0, 21]","[228.0, 7]","[237.14, 7]","[240.57, 28]",233.07,63,8.14,-0.11
07:45:40,"[229.0, 21]","[228.0, 7]","[237.0, 7]","[240.0, 28]",233.0,63,8.0,-0.11
07:45:41,"[229.0, 39]","[228.0, 16]","[235.88, 16]","[240.0, 64]",232.44,135,6.88,-0.19
07:45:42,"[229.71, 21]","[228.77, 13]","[235.0, 8]","[240.67, 24]",232.36,66,5.29,0.03
07:45:43,"[230.0, 45]","[229.0, 51]","[233.73, 15]","[239.21, 56]",231.87,167,3.73,0.15
07:45:44,"[230.0, 24]","[229.0, 72]","[232.62, 8]","[238.0, 32]",231.31,136,2.62,0.41
07:45:45,"[230.0, 27]","[229.0, 81]","[231.44, 9]","[237.33, 36]",230.72,153,1.44,0.41
07:45:46,"[230.0, 33]","[229.0, 108]","[233.86, 21]","[236.86, 42]",231.93,204,3.86,0.38
07:45:47,"[230.54, 35]","[229.28, 57]","[236.0, 60]","[238.0, 30]",233.27,182,5.46,0.01
07:45:48,"[235.0, 7]","[229.0, 14]","[236.0, 28]","[238.0, 21]",235.5,70,1.0,-0.4
07:45:49,"[231.0, 12]","[228.22, 36]","[236.0, 32]","[238.0, 24]",233.5,104,5.0,-0.08
07:45:50,"[229.0, 16]","[228.0, 56]","[236.0, 32]","[238.0, 24]",232.5,128,7.0,0.12
07:45:51,"[229.0, 18]","[228.0, 63]","[236.52, 33]","[252.41, 27]",232.76,141,7.52,0.15
07:45:52,"[230.56, 36]","[228.53, 30]","[236.0, 20]","[237.0, 50]",233.28,136,5.44,-0.03
07:45:53,"[232.61, 72]","[229.0, 36]","[235.88, 64]","[281.77, 57]",234.24,229,3.26,-0.06
07:45:54,"[234.0, 40]","[229.11, 19]","[237.0, 60]","[384.8, 20]",235.5,139,3.0,-0.15
07:45:55,"[234.0, 36]","[231.0, 9]","[237.0, 9]","[238.0, 45]",235.5,99,3.0,-0.09
07:45:56,"[234.0, 44]","[231.0, 11]","[237.0, 11]","[238.0, 55]",235.5,121,3.0,-0.09
07:45:57,"[234.0, 32]","[231.0, 8]","[237.0, 8]","[238.0, 40]",235.5,88,3.0,-0.09
07:45:58,"[234.0, 56]","[231.0, 14]","[237.0, 14]","[238.0, 70]",235.5,154,3.0,-0.09
07:45:59,"[232.82, 17]","[231.38, 13]","[237.0, 13]","[238.0, 65]",234.91,108,4.18,-0.44
07:46:00,"[229.0, 14]","[226.0, 72]","[233.78, 23]","[235.97, 30]",231.39,139,4.78,0.24
07:46:01,"[226.63, 19]","[225.51, 43]","[232.73, 33]","[236.0, 44]",229.68,139,6.1,-0.11
07:46:02,"[226.98, 224]","[225.14, 14]","[231.0, 42]","[234.07, 45]",228.99,325,4.02,0.46
07:46:03,"[227.58, 154]","[227.95, 226]","[230.38, 48]","[231.86, 42]",228.98,470,2.79,0.62
07:46:04,"[230.0, 13]","[228.0, 286]","[233.0, 26]","[235.94, 62]",231.5,387,3.0,0.55
07:46:05,"[228.46, 208]","[227.95, 37]","[231.57, 35]","[235.82, 68]",230.02,348,3.11,0.41
07:46:06,"[228.09, 145]","[227.7, 220]","[230.9, 61]","[231.81, 21]",229.5,447,2.81,0.63
07:46:07,"[228.17, 53]","[227.98, 200]","[230.98, 51]","[233.0, 15]",229.58,319,2.81,0.59
07:46:08,"[228.0, 286]","[226.0, 13]","[231.0, 65]","[236.04, 49]",229.5,413,3.0,0.45
07:46:09,"[227.99, 152]","[222.14, 14]","[230.0, 45]","[237.0, 36]",228.99,247,2.01,0.34
07:46:10,"[226.3, 10]","[217.6, 45]","[229.0, 50]","[237.0, 40]",227.65,145,2.7,-0.24
07:46:11,"[227.0, 13]","[226.0, 13]","[228.38, 65]","[237.0, 52]",227.69,143,1.38,-0.64
07:46:12,"[226.23, 13]","[219.85, 13]","[235.39, 84]","[238.88, 32]",230.81,142,9.16,-0.63
07:46:13,"[228.4, 30]","[220.0, 8]","[237.0, 40]","[240.0, 16]",232.7,94,8.6,-0.19
07:46:14,"[229.0, 168]","[219.93, 43]","[236.0, 56]","[237.0, 70]",232.5,337,7.0,0.25
07:46:15,"[229.0, 204]","[224.87, 124]","[236.0, 143]","[239.25, 40]",232.5,511,7.0,0.28
07:46:16,"[229.0, 108]","[226.0, 72]","[236.0, 81]","[241.78, 18]",232.5,279,7.0,0.29
07:46:17,"[229.0, 112]","[226.0, 80]","[235.75, 73]","[238.96, 27]",232.38,292,6.75,0.32
07:46:18,"[229.32, 117]","[227.75, 154]","[232.59, 44]","[235.18, 76]",230.95,391,3.27,0.39
07:46:19,"[229.0, 101]","[226.0, 88]","[235.74, 47]","[236.83, 60]",232.37,296,6.74,0.28
07:46:20,"[229.0, 108]","[226.0, 104]","[236.46, 71]","[237.57, 70]",232.73,353,7.46,0.2
07:46:21,"[229.0, 53]","[226.0, 104]","[237.0, 42]","[238.0, 101]",233.0,300,8.0,0.05
07:46:22,"[229.0, 8]","[226.0, 64]","[237.0, 51]","[238.0, 37]",233.0,160,8.0,-0.1
07:46:23,"[229.0, 8]","[226.0, 64]","[237.0, 56]","[238.0, 32]",233.0,160,8.0,-0.1
07:46:24,"[226.0, 30]","[218.0, 6]","[237.0, 42]","[238.0, 24]",231.5,102,11.0,-0.29
07:46:25,"[226.02, 61]","[220.35, 17]","[236.1, 79]","[236.84, 58]",231.06,215,10.08,-0.27
07:46:26,"[227.4, 20]","[226.0, 100]","[233.05, 80]","[236.0, 179]",230.23,379,5.65,-0.37
07:46:27,"[228.0, 17]","[226.0, 85]","[231.0, 73]","[236.0, 58]",229.5,233,3.0,-0.12
07:46:28,"[227.59, 17]","[225.61, 61]","[231.0, 57]","[236.0, 26]",229.29,161,3.41,-0.03
07:46:29,"[223.51, 68]","[222.87, 30]","[231.0, 40]","[236.0, 20]",227.26,158,7.49,0.24
07:46:30,"[223.74, 70]","[222.97, 147]","[230.0, 60]","[232.16, 50]",226.87,327,6.26,0.33
07:46:31,"[224.26, 57]","[222.96, 135]","[227.71, 45]","[231.67, 54]",225.99,291,3.45,0.32
07:46:32,"[222.54, 52]","[219.17, 12]","[225.33, 12]","[232.5, 24]",223.94,100,2.79,0.28
07:46:33,"[220.0, 14]","[217.0, 14]","[227.7, 27]","[232.21, 38]",223.85,93,7.7,-0.4
07:46:34,"[229.81, 37]","[224.2, 20]","[232.0, 31]","[233.0, 32]",230.91,120,2.19,-0.05
07:46:35,"[231.0, 36]","[228.0, 24]","[232.0, 24]","[233.0, 24]",231.5,108,1.0,0.11
07:46:36,"[231.0, 18]","[228.0, 12]","[232.0, 12]","[233.0, 12]",231.5,54,1.0,0.11
07:46:37,"[231.0, 24]","[228.0, 16]","[232.0, 16]","[233.0, 16]",231.5,72,1.0,0.11
07:46:38,"[231.0, 33]","[228.0, 22]","[232.15, 26]","[233.16, 19]",231.58,100,1.15,0.1
07:46:39,"[231.0, 36]","[228.0, 24]","[232.0, 48]","[234.97, 62]",231.5,170,1.0,-0.29
07:46:40,"[228.26, 35]","[226.02, 178]","[233.85, 40]","[265.21, 72]",231.05,325,5.59,0.31
07:46:41,"[228.0, 20]","[226.0, 110]","[420.86, 22]","[419.92, 13]",324.43,165,192.86,0.58
07:46:42,"[235.4, 80]","[226.19, 73]","[286.54, 65]","[408.52, 29]",260.97,247,51.14,0.24
07:46:43,"[236.0, 72]","[228.0, 9]","[249.0, 45]","[268.0, 45]",242.5,171,13.0,-0.05
07:46:44,"[236.0, 24]","[233.68, 38]","[249.0, 40]","[268.0, 40]",242.5,142,13.0,-0.13
07:46:45,"[236.0, 21]","[234.0, 42]","[251.25, 32]","[328.0, 20]",243.62,115,15.25,0.1
07:46:46,"[236.0, 39]","[234.0, 98]","[506.9, 50]","[558.31, 65]",371.45,252,270.9,0.09
07:46:47,"[236.0, 18]","[234.54, 13]","[563.83, 24]","[574.5, 40]",399.92,95,327.83,-0.35
07:46:48,"[236.0, 7]","[235.0, 7]","[327.45, 11]","[335.58, 31]",281.73,56,91.45,-0.5
07:46:49,"[236.0, 14]","[235.0, 14]","[315.85, 26]","[392.45, 66]",275.92,120,79.85,-0.53
07:46:50,"[236.0, 10]","[235.0, 10]","[313.2, 50]","[316.23, 26]",274.6,96,77.2,-0.58
07:46:51,"[236.0, 9]","[235.0, 9]","[302.8, 25]","[461.62, 29]",269.4,72,66.8,-0.5
07:46:52,"[236.0, 9]","[235.0, 9]","[317.93, 29]","[352.6, 25]",276.97,72,81.93,-0.5
07:46:53,"[234.5, 16]","[234.0, 8]","[317.38, 32]","[402.43, 14]",275.94,70,82.88,-0.31
07:46:54,"[234.0, 24]","[233.0, 8]","[322.5, 8]","[513.62, 32]",278.25,72,88.5,-0.11
07:46:55,"[234.0, 39]","[233.0, 13]","[281.23, 26]","[424.0, 46]",257.62,124,47.23,-0.16
07:46:56,"[231.6, 20]","[227.67, 36]","[249.79, 28]","[254.14, 28]",240.69,112,18.19,0.0
07:46:57,"[227.35, 31]","[226.38, 64]","[230.32, 28]","[235.04, 50]",228.84,173,2.97,0.1
07:46:58,"[227.7, 40]","[224.1, 40]","[235.13, 15]","[237.23, 35]",231.42,130,7.43,0.23
07:46:59,"[229.85, 13]","[224.46, 26]","[234.4, 5]","[237.0, 15]",232.12,59,4.55,0.32
07:47:00,"[225.0, 16]","[224.0, 56]","[231.4, 20]","[235.0, 12]",228.2,104,6.4,0.38
07:47:01,"[226.04, 46]","[224.99, 99]","[231.0, 42]","[233.0, 14]",228.52,201,4.96,0.44
07:47:02,"[227.8, 90]","[226.11, 90]","[230.11, 35]","[231.43, 21]",228.96,236,2.31,0.53
07:47:03,"[226.42, 31]","[222.04, 71]","[229.5, 12]","[235.0, 38]",227.96,152,3.08,0.34
07:47:04,"[225.69, 13]","[223.0, 13]","[228.85, 13]","[234.23, 39]",227.27,78,3.15,-0.33
07:47:05,"[227.0, 9]","[222.09, 33]","[233.78, 27]","[236.0, 34]",230.39,103,6.78,-0.18
07:47:06,"[221.24, 45]","[218.29, 68]","[233.71, 28]","[236.15, 26]",227.48,167,12.47,0.35
07:47:07,"[226.0, 24]","[220.0, 88]","[235.0, 16]","[237.0, 48]",230.5,176,9.0,0.27
07:47:08,"[226.09, 33]","[220.66, 95]","[235.0, 26]","[237.0, 78]",230.55,232,8.91,0.1
07:47:09,"[226.03, 34]","[221.9, 30]","[235.0, 24]","[237.0, 72]",230.51,160,8.97,-0.2
07:47:10,"[227.22, 69]","[224.35, 46]","[235.81, 37]","[254.58, 72]",231.51,224,8.59,0.03
07:47:11,"[228.0, 42]","[226.0, 36]","[235.74, 38]","[285.97, 35]",231.87,151,7.74,0.03
07:47:12,"[229.33, 12]","[226.25, 32]","[233.69, 39]","[234.5, 18]",231.51,101,4.36,-0.13
07:47:13,"[228.0, 18]","[226.4, 30]","[231.72, 40]","[233.31, 42]",229.86,130,3.72,-0.26
07:47:14,"[226.65, 34]","[224.93, 45]","[228.81, 47]","[231.09, 44]",227.73,170,2.16,-0.07
07:47:15,"[222.4, 30]","[218.37, 75]","[226.57, 14]","[228.47, 19]",224.49,138,4.17,0.52
07:47:16,"[222.0, 39]","[218.0, 104]","[225.06, 16]","[226.55, 20]",223.53,179,3.06,0.6
07:47:17,"[223.0, 142]","[222.0, 51]","[224.9, 60]","[225.82, 17]",223.95,270,1.9,0.43
07:47:18,"[223.0, 78]","[222.0, 69]","[225.27, 15]","[229.8, 15]",224.13,177,2.27,0.66
07:47:19,"[223.0, 56]","[220.5, 48]","[229.62, 16]","[233.89, 75]",226.31,195,6.62,0.07
07:47:20,"[223.87, 46]","[222.4, 45]","[231.0, 9]","[234.0, 45]",227.43,145,7.13,0.26
07:47:21,"[227.67, 67]","[221.62, 77]","[231.0, 15]","[234.0, 75]",229.34,234,3.33,0.23
07:47:22,"[229.0, 80]","[220.0, 66]","[233.25, 40]","[234.11, 56]",231.12,242,4.25,0.21
07:47:23,"[229.42, 38]","[223.26, 47]","[234.0, 55]","[235.0, 11]",231.71,151,4.58,0.13
07:47:24,"[223.78, 46]","[218.69, 26]","[229.88, 41]","[232.2, 41]",226.83,154,6.1,-0.06
07:47:25,"[218.1, 90]","[209.67, 43]","[228.05, 22]","[230.21, 73]",223.07,228,9.95,0.17
07:47:26,"[218.0, 98]","[164.43, 42]","[226.21, 14]","[228.0, 61]",222.11,215,8.21,0.3
07:47:27,"[218.0, 49]","[52.29, 21]","[226.96, 25]","[227.6, 10]",222.48,105,8.96,0.33
07:47:28,"[218.0, 26]","[40.0, 24]","[226.46, 26]","[227.43, 14]",222.23,90,8.46,0.11
07:47:29,"[218.0, 32]","[102.14, 59]","[226.09, 46]","[227.6, 20]",222.04,157,8.09,0.16
07:47:30,"[218.07, 70]","[144.82, 49]","[223.17, 18]","[227.71, 14]",220.62,151,5.1,0.58
07:47:31,"[220.57, 70]","[218.0, 58]","[224.5, 14]","[226.5, 14]",222.54,156,3.93,0.64
07:47:32,"[223.01, 104]","[221.05, 59]","[227.0, 28]","[228.84, 25]",225.0,216,3.99,0.51
07:47:33,"[225.82, 62]","[224.1, 73]","[231.0, 56]","[233.0, 14]",228.41,205,5.18,0.32
07:47:34,"[228.07, 58]","[225.49, 57]","[231.14, 22]","[236.72, 25]",229.6,162,3.07,0.42
07:47:35,"[230.56, 18]","[228.05, 114]","[232.67, 18]","[335.33, 24]",231.61,174,2.11,0.52
07:47:36,"[231.67, 12]","[228.28, 54]","[234.0, 12]","[278.14, 21]",232.83,99,2.33,0.33
07:47:37,"[231.0, 12]","[228.0, 84]","[232.22, 32]","[242.83, 12]",231.61,140,1.22,0.37
07:47:38,"[228.0, 45]","[222.0, 14]","[239.0, 7]","[320.57, 7]",233.5,73,11.0,0.62
07:47:39,"[228.12, 32]","[224.0, 18]","[230.0, 40]","[238.0, 8]",229.06,98,1.88,0.02
07:47:40,"[228.06, 32]","[222.78, 23]","[230.78, 36]","[287.12, 17]",229.42,108,2.72,0.02
07:47:41,"[228.0, 30]","[222.0, 20]","[237.0, 10]","[373.0, 12]",232.5,72,9.0,0.39
07:47:42,"[228.0, 27]","[222.0, 18]","[237.0, 9]","[382.07, 30]",232.5,84,9.0,0.07
07:47:43,"[228.0, 27]","[222.95, 74]","[237.0, 9]","[299.67, 12]",232.5,122,9.0,0.66
07:47:44,"[229.05, 83]","[227.31, 87]","[235.88, 16]","[297.64, 22]",232.46,208,6.83,0.63
07:47:45,"[231.88, 42]","[229.31, 39]","[233.81, 26]","[235.06, 18]",232.84,125,1.93,0.3
07:47:46,"[231.25, 8]","[228.16, 19]","[235.0, 7]","[239.57, 7]",233.12,41,3.75,0.32
07:47:47,"[232.52, 21]","[231.0, 11]","[235.18, 11]","[249.64, 11]",233.85,54,2.66,0.19
07:47:48,"[233.5, 14]","[231.0, 14]","[240.0, 14]","[391.14, 14]",236.75,56,6.5,0.0
07:47:49,"[234.0, 10]","[231.0, 10]","[240.2, 10]","[344.21, 19]",237.1,49,6.2,-0.18
07:47:50,"[232.75, 12]","[229.94, 36]","[241.0, 12]","[298.82, 39]",236.88,99,8.25,-0.03
07:47:51,"[231.0, 12]","[229.0, 60]","[236.11, 45]","[253.53, 15]",233.56,132,5.11,0.09
07:47:52,"[230.0, 10]","[228.5, 30]","[236.0, 24]","[241.0, 6]",233.0,70,6.0,0.14
07:47:53,"[229.0, 30]","[226.0, 30]","[242.89, 9]","[285.9, 21]",235.94,90,13.89,0.33
07:47:54,"[229.0, 70]","[227.25, 67]","[238.4, 40]","[242.32, 38]",233.7,215,9.4,0.27
07:47:55,"[229.0, 65]","[228.0, 78]","[231.04, 47]","[233.43, 28]",230.02,218,2.04,0.31
07:47:56,"[228.5, 36]","[227.41, 51]","[232.08, 12]","[234.47, 15]",230.29,114,3.58,0.53
07:47:57,"[228.0, 33]","[226.0, 30]","[234.0, 12]","[237.0, 6]",231.0,81,6.0,0.56
07:47:58,"[228.15, 41]","[226.6, 50]","[234.0, 20]","[237.0, 10]",231.07,121,5.85,0.5
07:47:59,"[229.48, 23]","[227.88, 48]","[234.0, 20]","[237.0, 10]",231.74,101,4.52,0.41
07:48:00,"[228.0, 50]","[226.0, 30]","[234.0, 20]","[237.0, 10]",231.0,110,6.0,0.45
07:48:01,"[228.0, 38]","[226.0, 24]","[234.0, 16]","[237.0, 8]",231.0,86,6.0,0.44
07:48:02,"[227.53, 32]","[226.23, 22]","[234.0, 20]","[237.0, 10]",230.77,84,6.47,0.29
07:48:03,"[230.35, 52]","[229.38, 47]","[234.0, 22]","[265.03, 37]",232.17,158,3.65,0.25
07:48:04,"[233.64, 47]","[231.83, 48]","[236.92, 37]","[312.85, 59]",235.28,191,3.28,-0.01
07:48:05,"[236.0, 24]","[234.92, 48]","[237.46, 46]","[336.42, 43]",236.73,161,1.46,-0.11
07:48:06,"[234.92, 26]","[232.81, 57]","[238.2, 60]","[346.3, 50]",236.56,193,3.28,-0.14
07:48:07,"[230.71, 14]","[229.26, 34]","[234.94, 49]","[235.78, 59]",232.83,156,4.22,-0.38
07:48:08,"[230.5, 16]","[229.06, 64]","[233.25, 56]","[234.42, 76]",231.88,212,2.75,-0.25
07:48:09,"[230.0, 10]","[229.0, 50]","[231.71, 34]","[233.74, 46]",230.85,140,1.71,-0.14
07:48:10,"[225.95, 65]","[204.5, 44]","[230.17, 29]","[233.0, 60]",228.06,198,4.22,0.1
07:48:11,"[218.0, 104]","[171.0, 104]","[228.0, 26]","[234.86, 42]",223.0,276,10.0,0.51
07:48:12,"[218.0, 80]","[171.0, 80]","[226.2, 20]","[227.2, 20]",222.1,200,8.2,0.6
07:48:13,"[218.0, 96]","[163.69, 26]","[224.2, 30]","[228.33, 27]",221.1,179,6.2,0.36
07:48:14,"[218.0, 88]","[178.07, 56]","[224.0, 44]","[231.0, 33]",221.0,221,6.0,0.3
07:48:15,"[218.0, 64]","[177.31, 13]","[223.22, 18]","[225.24, 17]",220.61,112,5.22,0.38
07:48:16,"[220.77, 104]","[217.0, 72]","[223.0, 20]","[224.0, 20]",221.88,216,2.23,0.63
07:48:17,"[222.0, 120]","[218.0, 80]","[223.67, 12]","[224.92, 52]",222.83,264,1.67,0.52
07:48:18,"[222.0, 192]","[218.0, 128]","[224.98, 86]","[230.35, 110]",223.49,516,2.98,0.24
07:48:19,"[222.0, 96]","[218.0, 64]","[225.0, 48]","[231.0, 53]",223.5,261,3.0,0.23
07:48:20,"[222.0, 108]","[218.0, 72]","[225.0, 54]","[231.0, 36]",223.5,270,3.0,0.33
07:48:21,"[222.0, 102]","[218.0, 80]","[225.0, 40]","[231.0, 40]",223.5,262,3.0,0.39
07:48:22,"[222.42, 24]","[220.51, 43]","[225.0, 20]","[231.0, 20]",223.71,107,2.58,0.25
07:48:23,"[220.31, 61]","[219.85, 112]","[225.0, 36]","[231.0, 76]",222.66,285,4.69,0.21
07:48:24,"[219.0, 90]","[218.0, 80]","[226.03, 29]","[304.46, 41]",222.52,240,7.03,0.42
07:48:25,"[219.0, 81]","[217.1, 81]","[220.0, 36]","[228.6, 30]",219.5,228,1.0,0.42
07:48:26,"[219.0, 63]","[217.0, 119]","[220.0, 28]","[225.0, 28]",219.5,238,1.0,0.53
07:48:27,"[219.0, 63]","[217.0, 89]","[220.0, 28]","[225.0, 28]",219.5,208,1.0,0.46
07:48:28,"[219.0, 108]","[217.0, 120]","[225.0, 48]","[312.58, 43]",222.0,319,6.0,0.43
07:48:29,"[219.77, 73]","[218.21, 104]","[224.8, 40]","[228.6, 40]",222.28,257,5.03,0.38
07:48:30,"[217.0, 100]","[142.0, 90]","[221.66, 29]","[224.65, 34]",219.33,253,4.66,0.5
07:48:31,"[217.0, 60]","[142.0, 54]","[220.0, 30]","[223.0, 12]",218.5,156,3.0,0.46
07:48:32,"[218.09, 55]","[205.27, 77]","[221.62, 37]","[227.36, 22]",219.86,191,3.53,0.38
07:48:33,"[219.0, 50]","[217.0, 108]","[224.58, 36]","[228.37, 35]",221.79,229,5.58,0.38
07:48:34,"[220.0, 64]","[217.0, 144]","[223.81, 48]","[225.0, 48]",221.91,304,3.81,0.37
07:48:35,"[221.54, 59]","[216.29, 129]","[225.33, 42]","[228.14, 42]",223.44,272,3.79,0.38
07:48:36,"[225.48, 29]","[219.2, 51]","[229.0, 22]","[231.09, 22]",227.24,124,3.52,0.29
07:48:37,"[222.75, 32]","[214.62, 72]","[227.83, 24]","[230.38, 16]",225.29,144,5.08,0.44
07:48:38,"[223.32, 28]","[219.4, 80]","[226.6, 47]","[228.0, 26]",224.96,181,3.27,0.19
07:48:39,"[224.0, 9]","[223.0, 36]","[226.0, 27]","[227.12, 32]",225.0,104,2.0,-0.13
07:48:40,"[224.0, 11]","[223.0, 44]","[225.46, 35]","[227.2, 40]",224.73,130,1.46,-0.15
07:48:41,"[223.17, 18]","[221.82, 17]","[227.75, 32]","[229.0, 16]",225.46,83,4.58,-0.16
07:48:42,"[224.81, 63]","[223.47, 53]","[228.0, 68]","[229.0, 34]",226.4,218,3.19,0.06
07:48:43,"[225.0, 39]","[216.0, 13]","[228.0, 52]","[229.0, 26]",226.5,130,3.0,-0.2
07:48:44,"[227.08, 26]","[224.46, 37]","[228.25, 32]","[229.62, 26]",227.66,121,1.17,0.04
07:48:45,"[227.47, 30]","[221.43, 46]","[232.89, 37]","[233.56, 32]",230.18,145,5.43,0.05
07:48:46,"[227.4, 20]","[219.0, 40]","[234.0, 40]","[236.0, 20]",230.7,120,6.6,0.0
07:48:47,"[228.0, 22]","[221.18, 44]","[233.95, 38]","[235.38, 26]",230.97,130,5.95,0.02
07:48:48,"[228.28, 36]","[225.22, 72]","[231.5, 20]","[234.0, 80]",229.89,208,3.22,0.04
07:48:49,"[227.07, 15]","[219.84, 57]","[229.33, 15]","[236.4, 60]",228.2,147,2.27,-0.02
07:48:50,"[228.0, 12]","[227.0, 12]","[390.47, 30]","[455.97, 34]",309.23,88,162.47,-0.45
07:48:51,"[228.56, 9]","[227.0, 9]","[263.0, 45]","[418.43, 21]",245.78,84,34.44,-0.57
07:48:52,"[233.0, 22]","[229.09, 23]","[257.56, 36]","[291.44, 55]",245.28,136,24.56,-0.34
07:48:53,"[234.1, 40]","[233.0, 10]","[239.88, 25]","[241.32, 38]",236.99,113,5.78,-0.12
07:48:54,"[235.0, 61]","[231.23, 22]","[237.38, 32]","[238.7, 46]",236.19,161,2.38,0.03
07:48:55,"[231.5, 40]","[229.49, 41]","[236.25, 24]","[239.7, 40]",233.88,145,4.75,0.12
07:48:56,"[229.56, 55]","[228.45, 29]","[234.6, 30]","[240.13, 60]",232.08,174,5.04,-0.03
07:48:57,"[229.27, 15]","[228.06, 17]","[233.82, 22]","[241.0, 44]",231.54,98,4.55,-0.35
07:48:58,"[229.0, 13]","[227.0, 13]","[232.69, 26]","[241.0, 52]",230.85,104,3.69,-0.5
07:48:59,"[229.07, 15]","[227.13, 15]","[231.53, 30]","[241.0, 60]",230.3,120,2.47,-0.5
07:49:00,"[230.0, 11]","[229.0, 11]","[231.0, 22]","[240.64, 44]",230.5,88,1.0,-0.5
07:49:01,"[229.06, 16]","[226.31, 32]","[235.35, 40]","[250.21, 56]",232.21,144,6.29,-0.33
07:49:02,"[227.0, 13]","[225.0, 65]","[234.62, 37]","[237.39, 46]",230.81,161,7.62,-0.03
