Time,Bid1,Bid2,Ask1,Ask2,Mid-Price,Total_volume,Bid_ask_spread,Order_imbalance
07:30:00,"[143.0, 5]","[0, 0]","[0, 0]","[0, 0]",71.5,5,-143.0,1.0
07:30:02,"[143.0, 5]","[0, 0]","[800.0, 1]","[0, 0]",471.5,6,657.0,0.67
07:30:03,"[143.0, 9]","[0, 0]","[177.0, 2]","[800.0, 2]",160.0,13,34.0,0.38
07:30:04,"[143.0, 20]","[142.0, 15]","[172.4, 5]","[174.6, 5]",157.7,45,29.4,0.56
07:30:05,"[143.0, 7]","[142.0, 10]","[170.0, 2]","[172.0, 2]",156.5,21,27.0,0.62
07:30:06,"[143.0, 21]","[142.0, 35]","[167.0, 25]","[167.69, 13]",155.0,94,24.0,0.19
07:30:07,"[143.05, 22]","[142.08, 38]","[161.11, 9]","[163.36, 25]",152.08,94,18.07,0.28
07:30:08,"[142.45, 22]","[141.33, 18]","[156.53, 19]","[156.95, 22]",149.49,81,14.07,-0.01
07:30:09,"[142.0, 21]","[133.0, 3]","[153.25, 4]","[154.5, 4]",147.62,32,11.25,0.5
07:30:10,"[142.0, 14]","[133.0, 2]","[151.0, 10]","[152.0, 2]",146.5,28,9.0,0.14
07:30:11,"[142.0, 63]","[135.8, 30]","[149.47, 30]","[149.97, 31]",145.73,154,7.47,0.21
07:30:12,"[142.0, 49]","[136.27, 11]","[146.6, 10]","[148.05, 20]",144.3,90,4.6,0.33
07:30:13,"[142.12, 52]","[139.43, 28]","[144.0, 32]","[145.1, 20]",143.06,132,1.88,0.21
07:30:14,"[142.43, 28]","[139.75, 32]","[145.14, 14]","[147.33, 12]",143.79,86,2.71,0.4
07:30:15,"[140.72, 29]","[138.88, 40]","[145.07, 14]","[148.0, 14]",142.9,97,4.35,0.42
07:30:16,"[139.44, 36]","[136.73, 22]","[147.43, 14]","[148.97, 62]",143.44,134,7.98,-0.13
07:30:17,"[128.57, 21]","[134.82, 33]","[146.96, 23]","[148.99, 103]",137.76,180,18.39,-0.4
07:30:18,"[121.95, 37]","[109.09, 99]","[144.29, 56]","[148.06, 64]",133.12,256,22.34,0.06
07:30:19,"[131.0, 34]","[109.21, 48]","[143.91, 64]","[145.23, 39]",137.45,185,12.91,-0.11
07:30:20,"[137.0, 22]","[124.64, 11]","[143.0, 26]","[144.0, 51]",140.0,110,6.0,-0.4
07:30:21,"[137.84, 70]","[134.25, 28]","[143.0, 36]","[144.0, 48]",140.42,182,5.16,0.08
07:30:22,"[138.67, 33]","[137.79, 145]","[142.1, 29]","[143.88, 40]",140.39,247,3.44,0.44
07:30:23,"[138.0, 99]","[129.36, 11]","[143.11, 27]","[149.62, 47]",140.56,184,5.11,0.2
07:30:24,"[138.0, 81]","[130.0, 9]","[142.11, 45]","[144.0, 45]",140.06,180,4.11,0.0
07:30:25,"[138.0, 117]","[131.08, 13]","[140.92, 53]","[141.81, 54]",139.46,237,2.92,0.1
07:30:26,"[136.88, 16]","[131.0, 6]","[141.0, 18]","[142.0, 24]",138.94,64,4.12,-0.31
07:30:27,"[131.6, 10]","[128.23, 13]","[139.62, 26]","[140.9, 51]",135.61,100,8.02,-0.54
07:30:28,"[130.0, 17]","[123.43, 49]","[135.61, 23]","[138.3, 46]",132.8,135,5.61,-0.02
07:30:29,"[130.0, 20]","[128.0, 20]","[134.46, 24]","[136.32, 37]",132.23,101,4.46,-0.21
07:30:30,"[132.26, 85]","[131.73, 45]","[137.22, 45]","[138.35, 23]",134.74,198,4.96,0.31
07:30:31,"[133.84, 153]","[132.23, 141]","[138.0, 65]","[140.0, 28]",135.92,387,4.16,0.52
07:30:32,"[137.0, 99]","[136.0, 90]","[138.77, 26]","[289.67, 30]",137.88,245,1.77,0.54
07:30:33,"[137.85, 47]","[137.72, 181]","[186.0, 36]","[438.26, 84]",161.93,348,48.15,0.31
07:30:34,"[141.7, 80]","[141.23, 113]","[408.74, 31]","[609.28, 67]",275.22,291,267.04,0.33
07:30:35,"[144.0, 99]","[143.0, 11]","[304.24, 34]","[612.91, 44]",224.12,188,160.24,0.17
07:30:36,"[145.59, 91]","[144.32, 19]","[285.6, 20]","[512.11, 19]",215.6,149,140.01,0.48
07:30:37,"[146.0, 40]","[142.0, 70]","[257.62, 13]","[377.12, 16]",201.81,139,111.62,0.58
07:30:38,"[144.15, 65]","[141.67, 73]","[314.69, 16]","[347.38, 32]",229.42,186,170.53,0.48
07:30:39,"[142.0, 33]","[134.0, 9]","[183.0, 9]","[414.33, 18]",162.5,69,41.0,0.22
07:30:40,"[143.71, 21]","[137.0, 8]","[399.08, 13]","[562.8, 10]",271.4,52,255.36,0.12
07:30:41,"[148.0, 36]","[138.8, 10]","[461.25, 12]","[515.25, 12]",304.62,70,313.25,0.31
07:30:42,"[146.67, 36]","[137.2, 15]","[243.6, 25]","[513.42, 19]",195.13,95,96.93,0.07
07:30:43,"[136.75, 12]","[129.31, 54]","[215.44, 27]","[484.6, 15]",176.1,108,78.69,0.22
07:30:44,"[133.25, 4]","[129.46, 13]","[137.0, 12]","[545.0, 4]",135.12,33,3.75,0.03
07:30:45,"[135.67, 15]","[133.2, 10]","[137.0, 22]","[473.0, 8]",136.33,55,1.33,-0.09
07:30:46,"[135.0, 9]","[129.71, 34]","[137.0, 63]","[323.26, 23]",136.0,129,2.0,-0.33
07:30:47,"[130.0, 37]","[126.6, 57]","[136.13, 52]","[141.29, 42]",133.07,188,6.13,0.0
07:30:48,"[132.0, 80]","[114.5, 8]","[136.11, 46]","[137.18, 28]",134.05,162,4.11,0.09
07:30:49,"[132.02, 41]","[119.71, 14]","[137.0, 25]","[138.0, 15]",134.51,95,4.98,0.16
07:30:50,"[133.92, 13]","[132.11, 85]","[137.0, 65]","[138.0, 39]",135.46,202,3.08,-0.03
07:30:51,"[136.0, 10]","[131.69, 91]","[137.05, 20]","[140.5, 30]",136.53,151,1.05,0.34
07:30:52,"[131.24, 63]","[115.62, 40]","[137.08, 25]","[175.09, 11]",134.16,139,5.84,0.48
07:30:53,"[131.0, 70]","[65.73, 11]","[136.0, 21]","[139.0, 7]",133.5,109,5.0,0.49
07:30:54,"[131.0, 120]","[105.67, 36]","[202.69, 35]","[265.88, 25]",166.84,216,71.69,0.44
07:30:55,"[135.31, 26]","[130.27, 81]","[273.3, 23]","[332.43, 21]",204.31,151,138.0,0.42
07:30:56,"[132.62, 78]","[130.76, 102]","[231.33, 45]","[267.12, 43]",181.97,268,98.72,0.34
07:30:57,"[131.0, 120]","[124.17, 24]","[202.65, 26]","[270.5, 28]",166.83,198,71.65,0.45
07:30:58,"[131.0, 70]","[75.33, 12]","[137.0, 7]","[213.0, 21]",134.0,110,6.0,0.49
07:30:59,"[131.0, 70]","[111.89, 9]","[157.6, 15]","[304.44, 25]",144.3,119,26.6,0.33
07:31:00,"[136.24, 80]","[132.36, 42]","[291.64, 39]","[415.78, 23]",213.94,184,155.4,0.33
07:31:01,"[143.0, 56]","[142.0, 7]","[241.68, 25]","[453.0, 10]",192.34,98,98.68,0.29
07:31:02,"[143.0, 48]","[142.0, 6]","[278.8, 20]","[346.0, 16]",210.9,90,135.8,0.2
07:31:03,"[143.0, 80]","[139.35, 34]","[326.33, 30]","[523.44, 27]",234.67,171,183.33,0.33
07:31:04,"[143.0, 39]","[139.0, 40]","[246.57, 28]","[560.14, 28]",194.79,135,103.57,0.17
07:31:05,"[143.29, 34]","[139.52, 46]","[188.0, 50]","[385.8, 20]",165.65,150,44.71,0.07
07:31:06,"[143.0, 15]","[139.0, 25]","[188.0, 25]","[540.25, 16]",165.5,81,45.0,-0.01
07:31:07,"[144.0, 24]","[143.0, 24]","[188.0, 40]","[275.8, 30]",166.0,118,44.0,-0.19
07:31:08,"[144.0, 12]","[143.0, 12]","[179.0, 20]","[202.0, 16]",161.5,60,35.0,-0.2
07:31:09,"[144.0, 24]","[143.0, 36]","[154.2, 54]","[196.8, 50]",149.1,164,10.2,-0.27
07:31:10,"[140.23, 22]","[140.76, 17]","[183.0, 30]","[360.92, 24]",161.61,93,42.77,-0.16
07:31:11,"[139.0, 35]","[137.0, 7]","[202.0, 28]","[334.57, 35]",170.5,105,63.0,-0.2
07:31:12,"[139.25, 32]","[138.79, 14]","[202.0, 32]","[376.0, 40]",170.62,118,62.75,-0.22
07:31:13,"[142.78, 9]","[141.03, 31]","[200.75, 44]","[234.97, 37]",171.76,121,57.97,-0.34
07:31:14,"[139.07, 41]","[137.77, 13]","[191.49, 39]","[282.24, 42]",165.28,135,52.41,-0.2
07:31:15,"[141.53, 19]","[139.95, 21]","[157.35, 23]","[180.14, 22]",149.44,85,15.82,-0.06
07:31:16,"[144.64, 22]","[143.0, 22]","[148.0, 22]","[149.0, 55]",146.32,121,3.36,-0.27
07:31:17,"[147.69, 39]","[144.71, 14]","[149.0, 35]","[439.32, 19]",148.35,107,1.31,-0.01
07:31:18,"[148.0, 20]","[146.0, 10]","[211.08, 13]","[449.76, 17]",179.54,60,63.08,0.0
07:31:19,"[148.0, 24]","[146.0, 24]","[425.67, 30]","[459.0, 45]",286.83,123,277.67,-0.22
07:31:20,"[146.53, 15]","[143.46, 26]","[262.77, 26]","[347.85, 40]",204.65,107,116.24,-0.23
07:31:21,"[140.18, 33]","[139.45, 62]","[211.19, 42]","[303.91, 46]",175.69,183,71.01,0.04
07:31:22,"[139.0, 33]","[137.0, 64]","[225.0, 15]","[268.16, 25]",182.0,137,86.0,0.42
07:31:23,"[144.62, 8]","[141.6, 20]","[201.93, 30]","[218.33, 18]",173.28,76,57.31,-0.26
07:31:24,"[148.0, 11]","[146.0, 55]","[195.93, 27]","[200.63, 35]",171.96,128,47.93,0.03
07:31:25,"[148.0, 9]","[146.0, 45]","[181.53, 32]","[193.74, 23]",164.77,109,33.53,-0.01
07:31:26,"[148.0, 9]","[146.0, 45]","[159.15, 26]","[160.85, 26]",153.58,106,11.15,0.02
07:31:27,"[147.38, 16]","[145.88, 56]","[155.18, 28]","[156.18, 34]",151.28,134,7.8,0.07
07:31:28,"[146.0, 50]","[141.4, 25]","[152.0, 35]","[153.46, 39]",149.0,149,6.0,0.01
07:31:29,"[144.13, 15]","[141.09, 23]","[147.76, 33]","[149.57, 35]",145.95,106,3.62,-0.28
07:31:30,"[140.8, 10]","[137.46, 26]","[143.62, 26]","[146.24, 29]",142.21,91,2.82,-0.21
07:31:31,"[141.0, 31]","[139.0, 11]","[142.08, 26]","[144.6, 25]",141.54,93,1.08,-0.1
07:31:32,"[137.43, 37]","[136.67, 49]","[163.1, 42]","[217.4, 42]",150.26,170,25.66,0.01
07:31:33,"[136.87, 23]","[129.68, 38]","[138.0, 16]","[170.0, 40]",137.43,117,1.13,0.04
07:31:34,"[136.0, 90]","[119.96, 94]","[167.07, 42]","[254.11, 37]",151.54,263,31.07,0.4
07:31:35,"[136.0, 18]","[119.0, 6]","[190.0, 12]","[270.5, 24]",163.0,60,54.0,-0.2
07:31:36,"[136.8, 15]","[135.11, 19]","[206.73, 22]","[276.4, 20]",171.76,76,69.93,-0.11
07:31:37,"[137.23, 26]","[136.0, 39]","[195.55, 40]","[249.0, 40]",166.39,145,58.32,-0.1
07:31:38,"[138.0, 14]","[136.0, 21]","[286.0, 14]","[356.64, 25]",212.0,74,148.0,-0.05
07:31:39,"[136.4, 25]","[128.59, 34]","[321.64, 22]","[382.58, 31]",229.02,112,185.24,0.05
07:31:40,"[136.0, 36]","[127.0, 48]","[242.54, 39]","[567.62, 34]",189.27,157,106.54,0.07
07:31:41,"[126.5, 32]","[102.3, 40]","[198.18, 11]","[506.11, 27]",162.34,110,71.68,0.31
07:31:42,"[135.83, 47]","[100.86, 35]","[369.1, 20]","[663.0, 24]",252.46,126,233.27,0.3
07:31:43,"[137.21, 52]","[125.0, 16]","[313.0, 24]","[460.0, 8]",225.11,100,175.79,0.36
07:31:44,"[138.43, 42]","[81.94, 34]","[294.35, 26]","[334.73, 22]",216.39,124,155.92,0.23
07:31:45,"[139.38, 13]","[119.27, 30]","[227.45, 11]","[361.0, 33]",183.42,87,88.07,-0.01
07:31:46,"[88.65, 34]","[55.05, 42]","[141.43, 21]","[187.4, 25]",115.04,122,52.78,0.25
07:31:47,"[81.8, 30]","[12.6, 10]","[139.0, 5]","[499.0, 15]",110.4,60,57.2,0.33
07:31:48,"[78.44, 18]","[22.0, 22]","[299.4, 5]","[544.0, 15]",188.92,60,220.96,0.33
07:31:49,"[127.0, 30]","[91.0, 10]","[271.33, 9]","[607.91, 11]",199.17,60,144.33,0.33
07:31:50,"[127.54, 26]","[54.17, 18]","[405.67, 9]","[608.0, 7]",266.6,60,278.13,0.47
07:31:51,"[145.33, 36]","[66.55, 22]","[248.4, 10]","[612.67, 18]",196.87,86,103.07,0.35
07:31:52,"[148.0, 72]","[144.0, 6]","[462.08, 12]","[677.72, 18]",305.04,108,314.08,0.44
07:31:53,"[148.0, 119]","[144.0, 12]","[326.23, 52]","[379.15, 40]",237.12,223,178.23,0.17
07:31:54,"[148.0, 35]","[144.0, 5]","[262.14, 21]","[268.42, 19]",205.07,80,114.14,0.0
07:31:55,"[148.0, 70]","[144.0, 10]","[266.1, 50]","[268.12, 40]",207.05,170,118.1,-0.06
07:31:56,"[145.55, 11]","[107.09, 11]","[265.0, 25]","[267.0, 25]",205.27,72,119.45,-0.39
07:31:57,"[142.69, 26]","[71.33, 36]","[183.1, 50]","[207.9, 50]",162.9,162,40.41,-0.23
07:31:58,"[142.0, 134]","[76.33, 54]","[146.2, 54]","[147.45, 55]",144.1,297,4.2,0.27
07:31:59,"[142.0, 100]","[77.5, 24]","[143.96, 25]","[156.39, 23]",142.98,172,1.96,0.44
07:32:00,"[143.0, 32]","[142.0, 112]","[159.06, 33]","[348.38, 16]",151.03,193,16.06,0.49
07:32:01,"[143.78, 58]","[142.1, 155]","[195.88, 32]","[380.67, 30]",169.83,275,52.1,0.55
07:32:02,"[145.7, 50]","[143.0, 30]","[193.55, 22]","[195.05, 38]",169.62,140,47.85,0.14
07:32:03,"[146.0, 40]","[143.0, 24]","[191.75, 16]","[195.0, 32]",168.88,112,45.75,0.14
07:32:04,"[145.0, 45]","[142.2, 88]","[189.29, 42]","[191.67, 24]",167.14,199,44.29,0.34
07:32:05,"[141.61, 109]","[139.21, 57]","[174.13, 30]","[177.0, 40]",157.87,236,32.52,0.41
07:32:06,"[139.06, 32]","[137.5, 40]","[173.2, 20]","[288.88, 32]",156.13,124,34.14,0.16
07:32:07,"[142.52, 25]","[141.62, 39]","[186.15, 52]","[329.0, 39]",164.34,155,43.63,-0.17
07:32:08,"[143.67, 36]","[141.22, 54]","[183.53, 45]","[195.77, 39]",163.6,174,39.87,0.03
07:32:09,"[140.89, 38]","[138.33, 60]","[181.08, 48]","[184.0, 36]",160.99,182,40.19,0.08
07:32:10,"[139.03, 40]","[137.1, 58]","[179.59, 41]","[181.4, 43]",159.31,182,40.56,0.08
07:32:11,"[142.73, 33]","[139.04, 25]","[177.96, 28]","[179.04, 28]",160.35,114,35.24,0.02
07:32:12,"[143.0, 65]","[139.0, 39]","[173.7, 44]","[175.14, 42]",158.35,190,30.7,0.09
07:32:13,"[143.0, 70]","[139.0, 42]","[168.48, 50]","[169.69, 48]",155.74,210,25.48,0.07
07:32:14,"[143.46, 46]","[141.67, 45]","[163.33, 36]","[164.2, 40]",153.39,167,19.88,0.09
07:32:15,"[143.8, 10]","[142.48, 46]","[158.67, 36]","[159.8, 30]",151.23,122,14.87,-0.08
07:32:16,"[143.0, 51]","[139.0, 48]","[156.9, 84]","[157.75, 72]",149.95,255,13.9,-0.22
07:32:17,"[143.38, 13]","[139.11, 37]","[156.73, 67]","[157.4, 70]",150.06,187,13.35,-0.47
07:32:18,"[146.36, 11]","[141.91, 11]","[155.11, 27]","[156.23, 31]",150.74,80,8.75,-0.45
07:32:19,"[142.0, 30]","[139.0, 66]","[153.22, 32]","[154.6, 30]",147.61,158,11.22,0.22
07:32:20,"[143.41, 34]","[139.67, 54]","[150.94, 31]","[151.92, 37]",147.17,156,7.52,0.13
07:32:21,"[142.6, 62]","[141.21, 70]","[148.44, 54]","[149.31, 58]",145.52,244,5.85,0.08
07:32:22,"[143.0, 66]","[142.0, 36]","[144.85, 34]","[148.61, 38]",143.93,174,1.85,0.17
07:32:23,"[142.25, 40]","[140.58, 24]","[144.0, 24]","[149.0, 48]",143.12,136,1.75,-0.06
07:32:24,"[141.86, 22]","[138.78, 9]","[143.18, 22]","[146.0, 20]",142.52,73,1.32,-0.15
07:32:25,"[137.62, 29]","[136.5, 24]","[141.65, 23]","[142.88, 16]",139.64,92,4.03,0.15
07:32:26,"[137.0, 120]","[120.09, 102]","[139.36, 22]","[141.14, 14]",138.18,258,2.36,0.72
07:32:27,"[137.0, 120]","[114.02, 84]","[138.33, 12]","[178.43, 28]",137.67,244,1.33,0.67
07:32:28,"[137.0, 90]","[104.98, 61]","[178.23, 13]","[275.47, 30]",157.62,194,41.23,0.56
07:32:29,"[137.0, 100]","[93.0, 26]","[320.3, 47]","[572.43, 37]",228.65,210,183.3,0.2
07:32:30,"[138.91, 33]","[135.41, 37]","[312.63, 38]","[368.6, 43]",225.77,151,173.72,-0.07
07:32:31,"[139.5, 48]","[112.38, 39]","[291.02, 45]","[341.2, 45]",215.26,177,151.52,-0.02
07:32:32,"[137.0, 80]","[120.19, 48]","[290.5, 20]","[489.96, 24]",213.75,172,153.5,0.49
07:32:33,"[137.0, 88]","[132.38, 24]","[182.69, 16]","[369.7, 44]",159.84,172,45.69,0.3
07:32:34,"[138.26, 114]","[136.4, 60]","[154.0, 11]","[317.0, 33]",146.13,218,15.74,0.6
07:32:35,"[139.0, 278]","[137.0, 128]","[152.21, 19]","[260.26, 46]",145.61,471,13.21,0.72
07:32:36,"[140.44, 156]","[139.09, 201]","[148.87, 38]","[149.66, 47]",144.66,442,8.43,0.62
07:32:37,"[146.0, 24]","[142.0, 143]","[147.32, 38]","[262.42, 19]",146.66,224,1.32,0.49
07:32:38,"[142.25, 64]","[139.91, 86]","[146.14, 28]","[148.0, 7]",144.2,185,3.89,0.62
07:32:39,"[142.0, 108]","[139.0, 54]","[143.89, 36]","[148.0, 9]",142.94,207,1.89,0.57
07:32:40,"[142.18, 88]","[140.2, 40]","[147.05, 19]","[286.24, 34]",144.62,181,4.87,0.41
07:32:41,"[143.5, 112]","[142.0, 120]","[146.21, 57]","[206.06, 32]",144.86,321,2.71,0.45
07:32:42,"[144.0, 38]","[142.0, 112]","[145.21, 70]","[192.74, 23]",144.61,243,1.21,0.23
07:32:43,"[142.0, 134]","[139.25, 32]","[251.16, 32]","[536.14, 59]",196.58,257,109.16,0.29
07:32:44,"[142.37, 49]","[141.23, 13]","[229.67, 6]","[379.0, 24]",186.02,92,87.3,0.35
07:32:45,"[144.0, 98]","[142.0, 88]","[176.25, 32]","[273.93, 30]",160.12,248,32.25,0.5
07:32:46,"[144.0, 31]","[142.0, 40]","[176.0, 15]","[325.0, 25]",160.0,111,32.0,0.28
07:32:47,"[148.0, 16]","[144.0, 40]","[175.33, 18]","[229.21, 28]",161.67,102,27.33,0.1
07:32:48,"[146.29, 28]","[143.11, 72]","[173.11, 27]","[175.45, 33]",159.7,160,26.83,0.25
07:32:49,"[142.28, 65]","[141.5, 32]","[169.8, 25]","[171.87, 30]",156.04,152,27.52,0.28
07:32:50,"[142.0, 28]","[140.0, 4]","[165.5, 16]","[166.38, 13]",153.75,61,23.5,0.05
07:32:51,"[142.0, 56]","[140.0, 8]","[160.65, 17]","[162.15, 20]",151.32,101,18.65,0.27
07:32:52,"[142.0, 64]","[140.0, 10]","[158.3, 20]","[159.6, 20]",150.15,114,16.3,0.3
07:32:53,"[142.0, 48]","[140.0, 12]","[153.3, 27]","[154.24, 42]",147.65,129,11.3,-0.07
07:32:54,"[142.22, 81]","[140.89, 27]","[148.02, 54]","[149.91, 69]",145.12,231,5.8,-0.06
07:32:55,"[142.33, 27]","[140.25, 24]","[144.35, 23]","[148.52, 27]",143.34,101,2.01,0.01
07:32:56,"[139.21, 28]","[138.55, 31]","[141.54, 26]","[184.53, 19]",140.38,104,2.32,0.13
07:32:57,"[140.0, 65]","[139.0, 27]","[171.0, 13]","[335.17, 23]",155.5,128,31.0,0.44
07:32:58,"[141.0, 63]","[140.0, 74]","[189.77, 13]","[280.54, 26]",165.38,176,48.77,0.56
07:32:59,"[141.6, 30]","[140.47, 38]","[256.71, 7]","[459.38, 16]",199.16,91,115.11,0.49
07:33:00,"[142.0, 28]","[141.0, 42]","[337.7, 10]","[551.63, 27]",239.85,107,195.7,0.31
07:33:01,"[142.29, 34]","[140.75, 48]","[241.0, 14]","[537.4, 25]",191.65,121,98.71,0.36
07:33:02,"[139.71, 14]","[138.5, 18]","[162.24, 34]","[164.25, 16]",150.97,82,22.52,-0.22
07:33:03,"[139.0, 21]","[136.0, 7]","[163.41, 17]","[282.14, 14]",151.21,59,24.41,-0.05
07:33:04,"[140.72, 43]","[138.74, 23]","[164.0, 18]","[259.0, 9]",152.36,93,23.28,0.42
07:33:05,"[141.44, 27]","[139.36, 33]","[163.5, 24]","[280.25, 16]",152.47,100,22.06,0.2
07:33:06,"[143.0, 18]","[141.0, 18]","[162.67, 18]","[319.77, 13]",152.83,67,19.67,0.07
07:33:07,"[140.8, 15]","[139.4, 15]","[161.0, 18]","[359.59, 17]",150.9,65,20.2,-0.08
07:33:08,"[139.0, 27]","[136.33, 9]","[158.78, 18]","[289.0, 9]",148.89,63,19.78,0.14
07:33:09,"[139.0, 33]","[136.82, 11]","[156.36, 22]","[388.82, 11]",147.68,77,17.36,0.14
07:33:10,"[144.99, 73]","[143.07, 81]","[155.55, 22]","[482.8, 15]",150.27,191,10.56,0.61
07:33:11,"[146.11, 57]","[143.62, 119]","[154.26, 47]","[227.9, 20]",150.18,243,8.15,0.45
07:33:12,"[144.0, 79]","[139.32, 22]","[152.8, 40]","[153.67, 49]",148.4,190,8.8,0.06
07:33:13,"[144.29, 42]","[141.2, 41]","[148.29, 52]","[149.89, 55]",146.29,190,4.0,-0.13
07:33:14,"[145.0, 10]","[144.0, 30]","[146.0, 40]","[151.0, 40]",145.5,120,1.0,-0.33
07:33:15,"[143.42, 19]","[142.19, 31]","[147.29, 34]","[170.94, 36]",145.36,120,3.87,-0.17
07:33:16,"[142.0, 48]","[139.0, 37]","[152.86, 28]","[177.1, 40]",147.43,153,10.86,0.11
07:33:17,"[142.0, 40]","[137.25, 16]","[149.17, 24]","[150.44, 18]",145.58,98,7.17,0.14
07:33:18,"[142.0, 69]","[139.0, 9]","[146.56, 36]","[148.0, 9]",144.28,123,4.56,0.27
07:33:19,"[142.0, 120]","[139.0, 8]","[145.69, 29]","[146.59, 17]",143.84,174,3.69,0.47
07:33:20,"[142.0, 180]","[139.0, 12]","[146.0, 48]","[148.0, 12]",144.0,252,4.0,0.52
07:33:21,"[142.83, 65]","[142.09, 95]","[158.38, 13]","[163.13, 45]",150.61,218,15.55,0.47
07:33:22,"[143.0, 40]","[142.0, 104]","[203.0, 24]","[444.75, 36]",173.0,204,60.0,0.41
07:33:23,"[143.0, 32]","[142.0, 130]","[335.41, 34]","[411.0, 30]",239.21,226,192.41,0.43
07:33:24,"[143.0, 16]","[142.0, 104]","[202.0, 40]","[391.0, 24]",172.5,184,59.0,0.3
07:33:25,"[143.0, 18]","[142.0, 29]","[202.0, 45]","[468.22, 27]",172.5,119,59.0,-0.21
07:33:26,"[143.0, 12]","[142.0, 12]","[435.23, 26]","[606.8, 20]",289.12,70,292.23,-0.31
07:33:27,"[143.0, 12]","[142.0, 12]","[572.65, 23]","[614.95, 19]",357.83,66,429.65,-0.27
07:33:28,"[143.0, 18]","[142.0, 28]","[484.86, 21]","[614.71, 28]",313.93,95,341.86,-0.03
07:33:29,"[142.64, 33]","[141.08, 52]","[290.93, 41]","[497.69, 36]",216.78,162,148.29,0.05
07:33:30,"[140.49, 37]","[139.72, 25]","[419.83, 29]","[632.7, 33]",280.16,124,279.34,0.0
07:33:31,"[140.0, 36]","[139.0, 9]","[208.35, 34]","[333.0, 32]",174.18,111,68.35,-0.19
07:33:32,"[140.0, 33]","[139.0, 9]","[308.53, 30]","[460.0, 30]",224.27,102,168.53,-0.18
07:33:33,"[137.29, 31]","[136.45, 11]","[345.1, 50]","[373.38, 32]",241.2,124,207.81,-0.32
07:33:34,"[139.77, 26]","[135.84, 25]","[342.58, 43]","[344.71, 41]",241.18,135,202.81,-0.24
07:33:35,"[144.11, 18]","[137.47, 38]","[330.92, 38]","[338.58, 26]",237.52,120,186.81,-0.07
07:33:36,"[148.0, 12]","[143.0, 24]","[324.3, 54]","[325.22, 50]",236.15,140,176.3,-0.49
07:33:37,"[148.0, 12]","[143.0, 24]","[300.51, 43]","[295.83, 46]",224.26,125,152.51,-0.42
07:33:38,"[138.82, 17]","[136.66, 41]","[171.27, 33]","[171.63, 35]",155.05,126,32.45,-0.08
07:33:39,"[138.96, 26]","[136.0, 42]","[168.28, 36]","[170.0, 28]",153.62,132,29.32,0.03
07:33:40,"[139.48, 126]","[137.67, 88]","[163.04, 52]","[163.21, 52]",151.26,318,23.56,0.35
07:33:41,"[140.22, 147]","[137.24, 87]","[155.31, 67]","[156.76, 63]",147.77,364,15.09,0.29
07:33:42,"[144.45, 22]","[143.51, 71]","[150.88, 32]","[153.2, 30]",147.66,155,6.42,0.2
07:33:43,"[144.11, 63]","[143.42, 86]","[146.93, 57]","[148.26, 47]",145.52,253,2.82,0.18
07:33:44,"[143.58, 36]","[141.11, 38]","[144.96, 25]","[148.6, 10]",144.27,109,1.38,0.36
07:33:45,"[140.14, 14]","[137.11, 65]","[144.0, 9]","[223.6, 15]",142.07,103,3.86,0.53
07:33:46,"[137.6, 30]","[134.35, 62]","[143.3, 10]","[449.04, 26]",140.45,128,5.7,0.44
07:33:47,"[136.18, 68]","[107.69, 117]","[142.11, 9]","[337.57, 28]",139.14,222,5.93,0.67
07:33:48,"[137.67, 36]","[136.0, 72]","[220.14, 37]","[327.84, 38]",178.9,183,82.47,0.18
07:33:49,"[138.45, 44]","[136.0, 66]","[280.04, 25]","[290.41, 54]",209.25,189,141.59,0.16
07:33:50,"[138.76, 59]","[135.74, 93]","[187.29, 34]","[198.33, 57]",163.03,243,48.53,0.25
07:33:51,"[136.33, 36]","[134.0, 54]","[171.89, 18]","[178.86, 21]",154.11,129,35.56,0.4
07:33:52,"[137.0, 54]","[134.0, 81]","[166.56, 18]","[168.0, 45]",151.78,198,29.56,0.36
07:33:53,"[137.0, 66]","[134.0, 99]","[164.45, 22]","[204.44, 45]",150.73,232,27.45,0.42
07:33:54,"[137.36, 28]","[134.92, 39]","[163.0, 10]","[180.0, 20]",150.18,97,25.64,0.38
07:33:55,"[138.61, 36]","[137.21, 47]","[162.25, 16]","[516.58, 33]",150.43,132,23.64,0.26
07:33:56,"[142.73, 71]","[140.88, 51]","[162.0, 22]","[299.0, 50]",152.37,194,19.27,0.26
07:33:57,"[143.08, 62]","[142.13, 46]","[161.56, 18]","[300.92, 24]",152.32,150,18.47,0.44
07:33:58,"[144.85, 65]","[143.0, 78]","[161.0, 26]","[330.77, 26]",152.92,195,16.15,0.47
07:33:59,"[145.84, 93]","[143.0, 90]","[159.3, 46]","[190.83, 36]",152.57,265,13.47,0.38
07:34:00,"[145.82, 92]","[143.84, 114]","[155.29, 70]","[155.78, 32]",150.55,308,9.47,0.34
07:34:01,"[145.09, 44]","[143.29, 84]","[149.17, 29]","[150.63, 19]",147.13,176,4.08,0.45
07:34:02,"[143.41, 39]","[143.33, 36]","[147.03, 34]","[147.43, 37]",145.22,146,3.62,0.03
07:34:03,"[143.0, 36]","[142.0, 24]","[144.67, 27]","[146.33, 27]",143.83,114,1.67,0.05
07:34:04,"[143.0, 17]","[142.0, 16]","[144.0, 40]","[145.0, 16]",143.5,89,1.0,-0.26
07:34:05,"[142.83, 18]","[141.54, 13]","[163.6, 10]","[326.29, 14]",153.22,55,20.77,0.13
07:34:06,"[142.1, 10]","[140.2, 10]","[301.87, 15]","[604.43, 23]",221.98,58,159.77,-0.31
07:34:07,"[140.0, 18]","[137.8, 25]","[331.85, 13]","[440.03, 31]",235.92,87,191.85,-0.01
07:34:08,"[139.0, 30]","[137.0, 45]","[412.11, 27]","[477.73, 33]",275.56,135,273.11,0.11
07:34:09,"[139.0, 16]","[137.0, 24]","[310.11, 9]","[429.27, 15]",224.56,64,171.11,0.25
07:34:10,"[139.0, 20]","[137.0, 30]","[207.89, 18]","[300.67, 12]",173.44,80,68.89,0.25
07:34:11,"[139.0, 18]","[136.6, 15]","[205.67, 18]","[269.0, 9]",172.33,60,66.67,0.1
07:34:12,"[138.33, 18]","[136.75, 16]","[188.64, 11]","[199.27, 15]",163.48,60,50.3,0.13
07:34:13,"[137.55, 29]","[136.77, 31]","[188.43, 35]","[194.44, 25]",162.99,120,50.88,0.0
07:34:14,"[138.16, 25]","[136.68, 19]","[186.15, 33]","[187.03, 72]",162.16,149,47.99,-0.41
07:34:15,"[140.67, 33]","[136.6, 5]","[185.12, 16]","[186.26, 19]",162.9,73,44.46,0.04
07:34:16,"[139.8, 20]","[136.14, 7]","[182.9, 20]","[183.83, 29]",161.35,76,43.1,-0.29
07:34:17,"[137.0, 9]","[136.0, 9]","[180.6, 10]","[182.24, 21]",158.8,49,43.6,-0.27
07:34:18,"[88.8, 75]","[43.63, 51]","[131.32, 44]","[145.9, 20]",110.06,190,42.52,0.33
07:34:19,"[113.55, 66]","[69.0, 11]","[130.0, 55]","[131.0, 22]",121.77,154,16.45,0.0
07:34:20,"[96.1, 31]","[68.93, 58]","[130.0, 57]","[131.0, 18]",113.05,164,33.9,0.09
07:34:21,"[109.4, 30]","[56.21, 56]","[130.0, 84]","[131.0, 20]",119.7,190,20.6,-0.09
07:34:22,"[78.67, 63]","[64.0, 135]","[130.09, 78]","[131.91, 23]",104.38,299,51.42,0.32
07:34:23,"[81.0, 36]","[58.0, 18]","[131.33, 6]","[152.22, 9]",106.17,69,50.33,0.57
07:34:24,"[81.0, 30]","[58.0, 15]","[130.0, 5]","[131.41, 17]",105.5,67,49.0,0.34
07:34:25,"[63.25, 36]","[56.71, 42]","[130.0, 9]","[131.0, 36]",96.62,123,66.75,0.27
07:34:26,"[103.22, 27]","[79.0, 27]","[130.0, 6]","[131.0, 24]",116.61,84,26.78,0.29
07:34:27,"[125.44, 27]","[124.0, 54]","[130.97, 30]","[134.5, 24]",128.21,135,5.52,0.2
07:34:28,"[126.25, 24]","[98.0, 48]","[131.0, 8]","[134.0, 44]",128.62,124,4.75,0.16
07:34:29,"[128.71, 21]","[81.67, 27]","[131.0, 7]","[134.0, 42]",129.86,97,2.29,-0.01
07:34:30,"[130.0, 18]","[128.0, 18]","[131.0, 6]","[134.0, 36]",130.5,78,1.0,-0.08
07:34:31,"[131.58, 19]","[72.83, 36]","[134.0, 42]","[137.0, 28]",132.79,125,2.42,-0.12
07:34:32,"[132.57, 7]","[96.5, 12]","[134.0, 16]","[137.0, 12]",133.29,47,1.43,-0.19
07:34:33,"[111.71, 21]","[61.0, 30]","[136.0, 6]","[137.33, 12]",123.86,69,24.29,0.48
07:34:34,"[81.45, 44]","[82.0, 6]","[137.0, 8]","[138.0, 8]",109.23,66,55.55,0.52
07:34:35,"[89.33, 12]","[0, 0]","[267.55, 22]","[371.08, 26]",178.44,60,178.21,-0.6
07:34:36,"[77.14, 84]","[58.29, 48]","[211.6, 25]","[218.37, 54]",144.37,211,134.46,0.25
07:34:37,"[79.0, 56]","[41.14, 14]","[130.75, 8]","[136.14, 35]",104.88,113,51.75,0.24
07:34:38,"[101.48, 146]","[87.83, 140]","[135.46, 26]","[136.68, 44]",118.47,356,33.98,0.61
07:34:39,"[114.0, 126]","[67.78, 72]","[136.0, 18]","[137.0, 45]",125.0,261,22.0,0.52
07:34:40,"[114.07, 88]","[89.31, 104]","[135.84, 19]","[136.96, 47]",124.96,258,21.77,0.49
07:34:41,"[117.62, 8]","[114.09, 86]","[133.38, 8]","[136.26, 19]",125.5,121,15.75,0.55
07:34:42,"[125.67, 57]","[118.55, 11]","[136.97, 29]","[227.38, 37]",131.32,134,11.3,0.01
07:34:43,"[121.46, 13]","[104.89, 37]","[129.42, 38]","[141.43, 28]",125.44,116,7.96,-0.14
07:34:44,"[124.1, 10]","[123.1, 10]","[129.0, 30]","[137.0, 20]",126.55,70,4.9,-0.43
07:34:45,"[126.44, 9]","[110.69, 16]","[130.33, 12]","[139.65, 17]",128.39,54,3.89,-0.07
07:34:46,"[127.8, 15]","[96.91, 115]","[136.38, 26]","[156.91, 22]",132.09,178,8.58,0.46
07:34:47,"[137.21, 29]","[113.7, 27]","[179.76, 37]","[266.2, 35]",158.48,128,42.55,-0.12
07:34:48,"[143.63, 27]","[142.68, 38]","[199.06, 35]","[367.4, 30]",171.34,130,55.43,0.0
07:34:49,"[144.0, 16]","[143.0, 64]","[215.7, 23]","[396.04, 27]",179.85,130,71.7,0.23
07:34:50,"[144.0, 14]","[143.0, 56]","[267.32, 19]","[343.86, 21]",205.66,110,123.32,0.27
07:34:51,"[144.0, 18]","[143.0, 78]","[345.5, 24]","[373.46, 28]",244.75,148,201.5,0.3
07:34:52,"[144.0, 12]","[143.0, 60]","[213.8, 20]","[344.0, 20]",178.9,112,69.8,0.29
07:34:53,"[143.18, 61]","[142.86, 35]","[213.0, 16]","[482.96, 23]",178.09,135,69.82,0.42
07:34:54,"[144.7, 20]","[143.0, 100]","[212.1, 20]","[467.2, 40]",178.4,180,67.4,0.33
07:34:55,"[144.05, 44]","[142.97, 103]","[208.54, 24]","[296.38, 45]",176.29,216,64.5,0.36
07:34:56,"[148.0, 12]","[143.0, 120]","[180.7, 20]","[192.0, 17]",164.35,169,32.7,0.56
07:34:57,"[148.0, 17]","[143.0, 170]","[178.54, 26]","[179.28, 25]",163.27,238,30.54,0.57
07:34:58,"[148.0, 13]","[143.0, 130]","[171.39, 18]","[173.43, 21]",159.69,182,23.39,0.57
07:34:59,"[143.08, 61]","[142.5, 20]","[150.21, 14]","[151.0, 16]",146.65,111,7.13,0.46
07:35:00,"[143.0, 42]","[142.0, 7]","[147.0, 7]","[148.43, 7]",145.0,63,4.0,0.56
07:35:01,"[142.58, 31]","[140.22, 63]","[144.78, 18]","[145.47, 15]",143.68,127,2.2,0.48
07:35:02,"[140.59, 34]","[139.7, 89]","[143.93, 14]","[145.08, 25]",142.26,162,3.34,0.52
07:35:03,"[141.58, 117]","[139.56, 131]","[189.38, 26]","[240.97, 36]",165.48,310,47.8,0.6
07:35:04,"[142.0, 44]","[139.0, 88]","[304.09, 44]","[341.96, 23]",223.05,199,162.09,0.33
07:35:05,"[142.0, 28]","[139.0, 56]","[193.0, 28]","[194.0, 28]",167.5,140,51.0,0.2
07:35:06,"[143.5, 30]","[142.0, 40]","[185.44, 41]","[188.33, 42]",164.47,153,41.94,-0.08
07:35:07,"[145.0, 22]","[142.0, 40]","[168.8, 40]","[171.9, 40]",156.9,142,23.8,-0.13
07:35:08,"[142.27, 67]","[139.9, 80]","[166.12, 57]","[168.23, 52]",154.2,256,23.85,0.15
07:35:09,"[142.0, 143]","[138.89, 76]","[163.69, 52]","[166.23, 52]",152.85,323,21.69,0.36
07:35:10,"[142.0, 110]","[137.0, 10]","[161.1, 40]","[166.0, 40]",151.55,200,19.1,0.2
07:35:11,"[142.0, 143]","[138.54, 13]","[160.31, 52]","[166.0, 52]",151.15,260,18.31,0.2
07:35:12,"[142.0, 99]","[139.0, 9]","[159.78, 36]","[166.0, 36]",150.89,180,17.78,0.2
07:35:13,"[142.02, 125]","[140.36, 22]","[152.0, 46]","[156.76, 42]",147.01,235,9.98,0.25
07:35:14,"[142.29, 82]","[141.89, 127]","[145.71, 70]","[193.84, 67]",144.0,346,3.42,0.21
07:35:15,"[141.93, 54]","[138.74, 19]","[214.67, 12]","[415.24, 25]",178.3,110,72.74,0.33
07:35:16,"[141.2, 15]","[138.2, 60]","[178.0, 30]","[388.27, 55]",159.6,160,36.8,-0.06
07:35:17,"[143.0, 7]","[140.0, 7]","[178.0, 14]","[406.0, 21]",160.5,49,35.0,-0.43
07:35:18,"[143.0, 9]","[140.0, 9]","[282.86, 21]","[452.08, 37]",212.93,76,139.86,-0.53
07:35:19,"[143.67, 18]","[141.2, 10]","[370.97, 34]","[543.1, 50]",257.32,112,227.3,-0.5
07:35:20,"[145.27, 11]","[143.0, 11]","[365.11, 35]","[409.77, 47]",255.19,104,219.84,-0.58
07:35:21,"[146.0, 6]","[143.0, 6]","[186.5, 18]","[295.38, 24]",166.25,54,40.5,-0.56
07:35:22,"[146.0, 13]","[143.0, 83]","[168.74, 53]","[234.49, 43]",157.37,192,22.74,0.0
07:35:23,"[143.09, 102]","[142.36, 42]","[167.0, 36]","[250.83, 36]",155.04,216,23.91,0.33
07:35:24,"[143.0, 97]","[140.0, 16]","[148.94, 48]","[270.45, 62]",145.97,223,5.94,0.01
07:35:25,"[143.0, 40]","[140.0, 10]","[145.8, 30]","[323.0, 50]",144.4,130,2.8,-0.23
07:35:26,"[147.24, 33]","[141.75, 12]","[494.13, 46]","[632.28, 46]",320.69,137,346.89,-0.34
07:35:27,"[141.36, 11]","[139.64, 11]","[470.76, 29]","[485.73, 33]",306.06,84,329.39,-0.48
07:35:28,"[141.0, 11]","[140.0, 11]","[346.57, 23]","[411.44, 27]",243.78,72,205.57,-0.39
07:35:29,"[137.36, 22]","[136.33, 9]","[183.45, 31]","[408.67, 9]",160.41,71,46.09,-0.13
07:35:30,"[136.98, 43]","[135.53, 15]","[248.0, 31]","[462.98, 45]",192.49,134,111.02,-0.13
07:35:31,"[91.57, 49]","[61.95, 41]","[203.91, 22]","[305.94, 31]",147.74,143,112.34,0.26
07:35:32,"[71.1, 42]","[41.21, 38]","[129.0, 40]","[245.0, 50]",100.05,170,57.9,-0.06
07:35:33,"[57.1, 20]","[39.77, 13]","[129.0, 32]","[200.0, 30]",93.05,95,71.9,-0.31
07:35:34,"[87.73, 22]","[21.2, 10]","[219.0, 25]","[318.0, 31]",153.36,88,131.27,-0.27
07:35:35,"[97.67, 12]","[63.25, 16]","[328.57, 23]","[437.18, 33]",213.12,84,230.9,-0.33
07:35:36,"[145.0, 20]","[143.0, 24]","[273.0, 30]","[552.9, 42]",209.0,116,128.0,-0.24
07:35:37,"[144.47, 34]","[143.78, 54]","[347.36, 45]","[465.1, 40]",245.91,173,202.88,0.02
07:35:38,"[144.0, 54]","[143.0, 27]","[241.18, 44]","[261.62, 37]",192.59,162,97.18,0.0
07:35:39,"[144.0, 54]","[143.0, 27]","[160.41, 39]","[161.85, 39]",152.21,159,16.41,0.02
07:35:40,"[144.0, 54]","[143.0, 27]","[158.56, 27]","[159.68, 37]",151.28,145,14.56,0.12
07:35:41,"[144.14, 81]","[143.5, 72]","[154.55, 71]","[155.49, 57]",149.34,281,10.41,0.09
07:35:42,"[144.24, 41]","[143.53, 57]","[149.38, 29]","[150.34, 41]",146.81,168,5.14,0.17
07:35:43,"[143.5, 40]","[142.27, 55]","[146.48, 50]","[147.98, 46]",144.99,191,2.98,-0.01
07:35:44,"[142.43, 21]","[141.78, 27]","[144.22, 27]","[155.66, 41]",143.33,116,1.79,-0.17
07:35:45,"[142.0, 36]","[140.0, 9]","[143.56, 27]","[286.2, 20]",142.78,92,1.56,-0.02
07:35:46,"[142.4, 10]","[140.5, 8]","[339.0, 32]","[641.62, 16]",240.7,66,196.6,-0.45
07:35:47,"[142.0, 8]","[140.0, 8]","[337.75, 32]","[363.53, 30]",239.88,78,195.75,-0.59
07:35:48,"[142.0, 7]","[140.0, 7]","[337.0, 28]","[339.0, 28]",239.5,70,195.0,-0.6
07:35:49,"[142.0, 8]","[140.0, 8]","[335.5, 32]","[629.65, 34]",238.75,82,193.5,-0.61
07:35:50,"[139.92, 12]","[135.96, 49]","[335.0, 32]","[594.0, 16]",237.46,109,195.08,0.12
07:35:51,"[137.0, 55]","[131.0, 38]","[283.44, 36]","[325.0, 30]",210.22,159,146.44,0.17
07:35:52,"[137.0, 63]","[133.5, 12]","[270.83, 48]","[273.0, 24]",203.92,147,133.83,0.02
07:35:53,"[145.11, 19]","[141.12, 42]","[269.38, 32]","[342.42, 19]",207.24,112,124.27,0.09
07:35:54,"[145.71, 28]","[141.74, 53]","[231.0, 27]","[269.0, 36]",188.36,144,85.29,0.12
07:35:55,"[144.18, 34]","[143.54, 52]","[264.78, 27]","[273.41, 34]",204.48,147,120.6,0.17
07:35:56,"[146.0, 9]","[144.0, 90]","[267.2, 40]","[268.39, 41]",206.6,180,121.2,0.1
07:35:57,"[146.0, 9]","[144.0, 90]","[264.6, 43]","[266.53, 38]",205.3,180,118.6,0.1
07:35:58,"[145.18, 17]","[143.97, 103]","[181.21, 53]","[198.78, 37]",163.19,210,36.03,0.14
07:35:59,"[144.0, 37]","[143.0, 33]","[160.55, 47]","[162.18, 49]",152.28,166,16.55,-0.16
07:36:00,"[144.0, 24]","[143.0, 30]","[159.0, 40]","[162.0, 50]",151.5,144,15.0,-0.25
07:36:01,"[144.0, 11]","[143.0, 33]","[158.86, 42]","[161.55, 53]",151.43,139,14.86,-0.37
07:36:02,"[147.93, 61]","[144.37, 19]","[157.21, 57]","[158.37, 43]",152.57,180,9.28,-0.11
07:36:03,"[148.0, 50]","[146.0, 50]","[156.8, 50]","[158.0, 30]",152.4,180,8.8,0.11
07:36:04,"[148.0, 45]","[146.0, 45]","[155.4, 35]","[156.65, 37]",151.7,162,7.4,0.11
07:36:05,"[148.0, 44]","[146.0, 50]","[152.5, 40]","[154.0, 30]",150.25,164,4.5,0.15
07:36:06,"[148.0, 21]","[146.0, 35]","[150.78, 23]","[151.89, 27]",149.39,106,2.78,0.06
07:36:07,"[145.68, 62]","[144.15, 54]","[148.42, 38]","[234.55, 65]",147.05,219,2.74,0.06
07:36:08,"[144.0, 28]","[143.0, 30]","[146.3, 10]","[148.0, 30]",145.15,98,2.3,0.18
07:36:09,"[143.53, 19]","[142.71, 42]","[144.94, 36]","[146.47, 19]",144.24,116,1.42,0.05
07:36:10,"[142.08, 37]","[140.57, 14]","[143.7, 23]","[190.55, 42]",142.89,116,1.61,-0.12
07:36:11,"[141.4, 20]","[139.54, 13]","[143.8, 50]","[326.81, 64]",142.6,147,2.4,-0.55
07:36:12,"[140.0, 14]","[139.0, 14]","[142.71, 56]","[376.16, 50]",141.36,134,2.71,-0.58
07:36:13,"[138.24, 25]","[135.85, 71]","[181.97, 38]","[303.33, 27]",160.11,161,43.73,0.19
07:36:14,"[137.0, 65]","[91.0, 12]","[179.08, 24]","[203.0, 12]",158.04,113,42.08,0.36
07:36:15,"[137.0, 53]","[103.9, 10]","[159.33, 27]","[182.41, 17]",148.17,107,22.33,0.18
07:36:16,"[140.97, 122]","[139.85, 123]","[155.26, 38]","[179.56, 25]",148.12,308,14.3,0.59
07:36:17,"[143.0, 76]","[139.0, 154]","[176.91, 22]","[217.0, 11]",159.95,263,33.91,0.75
07:36:18,"[143.0, 44]","[139.0, 112]","[174.42, 19]","[193.14, 21]",158.71,196,31.42,0.59
07:36:19,"[143.78, 125]","[139.52, 161]","[171.4, 40]","[172.9, 40]",157.59,366,27.62,0.56
07:36:20,"[144.89, 126]","[143.0, 27]","[169.0, 18]","[170.0, 27]",156.94,198,24.11,0.55
07:36:21,"[146.0, 140]","[143.0, 30]","[168.33, 21]","[169.86, 29]",157.17,220,22.33,0.55
07:36:22,"[146.0, 114]","[143.0, 30]","[165.67, 24]","[166.85, 26]",155.83,194,19.67,0.48
07:36:23,"[145.18, 55]","[142.75, 20]","[163.22, 23]","[164.22, 27]",154.2,125,18.04,0.2
07:36:24,"[143.05, 42]","[142.62, 13]","[161.33, 12]","[164.0, 18]",152.19,85,18.29,0.29
07:36:25,"[143.48, 29]","[142.95, 59]","[159.19, 27]","[161.57, 23]",151.33,138,15.7,0.28
07:36:26,"[142.0, 18]","[138.88, 16]","[156.79, 14]","[158.3, 20]",149.39,68,14.79,0.0
07:36:27,"[144.05, 83]","[142.19, 67]","[153.9, 30]","[154.81, 21]",148.97,201,9.85,0.49
07:36:28,"[146.0, 64]","[143.0, 77]","[149.11, 27]","[149.86, 22]",147.56,190,3.11,0.48
07:36:29,"[146.0, 38]","[143.0, 101]","[148.18, 22]","[269.96, 26]",147.09,187,2.18,0.49
07:36:30,"[146.0, 10]","[143.0, 72]","[150.8, 10]","[699.9, 30]",148.4,122,4.8,0.34
07:36:31,"[143.31, 39]","[142.41, 68]","[554.68, 19]","[758.0, 12]",349.0,138,411.38,0.55
07:36:32,"[143.0, 49]","[142.0, 56]","[553.14, 21]","[673.17, 18]",348.07,144,410.14,0.46
07:36:33,"[143.0, 104]","[142.0, 128]","[277.97, 36]","[316.41, 41]",210.49,309,134.97,0.5
07:36:34,"[143.4, 30]","[142.2, 60]","[162.75, 16]","[188.12, 34]",153.07,140,19.35,0.29
07:36:35,"[144.0, 19]","[143.0, 27]","[160.67, 12]","[162.94, 33]",152.33,91,16.67,0.01
07:36:36,"[144.0, 11]","[143.0, 33]","[158.93, 14]","[160.02, 41]",151.46,99,14.93,-0.11
07:36:37,"[144.0, 14]","[143.0, 42]","[155.57, 23]","[156.74, 47]",149.78,126,11.57,-0.11
07:36:38,"[143.85, 13]","[142.8, 41]","[151.53, 30]","[155.4, 30]",147.69,114,7.69,-0.05
07:36:39,"[143.0, 20]","[142.0, 80]","[149.9, 40]","[151.11, 19]",146.45,159,6.9,0.26
07:36:40,"[143.0, 22]","[142.0, 88]","[147.03, 32]","[148.69, 29]",145.02,171,4.03,0.29
07:36:41,"[142.21, 68]","[141.56, 72]","[143.79, 19]","[146.83, 48]",143.0,207,1.58,0.35
07:36:42,"[141.3, 23]","[139.6, 20]","[143.14, 28]","[197.2, 10]",142.22,81,1.84,0.06
07:36:43,"[137.55, 33]","[108.33, 9]","[143.67, 6]","[277.0, 6]",140.61,54,6.12,0.56
07:36:44,"[137.0, 81]","[67.53, 30]","[143.0, 9]","[274.69, 13]",140.0,133,6.0,0.67
07:36:45,"[137.0, 108]","[109.0, 24]","[141.24, 21]","[207.0, 18]",139.12,171,4.24,0.54
07:36:46,"[137.0, 99]","[114.43, 21]","[140.84, 19]","[141.57, 14]",138.92,153,3.84,0.57
07:36:47,"[137.0, 81]","[129.67, 18]","[138.83, 12]","[140.6, 15]",137.92,126,1.83,0.57
07:36:48,"[137.0, 97]","[127.0, 36]","[138.15, 13]","[208.29, 21]",137.58,167,1.15,0.59
07:36:49,"[143.7, 46]","[134.25, 32]","[217.71, 21]","[309.54, 26]",180.7,125,74.02,0.25
07:36:50,"[148.0, 35]","[137.0, 30]","[217.0, 15]","[236.0, 15]",182.5,95,69.0,0.37
07:36:51,"[148.0, 84]","[137.0, 72]","[209.59, 37]","[316.2, 30]",178.8,223,61.59,0.4
07:36:52,"[148.0, 62]","[137.0, 60]","[214.6, 30]","[266.4, 30]",181.3,182,66.6,0.34
07:36:53,"[148.0, 36]","[141.09, 11]","[214.0, 18]","[306.67, 18]",181.0,83,66.0,0.13
07:36:54,"[148.0, 60]","[146.0, 108]","[213.4, 30]","[279.0, 30]",180.7,228,65.4,0.47
07:36:55,"[148.0, 60]","[146.0, 150]","[209.62, 34]","[238.33, 36]",178.81,280,61.62,0.5
07:36:56,"[148.0, 58]","[146.0, 150]","[205.8, 30]","[208.14, 42]",176.9,280,57.8,0.49
07:36:57,"[148.0, 45]","[146.0, 195]","[204.51, 43]","[205.83, 59]",176.26,342,56.51,0.4
07:36:58,"[148.0, 36]","[146.0, 180]","[196.82, 44]","[203.67, 52]",172.41,312,48.82,0.38
07:36:59,"[148.0, 24]","[146.0, 120]","[172.21, 28]","[173.07, 28]",160.11,200,24.21,0.44
07:37:00,"[148.0, 39]","[146.0, 195]","[170.23, 39]","[172.0, 65]",159.12,338,22.23,0.38
07:37:01,"[146.04, 154]","[145.07, 28]","[166.62, 64]","[167.81, 48]",156.33,294,20.59,0.24
07:37:02,"[146.06, 135]","[145.51, 53]","[160.92, 79]","[162.9, 73]",153.49,340,14.86,0.11
07:37:03,"[148.0, 16]","[146.0, 170]","[155.85, 60]","[156.94, 72]",151.93,318,7.85,0.17
07:37:04,"[146.13, 77]","[145.75, 63]","[151.48, 54]","[153.22, 51]",148.81,245,5.35,0.14
07:37:05,"[146.0, 54]","[144.0, 6]","[149.92, 12]","[151.36, 22]",147.96,94,3.92,0.28
07:37:06,"[145.91, 33]","[143.4, 10]","[147.12, 8]","[249.09, 22]",146.52,73,1.22,0.18
07:37:07,"[143.0, 8]","[142.0, 24]","[147.0, 8]","[364.0, 16]",145.0,56,4.0,0.14
07:37:08,"[142.0, 8]","[139.17, 54]","[146.88, 8]","[310.75, 16]",144.44,86,4.88,0.44
07:37:09,"[137.97, 37]","[94.28, 47]","[146.0, 11]","[222.0, 22]",141.99,117,8.03,0.44
07:37:10,"[139.47, 32]","[138.07, 42]","[145.5, 10]","[170.12, 34]",142.48,118,6.03,0.25
07:37:11,"[140.77, 26]","[139.14, 35]","[143.91, 11]","[216.11, 36]",142.34,108,3.14,0.13
07:37:12,"[141.1, 30]","[139.45, 22]","[142.85, 13]","[379.22, 37]",141.97,102,1.75,0.02
07:37:13,"[140.5, 12]","[138.89, 38]","[143.0, 8]","[374.0, 32]",141.75,90,2.5,0.11
07:37:14,"[139.07, 29]","[137.2, 10]","[143.0, 10]","[390.19, 32]",141.03,81,3.93,-0.04
07:37:15,"[141.0, 15]","[140.0, 47]","[142.33, 6]","[518.67, 12]",141.67,80,1.33,0.55
07:37:16,"[140.07, 15]","[139.22, 9]","[360.62, 16]","[577.0, 32]",250.35,72,220.56,-0.33
07:37:17,"[140.75, 40]","[139.67, 15]","[427.9, 20]","[588.64, 22]",284.32,97,287.15,0.13
07:37:18,"[141.0, 48]","[140.0, 16]","[401.38, 13]","[630.26, 31]",271.19,108,260.38,0.19
07:37:19,"[142.35, 34]","[140.75, 12]","[551.57, 14]","[638.0, 35]",346.96,95,409.22,-0.03
07:37:20,"[144.0, 15]","[142.0, 5]","[390.69, 13]","[684.82, 22]",267.35,55,246.69,-0.27
07:37:21,"[144.0, 27]","[142.91, 23]","[359.11, 18]","[674.0, 27]",251.56,95,215.11,0.05
07:37:22,"[144.0, 27]","[143.0, 27]","[457.67, 21]","[688.93, 30]",300.83,105,313.67,0.03
07:37:23,"[144.42, 36]","[143.33, 36]","[546.0, 24]","[574.5, 60]",345.21,156,401.58,-0.08
07:37:24,"[144.22, 27]","[143.11, 27]","[520.0, 18]","[561.71, 21]",332.11,93,375.78,0.16
07:37:25,"[146.29, 35]","[143.44, 27]","[268.22, 18]","[518.18, 39]",207.25,119,121.94,0.04
07:37:26,"[148.0, 35]","[144.0, 21]","[342.0, 14]","[443.0, 35]",245.0,105,194.0,0.07
07:37:27,"[148.0, 40]","[144.0, 24]","[426.18, 34]","[504.09, 22]",287.09,120,278.18,0.07
07:37:28,"[146.8, 25]","[143.76, 17]","[442.62, 32]","[481.96, 23]",294.71,97,295.82,-0.13
07:37:29,"[143.0, 27]","[142.0, 9]","[252.05, 38]","[425.58, 33]",197.53,107,109.05,-0.33
07:37:30,"[139.77, 13]","[136.16, 37]","[290.69, 42]","[432.12, 41]",215.23,133,150.92,-0.25
07:37:31,"[139.23, 39]","[137.16, 25]","[211.35, 26]","[279.84, 37]",175.29,127,72.12,0.01
07:37:32,"[142.73, 215]","[139.62, 39]","[261.74, 38]","[439.51, 57]",202.23,349,119.01,0.46
07:37:33,"[143.0, 171]","[141.56, 27]","[216.71, 42]","[272.09, 33]",179.86,273,73.71,0.45
07:37:34,"[143.0, 133]","[142.0, 21]","[216.0, 28]","[280.76, 29]",179.5,211,73.0,0.46
07:37:35,"[143.19, 47]","[142.97, 181]","[215.36, 44]","[254.18, 55]",179.28,327,72.17,0.39
07:37:36,"[144.0, 7]","[143.0, 161]","[215.0, 28]","[258.0, 35]",179.5,231,71.0,0.45
07:37:37,"[143.14, 49]","[142.96, 167]","[214.11, 36]","[246.89, 36]",178.63,288,70.97,0.5
07:37:38,"[143.0, 231]","[142.0, 33]","[211.91, 44]","[213.18, 44]",177.45,352,68.91,0.5
07:37:39,"[143.0, 222]","[142.0, 36]","[174.17, 48]","[205.67, 48]",158.58,354,31.17,0.46
07:37:40,"[143.0, 208]","[142.0, 39]","[155.23, 52]","[168.46, 52]",149.12,351,12.23,0.41
07:37:41,"[143.0, 160]","[142.0, 30]","[153.47, 38]","[154.6, 40]",148.24,268,10.47,0.42
07:37:42,"[143.27, 44]","[142.82, 82]","[149.96, 53]","[151.04, 46]",146.62,225,6.69,0.12
07:37:43,"[143.4, 15]","[142.63, 57]","[145.42, 48]","[146.4, 47]",144.41,167,2.02,-0.14
07:37:44,"[140.9, 63]","[139.25, 48]","[142.71, 56]","[145.67, 54]",141.81,221,1.81,0.0
07:37:45,"[140.0, 44]","[139.0, 37]","[157.68, 37]","[204.86, 49]",148.84,167,17.68,-0.03
07:37:46,"[140.71, 28]","[139.0, 53]","[254.57, 28]","[375.41, 32]",197.64,141,113.86,0.15
07:37:47,"[141.15, 40]","[139.1, 81]","[300.53, 49]","[632.05, 58]",220.84,228,159.38,0.06
07:37:48,"[141.18, 33]","[139.0, 84]","[145.83, 29]","[212.79, 38]",143.5,184,4.65,0.27
07:37:49,"[142.0, 26]","[139.0, 96]","[145.0, 12]","[237.2, 40]",143.5,174,3.0,0.4
07:37:50,"[141.12, 17]","[138.95, 74]","[183.5, 12]","[382.45, 31]",162.31,134,42.38,0.36
07:37:51,"[139.0, 20]","[137.2, 10]","[288.2, 15]","[472.3, 23]",213.6,68,149.2,-0.12
07:37:52,"[146.83, 23]","[138.94, 32]","[278.07, 45]","[428.16, 50]",212.45,150,131.24,-0.27
07:37:53,"[148.0, 14]","[139.0, 21]","[433.0, 35]","[583.43, 35]",290.5,105,285.0,-0.33
07:37:54,"[148.0, 14]","[142.0, 77]","[376.29, 35]","[604.0, 35]",262.14,161,228.29,0.13
07:37:55,"[148.0, 16]","[142.0, 120]","[381.36, 28]","[437.5, 40]",264.68,204,233.36,0.33
07:37:56,"[148.0, 24]","[142.0, 180]","[324.25, 40]","[383.21, 48]",236.12,292,176.25,0.4
07:37:57,"[142.55, 88]","[141.79, 76]","[335.57, 42]","[396.06, 47]",239.06,253,193.03,0.3
07:37:58,"[142.0, 48]","[140.14, 14]","[297.17, 18]","[299.0, 30]",219.58,110,155.17,0.13
07:37:59,"[142.27, 11]","[141.67, 27]","[297.0, 12]","[299.0, 20]",219.64,70,154.73,0.09
07:38:00,"[142.17, 48]","[141.43, 79]","[177.4, 50]","[248.55, 55]",159.78,232,35.23,0.09
07:38:01,"[142.09, 47]","[140.81, 53]","[144.33, 45]","[355.0, 38]",143.21,183,2.25,0.09
07:38:02,"[140.29, 68]","[130.48, 46]","[143.84, 68]","[300.48, 54]",142.07,236,3.54,-0.03
07:38:03,"[139.48, 64]","[134.07, 84]","[376.33, 42]","[533.0, 55]",257.91,245,236.85,0.21
07:38:04,"[143.0, 8]","[138.4, 20]","[298.29, 35]","[482.24, 37]",220.64,100,155.29,-0.44
07:38:05,"[140.0, 28]","[137.62, 26]","[181.08, 25]","[396.31, 35]",160.54,114,41.08,-0.05
07:38:06,"[140.09, 54]","[139.35, 17]","[178.19, 21]","[294.37, 30]",159.14,122,38.1,0.16
07:38:07,"[141.0, 11]","[139.0, 11]","[151.52, 29]","[163.94, 17]",146.26,68,10.52,-0.35
07:38:08,"[141.96, 25]","[139.29, 14]","[150.59, 17]","[152.93, 14]",146.27,70,8.63,0.11
07:38:09,"[143.11, 35]","[141.71, 21]","[150.19, 16]","[151.11, 19]",146.65,91,7.07,0.23
07:38:10,"[144.13, 38]","[142.44, 18]","[147.0, 8]","[148.0, 8]",145.57,72,2.87,0.56
07:38:11,"[145.75, 44]","[143.54, 26]","[192.0, 22]","[275.79, 34]",168.88,126,46.25,0.11
07:38:12,"[148.0, 99]","[145.3, 23]","[337.67, 30]","[495.29, 35]",242.83,187,189.67,0.3
07:38:13,"[148.0, 65]","[146.0, 15]","[508.8, 25]","[546.12, 16]",328.4,121,360.8,0.32
07:38:14,"[148.0, 117]","[146.0, 27]","[343.42, 19]","[450.8, 35]",245.71,198,195.42,0.45
07:38:15,"[148.0, 193]","[146.0, 48]","[188.83, 24]","[271.57, 42]",168.42,307,40.83,0.57
07:38:16,"[148.0, 120]","[146.0, 30]","[187.1, 50]","[187.41, 22]",167.55,222,39.1,0.35
07:38:17,"[148.0, 120]","[146.0, 30]","[183.55, 22]","[184.6, 50]",165.77,222,35.55,0.35
07:38:18,"[148.0, 128]","[146.0, 69]","[181.08, 49]","[183.38, 29]",164.54,275,33.08,0.43
07:38:19,"[148.0, 64]","[146.0, 64]","[179.75, 40]","[182.0, 8]",163.88,176,31.75,0.45
07:38:20,"[148.0, 54]","[146.0, 72]","[178.15, 33]","[179.62, 13]",163.08,172,30.15,0.47
07:38:21,"[147.65, 46]","[145.9, 84]","[176.0, 33]","[178.0, 11]",161.83,174,28.35,0.49
07:38:22,"[146.0, 72]","[144.0, 36]","[175.41, 27]","[176.33, 15]",160.7,150,29.41,0.44
07:38:23,"[146.0, 112]","[144.0, 56]","[172.1, 48]","[172.61, 44]",159.05,260,26.1,0.29
07:38:24,"[147.4, 160]","[145.4, 80]","[170.8, 15]","[171.98, 61]",159.1,316,23.4,0.52
07:38:25,"[148.0, 128]","[146.0, 64]","[166.08, 26]","[167.0, 32]",157.04,250,18.08,0.54
07:38:26,"[148.0, 212]","[146.0, 120]","[163.13, 45]","[165.82, 67]",155.57,444,15.13,0.5
07:38:27,"[148.0, 122]","[146.0, 55]","[160.23, 44]","[162.98, 50]",154.11,271,12.23,0.31
07:38:28,"[148.0, 45]","[146.0, 45]","[155.55, 33]","[156.4, 15]",151.77,138,7.55,0.3
07:38:29,"[148.0, 20]","[146.0, 20]","[153.92, 12]","[155.1, 10]",150.96,62,5.92,0.29
07:38:30,"[148.0, 52]","[146.0, 55]","[151.43, 35]","[152.67, 15]",149.71,157,3.43,0.36
07:38:31,"[148.0, 11]","[146.0, 50]","[149.0, 40]","[564.0, 28]",148.5,129,1.0,-0.05
07:38:32,"[146.31, 26]","[145.0, 40]","[354.74, 31]","[614.33, 27]",250.52,124,208.43,0.06
07:38:33,"[146.0, 16]","[144.0, 20]","[339.0, 15]","[386.8, 15]",242.5,66,193.0,0.09
07:38:34,"[146.0, 17]","[144.0, 32]","[337.38, 24]","[340.0, 24]",241.69,97,191.38,0.01
07:38:35,"[146.0, 36]","[144.0, 48]","[336.83, 36]","[499.0, 36]",241.42,156,190.83,0.08
07:38:36,"[146.0, 18]","[144.0, 24]","[336.0, 18]","[657.5, 18]",241.0,78,190.0,0.08
07:38:37,"[146.0, 15]","[143.8, 20]","[336.0, 15]","[375.0, 20]",241.0,70,190.0,0.0
07:38:38,"[146.0, 27]","[143.87, 31]","[328.0, 33]","[354.58, 33]",237.0,124,182.0,-0.06
07:38:39,"[146.0, 24]","[144.0, 30]","[186.3, 30]","[207.0, 26]",166.15,110,40.3,-0.02
07:38:40,"[146.0, 21]","[144.0, 21]","[168.57, 35]","[180.0, 21]",157.29,98,22.57,-0.14
07:38:41,"[144.86, 42]","[143.69, 39]","[163.21, 47]","[170.9, 63]",154.03,191,18.36,-0.15
07:38:42,"[142.74, 38]","[141.81, 26]","[160.17, 47]","[162.61, 31]",151.45,142,17.43,-0.1
07:38:43,"[142.0, 22]","[141.0, 11]","[156.74, 34]","[158.27, 33]",149.37,100,14.74,-0.34
07:38:44,"[142.0, 10]","[141.0, 5]","[152.57, 14]","[153.61, 18]",147.29,47,10.57,-0.36
07:38:45,"[142.0, 8]","[141.0, 4]","[148.73, 11]","[149.78, 9]",145.36,32,6.73,-0.25
07:38:46,"[141.95, 21]","[140.56, 18]","[144.71, 31]","[145.7, 30]",143.33,100,2.76,-0.22
07:38:47,"[138.56, 61]","[137.47, 51]","[140.67, 33]","[145.08, 39]",139.61,184,2.11,0.22
07:38:48,"[137.0, 25]","[136.0, 10]","[139.6, 10]","[182.0, 15]",138.3,60,2.6,0.17
07:38:49,"[137.0, 40]","[136.0, 16]","[139.0, 16]","[183.88, 24]",138.0,96,2.0,0.17
07:38:50,"[137.55, 22]","[136.71, 14]","[139.0, 8]","[187.0, 12]",138.27,56,1.45,0.29
07:38:51,"[137.04, 74]","[131.62, 65]","[319.82, 44]","[367.29, 42]",228.43,225,182.78,0.24
07:38:52,"[143.99, 77]","[143.22, 111]","[262.43, 46]","[298.92, 52]",203.21,286,118.45,0.31
07:38:53,"[146.0, 40]","[144.0, 120]","[252.25, 32]","[283.32, 38]",199.12,230,106.25,0.39
07:38:54,"[144.24, 85]","[143.39, 69]","[287.31, 39]","[443.18, 33]",215.77,226,143.07,0.36
07:38:55,"[144.0, 54]","[142.0, 27]","[226.6, 10]","[433.67, 18]",185.3,109,82.6,0.49
07:38:56,"[144.0, 81]","[142.0, 54]","[177.53, 15]","[294.04, 27]",160.77,177,33.53,0.53
07:38:57,"[144.91, 35]","[143.33, 54]","[163.1, 10]","[165.88, 25]",154.01,124,18.19,0.44
07:38:58,"[148.0, 24]","[144.0, 108]","[160.24, 42]","[161.67, 18]",154.12,192,12.24,0.38
07:38:59,"[148.0, 16]","[144.0, 72]","[158.29, 17]","[159.87, 23]",153.15,128,10.29,0.38
07:39:00,"[145.67, 24]","[143.58, 57]","[157.57, 28]","[159.0, 7]",151.62,116,11.9,0.4
07:39:01,"[144.0, 52]","[142.83, 72]","[155.24, 33]","[155.41, 22]",149.62,179,11.24,0.39
07:39:02,"[143.07, 30]","[142.22, 54]","[151.14, 14]","[152.71, 17]",147.1,115,8.08,0.46
07:39:03,"[144.38, 125]","[142.92, 156]","[147.59, 59]","[148.86, 43]",145.98,383,3.22,0.47
07:39:04,"[143.56, 88]","[142.62, 78]","[149.11, 27]","[160.11, 27]",146.33,220,5.55,0.51
07:39:05,"[146.18, 50]","[143.84, 100]","[178.0, 28]","[387.1, 30]",162.09,208,31.82,0.44
07:39:06,"[148.0, 10]","[146.0, 35]","[183.4, 10]","[185.0, 15]",165.7,70,35.4,0.29
07:39:07,"[148.0, 18]","[146.0, 63]","[180.22, 18]","[362.33, 27]",164.11,126,32.22,0.29
07:39:08,"[148.0, 26]","[146.0, 127]","[178.54, 41]","[396.76, 34]",163.27,228,30.54,0.34
07:39:09,"[148.0, 24]","[146.0, 84]","[172.57, 46]","[169.94, 31]",160.28,185,24.57,0.17
07:39:10,"[146.17, 46]","[143.43, 98]","[152.94, 36]","[153.84, 25]",149.56,205,6.77,0.4
07:39:11,"[146.0, 52]","[143.0, 156]","[150.88, 50]","[151.63, 41]",148.44,299,4.88,0.39
07:39:12,"[146.0, 18]","[143.0, 108]","[148.67, 45]","[150.0, 18]",147.33,189,2.67,0.33
07:39:13,"[143.31, 98]","[142.32, 62]","[149.44, 27]","[242.67, 45]",146.38,232,6.14,0.38
07:39:14,"[143.54, 54]","[142.59, 73]","[145.0, 37]","[146.91, 33]",144.27,197,1.46,0.29
07:39:15,"[142.74, 46]","[141.2, 100]","[144.0, 35]","[190.62, 32]",143.37,213,1.26,0.37
07:39:16,"[142.16, 19]","[140.14, 86]","[264.58, 26]","[390.32, 38]",203.37,169,122.42,0.24
07:39:17,"[140.03, 80]","[139.11, 76]","[263.07, 27]","[302.96, 26]",201.55,209,123.05,0.49
07:39:18,"[139.42, 66]","[138.43, 127]","[193.47, 30]","[209.67, 24]",166.45,247,54.04,0.56
07:39:19,"[142.0, 22]","[139.0, 143]","[174.22, 18]","[180.33, 18]",158.11,201,32.22,0.64
07:39:20,"[142.0, 24]","[139.0, 108]","[175.15, 13]","[176.09, 23]",158.58,168,33.15,0.57
07:39:21,"[140.25, 53]","[138.51, 131]","[172.24, 17]","[173.26, 19]",156.24,220,31.99,0.67
07:39:22,"[139.0, 88]","[137.0, 88]","[168.15, 13]","[169.15, 13]",153.58,202,29.15,0.74
07:39:23,"[139.07, 87]","[121.5, 113]","[164.43, 14]","[166.57, 14]",151.75,228,25.36,0.75
07:39:24,"[141.49, 63]","[111.23, 62]","[161.91, 11]","[163.18, 11]",151.7,147,20.42,0.7
07:39:25,"[138.07, 67]","[120.46, 114]","[159.24, 17]","[161.08, 13]",148.65,211,21.16,0.72
07:39:26,"[139.0, 27]","[137.0, 72]","[156.11, 9]","[157.36, 11]",147.56,119,17.11,0.66
07:39:27,"[137.67, 63]","[114.1, 134]","[153.63, 30]","[155.62, 24]",145.65,251,15.97,0.57
07:39:28,"[137.0, 91]","[95.98, 132]","[149.08, 13]","[151.0, 26]",143.04,262,12.08,0.7
07:39:29,"[137.0, 63]","[87.67, 63]","[144.0, 24]","[147.68, 19]",140.5,169,7.0,0.49
07:39:30,"[137.0, 56]","[79.75, 56]","[142.77, 22]","[144.8, 10]",139.89,144,5.77,0.56
07:39:31,"[137.0, 69]","[43.0, 70]","[139.67, 46]","[141.84, 19]",138.34,204,2.67,0.36
07:39:32,"[126.28, 47]","[68.0, 35]","[141.24, 37]","[195.91, 23]",133.76,142,14.97,0.15
07:39:33,"[137.0, 17]","[119.0, 35]","[146.67, 12]","[208.15, 13]",141.83,77,9.67,0.35
07:39:34,"[137.0, 8]","[99.0, 42]","[143.43, 14]","[144.25, 16]",140.21,80,6.43,0.25
07:39:35,"[127.43, 30]","[116.48, 58]","[140.21, 29]","[141.42, 31]",133.82,148,12.77,0.19
07:39:36,"[112.29, 14]","[38.87, 47]","[133.25, 32]","[137.73, 37]",122.77,130,20.96,-0.06
07:39:37,"[58.42, 19]","[54.4, 10]","[174.86, 21]","[232.11, 27]",116.64,77,116.44,-0.25
07:39:38,"[85.08, 48]","[75.17, 36]","[281.37, 38]","[425.86, 37]",183.23,159,196.29,0.06
07:39:39,"[92.84, 38]","[89.33, 24]","[225.0, 17]","[244.89, 27]",158.92,106,132.16,0.17
07:39:40,"[101.4, 10]","[90.11, 18]","[228.33, 9]","[252.43, 14]",164.87,51,126.93,0.1
07:39:41,"[144.86, 56]","[143.13, 126]","[256.83, 41]","[455.37, 19]",200.84,242,111.97,0.5
07:39:42,"[146.0, 29]","[144.0, 32]","[206.27, 22]","[257.17, 36]",176.14,119,60.27,0.03
07:39:43,"[146.0, 8]","[144.0, 32]","[237.25, 32]","[356.04, 28]",191.62,100,91.25,-0.2
07:39:44,"[146.0, 5]","[144.0, 20]","[170.38, 16]","[171.69, 13]",158.19,54,24.38,-0.07
07:39:45,"[144.36, 22]","[143.14, 118]","[164.23, 31]","[168.89, 35]",154.29,206,19.86,0.36
07:39:46,"[146.29, 21]","[143.26, 69]","[160.0, 45]","[165.0, 12]",153.14,147,13.71,0.22
07:39:47,"[148.0, 10]","[144.0, 15]","[157.8, 10]","[160.0, 25]",152.9,60,9.8,-0.17
07:39:48,"[148.0, 12]","[144.0, 18]","[156.0, 30]","[157.0, 12]",152.0,72,8.0,-0.17
07:39:49,"[148.0, 22]","[144.0, 33]","[154.33, 49]","[155.93, 28]",151.16,132,6.33,-0.17
07:39:50,"[148.0, 18]","[144.0, 27]","[150.73, 22]","[153.59, 39]",149.36,106,2.73,-0.15
07:39:51,"[144.25, 32]","[143.02, 173]","[148.42, 24]","[150.79, 28]",146.33,257,4.17,0.6
07:39:52,"[144.0, 39]","[142.76, 103]","[148.56, 32]","[169.46, 52]",146.28,226,4.56,0.26
07:39:53,"[144.3, 20]","[143.38, 32]","[154.0, 55]","[260.0, 28]",149.15,135,9.7,-0.23
07:39:54,"[145.7, 10]","[144.0, 20]","[151.63, 38]","[218.0, 42]",148.67,110,5.93,-0.45
07:39:55,"[142.6, 40]","[139.95, 74]","[151.82, 55]","[156.82, 49]",147.21,218,9.22,0.05
07:39:56,"[142.29, 17]","[139.6, 50]","[148.41, 34]","[150.61, 46]",145.35,147,6.12,-0.09
07:39:57,"[139.13, 31]","[138.67, 12]","[146.89, 28]","[147.75, 20]",143.01,91,7.76,-0.05
07:39:58,"[139.0, 84]","[138.0, 28]","[143.92, 38]","[144.97, 58]",141.46,208,4.92,0.08
07:39:59,"[139.0, 68]","[138.0, 24]","[141.15, 46]","[141.79, 34]",140.08,172,2.15,0.07
07:40:00,"[139.0, 70]","[137.18, 11]","[159.0, 30]","[173.2, 30]",149.0,141,20.0,0.15
07:40:01,"[139.0, 49]","[136.09, 44]","[309.75, 24]","[534.5, 24]",224.38,141,170.75,0.32
07:40:02,"[139.0, 78]","[136.02, 122]","[218.0, 39]","[448.77, 39]",178.5,278,79.0,0.44
07:40:03,"[139.32, 50]","[137.62, 26]","[226.36, 33]","[352.89, 27]",182.84,136,87.04,0.12
07:40:04,"[144.0, 10]","[143.0, 47]","[363.5, 16]","[510.82, 34]",253.75,107,219.5,0.07
07:40:05,"[143.63, 27]","[142.92, 49]","[520.85, 34]","[585.52, 40]",332.24,150,377.22,0.01
07:40:06,"[144.0, 24]","[143.0, 60]","[486.24, 41]","[599.31, 32]",315.12,157,342.24,0.07
07:40:07,"[144.05, 21]","[143.04, 52]","[194.0, 32]","[269.38, 39]",169.02,144,49.95,0.01
07:40:08,"[143.29, 31]","[141.72, 53]","[167.96, 53]","[210.41, 34]",155.63,171,24.67,-0.02
07:40:09,"[142.0, 12]","[139.0, 84]","[164.67, 33]","[165.47, 51]",153.33,180,22.67,0.07
07:40:10,"[142.0, 31]","[139.0, 77]","[160.41, 34]","[164.26, 43]",151.21,185,18.41,0.17
07:40:11,"[142.0, 30]","[139.0, 70]","[151.11, 27]","[153.05, 40]",146.56,167,9.11,0.2
07:40:12,"[142.0, 16]","[139.0, 42]","[147.1, 20]","[148.9, 21]",144.55,99,5.1,0.17
07:40:13,"[140.41, 34]","[138.54, 52]","[143.67, 49]","[146.61, 61]",142.04,196,3.26,-0.12
07:40:14,"[138.06, 17]","[136.33, 18]","[140.18, 17]","[141.7, 20]",139.12,72,2.12,-0.03
07:40:15,"[136.31, 13]","[133.9, 10]","[138.17, 12]","[139.17, 12]",137.24,47,1.86,-0.02
07:40:16,"[87.0, 57]","[62.12, 17]","[137.46, 26]","[211.57, 28]",112.23,128,50.46,0.16
07:40:17,"[76.53, 34]","[33.05, 42]","[136.88, 24]","[138.0, 16]",106.7,116,60.35,0.31
07:40:18,"[92.05, 43]","[81.54, 71]","[130.94, 34]","[170.78, 18]",111.49,166,38.89,0.37
07:40:19,"[100.6, 35]","[47.0, 5]","[129.0, 20]","[130.0, 5]",114.8,65,28.4,0.23
07:40:20,"[115.0, 35]","[46.94, 17]","[129.0, 20]","[130.0, 5]",122.0,77,14.0,0.35
07:40:21,"[115.0, 35]","[76.8, 5]","[129.0, 20]","[130.0, 5]",122.0,65,14.0,0.23
07:40:22,"[116.6, 53]","[94.82, 51]","[129.0, 30]","[130.0, 9]",122.8,143,12.4,0.45
07:40:23,"[119.36, 66]","[100.09, 70]","[129.0, 46]","[130.0, 12]",124.18,194,9.64,0.4
07:40:24,"[120.0, 36]","[116.0, 63]","[129.03, 58]","[131.18, 17]",124.52,174,9.03,0.14
07:40:25,"[121.0, 24]","[96.67, 42]","[130.0, 6]","[132.0, 30]",125.5,102,9.0,0.29
07:40:26,"[123.1, 40]","[44.5, 70]","[130.4, 10]","[152.5, 48]",126.75,168,7.3,0.31
07:40:27,"[140.1, 21]","[114.74, 35]","[194.25, 32]","[294.0, 32]",167.17,120,54.15,-0.07
07:40:28,"[144.14, 22]","[141.17, 23]","[188.04, 25]","[247.83, 24]",166.09,94,43.9,-0.04
07:40:29,"[144.0, 28]","[139.0, 35]","[267.12, 32]","[468.22, 18]",205.56,113,123.12,0.12
07:40:30,"[143.29, 28]","[130.11, 37]","[167.0, 24]","[269.29, 28]",155.14,117,23.71,0.11
07:40:31,"[139.13, 31]","[75.72, 65]","[165.5, 30]","[221.44, 36]",152.31,162,26.37,0.19
07:40:32,"[139.84, 25]","[99.3, 27]","[164.29, 21]","[361.38, 16]",152.06,89,24.45,0.17
07:40:33,"[140.12, 56]","[139.0, 8]","[161.4, 20]","[202.5, 20]",150.76,104,21.28,0.23
07:40:34,"[141.0, 63]","[139.0, 9]","[158.48, 27]","[159.67, 24]",149.74,123,17.48,0.17
07:40:35,"[141.63, 75]","[139.0, 9]","[154.42, 24]","[155.86, 21]",148.02,129,12.79,0.3
07:40:36,"[142.0, 45]","[139.0, 5]","[152.71, 17]","[154.0, 12]",147.35,79,10.71,0.27
07:40:37,"[142.0, 81]","[139.0, 9]","[147.61, 33]","[149.18, 33]",144.8,156,5.61,0.15
07:40:38,"[142.23, 47]","[141.82, 67]","[144.97, 31]","[146.53, 38]",143.6,183,2.73,0.25
07:40:39,"[142.0, 99]","[139.0, 11]","[143.95, 38]","[145.8, 30]",142.97,178,1.95,0.24
07:40:40,"[142.0, 50]","[139.0, 32]","[144.31, 16]","[148.0, 40]",143.16,138,2.31,0.19
07:40:41,"[140.29, 14]","[137.07, 58]","[147.47, 34]","[202.0, 40]",143.88,146,7.18,-0.01
07:40:42,"[131.66, 32]","[95.29, 68]","[146.12, 32]","[148.0, 32]",138.89,164,14.47,0.22
07:40:43,"[122.39, 46]","[109.44, 66]","[143.56, 36]","[253.0, 43]",132.97,191,21.16,0.17
07:40:44,"[133.34, 29]","[127.33, 72]","[143.0, 28]","[278.73, 30]",138.17,159,9.66,0.27
07:40:45,"[134.46, 94]","[118.9, 67]","[266.47, 49]","[496.51, 41]",200.46,251,132.01,0.28
07:40:46,"[139.0, 45]","[131.36, 11]","[583.1, 39]","[695.0, 30]",361.05,125,444.1,-0.1
07:40:47,"[139.0, 40]","[136.0, 10]","[166.13, 46]","[335.53, 38]",152.57,134,27.13,-0.25
07:40:48,"[129.83, 18]","[109.87, 31]","[167.0, 28]","[398.21, 24]",148.42,101,37.17,-0.03
07:40:49,"[119.58, 36]","[109.55, 33]","[208.37, 38]","[304.46, 26]",163.98,133,88.79,0.04
07:40:50,"[148.0, 27]","[141.67, 27]","[279.22, 45]","[281.0, 27]",213.61,126,131.22,-0.14
07:40:51,"[145.2, 10]","[142.12, 52]","[231.92, 37]","[266.26, 31]",188.56,130,86.72,-0.05
07:40:52,"[142.21, 47]","[140.78, 59]","[164.94, 32]","[177.7, 40]",153.58,178,22.72,0.19
07:40:53,"[142.0, 63]","[139.0, 36]","[143.47, 15]","[269.09, 23]",142.73,137,1.47,0.45
07:40:54,"[142.0, 32]","[139.0, 32]","[143.0, 32]","[194.83, 12]",142.5,108,1.0,0.19
07:40:55,"[139.0, 28]","[137.0, 21]","[277.35, 23]","[362.14, 21]",208.17,93,138.35,0.05
07:40:56,"[139.52, 29]","[138.54, 52]","[195.7, 30]","[230.24, 25]",167.61,136,56.18,0.19
07:40:57,"[142.4, 20]","[138.72, 43]","[192.12, 42]","[198.73, 52]",167.26,157,49.72,-0.2
07:40:58,"[143.0, 90]","[139.0, 12]","[187.81, 42]","[189.34, 44]",165.4,188,44.81,0.09
07:40:59,"[143.0, 42]","[139.0, 7]","[184.11, 18]","[185.0, 29]",163.56,96,41.11,0.02
07:41:00,"[143.0, 66]","[139.0, 11]","[180.55, 33]","[181.1, 31]",161.77,141,37.55,0.09
07:41:01,"[143.0, 54]","[139.46, 13]","[177.6, 25]","[178.82, 22]",160.3,114,34.6,0.18
07:41:02,"[143.35, 69]","[140.68, 25]","[174.55, 73]","[175.36, 39]",158.95,206,31.2,-0.09
07:41:03,"[145.0, 136]","[140.92, 25]","[171.63, 68]","[172.76, 46]",158.32,275,26.63,0.17
07:41:04,"[145.0, 48]","[142.56, 18]","[168.38, 24]","[169.38, 24]",156.69,114,23.38,0.16
07:41:05,"[145.62, 104]","[143.0, 52]","[164.5, 46]","[167.98, 51]",155.06,253,18.88,0.23
07:41:06,"[146.0, 104]","[143.0, 52]","[160.09, 44]","[160.61, 49]",153.05,249,14.09,0.25
07:41:07,"[146.0, 88]","[143.0, 60]","[155.56, 52]","[157.26, 23]",150.78,223,9.56,0.33
07:41:08,"[146.0, 80]","[143.0, 80]","[154.53, 38]","[155.42, 38]",150.26,236,8.53,0.36
07:41:09,"[146.0, 72]","[143.0, 72]","[152.41, 29]","[153.5, 32]",149.21,205,6.41,0.4
07:41:10,"[146.0, 74]","[143.0, 136]","[149.08, 50]","[151.0, 68]",147.54,328,3.08,0.28
07:41:11,"[145.13, 23]","[143.69, 51]","[147.3, 30]","[169.51, 41]",146.22,145,2.17,0.02
07:41:12,"[144.0, 50]","[143.0, 80]","[146.18, 34]","[147.46, 26]",145.09,190,2.18,0.37
07:41:13,"[144.0, 49]","[143.0, 88]","[145.86, 29]","[254.17, 29]",144.93,195,1.86,0.41
07:41:14,"[143.04, 75]","[140.23, 78]","[144.94, 35]","[334.78, 45]",143.99,233,1.9,0.31
07:41:15,"[143.0, 70]","[139.0, 54]","[144.22, 27]","[431.33, 36]",143.61,187,1.22,0.33
07:41:16,"[143.0, 44]","[139.0, 48]","[144.0, 36]","[457.84, 31]",143.5,159,1.0,0.16
07:41:17,"[143.0, 13]","[139.0, 60]","[423.67, 36]","[527.68, 28]",283.33,137,280.67,0.07
07:41:18,"[143.0, 8]","[139.75, 96]","[608.0, 32]","[0, 0]",375.5,136,465.0,0.53
07:41:19,"[143.0, 9]","[142.0, 108]","[412.52, 33]","[613.77, 31]",277.76,181,269.52,0.29
07:41:20,"[143.0, 16]","[142.0, 198]","[241.85, 33]","[323.79, 43]",192.42,290,98.85,0.48
07:41:21,"[144.51, 70]","[142.13, 75]","[214.43, 46]","[216.23, 57]",179.47,248,69.92,0.17
07:41:22,"[142.0, 130]","[139.0, 130]","[212.3, 30]","[213.82, 33]",177.15,323,70.3,0.61
07:41:23,"[142.0, 143]","[139.0, 143]","[178.93, 15]","[203.32, 25]",160.47,326,36.93,0.75
07:41:24,"[142.0, 111]","[139.0, 156]","[155.61, 28]","[169.5, 26]",148.8,321,13.61,0.66
07:41:25,"[142.0, 88]","[139.0, 169]","[155.15, 40]","[183.67, 21]",148.57,318,13.15,0.62
07:41:26,"[142.26, 27]","[139.9, 93]","[155.29, 28]","[156.05, 42]",148.77,190,13.03,0.26
07:41:27,"[143.87, 23]","[139.38, 74]","[153.27, 11]","[154.11, 19]",148.57,127,9.4,0.53
07:41:28,"[144.38, 32]","[139.78, 118]","[150.9, 20]","[151.89, 18]",147.64,188,6.53,0.6
07:41:29,"[142.0, 20]","[139.0, 130]","[147.73, 11]","[149.32, 19]",144.86,180,5.73,0.67
07:41:30,"[142.15, 26]","[139.04, 145]","[144.89, 18]","[147.73, 22]",143.52,211,2.74,0.62
07:41:31,"[143.0, 46]","[142.0, 34]","[144.9, 40]","[244.79, 24]",143.95,144,1.9,0.11
07:41:32,"[144.0, 54]","[143.0, 18]","[147.0, 18]","[210.0, 33]",145.5,123,3.0,0.17
07:41:33,"[144.0, 72]","[143.0, 24]","[147.0, 24]","[197.0, 48]",145.5,168,3.0,0.14
07:41:34,"[144.0, 58]","[143.0, 22]","[145.82, 22]","[168.43, 28]",144.91,130,1.82,0.23
07:41:35,"[144.0, 30]","[143.0, 30]","[147.0, 30]","[225.25, 48]",145.5,138,3.0,-0.13
07:41:36,"[144.0, 18]","[143.0, 18]","[146.11, 18]","[400.33, 33]",145.06,87,2.11,-0.17
07:41:37,"[144.0, 20]","[143.0, 30]","[145.6, 20]","[398.5, 28]",144.8,98,1.6,0.02
07:41:38,"[143.08, 52]","[142.21, 38]","[411.42, 24]","[522.87, 46]",277.25,160,268.34,0.12
07:41:39,"[142.4, 20]","[140.8, 10]","[312.0, 6]","[530.0, 12]",227.2,48,169.6,0.25
07:41:40,"[140.38, 13]","[138.02, 86]","[312.0, 9]","[601.86, 28]",226.19,136,171.62,0.46
07:41:41,"[139.0, 7]","[138.0, 84]","[406.0, 15]","[537.89, 18]",272.5,124,267.0,0.47
07:41:42,"[138.47, 15]","[137.98, 86]","[280.5, 40]","[494.0, 8]",209.48,149,142.03,0.36
07:41:43,"[137.91, 44]","[136.59, 34]","[313.8, 30]","[575.41, 17]",225.85,125,175.89,0.25
07:41:44,"[138.43, 14]","[136.1, 39]","[336.43, 14]","[446.17, 12]",237.43,79,198.0,0.34
07:41:45,"[140.67, 9]","[137.25, 8]","[347.0, 10]","[514.0, 10]",243.83,37,206.33,-0.08
07:41:46,"[142.62, 26]","[137.2, 15]","[306.33, 27]","[408.56, 18]",224.47,86,163.72,-0.05
07:41:47,"[138.0, 6]","[137.0, 12]","[289.0, 30]","[393.67, 12]",213.5,60,151.0,-0.4
07:41:48,"[141.08, 13]","[137.29, 14]","[272.33, 30]","[320.03, 33]",206.71,90,131.26,-0.4
07:41:49,"[143.0, 16]","[138.0, 8]","[285.46, 24]","[324.86, 28]",214.23,76,142.46,-0.37
07:41:50,"[137.91, 23]","[126.64, 22]","[269.0, 7]","[288.0, 35]",203.46,87,131.09,0.03
07:41:51,"[136.0, 50]","[116.4, 110]","[256.42, 26]","[279.62, 34]",196.21,220,120.42,0.45
07:41:52,"[136.0, 35]","[130.0, 77]","[137.55, 11]","[260.24, 25]",136.77,148,1.55,0.51
07:41:53,"[136.0, 50]","[130.0, 110]","[137.0, 47]","[138.0, 10]",136.5,217,1.0,0.47
07:41:54,"[136.0, 45]","[130.0, 99]","[137.0, 33]","[138.0, 9]",136.5,186,1.0,0.55
07:41:55,"[133.72, 29]","[129.81, 103]","[137.0, 10]","[138.0, 10]",135.36,152,3.28,0.74
07:41:56,"[136.0, 14]","[130.0, 77]","[137.0, 7]","[138.0, 7]",136.5,105,1.0,0.73
07:41:57,"[136.0, 96]","[59.97, 62]","[137.08, 13]","[148.43, 14]",136.54,185,1.08,0.71
07:41:58,"[122.91, 85]","[121.24, 141]","[186.33, 18]","[344.75, 40]",154.62,284,63.43,0.59
07:41:59,"[115.81, 52]","[115.1, 41]","[429.16, 31]","[477.94, 31]",272.48,155,313.35,0.2
07:42:00,"[145.62, 16]","[143.0, 16]","[422.7, 10]","[423.75, 12]",284.16,54,277.07,0.19
07:42:01,"[139.89, 47]","[88.07, 87]","[202.83, 12]","[367.56, 16]",171.36,162,62.94,0.65
07:42:02,"[139.24, 33]","[103.36, 42]","[159.5, 12]","[329.04, 27]",149.37,114,20.26,0.32
07:42:03,"[141.0, 18]","[138.92, 25]","[159.0, 9]","[339.53, 19]",150.0,71,18.0,0.21
07:42:04,"[142.22, 18]","[139.5, 12]","[154.55, 11]","[369.53, 17]",148.38,58,12.32,0.03
07:42:05,"[143.0, 36]","[142.0, 24]","[156.33, 12]","[157.5, 12]",149.67,84,13.33,0.43
07:42:06,"[143.25, 20]","[142.6, 25]","[154.8, 10]","[156.2, 10]",149.03,65,11.55,0.38
07:42:07,"[143.62, 56]","[142.52, 29]","[154.0, 12]","[156.0, 12]",148.81,109,10.38,0.56
07:42:08,"[145.05, 85]","[144.3, 67]","[153.33, 9]","[154.67, 9]",149.19,170,8.29,0.79
07:42:09,"[145.14, 56]","[144.0, 49]","[152.0, 7]","[153.14, 7]",148.57,119,6.86,0.76
07:42:10,"[146.0, 56]","[144.0, 49]","[149.14, 7]","[150.14, 7]",147.57,119,3.14,0.76
07:42:11,"[146.0, 24]","[144.0, 28]","[148.0, 4]","[149.0, 4]",147.0,60,2.0,0.73
07:42:12,"[146.0, 38]","[144.0, 70]","[147.1, 10]","[248.36, 11]",146.55,129,1.1,0.67
07:42:13,"[146.0, 21]","[144.0, 49]","[147.0, 7]","[528.89, 9]",146.5,86,1.0,0.63
07:42:14,"[146.0, 15]","[144.0, 35]","[147.0, 5]","[372.2, 5]",146.5,60,1.0,0.67
07:42:15,"[146.0, 27]","[144.0, 63]","[147.0, 9]","[150.0, 9]",146.5,108,1.0,0.67
07:42:16,"[146.0, 19]","[144.0, 63]","[252.95, 21]","[286.86, 21]",199.48,124,106.95,0.32
07:42:17,"[144.86, 37]","[143.95, 59]","[340.86, 42]","[345.71, 49]",242.86,187,195.99,0.03
07:42:18,"[144.0, 108]","[143.0, 16]","[336.79, 63]","[338.42, 78]",240.4,265,192.79,-0.06
07:42:19,"[142.1, 63]","[140.27, 11]","[333.47, 49]","[334.57, 46]",237.78,169,191.37,-0.12
07:42:20,"[142.0, 84]","[140.0, 14]","[323.44, 41]","[329.57, 54]",232.72,193,181.44,0.02
07:42:21,"[142.0, 42]","[140.0, 10]","[233.93, 40]","[236.83, 42]",187.96,134,91.93,-0.22
07:42:22,"[142.0, 64]","[140.0, 20]","[205.53, 60]","[221.61, 75]",173.77,219,63.53,-0.23
07:42:23,"[142.0, 39]","[140.0, 13]","[188.95, 39]","[192.47, 40]",165.47,131,46.95,-0.21
07:42:24,"[143.84, 74]","[141.92, 53]","[184.69, 85]","[185.38, 66]",164.27,278,40.86,-0.09
07:42:25,"[144.0, 48]","[142.0, 36]","[179.95, 44]","[181.54, 50]",161.98,178,35.95,-0.06
07:42:26,"[144.0, 72]","[140.0, 18]","[174.12, 67]","[176.02, 52]",159.06,209,30.12,-0.14
07:42:27,"[144.0, 76]","[141.68, 19]","[167.76, 45]","[169.1, 63]",155.88,203,23.76,-0.06
07:42:28,"[143.0, 32]","[139.39, 46]","[162.36, 28]","[163.29, 49]",152.68,155,19.36,0.01
07:42:29,"[146.7, 94]","[138.33, 90]","[157.52, 27]","[158.31, 29]",152.11,240,10.82,0.53
07:42:30,"[148.0, 120]","[139.0, 60]","[152.9, 50]","[154.19, 26]",150.45,256,4.9,0.41
07:42:31,"[148.0, 100]","[139.0, 50]","[153.08, 24]","[155.06, 16]",150.54,190,5.08,0.58
07:42:32,"[148.0, 104]","[139.0, 65]","[151.5, 18]","[152.43, 21]",149.75,208,3.5,0.62
07:42:33,"[146.93, 60]","[139.13, 63]","[148.8, 15]","[149.8, 15]",147.87,153,1.87,0.61
07:42:34,"[140.0, 24]","[139.0, 76]","[147.75, 12]","[148.75, 12]",143.88,124,7.75,0.61
07:42:35,"[139.29, 35]","[137.91, 55]","[147.0, 10]","[148.0, 10]",143.14,110,7.71,0.64
07:42:36,"[137.94, 88]","[136.86, 56]","[145.67, 12]","[146.67, 12]",141.8,168,7.72,0.71
07:42:37,"[139.0, 78]","[136.69, 78]","[144.0, 12]","[145.0, 12]",141.5,180,5.0,0.73
07:42:38,"[142.19, 69]","[138.48, 93]","[144.0, 13]","[145.0, 13]",143.09,188,1.81,0.72
07:42:39,"[143.0, 24]","[139.0, 16]","[159.2, 10]","[208.88, 25]",151.1,75,16.2,0.07
07:42:40,"[142.76, 21]","[136.87, 47]","[259.1, 40]","[448.76, 37]",200.93,145,116.34,-0.06
07:42:41,"[139.67, 9]","[136.6, 30]","[262.33, 36]","[583.33, 27]",201.0,102,122.67,-0.24
07:42:42,"[141.73, 11]","[141.07, 14]","[308.0, 32]","[388.0, 16]",224.86,73,166.27,-0.32
07:42:43,"[144.0, 17]","[141.97, 33]","[401.79, 48]","[536.62, 32]",272.9,130,257.79,-0.23
07:42:44,"[148.0, 26]","[143.0, 13]","[188.63, 57]","[280.67, 43]",168.32,139,40.63,-0.44
07:42:45,"[148.0, 24]","[144.0, 12]","[185.57, 58]","[350.36, 39]",166.78,133,37.57,-0.46
07:42:46,"[148.0, 24]","[146.0, 12]","[183.8, 44]","[304.13, 38]",165.9,118,35.8,-0.39
07:42:47,"[148.0, 16]","[146.0, 8]","[181.0, 40]","[184.0, 8]",164.5,72,33.0,-0.33
07:42:48,"[148.0, 28]","[146.0, 15]","[179.46, 26]","[180.21, 58]",163.73,127,31.46,-0.32
07:42:49,"[147.4, 20]","[145.1, 20]","[177.92, 13]","[180.0, 65]",162.66,118,30.52,-0.32
07:42:50,"[146.0, 8]","[143.0, 8]","[175.39, 28]","[179.25, 20]",160.7,64,29.39,-0.5
07:42:51,"[142.57, 21]","[140.0, 12]","[175.02, 44]","[233.8, 20]",158.8,97,32.45,-0.32
07:42:52,"[142.0, 15]","[139.0, 10]","[169.33, 36]","[174.25, 24]",155.67,85,27.33,-0.41
07:42:53,"[142.0, 8]","[139.0, 8]","[165.75, 24]","[172.0, 24]",153.88,64,23.75,-0.5
07:42:54,"[136.63, 67]","[113.45, 31]","[155.85, 41]","[155.72, 47]",146.24,186,19.23,0.05
07:42:55,"[136.0, 114]","[101.81, 58]","[150.24, 29]","[152.57, 51]",143.12,252,14.24,0.37
07:42:56,"[136.22, 110]","[103.56, 89]","[146.37, 43]","[147.33, 30]",141.3,272,10.15,0.46
07:42:57,"[136.0, 118]","[114.89, 53]","[143.59, 22]","[145.38, 32]",139.8,225,7.59,0.52
07:42:58,"[136.0, 90]","[119.13, 111]","[138.11, 19]","[138.93, 29]",137.05,249,2.11,0.61
07:42:59,"[137.92, 38]","[136.93, 83]","[347.0, 36]","[400.39, 23]",242.46,180,209.08,0.34
07:43:00,"[142.0, 11]","[139.89, 88]","[351.7, 46]","[374.63, 49]",246.85,194,209.7,0.02
07:43:01,"[143.8, 20]","[141.4, 20]","[324.3, 40]","[372.45, 51]",234.05,131,180.5,-0.39
07:43:02,"[140.04, 90]","[136.94, 32]","[212.45, 47]","[243.67, 46]",176.25,215,72.4,0.13
07:43:03,"[140.0, 95]","[139.0, 10]","[181.73, 44]","[351.39, 46]",160.86,195,41.73,0.08
07:43:04,"[143.27, 49]","[139.98, 46]","[170.33, 24]","[172.0, 30]",156.8,149,27.07,0.28
07:43:05,"[144.0, 32]","[140.0, 81]","[169.22, 36]","[457.0, 9]",156.61,158,25.22,0.43
07:43:06,"[144.0, 31]","[140.0, 117]","[158.2, 45]","[227.6, 42]",151.1,235,14.2,0.26
07:43:07,"[144.0, 24]","[141.6, 65]","[151.42, 38]","[172.76, 42]",147.71,169,7.42,0.05
07:43:08,"[143.7, 20]","[142.65, 43]","[168.0, 40]","[268.0, 10]",155.85,113,24.3,0.12
07:43:09,"[143.0, 26]","[142.0, 80]","[158.79, 57]","[196.57, 28]",150.89,191,15.79,0.11
07:43:10,"[143.0, 16]","[142.0, 64]","[165.33, 30]","[210.78, 18]",154.17,128,22.33,0.25
07:43:11,"[143.33, 18]","[142.12, 64]","[166.18, 44]","[214.72, 43]",154.76,169,22.85,-0.03
07:43:12,"[145.0, 8]","[143.0, 16]","[165.1, 29]","[217.97, 32]",155.05,85,20.1,-0.44
07:43:13,"[142.58, 19]","[141.3, 71]","[400.59, 34]","[379.3, 50]",271.58,174,258.01,0.03
07:43:14,"[142.0, 48]","[140.0, 108]","[245.92, 60]","[285.58, 60]",193.96,276,103.92,0.13
07:43:15,"[142.0, 20]","[140.0, 90]","[199.6, 50]","[201.0, 50]",170.8,210,57.6,0.05
07:43:16,"[142.0, 20]","[140.0, 90]","[197.5, 50]","[200.1, 50]",169.75,210,55.5,0.05
07:43:17,"[142.0, 16]","[140.0, 72]","[195.25, 40]","[196.75, 40]",168.62,168,53.25,0.05
07:43:18,"[142.0, 16]","[140.0, 72]","[193.12, 40]","[194.25, 40]",167.56,168,51.12,0.05
07:43:19,"[142.0, 28]","[140.0, 126]","[189.5, 66]","[190.36, 70]",165.75,290,47.5,0.06
07:43:20,"[142.0, 88]","[139.61, 103]","[185.43, 54]","[187.36, 42]",163.71,287,43.43,0.33
07:43:21,"[142.22, 128]","[140.82, 170]","[182.59, 59]","[184.36, 47]",162.41,404,40.37,0.48
07:43:22,"[140.7, 123]","[139.9, 78]","[164.46, 65]","[277.45, 65]",152.58,331,23.76,0.21
07:43:23,"[141.08, 120]","[139.93, 69]","[177.0, 65]","[360.56, 32]",159.04,286,35.92,0.32
07:43:24,"[142.0, 140]","[140.0, 112]","[174.96, 46]","[241.5, 60]",158.48,358,32.96,0.41
07:43:25,"[142.81, 54]","[140.0, 48]","[171.0, 6]","[172.0, 30]",156.91,138,28.19,0.48
07:43:26,"[140.73, 66]","[139.52, 31]","[167.24, 37]","[170.4, 50]",153.99,184,26.52,0.05
07:43:27,"[146.89, 121]","[140.57, 30]","[163.58, 53]","[165.04, 83]",155.24,287,16.69,0.05
07:43:28,"[148.0, 128]","[142.73, 52]","[161.02, 42]","[162.15, 62]",154.51,284,13.02,0.27
07:43:29,"[148.0, 104]","[146.0, 26]","[157.63, 27]","[158.97, 37]",152.81,194,9.63,0.34
07:43:30,"[148.0, 112]","[146.0, 28]","[151.46, 35]","[153.14, 29]",149.73,204,3.46,0.37
07:43:31,"[148.0, 44]","[146.0, 16]","[149.12, 16]","[151.0, 24]",148.56,100,1.12,0.2
07:43:32,"[148.0, 15]","[146.0, 30]","[151.0, 45]","[416.27, 30]",149.5,120,3.0,-0.25
07:43:33,"[147.69, 13]","[145.87, 23]","[150.25, 36]","[495.92, 24]",148.97,96,2.56,-0.25
07:43:34,"[146.0, 22]","[143.0, 11]","[149.18, 33]","[308.0, 22]",147.59,88,3.18,-0.25
07:43:35,"[143.43, 14]","[142.01, 109]","[146.77, 43]","[275.65, 34]",145.1,200,3.34,0.23
07:43:36,"[143.92, 36]","[142.23, 35]","[145.23, 35]","[146.12, 51]",144.57,157,1.31,-0.1
07:43:37,"[143.59, 87]","[141.83, 69]","[145.32, 95]","[636.11, 56]",144.45,307,1.73,0.02
07:43:38,"[144.0, 20]","[142.0, 30]","[145.0, 50]","[546.38, 26]",144.5,126,1.0,-0.21
07:43:39,"[141.42, 36]","[140.67, 36]","[329.29, 21]","[550.83, 24]",235.35,117,187.87,0.23
07:43:40,"[141.0, 25]","[140.0, 15]","[232.2, 10]","[467.54, 13]",186.6,63,91.2,0.27
07:43:41,"[142.02, 41]","[140.19, 26]","[241.08, 25]","[255.73, 22]",191.55,114,99.06,0.18
07:43:42,"[148.0, 72]","[141.0, 60]","[218.69, 32]","[284.67, 43]",183.34,207,70.69,0.28
07:43:43,"[148.0, 72]","[144.75, 60]","[155.5, 36]","[157.0, 24]",151.75,192,7.5,0.38
07:43:44,"[146.67, 36]","[143.82, 44]","[153.42, 36]","[185.27, 33]",150.04,149,6.75,0.07
07:43:45,"[146.0, 24]","[141.08, 38]","[151.0, 24]","[152.5, 24]",148.5,110,5.0,0.13
07:43:46,"[144.65, 37]","[141.11, 35]","[148.27, 33]","[151.0, 33]",146.46,138,3.62,0.04
07:43:47,"[141.78, 41]","[140.73, 55]","[147.62, 39]","[151.0, 39]",144.7,174,5.83,0.1
07:43:48,"[142.1, 20]","[140.77, 39]","[147.0, 27]","[151.0, 27]",144.55,113,4.9,0.04
07:43:49,"[141.0, 30]","[140.0, 30]","[145.6, 30]","[148.5, 30]",143.3,120,4.6,0.0
07:43:50,"[140.7, 30]","[139.88, 24]","[143.38, 26]","[144.6, 30]",142.04,110,2.68,-0.02
07:43:51,"[140.0, 27]","[139.0, 9]","[143.78, 23]","[431.7, 20]",141.89,79,3.78,-0.09
07:43:52,"[140.49, 43]","[138.81, 52]","[150.67, 43]","[254.6, 30]",145.58,168,10.19,0.13
07:43:53,"[140.0, 40]","[137.4, 40]","[223.8, 20]","[500.86, 14]",181.9,114,83.8,0.4
07:43:54,"[139.0, 56]","[137.0, 56]","[220.79, 28]","[239.22, 27]",179.89,167,81.79,0.34
07:43:55,"[137.08, 49]","[128.9, 42]","[218.27, 22]","[253.36, 22]",177.68,135,81.19,0.35
07:43:56,"[130.07, 69]","[102.75, 48]","[215.69, 26]","[217.15, 26]",172.88,169,85.62,0.38
07:43:57,"[131.56, 36]","[106.4, 50]","[211.5, 42]","[212.85, 33]",171.53,161,79.94,0.07
07:43:58,"[112.97, 76]","[101.97, 62]","[181.58, 36]","[189.06, 32]",147.28,206,68.61,0.34
07:43:59,"[100.73, 81]","[83.99, 81]","[157.03, 34]","[161.16, 31]",128.88,227,56.3,0.43
07:44:00,"[90.96, 23]","[74.08, 24]","[324.4, 5]","[565.82, 17]",207.68,69,233.44,0.36
07:44:01,"[144.0, 18]","[85.0, 30]","[196.0, 6]","[521.17, 24]",170.0,78,52.0,0.23
07:44:02,"[144.0, 32]","[140.29, 21]","[363.53, 19]","[421.76, 45]",253.76,117,219.53,-0.09
07:44:03,"[142.0, 36]","[139.82, 22]","[371.0, 30]","[416.89, 19]",256.5,107,229.0,0.08
07:44:04,"[141.0, 48]","[139.0, 32]","[369.12, 24]","[389.0, 8]",255.06,112,228.12,0.43
07:44:05,"[141.0, 60]","[139.0, 46]","[254.57, 28]","[328.76, 33]",197.79,167,113.57,0.27
07:44:06,"[141.0, 36]","[139.0, 30]","[164.33, 12]","[166.0, 24]",152.67,102,23.33,0.29
07:44:07,"[141.0, 60]","[139.0, 50]","[163.0, 20]","[309.3, 40]",152.0,170,22.0,0.29
07:44:08,"[141.0, 54]","[139.0, 45]","[162.44, 18]","[309.78, 36]",151.72,153,21.44,0.29
07:44:09,"[141.0, 52]","[139.0, 70]","[160.08, 48]","[223.67, 36]",150.54,206,19.08,0.18
07:44:10,"[141.0, 18]","[139.08, 24]","[158.0, 20]","[159.0, 40]",149.5,102,17.0,-0.18
07:44:11,"[143.53, 57]","[140.93, 30]","[157.09, 44]","[158.24, 34]",150.31,165,13.56,0.05
07:44:12,"[144.33, 116]","[143.0, 42]","[153.41, 17]","[155.71, 34]",148.87,209,9.08,0.51
07:44:13,"[145.64, 77]","[143.0, 39]","[148.87, 15]","[153.67, 18]",147.25,149,3.23,0.56
07:44:14,"[146.0, 63]","[143.0, 40]","[147.0, 20]","[156.23, 31]",146.5,154,1.0,0.34
07:44:15,"[146.0, 44]","[143.0, 36]","[153.57, 28]","[230.89, 36]",149.79,144,7.57,0.11
07:44:16,"[146.0, 44]","[143.53, 17]","[154.64, 44]","[290.0, 44]",150.32,149,8.64,-0.18
07:44:17,"[146.0, 56]","[144.0, 14]","[152.21, 56]","[289.93, 56]",149.11,182,6.21,-0.23
07:44:18,"[146.0, 36]","[144.0, 9]","[152.0, 36]","[274.59, 27]",149.0,108,6.0,-0.17
07:44:19,"[146.0, 39]","[144.0, 13]","[151.08, 52]","[246.48, 25]",148.54,129,5.08,-0.19
07:44:20,"[146.0, 39]","[144.0, 13]","[149.38, 52]","[293.28, 29]",147.69,133,3.38,-0.22
07:44:21,"[146.0, 27]","[144.0, 9]","[148.49, 39]","[191.0, 26]",147.24,101,2.49,-0.29
07:44:22,"[146.0, 41]","[144.0, 14]","[147.0, 70]","[149.0, 56]",146.5,181,1.0,-0.39
07:44:23,"[145.26, 19]","[143.8, 80]","[243.82, 39]","[412.05, 40]",194.54,178,98.56,0.11
07:44:24,"[148.0, 18]","[146.0, 123]","[374.0, 27]","[422.25, 32]",261.0,200,226.0,0.41
07:44:25,"[148.0, 26]","[146.0, 221]","[277.94, 34]","[351.54, 28]",212.97,309,129.94,0.6
07:44:26,"[146.03, 121]","[144.13, 45]","[186.0, 8]","[270.2, 20]",166.02,194,39.97,0.71
07:44:27,"[146.0, 150]","[143.0, 24]","[186.0, 9]","[295.0, 27]",166.0,210,40.0,0.66
07:44:28,"[146.0, 156]","[143.86, 42]","[266.32, 22]","[338.41, 41]",206.16,261,120.32,0.52
07:44:29,"[146.0, 73]","[144.0, 48]","[271.44, 18]","[339.0, 26]",208.72,165,125.44,0.47
07:44:30,"[146.0, 42]","[144.0, 36]","[293.67, 6]","[295.0, 18]",219.83,102,147.67,0.53
07:44:31,"[146.0, 24]","[144.0, 72]","[221.7, 20]","[257.14, 29]",183.85,145,75.7,0.32
07:44:32,"[146.0, 4]","[144.0, 24]","[203.0, 12]","[205.0, 8]",174.5,48,57.0,0.17
07:44:33,"[144.36, 22]","[143.29, 84]","[202.14, 21]","[253.33, 9]",173.25,136,57.78,0.56
07:44:34,"[144.0, 81]","[143.0, 320]","[200.69, 26]","[209.0, 38]",172.35,465,56.69,0.72
07:44:35,"[147.85, 81]","[143.6, 50]","[198.55, 33]","[200.0, 11]",173.2,175,50.69,0.5
07:44:36,"[148.0, 45]","[144.0, 27]","[196.22, 27]","[200.0, 9]",172.11,108,48.22,0.33
07:44:37,"[148.0, 50]","[144.0, 30]","[195.53, 34]","[197.33, 18]",171.76,132,47.53,0.21
07:44:38,"[148.0, 30]","[144.0, 18]","[193.95, 20]","[195.27, 22]",170.97,90,45.95,0.07
07:44:39,"[148.0, 65]","[145.78, 27]","[190.47, 30]","[192.71, 41]",169.23,163,42.47,0.13
07:44:40,"[148.0, 50]","[146.0, 20]","[184.75, 32]","[185.92, 24]",166.38,126,36.75,0.11
07:44:41,"[148.0, 51]","[146.0, 22]","[180.66, 41]","[181.43, 46]",164.33,160,32.66,-0.09
07:44:42,"[148.0, 42]","[146.0, 28]","[159.9, 48]","[163.57, 40]",153.95,158,11.9,-0.11
07:44:43,"[144.97, 29]","[143.13, 134]","[147.51, 37]","[150.28, 43]",146.24,243,2.55,0.34
07:44:44,"[143.05, 216]","[142.71, 113]","[144.76, 17]","[263.19, 57]",143.91,403,1.72,0.63
07:44:45,"[143.0, 192]","[142.0, 39]","[310.11, 19]","[351.62, 52]",226.55,302,167.11,0.53
07:44:46,"[143.0, 126]","[142.0, 36]","[330.33, 48]","[402.75, 48]",236.67,258,187.33,0.26
07:44:47,"[143.0, 220]","[142.0, 26]","[198.0, 44]","[353.18, 44]",170.5,334,55.0,0.47
07:44:48,"[143.0, 160]","[142.0, 28]","[208.0, 32]","[395.0, 32]",175.5,252,65.0,0.49
07:44:49,"[143.0, 220]","[142.0, 65]","[214.1, 49]","[454.18, 44]",178.55,378,71.1,0.51
07:44:50,"[143.02, 123]","[142.27, 55]","[170.22, 45]","[172.0, 36]",156.62,259,27.2,0.37
07:44:51,"[144.0, 27]","[143.0, 135]","[170.0, 45]","[172.0, 36]",157.0,243,26.0,0.33
07:44:52,"[144.0, 22]","[143.0, 120]","[168.38, 40]","[252.11, 18]",156.19,200,24.38,0.42
07:44:53,"[144.46, 26]","[143.05, 111]","[166.9, 50]","[329.56, 36]",155.68,223,22.44,0.23
07:44:54,"[145.31, 32]","[144.0, 26]","[165.38, 65]","[292.43, 46]",155.35,169,20.07,-0.31
07:44:55,"[146.0, 18]","[144.0, 18]","[165.0, 45]","[210.0, 27]",155.5,108,19.0,-0.33
07:44:56,"[146.0, 24]","[144.0, 24]","[164.0, 60]","[217.54, 35]",155.0,143,18.0,-0.33
07:44:57,"[147.56, 36]","[145.27, 22]","[163.49, 51]","[269.07, 27]",155.52,136,15.93,-0.15
07:44:58,"[147.17, 48]","[145.76, 82]","[158.06, 80]","[159.62, 80]",152.61,290,10.9,-0.1
07:44:59,"[146.0, 64]","[144.0, 32]","[154.33, 18]","[156.89, 72]",150.17,186,8.33,0.03
07:45:00,"[146.0, 59]","[144.0, 32]","[148.83, 41]","[150.19, 63]",147.41,195,2.83,-0.07
07:45:01,"[146.0, 9]","[144.0, 18]","[148.78, 45]","[152.33, 45]",147.39,117,2.78,-0.54
07:45:02,"[143.97, 31]","[143.38, 29]","[148.62, 65]","[167.96, 53]",146.29,178,4.65,-0.33
07:45:03,"[143.0, 91]","[142.0, 39]","[148.15, 65]","[398.93, 30]",145.58,225,5.15,0.16
07:45:04,"[143.0, 92]","[142.0, 45]","[146.53, 75]","[294.0, 30]",144.77,242,3.53,0.13
07:45:05,"[143.0, 58]","[142.0, 49]","[145.44, 57]","[175.6, 50]",144.22,214,2.44,0.0
07:45:06,"[143.0, 12]","[142.0, 48]","[144.21, 57]","[145.29, 51]",143.61,168,1.21,-0.29
07:45:07,"[142.4, 30]","[140.27, 52]","[144.07, 59]","[151.64, 45]",143.23,186,1.67,-0.12
07:45:08,"[142.0, 29]","[139.0, 46]","[204.3, 20]","[543.06, 17]",173.15,112,62.3,0.34
07:45:09,"[142.0, 20]","[139.0, 29]","[395.64, 11]","[575.56, 18]",268.82,78,253.64,0.26
07:45:10,"[142.0, 18]","[139.0, 27]","[184.0, 31]","[305.14, 14]",163.0,90,42.0,0.0
07:45:11,"[142.71, 42]","[140.2, 30]","[247.74, 23]","[490.12, 16]",195.23,111,105.02,0.3
07:45:12,"[143.0, 85]","[142.0, 18]","[209.67, 18]","[294.31, 13]",176.33,134,66.67,0.54
07:45:13,"[143.5, 14]","[142.95, 44]","[239.71, 14]","[365.6, 10]",191.61,82,96.21,0.41
07:45:14,"[143.0, 54]","[142.0, 18]","[161.46, 13]","[241.06, 16]",152.23,101,18.46,0.43
07:45:15,"[143.0, 56]","[142.0, 20]","[290.36, 14]","[346.62, 16]",216.68,106,147.36,0.43
07:45:16,"[143.0, 44]","[139.0, 33]","[365.31, 26]","[450.79, 19]",254.15,122,222.31,0.26
07:45:17,"[143.02, 42]","[139.25, 48]","[323.48, 58]","[470.92, 39]",233.25,187,180.46,-0.04
07:45:18,"[143.0, 18]","[139.0, 27]","[379.87, 31]","[481.4, 20]",261.44,96,236.87,-0.06
07:45:19,"[143.0, 24]","[141.75, 36]","[328.83, 46]","[435.5, 32]",235.91,138,185.83,-0.13
07:45:20,"[144.29, 28]","[142.29, 21]","[408.75, 16]","[410.0, 24]",276.52,89,264.46,0.1
07:45:21,"[143.0, 22]","[142.0, 33]","[358.04, 25]","[402.7, 27]",250.52,107,215.04,0.03
07:45:22,"[143.0, 20]","[142.0, 30]","[248.25, 28]","[324.85, 33]",195.62,111,105.25,-0.1
07:45:23,"[145.27, 22]","[142.36, 28]","[152.84, 31]","[153.8, 30]",149.06,111,7.57,-0.1
07:45:24,"[145.81, 32]","[142.11, 44]","[149.69, 49]","[151.08, 50]",147.75,175,3.88,-0.13
07:45:25,"[143.2, 10]","[141.0, 24]","[146.45, 33]","[147.5, 30]",144.83,97,3.25,-0.3
07:45:26,"[142.0, 12]","[139.0, 36]","[144.36, 44]","[145.58, 36]",143.18,128,2.36,-0.25
07:45:27,"[139.79, 19]","[136.47, 83]","[142.81, 37]","[169.35, 46]",141.3,185,3.02,0.1
07:45:28,"[139.0, 16]","[135.43, 42]","[144.69, 16]","[145.88, 16]",141.84,90,5.69,0.29
07:45:29,"[135.21, 19]","[132.13, 47]","[141.6, 10]","[142.6, 10]",138.41,86,6.39,0.53
07:45:30,"[138.48, 46]","[133.2, 25]","[140.0, 8]","[141.0, 8]",139.24,87,1.52,0.63
07:45:31,"[139.0, 95]","[134.5, 24]","[140.0, 12]","[159.0, 13]",139.5,144,1.0,0.65
07:45:32,"[139.0, 48]","[134.0, 20]","[228.5, 16]","[260.4, 20]",183.75,104,89.5,0.31
07:45:33,"[139.0, 24]","[134.0, 12]","[229.09, 11]","[352.44, 9]",184.05,56,90.09,0.29
07:45:34,"[139.0, 42]","[131.78, 54]","[308.54, 13]","[629.24, 17]",223.77,126,169.54,0.52
07:45:35,"[139.0, 15]","[131.0, 50]","[436.12, 8]","[648.69, 13]",287.56,86,297.12,0.51
07:45:36,"[139.0, 11]","[132.5, 20]","[403.73, 11]","[467.43, 14]",271.36,56,264.73,0.11
07:45:37,"[140.65, 37]","[137.47, 17]","[380.0, 13]","[461.38, 16]",260.32,83,239.35,0.3
07:45:38,"[140.15, 26]","[139.5, 12]","[302.88, 8]","[411.27, 11]",221.51,57,162.72,0.33
07:45:39,"[143.21, 19]","[141.0, 14]","[291.0, 6]","[292.0, 6]",217.11,45,147.79,0.47
07:45:40,"[141.31, 13]","[138.71, 14]","[290.55, 11]","[349.0, 12]",215.93,50,149.24,0.08
07:45:41,"[137.67, 9]","[136.0, 9]","[228.33, 6]","[360.0, 7]",183.0,31,90.67,0.16
07:45:42,"[140.82, 11]","[136.62, 16]","[214.76, 17]","[273.33, 9]",177.79,53,73.95,0.02
07:45:43,"[143.0, 21]","[137.0, 14]","[178.71, 17]","[214.03, 31]",160.85,83,35.71,-0.16
07:45:44,"[143.0, 24]","[137.0, 16]","[197.39, 31]","[226.46, 24]",170.19,95,54.39,-0.16
07:45:45,"[140.28, 47]","[137.95, 38]","[171.0, 17]","[195.44, 62]",155.64,164,30.72,0.04
07:45:46,"[139.0, 124]","[137.0, 18]","[168.05, 41]","[186.54, 13]",153.52,196,29.05,0.45
07:45:47,"[145.38, 29]","[140.9, 42]","[165.98, 52]","[168.67, 15]",155.68,138,20.6,0.03
07:45:48,"[146.0, 24]","[139.0, 28]","[152.5, 20]","[164.21, 29]",149.25,101,6.5,0.03
07:45:49,"[141.1, 30]","[138.87, 31]","[152.0, 50]","[160.29, 14]",146.55,125,10.9,-0.02
07:45:50,"[144.0, 10]","[140.0, 48]","[150.66, 38]","[155.23, 22]",147.33,118,6.66,-0.02
07:45:51,"[144.0, 5]","[140.57, 21]","[147.2, 25]","[150.0, 5]",145.6,56,3.2,-0.07
07:45:52,"[144.0, 5]","[142.0, 15]","[145.88, 17]","[146.92, 13]",144.94,50,1.88,-0.2
07:45:53,"[140.19, 21]","[139.27, 33]","[143.0, 15]","[185.25, 51]",141.6,120,2.81,-0.1
07:45:54,"[140.0, 50]","[139.0, 30]","[468.12, 32]","[634.06, 35]",304.06,147,328.12,0.09
07:45:55,"[142.0, 49]","[140.85, 20]","[329.02, 41]","[406.5, 20]",235.51,130,187.02,0.06
07:45:56,"[143.8, 82]","[142.55, 44]","[326.8, 50]","[444.12, 32]",235.3,208,183.0,0.21
07:45:57,"[143.0, 36]","[142.0, 45]","[325.11, 45]","[471.0, 18]",234.06,144,182.11,0.12
07:45:58,"[143.0, 48]","[142.0, 60]","[323.67, 60]","[454.08, 24]",233.33,192,180.67,0.12
07:45:59,"[142.87, 31]","[141.83, 58]","[321.77, 65]","[333.03, 59]",232.32,213,178.9,-0.16
07:46:00,"[143.71, 7]","[142.0, 28]","[320.14, 35]","[323.0, 35]",231.93,105,176.43,-0.33
07:46:01,"[143.25, 16]","[141.6, 50]","[313.62, 39]","[316.83, 42]",228.43,147,170.37,-0.1
07:46:02,"[142.0, 39]","[140.0, 65]","[245.86, 50]","[248.63, 41]",193.93,195,103.86,0.07
07:46:03,"[140.93, 45]","[139.66, 53]","[192.63, 63]","[196.73, 51]",166.78,212,51.7,-0.08
07:46:04,"[140.0, 48]","[139.0, 36]","[185.43, 40]","[187.56, 54]",162.71,178,45.43,-0.06
07:46:05,"[146.63, 117]","[139.75, 59]","[182.33, 70]","[183.97, 68]",164.48,314,35.7,0.12
07:46:06,"[148.0, 42]","[142.0, 18]","[181.0, 18]","[182.0, 30]",164.5,108,33.0,0.11
07:46:07,"[148.0, 91]","[142.0, 45]","[178.18, 73]","[179.08, 53]",163.09,262,30.18,0.04
07:46:08,"[148.0, 60]","[142.0, 36]","[172.54, 54]","[173.54, 54]",160.27,204,24.54,-0.06
07:46:09,"[148.0, 50]","[143.8, 30]","[168.19, 32]","[169.62, 48]",158.09,160,20.19,0.0
07:46:10,"[144.73, 55]","[142.24, 51]","[163.65, 77]","[165.31, 59]",154.19,242,18.92,-0.12
07:46:11,"[145.04, 67]","[143.06, 53]","[161.9, 58]","[162.7, 69]",153.47,247,16.85,-0.03
07:46:12,"[146.0, 64]","[144.0, 48]","[158.3, 33]","[160.91, 53]",152.15,198,12.3,0.13
07:46:13,"[146.0, 60]","[144.0, 45]","[150.97, 39]","[152.13, 39]",148.49,183,4.97,0.15
07:46:14,"[144.14, 29]","[143.08, 39]","[146.09, 23]","[147.65, 23]",145.11,114,1.95,0.19
07:46:15,"[143.64, 22]","[142.87, 46]","[145.35, 34]","[151.07, 30]",144.49,132,1.72,0.03
07:46:16,"[143.0, 38]","[142.0, 24]","[156.3, 20]","[179.27, 22]",149.65,104,13.3,0.19
07:46:17,"[143.0, 60]","[142.0, 36]","[151.95, 20]","[152.5, 16]",147.47,132,8.95,0.45
07:46:18,"[143.0, 40]","[142.0, 24]","[148.0, 14]","[149.2, 10]",145.5,88,5.0,0.45
07:46:19,"[143.0, 45]","[142.0, 27]","[147.0, 9]","[148.0, 18]",145.0,99,4.0,0.45
07:46:20,"[143.0, 80]","[142.0, 68]","[145.94, 16]","[148.0, 32]",144.47,196,2.94,0.51
07:46:21,"[142.26, 47]","[140.9, 42]","[144.57, 14]","[258.35, 34]",143.41,137,2.32,0.3
07:46:22,"[142.0, 59]","[139.94, 94]","[143.23, 13]","[274.35, 17]",142.62,183,1.23,0.67
07:46:23,"[142.03, 31]","[139.99, 106]","[163.21, 48]","[237.63, 54]",152.62,239,21.18,0.15
07:46:24,"[141.29, 14]","[139.14, 7]","[165.0, 28]","[247.0, 28]",153.14,77,23.71,-0.45
07:46:25,"[137.0, 20]","[135.0, 10]","[391.3, 40]","[553.4, 40]",264.15,110,254.3,-0.45
07:46:26,"[137.0, 24]","[135.0, 12]","[352.92, 48]","[527.0, 48]",244.96,132,215.92,-0.45
07:46:27,"[130.73, 15]","[105.57, 23]","[137.95, 41]","[157.36, 44]",134.34,123,7.22,-0.38
07:46:28,"[119.0, 10]","[81.5, 40]","[129.0, 34]","[132.8, 10]",124.0,94,10.0,0.06
07:46:29,"[68.9, 30]","[57.06, 34]","[129.0, 32]","[130.0, 8]",98.95,104,60.1,0.23
07:46:30,"[80.0, 24]","[61.04, 28]","[129.18, 17]","[133.53, 17]",104.59,86,49.18,0.21
07:46:31,"[111.61, 31]","[58.71, 49]","[129.76, 17]","[158.96, 54]",120.69,151,18.15,0.06
07:46:32,"[95.0, 21]","[0, 0]","[132.95, 19]","[135.45, 22]",113.97,62,37.95,-0.32
07:46:33,"[125.0, 21]","[19.0, 7]","[134.0, 12]","[136.0, 28]",129.5,68,9.0,-0.18
07:46:34,"[98.91, 11]","[47.91, 11]","[134.0, 7]","[136.0, 28]",116.45,57,35.09,-0.23
07:46:35,"[68.29, 7]","[64.33, 9]","[132.15, 13]","[134.8, 10]",100.22,39,63.87,-0.18
07:46:36,"[91.0, 12]","[60.41, 22]","[132.0, 22]","[134.0, 11]",111.5,67,41.0,0.01
07:46:37,"[124.29, 58]","[109.05, 20]","[132.0, 28]","[134.0, 14]",128.15,120,7.71,0.3
07:46:38,"[125.17, 24]","[124.67, 24]","[136.73, 37]","[137.5, 8]",130.95,93,11.56,0.03
07:46:39,"[126.83, 6]","[125.0, 30]","[137.0, 18]","[138.0, 6]",131.92,60,10.17,0.2
07:46:40,"[127.0, 6]","[125.0, 30]","[137.0, 12]","[138.0, 6]",132.0,54,10.0,0.33
07:46:41,"[129.53, 66]","[128.97, 29]","[176.33, 18]","[259.82, 11]",152.93,124,46.8,0.53
07:46:42,"[142.44, 59]","[137.73, 82]","[431.95, 44]","[546.42, 33]",287.2,218,289.51,0.29
07:46:43,"[144.57, 44]","[143.13, 77]","[427.19, 53]","[472.49, 49]",285.88,223,282.62,0.09
07:46:44,"[145.46, 41]","[143.62, 112]","[439.87, 70]","[450.83, 66]",292.67,289,294.41,0.06
07:46:45,"[145.91, 22]","[143.0, 77]","[203.0, 31]","[348.07, 28]",174.45,158,57.09,0.25
07:46:46,"[143.75, 56]","[142.88, 56]","[187.0, 70]","[211.78, 67]",165.38,249,43.25,-0.1
07:46:47,"[145.12, 34]","[134.2, 20]","[184.6, 75]","[185.8, 75]",164.86,204,39.48,-0.47
07:46:48,"[148.0, 27]","[142.67, 30]","[182.11, 45]","[183.11, 45]",165.06,147,34.11,-0.22
07:46:49,"[143.65, 23]","[142.38, 13]","[181.6, 25]","[182.6, 25]",162.63,86,37.95,-0.16
07:46:50,"[143.0, 35]","[142.0, 14]","[170.56, 18]","[177.06, 17]",156.78,84,27.56,0.17
07:46:51,"[143.0, 45]","[142.0, 18]","[168.78, 45]","[169.69, 42]",155.89,150,25.78,-0.16
07:46:52,"[143.0, 45]","[142.0, 10]","[165.78, 45]","[166.89, 45]",154.39,145,22.78,-0.24
07:46:53,"[143.0, 93]","[142.0, 62]","[163.85, 65]","[165.0, 65]",153.42,285,20.85,0.09
07:46:54,"[143.4, 50]","[142.34, 73]","[161.77, 52]","[163.5, 46]",152.58,221,18.37,0.11
07:46:55,"[144.08, 52]","[143.0, 65]","[159.36, 53]","[159.9, 50]",151.72,220,15.28,0.06
07:46:56,"[143.0, 65]","[142.0, 112]","[158.43, 70]","[160.06, 64]",150.71,311,15.43,0.14
07:46:57,"[143.0, 44]","[142.0, 88]","[155.74, 46]","[158.33, 52]",149.37,230,12.74,0.15
07:46:58,"[143.0, 28]","[142.0, 56]","[152.0, 14]","[153.0, 35]",147.5,133,9.0,0.26
07:46:59,"[143.64, 66]","[142.37, 76]","[150.12, 43]","[152.07, 43]",146.88,228,6.48,0.25
07:47:00,"[144.0, 48]","[143.0, 32]","[148.45, 22]","[149.21, 38]",146.23,140,4.45,0.14
07:47:01,"[144.0, 48]","[143.0, 32]","[147.4, 25]","[148.81, 31]",145.7,136,3.4,0.18
07:47:02,"[144.0, 69]","[143.0, 48]","[146.09, 55]","[146.91, 45]",145.05,217,2.09,0.08
07:47:03,"[143.03, 40]","[142.13, 62]","[144.81, 47]","[161.14, 28]",143.92,177,1.78,0.15
07:47:04,"[142.01, 73]","[140.62, 26]","[144.6, 20]","[191.69, 26]",143.31,145,2.59,0.37
07:47:05,"[142.0, 72]","[140.0, 18]","[218.68, 28]","[241.71, 42]",180.34,160,76.68,0.12
07:47:06,"[142.12, 32]","[140.73, 22]","[237.22, 27]","[240.0, 45]",189.67,126,95.1,-0.14
07:47:07,"[143.0, 16]","[142.0, 32]","[235.0, 34]","[236.0, 30]",189.0,112,92.0,-0.14
07:47:08,"[142.75, 32]","[141.82, 44]","[207.71, 21]","[217.5, 36]",175.23,133,64.96,0.14
07:47:09,"[143.0, 40]","[142.0, 40]","[179.33, 18]","[183.56, 18]",161.17,116,36.33,0.38
07:47:10,"[143.86, 56]","[142.0, 56]","[169.24, 34]","[170.79, 47]",156.55,193,25.38,0.16
07:47:11,"[145.57, 28]","[142.0, 28]","[164.71, 7]","[166.0, 21]",155.14,84,19.14,0.33
07:47:12,"[146.0, 32]","[142.0, 32]","[164.0, 8]","[166.0, 24]",155.0,96,18.0,0.33
07:47:13,"[144.0, 40]","[141.33, 30]","[160.46, 24]","[162.7, 30]",152.23,124,16.46,0.13
07:47:14,"[142.0, 40]","[140.0, 20]","[157.1, 30]","[159.0, 50]",149.55,140,15.1,-0.14
07:47:15,"[143.26, 86]","[141.2, 40]","[155.43, 56]","[156.94, 48]",149.34,230,12.17,0.1
07:47:16,"[144.0, 44]","[142.0, 24]","[152.67, 27]","[154.0, 9]",148.33,104,8.67,0.31
07:47:17,"[141.03, 29]","[139.19, 26]","[150.59, 22]","[151.92, 26]",145.81,103,9.56,0.07
07:47:18,"[140.0, 8]","[139.0, 12]","[148.06, 16]","[149.5, 6]",144.03,42,8.06,-0.05
07:47:19,"[139.26, 31]","[137.24, 67]","[146.02, 49]","[146.66, 29]",142.64,176,6.76,0.11
07:47:20,"[139.4, 40]","[137.08, 72]","[143.39, 23]","[148.36, 25]",141.4,160,3.99,0.4
07:47:21,"[139.28, 25]","[138.11, 27]","[141.27, 33]","[142.11, 27]",140.28,112,1.99,-0.07
07:47:22,"[137.8, 35]","[136.02, 100]","[172.17, 47]","[141.91, 22]",154.99,204,34.37,0.32
07:47:23,"[136.0, 59]","[135.0, 22]","[283.31, 49]","[329.67, 39]",209.65,169,147.31,-0.04
07:47:24,"[136.26, 38]","[135.22, 18]","[354.0, 21]","[411.38, 24]",245.13,101,217.74,0.11
07:47:25,"[137.06, 96]","[136.45, 66]","[233.54, 26]","[258.03, 34]",185.3,222,96.48,0.46
07:47:26,"[147.68, 25]","[143.56, 9]","[221.0, 10]","[305.0, 15]",184.34,59,73.32,0.15
07:47:27,"[148.0, 52]","[146.0, 20]","[195.78, 32]","[272.62, 39]",171.89,143,47.78,0.01
07:47:28,"[148.0, 28]","[146.0, 14]","[176.83, 23]","[177.62, 26]",162.41,91,28.83,-0.08
07:47:29,"[147.39, 23]","[142.41, 78]","[172.12, 16]","[174.2, 20]",159.76,137,24.73,0.47
07:47:30,"[146.0, 12]","[142.38, 64]","[168.67, 24]","[169.74, 19]",157.33,119,22.67,0.28
07:47:31,"[146.0, 5]","[143.0, 15]","[165.2, 10]","[167.0, 10]",155.6,40,19.2,0.0
07:47:32,"[146.0, 12]","[143.0, 36]","[162.42, 31]","[164.92, 24]",154.21,103,16.42,-0.07
07:47:33,"[146.0, 16]","[143.0, 48]","[160.44, 62]","[161.43, 35]",153.22,161,14.44,-0.2
07:47:34,"[142.36, 89]","[142.25, 32]","[155.88, 80]","[160.0, 32]",149.12,233,13.52,0.04
07:47:35,"[142.93, 75]","[141.85, 54]","[153.21, 33]","[153.6, 25]",148.07,187,10.28,0.38
07:47:36,"[144.0, 70]","[142.0, 100]","[149.68, 38]","[151.38, 32]",146.84,240,5.68,0.42
07:47:37,"[144.0, 84]","[142.0, 120]","[145.76, 41]","[146.53, 51]",144.88,296,1.76,0.38
07:47:38,"[144.0, 43]","[142.0, 120]","[145.44, 34]","[146.24, 51]",144.72,248,1.44,0.31
07:47:39,"[142.52, 54]","[141.89, 74]","[144.73, 22]","[239.23, 52]",143.62,202,2.21,0.27
07:47:40,"[142.03, 90]","[141.46, 41]","[143.29, 28]","[493.51, 57]",142.66,216,1.25,0.21
07:47:41,"[142.0, 77]","[140.0, 11]","[143.0, 22]","[530.12, 17]",142.5,127,1.0,0.39
07:47:42,"[142.0, 29]","[140.0, 19]","[168.92, 13]","[310.97, 39]",155.46,100,26.92,-0.04
07:47:43,"[139.57, 23]","[137.04, 45]","[298.69, 39]","[421.78, 27]",219.13,134,159.13,0.01
07:47:44,"[135.3, 37]","[109.74, 19]","[410.43, 35]","[736.0, 7]",272.86,98,275.13,0.14
07:47:45,"[130.7, 10]","[95.0, 34]","[136.0, 16]","[210.4, 50]",133.35,110,5.3,-0.2
07:47:46,"[134.96, 27]","[97.67, 24]","[503.17, 23]","[550.4, 40]",319.07,114,368.21,-0.11
07:47:47,"[136.75, 16]","[128.33, 9]","[399.44, 45]","[752.5, 24]",268.1,94,262.69,-0.47
07:47:48,"[135.0, 16]","[90.4, 15]","[232.74, 19]","[409.03, 36]",183.87,86,97.74,-0.28
07:47:49,"[135.83, 36]","[119.4, 10]","[138.0, 16]","[267.73, 37]",136.92,99,2.17,-0.07
07:47:50,"[135.72, 47]","[107.57, 21]","[224.0, 26]","[318.82, 44]",179.86,138,88.28,-0.01
07:47:51,"[120.17, 36]","[111.52, 21]","[181.45, 11]","[388.57, 42]",150.81,110,61.29,0.04
07:47:52,"[129.62, 52]","[98.46, 35]","[132.0, 13]","[348.62, 65]",130.81,165,2.38,0.05
07:47:53,"[130.89, 38]","[127.76, 42]","[150.57, 14]","[245.57, 49]",140.73,143,19.68,0.12
07:47:54,"[148.0, 7]","[143.86, 7]","[197.0, 28]","[335.59, 27]",172.5,69,49.0,-0.59
07:47:55,"[142.86, 28]","[142.0, 12]","[288.05, 43]","[412.14, 58]",215.45,141,145.19,-0.43
07:47:56,"[142.0, 15]","[140.0, 5]","[458.0, 15]","[543.0, 5]",300.0,40,316.0,0.0
07:47:57,"[142.0, 42]","[140.0, 14]","[260.97, 33]","[397.3, 20]",201.48,109,118.97,0.03
07:47:58,"[142.0, 27]","[140.0, 9]","[262.27, 22]","[271.37, 19]",202.14,77,120.27,-0.06
07:47:59,"[142.74, 34]","[141.67, 18]","[240.83, 36]","[260.18, 22]",191.78,110,98.1,-0.05
07:48:00,"[142.44, 45]","[140.29, 84]","[235.58, 38]","[240.67, 45]",189.01,212,93.13,0.22
07:48:01,"[142.0, 10]","[140.0, 80]","[232.91, 22]","[234.57, 28]",187.45,140,90.91,0.29
07:48:02,"[140.1, 41]","[91.4, 40]","[229.84, 31]","[231.41, 22]",184.97,134,89.74,0.21
07:48:03,"[142.84, 37]","[90.93, 15]","[226.87, 23]","[227.54, 13]",184.85,88,84.03,0.18
07:48:04,"[143.55, 44]","[142.73, 44]","[211.21, 28]","[213.85, 26]",177.38,142,67.67,0.24
07:48:05,"[144.89, 71]","[143.15, 47]","[200.53, 30]","[202.0, 24]",172.71,172,55.65,0.37
07:48:06,"[145.6, 90]","[144.0, 11]","[169.93, 27]","[176.05, 21]",157.76,149,24.33,0.36
07:48:07,"[146.0, 78]","[144.0, 13]","[162.3, 33]","[162.89, 19]",154.15,143,16.3,0.27
07:48:08,"[146.0, 60]","[144.0, 10]","[158.8, 20]","[160.75, 20]",152.4,110,12.8,0.27
07:48:09,"[146.0, 165]","[144.0, 43]","[157.67, 27]","[158.41, 17]",151.83,252,11.67,0.65
07:48:10,"[146.0, 225]","[144.0, 75]","[153.21, 24]","[154.9, 39]",149.6,363,7.21,0.65
07:48:11,"[146.0, 228]","[144.0, 80]","[148.21, 38]","[149.76, 29]",147.11,375,2.21,0.64
07:48:12,"[146.0, 82]","[144.0, 55]","[147.86, 21]","[263.47, 34]",146.93,192,1.86,0.43
07:48:13,"[144.33, 12]","[143.2, 25]","[148.0, 18]","[562.0, 12]",146.17,67,3.67,0.1
07:48:14,"[141.56, 36]","[142.46, 26]","[148.0, 30]","[636.11, 38]",144.78,130,6.44,-0.05
07:48:15,"[140.0, 44]","[139.0, 10]","[147.0, 12]","[426.5, 8]",143.5,74,7.0,0.46
07:48:16,"[140.0, 77]","[139.0, 14]","[181.45, 20]","[515.88, 17]",160.72,128,41.45,0.42
07:48:17,"[140.01, 67]","[139.41, 27]","[350.22, 18]","[471.14, 14]",245.12,126,210.21,0.49
07:48:18,"[141.11, 9]","[140.0, 99]","[238.57, 42]","[329.07, 29]",189.84,179,97.46,0.21
07:48:19,"[141.58, 52]","[139.98, 101]","[153.3, 43]","[155.07, 43]",147.44,239,11.73,0.28
07:48:20,"[140.0, 55]","[139.0, 10]","[145.71, 21]","[176.73, 22]",142.86,108,5.71,0.2
07:48:21,"[140.89, 47]","[139.93, 83]","[211.72, 47]","[402.13, 23]",176.31,200,70.83,0.3
07:48:22,"[140.25, 60]","[139.77, 43]","[385.08, 38]","[539.86, 22]",262.66,163,244.83,0.26
07:48:23,"[140.0, 88]","[139.0, 16]","[190.86, 29]","[253.22, 32]",165.43,165,50.86,0.26
07:48:24,"[140.04, 103]","[139.39, 36]","[171.21, 28]","[172.33, 27]",155.63,194,31.18,0.43
07:48:25,"[140.01, 167]","[138.27, 26]","[167.83, 35]","[168.44, 59]",153.92,287,27.82,0.34
07:48:26,"[140.0, 121]","[138.57, 23]","[161.24, 37]","[163.92, 25]",150.62,206,21.24,0.4
07:48:27,"[140.58, 71]","[140.1, 77]","[159.0, 52]","[160.0, 25]",149.79,225,18.42,0.32
07:48:28,"[143.73, 22]","[140.93, 41]","[156.34, 29]","[157.44, 32]",150.04,124,12.62,0.02
07:48:29,"[144.0, 22]","[143.0, 132]","[154.25, 40]","[155.91, 22]",149.12,216,10.25,0.43
07:48:30,"[144.0, 12]","[143.0, 72]","[154.0, 30]","[155.0, 12]",149.0,126,10.0,0.33
07:48:31,"[143.31, 26]","[142.96, 50]","[153.44, 18]","[154.1, 21]",148.38,115,10.14,0.32
07:48:32,"[143.0, 54]","[142.0, 6]","[152.0, 12]","[153.0, 12]",147.5,84,9.0,0.43
07:48:33,"[143.0, 157]","[142.0, 17]","[151.11, 73]","[152.24, 34]",147.05,281,8.11,0.24
07:48:34,"[143.0, 80]","[142.0, 10]","[150.0, 20]","[151.0, 50]",146.5,160,7.0,0.12
07:48:35,"[143.0, 30]","[142.0, 10]","[147.84, 19]","[150.16, 19]",145.42,78,4.84,0.03
07:48:36,"[143.04, 53]","[140.4, 55]","[194.17, 18]","[234.66, 29]",168.6,155,51.13,0.39
07:48:37,"[142.71, 56]","[140.26, 31]","[251.73, 30]","[305.0, 30]",197.22,147,109.02,0.18
07:48:38,"[140.0, 111]","[139.0, 102]","[226.93, 28]","[380.56, 54]",183.46,295,86.93,0.44
07:48:39,"[139.84, 38]","[138.85, 26]","[224.9, 20]","[427.68, 38]",182.37,122,85.06,0.05
07:48:40,"[139.0, 33]","[137.0, 11]","[193.64, 22]","[219.09, 22]",166.32,88,54.64,0.0
07:48:41,"[139.0, 18]","[137.0, 6]","[193.0, 12]","[214.0, 12]",166.0,48,54.0,0.0
07:48:42,"[139.36, 28]","[138.5, 24]","[193.0, 24]","[335.0, 24]",166.18,100,53.64,0.04
07:48:43,"[141.59, 17]","[139.11, 27]","[192.18, 22]","[271.0, 22]",166.89,88,50.59,0.0
07:48:44,"[143.0, 30]","[140.0, 10]","[191.33, 30]","[247.2, 20]",167.17,90,48.33,-0.11
07:48:45,"[140.82, 11]","[139.03, 37]","[190.8, 30]","[191.5, 24]",165.81,102,49.98,-0.06
07:48:46,"[139.06, 35]","[137.46, 52]","[189.71, 28]","[190.91, 44]",164.39,159,50.66,0.09
07:48:47,"[137.91, 33]","[136.31, 65]","[168.06, 36]","[173.41, 34]",152.98,168,30.15,0.17
07:48:48,"[138.38, 26]","[136.1, 42]","[158.36, 22]","[163.64, 22]",148.37,112,19.98,0.21
07:48:49,"[137.0, 32]","[136.0, 92]","[158.23, 44]","[160.86, 44]",147.61,212,21.23,0.17
07:48:50,"[145.52, 62]","[136.26, 47]","[157.05, 42]","[158.71, 28]",151.28,179,11.53,0.22
