Time,Bid1,Bid2,Ask1,Ask2,Mid-Price,Total_volume,Bid_ask_spread,Order_imbalance
07:30:00,"[0, 0]","[0, 0]","[0, 0]","[0, 0]",0.0,0,0.0,0.0
07:30:01,"[205.0, 4]","[201.0, 2]","[0, 0]","[0, 0]",102.5,6,-205.0,1.0
07:30:02,"[209.0, 4]","[201.0, 4]","[323.0, 5]","[0, 0]",266.0,13,114.0,0.23
07:30:03,"[209.0, 8]","[201.0, 8]","[462.38, 16]","[797.0, 10]",335.69,42,253.38,-0.24
07:30:04,"[209.0, 10]","[207.0, 10]","[231.63, 19]","[398.53, 17]",220.32,56,22.63,-0.29
07:30:05,"[208.75, 16]","[206.25, 16]","[229.53, 36]","[230.93, 28]",219.14,96,20.78,-0.33
07:30:06,"[203.57, 14]","[165.94, 17]","[226.21, 33]","[227.57, 23]",214.89,87,22.64,-0.29
07:30:07,"[201.81, 21]","[185.0, 16]","[220.4, 58]","[221.18, 60]",211.1,155,18.59,-0.52
07:30:08,"[205.97, 36]","[202.33, 12]","[213.21, 38]","[215.35, 40]",209.59,126,7.24,-0.24
07:30:09,"[207.01, 105]","[206.0, 21]","[211.0, 45]","[213.0, 27]",209.0,198,3.99,0.27
07:30:10,"[207.05, 55]","[206.81, 43]","[211.0, 35]","[213.0, 21]",209.03,154,3.95,0.27
07:30:11,"[207.0, 104]","[205.0, 8]","[210.3, 30]","[211.53, 34]",208.65,176,3.3,0.27
07:30:12,"[207.0, 123]","[205.0, 12]","[211.89, 44]","[214.13, 60]",209.44,239,4.89,0.13
07:30:13,"[208.78, 59]","[206.86, 43]","[212.0, 40]","[216.0, 40]",210.39,182,3.22,0.12
07:30:14,"[207.0, 32]","[205.0, 4]","[211.25, 20]","[216.0, 20]",209.12,76,4.25,-0.05
07:30:15,"[207.0, 59]","[205.0, 10]","[208.7, 50]","[210.6, 50]",207.85,169,1.7,-0.18
07:30:16,"[205.0, 8]","[202.0, 8]","[207.5, 40]","[216.0, 24]",206.25,80,2.5,-0.6
07:30:17,"[205.0, 13]","[202.0, 13]","[206.46, 65]","[215.83, 47]",205.73,138,1.46,-0.62
07:30:18,"[199.75, 8]","[191.6, 15]","[205.88, 40]","[215.0, 40]",202.81,103,6.12,-0.55
07:30:19,"[188.0, 10]","[187.0, 10]","[204.7, 50]","[211.0, 50]",196.35,120,16.7,-0.67
07:30:20,"[188.0, 9]","[187.0, 9]","[195.62, 21]","[201.03, 37]",191.81,76,7.62,-0.53
07:30:21,"[188.0, 11]","[187.0, 11]","[193.0, 22]","[199.0, 66]",190.5,110,5.0,-0.6
07:30:22,"[190.31, 26]","[187.45, 11]","[197.42, 31]","[196.04, 46]",193.86,114,7.11,-0.35
07:30:23,"[189.18, 60]","[185.85, 20]","[199.0, 44]","[200.0, 115]",194.09,239,9.82,-0.33
07:30:24,"[188.0, 63]","[187.0, 9]","[199.33, 42]","[200.16, 76]",193.67,190,11.33,-0.24
07:30:25,"[190.5, 56]","[186.5, 8]","[200.0, 56]","[202.0, 24]",195.25,144,9.5,-0.11
07:30:26,"[191.62, 91]","[186.92, 13]","[200.0, 76]","[202.0, 39]",195.81,219,8.38,-0.05
07:30:27,"[193.0, 91]","[188.0, 20]","[199.37, 38]","[201.67, 36]",196.18,185,6.37,0.2
07:30:28,"[193.0, 105]","[189.0, 15]","[197.98, 47]","[199.22, 41]",195.49,208,4.98,0.15
07:30:29,"[193.0, 77]","[189.0, 11]","[197.0, 54]","[199.0, 22]",195.0,164,4.0,0.07
07:30:30,"[193.29, 49]","[189.0, 7]","[197.0, 42]","[199.0, 14]",195.14,112,3.71,0.0
07:30:31,"[194.69, 91]","[189.0, 13]","[196.81, 53]","[198.03, 31]",195.75,188,2.12,0.11
07:30:32,"[195.17, 60]","[188.12, 48]","[198.62, 16]","[202.7, 54]",196.9,178,3.46,0.21
07:30:33,"[200.48, 48]","[193.93, 27]","[202.0, 15]","[203.0, 20]",201.24,110,1.52,0.36
07:30:34,"[201.0, 49]","[196.0, 25]","[202.0, 15]","[203.0, 20]",201.5,109,1.0,0.36
07:30:35,"[201.0, 54]","[196.0, 30]","[202.0, 16]","[203.0, 24]",201.5,124,1.0,0.35
07:30:36,"[201.0, 50]","[196.0, 30]","[202.0, 12]","[203.0, 24]",201.5,116,1.0,0.38
07:30:37,"[201.0, 64]","[196.0, 40]","[202.0, 16]","[203.14, 14]",201.5,134,1.0,0.55
07:30:38,"[201.0, 32]","[196.0, 20]","[202.0, 8]","[203.0, 4]",201.5,64,1.0,0.62
07:30:39,"[201.72, 29]","[199.49, 86]","[203.75, 8]","[206.12, 8]",202.74,131,2.03,0.76
07:30:40,"[203.07, 45]","[201.0, 216]","[205.0, 15]","[403.16, 51]",204.03,327,1.93,0.6
07:30:41,"[201.04, 112]","[197.7, 60]","[316.0, 8]","[473.89, 28]",258.52,208,114.96,0.65
07:30:42,"[202.38, 16]","[201.0, 144]","[400.0, 24]","[452.58, 24]",301.19,208,197.62,0.54
07:30:43,"[204.76, 17]","[201.17, 118]","[210.0, 11]","[407.11, 27]",207.38,173,5.24,0.56
07:30:44,"[204.71, 7]","[201.09, 94]","[438.43, 7]","[581.0, 7]",321.57,115,233.71,0.76
07:30:45,"[202.3, 27]","[200.89, 171]","[391.26, 31]","[438.0, 10]",296.78,239,188.96,0.66
07:30:46,"[201.0, 177]","[199.0, 99]","[380.8, 35]","[384.4, 20]",290.9,331,179.8,0.67
07:30:47,"[201.0, 145]","[199.0, 99]","[343.55, 44]","[492.06, 17]",272.27,305,142.55,0.6
07:30:48,"[201.0, 30]","[199.0, 27]","[202.0, 12]","[375.0, 12]",201.5,81,1.0,0.41
07:30:49,"[201.0, 98]","[199.1, 60]","[202.0, 48]","[441.94, 54]",201.5,260,1.0,0.22
07:30:50,"[201.0, 32]","[200.0, 8]","[240.35, 23]","[654.75, 12]",220.67,75,39.35,0.07
07:30:51,"[201.0, 32]","[199.44, 16]","[393.75, 8]","[728.5, 40]",297.38,96,192.75,0.0
07:30:52,"[201.0, 24]","[199.0, 54]","[349.83, 6]","[591.35, 26]",275.42,110,148.83,0.42
07:30:53,"[199.57, 56]","[198.12, 51]","[248.5, 12]","[294.33, 9]",224.04,128,48.93,0.67
07:30:54,"[199.54, 67]","[197.78, 83]","[202.94, 18]","[210.83, 24]",201.24,192,3.41,0.56
07:30:55,"[202.18, 61]","[197.14, 29]","[205.05, 21]","[398.33, 15]",203.61,126,2.87,0.43
07:30:56,"[203.47, 34]","[202.44, 54]","[479.16, 19]","[674.62, 47]",341.31,154,275.69,0.14
07:30:57,"[204.0, 12]","[203.0, 36]","[434.0, 24]","[532.6, 10]",319.0,82,230.0,0.17
07:30:58,"[205.33, 12]","[203.4, 20]","[433.67, 24]","[651.0, 6]",319.5,62,228.33,0.03
07:30:59,"[206.0, 16]","[204.0, 14]","[431.0, 28]","[466.0, 27]",318.5,85,225.0,-0.29
07:31:00,"[205.81, 43]","[203.54, 26]","[428.11, 36]","[460.0, 45]",316.96,150,222.3,-0.08
07:31:01,"[206.86, 14]","[204.1, 21]","[428.0, 16]","[461.0, 4]",317.43,55,221.14,0.27
07:31:02,"[208.0, 50]","[206.0, 70]","[369.5, 36]","[414.26, 23]",288.75,179,161.5,0.34
07:31:03,"[208.0, 35]","[206.0, 49]","[222.57, 28]","[225.0, 7]",215.29,119,14.57,0.41
07:31:04,"[208.0, 30]","[206.0, 42]","[221.0, 24]","[448.64, 22]",214.5,118,13.0,0.22
07:31:05,"[208.0, 40]","[206.0, 63]","[219.33, 36]","[424.45, 33]",213.67,172,11.33,0.2
07:31:06,"[208.0, 24]","[206.0, 42]","[219.0, 24]","[229.17, 12]",213.5,102,11.0,0.29
07:31:07,"[211.0, 8]","[208.0, 32]","[219.0, 32]","[285.75, 16]",215.0,88,8.0,-0.09
07:31:08,"[208.0, 16]","[206.0, 28]","[219.0, 16]","[251.0, 8]",213.5,68,11.0,0.29
07:31:09,"[208.0, 20]","[206.0, 35]","[218.0, 20]","[381.69, 13]",213.0,88,10.0,0.25
07:31:10,"[208.0, 9]","[206.0, 21]","[217.67, 12]","[503.0, 6]",212.83,48,9.67,0.25
07:31:11,"[206.21, 28]","[204.82, 17]","[215.5, 24]","[311.67, 18]",210.86,87,9.29,0.03
07:31:12,"[206.0, 55]","[204.0, 22]","[212.69, 52]","[217.68, 41]",209.35,170,6.69,-0.09
07:31:13,"[206.0, 30]","[204.0, 12]","[211.0, 30]","[212.0, 24]",208.5,96,5.0,-0.12
07:31:14,"[206.0, 59]","[204.0, 26]","[210.11, 54]","[211.13, 63]",208.06,202,4.11,-0.16
07:31:15,"[206.0, 27]","[204.0, 18]","[208.67, 18]","[209.77, 39]",207.33,102,2.67,-0.12
07:31:16,"[203.74, 50]","[202.25, 24]","[206.92, 26]","[207.72, 29]",205.33,129,3.18,0.15
07:31:17,"[203.19, 69]","[201.04, 79]","[205.06, 47]","[211.71, 21]",204.13,216,1.88,0.37
07:31:18,"[201.0, 110]","[200.0, 33]","[256.0, 12]","[352.17, 24]",228.5,179,55.0,0.6
07:31:19,"[201.19, 47]","[200.85, 82]","[258.64, 11]","[479.82, 22]",229.91,162,57.44,0.59
07:31:20,"[201.27, 60]","[200.65, 93]","[234.3, 37]","[224.68, 50]",217.78,240,33.03,0.28
07:31:21,"[200.15, 46]","[199.36, 28]","[215.17, 36]","[287.31, 26]",207.66,136,15.01,0.09
07:31:22,"[200.39, 23]","[199.14, 21]","[204.0, 48]","[369.0, 22]",202.2,114,3.61,-0.23
07:31:23,"[200.0, 116]","[198.62, 16]","[277.29, 28]","[451.5, 32]",238.64,192,77.29,0.38
07:31:24,"[200.0, 112]","[198.0, 30]","[201.07, 46]","[281.85, 13]",200.53,201,1.07,0.41
07:31:25,"[200.0, 104]","[198.0, 33]","[201.0, 67]","[202.73, 11]",200.5,215,1.0,0.27
07:31:26,"[200.0, 50]","[198.0, 21]","[234.0, 24]","[306.5, 8]",217.0,103,34.0,0.38
07:31:27,"[200.33, 33]","[198.8, 25]","[399.0, 36]","[657.89, 18]",299.67,112,198.67,0.04
07:31:28,"[200.8, 10]","[199.25, 8]","[399.0, 16]","[574.0, 16]",299.9,50,198.2,-0.28
07:31:29,"[200.0, 40]","[198.0, 30]","[375.04, 27]","[542.0, 28]",287.52,125,175.04,0.12
07:31:30,"[200.16, 32]","[198.38, 29]","[482.0, 40]","[560.77, 31]",341.08,132,281.84,-0.08
07:31:31,"[200.0, 30]","[198.0, 30]","[281.4, 40]","[529.5, 20]",240.7,120,81.4,0.0
07:31:32,"[199.2, 20]","[196.35, 68]","[299.1, 30]","[398.29, 42]",249.15,160,99.9,0.1
07:31:33,"[205.58, 19]","[196.92, 13]","[294.0, 7]","[434.29, 28]",249.79,67,88.42,-0.04
07:31:34,"[206.0, 24]","[198.0, 8]","[292.88, 8]","[497.88, 32]",249.44,72,86.88,-0.11
07:31:35,"[206.0, 27]","[198.0, 42]","[271.67, 9]","[352.75, 24]",238.83,102,65.67,0.35
07:31:36,"[206.0, 21]","[198.0, 96]","[276.86, 7]","[299.86, 7]",241.43,131,70.86,0.79
07:31:37,"[200.82, 85]","[197.55, 157]","[245.74, 19]","[267.35, 17]",223.28,278,44.91,0.74
07:31:38,"[198.0, 88]","[196.0, 56]","[219.5, 8]","[342.78, 27]",208.75,179,21.5,0.61
07:31:39,"[198.0, 165]","[196.0, 105]","[218.4, 15]","[267.16, 37]",208.2,322,20.4,0.68
07:31:40,"[198.0, 143]","[196.0, 91]","[215.79, 29]","[243.73, 15]",206.9,278,17.79,0.68
07:31:41,"[199.66, 169]","[197.19, 189]","[213.1, 62]","[214.0, 70]",206.38,490,13.44,0.46
07:31:42,"[204.11, 72]","[199.01, 164]","[209.17, 46]","[210.08, 50]",206.64,332,5.06,0.42
07:31:43,"[202.62, 104]","[200.19, 101]","[206.39, 46]","[208.44, 50]",204.5,301,3.78,0.36
07:31:44,"[203.0, 75]","[201.0, 55]","[205.71, 34]","[206.38, 32]",204.35,196,2.71,0.33
07:31:45,"[203.0, 40]","[200.16, 63]","[204.0, 40]","[326.94, 33]",203.5,176,1.0,0.17
07:31:46,"[200.68, 106]","[199.22, 81]","[412.26, 39]","[489.43, 35]",306.47,261,211.58,0.43
07:31:47,"[206.0, 56]","[200.0, 72]","[350.79, 33]","[520.1, 21]",278.39,182,144.79,0.41
07:31:48,"[206.0, 88]","[200.0, 66]","[355.45, 22]","[458.08, 25]",280.73,201,149.45,0.53
07:31:49,"[206.0, 83]","[200.0, 42]","[382.36, 25]","[404.67, 18]",294.18,168,176.36,0.49
07:31:50,"[206.09, 117]","[203.47, 75]","[256.33, 24]","[273.94, 48]",231.21,264,50.25,0.45
07:31:51,"[207.0, 24]","[206.0, 96]","[217.29, 42]","[220.12, 16]",212.14,178,10.29,0.35
07:31:52,"[207.2, 20]","[206.11, 72]","[215.92, 24]","[216.33, 36]",211.56,152,8.72,0.21
07:31:53,"[208.0, 11]","[207.0, 22]","[213.82, 11]","[216.0, 44]",210.91,88,5.82,-0.25
07:31:54,"[207.44, 18]","[206.29, 56]","[210.53, 19]","[222.39, 31]",208.99,124,3.08,0.19
07:31:55,"[206.07, 59]","[205.33, 24]","[208.0, 10]","[213.68, 19]",207.03,112,1.93,0.48
07:31:56,"[206.0, 21]","[204.0, 7]","[207.86, 7]","[214.0, 14]",206.93,49,1.86,0.14
07:31:57,"[205.5, 16]","[201.63, 43]","[207.0, 8]","[214.0, 16]",206.25,83,1.5,0.42
07:31:58,"[200.89, 54]","[200.93, 90]","[205.47, 15]","[214.0, 30]",203.18,189,4.58,0.52
07:31:59,"[200.0, 130]","[199.0, 20]","[202.5, 10]","[211.0, 20]",201.25,180,2.5,0.67
07:32:00,"[200.08, 155]","[199.64, 61]","[209.45, 33]","[219.03, 31]",204.77,280,9.38,0.54
07:32:01,"[201.0, 40]","[200.0, 120]","[209.2, 30]","[211.0, 20]",205.1,210,8.2,0.52
07:32:02,"[200.09, 92]","[198.89, 38]","[203.33, 27]","[208.75, 24]",201.71,181,3.25,0.44
07:32:03,"[200.0, 78]","[197.0, 18]","[205.33, 27]","[208.95, 21]",202.67,144,5.33,0.33
07:32:04,"[200.85, 84]","[199.18, 39]","[208.42, 31]","[219.44, 18]",204.63,172,7.57,0.43
07:32:05,"[203.0, 92]","[200.25, 40]","[206.32, 38]","[241.47, 19]",204.66,189,3.32,0.4
07:32:06,"[201.67, 72]","[199.82, 33]","[204.44, 64]","[206.36, 44]",203.05,213,2.77,-0.01
07:32:07,"[200.0, 16]","[199.0, 8]","[206.0, 32]","[208.25, 16]",203.0,72,6.0,-0.33
07:32:08,"[200.0, 18]","[199.0, 9]","[205.5, 28]","[207.14, 28]",202.75,83,5.5,-0.35
07:32:09,"[200.0, 20]","[199.0, 10]","[204.0, 20]","[206.86, 28]",202.0,78,4.0,-0.23
07:32:10,"[200.0, 24]","[199.0, 12]","[203.25, 24]","[206.0, 36]",201.62,96,3.25,-0.25
07:32:11,"[200.93, 60]","[199.94, 34]","[275.31, 26]","[242.0, 62]",238.12,182,74.37,0.03
07:32:12,"[201.68, 94]","[200.73, 66]","[400.09, 22]","[449.4, 40]",300.89,222,198.41,0.44
07:32:13,"[208.0, 10]","[203.0, 80]","[349.86, 22]","[419.31, 13]",278.93,125,141.86,0.44
07:32:14,"[208.0, 8]","[207.0, 64]","[349.25, 32]","[392.87, 23]",278.62,127,141.25,0.13
07:32:15,"[208.0, 10]","[207.0, 80]","[339.79, 28]","[428.24, 25]",273.89,143,131.79,0.26
07:32:16,"[207.0, 45]","[204.12, 64]","[270.67, 27]","[384.67, 18]",238.83,154,63.67,0.42
07:32:17,"[207.0, 8]","[206.0, 64]","[316.52, 23]","[517.25, 8]",261.76,103,109.52,0.4
07:32:18,"[207.0, 8]","[206.0, 64]","[372.94, 17]","[493.64, 11]",289.97,100,165.94,0.44
07:32:19,"[207.0, 11]","[206.0, 88]","[441.64, 33]","[443.0, 11]",324.32,143,234.64,0.38
07:32:20,"[206.44, 18]","[205.88, 68]","[441.0, 30]","[460.5, 10]",323.72,126,234.56,0.37
07:32:21,"[206.0, 60]","[204.0, 24]","[421.24, 37]","[442.09, 35]",313.62,156,215.24,0.08
07:32:22,"[206.0, 55]","[204.0, 22]","[294.67, 27]","[381.2, 20]",250.33,124,88.67,0.24
07:32:23,"[206.0, 63]","[204.0, 26]","[293.02, 41]","[294.94, 17]",249.51,147,87.02,0.21
07:32:24,"[202.11, 54]","[201.45, 22]","[290.64, 44]","[293.0, 33]",246.37,153,88.53,-0.01
07:32:25,"[201.0, 78]","[200.0, 26]","[249.35, 46]","[280.59, 29]",225.17,179,48.35,0.16
07:32:26,"[202.45, 86]","[200.95, 88]","[223.52, 42]","[236.04, 56]",212.99,272,21.07,0.28
07:32:27,"[202.75, 56]","[201.15, 74]","[205.09, 43]","[210.69, 32]",203.92,205,2.34,0.27
07:32:28,"[202.62, 90]","[201.23, 86]","[204.83, 36]","[205.53, 38]",203.73,250,2.21,0.41
07:32:29,"[203.05, 73]","[201.1, 82]","[204.86, 35]","[207.86, 35]",203.96,225,1.8,0.38
07:32:30,"[203.15, 26]","[201.0, 51]","[208.93, 28]","[429.67, 36]",206.04,141,5.77,0.09
07:32:31,"[202.09, 22]","[201.0, 33]","[208.93, 14]","[237.37, 19]",205.51,88,6.84,0.25
07:32:32,"[202.33, 24]","[201.11, 37]","[209.0, 16]","[293.38, 29]",205.67,106,6.67,0.15
07:32:33,"[201.0, 40]","[200.0, 16]","[211.06, 31]","[286.05, 21]",206.03,108,10.06,0.04
07:32:34,"[201.0, 65]","[200.0, 26]","[208.81, 59]","[210.31, 32]",204.91,182,7.81,0.0
07:32:35,"[201.0, 40]","[200.0, 16]","[205.79, 28]","[207.0, 34]",203.39,118,4.79,-0.05
07:32:36,"[201.0, 30]","[200.0, 12]","[204.8, 25]","[205.86, 29]",202.9,96,3.8,-0.12
07:32:37,"[201.0, 65]","[200.0, 26]","[203.33, 48]","[204.26, 61]",202.17,200,2.33,-0.09
07:32:38,"[200.92, 49]","[199.69, 26]","[202.45, 44]","[204.08, 49]",201.69,168,1.54,-0.11
07:32:39,"[199.71, 28]","[198.18, 68]","[233.22, 45]","[296.84, 25]",216.47,166,33.51,0.16
07:32:40,"[199.45, 58]","[196.5, 103]","[316.36, 25]","[350.3, 43]",257.9,229,116.91,0.41
07:32:41,"[200.4, 52]","[197.2, 105]","[266.12, 16]","[343.14, 21]",233.26,194,65.72,0.62
07:32:42,"[202.8, 40]","[197.41, 86]","[256.81, 42]","[273.06, 34]",229.8,202,54.01,0.25
07:32:43,"[207.0, 9]","[200.0, 18]","[253.0, 18]","[256.0, 36]",230.0,81,46.0,-0.33
07:32:44,"[207.78, 27]","[201.75, 16]","[251.8, 20]","[255.6, 40]",229.79,103,44.02,-0.17
07:32:45,"[207.6, 20]","[200.41, 17]","[251.0, 18]","[316.56, 36]",229.3,91,43.4,-0.19
07:32:46,"[197.49, 82]","[108.81, 37]","[249.45, 22]","[324.84, 38]",223.47,179,51.97,0.33
07:32:47,"[200.59, 46]","[196.47, 144]","[243.19, 32]","[245.2, 40]",221.89,262,42.6,0.45
07:32:48,"[202.0, 24]","[197.0, 104]","[241.6, 20]","[252.42, 19]",221.8,167,39.6,0.53
07:32:49,"[202.0, 33]","[197.0, 143]","[240.43, 28]","[241.16, 38]",221.21,242,38.43,0.45
07:32:50,"[202.0, 45]","[193.88, 48]","[236.7, 40]","[240.6, 50]",219.35,183,34.7,0.02
07:32:51,"[202.77, 65]","[200.75, 40]","[233.45, 40]","[251.27, 52]",218.11,197,30.68,0.07
07:32:52,"[203.0, 46]","[200.6, 20]","[231.0, 27]","[232.0, 36]",217.0,129,28.0,0.02
07:32:53,"[203.31, 26]","[202.0, 36]","[228.72, 46]","[230.69, 52]",216.01,160,25.41,-0.23
07:32:54,"[207.75, 97]","[203.28, 25]","[225.19, 43]","[227.64, 50]",216.47,215,17.43,0.13
07:32:55,"[208.0, 231]","[204.0, 33]","[222.14, 56]","[223.14, 74]",215.07,394,14.14,0.34
07:32:56,"[208.0, 155]","[204.0, 128]","[221.52, 58]","[222.66, 61]",214.76,402,13.52,0.41
07:32:57,"[208.0, 55]","[204.0, 88]","[220.29, 38]","[221.38, 39]",214.14,220,12.29,0.3
07:32:58,"[208.0, 75]","[204.0, 120]","[216.86, 42]","[220.53, 57]",212.43,294,8.86,0.33
07:32:59,"[204.0, 136]","[201.0, 51]","[206.47, 60]","[209.18, 49]",205.23,296,2.47,0.26
07:33:00,"[201.43, 56]","[200.07, 86]","[204.73, 56]","[205.46, 65]",203.08,263,3.3,0.08
07:33:01,"[192.98, 65]","[169.08, 93]","[201.44, 18]","[202.88, 41]",197.21,217,8.46,0.46
07:33:02,"[168.03, 72]","[95.76, 164]","[197.43, 46]","[198.39, 31]",182.73,313,29.41,0.51
07:33:03,"[180.69, 94]","[173.77, 48]","[196.9, 40]","[197.92, 26]",188.8,208,16.21,0.37
07:33:04,"[179.78, 68]","[163.57, 46]","[194.4, 40]","[195.9, 29]",187.09,183,14.62,0.25
07:33:05,"[170.4, 10]","[92.06, 34]","[278.27, 22]","[280.13, 15]",224.34,81,107.87,0.09
07:33:06,"[171.5, 2]","[66.0, 6]","[397.0, 10]","[486.0, 2]",284.25,20,225.5,-0.2
07:33:07,"[190.17, 24]","[155.86, 14]","[285.75, 40]","[430.0, 12]",237.96,90,95.58,-0.16
07:33:08,"[201.09, 46]","[197.75, 24]","[373.42, 24]","[493.12, 24]",287.25,118,172.33,0.19
07:33:09,"[201.55, 60]","[200.57, 42]","[259.5, 24]","[290.68, 40]",230.53,166,57.95,0.23
07:33:10,"[205.05, 57]","[199.87, 79]","[222.89, 9]","[276.5, 40]",213.97,185,17.84,0.47
07:33:11,"[206.0, 60]","[202.42, 96]","[221.1, 10]","[326.0, 40]",213.55,206,15.1,0.51
07:33:12,"[206.0, 60]","[204.0, 80]","[221.0, 10]","[467.31, 36]",213.5,186,15.0,0.51
07:33:13,"[206.0, 46]","[204.0, 72]","[218.73, 15]","[319.22, 9]",212.37,142,12.73,0.66
07:33:14,"[206.0, 40]","[204.0, 80]","[212.0, 20]","[217.29, 28]",209.0,168,6.0,0.43
07:33:15,"[205.22, 41]","[203.88, 100]","[208.78, 41]","[214.18, 40]",207.0,222,3.56,0.27
07:33:16,"[204.0, 32]","[201.0, 18]","[214.53, 17]","[215.07, 15]",209.26,82,10.53,0.22
07:33:17,"[204.0, 24]","[201.0, 16]","[210.83, 12]","[211.38, 16]",207.42,68,6.83,0.18
07:33:18,"[204.0, 30]","[202.81, 62]","[208.4, 10]","[210.22, 18]",206.2,120,4.4,0.53
07:33:19,"[204.0, 24]","[203.0, 64]","[319.14, 28]","[554.33, 12]",261.57,128,115.14,0.38
07:33:20,"[207.27, 66]","[203.22, 41]","[452.08, 26]","[676.25, 16]",329.67,149,244.8,0.44
07:33:21,"[208.0, 54]","[204.5, 8]","[327.0, 6]","[521.0, 12]",267.5,80,119.0,0.55
07:33:22,"[208.0, 96]","[206.0, 12]","[248.0, 12]","[488.5, 24]",228.0,144,40.0,0.5
07:33:23,"[208.0, 56]","[206.0, 8]","[386.67, 12]","[549.0, 12]",297.33,88,178.67,0.45
07:33:24,"[208.0, 42]","[206.0, 6]","[456.0, 12]","[735.0, 6]",332.0,66,248.0,0.45
07:33:25,"[208.0, 98]","[205.45, 11]","[413.43, 28]","[735.0, 14]",310.71,151,205.43,0.44
07:33:26,"[208.0, 182]","[206.0, 13]","[416.23, 44]","[471.24, 34]",312.11,273,208.23,0.43
07:33:27,"[208.0, 84]","[206.0, 6]","[272.25, 16]","[374.25, 16]",240.12,122,64.25,0.48
07:33:28,"[208.0, 84]","[206.0, 6]","[226.0, 24]","[307.0, 12]",217.0,126,18.0,0.43
07:33:29,"[208.0, 154]","[206.0, 14]","[223.08, 50]","[228.04, 48]",215.54,266,15.08,0.26
07:33:30,"[208.0, 121]","[206.0, 11]","[215.21, 38]","[216.88, 32]",211.61,202,7.21,0.31
07:33:31,"[208.0, 111]","[206.0, 11]","[210.9, 40]","[212.31, 26]",209.45,188,2.9,0.3
07:33:32,"[207.9, 63]","[204.62, 39]","[210.07, 54]","[228.27, 44]",208.99,200,2.17,0.02
07:33:33,"[204.15, 26]","[203.43, 42]","[209.86, 14]","[313.25, 16]",207.01,98,5.7,0.39
07:33:34,"[204.0, 44]","[203.0, 56]","[208.2, 10]","[209.32, 25]",206.1,135,4.2,0.48
07:33:35,"[204.02, 42]","[203.06, 77]","[207.0, 10]","[208.0, 40]",205.51,169,2.98,0.41
07:33:36,"[203.56, 18]","[202.88, 85]","[205.38, 32]","[208.38, 26]",204.47,161,1.82,0.28
07:33:37,"[201.9, 31]","[200.2, 75]","[204.75, 32]","[212.0, 32]",203.33,170,2.85,0.25
07:33:38,"[201.0, 24]","[200.0, 96]","[204.0, 32]","[212.0, 32]",202.5,184,3.0,0.3
07:33:39,"[201.12, 32]","[200.05, 114]","[204.0, 36]","[363.0, 48]",202.56,230,2.88,0.27
07:33:40,"[202.0, 65]","[200.35, 66]","[235.0, 40]","[517.98, 49]",218.5,220,33.0,0.19
07:33:41,"[203.0, 45]","[201.0, 45]","[542.76, 37]","[647.8, 25]",372.88,152,339.76,0.18
07:33:42,"[207.44, 90]","[201.6, 50]","[452.9, 50]","[513.95, 42]",330.17,232,245.46,0.21
07:33:43,"[208.0, 80]","[201.67, 45]","[298.89, 37]","[378.25, 40]",253.45,202,90.89,0.24
07:33:44,"[208.0, 100]","[204.0, 100]","[236.0, 50]","[383.11, 45]",222.0,295,28.0,0.36
07:33:45,"[208.0, 160]","[204.0, 160]","[235.88, 80]","[269.56, 80]",221.94,480,27.88,0.33
07:33:46,"[208.0, 120]","[204.53, 95]","[235.0, 60]","[315.33, 60]",221.5,335,27.0,0.28
07:33:47,"[208.0, 100]","[206.0, 50]","[234.7, 50]","[284.6, 50]",221.35,250,26.7,0.2
07:33:48,"[208.0, 97]","[206.0, 50]","[233.9, 50]","[286.1, 42]",220.95,239,25.9,0.23
07:33:49,"[208.0, 108]","[206.0, 60]","[231.84, 58]","[401.37, 38]",219.92,264,23.84,0.27
07:33:50,"[208.0, 99]","[206.0, 55]","[232.0, 55]","[612.14, 22]",220.0,231,24.0,0.33
07:33:51,"[208.0, 65]","[206.0, 40]","[231.25, 40]","[474.5, 20]",219.62,165,23.25,0.27
07:33:52,"[208.0, 88]","[206.0, 55]","[229.18, 55]","[348.39, 33]",218.59,231,21.18,0.24
07:33:53,"[208.0, 72]","[207.0, 36]","[228.0, 45]","[309.0, 36]",218.0,189,20.0,0.14
07:33:54,"[208.0, 86]","[207.0, 44]","[226.18, 55]","[353.85, 41]",217.09,226,18.18,0.15
07:33:55,"[208.0, 66]","[207.0, 44]","[225.0, 55]","[324.07, 46]",216.5,211,17.0,0.04
07:33:56,"[207.59, 29]","[206.65, 43]","[224.5, 50]","[342.0, 50]",216.04,172,16.91,-0.16
07:33:57,"[206.54, 52]","[204.59, 119]","[220.62, 61]","[255.9, 62]",213.58,294,14.08,0.16
07:33:58,"[206.0, 17]","[204.22, 161]","[212.57, 56]","[215.39, 69]",209.29,303,6.57,0.17
07:33:59,"[206.0, 9]","[204.29, 98]","[211.7, 40]","[213.85, 41]",208.85,188,5.7,0.14
07:34:00,"[206.0, 60]","[204.0, 196]","[209.22, 59]","[210.28, 60]",207.61,375,3.22,0.37
07:34:01,"[204.12, 69]","[203.92, 61]","[207.61, 41]","[208.43, 35]",205.86,206,3.49,0.26
07:34:02,"[204.0, 103]","[203.0, 12]","[206.8, 56]","[208.03, 38]",205.4,209,2.8,0.1
07:34:03,"[203.86, 29]","[201.45, 31]","[272.65, 26]","[347.76, 29]",238.26,115,68.79,0.04
07:34:04,"[203.0, 10]","[201.0, 114]","[343.0, 35]","[418.78, 37]",273.0,196,140.0,0.27
07:34:05,"[203.0, 12]","[201.0, 72]","[288.25, 24]","[290.0, 60]",245.62,168,85.25,0.0
07:34:06,"[205.31, 104]","[201.39, 95]","[280.48, 73]","[284.69, 49]",242.89,321,75.17,0.24
07:34:07,"[206.86, 56]","[205.91, 67]","[250.05, 37]","[271.18, 34]",228.46,194,43.2,0.27
07:34:08,"[207.0, 24]","[206.0, 112]","[248.25, 40]","[253.83, 58]",227.62,234,41.25,0.16
07:34:09,"[207.0, 10]","[206.0, 80]","[246.78, 23]","[248.91, 47]",226.89,160,39.78,0.12
07:34:10,"[207.0, 12]","[206.0, 96]","[245.42, 48]","[246.22, 36]",226.21,192,38.42,0.12
07:34:11,"[207.0, 15]","[206.0, 120]","[242.38, 60]","[243.33, 45]",224.69,240,35.38,0.12
07:34:12,"[207.0, 14]","[206.0, 112]","[235.38, 37]","[236.79, 61]",221.19,224,28.38,0.12
07:34:13,"[207.0, 10]","[206.0, 80]","[230.1, 10]","[231.89, 19]",218.55,119,23.1,0.51
07:34:14,"[207.0, 9]","[206.0, 72]","[227.66, 41]","[229.11, 9]",217.33,131,20.66,0.24
07:34:15,"[207.0, 10]","[206.0, 80]","[225.92, 26]","[226.37, 30]",216.46,146,18.92,0.23
07:34:16,"[207.0, 10]","[206.0, 104]","[214.5, 10]","[220.4, 10]",210.75,134,7.5,0.7
07:34:17,"[206.02, 138]","[204.59, 111]","[207.42, 50]","[209.75, 16]",206.72,315,1.4,0.58
07:34:18,"[206.0, 72]","[204.0, 84]","[293.29, 70]","[385.66, 38]",249.64,264,87.29,0.18
07:34:19,"[206.08, 26]","[204.14, 58]","[378.92, 39]","[407.53, 17]",292.5,140,172.85,0.2
07:34:20,"[208.0, 59]","[207.0, 11]","[320.87, 39]","[345.29, 17]",264.44,126,112.87,0.11
07:34:21,"[208.0, 30]","[206.18, 17]","[265.29, 42]","[385.7, 40]",236.64,129,57.29,-0.27
07:34:22,"[205.04, 27]","[203.82, 22]","[284.57, 35]","[476.33, 15]",244.8,99,79.53,-0.01
07:34:23,"[203.0, 44]","[201.0, 48]","[276.56, 80]","[433.72, 50]",239.78,222,73.56,-0.17
07:34:24,"[201.72, 32]","[200.43, 53]","[222.0, 30]","[283.0, 50]",211.86,165,20.28,0.03
07:34:25,"[200.44, 45]","[196.84, 77]","[283.0, 40]","[400.5, 24]",241.72,186,82.56,0.31
07:34:26,"[202.84, 38]","[198.5, 48]","[283.0, 50]","[425.1, 30]",242.92,166,80.16,0.04
07:34:27,"[201.0, 24]","[200.0, 40]","[281.38, 40]","[387.9, 10]",241.19,114,80.38,0.12
07:34:28,"[201.0, 21]","[200.0, 35]","[280.43, 35]","[351.0, 7]",240.71,98,79.43,0.14
07:34:29,"[200.25, 24]","[148.18, 33]","[277.89, 45]","[351.0, 9]",239.07,111,77.64,0.03
07:34:30,"[192.13, 23]","[140.17, 18]","[245.34, 38]","[268.64, 28]",218.74,107,53.21,-0.23
07:34:31,"[67.63, 46]","[58.43, 23]","[197.74, 34]","[199.0, 10]",132.68,113,130.1,0.22
07:34:32,"[120.39, 23]","[62.99, 121]","[196.13, 38]","[199.21, 19]",158.26,201,75.74,0.43
07:34:33,"[102.0, 5]","[63.0, 40]","[199.0, 5]","[200.0, 20]",150.5,70,97.0,0.29
07:34:34,"[95.14, 7]","[66.57, 21]","[199.0, 7]","[200.0, 28]",147.07,63,103.86,-0.11
07:34:35,"[114.11, 36]","[78.0, 9]","[198.11, 27]","[199.67, 18]",156.11,90,84.0,0.0
07:34:36,"[112.11, 27]","[111.35, 65]","[196.26, 43]","[198.37, 19]",154.18,154,84.14,0.19
07:34:37,"[114.82, 98]","[113.36, 28]","[193.0, 30]","[198.0, 56]",153.91,212,78.18,0.19
07:34:38,"[116.16, 19]","[115.92, 26]","[195.5, 8]","[198.06, 17]",155.83,70,79.34,0.29
07:34:39,"[123.17, 35]","[121.57, 35]","[198.08, 24]","[199.57, 14]",160.63,108,74.91,0.3
07:34:40,"[145.37, 51]","[126.29, 28]","[198.7, 23]","[200.54, 13]",172.03,115,53.32,0.37
07:34:41,"[142.02, 44]","[141.0, 37]","[200.0, 36]","[215.43, 21]",171.01,138,57.98,0.17
07:34:42,"[142.22, 40]","[141.94, 68]","[247.2, 30]","[319.77, 52]",194.71,190,104.97,0.14
07:34:43,"[148.72, 53]","[147.19, 32]","[241.89, 38]","[299.62, 32]",195.31,155,93.18,0.1
07:34:44,"[147.69, 75]","[95.43, 47]","[237.63, 27]","[239.27, 37]",192.66,186,89.94,0.31
07:34:45,"[151.15, 98]","[147.54, 104]","[210.76, 33]","[222.58, 31]",180.96,266,59.6,0.52
07:34:46,"[151.0, 48]","[150.0, 42]","[191.0, 8]","[192.0, 6]",171.0,104,40.0,0.73
07:34:47,"[177.89, 70]","[157.19, 37]","[191.0, 10]","[192.0, 10]",184.44,127,13.11,0.69
07:34:48,"[189.67, 24]","[188.0, 3]","[191.0, 3]","[192.0, 3]",190.33,33,1.33,0.64
07:34:49,"[190.24, 74]","[189.55, 31]","[192.55, 22]","[193.23, 26]",191.39,153,2.3,0.37
07:34:50,"[190.42, 96]","[94.62, 21]","[193.0, 57]","[196.0, 12]",191.71,186,2.58,0.26
07:34:51,"[193.4, 58]","[192.25, 85]","[197.82, 28]","[202.52, 27]",195.61,198,4.42,0.44
07:34:52,"[194.6, 60]","[193.46, 67]","[197.79, 39]","[198.73, 37]",196.2,203,3.19,0.25
07:34:53,"[196.5, 48]","[193.92, 50]","[198.42, 43]","[364.93, 44]",197.46,185,1.92,0.06
07:34:54,"[198.0, 32]","[176.7, 10]","[330.17, 23]","[451.89, 37]",264.09,102,132.17,-0.18
07:34:55,"[199.8, 20]","[198.06, 33]","[456.84, 37]","[496.5, 40]",328.32,130,257.04,-0.18
07:34:56,"[200.0, 24]","[199.0, 48]","[472.86, 42]","[555.98, 51]",336.43,165,272.86,-0.13
07:34:57,"[201.2, 15]","[199.64, 11]","[291.0, 25]","[401.19, 27]",246.1,78,89.8,-0.33
07:34:58,"[203.36, 28]","[201.59, 29]","[207.79, 48]","[208.67, 60]",205.57,165,4.43,-0.31
07:34:59,"[204.0, 44]","[201.0, 44]","[206.0, 22]","[208.0, 55]",205.0,165,2.0,0.07
07:35:00,"[202.71, 34]","[201.1, 40]","[204.38, 16]","[213.31, 35]",203.54,125,1.67,0.18
07:35:01,"[201.25, 32]","[200.73, 22]","[202.54, 13]","[204.65, 17]",201.89,84,1.29,0.29
07:35:02,"[201.08, 24]","[200.36, 11]","[202.38, 13]","[320.11, 27]",201.73,75,1.3,-0.07
07:35:03,"[200.18, 11]","[137.83, 42]","[202.6, 10]","[398.82, 22]",201.39,85,2.42,0.25
07:35:04,"[196.48, 50]","[186.62, 68]","[201.0, 7]","[328.84, 25]",198.74,150,4.52,0.57
07:35:05,"[200.0, 19]","[157.0, 16]","[207.88, 8]","[276.31, 16]",203.94,59,7.88,0.19
07:35:06,"[170.33, 43]","[137.67, 43]","[267.38, 13]","[322.85, 26]",218.86,125,97.06,0.38
07:35:07,"[187.76, 107]","[158.16, 64]","[368.33, 15]","[478.38, 24]",278.05,210,180.58,0.63
07:35:08,"[202.95, 38]","[129.36, 22]","[253.15, 26]","[409.75, 16]",228.05,102,50.21,0.18
07:35:09,"[155.24, 21]","[116.35, 17]","[196.0, 90]","[375.75, 32]",175.62,160,40.76,-0.53
07:35:10,"[160.42, 36]","[158.32, 28]","[264.44, 43]","[409.62, 48]",212.43,155,104.03,-0.17
07:35:11,"[196.14, 14]","[177.43, 28]","[202.65, 26]","[373.0, 29]",199.4,97,6.51,-0.13
07:35:12,"[110.53, 30]","[85.56, 36]","[197.67, 9]","[201.11, 19]",154.1,94,87.13,0.4
07:35:13,"[132.29, 28]","[124.82, 34]","[196.0, 11]","[201.0, 33]",164.14,106,63.71,0.17
07:35:14,"[133.5, 30]","[131.11, 36]","[194.7, 30]","[195.44, 16]",164.1,112,61.2,0.18
07:35:15,"[136.3, 37]","[131.24, 51]","[191.26, 35]","[192.31, 39]",163.78,162,54.96,0.09
07:35:16,"[141.2, 30]","[132.2, 45]","[191.11, 18]","[196.0, 12]",166.16,105,49.91,0.43
07:35:17,"[137.5, 24]","[131.0, 32]","[190.0, 8]","[196.0, 8]",163.75,72,52.5,0.56
07:35:18,"[139.3, 30]","[100.24, 34]","[190.0, 10]","[196.0, 10]",164.65,84,50.7,0.52
07:35:19,"[141.7, 27]","[122.12, 16]","[190.0, 8]","[196.0, 8]",165.85,59,48.3,0.46
07:35:20,"[187.5, 54]","[181.44, 55]","[197.5, 32]","[273.8, 20]",192.5,161,10.0,0.35
07:35:21,"[190.4, 40]","[189.73, 33]","[199.33, 12]","[206.24, 34]",194.87,119,8.93,0.23
07:35:22,"[194.45, 31]","[193.0, 24]","[199.0, 11]","[200.0, 44]",196.73,110,4.55,0.0
07:35:23,"[197.6, 47]","[196.3, 40]","[213.28, 29]","[284.31, 39]",205.44,155,15.68,0.12
07:35:24,"[198.94, 64]","[197.75, 48]","[322.18, 22]","[513.0, 17]",260.56,151,123.24,0.48
07:35:25,"[208.0, 7]","[200.84, 38]","[276.14, 21]","[423.0, 7]",242.07,73,68.14,0.23
07:35:26,"[208.0, 10]","[204.0, 20]","[274.7, 30]","[389.4, 10]",241.35,70,66.7,-0.14
07:35:27,"[202.55, 33]","[199.6, 50]","[272.63, 19]","[341.33, 9]",237.59,111,70.09,0.5
07:35:28,"[206.0, 42]","[200.47, 90]","[227.18, 17]","[241.45, 11]",216.59,160,21.18,0.65
07:35:29,"[206.0, 36]","[201.0, 98]","[224.0, 21]","[225.43, 21]",215.0,176,18.0,0.52
07:35:30,"[206.0, 29]","[201.0, 126]","[221.44, 27]","[223.33, 27]",213.72,209,15.44,0.48
07:35:31,"[201.52, 58]","[200.37, 76]","[220.67, 18]","[221.67, 18]",211.09,170,19.15,0.58
07:35:32,"[201.0, 34]","[200.0, 36]","[219.33, 9]","[220.33, 9]",210.17,88,18.33,0.59
07:35:33,"[201.0, 32]","[200.0, 48]","[218.0, 12]","[219.0, 12]",209.5,104,17.0,0.54
07:35:34,"[201.53, 86]","[200.06, 128]","[214.73, 33]","[216.18, 33]",208.13,280,13.19,0.53
07:35:35,"[202.96, 25]","[201.32, 136]","[209.76, 51]","[210.76, 51]",206.36,263,6.8,0.22
07:35:36,"[201.52, 29]","[200.14, 140]","[205.0, 33]","[206.55, 33]",203.26,235,3.48,0.44
07:35:37,"[200.06, 216]","[198.54, 113]","[211.9, 30]","[255.23, 43]",205.98,402,11.84,0.64
07:35:38,"[200.12, 100]","[198.15, 52]","[355.0, 9]","[356.0, 27]",277.56,188,154.88,0.62
07:35:39,"[206.0, 11]","[201.67, 24]","[378.11, 19]","[506.6, 25]",292.05,79,172.11,-0.11
07:35:40,"[200.67, 27]","[198.5, 10]","[347.0, 5]","[516.6, 15]",273.83,57,146.33,0.3
07:35:41,"[209.0, 35]","[200.5, 48]","[326.7, 27]","[363.27, 15]",267.85,125,117.7,0.33
07:35:42,"[203.21, 29]","[200.07, 91]","[258.29, 35]","[302.33, 27]",230.75,182,55.08,0.32
07:35:43,"[208.67, 63]","[201.63, 35]","[211.18, 49]","[229.31, 39]",209.93,186,2.52,0.05
07:35:44,"[208.38, 26]","[202.25, 48]","[218.78, 32]","[237.14, 28]",213.58,134,10.4,0.1
07:35:45,"[205.12, 50]","[201.39, 143]","[320.0, 23]","[336.7, 40]",262.56,256,114.88,0.51
07:35:46,"[202.0, 77]","[201.0, 264]","[330.0, 11]","[340.0, 36]",266.0,388,128.0,0.76
07:35:47,"[202.0, 58]","[201.0, 240]","[328.5, 10]","[616.24, 37]",265.25,345,126.5,0.73
07:35:48,"[203.71, 35]","[201.14, 111]","[328.0, 7]","[430.0, 28]",265.86,181,124.29,0.61
07:35:49,"[206.0, 45]","[202.0, 57]","[327.11, 9]","[418.88, 34]",266.56,145,121.11,0.41
07:35:50,"[206.0, 56]","[202.0, 50]","[323.95, 22]","[336.28, 25]",264.98,153,117.95,0.39
07:35:51,"[205.57, 46]","[201.59, 59]","[321.38, 8]","[324.0, 32]",263.47,145,115.81,0.45
07:35:52,"[202.0, 39]","[201.0, 216]","[318.33, 12]","[323.3, 33]",260.17,300,116.33,0.7
07:35:53,"[202.0, 46]","[201.0, 276]","[316.71, 41]","[319.52, 23]",259.35,386,114.71,0.67
07:35:54,"[202.0, 40]","[201.0, 300]","[277.76, 34]","[304.67, 43]",239.88,417,75.76,0.63
07:35:55,"[201.0, 331]","[200.35, 85]","[300.19, 47]","[313.34, 50]",250.6,513,99.19,0.62
07:35:56,"[201.31, 163]","[200.89, 235]","[284.62, 50]","[294.04, 47]",242.97,495,83.31,0.61
07:35:57,"[206.0, 21]","[201.0, 210]","[260.96, 24]","[262.0, 26]",233.48,281,54.96,0.64
07:35:58,"[206.0, 36]","[201.0, 360]","[256.33, 43]","[257.35, 51]",231.16,490,50.33,0.62
07:35:59,"[206.0, 42]","[201.01, 395]","[250.23, 48]","[251.2, 64]",228.11,549,44.23,0.59
07:36:00,"[206.0, 42]","[202.0, 70]","[245.17, 58]","[246.52, 52]",225.59,222,39.17,0.01
07:36:01,"[206.47, 68]","[203.08, 72]","[239.39, 51]","[242.92, 76]",222.93,267,32.92,0.05
07:36:02,"[206.43, 37]","[204.29, 41]","[214.62, 37]","[216.0, 36]",210.53,151,8.19,0.03
07:36:03,"[206.0, 39]","[204.06, 53]","[209.07, 59]","[210.32, 41]",207.53,192,3.07,-0.04
07:36:04,"[205.09, 55]","[203.25, 63]","[207.35, 68]","[208.41, 59]",206.22,245,2.26,-0.04
07:36:05,"[203.76, 17]","[201.53, 66]","[205.1, 39]","[209.04, 27]",204.43,149,1.34,0.11
07:36:06,"[202.0, 18]","[201.0, 279]","[203.07, 43]","[204.17, 29]",202.53,369,1.07,0.61
07:36:07,"[201.01, 290]","[198.73, 131]","[212.56, 48]","[248.98, 47]",206.78,516,11.56,0.63
07:36:08,"[201.0, 102]","[198.0, 54]","[291.17, 24]","[381.5, 24]",246.08,204,90.17,0.53
07:36:09,"[201.89, 90]","[199.0, 54]","[429.0, 36]","[720.26, 38]",315.44,218,227.11,0.32
07:36:10,"[205.0, 20]","[202.0, 30]","[429.0, 20]","[612.2, 20]",317.0,90,224.0,0.11
07:36:11,"[205.0, 24]","[202.0, 36]","[438.0, 24]","[499.0, 24]",321.5,108,233.0,0.11
07:36:12,"[205.0, 24]","[202.0, 36]","[349.73, 22]","[409.23, 26]",277.36,108,144.73,0.11
07:36:13,"[205.0, 44]","[202.24, 41]","[256.13, 15]","[408.94, 51]",230.57,151,51.13,0.13
07:36:14,"[202.0, 50]","[201.0, 210]","[253.8, 50]","[254.93, 14]",227.9,324,51.8,0.6
07:36:15,"[202.38, 48]","[201.19, 156]","[249.83, 60]","[251.33, 60]",226.1,324,47.46,0.26
07:36:16,"[201.75, 114]","[200.74, 235]","[246.44, 80]","[247.81, 80]",224.09,509,44.69,0.37
07:36:17,"[206.67, 36]","[204.0, 48]","[244.4, 52]","[246.33, 60]",225.54,196,37.74,-0.14
07:36:18,"[208.0, 24]","[206.0, 48]","[240.0, 44]","[240.93, 56]",224.0,172,32.0,-0.16
07:36:19,"[209.53, 94]","[206.43, 56]","[235.12, 69]","[235.92, 49]",222.32,268,25.58,0.12
07:36:20,"[209.85, 156]","[206.89, 54]","[229.33, 90]","[230.24, 74]",219.59,374,19.49,0.12
07:36:21,"[207.21, 76]","[203.31, 108]","[225.47, 95]","[227.63, 95]",216.34,374,18.26,-0.02
07:36:22,"[204.0, 36]","[201.0, 484]","[220.18, 44]","[222.34, 44]",212.09,608,16.18,0.71
07:36:23,"[206.0, 48]","[204.0, 48]","[215.57, 44]","[215.15, 72]",210.78,212,9.57,-0.09
07:36:24,"[206.0, 33]","[204.0, 33]","[208.78, 41]","[209.81, 42]",207.39,149,2.78,-0.11
07:36:25,"[203.82, 33]","[201.14, 142]","[306.15, 20]","[285.85, 48]",254.98,243,102.33,0.44
07:36:26,"[207.29, 35]","[201.1, 116]","[356.21, 19]","[546.51, 35]",281.75,205,148.92,0.47
07:36:27,"[208.04, 26]","[205.5, 10]","[445.33, 9]","[498.67, 18]",326.69,63,237.29,0.14
07:36:28,"[208.06, 16]","[207.38, 34]","[490.8, 10]","[508.4, 50]",349.43,110,282.74,-0.09
07:36:29,"[204.12, 16]","[202.83, 6]","[464.43, 7]","[509.19, 26]",334.28,55,260.3,-0.2
07:36:30,"[204.88, 32]","[202.83, 12]","[280.87, 23]","[426.91, 22]",242.87,89,75.99,-0.01
07:36:31,"[204.8, 20]","[202.82, 11]","[250.15, 13]","[251.7, 20]",227.48,64,45.35,-0.03
07:36:32,"[205.0, 14]","[203.0, 7]","[247.0, 7]","[251.0, 14]",226.0,42,42.0,0.0
07:36:33,"[205.56, 18]","[204.2, 10]","[245.25, 8]","[246.08, 13]",225.4,49,39.69,0.14
07:36:34,"[206.33, 12]","[205.0, 12]","[244.5, 6]","[246.0, 12]",225.42,42,38.17,0.14
07:36:35,"[207.0, 14]","[205.0, 14]","[244.0, 7]","[246.0, 14]",225.5,49,37.0,0.14
07:36:36,"[207.0, 12]","[205.0, 12]","[243.0, 12]","[244.0, 6]",225.0,42,36.0,0.14
07:36:37,"[207.44, 18]","[205.0, 24]","[241.0, 16]","[242.3, 20]",224.22,78,33.56,0.08
07:36:38,"[208.0, 15]","[205.0, 30]","[238.06, 18]","[239.11, 27]",223.03,90,30.06,0.0
07:36:39,"[208.0, 17]","[205.0, 34]","[235.27, 22]","[236.38, 39]",221.64,112,27.27,-0.09
07:36:40,"[205.0, 15]","[204.0, 15]","[228.67, 24]","[231.67, 21]",216.83,75,23.67,-0.2
07:36:41,"[206.75, 51]","[204.9, 21]","[216.79, 28]","[222.13, 23]",211.77,123,10.04,0.17
07:36:42,"[208.0, 36]","[207.0, 60]","[213.14, 28]","[214.69, 13]",210.57,137,5.14,0.4
07:36:43,"[205.68, 57]","[204.58, 36]","[208.69, 48]","[209.85, 39]",207.19,180,3.0,0.03
07:36:44,"[202.8, 10]","[201.84, 19]","[204.91, 23]","[205.54, 13]",203.86,65,2.11,-0.11
07:36:45,"[201.31, 39]","[200.25, 84]","[203.22, 63]","[260.68, 44]",202.26,230,1.91,0.07
07:36:46,"[201.0, 68]","[200.0, 77]","[202.55, 44]","[367.5, 30]",201.77,219,1.55,0.32
07:36:47,"[201.81, 52]","[198.67, 75]","[303.71, 28]","[445.17, 23]",252.76,178,101.91,0.43
07:36:48,"[208.47, 98]","[203.54, 35]","[305.16, 19]","[337.93, 14]",256.81,166,96.69,0.6
07:36:49,"[209.0, 154]","[205.0, 22]","[264.55, 22]","[284.74, 19]",236.77,217,55.55,0.62
07:36:50,"[209.0, 99]","[205.0, 22]","[242.86, 28]","[261.78, 27]",225.93,176,33.86,0.38
07:36:51,"[209.0, 71]","[205.0, 18]","[243.0, 14]","[251.58, 19]",226.0,122,34.0,0.46
07:36:52,"[209.0, 84]","[205.0, 24]","[241.21, 14]","[242.82, 22]",225.11,144,32.21,0.5
07:36:53,"[209.0, 98]","[205.0, 28]","[239.5, 28]","[240.33, 21]",224.25,175,30.5,0.44
07:36:54,"[209.0, 91]","[205.0, 26]","[236.73, 15]","[238.27, 22]",222.87,154,27.73,0.52
07:36:55,"[209.0, 84]","[205.13, 23]","[232.52, 21]","[233.64, 14]",220.76,142,23.52,0.51
07:36:56,"[209.0, 91]","[206.11, 19]","[230.46, 26]","[232.0, 13]",219.73,149,21.46,0.48
07:36:57,"[209.0, 91]","[205.0, 26]","[228.41, 22]","[229.81, 16]",218.7,155,19.41,0.51
07:36:58,"[209.0, 21]","[206.33, 12]","[224.6, 10]","[225.27, 11]",216.8,54,15.6,0.22
07:36:59,"[208.33, 36]","[206.45, 44]","[222.47, 19]","[223.22, 23]",215.4,122,14.14,0.31
07:37:00,"[204.0, 138]","[203.0, 28]","[220.0, 14]","[222.23, 22]",212.0,202,16.0,0.64
07:37:01,"[206.01, 142]","[204.64, 181]","[216.47, 19]","[217.95, 19]",211.24,361,10.47,0.79
07:37:02,"[207.29, 49]","[205.59, 119]","[214.71, 14]","[215.79, 14]",211.0,196,7.43,0.71
07:37:03,"[208.0, 20]","[207.0, 50]","[211.47, 34]","[215.0, 11]",209.74,115,3.47,0.22
07:37:04,"[207.5, 18]","[206.31, 39]","[208.58, 24]","[209.9, 39]",208.04,120,1.08,-0.05
07:37:05,"[205.12, 24]","[203.47, 19]","[208.4, 25]","[270.88, 16]",206.76,84,3.28,0.02
07:37:06,"[204.0, 45]","[203.0, 30]","[209.0, 30]","[399.43, 46]",206.5,151,5.0,-0.01
07:37:07,"[204.0, 24]","[203.0, 16]","[208.12, 16]","[485.27, 22]",206.06,78,4.12,0.03
07:37:08,"[204.0, 24]","[203.0, 22]","[207.0, 22]","[306.0, 32]",205.5,100,3.0,-0.08
07:37:09,"[203.62, 32]","[202.14, 146]","[205.62, 32]","[388.31, 64]",204.62,274,2.0,0.3
07:37:10,"[202.74, 68]","[201.94, 181]","[328.17, 24]","[469.3, 40]",265.45,313,125.43,0.59
07:37:11,"[202.16, 115]","[201.5, 101]","[406.0, 16]","[471.5, 32]",304.08,264,203.84,0.64
07:37:12,"[202.06, 194]","[201.45, 179]","[424.39, 36]","[443.31, 52]",313.23,461,222.33,0.62
07:37:13,"[203.0, 39]","[202.0, 260]","[236.54, 35]","[297.0, 35]",219.77,369,33.54,0.62
07:37:14,"[203.0, 26]","[202.0, 140]","[222.56, 9]","[223.83, 12]",212.78,187,19.56,0.78
07:37:15,"[203.15, 40]","[202.23, 130]","[221.17, 12]","[222.05, 21]",212.16,203,18.02,0.67
07:37:16,"[204.77, 13]","[203.0, 65]","[217.73, 22]","[218.16, 25]",211.25,125,12.96,0.25
07:37:17,"[205.0, 14]","[203.0, 76]","[214.5, 38]","[216.25, 16]",209.75,144,9.5,0.25
07:37:18,"[205.0, 11]","[203.0, 88]","[213.45, 33]","[216.0, 11]",209.23,143,8.45,0.38
07:37:19,"[205.0, 14]","[203.0, 112]","[209.19, 36]","[210.9, 20]",207.1,182,4.19,0.38
07:37:20,"[203.67, 63]","[202.64, 66]","[206.78, 9]","[208.0, 27]",205.22,165,3.11,0.56
07:37:21,"[203.49, 63]","[202.18, 73]","[206.82, 22]","[209.89, 38]",205.16,196,3.33,0.39
07:37:22,"[204.0, 26]","[202.0, 91]","[216.0, 27]","[277.16, 50]",210.0,194,12.0,0.21
07:37:23,"[209.0, 27]","[204.0, 18]","[217.0, 18]","[274.0, 36]",213.0,99,8.0,-0.09
07:37:24,"[204.22, 69]","[201.45, 147]","[213.0, 50]","[250.5, 40]",208.61,306,8.78,0.41
07:37:25,"[202.0, 58]","[201.0, 276]","[211.61, 36]","[213.67, 36]",206.81,406,9.61,0.65
07:37:26,"[202.0, 52]","[201.0, 299]","[209.6, 20]","[233.39, 31]",205.8,402,7.6,0.75
07:37:27,"[202.0, 54]","[201.0, 322]","[205.86, 22]","[206.7, 20]",203.93,418,3.86,0.8
07:37:28,"[202.0, 20]","[201.0, 184]","[207.45, 11]","[235.0, 12]",204.73,227,5.45,0.8
07:37:29,"[202.0, 20]","[201.0, 230]","[258.8, 10]","[364.71, 34]",230.4,294,56.8,0.7
07:37:30,"[202.0, 14]","[201.0, 161]","[235.14, 7]","[282.57, 7]",218.57,189,33.14,0.85
07:37:31,"[202.46, 26]","[201.04, 167]","[268.85, 20]","[294.4, 10]",235.66,223,66.39,0.73
07:37:32,"[209.0, 68]","[207.41, 68]","[274.82, 51]","[389.15, 33]",241.91,220,65.82,0.24
07:37:33,"[209.0, 56]","[208.0, 56]","[258.47, 58]","[274.0, 42]",233.73,212,49.47,0.06
07:37:34,"[209.0, 60]","[208.0, 60]","[257.53, 57]","[270.81, 47]",233.26,224,48.53,0.07
07:37:35,"[209.0, 40]","[208.0, 40]","[255.5, 30]","[391.3, 50]",232.25,160,46.5,0.0
07:37:36,"[209.0, 32]","[208.0, 32]","[255.0, 24]","[340.78, 36]",232.0,124,46.0,0.03
07:37:37,"[209.0, 40]","[208.0, 40]","[251.84, 19]","[320.04, 28]",230.42,127,42.84,0.26
07:37:38,"[209.0, 52]","[208.0, 52]","[246.91, 46]","[253.22, 27]",227.96,177,37.91,0.18
07:37:39,"[209.0, 40]","[208.0, 40]","[252.18, 28]","[252.96, 26]",230.59,134,43.18,0.19
07:37:40,"[209.0, 32]","[208.0, 32]","[249.17, 18]","[250.07, 14]",229.08,96,40.17,0.33
07:37:41,"[208.16, 44]","[206.12, 68]","[246.26, 47]","[247.32, 25]",227.21,184,38.1,0.22
07:37:42,"[205.25, 72]","[203.89, 73]","[243.56, 61]","[244.64, 47]",224.4,253,38.31,0.15
07:37:43,"[205.43, 75]","[202.75, 24]","[241.0, 33]","[246.0, 11]",223.21,143,35.57,0.38
07:37:44,"[209.0, 24]","[205.0, 18]","[240.86, 14]","[243.0, 10]",224.93,66,31.86,0.27
07:37:45,"[209.0, 48]","[205.0, 36]","[232.0, 16]","[239.7, 20]",220.5,120,23.0,0.4
07:37:46,"[209.0, 20]","[205.0, 15]","[219.33, 9]","[230.8, 5]",214.17,49,10.33,0.43
07:37:47,"[209.0, 52]","[205.0, 39]","[215.14, 21]","[217.04, 27]",212.07,139,6.14,0.31
07:37:48,"[209.0, 53]","[205.0, 45]","[210.7, 23]","[211.24, 33]",209.85,154,1.7,0.27
07:37:49,"[206.14, 35]","[203.19, 54]","[209.53, 19]","[210.91, 33]",207.83,141,3.38,0.26
07:37:50,"[204.0, 18]","[202.0, 63]","[208.6, 15]","[209.14, 21]",206.3,117,4.6,0.38
07:37:51,"[204.0, 24]","[202.0, 84]","[206.86, 14]","[208.94, 34]",205.43,156,2.86,0.38
07:37:52,"[202.41, 22]","[201.14, 44]","[205.62, 24]","[207.0, 8]",204.02,98,3.22,0.35
07:37:53,"[201.59, 51]","[192.65, 26]","[204.82, 22]","[205.67, 18]",203.2,117,3.23,0.32
07:37:54,"[202.8, 88]","[201.0, 45]","[204.16, 19]","[232.91, 43]",203.48,195,1.36,0.36
07:37:55,"[204.78, 37]","[199.0, 29]","[414.25, 24]","[623.85, 39]",309.52,129,209.47,0.02
07:37:56,"[207.0, 33]","[204.0, 24]","[418.17, 24]","[583.4, 50]",312.58,131,211.17,-0.13
07:37:57,"[208.0, 26]","[207.0, 16]","[373.1, 20]","[471.6, 10]",290.55,72,165.1,0.17
07:37:58,"[208.0, 14]","[207.0, 14]","[407.0, 35]","[446.0, 7]",307.5,70,199.0,-0.2
07:37:59,"[206.8, 10]","[204.14, 14]","[260.0, 14]","[414.81, 32]",233.4,70,53.2,-0.31
07:38:00,"[205.0, 6]","[202.0, 12]","[238.67, 12]","[324.57, 14]",221.83,44,33.67,-0.18
07:38:01,"[205.36, 11]","[202.3, 20]","[258.37, 46]","[396.61, 31]",231.87,108,53.01,-0.43
07:38:02,"[207.0, 11]","[205.0, 11]","[256.3, 50]","[257.3, 37]",231.65,109,49.3,-0.6
07:38:03,"[206.5, 12]","[203.8, 15]","[254.0, 48]","[256.0, 60]",230.25,135,47.5,-0.6
07:38:04,"[200.91, 11]","[195.82, 17]","[251.42, 38]","[254.09, 43]",226.17,109,50.51,-0.49
07:38:05,"[176.96, 25]","[156.24, 17]","[249.0, 45]","[250.0, 36]",212.98,123,72.04,-0.32
07:38:06,"[189.79, 19]","[159.67, 15]","[248.61, 41]","[249.52, 42]",219.2,117,58.82,-0.42
07:38:07,"[186.67, 15]","[155.2, 20]","[243.84, 50]","[245.08, 49]",215.25,134,57.17,-0.48
07:38:08,"[187.08, 13]","[128.11, 18]","[196.06, 34]","[207.71, 21]",191.57,86,8.98,-0.28
07:38:09,"[188.0, 10]","[149.0, 20]","[195.67, 36]","[198.54, 26]",191.83,92,7.67,-0.35
07:38:10,"[188.0, 9]","[149.0, 18]","[195.8, 30]","[202.42, 31]",191.9,88,7.8,-0.39
07:38:11,"[193.32, 22]","[184.57, 14]","[198.9, 42]","[200.64, 22]",196.11,100,5.59,-0.28
07:38:12,"[193.0, 10]","[188.0, 5]","[194.0, 5]","[197.0, 10]",193.5,30,1.0,0.0
07:38:13,"[193.0, 18]","[188.0, 9]","[195.85, 13]","[198.23, 26]",194.42,66,2.85,-0.18
07:38:14,"[189.0, 12]","[77.87, 30]","[196.63, 19]","[198.33, 36]",192.82,97,7.63,-0.13
07:38:15,"[192.75, 8]","[101.0, 40]","[197.46, 13]","[199.46, 26]",195.11,87,4.71,0.1
07:38:16,"[195.0, 16]","[179.78, 32]","[200.25, 8]","[239.75, 16]",197.62,72,5.25,0.33
07:38:17,"[199.33, 24]","[179.45, 56]","[240.43, 14]","[446.75, 24]",219.88,118,41.1,0.36
07:38:18,"[202.08, 26]","[155.25, 32]","[343.0, 20]","[447.24, 29]",272.54,107,140.92,0.08
07:38:19,"[205.0, 25]","[204.0, 10]","[418.0, 25]","[633.8, 10]",311.5,70,213.0,0.0
07:38:20,"[205.0, 35]","[204.0, 14]","[392.0, 19]","[417.42, 31]",298.5,99,187.0,-0.01
07:38:21,"[205.57, 28]","[204.71, 28]","[290.29, 21]","[372.14, 22]",247.93,99,84.71,0.13
07:38:22,"[203.69, 29]","[199.81, 32]","[240.0, 27]","[241.0, 18]",221.84,106,36.31,0.15
07:38:23,"[205.0, 18]","[201.02, 49]","[239.22, 27]","[283.67, 18]",222.11,112,34.22,0.2
07:38:24,"[203.2, 10]","[201.05, 38]","[238.6, 20]","[266.46, 26]",220.9,94,35.4,0.02
07:38:25,"[201.07, 15]","[151.49, 41]","[238.41, 22]","[334.94, 33]",219.74,111,37.34,0.01
07:38:26,"[143.55, 22]","[133.0, 17]","[238.0, 15]","[357.0, 10]",190.77,64,94.45,0.22
07:38:27,"[169.5, 40]","[146.5, 46]","[233.54, 28]","[321.09, 22]",201.52,136,64.04,0.26
07:38:28,"[202.43, 35]","[162.47, 30]","[217.06, 32]","[366.68, 50]",209.75,147,14.63,-0.12
07:38:29,"[209.0, 23]","[201.0, 50]","[255.83, 36]","[400.32, 31]",232.42,140,46.83,0.04
07:38:30,"[209.0, 14]","[203.22, 27]","[443.0, 35]","[635.86, 35]",326.0,111,234.0,-0.26
07:38:31,"[209.0, 28]","[205.0, 42]","[220.15, 55]","[243.79, 57]",214.57,182,11.15,-0.23
07:38:32,"[205.64, 25]","[201.5, 48]","[211.45, 29]","[213.71, 41]",208.54,143,5.81,0.02
07:38:33,"[205.0, 30]","[201.0, 60]","[210.62, 24]","[212.58, 38]",207.81,152,5.62,0.18
07:38:34,"[201.21, 57]","[172.69, 39]","[210.0, 30]","[211.0, 30]",205.61,156,8.79,0.23
07:38:35,"[201.2, 60]","[182.71, 42]","[208.48, 27]","[209.62, 48]",204.84,177,7.28,0.15
07:38:36,"[203.0, 52]","[201.0, 78]","[205.18, 28]","[206.51, 37]",204.09,195,2.18,0.33
07:38:37,"[201.36, 44]","[178.0, 24]","[286.67, 18]","[352.24, 33]",244.02,119,85.3,0.14
07:38:38,"[203.0, 118]","[200.02, 81]","[299.06, 17]","[340.35, 52]",251.03,268,96.06,0.49
07:38:39,"[203.27, 66]","[202.16, 86]","[257.83, 12]","[365.3, 23]",230.55,187,54.56,0.63
07:38:40,"[203.0, 80]","[201.0, 60]","[256.7, 10]","[283.36, 11]",229.85,161,53.7,0.74
07:38:41,"[203.0, 104]","[201.0, 78]","[252.48, 21]","[285.58, 31]",227.74,234,49.48,0.56
07:38:42,"[203.78, 79]","[202.04, 71]","[248.38, 45]","[250.74, 39]",226.08,234,44.59,0.28
07:38:43,"[207.05, 79]","[203.44, 126]","[245.56, 57]","[247.81, 21]",226.31,283,38.51,0.45
07:38:44,"[207.0, 105]","[203.0, 165]","[242.47, 53]","[243.2, 59]",224.74,382,35.47,0.41
07:38:45,"[207.0, 35]","[203.52, 23]","[239.67, 6]","[241.92, 13]",223.33,77,32.67,0.51
07:38:46,"[207.0, 54]","[203.0, 110]","[233.59, 17]","[238.36, 22]",220.29,203,26.59,0.62
07:38:47,"[207.0, 60]","[203.0, 132]","[226.36, 14]","[228.15, 40]",216.68,246,19.36,0.56
07:38:48,"[207.0, 60]","[203.0, 132]","[221.31, 36]","[224.29, 28]",214.15,256,14.31,0.5
07:38:49,"[207.0, 55]","[203.0, 121]","[218.54, 35]","[220.11, 53]",212.77,264,11.54,0.33
07:38:50,"[205.78, 72]","[202.8, 122]","[216.38, 48]","[218.88, 48]",211.08,290,10.6,0.34
07:38:51,"[204.93, 104]","[202.92, 73]","[213.41, 46]","[214.71, 34]",209.17,257,8.48,0.38
07:38:52,"[208.0, 40]","[207.0, 8]","[210.95, 22]","[211.37, 30]",209.48,100,2.95,-0.04
07:38:53,"[208.0, 68]","[207.0, 14]","[209.31, 26]","[210.93, 54]",208.65,162,1.31,0.01
07:38:54,"[207.24, 17]","[202.03, 144]","[208.92, 36]","[246.33, 54]",208.08,251,1.68,0.28
07:38:55,"[202.49, 73]","[201.69, 144]","[206.48, 25]","[242.29, 21]",204.49,263,3.99,0.65
07:38:56,"[202.18, 114]","[201.25, 157]","[204.7, 27]","[242.76, 29]",203.44,327,2.53,0.66
07:38:57,"[203.04, 48]","[201.43, 74]","[308.0, 21]","[384.0, 38]",255.52,181,104.96,0.35
07:38:58,"[205.06, 36]","[202.52, 29]","[227.27, 15]","[331.29, 28]",216.16,108,22.21,0.2
07:38:59,"[202.55, 76]","[201.2, 95]","[225.85, 13]","[354.0, 26]",214.2,210,23.29,0.63
07:39:00,"[202.0, 214]","[201.0, 117]","[220.37, 27]","[287.45, 20]",211.19,378,18.37,0.75
07:39:01,"[202.0, 205]","[201.0, 100]","[218.73, 33]","[220.0, 11]",210.36,349,16.73,0.75
07:39:02,"[202.95, 79]","[201.83, 174]","[214.06, 33]","[218.43, 23]",208.5,309,11.11,0.64
07:39:03,"[202.04, 282]","[201.25, 144]","[215.15, 26]","[217.0, 30]",208.6,482,13.11,0.77
07:39:04,"[207.82, 17]","[202.16, 116]","[211.88, 17]","[214.67, 27]",209.85,177,4.06,0.5
07:39:05,"[209.0, 12]","[204.83, 6]","[210.0, 6]","[211.0, 18]",209.5,42,1.0,-0.14
07:39:06,"[205.0, 5]","[202.03, 65]","[210.8, 15]","[432.0, 20]",207.9,105,5.8,0.33
07:39:07,"[202.21, 56]","[201.5, 169]","[207.08, 25]","[209.0, 19]",204.65,269,4.87,0.67
07:39:08,"[202.0, 74]","[201.0, 136]","[204.25, 12]","[237.11, 18]",203.12,240,2.25,0.75
07:39:09,"[202.0, 32]","[201.0, 102]","[415.4, 20]","[436.29, 28]",308.7,182,213.4,0.47
07:39:10,"[202.0, 52]","[201.0, 221]","[332.13, 53]","[431.07, 45]",267.07,371,130.13,0.47
07:39:11,"[202.0, 32]","[201.0, 136]","[258.34, 38]","[394.42, 26]",230.17,232,56.34,0.45
07:39:12,"[207.0, 89]","[202.0, 70]","[241.73, 45]","[243.38, 26]",224.37,230,34.73,0.38
07:39:13,"[207.0, 70]","[202.0, 70]","[224.17, 46]","[229.89, 36]",215.59,222,17.17,0.26
07:39:14,"[207.0, 55]","[202.0, 55]","[213.81, 27]","[214.0, 29]",210.41,166,6.81,0.33
07:39:15,"[207.0, 70]","[202.0, 70]","[209.54, 26]","[210.85, 41]",208.27,207,2.54,0.35
07:39:16,"[204.88, 17]","[202.08, 49]","[208.87, 31]","[251.0, 48]",206.88,145,3.99,-0.09
07:39:17,"[203.0, 13]","[202.0, 65]","[233.18, 45]","[268.12, 50]",218.09,173,30.18,-0.1
07:39:18,"[202.7, 40]","[201.3, 97]","[265.0, 44]","[365.13, 15]",233.85,196,62.3,0.4
07:39:19,"[204.07, 92]","[202.0, 39]","[345.23, 43]","[481.87, 38]",274.65,212,141.17,0.24
07:39:20,"[206.5, 48]","[204.7, 60]","[368.55, 33]","[406.49, 35]",287.52,176,162.05,0.23
07:39:21,"[205.0, 136]","[202.0, 34]","[394.71, 31]","[389.62, 39]",299.85,240,189.71,0.42
07:39:22,"[205.31, 29]","[203.85, 13]","[426.72, 25]","[481.4, 10]",316.02,77,221.41,0.09
07:39:23,"[205.0, 28]","[202.0, 21]","[445.37, 19]","[682.0, 5]",325.18,73,240.37,0.34
07:39:24,"[204.57, 28]","[201.41, 44]","[413.25, 8]","[722.62, 8]",308.91,88,208.68,0.64
07:39:25,"[203.0, 35]","[202.0, 10]","[345.0, 5]","[747.0, 1]",274.0,51,142.0,0.76
07:39:26,"[203.36, 33]","[202.82, 34]","[432.41, 22]","[464.79, 19]",317.89,108,229.05,0.24
07:39:27,"[204.82, 11]","[203.0, 77]","[415.38, 34]","[468.67, 43]",310.1,165,210.56,0.07
07:39:28,"[204.73, 15]","[202.94, 67]","[395.26, 35]","[441.35, 31]",300.0,148,190.52,0.11
07:39:29,"[202.45, 11]","[201.2, 49]","[404.16, 25]","[416.88, 25]",303.31,110,201.71,0.09
07:39:30,"[206.62, 26]","[201.55, 29]","[331.11, 27]","[376.11, 27]",268.86,109,124.5,0.01
07:39:31,"[207.0, 27]","[202.0, 18]","[281.65, 34]","[313.86, 29]",244.32,108,74.65,-0.17
07:39:32,"[207.0, 27]","[201.16, 62]","[212.86, 28]","[223.04, 28]",209.93,145,5.86,0.23
07:39:33,"[207.0, 33]","[202.0, 22]","[209.55, 33]","[210.91, 33]",208.27,121,2.55,-0.09
07:39:34,"[201.55, 89]","[197.82, 60]","[209.64, 33]","[351.4, 43]",205.59,225,8.09,0.32
07:39:35,"[202.0, 66]","[201.0, 21]","[209.0, 21]","[396.86, 28]",205.5,136,7.0,0.28
07:39:36,"[202.28, 54]","[201.6, 45]","[209.0, 27]","[262.89, 36]",205.64,162,6.72,0.22
07:39:37,"[202.46, 104]","[201.39, 31]","[208.18, 44]","[213.4, 40]",205.32,219,5.72,0.23
07:39:38,"[203.09, 176]","[202.0, 44]","[207.0, 44]","[209.0, 33]",205.05,297,3.91,0.48
07:39:39,"[205.0, 160]","[202.0, 40]","[208.28, 39]","[464.77, 35]",206.64,274,3.28,0.46
07:39:40,"[205.0, 98]","[201.05, 81]","[207.74, 34]","[208.5, 30]",206.37,243,2.74,0.47
07:39:41,"[205.0, 96]","[201.0, 99]","[206.34, 29]","[230.0, 45]",205.67,269,1.34,0.45
07:39:42,"[205.47, 68]","[201.11, 113]","[441.45, 55]","[724.82, 55]",323.46,291,235.98,0.24
07:39:43,"[209.0, 48]","[205.12, 16]","[421.67, 30]","[727.0, 30]",315.33,124,212.67,0.03
07:39:44,"[209.0, 42]","[205.0, 15]","[284.8, 25]","[727.0, 25]",246.9,107,75.8,0.07
07:39:45,"[209.0, 88]","[205.0, 33]","[301.64, 55]","[551.18, 55]",255.32,231,92.64,0.05
07:39:46,"[209.0, 18]","[205.0, 18]","[336.0, 30]","[607.27, 26]",272.5,92,127.0,-0.22
07:39:47,"[204.28, 36]","[201.16, 150]","[334.25, 20]","[335.89, 28]",269.26,234,129.97,0.59
07:39:48,"[205.85, 39]","[202.22, 81]","[332.66, 29]","[333.96, 49]",269.25,198,126.81,0.21
07:39:49,"[201.21, 151]","[201.04, 81]","[305.33, 42]","[323.12, 26]",253.27,300,104.12,0.55
07:39:50,"[201.0, 278]","[200.0, 48]","[273.0, 60]","[331.0, 12]",237.0,398,72.0,0.64
07:39:51,"[201.0, 264]","[199.0, 12]","[261.09, 47]","[274.26, 38]",231.04,361,60.09,0.53
07:39:52,"[201.05, 113]","[200.86, 71]","[246.12, 16]","[256.71, 28]",223.59,228,45.07,0.61
07:39:53,"[201.07, 182]","[200.72, 182]","[244.02, 50]","[244.59, 34]",222.54,448,42.95,0.62
07:39:54,"[201.46, 59]","[200.95, 110]","[242.0, 8]","[243.0, 40]",221.73,217,40.54,0.56
07:39:55,"[204.65, 17]","[201.21, 56]","[241.23, 13]","[242.88, 17]",222.94,103,36.58,0.42
07:39:56,"[207.0, 33]","[202.0, 44]","[240.33, 54]","[241.67, 15]",223.67,146,33.33,0.05
07:39:57,"[207.0, 33]","[203.14, 37]","[240.4, 45]","[240.68, 25]",223.7,140,33.4,0.0
07:39:58,"[207.0, 39]","[204.35, 23]","[235.82, 45]","[237.0, 37]",221.41,144,28.82,-0.14
07:39:59,"[207.0, 60]","[205.0, 20]","[230.33, 45]","[230.82, 40]",218.67,165,23.33,-0.03
07:40:00,"[207.0, 36]","[205.0, 12]","[213.2, 30]","[215.47, 32]",210.1,110,6.2,-0.13
07:40:01,"[203.38, 48]","[201.52, 107]","[205.6, 42]","[208.33, 24]",204.49,221,2.22,0.4
07:40:02,"[202.1, 80]","[201.07, 244]","[205.31, 35]","[207.73, 22]",203.71,381,3.21,0.7
07:40:03,"[202.0, 8]","[201.0, 152]","[205.75, 8]","[208.0, 16]",203.88,184,3.75,0.74
07:40:04,"[201.0, 209]","[200.0, 52]","[202.79, 14]","[206.28, 25]",201.89,300,1.79,0.74
07:40:05,"[201.18, 68]","[200.78, 72]","[208.0, 16]","[425.5, 24]",204.59,180,6.82,0.56
07:40:06,"[202.0, 80]","[201.0, 210]","[207.05, 42]","[308.45, 51]",204.52,383,5.05,0.51
07:40:07,"[201.52, 46]","[200.9, 240]","[204.7, 63]","[205.94, 85]",203.11,434,3.18,0.32
07:40:08,"[201.0, 143]","[198.23, 39]","[210.07, 45]","[218.08, 65]",205.53,292,9.07,0.25
07:40:09,"[201.0, 60]","[199.0, 12]","[258.2, 30]","[433.96, 26]",229.6,128,57.2,0.12
07:40:10,"[201.8, 40]","[199.94, 17]","[371.29, 38]","[435.69, 39]",286.54,134,169.49,-0.15
07:40:11,"[203.89, 18]","[199.12, 33]","[406.04, 23]","[453.43, 23]",304.97,97,202.15,0.05
07:40:12,"[198.0, 16]","[197.0, 56]","[356.12, 16]","[358.0, 16]",277.06,104,158.12,0.38
07:40:13,"[197.0, 56]","[194.0, 96]","[244.33, 15]","[281.4, 10]",220.67,177,47.33,0.72
07:40:14,"[197.11, 79]","[192.46, 119]","[203.0, 26]","[320.83, 23]",200.06,247,5.89,0.6
07:40:15,"[200.09, 46]","[198.75, 53]","[216.29, 28]","[363.27, 45]",208.19,172,16.2,0.15
07:40:16,"[200.65, 80]","[194.14, 69]","[295.33, 43]","[389.98, 42]",247.99,234,94.68,0.27
07:40:17,"[207.0, 39]","[199.17, 70]","[297.32, 19]","[375.19, 37]",252.16,165,90.32,0.32
07:40:18,"[207.0, 21]","[203.0, 56]","[316.6, 10]","[477.29, 21]",261.8,108,109.6,0.43
07:40:19,"[207.0, 21]","[203.0, 56]","[331.11, 19]","[511.0, 25]",269.05,121,124.11,0.27
07:40:20,"[206.82, 45]","[202.84, 74]","[354.5, 34]","[575.44, 27]",280.66,180,147.68,0.32
07:40:21,"[210.0, 32]","[204.0, 104]","[591.37, 19]","[644.7, 23]",400.68,178,381.37,0.53
07:40:22,"[205.41, 68]","[203.65, 80]","[378.84, 19]","[526.11, 37]",292.13,204,173.43,0.45
07:40:23,"[204.33, 49]","[203.72, 53]","[276.32, 37]","[670.11, 19]",240.33,158,72.0,0.29
07:40:24,"[205.0, 12]","[204.0, 52]","[347.0, 20]","[739.0, 8]",276.0,92,142.0,0.39
07:40:25,"[205.0, 14]","[204.0, 91]","[267.71, 35]","[739.0, 14]",236.36,154,62.71,0.36
07:40:26,"[205.0, 12]","[204.0, 78]","[418.15, 27]","[536.2, 15]",311.57,132,213.15,0.36
07:40:27,"[205.0, 24]","[204.0, 156]","[363.88, 34]","[398.0, 32]",284.44,246,158.88,0.46
07:40:28,"[205.0, 26]","[204.0, 189]","[243.62, 26]","[371.2, 30]",224.31,271,38.62,0.59
07:40:29,"[205.0, 10]","[204.0, 85]","[240.43, 14]","[381.25, 16]",222.71,125,35.43,0.52
07:40:30,"[204.0, 81]","[203.0, 35]","[239.0, 20]","[241.0, 10]",221.5,146,35.0,0.59
07:40:31,"[204.28, 36]","[202.18, 33]","[238.4, 20]","[239.55, 22]",221.34,111,34.12,0.24
07:40:32,"[207.75, 80]","[205.71, 41]","[235.47, 34]","[237.4, 20]",221.61,175,27.72,0.38
07:40:33,"[208.0, 60]","[206.0, 30]","[232.91, 22]","[234.71, 14]",220.45,126,24.91,0.43
07:40:34,"[208.0, 55]","[206.0, 40]","[231.0, 32]","[234.0, 16]",219.5,143,23.0,0.33
07:40:35,"[208.0, 50]","[206.0, 50]","[230.75, 32]","[232.29, 28]",219.38,160,22.75,0.25
07:40:36,"[208.0, 40]","[206.0, 40]","[229.38, 16]","[319.0, 29]",218.69,125,21.38,0.28
07:40:37,"[208.0, 45]","[206.0, 45]","[227.56, 18]","[268.11, 18]",217.78,126,19.56,0.43
07:40:38,"[208.0, 60]","[206.0, 60]","[225.42, 24]","[228.0, 24]",216.71,168,17.42,0.43
07:40:39,"[208.0, 60]","[206.23, 52]","[222.44, 25]","[226.33, 24]",215.22,161,14.44,0.39
07:40:40,"[208.0, 29]","[207.0, 21]","[217.1, 20]","[218.2, 15]",212.55,85,9.1,0.18
07:40:41,"[206.42, 59]","[205.29, 68]","[213.62, 56]","[214.07, 58]",210.02,241,7.2,0.05
07:40:42,"[206.0, 87]","[204.0, 45]","[208.27, 30]","[209.26, 38]",207.13,200,2.27,0.32
07:40:43,"[206.0, 32]","[204.0, 30]","[208.57, 23]","[211.8, 30]",207.28,115,2.57,0.08
07:40:44,"[206.0, 8]","[204.0, 24]","[210.5, 24]","[213.0, 40]",208.25,96,4.5,-0.33
07:40:45,"[206.0, 10]","[204.0, 30]","[208.3, 30]","[284.28, 47]",207.15,117,2.3,-0.32
07:40:46,"[204.94, 17]","[203.89, 27]","[207.78, 23]","[286.36, 39]",206.36,106,2.84,-0.17
07:40:47,"[204.76, 29]","[202.83, 58]","[206.62, 39]","[342.78, 55]",205.69,181,1.86,-0.04
07:40:48,"[202.82, 11]","[201.7, 47]","[205.55, 33]","[341.67, 48]",204.18,139,2.73,-0.17
07:40:49,"[201.16, 32]","[188.3, 37]","[207.81, 37]","[265.17, 59]",204.48,165,6.65,-0.16
07:40:50,"[201.0, 28]","[149.2, 10]","[333.4, 30]","[486.79, 29]",267.2,97,132.4,-0.22
07:40:51,"[174.0, 16]","[134.57, 14]","[299.06, 17]","[407.59, 34]",236.53,81,125.06,-0.26
07:40:52,"[157.47, 68]","[112.0, 20]","[195.57, 14]","[308.64, 25]",176.52,127,38.1,0.39
07:40:53,"[148.64, 73]","[134.12, 25]","[193.0, 30]","[194.0, 5]",170.82,133,44.36,0.47
07:40:54,"[154.49, 130]","[53.33, 12]","[193.0, 56]","[194.0, 10]",173.75,208,38.51,0.37
07:40:55,"[155.05, 82]","[117.44, 9]","[193.0, 20]","[194.0, 5]",174.02,116,37.95,0.57
07:40:56,"[161.52, 46]","[152.48, 46]","[400.82, 39]","[562.83, 29]",281.17,160,239.3,0.15
07:40:57,"[206.67, 6]","[97.8, 44]","[406.0, 25]","[421.0, 20]",306.33,95,199.33,0.05
07:40:58,"[211.0, 156]","[208.0, 16]","[349.54, 24]","[310.55, 33]",280.27,229,138.54,0.5
07:40:59,"[210.69, 78]","[207.43, 14]","[268.89, 9]","[536.22, 36]",239.79,137,58.2,0.34
07:41:00,"[205.12, 17]","[202.73, 11]","[267.29, 7]","[590.43, 28]",236.2,63,62.17,-0.11
07:41:01,"[201.08, 39]","[200.5, 36]","[265.67, 9]","[515.27, 41]",233.37,125,64.59,0.2
07:41:02,"[205.52, 21]","[201.15, 39]","[264.24, 21]","[454.47, 19]",234.88,100,58.71,0.2
07:41:03,"[206.0, 54]","[201.0, 54]","[262.67, 36]","[322.0, 34]",234.33,178,56.67,0.21
07:41:04,"[206.0, 60]","[203.0, 36]","[261.2, 40]","[262.2, 40]",233.6,176,55.2,0.09
07:41:05,"[206.0, 48]","[204.0, 27]","[259.11, 36]","[260.44, 36]",232.56,147,53.11,0.02
07:41:06,"[206.0, 45]","[204.0, 27]","[214.5, 24]","[249.4, 30]",210.25,126,8.5,0.14
07:41:07,"[206.0, 30]","[204.0, 18]","[213.17, 24]","[214.43, 14]",209.58,86,7.17,0.12
07:41:08,"[206.46, 26]","[205.0, 24]","[210.9, 40]","[212.2, 40]",208.68,130,4.44,-0.23
07:41:09,"[207.0, 12]","[206.0, 12]","[210.0, 24]","[211.0, 24]",208.5,72,3.0,-0.33
07:41:10,"[206.62, 32]","[205.05, 38]","[208.57, 46]","[209.74, 43]",207.6,159,1.94,-0.12
07:41:11,"[204.74, 38]","[203.34, 61]","[206.62, 21]","[209.96, 50]",205.68,170,1.88,0.16
07:41:12,"[203.46, 50]","[201.75, 106]","[206.0, 22]","[276.0, 20]",204.73,198,2.54,0.58
07:41:13,"[201.02, 111]","[200.09, 145]","[207.0, 12]","[339.58, 24]",204.01,292,5.98,0.75
07:41:14,"[201.0, 90]","[200.0, 108]","[205.44, 9]","[378.0, 18]",203.22,225,4.44,0.76
07:41:15,"[201.83, 72]","[200.59, 111]","[360.9, 21]","[473.89, 27]",281.37,231,159.07,0.58
07:41:16,"[205.31, 16]","[202.32, 25]","[234.0, 12]","[476.29, 17]",219.66,70,28.69,0.17
07:41:17,"[206.0, 10]","[203.0, 50]","[361.9, 20]","[675.75, 24]",283.95,104,155.9,0.15
07:41:18,"[206.0, 5]","[203.0, 25]","[498.27, 11]","[602.15, 13]",352.14,54,292.27,0.11
07:41:19,"[203.43, 42]","[202.53, 57]","[366.12, 32]","[513.42, 43]",284.78,174,162.7,0.14
07:41:20,"[203.0, 44]","[202.0, 33]","[346.76, 29]","[405.38, 26]",274.88,132,143.76,0.17
07:41:21,"[203.0, 44]","[202.0, 33]","[253.0, 33]","[256.27, 22]",228.0,132,50.0,0.17
07:41:22,"[203.0, 56]","[202.0, 42]","[237.23, 39]","[266.65, 31]",220.12,168,34.23,0.17
07:41:23,"[203.0, 32]","[202.0, 24]","[217.38, 24]","[397.75, 16]",210.19,96,14.38,0.17
07:41:24,"[203.0, 29]","[201.67, 48]","[214.77, 39]","[270.49, 35]",208.88,151,11.77,0.02
07:41:25,"[204.0, 14]","[203.0, 14]","[212.79, 42]","[214.0, 42]",208.39,112,8.79,-0.5
07:41:26,"[204.5, 12]","[203.33, 12]","[210.42, 36]","[212.33, 36]",207.46,96,5.92,-0.5
07:41:27,"[201.02, 44]","[200.13, 84]","[209.0, 21]","[210.0, 21]",205.01,170,7.98,0.51
07:41:28,"[201.0, 42]","[200.0, 84]","[208.71, 21]","[209.71, 21]",204.86,168,7.71,0.5
07:41:29,"[201.0, 54]","[200.0, 108]","[206.22, 27]","[209.0, 27]",203.61,216,5.22,0.5
07:41:30,"[202.0, 30]","[200.03, 111]","[209.0, 36]","[329.74, 35]",205.5,212,7.0,0.33
07:41:31,"[206.0, 18]","[201.0, 37]","[344.36, 22]","[459.64, 22]",275.18,99,138.36,0.11
07:41:32,"[206.0, 22]","[201.0, 55]","[376.6, 25]","[518.64, 22]",291.3,124,170.6,0.24
07:41:33,"[206.0, 24]","[201.0, 60]","[344.67, 27]","[504.25, 24]",275.33,135,138.67,0.24
07:41:34,"[204.33, 15]","[200.78, 32]","[271.17, 18]","[301.06, 17]",237.75,82,66.83,0.15
07:41:35,"[200.65, 48]","[188.9, 31]","[269.48, 25]","[314.86, 21]",235.06,125,68.83,0.26
07:41:36,"[201.44, 50]","[170.06, 35]","[265.65, 31]","[269.78, 27]",233.54,143,64.21,0.19
07:41:37,"[205.36, 22]","[200.38, 32]","[268.0, 55]","[269.0, 11]",236.68,120,62.64,-0.1
07:41:38,"[201.85, 52]","[191.38, 64]","[256.37, 30]","[261.28, 36]",229.11,182,54.52,0.27
07:41:39,"[207.07, 43]","[201.12, 75]","[238.73, 30]","[239.68, 40]",222.9,188,31.66,0.26
07:41:40,"[208.0, 6]","[207.0, 24]","[234.78, 18]","[236.3, 10]",221.39,58,26.78,0.03
07:41:41,"[203.22, 36]","[191.85, 52]","[233.88, 40]","[234.46, 46]",218.55,174,30.65,0.01
07:41:42,"[200.0, 50]","[95.2, 20]","[230.94, 36]","[232.86, 28]",215.47,134,30.94,0.04
07:41:43,"[207.15, 94]","[184.76, 34]","[228.0, 8]","[229.0, 40]",217.57,176,20.85,0.45
07:41:44,"[208.0, 168]","[200.73, 55]","[224.75, 36]","[226.27, 30]",216.38,289,16.75,0.54
07:41:45,"[208.0, 182]","[202.0, 52]","[221.24, 45]","[220.9, 41]",214.62,320,13.24,0.46
07:41:46,"[208.0, 162]","[202.0, 48]","[214.0, 26]","[215.69, 36]",211.0,272,6.0,0.54
07:41:47,"[208.0, 105]","[202.0, 44]","[210.41, 51]","[211.33, 33]",209.21,233,2.41,0.28
07:41:48,"[208.0, 84]","[204.22, 54]","[209.0, 60]","[210.0, 36]",208.5,234,1.0,0.18
07:41:49,"[206.33, 54]","[203.18, 51]","[208.08, 60]","[211.11, 54]",207.21,219,1.75,-0.04
07:41:50,"[203.44, 25]","[200.57, 28]","[207.0, 25]","[209.0, 10]",205.22,88,3.56,0.2
07:41:51,"[203.18, 17]","[201.04, 25]","[735.29, 7]","[799.5, 2]",469.23,51,532.11,0.65
07:41:52,"[202.5, 24]","[200.34, 53]","[609.73, 22]","[799.0, 11]",406.11,110,407.23,0.4
07:41:53,"[202.0, 34]","[201.0, 27]","[303.33, 12]","[398.53, 17]",252.67,90,101.33,0.36
07:41:54,"[202.0, 52]","[201.0, 24]","[254.75, 8]","[372.5, 16]",228.38,100,52.75,0.52
07:41:55,"[202.0, 36]","[201.0, 18]","[242.88, 8]","[253.33, 6]",222.44,68,40.88,0.59
07:41:56,"[202.06, 63]","[201.44, 54]","[229.8, 15]","[232.18, 17]",215.93,149,27.74,0.57
07:41:57,"[202.0, 40]","[201.0, 24]","[226.0, 8]","[227.88, 8]",214.0,80,24.0,0.6
07:41:58,"[205.5, 36]","[201.8, 44]","[222.17, 18]","[223.5, 12]",213.83,110,16.67,0.45
07:41:59,"[204.06, 32]","[201.94, 48]","[216.36, 14]","[218.15, 26]",210.21,120,12.29,0.33
07:42:00,"[202.0, 65]","[201.0, 75]","[211.13, 15]","[212.65, 37]",206.57,192,9.13,0.46
07:42:01,"[202.12, 24]","[201.06, 48]","[208.83, 6]","[210.71, 14]",205.48,92,6.71,0.57
07:42:02,"[204.14, 154]","[202.82, 40]","[206.06, 16]","[206.97, 36]",205.1,246,1.93,0.58
07:42:03,"[202.42, 52]","[201.19, 79]","[206.97, 31]","[333.66, 38]",204.7,200,4.54,0.31
07:42:04,"[203.06, 88]","[201.25, 112]","[321.8, 45]","[460.49, 47]",262.43,292,118.74,0.37
07:42:05,"[206.66, 32]","[203.11, 80]","[224.07, 28]","[300.09, 46]",215.36,186,17.42,0.2
07:42:06,"[207.0, 63]","[206.0, 9]","[229.67, 18]","[300.0, 45]",218.33,135,22.67,0.07
07:42:07,"[207.0, 39]","[206.0, 13]","[299.74, 47]","[377.54, 65]",253.37,164,92.74,-0.37
07:42:08,"[207.0, 30]","[206.0, 15]","[297.93, 30]","[415.33, 75]",252.47,150,90.93,-0.4
07:42:09,"[203.79, 39]","[201.69, 51]","[294.54, 26]","[409.98, 57]",249.17,173,90.74,0.04
07:42:10,"[202.0, 17]","[201.0, 90]","[279.0, 18]","[298.11, 27]",240.5,152,77.0,0.41
07:42:11,"[203.8, 147]","[201.93, 169]","[244.67, 36]","[258.7, 33]",224.23,385,40.86,0.64
07:42:12,"[205.5, 126]","[204.0, 317]","[224.5, 28]","[234.5, 28]",215.0,499,19.0,0.78
07:42:13,"[207.0, 144]","[204.0, 368]","[223.0, 32]","[224.0, 32]",215.0,576,16.0,0.78
07:42:14,"[207.0, 108]","[204.0, 276]","[221.53, 30]","[222.33, 30]",214.27,444,14.53,0.73
07:42:15,"[207.0, 82]","[204.0, 230]","[210.37, 38]","[219.64, 22]",208.68,372,3.37,0.68
07:42:16,"[207.0, 27]","[204.0, 207]","[217.05, 21]","[240.0, 10]",212.02,265,10.05,0.77
07:42:17,"[207.0, 54]","[204.0, 414]","[216.89, 36]","[232.97, 36]",211.94,540,9.89,0.73
07:42:18,"[207.91, 33]","[205.83, 59]","[212.46, 26]","[214.23, 26]",210.19,144,4.55,0.28
07:42:19,"[208.0, 17]","[207.0, 30]","[211.0, 20]","[213.0, 20]",209.5,87,3.0,0.08
07:42:20,"[207.57, 14]","[205.06, 68]","[209.6, 20]","[220.0, 26]",208.59,128,2.03,0.28
07:42:21,"[207.0, 24]","[204.0, 176]","[209.12, 16]","[345.0, 8]",208.06,224,2.12,0.79
07:42:22,"[204.58, 104]","[203.92, 240]","[218.79, 19]","[424.36, 14]",211.68,377,14.21,0.82
07:42:23,"[204.0, 201]","[203.0, 55]","[228.77, 13]","[230.45, 11]",216.38,280,24.77,0.83
07:42:24,"[204.0, 112]","[203.0, 35]","[226.43, 7]","[407.8, 15]",215.21,169,22.43,0.74
07:42:25,"[204.0, 128]","[203.0, 40]","[226.0, 8]","[468.25, 32]",215.0,208,22.0,0.62
07:42:26,"[204.0, 205]","[203.0, 61]","[224.92, 13]","[251.78, 45]",214.46,324,20.92,0.64
07:42:27,"[204.0, 96]","[203.0, 19]","[223.0, 12]","[239.0, 20]",213.5,147,19.0,0.56
07:42:28,"[204.0, 29]","[203.0, 14]","[223.0, 7]","[311.14, 35]",213.5,85,19.0,0.01
07:42:29,"[204.0, 27]","[203.0, 18]","[221.78, 9]","[434.67, 45]",212.89,99,17.78,-0.09
07:42:30,"[203.61, 23]","[201.79, 19]","[220.46, 13]","[347.69, 13]",212.04,68,16.85,0.24
07:42:31,"[202.76, 21]","[201.18, 11]","[220.0, 8]","[265.36, 36]",211.38,76,17.24,-0.16
07:42:32,"[203.0, 12]","[199.81, 16]","[273.61, 36]","[497.31, 36]",238.31,100,70.61,-0.44
07:42:33,"[200.21, 19]","[150.44, 16]","[392.67, 42]","[553.98, 44]",296.44,121,192.46,-0.42
07:42:34,"[200.0, 15]","[139.83, 24]","[304.5, 32]","[305.53, 49]",252.25,120,104.5,-0.35
07:42:35,"[208.24, 17]","[151.71, 14]","[296.33, 27]","[301.56, 32]",252.28,90,88.1,-0.31
07:42:36,"[210.0, 16]","[204.0, 16]","[289.77, 26]","[291.55, 22]",249.88,80,79.77,-0.2
07:42:37,"[198.68, 71]","[126.45, 11]","[272.24, 41]","[274.76, 33]",235.46,156,73.57,0.05
07:42:38,"[178.18, 67]","[78.42, 43]","[249.68, 38]","[251.14, 42]",213.93,190,71.51,0.16
07:42:39,"[131.61, 46]","[77.53, 30]","[246.89, 18]","[249.0, 36]",189.25,130,115.28,0.17
07:42:40,"[168.15, 117]","[95.44, 18]","[242.48, 46]","[244.44, 36]",205.32,217,74.32,0.24
07:42:41,"[82.19, 64]","[80.53, 57]","[235.14, 42]","[237.12, 43]",158.67,206,152.96,0.17
07:42:42,"[202.0, 24]","[84.0, 16]","[230.88, 32]","[231.88, 32]",216.44,104,28.88,-0.23
07:42:43,"[203.1, 29]","[195.8, 51]","[222.55, 40]","[226.32, 53]",212.83,173,19.45,-0.08
07:42:44,"[204.0, 15]","[200.0, 72]","[228.5, 40]","[229.56, 36]",216.25,163,24.5,0.07
07:42:45,"[204.83, 12]","[200.0, 108]","[225.51, 53]","[227.1, 49]",215.17,222,20.68,0.08
07:42:46,"[200.0, 39]","[117.2, 10]","[223.24, 21]","[224.17, 24]",211.62,94,23.24,0.04
07:42:47,"[200.0, 48]","[80.0, 16]","[221.31, 36]","[222.31, 36]",210.65,136,21.31,-0.06
07:42:48,"[200.0, 60]","[119.3, 20]","[220.29, 34]","[221.33, 48]",210.15,162,20.29,-0.01
07:42:49,"[200.0, 84]","[122.07, 28]","[215.61, 61]","[217.7, 53]",207.8,226,15.61,-0.01
07:42:50,"[202.12, 16]","[198.12, 52]","[212.08, 36]","[213.11, 44]",207.1,148,9.96,-0.08
07:42:51,"[204.0, 9]","[200.0, 54]","[208.91, 33]","[210.21, 33]",206.45,129,4.91,-0.02
07:42:52,"[200.33, 24]","[154.69, 32]","[203.96, 45]","[205.28, 46]",202.14,147,3.62,-0.24
07:42:53,"[193.61, 23]","[149.69, 26]","[201.08, 37]","[202.03, 58]",197.34,144,7.47,-0.32
07:42:54,"[197.17, 12]","[161.91, 22]","[200.26, 23]","[252.2, 30]",198.71,87,3.09,-0.22
07:42:55,"[142.89, 9]","[197.0, 1]","[202.0, 10]","[280.0, 15]",172.44,35,59.11,-0.43
07:42:56,"[136.0, 10]","[0, 0]","[192.0, 10]","[202.0, 10]",164.0,30,56.0,-0.33
07:42:57,"[161.5, 12]","[0, 0]","[251.5, 16]","[474.0, 13]",206.5,41,90.0,-0.41
07:42:58,"[187.0, 14]","[0, 0]","[219.68, 22]","[282.57, 21]",203.34,57,32.68,-0.51
07:42:59,"[187.0, 14]","[0, 0]","[193.71, 21]","[276.0, 21]",190.36,56,6.71,-0.5
07:43:00,"[181.17, 12]","[0, 0]","[198.0, 18]","[310.0, 18]",189.58,48,16.83,-0.5
07:43:01,"[152.0, 10]","[0, 0]","[207.69, 13]","[339.43, 7]",179.85,30,55.69,-0.33
07:43:02,"[164.5, 52]","[157.5, 20]","[223.0, 18]","[249.0, 6]",193.75,96,58.5,0.5
07:43:03,"[203.0, 47]","[202.0, 18]","[250.08, 13]","[428.14, 21]",226.54,99,47.08,0.31
07:43:04,"[203.7, 20]","[202.0, 20]","[251.67, 18]","[346.89, 38]",227.68,96,47.97,-0.17
07:43:05,"[201.3, 50]","[193.47, 19]","[260.95, 22]","[353.13, 31]",231.13,122,59.65,0.13
07:43:06,"[201.0, 120]","[184.0, 24]","[238.09, 11]","[255.53, 19]",219.55,174,37.09,0.66
07:43:07,"[201.0, 105]","[95.67, 18]","[214.47, 17]","[274.44, 9]",207.74,149,13.47,0.65
07:43:08,"[201.0, 75]","[68.0, 15]","[223.2, 5]","[276.2, 10]",212.1,105,22.2,0.71
07:43:09,"[201.0, 60]","[68.0, 12]","[223.0, 4]","[237.0, 8]",212.0,84,22.0,0.71
07:43:10,"[206.0, 6]","[201.0, 90]","[223.0, 6]","[237.0, 12]",214.5,114,17.0,0.68
07:43:11,"[206.0, 10]","[201.0, 150]","[222.1, 10]","[251.17, 24]",214.05,194,16.1,0.65
07:43:12,"[206.0, 9]","[201.12, 51]","[220.89, 9]","[394.73, 22]",213.44,91,14.89,0.32
07:43:13,"[139.47, 17]","[144.06, 16]","[218.45, 11]","[477.38, 39]",178.96,83,78.98,-0.2
07:43:14,"[199.85, 66]","[163.9, 21]","[217.4, 10]","[529.38, 26]",208.62,123,17.55,0.41
07:43:15,"[208.0, 63]","[207.0, 18]","[215.56, 9]","[331.8, 30]",211.78,120,7.56,0.35
07:43:16,"[208.0, 77]","[207.0, 22]","[215.0, 11]","[431.47, 34]",211.5,144,7.0,0.38
07:43:17,"[208.0, 58]","[207.0, 20]","[214.5, 10]","[412.8, 40]",211.25,128,6.5,0.22
07:43:18,"[207.62, 26]","[205.92, 25]","[214.0, 9]","[408.0, 30]",210.81,90,6.38,0.13
07:43:19,"[207.0, 18]","[204.4, 45]","[212.56, 9]","[245.0, 27]",209.78,99,5.56,0.27
07:43:20,"[206.33, 18]","[204.49, 37]","[210.71, 7]","[387.67, 18]",208.52,80,4.38,0.38
07:43:21,"[206.0, 33]","[204.0, 77]","[208.83, 23]","[330.43, 23]",207.41,156,2.83,0.41
07:43:22,"[204.15, 124]","[203.26, 105]","[206.21, 39]","[207.28, 64]",205.18,332,2.06,0.38
07:43:23,"[203.65, 68]","[202.68, 50]","[205.0, 22]","[210.39, 51]",204.32,191,1.35,0.24
07:43:24,"[200.32, 160]","[194.9, 62]","[203.57, 35]","[243.24, 45]",201.95,302,3.25,0.47
07:43:25,"[200.0, 154]","[178.0, 22]","[202.65, 31]","[203.54, 13]",201.32,220,2.65,0.6
07:43:26,"[200.0, 122]","[181.52, 31]","[250.59, 17]","[422.57, 21]",225.29,191,50.59,0.6
07:43:27,"[202.67, 18]","[200.31, 48]","[439.59, 17]","[571.26, 19]",321.13,102,236.92,0.29
07:43:28,"[206.0, 8]","[204.0, 72]","[258.69, 26]","[346.11, 18]",232.35,124,52.69,0.29
07:43:29,"[206.0, 10]","[204.0, 90]","[295.07, 28]","[548.95, 20]",250.54,148,89.07,0.35
07:43:30,"[204.82, 17]","[202.83, 103]","[257.0, 36]","[406.78, 27]",230.91,183,52.18,0.31
07:43:31,"[204.0, 39]","[201.0, 180]","[302.78, 36]","[544.07, 30]",253.39,285,98.78,0.54
07:43:32,"[204.0, 15]","[201.0, 180]","[409.91, 33]","[585.75, 24]",306.95,252,205.91,0.55
07:43:33,"[204.0, 8]","[201.0, 160]","[583.25, 24]","[626.5, 32]",393.62,224,379.25,0.5
07:43:34,"[204.0, 5]","[201.0, 100]","[444.06, 17]","[607.33, 18]",324.03,140,240.06,0.5
07:43:35,"[201.04, 192]","[200.2, 121]","[343.17, 46]","[507.68, 40]",272.11,399,142.13,0.57
07:43:36,"[201.0, 170]","[200.0, 100]","[388.9, 40]","[676.32, 41]",294.95,351,187.9,0.54
07:43:37,"[201.8, 97]","[200.91, 140]","[450.82, 44]","[471.36, 44]",326.31,325,249.01,0.46
07:43:38,"[202.48, 89]","[201.15, 164]","[448.69, 52]","[615.5, 40]",325.59,345,246.21,0.47
07:43:39,"[203.82, 60]","[201.25, 64]","[390.04, 25]","[448.14, 29]",296.93,178,186.22,0.39
07:43:40,"[205.33, 63]","[203.0, 18]","[320.65, 17]","[386.41, 34]",262.99,132,115.31,0.23
07:43:41,"[206.42, 84]","[203.0, 24]","[267.27, 15]","[357.84, 45]",236.84,168,60.85,0.29
07:43:42,"[207.49, 55]","[206.55, 71]","[300.0, 13]","[302.0, 52]",253.75,191,92.51,0.32
07:43:43,"[208.0, 27]","[207.0, 63]","[298.0, 11]","[301.73, 30]",253.0,131,90.0,0.37
07:43:44,"[208.0, 39]","[207.0, 91]","[294.78, 23]","[295.58, 24]",251.39,177,86.78,0.47
07:43:45,"[208.0, 24]","[207.0, 56]","[292.93, 15]","[293.78, 9]",250.47,104,84.93,0.54
07:43:46,"[208.0, 36]","[207.0, 84]","[279.24, 21]","[292.5, 16]",243.62,157,71.24,0.53
07:43:47,"[208.0, 34]","[207.0, 98]","[287.11, 27]","[288.07, 27]",247.56,186,79.11,0.42
07:43:48,"[208.0, 9]","[207.0, 63]","[283.93, 30]","[285.53, 15]",245.97,117,75.93,0.23
07:43:49,"[207.6, 15]","[206.74, 69]","[280.59, 32]","[281.94, 35]",244.1,151,72.99,0.11
07:43:50,"[205.5, 30]","[203.6, 25]","[275.18, 22]","[276.46, 28]",240.34,105,69.68,0.05
07:43:51,"[204.0, 37]","[203.0, 26]","[255.52, 46]","[267.3, 30]",229.76,139,51.52,-0.09
07:43:52,"[206.68, 34]","[204.31, 45]","[218.91, 65]","[222.54, 56]",212.79,200,12.23,-0.21
07:43:53,"[206.14, 35]","[205.6, 25]","[214.16, 45]","[216.69, 51]",210.15,156,8.01,-0.23
07:43:54,"[207.0, 15]","[206.0, 45]","[210.26, 57]","[211.08, 48]",208.63,165,3.26,-0.27
07:43:55,"[204.27, 22]","[203.69, 26]","[206.24, 45]","[208.24, 42]",205.26,135,1.97,-0.29
07:43:56,"[201.98, 42]","[201.04, 83]","[204.24, 58]","[240.81, 54]",203.11,237,2.27,0.05
07:43:57,"[201.0, 40]","[200.0, 88]","[203.45, 22]","[350.06, 17]",202.23,167,2.45,0.53
07:43:58,"[200.68, 34]","[198.41, 79]","[217.71, 17]","[242.54, 26]",209.19,156,17.03,0.45
07:43:59,"[200.0, 69]","[137.0, 14]","[251.4, 15]","[383.63, 19]",225.7,117,51.4,0.42
07:44:00,"[200.0, 157]","[140.27, 22]","[216.64, 11]","[246.7, 23]",208.32,213,16.64,0.68
07:44:01,"[203.0, 28]","[200.0, 105]","[214.86, 7]","[350.0, 7]",208.93,147,11.86,0.81
07:44:02,"[201.42, 74]","[197.32, 141]","[204.41, 22]","[281.31, 13]",202.91,250,2.99,0.72
07:44:03,"[200.0, 108]","[109.46, 26]","[232.0, 19]","[438.0, 16]",216.0,169,32.0,0.59
07:44:04,"[206.81, 101]","[184.24, 85]","[353.33, 36]","[550.76, 34]",280.07,256,146.52,0.45
07:44:05,"[205.03, 70]","[201.27, 66]","[452.85, 20]","[575.59, 17]",328.94,173,247.82,0.57
07:44:06,"[205.27, 82]","[192.07, 45]","[256.95, 22]","[271.22, 18]",231.11,167,51.69,0.52
07:44:07,"[208.0, 117]","[202.73, 22]","[242.76, 21]","[243.34, 29]",225.38,189,34.76,0.47
07:44:08,"[208.0, 81]","[206.0, 9]","[240.0, 9]","[241.0, 9]",224.0,108,32.0,0.67
07:44:09,"[208.0, 81]","[206.0, 9]","[232.27, 11]","[238.82, 11]",220.14,112,24.27,0.61
07:44:10,"[208.0, 90]","[206.0, 10]","[234.17, 12]","[235.9, 10]",221.08,122,26.17,0.64
07:44:11,"[208.0, 144]","[206.0, 16]","[230.65, 20]","[231.75, 24]",219.32,204,22.65,0.57
07:44:12,"[208.0, 119]","[206.0, 17]","[226.61, 31]","[227.2, 25]",217.31,192,18.61,0.42
07:44:13,"[208.0, 91]","[206.0, 13]","[221.77, 13]","[222.77, 13]",214.88,130,13.77,0.6
07:44:14,"[208.0, 80]","[206.0, 13]","[219.77, 13]","[221.08, 13]",213.88,119,11.77,0.56
07:44:15,"[208.0, 22]","[206.0, 10]","[217.0, 10]","[219.0, 10]",212.5,52,9.0,0.23
07:44:16,"[208.0, 9]","[206.0, 9]","[216.0, 9]","[217.56, 9]",212.0,36,8.0,0.0
07:44:17,"[208.0, 10]","[206.0, 10]","[211.38, 24]","[212.25, 16]",209.69,60,3.38,-0.33
07:44:18,"[207.43, 7]","[205.71, 7]","[209.33, 9]","[210.32, 19]",208.38,42,1.9,-0.33
07:44:19,"[203.09, 68]","[202.32, 19]","[207.53, 15]","[209.11, 27]",205.31,129,4.45,0.35
07:44:20,"[203.0, 21]","[202.0, 6]","[204.17, 6]","[299.5, 6]",203.58,39,1.17,0.38
07:44:21,"[202.27, 11]","[200.53, 19]","[330.0, 6]","[423.22, 18]",266.14,54,127.73,0.11
07:44:22,"[200.42, 53]","[199.95, 114]","[393.0, 9]","[427.0, 36]",296.71,212,192.58,0.58
07:44:23,"[203.15, 27]","[200.72, 93]","[527.25, 24]","[586.27, 49]",365.2,193,324.1,0.24
07:44:24,"[204.62, 16]","[202.0, 16]","[466.33, 21]","[628.71, 14]",335.48,67,261.71,-0.04
07:44:25,"[204.0, 14]","[200.17, 92]","[301.18, 22]","[571.14, 14]",252.59,142,97.18,0.49
07:44:26,"[202.0, 20]","[200.0, 235]","[293.0, 64]","[499.33, 48]",247.5,367,91.0,0.39
07:44:27,"[200.12, 68]","[199.32, 123]","[262.74, 54]","[297.96, 54]",231.43,299,62.62,0.28
07:44:28,"[200.0, 40]","[199.0, 90]","[280.82, 17]","[453.06, 17]",240.41,164,80.82,0.59
07:44:29,"[200.0, 40]","[199.0, 90]","[421.4, 5]","[446.0, 11]",310.7,146,221.4,0.78
07:44:30,"[200.0, 64]","[199.0, 144]","[333.57, 14]","[414.0, 12]",266.79,234,133.57,0.78
07:44:31,"[200.74, 65]","[199.25, 96]","[253.08, 12]","[370.87, 39]",226.91,212,52.34,0.52
07:44:32,"[200.59, 51]","[199.11, 141]","[226.61, 18]","[228.75, 12]",213.6,222,26.02,0.73
07:44:33,"[204.24, 34]","[200.33, 72]","[223.57, 14]","[224.84, 38]",213.9,158,19.34,0.34
07:44:34,"[205.0, 36]","[200.0, 36]","[220.81, 21]","[221.23, 30]",212.9,123,15.81,0.17
07:44:35,"[205.0, 36]","[200.0, 36]","[216.42, 12]","[217.58, 12]",210.71,96,11.42,0.5
07:44:36,"[203.46, 26]","[199.15, 118]","[211.96, 28]","[213.9, 10]",207.71,182,8.5,0.58
07:44:37,"[199.0, 249]","[178.57, 14]","[209.69, 39]","[211.0, 21]",204.35,323,10.69,0.63
07:44:38,"[202.0, 40]","[198.92, 244]","[205.87, 23]","[208.04, 26]",203.93,333,3.87,0.71
07:44:39,"[200.0, 12]","[199.0, 136]","[203.33, 21]","[203.93, 30]",201.67,199,3.33,0.49
07:44:40,"[199.0, 132]","[197.0, 47]","[201.44, 18]","[203.62, 42]",200.22,239,2.44,0.5
07:44:41,"[199.0, 54]","[197.0, 32]","[364.16, 25]","[463.38, 26]",281.58,137,165.16,0.26
07:44:42,"[204.52, 58]","[198.6, 60]","[312.64, 44]","[378.6, 40]",258.58,202,108.12,0.17
07:44:43,"[207.0, 26]","[200.05, 57]","[287.13, 46]","[327.15, 47]",247.07,176,80.13,-0.06
07:44:44,"[207.0, 8]","[203.0, 24]","[356.26, 31]","[622.5, 32]",281.63,95,149.26,-0.33
07:44:45,"[200.62, 32]","[198.64, 33]","[288.5, 32]","[601.0, 32]",244.56,129,87.88,0.01
07:44:46,"[205.0, 25]","[202.0, 24]","[340.41, 29]","[434.35, 34]",272.71,112,135.41,-0.12
07:44:47,"[205.0, 22]","[203.0, 22]","[340.96, 23]","[462.66, 32]",272.98,99,135.96,-0.11
07:44:48,"[205.0, 20]","[203.4, 20]","[319.39, 23]","[334.11, 27]",262.2,90,114.39,-0.11
07:44:49,"[205.0, 24]","[203.0, 24]","[254.16, 31]","[408.59, 29]",229.58,108,49.16,-0.11
07:44:50,"[203.67, 24]","[199.29, 112]","[255.14, 28]","[405.5, 32]",229.4,196,51.48,0.39
07:44:51,"[203.0, 57]","[199.0, 143]","[313.27, 22]","[470.33, 21]",258.14,243,110.27,0.65
07:44:52,"[203.0, 99]","[199.0, 143]","[285.77, 26]","[355.28, 18]",244.38,286,82.77,0.69
07:44:53,"[203.0, 99]","[199.0, 143]","[311.55, 22]","[320.0, 11]",257.27,275,108.55,0.76
07:44:54,"[203.22, 81]","[200.75, 185]","[308.44, 43]","[311.09, 35]",255.83,344,105.22,0.55
07:44:55,"[203.07, 80]","[200.78, 104]","[307.1, 29]","[308.05, 41]",255.09,254,104.03,0.45
07:44:56,"[203.93, 43]","[200.83, 72]","[257.96, 51]","[290.1, 63]",230.95,229,54.03,0.0
07:44:57,"[205.67, 18]","[202.45, 22]","[269.71, 21]","[287.37, 35]",237.69,96,64.05,-0.17
07:44:58,"[203.0, 9]","[201.0, 27]","[237.58, 24]","[259.14, 21]",220.29,81,34.58,-0.11
07:44:59,"[201.09, 22]","[199.96, 50]","[234.09, 22]","[255.36, 33]",217.59,127,33.0,0.13
07:45:00,"[200.0, 77]","[199.0, 143]","[231.73, 33]","[232.82, 33]",215.86,286,31.73,0.54
07:45:01,"[200.41, 54]","[199.28, 95]","[229.97, 40]","[231.08, 36]",215.19,225,29.57,0.32
07:45:02,"[202.0, 32]","[201.0, 32]","[226.86, 57]","[228.11, 55]",214.43,176,24.86,-0.27
07:45:03,"[202.0, 36]","[201.0, 36]","[222.86, 58]","[224.45, 66]",212.43,196,20.86,-0.27
07:45:04,"[203.09, 23]","[201.5, 32]","[217.47, 60]","[218.56, 66]",210.28,181,14.38,-0.39
07:45:05,"[199.88, 57]","[198.3, 100]","[214.38, 64]","[216.0, 64]",207.13,285,14.5,0.1
07:45:06,"[201.75, 72]","[200.0, 32]","[212.29, 28]","[213.68, 31]",207.02,163,10.54,0.28
07:45:07,"[202.2, 140]","[200.0, 72]","[209.07, 58]","[209.97, 61]",205.63,331,6.87,0.28
07:45:08,"[204.0, 53]","[200.0, 56]","[207.5, 42]","[209.83, 53]",205.75,204,3.5,0.07
07:45:09,"[199.54, 52]","[198.94, 36]","[204.23, 13]","[210.0, 36]",201.88,137,4.69,0.28
07:45:10,"[199.0, 82]","[198.0, 20]","[201.5, 22]","[208.86, 28]",200.25,152,2.5,0.34
07:45:11,"[199.01, 89]","[198.27, 30]","[201.24, 21]","[210.31, 39]",200.12,179,2.23,0.33
07:45:12,"[199.0, 46]","[198.0, 16]","[207.12, 17]","[303.48, 29]",203.06,108,8.12,0.15
07:45:13,"[200.25, 32]","[198.56, 32]","[208.08, 52]","[454.31, 39]",204.16,155,7.83,-0.17
07:45:14,"[200.71, 14]","[198.44, 18]","[206.36, 28]","[421.33, 18]",203.54,78,5.64,-0.18
07:45:15,"[199.0, 16]","[198.0, 16]","[203.33, 15]","[221.8, 10]",201.17,57,4.33,0.12
07:45:16,"[198.36, 11]","[196.09, 11]","[200.78, 9]","[203.0, 18]",199.57,49,2.41,-0.1
07:45:17,"[198.0, 6]","[195.0, 6]","[201.82, 11]","[277.17, 12]",199.91,35,3.82,-0.31
07:45:18,"[199.31, 35]","[198.93, 43]","[231.0, 16]","[489.18, 22]",215.16,116,31.69,0.34
07:45:19,"[200.0, 13]","[198.92, 49]","[342.06, 32]","[454.76, 17]",271.03,111,142.06,0.12
07:45:20,"[201.18, 22]","[198.73, 30]","[342.0, 30]","[514.0, 15]",271.59,97,140.82,0.07
07:45:21,"[199.0, 77]","[195.0, 11]","[341.25, 60]","[493.84, 37]",270.12,185,142.25,-0.05
07:45:22,"[199.0, 20]","[195.0, 10]","[341.0, 50]","[379.81, 32]",270.0,112,142.0,-0.46
07:45:23,"[199.0, 56]","[195.0, 16]","[310.0, 51]","[341.5, 80]",254.5,203,111.0,-0.29
07:45:24,"[199.0, 96]","[195.0, 12]","[333.75, 53]","[342.79, 56]",266.38,217,134.75,-0.0
07:45:25,"[203.44, 36]","[198.92, 97]","[327.52, 44]","[337.92, 60]",265.48,237,124.08,0.12
07:45:26,"[199.0, 90]","[198.0, 9]","[310.5, 42]","[327.49, 39]",254.75,180,111.5,0.1
07:45:27,"[199.0, 100]","[198.0, 10]","[247.0, 50]","[331.3, 47]",223.0,207,48.0,0.06
07:45:28,"[199.0, 120]","[198.0, 12]","[242.95, 42]","[261.78, 51]",220.98,225,43.95,0.17
07:45:29,"[199.68, 82]","[199.5, 52]","[239.0, 60]","[240.33, 60]",219.34,254,39.32,0.06
07:45:30,"[202.0, 13]","[201.0, 65]","[235.73, 59]","[237.0, 53]",218.86,190,33.73,-0.18
07:45:31,"[202.0, 11]","[201.0, 55]","[231.73, 55]","[232.82, 61]",216.86,182,29.73,-0.27
07:45:32,"[204.79, 28]","[201.17, 24]","[230.0, 40]","[231.0, 40]",217.39,132,25.21,-0.21
07:45:33,"[205.0, 80]","[202.0, 10]","[227.1, 50]","[228.1, 50]",216.05,190,22.1,-0.05
07:45:34,"[205.0, 44]","[202.0, 13]","[222.6, 50]","[225.61, 41]",213.8,148,17.6,-0.23
07:45:35,"[202.27, 22]","[200.29, 49]","[218.4, 50]","[220.26, 38]",210.34,159,16.13,-0.11
07:45:36,"[200.29, 104]","[199.9, 124]","[214.57, 37]","[216.97, 64]",207.43,329,14.28,0.39
07:45:37,"[201.35, 46]","[199.98, 126]","[211.76, 46]","[212.65, 49]",206.55,267,10.41,0.29
07:45:38,"[202.5, 40]","[200.6, 30]","[207.09, 44]","[208.23, 44]",204.8,158,4.59,-0.11
07:45:39,"[202.53, 32]","[200.33, 43]","[241.84, 44]","[277.29, 34]",222.19,153,39.31,-0.02
07:45:40,"[204.6, 30]","[202.8, 40]","[244.15, 52]","[277.76, 50]",224.38,172,39.55,-0.19
07:45:41,"[205.0, 18]","[203.0, 27]","[219.52, 21]","[221.33, 27]",212.26,93,14.52,-0.03
07:45:42,"[205.0, 17]","[203.0, 27]","[218.0, 27]","[219.0, 9]",211.5,80,13.0,0.1
07:45:43,"[203.36, 33]","[202.18, 33]","[217.38, 39]","[218.22, 23]",210.37,128,14.02,0.03
07:45:44,"[202.43, 14]","[201.13, 46]","[214.79, 14]","[216.88, 34]",208.61,108,12.36,0.11
07:45:45,"[201.55, 11]","[200.77, 39]","[212.17, 23]","[213.33, 12]",206.86,85,10.63,0.18
07:45:46,"[207.0, 31]","[201.11, 46]","[209.59, 22]","[210.71, 24]",208.3,123,2.59,0.25
07:45:47,"[200.43, 46]","[199.57, 61]","[211.0, 44]","[281.14, 14]",205.72,165,10.57,0.3
07:45:48,"[200.9, 84]","[199.9, 89]","[327.33, 27]","[554.52, 25]",264.12,225,126.43,0.54
07:45:49,"[201.46, 91]","[200.0, 104]","[448.06, 16]","[514.03, 32]",324.76,243,246.6,0.6
07:45:50,"[203.0, 63]","[200.61, 23]","[382.92, 13]","[475.71, 14]",292.96,113,179.92,0.52
07:45:51,"[203.0, 49]","[202.0, 7]","[390.0, 14]","[467.16, 19]",296.5,89,187.0,0.26
07:45:52,"[204.11, 36]","[202.8, 20]","[388.0, 16]","[474.56, 25]",296.06,97,183.89,0.15
07:45:53,"[205.0, 59]","[203.0, 52]","[313.32, 38]","[347.72, 25]",259.16,174,108.32,0.28
07:45:54,"[205.0, 16]","[203.56, 27]","[269.26, 31]","[269.96, 25]",237.13,99,64.26,-0.13
07:45:55,"[204.65, 17]","[202.97, 29]","[266.38, 40]","[268.0, 16]",235.51,102,61.73,-0.1
07:45:56,"[203.0, 33]","[202.0, 13]","[265.08, 37]","[265.75, 40]",234.04,123,62.08,-0.25
07:45:57,"[203.0, 36]","[202.0, 24]","[262.72, 36]","[263.79, 48]",232.86,144,59.72,-0.17
07:45:58,"[204.57, 14]","[202.94, 35]","[249.7, 33]","[260.48, 42]",227.13,124,45.13,-0.21
07:45:59,"[205.0, 15]","[203.0, 45]","[221.27, 30]","[226.69, 32]",213.13,122,16.27,-0.02
07:46:00,"[205.0, 14]","[203.0, 42]","[214.76, 37]","[215.5, 40]",209.88,133,9.76,-0.16
07:46:01,"[205.0, 9]","[203.0, 27]","[211.11, 18]","[212.48, 21]",208.06,75,6.11,-0.04
07:46:02,"[204.29, 17]","[202.32, 59]","[210.22, 37]","[211.41, 34]",207.26,147,5.92,0.03
07:46:03,"[202.0, 9]","[201.0, 45]","[205.71, 21]","[207.04, 27]",203.86,102,3.71,0.06
07:46:04,"[201.03, 60]","[200.11, 94]","[202.91, 43]","[204.21, 28]",201.97,225,1.87,0.37
07:46:05,"[200.29, 28]","[199.38, 110]","[205.1, 20]","[461.5, 16]",202.69,174,4.81,0.59
07:46:06,"[199.23, 136]","[161.27, 182]","[204.24, 25]","[310.21, 19]",201.73,362,5.01,0.76
07:46:07,"[199.65, 136]","[182.99, 97]","[261.45, 40]","[328.78, 32]",230.55,305,61.8,0.53
07:46:08,"[201.0, 48]","[200.0, 8]","[247.0, 12]","[293.4, 15]",224.0,83,46.0,0.35
07:46:09,"[201.83, 72]","[200.0, 12]","[269.0, 12]","[556.75, 24]",235.42,120,67.17,0.4
07:46:10,"[204.61, 72]","[204.0, 50]","[363.19, 21]","[462.93, 61]",283.9,204,158.58,0.2
07:46:11,"[207.0, 26]","[206.0, 39]","[453.87, 53]","[458.77, 62]",330.43,180,246.87,-0.28
07:46:12,"[206.84, 19]","[205.86, 28]","[393.38, 39]","[460.78, 27]",300.11,113,186.54,-0.17
07:46:13,"[206.0, 27]","[205.0, 36]","[437.33, 30]","[465.73, 22]",321.67,115,231.33,0.1
07:46:14,"[205.33, 27]","[202.0, 48]","[216.83, 48]","[324.44, 18]",211.08,141,11.5,0.06
07:46:15,"[206.09, 22]","[201.27, 30]","[215.75, 32]","[274.88, 16]",210.92,100,9.66,0.04
07:46:16,"[207.77, 52]","[203.4, 20]","[214.25, 32]","[267.0, 16]",211.01,120,6.48,0.2
07:46:17,"[205.0, 22]","[201.0, 44]","[212.64, 44]","[278.45, 22]",208.82,132,7.64,0.0
07:46:18,"[203.0, 16]","[200.89, 18]","[211.0, 24]","[330.0, 12]",207.0,70,8.0,-0.03
07:46:19,"[201.79, 34]","[200.86, 28]","[210.1, 40]","[217.26, 38]",205.95,140,8.31,-0.11
07:46:20,"[203.0, 21]","[200.98, 49]","[206.85, 52]","[208.0, 52]",204.92,174,3.85,-0.2
07:46:21,"[202.05, 19]","[199.34, 50]","[204.0, 64]","[205.0, 64]",203.03,197,1.95,-0.3
07:46:22,"[199.16, 43]","[198.77, 86]","[201.6, 40]","[203.0, 40]",200.38,209,2.44,0.23
07:46:23,"[199.0, 36]","[198.0, 45]","[200.0, 36]","[203.0, 36]",199.5,153,1.0,0.06
07:46:24,"[198.09, 44]","[165.11, 45]","[230.78, 23]","[355.68, 25]",214.44,137,32.69,0.3
07:46:25,"[205.56, 66]","[187.76, 25]","[356.38, 53]","[480.71, 56]",280.97,200,150.82,-0.09
07:46:26,"[207.0, 45]","[206.0, 9]","[367.2, 30]","[446.0, 36]",287.1,120,160.2,-0.1
07:46:27,"[207.0, 65]","[206.0, 13]","[335.07, 29]","[350.12, 34]",271.03,141,128.07,0.11
07:46:28,"[207.0, 65]","[206.0, 13]","[248.8, 30]","[263.94, 35]",227.9,143,41.8,0.09
07:46:29,"[207.0, 40]","[206.0, 8]","[210.62, 16]","[212.0, 24]",208.81,88,3.62,0.09
07:46:30,"[206.7, 30]","[205.07, 68]","[208.11, 38]","[210.12, 32]",207.4,168,1.41,0.17
07:46:31,"[205.04, 51]","[202.6, 70]","[206.79, 19]","[207.91, 22]",205.91,162,1.75,0.49
07:46:32,"[205.0, 102]","[202.0, 136]","[206.51, 41]","[207.64, 44]",205.76,323,1.51,0.47
07:46:33,"[205.0, 21]","[202.37, 76]","[206.58, 26]","[232.4, 30]",205.79,153,1.58,0.27
07:46:34,"[203.03, 64]","[202.09, 79]","[307.41, 37]","[627.58, 38]",255.22,218,104.37,0.31
07:46:35,"[203.0, 61]","[202.0, 88]","[252.16, 38]","[433.45, 44]",227.58,231,49.16,0.29
07:46:36,"[203.0, 50]","[202.0, 80]","[209.0, 20]","[215.5, 32]",206.0,182,6.0,0.43
07:46:37,"[203.0, 40]","[202.0, 64]","[208.25, 16]","[219.0, 16]",205.62,136,5.25,0.53
07:46:38,"[203.0, 35]","[202.0, 56]","[207.29, 14]","[225.5, 16]",205.14,121,4.29,0.5
07:46:39,"[203.78, 18]","[202.47, 45]","[207.0, 20]","[258.8, 40]",205.39,123,3.22,0.02
07:46:40,"[203.76, 17]","[202.42, 55]","[207.0, 26]","[383.0, 52]",205.38,150,3.24,-0.04
07:46:41,"[202.0, 40]","[201.0, 32]","[205.5, 16]","[277.4, 20]",203.75,108,3.5,0.33
07:46:42,"[202.0, 46]","[201.0, 48]","[313.8, 30]","[356.88, 32]",257.9,156,111.8,0.21
07:46:43,"[200.86, 43]","[199.53, 93]","[346.3, 69]","[466.25, 53]",273.58,258,145.44,0.05
07:46:44,"[205.04, 25]","[200.09, 45]","[318.12, 41]","[452.0, 22]",261.58,133,113.08,0.05
07:46:45,"[206.63, 19]","[202.47, 17]","[464.67, 24]","[632.9, 20]",335.65,80,258.04,-0.1
07:46:46,"[207.0, 13]","[202.34, 35]","[335.64, 50]","[425.5, 32]",271.32,130,128.64,-0.26
07:46:47,"[207.0, 7]","[202.0, 21]","[239.0, 28]","[328.83, 24]",223.0,80,32.0,-0.3
07:46:48,"[207.0, 8]","[202.0, 24]","[281.0, 32]","[384.17, 24]",244.0,88,74.0,-0.27
07:46:49,"[200.17, 29]","[200.3, 20]","[367.0, 28]","[648.78, 18]",283.59,95,166.83,0.03
07:46:50,"[199.01, 72]","[197.76, 29]","[631.0, 28]","[0, 0]",415.01,129,431.99,0.57
07:46:51,"[200.9, 10]","[199.0, 110]","[442.67, 45]","[644.8, 20]",321.78,185,241.77,0.3
07:46:52,"[201.55, 11]","[199.0, 154]","[291.38, 39]","[404.69, 52]",246.47,256,89.84,0.29
07:46:53,"[204.56, 9]","[199.0, 110]","[290.56, 27]","[552.0, 45]",247.56,191,86.0,0.25
07:46:54,"[207.94, 54]","[201.33, 18]","[287.5, 24]","[552.0, 40]",247.72,136,79.56,0.06
07:46:55,"[208.0, 33]","[205.0, 11]","[286.18, 33]","[634.41, 46]",247.09,123,78.18,-0.28
07:46:56,"[206.2, 15]","[204.18, 11]","[281.0, 55]","[286.0, 33]",243.6,114,74.8,-0.54
07:46:57,"[205.0, 10]","[204.0, 34]","[280.42, 36]","[326.66, 41]",242.71,121,75.42,-0.27
07:46:58,"[205.0, 5]","[204.0, 25]","[279.6, 15]","[409.11, 19]",242.3,64,74.6,-0.06
07:46:59,"[204.62, 16]","[203.57, 56]","[252.1, 21]","[311.0, 36]",228.36,129,47.47,0.12
07:47:00,"[204.0, 26]","[200.0, 26]","[227.4, 35]","[228.82, 17]",215.7,104,23.4,0.0
07:47:01,"[200.25, 56]","[199.4, 20]","[222.69, 35]","[223.73, 30]",211.47,141,22.44,0.08
07:47:02,"[199.0, 42]","[198.0, 11]","[218.63, 41]","[220.29, 14]",208.82,108,19.63,-0.02
07:47:03,"[199.0, 30]","[198.0, 22]","[215.79, 24]","[217.0, 48]",207.4,124,16.79,-0.16
07:47:04,"[198.16, 61]","[197.12, 41]","[212.3, 56]","[213.52, 23]",205.23,181,14.14,0.13
07:47:05,"[199.5, 60]","[198.0, 46]","[205.9, 60]","[208.09, 74]",202.7,240,6.4,-0.12
07:47:06,"[201.0, 33]","[199.0, 24]","[202.71, 34]","[204.34, 29]",201.85,120,1.71,-0.05
07:47:07,"[198.94, 32]","[197.82, 56]","[200.79, 71]","[280.81, 53]",199.86,212,1.85,-0.17
07:47:08,"[196.39, 41]","[169.73, 67]","[340.78, 46]","[622.69, 42]",268.59,196,144.39,0.1
07:47:09,"[196.0, 36]","[144.0, 33]","[229.15, 33]","[241.66, 29]",212.58,131,33.15,0.05
07:47:10,"[194.16, 57]","[149.91, 86]","[208.35, 77]","[211.24, 49]",201.25,269,14.19,0.06
07:47:11,"[150.76, 59]","[129.8, 55]","[195.17, 47]","[196.05, 81]",172.97,242,44.41,-0.06
07:47:12,"[149.52, 63]","[119.97, 31]","[191.15, 39]","[192.06, 35]",170.34,168,41.63,0.12
07:47:13,"[180.0, 35]","[138.0, 15]","[189.0, 15]","[191.0, 15]",184.5,80,9.0,0.25
07:47:14,"[180.72, 25]","[177.2, 45]","[188.31, 29]","[189.86, 21]",184.52,120,7.59,0.17
07:47:15,"[181.67, 45]","[139.87, 94]","[190.14, 28]","[191.53, 57]",185.9,224,8.48,0.24
07:47:16,"[184.91, 33]","[131.71, 56]","[358.67, 51]","[400.82, 33]",271.79,173,173.76,0.03
07:47:17,"[203.25, 32]","[193.2, 20]","[362.71, 35]","[409.67, 45]",282.98,132,159.46,-0.21
07:47:18,"[204.0, 32]","[198.79, 28]","[348.64, 28]","[423.33, 36]",276.32,124,144.64,-0.03
07:47:19,"[200.11, 36]","[198.59, 34]","[386.9, 29]","[526.51, 35]",293.5,134,186.79,0.04
07:47:20,"[199.17, 12]","[198.11, 18]","[279.06, 32]","[421.3, 30]",239.11,92,79.9,-0.35
07:47:21,"[202.73, 11]","[199.86, 14]","[272.54, 52]","[305.37, 35]",237.63,112,69.81,-0.55
07:47:22,"[203.0, 7]","[201.0, 14]","[274.0, 35]","[319.0, 14]",238.5,70,71.0,-0.4
07:47:23,"[201.5, 10]","[199.0, 32]","[273.45, 44]","[283.31, 39]",237.48,125,71.95,-0.33
07:47:24,"[198.8, 91]","[197.85, 27]","[271.58, 48]","[274.0, 60]",235.19,226,72.78,0.04
07:47:25,"[198.0, 121]","[196.0, 7]","[270.57, 28]","[274.0, 35]",234.29,191,72.57,0.34
07:47:26,"[198.0, 256]","[196.0, 16]","[209.15, 53]","[229.57, 60]",203.58,385,11.15,0.41
07:47:27,"[198.0, 160]","[196.0, 10]","[206.82, 22]","[230.42, 53]",202.41,245,8.82,0.39
07:47:28,"[198.0, 176]","[196.0, 11]","[205.65, 37]","[281.0, 40]",201.82,264,7.65,0.42
07:47:29,"[198.8, 81]","[197.99, 161]","[204.25, 24]","[205.36, 39]",201.53,305,5.45,0.59
07:47:30,"[199.0, 35]","[198.0, 112]","[202.0, 14]","[203.0, 7]",200.5,168,3.0,0.75
07:47:31,"[199.0, 47]","[198.0, 132]","[202.0, 20]","[203.0, 10]",200.5,209,3.0,0.71
07:47:32,"[199.0, 14]","[198.0, 14]","[201.43, 14]","[203.0, 7]",200.21,49,2.43,0.14
07:47:33,"[198.92, 48]","[197.88, 16]","[202.2, 10]","[251.66, 41]",200.56,115,3.28,0.11
07:47:34,"[199.0, 57]","[198.0, 22]","[201.91, 11]","[377.36, 55]",200.45,145,2.91,0.09
07:47:35,"[199.0, 25]","[198.0, 18]","[206.47, 17]","[263.89, 45]",202.74,105,7.47,-0.18
07:47:36,"[199.0, 18]","[198.0, 18]","[305.44, 45]","[620.67, 45]",252.22,126,106.44,-0.43
07:47:37,"[203.62, 26]","[198.86, 14]","[572.57, 35]","[684.43, 35]",388.09,110,368.96,-0.27
07:47:38,"[204.0, 16]","[199.0, 8]","[507.75, 20]","[636.0, 20]",355.88,64,303.75,-0.25
07:47:39,"[203.85, 52]","[200.58, 38]","[485.69, 65]","[649.12, 64]",344.77,219,281.85,-0.18
07:47:40,"[202.0, 30]","[199.0, 12]","[308.0, 30]","[479.17, 24]",255.0,96,106.0,-0.12
07:47:41,"[199.36, 22]","[197.5, 20]","[229.59, 22]","[280.87, 46]",214.48,110,30.23,-0.24
07:47:42,"[202.12, 17]","[200.0, 13]","[228.0, 7]","[308.0, 35]",215.06,72,25.88,-0.17
07:47:43,"[204.02, 47]","[202.77, 13]","[226.33, 27]","[228.0, 9]",215.18,96,22.31,0.25
07:47:44,"[205.0, 9]","[204.0, 45]","[223.67, 15]","[224.71, 21]",214.33,90,18.67,0.2
07:47:45,"[205.0, 9]","[204.0, 72]","[219.74, 19]","[220.76, 17]",212.37,117,14.74,0.38
07:47:46,"[205.0, 6]","[204.0, 66]","[216.62, 8]","[218.88, 16]",210.81,96,11.62,0.5
07:47:47,"[203.06, 18]","[200.65, 37]","[213.75, 8]","[216.0, 24]",208.4,87,10.69,0.26
07:47:48,"[202.0, 45]","[200.0, 90]","[209.03, 37]","[209.74, 42]",205.51,214,7.03,0.26
07:47:49,"[201.2, 15]","[199.38, 78]","[203.44, 16]","[205.88, 24]",202.32,133,2.24,0.4
07:47:50,"[200.0, 60]","[198.0, 240]","[203.8, 10]","[207.0, 30]",201.9,340,3.8,0.76
07:47:51,"[200.0, 42]","[198.0, 240]","[201.27, 22]","[206.0, 25]",200.64,329,1.27,0.71
07:47:52,"[198.0, 72]","[181.0, 15]","[209.33, 12]","[542.0, 12]",203.67,111,11.33,0.57
07:47:53,"[198.0, 142]","[164.43, 44]","[207.69, 29]","[333.12, 32]",202.84,247,9.69,0.51
07:47:54,"[198.57, 63]","[179.23, 141]","[206.48, 31]","[207.62, 32]",202.53,267,7.91,0.53
07:47:55,"[204.0, 9]","[198.0, 152]","[205.54, 26]","[207.0, 24]",204.77,211,1.54,0.53
07:47:56,"[198.03, 184]","[150.86, 93]","[204.76, 37]","[228.41, 37]",201.39,351,6.72,0.58
07:47:57,"[198.0, 126]","[132.05, 39]","[203.43, 21]","[205.29, 21]",200.71,207,5.43,0.59
07:47:58,"[198.07, 97]","[180.11, 171]","[202.08, 36]","[203.08, 36]",200.08,340,4.01,0.58
07:47:59,"[198.95, 171]","[154.29, 112]","[235.89, 38]","[425.71, 38]",217.42,359,36.95,0.58
07:48:00,"[203.57, 56]","[190.54, 35]","[235.0, 36]","[412.11, 36]",219.29,163,31.43,0.12
07:48:01,"[198.42, 48]","[150.14, 44]","[261.65, 46]","[570.09, 55]",230.03,193,63.24,-0.05
07:48:02,"[199.2, 30]","[198.67, 36]","[314.5, 54]","[429.41, 46]",256.85,166,115.3,-0.2
07:48:03,"[200.0, 15]","[199.0, 60]","[347.22, 36]","[371.16, 50]",273.61,161,147.22,-0.07
07:48:04,"[201.71, 17]","[199.16, 38]","[344.36, 22]","[348.0, 33]",273.03,110,142.66,0.0
07:48:05,"[199.82, 45]","[199.17, 24]","[310.9, 29]","[405.89, 38]",255.36,136,111.07,0.01
07:48:06,"[199.0, 37]","[198.0, 65]","[343.6, 20]","[432.0, 40]",271.3,162,144.6,0.26
07:48:07,"[198.65, 62]","[197.96, 95]","[343.0, 20]","[432.0, 40]",270.82,217,144.35,0.45
07:48:08,"[199.44, 50]","[198.11, 94]","[341.62, 16]","[432.0, 32]",270.53,192,142.19,0.5
07:48:09,"[199.0, 32]","[198.0, 112]","[273.92, 24]","[389.28, 25]",236.46,193,74.92,0.49
07:48:10,"[199.0, 27]","[198.0, 154]","[269.82, 34]","[410.23, 31]",234.41,246,70.82,0.47
07:48:11,"[199.0, 8]","[198.0, 112]","[283.79, 19]","[401.14, 22]",241.39,161,84.79,0.49
07:48:12,"[199.0, 7]","[198.0, 98]","[298.0, 18]","[482.0, 20]",248.5,143,99.0,0.47
07:48:13,"[198.07, 83]","[197.86, 98]","[338.0, 26]","[392.3, 40]",268.04,247,139.93,0.47
07:48:14,"[198.02, 121]","[197.26, 35]","[256.35, 31]","[285.38, 40]",227.19,227,58.34,0.37
07:48:15,"[198.0, 117]","[197.0, 33]","[212.0, 36]","[228.41, 34]",205.0,220,14.0,0.36
07:48:16,"[198.0, 103]","[197.0, 33]","[199.71, 34]","[212.09, 35]",198.85,205,1.71,0.33
07:48:17,"[199.71, 84]","[197.77, 78]","[226.28, 25]","[306.18, 17]",213.0,204,26.57,0.59
07:48:18,"[201.43, 70]","[197.92, 109]","[244.14, 28]","[303.39, 18]",222.79,225,42.71,0.59
07:48:19,"[198.39, 66]","[197.84, 95]","[236.46, 13]","[257.88, 34]",217.43,208,38.07,0.55
07:48:20,"[201.0, 45]","[198.0, 99]","[241.17, 12]","[366.55, 33]",221.08,189,40.17,0.52
07:48:21,"[201.15, 62]","[198.55, 75]","[237.19, 21]","[377.64, 22]",219.17,180,36.05,0.52
07:48:22,"[204.45, 22]","[202.0, 55]","[233.63, 51]","[235.23, 13]",219.04,141,29.17,0.09
07:48:23,"[205.0, 26]","[202.0, 65]","[227.23, 43]","[226.56, 41]",216.12,175,22.23,0.04
07:48:24,"[205.0, 32]","[202.0, 80]","[218.58, 76]","[219.58, 60]",211.79,248,13.58,-0.1
07:48:25,"[205.0, 16]","[201.74, 34]","[214.88, 40]","[239.92, 38]",209.94,128,9.88,-0.22
07:48:26,"[205.0, 16]","[201.69, 29]","[213.0, 16]","[214.0, 40]",209.0,101,8.0,-0.11
07:48:27,"[205.0, 23]","[202.0, 48]","[211.08, 52]","[219.23, 44]",208.04,167,6.08,-0.15
07:48:28,"[205.0, 14]","[203.69, 78]","[209.79, 70]","[211.0, 56]",207.39,218,4.79,-0.16
07:48:29,"[205.0, 8]","[204.0, 48]","[208.03, 34]","[210.12, 34]",206.51,124,3.03,-0.1
07:48:30,"[202.17, 53]","[201.11, 93]","[204.21, 56]","[215.61, 71]",203.19,273,2.04,0.07
07:48:31,"[200.0, 48]","[198.27, 22]","[203.0, 40]","[268.35, 26]",201.5,136,3.0,0.03
07:48:32,"[200.0, 54]","[199.0, 9]","[202.11, 45]","[338.0, 45]",201.06,153,2.11,-0.18
07:48:33,"[200.0, 78]","[199.0, 20]","[201.71, 70]","[591.67, 54]",200.86,222,1.71,-0.12
07:48:34,"[199.33, 18]","[198.16, 38]","[391.08, 24]","[557.73, 26]",295.21,106,191.75,0.06
07:48:35,"[199.0, 30]","[198.0, 80]","[462.6, 30]","[677.0, 50]",330.8,190,263.6,0.16
07:48:36,"[198.07, 45]","[197.28, 29]","[496.75, 24]","[677.0, 40]",347.41,138,298.68,0.07
07:48:37,"[204.0, 54]","[198.0, 41]","[334.85, 26]","[559.88, 41]",269.42,162,130.85,0.17
07:48:38,"[204.4, 5]","[198.71, 17]","[314.0, 10]","[513.0, 25]",259.2,57,109.6,-0.23
07:48:39,"[205.0, 9]","[204.0, 9]","[312.0, 18]","[618.0, 30]",258.5,66,107.0,-0.45
07:48:40,"[198.28, 25]","[197.37, 19]","[310.86, 14]","[639.0, 35]",254.57,93,112.58,-0.05
07:48:41,"[201.43, 14]","[197.77, 26]","[310.0, 14]","[551.56, 32]",255.71,86,108.57,-0.07
07:48:42,"[203.5, 8]","[198.52, 23]","[308.62, 16]","[465.68, 34]",256.06,81,105.12,-0.23
07:48:43,"[198.21, 19]","[197.18, 22]","[300.29, 14]","[469.31, 32]",249.25,87,102.08,-0.06
07:48:44,"[198.0, 15]","[197.0, 27]","[206.89, 36]","[376.22, 27]",202.44,105,8.89,-0.2
07:48:45,"[198.0, 8]","[197.0, 30]","[200.0, 16]","[334.89, 19]",199.0,73,2.0,0.04
07:48:46,"[197.05, 19]","[166.08, 39]","[199.3, 20]","[474.17, 41]",198.18,119,2.25,-0.03
07:48:47,"[197.0, 22]","[174.69, 39]","[199.0, 26]","[448.25, 32]",198.0,119,2.0,0.03
