Time,Bid1,Bid2,Ask1,Ask2,Mid-Price,Total_volume,Bid_ask_spread,Order_imbalance
07:30:00,"[0, 0]","[0, 0]","[0, 0]","[0, 0]",0.0,0,0.0,0.0
07:30:02,"[2.36, 25]","[2.2, 15]","[548.75, 16]","[659.0, 4]",275.56,60,546.39,0.33
07:30:03,"[4.27, 11]","[3.4, 10]","[343.0, 6]","[344.0, 12]",173.64,39,338.73,0.08
07:30:04,"[52.29, 7]","[4.55, 11]","[343.0, 6]","[344.0, 12]",197.64,36,290.71,0.0
07:30:05,"[331.23, 13]","[327.0, 6]","[343.0, 8]","[344.0, 16]",337.12,43,11.77,-0.12
07:30:06,"[326.0, 16]","[330.0, 1]","[342.5, 12]","[343.75, 16]",334.25,45,16.5,-0.24
07:30:07,"[324.0, 18]","[210.0, 42]","[336.65, 17]","[339.12, 16]",330.32,93,12.65,0.29
07:30:08,"[276.31, 29]","[243.41, 37]","[326.03, 29]","[327.97, 31]",301.17,126,49.72,0.05
07:30:09,"[232.22, 45]","[225.15, 41]","[322.25, 24]","[324.4, 30]",277.24,140,90.03,0.23
07:30:10,"[240.0, 49]","[226.0, 14]","[319.93, 30]","[324.52, 27]",279.97,120,79.93,0.05
07:30:11,"[254.73, 26]","[253.2, 46]","[319.0, 16]","[320.0, 40]",286.87,128,64.27,0.12
07:30:12,"[260.56, 18]","[258.0, 63]","[317.38, 37]","[319.08, 26]",288.97,144,56.82,0.12
07:30:13,"[262.7, 47]","[260.16, 25]","[315.5, 12]","[317.0, 40]",289.1,124,52.8,0.16
07:30:14,"[267.12, 57]","[265.49, 57]","[313.29, 35]","[316.54, 26]",290.2,175,46.16,0.3
07:30:15,"[275.72, 43]","[273.42, 65]","[313.0, 45]","[315.0, 12]",294.36,165,37.28,0.31
07:30:16,"[287.33, 18]","[283.87, 30]","[313.0, 14]","[315.0, 7]",300.17,69,25.67,0.39
07:30:17,"[301.98, 54]","[299.48, 25]","[313.0, 24]","[315.0, 12]",307.49,115,11.02,0.37
07:30:18,"[304.0, 22]","[302.94, 34]","[313.0, 16]","[315.0, 18]",308.5,90,9.0,0.24
07:30:19,"[306.33, 60]","[304.0, 24]","[314.33, 36]","[316.0, 72]",310.33,192,8.0,-0.12
07:30:20,"[307.12, 40]","[303.95, 19]","[315.0, 32]","[317.0, 48]",311.06,139,7.88,-0.15
07:30:21,"[310.33, 75]","[307.0, 75]","[315.0, 60]","[317.0, 90]",312.67,300,4.67,0.0
07:30:22,"[313.81, 53]","[311.44, 45]","[315.0, 34]","[317.0, 54]",314.41,186,1.19,0.05
07:30:23,"[312.75, 56]","[308.0, 55]","[315.0, 22]","[317.0, 66]",313.88,199,2.25,0.12
07:30:24,"[314.0, 50]","[308.88, 32]","[316.64, 44]","[317.86, 42]",315.32,168,2.64,-0.02
07:30:25,"[314.97, 31]","[312.77, 39]","[317.0, 54]","[319.0, 27]",315.98,151,2.03,-0.07
07:30:26,"[311.06, 51]","[302.1, 115]","[317.6, 30]","[319.08, 36]",314.33,232,6.54,0.43
07:30:27,"[303.91, 23]","[301.29, 34]","[319.0, 30]","[320.0, 10]",311.46,97,15.09,0.18
07:30:28,"[309.45, 62]","[307.94, 34]","[319.49, 53]","[327.95, 22]",314.47,171,10.04,0.12
07:30:29,"[321.47, 15]","[312.35, 23]","[340.21, 28]","[355.49, 49]",330.84,115,18.75,-0.34
07:30:30,"[316.62, 29]","[314.98, 47]","[348.43, 63]","[356.71, 63]",332.52,202,31.81,-0.25
07:30:31,"[314.36, 44]","[309.28, 29]","[320.1, 29]","[340.89, 35]",317.23,137,5.74,0.07
07:30:32,"[294.89, 36]","[224.96, 50]","[318.4, 20]","[328.33, 33]",306.64,139,23.51,0.24
07:30:33,"[284.0, 14]","[226.77, 26]","[319.0, 7]","[330.0, 14]",301.5,61,35.0,0.31
07:30:34,"[284.0, 24]","[170.87, 45]","[319.0, 12]","[324.23, 39]",301.5,120,35.0,0.15
07:30:35,"[284.0, 20]","[169.45, 22]","[330.0, 20]","[349.13, 47]",307.0,109,46.0,-0.23
07:30:36,"[284.19, 27]","[269.12, 25]","[314.47, 45]","[325.12, 32]",299.33,129,30.28,-0.19
07:30:37,"[300.12, 16]","[271.38, 21]","[314.59, 39]","[324.06, 32]",307.36,108,14.46,-0.31
07:30:38,"[285.3, 10]","[229.0, 20]","[322.3, 10]","[324.9, 20]",303.8,60,37.0,0.0
07:30:39,"[321.5, 18]","[289.06, 16]","[323.88, 25]","[329.04, 23]",322.69,82,2.38,-0.17
07:30:40,"[319.55, 22]","[287.94, 16]","[335.0, 12]","[366.17, 24]",327.27,74,15.45,0.03
07:30:41,"[293.13, 15]","[191.15, 13]","[327.31, 13]","[462.62, 21]",310.22,62,34.17,-0.1
07:30:42,"[316.73, 33]","[218.75, 40]","[366.07, 15]","[428.54, 26]",341.4,114,49.34,0.28
07:30:43,"[324.91, 44]","[269.73, 45]","[481.07, 28]","[527.3, 30]",402.99,147,156.16,0.21
07:30:44,"[314.22, 23]","[261.17, 41]","[329.88, 32]","[366.74, 23]",322.05,119,15.66,0.08
07:30:45,"[317.07, 14]","[310.0, 42]","[325.0, 42]","[339.28, 29]",321.04,127,7.93,-0.12
07:30:46,"[319.0, 11]","[310.0, 33]","[322.0, 33]","[338.92, 26]",320.5,103,3.0,-0.15
07:30:47,"[319.73, 11]","[315.14, 14]","[322.0, 30]","[338.0, 20]",320.86,75,2.27,-0.33
07:30:48,"[317.09, 11]","[297.69, 16]","[322.0, 23]","[375.36, 22]",319.55,72,4.91,-0.25
07:30:49,"[308.35, 34]","[253.46, 26]","[322.0, 20]","[371.17, 24]",315.18,104,13.65,0.15
07:30:50,"[314.62, 48]","[246.26, 38]","[391.53, 30]","[491.5, 36]",353.08,152,76.91,0.13
07:30:51,"[321.29, 21]","[304.3, 23]","[425.29, 17]","[492.33, 18]",373.29,79,104.01,0.11
07:30:52,"[312.0, 16]","[309.0, 24]","[329.0, 16]","[400.18, 22]",320.5,78,17.0,0.03
07:30:53,"[319.7, 23]","[313.88, 26]","[328.71, 24]","[386.86, 28]",324.2,101,9.01,-0.03
07:30:54,"[310.5, 32]","[254.57, 28]","[318.56, 16]","[328.47, 19]",314.53,95,8.06,0.26
07:30:55,"[314.5, 30]","[252.31, 13]","[319.5, 6]","[325.44, 9]",317.0,58,5.0,0.48
07:30:56,"[319.0, 135]","[310.0, 27]","[325.17, 29]","[327.85, 13]",322.09,204,6.17,0.59
07:30:57,"[319.0, 195]","[310.0, 39]","[323.81, 26]","[324.3, 27]",321.4,287,4.81,0.63
07:30:58,"[319.0, 167]","[313.2, 45]","[320.36, 28]","[323.62, 21]",319.68,261,1.36,0.62
07:30:59,"[319.0, 100]","[314.89, 57]","[322.67, 27]","[368.3, 20]",320.83,204,3.67,0.54
07:31:00,"[320.6, 68]","[319.1, 92]","[332.0, 34]","[398.13, 30]",326.3,224,11.4,0.43
07:31:01,"[323.92, 26]","[322.43, 14]","[332.0, 16]","[337.0, 16]",327.96,72,8.08,0.11
07:31:02,"[323.0, 8]","[319.0, 80]","[331.07, 30]","[332.88, 16]",327.03,134,8.07,0.31
07:31:03,"[323.99, 92]","[322.37, 63]","[330.28, 50]","[332.06, 32]",327.13,237,6.29,0.31
07:31:04,"[324.08, 100]","[323.39, 38]","[327.0, 60]","[329.0, 15]",325.54,213,2.92,0.3
07:31:05,"[324.25, 65]","[322.23, 13]","[326.78, 45]","[350.08, 26]",325.51,149,2.53,0.05
07:31:06,"[323.0, 9]","[318.0, 9]","[335.0, 18]","[379.2, 30]",329.0,66,12.0,-0.45
07:31:07,"[323.0, 10]","[319.2, 10]","[335.0, 20]","[500.53, 17]",329.0,57,12.0,-0.3
07:31:08,"[323.0, 12]","[318.0, 12]","[335.0, 24]","[560.5, 48]",329.0,96,12.0,-0.5
07:31:09,"[320.5, 8]","[317.0, 8]","[335.0, 16]","[338.0, 32]",327.75,64,14.5,-0.5
07:31:10,"[316.85, 41]","[313.82, 11]","[322.62, 42]","[335.5, 24]",319.74,118,5.77,-0.12
07:31:11,"[318.08, 84]","[314.25, 12]","[325.68, 38]","[336.94, 34]",321.88,168,7.6,0.14
07:31:12,"[319.03, 65]","[317.04, 23]","[336.0, 22]","[338.0, 44]",327.52,154,16.97,0.14
07:31:13,"[323.38, 69]","[321.19, 47]","[336.0, 20]","[338.0, 40]",329.69,176,12.62,0.32
07:31:14,"[331.0, 72]","[321.18, 118]","[335.42, 24]","[337.18, 34]",333.21,248,4.42,0.53
07:31:15,"[331.0, 60]","[327.0, 10]","[335.0, 20]","[336.0, 20]",333.0,110,4.0,0.27
07:31:16,"[331.0, 60]","[328.9, 42]","[335.0, 20]","[336.8, 20]",333.0,142,4.0,0.44
07:31:17,"[331.0, 54]","[329.0, 45]","[335.0, 18]","[338.0, 18]",333.0,135,4.0,0.47
07:31:18,"[331.0, 48]","[329.0, 40]","[334.25, 16]","[338.0, 16]",332.62,120,3.25,0.47
07:31:19,"[331.0, 66]","[329.0, 55]","[332.0, 55]","[333.0, 22]",331.5,198,1.0,0.22
07:31:20,"[330.24, 42]","[327.81, 52]","[332.0, 60]","[342.0, 48]",331.12,202,1.76,-0.07
07:31:21,"[329.0, 46]","[327.0, 15]","[331.27, 75]","[342.0, 60]",330.13,196,2.27,-0.38
07:31:22,"[329.0, 18]","[327.0, 9]","[330.22, 45]","[342.0, 36]",329.61,108,1.22,-0.5
07:31:23,"[327.0, 13]","[325.0, 91]","[341.49, 47]","[342.37, 41]",334.24,192,14.49,0.08
07:31:24,"[325.09, 23]","[324.47, 15]","[339.78, 27]","[341.0, 27]",332.43,92,14.69,-0.17
07:31:25,"[324.22, 18]","[322.25, 16]","[335.19, 48]","[336.44, 48]",329.7,130,10.97,-0.48
07:31:26,"[322.77, 31]","[318.68, 59]","[331.72, 65]","[332.49, 67]",327.25,222,8.95,-0.19
07:31:27,"[322.93, 15]","[317.03, 196]","[330.96, 46]","[332.09, 66]",326.94,323,8.02,0.31
07:31:28,"[319.2, 25]","[316.98, 87]","[330.72, 25]","[331.59, 51]",324.96,188,11.52,0.19
07:31:29,"[322.79, 97]","[317.98, 64]","[331.17, 58]","[332.35, 86]",326.98,305,8.38,0.06
07:31:30,"[325.0, 68]","[316.35, 85]","[330.91, 55]","[334.08, 59]",327.95,267,5.91,0.15
07:31:31,"[323.6, 45]","[315.9, 78]","[326.61, 51]","[329.74, 27]",325.1,201,3.01,0.22
07:31:32,"[316.0, 63]","[315.0, 72]","[324.26, 19]","[328.45, 31]",320.13,185,8.26,0.46
07:31:33,"[316.0, 105]","[315.0, 120]","[320.48, 60]","[321.41, 44]",318.24,329,4.48,0.37
07:31:34,"[316.0, 98]","[315.0, 112]","[318.77, 26]","[320.07, 86]",317.38,322,2.77,0.3
07:31:35,"[316.0, 56]","[315.0, 64]","[319.25, 20]","[321.07, 42]",317.62,182,3.25,0.32
07:31:36,"[316.0, 84]","[315.0, 96]","[318.82, 22]","[319.93, 54]",317.41,256,2.82,0.41
07:31:37,"[316.0, 35]","[315.0, 40]","[319.0, 10]","[320.0, 25]",317.5,110,3.0,0.36
07:31:38,"[316.0, 56]","[315.0, 64]","[318.12, 16]","[320.0, 40]",317.06,176,2.12,0.36
07:31:39,"[315.76, 33]","[314.93, 57]","[318.0, 16]","[320.0, 40]",316.88,146,2.24,0.23
07:31:40,"[317.91, 90]","[316.38, 104]","[321.73, 75]","[327.39, 90]",319.82,359,3.82,0.08
07:31:41,"[319.5, 40]","[317.8, 20]","[330.0, 55]","[331.0, 55]",324.75,170,10.5,-0.29
07:31:42,"[321.76, 34]","[310.84, 99]","[324.0, 35]","[330.06, 80]",322.88,248,2.24,0.07
07:31:43,"[313.97, 59]","[310.12, 34]","[387.33, 60]","[664.47, 15]",350.65,168,73.37,0.11
07:31:44,"[330.12, 68]","[323.03, 64]","[597.9, 29]","[688.74, 39]",464.01,200,267.78,0.32
07:31:45,"[331.0, 16]","[330.0, 80]","[496.27, 22]","[693.88, 32]",413.64,150,165.27,0.28
07:31:46,"[331.0, 12]","[330.0, 60]","[334.0, 12]","[596.67, 6]",332.5,90,3.0,0.6
07:31:47,"[331.0, 10]","[330.0, 50]","[371.5, 8]","[603.23, 13]",351.25,81,40.5,0.48
07:31:48,"[330.55, 22]","[329.97, 61]","[483.21, 19]","[601.61, 23]",406.88,125,152.67,0.33
07:31:49,"[330.0, 120]","[328.0, 12]","[476.33, 24]","[511.75, 40]",403.17,196,146.33,0.35
07:31:50,"[330.0, 90]","[328.0, 9]","[464.33, 33]","[467.29, 17]",397.17,149,134.33,0.33
07:31:51,"[330.55, 22]","[329.98, 121]","[408.94, 53]","[422.52, 25]",369.74,221,78.4,0.29
07:31:52,"[331.0, 8]","[330.0, 80]","[402.38, 32]","[413.88, 16]",366.69,136,71.38,0.29
07:31:53,"[330.04, 100]","[329.67, 60]","[367.33, 48]","[390.59, 34]",348.69,242,37.29,0.32
07:31:54,"[327.14, 21]","[312.84, 49]","[331.0, 30]","[396.95, 22]",329.07,122,3.86,0.15
07:31:55,"[321.0, 84]","[310.31, 90]","[328.39, 90]","[333.22, 54]",324.69,318,7.39,0.09
07:31:56,"[322.0, 24]","[313.25, 59]","[333.12, 43]","[398.45, 29]",327.56,155,11.12,0.07
07:31:57,"[318.0, 8]","[317.0, 24]","[333.0, 24]","[335.0, 8]",325.5,64,15.0,0.0
07:31:58,"[318.0, 9]","[317.0, 27]","[332.63, 19]","[333.59, 17]",325.32,72,14.63,0.0
07:31:59,"[317.1, 30]","[316.33, 27]","[332.46, 26]","[507.22, 45]",324.78,128,15.36,-0.11
07:32:00,"[318.0, 68]","[317.0, 66]","[332.05, 66]","[333.48, 75]",325.02,275,14.05,-0.03
07:32:01,"[321.0, 42]","[319.06, 35]","[328.81, 48]","[334.44, 43]",324.91,168,7.81,-0.08
07:32:02,"[325.66, 29]","[323.72, 36]","[328.0, 39]","[331.0, 13]",326.83,117,2.34,0.11
07:32:03,"[326.72, 25]","[323.27, 22]","[329.2, 20]","[335.5, 28]",327.96,95,2.48,-0.01
07:32:04,"[327.33, 43]","[324.41, 17]","[330.26, 19]","[335.71, 41]",328.79,120,2.94,0.0
07:32:05,"[317.9, 40]","[315.5, 24]","[325.29, 31]","[327.32, 34]",321.6,129,7.39,-0.01
07:32:06,"[317.02, 46]","[314.5, 18]","[321.29, 42]","[322.95, 38]",319.15,144,4.26,-0.11
07:32:07,"[318.94, 18]","[317.16, 50]","[320.28, 54]","[322.0, 36]",319.61,158,1.33,-0.14
07:32:08,"[318.33, 18]","[316.29, 42]","[320.0, 36]","[322.0, 28]",319.17,124,1.67,-0.03
07:32:09,"[316.5, 30]","[311.8, 30]","[319.0, 10]","[320.0, 10]",317.75,80,2.5,0.5
07:32:10,"[312.0, 27]","[310.0, 27]","[319.0, 9]","[320.0, 9]",315.5,72,7.0,0.5
07:32:11,"[312.0, 36]","[310.0, 36]","[318.1, 48]","[320.05, 20]",315.05,140,6.1,0.03
07:32:12,"[313.62, 80]","[312.0, 24]","[320.8, 10]","[322.89, 38]",317.21,152,7.18,0.37
07:32:13,"[315.0, 120]","[307.58, 52]","[317.94, 31]","[326.71, 34]",316.47,237,2.94,0.45
07:32:14,"[315.0, 100]","[306.0, 150]","[317.85, 26]","[326.57, 28]",316.42,304,2.85,0.64
07:32:15,"[317.37, 102]","[315.23, 78]","[322.0, 30]","[330.0, 60]",319.69,270,4.63,0.33
07:32:16,"[319.33, 54]","[319.06, 126]","[322.0, 30]","[329.4, 60]",320.67,270,2.67,0.33
07:32:17,"[320.15, 82]","[311.06, 136]","[326.36, 28]","[331.12, 64]",323.25,310,6.21,0.41
07:32:18,"[320.93, 150]","[305.29, 140]","[328.0, 15]","[331.0, 101]",324.47,406,7.07,0.43
07:32:19,"[322.54, 130]","[308.39, 114]","[328.0, 13]","[331.0, 65]",325.27,322,5.46,0.52
07:32:20,"[323.0, 180]","[310.55, 62]","[327.0, 18]","[331.88, 130]",325.0,390,4.0,0.24
07:32:21,"[326.79, 76]","[319.67, 36]","[331.57, 35]","[332.71, 34]",329.18,181,4.78,0.24
07:32:22,"[330.07, 15]","[326.57, 74]","[332.0, 63]","[333.0, 36]",331.03,188,1.93,-0.05
07:32:23,"[329.0, 11]","[327.05, 171]","[332.0, 77]","[356.27, 44]",330.5,303,3.0,0.2
07:32:24,"[329.0, 8]","[328.0, 64]","[332.0, 56]","[352.38, 32]",330.5,160,3.0,-0.1
07:32:25,"[329.0, 10]","[328.0, 80]","[332.0, 120]","[433.33, 43]",330.5,253,3.0,-0.29
07:32:26,"[329.0, 8]","[328.0, 64]","[332.0, 96]","[445.82, 34]",330.5,202,3.0,-0.29
07:32:27,"[328.04, 52]","[327.14, 116]","[332.0, 144]","[447.47, 51]",330.02,363,3.96,-0.07
07:32:28,"[328.0, 35]","[327.0, 74]","[332.0, 84]","[437.0, 35]",330.0,228,4.0,-0.04
07:32:29,"[328.0, 24]","[327.0, 83]","[332.0, 96]","[395.57, 35]",330.0,238,4.0,-0.1
07:32:30,"[328.0, 12]","[327.0, 40]","[332.0, 48]","[344.0, 20]",330.0,120,4.0,-0.13
07:32:31,"[328.0, 21]","[327.0, 70]","[332.0, 84]","[374.0, 35]",330.0,210,4.0,-0.13
07:32:32,"[329.1, 20]","[327.51, 41]","[331.71, 41]","[339.15, 59]",330.4,161,2.61,-0.24
07:32:33,"[328.0, 39]","[327.0, 130]","[331.54, 65]","[333.0, 26]",329.77,260,3.54,0.3
07:32:34,"[328.0, 33]","[327.0, 110]","[331.0, 47]","[333.55, 22]",329.5,212,3.0,0.35
07:32:35,"[328.0, 28]","[326.68, 50]","[330.44, 16]","[331.96, 27]",329.22,121,2.44,0.29
07:32:36,"[328.0, 16]","[327.0, 32]","[331.07, 15]","[332.19, 21]",329.53,84,3.07,0.14
07:32:37,"[327.8, 20]","[326.6, 40]","[330.92, 24]","[333.25, 36]",329.36,120,3.12,0.0
07:32:38,"[327.0, 7]","[325.0, 14]","[330.0, 14]","[335.0, 21]",328.5,56,3.0,-0.25
07:32:39,"[327.0, 9]","[325.0, 18]","[329.11, 18]","[334.44, 27]",328.06,72,2.11,-0.25
07:32:40,"[328.67, 12]","[324.67, 39]","[333.23, 31]","[335.5, 24]",330.95,106,4.56,-0.04
07:32:41,"[325.36, 14]","[311.53, 131]","[333.67, 18]","[334.85, 26]",329.51,189,8.31,0.53
07:32:42,"[319.8, 25]","[311.67, 118]","[332.06, 17]","[335.41, 51]",325.93,211,12.26,0.36
07:32:43,"[324.61, 79]","[316.02, 65]","[332.0, 13]","[336.0, 39]",328.3,196,7.39,0.47
07:32:44,"[331.0, 60]","[325.04, 46]","[334.25, 16]","[336.22, 27]",332.62,149,3.25,0.42
07:32:45,"[331.0, 40]","[329.32, 44]","[336.0, 24]","[337.0, 16]",333.5,124,5.0,0.35
07:32:46,"[331.0, 50]","[330.0, 60]","[336.0, 30]","[337.0, 20]",333.5,160,5.0,0.38
07:32:47,"[330.16, 31]","[328.09, 138]","[336.32, 31]","[347.5, 36]",333.24,236,6.16,0.43
07:32:48,"[330.0, 10]","[328.0, 120]","[333.7, 10]","[337.38, 32]",331.85,172,3.7,0.51
07:32:49,"[328.2, 92]","[327.94, 80]","[331.55, 20]","[339.04, 25]",329.87,217,3.35,0.59
07:32:50,"[328.0, 156]","[327.0, 13]","[330.24, 21]","[331.13, 31]",329.12,221,2.24,0.53
07:32:51,"[328.0, 93]","[327.0, 11]","[338.1, 20]","[343.05, 41]",333.05,165,10.1,0.26
07:32:52,"[328.0, 48]","[327.0, 9]","[339.0, 18]","[344.0, 36]",333.5,111,11.0,0.03
07:32:53,"[328.0, 16]","[327.0, 4]","[339.0, 8]","[344.0, 16]",333.5,44,11.0,-0.09
07:32:54,"[332.0, 56]","[328.0, 32]","[339.0, 16]","[344.0, 32]",335.5,136,7.0,0.29
07:32:55,"[332.0, 66]","[328.0, 44]","[339.0, 22]","[344.0, 44]",335.5,176,7.0,0.25
07:32:56,"[332.0, 48]","[328.0, 32]","[337.3, 23]","[340.11, 18]",334.65,121,5.3,0.32
07:32:57,"[332.0, 48]","[328.0, 32]","[335.75, 24]","[341.25, 16]",333.88,120,3.75,0.33
07:32:58,"[332.0, 36]","[328.2, 20]","[335.0, 18]","[342.0, 12]",333.5,86,3.0,0.3
07:32:59,"[332.0, 78]","[328.0, 52]","[333.62, 39]","[342.98, 57]",332.81,226,1.62,0.15
07:33:00,"[331.71, 55]","[328.62, 37]","[335.56, 43]","[344.09, 130]",333.63,265,3.85,-0.31
07:33:01,"[328.0, 28]","[327.0, 7]","[344.0, 70]","[347.0, 28]",336.0,133,16.0,-0.47
07:33:02,"[328.0, 30]","[327.0, 9]","[344.0, 45]","[347.0, 36]",336.0,120,16.0,-0.35
07:33:03,"[328.0, 14]","[327.0, 7]","[344.0, 44]","[347.0, 28]",336.0,93,16.0,-0.55
07:33:04,"[326.57, 28]","[325.57, 14]","[344.0, 48]","[347.0, 24]",335.29,114,17.43,-0.26
07:33:05,"[326.0, 70]","[325.0, 35]","[344.0, 56]","[347.0, 28]",335.0,189,18.0,0.11
07:33:06,"[326.0, 100]","[325.0, 50]","[344.0, 80]","[347.0, 40]",335.0,270,18.0,0.11
07:33:07,"[326.0, 80]","[325.0, 40]","[344.0, 64]","[347.0, 32]",335.0,216,18.0,0.11
07:33:08,"[326.0, 110]","[325.0, 55]","[342.91, 55]","[344.4, 40]",334.45,260,16.91,0.27
07:33:09,"[326.12, 102]","[325.57, 105]","[336.56, 70]","[337.73, 64]",331.34,341,10.44,0.21
07:33:10,"[327.0, 14]","[326.0, 130]","[333.09, 56]","[334.6, 47]",330.04,247,6.09,0.17
07:33:11,"[327.84, 19]","[326.21, 38]","[331.09, 55]","[331.84, 43]",329.47,155,3.25,-0.26
07:33:12,"[326.09, 77]","[325.67, 105]","[328.98, 56]","[330.51, 43]",327.54,281,2.89,0.3
07:33:13,"[325.87, 53]","[321.27, 94]","[331.57, 28]","[339.46, 41]",328.72,216,5.7,0.36
07:33:14,"[327.0, 5]","[325.0, 25]","[331.0, 10]","[340.0, 15]",329.0,55,4.0,0.09
07:33:15,"[328.33, 12]","[320.97, 104]","[339.54, 41]","[341.53, 34]",333.93,191,11.2,0.21
07:33:16,"[331.0, 14]","[327.0, 7]","[341.0, 35]","[342.0, 21]",336.0,77,10.0,-0.45
07:33:17,"[326.83, 72]","[319.11, 57]","[341.0, 60]","[342.0, 36]",333.92,225,14.17,0.15
07:33:18,"[326.0, 102]","[318.0, 100]","[340.26, 58]","[341.42, 36]",333.13,296,14.26,0.36
07:33:19,"[326.0, 108]","[318.0, 120]","[340.0, 108]","[341.0, 12]",333.0,348,14.0,0.31
07:33:20,"[326.0, 108]","[318.0, 129]","[339.95, 83]","[341.0, 12]",332.98,332,13.95,0.43
07:33:21,"[333.64, 50]","[328.15, 78]","[338.36, 56]","[340.88, 48]",336.0,232,4.72,0.1
07:33:22,"[326.8, 80]","[320.19, 89]","[337.64, 44]","[340.0, 42]",332.22,255,10.84,0.33
07:33:23,"[326.0, 111]","[318.0, 140]","[335.48, 50]","[337.96, 50]",330.74,351,9.48,0.43
07:33:24,"[326.0, 72]","[318.0, 140]","[331.61, 23]","[335.54, 41]",328.8,276,5.61,0.54
07:33:25,"[326.86, 42]","[323.14, 56]","[330.0, 14]","[339.14, 42]",328.43,154,3.14,0.27
07:33:26,"[327.69, 39]","[326.0, 39]","[329.71, 17]","[339.73, 37]",328.7,132,2.01,0.18
07:33:27,"[328.0, 30]","[326.0, 30]","[329.27, 22]","[338.18, 22]",328.64,104,1.27,0.15
07:33:28,"[328.0, 33]","[326.0, 33]","[329.64, 14]","[339.31, 29]",328.82,109,1.64,0.21
07:33:29,"[327.71, 28]","[319.75, 64]","[329.42, 12]","[340.0, 36]",328.57,140,1.7,0.31
07:33:30,"[317.43, 35]","[315.85, 59]","[334.5, 14]","[338.85, 26]",325.96,134,17.07,0.4
07:33:31,"[316.0, 120]","[315.0, 36]","[335.5, 16]","[338.36, 22]",325.75,194,19.5,0.61
07:33:32,"[316.0, 120]","[315.0, 36]","[335.25, 12]","[340.45, 20]",325.62,188,19.25,0.66
07:33:33,"[316.97, 87]","[315.62, 80]","[337.0, 15]","[343.0, 75]",326.98,257,20.03,0.3
07:33:34,"[317.6, 15]","[314.17, 53]","[337.0, 7]","[342.17, 29]",327.3,104,19.4,0.31
07:33:35,"[315.0, 33]","[314.0, 121]","[337.0, 11]","[342.0, 44]",326.0,209,22.0,0.47
07:33:36,"[314.81, 37]","[313.84, 103]","[337.0, 37]","[342.0, 40]",325.91,217,22.19,0.29
07:33:37,"[320.44, 18]","[314.39, 76]","[337.0, 26]","[342.0, 44]",328.72,164,16.56,0.15
07:33:38,"[318.93, 28]","[317.84, 31]","[337.0, 14]","[342.0, 56]",327.96,129,18.07,-0.09
07:33:39,"[321.07, 28]","[320.16, 43]","[336.71, 14]","[341.68, 47]",328.89,132,15.64,0.08
07:33:40,"[323.86, 44]","[321.14, 56]","[336.06, 31]","[338.19, 47]",329.96,178,12.2,0.12
07:33:41,"[327.68, 47]","[326.1, 40]","[336.97, 58]","[338.56, 73]",332.32,218,9.28,-0.2
07:33:42,"[331.46, 98]","[328.46, 72]","[334.22, 65]","[336.18, 85]",332.84,320,2.76,0.06
07:33:43,"[334.78, 27]","[333.95, 63]","[338.78, 74]","[339.92, 61]",336.78,225,4.01,-0.2
07:33:44,"[334.09, 23]","[332.16, 61]","[339.0, 45]","[340.0, 36]",336.54,165,4.91,0.02
07:33:45,"[334.0, 10]","[332.42, 85]","[339.44, 45]","[341.67, 45]",336.72,185,5.44,0.03
07:33:46,"[333.14, 37]","[332.74, 81]","[340.0, 32]","[343.0, 40]",336.57,190,6.86,0.24
07:33:47,"[333.0, 72]","[332.0, 63]","[340.0, 36]","[343.05, 41]",336.5,212,7.0,0.27
07:33:48,"[333.0, 72]","[332.0, 63]","[339.53, 15]","[340.79, 38]",336.27,188,6.53,0.44
07:33:49,"[333.0, 88]","[332.0, 84]","[339.0, 12]","[342.98, 57]",336.0,241,6.0,0.43
07:33:50,"[333.0, 42]","[332.0, 42]","[339.0, 6]","[344.0, 30]",336.0,120,6.0,0.4
07:33:51,"[333.0, 56]","[332.0, 56]","[338.75, 8]","[344.0, 40]",335.88,160,5.75,0.4
07:33:52,"[333.0, 42]","[332.0, 42]","[338.0, 6]","[345.0, 56]",335.5,146,5.0,0.15
07:33:53,"[333.0, 92]","[332.0, 112]","[336.62, 16]","[344.96, 133]",334.81,353,3.62,0.16
07:33:54,"[333.0, 18]","[332.0, 63]","[336.0, 9]","[344.0, 45]",334.5,135,3.0,0.2
07:33:55,"[332.39, 46]","[331.38, 91]","[334.56, 16]","[344.68, 110]",333.48,263,2.17,0.04
07:33:56,"[330.43, 23]","[327.94, 32]","[332.88, 8]","[345.0, 42]",331.65,105,2.44,0.05
07:33:57,"[327.33, 18]","[326.0, 24]","[343.96, 52]","[351.47, 59]",335.65,153,16.63,-0.45
07:33:58,"[327.0, 16]","[323.0, 8]","[341.38, 8]","[342.94, 32]",334.19,64,14.38,-0.25
07:33:59,"[335.0, 28]","[328.93, 28]","[339.18, 22]","[341.57, 14]",337.09,92,4.18,0.22
07:34:00,"[335.0, 20]","[330.0, 20]","[338.0, 50]","[339.0, 10]",336.5,100,3.0,-0.2
07:34:01,"[333.5, 20]","[329.12, 17]","[336.5, 16]","[338.64, 36]",335.0,89,3.0,-0.17
07:34:02,"[330.0, 20]","[326.2, 10]","[333.85, 20]","[334.95, 20]",331.93,70,3.85,-0.14
07:34:03,"[330.0, 24]","[328.0, 12]","[332.64, 28]","[333.3, 20]",331.32,84,2.64,-0.14
07:34:04,"[333.35, 31]","[333.19, 47]","[340.37, 27]","[344.21, 57]",336.86,162,7.02,-0.04
07:34:05,"[336.88, 16]","[334.0, 40]","[343.0, 24]","[346.0, 40]",339.94,120,6.12,-0.07
07:34:06,"[334.6, 30]","[331.94, 31]","[343.0, 21]","[345.68, 37]",338.8,119,8.4,0.03
07:34:07,"[334.0, 36]","[330.0, 24]","[343.0, 12]","[345.0, 24]",338.5,96,9.0,0.25
07:34:08,"[334.0, 21]","[330.0, 14]","[343.0, 7]","[345.0, 14]",338.5,56,9.0,0.25
07:34:09,"[334.0, 21]","[330.0, 14]","[343.0, 7]","[345.0, 14]",338.5,56,9.0,0.25
07:34:10,"[331.23, 26]","[328.46, 13]","[342.07, 30]","[344.27, 11]",336.65,80,10.84,-0.03
07:34:11,"[321.61, 31]","[319.69, 13]","[341.86, 28]","[344.0, 7]",331.74,79,20.24,0.11
07:34:12,"[322.48, 94]","[321.66, 38]","[338.66, 50]","[339.89, 35]",330.57,217,16.18,0.22
07:34:13,"[326.22, 106]","[324.69, 108]","[336.07, 60]","[339.0, 45]",331.14,319,9.85,0.34
07:34:14,"[328.72, 81]","[327.85, 92]","[335.28, 43]","[336.95, 41]",332.0,257,6.56,0.35
07:34:15,"[330.0, 17]","[329.0, 119]","[332.67, 52]","[334.04, 67]",331.34,255,2.67,0.07
07:34:16,"[329.52, 73]","[328.21, 101]","[334.3, 46]","[335.59, 32]",331.91,252,4.78,0.38
07:34:17,"[330.0, 77]","[328.0, 88]","[337.76, 37]","[339.3, 44]",333.88,246,7.76,0.34
07:34:18,"[330.4, 105]","[328.0, 120]","[334.26, 38]","[335.77, 52]",332.33,315,3.86,0.43
07:34:19,"[331.0, 76]","[328.0, 96]","[333.25, 32]","[337.0, 44]",332.12,248,2.25,0.39
07:34:20,"[331.0, 60]","[328.0, 96]","[333.92, 48]","[345.0, 36]",332.46,240,2.92,0.3
07:34:21,"[331.0, 42]","[328.0, 80]","[332.0, 40]","[345.0, 30]",331.5,192,1.0,0.27
07:34:22,"[328.86, 28]","[326.38, 42]","[332.0, 48]","[342.16, 58]",330.43,176,3.14,-0.2
07:34:23,"[328.0, 30]","[324.0, 30]","[331.0, 24]","[342.14, 29]",329.5,113,3.0,0.06
07:34:24,"[328.0, 60]","[323.15, 78]","[330.08, 48]","[343.0, 70]",329.04,256,2.08,0.08
07:34:25,"[324.1, 80]","[320.92, 100]","[329.92, 39]","[340.74, 69]",327.01,288,5.82,0.25
07:34:26,"[322.19, 129]","[316.21, 58]","[328.0, 13]","[330.0, 52]",325.09,252,5.81,0.48
07:34:27,"[322.28, 87]","[318.5, 113]","[328.25, 20]","[331.96, 81]",325.26,301,5.97,0.33
07:34:28,"[324.33, 36]","[322.0, 132]","[339.0, 60]","[341.0, 48]",331.67,276,14.67,0.22
07:34:29,"[326.0, 33]","[322.0, 121]","[339.0, 55]","[341.0, 44]",332.5,253,13.0,0.22
07:34:30,"[326.4, 25]","[320.71, 91]","[338.71, 42]","[340.23, 39]",332.56,197,12.31,0.18
07:34:31,"[327.92, 39]","[323.97, 29]","[338.0, 28]","[339.24, 25]",332.96,121,10.08,0.12
07:34:32,"[332.62, 48]","[328.75, 48]","[338.0, 44]","[340.0, 33]",335.31,173,5.38,0.11
07:34:33,"[334.0, 20]","[330.0, 15]","[338.0, 20]","[340.0, 15]",336.0,70,4.0,0.0
07:34:34,"[330.84, 19]","[328.18, 33]","[338.0, 24]","[340.0, 18]",334.42,94,7.16,0.11
07:34:35,"[330.0, 9]","[328.0, 18]","[338.0, 12]","[340.0, 9]",334.0,48,8.0,0.12
07:34:36,"[330.0, 19]","[328.0, 42]","[337.43, 28]","[338.7, 23]",333.71,112,7.43,0.09
07:34:37,"[330.0, 13]","[328.0, 78]","[335.23, 52]","[336.62, 52]",332.62,195,5.23,-0.07
07:34:38,"[330.0, 11]","[328.0, 66]","[331.56, 36]","[332.55, 44]",330.78,157,1.56,-0.02
07:34:39,"[328.11, 38]","[322.08, 78]","[331.45, 22]","[332.12, 32]",329.78,170,3.35,0.36
07:34:40,"[327.0, 48]","[319.76, 98]","[330.27, 22]","[331.3, 40]",328.64,208,3.27,0.4
07:34:41,"[320.9, 83]","[317.61, 166]","[328.0, 56]","[330.18, 68]",324.45,373,7.1,0.34
07:34:42,"[321.24, 149]","[319.15, 220]","[325.83, 46]","[327.22, 36]",323.53,451,4.58,0.64
07:34:43,"[322.78, 55]","[321.74, 106]","[324.0, 34]","[325.0, 60]",323.39,255,1.22,0.26
07:34:44,"[323.83, 18]","[319.0, 60]","[325.0, 24]","[336.0, 12]",324.42,114,1.17,0.37
07:34:45,"[324.81, 62]","[317.85, 134]","[335.6, 20]","[337.83, 48]",330.2,264,10.79,0.48
07:34:46,"[328.0, 56]","[318.0, 140]","[334.71, 14]","[338.0, 28]",331.36,238,6.71,0.65
07:34:47,"[328.0, 36]","[317.67, 90]","[332.44, 9]","[338.0, 18]",330.22,153,4.44,0.65
07:34:48,"[328.0, 44]","[317.31, 65]","[331.0, 11]","[340.77, 62]",329.5,182,3.0,0.2
07:34:49,"[328.0, 48]","[319.17, 24]","[330.0, 22]","[337.2, 54]",329.0,148,2.0,-0.03
07:34:50,"[317.0, 154]","[315.0, 28]","[328.08, 24]","[329.28, 32]",322.54,238,11.08,0.53
07:34:51,"[318.39, 69]","[318.22, 127]","[325.1, 21]","[328.0, 63]",321.74,280,6.7,0.4
07:34:52,"[320.21, 28]","[318.0, 126]","[323.27, 26]","[332.34, 58]",321.74,238,3.05,0.29
07:34:53,"[321.84, 75]","[317.06, 68]","[323.0, 40]","[324.0, 39]",322.42,222,1.16,0.29
07:34:54,"[323.11, 98]","[321.76, 86]","[333.21, 28]","[335.17, 64]",328.16,276,10.1,0.33
07:34:55,"[326.8, 54]","[324.17, 86]","[336.0, 20]","[337.0, 20]",331.4,180,9.2,0.56
07:34:56,"[329.25, 53]","[328.18, 61]","[336.0, 18]","[337.0, 18]",332.62,150,6.75,0.52
07:34:57,"[334.0, 20]","[330.8, 90]","[336.0, 20]","[337.0, 20]",335.0,150,2.0,0.47
07:34:58,"[332.12, 41]","[330.84, 91]","[336.0, 26]","[337.0, 26]",334.06,184,3.88,0.43
07:34:59,"[333.0, 28]","[331.0, 105]","[335.96, 24]","[337.29, 31]",334.48,188,2.96,0.41
07:35:00,"[331.0, 102]","[330.0, 85]","[336.78, 23]","[339.38, 56]",333.89,266,5.78,0.41
07:35:01,"[331.0, 42]","[330.0, 65]","[336.0, 13]","[337.0, 39]",333.5,159,5.0,0.35
07:35:02,"[330.32, 31]","[328.9, 50]","[335.08, 39]","[336.5, 18]",332.7,138,4.75,0.17
07:35:03,"[330.0, 42]","[328.0, 56]","[333.64, 56]","[338.13, 38]",331.82,192,3.64,0.02
07:35:04,"[330.97, 115]","[329.86, 58]","[332.11, 76]","[341.96, 48]",331.54,297,1.13,0.16
07:35:05,"[330.28, 29]","[328.35, 34]","[333.91, 22]","[342.26, 23]",332.09,108,3.63,0.17
07:35:06,"[330.0, 24]","[328.0, 32]","[335.0, 16]","[343.67, 18]",332.5,90,5.0,0.24
07:35:07,"[332.57, 42]","[329.15, 47]","[335.0, 28]","[342.0, 17]",333.79,134,2.43,0.33
07:35:08,"[334.0, 36]","[330.0, 36]","[335.0, 24]","[340.5, 32]",334.5,128,1.0,0.12
07:35:09,"[334.0, 27]","[330.0, 27]","[335.0, 18]","[338.0, 27]",334.5,99,1.0,0.09
07:35:10,"[334.0, 27]","[330.0, 27]","[335.0, 18]","[338.0, 27]",334.5,99,1.0,0.09
07:35:11,"[334.0, 27]","[328.33, 18]","[335.0, 18]","[338.0, 27]",334.5,90,1.0,0.0
07:35:12,"[334.0, 30]","[329.0, 10]","[335.0, 20]","[342.0, 10]",334.5,70,1.0,0.14
07:35:13,"[334.0, 24]","[329.0, 8]","[335.0, 16]","[342.0, 8]",334.5,56,1.0,0.14
07:35:14,"[334.0, 36]","[329.0, 12]","[335.0, 24]","[342.0, 12]",334.5,84,1.0,0.14
07:35:15,"[333.67, 18]","[332.2, 15]","[335.0, 10]","[342.0, 5]",334.33,48,1.33,0.38
07:35:16,"[333.0, 54]","[329.0, 9]","[334.38, 26]","[337.0, 16]",333.69,105,1.38,0.2
07:35:17,"[333.0, 32]","[329.0, 10]","[334.85, 26]","[338.38, 13]",333.92,81,1.85,0.04
07:35:18,"[330.44, 36]","[328.0, 20]","[336.64, 28]","[339.77, 13]",333.54,97,6.2,0.15
07:35:19,"[332.0, 56]","[328.0, 56]","[335.15, 66]","[335.97, 39]",333.58,217,3.15,0.03
07:35:20,"[330.0, 48]","[327.75, 32]","[334.0, 70]","[335.0, 42]",332.0,192,4.0,-0.17
07:35:21,"[326.72, 50]","[322.92, 50]","[333.49, 53]","[335.59, 46]",330.11,199,6.77,0.01
07:35:22,"[328.0, 44]","[322.08, 111]","[332.88, 51]","[334.0, 51]",330.44,257,4.88,0.21
07:35:23,"[326.96, 26]","[323.27, 90]","[331.6, 60]","[333.2, 60]",329.28,236,4.64,-0.02
07:35:24,"[328.0, 15]","[325.0, 45]","[330.27, 45]","[331.33, 45]",329.13,150,2.27,-0.2
07:35:25,"[320.5, 30]","[317.45, 76]","[329.0, 30]","[337.57, 37]",324.75,173,8.5,0.23
07:35:26,"[317.0, 126]","[315.0, 182]","[328.04, 26]","[336.1, 31]",322.52,365,11.04,0.69
07:35:27,"[317.0, 63]","[314.91, 79]","[328.0, 7]","[334.4, 15]",322.5,164,11.0,0.73
07:35:28,"[317.0, 63]","[299.86, 7]","[327.0, 7]","[328.0, 7]",322.0,84,10.0,0.67
07:35:29,"[317.0, 108]","[286.33, 12]","[327.0, 12]","[328.0, 12]",322.0,144,10.0,0.67
07:35:30,"[322.65, 52]","[318.58, 59]","[333.29, 14]","[337.68, 25]",327.97,150,10.63,0.48
07:35:31,"[333.43, 47]","[328.76, 51]","[337.66, 35]","[376.9, 42]",335.54,175,4.23,0.12
07:35:32,"[334.59, 51]","[333.0, 34]","[336.98, 49]","[340.66, 35]",335.78,169,2.39,0.01
07:35:33,"[329.91, 33]","[322.07, 56]","[335.46, 13]","[340.56, 27]",332.69,129,5.55,0.38
07:35:34,"[328.35, 106]","[322.2, 60]","[333.14, 14]","[337.5, 40]",330.75,220,4.79,0.51
07:35:35,"[329.0, 132]","[327.0, 36]","[333.0, 12]","[340.17, 24]",331.0,204,4.0,0.65
07:35:36,"[329.0, 132]","[327.0, 45]","[331.47, 15]","[342.07, 30]",330.23,222,2.47,0.59
07:35:37,"[329.0, 48]","[327.0, 18]","[330.33, 6]","[342.0, 12]",329.67,84,1.33,0.57
07:35:38,"[329.0, 52]","[327.0, 24]","[330.0, 8]","[337.0, 16]",329.5,100,1.0,0.52
07:35:39,"[329.0, 40]","[327.0, 30]","[335.57, 35]","[340.0, 40]",332.29,145,6.57,-0.03
07:35:40,"[329.0, 44]","[327.0, 33]","[336.29, 28]","[340.6, 40]",332.64,145,7.29,0.06
07:35:41,"[329.66, 35]","[329.22, 23]","[340.43, 42]","[341.79, 57]",335.04,157,10.77,-0.26
07:35:42,"[334.0, 12]","[330.0, 36]","[341.64, 55]","[396.25, 60]",337.82,163,7.64,-0.41
07:35:43,"[334.0, 14]","[330.0, 42]","[339.32, 62]","[420.32, 38]",336.66,156,5.32,-0.28
07:35:44,"[329.38, 26]","[328.25, 32]","[338.0, 45]","[339.0, 9]",333.69,112,8.62,0.04
07:35:45,"[330.31, 114]","[329.22, 46]","[338.0, 70]","[340.29, 14]",334.15,244,7.69,0.31
07:35:46,"[331.0, 105]","[330.0, 30]","[336.47, 75]","[340.2, 15]",333.73,225,5.47,0.2
07:35:47,"[331.79, 98]","[330.0, 28]","[335.36, 70]","[338.36, 14]",333.57,210,3.57,0.2
07:35:48,"[332.68, 53]","[331.62, 52]","[335.0, 55]","[339.0, 11]",333.84,171,2.32,0.23
07:35:49,"[332.28, 65]","[331.14, 37]","[336.39, 23]","[343.21, 19]",334.33,144,4.11,0.42
07:35:50,"[332.38, 112]","[330.0, 32]","[338.0, 32]","[340.75, 16]",335.19,192,5.62,0.5
07:35:51,"[334.46, 91]","[330.0, 26]","[337.0, 26]","[341.46, 13]",335.73,156,2.54,0.5
07:35:52,"[335.74, 54]","[330.0, 24]","[339.0, 18]","[343.67, 18]",337.37,114,3.26,0.37
07:35:53,"[336.0, 33]","[332.08, 91]","[343.0, 11]","[344.0, 22]",339.5,157,7.0,0.58
07:35:54,"[336.0, 35]","[332.0, 273]","[343.0, 13]","[344.0, 26]",339.5,347,7.0,0.78
07:35:55,"[334.59, 34]","[332.13, 193]","[343.0, 13]","[344.0, 26]",338.79,266,8.41,0.71
07:35:56,"[333.0, 52]","[332.0, 273]","[343.0, 13]","[344.0, 26]",338.0,364,10.0,0.79
07:35:57,"[333.0, 52]","[332.0, 273]","[343.0, 13]","[344.0, 26]",338.0,364,10.0,0.79
07:35:58,"[332.11, 188]","[331.74, 121]","[343.0, 13]","[344.0, 26]",337.55,348,10.89,0.78
07:35:59,"[332.0, 226]","[330.0, 24]","[342.43, 21]","[343.86, 21]",337.21,292,10.43,0.71
07:36:00,"[332.0, 154]","[330.0, 22]","[342.0, 44]","[343.96, 23]",337.0,243,10.0,0.45
07:36:01,"[332.25, 80]","[331.87, 150]","[339.53, 60]","[344.64, 22]",335.89,312,7.28,0.47
07:36:02,"[334.0, 8]","[332.0, 112]","[338.8, 30]","[342.6, 20]",336.4,170,4.8,0.41
07:36:03,"[334.0, 9]","[332.0, 126]","[338.0, 27]","[339.0, 36]",336.0,198,4.0,0.36
07:36:04,"[332.49, 37]","[331.94, 130]","[335.56, 41]","[337.82, 34]",334.02,242,3.07,0.38
07:36:05,"[332.0, 116]","[330.0, 18]","[333.33, 36]","[345.11, 18]",332.67,188,1.33,0.43
07:36:06,"[332.0, 32]","[330.0, 8]","[346.0, 8]","[350.0, 4]",339.0,52,14.0,0.54
07:36:07,"[333.02, 65]","[331.83, 96]","[346.0, 30]","[350.0, 15]",339.51,206,12.98,0.56
07:36:08,"[334.0, 39]","[332.0, 104]","[344.94, 16]","[347.74, 23]",339.47,182,10.94,0.57
07:36:09,"[334.0, 36]","[332.0, 96]","[342.67, 12]","[348.0, 24]",338.33,168,8.67,0.57
07:36:10,"[334.0, 31]","[332.0, 136]","[340.47, 17]","[348.94, 34]",337.24,218,6.47,0.53
07:36:11,"[334.0, 10]","[332.0, 80]","[339.3, 10]","[343.64, 44]",336.65,144,5.3,0.25
07:36:12,"[332.55, 29]","[329.61, 46]","[337.76, 17]","[349.56, 32]",335.16,124,5.21,0.21
07:36:13,"[331.82, 17]","[329.33, 18]","[337.0, 7]","[349.29, 7]",334.41,49,5.18,0.43
07:36:14,"[329.0, 41]","[328.0, 66]","[336.82, 11]","[349.0, 11]",332.91,129,7.82,0.66
07:36:15,"[328.25, 48]","[325.39, 69]","[334.73, 15]","[343.43, 37]",331.49,169,6.48,0.38
07:36:16,"[328.0, 33]","[324.0, 45]","[329.45, 11]","[331.13, 23]",328.73,112,1.45,0.39
07:36:17,"[328.0, 9]","[324.0, 45]","[335.11, 9]","[344.8, 15]",331.56,78,7.11,0.38
07:36:18,"[329.0, 80]","[328.0, 16]","[340.21, 42]","[342.19, 16]",334.61,154,11.21,0.25
07:36:19,"[329.05, 58]","[328.58, 26]","[338.0, 42]","[342.0, 19]",333.53,145,8.95,0.16
07:36:20,"[330.0, 15]","[329.0, 75]","[335.92, 39]","[339.56, 63]",332.96,192,5.92,-0.06
07:36:21,"[331.33, 60]","[329.31, 36]","[334.7, 20]","[335.95, 44]",333.02,160,3.37,0.2
07:36:22,"[330.28, 58]","[323.0, 37]","[333.41, 51]","[335.0, 17]",331.84,163,3.14,0.17
07:36:23,"[327.76, 41]","[321.48, 25]","[332.16, 19]","[333.04, 49]",329.96,134,4.4,-0.01
07:36:24,"[328.0, 14]","[318.92, 13]","[332.82, 11]","[337.2, 15]",330.41,53,4.82,0.02
07:36:25,"[328.0, 14]","[318.0, 35]","[333.0, 21]","[340.0, 21]",330.5,91,5.0,0.08
07:36:26,"[326.28, 29]","[317.95, 63]","[331.5, 38]","[339.44, 48]",328.89,178,5.22,0.03
07:36:27,"[318.92, 61]","[317.27, 70]","[329.27, 45]","[340.0, 60]",324.09,236,10.35,0.11
07:36:28,"[318.67, 87]","[315.58, 96]","[326.33, 54]","[336.0, 54]",322.5,291,7.67,0.26
07:36:29,"[316.0, 71]","[309.63, 38]","[319.82, 17]","[323.62, 39]",317.91,165,3.82,0.32
07:36:30,"[316.0, 16]","[312.0, 40]","[317.0, 8]","[321.0, 24]",316.5,88,1.0,0.27
07:36:31,"[316.0, 10]","[312.0, 25]","[320.27, 11]","[327.0, 15]",318.14,61,4.27,0.15
07:36:32,"[316.0, 10]","[312.0, 25]","[321.0, 12]","[331.0, 15]",318.5,62,5.0,0.13
07:36:33,"[316.0, 14]","[312.0, 35]","[321.0, 14]","[331.0, 21]",318.5,84,5.0,0.17
07:36:34,"[316.0, 16]","[308.3, 33]","[321.0, 16]","[331.0, 24]",318.5,89,5.0,0.1
07:36:35,"[316.1, 20]","[307.9, 20]","[321.0, 20]","[331.0, 30]",318.55,90,4.9,-0.11
07:36:36,"[318.62, 26]","[310.18, 34]","[321.0, 26]","[331.0, 39]",319.81,125,2.38,-0.04
07:36:37,"[319.0, 14]","[307.0, 14]","[320.21, 19]","[324.75, 16]",319.61,63,1.21,-0.11
07:36:38,"[320.86, 28]","[305.64, 50]","[328.94, 34]","[331.0, 24]",324.9,136,8.08,0.15
07:36:39,"[333.0, 14]","[319.1, 73]","[334.79, 42]","[336.0, 14]",333.89,143,1.79,0.22
07:36:40,"[330.5, 42]","[326.08, 97]","[334.74, 35]","[335.64, 14]",332.62,188,4.24,0.48
07:36:41,"[324.34, 94]","[310.18, 68]","[331.0, 17]","[333.7, 47]",327.67,226,6.66,0.43
07:36:42,"[312.2, 40]","[309.67, 48]","[322.25, 12]","[331.56, 18]",317.23,118,10.05,0.49
07:36:43,"[311.0, 48]","[307.74, 46]","[321.0, 12]","[326.0, 12]",316.0,118,10.0,0.59
07:36:44,"[307.8, 120]","[305.8, 60]","[330.56, 32]","[493.54, 24]",319.18,236,22.76,0.53
07:36:45,"[320.76, 25]","[318.36, 50]","[333.0, 40]","[513.46, 26]",326.88,141,12.24,0.06
07:36:46,"[329.0, 12]","[311.0, 12]","[333.0, 48]","[429.77, 44]",331.0,116,4.0,-0.59
07:36:47,"[329.0, 10]","[311.0, 10]","[333.0, 40]","[498.38, 29]",331.0,89,4.0,-0.55
07:36:48,"[329.81, 26]","[317.75, 8]","[333.0, 32]","[377.15, 33]",331.4,99,3.19,-0.31
07:36:49,"[330.36, 77]","[329.0, 11]","[333.0, 44]","[372.67, 24]",331.68,156,2.64,0.13
07:36:50,"[331.73, 64]","[329.32, 19]","[342.45, 40]","[411.79, 29]",337.09,152,10.72,0.09
07:36:51,"[328.0, 38]","[324.53, 43]","[418.16, 49]","[478.38, 29]",373.08,159,90.16,0.02
07:36:52,"[326.58, 48]","[324.0, 72]","[477.45, 44]","[508.07, 28]",402.02,192,150.87,0.25
07:36:53,"[327.89, 36]","[324.0, 54]","[364.96, 27]","[397.46, 37]",346.43,154,37.07,0.17
07:36:54,"[328.97, 111]","[325.0, 24]","[333.0, 9]","[336.0, 27]",330.99,171,4.03,0.58
07:36:55,"[329.0, 248]","[328.56, 32]","[333.68, 19]","[344.9, 49]",331.34,348,4.68,0.61
07:36:56,"[329.93, 166]","[329.83, 128]","[338.28, 72]","[387.35, 88]",334.1,454,8.35,0.3
07:36:57,"[330.3, 54]","[329.68, 31]","[335.43, 35]","[337.0, 21]",332.86,141,5.13,0.21
07:36:58,"[330.0, 110]","[328.0, 11]","[333.39, 49]","[334.62, 39]",331.69,209,3.39,0.16
07:36:59,"[330.0, 50]","[328.0, 5]","[333.0, 25]","[334.0, 15]",331.5,95,3.0,0.16
07:37:00,"[330.0, 80]","[328.0, 8]","[332.93, 28]","[334.0, 24]",331.46,140,2.93,0.26
07:37:01,"[330.0, 70]","[328.0, 10]","[336.29, 28]","[364.45, 29]",333.14,137,6.29,0.17
07:37:02,"[331.76, 17]","[329.97, 71]","[339.57, 35]","[340.6, 40]",335.67,163,7.81,0.08
07:37:03,"[333.0, 8]","[330.0, 56]","[337.38, 32]","[339.0, 24]",335.19,120,4.38,0.07
07:37:04,"[330.08, 37]","[328.88, 16]","[335.42, 36]","[336.65, 34]",332.75,123,5.34,-0.14
07:37:05,"[329.64, 28]","[327.06, 16]","[331.32, 63]","[341.88, 59]",330.48,166,1.67,-0.47
07:37:06,"[320.0, 51]","[319.0, 60]","[331.0, 21]","[353.22, 27]",325.5,159,11.0,0.4
07:37:07,"[320.0, 24]","[319.0, 48]","[345.0, 20]","[383.55, 22]",332.5,114,25.0,0.26
07:37:08,"[320.0, 27]","[319.0, 54]","[347.0, 27]","[471.1, 20]",333.5,128,27.0,0.27
07:37:09,"[321.64, 28]","[319.92, 25]","[346.0, 40]","[347.0, 24]",333.82,117,24.36,-0.09
07:37:10,"[324.06, 34]","[323.2, 40]","[345.59, 39]","[346.32, 38]",334.82,151,21.53,-0.02
07:37:11,"[325.0, 46]","[324.0, 78]","[341.31, 65]","[342.92, 26]",333.15,215,16.31,0.15
07:37:12,"[325.6, 40]","[324.34, 58]","[339.65, 72]","[343.13, 30]",332.63,200,14.05,-0.02
07:37:13,"[329.46, 74]","[328.48, 80]","[337.25, 80]","[340.0, 32]",333.35,266,7.79,0.16
07:37:14,"[332.26, 78]","[329.26, 92]","[335.0, 80]","[339.62, 32]",333.63,282,2.74,0.21
07:37:15,"[332.73, 22]","[329.2, 60]","[337.22, 23]","[345.75, 24]",334.97,129,4.49,0.27
07:37:16,"[332.0, 26]","[329.0, 104]","[337.38, 13]","[339.0, 26]",334.69,169,5.38,0.54
07:37:17,"[332.0, 24]","[329.0, 96]","[335.08, 39]","[338.13, 15]",333.54,174,3.08,0.38
07:37:18,"[332.0, 18]","[329.17, 48]","[336.0, 9]","[343.0, 18]",334.0,93,4.0,0.42
07:37:19,"[332.0, 20]","[330.0, 20]","[335.4, 10]","[343.0, 20]",333.7,70,3.4,0.14
07:37:20,"[332.0, 18]","[330.0, 18]","[334.22, 9]","[342.67, 18]",333.11,63,2.22,0.14
07:37:21,"[331.2, 20]","[329.75, 64]","[334.0, 14]","[342.0, 28]",332.6,126,2.8,0.33
07:37:22,"[329.11, 72]","[328.67, 48]","[334.31, 13]","[342.42, 24]",331.71,157,5.2,0.53
07:37:23,"[329.45, 44]","[328.87, 46]","[341.5, 16]","[346.25, 16]",335.48,122,12.05,0.48
07:37:24,"[330.0, 32]","[329.0, 64]","[341.0, 16]","[346.0, 16]",335.5,128,11.0,0.5
07:37:25,"[330.0, 28]","[329.0, 56]","[340.71, 14]","[344.71, 14]",335.36,112,10.71,0.5
07:37:26,"[330.0, 40]","[329.0, 38]","[339.3, 20]","[341.0, 20]",334.65,118,9.3,0.32
07:37:27,"[332.6, 89]","[329.96, 92]","[339.0, 36]","[343.31, 26]",335.8,243,6.4,0.49
07:37:28,"[335.0, 18]","[333.0, 63]","[338.2, 20]","[340.33, 18]",336.6,119,3.2,0.36
07:37:29,"[333.86, 37]","[332.47, 68]","[338.82, 22]","[343.73, 22]",336.34,149,4.95,0.41
07:37:30,"[333.0, 21]","[330.0, 12]","[345.0, 6]","[351.71, 7]",339.0,46,12.0,0.43
07:37:31,"[333.0, 98]","[330.0, 56]","[343.43, 49]","[476.98, 49]",338.21,252,10.43,0.22
07:37:32,"[333.0, 47]","[330.0, 28]","[341.33, 30]","[342.55, 29]",337.17,134,8.33,0.12
07:37:33,"[333.0, 84]","[330.0, 56]","[340.71, 56]","[342.57, 74]",336.86,270,7.71,0.04
07:37:34,"[333.0, 40]","[330.0, 40]","[339.1, 40]","[344.2, 35]",336.05,155,6.1,0.03
07:37:35,"[333.84, 122]","[331.64, 44]","[337.0, 44]","[344.63, 43]",335.42,253,3.16,0.31
07:37:36,"[333.0, 34]","[330.0, 44]","[336.58, 48]","[342.49, 51]",334.79,177,3.58,-0.12
07:37:37,"[331.53, 30]","[329.61, 46]","[336.72, 75]","[349.32, 84]",334.13,235,5.19,-0.35
07:37:38,"[325.57, 35]","[325.0, 10]","[346.0, 50]","[436.52, 31]",335.79,126,20.43,-0.29
07:37:39,"[330.14, 56]","[325.73, 71]","[345.68, 76]","[408.02, 88]",337.91,291,15.54,-0.13
07:37:40,"[327.58, 72]","[322.03, 29]","[344.14, 42]","[346.0, 56]",335.86,199,16.56,0.02
07:37:41,"[327.08, 65]","[321.78, 46]","[343.0, 33]","[345.64, 44]",335.04,188,15.92,0.18
07:37:42,"[329.06, 96]","[327.56, 81]","[340.0, 45]","[343.27, 60]",334.53,282,10.94,0.26
07:37:43,"[331.24, 117]","[330.22, 111]","[335.7, 46]","[336.57, 49]",333.47,323,4.46,0.41
07:37:44,"[330.09, 35]","[326.8, 30]","[333.57, 21]","[335.5, 24]",331.83,110,3.49,0.18
07:37:45,"[328.97, 35]","[325.18, 33]","[335.4, 25]","[340.78, 41]",332.19,134,6.43,0.01
07:37:46,"[332.38, 24]","[325.35, 20]","[343.44, 18]","[344.95, 42]",337.91,104,11.07,-0.15
07:37:47,"[328.47, 19]","[324.13, 31]","[341.21, 47]","[343.26, 27]",334.84,124,12.74,-0.19
07:37:48,"[324.0, 45]","[322.2, 50]","[340.45, 51]","[342.14, 73]",332.23,219,16.45,-0.13
07:37:49,"[325.44, 36]","[324.3, 81]","[335.43, 63]","[338.74, 81]",330.44,261,9.98,-0.1
07:37:50,"[328.61, 28]","[325.43, 40]","[330.7, 47]","[339.05, 76]",329.65,191,2.09,-0.29
07:37:51,"[328.0, 8]","[320.05, 22]","[329.25, 16]","[342.09, 55]",328.62,101,1.25,-0.41
07:37:52,"[329.4, 25]","[321.68, 19]","[339.77, 39]","[343.33, 45]",334.58,128,10.37,-0.31
07:37:53,"[330.0, 50]","[328.0, 10]","[341.0, 50]","[344.0, 50]",335.5,160,11.0,-0.25
07:37:54,"[332.87, 113]","[329.98, 91]","[340.15, 85]","[342.42, 95]",336.51,384,7.29,0.06
07:37:55,"[333.0, 66]","[330.0, 55]","[337.91, 44]","[339.29, 35]",335.45,200,4.91,0.21
07:37:56,"[333.0, 84]","[330.0, 70]","[336.36, 56]","[341.38, 63]",334.68,273,3.36,0.13
07:37:57,"[330.82, 11]","[329.21, 71]","[336.0, 44]","[344.0, 60]",333.41,186,5.18,-0.12
07:37:58,"[328.91, 11]","[324.68, 25]","[335.0, 44]","[343.55, 55]",331.95,135,6.09,-0.47
07:37:59,"[327.0, 9]","[320.0, 27]","[332.78, 36]","[345.0, 45]",329.89,117,5.78,-0.38
07:38:00,"[327.0, 9]","[320.0, 27]","[332.0, 28]","[344.56, 45]",329.5,109,5.0,-0.34
07:38:01,"[321.86, 14]","[266.02, 55]","[331.82, 38]","[343.61, 46]",326.84,153,9.96,-0.1
07:38:02,"[333.0, 32]","[264.67, 18]","[338.12, 32]","[343.76, 58]",335.56,140,5.12,-0.29
07:38:03,"[334.0, 21]","[318.0, 7]","[338.0, 32]","[343.0, 35]",336.0,95,4.0,-0.41
07:38:04,"[334.0, 29]","[319.09, 22]","[338.0, 11]","[343.0, 55]",336.0,117,4.0,-0.13
07:38:05,"[321.32, 53]","[319.82, 66]","[336.73, 11]","[341.05, 19]",329.02,149,15.41,0.6
07:38:06,"[320.26, 140]","[319.49, 45]","[335.18, 17]","[338.88, 17]",327.72,219,14.92,0.69
07:38:07,"[321.02, 99]","[319.46, 121]","[333.86, 14]","[337.64, 14]",327.44,248,12.84,0.77
07:38:08,"[324.29, 112]","[323.45, 44]","[332.88, 16]","[337.0, 16]",328.58,188,8.59,0.66
07:38:09,"[324.0, 104]","[322.0, 13]","[331.23, 13]","[341.05, 37]",327.62,167,7.23,0.4
07:38:10,"[324.83, 138]","[322.69, 32]","[347.41, 34]","[377.42, 72]",336.12,276,22.59,0.23
07:38:11,"[330.47, 87]","[327.61, 69]","[349.98, 58]","[446.64, 14]",340.23,228,19.51,0.37
07:38:12,"[331.02, 98]","[329.24, 68]","[337.0, 65]","[345.59, 49]",334.01,280,5.98,0.19
07:38:13,"[331.0, 88]","[329.0, 65]","[336.62, 65]","[340.08, 65]",333.81,283,5.62,0.08
07:38:14,"[331.0, 27]","[329.0, 60]","[335.83, 60]","[337.0, 60]",333.42,207,4.83,-0.16
07:38:15,"[330.48, 21]","[323.33, 36]","[335.61, 76]","[341.44, 106]",333.04,239,5.13,-0.52
07:38:16,"[329.0, 20]","[320.0, 72]","[334.22, 27]","[340.36, 44]",331.61,163,5.22,0.13
07:38:17,"[329.0, 26]","[319.2, 80]","[331.53, 19]","[333.08, 62]",330.26,187,2.53,0.13
07:38:18,"[318.57, 56]","[317.73, 22]","[332.0, 8]","[343.0, 40]",325.29,126,13.43,0.24
07:38:19,"[318.47, 15]","[317.28, 57]","[332.0, 8]","[343.0, 40]",325.23,120,13.53,0.2
07:38:20,"[319.0, 15]","[317.12, 118]","[325.0, 15]","[333.05, 19]",322.0,167,6.0,0.59
07:38:21,"[319.93, 43]","[317.59, 34]","[337.63, 41]","[339.63, 41]",328.78,159,17.7,-0.03
07:38:22,"[330.68, 37]","[325.19, 43]","[339.0, 70]","[341.0, 70]",334.84,220,8.32,-0.27
07:38:23,"[333.0, 36]","[331.0, 24]","[337.33, 60]","[339.92, 60]",335.17,180,4.33,-0.33
07:38:24,"[329.71, 17]","[328.53, 34]","[337.0, 50]","[340.0, 50]",333.35,151,7.29,-0.32
07:38:25,"[329.0, 18]","[328.0, 36]","[337.0, 45]","[340.0, 45]",333.0,144,8.0,-0.25
07:38:26,"[329.0, 18]","[328.0, 36]","[337.0, 45]","[340.0, 45]",333.0,144,8.0,-0.25
07:38:27,"[329.0, 46]","[328.0, 48]","[336.83, 48]","[339.0, 60]",332.92,202,7.83,-0.07
07:38:28,"[329.0, 40]","[328.0, 40]","[336.0, 20]","[337.0, 50]",332.5,150,7.0,0.07
07:38:29,"[329.29, 34]","[328.25, 32]","[335.5, 16]","[337.0, 40]",332.4,122,6.21,0.08
07:38:30,"[330.83, 90]","[329.0, 72]","[332.78, 36]","[337.0, 90]",331.81,288,1.94,0.12
07:38:31,"[329.59, 34]","[328.25, 32]","[339.06, 34]","[346.12, 24]",334.32,124,9.47,0.06
07:38:32,"[331.08, 39]","[329.0, 52]","[340.0, 65]","[344.15, 47]",335.54,203,8.92,-0.1
07:38:33,"[332.6, 30]","[329.0, 40]","[340.0, 50]","[343.0, 50]",336.3,170,7.4,-0.18
07:38:34,"[333.63, 19]","[329.0, 36]","[340.0, 45]","[343.0, 45]",336.82,145,6.37,-0.24
07:38:35,"[334.25, 53]","[333.55, 226]","[338.83, 23]","[340.4, 75]",336.54,377,4.58,0.48
07:38:36,"[334.0, 240]","[331.0, 84]","[343.91, 69]","[362.51, 57]",338.96,450,9.91,0.44
07:38:37,"[334.0, 116]","[331.53, 38]","[345.0, 30]","[346.0, 18]",339.5,202,11.0,0.52
07:38:38,"[334.0, 247]","[333.0, 65]","[343.48, 29]","[345.05, 63]",338.74,404,9.48,0.54
07:38:39,"[334.0, 209]","[333.0, 55]","[342.0, 22]","[345.0, 55]",338.0,341,8.0,0.55
07:38:40,"[334.0, 299]","[333.0, 85]","[337.21, 56]","[341.62, 52]",335.61,492,3.21,0.56
07:38:41,"[334.0, 143]","[333.0, 65]","[335.0, 52]","[346.0, 83]",334.5,343,1.0,0.21
07:38:42,"[334.0, 35]","[333.0, 25]","[335.0, 20]","[346.0, 35]",334.5,115,1.0,0.04
07:38:43,"[334.0, 42]","[333.0, 30]","[335.0, 24]","[346.0, 42]",334.5,138,1.0,0.04
07:38:44,"[334.0, 94]","[333.0, 85]","[345.04, 96]","[348.03, 71]",339.52,346,11.04,0.03
07:38:45,"[334.0, 20]","[333.0, 50]","[345.0, 34]","[346.0, 56]",339.5,160,11.0,-0.12
07:38:46,"[334.0, 9]","[333.0, 25]","[344.33, 12]","[345.38, 13]",339.17,59,10.33,0.15
07:38:47,"[334.0, 12]","[333.0, 60]","[343.33, 24]","[345.0, 24]",338.67,120,9.33,0.2
07:38:48,"[333.09, 11]","[331.53, 19]","[343.0, 6]","[345.0, 6]",338.05,42,9.91,0.43
07:38:49,"[334.33, 45]","[332.41, 71]","[342.46, 26]","[345.69, 26]",338.4,168,8.13,0.38
07:38:50,"[335.0, 51]","[333.0, 85]","[340.0, 34]","[346.0, 64]",337.5,234,5.0,0.16
07:38:51,"[335.0, 24]","[333.0, 40]","[336.86, 14]","[344.71, 28]",335.93,106,1.86,0.21
07:38:52,"[335.0, 20]","[333.0, 45]","[336.88, 16]","[344.56, 25]",335.94,106,1.88,0.23
07:38:53,"[335.0, 24]","[333.0, 60]","[336.33, 24]","[347.0, 36]",335.67,144,1.33,0.17
07:38:54,"[335.0, 14]","[333.0, 60]","[336.0, 24]","[346.85, 34]",335.5,132,1.0,0.12
07:38:55,"[332.93, 28]","[332.09, 53]","[338.5, 16]","[346.57, 14]",335.71,111,5.57,0.46
07:38:56,"[332.21, 53]","[330.82, 34]","[346.0, 7]","[347.0, 14]",339.1,108,13.79,0.61
07:38:57,"[333.0, 80]","[331.0, 70]","[344.7, 10]","[345.92, 12]",338.85,172,11.7,0.74
07:38:58,"[332.06, 66]","[330.9, 78]","[343.57, 14]","[344.57, 14]",337.82,172,11.51,0.67
07:38:59,"[331.12, 64]","[330.64, 44]","[341.17, 12]","[343.0, 12]",336.15,132,10.04,0.64
07:39:00,"[330.29, 48]","[327.33, 36]","[335.86, 14]","[338.3, 10]",333.07,108,5.57,0.56
07:39:01,"[330.0, 51]","[327.19, 64]","[332.27, 67]","[335.46, 26]",331.13,208,2.27,0.11
07:39:02,"[329.11, 18]","[327.88, 68]","[332.76, 51]","[343.4, 30]",330.94,167,3.65,0.03
07:39:03,"[332.07, 58]","[328.7, 54]","[339.77, 65]","[341.54, 26]",335.92,203,7.7,0.1
07:39:04,"[334.0, 27]","[333.0, 45]","[338.11, 45]","[339.14, 42]",336.06,159,4.11,-0.09
07:39:05,"[334.0, 30]","[333.0, 50]","[337.7, 50]","[338.7, 50]",335.85,180,3.7,-0.11
07:39:06,"[331.43, 60]","[330.01, 75]","[336.35, 85]","[339.73, 55]",333.89,275,4.92,-0.02
07:39:07,"[328.0, 33]","[327.0, 44]","[334.84, 43]","[338.71, 34]",331.42,154,6.84,0.0
07:39:08,"[328.0, 36]","[327.0, 48]","[331.83, 60]","[333.0, 24]",329.92,168,3.83,0.0
07:39:09,"[328.0, 24]","[327.0, 32]","[330.71, 28]","[331.57, 28]",329.36,112,2.71,0.0
07:39:10,"[328.0, 39]","[327.0, 52]","[329.62, 26]","[331.0, 65]",328.81,182,1.62,0.0
07:39:11,"[327.9, 40]","[326.94, 51]","[329.0, 26]","[331.0, 65]",328.45,182,1.1,0.0
07:39:12,"[327.0, 32]","[326.0, 27]","[328.17, 36]","[331.4, 25]",327.58,120,1.17,-0.02
07:39:13,"[327.0, 16]","[324.72, 25]","[328.0, 40]","[342.0, 8]",327.5,89,1.0,-0.08
07:39:14,"[325.5, 16]","[323.07, 30]","[329.27, 22]","[344.0, 8]",327.39,76,3.77,0.21
07:39:15,"[331.08, 61]","[326.99, 82]","[340.5, 34]","[343.0, 18]",335.79,195,9.42,0.47
07:39:16,"[333.22, 18]","[331.0, 126]","[338.22, 59]","[339.58, 50]",335.72,253,5.0,0.14
07:39:17,"[331.14, 58]","[329.5, 28]","[335.12, 48]","[336.31, 48]",333.13,182,3.99,-0.05
07:39:18,"[331.0, 41]","[328.53, 19]","[332.82, 33]","[335.09, 34]",331.91,127,1.82,-0.06
07:39:19,"[329.85, 13]","[327.44, 18]","[336.7, 40]","[344.35, 46]",333.27,117,6.85,-0.47
07:39:20,"[328.0, 9]","[327.0, 18]","[342.88, 48]","[344.23, 39]",335.44,114,14.88,-0.53
07:39:21,"[328.38, 8]","[327.23, 13]","[341.0, 40]","[342.0, 16]",334.69,77,12.62,-0.45
07:39:22,"[329.0, 10]","[328.0, 10]","[340.5, 50]","[342.41, 27]",334.75,97,11.5,-0.59
07:39:23,"[331.63, 41]","[328.71, 17]","[340.0, 119]","[345.21, 19]",335.82,196,8.37,-0.41
07:39:24,"[333.0, 17]","[332.0, 36]","[339.1, 40]","[340.42, 48]",336.05,141,6.1,-0.25
07:39:25,"[333.93, 15]","[332.0, 45]","[337.48, 42]","[338.13, 63]",335.7,165,3.54,-0.27
07:39:26,"[333.47, 15]","[331.68, 37]","[335.61, 72]","[337.15, 33]",334.54,157,2.14,-0.34
07:39:27,"[331.2, 15]","[328.16, 19]","[333.74, 57]","[339.17, 48]",332.47,139,2.54,-0.51
07:39:28,"[329.0, 14]","[327.0, 29]","[331.64, 47]","[333.0, 48]",330.32,138,2.64,-0.38
07:39:29,"[328.14, 14]","[326.6, 40]","[330.45, 44]","[332.1, 40]",329.3,138,2.31,-0.22
07:39:30,"[326.6, 60]","[325.21, 114]","[329.3, 69]","[331.09, 55]",327.95,298,2.7,0.17
07:39:31,"[324.7, 92]","[320.89, 74]","[327.53, 75]","[333.87, 75]",326.11,316,2.84,0.05
07:39:32,"[321.0, 60]","[320.0, 20]","[326.45, 22]","[329.6, 50]",323.73,152,5.45,0.05
07:39:33,"[321.0, 90]","[320.0, 30]","[324.67, 15]","[327.0, 75]",322.83,210,3.67,0.14
07:39:34,"[321.0, 58]","[320.0, 26]","[322.85, 41]","[330.76, 37]",321.93,162,1.85,0.04
07:39:35,"[317.37, 68]","[313.06, 47]","[335.95, 43]","[339.29, 63]",326.66,221,18.59,0.04
07:39:36,"[328.86, 49]","[321.71, 129]","[337.0, 60]","[340.0, 72]",332.93,310,8.14,0.15
07:39:37,"[329.54, 61]","[328.05, 132]","[337.0, 80]","[339.86, 84]",333.27,357,7.46,0.08
07:39:38,"[329.0, 90]","[326.0, 54]","[337.0, 45]","[339.0, 27]",333.0,216,8.0,0.33
07:39:39,"[329.0, 110]","[326.0, 66]","[337.0, 55]","[339.0, 33]",333.0,264,8.0,0.33
07:39:40,"[329.0, 70]","[326.0, 42]","[337.0, 35]","[339.0, 21]",333.0,168,8.0,0.33
07:39:41,"[329.0, 93]","[326.0, 60]","[337.0, 50]","[339.0, 30]",333.0,233,8.0,0.31
07:39:42,"[329.0, 117]","[326.14, 58]","[337.0, 65]","[339.0, 39]",333.0,279,8.0,0.25
07:39:43,"[329.0, 81]","[328.0, 9]","[337.0, 45]","[339.0, 27]",333.0,162,8.0,0.11
07:39:44,"[327.59, 58]","[326.13, 45]","[337.0, 50]","[339.0, 30]",332.29,183,9.41,0.13
07:39:45,"[327.0, 40]","[326.0, 60]","[337.0, 50]","[339.0, 30]",332.0,180,10.0,0.11
07:39:46,"[327.0, 40]","[326.0, 60]","[334.91, 43]","[337.62, 34]",330.95,177,7.91,0.13
07:39:47,"[327.26, 46]","[326.17, 72]","[335.4, 40]","[337.73, 41]",331.33,199,8.14,0.19
07:39:48,"[327.0, 20]","[326.0, 30]","[336.0, 15]","[338.0, 15]",331.5,80,9.0,0.25
07:39:49,"[327.0, 68]","[326.0, 102]","[336.0, 51]","[338.0, 51]",331.5,272,9.0,0.25
07:39:50,"[327.2, 41]","[325.75, 72]","[334.58, 50]","[335.7, 47]",330.89,210,7.38,0.08
07:39:51,"[327.0, 57]","[322.74, 186]","[331.94, 62]","[334.37, 71]",329.47,376,4.94,0.29
07:39:52,"[325.0, 50]","[321.8, 50]","[328.95, 59]","[334.21, 47]",326.97,206,3.95,-0.03
07:39:53,"[322.69, 52]","[321.86, 56]","[327.56, 43]","[335.88, 43]",325.13,194,4.87,0.11
07:39:54,"[323.47, 17]","[322.67, 36]","[326.29, 21]","[333.26, 23]",324.88,97,2.82,0.09
07:39:55,"[320.27, 37]","[319.3, 27]","[330.82, 33]","[332.91, 33]",325.54,130,10.55,-0.02
07:39:56,"[331.7, 50]","[325.38, 37]","[335.62, 48]","[340.0, 36]",333.66,171,3.93,0.02
07:39:57,"[332.0, 30]","[331.0, 18]","[336.0, 30]","[342.0, 24]",334.0,102,4.0,-0.06
07:39:58,"[333.25, 40]","[331.0, 24]","[336.0, 40]","[342.0, 32]",334.62,136,2.75,-0.06
07:39:59,"[334.0, 40]","[331.0, 24]","[336.0, 40]","[342.0, 32]",335.0,136,2.0,-0.06
07:40:00,"[334.0, 55]","[331.0, 33]","[336.0, 55]","[342.0, 44]",335.0,187,2.0,-0.06
07:40:01,"[334.0, 50]","[331.0, 30]","[336.0, 40]","[342.0, 40]",335.0,160,2.0,0.0
07:40:02,"[333.02, 63]","[331.56, 54]","[336.0, 33]","[342.0, 44]",334.51,194,2.98,0.21
07:40:03,"[332.0, 90]","[331.0, 27]","[334.82, 22]","[336.33, 27]",333.41,166,2.82,0.41
07:40:04,"[332.0, 120]","[331.0, 36]","[336.0, 36]","[338.0, 36]",334.0,228,4.0,0.37
07:40:05,"[332.0, 82]","[331.0, 27]","[336.0, 27]","[338.0, 27]",334.0,163,4.0,0.34
07:40:06,"[332.0, 36]","[331.0, 27]","[336.0, 27]","[338.0, 27]",334.0,117,4.0,0.08
07:40:07,"[332.0, 24]","[331.0, 18]","[336.0, 18]","[338.0, 18]",334.0,78,4.0,0.08
07:40:08,"[332.0, 24]","[331.0, 18]","[336.0, 18]","[338.0, 18]",334.0,78,4.0,0.08
07:40:09,"[332.0, 24]","[331.0, 18]","[336.0, 18]","[338.0, 18]",334.0,78,4.0,0.08
07:40:10,"[332.0, 44]","[331.0, 43]","[336.0, 33]","[338.0, 33]",334.0,153,4.0,0.14
07:40:11,"[331.58, 31]","[328.97, 62]","[336.0, 33]","[338.0, 33]",333.79,159,4.42,0.17
07:40:12,"[329.24, 34]","[327.61, 61]","[336.0, 33]","[338.0, 33]",332.62,161,6.76,0.18
07:40:13,"[328.0, 35]","[326.0, 21]","[338.9, 29]","[340.78, 23]",333.45,108,10.9,0.04
07:40:14,"[329.08, 39]","[327.4, 50]","[341.49, 78]","[427.88, 51]",335.28,218,12.41,-0.18
07:40:15,"[331.0, 32]","[328.0, 80]","[337.0, 64]","[341.38, 52]",334.0,228,6.0,-0.02
07:40:16,"[331.0, 22]","[328.0, 139]","[337.0, 44]","[340.0, 22]",334.0,227,6.0,0.42
07:40:17,"[328.0, 140]","[326.0, 30]","[336.17, 48]","[338.62, 26]",332.08,244,8.17,0.39
07:40:18,"[328.0, 168]","[326.0, 36]","[334.67, 60]","[338.82, 44]",331.33,308,6.67,0.32
07:40:19,"[328.0, 126]","[326.53, 47]","[333.33, 45]","[338.0, 36]",330.67,254,5.33,0.36
07:40:20,"[328.0, 168]","[327.0, 90]","[331.62, 40]","[335.0, 47]",329.81,345,3.62,0.5
07:40:21,"[328.0, 182]","[327.0, 78]","[329.0, 65]","[336.8, 25]",328.5,350,1.0,0.49
07:40:22,"[328.0, 142]","[327.0, 66]","[331.64, 50]","[340.88, 41]",329.82,299,3.64,0.39
07:40:23,"[328.0, 150]","[327.0, 90]","[338.8, 60]","[340.36, 58]",333.4,358,10.8,0.34
07:40:24,"[328.0, 94]","[327.0, 78]","[337.6, 50]","[339.91, 44]",332.8,266,9.6,0.29
07:40:25,"[328.0, 60]","[327.0, 84]","[334.5, 32]","[335.38, 52]",331.25,228,6.5,0.26
07:40:26,"[330.27, 52]","[327.84, 38]","[333.42, 48]","[334.74, 54]",331.84,192,3.15,-0.06
07:40:27,"[331.0, 114]","[327.29, 85]","[333.0, 52]","[338.63, 60]",332.0,311,2.0,0.28
07:40:28,"[331.0, 40]","[328.25, 32]","[333.0, 20]","[342.64, 22]",332.0,114,2.0,0.26
07:40:29,"[329.86, 37]","[328.49, 41]","[340.25, 24]","[343.95, 42]",335.06,144,10.39,0.08
07:40:30,"[329.0, 39]","[328.0, 39]","[343.77, 52]","[344.79, 76]",336.38,206,14.77,-0.24
07:40:31,"[328.86, 21]","[327.5, 36]","[341.78, 36]","[343.57, 56]",335.32,149,12.92,-0.23
07:40:32,"[331.78, 55]","[327.42, 31]","[340.44, 72]","[342.14, 84]",336.11,242,8.66,-0.29
07:40:33,"[332.0, 78]","[328.0, 17]","[338.24, 68]","[342.15, 177]",335.12,340,6.24,-0.44
07:40:34,"[332.0, 28]","[328.0, 8]","[336.94, 34]","[342.44, 86]",334.47,156,4.94,-0.54
07:40:35,"[332.0, 10]","[328.0, 10]","[335.39, 66]","[336.4, 40]",333.7,126,3.39,-0.68
07:40:36,"[327.15, 33]","[326.08, 25]","[333.91, 44]","[336.59, 37]",330.53,139,6.76,-0.17
07:40:37,"[327.0, 44]","[326.0, 33]","[332.73, 44]","[334.0, 55]",329.86,176,5.73,-0.12
07:40:38,"[327.0, 32]","[326.0, 24]","[331.85, 33]","[333.79, 39]",329.42,128,4.85,-0.12
07:40:39,"[326.78, 67]","[323.78, 54]","[329.55, 76]","[330.91, 86]",328.16,283,2.78,-0.14
07:40:40,"[324.55, 33]","[317.82, 33]","[327.11, 45]","[330.85, 54]",325.83,165,2.57,-0.2
07:40:41,"[318.0, 18]","[315.5, 32]","[333.15, 26]","[343.33, 30]",325.58,106,15.15,-0.06
07:40:42,"[322.92, 36]","[318.27, 44]","[340.32, 38]","[341.07, 59]",331.62,177,17.4,-0.1
07:40:43,"[318.88, 24]","[317.09, 35]","[338.0, 20]","[340.0, 50]",328.44,129,19.12,-0.09
07:40:44,"[319.0, 11]","[318.0, 33]","[337.87, 47]","[341.0, 55]",328.44,146,18.87,-0.4
07:40:45,"[320.92, 25]","[318.73, 11]","[335.44, 18]","[338.0, 45]",328.18,99,14.52,-0.27
07:40:46,"[323.27, 52]","[321.94, 102]","[329.21, 38]","[333.06, 62]",326.24,254,5.94,0.21
07:40:47,"[326.0, 36]","[317.82, 61]","[328.0, 36]","[333.0, 60]",327.0,193,2.0,0.01
07:40:48,"[327.04, 25]","[317.63, 57]","[332.73, 37]","[336.89, 45]",329.88,164,5.69,0.0
07:40:49,"[328.93, 15]","[327.6, 30]","[333.0, 60]","[338.0, 60]",330.97,165,4.07,-0.45
07:40:50,"[329.0, 7]","[328.0, 21]","[336.0, 35]","[379.76, 34]",332.5,97,7.0,-0.42
07:40:51,"[329.0, 10]","[328.0, 30]","[340.57, 14]","[407.57, 21]",334.79,75,11.57,0.07
07:40:52,"[328.25, 12]","[327.5, 12]","[338.0, 6]","[341.0, 6]",333.12,36,9.75,0.33
07:40:53,"[328.0, 11]","[326.0, 5]","[333.59, 17]","[339.2, 5]",330.79,38,5.59,-0.16
07:40:54,"[322.17, 12]","[322.62, 8]","[331.77, 26]","[333.45, 22]",326.97,68,9.6,-0.41
07:40:55,"[318.0, 63]","[317.0, 27]","[331.95, 37]","[338.02, 45]",324.97,172,13.95,0.05
07:40:56,"[317.94, 17]","[315.83, 18]","[338.0, 35]","[339.0, 7]",327.97,77,20.06,-0.09
07:40:57,"[319.0, 20]","[316.0, 42]","[337.96, 47]","[338.64, 14]",328.48,123,18.96,0.01
07:40:58,"[319.0, 26]","[316.0, 65]","[335.3, 40]","[336.9, 42]",327.15,173,16.3,0.05
07:40:59,"[319.0, 26]","[316.0, 41]","[331.96, 46]","[335.0, 26]",325.48,139,12.96,-0.04
07:41:00,"[319.0, 32]","[316.88, 138]","[333.3, 57]","[335.43, 75]",326.15,302,14.3,0.13
07:41:01,"[319.0, 24]","[317.0, 140]","[331.98, 45]","[333.47, 34]",325.49,243,12.98,0.35
07:41:02,"[319.0, 30]","[317.0, 45]","[322.27, 52]","[323.97, 79]",320.63,206,3.27,-0.27
07:41:03,"[319.0, 26]","[317.0, 39]","[321.0, 78]","[322.0, 65]",320.0,208,2.0,-0.38
07:41:04,"[319.0, 16]","[317.0, 24]","[321.0, 44]","[322.0, 40]",320.0,124,2.0,-0.35
07:41:05,"[318.09, 66]","[316.9, 40]","[321.38, 32]","[328.11, 37]",319.73,175,3.28,0.21
07:41:06,"[318.0, 80]","[317.0, 30]","[319.0, 20]","[320.0, 40]",318.5,170,1.0,0.29
07:41:07,"[317.54, 52]","[315.36, 28]","[319.75, 32]","[327.64, 44]",318.64,156,2.21,0.03
07:41:08,"[316.76, 33]","[315.4, 20]","[320.0, 32]","[334.0, 32]",318.38,117,3.24,-0.09
07:41:09,"[318.0, 96]","[314.31, 32]","[320.0, 56]","[334.0, 64]",319.0,248,2.0,0.03
07:41:10,"[317.94, 65]","[312.75, 24]","[322.95, 38]","[334.52, 46]",320.44,173,5.01,0.03
07:41:11,"[312.83, 18]","[311.88, 16]","[334.0, 32]","[338.0, 26]",323.42,92,21.17,-0.26
07:41:12,"[315.4, 20]","[312.5, 24]","[334.0, 60]","[338.0, 40]",324.7,144,18.6,-0.39
07:41:13,"[315.14, 42]","[312.14, 44]","[332.26, 31]","[334.57, 35]",323.7,152,17.12,0.13
07:41:14,"[319.0, 24]","[317.43, 42]","[331.0, 24]","[332.0, 12]",325.0,102,12.0,0.29
07:41:15,"[326.53, 34]","[317.73, 44]","[329.8, 30]","[331.24, 21]",328.16,129,3.27,0.21
07:41:16,"[327.4, 20]","[320.4, 40]","[329.85, 26]","[332.71, 14]",328.62,100,2.45,0.2
07:41:17,"[320.74, 54]","[315.43, 69]","[328.3, 20]","[334.96, 49]",324.52,192,7.56,0.28
07:41:18,"[321.3, 77]","[317.64, 44]","[327.0, 13]","[335.0, 39]",324.15,173,5.7,0.4
07:41:19,"[322.87, 105]","[316.0, 60]","[326.47, 15]","[335.0, 45]",324.67,225,3.6,0.47
07:41:20,"[323.0, 98]","[315.79, 56]","[325.07, 14]","[335.8, 30]",324.04,198,2.07,0.56
07:41:21,"[324.86, 72]","[321.62, 81]","[336.29, 51]","[337.78, 41]",330.58,245,11.43,0.25
07:41:22,"[328.05, 41]","[326.11, 76]","[337.0, 48]","[338.0, 32]",332.52,197,8.95,0.19
07:41:23,"[332.0, 14]","[327.71, 84]","[336.09, 66]","[337.1, 40]",334.05,204,4.09,-0.04
07:41:24,"[330.71, 14]","[328.69, 52]","[336.0, 50]","[337.0, 30]",333.36,146,5.29,-0.1
07:41:25,"[329.0, 60]","[325.0, 40]","[334.4, 100]","[337.84, 74]",331.7,274,5.4,-0.27
07:41:26,"[329.0, 21]","[325.0, 14]","[334.0, 35]","[338.0, 21]",331.5,91,5.0,-0.23
07:41:27,"[329.0, 24]","[325.0, 16]","[334.0, 40]","[338.0, 24]",331.5,104,5.0,-0.23
07:41:28,"[329.0, 33]","[325.29, 17]","[333.36, 55]","[338.0, 60]",331.18,165,4.36,-0.39
07:41:29,"[329.0, 42]","[326.0, 14]","[331.57, 70]","[338.0, 48]",330.29,174,2.57,-0.36
07:41:30,"[329.0, 33]","[326.0, 11]","[330.36, 55]","[340.0, 48]",329.68,147,1.36,-0.4
07:41:31,"[328.25, 20]","[325.33, 15]","[331.5, 30]","[339.98, 50]",329.88,115,3.25,-0.39
07:41:32,"[329.26, 43]","[325.3, 23]","[337.21, 38]","[338.74, 53]",333.23,157,7.95,-0.16
07:41:33,"[330.0, 40]","[326.0, 8]","[336.0, 16]","[337.9, 31]",333.0,95,6.0,0.01
07:41:34,"[325.56, 18]","[324.17, 24]","[334.33, 24]","[335.79, 28]",329.94,94,8.78,-0.11
07:41:35,"[328.34, 70]","[325.95, 58]","[333.8, 40]","[335.0, 40]",331.07,208,5.46,0.23
07:41:36,"[328.82, 22]","[326.95, 44]","[333.0, 26]","[335.94, 17]",330.91,109,4.18,0.21
07:41:37,"[331.0, 120]","[325.0, 32]","[332.06, 32]","[338.5, 16]",331.53,200,1.06,0.52
07:41:38,"[331.0, 72]","[327.57, 42]","[335.97, 29]","[339.43, 14]",333.48,157,4.97,0.45
07:41:39,"[331.0, 64]","[328.0, 76]","[336.57, 69]","[338.51, 39]",333.78,248,5.57,0.13
07:41:40,"[329.86, 21]","[327.79, 56]","[333.64, 53]","[335.35, 63]",331.75,193,3.78,-0.2
07:41:41,"[327.0, 42]","[321.43, 49]","[330.71, 70]","[338.22, 32]",328.86,193,3.71,-0.06
07:41:42,"[320.34, 47]","[316.41, 49]","[328.0, 20]","[329.14, 96]",324.17,212,7.66,-0.09
07:41:43,"[323.92, 13]","[316.26, 27]","[338.77, 13]","[342.95, 63]",331.35,116,14.85,-0.31
07:41:44,"[330.0, 16]","[325.5, 16]","[342.0, 16]","[343.0, 72]",336.0,120,12.0,-0.47
07:41:45,"[330.57, 14]","[327.5, 12]","[342.0, 12]","[343.0, 72]",336.29,110,11.43,-0.53
07:41:46,"[322.06, 78]","[319.78, 18]","[341.16, 19]","[342.69, 26]",331.61,141,19.09,0.36
07:41:47,"[322.0, 70]","[318.0, 10]","[339.5, 20]","[342.0, 10]",330.75,110,17.5,0.45
07:41:48,"[322.0, 77]","[318.0, 11]","[336.55, 22]","[342.0, 11]",329.27,121,14.55,0.45
07:41:49,"[322.0, 112]","[318.0, 16]","[333.6, 40]","[334.93, 54]",327.8,222,11.6,0.15
07:41:50,"[323.15, 67]","[321.9, 79]","[330.43, 42]","[331.89, 36]",326.79,224,7.28,0.3
07:41:51,"[326.27, 45]","[319.11, 97]","[329.0, 49]","[331.0, 30]",327.63,221,2.73,0.29
07:41:52,"[327.0, 31]","[318.46, 91]","[328.11, 27]","[329.11, 38]",327.56,187,1.11,0.3
07:41:53,"[318.09, 198]","[314.8, 30]","[328.14, 44]","[332.8, 59]",323.11,331,10.05,0.38
07:41:54,"[318.01, 127]","[315.46, 37]","[329.07, 28]","[334.1, 41]",323.54,233,11.06,0.41
07:41:55,"[317.0, 63]","[313.0, 72]","[321.8, 10]","[331.7, 33]",319.4,178,4.8,0.52
07:41:56,"[317.07, 123]","[313.8, 150]","[319.96, 46]","[320.5, 44]",318.51,363,2.88,0.5
07:41:57,"[318.0, 21]","[317.0, 52]","[319.0, 14]","[320.0, 28]",318.5,115,1.0,0.27
07:41:58,"[318.56, 27]","[315.84, 69]","[319.84, 25]","[320.93, 15]",319.2,136,1.28,0.41
07:41:59,"[317.8, 30]","[312.4, 94]","[320.15, 26]","[326.0, 16]",318.98,166,2.35,0.49
07:42:00,"[313.0, 12]","[311.0, 56]","[322.0, 4]","[330.0, 16]",317.5,88,9.0,0.55
07:42:01,"[313.62, 24]","[311.8, 105]","[331.26, 38]","[334.5, 48]",322.44,215,17.64,0.2
07:42:02,"[317.38, 24]","[314.52, 123]","[333.0, 72]","[339.0, 54]",325.19,273,15.62,0.08
07:42:03,"[318.98, 53]","[317.31, 52]","[331.73, 55]","[333.88, 40]",325.35,200,12.75,0.05
07:42:04,"[318.24, 51]","[317.38, 61]","[329.27, 55]","[330.51, 49]",323.75,216,11.04,0.04
07:42:05,"[321.25, 36]","[320.79, 28]","[328.86, 87]","[329.69, 65]",325.06,216,7.61,-0.41
07:42:06,"[324.23, 26]","[321.18, 44]","[326.18, 56]","[327.07, 91]",325.2,217,1.95,-0.35
07:42:07,"[325.0, 28]","[317.0, 46]","[326.5, 40]","[327.69, 58]",325.75,172,1.5,-0.14
07:42:08,"[325.33, 21]","[314.11, 63]","[327.0, 70]","[332.0, 28]",326.17,182,1.67,-0.08
07:42:09,"[326.0, 11]","[325.0, 22]","[327.88, 34]","[332.43, 28]",326.94,95,1.88,-0.31
07:42:10,"[326.84, 19]","[325.0, 30]","[332.0, 30]","[333.0, 60]",329.42,139,5.16,-0.29
07:42:11,"[327.09, 33]","[325.46, 26]","[331.96, 25]","[332.96, 50]",329.53,134,4.87,-0.12
07:42:12,"[327.55, 22]","[326.41, 34]","[330.1, 31]","[333.83, 48]",328.82,135,2.55,-0.17
07:42:13,"[326.25, 16]","[319.0, 25]","[328.75, 24]","[337.0, 24]",327.5,89,2.5,-0.08
07:42:14,"[325.16, 19]","[316.3, 46]","[328.0, 22]","[337.0, 41]",326.58,128,2.84,0.02
07:42:15,"[314.15, 62]","[313.89, 66]","[334.31, 49]","[338.17, 72]",324.23,249,20.16,0.03
07:42:16,"[321.83, 48]","[313.43, 56]","[337.0, 14]","[338.08, 39]",329.42,157,15.17,0.32
07:42:17,"[327.92, 52]","[314.6, 55]","[337.0, 13]","[338.0, 52]",332.46,172,9.08,0.24
07:42:18,"[316.8, 80]","[312.96, 134]","[333.24, 21]","[335.96, 23]",325.02,258,16.44,0.66
07:42:19,"[325.0, 55]","[317.64, 88]","[330.18, 11]","[331.31, 13]",327.59,167,5.18,0.71
07:42:20,"[325.0, 58]","[318.32, 94]","[328.86, 14]","[331.0, 14]",326.93,180,3.86,0.69
07:42:21,"[325.0, 39]","[319.13, 62]","[328.38, 13]","[331.63, 19]",326.69,133,3.38,0.52
07:42:22,"[322.91, 47]","[317.74, 94]","[332.27, 22]","[335.27, 55]",327.59,218,9.36,0.29
07:42:23,"[318.0, 42]","[314.0, 18]","[335.0, 24]","[336.0, 30]",326.5,114,17.0,0.05
07:42:24,"[318.0, 70]","[314.0, 30]","[333.0, 40]","[335.6, 50]",325.5,190,15.0,0.05
07:42:25,"[319.02, 51]","[317.48, 62]","[333.0, 44]","[335.0, 55]",326.01,212,13.98,0.07
07:42:26,"[323.17, 93]","[320.26, 72]","[333.0, 60]","[335.0, 75]",328.09,300,9.83,0.1
07:42:27,"[330.12, 68]","[325.64, 77]","[333.0, 68]","[335.0, 113]",331.56,326,2.88,-0.11
07:42:28,"[331.0, 44]","[320.73, 110]","[335.0, 99]","[337.0, 33]",333.0,286,4.0,0.08
07:42:29,"[331.0, 44]","[323.55, 55]","[335.0, 117]","[337.0, 39]",333.0,255,4.0,-0.22
07:42:30,"[326.5, 36]","[322.38, 72]","[335.0, 108]","[337.0, 36]",330.75,252,8.5,-0.14
07:42:31,"[325.0, 24]","[322.0, 56]","[335.0, 72]","[337.0, 24]",330.0,176,10.0,-0.09
07:42:32,"[325.0, 27]","[321.23, 123]","[335.0, 117]","[337.0, 39]",330.0,306,10.0,-0.02
07:42:33,"[325.0, 12]","[322.26, 38]","[335.0, 54]","[337.0, 18]",330.0,122,10.0,-0.18
07:42:34,"[325.0, 18]","[324.0, 40]","[334.0, 30]","[335.0, 78]",329.5,166,9.0,-0.3
07:42:35,"[325.0, 8]","[324.0, 32]","[333.0, 24]","[335.0, 40]",329.0,104,8.0,-0.23
07:42:36,"[325.0, 12]","[324.0, 48]","[330.75, 36]","[335.12, 48]",327.88,144,5.75,-0.17
07:42:37,"[328.91, 46]","[324.75, 16]","[333.18, 44]","[337.29, 41]",331.05,147,4.27,-0.16
07:42:38,"[329.0, 14]","[325.0, 7]","[337.0, 40]","[338.6, 25]",333.0,86,8.0,-0.51
07:42:39,"[325.73, 11]","[324.03, 37]","[337.0, 70]","[338.71, 34]",331.36,152,11.27,-0.37
07:42:40,"[326.14, 21]","[324.17, 29]","[336.59, 59]","[338.29, 62]",331.37,171,10.45,-0.42
07:42:41,"[327.0, 48]","[325.25, 16]","[333.56, 80]","[336.0, 70]",330.28,214,6.56,-0.4
07:42:42,"[327.0, 39]","[326.0, 13]","[332.19, 62]","[335.69, 65]",329.6,179,5.19,-0.42
07:42:43,"[327.0, 33]","[326.0, 11]","[331.0, 40]","[332.58, 31]",329.0,115,4.0,-0.23
07:42:44,"[327.8, 30]","[326.75, 24]","[331.12, 58]","[331.98, 48]",329.46,160,3.32,-0.33
07:42:45,"[327.1, 29]","[325.32, 37]","[328.47, 73]","[330.22, 63]",327.78,202,1.36,-0.35
07:42:46,"[324.8, 20]","[323.95, 65]","[327.41, 85]","[337.0, 17]",326.11,187,2.61,-0.09
07:42:47,"[324.0, 44]","[321.0, 11]","[325.64, 55]","[337.0, 11]",324.82,121,1.64,-0.09
07:42:48,"[324.0, 60]","[321.0, 15]","[330.72, 36]","[336.27, 44]",327.36,155,6.72,-0.03
07:42:49,"[324.67, 60]","[323.67, 45]","[333.6, 30]","[336.0, 15]",329.13,150,8.93,0.4
07:42:50,"[325.71, 68]","[324.0, 68]","[331.0, 31]","[334.2, 20]",328.35,187,5.29,0.45
07:42:51,"[326.0, 64]","[324.0, 64]","[328.62, 16]","[330.0, 32]",327.31,176,2.62,0.45
07:42:52,"[326.73, 44]","[324.0, 44]","[328.0, 11]","[330.0, 22]",327.36,121,1.27,0.45
07:42:53,"[325.0, 72]","[320.1, 60]","[327.44, 25]","[329.52, 29]",326.22,186,2.44,0.42
07:42:54,"[324.33, 18]","[320.56, 43]","[327.0, 24]","[328.0, 12]",325.67,97,2.67,0.26
07:42:55,"[324.0, 34]","[316.18, 68]","[326.39, 28]","[330.43, 21]",325.2,151,2.39,0.35
07:42:56,"[328.2, 30]","[314.89, 57]","[337.72, 43]","[341.64, 47]",332.96,177,9.52,-0.02
07:42:57,"[331.5, 24]","[318.89, 27]","[338.5, 42]","[343.62, 39]",335.0,132,7.0,-0.23
07:42:58,"[332.0, 27]","[331.0, 18]","[338.0, 72]","[343.89, 36]",335.0,153,6.0,-0.41
07:42:59,"[328.36, 42]","[328.72, 25]","[337.41, 87]","[355.23, 47]",332.89,201,9.06,-0.33
07:43:00,"[314.52, 23]","[310.4, 57]","[334.1, 72]","[335.93, 81]",324.31,233,19.58,-0.31
07:43:01,"[314.0, 17]","[311.24, 34]","[330.75, 48]","[333.17, 60]",322.38,159,16.75,-0.36
07:43:02,"[315.0, 19]","[311.16, 57]","[329.81, 73]","[332.33, 89]",322.4,238,14.81,-0.36
07:43:03,"[315.0, 8]","[312.9, 31]","[332.0, 64]","[339.0, 40]",323.5,143,17.0,-0.45
07:43:04,"[314.25, 8]","[312.69, 29]","[332.0, 64]","[336.5, 40]",323.12,141,17.75,-0.48
07:43:05,"[313.0, 17]","[312.0, 103]","[331.23, 104]","[333.14, 88]",322.12,312,18.23,-0.23
07:43:06,"[313.0, 12]","[312.0, 84]","[331.17, 48]","[332.83, 48]",322.08,192,18.17,0.0
07:43:07,"[313.0, 12]","[312.0, 84]","[327.46, 39]","[329.66, 53]",320.23,188,14.46,0.02
07:43:08,"[316.56, 18]","[312.48, 27]","[329.0, 30]","[331.0, 44]",322.78,119,12.44,-0.24
07:43:09,"[315.5, 32]","[312.62, 32]","[331.0, 64]","[332.0, 40]",323.25,168,15.5,-0.24
07:43:10,"[313.0, 40]","[312.0, 40]","[325.33, 60]","[331.41, 61]",319.17,201,12.33,-0.2
07:43:11,"[315.76, 29]","[312.45, 44]","[326.31, 52]","[330.78, 46]",321.03,171,10.55,-0.15
07:43:12,"[329.0, 13]","[314.54, 41]","[330.0, 65]","[331.0, 52]",329.5,171,1.0,-0.37
07:43:13,"[319.71, 21]","[313.89, 38]","[330.0, 55]","[331.0, 44]",324.86,158,10.29,-0.25
07:43:14,"[316.0, 27]","[311.4, 30]","[329.07, 29]","[330.09, 44]",322.53,130,13.07,-0.12
07:43:15,"[316.64, 84]","[312.94, 48]","[326.16, 38]","[326.61, 72]",321.4,242,9.52,0.09
07:43:16,"[317.43, 166]","[313.67, 72]","[323.42, 24]","[324.86, 72]",320.42,334,5.99,0.43
07:43:17,"[320.52, 105]","[319.8, 59]","[324.4, 50]","[328.25, 80]",322.46,294,3.88,0.12
07:43:18,"[322.86, 35]","[321.04, 114]","[328.08, 76]","[332.63, 82]",325.47,307,5.22,-0.03
07:43:19,"[324.33, 18]","[323.0, 32]","[332.0, 80]","[335.0, 80]",328.17,210,7.67,-0.52
07:43:20,"[325.98, 100]","[324.56, 18]","[333.86, 87]","[350.06, 90]",329.92,295,7.88,-0.2
07:43:21,"[326.0, 70]","[325.0, 10]","[333.0, 20]","[334.0, 50]",329.5,150,7.0,0.07
07:43:22,"[326.43, 92]","[325.0, 16]","[333.0, 32]","[334.0, 80]",329.72,220,6.57,-0.02
07:43:23,"[328.0, 60]","[325.94, 35]","[333.0, 26]","[334.0, 65]",330.5,186,5.0,0.02
07:43:24,"[326.94, 34]","[325.67, 18]","[332.38, 32]","[333.79, 38]",329.66,122,5.43,-0.15
07:43:25,"[326.0, 36]","[325.0, 12]","[333.0, 42]","[334.0, 85]",329.5,175,7.0,-0.45
07:43:26,"[326.0, 21]","[325.0, 7]","[333.0, 28]","[334.0, 35]",329.5,91,7.0,-0.38
07:43:27,"[326.0, 18]","[325.0, 6]","[333.0, 24]","[334.0, 30]",329.5,78,7.0,-0.38
07:43:28,"[326.0, 33]","[325.0, 11]","[331.91, 22]","[333.0, 24]",328.95,90,5.91,-0.02
07:43:29,"[324.0, 22]","[317.58, 19]","[331.0, 16]","[332.12, 16]",327.5,73,7.0,0.12
07:43:30,"[317.78, 46]","[315.56, 36]","[331.0, 22]","[332.0, 22]",324.39,126,13.22,0.3
07:43:31,"[317.86, 35]","[315.67, 27]","[330.71, 14]","[332.0, 14]",324.29,90,12.86,0.38
07:43:32,"[322.21, 67]","[318.67, 45]","[329.36, 22]","[332.45, 22]",325.79,156,7.15,0.44
07:43:33,"[324.0, 84]","[320.0, 60]","[328.17, 24]","[333.83, 24]",326.08,192,4.17,0.5
07:43:34,"[324.0, 91]","[320.0, 65]","[327.65, 23]","[332.23, 26]",325.83,205,3.65,0.52
07:43:35,"[324.0, 112]","[321.5, 80]","[325.69, 16]","[331.79, 47]",324.84,255,1.69,0.51
07:43:36,"[324.0, 63]","[323.0, 45]","[326.78, 9]","[336.0, 89]",325.39,206,2.78,0.05
07:43:37,"[324.0, 70]","[323.0, 50]","[325.32, 22]","[335.53, 64]",324.66,206,1.32,0.17
07:43:38,"[324.0, 54]","[323.0, 40]","[325.0, 40]","[331.71, 14]",324.5,148,1.0,0.27
07:43:39,"[324.0, 22]","[323.0, 25]","[329.19, 21]","[337.0, 24]",326.6,92,5.19,0.02
07:43:40,"[329.05, 95]","[327.46, 65]","[334.98, 50]","[337.94, 124]",332.02,334,5.93,-0.04
07:43:41,"[331.23, 13]","[329.0, 117]","[334.0, 46]","[338.0, 73]",332.62,249,2.77,0.04
07:43:42,"[332.0, 13]","[329.0, 117]","[333.77, 39]","[338.0, 39]",332.88,208,1.77,0.25
07:43:43,"[328.62, 40]","[328.38, 48]","[332.69, 26]","[335.14, 42]",330.66,156,4.07,0.13
07:43:44,"[328.0, 39]","[326.0, 13]","[332.0, 13]","[333.0, 39]",330.0,104,4.0,0.0
07:43:45,"[328.54, 46]","[327.36, 22]","[331.08, 12]","[333.0, 36]",329.81,116,2.54,0.17
07:43:46,"[329.0, 95]","[328.0, 57]","[330.35, 31]","[334.2, 45]",329.68,228,1.35,0.33
07:43:47,"[329.0, 48]","[328.0, 33]","[330.64, 11]","[339.4, 60]",329.82,152,1.64,0.07
07:43:48,"[329.0, 53]","[328.0, 42]","[336.94, 35]","[340.27, 67]",332.97,197,7.94,-0.04
07:43:49,"[329.0, 24]","[328.0, 24]","[339.9, 58]","[340.93, 29]",334.45,135,10.9,-0.29
07:43:50,"[329.0, 33]","[327.44, 25]","[340.0, 61]","[341.0, 39]",334.5,158,11.0,-0.27
07:43:51,"[329.0, 27]","[328.0, 45]","[340.0, 45]","[341.0, 27]",334.5,144,11.0,0.0
07:43:52,"[329.0, 21]","[328.0, 35]","[340.0, 35]","[341.0, 21]",334.5,112,11.0,0.0
07:43:53,"[329.0, 27]","[328.0, 45]","[340.0, 45]","[341.0, 27]",334.5,144,11.0,0.0
07:43:54,"[329.07, 29]","[328.12, 51]","[340.0, 59]","[341.0, 33]",334.53,172,10.93,-0.07
07:43:55,"[329.6, 10]","[328.47, 38]","[340.0, 50]","[341.0, 30]",334.8,128,10.4,-0.25
07:43:56,"[329.0, 15]","[328.0, 75]","[336.4, 75]","[340.35, 69]",332.7,234,7.4,-0.23
07:43:57,"[329.0, 10]","[328.0, 50]","[340.89, 90]","[342.41, 34]",334.94,184,11.89,-0.35
07:43:58,"[328.54, 35]","[327.48, 61]","[341.0, 130]","[343.0, 39]",334.77,265,12.46,-0.28
07:43:59,"[328.0, 44]","[326.0, 44]","[340.6, 80]","[342.32, 68]",334.3,236,12.6,-0.25
07:44:00,"[327.38, 29]","[325.38, 29]","[337.5, 32]","[341.0, 75]",332.44,165,10.12,-0.3
07:44:01,"[326.0, 33]","[324.13, 31]","[337.0, 44]","[340.64, 55]",331.5,163,11.0,-0.21
07:44:02,"[325.64, 33]","[324.5, 24]","[335.82, 44]","[337.75, 48]",330.73,149,10.18,-0.23
07:44:03,"[324.0, 24]","[323.0, 24]","[326.12, 32]","[328.0, 32]",325.06,112,2.12,-0.14
07:44:04,"[324.0, 42]","[323.0, 42]","[325.0, 56]","[338.12, 32]",324.5,172,1.0,-0.02
07:44:05,"[322.79, 28]","[320.88, 16]","[329.61, 46]","[363.41, 34]",326.2,124,6.82,-0.29
07:44:06,"[319.85, 13]","[316.42, 31]","[340.1, 40]","[417.35, 46]",329.97,130,20.25,-0.32
07:44:07,"[328.96, 281]","[317.33, 24]","[334.3, 40]","[337.48, 27]",331.63,372,5.34,0.64
07:44:08,"[329.0, 280]","[319.0, 14]","[335.57, 47]","[336.56, 34]",332.29,375,6.57,0.57
07:44:09,"[329.0, 155]","[320.2, 10]","[335.0, 40]","[336.82, 34]",332.0,239,6.0,0.38
07:44:10,"[329.0, 182]","[327.87, 135]","[333.4, 60]","[337.0, 45]",331.2,422,4.4,0.5
07:44:11,"[329.75, 80]","[328.87, 172]","[332.47, 68]","[337.0, 51]",331.11,371,2.72,0.36
07:44:12,"[330.35, 43]","[329.22, 90]","[332.0, 48]","[339.0, 36]",331.17,217,1.65,0.23
07:44:13,"[330.06, 51]","[329.03, 134]","[335.8, 25]","[340.21, 38]",332.93,248,5.74,0.49
07:44:14,"[330.0, 18]","[329.0, 60]","[340.0, 18]","[341.0, 12]",335.0,108,10.0,0.44
07:44:15,"[330.0, 30]","[329.0, 100]","[340.6, 30]","[341.75, 32]",335.3,192,10.6,0.35
07:44:16,"[330.0, 36]","[329.0, 120]","[339.43, 28]","[340.4, 40]",334.71,224,9.43,0.39
07:44:17,"[329.46, 59]","[328.67, 134]","[338.17, 36]","[339.31, 29]",333.81,258,8.71,0.5
07:44:18,"[329.0, 120]","[328.0, 165]","[335.94, 35]","[337.2, 40]",332.47,360,6.94,0.58
07:44:19,"[329.0, 133]","[328.0, 187]","[331.35, 40]","[333.43, 46]",330.18,406,2.35,0.58
07:44:20,"[329.0, 39]","[328.0, 99]","[333.67, 18]","[341.5, 24]",331.33,180,4.67,0.53
07:44:21,"[329.0, 21]","[328.0, 77]","[341.0, 14]","[343.0, 14]",335.0,126,12.0,0.56
07:44:22,"[328.34, 61]","[327.38, 97]","[341.0, 22]","[343.0, 22]",334.67,202,12.66,0.56
07:44:23,"[328.0, 110]","[325.0, 135]","[339.93, 28]","[342.64, 22]",333.96,295,11.93,0.66
07:44:24,"[328.0, 114]","[326.42, 45]","[339.55, 58]","[340.86, 49]",333.78,266,11.55,0.2
07:44:25,"[328.0, 42]","[327.0, 14]","[336.57, 14]","[338.0, 35]",332.29,105,8.57,0.07
07:44:26,"[328.0, 30]","[327.0, 10]","[336.0, 10]","[338.0, 25]",332.0,75,8.0,0.07
07:44:27,"[328.0, 48]","[327.0, 16]","[334.88, 16]","[338.0, 40]",331.44,120,6.88,0.07
07:44:28,"[328.0, 84]","[327.0, 34]","[332.35, 34]","[338.0, 85]",330.18,237,4.35,-0.0
07:44:29,"[328.0, 72]","[327.0, 36]","[331.61, 36]","[338.0, 90]",329.81,234,3.61,-0.08
07:44:30,"[327.1, 40]","[325.96, 25]","[330.4, 20]","[340.35, 23]",328.75,108,3.3,0.2
07:44:31,"[325.0, 90]","[324.0, 30]","[329.47, 30]","[341.0, 42]",327.23,192,4.47,0.25
07:44:32,"[325.0, 78]","[322.4, 30]","[327.69, 16]","[332.89, 61]",326.34,185,2.69,0.17
07:44:33,"[325.0, 54]","[324.0, 18]","[326.44, 9]","[334.0, 42]",325.72,123,1.44,0.17
07:44:34,"[324.29, 34]","[322.11, 76]","[338.25, 48]","[339.59, 61]",331.27,219,13.96,0.0
07:44:35,"[324.0, 24]","[322.0, 72]","[336.17, 36]","[338.78, 45]",330.08,177,12.17,0.08
07:44:36,"[319.5, 32]","[316.2, 40]","[333.67, 36]","[338.0, 24]",326.58,132,14.17,0.09
07:44:37,"[319.47, 76]","[315.97, 74]","[333.41, 46]","[336.29, 56]",326.44,252,13.94,0.19
07:44:38,"[318.0, 78]","[315.0, 78]","[333.77, 13]","[336.0, 26]",325.88,195,15.77,0.6
07:44:39,"[319.87, 69]","[318.31, 61]","[331.92, 37]","[332.68, 37]",325.89,204,12.05,0.27
07:44:40,"[324.95, 64]","[322.3, 60]","[330.53, 43]","[332.53, 60]",327.74,227,5.58,0.09
07:44:41,"[327.0, 102]","[325.41, 17]","[328.75, 53]","[334.88, 68]",327.88,240,1.75,-0.01
07:44:42,"[327.0, 66]","[326.0, 13]","[333.49, 39]","[335.85, 26]",330.24,144,6.49,0.1
07:44:43,"[327.41, 37]","[326.71, 35]","[333.73, 52]","[338.6, 30]",330.57,154,6.33,-0.06
07:44:44,"[327.0, 14]","[326.0, 7]","[332.69, 26]","[335.76, 17]",329.85,64,5.69,-0.34
07:44:45,"[327.26, 23]","[326.53, 19]","[334.08, 24]","[335.43, 35]",330.67,101,6.82,-0.17
07:44:46,"[327.0, 32]","[326.0, 16]","[332.45, 44]","[334.2, 50]",329.73,142,5.45,-0.32
07:44:47,"[327.0, 38]","[326.0, 15]","[330.0, 75]","[331.0, 45]",328.5,173,3.0,-0.39
07:44:48,"[327.0, 30]","[326.0, 13]","[329.25, 55]","[330.8, 40]",328.13,138,2.25,-0.38
07:44:49,"[326.0, 13]","[317.0, 52]","[327.54, 13]","[329.0, 52]",326.77,130,1.54,0.0
07:44:50,"[314.12, 112]","[306.52, 90]","[327.57, 42]","[329.2, 50]",320.85,294,13.45,0.37
07:44:51,"[319.0, 68]","[317.0, 102]","[325.72, 29]","[327.07, 56]",322.36,255,6.72,0.33
07:44:52,"[318.11, 72]","[314.81, 96]","[325.25, 56]","[329.17, 23]",321.68,247,7.14,0.36
07:44:53,"[325.89, 54]","[314.57, 98]","[331.31, 80]","[332.31, 65]",328.6,297,5.42,0.02
07:44:54,"[323.51, 105]","[314.72, 100]","[330.08, 65]","[331.56, 80]",326.8,350,6.56,0.17
07:44:55,"[325.0, 228]","[317.54, 78]","[329.74, 76]","[332.0, 53]",327.37,435,4.74,0.41
07:44:56,"[325.0, 132]","[324.0, 22]","[328.18, 44]","[332.45, 22]",326.59,220,3.18,0.4
07:44:57,"[325.0, 75]","[324.0, 20]","[327.5, 40]","[333.0, 27]",326.25,162,2.5,0.17
07:44:58,"[325.0, 77]","[324.0, 22]","[326.36, 44]","[333.0, 55]",325.68,198,1.36,0.0
07:44:59,"[325.0, 29]","[324.0, 20]","[332.43, 49]","[336.13, 23]",328.71,121,7.43,-0.19
07:45:00,"[325.62, 37]","[324.3, 20]","[333.0, 50]","[338.38, 26]",329.31,133,7.38,-0.14
07:45:01,"[326.0, 50]","[325.0, 20]","[333.0, 50]","[337.32, 38]",329.5,158,7.0,-0.11
07:45:02,"[326.0, 35]","[325.0, 14]","[333.0, 35]","[337.0, 28]",329.5,112,7.0,-0.12
07:45:03,"[326.59, 29]","[325.85, 53]","[333.0, 65]","[337.0, 52]",329.79,199,6.41,-0.18
07:45:04,"[328.0, 13]","[326.0, 65]","[333.0, 51]","[336.81, 48]",330.5,177,5.0,-0.12
07:45:05,"[327.53, 32]","[325.88, 68]","[333.0, 44]","[334.0, 16]",330.27,160,5.47,0.25
07:45:06,"[326.0, 70]","[325.0, 28]","[333.0, 28]","[334.0, 14]",329.5,140,7.0,0.4
07:45:07,"[326.07, 27]","[325.33, 15]","[333.0, 12]","[334.0, 6]",329.54,60,6.93,0.4
07:45:08,"[327.43, 23]","[326.18, 55]","[333.36, 25]","[336.63, 41]",330.4,144,5.93,0.08
07:45:09,"[327.44, 18]","[326.39, 41]","[332.86, 37]","[333.29, 28]",330.15,124,5.42,-0.05
07:45:10,"[327.36, 25]","[326.31, 58]","[330.53, 19]","[331.68, 38]",328.94,140,3.17,0.19
07:45:11,"[327.0, 24]","[326.0, 75]","[329.64, 36]","[331.37, 38]",328.32,173,2.64,0.14
07:45:12,"[327.0, 10]","[326.0, 50]","[331.0, 20]","[337.0, 40]",329.0,120,4.0,0.0
07:45:13,"[327.0, 13]","[325.74, 47]","[329.85, 26]","[338.21, 56]",328.42,142,2.85,-0.15
07:45:14,"[324.5, 12]","[321.05, 19]","[329.0, 14]","[338.43, 28]",326.75,73,4.5,-0.15
07:45:15,"[324.65, 34]","[322.2, 40]","[328.35, 34]","[337.18, 68]",326.5,176,3.71,-0.16
07:45:16,"[325.58, 24]","[322.38, 26]","[326.94, 16]","[336.0, 48]",326.26,114,1.35,-0.12
07:45:17,"[324.0, 28]","[316.07, 42]","[326.0, 14]","[335.14, 56]",325.0,140,2.0,0.0
07:45:18,"[324.0, 10]","[316.0, 15]","[326.0, 5]","[333.0, 20]",325.0,50,2.0,0.0
07:45:19,"[321.18, 17]","[315.5, 32]","[325.1, 10]","[333.2, 40]",323.14,99,3.92,-0.01
07:45:20,"[314.72, 25]","[312.29, 28]","[331.15, 13]","[335.69, 26]",322.94,92,16.43,0.15
07:45:21,"[320.8, 80]","[311.75, 64]","[332.71, 56]","[335.17, 36]",326.76,236,11.91,0.22
07:45:22,"[331.0, 112]","[312.64, 88]","[333.24, 84]","[334.13, 62]",332.12,346,2.24,0.16
07:45:23,"[327.44, 59]","[314.04, 92]","[334.0, 86]","[341.78, 32]",330.72,269,6.56,0.12
07:45:24,"[325.74, 47]","[319.08, 71]","[334.0, 55]","[336.0, 40]",329.87,213,8.26,0.11
07:45:25,"[325.85, 99]","[323.17, 72]","[334.0, 15]","[335.0, 60]",329.92,246,8.15,0.39
07:45:26,"[326.0, 101]","[324.86, 64]","[334.0, 14]","[335.0, 56]",330.0,235,8.0,0.4
07:45:27,"[326.82, 40]","[324.13, 47]","[334.0, 17]","[335.0, 68]",330.41,172,7.18,0.01
07:45:28,"[330.0, 22]","[327.64, 11]","[334.0, 11]","[335.0, 44]",332.0,88,4.0,-0.25
07:45:29,"[330.0, 14]","[328.0, 7]","[333.4, 10]","[334.84, 19]",331.7,50,3.4,-0.16
07:45:30,"[328.77, 22]","[324.89, 37]","[333.0, 22]","[334.87, 46]",330.89,127,4.23,-0.07
07:45:31,"[328.4, 30]","[325.08, 26]","[334.43, 14]","[336.87, 31]",331.41,101,6.03,0.11
07:45:32,"[329.0, 24]","[327.0, 8]","[336.78, 9]","[338.94, 36]",332.89,77,7.78,-0.17
07:45:33,"[330.0, 39]","[327.0, 13]","[333.62, 26]","[336.1, 31]",331.81,109,3.62,-0.05
07:45:34,"[329.83, 36]","[326.9, 20]","[333.36, 44]","[339.47, 83]",331.6,183,3.53,-0.39
07:45:35,"[327.0, 11]","[326.0, 11]","[339.07, 14]","[341.05, 42]",333.04,78,12.07,-0.44
07:45:36,"[328.14, 70]","[327.75, 40]","[336.33, 15]","[342.68, 88]",332.24,213,8.19,0.03
07:45:37,"[329.0, 23]","[328.0, 90]","[334.6, 15]","[338.91, 22]",331.8,150,5.6,0.51
07:45:38,"[328.48, 23]","[327.97, 68]","[331.23, 13]","[333.77, 13]",329.85,117,2.75,0.56
07:45:39,"[328.0, 71]","[327.0, 14]","[332.11, 18]","[340.03, 37]",330.06,140,4.11,0.21
07:45:40,"[328.0, 24]","[327.0, 8]","[340.0, 40]","[341.0, 8]",334.0,80,12.0,-0.2
07:45:41,"[327.38, 8]","[326.17, 6]","[340.0, 30]","[341.0, 6]",333.69,50,12.62,-0.44
07:45:42,"[327.0, 9]","[326.0, 9]","[340.0, 37]","[341.0, 9]",333.5,64,13.0,-0.44
07:45:43,"[327.0, 8]","[326.0, 8]","[338.5, 30]","[340.36, 14]",332.75,60,11.5,-0.47
07:45:44,"[327.0, 12]","[326.0, 12]","[337.0, 60]","[340.4, 40]",332.0,124,10.0,-0.61
07:45:45,"[327.0, 9]","[326.0, 9]","[337.0, 45]","[341.0, 46]",332.0,109,10.0,-0.67
07:45:46,"[327.0, 8]","[324.6, 40]","[337.0, 40]","[341.0, 64]",332.0,152,10.0,-0.37
07:45:47,"[325.32, 38]","[324.53, 68]","[335.3, 56]","[340.03, 78]",330.31,240,9.99,-0.12
07:45:48,"[325.0, 20]","[324.0, 20]","[330.64, 25]","[333.4, 25]",327.82,90,5.64,-0.11
07:45:49,"[325.97, 126]","[324.93, 60]","[329.47, 45]","[332.53, 55]",327.72,286,3.5,0.3
07:45:50,"[326.0, 86]","[325.0, 52]","[327.46, 39]","[334.4, 45]",326.73,222,1.46,0.24
07:45:51,"[326.12, 80]","[325.0, 64]","[333.63, 49]","[342.09, 74]",329.88,267,7.51,0.08
07:45:52,"[327.55, 38]","[326.36, 44]","[340.0, 10]","[341.0, 30]",333.78,122,12.45,0.34
07:45:53,"[330.27, 59]","[328.69, 32]","[339.19, 37]","[340.78, 27]",334.73,155,8.92,0.17
07:45:54,"[331.28, 50]","[329.0, 32]","[337.71, 52]","[339.12, 51]",334.5,185,6.43,-0.11
07:45:55,"[327.06, 34]","[325.19, 42]","[336.0, 65]","[338.84, 19]",331.53,160,8.94,-0.05
07:45:56,"[325.0, 33]","[324.0, 44]","[335.73, 55]","[339.91, 44]",330.36,176,10.73,-0.12
07:45:57,"[325.0, 42]","[324.0, 66]","[333.57, 70]","[339.05, 38]",329.29,216,8.57,0.0
07:45:58,"[325.18, 28]","[324.05, 57]","[332.0, 50]","[336.5, 10]",328.59,145,6.82,0.17
07:45:59,"[326.45, 33]","[324.67, 54]","[332.33, 51]","[337.91, 35]",329.39,173,5.88,0.01
07:46:00,"[327.7, 61]","[325.81, 48]","[333.44, 64]","[338.45, 49]",330.57,222,5.73,-0.02
07:46:01,"[328.0, 44]","[326.0, 33]","[333.0, 44]","[339.0, 55]",330.5,176,5.0,-0.12
07:46:02,"[328.0, 48]","[326.0, 36]","[331.42, 48]","[339.0, 60]",329.71,192,3.42,-0.12
07:46:03,"[327.28, 50]","[325.57, 42]","[332.94, 47]","[340.1, 49]",330.11,188,5.66,-0.02
07:46:04,"[326.0, 24]","[325.0, 24]","[338.0, 12]","[340.0, 43]",332.0,103,12.0,-0.07
07:46:05,"[326.0, 33]","[325.0, 33]","[338.0, 55]","[340.0, 55]",332.0,176,12.0,-0.25
07:46:06,"[325.2, 15]","[324.14, 21]","[338.0, 35]","[340.0, 35]",331.6,106,12.8,-0.32
07:46:07,"[325.0, 26]","[324.0, 39]","[337.23, 31]","[338.53, 53]",331.11,149,12.23,-0.13
07:46:08,"[325.0, 26]","[324.0, 32]","[333.85, 13]","[335.67, 36]",329.42,107,8.85,0.08
07:46:09,"[324.88, 17]","[323.33, 45]","[331.06, 16]","[332.25, 16]",327.97,94,6.18,0.32
07:46:10,"[325.0, 14]","[324.0, 14]","[328.36, 14]","[330.21, 14]",326.68,56,3.36,0.0
07:46:11,"[325.0, 17]","[324.0, 17]","[327.41, 17]","[335.62, 53]",326.21,104,2.41,-0.35
07:46:12,"[325.0, 14]","[323.05, 126]","[326.21, 14]","[336.0, 56]",325.61,210,1.21,0.33
07:46:13,"[323.12, 136]","[320.91, 184]","[334.49, 76]","[337.59, 80]",328.8,476,11.37,0.34
07:46:14,"[324.33, 18]","[323.12, 102]","[334.0, 60]","[337.0, 60]",329.17,240,9.67,0.0
07:46:15,"[326.0, 52]","[324.71, 14]","[333.5, 70]","[337.07, 70]",329.75,206,7.5,-0.36
07:46:16,"[326.65, 57]","[325.67, 24]","[332.43, 70]","[337.0, 70]",329.54,221,5.78,-0.27
07:46:17,"[327.0, 45]","[326.0, 24]","[331.42, 60]","[336.17, 60]",329.21,189,4.42,-0.27
07:46:18,"[326.29, 14]","[323.15, 158]","[331.0, 70]","[337.71, 70]",328.64,312,4.71,0.1
07:46:19,"[326.0, 13]","[323.62, 146]","[331.0, 65]","[338.0, 65]",328.5,289,5.0,0.1
07:46:20,"[326.0, 12]","[324.0, 132]","[330.58, 60]","[338.0, 60]",328.29,264,4.58,0.09
07:46:21,"[326.87, 69]","[324.08, 103]","[330.0, 65]","[338.0, 65]",328.43,302,3.13,0.14
07:46:22,"[326.0, 11]","[324.0, 121]","[330.0, 40]","[338.0, 55]",328.0,227,4.0,0.16
07:46:23,"[325.03, 36]","[323.42, 152]","[328.79, 28]","[336.36, 55]",326.91,271,3.76,0.39
07:46:24,"[324.0, 70]","[321.0, 195]","[326.33, 15]","[334.82, 44]",325.17,324,2.33,0.64
07:46:25,"[322.45, 58]","[320.96, 107]","[325.0, 9]","[341.0, 61]",323.72,235,2.55,0.4
07:46:26,"[320.9, 63]","[316.75, 16]","[324.14, 7]","[339.68, 31]",322.52,117,3.24,0.35
07:46:27,"[317.06, 31]","[315.9, 49]","[328.89, 27]","[339.08, 76]",322.98,183,11.82,-0.13
07:46:28,"[316.38, 26]","[312.96, 49]","[321.0, 22]","[339.0, 57]",318.69,154,4.62,-0.03
07:46:29,"[316.33, 12]","[313.07, 28]","[328.73, 33]","[338.62, 53]",322.53,126,12.39,-0.37
07:46:30,"[327.11, 9]","[320.58, 19]","[338.0, 53]","[339.0, 9]",332.56,90,10.89,-0.38
07:46:31,"[330.69, 13]","[324.91, 33]","[337.94, 67]","[338.24, 37]",334.32,150,7.25,-0.39
07:46:32,"[331.11, 18]","[330.0, 18]","[336.72, 18]","[338.0, 124]",333.92,178,5.61,-0.6
07:46:33,"[332.73, 11]","[330.0, 11]","[335.55, 11]","[338.0, 55]",334.14,88,2.82,-0.5
07:46:34,"[332.62, 8]","[329.78, 9]","[335.0, 8]","[339.22, 27]",333.81,52,2.38,-0.35
07:46:35,"[330.0, 10]","[329.0, 20]","[344.05, 19]","[345.35, 43]",337.03,92,14.05,-0.35
07:46:36,"[324.12, 51]","[322.64, 22]","[344.0, 44]","[345.0, 44]",334.06,161,19.88,-0.09
07:46:37,"[324.0, 26]","[321.08, 13]","[344.0, 32]","[345.0, 32]",334.0,103,20.0,-0.24
07:46:38,"[324.0, 15]","[318.0, 5]","[344.0, 20]","[345.0, 40]",334.0,80,20.0,-0.5
07:46:39,"[329.76, 17]","[323.2, 50]","[344.0, 60]","[345.0, 99]",336.88,226,14.24,-0.41
07:46:40,"[326.88, 17]","[320.07, 61]","[344.0, 48]","[345.0, 60]",335.44,186,17.12,-0.16
07:46:41,"[318.71, 82]","[316.81, 91]","[344.0, 44]","[345.0, 55]",331.35,272,25.29,0.27
07:46:42,"[319.11, 174]","[318.2, 132]","[344.0, 60]","[345.45, 71]",331.56,437,24.89,0.4
07:46:43,"[321.33, 75]","[318.72, 208]","[344.0, 60]","[347.77, 71]",332.67,414,22.67,0.37
07:46:44,"[322.1, 83]","[320.22, 245]","[341.62, 58]","[344.13, 45]",331.86,431,19.52,0.52
07:46:45,"[324.63, 51]","[322.45, 40]","[339.73, 60]","[340.67, 43]",332.18,194,15.11,-0.06
07:46:46,"[326.29, 105]","[324.0, 21]","[334.73, 52]","[337.11, 61]",330.51,239,8.45,0.05
07:46:47,"[327.0, 54]","[325.14, 21]","[331.69, 36]","[335.26, 34]",329.35,145,4.69,0.03
07:46:48,"[327.0, 18]","[326.0, 9]","[333.0, 18]","[334.0, 9]",330.0,54,6.0,0.0
07:46:49,"[327.38, 16]","[326.15, 13]","[332.44, 25]","[335.29, 17]",329.91,71,5.06,-0.18
07:46:50,"[328.0, 22]","[326.15, 13]","[332.0, 26]","[339.0, 28]",330.0,89,4.0,-0.21
07:46:51,"[330.77, 69]","[326.98, 53]","[332.0, 28]","[339.0, 14]",331.38,164,1.23,0.49
07:46:52,"[329.46, 39]","[326.86, 37]","[339.0, 13]","[342.0, 26]",334.23,115,9.54,0.32
07:46:53,"[327.0, 30]","[326.0, 10]","[339.0, 10]","[342.0, 20]",333.0,70,12.0,0.14
07:46:54,"[326.92, 36]","[323.88, 17]","[338.2, 40]","[341.33, 24]",332.56,117,11.28,-0.09
07:46:55,"[326.63, 19]","[321.8, 20]","[337.08, 76]","[339.83, 24]",331.86,139,10.45,-0.44
07:46:56,"[328.29, 21]","[324.0, 15]","[337.0, 72]","[339.33, 24]",332.64,132,8.71,-0.45
07:46:57,"[321.26, 19]","[319.06, 65]","[336.75, 44]","[336.89, 28]",329.01,156,15.49,0.08
07:46:58,"[321.0, 18]","[319.0, 63]","[334.29, 21]","[335.91, 33]",327.64,135,13.29,0.2
07:46:59,"[321.0, 8]","[319.0, 28]","[334.0, 20]","[335.0, 4]",327.5,60,13.0,0.2
07:47:00,"[322.78, 41]","[320.36, 39]","[332.77, 52]","[333.2, 50]",327.77,182,9.99,-0.12
07:47:01,"[326.98, 41]","[319.06, 64]","[331.15, 39]","[333.76, 21]",329.06,165,4.18,0.27
07:47:02,"[320.0, 81]","[316.41, 85]","[329.14, 29]","[330.13, 31]",324.57,226,9.14,0.47
07:47:03,"[319.1, 72]","[315.05, 157]","[323.64, 80]","[325.98, 61]",321.37,370,4.54,0.24
07:47:04,"[317.46, 92]","[314.22, 113]","[321.66, 64]","[322.53, 57]",319.56,326,4.2,0.26
07:47:05,"[314.0, 61]","[313.0, 39]","[319.87, 23]","[322.5, 16]",316.93,139,5.87,0.44
07:47:06,"[315.37, 59]","[312.02, 49]","[318.8, 20]","[320.0, 40]",317.09,168,3.43,0.29
07:47:07,"[316.12, 24]","[312.0, 16]","[319.87, 15]","[331.48, 46]",318.0,101,3.74,-0.21
07:47:08,"[316.36, 28]","[310.56, 18]","[327.68, 25]","[333.91, 68]",322.02,139,11.32,-0.34
07:47:09,"[309.69, 26]","[308.62, 26]","[332.0, 104]","[336.0, 26]",320.85,182,22.31,-0.43
07:47:10,"[312.0, 105]","[310.0, 34]","[330.52, 61]","[331.55, 77]",321.26,277,18.52,0.0
07:47:11,"[312.63, 95]","[311.47, 38]","[329.31, 49]","[330.2, 71]",320.97,253,16.67,0.05
07:47:12,"[313.66, 92]","[312.87, 182]","[326.58, 74]","[327.77, 79]",320.12,427,12.92,0.28
07:47:13,"[315.9, 183]","[314.71, 31]","[318.0, 60]","[326.7, 79]",316.95,353,2.1,0.21
07:47:14,"[316.32, 134]","[313.02, 106]","[322.7, 63]","[327.76, 71]",319.51,374,6.38,0.28
07:47:15,"[318.02, 128]","[317.61, 23]","[326.0, 34]","[328.3, 30]",322.01,215,7.98,0.4
07:47:16,"[321.17, 149]","[319.99, 140]","[325.42, 57]","[328.37, 57]",323.29,403,4.25,0.43
07:47:17,"[322.06, 138]","[320.44, 124]","[324.13, 53]","[329.54, 61]",323.1,376,2.07,0.39
07:47:18,"[322.0, 143]","[307.0, 115]","[330.59, 34]","[332.41, 37]",326.29,329,8.59,0.57
07:47:19,"[323.45, 121]","[309.18, 77]","[332.0, 22]","[333.0, 33]",327.73,253,8.55,0.57
07:47:20,"[324.93, 108]","[316.1, 78]","[332.0, 20]","[333.0, 30]",328.46,236,7.07,0.58
07:47:21,"[329.0, 130]","[324.0, 143]","[332.0, 26]","[333.0, 39]",330.5,338,3.0,0.62
07:47:22,"[329.0, 90]","[324.0, 99]","[332.0, 18]","[333.0, 27]",330.5,234,3.0,0.62
07:47:23,"[326.86, 105]","[323.44, 71]","[332.0, 22]","[333.0, 33]",329.43,231,5.14,0.52
07:47:24,"[325.33, 43]","[324.49, 65]","[331.0, 20]","[332.0, 20]",328.16,148,5.67,0.46
07:47:25,"[325.26, 47]","[324.27, 90]","[331.0, 31]","[332.63, 43]",328.13,211,5.74,0.3
07:47:26,"[327.25, 51]","[324.43, 74]","[331.33, 36]","[333.28, 87]",329.29,248,4.08,0.01
07:47:27,"[330.0, 20]","[325.0, 40]","[331.24, 51]","[333.47, 51]",330.62,162,1.24,-0.26
07:47:28,"[330.0, 24]","[325.0, 48]","[331.0, 60]","[333.0, 36]",330.5,168,1.0,-0.14
07:47:29,"[330.0, 10]","[325.0, 20]","[331.0, 25]","[333.0, 15]",330.5,70,1.0,-0.14
07:47:30,"[330.0, 18]","[325.0, 36]","[331.0, 45]","[333.0, 27]",330.5,126,1.0,-0.14
07:47:31,"[325.31, 32]","[324.08, 52]","[330.68, 37]","[331.86, 35]",327.99,156,5.36,0.08
07:47:32,"[325.0, 30]","[323.43, 35]","[329.5, 30]","[331.2, 50]",327.25,145,4.5,-0.1
07:47:33,"[325.0, 30]","[320.0, 10]","[326.8, 30]","[333.97, 58]",325.9,128,1.8,-0.38
07:47:34,"[324.86, 28]","[321.67, 12]","[331.4, 60]","[335.14, 84]",328.13,184,6.54,-0.57
07:47:35,"[324.0, 8]","[320.0, 8]","[335.0, 72]","[336.0, 24]",329.5,112,11.0,-0.71
07:47:36,"[324.0, 7]","[320.0, 7]","[335.0, 63]","[336.0, 21]",329.5,98,11.0,-0.71
07:47:37,"[325.33, 12]","[321.75, 24]","[335.0, 99]","[336.0, 33]",330.17,168,9.67,-0.57
07:47:38,"[326.0, 8]","[325.0, 16]","[335.0, 72]","[336.0, 24]",330.5,120,9.0,-0.6
07:47:39,"[327.31, 26]","[325.58, 19]","[335.0, 135]","[336.0, 45]",331.15,225,7.69,-0.6
07:47:40,"[328.0, 30]","[326.0, 15]","[335.0, 135]","[336.0, 45]",331.5,225,7.0,-0.6
07:47:41,"[326.32, 19]","[323.52, 29]","[334.94, 86]","[335.38, 72]",330.63,206,8.63,-0.53
07:47:42,"[324.0, 17]","[320.0, 34]","[331.65, 17]","[334.89, 79]",327.82,147,7.65,-0.31
07:47:43,"[320.0, 9]","[317.33, 24]","[330.11, 9]","[335.0, 36]",325.06,78,10.11,-0.15
07:47:44,"[326.29, 21]","[319.4, 15]","[332.91, 55]","[336.42, 53]",329.6,144,6.62,-0.5
07:47:45,"[319.67, 39]","[318.67, 18]","[333.0, 50]","[336.0, 30]",326.33,137,13.33,-0.17
07:47:46,"[319.0, 53]","[318.0, 12]","[328.5, 24]","[333.4, 52]",323.75,141,9.5,-0.08
07:47:47,"[319.0, 52]","[318.0, 13]","[321.0, 13]","[332.24, 51]",320.0,129,2.0,0.01
07:47:48,"[319.0, 20]","[318.0, 5]","[330.43, 14]","[333.59, 17]",324.71,56,11.43,-0.11
07:47:49,"[317.7, 27]","[310.8, 30]","[331.2, 41]","[332.6, 30]",324.45,128,13.49,-0.11
07:47:50,"[315.5, 48]","[298.95, 42]","[331.0, 70]","[332.0, 40]",323.25,200,15.5,-0.1
07:47:51,"[318.0, 116]","[316.14, 56]","[329.55, 66]","[331.42, 66]",323.77,304,11.55,0.13
07:47:52,"[318.0, 130]","[306.87, 46]","[327.27, 30]","[329.21, 58]",322.63,264,9.27,0.33
07:47:53,"[318.0, 110]","[242.32, 19]","[327.0, 22]","[328.0, 44]",322.5,195,9.0,0.32
07:47:54,"[318.0, 28]","[271.2, 5]","[327.0, 8]","[328.0, 16]",322.5,57,9.0,0.16
07:47:55,"[318.0, 46]","[304.29, 42]","[326.25, 32]","[327.8, 30]",322.12,150,8.25,0.17
07:47:56,"[318.0, 26]","[317.0, 130]","[325.82, 22]","[326.53, 17]",321.91,195,7.82,0.6
07:47:57,"[318.0, 26]","[317.0, 145]","[323.92, 24]","[324.73, 15]",320.96,210,5.92,0.63
07:47:58,"[318.0, 16]","[317.0, 88]","[322.78, 9]","[325.82, 17]",320.39,130,4.78,0.6
07:47:59,"[318.0, 34]","[317.0, 187]","[322.24, 17]","[333.38, 116]",320.12,354,4.24,0.25
07:48:00,"[317.25, 56]","[302.32, 92]","[322.0, 13]","[334.0, 104]",319.62,265,4.75,0.12
07:48:01,"[317.7, 88]","[259.85, 54]","[326.8, 20]","[334.04, 100]",322.25,262,9.1,0.08
07:48:02,"[318.97, 121]","[318.09, 112]","[333.13, 103]","[333.36, 75]",326.05,411,14.16,0.13
07:48:03,"[321.56, 81]","[320.27, 127]","[334.0, 112]","[337.0, 70]",327.78,390,12.44,0.07
07:48:04,"[324.85, 124]","[323.75, 72]","[334.0, 88]","[336.25, 64]",329.42,348,9.15,0.13
07:48:05,"[331.93, 129]","[330.17, 36]","[333.9, 40]","[334.69, 52]",332.92,257,1.97,0.28
07:48:06,"[331.16, 55]","[327.0, 27]","[332.93, 14]","[334.0, 56]",332.05,152,1.76,0.08
07:48:07,"[327.0, 13]","[326.0, 13]","[331.0, 13]","[337.65, 102]",329.0,141,4.0,-0.63
07:48:08,"[327.33, 15]","[322.09, 23]","[330.15, 26]","[336.36, 47]",328.74,111,2.82,-0.32
07:48:09,"[317.48, 29]","[316.53, 19]","[328.18, 17]","[329.12, 16]",322.83,81,10.69,0.19
07:48:10,"[317.65, 43]","[316.81, 26]","[326.04, 23]","[327.15, 13]",321.85,105,8.39,0.31
07:48:11,"[319.31, 52]","[316.87, 31]","[325.17, 24]","[326.47, 15]",322.24,122,5.86,0.36
07:48:12,"[320.29, 56]","[314.13, 47]","[323.64, 14]","[325.0, 28]",321.96,145,3.36,0.42
07:48:13,"[320.19, 42]","[314.4, 20]","[328.44, 25]","[330.18, 44]",324.32,131,8.25,-0.05
07:48:14,"[316.0, 11]","[312.18, 44]","[324.47, 15]","[327.0, 34]",320.23,104,8.47,0.06
07:48:15,"[316.0, 6]","[314.0, 24]","[317.8, 10]","[328.0, 24]",316.9,64,1.8,-0.06
07:48:16,"[316.75, 16]","[314.55, 22]","[318.0, 20]","[330.0, 50]",317.38,108,1.25,-0.3
07:48:17,"[314.22, 18]","[312.67, 12]","[318.0, 12]","[330.0, 30]",316.11,72,3.78,-0.17
07:48:18,"[321.89, 71]","[313.03, 37]","[334.7, 54]","[335.69, 64]",328.3,226,12.82,-0.04
07:48:19,"[330.0, 65]","[314.0, 52]","[331.33, 42]","[335.23, 52]",330.67,211,1.33,0.11
07:48:20,"[330.0, 29]","[314.0, 52]","[331.0, 39]","[340.42, 38]",330.5,158,1.0,0.03
07:48:21,"[320.15, 13]","[313.91, 22]","[331.0, 21]","[338.0, 14]",325.58,70,10.85,0.0
07:48:22,"[314.0, 32]","[313.0, 8]","[321.0, 28]","[330.62, 24]",317.5,92,7.0,-0.13
07:48:23,"[314.0, 44]","[313.0, 11]","[321.0, 33]","[328.0, 33]",317.5,121,7.0,-0.09
07:48:24,"[314.0, 40]","[313.0, 10]","[321.0, 30]","[328.0, 30]",317.5,110,7.0,-0.09
07:48:25,"[314.0, 52]","[313.0, 13]","[325.04, 50]","[328.4, 40]",319.52,155,11.04,-0.16
07:48:26,"[315.55, 56]","[313.98, 85]","[322.55, 47]","[326.45, 66]",319.05,254,7.0,0.11
07:48:27,"[316.75, 32]","[314.0, 64]","[326.0, 48]","[328.75, 32]",321.38,176,9.25,0.09
07:48:28,"[317.75, 24]","[311.8, 15]","[326.0, 36]","[328.0, 24]",321.88,99,8.25,-0.21
07:48:29,"[319.25, 16]","[312.88, 8]","[326.0, 24]","[328.0, 16]",322.62,64,6.75,-0.25
07:48:30,"[320.8, 20]","[314.0, 10]","[326.0, 30]","[328.0, 20]",323.4,80,5.2,-0.25
07:48:31,"[323.25, 24]","[315.69, 13]","[326.0, 27]","[328.0, 18]",324.62,82,2.75,-0.1
07:48:32,"[322.79, 67]","[311.07, 90]","[325.04, 46]","[326.86, 37]",323.92,240,2.25,0.31
07:48:33,"[323.77, 83]","[320.11, 114]","[325.89, 45]","[326.97, 37]",324.83,279,2.12,0.41
07:48:34,"[323.7, 46]","[317.83, 58]","[326.0, 27]","[331.5, 24]",324.85,155,2.3,0.34
07:48:35,"[323.0, 48]","[314.0, 40]","[326.75, 24]","[333.0, 24]",324.88,136,3.75,0.29
07:48:36,"[325.69, 65]","[318.39, 56]","[329.0, 30]","[333.0, 30]",327.35,181,3.31,0.34
07:48:37,"[328.0, 63]","[326.76, 102]","[329.0, 25]","[333.0, 27]",328.5,217,1.0,0.52
07:48:38,"[327.39, 99]","[325.95, 114]","[329.0, 24]","[332.2, 30]",328.2,267,1.61,0.6
07:48:39,"[327.0, 96]","[323.0, 48]","[329.0, 16]","[331.0, 16]",328.0,176,2.0,0.64
07:48:40,"[327.0, 47]","[323.0, 36]","[328.29, 21]","[330.33, 18]",327.64,122,1.29,0.36
07:48:41,"[327.0, 16]","[323.0, 48]","[329.0, 16]","[331.0, 30]",328.0,110,2.0,0.16
07:48:42,"[327.0, 20]","[323.43, 42]","[329.0, 20]","[331.0, 30]",328.0,112,2.0,0.11
07:48:43,"[323.67, 55]","[318.46, 78]","[331.91, 35]","[336.5, 52]",327.79,220,8.24,0.21
07:48:44,"[323.0, 54]","[311.0, 54]","[334.0, 27]","[340.0, 45]",328.5,180,11.0,0.2
07:48:45,"[325.28, 58]","[315.93, 28]","[334.0, 24]","[340.0, 40]",329.64,150,8.72,0.15
07:48:46,"[329.0, 88]","[323.57, 42]","[333.47, 19]","[337.2, 30]",331.24,179,4.47,0.45
07:48:47,"[329.0, 132]","[325.0, 48]","[332.17, 24]","[339.06, 32]",330.58,236,3.17,0.53
07:48:48,"[329.0, 89]","[325.0, 44]","[331.0, 22]","[336.0, 22]",330.0,177,2.0,0.5
07:48:49,"[329.0, 49]","[325.0, 28]","[331.0, 14]","[337.71, 14]",330.0,105,2.0,0.47
07:48:50,"[329.0, 42]","[325.0, 24]","[330.17, 12]","[337.33, 12]",329.58,90,1.17,0.47
07:48:51,"[329.0, 35]","[325.0, 20]","[330.0, 10]","[337.0, 10]",329.5,75,1.0,0.47
07:48:52,"[329.0, 72]","[325.0, 44]","[330.64, 22]","[337.36, 22]",329.82,160,1.64,0.45
07:48:53,"[329.0, 20]","[325.0, 20]","[337.0, 10]","[339.4, 10]",333.0,60,8.0,0.33
07:48:54,"[329.0, 16]","[325.0, 16]","[337.0, 8]","[339.0, 8]",333.0,48,8.0,0.33
07:48:55,"[329.0, 40]","[325.0, 40]","[336.13, 15]","[337.0, 26]",332.57,121,7.13,0.32
07:48:56,"[329.0, 40]","[325.0, 40]","[333.4, 10]","[336.0, 40]",331.2,130,4.4,0.23
07:48:57,"[329.0, 37]","[325.0, 64]","[331.99, 71]","[336.0, 40]",330.49,212,2.99,-0.05
07:48:58,"[326.26, 57]","[320.13, 69]","[334.52, 31]","[339.21, 38]",330.39,195,8.25,0.29
