Time,Bid1,Bid2,Ask1,Ask2,Mid-Price,Total_volume,Bid_ask_spread,Order_imbalance
07:30:00,"[0, 0]","[0, 0]","[0, 0]","[0, 0]",0.0,0,0.0,0.0
07:30:01,"[46.33, 15]","[25.0, 20]","[429.33, 15]","[0, 0]",237.83,50,383.0,0.4
07:30:02,"[109.16, 38]","[99.44, 32]","[490.0, 35]","[0, 0]",299.58,105,380.84,0.33
07:30:03,"[113.0, 6]","[112.0, 6]","[685.0, 5]","[0, 0]",399.0,17,572.0,0.41
07:30:04,"[113.0, 13]","[112.0, 18]","[685.0, 15]","[0, 0]",399.0,46,572.0,0.35
07:30:05,"[113.0, 3]","[112.0, 18]","[127.0, 6]","[426.33, 15]",120.0,42,14.0,0.0
07:30:06,"[113.0, 5]","[112.0, 30]","[127.0, 10]","[566.2, 25]",120.0,70,14.0,0.0
07:30:07,"[112.11, 9]","[91.33, 18]","[127.0, 10]","[566.6, 25]",119.56,62,14.89,-0.13
07:30:08,"[112.0, 8]","[81.0, 12]","[127.0, 8]","[516.75, 20]",119.5,48,15.0,-0.17
07:30:09,"[112.0, 12]","[90.74, 19]","[127.0, 12]","[342.67, 30]",119.5,73,15.0,-0.15
07:30:10,"[112.0, 6]","[110.0, 15]","[127.0, 6]","[478.0, 15]",119.5,42,15.0,0.0
07:30:11,"[112.0, 12]","[110.0, 15]","[126.0, 12]","[127.0, 6]",119.0,45,14.0,0.2
07:30:12,"[112.0, 40]","[110.0, 25]","[124.91, 22]","[126.25, 16]",118.45,103,12.91,0.26
07:30:13,"[112.0, 24]","[110.0, 40]","[122.29, 34]","[123.88, 34]",117.15,132,10.29,-0.03
07:30:14,"[112.0, 27]","[110.0, 45]","[118.12, 34]","[119.3, 20]",115.06,126,6.12,0.14
07:30:15,"[112.0, 23]","[110.0, 40]","[115.5, 32]","[116.44, 32]",113.75,127,3.5,-0.01
07:30:16,"[110.0, 50]","[106.0, 20]","[113.8, 40]","[115.4, 40]",111.9,150,3.8,-0.07
07:30:17,"[110.0, 60]","[107.35, 31]","[111.17, 48]","[112.33, 48]",110.58,187,1.17,-0.03
07:30:18,"[108.5, 24]","[107.6, 30]","[110.58, 48]","[112.24, 34]",109.54,136,2.08,-0.21
07:30:19,"[107.68, 25]","[99.33, 24]","[109.89, 36]","[111.0, 32]",108.78,117,2.21,-0.16
07:30:20,"[106.0, 30]","[83.75, 97]","[109.48, 31]","[110.8, 30]",107.74,188,3.48,0.35
07:30:21,"[106.0, 15]","[105.0, 11]","[107.16, 19]","[111.64, 45]",106.58,90,1.16,-0.42
07:30:22,"[93.0, 13]","[90.15, 26]","[96.74, 19]","[106.14, 28]",94.87,86,3.74,-0.09
07:30:23,"[92.23, 70]","[83.63, 142]","[106.44, 36]","[108.16, 49]",99.34,297,14.22,0.43
07:30:24,"[98.09, 44]","[96.0, 44]","[103.74, 38]","[105.65, 34]",100.91,160,5.65,0.1
07:30:25,"[98.49, 43]","[95.45, 49]","[101.39, 36]","[104.14, 28]",99.94,156,2.9,0.18
07:30:26,"[97.05, 79]","[95.88, 75]","[100.82, 38]","[102.7, 40]",98.93,232,3.77,0.33
07:30:27,"[97.0, 91]","[95.62, 52]","[102.4, 30]","[103.5, 56]",99.7,229,5.4,0.25
07:30:28,"[96.88, 88]","[95.91, 45]","[100.81, 54]","[101.91, 46]",98.84,233,3.94,0.14
07:30:29,"[96.03, 91]","[95.22, 41]","[100.62, 32]","[101.81, 79]",98.33,243,4.59,0.09
07:30:30,"[97.0, 5]","[96.0, 55]","[101.0, 10]","[102.0, 40]",99.0,110,4.0,0.09
07:30:31,"[99.47, 15]","[96.13, 69]","[101.33, 24]","[103.52, 67]",100.4,175,1.87,-0.04
07:30:32,"[100.0, 15]","[99.0, 5]","[101.8, 30]","[203.62, 16]",100.9,66,1.8,-0.39
07:30:33,"[96.42, 72]","[94.91, 69]","[101.94, 48]","[372.0, 23]",99.18,212,5.52,0.33
07:30:34,"[96.0, 88]","[95.0, 48]","[99.33, 18]","[101.52, 29]",97.67,183,3.33,0.49
07:30:35,"[96.0, 66]","[94.26, 38]","[102.0, 18]","[122.5, 16]",99.0,138,6.0,0.51
07:30:37,"[96.0, 63]","[93.0, 35]","[102.0, 15]","[131.0, 20]",99.0,133,6.0,0.47
07:30:38,"[96.0, 99]","[93.0, 63]","[102.0, 18]","[131.0, 36]",99.0,216,6.0,0.5
07:30:39,"[96.1, 49]","[94.99, 83]","[100.82, 11]","[112.55, 22]",98.46,165,4.72,0.6
07:30:40,"[96.71, 7]","[94.93, 56]","[100.0, 7]","[102.0, 14]",98.36,84,3.29,0.5
07:30:41,"[108.0, 15]","[94.63, 30]","[166.82, 17]","[342.4, 30]",137.41,92,58.82,-0.02
07:30:42,"[111.0, 18]","[103.0, 9]","[174.22, 18]","[493.8, 30]",142.61,75,63.22,-0.28
07:30:43,"[111.0, 20]","[103.0, 10]","[344.55, 22]","[567.75, 32]",227.77,84,233.55,-0.29
07:30:44,"[111.0, 18]","[103.0, 9]","[225.22, 18]","[380.0, 18]",168.11,63,114.22,-0.14
07:30:45,"[111.0, 20]","[103.0, 10]","[290.85, 27]","[390.14, 21]",200.93,78,179.85,-0.23
07:30:46,"[111.0, 20]","[107.8, 30]","[244.44, 25]","[273.81, 32]",177.72,107,133.44,-0.07
07:30:47,"[105.67, 9]","[95.12, 24]","[167.18, 22]","[213.0, 12]",136.42,67,61.52,-0.01
07:30:48,"[95.0, 9]","[94.0, 63]","[164.64, 33]","[201.4, 20]",129.82,125,69.64,0.15
07:30:49,"[95.0, 11]","[94.0, 77]","[155.74, 34]","[181.13, 23]",125.37,145,60.74,0.21
07:30:50,"[95.0, 11]","[94.0, 77]","[127.98, 46]","[180.87, 23]",111.49,157,32.98,0.12
07:30:51,"[95.2, 10]","[94.02, 57]","[100.05, 41]","[126.12, 34]",97.62,142,4.85,-0.06
07:30:52,"[98.57, 14]","[97.09, 11]","[101.0, 9]","[209.73, 30]",99.79,64,2.43,-0.22
07:30:53,"[99.47, 15]","[97.67, 9]","[109.71, 14]","[189.0, 18]",104.59,56,10.25,-0.14
07:30:54,"[96.36, 22]","[92.88, 89]","[99.64, 28]","[107.9, 51]",98.0,190,3.28,0.17
07:30:55,"[81.19, 27]","[71.26, 23]","[98.4, 20]","[100.25, 32]",89.79,102,17.21,-0.02
07:30:56,"[76.44, 9]","[61.47, 45]","[100.43, 21]","[101.23, 39]",88.44,114,23.98,-0.05
07:30:57,"[77.33, 6]","[34.5, 28]","[101.0, 18]","[102.0, 18]",89.17,70,23.67,-0.03
07:30:58,"[79.86, 14]","[71.5, 20]","[215.5, 14]","[230.57, 21]",147.68,69,135.64,-0.01
07:30:59,"[96.09, 23]","[93.85, 39]","[300.11, 27]","[358.67, 30]",198.1,119,204.02,0.04
07:31:00,"[98.75, 20]","[98.12, 33]","[186.23, 26]","[253.09, 23]",142.49,102,87.48,0.04
07:31:01,"[98.15, 39]","[95.86, 65]","[101.25, 32]","[143.22, 36]",99.7,172,3.1,0.21
07:31:02,"[98.05, 38]","[95.33, 54]","[100.0, 28]","[102.0, 28]",99.03,148,1.95,0.24
07:31:03,"[99.0, 22]","[97.89, 74]","[100.25, 48]","[125.45, 47]",99.62,191,1.25,0.01
07:31:04,"[99.8, 15]","[97.4, 30]","[103.0, 27]","[296.0, 33]",101.4,105,3.2,-0.14
07:31:05,"[98.13, 23]","[93.87, 30]","[103.0, 27]","[436.71, 34]",100.57,114,4.87,-0.07
07:31:06,"[97.0, 56]","[52.0, 42]","[103.0, 11]","[371.85, 27]",100.0,136,6.0,0.44
07:31:07,"[97.0, 38]","[57.43, 35]","[103.0, 6]","[193.8, 20]",100.0,99,6.0,0.47
07:31:08,"[97.0, 8]","[96.0, 20]","[103.0, 4]","[105.0, 12]",100.0,44,6.0,0.27
07:31:09,"[97.0, 16]","[96.0, 40]","[103.0, 8]","[105.0, 24]",100.0,88,6.0,0.27
07:31:10,"[97.94, 32]","[96.15, 41]","[104.85, 26]","[112.7, 30]",101.39,129,6.91,0.13
07:31:11,"[99.0, 14]","[97.86, 14]","[202.57, 21]","[288.5, 22]",150.79,71,103.57,-0.21
07:31:12,"[99.62, 16]","[97.0, 31]","[243.66, 29]","[336.74, 27]",171.64,103,144.03,-0.09
07:31:13,"[106.0, 19]","[100.0, 22]","[207.43, 23]","[325.0, 34]",156.72,98,101.43,-0.16
07:31:14,"[98.36, 28]","[77.15, 61]","[200.22, 9]","[201.42, 19]",149.29,117,101.87,0.52
07:31:15,"[98.6, 50]","[81.6, 100]","[198.8, 10]","[266.4, 30]",148.7,190,100.2,0.58
07:31:16,"[101.0, 11]","[97.0, 48]","[197.75, 8]","[316.0, 24]",149.38,91,96.75,0.3
07:31:17,"[106.45, 33]","[98.43, 14]","[194.71, 14]","[304.1, 20]",150.58,81,88.26,0.16
07:31:18,"[102.47, 53]","[101.5, 82]","[162.09, 11]","[260.0, 17]",132.28,163,59.62,0.66
07:31:19,"[107.0, 27]","[103.23, 22]","[159.67, 9]","[223.77, 13]",133.33,71,52.67,0.38
07:31:20,"[108.0, 27]","[107.0, 27]","[173.29, 17]","[215.54, 13]",140.65,84,65.29,0.29
07:31:21,"[111.53, 36]","[110.02, 42]","[169.94, 35]","[170.65, 17]",140.74,130,58.42,0.2
07:31:22,"[112.2, 45]","[110.8, 30]","[169.0, 12]","[197.31, 32]",140.6,119,56.8,0.26
07:31:23,"[111.83, 36]","[109.22, 23]","[149.94, 17]","[353.12, 17]",130.89,93,38.11,0.27
07:31:24,"[113.25, 56]","[110.67, 21]","[166.78, 27]","[178.5, 38]",140.01,142,53.53,0.08
07:31:25,"[113.92, 100]","[111.59, 34]","[161.68, 47]","[163.27, 44]",137.8,225,47.76,0.19
07:31:26,"[110.0, 14]","[106.94, 54]","[159.07, 56]","[161.0, 14]",134.54,138,49.07,-0.01
07:31:27,"[111.11, 18]","[107.35, 123]","[158.23, 35]","[158.77, 26]",134.67,202,47.12,0.4
07:31:28,"[112.0, 32]","[110.0, 16]","[153.74, 27]","[154.22, 51]",132.87,126,41.74,-0.24
07:31:29,"[111.33, 21]","[108.41, 82]","[148.02, 42]","[151.25, 32]",129.68,177,36.69,0.16
07:31:30,"[110.0, 11]","[108.0, 110]","[146.52, 23]","[147.62, 39]",128.26,183,36.52,0.32
07:31:31,"[108.41, 34]","[107.61, 115]","[118.0, 22]","[134.75, 16]",113.21,187,9.59,0.59
07:31:32,"[108.0, 81]","[107.0, 135]","[113.77, 26]","[114.21, 14]",110.88,256,5.77,0.69
07:31:33,"[108.0, 90]","[107.0, 150]","[111.5, 16]","[112.94, 34]",109.75,290,3.5,0.66
07:31:34,"[108.0, 82]","[107.0, 180]","[109.17, 36]","[160.09, 34]",108.58,332,1.17,0.58
07:31:35,"[109.0, 19]","[107.71, 51]","[450.54, 26]","[666.03, 31]",279.77,127,341.54,0.1
07:31:36,"[109.91, 11]","[107.32, 88]","[226.29, 17]","[233.82, 44]",168.1,160,116.39,0.24
07:31:37,"[107.03, 108]","[106.42, 108]","[155.85, 26]","[168.29, 28]",131.44,270,48.82,0.6
07:31:38,"[107.0, 135]","[106.0, 99]","[160.36, 55]","[162.0, 44]",133.68,333,53.36,0.41
07:31:39,"[107.0, 120]","[106.0, 90]","[160.0, 50]","[172.14, 37]",133.5,297,53.0,0.41
07:31:40,"[107.0, 108]","[106.0, 81]","[158.11, 45]","[592.83, 24]",132.56,258,51.11,0.47
07:31:41,"[107.08, 78]","[106.57, 126]","[157.38, 52]","[420.0, 32]",132.23,288,50.31,0.42
07:31:42,"[108.0, 7]","[107.0, 84]","[155.14, 35]","[157.0, 7]",131.57,133,47.14,0.37
07:31:43,"[108.0, 11]","[107.0, 132]","[154.44, 27]","[155.21, 39]",131.22,209,46.44,0.37
07:31:44,"[108.0, 6]","[107.0, 72]","[150.57, 14]","[151.09, 22]",129.29,114,42.57,0.37
07:31:45,"[110.73, 44]","[107.57, 60]","[147.75, 36]","[148.33, 60]",129.24,200,37.02,0.04
07:31:46,"[111.0, 20]","[110.0, 10]","[147.0, 10]","[148.0, 50]",129.0,90,36.0,-0.33
07:31:47,"[111.0, 12]","[110.0, 6]","[146.17, 6]","[148.0, 30]",128.58,54,35.17,-0.33
07:31:48,"[110.5, 12]","[108.13, 45]","[145.89, 9]","[148.0, 45]",128.19,111,35.39,0.03
07:31:49,"[110.0, 12]","[108.0, 72]","[144.17, 12]","[148.0, 60]",127.08,156,34.17,0.08
07:31:50,"[110.97, 29]","[109.4, 20]","[136.63, 19]","[147.94, 71]",123.8,139,25.67,-0.29
07:31:51,"[108.5, 36]","[107.36, 25]","[120.67, 24]","[147.33, 24]",114.58,109,12.17,0.12
07:31:52,"[108.0, 68]","[107.0, 54]","[142.6, 15]","[206.44, 48]",125.3,185,34.6,0.32
07:31:53,"[108.11, 36]","[107.33, 24]","[141.18, 11]","[142.05, 19]",124.65,90,33.07,0.33
07:31:54,"[108.08, 48]","[107.27, 30]","[139.47, 15]","[141.88, 25]",123.78,118,31.38,0.32
07:31:55,"[108.0, 24]","[107.0, 12]","[138.0, 18]","[139.0, 6]",123.0,60,30.0,0.2
07:31:56,"[108.0, 36]","[107.0, 18]","[137.58, 19]","[138.29, 17]",122.79,90,29.58,0.2
07:31:57,"[111.26, 108]","[107.76, 42]","[132.67, 18]","[133.95, 22]",121.96,190,21.41,0.58
07:31:58,"[112.0, 134]","[108.0, 56]","[128.85, 26]","[130.32, 22]",120.42,238,16.85,0.6
07:31:59,"[112.0, 64]","[108.0, 44]","[125.05, 39]","[126.06, 18]",118.53,165,13.05,0.31
07:32:00,"[112.0, 44]","[108.0, 52]","[121.07, 43]","[122.96, 46]",116.53,185,9.07,0.04
07:32:01,"[110.9, 58]","[107.88, 64]","[116.0, 61]","[117.03, 72]",113.45,255,5.1,-0.04
07:32:02,"[108.0, 40]","[107.0, 22]","[111.92, 26]","[114.38, 29]",109.96,117,3.92,0.06
07:32:03,"[106.34, 88]","[105.71, 97]","[108.6, 25]","[110.38, 29]",107.47,239,2.26,0.55
07:32:04,"[106.0, 91]","[103.0, 24]","[362.82, 28]","[474.74, 34]",234.41,177,256.82,0.3
07:32:05,"[106.0, 24]","[103.0, 12]","[365.27, 26]","[632.67, 18]",235.63,80,259.27,-0.1
07:32:06,"[106.0, 21]","[103.0, 14]","[299.67, 27]","[414.79, 29]",202.83,91,193.67,-0.23
07:32:07,"[106.0, 18]","[103.0, 18]","[337.45, 31]","[387.91, 35]",221.73,102,231.45,-0.29
07:32:08,"[103.43, 14]","[92.33, 18]","[240.85, 39]","[384.0, 33]",172.14,104,137.42,-0.38
07:32:09,"[105.36, 14]","[83.15, 13]","[217.0, 58]","[323.25, 12]",161.18,97,111.64,-0.44
07:32:10,"[107.4, 15]","[75.54, 13]","[320.04, 23]","[592.57, 21]",213.72,72,212.64,-0.22
07:32:11,"[82.65, 23]","[67.89, 47]","[99.61, 31]","[402.4, 30]",91.13,131,16.96,0.07
07:32:12,"[82.0, 22]","[74.55, 29]","[96.0, 39]","[103.0, 18]",89.0,108,14.0,-0.06
07:32:13,"[85.13, 23]","[84.12, 17]","[96.35, 23]","[102.25, 16]",90.74,79,11.22,0.01
07:32:14,"[91.36, 33]","[88.58, 45]","[99.91, 23]","[127.65, 43]",95.64,144,8.55,0.08
07:32:15,"[100.57, 23]","[98.35, 20]","[344.0, 21]","[591.59, 29]",222.28,93,243.43,-0.08
07:32:16,"[103.0, 34]","[100.94, 31]","[256.55, 47]","[575.07, 44]",179.78,156,153.55,-0.17
07:32:17,"[107.82, 34]","[104.67, 40]","[446.07, 54]","[535.0, 46]",276.95,174,338.25,-0.15
07:32:18,"[108.0, 36]","[100.0, 60]","[442.58, 60]","[443.92, 60]",275.29,216,334.58,-0.11
07:32:19,"[108.0, 18]","[98.11, 28]","[405.57, 28]","[442.17, 30]",256.79,104,297.57,-0.12
07:32:20,"[108.0, 21]","[98.0, 35]","[111.08, 25]","[258.38, 26]",109.54,107,3.08,0.05
07:32:21,"[100.57, 28]","[88.92, 37]","[107.0, 35]","[108.91, 33]",103.79,133,6.43,-0.02
07:32:22,"[98.93, 29]","[74.92, 36]","[101.79, 34]","[103.03, 34]",100.36,133,2.86,-0.02
07:32:23,"[97.0, 21]","[43.0, 21]","[98.03, 31]","[99.45, 11]",97.52,84,1.03,0.0
07:32:24,"[50.71, 21]","[16.33, 33]","[98.0, 70]","[99.0, 7]",74.36,131,47.29,-0.18
07:32:25,"[56.9, 30]","[41.24, 34]","[97.82, 55]","[98.38, 16]",77.36,135,40.92,-0.05
07:32:26,"[86.0, 12]","[45.0, 10]","[97.6, 10]","[99.32, 31]",91.8,63,11.6,-0.3
07:32:27,"[25.0, 7]","[0, 0]","[99.0, 18]","[223.57, 23]",62.0,48,74.0,-0.71
07:32:28,"[86.17, 12]","[91.0, 4]","[96.0, 16]","[98.0, 8]",91.08,40,9.83,-0.2
07:32:29,"[92.0, 14]","[61.79, 39]","[96.0, 14]","[98.0, 7]",94.0,74,4.0,0.43
07:32:30,"[92.0, 8]","[65.0, 68]","[96.0, 8]","[98.0, 4]",94.0,88,4.0,0.73
07:32:31,"[92.33, 12]","[65.0, 102]","[97.0, 8]","[99.62, 16]",94.67,138,4.67,0.65
07:32:32,"[93.0, 12]","[70.0, 102]","[96.0, 10]","[98.91, 11]",94.5,135,3.0,0.69
07:32:33,"[72.48, 65]","[69.84, 88]","[94.0, 24]","[98.0, 16]",83.24,193,21.52,0.59
07:32:34,"[55.78, 77]","[45.07, 86]","[94.0, 39]","[98.0, 39]",74.89,241,38.22,0.35
07:32:35,"[76.55, 42]","[59.45, 172]","[94.0, 30]","[98.0, 45]",85.27,289,17.45,0.48
07:32:36,"[91.84, 61]","[88.18, 68]","[99.33, 36]","[100.29, 14]",95.58,179,7.5,0.44
07:32:37,"[93.34, 58]","[92.93, 143]","[100.0, 36]","[102.0, 9]",96.67,246,6.66,0.63
07:32:38,"[96.69, 181]","[93.46, 95]","[100.0, 52]","[102.0, 13]",98.35,341,3.31,0.62
07:32:39,"[98.06, 101]","[97.7, 67]","[100.0, 32]","[102.0, 8]",99.03,208,1.94,0.62
07:32:40,"[100.43, 137]","[98.56, 200]","[136.94, 32]","[210.43, 28]",118.68,397,36.51,0.7
07:32:41,"[111.05, 80]","[108.66, 131]","[217.0, 20]","[225.0, 20]",164.03,251,105.95,0.68
07:32:42,"[113.0, 11]","[111.0, 121]","[256.33, 27]","[412.12, 26]",184.67,185,143.33,0.43
07:32:43,"[113.0, 9]","[111.0, 99]","[202.44, 27]","[273.64, 22]",157.72,157,89.44,0.38
07:32:44,"[111.4, 55]","[110.31, 157]","[146.55, 31]","[244.45, 44]",128.97,287,35.15,0.48
07:32:45,"[111.0, 104]","[108.0, 106]","[284.84, 25]","[367.16, 25]",197.92,260,173.84,0.62
07:32:46,"[108.47, 114]","[104.25, 96]","[323.48, 44]","[338.41, 34]",215.98,288,215.0,0.46
07:32:47,"[108.0, 108]","[103.0, 81]","[249.71, 28]","[260.72, 29]",178.86,246,141.71,0.54
07:32:48,"[108.0, 47]","[103.0, 36]","[136.75, 20]","[139.0, 8]",122.38,111,28.75,0.5
07:32:49,"[108.09, 136]","[104.45, 152]","[134.75, 80]","[205.62, 39]",121.42,407,26.66,0.42
07:32:50,"[108.04, 73]","[103.66, 83]","[132.56, 45]","[273.0, 18]",120.3,219,24.51,0.42
07:32:51,"[108.67, 54]","[106.39, 116]","[129.67, 54]","[252.32, 38]",119.17,262,21.0,0.3
07:32:52,"[108.4, 40]","[106.75, 96]","[132.0, 40]","[332.36, 22]",120.2,198,23.6,0.37
07:32:53,"[108.0, 90]","[106.0, 150]","[131.02, 44]","[152.12, 43]",119.51,327,23.02,0.47
07:32:54,"[108.07, 112]","[106.3, 240]","[126.85, 66]","[127.72, 72]",117.46,490,18.78,0.44
07:32:55,"[108.0, 96]","[106.0, 192]","[124.83, 36]","[127.0, 60]",116.42,384,16.83,0.5
07:32:56,"[108.77, 70]","[106.74, 124]","[122.46, 56]","[123.53, 53]",115.62,303,13.69,0.28
07:32:57,"[112.15, 48]","[111.04, 56]","[119.46, 48]","[121.43, 56]",115.8,208,7.31,0.0
07:32:58,"[110.43, 21]","[108.08, 60]","[116.4, 55]","[117.39, 44]",113.41,180,5.97,-0.1
07:32:59,"[108.14, 35]","[106.43, 115]","[110.67, 42]","[112.35, 34]",109.4,226,2.52,0.33
07:33:00,"[106.32, 126]","[104.36, 132]","[108.17, 47]","[110.05, 37]",107.24,342,1.85,0.51
07:33:01,"[106.0, 27]","[103.0, 63]","[142.32, 31]","[245.64, 22]",124.16,143,36.32,0.26
07:33:02,"[108.73, 22]","[103.47, 64]","[277.11, 35]","[584.11, 47]",192.92,168,168.39,0.02
07:33:03,"[112.0, 16]","[106.0, 16]","[244.83, 18]","[489.12, 26]",178.42,76,132.83,-0.16
07:33:04,"[112.0, 22]","[106.0, 22]","[337.0, 30]","[423.8, 25]",224.5,99,225.0,-0.11
07:33:05,"[110.36, 11]","[105.27, 11]","[280.86, 21]","[578.0, 14]",195.61,57,170.49,-0.23
07:33:06,"[108.95, 179]","[105.44, 16]","[324.63, 27]","[443.62, 24]",216.79,246,215.68,0.59
07:33:07,"[109.0, 200]","[106.0, 40]","[296.06, 18]","[296.33, 42]",202.53,300,187.06,0.6
07:33:08,"[110.32, 91]","[108.8, 182]","[228.78, 49]","[240.12, 25]",169.55,347,118.46,0.57
07:33:09,"[112.0, 52]","[109.0, 225]","[226.0, 65]","[229.0, 13]",169.0,355,114.0,0.56
07:33:10,"[112.04, 46]","[109.06, 194]","[210.05, 22]","[225.15, 48]",161.04,310,98.0,0.55
07:33:11,"[113.0, 26]","[112.0, 52]","[221.6, 57]","[223.95, 21]",167.3,156,108.6,0.0
07:33:12,"[113.0, 24]","[112.0, 52]","[205.55, 49]","[220.73, 33]",159.28,158,92.55,-0.04
07:33:13,"[113.0, 10]","[112.0, 40]","[217.3, 27]","[219.25, 36]",165.15,113,104.3,-0.12
07:33:14,"[113.0, 11]","[112.0, 44]","[209.17, 24]","[214.0, 31]",161.08,110,96.17,0.0
07:33:15,"[111.4, 30]","[111.71, 28]","[203.5, 38]","[205.7, 37]",157.45,133,92.1,-0.13
07:33:16,"[111.08, 26]","[110.38, 16]","[202.02, 51]","[203.12, 32]",156.55,125,90.94,-0.33
07:33:17,"[109.07, 116]","[108.13, 60]","[198.56, 25]","[199.72, 39]",153.81,240,89.49,0.47
07:33:18,"[109.0, 224]","[108.0, 112]","[190.76, 55]","[194.41, 59]",149.88,450,81.76,0.49
07:33:19,"[109.0, 176]","[108.0, 88]","[155.51, 37]","[157.36, 44]",132.26,345,46.51,0.53
07:33:20,"[109.0, 160]","[108.0, 80]","[137.15, 26]","[139.33, 24]",123.08,290,28.15,0.66
07:33:21,"[109.0, 131]","[108.0, 88]","[132.11, 36]","[133.39, 49]",120.56,304,23.11,0.44
07:33:22,"[109.0, 119]","[108.0, 104]","[128.56, 36]","[130.24, 42]",118.78,301,19.56,0.48
07:33:23,"[109.29, 28]","[108.56, 72]","[126.26, 38]","[127.59, 34]",117.77,172,16.98,0.16
07:33:24,"[109.19, 64]","[108.37, 68]","[119.29, 82]","[121.08, 78]",114.24,292,10.11,-0.1
07:33:25,"[108.27, 75]","[107.16, 95]","[110.0, 26]","[111.0, 44]",109.13,240,1.73,0.42
07:33:26,"[108.0, 100]","[106.0, 112]","[109.15, 52]","[111.33, 36]",108.58,300,1.15,0.41
07:33:27,"[108.0, 13]","[106.0, 72]","[109.6, 20]","[178.89, 18]",108.8,123,1.6,0.38
07:33:28,"[106.8, 41]","[105.74, 35]","[170.88, 16]","[469.88, 16]",138.84,108,64.07,0.41
07:33:29,"[108.0, 90]","[106.0, 40]","[206.86, 29]","[245.82, 22]",157.43,181,98.86,0.44
07:33:30,"[108.0, 90]","[106.0, 40]","[204.5, 30]","[206.0, 30]",156.25,190,96.5,0.37
07:33:31,"[108.0, 54]","[106.0, 24]","[185.6, 15]","[204.0, 18]",146.8,111,77.6,0.41
07:33:32,"[108.37, 82]","[107.17, 77]","[131.32, 41]","[145.15, 40]",119.84,240,22.95,0.33
07:33:33,"[108.0, 77]","[106.0, 44]","[116.55, 33]","[118.64, 33]",112.27,187,8.55,0.29
07:33:34,"[108.08, 24]","[106.4, 30]","[115.38, 24]","[116.5, 24]",111.73,102,7.29,0.06
07:33:35,"[111.59, 37]","[108.35, 23]","[113.21, 28]","[114.31, 39]",112.4,127,1.62,-0.06
07:33:36,"[112.0, 22]","[108.25, 20]","[113.52, 29]","[115.0, 30]",112.76,101,1.52,-0.17
07:33:37,"[108.23, 35]","[106.21, 29]","[112.43, 30]","[191.25, 32]",110.33,126,4.2,0.02
07:33:38,"[106.53, 34]","[104.12, 40]","[109.1, 10]","[339.41, 27]",107.81,111,2.57,0.33
07:33:39,"[106.0, 45]","[103.0, 45]","[146.67, 15]","[333.12, 34]",126.33,139,40.67,0.29
07:33:40,"[105.7, 47]","[102.85, 55]","[192.02, 45]","[456.72, 39]",148.86,186,86.32,0.1
07:33:41,"[109.09, 11]","[107.73, 11]","[209.0, 32]","[606.0, 25]",159.05,79,99.91,-0.44
07:33:42,"[112.0, 7]","[110.0, 7]","[319.77, 26]","[692.23, 26]",215.88,66,207.77,-0.58
07:33:43,"[111.83, 12]","[108.83, 12]","[300.7, 23]","[419.51, 39]",206.26,86,188.86,-0.44
07:33:44,"[106.14, 14]","[103.75, 16]","[181.38, 8]","[259.44, 27]",143.76,65,75.23,-0.08
07:33:45,"[108.23, 13]","[103.26, 23]","[181.0, 12]","[354.7, 43]",144.62,91,72.77,-0.21
07:33:46,"[103.0, 14]","[102.0, 28]","[181.0, 7]","[296.2, 20]",142.0,69,78.0,0.22
07:33:47,"[103.0, 32]","[101.09, 44]","[180.08, 13]","[233.0, 26]",141.54,115,77.08,0.32
07:33:48,"[102.91, 11]","[98.18, 22]","[178.5, 6]","[290.33, 12]",140.7,51,75.59,0.29
07:33:49,"[57.57, 21]","[48.24, 25]","[104.49, 37]","[264.14, 14]",81.03,97,46.92,-0.05
07:33:50,"[76.89, 19]","[55.52, 23]","[98.0, 60]","[100.0, 11]",87.45,113,21.11,-0.26
07:33:51,"[83.21, 38]","[75.69, 26]","[98.0, 38]","[100.0, 10]",90.61,112,14.79,0.14
07:33:52,"[77.59, 41]","[44.42, 31]","[121.73, 22]","[416.78, 18]",99.66,112,44.14,0.29
07:33:53,"[81.75, 56]","[72.84, 25]","[96.0, 39]","[127.0, 30]",88.88,150,14.25,0.08
07:33:54,"[89.29, 42]","[87.0, 14]","[112.41, 17]","[113.29, 21]",100.85,94,23.13,0.19
07:33:55,"[93.38, 32]","[90.75, 16]","[149.24, 17]","[369.71, 14]",121.31,79,55.86,0.22
07:33:56,"[98.17, 36]","[94.5, 12]","[188.0, 12]","[430.67, 18]",143.08,78,89.83,0.23
07:33:57,"[99.8, 60]","[66.78, 45]","[102.0, 20]","[295.86, 28]",100.9,153,2.2,0.37
07:33:58,"[81.88, 32]","[50.74, 23]","[119.78, 18]","[327.67, 12]",100.83,85,37.9,0.29
07:33:59,"[58.41, 37]","[57.52, 27]","[353.56, 16]","[517.55, 11]",205.98,91,295.16,0.41
07:34:00,"[87.62, 26]","[72.91, 23]","[320.11, 19]","[431.29, 14]",203.86,82,232.49,0.2
07:34:01,"[102.75, 72]","[97.43, 74]","[139.61, 41]","[147.87, 47]",121.18,234,36.86,0.25
07:34:02,"[103.26, 89]","[102.02, 89]","[136.83, 48]","[140.12, 43]",120.05,269,33.57,0.32
07:34:03,"[108.21, 82]","[106.66, 89]","[134.86, 42]","[153.12, 40]",121.53,253,26.65,0.35
07:34:04,"[110.25, 60]","[109.0, 84]","[132.36, 33]","[134.15, 34]",121.31,211,22.11,0.36
07:34:05,"[110.75, 57]","[108.85, 82]","[128.55, 33]","[130.0, 22]",119.65,194,17.79,0.43
07:34:06,"[109.28, 39]","[108.54, 104]","[127.08, 36]","[128.11, 35]",118.18,214,17.8,0.34
07:34:07,"[109.05, 38]","[108.09, 79]","[126.0, 21]","[127.0, 21]",117.53,159,16.95,0.47
07:34:08,"[112.67, 54]","[110.0, 54]","[123.25, 36]","[124.5, 36]",117.96,180,10.58,0.2
07:34:09,"[113.0, 18]","[112.0, 39]","[119.08, 39]","[120.15, 39]",116.04,135,6.08,-0.16
07:34:10,"[108.0, 118]","[102.13, 31]","[116.0, 33]","[117.0, 33]",112.0,215,8.0,0.39
07:34:11,"[108.51, 105]","[107.7, 53]","[113.87, 38]","[115.0, 36]",111.19,232,5.35,0.36
07:34:12,"[108.5, 60]","[107.85, 68]","[110.53, 32]","[112.33, 36]",109.52,196,2.03,0.31
07:34:13,"[108.0, 51]","[106.0, 10]","[109.54, 26]","[115.82, 28]",108.77,115,1.54,0.06
07:34:14,"[107.93, 15]","[106.75, 8]","[109.94, 17]","[117.14, 22]",108.94,62,2.01,-0.26
07:34:15,"[106.82, 11]","[104.8, 15]","[111.0, 33]","[266.79, 42]",108.91,101,4.18,-0.49
07:34:16,"[106.0, 5]","[103.0, 15]","[110.2, 15]","[297.65, 23]",108.1,58,4.2,-0.31
07:34:17,"[103.58, 19]","[102.44, 27]","[109.44, 27]","[231.39, 36]",106.51,109,5.87,-0.16
07:34:18,"[105.0, 5]","[103.0, 15]","[108.0, 15]","[334.33, 18]",106.5,53,3.0,-0.25
07:34:19,"[103.23, 44]","[98.26, 31]","[106.85, 39]","[243.85, 65]",105.04,179,3.62,-0.16
07:34:20,"[106.08, 39]","[92.7, 30]","[215.72, 29]","[281.52, 27]",160.9,125,109.65,0.1
07:34:21,"[111.0, 30]","[103.06, 32]","[228.0, 18]","[282.56, 18]",169.5,98,117.0,0.27
07:34:22,"[111.0, 40]","[103.17, 36]","[203.25, 16]","[234.47, 17]",157.12,109,92.25,0.39
07:34:23,"[111.0, 50]","[105.16, 50]","[188.0, 39]","[201.55, 22]",149.5,161,77.0,0.24
07:34:24,"[111.0, 16]","[110.0, 16]","[188.0, 24]","[224.22, 27]",149.5,83,77.0,-0.23
07:34:25,"[106.85, 82]","[105.46, 115]","[188.0, 33]","[252.57, 35]",147.43,265,81.15,0.49
07:34:26,"[106.5, 105]","[105.11, 133]","[180.94, 48]","[338.5, 52]",143.72,338,74.44,0.41
07:34:27,"[111.2, 20]","[107.06, 65]","[151.24, 51]","[152.41, 51]",131.22,187,40.04,-0.09
07:34:28,"[112.0, 41]","[111.0, 11]","[148.82, 33]","[149.82, 33]",130.41,118,36.82,-0.12
07:34:29,"[111.4, 15]","[108.07, 29]","[146.77, 39]","[148.0, 39]",129.08,122,35.37,-0.28
07:34:30,"[109.0, 15]","[106.0, 85]","[145.2, 15]","[146.4, 15]",127.1,130,36.2,0.54
07:34:31,"[108.79, 28]","[106.3, 100]","[141.5, 30]","[142.5, 30]",125.14,188,32.71,0.36
07:34:32,"[106.74, 73]","[105.01, 67]","[139.62, 39]","[140.62, 39]",123.18,218,32.88,0.28
07:34:33,"[106.09, 176]","[104.83, 210]","[136.22, 54]","[137.67, 54]",121.16,494,30.13,0.56
07:34:34,"[107.14, 21]","[106.04, 150]","[134.03, 38]","[135.25, 36]",120.58,245,26.88,0.4
07:34:35,"[108.0, 13]","[107.0, 26]","[131.9, 49]","[132.81, 47]",119.95,135,23.9,-0.42
07:34:36,"[109.77, 26]","[107.75, 16]","[127.32, 44]","[128.31, 48]",118.54,134,17.55,-0.37
07:34:37,"[106.22, 163]","[103.13, 192]","[123.08, 50]","[124.55, 44]",114.65,449,16.86,0.58
07:34:38,"[106.21, 78]","[104.71, 197]","[120.0, 23]","[121.07, 29]",113.1,327,13.79,0.68
07:34:39,"[106.47, 55]","[105.34, 233]","[114.07, 58]","[114.7, 46]",110.27,392,7.6,0.47
07:34:40,"[106.0, 112]","[103.0, 136]","[110.5, 24]","[111.62, 26]",108.25,298,4.5,0.66
07:34:41,"[106.0, 175]","[103.0, 289]","[153.76, 34]","[151.77, 69]",129.88,567,47.76,0.64
07:34:42,"[107.14, 28]","[104.71, 79]","[261.18, 51]","[367.83, 46]",184.16,204,154.03,0.05
07:34:43,"[106.09, 45]","[103.07, 226]","[149.56, 32]","[230.58, 38]",127.83,341,43.47,0.59
07:34:44,"[107.07, 45]","[103.14, 196]","[146.07, 14]","[148.57, 14]",126.57,269,39.0,0.79
07:34:45,"[110.0, 32]","[106.0, 36]","[143.62, 8]","[144.62, 8]",126.81,84,33.62,0.62
07:34:46,"[110.0, 52]","[106.0, 78]","[125.71, 14]","[128.74, 19]",117.86,163,15.71,0.6
07:34:47,"[106.46, 35]","[105.11, 54]","[116.33, 9]","[144.0, 9]",111.4,107,9.88,0.66
07:34:48,"[107.43, 42]","[105.36, 56]","[114.8, 10]","[138.2, 10]",111.11,118,7.37,0.66
07:34:49,"[108.22, 27]","[103.57, 105]","[112.11, 9]","[113.11, 9]",110.17,150,3.89,0.76
07:34:50,"[106.0, 33]","[103.09, 112]","[111.73, 11]","[112.73, 11]",108.86,167,5.73,0.74
07:34:51,"[106.0, 18]","[103.0, 102]","[111.0, 6]","[112.0, 6]",108.5,132,5.0,0.82
07:34:52,"[106.0, 48]","[103.0, 272]","[109.94, 16]","[110.94, 16]",107.97,352,3.94,0.82
07:34:53,"[106.0, 60]","[103.0, 289]","[107.65, 17]","[162.89, 18]",106.82,384,1.65,0.82
07:34:54,"[106.0, 6]","[103.0, 102]","[111.0, 6]","[479.93, 15]",108.5,129,5.0,0.67
07:34:55,"[106.0, 13]","[103.0, 221]","[110.0, 13]","[340.68, 56]",108.0,303,4.0,0.54
07:34:56,"[103.24, 66]","[96.53, 120]","[109.0, 10]","[445.47, 38]",106.12,234,5.76,0.59
07:34:57,"[103.16, 57]","[102.27, 118]","[108.0, 12]","[271.0, 24]",105.58,211,4.84,0.66
07:34:58,"[102.33, 72]","[94.21, 114]","[106.38, 16]","[269.87, 39]",104.35,241,4.04,0.54
07:34:59,"[103.62, 63]","[81.94, 66]","[210.79, 33]","[272.17, 41]",157.2,203,107.17,0.27
07:35:00,"[107.93, 28]","[92.35, 49]","[326.96, 53]","[476.59, 49]",217.45,179,219.03,-0.14
07:35:01,"[103.0, 12]","[41.0, 19]","[217.17, 24]","[299.0, 24]",160.08,79,114.17,-0.22
07:35:02,"[102.4, 15]","[80.53, 19]","[275.22, 36]","[318.89, 36]",188.81,106,172.82,-0.36
07:35:03,"[100.0, 8]","[90.0, 16]","[288.31, 26]","[298.25, 32]",194.15,82,188.31,-0.41
07:35:04,"[72.44, 32]","[64.28, 50]","[147.15, 34]","[174.05, 40]",109.79,156,74.71,0.05
07:35:05,"[88.99, 87]","[84.07, 69]","[94.0, 37]","[97.0, 39]",91.49,232,5.01,0.34
07:35:06,"[93.0, 56]","[88.0, 32]","[100.0, 16]","[140.34, 38]",96.5,142,7.0,0.24
07:35:07,"[94.18, 90]","[91.86, 70]","[100.0, 12]","[101.0, 48]",97.09,220,5.82,0.45
07:35:08,"[97.83, 82]","[96.42, 78]","[100.93, 14]","[182.9, 40]",99.38,214,3.1,0.5
07:35:09,"[100.47, 80]","[89.73, 67]","[165.27, 44]","[285.34, 44]",132.87,235,64.8,0.25
07:35:10,"[103.0, 69]","[102.0, 63]","[141.82, 34]","[363.05, 43]",122.41,209,38.82,0.26
07:35:11,"[105.22, 41]","[104.0, 50]","[155.68, 38]","[232.19, 26]",130.45,155,50.46,0.17
07:35:12,"[109.78, 46]","[106.73, 33]","[209.12, 25]","[452.21, 28]",159.45,132,99.34,0.2
07:35:13,"[111.24, 51]","[111.19, 37]","[207.91, 22]","[377.45, 22]",159.57,132,96.67,0.33
07:35:14,"[113.0, 14]","[112.0, 63]","[234.3, 23]","[324.0, 15]",173.65,115,121.3,0.34
07:35:15,"[113.0, 12]","[112.0, 54]","[224.19, 16]","[379.77, 13]",168.59,95,111.19,0.39
07:35:16,"[113.0, 8]","[112.0, 36]","[151.0, 4]","[153.0, 12]",132.0,60,38.0,0.47
07:35:17,"[113.0, 18]","[112.0, 81]","[150.47, 15]","[213.95, 21]",131.73,135,37.47,0.47
07:35:18,"[113.0, 18]","[112.0, 81]","[148.3, 33]","[149.67, 12]",130.65,144,35.3,0.38
07:35:19,"[112.18, 34]","[111.54, 35]","[144.81, 16]","[145.58, 19]",128.49,104,32.64,0.33
07:35:20,"[112.0, 60]","[110.0, 24]","[129.06, 18]","[137.23, 30]",120.53,132,17.06,0.27
07:35:21,"[112.0, 76]","[110.73, 67]","[114.94, 34]","[125.05, 44]",113.47,221,2.94,0.29
07:35:22,"[111.09, 46]","[110.37, 19]","[112.43, 7]","[304.0, 16]",111.76,88,1.34,0.48
07:35:23,"[111.0, 61]","[110.0, 18]","[112.0, 9]","[354.33, 30]",111.5,118,1.0,0.34
07:35:24,"[111.0, 59]","[110.0, 20]","[120.73, 11]","[200.57, 35]",115.86,125,9.73,0.26
07:35:25,"[111.0, 25]","[110.0, 10]","[134.55, 22]","[168.85, 13]",122.77,70,23.55,0.0
07:35:26,"[110.56, 9]","[109.33, 6]","[132.0, 15]","[217.0, 6]",121.28,36,21.44,-0.17
07:35:27,"[110.0, 14]","[108.14, 37]","[132.0, 35]","[313.14, 14]",121.0,100,22.0,0.02
07:35:28,"[110.0, 18]","[109.0, 9]","[169.22, 45]","[301.91, 33]",139.61,105,59.22,-0.49
07:35:29,"[108.07, 56]","[106.05, 64]","[199.0, 50]","[650.1, 20]",153.54,190,90.93,0.26
07:35:30,"[110.4, 60]","[107.29, 56]","[240.14, 35]","[550.2, 20]",175.27,171,129.74,0.36
07:35:31,"[112.0, 83]","[108.0, 48]","[341.88, 24]","[343.0, 16]",226.94,171,229.88,0.53
07:35:32,"[112.58, 52]","[110.59, 34]","[340.25, 12]","[343.0, 8]",226.41,106,227.67,0.62
07:35:33,"[113.0, 59]","[112.0, 44]","[183.64, 14]","[276.67, 18]",148.32,135,70.64,0.53
07:35:34,"[113.0, 126]","[112.0, 99]","[157.35, 31]","[275.12, 41]",135.18,297,44.35,0.52
07:35:35,"[113.0, 140]","[112.0, 110]","[160.74, 39]","[279.25, 24]",136.87,313,47.74,0.6
07:35:36,"[113.0, 140]","[112.0, 110]","[284.41, 32]","[295.56, 32]",198.7,314,171.41,0.59
07:35:37,"[113.0, 80]","[112.0, 88]","[217.33, 27]","[252.69, 29]",165.17,224,104.33,0.5
07:35:38,"[113.0, 100]","[112.0, 110]","[172.85, 34]","[184.32, 34]",142.93,278,59.85,0.51
07:35:39,"[113.0, 130]","[112.0, 143]","[170.23, 39]","[173.0, 39]",141.62,351,57.23,0.56
07:35:40,"[113.0, 96]","[112.0, 154]","[166.16, 38]","[169.33, 39]",139.58,327,53.16,0.53
07:35:41,"[113.0, 85]","[112.0, 187]","[152.67, 42]","[153.81, 43]",132.83,357,39.67,0.52
07:35:42,"[112.27, 88]","[111.82, 87]","[147.98, 48]","[148.94, 48]",130.13,271,35.71,0.29
07:35:43,"[113.0, 26]","[112.0, 91]","[145.36, 33]","[146.56, 32]",129.18,182,32.36,0.29
07:35:44,"[112.68, 38]","[111.96, 95]","[141.96, 48]","[143.46, 39]",127.32,220,29.27,0.21
07:35:45,"[112.0, 30]","[111.0, 30]","[137.48, 42]","[138.43, 40]",124.74,142,25.48,-0.15
07:35:46,"[112.0, 20]","[111.0, 22]","[130.11, 38]","[131.76, 29]",121.05,109,18.11,-0.23
07:35:47,"[112.0, 30]","[111.0, 30]","[128.76, 66]","[129.51, 39]",120.38,165,16.76,-0.27
07:35:48,"[112.0, 40]","[111.0, 40]","[125.66, 93]","[126.47, 51]",118.83,224,13.66,-0.29
07:35:49,"[110.0, 45]","[109.0, 15]","[120.15, 47]","[120.58, 48]",115.07,155,10.15,-0.23
07:35:50,"[110.0, 8]","[108.12, 32]","[115.5, 18]","[116.88, 34]",112.75,92,5.5,-0.13
07:35:51,"[108.42, 38]","[106.68, 164]","[112.32, 38]","[113.63, 38]",110.37,278,3.89,0.45
07:35:52,"[106.46, 187]","[105.08, 234]","[110.84, 86]","[115.74, 54]",108.65,561,4.38,0.5
07:35:53,"[106.0, 280]","[103.0, 144]","[110.83, 72]","[117.43, 56]",108.42,552,4.83,0.54
07:35:54,"[106.0, 218]","[103.0, 108]","[109.66, 32]","[111.0, 60]",107.83,418,3.66,0.56
07:35:55,"[106.03, 186]","[103.5, 108]","[109.0, 22]","[111.0, 55]",107.52,371,2.97,0.58
07:35:56,"[107.0, 58]","[106.0, 180]","[108.29, 35]","[118.14, 37]",107.64,310,1.29,0.54
07:35:57,"[106.31, 78]","[105.53, 171]","[124.18, 45]","[211.18, 44]",115.24,338,17.87,0.47
07:35:58,"[106.0, 90]","[103.0, 45]","[179.4, 10]","[298.11, 18]",142.7,163,73.4,0.66
07:35:59,"[110.05, 95]","[105.87, 207]","[179.0, 24]","[317.33, 48]",144.53,374,68.95,0.61
07:36:00,"[111.18, 60]","[107.04, 137]","[177.27, 22]","[262.45, 44]",144.23,263,66.09,0.5
07:36:01,"[111.36, 39]","[110.81, 54]","[167.73, 33]","[281.0, 42]",139.54,168,56.37,0.11
07:36:02,"[111.0, 40]","[109.0, 8]","[175.12, 16]","[223.62, 32]",143.06,96,64.12,0.0
07:36:03,"[111.0, 55]","[109.0, 11]","[163.31, 26]","[257.2, 40]",137.15,132,52.31,0.0
07:36:04,"[111.0, 40]","[109.0, 8]","[127.5, 32]","[147.6, 20]",119.25,100,16.5,-0.04
07:36:05,"[111.0, 75]","[109.0, 15]","[117.93, 30]","[130.45, 55]",114.47,175,6.93,0.03
07:36:06,"[111.0, 25]","[109.0, 5]","[116.2, 10]","[161.0, 5]",113.6,45,5.2,0.33
07:36:07,"[111.0, 40]","[109.0, 8]","[186.8, 25]","[343.75, 20]",148.9,93,75.8,0.03
07:36:08,"[111.0, 45]","[109.0, 9]","[233.38, 13]","[237.63, 41]",172.19,108,122.38,0.0
07:36:09,"[111.0, 55]","[109.0, 11]","[232.64, 11]","[234.0, 55]",171.82,132,121.64,0.0
07:36:10,"[111.0, 37]","[109.0, 8]","[230.5, 8]","[234.0, 40]",170.75,93,119.5,-0.03
07:36:11,"[109.5, 20]","[106.65, 23]","[230.0, 6]","[234.0, 30]",169.75,79,120.5,0.09
07:36:12,"[108.13, 47]","[106.08, 194]","[228.0, 12]","[234.0, 60]",168.06,313,119.87,0.54
07:36:13,"[108.79, 61]","[106.2, 140]","[226.0, 9]","[280.17, 29]",167.39,239,117.21,0.68
07:36:14,"[111.0, 61]","[108.0, 56]","[167.96, 28]","[287.5, 8]",139.48,153,56.96,0.53
07:36:15,"[111.0, 45]","[108.36, 66]","[159.39, 33]","[163.86, 21]",135.2,165,48.39,0.35
07:36:16,"[111.0, 80]","[109.0, 128]","[157.16, 64]","[158.28, 32]",134.08,304,46.16,0.37
07:36:17,"[111.0, 37]","[109.0, 88]","[154.26, 35]","[154.26, 19]",132.63,179,43.26,0.4
07:36:18,"[111.0, 45]","[109.0, 120]","[146.54, 39]","[149.73, 59]",128.77,263,35.54,0.25
07:36:19,"[111.88, 103]","[109.79, 53]","[141.89, 27]","[144.79, 39]",126.89,222,30.01,0.41
07:36:20,"[112.0, 148]","[111.0, 48]","[138.0, 40]","[139.19, 32]",125.0,268,26.0,0.46
07:36:21,"[112.44, 88]","[111.87, 135]","[123.53, 49]","[127.07, 28]",117.99,300,11.09,0.49
07:36:22,"[112.0, 96]","[111.0, 36]","[123.27, 26]","[123.26, 38]",117.63,196,11.27,0.35
07:36:23,"[112.0, 44]","[111.0, 39]","[119.24, 33]","[121.73, 37]",115.62,153,7.24,0.08
07:36:24,"[112.0, 39]","[111.0, 39]","[118.04, 27]","[120.76, 38]",115.02,143,6.04,0.09
07:36:25,"[112.0, 26]","[111.0, 39]","[113.19, 31]","[115.63, 27]",112.6,123,1.19,0.06
07:36:26,"[111.14, 21]","[110.23, 39]","[113.9, 30]","[127.28, 25]",112.52,115,2.76,0.04
07:36:27,"[111.0, 33]","[110.0, 55]","[113.09, 33]","[115.0, 33]",112.05,154,2.09,0.14
07:36:28,"[110.34, 53]","[109.35, 86]","[112.14, 44]","[139.05, 43]",111.24,226,1.8,0.23
07:36:29,"[110.0, 41]","[109.0, 72]","[111.91, 35]","[112.86, 28]",110.96,176,1.91,0.28
07:36:30,"[109.19, 84]","[108.29, 109]","[110.73, 45]","[281.14, 59]",109.96,297,1.54,0.3
07:36:31,"[108.61, 31]","[106.38, 69]","[179.07, 29]","[493.22, 41]",143.84,170,70.46,0.18
07:36:32,"[111.0, 33]","[108.0, 33]","[174.67, 27]","[197.49, 35]",142.83,128,63.67,0.03
07:36:33,"[111.0, 33]","[108.0, 33]","[160.38, 16]","[175.52, 31]",135.69,113,49.38,0.17
07:36:34,"[111.0, 35]","[107.12, 64]","[158.88, 48]","[160.0, 32]",134.94,179,47.88,0.11
07:36:35,"[111.0, 24]","[107.45, 76]","[156.65, 34]","[159.64, 25]",133.82,159,45.65,0.26
07:36:36,"[111.0, 28]","[108.0, 98]","[156.47, 38]","[158.38, 32]",133.74,196,45.47,0.29
07:36:37,"[109.0, 42]","[106.93, 105]","[153.73, 33]","[156.0, 22]",131.36,202,44.73,0.46
07:36:38,"[109.85, 39]","[107.2, 105]","[151.33, 36]","[156.0, 24]",130.59,204,41.49,0.41
07:36:39,"[108.72, 67]","[106.42, 202]","[148.94, 35]","[151.2, 50]",128.83,354,40.23,0.52
07:36:40,"[108.09, 46]","[106.25, 160]","[145.95, 37]","[147.45, 33]",127.02,276,37.86,0.49
07:36:41,"[108.33, 21]","[106.33, 84]","[144.75, 24]","[146.0, 36]",126.54,165,36.42,0.27
07:36:42,"[109.0, 11]","[108.0, 152]","[142.96, 25]","[145.0, 30]",125.98,218,33.96,0.5
07:36:43,"[111.73, 30]","[109.67, 12]","[140.07, 27]","[141.27, 33]",125.9,102,28.34,-0.18
07:36:44,"[112.0, 27]","[110.0, 9]","[137.11, 18]","[140.0, 27]",124.56,81,25.11,-0.11
07:36:45,"[109.0, 61]","[106.81, 62]","[135.35, 23]","[138.18, 22]",122.17,168,26.35,0.46
07:36:46,"[108.0, 127]","[106.0, 126]","[133.85, 26]","[135.0, 23]",120.92,302,25.85,0.68
07:36:47,"[108.0, 120]","[106.0, 116]","[131.75, 28]","[132.74, 39]",119.88,303,23.75,0.56
07:36:48,"[108.0, 108]","[106.0, 80]","[129.21, 19]","[130.81, 26]",118.61,233,21.21,0.61
07:36:49,"[108.0, 159]","[106.0, 94]","[126.57, 42]","[127.9, 42]",117.29,337,18.57,0.5
07:36:50,"[108.0, 132]","[106.0, 12]","[122.51, 35]","[125.11, 46]",115.26,225,14.51,0.28
07:36:51,"[108.0, 121]","[106.0, 11]","[119.0, 35]","[119.89, 37]",113.5,204,11.0,0.29
07:36:52,"[108.0, 143]","[106.0, 143]","[114.69, 35]","[118.05, 38]",111.34,359,6.69,0.59
07:36:53,"[108.0, 140]","[106.0, 154]","[110.25, 53]","[198.66, 61]",109.12,408,2.25,0.44
07:36:54,"[108.0, 34]","[106.0, 99]","[209.12, 43]","[366.0, 45]",158.56,221,101.12,0.2
07:36:55,"[108.0, 5]","[106.0, 55]","[324.0, 25]","[428.6, 25]",216.0,110,216.0,0.09
07:36:56,"[106.63, 41]","[105.61, 31]","[344.0, 35]","[594.57, 35]",225.32,142,237.37,0.01
07:36:57,"[109.0, 52]","[106.03, 87]","[253.08, 62]","[360.68, 56]",181.04,257,144.08,0.08
07:36:58,"[110.0, 12]","[109.0, 48]","[181.95, 57]","[263.53, 57]",145.97,174,71.95,-0.31
07:36:59,"[111.0, 14]","[109.4, 40]","[216.07, 56]","[217.19, 52]",163.54,162,105.07,-0.33
07:37:00,"[112.0, 6]","[111.0, 12]","[214.0, 24]","[216.0, 30]",163.0,72,102.0,-0.5
07:37:01,"[110.17, 24]","[106.93, 60]","[211.3, 53]","[212.49, 53]",160.73,190,101.14,-0.12
07:37:02,"[110.4, 40]","[109.27, 22]","[189.27, 48]","[192.88, 42]",149.84,152,78.87,-0.18
07:37:03,"[111.0, 64]","[110.0, 36]","[160.0, 48]","[161.0, 60]",135.5,208,49.0,-0.04
07:37:04,"[111.0, 32]","[110.0, 24]","[157.5, 32]","[158.47, 34]",134.25,122,46.5,-0.08
07:37:05,"[111.0, 40]","[110.0, 30]","[153.87, 46]","[154.97, 38]",132.43,154,42.87,-0.09
07:37:06,"[111.0, 28]","[110.0, 21]","[150.23, 26]","[151.35, 23]",130.62,98,39.23,0.0
07:37:07,"[111.0, 64]","[110.0, 48]","[148.95, 73]","[149.83, 65]",129.97,250,37.95,-0.1
07:37:08,"[110.84, 57]","[109.86, 42]","[115.98, 48]","[130.02, 53]",113.41,200,5.14,-0.01
07:37:09,"[109.3, 20]","[107.0, 38]","[110.83, 54]","[176.22, 40]",110.07,152,1.53,-0.24
07:37:10,"[106.16, 75]","[105.68, 57]","[109.8, 61]","[292.44, 48]",107.98,241,3.64,0.1
07:37:11,"[106.17, 53]","[104.78, 23]","[253.17, 71]","[364.96, 56]",179.67,203,147.0,-0.25
07:37:12,"[106.0, 30]","[103.18, 34]","[440.57, 28]","[483.69, 26]",273.29,118,334.57,0.08
07:37:13,"[106.0, 36]","[103.0, 84]","[219.25, 24]","[263.33, 24]",162.62,168,113.25,0.43
07:37:14,"[106.31, 51]","[103.1, 94]","[186.44, 32]","[188.56, 32]",146.38,209,80.12,0.39
07:37:15,"[107.31, 49]","[106.65, 31]","[118.18, 34]","[125.65, 46]",112.74,160,10.87,0.0
07:37:16,"[107.57, 28]","[105.45, 38]","[114.71, 14]","[118.33, 18]",111.14,98,7.14,0.35
07:37:17,"[108.58, 19]","[107.57, 56]","[112.31, 26]","[113.59, 34]",110.44,135,3.73,0.11
07:37:18,"[108.26, 39]","[106.74, 76]","[111.41, 29]","[280.58, 38]",109.84,182,3.16,0.26
07:37:19,"[106.6, 90]","[103.38, 122]","[110.53, 15]","[112.0, 30]",108.57,257,3.93,0.65
07:37:20,"[106.16, 49]","[103.73, 83]","[109.12, 16]","[110.73, 11]",107.64,159,2.96,0.66
07:37:21,"[108.0, 11]","[106.0, 45]","[109.42, 12]","[175.81, 31]",108.71,99,1.42,0.13
07:37:22,"[109.06, 18]","[106.68, 38]","[220.05, 21]","[279.53, 34]",164.55,111,110.99,0.01
07:37:23,"[106.6, 10]","[105.18, 56]","[203.38, 26]","[254.6, 20]",154.99,112,96.78,0.18
07:37:24,"[105.06, 32]","[101.44, 108]","[148.97, 31]","[312.21, 19]",127.02,190,43.91,0.47
07:37:25,"[106.43, 44]","[101.47, 127]","[229.09, 23]","[369.38, 29]",167.76,223,122.66,0.53
07:37:26,"[112.0, 36]","[105.0, 60]","[143.0, 24]","[241.0, 28]",127.5,148,31.0,0.3
07:37:27,"[112.0, 36]","[105.0, 60]","[131.58, 24]","[260.1, 21]",121.79,141,19.58,0.36
07:37:28,"[112.0, 18]","[105.0, 30]","[131.0, 12]","[276.18, 11]",121.5,71,19.0,0.35
07:37:29,"[112.31, 32]","[108.29, 51]","[131.0, 24]","[269.89, 19]",121.66,126,18.69,0.32
07:37:30,"[112.0, 6]","[108.0, 42]","[131.0, 12]","[314.0, 12]",121.5,72,19.0,0.33
07:37:31,"[112.0, 7]","[108.05, 43]","[131.0, 14]","[308.0, 11]",121.5,75,19.0,0.33
07:37:32,"[108.08, 52]","[105.34, 62]","[129.78, 23]","[201.85, 13]",118.93,150,21.71,0.52
07:37:33,"[108.0, 27]","[105.0, 45]","[127.0, 12]","[225.0, 18]",117.5,102,19.0,0.41
07:37:34,"[108.0, 36]","[105.0, 60]","[199.81, 26]","[365.06, 18]",153.9,140,91.81,0.37
07:37:35,"[109.0, 78]","[108.0, 39]","[307.76, 33]","[526.86, 21]",208.38,171,198.76,0.37
07:37:36,"[110.68, 79]","[108.0, 57]","[137.55, 69]","[317.11, 36]",124.12,241,26.87,0.13
07:37:37,"[112.33, 45]","[109.33, 45]","[137.0, 45]","[280.67, 18]",124.67,153,24.67,0.18
07:37:38,"[113.0, 50]","[112.0, 50]","[135.8, 50]","[158.45, 44]",124.4,194,22.8,0.03
07:37:39,"[113.0, 50]","[112.0, 50]","[133.7, 50]","[136.3, 50]",123.35,200,20.7,0.0
07:37:40,"[113.0, 40]","[112.0, 50]","[131.74, 47]","[133.4, 50]",122.37,187,18.74,-0.04
07:37:41,"[112.21, 38]","[111.87, 46]","[130.47, 49]","[131.43, 65]",121.34,198,18.26,-0.15
07:37:42,"[112.0, 78]","[111.0, 23]","[125.96, 83]","[126.59, 79]",118.98,263,13.96,-0.23
07:37:43,"[112.0, 32]","[111.0, 8]","[124.3, 33]","[125.21, 38]",118.15,111,12.3,-0.28
07:37:44,"[112.0, 40]","[111.0, 10]","[115.26, 42]","[116.92, 24]",113.63,116,3.26,-0.14
07:37:45,"[110.45, 29]","[107.93, 44]","[112.88, 68]","[120.05, 56]",111.67,197,2.43,-0.26
07:37:46,"[108.0, 45]","[106.0, 54]","[112.63, 35]","[164.17, 41]",110.31,175,4.63,0.13
07:37:47,"[107.19, 59]","[105.91, 46]","[114.78, 45]","[143.14, 37]",110.98,187,7.59,0.12
07:37:48,"[105.7, 20]","[101.76, 25]","[157.22, 23]","[167.61, 46]",131.46,114,51.52,-0.21
07:37:49,"[106.0, 12]","[105.0, 12]","[155.58, 24]","[220.77, 56]",130.79,104,49.58,-0.54
07:37:50,"[105.0, 5]","[101.0, 20]","[120.5, 16]","[217.0, 8]",112.75,49,15.5,0.02
07:37:51,"[105.0, 9]","[101.0, 36]","[108.17, 24]","[118.2, 30]",106.58,99,3.17,-0.09
07:37:52,"[87.19, 37]","[70.57, 51]","[108.82, 44]","[195.43, 30]",98.0,162,21.63,0.09
07:37:53,"[103.0, 9]","[79.67, 45]","[107.33, 9]","[190.4, 25]",105.17,88,4.33,0.23
07:37:54,"[106.36, 25]","[91.3, 20]","[204.15, 13]","[462.43, 37]",155.26,95,97.79,-0.05
07:37:55,"[110.67, 18]","[109.6, 15]","[397.33, 9]","[501.78, 45]",254.0,87,286.67,-0.24
07:37:56,"[111.78, 18]","[110.78, 18]","[417.29, 17]","[516.28, 29]",264.54,82,305.52,-0.12
07:37:57,"[111.77, 26]","[110.16, 25]","[360.92, 51]","[383.86, 21]",236.35,123,249.15,-0.17
07:37:58,"[111.91, 88]","[109.71, 14]","[306.0, 16]","[341.62, 32]",208.95,150,194.09,0.36
07:37:59,"[112.0, 100]","[110.0, 16]","[304.81, 26]","[311.0, 38]",208.4,180,192.81,0.29
07:38:00,"[112.0, 151]","[110.0, 30]","[238.79, 67]","[283.29, 51]",175.4,299,126.79,0.21
07:38:01,"[112.0, 108]","[110.0, 22]","[191.86, 37]","[200.76, 51]",151.93,218,79.86,0.19
07:38:02,"[112.0, 50]","[110.0, 22]","[190.65, 37]","[219.29, 49]",151.32,158,78.65,-0.09
07:38:03,"[112.0, 14]","[110.0, 28]","[168.71, 49]","[531.88, 41]",140.36,132,56.71,-0.36
07:38:04,"[112.0, 7]","[110.0, 14]","[137.0, 35]","[138.0, 14]",124.5,70,25.0,-0.4
07:38:05,"[112.0, 17]","[110.0, 34]","[136.65, 85]","[140.39, 23]",124.32,159,24.65,-0.36
07:38:06,"[112.0, 8]","[110.0, 16]","[136.0, 40]","[143.0, 8]",124.0,72,24.0,-0.33
07:38:07,"[112.0, 7]","[110.0, 14]","[136.0, 35]","[177.53, 19]",124.0,75,24.0,-0.44
07:38:08,"[112.0, 14]","[110.0, 28]","[135.27, 55]","[211.25, 53]",123.64,150,23.27,-0.44
07:38:09,"[112.0, 15]","[110.0, 30]","[132.67, 60]","[133.62, 45]",122.33,150,20.67,-0.4
07:38:10,"[110.0, 21]","[108.0, 77]","[128.84, 25]","[131.0, 49]",119.42,172,18.84,0.14
07:38:11,"[110.0, 8]","[108.0, 56]","[128.14, 28]","[129.89, 28]",119.07,120,18.14,0.07
07:38:12,"[110.0, 13]","[108.0, 91]","[125.62, 32]","[126.54, 48]",117.81,184,15.62,0.13
07:38:13,"[110.0, 10]","[108.0, 70]","[123.16, 37]","[124.87, 31]",116.58,148,13.16,0.08
07:38:14,"[108.1, 59]","[106.74, 57]","[120.58, 74]","[122.08, 61]",114.34,251,12.48,-0.08
07:38:15,"[108.0, 56]","[106.0, 42]","[118.48, 64]","[121.31, 58]",113.24,220,10.48,-0.11
07:38:16,"[106.7, 46]","[105.55, 22]","[113.52, 65]","[115.6, 55]",110.11,188,6.83,-0.28
07:38:17,"[106.57, 42]","[105.67, 18]","[110.08, 49]","[112.29, 41]",108.33,150,3.51,-0.2
07:38:18,"[106.63, 41]","[105.81, 26]","[108.43, 35]","[109.64, 59]",107.53,161,1.79,-0.17
07:38:19,"[106.0, 39]","[105.0, 13]","[108.33, 24]","[111.11, 57]",107.17,133,2.33,-0.22
07:38:20,"[106.65, 77]","[104.02, 64]","[114.76, 54]","[196.34, 44]",110.7,239,8.11,0.18
07:38:21,"[107.54, 89]","[106.33, 54]","[121.0, 60]","[230.73, 75]",114.27,278,13.46,0.03
07:38:22,"[110.04, 69]","[108.2, 98]","[283.77, 57]","[382.42, 57]",196.91,281,173.73,0.19
07:38:23,"[110.36, 88]","[105.42, 67]","[211.77, 71]","[222.65, 31]",161.07,257,101.41,0.21
07:38:24,"[112.0, 132]","[106.0, 36]","[210.0, 48]","[284.08, 53]",161.0,269,98.0,0.25
07:38:25,"[112.0, 95]","[106.0, 24]","[144.0, 32]","[248.25, 32]",128.0,183,32.0,0.3
07:38:26,"[112.0, 108]","[106.0, 27]","[209.11, 36]","[476.0, 21]",160.56,192,97.11,0.41
07:38:27,"[112.0, 108]","[106.0, 27]","[180.91, 33]","[229.4, 25]",146.45,193,68.91,0.4
07:38:28,"[112.08, 59]","[109.04, 69]","[137.36, 44]","[163.82, 44]",124.72,216,25.28,0.19
07:38:29,"[112.0, 24]","[106.0, 48]","[137.0, 32]","[138.0, 32]",124.5,136,25.0,0.06
07:38:30,"[112.0, 16]","[106.0, 24]","[135.38, 32]","[318.81, 27]",123.69,99,23.38,-0.19
07:38:31,"[112.0, 22]","[106.0, 45]","[134.0, 44]","[366.36, 55]",123.0,166,22.0,-0.19
07:38:32,"[112.0, 20]","[106.0, 50]","[133.6, 40]","[326.41, 22]",122.8,132,21.6,0.06
07:38:33,"[112.0, 16]","[106.0, 40]","[128.59, 17]","[151.31, 26]",120.29,99,16.59,0.13
07:38:34,"[112.0, 12]","[106.0, 55]","[131.08, 24]","[150.49, 41]",121.54,132,19.08,0.02
07:38:35,"[112.0, 13]","[108.86, 35]","[126.52, 46]","[128.85, 26]",119.26,120,14.52,-0.2
07:38:36,"[111.09, 11]","[110.03, 72]","[124.43, 42]","[128.17, 24]",117.76,149,13.34,0.11
07:38:37,"[111.0, 18]","[110.0, 126]","[118.15, 39]","[120.5, 64]",114.58,247,7.15,0.17
07:38:38,"[110.37, 19]","[109.85, 53]","[114.52, 21]","[115.74, 27]",112.45,120,4.16,0.2
07:38:39,"[110.0, 78]","[108.0, 20]","[111.76, 38]","[113.28, 47]",110.88,183,1.76,0.07
07:38:40,"[108.4, 35]","[106.21, 56]","[111.0, 48]","[280.31, 54]",109.7,193,2.6,-0.06
07:38:41,"[108.0, 48]","[106.0, 87]","[110.12, 64]","[174.25, 64]",109.06,263,2.12,0.03
07:38:42,"[108.0, 36]","[106.0, 124]","[121.8, 25]","[250.78, 36]",114.9,221,13.8,0.45
07:38:43,"[108.0, 97]","[106.0, 170]","[169.95, 42]","[270.05, 19]",138.98,328,61.95,0.63
07:38:44,"[108.0, 60]","[106.0, 30]","[166.88, 33]","[167.92, 37]",137.44,160,58.88,0.12
07:38:45,"[108.0, 54]","[106.0, 36]","[164.44, 36]","[167.0, 27]",136.22,153,56.44,0.18
07:38:46,"[107.08, 13]","[104.2, 40]","[123.46, 26]","[136.88, 17]",115.27,96,16.38,0.1
07:38:47,"[103.39, 46]","[96.65, 37]","[115.25, 32]","[140.68, 19]",109.32,134,11.86,0.24
07:38:48,"[105.31, 78]","[73.78, 27]","[113.56, 36]","[167.0, 27]",109.43,168,8.25,0.25
07:38:49,"[106.0, 88]","[103.0, 60]","[111.74, 31]","[117.78, 32]",108.87,211,5.74,0.4
07:38:50,"[106.0, 72]","[103.0, 81]","[111.6, 30]","[125.73, 30]",108.8,213,5.6,0.44
07:38:51,"[106.0, 72]","[103.0, 65]","[110.44, 27]","[264.0, 9]",108.22,173,4.44,0.58
07:38:52,"[106.0, 80]","[103.0, 142]","[109.8, 30]","[298.18, 22]",107.9,274,3.8,0.62
07:38:53,"[106.91, 88]","[103.55, 176]","[204.32, 47]","[234.82, 44]",155.61,355,97.41,0.49
07:38:54,"[111.0, 31]","[106.0, 72]","[183.29, 14]","[264.29, 28]",147.14,145,72.29,0.42
07:38:55,"[111.0, 42]","[106.02, 105]","[285.5, 44]","[461.51, 47]",198.25,238,174.5,0.24
07:38:56,"[106.02, 85]","[103.12, 200]","[201.94, 51]","[300.1, 40]",153.98,376,95.92,0.52
07:38:57,"[107.2, 50]","[103.62, 101]","[201.0, 24]","[202.0, 32]",154.1,207,93.8,0.46
07:38:58,"[111.38, 24]","[110.0, 40]","[146.75, 24]","[201.16, 25]",129.06,113,35.38,0.13
07:38:59,"[112.6, 30]","[110.0, 50]","[137.5, 30]","[168.65, 34]",125.05,144,24.9,0.11
07:39:00,"[113.0, 21]","[110.0, 35]","[136.69, 13]","[169.5, 24]",124.85,93,23.69,0.2
07:39:01,"[113.0, 30]","[110.0, 50]","[134.17, 24]","[136.12, 16]",123.58,120,21.17,0.33
07:39:02,"[113.0, 20]","[110.0, 40]","[134.0, 24]","[135.0, 8]",123.5,92,21.0,0.3
07:39:03,"[112.75, 24]","[109.85, 41]","[131.09, 23]","[131.13, 23]",121.92,111,18.34,0.17
07:39:04,"[111.75, 55]","[109.0, 14]","[126.29, 14]","[128.05, 20]",119.02,103,14.54,0.34
07:39:05,"[112.0, 200]","[110.0, 15]","[122.15, 33]","[122.61, 23]",117.08,271,10.15,0.59
07:39:06,"[112.0, 240]","[110.0, 15]","[116.96, 45]","[118.45, 33]",114.48,333,4.96,0.53
07:39:07,"[112.0, 71]","[110.0, 8]","[115.36, 11]","[116.1, 31]",113.68,121,3.36,0.31
07:39:08,"[112.0, 45]","[110.0, 11]","[114.0, 20]","[116.78, 27]",113.0,103,2.0,0.09
07:39:09,"[112.0, 30]","[110.0, 10]","[115.0, 10]","[117.0, 30]",113.5,80,3.0,0.0
07:39:10,"[112.0, 30]","[110.2, 10]","[114.3, 10]","[117.0, 30]",113.15,80,2.3,0.0
07:39:11,"[108.0, 108]","[106.0, 144]","[113.1, 30]","[115.5, 18]",110.55,300,5.1,0.68
07:39:12,"[108.31, 26]","[107.5, 96]","[111.43, 14]","[112.69, 26]",109.87,162,3.12,0.51
07:39:13,"[108.0, 79]","[106.0, 132]","[111.0, 33]","[589.1, 40]",109.5,284,3.0,0.49
07:39:14,"[108.0, 77]","[106.0, 132]","[110.44, 25]","[243.66, 44]",109.22,278,2.44,0.5
07:39:15,"[108.0, 55]","[106.0, 108]","[453.94, 16]","[495.38, 32]",280.97,211,345.94,0.55
07:39:16,"[108.0, 84]","[106.0, 168]","[384.24, 34]","[480.7, 20]",246.12,306,276.24,0.65
07:39:17,"[108.0, 51]","[106.0, 76]","[323.0, 25]","[367.58, 19]",215.5,171,215.0,0.49
07:39:18,"[108.31, 52]","[107.23, 146]","[210.28, 18]","[255.16, 68]",159.29,284,101.97,0.39
07:39:19,"[110.21, 14]","[108.0, 192]","[210.0, 14]","[436.44, 68]",160.11,288,99.79,0.43
07:39:20,"[111.73, 11]","[108.0, 150]","[208.5, 10]","[460.2, 50]",160.11,221,96.77,0.46
07:39:21,"[108.23, 70]","[106.53, 114]","[207.12, 8]","[269.5, 40]",157.68,232,98.9,0.59
07:39:22,"[108.53, 85]","[106.42, 142]","[206.14, 14]","[404.05, 38]",157.34,279,97.61,0.63
07:39:23,"[108.12, 48]","[106.16, 122]","[183.48, 46]","[284.29, 14]",145.8,230,75.35,0.48
07:39:24,"[108.0, 40]","[106.0, 140]","[192.17, 18]","[389.76, 42]",150.08,240,84.17,0.5
07:39:25,"[108.0, 28]","[106.0, 168]","[201.67, 12]","[295.11, 28]",154.83,236,93.67,0.66
07:39:26,"[108.0, 14]","[106.0, 98]","[201.0, 7]","[356.0, 7]",154.5,126,93.0,0.78
07:39:27,"[106.44, 61]","[105.22, 118]","[200.45, 11]","[553.0, 39]",153.45,229,94.01,0.56
07:39:28,"[106.0, 84]","[103.0, 56]","[183.73, 15]","[443.82, 11]",144.87,166,77.73,0.69
07:39:29,"[106.0, 156]","[103.0, 104]","[197.23, 13]","[259.27, 37]",151.62,310,91.23,0.68
07:39:30,"[106.0, 96]","[103.0, 64]","[193.0, 12]","[194.75, 8]",149.5,180,87.0,0.78
07:39:31,"[106.0, 168]","[103.0, 68]","[191.52, 21]","[193.1, 21]",148.76,278,85.52,0.7
07:39:32,"[106.0, 96]","[103.0, 40]","[187.93, 15]","[189.38, 24]",146.97,175,81.93,0.55
07:39:33,"[106.0, 94]","[103.0, 40]","[185.89, 28]","[186.4, 25]",145.95,187,79.89,0.43
07:39:34,"[109.14, 21]","[105.87, 115]","[153.33, 12]","[184.61, 28]",131.24,176,44.19,0.55
07:39:35,"[106.17, 103]","[104.23, 73]","[149.07, 41]","[154.92, 37]",127.62,254,42.9,0.39
07:39:36,"[106.0, 100]","[103.0, 50]","[147.31, 42]","[147.89, 18]",126.65,210,41.31,0.43
07:39:37,"[106.0, 112]","[103.0, 50]","[143.55, 38]","[143.73, 22]",124.78,222,37.55,0.46
07:39:38,"[106.23, 82]","[104.82, 66]","[137.97, 40]","[139.23, 56]",122.1,244,31.74,0.21
07:39:39,"[109.87, 15]","[107.93, 30]","[135.15, 59]","[136.06, 72]",122.51,176,25.29,-0.49
07:39:40,"[111.55, 11]","[108.0, 22]","[131.03, 34]","[133.16, 37]",121.29,104,19.48,-0.37
07:39:41,"[110.33, 24]","[107.7, 66]","[127.91, 57]","[128.54, 83]",119.12,230,17.58,-0.22
07:39:42,"[106.29, 69]","[104.81, 63]","[122.9, 20]","[124.56, 25]",114.59,177,16.61,0.49
07:39:43,"[106.0, 83]","[103.4, 25]","[118.54, 26]","[120.08, 26]",112.27,160,12.54,0.35
07:39:44,"[108.95, 38]","[106.88, 64]","[116.12, 16]","[117.5, 28]",112.54,146,7.18,0.4
07:39:45,"[108.39, 62]","[106.27, 74]","[112.15, 26]","[112.96, 25]",110.27,187,3.77,0.45
07:39:46,"[106.0, 100]","[103.57, 28]","[109.7, 10]","[112.0, 20]",107.85,158,3.7,0.62
07:39:47,"[106.0, 92]","[103.0, 60]","[108.15, 13]","[111.79, 19]",107.08,184,2.15,0.65
07:39:48,"[106.0, 86]","[103.0, 96]","[109.25, 20]","[162.61, 31]",107.62,233,3.25,0.56
07:39:49,"[110.0, 37]","[106.0, 28]","[344.54, 26]","[507.4, 10]",227.27,101,234.54,0.29
07:39:50,"[110.81, 79]","[109.08, 52]","[440.25, 32]","[567.83, 23]",275.53,186,329.44,0.41
07:39:51,"[111.0, 56]","[110.0, 35]","[277.15, 13]","[458.2, 10]",194.08,114,166.15,0.6
07:39:52,"[111.0, 64]","[110.0, 40]","[224.67, 24]","[282.58, 12]",167.83,140,113.67,0.49
07:39:53,"[111.0, 58]","[110.0, 40]","[274.5, 16]","[718.0, 29]",192.75,143,163.5,0.37
07:39:54,"[111.0, 54]","[110.0, 40]","[182.93, 28]","[439.14, 21]",146.96,143,71.93,0.31
07:39:55,"[111.0, 60]","[110.0, 50]","[167.69, 32]","[209.03, 29]",139.34,171,56.69,0.29
07:39:56,"[111.0, 60]","[110.0, 50]","[165.35, 23]","[232.35, 34]",138.17,167,54.35,0.32
07:39:57,"[111.07, 45]","[110.34, 53]","[161.34, 29]","[163.14, 21]",136.21,148,50.28,0.32
07:39:58,"[111.29, 17]","[110.67, 45]","[137.32, 19]","[138.43, 21]",124.3,102,26.02,0.22
07:39:59,"[111.0, 26]","[110.0, 50]","[118.5, 24]","[120.38, 26]",114.75,126,7.5,0.21
07:40:00,"[111.0, 28]","[110.0, 70]","[116.39, 41]","[117.59, 29]",113.7,168,5.39,0.17
07:40:01,"[110.15, 41]","[108.64, 47]","[111.89, 18]","[116.96, 23]",111.02,129,1.74,0.36
07:40:02,"[110.0, 26]","[108.0, 58]","[112.83, 24]","[173.65, 52]",111.42,160,2.83,0.05
07:40:03,"[108.92, 39]","[107.88, 72]","[119.2, 30]","[144.5, 60]",114.06,201,10.28,0.1
07:40:04,"[108.79, 38]","[107.87, 46]","[244.09, 53]","[354.19, 48]",176.44,185,135.3,-0.09
07:40:05,"[111.28, 29]","[109.43, 42]","[434.28, 29]","[504.73, 45]",272.78,145,323.0,-0.02
07:40:06,"[112.55, 22]","[110.7, 23]","[345.3, 27]","[504.67, 30]",228.92,102,232.75,-0.12
07:40:07,"[113.0, 27]","[112.0, 18]","[414.35, 23]","[453.14, 42]",263.67,110,301.35,-0.18
07:40:08,"[112.84, 50]","[110.55, 44]","[448.84, 56]","[481.39, 56]",280.84,206,336.0,-0.09
07:40:09,"[112.0, 14]","[108.0, 28]","[218.96, 25]","[293.35, 23]",165.48,90,106.96,-0.07
07:40:10,"[112.0, 28]","[107.4, 50]","[185.29, 51]","[186.0, 52]",148.65,181,73.29,-0.14
07:40:11,"[108.73, 55]","[107.53, 57]","[181.53, 38]","[182.62, 32]",145.13,182,72.8,0.23
07:40:12,"[108.67, 18]","[107.87, 46]","[169.7, 40]","[178.74, 31]",139.18,135,61.03,-0.05
07:40:13,"[108.23, 35]","[107.31, 39]","[119.91, 47]","[128.92, 36]",114.07,157,11.69,-0.06
07:40:14,"[108.07, 116]","[107.19, 74]","[114.76, 103]","[115.25, 80]",111.41,373,6.69,0.02
07:40:15,"[108.0, 54]","[107.0, 48]","[113.52, 60]","[134.79, 72]",110.76,234,5.52,-0.13
07:40:16,"[110.63, 57]","[107.19, 26]","[132.45, 44]","[173.62, 52]",121.54,179,21.82,-0.07
07:40:17,"[111.0, 86]","[108.0, 13]","[131.92, 39]","[133.0, 65]",121.46,203,20.92,-0.02
07:40:18,"[111.64, 28]","[110.81, 32]","[127.58, 26]","[132.76, 38]",119.61,124,15.93,-0.03
07:40:19,"[111.38, 48]","[110.5, 36]","[114.54, 46]","[133.5, 50]",112.96,180,3.17,-0.07
07:40:20,"[111.0, 50]","[108.0, 10]","[114.0, 30]","[184.33, 46]",112.5,136,3.0,-0.12
07:40:21,"[111.0, 54]","[108.0, 12]","[113.0, 36]","[380.33, 60]",112.0,162,2.0,-0.19
07:40:22,"[110.12, 34]","[106.09, 43]","[112.0, 45]","[400.77, 60]",111.06,182,1.88,-0.15
07:40:23,"[106.0, 102]","[103.0, 212]","[111.32, 37]","[386.64, 53]",108.66,404,5.32,0.55
07:40:24,"[105.33, 80]","[102.96, 110]","[111.0, 36]","[155.55, 38]",108.16,264,5.67,0.44
07:40:25,"[103.08, 74]","[97.13, 83]","[111.0, 10]","[281.73, 44]",107.04,211,7.92,0.49
07:40:26,"[106.0, 8]","[103.0, 72]","[110.75, 8]","[169.0, 32]",108.38,120,4.75,0.33
07:40:27,"[103.27, 44]","[98.99, 71]","[108.44, 9]","[161.83, 24]",105.86,148,5.17,0.55
07:40:28,"[103.0, 74]","[100.0, 10]","[108.0, 10]","[126.0, 10]",105.5,104,5.0,0.62
07:40:29,"[103.0, 84]","[89.57, 23]","[107.5, 12]","[229.25, 48]",105.25,167,4.5,0.28
07:40:30,"[106.58, 67]","[91.41, 58]","[183.24, 17]","[389.08, 39]",144.91,181,76.65,0.38
07:40:31,"[111.0, 72]","[103.0, 24]","[169.67, 15]","[188.03, 38]",140.33,149,58.67,0.29
07:40:32,"[111.0, 42]","[103.0, 14]","[158.0, 7]","[214.27, 22]",134.5,85,47.0,0.32
07:40:33,"[111.0, 54]","[103.0, 24]","[157.11, 9]","[247.0, 36]",134.06,123,46.11,0.27
07:40:34,"[111.0, 78]","[103.0, 29]","[155.87, 15]","[245.28, 53]",133.43,175,44.87,0.22
07:40:35,"[107.85, 55]","[92.32, 77]","[152.81, 27]","[153.47, 30]",130.33,189,44.96,0.4
07:40:36,"[104.0, 30]","[103.0, 10]","[151.7, 10]","[153.0, 20]",127.85,70,47.7,0.14
07:40:37,"[104.0, 42]","[103.0, 26]","[149.08, 25]","[151.71, 17]",126.54,110,45.08,0.24
07:40:38,"[104.0, 30]","[103.0, 78]","[125.81, 27]","[148.42, 12]",114.91,147,21.81,0.47
07:40:39,"[105.35, 65]","[103.25, 71]","[125.54, 26]","[181.45, 33]",115.45,195,20.18,0.39
07:40:40,"[108.18, 107]","[106.13, 45]","[186.55, 33]","[187.67, 45]",147.36,230,78.37,0.32
07:40:41,"[110.14, 158]","[108.33, 54]","[185.25, 36]","[187.0, 36]",147.69,284,75.11,0.49
07:40:42,"[111.08, 132]","[110.0, 144]","[184.17, 36]","[187.0, 36]",147.62,348,73.08,0.59
07:40:43,"[112.0, 154]","[110.0, 168]","[183.5, 42]","[266.07, 43]",147.75,407,71.5,0.58
07:40:44,"[112.0, 134]","[109.22, 108]","[183.0, 30]","[427.6, 30]",147.5,302,71.0,0.6
07:40:45,"[112.0, 207]","[103.0, 54]","[183.0, 27]","[464.35, 26]",147.5,314,71.0,0.66
07:40:46,"[112.28, 193]","[109.8, 102]","[181.91, 33]","[506.09, 22]",147.1,350,69.62,0.69
07:40:47,"[113.0, 99]","[112.0, 144]","[173.46, 39]","[478.33, 36]",143.23,318,60.46,0.53
07:40:48,"[113.0, 165]","[112.0, 240]","[128.42, 33]","[130.33, 45]",120.71,483,15.42,0.68
07:40:49,"[112.48, 184]","[111.82, 134]","[124.45, 29]","[126.88, 41]",118.46,388,11.97,0.64
07:40:50,"[112.33, 72]","[111.94, 195]","[118.98, 43]","[120.66, 32]",115.66,342,6.64,0.56
07:40:51,"[112.09, 92]","[111.76, 102]","[114.4, 30]","[115.6, 30]",113.24,254,2.31,0.53
07:40:52,"[111.2, 20]","[108.0, 11]","[113.09, 33]","[417.52, 31]",112.15,95,1.89,-0.35
07:40:53,"[110.0, 9]","[108.0, 9]","[112.0, 27]","[432.0, 28]",111.0,73,2.0,-0.51
07:40:54,"[110.0, 10]","[108.0, 10]","[112.0, 30]","[399.6, 30]",111.0,80,2.0,-0.5
07:40:55,"[109.78, 9]","[107.78, 9]","[157.89, 27]","[536.33, 27]",133.83,72,48.11,-0.5
07:40:56,"[106.59, 17]","[94.41, 29]","[187.34, 50]","[267.22, 49]",146.96,145,80.75,-0.37
07:40:57,"[77.11, 65]","[47.86, 72]","[139.43, 47]","[285.29, 42]",108.27,226,62.32,0.21
07:40:58,"[88.0, 72]","[77.0, 64]","[97.75, 8]","[239.3, 20]",92.88,164,9.75,0.66
07:40:59,"[88.54, 35]","[85.25, 96]","[97.0, 11]","[98.0, 11]",92.77,153,8.46,0.71
07:41:00,"[91.5, 10]","[82.67, 81]","[96.03, 37]","[97.1, 10]",93.76,138,4.53,0.32
07:41:01,"[107.11, 45]","[83.11, 45]","[215.23, 22]","[267.64, 14]",161.17,126,108.12,0.43
07:41:02,"[109.0, 85]","[106.62, 26]","[325.89, 27]","[449.24, 29]",217.44,167,216.89,0.33
07:41:03,"[109.0, 88]","[108.0, 14]","[351.59, 22]","[542.83, 36]",230.3,160,242.59,0.28
07:41:04,"[109.0, 40]","[108.0, 20]","[283.25, 24]","[473.0, 24]",196.12,108,174.25,0.11
07:41:05,"[109.57, 42]","[108.45, 44]","[310.8, 30]","[473.0, 37]",210.19,153,201.23,0.12
07:41:06,"[111.0, 24]","[109.0, 40]","[288.07, 14]","[500.0, 22]",199.54,100,177.07,0.28
07:41:07,"[109.0, 25]","[108.0, 20]","[227.0, 5]","[577.0, 15]",168.0,65,118.0,0.38
07:41:08,"[109.0, 31]","[108.0, 32]","[265.21, 14]","[551.75, 24]",187.11,101,156.21,0.25
07:41:09,"[112.0, 14]","[109.0, 14]","[171.23, 13]","[357.4, 15]",141.62,56,59.23,0.0
07:41:10,"[112.0, 24]","[109.0, 24]","[117.69, 39]","[212.21, 14]",114.85,101,5.69,-0.05
07:41:11,"[108.28, 29]","[106.08, 74]","[115.72, 43]","[117.79, 39]",112.0,185,7.45,0.11
07:41:12,"[107.26, 43]","[105.84, 76]","[113.58, 48]","[115.37, 51]",110.42,218,6.33,0.09
07:41:13,"[106.0, 128]","[103.0, 20]","[111.55, 47]","[112.44, 43]",108.78,238,5.55,0.24
07:41:14,"[106.0, 166]","[103.0, 14]","[108.88, 32]","[109.84, 31]",107.44,243,2.88,0.48
07:41:15,"[106.0, 176]","[103.0, 16]","[107.83, 30]","[398.28, 25]",106.92,247,1.83,0.55
07:41:16,"[106.01, 178]","[105.2, 60]","[423.69, 26]","[451.67, 9]",264.85,273,317.68,0.74
07:41:17,"[106.01, 156]","[105.28, 58]","[217.27, 33]","[438.0, 18]",161.64,265,111.26,0.62
07:41:18,"[106.0, 132]","[103.0, 12]","[130.0, 24]","[405.8, 20]",118.0,188,24.0,0.53
07:41:19,"[106.0, 168]","[103.0, 16]","[151.92, 26]","[450.29, 34]",128.96,244,45.92,0.51
07:41:20,"[106.0, 117]","[103.0, 14]","[137.0, 14]","[348.89, 27]",121.5,172,31.0,0.52
07:41:21,"[106.0, 168]","[103.0, 22]","[135.55, 33]","[137.0, 22]",120.77,245,29.55,0.55
07:41:22,"[106.01, 134]","[104.38, 52]","[134.37, 57]","[135.68, 41]",120.19,284,28.35,0.31
07:41:23,"[106.44, 54]","[105.61, 62]","[133.22, 36]","[134.06, 34]",119.83,186,26.78,0.25
07:41:24,"[108.0, 35]","[106.0, 81]","[131.18, 34]","[132.28, 29]",119.59,179,23.18,0.3
07:41:25,"[109.0, 10]","[107.45, 33]","[131.0, 28]","[132.0, 21]",120.0,92,22.0,-0.07
07:41:26,"[108.05, 43]","[106.08, 97]","[130.29, 42]","[131.18, 49]",119.17,231,22.24,0.21
07:41:27,"[109.42, 57]","[108.0, 63]","[128.47, 73]","[130.2, 60]",118.94,253,19.04,-0.05
07:41:28,"[110.22, 27]","[106.59, 51]","[127.78, 36]","[130.0, 27]",119.0,141,17.56,0.11
07:41:29,"[111.31, 16]","[109.91, 22]","[124.88, 33]","[126.97, 37]",118.1,108,13.57,-0.3
07:41:30,"[112.0, 51]","[111.0, 17]","[117.5, 48]","[121.79, 47]",114.75,163,5.5,-0.17
07:41:31,"[111.92, 26]","[110.57, 14]","[113.0, 30]","[117.0, 20]",112.46,90,1.08,-0.11
07:41:32,"[110.17, 29]","[108.55, 55]","[112.45, 22]","[220.65, 26]",111.31,132,2.28,0.27
07:41:33,"[109.13, 23]","[107.43, 63]","[111.08, 13]","[269.44, 25]",110.1,124,1.95,0.39
07:41:34,"[108.0, 57]","[106.0, 145]","[109.59, 37]","[140.36, 28]",108.8,267,1.59,0.51
07:41:35,"[106.15, 68]","[104.86, 74]","[159.18, 34]","[258.08, 24]",132.66,200,53.03,0.42
07:41:36,"[106.05, 64]","[103.73, 37]","[245.5, 30]","[246.42, 24]",175.77,155,139.45,0.3
07:41:37,"[106.0, 102]","[103.0, 52]","[241.76, 51]","[243.0, 40]",173.88,245,135.76,0.26
07:41:38,"[103.78, 27]","[102.85, 33]","[238.0, 44]","[239.13, 45]",170.89,149,134.22,-0.19
07:41:39,"[106.0, 11]","[103.0, 44]","[235.82, 44]","[236.82, 44]",170.91,143,129.82,-0.23
07:41:40,"[103.27, 44]","[102.62, 26]","[224.76, 41]","[231.39, 51]",164.01,162,121.48,-0.14
07:41:41,"[96.53, 17]","[64.17, 12]","[159.61, 33]","[199.84, 38]",128.07,100,63.08,-0.42
07:41:42,"[92.0, 10]","[88.0, 10]","[99.13, 15]","[113.91, 32]",95.57,67,7.13,-0.4
07:41:43,"[90.0, 8]","[69.25, 8]","[96.0, 8]","[99.92, 53]",93.0,77,6.0,-0.58
07:41:44,"[88.0, 7]","[50.14, 7]","[98.88, 25]","[99.91, 46]",93.44,85,10.88,-0.67
07:41:45,"[88.0, 6]","[48.0, 6]","[97.33, 18]","[99.64, 33]",92.67,63,9.33,-0.62
07:41:46,"[86.67, 6]","[23.0, 10]","[94.0, 12]","[99.0, 24]",90.33,52,7.33,-0.38
07:41:47,"[86.0, 3]","[58.29, 7]","[94.0, 6]","[97.91, 11]",90.0,27,8.0,-0.26
07:41:48,"[86.75, 8]","[68.64, 14]","[94.0, 16]","[95.0, 24]",90.38,62,7.25,-0.29
07:41:49,"[88.5, 12]","[59.0, 36]","[94.0, 19]","[95.0, 36]",91.25,103,5.5,-0.07
07:41:50,"[89.0, 6]","[65.0, 14]","[94.0, 6]","[95.0, 18]",91.5,44,5.0,-0.09
07:41:51,"[90.0, 9]","[65.86, 21]","[94.22, 9]","[95.65, 31]",92.11,70,4.22,-0.14
07:41:52,"[92.0, 19]","[82.5, 14]","[96.16, 19]","[97.68, 47]",94.08,99,4.16,-0.33
07:41:53,"[95.45, 22]","[93.71, 14]","[98.47, 17]","[100.0, 21]",96.96,74,3.02,-0.03
07:41:54,"[94.0, 7]","[90.0, 7]","[184.8, 10]","[172.75, 8]",139.4,32,90.8,-0.12
07:41:55,"[101.5, 10]","[90.6, 10]","[293.1, 40]","[423.3, 20]",197.3,80,191.6,-0.5
07:41:56,"[100.42, 12]","[78.5, 10]","[118.0, 40]","[192.33, 24]",109.21,86,17.58,-0.49
07:41:57,"[106.0, 10]","[102.0, 5]","[182.6, 10]","[301.0, 16]",144.3,41,76.6,-0.27
07:41:58,"[106.56, 9]","[104.93, 15]","[360.58, 24]","[458.11, 18]",233.57,66,254.03,-0.27
07:41:59,"[107.0, 11]","[106.0, 22]","[338.64, 44]","[451.5, 40]",222.82,117,231.64,-0.44
07:42:00,"[108.93, 15]","[107.35, 23]","[331.71, 34]","[499.11, 38]",220.32,110,222.77,-0.31
07:42:01,"[109.45, 60]","[108.76, 34]","[305.83, 48]","[320.33, 36]",207.64,178,196.38,0.06
07:42:02,"[109.86, 44]","[109.32, 38]","[304.62, 32]","[315.38, 32]",207.24,146,194.76,0.12
07:42:03,"[110.31, 29]","[109.5, 50]","[147.86, 29]","[252.76, 25]",129.09,133,37.55,0.19
07:42:04,"[110.0, 11]","[109.0, 45]","[120.18, 22]","[121.5, 32]",115.09,110,10.18,0.02
07:42:05,"[110.0, 10]","[109.0, 50]","[116.44, 36]","[117.33, 24]",113.22,120,6.44,0.0
07:42:06,"[110.95, 19]","[109.64, 14]","[113.27, 22]","[114.95, 38]",112.11,93,2.33,-0.29
07:42:07,"[110.62, 13]","[109.14, 29]","[112.14, 28]","[166.89, 36]",111.38,106,1.53,-0.21
07:42:08,"[111.5, 16]","[109.13, 23]","[182.0, 28]","[499.7, 23]",146.75,90,70.5,-0.13
07:42:09,"[112.0, 16]","[110.0, 4]","[210.0, 16]","[564.5, 12]",161.0,48,98.0,-0.17
07:42:10,"[112.0, 12]","[110.0, 3]","[210.0, 12]","[579.0, 9]",161.0,36,98.0,-0.17
07:42:11,"[112.0, 20]","[110.0, 5]","[455.21, 19]","[606.75, 16]",283.61,60,343.21,-0.17
07:42:12,"[112.0, 28]","[110.0, 11]","[280.55, 33]","[545.65, 34]",196.27,106,168.55,-0.26
07:42:13,"[110.64, 22]","[108.8, 15]","[558.89, 27]","[703.67, 27]",334.76,91,448.25,-0.19
07:42:14,"[109.0, 25]","[108.0, 30]","[402.8, 20]","[666.22, 9]",255.9,84,293.8,0.31
07:42:15,"[109.35, 34]","[108.22, 46]","[385.09, 11]","[631.72, 29]",247.22,120,275.74,0.33
07:42:16,"[109.0, 55]","[108.0, 66]","[362.88, 32]","[415.13, 23]",235.94,176,253.88,0.38
07:42:17,"[110.36, 44]","[107.88, 67]","[283.44, 27]","[374.9, 40]",196.9,178,173.08,0.25
07:42:18,"[109.5, 30]","[106.94, 16]","[259.08, 12]","[312.11, 19]",184.29,77,149.58,0.19
07:42:19,"[108.0, 35]","[106.0, 36]","[257.97, 31]","[258.55, 11]",182.98,113,149.97,0.26
07:42:20,"[108.0, 33]","[106.0, 48]","[255.0, 8]","[258.0, 40]",181.5,129,147.0,0.26
07:42:21,"[108.0, 36]","[106.0, 54]","[215.52, 25]","[225.88, 26]",161.76,141,107.52,0.28
07:42:22,"[108.91, 46]","[107.76, 50]","[119.21, 29]","[121.26, 23]",114.06,148,10.29,0.3
07:42:23,"[110.54, 26]","[108.0, 52]","[116.79, 38]","[117.16, 49]",113.66,165,6.25,-0.05
07:42:24,"[109.42, 38]","[107.41, 51]","[113.0, 41]","[114.25, 28]",111.21,158,3.58,0.13
07:42:25,"[106.97, 35]","[104.2, 60]","[108.92, 26]","[222.32, 31]",107.95,152,1.95,0.25
07:42:26,"[105.4, 30]","[102.88, 68]","[119.0, 23]","[297.81, 37]",112.2,158,13.6,0.24
07:42:27,"[106.0, 28]","[103.0, 42]","[182.8, 15]","[263.8, 20]",144.4,105,76.8,0.33
07:42:28,"[106.91, 44]","[104.62, 52]","[134.15, 54]","[155.67, 15]",120.53,165,27.24,0.16
07:42:29,"[109.33, 40]","[107.98, 43]","[110.89, 36]","[128.86, 56]",110.11,175,1.56,-0.05
07:42:30,"[110.42, 24]","[109.0, 36]","[123.05, 39]","[139.62, 48]",116.73,147,12.63,-0.18
07:42:31,"[111.0, 30]","[109.0, 45]","[132.99, 71]","[133.74, 19]",121.99,165,21.99,-0.09
07:42:32,"[111.0, 10]","[109.0, 15]","[130.6, 5]","[133.0, 25]",120.8,55,19.6,-0.09
07:42:33,"[111.61, 23]","[109.52, 27]","[128.81, 42]","[131.67, 18]",120.21,110,17.2,-0.09
07:42:34,"[113.0, 16]","[112.0, 16]","[128.0, 40]","[130.0, 8]",120.5,80,15.0,-0.2
07:42:35,"[113.0, 9]","[112.0, 28]","[125.19, 21]","[127.43, 21]",119.1,79,12.19,-0.06
07:42:36,"[113.0, 13]","[112.0, 52]","[122.56, 45]","[123.41, 27]",117.78,137,9.56,-0.05
07:42:37,"[113.0, 9]","[112.0, 36]","[117.76, 17]","[118.97, 33]",115.38,95,4.76,-0.05
07:42:38,"[112.36, 25]","[111.25, 48]","[114.52, 31]","[115.86, 21]",113.44,125,2.16,0.17
07:42:39,"[110.24, 46]","[107.38, 42]","[112.8, 60]","[114.33, 27]",111.52,175,2.56,0.01
07:42:40,"[108.8, 25]","[107.1, 63]","[111.61, 59]","[130.23, 26]",110.21,173,2.81,0.02
07:42:41,"[104.05, 44]","[102.78, 51]","[115.0, 10]","[184.62, 32]",109.52,137,10.95,0.39
07:42:42,"[109.56, 36]","[105.8, 71]","[114.93, 14]","[271.14, 42]",112.24,163,5.37,0.31
07:42:43,"[108.0, 15]","[103.18, 67]","[112.59, 17]","[329.46, 35]",110.29,134,4.59,0.22
07:42:44,"[108.0, 13]","[106.0, 26]","[110.24, 29]","[116.46, 13]",109.12,81,2.24,-0.04
07:42:45,"[106.86, 14]","[103.75, 48]","[110.22, 18]","[113.0, 12]",108.54,92,3.37,0.35
07:42:46,"[106.0, 18]","[103.0, 63]","[109.56, 18]","[423.88, 33]",107.78,132,3.56,0.23
07:42:47,"[106.0, 17]","[103.0, 98]","[108.0, 46]","[446.02, 46]",107.0,207,2.0,0.11
07:42:48,"[104.29, 21]","[97.96, 46]","[119.38, 13]","[189.2, 20]",111.84,100,15.1,0.34
07:42:49,"[103.0, 39]","[80.92, 24]","[384.77, 13]","[541.14, 21]",243.88,97,281.77,0.3
07:42:50,"[76.42, 24]","[60.0, 48]","[298.89, 19]","[436.5, 22]",187.66,113,222.48,0.27
07:42:51,"[102.31, 67]","[75.82, 22]","[332.67, 12]","[519.71, 7]",217.49,108,230.35,0.65
07:42:52,"[103.41, 88]","[86.74, 62]","[335.89, 18]","[636.67, 18]",219.65,186,232.48,0.61
07:42:53,"[106.67, 18]","[104.93, 28]","[152.55, 11]","[392.0, 8]",129.61,65,45.88,0.42
07:42:54,"[109.48, 62]","[108.49, 90]","[178.93, 30]","[306.4, 25]",144.21,207,69.45,0.47
07:42:55,"[111.69, 13]","[110.73, 49]","[189.8, 30]","[191.0, 20]",150.75,112,78.11,0.11
07:42:56,"[112.83, 29]","[111.23, 26]","[188.73, 33]","[191.0, 22]",150.78,110,75.9,0.0
07:42:57,"[113.0, 1]","[112.0, 1]","[188.0, 3]","[191.0, 2]",150.5,7,75.0,-0.43
07:42:58,"[113.0, 6]","[112.0, 6]","[183.45, 22]","[341.71, 14]",148.23,48,70.45,-0.5
07:42:59,"[110.03, 91]","[108.03, 154]","[187.7, 30]","[411.4, 20]",148.87,295,77.67,0.66
07:43:00,"[110.0, 120]","[108.0, 204]","[186.25, 36]","[380.4, 30]",148.12,390,76.25,0.66
07:43:01,"[110.0, 80]","[108.0, 136]","[148.45, 20]","[205.8, 30]",129.22,266,38.45,0.62
07:43:02,"[110.0, 110]","[108.0, 184]","[115.45, 33]","[117.06, 32]",112.73,359,5.45,0.64
07:43:03,"[111.0, 67]","[110.0, 150]","[115.0, 45]","[117.0, 45]",113.0,307,4.0,0.41
07:43:04,"[110.16, 57]","[108.74, 135]","[115.0, 30]","[117.0, 30]",112.58,252,4.84,0.52
07:43:05,"[110.0, 80]","[108.0, 125]","[113.55, 38]","[123.55, 29]",111.78,272,3.55,0.51
07:43:06,"[110.0, 71]","[108.0, 41]","[111.87, 38]","[174.59, 58]",110.93,208,1.87,0.08
07:43:07,"[108.97, 31]","[107.83, 24]","[194.11, 35]","[287.31, 29]",151.54,119,85.15,-0.08
07:43:08,"[108.0, 11]","[107.0, 7]","[243.54, 26]","[303.79, 19]",175.77,63,135.54,-0.43
07:43:09,"[108.0, 8]","[106.61, 18]","[202.0, 16]","[290.0, 40]",155.0,82,94.0,-0.37
07:43:10,"[109.0, 9]","[107.09, 33]","[284.0, 16]","[512.09, 33]",196.5,91,175.0,-0.08
07:43:11,"[111.0, 8]","[108.0, 8]","[400.19, 27]","[559.0, 18]",255.59,61,289.19,-0.48
07:43:12,"[111.0, 8]","[108.0, 8]","[374.21, 38]","[377.94, 34]",242.61,88,263.21,-0.64
07:43:13,"[111.0, 12]","[108.0, 12]","[335.13, 47]","[363.51, 49]",223.06,120,224.13,-0.6
07:43:14,"[111.0, 14]","[108.0, 14]","[114.07, 30]","[123.06, 36]",112.53,94,3.07,-0.4
07:43:15,"[110.2, 15]","[107.35, 31]","[112.15, 33]","[133.46, 35]",111.18,114,1.95,-0.19
07:43:16,"[108.0, 11]","[107.0, 55]","[110.91, 11]","[178.73, 22]",109.45,99,2.91,0.33
07:43:17,"[107.11, 56]","[106.33, 90]","[109.0, 16]","[257.35, 26]",108.05,188,1.89,0.55
07:43:18,"[109.54, 61]","[106.33, 72]","[255.22, 18]","[492.79, 19]",182.38,170,145.68,0.56
07:43:19,"[108.61, 31]","[106.23, 64]","[286.56, 16]","[325.65, 20]",197.59,131,177.95,0.45
07:43:20,"[107.0, 27]","[106.0, 77]","[171.89, 18]","[179.71, 21]",139.44,143,64.89,0.45
07:43:21,"[107.0, 16]","[106.0, 56]","[171.0, 8]","[172.0, 16]",139.0,96,64.0,0.5
07:43:22,"[109.52, 31]","[106.78, 23]","[169.88, 24]","[170.78, 18]",139.7,96,60.36,0.12
07:43:23,"[110.0, 40]","[107.0, 20]","[169.56, 18]","[248.0, 12]",139.78,90,59.56,0.33
07:43:24,"[107.55, 22]","[106.02, 92]","[156.39, 46]","[160.25, 32]",131.97,192,48.85,0.19
07:43:25,"[108.07, 46]","[106.42, 52]","[151.02, 60]","[152.17, 63]",129.54,221,42.95,-0.11
07:43:26,"[109.0, 39]","[107.0, 26]","[147.52, 54]","[148.68, 44]",128.26,163,38.52,-0.2
07:43:27,"[111.22, 27]","[107.0, 18]","[146.26, 38]","[147.19, 43]",128.74,126,35.04,-0.29
07:43:28,"[113.0, 39]","[107.0, 26]","[144.15, 52]","[147.0, 65]",128.58,182,31.15,-0.29
07:43:29,"[111.67, 12]","[107.7, 20]","[141.35, 34]","[144.95, 41]",126.51,107,29.69,-0.4
07:43:30,"[112.17, 12]","[111.08, 12]","[135.87, 52]","[136.69, 49]",124.02,125,23.7,-0.62
07:43:31,"[114.0, 10]","[112.0, 10]","[133.38, 26]","[134.32, 41]",123.69,87,19.38,-0.54
07:43:32,"[112.0, 12]","[111.0, 12]","[130.17, 24]","[131.67, 24]",121.08,72,18.17,-0.33
07:43:33,"[106.16, 111]","[103.28, 87]","[125.28, 50]","[126.27, 44]",115.72,292,19.12,0.36
07:43:34,"[106.0, 87]","[103.0, 77]","[120.32, 44]","[121.58, 43]",113.16,251,14.32,0.31
07:43:35,"[106.13, 30]","[103.34, 71]","[114.44, 32]","[116.14, 42]",110.29,175,8.3,0.15
07:43:36,"[106.0, 32]","[104.36, 22]","[110.16, 50]","[110.42, 48]",108.08,152,4.16,-0.29
07:43:37,"[103.0, 64]","[90.79, 19]","[104.37, 65]","[105.83, 47]",103.68,195,1.37,-0.15
07:43:38,"[84.85, 27]","[44.21, 48]","[99.33, 54]","[104.36, 33]",92.09,162,14.48,-0.07
07:43:39,"[40.05, 41]","[36.76, 49]","[96.43, 28]","[116.58, 19]",68.24,137,56.38,0.31
07:43:40,"[62.75, 28]","[33.5, 20]","[99.0, 8]","[100.0, 16]",80.88,72,36.25,0.33
07:43:41,"[106.0, 39]","[71.12, 32]","[228.0, 56]","[328.0, 17]",167.0,144,122.0,-0.01
07:43:42,"[110.0, 13]","[108.0, 5]","[228.0, 20]","[364.0, 10]",169.0,48,118.0,-0.25
07:43:43,"[110.6, 20]","[109.14, 14]","[235.3, 37]","[375.76, 17]",172.95,88,124.7,-0.23
07:43:44,"[111.6, 20]","[109.6, 20]","[158.0, 11]","[462.09, 11]",134.8,62,46.4,0.29
07:43:45,"[34.84, 19]","[11.08, 13]","[120.86, 7]","[187.86, 7]",77.85,46,86.02,0.39
07:43:46,"[65.84, 38]","[18.06, 54]","[123.7, 23]","[166.9, 20]",94.77,135,57.85,0.36
07:43:47,"[56.0, 30]","[39.0, 18]","[98.0, 10]","[131.5, 12]",77.0,70,42.0,0.37
07:43:48,"[56.98, 40]","[49.08, 36]","[98.0, 10]","[100.0, 20]",77.49,106,41.02,0.43
07:43:49,"[78.53, 53]","[68.0, 39]","[95.73, 33]","[99.52, 21]",87.13,146,17.2,0.26
07:43:50,"[83.43, 42]","[76.0, 40]","[97.06, 34]","[196.93, 15]",90.24,131,13.63,0.25
07:43:51,"[85.0, 21]","[74.0, 21]","[99.43, 14]","[279.45, 11]",92.21,67,14.43,0.25
07:43:52,"[86.71, 7]","[85.0, 21]","[262.31, 13]","[334.89, 9]",174.51,50,175.59,0.12
07:43:53,"[87.88, 17]","[85.91, 11]","[384.0, 9]","[459.75, 8]",235.94,45,296.12,0.24
07:43:54,"[88.13, 23]","[87.46, 13]","[481.56, 16]","[615.92, 12]",284.85,64,393.43,0.12
07:43:55,"[90.9, 10]","[89.0, 6]","[466.6, 10]","[621.38, 8]",278.75,34,375.7,-0.06
07:43:56,"[105.32, 38]","[104.02, 46]","[389.0, 20]","[666.29, 28]",247.16,132,283.68,0.27
07:43:57,"[110.71, 7]","[108.33, 9]","[189.07, 15]","[291.69, 13]",149.89,44,78.35,-0.27
07:43:58,"[111.0, 6]","[109.0, 6]","[201.71, 14]","[223.5, 16]",156.36,42,90.71,-0.43
07:43:59,"[111.67, 12]","[109.67, 6]","[210.92, 13]","[294.35, 17]",161.29,48,99.26,-0.25
07:44:00,"[112.44, 36]","[111.0, 9]","[220.05, 19]","[376.2, 10]",166.25,74,107.61,0.22
07:44:01,"[113.0, 25]","[111.0, 10]","[211.07, 28]","[216.17, 23]",162.04,86,98.07,-0.19
07:44:02,"[109.9, 29]","[106.58, 95]","[191.92, 36]","[206.0, 33]",150.91,193,82.02,0.28
07:44:03,"[108.03, 33]","[106.02, 198]","[117.89, 38]","[138.39, 33]",112.96,302,9.86,0.53
07:44:04,"[107.28, 94]","[105.75, 130]","[133.07, 28]","[136.0, 28]",120.17,280,25.79,0.6
07:44:05,"[106.11, 81]","[105.0, 54]","[132.0, 22]","[136.0, 18]",119.06,175,25.89,0.54
07:44:06,"[107.0, 45]","[106.0, 180]","[131.12, 34]","[135.38, 32]",119.06,291,24.12,0.55
07:44:07,"[106.14, 90]","[104.94, 93]","[129.75, 24]","[130.86, 44]",117.95,251,23.61,0.46
07:44:08,"[109.08, 39]","[104.09, 33]","[126.9, 21]","[128.33, 18]",117.99,111,17.83,0.3
07:44:09,"[111.0, 22]","[106.0, 22]","[124.27, 33]","[127.0, 22]",117.64,99,13.27,-0.11
07:44:10,"[107.43, 21]","[103.88, 51]","[116.69, 13]","[123.52, 29]",112.06,114,9.26,0.26
07:44:11,"[106.0, 36]","[103.0, 96]","[112.66, 29]","[113.59, 27]",109.33,188,6.66,0.4
07:44:12,"[106.19, 21]","[103.6, 60]","[108.26, 23]","[109.48, 25]",107.23,129,2.07,0.26
07:44:13,"[106.0, 20]","[103.0, 40]","[107.7, 30]","[109.0, 20]",106.85,110,1.7,0.09
07:44:14,"[104.85, 52]","[102.89, 36]","[108.27, 11]","[115.91, 22]",106.56,121,3.43,0.45
07:44:15,"[104.76, 54]","[102.9, 40]","[153.2, 10]","[277.36, 22]",128.98,126,48.44,0.49
07:44:16,"[105.58, 83]","[104.03, 58]","[158.79, 39]","[227.0, 32]",132.19,212,53.22,0.33
07:44:17,"[106.09, 108]","[105.0, 83]","[142.79, 57]","[158.0, 45]",124.44,293,36.7,0.3
07:44:18,"[107.6, 75]","[105.0, 35]","[140.56, 48]","[141.74, 57]",124.08,215,32.96,0.02
07:44:19,"[108.0, 50]","[105.0, 10]","[137.83, 29]","[139.54, 35]",122.91,124,29.83,-0.03
07:44:20,"[108.0, 70]","[105.0, 20]","[133.83, 46]","[135.39, 49]",120.91,185,25.83,-0.03
07:44:21,"[108.19, 31]","[107.57, 35]","[123.18, 55]","[130.83, 46]",115.69,167,14.99,-0.21
07:44:22,"[110.47, 15]","[108.0, 75]","[118.19, 42]","[119.6, 72]",114.33,204,7.72,-0.12
07:44:23,"[111.88, 42]","[108.0, 70]","[114.29, 28]","[116.85, 40]",113.08,180,2.4,0.24
07:44:24,"[108.06, 117]","[107.3, 37]","[111.12, 52]","[112.76, 34]",109.59,240,3.06,0.28
07:44:25,"[108.0, 76]","[106.94, 16]","[109.63, 49]","[113.0, 32]",108.82,173,1.63,0.06
07:44:26,"[108.25, 32]","[107.45, 22]","[111.74, 31]","[139.92, 24]",110.0,109,3.49,-0.01
07:44:27,"[109.33, 6]","[108.12, 16]","[112.0, 20]","[113.0, 8]",110.67,50,2.67,-0.12
07:44:28,"[109.29, 17]","[107.96, 67]","[111.56, 36]","[132.36, 50]",110.42,170,2.26,-0.01
07:44:29,"[108.0, 53]","[105.0, 9]","[110.84, 25]","[198.74, 39]",109.42,126,2.84,-0.02
07:44:30,"[107.59, 44]","[105.75, 20]","[128.91, 47]","[339.06, 47]",118.25,158,21.32,-0.19
07:44:31,"[106.0, 21]","[105.0, 7]","[256.5, 16]","[551.83, 23]",181.25,67,150.5,-0.16
07:44:32,"[106.92, 26]","[105.5, 12]","[412.0, 8]","[477.0, 40]",259.46,86,305.08,-0.12
07:44:33,"[106.0, 13]","[105.0, 13]","[169.97, 37]","[299.19, 42]",137.99,105,63.97,-0.5
07:44:34,"[106.0, 5]","[105.0, 5]","[119.88, 16]","[187.95, 19]",112.94,45,13.88,-0.56
07:44:35,"[106.0, 9]","[105.0, 9]","[112.56, 27]","[192.0, 36]",109.28,81,6.56,-0.56
07:44:36,"[106.0, 14]","[105.0, 14]","[111.53, 43]","[284.95, 55]",108.77,126,5.53,-0.56
07:44:37,"[106.0, 11]","[105.0, 11]","[110.87, 23]","[153.46, 39]",108.43,84,4.87,-0.48
07:44:38,"[104.07, 41]","[100.52, 50]","[107.36, 42]","[109.0, 14]",105.72,147,3.28,0.24
07:44:39,"[103.56, 34]","[98.06, 85]","[130.3, 30]","[260.69, 16]",116.93,165,26.74,0.44
07:44:40,"[104.14, 14]","[96.46, 52]","[343.0, 20]","[437.82, 28]",223.57,114,238.86,0.16
07:44:41,"[104.43, 23]","[75.12, 68]","[312.62, 40]","[355.07, 40]",208.53,171,208.19,0.06
07:44:42,"[105.0, 15]","[103.0, 29]","[308.87, 45]","[366.84, 73]",206.93,162,203.87,-0.46
07:44:43,"[105.67, 9]","[103.0, 27]","[282.75, 28]","[298.56, 27]",194.21,91,177.08,-0.21
07:44:44,"[99.84, 80]","[83.23, 70]","[200.44, 27]","[207.0, 32]",150.14,209,100.61,0.44
07:44:45,"[100.22, 117]","[84.12, 75]","[198.75, 24]","[202.56, 25]",149.49,241,98.53,0.59
07:44:46,"[102.24, 45]","[96.72, 122]","[197.73, 33]","[199.0, 22]",149.99,222,95.48,0.5
07:44:47,"[111.56, 27]","[105.68, 69]","[195.53, 19]","[197.15, 26]",153.54,141,83.97,0.36
07:44:48,"[108.0, 64]","[106.0, 6]","[195.0, 12]","[197.0, 18]",151.5,100,87.0,0.4
07:44:49,"[108.0, 44]","[106.0, 12]","[184.73, 30]","[194.69, 32]",146.37,118,76.73,-0.05
07:44:50,"[108.0, 8]","[106.0, 8]","[191.38, 24]","[193.0, 16]",149.69,56,83.38,-0.43
07:44:51,"[108.0, 76]","[106.0, 10]","[186.0, 32]","[192.71, 21]",147.0,139,78.0,0.24
07:44:52,"[108.0, 36]","[106.0, 3]","[190.0, 8]","[191.29, 7]",149.0,54,82.0,0.44
07:44:53,"[108.0, 144]","[106.0, 12]","[188.0, 36]","[190.0, 24]",148.0,216,80.0,0.44
07:44:54,"[108.0, 91]","[106.0, 13]","[187.11, 38]","[189.67, 27]",147.55,169,79.11,0.23
07:44:55,"[110.0, 10]","[108.0, 70]","[184.05, 22]","[186.57, 28]",147.02,130,74.05,0.23
07:44:56,"[110.0, 5]","[108.0, 35]","[181.69, 13]","[183.0, 12]",145.85,65,71.69,0.23
07:44:57,"[108.64, 22]","[107.81, 54]","[138.03, 39]","[147.02, 45]",123.33,160,29.39,-0.05
07:44:58,"[109.8, 15]","[107.86, 29]","[129.78, 32]","[143.47, 38]",119.79,114,19.98,-0.23
07:44:59,"[108.9, 10]","[107.12, 16]","[125.95, 19]","[127.62, 13]",117.42,58,17.05,-0.1
07:45:00,"[108.0, 11]","[106.0, 11]","[122.92, 24]","[124.24, 29]",115.46,75,14.92,-0.41
07:45:01,"[108.0, 9]","[106.0, 19]","[121.89, 18]","[124.0, 27]",114.94,73,13.89,-0.23
07:45:02,"[111.51, 41]","[107.17, 12]","[118.48, 23]","[120.88, 17]",115.0,93,6.97,0.14
07:45:03,"[112.29, 42]","[111.74, 77]","[116.51, 35]","[116.94, 32]",114.4,186,4.23,0.28
07:45:04,"[112.0, 38]","[108.0, 9]","[113.41, 17]","[114.88, 16]",112.71,80,1.41,0.17
07:45:05,"[110.0, 24]","[106.67, 18]","[112.83, 90]","[191.86, 42]",111.42,174,2.83,-0.52
07:45:06,"[106.62, 29]","[104.83, 72]","[112.0, 65]","[124.0, 13]",109.31,179,5.38,0.13
07:45:07,"[103.67, 27]","[79.41, 41]","[111.51, 43]","[114.37, 27]",107.59,138,7.84,-0.01
07:45:08,"[103.0, 12]","[77.44, 54]","[110.0, 24]","[111.0, 60]",106.5,150,7.0,-0.12
07:45:09,"[65.18, 33]","[54.71, 14]","[102.33, 24]","[109.45, 44]",83.76,115,37.15,-0.18
07:45:10,"[78.14, 42]","[73.91, 66]","[100.02, 56]","[104.12, 16]",89.08,180,21.88,0.2
07:45:11,"[85.0, 10]","[79.8, 20]","[98.5, 50]","[101.0, 10]",91.75,90,13.5,-0.33
07:45:12,"[87.33, 12]","[68.29, 14]","[132.08, 38]","[322.65, 31]",109.71,95,44.75,-0.45
07:45:13,"[109.9, 97]","[101.34, 35]","[117.0, 52]","[175.0, 26]",113.45,210,7.1,0.26
07:45:14,"[112.15, 91]","[110.83, 36]","[129.89, 36]","[175.0, 18]",121.02,181,17.74,0.4
07:45:15,"[113.0, 49]","[112.0, 77]","[133.0, 28]","[410.31, 32]",123.0,186,20.0,0.35
07:45:16,"[113.0, 70]","[112.0, 122]","[133.0, 40]","[382.35, 46]",123.0,278,20.0,0.38
07:45:17,"[113.0, 75]","[112.0, 156]","[404.0, 44]","[526.81, 52]",258.5,327,291.0,0.41
07:45:18,"[113.0, 42]","[112.0, 91]","[315.4, 20]","[372.0, 24]",214.2,177,202.4,0.5
07:45:19,"[113.0, 61]","[112.0, 143]","[317.43, 28]","[401.51, 45]",215.21,277,204.43,0.47
07:45:20,"[113.0, 9]","[112.0, 117]","[330.15, 26]","[386.39, 33]",221.58,185,217.15,0.36
07:45:21,"[112.02, 119]","[111.59, 44]","[164.31, 36]","[221.0, 36]",138.16,235,52.29,0.39
07:45:22,"[112.0, 195]","[111.0, 37]","[174.57, 37]","[260.05, 38]",143.28,307,62.57,0.51
07:45:23,"[112.0, 112]","[111.0, 29]","[198.91, 23]","[199.83, 24]",155.46,188,86.91,0.5
07:45:24,"[112.0, 100]","[111.0, 24]","[194.89, 18]","[195.5, 18]",153.44,160,82.89,0.55
07:45:25,"[112.0, 70]","[111.0, 28]","[190.39, 23]","[192.79, 28]",151.2,149,78.39,0.32
07:45:26,"[111.53, 38]","[109.62, 26]","[186.42, 19]","[188.63, 38]",148.97,121,74.89,0.06
07:45:27,"[111.25, 16]","[109.8, 20]","[182.23, 13]","[183.16, 25]",146.74,74,70.98,-0.03
07:45:28,"[108.36, 44]","[106.27, 148]","[177.61, 28]","[178.45, 20]",142.99,240,69.24,0.6
07:45:29,"[108.0, 36]","[106.0, 126]","[171.96, 25]","[173.7, 20]",139.98,207,63.96,0.57
07:45:30,"[108.0, 34]","[106.0, 140]","[169.52, 25]","[170.4, 25]",138.76,224,61.52,0.55
07:45:31,"[108.0, 6]","[106.0, 84]","[167.57, 14]","[169.5, 16]",137.79,120,59.57,0.5
07:45:32,"[108.0, 10]","[106.0, 140]","[166.35, 26]","[173.73, 33]",137.17,209,58.35,0.44
07:45:33,"[106.0, 72]","[103.0, 42]","[166.0, 30]","[167.0, 18]",136.0,162,60.0,0.41
07:45:34,"[106.0, 134]","[103.0, 91]","[164.04, 47]","[165.31, 65]",135.02,337,58.04,0.34
07:45:35,"[106.03, 139]","[103.9, 60]","[128.64, 47]","[133.58, 71]",117.33,317,22.61,0.26
07:45:36,"[110.21, 95]","[105.28, 87]","[115.84, 68]","[117.61, 64]",113.02,314,5.63,0.16
07:45:37,"[106.0, 30]","[103.0, 15]","[111.71, 21]","[112.47, 19]",108.86,85,5.71,0.06
07:45:38,"[106.0, 30]","[103.0, 18]","[110.33, 18]","[112.0, 30]",108.17,96,4.33,0.0
07:45:39,"[106.0, 21]","[103.0, 21]","[109.46, 26]","[111.38, 29]",107.73,97,3.46,-0.13
07:45:40,"[106.0, 33]","[103.0, 33]","[107.43, 35]","[155.5, 32]",106.71,133,1.43,-0.01
07:45:41,"[106.0, 15]","[103.0, 15]","[107.2, 15]","[348.36, 11]",106.6,56,1.2,0.07
07:45:42,"[106.0, 12]","[103.0, 36]","[186.38, 16]","[475.42, 12]",146.19,76,80.38,0.26
07:45:43,"[105.1, 10]","[101.62, 24]","[250.23, 13]","[510.6, 10]",177.67,57,145.13,0.19
07:45:44,"[111.31, 39]","[101.62, 24]","[177.33, 12]","[379.6, 10]",144.32,85,66.03,0.48
07:45:45,"[110.89, 45]","[98.83, 48]","[187.48, 27]","[390.22, 18]",149.19,138,76.59,0.35
07:45:46,"[112.0, 14]","[103.62, 39]","[181.37, 19]","[230.57, 14]",146.68,86,69.37,0.23
07:45:47,"[112.0, 11]","[103.0, 33]","[200.09, 22]","[411.0, 11]",156.05,77,88.09,0.14
07:45:48,"[105.0, 18]","[94.57, 56]","[199.47, 30]","[299.8, 15]",152.23,119,94.47,0.24
07:45:49,"[103.0, 24]","[101.29, 56]","[195.5, 20]","[197.62, 45]",149.25,145,92.5,0.1
07:45:50,"[103.0, 26]","[74.27, 88]","[145.27, 26]","[166.79, 29]",124.13,169,42.27,0.35
07:45:51,"[104.57, 252]","[103.0, 28]","[111.06, 49]","[114.53, 30]",107.82,359,6.49,0.56
07:45:52,"[106.0, 230]","[103.0, 24]","[109.33, 24]","[169.14, 43]",107.67,321,3.33,0.58
07:45:53,"[106.47, 152]","[105.4, 50]","[110.1, 20]","[249.4, 10]",108.29,232,3.63,0.74
07:45:54,"[108.25, 96]","[106.33, 36]","[162.73, 11]","[342.0, 24]",135.49,167,54.48,0.58
07:45:55,"[109.0, 129]","[108.0, 144]","[204.25, 32]","[300.72, 18]",156.62,323,95.25,0.69
07:45:56,"[109.56, 81]","[108.0, 108]","[175.64, 11]","[359.03, 37]",142.6,237,66.08,0.59
07:45:57,"[111.89, 81]","[108.19, 106]","[342.78, 9]","[379.0, 45]",227.33,241,230.89,0.55
07:45:58,"[113.0, 117]","[110.35, 31]","[215.69, 35]","[324.74, 39]",164.34,222,102.69,0.33
07:45:59,"[113.0, 63]","[111.0, 7]","[148.0, 35]","[150.0, 21]",130.5,126,35.0,0.11
07:46:00,"[113.0, 63]","[111.0, 7]","[147.0, 35]","[150.0, 21]",130.0,126,34.0,0.11
07:46:01,"[113.0, 99]","[111.23, 13]","[146.82, 55]","[159.82, 33]",129.91,200,33.82,0.12
07:46:02,"[113.0, 117]","[112.0, 39]","[144.31, 65]","[162.0, 39]",128.65,260,31.31,0.2
07:46:03,"[113.0, 94]","[112.0, 33]","[142.09, 55]","[201.44, 43]",127.55,225,29.09,0.13
07:46:04,"[113.0, 88]","[112.0, 33]","[141.0, 55]","[296.88, 49]",127.0,225,28.0,0.08
07:46:05,"[113.0, 36]","[112.0, 27]","[141.0, 45]","[391.44, 45]",127.0,153,28.0,-0.18
07:46:06,"[113.0, 24]","[112.0, 24]","[140.5, 40]","[143.0, 40]",126.75,128,27.5,-0.25
07:46:07,"[113.0, 22]","[112.0, 33]","[138.82, 55]","[143.0, 55]",125.91,165,25.82,-0.33
07:46:08,"[113.0, 22]","[112.0, 33]","[128.0, 55]","[133.0, 55]",120.5,165,15.0,-0.33
07:46:09,"[113.0, 16]","[112.0, 24]","[122.0, 40]","[137.42, 33]",117.5,113,9.0,-0.29
07:46:10,"[113.0, 26]","[112.0, 39]","[120.52, 21]","[122.35, 60]",116.76,146,7.52,-0.11
07:46:11,"[113.0, 20]","[112.0, 30]","[117.85, 26]","[118.41, 34]",115.42,110,4.85,-0.09
07:46:12,"[112.39, 18]","[111.08, 25]","[114.33, 12]","[266.0, 36]",113.36,91,1.94,-0.05
07:46:13,"[110.42, 24]","[109.94, 106]","[328.52, 56]","[433.81, 53]",219.47,239,218.1,0.09
07:46:14,"[110.08, 52]","[109.19, 37]","[327.36, 42]","[360.06, 49]",218.72,180,217.28,-0.01
07:46:15,"[110.0, 35]","[109.0, 30]","[210.14, 35]","[265.1, 41]",160.07,141,100.14,-0.08
07:46:16,"[109.2, 20]","[108.05, 126]","[155.96, 23]","[157.04, 47]",132.58,216,46.76,0.35
07:46:17,"[109.93, 29]","[108.55, 33]","[154.04, 47]","[155.43, 23]",131.99,132,44.11,-0.06
07:46:18,"[110.47, 40]","[108.55, 66]","[154.0, 55]","[155.0, 22]",132.24,183,43.53,0.16
07:46:19,"[111.9, 40]","[110.89, 56]","[153.44, 57]","[154.37, 27]",132.67,180,41.54,0.07
07:46:20,"[113.0, 21]","[111.0, 35]","[151.71, 35]","[153.0, 14]",132.36,105,38.71,0.07
07:46:21,"[111.86, 35]","[110.52, 33]","[151.0, 45]","[153.0, 18]",131.43,131,39.14,0.04
07:46:22,"[111.1, 61]","[109.62, 32]","[149.63, 41]","[150.92, 50]",130.37,184,38.54,0.01
07:46:23,"[111.0, 32]","[109.0, 20]","[148.7, 50]","[150.0, 20]",129.85,122,37.7,-0.15
07:46:24,"[111.0, 26]","[110.0, 52]","[146.08, 65]","[150.0, 26]",128.54,169,35.08,-0.08
07:46:25,"[111.0, 19]","[110.0, 48]","[143.34, 35]","[144.58, 43]",127.17,145,32.34,-0.08
07:46:26,"[110.14, 37]","[109.56, 36]","[140.81, 62]","[141.57, 35]",125.47,170,30.67,-0.14
07:46:27,"[111.14, 120]","[108.49, 37]","[138.22, 60]","[139.19, 78]",124.68,295,27.08,0.06
07:46:28,"[112.0, 170]","[106.79, 33]","[133.95, 41]","[135.08, 50]",122.98,294,21.95,0.38
07:46:29,"[112.0, 110]","[108.0, 22]","[130.28, 39]","[131.36, 47]",121.14,218,18.28,0.21
07:46:30,"[112.0, 100]","[108.0, 20]","[128.54, 35]","[129.38, 40]",120.27,195,16.54,0.23
07:46:31,"[112.0, 115]","[108.0, 32]","[124.66, 59]","[125.91, 57]",118.33,263,12.66,0.12
07:46:32,"[112.0, 70]","[108.0, 20]","[119.8, 40]","[120.5, 32]",115.9,162,7.8,0.11
07:46:33,"[112.0, 86]","[108.0, 28]","[114.27, 41]","[115.65, 46]",113.13,201,2.27,0.13
07:46:34,"[111.11, 9]","[107.0, 20]","[113.0, 18]","[118.7, 27]",112.06,74,1.89,-0.22
07:46:35,"[109.33, 18]","[106.92, 39]","[112.18, 38]","[181.14, 44]",110.76,139,2.85,-0.18
07:46:36,"[108.13, 45]","[106.08, 103]","[110.77, 39]","[176.57, 42]",109.45,229,2.64,0.29
07:46:37,"[108.0, 31]","[106.0, 63]","[110.68, 19]","[207.95, 19]",109.34,132,2.68,0.42
07:46:38,"[108.0, 40]","[106.0, 90]","[110.4, 40]","[243.0, 10]",109.2,180,2.4,0.44
07:46:39,"[108.0, 40]","[106.0, 90]","[110.0, 40]","[224.48, 33]",109.0,203,2.0,0.28
07:46:40,"[108.0, 36]","[106.0, 72]","[110.0, 32]","[239.25, 36]",109.0,176,2.0,0.23
07:46:41,"[108.26, 23]","[106.08, 75]","[385.71, 34]","[566.17, 36]",246.98,168,277.45,0.17
07:46:42,"[111.53, 47]","[109.17, 12]","[275.97, 39]","[414.98, 51]",193.75,149,164.44,-0.21
07:46:43,"[112.0, 50]","[110.0, 11]","[198.64, 33]","[304.0, 22]",155.32,116,86.64,0.05
07:46:44,"[112.0, 28]","[110.0, 12]","[114.22, 45]","[177.25, 32]",113.11,117,2.22,-0.32
07:46:45,"[112.0, 11]","[110.0, 10]","[114.0, 50]","[193.1, 29]",113.0,100,2.0,-0.58
07:46:46,"[112.0, 12]","[110.0, 12]","[114.0, 60]","[187.68, 31]",113.0,115,2.0,-0.58
07:46:47,"[107.52, 21]","[105.76, 25]","[113.73, 41]","[151.33, 30]",110.63,117,6.21,-0.21
07:46:48,"[106.0, 112]","[103.0, 96]","[109.24, 74]","[115.21, 38]",107.62,320,3.24,0.3
07:46:49,"[105.17, 36]","[100.78, 46]","[354.36, 22]","[380.24, 25]",229.77,129,249.2,0.27
07:46:50,"[104.0, 24]","[103.0, 24]","[300.72, 18]","[426.37, 19]",202.36,85,196.72,0.13
07:46:51,"[104.52, 62]","[103.0, 60]","[191.94, 62]","[210.52, 67]",148.23,251,87.42,-0.03
07:46:52,"[107.56, 36]","[104.0, 18]","[165.16, 38]","[193.38, 39]",136.36,131,57.6,-0.18
07:46:53,"[108.0, 40]","[106.0, 10]","[162.8, 40]","[213.67, 36]",135.4,126,54.8,-0.21
07:46:54,"[108.31, 36]","[104.67, 30]","[156.6, 40]","[159.1, 42]",132.45,148,48.29,-0.11
07:46:55,"[111.33, 12]","[110.0, 12]","[150.28, 58]","[151.0, 46]",130.8,128,38.94,-0.62
07:46:56,"[112.0, 9]","[110.0, 9]","[147.68, 22]","[149.03, 32]",129.84,72,35.68,-0.5
07:46:57,"[112.0, 15]","[110.0, 12]","[146.13, 39]","[146.86, 21]",129.06,87,34.13,-0.38
07:46:58,"[112.15, 34]","[111.3, 23]","[144.52, 21]","[145.96, 46]",128.34,124,32.38,-0.08
07:46:59,"[112.0, 16]","[110.75, 32]","[142.34, 68]","[143.82, 28]",127.17,144,30.34,-0.33
07:47:00,"[112.0, 15]","[111.0, 45]","[140.09, 66]","[141.24, 51]",126.05,177,28.09,-0.32
07:47:01,"[112.0, 11]","[111.0, 33]","[138.3, 50]","[140.02, 49]",125.15,143,26.3,-0.38
07:47:02,"[109.26, 35]","[109.37, 49]","[133.84, 55]","[136.0, 38]",121.55,177,24.58,-0.05
07:47:03,"[108.0, 184]","[106.0, 120]","[129.71, 69]","[130.74, 57]",118.86,430,21.71,0.41
07:47:04,"[108.0, 143]","[106.0, 88]","[126.5, 36]","[127.85, 48]",117.25,315,18.5,0.47
07:47:05,"[108.0, 51]","[106.0, 59]","[122.6, 10]","[124.0, 40]",115.3,160,14.6,0.38
07:47:06,"[104.26, 129]","[98.71, 111]","[117.67, 54]","[119.79, 39]",110.96,333,13.41,0.44
07:47:07,"[103.0, 214]","[85.0, 13]","[114.45, 29]","[114.92, 38]",108.72,294,11.45,0.54
07:47:08,"[103.0, 135]","[92.0, 9]","[109.5, 26]","[110.32, 31]",106.25,201,6.5,0.43
07:47:09,"[103.0, 146]","[94.0, 10]","[105.03, 35]","[105.53, 38]",104.01,229,2.03,0.36
07:47:10,"[103.0, 121]","[87.65, 17]","[105.29, 35]","[266.38, 34]",104.14,207,2.29,0.33
07:47:11,"[103.25, 59]","[96.85, 41]","[165.71, 7]","[329.05, 19]",134.48,126,62.46,0.59
07:47:12,"[109.7, 50]","[104.29, 62]","[164.3, 10]","[362.0, 30]",137.0,152,54.6,0.47
07:47:13,"[111.04, 26]","[108.0, 30]","[162.67, 6]","[456.5, 6]",136.85,68,51.63,0.65
07:47:14,"[112.0, 7]","[111.0, 35]","[160.5, 10]","[314.87, 23]",136.25,75,48.5,0.12
07:47:15,"[112.0, 5]","[111.0, 25]","[156.8, 20]","[157.45, 11]",134.4,61,44.8,-0.02
07:47:16,"[111.86, 7]","[110.57, 35]","[151.47, 19]","[153.62, 16]",131.67,77,39.62,0.09
07:47:17,"[111.0, 10]","[110.0, 30]","[148.96, 28]","[149.58, 19]",129.98,87,37.96,-0.08
07:47:18,"[111.62, 16]","[110.1, 20]","[133.08, 12]","[146.25, 8]",122.35,56,21.46,0.29
07:47:19,"[112.0, 42]","[111.0, 10]","[114.19, 16]","[115.24, 42]",113.09,110,2.19,-0.05
07:47:20,"[111.57, 7]","[110.31, 13]","[112.86, 7]","[167.26, 23]",112.21,50,1.29,-0.2
07:47:21,"[110.44, 16]","[108.7, 60]","[112.0, 10]","[317.13, 38]",111.22,124,1.56,0.23
07:47:22,"[111.62, 26]","[108.21, 58]","[170.5, 24]","[359.29, 28]",141.06,136,58.88,0.24
07:47:23,"[111.8, 15]","[108.12, 83]","[204.39, 23]","[256.44, 39]",158.1,160,92.59,0.23
07:47:24,"[110.0, 6]","[108.0, 78]","[235.83, 24]","[314.0, 25]",172.92,133,125.83,0.26
07:47:25,"[108.24, 68]","[106.72, 122]","[234.4, 40]","[286.0, 10]",171.32,240,126.16,0.58
07:47:26,"[111.04, 56]","[108.0, 99]","[232.64, 44]","[286.0, 11]",171.84,210,121.6,0.48
07:47:27,"[108.08, 49]","[106.21, 87]","[232.0, 28]","[294.67, 9]",170.04,173,123.92,0.57
07:47:28,"[108.0, 33]","[106.0, 143]","[232.0, 44]","[360.71, 21]",170.0,241,124.0,0.46
07:47:29,"[108.0, 27]","[106.0, 117]","[221.25, 32]","[270.68, 31]",164.62,207,113.25,0.39
07:47:30,"[108.0, 21]","[106.0, 85]","[230.71, 28]","[407.0, 7]",169.36,141,122.71,0.5
07:47:31,"[108.0, 39]","[106.09, 131]","[228.89, 57]","[242.0, 49]",168.45,276,120.89,0.23
07:47:32,"[107.69, 13]","[106.23, 39]","[226.83, 24]","[228.7, 33]",167.26,109,119.14,-0.05
07:47:33,"[106.12, 119]","[105.37, 133]","[219.26, 50]","[226.62, 64]",162.69,366,113.14,0.38
07:47:34,"[107.55, 49]","[105.85, 158]","[222.11, 54]","[224.96, 48]",164.83,309,114.56,0.34
07:47:35,"[106.46, 79]","[105.61, 155]","[217.57, 51]","[218.68, 53]",162.01,338,111.11,0.38
07:47:36,"[106.0, 96]","[103.0, 56]","[213.05, 42]","[214.67, 42]",159.52,236,107.05,0.29
07:47:37,"[107.08, 39]","[104.6, 63]","[197.98, 55]","[209.38, 52]",152.53,209,90.9,-0.02
07:47:38,"[112.0, 10]","[110.87, 139]","[178.75, 32]","[207.17, 24]",145.38,205,66.75,0.45
07:47:39,"[112.0, 57]","[111.0, 285]","[202.92, 60]","[203.96, 51]",157.46,453,90.92,0.51
07:47:40,"[112.0, 42]","[111.0, 114]","[199.15, 27]","[200.56, 27]",155.57,210,87.15,0.49
07:47:41,"[112.0, 119]","[111.0, 323]","[194.97, 59]","[196.22, 77]",153.48,578,82.97,0.53
07:47:42,"[111.58, 76]","[110.88, 257]","[189.74, 66]","[190.85, 39]",150.66,438,78.16,0.52
07:47:43,"[111.0, 176]","[108.0, 55]","[184.42, 31]","[185.4, 30]",147.71,292,73.42,0.58
07:47:44,"[111.0, 192]","[108.0, 84]","[179.71, 28]","[181.57, 14]",145.36,318,68.71,0.74
07:47:45,"[108.12, 77]","[106.09, 161]","[173.84, 51]","[175.22, 37]",140.98,326,65.73,0.46
07:47:46,"[108.0, 42]","[106.0, 143]","[165.47, 34]","[167.81, 27]",136.74,246,57.47,0.5
07:47:47,"[106.45, 71]","[104.33, 99]","[161.22, 36]","[162.1, 42]",133.84,248,54.77,0.37
07:47:48,"[106.72, 100]","[104.29, 154]","[155.69, 29]","[157.32, 31]",131.2,314,48.97,0.62
07:47:49,"[112.43, 35]","[106.5, 120]","[150.14, 71]","[153.09, 43]",131.28,269,37.71,0.15
07:47:50,"[113.0, 36]","[112.0, 24]","[145.03, 40]","[146.17, 36]",129.01,136,32.03,-0.12
07:47:51,"[113.0, 42]","[112.0, 28]","[142.05, 55]","[143.0, 40]",127.53,165,29.05,-0.15
07:47:52,"[113.0, 27]","[112.0, 18]","[137.07, 30]","[138.8, 15]",125.03,90,24.07,0.0
07:47:53,"[113.36, 66]","[112.18, 34]","[134.37, 27]","[134.72, 39]",123.87,166,21.01,0.2
07:47:54,"[112.87, 45]","[111.9, 40]","[128.8, 50]","[129.51, 43]",120.83,178,15.93,-0.04
07:47:55,"[112.0, 42]","[110.0, 14]","[123.36, 36]","[124.0, 40]",117.68,132,11.36,-0.15
07:47:56,"[112.0, 36]","[110.0, 12]","[118.96, 50]","[121.56, 50]",115.48,148,6.96,-0.35
07:47:57,"[112.0, 27]","[110.0, 9]","[116.53, 30]","[117.87, 23]",114.27,89,4.53,-0.19
07:47:58,"[112.0, 42]","[110.0, 14]","[114.35, 34]","[115.12, 50]",113.18,140,2.35,-0.2
07:47:59,"[111.97, 69]","[109.38, 16]","[113.4, 15]","[124.94, 34]",112.69,134,1.43,0.27
07:48:00,"[110.1, 21]","[106.41, 49]","[131.0, 11]","[181.69, 26]",120.55,107,20.9,0.31
07:48:01,"[107.0, 22]","[106.0, 109]","[171.22, 37]","[194.24, 34]",139.11,202,64.22,0.3
07:48:02,"[106.4, 30]","[104.87, 77]","[192.78, 36]","[195.0, 27]",149.59,170,86.38,0.26
07:48:03,"[106.0, 58]","[103.0, 89]","[190.37, 35]","[194.57, 28]",148.19,210,84.37,0.4
07:48:04,"[106.0, 70]","[103.0, 117]","[154.93, 30]","[163.0, 46]",130.47,263,48.93,0.42
07:48:05,"[106.82, 114]","[104.48, 89]","[115.0, 32]","[166.68, 62]",110.91,297,8.18,0.37
07:48:06,"[107.09, 94]","[106.36, 56]","[114.22, 36]","[145.4, 30]",110.65,216,7.14,0.39
07:48:07,"[107.41, 58]","[106.54, 112]","[112.79, 38]","[113.9, 40]",110.1,248,5.38,0.37
07:48:08,"[107.23, 86]","[106.29, 124]","[109.82, 68]","[194.26, 38]",108.53,316,2.59,0.33
07:48:09,"[108.0, 97]","[107.0, 72]","[109.0, 48]","[366.06, 34]",108.5,251,1.0,0.35
07:48:10,"[108.37, 43]","[107.8, 51]","[279.08, 26]","[432.67, 27]",193.72,147,170.7,0.28
07:48:11,"[112.5, 6]","[109.71, 7]","[322.17, 12]","[349.0, 12]",217.33,37,209.67,-0.3
07:48:12,"[110.33, 15]","[108.17, 60]","[270.26, 23]","[307.1, 20]",190.3,118,159.93,0.27
07:48:13,"[109.25, 16]","[108.0, 88]","[385.47, 19]","[413.14, 21]",247.36,144,276.22,0.44
07:48:14,"[110.0, 14]","[108.0, 77]","[310.1, 29]","[427.5, 24]",210.05,144,200.1,0.26
07:48:15,"[112.36, 28]","[110.76, 45]","[636.0, 33]","[676.0, 22]",374.18,128,523.64,0.14
07:48:16,"[112.5, 12]","[109.07, 45]","[136.0, 12]","[348.92, 13]",124.25,82,23.5,0.39
07:48:17,"[110.05, 41]","[107.66, 119]","[225.14, 28]","[438.48, 29]",167.6,217,115.09,0.47
07:48:18,"[108.0, 50]","[106.0, 50]","[184.0, 20]","[436.8, 10]",146.0,130,76.0,0.54
07:48:19,"[108.0, 60]","[106.0, 60]","[179.0, 16]","[282.6, 20]",143.5,156,71.0,0.54
07:48:20,"[108.0, 66]","[106.0, 70]","[172.7, 23]","[193.82, 22]",140.35,181,64.7,0.5
07:48:21,"[108.0, 60]","[106.0, 110]","[163.41, 34]","[171.73, 33]",135.71,237,55.41,0.43
07:48:22,"[108.26, 23]","[106.16, 76]","[114.66, 32]","[116.03, 31]",111.46,162,6.4,0.22
07:48:23,"[108.0, 26]","[106.0, 130]","[112.67, 46]","[125.63, 49]",110.34,251,4.67,0.24
07:48:24,"[108.0, 60]","[106.0, 130]","[110.66, 38]","[112.08, 50]",109.33,278,2.66,0.37
07:48:25,"[108.0, 14]","[106.0, 34]","[111.57, 28]","[249.48, 25]",109.79,101,3.57,-0.05
07:48:26,"[106.15, 39]","[105.06, 202]","[110.81, 54]","[156.0, 31]",108.48,326,4.66,0.48
07:48:27,"[106.68, 81]","[105.42, 48]","[109.93, 54]","[117.95, 42]",108.3,225,3.25,0.15
07:48:28,"[106.0, 198]","[105.0, 30]","[107.7, 50]","[144.0, 30]",106.85,308,1.7,0.48
07:48:29,"[106.0, 163]","[105.0, 27]","[107.0, 39]","[239.12, 25]",106.5,254,1.0,0.5
07:48:30,"[106.0, 192]","[105.0, 36]","[146.47, 40]","[459.91, 23]",126.24,291,40.47,0.57
07:48:31,"[106.0, 126]","[105.0, 27]","[137.0, 17]","[202.36, 11]",121.5,181,31.0,0.69
07:48:32,"[106.0, 112]","[105.0, 24]","[201.0, 8]","[206.0, 24]",153.5,168,95.0,0.62
07:48:33,"[105.78, 125]","[103.88, 48]","[222.83, 18]","[401.96, 25]",164.31,216,117.05,0.6
07:48:34,"[106.0, 32]","[105.0, 24]","[243.0, 8]","[279.0, 8]",174.5,72,137.0,0.56
07:48:35,"[106.0, 36]","[105.0, 33]","[183.36, 11]","[394.53, 19]",144.68,99,77.36,0.39
07:48:36,"[106.0, 33]","[105.0, 33]","[110.76, 17]","[151.73, 11]",108.38,94,4.76,0.4
07:48:37,"[106.0, 36]","[105.0, 36]","[108.79, 14]","[110.03, 34]",107.39,120,2.79,0.2
07:48:38,"[106.0, 26]","[105.0, 36]","[109.81, 32]","[353.33, 21]",107.91,115,3.81,0.08
07:48:39,"[109.33, 12]","[108.37, 43]","[345.5, 16]","[433.4, 20]",227.42,91,236.17,0.21
07:48:40,"[111.0, 7]","[110.0, 63]","[271.4, 10]","[416.29, 14]",191.2,94,160.4,0.49
07:48:41,"[110.14, 28]","[109.43, 42]","[303.0, 14]","[463.0, 7]",206.57,91,192.86,0.54
07:48:42,"[110.5, 32]","[109.37, 38]","[272.45, 11]","[434.41, 17]",191.48,98,161.95,0.43
07:48:43,"[110.37, 46]","[108.94, 53]","[143.25, 32]","[270.54, 28]",126.81,159,32.88,0.25
07:48:44,"[108.31, 26]","[105.4, 15]","[160.83, 24]","[400.07, 14]",134.57,79,52.53,0.04
07:48:45,"[84.42, 24]","[66.18, 39]","[248.08, 13]","[345.12, 24]",166.25,100,163.66,0.26
07:48:46,"[111.0, 12]","[101.88, 24]","[358.0, 12]","[428.0, 4]",234.5,52,247.0,0.38
07:48:47,"[105.35, 34]","[71.5, 48]","[113.5, 16]","[294.4, 25]",109.43,123,8.15,0.33
07:48:48,"[101.86, 42]","[86.74, 35]","[112.25, 32]","[202.0, 12]",107.05,121,10.39,0.27
07:48:49,"[83.86, 21]","[60.14, 63]","[112.0, 28]","[234.8, 10]",97.93,122,28.14,0.38
07:48:50,"[88.22, 27]","[55.35, 49]","[110.88, 32]","[117.0, 16]",99.55,124,22.65,0.23
07:48:51,"[105.31, 26]","[94.8, 41]","[109.6, 40]","[301.76, 25]",107.45,132,4.29,0.02
