Time,Bid1,Bid2,Ask1,Ask2,Mid-Price,Total_volume,Bid_ask_spread,Order_imbalance
07:30:00,"[0, 0]","[0, 0]","[0, 0]","[0, 0]",0.0,0,0.0,0.0
07:30:01,"[0, 0]","[0, 0]","[563.8, 10]","[669.0, 6]",281.9,16,563.8,-1.0
07:30:02,"[0, 0]","[0, 0]","[388.18, 17]","[497.0, 12]",194.09,29,388.18,-1.0
07:30:03,"[0, 0]","[0, 0]","[127.0, 1]","[133.0, 4]",63.5,5,127.0,-1.0
07:30:04,"[0, 0]","[0, 0]","[133.0, 2]","[544.0, 2]",66.5,4,133.0,-1.0
07:30:05,"[141.0, 2]","[0, 0]","[544.0, 4]","[0, 0]",342.5,6,403.0,-0.33
07:30:06,"[141.0, 10]","[86.2, 15]","[542.67, 18]","[566.5, 8]",341.83,51,401.67,-0.02
07:30:07,"[141.0, 6]","[31.0, 9]","[542.0, 12]","[633.0, 6]",341.5,33,401.0,-0.09
07:30:08,"[141.95, 38]","[120.0, 11]","[475.41, 17]","[509.17, 12]",308.68,78,333.46,0.26
07:30:09,"[142.0, 54]","[141.0, 12]","[316.82, 17]","[467.33, 18]",229.41,101,174.82,0.31
07:30:10,"[143.33, 6]","[142.0, 27]","[317.0, 12]","[318.0, 6]",230.17,51,173.67,0.29
07:30:11,"[144.0, 16]","[142.0, 72]","[249.53, 30]","[261.8, 20]",196.77,138,105.53,0.28
07:30:12,"[144.17, 6]","[142.0, 54]","[170.4, 20]","[171.8, 20]",157.28,100,26.23,0.2
07:30:13,"[145.0, 5]","[142.0, 45]","[165.14, 14]","[166.38, 16]",155.07,80,20.14,0.25
07:30:14,"[142.05, 63]","[141.36, 25]","[150.53, 30]","[162.47, 34]",146.29,152,8.49,0.16
07:30:15,"[142.0, 24]","[141.0, 12]","[143.83, 24]","[146.67, 24]",142.92,84,1.83,-0.14
07:30:16,"[141.73, 30]","[139.4, 20]","[144.6, 40]","[148.25, 32]",143.17,122,2.87,-0.18
07:30:17,"[141.26, 19]","[138.67, 24]","[145.46, 26]","[147.22, 46]",143.36,115,4.2,-0.25
07:30:18,"[142.78, 9]","[141.0, 18]","[145.0, 18]","[147.16, 38]",143.89,83,2.22,-0.35
07:30:19,"[142.27, 22]","[140.11, 36]","[145.85, 52]","[151.36, 100]",144.06,210,3.57,-0.45
07:30:20,"[139.21, 38]","[136.75, 81]","[147.31, 26]","[152.2, 60]",143.26,205,8.1,0.16
07:30:21,"[138.57, 75]","[136.83, 115]","[144.67, 15]","[147.74, 57]",141.62,262,6.09,0.45
07:30:22,"[137.0, 154]","[134.83, 23]","[142.36, 14]","[143.43, 14]",139.68,205,5.36,0.73
07:30:23,"[137.0, 132]","[135.0, 12]","[141.0, 12]","[143.6, 20]",139.0,176,4.0,0.64
07:30:24,"[137.0, 99]","[135.0, 9]","[140.89, 9]","[144.0, 18]",138.94,135,3.89,0.6
07:30:25,"[137.0, 76]","[131.71, 17]","[140.0, 11]","[143.83, 24]",138.5,128,3.0,0.45
07:30:26,"[137.0, 96]","[135.0, 16]","[138.5, 44]","[143.4, 60]",137.75,216,1.5,0.04
07:30:27,"[138.45, 44]","[138.12, 32]","[143.25, 48]","[144.81, 32]",140.85,156,4.8,-0.03
07:30:28,"[143.0, 20]","[142.0, 40]","[144.0, 60]","[145.0, 20]",143.5,140,1.0,-0.14
07:30:29,"[142.05, 37]","[140.77, 88]","[143.76, 63]","[144.35, 46]",142.91,234,1.71,0.07
07:30:30,"[142.0, 10]","[141.0, 60]","[143.0, 20]","[144.82, 22]",142.5,112,1.0,0.25
07:30:31,"[142.0, 8]","[141.0, 48]","[143.0, 16]","[145.0, 16]",142.5,88,1.0,0.27
07:30:32,"[142.52, 23]","[141.06, 70]","[144.73, 30]","[148.0, 60]",143.63,183,2.21,0.02
07:30:33,"[142.0, 12]","[141.0, 72]","[144.0, 24]","[148.5, 48]",143.0,156,2.0,0.08
07:30:34,"[142.0, 11]","[141.0, 66]","[143.0, 33]","[144.0, 22]",142.5,132,1.0,0.17
07:30:35,"[141.01, 91]","[137.48, 124]","[143.12, 33]","[145.72, 36]",142.07,284,2.11,0.51
07:30:36,"[141.0, 46]","[137.0, 108]","[142.22, 18]","[148.08, 26]",141.61,198,1.22,0.56
07:30:37,"[137.21, 116]","[136.57, 46]","[161.28, 29]","[200.78, 37]",149.24,228,24.07,0.42
07:30:38,"[138.0, 20]","[137.0, 100]","[144.0, 20]","[146.0, 20]",141.0,160,6.0,0.5
07:30:39,"[138.12, 16]","[137.0, 80]","[143.07, 30]","[144.25, 16]",140.6,142,4.94,0.35
07:30:40,"[139.82, 34]","[137.0, 172]","[142.8, 60]","[144.0, 34]",141.31,300,2.98,0.37
07:30:41,"[141.0, 20]","[137.0, 101]","[142.0, 20]","[144.71, 35]",141.5,176,1.0,0.38
07:30:42,"[141.0, 60]","[137.0, 90]","[142.0, 18]","[145.0, 45]",141.5,213,1.0,0.41
07:30:43,"[137.0, 30]","[135.0, 3]","[145.0, 15]","[146.0, 6]",141.0,54,8.0,0.22
07:30:44,"[137.0, 150]","[135.0, 15]","[145.0, 75]","[146.0, 30]",141.0,270,8.0,0.22
07:30:45,"[137.0, 90]","[135.0, 9]","[145.0, 45]","[146.0, 18]",141.0,162,8.0,0.22
07:30:46,"[139.88, 51]","[136.82, 33]","[145.0, 30]","[146.0, 12]",142.44,126,5.12,0.33
07:30:47,"[142.85, 61]","[136.98, 91]","[145.0, 50]","[146.0, 20]",143.93,222,2.15,0.37
07:30:48,"[138.06, 85]","[136.62, 37]","[143.92, 39]","[144.86, 28]",140.99,189,5.86,0.29
07:30:49,"[142.82, 34]","[138.15, 104]","[144.0, 70]","[145.0, 32]",143.41,240,1.18,0.15
07:30:50,"[142.0, 22]","[137.0, 90]","[143.96, 23]","[178.87, 15]",142.98,150,1.96,0.49
07:30:51,"[142.0, 24]","[137.5, 80]","[144.0, 48]","[315.0, 12]",143.0,164,2.0,0.27
07:30:52,"[142.91, 92]","[141.64, 22]","[144.0, 32]","[281.96, 23]",143.46,169,1.09,0.35
07:30:53,"[141.27, 15]","[137.17, 94]","[494.0, 52]","[582.84, 25]",317.63,186,352.73,0.17
07:30:54,"[142.17, 53]","[137.7, 57]","[219.17, 58]","[379.5, 28]",180.67,196,77.0,0.12
07:30:55,"[143.5, 48]","[141.0, 12]","[145.0, 36]","[257.0, 12]",144.25,108,1.5,0.11
07:30:56,"[142.75, 20]","[137.87, 46]","[327.61, 33]","[517.57, 35]",235.18,134,184.86,-0.01
07:30:57,"[144.0, 1]","[141.0, 1]","[187.0, 1]","[382.0, 4]",165.5,7,43.0,-0.43
07:30:58,"[140.45, 53]","[135.65, 31]","[240.12, 8]","[382.0, 32]",190.29,124,99.67,0.35
07:30:59,"[143.0, 55]","[136.0, 20]","[367.0, 15]","[423.71, 14]",255.0,104,224.0,0.44
07:31:00,"[143.0, 88]","[136.0, 32]","[256.75, 32]","[353.52, 25]",199.88,177,113.75,0.36
07:31:01,"[143.0, 99]","[136.0, 36]","[147.0, 49]","[169.33, 9]",145.0,193,4.0,0.4
07:31:02,"[143.0, 55]","[136.0, 20]","[144.0, 20]","[147.0, 30]",143.5,125,1.0,0.2
07:31:03,"[143.0, 86]","[136.74, 61]","[144.0, 36]","[147.0, 54]",143.5,237,1.0,0.24
07:31:04,"[143.0, 60]","[137.05, 82]","[144.0, 40]","[147.0, 60]",143.5,242,1.0,0.17
07:31:05,"[143.0, 57]","[141.0, 5]","[144.0, 20]","[147.0, 30]",143.5,112,1.0,0.11
07:31:06,"[143.0, 90]","[141.67, 9]","[144.0, 24]","[147.0, 36]",143.5,159,1.0,0.25
07:31:07,"[143.0, 100]","[141.59, 17]","[144.0, 48]","[147.0, 12]",143.5,177,1.0,0.32
07:31:08,"[143.0, 45]","[141.0, 9]","[144.0, 36]","[147.0, 9]",143.5,99,1.0,0.09
07:31:09,"[143.0, 40]","[141.0, 8]","[144.0, 32]","[147.0, 8]",143.5,88,1.0,0.09
07:31:10,"[143.0, 45]","[141.0, 9]","[144.0, 36]","[147.0, 9]",143.5,99,1.0,0.09
07:31:11,"[143.0, 17]","[141.0, 9]","[144.0, 40]","[147.0, 12]",143.5,78,1.0,-0.33
07:31:12,"[141.86, 14]","[137.24, 85]","[144.0, 60]","[147.0, 10]",142.93,169,2.14,0.17
07:31:13,"[142.13, 23]","[141.0, 13]","[143.91, 66]","[145.32, 28]",143.02,130,1.78,-0.45
07:31:14,"[141.62, 13]","[137.28, 85]","[144.0, 42]","[145.6, 10]",142.81,150,2.38,0.31
07:31:15,"[142.33, 15]","[138.6, 25]","[144.0, 40]","[145.0, 10]",143.17,90,1.67,-0.11
07:31:16,"[141.0, 7]","[138.0, 28]","[144.0, 28]","[145.0, 7]",142.5,70,3.0,0.0
07:31:17,"[141.9, 31]","[139.11, 19]","[143.57, 35]","[144.37, 19]",142.74,104,1.67,-0.04
07:31:18,"[142.1, 59]","[141.12, 16]","[143.21, 42]","[146.18, 28]",142.66,145,1.11,0.03
07:31:19,"[142.95, 37]","[138.94, 31]","[144.34, 29]","[146.9, 48]",143.65,145,1.4,-0.06
07:31:20,"[141.0, 12]","[137.0, 195]","[144.0, 36]","[146.55, 66]",142.5,309,3.0,0.34
07:31:21,"[141.0, 14]","[137.21, 189]","[143.19, 16]","[145.05, 44]",142.09,263,2.19,0.54
07:31:22,"[141.0, 12]","[137.0, 228]","[144.53, 40]","[145.11, 38]",142.76,318,3.53,0.51
07:31:23,"[141.0, 9]","[137.0, 171]","[144.7, 23]","[145.04, 49]",142.85,252,3.7,0.43
07:31:24,"[137.24, 101]","[136.88, 129]","[143.57, 14]","[144.93, 43]",140.4,287,6.33,0.6
07:31:25,"[137.0, 171]","[136.0, 27]","[143.64, 11]","[144.95, 37]",140.32,246,6.64,0.61
07:31:26,"[137.26, 122]","[136.81, 94]","[143.0, 10]","[145.0, 50]",140.13,276,5.74,0.57
07:31:27,"[141.0, 16]","[137.0, 152]","[142.0, 8]","[145.0, 40]",141.5,216,1.0,0.56
07:31:28,"[141.0, 24]","[137.0, 165]","[142.0, 12]","[145.28, 50]",141.5,251,1.0,0.51
07:31:29,"[137.1, 78]","[134.88, 48]","[142.0, 10]","[145.86, 28]",139.55,164,4.9,0.54
07:31:30,"[137.0, 64]","[134.0, 34]","[142.0, 8]","[145.0, 40]",139.5,146,5.0,0.34
07:31:31,"[137.0, 64]","[134.0, 16]","[143.38, 13]","[145.09, 44]",140.19,137,6.38,0.17
07:31:32,"[140.5, 80]","[136.59, 74]","[145.0, 66]","[147.0, 26]",142.75,246,4.5,0.25
07:31:33,"[143.95, 19]","[137.74, 73]","[145.0, 55]","[147.0, 22]",144.47,169,1.05,0.09
07:31:34,"[139.57, 21]","[136.92, 78]","[145.0, 60]","[147.0, 24]",142.29,183,5.43,0.08
07:31:35,"[137.0, 9]","[136.0, 12]","[144.67, 24]","[145.81, 16]",140.83,61,7.67,-0.31
07:31:36,"[135.55, 20]","[133.79, 38]","[143.0, 20]","[144.0, 30]",139.28,108,7.45,0.07
07:31:37,"[137.53, 15]","[135.5, 32]","[143.0, 18]","[144.0, 27]",140.27,92,5.47,0.02
07:31:38,"[139.44, 9]","[138.0, 36]","[142.94, 17]","[143.95, 40]",141.19,102,3.5,-0.12
07:31:39,"[138.44, 45]","[137.6, 43]","[144.27, 41]","[144.91, 35]",141.36,164,5.82,0.07
07:31:40,"[141.11, 53]","[136.64, 22]","[144.88, 48]","[145.92, 26]",142.99,149,3.76,0.01
07:31:41,"[143.0, 70]","[138.0, 28]","[144.85, 41]","[145.83, 24]",143.93,163,1.85,0.2
07:31:42,"[143.0, 90]","[138.0, 36]","[145.0, 63]","[147.0, 18]",144.0,207,2.0,0.22
07:31:43,"[143.0, 81]","[138.0, 40]","[144.0, 10]","[145.0, 56]",143.5,187,1.0,0.29
07:31:44,"[143.0, 34]","[140.7, 40]","[144.88, 34]","[145.38, 32]",143.94,140,1.88,0.06
07:31:45,"[143.0, 21]","[141.0, 28]","[145.0, 35]","[146.0, 14]",144.0,98,2.0,0.0
07:31:46,"[143.0, 21]","[141.94, 143]","[145.0, 35]","[146.0, 14]",144.0,213,2.0,0.54
07:31:47,"[143.0, 31]","[142.0, 270]","[144.7, 50]","[145.48, 29]",143.85,380,1.7,0.58
07:31:48,"[142.0, 270]","[141.0, 40]","[144.68, 38]","[145.83, 24]",143.34,372,2.68,0.67
07:31:49,"[142.0, 108]","[141.0, 16]","[143.9, 10]","[145.33, 9]",142.95,143,1.9,0.73
07:31:50,"[142.0, 161]","[141.0, 24]","[143.38, 8]","[144.24, 17]",142.69,210,1.38,0.76
07:31:51,"[142.28, 36]","[141.98, 264]","[144.55, 29]","[146.22, 18]",143.41,347,2.27,0.73
07:31:52,"[143.0, 11]","[142.0, 286]","[145.29, 28]","[146.69, 13]",144.14,338,2.29,0.76
07:31:53,"[143.0, 10]","[142.0, 260]","[144.0, 50]","[146.0, 20]",143.5,340,1.0,0.59
07:31:54,"[143.0, 11]","[142.0, 286]","[144.0, 55]","[146.59, 17]",143.5,369,1.0,0.61
07:31:55,"[142.16, 62]","[141.94, 138]","[144.0, 35]","[146.91, 11]",143.08,246,1.84,0.63
07:31:56,"[143.0, 48]","[142.0, 208]","[144.0, 40]","[146.0, 24]",143.5,320,1.0,0.6
07:31:57,"[142.24, 102]","[141.9, 116]","[144.62, 29]","[146.4, 15]",143.43,262,2.39,0.66
07:31:58,"[142.0, 182]","[141.0, 28]","[145.0, 9]","[146.11, 19]",143.5,238,3.0,0.76
07:31:59,"[142.0, 338]","[141.0, 52]","[145.61, 31]","[148.44, 64]",143.81,485,3.61,0.61
07:32:00,"[142.0, 364]","[141.0, 56]","[145.65, 26]","[147.11, 54]",143.83,500,3.65,0.68
07:32:01,"[142.0, 312]","[141.0, 48]","[145.91, 23]","[148.6, 42]",143.96,425,3.91,0.69
07:32:02,"[142.0, 156]","[141.0, 24]","[145.0, 38]","[146.5, 8]",143.5,226,3.0,0.59
07:32:03,"[142.0, 196]","[141.0, 32]","[145.0, 56]","[147.0, 8]",143.5,292,3.0,0.56
07:32:04,"[142.0, 146]","[141.0, 28]","[145.0, 49]","[147.0, 7]",143.5,230,3.0,0.51
07:32:05,"[142.0, 100]","[141.0, 20]","[145.0, 35]","[147.0, 5]",143.5,160,3.0,0.5
07:32:06,"[142.0, 180]","[141.0, 36]","[145.0, 63]","[147.0, 9]",143.5,288,3.0,0.5
07:32:07,"[142.0, 280]","[141.0, 56]","[144.81, 86]","[145.53, 38]",143.41,460,2.81,0.46
07:32:08,"[142.0, 280]","[141.0, 56]","[143.43, 56]","[145.0, 94]",142.71,486,1.43,0.38
07:32:09,"[142.0, 240]","[141.0, 48]","[143.0, 39]","[145.0, 60]",142.5,387,1.0,0.49
07:32:10,"[142.0, 231]","[141.0, 48]","[144.75, 40]","[145.36, 39]",143.38,358,2.75,0.56
07:32:11,"[142.0, 209]","[141.0, 44]","[145.0, 55]","[146.0, 22]",143.5,330,3.0,0.53
07:32:12,"[143.76, 66]","[142.51, 78]","[145.0, 35]","[146.0, 14]",144.38,193,1.24,0.49
07:32:13,"[144.0, 83]","[143.0, 104]","[145.0, 65]","[146.53, 17]",144.5,269,1.0,0.39
07:32:14,"[143.56, 32]","[142.46, 105]","[145.0, 36]","[148.0, 13]",144.28,186,1.44,0.47
07:32:15,"[143.0, 39]","[142.0, 247]","[145.0, 26]","[146.0, 13]",144.0,325,2.0,0.76
07:32:16,"[143.0, 30]","[141.83, 115]","[145.0, 20]","[146.0, 10]",144.0,175,2.0,0.66
07:32:17,"[143.0, 24]","[141.78, 18]","[144.67, 12]","[145.45, 11]",143.83,65,1.67,0.29
07:32:18,"[143.0, 27]","[142.0, 20]","[144.6, 10]","[146.75, 28]",143.8,85,1.6,0.11
07:32:19,"[143.0, 18]","[142.0, 18]","[146.0, 9]","[147.0, 63]",144.5,108,3.0,-0.33
07:32:20,"[142.8, 20]","[141.29, 21]","[146.0, 10]","[147.0, 70]",144.4,121,3.2,-0.32
07:32:21,"[142.81, 70]","[140.52, 25]","[146.39, 18]","[147.18, 82]",144.6,195,3.57,-0.03
07:32:22,"[144.11, 46]","[142.95, 86]","[146.8, 61]","[148.36, 77]",145.46,270,2.69,-0.02
07:32:23,"[143.44, 32]","[142.35, 31]","[146.91, 46]","[191.66, 44]",145.18,153,3.48,-0.18
07:32:24,"[143.89, 27]","[142.67, 36]","[146.65, 43]","[291.3, 40]",145.27,146,2.76,-0.14
07:32:25,"[143.0, 39]","[141.0, 18]","[146.0, 27]","[148.0, 63]",144.5,147,3.0,-0.22
07:32:26,"[143.0, 20]","[141.0, 20]","[145.13, 46]","[146.77, 39]",144.07,125,2.13,-0.36
07:32:27,"[143.0, 15]","[141.0, 22]","[144.93, 41]","[145.62, 39]",143.96,117,1.93,-0.37
07:32:28,"[142.0, 16]","[138.14, 56]","[143.56, 48]","[145.86, 72]",142.78,192,1.56,-0.25
07:32:29,"[141.0, 9]","[137.0, 60]","[143.0, 27]","[146.0, 72]",142.0,168,2.0,-0.18
07:32:30,"[141.0, 6]","[137.0, 54]","[143.0, 18]","[146.0, 48]",142.0,126,2.0,-0.05
07:32:31,"[141.19, 48]","[137.44, 91]","[143.0, 33]","[146.0, 88]",142.09,260,1.81,0.07
07:32:32,"[140.16, 38]","[136.84, 74]","[143.0, 30]","[146.0, 80]",141.58,222,2.84,0.01
07:32:33,"[137.06, 77]","[136.17, 65]","[141.43, 42]","[144.78, 82]",139.25,266,4.36,0.07
07:32:34,"[137.05, 42]","[136.43, 28]","[140.3, 30]","[143.7, 50]",138.67,150,3.25,-0.07
07:32:35,"[137.0, 50]","[136.0, 20]","[139.8, 30]","[142.61, 46]",138.4,146,2.8,-0.04
07:32:36,"[137.0, 38]","[136.0, 20]","[138.4, 30]","[141.83, 46]",137.7,134,1.4,-0.13
07:32:37,"[136.0, 18]","[135.0, 27]","[142.12, 25]","[142.28, 39]",139.06,109,6.12,-0.17
07:32:38,"[136.0, 20]","[135.0, 30]","[139.23, 39]","[140.98, 41]",137.62,130,3.23,-0.23
07:32:39,"[136.0, 20]","[135.0, 30]","[138.92, 37]","[140.45, 29]",137.46,116,2.92,-0.14
07:32:40,"[136.23, 39]","[135.04, 47]","[163.57, 53]","[193.36, 53]",149.9,192,27.34,-0.1
07:32:41,"[137.0, 108]","[136.0, 24]","[220.3, 50]","[286.07, 42]",178.65,224,83.3,0.18
07:32:42,"[137.72, 79]","[137.67, 86]","[192.6, 75]","[338.71, 59]",165.16,299,54.88,0.1
07:32:43,"[140.0, 18]","[138.0, 54]","[141.44, 45]","[150.22, 45]",140.72,162,1.44,-0.11
07:32:44,"[141.0, 16]","[140.0, 14]","[142.0, 35]","[174.0, 35]",141.5,100,1.0,-0.4
07:32:45,"[139.47, 17]","[135.33, 43]","[141.22, 23]","[145.2, 50]",140.34,133,1.75,-0.1
07:32:46,"[136.85, 13]","[134.88, 51]","[141.0, 20]","[142.0, 50]",138.92,134,4.15,-0.04
07:32:47,"[136.56, 9]","[133.82, 11]","[140.33, 18]","[141.56, 27]",138.44,65,3.78,-0.38
07:32:48,"[135.78, 18]","[124.73, 33]","[141.31, 35]","[142.28, 43]",138.55,129,5.54,-0.21
07:32:49,"[91.71, 17]","[37.36, 56]","[142.0, 49]","[144.0, 35]",116.85,157,50.29,-0.07
07:32:50,"[67.5, 24]","[42.58, 52]","[142.0, 56]","[144.0, 40]",104.75,172,74.5,-0.12
07:32:51,"[83.27, 22]","[70.12, 24]","[142.0, 56]","[144.0, 40]",112.64,142,58.73,-0.35
07:32:52,"[140.88, 17]","[125.69, 13]","[142.0, 42]","[144.0, 30]",141.44,102,1.12,-0.41
07:32:53,"[140.93, 30]","[138.8, 25]","[142.0, 36]","[144.0, 55]",141.47,146,1.07,-0.25
07:32:54,"[138.0, 14]","[134.93, 29]","[142.0, 35]","[144.0, 35]",140.0,113,4.0,-0.24
07:32:55,"[138.0, 18]","[135.0, 38]","[142.0, 63]","[144.0, 45]",140.0,164,4.0,-0.32
07:32:56,"[135.06, 69]","[134.51, 71]","[142.0, 98]","[144.0, 70]",138.53,308,6.94,-0.09
07:32:57,"[137.0, 9]","[134.45, 22]","[142.0, 20]","[144.0, 20]",139.5,71,5.0,-0.13
07:32:58,"[141.0, 13]","[136.54, 78]","[142.0, 61]","[144.0, 65]",141.5,217,1.0,-0.16
07:32:59,"[141.0, 10]","[137.0, 69]","[143.09, 35]","[148.6, 47]",142.04,161,2.09,-0.02
07:33:00,"[137.74, 43]","[136.68, 63]","[142.89, 65]","[221.87, 60]",140.32,231,5.15,-0.08
07:33:01,"[137.0, 30]","[135.0, 6]","[143.71, 21]","[190.0, 21]",140.36,78,6.71,-0.08
07:33:02,"[138.09, 55]","[136.05, 19]","[144.0, 55]","[322.0, 22]",141.05,151,5.91,-0.02
07:33:03,"[143.0, 33]","[137.0, 45]","[144.0, 36]","[262.89, 18]",143.5,132,1.0,0.18
07:33:04,"[143.0, 20]","[137.0, 50]","[144.0, 20]","[295.13, 23]",143.5,113,1.0,0.24
07:33:05,"[140.53, 17]","[136.81, 32]","[294.0, 14]","[561.33, 18]",217.26,81,153.47,0.21
07:33:06,"[142.2, 15]","[137.47, 17]","[474.27, 11]","[642.33, 9]",308.24,52,332.07,0.23
07:33:07,"[143.77, 71]","[142.71, 42]","[626.0, 21]","[713.0, 14]",384.89,148,482.23,0.53
07:33:08,"[145.0, 30]","[143.0, 27]","[676.0, 9]","[713.0, 6]",410.5,72,531.0,0.58
07:33:09,"[145.52, 23]","[143.0, 54]","[660.15, 13]","[757.12, 17]",402.84,107,514.63,0.44
07:33:10,"[146.0, 42]","[143.03, 65]","[482.25, 32]","[484.0, 24]",314.12,163,336.25,0.31
07:33:11,"[144.31, 16]","[143.32, 25]","[356.68, 25]","[481.29, 31]",250.5,97,212.37,-0.15
07:33:12,"[143.0, 45]","[141.0, 10]","[358.47, 19]","[480.33, 12]",250.74,86,215.47,0.28
07:33:13,"[143.0, 57]","[141.0, 14]","[415.43, 28]","[584.11, 27]",279.21,126,272.43,0.13
07:33:14,"[143.0, 42]","[141.0, 14]","[328.43, 28]","[363.0, 28]",235.71,112,185.43,0.0
07:33:15,"[143.0, 26]","[141.0, 12]","[299.0, 24]","[366.67, 24]",221.0,86,156.0,-0.12
07:33:16,"[143.0, 10]","[141.0, 20]","[326.2, 40]","[386.0, 40]",234.6,110,183.2,-0.45
07:33:17,"[143.0, 8]","[141.0, 16]","[325.0, 32]","[447.07, 28]",234.0,84,182.0,-0.43
07:33:18,"[137.42, 86]","[138.27, 22]","[320.06, 64]","[450.45, 49]",228.74,221,182.64,-0.02
07:33:19,"[137.0, 65]","[135.0, 13]","[243.76, 49]","[251.83, 46]",190.38,173,106.76,-0.1
07:33:20,"[141.19, 31]","[136.94, 31]","[241.19, 27]","[243.45, 22]",191.19,111,99.99,0.12
07:33:21,"[142.0, 67]","[137.0, 74]","[219.23, 47]","[235.84, 51]",180.62,239,77.23,0.18
07:33:22,"[142.0, 70]","[137.0, 84]","[211.21, 56]","[238.96, 46]",176.61,256,69.21,0.2
07:33:23,"[142.0, 55]","[137.0, 66]","[208.7, 40]","[214.46, 37]",175.35,198,66.7,0.22
07:33:24,"[142.0, 85]","[137.91, 70]","[207.48, 67]","[208.46, 52]",174.74,274,65.48,0.13
07:33:25,"[142.0, 75]","[141.0, 30]","[171.78, 46]","[174.32, 41]",156.89,192,29.78,0.09
07:33:26,"[142.0, 51]","[141.0, 22]","[143.12, 34]","[144.1, 40]",142.56,147,1.12,-0.01
07:33:27,"[137.79, 19]","[135.46, 13]","[142.75, 16]","[183.43, 21]",140.27,69,4.96,-0.07
07:33:28,"[137.0, 108]","[135.0, 18]","[141.44, 9]","[143.0, 27]",139.22,162,4.44,0.56
07:33:29,"[137.0, 72]","[135.0, 12]","[139.33, 12]","[142.25, 12]",138.17,108,2.33,0.56
07:33:30,"[137.0, 123]","[135.0, 24]","[178.3, 20]","[233.58, 26]",157.65,193,41.3,0.52
07:33:31,"[143.4, 40]","[137.92, 86]","[169.77, 22]","[180.0, 48]",156.59,196,26.37,0.29
07:33:32,"[144.75, 48]","[143.0, 36]","[153.92, 12]","[198.34, 38]",149.33,134,9.17,0.25
07:33:33,"[144.8, 41]","[142.86, 28]","[153.0, 12]","[200.0, 48]",148.9,129,8.2,0.07
07:33:34,"[143.0, 26]","[142.0, 13]","[151.62, 21]","[314.59, 27]",147.31,87,8.62,-0.1
07:33:35,"[142.83, 12]","[141.11, 9]","[144.95, 19]","[150.45, 33]",143.89,73,2.11,-0.42
07:33:36,"[142.0, 10]","[139.44, 32]","[143.05, 42]","[144.43, 14]",142.52,98,1.05,-0.14
07:33:37,"[138.84, 43]","[136.38, 65]","[143.04, 47]","[145.6, 15]",140.94,170,4.21,0.27
07:33:38,"[137.0, 104]","[131.0, 48]","[141.5, 20]","[145.5, 12]",139.25,184,4.5,0.65
07:33:39,"[137.0, 165]","[116.81, 53]","[139.97, 33]","[143.0, 48]",138.48,299,2.97,0.46
07:33:40,"[137.0, 112]","[14.0, 69]","[138.08, 13]","[143.55, 73]",137.54,267,1.08,0.36
07:33:41,"[137.0, 213]","[23.57, 53]","[141.08, 25]","[143.72, 76]",139.04,367,4.08,0.45
07:33:42,"[137.0, 132]","[135.0, 11]","[142.0, 55]","[144.0, 55]",139.5,253,5.0,0.13
07:33:43,"[137.0, 228]","[123.8, 30]","[141.15, 54]","[143.18, 51]",139.07,363,4.15,0.42
07:33:44,"[133.88, 48]","[117.39, 31]","[138.07, 28]","[142.02, 47]",135.97,154,4.2,0.03
07:33:45,"[121.2, 30]","[120.0, 10]","[137.0, 20]","[138.4, 30]",129.1,90,15.8,-0.11
07:33:46,"[122.0, 33]","[74.02, 47]","[137.0, 22]","[138.11, 44]",129.5,146,15.0,0.1
07:33:47,"[122.54, 39]","[118.69, 13]","[137.89, 37]","[138.9, 61]",130.22,150,15.35,-0.31
07:33:48,"[126.04, 23]","[116.0, 23]","[138.0, 77]","[139.0, 55]",132.02,178,11.96,-0.48
07:33:49,"[127.77, 13]","[81.5, 28]","[138.0, 49]","[139.0, 35]",132.88,125,10.23,-0.34
07:33:50,"[130.06, 16]","[97.45, 33]","[138.0, 50]","[139.0, 50]",134.03,149,7.94,-0.34
07:33:51,"[134.11, 27]","[105.0, 27]","[138.0, 45]","[139.0, 45]",136.06,144,3.89,-0.25
07:33:52,"[136.21, 19]","[120.56, 27]","[138.55, 33]","[139.86, 21]",137.38,100,2.33,-0.08
07:33:53,"[137.0, 22]","[118.0, 14]","[139.0, 30]","[142.0, 10]",138.0,76,2.0,-0.05
07:33:54,"[137.1, 10]","[134.96, 27]","[140.0, 18]","[208.0, 28]",138.55,83,2.9,-0.11
07:33:55,"[141.2, 10]","[135.88, 16]","[240.27, 37]","[262.62, 13]",190.74,76,99.07,-0.32
07:33:56,"[143.0, 7]","[137.0, 7]","[259.89, 19]","[273.82, 22]",201.45,55,116.89,-0.49
07:33:57,"[143.43, 23]","[137.43, 14]","[243.62, 21]","[277.2, 20]",193.53,78,100.18,-0.05
07:33:58,"[143.0, 11]","[139.74, 35]","[206.8, 15]","[266.12, 17]",174.9,78,63.8,0.18
07:33:59,"[142.1, 10]","[139.75, 16]","[249.57, 14]","[319.87, 23]",195.84,63,107.47,-0.17
07:34:00,"[139.4, 10]","[135.89, 18]","[213.25, 12]","[248.68, 34]",176.32,74,73.85,-0.24
07:34:01,"[138.69, 13]","[135.5, 20]","[212.12, 8]","[269.38, 24]",175.41,65,73.43,0.02
07:34:02,"[138.12, 24]","[137.0, 8]","[212.0, 8]","[337.5, 20]",175.06,60,73.88,0.07
07:34:03,"[139.0, 18]","[137.0, 6]","[211.5, 6]","[385.6, 15]",175.25,45,72.5,0.07
07:34:04,"[136.27, 37]","[129.4, 25]","[166.71, 21]","[439.16, 19]",151.49,102,30.44,0.22
07:34:05,"[136.94, 71]","[135.13, 75]","[209.93, 15]","[310.53, 55]",173.44,216,72.99,0.35
07:34:06,"[137.0, 55]","[135.0, 55]","[147.46, 24]","[156.38, 32]",142.23,166,10.46,0.33
07:34:07,"[137.0, 28]","[135.0, 50]","[138.0, 20]","[164.82, 22]",137.5,120,1.0,0.3
07:34:08,"[137.0, 20]","[135.0, 50]","[138.0, 20]","[207.0, 10]",137.5,100,1.0,0.4
07:34:09,"[137.0, 16]","[135.0, 40]","[138.0, 14]","[207.0, 8]",137.5,78,1.0,0.44
07:34:10,"[137.57, 21]","[129.0, 21]","[181.12, 8]","[329.5, 18]",159.35,68,43.55,0.24
07:34:11,"[137.56, 36]","[135.17, 23]","[207.0, 10]","[338.0, 26]",172.28,95,69.44,0.24
07:34:12,"[138.4, 10]","[136.45, 22]","[207.0, 8]","[323.0, 16]",172.7,56,68.6,0.14
07:34:13,"[137.36, 140]","[83.9, 21]","[535.58, 19]","[551.18, 17]",336.47,197,398.22,0.63
07:34:14,"[138.0, 170]","[110.71, 28]","[514.21, 33]","[580.38, 24]",326.11,255,376.21,0.55
07:34:15,"[138.0, 98]","[136.0, 12]","[305.64, 22]","[324.53, 19]",221.82,151,167.64,0.46
07:34:16,"[138.0, 91]","[107.14, 21]","[301.3, 27]","[303.2, 25]",219.65,164,163.3,0.37
07:34:17,"[138.65, 74]","[137.21, 84]","[299.44, 27]","[300.31, 29]",219.05,214,160.8,0.48
07:34:18,"[140.85, 104]","[138.0, 169]","[295.96, 46]","[297.44, 45]",218.4,364,155.11,0.5
07:34:19,"[143.17, 96]","[138.0, 156]","[216.0, 48]","[222.17, 46]",179.58,346,72.83,0.46
07:34:20,"[144.0, 25]","[139.18, 17]","[198.67, 18]","[200.8, 20]",171.33,80,54.67,0.05
07:34:21,"[144.73, 44]","[143.0, 111]","[196.94, 36]","[198.05, 41]",170.84,232,52.22,0.34
07:34:22,"[145.0, 50]","[143.0, 220]","[191.79, 63]","[193.82, 66]",168.4,399,46.79,0.35
07:34:23,"[145.0, 15]","[143.0, 165]","[189.59, 27]","[190.08, 48]",167.3,255,44.59,0.41
07:34:24,"[145.0, 11]","[143.0, 121]","[186.55, 20]","[187.41, 34]",165.78,186,41.55,0.42
07:34:25,"[143.35, 52]","[142.71, 55]","[183.0, 10]","[187.0, 30]",163.17,147,39.65,0.46
07:34:26,"[143.0, 45]","[142.0, 20]","[169.73, 15]","[183.33, 9]",156.37,89,26.73,0.46
07:34:27,"[142.74, 62]","[139.52, 84]","[144.77, 39]","[146.71, 56]",143.76,241,2.03,0.21
07:34:28,"[143.0, 100]","[142.0, 48]","[144.0, 16]","[147.0, 60]",143.5,224,1.0,0.32
07:34:29,"[143.0, 58]","[142.0, 32]","[146.81, 32]","[462.53, 34]",144.91,156,3.81,0.15
07:34:30,"[143.0, 44]","[142.0, 32]","[146.38, 40]","[498.53, 34]",144.69,150,3.38,0.01
07:34:31,"[143.0, 25]","[142.0, 20]","[146.0, 25]","[545.62, 24]",144.5,94,3.0,-0.04
07:34:32,"[143.0, 55]","[142.0, 44]","[146.0, 55]","[349.65, 48]",144.5,202,3.0,-0.02
07:34:33,"[143.0, 31]","[142.0, 28]","[146.0, 35]","[361.43, 35]",144.5,129,3.0,-0.09
07:34:34,"[143.0, 28]","[142.0, 28]","[146.0, 35]","[515.76, 34]",144.5,125,3.0,-0.1
07:34:35,"[142.8, 30]","[140.44, 50]","[144.75, 40]","[509.12, 40]",143.78,160,1.95,0.0
07:34:36,"[139.1, 41]","[138.33, 72]","[144.0, 30]","[336.0, 30]",141.55,173,4.9,0.31
07:34:37,"[137.0, 144]","[135.0, 36]","[143.0, 45]","[469.57, 35]",140.0,260,6.0,0.38
07:34:38,"[139.0, 48]","[137.0, 288]","[141.65, 40]","[534.25, 40]",140.32,416,2.65,0.62
07:34:39,"[137.73, 49]","[136.96, 196]","[518.16, 31]","[532.0, 25]",327.95,301,380.43,0.63
07:34:40,"[137.0, 279]","[135.0, 36]","[222.23, 26]","[534.24, 29]",179.62,370,85.23,0.7
07:34:41,"[137.0, 181]","[135.0, 24]","[139.06, 16]","[313.57, 14]",138.03,235,2.06,0.74
07:34:42,"[137.0, 281]","[135.0, 44]","[141.48, 25]","[405.07, 28]",139.24,378,4.48,0.72
07:34:43,"[137.0, 230]","[97.5, 64]","[141.0, 16]","[142.0, 20]",139.0,330,4.0,0.78
07:34:44,"[137.0, 245]","[135.0, 88]","[138.57, 23]","[140.44, 18]",137.78,374,1.57,0.78
07:34:45,"[137.06, 204]","[135.47, 94]","[141.0, 15]","[157.6, 25]",139.03,338,3.94,0.76
07:34:46,"[141.0, 12]","[139.0, 36]","[142.0, 12]","[168.0, 18]",141.5,78,1.0,0.23
07:34:47,"[141.0, 22]","[139.0, 66]","[142.0, 22]","[221.68, 31]",141.5,141,1.0,0.25
07:34:48,"[141.0, 22]","[139.0, 66]","[142.0, 12]","[292.9, 31]",141.5,131,1.0,0.34
07:34:49,"[139.0, 30]","[137.0, 160]","[142.0, 8]","[227.3, 20]",140.5,218,3.0,0.74
07:34:50,"[139.0, 39]","[137.0, 260]","[295.72, 25]","[481.39, 36]",217.36,360,156.72,0.66
07:34:51,"[141.67, 18]","[137.46, 52]","[428.8, 15]","[589.71, 17]",285.23,102,287.13,0.37
07:34:52,"[143.0, 33]","[139.0, 37]","[220.67, 21]","[264.62, 29]",181.83,120,77.67,0.17
07:34:53,"[143.0, 21]","[139.0, 21]","[209.71, 31]","[246.0, 9]",176.35,82,66.71,0.02
07:34:54,"[140.6, 40]","[137.18, 202]","[230.71, 14]","[292.41, 46]",185.66,302,90.11,0.6
07:34:55,"[139.0, 33]","[137.0, 253]","[226.13, 15]","[253.89, 18]",182.57,319,87.13,0.79
07:34:56,"[139.0, 17]","[137.0, 275]","[222.1, 29]","[223.43, 21]",180.55,342,83.1,0.71
07:34:57,"[139.88, 48]","[137.09, 157]","[219.9, 31]","[220.71, 21]",179.89,257,80.03,0.6
07:34:58,"[140.58, 72]","[139.0, 12]","[158.19, 31]","[196.82, 17]",149.39,132,17.61,0.27
07:34:59,"[141.2, 60]","[139.0, 10]","[155.25, 12]","[158.21, 28]",148.22,110,14.05,0.27
07:35:00,"[142.07, 82]","[139.75, 16]","[153.31, 13]","[156.0, 39]",147.69,150,11.23,0.31
07:35:01,"[143.0, 178]","[142.0, 44]","[153.0, 11]","[156.0, 33]",148.0,266,10.0,0.67
07:35:02,"[143.12, 182]","[142.75, 130]","[150.07, 45]","[156.39, 18]",146.59,375,6.95,0.66
07:35:03,"[143.08, 111]","[142.75, 130]","[146.27, 63]","[161.95, 44]",144.68,348,3.19,0.39
07:35:04,"[142.8, 119]","[140.12, 86]","[144.19, 62]","[202.35, 68]",143.5,335,1.4,0.22
07:35:05,"[140.11, 54]","[137.95, 97]","[177.55, 44]","[305.59, 37]",158.83,232,37.43,0.3
07:35:06,"[139.0, 80]","[138.0, 10]","[220.53, 47]","[434.58, 36]",179.77,173,81.53,0.04
07:35:07,"[139.0, 92]","[138.0, 24]","[216.68, 50]","[235.18, 57]",177.84,223,77.68,0.04
07:35:08,"[139.33, 72]","[138.64, 56]","[160.25, 51]","[215.78, 55]",149.79,234,20.92,0.09
07:35:09,"[140.1, 40]","[138.96, 69]","[142.7, 43]","[201.14, 44]",141.4,196,2.6,0.11
07:35:10,"[139.0, 90]","[138.0, 15]","[141.0, 15]","[204.0, 45]",140.0,165,2.0,0.27
07:35:11,"[140.66, 76]","[138.83, 36]","[189.75, 24]","[337.11, 37]",165.2,173,49.09,0.29
07:35:12,"[142.0, 49]","[139.0, 35]","[203.0, 14]","[218.0, 14]",172.5,112,61.0,0.5
07:35:13,"[142.0, 70]","[139.0, 50]","[187.2, 20]","[315.42, 24]",164.6,164,45.2,0.46
07:35:14,"[143.82, 222]","[141.88, 124]","[199.06, 36]","[235.59, 54]",171.44,436,55.24,0.59
07:35:15,"[144.0, 80]","[142.0, 56]","[152.0, 16]","[387.83, 24]",148.0,176,8.0,0.55
07:35:16,"[144.28, 152]","[142.88, 137]","[150.88, 34]","[288.84, 62]",147.58,385,6.61,0.5
07:35:17,"[145.38, 79]","[144.23, 91]","[149.1, 20]","[200.22, 36]",147.24,226,3.72,0.5
07:35:18,"[146.0, 110]","[145.0, 84]","[148.0, 24]","[200.13, 23]",147.0,241,2.0,0.61
07:35:19,"[146.0, 81]","[145.0, 63]","[148.0, 18]","[350.0, 9]",147.0,171,2.0,0.68
07:35:20,"[146.0, 91]","[145.0, 91]","[147.77, 26]","[158.52, 42]",146.88,250,1.77,0.46
07:35:21,"[145.02, 93]","[143.18, 38]","[232.05, 42]","[363.71, 34]",188.53,207,87.03,0.27
07:35:22,"[145.0, 49]","[143.0, 14]","[400.43, 14]","[616.0, 17]",272.71,94,255.43,0.34
07:35:23,"[145.27, 37]","[144.49, 47]","[433.36, 22]","[684.73, 33]",289.32,139,288.09,0.21
07:35:24,"[144.76, 62]","[142.59, 34]","[231.33, 24]","[746.91, 35]",188.05,155,86.58,0.24
07:35:25,"[145.0, 23]","[143.0, 16]","[291.3, 20]","[574.42, 19]",218.15,78,146.3,0.0
07:35:26,"[145.0, 9]","[143.0, 18]","[244.59, 27]","[356.36, 33]",194.8,87,99.59,-0.38
07:35:27,"[145.0, 8]","[143.0, 16]","[232.88, 16]","[292.48, 25]",188.94,65,87.88,-0.26
07:35:28,"[145.0, 7]","[143.0, 14]","[231.57, 14]","[232.57, 14]",188.29,49,86.57,-0.14
07:35:29,"[145.0, 16]","[143.0, 32]","[230.06, 32]","[231.25, 32]",187.53,112,85.06,-0.14
07:35:30,"[145.0, 13]","[143.0, 26]","[182.19, 27]","[185.45, 31]",163.59,97,37.19,-0.2
07:35:31,"[145.0, 10]","[143.0, 20]","[167.0, 20]","[168.0, 20]",156.0,70,22.0,-0.14
07:35:32,"[144.56, 9]","[142.91, 23]","[166.56, 18]","[167.67, 18]",155.56,68,22.0,-0.06
07:35:33,"[143.0, 10]","[142.0, 10]","[164.22, 27]","[165.6, 20]",153.61,67,21.22,-0.4
07:35:34,"[142.7, 10]","[141.4, 10]","[162.96, 23]","[163.82, 22]",152.83,65,20.26,-0.38
07:35:35,"[142.0, 12]","[140.0, 12]","[158.32, 25]","[159.66, 29]",150.16,78,16.32,-0.38
07:35:36,"[143.76, 17]","[138.59, 27]","[153.45, 29]","[154.92, 26]",148.61,99,9.68,-0.11
07:35:37,"[146.9, 40]","[142.36, 14]","[151.9, 40]","[152.8, 30]",149.4,124,5.0,-0.13
07:35:38,"[143.0, 12]","[142.0, 12]","[149.19, 27]","[151.45, 33]",146.09,84,6.19,-0.43
07:35:39,"[143.0, 10]","[142.0, 10]","[147.31, 29]","[148.29, 21]",145.16,70,4.31,-0.43
07:35:40,"[141.5, 12]","[138.5, 40]","[143.92, 25]","[145.94, 33]",142.71,110,2.42,-0.05
07:35:41,"[137.7, 54]","[137.36, 139]","[141.0, 24]","[143.58, 33]",139.35,250,3.3,0.54
07:35:42,"[137.0, 83]","[136.0, 26]","[140.1, 20]","[332.22, 49]",138.55,178,3.1,0.22
07:35:43,"[137.0, 50]","[136.0, 24]","[199.0, 24]","[470.02, 56]",168.0,154,62.0,-0.04
07:35:44,"[144.61, 23]","[141.38, 32]","[179.0, 14]","[529.62, 32]",161.8,101,34.39,0.09
07:35:45,"[146.0, 18]","[137.95, 37]","[179.0, 18]","[443.41, 37]",162.5,110,33.0,0.0
07:35:46,"[142.14, 28]","[136.84, 38]","[437.56, 27]","[498.19, 36]",289.85,129,295.41,0.02
07:35:47,"[137.0, 44]","[136.0, 14]","[314.31, 32]","[414.14, 14]",225.66,104,177.31,0.12
07:35:48,"[137.0, 74]","[136.0, 16]","[183.38, 26]","[369.48, 33]",160.19,149,46.38,0.21
07:35:49,"[137.0, 40]","[136.0, 10]","[138.0, 15]","[145.0, 5]",137.5,70,1.0,0.43
07:35:50,"[137.0, 48]","[136.0, 12]","[138.39, 18]","[165.0, 7]",137.69,85,1.39,0.41
07:35:51,"[137.0, 80]","[136.0, 20]","[145.0, 10]","[240.1, 20]",141.0,130,8.0,0.54
07:35:52,"[137.0, 159]","[136.0, 24]","[140.0, 21]","[359.0, 18]",138.5,222,3.0,0.65
07:35:53,"[137.08, 119]","[136.36, 22]","[140.91, 11]","[391.92, 13]",138.99,165,3.83,0.71
07:35:54,"[141.3, 74]","[139.27, 131]","[144.0, 15]","[236.48, 58]",142.65,278,2.7,0.47
07:35:55,"[143.73, 33]","[139.67, 69]","[493.12, 34]","[541.6, 43]",318.42,179,349.39,0.14
07:35:56,"[144.55, 71]","[143.0, 10]","[380.29, 48]","[479.74, 35]",262.42,164,235.74,-0.01
07:35:57,"[144.25, 8]","[142.45, 11]","[329.5, 40]","[519.88, 16]",236.88,75,185.25,-0.49
07:35:58,"[142.25, 8]","[141.0, 16]","[195.72, 39]","[227.19, 31]",168.98,94,53.47,-0.49
07:35:59,"[140.0, 4]","[137.2, 20]","[176.0, 20]","[177.0, 16]",158.0,60,36.0,-0.2
07:36:00,"[143.95, 81]","[138.67, 18]","[174.82, 55]","[370.87, 46]",159.38,200,30.87,-0.01
07:36:01,"[144.0, 88]","[141.29, 14]","[172.52, 46]","[211.58, 53]",158.26,201,28.52,0.01
07:36:02,"[144.0, 48]","[143.0, 12]","[169.58, 26]","[172.86, 28]",156.79,114,25.58,0.05
07:36:03,"[141.08, 26]","[138.09, 22]","[166.97, 40]","[168.31, 39]",154.03,127,25.9,-0.24
07:36:04,"[142.58, 60]","[139.59, 41]","[164.86, 35]","[165.93, 43]",153.72,179,22.27,0.13
07:36:05,"[143.11, 38]","[141.59, 34]","[163.08, 48]","[164.05, 42]",153.09,162,19.98,-0.11
07:36:06,"[144.31, 26]","[142.9, 63]","[156.81, 58]","[158.15, 54]",150.56,201,12.5,-0.11
07:36:07,"[143.0, 10]","[141.0, 15]","[152.4, 25]","[155.0, 20]",147.7,70,9.4,-0.29
07:36:08,"[143.0, 14]","[141.0, 21]","[151.0, 28]","[152.0, 35]",147.0,98,8.0,-0.29
07:36:09,"[143.0, 20]","[141.0, 30]","[148.52, 42]","[149.71, 45]",145.76,137,5.52,-0.27
07:36:10,"[142.05, 19]","[140.83, 18]","[144.5, 30]","[145.32, 37]",143.28,104,2.45,-0.29
07:36:11,"[139.78, 40]","[137.46, 70]","[141.98, 64]","[143.09, 58]",140.88,232,2.21,-0.05
07:36:12,"[138.56, 27]","[137.18, 44]","[141.32, 38]","[175.52, 27]",139.94,136,2.76,0.04
07:36:13,"[141.27, 11]","[137.75, 24]","[232.64, 22]","[361.0, 40]",186.95,97,91.36,-0.28
07:36:14,"[142.0, 8]","[138.0, 16]","[246.38, 24]","[400.58, 24]",194.19,72,104.38,-0.33
07:36:15,"[142.0, 12]","[138.0, 24]","[245.0, 36]","[392.6, 30]",193.5,102,103.0,-0.29
07:36:16,"[139.56, 16]","[130.55, 31]","[243.17, 12]","[280.31, 32]",191.36,91,103.6,0.03
07:36:17,"[137.08, 49]","[128.69, 52]","[238.94, 17]","[244.33, 27]",188.01,145,101.86,0.39
07:36:18,"[137.0, 84]","[123.68, 75]","[227.31, 39]","[235.81, 32]",182.15,230,90.31,0.38
07:36:19,"[137.0, 48]","[94.33, 36]","[161.31, 13]","[171.57, 23]",149.15,120,24.31,0.4
07:36:20,"[137.0, 24]","[108.0, 36]","[156.92, 26]","[157.77, 26]",146.96,112,19.92,0.07
07:36:21,"[137.0, 17]","[99.54, 39]","[145.35, 34]","[153.12, 24]",141.18,114,8.35,-0.02
07:36:22,"[137.0, 10]","[92.0, 60]","[140.31, 29]","[143.28, 18]",138.66,117,3.31,0.2
07:36:23,"[107.17, 24]","[90.45, 66]","[138.67, 18]","[139.6, 30]",122.92,138,31.5,0.3
07:36:24,"[117.38, 16]","[97.2, 30]","[268.22, 23]","[386.31, 32]",192.8,101,150.84,-0.09
07:36:25,"[136.29, 14]","[118.2, 10]","[152.38, 16]","[457.61, 33]",144.33,73,16.09,-0.34
07:36:26,"[138.0, 108]","[137.0, 18]","[152.0, 18]","[347.46, 39]",145.0,183,14.0,0.38
07:36:27,"[139.0, 32]","[137.92, 52]","[152.0, 12]","[479.36, 28]",145.5,124,13.0,0.35
07:36:28,"[142.0, 16]","[138.0, 96]","[151.38, 16]","[630.64, 28]",146.69,156,9.38,0.44
07:36:29,"[142.92, 53]","[139.47, 38]","[150.89, 18]","[560.0, 27]",146.91,136,7.96,0.34
07:36:30,"[143.0, 63]","[142.0, 18]","[150.0, 18]","[286.54, 37]",146.5,136,7.0,0.19
07:36:31,"[143.0, 54]","[142.0, 20]","[149.1, 20]","[354.0, 48]",146.05,142,6.1,0.04
07:36:32,"[143.08, 53]","[142.29, 28]","[148.67, 24]","[425.33, 48]",145.87,153,5.59,0.06
07:36:33,"[143.52, 42]","[142.67, 42]","[147.14, 28]","[230.86, 56]",145.33,168,3.62,0.0
07:36:34,"[143.0, 101]","[142.0, 28]","[146.93, 28]","[237.15, 52]",144.96,209,3.93,0.23
07:36:35,"[143.27, 123]","[142.64, 56]","[145.29, 28]","[295.93, 45]",144.28,252,2.02,0.42
07:36:36,"[144.0, 63]","[143.0, 90]","[154.27, 22]","[197.08, 39]",149.14,214,10.27,0.43
07:36:37,"[143.04, 73]","[142.31, 29]","[195.0, 44]","[208.27, 44]",169.02,190,51.96,0.07
07:36:38,"[143.0, 98]","[142.0, 28]","[193.79, 56]","[241.0, 56]",168.39,238,50.79,0.06
07:36:39,"[143.0, 63]","[142.0, 18]","[190.8, 40]","[218.78, 36]",166.9,157,47.8,0.03
07:36:40,"[142.62, 52]","[141.5, 20]","[188.3, 60]","[189.41, 64]",165.46,196,45.68,-0.27
07:36:41,"[139.94, 54]","[137.38, 58]","[183.63, 43]","[185.45, 55]",161.79,210,43.68,0.07
07:36:42,"[142.29, 42]","[139.5, 32]","[180.51, 51]","[182.43, 47]",161.4,172,38.22,-0.14
07:36:43,"[142.0, 24]","[138.92, 59]","[177.77, 57]","[180.18, 44]",159.89,184,35.77,-0.1
07:36:44,"[142.0, 12]","[138.0, 24]","[176.16, 44]","[177.11, 53]",159.08,133,34.16,-0.46
07:36:45,"[142.0, 9]","[138.0, 18]","[172.5, 30]","[173.95, 42]",157.25,99,30.5,-0.45
07:36:46,"[137.65, 62]","[120.27, 22]","[168.9, 42]","[170.26, 35]",153.27,161,31.26,0.04
07:36:47,"[139.77, 52]","[135.86, 147]","[166.9, 39]","[167.9, 31]",153.33,269,27.13,0.48
07:36:48,"[137.28, 195]","[125.35, 79]","[160.67, 45]","[163.5, 52]",148.97,371,23.39,0.48
07:36:49,"[137.0, 140]","[106.92, 26]","[157.44, 36]","[221.07, 54]",147.22,256,20.44,0.3
07:36:50,"[137.0, 110]","[126.57, 21]","[158.3, 50]","[355.55, 33]",147.65,214,21.3,0.22
07:36:51,"[137.04, 69]","[135.4, 45]","[156.44, 45]","[394.3, 30]",146.74,189,19.4,0.21
07:36:52,"[139.06, 17]","[137.03, 91]","[149.66, 47]","[233.96, 48]",144.36,203,10.6,0.06
07:36:53,"[137.35, 83]","[112.54, 39]","[141.08, 39]","[142.82, 49]",139.21,210,3.73,0.16
07:36:54,"[137.0, 182]","[100.58, 31]","[138.2, 70]","[141.2, 71]",137.6,354,1.2,0.2
07:36:55,"[137.43, 28]","[132.1, 10]","[141.59, 39]","[155.73, 26]",139.51,103,4.16,-0.26
07:36:56,"[137.84, 25]","[135.06, 17]","[142.0, 75]","[159.0, 45]",139.92,162,4.16,-0.48
07:36:57,"[138.97, 33]","[137.63, 19]","[142.0, 65]","[159.0, 39]",140.48,156,3.03,-0.33
07:36:58,"[139.0, 14]","[138.0, 15]","[140.41, 39]","[142.0, 55]",139.71,123,1.41,-0.53
07:36:59,"[139.0, 6]","[138.0, 6]","[140.0, 18]","[142.0, 30]",139.5,60,1.0,-0.6
07:37:00,"[136.79, 19]","[134.5, 20]","[140.98, 41]","[250.55, 51]",138.88,131,4.19,-0.4
07:37:01,"[136.94, 33]","[134.6, 25]","[141.9, 39]","[338.48, 42]",139.42,139,4.96,-0.17
07:37:02,"[137.33, 27]","[136.11, 72]","[150.72, 50]","[228.34, 73]",144.03,222,13.39,-0.11
07:37:03,"[136.0, 45]","[134.5, 40]","[244.34, 32]","[313.32, 34]",190.17,151,108.34,0.13
07:37:04,"[136.0, 40]","[134.19, 31]","[139.95, 19]","[141.75, 40]",137.97,130,3.95,0.09
07:37:05,"[136.0, 40]","[134.0, 40]","[141.88, 40]","[185.5, 40]",138.94,160,5.88,0.0
07:37:06,"[134.5, 20]","[80.0, 11]","[142.0, 20]","[340.44, 16]",138.25,67,7.5,-0.07
07:37:07,"[134.77, 31]","[90.0, 9]","[142.0, 30]","[561.71, 28]",138.39,98,7.23,-0.18
07:37:08,"[136.0, 6]","[135.0, 38]","[142.0, 30]","[421.71, 28]",139.0,102,6.0,-0.14
07:37:09,"[135.38, 13]","[134.89, 37]","[142.0, 32]","[423.1, 29]",138.69,111,6.62,-0.1
07:37:10,"[135.65, 23]","[134.29, 7]","[140.5, 14]","[214.0, 16]",138.08,60,4.85,0.0
07:37:11,"[136.89, 27]","[133.44, 9]","[141.0, 23]","[142.0, 18]",138.94,77,4.11,-0.06
07:37:12,"[134.25, 16]","[132.5, 12]","[140.75, 24]","[142.0, 24]",137.5,76,6.5,-0.26
07:37:13,"[136.0, 8]","[131.0, 16]","[139.38, 16]","[142.0, 16]",137.69,56,3.38,-0.14
07:37:14,"[137.91, 23]","[135.2, 10]","[139.33, 18]","[144.14, 21]",138.62,72,1.42,-0.08
07:37:15,"[138.31, 13]","[134.12, 25]","[141.4, 35]","[148.7, 47]",139.85,120,3.09,-0.37
07:37:16,"[137.0, 10]","[135.0, 10]","[140.45, 22]","[141.5, 24]",138.73,66,3.45,-0.39
07:37:17,"[135.25, 8]","[133.05, 43]","[138.0, 8]","[141.82, 17]",136.62,76,2.75,0.34
07:37:18,"[135.25, 12]","[132.29, 62]","[138.0, 12]","[142.42, 24]",136.62,110,2.75,0.35
07:37:19,"[135.77, 13]","[132.33, 27]","[137.67, 12]","[141.5, 20]",136.72,72,1.9,0.11
07:37:20,"[136.0, 12]","[135.0, 12]","[137.17, 12]","[139.14, 14]",136.58,50,1.17,-0.04
07:37:21,"[131.06, 88]","[130.19, 37]","[137.0, 16]","[138.62, 16]",134.03,157,5.94,0.59
07:37:22,"[131.0, 49]","[130.0, 20]","[422.04, 27]","[446.42, 24]",276.52,120,291.04,0.15
07:37:23,"[135.29, 56]","[130.6, 40]","[368.23, 44]","[424.27, 52]",251.76,192,232.94,0.0
07:37:24,"[142.52, 25]","[135.55, 22]","[323.56, 18]","[339.93, 30]",233.04,95,181.04,-0.01
07:37:25,"[143.0, 43]","[137.67, 24]","[245.3, 20]","[338.67, 30]",194.15,117,102.3,0.15
07:37:26,"[143.0, 48]","[141.0, 24]","[270.79, 28]","[432.0, 41]",206.89,141,127.79,0.02
07:37:27,"[143.0, 48]","[141.0, 24]","[237.76, 34]","[238.82, 44]",190.38,150,94.76,-0.04
07:37:28,"[143.33, 24]","[142.14, 42]","[173.08, 48]","[233.57, 46]",158.21,160,29.75,-0.17
07:37:29,"[144.9, 10]","[143.0, 40]","[216.8, 40]","[297.67, 24]",180.85,114,71.9,-0.12
07:37:30,"[145.0, 10]","[143.0, 40]","[228.12, 34]","[256.15, 26]",186.56,110,83.12,-0.09
07:37:31,"[145.0, 17]","[140.86, 115]","[223.57, 46]","[224.29, 56]",184.28,234,78.57,0.13
07:37:32,"[145.0, 15]","[143.0, 30]","[222.0, 30]","[223.0, 60]",183.5,135,77.0,-0.33
07:37:33,"[141.2, 118]","[138.64, 44]","[219.24, 42]","[220.25, 40]",180.22,244,78.03,0.33
07:37:34,"[141.0, 166]","[137.5, 96]","[214.97, 60]","[216.25, 48]",177.98,370,73.97,0.42
07:37:35,"[141.0, 104]","[138.0, 104]","[184.57, 23]","[206.68, 31]",162.78,262,43.57,0.59
07:37:36,"[141.0, 96]","[138.0, 120]","[142.0, 30]","[157.33, 15]",141.5,261,1.0,0.66
07:37:37,"[139.5, 32]","[137.97, 62]","[154.33, 18]","[298.12, 16]",146.92,128,14.83,0.47
07:37:38,"[138.0, 64]","[137.0, 32]","[226.0, 8]","[331.88, 32]",182.0,136,88.0,0.41
07:37:39,"[138.0, 32]","[137.0, 16]","[226.0, 4]","[263.0, 16]",182.0,68,88.0,0.41
07:37:40,"[138.0, 44]","[137.0, 40]","[177.56, 18]","[304.21, 28]",157.78,130,39.56,0.29
07:37:41,"[138.0, 31]","[137.0, 32]","[139.0, 45]","[357.36, 11]",138.5,119,1.0,0.06
07:37:42,"[137.35, 31]","[133.38, 52]","[138.9, 50]","[521.93, 41]",138.13,174,1.55,-0.05
07:37:43,"[136.13, 23]","[130.09, 132]","[137.87, 15]","[156.32, 47]",137.0,217,1.74,0.43
07:37:44,"[137.0, 26]","[136.0, 18]","[140.86, 42]","[492.43, 21]",138.93,107,3.86,-0.18
07:37:45,"[137.81, 31]","[136.62, 16]","[140.62, 42]","[281.37, 27]",139.21,116,2.81,-0.19
07:37:46,"[138.0, 40]","[137.0, 16]","[139.86, 28]","[166.75, 16]",138.93,100,1.86,0.12
07:37:47,"[138.0, 40]","[137.0, 16]","[142.0, 34]","[267.44, 16]",140.0,106,4.0,0.06
07:37:48,"[138.0, 30]","[137.0, 68]","[142.0, 30]","[171.0, 6]",140.0,134,4.0,0.46
07:37:49,"[139.0, 40]","[137.1, 102]","[142.0, 30]","[156.58, 26]",140.5,198,3.0,0.43
07:37:50,"[138.5, 12]","[137.22, 46]","[142.0, 20]","[244.75, 20]",140.25,98,3.5,0.18
07:37:51,"[141.0, 3]","[138.0, 15]","[142.0, 15]","[250.33, 15]",141.5,48,1.0,-0.25
07:37:52,"[137.05, 92]","[136.38, 48]","[142.0, 35]","[258.86, 35]",139.53,210,4.95,0.33
07:37:53,"[137.0, 60]","[136.0, 25]","[142.0, 20]","[173.0, 25]",139.5,130,5.0,0.31
07:37:54,"[137.0, 84]","[136.0, 35]","[140.48, 33]","[156.62, 21]",138.74,173,3.48,0.38
07:37:55,"[137.0, 126]","[136.0, 50]","[140.0, 50]","[141.0, 31]",138.5,257,3.0,0.37
07:37:56,"[137.62, 65]","[136.93, 205]","[140.0, 52]","[141.0, 56]",138.81,378,2.38,0.43
07:37:57,"[137.0, 198]","[135.0, 27]","[141.0, 36]","[258.73, 33]",139.0,294,4.0,0.53
07:37:58,"[137.0, 220]","[135.0, 30]","[140.97, 37]","[223.6, 45]",138.99,332,3.97,0.51
07:37:59,"[137.0, 249]","[135.0, 39]","[138.11, 28]","[140.28, 25]",137.55,341,1.11,0.69
07:38:00,"[137.0, 92]","[135.0, 18]","[140.6, 15]","[199.5, 14]",138.8,139,3.6,0.58
07:38:01,"[137.0, 150]","[135.0, 30]","[141.0, 30]","[143.0, 10]",139.0,220,4.0,0.64
07:38:02,"[137.78, 68]","[136.96, 138]","[141.07, 28]","[143.36, 11]",139.43,245,3.29,0.68
07:38:03,"[139.0, 20]","[137.0, 150]","[141.62, 26]","[143.92, 12]",140.31,208,2.62,0.63
07:38:04,"[139.0, 22]","[137.0, 165]","[140.09, 33]","[144.0, 11]",139.55,231,1.09,0.62
07:38:05,"[137.09, 94]","[135.28, 72]","[139.42, 12]","[144.0, 37]",138.25,215,2.33,0.54
07:38:06,"[137.7, 43]","[136.7, 94]","[144.77, 52]","[145.29, 17]",141.23,206,7.07,0.33
07:38:07,"[137.0, 70]","[134.0, 15]","[145.0, 40]","[146.0, 5]",141.0,130,8.0,0.31
07:38:08,"[137.0, 27]","[134.0, 36]","[145.0, 64]","[146.0, 8]",141.0,135,8.0,-0.07
07:38:09,"[137.0, 10]","[134.0, 70]","[145.0, 80]","[179.43, 14]",141.0,174,8.0,-0.08
07:38:10,"[137.31, 13]","[134.16, 56]","[145.0, 72]","[146.0, 9]",141.15,150,7.69,-0.08
07:38:11,"[141.0, 11]","[137.0, 33]","[145.0, 88]","[146.0, 11]",143.0,143,4.0,-0.38
07:38:12,"[138.23, 13]","[135.73, 33]","[144.71, 51]","[145.43, 14]",141.47,111,6.48,-0.17
07:38:13,"[137.91, 35]","[135.17, 69]","[143.81, 63]","[145.13, 46]",140.86,213,5.9,-0.02
07:38:14,"[141.0, 36]","[137.0, 98]","[145.0, 72]","[146.0, 9]",143.0,215,4.0,0.25
07:38:15,"[141.0, 34]","[137.0, 135]","[145.0, 72]","[146.0, 9]",143.0,250,4.0,0.35
07:38:16,"[141.0, 36]","[137.0, 180]","[143.1, 80]","[144.93, 30]",142.05,326,2.1,0.33
07:38:17,"[138.65, 51]","[136.81, 129]","[142.46, 35]","[143.73, 30]",140.55,245,3.81,0.47
07:38:18,"[137.87, 83]","[136.48, 116]","[144.0, 36]","[146.53, 15]",140.93,250,6.13,0.59
07:38:19,"[143.0, 30]","[137.0, 140]","[144.0, 40]","[147.0, 40]",143.5,250,1.0,0.36
07:38:20,"[143.0, 30]","[137.0, 140]","[145.14, 37]","[147.12, 34]",144.07,241,2.14,0.41
07:38:21,"[143.0, 72]","[137.0, 292]","[145.54, 72]","[146.48, 46]",144.27,482,2.54,0.51
07:38:22,"[143.59, 46]","[138.93, 112]","[145.24, 21]","[147.42, 53]",144.41,232,1.65,0.36
07:38:23,"[143.86, 29]","[141.32, 50]","[147.05, 22]","[183.07, 40]",145.45,141,3.18,0.12
07:38:24,"[138.37, 127]","[136.45, 154]","[147.56, 54]","[195.17, 36]",142.96,371,9.19,0.51
07:38:25,"[136.51, 122]","[135.91, 110]","[145.23, 60]","[146.58, 65]",140.87,357,8.73,0.3
07:38:26,"[137.0, 98]","[136.0, 98]","[142.68, 53]","[145.13, 62]",139.84,311,5.68,0.26
07:38:27,"[137.0, 77]","[136.0, 77]","[142.05, 42]","[144.0, 42]",139.52,238,5.05,0.29
07:38:28,"[137.0, 63]","[136.0, 63]","[142.32, 37]","[143.21, 19]",139.66,182,5.32,0.38
07:38:29,"[137.0, 112]","[136.0, 112]","[141.36, 56]","[142.17, 72]",139.18,352,4.36,0.27
07:38:30,"[137.0, 98]","[136.0, 98]","[140.22, 40]","[141.31, 48]",138.61,284,3.22,0.38
07:38:31,"[137.0, 64]","[135.68, 62]","[139.2, 10]","[142.0, 30]",138.1,166,2.2,0.52
07:38:32,"[137.0, 41]","[135.02, 46]","[138.2, 10]","[142.0, 30]",137.6,127,1.2,0.37
07:38:33,"[137.0, 40]","[136.0, 10]","[138.6, 10]","[143.0, 28]",137.8,88,1.6,0.14
07:38:34,"[141.18, 11]","[137.64, 22]","[144.67, 9]","[208.15, 13]",142.92,55,3.48,0.2
07:38:35,"[144.46, 76]","[143.0, 14]","[146.43, 14]","[327.36, 14]",145.44,118,1.97,0.53
07:38:36,"[146.0, 70]","[145.0, 28]","[147.0, 14]","[248.38, 52]",146.5,164,1.0,0.2
07:38:37,"[146.0, 35]","[145.0, 14]","[147.0, 7]","[287.0, 35]",146.5,91,1.0,0.08
07:38:38,"[145.24, 21]","[143.4, 10]","[225.19, 21]","[306.82, 39]",185.21,91,79.95,-0.32
07:38:39,"[145.0, 16]","[143.0, 8]","[147.0, 40]","[353.84, 31]",146.0,95,2.0,-0.49
07:38:40,"[145.0, 12]","[143.0, 6]","[147.0, 30]","[224.67, 12]",146.0,60,2.0,-0.4
07:38:41,"[145.0, 22]","[143.0, 11]","[147.0, 44]","[295.33, 15]",146.0,92,2.0,-0.28
07:38:42,"[143.0, 11]","[141.71, 17]","[147.0, 32]","[374.88, 8]",145.0,68,4.0,-0.18
07:38:43,"[142.29, 14]","[141.12, 17]","[147.0, 24]","[368.0, 6]",144.64,61,4.71,0.02
07:38:44,"[143.0, 32]","[142.0, 16]","[147.0, 32]","[248.07, 14]",145.0,94,4.0,0.02
07:38:45,"[143.0, 20]","[142.0, 10]","[147.0, 20]","[172.0, 20]",145.0,70,4.0,-0.14
07:38:46,"[143.0, 24]","[142.0, 12]","[147.0, 24]","[514.07, 29]",145.0,89,4.0,-0.19
07:38:47,"[142.94, 17]","[141.89, 9]","[147.0, 20]","[565.4, 25]",144.97,71,4.06,-0.27
07:38:48,"[142.0, 7]","[141.0, 7]","[147.0, 28]","[548.53, 17]",144.5,59,5.0,-0.53
07:38:49,"[142.0, 9]","[141.0, 9]","[147.0, 36]","[228.08, 13]",144.5,67,5.0,-0.46
07:38:50,"[143.3, 23]","[141.55, 11]","[147.0, 44]","[278.15, 47]",145.15,125,3.7,-0.46
07:38:51,"[144.15, 34]","[139.39, 23]","[147.0, 48]","[275.67, 54]",145.57,159,2.85,-0.28
07:38:52,"[137.14, 56]","[136.52, 92]","[147.0, 32]","[315.92, 26]",142.07,206,9.86,0.44
07:38:53,"[137.62, 96]","[136.32, 113]","[146.55, 44]","[162.84, 25]",142.09,278,8.92,0.5
07:38:54,"[142.0, 44]","[137.48, 100]","[145.91, 55]","[147.0, 44]",143.95,243,3.91,0.19
07:38:55,"[142.0, 52]","[137.0, 126]","[144.75, 60]","[146.29, 56]",143.38,294,2.75,0.21
07:38:56,"[142.0, 36]","[137.0, 90]","[143.32, 37]","[144.95, 38]",142.66,201,1.32,0.25
07:38:57,"[139.58, 48]","[136.78, 102]","[143.0, 50]","[145.0, 40]",141.29,240,3.42,0.25
07:38:58,"[137.02, 93]","[136.01, 135]","[141.5, 68]","[143.0, 58]",139.26,354,4.48,0.29
07:38:59,"[137.0, 69]","[134.73, 30]","[139.37, 54]","[141.13, 46]",138.19,199,2.37,-0.01
07:39:00,"[136.04, 27]","[134.78, 36]","[139.2, 40]","[180.6, 15]",137.62,118,3.16,0.07
07:39:01,"[136.41, 34]","[134.43, 21]","[144.0, 27]","[269.0, 15]",140.21,97,7.59,0.13
07:39:02,"[135.0, 48]","[92.7, 33]","[141.2, 10]","[149.71, 35]",138.1,126,6.2,0.29
07:39:03,"[135.2, 30]","[124.23, 39]","[142.75, 36]","[143.48, 21]",138.97,126,7.55,0.1
07:39:04,"[138.0, 20]","[135.0, 37]","[143.0, 70]","[145.0, 10]",140.5,137,5.0,-0.17
07:39:05,"[138.0, 20]","[135.0, 16]","[143.0, 70]","[145.0, 10]",140.5,116,5.0,-0.38
07:39:06,"[138.0, 6]","[135.0, 3]","[143.0, 21]","[145.0, 3]",140.5,33,5.0,-0.45
07:39:07,"[138.0, 14]","[135.0, 7]","[143.0, 49]","[145.0, 7]",140.5,77,5.0,-0.45
07:39:08,"[134.44, 18]","[87.2, 41]","[143.0, 63]","[145.0, 9]",138.72,131,8.56,-0.1
07:39:09,"[134.0, 91]","[86.0, 30]","[143.0, 27]","[145.0, 6]",138.5,154,9.0,0.57
07:39:10,"[136.0, 60]","[124.4, 50]","[142.78, 23]","[144.27, 11]",139.39,144,6.78,0.53
07:39:11,"[139.0, 31]","[133.04, 112]","[142.0, 56]","[143.0, 24]",140.5,223,3.0,0.28
07:39:12,"[139.0, 4]","[137.0, 4]","[142.0, 8]","[143.0, 8]",140.5,24,3.0,-0.33
07:39:13,"[137.0, 11]","[133.0, 198]","[141.53, 15]","[142.62, 37]",139.27,261,4.53,0.6
07:39:14,"[137.0, 9]","[133.0, 162]","[141.53, 15]","[142.92, 53]",139.27,239,4.53,0.43
07:39:15,"[137.0, 4]","[133.0, 72]","[141.0, 4]","[143.0, 28]",139.0,108,4.0,0.41
07:39:16,"[138.49, 47]","[133.12, 130]","[141.82, 17]","[143.06, 72]",140.16,266,3.33,0.33
07:39:17,"[140.57, 70]","[137.0, 7]","[143.0, 49]","[145.0, 14]",141.79,140,2.43,0.1
07:39:18,"[140.88, 82]","[133.76, 29]","[142.21, 56]","[149.31, 29]",141.55,196,1.34,0.13
07:39:19,"[139.79, 73]","[134.6, 30]","[141.16, 50]","[205.86, 29]",140.48,182,1.37,0.13
07:39:20,"[135.85, 34]","[129.29, 82]","[145.0, 22]","[384.73, 55]",140.43,193,9.15,0.2
07:39:21,"[142.99, 137]","[136.56, 25]","[145.0, 18]","[382.95, 44]",144.0,224,2.01,0.45
07:39:22,"[143.0, 179]","[142.0, 11]","[144.13, 46]","[185.71, 28]",143.57,264,1.13,0.44
07:39:23,"[143.0, 132]","[142.0, 12]","[144.55, 33]","[226.43, 42]",143.77,219,1.55,0.32
07:39:24,"[143.0, 90]","[142.0, 10]","[145.0, 20]","[240.0, 40]",144.0,160,2.0,0.25
07:39:25,"[143.0, 72]","[142.0, 10]","[144.86, 21]","[230.33, 42]",143.93,145,1.86,0.13
07:39:26,"[143.0, 77]","[142.0, 13]","[144.71, 17]","[190.59, 37]",143.85,144,1.71,0.25
07:39:27,"[143.36, 78]","[142.33, 15]","[147.0, 22]","[225.82, 44]",145.18,159,3.64,0.17
07:39:28,"[144.58, 264]","[143.0, 50]","[147.0, 20]","[272.96, 49]",145.79,383,2.42,0.64
07:39:29,"[145.0, 216]","[143.0, 45]","[147.0, 18]","[319.29, 42]",146.0,321,2.0,0.63
07:39:30,"[145.0, 384]","[143.0, 80]","[146.63, 41]","[338.84, 68]",145.82,573,1.63,0.62
07:39:31,"[145.0, 162]","[143.0, 40]","[146.35, 34]","[258.48, 21]",145.68,257,1.35,0.57
07:39:32,"[145.0, 144]","[142.98, 50]","[149.0, 22]","[284.0, 44]",147.0,260,4.0,0.49
07:39:33,"[145.0, 96]","[143.0, 52]","[149.0, 54]","[293.54, 52]",147.0,254,4.0,0.17
07:39:34,"[145.87, 104]","[144.79, 78]","[149.0, 68]","[295.04, 53]",147.43,303,3.13,0.2
07:39:35,"[146.0, 81]","[145.0, 63]","[206.18, 34]","[268.38, 39]",176.09,217,60.18,0.33
07:39:36,"[146.0, 72]","[145.0, 56]","[149.0, 24]","[320.94, 34]",147.5,186,3.0,0.38
07:39:37,"[146.0, 108]","[145.0, 84]","[149.0, 36]","[405.14, 56]",147.5,284,3.0,0.35
07:39:38,"[146.0, 81]","[145.0, 78]","[148.22, 27]","[251.9, 31]",147.11,217,2.22,0.47
07:39:39,"[146.0, 117]","[145.0, 97]","[148.0, 39]","[149.0, 39]",147.0,292,2.0,0.47
07:39:40,"[146.0, 99]","[145.0, 77]","[148.0, 33]","[149.0, 33]",147.0,242,2.0,0.45
07:39:41,"[146.0, 99]","[145.0, 77]","[148.0, 33]","[149.0, 33]",147.0,242,2.0,0.45
07:39:42,"[146.0, 67]","[144.15, 71]","[148.33, 36]","[173.86, 44]",147.17,218,2.33,0.27
07:39:43,"[145.05, 19]","[144.93, 40]","[148.69, 48]","[178.31, 64]",146.87,171,3.63,-0.31
07:39:44,"[140.58, 43]","[137.1, 21]","[148.0, 45]","[150.0, 27]",144.29,136,7.42,-0.06
07:39:45,"[137.51, 47]","[136.18, 82]","[148.0, 80]","[150.0, 48]",142.76,257,10.49,0.0
07:39:46,"[137.65, 20]","[136.9, 67]","[142.03, 33]","[146.61, 59]",139.84,179,4.38,-0.03
07:39:47,"[138.0, 10]","[137.0, 54]","[141.0, 20]","[142.0, 20]",139.5,104,3.0,0.23
07:39:48,"[138.0, 13]","[137.0, 78]","[140.0, 26]","[142.0, 36]",139.0,153,2.0,0.19
07:39:49,"[137.82, 11]","[136.89, 61]","[140.0, 20]","[142.0, 20]",138.91,112,2.18,0.29
07:39:50,"[137.0, 28]","[136.0, 118]","[139.71, 49]","[140.68, 41]",138.36,236,2.71,0.24
07:39:51,"[137.0, 14]","[136.0, 63]","[138.86, 14]","[140.0, 7]",137.93,98,1.86,0.57
07:39:52,"[136.03, 121]","[134.82, 44]","[138.46, 24]","[141.58, 65]",137.25,254,2.43,0.3
07:39:53,"[136.0, 62]","[134.0, 16]","[140.86, 29]","[142.33, 24]",138.43,131,4.86,0.19
07:39:54,"[136.0, 61]","[117.86, 14]","[140.08, 39]","[143.92, 50]",138.04,164,4.08,-0.09
07:39:55,"[136.0, 20]","[135.0, 50]","[138.6, 30]","[143.94, 65]",137.3,165,2.6,-0.15
07:39:56,"[136.0, 18]","[135.0, 45]","[137.67, 27]","[141.89, 18]",136.83,108,1.67,0.17
07:39:57,"[136.0, 28]","[135.0, 70]","[137.0, 42]","[141.0, 28]",136.5,168,1.0,0.17
07:39:58,"[136.0, 18]","[135.0, 45]","[138.76, 17]","[143.14, 28]",137.38,108,2.76,0.17
07:39:59,"[142.33, 54]","[139.6, 30]","[143.93, 30]","[144.47, 15]",143.13,129,1.6,0.3
07:40:00,"[143.0, 44]","[142.0, 48]","[144.2, 20]","[330.67, 12]",143.6,124,1.2,0.48
07:40:01,"[143.0, 21]","[142.0, 42]","[145.0, 7]","[346.14, 14]",144.0,84,2.0,0.5
07:40:02,"[143.96, 68]","[141.85, 47]","[218.1, 29]","[451.65, 34]",181.03,178,74.15,0.29
07:40:03,"[144.0, 45]","[143.0, 18]","[613.8, 30]","[674.0, 22]",378.9,115,469.8,0.1
07:40:04,"[144.74, 39]","[143.0, 24]","[558.89, 18]","[695.92, 26]",351.82,107,414.15,0.18
07:40:05,"[145.0, 36]","[143.0, 27]","[307.42, 19]","[489.27, 15]",226.21,97,162.42,0.3
07:40:06,"[145.0, 20]","[143.0, 15]","[328.2, 5]","[491.11, 18]",236.6,58,183.2,0.21
07:40:07,"[145.0, 40]","[143.0, 30]","[373.67, 12]","[619.08, 26]",259.33,108,228.67,0.3
07:40:08,"[145.0, 49]","[143.0, 39]","[368.0, 13]","[569.0, 26]",256.5,127,223.0,0.39
07:40:09,"[145.0, 9]","[143.0, 27]","[401.0, 10]","[516.68, 19]",273.0,65,256.0,0.11
07:40:10,"[142.42, 50]","[139.49, 135]","[259.5, 34]","[388.18, 11]",200.96,230,117.08,0.61
07:40:11,"[142.0, 110]","[137.0, 230]","[149.14, 28]","[258.62, 16]",145.57,384,7.14,0.77
07:40:12,"[142.0, 77]","[137.0, 161]","[144.0, 7]","[145.0, 28]",143.0,273,2.0,0.74
07:40:13,"[142.0, 132]","[137.0, 276]","[143.0, 12]","[145.0, 48]",142.5,468,1.0,0.74
07:40:14,"[142.0, 118]","[137.0, 345]","[144.41, 54]","[178.58, 38]",143.2,555,2.41,0.67
07:40:15,"[142.0, 45]","[137.0, 207]","[146.0, 36]","[213.0, 18]",144.0,306,4.0,0.65
07:40:16,"[143.0, 120]","[142.0, 50]","[146.0, 40]","[213.0, 20]",144.5,230,3.0,0.48
07:40:17,"[143.32, 87]","[142.0, 55]","[146.0, 44]","[213.0, 22]",144.66,208,2.68,0.37
07:40:18,"[144.0, 47]","[142.0, 40]","[146.0, 32]","[270.5, 16]",145.0,135,2.0,0.29
07:40:19,"[144.0, 34]","[142.0, 55]","[145.8, 35]","[279.12, 32]",144.9,156,1.8,0.14
07:40:20,"[144.69, 13]","[142.26, 47]","[149.38, 32]","[163.22, 36]",147.03,128,4.68,-0.06
07:40:21,"[143.63, 19]","[142.49, 49]","[150.0, 36]","[167.0, 36]",146.82,140,6.37,-0.03
07:40:22,"[142.11, 56]","[141.17, 60]","[147.94, 51]","[162.58, 48]",145.02,215,5.83,0.08
07:40:23,"[142.0, 75]","[141.0, 75]","[143.0, 27]","[149.0, 60]",142.5,237,1.0,0.27
07:40:24,"[142.0, 55]","[141.0, 55]","[143.0, 11]","[149.0, 44]",142.5,165,1.0,0.33
07:40:25,"[142.25, 60]","[141.36, 70]","[218.0, 46]","[292.95, 56]",180.12,232,75.75,0.12
07:40:26,"[143.22, 27]","[142.26, 47]","[162.7, 23]","[355.24, 42]",152.96,139,19.47,0.06
07:40:27,"[145.0, 16]","[143.0, 48]","[149.0, 16]","[400.0, 32]",147.0,112,4.0,0.14
07:40:28,"[143.08, 74]","[142.09, 66]","[148.6, 30]","[310.05, 41]",145.84,211,5.52,0.33
07:40:29,"[143.0, 51]","[142.0, 45]","[145.89, 27]","[149.0, 18]",144.44,141,2.89,0.36
07:40:30,"[143.0, 27]","[142.0, 45]","[145.0, 27]","[149.0, 18]",144.0,117,2.0,0.23
07:40:31,"[142.78, 37]","[141.36, 64]","[144.71, 35]","[159.8, 25]",143.75,161,1.93,0.25
07:40:32,"[141.3, 50]","[139.06, 102]","[149.8, 20]","[221.08, 36]",145.55,208,8.5,0.46
07:40:33,"[142.0, 165]","[141.0, 33]","[149.53, 38]","[172.77, 31]",145.76,267,7.53,0.48
07:40:34,"[142.0, 185]","[141.0, 39]","[148.79, 58]","[169.94, 35]",145.4,317,6.79,0.41
07:40:35,"[142.0, 143]","[141.0, 33]","[147.55, 44]","[149.0, 22]",144.77,242,5.55,0.45
07:40:36,"[142.0, 78]","[141.0, 18]","[146.96, 25]","[162.09, 22]",144.48,143,4.96,0.34
07:40:37,"[142.0, 91]","[141.0, 21]","[144.9, 29]","[146.42, 12]",143.45,153,2.9,0.46
07:40:38,"[142.0, 104]","[141.0, 24]","[143.88, 26]","[144.4, 20]",142.94,174,1.88,0.47
07:40:39,"[142.0, 118]","[141.0, 39]","[143.54, 13]","[145.5, 28]",142.77,198,1.54,0.59
07:40:40,"[142.0, 73]","[141.0, 36]","[143.17, 12]","[145.43, 14]",142.58,135,1.17,0.61
07:40:41,"[141.4, 30]","[139.45, 62]","[144.0, 12]","[149.0, 24]",142.7,128,2.6,0.44
07:40:42,"[139.0, 24]","[138.0, 128]","[142.0, 11]","[143.48, 27]",140.5,190,3.0,0.6
07:40:43,"[139.0, 9]","[138.0, 48]","[141.0, 3]","[142.67, 12]",140.0,72,2.0,0.58
07:40:44,"[138.06, 51]","[137.4, 40]","[141.0, 4]","[142.0, 16]",139.53,111,2.94,0.64
07:40:45,"[138.0, 153]","[137.0, 104]","[141.0, 13]","[142.0, 52]",139.5,322,3.0,0.6
07:40:46,"[138.0, 120]","[137.0, 128]","[141.0, 16]","[142.0, 64]",139.5,328,3.0,0.51
07:40:47,"[138.0, 56]","[137.0, 64]","[141.0, 8]","[144.55, 11]",139.5,139,3.0,0.73
07:40:48,"[138.54, 89]","[137.15, 95]","[143.31, 13]","[146.92, 13]",140.92,210,4.77,0.75
07:40:49,"[142.0, 45]","[137.29, 119]","[146.0, 11]","[148.0, 11]",144.0,186,4.0,0.76
07:40:50,"[142.0, 7]","[137.0, 70]","[146.0, 5]","[148.0, 5]",144.0,87,4.0,0.77
07:40:51,"[142.2, 15]","[137.25, 116]","[145.35, 23]","[147.13, 15]",143.77,169,3.15,0.55
07:40:52,"[142.0, 6]","[141.0, 6]","[143.17, 6]","[145.0, 14]",142.58,32,1.17,-0.25
07:40:53,"[142.0, 4]","[141.0, 4]","[144.14, 7]","[145.38, 8]",143.07,23,2.14,-0.3
07:40:54,"[141.56, 9]","[137.27, 73]","[143.77, 26]","[145.0, 24]",142.66,132,2.21,0.24
07:40:55,"[142.88, 17]","[138.28, 25]","[144.0, 36]","[147.0, 9]",143.44,87,1.12,-0.03
07:40:56,"[143.0, 16]","[141.0, 8]","[144.0, 32]","[147.0, 8]",143.5,64,1.0,-0.25
07:40:57,"[142.43, 7]","[137.51, 39]","[144.0, 28]","[147.0, 7]",143.21,81,1.57,0.14
07:40:58,"[141.67, 18]","[137.11, 105]","[144.0, 36]","[147.0, 9]",142.83,168,2.33,0.46
07:40:59,"[142.26, 38]","[141.53, 15]","[144.0, 36]","[147.0, 9]",143.13,98,1.74,0.08
07:41:00,"[142.43, 63]","[141.77, 31]","[145.36, 22]","[330.68, 40]",143.9,156,2.94,0.21
07:41:01,"[143.25, 16]","[142.62, 32]","[147.0, 7]","[567.67, 27]",145.12,82,3.75,0.17
07:41:02,"[144.98, 42]","[143.04, 25]","[146.53, 17]","[283.74, 38]",145.75,122,1.55,0.1
07:41:03,"[143.11, 19]","[142.02, 92]","[147.87, 15]","[503.79, 28]",145.49,154,4.76,0.44
07:41:04,"[143.0, 14]","[142.0, 70]","[147.29, 14]","[149.14, 7]",145.14,105,4.29,0.6
07:41:05,"[143.0, 16]","[142.0, 80]","[146.38, 16]","[150.0, 8]",144.69,120,3.38,0.6
07:41:06,"[143.0, 26]","[142.0, 122]","[145.09, 22]","[148.36, 11]",144.05,181,2.09,0.64
07:41:07,"[142.3, 60]","[141.9, 60]","[145.0, 22]","[148.0, 11]",143.65,153,2.7,0.57
07:41:08,"[142.17, 36]","[141.71, 17]","[145.0, 14]","[148.0, 7]",143.58,74,2.83,0.43
07:41:09,"[142.59, 32]","[141.89, 38]","[146.62, 13]","[190.0, 17]",144.6,100,4.02,0.4
07:41:10,"[142.03, 67]","[140.26, 58]","[147.75, 16]","[189.64, 28]",144.89,169,5.72,0.48
07:41:11,"[143.92, 26]","[142.0, 65]","[147.0, 26]","[148.0, 13]",145.46,130,3.08,0.4
07:41:12,"[145.0, 28]","[142.0, 70]","[146.5, 28]","[148.0, 14]",145.75,140,1.5,0.4
07:41:13,"[143.79, 28]","[141.76, 66]","[146.4, 20]","[402.62, 26]",145.09,140,2.61,0.34
07:41:14,"[143.0, 9]","[142.0, 45]","[148.0, 9]","[305.33, 18]",145.5,81,5.0,0.33
07:41:15,"[143.0, 6]","[142.0, 30]","[148.0, 6]","[281.8, 20]",145.5,62,5.0,0.16
07:41:16,"[143.0, 6]","[142.0, 30]","[148.0, 6]","[192.82, 22]",145.5,64,5.0,0.12
07:41:17,"[143.0, 2]","[142.0, 10]","[148.0, 2]","[166.0, 10]",145.5,24,5.0,0.0
07:41:18,"[143.0, 7]","[142.0, 35]","[147.57, 7]","[165.4, 20]",145.29,69,4.57,0.22
07:41:19,"[143.0, 12]","[142.0, 60]","[147.0, 12]","[148.0, 12]",145.0,96,4.0,0.5
07:41:20,"[143.0, 10]","[142.0, 50]","[146.9, 10]","[148.0, 10]",144.95,80,3.9,0.5
07:41:21,"[142.25, 24]","[141.38, 78]","[146.0, 12]","[147.0, 12]",144.12,126,3.75,0.62
07:41:22,"[142.0, 36]","[141.0, 96]","[145.0, 60]","[146.0, 12]",143.5,204,3.0,0.29
07:41:23,"[141.17, 87]","[140.45, 49]","[143.92, 38]","[144.29, 49]",142.55,223,2.75,0.22
07:41:24,"[141.14, 56]","[139.8, 20]","[144.0, 50]","[147.08, 13]",142.57,139,2.86,0.09
07:41:25,"[142.72, 43]","[140.27, 55]","[144.53, 68]","[177.11, 63]",143.63,229,1.81,-0.14
07:41:26,"[141.0, 42]","[137.0, 91]","[144.4, 15]","[167.3, 46]",142.7,194,3.4,0.37
07:41:27,"[141.0, 16]","[137.0, 72]","[142.0, 6]","[146.0, 35]",141.5,129,1.0,0.36
07:41:28,"[137.04, 103]","[136.44, 25]","[139.82, 11]","[145.57, 28]",138.43,167,2.78,0.53
07:41:29,"[137.0, 220]","[136.0, 34]","[145.47, 40]","[146.67, 30]",141.24,324,8.47,0.57
07:41:30,"[137.55, 31]","[136.97, 64]","[145.0, 6]","[146.0, 6]",141.27,107,7.45,0.78
07:41:31,"[140.18, 88]","[137.31, 95]","[143.6, 30]","[145.43, 14]",141.89,227,3.42,0.61
07:41:32,"[141.0, 72]","[138.0, 9]","[142.33, 45]","[144.0, 9]",141.67,135,1.33,0.2
07:41:33,"[141.0, 96]","[138.0, 12]","[142.0, 60]","[144.0, 12]",141.5,180,1.0,0.2
07:41:34,"[141.0, 38]","[138.0, 11]","[143.33, 15]","[146.08, 13]",142.17,77,2.33,0.27
07:41:35,"[141.0, 18]","[138.0, 6]","[143.83, 6]","[147.0, 18]",142.42,48,2.83,0.0
07:41:36,"[141.12, 34]","[139.12, 16]","[143.27, 22]","[144.5, 44]",142.2,116,2.16,-0.14
07:41:37,"[141.06, 18]","[138.6, 10]","[144.0, 45]","[145.0, 27]",142.53,100,2.94,-0.44
07:41:38,"[141.0, 7]","[138.0, 7]","[144.0, 35]","[145.0, 21]",142.5,70,3.0,-0.6
07:41:39,"[141.0, 9]","[138.6, 15]","[144.0, 45]","[145.0, 27]",142.5,96,3.0,-0.5
07:41:40,"[141.0, 7]","[138.12, 32]","[144.0, 35]","[145.0, 21]",142.5,95,3.0,-0.18
07:41:41,"[141.0, 13]","[137.0, 151]","[144.0, 65]","[145.0, 39]",142.5,268,3.0,0.22
07:41:42,"[137.18, 55]","[136.79, 78]","[144.0, 45]","[145.0, 27]",140.59,205,6.82,0.3
07:41:43,"[141.37, 27]","[137.49, 47]","[144.0, 50]","[145.0, 30]",142.69,154,2.63,-0.04
07:41:44,"[142.54, 26]","[139.6, 10]","[144.0, 40]","[145.0, 24]",143.27,100,1.46,-0.28
07:41:45,"[142.0, 26]","[138.0, 13]","[143.92, 65]","[144.88, 41]",142.96,145,1.92,-0.46
07:41:46,"[139.88, 17]","[137.04, 94]","[142.43, 44]","[189.3, 60]",141.16,215,2.55,0.03
07:41:47,"[137.06, 53]","[136.5, 60]","[139.0, 19]","[140.0, 16]",138.03,148,1.94,0.53
07:41:48,"[137.0, 120]","[135.67, 54]","[138.58, 24]","[140.0, 24]",137.79,222,1.58,0.57
07:41:49,"[137.0, 146]","[135.0, 48]","[138.56, 32]","[141.58, 38]",137.78,264,1.56,0.47
07:41:50,"[137.0, 56]","[135.0, 21]","[141.0, 14]","[143.0, 28]",139.0,119,4.0,0.29
07:41:51,"[137.0, 56]","[135.0, 36]","[141.0, 40]","[144.09, 44]",139.0,176,4.0,0.05
07:41:52,"[137.0, 32]","[135.0, 24]","[141.0, 48]","[147.0, 24]",139.0,128,4.0,-0.12
07:41:53,"[137.0, 32]","[135.0, 24]","[141.0, 48]","[147.0, 24]",139.0,128,4.0,-0.12
07:41:54,"[138.12, 88]","[136.83, 70]","[141.0, 60]","[147.0, 30]",139.56,248,2.88,0.27
07:41:55,"[139.0, 63]","[137.0, 55]","[144.46, 26]","[151.55, 11]",141.73,155,5.46,0.52
07:41:56,"[139.64, 116]","[136.99, 138]","[146.4, 50]","[216.98, 49]",143.02,353,6.76,0.44
07:41:57,"[143.0, 50]","[137.0, 148]","[229.4, 30]","[251.09, 47]",186.2,275,86.4,0.44
07:41:58,"[144.0, 60]","[143.0, 24]","[149.0, 48]","[299.0, 48]",146.5,180,5.0,-0.07
07:41:59,"[144.44, 62]","[143.2, 25]","[149.0, 44]","[409.67, 39]",146.72,170,4.56,0.02
07:42:00,"[145.2, 90]","[144.07, 56]","[149.0, 60]","[494.55, 47]",147.1,253,3.8,0.15
07:42:01,"[146.0, 30]","[145.0, 50]","[149.0, 40]","[473.06, 36]",147.5,156,3.0,0.03
07:42:02,"[146.0, 24]","[145.0, 40]","[148.31, 26]","[207.6, 30]",147.15,120,2.31,0.07
07:42:03,"[146.0, 27]","[145.0, 45]","[147.44, 27]","[149.22, 36]",146.72,135,1.44,0.07
07:42:04,"[145.0, 70]","[143.0, 56]","[151.0, 56]","[292.7, 46]",148.0,228,6.0,0.11
07:42:05,"[144.84, 49]","[142.97, 37]","[151.0, 40]","[222.0, 20]",147.92,146,6.16,0.18
07:42:06,"[143.53, 17]","[142.95, 38]","[150.89, 45]","[313.81, 42]",147.21,142,7.36,-0.23
07:42:07,"[143.6, 10]","[142.5, 32]","[150.0, 50]","[344.0, 41]",146.8,133,6.4,-0.37
07:42:08,"[142.0, 11]","[141.0, 22]","[150.0, 55]","[438.63, 38]",146.0,126,8.0,-0.48
07:42:09,"[143.83, 23]","[141.22, 23]","[150.0, 70]","[199.2, 35]",146.91,151,6.17,-0.39
07:42:10,"[142.0, 14]","[141.0, 28]","[149.86, 70]","[152.0, 14]",145.93,126,7.86,-0.33
07:42:11,"[142.0, 11]","[141.0, 22]","[148.09, 55]","[152.0, 11]",145.05,99,6.09,-0.33
07:42:12,"[141.89, 73]","[140.43, 42]","[146.46, 65]","[151.92, 13]",144.18,193,4.57,0.19
07:42:13,"[142.0, 82]","[141.0, 28]","[144.89, 66]","[147.55, 22]",143.45,198,2.89,0.11
07:42:14,"[138.51, 65]","[137.43, 130]","[143.0, 23]","[144.0, 50]",140.75,268,4.49,0.46
07:42:15,"[139.33, 30]","[137.56, 72]","[144.0, 30]","[148.0, 6]",141.67,138,4.67,0.48
07:42:16,"[139.62, 40]","[137.54, 117]","[144.0, 22]","[148.0, 10]",141.81,189,4.38,0.66
07:42:17,"[138.0, 63]","[137.0, 126]","[141.38, 16]","[143.7, 10]",139.69,215,3.38,0.76
07:42:18,"[138.0, 63]","[137.0, 126]","[140.67, 9]","[141.92, 25]",139.33,223,2.67,0.7
07:42:19,"[138.3, 80]","[137.16, 180]","[140.75, 60]","[142.0, 36]",139.53,356,2.45,0.46
07:42:20,"[137.15, 130]","[136.83, 89]","[138.89, 45]","[144.18, 33]",138.02,297,1.74,0.47
07:42:21,"[137.0, 78]","[136.0, 12]","[141.11, 18]","[172.15, 13]",139.06,121,4.11,0.49
07:42:22,"[137.0, 136]","[135.0, 16]","[143.88, 26]","[298.54, 13]",140.44,191,6.88,0.59
07:42:23,"[137.0, 97]","[136.0, 30]","[142.0, 30]","[143.0, 21]",139.5,178,5.0,0.43
07:42:24,"[137.0, 120]","[136.0, 50]","[142.0, 50]","[143.0, 40]",139.5,260,5.0,0.31
07:42:25,"[137.0, 118]","[136.0, 45]","[140.51, 37]","[141.49, 43]",138.76,243,3.51,0.34
07:42:26,"[137.0, 140]","[136.0, 55]","[139.82, 33]","[141.0, 105]",138.41,333,2.82,0.17
07:42:27,"[137.0, 131]","[136.0, 55]","[140.53, 49]","[141.96, 67]",138.77,302,3.53,0.23
07:42:28,"[137.0, 50]","[136.0, 25]","[142.0, 30]","[143.8, 15]",139.5,120,5.0,0.25
07:42:29,"[137.0, 70]","[136.0, 35]","[142.0, 49]","[144.0, 21]",139.5,175,5.0,0.2
07:42:30,"[137.19, 63]","[136.29, 35]","[142.0, 36]","[144.0, 18]",139.6,152,4.81,0.29
07:42:31,"[141.0, 18]","[137.0, 60]","[142.0, 36]","[144.0, 18]",141.5,132,1.0,0.18
07:42:32,"[141.0, 18]","[137.0, 60]","[142.0, 36]","[144.0, 18]",141.5,132,1.0,0.18
07:42:33,"[141.0, 21]","[135.0, 35]","[142.0, 42]","[144.0, 21]",141.5,119,1.0,-0.06
07:42:34,"[136.1, 49]","[134.48, 31]","[141.94, 51]","[143.14, 42]",139.02,173,5.84,-0.08
07:42:35,"[135.59, 17]","[134.12, 24]","[140.85, 13]","[142.0, 53]",138.22,107,5.26,-0.23
07:42:36,"[134.0, 17]","[119.42, 33]","[138.48, 21]","[139.73, 45]",136.24,116,4.48,-0.14
07:42:37,"[133.42, 19]","[127.0, 39]","[135.96, 51]","[137.02, 56]",134.69,165,2.54,-0.3
07:42:38,"[134.05, 21]","[132.71, 21]","[136.83, 36]","[138.69, 59]",135.44,137,2.79,-0.39
07:42:39,"[133.67, 24]","[127.4, 25]","[137.0, 33]","[139.0, 70]",135.33,152,3.33,-0.36
07:42:40,"[134.0, 24]","[131.5, 12]","[137.0, 18]","[138.82, 22]",135.5,76,3.0,-0.05
07:42:41,"[134.0, 38]","[131.0, 22]","[137.74, 19]","[169.92, 25]",135.87,104,3.74,0.15
07:42:42,"[135.25, 24]","[90.0, 40]","[139.0, 8]","[176.0, 24]",137.12,96,3.75,0.33
07:42:43,"[99.14, 51]","[91.09, 55]","[138.69, 13]","[273.74, 23]",118.91,142,39.56,0.49
07:42:44,"[79.18, 33]","[69.7, 27]","[138.0, 14]","[139.0, 7]",108.59,81,58.82,0.48
07:42:45,"[118.71, 34]","[111.33, 46]","[136.57, 21]","[305.6, 15]",127.64,116,17.87,0.38
07:42:46,"[119.7, 30]","[113.0, 50]","[187.0, 23]","[482.83, 23]",153.35,126,67.3,0.27
07:42:47,"[123.88, 33]","[105.85, 47]","[182.0, 10]","[283.36, 22]",152.94,112,58.12,0.43
07:42:48,"[133.55, 31]","[129.59, 22]","[182.0, 11]","[365.9, 31]",157.77,95,48.45,0.12
07:42:49,"[135.0, 21]","[133.0, 7]","[289.87, 15]","[402.57, 21]",212.43,64,154.87,-0.12
07:42:50,"[135.35, 23]","[134.66, 29]","[235.27, 15]","[257.83, 24]",185.31,91,99.92,0.14
07:42:51,"[142.76, 76]","[139.98, 45]","[234.38, 13]","[269.4, 30]",188.57,164,91.62,0.48
07:42:52,"[143.0, 40]","[142.0, 28]","[234.0, 7]","[304.86, 21]",188.5,96,91.0,0.42
07:42:53,"[143.0, 75]","[142.0, 60]","[166.35, 26]","[183.29, 28]",154.67,189,23.35,0.43
07:42:54,"[143.0, 49]","[142.0, 44]","[179.86, 21]","[206.37, 27]",161.43,141,36.86,0.32
07:42:55,"[143.39, 31]","[142.2, 30]","[416.2, 20]","[566.56, 27]",279.79,108,272.81,0.13
07:42:56,"[145.0, 24]","[143.0, 41]","[277.57, 28]","[497.86, 21]",211.29,114,132.57,0.14
07:42:57,"[145.11, 19]","[143.0, 77]","[444.91, 35]","[605.98, 41]",295.01,172,299.81,0.12
07:42:58,"[146.0, 8]","[143.0, 56]","[392.16, 31]","[542.8, 25]",269.08,120,246.16,0.07
07:42:59,"[146.0, 5]","[143.0, 35]","[322.8, 20]","[552.84, 19]",234.4,79,176.8,0.01
07:43:00,"[146.0, 12]","[143.0, 84]","[359.78, 46]","[500.25, 48]",252.89,190,213.78,0.01
07:43:01,"[143.27, 22]","[138.73, 181]","[242.69, 26]","[264.32, 37]",192.98,266,99.42,0.53
07:43:02,"[137.29, 373]","[136.94, 471]","[233.37, 75]","[240.55, 49]",185.33,968,96.08,0.74
07:43:03,"[137.0, 457]","[134.0, 12]","[160.59, 17]","[186.84, 25]",148.79,511,23.59,0.84
07:43:04,"[137.0, 292]","[134.0, 8]","[156.38, 16]","[159.0, 8]",146.69,324,19.38,0.85
07:43:05,"[137.09, 407]","[136.2, 45]","[148.86, 42]","[154.09, 33]",142.97,527,11.77,0.72
07:43:06,"[143.0, 54]","[138.47, 258]","[144.15, 52]","[146.23, 52]",143.58,416,1.15,0.5
07:43:07,"[143.0, 21]","[140.07, 116]","[144.0, 36]","[168.11, 36]",143.5,209,1.0,0.31
07:43:08,"[140.17, 89]","[137.78, 156]","[240.0, 44]","[358.82, 44]",190.08,333,99.83,0.47
07:43:09,"[140.0, 140]","[137.0, 84]","[240.74, 31]","[252.62, 39]",190.37,294,100.74,0.52
07:43:10,"[140.49, 122]","[138.41, 119]","[231.34, 35]","[236.69, 39]",185.92,315,90.85,0.53
07:43:11,"[146.0, 26]","[139.69, 67]","[231.85, 39]","[233.0, 39]",188.92,171,85.85,0.09
07:43:12,"[140.37, 65]","[138.01, 69]","[190.98, 50]","[206.2, 49]",165.67,233,50.61,0.15
07:43:13,"[140.0, 39]","[139.0, 12]","[174.08, 36]","[175.17, 36]",157.04,123,34.08,-0.17
07:43:14,"[140.0, 10]","[139.0, 10]","[170.4, 30]","[171.8, 30]",155.2,80,30.4,-0.5
07:43:15,"[140.0, 25]","[139.0, 19]","[164.95, 58]","[166.12, 59]",152.47,161,24.95,-0.45
07:43:16,"[140.0, 14]","[139.0, 14]","[160.67, 36]","[163.36, 42]",150.33,106,20.67,-0.47
07:43:17,"[140.0, 9]","[139.0, 9]","[149.08, 24]","[151.3, 20]",144.54,62,9.08,-0.42
07:43:18,"[139.93, 14]","[137.79, 33]","[143.59, 51]","[144.62, 29]",141.76,127,3.66,-0.26
07:43:19,"[137.19, 166]","[136.02, 55]","[144.18, 17]","[382.88, 51]",140.68,289,6.98,0.53
07:43:20,"[142.0, 78]","[137.0, 221]","[145.21, 14]","[289.9, 31]",143.61,344,3.21,0.74
07:43:21,"[142.0, 36]","[137.42, 38]","[143.67, 6]","[146.0, 12]",142.83,92,1.67,0.61
07:43:22,"[141.12, 34]","[137.26, 91]","[407.36, 39]","[522.66, 47]",274.24,211,266.24,0.18
07:43:23,"[142.22, 36]","[137.57, 87]","[341.08, 65]","[515.98, 53]",241.65,241,198.85,0.02
07:43:24,"[143.0, 30]","[139.0, 20]","[186.0, 50]","[299.42, 36]",164.5,136,43.0,-0.26
07:43:25,"[143.0, 33]","[139.0, 22]","[186.0, 55]","[332.86, 35]",164.5,145,43.0,-0.24
07:43:26,"[143.0, 42]","[139.0, 20]","[186.0, 50]","[260.64, 14]",164.5,126,43.0,-0.02
07:43:27,"[137.28, 64]","[135.88, 16]","[185.0, 8]","[207.17, 36]",161.14,124,47.72,0.29
07:43:28,"[137.0, 84]","[134.0, 24]","[184.75, 12]","[389.14, 36]",160.88,156,47.75,0.38
07:43:29,"[138.12, 57]","[114.29, 70]","[183.09, 33]","[317.57, 21]",160.61,181,44.97,0.4
07:43:30,"[139.0, 88]","[137.0, 55]","[181.13, 47]","[182.16, 19]",160.06,209,42.13,0.37
07:43:31,"[139.27, 37]","[138.56, 64]","[176.76, 21]","[177.97, 33]",158.02,155,37.49,0.3
07:43:32,"[143.1, 21]","[140.51, 74]","[175.89, 45]","[176.24, 33]",159.49,173,32.79,0.1
07:43:33,"[143.89, 18]","[142.88, 17]","[173.31, 13]","[174.85, 41]",158.6,89,29.42,-0.21
07:43:34,"[143.0, 22]","[141.0, 11]","[171.0, 55]","[172.0, 11]",157.0,99,28.0,-0.33
07:43:35,"[143.0, 22]","[141.0, 11]","[170.7, 43]","[171.26, 23]",156.85,99,27.7,-0.33
07:43:36,"[143.0, 22]","[141.0, 11]","[167.47, 15]","[168.74, 23]",155.23,71,24.47,-0.07
07:43:37,"[141.21, 47]","[139.08, 25]","[161.74, 38]","[162.73, 30]",151.47,140,20.52,0.03
07:43:38,"[142.15, 116]","[139.3, 92]","[159.05, 38]","[159.63, 65]",150.6,311,16.91,0.34
07:43:39,"[140.0, 91]","[138.0, 26]","[156.94, 32]","[158.55, 38]",148.47,187,16.94,0.25
07:43:40,"[140.0, 74]","[138.0, 28]","[153.74, 53]","[154.16, 25]",146.87,180,13.74,0.13
07:43:41,"[140.0, 65]","[138.7, 40]","[148.22, 50]","[148.71, 34]",144.11,189,8.22,0.11
07:43:42,"[140.0, 66]","[139.0, 60]","[142.5, 40]","[145.33, 27]",141.25,193,2.5,0.31
07:43:43,"[139.8, 79]","[138.87, 60]","[141.2, 41]","[142.56, 62]",140.5,242,1.4,0.15
07:43:44,"[139.19, 54]","[138.27, 30]","[141.12, 42]","[214.77, 52]",140.15,178,1.93,-0.06
07:43:45,"[139.0, 19]","[138.0, 20]","[140.0, 30]","[228.0, 40]",139.5,109,1.0,-0.28
07:43:46,"[138.06, 17]","[137.02, 82]","[140.0, 27]","[206.73, 30]",139.03,156,1.94,0.27
07:43:47,"[138.0, 8]","[137.0, 40]","[139.5, 12]","[185.0, 16]",138.75,76,1.5,0.26
07:43:48,"[138.0, 16]","[137.0, 90]","[139.0, 27]","[185.0, 36]",138.5,169,1.0,0.25
07:43:49,"[138.0, 4]","[137.0, 40]","[139.0, 12]","[185.0, 16]",138.5,72,1.0,0.22
07:43:50,"[141.91, 44]","[137.44, 18]","[183.64, 33]","[229.33, 18]",162.77,113,41.73,0.1
07:43:51,"[142.0, 9]","[138.0, 9]","[182.58, 31]","[219.88, 32]",162.29,81,40.58,-0.56
07:43:52,"[140.87, 75]","[136.92, 12]","[218.94, 36]","[263.13, 30]",179.91,153,78.08,0.14
07:43:53,"[141.0, 104]","[137.0, 12]","[160.0, 24]","[161.0, 24]",150.5,164,19.0,0.41
07:43:54,"[141.86, 42]","[140.72, 58]","[159.15, 26]","[161.0, 26]",150.51,152,17.3,0.32
07:43:55,"[143.0, 20]","[141.0, 60]","[157.29, 28]","[175.64, 22]",150.14,130,14.29,0.23
07:43:56,"[143.0, 22]","[141.0, 66]","[153.12, 34]","[154.12, 32]",148.06,154,10.12,0.14
07:43:57,"[143.0, 14]","[141.0, 42]","[144.0, 7]","[152.0, 21]",143.5,84,1.0,0.33
07:43:58,"[141.06, 62]","[140.03, 211]","[142.67, 12]","[146.8, 15]",141.87,300,1.6,0.82
07:43:59,"[140.07, 150]","[139.55, 67]","[142.84, 31]","[149.08, 37]",141.45,285,2.77,0.52
07:44:00,"[139.56, 126]","[137.74, 38]","[141.0, 22]","[150.79, 38]",140.28,224,1.44,0.46
07:44:01,"[139.0, 98]","[138.0, 108]","[140.16, 32]","[201.68, 22]",139.58,260,1.16,0.58
07:44:02,"[139.0, 58]","[138.0, 110]","[140.5, 10]","[257.09, 22]",139.75,200,1.5,0.68
07:44:03,"[139.0, 45]","[138.0, 99]","[140.0, 9]","[365.12, 32]",139.5,185,1.0,0.56
07:44:04,"[139.0, 50]","[137.96, 54]","[278.78, 23]","[351.24, 34]",208.89,161,139.78,0.29
07:44:05,"[140.12, 40]","[138.67, 30]","[413.0, 20]","[583.81, 31]",276.56,121,272.88,0.16
07:44:06,"[143.0, 15]","[142.0, 9]","[413.0, 6]","[627.0, 9]",278.0,39,270.0,0.23
07:44:07,"[142.32, 37]","[140.49, 35]","[584.91, 23]","[643.82, 22]",363.62,117,442.59,0.23
07:44:08,"[141.0, 40]","[139.0, 50]","[589.08, 24]","[650.69, 26]",365.04,140,448.08,0.29
07:44:09,"[141.0, 14]","[139.0, 40]","[704.0, 16]","[708.0, 24]",422.5,94,563.0,0.15
07:44:10,"[141.0, 7]","[139.0, 35]","[420.11, 18]","[612.0, 17]",280.56,77,279.11,0.09
07:44:11,"[141.0, 14]","[138.47, 75]","[371.84, 38]","[536.73, 30]",256.42,157,230.84,0.13
07:44:12,"[139.22, 27]","[138.03, 39]","[419.25, 32]","[510.62, 24]",279.24,122,280.03,0.08
07:44:13,"[138.07, 30]","[137.53, 15]","[345.33, 18]","[346.44, 18]",241.7,81,207.27,0.11
07:44:14,"[138.21, 33]","[137.83, 42]","[282.09, 23]","[338.91, 22]",210.15,120,143.87,0.25
07:44:15,"[141.17, 12]","[138.0, 48]","[240.67, 24]","[294.17, 24]",190.92,108,99.5,0.11
07:44:16,"[143.0, 13]","[138.16, 57]","[227.21, 29]","[253.62, 26]",185.1,125,84.21,0.12
07:44:17,"[144.7, 20]","[138.98, 175]","[200.17, 53]","[200.89, 47]",172.43,295,55.47,0.32
07:44:18,"[145.43, 14]","[140.14, 77]","[195.83, 29]","[196.87, 39]",170.63,159,50.4,0.14
07:44:19,"[146.0, 10]","[143.0, 110]","[192.6, 20]","[193.67, 21]",169.3,161,46.6,0.49
07:44:20,"[146.0, 13]","[143.0, 143]","[189.61, 28]","[191.31, 26]",167.8,210,43.61,0.49
07:44:21,"[143.02, 145]","[138.73, 75]","[183.56, 54]","[184.59, 51]",163.29,325,40.53,0.35
07:44:22,"[143.0, 117]","[138.0, 60]","[179.27, 30]","[181.07, 30]",161.13,237,36.27,0.49
07:44:23,"[143.03, 60]","[139.3, 54]","[176.07, 29]","[180.86, 37]",159.55,180,33.04,0.27
07:44:24,"[143.0, 28]","[137.13, 109]","[152.08, 38]","[153.39, 28]",147.54,203,9.08,0.35
07:44:25,"[143.0, 24]","[137.77, 78]","[148.1, 20]","[148.75, 40]",145.55,162,5.1,0.26
07:44:26,"[141.63, 19]","[139.88, 24]","[145.56, 27]","[146.0, 21]",143.59,91,3.92,-0.05
07:44:27,"[139.75, 12]","[137.17, 42]","[143.0, 24]","[144.8, 20]",141.38,98,3.25,0.1
07:44:28,"[140.09, 66]","[137.27, 48]","[142.1, 48]","[143.57, 21]",141.1,183,2.01,0.25
07:44:29,"[138.6, 15]","[137.01, 85]","[141.71, 21]","[237.7, 30]",140.16,151,3.11,0.32
07:44:30,"[137.29, 34]","[136.93, 123]","[140.33, 18]","[187.9, 30]",138.81,205,3.04,0.53
07:44:31,"[137.0, 132]","[136.0, 44]","[154.38, 13]","[212.71, 31]",145.69,220,17.38,0.6
07:44:32,"[137.0, 119]","[136.0, 68]","[205.05, 63]","[216.53, 47]",171.02,297,68.05,0.26
07:44:33,"[139.47, 17]","[131.18, 45]","[203.78, 27]","[205.0, 36]",171.62,125,64.31,-0.01
07:44:34,"[143.0, 12]","[137.0, 321]","[176.35, 37]","[190.95, 37]",159.68,407,33.35,0.64
07:44:35,"[139.05, 41]","[136.98, 398]","[159.93, 60]","[161.67, 54]",149.49,553,20.88,0.59
07:44:36,"[137.0, 162]","[136.0, 60]","[158.83, 24]","[160.67, 24]",147.92,270,21.83,0.64
07:44:37,"[138.55, 104]","[136.82, 165]","[156.75, 32]","[158.5, 32]",147.65,333,18.2,0.62
07:44:38,"[142.21, 14]","[137.31, 160]","[152.7, 40]","[154.0, 40]",147.46,254,10.49,0.37
07:44:39,"[139.0, 45]","[137.0, 243]","[148.44, 32]","[149.68, 31]",143.72,351,9.44,0.64
07:44:40,"[141.63, 41]","[138.18, 72]","[143.86, 37]","[145.73, 33]",142.75,183,2.23,0.23
07:44:41,"[138.84, 38]","[137.05, 199]","[142.62, 32]","[143.97, 31]",140.73,300,3.78,0.58
07:44:42,"[139.12, 32]","[137.06, 187]","[142.0, 24]","[143.0, 32]",140.56,275,2.88,0.59
07:44:43,"[140.25, 16]","[137.64, 75]","[149.02, 49]","[628.57, 21]",144.64,161,8.77,0.13
07:44:44,"[138.0, 60]","[137.0, 429]","[475.27, 49]","[539.91, 23]",306.63,561,337.27,0.74
07:44:45,"[138.22, 55]","[137.01, 394]","[455.72, 47]","[470.71, 48]",296.97,544,317.51,0.65
07:44:46,"[138.0, 44]","[137.0, 330]","[286.81, 32]","[417.3, 30]",212.41,436,148.81,0.72
07:44:47,"[137.21, 152]","[136.97, 244]","[196.52, 54]","[197.38, 50]",166.86,500,59.31,0.58
07:44:48,"[137.01, 302]","[136.5, 40]","[188.06, 50]","[194.78, 46]",162.54,438,51.05,0.56
07:44:49,"[140.08, 156]","[136.98, 242]","[143.35, 43]","[144.2, 44]",141.71,485,3.27,0.64
07:44:50,"[142.0, 134]","[138.0, 12]","[143.29, 51]","[166.59, 51]",142.65,248,1.29,0.18
07:44:51,"[142.0, 72]","[138.0, 10]","[143.3, 50]","[447.67, 24]",142.65,156,1.3,0.05
07:44:52,"[142.45, 33]","[141.09, 35]","[212.58, 43]","[405.07, 40]",177.52,151,70.13,-0.1
07:44:53,"[144.27, 11]","[142.6, 15]","[403.27, 22]","[578.0, 33]",273.77,81,259.0,-0.36
07:44:54,"[142.35, 17]","[140.14, 7]","[305.09, 22]","[474.41, 17]",223.72,63,162.74,-0.24
07:44:55,"[142.0, 39]","[139.0, 13]","[335.54, 35]","[564.65, 46]",238.77,133,193.54,-0.22
07:44:56,"[142.65, 23]","[141.14, 21]","[213.32, 25]","[260.0, 32]",177.99,101,70.67,-0.13
07:44:57,"[137.29, 69]","[136.75, 16]","[208.55, 11]","[209.47, 19]",172.92,115,71.26,0.48
07:44:58,"[137.0, 182]","[136.0, 45]","[202.12, 32]","[207.91, 22]",169.56,281,65.12,0.62
07:44:59,"[137.54, 24]","[136.97, 144]","[198.3, 27]","[201.5, 24]",167.92,219,60.75,0.53
07:45:00,"[138.0, 24]","[136.98, 171]","[180.95, 19]","[175.53, 30]",159.47,244,42.95,0.6
07:45:01,"[137.04, 109]","[136.31, 39]","[167.62, 16]","[180.4, 15]",152.33,179,30.59,0.65
07:45:02,"[140.25, 53]","[136.94, 102]","[165.6, 15]","[166.53, 15]",152.92,185,25.35,0.68
07:45:03,"[143.0, 18]","[137.0, 84]","[161.0, 10]","[164.31, 13]",152.0,125,18.0,0.63
07:45:04,"[143.0, 20]","[137.0, 120]","[160.62, 13]","[163.05, 19]",151.81,172,17.62,0.63
07:45:05,"[143.0, 28]","[137.42, 118]","[159.86, 22]","[162.2, 20]",151.43,188,16.86,0.55
07:45:06,"[143.0, 13]","[142.0, 50]","[159.0, 20]","[161.0, 10]",151.0,93,16.0,0.35
07:45:07,"[143.0, 10]","[142.0, 50]","[156.32, 19]","[158.45, 11]",149.66,90,13.32,0.33
07:45:08,"[142.25, 16]","[138.89, 53]","[154.43, 14]","[158.0, 7]",148.34,90,12.18,0.53
07:45:09,"[142.0, 29]","[141.0, 28]","[153.38, 32]","[244.29, 28]",147.69,117,11.38,-0.03
07:45:10,"[142.0, 6]","[141.0, 12]","[151.29, 14]","[152.09, 22]",146.64,54,9.29,-0.33
07:45:11,"[137.56, 62]","[138.41, 29]","[149.38, 26]","[150.52, 42]",143.47,159,11.82,0.14
07:45:12,"[137.0, 110]","[134.5, 32]","[144.46, 26]","[145.21, 28]",140.73,196,7.46,0.45
07:45:13,"[137.0, 167]","[110.0, 56]","[140.57, 69]","[142.0, 62]",138.78,354,3.57,0.26
07:45:14,"[136.61, 59]","[116.29, 42]","[171.7, 46]","[264.04, 48]",154.15,195,35.09,0.04
07:45:15,"[138.0, 70]","[136.71, 28]","[322.96, 45]","[375.36, 44]",230.48,187,184.96,0.05
07:45:16,"[139.0, 55]","[137.69, 13]","[317.98, 43]","[335.68, 31]",228.49,142,178.98,-0.04
07:45:17,"[139.0, 53]","[138.0, 9]","[194.89, 45]","[196.0, 36]",166.94,143,55.89,-0.13
07:45:18,"[140.25, 32]","[140.15, 26]","[186.0, 38]","[193.41, 29]",163.12,125,45.75,-0.07
07:45:19,"[144.0, 36]","[143.0, 9]","[190.85, 13]","[192.02, 41]",167.42,99,46.85,-0.09
07:45:20,"[144.54, 52]","[143.0, 13]","[189.24, 21]","[191.14, 57]",166.89,143,44.7,-0.09
07:45:21,"[143.8, 60]","[142.29, 14]","[186.97, 58]","[188.58, 26]",165.38,158,43.17,-0.06
07:45:22,"[139.0, 56]","[138.0, 12]","[186.2, 40]","[197.63, 27]",162.6,135,47.2,0.01
07:45:23,"[140.36, 14]","[139.0, 28]","[184.14, 14]","[229.67, 27]",162.25,83,43.79,0.01
07:45:24,"[141.06, 16]","[138.81, 27]","[181.42, 36]","[183.38, 16]",161.24,95,40.35,-0.09
07:45:25,"[137.02, 83]","[106.0, 33]","[180.6, 15]","[181.29, 21]",158.81,152,43.58,0.53
07:45:26,"[137.0, 126]","[121.38, 32]","[163.83, 24]","[174.83, 12]",150.42,194,26.83,0.63
07:45:27,"[137.65, 133]","[121.07, 57]","[164.08, 12]","[173.43, 14]",150.86,216,26.44,0.76
07:45:28,"[145.39, 46]","[138.67, 115]","[159.2, 20]","[174.47, 34]",152.3,215,13.81,0.5
07:45:29,"[144.5, 24]","[137.0, 117]","[154.32, 19]","[156.04, 25]",149.41,185,9.82,0.52
07:45:30,"[144.88, 16]","[138.31, 32]","[151.64, 14]","[152.29, 21]",148.26,83,6.77,0.16
07:45:31,"[145.0, 13]","[137.58, 85]","[148.86, 29]","[150.37, 19]",146.93,146,3.86,0.34
07:45:32,"[137.4, 109]","[124.86, 83]","[144.6, 30]","[147.53, 17]",141.0,239,7.2,0.61
07:45:33,"[137.11, 147]","[101.4, 110]","[142.19, 27]","[241.84, 25]",139.65,309,5.08,0.66
07:45:34,"[137.0, 74]","[86.0, 24]","[141.0, 12]","[142.0, 12]",139.0,122,4.0,0.61
07:45:35,"[137.0, 139]","[79.25, 61]","[139.38, 26]","[174.87, 30]",138.19,256,2.38,0.56
07:45:36,"[137.12, 33]","[81.67, 42]","[139.0, 12]","[321.82, 22]",138.06,109,1.88,0.38
07:45:37,"[141.48, 33]","[137.37, 27]","[393.09, 23]","[614.0, 16]",267.29,99,251.6,0.21
07:45:38,"[143.07, 15]","[140.45, 11]","[271.0, 24]","[670.5, 40]",207.03,90,127.93,-0.42
07:45:39,"[143.0, 18]","[140.0, 9]","[269.78, 27]","[666.0, 45]",206.39,99,126.78,-0.45
07:45:40,"[143.0, 12]","[141.17, 12]","[268.0, 18]","[666.0, 30]",205.5,72,125.0,-0.33
07:45:41,"[143.0, 12]","[140.0, 6]","[266.5, 18]","[515.0, 30]",204.75,66,123.5,-0.45
07:45:42,"[141.23, 13]","[138.92, 12]","[265.4, 30]","[549.2, 50]",203.32,105,124.17,-0.52
07:45:43,"[140.46, 13]","[138.29, 34]","[260.43, 23]","[331.56, 45]",200.45,115,119.97,-0.18
07:45:44,"[142.0, 10]","[139.0, 10]","[242.14, 36]","[342.43, 35]",192.07,91,100.14,-0.56
07:45:45,"[142.0, 12]","[139.0, 12]","[238.9, 51]","[241.31, 45]",190.45,120,96.9,-0.6
07:45:46,"[142.0, 14]","[139.0, 14]","[148.28, 54]","[160.2, 40]",145.14,122,6.28,-0.54
07:45:47,"[142.0, 12]","[139.0, 12]","[146.54, 37]","[147.9, 58]",144.27,119,4.54,-0.6
07:45:48,"[138.8, 15]","[137.29, 21]","[144.11, 36]","[146.0, 27]",141.46,99,5.31,-0.27
07:45:49,"[137.89, 18]","[136.8, 30]","[141.71, 38]","[142.78, 32]",139.8,118,3.82,-0.19
07:45:50,"[136.26, 38]","[126.31, 64]","[140.0, 36]","[141.0, 60]",138.13,198,3.74,0.03
07:45:51,"[137.62, 64]","[132.88, 64]","[139.74, 66]","[142.52, 71]",138.68,265,2.12,-0.03
07:45:52,"[136.47, 55]","[113.64, 66]","[141.36, 28]","[183.52, 63]",138.91,212,4.88,0.14
07:45:53,"[140.0, 12]","[138.79, 38]","[143.0, 48]","[347.08, 60]",141.5,158,3.0,-0.37
07:45:54,"[135.62, 21]","[86.66, 35]","[243.97, 34]","[359.1, 42]",189.79,132,108.35,-0.15
07:45:55,"[132.0, 22]","[82.64, 44]","[135.0, 70]","[192.0, 11]",133.5,147,3.0,-0.1
07:45:56,"[132.41, 17]","[120.18, 22]","[135.0, 48]","[137.0, 6]",133.71,93,2.59,-0.16
07:45:57,"[133.71, 49]","[131.14, 14]","[135.0, 48]","[137.0, 7]",134.36,118,1.29,0.07
07:45:58,"[133.75, 32]","[128.0, 16]","[135.18, 22]","[167.15, 13]",134.47,83,1.43,0.16
07:45:59,"[134.08, 13]","[130.46, 26]","[137.0, 13]","[186.9, 40]",135.54,92,2.92,-0.15
07:46:00,"[131.94, 17]","[76.06, 70]","[167.0, 20]","[188.36, 44]",149.47,151,35.06,0.15
07:46:01,"[135.5, 12]","[67.15, 52]","[190.0, 25]","[511.0, 20]",162.75,109,54.5,0.17
07:46:02,"[142.97, 102]","[141.26, 35]","[188.33, 60]","[288.86, 56]",165.65,253,45.36,0.08
07:46:03,"[143.0, 72]","[142.0, 24]","[186.75, 40]","[366.64, 11]",164.88,147,43.75,0.31
07:46:04,"[143.0, 135]","[142.0, 45]","[185.93, 75]","[265.19, 32]",164.47,287,42.93,0.25
07:46:05,"[143.0, 83]","[142.0, 33]","[184.91, 55]","[240.82, 44]",163.95,215,41.91,0.08
07:46:06,"[143.0, 45]","[142.0, 27]","[181.33, 42]","[187.75, 40]",162.17,154,38.33,-0.06
07:46:07,"[143.0, 50]","[142.0, 30]","[178.25, 48]","[181.49, 43]",160.62,171,35.25,-0.06
07:46:08,"[143.0, 50]","[142.0, 30]","[173.87, 46]","[176.56, 45]",158.43,171,30.87,-0.06
07:46:09,"[143.0, 80]","[142.0, 48]","[171.69, 80]","[176.0, 64]",157.34,272,28.69,-0.06
07:46:10,"[143.0, 45]","[142.0, 27]","[167.89, 45]","[175.05, 37]",155.44,154,24.89,-0.06
07:46:11,"[145.0, 20]","[143.0, 50]","[169.0, 50]","[176.0, 40]",157.0,160,24.0,-0.12
07:46:12,"[146.0, 19]","[142.95, 58]","[163.0, 52]","[168.71, 56]",154.5,185,17.0,-0.17
07:46:13,"[145.25, 16]","[142.9, 89]","[155.0, 65]","[168.0, 52]",150.12,222,9.75,-0.05
07:46:14,"[143.0, 52]","[142.0, 39]","[164.82, 28]","[197.03, 39]",153.91,158,21.82,0.15
07:46:15,"[143.27, 33]","[142.4, 30]","[161.05, 21]","[162.17, 24]",152.16,108,17.77,0.17
07:46:16,"[144.62, 32]","[143.0, 44]","[158.08, 38]","[159.94, 17]",151.35,131,13.45,0.16
07:46:17,"[145.0, 26]","[143.0, 52]","[154.1, 20]","[154.02, 42]",149.55,140,9.1,0.11
07:46:18,"[144.08, 26]","[142.7, 40]","[151.29, 17]","[152.77, 26]",147.69,109,7.22,0.21
07:46:19,"[143.0, 42]","[142.0, 42]","[148.91, 35]","[150.88, 24]",145.96,143,5.91,0.17
07:46:20,"[141.73, 26]","[140.18, 51]","[146.95, 20]","[148.08, 50]",144.34,147,5.22,0.05
07:46:21,"[139.74, 38]","[138.83, 92]","[142.5, 44]","[144.35, 17]",141.12,191,2.76,0.36
07:46:22,"[138.31, 54]","[121.52, 56]","[215.7, 30]","[297.94, 18]",177.01,158,77.39,0.39
07:46:23,"[142.0, 77]","[140.33, 18]","[237.83, 29]","[379.93, 15]",189.91,139,95.83,0.37
07:46:24,"[142.0, 63]","[141.0, 18]","[249.91, 11]","[404.36, 11]",195.95,103,107.91,0.57
07:46:25,"[142.58, 24]","[141.58, 24]","[182.29, 14]","[335.07, 14]",162.43,76,39.7,0.26
07:46:26,"[142.0, 32]","[138.82, 44]","[181.6, 10]","[578.0, 20]",161.8,106,39.6,0.43
07:46:27,"[137.68, 88]","[126.18, 158]","[168.67, 12]","[378.5, 16]",153.17,274,30.98,0.8
07:46:28,"[138.0, 54]","[137.0, 128]","[162.11, 9]","[164.78, 9]",150.06,200,24.11,0.82
07:46:29,"[138.0, 66]","[137.0, 154]","[160.81, 26]","[198.94, 18]",149.4,264,22.81,0.67
07:46:30,"[138.0, 66]","[137.0, 154]","[157.52, 27]","[159.15, 27]",147.76,274,19.52,0.61
07:46:31,"[138.01, 75]","[137.02, 228]","[153.57, 60]","[154.78, 36]",145.79,399,15.55,0.52
07:46:32,"[139.12, 32]","[137.28, 116]","[150.38, 42]","[151.17, 48]",144.75,238,11.26,0.24
07:46:33,"[137.07, 161]","[94.01, 145]","[145.68, 38]","[147.05, 40]",141.38,384,8.61,0.59
07:46:34,"[137.0, 224]","[90.72, 104]","[138.71, 48]","[140.5, 32]",137.85,408,1.71,0.61
07:46:35,"[137.0, 121]","[90.24, 34]","[138.0, 35]","[139.0, 20]",137.5,210,1.0,0.48
07:46:36,"[137.0, 213]","[117.43, 21]","[138.24, 33]","[142.6, 20]",137.62,287,1.24,0.63
07:46:37,"[137.0, 117]","[126.0, 6]","[138.0, 12]","[151.0, 6]",137.5,141,1.0,0.74
07:46:38,"[137.63, 57]","[134.1, 40]","[147.75, 8]","[431.88, 25]",142.69,130,10.12,0.49
07:46:39,"[141.0, 27]","[140.0, 45]","[440.88, 17]","[559.92, 26]",290.94,115,299.88,0.25
07:46:40,"[141.47, 17]","[140.44, 27]","[360.43, 14]","[649.67, 15]",250.95,73,218.96,0.21
07:46:41,"[141.88, 52]","[140.55, 33]","[610.77, 43]","[690.89, 27]",376.33,155,468.88,0.1
07:46:42,"[142.0, 34]","[141.0, 16]","[385.83, 12]","[602.43, 21]",263.92,83,243.83,0.2
07:46:43,"[141.87, 23]","[140.57, 35]","[331.0, 21]","[363.08, 50]",236.43,129,189.13,-0.1
07:46:44,"[141.0, 14]","[140.0, 50]","[258.54, 28]","[274.55, 29]",199.77,121,117.54,0.06
07:46:45,"[141.0, 8]","[140.0, 40]","[148.4, 15]","[204.36, 11]",144.7,74,7.4,0.3
07:46:46,"[141.0, 8]","[140.0, 40]","[236.89, 9]","[268.87, 15]",188.94,72,95.89,0.33
07:46:47,"[142.32, 76]","[139.5, 32]","[205.1, 21]","[353.1, 20]",173.71,149,62.78,0.45
07:46:48,"[144.0, 99]","[141.0, 24]","[353.79, 14]","[523.95, 20]",248.89,157,209.79,0.57
07:46:49,"[143.86, 88]","[141.31, 26]","[238.2, 50]","[432.22, 41]",191.03,205,94.34,0.11
07:46:50,"[140.1, 61]","[137.83, 24]","[320.75, 60]","[338.45, 33]",230.42,178,180.65,-0.04
07:46:51,"[140.56, 36]","[139.83, 24]","[319.89, 45]","[392.78, 45]",230.22,150,179.33,-0.2
07:46:52,"[142.0, 46]","[139.95, 42]","[254.17, 60]","[338.11, 45]",198.08,193,112.17,-0.09
07:46:53,"[142.67, 63]","[139.56, 16]","[203.0, 50]","[306.42, 38]",172.83,167,60.33,-0.05
07:46:54,"[143.01, 127]","[139.92, 39]","[201.4, 75]","[351.12, 66]",172.2,307,58.39,0.08
07:46:55,"[143.0, 100]","[140.0, 30]","[199.09, 47]","[356.97, 32]",171.04,209,56.09,0.24
07:46:56,"[144.73, 30]","[143.0, 150]","[195.37, 51]","[196.34, 74]",170.05,305,50.64,0.18
07:46:57,"[145.0, 34]","[143.0, 170]","[188.37, 51]","[189.9, 70]",166.69,325,43.37,0.26
07:46:58,"[143.5, 40]","[142.54, 59]","[183.5, 32]","[185.0, 16]",163.5,147,40.0,0.35
07:46:59,"[143.0, 80]","[140.0, 24]","[181.85, 33]","[184.33, 18]",162.42,155,38.85,0.34
07:47:00,"[143.0, 100]","[140.31, 39]","[180.68, 38]","[181.55, 44]",161.84,221,37.68,0.26
07:47:01,"[143.0, 110]","[141.0, 132]","[178.18, 22]","[181.0, 55]",160.59,319,35.18,0.52
07:47:02,"[143.0, 100]","[141.0, 156]","[176.88, 32]","[178.72, 50]",159.94,338,33.88,0.51
07:47:03,"[143.0, 78]","[141.0, 144]","[175.88, 50]","[179.09, 54]",159.44,326,32.88,0.36
07:47:04,"[143.87, 46]","[142.11, 108]","[171.6, 81]","[172.82, 68]",157.74,303,27.74,0.02
07:47:05,"[145.0, 26]","[143.0, 52]","[169.21, 48]","[170.53, 47]",157.1,173,24.21,-0.1
07:47:06,"[145.0, 34]","[143.0, 68]","[163.33, 51]","[164.89, 38]",154.17,191,18.33,0.07
07:47:07,"[144.0, 32]","[142.33, 48]","[150.02, 46]","[152.7, 43]",147.01,169,6.02,-0.05
07:47:08,"[140.82, 34]","[138.8, 45]","[143.2, 35]","[143.73, 59]",142.01,173,2.38,-0.09
07:47:09,"[137.2, 20]","[125.34, 38]","[138.95, 38]","[140.0, 24]",138.07,120,1.75,-0.03
07:47:10,"[136.33, 9]","[120.64, 39]","[138.67, 27]","[278.0, 15]",137.5,90,2.33,0.07
07:47:11,"[121.82, 34]","[109.9, 58]","[139.25, 16]","[332.5, 36]",130.54,144,17.43,0.28
07:47:12,"[97.58, 48]","[74.75, 51]","[131.33, 9]","[288.57, 21]",114.46,129,33.75,0.53
07:47:13,"[107.52, 58]","[82.99, 73]","[127.0, 10]","[137.0, 10]",117.26,151,19.48,0.74
07:47:14,"[132.5, 20]","[115.84, 43]","[362.26, 35]","[567.53, 32]",247.38,130,229.76,-0.03
07:47:15,"[143.0, 63]","[138.71, 21]","[201.32, 38]","[331.63, 38]",172.16,160,58.32,0.05
07:47:16,"[143.0, 27]","[140.0, 21]","[245.0, 14]","[250.0, 21]",194.0,83,102.0,0.16
07:47:17,"[143.0, 27]","[140.0, 27]","[244.12, 32]","[292.44, 32]",193.56,118,101.12,-0.08
07:47:18,"[143.0, 27]","[141.08, 13]","[243.67, 36]","[410.0, 27]",193.33,103,100.67,-0.22
07:47:19,"[143.0, 30]","[140.07, 28]","[241.6, 40]","[438.03, 32]",192.3,130,98.6,-0.11
07:47:20,"[143.24, 25]","[140.3, 30]","[239.08, 48]","[331.94, 32]",191.16,135,95.84,-0.19
07:47:21,"[144.5, 16]","[143.0, 8]","[238.0, 32]","[404.9, 30]",191.25,86,93.5,-0.44
07:47:22,"[145.56, 18]","[143.0, 9]","[237.93, 30]","[322.74, 19]",191.74,76,92.38,-0.29
07:47:23,"[142.93, 44]","[139.6, 10]","[235.87, 15]","[237.87, 30]",189.4,99,92.93,0.09
07:47:24,"[143.0, 80]","[140.0, 13]","[233.9, 31]","[234.35, 34]",188.45,158,90.9,0.18
07:47:25,"[139.54, 79]","[106.12, 25]","[233.0, 13]","[234.0, 52]",186.27,169,93.46,0.23
07:47:26,"[137.41, 96]","[129.11, 74]","[152.77, 44]","[175.12, 34]",145.09,248,15.37,0.37
07:47:27,"[142.0, 31]","[139.0, 44]","[147.27, 44]","[182.18, 11]",144.64,130,5.27,0.15
07:47:28,"[139.91, 33]","[137.29, 63]","[145.16, 38]","[514.0, 9]",142.53,143,5.25,0.34
07:47:29,"[141.0, 30]","[139.0, 18]","[142.83, 12]","[205.67, 18]",141.92,78,1.83,0.23
07:47:30,"[141.0, 30]","[138.0, 18]","[142.91, 11]","[453.91, 23]",141.95,82,1.91,0.17
07:47:31,"[141.0, 43]","[138.0, 27]","[142.0, 9]","[203.71, 21]",141.5,100,1.0,0.4
07:47:32,"[141.0, 18]","[138.0, 33]","[405.75, 24]","[609.38, 24]",273.38,99,264.75,0.03
07:47:33,"[141.0, 14]","[138.0, 21]","[486.11, 19]","[647.78, 23]",313.55,77,345.11,-0.09
07:47:34,"[138.86, 14]","[137.13, 46]","[499.71, 35]","[756.0, 7]",319.29,102,360.86,0.18
07:47:35,"[138.0, 16]","[137.0, 64]","[242.0, 40]","[569.12, 8]",190.0,128,104.0,0.25
07:47:36,"[138.0, 6]","[137.0, 24]","[303.29, 7]","[595.57, 7]",220.64,44,165.29,0.36
07:47:37,"[139.0, 36]","[138.0, 18]","[314.65, 17]","[684.92, 25]",226.82,96,175.65,0.12
07:47:38,"[141.36, 39]","[139.71, 42]","[370.58, 12]","[605.3, 20]",255.97,113,229.22,0.43
07:47:39,"[143.0, 78]","[140.0, 40]","[272.3, 10]","[455.8, 10]",207.65,138,129.3,0.71
07:47:40,"[143.2, 59]","[142.0, 72]","[289.68, 19]","[383.77, 31]",216.44,181,146.48,0.45
07:47:41,"[143.27, 33]","[141.43, 35]","[173.0, 7]","[295.0, 30]",158.14,105,29.73,0.3
07:47:42,"[143.0, 48]","[140.0, 40]","[173.0, 8]","[290.65, 26]",158.0,122,30.0,0.44
07:47:43,"[143.0, 48]","[140.0, 45]","[237.32, 25]","[322.33, 43]",190.16,161,94.32,0.16
07:47:44,"[143.0, 42]","[140.0, 35]","[240.0, 21]","[342.95, 19]",191.5,117,97.0,0.32
07:47:45,"[143.0, 38]","[139.79, 39]","[197.48, 29]","[327.23, 31]",170.24,137,54.48,0.12
07:47:46,"[143.0, 15]","[139.83, 35]","[186.09, 45]","[314.18, 34]",164.54,129,43.09,-0.22
07:47:47,"[143.0, 12]","[140.29, 51]","[185.83, 48]","[315.42, 38]",164.42,149,42.83,-0.15
07:47:48,"[143.0, 7]","[141.0, 35]","[183.14, 28]","[346.8, 15]",163.07,85,40.14,-0.01
07:47:49,"[143.0, 5]","[141.0, 25]","[182.0, 20]","[395.86, 7]",162.5,57,39.0,0.05
07:47:50,"[142.43, 7]","[140.86, 29]","[182.0, 24]","[377.0, 18]",162.21,78,39.57,-0.08
07:47:51,"[138.92, 26]","[138.62, 26]","[180.18, 22]","[308.83, 23]",159.55,97,41.26,0.07
07:47:52,"[137.07, 90]","[136.3, 80]","[181.0, 36]","[294.74, 27]",159.03,233,43.93,0.46
07:47:53,"[138.89, 27]","[137.0, 108]","[179.89, 36]","[267.67, 36]",159.39,207,41.0,0.3
07:47:54,"[140.67, 27]","[137.39, 93]","[169.65, 34]","[298.83, 29]",155.16,183,28.98,0.31
07:47:55,"[141.21, 38]","[137.63, 164]","[211.9, 29]","[371.24, 29]",176.55,260,70.69,0.55
07:47:56,"[142.0, 36]","[137.0, 252]","[255.68, 28]","[270.56, 27]",198.84,343,113.68,0.68
07:47:57,"[142.1, 20]","[137.0, 177]","[172.0, 20]","[197.5, 30]",157.05,247,29.9,0.6
07:47:58,"[143.0, 20]","[137.62, 112]","[169.9, 20]","[172.0, 20]",156.45,172,26.9,0.53
07:47:59,"[144.5, 20]","[138.0, 100]","[167.31, 32]","[169.6, 20]",155.91,172,22.81,0.4
07:48:00,"[143.55, 58]","[138.8, 131]","[164.71, 56]","[167.75, 32]",154.13,277,21.16,0.36
07:48:01,"[143.0, 90]","[138.0, 170]","[148.93, 54]","[154.76, 58]",145.96,372,5.93,0.4
07:48:02,"[138.18, 84]","[137.18, 165]","[142.67, 36]","[143.31, 32]",140.42,317,4.49,0.57
07:48:03,"[138.0, 88]","[137.0, 153]","[143.54, 37]","[165.31, 52]",140.77,330,5.54,0.46
07:48:04,"[138.0, 66]","[137.0, 99]","[150.58, 48]","[196.82, 44]",144.29,257,12.58,0.28
07:48:05,"[138.89, 27]","[137.02, 54]","[150.0, 35]","[151.0, 28]",144.44,144,11.11,0.12
07:48:06,"[140.18, 22]","[137.02, 82]","[149.08, 60]","[221.83, 48]",144.63,212,8.9,-0.02
07:48:07,"[138.0, 14]","[137.0, 112]","[149.0, 70]","[367.59, 54]",143.5,250,11.0,0.01
07:48:08,"[140.74, 70]","[137.08, 52]","[149.0, 50]","[496.0, 30]",144.87,202,8.26,0.21
07:48:09,"[141.0, 135]","[137.5, 16]","[149.0, 45]","[583.6, 30]",145.0,226,8.0,0.34
07:48:10,"[141.0, 135]","[137.0, 72]","[148.67, 30]","[149.39, 41]",144.83,278,7.67,0.49
07:48:11,"[141.0, 120]","[137.0, 104]","[147.19, 31]","[148.6, 25]",144.1,280,6.19,0.6
07:48:12,"[141.0, 51]","[137.0, 56]","[147.0, 20]","[148.0, 8]",144.0,135,6.0,0.59
07:48:13,"[141.0, 117]","[137.0, 154]","[146.51, 49]","[147.25, 40]",143.76,360,5.51,0.51
07:48:14,"[141.0, 96]","[137.0, 168]","[143.69, 52]","[165.59, 37]",142.35,353,2.69,0.5
07:48:15,"[141.0, 18]","[137.0, 142]","[142.0, 31]","[310.44, 36]",141.5,227,1.0,0.41
07:48:16,"[137.07, 123]","[136.07, 55]","[142.0, 30]","[235.0, 40]",139.53,248,4.93,0.44
07:48:17,"[137.0, 114]","[136.0, 48]","[141.88, 24]","[260.55, 29]",139.44,215,4.88,0.51
07:48:18,"[139.18, 55]","[136.94, 96]","[168.81, 26]","[237.82, 22]",153.99,199,29.63,0.52
07:48:19,"[141.11, 36]","[139.62, 32]","[204.78, 27]","[207.0, 36]",172.94,131,63.67,0.04
07:48:20,"[142.0, 50]","[140.0, 36]","[203.0, 27]","[520.0, 30]",172.5,143,61.0,0.2
07:48:21,"[140.36, 22]","[139.31, 26]","[202.62, 24]","[316.22, 18]",171.49,90,62.26,0.07
07:48:22,"[140.0, 30]","[139.0, 30]","[200.19, 16]","[203.92, 25]",170.09,101,60.19,0.19
07:48:23,"[140.98, 144]","[139.91, 33]","[197.64, 11]","[200.0, 33]",169.31,221,56.66,0.6
07:48:24,"[141.28, 61]","[139.57, 21]","[196.0, 21]","[197.0, 7]",168.64,110,54.72,0.49
07:48:25,"[140.43, 46]","[139.29, 42]","[192.0, 32]","[194.0, 24]",166.22,144,51.57,0.22
07:48:26,"[142.36, 44]","[140.0, 33]","[187.59, 17]","[189.04, 27]",164.98,121,45.22,0.27
07:48:27,"[143.79, 39]","[141.3, 37]","[185.23, 13]","[186.03, 31]",164.51,120,41.44,0.27
07:48:28,"[144.0, 24]","[140.0, 24]","[183.38, 8]","[186.0, 24]",163.69,80,39.38,0.2
07:48:29,"[144.0, 48]","[140.0, 48]","[181.25, 36]","[205.89, 35]",162.62,167,37.25,0.15
07:48:30,"[142.96, 28]","[138.4, 40]","[180.75, 20]","[242.34, 29]",161.86,117,37.79,0.16
07:48:31,"[143.0, 20]","[138.09, 11]","[179.1, 21]","[180.26, 23]",161.05,75,36.1,-0.17
07:48:32,"[147.0, 101]","[142.72, 29]","[174.82, 17]","[178.0, 27]",160.91,174,27.82,0.49
07:48:33,"[147.0, 57]","[143.0, 33]","[170.81, 21]","[171.43, 23]",158.9,134,23.81,0.34
07:48:34,"[147.0, 33]","[143.0, 33]","[150.81, 21]","[156.48, 21]",148.9,108,3.81,0.22
07:48:35,"[143.0, 15]","[139.0, 5]","[147.8, 5]","[178.0, 5]",145.4,30,4.8,0.33
07:48:36,"[143.0, 33]","[140.95, 41]","[146.0, 11]","[347.96, 27]",144.5,112,3.0,0.32
07:48:37,"[142.64, 22]","[140.92, 25]","[144.0, 7]","[375.76, 25]",143.32,79,1.36,0.19
07:48:38,"[141.0, 28]","[139.0, 7]","[143.71, 7]","[242.59, 27]",142.36,69,2.71,0.01
07:48:39,"[142.5, 16]","[140.88, 17]","[165.0, 10]","[199.0, 20]",153.75,63,22.5,0.05
07:48:40,"[143.0, 21]","[141.0, 28]","[165.0, 14]","[272.97, 29]",154.0,92,22.0,0.07
07:48:41,"[143.0, 8]","[141.0, 16]","[164.29, 14]","[281.9, 10]",153.64,48,21.29,0.0
07:48:42,"[143.0, 22]","[141.38, 58]","[163.29, 35]","[163.65, 37]",153.14,152,20.29,0.05
07:48:43,"[143.0, 26]","[142.0, 143]","[159.96, 49]","[162.48, 44]",151.48,262,16.96,0.29
07:48:44,"[142.03, 136]","[141.31, 70]","[157.08, 24]","[159.11, 28]",149.56,258,15.05,0.6
07:48:45,"[142.0, 143]","[141.0, 52]","[150.91, 23]","[152.93, 15]",146.46,233,8.91,0.67
07:48:46,"[142.0, 154]","[141.0, 56]","[146.55, 20]","[148.03, 32]",144.28,262,4.55,0.6
07:48:47,"[142.0, 62]","[141.0, 32]","[143.0, 8]","[144.0, 32]",142.5,134,1.0,0.4
07:48:48,"[142.0, 68]","[141.0, 40]","[143.0, 10]","[144.0, 40]",142.5,158,1.0,0.37
07:48:49,"[142.1, 82]","[141.6, 60]","[276.8, 10]","[484.16, 38]",209.45,190,134.7,0.49
07:48:50,"[143.0, 28]","[142.0, 55]","[268.92, 51]","[476.92, 26]",205.96,160,125.92,0.04
07:48:51,"[143.97, 156]","[142.67, 30]","[173.52, 23]","[298.24, 45]",158.75,254,29.55,0.46
07:48:52,"[144.0, 160]","[143.0, 24]","[153.0, 60]","[221.92, 48]",148.5,292,9.0,0.26
07:48:53,"[144.0, 66]","[143.0, 14]","[152.57, 35]","[233.57, 28]",148.29,143,8.57,0.12
07:48:54,"[145.04, 100]","[143.0, 36]","[151.28, 90]","[210.33, 72]",148.16,298,6.24,-0.09
07:48:55,"[144.67, 15]","[142.33, 15]","[150.8, 50]","[157.0, 40]",147.73,120,6.13,-0.5
07:48:56,"[142.98, 107]","[141.78, 9]","[150.0, 45]","[172.33, 36]",146.49,197,7.02,0.18
07:48:57,"[143.0, 100]","[142.0, 8]","[150.0, 40]","[215.8, 20]",146.5,168,7.0,0.29
