Time,Bid1,Bid2,Ask1,Ask2,Mid-Price,Total_volume,Bid_ask_spread,Order_imbalance
07:30:00,"[89.0, 8]","[0, 0]","[0, 0]","[0, 0]",44.5,8,-89.0,1.0
07:30:02,"[107.0, 3]","[89.0, 8]","[0, 0]","[0, 0]",53.5,11,-107.0,1.0
07:30:04,"[108.05, 21]","[97.79, 28]","[0, 0]","[0, 0]",54.02,49,-108.05,1.0
07:30:06,"[109.62, 16]","[108.0, 56]","[180.38, 32]","[210.0, 8]",145.0,112,70.75,0.29
07:30:07,"[111.0, 4]","[108.0, 14]","[208.0, 8]","[281.0, 8]",159.5,34,97.0,0.06
07:30:08,"[111.0, 6]","[108.0, 21]","[197.33, 12]","[257.33, 12]",154.17,51,86.33,0.06
07:30:09,"[108.2, 30]","[107.26, 27]","[236.4, 20]","[384.8, 20]",172.3,97,128.2,0.18
07:30:10,"[108.0, 49]","[107.0, 35]","[111.0, 21]","[199.5, 16]",109.5,121,3.0,0.39
07:30:11,"[108.0, 21]","[107.0, 15]","[111.0, 9]","[118.0, 3]",109.5,48,3.0,0.5
07:30:12,"[108.0, 41]","[107.0, 30]","[110.79, 14]","[113.8, 10]",109.39,95,2.79,0.49
07:30:13,"[108.0, 60]","[107.0, 50]","[111.0, 30]","[116.2, 10]",109.5,150,3.0,0.47
07:30:14,"[108.0, 42]","[107.0, 35]","[111.86, 21]","[115.0, 7]",109.93,105,3.86,0.47
07:30:15,"[108.0, 43]","[107.0, 40]","[110.71, 31]","[112.14, 22]",109.35,136,2.71,0.22
07:30:16,"[108.0, 39]","[107.0, 50]","[109.9, 31]","[110.37, 19]",108.95,139,1.9,0.28
07:30:17,"[107.3, 20]","[106.68, 22]","[109.5, 40]","[111.0, 16]",108.4,98,2.2,-0.14
07:30:18,"[107.0, 14]","[106.0, 7]","[109.0, 22]","[111.0, 28]",108.0,71,2.0,-0.41
07:30:19,"[107.88, 34]","[106.86, 14]","[109.0, 16]","[111.0, 32]",108.44,96,1.12,0.0
07:30:20,"[108.26, 58]","[107.0, 47]","[110.93, 60]","[119.2, 86]",109.6,251,2.67,-0.16
07:30:21,"[109.0, 50]","[107.0, 51]","[110.16, 19]","[111.02, 49]",109.58,169,1.16,0.2
07:30:22,"[109.0, 12]","[107.0, 18]","[111.0, 18]","[112.0, 6]",110.0,54,2.0,0.11
07:30:23,"[109.83, 24]","[107.0, 30]","[111.0, 36]","[112.0, 12]",110.42,102,1.17,0.06
07:30:24,"[110.0, 24]","[107.67, 18]","[112.0, 12]","[118.0, 60]",111.0,114,2.0,-0.26
07:30:25,"[110.97, 58]","[109.94, 17]","[112.0, 9]","[118.0, 45]",111.48,129,1.03,0.16
07:30:26,"[111.0, 84]","[109.75, 16]","[112.0, 12]","[118.0, 60]",111.5,172,1.0,0.16
07:30:27,"[111.0, 52]","[110.0, 7]","[112.0, 7]","[118.0, 35]",111.5,101,1.0,0.17
07:30:28,"[111.0, 72]","[110.0, 9]","[112.0, 9]","[118.0, 45]",111.5,135,1.0,0.2
07:30:29,"[111.0, 57]","[110.0, 9]","[112.0, 9]","[118.0, 45]",111.5,120,1.0,0.1
07:30:30,"[111.0, 24]","[110.0, 8]","[112.0, 8]","[118.0, 40]",111.5,80,1.0,-0.2
07:30:31,"[111.0, 30]","[110.0, 10]","[112.0, 10]","[118.0, 50]",111.5,100,1.0,-0.2
07:30:32,"[108.75, 12]","[106.9, 20]","[110.75, 12]","[115.67, 24]",109.75,68,2.0,-0.06
07:30:33,"[106.61, 23]","[105.82, 51]","[108.06, 17]","[109.12, 17]",107.33,108,1.45,0.37
07:30:34,"[106.0, 48]","[105.0, 48]","[107.14, 22]","[108.62, 16]",106.57,134,1.14,0.43
07:30:35,"[105.82, 22]","[103.09, 46]","[106.8, 10]","[109.69, 26]",106.31,104,0.98,0.31
07:30:36,"[104.0, 14]","[101.0, 154]","[107.0, 14]","[110.53, 49]",105.5,231,3.0,0.45
07:30:37,"[101.41, 44]","[96.11, 54]","[106.0, 8]","[109.5, 24]",103.7,130,4.59,0.51
07:30:38,"[102.62, 65]","[100.31, 91]","[104.69, 13]","[108.47, 19]",103.65,188,2.08,0.66
07:30:39,"[101.56, 66]","[98.89, 54]","[107.67, 12]","[108.97, 34]",104.61,166,6.11,0.45
07:30:40,"[102.62, 52]","[99.76, 50]","[108.61, 18]","[165.84, 38]",105.61,158,6.0,0.29
07:30:41,"[101.24, 87]","[99.77, 61]","[109.89, 54]","[137.19, 63]",105.57,265,8.65,0.12
07:30:42,"[104.23, 65]","[103.09, 96]","[108.7, 74]","[119.69, 65]",106.47,300,4.47,0.07
07:30:43,"[104.0, 48]","[103.0, 120]","[107.0, 32]","[108.75, 24]",105.5,224,3.0,0.5
07:30:44,"[105.0, 35]","[103.87, 117]","[107.72, 50]","[110.0, 54]",106.36,256,2.72,0.19
07:30:45,"[105.38, 52]","[103.83, 80]","[108.0, 33]","[111.0, 33]",106.69,198,2.62,0.33
07:30:46,"[107.35, 37]","[104.68, 118]","[110.73, 33]","[177.36, 33]",109.04,221,3.38,0.4
07:30:47,"[109.0, 36]","[103.0, 135]","[127.31, 13]","[188.44, 27]",118.15,211,18.31,0.62
07:30:48,"[109.35, 46]","[105.34, 123]","[112.0, 39]","[368.88, 41]",110.67,249,2.65,0.36
07:30:49,"[110.0, 12]","[109.0, 36]","[112.0, 18]","[472.84, 19]",111.0,85,2.0,0.13
07:30:50,"[110.62, 16]","[109.0, 48]","[112.0, 24]","[564.5, 32]",111.31,120,1.38,0.07
07:30:51,"[109.0, 24]","[103.25, 20]","[112.0, 18]","[384.83, 23]",110.5,85,3.0,0.04
07:30:52,"[109.0, 56]","[102.07, 212]","[111.79, 42]","[279.98, 44]",110.39,354,2.79,0.51
07:30:53,"[109.0, 25]","[106.0, 7]","[111.0, 21]","[112.0, 21]",110.0,74,2.0,-0.14
07:30:54,"[109.0, 24]","[106.0, 8]","[110.88, 24]","[112.0, 24]",109.94,80,1.88,-0.2
07:30:55,"[107.5, 8]","[102.14, 72]","[111.33, 18]","[367.43, 21]",109.42,119,3.83,0.34
07:30:56,"[106.0, 7]","[102.0, 161]","[111.21, 19]","[189.26, 23]",108.61,210,5.21,0.6
07:30:57,"[106.0, 11]","[102.0, 253]","[110.0, 22]","[111.0, 55]",108.0,341,4.0,0.55
07:30:58,"[106.0, 11]","[102.0, 253]","[109.5, 24]","[110.92, 49]",107.75,337,3.5,0.57
07:30:59,"[104.55, 51]","[102.34, 158]","[108.75, 32]","[110.32, 41]",106.65,282,4.2,0.48
07:31:00,"[102.0, 360]","[74.96, 89]","[106.92, 26]","[109.05, 21]",104.46,496,4.92,0.81
07:31:01,"[102.0, 134]","[81.34, 68]","[105.0, 8]","[106.0, 16]",103.5,226,3.0,0.79
07:31:02,"[101.8, 71]","[100.74, 127]","[107.36, 22]","[210.54, 35]",104.58,255,5.56,0.55
07:31:03,"[101.0, 162]","[44.82, 22]","[102.67, 12]","[106.5, 32]",101.83,228,1.67,0.61
07:31:04,"[101.0, 169]","[43.07, 29]","[105.76, 21]","[106.2, 35]",103.38,254,4.76,0.56
07:31:05,"[102.76, 94]","[100.32, 68]","[105.0, 14]","[106.0, 22]",103.88,198,2.24,0.64
07:31:06,"[101.89, 111]","[92.92, 48]","[105.0, 23]","[106.0, 18]",103.45,200,3.11,0.59
07:31:07,"[101.0, 65]","[70.0, 16]","[105.0, 9]","[106.0, 10]",103.0,100,4.0,0.62
07:31:08,"[101.52, 81]","[99.14, 120]","[104.56, 18]","[105.85, 20]",103.04,239,3.04,0.68
07:31:09,"[102.78, 36]","[98.33, 117]","[105.0, 27]","[108.0, 9]",103.89,189,2.22,0.62
07:31:10,"[99.57, 42]","[94.2, 60]","[105.36, 14]","[267.6, 10]",102.46,126,5.79,0.62
07:31:11,"[98.35, 86]","[95.99, 101]","[107.0, 11]","[246.12, 32]",102.67,230,8.65,0.63
07:31:12,"[101.24, 108]","[100.83, 35]","[206.98, 43]","[290.67, 45]",154.11,231,105.74,0.24
07:31:13,"[108.86, 42]","[107.29, 7]","[225.0, 21]","[300.0, 21]",166.93,91,116.14,0.08
07:31:14,"[109.5, 48]","[108.0, 8]","[180.53, 17]","[227.88, 24]",145.01,97,71.03,0.15
07:31:15,"[110.29, 34]","[109.2, 10]","[171.0, 10]","[223.8, 15]",140.65,69,60.71,0.28
07:31:16,"[111.0, 68]","[110.0, 48]","[248.0, 21]","[345.0, 24]",179.5,161,137.0,0.44
07:31:17,"[111.0, 98]","[110.0, 84]","[427.74, 43]","[532.23, 39]",269.37,264,316.74,0.38
07:31:18,"[111.0, 66]","[110.0, 72]","[394.33, 36]","[408.7, 44]",252.67,218,283.33,0.27
07:31:19,"[110.07, 30]","[109.63, 19]","[377.81, 26]","[437.24, 29]",243.94,104,267.74,-0.06
07:31:20,"[110.0, 48]","[109.0, 12]","[376.92, 36]","[515.0, 24]",243.46,120,266.92,0.0
07:31:21,"[111.0, 94]","[110.0, 40]","[267.41, 22]","[330.14, 29]",189.2,185,156.41,0.45
07:31:22,"[111.0, 72]","[110.0, 32]","[134.06, 18]","[197.86, 14]",122.53,136,23.06,0.53
07:31:23,"[111.0, 70]","[110.0, 40]","[131.88, 24]","[133.12, 16]",121.44,150,20.88,0.47
07:31:24,"[110.2, 30]","[109.0, 16]","[128.31, 26]","[130.07, 14]",119.25,86,18.11,0.07
07:31:25,"[108.89, 35]","[107.11, 45]","[125.71, 45]","[127.6, 20]",117.3,145,16.83,0.1
07:31:26,"[110.0, 40]","[109.0, 10]","[121.75, 24]","[123.38, 26]",115.88,100,11.75,0.0
07:31:27,"[110.0, 52]","[109.0, 55]","[119.25, 16]","[121.03, 36]",114.62,159,9.25,0.35
07:31:28,"[109.59, 54]","[108.7, 92]","[115.73, 22]","[118.21, 28]",112.66,196,6.13,0.49
07:31:29,"[108.38, 34]","[107.75, 121]","[110.82, 39]","[198.6, 47]",109.6,241,2.44,0.29
07:31:30,"[108.0, 70]","[107.0, 120]","[110.0, 24]","[376.74, 43]",109.0,257,2.0,0.48
07:31:31,"[108.0, 50]","[107.0, 120]","[109.17, 24]","[245.92, 24]",108.58,218,1.17,0.56
07:31:32,"[107.05, 116]","[105.67, 48]","[108.31, 26]","[230.25, 24]",107.68,214,1.26,0.53
07:31:33,"[106.62, 47]","[104.18, 22]","[125.48, 23]","[245.65, 17]",116.05,109,18.86,0.27
07:31:34,"[104.18, 11]","[101.6, 15]","[114.0, 12]","[628.75, 16]",109.09,54,9.82,-0.04
07:31:35,"[105.5, 24]","[104.0, 36]","[140.91, 33]","[454.78, 45]",123.2,138,35.41,-0.13
07:31:36,"[110.69, 26]","[106.53, 19]","[154.5, 36]","[387.62, 32]",132.6,113,43.81,-0.2
07:31:37,"[111.0, 56]","[107.69, 52]","[131.33, 60]","[194.67, 54]",121.17,222,20.33,-0.03
07:31:38,"[103.41, 17]","[101.17, 24]","[153.72, 39]","[242.53, 43]",128.56,123,50.31,-0.33
07:31:39,"[102.0, 8]","[101.0, 32]","[435.0, 40]","[503.0, 24]",268.5,104,333.0,-0.23
07:31:40,"[107.05, 19]","[62.84, 32]","[340.26, 19]","[424.3, 27]",223.66,97,233.21,0.05
07:31:41,"[110.0, 54]","[102.0, 9]","[235.31, 29]","[255.84, 31]",172.66,123,125.31,0.02
07:31:42,"[110.0, 36]","[102.0, 6]","[136.0, 6]","[231.0, 18]",123.0,66,26.0,0.27
07:31:43,"[110.0, 78]","[102.0, 13]","[134.0, 25]","[237.0, 38]",122.0,154,24.0,0.18
07:31:44,"[110.47, 68]","[108.81, 47]","[129.5, 54]","[182.67, 33]",119.99,202,19.03,0.14
07:31:45,"[111.0, 40]","[110.0, 50]","[127.71, 35]","[129.09, 35]",119.36,160,16.71,0.12
07:31:46,"[111.0, 40]","[108.74, 38]","[126.34, 29]","[201.48, 21]",118.67,128,15.34,0.22
07:31:47,"[111.0, 41]","[105.27, 44]","[125.33, 27]","[126.18, 33]",118.17,145,14.33,0.17
07:31:48,"[111.0, 43]","[106.64, 75]","[123.77, 44]","[125.1, 31]",117.39,193,12.77,0.22
07:31:49,"[108.23, 52]","[106.18, 88]","[123.0, 42]","[125.0, 28]",115.62,210,14.77,0.33
07:31:50,"[108.0, 19]","[106.0, 91]","[122.0, 36]","[123.34, 29]",115.0,175,14.0,0.26
07:31:51,"[107.26, 19]","[105.95, 86]","[119.13, 30]","[119.94, 35]",113.2,170,11.87,0.24
07:31:52,"[106.0, 84]","[104.0, 24]","[115.52, 31]","[142.58, 36]",110.76,175,9.52,0.23
07:31:53,"[106.0, 63]","[104.69, 39]","[114.33, 27]","[151.0, 27]",110.17,156,8.33,0.31
07:31:54,"[106.18, 51]","[105.27, 33]","[112.27, 11]","[117.22, 27]",109.22,122,6.1,0.38
07:31:55,"[106.11, 56]","[104.82, 34]","[111.04, 26]","[112.14, 22]",108.57,138,4.93,0.3
07:31:56,"[108.04, 189]","[107.11, 123]","[109.73, 15]","[195.15, 47]",108.89,374,1.69,0.67
07:31:57,"[108.05, 126]","[106.86, 70]","[307.43, 14]","[317.97, 33]",207.74,243,199.38,0.61
07:31:58,"[109.0, 51]","[108.0, 150]","[180.56, 18]","[331.43, 14]",144.78,233,71.56,0.73
07:31:59,"[109.54, 39]","[107.75, 36]","[255.94, 35]","[280.31, 13]",182.74,123,146.4,0.22
07:32:00,"[110.0, 33]","[109.0, 33]","[214.18, 11]","[276.39, 23]",162.09,100,104.18,0.32
07:32:01,"[110.0, 20]","[109.0, 27]","[112.05, 21]","[112.57, 21]",111.02,89,2.05,0.06
07:32:02,"[109.05, 19]","[107.08, 75]","[112.0, 65]","[259.11, 19]",110.53,178,2.95,0.06
07:32:03,"[109.0, 11]","[107.0, 66]","[111.73, 55]","[199.76, 42]",110.36,174,2.73,-0.11
07:32:04,"[107.72, 81]","[106.63, 67]","[110.03, 58]","[153.31, 59]",108.88,265,2.32,0.12
07:32:05,"[108.21, 68]","[107.35, 77]","[120.68, 57]","[355.05, 42]",114.45,244,12.48,0.19
07:32:06,"[109.0, 28]","[107.0, 55]","[447.97, 39]","[531.15, 39]",278.49,161,338.97,0.03
07:32:07,"[110.23, 13]","[107.0, 65]","[216.08, 52]","[356.23, 52]",163.15,182,105.85,-0.14
07:32:08,"[111.0, 12]","[107.58, 31]","[204.0, 32]","[288.0, 32]",157.5,107,93.0,-0.2
07:32:09,"[111.0, 7]","[107.19, 32]","[140.89, 27]","[247.0, 28]",125.94,94,29.89,-0.17
07:32:10,"[111.0, 47]","[107.0, 60]","[138.92, 36]","[141.0, 48]",124.96,191,27.92,0.12
07:32:11,"[111.0, 72]","[107.0, 60]","[136.25, 36]","[225.0, 48]",123.62,216,25.25,0.22
07:32:12,"[111.0, 66]","[107.0, 57]","[134.55, 33]","[309.0, 44]",122.77,200,23.55,0.23
07:32:13,"[111.0, 23]","[107.0, 78]","[131.31, 58]","[132.85, 40]",121.16,199,20.31,0.02
07:32:14,"[111.0, 11]","[107.0, 66]","[127.14, 51]","[128.24, 38]",119.07,166,16.14,-0.07
07:32:15,"[111.0, 8]","[107.69, 39]","[126.44, 36]","[127.26, 31]",118.72,114,15.44,-0.18
07:32:16,"[110.76, 17]","[109.85, 41]","[122.44, 59]","[123.46, 61]",116.6,178,11.68,-0.35
07:32:17,"[110.0, 28]","[107.39, 51]","[116.7, 54]","[117.79, 53]",113.35,186,6.7,-0.15
07:32:18,"[109.8, 15]","[107.89, 27]","[115.11, 36]","[116.33, 36]",112.46,114,5.31,-0.26
07:32:19,"[109.0, 8]","[107.0, 40]","[113.33, 30]","[114.75, 32]",111.17,110,4.33,-0.13
07:32:20,"[108.26, 34]","[107.36, 70]","[110.5, 56]","[112.43, 47]",109.38,207,2.24,0.0
07:32:21,"[107.85, 53]","[106.91, 47]","[111.2, 40]","[114.72, 36]",109.52,176,3.35,0.14
07:32:22,"[107.06, 67]","[106.18, 34]","[109.5, 32]","[111.0, 64]",108.28,197,2.44,0.03
07:32:23,"[106.33, 27]","[102.2, 123]","[108.96, 23]","[110.91, 46]",107.64,219,2.62,0.37
07:32:24,"[106.0, 19]","[102.0, 91]","[107.0, 40]","[108.18, 11]",106.5,161,1.0,0.37
07:32:25,"[102.05, 73]","[101.23, 35]","[106.39, 18]","[189.88, 25]",104.22,151,4.33,0.43
07:32:26,"[102.0, 61]","[101.0, 24]","[103.9, 10]","[104.64, 14]",102.95,109,1.9,0.56
07:32:27,"[102.0, 36]","[101.0, 27]","[105.11, 9]","[108.0, 18]",103.56,90,3.11,0.4
07:32:28,"[102.81, 91]","[102.44, 82]","[105.86, 14]","[157.62, 26]",104.34,213,3.04,0.62
07:32:29,"[103.0, 164]","[101.44, 50]","[267.33, 30]","[413.74, 38]",185.17,282,164.33,0.52
07:32:30,"[104.61, 137]","[103.17, 53]","[388.67, 42]","[473.65, 23]",246.64,255,284.05,0.49
07:32:31,"[105.26, 80]","[104.0, 45]","[232.38, 39]","[404.0, 24]",168.82,188,127.12,0.33
07:32:32,"[108.14, 88]","[102.27, 56]","[263.4, 47]","[530.43, 21]",185.77,212,155.27,0.36
07:32:33,"[111.0, 40]","[109.0, 70]","[161.1, 31]","[212.67, 43]",136.05,184,50.1,0.2
07:32:34,"[111.0, 10]","[109.0, 49]","[159.0, 7]","[161.0, 28]",135.0,94,48.0,0.26
07:32:35,"[109.8, 10]","[107.22, 36]","[159.0, 6]","[161.0, 24]",134.4,76,49.2,0.21
07:32:36,"[109.0, 21]","[101.0, 28]","[157.26, 19]","[160.25, 16]",133.13,84,48.26,0.17
07:32:37,"[109.0, 17]","[101.0, 44]","[155.95, 38]","[157.06, 17]",132.47,116,46.95,0.05
07:32:38,"[111.55, 11]","[106.57, 23]","[153.29, 14]","[155.93, 41]",132.42,89,41.74,-0.24
07:32:39,"[109.0, 9]","[107.0, 36]","[150.95, 21]","[151.54, 24]",129.98,90,41.95,0.0
07:32:40,"[109.0, 10]","[107.0, 40]","[124.97, 33]","[147.18, 22]",116.98,105,15.97,-0.05
07:32:41,"[107.79, 43]","[106.89, 54]","[115.26, 43]","[123.0, 40]",111.52,180,7.47,0.08
07:32:42,"[108.58, 81]","[106.97, 108]","[112.0, 72]","[113.19, 63]",110.29,324,3.42,0.17
07:32:43,"[107.13, 63]","[105.69, 16]","[115.3, 20]","[178.0, 10]",111.21,109,8.17,0.45
07:32:44,"[107.0, 102]","[104.0, 17]","[111.92, 25]","[112.73, 26]",109.46,170,4.92,0.4
07:32:45,"[106.76, 50]","[102.37, 49]","[108.35, 23]","[110.38, 16]",107.55,138,1.59,0.43
07:32:46,"[104.0, 10]","[102.0, 70]","[108.5, 14]","[109.25, 16]",106.25,110,4.5,0.45
07:32:47,"[104.0, 9]","[102.0, 63]","[107.92, 13]","[111.0, 14]",105.96,99,3.92,0.45
07:32:48,"[106.52, 44]","[105.04, 23]","[108.45, 22]","[124.36, 11]",107.49,100,1.93,0.34
07:32:49,"[106.62, 40]","[105.5, 20]","[162.33, 12]","[252.29, 14]",134.48,86,55.71,0.4
07:32:50,"[112.0, 45]","[106.0, 27]","[315.38, 13]","[409.45, 11]",213.69,96,203.38,0.5
07:32:51,"[107.2, 46]","[104.67, 18]","[156.2, 20]","[186.45, 22]",131.7,106,49.0,0.21
07:32:52,"[111.0, 45]","[106.0, 27]","[129.44, 9]","[130.44, 9]",120.22,90,18.44,0.6
07:32:53,"[111.0, 65]","[106.0, 39]","[127.46, 13]","[128.92, 13]",119.23,130,16.46,0.6
07:32:54,"[111.0, 65]","[106.0, 39]","[125.54, 13]","[126.77, 13]",118.27,130,14.54,0.6
07:32:55,"[111.0, 75]","[107.2, 25]","[120.18, 22]","[121.41, 22]",115.59,144,9.18,0.39
07:32:56,"[110.67, 46]","[108.58, 12]","[116.25, 12]","[119.24, 17]",113.46,87,5.58,0.33
07:32:57,"[106.0, 39]","[104.0, 13]","[111.94, 18]","[114.46, 13]",108.97,83,5.94,0.25
07:32:58,"[106.43, 37]","[105.44, 25]","[108.85, 13]","[231.23, 26]",107.64,101,2.41,0.23
07:32:59,"[107.0, 48]","[106.0, 36]","[108.75, 12]","[426.38, 16]",107.88,112,1.75,0.5
07:33:00,"[107.0, 22]","[106.0, 21]","[322.2, 20]","[466.56, 9]",214.6,72,215.2,0.19
07:33:01,"[107.65, 43]","[106.58, 36]","[408.35, 31]","[458.95, 38]",258.0,148,300.7,0.07
07:33:02,"[107.92, 48]","[106.85, 39]","[268.73, 30]","[340.31, 35]",188.33,152,160.82,0.14
07:33:03,"[106.53, 30]","[104.6, 45]","[196.73, 30]","[393.14, 21]",151.63,126,90.2,0.19
07:33:04,"[106.86, 28]","[103.7, 30]","[189.89, 19]","[272.54, 28]",148.38,105,83.04,0.1
07:33:05,"[106.0, 30]","[104.07, 45]","[124.84, 51]","[135.93, 67]",115.42,193,18.84,-0.22
07:33:06,"[104.62, 26]","[102.3, 69]","[108.31, 32]","[153.88, 41]",106.46,168,3.7,0.13
07:33:07,"[104.45, 33]","[102.22, 96]","[108.55, 44]","[213.57, 35]",106.5,208,4.09,0.24
07:33:08,"[105.43, 56]","[103.57, 63]","[115.68, 37]","[170.69, 35]",110.55,191,10.25,0.25
07:33:09,"[106.06, 82]","[102.66, 157]","[142.25, 24]","[409.65, 37]",124.16,300,36.19,0.59
07:33:10,"[108.42, 86]","[107.21, 58]","[317.2, 41]","[458.98, 41]",212.81,226,208.78,0.27
07:33:11,"[110.49, 49]","[108.82, 56]","[310.0, 19]","[386.33, 49]",210.24,173,199.51,0.21
07:33:12,"[110.0, 69]","[107.0, 60]","[338.98, 59]","[376.36, 50]",224.49,238,228.98,0.08
07:33:13,"[110.0, 36]","[107.47, 45]","[188.5, 24]","[205.8, 30]",149.25,135,78.5,0.2
07:33:14,"[110.0, 24]","[108.0, 42]","[188.5, 24]","[314.0, 15]",149.25,105,78.5,0.26
07:33:15,"[110.0, 36]","[108.0, 63]","[187.44, 36]","[381.56, 27]",148.72,162,77.44,0.22
07:33:16,"[110.0, 36]","[108.0, 63]","[142.0, 18]","[187.0, 36]",126.0,153,32.0,0.29
07:33:17,"[108.0, 62]","[107.0, 36]","[158.36, 22]","[216.5, 32]",133.18,152,50.36,0.29
07:33:18,"[108.0, 50]","[107.0, 48]","[186.53, 53]","[344.59, 46]",147.26,197,78.53,-0.01
07:33:19,"[108.0, 44]","[107.0, 44]","[184.55, 55]","[187.0, 44]",146.27,187,76.55,-0.06
07:33:20,"[108.0, 24]","[107.0, 32]","[183.0, 40]","[187.0, 32]",145.5,128,75.0,-0.12
07:33:21,"[107.86, 21]","[106.8, 25]","[182.85, 65]","[187.0, 52]",145.35,163,74.99,-0.44
07:33:22,"[109.0, 24]","[107.0, 92]","[180.08, 48]","[213.67, 60]",144.54,224,71.08,0.04
07:33:23,"[107.08, 50]","[106.6, 15]","[179.35, 23]","[206.0, 30]",143.21,118,72.27,0.1
07:33:24,"[107.24, 51]","[106.8, 30]","[165.76, 37]","[178.55, 31]",136.5,149,58.52,0.09
07:33:25,"[111.0, 13]","[107.0, 104]","[156.79, 42]","[158.2, 50]",133.89,209,45.79,0.12
07:33:26,"[111.0, 34]","[107.0, 96]","[153.91, 47]","[154.92, 37]",132.46,214,42.91,0.21
07:33:27,"[111.0, 11]","[107.0, 72]","[152.73, 33]","[153.6, 30]",131.86,146,41.73,0.14
07:33:28,"[111.0, 12]","[108.0, 48]","[150.62, 45]","[151.54, 39]",130.81,144,39.62,-0.17
07:33:29,"[111.0, 18]","[110.0, 36]","[146.37, 70]","[149.17, 63]",128.69,187,35.37,-0.42
07:33:30,"[108.82, 33]","[107.55, 98]","[144.94, 66]","[146.38, 58]",126.88,255,36.12,0.03
07:33:31,"[108.0, 45]","[107.0, 150]","[141.65, 55]","[142.66, 58]",124.83,308,33.65,0.27
07:33:32,"[108.65, 34]","[107.45, 73]","[138.0, 60]","[139.1, 59]",123.32,226,29.35,-0.05
07:33:33,"[109.0, 20]","[108.0, 30]","[133.74, 34]","[134.8, 40]",121.37,124,24.74,-0.19
07:33:34,"[109.0, 36]","[108.0, 42]","[121.88, 34]","[123.18, 45]",115.44,157,12.88,-0.01
07:33:35,"[109.0, 36]","[108.0, 42]","[115.75, 40]","[117.84, 43]",112.38,161,6.75,-0.03
07:33:36,"[108.88, 25]","[107.77, 43]","[111.11, 27]","[111.73, 45]",110.0,140,2.23,-0.03
07:33:37,"[108.0, 33]","[107.0, 110]","[110.58, 12]","[111.62, 34]",109.29,189,2.58,0.51
07:33:38,"[108.0, 36]","[107.0, 120]","[109.77, 26]","[110.71, 14]",108.88,196,1.77,0.59
07:33:39,"[108.0, 20]","[107.0, 90]","[109.94, 17]","[391.67, 24]",108.97,151,1.94,0.46
07:33:40,"[107.0, 84]","[106.0, 108]","[110.0, 24]","[155.83, 36]",108.5,252,3.0,0.52
07:33:41,"[107.0, 42]","[106.0, 90]","[108.2, 20]","[139.0, 30]",107.6,182,1.2,0.45
07:33:42,"[106.54, 39]","[105.94, 65]","[108.0, 18]","[157.29, 35]",107.27,157,1.46,0.32
07:33:43,"[106.0, 72]","[104.0, 8]","[108.0, 16]","[492.77, 22]",107.0,118,2.0,0.36
07:33:44,"[106.26, 46]","[105.86, 58]","[346.03, 29]","[453.54, 26]",226.15,159,239.77,0.31
07:33:45,"[106.0, 42]","[104.0, 6]","[376.5, 18]","[396.17, 18]",241.25,84,270.5,0.14
07:33:46,"[106.03, 58]","[104.93, 15]","[382.0, 27]","[426.46, 13]",244.02,113,275.97,0.29
07:33:47,"[108.6, 10]","[106.7, 23]","[210.89, 27]","[291.71, 17]",159.74,77,102.29,-0.14
07:33:48,"[110.38, 13]","[107.55, 11]","[187.71, 21]","[218.69, 13]",149.05,58,77.33,-0.17
07:33:49,"[111.0, 18]","[110.0, 12]","[207.0, 18]","[245.0, 6]",159.0,54,96.0,0.11
07:33:50,"[111.0, 16]","[110.0, 14]","[245.0, 7]","[330.0, 21]",178.0,58,134.0,0.03
07:33:51,"[110.29, 7]","[106.22, 37]","[245.0, 6]","[477.43, 14]",177.64,64,134.71,0.38
07:33:52,"[110.0, 9]","[106.0, 63]","[190.43, 14]","[456.08, 13]",150.21,99,80.43,0.45
07:33:53,"[110.0, 9]","[106.0, 63]","[137.0, 18]","[359.63, 19]",123.5,109,27.0,0.32
07:33:54,"[107.0, 16]","[104.82, 68]","[137.0, 16]","[397.0, 12]",122.0,112,30.0,0.5
07:33:55,"[106.86, 29]","[104.67, 30]","[137.0, 14]","[297.09, 11]",121.93,84,30.14,0.4
07:33:56,"[109.24, 21]","[107.76, 42]","[136.08, 24]","[158.0, 31]",122.66,118,26.85,0.07
07:33:57,"[109.11, 18]","[108.38, 26]","[135.0, 20]","[388.67, 21]",122.06,85,25.89,0.04
07:33:58,"[108.5, 12]","[106.0, 20]","[134.67, 12]","[370.33, 12]",121.58,56,26.17,0.14
07:33:59,"[106.0, 21]","[104.0, 110]","[133.36, 22]","[311.08, 26]",119.68,179,27.36,0.46
07:34:00,"[109.91, 32]","[104.13, 75]","[130.25, 24]","[131.67, 24]",120.08,155,20.34,0.38
07:34:01,"[111.89, 27]","[110.76, 63]","[124.45, 31]","[126.32, 31]",118.17,152,12.56,0.18
07:34:02,"[106.57, 37]","[106.56, 25]","[120.64, 22]","[122.0, 33]",113.6,117,14.07,0.06
07:34:03,"[104.0, 104]","[102.0, 39]","[118.93, 28]","[120.74, 34]",111.46,205,14.93,0.4
07:34:04,"[104.3, 66]","[103.31, 61]","[114.8, 35]","[116.08, 24]",109.55,186,10.5,0.37
07:34:05,"[107.4, 60]","[106.0, 20]","[112.43, 23]","[113.62, 26]",109.92,129,5.03,0.24
07:34:06,"[108.0, 57]","[106.0, 24]","[109.67, 24]","[111.0, 24]",108.83,129,1.67,0.26
07:34:07,"[108.32, 19]","[106.48, 31]","[109.82, 22]","[150.7, 23]",109.07,95,1.5,0.05
07:34:08,"[109.73, 22]","[107.24, 34]","[184.1, 20]","[350.86, 28]",146.91,104,74.37,0.08
07:34:09,"[110.86, 29]","[109.95, 21]","[274.31, 13]","[424.71, 17]",192.58,80,163.45,0.25
07:34:10,"[110.0, 16]","[109.0, 4]","[390.8, 10]","[455.2, 10]",250.4,40,280.8,0.0
07:34:11,"[110.0, 24]","[109.0, 6]","[301.85, 13]","[444.71, 17]",205.92,60,191.85,0.0
07:34:12,"[110.0, 24]","[109.0, 6]","[251.69, 13]","[330.0, 17]",180.85,60,141.69,0.0
07:34:13,"[110.0, 28]","[109.0, 7]","[363.0, 15]","[526.35, 20]",236.5,70,253.0,0.0
07:34:14,"[110.0, 8]","[109.0, 8]","[241.42, 53]","[355.0, 18]",175.71,87,131.42,-0.63
07:34:15,"[110.0, 1]","[109.0, 1]","[237.0, 8]","[254.0, 2]",173.5,12,127.0,-0.67
07:34:16,"[108.6, 10]","[107.5, 12]","[237.0, 12]","[254.0, 8]",172.8,42,128.4,0.05
07:34:17,"[107.57, 21]","[106.96, 56]","[254.87, 15]","[381.35, 20]",181.22,112,147.3,0.38
07:34:18,"[107.5, 48]","[106.5, 24]","[491.11, 9]","[536.29, 21]",299.31,102,383.61,0.41
07:34:19,"[111.0, 27]","[107.0, 54]","[489.0, 9]","[571.78, 27]",300.0,117,378.0,0.38
07:34:20,"[111.0, 42]","[107.0, 84]","[249.07, 46]","[261.55, 55]",180.03,227,138.07,0.11
07:34:21,"[111.0, 39]","[107.0, 19]","[227.64, 22]","[228.63, 43]",169.32,123,116.64,-0.06
07:34:22,"[111.0, 33]","[107.0, 22]","[226.74, 43]","[246.08, 50]",168.87,148,115.74,-0.26
07:34:23,"[111.0, 33]","[107.91, 22]","[198.1, 31]","[214.42, 36]",154.55,122,87.1,-0.1
07:34:24,"[111.0, 30]","[109.0, 20]","[151.0, 30]","[152.0, 40]",131.0,120,40.0,-0.17
07:34:25,"[109.5, 24]","[106.06, 31]","[149.18, 45]","[150.13, 46]",129.34,146,39.68,-0.25
07:34:26,"[111.0, 28]","[109.84, 38]","[144.6, 45]","[145.59, 54]",127.8,165,33.6,-0.2
07:34:27,"[110.18, 22]","[108.2, 15]","[140.64, 36]","[142.1, 41]",125.41,114,30.46,-0.35
07:34:28,"[110.0, 18]","[107.0, 9]","[137.23, 35]","[138.75, 28]",123.61,90,27.23,-0.4
07:34:29,"[109.53, 19]","[106.73, 11]","[135.82, 44]","[136.77, 35]",122.67,109,26.29,-0.45
07:34:30,"[103.31, 52]","[101.25, 57]","[126.18, 51]","[131.55, 62]",114.74,222,22.87,-0.02
07:34:31,"[102.18, 61]","[93.49, 74]","[104.69, 35]","[106.0, 26]",103.43,196,2.51,0.38
07:34:32,"[68.49, 47]","[51.89, 56]","[133.75, 24]","[189.36, 28]",101.12,155,65.26,0.33
07:34:33,"[65.92, 39]","[38.71, 41]","[104.0, 14]","[202.14, 28]",84.96,122,38.08,0.31
07:34:34,"[50.07, 71]","[30.78, 73]","[173.42, 38]","[252.95, 42]",111.75,224,123.35,0.29
07:34:35,"[53.73, 44]","[48.51, 82]","[125.92, 40]","[205.5, 24]",89.83,190,72.2,0.33
07:34:36,"[86.67, 30]","[64.62, 47]","[470.02, 43]","[555.43, 35]",278.34,155,383.36,-0.01
07:34:37,"[108.0, 16]","[107.0, 16]","[165.77, 30]","[350.71, 14]",136.88,76,57.77,-0.16
07:34:38,"[108.0, 14]","[107.0, 14]","[137.5, 28]","[263.38, 13]",122.75,69,29.5,-0.19
07:34:39,"[108.0, 10]","[107.0, 10]","[227.09, 11]","[319.9, 10]",167.55,41,119.09,-0.02
07:34:40,"[91.64, 22]","[95.47, 19]","[185.44, 25]","[216.06, 17]",138.54,83,93.8,-0.01
07:34:41,"[59.07, 45]","[44.0, 27]","[277.59, 27]","[455.24, 25]",168.33,124,218.53,0.16
07:34:42,"[104.15, 39]","[85.2, 45]","[387.47, 19]","[492.96, 27]",245.81,130,283.32,0.29
07:34:43,"[106.43, 37]","[105.45, 69]","[200.09, 34]","[250.76, 41]",153.26,181,93.66,0.17
07:34:44,"[109.6, 20]","[106.03, 36]","[127.5, 6]","[128.75, 12]",118.55,74,17.9,0.51
07:34:45,"[111.0, 53]","[107.0, 7]","[126.71, 7]","[128.0, 7]",118.86,74,15.71,0.62
07:34:46,"[111.0, 54]","[107.0, 9]","[124.33, 9]","[126.0, 9]",117.67,81,13.33,0.56
07:34:47,"[111.0, 72]","[107.0, 13]","[122.0, 13]","[123.15, 13]",116.5,111,11.0,0.53
07:34:48,"[111.0, 111]","[107.0, 11]","[120.0, 11]","[121.0, 11]",115.5,144,9.0,0.69
07:34:49,"[111.0, 60]","[107.0, 6]","[119.0, 6]","[121.0, 6]",115.0,78,8.0,0.69
07:34:50,"[111.0, 94]","[107.0, 10]","[117.1, 10]","[118.7, 10]",114.05,124,6.1,0.68
07:34:51,"[111.0, 80]","[107.0, 40]","[114.39, 18]","[115.58, 12]",112.69,150,3.39,0.6
07:34:52,"[108.67, 55]","[106.3, 80]","[111.93, 14]","[113.62, 24]",110.3,173,3.26,0.56
07:34:53,"[107.0, 48]","[106.0, 84]","[109.33, 12]","[111.5, 12]",108.17,156,2.33,0.69
07:34:54,"[107.0, 25]","[106.0, 56]","[108.88, 8]","[235.48, 29]",107.94,118,1.88,0.37
07:34:55,"[107.0, 21]","[106.0, 49]","[108.43, 7]","[150.0, 28]",107.71,105,1.43,0.33
07:34:56,"[107.0, 11]","[106.0, 56]","[137.91, 23]","[194.25, 32]",122.46,122,30.91,0.1
07:34:57,"[107.0, 10]","[106.0, 70]","[136.2, 40]","[207.0, 40]",121.6,160,29.2,0.0
07:34:58,"[107.0, 7]","[106.0, 49]","[136.0, 28]","[279.92, 26]",121.5,110,29.0,0.02
07:34:59,"[106.0, 24]","[104.0, 56]","[136.0, 32]","[219.86, 28]",121.0,140,30.0,0.14
07:35:00,"[106.94, 51]","[105.55, 31]","[135.22, 36]","[351.55, 22]",121.08,140,28.28,0.17
07:35:01,"[107.7, 60]","[106.84, 55]","[134.0, 52]","[349.88, 32]",120.85,199,26.3,0.16
07:35:02,"[108.55, 51]","[107.81, 43]","[134.0, 44]","[266.76, 34]",121.27,172,25.45,0.09
07:35:03,"[109.91, 44]","[108.0, 55]","[133.55, 44]","[215.73, 44]",121.73,187,23.64,0.06
07:35:04,"[110.0, 28]","[108.0, 60]","[133.0, 48]","[303.0, 40]",121.5,176,23.0,0.0
07:35:05,"[108.83, 30]","[107.89, 53]","[133.0, 44]","[271.0, 38]",120.92,165,24.17,0.01
07:35:06,"[109.0, 11]","[108.0, 55]","[131.45, 44]","[294.0, 22]",120.23,132,22.45,0.0
07:35:07,"[109.0, 10]","[108.0, 50]","[130.4, 40]","[290.91, 45]",119.7,145,21.4,-0.17
07:35:08,"[108.61, 23]","[107.32, 22]","[129.12, 32]","[219.0, 32]",118.87,109,20.52,-0.17
07:35:09,"[108.0, 65]","[106.0, 39]","[127.62, 52]","[186.19, 64]",117.81,220,19.62,-0.05
07:35:10,"[110.16, 45]","[108.33, 42]","[125.29, 68]","[225.45, 82]",117.72,237,15.14,-0.27
07:35:11,"[111.0, 5]","[109.0, 10]","[124.14, 21]","[149.6, 20]",117.57,56,13.14,-0.46
07:35:12,"[109.57, 7]","[108.14, 29]","[122.76, 33]","[123.67, 30]",116.16,99,13.19,-0.27
07:35:13,"[108.1, 10]","[107.12, 16]","[121.65, 43]","[122.74, 47]",114.88,116,13.55,-0.55
07:35:14,"[108.0, 11]","[107.0, 109]","[119.04, 53]","[121.35, 46]",113.52,219,11.04,0.1
07:35:15,"[108.0, 7]","[107.0, 105]","[117.12, 34]","[118.17, 29]",112.56,175,9.12,0.28
07:35:16,"[108.0, 15]","[107.0, 225]","[113.32, 65]","[114.42, 72]",110.66,377,5.32,0.27
07:35:17,"[108.0, 10]","[107.0, 150]","[109.26, 47]","[110.35, 43]",108.63,250,1.26,0.28
07:35:18,"[107.02, 123]","[106.6, 75]","[108.46, 65]","[109.41, 59]",107.74,322,1.44,0.23
07:35:19,"[106.57, 35]","[105.41, 17]","[108.0, 42]","[162.7, 30]",107.29,124,1.43,-0.16
07:35:20,"[105.83, 23]","[103.67, 15]","[107.2, 40]","[376.0, 30]",106.51,108,1.37,-0.3
07:35:21,"[102.95, 63]","[86.92, 84]","[228.83, 29]","[419.04, 28]",165.89,204,125.88,0.44
07:35:22,"[104.0, 18]","[102.0, 42]","[166.14, 14]","[168.0, 7]",135.07,81,62.14,0.48
07:35:23,"[102.89, 18]","[98.0, 42]","[164.92, 13]","[248.0, 12]",133.91,85,62.03,0.41
07:35:24,"[102.0, 33]","[85.57, 21]","[160.47, 19]","[163.29, 14]",131.24,87,58.47,0.24
07:35:25,"[103.84, 44]","[92.75, 40]","[159.2, 30]","[160.32, 19]",131.52,133,55.36,0.26
07:35:26,"[111.0, 12]","[102.0, 60]","[158.75, 36]","[160.0, 24]",134.88,132,47.75,0.09
07:35:27,"[111.0, 10]","[102.0, 50]","[156.88, 24]","[158.42, 19]",133.94,103,45.88,0.17
07:35:28,"[111.0, 28]","[102.0, 65]","[155.0, 13]","[156.21, 38]",133.0,144,44.0,0.29
07:35:29,"[111.0, 28]","[102.0, 50]","[153.67, 15]","[158.95, 19]",132.33,112,42.67,0.39
07:35:30,"[111.0, 28]","[102.0, 70]","[149.23, 22]","[150.39, 28]",130.11,148,38.23,0.32
07:35:31,"[111.0, 13]","[104.23, 44]","[144.0, 28]","[145.13, 15]",127.5,100,33.0,0.14
07:35:32,"[111.0, 6]","[109.0, 12]","[142.56, 18]","[143.17, 24]",126.78,60,31.56,-0.4
07:35:33,"[111.0, 15]","[109.0, 30]","[140.69, 59]","[141.05, 42]",125.85,146,29.69,-0.38
07:35:34,"[110.25, 16]","[106.24, 33]","[136.3, 50]","[137.0, 37]",123.28,136,26.05,-0.28
07:35:35,"[109.0, 22]","[103.58, 53]","[133.78, 23]","[135.0, 44]",121.39,142,24.78,0.06
07:35:36,"[109.0, 30]","[106.0, 105]","[130.86, 36]","[132.23, 31]",119.93,202,21.86,0.34
07:35:37,"[109.0, 26]","[106.0, 91]","[125.69, 42]","[126.89, 47]",117.35,206,16.69,0.14
07:35:38,"[107.39, 74]","[105.42, 76]","[122.69, 16]","[123.98, 56]",115.04,222,15.3,0.35
07:35:39,"[109.17, 104]","[106.62, 73]","[119.9, 42]","[119.72, 40]",114.54,259,10.73,0.37
07:35:40,"[109.0, 83]","[107.0, 111]","[114.14, 63]","[115.17, 53]",111.57,310,5.14,0.25
07:35:41,"[110.2, 65]","[107.68, 194]","[113.0, 40]","[116.11, 74]",111.6,373,2.8,0.39
07:35:42,"[111.0, 9]","[110.0, 108]","[113.11, 45]","[163.33, 12]",112.06,174,2.11,0.34
07:35:43,"[110.04, 112]","[107.79, 183]","[126.36, 55]","[195.2, 49]",118.2,399,16.33,0.48
07:35:44,"[110.0, 112]","[107.0, 165]","[113.32, 47]","[121.35, 49]",111.66,373,3.32,0.49
07:35:45,"[110.0, 69]","[107.0, 111]","[113.0, 28]","[172.03, 29]",111.5,237,3.0,0.52
07:35:46,"[110.0, 99]","[107.0, 174]","[112.05, 42]","[191.41, 34]",111.02,349,2.05,0.56
07:35:47,"[110.0, 62]","[107.0, 135]","[111.62, 26]","[145.75, 32]",110.81,255,1.62,0.55
07:35:48,"[107.0, 122]","[106.0, 88]","[111.21, 39]","[140.26, 38]",109.1,287,4.21,0.46
07:35:49,"[107.0, 121]","[106.0, 128]","[110.0, 52]","[111.0, 39]",108.5,340,3.0,0.46
07:35:50,"[107.0, 79]","[106.0, 124]","[108.07, 56]","[201.65, 48]",107.54,307,1.07,0.32
07:35:51,"[106.48, 56]","[105.07, 75]","[268.13, 46]","[421.77, 52]",187.31,229,161.65,0.14
07:35:52,"[107.36, 22]","[105.85, 39]","[338.09, 44]","[484.8, 50]",222.73,155,230.73,-0.21
07:35:53,"[108.81, 52]","[107.89, 74]","[427.0, 40]","[561.25, 40]",267.9,206,318.19,0.22
07:35:54,"[109.92, 72]","[108.03, 93]","[335.25, 60]","[620.5, 60]",222.58,285,225.33,0.16
07:35:55,"[111.0, 60]","[109.0, 10]","[250.5, 50]","[389.6, 50]",180.75,170,139.5,-0.18
07:35:56,"[111.0, 36]","[109.71, 14]","[174.0, 30]","[259.0, 30]",142.5,110,63.0,-0.09
07:35:57,"[111.0, 78]","[110.0, 40]","[174.0, 40]","[225.09, 32]",142.5,190,63.0,0.24
07:35:58,"[111.0, 99]","[110.0, 45]","[223.24, 33]","[326.0, 25]",167.12,202,112.24,0.43
07:35:59,"[111.0, 66]","[110.0, 30]","[194.33, 30]","[295.77, 26]",152.67,152,83.33,0.26
07:36:00,"[111.0, 77]","[110.0, 35]","[134.0, 35]","[381.33, 15]",122.5,162,23.0,0.38
07:36:01,"[111.0, 74]","[110.0, 45]","[133.22, 45]","[254.45, 29]",122.11,193,22.22,0.23
07:36:02,"[110.62, 40]","[109.89, 28]","[131.71, 28]","[247.59, 34]",121.17,130,21.09,0.05
07:36:03,"[110.71, 17]","[109.95, 21]","[129.62, 13]","[130.91, 22]",120.16,73,18.91,0.04
07:36:04,"[111.0, 42]","[110.0, 70]","[128.65, 46]","[129.23, 52]",119.83,210,17.65,0.07
07:36:05,"[111.0, 18]","[110.0, 30]","[128.0, 12]","[129.0, 30]",119.5,90,17.0,0.07
07:36:06,"[111.0, 18]","[110.0, 30]","[126.78, 18]","[128.67, 24]",118.89,90,15.78,0.07
07:36:07,"[111.0, 33]","[110.0, 55]","[123.71, 34]","[175.84, 49]",117.35,171,12.71,0.03
07:36:08,"[111.0, 39]","[110.0, 65]","[121.88, 51]","[233.53, 59]",116.44,214,10.88,-0.03
07:36:09,"[111.0, 36]","[109.31, 16]","[118.34, 44]","[120.54, 52]",114.67,148,7.34,-0.3
07:36:10,"[110.5, 24]","[107.92, 25]","[117.0, 50]","[119.0, 30]",113.75,129,6.5,-0.24
07:36:11,"[108.0, 7]","[106.0, 28]","[116.69, 29]","[117.89, 27]",112.34,91,8.69,-0.23
07:36:12,"[110.96, 76]","[107.47, 15]","[115.0, 36]","[116.67, 54]",112.98,181,4.04,0.01
07:36:13,"[111.0, 59]","[108.0, 9]","[113.78, 27]","[115.0, 27]",112.39,122,2.78,0.11
07:36:14,"[111.0, 138]","[108.7, 23]","[113.87, 45]","[116.43, 63]",112.43,269,2.87,0.2
07:36:15,"[111.0, 51]","[109.0, 20]","[113.07, 44]","[120.21, 33]",112.03,148,2.07,-0.04
07:36:16,"[111.0, 27]","[109.0, 18]","[113.0, 45]","[186.77, 39]",112.0,129,2.0,-0.3
07:36:17,"[111.0, 21]","[109.0, 14]","[113.0, 35]","[233.0, 28]",112.0,98,2.0,-0.29
07:36:18,"[109.92, 13]","[108.36, 11]","[113.0, 45]","[294.73, 30]",111.46,99,3.08,-0.52
07:36:19,"[109.0, 7]","[108.0, 7]","[113.0, 35]","[354.1, 20]",111.0,69,4.0,-0.59
07:36:20,"[108.71, 14]","[107.71, 14]","[298.94, 54]","[416.86, 35]",203.83,117,190.23,-0.52
07:36:21,"[106.9, 21]","[105.92, 48]","[291.86, 44]","[367.2, 59]",199.38,172,184.96,-0.2
07:36:22,"[106.0, 12]","[104.0, 12]","[214.66, 38]","[270.68, 19]",160.33,81,108.66,-0.41
07:36:23,"[106.76, 17]","[105.2, 10]","[213.62, 34]","[213.46, 26]",160.19,87,106.85,-0.38
07:36:24,"[107.0, 18]","[106.0, 6]","[211.04, 26]","[212.42, 12]",159.02,62,104.04,-0.23
07:36:25,"[103.61, 28]","[89.42, 31]","[122.06, 54]","[192.38, 34]",112.83,147,18.45,-0.2
07:36:26,"[68.83, 29]","[55.51, 41]","[103.92, 13]","[107.9, 20]",86.38,103,35.1,0.36
07:36:27,"[77.75, 40]","[57.95, 37]","[103.0, 15]","[106.95, 21]",90.38,113,25.25,0.36
07:36:28,"[69.43, 44]","[33.32, 82]","[97.0, 80]","[105.2, 20]",83.22,226,27.57,0.12
07:36:29,"[66.29, 14]","[65.0, 28]","[95.75, 40]","[96.66, 64]",81.02,146,29.46,-0.42
07:36:30,"[68.2, 10]","[16.0, 20]","[95.88, 40]","[96.7, 50]",82.04,120,27.67,-0.5
07:36:31,"[85.17, 18]","[61.75, 28]","[96.0, 50]","[97.0, 50]",90.58,146,10.83,-0.37
07:36:32,"[93.0, 7]","[80.1, 29]","[96.67, 30]","[97.33, 15]",94.83,81,3.67,-0.11
07:36:33,"[95.09, 11]","[63.5, 20]","[97.0, 44]","[98.0, 11]",96.05,86,1.91,-0.28
07:36:34,"[95.5, 10]","[61.87, 55]","[97.0, 35]","[98.0, 10]",96.25,110,1.5,0.18
07:36:35,"[95.0, 6]","[48.0, 72]","[97.0, 6]","[98.0, 6]",96.0,90,2.0,0.73
07:36:36,"[95.83, 6]","[39.0, 30]","[97.0, 6]","[98.0, 6]",96.42,48,1.17,0.5
07:36:37,"[96.0, 6]","[56.67, 30]","[97.17, 6]","[98.5, 10]",96.58,52,1.17,0.38
07:36:38,"[21.88, 49]","[11.42, 106]","[98.46, 13]","[99.57, 28]",60.17,196,76.58,0.58
07:36:39,"[73.5, 32]","[27.0, 22]","[96.5, 6]","[100.67, 9]",85.0,69,23.0,0.57
07:36:40,"[84.0, 28]","[32.33, 36]","[93.0, 7]","[100.0, 7]",88.5,78,9.0,0.64
07:36:41,"[84.71, 28]","[77.0, 28]","[93.0, 10]","[101.0, 14]",88.86,80,8.29,0.4
07:36:42,"[85.22, 36]","[77.0, 36]","[98.0, 21]","[100.33, 30]",91.61,123,12.78,0.17
07:36:43,"[83.8, 50]","[79.67, 36]","[105.37, 38]","[149.95, 42]",94.58,166,21.57,0.04
07:36:44,"[40.32, 50]","[23.8, 40]","[105.57, 42]","[165.0, 36]",72.95,168,65.25,0.07
07:36:45,"[7.04, 48]","[5.18, 44]","[103.0, 50]","[231.0, 40]",55.02,182,95.96,0.01
07:36:46,"[58.43, 46]","[20.46, 56]","[101.94, 53]","[169.91, 55]",80.19,210,43.51,-0.03
07:36:47,"[86.0, 12]","[53.6, 20]","[101.0, 16]","[103.0, 20]",93.5,68,15.0,-0.06
07:36:48,"[87.25, 48]","[83.98, 47]","[99.68, 31]","[101.53, 49]",93.46,175,12.43,0.09
07:36:49,"[89.92, 36]","[88.47, 30]","[96.0, 24]","[97.0, 32]",92.96,122,6.08,0.08
07:36:50,"[91.25, 40]","[90.0, 24]","[96.05, 22]","[97.07, 30]",93.65,116,4.8,0.1
07:36:51,"[92.66, 29]","[91.44, 27]","[97.0, 7]","[98.0, 14]",94.83,77,4.34,0.45
07:36:52,"[94.0, 35]","[93.0, 21]","[97.0, 7]","[98.0, 14]",95.5,77,3.0,0.45
07:36:53,"[94.86, 28]","[93.83, 36]","[100.06, 17]","[101.76, 21]",97.46,102,5.2,0.25
07:36:54,"[98.54, 61]","[96.74, 47]","[101.48, 42]","[111.33, 48]",100.01,198,2.94,0.09
07:36:55,"[99.94, 16]","[96.75, 24]","[107.59, 32]","[234.88, 25]",103.77,97,7.66,-0.18
07:36:56,"[110.61, 116]","[99.55, 44]","[151.1, 30]","[258.84, 37]",130.86,227,40.49,0.41
07:36:57,"[111.0, 154]","[109.04, 24]","[149.57, 21]","[243.86, 28]",130.29,227,38.57,0.57
07:36:58,"[111.0, 220]","[110.0, 50]","[147.11, 38]","[175.97, 32]",129.05,340,36.11,0.59
07:36:59,"[111.0, 154]","[110.0, 35]","[137.18, 22]","[139.43, 28]",124.09,239,26.18,0.58
07:37:00,"[111.0, 220]","[110.0, 50]","[136.53, 34]","[143.22, 36]",123.76,340,25.53,0.59
07:37:01,"[111.0, 289]","[110.0, 75]","[134.79, 56]","[135.98, 49]",122.89,469,23.79,0.55
07:37:02,"[111.0, 204]","[110.0, 60]","[131.35, 46]","[132.63, 38]",121.17,348,20.35,0.52
07:37:03,"[111.0, 155]","[110.0, 55]","[129.55, 44]","[131.0, 33]",120.27,287,18.55,0.46
07:37:04,"[111.0, 182]","[110.0, 70]","[125.02, 52]","[127.0, 51]",118.01,355,14.02,0.42
07:37:05,"[111.0, 208]","[110.0, 80]","[120.73, 60]","[122.88, 52]",115.87,400,9.73,0.44
07:37:06,"[111.0, 117]","[110.0, 65]","[115.56, 45]","[117.0, 46]",113.28,273,4.56,0.33
07:37:07,"[110.56, 57]","[109.73, 55]","[112.24, 41]","[114.08, 50]",111.4,203,1.68,0.1
07:37:08,"[109.61, 31]","[108.48, 31]","[113.86, 35]","[126.26, 23]",111.74,120,4.24,0.03
07:37:09,"[109.0, 27]","[108.0, 36]","[115.35, 17]","[119.41, 37]",112.18,117,6.35,0.08
07:37:10,"[109.0, 24]","[108.0, 40]","[113.9, 10]","[191.83, 46]",111.45,120,4.9,0.07
07:37:11,"[104.2, 35]","[97.23, 31]","[112.0, 24]","[113.0, 12]",108.1,102,7.8,0.29
07:37:12,"[111.0, 36]","[102.82, 17]","[112.0, 18]","[113.0, 9]",111.5,80,1.0,0.33
07:37:13,"[109.33, 21]","[102.4, 25]","[111.44, 18]","[263.38, 21]",110.39,85,2.11,0.08
07:37:14,"[104.0, 14]","[102.0, 56]","[109.5, 28]","[111.0, 14]",106.75,112,5.5,0.25
07:37:15,"[105.67, 36]","[102.46, 35]","[107.7, 20]","[109.11, 19]",106.68,110,2.03,0.29
07:37:16,"[105.0, 48]","[101.99, 170]","[214.38, 26]","[346.83, 36]",159.69,280,109.38,0.56
07:37:17,"[102.0, 120]","[101.0, 10]","[209.1, 40]","[318.5, 40]",155.55,210,107.1,0.24
07:37:18,"[103.19, 126]","[101.83, 48]","[298.71, 34]","[406.54, 52]",200.95,260,195.52,0.34
07:37:19,"[107.8, 45]","[105.13, 15]","[271.07, 30]","[336.53, 15]",189.43,105,163.27,0.14
07:37:20,"[111.0, 27]","[108.0, 9]","[265.67, 36]","[271.03, 33]",188.33,105,154.67,-0.31
07:37:21,"[111.0, 39]","[108.94, 17]","[246.36, 25]","[265.6, 40]",178.68,121,135.36,-0.07
07:37:22,"[111.0, 24]","[110.0, 96]","[263.33, 48]","[264.67, 48]",187.17,216,152.33,0.11
07:37:23,"[111.0, 18]","[110.0, 72]","[159.52, 29]","[222.24, 34]",135.26,153,48.52,0.18
07:37:24,"[111.0, 112]","[110.0, 136]","[116.4, 52]","[117.27, 59]",113.7,359,5.4,0.38
07:37:25,"[111.0, 42]","[110.0, 72]","[114.11, 27]","[115.14, 28]",112.56,169,3.11,0.35
07:37:26,"[110.77, 35]","[109.86, 69]","[113.79, 42]","[116.29, 41]",112.28,187,3.01,0.11
07:37:27,"[110.62, 16]","[107.33, 21]","[113.67, 24]","[117.52, 25]",112.15,86,3.04,-0.14
07:37:28,"[108.0, 16]","[107.0, 112]","[111.18, 28]","[237.44, 34]",109.59,190,3.18,0.35
07:37:29,"[108.0, 10]","[107.0, 70]","[109.0, 15]","[110.0, 10]",108.5,105,1.0,0.52
07:37:30,"[107.26, 19]","[106.59, 39]","[144.3, 10]","[188.43, 21]",125.78,89,37.04,0.3
07:37:31,"[107.0, 63]","[103.0, 18]","[155.33, 24]","[291.6, 20]",131.17,125,48.33,0.3
07:37:32,"[107.48, 50]","[106.1, 41]","[276.8, 20]","[413.2, 20]",192.14,131,169.32,0.39
07:37:33,"[108.64, 28]","[107.07, 83]","[143.77, 56]","[253.43, 28]",126.21,195,35.12,0.14
07:37:34,"[108.49, 39]","[106.78, 111]","[123.0, 90]","[285.84, 45]",115.74,285,14.51,0.05
07:37:35,"[101.68, 59]","[95.2, 102]","[122.54, 65]","[311.0, 27]",112.11,253,20.86,0.27
07:37:36,"[101.0, 65]","[76.0, 15]","[121.0, 25]","[348.0, 12]",111.0,117,20.0,0.37
07:37:37,"[102.67, 54]","[93.81, 48]","[121.0, 30]","[365.0, 18]",111.83,150,18.33,0.36
07:37:38,"[107.22, 27]","[101.66, 73]","[121.0, 35]","[365.0, 21]",114.11,156,13.78,0.28
07:37:39,"[105.81, 43]","[100.92, 75]","[120.1, 50]","[358.0, 28]",112.96,196,14.29,0.2
07:37:40,"[90.28, 61]","[77.42, 36]","[119.62, 40]","[291.0, 24]",104.95,161,29.35,0.2
07:37:41,"[91.44, 68]","[76.75, 60]","[117.3, 50]","[291.0, 30]",104.37,208,25.86,0.23
07:37:42,"[106.0, 45]","[100.33, 64]","[113.8, 44]","[115.54, 52]",109.9,205,7.8,0.06
07:37:43,"[104.11, 19]","[102.45, 33]","[111.78, 45]","[114.0, 27]",107.94,124,7.67,-0.16
07:37:44,"[103.86, 14]","[102.67, 9]","[111.0, 20]","[114.0, 12]",107.43,55,7.14,-0.16
07:37:45,"[104.0, 38]","[103.0, 22]","[109.67, 43]","[111.33, 45]",106.84,148,5.67,-0.19
07:37:46,"[103.63, 19]","[102.23, 35]","[107.09, 55]","[109.0, 33]",105.36,142,3.46,-0.24
07:37:47,"[103.44, 9]","[102.09, 46]","[105.9, 40]","[107.19, 31]",104.67,126,2.46,-0.13
07:37:48,"[102.02, 113]","[101.22, 83]","[103.96, 47]","[318.47, 38]",102.99,281,1.94,0.4
07:37:49,"[102.49, 37]","[101.07, 54]","[491.67, 60]","[632.94, 17]",297.08,168,389.18,0.08
07:37:50,"[104.0, 60]","[101.15, 41]","[230.39, 23]","[415.32, 22]",167.2,146,126.39,0.38
07:37:51,"[104.07, 58]","[102.04, 69]","[197.15, 41]","[411.52, 42]",150.61,210,93.08,0.21
07:37:52,"[109.67, 30]","[106.18, 67]","[182.0, 60]","[197.09, 33]",145.83,190,72.33,0.02
07:37:53,"[111.0, 39]","[109.77, 78]","[195.62, 65]","[226.13, 38]",153.31,220,84.62,0.06
07:37:54,"[111.0, 24]","[110.0, 48]","[193.25, 40]","[195.0, 40]",152.12,152,82.25,-0.05
07:37:55,"[111.0, 33]","[110.0, 66]","[190.57, 51]","[192.11, 45]",150.78,195,79.57,0.02
07:37:56,"[111.0, 30]","[110.0, 60]","[187.46, 48]","[188.5, 48]",149.23,186,76.46,-0.03
07:37:57,"[111.0, 29]","[110.0, 78]","[184.35, 55]","[185.31, 49]",147.67,211,73.35,0.01
07:37:58,"[111.0, 10]","[110.0, 60]","[171.0, 47]","[182.13, 46]",141.0,163,60.0,-0.14
07:37:59,"[111.0, 8]","[110.0, 48]","[180.12, 34]","[181.37, 38]",145.56,128,69.12,-0.12
07:38:00,"[111.0, 19]","[110.0, 78]","[176.24, 46]","[176.47, 47]",143.62,190,65.24,0.02
07:38:01,"[110.56, 55]","[109.08, 78]","[169.9, 62]","[171.33, 51]",140.23,246,59.34,0.08
07:38:02,"[110.0, 18]","[107.0, 32]","[165.7, 30]","[166.56, 34]",137.85,114,55.7,-0.12
07:38:03,"[110.0, 12]","[107.0, 48]","[162.84, 32]","[163.43, 54]",136.42,146,52.84,-0.18
07:38:04,"[110.0, 11]","[107.0, 44]","[158.73, 15]","[160.22, 51]",134.37,121,48.73,-0.09
07:38:05,"[110.0, 9]","[107.0, 36]","[154.43, 23]","[158.35, 17]",132.22,85,44.43,0.06
07:38:06,"[110.0, 11]","[108.18, 68]","[151.22, 41]","[152.52, 21]",130.61,141,41.22,0.12
07:38:07,"[111.0, 28]","[110.0, 14]","[147.15, 54]","[147.57, 56]",129.07,152,36.15,-0.45
07:38:08,"[111.0, 13]","[110.0, 20]","[142.36, 47]","[144.22, 27]",126.68,107,31.36,-0.38
07:38:09,"[109.21, 56]","[107.69, 26]","[139.0, 21]","[140.65, 43]",124.11,146,29.79,0.12
07:38:10,"[109.0, 93]","[107.0, 40]","[135.69, 42]","[137.18, 22]",122.35,197,26.69,0.35
07:38:11,"[109.0, 90]","[107.0, 40]","[133.92, 24]","[134.91, 34]",121.46,188,24.92,0.38
07:38:12,"[109.0, 81]","[107.0, 36]","[130.52, 21]","[132.33, 9]",119.76,147,21.52,0.59
07:38:13,"[109.0, 99]","[107.0, 44]","[128.29, 17]","[128.94, 17]",118.65,177,19.29,0.62
07:38:14,"[109.0, 78]","[107.0, 48]","[125.56, 16]","[126.14, 36]",117.28,178,16.56,0.42
07:38:15,"[109.0, 60]","[107.09, 23]","[120.33, 42]","[121.38, 26]",114.67,151,11.33,0.1
07:38:16,"[109.03, 87]","[108.39, 46]","[119.23, 35]","[119.55, 53]",114.13,221,10.19,0.2
07:38:17,"[109.17, 54]","[108.77, 70]","[117.09, 23]","[118.13, 45]",113.13,192,7.92,0.29
07:38:18,"[109.0, 27]","[108.0, 18]","[113.24, 25]","[114.24, 25]",111.12,95,4.24,-0.05
07:38:19,"[108.92, 50]","[107.93, 30]","[110.89, 56]","[111.46, 28]",109.91,164,1.97,-0.02
07:38:20,"[109.14, 56]","[108.0, 26]","[110.77, 13]","[342.51, 49]",109.96,144,1.63,0.14
07:38:21,"[109.54, 26]","[107.57, 28]","[187.29, 14]","[398.3, 43]",148.41,111,77.75,-0.03
07:38:22,"[108.0, 18]","[107.0, 32]","[392.0, 45]","[447.81, 27]",250.0,122,284.0,-0.18
07:38:23,"[108.0, 9]","[107.0, 30]","[273.0, 30]","[419.0, 30]",190.5,99,165.0,-0.21
07:38:24,"[111.0, 90]","[108.0, 9]","[273.0, 45]","[412.0, 45]",192.0,189,162.0,0.05
07:38:25,"[111.0, 70]","[108.0, 12]","[220.17, 60]","[383.25, 60]",165.58,202,109.17,-0.19
07:38:26,"[111.0, 30]","[107.38, 16]","[391.5, 30]","[441.5, 30]",251.25,106,280.5,-0.13
07:38:27,"[111.0, 40]","[108.83, 24]","[286.62, 40]","[361.0, 40]",198.81,144,175.62,-0.11
07:38:28,"[111.0, 40]","[109.5, 40]","[172.0, 40]","[234.24, 37]",141.5,157,61.0,0.02
07:38:29,"[111.0, 55]","[108.75, 16]","[204.87, 46]","[377.3, 53]",157.93,170,93.87,-0.16
07:38:30,"[111.0, 40]","[110.0, 8]","[263.5, 32]","[513.12, 40]",187.25,120,152.5,-0.2
07:38:31,"[111.0, 39]","[110.0, 8]","[216.94, 36]","[367.22, 36]",163.97,119,105.94,-0.21
07:38:32,"[111.0, 28]","[110.0, 7]","[201.0, 35]","[280.0, 28]",156.0,98,90.0,-0.29
07:38:33,"[111.0, 48]","[110.0, 12]","[246.68, 57]","[376.24, 51]",178.84,168,135.68,-0.29
07:38:34,"[111.0, 36]","[110.0, 10]","[163.4, 50]","[379.93, 44]",137.2,140,52.4,-0.34
07:38:35,"[111.0, 36]","[110.0, 11]","[124.0, 55]","[125.36, 55]",117.5,157,13.0,-0.4
07:38:36,"[111.0, 66]","[110.0, 15]","[122.38, 65]","[123.94, 72]",116.69,218,11.38,-0.26
07:38:37,"[111.0, 22]","[110.0, 11]","[120.6, 47]","[121.57, 46]",115.8,126,9.6,-0.48
07:38:38,"[111.0, 24]","[110.0, 12]","[117.94, 18]","[119.92, 52]",114.47,106,6.94,-0.32
07:38:39,"[108.23, 26]","[107.06, 52]","[113.68, 31]","[115.09, 34]",110.95,143,5.45,0.09
07:38:40,"[106.53, 30]","[102.81, 136]","[110.58, 73]","[111.2, 44]",108.55,283,4.04,0.17
07:38:41,"[102.06, 129]","[101.48, 23]","[105.56, 63]","[108.0, 52]",103.81,267,3.49,0.14
07:38:42,"[102.0, 110]","[101.0, 11]","[334.34, 38]","[395.64, 39]",218.17,198,232.34,0.22
07:38:43,"[102.0, 70]","[101.0, 7]","[277.8, 15]","[368.36, 25]",189.9,117,175.8,0.32
07:38:44,"[102.0, 43]","[101.0, 5]","[433.0, 5]","[546.0, 20]",267.5,73,331.0,0.32
07:38:45,"[102.0, 154]","[101.0, 13]","[328.72, 25]","[437.65, 37]",215.36,229,226.72,0.46
07:38:46,"[102.17, 88]","[101.56, 18]","[285.67, 27]","[289.0, 27]",193.92,160,183.5,0.33
07:38:47,"[107.0, 36]","[103.29, 84]","[317.03, 37]","[385.41, 41]",212.01,198,210.03,0.21
07:38:48,"[108.0, 16]","[102.97, 62]","[499.89, 37]","[572.0, 40]",303.95,155,391.89,0.01
07:38:49,"[102.8, 25]","[101.87, 23]","[256.65, 17]","[502.43, 21]",179.72,86,153.85,0.12
07:38:50,"[102.0, 43]","[101.0, 9]","[126.33, 12]","[166.3, 30]",114.17,94,24.33,0.11
07:38:51,"[102.0, 52]","[101.0, 11]","[103.0, 11]","[154.68, 38]",102.5,112,1.0,0.12
07:38:52,"[102.0, 20]","[101.0, 5]","[157.93, 15]","[333.95, 19]",129.97,59,55.93,-0.15
07:38:53,"[102.06, 35]","[101.42, 19]","[172.1, 40]","[309.22, 46]",137.08,140,70.04,-0.23
07:38:54,"[101.6, 10]","[100.33, 6]","[169.55, 22]","[171.43, 14]",135.57,52,67.95,-0.38
07:38:55,"[101.0, 9]","[100.0, 9]","[163.62, 32]","[166.82, 22]",132.31,72,62.62,-0.5
07:38:56,"[101.0, 9]","[70.73, 41]","[162.33, 36]","[168.11, 18]",131.67,104,61.33,-0.04
07:38:57,"[101.67, 6]","[95.67, 6]","[159.12, 16]","[162.89, 18]",130.4,46,57.46,-0.48
07:38:58,"[102.0, 13]","[101.0, 13]","[157.52, 46]","[159.24, 34]",129.76,106,55.52,-0.51
07:38:59,"[104.77, 13]","[102.23, 13]","[155.87, 46]","[157.88, 32]",130.32,104,51.1,-0.5
07:39:00,"[111.0, 34]","[108.14, 7]","[155.0, 14]","[156.0, 28]",133.0,83,44.0,-0.01
07:39:01,"[111.0, 120]","[109.0, 15]","[154.2, 41]","[155.42, 38]",132.6,214,43.2,0.26
07:39:02,"[111.0, 52]","[109.0, 14]","[152.3, 46]","[153.25, 44]",131.65,156,41.3,-0.15
07:39:03,"[109.0, 10]","[96.53, 30]","[149.63, 35]","[150.45, 33]",129.31,108,40.63,-0.26
07:39:04,"[101.73, 33]","[92.67, 107]","[144.36, 56]","[145.8, 45]",123.04,241,42.63,0.16
07:39:05,"[109.84, 57]","[99.47, 15]","[140.12, 49]","[141.36, 50]",124.98,171,30.28,-0.16
07:39:06,"[111.0, 32]","[102.0, 13]","[137.0, 52]","[139.0, 26]",124.0,123,26.0,-0.27
07:39:07,"[111.0, 16]","[104.73, 11]","[136.5, 32]","[139.0, 16]",123.75,75,25.5,-0.28
07:39:08,"[111.0, 30]","[107.0, 33]","[135.05, 43]","[136.06, 49]",123.02,155,24.05,-0.19
07:39:09,"[111.0, 24]","[107.0, 54]","[131.86, 43]","[132.82, 34]",121.43,155,20.86,0.01
07:39:10,"[111.0, 35]","[107.17, 144]","[127.08, 71]","[129.13, 60]",119.04,310,16.08,0.15
07:39:11,"[111.0, 9]","[109.0, 27]","[125.78, 36]","[134.0, 18]",118.39,90,14.78,-0.2
07:39:12,"[108.43, 35]","[107.35, 85]","[123.2, 40]","[125.0, 40]",115.81,200,14.77,0.2
07:39:13,"[109.07, 15]","[107.79, 68]","[121.7, 40]","[124.1, 40]",115.38,163,12.63,0.02
07:39:14,"[110.82, 11]","[108.0, 66]","[117.73, 44]","[119.45, 44]",114.27,165,6.91,-0.07
07:39:15,"[111.0, 11]","[108.62, 16]","[115.27, 44]","[116.27, 44]",113.14,115,4.27,-0.53
07:39:16,"[108.07, 46]","[107.02, 127]","[113.23, 39]","[114.2, 40]",110.65,252,5.17,0.37
07:39:17,"[107.51, 80]","[106.95, 132]","[110.92, 39]","[111.91, 45]",109.22,296,3.41,0.43
07:39:18,"[107.0, 108]","[106.0, 18]","[108.81, 32]","[110.12, 34]",107.91,192,1.81,0.31
07:39:19,"[107.0, 70]","[106.0, 18]","[188.22, 37]","[301.33, 39]",147.61,164,81.22,0.07
07:39:20,"[107.18, 44]","[106.67, 36]","[235.7, 30]","[293.34, 38]",171.44,148,128.52,0.08
07:39:21,"[107.4, 50]","[106.71, 34]","[171.48, 31]","[173.07, 29]",139.44,144,64.08,0.17
07:39:22,"[110.72, 53]","[107.29, 51]","[170.0, 27]","[171.0, 45]",140.36,176,59.28,0.18
07:39:23,"[111.0, 30]","[107.0, 30]","[170.71, 21]","[172.42, 19]",140.86,100,59.71,0.2
07:39:24,"[111.0, 66]","[107.0, 66]","[169.63, 54]","[170.98, 42]",140.31,228,58.63,0.16
07:39:25,"[111.0, 42]","[107.0, 42]","[167.91, 33]","[169.33, 30]",139.45,147,56.91,0.14
07:39:26,"[111.0, 96]","[107.0, 96]","[165.37, 65]","[167.14, 79]",138.18,336,54.37,0.14
07:39:27,"[111.0, 60]","[107.0, 60]","[163.0, 40]","[165.0, 50]",137.0,210,52.0,0.14
07:39:28,"[111.0, 54]","[107.0, 54]","[162.02, 41]","[164.0, 40]",136.51,189,51.02,0.14
07:39:29,"[111.0, 80]","[107.0, 96]","[158.91, 65]","[160.26, 65]",134.95,306,47.91,0.15
07:39:30,"[111.0, 46]","[107.0, 72]","[155.04, 53]","[156.14, 51]",133.02,222,44.04,0.06
07:39:31,"[111.0, 22]","[107.0, 66]","[152.17, 48]","[153.25, 48]",131.58,184,41.17,-0.04
07:39:32,"[111.0, 28]","[107.0, 84]","[148.67, 69]","[150.74, 57]",129.83,238,37.67,-0.06
07:39:33,"[111.69, 32]","[108.88, 48]","[144.8, 65]","[146.58, 79]",128.24,224,33.11,-0.29
07:39:34,"[110.67, 12]","[108.67, 12]","[112.29, 28]","[123.0, 24]",111.48,76,1.62,-0.37
07:39:35,"[107.41, 59]","[107.08, 40]","[109.8, 41]","[115.09, 57]",108.61,197,2.4,0.01
07:39:36,"[106.49, 39]","[104.33, 15]","[148.48, 31]","[170.29, 34]",127.49,119,42.0,-0.09
07:39:37,"[102.0, 24]","[101.0, 30]","[150.92, 13]","[152.24, 17]",126.46,84,48.92,0.29
07:39:38,"[102.0, 40]","[101.0, 50]","[131.0, 26]","[146.07, 28]",116.5,144,29.0,0.25
07:39:39,"[102.0, 40]","[96.04, 26]","[112.14, 14]","[113.25, 16]",107.07,96,10.14,0.38
07:39:40,"[102.6, 50]","[101.8, 50]","[106.88, 24]","[108.07, 27]",104.74,151,4.28,0.32
07:39:41,"[102.05, 57]","[98.44, 32]","[127.95, 41]","[232.61, 36]",115.0,166,25.9,0.07
07:39:42,"[106.75, 24]","[107.59, 59]","[200.0, 46]","[331.23, 64]",153.38,193,93.25,-0.14
07:39:43,"[111.0, 17]","[110.0, 49]","[155.0, 35]","[288.21, 19]",133.0,120,44.0,0.1
07:39:44,"[111.0, 25]","[110.0, 63]","[143.48, 31]","[302.22, 27]",127.24,146,32.48,0.21
07:39:45,"[110.17, 29]","[108.33, 43]","[136.96, 23]","[258.29, 21]",123.56,116,26.78,0.24
07:39:46,"[110.0, 23]","[101.0, 8]","[114.0, 16]","[278.38, 16]",112.0,63,4.0,-0.02
07:39:47,"[110.0, 35]","[105.29, 14]","[145.29, 28]","[328.29, 35]",127.64,112,35.29,-0.12
07:39:48,"[110.0, 25]","[107.0, 10]","[356.0, 18]","[442.33, 24]",233.0,77,246.0,-0.09
07:39:49,"[109.86, 21]","[106.0, 12]","[248.33, 18]","[392.69, 26]",179.1,77,138.48,-0.14
07:39:50,"[111.0, 36]","[107.0, 9]","[221.0, 27]","[447.22, 36]",166.0,108,110.0,-0.17
07:39:51,"[111.0, 29]","[107.0, 6]","[220.67, 18]","[398.45, 22]",165.83,75,109.67,-0.07
07:39:52,"[111.0, 55]","[107.0, 7]","[220.0, 21]","[254.74, 23]",165.5,106,109.0,0.17
07:39:53,"[111.0, 49]","[108.89, 19]","[219.14, 21]","[490.57, 28]",165.07,117,108.14,0.16
07:39:54,"[111.0, 63]","[109.0, 27]","[217.22, 27]","[396.8, 30]",164.11,147,106.22,0.22
07:39:55,"[111.0, 56]","[109.0, 24]","[177.11, 27]","[376.25, 24]",144.06,131,66.11,0.22
07:39:56,"[111.0, 63]","[109.0, 27]","[201.6, 25]","[425.75, 24]",156.3,139,90.6,0.29
07:39:57,"[111.05, 83]","[109.47, 51]","[179.17, 53]","[179.65, 55]",145.11,242,68.12,0.11
07:39:58,"[111.18, 44]","[110.14, 42]","[161.31, 36]","[167.69, 39]",136.24,161,50.12,0.07
07:39:59,"[111.0, 106]","[109.0, 48]","[154.59, 64]","[155.23, 62]",132.8,280,43.59,0.1
07:40:00,"[111.07, 118]","[109.8, 55]","[149.51, 43]","[150.97, 59]",130.29,275,38.44,0.26
07:40:01,"[111.0, 90]","[108.78, 27]","[141.5, 30]","[143.85, 26]",126.25,173,30.5,0.35
07:40:02,"[111.0, 117]","[108.0, 26]","[138.55, 51]","[139.53, 45]",124.77,239,27.55,0.2
07:40:03,"[111.0, 167]","[108.0, 38]","[130.0, 63]","[131.3, 69]",120.5,337,19.0,0.22
07:40:04,"[111.0, 85]","[107.71, 48]","[114.91, 53]","[116.96, 83]",112.95,269,3.91,-0.01
07:40:05,"[108.37, 41]","[107.06, 67]","[110.8, 30]","[121.4, 30]",109.58,168,2.43,0.29
07:40:06,"[108.0, 43]","[107.0, 84]","[109.43, 28]","[116.33, 36]",108.71,191,1.43,0.33
07:40:07,"[108.25, 24]","[107.3, 60]","[113.17, 36]","[141.61, 36]",110.71,156,4.92,0.08
07:40:08,"[107.49, 49]","[106.85, 66]","[128.89, 37]","[152.73, 52]",118.19,204,21.4,0.13
07:40:09,"[107.0, 45]","[106.0, 18]","[127.45, 22]","[128.65, 23]",117.23,108,20.45,0.17
07:40:10,"[107.0, 70]","[106.0, 28]","[117.04, 49]","[121.52, 46]",112.02,193,10.04,0.02
07:40:11,"[107.0, 45]","[106.0, 18]","[111.67, 15]","[117.35, 17]",109.33,95,4.67,0.33
07:40:12,"[107.0, 41]","[106.0, 18]","[109.78, 9]","[111.71, 17]",108.39,85,2.78,0.39
07:40:13,"[106.91, 70]","[104.11, 38]","[109.66, 29]","[111.65, 23]",108.28,160,2.74,0.35
07:40:14,"[107.0, 21]","[106.0, 6]","[108.6, 5]","[109.29, 7]",107.8,39,1.6,0.38
07:40:15,"[105.42, 43]","[97.33, 24]","[108.23, 13]","[112.65, 31]",106.82,111,2.81,0.21
07:40:16,"[102.0, 23]","[75.88, 16]","[255.14, 28]","[333.37, 38]",178.57,105,153.14,-0.26
07:40:17,"[102.77, 22]","[84.5, 22]","[192.44, 18]","[377.16, 38]",147.61,100,89.67,-0.12
07:40:18,"[108.92, 24]","[103.71, 59]","[131.52, 25]","[176.83, 35]",120.22,143,22.6,0.16
07:40:19,"[106.89, 61]","[103.35, 51]","[111.0, 22]","[114.0, 33]",108.94,167,4.11,0.34
07:40:20,"[107.56, 81]","[106.0, 9]","[110.11, 18]","[114.0, 27]",108.83,135,2.56,0.33
07:40:21,"[108.92, 74]","[105.2, 10]","[147.26, 19]","[232.2, 30]",128.09,133,38.34,0.26
07:40:22,"[110.89, 74]","[106.94, 17]","[228.0, 27]","[344.22, 27]",169.45,145,117.11,0.26
07:40:23,"[111.0, 93]","[110.0, 72]","[348.0, 27]","[560.73, 33]",229.5,225,237.0,0.47
07:40:24,"[111.0, 67]","[110.0, 64]","[393.93, 28]","[547.08, 36]",252.46,195,282.93,0.34
07:40:25,"[109.64, 22]","[104.91, 11]","[406.0, 35]","[407.0, 35]",257.82,103,296.36,-0.36
07:40:26,"[106.0, 9]","[104.0, 27]","[190.9, 29]","[301.39, 41]",148.45,106,84.9,-0.32
07:40:27,"[105.54, 13]","[103.57, 14]","[201.25, 40]","[496.62, 24]",153.39,91,95.71,-0.41
07:40:28,"[104.0, 16]","[102.0, 8]","[200.38, 40]","[282.0, 24]",152.19,88,96.38,-0.45
07:40:29,"[105.04, 27]","[103.92, 12]","[198.0, 40]","[282.0, 24]",151.52,103,92.96,-0.24
07:40:30,"[106.71, 42]","[105.62, 39]","[196.44, 45]","[490.11, 27]",151.58,153,89.73,0.06
07:40:31,"[107.89, 45]","[106.26, 38]","[195.22, 45]","[547.6, 20]",151.56,148,87.33,0.12
07:40:32,"[108.0, 30]","[107.0, 30]","[193.83, 30]","[211.0, 12]",150.92,102,85.83,0.18
07:40:33,"[108.0, 25]","[107.0, 25]","[193.0, 25]","[361.8, 15]",150.5,90,85.0,0.11
07:40:34,"[108.0, 25]","[107.0, 25]","[190.81, 21]","[192.56, 9]",149.4,80,82.81,0.25
07:40:35,"[108.0, 50]","[107.0, 50]","[142.46, 28]","[175.06, 16]",125.23,144,34.46,0.39
07:40:36,"[108.0, 35]","[107.0, 35]","[110.57, 7]","[171.52, 25]",109.29,102,2.57,0.37
07:40:37,"[107.56, 45]","[106.61, 41]","[108.9, 41]","[140.77, 13]",108.23,140,1.35,0.23
07:40:38,"[106.17, 29]","[104.8, 10]","[108.87, 23]","[175.78, 9]",107.52,71,2.7,0.1
07:40:39,"[106.0, 39]","[104.0, 13]","[107.79, 57]","[109.14, 37]",106.89,146,1.79,-0.29
07:40:40,"[104.0, 10]","[102.0, 70]","[106.44, 34]","[107.92, 13]",105.22,127,2.44,0.26
07:40:41,"[102.3, 60]","[93.3, 90]","[105.61, 36]","[106.1, 51]",103.96,237,3.31,0.27
07:40:42,"[93.39, 38]","[81.57, 42]","[102.85, 26]","[165.12, 24]",98.12,130,9.45,0.23
07:40:43,"[97.69, 49]","[93.35, 52]","[240.64, 39]","[520.44, 34]",169.17,174,142.95,0.16
07:40:44,"[99.0, 30]","[98.0, 70]","[157.42, 36]","[297.91, 43]",128.21,179,58.42,0.12
07:40:45,"[102.91, 34]","[100.52, 52]","[351.83, 30]","[499.0, 29]",227.37,145,248.92,0.19
07:40:46,"[106.0, 33]","[103.14, 35]","[236.0, 18]","[238.87, 15]",171.0,101,130.0,0.35
07:40:47,"[107.17, 36]","[104.75, 24]","[234.25, 12]","[236.0, 24]",170.71,96,127.08,0.25
07:40:48,"[110.74, 23]","[108.84, 31]","[231.7, 20]","[234.62, 13]",171.22,87,120.96,0.24
07:40:49,"[111.0, 26]","[109.0, 39]","[230.8, 25]","[233.29, 14]",170.9,104,119.8,0.25
07:40:50,"[111.0, 24]","[109.0, 36]","[186.0, 26]","[193.22, 18]",148.5,104,75.0,0.15
07:40:51,"[109.49, 35]","[108.5, 34]","[118.14, 21]","[119.94, 32]",113.81,122,8.66,0.13
07:40:52,"[107.81, 80]","[106.82, 50]","[114.71, 24]","[115.25, 24]",111.26,178,6.9,0.46
07:40:53,"[107.0, 45]","[104.0, 11]","[111.31, 13]","[113.2, 20]",109.15,89,4.31,0.26
07:40:54,"[107.0, 33]","[105.96, 90]","[108.8, 10]","[111.0, 20]",107.9,153,1.8,0.61
07:40:55,"[106.25, 53]","[105.86, 59]","[214.48, 21]","[316.41, 29]",160.36,162,108.23,0.38
07:40:56,"[106.0, 37]","[104.0, 7]","[256.29, 21]","[419.86, 35]",181.14,100,150.29,-0.12
07:40:57,"[106.0, 21]","[104.0, 7]","[365.8, 15]","[410.03, 29]",235.9,72,259.8,-0.22
07:40:58,"[110.1, 21]","[107.05, 21]","[210.74, 31]","[411.3, 23]",160.42,96,100.65,-0.12
07:40:59,"[111.0, 30]","[109.0, 20]","[161.57, 42]","[215.65, 26]",136.29,118,50.57,-0.15
07:41:00,"[110.14, 28]","[108.57, 14]","[149.6, 10]","[150.6, 10]",129.87,62,39.46,0.35
07:41:01,"[109.0, 13]","[108.0, 10]","[148.0, 10]","[150.0, 10]",128.5,43,39.0,0.07
07:41:02,"[107.62, 13]","[106.46, 13]","[148.0, 9]","[150.0, 9]",127.81,44,40.38,0.18
07:41:03,"[108.0, 64]","[106.56, 34]","[147.92, 12]","[450.9, 29]",127.96,139,39.92,0.41
07:41:04,"[108.0, 24]","[106.0, 24]","[143.88, 24]","[449.67, 18]",125.94,90,35.88,0.07
07:41:05,"[107.2, 20]","[105.2, 20]","[147.38, 13]","[375.36, 50]",127.29,103,40.18,-0.22
07:41:06,"[106.75, 24]","[105.0, 12]","[134.06, 36]","[136.36, 36]",120.4,108,27.31,-0.33
07:41:07,"[107.0, 24]","[106.0, 11]","[128.64, 22]","[129.82, 22]",117.82,79,21.64,-0.11
07:41:08,"[107.0, 20]","[106.0, 10]","[125.95, 19]","[127.44, 18]",116.47,67,18.95,-0.1
07:41:09,"[107.0, 24]","[106.0, 12]","[112.42, 24]","[117.7, 23]",109.71,83,5.42,-0.13
07:41:10,"[106.4, 20]","[102.85, 40]","[108.46, 26]","[110.46, 26]",107.43,112,2.06,0.07
07:41:11,"[102.12, 34]","[96.0, 60]","[107.17, 12]","[111.0, 12]",104.64,118,5.05,0.59
07:41:12,"[102.0, 47]","[70.62, 42]","[105.23, 13]","[120.0, 8]",103.62,110,3.23,0.62
07:41:13,"[102.0, 55]","[67.11, 94]","[144.0, 16]","[228.57, 40]",123.0,205,42.0,0.45
07:41:14,"[102.13, 46]","[76.32, 81]","[344.93, 44]","[493.15, 26]",223.53,197,242.8,0.29
07:41:15,"[102.46, 39]","[92.89, 28]","[312.0, 35]","[473.71, 14]",207.23,116,209.54,0.16
07:41:16,"[108.94, 192]","[95.84, 133]","[126.36, 28]","[296.66, 62]",117.65,415,17.42,0.57
07:41:17,"[111.0, 136]","[106.0, 7]","[171.88, 16]","[343.62, 16]",141.44,175,60.88,0.63
07:41:18,"[111.0, 285]","[106.0, 15]","[183.51, 35]","[277.95, 40]",147.26,375,72.51,0.6
07:41:19,"[111.03, 156]","[110.62, 84]","[155.0, 36]","[156.0, 24]",133.01,300,43.97,0.6
07:41:20,"[111.0, 114]","[106.0, 6]","[154.67, 18]","[156.0, 12]",132.83,150,43.67,0.6
07:41:21,"[111.0, 228]","[106.0, 12]","[136.79, 34]","[158.38, 26]",123.9,300,25.79,0.6
07:41:22,"[111.0, 206]","[106.65, 23]","[134.86, 35]","[138.04, 28]",122.93,292,23.86,0.57
07:41:23,"[111.0, 175]","[107.0, 50]","[131.59, 46]","[133.29, 34]",121.29,305,20.59,0.48
07:41:24,"[111.0, 169]","[108.75, 72]","[130.67, 49]","[131.82, 45]",120.84,335,19.67,0.44
07:41:25,"[111.0, 149]","[110.0, 78]","[125.67, 39]","[127.68, 25]",118.33,291,14.67,0.56
07:41:26,"[111.0, 77]","[110.0, 42]","[123.57, 23]","[124.12, 25]",117.28,167,12.57,0.43
07:41:27,"[111.0, 154]","[107.63, 114]","[120.25, 24]","[121.84, 32]",115.62,324,9.25,0.65
07:41:28,"[111.0, 110]","[107.0, 90]","[116.45, 38]","[119.12, 16]",113.72,254,5.45,0.57
07:41:29,"[111.0, 138]","[107.62, 68]","[113.92, 65]","[114.51, 53]",112.46,324,2.92,0.27
07:41:30,"[111.0, 112]","[110.0, 28]","[113.18, 38]","[114.38, 64]",112.09,242,2.18,0.16
07:41:31,"[111.0, 48]","[110.0, 24]","[115.75, 32]","[144.75, 40]",113.38,144,4.75,0.0
07:41:32,"[111.0, 40]","[110.0, 20]","[115.75, 12]","[119.55, 22]",113.38,94,4.75,0.28
07:41:33,"[111.0, 34]","[110.0, 20]","[222.62, 40]","[358.86, 28]",166.81,122,111.62,-0.11
07:41:34,"[110.89, 18]","[108.41, 34]","[393.71, 41]","[443.36, 42]",252.3,135,282.82,-0.23
07:41:35,"[110.0, 13]","[107.18, 99]","[220.04, 52]","[329.24, 29]",165.02,193,110.04,0.16
07:41:36,"[107.63, 46]","[106.96, 70]","[188.83, 24]","[190.0, 60]",148.23,200,81.2,0.16
07:41:37,"[108.0, 27]","[107.0, 63]","[188.0, 18]","[190.0, 45]",148.0,153,80.0,0.18
07:41:38,"[107.22, 54]","[106.82, 34]","[186.08, 26]","[213.9, 20]",146.65,134,78.85,0.31
07:41:39,"[107.0, 49]","[106.0, 7]","[173.0, 20]","[254.33, 9]",140.0,85,66.0,0.32
07:41:40,"[107.0, 56]","[106.0, 8]","[184.25, 16]","[309.0, 8]",145.62,88,77.25,0.45
07:41:41,"[107.72, 36]","[107.08, 24]","[182.75, 24]","[216.68, 56]",145.24,140,75.03,-0.14
07:41:42,"[109.13, 15]","[107.23, 13]","[181.33, 18]","[215.0, 45]",145.23,91,72.2,-0.38
07:41:43,"[107.74, 27]","[106.04, 57]","[180.58, 24]","[340.8, 20]",144.16,128,72.84,0.31
07:41:44,"[107.0, 24]","[106.0, 60]","[180.0, 24]","[442.5, 40]",143.5,148,73.0,0.14
07:41:45,"[107.0, 18]","[105.87, 31]","[180.0, 28]","[400.73, 33]",143.5,110,73.0,-0.11
07:41:46,"[106.67, 24]","[105.6, 20]","[178.23, 39]","[204.45, 33]",142.45,116,71.56,-0.24
07:41:47,"[103.39, 33]","[99.33, 51]","[175.64, 39]","[176.92, 24]",139.52,147,72.25,0.14
07:41:48,"[102.0, 110]","[62.67, 15]","[165.33, 30]","[174.29, 35]",133.67,190,63.33,0.32
07:41:49,"[102.78, 100]","[101.35, 68]","[173.62, 40]","[175.0, 16]",138.2,224,70.84,0.5
07:41:50,"[102.64, 92]","[90.33, 127]","[164.94, 52]","[165.0, 34]",133.79,305,62.3,0.44
07:41:51,"[103.29, 56]","[102.0, 154]","[149.85, 65]","[152.23, 61]",126.57,336,46.56,0.25
07:41:52,"[104.34, 35]","[102.15, 107]","[144.4, 40]","[145.85, 27]",124.37,209,40.06,0.36
07:41:53,"[105.0, 36]","[102.0, 132]","[143.27, 30]","[144.14, 42]",124.13,240,38.27,0.4
07:41:54,"[109.67, 61]","[103.28, 78]","[141.73, 30]","[143.83, 48]",125.7,217,32.06,0.28
07:41:55,"[111.0, 60]","[110.0, 20]","[138.21, 39]","[139.33, 24]",124.6,143,27.21,0.12
07:41:56,"[111.0, 72]","[110.0, 24]","[133.36, 36]","[134.9, 41]",122.18,173,22.36,0.11
07:41:57,"[111.0, 96]","[110.0, 32]","[131.25, 80]","[133.0, 64]",121.12,272,20.25,-0.06
07:41:58,"[111.0, 32]","[110.0, 16]","[129.42, 12]","[130.31, 39]",120.21,99,18.42,-0.03
07:41:59,"[105.61, 62]","[101.74, 68]","[128.02, 61]","[129.25, 20]",116.81,211,22.4,0.23
07:42:00,"[104.0, 104]","[102.0, 143]","[124.4, 30]","[124.81, 27]",114.2,304,20.4,0.62
07:42:01,"[102.23, 78]","[74.32, 114]","[117.68, 37]","[119.41, 17]",109.95,246,15.44,0.56
07:42:02,"[102.18, 99]","[78.72, 134]","[114.01, 74]","[115.31, 45]",108.1,352,11.83,0.32
07:42:03,"[103.42, 89]","[85.14, 86]","[108.14, 28]","[114.28, 39]",105.78,242,4.73,0.45
07:42:04,"[102.0, 46]","[72.5, 100]","[103.0, 48]","[112.0, 24]",102.5,218,1.0,0.34
07:42:05,"[77.78, 98]","[59.9, 73]","[101.14, 29]","[104.39, 36]",89.46,236,23.36,0.45
07:42:06,"[78.11, 106]","[48.6, 85]","[95.0, 40]","[99.0, 36]",86.56,267,16.89,0.43
07:42:07,"[74.33, 72]","[43.83, 120]","[97.86, 28]","[100.5, 48]",86.1,268,23.52,0.43
07:42:08,"[84.9, 51]","[79.53, 77]","[97.25, 16]","[100.5, 24]",91.08,168,12.35,0.52
07:42:09,"[91.62, 39]","[90.84, 43]","[97.65, 17]","[100.8, 30]",94.63,129,6.03,0.27
07:42:10,"[93.67, 27]","[92.0, 54]","[100.4, 10]","[102.78, 36]",97.03,127,6.73,0.28
07:42:11,"[95.08, 39]","[93.43, 77]","[102.83, 35]","[145.74, 38]",98.95,189,7.75,0.23
07:42:12,"[96.88, 58]","[95.85, 80]","[103.0, 40]","[143.0, 30]",99.94,208,6.12,0.33
07:42:13,"[100.28, 53]","[98.62, 37]","[143.0, 33]","[389.92, 39]",121.64,162,42.72,0.11
07:42:14,"[108.67, 45]","[107.55, 33]","[141.6, 43]","[198.41, 34]",125.14,155,32.94,0.01
07:42:15,"[110.08, 36]","[108.66, 44]","[141.0, 40]","[255.18, 40]",125.54,160,30.92,0.0
07:42:16,"[109.04, 46]","[107.31, 32]","[140.35, 46]","[213.27, 44]",124.7,168,31.3,-0.07
07:42:17,"[111.0, 7]","[109.0, 35]","[140.26, 31]","[224.91, 32]",125.63,105,29.26,-0.2
07:42:18,"[109.74, 19]","[108.49, 47]","[138.1, 40]","[242.25, 40]",123.92,146,28.36,-0.1
07:42:19,"[108.54, 26]","[106.73, 22]","[135.62, 26]","[248.0, 23]",122.08,97,27.08,-0.01
07:42:20,"[107.13, 31]","[106.18, 33]","[118.88, 43]","[129.16, 38]",113.01,145,11.75,-0.12
07:42:21,"[107.73, 22]","[106.56, 27]","[109.71, 34]","[129.25, 32]",108.72,115,1.98,-0.15
07:42:22,"[108.0, 125]","[106.6, 45]","[116.32, 50]","[149.27, 51]",112.16,271,8.32,0.25
07:42:23,"[107.38, 52]","[106.21, 38]","[129.5, 48]","[130.5, 48]",118.44,186,22.12,-0.03
07:42:24,"[106.49, 41]","[105.36, 22]","[126.58, 48]","[128.0, 48]",116.54,159,20.1,-0.21
07:42:25,"[106.0, 48]","[104.0, 16]","[123.0, 64]","[125.19, 64]",114.5,192,17.0,-0.33
07:42:26,"[106.0, 24]","[104.0, 8]","[120.88, 32]","[170.67, 30]",113.44,94,14.88,-0.32
07:42:27,"[104.59, 17]","[92.56, 32]","[120.27, 44]","[415.09, 33]",112.43,126,15.68,-0.22
07:42:28,"[95.52, 31]","[85.18, 57]","[101.5, 34]","[255.65, 23]",98.51,145,5.98,0.21
07:42:29,"[71.23, 26]","[44.79, 24]","[233.5, 8]","[392.75, 8]",152.37,66,162.27,0.52
07:42:30,"[71.22, 51]","[56.73, 49]","[343.3, 23]","[426.63, 30]",207.26,153,272.09,0.31
07:42:31,"[97.0, 25]","[83.4, 10]","[241.2, 10]","[297.27, 11]",169.1,56,144.2,0.25
07:42:32,"[97.29, 35]","[75.69, 80]","[229.27, 26]","[286.25, 24]",163.28,165,131.98,0.39
07:42:33,"[102.0, 36]","[93.72, 32]","[114.07, 28]","[115.45, 22]",108.04,118,12.07,0.15
07:42:34,"[105.0, 36]","[104.0, 54]","[111.2, 25]","[112.19, 26]",108.1,141,6.2,0.28
07:42:35,"[106.7, 46]","[104.24, 68]","[110.24, 34]","[111.46, 39]",108.47,187,3.54,0.22
07:42:36,"[105.95, 37]","[103.14, 59]","[109.92, 36]","[111.0, 36]",107.93,168,3.97,0.14
07:42:37,"[103.38, 16]","[102.19, 26]","[108.0, 24]","[109.0, 24]",105.69,90,4.62,-0.07
07:42:38,"[103.0, 24]","[102.0, 36]","[105.92, 36]","[125.83, 36]",104.46,132,2.92,-0.09
07:42:39,"[103.0, 12]","[102.0, 18]","[104.83, 18]","[205.33, 18]",103.92,66,1.83,-0.09
07:42:40,"[103.25, 16]","[101.05, 38]","[183.25, 24]","[243.62, 24]",143.25,102,80.0,0.06
07:42:41,"[102.0, 9]","[101.0, 54]","[283.84, 25]","[300.33, 27]",192.92,115,181.84,0.1
07:42:42,"[103.12, 16]","[101.54, 13]","[207.25, 16]","[244.38, 16]",155.19,61,104.12,-0.05
07:42:43,"[107.82, 11]","[103.38, 8]","[203.2, 20]","[280.59, 17]",155.51,56,95.38,-0.32
07:42:44,"[107.9, 39]","[103.93, 15]","[206.0, 30]","[403.05, 21]",156.95,105,98.1,0.03
07:42:45,"[107.0, 29]","[105.24, 21]","[169.64, 33]","[331.73, 22]",138.32,105,62.64,-0.05
07:42:46,"[107.75, 24]","[106.2, 15]","[260.74, 19]","[318.42, 24]",184.24,82,152.99,-0.05
07:42:47,"[108.11, 54]","[107.0, 9]","[201.0, 9]","[246.5, 24]",154.56,96,92.89,0.31
07:42:48,"[109.33, 36]","[107.0, 6]","[200.0, 6]","[268.67, 18]",154.67,66,90.67,0.27
07:42:49,"[110.6, 15]","[109.95, 55]","[200.0, 10]","[304.78, 27]",155.3,107,89.4,0.31
07:42:50,"[111.0, 12]","[110.0, 72]","[199.5, 12]","[361.73, 33]",155.25,129,88.5,0.3
07:42:51,"[111.0, 145]","[110.0, 66]","[124.36, 11]","[132.64, 11]",117.68,233,13.36,0.81
07:42:52,"[111.0, 91]","[110.0, 30]","[124.0, 5]","[356.73, 11]",117.5,137,13.0,0.77
07:42:53,"[111.0, 108]","[110.0, 36]","[123.33, 6]","[323.33, 18]",117.17,168,12.33,0.71
07:42:54,"[111.0, 216]","[110.0, 72]","[121.92, 12]","[188.86, 14]",116.46,314,10.92,0.83
07:42:55,"[111.0, 216]","[110.0, 72]","[119.92, 12]","[122.0, 12]",115.46,312,8.92,0.85
07:42:56,"[111.0, 170]","[110.0, 60]","[119.0, 10]","[122.0, 10]",115.0,250,8.0,0.84
07:42:57,"[111.0, 141]","[110.0, 94]","[118.0, 13]","[119.0, 13]",114.5,261,7.0,0.8
07:42:58,"[111.0, 106]","[110.0, 140]","[116.79, 14]","[118.43, 14]",113.89,274,5.79,0.8
07:42:59,"[111.0, 82]","[110.0, 80]","[113.53, 15]","[114.79, 14]",112.27,191,2.53,0.7
07:43:00,"[111.0, 45]","[110.0, 78]","[112.47, 17]","[113.36, 22]",111.74,162,1.47,0.52
07:43:01,"[110.08, 52]","[109.0, 48]","[111.58, 12]","[196.0, 19]",110.83,131,1.51,0.53
07:43:02,"[110.0, 58]","[108.12, 34]","[111.73, 11]","[318.0, 15]",110.86,118,1.73,0.56
07:43:03,"[110.0, 50]","[109.0, 44]","[111.1, 10]","[352.3, 20]",110.55,124,1.1,0.52
07:43:04,"[110.0, 47]","[109.0, 40]","[123.46, 13]","[186.53, 17]",116.73,117,13.46,0.49
07:43:05,"[110.32, 38]","[108.71, 34]","[380.6, 10]","[432.0, 30]",245.46,112,270.28,0.29
07:43:06,"[111.0, 168]","[110.0, 28]","[255.94, 18]","[428.85, 40]",183.47,254,144.94,0.54
07:43:07,"[111.0, 156]","[110.0, 26]","[191.82, 44]","[335.2, 30]",151.41,256,80.82,0.42
07:43:08,"[111.0, 129]","[110.0, 20]","[218.0, 20]","[380.33, 36]",164.5,205,107.0,0.45
07:43:09,"[111.0, 112]","[110.0, 38]","[275.0, 12]","[453.0, 24]",193.0,186,164.0,0.61
07:43:10,"[111.0, 80]","[109.76, 50]","[354.94, 18]","[478.0, 23]",232.97,171,243.94,0.52
07:43:11,"[111.0, 48]","[110.0, 36]","[166.22, 27]","[409.36, 11]",138.61,122,55.22,0.38
07:43:12,"[110.92, 48]","[109.92, 48]","[187.0, 36]","[227.49, 37]",148.96,169,76.08,0.14
07:43:13,"[110.0, 28]","[109.0, 40]","[187.0, 30]","[296.3, 30]",148.5,128,77.0,0.06
07:43:14,"[110.91, 11]","[109.56, 9]","[186.67, 18]","[292.33, 18]",148.79,56,75.76,-0.29
07:43:15,"[111.0, 24]","[110.0, 12]","[182.8, 30]","[205.5, 20]",146.9,86,71.8,-0.16
07:43:16,"[111.0, 16]","[110.0, 8]","[185.0, 24]","[268.75, 8]",148.0,56,74.0,-0.14
07:43:17,"[111.0, 12]","[110.0, 6]","[182.31, 16]","[210.0, 8]",146.66,42,71.31,-0.14
07:43:18,"[110.22, 18]","[109.03, 58]","[129.71, 42]","[155.36, 44]",119.97,162,19.49,-0.06
07:43:19,"[108.3, 47]","[108.0, 56]","[122.13, 23]","[123.18, 33]",115.21,159,13.83,0.3
07:43:20,"[108.0, 86]","[107.0, 77]","[121.36, 22]","[123.0, 33]",114.68,218,13.36,0.5
07:43:21,"[108.36, 143]","[107.26, 107]","[118.76, 34]","[123.0, 51]",113.56,335,10.4,0.49
07:43:22,"[108.0, 105]","[107.0, 43]","[116.42, 31]","[118.27, 44]",112.21,223,8.42,0.33
07:43:23,"[108.0, 86]","[107.0, 42]","[113.33, 27]","[114.94, 32]",110.67,187,5.33,0.37
07:43:24,"[108.0, 70]","[107.0, 42]","[110.86, 36]","[112.38, 34]",109.43,182,2.86,0.23
07:43:25,"[108.0, 16]","[107.0, 24]","[109.1, 20]","[111.0, 12]",108.55,72,1.1,0.11
07:43:26,"[108.0, 11]","[107.0, 30]","[113.36, 33]","[149.66, 32]",110.68,106,5.36,-0.23
07:43:27,"[108.0, 12]","[107.0, 36]","[112.04, 45]","[150.14, 43]",110.02,136,4.04,-0.29
07:43:28,"[107.0, 39]","[106.0, 65]","[111.43, 53]","[191.85, 52]",109.22,209,4.43,-0.0
07:43:29,"[106.47, 38]","[105.76, 34]","[108.27, 22]","[109.88, 34]",107.37,128,1.8,0.12
07:43:30,"[102.82, 73]","[101.97, 67]","[205.88, 34]","[347.79, 43]",154.35,217,103.06,0.29
07:43:31,"[102.0, 98]","[101.0, 14]","[314.79, 19]","[331.47, 17]",208.39,148,212.79,0.51
07:43:32,"[101.95, 123]","[99.86, 42]","[271.46, 35]","[323.17, 24]",186.7,224,169.51,0.47
07:43:33,"[101.92, 49]","[100.06, 34]","[316.91, 22]","[318.0, 22]",209.41,127,214.99,0.31
07:43:34,"[101.0, 28]","[88.57, 162]","[252.26, 38]","[285.71, 34]",176.63,262,151.26,0.45
07:43:35,"[95.08, 145]","[54.83, 46]","[195.55, 40]","[229.09, 33]",145.32,264,100.47,0.45
07:43:36,"[98.48, 125]","[77.12, 80]","[180.9, 51]","[190.69, 36]",139.69,292,82.42,0.4
07:43:37,"[107.62, 45]","[90.78, 82]","[162.0, 28]","[165.37, 49]",134.81,204,54.38,0.25
07:43:38,"[109.69, 91]","[107.0, 39]","[159.53, 62]","[160.66, 29]",134.61,221,49.84,0.18
07:43:39,"[111.0, 93]","[107.0, 45]","[155.48, 33]","[157.03, 72]",133.24,243,44.48,0.14
07:43:40,"[111.0, 100]","[109.0, 60]","[152.42, 48]","[154.97, 36]",131.71,244,41.42,0.31
07:43:41,"[111.0, 126]","[109.0, 75]","[149.18, 33]","[150.06, 36]",130.09,270,38.18,0.49
07:43:42,"[111.0, 108]","[109.73, 55]","[145.62, 26]","[147.54, 26]",128.31,215,34.62,0.52
07:43:43,"[111.0, 112]","[110.0, 68]","[141.16, 43]","[142.31, 58]",126.08,281,30.16,0.28
07:43:44,"[111.0, 58]","[109.62, 52]","[136.83, 24]","[138.33, 39]",123.92,173,25.83,0.27
07:43:45,"[111.0, 50]","[109.32, 22]","[132.65, 23]","[134.04, 23]",121.83,118,21.65,0.22
07:43:46,"[111.0, 46]","[110.0, 10]","[129.1, 20]","[131.0, 50]",120.05,126,18.1,-0.11
07:43:47,"[111.0, 19]","[110.0, 12]","[127.07, 30]","[128.79, 39]",119.03,100,16.07,-0.38
07:43:48,"[111.0, 22]","[110.0, 11]","[123.58, 31]","[125.74, 46]",117.29,110,12.58,-0.4
07:43:49,"[111.0, 30]","[110.0, 15]","[119.93, 45]","[121.0, 36]",115.47,126,8.93,-0.29
07:43:50,"[110.57, 23]","[109.64, 11]","[114.37, 38]","[115.44, 32]",112.47,104,3.8,-0.35
07:43:51,"[107.85, 52]","[106.19, 126]","[109.44, 63]","[110.73, 44]",108.65,285,1.6,0.25
07:43:52,"[106.02, 135]","[104.93, 45]","[107.68, 38]","[117.38, 42]",106.85,260,1.66,0.38
07:43:53,"[106.0, 132]","[102.0, 12]","[107.42, 24]","[230.81, 32]",106.71,200,1.42,0.44
07:43:54,"[107.81, 85]","[106.31, 103]","[190.0, 44]","[386.27, 11]",148.91,243,82.19,0.55
07:43:55,"[110.51, 37]","[107.51, 119]","[113.71, 31]","[149.5, 34]",112.11,221,3.2,0.41
07:43:56,"[109.0, 54]","[106.67, 66]","[296.67, 9]","[502.78, 9]",202.83,138,187.67,0.74
07:43:57,"[109.0, 83]","[108.0, 121]","[288.0, 12]","[437.9, 20]",198.5,236,179.0,0.73
07:43:58,"[109.0, 27]","[108.0, 77]","[285.33, 12]","[511.11, 9]",197.17,125,176.33,0.66
07:43:59,"[109.0, 9]","[108.0, 99]","[198.62, 16]","[377.0, 13]",153.81,137,89.62,0.58
07:44:00,"[109.0, 10]","[108.0, 110]","[139.6, 20]","[403.0, 17]",124.3,157,30.6,0.53
07:44:01,"[109.0, 9]","[108.0, 99]","[138.33, 18]","[431.64, 14]",123.67,140,29.33,0.54
07:44:02,"[108.0, 36]","[106.0, 8]","[136.8, 20]","[299.43, 14]",122.4,78,28.8,0.13
07:44:03,"[107.33, 24]","[104.67, 12]","[136.63, 35]","[152.35, 23]",121.98,94,29.3,-0.23
07:44:04,"[106.0, 7]","[104.0, 7]","[135.79, 19]","[137.25, 16]",120.89,49,29.79,-0.43
07:44:05,"[101.0, 20]","[53.67, 18]","[134.24, 21]","[135.86, 29]",117.62,88,33.24,-0.14
07:44:06,"[101.0, 26]","[68.09, 65]","[130.5, 38]","[132.26, 27]",115.75,156,29.5,0.17
07:44:07,"[101.0, 7]","[73.0, 26]","[128.86, 14]","[131.18, 11]",114.93,58,27.86,0.14
07:44:08,"[92.2, 60]","[81.76, 37]","[108.0, 31]","[115.65, 34]",100.1,162,15.8,0.2
07:44:09,"[10.0, 8]","[0, 0]","[98.0, 4]","[99.0, 5]",54.0,17,88.0,-0.06
07:44:10,"[68.25, 64]","[0, 0]","[97.73, 15]","[102.85, 27]",82.99,106,29.48,0.21
07:44:11,"[63.89, 36]","[69.0, 32]","[96.0, 7]","[98.0, 28]",79.94,103,32.11,0.32
07:44:12,"[82.0, 18]","[69.47, 38]","[225.25, 12]","[341.92, 12]",153.62,80,143.25,0.4
07:44:13,"[102.0, 21]","[77.16, 31]","[302.57, 21]","[547.0, 9]",202.29,82,200.57,0.27
07:44:14,"[106.71, 51]","[94.5, 12]","[389.14, 14]","[467.6, 10]",247.92,87,282.44,0.45
07:44:15,"[108.0, 64]","[107.58, 33]","[360.0, 32]","[443.75, 24]",234.0,153,252.0,0.27
07:44:16,"[111.0, 8]","[110.0, 12]","[360.0, 16]","[505.4, 10]",235.5,46,249.0,-0.13
07:44:17,"[111.0, 38]","[110.0, 15]","[336.71, 17]","[396.76, 17]",223.85,87,225.71,0.22
07:44:18,"[111.0, 28]","[110.0, 12]","[437.0, 12]","[592.33, 12]",274.0,64,326.0,0.25
07:44:19,"[111.0, 45]","[110.0, 27]","[403.33, 36]","[664.17, 24]",257.17,132,292.33,0.09
07:44:20,"[111.0, 50]","[110.0, 30]","[392.3, 40]","[463.0, 30]",251.65,150,281.3,0.07
07:44:21,"[111.0, 45]","[110.0, 27]","[341.26, 35]","[530.38, 32]",226.13,139,230.26,0.04
07:44:22,"[110.13, 38]","[109.12, 25]","[217.92, 48]","[259.71, 42]",164.02,153,107.79,-0.18
07:44:23,"[108.26, 93]","[107.07, 224]","[157.06, 52]","[184.15, 53]",132.66,422,48.8,0.5
07:44:24,"[108.0, 117]","[107.0, 312]","[149.12, 51]","[150.13, 52]",128.56,532,41.12,0.61
07:44:25,"[108.0, 90]","[107.0, 240]","[146.28, 39]","[147.21, 48]",127.14,417,38.28,0.58
07:44:26,"[108.06, 131]","[107.02, 344]","[143.05, 60]","[144.15, 60]",125.56,595,34.99,0.6
07:44:27,"[108.57, 94]","[107.16, 256]","[139.75, 51]","[141.17, 53]",124.16,454,31.17,0.54
07:44:28,"[108.0, 86]","[107.0, 336]","[136.71, 51]","[137.87, 61]",122.35,534,28.71,0.58
07:44:29,"[108.0, 36]","[107.0, 216]","[117.96, 23]","[133.04, 28]",112.98,303,9.96,0.66
07:44:30,"[108.0, 44]","[107.0, 264]","[116.0, 44]","[117.0, 33]",112.0,385,8.0,0.6
07:44:31,"[110.0, 104]","[108.0, 48]","[113.17, 46]","[114.27, 44]",111.59,242,3.17,0.26
07:44:32,"[109.26, 61]","[108.28, 50]","[110.62, 39]","[129.73, 37]",109.94,187,1.35,0.19
07:44:33,"[109.0, 42]","[108.0, 56]","[110.0, 29]","[415.82, 39]",109.5,166,1.0,0.18
07:44:34,"[109.0, 33]","[108.0, 44]","[110.0, 22]","[251.0, 22]",109.5,121,1.0,0.27
07:44:35,"[109.0, 14]","[108.0, 32]","[132.5, 16]","[285.25, 16]",120.75,78,23.5,0.18
07:44:36,"[109.0, 6]","[108.0, 24]","[249.83, 12]","[411.0, 12]",179.42,54,140.83,0.11
07:44:37,"[109.0, 12]","[107.19, 148]","[418.25, 24]","[464.83, 24]",263.62,208,309.25,0.54
07:44:38,"[109.0, 9]","[107.0, 216]","[408.76, 34]","[415.8, 20]",258.88,279,299.76,0.61
07:44:39,"[107.01, 232]","[105.43, 56]","[240.08, 24]","[366.06, 34]",173.55,346,133.07,0.66
07:44:40,"[107.0, 163]","[105.43, 56]","[281.0, 18]","[294.0, 18]",194.0,255,174.0,0.72
07:44:41,"[107.92, 90]","[107.01, 81]","[275.9, 20]","[357.64, 28]",191.91,219,167.98,0.56
07:44:42,"[110.69, 26]","[108.17, 63]","[187.0, 30]","[260.12, 32]",148.85,151,76.31,0.18
07:44:43,"[109.31, 93]","[107.89, 45]","[180.73, 30]","[196.23, 26]",145.02,194,71.42,0.42
07:44:44,"[108.0, 134]","[107.0, 36]","[179.08, 48]","[212.89, 45]",143.54,263,71.08,0.29
07:44:45,"[108.51, 53]","[107.89, 111]","[178.0, 52]","[266.23, 53]",143.25,269,69.49,0.22
07:44:46,"[108.05, 64]","[107.29, 38]","[175.21, 43]","[224.74, 34]",141.63,179,67.16,0.14
07:44:47,"[109.0, 40]","[108.0, 56]","[176.38, 32]","[298.8, 10]",142.69,138,67.38,0.39
07:44:48,"[109.0, 38]","[108.0, 56]","[175.25, 32]","[432.64, 11]",142.12,137,66.25,0.37
07:44:49,"[109.68, 62]","[108.15, 78]","[282.53, 55]","[408.11, 18]",196.1,213,172.85,0.31
07:44:50,"[111.0, 90]","[110.0, 18]","[228.0, 21]","[431.5, 16]",169.5,145,117.0,0.49
07:44:51,"[111.0, 75]","[110.0, 20]","[365.5, 20]","[440.21, 19]",238.25,134,254.5,0.42
07:44:52,"[111.0, 154]","[110.0, 36]","[242.54, 37]","[276.14, 36]",176.77,263,131.54,0.44
07:44:53,"[111.0, 130]","[110.0, 20]","[189.9, 20]","[207.0, 32]",150.45,202,78.9,0.49
07:44:54,"[111.0, 117]","[110.0, 18]","[188.11, 18]","[203.11, 18]",149.56,171,77.11,0.58
07:44:55,"[111.0, 142]","[110.0, 28]","[185.43, 28]","[187.21, 28]",148.21,226,74.43,0.5
07:44:56,"[111.0, 56]","[110.0, 14]","[182.14, 14]","[183.29, 14]",146.57,98,71.14,0.43
07:44:57,"[111.0, 80]","[110.0, 20]","[179.36, 22]","[181.0, 24]",145.18,146,68.36,0.37
07:44:58,"[111.0, 80]","[110.0, 20]","[175.44, 36]","[177.33, 24]",143.22,160,64.44,0.25
07:44:59,"[111.0, 72]","[110.0, 18]","[174.42, 24]","[175.36, 28]",142.71,142,63.42,0.27
07:45:00,"[111.0, 104]","[110.0, 26]","[161.56, 50]","[162.89, 38]",136.28,218,50.56,0.19
07:45:01,"[111.0, 120]","[110.0, 30]","[155.95, 44]","[157.78, 36]",133.48,230,44.95,0.3
07:45:02,"[111.0, 50]","[110.0, 14]","[152.83, 24]","[154.57, 28]",131.92,116,41.83,0.1
07:45:03,"[111.0, 105]","[110.0, 26]","[150.48, 31]","[154.67, 30]",130.74,192,39.48,0.36
07:45:04,"[111.0, 100]","[110.0, 22]","[146.61, 23]","[147.71, 28]",128.8,173,35.61,0.41
07:45:05,"[111.0, 90]","[110.0, 20]","[141.75, 24]","[143.8, 20]",126.38,154,30.75,0.43
07:45:06,"[111.0, 170]","[109.39, 46]","[137.65, 40]","[138.7, 37]",124.33,293,26.65,0.47
07:45:07,"[111.0, 96]","[110.0, 8]","[131.89, 18]","[133.22, 18]",121.44,140,20.89,0.49
07:45:08,"[111.0, 130]","[110.0, 10]","[128.0, 20]","[129.29, 21]",119.5,181,17.0,0.55
07:45:09,"[111.0, 90]","[110.0, 10]","[124.57, 23]","[125.96, 23]",117.78,146,13.57,0.37
07:45:10,"[111.0, 63]","[110.0, 11]","[122.05, 20]","[123.6, 15]",116.53,109,11.05,0.36
07:45:11,"[111.0, 56]","[110.0, 18]","[118.78, 18]","[119.78, 18]",114.89,110,7.78,0.35
07:45:12,"[110.55, 22]","[109.38, 16]","[116.25, 16]","[118.62, 16]",113.4,70,5.7,0.09
07:45:13,"[109.26, 27]","[108.26, 54]","[111.12, 34]","[112.76, 34]",110.19,149,1.86,0.09
07:45:14,"[107.94, 35]","[107.18, 34]","[110.0, 18]","[152.33, 30]",108.97,117,2.06,0.18
07:45:15,"[107.0, 12]","[106.0, 10]","[247.16, 38]","[235.0, 20]",177.08,80,140.16,-0.45
07:45:16,"[107.0, 8]","[106.0, 8]","[535.54, 28]","[683.38, 16]",321.27,60,428.54,-0.47
07:45:17,"[107.38, 8]","[106.38, 8]","[315.0, 40]","[644.0, 8]",211.19,64,207.62,-0.5
07:45:18,"[107.0, 7]","[106.0, 7]","[360.0, 35]","[534.67, 15]",233.5,64,253.0,-0.56
07:45:19,"[107.0, 10]","[106.0, 10]","[418.5, 50]","[432.0, 50]",262.75,120,311.5,-0.67
07:45:20,"[107.0, 7]","[106.0, 7]","[414.32, 31]","[419.0, 31]",260.66,76,307.32,-0.63
07:45:21,"[105.25, 40]","[105.0, 10]","[353.15, 46]","[378.24, 38]",229.2,134,247.9,-0.25
07:45:22,"[103.89, 38]","[97.25, 8]","[229.86, 35]","[368.57, 37]",166.88,118,125.96,-0.22
07:45:23,"[106.29, 42]","[95.33, 18]","[276.38, 77]","[301.05, 87]",191.33,224,170.09,-0.46
07:45:24,"[103.43, 23]","[96.4, 15]","[213.68, 44]","[215.5, 44]",158.56,126,110.25,-0.4
07:45:25,"[101.21, 29]","[92.44, 27]","[209.8, 51]","[210.92, 48]",155.51,155,108.6,-0.28
07:45:26,"[103.6, 15]","[98.5, 42]","[166.74, 65]","[170.45, 62]",135.17,184,63.14,-0.38
07:45:27,"[106.0, 70]","[101.0, 20]","[154.48, 46]","[155.67, 42]",130.24,178,48.48,0.01
07:45:28,"[106.65, 20]","[105.89, 93]","[150.66, 64]","[152.0, 62]",128.65,239,44.01,-0.05
07:45:29,"[111.0, 30]","[107.0, 10]","[148.9, 50]","[150.81, 47]",129.95,137,37.9,-0.42
07:45:30,"[111.0, 54]","[107.0, 16]","[127.68, 72]","[137.11, 75]",119.34,217,16.68,-0.35
07:45:31,"[106.23, 26]","[102.03, 40]","[112.0, 40]","[221.3, 50]",109.12,156,5.77,-0.15
07:45:32,"[108.25, 60]","[101.85, 53]","[138.23, 47]","[253.39, 66]",123.24,226,29.98,0.0
07:45:33,"[110.7, 66]","[104.75, 32]","[195.9, 20]","[421.6, 50]",153.3,168,85.2,0.17
07:45:34,"[106.0, 18]","[101.0, 36]","[194.0, 18]","[297.2, 41]",150.0,113,88.0,-0.04
07:45:35,"[101.71, 14]","[84.34, 41]","[194.0, 16]","[277.8, 10]",147.86,81,92.29,0.36
07:45:36,"[101.5, 8]","[84.8, 40]","[194.0, 16]","[265.33, 12]",147.75,76,92.5,0.26
07:45:37,"[106.64, 33]","[101.25, 8]","[159.26, 31]","[228.5, 16]",132.95,88,52.62,-0.07
07:45:38,"[107.0, 24]","[101.0, 4]","[193.0, 8]","[286.0, 8]",150.0,44,86.0,0.27
07:45:39,"[107.0, 60]","[101.0, 10]","[185.17, 23]","[242.23, 26]",146.09,119,78.17,0.18
07:45:40,"[108.52, 69]","[106.89, 55]","[180.55, 38]","[191.06, 32]",144.54,194,72.03,0.28
07:45:41,"[109.0, 56]","[107.68, 114]","[118.65, 26]","[142.46, 41]",113.83,237,9.65,0.43
07:45:42,"[109.52, 23]","[108.06, 69]","[172.84, 32]","[191.37, 41]",141.18,165,63.32,0.12
07:45:43,"[108.28, 64]","[107.79, 104]","[187.33, 60]","[219.0, 60]",147.81,288,79.05,0.17
07:45:44,"[109.0, 14]","[108.0, 182]","[185.43, 70]","[219.0, 70]",147.21,336,76.43,0.17
07:45:45,"[109.83, 12]","[108.0, 156]","[174.5, 40]","[196.36, 36]",142.17,244,64.67,0.38
07:45:46,"[110.0, 5]","[108.0, 65]","[145.85, 13]","[168.05, 21]",127.92,104,35.85,0.35
07:45:47,"[108.02, 91]","[107.16, 83]","[131.32, 37]","[159.0, 40]",119.67,251,23.3,0.39
07:45:48,"[108.0, 72]","[107.0, 56]","[130.38, 40]","[132.0, 16]",119.19,184,22.38,0.39
07:45:49,"[108.0, 78]","[107.0, 77]","[124.18, 55]","[183.67, 12]",116.09,222,16.18,0.4
07:45:50,"[108.0, 27]","[107.0, 84]","[112.29, 49]","[175.0, 20]",110.14,180,4.29,0.23
07:45:51,"[107.05, 42]","[106.3, 46]","[110.36, 22]","[295.08, 13]",108.71,123,3.32,0.43
07:45:52,"[106.2, 10]","[104.0, 12]","[109.0, 9]","[216.36, 11]",107.6,42,2.8,0.05
07:45:53,"[107.0, 14]","[106.0, 7]","[108.0, 7]","[197.14, 7]",107.5,35,1.0,0.2
07:45:54,"[106.8, 15]","[104.0, 12]","[131.17, 12]","[359.09, 11]",118.98,50,24.37,0.08
07:45:55,"[109.56, 9]","[104.67, 6]","[194.29, 7]","[424.4, 5]",151.92,27,84.73,0.11
07:45:56,"[110.0, 20]","[108.4, 10]","[296.0, 10]","[451.31, 13]",203.0,53,186.0,0.13
07:45:57,"[109.53, 15]","[107.44, 18]","[189.82, 11]","[359.71, 17]",149.68,61,80.28,0.08
07:45:58,"[109.0, 5]","[107.0, 10]","[153.0, 5]","[328.6, 5]",131.0,25,44.0,0.2
07:45:59,"[109.0, 5]","[107.0, 10]","[151.0, 5]","[479.35, 17]",130.0,37,42.0,-0.19
07:46:00,"[109.0, 7]","[107.14, 14]","[151.0, 7]","[336.19, 31]",130.0,59,42.0,-0.29
07:46:01,"[108.77, 13]","[107.1, 31]","[148.51, 37]","[195.52, 29]",128.64,110,39.74,-0.2
07:46:02,"[102.74, 62]","[99.75, 68]","[147.0, 14]","[148.0, 56]",124.87,200,44.26,0.3
07:46:03,"[102.0, 27]","[101.0, 45]","[142.0, 9]","[147.9, 30]",122.0,111,40.0,0.3
07:46:04,"[102.0, 21]","[101.0, 50]","[119.23, 13]","[146.62, 13]",110.62,97,17.23,0.46
07:46:05,"[103.12, 17]","[101.7, 40]","[142.67, 18]","[144.56, 39]",122.89,114,39.55,0.0
07:46:06,"[102.85, 55]","[101.39, 59]","[136.94, 18]","[137.17, 24]",119.9,156,34.09,0.46
07:46:07,"[104.33, 12]","[103.0, 108]","[131.76, 21]","[133.67, 33]",118.05,174,27.43,0.38
07:46:08,"[103.08, 73]","[102.73, 37]","[117.31, 13]","[125.96, 28]",110.19,151,14.23,0.46
07:46:09,"[103.56, 81]","[101.35, 31]","[105.78, 18]","[126.93, 15]",104.67,145,2.22,0.54
07:46:10,"[102.75, 12]","[100.86, 22]","[111.67, 6]","[138.67, 6]",107.21,46,8.92,0.48
07:46:11,"[100.16, 58]","[83.67, 42]","[197.85, 13]","[332.5, 12]",149.0,125,97.69,0.6
07:46:12,"[100.15, 59]","[82.86, 35]","[152.57, 42]","[202.39, 18]",126.36,154,52.42,0.22
07:46:13,"[101.11, 132]","[100.0, 70]","[147.0, 80]","[165.53, 19]",124.06,301,45.89,0.34
07:46:14,"[103.16, 116]","[101.42, 108]","[147.0, 80]","[157.0, 16]",125.08,320,43.84,0.4
07:46:15,"[107.47, 58]","[104.89, 46]","[139.62, 32]","[146.4, 50]",123.55,186,32.16,0.12
07:46:16,"[108.0, 108]","[107.0, 12]","[121.65, 54]","[130.67, 30]",114.82,204,13.65,0.18
07:46:17,"[109.8, 15]","[108.02, 83]","[120.09, 55]","[123.0, 22]",114.95,175,10.29,0.12
07:46:18,"[111.0, 52]","[108.02, 92]","[119.17, 60]","[121.18, 33]",115.08,237,8.17,0.22
07:46:19,"[111.0, 24]","[108.0, 72]","[116.62, 40]","[119.0, 40]",113.81,176,5.62,0.09
07:46:20,"[110.0, 54]","[107.98, 110]","[112.86, 70]","[116.76, 62]",111.43,296,2.86,0.11
07:46:21,"[108.0, 126]","[107.0, 23]","[110.18, 67]","[116.07, 29]",109.09,245,2.18,0.22
07:46:22,"[107.56, 54]","[106.45, 22]","[109.42, 48]","[121.36, 22]",108.49,146,1.86,0.04
07:46:23,"[105.18, 17]","[102.54, 59]","[107.87, 15]","[110.2, 15]",106.52,106,2.69,0.43
07:46:24,"[104.0, 11]","[102.0, 55]","[106.93, 15]","[149.73, 15]",105.47,96,2.93,0.38
07:46:25,"[102.67, 12]","[77.05, 40]","[104.54, 26]","[106.62, 16]",103.6,94,1.87,0.11
07:46:26,"[100.0, 11]","[96.16, 79]","[102.29, 28]","[104.34, 35]",101.14,153,2.29,0.18
07:46:27,"[90.0, 25]","[54.26, 23]","[103.62, 32]","[104.95, 21]",96.81,101,13.62,-0.05
07:46:28,"[102.5, 10]","[68.05, 19]","[104.0, 36]","[140.86, 21]",103.25,86,1.5,-0.33
07:46:29,"[77.33, 24]","[41.0, 24]","[104.0, 24]","[163.38, 40]",90.67,112,26.67,-0.14
07:46:30,"[64.17, 35]","[36.82, 33]","[100.75, 24]","[103.61, 31]",82.46,123,36.58,0.11
07:46:31,"[51.29, 21]","[34.0, 21]","[100.0, 21]","[101.0, 14]",75.64,77,48.71,0.09
07:46:32,"[65.25, 24]","[32.5, 30]","[98.47, 36]","[99.54, 26]",81.86,116,33.22,-0.07
07:46:33,"[72.6, 25]","[34.52, 31]","[97.0, 21]","[98.0, 35]",84.8,112,24.4,0.0
07:46:34,"[50.43, 46]","[10.88, 43]","[97.5, 30]","[98.53, 53]",73.97,172,47.07,0.03
07:46:35,"[65.62, 26]","[26.9, 30]","[98.53, 17]","[99.55, 22]",82.07,95,32.91,0.18
07:46:36,"[92.55, 55]","[76.7, 37]","[213.52, 33]","[244.84, 19]",153.03,144,120.97,0.28
07:46:37,"[111.0, 21]","[108.8, 40]","[218.0, 35]","[339.53, 19]",164.5,115,107.0,0.06
07:46:38,"[111.0, 18]","[110.0, 42]","[174.0, 30]","[233.04, 26]",142.5,116,63.0,0.03
07:46:39,"[111.0, 15]","[110.0, 35]","[140.0, 25]","[160.54, 13]",125.5,88,29.0,0.14
07:46:40,"[111.0, 12]","[110.0, 28]","[165.88, 8]","[547.44, 16]",138.44,64,54.88,0.25
07:46:41,"[111.0, 22]","[110.0, 56]","[288.75, 40]","[510.75, 8]",199.88,126,177.75,0.24
07:46:42,"[110.22, 36]","[109.4, 45]","[212.2, 30]","[243.75, 28]",161.21,139,101.98,0.17
07:46:43,"[108.75, 36]","[107.71, 28]","[210.64, 33]","[240.72, 32]",159.69,129,101.89,-0.01
07:46:44,"[107.0, 28]","[106.0, 24]","[206.31, 16]","[299.25, 8]",156.66,76,99.31,0.37
07:46:45,"[107.0, 12]","[106.0, 12]","[207.6, 10]","[254.5, 6]",157.3,40,100.6,0.2
07:46:46,"[107.0, 40]","[106.0, 40]","[187.73, 33]","[189.42, 45]",147.36,158,80.73,0.01
07:46:47,"[107.0, 28]","[106.0, 28]","[166.2, 20]","[177.11, 27]",136.6,103,59.2,0.09
07:46:48,"[107.0, 26]","[106.0, 32]","[153.56, 25]","[155.1, 31]",130.28,114,46.56,0.02
07:46:49,"[107.0, 12]","[106.0, 16]","[138.0, 12]","[152.43, 14]",122.5,54,31.0,0.04
07:46:50,"[107.0, 18]","[106.0, 24]","[150.5, 24]","[153.0, 18]",128.75,84,43.5,0.0
07:46:51,"[106.6, 5]","[105.71, 14]","[149.8, 20]","[153.0, 15]",128.2,54,43.2,-0.3
07:46:52,"[106.0, 8]","[104.0, 8]","[148.12, 32]","[153.0, 24]",127.06,72,42.12,-0.56
07:46:53,"[106.0, 11]","[104.0, 11]","[141.62, 47]","[150.67, 36]",123.81,105,35.62,-0.58
07:46:54,"[106.0, 9]","[104.0, 9]","[141.77, 39]","[143.28, 36]",123.88,93,35.77,-0.61
07:46:55,"[103.2, 20]","[67.87, 62]","[137.75, 63]","[139.63, 41]",120.47,186,34.55,-0.12
07:46:56,"[55.25, 67]","[60.03, 98]","[133.74, 54]","[134.78, 50]",94.5,269,78.49,0.23
07:46:57,"[75.3, 54]","[64.18, 65]","[127.69, 51]","[130.28, 50]",101.49,220,52.39,0.08
07:46:58,"[108.07, 42]","[106.58, 59]","[123.06, 54]","[124.38, 64]",115.56,219,14.98,-0.08
07:46:59,"[111.0, 82]","[110.0, 15]","[119.08, 61]","[120.43, 46]",115.04,204,8.08,-0.05
07:47:00,"[111.0, 64]","[110.0, 12]","[114.24, 38]","[115.84, 44]",112.62,158,3.24,-0.04
07:47:01,"[110.62, 16]","[107.22, 54]","[112.0, 30]","[114.0, 30]",111.31,130,1.38,0.08
07:47:02,"[110.5, 10]","[108.8, 44]","[112.79, 28]","[262.33, 36]",111.64,118,2.29,-0.08
07:47:03,"[108.74, 19]","[108.27, 71]","[111.6, 20]","[114.0, 30]",110.17,140,2.86,0.29
07:47:04,"[107.53, 30]","[106.99, 197]","[110.09, 46]","[112.15, 39]",108.81,312,2.55,0.46
07:47:05,"[107.0, 158]","[106.0, 16]","[110.79, 28]","[134.56, 54]",108.89,256,3.79,0.36
07:47:06,"[107.0, 42]","[106.0, 7]","[189.14, 7]","[274.0, 35]",148.07,91,82.14,0.08
07:47:07,"[107.0, 36]","[106.0, 8]","[241.0, 8]","[393.5, 40]",174.0,92,134.0,-0.04
07:47:08,"[107.18, 49]","[106.55, 22]","[154.12, 48]","[285.18, 61]",130.65,180,46.94,-0.21
07:47:09,"[108.0, 39]","[107.0, 52]","[139.15, 52]","[163.77, 65]",123.58,208,31.15,-0.12
07:47:10,"[108.0, 36]","[107.0, 48]","[135.67, 48]","[332.67, 60]",121.83,192,27.67,-0.12
07:47:11,"[108.0, 27]","[107.0, 36]","[134.0, 36]","[177.67, 45]",121.0,144,26.0,-0.12
07:47:12,"[107.48, 31]","[106.71, 28]","[133.31, 52]","[143.0, 65]",120.4,176,25.82,-0.33
07:47:13,"[103.43, 35]","[103.0, 10]","[131.1, 40]","[394.91, 46]",117.26,131,27.67,-0.31
07:47:14,"[105.29, 85]","[101.55, 31]","[130.53, 60]","[138.96, 69]",117.91,245,25.24,-0.05
07:47:15,"[107.0, 77]","[102.0, 33]","[129.64, 44]","[256.93, 43]",118.32,197,22.64,0.12
07:47:16,"[108.0, 65]","[107.0, 91]","[128.62, 52]","[295.92, 13]",118.31,221,20.62,0.41
07:47:17,"[108.36, 55]","[107.0, 77]","[127.0, 44]","[206.55, 11]",117.68,187,18.64,0.41
07:47:18,"[109.0, 50]","[107.0, 70]","[125.5, 40]","[294.0, 18]",117.25,178,16.5,0.35
07:47:19,"[109.0, 40]","[107.0, 105]","[123.88, 48]","[181.58, 33]",116.44,226,14.88,0.28
07:47:20,"[107.08, 50]","[104.87, 30]","[119.0, 28]","[120.0, 22]",113.04,130,11.92,0.23
07:47:21,"[109.29, 28]","[107.53, 43]","[114.0, 12]","[116.0, 48]",111.64,131,4.71,0.08
07:47:22,"[111.0, 39]","[109.06, 17]","[113.0, 9]","[116.0, 36]",112.0,101,2.0,0.11
07:47:23,"[111.0, 40]","[110.0, 10]","[112.2, 25]","[115.4, 25]",111.6,100,1.2,0.0
07:47:24,"[110.92, 12]","[108.94, 17]","[112.02, 45]","[202.6, 15]",111.47,89,1.11,-0.35
07:47:25,"[107.65, 23]","[106.91, 33]","[111.61, 18]","[164.53, 17]",109.63,91,3.96,0.23
07:47:26,"[107.0, 72]","[106.0, 12]","[110.87, 15]","[213.49, 45]",108.93,144,3.87,0.17
07:47:27,"[107.0, 55]","[103.47, 19]","[108.1, 20]","[109.1, 20]",107.55,114,1.1,0.3
07:47:28,"[106.69, 45]","[98.89, 27]","[108.25, 24]","[277.8, 30]",107.47,126,1.56,0.14
07:47:29,"[106.58, 57]","[105.2, 30]","[108.08, 24]","[321.09, 55]",107.33,166,1.5,0.05
07:47:30,"[107.0, 32]","[106.0, 40]","[208.8, 45]","[488.22, 36]",157.9,153,101.8,-0.06
07:47:31,"[108.0, 21]","[106.25, 16]","[228.96, 27]","[630.36, 22]",168.48,86,120.96,-0.14
07:47:32,"[108.0, 27]","[107.0, 10]","[222.41, 41]","[541.75, 36]",165.21,114,114.41,-0.35
07:47:33,"[108.53, 17]","[107.46, 13]","[372.76, 51]","[431.1, 50]",240.65,131,264.24,-0.54
07:47:34,"[111.0, 9]","[108.0, 18]","[291.82, 34]","[408.62, 40]",201.41,101,180.82,-0.47
07:47:35,"[111.0, 12]","[108.0, 24]","[362.62, 50]","[433.87, 46]",236.81,132,251.62,-0.45
07:47:36,"[111.0, 10]","[108.91, 69]","[309.5, 30]","[543.6, 50]",210.25,159,198.5,-0.01
07:47:37,"[111.0, 11]","[109.0, 99]","[345.1, 40]","[437.95, 39]",228.05,189,234.1,0.16
07:47:38,"[109.0, 35]","[108.0, 10]","[245.65, 17]","[405.0, 18]",177.32,80,136.65,0.12
07:47:39,"[109.61, 71]","[108.9, 78]","[124.84, 19]","[137.45, 55]",117.22,223,15.24,0.34
07:47:40,"[110.0, 6]","[109.0, 42]","[118.0, 6]","[281.93, 29]",114.0,83,8.0,0.16
07:47:41,"[109.3, 30]","[108.69, 45]","[112.97, 30]","[276.0, 36]",111.13,141,3.67,0.06
07:47:42,"[110.5, 70]","[109.0, 42]","[113.9, 29]","[146.8, 30]",112.2,171,3.4,0.31
07:47:43,"[110.52, 54]","[108.78, 46]","[111.95, 20]","[153.98, 41]",111.23,161,1.43,0.24
07:47:44,"[109.0, 10]","[108.0, 18]","[111.78, 9]","[299.91, 34]",110.39,71,2.78,-0.21
07:47:45,"[109.0, 11]","[108.0, 22]","[111.09, 11]","[232.04, 54]",110.05,98,2.09,-0.33
07:47:46,"[108.07, 28]","[107.24, 17]","[368.07, 54]","[405.77, 74]",238.07,173,260.0,-0.48
07:47:47,"[103.91, 113]","[94.87, 172]","[288.16, 38]","[441.35, 46]",196.03,369,184.25,0.54
07:47:48,"[111.0, 48]","[102.0, 160]","[286.43, 28]","[369.14, 28]",198.71,264,175.43,0.58
07:47:49,"[111.0, 52]","[102.0, 200]","[310.67, 42]","[372.5, 46]",210.83,340,199.67,0.48
07:47:50,"[102.28, 79]","[90.82, 67]","[333.33, 24]","[354.38, 26]",217.81,196,231.05,0.49
07:47:51,"[106.44, 16]","[102.34, 136]","[333.0, 40]","[334.0, 40]",219.72,232,226.56,0.31
07:47:52,"[107.49, 41]","[106.96, 73]","[155.15, 52]","[285.23, 52]",131.32,218,47.67,0.05
07:47:53,"[108.65, 49]","[107.25, 63]","[121.83, 48]","[365.12, 51]",115.24,211,13.18,0.06
07:47:54,"[111.0, 73]","[109.0, 18]","[120.0, 27]","[307.77, 30]",115.5,148,9.0,0.23
07:47:55,"[111.0, 90]","[109.0, 20]","[115.9, 10]","[117.0, 10]",113.45,130,4.9,0.69
07:47:56,"[111.0, 85]","[109.0, 28]","[112.26, 23]","[190.53, 17]",111.63,153,1.26,0.48
07:47:57,"[111.0, 21]","[109.0, 14]","[391.29, 28]","[501.75, 16]",251.14,79,280.29,-0.11
07:47:58,"[111.0, 26]","[109.0, 10]","[325.0, 20]","[491.0, 20]",218.0,76,214.0,-0.05
07:47:59,"[111.0, 112]","[109.0, 16]","[320.25, 32]","[462.5, 32]",215.62,192,209.25,0.33
07:48:00,"[110.57, 46]","[108.26, 47]","[370.82, 44]","[483.0, 36]",240.69,173,260.25,0.08
07:48:01,"[111.0, 140]","[109.0, 28]","[370.57, 56]","[415.7, 54]",240.79,278,259.57,0.21
07:48:02,"[111.0, 40]","[109.0, 10]","[323.0, 20]","[465.4, 20]",217.0,90,212.0,0.11
07:48:03,"[110.86, 28]","[108.82, 17]","[321.12, 32]","[466.9, 31]",215.99,108,210.27,-0.17
07:48:04,"[111.0, 24]","[109.0, 16]","[293.57, 14]","[310.03, 29]",202.29,83,182.57,-0.04
07:48:05,"[111.0, 27]","[109.0, 18]","[257.25, 32]","[273.54, 26]",184.12,103,146.25,-0.13
07:48:06,"[109.67, 27]","[108.18, 33]","[234.75, 52]","[247.0, 20]",172.21,132,125.08,-0.09
07:48:07,"[108.82, 11]","[107.93, 29]","[224.57, 30]","[229.03, 30]",166.69,100,115.75,-0.2
07:48:08,"[107.29, 14]","[106.29, 14]","[128.25, 24]","[218.42, 52]",117.77,104,20.96,-0.46
07:48:09,"[103.0, 20]","[77.4, 30]","[125.02, 44]","[126.71, 52]",114.01,146,22.02,-0.32
07:48:10,"[100.36, 33]","[81.87, 52]","[122.71, 51]","[124.13, 69]",111.53,205,22.34,-0.17
07:48:11,"[64.74, 43]","[48.54, 41]","[116.49, 47]","[119.47, 45]",90.62,176,51.75,-0.05
07:48:12,"[99.83, 115]","[83.91, 68]","[107.53, 64]","[110.48, 61]",103.68,308,7.71,0.19
07:48:13,"[103.5, 66]","[98.67, 144]","[111.74, 35]","[137.21, 29]",107.62,274,8.24,0.53
07:48:14,"[105.45, 33]","[103.18, 176]","[118.0, 22]","[119.0, 33]",111.73,264,12.55,0.58
07:48:15,"[106.25, 24]","[103.0, 128]","[117.62, 16]","[119.0, 24]",111.94,192,11.38,0.58
07:48:16,"[107.0, 23]","[105.45, 175]","[115.68, 31]","[118.12, 34]",111.34,263,8.68,0.51
07:48:17,"[107.0, 14]","[106.0, 182]","[111.5, 34]","[112.5, 36]",109.25,266,4.5,0.47
07:48:18,"[106.06, 66]","[104.18, 132]","[108.11, 19]","[200.32, 25]",107.08,242,2.04,0.64
07:48:19,"[106.0, 73]","[103.0, 128]","[450.68, 19]","[645.31, 29]",278.34,249,344.68,0.61
07:48:20,"[106.36, 70]","[104.08, 125]","[502.0, 20]","[619.71, 42]",304.18,257,395.64,0.52
07:48:21,"[107.95, 61]","[106.49, 85]","[255.19, 58]","[380.25, 55]",181.57,259,147.24,0.13
07:48:22,"[110.0, 54]","[109.0, 6]","[116.3, 10]","[127.9, 29]",113.15,99,6.3,0.21
07:48:23,"[109.81, 64]","[108.01, 82]","[115.0, 11]","[175.6, 50]",112.41,207,5.19,0.41
07:48:24,"[110.0, 14]","[109.0, 70]","[114.6, 10]","[442.53, 30]",112.3,124,4.6,0.35
07:48:25,"[110.0, 9]","[109.0, 63]","[114.0, 9]","[317.29, 35]",112.0,116,4.0,0.24
07:48:26,"[110.0, 12]","[109.0, 84]","[112.92, 12]","[178.67, 48]",111.46,156,2.92,0.23
07:48:27,"[109.28, 29]","[108.81, 62]","[151.29, 14]","[286.63, 52]",130.28,157,42.01,0.16
07:48:28,"[109.0, 57]","[107.0, 22]","[230.58, 52]","[263.67, 49]",169.79,180,121.58,-0.12
07:48:29,"[109.0, 24]","[107.0, 16]","[242.93, 28]","[265.92, 25]",175.96,93,133.93,-0.14
07:48:30,"[109.0, 36]","[107.97, 79]","[145.83, 48]","[155.95, 42]",127.42,205,36.83,0.12
07:48:31,"[109.0, 24]","[108.0, 56]","[117.0, 32]","[118.0, 32]",113.0,144,8.0,0.11
07:48:32,"[109.0, 39]","[108.0, 91]","[114.96, 47]","[116.39, 46]",111.98,223,5.96,0.17
07:48:33,"[109.0, 39]","[108.0, 91]","[113.69, 52]","[115.0, 39]",111.35,221,4.69,0.18
07:48:34,"[108.1, 93]","[107.47, 45]","[111.93, 58]","[113.32, 47]",110.01,243,3.83,0.14
07:48:35,"[108.0, 105]","[107.0, 30]","[110.45, 58]","[111.83, 46]",109.22,239,2.45,0.13
07:48:36,"[107.77, 26]","[106.4, 45]","[109.43, 46]","[198.8, 40]",108.6,157,1.67,-0.1
07:48:37,"[107.0, 115]","[106.0, 135]","[135.82, 61]","[342.36, 66]",121.41,377,28.82,0.33
07:48:38,"[107.0, 63]","[106.0, 81]","[228.0, 36]","[365.93, 41]",167.5,221,121.0,0.3
07:48:39,"[109.45, 29]","[105.94, 93]","[227.64, 44]","[259.96, 46]",168.54,212,118.19,0.15
07:48:40,"[111.0, 18]","[106.0, 54]","[227.0, 24]","[249.0, 30]",169.0,126,116.0,0.14
07:48:41,"[111.0, 24]","[106.0, 72]","[131.62, 32]","[230.33, 33]",121.31,161,20.62,0.19
07:48:42,"[111.0, 24]","[106.0, 81]","[166.44, 36]","[238.0, 40]",138.72,181,55.44,0.16
07:48:43,"[110.22, 18]","[107.56, 81]","[224.0, 48]","[353.85, 52]",167.11,199,113.78,-0.01
07:48:44,"[109.0, 70]","[106.0, 10]","[189.76, 37]","[215.14, 28]",149.38,145,80.76,0.1
07:48:45,"[109.0, 72]","[106.0, 16]","[155.0, 48]","[197.22, 18]",132.0,154,46.0,0.14
07:48:46,"[109.0, 38]","[106.8, 10]","[153.71, 28]","[179.0, 16]",131.36,92,44.71,0.04
07:48:47,"[109.77, 35]","[108.87, 39]","[151.35, 23]","[154.02, 41]",130.56,138,41.58,0.07
07:48:48,"[109.33, 36]","[108.35, 46]","[148.8, 40]","[270.2, 10]",129.07,132,39.47,0.24
07:48:49,"[108.65, 43]","[107.85, 41]","[131.2, 40]","[158.4, 40]",119.93,164,22.55,0.02
07:48:50,"[108.47, 30]","[107.86, 42]","[146.89, 36]","[188.0, 27]",127.68,135,38.42,0.07
07:48:51,"[108.5, 24]","[107.86, 42]","[145.44, 36]","[306.3, 33]",126.97,135,36.94,-0.02
07:48:52,"[108.0, 36]","[107.0, 18]","[143.33, 36]","[363.52, 21]",125.67,111,35.33,-0.03
07:48:53,"[108.0, 40]","[107.0, 20]","[361.1, 40]","[440.19, 31]",234.55,131,253.1,-0.08
07:48:54,"[108.0, 48]","[107.0, 24]","[289.8, 25]","[324.28, 46]",198.9,143,181.8,0.01
07:48:55,"[108.0, 32]","[107.0, 16]","[157.67, 18]","[177.04, 23]",132.83,89,49.67,0.08
