Time,Bid1,Bid2,Ask1,Ask2,Mid-Price,Total_volume,Bid_ask_spread,Order_imbalance
07:30:00,"[175.0, 3]","[0, 0]","[0, 0]","[0, 0]",87.5,3,-175.0,1.0
07:30:03,"[175.0, 6]","[106.5, 4]","[0, 0]","[0, 0]",87.5,10,-175.0,1.0
07:30:04,"[175.25, 12]","[162.73, 15]","[800.0, 1]","[0, 0]",487.62,28,624.75,0.93
07:30:05,"[176.0, 2]","[175.0, 6]","[183.0, 4]","[612.5, 4]",179.5,16,7.0,0.0
07:30:06,"[176.0, 5]","[175.0, 15]","[181.6, 5]","[183.0, 10]",178.8,35,5.6,0.14
07:30:07,"[176.44, 9]","[171.15, 13]","[181.0, 6]","[183.0, 12]",178.72,40,4.56,0.1
07:30:08,"[175.0, 10]","[151.8, 10]","[180.2, 5]","[183.0, 10]",177.6,35,5.2,0.14
07:30:09,"[175.0, 18]","[156.0, 18]","[178.22, 9]","[182.53, 15]",176.61,60,3.22,0.2
07:30:10,"[175.0, 17]","[156.91, 22]","[176.18, 11]","[181.25, 16]",175.59,66,1.18,0.18
07:30:11,"[156.75, 8]","[155.25, 8]","[183.0, 8]","[190.0, 8]",169.88,32,26.25,0.0
07:30:12,"[156.0, 10]","[110.12, 16]","[183.0, 10]","[190.0, 10]",169.5,46,27.0,0.13
07:30:13,"[156.0, 6]","[125.0, 15]","[183.0, 6]","[190.0, 6]",169.5,33,27.0,0.27
07:30:14,"[168.51, 41]","[129.54, 41]","[179.91, 23]","[181.64, 22]",174.21,127,11.4,0.29
07:30:15,"[175.0, 63]","[160.29, 14]","[177.21, 19]","[178.86, 14]",176.11,110,2.21,0.4
07:30:16,"[175.0, 90]","[159.6, 20]","[176.5, 30]","[178.4, 20]",175.75,160,1.5,0.38
07:30:17,"[174.52, 71]","[156.7, 20]","[176.95, 21]","[180.0, 20]",175.74,132,2.43,0.38
07:30:18,"[158.0, 10]","[131.36, 22]","[178.0, 10]","[182.0, 10]",168.0,52,20.0,0.23
07:30:19,"[160.31, 39]","[148.36, 42]","[181.06, 31]","[202.56, 36]",170.69,148,20.76,0.09
07:30:20,"[162.13, 47]","[161.24, 41]","[179.92, 65]","[181.11, 37]",171.03,190,17.8,-0.07
07:30:21,"[164.0, 51]","[163.0, 95]","[178.32, 95]","[182.0, 38]",171.16,279,14.32,0.05
07:30:22,"[165.81, 108]","[164.84, 70]","[171.93, 30]","[177.53, 30]",168.87,238,6.13,0.5
07:30:23,"[169.93, 88]","[166.45, 130]","[177.13, 60]","[178.37, 54]",173.53,332,7.2,0.31
07:30:24,"[175.12, 82]","[173.43, 61]","[176.8, 40]","[180.79, 38]",175.96,221,1.68,0.29
07:30:25,"[175.39, 88]","[173.53, 57]","[179.73, 11]","[184.61, 31]",177.56,187,4.34,0.55
07:30:26,"[176.55, 99]","[175.06, 114]","[181.33, 30]","[184.83, 58]",178.94,301,4.79,0.42
07:30:27,"[178.66, 154]","[177.44, 75]","[181.76, 34]","[185.54, 111]",180.21,374,3.11,0.22
07:30:28,"[181.45, 44]","[177.1, 39]","[184.38, 16]","[185.75, 80]",182.91,179,2.92,-0.07
07:30:29,"[182.0, 30]","[181.0, 15]","[184.0, 15]","[185.0, 75]",183.0,135,2.0,-0.33
07:30:30,"[182.91, 22]","[181.0, 11]","[184.0, 11]","[185.0, 55]",183.45,99,1.09,-0.33
07:30:31,"[182.85, 26]","[177.12, 34]","[184.0, 14]","[185.0, 70]",183.42,144,1.15,-0.17
07:30:32,"[181.0, 13]","[175.0, 143]","[183.4, 25]","[184.94, 53]",182.2,234,2.4,0.33
07:30:33,"[175.75, 40]","[174.16, 95]","[182.0, 50]","[185.12, 42]",178.88,227,6.25,0.19
07:30:34,"[175.0, 70]","[173.0, 80]","[182.0, 50]","[186.0, 30]",178.5,230,7.0,0.3
07:30:35,"[175.0, 84]","[173.0, 112]","[182.0, 60]","[186.0, 36]",178.5,292,7.0,0.34
07:30:36,"[175.0, 91]","[173.0, 112]","[181.59, 41]","[183.06, 51]",178.29,295,6.59,0.38
07:30:37,"[175.0, 84]","[173.0, 99]","[179.67, 12]","[181.0, 60]",177.33,255,4.67,0.44
07:30:38,"[175.0, 63]","[173.0, 87]","[178.05, 37]","[180.18, 17]",176.53,204,3.05,0.47
07:30:39,"[175.0, 77]","[173.0, 88]","[177.73, 22]","[179.0, 11]",176.36,198,2.73,0.67
07:30:40,"[175.0, 60]","[173.0, 80]","[176.48, 29]","[178.08, 13]",175.74,182,1.48,0.54
07:30:41,"[173.0, 54]","[172.0, 9]","[174.39, 33]","[175.86, 22]",173.7,118,1.39,0.07
07:30:42,"[172.31, 13]","[170.03, 73]","[174.5, 14]","[181.59, 17]",173.4,117,2.19,0.47
07:30:43,"[170.08, 100]","[169.31, 104]","[175.79, 24]","[181.07, 30]",172.94,258,5.71,0.58
07:30:44,"[174.54, 70]","[170.41, 54]","[178.1, 92]","[181.06, 33]",176.32,249,3.55,-0.0
07:30:45,"[176.0, 12]","[175.0, 36]","[178.0, 36]","[181.0, 12]",177.0,96,2.0,0.0
07:30:46,"[177.91, 22]","[175.0, 66]","[179.41, 34]","[231.9, 30]",178.66,152,1.5,0.16
07:30:47,"[175.12, 68]","[171.23, 105]","[181.0, 24]","[342.49, 35]",178.06,232,5.88,0.49
07:30:48,"[175.0, 40]","[170.79, 61]","[181.33, 18]","[269.0, 21]",178.17,140,6.33,0.44
07:30:49,"[175.0, 36]","[171.07, 56]","[180.64, 22]","[182.22, 18]",177.82,132,5.64,0.39
07:30:50,"[176.45, 66]","[173.64, 66]","[179.92, 48]","[181.0, 24]",178.19,204,3.46,0.29
07:30:51,"[177.0, 30]","[175.0, 20]","[178.89, 18]","[180.33, 12]",177.94,80,1.89,0.25
07:30:52,"[176.04, 50]","[174.29, 84]","[178.0, 30]","[180.0, 36]",177.02,200,1.96,0.34
07:30:53,"[175.0, 28]","[174.0, 70]","[178.0, 28]","[182.0, 14]",176.5,140,3.0,0.4
07:30:54,"[175.26, 38]","[174.1, 78]","[177.52, 31]","[179.23, 26]",176.39,173,2.25,0.34
07:30:55,"[176.0, 22]","[175.0, 32]","[177.67, 18]","[179.5, 16]",176.83,88,1.67,0.23
07:30:56,"[176.0, 14]","[175.0, 28]","[177.14, 14]","[180.57, 14]",176.57,70,1.14,0.2
07:30:57,"[175.69, 116]","[172.27, 178]","[180.11, 37]","[181.58, 31]",177.9,362,4.42,0.62
07:30:58,"[176.0, 260]","[175.0, 52]","[179.46, 37]","[181.15, 26]",177.73,375,3.46,0.66
07:30:59,"[177.04, 134]","[176.26, 76]","[181.8, 20]","[182.91, 44]",179.42,274,4.76,0.53
07:31:00,"[178.0, 20]","[177.0, 160]","[182.74, 47]","[184.57, 23]",180.37,250,4.74,0.44
07:31:01,"[179.35, 34]","[177.38, 48]","[181.0, 62]","[184.3, 20]",180.18,164,1.65,0.0
07:31:02,"[179.89, 76]","[178.67, 24]","[182.67, 36]","[312.57, 14]",181.28,150,2.77,0.33
07:31:03,"[180.47, 30]","[179.78, 36]","[184.0, 22]","[390.27, 15]",182.23,103,3.53,0.28
07:31:04,"[181.0, 22]","[180.0, 44]","[184.0, 22]","[315.68, 38]",182.5,126,3.0,0.05
07:31:05,"[181.27, 30]","[180.08, 48]","[184.0, 26]","[245.45, 44]",182.63,148,2.73,0.05
07:31:06,"[182.0, 40]","[181.0, 20]","[183.48, 29]","[196.44, 27]",182.74,116,1.48,0.03
07:31:07,"[181.85, 47]","[180.14, 28]","[183.14, 58]","[190.0, 32]",182.49,165,1.29,-0.09
07:31:08,"[176.75, 20]","[175.38, 48]","[182.73, 11]","[186.29, 21]",179.74,100,5.98,0.36
07:31:09,"[175.41, 34]","[173.18, 44]","[180.64, 25]","[181.5, 40]",178.03,143,5.23,0.09
07:31:10,"[175.0, 8]","[174.0, 24]","[179.5, 8]","[182.0, 32]",177.25,72,4.5,-0.11
07:31:11,"[178.11, 27]","[174.28, 25]","[181.77, 13]","[183.71, 28]",179.94,93,3.66,0.12
07:31:12,"[179.0, 30]","[175.0, 10]","[182.0, 12]","[184.0, 20]",180.5,72,3.0,0.11
07:31:13,"[179.0, 18]","[175.0, 6]","[182.0, 12]","[184.0, 12]",180.5,48,3.0,0.0
07:31:14,"[179.0, 42]","[177.53, 49]","[180.83, 41]","[182.2, 20]",179.91,152,1.83,0.2
07:31:15,"[179.0, 33]","[177.5, 32]","[180.32, 25]","[183.07, 15]",179.66,105,1.32,0.24
07:31:16,"[179.32, 22]","[178.42, 26]","[182.33, 24]","[183.86, 21]",180.83,93,3.02,0.03
07:31:17,"[179.33, 18]","[178.45, 22]","[181.3, 37]","[183.71, 17]",180.32,94,1.96,-0.15
07:31:18,"[177.57, 21]","[174.67, 15]","[181.0, 9]","[238.75, 12]",179.29,57,3.43,0.26
07:31:19,"[177.71, 21]","[175.0, 7]","[181.0, 7]","[185.0, 7]",179.36,42,3.29,0.33
07:31:20,"[178.33, 45]","[175.0, 15]","[180.11, 45]","[182.33, 15]",179.22,120,1.78,0.0
07:31:21,"[178.0, 20]","[173.33, 30]","[180.4, 25]","[183.5, 10]",179.2,85,2.4,0.18
07:31:22,"[176.44, 27]","[173.38, 37]","[180.0, 15]","[181.92, 13]",178.22,92,3.56,0.39
07:31:23,"[173.56, 32]","[171.66, 38]","[179.29, 14]","[182.5, 12]",176.42,96,5.72,0.46
07:31:24,"[173.0, 15]","[171.76, 33]","[179.0, 7]","[182.0, 7]",176.0,62,6.0,0.55
07:31:25,"[175.78, 51]","[172.71, 68]","[178.95, 19]","[181.75, 24]",177.37,162,3.16,0.47
07:31:26,"[176.0, 65]","[175.0, 13]","[237.27, 15]","[359.5, 18]",206.63,111,61.27,0.41
07:31:27,"[180.39, 33]","[173.12, 51]","[305.79, 28]","[398.1, 29]",243.09,141,125.39,0.19
07:31:28,"[185.0, 153]","[179.41, 34]","[255.76, 21]","[318.76, 34]",220.38,242,70.76,0.55
07:31:29,"[185.0, 131]","[180.0, 66]","[254.73, 55]","[256.0, 22]",219.86,274,69.73,0.44
07:31:30,"[185.0, 99]","[180.0, 54]","[228.82, 33]","[247.85, 13]",206.91,199,43.82,0.54
07:31:31,"[185.0, 121]","[180.0, 66]","[225.87, 15]","[227.96, 51]",205.43,253,40.87,0.48
07:31:32,"[185.0, 165]","[181.6, 90]","[223.76, 51]","[224.72, 39]",204.38,345,38.76,0.48
07:31:33,"[185.0, 154]","[183.0, 84]","[211.14, 70]","[206.41, 34]",198.07,342,26.14,0.39
07:31:34,"[185.0, 99]","[183.0, 54]","[192.22, 37]","[193.97, 37]",188.61,227,7.22,0.35
07:31:35,"[185.0, 88]","[183.0, 48]","[187.25, 40]","[187.92, 24]",186.12,200,2.25,0.36
07:31:36,"[185.0, 28]","[183.0, 48]","[186.25, 40]","[190.94, 16]",185.62,132,1.25,0.15
07:31:37,"[183.09, 44]","[180.33, 54]","[185.58, 33]","[191.56, 45]",184.33,176,2.48,0.11
07:31:38,"[183.0, 48]","[180.29, 42]","[185.42, 60]","[269.19, 57]",184.21,207,2.42,-0.13
07:31:39,"[182.96, 25]","[181.0, 12]","[211.29, 35]","[390.29, 35]",197.12,107,28.33,-0.31
07:31:40,"[182.0, 11]","[180.0, 66]","[209.56, 25]","[366.04, 27]",195.78,129,27.56,0.19
07:31:41,"[182.0, 16]","[180.0, 96]","[183.0, 48]","[436.48, 27]",182.5,187,1.0,0.2
07:31:42,"[181.16, 57]","[180.3, 89]","[182.93, 44]","[206.33, 18]",182.04,208,1.77,0.4
07:31:43,"[180.0, 71]","[179.0, 12]","[181.42, 12]","[186.17, 12]",180.71,107,1.42,0.55
07:31:44,"[180.0, 44]","[178.1, 10]","[183.5, 10]","[185.0, 20]",181.75,84,3.5,0.29
07:31:45,"[180.0, 44]","[178.62, 55]","[183.0, 11]","[185.91, 22]",181.5,132,3.0,0.5
07:31:46,"[180.0, 48]","[179.0, 144]","[183.0, 12]","[187.0, 24]",181.5,228,3.0,0.68
07:31:47,"[179.16, 73]","[176.85, 120]","[182.57, 14]","[186.56, 18]",180.87,225,3.41,0.72
07:31:48,"[179.0, 91]","[176.0, 169]","[181.15, 39]","[185.0, 13]",180.08,312,2.15,0.67
07:31:49,"[177.38, 65]","[175.81, 96]","[180.71, 21]","[187.0, 12]",179.05,194,3.33,0.66
07:31:50,"[176.0, 77]","[175.0, 42]","[185.0, 7]","[189.0, 14]",180.5,140,9.0,0.7
07:31:51,"[176.0, 178]","[175.0, 77]","[184.02, 66]","[185.53, 15]",180.01,336,8.02,0.52
07:31:52,"[176.0, 221]","[175.0, 65]","[183.62, 65]","[185.0, 13]",179.81,364,7.62,0.57
07:31:53,"[176.0, 187]","[175.0, 55]","[182.07, 67]","[187.18, 11]",179.04,320,6.07,0.51
07:31:54,"[176.11, 108]","[175.36, 47]","[181.43, 35]","[188.0, 7]",178.77,197,5.32,0.57
07:31:55,"[176.33, 183]","[175.65, 130]","[180.5, 70]","[183.81, 32]",178.41,415,4.17,0.51
07:31:56,"[176.0, 187]","[175.0, 55]","[179.47, 43]","[181.25, 40]",177.73,325,3.47,0.49
07:31:57,"[176.23, 44]","[175.94, 180]","[178.67, 60]","[184.73, 22]",177.45,306,2.44,0.46
07:31:58,"[176.15, 40]","[175.73, 112]","[178.25, 32]","[183.2, 10]",177.2,194,2.1,0.57
07:31:59,"[176.01, 154]","[173.82, 62]","[181.0, 40]","[184.47, 17]",178.5,273,4.99,0.58
07:32:00,"[176.25, 44]","[175.87, 178]","[181.0, 27]","[183.33, 54]",178.62,303,4.75,0.47
07:32:01,"[177.14, 100]","[175.88, 195]","[182.79, 47]","[184.15, 53]",179.96,395,5.65,0.49
07:32:02,"[178.07, 58]","[176.0, 221]","[182.0, 52]","[183.77, 65]",180.03,396,3.93,0.41
07:32:03,"[179.88, 16]","[176.32, 75]","[182.0, 36]","[183.0, 45]",180.94,172,2.12,0.06
07:32:04,"[180.15, 13]","[176.02, 188]","[181.24, 42]","[182.78, 45]",180.7,288,1.08,0.4
07:32:05,"[176.31, 145]","[174.55, 99]","[182.5, 44]","[183.16, 49]",179.41,337,6.19,0.45
07:32:06,"[176.0, 136]","[173.0, 48]","[181.78, 18]","[182.96, 51]",178.89,253,5.78,0.45
07:32:07,"[176.0, 204]","[173.0, 72]","[180.0, 48]","[182.0, 44]",178.0,368,4.0,0.5
07:32:08,"[176.0, 153]","[173.0, 54]","[179.0, 28]","[182.0, 65]",177.5,300,3.0,0.38
07:32:09,"[176.0, 143]","[173.0, 70]","[179.0, 22]","[182.0, 77]",177.5,312,3.0,0.37
07:32:10,"[176.58, 31]","[175.81, 125]","[181.8, 40]","[223.31, 49]",179.19,245,5.22,0.27
07:32:11,"[178.12, 17]","[176.04, 94]","[183.0, 63]","[262.35, 17]",180.56,191,4.88,0.16
07:32:12,"[178.93, 28]","[176.16, 73]","[183.0, 98]","[190.0, 42]",180.96,241,4.07,-0.16
07:32:13,"[178.34, 35]","[176.17, 36]","[183.0, 98]","[318.9, 30]",180.67,199,4.66,-0.29
07:32:14,"[176.28, 58]","[172.91, 47]","[182.96, 80]","[215.39, 18]",179.62,203,6.69,0.03
07:32:15,"[176.0, 60]","[172.15, 33]","[181.7, 61]","[182.89, 45]",178.85,199,5.7,-0.07
07:32:16,"[176.0, 55]","[172.23, 26]","[180.09, 33]","[183.12, 57]",178.05,171,4.09,-0.05
07:32:17,"[176.0, 50]","[172.0, 40]","[177.89, 27]","[182.92, 50]",176.94,167,1.89,0.08
07:32:18,"[176.0, 50]","[172.0, 40]","[177.0, 20]","[178.0, 30]",176.5,140,1.0,0.29
07:32:19,"[176.0, 42]","[172.0, 40]","[177.5, 24]","[179.6, 30]",176.75,136,1.5,0.21
07:32:20,"[172.44, 54]","[169.41, 64]","[177.43, 42]","[182.0, 42]",174.94,202,4.98,0.17
07:32:21,"[170.54, 99]","[159.68, 62]","[174.88, 51]","[178.12, 51]",172.71,263,4.35,0.22
07:32:22,"[172.43, 169]","[169.88, 93]","[175.08, 50]","[179.04, 81]",173.75,393,2.65,0.33
07:32:23,"[176.86, 84]","[174.51, 43]","[181.0, 78]","[282.36, 14]",178.93,219,4.14,0.16
07:32:24,"[177.0, 64]","[176.0, 24]","[181.0, 48]","[382.12, 8]",179.0,144,4.0,0.22
07:32:25,"[177.0, 56]","[176.0, 23]","[181.0, 42]","[284.88, 17]",179.0,138,4.0,0.14
07:32:26,"[177.0, 136]","[176.0, 85]","[180.23, 91]","[225.08, 64]",178.62,376,3.23,0.18
07:32:27,"[177.0, 104]","[176.0, 65]","[178.44, 57]","[179.77, 65]",177.72,291,1.44,0.16
07:32:28,"[177.0, 80]","[176.0, 70]","[178.36, 42]","[179.7, 71]",177.68,263,1.36,0.14
07:32:29,"[177.0, 44]","[176.0, 55]","[179.95, 21]","[184.0, 66]",178.48,186,2.95,0.06
07:32:30,"[177.0, 30]","[176.0, 45]","[181.0, 9]","[184.0, 52]",179.0,136,4.0,0.1
07:32:31,"[177.0, 12]","[176.0, 30]","[180.2, 15]","[183.5, 18]",178.6,75,3.2,0.12
07:32:32,"[177.0, 14]","[176.0, 35]","[180.0, 28]","[181.86, 7]",178.5,84,3.0,0.17
07:32:33,"[177.0, 30]","[176.0, 75]","[179.2, 60]","[181.57, 21]",178.1,186,2.2,0.13
07:32:34,"[176.25, 40]","[173.06, 49]","[178.56, 36]","[180.3, 40]",177.4,165,2.31,0.08
07:32:35,"[176.0, 45]","[170.0, 36]","[177.22, 18]","[180.09, 33]",176.61,132,1.22,0.23
07:32:36,"[172.69, 29]","[169.71, 28]","[178.71, 14]","[183.8, 25]",175.7,96,6.02,0.19
07:32:37,"[170.14, 42]","[168.5, 60]","[183.0, 12]","[184.0, 60]",176.57,174,12.86,0.17
07:32:38,"[171.43, 42]","[169.35, 46]","[183.0, 8]","[184.0, 40]",177.21,136,11.57,0.29
07:32:39,"[173.55, 55]","[170.54, 52]","[179.3, 27]","[183.82, 39]",176.42,173,5.75,0.24
07:32:40,"[176.5, 40]","[170.61, 49]","[178.0, 56]","[182.0, 13]",177.25,158,1.5,0.13
07:32:41,"[175.0, 11]","[171.25, 16]","[181.0, 16]","[182.92, 26]",178.0,69,6.0,-0.22
07:32:42,"[174.62, 13]","[172.0, 32]","[182.0, 26]","[253.54, 52]",178.31,123,7.38,-0.27
07:32:43,"[177.05, 22]","[172.31, 32]","[182.0, 20]","[237.06, 34]",179.52,108,4.95,0.0
07:32:44,"[180.08, 13]","[177.62, 65]","[182.0, 26]","[184.0, 26]",181.04,130,1.92,0.2
07:32:45,"[181.0, 66]","[175.14, 69]","[182.0, 20]","[184.0, 20]",181.5,175,1.0,0.54
07:32:46,"[181.0, 63]","[175.0, 56]","[182.0, 14]","[184.0, 14]",181.5,147,1.0,0.62
07:32:47,"[181.0, 54]","[175.0, 42]","[182.0, 12]","[184.0, 12]",181.5,120,1.0,0.6
07:32:48,"[181.0, 78]","[175.0, 60]","[182.0, 20]","[184.0, 20]",181.5,178,1.0,0.55
07:32:49,"[181.0, 42]","[175.0, 36]","[182.0, 12]","[184.0, 12]",181.5,102,1.0,0.53
07:32:50,"[181.0, 35]","[175.0, 42]","[182.0, 14]","[184.0, 14]",181.5,105,1.0,0.47
07:32:51,"[181.0, 16]","[176.62, 13]","[183.25, 16]","[484.15, 26]",182.12,71,2.25,-0.18
07:32:52,"[180.14, 14]","[177.38, 13]","[183.1, 20]","[373.38, 32]",181.62,79,2.96,-0.32
07:32:53,"[177.2, 10]","[175.33, 36]","[181.0, 24]","[184.88, 16]",179.1,86,3.8,0.07
07:32:54,"[176.0, 16]","[175.0, 96]","[180.06, 16]","[181.75, 20]",178.03,148,4.06,0.51
07:32:55,"[175.12, 96]","[174.84, 86]","[178.0, 29]","[178.45, 58]",176.56,269,2.88,0.35
07:32:56,"[175.0, 60]","[174.0, 12]","[178.0, 30]","[180.0, 18]",176.5,120,3.0,0.2
07:32:57,"[175.0, 56]","[174.0, 14]","[177.43, 7]","[180.43, 21]",176.21,98,2.43,0.43
07:32:58,"[175.03, 65]","[173.22, 72]","[178.31, 13]","[181.32, 25]",176.67,175,3.28,0.57
07:32:59,"[175.69, 81]","[173.4, 73]","[180.04, 57]","[181.54, 35]",177.86,246,4.34,0.25
07:33:00,"[176.0, 16]","[175.0, 24]","[178.39, 31]","[181.86, 21]",177.19,92,2.39,-0.13
07:33:01,"[177.24, 42]","[176.21, 33]","[180.0, 26]","[181.36, 33]",178.62,134,2.76,0.12
07:33:02,"[178.91, 23]","[175.76, 37]","[181.0, 23]","[199.14, 29]",179.96,112,2.09,0.07
07:33:03,"[176.2, 20]","[174.45, 29]","[183.0, 27]","[394.74, 19]",179.6,95,6.8,0.03
07:33:04,"[175.68, 25]","[173.11, 57]","[183.0, 33]","[257.95, 38]",179.34,153,7.32,0.07
07:33:05,"[179.1, 40]","[175.79, 42]","[181.29, 42]","[219.98, 47]",180.19,171,2.19,-0.04
07:33:06,"[184.3, 92]","[178.77, 31]","[293.85, 26]","[504.21, 19]",239.08,168,109.54,0.46
07:33:07,"[185.0, 70]","[183.0, 15]","[472.0, 10]","[566.25, 16]",328.5,111,287.0,0.53
07:33:08,"[185.0, 140]","[183.0, 30]","[396.79, 29]","[592.57, 28]",290.9,227,211.79,0.5
07:33:09,"[185.0, 54]","[183.0, 15]","[273.0, 15]","[491.0, 15]",229.0,99,88.0,0.39
07:33:10,"[185.0, 50]","[183.0, 15]","[513.83, 18]","[640.26, 19]",349.42,102,328.83,0.27
07:33:11,"[185.0, 44]","[183.0, 18]","[498.0, 24]","[598.0, 18]",341.5,104,313.0,0.19
07:33:12,"[185.0, 30]","[183.0, 15]","[367.82, 11]","[505.25, 16]",276.41,72,182.82,0.25
07:33:13,"[185.0, 72]","[183.0, 36]","[286.33, 55]","[328.0, 35]",235.66,198,101.33,0.09
07:33:14,"[185.0, 78]","[183.0, 39]","[195.29, 52]","[212.33, 43]",190.14,212,10.29,0.1
07:33:15,"[185.0, 54]","[183.0, 27]","[188.93, 43]","[191.59, 37]",186.97,161,3.93,0.01
07:33:16,"[185.0, 21]","[183.0, 33]","[186.74, 47]","[187.51, 41]",185.87,142,1.74,-0.24
07:33:17,"[183.25, 24]","[181.41, 44]","[186.34, 44]","[221.3, 50]",184.8,162,3.09,-0.16
07:33:18,"[178.0, 24]","[175.0, 24]","[186.0, 40]","[257.55, 22]",182.0,110,8.0,-0.13
07:33:19,"[175.0, 90]","[173.94, 130]","[183.53, 36]","[207.09, 69]",179.26,325,8.53,0.35
07:33:20,"[175.0, 78]","[172.37, 38]","[180.16, 51]","[180.95, 39]",177.58,206,5.16,0.13
07:33:21,"[176.33, 36]","[175.0, 60]","[178.13, 46]","[179.48, 31]",177.23,173,1.8,0.11
07:33:22,"[176.09, 35]","[175.05, 74]","[177.96, 26]","[221.94, 32]",177.02,167,1.88,0.31
07:33:23,"[175.4, 40]","[174.51, 73]","[180.46, 39]","[237.97, 37]",177.93,189,5.06,0.2
07:33:24,"[175.0, 80]","[171.0, 30]","[184.0, 16]","[185.77, 26]",179.5,152,9.0,0.45
07:33:25,"[175.0, 80]","[171.0, 30]","[181.53, 30]","[182.24, 38]",178.27,178,6.53,0.24
07:33:26,"[175.0, 80]","[171.0, 30]","[180.29, 35]","[181.71, 35]",177.64,180,5.29,0.22
07:33:27,"[175.0, 109]","[170.87, 47]","[178.08, 26]","[180.25, 44]",176.54,226,3.08,0.38
07:33:28,"[175.08, 61]","[173.69, 51]","[177.0, 12]","[181.37, 38]",176.04,162,1.92,0.38
07:33:29,"[175.0, 94]","[172.85, 26]","[181.38, 24]","[263.13, 46]",178.19,190,6.38,0.26
07:33:30,"[175.0, 37]","[174.0, 12]","[181.07, 30]","[201.13, 30]",178.03,109,6.07,-0.1
07:33:31,"[175.0, 12]","[174.0, 6]","[179.0, 20]","[180.0, 30]",177.0,68,4.0,-0.47
07:33:32,"[175.0, 16]","[174.0, 8]","[179.0, 32]","[180.0, 40]",177.0,96,4.0,-0.5
07:33:33,"[175.55, 66]","[175.42, 62]","[178.45, 40]","[179.62, 63]",177.0,231,2.9,0.11
07:33:34,"[177.0, 10]","[176.0, 40]","[178.09, 44]","[179.38, 26]",177.55,120,1.09,-0.17
07:33:35,"[175.09, 88]","[174.56, 54]","[178.0, 55]","[181.45, 22]",176.55,219,2.91,0.3
07:33:36,"[176.09, 11]","[175.0, 92]","[178.0, 31]","[182.0, 22]",177.05,156,1.91,0.32
07:33:37,"[175.03, 73]","[173.62, 26]","[178.0, 20]","[182.0, 20]",176.51,139,2.97,0.42
07:33:38,"[175.0, 37]","[172.25, 32]","[178.0, 20]","[182.0, 20]",176.5,109,3.0,0.27
07:33:39,"[172.45, 47]","[170.49, 45]","[177.07, 61]","[182.0, 62]",174.76,215,4.62,-0.14
07:33:40,"[172.35, 34]","[171.13, 46]","[177.1, 42]","[183.92, 72]",174.72,194,4.74,-0.18
07:33:41,"[171.75, 32]","[170.53, 38]","[175.58, 24]","[181.48, 42]",173.67,136,3.83,0.03
07:33:42,"[170.11, 36]","[167.0, 27]","[173.44, 18]","[174.67, 9]",171.78,90,3.33,0.4
07:33:43,"[170.31, 49]","[167.42, 85]","[173.31, 26]","[176.6, 40]",171.81,200,3.0,0.34
07:33:44,"[167.04, 84]","[166.12, 57]","[174.0, 22]","[177.81, 52]",170.52,215,6.96,0.31
07:33:45,"[168.0, 9]","[167.0, 9]","[174.0, 18]","[177.0, 18]",171.0,54,6.0,-0.33
07:33:46,"[170.83, 12]","[169.67, 12]","[174.0, 24]","[177.0, 24]",172.42,72,3.17,-0.33
07:33:47,"[172.83, 12]","[164.35, 77]","[174.0, 24]","[177.0, 24]",173.42,137,1.17,0.3
07:33:48,"[165.97, 31]","[164.21, 71]","[174.0, 15]","[177.0, 20]",169.98,137,8.03,0.49
07:33:49,"[164.0, 110]","[163.0, 11]","[174.0, 11]","[177.0, 22]",169.0,154,10.0,0.57
07:33:50,"[165.1, 146]","[164.08, 143]","[172.94, 64]","[174.0, 16]",169.02,369,7.84,0.57
07:33:51,"[166.2, 120]","[165.0, 60]","[172.04, 48]","[174.53, 30]",169.12,258,5.84,0.4
07:33:52,"[167.0, 128]","[165.0, 70]","[173.03, 66]","[174.36, 22]",170.02,286,6.03,0.38
07:33:53,"[167.75, 96]","[165.18, 68]","[172.67, 36]","[173.2, 30]",170.21,230,4.92,0.43
07:33:54,"[168.5, 144]","[166.0, 54]","[171.62, 26]","[172.62, 52]",170.06,276,3.12,0.43
07:33:55,"[168.34, 70]","[166.26, 39]","[172.76, 37]","[173.52, 25]",170.55,171,4.41,0.27
07:33:56,"[171.0, 15]","[170.0, 60]","[173.0, 23]","[174.0, 12]",172.0,110,2.0,0.36
07:33:57,"[172.73, 33]","[169.82, 40]","[175.24, 34]","[175.79, 28]",173.98,135,2.51,0.08
07:33:58,"[174.33, 18]","[173.55, 22]","[175.92, 38]","[176.75, 12]",175.13,90,1.59,-0.11
07:33:59,"[172.62, 29]","[164.93, 28]","[175.38, 39]","[176.17, 29]",174.0,125,2.76,-0.09
07:34:00,"[172.65, 62]","[171.6, 45]","[224.29, 41]","[308.48, 23]",198.47,171,51.65,0.25
07:34:01,"[178.0, 56]","[176.0, 108]","[219.8, 50]","[311.97, 58]",198.9,272,41.8,0.21
07:34:02,"[179.27, 22]","[176.74, 43]","[272.26, 54]","[305.22, 45]",225.77,164,92.99,-0.21
07:34:03,"[180.27, 22]","[178.0, 22]","[246.45, 44]","[305.9, 50]",213.36,138,66.18,-0.36
07:34:04,"[176.31, 58]","[175.56, 39]","[308.9, 31]","[379.03, 36]",242.61,164,132.59,0.18
07:34:05,"[176.06, 68]","[175.2, 40]","[465.76, 29]","[626.65, 34]",320.91,171,289.7,0.26
07:34:06,"[176.0, 52]","[175.0, 28]","[435.25, 16]","[608.11, 19]",305.62,115,259.25,0.39
07:34:07,"[184.0, 20]","[181.6, 43]","[420.44, 36]","[430.5, 24]",302.22,123,236.44,0.02
07:34:08,"[186.0, 16]","[183.58, 24]","[419.8, 40]","[420.5, 64]",302.9,144,233.8,-0.44
07:34:09,"[186.0, 8]","[184.0, 8]","[418.09, 11]","[419.14, 29]",302.05,56,232.09,-0.43
07:34:10,"[186.0, 10]","[184.0, 10]","[416.06, 34]","[417.5, 16]",301.03,70,230.06,-0.43
07:34:11,"[183.2, 15]","[177.24, 29]","[394.11, 28]","[381.31, 13]",288.65,85,210.91,0.04
07:34:12,"[183.0, 18]","[177.0, 36]","[262.25, 24]","[265.37, 19]",222.62,97,79.25,0.11
07:34:13,"[183.0, 18]","[177.0, 36]","[258.91, 33]","[260.67, 12]",220.95,99,75.91,0.09
07:34:14,"[183.0, 34]","[177.0, 68]","[256.32, 38]","[258.06, 62]",219.66,202,73.32,0.01
07:34:15,"[183.0, 24]","[177.0, 48]","[226.33, 21]","[234.08, 26]",204.67,119,43.33,0.21
07:34:16,"[181.71, 28]","[176.68, 53]","[219.06, 17]","[221.12, 25]",200.39,123,37.34,0.32
07:34:17,"[175.98, 87]","[174.06, 33]","[211.79, 48]","[214.34, 35]",193.88,203,35.81,0.18
07:34:18,"[173.43, 42]","[155.43, 53]","[182.0, 9]","[212.0, 36]",177.71,140,8.57,0.36
07:34:19,"[169.75, 64]","[148.07, 100]","[179.73, 37]","[198.33, 49]",174.74,250,9.98,0.31
07:34:20,"[170.0, 48]","[148.17, 75]","[175.35, 40]","[176.55, 40]",172.68,203,5.35,0.21
07:34:21,"[170.0, 44]","[148.0, 110]","[172.72, 29]","[173.44, 25]",171.36,208,2.72,0.48
07:34:22,"[170.0, 43]","[151.24, 74]","[171.0, 26]","[172.87, 31]",170.5,174,1.0,0.34
07:34:23,"[168.43, 46]","[153.74, 47]","[171.95, 19]","[173.2, 30]",170.19,142,3.51,0.31
07:34:24,"[170.0, 40]","[159.1, 30]","[171.68, 38]","[172.41, 39]",170.84,147,1.68,-0.05
07:34:25,"[169.18, 44]","[149.73, 33]","[173.06, 33]","[228.91, 45]",171.12,155,3.88,-0.01
07:34:26,"[153.95, 19]","[112.0, 15]","[175.62, 8]","[178.0, 8]",164.79,50,21.68,0.36
07:34:27,"[135.67, 24]","[100.55, 22]","[195.27, 15]","[250.11, 45]",165.47,106,59.6,-0.13
07:34:28,"[101.83, 12]","[64.6, 10]","[266.67, 12]","[445.11, 18]",184.25,52,164.83,-0.15
07:34:29,"[168.24, 17]","[97.22, 9]","[310.0, 7]","[471.71, 28]",239.12,61,141.76,-0.15
07:34:30,"[186.0, 9]","[179.0, 5]","[310.0, 5]","[517.59, 17]",248.0,36,124.0,-0.22
07:34:31,"[114.27, 22]","[86.0, 21]","[224.25, 24]","[377.4, 30]",169.26,97,109.98,-0.11
07:34:32,"[105.22, 18]","[98.78, 18]","[168.0, 45]","[179.08, 37]",136.61,118,62.78,-0.39
07:34:33,"[107.75, 16]","[101.5, 16]","[167.83, 36]","[171.75, 40]",137.79,108,60.08,-0.41
07:34:34,"[113.33, 18]","[79.0, 30]","[167.0, 9]","[168.0, 35]",140.17,92,53.67,0.04
07:34:35,"[137.92, 52]","[121.64, 72]","[227.73, 30]","[366.02, 50]",182.83,204,89.81,0.22
07:34:36,"[176.91, 23]","[165.0, 19]","[401.57, 7]","[620.86, 28]",289.24,77,224.66,0.09
07:34:37,"[180.25, 24]","[178.81, 32]","[577.12, 26]","[615.14, 14]",378.68,96,396.87,0.17
07:34:38,"[182.0, 26]","[181.0, 18]","[554.53, 15]","[772.4, 30]",368.27,89,372.53,-0.01
07:34:39,"[183.31, 16]","[182.2, 15]","[404.14, 29]","[777.85, 33]",293.73,93,220.83,-0.33
07:34:40,"[184.0, 11]","[183.0, 11]","[402.48, 27]","[525.04, 51]",293.24,100,218.48,-0.56
07:34:41,"[181.71, 7]","[170.71, 7]","[363.87, 15]","[389.5, 28]",272.79,57,182.15,-0.51
07:34:42,"[177.57, 14]","[176.43, 7]","[353.09, 32]","[354.41, 17]",265.33,70,175.52,-0.4
07:34:43,"[178.0, 14]","[177.0, 7]","[351.71, 17]","[352.94, 32]",264.85,70,173.71,-0.4
07:34:44,"[170.62, 52]","[145.52, 23]","[336.62, 32]","[351.18, 22]",253.62,129,166.01,0.16
07:34:45,"[170.0, 56]","[58.57, 35]","[195.14, 29]","[227.0, 17]",182.57,137,25.14,0.33
07:34:46,"[171.0, 48]","[111.0, 30]","[178.44, 18]","[227.08, 24]",174.72,120,7.44,0.3
07:34:47,"[176.0, 29]","[170.0, 32]","[222.0, 12]","[275.0, 16]",199.0,89,46.0,0.37
07:34:48,"[176.0, 21]","[170.0, 24]","[263.0, 9]","[361.0, 12]",219.5,66,87.0,0.36
07:34:49,"[177.33, 49]","[174.52, 65]","[385.64, 33]","[517.82, 34]",281.48,181,208.31,0.26
07:34:50,"[179.33, 45]","[176.0, 63]","[415.49, 39]","[469.71, 42]",297.41,189,236.15,0.14
07:34:51,"[181.22, 18]","[176.06, 36]","[375.0, 30]","[376.0, 24]",278.11,108,193.78,0.0
07:34:52,"[183.0, 16]","[178.0, 8]","[374.62, 40]","[376.0, 32]",278.81,96,191.62,-0.5
07:34:53,"[184.0, 8]","[178.0, 4]","[374.0, 20]","[376.0, 16]",279.0,48,190.0,-0.5
07:34:54,"[184.0, 20]","[178.0, 10]","[237.48, 42]","[270.65, 40]",210.74,112,53.48,-0.46
07:34:55,"[178.21, 33]","[173.67, 39]","[199.86, 35]","[202.0, 21]",189.03,128,21.65,0.12
07:34:56,"[180.0, 60]","[179.0, 10]","[197.14, 42]","[202.87, 46]",188.57,158,17.14,-0.11
07:34:57,"[180.0, 36]","[179.0, 6]","[193.96, 25]","[196.5, 24]",186.98,91,13.96,-0.08
07:34:58,"[181.89, 35]","[179.72, 75]","[192.51, 65]","[193.59, 61]",187.2,236,10.62,-0.07
07:34:59,"[183.0, 48]","[179.0, 108]","[187.02, 52]","[189.02, 56]",185.01,264,4.02,0.18
07:35:00,"[179.97, 115]","[178.1, 49]","[186.74, 73]","[193.03, 62]",183.36,299,6.77,0.1
07:35:01,"[180.0, 53]","[178.0, 11]","[184.2, 45]","[185.44, 54]",182.1,163,4.2,-0.21
07:35:02,"[180.0, 42]","[178.5, 14]","[182.67, 60]","[201.25, 65]",181.33,181,2.67,-0.38
07:35:03,"[181.0, 88]","[180.0, 33]","[184.36, 55]","[449.0, 33]",182.68,209,3.36,0.16
07:35:04,"[181.91, 88]","[179.14, 42]","[183.91, 55]","[233.92, 39]",182.91,224,2.0,0.16
07:35:05,"[179.47, 38]","[177.18, 88]","[296.81, 37]","[411.59, 34]",238.14,197,117.34,0.28
07:35:06,"[179.0, 32]","[177.0, 38]","[378.43, 23]","[472.62, 24]",278.72,117,199.43,0.2
07:35:07,"[178.14, 21]","[176.05, 177]","[437.0, 18]","[487.78, 27]",307.57,243,258.86,0.63
07:35:08,"[176.03, 116]","[168.06, 136]","[374.24, 34]","[418.41, 29]",275.13,315,198.2,0.6
07:35:09,"[176.0, 158]","[66.03, 30]","[357.42, 36]","[361.64, 25]",266.71,249,181.42,0.51
07:35:10,"[176.0, 132]","[153.12, 49]","[358.95, 41]","[361.69, 29]",267.48,251,182.95,0.44
07:35:11,"[177.67, 54]","[175.91, 132]","[315.48, 33]","[356.76, 25]",246.58,244,137.82,0.52
07:35:12,"[176.0, 108]","[175.0, 54]","[353.21, 19]","[354.47, 19]",264.61,200,177.21,0.62
07:35:13,"[176.0, 144]","[175.0, 72]","[253.83, 35]","[287.0, 25]",214.91,276,77.83,0.57
07:35:14,"[176.0, 174]","[175.0, 102]","[177.55, 29]","[179.69, 39]",176.78,344,1.55,0.6
07:35:15,"[176.0, 22]","[175.0, 36]","[177.17, 6]","[217.0, 12]",176.58,76,1.17,0.53
07:35:16,"[178.47, 17]","[175.14, 28]","[398.25, 12]","[429.68, 19]",288.36,76,219.78,0.18
07:35:17,"[183.0, 33]","[176.0, 22]","[511.59, 29]","[554.11, 36]",347.29,120,328.59,-0.08
07:35:18,"[183.0, 24]","[176.0, 16]","[289.0, 24]","[623.77, 26]",236.0,90,106.0,-0.11
07:35:19,"[185.0, 36]","[179.71, 17]","[289.0, 21]","[435.43, 21]",237.0,95,104.0,0.12
07:35:20,"[186.0, 96]","[183.0, 40]","[300.0, 14]","[357.72, 32]",243.0,182,114.0,0.49
07:35:21,"[186.0, 136]","[182.95, 57]","[336.12, 49]","[411.86, 58]",261.06,300,150.12,0.29
07:35:22,"[186.0, 72]","[182.75, 56]","[240.0, 18]","[277.0, 18]",213.0,164,54.0,0.56
07:35:23,"[186.0, 72]","[183.0, 84]","[273.92, 24]","[360.21, 42]",229.96,222,87.92,0.41
07:35:24,"[186.0, 50]","[183.0, 70]","[311.29, 35]","[332.14, 35]",248.64,190,125.29,0.26
07:35:25,"[186.0, 55]","[183.0, 77]","[289.14, 43]","[505.71, 28]",237.57,203,103.14,0.3
07:35:26,"[186.0, 70]","[183.0, 107]","[286.15, 20]","[288.92, 39]",236.07,236,100.15,0.5
07:35:27,"[186.0, 51]","[183.0, 89]","[263.19, 16]","[290.78, 23]",224.59,179,77.19,0.56
07:35:28,"[186.0, 40]","[183.0, 70]","[259.62, 13]","[260.35, 17]",222.81,140,73.62,0.57
07:35:29,"[186.0, 72]","[183.0, 126]","[232.61, 66]","[216.65, 52]",209.3,316,46.61,0.25
07:35:30,"[185.28, 58]","[182.76, 101]","[191.69, 26]","[192.79, 42]",188.48,227,6.42,0.4
07:35:31,"[183.0, 126]","[182.0, 216]","[186.96, 71]","[187.11, 44]",184.98,457,3.96,0.5
07:35:32,"[182.11, 96]","[181.41, 88]","[229.84, 58]","[223.36, 36]",205.98,278,47.73,0.32
07:35:33,"[182.0, 60]","[181.0, 40]","[242.0, 50]","[412.4, 30]",212.0,180,60.0,0.11
07:35:34,"[182.0, 54]","[181.0, 36]","[242.0, 45]","[366.0, 27]",212.0,162,60.0,0.11
07:35:35,"[182.0, 18]","[181.0, 12]","[346.0, 15]","[366.0, 9]",264.0,54,164.0,0.11
07:35:36,"[182.0, 34]","[181.0, 28]","[361.65, 23]","[368.13, 30]",271.83,115,179.65,0.08
07:35:37,"[182.0, 56]","[181.0, 56]","[324.93, 41]","[412.65, 48]",253.46,201,142.93,0.11
07:35:38,"[182.0, 44]","[181.0, 44]","[277.0, 55]","[372.48, 23]",229.5,166,95.0,0.06
07:35:39,"[182.35, 34]","[181.2, 40]","[248.88, 32]","[262.19, 42]",215.61,148,66.52,0.0
07:35:40,"[180.58, 38]","[178.62, 55]","[285.6, 57]","[534.0, 38]",233.09,188,105.02,-0.01
07:35:41,"[178.42, 60]","[176.38, 64]","[682.33, 30]","[688.5, 6]",430.38,160,503.92,0.55
07:35:42,"[180.49, 41]","[179.0, 24]","[683.0, 8]","[685.0, 24]",431.74,97,502.51,0.34
07:35:43,"[181.0, 12]","[179.0, 18]","[683.0, 6]","[685.0, 18]",432.0,54,502.0,0.11
07:35:44,"[181.25, 16]","[179.0, 24]","[683.0, 8]","[685.0, 24]",432.12,72,501.75,0.11
07:35:45,"[182.0, 16]","[179.0, 24]","[259.21, 14]","[532.0, 18]",220.61,72,77.21,0.11
07:35:46,"[182.0, 18]","[179.0, 27]","[214.72, 25]","[307.45, 29]",198.36,99,32.72,-0.09
07:35:47,"[179.67, 18]","[176.26, 69]","[213.0, 9]","[347.89, 45]",196.33,141,33.33,0.23
07:35:48,"[176.75, 48]","[175.71, 84]","[213.0, 10]","[358.9, 50]",194.88,192,36.25,0.38
07:35:49,"[176.0, 81]","[175.0, 54]","[467.38, 29]","[555.67, 27]",321.69,191,291.38,0.41
07:35:50,"[176.55, 40]","[175.89, 111]","[448.73, 45]","[532.23, 39]",312.64,235,272.18,0.29
07:35:51,"[177.0, 22]","[176.0, 99]","[399.45, 33]","[498.73, 33]",288.23,187,222.45,0.29
07:35:52,"[178.36, 22]","[176.0, 94]","[348.73, 33]","[463.13, 39]",263.55,188,170.36,0.23
07:35:53,"[180.7, 20]","[176.09, 92]","[266.95, 38]","[398.85, 34]",223.82,184,86.25,0.22
07:35:54,"[182.5, 16]","[179.29, 14]","[238.58, 38]","[239.62, 26]",210.54,94,56.08,-0.36
07:35:55,"[181.0, 10]","[178.67, 30]","[237.0, 30]","[238.0, 50]",209.0,120,56.0,-0.33
07:35:56,"[177.32, 19]","[177.58, 24]","[236.75, 24]","[238.0, 40]",207.03,107,59.43,-0.2
07:35:57,"[176.0, 96]","[175.0, 54]","[234.75, 28]","[236.1, 41]",205.38,219,58.75,0.37
07:35:58,"[179.87, 76]","[175.78, 81]","[230.28, 25]","[231.48, 25]",205.07,207,50.41,0.52
07:35:59,"[182.0, 61]","[176.0, 81]","[227.67, 27]","[229.0, 18]",204.83,187,45.67,0.52
07:36:00,"[182.0, 78]","[176.11, 61]","[225.17, 36]","[226.09, 33]",203.58,208,43.17,0.34
07:36:01,"[182.0, 60]","[176.0, 90]","[210.61, 28]","[217.68, 25]",196.3,203,28.61,0.48
07:36:02,"[180.09, 53]","[175.87, 92]","[185.28, 29]","[186.46, 26]",182.69,200,5.18,0.45
07:36:03,"[176.0, 96]","[175.0, 72]","[183.64, 33]","[184.93, 27]",179.82,228,7.64,0.47
07:36:04,"[176.0, 84]","[175.0, 66]","[178.75, 28]","[181.72, 29]",177.38,207,2.75,0.45
07:36:05,"[175.05, 38]","[124.07, 27]","[176.69, 26]","[285.44, 27]",175.87,118,1.64,0.1
07:36:06,"[175.0, 28]","[149.0, 35]","[279.83, 23]","[419.91, 23]",227.41,109,104.83,0.16
07:36:07,"[175.47, 38]","[155.34, 29]","[458.44, 55]","[555.78, 54]",316.96,176,282.96,-0.24
07:36:08,"[176.0, 24]","[175.0, 16]","[275.94, 33]","[466.1, 39]",225.97,112,99.94,-0.29
07:36:09,"[128.3, 20]","[98.12, 17]","[240.67, 24]","[411.7, 33]",184.48,94,112.37,-0.21
07:36:10,"[170.28, 72]","[54.67, 45]","[232.33, 43]","[240.68, 38]",201.3,198,62.05,0.18
07:36:11,"[179.55, 47]","[178.41, 58]","[237.61, 57]","[239.11, 47]",208.58,209,58.06,0.0
07:36:12,"[180.39, 108]","[179.69, 109]","[235.57, 37]","[236.59, 59]",207.98,313,55.18,0.39
07:36:13,"[183.64, 22]","[182.0, 33]","[227.86, 42]","[232.06, 35]",205.75,132,44.22,-0.17
07:36:14,"[183.45, 33]","[181.14, 63]","[214.52, 46]","[222.15, 54]",198.99,196,31.07,-0.02
07:36:15,"[182.0, 21]","[180.0, 63]","[206.57, 21]","[226.05, 19]",194.29,124,24.57,0.35
07:36:16,"[182.0, 33]","[180.0, 99]","[205.0, 22]","[206.0, 33]",193.5,187,23.0,0.41
07:36:17,"[180.86, 56]","[179.78, 92]","[203.0, 42]","[203.79, 38]",191.93,228,22.14,0.3
07:36:18,"[180.0, 168]","[179.0, 105]","[198.28, 68]","[199.81, 63]",189.14,404,18.28,0.35
07:36:19,"[180.0, 48]","[179.0, 55]","[195.52, 31]","[196.87, 46]",187.76,180,15.52,0.14
07:36:20,"[179.84, 50]","[178.79, 78]","[194.15, 66]","[195.05, 56]",187.0,250,14.31,0.02
07:36:21,"[180.0, 42]","[177.8, 60]","[189.23, 47]","[190.07, 42]",184.62,191,9.23,0.07
07:36:22,"[179.42, 19]","[177.71, 45]","[182.68, 34]","[184.12, 26]",181.05,124,3.26,0.03
07:36:23,"[177.11, 45]","[176.37, 49]","[179.8, 44]","[200.77, 56]",178.45,194,2.68,-0.03
07:36:24,"[176.23, 39]","[175.49, 47]","[178.23, 52]","[179.07, 43]",177.23,181,2.0,-0.05
07:36:25,"[174.6, 30]","[167.56, 41]","[177.0, 36]","[194.89, 36]",175.8,143,2.4,-0.01
07:36:26,"[158.65, 31]","[157.0, 4]","[205.28, 25]","[240.16, 25]",181.96,85,46.63,-0.18
07:36:27,"[15.0, 72]","[0, 0]","[209.58, 24]","[290.25, 20]",112.29,116,194.58,0.24
07:36:28,"[40.71, 84]","[0, 0]","[171.86, 14]","[173.67, 18]",106.29,116,131.14,0.45
07:36:29,"[46.43, 14]","[45.0, 84]","[173.14, 14]","[209.7, 20]",109.79,132,126.71,0.48
07:36:30,"[173.29, 34]","[130.5, 20]","[186.78, 18]","[244.0, 30]",180.04,102,13.48,0.06
07:36:31,"[174.0, 56]","[171.46, 52]","[244.22, 49]","[337.61, 33]",209.11,190,70.22,0.14
07:36:32,"[176.0, 65]","[172.0, 40]","[276.15, 47]","[280.84, 32]",226.07,184,100.15,0.14
07:36:33,"[176.0, 18]","[172.0, 28]","[278.57, 35]","[410.27, 22]",227.29,103,102.57,-0.11
07:36:34,"[176.0, 16]","[172.0, 32]","[277.0, 40]","[348.29, 28]",226.5,116,101.0,-0.17
07:36:35,"[176.0, 10]","[172.0, 20]","[276.0, 24]","[312.74, 19]",226.0,73,100.0,-0.18
07:36:36,"[177.4, 20]","[173.85, 26]","[275.0, 35]","[276.0, 28]",226.2,109,97.6,-0.16
07:36:37,"[179.41, 34]","[177.47, 76]","[234.38, 42]","[274.33, 48]",206.9,200,54.97,0.1
07:36:38,"[184.5, 16]","[181.86, 28]","[221.24, 33]","[239.33, 30]",202.87,107,36.74,-0.18
07:36:39,"[182.57, 28]","[177.71, 56]","[221.0, 35]","[260.57, 28]",201.79,147,38.43,0.14
07:36:40,"[179.0, 24]","[177.0, 108]","[219.62, 26]","[220.71, 28]",199.31,186,40.62,0.42
07:36:41,"[179.0, 52]","[177.0, 234]","[218.12, 60]","[219.33, 42]",198.56,388,39.12,0.47
07:36:42,"[177.33, 96]","[176.83, 217]","[213.94, 64]","[215.27, 62]",195.64,439,36.6,0.43
07:36:43,"[177.29, 76]","[176.88, 225]","[186.94, 54]","[194.3, 47]",182.12,402,9.65,0.5
07:36:44,"[177.0, 149]","[176.0, 146]","[178.0, 56]","[284.89, 35]",177.5,386,1.0,0.53
07:36:45,"[176.21, 24]","[175.99, 84]","[223.77, 26]","[301.0, 24]",199.99,158,47.56,0.37
07:36:46,"[176.21, 175]","[175.81, 47]","[316.52, 33]","[456.03, 37]",246.36,292,140.31,0.52
07:36:47,"[185.0, 10]","[176.0, 95]","[289.0, 20]","[655.5, 12]",237.0,137,104.0,0.53
07:36:48,"[185.0, 22]","[176.0, 209]","[213.44, 36]","[279.44, 32]",199.22,299,28.44,0.55
07:36:49,"[185.0, 28]","[176.0, 254]","[190.71, 56]","[193.0, 28]",187.86,366,5.71,0.54
07:36:50,"[181.49, 82]","[176.81, 167]","[187.75, 48]","[190.47, 34]",184.62,331,6.26,0.5
07:36:51,"[181.0, 90]","[176.0, 140]","[182.8, 40]","[191.9, 20]",181.9,290,1.8,0.59
07:36:52,"[181.0, 59]","[176.0, 154]","[234.9, 40]","[535.0, 26]",207.95,279,53.9,0.53
07:36:53,"[181.0, 24]","[176.0, 84]","[326.5, 12]","[510.83, 12]",253.75,132,145.5,0.64
07:36:54,"[181.0, 32]","[176.08, 102]","[390.71, 14]","[477.38, 16]",285.86,164,209.71,0.63
07:36:55,"[181.0, 16]","[178.0, 16]","[424.4, 5]","[456.86, 7]",302.7,44,243.4,0.45
07:36:56,"[179.88, 32]","[177.24, 100]","[376.36, 11]","[386.88, 16]",278.12,159,196.49,0.66
07:36:57,"[178.0, 12]","[176.0, 56]","[375.0, 4]","[440.43, 14]",276.5,86,197.0,0.58
07:36:58,"[180.0, 108]","[178.0, 27]","[335.67, 18]","[355.89, 27]",257.83,180,155.67,0.5
07:36:59,"[179.56, 108]","[176.71, 121]","[220.94, 16]","[239.69, 26]",200.25,271,41.38,0.69
07:37:00,"[179.44, 57]","[178.0, 36]","[211.17, 12]","[212.17, 12]",195.3,117,31.73,0.59
07:37:01,"[181.8, 137]","[177.96, 56]","[209.12, 17]","[210.35, 17]",195.46,227,27.32,0.7
07:37:02,"[182.19, 54]","[181.62, 63]","[207.0, 9]","[208.67, 9]",194.59,135,24.81,0.73
07:37:03,"[182.2, 60]","[181.7, 122]","[204.12, 16]","[205.62, 16]",193.16,214,21.93,0.7
07:37:04,"[182.0, 88]","[179.0, 22]","[201.36, 11]","[202.36, 11]",191.68,132,19.36,0.67
07:37:05,"[182.0, 104]","[179.0, 26]","[199.15, 13]","[201.0, 13]",190.58,156,17.15,0.67
07:37:06,"[182.0, 88]","[179.0, 22]","[198.0, 11]","[199.91, 11]",190.0,132,16.0,0.67
07:37:07,"[182.0, 80]","[179.0, 20]","[196.9, 10]","[198.8, 10]",189.45,120,14.9,0.67
07:37:08,"[182.0, 166]","[179.0, 28]","[193.57, 14]","[194.64, 14]",187.79,222,11.57,0.75
07:37:09,"[182.0, 117]","[179.0, 18]","[191.0, 9]","[193.0, 9]",186.5,153,9.0,0.76
07:37:10,"[182.0, 143]","[179.0, 22]","[190.18, 11]","[275.22, 27]",186.09,203,8.18,0.63
07:37:11,"[182.0, 169]","[179.0, 26]","[187.22, 27]","[399.76, 21]",184.61,243,5.22,0.6
07:37:12,"[182.0, 128]","[179.0, 24]","[185.62, 16]","[186.94, 32]",183.81,200,3.62,0.52
07:37:13,"[182.0, 99]","[179.0, 33]","[183.73, 33]","[186.0, 11]",182.86,176,1.73,0.5
07:37:14,"[182.0, 74]","[179.0, 27]","[183.0, 27]","[597.71, 34]",182.5,162,1.0,0.25
07:37:15,"[182.0, 33]","[179.0, 30]","[420.71, 48]","[629.8, 50]",301.35,161,238.71,-0.22
07:37:16,"[181.96, 25]","[179.5, 24]","[263.15, 41]","[315.22, 37]",222.55,127,81.19,-0.23
07:37:17,"[181.0, 18]","[179.0, 27]","[271.6, 30]","[278.22, 45]",226.3,120,90.6,-0.25
07:37:18,"[180.67, 48]","[177.55, 66]","[269.18, 34]","[271.76, 66]",224.92,214,88.51,0.07
07:37:19,"[179.0, 23]","[176.0, 110]","[266.0, 35]","[267.83, 24]",222.5,192,87.0,0.39
07:37:20,"[179.0, 27]","[177.0, 60]","[263.03, 30]","[264.07, 15]",221.02,132,84.03,0.32
07:37:21,"[178.09, 58]","[176.15, 119]","[259.0, 42]","[259.88, 32]",218.54,251,80.91,0.41
07:37:22,"[181.29, 14]","[178.04, 45]","[257.8, 40]","[258.5, 32]",219.54,131,76.51,-0.1
07:37:23,"[180.0, 12]","[178.0, 48]","[254.05, 42]","[254.62, 42]",217.02,144,74.05,-0.17
07:37:24,"[180.0, 16]","[178.0, 64]","[246.36, 58]","[250.63, 63]",213.18,201,66.36,-0.2
07:37:25,"[180.0, 10]","[178.0, 40]","[236.39, 28]","[243.65, 37]",208.2,115,56.39,-0.13
07:37:26,"[180.0, 15]","[178.0, 60]","[229.27, 45]","[236.05, 44]",204.63,164,49.27,-0.09
07:37:27,"[180.62, 16]","[178.59, 34]","[200.74, 43]","[214.29, 55]",190.68,148,20.12,-0.32
07:37:28,"[179.62, 13]","[177.62, 37]","[183.47, 36]","[184.38, 32]",181.54,118,3.86,-0.15
07:37:29,"[176.0, 117]","[175.0, 26]","[179.31, 29]","[180.7, 23]",177.66,195,3.31,0.47
07:37:30,"[176.0, 48]","[175.0, 14]","[177.69, 13]","[178.2, 15]",176.85,90,1.69,0.38
07:37:31,"[167.08, 24]","[127.69, 35]","[175.96, 50]","[414.71, 21]",171.52,130,8.88,-0.09
07:37:32,"[77.61, 18]","[29.62, 21]","[175.0, 32]","[537.33, 18]",126.31,89,97.39,-0.12
07:37:33,"[94.67, 18]","[61.5, 6]","[174.5, 24]","[349.0, 6]",134.58,54,79.83,-0.11
07:37:34,"[112.08, 39]","[64.43, 21]","[171.37, 46]","[503.43, 21]",141.72,127,59.29,-0.06
07:37:35,"[131.0, 21]","[54.64, 14]","[459.29, 21]","[645.91, 11]",295.14,67,328.29,0.04
07:37:36,"[131.0, 12]","[98.25, 8]","[343.75, 12]","[486.75, 8]",237.38,40,212.75,0.0
07:37:37,"[151.22, 27]","[84.19, 16]","[174.0, 27]","[358.5, 20]",162.61,90,22.78,-0.04
07:37:38,"[158.33, 27]","[153.96, 23]","[170.8, 10]","[186.14, 43]",164.57,103,12.47,-0.03
07:37:39,"[176.32, 57]","[149.83, 12]","[307.11, 18]","[288.07, 30]",241.71,117,130.8,0.18
07:37:40,"[182.0, 81]","[174.2, 35]","[355.2, 15]","[469.2, 15]",268.6,146,173.2,0.59
07:37:41,"[182.32, 57]","[180.15, 86]","[347.0, 36]","[366.0, 12]",264.66,191,164.68,0.5
07:37:42,"[182.0, 36]","[176.0, 9]","[348.65, 23]","[399.0, 13]",265.33,81,166.65,0.11
07:37:43,"[182.0, 28]","[176.0, 7]","[306.43, 7]","[444.75, 12]",244.21,54,124.43,0.3
07:37:44,"[180.67, 15]","[175.5, 14]","[227.0, 8]","[404.4, 10]",203.83,47,46.33,0.23
07:37:45,"[181.0, 16]","[176.0, 8]","[227.0, 8]","[547.91, 11]",204.0,43,46.0,0.12
07:37:46,"[181.0, 14]","[176.0, 7]","[359.44, 9]","[576.33, 9]",270.22,39,178.44,0.08
07:37:47,"[181.0, 14]","[176.0, 7]","[341.0, 15]","[471.46, 13]",261.0,49,160.0,-0.14
07:37:48,"[182.82, 22]","[179.08, 26]","[334.33, 27]","[380.0, 17]",258.58,92,151.52,0.04
07:37:49,"[184.5, 16]","[180.47, 17]","[339.0, 24]","[526.8, 10]",261.75,67,154.5,-0.01
07:37:50,"[181.0, 14]","[178.0, 21]","[339.0, 21]","[413.0, 9]",260.0,65,158.0,0.08
07:37:51,"[181.6, 15]","[180.0, 27]","[335.11, 38]","[386.52, 33]",258.35,113,153.51,-0.26
07:37:52,"[182.0, 10]","[181.0, 20]","[223.88, 17]","[257.95, 20]",202.94,67,41.88,-0.1
07:37:53,"[176.38, 68]","[175.91, 125]","[202.86, 42]","[216.11, 19]",189.62,254,26.47,0.52
07:37:54,"[176.35, 104]","[175.78, 130]","[192.8, 10]","[207.79, 38]",184.57,282,16.45,0.66
07:37:55,"[176.02, 196]","[175.14, 98]","[190.97, 33]","[196.42, 19]",183.49,346,14.95,0.7
07:37:56,"[179.0, 10]","[176.0, 140]","[189.17, 12]","[190.85, 26]",184.08,188,10.17,0.6
07:37:57,"[176.02, 145]","[175.12, 112]","[183.97, 39]","[185.44, 25]",180.0,321,7.95,0.6
07:37:58,"[176.0, 75]","[175.0, 63]","[178.0, 16]","[178.31, 29]",177.0,183,2.0,0.51
07:37:59,"[175.1, 39]","[168.68, 19]","[176.57, 7]","[191.43, 14]",175.84,79,1.47,0.47
07:38:00,"[175.0, 63]","[109.0, 9]","[176.0, 9]","[222.62, 16]",175.5,97,1.0,0.48
07:38:01,"[175.14, 73]","[142.7, 20]","[260.16, 44]","[437.12, 17]",217.65,154,85.02,0.21
07:38:02,"[175.91, 22]","[158.21, 19]","[231.85, 39]","[304.76, 25]",203.88,105,55.94,-0.22
07:38:03,"[175.0, 15]","[123.0, 5]","[323.33, 21]","[435.25, 8]",249.17,49,148.33,-0.18
07:38:04,"[138.09, 11]","[85.22, 9]","[398.33, 36]","[584.85, 13]",268.21,69,260.24,-0.42
07:38:05,"[128.6, 10]","[66.4, 10]","[246.45, 29]","[344.58, 24]",187.52,73,117.85,-0.45
07:38:06,"[149.26, 46]","[137.25, 16]","[168.39, 31]","[170.0, 22]",158.82,115,19.13,0.08
07:38:07,"[163.27, 33]","[141.36, 11]","[167.27, 11]","[170.0, 22]",165.27,77,4.0,0.14
07:38:08,"[163.21, 70]","[116.63, 52]","[169.5, 24]","[282.67, 24]",166.36,170,6.29,0.44
07:38:09,"[164.5, 30]","[114.0, 36]","[169.12, 17]","[217.27, 15]",166.81,98,4.62,0.35
07:38:10,"[165.64, 55]","[119.02, 60]","[169.0, 33]","[171.0, 22]",167.32,170,3.36,0.35
07:38:11,"[167.82, 38]","[156.67, 51]","[169.8, 25]","[223.08, 25]",168.81,139,1.98,0.28
07:38:12,"[170.94, 36]","[169.33, 42]","[358.0, 15]","[642.17, 46]",264.47,139,187.06,0.12
07:38:13,"[174.57, 23]","[170.36, 22]","[572.91, 22]","[666.87, 30]",373.74,97,398.34,-0.07
07:38:14,"[171.59, 34]","[168.56, 39]","[286.18, 44]","[359.7, 47]",228.89,164,114.59,-0.11
07:38:15,"[172.0, 22]","[63.46, 71]","[267.24, 45]","[282.55, 44]",219.62,182,95.24,0.02
07:38:16,"[89.68, 34]","[44.61, 96]","[174.0, 35]","[278.0, 36]",131.84,201,84.32,0.29
07:38:17,"[106.75, 32]","[68.74, 38]","[254.0, 26]","[312.59, 29]",180.38,125,147.25,0.12
07:38:18,"[147.17, 58]","[66.86, 42]","[273.0, 28]","[290.79, 38]",210.09,166,125.83,0.2
07:38:19,"[175.35, 34]","[152.44, 54]","[248.56, 18]","[269.0, 30]",211.95,136,73.2,0.29
07:38:20,"[179.74, 43]","[172.84, 102]","[265.23, 44]","[274.62, 64]",222.49,253,85.48,0.15
07:38:21,"[184.29, 14]","[180.44, 25]","[263.5, 56]","[265.0, 28]",223.89,123,79.21,-0.37
07:38:22,"[179.33, 30]","[178.2, 30]","[261.62, 26]","[262.86, 28]",220.47,114,82.28,0.05
07:38:23,"[179.67, 21]","[178.64, 44]","[258.45, 22]","[259.55, 22]",219.06,109,78.79,0.19
07:38:24,"[178.45, 11]","[177.73, 22]","[257.08, 26]","[258.14, 14]",217.77,73,78.62,-0.1
07:38:25,"[178.0, 27]","[176.0, 27]","[256.43, 28]","[257.2, 20]",217.21,102,78.43,0.06
07:38:26,"[178.0, 18]","[176.0, 18]","[252.0, 18]","[253.25, 16]",215.0,70,74.0,0.03
07:38:27,"[178.0, 33]","[176.0, 33]","[249.8, 30]","[250.42, 24]",213.9,120,71.8,0.1
07:38:28,"[176.0, 28]","[107.9, 71]","[237.96, 46]","[246.12, 34]",206.98,179,61.96,0.11
07:38:29,"[175.0, 26]","[154.0, 13]","[227.29, 31]","[229.84, 38]",201.15,108,52.29,-0.28
07:38:30,"[175.0, 18]","[79.04, 73]","[221.64, 22]","[222.88, 32]",198.32,145,46.64,0.26
07:38:31,"[176.74, 93]","[168.36, 64]","[219.9, 40]","[220.7, 40]",198.32,237,43.16,0.32
07:38:32,"[176.94, 65]","[164.04, 23]","[215.6, 20]","[216.4, 20]",196.27,128,38.66,0.38
07:38:33,"[175.0, 8]","[157.68, 84]","[213.12, 16]","[214.12, 16]",194.06,124,38.12,0.48
07:38:34,"[117.57, 141]","[107.0, 65]","[196.54, 48]","[205.0, 44]",157.06,298,78.97,0.38
07:38:35,"[114.73, 135]","[60.0, 15]","[168.66, 41]","[169.82, 44]",141.7,235,53.93,0.28
07:38:36,"[147.5, 68]","[121.44, 52]","[165.74, 27]","[167.78, 36]",156.62,183,18.24,0.31
07:38:37,"[110.22, 60]","[10.65, 20]","[165.0, 46]","[168.73, 22]",137.61,148,54.78,0.08
07:38:38,"[74.43, 28]","[76.11, 28]","[169.94, 34]","[234.64, 22]",122.18,112,95.51,0.0
07:38:39,"[36.15, 62]","[30.72, 75]","[168.48, 50]","[215.14, 28]",102.31,215,132.33,0.27
07:38:40,"[41.67, 54]","[0, 0]","[167.43, 14]","[237.6, 10]",104.55,78,125.76,0.38
07:38:41,"[87.15, 39]","[49.0, 27]","[170.4, 10]","[286.0, 6]",128.78,82,83.25,0.61
07:38:42,"[87.9, 41]","[53.33, 36]","[169.22, 18]","[171.0, 9]",128.56,104,81.32,0.48
07:38:43,"[80.5, 32]","[65.0, 32]","[226.57, 14]","[344.67, 9]",153.54,87,146.07,0.47
07:38:44,"[177.45, 11]","[150.8, 15]","[576.0, 4]","[652.0, 8]",376.73,38,398.55,0.37
07:38:45,"[179.89, 36]","[178.0, 9]","[203.2, 10]","[255.53, 17]",191.54,72,23.31,0.25
07:38:46,"[178.3, 80]","[176.4, 50]","[246.0, 20]","[354.5, 10]",212.15,160,67.7,0.62
07:38:47,"[178.52, 62]","[176.75, 48]","[300.12, 17]","[396.25, 8]",239.32,135,121.6,0.63
07:38:48,"[179.75, 64]","[177.52, 83]","[287.93, 46]","[311.43, 21]",233.84,214,108.18,0.37
07:38:49,"[178.0, 99]","[176.0, 55]","[257.82, 55]","[317.25, 28]",217.91,237,79.82,0.3
07:38:50,"[178.0, 72]","[176.0, 40]","[252.97, 34]","[262.29, 38]",215.49,184,74.97,0.22
07:38:51,"[178.14, 101]","[176.49, 67]","[234.3, 61]","[238.98, 53]",206.22,282,56.16,0.19
07:38:52,"[182.7, 27]","[179.8, 45]","[229.13, 75]","[231.02, 61]",205.92,208,46.43,-0.31
07:38:53,"[182.0, 45]","[181.0, 15]","[225.07, 75]","[226.47, 75]",203.53,210,43.07,-0.43
07:38:54,"[181.56, 16]","[179.44, 18]","[222.09, 55]","[224.18, 55]",201.83,144,40.53,-0.53
07:38:55,"[181.0, 6]","[179.0, 12]","[220.0, 30]","[221.0, 30]",200.5,78,39.0,-0.54
07:38:56,"[179.29, 14]","[178.07, 58]","[218.38, 40]","[220.0, 40]",198.83,152,39.09,-0.05
07:38:57,"[179.0, 12]","[178.0, 54]","[216.33, 30]","[220.0, 30]",197.67,126,37.33,0.05
07:38:58,"[178.14, 57]","[177.39, 92]","[213.18, 55]","[220.0, 55]",195.66,259,35.04,0.15
07:38:59,"[178.08, 49]","[177.2, 70]","[210.33, 45]","[212.89, 45]",194.21,209,32.25,0.14
07:39:00,"[177.2, 40]","[176.44, 72]","[208.75, 40]","[212.0, 40]",192.97,192,31.55,0.17
07:39:01,"[179.0, 18]","[178.0, 18]","[205.64, 42]","[209.79, 33]",192.32,111,26.64,-0.35
07:39:02,"[178.84, 38]","[177.43, 42]","[201.49, 63]","[202.48, 54]",190.17,197,22.65,-0.19
07:39:03,"[177.59, 58]","[176.52, 62]","[197.59, 44]","[198.32, 59]",187.59,223,20.0,0.08
07:39:04,"[179.0, 19]","[177.01, 73]","[190.62, 55]","[191.17, 78]",184.81,225,11.62,-0.18
07:39:05,"[180.25, 12]","[177.0, 48]","[186.8, 35]","[188.19, 27]",183.53,122,6.55,-0.02
07:39:06,"[181.86, 14]","[177.0, 56]","[185.0, 28]","[187.67, 54]",183.43,152,3.14,-0.08
07:39:07,"[182.17, 48]","[181.17, 96]","[184.25, 24]","[188.41, 51]",183.21,219,2.08,0.32
07:39:08,"[182.0, 50]","[177.0, 34]","[183.0, 14]","[184.0, 14]",182.5,112,1.0,0.5
07:39:09,"[182.0, 36]","[177.0, 88]","[183.17, 24]","[358.67, 24]",182.58,172,1.17,0.44
07:39:10,"[180.24, 17]","[176.89, 63]","[230.4, 10]","[428.46, 26]",205.32,116,50.16,0.38
07:39:11,"[178.82, 44]","[176.22, 54]","[255.53, 15]","[585.16, 25]",217.18,138,76.72,0.42
07:39:12,"[181.5, 10]","[180.57, 28]","[242.69, 13]","[243.44, 9]",212.1,60,61.19,0.27
07:39:13,"[182.0, 6]","[181.0, 30]","[221.75, 16]","[227.53, 19]",201.88,71,39.75,0.01
07:39:14,"[182.98, 110]","[181.47, 19]","[215.71, 34]","[216.57, 42]",199.34,205,32.72,0.26
07:39:15,"[183.48, 137]","[182.0, 12]","[214.0, 24]","[216.0, 60]",198.74,233,30.52,0.28
07:39:16,"[184.0, 132]","[182.0, 12]","[211.4, 57]","[212.63, 27]",197.7,228,27.4,0.26
07:39:17,"[184.0, 97]","[182.0, 12]","[209.26, 27]","[210.93, 57]",196.63,193,25.26,0.13
07:39:18,"[184.0, 26]","[182.0, 9]","[207.67, 45]","[209.0, 18]",195.83,98,23.67,-0.29
07:39:19,"[184.0, 18]","[182.0, 9]","[206.31, 39]","[206.83, 30]",195.15,96,22.31,-0.44
07:39:20,"[184.0, 17]","[182.0, 10]","[203.38, 32]","[204.79, 38]",193.69,97,19.38,-0.44
07:39:21,"[184.92, 13]","[182.6, 10]","[199.71, 24]","[202.85, 26]",192.32,73,14.79,-0.37
07:39:22,"[181.37, 54]","[179.21, 48]","[186.98, 42]","[191.78, 23]",184.17,167,5.61,0.22
07:39:23,"[181.0, 60]","[179.0, 96]","[184.59, 51]","[185.29, 42]",182.79,249,3.59,0.25
07:39:24,"[179.64, 94]","[177.5, 96]","[182.68, 44]","[184.33, 49]",181.16,283,3.04,0.34
07:39:25,"[179.0, 60]","[176.0, 66]","[180.36, 33]","[193.52, 23]",179.68,182,1.36,0.38
07:39:26,"[177.05, 42]","[139.25, 61]","[180.0, 42]","[206.15, 47]",178.52,192,2.95,0.07
07:39:27,"[176.0, 20]","[145.0, 90]","[179.1, 30]","[187.0, 40]",177.55,180,3.1,0.22
07:39:28,"[176.73, 30]","[175.78, 18]","[178.54, 13]","[219.73, 44]",177.64,105,1.81,-0.09
07:39:29,"[177.18, 17]","[176.3, 20]","[222.57, 28]","[311.55, 22]",199.87,87,45.39,-0.15
07:39:30,"[178.42, 12]","[177.0, 24]","[230.0, 48]","[485.17, 12]",204.21,96,51.58,-0.25
07:39:31,"[171.23, 22]","[156.43, 14]","[221.71, 14]","[275.0, 7]",196.47,57,50.49,0.26
07:39:32,"[171.27, 51]","[143.29, 38]","[233.61, 23]","[308.2, 15]",202.44,127,62.33,0.4
07:39:33,"[160.89, 27]","[130.5, 60]","[297.22, 9]","[593.78, 9]",229.06,105,136.33,0.66
07:39:34,"[165.69, 32]","[124.85, 52]","[344.12, 8]","[662.38, 8]",254.91,100,178.44,0.68
07:39:35,"[181.0, 5]","[144.68, 31]","[241.0, 5]","[599.0, 5]",211.0,46,60.0,0.57
07:39:36,"[181.0, 8]","[99.0, 48]","[240.08, 26]","[464.64, 14]",210.54,96,59.08,0.17
07:39:37,"[181.0, 5]","[147.8, 30]","[240.0, 20]","[514.0, 9]",210.5,64,59.0,0.09
07:39:38,"[181.0, 6]","[141.0, 36]","[236.61, 23]","[445.64, 22]",208.8,87,55.61,-0.03
07:39:39,"[181.0, 11]","[92.89, 63]","[227.68, 38]","[244.09, 44]",204.34,156,46.68,-0.05
07:39:40,"[181.0, 5]","[176.0, 5]","[210.35, 17]","[242.6, 20]",195.68,47,29.35,-0.57
07:39:41,"[35.83, 46]","[177.0, 4]","[226.88, 43]","[300.18, 40]",131.35,133,191.06,-0.25
07:39:42,"[123.94, 17]","[67.0, 12]","[239.0, 32]","[323.59, 29]",181.47,90,115.06,-0.36
07:39:43,"[180.64, 39]","[164.75, 12]","[237.83, 48]","[350.91, 23]",209.24,122,57.19,-0.16
07:39:44,"[181.7, 40]","[179.0, 11]","[237.0, 44]","[320.56, 25]",209.35,120,55.3,-0.15
07:39:45,"[182.91, 22]","[179.0, 11]","[236.55, 44]","[361.86, 21]",209.73,98,53.64,-0.33
07:39:46,"[184.0, 6]","[183.0, 12]","[236.0, 24]","[356.59, 17]",210.0,59,52.0,-0.39
07:39:47,"[184.0, 9]","[183.0, 18]","[230.67, 24]","[235.53, 30]",207.33,81,46.67,-0.33
07:39:48,"[159.6, 10]","[113.29, 21]","[233.95, 38]","[322.73, 22]",196.77,91,74.35,-0.32
07:39:49,"[111.85, 33]","[94.33, 24]","[233.4, 30]","[259.43, 23]",172.62,110,121.55,0.04
07:39:50,"[136.05, 42]","[118.58, 33]","[231.85, 26]","[257.84, 37]",183.95,138,95.8,0.09
07:39:51,"[181.0, 16]","[124.78, 23]","[232.5, 32]","[332.5, 12]",206.75,83,51.5,-0.06
07:39:52,"[181.95, 74]","[158.5, 32]","[231.75, 48]","[406.62, 24]",206.85,178,49.8,0.19
07:39:53,"[182.0, 54]","[181.0, 20]","[230.9, 31]","[250.73, 33]",206.45,138,48.9,0.07
07:39:54,"[182.0, 50]","[181.0, 20]","[229.1, 31]","[230.63, 19]",205.55,120,47.1,0.17
07:39:55,"[181.88, 49]","[177.85, 103]","[197.56, 27]","[251.41, 37]",189.72,216,15.68,0.41
07:39:56,"[177.12, 260]","[176.83, 163]","[491.82, 11]","[656.63, 38]",334.47,472,314.7,0.79
07:39:57,"[177.0, 335]","[176.0, 40]","[267.71, 28]","[469.54, 13]",222.36,416,90.71,0.8
07:39:58,"[177.0, 329]","[176.0, 44]","[292.55, 31]","[313.65, 43]",234.77,447,115.55,0.67
07:39:59,"[177.36, 99]","[176.93, 174]","[255.75, 16]","[281.27, 22]",216.56,311,78.39,0.76
07:40:00,"[179.0, 39]","[177.0, 351]","[254.69, 39]","[256.0, 26]",216.85,455,75.69,0.71
07:40:01,"[179.0, 31]","[177.0, 270]","[251.9, 41]","[253.38, 26]",215.45,368,72.9,0.64
07:40:02,"[180.74, 61]","[177.62, 78]","[250.0, 40]","[251.0, 16]",215.37,195,69.26,0.43
07:40:03,"[181.0, 80]","[179.0, 40]","[240.71, 28]","[245.48, 33]",210.86,181,59.71,0.33
07:40:04,"[181.45, 44]","[180.76, 91]","[218.41, 56]","[222.1, 40]",199.93,231,36.96,0.17
07:40:05,"[182.0, 13]","[181.0, 80]","[214.47, 34]","[216.2, 35]",198.24,162,32.47,0.15
07:40:06,"[181.2, 50]","[179.94, 170]","[209.23, 62]","[209.76, 83]",195.21,365,28.03,0.21
07:40:07,"[181.88, 137]","[180.1, 80]","[196.0, 43]","[202.98, 46]",188.94,306,14.12,0.42
07:40:08,"[182.17, 146]","[180.33, 54]","[185.14, 70]","[203.74, 66]",183.66,336,2.97,0.19
07:40:09,"[180.72, 43]","[178.56, 109]","[200.17, 53]","[288.63, 41]",190.45,246,19.45,0.24
07:40:10,"[179.0, 34]","[178.0, 21]","[202.07, 27]","[203.67, 15]",190.54,97,23.07,0.13
07:40:11,"[179.0, 22]","[178.0, 33]","[202.0, 55]","[203.0, 11]",190.5,121,23.0,-0.09
07:40:12,"[179.0, 20]","[178.0, 18]","[201.83, 18]","[202.17, 18]",190.42,74,22.83,0.03
07:40:13,"[181.35, 34]","[178.47, 17]","[201.0, 7]","[202.0, 35]",191.18,93,19.65,0.1
07:40:14,"[183.35, 62]","[178.67, 36]","[198.04, 56]","[200.12, 40]",190.7,194,14.68,0.01
07:40:15,"[179.0, 26]","[178.0, 44]","[194.38, 65]","[198.0, 13]",186.69,148,15.38,-0.05
07:40:16,"[177.7, 44]","[176.98, 132]","[194.84, 19]","[215.31, 13]",186.27,208,17.14,0.69
07:40:17,"[177.04, 80]","[176.7, 47]","[195.8, 10]","[197.6, 10]",186.42,147,18.76,0.73
07:40:18,"[177.08, 59]","[176.65, 51]","[194.33, 12]","[195.5, 12]",185.71,134,17.25,0.64
07:40:19,"[179.88, 64]","[177.05, 42]","[190.94, 16]","[191.5, 22]",185.41,144,11.06,0.47
07:40:20,"[186.0, 96]","[178.58, 48]","[187.08, 12]","[188.21, 14]",186.54,170,1.08,0.69
07:40:21,"[186.0, 74]","[178.0, 40]","[187.6, 10]","[188.82, 22]",186.8,146,1.6,0.56
07:40:22,"[186.0, 96]","[179.29, 49]","[188.0, 14]","[311.09, 34]",187.0,193,2.0,0.5
07:40:23,"[186.0, 70]","[181.0, 42]","[187.36, 14]","[336.78, 36]",186.68,162,1.36,0.38
07:40:24,"[186.0, 22]","[181.0, 27]","[315.57, 14]","[441.58, 24]",250.79,87,129.57,0.13
07:40:25,"[186.0, 14]","[181.0, 21]","[397.71, 14]","[441.57, 28]",291.86,77,211.71,-0.09
07:40:26,"[186.0, 14]","[181.0, 21]","[297.56, 18]","[407.43, 23]",241.78,76,111.56,-0.08
07:40:27,"[182.03, 37]","[178.92, 78]","[346.19, 42]","[408.77, 26]",264.11,183,164.16,0.26
07:40:28,"[179.0, 49]","[178.0, 28]","[321.2, 20]","[470.62, 16]",250.1,113,142.2,0.36
07:40:29,"[180.94, 48]","[179.0, 84]","[265.5, 32]","[293.6, 40]",223.22,204,84.56,0.29
07:40:30,"[181.0, 24]","[179.0, 56]","[255.62, 16]","[265.93, 30]",218.31,126,74.62,0.27
07:40:31,"[179.41, 59]","[178.5, 56]","[264.09, 22]","[291.33, 36]",221.75,173,84.68,0.33
07:40:32,"[180.06, 53]","[178.22, 46]","[259.74, 27]","[287.43, 28]",219.9,154,79.68,0.29
07:40:33,"[186.0, 52]","[181.31, 65]","[259.0, 26]","[275.07, 30]",222.5,173,73.0,0.35
07:40:34,"[186.0, 32]","[184.0, 40]","[255.75, 16]","[258.0, 16]",220.88,104,69.75,0.38
07:40:35,"[185.07, 45]","[183.09, 55]","[252.53, 34]","[256.18, 22]",218.8,156,67.46,0.28
07:40:36,"[184.0, 13]","[182.0, 65]","[249.94, 62]","[252.31, 29]",216.97,169,65.94,-0.08
07:40:37,"[184.0, 8]","[182.0, 40]","[247.29, 28]","[248.71, 28]",215.64,104,63.29,-0.08
07:40:38,"[183.24, 21]","[181.6, 75]","[223.7, 37]","[244.22, 51]",203.47,184,40.46,0.04
07:40:39,"[182.18, 44]","[179.45, 53]","[195.41, 34]","[237.51, 43]",188.8,174,13.23,0.11
07:40:40,"[182.0, 56]","[179.0, 70]","[192.0, 40]","[192.71, 35]",187.0,201,10.0,0.25
07:40:41,"[182.0, 43]","[179.0, 60]","[189.33, 12]","[191.0, 24]",185.67,139,7.33,0.48
07:40:42,"[182.67, 166]","[181.25, 120]","[188.06, 16]","[191.0, 32]",185.37,334,5.39,0.71
07:40:43,"[183.0, 163]","[182.0, 135]","[185.75, 40]","[187.0, 20]",184.38,358,2.75,0.66
07:40:44,"[183.0, 91]","[182.0, 57]","[184.88, 41]","[197.04, 23]",183.94,212,1.88,0.4
07:40:45,"[183.22, 23]","[182.56, 27]","[186.33, 12]","[197.83, 23]",184.78,85,3.12,0.18
07:40:46,"[182.23, 13]","[180.17, 71]","[184.57, 14]","[228.88, 25]",183.4,123,2.34,0.37
07:40:47,"[181.1, 29]","[179.95, 109]","[183.78, 18]","[202.0, 36]",182.44,192,2.67,0.44
07:40:48,"[180.0, 104]","[179.0, 43]","[181.75, 16]","[190.6, 20]",180.88,183,1.75,0.61
07:40:49,"[180.38, 78]","[179.45, 101]","[220.68, 38]","[353.83, 48]",200.53,265,40.3,0.35
07:40:50,"[180.67, 54]","[179.53, 102]","[222.67, 49]","[509.32, 50]",201.67,255,42.01,0.22
07:40:51,"[180.0, 64]","[179.0, 64]","[454.32, 38]","[564.35, 34]",317.16,200,274.32,0.28
07:40:52,"[180.0, 80]","[179.0, 80]","[423.0, 49]","[564.83, 41]",301.5,250,243.0,0.28
07:40:53,"[179.71, 73]","[178.63, 98]","[430.29, 62]","[574.92, 52]",305.0,285,250.58,0.2
07:40:54,"[179.0, 59]","[177.0, 54]","[523.0, 36]","[558.0, 36]",351.0,185,344.0,0.22
07:40:55,"[179.0, 20]","[177.0, 48]","[523.0, 32]","[638.33, 12]",351.0,112,344.0,0.21
07:40:56,"[179.0, 6]","[177.0, 36]","[456.5, 24]","[792.0, 4]",317.75,70,277.5,0.2
07:40:57,"[179.0, 7]","[177.0, 42]","[475.42, 24]","[629.0, 18]",327.21,91,296.42,0.08
07:40:58,"[177.5, 12]","[176.5, 12]","[412.75, 16]","[485.0, 8]",295.12,48,235.25,0.0
07:40:59,"[177.0, 50]","[176.0, 38]","[230.4, 40]","[492.2, 20]",203.7,148,53.4,0.19
07:41:00,"[177.67, 48]","[176.64, 44]","[418.23, 26]","[554.07, 28]",297.95,146,240.56,0.26
07:41:01,"[179.48, 42]","[178.86, 57]","[562.0, 44]","[602.0, 22]",370.74,165,382.52,0.2
07:41:02,"[177.67, 90]","[176.71, 84]","[359.0, 48]","[465.47, 49]",268.33,271,181.33,0.28
07:41:03,"[177.39, 28]","[176.91, 88]","[336.79, 43]","[426.94, 47]",257.09,206,159.4,0.13
07:41:04,"[177.33, 66]","[176.76, 68]","[222.27, 52]","[319.71, 56]",199.8,242,44.94,0.11
07:41:05,"[177.0, 102]","[176.0, 44]","[191.0, 55]","[198.12, 32]",184.0,233,14.0,0.25
07:41:06,"[177.0, 56]","[176.0, 28]","[190.41, 32]","[277.78, 27]",183.7,143,13.41,0.17
07:41:07,"[177.55, 44]","[176.75, 64]","[187.6, 20]","[190.0, 50]",182.57,178,10.05,0.21
07:41:08,"[179.0, 20]","[177.0, 80]","[186.1, 31]","[281.77, 26]",182.55,157,7.1,0.27
07:41:09,"[177.1, 42]","[176.2, 40]","[185.3, 20]","[210.67, 36]",181.2,138,8.2,0.19
07:41:10,"[177.0, 40]","[176.0, 20]","[184.05, 20]","[303.92, 24]",180.53,104,7.05,0.15
07:41:11,"[178.64, 44]","[176.76, 33]","[181.7, 23]","[183.46, 13]",180.17,113,3.06,0.36
07:41:12,"[178.59, 34]","[176.88, 34]","[197.0, 19]","[373.4, 15]",187.79,102,18.41,0.33
07:41:13,"[177.56, 36]","[176.8, 40]","[256.22, 9]","[543.22, 18]",216.89,103,78.67,0.48
07:41:14,"[177.22, 45]","[176.17, 94]","[256.0, 8]","[536.5, 32]",216.61,179,78.78,0.55
07:41:15,"[177.1, 39]","[176.18, 79]","[255.14, 7]","[289.0, 28]",216.12,153,78.04,0.54
07:41:16,"[177.0, 54]","[176.0, 112]","[251.67, 12]","[378.64, 33]",214.33,211,74.67,0.57
07:41:17,"[177.0, 36]","[176.0, 84]","[254.0, 6]","[515.0, 24]",215.5,150,77.0,0.6
07:41:18,"[177.23, 65]","[176.04, 146]","[251.0, 11]","[377.55, 44]",214.12,266,73.77,0.59
07:41:19,"[180.0, 35]","[177.0, 42]","[250.0, 7]","[374.14, 28]",215.0,112,70.0,0.38
07:41:20,"[180.12, 41]","[177.28, 53]","[249.0, 9]","[390.22, 36]",214.56,139,68.88,0.35
07:41:21,"[180.0, 41]","[177.0, 44]","[249.0, 8]","[358.0, 32]",214.5,125,69.0,0.36
07:41:22,"[180.0, 8]","[177.0, 40]","[249.0, 8]","[346.0, 32]",214.5,88,69.0,0.09
07:41:23,"[180.0, 11]","[178.68, 114]","[248.64, 11]","[401.55, 44]",214.32,180,68.64,0.39
07:41:24,"[181.14, 65]","[179.43, 21]","[247.3, 10]","[487.0, 40]",214.22,136,66.16,0.26
07:41:25,"[182.93, 56]","[180.0, 14]","[245.92, 26]","[324.05, 44]",214.43,140,62.99,0.0
07:41:26,"[184.0, 36]","[180.0, 9]","[244.0, 36]","[245.0, 9]",214.0,90,60.0,0.0
07:41:27,"[184.0, 23]","[180.0, 8]","[229.29, 34]","[232.26, 34]",206.65,99,45.29,-0.37
07:41:28,"[184.0, 7]","[180.0, 7]","[225.57, 28]","[229.26, 27]",204.79,69,41.57,-0.59
07:41:29,"[181.13, 15]","[179.19, 59]","[224.71, 51]","[234.5, 24]",202.92,149,43.57,-0.01
07:41:30,"[179.11, 95]","[177.25, 59]","[220.47, 17]","[221.7, 53]",199.79,224,41.37,0.38
07:41:31,"[180.0, 36]","[179.0, 60]","[218.56, 9]","[220.9, 21]",199.28,126,38.56,0.52
07:41:32,"[180.0, 28]","[179.0, 130]","[217.69, 52]","[218.36, 25]",198.85,235,37.69,0.34
07:41:33,"[180.0, 9]","[179.0, 90]","[213.71, 21]","[215.25, 24]",196.86,144,33.71,0.38
07:41:34,"[180.0, 10]","[179.0, 100]","[210.61, 31]","[212.12, 25]",195.31,166,30.61,0.33
07:41:35,"[179.03, 87]","[178.2, 50]","[204.38, 40]","[208.1, 31]",191.7,208,25.34,0.32
07:41:36,"[179.08, 59]","[178.25, 48]","[201.13, 23]","[203.02, 47]",190.11,177,22.05,0.21
07:41:37,"[179.01, 143]","[177.71, 34]","[199.2, 40]","[199.72, 25]",189.11,242,20.19,0.46
07:41:38,"[179.32, 132]","[178.68, 75]","[196.11, 36]","[197.03, 33]",187.71,276,16.79,0.5
07:41:39,"[186.0, 28]","[179.0, 294]","[194.47, 53]","[195.53, 53]",190.24,428,8.47,0.5
07:41:40,"[186.0, 10]","[179.0, 105]","[190.71, 14]","[191.2, 20]",188.36,149,4.71,0.54
07:41:41,"[183.66, 41]","[179.65, 161]","[187.35, 46]","[215.47, 40]",185.5,288,3.69,0.4
07:41:42,"[182.0, 49]","[179.0, 355]","[185.4, 30]","[186.76, 34]",183.7,468,3.4,0.73
07:41:43,"[179.21, 112]","[178.3, 160]","[182.33, 18]","[183.91, 22]",180.77,312,3.12,0.74
07:41:44,"[179.0, 150]","[177.0, 84]","[180.0, 24]","[181.0, 12]",179.5,270,1.0,0.73
07:41:45,"[179.0, 232]","[177.0, 154]","[333.5, 32]","[288.6, 15]",256.25,433,154.5,0.78
07:41:46,"[179.0, 120]","[177.0, 84]","[499.5, 18]","[605.33, 30]",339.25,252,320.5,0.62
07:41:47,"[179.29, 85]","[178.41, 142]","[442.0, 24]","[639.0, 40]",310.65,291,262.71,0.56
07:41:48,"[180.0, 16]","[179.0, 160]","[517.5, 30]","[629.12, 34]",348.75,240,337.5,0.47
07:41:49,"[181.24, 84]","[179.33, 60]","[622.56, 54]","[674.71, 42]",401.9,240,441.32,0.2
07:41:50,"[182.0, 40]","[180.0, 10]","[635.0, 25]","[724.8, 15]",408.5,90,453.0,0.11
07:41:51,"[182.0, 47]","[180.0, 12]","[635.0, 30]","[788.0, 18]",408.5,107,453.0,0.1
07:41:52,"[182.0, 33]","[180.0, 12]","[635.0, 30]","[788.0, 18]",408.5,93,453.0,-0.03
07:41:53,"[182.0, 32]","[180.0, 16]","[507.24, 37]","[634.43, 35]",344.62,120,325.24,-0.2
07:41:54,"[185.36, 50]","[181.71, 28]","[284.03, 35]","[455.97, 33]",234.69,146,98.67,0.07
07:41:55,"[186.0, 21]","[182.0, 36]","[199.0, 36]","[479.67, 42]",192.5,135,13.0,-0.16
07:41:56,"[186.0, 7]","[182.0, 28]","[199.0, 28]","[279.43, 28]",192.5,91,13.0,-0.23
07:41:57,"[186.0, 10]","[182.0, 40]","[196.48, 31]","[230.92, 24]",191.24,105,10.48,-0.05
07:41:58,"[186.0, 12]","[182.0, 48]","[193.48, 29]","[193.87, 30]",189.74,119,7.48,0.01
07:41:59,"[179.18, 66]","[177.84, 114]","[191.88, 25]","[192.94, 35]",185.53,240,12.7,0.5
07:42:00,"[181.78, 95]","[178.82, 119]","[189.51, 57]","[190.48, 46]",185.64,317,7.73,0.35
07:42:01,"[183.0, 60]","[179.0, 66]","[184.54, 35]","[186.17, 23]",183.77,184,1.54,0.37
07:42:02,"[183.0, 23]","[179.0, 54]","[184.0, 33]","[186.64, 22]",183.5,132,1.0,0.17
07:42:03,"[183.0, 16]","[179.0, 58]","[184.0, 33]","[188.0, 33]",183.5,140,1.0,0.06
07:42:04,"[181.27, 37]","[177.93, 60]","[248.39, 41]","[325.35, 31]",214.83,169,67.12,0.15
07:42:05,"[179.0, 44]","[177.0, 88]","[332.52, 31]","[554.52, 29]",255.76,192,153.52,0.38
07:42:06,"[179.0, 66]","[177.91, 106]","[258.0, 30]","[447.86, 59]",218.5,261,79.0,0.32
07:42:07,"[179.59, 54]","[178.07, 87]","[328.0, 29]","[391.32, 41]",253.8,211,148.41,0.34
07:42:08,"[178.45, 66]","[177.02, 106]","[212.39, 18]","[271.16, 32]",195.42,222,33.93,0.55
07:42:09,"[178.0, 117]","[176.0, 169]","[209.31, 13]","[210.31, 13]",193.65,312,31.31,0.83
07:42:10,"[178.0, 45]","[176.0, 91]","[208.43, 7]","[210.0, 7]",193.21,150,30.43,0.81
07:42:11,"[178.0, 36]","[176.0, 130]","[206.2, 10]","[207.6, 10]",192.1,186,28.2,0.78
07:42:12,"[176.14, 49]","[140.51, 110]","[204.5, 16]","[206.0, 8]",190.32,183,28.36,0.74
07:42:13,"[177.08, 12]","[176.0, 132]","[202.06, 16]","[203.0, 16]",189.57,176,24.98,0.64
07:42:14,"[179.23, 13]","[176.0, 143]","[198.12, 17]","[198.96, 49]",188.67,222,18.89,0.41
07:42:15,"[176.94, 53]","[173.01, 107]","[194.71, 21]","[195.65, 17]",185.83,198,17.77,0.62
07:42:16,"[176.67, 27]","[175.11, 90]","[191.78, 9]","[193.35, 17]",184.22,143,15.11,0.64
07:42:17,"[178.45, 33]","[176.18, 132]","[188.0, 31]","[188.3, 47]",183.23,243,9.55,0.36
07:42:18,"[179.0, 24]","[177.0, 60]","[184.31, 16]","[185.75, 12]",181.66,112,5.31,0.5
07:42:19,"[178.16, 43]","[174.84, 152]","[182.0, 28]","[183.0, 80]",180.08,303,3.84,0.29
07:42:20,"[176.0, 107]","[124.0, 26]","[179.52, 33]","[180.2, 41]",177.76,207,3.52,0.29
07:42:21,"[176.0, 35]","[124.0, 12]","[177.0, 6]","[192.09, 11]",176.5,64,1.0,0.47
07:42:22,"[178.7, 71]","[139.33, 24]","[231.61, 23]","[320.57, 30]",205.16,148,52.9,0.28
07:42:23,"[179.0, 112]","[176.0, 7]","[253.0, 14]","[418.3, 23]",216.0,156,74.0,0.53
07:42:24,"[179.0, 204]","[176.0, 39]","[223.16, 43]","[305.65, 43]",201.08,329,44.16,0.48
07:42:25,"[179.0, 82]","[176.0, 38]","[202.43, 21]","[212.0, 14]",190.71,155,23.43,0.55
07:42:26,"[179.0, 88]","[176.13, 75]","[201.62, 24]","[212.0, 16]",190.31,203,22.62,0.61
07:42:27,"[179.0, 110]","[178.0, 50]","[201.0, 30]","[297.86, 21]",190.0,211,22.0,0.52
07:42:28,"[179.0, 123]","[178.0, 60]","[200.25, 36]","[446.68, 47]",189.62,266,21.25,0.38
07:42:29,"[179.0, 100]","[178.0, 50]","[196.0, 30]","[200.0, 30]",187.5,210,17.0,0.43
07:42:30,"[179.0, 90]","[178.0, 45]","[196.0, 27]","[200.0, 27]",187.5,189,17.0,0.43
07:42:31,"[178.86, 70]","[177.94, 32]","[195.0, 24]","[196.0, 24]",186.93,150,16.14,0.36
07:42:32,"[179.48, 27]","[177.88, 34]","[195.0, 42]","[465.82, 40]",187.24,143,15.52,-0.15
07:42:33,"[179.84, 49]","[178.73, 30]","[195.0, 45]","[248.03, 73]",187.42,197,15.16,-0.2
07:42:34,"[182.17, 23]","[180.8, 35]","[194.25, 12]","[216.7, 30]",188.21,100,12.08,0.16
07:42:35,"[184.0, 33]","[183.0, 22]","[191.27, 33]","[194.0, 11]",187.64,99,7.27,0.11
07:42:36,"[183.9, 30]","[182.25, 24]","[188.25, 16]","[189.31, 32]",186.07,102,4.35,0.06
07:42:37,"[179.82, 17]","[178.67, 24]","[185.44, 9]","[189.0, 27]",182.63,77,5.62,0.06
07:42:38,"[177.0, 168]","[176.0, 136]","[182.03, 37]","[182.39, 46]",179.51,387,5.03,0.57
07:42:39,"[177.0, 139]","[176.0, 136]","[179.41, 17]","[181.4, 45]",178.21,337,2.41,0.63
07:42:40,"[176.25, 80]","[149.9, 58]","[177.58, 12]","[458.2, 20]",176.92,170,1.33,0.62
07:42:41,"[184.28, 50]","[175.26, 61]","[320.86, 58]","[593.35, 26]",252.57,195,136.58,0.14
07:42:42,"[185.0, 13]","[176.0, 78]","[260.38, 65]","[404.7, 27]",222.69,183,75.38,-0.01
07:42:43,"[185.0, 10]","[176.32, 57]","[389.0, 30]","[484.0, 10]",287.0,107,204.0,0.25
07:42:44,"[185.0, 14]","[182.0, 42]","[493.12, 48]","[523.78, 64]",339.06,168,308.12,-0.33
07:42:45,"[182.75, 20]","[178.0, 45]","[342.74, 34]","[373.07, 40]",262.74,139,159.99,-0.06
07:42:46,"[177.86, 29]","[138.63, 38]","[205.2, 20]","[215.1, 20]",191.53,107,27.34,0.25
07:42:47,"[176.0, 52]","[135.0, 56]","[198.31, 39]","[217.0, 45]",187.15,192,22.31,0.12
07:42:48,"[176.0, 40]","[105.15, 52]","[197.0, 30]","[219.0, 50]",186.5,172,21.0,0.07
07:42:49,"[176.0, 52]","[153.44, 82]","[196.92, 39]","[219.0, 65]",186.46,238,20.92,0.13
07:42:50,"[176.0, 18]","[162.0, 56]","[196.0, 21]","[218.16, 19]",186.0,114,20.0,0.3
07:42:51,"[176.0, 18]","[139.73, 30]","[195.67, 27]","[215.0, 9]",185.83,84,19.67,0.14
07:42:52,"[185.18, 11]","[181.0, 13]","[195.0, 33]","[241.57, 35]",190.09,92,9.82,-0.48
07:42:53,"[187.0, 11]","[185.0, 11]","[194.64, 33]","[224.73, 55]",190.82,110,7.64,-0.6
07:42:54,"[187.0, 14]","[185.0, 14]","[192.86, 35]","[201.69, 48]",189.93,111,5.86,-0.5
07:42:55,"[181.92, 13]","[177.88, 24]","[188.63, 35]","[189.87, 30]",185.28,102,6.71,-0.27
07:42:56,"[180.07, 27]","[177.42, 24]","[184.7, 44]","[185.69, 48]",182.39,143,4.63,-0.29
07:42:57,"[178.0, 14]","[177.0, 28]","[180.73, 30]","[182.5, 40]",179.37,112,2.73,-0.25
07:42:58,"[146.96, 57]","[135.84, 80]","[181.06, 32]","[190.15, 41]",164.01,210,34.1,0.3
07:42:59,"[136.0, 128]","[49.14, 29]","[175.69, 36]","[178.14, 37]",155.85,230,39.69,0.37
07:43:00,"[156.89, 37]","[130.04, 23]","[170.7, 20]","[173.25, 16]",163.8,96,13.81,0.25
07:43:01,"[162.82, 28]","[162.02, 59]","[171.43, 21]","[358.22, 18]",167.12,126,8.61,0.38
07:43:02,"[176.12, 17]","[146.37, 19]","[457.7, 40]","[558.61, 41]",316.91,117,281.58,-0.38
07:43:03,"[137.53, 30]","[127.68, 22]","[432.53, 49]","[506.11, 38]",285.03,139,295.0,-0.25
07:43:04,"[136.0, 7]","[130.67, 27]","[167.18, 22]","[259.56, 16]",151.59,72,31.18,-0.06
07:43:05,"[136.86, 7]","[122.0, 63]","[378.29, 31]","[333.0, 9]",257.57,110,241.43,0.27
07:43:06,"[140.12, 33]","[133.65, 57]","[434.52, 29]","[478.85, 13]",287.32,132,294.4,0.36
07:43:07,"[142.53, 76]","[142.18, 28]","[469.52, 21]","[669.33, 12]",306.03,137,327.0,0.52
07:43:08,"[148.33, 60]","[144.31, 26]","[353.38, 13]","[484.59, 17]",250.86,116,205.05,0.48
07:43:09,"[149.0, 9]","[147.0, 81]","[341.56, 9]","[668.0, 15]",245.28,114,192.56,0.58
07:43:10,"[156.84, 25]","[153.74, 23]","[250.0, 7]","[742.0, 7]",203.42,62,93.16,0.55
07:43:11,"[162.83, 108]","[161.0, 21]","[171.25, 24]","[178.73, 33]",167.04,186,8.42,0.39
07:43:12,"[165.0, 90]","[161.0, 22]","[171.76, 17]","[196.56, 16]",168.38,145,6.76,0.54
07:43:13,"[170.6, 60]","[166.92, 38]","[176.42, 31]","[193.38, 16]",173.51,145,5.82,0.35
07:43:14,"[181.5, 126]","[179.0, 76]","[212.5, 14]","[442.55, 29]",197.0,245,31.0,0.65
07:43:15,"[182.85, 78]","[181.29, 63]","[261.67, 12]","[539.73, 11]",222.26,164,78.82,0.72
07:43:16,"[186.0, 44]","[184.0, 99]","[244.08, 49]","[260.46, 26]",215.04,218,58.08,0.31
07:43:17,"[184.77, 52]","[183.5, 96]","[227.0, 48]","[345.27, 52]",205.88,248,42.23,0.19
07:43:18,"[184.0, 40]","[182.0, 48]","[224.43, 28]","[299.45, 22]",204.21,138,40.43,0.28
07:43:19,"[184.0, 26]","[182.0, 48]","[216.4, 30]","[348.69, 13]",200.2,117,32.4,0.26
07:43:20,"[184.0, 9]","[182.0, 54]","[214.67, 36]","[266.0, 18]",199.33,117,30.67,0.08
07:43:21,"[184.0, 5]","[182.0, 30]","[212.0, 20]","[266.0, 10]",198.0,65,28.0,0.08
07:43:22,"[182.2, 20]","[181.75, 16]","[212.0, 24]","[266.0, 12]",197.1,72,29.8,0.0
07:43:23,"[182.29, 17]","[181.75, 16]","[211.88, 32]","[349.18, 11]",197.08,76,29.58,-0.13
07:43:24,"[183.0, 13]","[182.0, 39]","[210.08, 52]","[377.05, 38]",196.54,142,27.08,-0.27
07:43:25,"[183.0, 8]","[182.0, 24]","[208.5, 32]","[556.25, 32]",195.75,96,25.5,-0.33
07:43:26,"[183.0, 9]","[182.0, 27]","[206.07, 30]","[291.59, 27]",194.53,93,23.07,-0.23
07:43:27,"[183.0, 14]","[181.88, 26]","[184.06, 47]","[196.48, 23]",183.53,110,1.06,-0.27
07:43:28,"[182.09, 11]","[181.09, 11]","[183.36, 44]","[195.0, 11]",182.73,77,1.27,-0.43
07:43:29,"[181.6, 10]","[179.35, 34]","[324.08, 38]","[532.33, 30]",252.84,112,142.48,-0.21
07:43:30,"[181.5, 10]","[179.17, 46]","[534.62, 24]","[519.78, 32]",358.06,112,353.12,0.0
07:43:31,"[182.38, 13]","[178.91, 23]","[363.06, 49]","[397.94, 32]",272.72,117,180.68,-0.38
07:43:32,"[178.4, 20]","[176.18, 49]","[329.95, 21]","[374.69, 39]",254.18,129,151.55,0.07
07:43:33,"[179.0, 14]","[177.0, 42]","[308.26, 19]","[313.47, 19]",243.63,94,129.26,0.19
07:43:34,"[177.12, 64]","[149.57, 23]","[306.0, 36]","[307.0, 36]",241.56,159,128.88,0.09
07:43:35,"[177.44, 27]","[153.24, 50]","[303.18, 33]","[304.45, 33]",240.31,143,125.74,0.08
07:43:36,"[177.0, 24]","[176.0, 82]","[299.71, 41]","[301.25, 36]",238.35,183,122.71,0.16
07:43:37,"[167.77, 26]","[108.42, 26]","[296.35, 40]","[297.41, 41]",232.06,133,128.58,-0.22
07:43:38,"[147.0, 26]","[119.4, 85]","[250.05, 41]","[258.29, 42]",198.52,194,103.05,0.14
07:43:39,"[147.0, 28]","[93.56, 27]","[169.51, 45]","[235.73, 44]",158.26,144,22.51,-0.24
07:43:40,"[107.12, 16]","[56.0, 6]","[169.64, 25]","[170.56, 36]",138.38,83,62.51,-0.47
07:43:41,"[82.67, 6]","[0, 0]","[168.15, 13]","[170.56, 9]",125.41,28,85.49,-0.57
07:43:42,"[0, 0]","[0, 0]","[168.43, 7]","[172.86, 7]",84.21,14,168.43,-1.0
07:43:43,"[0, 0]","[0, 0]","[171.0, 3]","[175.0, 12]",85.5,15,171.0,-1.0
07:43:44,"[1.67, 15]","[0, 0]","[171.0, 3]","[175.0, 12]",86.33,30,169.33,0.0
07:43:45,"[3.33, 30]","[0, 0]","[304.64, 11]","[321.43, 21]",153.98,62,301.3,-0.03
07:43:46,"[186.0, 5]","[44.85, 13]","[249.0, 10]","[530.6, 15]",217.5,43,63.0,-0.16
07:43:47,"[4.88, 40]","[0, 0]","[211.25, 12]","[324.9, 20]",108.06,72,206.38,0.11
07:43:48,"[7.0, 10]","[0, 0]","[171.0, 2]","[567.0, 6]",89.0,18,164.0,0.11
07:43:49,"[7.0, 30]","[0, 0]","[190.88, 8]","[304.06, 16]",98.94,54,183.88,0.11
07:43:50,"[179.17, 18]","[93.0, 10]","[225.2, 10]","[456.8, 10]",202.18,48,46.03,0.17
07:43:51,"[181.4, 15]","[179.0, 25]","[326.77, 13]","[579.5, 12]",254.08,65,145.37,0.23
07:43:52,"[183.75, 12]","[179.0, 20]","[234.75, 12]","[549.0, 8]",209.25,52,51.0,0.23
07:43:53,"[180.88, 16]","[175.6, 10]","[309.6, 15]","[549.0, 10]",245.24,51,128.73,0.02
07:43:54,"[178.59, 29]","[136.65, 17]","[346.0, 21]","[549.0, 14]",262.29,81,167.41,0.14
07:43:55,"[176.0, 28]","[70.0, 21]","[330.57, 21]","[506.31, 16]",253.29,86,154.57,0.14
07:43:56,"[102.62, 13]","[49.75, 12]","[330.5, 12]","[533.0, 8]",216.56,45,227.88,0.11
07:43:57,"[107.86, 21]","[44.29, 21]","[459.43, 14]","[534.58, 19]",283.64,75,351.57,0.12
07:43:58,"[98.0, 24]","[16.14, 21]","[168.0, 12]","[172.0, 7]",133.0,64,70.0,0.41
07:43:59,"[101.56, 27]","[95.67, 27]","[168.0, 6]","[172.0, 6]",134.78,66,66.44,0.64
07:44:00,"[130.63, 57]","[105.88, 48]","[167.0, 32]","[168.0, 10]",148.82,147,36.37,0.43
07:44:01,"[165.07, 84]","[158.77, 70]","[168.29, 38]","[172.21, 19]",166.68,211,3.22,0.46
07:44:02,"[131.44, 43]","[114.12, 41]","[171.41, 17]","[175.36, 25]",151.43,126,39.97,0.33
07:44:03,"[157.1, 40]","[143.0, 50]","[170.9, 20]","[172.0, 10]",164.0,120,13.8,0.5
07:44:04,"[159.6, 40]","[139.3, 40]","[169.78, 18]","[171.33, 12]",164.69,110,10.18,0.45
07:44:05,"[161.15, 52]","[122.25, 48]","[170.46, 13]","[174.24, 34]",165.81,147,9.31,0.36
07:44:06,"[163.22, 46]","[103.9, 41]","[278.92, 39]","[301.68, 44]",221.07,170,115.71,0.02
07:44:07,"[186.0, 16]","[182.0, 32]","[252.5, 36]","[359.5, 36]",219.25,120,66.5,-0.2
07:44:08,"[186.0, 18]","[182.0, 36]","[324.84, 37]","[371.0, 38]",255.42,129,138.84,-0.16
07:44:09,"[186.0, 14]","[182.0, 28]","[255.33, 18]","[311.0, 24]",220.67,84,69.33,0.0
07:44:10,"[184.5, 16]","[179.63, 38]","[223.0, 14]","[402.55, 29]",203.75,97,38.5,0.11
07:44:11,"[182.25, 24]","[178.25, 72]","[215.84, 31]","[355.53, 53]",199.04,180,33.59,0.07
07:44:12,"[183.0, 11]","[182.0, 33]","[203.58, 38]","[204.71, 28]",193.29,110,20.58,-0.2
07:44:13,"[180.2, 25]","[180.24, 51]","[199.6, 50]","[201.29, 28]",189.9,154,19.4,-0.01
07:44:14,"[178.21, 56]","[177.18, 83]","[198.0, 48]","[200.0, 24]",188.11,211,19.79,0.32
07:44:15,"[182.46, 74]","[180.85, 13]","[195.9, 20]","[198.0, 40]",189.18,147,13.44,0.18
07:44:16,"[183.31, 117]","[182.0, 26]","[192.9, 40]","[196.53, 38]",188.1,221,9.59,0.29
07:44:17,"[183.85, 54]","[181.91, 22]","[192.0, 48]","[194.0, 24]",187.93,148,8.15,0.03
07:44:18,"[182.0, 22]","[181.0, 11]","[190.5, 20]","[191.47, 38]",186.25,91,8.5,-0.27
07:44:19,"[182.0, 54]","[180.47, 15]","[186.94, 32]","[189.78, 45]",184.47,146,4.94,-0.05
07:44:20,"[180.82, 44]","[178.34, 56]","[185.09, 44]","[305.93, 60]",182.95,204,4.27,-0.02
07:44:21,"[179.3, 33]","[177.58, 69]","[182.22, 36]","[183.33, 48]",180.76,186,2.92,0.1
07:44:22,"[177.73, 55]","[176.71, 69]","[181.0, 42]","[238.24, 41]",179.36,207,3.27,0.2
07:44:23,"[177.18, 90]","[176.2, 60]","[214.91, 55]","[316.88, 66]",196.04,271,37.73,0.11
07:44:24,"[179.0, 52]","[177.05, 63]","[267.98, 44]","[330.2, 45]",223.49,204,88.98,0.13
07:44:25,"[179.0, 34]","[177.0, 60]","[181.38, 26]","[210.13, 39]",180.19,159,2.38,0.18
07:44:26,"[177.78, 36]","[176.64, 56]","[300.28, 29]","[464.51, 49]",239.03,170,122.5,0.08
07:44:27,"[183.0, 12]","[177.31, 64]","[401.17, 30]","[477.07, 43]",292.08,149,218.17,0.02
07:44:28,"[181.43, 23]","[181.37, 38]","[311.77, 22]","[367.65, 34]",246.6,117,130.34,0.04
07:44:29,"[177.0, 54]","[176.0, 11]","[186.09, 22]","[220.61, 36]",181.55,123,9.09,0.06
07:44:30,"[178.19, 73]","[177.53, 32]","[180.79, 42]","[229.82, 17]",179.49,164,2.59,0.28
07:44:31,"[179.6, 60]","[178.0, 30]","[216.0, 10]","[339.0, 30]",197.8,130,36.4,0.38
07:44:32,"[180.0, 55]","[178.0, 33]","[193.0, 13]","[322.81, 26]",186.5,127,13.0,0.39
07:44:33,"[178.43, 23]","[177.11, 27]","[185.86, 7]","[251.0, 21]",182.15,78,7.42,0.28
07:44:34,"[178.0, 27]","[177.0, 36]","[184.77, 13]","[245.92, 26]",181.38,102,6.77,0.24
07:44:35,"[178.0, 39]","[177.0, 52]","[182.38, 13]","[279.3, 46]",180.19,150,4.38,0.21
07:44:36,"[178.0, 33]","[177.0, 52]","[181.0, 13]","[282.0, 39]",179.5,137,3.0,0.24
07:44:37,"[177.14, 14]","[155.61, 18]","[180.67, 9]","[300.0, 27]",178.9,68,3.52,-0.06
07:44:38,"[150.16, 19]","[151.17, 18]","[179.0, 8]","[255.2, 20]",164.58,65,28.84,0.14
07:44:39,"[163.8, 60]","[105.09, 68]","[184.14, 14]","[331.75, 32]",173.97,174,20.34,0.47
07:44:40,"[180.23, 52]","[166.59, 58]","[187.23, 13]","[354.71, 28]",183.73,151,7.0,0.46
07:44:41,"[181.97, 74]","[179.0, 24]","[185.21, 28]","[333.51, 35]",183.59,161,3.24,0.22
07:44:42,"[182.74, 62]","[176.53, 34]","[184.28, 53]","[273.81, 47]",183.51,196,1.54,-0.02
07:44:43,"[180.79, 28]","[179.0, 28]","[184.0, 70]","[343.84, 31]",182.39,157,3.21,-0.29
07:44:44,"[174.56, 32]","[159.56, 72]","[180.71, 34]","[234.05, 43]",177.63,181,6.14,0.15
07:44:45,"[130.89, 38]","[116.03, 74]","[242.76, 33]","[313.38, 26]",186.83,171,111.86,0.31
07:44:46,"[45.74, 19]","[32.71, 51]","[384.0, 14]","[560.14, 35]",214.87,119,338.26,0.18
07:44:47,"[170.5, 52]","[117.63, 46]","[256.0, 16]","[572.5, 40]",213.25,154,85.5,0.27
07:44:48,"[174.0, 38]","[148.0, 16]","[235.75, 16]","[623.8, 25]",204.88,95,61.75,0.14
07:44:49,"[174.0, 32]","[142.38, 16]","[263.0, 16]","[593.73, 22]",218.5,86,89.0,0.12
07:44:50,"[175.35, 40]","[143.25, 16]","[487.4, 25]","[629.36, 28]",331.38,109,312.05,0.03
07:44:51,"[178.25, 72]","[173.59, 58]","[546.38, 40]","[695.0, 16]",362.31,186,368.12,0.4
07:44:52,"[172.4, 15]","[157.2, 40]","[495.81, 27]","[685.0, 15]",334.11,97,323.41,0.13
07:44:53,"[168.0, 6]","[156.0, 54]","[639.63, 19]","[692.15, 27]",403.82,106,471.63,0.13
07:44:54,"[165.88, 17]","[153.88, 43]","[664.0, 20]","[756.09, 22]",414.94,102,498.12,0.18
07:44:55,"[157.67, 88]","[102.0, 36]","[471.48, 42]","[493.45, 29]",314.57,195,313.81,0.27
07:44:56,"[127.87, 31]","[67.0, 16]","[460.17, 23]","[529.29, 14]",294.02,84,332.3,0.12
07:44:57,"[116.25, 8]","[93.68, 19]","[427.44, 18]","[665.67, 24]",271.85,69,311.19,-0.22
07:44:58,"[159.65, 17]","[124.35, 17]","[209.95, 42]","[383.4, 30]",184.8,106,50.31,-0.36
07:44:59,"[142.31, 32]","[132.0, 19]","[178.12, 41]","[183.82, 49]",160.22,141,35.81,-0.28
07:45:00,"[159.87, 30]","[134.62, 45]","[177.67, 24]","[214.87, 31]",168.77,130,17.8,0.15
07:45:01,"[177.0, 36]","[176.0, 24]","[181.05, 19]","[233.55, 11]",179.03,90,4.05,0.33
07:45:02,"[177.43, 46]","[136.68, 50]","[370.87, 38]","[517.09, 22]",274.15,156,193.43,0.23
07:45:03,"[187.0, 20]","[182.9, 119]","[377.74, 34]","[493.67, 33]",282.37,206,190.74,0.35
07:45:04,"[187.0, 16]","[178.37, 57]","[341.07, 28]","[426.43, 28]",264.04,129,154.07,0.13
07:45:05,"[182.95, 37]","[176.57, 94]","[388.5, 70]","[390.0, 28]",285.72,229,205.55,0.14
07:45:06,"[177.46, 61]","[162.14, 44]","[384.94, 85]","[464.89, 47]",281.2,237,207.48,-0.11
07:45:07,"[177.0, 12]","[146.0, 48]","[380.16, 56]","[446.85, 34]",278.58,150,203.16,-0.2
07:45:08,"[177.5, 6]","[142.6, 15]","[376.33, 6]","[379.0, 30]",276.92,57,198.83,-0.26
07:45:09,"[179.0, 5]","[140.43, 14]","[374.05, 21]","[377.22, 9]",276.52,49,195.05,-0.22
07:45:10,"[181.46, 13]","[173.39, 23]","[345.8, 55]","[367.39, 62]",263.63,153,164.34,-0.53
07:45:11,"[181.0, 14]","[177.86, 147]","[271.08, 38]","[271.6, 40]",226.04,239,90.08,0.35
07:45:12,"[186.55, 33]","[180.82, 28]","[269.08, 37]","[270.37, 41]",227.81,139,82.54,-0.12
07:45:13,"[187.0, 36]","[185.0, 12]","[264.52, 48]","[268.25, 24]",225.76,120,77.52,-0.2
07:45:14,"[187.0, 8]","[185.0, 8]","[262.0, 40]","[267.0, 8]",224.5,64,75.0,-0.5
07:45:15,"[180.59, 59]","[179.21, 29]","[261.08, 72]","[262.21, 43]",220.84,203,80.49,-0.13
07:45:16,"[179.12, 16]","[177.05, 130]","[258.8, 10]","[260.0, 40]",218.96,196,79.68,0.49
07:45:17,"[178.0, 11]","[177.0, 209]","[230.93, 14]","[252.88, 17]",204.46,251,52.93,0.75
07:45:18,"[177.0, 171]","[146.0, 9]","[209.21, 33]","[216.5, 12]",193.11,225,32.21,0.6
07:45:19,"[177.0, 285]","[146.0, 15]","[203.57, 23]","[206.78, 51]",190.28,374,26.57,0.6
07:45:20,"[177.1, 156]","[169.65, 46]","[185.95, 39]","[187.38, 32]",181.53,273,8.85,0.48
07:45:21,"[178.33, 48]","[176.96, 156]","[182.81, 32]","[184.37, 41]",180.57,277,4.48,0.47
07:45:22,"[177.0, 186]","[176.0, 42]","[178.38, 32]","[191.93, 28]",177.69,288,1.38,0.58
07:45:23,"[176.82, 33]","[175.35, 31]","[178.0, 7]","[281.17, 12]",177.41,83,1.18,0.54
07:45:24,"[176.0, 26]","[164.6, 15]","[201.25, 12]","[370.3, 30]",188.62,83,25.25,-0.01
07:45:25,"[162.83, 6]","[149.38, 8]","[193.0, 6]","[324.0, 13]",177.92,33,30.17,-0.15
07:45:26,"[157.0, 12]","[153.85, 20]","[229.8, 15]","[326.71, 21]",193.4,68,72.8,-0.06
07:45:27,"[172.3, 30]","[145.33, 9]","[200.81, 16]","[356.3, 27]",186.56,82,28.51,-0.05
07:45:28,"[177.4, 5]","[176.08, 26]","[212.0, 25]","[253.4, 10]",194.7,66,34.6,-0.06
07:45:29,"[178.0, 8]","[177.0, 8]","[212.0, 40]","[357.59, 34]",195.0,90,34.0,-0.64
07:45:30,"[178.0, 10]","[177.0, 10]","[211.2, 50]","[346.39, 18]",194.6,88,33.2,-0.55
07:45:31,"[180.02, 54]","[174.93, 43]","[207.8, 75]","[209.07, 75]",193.91,247,27.78,-0.21
07:45:32,"[181.0, 63]","[176.0, 56]","[203.14, 35]","[204.57, 35]",192.07,189,22.14,0.26
07:45:33,"[181.0, 100]","[176.71, 56]","[200.17, 60]","[201.5, 60]",190.58,276,19.17,0.13
07:45:34,"[181.0, 84]","[177.92, 24]","[195.46, 52]","[196.5, 40]",188.23,200,14.46,0.08
07:45:35,"[181.0, 49]","[180.0, 7]","[193.14, 35]","[194.43, 35]",187.07,126,12.14,-0.11
07:45:36,"[181.0, 49]","[180.0, 7]","[191.14, 35]","[192.14, 35]",186.07,126,10.14,-0.11
07:45:37,"[186.52, 265]","[180.97, 87]","[190.47, 75]","[192.0, 75]",188.5,502,3.94,0.4
07:45:38,"[187.0, 200]","[181.0, 70]","[188.4, 50]","[189.9, 50]",187.7,370,1.4,0.46
07:45:39,"[187.0, 175]","[181.0, 77]","[188.18, 55]","[225.24, 49]",187.59,356,1.18,0.42
07:45:40,"[187.0, 54]","[181.0, 49]","[284.08, 25]","[504.2, 20]",235.54,148,97.08,0.39
07:45:41,"[187.0, 38]","[181.0, 56]","[302.71, 14]","[395.95, 22]",244.86,130,115.71,0.45
07:45:42,"[187.0, 30]","[184.1, 31]","[397.0, 9]","[617.0, 18]",292.0,88,210.0,0.39
07:45:43,"[187.0, 8]","[185.0, 24]","[395.19, 36]","[459.67, 9]",291.1,77,208.19,-0.17
07:45:44,"[182.94, 31]","[184.55, 33]","[322.59, 59]","[418.84, 37]",252.76,160,139.66,-0.2
07:45:45,"[181.89, 66]","[180.97, 36]","[361.67, 18]","[427.33, 18]",271.78,138,179.77,0.48
07:45:46,"[182.65, 187]","[181.0, 119]","[192.4, 73]","[240.84, 69]",187.52,448,9.75,0.37
07:45:47,"[183.0, 179]","[181.0, 119]","[189.59, 85]","[190.59, 85]",186.29,468,6.59,0.27
07:45:48,"[183.1, 60]","[181.19, 85]","[186.77, 65]","[187.77, 65]",184.93,275,3.67,0.05
07:45:49,"[181.53, 76]","[180.69, 51]","[191.66, 41]","[313.44, 18]",186.59,186,10.13,0.37
07:45:50,"[181.0, 63]","[180.0, 11]","[201.8, 10]","[330.6, 15]",191.4,99,20.8,0.49
07:45:51,"[181.0, 63]","[180.0, 9]","[199.21, 14]","[287.1, 20]",190.11,106,18.21,0.36
07:45:52,"[181.0, 84]","[180.0, 12]","[195.38, 26]","[196.76, 34]",188.19,156,14.38,0.23
07:45:53,"[181.0, 60]","[180.0, 9]","[191.0, 20]","[191.64, 25]",186.0,114,10.0,0.21
07:45:54,"[181.0, 44]","[180.0, 11]","[186.05, 21]","[186.3, 23]",183.52,99,5.05,0.11
07:45:55,"[181.0, 36]","[180.0, 10]","[182.0, 19]","[185.0, 18]",181.5,83,1.0,0.11
07:45:56,"[178.77, 26]","[177.74, 47]","[180.92, 13]","[193.12, 16]",179.85,102,2.15,0.43
07:45:57,"[178.0, 34]","[177.0, 54]","[228.33, 6]","[609.57, 14]",203.17,108,50.33,0.63
07:45:58,"[178.0, 35]","[177.0, 63]","[334.38, 13]","[629.0, 13]",256.19,124,156.38,0.58
07:45:59,"[179.0, 36]","[177.19, 53]","[436.56, 27]","[701.0, 9]",307.78,125,257.56,0.42
07:46:00,"[178.0, 36]","[177.0, 63]","[274.89, 18]","[415.92, 26]",226.44,143,96.89,0.38
07:46:01,"[179.71, 84]","[177.6, 53]","[195.0, 44]","[244.1, 21]",187.36,202,15.29,0.36
07:46:02,"[180.0, 50]","[178.0, 43]","[194.3, 40]","[448.1, 10]",187.15,143,14.3,0.3
07:46:03,"[178.7, 80]","[177.6, 93]","[192.47, 60]","[545.37, 19]",185.58,252,13.77,0.37
07:46:04,"[179.33, 24]","[178.07, 60]","[191.6, 40]","[472.1, 10]",185.47,134,12.27,0.25
07:46:05,"[179.94, 17]","[178.06, 67]","[191.0, 44]","[230.42, 31]",185.47,159,11.06,0.06
07:46:06,"[178.26, 34]","[177.8, 88]","[191.0, 40]","[212.0, 10]",184.63,172,12.74,0.42
07:46:07,"[181.04, 93]","[178.35, 119]","[190.08, 52]","[290.53, 15]",185.56,279,9.03,0.52
07:46:08,"[187.0, 60]","[178.91, 181]","[189.0, 48]","[332.5, 12]",188.0,301,2.0,0.6
07:46:09,"[187.0, 70]","[181.0, 154]","[188.07, 56]","[397.62, 52]",187.54,332,1.07,0.35
07:46:10,"[187.0, 36]","[181.0, 88]","[195.1, 29]","[500.91, 22]",191.05,175,8.1,0.42
07:46:11,"[181.31, 58]","[178.64, 155]","[321.08, 26]","[512.29, 14]",251.19,253,139.77,0.68
07:46:12,"[181.14, 28]","[178.3, 131]","[262.56, 32]","[300.72, 25]",221.85,216,81.42,0.47
07:46:13,"[180.88, 16]","[179.07, 56]","[258.84, 32]","[260.14, 28]",219.86,132,77.97,0.09
07:46:14,"[179.0, 19]","[178.0, 90]","[257.31, 13]","[258.5, 12]",218.15,134,78.31,0.63
07:46:15,"[179.55, 22]","[178.47, 68]","[227.53, 19]","[250.0, 20]",203.54,129,47.98,0.4
07:46:16,"[183.0, 9]","[179.0, 27]","[224.11, 19]","[235.5, 26]",203.55,81,41.11,-0.11
07:46:17,"[183.0, 12]","[179.0, 36]","[220.71, 24]","[223.55, 33]",201.85,105,37.71,-0.09
07:46:18,"[178.0, 137]","[177.0, 99]","[215.44, 27]","[217.0, 9]",196.72,272,37.44,0.74
07:46:19,"[179.4, 107]","[177.42, 132]","[214.1, 30]","[214.75, 24]",196.75,293,34.7,0.63
07:46:20,"[183.0, 42]","[178.0, 77]","[212.86, 14]","[214.0, 21]",197.93,154,29.86,0.55
07:46:21,"[186.0, 10]","[183.0, 60]","[209.97, 33]","[211.31, 42]",197.98,145,23.97,-0.03
07:46:22,"[183.07, 43]","[180.26, 69]","[207.43, 28]","[209.24, 33]",195.25,173,24.36,0.29
07:46:23,"[183.05, 44]","[180.48, 75]","[204.17, 24]","[205.11, 28]",193.61,171,21.12,0.39
07:46:24,"[184.0, 15]","[181.11, 114]","[201.16, 45]","[201.58, 48]",192.58,222,17.16,0.16
07:46:25,"[181.24, 78]","[179.91, 94]","[195.4, 35]","[196.81, 26]",188.32,233,14.16,0.48
07:46:26,"[182.44, 79]","[181.21, 91]","[193.1, 29]","[194.1, 20]",187.77,219,10.66,0.55
07:46:27,"[183.0, 61]","[182.0, 121]","[191.0, 55]","[192.0, 33]",187.0,270,8.0,0.35
07:46:28,"[183.0, 56]","[182.0, 132]","[189.45, 40]","[190.65, 40]",186.22,268,6.45,0.4
07:46:29,"[183.0, 68]","[182.0, 187]","[184.63, 35]","[186.8, 41]",183.81,331,1.63,0.54
07:46:30,"[182.02, 96]","[181.69, 32]","[186.0, 47]","[267.59, 56]",184.01,231,3.98,0.11
07:46:31,"[182.0, 99]","[180.05, 104]","[185.91, 55]","[408.93, 41]",183.95,299,3.91,0.36
07:46:32,"[182.0, 63]","[180.0, 126]","[184.29, 35]","[381.0, 21]",183.14,245,2.29,0.54
07:46:33,"[182.0, 38]","[180.0, 126]","[318.24, 25]","[585.73, 15]",250.12,204,136.24,0.61
07:46:34,"[181.42, 45]","[180.35, 110]","[334.0, 27]","[687.0, 9]",257.71,191,152.58,0.62
07:46:35,"[182.64, 33]","[181.0, 66]","[206.0, 11]","[475.68, 37]",194.32,147,23.36,0.35
07:46:36,"[183.75, 24]","[181.0, 48]","[206.0, 8]","[555.31, 36]",194.88,116,22.25,0.24
07:46:37,"[184.0, 30]","[181.0, 60]","[370.22, 37]","[454.38, 37]",277.11,164,186.22,0.1
07:46:38,"[181.77, 35]","[180.2, 90]","[224.0, 44]","[438.35, 17]",202.89,186,42.23,0.34
07:46:39,"[181.0, 32]","[180.0, 144]","[223.0, 74]","[297.33, 58]",202.0,308,42.0,0.14
07:46:40,"[182.09, 46]","[180.08, 78]","[220.36, 55]","[222.0, 44]",201.23,223,38.28,0.11
07:46:41,"[184.74, 19]","[182.96, 90]","[219.29, 51]","[220.42, 57]",202.02,217,34.56,0.0
07:46:42,"[186.0, 9]","[183.0, 72]","[219.0, 36]","[220.0, 45]",202.5,162,33.0,0.0
07:46:43,"[186.0, 13]","[183.0, 104]","[216.61, 41]","[217.67, 60]",201.3,218,30.61,0.07
07:46:44,"[184.15, 34]","[182.89, 110]","[209.97, 67]","[211.18, 73]",197.06,284,25.82,0.01
07:46:45,"[183.0, 70]","[181.0, 20]","[204.97, 35]","[206.32, 40]",193.99,165,21.97,0.09
07:46:46,"[183.0, 70]","[181.0, 20]","[199.84, 43]","[201.0, 37]",191.42,170,16.84,0.06
07:46:47,"[183.0, 88]","[181.0, 32]","[197.63, 65]","[198.91, 69]",190.32,254,14.63,-0.06
07:46:48,"[183.23, 52]","[182.3, 46]","[193.77, 52]","[196.39, 59]",188.5,209,10.54,-0.06
07:46:49,"[184.0, 22]","[183.0, 55]","[191.91, 44]","[197.0, 55]",187.95,176,7.91,-0.12
07:46:50,"[184.53, 30]","[183.07, 59]","[188.77, 52]","[194.0, 60]",186.65,201,4.24,-0.11
07:46:51,"[184.75, 32]","[183.1, 78]","[187.64, 56]","[241.14, 42]",186.2,208,2.89,0.06
07:46:52,"[183.78, 23]","[182.95, 66]","[186.0, 42]","[379.45, 31]",184.89,162,2.22,0.1
07:46:53,"[182.86, 59]","[180.86, 77]","[185.7, 66]","[342.74, 54]",184.28,256,2.83,0.06
07:46:54,"[181.51, 73]","[179.89, 53]","[295.8, 60]","[442.67, 73]",238.65,259,114.29,-0.03
07:46:55,"[180.0, 91]","[178.0, 26]","[361.24, 21]","[428.88, 56]",270.62,194,181.24,0.21
07:46:56,"[180.0, 60]","[177.21, 38]","[321.78, 18]","[343.95, 42]",250.89,158,141.78,0.24
07:46:57,"[180.0, 55]","[177.26, 27]","[315.16, 45]","[316.71, 14]",247.58,141,135.16,0.16
07:46:58,"[180.0, 50]","[178.0, 10]","[258.35, 43]","[309.8, 41]",219.17,144,78.35,-0.17
07:46:59,"[179.67, 24]","[177.17, 24]","[230.91, 22]","[259.43, 28]",205.29,98,51.24,-0.02
07:47:00,"[178.98, 45]","[177.69, 16]","[230.0, 60]","[231.0, 12]",204.49,133,51.02,-0.08
07:47:01,"[179.0, 32]","[178.0, 8]","[230.0, 40]","[231.0, 8]",204.5,88,51.0,-0.09
07:47:02,"[179.0, 56]","[178.0, 14]","[227.16, 38]","[230.07, 54]",203.08,162,48.16,-0.14
07:47:03,"[179.0, 60]","[178.0, 15]","[226.46, 63]","[228.81, 27]",202.73,165,47.46,-0.09
07:47:04,"[179.0, 48]","[177.56, 18]","[192.21, 70]","[204.0, 14]",185.61,150,13.21,-0.12
07:47:05,"[179.0, 19]","[177.82, 22]","[188.09, 34]","[194.7, 23]",183.54,98,9.09,-0.16
07:47:06,"[179.0, 22]","[178.0, 33]","[180.27, 11]","[182.0, 55]",179.64,121,1.27,-0.09
07:47:07,"[178.0, 30]","[177.0, 20]","[180.0, 10]","[252.0, 24]",179.0,84,2.0,0.19
07:47:08,"[179.43, 28]","[177.18, 22]","[186.9, 29]","[296.57, 23]",183.16,102,7.47,-0.02
07:47:09,"[176.13, 46]","[175.75, 119]","[560.69, 45]","[659.53, 45]",368.41,255,384.56,0.29
07:47:10,"[176.0, 56]","[175.0, 42]","[559.19, 31]","[665.77, 26]",367.6,155,383.19,0.26
07:47:11,"[180.75, 160]","[175.92, 74]","[271.88, 43]","[440.5, 24]",226.32,301,91.13,0.55
07:47:12,"[178.94, 97]","[175.79, 38]","[238.33, 18]","[388.83, 24]",208.64,177,59.4,0.53
07:47:13,"[176.0, 95]","[175.0, 20]","[309.8, 30]","[363.0, 24]",242.9,169,133.8,0.36
07:47:14,"[176.03, 31]","[175.29, 17]","[344.92, 26]","[404.67, 18]",260.48,92,168.89,0.04
07:47:15,"[177.42, 12]","[175.96, 47]","[324.94, 34]","[389.67, 24]",251.18,117,147.52,0.01
07:47:16,"[178.0, 30]","[175.5, 24]","[262.59, 29]","[296.31, 26]",220.29,109,84.59,-0.01
07:47:17,"[181.0, 24]","[175.82, 22]","[299.75, 16]","[319.76, 17]",240.38,79,118.75,0.16
07:47:18,"[181.0, 36]","[175.92, 24]","[219.13, 15]","[229.7, 27]",200.07,102,38.13,0.18
07:47:19,"[181.0, 33]","[177.67, 27]","[194.18, 17]","[196.0, 11]",187.59,88,13.18,0.36
07:47:20,"[181.0, 30]","[179.0, 30]","[190.5, 10]","[192.38, 16]",185.75,86,9.5,0.4
07:47:21,"[181.81, 47]","[180.42, 57]","[187.41, 17]","[188.65, 17]",184.61,138,5.6,0.51
07:47:22,"[182.06, 53]","[181.33, 45]","[184.08, 13]","[185.15, 13]",183.07,124,2.02,0.58
07:47:23,"[181.96, 27]","[180.9, 41]","[183.87, 15]","[184.93, 14]",182.91,97,1.9,0.4
07:47:24,"[181.0, 16]","[179.0, 24]","[182.5, 8]","[184.0, 8]",181.75,56,1.5,0.43
07:47:25,"[179.5, 8]","[177.22, 27]","[181.29, 7]","[184.0, 7]",180.39,49,1.79,0.43
07:47:26,"[178.64, 84]","[176.58, 38]","[180.36, 11]","[257.62, 34]",179.5,167,1.72,0.46
07:47:27,"[179.0, 120]","[176.46, 52]","[427.94, 51]","[597.06, 35]",303.47,258,248.94,0.33
07:47:28,"[186.0, 44]","[180.05, 38]","[230.73, 22]","[495.88, 51]",208.36,155,44.73,0.06
07:47:29,"[179.32, 87]","[177.58, 12]","[266.31, 26]","[381.62, 40]",222.81,165,86.99,0.2
07:47:30,"[179.0, 91]","[177.0, 13]","[277.56, 36]","[362.88, 43]",228.28,183,98.56,0.14
07:47:31,"[179.61, 36]","[178.89, 37]","[334.0, 28]","[380.0, 21]",256.81,122,154.39,0.2
07:47:32,"[180.0, 44]","[179.0, 77]","[233.33, 36]","[286.88, 34]",206.67,191,53.33,0.27
07:47:33,"[180.17, 24]","[179.0, 42]","[182.0, 6]","[183.0, 18]",181.08,90,1.83,0.47
07:47:34,"[181.0, 20]","[179.0, 35]","[182.0, 5]","[262.76, 17]",181.5,77,1.0,0.43
07:47:35,"[179.65, 62]","[178.08, 65]","[342.17, 23]","[469.29, 35]",260.91,185,162.53,0.37
07:47:36,"[179.0, 91]","[177.0, 65]","[393.08, 52]","[583.95, 41]",286.04,249,214.08,0.25
07:47:37,"[179.0, 70]","[177.0, 50]","[227.4, 35]","[277.12, 32]",203.2,187,48.4,0.28
07:47:38,"[179.73, 22]","[178.7, 66]","[203.95, 38]","[261.39, 31]",191.84,157,24.22,0.12
07:47:39,"[179.31, 45]","[178.43, 53]","[192.11, 36]","[203.75, 48]",185.71,182,12.8,0.08
07:47:40,"[180.58, 36]","[179.73, 22]","[202.0, 20]","[204.0, 40]",191.29,118,21.42,-0.02
07:47:41,"[182.0, 42]","[180.64, 56]","[201.07, 28]","[204.0, 56]",191.54,182,19.07,0.08
07:47:42,"[182.0, 21]","[181.0, 28]","[200.0, 14]","[204.0, 28]",191.0,91,18.0,0.08
07:47:43,"[182.0, 33]","[181.0, 44]","[198.06, 36]","[201.67, 30]",190.03,143,16.06,0.08
07:47:44,"[182.0, 24]","[181.0, 40]","[196.74, 38]","[198.36, 22]",189.37,124,14.74,0.03
07:47:45,"[185.04, 23]","[182.81, 67]","[194.1, 42]","[195.19, 54]",189.57,186,9.05,-0.03
07:47:46,"[185.59, 34]","[184.34, 32]","[190.93, 28]","[194.64, 44]",188.26,138,5.34,-0.04
07:47:47,"[185.0, 36]","[182.0, 12]","[188.65, 34]","[189.71, 35]",186.82,117,3.65,-0.18
07:47:48,"[185.0, 23]","[182.0, 11]","[186.18, 44]","[188.0, 33]",185.59,111,1.18,-0.39
07:47:49,"[181.92, 48]","[180.55, 22]","[185.12, 32]","[188.0, 24]",183.52,126,3.21,0.11
07:47:50,"[182.0, 98]","[181.0, 28]","[183.09, 43]","[184.22, 55]",182.55,224,1.09,0.12
07:47:51,"[181.43, 46]","[179.6, 50]","[233.32, 50]","[294.79, 58]",207.38,204,51.89,-0.06
07:47:52,"[180.0, 8]","[178.0, 12]","[260.0, 12]","[265.0, 16]",220.0,48,80.0,-0.17
07:47:53,"[180.0, 26]","[178.0, 39]","[260.0, 39]","[387.23, 52]",220.0,156,80.0,-0.17
07:47:54,"[179.67, 24]","[177.83, 36]","[260.0, 36]","[449.59, 37]",219.83,133,80.33,-0.1
07:47:55,"[178.0, 74]","[177.0, 27]","[286.84, 31]","[484.2, 30]",232.42,162,108.84,0.25
07:47:56,"[178.0, 52]","[177.0, 30]","[266.0, 30]","[477.88, 25]",222.0,137,88.0,0.2
07:47:57,"[178.0, 14]","[177.0, 21]","[242.2, 20]","[364.6, 15]",210.1,70,64.2,0.0
07:47:58,"[179.29, 14]","[177.33, 18]","[225.0, 21]","[380.11, 19]",202.14,72,45.71,-0.11
07:47:59,"[179.1, 20]","[177.48, 29]","[304.59, 32]","[425.58, 33]",241.85,114,125.49,-0.14
07:48:00,"[180.33, 15]","[178.0, 30]","[263.64, 33]","[285.77, 40]",221.98,118,83.3,-0.24
07:48:01,"[181.0, 11]","[178.0, 22]","[216.82, 22]","[219.75, 32]",198.91,87,35.82,-0.24
07:48:02,"[181.73, 11]","[178.33, 24]","[202.13, 23]","[208.75, 24]",191.93,82,20.4,-0.15
07:48:03,"[178.09, 23]","[176.29, 82]","[187.33, 15]","[199.81, 37]",182.71,157,9.25,0.34
07:48:04,"[178.88, 85]","[177.1, 99]","[186.35, 20]","[211.29, 31]",182.62,235,7.47,0.57
07:48:05,"[180.64, 53]","[177.14, 140]","[184.0, 34]","[184.87, 30]",182.32,257,3.36,0.5
07:48:06,"[177.48, 44]","[176.29, 98]","[185.6, 15]","[438.68, 22]",181.54,179,8.12,0.59
07:48:07,"[177.0, 7]","[176.0, 37]","[184.5, 4]","[623.0, 12]",180.75,60,7.5,0.47
07:48:08,"[177.0, 12]","[176.0, 124]","[183.92, 12]","[280.0, 24]",180.46,172,6.92,0.58
07:48:09,"[176.08, 36]","[175.38, 48]","[181.93, 14]","[237.33, 12]",179.01,110,5.85,0.53
07:48:10,"[176.0, 100]","[174.0, 55]","[180.6, 53]","[192.43, 21]",178.3,229,4.6,0.35
07:48:11,"[176.0, 56]","[174.0, 55]","[177.95, 43]","[179.91, 47]",176.98,201,1.95,0.1
07:48:12,"[176.6, 35]","[174.14, 43]","[206.08, 39]","[271.7, 30]",191.34,147,29.48,0.06
07:48:13,"[177.0, 117]","[176.0, 12]","[306.0, 24]","[480.0, 36]",241.5,189,129.0,0.37
07:48:14,"[177.14, 42]","[176.82, 22]","[298.86, 7]","[355.62, 13]",238.0,84,121.71,0.52
07:48:15,"[178.0, 30]","[177.0, 36]","[296.0, 4]","[306.0, 8]",237.0,78,118.0,0.69
07:48:16,"[178.82, 51]","[177.44, 48]","[282.08, 13]","[299.33, 12]",230.45,124,103.25,0.6
07:48:17,"[179.5, 48]","[179.0, 27]","[249.0, 12]","[302.71, 14]",214.25,101,69.5,0.49
07:48:18,"[180.18, 44]","[179.0, 11]","[202.73, 11]","[204.0, 22]",191.45,88,22.55,0.25
07:48:19,"[182.0, 30]","[179.0, 12]","[201.92, 12]","[204.0, 24]",191.96,78,19.92,0.08
07:48:20,"[182.0, 16]","[179.0, 20]","[200.25, 8]","[235.0, 16]",191.12,60,18.25,0.2
07:48:21,"[181.2, 15]","[179.65, 20]","[193.86, 14]","[213.4, 10]",187.53,59,12.66,0.19
07:48:22,"[180.17, 6]","[178.17, 6]","[192.0, 6]","[419.0, 15]",186.08,33,11.83,-0.27
07:48:23,"[178.27, 30]","[149.11, 27]","[308.0, 26]","[655.44, 32]",243.13,115,129.73,-0.01
07:48:24,"[184.39, 56]","[176.78, 45]","[414.33, 21]","[649.81, 42]",299.36,164,229.94,0.23
07:48:25,"[186.0, 27]","[177.0, 45]","[411.55, 31]","[453.14, 42]",298.77,145,225.55,-0.01
07:48:26,"[186.0, 27]","[177.0, 45]","[268.73, 33]","[268.43, 21]",227.36,126,82.73,0.14
07:48:27,"[186.0, 36]","[177.0, 60]","[263.03, 38]","[264.36, 28]",224.51,162,77.03,0.19
07:48:28,"[178.11, 35]","[161.27, 41]","[262.44, 18]","[263.95, 42]",220.28,136,84.33,0.12
07:48:29,"[177.86, 84]","[176.57, 70]","[254.27, 30]","[261.35, 34]",216.06,218,76.41,0.41
07:48:30,"[180.0, 66]","[177.0, 110]","[259.13, 31]","[259.29, 35]",219.56,242,79.13,0.45
07:48:31,"[181.02, 48]","[177.22, 54]","[203.86, 35]","[222.35, 23]",192.44,160,22.84,0.28
07:48:32,"[182.0, 33]","[180.0, 6]","[201.33, 30]","[210.86, 14]",191.67,83,19.33,-0.06
07:48:33,"[178.05, 38]","[176.25, 32]","[199.8, 25]","[258.0, 5]",188.93,100,21.75,0.4
07:48:34,"[177.0, 80]","[176.0, 80]","[198.88, 40]","[258.0, 8]",187.94,208,21.88,0.54
07:48:35,"[177.0, 60]","[176.0, 60]","[194.83, 18]","[196.5, 18]",185.92,156,17.83,0.54
07:48:36,"[177.0, 120]","[176.0, 122]","[192.17, 36]","[193.83, 36]",184.58,314,15.17,0.54
07:48:37,"[177.25, 48]","[176.23, 93]","[189.86, 36]","[190.84, 25]",183.56,202,12.61,0.4
07:48:38,"[179.0, 30]","[177.1, 93]","[183.48, 44]","[185.03, 38]",181.24,205,4.48,0.2
07:48:39,"[177.27, 59]","[176.24, 118]","[180.94, 47]","[181.58, 19]",179.1,243,3.66,0.46
07:48:40,"[177.16, 25]","[176.04, 73]","[178.6, 20]","[240.5, 8]",177.88,126,1.44,0.56
07:48:41,"[177.0, 12]","[176.0, 46]","[180.0, 4]","[301.0, 4]",178.5,66,3.0,0.76
07:48:42,"[177.53, 19]","[176.62, 64]","[309.14, 7]","[482.0, 11]",243.33,101,131.62,0.64
07:48:43,"[180.5, 6]","[177.19, 42]","[540.0, 6]","[573.0, 2]",360.25,56,359.5,0.71
07:48:44,"[177.05, 91]","[176.04, 121]","[440.52, 25]","[550.48, 25]",308.79,262,263.47,0.62
07:48:45,"[177.0, 42]","[176.0, 120]","[287.1, 20]","[405.23, 35]",232.05,217,110.1,0.49
07:48:46,"[183.0, 12]","[177.0, 18]","[264.0, 21]","[273.5, 16]",223.5,67,81.0,-0.1
07:48:47,"[183.0, 24]","[177.0, 36]","[253.68, 38]","[270.75, 32]",218.34,130,70.68,-0.08
07:48:48,"[183.0, 24]","[177.3, 30]","[245.17, 48]","[272.91, 22]",214.08,124,62.17,-0.13
07:48:49,"[183.0, 14]","[180.0, 7]","[242.11, 18]","[250.83, 24]",212.56,63,59.11,-0.33
07:48:50,"[183.0, 28]","[180.0, 14]","[238.43, 37]","[239.78, 46]",210.72,125,55.43,-0.33
07:48:51,"[183.0, 19]","[180.0, 12]","[235.43, 42]","[236.4, 30]",209.21,103,52.43,-0.4
