Time,Bid1,Bid2,Ask1,Ask2,Mid-Price,Total_volume,Bid_ask_spread,Order_imbalance
07:30:00,"[0, 0]","[0, 0]","[0, 0]","[0, 0]",0.0,0,0.0,0.0
07:30:01,"[0, 0]","[0, 0]","[555.0, 3]","[0, 0]",277.5,3,555.0,-1.0
07:30:02,"[0, 0]","[0, 0]","[546.9, 10]","[589.2, 10]",273.45,20,546.9,-1.0
07:30:03,"[1.4, 20]","[0, 0]","[272.1, 21]","[392.59, 17]",136.75,58,270.7,-0.31
07:30:04,"[2.65, 23]","[2.0, 12]","[158.6, 15]","[159.8, 15]",80.63,65,155.95,0.08
07:30:05,"[9.76, 25]","[3.12, 34]","[154.14, 21]","[156.14, 21]",81.95,101,144.38,0.17
07:30:06,"[5.09, 22]","[3.73, 22]","[150.5, 18]","[152.0, 18]",77.8,80,145.41,0.1
07:30:07,"[8.0, 14]","[6.8, 25]","[148.17, 18]","[149.67, 18]",78.08,75,140.17,0.04
07:30:08,"[55.95, 55]","[14.94, 101]","[142.02, 43]","[145.3, 43]",98.98,242,86.08,0.29
07:30:09,"[126.77, 35]","[125.69, 26]","[130.0, 30]","[131.0, 20]",128.39,111,3.23,0.1
07:30:10,"[130.62, 16]","[126.62, 16]","[138.48, 21]","[142.73, 15]",134.55,68,7.85,-0.06
07:30:11,"[139.92, 24]","[137.59, 27]","[143.33, 24]","[532.39, 44]",141.62,119,3.42,-0.14
07:30:12,"[141.58, 26]","[140.0, 16]","[145.0, 16]","[481.0, 40]",143.29,98,3.42,-0.14
07:30:13,"[143.0, 4]","[140.79, 29]","[145.0, 8]","[481.0, 20]",144.0,61,2.0,0.08
07:30:14,"[143.0, 4]","[140.0, 8]","[144.25, 8]","[481.0, 20]",143.62,40,1.25,-0.4
07:30:15,"[140.0, 14]","[139.0, 42]","[535.15, 20]","[610.94, 16]",337.57,92,395.15,0.22
07:30:16,"[140.0, 20]","[139.0, 60]","[173.5, 44]","[203.54, 26]",156.75,150,33.5,0.07
07:30:17,"[141.94, 68]","[140.76, 63]","[168.04, 24]","[170.93, 58]",154.99,213,26.1,0.23
07:30:18,"[145.0, 36]","[144.0, 36]","[156.5, 12]","[163.83, 18]",150.75,102,11.5,0.41
07:30:19,"[145.0, 36]","[144.0, 36]","[153.1, 20]","[154.04, 24]",149.05,116,8.1,0.24
07:30:20,"[144.82, 33]","[143.87, 31]","[149.61, 49]","[150.03, 29]",147.22,142,4.79,-0.1
07:30:21,"[142.21, 122]","[141.0, 27]","[147.14, 35]","[148.06, 53]",144.68,237,4.93,0.26
07:30:22,"[142.59, 102]","[141.9, 221]","[145.58, 26]","[146.14, 64]",144.08,413,2.99,0.56
07:30:23,"[140.65, 51]","[138.08, 50]","[144.0, 49]","[145.0, 13]",142.32,163,3.35,0.24
07:30:24,"[139.1, 73]","[130.69, 39]","[142.81, 26]","[147.28, 18]",140.95,156,3.71,0.44
07:30:25,"[140.0, 42]","[139.0, 36]","[147.0, 6]","[152.0, 12]",143.5,96,7.0,0.62
07:30:26,"[140.0, 72]","[139.0, 72]","[147.0, 12]","[152.0, 24]",143.5,180,7.0,0.6
07:30:27,"[140.0, 50]","[139.0, 60]","[145.74, 23]","[148.25, 16]",142.87,149,5.74,0.48
07:30:28,"[140.0, 35]","[139.0, 42]","[144.86, 14]","[147.0, 11]",142.43,102,4.86,0.51
07:30:29,"[140.0, 35]","[139.0, 42]","[145.29, 14]","[147.23, 13]",142.64,104,5.29,0.48
07:30:30,"[140.0, 15]","[139.0, 42]","[147.0, 14]","[148.0, 7]",143.5,78,7.0,0.46
07:30:31,"[140.95, 60]","[139.4, 30]","[146.73, 30]","[220.89, 27]",143.84,147,5.78,0.22
07:30:32,"[140.0, 12]","[139.0, 51]","[146.0, 24]","[147.17, 12]",143.0,99,6.0,0.27
07:30:33,"[131.35, 23]","[125.0, 28]","[146.0, 18]","[147.0, 9]",138.67,78,14.65,0.31
07:30:34,"[131.61, 18]","[121.09, 22]","[146.0, 20]","[147.0, 10]",138.81,70,14.39,0.14
07:30:35,"[134.87, 31]","[128.96, 24]","[146.0, 22]","[147.0, 11]",140.44,88,11.13,0.25
07:30:36,"[135.0, 24]","[133.71, 7]","[144.09, 11]","[146.5, 8]",139.55,50,9.09,0.24
07:30:37,"[135.0, 28]","[134.0, 7]","[142.92, 13]","[212.11, 19]",138.96,67,7.92,0.04
07:30:38,"[134.25, 16]","[133.04, 25]","[143.83, 69]","[144.85, 59]",139.04,169,9.58,-0.51
07:30:39,"[134.0, 12]","[133.0, 24]","[140.22, 18]","[141.31, 48]",137.11,102,6.22,-0.29
07:30:40,"[134.0, 5]","[133.0, 10]","[139.33, 9]","[141.05, 19]",136.67,43,5.33,-0.3
07:30:41,"[133.6, 20]","[129.82, 22]","[138.67, 36]","[139.2, 30]",136.13,108,5.07,-0.22
07:30:42,"[133.0, 18]","[127.0, 18]","[136.33, 9]","[137.95, 39]",134.67,84,3.33,-0.14
07:30:43,"[134.0, 16]","[132.75, 16]","[137.91, 32]","[138.85, 48]",135.95,112,3.91,-0.43
07:30:44,"[132.82, 22]","[129.14, 14]","[138.0, 35]","[139.0, 49]",135.41,120,5.18,-0.4
07:30:45,"[137.0, 24]","[134.65, 17]","[138.0, 30]","[139.0, 42]",137.5,113,1.0,-0.27
07:30:46,"[133.4, 10]","[130.0, 8]","[138.32, 22]","[155.23, 22]",135.86,62,4.92,-0.42
07:30:47,"[131.15, 13]","[98.33, 12]","[138.81, 52]","[246.1, 20]",134.98,97,7.65,-0.48
07:30:48,"[132.33, 6]","[109.71, 7]","[138.0, 15]","[139.0, 21]",135.17,49,5.67,-0.47
07:30:49,"[137.0, 10]","[129.4, 10]","[138.0, 25]","[139.0, 35]",137.5,80,1.0,-0.5
07:30:50,"[129.0, 8]","[120.0, 12]","[138.0, 25]","[139.0, 28]",133.5,73,9.0,-0.45
07:30:51,"[129.0, 14]","[102.57, 14]","[135.0, 14]","[137.97, 62]",132.0,104,6.0,-0.46
07:30:52,"[129.0, 18]","[97.0, 9]","[135.0, 18]","[137.67, 45]",132.0,90,6.0,-0.4
07:30:53,"[129.0, 18]","[98.23, 13]","[135.0, 18]","[137.0, 27]",132.0,76,6.0,-0.18
07:30:54,"[129.8, 70]","[111.43, 28]","[135.0, 28]","[137.0, 42]",132.4,168,5.2,0.17
07:30:55,"[131.08, 63]","[130.29, 42]","[135.0, 14]","[137.0, 27]",133.04,146,3.92,0.44
07:30:56,"[134.5, 56]","[133.32, 59]","[136.93, 28]","[137.97, 93]",135.71,236,2.43,-0.03
07:30:57,"[136.27, 60]","[128.78, 120]","[137.95, 75]","[138.8, 81]",137.11,336,1.68,0.07
07:30:58,"[137.83, 48]","[132.55, 103]","[139.3, 73]","[161.5, 24]",138.57,248,1.47,0.22
07:30:59,"[138.25, 16]","[132.98, 43]","[140.0, 32]","[319.57, 7]",139.12,98,1.75,0.2
07:31:00,"[138.0, 36]","[130.0, 81]","[140.0, 36]","[143.0, 9]",139.0,162,2.0,0.44
07:31:01,"[138.38, 32]","[131.95, 85]","[140.0, 45]","[143.0, 13]",139.19,175,1.62,0.34
07:31:02,"[134.0, 25]","[129.24, 101]","[139.6, 15]","[140.92, 12]",136.8,153,5.6,0.65
07:31:03,"[139.6, 78]","[134.62, 37]","[197.55, 22]","[399.12, 16]",168.57,153,57.94,0.5
07:31:04,"[148.0, 54]","[142.33, 45]","[300.2, 10]","[365.44, 9]",224.1,118,152.2,0.68
07:31:05,"[148.0, 28]","[143.0, 30]","[265.83, 6]","[320.29, 7]",206.92,71,117.83,0.63
07:31:06,"[148.0, 12]","[143.0, 30]","[303.18, 11]","[316.57, 7]",225.59,60,155.18,0.4
07:31:07,"[148.0, 18]","[143.0, 45]","[399.56, 16]","[651.0, 11]",273.78,90,251.56,0.4
07:31:08,"[148.0, 9]","[143.0, 35]","[384.14, 7]","[542.1, 10]",266.07,61,236.14,0.44
07:31:09,"[148.0, 8]","[143.0, 40]","[546.6, 10]","[559.0, 8]",347.3,66,398.6,0.45
07:31:10,"[143.0, 35]","[139.0, 28]","[546.0, 14]","[547.0, 7]",344.5,84,403.0,0.5
07:31:11,"[143.0, 55]","[139.17, 35]","[327.17, 18]","[338.55, 29]",235.08,137,184.17,0.31
07:31:12,"[144.82, 114]","[142.52, 21]","[218.9, 29]","[227.69, 49]",181.86,213,74.07,0.27
07:31:13,"[145.11, 106]","[144.2, 40]","[214.21, 19]","[215.45, 11]",179.66,176,69.1,0.66
07:31:14,"[147.0, 27]","[145.0, 157]","[209.0, 16]","[210.18, 11]",178.0,211,62.0,0.74
07:31:15,"[147.0, 15]","[145.0, 95]","[207.62, 13]","[208.67, 6]",177.31,129,60.62,0.71
07:31:16,"[147.0, 30]","[145.0, 190]","[205.11, 19]","[206.87, 47]",176.05,286,58.11,0.54
07:31:17,"[147.0, 36]","[145.0, 228]","[198.93, 27]","[200.41, 22]",172.96,313,51.93,0.69
07:31:18,"[147.0, 14]","[145.0, 266]","[195.47, 19]","[196.78, 23]",171.24,322,48.47,0.74
07:31:19,"[145.1, 123]","[144.69, 135]","[194.14, 29]","[195.57, 14]",169.62,301,49.04,0.71
07:31:20,"[145.0, 180]","[143.0, 36]","[191.34, 38]","[192.19, 21]",168.17,275,46.34,0.57
07:31:21,"[145.0, 120]","[143.0, 24]","[187.6, 10]","[188.43, 14]",166.3,168,42.6,0.71
07:31:22,"[145.08, 154]","[144.0, 60]","[183.27, 22]","[184.24, 21]",164.18,257,38.19,0.67
07:31:23,"[148.0, 18]","[145.0, 135]","[179.44, 18]","[180.89, 18]",163.72,189,31.44,0.62
07:31:24,"[148.0, 36]","[145.0, 270]","[174.31, 29]","[176.03, 62]",161.16,397,26.31,0.54
07:31:25,"[145.05, 111]","[143.71, 42]","[169.25, 28]","[171.0, 14]",157.15,195,24.2,0.57
07:31:26,"[145.0, 91]","[143.0, 42]","[166.25, 16]","[167.29, 34]",155.62,183,21.25,0.45
07:31:27,"[145.0, 44]","[143.0, 39]","[162.89, 38]","[163.74, 23]",153.95,144,17.89,0.15
07:31:28,"[143.0, 19]","[141.0, 20]","[159.81, 27]","[161.69, 32]",151.41,98,16.81,-0.2
07:31:29,"[143.0, 9]","[141.0, 18]","[156.78, 18]","[159.0, 45]",149.89,90,13.78,-0.4
07:31:30,"[144.9, 42]","[142.11, 9]","[154.33, 12]","[156.47, 15]",149.62,78,9.43,0.31
07:31:31,"[145.0, 136]","[141.49, 37]","[149.12, 52]","[149.79, 43]",147.06,268,4.12,0.29
07:31:32,"[145.0, 132]","[143.0, 98]","[146.0, 28]","[147.0, 85]",145.5,343,1.0,0.34
07:31:33,"[145.0, 80]","[143.0, 77]","[146.67, 55]","[148.22, 46]",145.84,258,1.67,0.22
07:31:34,"[143.55, 58]","[142.4, 40]","[147.32, 31]","[158.35, 17]",145.44,146,3.77,0.34
07:31:35,"[143.0, 84]","[141.0, 24]","[145.21, 14]","[156.19, 21]",144.11,143,2.21,0.51
07:31:36,"[143.0, 120]","[141.0, 24]","[145.0, 12]","[270.08, 12]",144.0,168,2.0,0.71
07:31:37,"[143.03, 132]","[142.0, 32]","[145.0, 9]","[159.0, 9]",144.02,182,1.97,0.8
07:31:38,"[144.45, 20]","[143.1, 89]","[155.5, 8]","[300.43, 14]",149.97,131,11.05,0.66
07:31:39,"[144.0, 30]","[143.0, 160]","[274.64, 11]","[323.74, 19]",209.32,220,130.64,0.73
07:31:40,"[143.09, 165]","[142.45, 110]","[201.17, 58]","[220.88, 26]",172.13,359,58.08,0.53
07:31:41,"[143.2, 150]","[142.13, 69]","[181.15, 59]","[208.9, 58]",162.18,336,37.95,0.3
07:31:42,"[148.0, 20]","[143.0, 130]","[178.8, 50]","[182.0, 40]",163.4,240,30.8,0.25
07:31:43,"[148.0, 24]","[143.0, 156]","[174.94, 51]","[177.39, 46]",161.47,277,26.94,0.3
07:31:44,"[148.0, 20]","[143.47, 104]","[170.68, 40]","[171.69, 32]",159.34,196,22.68,0.27
07:31:45,"[147.0, 72]","[144.98, 45]","[158.47, 45]","[166.07, 29]",152.73,191,11.47,0.23
07:31:46,"[145.92, 52]","[144.82, 39]","[147.93, 74]","[152.13, 23]",146.93,188,2.01,-0.03
07:31:47,"[143.09, 107]","[141.19, 32]","[144.95, 57]","[151.74, 27]",144.02,223,1.85,0.25
07:31:48,"[143.0, 69]","[141.0, 33]","[144.65, 37]","[206.67, 24]",143.82,163,1.65,0.25
07:31:49,"[143.0, 32]","[141.0, 30]","[144.8, 20]","[406.63, 35]",143.9,117,1.8,0.06
07:31:50,"[143.0, 24]","[141.0, 36]","[144.0, 24]","[322.67, 24]",143.5,108,1.0,0.11
07:31:51,"[142.0, 28]","[140.47, 45]","[144.0, 14]","[214.08, 52]",143.0,139,2.0,0.05
07:31:52,"[140.87, 123]","[139.42, 77]","[143.0, 12]","[159.0, 48]",141.93,260,2.13,0.54
07:31:53,"[141.0, 147]","[140.0, 28]","[152.62, 13]","[170.36, 22]",146.81,210,11.62,0.67
07:31:54,"[141.0, 89]","[140.0, 40]","[238.15, 13]","[466.0, 13]",189.58,155,97.15,0.66
07:31:55,"[141.16, 56]","[139.65, 71]","[407.07, 14]","[573.09, 22]",274.12,163,265.91,0.56
07:31:56,"[143.0, 24]","[141.0, 40]","[440.89, 9]","[539.87, 15]",291.94,88,297.89,0.45
07:31:57,"[143.0, 90]","[141.0, 40]","[328.33, 15]","[431.44, 9]",235.67,154,185.33,0.69
07:31:58,"[143.0, 100]","[141.0, 35]","[293.71, 14]","[449.57, 7]",218.36,156,150.71,0.73
07:31:59,"[143.0, 140]","[141.0, 50]","[389.69, 13]","[645.0, 10]",266.35,213,246.69,0.78
07:32:00,"[143.0, 126]","[141.0, 45]","[475.89, 9]","[662.0, 9]",309.44,189,332.89,0.81
07:32:01,"[145.51, 86]","[142.94, 173]","[224.75, 32]","[236.26, 43]",185.13,334,79.24,0.55
07:32:02,"[146.0, 37]","[143.0, 98]","[224.0, 14]","[569.71, 7]",185.0,156,78.0,0.73
07:32:03,"[147.9, 21]","[144.25, 24]","[207.76, 34]","[453.66, 29]",177.83,108,59.86,-0.17
07:32:04,"[148.0, 16]","[146.0, 8]","[270.25, 16]","[581.88, 17]",209.12,57,122.25,-0.16
07:32:05,"[148.0, 20]","[146.0, 10]","[323.5, 24]","[510.27, 15]",235.75,69,175.5,-0.13
07:32:06,"[148.0, 18]","[146.0, 9]","[471.62, 29]","[509.2, 15]",309.81,71,323.62,-0.24
07:32:07,"[148.0, 18]","[146.0, 9]","[335.86, 14]","[453.17, 29]",241.93,70,187.86,-0.23
07:32:08,"[143.99, 91]","[142.13, 121]","[189.15, 40]","[219.61, 51]",166.57,303,45.16,0.4
07:32:09,"[145.09, 32]","[142.42, 52]","[185.78, 59]","[187.24, 62]",165.44,205,40.69,-0.18
07:32:10,"[146.0, 33]","[145.0, 11]","[181.58, 48]","[183.31, 51]",163.79,143,35.58,-0.38
07:32:11,"[146.0, 42]","[145.0, 14]","[174.86, 56]","[179.62, 64]",160.43,176,28.86,-0.36
07:32:12,"[146.0, 39]","[145.0, 13]","[175.51, 51]","[177.44, 55]",160.75,158,29.51,-0.34
07:32:13,"[146.8, 15]","[145.97, 37]","[169.45, 33]","[171.54, 48]",158.13,133,22.65,-0.22
07:32:14,"[146.69, 13]","[145.63, 38]","[164.43, 40]","[164.59, 39]",155.56,130,17.73,-0.22
07:32:15,"[145.0, 11]","[144.0, 66]","[159.55, 55]","[160.04, 23]",152.27,155,14.55,-0.01
07:32:16,"[145.0, 16]","[144.0, 96]","[156.34, 79]","[158.0, 80]",150.67,271,11.34,-0.17
07:32:17,"[145.0, 9]","[144.0, 54]","[150.63, 27]","[152.59, 29]",147.81,119,5.63,0.06
07:32:18,"[144.09, 32]","[143.4, 45]","[148.27, 48]","[148.71, 24]",146.18,149,4.18,0.03
07:32:19,"[142.05, 62]","[140.65, 183]","[144.68, 37]","[145.08, 65]",143.36,347,2.63,0.41
07:32:20,"[141.0, 36]","[140.0, 168]","[142.95, 58]","[143.69, 16]",141.97,278,1.95,0.47
07:32:21,"[140.03, 101]","[139.22, 63]","[141.5, 30]","[142.85, 20]",140.76,214,1.47,0.53
07:32:22,"[140.0, 117]","[139.0, 63]","[141.0, 45]","[392.83, 35]",140.5,260,1.0,0.38
07:32:23,"[140.0, 99]","[139.0, 56]","[141.0, 40]","[469.0, 28]",140.5,223,1.0,0.39
07:32:24,"[140.0, 40]","[139.0, 35]","[405.0, 17]","[651.82, 17]",272.5,109,265.0,0.38
07:32:25,"[142.0, 8]","[140.0, 56]","[490.19, 21]","[593.88, 24]",316.1,109,348.19,0.17
07:32:26,"[146.44, 9]","[141.07, 15]","[302.7, 20]","[375.2, 25]",224.57,69,156.26,-0.3
07:32:27,"[147.0, 7]","[142.0, 7]","[161.79, 19]","[204.94, 16]",154.39,49,14.79,-0.43
07:32:28,"[141.33, 21]","[139.96, 47]","[161.0, 22]","[281.12, 43]",151.17,133,19.67,0.02
07:32:29,"[146.0, 40]","[143.91, 22]","[161.0, 8]","[428.88, 16]",153.5,86,15.0,0.44
07:32:30,"[146.0, 90]","[144.0, 63]","[159.67, 18]","[366.33, 27]",152.83,198,13.67,0.55
07:32:31,"[146.0, 108]","[144.0, 91]","[158.1, 29]","[351.08, 36]",152.05,264,12.1,0.51
07:32:32,"[146.0, 18]","[144.0, 42]","[156.33, 18]","[158.0, 12]",151.17,90,10.33,0.33
07:32:33,"[146.0, 27]","[144.0, 63]","[152.6, 25]","[154.1, 20]",149.3,135,6.6,0.33
07:32:34,"[145.62, 37]","[143.99, 71]","[151.55, 33]","[153.0, 22]",148.58,163,5.92,0.33
07:32:35,"[144.08, 53]","[143.8, 35]","[149.78, 32]","[152.48, 23]",146.93,143,5.71,0.23
07:32:36,"[144.07, 28]","[143.55, 31]","[145.77, 31]","[146.97, 29]",144.92,119,1.7,-0.01
07:32:37,"[141.0, 16]","[139.78, 27]","[144.12, 17]","[145.23, 13]",142.56,73,3.12,0.18
07:32:38,"[141.0, 14]","[140.0, 15]","[143.4, 15]","[144.31, 13]",142.2,57,2.4,0.02
07:32:39,"[140.4, 25]","[139.33, 45]","[142.56, 27]","[143.55, 29]",141.48,126,2.16,0.11
07:32:40,"[140.78, 54]","[133.54, 52]","[250.74, 39]","[257.76, 34]",195.76,179,109.97,0.18
07:32:41,"[140.08, 50]","[121.55, 22]","[257.0, 44]","[584.36, 33]",198.54,149,116.92,-0.03
07:32:42,"[139.0, 22]","[133.5, 8]","[788.0, 18]","[795.0, 24]",463.5,72,649.0,-0.17
07:32:43,"[139.78, 27]","[122.33, 9]","[647.67, 27]","[767.23, 31]",393.72,94,507.89,-0.23
07:32:44,"[140.17, 58]","[139.47, 15]","[282.33, 27]","[434.33, 27]",211.25,127,142.16,0.15
07:32:45,"[145.0, 16]","[144.0, 50]","[282.0, 24]","[283.0, 24]",213.5,114,137.0,0.16
07:32:46,"[145.0, 24]","[144.0, 85]","[279.58, 36]","[450.0, 36]",212.29,181,134.58,0.2
07:32:47,"[145.0, 20]","[144.0, 70]","[276.8, 30]","[416.06, 34]",210.9,154,131.8,0.17
07:32:48,"[145.0, 12]","[144.0, 42]","[257.0, 18]","[495.67, 18]",201.0,90,112.0,0.2
07:32:49,"[144.31, 48]","[143.73, 45]","[229.17, 36]","[310.81, 43]",186.74,172,84.85,0.08
07:32:50,"[142.2, 75]","[142.05, 20]","[220.16, 31]","[267.67, 36]",181.18,162,77.96,0.17
07:32:51,"[141.0, 68]","[140.0, 10]","[197.0, 20]","[198.0, 40]",169.0,138,56.0,0.13
07:32:52,"[141.0, 20]","[140.0, 10]","[196.06, 18]","[223.3, 27]",168.53,75,55.06,-0.2
07:32:53,"[141.0, 14]","[140.0, 7]","[191.29, 14]","[195.0, 7]",166.14,42,50.29,0.0
07:32:54,"[142.36, 33]","[140.33, 18]","[271.3, 40]","[159.86, 21]",206.83,112,128.94,-0.09
07:32:55,"[146.0, 26]","[141.0, 34]","[589.67, 36]","[751.0, 8]",367.83,104,443.67,0.15
07:32:56,"[144.33, 18]","[140.89, 27]","[317.02, 41]","[398.8, 25]",230.68,111,172.69,-0.19
07:32:57,"[141.0, 10]","[140.0, 5]","[378.0, 20]","[482.0, 25]",259.5,60,237.0,-0.5
07:32:58,"[146.0, 12]","[141.65, 17]","[540.3, 47]","[664.31, 52]",343.15,128,394.3,-0.55
07:32:59,"[147.0, 11]","[144.0, 11]","[607.64, 44]","[672.27, 44]",377.32,110,460.64,-0.6
07:33:00,"[142.12, 16]","[114.0, 10]","[452.42, 38]","[554.94, 34]",297.27,98,310.3,-0.47
07:33:01,"[142.0, 18]","[136.5, 18]","[428.67, 24]","[430.0, 30]",285.33,90,286.67,-0.2
07:33:02,"[138.22, 36]","[124.31, 36]","[327.0, 44]","[360.09, 46]",232.61,162,188.78,-0.11
07:33:03,"[143.03, 31]","[139.49, 37]","[237.0, 40]","[278.1, 40]",190.02,148,93.97,-0.08
07:33:04,"[148.0, 23]","[141.0, 27]","[173.33, 36]","[206.89, 37]",160.67,123,25.33,-0.19
07:33:05,"[148.0, 18]","[141.0, 27]","[171.67, 36]","[558.03, 35]",159.83,116,23.67,-0.22
07:33:06,"[148.0, 28]","[141.0, 60]","[160.98, 41]","[177.52, 29]",154.49,158,12.98,0.11
07:33:07,"[148.0, 18]","[141.16, 50]","[157.44, 36]","[253.0, 45]",152.72,149,9.44,-0.09
07:33:08,"[148.0, 22]","[145.76, 90]","[155.27, 44]","[289.77, 47]",151.64,203,7.27,0.1
07:33:09,"[148.0, 22]","[147.0, 110]","[151.45, 44]","[308.78, 41]",149.73,217,3.45,0.22
07:33:10,"[148.0, 22]","[147.0, 110]","[150.64, 44]","[261.0, 23]",149.32,199,2.64,0.33
07:33:11,"[147.04, 94]","[146.24, 83]","[149.0, 44]","[226.91, 33]",148.02,254,1.96,0.39
07:33:12,"[147.0, 110]","[146.0, 83]","[148.0, 44]","[380.67, 43]",147.5,280,1.0,0.38
07:33:13,"[147.0, 63]","[146.0, 81]","[148.0, 36]","[391.82, 44]",147.5,224,1.0,0.29
07:33:14,"[147.0, 60]","[146.0, 106]","[194.27, 55]","[307.62, 52]",170.64,273,47.27,0.22
07:33:15,"[146.05, 88]","[145.54, 26]","[247.43, 46]","[274.44, 59]",196.74,219,101.39,0.04
07:33:16,"[146.0, 70]","[145.0, 10]","[194.81, 26]","[201.14, 28]",170.4,134,48.81,0.19
07:33:17,"[146.0, 84]","[145.0, 12]","[197.33, 60]","[315.15, 46]",171.67,202,51.33,-0.05
07:33:18,"[146.0, 61]","[145.0, 11]","[196.45, 55]","[357.1, 29]",171.23,156,50.45,-0.08
07:33:19,"[146.0, 30]","[145.0, 10]","[193.94, 35]","[218.42, 33]",169.97,108,47.94,-0.26
07:33:20,"[143.66, 56]","[141.8, 50]","[191.15, 65]","[193.0, 26]",167.41,197,47.49,0.08
07:33:21,"[143.0, 84]","[141.0, 72]","[189.25, 60]","[193.0, 24]",166.12,240,46.25,0.3
07:33:22,"[145.81, 32]","[143.3, 30]","[187.11, 27]","[188.18, 57]",166.46,146,41.3,-0.15
07:33:23,"[143.55, 66]","[141.21, 58]","[185.3, 33]","[187.7, 73]",164.42,230,41.76,0.08
07:33:24,"[143.12, 34]","[141.33, 72]","[181.7, 40]","[182.7, 53]",162.41,199,38.58,0.07
07:33:25,"[144.0, 9]","[143.0, 27]","[174.55, 33]","[179.36, 36]",159.27,105,30.55,-0.31
07:33:26,"[144.0, 19]","[143.0, 51]","[174.45, 67]","[179.35, 69]",159.22,206,30.45,-0.32
07:33:27,"[143.21, 42]","[141.24, 75]","[173.2, 56]","[174.85, 48]",158.21,221,29.98,0.06
07:33:28,"[143.0, 48]","[141.0, 96]","[170.47, 60]","[171.72, 36]",156.73,240,27.47,0.2
07:33:29,"[141.82, 51]","[140.74, 57]","[164.64, 56]","[165.93, 40]",153.23,204,22.82,0.06
07:33:30,"[141.0, 54]","[140.0, 27]","[160.29, 31]","[161.97, 37]",150.65,149,19.29,0.09
07:33:31,"[141.0, 84]","[139.27, 110]","[156.77, 56]","[158.16, 50]",148.88,300,15.77,0.29
07:33:32,"[143.86, 126]","[140.7, 60]","[152.26, 47]","[152.94, 49]",148.06,282,8.4,0.32
07:33:33,"[145.07, 90]","[142.23, 78]","[149.0, 33]","[151.61, 31]",147.03,232,3.93,0.45
07:33:34,"[145.36, 44]","[144.3, 77]","[147.08, 36]","[165.89, 46]",146.22,203,1.72,0.19
07:33:35,"[145.4, 75]","[143.53, 68]","[276.0, 23]","[308.63, 57]",210.7,223,130.6,0.28
07:33:36,"[145.0, 54]","[143.0, 45]","[293.44, 9]","[381.22, 27]",219.22,135,148.44,0.47
07:33:37,"[145.0, 30]","[143.0, 25]","[293.0, 5]","[377.8, 15]",219.0,75,148.0,0.47
07:33:38,"[145.0, 66]","[143.0, 55]","[293.0, 11]","[371.0, 39]",219.0,171,148.0,0.42
07:33:39,"[145.0, 66]","[143.0, 55]","[290.82, 11]","[367.73, 33]",217.91,165,145.82,0.47
07:33:40,"[145.0, 63]","[143.0, 55]","[290.0, 11]","[355.11, 35]",217.5,164,145.0,0.44
07:33:41,"[143.6, 30]","[141.35, 85]","[284.9, 31]","[580.29, 28]",214.25,174,141.3,0.32
07:33:42,"[144.82, 33]","[142.29, 28]","[261.0, 28]","[289.0, 7]",202.91,96,116.18,0.27
07:33:43,"[145.0, 40]","[143.0, 24]","[259.31, 26]","[385.86, 14]",202.15,104,114.31,0.23
07:33:44,"[144.83, 36]","[142.5, 28]","[288.12, 8]","[468.78, 27]",216.48,99,143.29,0.29
07:33:45,"[143.0, 37]","[141.0, 91]","[155.11, 27]","[165.79, 28]",149.06,183,12.11,0.4
07:33:46,"[143.0, 9]","[141.0, 63]","[259.0, 10]","[655.41, 27]",201.0,109,116.0,0.32
07:33:47,"[142.75, 32]","[140.91, 45]","[286.11, 9]","[570.0, 27]",214.43,113,143.36,0.36
07:33:48,"[141.67, 36]","[140.4, 40]","[285.4, 10]","[441.28, 32]",213.53,118,143.73,0.29
07:33:49,"[141.0, 36]","[140.0, 36]","[274.71, 17]","[354.67, 24]",207.85,113,133.71,0.27
07:33:50,"[141.06, 17]","[140.17, 24]","[271.0, 18]","[283.0, 6]",206.03,65,129.94,0.26
07:33:51,"[141.0, 10]","[140.0, 20]","[160.5, 8]","[215.0, 19]",150.75,57,19.5,0.05
07:33:52,"[141.0, 8]","[140.0, 16]","[160.0, 4]","[219.0, 16]",150.5,44,19.0,0.09
07:33:53,"[147.0, 42]","[141.57, 14]","[160.0, 7]","[219.0, 28]",153.5,91,13.0,0.23
07:33:54,"[147.0, 42]","[145.0, 14]","[159.0, 7]","[219.86, 28]",153.0,91,12.0,0.23
07:33:55,"[147.0, 48]","[145.0, 16]","[158.0, 8]","[416.54, 26]",152.5,98,11.0,0.31
07:33:56,"[147.0, 62]","[145.0, 22]","[163.87, 31]","[213.29, 42]",155.44,157,16.87,0.07
07:33:57,"[147.0, 31]","[145.0, 14]","[163.0, 21]","[165.0, 28]",155.0,94,16.0,-0.04
07:33:58,"[148.75, 63]","[147.58, 48]","[162.23, 39]","[371.79, 47]",155.49,197,13.48,0.13
07:33:59,"[149.0, 43]","[148.0, 44]","[160.73, 33]","[358.0, 33]",154.86,153,11.73,0.14
07:34:00,"[149.0, 12]","[148.0, 48]","[158.37, 35]","[456.87, 39]",153.69,134,9.37,-0.1
07:34:01,"[149.0, 13]","[148.0, 56]","[154.15, 26]","[156.0, 39]",151.58,134,5.15,0.03
07:34:02,"[149.0, 9]","[148.0, 54]","[153.11, 18]","[155.97, 33]",151.06,114,4.11,0.11
07:34:03,"[149.0, 7]","[148.0, 42]","[152.0, 14]","[156.0, 21]",150.5,84,3.0,0.17
07:34:04,"[149.0, 11]","[148.0, 66]","[151.19, 43]","[188.23, 26]",150.09,146,2.19,0.05
07:34:05,"[148.12, 41]","[146.67, 54]","[149.53, 34]","[191.52, 52]",148.83,181,1.41,0.05
07:34:06,"[147.0, 23]","[144.15, 26]","[269.41, 39]","[305.82, 34]",208.21,122,122.41,-0.2
07:34:07,"[148.0, 22]","[144.0, 38]","[198.42, 76]","[207.58, 76]",173.21,212,50.42,-0.43
07:34:08,"[147.08, 13]","[142.2, 40]","[188.21, 29]","[197.46, 52]",167.64,134,41.13,-0.21
07:34:09,"[142.51, 35]","[134.8, 60]","[194.75, 32]","[196.68, 38]",168.63,165,52.24,0.15
07:34:10,"[149.0, 49]","[146.0, 30]","[193.67, 54]","[194.53, 51]",171.33,184,44.67,-0.14
07:34:11,"[148.4, 30]","[145.84, 19]","[192.91, 33]","[194.0, 44]",170.65,126,44.51,-0.22
07:34:12,"[145.64, 22]","[142.94, 17]","[187.0, 36]","[191.69, 39]",166.32,114,41.36,-0.32
07:34:13,"[146.0, 30]","[140.44, 45]","[188.0, 33]","[190.27, 37]",167.0,145,42.0,0.03
07:34:14,"[147.79, 58]","[141.22, 46]","[184.78, 59]","[185.77, 53]",166.29,216,36.99,-0.04
07:34:15,"[142.0, 9]","[140.0, 81]","[180.85, 34]","[182.24, 34]",161.43,158,38.85,0.14
07:34:16,"[144.2, 30]","[142.94, 17]","[176.74, 47]","[177.65, 55]",160.47,149,32.54,-0.37
07:34:17,"[145.0, 33]","[144.0, 22]","[173.32, 38]","[174.59, 39]",159.16,132,28.32,-0.17
07:34:18,"[145.0, 33]","[144.0, 22]","[170.77, 43]","[172.65, 34]",157.88,132,25.77,-0.17
07:34:19,"[145.0, 39]","[144.0, 26]","[166.15, 47]","[167.5, 44]",155.57,156,21.15,-0.17
07:34:20,"[145.0, 51]","[144.0, 34]","[161.08, 52]","[162.53, 58]",153.04,195,16.08,-0.13
07:34:21,"[145.0, 39]","[144.0, 26]","[154.48, 33]","[155.25, 36]",149.74,134,9.48,-0.03
07:34:22,"[142.31, 29]","[140.12, 67]","[148.57, 37]","[149.62, 24]",145.44,157,6.26,0.22
07:34:23,"[141.02, 41]","[130.0, 70]","[143.28, 39]","[144.95, 59]",142.15,209,2.26,0.06
07:34:24,"[137.14, 56]","[79.88, 34]","[141.0, 44]","[402.53, 38]",139.07,172,3.86,0.05
07:34:25,"[68.77, 26]","[54.11, 18]","[136.13, 31]","[193.48, 33]",102.45,108,67.36,-0.19
07:34:26,"[117.75, 32]","[98.15, 26]","[202.57, 28]","[384.66, 35]",160.16,121,84.82,-0.04
07:34:27,"[149.0, 96]","[148.0, 24]","[240.52, 42]","[371.46, 39]",194.76,201,91.52,0.19
07:34:28,"[149.0, 72]","[148.0, 18]","[244.03, 37]","[245.7, 40]",196.51,167,95.03,0.08
07:34:29,"[149.0, 18]","[148.0, 12]","[243.0, 24]","[245.0, 30]",196.0,84,94.0,-0.29
07:34:30,"[149.0, 18]","[148.0, 12]","[242.26, 27]","[244.11, 27]",195.63,84,93.26,-0.29
07:34:31,"[149.0, 24]","[148.0, 16]","[235.5, 30]","[241.65, 37]",192.25,107,86.5,-0.25
07:34:32,"[149.0, 31]","[148.0, 22]","[228.81, 42]","[234.75, 52]",188.9,147,79.81,-0.28
07:34:33,"[148.2, 10]","[146.4, 10]","[227.0, 24]","[229.0, 30]",187.6,74,78.8,-0.46
07:34:34,"[147.84, 19]","[144.5, 10]","[195.5, 40]","[227.24, 41]",171.67,110,47.66,-0.47
07:34:35,"[148.0, 26]","[145.13, 55]","[225.65, 63]","[227.37, 54]",186.83,198,77.65,-0.18
07:34:36,"[148.0, 16]","[146.0, 8]","[224.79, 38]","[226.41, 34]",186.39,96,76.79,-0.5
07:34:37,"[148.0, 12]","[146.0, 6]","[222.89, 19]","[224.2, 25]",185.45,62,74.89,-0.42
07:34:38,"[145.35, 95]","[144.45, 31]","[219.06, 67]","[220.55, 73]",182.2,266,73.71,-0.05
07:34:39,"[145.0, 224]","[142.0, 32]","[213.9, 59]","[215.19, 62]",179.45,377,68.9,0.36
07:34:40,"[145.0, 196]","[142.0, 28]","[195.51, 59]","[201.83, 52]",170.25,335,50.51,0.34
07:34:41,"[145.0, 122]","[144.0, 10]","[187.2, 40]","[210.0, 50]",166.1,222,42.2,0.19
07:34:42,"[145.0, 132]","[144.0, 11]","[185.19, 48]","[188.68, 44]",165.09,235,40.19,0.22
07:34:43,"[145.0, 180]","[144.0, 30]","[180.71, 48]","[181.59, 59]",162.85,317,35.71,0.32
07:34:44,"[145.34, 96]","[145.0, 74]","[177.34, 67]","[178.64, 64]",161.34,301,32.0,0.13
07:34:45,"[146.67, 24]","[144.57, 21]","[170.31, 55]","[171.16, 45]",158.49,145,23.64,-0.38
07:34:46,"[147.44, 86]","[143.04, 25]","[165.58, 53]","[169.71, 69]",156.51,233,18.14,-0.05
07:34:47,"[148.0, 48]","[145.0, 8]","[154.5, 24]","[158.37, 19]",151.25,99,6.5,0.13
07:34:48,"[148.0, 84]","[145.0, 14]","[151.24, 59]","[151.98, 58]",149.62,215,3.24,-0.09
07:34:49,"[143.74, 19]","[141.92, 65]","[148.6, 30]","[152.41, 22]",146.17,136,4.86,0.24
07:34:50,"[142.0, 60]","[141.0, 48]","[145.76, 34]","[146.85, 20]",143.88,162,3.76,0.33
07:34:51,"[145.69, 52]","[141.56, 36]","[198.19, 31]","[444.25, 24]",171.94,143,52.5,0.23
07:34:52,"[148.0, 77]","[142.0, 55]","[204.0, 44]","[494.27, 33]",176.0,209,56.0,0.26
07:34:53,"[148.0, 63]","[142.0, 49]","[426.44, 27]","[561.22, 36]",287.22,175,278.44,0.28
07:34:54,"[148.0, 70]","[142.0, 50]","[347.0, 31]","[566.64, 33]",247.5,184,199.0,0.3
07:34:55,"[148.0, 78]","[142.0, 65]","[254.0, 38]","[345.09, 33]",201.0,214,106.0,0.34
07:34:56,"[148.0, 3]","[142.0, 15]","[233.5, 8]","[527.0, 10]",190.75,36,85.5,0.0
07:34:57,"[146.15, 27]","[142.98, 51]","[182.93, 30]","[287.33, 60]",164.54,168,36.79,-0.07
07:34:58,"[144.16, 37]","[141.7, 40]","[182.0, 14]","[339.0, 28]",163.08,119,37.84,0.29
07:34:59,"[142.0, 47]","[141.0, 36]","[181.11, 18]","[213.4, 20]",161.56,121,39.11,0.37
07:35:00,"[142.13, 30]","[141.13, 60]","[179.35, 34]","[181.24, 34]",160.74,158,37.22,0.14
07:35:01,"[143.0, 14]","[142.0, 20]","[176.4, 20]","[181.0, 20]",159.7,74,33.4,-0.08
07:35:02,"[141.05, 57]","[140.05, 86]","[173.6, 30]","[175.87, 30]",157.33,203,32.55,0.41
07:35:03,"[141.0, 52]","[140.0, 78]","[169.69, 26]","[170.85, 26]",155.35,182,28.69,0.43
07:35:04,"[141.0, 56]","[140.0, 84]","[166.43, 28]","[169.43, 28]",153.71,196,25.43,0.43
07:35:05,"[141.0, 52]","[140.0, 78]","[163.32, 25]","[165.77, 26]",152.16,181,22.32,0.44
07:35:06,"[141.0, 54]","[140.0, 90]","[158.05, 22]","[159.24, 25]",149.52,191,17.05,0.51
07:35:07,"[146.89, 36]","[143.27, 44]","[152.39, 31]","[154.23, 35]",149.64,146,5.5,0.1
07:35:08,"[146.0, 21]","[141.96, 50]","[149.3, 20]","[150.31, 29]",147.65,120,3.3,0.18
07:35:09,"[145.0, 22]","[141.0, 22]","[148.45, 22]","[149.73, 22]",146.73,88,3.45,0.0
07:35:10,"[141.0, 22]","[140.0, 55]","[146.28, 29]","[148.85, 26]",143.64,132,5.28,0.17
07:35:11,"[141.0, 19]","[140.0, 65]","[145.93, 27]","[187.12, 40]",143.46,151,4.93,0.11
07:35:12,"[140.47, 15]","[135.37, 83]","[145.09, 22]","[289.06, 32]",142.78,152,4.62,0.29
07:35:13,"[141.27, 48]","[132.62, 78]","[144.25, 24]","[467.09, 46]",142.76,196,2.98,0.29
07:35:14,"[141.41, 34]","[134.0, 32]","[396.2, 40]","[623.0, 50]",268.81,156,254.79,-0.15
07:35:15,"[142.27, 33]","[140.0, 9]","[433.27, 30]","[511.03, 39]",287.77,111,290.99,-0.24
07:35:16,"[143.75, 24]","[140.67, 12]","[410.71, 21]","[476.22, 27]",277.23,84,266.96,-0.14
07:35:17,"[144.67, 15]","[143.95, 41]","[336.85, 13]","[423.56, 39]",240.76,108,192.18,0.04
07:35:18,"[149.0, 28]","[145.0, 10]","[226.32, 22]","[265.5, 24]",187.66,84,77.32,-0.1
07:35:19,"[149.0, 14]","[145.0, 7]","[225.86, 35]","[367.42, 19]",187.43,75,76.86,-0.44
07:35:20,"[149.0, 14]","[145.0, 7]","[221.62, 32]","[275.44, 27]",185.31,80,72.62,-0.47
07:35:21,"[149.0, 26]","[148.0, 78]","[211.37, 60]","[273.9, 48]",180.18,212,62.37,-0.02
07:35:22,"[148.12, 34]","[145.69, 52]","[171.66, 29]","[193.86, 29]",159.89,144,23.54,0.19
07:35:23,"[148.0, 60]","[145.0, 80]","[175.9, 50]","[261.0, 30]",161.95,220,27.9,0.27
07:35:24,"[145.13, 67]","[144.43, 56]","[233.15, 39]","[334.0, 32]",189.14,194,88.02,0.27
07:35:25,"[145.79, 76]","[144.53, 60]","[335.0, 22]","[399.36, 33]",240.39,191,189.21,0.42
07:35:26,"[148.0, 50]","[145.86, 112]","[300.18, 22]","[323.43, 14]",224.09,198,152.18,0.64
07:35:27,"[148.0, 50]","[146.75, 192]","[268.67, 36]","[283.93, 28]",208.33,306,120.67,0.58
07:35:28,"[148.0, 38]","[145.0, 80]","[267.0, 50]","[268.0, 20]",207.5,188,119.0,0.26
07:35:29,"[146.22, 27]","[144.47, 47]","[265.61, 56]","[266.71, 35]",205.91,165,119.38,-0.1
07:35:30,"[145.0, 88]","[144.0, 198]","[262.17, 52]","[264.2, 25]",203.59,363,117.17,0.58
07:35:31,"[145.0, 56]","[144.0, 126]","[260.48, 23]","[261.69, 26]",202.74,231,115.48,0.58
07:35:32,"[145.51, 78]","[144.18, 220]","[248.37, 49]","[258.24, 41]",196.94,388,102.85,0.54
07:35:33,"[144.14, 84]","[143.76, 164]","[180.7, 30]","[212.0, 33]",162.42,311,36.56,0.59
07:35:34,"[145.0, 9]","[144.0, 162]","[177.89, 27]","[180.0, 45]",161.44,243,32.89,0.41
07:35:35,"[144.11, 94]","[143.71, 210]","[172.1, 52]","[173.42, 55]",158.1,411,27.99,0.48
07:35:36,"[144.0, 182]","[142.0, 80]","[167.41, 37]","[169.27, 51]",155.7,350,23.41,0.5
07:35:37,"[144.0, 154]","[142.0, 100]","[159.67, 46]","[161.29, 49]",151.84,349,15.67,0.46
07:35:38,"[144.0, 99]","[142.0, 90]","[151.14, 35]","[152.45, 33]",147.57,257,7.14,0.47
07:35:39,"[144.0, 154]","[142.0, 150]","[147.26, 57]","[148.87, 45]",145.63,406,3.26,0.5
07:35:40,"[144.0, 18]","[142.0, 30]","[145.0, 24]","[147.0, 12]",144.5,84,1.0,0.14
07:35:41,"[142.59, 27]","[141.87, 23]","[144.81, 16]","[147.79, 19]",143.7,85,2.22,0.18
07:35:42,"[142.04, 27]","[141.45, 11]","[143.07, 27]","[147.33, 15]",142.56,80,1.04,-0.05
07:35:43,"[140.5, 42]","[134.86, 36]","[142.86, 28]","[152.0, 17]",141.68,123,2.36,0.27
07:35:44,"[140.0, 34]","[100.86, 28]","[141.5, 12]","[147.0, 13]",140.75,87,1.5,0.43
07:35:45,"[140.0, 16]","[105.0, 13]","[142.0, 8]","[158.0, 8]",141.0,45,2.0,0.29
07:35:46,"[140.0, 20]","[120.0, 20]","[230.4, 10]","[330.0, 6]",185.2,56,90.4,0.43
07:35:47,"[143.87, 31]","[131.07, 28]","[363.0, 18]","[743.56, 9]",253.44,86,219.13,0.37
07:35:48,"[148.0, 12]","[141.86, 14]","[363.0, 9]","[789.0, 3]",255.5,38,215.0,0.37
07:35:49,"[148.94, 51]","[147.4, 25]","[282.0, 14]","[662.29, 7]",215.47,97,133.06,0.57
07:35:50,"[149.0, 56]","[148.0, 28]","[282.0, 14]","[561.79, 19]",215.5,117,133.0,0.44
07:35:51,"[149.0, 72]","[148.0, 36]","[357.08, 26]","[660.36, 28]",253.04,162,208.08,0.33
07:35:52,"[149.0, 56]","[148.0, 28]","[380.85, 26]","[598.0, 16]",264.92,126,231.85,0.33
07:35:53,"[149.0, 88]","[148.0, 44]","[333.2, 40]","[461.62, 26]",241.1,198,184.2,0.33
07:35:54,"[149.0, 36]","[148.0, 32]","[242.67, 24]","[281.67, 24]",195.83,116,93.67,0.17
07:35:55,"[149.0, 24]","[148.0, 24]","[241.5, 12]","[243.0, 24]",195.25,84,92.5,0.14
07:35:56,"[148.0, 18]","[145.0, 12]","[241.0, 12]","[247.55, 22]",194.5,64,93.0,-0.06
07:35:57,"[148.0, 9]","[145.0, 6]","[240.67, 6]","[293.0, 6]",194.33,27,92.67,0.11
07:35:58,"[148.0, 33]","[145.0, 22]","[208.84, 19]","[227.74, 19]",178.42,93,60.84,0.18
07:35:59,"[148.0, 18]","[145.0, 12]","[173.17, 12]","[174.33, 12]",160.58,54,25.17,0.11
07:36:00,"[148.0, 22]","[145.43, 28]","[171.64, 22]","[172.64, 22]",159.82,94,23.64,0.06
07:36:01,"[145.67, 21]","[141.29, 141]","[162.06, 34]","[164.33, 30]",153.86,226,16.39,0.43
07:36:02,"[141.23, 104]","[140.3, 115]","[156.91, 32]","[158.31, 26]",149.07,277,15.68,0.58
07:36:03,"[146.0, 9]","[141.13, 63]","[153.43, 21]","[154.25, 24]",149.71,117,7.43,0.23
07:36:04,"[142.47, 68]","[141.55, 104]","[151.23, 26]","[152.12, 34]",146.85,232,8.76,0.48
07:36:05,"[145.57, 74]","[141.88, 187]","[149.6, 30]","[150.69, 26]",147.58,317,4.03,0.65
07:36:06,"[142.49, 98]","[141.51, 118]","[150.0, 24]","[152.8, 20]",146.24,260,7.51,0.66
07:36:07,"[142.0, 150]","[141.0, 120]","[149.21, 14]","[176.22, 18]",145.61,302,7.21,0.79
07:36:08,"[142.0, 105]","[141.0, 84]","[145.33, 15]","[178.5, 16]",143.67,220,3.33,0.72
07:36:09,"[142.0, 149]","[141.0, 120]","[143.24, 46]","[159.94, 17]",142.62,332,1.24,0.62
07:36:10,"[142.0, 72]","[141.0, 72]","[143.0, 30]","[398.53, 17]",142.5,191,1.0,0.51
07:36:11,"[142.0, 92]","[141.0, 120]","[143.0, 50]","[269.0, 17]",142.5,279,1.0,0.52
07:36:12,"[142.0, 53]","[141.0, 84]","[159.14, 28]","[366.0, 16]",150.57,181,17.14,0.51
07:36:13,"[142.0, 10]","[141.0, 60]","[209.0, 5]","[336.0, 10]",175.5,85,67.0,0.65
07:36:14,"[142.86, 14]","[141.03, 74]","[209.0, 7]","[326.54, 13]",175.93,108,66.14,0.63
07:36:15,"[141.76, 37]","[140.62, 13]","[209.0, 5]","[376.0, 10]",175.38,65,67.24,0.54
07:36:16,"[141.0, 143]","[140.0, 40]","[207.6, 57]","[308.38, 16]",174.3,256,66.6,0.43
07:36:17,"[141.0, 57]","[140.0, 55]","[205.55, 55]","[292.29, 14]",173.27,181,64.55,0.24
07:36:18,"[140.71, 51]","[119.43, 56]","[204.29, 35]","[272.92, 26]",172.5,168,63.58,0.27
07:36:19,"[147.88, 64]","[141.51, 69]","[200.08, 59]","[268.25, 16]",173.98,208,52.21,0.28
07:36:20,"[149.0, 45]","[145.0, 18]","[161.49, 37]","[219.24, 42]",155.24,142,12.49,-0.11
07:36:21,"[148.0, 16]","[143.62, 26]","[203.0, 25]","[493.76, 17]",175.5,84,55.0,0.0
07:36:22,"[140.6, 75]","[136.32, 31]","[201.72, 39]","[227.69, 51]",171.16,196,61.12,0.08
07:36:23,"[114.35, 69]","[92.24, 87]","[199.14, 64]","[200.31, 48]",156.74,268,84.79,0.16
07:36:24,"[132.05, 19]","[104.0, 32]","[197.16, 43]","[198.56, 45]",164.61,139,65.11,-0.27
07:36:25,"[133.92, 24]","[113.0, 12]","[197.0, 24]","[198.0, 36]",165.46,96,63.08,-0.25
07:36:26,"[137.7, 20]","[130.06, 17]","[196.5, 24]","[197.69, 26]",167.1,87,58.8,-0.15
07:36:27,"[135.57, 23]","[123.8, 20]","[170.02, 45]","[195.8, 35]",152.79,123,34.46,-0.3
07:36:28,"[143.92, 99]","[139.65, 20]","[191.88, 66]","[194.27, 33]",167.9,218,47.96,0.09
07:36:29,"[144.0, 55]","[141.0, 42]","[190.57, 35]","[191.73, 33]",167.29,165,46.57,0.18
07:36:30,"[144.0, 12]","[141.0, 50]","[189.7, 30]","[191.0, 50]",166.85,142,45.7,-0.13
07:36:31,"[145.5, 12]","[141.75, 24]","[173.39, 44]","[178.96, 27]",159.44,107,27.89,-0.33
07:36:32,"[147.0, 7]","[144.0, 7]","[158.33, 15]","[160.28, 29]",152.67,58,11.33,-0.52
07:36:33,"[137.89, 127]","[119.32, 94]","[153.88, 51]","[159.62, 65]",145.89,337,15.99,0.31
07:36:34,"[139.0, 108]","[118.25, 60]","[151.42, 26]","[155.53, 30]",145.21,224,12.42,0.5
07:36:35,"[139.0, 162]","[96.87, 61]","[145.67, 30]","[212.8, 25]",142.33,278,6.67,0.6
07:36:36,"[139.0, 50]","[119.0, 10]","[144.83, 6]","[709.0, 5]",141.92,71,5.83,0.69
07:36:37,"[139.0, 80]","[101.26, 23]","[142.57, 14]","[290.12, 8]",140.79,125,3.57,0.65
07:36:38,"[139.0, 95]","[113.67, 18]","[141.25, 16]","[356.0, 10]",140.12,139,2.25,0.63
07:36:39,"[139.69, 97]","[135.11, 111]","[457.4, 15]","[685.2, 15]",298.55,238,317.71,0.75
07:36:40,"[145.0, 14]","[142.71, 51]","[494.0, 9]","[627.44, 9]",319.5,83,349.0,0.57
07:36:41,"[148.0, 10]","[144.0, 60]","[201.3, 10]","[577.4, 10]",174.65,90,53.3,0.56
07:36:42,"[144.67, 12]","[141.78, 27]","[225.57, 7]","[361.86, 7]",185.12,53,80.9,0.47
07:36:43,"[144.0, 12]","[140.0, 18]","[210.0, 6]","[326.5, 6]",177.0,42,66.0,0.43
07:36:44,"[144.0, 30]","[140.0, 27]","[249.27, 15]","[284.2, 15]",196.63,87,105.27,0.31
07:36:45,"[144.0, 40]","[140.0, 30]","[180.74, 31]","[188.47, 19]",162.37,120,36.74,0.17
07:36:46,"[144.0, 28]","[140.0, 24]","[168.08, 26]","[206.07, 14]",156.04,92,24.08,0.13
07:36:47,"[143.0, 12]","[139.25, 36]","[167.0, 24]","[290.67, 6]",155.0,78,24.0,0.23
07:36:48,"[145.05, 40]","[138.15, 67]","[167.0, 36]","[307.78, 9]",156.03,152,21.95,0.41
07:36:49,"[147.0, 50]","[139.0, 80]","[166.2, 40]","[283.5, 10]",156.6,180,19.2,0.44
07:36:50,"[147.0, 16]","[144.04, 50]","[165.0, 32]","[324.25, 8]",156.0,106,18.0,0.25
07:36:51,"[141.93, 45]","[130.68, 79]","[164.23, 26]","[180.55, 44]",153.08,194,22.3,0.28
07:36:52,"[139.0, 40]","[98.37, 27]","[162.0, 8]","[163.0, 32]",150.5,107,23.0,0.25
07:36:53,"[139.29, 42]","[118.75, 28]","[159.51, 39]","[162.14, 21]",149.4,130,20.23,0.08
07:36:54,"[143.0, 46]","[140.67, 48]","[157.75, 48]","[161.0, 12]",150.38,154,14.75,0.22
07:36:55,"[143.0, 12]","[141.0, 90]","[156.67, 36]","[161.0, 9]",149.83,147,13.67,0.39
07:36:56,"[141.02, 91]","[140.25, 40]","[153.39, 31]","[154.03, 33]",147.2,195,12.37,0.34
07:36:57,"[141.08, 118]","[140.2, 45]","[149.23, 13]","[153.0, 65]",145.16,241,8.15,0.35
07:36:58,"[142.93, 140]","[141.0, 126]","[146.72, 32]","[150.35, 43]",144.82,341,3.79,0.56
07:36:59,"[143.17, 81]","[141.0, 81]","[146.64, 25]","[166.61, 41]",144.91,228,3.47,0.42
07:37:00,"[144.8, 50]","[141.77, 97]","[151.27, 41]","[165.49, 53]",148.03,241,6.47,0.22
07:37:01,"[148.0, 36]","[144.0, 65]","[149.94, 53]","[215.6, 30]",148.97,184,1.94,0.1
07:37:02,"[145.09, 32]","[142.31, 80]","[150.25, 24]","[264.98, 44]",147.67,180,5.16,0.24
07:37:03,"[149.0, 5]","[144.0, 25]","[150.0, 10]","[228.0, 25]",149.5,65,1.0,-0.08
07:37:04,"[149.0, 6]","[144.0, 30]","[150.0, 12]","[213.75, 20]",149.5,68,1.0,0.06
07:37:05,"[144.69, 29]","[141.63, 95]","[188.48, 23]","[285.35, 37]",166.58,184,43.79,0.35
07:37:06,"[144.0, 51]","[141.0, 180]","[207.42, 12]","[246.0, 18]",175.71,261,63.42,0.77
07:37:07,"[144.22, 9]","[141.03, 106]","[207.0, 8]","[283.0, 8]",175.61,131,62.78,0.76
07:37:08,"[145.0, 20]","[144.0, 10]","[206.4, 10]","[355.33, 18]",175.7,58,61.4,0.03
07:37:09,"[145.0, 16]","[144.0, 8]","[203.38, 8]","[322.86, 14]",174.19,46,58.38,0.04
07:37:10,"[141.13, 124]","[140.12, 66]","[202.0, 10]","[203.0, 10]",171.56,210,60.87,0.81
07:37:11,"[142.92, 39]","[141.0, 195]","[201.23, 13]","[202.23, 13]",172.08,260,58.31,0.8
07:37:12,"[143.19, 103]","[140.84, 118]","[198.0, 10]","[199.4, 10]",170.6,241,54.81,0.83
07:37:13,"[141.0, 165]","[140.0, 108]","[194.73, 11]","[196.27, 11]",167.86,295,53.73,0.85
07:37:14,"[144.0, 64]","[141.0, 120]","[192.25, 8]","[193.5, 8]",168.12,200,48.25,0.84
07:37:15,"[145.65, 40]","[141.86, 147]","[174.36, 22]","[192.14, 14]",160.01,223,28.71,0.68
07:37:16,"[147.0, 18]","[141.0, 135]","[188.0, 9]","[189.0, 9]",167.5,171,41.0,0.79
07:37:17,"[141.0, 140]","[140.0, 100]","[185.8, 10]","[187.3, 10]",163.4,260,44.8,0.85
07:37:18,"[141.0, 94]","[140.0, 90]","[181.11, 9]","[257.86, 21]",161.06,214,40.11,0.72
07:37:19,"[141.7, 61]","[140.35, 103]","[178.74, 19]","[206.12, 48]",160.22,231,37.03,0.42
07:37:20,"[145.05, 55]","[141.24, 87]","[152.54, 37]","[166.07, 46]",148.8,225,7.49,0.26
07:37:21,"[141.54, 123]","[140.69, 45]","[144.62, 39]","[145.47, 38]",143.08,245,3.08,0.37
07:37:22,"[143.0, 138]","[141.0, 84]","[144.42, 38]","[145.18, 44]",143.71,304,1.42,0.46
07:37:23,"[141.0, 53]","[140.0, 20]","[144.7, 40]","[211.5, 50]",142.85,163,3.7,-0.1
07:37:24,"[142.48, 48]","[141.27, 30]","[186.45, 53]","[401.13, 47]",164.47,178,43.97,-0.12
07:37:25,"[144.0, 18]","[142.0, 12]","[203.0, 10]","[262.41, 29]",173.5,69,59.0,-0.13
07:37:26,"[144.0, 30]","[142.0, 20]","[244.29, 34]","[274.91, 46]",194.15,130,100.29,-0.23
07:37:27,"[144.0, 27]","[142.0, 18]","[233.0, 9]","[438.22, 45]",188.5,99,89.0,-0.09
07:37:28,"[144.0, 33]","[142.0, 22]","[307.55, 55]","[469.06, 47]",225.77,157,163.55,-0.3
07:37:29,"[144.0, 30]","[142.0, 20]","[262.1, 50]","[431.98, 46]",203.05,146,118.1,-0.32
07:37:30,"[144.0, 30]","[142.0, 20]","[224.0, 20]","[263.8, 50]",184.0,120,80.0,-0.17
07:37:31,"[144.76, 38]","[143.43, 21]","[224.0, 16]","[413.0, 40]",184.38,115,79.24,0.03
07:37:32,"[145.0, 22]","[144.0, 36]","[223.83, 24]","[423.58, 60]",184.42,142,78.83,-0.18
07:37:33,"[143.0, 15]","[141.17, 36]","[184.41, 39]","[272.79, 24]",163.71,114,41.41,-0.11
07:37:34,"[147.0, 11]","[143.44, 25]","[180.0, 55]","[223.0, 22]",163.5,113,33.0,-0.36
07:37:35,"[147.71, 17]","[143.15, 34]","[217.98, 52]","[230.21, 39]",182.84,142,70.27,-0.28
07:37:36,"[149.0, 20]","[147.82, 22]","[220.38, 26]","[221.17, 48]",184.69,116,71.38,-0.28
07:37:37,"[149.0, 36]","[148.0, 68]","[218.64, 45]","[220.78, 81]",183.82,230,69.64,-0.1
07:37:38,"[149.0, 26]","[148.0, 52]","[185.91, 43]","[201.47, 43]",167.45,164,36.91,-0.05
07:37:39,"[148.5, 34]","[147.32, 50]","[150.12, 41]","[169.17, 48]",149.31,173,1.62,-0.03
07:37:40,"[145.3, 53]","[144.84, 95]","[148.15, 26]","[149.15, 26]",146.73,200,2.85,0.48
07:37:41,"[145.0, 61]","[144.0, 27]","[147.44, 18]","[148.44, 18]",146.22,124,2.44,0.42
07:37:42,"[144.73, 30]","[143.0, 54]","[146.33, 24]","[164.8, 30]",145.53,138,1.6,0.22
07:37:43,"[144.62, 16]","[142.54, 37]","[146.0, 16]","[211.35, 31]",145.31,100,1.38,0.06
07:37:44,"[144.38, 16]","[142.24, 51]","[213.14, 21]","[417.93, 29]",178.76,117,68.77,0.15
07:37:45,"[142.22, 54]","[141.63, 43]","[443.37, 38]","[488.15, 53]",292.8,188,301.15,0.03
07:37:46,"[142.75, 48]","[141.36, 22]","[441.6, 30]","[468.71, 31]",292.18,131,298.85,0.07
07:37:47,"[148.0, 33]","[142.0, 22]","[432.37, 27]","[440.78, 41]",290.19,123,284.37,-0.11
07:37:48,"[148.0, 42]","[142.0, 28]","[288.3, 53]","[336.41, 46]",218.15,169,140.3,-0.17
07:37:49,"[148.0, 27]","[142.0, 18]","[290.26, 31]","[291.65, 40]",219.13,116,142.26,-0.22
07:37:50,"[148.0, 39]","[142.0, 26]","[276.8, 35]","[288.89, 47]",212.4,147,128.8,-0.12
07:37:51,"[148.0, 30]","[142.0, 24]","[274.71, 28]","[289.73, 44]",211.36,126,126.71,-0.14
07:37:52,"[148.78, 46]","[145.69, 26]","[281.77, 35]","[289.76, 50]",215.28,157,132.99,-0.08
07:37:53,"[148.0, 12]","[142.0, 12]","[288.0, 18]","[290.0, 24]",218.0,66,140.0,-0.27
07:37:54,"[147.45, 22]","[143.13, 30]","[274.59, 34]","[289.86, 43]",211.02,129,127.13,-0.19
07:37:55,"[144.73, 26]","[143.6, 42]","[265.12, 24]","[289.38, 29]",204.93,121,120.39,0.12
07:37:56,"[147.0, 14]","[144.0, 49]","[179.4, 25]","[235.14, 21]",163.2,109,32.4,0.16
07:37:57,"[146.64, 22]","[144.63, 52]","[225.43, 42]","[226.39, 41]",186.03,157,78.79,-0.06
07:37:58,"[144.0, 65]","[141.0, 39]","[222.36, 42]","[223.67, 49]",183.18,195,78.36,0.07
07:37:59,"[144.69, 98]","[143.07, 58]","[217.25, 44]","[218.6, 53]",180.97,253,72.56,0.23
07:38:00,"[145.0, 74]","[144.0, 65]","[213.28, 50]","[214.2, 49]",179.14,238,68.28,0.17
07:38:01,"[145.0, 55]","[144.0, 55]","[209.94, 35]","[211.45, 40]",177.47,185,64.94,0.19
07:38:02,"[145.0, 21]","[144.0, 45]","[206.14, 35]","[207.06, 34]",175.57,135,61.14,-0.02
07:38:03,"[146.55, 31]","[144.19, 31]","[203.0, 33]","[204.67, 36]",174.77,131,56.45,-0.05
07:38:04,"[144.69, 67]","[141.79, 53]","[186.42, 57]","[189.27, 55]",165.55,232,41.73,0.03
07:38:05,"[141.44, 54]","[140.7, 60]","[179.08, 48]","[180.42, 48]",160.26,210,37.64,0.09
07:38:06,"[141.0, 55]","[140.0, 33]","[175.68, 38]","[176.97, 37]",158.34,163,34.68,0.08
07:38:07,"[140.37, 43]","[135.95, 21]","[170.62, 52]","[171.96, 47]",155.49,163,30.24,-0.21
07:38:08,"[140.0, 30]","[135.0, 10]","[163.83, 36]","[164.86, 37]",151.92,113,23.83,-0.29
07:38:09,"[140.0, 36]","[126.25, 12]","[159.66, 41]","[160.52, 46]",149.83,135,19.66,-0.29
07:38:10,"[140.0, 42]","[104.82, 34]","[153.78, 51]","[156.07, 54]",146.89,181,13.78,-0.16
07:38:11,"[140.0, 33]","[111.16, 57]","[148.85, 41]","[152.73, 41]",144.43,172,8.85,0.05
07:38:12,"[140.4, 30]","[116.0, 42]","[145.68, 53]","[146.95, 57]",143.04,182,5.28,-0.21
07:38:13,"[140.0, 24]","[114.7, 60]","[143.15, 33]","[144.39, 36]",141.58,153,3.15,0.1
07:38:14,"[110.96, 47]","[69.32, 47]","[140.84, 25]","[141.89, 38]",125.9,157,29.88,0.2
07:38:15,"[79.11, 53]","[75.13, 75]","[137.35, 26]","[139.41, 17]",108.23,171,58.23,0.5
07:38:16,"[79.96, 53]","[75.13, 75]","[135.0, 32]","[135.59, 29]",107.48,189,55.04,0.35
07:38:17,"[79.06, 32]","[76.4, 43]","[138.11, 27]","[185.0, 9]",108.59,111,59.05,0.35
07:38:18,"[87.25, 36]","[84.56, 32]","[179.0, 21]","[287.0, 21]",133.12,110,91.75,0.24
07:38:19,"[142.28, 76]","[133.62, 71]","[191.48, 21]","[241.8, 20]",166.88,188,49.2,0.56
07:38:20,"[148.0, 50]","[145.0, 102]","[298.0, 7]","[316.0, 14]",223.0,173,150.0,0.76
07:38:21,"[148.0, 143]","[145.0, 234]","[277.8, 15]","[337.59, 22]",212.9,414,129.8,0.82
07:38:22,"[148.0, 71]","[145.0, 136]","[273.0, 9]","[352.87, 15]",210.5,231,125.0,0.79
07:38:23,"[148.07, 75]","[145.13, 167]","[169.84, 19]","[182.26, 35]",158.95,296,21.78,0.64
07:38:24,"[149.0, 40]","[148.0, 56]","[168.03, 36]","[169.42, 12]",158.51,144,19.03,0.33
07:38:25,"[149.0, 55]","[148.0, 69]","[167.16, 19]","[168.04, 47]",158.08,190,18.16,0.31
07:38:26,"[148.54, 39]","[146.99, 95]","[164.65, 37]","[167.18, 17]",156.59,188,16.11,0.43
07:38:27,"[148.0, 37]","[145.0, 128]","[163.97, 36]","[165.17, 12]",155.99,213,15.97,0.55
07:38:28,"[148.0, 28]","[145.0, 96]","[163.5, 10]","[187.57, 28]",155.75,162,15.5,0.53
07:38:29,"[148.0, 66]","[145.0, 176]","[159.97, 35]","[161.59, 39]",153.99,316,11.97,0.53
07:38:30,"[148.0, 42]","[145.0, 112]","[155.67, 15]","[156.29, 35]",151.83,204,7.67,0.51
07:38:31,"[148.0, 57]","[145.0, 160]","[153.91, 46]","[155.36, 14]",150.96,277,5.91,0.57
07:38:32,"[148.0, 45]","[145.0, 144]","[151.67, 45]","[155.0, 9]",149.83,243,3.67,0.56
07:38:33,"[148.0, 50]","[145.0, 160]","[152.14, 14]","[156.23, 22]",150.07,246,4.14,0.71
07:38:34,"[148.0, 47]","[145.0, 180]","[149.18, 55]","[151.45, 11]",148.59,293,1.18,0.55
07:38:35,"[145.28, 65]","[144.67, 72]","[169.04, 25]","[390.33, 9]",157.16,171,23.76,0.6
07:38:36,"[145.0, 48]","[144.0, 42]","[197.57, 21]","[386.33, 9]",171.29,120,52.57,0.5
07:38:37,"[148.33, 48]","[144.73, 44]","[197.0, 30]","[519.9, 30]",172.67,152,48.67,0.21
07:38:38,"[149.0, 50]","[145.0, 40]","[196.9, 30]","[370.0, 30]",172.95,150,47.9,0.2
07:38:39,"[149.0, 48]","[145.0, 40]","[194.9, 30]","[297.0, 30]",171.95,148,45.9,0.19
07:38:40,"[149.0, 32]","[146.74, 62]","[194.0, 24]","[307.0, 24]",171.5,142,45.0,0.32
07:38:41,"[147.36, 66]","[145.8, 45]","[193.33, 27]","[317.11, 27]",170.35,165,45.97,0.35
07:38:42,"[147.0, 81]","[144.0, 27]","[190.44, 27]","[398.0, 27]",168.72,162,43.44,0.33
07:38:43,"[147.0, 69]","[145.0, 11]","[188.27, 33]","[613.36, 33]",167.64,146,41.27,0.1
07:38:44,"[147.0, 36]","[145.0, 9]","[185.48, 25]","[186.87, 23]",166.24,93,38.48,-0.03
07:38:45,"[147.0, 60]","[145.0, 15]","[155.0, 27]","[172.98, 41]",151.0,143,8.0,0.05
07:38:46,"[146.27, 49]","[143.85, 26]","[148.87, 23]","[149.49, 53]",147.57,151,2.6,-0.01
07:38:47,"[145.0, 42]","[144.0, 18]","[146.81, 21]","[148.57, 23]",145.9,104,1.81,0.15
07:38:48,"[144.25, 24]","[141.31, 81]","[146.86, 21]","[406.3, 30]",145.55,156,2.61,0.35
07:38:49,"[144.0, 24]","[141.77, 78]","[146.58, 19]","[186.26, 19]",145.29,140,2.58,0.46
07:38:50,"[147.51, 41]","[142.33, 36]","[376.1, 30]","[433.52, 29]",261.81,136,228.59,0.13
07:38:51,"[148.0, 30]","[144.0, 5]","[322.54, 13]","[433.2, 15]",235.27,63,174.54,0.11
07:38:52,"[148.21, 53]","[147.62, 73]","[338.25, 36]","[388.57, 44]",243.23,206,190.04,0.22
07:38:53,"[148.1, 49]","[147.0, 40]","[329.06, 47]","[342.67, 45]",238.58,181,180.96,-0.02
07:38:54,"[148.0, 24]","[144.0, 8]","[240.7, 30]","[253.47, 34]",194.35,96,92.7,-0.33
07:38:55,"[148.0, 33]","[144.0, 11]","[215.4, 25]","[249.23, 35]",181.7,104,67.4,-0.15
07:38:56,"[148.0, 33]","[144.0, 11]","[228.0, 33]","[496.35, 17]",188.0,94,80.0,-0.06
07:38:57,"[147.43, 28]","[146.5, 24]","[198.18, 28]","[274.56, 16]",172.8,96,50.75,0.08
07:38:58,"[147.0, 40]","[142.2, 40]","[162.87, 31]","[163.94, 48]",154.94,159,15.87,0.01
07:38:59,"[147.93, 60]","[146.21, 38]","[161.22, 36]","[163.0, 27]",154.58,161,13.29,0.22
07:39:00,"[148.0, 49]","[147.0, 28]","[161.0, 28]","[163.0, 21]",154.5,126,13.0,0.22
07:39:01,"[145.9, 62]","[145.0, 43]","[160.9, 40]","[163.0, 30]",153.4,175,15.0,0.2
07:39:02,"[145.0, 79]","[144.0, 40]","[160.0, 40]","[163.0, 30]",152.5,189,15.0,0.26
07:39:03,"[147.7, 30]","[144.87, 31]","[158.79, 38]","[160.38, 32]",153.24,131,11.09,-0.07
07:39:04,"[148.0, 36]","[145.0, 36]","[157.94, 47]","[158.89, 37]",152.97,156,9.94,-0.08
07:39:05,"[148.95, 114]","[147.57, 42]","[152.59, 54]","[153.61, 49]",150.77,259,3.65,0.2
07:39:06,"[149.0, 35]","[148.0, 33]","[204.42, 33]","[294.31, 26]",176.71,127,55.42,0.07
07:39:07,"[149.0, 18]","[148.0, 27]","[163.44, 9]","[283.44, 9]",156.22,63,14.44,0.43
07:39:08,"[149.0, 16]","[148.0, 24]","[162.12, 8]","[276.12, 8]",155.56,56,13.12,0.43
07:39:09,"[149.0, 28]","[148.0, 42]","[160.43, 14]","[386.86, 14]",154.71,98,11.43,0.43
07:39:10,"[147.18, 22]","[144.83, 48]","[159.2, 10]","[407.2, 10]",153.19,90,12.02,0.56
07:39:11,"[144.09, 45]","[142.75, 63]","[157.42, 12]","[339.33, 12]",150.75,132,13.33,0.64
07:39:12,"[142.0, 62]","[141.0, 33]","[156.18, 11]","[317.18, 11]",149.09,117,14.18,0.62
07:39:13,"[142.56, 18]","[141.05, 41]","[152.92, 37]","[225.27, 15]",147.74,111,10.36,0.06
07:39:14,"[144.75, 32]","[142.7, 46]","[148.45, 40]","[149.52, 27]",146.6,145,3.7,0.08
07:39:15,"[142.68, 38]","[141.57, 35]","[145.0, 9]","[146.0, 27]",143.84,109,2.32,0.34
07:39:16,"[142.0, 37]","[141.0, 33]","[143.46, 13]","[206.58, 19]",142.73,102,1.46,0.37
07:39:17,"[144.86, 21]","[141.35, 37]","[266.77, 13]","[521.18, 17]",205.81,88,121.91,0.32
07:39:18,"[148.0, 14]","[142.0, 21]","[283.0, 7]","[484.31, 13]",215.5,55,135.0,0.27
07:39:19,"[146.67, 18]","[141.78, 27]","[217.0, 9]","[374.89, 9]",181.83,63,70.33,0.43
07:39:20,"[142.0, 14]","[141.0, 21]","[255.86, 7]","[376.0, 7]",198.93,49,113.86,0.43
07:39:21,"[142.0, 30]","[141.0, 24]","[354.81, 16]","[598.0, 12]",248.41,82,212.81,0.32
07:39:22,"[142.0, 85]","[141.0, 33]","[401.44, 27]","[498.67, 27]",271.72,172,259.44,0.37
07:39:23,"[143.56, 9]","[141.82, 17]","[192.0, 24]","[392.21, 34]",167.78,84,48.44,-0.38
07:39:24,"[141.0, 24]","[117.0, 54]","[192.0, 27]","[314.15, 27]",166.5,132,51.0,0.18
07:39:25,"[140.86, 21]","[108.2, 92]","[232.0, 33]","[280.64, 33]",186.43,179,91.14,0.26
07:39:26,"[143.06, 33]","[142.0, 15]","[280.0, 45]","[377.0, 15]",211.53,108,136.94,-0.11
07:39:27,"[142.0, 28]","[140.0, 4]","[280.0, 20]","[487.25, 4]",211.0,56,138.0,0.14
07:39:28,"[142.23, 26]","[121.18, 22]","[280.0, 40]","[595.4, 20]",211.12,108,137.77,-0.11
07:39:29,"[148.0, 8]","[142.0, 24]","[262.83, 24]","[341.5, 32]",205.42,88,114.83,-0.27
07:39:30,"[148.0, 5]","[142.0, 15]","[294.6, 25]","[426.86, 7]",221.3,52,146.6,-0.23
07:39:31,"[141.0, 48]","[140.0, 12]","[311.55, 22]","[358.55, 22]",226.27,104,170.55,0.15
07:39:32,"[141.0, 56]","[140.0, 14]","[293.62, 24]","[395.6, 25]",217.31,119,152.62,0.18
07:39:33,"[141.0, 80]","[140.0, 20]","[227.5, 16]","[343.78, 37]",184.25,153,86.5,0.31
07:39:34,"[143.31, 52]","[140.67, 24]","[216.05, 20]","[320.9, 20]",179.68,116,72.74,0.31
07:39:35,"[144.83, 71]","[140.9, 62]","[153.56, 16]","[184.42, 36]",149.2,185,8.73,0.44
07:39:36,"[143.73, 11]","[141.0, 88]","[153.0, 11]","[328.0, 35]",148.36,145,9.27,0.37
07:39:37,"[144.75, 8]","[141.21, 43]","[153.0, 8]","[301.75, 40]",148.88,99,8.25,0.03
07:39:38,"[145.17, 36]","[140.93, 61]","[152.8, 10]","[453.0, 40]",148.98,147,7.63,0.32
07:39:39,"[148.0, 30]","[143.25, 16]","[151.67, 12]","[521.41, 29]",149.83,87,3.67,0.06
07:39:40,"[147.77, 39]","[143.77, 22]","[149.67, 54]","[211.39, 36]",148.72,151,1.9,-0.19
07:39:41,"[145.0, 12]","[142.0, 36]","[149.92, 24]","[180.36, 25]",147.46,97,4.92,-0.01
07:39:42,"[143.29, 21]","[141.49, 55]","[147.23, 26]","[148.62, 26]",145.26,128,3.95,0.19
07:39:43,"[142.19, 32]","[141.03, 72]","[144.58, 24]","[168.2, 20]",143.39,148,2.4,0.41
07:39:44,"[141.93, 45]","[140.74, 19]","[144.0, 22]","[360.25, 12]",142.97,98,2.07,0.31
07:39:45,"[138.69, 36]","[118.72, 40]","[158.0, 16]","[425.33, 18]",148.35,110,19.31,0.38
07:39:46,"[97.89, 9]","[70.74, 19]","[162.78, 9]","[283.81, 21]",130.33,58,64.89,-0.03
07:39:47,"[123.0, 23]","[77.09, 11]","[162.0, 9]","[317.26, 38]",142.5,81,39.0,-0.16
07:39:48,"[127.83, 18]","[87.88, 16]","[161.93, 14]","[304.58, 31]",144.88,79,34.1,-0.14
07:39:49,"[107.67, 9]","[71.92, 13]","[160.33, 9]","[278.61, 33]",134.0,64,52.67,-0.31
07:39:50,"[98.87, 23]","[81.14, 29]","[159.08, 13]","[234.75, 16]",128.97,81,60.21,0.28
07:39:51,"[88.78, 9]","[7.78, 9]","[157.56, 9]","[349.33, 12]",123.17,39,68.78,-0.08
07:39:52,"[25.74, 89]","[7.0, 10]","[144.4, 20]","[284.72, 18]",85.07,137,118.66,0.45
07:39:53,"[23.34, 85]","[17.89, 19]","[153.5, 8]","[184.29, 14]",88.42,126,130.16,0.65
07:39:54,"[81.7, 69]","[22.0, 48]","[154.43, 7]","[161.0, 28]",118.06,152,72.73,0.54
07:39:55,"[147.0, 56]","[140.0, 40]","[153.38, 8]","[185.75, 32]",150.19,136,6.38,0.41
07:39:56,"[147.09, 69]","[143.52, 46]","[149.65, 26]","[150.94, 32]",148.37,173,2.57,0.33
07:39:57,"[145.3, 23]","[119.43, 21]","[148.17, 6]","[254.62, 16]",146.74,66,2.86,0.33
07:39:58,"[140.25, 20]","[117.38, 61]","[146.18, 11]","[201.2, 15]",143.22,107,5.93,0.51
07:39:59,"[140.47, 17]","[119.3, 46]","[148.0, 9]","[223.0, 22]",144.24,94,7.53,0.34
07:40:00,"[145.67, 54]","[125.51, 37]","[147.5, 12]","[300.0, 34]",146.58,137,1.83,0.33
07:40:01,"[146.0, 23]","[141.0, 10]","[310.71, 24]","[394.31, 45]",228.35,102,164.71,-0.35
07:40:02,"[146.0, 12]","[143.73, 11]","[309.0, 12]","[415.09, 22]",227.5,57,163.0,-0.19
07:40:03,"[146.0, 20]","[144.0, 20]","[271.22, 27]","[405.64, 25]",208.61,92,125.22,-0.13
07:40:04,"[146.0, 14]","[144.0, 14]","[306.86, 21]","[309.0, 14]",226.43,63,160.86,-0.11
07:40:05,"[145.82, 22]","[142.88, 32]","[191.17, 42]","[229.31, 45]",168.49,141,45.35,-0.23
07:40:06,"[145.33, 9]","[141.23, 39]","[166.33, 27]","[169.0, 45]",155.83,120,21.0,-0.2
07:40:07,"[148.0, 15]","[145.29, 31]","[163.0, 31]","[164.12, 40]",155.5,117,15.0,-0.21
07:40:08,"[148.0, 9]","[146.0, 45]","[157.19, 21]","[157.89, 18]",152.6,93,9.19,0.16
07:40:09,"[148.0, 8]","[145.9, 20]","[154.5, 20]","[156.5, 12]",151.25,60,6.5,-0.07
07:40:10,"[148.0, 74]","[146.0, 14]","[151.75, 24]","[153.0, 26]",149.88,138,3.75,0.28
07:40:11,"[148.0, 28]","[146.0, 9]","[150.56, 18]","[152.0, 9]",149.28,64,2.56,0.16
07:40:12,"[144.0, 30]","[142.0, 80]","[150.53, 15]","[152.75, 20]",147.27,145,6.53,0.52
07:40:13,"[144.0, 36]","[142.0, 132]","[148.1, 30]","[150.0, 21]",146.05,219,4.1,0.53
07:40:14,"[143.08, 24]","[141.89, 87]","[145.0, 8]","[189.36, 25]",144.04,144,1.92,0.54
07:40:15,"[142.0, 73]","[141.0, 70]","[144.43, 7]","[417.0, 28]",143.21,178,2.43,0.61
07:40:16,"[142.0, 48]","[141.0, 80]","[223.1, 10]","[412.56, 27]",182.55,165,81.1,0.55
07:40:17,"[142.41, 22]","[141.11, 56]","[409.0, 21]","[417.0, 28]",275.7,127,266.59,0.23
07:40:18,"[144.5, 24]","[142.0, 24]","[408.62, 24]","[538.0, 32]",276.56,104,264.12,-0.08
07:40:19,"[145.0, 21]","[142.0, 21]","[349.72, 29]","[416.18, 22]",247.36,93,204.72,-0.1
07:40:20,"[145.0, 27]","[142.0, 27]","[241.05, 43]","[285.78, 37]",193.02,134,96.05,-0.19
07:40:21,"[147.79, 84]","[144.6, 45]","[203.09, 65]","[276.03, 65]",175.44,259,55.31,-0.0
07:40:22,"[147.47, 17]","[144.1, 30]","[167.69, 32]","[234.7, 40]",157.58,119,20.22,-0.21
07:40:23,"[143.64, 22]","[141.42, 86]","[167.0, 51]","[404.38, 64]",155.32,223,23.36,-0.03
07:40:24,"[141.02, 90]","[140.12, 82]","[166.92, 39]","[264.0, 52]",153.97,263,25.9,0.31
07:40:25,"[141.0, 36]","[140.0, 54]","[166.0, 27]","[223.0, 36]",153.5,153,25.0,0.18
07:40:26,"[141.85, 41]","[140.57, 70]","[165.4, 30]","[248.0, 40]",153.63,181,23.55,0.23
07:40:27,"[142.4, 50]","[140.73, 110]","[165.0, 45]","[468.33, 60]",153.7,265,22.6,0.21
07:40:28,"[141.4, 60]","[140.52, 62]","[163.92, 39]","[164.87, 31]",152.66,192,22.52,0.27
07:40:29,"[143.0, 34]","[141.14, 104]","[163.0, 39]","[164.0, 52]",153.0,229,20.0,0.21
07:40:30,"[143.0, 10]","[142.0, 25]","[162.0, 20]","[163.0, 15]",152.5,70,19.0,0.0
07:40:31,"[143.0, 24]","[142.0, 60]","[160.23, 39]","[162.14, 44]",151.62,167,17.23,0.01
07:40:32,"[143.12, 41]","[141.58, 77]","[160.13, 46]","[161.53, 45]",151.63,209,17.01,0.13
07:40:33,"[148.0, 50]","[142.0, 50]","[157.26, 38]","[158.81, 32]",152.63,170,9.26,0.18
07:40:34,"[148.0, 65]","[142.0, 65]","[153.82, 39]","[155.18, 40]",150.91,209,5.82,0.24
07:40:35,"[143.5, 48]","[141.48, 93]","[149.67, 33]","[149.79, 38]",146.58,212,6.17,0.33
07:40:36,"[145.0, 20]","[142.0, 40]","[146.12, 26]","[148.12, 16]",145.56,102,1.12,0.18
07:40:37,"[142.7, 47]","[141.38, 78]","[145.85, 39]","[223.13, 30]",144.27,194,3.14,0.29
07:40:38,"[142.14, 42]","[141.2, 60]","[145.0, 24]","[267.88, 24]",143.57,150,2.86,0.36
07:40:39,"[143.0, 25]","[142.0, 84]","[144.43, 35]","[187.77, 44]",143.71,188,1.43,0.16
07:40:40,"[142.29, 17]","[141.79, 38]","[145.0, 21]","[323.0, 21]",143.65,97,2.71,0.13
07:40:41,"[142.0, 60]","[141.0, 40]","[145.0, 30]","[287.5, 30]",143.5,160,3.0,0.25
07:40:42,"[142.0, 54]","[141.0, 41]","[213.15, 26]","[257.2, 30]",177.58,151,71.15,0.26
07:40:43,"[148.0, 35]","[146.52, 186]","[209.79, 56]","[212.04, 46]",178.89,323,61.79,0.37
07:40:44,"[147.13, 46]","[146.09, 88]","[183.75, 32]","[207.57, 28]",165.44,194,36.62,0.38
07:40:45,"[147.0, 120]","[142.0, 48]","[175.25, 48]","[188.76, 34]",161.12,250,28.25,0.34
07:40:46,"[147.0, 120]","[142.0, 57]","[173.89, 36]","[185.0, 36]",160.44,249,26.89,0.42
07:40:47,"[147.0, 120]","[142.0, 60]","[162.42, 24]","[172.5, 32]",154.71,236,15.42,0.53
07:40:48,"[144.67, 75]","[141.42, 48]","[154.97, 37]","[159.33, 39]",149.82,199,10.31,0.24
07:40:49,"[148.0, 45]","[142.0, 60]","[152.86, 42]","[153.79, 57]",150.43,204,4.86,0.03
07:40:50,"[148.0, 20]","[145.65, 74]","[151.2, 40]","[154.0, 50]",149.6,184,3.2,0.02
07:40:51,"[147.37, 49]","[146.01, 101]","[149.72, 53]","[168.63, 57]",148.54,260,2.35,0.15
07:40:52,"[147.0, 16]","[142.22, 27]","[148.0, 12]","[359.0, 20]",147.5,75,1.0,0.15
07:40:53,"[145.67, 18]","[142.5, 36]","[148.0, 18]","[329.5, 20]",146.83,92,2.33,0.17
07:40:54,"[142.73, 45]","[141.21, 70]","[148.0, 30]","[364.5, 40]",145.37,185,5.27,0.24
07:40:55,"[141.68, 19]","[140.14, 29]","[147.11, 18]","[421.0, 36]",144.4,102,5.43,-0.06
07:40:56,"[141.0, 12]","[140.0, 30]","[146.0, 12]","[410.5, 16]",143.5,70,5.0,0.2
07:40:57,"[140.74, 19]","[139.34, 35]","[146.0, 18]","[400.0, 18]",143.37,90,5.26,0.2
07:40:58,"[140.0, 27]","[127.0, 9]","[146.0, 18]","[524.27, 30]",143.0,84,6.0,-0.14
07:40:59,"[140.0, 33]","[123.14, 14]","[145.18, 22]","[290.89, 36]",142.59,105,5.18,-0.1
07:41:00,"[140.75, 16]","[136.33, 24]","[144.0, 20]","[403.0, 20]",142.38,80,3.25,0.0
07:41:01,"[143.0, 8]","[141.0, 8]","[144.0, 12]","[375.8, 20]",143.5,48,1.0,-0.33
07:41:02,"[142.43, 14]","[128.67, 18]","[180.11, 18]","[259.0, 30]",161.27,80,37.68,-0.2
07:41:03,"[140.0, 4]","[67.83, 6]","[145.0, 8]","[421.5, 16]",142.5,34,5.0,-0.41
07:41:04,"[140.0, 4]","[86.0, 4]","[143.0, 4]","[145.0, 8]",141.5,20,3.0,-0.2
07:41:05,"[140.0, 6]","[60.57, 7]","[141.33, 6]","[322.27, 22]",140.67,41,1.33,-0.37
07:41:06,"[135.77, 13]","[90.3, 10]","[242.12, 24]","[355.93, 30]",188.95,77,106.36,-0.4
07:41:07,"[133.8, 10]","[117.0, 10]","[136.0, 25]","[317.56, 18]",134.9,63,2.2,-0.37
07:41:08,"[133.86, 14]","[130.0, 13]","[136.0, 27]","[138.0, 14]",134.93,68,2.14,-0.21
07:41:09,"[90.7, 10]","[32.2, 15]","[135.62, 16]","[136.8, 20]",113.16,61,44.92,-0.18
07:41:10,"[89.53, 15]","[31.89, 18]","[138.0, 32]","[431.75, 32]",113.77,97,48.47,-0.32
07:41:11,"[96.67, 15]","[82.57, 21]","[137.41, 29]","[161.18, 44]",117.04,109,40.75,-0.34
07:41:12,"[131.62, 21]","[87.62, 13]","[136.0, 37]","[137.6, 35]",133.81,106,4.38,-0.36
07:41:13,"[85.0, 8]","[50.0, 8]","[135.5, 16]","[138.08, 26]",110.25,58,50.5,-0.45
07:41:14,"[102.64, 11]","[81.45, 11]","[155.33, 12]","[182.37, 30]",128.98,64,52.7,-0.31
07:41:15,"[111.0, 7]","[102.14, 7]","[137.0, 7]","[145.5, 32]",124.0,53,26.0,-0.47
07:41:16,"[112.69, 13]","[93.85, 13]","[137.0, 13]","[139.0, 65]",124.85,104,24.31,-0.5
07:41:17,"[115.67, 6]","[114.67, 6]","[131.45, 22]","[137.2, 10]",123.56,44,15.79,-0.45
07:41:18,"[118.42, 12]","[117.17, 12]","[138.2, 30]","[183.67, 36]",128.31,90,19.78,-0.47
07:41:19,"[120.17, 6]","[119.17, 6]","[139.0, 19]","[191.37, 27]",129.58,58,18.83,-0.59
07:41:20,"[123.11, 9]","[121.0, 9]","[139.0, 17]","[190.74, 39]",131.06,74,15.89,-0.51
07:41:21,"[124.0, 5]","[121.0, 5]","[139.0, 5]","[198.08, 13]",131.5,28,15.0,-0.29
07:41:22,"[125.12, 8]","[121.0, 8]","[139.0, 8]","[236.0, 8]",132.06,32,13.88,0.0
07:41:23,"[127.73, 11]","[125.8, 10]","[198.0, 10]","[589.17, 30]",162.86,61,70.27,-0.31
07:41:24,"[129.33, 12]","[127.2, 10]","[257.0, 10]","[458.24, 34]",193.17,66,127.67,-0.33
07:41:25,"[129.0, 13]","[127.0, 13]","[253.36, 53]","[255.2, 25]",191.18,104,124.36,-0.5
07:41:26,"[136.29, 14]","[132.69, 13]","[245.89, 18]","[253.19, 42]",191.09,87,109.6,-0.38
07:41:27,"[146.87, 23]","[139.32, 22]","[201.72, 71]","[232.87, 23]",174.29,139,54.85,-0.35
07:41:28,"[149.0, 25]","[144.0, 10]","[200.0, 25]","[223.4, 5]",174.5,65,51.0,0.08
07:41:29,"[149.0, 20]","[144.0, 14]","[198.1, 20]","[199.17, 29]",173.55,83,49.1,-0.18
07:41:30,"[149.0, 20]","[144.0, 20]","[193.73, 33]","[195.78, 27]",171.36,100,44.73,-0.2
07:41:31,"[149.0, 20]","[144.0, 20]","[190.11, 28]","[190.62, 26]",169.55,94,41.11,-0.15
07:41:32,"[149.0, 20]","[144.0, 20]","[188.0, 10]","[189.0, 20]",168.5,70,39.0,0.14
07:41:33,"[149.0, 26]","[144.0, 26]","[186.21, 53]","[188.38, 16]",167.6,121,37.21,-0.14
07:41:34,"[149.0, 16]","[144.0, 16]","[185.1, 20]","[186.0, 16]",167.05,68,36.1,-0.06
07:41:35,"[144.83, 29]","[128.82, 17]","[183.41, 37]","[184.3, 20]",164.12,103,38.58,-0.11
07:41:36,"[146.0, 42]","[140.91, 33]","[179.83, 23]","[181.28, 25]",162.91,123,33.83,0.22
07:41:37,"[146.0, 60]","[141.0, 72]","[179.0, 48]","[180.0, 12]",162.5,192,33.0,0.38
07:41:38,"[146.0, 75]","[141.26, 86]","[165.52, 48]","[171.44, 34]",155.76,243,19.52,0.33
07:41:39,"[146.0, 50]","[144.0, 60]","[150.11, 18]","[151.33, 12]",148.06,140,4.11,0.57
07:41:40,"[146.0, 55]","[144.0, 66]","[149.38, 21]","[150.33, 12]",147.69,154,3.38,0.57
07:41:41,"[144.23, 88]","[141.4, 90]","[154.53, 47]","[185.27, 55]",149.38,280,10.3,0.27
07:41:42,"[145.12, 48]","[142.84, 93]","[163.86, 70]","[203.69, 65]",154.49,276,18.73,0.02
07:41:43,"[147.0, 24]","[144.0, 81]","[158.38, 52]","[163.86, 56]",152.69,213,11.38,-0.01
07:41:44,"[145.88, 32]","[143.45, 76]","[158.0, 48]","[275.53, 57]",151.94,213,12.12,0.01
07:41:45,"[144.0, 90]","[141.0, 105]","[156.74, 54]","[305.69, 51]",150.37,300,12.74,0.3
07:41:46,"[144.0, 72]","[141.0, 45]","[155.02, 45]","[211.62, 16]",149.51,178,11.02,0.31
07:41:47,"[144.0, 54]","[141.0, 36]","[155.0, 36]","[156.0, 9]",149.5,135,11.0,0.33
07:41:48,"[144.0, 63]","[141.48, 42]","[154.27, 22]","[155.07, 43]",149.14,170,10.27,0.24
07:41:49,"[144.68, 22]","[141.66, 53]","[149.02, 51]","[151.28, 39]",146.85,165,4.34,-0.09
07:41:50,"[141.47, 19]","[140.25, 48]","[147.0, 36]","[150.0, 9]",144.24,112,5.53,0.2
07:41:51,"[141.0, 22]","[140.0, 66]","[146.55, 44]","[150.0, 11]",143.77,143,5.55,0.23
07:41:52,"[141.0, 10]","[140.0, 60]","[142.65, 34]","[144.38, 16]",141.82,120,1.65,0.17
07:41:53,"[140.0, 42]","[139.0, 84]","[142.0, 28]","[169.86, 35]",141.0,189,2.0,0.33
07:41:54,"[140.0, 57]","[139.0, 144]","[141.87, 46]","[250.45, 58]",140.93,305,1.87,0.32
07:41:55,"[140.06, 35]","[139.04, 138]","[309.67, 60]","[422.32, 41]",224.86,274,169.61,0.26
07:41:56,"[147.0, 24]","[141.33, 45]","[356.07, 30]","[394.2, 41]",251.53,140,209.07,-0.01
07:41:57,"[148.0, 12]","[143.0, 48]","[283.29, 38]","[283.33, 46]",215.64,144,135.29,-0.17
07:41:58,"[148.0, 11]","[143.0, 44]","[278.91, 33]","[281.0, 55]",213.45,143,130.91,-0.23
07:41:59,"[148.0, 9]","[143.33, 27]","[235.81, 31]","[319.63, 38]",191.9,105,87.81,-0.31
07:42:00,"[148.0, 10]","[146.0, 10]","[240.33, 18]","[373.25, 32]",194.17,70,92.33,-0.43
07:42:01,"[147.43, 7]","[146.29, 7]","[274.55, 22]","[420.67, 18]",210.99,54,127.12,-0.48
07:42:02,"[146.0, 12]","[145.09, 11]","[266.4, 40]","[269.23, 31]",206.2,94,120.4,-0.51
07:42:03,"[143.0, 27]","[141.0, 18]","[263.56, 27]","[264.78, 27]",203.28,99,120.56,-0.09
07:42:04,"[143.47, 34]","[141.46, 26]","[260.75, 36]","[262.42, 36]",202.11,132,117.28,-0.09
07:42:05,"[147.0, 16]","[143.0, 24]","[255.52, 23]","[258.38, 24]",201.26,87,108.52,-0.08
07:42:06,"[143.94, 17]","[141.6, 20]","[256.6, 25]","[257.62, 26]",200.27,88,112.66,-0.16
07:42:07,"[143.56, 27]","[141.18, 22]","[253.46, 39]","[256.0, 26]",198.51,114,109.91,-0.14
07:42:08,"[140.0, 18]","[139.0, 60]","[252.5, 18]","[256.0, 12]",196.25,108,112.5,0.44
07:42:09,"[140.0, 27]","[139.0, 90]","[251.44, 27]","[253.39, 23]",195.72,167,111.44,0.4
07:42:10,"[140.0, 33]","[139.0, 110]","[243.07, 27]","[246.41, 29]",191.54,199,103.07,0.44
07:42:11,"[141.54, 26]","[139.05, 95]","[225.9, 40]","[232.43, 42]",183.72,203,84.36,0.19
07:42:12,"[148.0, 14]","[139.57, 23]","[200.93, 29]","[231.54, 37]",174.47,103,52.93,-0.28
07:42:13,"[148.0, 14]","[139.57, 23]","[215.12, 25]","[232.12, 34]",181.56,96,67.12,-0.23
07:42:14,"[139.27, 134]","[118.0, 35]","[151.79, 39]","[191.41, 37]",145.53,245,12.53,0.38
07:42:15,"[139.39, 118]","[135.32, 79]","[148.97, 36]","[149.69, 39]",144.18,272,9.58,0.45
07:42:16,"[141.74, 38]","[140.16, 88]","[145.1, 31]","[146.22, 36]",143.42,193,3.36,0.31
07:42:17,"[139.37, 49]","[137.0, 48]","[142.25, 16]","[407.0, 24]",140.81,137,2.88,0.42
07:42:18,"[139.0, 98]","[127.97, 34]","[150.32, 31]","[294.38, 47]",144.66,210,11.32,0.26
07:42:19,"[139.0, 47]","[133.45, 22]","[165.0, 8]","[216.22, 27]",152.0,104,26.0,0.33
07:42:20,"[147.0, 11]","[139.0, 95]","[163.27, 11]","[286.64, 39]",155.14,156,16.27,0.36
07:42:21,"[139.05, 73]","[111.24, 25]","[161.67, 9]","[317.75, 28]",150.36,135,22.61,0.45
07:42:22,"[144.33, 27]","[139.73, 33]","[160.33, 9]","[361.57, 23]",152.33,92,16.0,0.3
07:42:23,"[141.0, 24]","[139.0, 72]","[159.0, 8]","[402.4, 10]",150.0,114,18.0,0.68
07:42:24,"[141.0, 22]","[139.0, 81]","[365.76, 29]","[501.63, 19]",253.38,151,224.76,0.36
07:42:25,"[144.5, 10]","[139.56, 25]","[282.72, 32]","[477.03, 31]",213.61,98,138.22,-0.29
07:42:26,"[144.64, 11]","[139.46, 35]","[198.18, 55]","[200.0, 33]",171.41,134,53.55,-0.31
07:42:27,"[139.36, 33]","[133.55, 62]","[197.56, 45]","[200.0, 27]",168.46,167,58.19,0.14
07:42:28,"[139.79, 111]","[128.91, 70]","[193.96, 55]","[203.39, 41]",166.88,277,54.17,0.31
07:42:29,"[141.0, 39]","[139.0, 63]","[183.06, 33]","[194.2, 25]",162.03,160,42.06,0.28
07:42:30,"[141.0, 48]","[139.0, 144]","[181.47, 60]","[193.33, 72]",161.23,324,40.47,0.19
07:42:31,"[139.89, 88]","[126.15, 73]","[190.43, 42]","[193.0, 70]",165.16,273,50.54,0.18
07:42:32,"[146.13, 23]","[142.4, 53]","[188.7, 30]","[193.0, 50]",167.42,156,42.57,-0.03
07:42:33,"[147.0, 22]","[143.0, 55]","[186.98, 49]","[189.92, 39]",166.99,165,39.98,-0.07
07:42:34,"[147.0, 28]","[143.0, 70]","[165.5, 48]","[173.05, 44]",156.25,190,18.5,0.03
07:42:35,"[147.0, 16]","[143.46, 56]","[150.38, 24]","[186.0, 40]",148.69,136,3.38,0.06
07:42:36,"[144.23, 155]","[143.5, 155]","[147.69, 48]","[163.32, 69]",145.96,427,3.46,0.45
07:42:37,"[144.0, 102]","[143.0, 56]","[145.0, 8]","[146.0, 40]",144.5,206,1.0,0.53
07:42:38,"[144.0, 78]","[143.0, 91]","[217.62, 13]","[390.67, 24]",180.81,206,73.62,0.64
07:42:39,"[144.0, 50]","[143.0, 70]","[278.28, 25]","[434.36, 25]",211.14,170,134.28,0.41
07:42:40,"[144.0, 50]","[143.0, 70]","[215.33, 27]","[341.38, 21]",179.67,168,71.33,0.43
07:42:41,"[144.0, 50]","[143.0, 70]","[191.12, 16]","[460.46, 28]",167.56,164,47.12,0.46
07:42:42,"[146.23, 78]","[143.64, 78]","[452.33, 18]","[590.0, 2]",299.28,176,306.1,0.77
07:42:43,"[147.0, 60]","[145.0, 90]","[387.62, 26]","[394.0, 24]",267.31,200,240.62,0.5
07:42:44,"[147.0, 35]","[146.0, 105]","[290.6, 15]","[345.37, 19]",218.8,174,143.6,0.61
07:42:45,"[147.0, 47]","[146.0, 150]","[211.36, 14]","[409.13, 31]",179.18,242,64.36,0.63
07:42:46,"[147.0, 19]","[146.0, 150]","[189.27, 22]","[242.82, 28]",168.14,219,42.27,0.54
07:42:47,"[146.07, 81]","[145.33, 135]","[203.64, 22]","[388.0, 22]",174.86,260,57.56,0.66
07:42:48,"[146.0, 114]","[145.0, 10]","[201.2, 20]","[294.6, 20]",173.6,164,55.2,0.51
07:42:49,"[146.0, 88]","[145.0, 8]","[188.22, 18]","[200.25, 16]",167.11,130,42.22,0.48
07:42:50,"[146.0, 97]","[144.18, 33]","[196.89, 18]","[201.0, 18]",171.44,166,50.89,0.57
07:42:51,"[146.0, 80]","[144.0, 72]","[194.88, 16]","[201.0, 16]",170.44,184,48.88,0.65
07:42:52,"[146.0, 100]","[144.0, 90]","[192.4, 20]","[194.0, 20]",169.2,230,46.4,0.65
07:42:53,"[146.0, 100]","[144.0, 90]","[189.2, 20]","[190.3, 20]",167.6,230,43.2,0.65
07:42:54,"[146.0, 88]","[144.0, 90]","[187.4, 20]","[189.0, 20]",166.7,218,41.4,0.63
07:42:55,"[146.0, 96]","[144.0, 108]","[183.83, 24]","[185.75, 24]",164.92,252,37.83,0.62
07:42:56,"[146.0, 72]","[144.0, 81]","[182.0, 18]","[185.0, 18]",164.0,189,36.0,0.62
07:42:57,"[146.0, 96]","[144.0, 108]","[180.75, 24]","[182.83, 24]",163.38,252,34.75,0.62
07:42:58,"[148.0, 87]","[146.0, 96]","[179.0, 24]","[180.0, 24]",163.5,231,31.0,0.58
07:42:59,"[148.0, 30]","[146.0, 80]","[177.7, 20]","[179.0, 20]",162.85,150,29.7,0.47
07:43:00,"[148.0, 26]","[147.0, 26]","[174.78, 27]","[176.8, 30]",161.39,109,26.78,-0.05
07:43:01,"[148.0, 20]","[147.0, 44]","[172.42, 36]","[173.15, 41]",160.21,141,24.42,-0.09
07:43:02,"[148.0, 24]","[147.0, 60]","[171.13, 47]","[172.25, 40]",159.56,171,23.13,-0.02
07:43:03,"[146.64, 66]","[145.2, 98]","[169.3, 67]","[170.31, 52]",157.97,283,22.66,0.16
07:43:04,"[147.0, 24]","[146.0, 56]","[165.1, 20]","[166.62, 24]",156.05,124,18.1,0.29
07:43:05,"[147.0, 27]","[146.0, 63]","[162.74, 27]","[163.33, 36]",154.87,153,15.74,0.18
07:43:06,"[147.0, 42]","[146.0, 98]","[158.36, 45]","[160.32, 59]",152.68,244,11.36,0.15
07:43:07,"[146.0, 35]","[144.0, 45]","[155.86, 14]","[156.87, 23]",150.93,117,9.86,0.37
07:43:08,"[145.22, 92]","[143.75, 96]","[154.28, 25]","[155.89, 35]",149.75,248,9.06,0.52
07:43:09,"[144.12, 96]","[143.13, 69]","[151.09, 35]","[151.66, 41]",147.61,241,6.96,0.37
07:43:10,"[145.07, 101]","[143.92, 98]","[147.04, 71]","[234.53, 74]",146.06,344,1.97,0.16
07:43:11,"[143.75, 24]","[141.8, 40]","[144.95, 38]","[246.93, 60]",144.35,162,1.2,-0.21
07:43:12,"[143.0, 16]","[141.0, 64]","[144.0, 16]","[281.71, 28]",143.5,124,1.0,0.29
07:43:13,"[141.31, 51]","[140.78, 41]","[143.42, 24]","[249.53, 49]",142.37,165,2.1,0.12
07:43:14,"[142.2, 60]","[140.73, 22]","[240.5, 32]","[387.89, 47]",191.35,161,98.3,0.02
07:43:15,"[141.0, 20]","[140.0, 5]","[273.0, 20]","[459.8, 25]",207.0,70,132.0,-0.29
07:43:16,"[141.0, 32]","[139.47, 49]","[222.18, 44]","[357.33, 45]",181.59,170,81.18,-0.05
07:43:17,"[140.0, 10]","[139.0, 170]","[305.0, 33]","[465.2, 30]",222.5,243,165.0,0.48
07:43:18,"[139.08, 61]","[111.7, 121]","[290.33, 27]","[498.2, 30]",214.71,239,151.25,0.52
07:43:19,"[139.0, 131]","[92.85, 107]","[264.53, 45]","[428.0, 45]",201.77,328,125.53,0.45
07:43:20,"[142.85, 13]","[80.41, 17]","[235.35, 31]","[255.0, 30]",189.1,91,92.51,-0.34
07:43:21,"[140.55, 11]","[97.5, 16]","[155.0, 50]","[156.0, 20]",147.77,97,14.45,-0.44
07:43:22,"[141.21, 14]","[139.9, 70]","[155.0, 70]","[156.0, 28]",148.11,182,13.79,-0.08
07:43:23,"[143.0, 10]","[139.0, 26]","[155.0, 50]","[200.8, 20]",149.0,106,12.0,-0.32
07:43:24,"[144.33, 24]","[139.36, 44]","[152.75, 60]","[380.88, 49]",148.54,177,8.42,-0.23
07:43:25,"[143.53, 15]","[139.07, 56]","[150.17, 60]","[282.3, 50]",146.85,181,6.63,-0.22
07:43:26,"[140.04, 27]","[135.86, 51]","[148.27, 55]","[206.0, 33]",144.15,166,8.24,-0.06
07:43:27,"[139.68, 53]","[133.72, 53]","[149.95, 38]","[185.6, 20]",144.81,164,10.27,0.29
07:43:28,"[141.0, 20]","[139.0, 44]","[152.3, 20]","[165.3, 10]",146.65,94,11.3,0.36
07:43:29,"[141.59, 22]","[139.59, 54]","[150.75, 48]","[151.43, 42]",146.17,166,9.16,-0.08
07:43:30,"[142.25, 8]","[139.2, 20]","[149.62, 16]","[151.0, 32]",145.94,76,7.38,-0.26
07:43:31,"[146.0, 14]","[141.0, 19]","[148.71, 28]","[151.0, 56]",147.36,117,2.71,-0.44
07:43:32,"[143.07, 14]","[140.6, 30]","[146.82, 22]","[276.69, 29]",144.94,95,3.75,-0.07
07:43:33,"[139.7, 43]","[96.88, 32]","[144.84, 19]","[146.17, 24]",142.27,118,5.14,0.27
07:43:34,"[139.0, 50]","[76.0, 40]","[141.35, 26]","[142.5, 16]",140.17,132,2.35,0.36
07:43:35,"[125.68, 53]","[65.45, 44]","[153.41, 51]","[264.74, 31]",139.55,179,27.73,0.08
07:43:36,"[85.62, 24]","[68.65, 37]","[139.58, 45]","[320.04, 24]",112.6,130,53.95,-0.06
07:43:37,"[146.12, 138]","[91.6, 30]","[360.4, 25]","[493.8, 25]",253.26,218,214.28,0.54
07:43:38,"[147.0, 80]","[123.0, 20]","[258.74, 19]","[354.67, 27]",202.87,146,111.74,0.37
07:43:39,"[147.0, 64]","[120.0, 16]","[159.47, 17]","[196.68, 25]",153.24,122,12.47,0.31
07:43:40,"[147.05, 74]","[126.88, 34]","[249.23, 39]","[398.65, 34]",198.14,181,102.18,0.19
07:43:41,"[148.0, 24]","[147.0, 72]","[375.77, 22]","[517.29, 35]",261.89,153,227.77,0.25
07:43:42,"[148.0, 22]","[147.0, 66]","[172.68, 38]","[254.44, 18]",160.34,144,24.68,0.22
07:43:43,"[148.0, 20]","[147.0, 60]","[161.22, 40]","[183.23, 31]",154.61,151,13.22,0.06
07:43:44,"[148.0, 16]","[147.0, 48]","[153.0, 40]","[190.25, 24]",150.5,128,5.0,0.0
07:43:45,"[148.0, 18]","[147.0, 54]","[152.56, 45]","[288.43, 28]",150.28,145,4.56,-0.01
07:43:46,"[147.54, 26]","[146.65, 46]","[150.36, 55]","[382.24, 17]",148.95,144,2.83,0.0
07:43:47,"[143.0, 36]","[140.55, 22]","[150.0, 50]","[351.29, 31]",146.5,139,7.0,-0.17
07:43:48,"[142.9, 41]","[140.43, 37]","[148.98, 41]","[251.07, 41]",145.94,160,6.07,-0.03
07:43:49,"[141.0, 21]","[140.0, 18]","[148.0, 18]","[279.96, 23]",144.5,80,7.0,-0.03
07:43:50,"[141.0, 36]","[140.0, 36]","[146.9, 29]","[179.6, 35]",143.95,136,5.9,0.06
07:43:51,"[143.0, 142]","[141.0, 30]","[147.14, 21]","[170.5, 30]",145.07,223,4.14,0.54
07:43:52,"[146.0, 36]","[143.0, 168]","[418.25, 36]","[525.75, 36]",282.12,276,272.25,0.48
07:43:53,"[146.0, 33]","[143.0, 154]","[457.0, 32]","[643.81, 31]",301.5,250,311.0,0.5
07:43:54,"[143.51, 118]","[142.08, 52]","[172.62, 32]","[222.12, 40]",158.07,242,29.12,0.4
07:43:55,"[144.0, 70]","[141.0, 15]","[172.0, 10]","[287.6, 15]",158.0,110,28.0,0.55
07:43:56,"[144.0, 89]","[141.0, 27]","[171.0, 18]","[202.0, 27]",157.5,161,27.0,0.44
07:43:57,"[147.48, 69]","[144.17, 54]","[169.57, 14]","[277.86, 29]",158.52,166,22.09,0.48
07:43:58,"[148.0, 70]","[147.0, 42]","[168.57, 14]","[312.0, 35]",158.29,161,20.57,0.39
07:43:59,"[148.0, 100]","[147.0, 60]","[167.6, 20]","[302.2, 46]",157.8,226,19.6,0.42
07:44:00,"[148.0, 71]","[147.0, 66]","[165.96, 23]","[449.34, 50]",156.98,210,17.96,0.3
07:44:01,"[148.0, 40]","[147.0, 48]","[163.82, 17]","[164.91, 23]",155.91,128,15.82,0.38
07:44:02,"[148.0, 40]","[147.0, 48]","[162.0, 24]","[164.0, 16]",155.0,128,14.0,0.38
07:44:03,"[148.0, 17]","[147.0, 54]","[160.08, 24]","[161.24, 21]",154.04,116,12.08,0.22
07:44:04,"[147.2, 30]","[145.42, 76]","[157.0, 30]","[159.0, 20]",152.1,156,9.8,0.36
07:44:05,"[147.0, 96]","[144.0, 160]","[154.29, 48]","[155.83, 53]",150.65,357,7.29,0.43
07:44:06,"[147.0, 12]","[144.0, 60]","[151.0, 18]","[154.0, 12]",149.0,102,4.0,0.41
07:44:07,"[145.15, 52]","[143.96, 104]","[149.29, 31]","[149.93, 46]",147.22,233,4.14,0.34
07:44:08,"[144.0, 97]","[143.0, 14]","[146.1, 49]","[146.52, 58]",145.05,218,2.1,0.02
07:44:09,"[143.21, 14]","[141.03, 67]","[315.25, 16]","[591.45, 56]",229.23,153,172.04,0.06
07:44:10,"[145.5, 12]","[141.11, 38]","[375.0, 8]","[721.0, 40]",260.25,98,229.5,0.02
07:44:11,"[148.0, 27]","[143.0, 9]","[277.84, 19]","[364.85, 13]",212.92,68,129.84,0.06
07:44:12,"[148.0, 24]","[143.0, 8]","[225.2, 10]","[299.86, 14]",186.6,56,77.2,0.14
07:44:13,"[148.0, 27]","[143.0, 9]","[246.09, 23]","[264.85, 34]",197.04,93,98.09,-0.23
07:44:14,"[144.44, 48]","[140.32, 28]","[247.0, 20]","[248.0, 30]",195.72,126,102.56,0.21
07:44:15,"[147.0, 63]","[141.0, 21]","[246.0, 14]","[274.94, 17]",196.5,115,99.0,0.46
07:44:16,"[147.0, 71]","[140.67, 36]","[245.33, 24]","[306.85, 26]",196.17,157,98.33,0.36
07:44:17,"[147.0, 49]","[141.03, 141]","[242.38, 21]","[286.92, 26]",194.69,237,95.38,0.6
07:44:18,"[147.0, 36]","[146.0, 12]","[209.8, 20]","[278.47, 19]",178.4,87,62.8,0.1
07:44:19,"[147.0, 33]","[146.0, 11]","[247.14, 28]","[456.04, 27]",197.07,99,100.14,-0.11
07:44:20,"[147.0, 42]","[146.0, 14]","[244.19, 58]","[246.5, 40]",195.59,154,97.19,-0.27
07:44:21,"[142.31, 55]","[140.87, 132]","[241.11, 54]","[244.33, 30]",191.71,271,98.8,0.38
07:44:22,"[146.2, 10]","[141.03, 177]","[238.79, 38]","[239.38, 32]",192.49,257,92.59,0.46
07:44:23,"[147.0, 8]","[142.29, 70]","[237.4, 25]","[238.81, 31]",192.2,134,90.4,0.16
07:44:24,"[144.71, 21]","[141.74, 102]","[232.0, 30]","[236.45, 33]",188.36,186,87.29,0.32
07:44:25,"[144.0, 30]","[141.0, 190]","[180.0, 20]","[194.15, 26]",162.0,266,36.0,0.65
07:44:26,"[146.8, 40]","[142.07, 118]","[154.35, 34]","[166.12, 24]",150.58,216,7.55,0.46
07:44:27,"[148.0, 22]","[144.0, 33]","[151.62, 37]","[170.73, 30]",149.81,122,3.62,-0.1
07:44:28,"[145.14, 21]","[141.34, 107]","[149.03, 30]","[150.45, 38]",147.09,196,3.89,0.31
07:44:29,"[144.0, 27]","[141.0, 171]","[146.11, 36]","[149.0, 27]",145.06,261,2.11,0.52
07:44:30,"[143.27, 90]","[141.2, 254]","[144.79, 56]","[160.33, 33]",144.03,433,1.52,0.59
07:44:31,"[143.0, 81]","[141.0, 171]","[144.0, 29]","[300.0, 10]",143.5,291,1.0,0.73
07:44:32,"[143.0, 52]","[140.33, 48]","[377.13, 15]","[481.0, 23]",260.07,138,234.13,0.45
07:44:33,"[143.0, 16]","[141.0, 16]","[328.6, 15]","[392.62, 16]",235.8,63,185.6,0.02
07:44:34,"[140.16, 37]","[139.15, 27]","[155.0, 6]","[341.0, 12]",147.58,82,14.84,0.56
07:44:35,"[140.0, 42]","[139.0, 30]","[152.5, 6]","[351.0, 12]",146.25,90,12.5,0.6
07:44:36,"[145.91, 67]","[140.66, 35]","[263.1, 20]","[438.04, 23]",204.51,145,117.19,0.41
07:44:37,"[147.0, 84]","[144.0, 28]","[360.93, 42]","[578.4, 30]",253.96,184,213.93,0.22
07:44:38,"[147.0, 36]","[144.0, 14]","[222.4, 20]","[411.93, 15]",184.7,85,75.4,0.18
07:44:39,"[147.0, 28]","[144.0, 14]","[370.0, 14]","[461.0, 21]",258.5,77,223.0,0.09
07:44:40,"[147.0, 36]","[144.0, 18]","[233.33, 18]","[384.37, 19]",190.17,91,86.33,0.19
07:44:41,"[147.0, 20]","[144.0, 10]","[181.0, 5]","[370.0, 10]",164.0,45,34.0,0.33
07:44:42,"[147.0, 22]","[144.0, 14]","[181.0, 7]","[370.0, 14]",164.0,57,34.0,0.26
07:44:43,"[147.0, 28]","[145.6, 50]","[178.92, 26]","[299.33, 12]",162.96,116,31.92,0.34
07:44:44,"[147.0, 9]","[146.0, 72]","[176.71, 21]","[177.27, 33]",161.86,135,29.71,0.2
07:44:45,"[140.68, 62]","[142.19, 91]","[174.0, 65]","[176.0, 13]",157.34,231,33.32,0.32
07:44:46,"[140.16, 74]","[139.11, 71]","[171.07, 14]","[172.09, 46]",155.62,205,30.91,0.41
07:44:47,"[146.0, 24]","[141.5, 64]","[149.9, 30]","[164.5, 20]",147.95,138,3.9,0.28
07:44:48,"[146.0, 24]","[144.0, 24]","[148.33, 12]","[172.0, 60]",147.17,120,2.33,-0.2
07:44:49,"[140.85, 40]","[134.73, 45]","[171.21, 38]","[212.46, 28]",156.03,151,30.36,0.13
07:44:50,"[139.82, 51]","[130.38, 48]","[160.91, 55]","[162.0, 11]",150.37,165,21.09,0.2
07:44:51,"[112.86, 29]","[74.75, 24]","[158.44, 59]","[296.73, 41]",135.65,153,45.58,-0.31
07:44:52,"[140.0, 16]","[78.78, 23]","[155.2, 51]","[156.73, 37]",147.6,127,15.2,-0.39
07:44:53,"[140.0, 13]","[89.57, 7]","[151.67, 27]","[153.38, 29]",145.83,76,11.67,-0.47
07:44:54,"[140.0, 16]","[111.36, 14]","[149.89, 47]","[151.07, 27]",144.95,104,9.89,-0.42
07:44:55,"[140.0, 13]","[139.0, 65]","[147.44, 36]","[148.54, 35]",143.72,149,7.44,0.05
07:44:56,"[140.0, 10]","[139.0, 50]","[143.5, 26]","[144.65, 23]",141.75,109,3.5,0.1
07:44:57,"[139.25, 16]","[133.46, 26]","[142.0, 28]","[143.0, 16]",140.62,86,2.75,-0.02
07:44:58,"[139.0, 23]","[100.47, 15]","[155.36, 11]","[163.4, 15]",147.18,64,16.36,0.19
07:44:59,"[142.81, 26]","[82.88, 26]","[251.04, 47]","[488.93, 54]",196.93,153,108.23,-0.32
07:45:00,"[148.0, 4]","[144.0, 12]","[302.78, 9]","[436.12, 16]",225.39,41,154.78,-0.22
07:45:01,"[148.0, 7]","[144.0, 21]","[300.86, 14]","[434.48, 27]",224.43,69,152.86,-0.19
07:45:02,"[148.0, 9]","[144.0, 27]","[299.44, 18]","[327.0, 45]",223.72,99,151.44,-0.27
07:45:03,"[147.14, 14]","[143.67, 27]","[298.57, 14]","[532.8, 15]",222.86,70,151.43,0.17
07:45:04,"[145.39, 23]","[143.21, 57]","[296.56, 18]","[425.67, 27]",220.97,125,151.16,0.28
07:45:05,"[144.0, 21]","[143.0, 63]","[295.0, 14]","[325.0, 21]",219.5,119,151.0,0.41
07:45:06,"[143.04, 84]","[141.29, 63]","[293.7, 20]","[338.5, 24]",218.37,191,150.66,0.54
07:45:07,"[143.0, 56]","[141.0, 42]","[274.59, 17]","[305.85, 26]",208.79,141,131.59,0.39
07:45:08,"[143.0, 60]","[140.83, 46]","[285.09, 33]","[413.37, 19]",214.05,158,142.09,0.34
07:45:09,"[143.0, 18]","[139.62, 13]","[150.82, 17]","[299.1, 10]",146.91,58,7.82,0.07
07:45:10,"[143.88, 34]","[142.71, 14]","[149.5, 16]","[454.62, 8]",146.69,72,5.62,0.33
07:45:11,"[144.0, 49]","[143.0, 22]","[149.0, 22]","[281.9, 20]",146.5,113,5.0,0.26
07:45:12,"[144.0, 42]","[143.0, 18]","[148.89, 18]","[257.33, 27]",146.44,105,4.89,0.14
07:45:13,"[144.0, 109]","[143.0, 28]","[213.94, 31]","[341.81, 32]",178.97,200,69.94,0.37
07:45:14,"[144.1, 31]","[143.17, 29]","[172.85, 52]","[242.48, 29]",158.47,141,28.75,-0.15
07:45:15,"[144.0, 20]","[143.0, 20]","[169.1, 20]","[183.47, 34]",156.55,94,25.1,-0.15
07:45:16,"[144.0, 16]","[143.0, 16]","[167.43, 28]","[168.8, 20]",155.71,80,23.43,-0.2
07:45:17,"[144.0, 22]","[143.0, 22]","[164.78, 36]","[165.47, 30]",154.39,110,20.78,-0.2
07:45:18,"[141.6, 10]","[140.33, 18]","[162.92, 26]","[163.86, 28]",152.26,82,21.32,-0.32
07:45:19,"[141.43, 14]","[140.04, 23]","[161.38, 21]","[162.66, 35]",151.4,93,19.95,-0.2
07:45:20,"[144.59, 37]","[140.24, 21]","[155.75, 20]","[157.0, 31]",150.17,109,11.16,0.06
07:45:21,"[146.0, 133]","[141.53, 15]","[150.94, 33]","[151.08, 24]",148.47,205,4.94,0.44
07:45:22,"[146.09, 33]","[145.31, 26]","[148.09, 11]","[150.0, 8]",147.09,78,2.0,0.51
07:45:23,"[146.0, 105]","[143.0, 26]","[147.93, 43]","[148.45, 22]",146.97,196,1.93,0.34
07:45:24,"[143.27, 11]","[141.08, 52]","[147.95, 21]","[175.63, 19]",145.61,103,4.68,0.22
07:45:25,"[141.75, 40]","[140.95, 77]","[154.18, 34]","[237.22, 27]",147.96,178,12.43,0.31
07:45:26,"[143.0, 18]","[141.0, 66]","[183.0, 18]","[546.5, 18]",163.0,120,40.0,0.4
07:45:27,"[143.0, 27]","[141.0, 99]","[233.0, 27]","[772.0, 27]",188.0,180,90.0,0.4
07:45:28,"[143.0, 18]","[141.0, 66]","[232.6, 10]","[370.06, 16]",187.8,110,89.6,0.53
07:45:29,"[143.0, 15]","[141.0, 55]","[231.56, 9]","[232.05, 21]",187.28,100,88.56,0.4
07:45:30,"[141.81, 37]","[140.93, 59]","[230.86, 7]","[232.0, 35]",186.33,138,89.05,0.39
07:45:31,"[142.88, 48]","[140.94, 105]","[229.33, 12]","[232.0, 60]",186.1,225,86.46,0.36
07:45:32,"[147.0, 9]","[141.0, 99]","[227.22, 9]","[232.0, 45]",187.11,162,80.22,0.33
07:45:33,"[142.33, 36]","[140.92, 96]","[225.46, 52]","[229.5, 20]",183.9,204,83.13,0.29
07:45:34,"[141.26, 76]","[140.66, 53]","[186.15, 55]","[210.59, 44]",163.7,228,44.88,0.13
07:45:35,"[141.0, 98]","[140.0, 28]","[150.52, 23]","[151.66, 50]",145.76,199,9.52,0.27
07:45:36,"[141.0, 80]","[140.0, 24]","[147.06, 18]","[150.81, 42]",144.03,164,6.06,0.27
07:45:37,"[140.08, 53]","[137.06, 72]","[142.15, 71]","[170.72, 32]",141.12,228,2.08,0.1
07:45:38,"[139.0, 83]","[113.3, 20]","[245.91, 23]","[349.89, 27]",192.46,153,106.91,0.35
07:45:39,"[139.65, 49]","[123.42, 36]","[306.33, 27]","[575.67, 27]",222.99,139,166.68,0.22
07:45:40,"[147.0, 12]","[143.81, 42]","[347.76, 34]","[691.38, 24]",247.38,112,200.76,-0.04
07:45:41,"[146.4, 10]","[142.96, 49]","[217.15, 33]","[335.72, 29]",181.78,121,70.75,-0.02
07:45:42,"[141.33, 108]","[140.94, 108]","[179.08, 60]","[295.14, 28]",160.21,304,37.75,0.42
07:45:43,"[141.0, 170]","[140.0, 8]","[178.05, 38]","[225.67, 12]",159.53,228,37.05,0.56
07:45:44,"[141.0, 264]","[140.0, 13]","[176.49, 59]","[211.0, 25]",158.75,361,35.49,0.53
07:45:45,"[141.0, 114]","[140.0, 12]","[177.5, 60]","[294.4, 20]",159.25,206,36.5,0.22
07:45:46,"[139.35, 62]","[114.17, 42]","[175.47, 60]","[204.03, 60]",157.41,224,36.11,-0.07
07:45:47,"[143.11, 37]","[135.44, 77]","[172.27, 48]","[175.75, 51]",157.69,213,29.16,0.07
07:45:48,"[147.0, 56]","[139.78, 72]","[169.25, 48]","[171.0, 60]",158.12,236,22.25,0.08
07:45:49,"[147.0, 7]","[139.0, 56]","[168.0, 28]","[171.0, 35]",157.5,126,21.0,0.0
07:45:50,"[147.0, 41]","[139.0, 88]","[166.75, 52]","[168.96, 47]",156.88,228,19.75,0.13
07:45:51,"[147.0, 36]","[140.4, 80]","[165.92, 60]","[168.0, 48]",156.46,224,18.92,0.04
07:45:52,"[147.0, 27]","[146.0, 36]","[162.39, 38]","[163.93, 43]",154.7,144,15.39,-0.12
07:45:53,"[146.23, 52]","[144.57, 56]","[157.7, 66]","[160.27, 62]",151.96,236,11.47,-0.08
07:45:54,"[146.0, 36]","[144.0, 36]","[148.26, 38]","[156.0, 45]",147.13,155,2.26,-0.07
07:45:55,"[145.38, 52]","[142.43, 58]","[147.55, 22]","[182.58, 59]",146.47,191,2.16,0.15
07:45:56,"[144.0, 35]","[141.0, 63]","[145.69, 13]","[169.91, 32]",144.85,143,1.69,0.37
07:45:57,"[144.0, 21]","[141.0, 49]","[145.0, 14]","[301.71, 28]",144.5,112,1.0,0.25
07:45:58,"[144.0, 7]","[141.0, 35]","[366.38, 21]","[520.19, 21]",255.19,84,222.38,0.0
07:45:59,"[144.0, 7]","[141.0, 49]","[332.57, 35]","[495.27, 30]",238.29,121,188.57,-0.07
07:46:00,"[144.0, 59]","[141.0, 70]","[259.86, 35]","[394.34, 53]",201.93,217,115.86,0.19
07:46:01,"[144.0, 88]","[141.21, 47]","[162.38, 26]","[168.76, 49]",153.19,210,18.38,0.29
07:46:02,"[144.18, 67]","[143.75, 32]","[166.0, 22]","[276.92, 51]",155.09,172,21.82,0.15
07:46:03,"[144.44, 27]","[143.8, 30]","[165.78, 18]","[449.16, 43]",155.11,118,21.33,-0.03
07:46:04,"[144.16, 38]","[143.25, 12]","[164.8, 20]","[494.0, 50]",154.48,120,20.64,-0.17
07:46:05,"[147.0, 25]","[144.0, 45]","[239.67, 36]","[387.94, 72]",193.33,178,92.67,-0.21
07:46:06,"[143.14, 57]","[141.16, 116]","[296.3, 37]","[389.57, 42]",219.72,252,153.16,0.37
07:46:07,"[143.0, 60]","[141.0, 120]","[172.18, 33]","[174.4, 30]",157.59,243,29.18,0.48
07:46:08,"[144.33, 36]","[142.0, 80]","[168.03, 38]","[172.56, 27]",156.18,181,23.69,0.28
07:46:09,"[146.0, 22]","[143.04, 52]","[154.29, 28]","[155.86, 42]",150.14,144,8.29,0.03
07:46:10,"[144.94, 17]","[143.15, 53]","[152.2, 35]","[153.42, 43]",148.57,148,7.26,-0.05
07:46:11,"[144.18, 44]","[143.1, 78]","[148.69, 35]","[150.71, 42]",146.43,199,4.5,0.23
07:46:12,"[144.27, 60]","[143.31, 51]","[148.33, 18]","[215.33, 24]",146.3,153,4.07,0.45
07:46:13,"[143.66, 70]","[141.84, 83]","[147.46, 26]","[149.0, 26]",145.56,205,3.8,0.49
07:46:14,"[141.15, 27]","[140.29, 28]","[146.0, 12]","[147.0, 12]",143.57,79,4.85,0.39
07:46:15,"[141.0, 40]","[140.0, 32]","[145.5, 16]","[147.0, 16]",143.25,104,4.5,0.38
07:46:16,"[141.0, 30]","[140.0, 24]","[145.67, 12]","[177.0, 16]",143.33,82,4.67,0.32
07:46:17,"[141.0, 40]","[140.0, 32]","[147.0, 16]","[300.57, 28]",144.0,116,6.0,0.24
07:46:18,"[141.0, 40]","[140.0, 32]","[146.62, 16]","[268.89, 18]",143.81,106,5.62,0.36
07:46:19,"[141.0, 45]","[140.0, 45]","[142.89, 18]","[262.0, 18]",141.94,126,1.89,0.43
07:46:20,"[141.0, 47]","[140.0, 117]","[285.53, 30]","[382.29, 34]",213.27,228,144.53,0.44
07:46:21,"[141.6, 10]","[140.05, 64]","[387.67, 24]","[534.0, 16]",264.63,114,246.07,0.3
07:46:22,"[141.0, 11]","[140.0, 77]","[219.51, 47]","[335.16, 38]",180.26,173,78.51,0.02
07:46:23,"[141.0, 15]","[140.0, 141]","[255.93, 58]","[258.84, 74]",198.47,288,114.93,0.08
07:46:24,"[141.0, 14]","[140.0, 98]","[254.86, 56]","[415.41, 66]",197.93,234,113.86,-0.04
07:46:25,"[140.11, 47]","[139.43, 88]","[208.77, 26]","[353.05, 39]",174.44,200,68.66,0.35
07:46:26,"[140.0, 60]","[139.0, 60]","[169.0, 24]","[170.0, 12]",154.5,156,29.0,0.54
07:46:27,"[140.0, 88]","[139.0, 90]","[168.22, 36]","[218.94, 17]",154.11,231,28.22,0.54
07:46:28,"[140.93, 132]","[139.47, 57]","[160.0, 32]","[203.4, 40]",150.47,261,19.07,0.45
07:46:29,"[141.0, 88]","[140.0, 24]","[152.0, 16]","[168.0, 32]",146.5,160,11.0,0.4
07:46:30,"[145.86, 108]","[140.97, 156]","[150.5, 72]","[346.22, 36]",148.18,372,4.64,0.42
07:46:31,"[148.0, 35]","[143.94, 68]","[149.57, 28]","[293.0, 14]",148.79,145,1.57,0.42
07:46:32,"[148.0, 75]","[144.39, 123]","[149.0, 60]","[237.12, 32]",148.5,290,1.0,0.37
07:46:33,"[148.0, 18]","[146.0, 24]","[186.6, 15]","[406.8, 10]",167.3,67,38.6,0.25
07:46:34,"[146.86, 14]","[145.04, 46]","[244.5, 22]","[383.29, 14]",195.68,96,97.64,0.25
07:46:35,"[146.0, 43]","[144.0, 99]","[334.5, 16]","[523.19, 31]",240.25,189,188.5,0.5
07:46:36,"[146.0, 42]","[144.0, 132]","[242.2, 45]","[471.79, 29]",194.1,248,96.2,0.4
07:46:37,"[146.0, 20]","[144.0, 114]","[419.95, 38]","[526.17, 30]",282.97,202,273.95,0.33
07:46:38,"[146.0, 16]","[144.0, 96]","[304.06, 36]","[450.12, 16]",225.03,164,158.06,0.37
07:46:39,"[146.08, 24]","[144.03, 134]","[297.6, 42]","[316.1, 50]",221.84,250,151.51,0.26
07:46:40,"[144.54, 127]","[142.3, 106]","[300.8, 50]","[498.07, 58]",222.67,341,156.26,0.37
07:46:41,"[144.7, 88]","[143.49, 131]","[292.87, 53]","[345.6, 47]",218.79,319,148.16,0.37
07:46:42,"[144.0, 99]","[143.0, 27]","[313.28, 18]","[332.5, 24]",228.64,168,169.28,0.5
07:46:43,"[144.0, 143]","[143.0, 42]","[231.95, 38]","[240.76, 34]",187.97,257,87.95,0.44
07:46:44,"[144.13, 92]","[143.71, 84]","[165.03, 36]","[165.23, 31]",154.58,243,20.9,0.45
07:46:45,"[144.92, 74]","[143.86, 105]","[158.32, 19]","[161.15, 26]",151.62,224,13.4,0.6
07:46:46,"[147.0, 24]","[144.0, 120]","[153.59, 34]","[154.69, 52]",150.29,230,6.59,0.25
07:46:47,"[147.0, 10]","[144.0, 100]","[150.84, 19]","[151.9, 30]",148.92,159,3.84,0.38
07:46:48,"[144.02, 128]","[143.19, 52]","[145.62, 58]","[147.42, 31]",144.82,269,1.6,0.34
07:46:49,"[144.0, 137]","[142.0, 48]","[145.71, 28]","[147.37, 19]",144.86,232,1.71,0.59
07:46:50,"[144.0, 90]","[141.0, 44]","[145.0, 44]","[182.35, 23]",144.5,201,1.0,0.33
07:46:51,"[142.25, 61]","[140.6, 40]","[144.6, 60]","[450.87, 45]",143.42,206,2.35,-0.02
07:46:52,"[143.0, 19]","[141.0, 15]","[387.75, 16]","[480.2, 15]",265.38,65,244.75,0.05
07:46:53,"[140.09, 33]","[126.67, 21]","[396.0, 17]","[493.89, 27]",268.05,98,255.91,0.1
07:46:54,"[139.0, 35]","[124.57, 23]","[204.0, 7]","[492.14, 21]",171.5,86,65.0,0.35
07:46:55,"[148.0, 11]","[139.0, 55]","[204.0, 11]","[513.0, 39]",176.0,116,56.0,0.14
07:46:56,"[148.0, 6]","[139.0, 30]","[204.0, 6]","[571.67, 24]",176.0,66,56.0,0.09
07:46:57,"[148.0, 11]","[142.91, 46]","[203.27, 11]","[379.43, 23]",175.64,91,55.27,0.25
07:46:58,"[148.0, 9]","[144.0, 36]","[203.0, 9]","[214.43, 21]",175.5,75,55.0,0.2
07:46:59,"[148.0, 9]","[144.0, 36]","[202.22, 9]","[235.61, 31]",175.11,85,54.22,0.06
07:47:00,"[148.0, 7]","[144.92, 52]","[202.0, 7]","[245.57, 35]",175.0,101,54.0,0.17
07:47:01,"[145.65, 23]","[144.77, 52]","[187.9, 10]","[341.5, 12]",166.78,97,42.25,0.55
07:47:02,"[145.0, 60]","[144.0, 40]","[155.43, 14]","[214.75, 12]",150.21,126,10.43,0.59
07:47:03,"[145.0, 58]","[143.36, 39]","[152.73, 11]","[302.45, 11]",148.86,119,7.73,0.63
07:47:04,"[145.0, 55]","[144.0, 11]","[150.55, 29]","[178.0, 11]",147.78,106,5.55,0.25
07:47:05,"[145.0, 50]","[144.0, 10]","[149.0, 12]","[150.07, 28]",147.0,100,4.0,0.2
07:47:06,"[145.0, 40]","[144.0, 8]","[146.17, 18]","[148.93, 14]",145.58,80,1.17,0.2
07:47:07,"[145.0, 50]","[144.0, 10]","[146.17, 12]","[414.07, 46]",145.58,118,1.17,0.02
07:47:08,"[145.0, 30]","[144.0, 7]","[366.94, 17]","[526.47, 19]",255.97,73,221.94,0.01
07:47:09,"[145.0, 24]","[144.0, 6]","[393.67, 18]","[696.0, 18]",269.33,66,248.67,-0.09
07:47:10,"[145.0, 68]","[144.0, 17]","[350.93, 59]","[586.1, 61]",247.97,205,205.93,-0.17
07:47:11,"[147.17, 29]","[144.93, 30]","[356.07, 14]","[430.07, 29]",251.62,102,208.9,0.16
07:47:12,"[148.0, 10]","[145.0, 40]","[364.5, 26]","[365.6, 20]",256.25,96,216.5,0.04
07:47:13,"[148.0, 15]","[145.0, 60]","[360.82, 44]","[363.1, 31]",254.41,150,212.82,0.0
07:47:14,"[147.17, 12]","[143.31, 16]","[359.45, 33]","[363.0, 22]",253.31,83,212.29,-0.33
07:47:15,"[143.0, 16]","[141.0, 48]","[284.58, 36]","[342.4, 25]",213.79,125,141.58,0.02
07:47:16,"[143.64, 39]","[141.19, 53]","[275.0, 39]","[278.0, 65]",209.32,196,131.36,-0.06
07:47:17,"[143.96, 26]","[141.91, 11]","[246.83, 18]","[276.12, 24]",195.4,79,102.87,-0.06
07:47:18,"[144.8, 10]","[141.4, 30]","[206.38, 24]","[218.17, 24]",175.59,88,61.57,-0.09
07:47:19,"[141.0, 44]","[140.0, 77]","[189.81, 27]","[190.71, 28]",165.41,176,48.81,0.38
07:47:20,"[141.0, 40]","[140.0, 76]","[186.45, 22]","[189.19, 27]",163.73,165,45.45,0.41
07:47:21,"[141.0, 16]","[140.0, 70]","[184.39, 23]","[185.22, 27]",162.7,136,43.39,0.26
07:47:22,"[142.62, 111]","[139.61, 113]","[182.15, 26]","[183.8, 30]",162.39,280,39.53,0.6
07:47:23,"[143.0, 150]","[140.0, 78]","[179.77, 26]","[181.31, 26]",161.38,280,36.77,0.63
07:47:24,"[143.66, 128]","[141.62, 130]","[176.26, 35]","[177.19, 42]",159.96,335,32.6,0.54
07:47:25,"[143.0, 105]","[140.0, 72]","[172.93, 15]","[174.52, 25]",157.97,217,29.93,0.63
07:47:26,"[141.13, 61]","[140.0, 112]","[170.13, 31]","[403.71, 28]",155.63,232,29.0,0.49
07:47:27,"[141.0, 134]","[139.18, 147]","[166.92, 25]","[381.3, 30]",153.96,336,25.92,0.67
07:47:28,"[142.38, 78]","[141.13, 71]","[162.48, 23]","[165.38, 13]",152.43,185,20.09,0.61
07:47:29,"[145.0, 40]","[144.0, 24]","[160.38, 8]","[162.0, 16]",152.69,88,15.38,0.45
07:47:30,"[145.0, 60]","[144.0, 36]","[158.67, 12]","[162.0, 24]",151.83,132,13.67,0.45
07:47:31,"[145.0, 70]","[144.0, 42]","[155.95, 42]","[157.59, 34]",150.48,188,10.95,0.19
07:47:32,"[145.0, 65]","[144.0, 39]","[152.11, 56]","[153.77, 35]",148.55,195,7.11,0.07
07:47:33,"[145.0, 35]","[144.0, 21]","[148.94, 17]","[150.19, 32]",146.97,105,3.94,0.07
07:47:34,"[144.56, 62]","[141.45, 141]","[146.17, 29]","[148.33, 24]",145.37,256,1.61,0.59
07:47:35,"[141.27, 99]","[140.71, 63]","[144.44, 18]","[291.38, 16]",142.86,196,3.17,0.65
07:47:36,"[141.0, 135]","[140.0, 27]","[143.0, 18]","[221.17, 24]",142.0,204,2.0,0.59
07:47:37,"[141.0, 175]","[140.0, 39]","[142.2, 40]","[182.79, 38]",141.6,292,1.2,0.47
07:47:38,"[141.0, 66]","[140.0, 24]","[206.0, 32]","[313.0, 24]",173.5,146,65.0,0.23
07:47:39,"[141.0, 52]","[140.0, 42]","[178.4, 40]","[440.8, 41]",159.7,175,37.4,0.07
07:47:40,"[144.6, 25]","[140.4, 25]","[255.2, 30]","[589.97, 31]",199.9,111,110.6,-0.1
07:47:41,"[147.0, 16]","[141.0, 35]","[232.0, 48]","[383.0, 36]",189.5,135,85.0,-0.24
07:47:42,"[147.99, 101]","[145.62, 13]","[230.55, 44]","[338.0, 33]",189.27,191,82.56,0.19
07:47:43,"[148.0, 52]","[147.0, 10]","[231.74, 31]","[424.86, 37]",189.87,130,83.74,-0.05
07:47:44,"[148.0, 24]","[147.0, 12]","[166.83, 24]","[183.83, 36]",157.42,96,18.83,-0.25
07:47:45,"[148.0, 22]","[147.0, 11]","[159.58, 24]","[190.19, 31]",153.79,88,11.58,-0.25
07:47:46,"[147.29, 14]","[141.38, 32]","[283.73, 37]","[371.6, 40]",215.51,123,136.44,-0.25
07:47:47,"[141.27, 22]","[140.12, 24]","[250.15, 26]","[387.2, 30]",195.71,102,108.88,-0.1
07:47:48,"[141.0, 27]","[139.18, 67]","[518.41, 32]","[565.68, 31]",329.7,157,377.41,0.2
07:47:49,"[141.0, 33]","[139.91, 119]","[375.57, 35]","[480.67, 48]",258.29,235,234.57,0.29
07:47:50,"[141.0, 22]","[140.0, 99]","[170.91, 33]","[291.14, 29]",155.95,183,29.91,0.32
07:47:51,"[140.4, 40]","[139.52, 138]","[167.14, 42]","[357.91, 33]",153.77,253,26.74,0.41
07:47:52,"[140.0, 18]","[139.0, 99]","[166.0, 27]","[167.0, 27]",153.0,171,26.0,0.37
07:47:53,"[140.0, 34]","[139.0, 187]","[163.92, 53]","[164.89, 53]",151.96,327,23.92,0.35
07:47:54,"[142.29, 85]","[137.5, 160]","[158.95, 59]","[160.7, 46]",150.62,350,16.66,0.4
07:47:55,"[141.09, 45]","[121.95, 64]","[153.81, 31]","[187.16, 37]",147.45,177,12.72,0.23
07:47:56,"[142.87, 62]","[128.2, 40]","[159.0, 28]","[162.25, 28]",150.94,158,16.13,0.29
07:47:57,"[147.0, 40]","[139.0, 52]","[158.0, 39]","[160.0, 13]",152.5,144,11.0,0.28
07:47:58,"[146.04, 147]","[142.07, 137]","[156.06, 32]","[157.38, 16]",151.05,332,10.02,0.71
07:47:59,"[146.0, 156]","[144.61, 134]","[152.31, 26]","[155.0, 22]",149.15,338,6.31,0.72
07:48:00,"[146.0, 166]","[145.0, 143]","[147.77, 13]","[180.54, 39]",146.88,361,1.77,0.71
07:48:01,"[146.0, 76]","[145.0, 88]","[266.0, 12]","[448.14, 21]",206.0,197,120.0,0.66
07:48:02,"[146.0, 27]","[145.0, 33]","[240.0, 6]","[475.0, 9]",193.0,75,94.0,0.6
07:48:03,"[146.0, 81]","[145.0, 99]","[327.83, 12]","[430.43, 21]",236.92,213,181.83,0.69
07:48:04,"[146.21, 28]","[145.08, 72]","[344.38, 8]","[658.0, 24]",245.29,132,198.16,0.52
07:48:05,"[147.0, 15]","[146.0, 15]","[344.0, 5]","[658.0, 15]",245.5,50,197.0,0.2
07:48:06,"[147.0, 21]","[146.0, 21]","[343.57, 7]","[658.0, 21]",245.29,70,196.57,0.2
07:48:07,"[147.0, 6]","[146.0, 6]","[342.0, 2]","[658.0, 6]",244.5,20,195.0,0.2
07:48:08,"[146.2, 15]","[145.04, 69]","[341.43, 7]","[634.43, 21]",243.81,112,195.23,0.5
07:48:09,"[146.0, 20]","[145.0, 110]","[339.1, 10]","[625.0, 30]",242.55,170,193.1,0.53
07:48:10,"[147.62, 32]","[145.11, 37]","[337.0, 5]","[625.0, 15]",242.31,89,189.38,0.55
07:48:11,"[148.0, 78]","[146.0, 12]","[336.17, 6]","[650.33, 18]",242.08,114,188.17,0.58
07:48:12,"[148.0, 117]","[146.0, 18]","[335.33, 9]","[629.52, 29]",241.67,173,187.33,0.56
07:48:13,"[148.0, 143]","[146.0, 22]","[286.5, 16]","[493.54, 37]",217.25,218,138.5,0.51
07:48:14,"[148.0, 174]","[146.0, 30]","[211.71, 42]","[247.73, 26]",179.86,272,63.71,0.5
07:48:15,"[148.0, 100]","[146.0, 28]","[154.14, 28]","[156.25, 28]",151.07,184,6.14,0.39
07:48:16,"[148.0, 51]","[146.0, 26]","[157.78, 40]","[387.29, 38]",152.89,155,9.78,-0.01
07:48:17,"[145.04, 69]","[144.21, 159]","[165.22, 45]","[217.56, 45]",155.13,318,20.18,0.43
07:48:18,"[145.0, 77]","[144.0, 147]","[218.43, 35]","[487.29, 35]",181.71,294,73.43,0.52
07:48:19,"[145.0, 77]","[144.0, 147]","[305.21, 29]","[471.0, 35]",225.1,288,160.21,0.56
07:48:20,"[144.26, 114]","[143.97, 130]","[259.1, 30]","[317.0, 50]",201.68,324,114.84,0.51
07:48:21,"[144.12, 82]","[143.96, 109]","[160.0, 27]","[336.33, 45]",152.06,263,15.88,0.45
07:48:22,"[144.2, 60]","[143.95, 57]","[277.5, 24]","[376.0, 30]",210.85,171,133.3,0.37
07:48:23,"[144.0, 189]","[143.0, 11]","[347.33, 15]","[353.09, 55]",245.67,270,203.33,0.48
07:48:24,"[144.0, 46]","[143.0, 13]","[327.48, 21]","[408.49, 57]",235.74,137,183.48,-0.14
07:48:25,"[144.0, 24]","[143.0, 12]","[318.31, 16]","[323.25, 56]",231.16,108,174.31,-0.33
07:48:26,"[144.0, 30]","[143.0, 10]","[317.0, 11]","[323.9, 40]",230.5,91,173.0,-0.12
07:48:27,"[144.85, 106]","[143.86, 28]","[312.59, 17]","[314.92, 13]",228.72,164,167.74,0.63
07:48:28,"[148.0, 6]","[145.0, 90]","[299.57, 14]","[301.17, 12]",223.79,122,151.57,0.57
07:48:29,"[148.0, 7]","[145.0, 108]","[291.57, 14]","[294.0, 7]",219.79,136,143.57,0.69
07:48:30,"[148.0, 8]","[145.0, 120]","[239.43, 23]","[255.68, 19]",193.72,170,91.43,0.51
07:48:31,"[148.0, 13]","[145.0, 195]","[230.64, 22]","[233.69, 29]",189.32,259,82.64,0.61
07:48:32,"[145.29, 62]","[144.85, 106]","[229.24, 21]","[241.33, 27]",187.26,216,83.95,0.56
07:48:33,"[145.02, 109]","[144.3, 46]","[226.22, 18]","[228.56, 18]",185.62,191,81.2,0.62
07:48:34,"[145.0, 143]","[144.0, 44]","[206.93, 30]","[208.31, 32]",175.97,249,61.93,0.5
07:48:35,"[145.0, 88]","[144.0, 44]","[202.08, 25]","[204.53, 43]",173.54,200,57.08,0.32
07:48:36,"[145.0, 112]","[144.0, 56]","[182.33, 48]","[183.52, 48]",163.67,264,37.33,0.27
07:48:37,"[145.0, 128]","[144.0, 64]","[167.65, 51]","[169.87, 45]",156.32,288,22.65,0.33
07:48:38,"[145.0, 99]","[144.0, 56]","[163.15, 66]","[163.97, 39]",154.08,260,18.15,0.19
07:48:39,"[145.0, 105]","[144.0, 52]","[157.09, 35]","[158.57, 35]",151.04,227,12.09,0.38
07:48:40,"[145.0, 91]","[144.0, 30]","[154.46, 26]","[155.64, 33]",149.73,180,9.46,0.34
07:48:41,"[145.16, 76]","[144.41, 51]","[151.89, 35]","[153.62, 26]",148.52,188,6.73,0.35
07:48:42,"[145.72, 39]","[144.77, 64]","[148.23, 30]","[149.19, 36]",146.98,169,2.52,0.22
07:48:43,"[144.58, 65]","[143.57, 42]","[146.46, 65]","[149.68, 41]",145.52,213,1.88,0.0
07:48:44,"[142.86, 21]","[140.89, 27]","[145.33, 18]","[178.74, 23]",144.1,89,2.48,0.08
07:48:45,"[141.82, 49]","[139.6, 90]","[145.75, 32]","[247.87, 30]",143.78,201,3.93,0.38
07:48:46,"[139.23, 61]","[109.16, 107]","[144.9, 20]","[305.2, 10]",142.06,198,5.67,0.7
07:48:47,"[139.0, 18]","[72.89, 9]","[144.0, 4]","[426.0, 2]",141.5,33,5.0,0.64
07:48:48,"[139.0, 50]","[108.67, 12]","[142.88, 16]","[426.64, 14]",140.94,92,3.88,0.35
07:48:49,"[139.0, 24]","[138.0, 3]","[185.14, 7]","[387.14, 7]",162.07,41,46.14,0.32
07:48:50,"[139.0, 54]","[88.4, 20]","[239.72, 29]","[256.56, 25]",189.36,128,100.72,0.16
