Time,Bid1,Bid2,Ask1,Ask2,Mid-Price,Total_volume,Bid_ask_spread,Order_imbalance
07:30:00,"[0, 0]","[0, 0]","[0, 0]","[0, 0]",0.0,0,0.0,0.0
07:30:04,"[0, 0]","[0, 0]","[800.0, 3]","[0, 0]",400.0,3,800.0,-1.0
07:30:05,"[0, 0]","[0, 0]","[799.0, 5]","[800.0, 3]",399.5,8,799.0,-1.0
07:30:06,"[0, 0]","[0, 0]","[797.15, 13]","[798.64, 11]",398.58,24,797.15,-1.0
07:30:07,"[1.0, 1]","[0, 0]","[295.77, 13]","[795.91, 11]",148.38,25,294.77,-0.92
07:30:08,"[2.25, 8]","[0, 0]","[143.47, 30]","[144.75, 40]",72.86,78,141.22,-0.79
07:30:09,"[97.33, 12]","[4.0, 5]","[125.0, 27]","[131.69, 26]",111.17,70,27.67,-0.51
07:30:10,"[117.9, 10]","[116.33, 3]","[120.0, 10]","[121.0, 10]",118.95,33,2.1,-0.21
07:30:11,"[118.75, 72]","[117.0, 8]","[120.53, 32]","[121.25, 20]",119.64,132,1.78,0.21
07:30:12,"[119.0, 27]","[117.0, 3]","[121.0, 9]","[122.0, 18]",120.0,57,2.0,0.05
07:30:13,"[120.43, 14]","[117.1, 31]","[121.88, 48]","[123.35, 37]",121.15,130,1.45,-0.31
07:30:14,"[121.17, 35]","[118.6, 10]","[122.98, 41]","[127.08, 26]",122.07,112,1.8,-0.2
07:30:15,"[122.33, 9]","[121.33, 9]","[124.0, 24]","[127.0, 7]",123.17,49,1.67,-0.27
07:30:16,"[123.15, 13]","[119.58, 31]","[125.2, 41]","[128.14, 14]",124.17,99,2.04,-0.11
07:30:17,"[128.38, 8]","[119.93, 14]","[132.0, 16]","[145.91, 11]",130.19,49,3.62,-0.1
07:30:18,"[131.0, 7]","[121.69, 26]","[132.0, 9]","[155.0, 14]",131.5,56,1.0,0.18
07:30:19,"[131.0, 7]","[126.0, 42]","[132.0, 7]","[155.0, 14]",131.5,70,1.0,0.4
07:30:20,"[127.63, 19]","[126.12, 48]","[131.27, 11]","[153.79, 19]",129.45,97,3.64,0.38
07:30:21,"[126.0, 36]","[120.0, 27]","[128.0, 18]","[130.44, 9]",127.0,90,2.0,0.4
07:30:22,"[126.25, 28]","[122.4, 35]","[128.88, 25]","[148.48, 25]",127.56,113,2.63,0.12
07:30:23,"[127.14, 22]","[125.69, 26]","[129.0, 23]","[139.69, 26]",128.07,97,1.86,-0.01
07:30:24,"[127.0, 50]","[126.0, 20]","[129.9, 10]","[148.9, 20]",128.45,100,2.9,0.4
07:30:25,"[127.0, 35]","[126.0, 18]","[130.0, 9]","[151.0, 18]",128.5,80,3.0,0.33
07:30:26,"[127.0, 27]","[126.0, 18]","[146.38, 16]","[205.73, 15]",136.69,76,19.38,0.18
07:30:27,"[127.0, 36]","[126.0, 24]","[145.74, 31]","[147.31, 29]",136.37,120,18.74,0.0
07:30:28,"[127.0, 25]","[126.0, 24]","[143.17, 24]","[144.46, 26]",135.08,99,16.17,-0.01
07:30:29,"[127.0, 22]","[126.0, 22]","[131.88, 32]","[134.07, 30]",129.44,106,4.88,-0.17
07:30:30,"[127.0, 16]","[126.0, 16]","[130.17, 36]","[131.25, 24]",128.58,92,3.17,-0.3
07:30:31,"[127.3, 20]","[126.3, 20]","[129.94, 48]","[130.84, 32]",128.62,120,2.64,-0.33
07:30:32,"[127.09, 33]","[123.64, 66]","[128.33, 54]","[130.95, 66]",127.71,219,1.24,-0.1
07:30:33,"[126.0, 8]","[122.0, 56]","[127.0, 24]","[130.5, 24]",126.5,112,1.0,0.14
07:30:34,"[124.0, 10]","[121.93, 29]","[127.5, 18]","[130.82, 17]",125.75,74,3.5,0.05
07:30:35,"[122.0, 45]","[117.44, 18]","[129.75, 24]","[134.0, 21]",125.88,108,7.75,0.17
07:30:36,"[122.0, 50]","[117.69, 29]","[128.31, 26]","[130.0, 39]",125.15,144,6.31,0.1
07:30:37,"[122.0, 49]","[121.0, 60]","[127.75, 24]","[130.17, 36]",124.88,169,5.75,0.29
07:30:38,"[122.45, 51]","[121.57, 47]","[128.67, 18]","[181.25, 24]",125.56,140,6.22,0.4
07:30:39,"[123.0, 50]","[121.11, 90]","[131.47, 17]","[336.75, 20]",127.24,177,8.47,0.58
07:30:40,"[123.29, 52]","[121.35, 91]","[126.11, 46]","[131.05, 19]",124.7,208,2.82,0.38
07:30:41,"[120.95, 38]","[119.83, 30]","[125.0, 9]","[132.0, 9]",122.97,86,4.05,0.58
07:30:42,"[119.0, 65]","[118.0, 75]","[124.33, 15]","[127.27, 15]",121.67,170,5.33,0.65
07:30:43,"[119.0, 38]","[118.0, 45]","[124.0, 9]","[125.0, 9]",121.5,101,5.0,0.64
07:30:44,"[119.0, 42]","[118.0, 45]","[120.5, 16]","[124.22, 9]",119.75,112,1.5,0.55
07:30:45,"[119.9, 40]","[118.26, 47]","[121.47, 19]","[124.1, 10]",120.69,116,1.57,0.5
07:30:46,"[122.45, 22]","[121.08, 52]","[123.86, 14]","[124.92, 13]",123.16,101,1.4,0.47
07:30:47,"[119.9, 31]","[118.31, 58]","[124.0, 13]","[125.0, 13]",121.95,115,4.1,0.55
07:30:48,"[118.83, 24]","[116.0, 30]","[124.0, 6]","[125.89, 18]",121.42,78,5.17,0.38
07:30:49,"[118.0, 40]","[116.0, 50]","[124.0, 10]","[125.13, 31]",121.0,131,6.0,0.37
07:30:50,"[118.33, 24]","[117.23, 52]","[121.14, 21]","[124.75, 24]",119.74,121,2.81,0.26
07:30:51,"[117.0, 40]","[115.33, 90]","[120.32, 19]","[124.5, 10]",118.66,159,3.32,0.64
07:30:52,"[117.17, 23]","[115.45, 97]","[126.0, 8]","[129.0, 20]",121.59,148,8.83,0.62
07:30:53,"[119.55, 11]","[117.0, 144]","[127.5, 20]","[141.84, 43]",123.52,218,7.95,0.42
07:30:54,"[126.59, 17]","[117.16, 74]","[149.14, 44]","[220.89, 19]",137.86,154,22.55,0.18
07:30:55,"[132.51, 74]","[129.36, 28]","[257.55, 49]","[436.39, 31]",195.03,182,125.04,0.12
07:30:56,"[132.61, 93]","[129.67, 36]","[262.97, 58]","[557.22, 32]",197.79,219,130.35,0.18
07:30:57,"[131.0, 19]","[127.0, 26]","[204.45, 49]","[463.0, 35]",167.72,129,73.45,-0.3
07:30:58,"[131.0, 12]","[127.0, 24]","[355.17, 58]","[439.96, 50]",243.09,144,224.17,-0.5
07:30:59,"[131.0, 12]","[127.0, 24]","[326.36, 28]","[382.67, 60]",228.68,124,195.36,-0.42
07:31:00,"[128.82, 22]","[126.67, 39]","[284.8, 35]","[344.08, 39]",206.81,135,155.98,-0.1
07:31:01,"[128.88, 48]","[126.12, 51]","[133.38, 40]","[139.02, 46]",131.12,185,4.5,0.07
07:31:02,"[131.0, 168]","[130.0, 120]","[134.0, 60]","[171.83, 36]",132.5,384,3.0,0.5
07:31:03,"[131.0, 140]","[130.0, 100]","[150.03, 38]","[455.86, 36]",140.51,314,19.03,0.53
07:31:04,"[131.0, 112]","[130.0, 80]","[191.5, 20]","[495.04, 28]",161.25,240,60.5,0.6
07:31:05,"[131.0, 80]","[130.0, 100]","[224.37, 38]","[505.39, 46]",177.68,264,93.37,0.36
07:31:06,"[131.0, 28]","[130.0, 70]","[160.71, 35]","[417.86, 35]",145.86,168,29.71,0.17
07:31:07,"[131.0, 26]","[130.0, 80]","[145.0, 40]","[250.17, 36]",138.0,182,14.0,0.16
07:31:08,"[130.1, 40]","[129.87, 46]","[142.1, 30]","[172.86, 22]",136.1,138,12.0,0.25
07:31:09,"[130.0, 48]","[128.25, 8]","[139.0, 24]","[143.12, 16]",134.5,96,9.0,0.17
07:31:10,"[130.0, 60]","[127.0, 10]","[139.0, 30]","[158.0, 50]",134.5,150,9.0,-0.07
07:31:11,"[130.0, 16]","[127.0, 3]","[139.0, 9]","[206.0, 14]",134.5,42,9.0,-0.1
07:31:12,"[130.0, 15]","[127.0, 3]","[139.0, 9]","[196.0, 12]",134.5,39,9.0,-0.08
07:31:13,"[127.41, 22]","[125.03, 65]","[138.93, 42]","[214.89, 63]",133.17,192,11.52,-0.09
07:31:14,"[126.0, 16]","[122.0, 64]","[138.0, 24]","[231.0, 32]",132.0,136,12.0,0.18
07:31:15,"[126.42, 19]","[122.09, 90]","[137.41, 51]","[194.61, 46]",131.92,206,10.99,0.06
07:31:16,"[128.24, 25]","[126.95, 21]","[137.0, 55]","[138.0, 33]",132.62,134,8.76,-0.31
07:31:17,"[127.41, 51]","[126.52, 46]","[134.3, 60]","[135.25, 55]",130.86,212,6.89,-0.08
07:31:18,"[127.0, 79]","[126.0, 73]","[128.82, 45]","[130.6, 62]",127.91,259,1.82,0.17
07:31:19,"[126.4, 50]","[122.85, 68]","[128.0, 46]","[138.57, 51]",127.2,215,1.6,0.1
07:31:20,"[107.41, 66]","[81.24, 100]","[200.7, 20]","[249.22, 23]",154.05,209,93.29,0.59
07:31:21,"[127.0, 36]","[115.0, 36]","[251.5, 10]","[285.71, 17]",189.25,99,124.5,0.45
07:31:22,"[127.0, 52]","[116.23, 104]","[194.77, 52]","[268.42, 76]",160.88,284,67.77,0.1
07:31:23,"[115.55, 44]","[113.58, 62]","[223.75, 32]","[270.12, 26]",169.65,164,108.2,0.29
07:31:24,"[118.47, 106]","[94.0, 96]","[134.9, 48]","[177.33, 48]",126.68,298,16.42,0.36
07:31:25,"[115.0, 54]","[80.41, 54]","[124.9, 29]","[131.0, 20]",119.95,157,9.9,0.38
07:31:26,"[115.0, 78]","[70.2, 20]","[123.26, 42]","[233.18, 44]",119.13,184,8.26,0.07
07:31:27,"[116.4, 30]","[91.0, 5]","[123.8, 15]","[187.0, 5]",120.1,55,7.4,0.27
07:31:28,"[118.35, 74]","[112.95, 42]","[122.79, 42]","[130.83, 47]",120.57,205,4.43,0.13
07:31:29,"[121.05, 38]","[115.28, 50]","[124.86, 28]","[183.67, 21]",122.95,137,3.8,0.28
07:31:30,"[124.9, 39]","[121.42, 33]","[446.0, 22]","[475.0, 44]",285.45,138,321.1,0.04
07:31:31,"[127.0, 27]","[126.0, 54]","[281.29, 28]","[372.28, 25]",204.14,134,154.29,0.21
07:31:32,"[130.88, 17]","[128.5, 12]","[157.0, 16]","[254.17, 29]",143.94,74,26.12,-0.22
07:31:33,"[132.5, 16]","[130.0, 8]","[157.0, 16]","[246.83, 29]",144.75,69,24.5,-0.3
07:31:34,"[126.0, 42]","[59.86, 14]","[355.0, 12]","[571.71, 21]",240.5,89,229.0,0.26
07:31:35,"[126.0, 49]","[62.29, 21]","[478.43, 14]","[578.86, 7]",302.21,91,352.43,0.54
07:31:36,"[132.68, 53]","[123.07, 56]","[364.33, 12]","[434.09, 11]",248.51,132,231.65,0.65
07:31:37,"[134.0, 160]","[133.0, 20]","[315.0, 10]","[483.9, 10]",224.5,200,181.0,0.8
07:31:38,"[134.11, 144]","[133.0, 18]","[245.33, 9]","[395.89, 9]",189.72,180,111.22,0.8
07:31:39,"[135.0, 144]","[133.5, 12]","[315.67, 9]","[495.78, 9]",225.33,174,180.67,0.79
07:31:40,"[135.0, 165]","[134.0, 11]","[171.21, 19]","[242.77, 13]",153.11,208,36.21,0.69
07:31:41,"[135.0, 210]","[134.0, 14]","[168.8, 15]","[170.89, 27]",151.9,266,33.8,0.68
07:31:42,"[135.0, 150]","[134.0, 10]","[166.57, 14]","[167.25, 16]",150.79,190,31.57,0.68
07:31:43,"[135.0, 177]","[134.0, 12]","[164.0, 12]","[167.39, 18]",149.5,219,29.0,0.73
07:31:44,"[134.99, 83]","[133.5, 20]","[161.82, 11]","[164.0, 11]",148.4,125,26.83,0.65
07:31:45,"[135.0, 9]","[134.0, 9]","[160.22, 9]","[164.0, 9]",147.61,36,25.22,0.0
07:31:46,"[133.38, 37]","[132.62, 13]","[160.0, 10]","[164.0, 10]",146.69,70,26.62,0.43
07:31:47,"[133.0, 76]","[131.0, 16]","[159.25, 8]","[161.0, 8]",146.12,108,26.25,0.7
07:31:48,"[133.0, 48]","[131.0, 12]","[157.17, 6]","[158.5, 6]",145.08,72,24.17,0.67
07:31:49,"[133.0, 88]","[131.0, 22]","[155.36, 11]","[158.0, 11]",144.18,132,22.36,0.67
07:31:50,"[133.0, 80]","[131.0, 20]","[149.5, 26]","[155.9, 10]",141.25,136,16.5,0.47
07:31:51,"[133.0, 88]","[131.0, 22]","[139.27, 15]","[139.96, 23]",136.13,148,6.27,0.49
07:31:52,"[133.2, 50]","[132.6, 50]","[136.0, 10]","[137.0, 10]",134.6,120,2.8,0.67
07:31:53,"[134.0, 18]","[133.0, 72]","[135.56, 9]","[137.0, 9]",134.78,108,1.56,0.67
07:31:54,"[134.0, 18]","[133.0, 80]","[135.0, 10]","[170.89, 18]",134.5,126,1.0,0.56
07:31:55,"[134.0, 12]","[133.0, 96]","[178.33, 12]","[281.47, 32]",156.17,152,44.33,0.42
07:31:56,"[133.33, 12]","[132.68, 38]","[350.33, 9]","[476.86, 21]",241.83,80,217.0,0.25
07:31:57,"[130.88, 17]","[127.69, 58]","[475.36, 25]","[480.91, 33]",303.12,133,344.48,0.13
07:31:58,"[127.44, 41]","[126.71, 34]","[273.12, 24]","[439.0, 19]",200.28,118,145.69,0.27
07:31:59,"[127.0, 84]","[126.0, 24]","[215.29, 45]","[222.98, 46]",171.14,199,88.29,0.09
07:32:00,"[127.12, 98]","[126.2, 35]","[201.62, 42]","[205.37, 63]",164.37,238,74.5,0.12
07:32:01,"[127.0, 13]","[126.0, 26]","[199.15, 65]","[201.0, 26]",163.08,130,72.15,-0.4
07:32:02,"[127.0, 14]","[126.0, 28]","[197.35, 43]","[198.52, 46]",162.17,131,70.35,-0.36
07:32:03,"[129.11, 36]","[127.39, 18]","[184.13, 39]","[194.94, 36]",156.62,129,55.02,-0.16
07:32:04,"[130.0, 20]","[128.0, 10]","[148.64, 33]","[152.0, 31]",139.32,94,18.64,-0.36
07:32:05,"[130.73, 22]","[128.18, 11]","[146.18, 22]","[148.0, 55]",138.45,110,15.45,-0.4
07:32:06,"[132.77, 26]","[129.52, 33]","[145.07, 59]","[146.62, 32]",138.92,150,12.3,-0.21
07:32:07,"[133.0, 18]","[130.0, 45]","[141.89, 18]","[143.19, 21]",137.44,102,8.89,0.24
07:32:08,"[130.1, 62]","[128.59, 17]","[139.62, 29]","[140.92, 26]",134.86,134,9.52,0.18
07:32:09,"[130.0, 55]","[128.0, 11]","[136.0, 36]","[136.87, 31]",133.0,133,6.0,-0.01
07:32:10,"[130.08, 36]","[129.53, 38]","[133.34, 41]","[150.4, 43]",131.71,158,3.26,-0.06
07:32:11,"[127.0, 10]","[126.0, 10]","[134.33, 36]","[190.9, 30]",130.67,86,7.33,-0.53
07:32:12,"[127.46, 13]","[126.08, 12]","[133.62, 26]","[134.27, 44]",130.54,95,6.15,-0.47
07:32:13,"[129.29, 17]","[127.08, 12]","[132.12, 32]","[133.7, 23]",130.71,84,2.83,-0.31
07:32:14,"[130.92, 66]","[125.92, 12]","[141.75, 40]","[205.88, 17]",136.34,135,10.83,0.16
07:32:15,"[131.0, 61]","[126.0, 10]","[303.0, 20]","[667.0, 30]",217.0,121,172.0,0.17
07:32:16,"[117.2, 10]","[102.0, 11]","[431.8, 30]","[640.64, 28]",274.5,79,314.6,-0.47
07:32:17,"[91.86, 14]","[70.79, 19]","[155.3, 30]","[229.77, 39]",123.58,102,63.44,-0.35
07:32:18,"[110.64, 28]","[89.0, 22]","[121.31, 26]","[123.92, 52]",115.98,128,10.66,-0.22
07:32:19,"[105.26, 19]","[78.43, 14]","[121.0, 22]","[124.0, 66]",113.13,121,15.74,-0.45
07:32:20,"[85.2, 10]","[39.5, 10]","[123.6, 50]","[124.77, 39]",104.4,109,38.4,-0.63
07:32:21,"[35.75, 8]","[2.25, 8]","[122.38, 40]","[124.0, 48]",79.06,104,86.62,-0.69
07:32:22,"[107.29, 7]","[34.86, 7]","[123.32, 37]","[124.33, 36]",115.31,87,16.04,-0.68
07:32:23,"[115.8, 10]","[90.3, 10]","[123.0, 50]","[124.0, 60]",119.4,130,7.2,-0.69
07:32:24,"[78.0, 8]","[60.0, 8]","[122.75, 40]","[124.0, 48]",100.38,104,44.75,-0.69
07:32:25,"[101.33, 12]","[85.17, 12]","[122.0, 60]","[124.0, 60]",111.67,144,20.67,-0.67
07:32:26,"[109.0, 10]","[102.3, 10]","[121.0, 50]","[122.0, 50]",115.0,120,12.0,-0.67
07:32:27,"[118.0, 7]","[102.0, 7]","[121.0, 35]","[122.0, 37]",119.5,86,3.0,-0.67
07:32:28,"[118.0, 9]","[15.0, 18]","[120.24, 21]","[121.12, 59]",119.12,107,2.24,-0.5
07:32:29,"[103.67, 12]","[52.23, 13]","[120.0, 24]","[121.0, 108]",111.83,157,16.33,-0.68
07:32:30,"[119.0, 10]","[75.0, 10]","[120.39, 23]","[121.06, 86]",119.7,129,1.39,-0.69
07:32:31,"[78.71, 7]","[23.0, 3]","[120.77, 26]","[121.79, 63]",99.74,99,42.05,-0.8
07:32:32,"[86.83, 12]","[30.43, 14]","[121.0, 12]","[122.0, 60]",103.92,98,34.17,-0.47
07:32:33,"[56.0, 7]","[30.86, 28]","[121.0, 14]","[122.0, 70]",88.5,119,65.0,-0.41
07:32:34,"[69.3, 10]","[35.2, 40]","[121.89, 76]","[123.09, 88]",95.6,214,52.59,-0.53
07:32:35,"[84.75, 8]","[40.82, 11]","[122.0, 48]","[124.0, 64]",103.38,131,37.25,-0.71
07:32:36,"[62.14, 22]","[57.14, 28]","[121.69, 16]","[123.97, 73]",91.91,139,59.55,-0.28
07:32:37,"[88.0, 15]","[64.8, 30]","[122.68, 57]","[125.05, 21]",105.34,123,34.68,-0.27
07:32:38,"[59.75, 16]","[9.14, 7]","[121.69, 26]","[124.7, 23]",90.72,72,61.94,-0.36
07:32:39,"[57.0, 8]","[5.46, 26]","[120.0, 24]","[124.0, 24]",88.5,82,63.0,-0.17
07:32:40,"[93.67, 24]","[90.67, 18]","[120.0, 14]","[124.0, 18]",106.83,74,26.33,0.14
07:32:41,"[110.91, 44]","[98.27, 44]","[122.57, 28]","[124.62, 39]",116.74,155,11.66,0.14
07:32:42,"[120.2, 40]","[118.5, 16]","[124.36, 33]","[125.3, 40]",122.28,129,4.16,-0.13
07:32:43,"[123.55, 44]","[121.68, 38]","[125.2, 40]","[145.15, 40]",124.37,162,1.65,0.01
07:32:44,"[124.11, 18]","[101.82, 11]","[125.89, 27]","[369.44, 18]",125.0,74,1.78,-0.22
07:32:45,"[111.43, 7]","[18.86, 28]","[138.21, 19]","[361.91, 11]",124.82,65,26.78,0.08
07:32:46,"[95.98, 43]","[64.09, 11]","[120.0, 24]","[314.09, 11]",107.99,89,24.02,0.21
07:32:47,"[96.0, 72]","[59.41, 29]","[120.0, 20]","[349.28, 18]",108.0,139,24.0,0.45
07:32:48,"[97.41, 32]","[88.93, 14]","[141.5, 6]","[175.0, 6]",119.45,58,44.09,0.59
07:32:49,"[119.8, 30]","[99.9, 20]","[187.0, 5]","[454.0, 5]",153.4,60,67.2,0.67
07:32:50,"[119.8, 45]","[98.07, 57]","[349.14, 14]","[511.07, 14]",234.47,130,229.34,0.57
07:32:51,"[100.08, 52]","[99.28, 32]","[120.0, 24]","[299.0, 14]",110.04,122,19.92,0.38
07:32:52,"[102.62, 37]","[100.5, 12]","[154.44, 18]","[485.73, 11]",128.53,78,51.82,0.26
07:32:53,"[103.54, 57]","[103.0, 27]","[187.69, 51]","[466.07, 28]",145.62,163,84.14,0.03
07:32:54,"[115.13, 23]","[106.0, 33]","[283.75, 16]","[620.33, 12]",199.44,84,168.62,0.33
07:32:55,"[131.0, 42]","[130.0, 10]","[154.0, 20]","[614.6, 10]",142.5,82,23.0,0.27
07:32:56,"[129.95, 19]","[88.29, 21]","[161.78, 18]","[196.53, 17]",145.86,75,31.83,0.07
07:32:57,"[126.0, 20]","[62.45, 42]","[160.0, 20]","[274.8, 20]",143.0,102,34.0,0.22
07:32:58,"[113.22, 27]","[67.75, 60]","[159.83, 24]","[326.07, 15]",136.53,126,46.61,0.38
07:32:59,"[118.68, 138]","[62.96, 28]","[151.38, 13]","[179.82, 11]",135.03,190,32.7,0.75
07:33:00,"[122.0, 142]","[95.6, 63]","[155.85, 13]","[159.67, 12]",138.92,230,33.85,0.78
07:33:01,"[125.48, 107]","[123.17, 186]","[156.5, 24]","[157.67, 24]",140.99,341,31.02,0.72
07:33:02,"[129.95, 41]","[126.78, 111]","[155.0, 20]","[173.32, 19]",142.48,191,25.05,0.59
07:33:03,"[133.41, 61]","[131.88, 48]","[154.25, 40]","[176.0, 23]",143.83,172,20.84,0.27
07:33:04,"[134.41, 59]","[133.32, 62]","[152.0, 55]","[153.0, 22]",143.2,198,17.59,0.22
07:33:05,"[135.0, 91]","[132.67, 45]","[151.09, 55]","[153.0, 22]",143.05,213,16.09,0.28
07:33:06,"[135.0, 134]","[132.0, 63]","[150.13, 53]","[151.42, 38]",142.57,288,15.13,0.37
07:33:07,"[135.0, 100]","[133.0, 70]","[145.74, 23]","[148.2, 35]",140.37,228,10.74,0.49
07:33:08,"[135.0, 120]","[133.0, 84]","[141.65, 34]","[143.2, 25]",138.32,263,6.65,0.55
07:33:09,"[135.0, 102]","[133.0, 105]","[137.3, 33]","[138.62, 37]",136.15,277,2.3,0.49
07:33:10,"[134.12, 32]","[132.62, 52]","[136.5, 16]","[173.73, 22]",135.31,122,2.38,0.38
07:33:11,"[133.0, 25]","[130.17, 29]","[172.5, 20]","[367.73, 22]",152.75,96,39.5,0.12
07:33:12,"[133.0, 6]","[130.0, 24]","[322.0, 24]","[451.83, 12]",227.5,66,189.0,-0.09
07:33:13,"[127.22, 68]","[126.35, 133]","[313.12, 32]","[407.0, 16]",220.17,249,185.9,0.61
07:33:14,"[131.0, 18]","[127.0, 117]","[347.5, 32]","[449.36, 22]",239.25,189,216.5,0.43
07:33:15,"[131.0, 20]","[127.0, 130]","[198.28, 29]","[347.19, 32]",164.64,211,67.28,0.42
07:33:16,"[127.23, 71]","[126.16, 158]","[133.0, 24]","[405.0, 22]",130.11,275,5.77,0.67
07:33:17,"[127.0, 89]","[126.0, 198]","[291.22, 27]","[457.0, 18]",209.11,332,164.22,0.73
07:33:18,"[127.0, 117]","[126.0, 286]","[286.62, 47]","[414.14, 44]",206.81,494,159.62,0.63
07:33:19,"[128.41, 17]","[126.77, 53]","[166.0, 35]","[187.0, 21]",147.21,126,37.59,0.11
07:33:20,"[128.03, 70]","[127.28, 75]","[160.06, 67]","[172.65, 69]",144.04,281,32.03,0.03
07:33:21,"[127.1, 39]","[126.56, 57]","[162.73, 41]","[180.17, 24]",144.92,161,35.63,0.19
07:33:22,"[127.0, 109]","[126.0, 55]","[164.0, 55]","[274.5, 24]",145.5,243,37.0,0.35
07:33:23,"[128.0, 18]","[127.0, 135]","[163.78, 45]","[274.56, 27]",145.89,225,35.78,0.36
07:33:24,"[128.69, 26]","[127.0, 195]","[162.15, 65]","[205.46, 39]",145.42,325,33.46,0.36
07:33:25,"[131.62, 16]","[127.5, 90]","[162.0, 40]","[211.92, 26]",146.81,172,30.38,0.23
07:33:26,"[133.0, 20]","[130.0, 50]","[161.0, 46]","[176.0, 38]",147.0,154,28.0,-0.09
07:33:27,"[134.0, 76]","[130.0, 70]","[158.49, 68]","[159.52, 44]",146.24,258,24.49,0.13
07:33:28,"[134.69, 26]","[130.0, 55]","[156.08, 37]","[157.1, 51]",145.39,169,21.39,-0.04
07:33:29,"[135.0, 28]","[130.36, 66]","[154.5, 42]","[217.98, 50]",144.75,186,19.5,0.01
07:33:30,"[135.0, 28]","[134.0, 42]","[153.13, 52]","[184.93, 58]",144.07,180,18.13,-0.22
07:33:31,"[134.83, 12]","[133.65, 17]","[149.55, 31]","[150.84, 31]",142.19,91,14.72,-0.36
07:33:32,"[134.0, 12]","[131.0, 12]","[146.5, 60]","[148.25, 60]",140.25,144,12.5,-0.67
07:33:33,"[134.0, 9]","[131.0, 9]","[145.33, 45]","[147.0, 45]",139.67,108,11.33,-0.67
07:33:34,"[130.31, 39]","[127.1, 123]","[144.27, 75]","[147.0, 75]",137.29,312,13.96,0.04
07:33:35,"[130.54, 24]","[127.74, 66]","[141.55, 55]","[147.0, 55]",136.04,200,11.0,-0.1
07:33:36,"[132.28, 32]","[131.0, 10]","[138.12, 32]","[140.7, 50]",135.2,124,5.84,-0.32
07:33:37,"[134.73, 59]","[132.65, 62]","[137.26, 78]","[139.61, 102]",135.99,301,2.53,-0.2
07:33:38,"[130.43, 14]","[129.5, 12]","[133.42, 38]","[134.44, 36]",131.92,100,2.99,-0.48
07:33:39,"[130.0, 14]","[129.0, 7]","[132.14, 35]","[134.0, 35]",131.07,91,2.14,-0.54
07:33:40,"[129.2, 40]","[128.16, 19]","[131.22, 45]","[133.62, 37]",130.21,141,2.02,-0.16
07:33:41,"[128.0, 58]","[127.0, 32]","[131.0, 40]","[134.25, 16]",129.5,146,3.0,0.23
07:33:42,"[127.78, 69]","[126.9, 49]","[130.24, 62]","[131.82, 66]",129.01,246,2.46,-0.04
07:33:43,"[126.83, 18]","[102.71, 17]","[128.88, 40]","[129.81, 26]",127.85,101,2.04,-0.31
07:33:44,"[90.56, 18]","[69.24, 74]","[127.76, 38]","[130.19, 26]",109.16,156,37.21,0.18
07:33:45,"[101.22, 64]","[56.48, 71]","[128.45, 29]","[130.21, 38]",114.83,202,27.23,0.34
07:33:46,"[69.83, 48]","[53.05, 40]","[122.81, 31]","[127.39, 33]",96.32,152,52.97,0.16
07:33:47,"[55.1, 40]","[34.67, 18]","[121.5, 40]","[123.86, 28]",88.3,126,66.4,-0.08
07:33:48,"[62.14, 22]","[44.21, 33]","[118.0, 36]","[121.77, 31]",90.07,122,55.86,-0.1
07:33:49,"[55.45, 38]","[53.81, 26]","[120.83, 29]","[123.76, 29]",88.14,122,65.38,0.05
07:33:50,"[56.38, 24]","[55.25, 24]","[122.0, 8]","[124.56, 18]",89.19,74,65.62,0.3
07:33:51,"[57.33, 15]","[56.31, 29]","[122.0, 7]","[124.0, 14]",89.67,65,64.67,0.35
07:33:52,"[61.35, 20]","[60.07, 28]","[122.0, 10]","[124.0, 30]",91.67,88,60.65,0.09
07:33:53,"[87.05, 22]","[78.96, 28]","[123.96, 54]","[124.83, 40]",105.5,144,36.92,-0.31
07:33:54,"[107.31, 35]","[104.63, 27]","[124.0, 33]","[125.0, 33]",115.66,128,16.69,-0.03
07:33:55,"[111.3, 30]","[110.21, 34]","[124.0, 42]","[125.0, 42]",117.65,148,12.7,-0.14
07:33:56,"[113.84, 19]","[112.31, 13]","[124.0, 21]","[125.0, 21]",118.92,74,10.16,-0.14
07:33:57,"[115.46, 13]","[114.87, 15]","[120.52, 31]","[123.12, 26]",117.99,85,5.05,-0.34
07:33:58,"[116.55, 11]","[108.82, 39]","[118.0, 21]","[120.0, 84]",117.27,155,1.45,-0.35
07:33:59,"[117.0, 9]","[109.45, 44]","[119.84, 49]","[120.12, 41]",118.42,143,2.84,-0.26
07:34:00,"[117.86, 21]","[79.33, 24]","[120.0, 81]","[121.0, 9]",118.93,135,2.14,-0.33
07:34:01,"[106.26, 31]","[69.21, 38]","[120.0, 77]","[121.0, 10]",113.13,156,13.74,-0.12
07:34:02,"[105.0, 20]","[73.0, 10]","[120.0, 38]","[121.0, 5]",112.5,73,15.0,-0.18
07:34:03,"[105.86, 29]","[100.45, 22]","[120.0, 36]","[121.0, 6]",112.93,93,14.14,0.1
07:34:04,"[106.57, 35]","[88.29, 28]","[120.0, 15]","[121.0, 7]",113.29,85,13.43,0.48
07:34:05,"[107.3, 50]","[86.0, 40]","[121.0, 10]","[122.0, 20]",114.15,120,13.7,0.5
07:34:06,"[109.0, 30]","[74.0, 20]","[123.86, 21]","[125.33, 12]",116.43,83,14.86,0.2
07:34:07,"[109.0, 30]","[75.0, 12]","[120.43, 14]","[124.18, 22]",114.71,78,11.43,0.08
07:34:08,"[110.17, 30]","[83.0, 12]","[119.0, 12]","[124.0, 24]",114.58,78,8.83,0.08
07:34:09,"[112.0, 44]","[107.5, 44]","[119.0, 20]","[124.0, 40]",115.5,148,7.0,0.19
07:34:10,"[115.5, 36]","[113.89, 36]","[119.0, 16]","[124.0, 32]",117.25,120,3.5,0.2
07:34:11,"[117.78, 45]","[115.0, 36]","[119.0, 18]","[124.0, 36]",118.39,135,1.22,0.2
07:34:12,"[116.37, 81]","[105.91, 44]","[121.3, 23]","[124.13, 47]",118.84,195,4.93,0.28
07:34:13,"[120.05, 88]","[118.37, 76]","[124.0, 32]","[125.0, 30]",122.02,226,3.95,0.45
07:34:14,"[123.86, 57]","[95.61, 66]","[180.12, 32]","[307.1, 21]",151.99,176,56.27,0.4
07:34:15,"[127.6, 50]","[126.34, 74]","[191.12, 32]","[205.34, 29]",159.36,185,63.53,0.34
07:34:16,"[128.57, 56]","[127.31, 80]","[188.86, 42]","[190.83, 48]",158.71,226,60.29,0.2
07:34:17,"[129.0, 54]","[126.0, 42]","[189.0, 24]","[191.0, 24]",159.0,144,60.0,0.33
07:34:18,"[131.33, 63]","[128.91, 45]","[188.0, 36]","[189.0, 36]",159.67,180,56.67,0.2
07:34:19,"[133.0, 99]","[127.0, 22]","[185.88, 32]","[187.63, 35]",159.44,188,52.88,0.29
07:34:20,"[133.0, 72]","[127.0, 16]","[182.5, 32]","[183.35, 17]",157.75,137,49.5,0.28
07:34:21,"[133.0, 127]","[127.69, 26]","[178.5, 64]","[180.19, 64]",155.75,281,45.5,0.09
07:34:22,"[133.5, 84]","[130.31, 16]","[173.92, 48]","[175.25, 48]",153.71,196,40.42,0.02
07:34:23,"[135.0, 64]","[130.88, 40]","[171.0, 44]","[172.89, 36]",153.0,184,36.0,0.13
07:34:24,"[130.0, 36]","[127.33, 27]","[167.91, 22]","[169.38, 32]",148.95,117,37.91,0.08
07:34:25,"[127.59, 34]","[126.25, 32]","[164.33, 18]","[166.73, 30]",145.96,114,36.75,0.16
07:34:26,"[127.45, 58]","[126.2, 40]","[159.8, 40]","[161.0, 38]",143.62,176,32.35,0.11
07:34:27,"[130.0, 12]","[128.0, 78]","[157.0, 24]","[158.33, 24]",143.5,138,27.0,0.3
07:34:28,"[133.77, 103]","[128.63, 57]","[153.05, 42]","[154.36, 44]",143.41,246,19.28,0.3
07:34:29,"[134.0, 111]","[130.0, 14]","[151.0, 14]","[152.0, 28]",142.5,167,17.0,0.5
07:34:30,"[134.0, 156]","[130.6, 15]","[149.06, 34]","[150.57, 46]",141.53,251,15.06,0.36
07:34:31,"[134.0, 104]","[131.0, 8]","[144.71, 28]","[146.4, 20]",139.36,160,10.71,0.4
07:34:32,"[134.0, 143]","[131.0, 11]","[140.27, 37]","[141.37, 38]",137.14,229,6.27,0.34
07:34:33,"[134.0, 95]","[131.0, 10]","[135.43, 37]","[136.36, 33]",134.72,175,1.43,0.2
07:34:34,"[134.0, 13]","[131.89, 9]","[141.09, 33]","[375.0, 12]",137.55,67,7.09,-0.34
07:34:35,"[130.89, 9]","[128.11, 36]","[201.58, 24]","[250.8, 15]",166.24,84,70.69,0.07
07:34:36,"[130.0, 13]","[128.0, 91]","[196.68, 38]","[197.0, 40]",163.34,182,66.68,0.14
07:34:37,"[130.0, 5]","[128.0, 35]","[179.8, 15]","[186.27, 11]",154.9,66,49.8,0.21
07:34:38,"[130.65, 23]","[128.1, 59]","[162.47, 34]","[163.38, 32]",146.56,148,31.82,0.11
07:34:39,"[132.25, 60]","[130.0, 12]","[160.15, 26]","[162.87, 46]",146.2,144,27.9,0.0
07:34:40,"[134.27, 55]","[130.0, 11]","[157.91, 44]","[160.0, 22]",146.09,132,23.64,0.0
07:34:41,"[135.0, 50]","[130.0, 9]","[152.44, 32]","[155.17, 23]",143.72,114,17.44,0.04
07:34:42,"[135.0, 78]","[130.0, 13]","[146.08, 50]","[147.57, 28]",140.54,169,11.08,0.08
07:34:43,"[134.85, 33]","[130.62, 13]","[144.06, 34]","[145.18, 44]",139.45,124,9.21,-0.26
07:34:44,"[134.0, 10]","[129.12, 16]","[140.32, 38]","[141.27, 22]",137.16,86,6.32,-0.4
07:34:45,"[134.0, 11]","[129.12, 32]","[138.9, 40]","[139.69, 26]",136.45,109,4.9,-0.21
07:34:46,"[134.0, 10]","[130.0, 20]","[136.82, 22]","[138.89, 38]",135.41,90,2.82,-0.33
07:34:47,"[134.0, 9]","[130.0, 18]","[136.0, 36]","[137.0, 18]",135.0,81,2.0,-0.33
07:34:48,"[132.4, 15]","[128.92, 39]","[135.29, 42]","[180.0, 27]",133.84,123,2.89,-0.12
07:34:49,"[130.0, 35]","[127.31, 157]","[133.8, 30]","[146.78, 36]",131.9,258,3.8,0.49
07:34:50,"[129.75, 24]","[127.07, 168]","[131.2, 46]","[213.92, 36]",130.47,274,1.45,0.4
07:34:51,"[129.0, 8]","[127.2, 90]","[130.0, 28]","[328.71, 21]",129.5,147,1.0,0.33
07:34:52,"[128.25, 48]","[127.71, 102]","[129.72, 72]","[275.76, 50]",128.99,272,1.47,0.1
07:34:53,"[128.24, 63]","[127.22, 82]","[252.16, 25]","[534.53, 19]",190.2,189,123.92,0.53
07:34:54,"[128.39, 46]","[127.39, 92]","[271.4, 15]","[537.54, 35]",199.9,188,143.01,0.47
07:34:55,"[127.22, 54]","[126.43, 56]","[278.0, 13]","[321.08, 26]",202.61,149,150.78,0.48
07:34:56,"[127.03, 29]","[126.26, 27]","[158.67, 18]","[332.8, 15]",142.85,89,31.63,0.26
07:34:57,"[128.89, 9]","[127.0, 56]","[186.43, 28]","[322.11, 28]",157.66,121,57.54,0.07
07:34:58,"[130.0, 16]","[127.0, 96]","[289.93, 43]","[504.18, 51]",209.97,206,159.93,0.09
07:34:59,"[130.58, 12]","[127.0, 72]","[244.53, 43]","[305.43, 37]",187.56,164,113.95,0.02
07:35:00,"[127.35, 69]","[103.74, 19]","[140.0, 48]","[195.74, 38]",133.67,174,12.65,0.01
07:35:01,"[127.57, 77]","[80.18, 34]","[139.06, 64]","[345.15, 52]",133.32,227,11.49,-0.02
07:35:02,"[131.0, 109]","[129.2, 82]","[137.53, 38]","[222.64, 44]",134.26,273,6.53,0.4
07:35:03,"[131.43, 63]","[130.13, 138]","[135.67, 36]","[137.0, 9]",133.55,246,4.24,0.63
07:35:04,"[132.77, 52]","[129.98, 118]","[134.83, 24]","[439.73, 41]",133.8,235,2.06,0.45
07:35:05,"[131.0, 40]","[128.1, 200]","[135.0, 10]","[261.0, 20]",133.0,270,4.0,0.78
07:35:06,"[129.47, 120]","[128.55, 165]","[134.08, 12]","[254.71, 28]",131.78,325,4.62,0.75
07:35:07,"[129.0, 176]","[126.86, 73]","[133.22, 23]","[159.62, 16]",131.11,288,4.22,0.73
07:35:08,"[129.09, 88]","[127.57, 113]","[132.33, 27]","[134.0, 9]",130.71,237,3.24,0.7
07:35:09,"[130.92, 24]","[127.0, 276]","[132.0, 36]","[134.0, 12]",131.46,348,1.08,0.72
07:35:10,"[127.17, 70]","[126.75, 61]","[234.6, 15]","[428.38, 8]",180.89,154,107.43,0.7
07:35:11,"[127.0, 63]","[126.0, 27]","[198.58, 19]","[223.45, 22]",162.79,131,71.58,0.37
07:35:12,"[127.0, 70]","[126.0, 30]","[196.34, 29]","[198.14, 21]",161.67,150,69.34,0.33
07:35:13,"[127.0, 52]","[126.0, 91]","[151.9, 29]","[166.5, 28]",139.45,200,24.9,0.43
07:35:14,"[126.2, 45]","[125.18, 132]","[138.11, 18]","[139.11, 18]",132.16,213,11.91,0.66
07:35:15,"[126.0, 15]","[125.0, 90]","[136.62, 13]","[137.64, 11]",131.31,129,10.62,0.63
07:35:16,"[126.0, 10]","[125.0, 180]","[134.5, 20]","[135.6, 25]",130.25,235,8.5,0.62
07:35:17,"[127.11, 9]","[125.01, 127]","[134.25, 16]","[135.33, 18]",130.68,170,7.14,0.6
07:35:18,"[131.0, 20]","[129.2, 40]","[134.31, 26]","[135.5, 24]",132.65,110,3.31,0.09
07:35:19,"[131.0, 14]","[130.0, 112]","[134.0, 21]","[135.0, 14]",132.5,161,3.0,0.57
07:35:20,"[130.09, 117]","[129.68, 87]","[131.71, 35]","[178.46, 35]",130.9,274,1.63,0.49
07:35:21,"[130.0, 182]","[126.0, 11]","[150.35, 23]","[428.53, 19]",140.17,235,20.35,0.64
07:35:22,"[130.0, 96]","[126.0, 6]","[222.4, 15]","[261.94, 17]",176.2,134,92.4,0.52
07:35:23,"[130.19, 52]","[129.86, 83]","[328.47, 15]","[510.64, 11]",229.33,161,198.27,0.68
07:35:24,"[130.0, 104]","[126.0, 8]","[159.25, 32]","[419.0, 8]",144.62,152,29.25,0.47
07:35:25,"[130.0, 73]","[126.0, 7]","[149.0, 28]","[367.0, 7]",139.5,115,19.0,0.39
07:35:26,"[130.0, 90]","[126.28, 50]","[182.33, 36]","[445.0, 12]",156.17,188,52.33,0.49
07:35:27,"[130.9, 40]","[129.71, 56]","[263.43, 28]","[485.0, 7]",197.16,131,132.53,0.47
07:35:28,"[133.06, 68]","[131.33, 84]","[214.67, 48]","[217.0, 48]",173.86,248,81.61,0.23
07:35:29,"[135.0, 60]","[133.29, 68]","[214.0, 40]","[218.0, 40]",174.5,208,79.0,0.23
07:35:30,"[135.0, 56]","[134.0, 35]","[211.56, 18]","[213.71, 28]",173.28,137,76.56,0.33
07:35:31,"[135.0, 84]","[134.0, 55]","[210.0, 22]","[212.0, 44]",172.5,205,75.0,0.36
07:35:32,"[135.0, 44]","[134.0, 55]","[209.1, 40]","[210.62, 26]",172.05,165,74.1,0.2
07:35:33,"[135.0, 36]","[134.0, 45]","[207.47, 30]","[208.67, 24]",171.23,135,72.47,0.2
07:35:34,"[135.0, 44]","[134.0, 55]","[205.5, 24]","[207.05, 42]",170.25,165,70.5,0.2
07:35:35,"[135.0, 48]","[134.0, 60]","[183.81, 42]","[193.61, 41]",159.4,191,48.81,0.13
07:35:36,"[135.0, 36]","[134.0, 65]","[179.38, 26]","[198.0, 65]",157.19,192,44.38,0.05
07:35:37,"[135.0, 26]","[134.0, 65]","[174.31, 39]","[191.88, 34]",154.65,164,39.31,0.11
07:35:38,"[134.33, 24]","[133.24, 84]","[170.78, 36]","[171.29, 34]",152.56,178,36.44,0.21
07:35:39,"[133.03, 60]","[131.33, 48]","[166.33, 18]","[167.56, 18]",149.68,144,33.3,0.5
07:35:40,"[133.0, 66]","[131.0, 55]","[162.67, 36]","[164.36, 22]",147.83,179,29.67,0.35
07:35:41,"[133.0, 42]","[131.0, 45]","[160.2, 20]","[161.18, 34]",146.6,141,27.2,0.23
07:35:42,"[133.0, 32]","[131.0, 80]","[158.88, 32]","[161.0, 64]",145.94,208,25.88,0.08
07:35:43,"[133.0, 24]","[130.64, 55]","[155.62, 26]","[156.62, 32]",144.31,137,22.62,0.15
07:35:44,"[133.0, 24]","[130.26, 27]","[153.38, 32]","[154.5, 24]",143.19,107,20.38,-0.05
07:35:45,"[133.0, 26]","[131.0, 13]","[151.17, 30]","[152.17, 36]",142.08,105,18.17,-0.26
07:35:46,"[131.69, 32]","[128.57, 23]","[147.52, 50]","[149.17, 48]",139.6,153,15.83,-0.28
07:35:47,"[130.67, 72]","[128.5, 24]","[142.57, 30]","[144.8, 30]",136.62,156,11.9,0.23
07:35:48,"[130.0, 143]","[127.0, 26]","[138.61, 38]","[140.0, 27]",134.3,234,8.61,0.44
07:35:49,"[130.0, 121]","[127.0, 22]","[137.22, 36]","[138.0, 31]",133.61,210,7.22,0.36
07:35:50,"[130.0, 154]","[127.0, 28]","[133.65, 52]","[135.09, 43]",131.83,277,3.65,0.31
07:35:51,"[130.0, 119]","[127.0, 22]","[131.8, 41]","[133.08, 36]",130.9,218,1.8,0.29
07:35:52,"[130.0, 51]","[127.0, 16]","[131.0, 32]","[221.6, 10]",130.5,109,1.0,0.23
07:35:53,"[128.83, 46]","[126.53, 19]","[130.5, 56]","[260.0, 14]",129.66,135,1.67,-0.04
07:35:54,"[127.0, 20]","[126.0, 10]","[129.0, 26]","[260.0, 10]",128.0,66,2.0,-0.09
07:35:55,"[127.67, 18]","[126.22, 9]","[250.2, 20]","[333.0, 18]",188.93,65,122.53,-0.17
07:35:56,"[130.15, 52]","[127.16, 37]","[203.86, 42]","[341.36, 56]",167.01,187,73.7,-0.05
07:35:57,"[128.12, 132]","[125.42, 31]","[260.9, 31]","[349.27, 52]",194.51,246,132.78,0.33
07:35:58,"[130.43, 56]","[126.0, 10]","[257.94, 31]","[260.86, 21]",194.18,118,127.51,0.12
07:35:59,"[131.29, 28]","[129.0, 16]","[170.59, 29]","[243.5, 24]",150.94,97,39.3,-0.09
07:36:00,"[131.49, 39]","[129.68, 37]","[135.39, 38]","[149.41, 56]",133.44,170,3.91,-0.11
07:36:01,"[131.79, 28]","[130.13, 30]","[133.5, 24]","[236.89, 27]",132.64,109,1.71,0.06
07:36:02,"[131.79, 47]","[130.24, 29]","[400.16, 37]","[637.44, 27]",265.97,140,268.37,0.09
07:36:03,"[130.31, 78]","[127.67, 24]","[453.67, 54]","[553.58, 45]",291.99,201,323.36,0.01
07:36:04,"[130.0, 56]","[126.0, 12]","[143.91, 33]","[281.18, 45]",136.95,146,13.91,-0.07
07:36:05,"[130.0, 12]","[126.0, 15]","[142.0, 8]","[180.0, 8]",136.0,43,12.0,0.26
07:36:06,"[130.0, 27]","[126.0, 53]","[141.14, 28]","[169.17, 24]",135.57,132,11.14,0.21
07:36:07,"[126.89, 64]","[122.87, 46]","[141.0, 18]","[180.0, 18]",133.95,146,14.11,0.51
07:36:08,"[135.0, 30]","[129.79, 76]","[141.0, 20]","[152.86, 35]",138.0,161,6.0,0.32
07:36:09,"[135.0, 135]","[130.0, 117]","[140.0, 26]","[163.71, 35]",137.5,313,5.0,0.61
07:36:10,"[135.0, 117]","[130.09, 92]","[140.0, 24]","[272.22, 36]",137.5,269,5.0,0.55
07:36:11,"[135.0, 26]","[134.0, 7]","[137.91, 11]","[138.8, 10]",136.45,54,2.91,0.22
07:36:12,"[134.43, 14]","[130.12, 100]","[135.78, 18]","[136.47, 15]",135.1,147,1.35,0.55
07:36:13,"[130.13, 61]","[129.1, 40]","[134.5, 8]","[180.33, 12]",132.32,121,4.37,0.67
07:36:14,"[130.0, 74]","[127.0, 20]","[132.83, 12]","[134.0, 10]",131.42,116,2.83,0.62
07:36:15,"[130.0, 27]","[127.0, 16]","[131.83, 12]","[176.0, 16]",130.92,71,1.83,0.21
07:36:16,"[130.0, 9]","[127.0, 8]","[131.0, 4]","[269.5, 8]",130.5,29,1.0,0.17
07:36:17,"[130.0, 7]","[127.0, 12]","[293.69, 26]","[716.07, 15]",211.85,60,163.69,-0.37
07:36:18,"[130.53, 34]","[128.96, 23]","[395.56, 32]","[672.82, 17]",263.05,106,265.03,0.08
07:36:19,"[132.38, 48]","[130.0, 40]","[428.62, 16]","[567.24, 37]",280.5,141,296.25,0.25
07:36:20,"[133.0, 44]","[130.0, 45]","[159.41, 17]","[249.0, 18]",146.21,124,26.41,0.44
07:36:21,"[131.04, 26]","[129.42, 31]","[141.38, 8]","[212.5, 16]",136.21,81,10.34,0.41
07:36:22,"[131.16, 31]","[130.76, 67]","[140.78, 9]","[282.0, 18]",135.97,125,9.62,0.57
07:36:23,"[131.38, 45]","[130.92, 61]","[140.0, 12]","[282.0, 24]",135.69,142,8.62,0.49
07:36:24,"[131.0, 24]","[130.0, 8]","[139.38, 8]","[273.68, 19]",135.19,59,8.38,0.08
07:36:25,"[131.0, 24]","[130.0, 6]","[139.0, 6]","[202.67, 15]",135.0,51,8.0,0.18
07:36:26,"[131.0, 56]","[130.0, 13]","[138.31, 13]","[238.76, 29]",134.65,111,7.31,0.24
07:36:27,"[131.0, 48]","[130.0, 16]","[136.25, 16]","[372.12, 32]",133.62,112,5.25,0.14
07:36:28,"[131.0, 16]","[130.0, 22]","[134.75, 12]","[414.08, 24]",132.88,74,3.75,0.03
07:36:29,"[127.18, 44]","[127.85, 13]","[133.0, 9]","[564.0, 18]",130.09,84,5.82,0.36
07:36:30,"[127.0, 84]","[126.0, 14]","[132.06, 34]","[165.81, 16]",129.53,148,5.06,0.32
07:36:31,"[127.0, 77]","[126.0, 13]","[129.18, 22]","[131.24, 21]",128.09,133,2.18,0.35
07:36:32,"[128.7, 60]","[126.91, 23]","[238.42, 19]","[267.18, 22]",183.56,124,109.72,0.34
07:36:33,"[131.74, 39]","[131.25, 63]","[300.7, 20]","[340.73, 22]",216.22,144,168.96,0.42
07:36:34,"[132.0, 84]","[131.0, 72]","[299.83, 24]","[516.19, 31]",215.92,211,167.83,0.48
07:36:35,"[132.0, 63]","[131.0, 54]","[299.0, 18]","[477.67, 36]",215.5,171,167.0,0.37
07:36:36,"[132.71, 49]","[131.0, 42]","[270.38, 16]","[366.64, 22]",201.54,129,137.66,0.41
07:36:37,"[133.26, 43]","[130.95, 38]","[270.8, 20]","[363.26, 23]",202.03,124,137.54,0.31
07:36:38,"[131.0, 30]","[130.0, 10]","[297.3, 20]","[511.0, 30]",214.15,90,166.3,-0.11
07:36:39,"[131.0, 18]","[130.0, 6]","[245.14, 14]","[260.29, 14]",188.07,52,114.14,-0.08
07:36:40,"[131.0, 30]","[130.0, 10]","[242.3, 20]","[243.8, 20]",186.65,80,111.3,0.0
07:36:41,"[131.0, 170]","[130.0, 9]","[209.27, 22]","[240.11, 18]",170.14,219,78.27,0.63
07:36:42,"[131.0, 192]","[130.0, 8]","[238.25, 16]","[344.2, 20]",184.62,236,107.25,0.69
07:36:43,"[131.0, 33]","[130.0, 9]","[234.78, 18]","[236.11, 18]",182.89,78,103.78,0.08
07:36:44,"[131.0, 29]","[128.09, 33]","[224.56, 27]","[226.07, 28]",177.78,117,93.56,0.06
07:36:45,"[131.0, 9]","[130.0, 27]","[216.11, 18]","[217.67, 18]",173.56,72,85.11,0.0
07:36:46,"[125.42, 19]","[107.02, 58]","[212.93, 30]","[214.4, 30]",169.18,137,87.51,0.12
07:36:47,"[132.26, 19]","[128.93, 28]","[193.0, 28]","[200.0, 28]",162.63,103,60.74,-0.09
07:36:48,"[127.34, 73]","[126.4, 70]","[162.15, 26]","[163.5, 28]",144.75,197,34.81,0.45
07:36:49,"[129.85, 52]","[127.44, 81]","[158.62, 26]","[160.92, 26]",144.23,185,28.77,0.44
07:36:50,"[131.27, 60]","[129.0, 45]","[154.2, 30]","[155.2, 30]",142.73,165,22.93,0.27
07:36:51,"[132.29, 68]","[129.4, 40]","[151.0, 28]","[153.0, 28]",141.65,164,18.71,0.32
07:36:52,"[133.82, 110]","[132.55, 44]","[147.0, 19]","[148.0, 22]",140.41,195,13.18,0.58
07:36:53,"[134.67, 60]","[133.0, 24]","[143.09, 11]","[143.91, 11]",138.88,106,8.42,0.58
07:36:54,"[135.0, 140]","[133.0, 60]","[139.93, 28]","[141.43, 21]",137.46,249,4.93,0.61
07:36:55,"[133.5, 20]","[130.89, 38]","[137.56, 18]","[138.56, 18]",135.53,94,4.06,0.23
07:36:56,"[133.0, 13]","[131.0, 65]","[136.54, 26]","[137.69, 26]",134.77,130,3.54,0.2
07:36:57,"[131.09, 47]","[129.07, 28]","[134.17, 12]","[136.82, 22]",132.63,109,3.08,0.38
07:36:58,"[131.0, 32]","[127.67, 27]","[132.09, 22]","[211.08, 24]",131.55,105,1.09,0.12
07:36:59,"[130.33, 9]","[127.28, 25]","[277.45, 22]","[468.53, 34]",203.89,90,147.12,-0.24
07:37:00,"[128.0, 10]","[127.0, 90]","[257.88, 34]","[373.11, 35]",192.94,169,129.88,0.18
07:37:01,"[128.64, 33]","[127.03, 111]","[264.73, 49]","[492.45, 47]",196.69,240,136.1,0.2
07:37:02,"[129.82, 117]","[127.49, 35]","[201.0, 95]","[306.53, 30]",165.41,277,71.18,0.1
07:37:03,"[131.19, 52]","[127.43, 94]","[214.8, 46]","[302.06, 32]",173.0,224,83.61,0.3
07:37:04,"[132.0, 16]","[128.0, 32]","[199.38, 24]","[210.83, 23]",165.69,95,67.38,0.01
07:37:05,"[133.44, 25]","[129.67, 30]","[199.0, 30]","[200.0, 30]",166.22,115,65.56,-0.04
07:37:06,"[128.67, 39]","[127.24, 83]","[151.24, 58]","[207.0, 34]",139.95,214,22.57,0.14
07:37:07,"[128.05, 21]","[127.08, 49]","[198.33, 18]","[543.12, 26]",163.19,114,70.29,0.23
07:37:08,"[131.0, 90]","[129.12, 64]","[347.77, 44]","[440.78, 41]",239.39,239,216.77,0.29
07:37:09,"[131.0, 66]","[130.0, 72]","[250.0, 30]","[408.67, 30]",190.5,198,119.0,0.39
07:37:10,"[131.8, 45]","[130.41, 81]","[338.46, 26]","[449.81, 32]",235.13,184,206.66,0.37
07:37:11,"[131.0, 63]","[130.0, 84]","[393.23, 26]","[425.35, 23]",262.12,196,262.23,0.5
07:37:12,"[131.0, 45]","[130.0, 60]","[392.14, 22]","[610.46, 13]",261.57,140,261.14,0.5
07:37:13,"[131.0, 54]","[130.0, 75]","[384.5, 30]","[386.0, 12]",257.75,171,253.5,0.51
07:37:14,"[131.0, 63]","[130.0, 91]","[370.75, 20]","[382.41, 29]",250.88,203,239.75,0.52
07:37:15,"[131.31, 26]","[130.58, 62]","[348.96, 24]","[358.0, 21]",240.13,133,217.65,0.32
07:37:16,"[132.93, 28]","[131.18, 44]","[336.88, 40]","[339.0, 40]",234.9,152,203.95,-0.05
07:37:17,"[131.23, 52]","[130.26, 105]","[273.51, 39]","[294.78, 45]",202.37,241,142.28,0.3
07:37:18,"[131.0, 50]","[130.0, 104]","[167.1, 31]","[181.71, 24]",149.05,209,36.1,0.47
07:37:19,"[131.0, 72]","[130.0, 156]","[156.02, 57]","[157.35, 48]",143.51,333,25.02,0.37
07:37:20,"[131.0, 62]","[130.0, 143]","[147.84, 49]","[148.91, 55]",139.42,309,16.84,0.33
07:37:21,"[131.38, 48]","[130.17, 141]","[144.36, 73]","[145.33, 67]",137.87,329,12.98,0.15
07:37:22,"[131.0, 48]","[130.0, 156]","[142.53, 43]","[143.9, 50]",136.77,297,11.53,0.37
07:37:23,"[131.0, 54]","[130.0, 195]","[139.33, 48]","[140.39, 33]",135.17,330,8.33,0.51
07:37:24,"[131.0, 30]","[130.0, 195]","[136.84, 67]","[137.64, 47]",133.92,339,5.84,0.33
07:37:25,"[130.27, 74]","[129.84, 149]","[133.17, 29]","[134.03, 62]",131.72,314,2.9,0.42
07:37:26,"[130.0, 190]","[127.92, 61]","[131.67, 24]","[158.65, 55]",130.83,330,1.67,0.52
07:37:27,"[130.2, 60]","[128.5, 60]","[253.5, 20]","[397.0, 20]",191.85,160,123.3,0.5
07:37:28,"[131.0, 21]","[130.0, 57]","[210.29, 14]","[298.4, 20]",170.64,112,79.29,0.39
07:37:29,"[131.1, 40]","[130.04, 138]","[213.71, 28]","[284.65, 34]",172.41,240,82.61,0.48
07:37:30,"[132.0, 20]","[131.0, 30]","[177.31, 26]","[248.0, 20]",154.65,96,45.31,0.04
07:37:31,"[133.57, 28]","[131.4, 30]","[148.0, 22]","[157.26, 31]",140.79,111,14.43,0.05
07:37:32,"[134.71, 28]","[133.31, 26]","[148.0, 24]","[165.08, 24]",141.36,102,13.29,0.06
07:37:33,"[135.0, 28]","[134.0, 28]","[147.36, 28]","[216.57, 28]",141.18,112,12.36,0.0
07:37:34,"[135.0, 22]","[134.0, 22]","[146.09, 22]","[343.0, 22]",140.55,88,11.09,0.0
07:37:35,"[135.0, 20]","[134.0, 20]","[143.6, 20]","[164.2, 20]",139.3,80,8.6,0.0
07:37:36,"[131.5, 16]","[130.07, 112]","[141.55, 22]","[142.73, 22]",136.52,172,10.05,0.49
07:37:37,"[130.05, 81]","[129.22, 72]","[139.65, 17]","[141.09, 22]",134.85,192,9.6,0.59
07:37:38,"[130.0, 57]","[128.0, 48]","[136.73, 11]","[137.4, 10]",133.36,126,6.73,0.67
07:37:39,"[130.0, 66]","[128.0, 88]","[135.18, 17]","[136.38, 16]",132.59,187,5.18,0.65
07:37:40,"[130.0, 72]","[128.0, 76]","[133.22, 18]","[134.5, 16]",131.61,182,3.22,0.63
07:37:41,"[130.0, 47]","[128.0, 36]","[131.59, 17]","[132.69, 13]",130.79,113,1.59,0.47
07:37:42,"[128.25, 32]","[127.36, 44]","[130.95, 21]","[222.57, 14]",129.6,111,2.7,0.37
07:37:43,"[128.77, 13]","[127.71, 28]","[131.38, 16]","[352.42, 19]",130.07,76,2.61,0.08
07:37:44,"[128.0, 32]","[127.0, 32]","[131.5, 10]","[391.16, 31]",129.75,105,3.5,0.22
07:37:45,"[128.33, 36]","[127.16, 38]","[137.21, 19]","[195.68, 37]",132.77,130,8.88,0.14
07:37:46,"[127.0, 35]","[126.0, 5]","[171.57, 21]","[323.47, 19]",149.29,80,44.57,0.0
07:37:47,"[135.0, 27]","[127.0, 63]","[199.0, 45]","[347.0, 18]",167.0,153,64.0,0.18
07:37:48,"[135.0, 17]","[132.11, 94]","[254.9, 21]","[457.2, 15]",194.95,147,119.9,0.51
07:37:49,"[135.0, 12]","[133.0, 120]","[423.92, 13]","[505.47, 17]",279.46,162,288.92,0.63
07:37:50,"[133.08, 100]","[129.7, 89]","[341.54, 26]","[682.42, 19]",237.31,234,208.46,0.62
07:37:51,"[133.0, 107]","[127.0, 63]","[540.0, 21]","[734.0, 27]",336.5,218,407.0,0.56
07:37:52,"[133.0, 72]","[127.0, 63]","[618.0, 27]","[748.0, 27]",375.5,189,485.0,0.43
07:37:53,"[133.0, 96]","[127.0, 84]","[345.67, 54]","[415.19, 42]",239.33,276,212.67,0.3
07:37:54,"[133.0, 52]","[127.0, 49]","[284.58, 31]","[302.6, 25]",208.79,157,151.58,0.29
07:37:55,"[133.0, 27]","[127.0, 56]","[300.12, 40]","[303.0, 24]",216.56,147,167.12,0.13
07:37:56,"[133.0, 15]","[127.0, 35]","[260.37, 19]","[299.43, 21]",196.68,90,127.37,0.11
07:37:57,"[133.5, 30]","[128.23, 44]","[217.08, 38]","[394.58, 26]",175.29,138,83.58,0.07
07:37:58,"[133.0, 18]","[128.57, 14]","[217.0, 30]","[540.0, 18]",175.0,80,84.0,-0.2
07:37:59,"[131.98, 48]","[129.93, 30]","[216.56, 54]","[338.12, 48]",174.27,180,84.58,-0.13
07:38:00,"[132.0, 9]","[131.0, 27]","[213.7, 40]","[215.83, 41]",172.85,117,81.7,-0.38
07:38:01,"[131.29, 7]","[130.09, 22]","[212.57, 35]","[214.0, 28]",171.93,92,81.29,-0.37
07:38:02,"[128.6, 5]","[126.14, 14]","[211.0, 25]","[214.0, 20]",169.8,64,82.4,-0.41
07:38:03,"[132.08, 48]","[127.67, 24]","[210.2, 50]","[211.41, 58]",171.14,180,78.12,-0.2
07:38:04,"[132.5, 36]","[126.88, 34]","[208.98, 48]","[210.1, 51]",170.74,169,76.48,-0.17
07:38:05,"[127.0, 24]","[126.0, 32]","[205.92, 37]","[207.43, 35]",166.46,128,78.92,-0.12
07:38:06,"[126.83, 18]","[125.95, 21]","[203.33, 30]","[207.0, 24]",165.08,93,76.5,-0.16
07:38:07,"[126.0, 18]","[125.0, 6]","[202.67, 30]","[207.0, 24]",164.33,78,76.67,-0.38
07:38:08,"[126.62, 16]","[125.88, 17]","[201.15, 34]","[204.48, 29]",163.89,96,74.52,-0.31
07:38:09,"[127.0, 24]","[126.0, 36]","[195.92, 36]","[198.38, 42]",161.46,138,68.92,-0.13
07:38:10,"[132.88, 25]","[127.6, 20]","[185.67, 45]","[194.57, 21]",159.27,111,52.79,-0.19
07:38:11,"[131.71, 63]","[130.77, 52]","[192.91, 55]","[196.0, 11]",162.31,181,61.19,0.27
07:38:12,"[131.0, 88]","[130.0, 22]","[190.95, 39]","[191.88, 34]",160.97,183,59.95,0.2
07:38:13,"[131.0, 88]","[130.0, 24]","[144.95, 20]","[186.55, 42]",137.97,174,13.95,0.29
07:38:14,"[131.0, 75]","[130.0, 31]","[141.67, 15]","[187.61, 31]",136.33,152,10.67,0.39
07:38:15,"[131.0, 40]","[130.0, 39]","[137.23, 13]","[138.42, 12]",134.12,104,6.23,0.52
07:38:16,"[130.1, 39]","[128.09, 45]","[132.69, 29]","[248.59, 29]",131.4,142,2.59,0.18
07:38:17,"[127.0, 14]","[125.17, 24]","[133.0, 7]","[387.32, 31]",130.0,76,6.0,0.0
07:38:18,"[128.98, 82]","[127.58, 85]","[132.11, 37]","[179.4, 15]",130.54,219,3.13,0.53
07:38:19,"[132.35, 151]","[130.04, 81]","[233.78, 45]","[293.59, 17]",183.06,294,101.43,0.58
07:38:20,"[133.0, 125]","[130.27, 55]","[243.0, 50]","[383.2, 10]",188.0,240,110.0,0.5
07:38:21,"[133.0, 176]","[127.0, 106]","[243.0, 55]","[412.0, 11]",188.0,348,110.0,0.62
07:38:22,"[133.73, 110]","[132.33, 138]","[242.45, 66]","[262.88, 51]",188.09,365,108.73,0.36
07:38:23,"[134.47, 32]","[133.85, 65]","[236.5, 16]","[242.48, 31]",185.48,144,102.03,0.35
07:38:24,"[134.0, 21]","[133.0, 35]","[238.53, 19]","[277.5, 16]",186.26,91,104.53,0.23
07:38:25,"[134.0, 30]","[133.0, 50]","[240.2, 40]","[372.75, 20]",187.1,140,106.2,0.14
07:38:26,"[134.0, 24]","[133.0, 40]","[238.77, 26]","[298.04, 23]",186.38,113,104.77,0.13
07:38:27,"[134.0, 36]","[133.0, 60]","[235.54, 26]","[236.83, 46]",184.77,168,101.54,0.14
07:38:28,"[134.0, 21]","[133.0, 35]","[229.25, 32]","[231.55, 22]",181.62,110,95.25,0.02
07:38:29,"[134.0, 30]","[133.0, 50]","[230.29, 35]","[231.92, 25]",182.14,140,96.29,0.14
07:38:30,"[133.43, 35]","[132.0, 50]","[228.94, 34]","[229.5, 16]",181.18,135,95.51,0.26
07:38:31,"[132.12, 57]","[129.46, 65]","[180.32, 37]","[204.62, 47]",156.22,206,48.2,0.18
07:38:32,"[131.12, 50]","[129.42, 52]","[168.53, 60]","[170.97, 78]",149.83,240,37.41,-0.15
07:38:33,"[130.21, 28]","[127.2, 59]","[164.26, 35]","[165.86, 21]",147.24,143,34.04,0.22
07:38:34,"[130.0, 18]","[127.0, 45]","[162.0, 27]","[162.77, 13]",146.0,103,32.0,0.22
07:38:35,"[130.0, 26]","[127.0, 69]","[157.55, 22]","[158.13, 46]",143.77,163,27.55,0.17
07:38:36,"[127.45, 40]","[126.27, 67]","[156.17, 12]","[157.5, 28]",141.81,147,28.72,0.46
07:38:37,"[127.0, 28]","[126.0, 98]","[152.09, 35]","[152.79, 28]",139.54,189,25.09,0.33
07:38:38,"[127.0, 15]","[126.0, 70]","[148.41, 17]","[149.4, 25]",137.71,127,21.41,0.34
07:38:39,"[127.56, 25]","[126.08, 84]","[143.8, 41]","[145.41, 39]",135.68,189,16.24,0.15
07:38:40,"[131.94, 105]","[129.48, 23]","[137.78, 46]","[139.85, 40]",134.86,214,5.84,0.2
07:38:41,"[134.93, 57]","[133.73, 33]","[136.39, 46]","[138.19, 27]",135.66,163,1.46,0.1
07:38:42,"[132.76, 17]","[130.93, 27]","[135.82, 22]","[243.38, 13]",134.29,79,3.05,0.11
07:38:43,"[131.0, 52]","[130.0, 17]","[137.21, 34]","[170.54, 37]",134.1,140,6.21,-0.01
07:38:44,"[131.0, 32]","[130.0, 8]","[134.25, 16]","[135.67, 12]",132.62,68,3.25,0.18
07:38:45,"[131.0, 26]","[130.0, 11]","[133.33, 21]","[135.71, 17]",132.17,75,2.33,-0.01
07:38:46,"[130.67, 18]","[128.5, 24]","[132.48, 27]","[302.02, 43]",131.57,112,1.81,-0.25
07:38:47,"[127.67, 18]","[126.24, 33]","[131.0, 18]","[399.12, 32]",129.33,101,3.33,0.01
07:38:48,"[127.04, 28]","[126.06, 48]","[130.1, 20]","[287.2, 40]",128.57,136,3.06,0.12
07:38:49,"[128.0, 14]","[127.0, 30]","[129.36, 28]","[284.0, 56]",128.68,128,1.36,-0.31
07:38:50,"[127.0, 28]","[121.79, 76]","[222.83, 35]","[315.61, 46]",174.91,185,95.83,0.12
07:38:51,"[128.68, 34]","[119.19, 37]","[274.9, 30]","[336.9, 30]",201.79,131,146.22,0.08
07:38:52,"[131.0, 30]","[126.0, 28]","[241.8, 30]","[296.4, 30]",186.4,118,110.8,-0.02
07:38:53,"[131.0, 42]","[126.0, 42]","[213.0, 55]","[244.3, 44]",172.0,183,82.0,-0.08
07:38:54,"[131.0, 19]","[126.0, 25]","[209.5, 40]","[242.73, 37]",170.25,121,78.5,-0.27
07:38:55,"[112.11, 19]","[102.0, 23]","[241.0, 24]","[245.0, 32]",176.55,98,128.89,-0.14
07:38:56,"[109.0, 44]","[99.0, 36]","[151.35, 34]","[256.11, 36]",130.18,150,42.35,0.07
07:38:57,"[110.6, 20]","[79.8, 30]","[216.67, 18]","[229.71, 17]",163.63,85,106.07,0.18
07:38:58,"[122.0, 9]","[97.0, 26]","[216.0, 18]","[217.0, 24]",169.0,77,94.0,-0.09
07:38:59,"[130.0, 7]","[116.4, 20]","[215.29, 21]","[217.0, 28]",172.64,76,85.29,-0.29
07:39:00,"[131.25, 36]","[126.77, 31]","[213.7, 30]","[230.8, 40]",172.47,137,82.45,-0.02
07:39:01,"[130.07, 43]","[126.54, 37]","[212.44, 27]","[241.67, 36]",171.26,143,82.37,0.12
07:39:02,"[132.58, 19]","[130.0, 45]","[211.44, 27]","[238.88, 33]",172.01,124,78.87,0.03
07:39:03,"[133.06, 51]","[130.82, 55]","[208.71, 28]","[210.54, 26]",170.89,160,75.66,0.33
07:39:04,"[133.71, 14]","[131.5, 30]","[206.82, 22]","[207.67, 18]",170.27,84,73.1,0.05
07:39:05,"[135.0, 8]","[133.0, 24]","[204.71, 17]","[218.24, 21]",169.85,70,69.71,-0.09
07:39:06,"[135.0, 10]","[133.0, 30]","[199.6, 20]","[316.57, 14]",167.3,74,64.6,0.08
07:39:07,"[133.13, 15]","[130.12, 73]","[161.14, 28]","[168.33, 27]",147.14,143,28.01,0.23
07:39:08,"[130.39, 23]","[128.8, 25]","[139.88, 16]","[153.5, 16]",135.13,80,9.48,0.2
07:39:09,"[130.0, 48]","[127.0, 24]","[137.67, 24]","[145.67, 24]",133.83,120,7.67,0.2
07:39:10,"[130.0, 28]","[127.0, 14]","[133.57, 14]","[134.57, 14]",131.79,70,3.57,0.2
07:39:11,"[130.0, 22]","[127.0, 16]","[131.12, 16]","[133.62, 16]",130.56,70,1.12,0.09
07:39:12,"[128.72, 47]","[127.73, 104]","[167.6, 20]","[467.67, 12]",148.16,183,38.88,0.65
07:39:13,"[130.84, 31]","[128.1, 63]","[660.62, 8]","[742.33, 6]",395.73,108,529.79,0.74
07:39:14,"[132.63, 75]","[130.0, 11]","[388.35, 31]","[744.0, 35]",260.49,152,255.73,0.13
07:39:15,"[133.0, 90]","[130.0, 6]","[408.23, 26]","[735.5, 10]",270.62,132,275.23,0.45
07:39:16,"[134.0, 48]","[133.0, 72]","[256.5, 40]","[491.38, 8]",195.25,168,122.5,0.43
07:39:17,"[134.0, 45]","[133.0, 108]","[342.42, 60]","[600.0, 12]",238.21,225,208.42,0.36
07:39:18,"[134.0, 33]","[133.0, 99]","[362.64, 55]","[494.0, 11]",248.32,198,228.64,0.33
07:39:19,"[134.0, 11]","[133.0, 63]","[385.0, 35]","[446.89, 9]",259.5,118,251.0,0.25
07:39:20,"[133.05, 44]","[130.9, 60]","[233.0, 45]","[343.0, 12]",183.02,161,99.95,0.29
07:39:21,"[133.0, 84]","[131.0, 168]","[156.58, 43]","[171.13, 53]",144.79,348,23.58,0.45
07:39:22,"[133.57, 28]","[132.43, 84]","[149.58, 33]","[177.23, 39]",141.57,184,16.0,0.22
07:39:23,"[131.84, 50]","[131.08, 72]","[155.0, 20]","[376.3, 10]",143.42,152,23.16,0.61
07:39:24,"[131.0, 28]","[130.0, 60]","[155.0, 14]","[207.0, 7]",143.0,109,24.0,0.61
07:39:25,"[131.0, 57]","[130.0, 128]","[151.73, 33]","[162.03, 37]",141.36,255,20.73,0.45
07:39:26,"[130.71, 42]","[129.43, 42]","[151.0, 14]","[155.0, 21]",140.86,119,20.29,0.41
07:39:27,"[131.7, 80]","[130.0, 60]","[150.86, 21]","[508.2, 41]",141.28,202,19.16,0.39
07:39:28,"[132.6, 94]","[130.0, 78]","[147.56, 36]","[148.8, 49]",140.08,257,14.96,0.34
07:39:29,"[133.0, 81]","[130.0, 78]","[144.58, 31]","[145.59, 34]",138.79,224,11.58,0.42
07:39:30,"[133.0, 14]","[130.0, 42]","[142.4, 25]","[143.14, 29]",137.7,110,9.4,0.02
07:39:31,"[133.0, 28]","[130.0, 84]","[138.98, 50]","[140.45, 49]",135.99,211,5.98,0.06
07:39:32,"[131.36, 22]","[129.43, 42]","[134.76, 25]","[135.78, 27]",133.06,116,3.4,0.1
07:39:33,"[130.0, 50]","[128.0, 54]","[131.79, 19]","[133.71, 14]",130.89,137,1.79,0.52
07:39:34,"[128.2, 40]","[127.2, 120]","[130.75, 12]","[133.0, 20]",129.47,192,2.55,0.67
07:39:35,"[128.0, 36]","[127.0, 96]","[129.71, 7]","[186.31, 13]",128.86,152,1.71,0.74
07:39:36,"[128.0, 78]","[127.0, 208]","[205.71, 56]","[249.26, 47]",166.86,389,77.71,0.47
07:39:37,"[128.0, 48]","[127.0, 128]","[131.64, 14]","[195.33, 36]",129.82,226,3.64,0.56
07:39:38,"[128.0, 38]","[127.0, 128]","[129.83, 12]","[205.83, 36]",128.92,214,1.83,0.55
07:39:39,"[127.0, 96]","[126.0, 70]","[128.43, 35]","[166.31, 13]",127.71,214,1.43,0.55
07:39:40,"[127.0, 80]","[126.0, 100]","[276.09, 32]","[421.23, 35]",201.55,247,149.09,0.46
07:39:41,"[127.0, 96]","[126.0, 110]","[370.47, 38]","[611.03, 37]",248.74,281,243.47,0.47
07:39:42,"[128.82, 132]","[126.6, 146]","[270.0, 48]","[328.35, 57]",199.41,383,141.18,0.45
07:39:43,"[131.0, 82]","[128.0, 77]","[361.83, 36]","[442.27, 40]",246.42,235,230.83,0.35
07:39:44,"[131.0, 63]","[128.0, 63]","[285.22, 36]","[370.53, 34]",208.11,196,154.22,0.29
07:39:45,"[131.44, 63]","[129.75, 84]","[192.8, 44]","[263.41, 46]",162.12,237,61.35,0.24
07:39:46,"[132.0, 48]","[131.0, 84]","[140.88, 59]","[161.61, 46]",136.44,237,8.88,0.11
07:39:47,"[132.29, 49]","[131.09, 88]","[138.92, 65]","[227.0, 39]",135.6,241,6.64,0.14
07:39:48,"[133.28, 36]","[131.45, 42]","[196.24, 63]","[301.21, 43]",164.76,184,62.96,-0.15
07:39:49,"[128.77, 53]","[128.06, 31]","[257.37, 19]","[333.68, 57]",193.07,160,128.59,0.05
07:39:50,"[128.13, 90]","[126.73, 88]","[223.85, 13]","[325.3, 37]",175.99,228,95.71,0.56
07:39:51,"[132.47, 19]","[129.56, 25]","[170.31, 13]","[172.0, 13]",151.39,70,37.83,0.26
07:39:52,"[135.0, 6]","[131.0, 6]","[169.0, 6]","[234.0, 18]",152.0,36,34.0,-0.33
07:39:53,"[133.0, 10]","[129.67, 18]","[169.0, 10]","[248.19, 31]",151.0,69,36.0,-0.19
07:39:54,"[127.09, 99]","[126.27, 99]","[166.78, 36]","[285.33, 24]",146.93,258,39.69,0.53
07:39:55,"[127.0, 132]","[126.0, 110]","[165.36, 44]","[168.0, 11]",146.18,297,38.36,0.63
07:39:56,"[127.0, 132]","[126.0, 110]","[162.59, 29]","[163.77, 26]",144.79,297,35.59,0.63
07:39:57,"[127.0, 105]","[126.0, 110]","[156.18, 22]","[160.83, 29]",141.59,266,29.18,0.62
07:39:58,"[127.0, 63]","[126.0, 70]","[158.0, 28]","[160.0, 7]",142.5,168,31.0,0.58
07:39:59,"[127.0, 47]","[126.0, 70]","[156.57, 7]","[158.0, 28]",141.79,152,29.57,0.54
07:40:00,"[127.11, 27]","[126.1, 89]","[154.17, 23]","[156.62, 32]",140.64,171,27.06,0.36
07:40:01,"[127.0, 36]","[123.73, 41]","[151.33, 12]","[153.91, 45]",139.17,134,24.33,0.15
07:40:02,"[127.07, 27]","[92.88, 24]","[147.3, 33]","[149.11, 9]",137.19,93,20.23,0.1
07:40:03,"[78.91, 23]","[56.0, 32]","[144.69, 49]","[146.81, 16]",111.8,120,65.78,-0.08
07:40:04,"[102.91, 11]","[79.65, 17]","[142.56, 36]","[146.0, 9]",122.73,73,39.65,-0.23
07:40:05,"[112.23, 26]","[99.94, 16]","[130.59, 34]","[129.81, 27]",121.41,103,18.36,-0.18
07:40:06,"[113.0, 14]","[112.0, 14]","[120.0, 28]","[121.0, 7]",116.5,63,7.0,-0.11
07:40:07,"[113.96, 48]","[113.08, 24]","[120.0, 38]","[121.0, 10]",116.98,120,6.04,0.2
07:40:08,"[120.5, 24]","[114.15, 52]","[201.1, 10]","[460.86, 14]",160.8,100,80.6,0.52
07:40:09,"[116.65, 20]","[113.66, 53]","[183.48, 23]","[232.56, 43]",150.06,139,66.83,0.05
07:40:10,"[121.7, 10]","[119.89, 9]","[125.0, 8]","[234.38, 16]",123.35,43,3.3,-0.12
07:40:11,"[122.5, 8]","[119.17, 12]","[178.25, 8]","[574.11, 28]",150.38,56,55.75,-0.29
07:40:12,"[121.0, 8]","[117.0, 16]","[140.07, 14]","[324.53, 19]",130.54,57,19.07,-0.16
07:40:13,"[121.96, 25]","[97.75, 16]","[123.92, 25]","[125.2, 15]",122.94,81,1.96,0.01
07:40:14,"[51.46, 13]","[18.4, 10]","[123.89, 9]","[135.06, 18]",87.68,50,72.43,-0.08
07:40:15,"[62.0, 16]","[0, 0]","[153.0, 11]","[253.14, 29]",107.5,56,91.0,-0.43
07:40:16,"[85.0, 69]","[81.12, 34]","[284.45, 31]","[418.42, 33]",184.73,167,199.45,0.23
07:40:17,"[131.74, 61]","[129.59, 34]","[296.93, 29]","[404.55, 44]",214.33,168,165.19,0.13
07:40:18,"[132.0, 63]","[131.0, 14]","[348.29, 7]","[407.48, 25]",240.14,109,216.29,0.41
07:40:19,"[132.38, 40]","[131.0, 16]","[396.24, 25]","[443.88, 17]",264.31,98,263.87,0.14
07:40:20,"[133.83, 30]","[131.0, 12]","[358.57, 14]","[402.0, 20]",246.2,76,224.74,0.11
07:40:21,"[134.17, 24]","[132.15, 13]","[152.0, 5]","[293.6, 5]",143.08,47,17.83,0.57
07:40:22,"[135.0, 82]","[131.6, 25]","[150.55, 44]","[152.0, 11]",142.77,162,15.55,0.32
07:40:23,"[135.0, 48]","[131.0, 20]","[150.0, 40]","[224.9, 10]",142.5,118,15.0,0.15
07:40:24,"[135.0, 18]","[133.67, 18]","[149.89, 36]","[320.0, 18]",142.44,90,14.89,-0.2
07:40:25,"[135.0, 8]","[134.0, 8]","[145.25, 16]","[154.25, 16]",140.12,48,10.25,-0.33
07:40:26,"[135.0, 9]","[134.0, 16]","[149.0, 32]","[209.53, 17]",142.0,74,14.0,-0.32
07:40:27,"[135.0, 7]","[134.0, 14]","[148.0, 28]","[286.43, 7]",141.5,56,13.0,-0.25
07:40:28,"[135.0, 9]","[134.0, 18]","[147.0, 36]","[209.0, 9]",141.0,72,12.0,-0.25
07:40:29,"[134.44, 18]","[132.85, 26]","[147.0, 52]","[215.38, 16]",140.72,112,12.56,-0.21
07:40:30,"[134.0, 14]","[131.0, 14]","[145.43, 28]","[332.57, 7]",139.71,63,11.43,-0.11
07:40:31,"[134.0, 24]","[131.0, 24]","[142.67, 48]","[221.46, 24]",138.33,120,8.67,-0.2
07:40:32,"[134.0, 24]","[131.0, 24]","[325.25, 36]","[394.42, 12]",229.62,96,191.25,0.0
07:40:33,"[131.71, 34]","[130.2, 40]","[306.21, 19]","[347.5, 30]",218.96,123,174.5,0.2
07:40:34,"[131.79, 137]","[130.46, 52]","[231.55, 29]","[282.12, 25]",181.67,243,99.76,0.56
07:40:35,"[133.46, 71]","[132.09, 93]","[252.38, 26]","[255.0, 13]",192.92,203,118.92,0.62
07:40:36,"[134.03, 65]","[133.56, 32]","[232.91, 22]","[253.15, 13]",183.47,132,98.88,0.47
07:40:37,"[135.0, 13]","[134.0, 117]","[248.11, 27]","[254.57, 14]",191.56,171,113.11,0.52
07:40:38,"[135.0, 14]","[134.0, 126]","[226.04, 27]","[230.95, 21]",180.52,188,91.04,0.49
07:40:39,"[134.44, 9]","[133.95, 38]","[192.82, 11]","[219.75, 8]",163.63,66,58.37,0.42
07:40:40,"[134.0, 50]","[133.0, 20]","[180.35, 23]","[182.0, 25]",157.17,118,46.35,0.19
07:40:41,"[135.0, 81]","[134.0, 45]","[179.16, 19]","[180.08, 26]",157.08,171,44.16,0.47
07:40:42,"[135.0, 78]","[134.0, 65]","[176.95, 20]","[177.4, 35]",155.97,198,41.95,0.44
07:40:43,"[135.0, 70]","[134.0, 65]","[170.29, 31]","[171.29, 21]",152.65,187,35.29,0.44
07:40:44,"[134.59, 34]","[133.4, 40]","[163.84, 37]","[165.03, 37]",149.21,148,29.25,0.0
07:40:45,"[135.0, 26]","[133.0, 26]","[160.08, 39]","[161.31, 35]",147.54,126,25.08,-0.17
07:40:46,"[135.0, 51]","[133.0, 22]","[155.58, 31]","[156.55, 29]",145.29,133,20.58,0.1
07:40:47,"[135.0, 156]","[133.0, 24]","[153.08, 36]","[154.08, 36]",144.04,252,18.08,0.43
07:40:48,"[135.0, 56]","[133.0, 22]","[147.48, 29]","[185.0, 27]",141.24,134,12.48,0.16
07:40:49,"[133.59, 17]","[132.33, 18]","[150.09, 33]","[421.0, 11]",141.84,79,16.5,-0.11
07:40:50,"[133.0, 6]","[132.0, 6]","[150.0, 9]","[279.0, 4]",141.5,25,17.0,-0.04
07:40:51,"[133.0, 14]","[132.0, 14]","[148.14, 21]","[469.5, 12]",140.57,61,15.14,-0.08
07:40:52,"[133.0, 6]","[131.0, 3]","[147.0, 9]","[492.0, 6]",140.0,24,14.0,-0.25
07:40:53,"[133.91, 44]","[132.67, 12]","[147.0, 21]","[492.0, 14]",140.45,91,13.09,0.23
07:40:54,"[134.0, 46]","[133.0, 14]","[146.57, 21]","[338.31, 13]",140.29,94,12.57,0.28
07:40:55,"[134.0, 54]","[133.0, 18]","[145.33, 27]","[372.33, 18]",139.67,117,11.33,0.23
07:40:56,"[134.0, 60]","[133.0, 20]","[143.71, 34]","[287.27, 22]",138.85,136,9.71,0.18
07:40:57,"[134.0, 60]","[133.0, 20]","[142.7, 50]","[144.0, 30]",138.35,160,8.7,0.0
07:40:58,"[134.0, 48]","[133.0, 16]","[141.75, 40]","[144.0, 24]",137.88,128,7.75,0.0
07:40:59,"[134.0, 36]","[133.0, 12]","[141.0, 30]","[144.0, 18]",137.5,96,7.0,0.0
07:41:00,"[134.0, 66]","[133.0, 22]","[140.57, 51]","[142.92, 37]",137.28,176,6.57,0.0
07:41:01,"[134.0, 41]","[132.87, 15]","[137.68, 34]","[139.5, 30]",135.84,120,3.68,-0.07
07:41:02,"[132.55, 22]","[130.04, 142]","[135.43, 47]","[136.82, 65]",133.99,276,2.88,0.19
07:41:03,"[129.63, 123]","[126.95, 81]","[132.16, 51]","[135.89, 45]",130.89,300,2.53,0.36
07:41:04,"[127.0, 56]","[126.0, 28]","[135.0, 21]","[166.62, 13]",131.0,118,8.0,0.42
07:41:05,"[127.04, 53]","[126.17, 48]","[134.45, 33]","[154.0, 33]",130.75,167,7.42,0.21
07:41:06,"[130.0, 40]","[127.0, 32]","[133.62, 24]","[154.0, 24]",131.81,120,3.62,0.2
07:41:07,"[130.0, 34]","[127.0, 32]","[131.5, 24]","[154.0, 24]",130.75,114,1.5,0.16
07:41:08,"[130.0, 18]","[127.0, 44]","[346.33, 21]","[397.79, 38]",238.17,121,216.33,0.02
07:41:09,"[130.89, 9]","[128.5, 8]","[269.58, 19]","[417.25, 16]",200.23,52,138.69,-0.35
07:41:10,"[130.0, 10]","[127.0, 40]","[230.32, 22]","[288.06, 33]",180.16,105,100.32,-0.05
07:41:11,"[130.0, 7]","[127.0, 28]","[176.85, 26]","[289.52, 23]",153.42,84,46.85,-0.17
07:41:12,"[130.75, 8]","[127.6, 10]","[327.0, 12]","[669.25, 16]",228.88,46,196.25,-0.22
07:41:13,"[132.0, 30]","[130.0, 10]","[356.82, 34]","[643.39, 38]",244.41,112,224.82,-0.29
07:41:14,"[132.28, 40]","[128.86, 49]","[174.44, 32]","[260.36, 45]",153.36,166,42.16,0.07
07:41:15,"[127.71, 28]","[125.43, 28]","[170.67, 18]","[172.67, 18]",149.19,92,42.95,0.22
07:41:16,"[126.82, 34]","[120.86, 14]","[167.71, 14]","[170.0, 14]",147.27,76,40.89,0.26
07:41:17,"[128.41, 22]","[127.8, 70]","[164.9, 20]","[167.2, 20]",146.65,132,36.49,0.39
07:41:18,"[128.38, 26]","[127.6, 53]","[161.5, 16]","[162.75, 16]",144.94,111,33.12,0.42
07:41:19,"[129.0, 14]","[128.0, 42]","[160.71, 14]","[161.71, 14]",144.86,84,31.71,0.33
07:41:20,"[130.13, 30]","[128.93, 41]","[159.75, 24]","[160.75, 24]",144.94,119,29.62,0.19
07:41:21,"[131.0, 16]","[130.0, 24]","[157.5, 16]","[158.5, 16]",144.25,72,26.5,0.11
07:41:22,"[130.18, 22]","[128.2, 60]","[155.27, 22]","[160.5, 20]",142.73,124,25.09,0.32
07:41:23,"[129.71, 28]","[127.87, 83]","[151.71, 34]","[154.16, 38]",140.71,183,21.99,0.21
07:41:24,"[128.0, 40]","[127.0, 110]","[150.67, 24]","[151.89, 36]",139.33,210,22.67,0.43
07:41:25,"[128.41, 58]","[127.15, 133]","[148.56, 36]","[149.33, 48]",138.48,275,20.14,0.39
07:41:26,"[130.21, 38]","[129.38, 32]","[145.71, 14]","[148.0, 28]",137.96,112,15.5,0.25
07:41:27,"[132.46, 24]","[130.43, 74]","[146.65, 52]","[165.07, 59]",139.56,209,14.2,-0.06
07:41:28,"[133.0, 12]","[131.0, 48]","[141.1, 42]","[142.78, 36]",137.05,138,8.1,-0.13
07:41:29,"[134.7, 46]","[131.35, 34]","[137.12, 50]","[140.18, 39]",135.91,169,2.42,-0.05
07:41:30,"[134.56, 9]","[131.62, 13]","[136.44, 36]","[162.38, 16]",135.5,74,1.89,-0.41
07:41:31,"[133.0, 10]","[130.0, 30]","[134.2, 10]","[136.0, 40]",133.6,90,1.2,-0.11
07:41:32,"[130.0, 27]","[128.89, 36]","[133.11, 27]","[135.33, 18]",131.56,108,3.11,0.17
07:41:33,"[130.0, 34]","[129.0, 52]","[131.31, 13]","[133.0, 52]",130.65,151,1.31,0.14
07:41:34,"[128.59, 49]","[127.44, 72]","[129.88, 43]","[191.86, 22]",129.24,186,1.29,0.3
07:41:35,"[130.46, 39]","[127.6, 40]","[277.5, 10]","[394.0, 1]",203.98,90,147.04,0.76
07:41:36,"[131.0, 24]","[128.0, 18]","[337.67, 6]","[0, 0]",234.33,48,206.67,0.75
07:41:37,"[128.33, 24]","[127.06, 17]","[738.0, 5]","[0, 0]",433.17,46,609.67,0.78
07:41:38,"[127.0, 32]","[126.0, 16]","[622.5, 4]","[0, 0]",374.75,52,495.5,0.85
07:41:39,"[128.04, 23]","[127.06, 34]","[276.0, 7]","[0, 0]",202.02,64,147.96,0.78
07:41:40,"[127.69, 26]","[126.96, 75]","[371.73, 22]","[604.0, 16]",249.71,139,244.03,0.45
07:41:41,"[127.0, 56]","[126.0, 26]","[140.0, 7]","[459.71, 28]",133.5,117,13.0,0.4
07:41:42,"[127.0, 64]","[126.0, 32]","[344.75, 16]","[394.18, 17]",235.88,129,217.75,0.49
07:41:43,"[128.43, 37]","[127.02, 41]","[384.25, 32]","[497.46, 26]",256.34,136,255.82,0.15
07:41:44,"[130.44, 27]","[129.33, 21]","[285.46, 35]","[415.12, 25]",207.95,108,155.01,-0.11
07:41:45,"[132.46, 39]","[129.98, 85]","[379.35, 46]","[468.63, 30]",255.9,200,246.89,0.24
07:41:46,"[130.0, 44]","[128.0, 8]","[383.8, 20]","[408.36, 25]",256.9,97,253.8,0.07
07:41:47,"[130.0, 20]","[128.0, 5]","[382.6, 5]","[413.0, 15]",256.3,45,252.6,0.11
07:41:48,"[130.24, 58]","[128.71, 14]","[382.0, 10]","[572.18, 33]",256.12,115,251.76,0.25
07:41:49,"[131.0, 174]","[130.0, 55]","[356.35, 20]","[572.0, 35]",243.68,284,225.35,0.61
07:41:50,"[131.0, 208]","[130.0, 65]","[339.4, 25]","[452.23, 35]",235.2,333,208.4,0.64
07:41:51,"[131.22, 123]","[130.12, 34]","[337.62, 8]","[542.0, 24]",234.42,189,206.41,0.66
07:41:52,"[132.0, 130]","[131.0, 20]","[335.0, 10]","[455.04, 46]",233.5,206,203.0,0.46
07:41:53,"[132.44, 117]","[131.0, 18]","[331.41, 41]","[399.33, 12]",231.93,188,198.97,0.44
07:41:54,"[133.0, 105]","[131.0, 18]","[293.06, 36]","[321.54, 28]",213.03,187,160.06,0.32
07:41:55,"[133.0, 90]","[131.0, 20]","[204.05, 44]","[210.56, 25]",168.52,179,71.05,0.23
07:41:56,"[133.0, 74]","[131.0, 20]","[200.97, 34]","[202.77, 26]",166.99,154,67.97,0.22
07:41:57,"[133.0, 39]","[132.0, 32]","[200.0, 40]","[202.0, 8]",166.5,119,67.0,0.19
07:41:58,"[134.0, 20]","[133.0, 10]","[199.1, 50]","[200.16, 38]",166.55,118,65.1,-0.49
07:41:59,"[134.0, 22]","[133.0, 11]","[196.78, 23]","[197.82, 55]",165.39,111,62.78,-0.41
07:42:00,"[134.82, 22]","[133.0, 11]","[188.73, 51]","[190.16, 31]",161.77,115,53.91,-0.43
07:42:01,"[130.16, 62]","[129.07, 61]","[163.96, 49]","[177.86, 57]",147.06,229,33.8,0.07
07:42:02,"[130.47, 64]","[129.2, 75]","[168.93, 75]","[174.0, 15]",149.7,229,38.46,0.21
07:42:03,"[129.0, 18]","[127.17, 80]","[163.51, 67]","[164.79, 75]",146.25,240,34.51,-0.18
07:42:04,"[128.0, 13]","[126.77, 105]","[150.42, 53]","[157.22, 58]",139.21,229,22.42,0.03
07:42:05,"[128.45, 11]","[127.08, 59]","[133.78, 49]","[135.27, 45]",131.12,164,5.32,-0.15
07:42:06,"[127.03, 73]","[126.04, 56]","[130.21, 33]","[130.74, 39]",128.62,201,3.18,0.28
07:42:07,"[126.68, 56]","[115.78, 54]","[128.12, 34]","[129.73, 22]",127.4,166,1.44,0.33
07:42:08,"[59.75, 32]","[27.62, 29]","[126.91, 33]","[127.46, 35]",93.33,129,67.16,-0.05
07:42:09,"[81.95, 42]","[39.78, 18]","[125.85, 33]","[126.26, 27]",103.9,120,43.9,0.0
07:42:10,"[98.7, 10]","[70.06, 16]","[123.66, 29]","[123.93, 28]",111.18,83,24.96,-0.37
07:42:11,"[111.0, 11]","[89.0, 20]","[121.2, 30]","[123.0, 54]",116.1,115,10.2,-0.46
07:42:12,"[113.06, 32]","[98.24, 17]","[118.0, 33]","[121.56, 54]",115.53,136,4.94,-0.28
07:42:13,"[114.0, 32]","[112.0, 8]","[118.0, 21]","[121.29, 34]",116.0,95,4.0,-0.16
07:42:14,"[115.88, 17]","[110.97, 35]","[118.0, 37]","[120.0, 15]",116.94,104,2.12,0.0
07:42:15,"[117.0, 7]","[97.11, 27]","[118.0, 21]","[119.0, 7]",117.5,62,1.0,0.1
07:42:16,"[94.8, 35]","[84.6, 35]","[118.0, 26]","[119.0, 13]",106.4,109,23.2,0.28
07:42:17,"[82.0, 25]","[46.67, 12]","[118.18, 17]","[120.59, 17]",100.09,71,36.18,0.04
07:42:18,"[58.0, 4]","[0, 0]","[122.0, 20]","[124.0, 12]",90.0,36,64.0,-0.78
07:42:19,"[76.38, 48]","[67.39, 23]","[122.0, 16]","[124.0, 24]",99.19,111,45.62,0.28
07:42:20,"[78.19, 21]","[71.81, 26]","[206.5, 18]","[279.67, 18]",142.35,83,128.31,0.13
07:42:21,"[130.83, 12]","[88.35, 17]","[199.0, 9]","[256.86, 21]",164.92,59,68.17,-0.02
07:42:22,"[131.0, 14]","[130.0, 7]","[186.29, 7]","[325.8, 15]",158.64,43,55.29,-0.02
07:42:23,"[131.67, 15]","[130.78, 18]","[185.17, 23]","[318.15, 39]",158.42,95,53.51,-0.31
07:42:24,"[131.0, 12]","[130.0, 6]","[175.11, 9]","[184.94, 16]",153.06,43,44.11,-0.16
07:42:25,"[131.0, 10]","[130.0, 7]","[176.0, 10]","[383.96, 23]",153.5,50,45.0,-0.32
07:42:26,"[131.0, 8]","[130.0, 8]","[184.0, 8]","[281.75, 24]",157.5,48,53.0,-0.33
07:42:27,"[131.0, 10]","[130.0, 10]","[184.0, 10]","[216.8, 30]",157.5,60,53.0,-0.33
07:42:28,"[131.47, 17]","[130.18, 11]","[183.64, 11]","[206.0, 33]",157.55,72,52.17,-0.22
07:42:29,"[132.46, 52]","[131.0, 13]","[183.0, 13]","[237.23, 39]",157.73,117,50.54,0.11
07:42:30,"[134.0, 24]","[131.0, 6]","[182.67, 6]","[409.0, 18]",158.33,54,48.67,0.11
07:42:31,"[134.77, 35]","[133.84, 38]","[161.07, 15]","[286.59, 29]",147.92,117,26.3,0.25
07:42:32,"[135.0, 27]","[134.0, 36]","[149.33, 9]","[238.75, 28]",142.17,100,14.33,0.26
07:42:33,"[135.0, 30]","[134.0, 40]","[149.0, 10]","[274.0, 40]",142.0,120,14.0,0.17
07:42:34,"[134.92, 53]","[133.94, 53]","[160.62, 26]","[286.24, 46]",147.77,178,25.69,0.19
07:42:35,"[134.0, 32]","[131.0, 8]","[271.75, 20]","[570.76, 25]",202.88,85,137.75,-0.06
07:42:36,"[134.0, 48]","[131.0, 12]","[367.9, 39]","[548.24, 29]",250.95,128,233.9,-0.06
07:42:37,"[129.12, 65]","[127.0, 100]","[322.04, 89]","[393.61, 61]",225.58,315,192.92,0.05
07:42:38,"[128.0, 20]","[127.0, 80]","[190.39, 38]","[241.8, 30]",159.2,168,62.39,0.19
07:42:39,"[127.3, 46]","[126.61, 92]","[184.84, 51]","[188.09, 55]",156.07,244,57.54,0.13
07:42:40,"[127.65, 40]","[126.61, 85]","[182.03, 34]","[183.0, 33]",154.84,192,54.38,0.3
07:42:41,"[131.0, 26]","[130.0, 13]","[168.3, 37]","[178.05, 41]",149.65,117,37.3,-0.33
07:42:42,"[130.03, 29]","[128.2, 20]","[171.5, 60]","[172.67, 60]",150.77,169,41.47,-0.42
07:42:43,"[127.45, 64]","[124.88, 52]","[168.17, 64]","[169.19, 64]",147.81,244,40.72,-0.05
07:42:44,"[130.14, 29]","[125.84, 62]","[163.14, 42]","[164.1, 50]",146.64,183,33.0,-0.01
07:42:45,"[126.05, 57]","[109.81, 108]","[146.61, 49]","[156.03, 34]",136.33,248,20.56,0.33
07:42:46,"[129.41, 63]","[126.4, 45]","[143.9, 67]","[144.36, 55]",136.65,230,14.48,-0.06
07:42:47,"[130.58, 48]","[128.4, 45]","[142.5, 44]","[143.07, 73]",136.54,210,11.92,-0.11
07:42:48,"[132.85, 26]","[130.54, 39]","[138.27, 52]","[139.07, 40]",135.56,157,5.42,-0.17
07:42:49,"[132.43, 21]","[130.2, 30]","[134.08, 39]","[137.13, 23]",133.25,113,1.65,-0.1
07:42:50,"[129.97, 34]","[122.64, 33]","[132.48, 54]","[154.92, 39]",131.23,160,2.51,-0.16
07:42:51,"[129.53, 38]","[122.56, 36]","[247.53, 36]","[447.58, 33]",188.53,143,118.0,0.03
07:42:52,"[130.0, 6]","[128.0, 12]","[405.0, 3]","[406.0, 3]",267.5,24,275.0,0.5
07:42:53,"[130.0, 22]","[128.0, 44]","[164.27, 11]","[331.29, 17]",147.14,94,34.27,0.4
07:42:54,"[130.0, 12]","[128.0, 24]","[139.0, 6]","[198.0, 12]",134.5,54,9.0,0.33
07:42:55,"[130.0, 12]","[128.0, 24]","[138.67, 6]","[198.0, 12]",134.33,54,8.67,0.33
07:42:56,"[130.0, 14]","[128.0, 28]","[137.16, 19]","[174.0, 10]",133.58,71,7.16,0.18
07:42:57,"[130.0, 18]","[128.0, 36]","[136.76, 21]","[137.17, 24]",133.38,99,6.76,0.09
07:42:58,"[130.0, 32]","[128.0, 56]","[134.72, 50]","[136.4, 20]",132.36,158,4.72,0.11
07:42:59,"[130.46, 26]","[128.18, 33]","[132.0, 40]","[132.94, 34]",131.23,133,1.54,-0.11
07:43:00,"[126.5, 40]","[95.44, 63]","[129.89, 38]","[131.23, 31]",128.2,172,3.39,0.2
07:43:01,"[126.66, 35]","[125.56, 54]","[128.24, 34]","[186.57, 47]",127.45,170,1.58,0.05
07:43:02,"[124.75, 48]","[99.29, 70]","[203.69, 39]","[309.12, 42]",164.22,199,78.94,0.19
07:43:03,"[124.55, 22]","[96.73, 44]","[192.26, 19]","[193.45, 20]",158.4,105,67.72,0.26
07:43:04,"[124.0, 26]","[92.51, 63]","[168.8, 20]","[183.0, 25]",146.4,134,44.8,0.33
07:43:05,"[112.55, 33]","[58.0, 22]","[125.06, 17]","[154.0, 11]",118.8,83,12.51,0.33
07:43:06,"[113.0, 18]","[84.89, 18]","[125.0, 24]","[126.0, 6]",119.0,66,12.0,0.09
07:43:07,"[113.0, 21]","[103.75, 16]","[124.0, 7]","[125.0, 21]",118.5,65,11.0,0.14
07:43:08,"[100.6, 35]","[82.63, 49]","[123.22, 9]","[125.0, 27]",111.91,120,22.62,0.4
07:43:09,"[90.86, 37]","[70.68, 31]","[124.62, 16]","[125.4, 15]",107.74,99,33.76,0.37
07:43:10,"[112.0, 9]","[87.0, 12]","[125.0, 6]","[126.0, 3]",118.5,30,13.0,0.4
07:43:11,"[98.51, 43]","[48.37, 41]","[339.8, 30]","[421.27, 40]",219.16,154,241.29,0.09
07:43:12,"[130.0, 54]","[108.0, 30]","[319.0, 26]","[424.71, 28]",224.5,138,189.0,0.22
07:43:13,"[130.0, 42]","[108.0, 35]","[281.68, 31]","[408.0, 30]",205.84,138,151.68,0.12
07:43:14,"[130.07, 27]","[129.0, 15]","[161.62, 26]","[273.17, 24]",145.84,92,31.54,-0.09
07:43:15,"[130.05, 44]","[128.36, 22]","[183.08, 48]","[258.72, 58]",156.56,172,53.04,-0.23
07:43:16,"[131.61, 62]","[129.97, 97]","[181.85, 52]","[353.26, 46]",156.73,257,50.23,0.24
07:43:17,"[132.86, 35]","[130.0, 70]","[180.29, 28]","[266.14, 28]",156.57,161,47.43,0.3
07:43:18,"[133.0, 43]","[130.0, 100]","[178.7, 40]","[181.0, 40]",155.85,223,45.7,0.28
07:43:19,"[134.64, 67]","[131.2, 50]","[178.0, 32]","[181.0, 32]",156.32,181,43.36,0.29
07:43:20,"[135.0, 103]","[133.0, 44]","[176.27, 44]","[178.0, 44]",155.64,235,41.27,0.25
07:43:21,"[135.0, 108]","[133.0, 48]","[175.0, 48]","[178.0, 48]",155.0,252,40.0,0.24
07:43:22,"[134.55, 98]","[133.21, 56]","[172.2, 60]","[173.33, 60]",153.38,274,37.65,0.12
07:43:23,"[135.0, 115]","[134.0, 20]","[158.54, 26]","[170.37, 38]",146.77,199,23.54,0.36
07:43:24,"[135.0, 124]","[134.0, 24]","[156.17, 48]","[158.58, 48]",145.58,244,21.17,0.21
07:43:25,"[135.0, 60]","[134.0, 18]","[155.0, 36]","[156.0, 36]",145.0,150,20.0,0.04
07:43:26,"[134.57, 14]","[133.1, 40]","[154.38, 32]","[156.0, 32]",144.47,118,19.8,-0.08
07:43:27,"[134.0, 11]","[133.0, 66]","[151.91, 44]","[156.0, 44]",142.95,165,17.91,-0.07
07:43:28,"[133.2, 15]","[131.75, 48]","[151.0, 36]","[156.0, 36]",142.1,135,17.8,-0.07
07:43:29,"[133.0, 14]","[130.75, 40]","[150.43, 28]","[156.0, 28]",141.71,110,17.43,-0.02
07:43:30,"[133.0, 20]","[130.0, 36]","[147.0, 40]","[150.6, 40]",140.0,136,14.0,-0.18
07:43:31,"[133.56, 32]","[132.44, 25]","[143.44, 64]","[146.19, 64]",138.5,185,9.88,-0.38
07:43:32,"[133.47, 30]","[132.27, 22]","[140.97, 58]","[142.87, 60]",137.22,170,7.5,-0.39
07:43:33,"[131.0, 9]","[130.0, 72]","[139.78, 36]","[143.0, 36]",135.39,153,8.78,0.06
07:43:34,"[131.0, 10]","[130.0, 80]","[136.7, 40]","[143.0, 40]",133.85,170,5.7,0.06
07:43:35,"[131.0, 9]","[130.0, 72]","[134.56, 36]","[137.11, 36]",132.78,153,3.56,0.06
07:43:36,"[130.07, 43]","[128.89, 54]","[132.0, 32]","[259.25, 32]",131.03,161,1.93,0.2
07:43:37,"[130.0, 104]","[128.0, 78]","[293.0, 52]","[392.15, 52]",211.5,286,163.0,0.27
07:43:38,"[130.0, 96]","[128.0, 72]","[414.26, 47]","[432.65, 46]",272.13,261,284.26,0.29
07:43:39,"[130.0, 90]","[127.22, 241]","[219.67, 72]","[235.43, 74]",174.83,477,89.67,0.39
07:43:40,"[130.0, 39]","[127.0, 239]","[189.29, 62]","[190.45, 29]",159.65,369,59.29,0.51
07:43:41,"[130.0, 67]","[127.0, 247]","[185.26, 35]","[185.88, 32]",157.63,381,55.26,0.65
07:43:42,"[130.0, 93]","[128.0, 75]","[180.2, 45]","[181.19, 48]",155.1,261,50.2,0.29
07:43:43,"[130.0, 80]","[128.0, 50]","[173.93, 30]","[177.62, 32]",151.97,192,43.93,0.35
07:43:44,"[130.26, 68]","[129.16, 83]","[176.0, 65]","[177.0, 26]",153.13,242,45.74,0.25
07:43:45,"[130.0, 104]","[128.0, 65]","[173.2, 25]","[174.89, 38]",151.6,232,43.2,0.46
07:43:46,"[131.61, 141]","[130.0, 112]","[152.2, 20]","[171.59, 34]",141.9,307,20.59,0.65
07:43:47,"[130.06, 67]","[128.22, 92]","[133.0, 10]","[240.28, 29]",131.53,198,2.94,0.61
07:43:48,"[130.05, 37]","[127.83, 29]","[133.0, 8]","[254.0, 24]",131.53,98,2.95,0.35
07:43:49,"[130.49, 37]","[127.58, 26]","[209.5, 16]","[347.71, 34]",169.99,113,79.01,0.12
07:43:50,"[131.0, 27]","[130.0, 9]","[370.97, 33]","[403.41, 34]",250.98,103,239.97,-0.3
07:43:51,"[131.0, 27]","[130.0, 9]","[348.81, 31]","[369.88, 32]",239.9,99,217.81,-0.27
07:43:52,"[131.0, 41]","[129.62, 16]","[211.33, 43]","[230.55, 49]",171.16,149,80.33,-0.23
07:43:53,"[132.0, 9]","[130.0, 9]","[152.56, 36]","[155.06, 34]",142.28,88,20.56,-0.59
07:43:54,"[126.56, 72]","[124.63, 76]","[151.07, 46]","[214.16, 38]",138.81,232,24.51,0.28
07:43:55,"[127.33, 48]","[127.0, 160]","[147.57, 35]","[148.43, 35]",137.45,278,20.24,0.5
07:43:56,"[128.16, 76]","[127.0, 160]","[144.31, 35]","[145.77, 35]",136.24,306,16.16,0.54
07:43:57,"[128.0, 70]","[126.0, 80]","[142.16, 19]","[143.25, 16]",135.08,185,14.16,0.62
07:43:58,"[128.0, 112]","[126.0, 129]","[141.0, 32]","[143.0, 24]",134.5,297,13.0,0.62
07:43:59,"[127.78, 157]","[123.44, 178]","[139.41, 34]","[141.14, 43]",133.6,412,11.63,0.63
07:44:00,"[126.0, 153]","[98.56, 63]","[131.48, 25]","[136.54, 26]",128.74,267,5.48,0.62
07:44:01,"[126.0, 228]","[83.87, 101]","[137.04, 55]","[145.6, 30]",131.52,414,11.04,0.59
07:44:02,"[127.48, 44]","[125.66, 88]","[138.98, 49]","[140.62, 26]",133.23,207,11.5,0.28
07:44:03,"[129.08, 73]","[127.4, 50]","[136.0, 40]","[137.54, 35]",132.54,198,6.92,0.24
07:44:04,"[131.0, 53]","[129.44, 54]","[135.21, 57]","[136.26, 69]",133.11,233,4.21,-0.08
07:44:05,"[133.04, 166]","[131.68, 103]","[134.88, 34]","[220.57, 46]",133.96,349,1.85,0.54
07:44:06,"[133.0, 158]","[130.0, 48]","[261.5, 20]","[352.44, 25]",197.25,251,128.5,0.64
07:44:07,"[133.0, 133]","[130.0, 42]","[273.67, 24]","[307.67, 12]",203.33,211,140.67,0.66
07:44:08,"[133.0, 209]","[130.0, 66]","[314.26, 38]","[368.5, 24]",223.63,337,181.26,0.63
07:44:09,"[133.0, 190]","[130.0, 60]","[201.5, 24]","[247.86, 28]",167.25,302,68.5,0.66
07:44:10,"[133.0, 133]","[130.0, 42]","[195.9, 21]","[197.45, 22]",164.45,218,62.9,0.61
07:44:11,"[133.0, 282]","[130.0, 108]","[184.13, 61]","[187.23, 65]",158.57,516,51.13,0.51
07:44:12,"[133.0, 163]","[130.28, 75]","[181.22, 46]","[182.34, 38]",157.11,322,48.22,0.48
07:44:13,"[133.0, 179]","[130.0, 84]","[160.9, 40]","[168.24, 42]",146.95,345,27.9,0.52
07:44:14,"[133.0, 144]","[130.0, 72]","[141.71, 34]","[142.3, 33]",137.35,283,8.71,0.53
07:44:15,"[133.0, 124]","[130.0, 66]","[138.66, 32]","[141.17, 24]",135.83,246,5.66,0.54
07:44:16,"[133.0, 80]","[130.0, 48]","[137.0, 28]","[139.2, 20]",135.0,176,4.0,0.45
07:44:17,"[133.0, 100]","[130.0, 84]","[135.61, 54]","[138.05, 39]",134.31,277,2.61,0.33
07:44:18,"[131.5, 48]","[129.53, 68]","[134.21, 42]","[136.85, 26]",132.86,184,2.71,0.26
07:44:19,"[130.0, 60]","[129.0, 112]","[132.62, 39]","[134.84, 31]",131.31,242,2.62,0.42
07:44:20,"[129.2, 50]","[128.33, 60]","[131.2, 30]","[132.14, 28]",130.2,168,2.0,0.31
07:44:21,"[129.0, 61]","[127.0, 44]","[130.82, 33]","[255.13, 15]",129.91,153,1.82,0.37
07:44:22,"[129.0, 47]","[127.9, 40]","[140.61, 28]","[409.62, 13]",134.8,128,11.61,0.36
07:44:23,"[131.29, 31]","[129.55, 22]","[435.71, 34]","[481.1, 29]",283.5,116,304.42,-0.09
07:44:24,"[132.14, 42]","[130.92, 26]","[259.87, 38]","[386.39, 41]",196.01,147,127.73,-0.07
07:44:25,"[133.55, 22]","[132.0, 22]","[143.0, 50]","[148.11, 53]",138.27,147,9.45,-0.4
07:44:26,"[133.76, 17]","[131.67, 18]","[135.39, 41]","[141.5, 40]",134.58,116,1.63,-0.4
07:44:27,"[132.0, 30]","[129.0, 30]","[146.2, 74]","[168.23, 35]",139.1,169,14.2,-0.29
07:44:28,"[132.0, 18]","[129.0, 23]","[143.78, 37]","[208.1, 29]",137.89,107,11.78,-0.23
07:44:29,"[130.33, 27]","[128.38, 48]","[133.0, 46]","[133.64, 25]",131.67,146,2.67,0.03
07:44:30,"[129.92, 137]","[128.38, 48]","[131.0, 40]","[132.0, 56]",130.46,281,1.08,0.32
07:44:31,"[129.92, 119]","[128.29, 51]","[131.19, 42]","[192.44, 43]",130.56,255,1.27,0.33
07:44:32,"[130.38, 74]","[130.33, 24]","[175.5, 40]","[415.88, 32]",152.94,170,45.12,0.15
07:44:33,"[133.23, 39]","[131.07, 60]","[262.63, 38]","[364.83, 29]",197.93,166,129.4,0.19
07:44:34,"[134.0, 48]","[132.0, 6]","[345.0, 24]","[554.12, 24]",239.5,102,211.0,0.06
07:44:35,"[134.0, 26]","[132.0, 8]","[284.74, 38]","[488.53, 34]",209.37,106,150.74,-0.36
07:44:36,"[134.0, 4]","[132.0, 2]","[238.0, 10]","[460.0, 8]",186.0,24,104.0,-0.5
07:44:37,"[134.0, 15]","[132.0, 7]","[262.57, 35]","[505.67, 18]",198.29,75,128.57,-0.41
07:44:38,"[134.0, 23]","[132.0, 9]","[194.0, 45]","[603.55, 11]",164.0,88,60.0,-0.27
07:44:39,"[134.0, 7]","[132.0, 7]","[325.0, 35]","[597.18, 11]",229.5,60,191.0,-0.53
07:44:40,"[128.18, 33]","[127.1, 49]","[323.65, 37]","[584.41, 17]",225.92,136,195.47,0.21
07:44:41,"[128.0, 32]","[127.0, 48]","[292.5, 16]","[639.84, 32]",210.25,128,164.5,0.25
07:44:42,"[128.46, 26]","[127.06, 67]","[380.84, 38]","[474.73, 37]",254.65,168,252.38,0.11
07:44:43,"[127.0, 27]","[126.0, 45]","[236.86, 28]","[279.59, 29]",181.93,129,109.86,0.12
07:44:44,"[127.5, 30]","[126.38, 40]","[150.62, 32]","[189.11, 18]",139.06,120,23.12,0.17
07:44:45,"[130.58, 26]","[128.5, 28]","[149.0, 18]","[150.0, 18]",139.79,90,18.42,0.2
07:44:46,"[134.0, 53]","[132.52, 25]","[146.86, 14]","[148.4, 10]",140.43,102,12.86,0.53
07:44:47,"[134.0, 117]","[133.0, 54]","[143.57, 35]","[144.39, 28]",138.79,234,9.57,0.46
07:44:48,"[134.0, 36]","[133.0, 27]","[139.11, 18]","[139.81, 26]",136.56,107,5.11,0.18
07:44:49,"[134.0, 36]","[133.0, 27]","[135.92, 12]","[137.6, 15]",134.96,90,1.92,0.4
07:44:50,"[134.0, 28]","[133.0, 27]","[135.04, 26]","[137.15, 13]",134.52,94,1.04,0.17
07:44:51,"[134.0, 18]","[133.0, 27]","[135.0, 45]","[136.0, 9]",134.5,99,1.0,-0.09
07:44:52,"[133.56, 27]","[132.2, 45]","[135.0, 75]","[223.63, 59]",134.28,206,1.44,-0.3
07:44:53,"[130.67, 27]","[127.28, 32]","[134.0, 55]","[230.0, 55]",132.33,169,3.33,-0.3
07:44:54,"[127.0, 12]","[126.0, 54]","[133.04, 28]","[149.58, 48]",130.02,142,6.04,-0.07
07:44:55,"[127.19, 47]","[126.04, 25]","[131.46, 13]","[166.91, 33]",129.33,118,4.27,0.22
07:44:56,"[127.0, 48]","[126.0, 24]","[129.57, 14]","[152.14, 14]",128.29,100,2.57,0.44
07:44:57,"[127.0, 71]","[126.0, 42]","[128.5, 22]","[243.78, 23]",127.75,158,1.5,0.43
07:44:58,"[129.29, 56]","[126.64, 50]","[167.65, 20]","[233.33, 60]",148.47,186,38.36,0.14
07:44:59,"[130.9, 31]","[127.6, 30]","[290.0, 64]","[522.04, 24]",210.45,149,159.1,-0.18
07:45:00,"[127.17, 24]","[92.62, 26]","[272.67, 60]","[549.22, 41]",199.92,151,145.5,-0.34
07:45:01,"[92.15, 39]","[60.71, 42]","[157.71, 55]","[279.68, 57]",124.93,193,65.56,-0.16
07:45:02,"[69.5, 28]","[66.2, 30]","[143.62, 37]","[241.71, 38]",106.56,133,74.12,-0.13
07:45:03,"[121.79, 58]","[101.3, 27]","[276.4, 25]","[309.1, 60]",199.1,170,154.61,0.0
07:45:04,"[128.84, 45]","[126.39, 51]","[300.02, 41]","[432.11, 36]",214.43,173,171.18,0.11
07:45:05,"[130.0, 4]","[128.0, 20]","[261.0, 10]","[361.0, 8]",195.5,42,131.0,0.14
07:45:06,"[130.0, 12]","[128.0, 60]","[259.67, 12]","[261.0, 30]",194.83,114,129.67,0.26
07:45:07,"[131.0, 11]","[130.0, 22]","[259.0, 22]","[278.2, 50]",195.0,105,128.0,-0.37
07:45:08,"[131.0, 13]","[130.0, 26]","[211.29, 28]","[283.86, 35]",171.14,102,80.29,-0.24
07:45:09,"[129.06, 18]","[128.05, 44]","[146.0, 14]","[152.36, 22]",137.53,98,16.94,0.27
07:45:10,"[128.75, 60]","[127.9, 80]","[135.0, 24]","[137.0, 48]",131.88,212,6.25,0.32
07:45:11,"[131.4, 30]","[127.0, 65]","[133.9, 20]","[137.0, 40]",132.65,155,2.5,0.23
07:45:12,"[131.29, 21]","[126.2, 41]","[132.89, 18]","[181.62, 26]",132.09,106,1.6,0.17
07:45:13,"[127.0, 10]","[126.0, 110]","[131.5, 20]","[132.5, 20]",129.25,160,4.5,0.5
07:45:14,"[127.0, 11]","[126.0, 121]","[130.5, 16]","[131.45, 22]",128.75,170,3.5,0.55
07:45:15,"[126.03, 112]","[95.95, 86]","[127.78, 23]","[128.47, 19]",126.9,240,1.76,0.65
07:45:16,"[126.0, 111]","[84.57, 68]","[174.35, 17]","[246.59, 34]",150.18,230,48.35,0.56
07:45:17,"[128.0, 26]","[126.0, 27]","[288.0, 7]","[458.0, 28]",208.0,88,160.0,0.2
07:45:18,"[130.0, 14]","[126.0, 35]","[373.79, 19]","[524.27, 22]",251.89,90,243.79,0.09
07:45:19,"[130.07, 15]","[126.22, 37]","[297.75, 16]","[574.12, 32]",213.91,100,167.68,0.04
07:45:20,"[131.18, 17]","[128.0, 38]","[264.0, 26]","[518.53, 34]",197.59,115,132.82,-0.04
07:45:21,"[126.27, 37]","[111.67, 18]","[157.22, 36]","[217.27, 33]",141.75,124,30.95,-0.11
07:45:22,"[126.0, 60]","[113.0, 24]","[198.19, 53]","[462.36, 33]",162.09,170,72.19,-0.01
07:45:23,"[126.98, 46]","[120.41, 39]","[225.0, 50]","[691.2, 30]",175.99,165,98.02,0.03
07:45:24,"[126.0, 12]","[120.0, 48]","[224.07, 42]","[319.0, 33]",175.04,135,98.07,-0.11
07:45:25,"[129.87, 31]","[121.06, 34]","[202.35, 34]","[234.79, 34]",166.11,133,72.48,-0.02
07:45:26,"[131.38, 48]","[127.48, 81]","[184.87, 45]","[366.64, 33]",158.12,207,53.49,0.25
07:45:27,"[132.25, 8]","[126.91, 44]","[184.0, 18]","[374.5, 12]",158.12,82,51.75,0.27
07:45:28,"[126.0, 30]","[111.0, 27]","[183.0, 27]","[386.2, 20]",154.5,104,57.0,0.1
07:45:29,"[127.27, 30]","[121.85, 34]","[176.27, 33]","[201.25, 36]",151.77,133,49.01,-0.04
07:45:30,"[130.0, 17]","[127.0, 20]","[179.2, 30]","[231.4, 30]",154.6,97,49.2,-0.24
07:45:31,"[130.0, 6]","[127.0, 12]","[178.0, 18]","[234.0, 18]",154.0,54,48.0,-0.33
07:45:32,"[134.5, 10]","[129.45, 11]","[175.76, 34]","[288.48, 31]",155.13,86,41.26,-0.51
07:45:33,"[135.0, 12]","[130.0, 12]","[174.0, 36]","[175.0, 60]",154.5,120,39.0,-0.6
07:45:34,"[130.71, 14]","[126.14, 86]","[173.21, 48]","[174.72, 64]",151.96,212,42.49,-0.06
07:45:35,"[130.0, 10]","[126.0, 80]","[169.15, 40]","[170.85, 40]",149.57,170,39.15,0.06
07:45:36,"[131.2, 10]","[126.9, 31]","[163.4, 50]","[169.0, 30]",147.3,121,32.2,-0.32
07:45:37,"[133.64, 11]","[130.0, 11]","[160.09, 33]","[162.0, 55]",146.86,110,26.45,-0.6
07:45:38,"[135.0, 11]","[130.0, 11]","[157.42, 31]","[158.56, 34]",146.21,87,22.42,-0.49
07:45:39,"[135.0, 11]","[130.0, 11]","[152.69, 29]","[153.37, 38]",143.84,89,17.69,-0.51
07:45:40,"[133.12, 16]","[130.38, 16]","[148.02, 45]","[148.65, 37]",140.57,114,14.9,-0.44
07:45:41,"[130.0, 10]","[127.0, 20]","[143.45, 33]","[144.35, 34]",136.73,97,13.45,-0.38
07:45:42,"[130.58, 19]","[127.71, 21]","[138.44, 32]","[141.55, 33]",134.51,105,7.86,-0.24
07:45:43,"[130.0, 24]","[127.0, 24]","[136.08, 36]","[137.16, 31]",133.04,115,6.08,-0.17
07:45:44,"[130.6, 30]","[129.31, 35]","[133.1, 61]","[134.31, 39]",131.85,165,2.5,-0.21
07:45:45,"[130.04, 54]","[127.15, 61]","[131.53, 57]","[132.62, 71]",130.78,243,1.49,-0.05
07:45:46,"[128.5, 24]","[126.79, 56]","[131.25, 24]","[144.5, 30]",129.88,134,2.75,0.19
07:45:47,"[130.0, 39]","[127.0, 78]","[178.71, 35]","[309.86, 42]",154.36,194,48.71,0.21
07:45:48,"[128.08, 52]","[126.88, 73]","[247.38, 32]","[296.17, 30]",187.73,187,119.3,0.34
07:45:49,"[129.14, 58]","[127.0, 76]","[207.29, 17]","[210.17, 35]",168.22,186,78.16,0.44
07:45:50,"[130.0, 32]","[127.0, 64]","[193.06, 35]","[199.48, 33]",161.53,164,63.06,0.17
07:45:51,"[130.79, 28]","[127.0, 56]","[177.84, 31]","[184.72, 32]",154.31,147,47.05,0.14
07:45:52,"[131.83, 24]","[127.0, 48]","[172.25, 12]","[174.0, 24]",152.04,108,40.42,0.33
07:45:53,"[132.56, 18]","[127.0, 42]","[171.0, 22]","[172.0, 11]",151.78,93,38.44,0.29
07:45:54,"[133.0, 9]","[127.0, 81]","[168.0, 16]","[169.27, 11]",150.5,117,35.0,0.54
07:45:55,"[127.11, 57]","[126.11, 99]","[166.33, 18]","[168.0, 9]",146.72,183,39.23,0.7
07:45:56,"[127.0, 70]","[126.0, 110]","[163.25, 12]","[165.95, 19]",145.12,211,36.25,0.71
07:45:57,"[127.0, 74]","[126.0, 121]","[155.58, 19]","[158.05, 19]",141.29,233,28.58,0.67
07:45:58,"[126.8, 50]","[125.96, 98]","[151.67, 15]","[154.26, 19]",139.23,182,24.87,0.63
07:45:59,"[128.55, 22]","[126.39, 62]","[151.74, 19]","[152.57, 14]",140.14,117,23.19,0.44
07:46:00,"[130.19, 32]","[126.59, 88]","[149.33, 24]","[151.33, 24]",139.76,168,19.15,0.43
07:46:01,"[133.3, 50]","[126.02, 85]","[148.33, 24]","[150.0, 12]",140.82,171,15.03,0.58
07:46:02,"[135.0, 75]","[130.0, 15]","[144.22, 37]","[145.74, 31]",139.61,158,9.22,0.14
07:46:03,"[135.0, 50]","[132.82, 34]","[141.36, 28]","[142.5, 32]",138.18,144,6.36,0.17
07:46:04,"[135.0, 30]","[133.11, 18]","[139.67, 15]","[141.82, 22]",137.33,85,4.67,0.13
07:46:05,"[135.0, 50]","[134.0, 10]","[138.56, 45]","[139.29, 35]",136.78,140,3.56,-0.14
07:46:06,"[135.0, 45]","[134.0, 9]","[137.08, 26]","[138.0, 40]",136.04,120,2.08,-0.1
07:46:07,"[134.0, 15]","[131.0, 315]","[135.87, 30]","[193.71, 52]",134.93,412,1.87,0.6
07:46:08,"[131.01, 201]","[130.41, 51]","[134.27, 22]","[284.32, 28]",132.64,302,3.26,0.67
07:46:09,"[131.52, 198]","[130.9, 178]","[133.62, 32]","[399.12, 51]",132.57,459,2.11,0.64
07:46:10,"[131.18, 228]","[130.28, 58]","[435.21, 58]","[524.51, 74]",283.19,418,304.03,0.37
07:46:11,"[133.3, 10]","[132.2, 180]","[342.5, 32]","[459.65, 37]",237.9,259,209.2,0.47
07:46:12,"[134.0, 10]","[133.0, 180]","[419.6, 40]","[517.58, 45]",276.8,275,285.6,0.38
07:46:13,"[134.64, 11]","[133.0, 198]","[380.09, 44]","[512.42, 50]",257.36,303,245.45,0.38
07:46:14,"[135.0, 8]","[133.0, 144]","[246.61, 33]","[313.81, 37]",190.8,222,111.61,0.37
07:46:15,"[135.0, 8]","[133.0, 144]","[176.0, 24]","[197.32, 38]",155.5,214,41.0,0.42
07:46:16,"[133.52, 23]","[132.89, 112]","[186.0, 28]","[195.0, 35]",159.76,198,52.48,0.36
07:46:17,"[133.0, 93]","[130.0, 24]","[223.33, 24]","[278.56, 25]",178.17,166,90.33,0.41
07:46:18,"[133.0, 128]","[130.0, 40]","[217.7, 44]","[253.1, 41]",175.35,253,84.7,0.33
07:46:19,"[133.0, 132]","[130.26, 54]","[215.27, 73]","[239.47, 55]",174.14,314,82.27,0.18
07:46:20,"[133.0, 88]","[131.0, 84]","[208.25, 83]","[290.7, 63]",170.63,318,75.25,0.08
07:46:21,"[133.0, 75]","[131.0, 77]","[185.54, 35]","[192.09, 44]",159.27,231,52.54,0.32
07:46:22,"[133.96, 67]","[131.58, 69]","[184.73, 33]","[207.36, 44]",159.34,213,50.77,0.28
07:46:23,"[135.0, 80]","[133.0, 65]","[182.29, 42]","[183.18, 49]",158.64,236,47.29,0.23
07:46:24,"[134.85, 54]","[132.84, 87]","[166.96, 67]","[174.86, 56]",150.9,264,32.1,0.07
07:46:25,"[133.0, 48]","[131.0, 84]","[147.09, 47]","[148.18, 44]",140.04,223,14.09,0.18
07:46:26,"[133.95, 21]","[132.58, 66]","[144.38, 65]","[145.46, 65]",139.17,217,10.43,-0.2
07:46:27,"[135.0, 17]","[133.0, 68]","[142.35, 74]","[143.56, 79]",138.68,238,7.35,-0.29
07:46:28,"[133.4, 25]","[132.14, 35]","[138.54, 41]","[140.49, 49]",135.97,150,5.14,-0.2
07:46:29,"[133.0, 32]","[131.53, 19]","[136.8, 30]","[139.37, 38]",134.9,119,3.8,-0.14
07:46:30,"[132.36, 47]","[130.62, 53]","[134.9, 50]","[136.12, 51]",133.63,201,2.54,-0.0
07:46:31,"[130.29, 45]","[128.7, 40]","[132.18, 38]","[156.0, 42]",131.24,165,1.9,0.03
07:46:32,"[128.0, 12]","[127.0, 144]","[132.13, 15]","[413.26, 31]",130.07,202,4.13,0.54
07:46:33,"[127.09, 82]","[126.76, 79]","[130.71, 28]","[131.71, 14]",128.9,203,3.63,0.59
07:46:34,"[126.44, 140]","[119.46, 136]","[128.63, 38]","[130.27, 52]",127.54,366,2.19,0.51
07:46:35,"[126.0, 182]","[80.5, 40]","[130.74, 27]","[267.28, 32]",128.37,281,4.74,0.58
07:46:36,"[126.47, 90]","[123.7, 99]","[128.71, 14]","[130.78, 27]",127.59,230,2.25,0.64
07:46:37,"[126.0, 88]","[125.0, 16]","[144.33, 18]","[358.41, 17]",135.17,139,18.33,0.5
07:46:38,"[126.1, 79]","[125.44, 25]","[377.12, 17]","[457.13, 23]",251.61,144,251.02,0.44
07:46:39,"[131.75, 36]","[127.82, 67]","[404.44, 41]","[460.21, 28]",268.09,172,272.69,0.2
07:46:40,"[134.0, 30]","[133.0, 40]","[292.0, 10]","[468.05, 39]",213.0,119,158.0,0.18
07:46:41,"[134.0, 13]","[133.0, 44]","[314.43, 23]","[366.1, 39]",224.22,119,180.43,-0.04
07:46:42,"[134.0, 8]","[133.0, 32]","[280.88, 8]","[453.71, 35]",207.44,83,146.88,-0.04
07:46:43,"[133.0, 20]","[131.0, 18]","[238.88, 17]","[356.43, 23]",185.94,78,105.88,-0.03
07:46:44,"[133.88, 66]","[132.47, 30]","[266.36, 28]","[403.73, 49]",200.12,173,132.48,0.11
07:46:45,"[134.0, 44]","[133.0, 22]","[238.72, 47]","[260.36, 25]",186.36,138,104.72,-0.04
07:46:46,"[134.34, 44]","[133.0, 26]","[182.35, 46]","[200.95, 37]",158.34,153,48.01,-0.08
07:46:47,"[132.73, 44]","[128.8, 51]","[151.0, 30]","[169.51, 41]",141.86,166,18.27,0.14
07:46:48,"[130.44, 36]","[128.43, 67]","[148.0, 26]","[150.0, 65]",139.22,194,17.56,0.06
07:46:49,"[131.0, 14]","[130.0, 66]","[146.87, 53]","[149.05, 38]",138.93,171,15.87,-0.06
07:46:50,"[131.0, 12]","[130.0, 68]","[143.08, 37]","[144.77, 22]",137.04,139,12.08,0.15
07:46:51,"[131.63, 19]","[130.18, 34]","[137.48, 42]","[139.61, 41]",134.55,136,5.84,-0.22
07:46:52,"[131.62, 48]","[127.75, 134]","[134.84, 37]","[135.77, 62]",133.23,281,3.21,0.3
07:46:53,"[127.0, 56]","[126.0, 337]","[130.91, 23]","[132.1, 29]",128.96,445,3.91,0.77
07:46:54,"[126.04, 130]","[125.62, 132]","[128.29, 21]","[130.16, 19]",127.16,302,2.25,0.74
07:46:55,"[122.54, 13]","[73.27, 22]","[125.87, 23]","[127.21, 19]",124.2,77,3.33,-0.09
07:46:56,"[121.0, 10]","[36.82, 17]","[124.53, 17]","[137.31, 29]",122.76,73,3.53,-0.26
07:46:57,"[119.22, 9]","[24.59, 17]","[124.11, 19]","[149.0, 45]",121.66,90,4.88,-0.42
07:46:58,"[94.25, 4]","[49.0, 8]","[124.0, 12]","[149.0, 20]",109.12,44,29.75,-0.45
07:46:59,"[82.62, 26]","[60.52, 23]","[124.0, 36]","[149.0, 60]",103.31,145,41.38,-0.32
07:47:00,"[114.43, 42]","[108.47, 17]","[185.33, 30]","[226.29, 55]",149.88,144,70.9,-0.18
07:47:01,"[135.0, 14]","[134.0, 14]","[245.0, 22]","[372.69, 13]",190.0,63,110.0,-0.11
07:47:02,"[135.0, 14]","[134.0, 16]","[400.65, 23]","[438.22, 36]",267.83,89,265.65,-0.33
07:47:03,"[135.0, 8]","[134.0, 16]","[414.67, 24]","[492.0, 32]",274.83,80,279.67,-0.4
07:47:04,"[135.0, 9]","[131.6, 10]","[248.46, 26]","[345.31, 29]",191.73,74,113.46,-0.49
07:47:05,"[130.76, 17]","[131.43, 21]","[162.0, 44]","[237.0, 22]",146.38,104,31.24,-0.27
07:47:06,"[126.0, 32]","[93.67, 12]","[186.43, 28]","[232.67, 24]",156.21,96,60.43,-0.08
07:47:07,"[126.0, 44]","[90.31, 13]","[191.47, 34]","[206.25, 32]",158.74,123,65.47,-0.07
07:47:08,"[130.0, 16]","[126.0, 40]","[187.36, 22]","[290.23, 26]",158.68,104,57.36,0.08
07:47:09,"[130.0, 18]","[126.09, 46]","[200.67, 18]","[317.0, 36]",165.33,118,70.67,0.08
07:47:10,"[128.24, 49]","[87.33, 36]","[192.5, 20]","[300.14, 28]",160.37,133,64.26,0.28
07:47:11,"[135.0, 102]","[127.38, 52]","[182.0, 40]","[199.0, 20]",158.5,214,47.0,0.44
07:47:12,"[135.0, 130]","[130.0, 118]","[162.27, 55]","[184.45, 44]",148.64,347,27.27,0.43
07:47:13,"[135.0, 75]","[130.0, 100]","[161.74, 42]","[182.67, 27]",148.37,244,26.74,0.43
07:47:14,"[135.0, 40]","[130.0, 80]","[159.25, 20]","[160.6, 20]",147.12,160,24.25,0.5
07:47:15,"[135.0, 35]","[130.35, 46]","[157.57, 21]","[160.0, 14]",146.29,116,22.57,0.4
07:47:16,"[135.0, 85]","[131.0, 68]","[152.04, 52]","[153.2, 54]",143.52,259,17.04,0.18
07:47:17,"[135.0, 47]","[131.0, 44]","[146.45, 22]","[148.0, 55]",140.73,168,11.45,0.08
07:47:18,"[132.33, 42]","[130.44, 90]","[143.59, 49]","[147.43, 70]",137.96,251,11.26,0.05
07:47:19,"[132.0, 57]","[131.0, 36]","[141.12, 40]","[141.86, 35]",136.56,168,9.12,0.11
07:47:20,"[132.59, 61]","[131.0, 50]","[137.92, 39]","[141.0, 65]",135.26,215,5.33,0.03
07:47:21,"[133.0, 32]","[131.0, 16]","[135.12, 24]","[141.0, 40]",134.06,112,2.12,-0.14
07:47:22,"[132.4, 20]","[130.32, 44]","[134.0, 30]","[143.66, 44]",133.2,138,1.6,-0.07
07:47:23,"[130.22, 79]","[129.8, 69]","[132.28, 40]","[134.0, 66]",131.25,254,2.06,0.17
07:47:24,"[130.0, 54]","[127.3, 23]","[131.04, 47]","[132.53, 19]",130.52,143,1.04,0.08
07:47:25,"[130.0, 27]","[127.0, 28]","[131.0, 35]","[141.33, 9]",130.5,99,1.0,0.11
07:47:26,"[128.65, 20]","[126.55, 40]","[168.09, 44]","[311.2, 30]",148.37,134,39.44,-0.1
07:47:27,"[127.09, 23]","[126.07, 45]","[347.95, 19]","[415.73, 22]",237.52,109,220.86,0.25
07:47:28,"[127.2, 10]","[126.06, 51]","[269.8, 30]","[300.66, 29]",198.5,120,142.6,0.02
07:47:29,"[127.0, 7]","[126.0, 42]","[269.71, 24]","[331.24, 25]",198.35,98,142.71,0.0
07:47:30,"[127.52, 21]","[126.04, 75]","[285.41, 54]","[294.29, 59]",206.47,209,157.88,-0.08
07:47:31,"[130.0, 11]","[127.0, 11]","[172.38, 42]","[226.67, 42]",151.19,106,42.38,-0.58
07:47:32,"[129.14, 14]","[126.62, 32]","[170.17, 48]","[172.0, 48]",149.65,142,41.02,-0.35
07:47:33,"[128.63, 35]","[126.41, 68]","[170.0, 52]","[172.0, 52]",149.31,207,41.37,-0.0
07:47:34,"[131.0, 26]","[127.0, 91]","[169.15, 34]","[170.0, 52]",150.07,203,38.15,0.15
07:47:35,"[131.0, 26]","[127.0, 112]","[166.36, 25]","[168.8, 40]",148.68,203,35.36,0.36
07:47:36,"[131.0, 22]","[127.0, 154]","[165.96, 23]","[168.54, 26]",148.48,225,34.96,0.56
07:47:37,"[127.13, 188]","[126.51, 83]","[162.0, 35]","[163.81, 36]",144.56,342,34.87,0.58
07:47:38,"[127.0, 140]","[126.0, 30]","[157.0, 17]","[157.84, 31]",142.0,218,30.0,0.56
07:47:39,"[127.0, 126]","[126.0, 27]","[154.8, 15]","[156.83, 23]",140.9,191,27.8,0.6
07:47:40,"[127.55, 55]","[126.75, 52]","[152.74, 19]","[153.19, 31]",140.14,157,25.19,0.36
07:47:41,"[130.0, 24]","[129.0, 12]","[150.11, 36]","[152.33, 24]",140.06,96,20.11,-0.25
07:47:42,"[130.0, 22]","[129.0, 11]","[148.27, 41]","[149.2, 20]",139.13,94,18.27,-0.3
07:47:43,"[130.0, 30]","[129.0, 15]","[144.57, 54]","[145.64, 59]",137.29,158,14.57,-0.43
07:47:44,"[134.52, 62]","[129.62, 13]","[141.06, 35]","[142.41, 46]",137.79,156,6.54,-0.04
07:47:45,"[134.58, 101]","[132.87, 39]","[136.81, 31]","[138.7, 44]",135.7,215,2.22,0.3
07:47:46,"[134.0, 77]","[130.11, 27]","[135.32, 38]","[146.22, 37]",134.66,179,1.32,0.16
07:47:47,"[134.18, 11]","[132.2, 15]","[150.0, 25]","[201.11, 18]",142.09,69,15.82,-0.25
07:47:48,"[135.0, 9]","[134.0, 27]","[196.88, 25]","[256.22, 36]",165.94,97,61.88,-0.26
07:47:49,"[132.36, 28]","[130.75, 36]","[196.0, 24]","[348.0, 48]",164.18,136,63.64,-0.06
07:47:50,"[130.0, 33]","[128.0, 27]","[200.96, 23]","[218.77, 35]",165.48,118,70.96,0.02
07:47:51,"[130.0, 45]","[128.0, 27]","[165.38, 39]","[208.5, 12]",147.69,123,35.38,0.17
07:47:52,"[130.0, 40]","[128.0, 24]","[163.5, 8]","[315.33, 30]",146.75,102,33.5,0.25
07:47:53,"[130.0, 35]","[128.0, 21]","[163.0, 7]","[378.82, 22]",146.5,85,33.0,0.32
07:47:54,"[130.0, 39]","[128.0, 27]","[163.0, 9]","[318.0, 9]",146.5,84,33.0,0.57
07:47:55,"[130.0, 48]","[128.0, 45]","[161.67, 15]","[278.55, 22]",145.83,130,31.67,0.43
07:47:56,"[130.0, 36]","[128.0, 36]","[160.6, 15]","[199.77, 39]",145.3,126,30.6,0.14
07:47:57,"[130.0, 51]","[128.0, 61]","[158.56, 27]","[159.25, 24]",144.28,163,28.56,0.37
07:47:58,"[129.0, 30]","[127.19, 93]","[156.08, 13]","[157.8, 20]",142.54,156,27.08,0.58
07:47:59,"[128.0, 24]","[127.0, 124]","[155.0, 16]","[156.0, 8]",141.5,172,27.0,0.72
07:48:00,"[129.14, 21]","[127.19, 63]","[155.0, 14]","[156.0, 7]",142.07,105,25.86,0.6
07:48:01,"[130.0, 25]","[128.0, 27]","[152.44, 9]","[155.0, 18]",141.22,79,22.44,0.32
07:48:02,"[129.77, 30]","[127.48, 75]","[148.76, 17]","[150.4, 25]",139.27,147,19.0,0.43
07:48:03,"[129.0, 15]","[128.0, 45]","[142.67, 42]","[144.86, 22]",135.83,124,13.67,-0.03
07:48:04,"[129.0, 13]","[128.0, 39]","[137.72, 18]","[138.55, 29]",133.36,99,8.72,0.05
07:48:05,"[130.27, 15]","[128.0, 45]","[134.52, 21]","[135.67, 30]",132.4,111,4.26,0.08
07:48:06,"[127.68, 66]","[127.05, 128]","[131.23, 35]","[132.14, 21]",129.46,250,3.55,0.55
07:48:07,"[127.0, 108]","[126.0, 24]","[128.71, 7]","[129.91, 11]",127.86,150,1.71,0.76
07:48:08,"[127.0, 174]","[126.0, 40]","[128.0, 20]","[129.0, 10]",127.5,244,1.0,0.75
07:48:09,"[127.0, 160]","[126.0, 40]","[128.0, 20]","[213.0, 50]",127.5,270,1.0,0.48
07:48:10,"[127.0, 160]","[126.0, 44]","[159.11, 38]","[346.51, 49]",143.05,291,32.11,0.4
07:48:11,"[127.0, 121]","[126.0, 40]","[164.0, 10]","[339.25, 40]",145.5,211,37.0,0.53
07:48:12,"[127.0, 112]","[126.0, 32]","[164.0, 8]","[287.43, 37]",145.5,189,37.0,0.52
07:48:13,"[127.0, 140]","[126.0, 40]","[147.92, 12]","[212.7, 33]",137.46,225,20.92,0.6
07:48:14,"[127.9, 117]","[126.86, 98]","[201.36, 14]","[288.07, 42]",164.63,271,73.46,0.59
07:48:15,"[135.0, 11]","[128.0, 77]","[367.23, 43]","[530.64, 45]",251.12,176,232.23,0.0
07:48:16,"[135.0, 7]","[133.0, 49]","[297.32, 31]","[363.2, 30]",216.16,117,162.32,-0.04
07:48:17,"[133.31, 45]","[132.41, 61]","[371.2, 61]","[509.0, 36]",252.25,203,237.89,0.04
07:48:18,"[133.0, 34]","[130.0, 18]","[456.32, 31]","[502.9, 39]",294.66,122,323.32,-0.15
07:48:19,"[131.71, 21]","[129.1, 42]","[391.89, 27]","[470.9, 31]",261.8,121,260.17,0.04
07:48:20,"[128.16, 19]","[127.05, 63]","[327.86, 21]","[366.57, 21]",228.01,124,199.7,0.32
07:48:21,"[128.0, 12]","[127.0, 60]","[302.0, 18]","[327.83, 18]",215.0,108,174.0,0.33
07:48:22,"[128.0, 12]","[127.0, 60]","[177.0, 18]","[296.47, 19]",152.5,109,49.0,0.32
07:48:23,"[128.0, 20]","[127.0, 100]","[324.92, 38]","[353.79, 38]",226.46,196,196.92,0.22
07:48:24,"[128.75, 32]","[127.23, 52]","[323.0, 50]","[325.0, 30]",225.88,164,194.25,0.02
07:48:25,"[129.0, 16]","[128.0, 8]","[322.5, 20]","[325.0, 12]",225.75,56,193.5,-0.14
07:48:26,"[129.0, 14]","[127.03, 62]","[322.87, 30]","[351.78, 23]",225.93,129,193.87,0.18
07:48:27,"[129.0, 18]","[127.56, 90]","[310.43, 42]","[324.27, 33]",219.71,183,181.43,0.18
07:48:28,"[128.21, 78]","[127.07, 107]","[232.16, 38]","[234.07, 41]",180.18,264,103.95,0.4
07:48:29,"[130.12, 51]","[128.27, 89]","[165.93, 56]","[169.0, 42]",148.02,238,35.81,0.18
07:48:30,"[130.0, 10]","[128.0, 70]","[164.36, 33]","[165.97, 37]",147.18,150,34.36,0.07
07:48:31,"[128.67, 15]","[127.57, 46]","[164.0, 18]","[165.0, 24]",146.33,103,35.33,0.18
07:48:32,"[130.11, 18]","[128.18, 44]","[163.6, 30]","[165.0, 40]",146.86,132,33.49,-0.06
07:48:33,"[133.4, 20]","[130.16, 19]","[160.7, 43]","[162.35, 34]",147.05,116,27.3,-0.33
07:48:34,"[135.0, 52]","[131.0, 13]","[158.25, 48]","[160.05, 43]",146.62,156,23.25,-0.17
07:48:35,"[132.45, 11]","[130.07, 15]","[156.31, 26]","[157.2, 30]",144.38,82,23.85,-0.37
07:48:36,"[128.23, 26]","[127.19, 64]","[154.9, 29]","[155.85, 27]",141.56,146,26.67,0.23
07:48:37,"[128.05, 63]","[127.04, 104]","[148.98, 57]","[150.33, 60]",138.52,284,20.93,0.18
07:48:38,"[129.0, 30]","[128.0, 40]","[141.74, 38]","[143.38, 32]",135.37,140,12.74,0.0
07:48:39,"[129.28, 50]","[127.57, 84]","[135.21, 58]","[139.69, 58]",132.24,250,5.93,0.07
07:48:40,"[128.15, 26]","[127.2, 82]","[130.22, 27]","[131.2, 40]",129.19,175,2.07,0.23
07:48:41,"[128.0, 14]","[127.0, 57]","[130.0, 28]","[131.0, 28]",129.0,127,2.0,0.12
07:48:42,"[127.6, 30]","[126.43, 79]","[129.83, 48]","[155.86, 49]",128.72,206,2.23,0.06
07:48:43,"[127.6, 15]","[126.5, 60]","[130.55, 31]","[249.88, 43]",129.07,149,2.95,0.01
07:48:44,"[127.2, 80]","[125.75, 40]","[131.0, 24]","[173.89, 36]",129.1,180,3.8,0.33
07:48:45,"[131.56, 72]","[127.7, 67]","[170.77, 44]","[377.65, 43]",151.16,226,39.22,0.23
07:48:46,"[134.0, 42]","[133.0, 24]","[181.0, 30]","[685.67, 24]",157.5,120,47.0,0.1
07:48:47,"[133.84, 83]","[132.82, 44]","[358.5, 30]","[377.38, 66]",246.17,223,224.66,0.14
07:48:48,"[133.0, 27]","[131.0, 9]","[227.1, 29]","[237.5, 40]",180.05,105,94.1,-0.31
07:48:49,"[130.0, 43]","[127.0, 7]","[241.87, 23]","[689.68, 19]",185.93,92,111.87,0.09
07:48:50,"[130.08, 26]","[128.2, 10]","[439.68, 31]","[690.91, 11]",284.88,78,309.6,-0.08
07:48:51,"[132.0, 10]","[130.75, 48]","[394.1, 31]","[610.0, 1]",263.05,90,262.1,0.29
07:48:52,"[131.29, 42]","[130.57, 63]","[262.55, 33]","[414.71, 21]",196.92,159,131.26,0.32
07:48:53,"[131.0, 12]","[130.0, 30]","[266.17, 18]","[683.5, 12]",198.58,72,135.17,0.17
07:48:54,"[131.0, 12]","[130.0, 30]","[287.0, 18]","[668.67, 12]",209.0,72,156.0,0.17
