Time,Bid1,Bid2,Ask1,Ask2,Mid-Price,Total_volume,Bid_ask_spread,Order_imbalance
07:30:00,"[0, 0]","[0, 0]","[0, 0]","[0, 0]",0.0,0,0.0,0.0
07:30:01,"[276.0, 8]","[0, 0]","[0, 0]","[0, 0]",138.0,8,-276.0,1.0
07:30:02,"[276.0, 16]","[275.0, 2]","[277.0, 2]","[0, 0]",276.5,20,1.0,0.8
07:30:03,"[276.0, 30]","[275.0, 12]","[334.38, 13]","[456.67, 9]",305.19,64,58.38,0.31
07:30:04,"[277.25, 20]","[276.0, 20]","[344.0, 8]","[345.0, 12]",310.62,60,66.75,0.33
07:30:05,"[278.0, 35]","[276.0, 35]","[313.25, 16]","[328.25, 16]",295.62,102,35.25,0.37
07:30:06,"[278.0, 35]","[276.0, 35]","[312.31, 13]","[321.5, 20]",295.15,103,34.31,0.36
07:30:07,"[278.0, 50]","[276.0, 35]","[306.03, 30]","[313.67, 18]",292.02,133,28.03,0.28
07:30:08,"[278.0, 72]","[276.0, 55]","[309.04, 23]","[310.19, 32]",293.52,182,31.04,0.4
07:30:09,"[278.0, 24]","[276.0, 40]","[303.95, 19]","[305.81, 21]",290.97,104,25.95,0.23
07:30:10,"[278.0, 24]","[276.0, 40]","[302.0, 24]","[304.0, 16]",290.0,104,24.0,0.23
07:30:11,"[278.0, 30]","[276.0, 50]","[301.31, 29]","[305.78, 27]",289.66,136,23.31,0.18
07:30:12,"[278.0, 11]","[276.0, 25]","[301.0, 25]","[317.0, 15]",289.5,76,23.0,-0.05
07:30:13,"[278.0, 12]","[276.0, 60]","[299.55, 38]","[304.39, 36]",288.78,146,21.55,-0.01
07:30:14,"[278.0, 12]","[276.0, 60]","[294.03, 36]","[296.0, 29]",286.01,137,16.03,0.05
07:30:15,"[276.52, 62]","[275.68, 56]","[288.19, 62]","[290.8, 50]",282.35,230,11.68,0.03
07:30:16,"[278.0, 140]","[276.0, 56]","[287.04, 48]","[289.54, 52]",282.52,296,9.04,0.32
07:30:17,"[278.94, 170]","[276.0, 68]","[284.07, 56]","[285.0, 38]",281.51,332,5.13,0.43
07:30:18,"[279.63, 108]","[276.0, 48]","[281.31, 26]","[282.41, 44]",280.47,226,1.68,0.38
07:30:19,"[277.85, 52]","[275.63, 38]","[283.31, 26]","[288.8, 40]",280.58,156,5.46,0.15
07:30:20,"[279.88, 25]","[278.68, 37]","[285.0, 24]","[290.0, 84]",282.44,170,5.12,-0.27
07:30:21,"[279.29, 34]","[278.56, 27]","[283.53, 34]","[289.65, 93]",281.41,188,4.24,-0.35
07:30:22,"[276.0, 20]","[274.01, 91]","[282.0, 20]","[289.5, 30]",279.0,161,6.0,0.38
07:30:23,"[277.46, 13]","[276.0, 26]","[281.19, 32]","[286.15, 39]",279.32,110,3.73,-0.29
07:30:24,"[277.08, 13]","[275.82, 17]","[280.13, 23]","[283.4, 30]",278.6,83,3.05,-0.28
07:30:25,"[275.19, 31]","[273.88, 25]","[279.91, 34]","[289.5, 48]",277.55,138,4.72,-0.19
07:30:26,"[275.68, 149]","[273.75, 96]","[280.55, 22]","[285.95, 55]",278.11,322,4.87,0.52
07:30:27,"[274.32, 57]","[272.86, 42]","[290.0, 33]","[292.0, 44]",282.16,176,15.68,0.12
07:30:28,"[274.0, 60]","[272.0, 30]","[290.0, 30]","[292.0, 40]",282.0,160,16.0,0.12
07:30:29,"[274.0, 54]","[272.0, 27]","[290.0, 27]","[292.0, 36]",282.0,144,16.0,0.12
07:30:30,"[274.0, 54]","[272.0, 27]","[290.0, 27]","[292.0, 36]",282.0,144,16.0,0.12
07:30:31,"[274.03, 62]","[272.57, 42]","[289.21, 14]","[290.22, 37]",281.62,155,15.18,0.34
07:30:32,"[276.17, 12]","[272.94, 51]","[288.0, 15]","[290.11, 37]",282.08,115,11.83,0.1
07:30:33,"[277.0, 13]","[274.0, 104]","[286.54, 13]","[288.62, 39]",281.77,169,9.54,0.38
07:30:34,"[277.67, 15]","[274.0, 120]","[285.28, 29]","[287.55, 31]",281.47,195,7.61,0.38
07:30:35,"[278.0, 7]","[274.0, 56]","[285.0, 21]","[286.0, 7]",281.5,91,7.0,0.38
07:30:36,"[276.06, 32]","[273.91, 134]","[282.24, 46]","[283.15, 34]",279.15,246,6.18,0.35
07:30:37,"[274.0, 136]","[272.0, 57]","[277.97, 37]","[280.22, 41]",275.99,271,3.97,0.42
07:30:38,"[274.0, 33]","[272.0, 33]","[275.0, 11]","[286.0, 44]",274.5,121,1.0,0.09
07:30:39,"[274.17, 30]","[272.11, 38]","[285.45, 29]","[298.97, 35]",279.81,132,11.28,0.03
07:30:40,"[276.38, 16]","[272.57, 28]","[287.5, 24]","[291.5, 36]",281.94,104,11.12,-0.15
07:30:41,"[272.0, 33]","[269.0, 43]","[287.0, 33]","[289.0, 55]",279.5,164,15.0,-0.07
07:30:42,"[275.12, 25]","[271.29, 51]","[286.35, 69]","[288.11, 61]",280.73,206,11.23,-0.26
07:30:43,"[274.16, 25]","[270.92, 13]","[285.46, 65]","[287.0, 39]",279.81,142,11.3,-0.46
07:30:44,"[275.0, 27]","[272.67, 9]","[285.0, 45]","[287.0, 27]",280.0,108,10.0,-0.33
07:30:45,"[275.02, 52]","[274.15, 20]","[284.17, 96]","[285.59, 122]",279.59,290,9.15,-0.5
07:30:46,"[276.0, 10]","[275.0, 30]","[284.0, 50]","[285.0, 70]",280.0,160,8.0,-0.5
07:30:47,"[275.72, 29]","[274.94, 35]","[283.06, 85]","[284.2, 69]",279.39,218,7.33,-0.41
07:30:48,"[275.0, 45]","[274.0, 15]","[281.67, 72]","[282.83, 52]",278.33,184,6.67,-0.35
07:30:49,"[275.0, 18]","[274.0, 6]","[279.0, 30]","[280.0, 24]",277.0,78,4.0,-0.38
07:30:50,"[276.2, 40]","[274.6, 20]","[279.19, 54]","[281.71, 42]",277.69,156,2.99,-0.23
07:30:51,"[275.55, 22]","[274.33, 9]","[283.09, 22]","[284.86, 21]",279.32,74,7.55,-0.16
07:30:52,"[275.0, 36]","[274.0, 12]","[284.08, 26]","[286.17, 36]",279.54,110,9.08,-0.13
07:30:53,"[275.0, 21]","[274.0, 7]","[284.73, 11]","[287.55, 33]",279.86,72,9.73,-0.22
07:30:54,"[276.64, 33]","[274.97, 31]","[287.0, 33]","[288.0, 99]",281.82,196,10.36,-0.35
07:30:55,"[277.0, 30]","[275.0, 30]","[287.0, 30]","[288.0, 90]",282.0,180,10.0,-0.33
07:30:56,"[277.93, 42]","[275.0, 70]","[284.97, 64]","[287.45, 60]",281.45,236,7.04,-0.05
07:30:57,"[278.0, 33]","[275.0, 55]","[283.76, 49]","[285.81, 37]",280.88,174,5.76,0.01
07:30:58,"[278.0, 23]","[275.0, 55]","[282.0, 33]","[284.0, 55]",280.0,166,4.0,-0.06
07:30:59,"[276.11, 38]","[274.81, 43]","[280.92, 71]","[281.8, 49]",278.51,201,4.81,-0.19
07:31:00,"[275.0, 30]","[274.0, 10]","[279.2, 44]","[280.42, 36]",277.1,120,4.2,-0.33
07:31:01,"[275.0, 30]","[274.0, 10]","[278.2, 50]","[280.0, 30]",276.6,120,3.2,-0.33
07:31:02,"[274.88, 24]","[273.4, 10]","[278.81, 16]","[281.0, 28]",276.84,78,3.94,-0.13
07:31:03,"[273.54, 13]","[271.53, 19]","[275.86, 49]","[276.55, 29]",274.7,110,2.32,-0.42
07:31:04,"[271.62, 16]","[270.79, 38]","[273.23, 52]","[274.45, 44]",272.43,150,1.61,-0.28
07:31:05,"[270.47, 45]","[269.65, 34]","[272.0, 45]","[274.34, 47]",271.23,171,1.53,-0.08
07:31:06,"[269.62, 21]","[265.71, 21]","[270.89, 36]","[276.57, 35]",270.25,113,1.27,-0.26
07:31:07,"[268.0, 9]","[265.0, 36]","[270.53, 19]","[273.44, 45]",269.26,109,2.53,-0.17
07:31:08,"[268.0, 6]","[265.0, 24]","[271.0, 18]","[281.89, 45]",269.5,93,3.0,-0.35
07:31:09,"[265.08, 37]","[207.79, 34]","[277.25, 40]","[282.09, 55]",271.17,166,12.17,-0.14
07:31:10,"[265.14, 28]","[171.05, 22]","[281.0, 35]","[283.0, 42]",273.07,127,15.86,-0.21
07:31:11,"[274.62, 21]","[266.6, 30]","[281.0, 45]","[283.0, 54]",277.81,150,6.38,-0.32
07:31:12,"[272.29, 31]","[237.87, 46]","[281.56, 43]","[283.28, 43]",276.92,163,9.27,-0.06
07:31:13,"[279.0, 18]","[265.0, 24]","[281.0, 24]","[283.0, 18]",280.0,84,2.0,0.0
07:31:14,"[279.0, 21]","[274.0, 14]","[281.0, 28]","[283.0, 21]",280.0,84,2.0,-0.17
07:31:15,"[278.35, 31]","[274.29, 31]","[281.0, 40]","[283.0, 30]",279.68,132,2.65,-0.06
07:31:16,"[274.0, 18]","[266.4, 45]","[281.0, 36]","[283.0, 27]",277.5,126,7.0,0.0
07:31:17,"[269.94, 31]","[267.23, 47]","[278.75, 32]","[282.11, 27]",274.34,137,8.81,0.14
07:31:18,"[268.62, 32]","[267.6, 89]","[279.57, 56]","[283.0, 42]",274.1,219,10.95,0.11
07:31:19,"[271.0, 9]","[268.64, 78]","[279.0, 36]","[283.0, 51]",275.0,174,8.0,0.0
07:31:20,"[271.4, 10]","[268.93, 97]","[277.2, 40]","[279.0, 40]",274.3,187,5.8,0.14
07:31:21,"[273.07, 15]","[268.5, 40]","[277.0, 40]","[279.0, 40]",275.03,135,3.93,-0.19
07:31:22,"[274.76, 21]","[269.7, 40]","[277.0, 55]","[279.0, 60]",275.88,176,2.24,-0.31
07:31:23,"[274.0, 20]","[272.0, 50]","[277.0, 30]","[279.0, 40]",275.5,140,3.0,0.0
07:31:24,"[271.89, 37]","[268.83, 63]","[277.95, 42]","[281.11, 57]",274.92,199,6.06,0.01
07:31:25,"[269.0, 46]","[265.07, 120]","[277.0, 26]","[279.0, 39]",273.0,231,8.0,0.44
07:31:26,"[269.0, 40]","[264.53, 60]","[275.92, 24]","[278.57, 28]",272.46,152,6.92,0.32
07:31:27,"[269.0, 60]","[265.0, 60]","[273.52, 42]","[274.17, 48]",271.26,210,4.52,0.14
07:31:28,"[269.0, 48]","[265.0, 52]","[270.76, 34]","[273.33, 48]",269.88,182,1.76,0.1
07:31:29,"[269.0, 18]","[266.0, 9]","[275.89, 36]","[280.0, 36]",272.44,99,6.89,-0.45
07:31:30,"[269.0, 10]","[266.0, 5]","[276.0, 20]","[280.0, 20]",272.5,55,7.0,-0.45
07:31:31,"[269.0, 20]","[266.0, 10]","[276.0, 30]","[278.2, 40]",272.5,100,7.0,-0.4
07:31:32,"[269.0, 29]","[266.0, 8]","[276.0, 8]","[278.0, 32]",272.5,77,7.0,-0.04
07:31:33,"[269.78, 51]","[268.82, 84]","[276.0, 10]","[278.0, 40]",272.89,185,6.22,0.46
07:31:34,"[271.0, 32]","[267.0, 23]","[276.0, 8]","[278.0, 32]",273.5,95,5.0,0.16
07:31:35,"[271.85, 52]","[268.83, 36]","[276.0, 14]","[278.0, 56]",273.92,158,4.15,0.11
07:31:36,"[266.0, 12]","[264.57, 21]","[271.06, 17]","[277.67, 24]",268.53,74,5.06,-0.11
07:31:37,"[265.0, 16]","[264.0, 24]","[290.16, 25]","[327.89, 19]",277.58,84,25.16,-0.05
07:31:38,"[274.0, 36]","[265.0, 12]","[280.0, 30]","[405.67, 30]",277.0,108,6.0,-0.11
07:31:39,"[274.0, 54]","[265.0, 18]","[280.0, 45]","[478.0, 42]",277.0,159,6.0,-0.09
07:31:40,"[274.48, 69]","[270.4, 30]","[280.0, 45]","[310.5, 36]",277.24,180,5.52,0.1
07:31:41,"[275.0, 88]","[274.0, 48]","[280.0, 40]","[313.0, 40]",277.5,216,5.0,0.26
07:31:42,"[275.78, 150]","[274.0, 66]","[279.88, 51]","[313.0, 55]",277.83,322,4.1,0.34
07:31:43,"[276.39, 76]","[275.85, 81]","[279.0, 39]","[285.69, 29]",277.7,225,2.61,0.4
07:31:44,"[277.46, 59]","[275.93, 89]","[279.0, 27]","[280.0, 26]",278.23,201,1.54,0.47
07:31:45,"[276.62, 39]","[275.45, 66]","[278.53, 30]","[280.4, 30]",277.57,165,1.92,0.27
07:31:46,"[276.0, 25]","[274.0, 42]","[277.73, 11]","[279.71, 14]",276.86,92,1.73,0.46
07:31:47,"[274.75, 32]","[273.23, 39]","[277.11, 18]","[281.89, 18]",275.93,107,2.36,0.33
07:31:48,"[274.86, 28]","[273.33, 36]","[281.8, 20]","[534.93, 44]",278.33,128,6.94,0.0
07:31:49,"[276.0, 14]","[274.0, 28]","[283.0, 14]","[586.94, 17]",279.5,73,7.0,0.15
07:31:50,"[276.0, 20]","[274.0, 67]","[283.0, 20]","[339.96, 23]",279.5,130,7.0,0.34
07:31:51,"[274.0, 24]","[272.0, 15]","[283.0, 10]","[519.42, 19]",278.5,68,9.0,0.15
07:31:52,"[274.0, 24]","[272.0, 18]","[283.0, 12]","[486.0, 12]",278.5,66,9.0,0.27
07:31:53,"[273.0, 16]","[270.0, 10]","[283.0, 12]","[524.0, 25]",278.0,63,10.0,-0.17
07:31:54,"[273.56, 18]","[269.92, 13]","[283.0, 22]","[320.15, 39]",278.28,92,9.44,-0.33
07:31:55,"[279.98, 45]","[278.75, 12]","[283.0, 24]","[287.0, 48]",281.49,129,3.02,-0.12
07:31:56,"[279.76, 51]","[276.67, 18]","[282.57, 21]","[285.29, 42]",281.17,132,2.81,0.05
07:31:57,"[276.0, 9]","[272.0, 18]","[282.0, 9]","[283.0, 18]",279.0,54,6.0,0.0
07:31:58,"[276.0, 13]","[272.0, 26]","[279.85, 13]","[283.0, 26]",277.92,78,3.85,0.0
07:31:59,"[270.71, 28]","[267.11, 54]","[277.03, 34]","[282.55, 22]",273.87,138,6.32,0.19
07:32:00,"[272.55, 44]","[269.27, 45]","[277.0, 45]","[284.04, 46]",274.77,180,4.45,-0.01
07:32:01,"[275.0, 22]","[273.0, 33]","[277.0, 33]","[279.62, 26]",276.0,114,2.0,-0.04
07:32:02,"[275.0, 28]","[273.0, 42]","[277.0, 42]","[278.0, 28]",276.0,140,2.0,0.0
07:32:03,"[275.0, 24]","[273.0, 36]","[277.0, 36]","[278.0, 24]",276.0,120,2.0,0.0
07:32:04,"[274.27, 22]","[271.62, 29]","[277.0, 33]","[278.0, 22]",275.64,106,2.73,-0.04
07:32:05,"[273.0, 18]","[268.0, 18]","[277.0, 27]","[278.0, 18]",275.0,81,4.0,-0.11
07:32:06,"[270.4, 20]","[266.7, 46]","[276.92, 25]","[280.8, 20]",273.66,111,6.52,0.19
07:32:07,"[267.57, 84]","[266.2, 60]","[274.19, 32]","[282.91, 67]",270.88,243,6.62,0.19
07:32:08,"[267.0, 195]","[265.0, 117]","[273.38, 26]","[277.46, 26]",270.19,364,6.38,0.71
07:32:09,"[267.0, 135]","[265.0, 81]","[269.0, 18]","[270.0, 18]",268.0,252,2.0,0.71
07:32:10,"[267.0, 159]","[265.0, 99]","[268.62, 37]","[269.15, 52]",267.81,347,1.62,0.49
07:32:11,"[267.0, 130]","[265.0, 90]","[269.0, 70]","[270.0, 20]",268.0,310,2.0,0.42
07:32:12,"[267.0, 52]","[265.0, 36]","[269.0, 24]","[270.0, 8]",268.0,120,2.0,0.47
07:32:13,"[267.0, 117]","[265.22, 46]","[269.0, 54]","[270.0, 18]",268.0,235,2.0,0.39
07:32:14,"[267.0, 169]","[266.0, 26]","[269.0, 78]","[270.0, 26]",268.0,299,2.0,0.3
07:32:15,"[267.0, 117]","[266.0, 18]","[269.0, 31]","[270.0, 18]",268.0,184,2.0,0.47
07:32:16,"[267.0, 91]","[266.0, 14]","[269.0, 7]","[270.0, 14]",268.0,126,2.0,0.67
07:32:17,"[267.0, 52]","[266.0, 8]","[269.0, 4]","[270.0, 8]",268.0,72,2.0,0.67
07:32:18,"[267.33, 126]","[266.81, 93]","[269.57, 21]","[273.5, 36]",268.45,276,2.24,0.59
07:32:19,"[267.0, 70]","[266.0, 20]","[270.0, 20]","[277.0, 30]",268.5,140,3.0,0.29
07:32:20,"[267.61, 94]","[264.05, 148]","[272.03, 31]","[278.94, 54]",269.82,327,4.43,0.48
07:32:21,"[265.0, 36]","[264.0, 162]","[275.41, 22]","[279.8, 56]",270.2,276,10.41,0.43
07:32:22,"[265.59, 37]","[264.18, 109]","[281.63, 59]","[286.22, 51]",273.61,256,16.03,0.14
07:32:23,"[267.0, 42]","[266.0, 56]","[280.25, 16]","[287.51, 57]",273.62,171,13.25,0.15
07:32:24,"[268.46, 67]","[267.54, 59]","[278.0, 27]","[285.26, 31]",273.23,184,9.54,0.37
07:32:25,"[270.61, 70]","[269.26, 62]","[276.0, 19]","[278.0, 87]",273.31,238,5.39,0.11
07:32:26,"[273.48, 40]","[272.26, 42]","[277.55, 40]","[278.91, 35]",275.51,157,4.07,0.04
07:32:27,"[273.86, 29]","[272.22, 45]","[276.4, 50]","[278.15, 75]",275.13,199,2.54,-0.26
07:32:28,"[274.3, 20]","[272.51, 47]","[277.49, 49]","[279.36, 47]",275.89,163,3.19,-0.18
07:32:29,"[275.5, 16]","[273.74, 23]","[277.0, 56]","[281.83, 69]",276.25,164,1.5,-0.52
07:32:30,"[274.77, 13]","[271.56, 64]","[280.17, 29]","[282.03, 68]",277.47,174,5.4,-0.11
07:32:31,"[272.0, 15]","[265.0, 60]","[279.27, 60]","[281.24, 100]",275.63,235,7.27,-0.36
07:32:32,"[276.27, 41]","[266.21, 29]","[278.0, 44]","[281.0, 56]",277.13,170,1.73,-0.18
07:32:33,"[274.94, 63]","[263.82, 110]","[279.4, 60]","[281.54, 39]",277.17,272,4.46,0.27
07:32:34,"[264.0, 10]","[263.0, 100]","[281.0, 20]","[284.0, 5]",272.5,135,17.0,0.63
07:32:35,"[266.23, 128]","[263.29, 192]","[281.0, 64]","[284.0, 16]",273.61,400,14.77,0.6
07:32:36,"[270.45, 33]","[267.25, 59]","[281.0, 28]","[283.6, 10]",275.73,130,10.55,0.42
07:32:37,"[277.21, 84]","[269.02, 55]","[280.98, 49]","[283.25, 16]",279.1,204,3.77,0.36
07:32:38,"[278.31, 127]","[269.95, 246]","[280.46, 26]","[281.15, 59]",279.38,458,2.15,0.63
07:32:39,"[279.83, 72]","[278.0, 96]","[281.0, 48]","[284.0, 12]",280.42,228,1.17,0.47
07:32:40,"[280.0, 38]","[278.47, 30]","[281.0, 36]","[284.0, 9]",280.5,113,1.0,0.2
07:32:41,"[280.0, 16]","[279.0, 52]","[281.0, 32]","[284.0, 8]",280.5,108,1.0,0.26
07:32:42,"[280.46, 26]","[279.0, 104]","[281.68, 31]","[286.8, 20]",281.07,181,1.22,0.44
07:32:43,"[280.11, 36]","[276.21, 116]","[282.13, 52]","[284.62, 13]",281.12,217,2.02,0.4
07:32:44,"[279.0, 50]","[270.0, 180]","[282.0, 30]","[284.0, 10]",280.5,270,3.0,0.7
07:32:45,"[279.0, 42]","[270.03, 218]","[281.07, 42]","[286.0, 14]",280.04,316,2.07,0.65
07:32:46,"[279.0, 18]","[270.0, 108]","[281.0, 18]","[288.0, 6]",280.0,150,2.0,0.68
07:32:47,"[279.0, 21]","[270.0, 126]","[281.0, 21]","[288.0, 7]",280.0,175,2.0,0.68
07:32:48,"[279.0, 18]","[267.14, 14]","[281.0, 24]","[288.0, 8]",280.0,64,2.0,0.0
07:32:49,"[273.18, 11]","[267.0, 32]","[286.55, 33]","[338.29, 45]",279.86,121,13.36,-0.29
07:32:50,"[268.37, 30]","[266.12, 26]","[285.96, 25]","[523.36, 47]",277.16,128,17.59,-0.12
07:32:51,"[271.46, 13]","[267.94, 16]","[288.0, 19]","[453.55, 33]",279.73,81,16.54,-0.28
07:32:52,"[277.0, 12]","[272.5, 12]","[287.83, 29]","[420.37, 35]",282.41,88,10.83,-0.45
07:32:53,"[277.0, 13]","[272.0, 13]","[285.7, 23]","[286.68, 25]",281.35,74,8.7,-0.3
07:32:54,"[277.76, 55]","[260.5, 34]","[283.23, 26]","[284.13, 23]",280.5,138,5.47,0.29
07:32:55,"[280.0, 56]","[272.78, 69]","[282.21, 28]","[284.2, 30]",281.11,183,2.21,0.37
07:32:56,"[280.0, 28]","[279.0, 96]","[281.38, 16]","[285.0, 20]",280.69,160,1.38,0.55
07:32:57,"[279.03, 108]","[273.09, 66]","[280.82, 49]","[285.62, 26]",279.92,249,1.79,0.4
07:32:58,"[279.0, 112]","[272.03, 66]","[284.62, 32]","[286.0, 32]",281.81,242,5.62,0.47
07:32:59,"[279.0, 63]","[276.0, 36]","[283.88, 16]","[285.56, 18]",281.44,133,4.88,0.49
07:33:00,"[279.0, 111]","[276.0, 64]","[280.67, 24]","[283.16, 25]",279.83,224,1.67,0.56
07:33:01,"[277.4, 30]","[275.83, 24]","[281.78, 18]","[286.67, 30]",279.59,102,4.38,0.06
07:33:02,"[276.0, 44]","[275.0, 11]","[286.35, 34]","[288.37, 43]",281.18,132,10.35,-0.17
07:33:03,"[277.78, 18]","[275.98, 57]","[288.0, 75]","[290.0, 30]",282.89,180,10.22,-0.17
07:33:04,"[279.94, 34]","[277.65, 23]","[288.0, 50]","[290.0, 20]",283.97,127,8.06,-0.1
07:33:05,"[282.2, 5]","[280.0, 25]","[288.0, 25]","[290.0, 10]",285.1,65,5.8,-0.08
07:33:06,"[283.0, 8]","[280.0, 40]","[288.0, 40]","[290.0, 16]",285.5,104,5.0,-0.08
07:33:07,"[283.0, 11]","[280.0, 55]","[288.0, 55]","[290.0, 22]",285.5,143,5.0,-0.08
07:33:08,"[283.0, 5]","[280.0, 25]","[288.0, 25]","[290.0, 10]",285.5,65,5.0,-0.08
07:33:09,"[283.0, 8]","[280.0, 40]","[288.0, 40]","[290.43, 14]",285.5,102,5.0,-0.06
07:33:10,"[283.0, 10]","[280.0, 50]","[288.0, 50]","[290.0, 10]",285.5,120,5.0,0.0
07:33:11,"[283.0, 11]","[280.0, 55]","[288.0, 55]","[290.0, 11]",285.5,132,5.0,0.0
07:33:12,"[283.0, 12]","[280.0, 60]","[287.08, 60]","[288.44, 32]",285.04,164,4.08,-0.12
07:33:13,"[278.75, 55]","[276.99, 81]","[284.02, 49]","[285.4, 75]",281.38,260,5.27,0.05
07:33:14,"[277.43, 42]","[276.77, 70]","[282.15, 39]","[285.0, 65]",279.79,216,4.73,0.04
07:33:15,"[277.53, 38]","[276.83, 72]","[280.27, 49]","[284.92, 51]",278.9,210,2.74,0.05
07:33:16,"[276.85, 53]","[275.96, 46]","[278.8, 49]","[284.09, 35]",277.82,183,1.95,0.08
07:33:17,"[275.29, 14]","[270.62, 21]","[277.0, 8]","[278.0, 16]",276.14,59,1.71,0.19
07:33:18,"[273.0, 7]","[269.0, 35]","[277.44, 9]","[280.86, 14]",275.22,65,4.44,0.29
07:33:19,"[269.07, 61]","[268.12, 41]","[276.62, 26]","[280.15, 26]",272.84,154,7.55,0.32
07:33:20,"[270.84, 19]","[269.02, 56]","[275.0, 24]","[276.0, 24]",272.92,123,4.16,0.22
07:33:21,"[272.0, 100]","[268.86, 21]","[273.82, 22]","[275.5, 24]",272.91,167,1.82,0.45
07:33:22,"[272.0, 72]","[264.62, 52]","[273.0, 72]","[283.0, 12]",272.5,208,1.0,0.19
07:33:23,"[271.49, 59]","[261.69, 239]","[273.0, 56]","[283.0, 17]",272.25,371,1.51,0.61
07:33:24,"[265.95, 101]","[261.44, 183]","[279.25, 16]","[283.97, 62]",272.6,362,13.3,0.57
07:33:25,"[268.0, 90]","[263.09, 114]","[283.0, 10]","[284.0, 60]",275.5,274,15.0,0.49
07:33:26,"[268.0, 54]","[264.0, 30]","[283.0, 6]","[284.0, 36]",275.5,126,15.0,0.33
07:33:27,"[268.0, 27]","[263.43, 23]","[283.0, 3]","[284.0, 18]",275.5,71,15.0,0.41
07:33:28,"[268.55, 99]","[263.0, 153]","[283.0, 11]","[284.0, 66]",275.77,329,14.45,0.53
07:33:29,"[270.21, 116]","[265.29, 55]","[283.0, 14]","[284.0, 84]",276.6,269,12.79,0.27
07:33:30,"[269.81, 75]","[262.58, 31]","[280.6, 10]","[283.96, 50]",275.21,166,10.79,0.28
07:33:31,"[268.46, 69]","[263.97, 63]","[282.6, 50]","[283.91, 53]",275.53,235,14.14,0.12
07:33:32,"[278.98, 104]","[277.92, 172]","[281.38, 91]","[283.4, 91]",280.18,458,2.4,0.21
07:33:33,"[281.62, 32]","[279.14, 43]","[283.0, 65]","[285.0, 50]",282.31,190,1.38,-0.21
07:33:34,"[281.0, 28]","[278.27, 110]","[282.84, 31]","[284.94, 67]",281.92,236,1.84,0.17
07:33:35,"[278.62, 42]","[278.06, 47]","[282.0, 35]","[283.0, 14]",280.31,138,3.38,0.29
07:33:36,"[278.0, 109]","[277.0, 11]","[282.0, 55]","[283.0, 22]",280.0,197,4.0,0.22
07:33:37,"[278.0, 90]","[277.0, 14]","[280.8, 40]","[282.14, 58]",279.4,202,2.8,0.03
07:33:38,"[278.0, 40]","[277.0, 8]","[282.12, 34]","[284.36, 22]",280.06,104,4.12,-0.08
07:33:39,"[278.0, 53]","[277.0, 11]","[284.07, 28]","[286.24, 49]",281.04,141,6.07,-0.09
07:33:40,"[277.33, 9]","[270.0, 12]","[282.31, 13]","[286.14, 42]",279.82,76,4.97,-0.45
07:33:41,"[278.09, 11]","[273.06, 17]","[280.0, 11]","[286.0, 55]",279.05,94,1.91,-0.4
07:33:42,"[276.31, 13]","[268.84, 31]","[285.56, 50]","[335.67, 43]",280.93,137,9.25,-0.36
07:33:43,"[269.65, 17]","[263.31, 39]","[285.0, 32]","[286.0, 80]",277.32,168,15.35,-0.33
07:33:44,"[265.92, 13]","[264.0, 46]","[285.74, 47]","[286.19, 37]",275.83,143,19.82,-0.17
07:33:45,"[266.0, 19]","[264.0, 56]","[274.05, 39]","[277.0, 47]",270.03,161,8.05,-0.07
07:33:46,"[266.36, 25]","[265.08, 26]","[276.82, 38]","[281.79, 57]",271.59,146,10.46,-0.3
07:33:47,"[274.3, 10]","[267.64, 11]","[279.0, 54]","[283.0, 50]",276.65,125,4.7,-0.66
07:33:48,"[270.42, 19]","[265.45, 33]","[278.9, 113]","[282.62, 94]",274.66,259,8.48,-0.6
07:33:49,"[269.07, 15]","[265.0, 30]","[276.48, 66]","[277.27, 59]",272.78,170,7.42,-0.47
07:33:50,"[270.0, 11]","[265.0, 22]","[275.0, 44]","[276.0, 77]",272.5,154,5.0,-0.57
07:33:51,"[265.0, 26]","[262.0, 26]","[271.43, 42]","[275.34, 61]",268.21,155,6.43,-0.33
07:33:52,"[265.0, 30]","[262.0, 30]","[268.21, 58]","[270.0, 57]",266.6,175,3.21,-0.31
07:33:53,"[265.77, 26]","[262.69, 26]","[269.0, 52]","[270.0, 39]",267.38,143,3.23,-0.27
07:33:54,"[266.67, 18]","[262.0, 18]","[269.0, 36]","[270.0, 27]",267.83,99,2.33,-0.27
07:33:55,"[267.85, 26]","[264.92, 74]","[269.0, 52]","[270.0, 39]",268.42,191,1.15,0.05
07:33:56,"[268.0, 20]","[261.1, 20]","[275.0, 23]","[278.0, 10]",271.5,73,7.0,0.1
07:33:57,"[268.0, 14]","[261.0, 14]","[275.0, 14]","[278.0, 7]",271.5,49,7.0,0.14
07:33:58,"[269.56, 32]","[263.53, 15]","[275.0, 20]","[278.0, 10]",272.28,77,5.44,0.22
07:33:59,"[271.61, 82]","[270.67, 54]","[274.65, 23]","[277.65, 17]",273.13,176,3.04,0.55
07:34:00,"[272.36, 44]","[270.18, 66]","[274.0, 48]","[275.0, 12]",273.18,170,1.64,0.29
07:34:01,"[268.02, 96]","[262.32, 50]","[274.76, 17]","[279.78, 76]",271.39,239,6.74,0.22
07:34:02,"[259.15, 39]","[258.3, 47]","[269.44, 32]","[274.27, 15]",264.3,133,10.28,0.29
07:34:03,"[261.69, 13]","[260.0, 13]","[269.0, 52]","[270.0, 13]",265.35,91,7.31,-0.43
07:34:04,"[262.27, 11]","[259.27, 15]","[266.76, 29]","[269.12, 32]",264.52,87,4.49,-0.4
07:34:05,"[263.0, 12]","[257.0, 60]","[268.73, 45]","[269.43, 21]",265.87,138,5.73,0.04
07:34:06,"[264.0, 6]","[257.0, 30]","[267.0, 18]","[269.0, 24]",265.5,78,3.0,-0.08
07:34:07,"[264.0, 8]","[256.75, 28]","[267.0, 24]","[269.0, 32]",265.5,92,3.0,-0.22
07:34:08,"[264.0, 8]","[256.0, 8]","[267.0, 24]","[269.0, 32]",265.5,72,3.0,-0.56
07:34:09,"[264.8, 10]","[256.0, 10]","[267.0, 14]","[269.0, 90]",265.9,124,2.2,-0.68
07:34:10,"[257.25, 24]","[254.67, 9]","[271.0, 45]","[273.58, 36]",264.12,114,13.75,-0.42
07:34:11,"[256.38, 39]","[255.48, 23]","[271.0, 47]","[274.0, 83]",263.69,192,14.62,-0.35
07:34:12,"[257.7, 30]","[256.5, 10]","[271.0, 40]","[274.0, 80]",264.35,160,13.3,-0.5
07:34:13,"[259.25, 24]","[257.0, 8]","[271.0, 32]","[274.0, 64]",265.12,128,11.75,-0.5
07:34:14,"[261.0, 27]","[258.56, 9]","[271.0, 36]","[274.0, 72]",266.0,144,10.0,-0.5
07:34:15,"[263.95, 60]","[260.69, 16]","[272.67, 45]","[274.11, 45]",268.31,166,8.72,-0.08
07:34:16,"[265.8, 82]","[264.71, 144]","[274.0, 70]","[275.0, 14]",269.9,310,8.2,0.46
07:34:17,"[268.0, 21]","[264.71, 91]","[324.86, 14]","[471.0, 15]",296.43,141,56.86,0.59
07:34:18,"[269.33, 27]","[263.67, 101]","[418.0, 22]","[492.05, 38]",343.67,188,148.67,0.36
07:34:19,"[271.14, 28]","[269.8, 20]","[339.05, 42]","[401.84, 38]",305.1,128,67.9,-0.25
07:34:20,"[272.5, 30]","[268.86, 14]","[274.37, 41]","[281.05, 64]",273.43,149,1.87,-0.41
07:34:21,"[273.0, 13]","[268.0, 13]","[274.0, 79]","[342.24, 45]",273.5,150,1.0,-0.65
07:34:22,"[273.0, 10]","[268.0, 10]","[274.0, 40]","[402.65, 34]",273.5,94,1.0,-0.57
07:34:23,"[265.65, 20]","[260.05, 60]","[273.33, 33]","[337.55, 40]",269.49,153,7.68,0.05
07:34:24,"[262.71, 51]","[259.65, 83]","[267.0, 11]","[273.55, 20]",264.85,165,4.29,0.62
07:34:25,"[263.91, 67]","[258.91, 79]","[270.0, 12]","[276.0, 48]",266.96,206,6.09,0.42
07:34:26,"[267.63, 27]","[265.2, 60]","[316.9, 42]","[356.77, 44]",292.27,173,49.28,0.01
07:34:27,"[273.26, 122]","[272.28, 114]","[315.64, 28]","[393.85, 33]",294.45,297,42.38,0.59
07:34:28,"[277.0, 60]","[273.25, 51]","[314.07, 30]","[451.79, 58]",295.53,199,37.07,0.12
07:34:29,"[277.91, 22]","[276.79, 43]","[310.9, 40]","[394.1, 42]",294.4,147,32.99,-0.12
07:34:30,"[281.31, 13]","[277.0, 143]","[307.84, 62]","[309.03, 34]",294.57,252,26.53,0.24
07:34:31,"[278.66, 32]","[276.9, 62]","[306.2, 50]","[307.07, 54]",292.43,198,27.54,-0.05
07:34:32,"[277.0, 121]","[274.0, 11]","[304.12, 34]","[305.78, 36]",290.56,202,27.12,0.31
07:34:33,"[277.4, 55]","[276.9, 125]","[301.61, 33]","[303.06, 72]",289.5,285,24.21,0.26
07:34:34,"[279.0, 10]","[277.0, 110]","[299.0, 32]","[300.93, 30]",289.0,182,20.0,0.32
07:34:35,"[279.0, 13]","[277.0, 143]","[295.55, 44]","[296.71, 34]",287.27,234,16.55,0.33
07:34:36,"[277.04, 112]","[276.27, 82]","[292.88, 41]","[293.59, 34]",284.96,269,15.84,0.44
07:34:37,"[277.0, 132]","[276.0, 72]","[287.63, 49]","[288.43, 47]",282.32,300,10.63,0.36
07:34:38,"[277.26, 106]","[276.59, 131]","[285.02, 59]","[286.17, 46]",281.14,342,7.75,0.39
07:34:39,"[277.06, 145]","[276.22, 100]","[281.97, 65]","[284.14, 44]",279.51,354,4.91,0.38
07:34:40,"[276.93, 129]","[273.0, 119]","[280.62, 39]","[281.86, 70]",278.77,357,3.69,0.39
07:34:41,"[273.1, 51]","[272.16, 38]","[280.0, 33]","[281.0, 22]",276.55,144,6.9,0.24
07:34:42,"[273.99, 91]","[272.82, 22]","[278.0, 58]","[279.2, 49]",275.99,220,4.01,0.03
07:34:43,"[274.08, 37]","[273.38, 32]","[276.0, 39]","[277.0, 65]",275.04,173,1.92,-0.2
07:34:44,"[274.38, 39]","[271.64, 22]","[276.0, 36]","[324.86, 28]",275.19,125,1.62,-0.02
07:34:45,"[273.0, 10]","[271.0, 30]","[337.78, 18]","[592.64, 28]",305.39,86,64.78,-0.07
07:34:46,"[274.5, 14]","[271.17, 36]","[482.98, 49]","[539.76, 29]",378.74,128,208.48,-0.22
07:34:47,"[280.0, 12]","[273.0, 12]","[333.17, 12]","[496.43, 53]",306.58,89,53.17,-0.46
07:34:48,"[280.0, 12]","[276.6, 20]","[331.42, 12]","[532.0, 48]",305.71,92,51.42,-0.3
07:34:49,"[279.6, 15]","[278.43, 63]","[330.91, 11]","[399.91, 11]",305.25,100,51.31,0.56
07:34:50,"[279.0, 27]","[278.0, 162]","[329.1, 10]","[424.64, 28]",304.05,227,50.1,0.67
07:34:51,"[276.52, 31]","[273.99, 190]","[299.0, 40]","[327.86, 21]",287.76,282,22.48,0.57
07:34:52,"[268.0, 11]","[266.16, 64]","[274.09, 11]","[298.71, 14]",271.05,100,6.09,0.5
07:34:53,"[268.0, 9]","[266.0, 45]","[273.0, 9]","[280.0, 9]",270.5,72,5.0,0.5
07:34:54,"[268.0, 17]","[266.0, 33]","[277.25, 12]","[487.16, 32]",272.62,94,9.25,0.06
07:34:55,"[268.0, 13]","[266.0, 39]","[272.18, 49]","[338.75, 16]",270.09,117,4.18,-0.11
07:34:56,"[268.67, 18]","[266.8, 20]","[271.44, 63]","[273.86, 35]",270.06,136,2.78,-0.44
07:34:57,"[268.92, 13]","[267.0, 13]","[271.69, 52]","[282.92, 52]",270.31,130,2.77,-0.6
07:34:58,"[271.73, 11]","[270.67, 24]","[280.0, 40]","[443.8, 40]",275.86,115,8.27,-0.39
07:34:59,"[272.0, 9]","[270.68, 19]","[280.0, 36]","[372.0, 36]",276.0,100,8.0,-0.44
07:35:00,"[273.0, 14]","[271.52, 21]","[278.26, 39]","[295.52, 23]",275.63,97,5.26,-0.28
07:35:01,"[274.96, 28]","[273.9, 10]","[278.0, 30]","[279.0, 10]",276.48,78,3.04,-0.03
07:35:02,"[275.0, 39]","[273.69, 16]","[277.94, 35]","[278.65, 17]",276.47,107,2.94,0.03
07:35:03,"[275.0, 27]","[273.0, 9]","[277.65, 17]","[279.05, 19]",276.32,72,2.65,0.0
07:35:04,"[276.0, 39]","[273.0, 20]","[278.0, 39]","[283.0, 13]",277.0,111,2.0,0.06
07:35:05,"[273.0, 10]","[272.0, 10]","[308.36, 14]","[343.76, 25]",290.68,59,35.36,-0.32
07:35:06,"[274.93, 15]","[273.5, 18]","[292.73, 41]","[316.6, 30]",283.83,104,17.8,-0.37
07:35:07,"[277.0, 26]","[276.0, 26]","[284.36, 44]","[292.38, 47]",280.68,143,7.36,-0.27
07:35:08,"[276.87, 15]","[275.91, 22]","[283.0, 36]","[286.08, 48]",279.93,121,6.13,-0.39
07:35:09,"[276.64, 11]","[275.0, 29]","[283.0, 33]","[287.0, 44]",279.82,117,6.36,-0.32
07:35:10,"[277.39, 31]","[275.19, 32]","[282.06, 54]","[285.11, 57]",279.72,174,4.67,-0.28
07:35:11,"[275.0, 22]","[274.0, 14]","[280.45, 33]","[285.68, 41]",277.73,110,5.45,-0.35
07:35:12,"[275.0, 24]","[274.0, 12]","[278.17, 36]","[287.0, 57]",276.58,129,3.17,-0.44
07:35:13,"[275.0, 32]","[274.0, 16]","[277.83, 35]","[282.66, 53]",276.41,136,2.83,-0.29
07:35:14,"[275.0, 26]","[274.0, 13]","[276.08, 26]","[281.0, 39]",275.54,104,1.08,-0.25
07:35:15,"[275.0, 16]","[274.0, 10]","[276.0, 20]","[282.71, 35]",275.5,81,1.0,-0.36
07:35:16,"[274.09, 11]","[272.02, 117]","[283.62, 42]","[287.53, 34]",278.85,204,9.53,0.25
07:35:17,"[274.0, 9]","[272.0, 108]","[284.0, 36]","[285.0, 27]",279.0,180,10.0,0.3
07:35:18,"[277.5, 20]","[273.17, 24]","[282.77, 22]","[283.91, 47]",280.14,113,5.27,-0.22
07:35:19,"[270.56, 129]","[270.67, 18]","[277.89, 18]","[280.67, 18]",274.22,183,7.33,0.61
07:35:20,"[270.0, 60]","[269.0, 9]","[276.92, 13]","[281.4, 15]",273.46,97,6.92,0.42
07:35:21,"[276.24, 58]","[273.4, 94]","[281.24, 55]","[282.58, 53]",278.74,260,4.99,0.17
07:35:22,"[279.0, 12]","[275.0, 48]","[280.0, 24]","[282.0, 30]",279.5,114,1.0,0.05
07:35:23,"[275.0, 30]","[270.0, 15]","[279.35, 23]","[281.09, 22]",277.17,90,4.35,0.0
07:35:24,"[275.0, 60]","[270.0, 30]","[279.0, 50]","[281.0, 40]",277.0,180,4.0,0.0
07:35:25,"[275.0, 36]","[270.0, 36]","[279.0, 55]","[281.0, 44]",277.0,171,4.0,-0.16
07:35:26,"[275.0, 24]","[270.0, 48]","[277.62, 40]","[281.0, 32]",276.31,144,2.62,0.0
07:35:27,"[275.31, 26]","[271.33, 45]","[277.0, 46]","[281.0, 40]",276.15,157,1.69,-0.1
07:35:28,"[272.14, 21]","[268.8, 15]","[276.44, 27]","[283.67, 36]",274.29,99,4.3,-0.27
07:35:29,"[268.94, 16]","[268.33, 21]","[275.43, 35]","[282.93, 60]",272.18,132,6.49,-0.44
07:35:30,"[267.0, 11]","[266.0, 11]","[272.21, 29]","[279.15, 26]",269.6,77,5.21,-0.43
07:35:31,"[266.33, 15]","[263.33, 27]","[270.33, 15]","[272.0, 60]",268.33,117,4.0,-0.28
07:35:32,"[265.0, 9]","[262.0, 27]","[271.11, 18]","[273.67, 36]",268.06,90,6.11,-0.2
07:35:33,"[265.0, 8]","[261.62, 24]","[271.17, 36]","[274.5, 32]",268.08,100,6.17,-0.36
07:35:34,"[265.0, 10]","[259.0, 30]","[268.88, 43]","[270.51, 47]",266.94,130,3.88,-0.38
07:35:35,"[265.0, 10]","[259.0, 30]","[267.0, 40]","[268.2, 50]",266.0,130,2.0,-0.38
07:35:36,"[265.0, 12]","[256.33, 27]","[267.09, 44]","[268.08, 52]",266.05,135,2.09,-0.42
07:35:37,"[266.57, 23]","[262.75, 8]","[268.0, 16]","[270.0, 8]",267.28,55,1.43,0.13
07:35:38,"[267.0, 40]","[260.5, 16]","[268.0, 20]","[269.25, 20]",267.5,96,1.0,0.17
07:35:39,"[263.97, 30]","[254.0, 41]","[268.91, 22]","[269.88, 26]",266.44,119,4.94,0.19
07:35:40,"[267.71, 14]","[266.31, 26]","[269.0, 12]","[270.0, 24]",268.36,76,1.29,0.05
07:35:41,"[268.0, 9]","[267.0, 18]","[276.59, 27]","[358.75, 16]",272.3,70,8.59,-0.23
07:35:42,"[268.47, 17]","[267.18, 22]","[276.0, 65]","[278.69, 39]",272.24,143,7.53,-0.45
07:35:43,"[269.64, 28]","[268.8, 20]","[276.0, 80]","[279.0, 48]",272.82,176,6.36,-0.45
07:35:44,"[272.35, 40]","[269.31, 26]","[275.1, 49]","[276.89, 76]",273.73,191,2.75,-0.31
07:35:45,"[268.5, 12]","[260.53, 32]","[276.9, 50]","[279.0, 10]",272.7,104,8.4,-0.15
07:35:46,"[261.94, 192]","[259.73, 71]","[274.19, 80]","[277.27, 52]",268.06,395,12.25,0.33
07:35:47,"[262.0, 90]","[260.0, 48]","[271.46, 28]","[275.15, 26]",266.73,192,9.46,0.44
07:35:48,"[261.52, 99]","[259.72, 43]","[273.0, 34]","[277.5, 20]",267.26,196,11.48,0.45
07:35:49,"[261.16, 124]","[259.89, 74]","[276.0, 55]","[279.0, 11]",268.58,264,14.84,0.5
07:35:50,"[275.0, 110]","[261.89, 140]","[276.23, 39]","[321.44, 18]",275.62,307,1.23,0.63
07:35:51,"[275.38, 64]","[263.91, 92]","[279.0, 8]","[442.88, 8]",277.19,172,3.62,0.81
07:35:52,"[276.0, 72]","[275.0, 80]","[346.84, 31]","[460.42, 19]",311.42,202,70.84,0.5
07:35:53,"[276.66, 59]","[275.47, 76]","[465.34, 35]","[593.4, 35]",371.0,205,188.68,0.32
07:35:54,"[279.17, 36]","[277.44, 79]","[445.34, 29]","[543.16, 55]",362.26,199,166.18,0.16
07:35:55,"[278.08, 25]","[276.77, 70]","[372.86, 56]","[389.21, 56]",325.47,207,94.78,-0.08
07:35:56,"[277.89, 45]","[276.5, 16]","[324.86, 28]","[367.79, 38]",301.37,127,46.97,-0.04
07:35:57,"[279.0, 50]","[277.0, 10]","[307.59, 34]","[339.46, 26]",293.29,120,28.59,0.0
07:35:58,"[279.0, 60]","[277.0, 12]","[307.79, 43]","[307.09, 46]",293.4,161,28.79,-0.11
07:35:59,"[279.0, 35]","[277.6, 10]","[293.75, 16]","[294.93, 30]",286.38,91,14.75,-0.01
07:36:00,"[279.0, 65]","[277.92, 24]","[291.12, 59]","[292.6, 40]",285.06,188,12.12,-0.05
07:36:01,"[279.0, 40]","[277.0, 9]","[288.04, 23]","[289.24, 41]",283.52,113,9.04,-0.13
07:36:02,"[277.31, 16]","[275.61, 23]","[285.62, 32]","[286.73, 22]",281.47,93,8.31,-0.16
07:36:03,"[276.0, 64]","[275.0, 112]","[281.87, 54]","[282.8, 60]",278.94,290,5.87,0.21
07:36:04,"[276.0, 52]","[275.0, 96]","[279.67, 36]","[280.56, 54]",277.83,238,3.67,0.24
07:36:05,"[275.23, 52]","[274.52, 42]","[277.42, 24]","[278.1, 39]",276.32,157,2.19,0.2
07:36:06,"[275.0, 48]","[273.0, 18]","[418.52, 31]","[515.06, 34]",346.76,131,143.52,0.01
07:36:07,"[275.35, 46]","[274.25, 32]","[521.33, 49]","[652.59, 32]",398.34,159,245.98,-0.02
07:36:08,"[276.0, 28]","[275.0, 35]","[500.33, 30]","[628.79, 24]",388.17,117,224.33,0.08
07:36:09,"[276.0, 40]","[275.0, 50]","[428.57, 47]","[505.05, 40]",352.29,177,152.57,0.02
07:36:10,"[275.57, 56]","[274.07, 43]","[433.48, 62]","[575.49, 67]",354.53,228,157.91,-0.13
07:36:11,"[280.0, 12]","[276.33, 12]","[542.09, 23]","[667.22, 23]",411.04,70,262.09,-0.31
07:36:12,"[279.67, 9]","[277.5, 12]","[520.67, 18]","[695.0, 24]",400.17,63,241.0,-0.33
07:36:13,"[279.0, 5]","[277.0, 15]","[398.84, 19]","[538.22, 18]",338.92,57,119.84,-0.3
07:36:14,"[277.15, 13]","[276.36, 25]","[378.16, 43]","[535.24, 29]",327.66,110,101.01,-0.31
07:36:15,"[275.0, 15]","[270.09, 22]","[365.0, 25]","[387.0, 25]",320.0,87,90.0,-0.15
07:36:16,"[276.11, 27]","[272.12, 33]","[363.67, 45]","[387.0, 45]",319.89,150,87.56,-0.2
07:36:17,"[276.15, 41]","[274.74, 31]","[357.07, 54]","[395.73, 55]",316.61,181,80.93,-0.2
07:36:18,"[275.24, 34]","[273.06, 50]","[362.08, 60]","[393.33, 60]",318.66,204,86.85,-0.18
07:36:19,"[273.0, 14]","[272.0, 63]","[323.06, 31]","[354.57, 23]",298.03,131,50.06,0.18
07:36:20,"[273.0, 22]","[272.0, 99]","[285.78, 51]","[287.33, 15]",279.39,187,12.78,0.29
07:36:21,"[273.19, 32]","[271.96, 121]","[281.15, 47]","[283.26, 23]",277.17,223,7.96,0.37
07:36:22,"[274.0, 10]","[273.0, 18]","[275.0, 9]","[285.0, 9]",274.5,46,1.0,0.22
07:36:23,"[274.0, 7]","[273.0, 14]","[277.86, 7]","[285.67, 15]",275.93,43,3.86,-0.02
07:36:24,"[274.86, 14]","[269.41, 37]","[285.0, 5]","[286.0, 25]",279.93,81,10.14,0.26
07:36:25,"[275.0, 11]","[274.0, 8]","[285.0, 8]","[286.0, 40]",280.0,67,10.0,-0.43
07:36:26,"[275.6, 10]","[274.0, 10]","[285.0, 10]","[286.0, 50]",280.3,80,9.4,-0.5
07:36:27,"[277.08, 12]","[274.0, 12]","[280.65, 20]","[285.86, 44]",278.87,88,3.57,-0.45
07:36:28,"[278.0, 11]","[274.0, 11]","[282.92, 51]","[284.67, 15]",280.46,88,4.92,-0.5
07:36:29,"[278.0, 13]","[276.0, 13]","[280.54, 65]","[286.77, 13]",279.27,104,2.54,-0.5
07:36:30,"[278.0, 7]","[276.0, 7]","[280.0, 35]","[289.71, 7]",279.0,56,2.0,-0.5
07:36:31,"[278.0, 10]","[276.0, 10]","[283.89, 18]","[462.8, 10]",280.94,48,5.89,-0.17
07:36:32,"[278.0, 8]","[276.0, 8]","[289.1, 20]","[344.0, 8]",283.55,44,11.1,-0.27
07:36:33,"[270.44, 27]","[268.0, 31]","[287.24, 25]","[287.76, 17]",278.84,100,16.8,0.16
07:36:34,"[280.0, 17]","[265.65, 130]","[282.45, 29]","[284.3, 23]",281.22,199,2.45,0.48
07:36:35,"[268.14, 50]","[266.22, 103]","[280.64, 14]","[282.0, 42]",274.39,209,12.5,0.46
07:36:36,"[271.22, 36]","[266.7, 107]","[277.04, 49]","[290.34, 47]",274.13,239,5.82,0.2
07:36:37,"[278.68, 25]","[274.77, 35]","[290.29, 42]","[299.06, 17]",284.48,119,11.61,0.01
07:36:38,"[278.71, 21]","[276.64, 33]","[291.8, 40]","[322.3, 27]",285.26,121,13.09,-0.11
07:36:39,"[270.84, 49]","[268.89, 79]","[290.82, 34]","[292.35, 68]",280.83,230,19.99,0.11
07:36:40,"[271.93, 29]","[269.5, 14]","[290.0, 10]","[293.0, 20]",280.97,73,18.07,0.18
07:36:41,"[275.53, 62]","[272.79, 71]","[287.91, 22]","[292.64, 44]",281.72,199,12.38,0.34
07:36:42,"[278.11, 27]","[277.0, 54]","[287.5, 24]","[292.38, 32]",282.81,137,9.39,0.18
07:36:43,"[279.0, 45]","[277.0, 90]","[283.65, 63]","[285.48, 42]",281.33,240,4.65,0.12
07:36:44,"[279.0, 39]","[277.0, 78]","[281.55, 29]","[283.06, 62]",280.28,208,2.55,0.12
07:36:45,"[278.66, 29]","[276.88, 64]","[281.76, 34]","[285.82, 51]",280.21,178,3.11,0.04
07:36:46,"[277.0, 18]","[275.0, 36]","[282.11, 45]","[291.33, 36]",279.56,135,5.11,-0.2
07:36:47,"[277.0, 18]","[275.0, 36]","[281.22, 45]","[291.0, 36]",279.11,135,4.22,-0.2
07:36:48,"[277.0, 12]","[275.0, 24]","[280.0, 30]","[293.0, 24]",278.5,90,3.0,-0.2
07:36:49,"[277.0, 20]","[275.0, 40]","[279.0, 50]","[293.0, 40]",278.0,150,2.0,-0.2
07:36:50,"[275.0, 32]","[271.0, 16]","[291.5, 32]","[363.0, 8]",283.25,88,16.5,0.09
07:36:51,"[276.56, 41]","[273.35, 34]","[288.92, 39]","[295.62, 39]",282.74,153,12.36,-0.02
07:36:52,"[280.53, 34]","[278.13, 30]","[288.0, 36]","[290.0, 48]",284.26,148,7.47,-0.14
07:36:53,"[282.0, 26]","[280.0, 39]","[286.69, 39]","[289.94, 50]",284.35,154,4.69,-0.16
07:36:54,"[282.67, 24]","[280.0, 36]","[284.15, 40]","[286.26, 38]",283.41,138,1.48,-0.13
07:36:55,"[279.39, 23]","[275.74, 31]","[282.31, 52]","[284.02, 45]",280.85,151,2.92,-0.28
07:36:56,"[275.71, 17]","[274.29, 42]","[279.67, 24]","[280.89, 36]",277.69,119,3.96,-0.01
07:36:57,"[274.82, 34]","[272.23, 39]","[278.5, 40]","[279.29, 34]",276.66,147,3.68,-0.01
07:36:58,"[271.0, 30]","[267.77, 57]","[274.34, 47]","[275.42, 48]",272.67,182,3.34,-0.04
07:36:59,"[269.0, 22]","[267.0, 77]","[271.38, 39]","[272.36, 28]",270.19,166,2.38,0.19
07:37:00,"[269.0, 24]","[267.0, 117]","[270.36, 44]","[271.88, 34]",269.68,219,1.36,0.29
07:37:01,"[267.14, 134]","[265.39, 145]","[272.9, 40]","[283.31, 64]",270.02,383,5.76,0.46
07:37:02,"[266.88, 32]","[264.58, 57]","[271.83, 24]","[276.21, 29]",269.35,142,4.96,0.25
07:37:03,"[266.35, 46]","[265.71, 68]","[271.17, 23]","[274.5, 26]",268.76,163,4.83,0.4
07:37:04,"[267.89, 38]","[266.64, 50]","[275.52, 29]","[393.45, 42]",271.71,159,7.62,0.11
07:37:05,"[271.26, 62]","[269.54, 26]","[278.0, 33]","[392.0, 55]",274.63,176,6.74,0.0
07:37:06,"[273.22, 72]","[272.15, 40]","[278.0, 42]","[300.83, 42]",275.61,196,4.78,0.14
07:37:07,"[276.78, 46]","[270.38, 32]","[295.36, 28]","[428.06, 36]",286.07,142,18.57,0.1
07:37:08,"[276.88, 34]","[272.75, 48]","[298.12, 34]","[451.09, 33]",287.5,149,21.24,0.1
07:37:09,"[274.91, 23]","[271.82, 61]","[278.0, 20]","[372.18, 22]",276.46,126,3.09,0.33
07:37:10,"[269.57, 28]","[265.75, 16]","[278.0, 14]","[283.0, 28]",273.79,86,8.43,0.02
07:37:11,"[267.0, 36]","[263.07, 15]","[276.43, 42]","[277.44, 27]",271.71,120,9.43,-0.15
07:37:12,"[267.0, 40]","[264.0, 40]","[276.09, 22]","[277.5, 24]",271.55,126,9.09,0.27
07:37:13,"[267.0, 40]","[264.0, 40]","[270.83, 12]","[275.12, 17]",268.92,109,3.83,0.47
07:37:14,"[265.87, 67]","[263.71, 115]","[268.42, 19]","[269.79, 24]",267.14,225,2.56,0.62
07:37:15,"[264.0, 40]","[239.78, 72]","[269.0, 11]","[272.0, 10]",266.5,133,5.0,0.68
07:37:16,"[267.0, 14]","[263.14, 28]","[277.07, 15]","[279.64, 28]",272.03,85,10.07,-0.01
07:37:17,"[267.0, 8]","[263.0, 18]","[279.0, 16]","[283.0, 16]",273.0,58,12.0,-0.1
07:37:18,"[267.0, 2]","[263.0, 5]","[279.0, 4]","[283.0, 4]",273.0,15,12.0,-0.07
07:37:19,"[267.0, 12]","[263.0, 30]","[276.56, 18]","[281.27, 22]",271.78,82,9.56,0.02
07:37:20,"[268.7, 37]","[265.67, 15]","[279.0, 12]","[280.0, 12]",273.85,76,10.3,0.37
07:37:21,"[270.81, 58]","[268.33, 21]","[280.0, 16]","[283.0, 32]",275.41,127,9.19,0.24
07:37:22,"[276.0, 144]","[267.44, 18]","[279.5, 24]","[283.38, 45]",277.75,231,3.5,0.4
07:37:23,"[276.0, 96]","[269.65, 17]","[280.0, 12]","[284.0, 42]",278.0,167,4.0,0.35
07:37:24,"[276.0, 96]","[272.0, 42]","[280.08, 24]","[283.18, 22]",278.04,184,4.08,0.5
07:37:25,"[276.0, 96]","[272.0, 42]","[278.17, 30]","[282.86, 14]",277.08,182,2.17,0.52
07:37:26,"[276.0, 144]","[272.0, 63]","[278.0, 45]","[285.0, 36]",277.0,288,2.0,0.44
07:37:27,"[276.0, 102]","[272.0, 49]","[277.43, 35]","[285.0, 28]",276.71,214,1.43,0.41
07:37:28,"[277.98, 47]","[275.91, 56]","[283.44, 41]","[285.82, 22]",280.71,166,5.46,0.24
07:37:29,"[282.04, 26]","[281.0, 36]","[284.0, 48]","[287.0, 24]",283.02,134,1.96,-0.07
07:37:30,"[281.22, 27]","[276.7, 37]","[284.0, 44]","[287.0, 22]",282.61,130,2.78,-0.02
07:37:31,"[281.0, 25]","[278.0, 11]","[282.27, 44]","[284.77, 39]",281.64,119,1.27,-0.39
07:37:32,"[276.38, 13]","[271.55, 38]","[281.88, 32]","[284.0, 40]",279.13,123,5.49,-0.17
07:37:33,"[272.05, 38]","[270.69, 51]","[279.0, 36]","[284.0, 45]",275.53,170,6.95,0.05
07:37:34,"[271.06, 72]","[270.26, 54]","[277.0, 48]","[287.72, 78]",274.03,252,5.94,0.0
07:37:35,"[270.92, 89]","[268.8, 105]","[275.94, 68]","[287.31, 104]",273.43,366,5.02,0.06
07:37:36,"[273.0, 52]","[269.0, 91]","[275.0, 52]","[276.0, 52]",274.0,247,2.0,0.16
07:37:37,"[268.68, 74]","[264.04, 75]","[276.0, 44]","[286.0, 39]",272.34,232,7.32,0.28
07:37:38,"[271.49, 65]","[267.53, 91]","[281.11, 54]","[286.68, 74]",276.3,284,9.62,0.1
07:37:39,"[270.12, 8]","[267.0, 48]","[286.0, 24]","[287.0, 40]",278.06,120,15.88,-0.07
07:37:40,"[272.0, 13]","[268.04, 46]","[285.31, 39]","[287.0, 65]",278.65,163,13.31,-0.28
07:37:41,"[274.06, 16]","[271.17, 23]","[285.0, 43]","[287.0, 80]",279.53,162,10.94,-0.52
07:37:42,"[275.55, 11]","[274.09, 11]","[285.0, 43]","[287.0, 55]",280.27,120,9.45,-0.63
07:37:43,"[276.0, 9]","[275.0, 9]","[285.0, 45]","[290.38, 40]",280.5,103,9.0,-0.65
07:37:44,"[276.0, 7]","[275.0, 7]","[285.0, 35]","[287.0, 28]",280.5,77,9.0,-0.64
07:37:45,"[276.0, 10]","[275.0, 10]","[281.0, 20]","[285.0, 46]",278.5,86,5.0,-0.53
07:37:46,"[276.0, 5]","[275.0, 5]","[281.0, 10]","[285.0, 5]",278.5,25,5.0,-0.2
07:37:47,"[276.8, 25]","[275.44, 9]","[281.0, 18]","[285.0, 9]",278.9,61,4.2,0.11
07:37:48,"[278.0, 55]","[276.0, 11]","[281.4, 20]","[285.47, 17]",279.7,103,3.4,0.28
07:37:49,"[278.15, 65]","[276.0, 13]","[285.0, 13]","[286.0, 52]",281.58,143,6.85,0.09
07:37:50,"[280.4, 50]","[276.0, 10]","[285.0, 10]","[286.0, 40]",282.7,110,4.6,0.09
07:37:51,"[281.0, 65]","[276.0, 13]","[283.2, 35]","[285.55, 22]",282.1,135,2.2,0.16
07:37:52,"[280.32, 95]","[278.29, 31]","[284.91, 23]","[287.78, 51]",282.61,200,4.6,0.26
07:37:53,"[280.0, 96]","[276.0, 12]","[287.0, 12]","[288.0, 48]",283.5,168,7.0,0.29
07:37:54,"[280.0, 39]","[276.0, 8]","[287.0, 8]","[288.0, 32]",283.5,87,7.0,0.08
07:37:55,"[278.59, 22]","[275.89, 9]","[287.0, 9]","[288.0, 36]",282.8,76,8.41,-0.18
07:37:56,"[277.0, 24]","[276.0, 8]","[287.0, 8]","[288.0, 32]",282.0,72,10.0,-0.11
07:37:57,"[278.42, 36]","[276.5, 12]","[286.29, 28]","[287.92, 39]",282.35,115,7.87,-0.17
07:37:58,"[279.0, 48]","[277.92, 106]","[284.86, 58]","[286.67, 93]",281.93,305,5.86,0.01
07:37:59,"[279.83, 12]","[278.0, 108]","[282.83, 36]","[283.17, 36]",281.33,192,3.0,0.25
07:38:00,"[278.6, 103]","[277.7, 80]","[281.0, 16]","[285.22, 72]",279.8,271,2.4,0.35
07:38:01,"[278.0, 108]","[275.0, 12]","[280.58, 12]","[287.67, 33]",279.29,165,2.58,0.45
07:38:02,"[278.0, 117]","[275.57, 14]","[281.53, 17]","[287.05, 38]",279.76,186,3.53,0.41
07:38:03,"[278.0, 77]","[277.0, 11]","[285.83, 48]","[287.36, 44]",281.92,180,7.83,-0.02
07:38:04,"[278.0, 91]","[277.0, 13]","[283.46, 52]","[287.46, 52]",280.73,208,5.46,0.0
07:38:05,"[278.0, 63]","[277.0, 9]","[282.78, 36]","[289.0, 36]",280.39,144,4.78,0.0
07:38:06,"[278.0, 82]","[277.0, 12]","[281.33, 48]","[289.0, 48]",279.67,190,3.33,-0.01
07:38:07,"[278.06, 32]","[276.47, 15]","[283.67, 60]","[290.35, 80]",280.86,187,5.6,-0.5
07:38:08,"[277.25, 16]","[275.29, 14]","[289.08, 51]","[290.13, 60]",283.16,141,11.83,-0.57
07:38:09,"[277.18, 11]","[275.36, 11]","[288.17, 35]","[288.74, 34]",282.68,91,10.99,-0.52
07:38:10,"[278.57, 14]","[277.0, 14]","[284.5, 42]","[286.0, 14]",281.54,84,5.93,-0.33
07:38:11,"[278.25, 16]","[276.25, 16]","[281.9, 39]","[286.69, 59]",280.07,130,3.65,-0.51
07:38:12,"[279.12, 24]","[276.0, 14]","[288.0, 80]","[290.52, 54]",283.56,172,8.88,-0.56
07:38:13,"[280.0, 18]","[277.0, 9]","[287.44, 36]","[291.89, 56]",283.72,119,7.44,-0.55
07:38:14,"[279.36, 33]","[272.69, 39]","[284.22, 95]","[285.67, 61]",281.79,228,4.86,-0.37
07:38:15,"[275.02, 49]","[270.07, 131]","[278.27, 41]","[281.05, 95]",276.64,316,3.25,0.14
07:38:16,"[276.02, 190]","[274.98, 50]","[279.95, 73]","[281.55, 100]",277.98,413,3.93,0.16
07:38:17,"[276.0, 165]","[273.0, 15]","[278.27, 75]","[279.8, 75]",277.13,330,2.27,0.09
07:38:18,"[276.0, 104]","[273.0, 12]","[278.23, 57]","[281.64, 53]",277.11,226,2.23,0.03
07:38:19,"[276.0, 18]","[270.91, 11]","[279.0, 30]","[284.0, 24]",277.5,83,3.0,-0.3
07:38:20,"[276.0, 39]","[274.0, 13]","[278.54, 65]","[284.0, 52]",277.27,169,2.54,-0.38
07:38:21,"[273.07, 41]","[269.23, 22]","[277.25, 60]","[287.51, 53]",275.16,176,4.18,-0.28
07:38:22,"[270.3, 46]","[268.62, 52]","[277.0, 75]","[289.76, 51]",273.65,224,6.7,-0.12
07:38:23,"[270.37, 38]","[268.43, 46]","[273.92, 65]","[276.0, 49]",272.15,198,3.55,-0.15
07:38:24,"[267.82, 44]","[263.39, 131]","[273.21, 57]","[276.8, 44]",270.51,276,5.39,0.27
07:38:25,"[266.35, 34]","[263.08, 226]","[270.56, 18]","[271.91, 32]",268.45,310,4.2,0.68
07:38:26,"[266.62, 37]","[263.74, 91]","[270.14, 35]","[274.23, 31]",268.38,194,3.52,0.32
07:38:27,"[268.96, 49]","[266.74, 39]","[270.1, 50]","[276.62, 24]",269.53,162,1.14,0.09
07:38:28,"[274.79, 33]","[264.18, 33]","[281.89, 56]","[282.75, 40]",278.34,162,7.1,-0.19
07:38:29,"[280.0, 91]","[271.0, 40]","[281.0, 60]","[282.0, 100]",280.5,291,1.0,-0.1
07:38:30,"[279.33, 30]","[276.67, 30]","[281.45, 55]","[282.31, 61]",280.39,176,2.12,-0.32
07:38:31,"[276.0, 20]","[264.49, 133]","[281.07, 58]","[282.21, 38]",278.53,249,5.07,0.23
07:38:32,"[274.0, 11]","[263.0, 207]","[279.0, 27]","[282.11, 45]",276.5,290,5.0,0.5
07:38:33,"[274.0, 9]","[263.0, 207]","[279.0, 27]","[281.83, 41]",276.5,284,5.0,0.52
07:38:34,"[265.85, 27]","[262.98, 165]","[279.0, 24]","[283.0, 40]",272.43,256,13.15,0.5
07:38:35,"[263.0, 180]","[262.0, 36]","[279.0, 27]","[283.0, 45]",271.0,288,16.0,0.5
07:38:36,"[263.0, 135]","[262.0, 44]","[279.0, 29]","[283.0, 55]",271.0,263,16.0,0.36
07:38:37,"[263.0, 21]","[262.0, 49]","[279.0, 14]","[283.0, 35]",271.0,119,16.0,0.18
07:38:38,"[262.22, 54]","[260.83, 46]","[279.0, 20]","[283.0, 50]",270.61,170,16.78,0.18
07:38:39,"[262.23, 103]","[261.81, 199]","[277.86, 74]","[279.49, 41]",270.05,417,15.63,0.45
07:38:40,"[265.18, 34]","[264.55, 22]","[275.37, 54]","[276.87, 30]",270.27,140,10.19,-0.2
07:38:41,"[267.24, 17]","[263.09, 133]","[272.18, 68]","[277.0, 54]",269.71,272,4.94,0.1
07:38:42,"[268.05, 20]","[262.25, 160]","[271.4, 80]","[276.57, 112]",269.73,372,3.35,-0.03
07:38:43,"[259.32, 62]","[258.48, 97]","[270.0, 45]","[271.0, 52]",264.66,256,10.68,0.24
07:38:44,"[258.0, 72]","[257.0, 63]","[270.64, 25]","[275.8, 30]",264.32,190,12.64,0.42
07:38:45,"[258.0, 88]","[257.0, 77]","[270.73, 22]","[277.4, 30]",264.36,217,12.73,0.52
07:38:46,"[258.0, 96]","[257.0, 84]","[268.25, 24]","[269.33, 24]",263.12,228,10.25,0.58
07:38:47,"[258.0, 152]","[257.0, 43]","[268.18, 22]","[270.09, 22]",263.09,239,10.18,0.63
07:38:48,"[260.37, 59]","[257.85, 80]","[269.0, 11]","[275.0, 11]",264.69,161,8.63,0.73
07:38:49,"[258.36, 56]","[257.37, 54]","[269.0, 35]","[275.0, 14]",263.68,159,10.64,0.38
07:38:50,"[259.0, 28]","[257.29, 28]","[269.0, 28]","[275.0, 7]",264.0,91,10.0,0.23
07:38:51,"[259.0, 24]","[257.0, 19]","[269.0, 24]","[275.0, 6]",264.0,73,10.0,0.18
07:38:52,"[259.94, 64]","[257.0, 48]","[269.0, 64]","[271.4, 25]",264.47,201,9.06,0.11
07:38:53,"[261.58, 62]","[260.52, 58]","[269.0, 48]","[270.0, 24]",265.29,192,7.42,0.25
07:38:54,"[265.44, 90]","[262.52, 108]","[268.12, 96]","[269.08, 78]",266.78,372,2.68,0.06
07:38:55,"[267.0, 78]","[257.35, 49]","[268.98, 49]","[269.86, 28]",267.99,204,1.98,0.25
07:38:56,"[267.75, 48]","[258.0, 24]","[269.0, 32]","[270.0, 16]",268.38,120,1.25,0.2
07:38:57,"[268.0, 72]","[257.17, 36]","[272.57, 56]","[275.0, 48]",270.29,212,4.57,0.02
07:38:58,"[270.74, 68]","[269.23, 57]","[274.0, 70]","[276.0, 85]",272.37,280,3.26,-0.11
07:38:59,"[273.0, 24]","[271.0, 72]","[274.0, 24]","[276.0, 60]",273.5,180,1.0,0.07
07:39:00,"[271.12, 64]","[264.53, 43]","[273.62, 26]","[275.76, 51]",272.37,184,2.49,0.16
07:39:01,"[271.0, 61]","[260.0, 120]","[272.93, 29]","[298.86, 22]",271.97,232,1.93,0.56
07:39:02,"[271.43, 7]","[260.0, 56]","[278.67, 12]","[427.22, 9]",275.05,84,7.24,0.5
07:39:03,"[273.46, 35]","[261.95, 38]","[278.06, 35]","[355.92, 26]",275.76,134,4.6,0.09
07:39:04,"[260.48, 42]","[258.44, 61]","[275.67, 48]","[278.0, 32]",268.07,183,15.19,0.13
07:39:05,"[262.0, 112]","[261.0, 28]","[274.21, 56]","[276.55, 44]",268.11,240,12.21,0.17
07:39:06,"[262.73, 30]","[261.98, 120]","[273.75, 48]","[275.43, 42]",268.24,240,11.02,0.25
07:39:07,"[264.71, 28]","[263.18, 22]","[272.0, 44]","[275.0, 44]",268.36,138,7.29,-0.28
07:39:08,"[266.92, 37]","[265.42, 52]","[270.21, 56]","[274.18, 61]",268.57,206,3.3,-0.14
07:39:09,"[261.08, 50]","[259.12, 33]","[270.8, 40]","[273.02, 86]",265.94,209,9.72,-0.21
07:39:10,"[261.44, 59]","[259.86, 21]","[270.03, 32]","[272.38, 52]",265.74,164,8.59,-0.02
07:39:11,"[264.67, 45]","[260.29, 21]","[271.77, 39]","[278.54, 52]",268.22,157,7.1,-0.16
07:39:12,"[264.08, 36]","[259.48, 27]","[270.8, 20]","[271.83, 48]",267.44,131,6.72,-0.04
07:39:13,"[265.0, 48]","[259.0, 64]","[270.8, 20]","[272.5, 64]",267.9,196,5.8,0.14
07:39:14,"[265.0, 30]","[258.0, 80]","[272.0, 20]","[274.0, 40]",268.5,170,7.0,0.29
07:39:15,"[265.3, 30]","[258.0, 80]","[270.0, 26]","[272.9, 20]",267.65,156,4.7,0.41
07:39:16,"[266.0, 30]","[258.0, 80]","[270.0, 10]","[273.0, 20]",268.0,140,4.0,0.57
07:39:17,"[266.5, 36]","[258.0, 76]","[270.0, 12]","[273.0, 24]",268.25,148,3.5,0.51
07:39:18,"[264.58, 36]","[257.64, 50]","[269.67, 15]","[272.86, 21]",267.12,122,5.08,0.41
07:39:19,"[258.2, 80]","[257.47, 34]","[267.23, 65]","[270.0, 13]",262.72,192,9.03,0.19
07:39:20,"[259.0, 20]","[258.0, 20]","[267.0, 22]","[270.0, 5]",263.0,67,8.0,0.19
07:39:21,"[259.0, 44]","[258.0, 44]","[267.0, 44]","[270.0, 11]",263.0,143,8.0,0.23
07:39:22,"[259.36, 56]","[257.86, 49]","[267.0, 96]","[270.0, 13]",263.18,214,7.64,-0.02
07:39:23,"[257.04, 46]","[255.27, 15]","[267.0, 72]","[270.0, 9]",262.02,142,9.96,-0.14
07:39:24,"[258.0, 10]","[257.0, 40]","[263.0, 30]","[267.0, 80]",260.5,160,5.0,-0.38
07:39:25,"[260.73, 355]","[258.14, 28]","[263.0, 57]","[267.0, 152]",261.86,592,2.27,0.29
07:39:26,"[261.1, 98]","[257.26, 156]","[265.98, 63]","[267.26, 70]",263.54,387,4.88,0.31
07:39:27,"[262.96, 146]","[253.27, 55]","[267.0, 91]","[269.37, 19]",264.98,311,4.04,0.29
07:39:28,"[264.0, 6]","[263.0, 120]","[267.0, 42]","[269.5, 8]",265.5,176,3.0,0.43
07:39:29,"[263.98, 160]","[261.17, 96]","[267.0, 42]","[270.0, 12]",265.49,310,3.02,0.65
07:39:30,"[265.43, 100]","[262.12, 120]","[267.9, 10]","[270.68, 22]",266.66,252,2.47,0.75
07:39:31,"[266.33, 228]","[252.0, 12]","[270.78, 32]","[271.22, 45]",268.56,317,4.45,0.51
07:39:32,"[268.0, 171]","[255.84, 64]","[271.0, 41]","[272.0, 18]",269.5,294,3.0,0.6
07:39:33,"[268.51, 166]","[258.84, 105]","[271.43, 14]","[273.06, 34]",269.97,319,2.92,0.7
07:39:34,"[271.0, 180]","[264.45, 58]","[272.0, 20]","[274.0, 60]",271.5,318,1.0,0.5
07:39:35,"[271.0, 162]","[260.44, 63]","[272.0, 18]","[274.0, 54]",271.5,297,1.0,0.52
07:39:36,"[271.0, 216]","[261.0, 84]","[272.0, 24]","[274.0, 72]",271.5,396,1.0,0.52
07:39:37,"[271.0, 180]","[263.0, 72]","[272.0, 20]","[274.0, 60]",271.5,332,1.0,0.52
07:39:38,"[267.69, 193]","[260.18, 73]","[273.5, 56]","[299.48, 63]",270.6,385,5.81,0.38
07:39:39,"[264.5, 277]","[262.61, 160]","[272.69, 107]","[318.62, 78]",268.6,622,8.19,0.41
07:39:40,"[265.81, 256]","[260.75, 112]","[270.0, 80]","[274.0, 96]",267.91,544,4.19,0.35
07:39:41,"[265.52, 174]","[258.88, 86]","[271.78, 45]","[303.63, 46]",268.65,351,6.26,0.48
07:39:42,"[261.42, 118]","[256.33, 111]","[268.31, 81]","[269.35, 85]",264.86,395,6.89,0.16
07:39:43,"[262.8, 118]","[258.8, 138]","[266.51, 74]","[268.07, 76]",264.66,406,3.72,0.26
07:39:44,"[265.49, 61]","[263.71, 49]","[267.46, 92]","[269.38, 65]",266.47,267,1.96,-0.18
07:39:45,"[268.48, 23]","[266.89, 38]","[270.39, 49]","[559.53, 55]",269.43,165,1.91,-0.26
07:39:46,"[262.29, 28]","[256.38, 32]","[354.29, 34]","[514.75, 36]",308.29,130,92.01,-0.08
07:39:47,"[272.4, 10]","[270.58, 31]","[522.33, 27]","[594.94, 17]",397.37,85,249.93,-0.04
07:39:48,"[276.0, 6]","[272.0, 24]","[480.3, 23]","[518.9, 20]",378.15,73,204.3,-0.18
07:39:49,"[276.0, 10]","[273.29, 28]","[421.22, 32]","[484.59, 29]",348.61,99,145.22,-0.23
07:39:50,"[272.44, 36]","[272.0, 16]","[295.87, 38]","[319.75, 36]",284.16,126,23.42,-0.17
07:39:51,"[274.8, 20]","[271.74, 35]","[293.53, 30]","[293.85, 27]",284.17,112,18.73,-0.02
07:39:52,"[279.0, 16]","[272.0, 70]","[288.05, 44]","[289.78, 45]",283.52,175,9.05,-0.02
07:39:53,"[274.23, 22]","[271.41, 41]","[282.9, 20]","[285.0, 50]",278.56,133,8.67,-0.05
07:39:54,"[272.14, 43]","[269.87, 30]","[280.22, 36]","[282.47, 19]",276.18,128,8.08,0.14
07:39:55,"[272.38, 26]","[271.69, 29]","[275.57, 40]","[277.97, 29]",273.98,124,3.19,-0.11
07:39:56,"[268.36, 22]","[206.59, 17]","[272.43, 7]","[274.0, 7]",270.4,53,4.06,0.47
07:39:57,"[268.0, 56]","[191.66, 58]","[269.97, 29]","[270.53, 32]",268.98,175,1.97,0.3
07:39:58,"[268.0, 58]","[217.13, 45]","[269.93, 60]","[272.86, 56]",268.97,219,1.93,-0.06
07:39:59,"[267.14, 28]","[206.75, 28]","[271.06, 16]","[275.33, 36]",269.1,108,3.92,0.04
07:40:00,"[265.0, 22]","[150.78, 51]","[273.0, 11]","[274.36, 11]",269.0,95,8.0,0.54
07:40:01,"[265.0, 20]","[166.48, 46]","[273.0, 10]","[275.0, 10]",269.0,86,8.0,0.53
07:40:02,"[265.79, 19]","[168.81, 42]","[271.0, 19]","[276.73, 15]",268.39,95,5.21,0.28
07:40:03,"[270.59, 44]","[266.75, 24]","[279.0, 32]","[286.1, 29]",274.8,129,8.41,0.05
07:40:04,"[272.98, 97]","[272.6, 60]","[279.0, 40]","[371.0, 42]",275.99,239,6.02,0.31
07:40:05,"[275.76, 82]","[274.47, 133]","[278.95, 42]","[360.48, 54]",277.35,311,3.2,0.38
07:40:06,"[276.0, 63]","[275.0, 91]","[277.14, 14]","[282.43, 28]",276.57,196,1.14,0.57
07:40:07,"[276.0, 63]","[275.0, 91]","[277.0, 14]","[285.0, 28]",276.5,196,1.0,0.57
07:40:08,"[276.0, 67]","[275.0, 130]","[278.45, 22]","[288.05, 37]",277.23,256,2.45,0.54
07:40:09,"[276.0, 28]","[275.0, 91]","[285.0, 28]","[398.0, 7]",280.5,154,9.0,0.55
07:40:10,"[276.0, 10]","[275.0, 91]","[285.0, 28]","[319.29, 7]",280.5,136,9.0,0.49
07:40:11,"[276.0, 8]","[275.0, 104]","[285.0, 32]","[393.75, 8]",280.5,152,9.0,0.47
07:40:12,"[276.0, 5]","[275.0, 65]","[285.0, 20]","[308.6, 5]",280.5,95,9.0,0.47
07:40:13,"[275.21, 33]","[274.92, 95]","[285.0, 36]","[318.56, 9]",280.11,173,9.79,0.48
07:40:14,"[275.0, 104]","[273.0, 16]","[285.0, 32]","[305.62, 8]",280.0,160,10.0,0.5
07:40:15,"[275.47, 129]","[274.42, 36]","[285.0, 60]","[308.0, 15]",280.23,240,9.53,0.38
07:40:16,"[279.67, 24]","[275.48, 62]","[285.0, 56]","[308.0, 14]",282.33,156,5.33,0.1
07:40:17,"[275.13, 95]","[274.88, 59]","[284.82, 44]","[385.18, 17]",279.97,215,9.69,0.43
07:40:18,"[275.37, 86]","[274.87, 45]","[284.0, 36]","[286.67, 36]",279.69,203,8.63,0.29
07:40:19,"[279.0, 36]","[275.26, 114]","[283.56, 50]","[299.17, 58]",281.28,258,4.56,0.16
07:40:20,"[275.04, 194]","[273.82, 17]","[280.46, 52]","[282.52, 50]",277.75,313,5.42,0.35
07:40:21,"[275.0, 156]","[273.0, 13]","[277.17, 36]","[278.24, 42]",276.08,247,2.17,0.37
07:40:22,"[275.0, 106]","[273.0, 10]","[276.62, 26]","[279.26, 38]",275.81,180,1.62,0.29
07:40:23,"[273.98, 84]","[272.11, 35]","[276.0, 68]","[283.79, 57]",274.99,244,2.02,-0.02
07:40:24,"[274.0, 85]","[271.83, 23]","[275.0, 24]","[276.0, 32]",274.5,164,1.0,0.32
07:40:25,"[274.0, 113]","[270.83, 23]","[275.31, 26]","[277.57, 46]",274.65,208,1.31,0.31
07:40:26,"[274.0, 32]","[272.0, 16]","[276.0, 23]","[287.62, 24]",275.0,95,2.0,0.01
07:40:27,"[274.0, 32]","[272.0, 16]","[276.0, 8]","[288.0, 24]",275.0,80,2.0,0.2
07:40:28,"[274.49, 51]","[273.2, 40]","[287.7, 40]","[438.03, 59]",281.1,190,13.21,-0.04
07:40:29,"[274.0, 40]","[272.0, 20]","[309.82, 22]","[493.7, 33]",291.91,115,35.82,0.04
07:40:30,"[274.0, 36]","[272.0, 18]","[284.55, 31]","[292.61, 33]",279.27,118,10.55,-0.08
07:40:31,"[274.0, 12]","[272.0, 6]","[277.67, 12]","[283.55, 11]",275.83,41,3.67,-0.12
07:40:32,"[274.19, 32]","[272.92, 26]","[276.7, 40]","[284.0, 50]",275.44,148,2.51,-0.22
07:40:33,"[273.5, 16]","[271.6, 15]","[276.0, 32]","[282.5, 40]",274.75,103,2.5,-0.4
07:40:34,"[272.0, 14]","[270.0, 7]","[275.43, 28]","[280.0, 35]",273.71,84,3.43,-0.5
07:40:35,"[271.71, 21]","[269.17, 12]","[274.18, 17]","[279.77, 52]",272.95,102,2.46,-0.35
07:40:36,"[269.6, 15]","[267.67, 9]","[273.0, 9]","[280.0, 45]",271.3,78,3.4,-0.38
07:40:37,"[270.05, 20]","[268.5, 8]","[272.1, 20]","[277.38, 16]",271.08,64,2.05,-0.12
07:40:38,"[264.67, 24]","[264.38, 34]","[275.12, 16]","[279.39, 56]",269.9,130,10.46,-0.11
07:40:39,"[263.83, 35]","[262.42, 19]","[273.77, 65]","[276.0, 13]",268.8,132,9.94,-0.18
07:40:40,"[264.0, 9]","[263.0, 9]","[272.89, 45]","[276.0, 29]",268.44,92,8.89,-0.61
07:40:41,"[264.0, 11]","[262.29, 21]","[270.27, 55]","[276.0, 31]",267.14,118,6.27,-0.46
07:40:42,"[264.0, 9]","[262.0, 27]","[269.22, 45]","[276.0, 9]",266.61,90,5.22,-0.2
07:40:43,"[264.0, 27]","[262.0, 36]","[275.5, 48]","[313.0, 54]",269.75,165,11.5,-0.24
07:40:44,"[270.73, 15]","[263.92, 37]","[276.17, 60]","[305.63, 57]",273.45,169,5.43,-0.38
07:40:45,"[265.0, 13]","[264.0, 39]","[275.61, 62]","[280.06, 63]",270.31,177,10.61,-0.41
07:40:46,"[263.67, 36]","[263.0, 54]","[272.68, 87]","[275.15, 75]",268.17,252,9.01,-0.29
07:40:47,"[263.0, 24]","[261.0, 18]","[271.6, 15]","[275.0, 24]",267.3,81,8.6,0.04
07:40:48,"[263.0, 40]","[261.0, 30]","[270.8, 20]","[275.0, 40]",266.9,130,7.8,0.08
07:40:49,"[263.0, 56]","[261.0, 42]","[275.0, 28]","[276.97, 58]",269.0,184,12.0,0.07
07:40:50,"[263.08, 52]","[261.36, 44]","[274.4, 40]","[275.73, 44]",268.74,180,11.32,0.07
07:40:51,"[264.0, 20]","[263.0, 40]","[275.96, 56]","[277.84, 49]",269.98,165,11.96,-0.27
07:40:52,"[264.71, 28]","[263.17, 46]","[273.94, 68]","[275.58, 48]",269.33,190,9.23,-0.22
07:40:53,"[266.38, 52]","[262.2, 80]","[271.14, 84]","[272.88, 99]",268.76,315,4.76,-0.16
07:40:54,"[265.41, 34]","[260.76, 75]","[270.0, 68]","[271.0, 34]",267.71,211,4.59,0.03
07:40:55,"[264.93, 28]","[258.89, 37]","[268.67, 48]","[271.0, 26]",266.8,139,3.74,-0.06
07:40:56,"[258.86, 35]","[257.83, 24]","[268.0, 38]","[271.0, 22]",263.43,119,9.14,-0.01
07:40:57,"[258.75, 56]","[257.57, 37]","[268.0, 66]","[271.0, 22]",263.38,181,9.25,0.03
07:40:58,"[259.0, 54]","[258.0, 27]","[268.0, 54]","[271.0, 18]",263.5,153,9.0,0.06
07:40:59,"[261.45, 66]","[258.94, 65]","[268.0, 56]","[271.0, 28]",264.73,215,6.55,0.22
07:41:00,"[265.0, 84]","[259.69, 35]","[268.0, 52]","[271.0, 28]",266.5,199,3.0,0.2
07:41:01,"[266.0, 48]","[259.2, 25]","[269.5, 20]","[273.25, 16]",267.75,109,3.5,0.34
07:41:02,"[266.34, 58]","[265.3, 46]","[272.41, 17]","[274.94, 34]",269.38,155,6.07,0.34
07:41:03,"[269.08, 61]","[265.74, 47]","[274.0, 26]","[276.0, 52]",271.54,186,4.92,0.16
07:41:04,"[270.6, 60]","[268.74, 73]","[275.0, 40]","[276.38, 65]",272.8,238,4.4,0.12
07:41:05,"[271.0, 42]","[260.0, 24]","[275.96, 46]","[276.93, 59]",273.48,171,4.96,-0.23
07:41:06,"[268.75, 24]","[262.0, 18]","[276.0, 36]","[278.52, 63]",272.38,141,7.25,-0.4
07:41:07,"[268.53, 45]","[264.4, 30]","[276.84, 57]","[278.93, 116]",272.69,248,8.31,-0.4
07:41:08,"[269.49, 35]","[264.3, 33]","[277.0, 64]","[278.56, 68]",273.24,200,7.51,-0.32
07:41:09,"[267.0, 20]","[261.34, 32]","[274.43, 42]","[277.36, 50]",270.71,144,7.43,-0.28
07:41:10,"[265.47, 34]","[263.91, 236]","[274.46, 52]","[277.75, 79]",269.97,401,8.99,0.35
07:41:11,"[267.91, 11]","[263.02, 147]","[275.09, 22]","[276.93, 43]",271.5,223,7.18,0.42
07:41:12,"[269.14, 14]","[264.0, 14]","[274.79, 28]","[276.0, 42]",271.96,98,5.64,-0.43
07:41:13,"[270.86, 14]","[264.5, 14]","[274.0, 37]","[277.43, 42]",272.43,107,3.14,-0.48
07:41:14,"[271.7, 10]","[261.71, 17]","[274.0, 36]","[278.0, 30]",272.85,93,2.3,-0.42
07:41:15,"[273.0, 6]","[260.07, 84]","[274.0, 18]","[278.0, 18]",273.5,126,1.0,0.43
07:41:16,"[260.25, 122]","[259.63, 43]","[274.0, 13]","[278.0, 18]",267.12,196,13.75,0.68
07:41:17,"[262.0, 24]","[261.0, 136]","[273.08, 26]","[275.89, 19]",267.54,205,11.08,0.56
07:41:18,"[262.0, 136]","[260.85, 240]","[270.0, 50]","[271.48, 46]",266.0,472,8.0,0.59
07:41:19,"[262.0, 264]","[260.0, 108]","[269.47, 34]","[271.47, 32]",265.74,438,7.47,0.7
07:41:20,"[262.0, 132]","[260.0, 54]","[272.0, 12]","[273.0, 18]",267.0,216,10.0,0.72
07:41:21,"[262.0, 198]","[252.74, 73]","[272.0, 18]","[273.0, 27]",267.0,316,10.0,0.72
07:41:22,"[262.92, 167]","[259.04, 186]","[272.0, 20]","[273.0, 30]",267.46,403,9.08,0.75
07:41:23,"[264.0, 141]","[258.5, 103]","[272.0, 16]","[273.0, 24]",268.0,284,8.0,0.72
07:41:24,"[264.2, 225]","[258.17, 309]","[274.79, 38]","[274.69, 29]",269.49,601,10.59,0.78
07:41:25,"[265.88, 75]","[264.89, 83]","[277.0, 55]","[278.0, 22]",271.44,235,11.12,0.34
07:41:26,"[276.0, 12]","[268.67, 36]","[277.0, 60]","[302.17, 24]",276.5,132,1.0,-0.27
07:41:27,"[276.97, 90]","[273.75, 16]","[302.96, 47]","[345.71, 34]",289.96,187,25.99,0.13
07:41:28,"[277.29, 84]","[277.0, 18]","[305.2, 50]","[348.54, 26]",291.24,178,27.91,0.15
07:41:29,"[279.0, 48]","[278.0, 153]","[304.56, 80]","[311.55, 22]",291.78,303,25.56,0.33
07:41:30,"[278.01, 81]","[277.09, 22]","[303.91, 55]","[394.8, 20]",290.96,178,25.9,0.16
07:41:31,"[278.59, 58]","[277.82, 33]","[302.54, 65]","[496.16, 37]",290.56,193,23.95,-0.06
07:41:32,"[279.0, 12]","[278.0, 36]","[301.33, 60]","[436.0, 21]",290.17,129,22.33,-0.26
07:41:33,"[275.38, 13]","[273.41, 153]","[300.1, 41]","[334.88, 40]",287.74,247,24.71,0.34
07:41:34,"[275.0, 14]","[274.0, 112]","[296.14, 70]","[299.0, 14]",285.57,210,21.14,0.2
07:41:35,"[275.0, 12]","[274.0, 96]","[295.25, 60]","[296.19, 48]",285.12,216,20.25,0.0
07:41:36,"[275.0, 15]","[274.0, 120]","[292.29, 35]","[293.9, 63]",283.64,233,17.29,0.16
07:41:37,"[274.11, 73]","[273.36, 94]","[288.53, 38]","[289.55, 78]",281.32,283,14.42,0.18
07:41:38,"[274.0, 32]","[272.0, 55]","[284.33, 76]","[285.25, 20]",279.16,183,10.33,-0.05
07:41:39,"[279.54, 104]","[273.06, 36]","[281.17, 66]","[317.41, 32]",280.35,238,1.63,0.18
07:41:40,"[273.76, 83]","[272.1, 42]","[281.0, 60]","[435.33, 48]",277.38,233,7.24,0.07
07:41:41,"[273.29, 63]","[272.41, 58]","[280.0, 55]","[415.8, 40]",276.64,216,6.71,0.12
07:41:42,"[272.85, 102]","[271.84, 38]","[280.0, 50]","[548.18, 11]",276.43,201,7.15,0.39
07:41:43,"[273.0, 168]","[272.0, 58]","[279.33, 60]","[597.12, 34]",276.17,320,6.33,0.41
07:41:44,"[273.0, 112]","[272.0, 24]","[278.62, 40]","[554.5, 16]",275.81,192,5.62,0.42
07:41:45,"[273.0, 140]","[272.0, 30]","[277.7, 50]","[358.0, 20]",275.35,240,4.7,0.42
07:41:46,"[274.31, 161]","[272.0, 36]","[277.0, 60]","[347.75, 24]",275.66,281,2.69,0.4
07:41:47,"[276.0, 80]","[272.0, 30]","[473.74, 38]","[671.0, 31]",374.87,179,197.74,0.23
07:41:48,"[277.84, 58]","[274.84, 55]","[444.69, 64]","[555.5, 64]",361.27,241,166.84,-0.06
07:41:49,"[280.12, 17]","[278.0, 22]","[458.89, 35]","[560.0, 37]",369.5,111,178.77,-0.3
07:41:50,"[278.36, 28]","[275.44, 55]","[406.0, 51]","[427.82, 51]",342.18,185,127.64,-0.1
07:41:51,"[275.0, 32]","[272.0, 80]","[418.9, 30]","[463.7, 30]",346.95,172,143.9,0.3
07:41:52,"[275.47, 17]","[273.0, 36]","[449.0, 21]","[498.0, 21]",362.24,95,173.53,0.12
07:41:53,"[276.0, 16]","[275.0, 24]","[397.0, 32]","[448.12, 24]",336.5,96,121.0,-0.17
07:41:54,"[276.85, 55]","[275.65, 34]","[339.0, 30]","[517.44, 55]",307.93,174,62.15,0.02
07:41:55,"[276.87, 30]","[275.14, 35]","[339.0, 24]","[457.83, 36]",307.93,125,62.13,0.04
07:41:56,"[276.38, 13]","[274.05, 66]","[337.33, 36]","[368.91, 22]",306.86,137,60.95,0.15
07:41:57,"[278.0, 10]","[275.0, 5]","[337.0, 20]","[370.0, 10]",307.5,45,59.0,-0.33
07:41:58,"[278.0, 26]","[275.0, 13]","[335.39, 46]","[344.1, 40]",306.7,125,57.39,-0.38
07:41:59,"[278.0, 13]","[275.0, 8]","[333.0, 32]","[334.0, 16]",305.5,69,55.0,-0.39
07:42:00,"[278.0, 7]","[275.0, 7]","[329.15, 26]","[331.67, 18]",303.58,58,51.15,-0.52
07:42:01,"[280.92, 37]","[277.7, 10]","[323.86, 28]","[326.25, 32]",302.39,107,42.94,-0.12
07:42:02,"[278.0, 13]","[274.18, 133]","[320.64, 28]","[321.67, 36]",299.32,210,42.64,0.39
07:42:03,"[278.0, 10]","[275.0, 50]","[318.33, 24]","[320.0, 20]",298.17,104,40.33,0.15
07:42:04,"[278.0, 38]","[275.0, 50]","[315.42, 38]","[317.67, 24]",296.71,150,37.42,0.17
07:42:05,"[278.0, 61]","[275.0, 65]","[312.05, 38]","[313.27, 30]",295.03,194,34.05,0.3
07:42:06,"[278.0, 40]","[275.57, 35]","[306.55, 29]","[307.63, 27]",292.28,131,28.55,0.15
07:42:07,"[278.0, 44]","[277.0, 22]","[299.0, 18]","[300.0, 28]",288.5,112,21.0,0.18
07:42:08,"[277.33, 24]","[275.18, 44]","[292.89, 28]","[294.39, 23]",285.11,119,15.56,0.14
07:42:09,"[277.0, 21]","[275.0, 85]","[286.45, 40]","[287.79, 48]",281.73,194,9.45,0.09
07:42:10,"[275.16, 50]","[274.12, 172]","[279.95, 41]","[281.08, 26]",277.56,289,4.79,0.54
07:42:11,"[275.0, 132]","[274.0, 228]","[276.58, 24]","[279.0, 18]",275.79,402,1.58,0.79
07:42:12,"[275.0, 68]","[274.0, 172]","[277.58, 12]","[374.45, 22]",276.29,274,2.58,0.75
07:42:13,"[274.29, 85]","[273.7, 100]","[276.07, 14]","[562.02, 49]",275.18,248,1.78,0.49
07:42:14,"[274.0, 130]","[273.0, 55]","[275.22, 18]","[370.11, 19]",274.61,222,1.22,0.67
07:42:15,"[274.0, 60]","[273.0, 35]","[276.1, 21]","[450.15, 13]",275.05,129,2.1,0.47
07:42:16,"[274.0, 72]","[273.0, 45]","[276.0, 45]","[279.0, 9]",275.0,171,2.0,0.37
07:42:17,"[274.0, 50]","[273.0, 35]","[276.0, 35]","[279.0, 7]",275.0,127,2.0,0.34
07:42:18,"[274.0, 26]","[273.0, 25]","[276.0, 25]","[279.0, 5]",275.0,81,2.0,0.26
07:42:19,"[274.0, 12]","[273.0, 15]","[276.0, 15]","[279.0, 3]",275.0,45,2.0,0.2
07:42:20,"[274.0, 8]","[272.0, 17]","[276.0, 10]","[279.0, 2]",275.0,37,2.0,0.35
07:42:21,"[274.0, 20]","[272.0, 80]","[276.0, 25]","[279.0, 5]",275.0,130,2.0,0.54
07:42:22,"[274.07, 30]","[272.26, 31]","[276.0, 40]","[279.0, 8]",275.03,109,1.93,0.12
07:42:23,"[274.3, 40]","[272.22, 59]","[276.0, 65]","[279.0, 13]",275.15,177,1.7,0.12
07:42:24,"[274.0, 72]","[271.0, 75]","[277.8, 15]","[350.81, 21]",275.9,183,3.8,0.61
07:42:25,"[274.0, 45]","[271.0, 45]","[277.0, 9]","[281.0, 9]",275.5,108,3.0,0.67
07:42:26,"[274.0, 40]","[271.0, 40]","[277.0, 8]","[281.0, 8]",275.5,96,3.0,0.67
07:42:27,"[274.0, 50]","[271.0, 50]","[277.9, 10]","[321.31, 13]",275.95,123,3.9,0.63
07:42:28,"[274.0, 12]","[271.0, 40]","[285.0, 8]","[351.0, 16]",279.5,76,11.0,0.37
07:42:29,"[274.0, 7]","[271.0, 35]","[283.26, 23]","[377.44, 16]",278.63,81,9.26,0.04
07:42:30,"[274.0, 2]","[271.0, 10]","[280.71, 7]","[283.17, 6]",277.36,25,6.71,-0.04
07:42:31,"[274.0, 7]","[271.0, 35]","[282.75, 8]","[416.92, 13]",278.38,63,8.75,0.33
07:42:32,"[274.0, 10]","[271.0, 56]","[286.0, 10]","[428.0, 20]",280.0,96,12.0,0.38
07:42:33,"[274.0, 11]","[271.0, 99]","[286.0, 11]","[471.09, 22]",280.0,143,12.0,0.54
07:42:34,"[274.0, 13]","[271.0, 117]","[284.23, 52]","[286.62, 13]",279.12,195,10.23,0.33
07:42:35,"[275.12, 16]","[272.05, 40]","[282.62, 64]","[288.0, 16]",278.88,136,7.5,-0.18
07:42:36,"[277.21, 19]","[275.0, 19]","[281.84, 76]","[288.74, 19]",279.53,133,4.63,-0.43
07:42:37,"[277.82, 17]","[275.12, 17]","[280.48, 62]","[286.22, 23]",279.15,119,2.66,-0.43
07:42:38,"[274.38, 8]","[271.11, 36]","[279.0, 32]","[293.0, 8]",276.69,84,4.62,0.05
07:42:39,"[274.0, 11]","[271.0, 55]","[279.0, 44]","[298.33, 15]",276.5,125,5.0,0.06
07:42:40,"[274.0, 8]","[271.0, 40]","[279.0, 32]","[292.73, 22]",276.5,102,5.0,-0.06
07:42:41,"[270.31, 61]","[268.85, 132]","[276.37, 35]","[290.2, 44]",273.34,272,6.06,0.42
07:42:42,"[270.56, 52]","[267.8, 55]","[273.44, 50]","[276.5, 16]",272.0,173,2.88,0.24
07:42:43,"[271.84, 19]","[268.67, 12]","[274.17, 24]","[274.78, 18]",273.0,73,2.32,-0.15
07:42:44,"[267.7, 27]","[262.3, 27]","[272.47, 15]","[274.0, 48]",270.09,117,4.76,-0.08
07:42:45,"[266.43, 14]","[258.0, 50]","[271.07, 14]","[275.36, 14]",268.75,92,4.64,0.39
07:42:46,"[266.0, 6]","[257.0, 24]","[269.67, 6]","[271.5, 6]",267.83,42,3.67,0.43
07:42:47,"[257.0, 56]","[173.29, 42]","[267.04, 27]","[267.8, 30]",262.02,155,10.04,0.26
07:42:48,"[257.0, 44]","[219.0, 33]","[268.18, 22]","[268.53, 38]",262.59,137,11.18,0.12
07:42:49,"[257.62, 13]","[252.15, 13]","[273.0, 32]","[275.0, 16]",265.31,74,15.38,-0.3
07:42:50,"[266.33, 21]","[264.29, 24]","[273.0, 88]","[275.0, 44]",269.67,177,6.67,-0.49
07:42:51,"[270.17, 24]","[267.76, 34]","[273.0, 104]","[275.0, 52]",271.58,214,2.83,-0.46
07:42:52,"[272.0, 10]","[270.0, 30]","[273.0, 40]","[275.0, 20]",272.5,100,1.0,-0.2
07:42:53,"[272.0, 20]","[270.0, 54]","[273.0, 70]","[275.0, 40]",272.5,184,1.0,-0.2
07:42:54,"[272.0, 10]","[270.0, 15]","[273.0, 35]","[275.0, 20]",272.5,80,1.0,-0.38
07:42:55,"[272.0, 18]","[270.0, 27]","[273.0, 50]","[275.0, 36]",272.5,131,1.0,-0.31
07:42:56,"[270.29, 14]","[263.54, 39]","[273.0, 35]","[275.0, 28]",271.64,116,2.71,-0.09
07:42:57,"[267.93, 28]","[262.96, 50]","[273.0, 38]","[275.0, 40]",270.46,156,5.07,0.0
07:42:58,"[263.0, 72]","[262.0, 9]","[273.0, 9]","[275.0, 36]",268.0,126,10.0,0.29
07:42:59,"[264.0, 100]","[262.92, 63]","[272.04, 47]","[273.7, 23]",268.02,233,8.04,0.4
07:43:00,"[265.82, 55]","[263.0, 11]","[272.0, 33]","[273.0, 23]",268.91,122,6.18,0.08
07:43:01,"[267.38, 80]","[263.0, 16]","[269.29, 42]","[271.41, 22]",268.33,160,1.91,0.2
07:43:02,"[266.33, 15]","[260.0, 10]","[311.15, 20]","[400.6, 15]",288.74,60,44.82,-0.17
07:43:03,"[277.0, 7]","[259.31, 13]","[373.0, 28]","[410.0, 21]",325.0,69,96.0,-0.42
07:43:04,"[269.55, 29]","[258.77, 13]","[403.27, 22]","[479.11, 9]",336.41,73,133.72,0.15
07:43:05,"[271.0, 54]","[263.44, 18]","[409.65, 23]","[431.33, 15]",340.33,110,138.65,0.31
07:43:06,"[271.12, 48]","[269.88, 50]","[351.17, 24]","[389.28, 29]",311.15,151,80.04,0.3
07:43:07,"[271.07, 56]","[268.92, 50]","[287.45, 31]","[311.13, 52]",279.26,189,16.38,0.12
07:43:08,"[271.0, 44]","[267.0, 22]","[275.16, 38]","[276.86, 28]",273.08,132,4.16,0.0
07:43:09,"[271.0, 40]","[267.0, 20]","[274.04, 25]","[275.22, 27]",272.52,112,3.04,0.07
07:43:10,"[273.36, 56]","[270.29, 34]","[279.0, 30]","[302.69, 26]",276.18,146,5.64,0.23
07:43:11,"[274.0, 32]","[271.0, 32]","[285.0, 24]","[344.0, 16]",279.5,104,11.0,0.23
07:43:12,"[274.0, 24]","[270.67, 30]","[284.91, 23]","[333.59, 17]",279.46,94,10.91,0.15
07:43:13,"[274.46, 39]","[270.37, 35]","[283.15, 26]","[359.0, 44]",278.81,144,8.69,0.03
07:43:14,"[274.21, 42]","[271.5, 30]","[278.38, 37]","[316.23, 35]",276.3,144,4.16,0.0
07:43:15,"[273.82, 33]","[270.11, 19]","[277.0, 26]","[278.0, 39]",275.41,117,3.18,-0.11
07:43:16,"[272.0, 13]","[268.0, 39]","[276.0, 26]","[278.0, 39]",274.0,117,4.0,-0.11
07:43:17,"[272.0, 8]","[268.0, 24]","[274.38, 16]","[278.0, 24]",273.19,72,2.38,-0.11
07:43:18,"[269.67, 12]","[266.55, 29]","[274.0, 24]","[279.0, 36]",271.83,101,4.33,-0.19
07:43:19,"[268.0, 7]","[265.0, 14]","[273.0, 14]","[279.0, 21]",270.5,56,5.0,-0.25
07:43:20,"[268.94, 35]","[267.2, 15]","[272.77, 26]","[280.0, 39]",270.86,115,3.83,-0.13
07:43:21,"[266.42, 31]","[265.14, 14]","[271.5, 28]","[280.29, 42]",268.96,115,5.08,-0.22
07:43:22,"[265.36, 28]","[264.53, 19]","[270.43, 28]","[281.22, 37]",267.89,112,5.07,-0.16
07:43:23,"[267.24, 37]","[265.13, 30]","[269.82, 49]","[270.33, 30]",268.53,146,2.57,-0.08
07:43:24,"[264.04, 52]","[258.97, 39]","[267.1, 20]","[271.15, 55]",265.57,166,3.06,0.1
07:43:25,"[263.0, 44]","[255.0, 22]","[264.27, 11]","[265.27, 11]",263.64,88,1.27,0.5
07:43:26,"[263.0, 48]","[255.0, 24]","[264.17, 12]","[267.46, 26]",263.58,110,1.17,0.31
07:43:27,"[263.8, 49]","[261.0, 22]","[268.71, 69]","[270.17, 48]",266.25,188,4.91,-0.24
07:43:28,"[264.5, 16]","[263.65, 37]","[269.0, 80]","[276.0, 10]",266.75,143,4.5,-0.26
07:43:29,"[266.73, 162]","[264.67, 24]","[268.23, 78]","[269.18, 103]",267.48,367,1.5,0.01
07:43:30,"[267.0, 90]","[265.0, 9]","[269.0, 37]","[271.0, 27]",268.0,163,2.0,0.21
07:43:31,"[267.0, 110]","[265.0, 11]","[268.88, 32]","[270.14, 37]",267.94,190,1.88,0.27
07:43:32,"[266.91, 87]","[259.57, 28]","[268.6, 53]","[270.69, 48]",267.76,216,1.7,0.06
07:43:33,"[267.3, 27]","[264.4, 70]","[269.0, 59]","[272.0, 45]",268.15,201,1.7,-0.03
07:43:34,"[266.3, 40]","[256.43, 23]","[269.0, 36]","[272.0, 42]",267.65,141,2.7,-0.11
07:43:35,"[257.0, 15]","[256.0, 45]","[285.2, 15]","[319.07, 15]",271.1,90,28.2,0.33
07:43:36,"[256.2, 20]","[252.8, 20]","[296.0, 8]","[357.0, 8]",276.1,56,39.8,0.43
07:43:37,"[256.76, 21]","[251.0, 14]","[296.0, 6]","[359.57, 14]",276.38,55,39.24,0.27
07:43:38,"[272.0, 10]","[257.71, 41]","[337.2, 10]","[409.0, 18]",304.6,79,65.2,0.29
07:43:39,"[272.0, 9]","[270.0, 45]","[413.0, 9]","[506.0, 9]",342.5,72,141.0,0.5
07:43:40,"[272.0, 4]","[270.0, 20]","[342.0, 4]","[520.75, 4]",307.0,32,70.0,0.5
07:43:41,"[272.0, 6]","[270.0, 30]","[342.0, 6]","[520.0, 6]",307.0,48,70.0,0.5
07:43:42,"[273.9, 21]","[270.07, 57]","[364.92, 13]","[618.76, 17]",319.41,108,91.02,0.44
07:43:43,"[276.0, 49]","[271.57, 23]","[282.48, 27]","[431.35, 23]",279.24,122,6.48,0.18
07:43:44,"[276.0, 27]","[272.0, 66]","[277.0, 18]","[281.11, 18]",276.5,129,1.0,0.44
07:43:45,"[276.0, 19]","[272.0, 80]","[278.88, 16]","[308.93, 15]",277.44,130,2.88,0.52
07:43:46,"[276.0, 14]","[272.0, 70]","[282.0, 14]","[364.42, 19]",279.0,117,6.0,0.44
07:43:47,"[272.36, 66]","[271.71, 42]","[280.57, 14]","[346.29, 17]",276.47,139,8.21,0.55
07:43:48,"[272.2, 98]","[271.13, 30]","[279.55, 22]","[412.07, 30]",275.87,180,7.34,0.42
07:43:49,"[277.0, 20]","[273.5, 12]","[281.0, 20]","[465.28, 25]",279.0,77,4.0,-0.17
07:43:50,"[277.58, 19]","[276.29, 34]","[280.68, 25]","[371.75, 40]",279.13,118,3.1,-0.1
07:43:51,"[277.0, 22]","[275.0, 33]","[282.64, 22]","[478.33, 27]",279.82,104,5.64,0.06
07:43:52,"[275.29, 14]","[272.6, 15]","[279.0, 14]","[391.43, 14]",277.14,57,3.71,0.02
07:43:53,"[272.9, 10]","[270.25, 40]","[276.0, 18]","[284.0, 18]",274.45,86,3.1,0.16
07:43:54,"[272.0, 6]","[270.0, 42]","[276.0, 12]","[284.0, 12]",274.0,72,4.0,0.33
07:43:55,"[272.0, 61]","[270.0, 77]","[408.18, 22]","[637.18, 22]",340.09,182,136.18,0.52
07:43:56,"[272.0, 54]","[270.0, 63]","[520.41, 17]","[667.5, 16]",396.21,150,248.41,0.56
07:43:57,"[272.0, 11]","[270.0, 77]","[290.9, 40]","[422.52, 25]",281.45,153,18.9,0.15
07:43:58,"[270.98, 43]","[267.3, 43]","[281.92, 39]","[284.04, 70]",276.45,195,10.95,-0.12
07:43:59,"[274.55, 40]","[269.17, 77]","[279.6, 45]","[280.6, 45]",277.08,207,5.05,0.13
07:44:00,"[273.82, 33]","[269.88, 51]","[278.0, 36]","[281.86, 42]",275.91,162,4.18,0.04
07:44:01,"[270.0, 114]","[267.95, 21]","[277.0, 38]","[283.59, 54]",273.5,227,7.0,0.19
07:44:02,"[270.12, 123]","[268.8, 30]","[273.42, 19]","[274.88, 41]",271.77,213,3.3,0.44
07:44:03,"[271.0, 56]","[267.33, 73]","[272.09, 33]","[274.15, 13]",271.55,175,1.09,0.47
07:44:04,"[271.0, 14]","[266.0, 42]","[273.0, 7]","[278.0, 7]",272.0,70,2.0,0.6
07:44:05,"[271.0, 20]","[266.0, 60]","[272.1, 10]","[277.8, 10]",271.55,100,1.1,0.6
07:44:06,"[273.25, 16]","[266.33, 45]","[276.6, 10]","[280.43, 28]",274.93,99,3.35,0.23
07:44:07,"[272.73, 11]","[268.87, 15]","[276.0, 9]","[277.44, 9]",274.36,44,3.27,0.18
07:44:08,"[274.33, 15]","[272.0, 30]","[276.0, 15]","[278.0, 15]",275.17,75,1.67,0.2
07:44:09,"[272.3, 20]","[271.31, 13]","[277.64, 11]","[281.79, 38]",274.97,82,5.34,-0.2
07:44:10,"[272.0, 14]","[271.0, 9]","[278.0, 9]","[282.0, 36]",275.0,68,6.0,-0.32
07:44:11,"[267.67, 9]","[260.67, 27]","[277.24, 21]","[281.33, 24]",272.45,81,9.57,-0.11
07:44:12,"[266.0, 13]","[260.0, 52]","[275.85, 52]","[278.0, 13]",270.92,130,9.85,0.0
07:44:13,"[266.0, 9]","[260.0, 36]","[272.89, 37]","[278.25, 16]",269.45,98,6.89,-0.08
07:44:14,"[268.32, 72]","[267.23, 30]","[275.42, 48]","[281.0, 30]",271.87,180,7.1,0.13
07:44:15,"[276.21, 34]","[268.36, 66]","[279.4, 40]","[289.84, 38]",277.8,178,3.19,0.12
07:44:16,"[277.0, 46]","[276.0, 39]","[281.0, 52]","[450.24, 29]",279.0,166,4.0,0.02
07:44:17,"[276.44, 32]","[273.68, 93]","[280.45, 44]","[435.29, 42]",278.45,211,4.02,0.18
07:44:18,"[276.0, 12]","[273.0, 48]","[281.75, 16]","[479.0, 10]",278.88,86,5.75,0.4
07:44:19,"[276.4, 20]","[273.6, 60]","[282.0, 32]","[455.93, 28]",279.2,140,5.6,0.14
07:44:20,"[277.0, 26]","[276.0, 39]","[282.0, 52]","[316.0, 65]",279.5,182,5.0,-0.29
07:44:21,"[277.0, 28]","[276.0, 42]","[281.07, 56]","[284.98, 57]",279.04,183,4.07,-0.23
07:44:22,"[275.14, 21]","[273.36, 84]","[279.25, 16]","[281.8, 40]",277.2,161,4.11,0.3
07:44:23,"[273.31, 70]","[272.91, 136]","[276.06, 36]","[276.9, 21]",274.68,263,2.74,0.57
07:44:24,"[273.0, 80]","[270.0, 10]","[275.33, 15]","[281.9, 41]",274.17,146,2.33,0.23
07:44:25,"[273.75, 16]","[272.81, 32]","[280.62, 8]","[289.0, 32]",277.19,88,6.88,0.09
07:44:26,"[273.73, 11]","[272.81, 27]","[281.0, 7]","[289.0, 28]",277.36,73,7.27,0.04
07:44:27,"[272.44, 18]","[270.83, 12]","[281.0, 12]","[289.0, 48]",276.72,90,8.56,-0.33
07:44:28,"[273.96, 57]","[271.15, 20]","[280.13, 52]","[287.05, 37]",277.05,166,6.17,-0.07
07:44:29,"[276.24, 29]","[274.15, 39]","[279.23, 73]","[283.18, 33]",277.74,174,2.99,-0.22
07:44:30,"[275.76, 21]","[274.02, 55]","[277.53, 38]","[285.48, 23]",276.64,137,1.76,0.11
07:44:31,"[275.2, 15]","[273.76, 33]","[286.78, 54]","[345.14, 42]",280.99,144,11.58,-0.33
07:44:32,"[274.0, 24]","[265.33, 15]","[285.62, 32]","[286.5, 24]",279.81,95,11.62,-0.18
07:44:33,"[274.0, 30]","[265.0, 20]","[283.1, 50]","[285.95, 21]",278.55,121,9.1,-0.17
07:44:34,"[274.0, 24]","[265.0, 16]","[283.0, 40]","[285.0, 32]",278.5,112,9.0,-0.29
07:44:35,"[274.0, 39]","[269.67, 46]","[282.08, 65]","[286.57, 92]",278.04,242,8.08,-0.3
07:44:36,"[274.0, 30]","[270.1, 58]","[281.6, 50]","[287.0, 86]",277.8,224,7.6,-0.21
07:44:37,"[274.0, 33]","[270.0, 77]","[280.91, 55]","[287.0, 55]",277.45,220,6.91,0.0
07:44:38,"[270.69, 81]","[267.62, 42]","[279.31, 48]","[281.5, 70]",275.0,241,8.62,0.02
07:44:39,"[271.09, 44]","[268.29, 28]","[277.63, 35]","[279.65, 51]",274.36,158,6.54,-0.09
07:44:40,"[270.0, 48]","[266.2, 30]","[273.93, 58]","[276.13, 46]",271.97,182,3.93,-0.14
07:44:41,"[270.0, 48]","[266.0, 84]","[271.79, 42]","[273.0, 70]",270.89,244,1.79,0.08
07:44:42,"[266.5, 48]","[265.55, 66]","[269.87, 55]","[272.5, 72]",268.19,241,3.37,-0.05
07:44:43,"[265.39, 82]","[264.59, 37]","[268.12, 68]","[270.0, 51]",266.75,238,2.73,0.0
07:44:44,"[265.0, 51]","[262.0, 13]","[266.08, 39]","[271.93, 56]",265.54,159,1.08,-0.19
07:44:45,"[263.0, 18]","[261.5, 8]","[266.0, 16]","[279.0, 40]",264.5,82,3.0,-0.37
07:44:46,"[263.89, 27]","[260.0, 9]","[269.1, 21]","[279.07, 41]",266.49,98,5.21,-0.27
07:44:47,"[271.25, 36]","[268.77, 30]","[278.58, 60]","[280.12, 24]",274.92,150,7.33,-0.12
07:44:48,"[274.07, 14]","[266.16, 19]","[277.95, 59]","[279.8, 15]",276.01,107,3.88,-0.38
07:44:49,"[273.0, 8]","[262.27, 11]","[276.12, 24]","[277.28, 29]",274.56,72,3.12,-0.47
07:44:50,"[273.0, 11]","[264.75, 20]","[275.82, 33]","[277.0, 33]",274.41,97,2.82,-0.36
07:44:51,"[266.5, 12]","[262.39, 18]","[274.0, 36]","[280.79, 58]",270.25,124,7.5,-0.52
07:44:52,"[264.25, 12]","[258.2, 10]","[278.17, 41]","[280.98, 43]",271.21,106,13.92,-0.58
07:44:53,"[277.0, 30]","[260.0, 10]","[280.1, 49]","[281.1, 41]",278.55,130,3.1,-0.38
07:44:54,"[277.0, 15]","[260.0, 7]","[279.0, 35]","[280.0, 28]",278.0,85,2.0,-0.48
07:44:55,"[277.0, 10]","[272.65, 37]","[278.54, 28]","[280.11, 47]",277.77,122,1.54,-0.23
07:44:56,"[277.0, 8]","[264.0, 12]","[278.0, 8]","[281.0, 40]",277.5,68,1.0,-0.41
07:44:57,"[274.0, 6]","[267.38, 13]","[278.0, 5]","[281.0, 25]",276.0,49,4.0,-0.22
07:44:58,"[268.8, 30]","[265.33, 18]","[278.0, 52]","[281.62, 40]",273.4,140,9.2,-0.31
07:44:59,"[272.55, 29]","[270.71, 42]","[277.06, 78]","[283.02, 81]",274.81,230,4.51,-0.38
07:45:00,"[274.0, 29]","[273.0, 11]","[276.62, 39]","[279.76, 46]",275.31,125,2.62,-0.36
07:45:01,"[270.95, 19]","[259.91, 33]","[275.6, 30]","[279.0, 10]",273.27,92,4.65,0.13
07:45:02,"[261.0, 28]","[256.0, 168]","[274.52, 52]","[278.22, 36]",267.76,284,13.52,0.38
07:45:03,"[261.62, 48]","[256.42, 118]","[273.42, 86]","[277.05, 44]",267.52,296,11.79,0.12
07:45:04,"[262.0, 84]","[259.29, 28]","[270.0, 48]","[271.61, 36]",266.0,196,8.0,0.14
07:45:05,"[263.94, 108]","[259.0, 36]","[267.68, 87]","[268.75, 72]",265.81,303,3.73,-0.05
07:45:06,"[265.32, 59]","[258.78, 36]","[267.0, 98]","[268.0, 49]",266.16,242,1.68,-0.21
07:45:07,"[261.0, 26]","[257.0, 52]","[267.0, 91]","[268.0, 26]",264.0,195,6.0,-0.2
07:45:08,"[261.0, 30]","[257.0, 60]","[266.82, 51]","[267.16, 75]",263.91,216,5.82,-0.17
07:45:09,"[261.0, 26]","[257.54, 52]","[265.0, 13]","[267.0, 91]",263.0,182,4.0,-0.14
07:45:10,"[261.0, 34]","[258.0, 68]","[265.0, 17]","[267.0, 119]",263.0,238,4.0,-0.14
07:45:11,"[263.42, 38]","[261.2, 30]","[265.0, 14]","[267.0, 98]",264.21,180,1.58,-0.24
07:45:12,"[262.91, 44]","[260.62, 26]","[266.09, 22]","[267.05, 74]",264.5,166,3.18,-0.16
07:45:13,"[263.0, 52]","[262.0, 26]","[267.98, 47]","[270.0, 31]",265.49,156,4.98,0.0
07:45:14,"[264.43, 56]","[262.0, 28]","[275.0, 70]","[276.0, 14]",269.71,168,10.57,0.0
07:45:15,"[266.82, 39]","[265.33, 36]","[275.0, 70]","[276.0, 14]",270.91,159,8.18,-0.06
07:45:16,"[268.61, 23]","[267.56, 27]","[274.5, 42]","[275.23, 26]",271.55,118,5.89,-0.15
07:45:17,"[271.1, 50]","[269.26, 34]","[274.06, 67]","[275.15, 53]",272.58,204,2.96,-0.18
07:45:18,"[273.49, 35]","[272.71, 35]","[275.0, 75]","[276.0, 15]",274.24,160,1.51,-0.12
07:45:19,"[272.91, 11]","[262.59, 51]","[275.25, 12]","[277.0, 9]",274.08,83,2.34,0.49
07:45:20,"[272.0, 6]","[262.0, 48]","[276.0, 6]","[279.0, 6]",274.0,66,4.0,0.64
07:45:21,"[272.0, 8]","[262.0, 64]","[276.0, 8]","[279.0, 8]",274.0,88,4.0,0.64
07:45:22,"[272.74, 27]","[262.67, 60]","[276.0, 11]","[279.0, 11]",274.37,109,3.26,0.6
07:45:23,"[272.65, 26]","[262.53, 76]","[277.85, 13]","[295.8, 25]",275.25,140,5.19,0.46
07:45:24,"[272.0, 8]","[262.88, 64]","[279.0, 8]","[280.0, 8]",275.5,88,7.0,0.64
07:45:25,"[276.0, 22]","[272.0, 11]","[279.0, 11]","[280.0, 11]",277.5,55,3.0,0.2
07:45:26,"[266.66, 53]","[263.92, 25]","[279.0, 13]","[280.0, 13]",272.83,104,12.34,0.5
07:45:27,"[261.01, 100]","[259.47, 47]","[272.6, 10]","[279.2, 10]",266.81,167,11.59,0.76
07:45:28,"[262.38, 16]","[261.0, 143]","[272.12, 16]","[277.94, 16]",267.25,191,9.75,0.66
07:45:29,"[264.81, 16]","[260.4, 160]","[274.69, 26]","[277.44, 16]",269.75,218,9.88,0.61
07:45:30,"[266.0, 11]","[260.37, 76]","[273.0, 21]","[275.0, 11]",269.5,119,7.0,0.46
07:45:31,"[268.64, 14]","[261.0, 56]","[287.23, 26]","[339.93, 14]",277.94,110,18.59,0.27
07:45:32,"[273.58, 48]","[264.25, 64]","[299.97, 61]","[545.25, 16]",286.78,189,26.38,0.19
07:45:33,"[274.14, 29]","[273.6, 25]","[550.17, 29]","[613.47, 15]",412.16,98,276.03,0.1
07:45:34,"[274.83, 18]","[273.34, 79]","[380.49, 39]","[430.82, 44]",327.66,180,105.65,0.08
07:45:35,"[272.8, 30]","[271.23, 62]","[275.0, 23]","[364.0, 16]",273.9,131,2.2,0.4
07:45:36,"[272.0, 99]","[266.19, 42]","[274.31, 13]","[283.09, 22]",273.15,176,2.31,0.6
07:45:37,"[272.0, 98]","[270.0, 22]","[275.0, 14]","[279.77, 39]",273.5,173,3.0,0.39
07:45:38,"[272.0, 96]","[270.0, 24]","[277.05, 38]","[292.53, 38]",274.53,196,5.05,0.22
07:45:39,"[272.0, 40]","[270.0, 10]","[277.0, 10]","[497.2, 5]",274.5,65,5.0,0.54
07:45:40,"[272.0, 32]","[270.0, 8]","[277.0, 8]","[496.0, 4]",274.5,52,5.0,0.54
07:45:41,"[272.0, 48]","[270.0, 12]","[277.0, 12]","[425.0, 9]",274.5,81,5.0,0.48
07:45:42,"[272.0, 136]","[270.0, 34]","[277.34, 35]","[321.58, 26]",274.67,231,5.34,0.47
07:45:43,"[272.24, 84]","[271.08, 72]","[274.92, 48]","[319.11, 19]",273.58,223,2.68,0.4
07:45:44,"[273.44, 59]","[270.27, 85]","[285.0, 14]","[359.65, 26]",279.22,184,11.56,0.57
07:45:45,"[277.14, 28]","[272.49, 41]","[285.0, 7]","[347.27, 11]",281.07,87,7.86,0.59
07:45:46,"[278.0, 40]","[277.0, 40]","[285.0, 10]","[481.24, 21]",281.5,111,7.0,0.44
07:45:47,"[277.2, 40]","[272.71, 56]","[284.7, 10]","[483.62, 13]",280.95,119,7.5,0.61
07:45:48,"[277.0, 46]","[272.67, 63]","[281.5, 34]","[284.57, 14]",279.25,157,4.5,0.39
07:45:49,"[276.4, 15]","[273.43, 21]","[280.0, 30]","[282.0, 6]",278.2,72,3.6,0.0
07:45:50,"[277.0, 26]","[274.42, 57]","[278.75, 53]","[279.57, 37]",277.88,173,1.75,-0.04
07:45:51,"[275.03, 158]","[274.24, 51]","[276.71, 42]","[278.32, 40]",275.87,291,1.69,0.44
07:45:52,"[275.0, 79]","[274.0, 30]","[278.55, 22]","[389.78, 18]",276.77,149,3.55,0.46
07:45:53,"[275.0, 50]","[274.0, 30]","[284.46, 13]","[366.0, 23]",279.73,116,9.46,0.38
07:45:54,"[275.26, 27]","[274.74, 47]","[290.91, 11]","[337.43, 14]",283.08,99,15.65,0.49
07:45:55,"[275.0, 48]","[274.0, 33]","[291.0, 11]","[366.18, 11]",283.0,103,16.0,0.57
07:45:56,"[275.0, 40]","[274.0, 30]","[291.0, 20]","[459.05, 19]",283.0,109,16.0,0.28
07:45:57,"[275.0, 24]","[274.0, 20]","[291.0, 36]","[519.67, 12]",283.0,92,16.0,-0.04
07:45:58,"[275.0, 12]","[274.0, 45]","[291.0, 54]","[368.26, 19]",283.0,130,16.0,-0.12
07:45:59,"[275.0, 11]","[274.0, 55]","[288.67, 45]","[348.26, 34]",281.83,145,13.67,-0.09
07:46:00,"[275.0, 7]","[274.0, 35]","[285.08, 36]","[288.4, 15]",280.04,93,10.08,-0.1
07:46:01,"[275.0, 7]","[274.0, 35]","[284.02, 41]","[287.67, 18]",279.51,101,9.02,-0.17
07:46:02,"[274.52, 21]","[273.54, 65]","[276.85, 59]","[281.38, 48]",275.69,193,2.32,-0.11
07:46:03,"[273.43, 70]","[272.31, 58]","[277.67, 60]","[283.0, 36]",275.55,224,4.24,0.14
07:46:04,"[273.0, 86]","[271.0, 40]","[278.0, 40]","[283.0, 24]",275.5,190,5.0,0.33
07:46:05,"[273.52, 42]","[272.83, 120]","[278.0, 65]","[283.0, 39]",275.76,266,4.48,0.22
07:46:06,"[274.71, 14]","[273.5, 40]","[278.0, 60]","[283.0, 36]",276.36,150,3.29,-0.28
07:46:07,"[275.22, 9]","[273.06, 63]","[278.0, 40]","[283.0, 24]",276.61,136,2.78,0.06
07:46:08,"[273.88, 16]","[272.87, 75]","[278.0, 40]","[283.0, 24]",275.94,155,4.12,0.17
07:46:09,"[273.0, 45]","[271.0, 25]","[278.0, 25]","[284.58, 19]",275.5,114,5.0,0.23
07:46:10,"[273.0, 18]","[271.0, 10]","[278.0, 10]","[286.0, 10]",275.5,48,5.0,0.17
07:46:11,"[273.0, 54]","[271.0, 30]","[278.0, 30]","[284.88, 24]",275.5,138,5.0,0.22
07:46:12,"[273.0, 81]","[271.0, 45]","[277.5, 40]","[279.62, 37]",275.25,203,4.5,0.24
07:46:13,"[273.0, 72]","[270.17, 24]","[277.0, 32]","[278.0, 40]",275.0,168,4.0,0.14
07:46:14,"[273.0, 108]","[270.73, 22]","[277.0, 48]","[279.0, 60]",275.0,238,4.0,0.09
07:46:15,"[273.0, 72]","[271.0, 16]","[277.0, 32]","[279.0, 40]",275.0,160,4.0,0.1
07:46:16,"[273.0, 72]","[271.0, 16]","[276.62, 32]","[280.12, 32]",274.81,152,3.62,0.16
07:46:17,"[273.39, 36]","[272.86, 63]","[276.36, 42]","[282.08, 38]",274.87,179,2.97,0.11
07:46:18,"[273.0, 96]","[271.0, 24]","[278.93, 29]","[280.96, 55]",275.97,204,5.93,0.18
07:46:19,"[273.0, 80]","[271.0, 20]","[278.0, 20]","[280.0, 60]",275.5,180,5.0,0.11
07:46:20,"[273.85, 33]","[270.59, 17]","[278.0, 18]","[280.0, 54]",275.92,122,4.15,-0.18
07:46:21,"[273.16, 50]","[269.73, 22]","[279.57, 42]","[282.04, 52]",276.37,166,6.41,-0.13
07:46:22,"[273.0, 54]","[271.0, 18]","[277.74, 19]","[281.06, 48]",275.37,139,4.74,0.04
07:46:23,"[278.0, 30]","[273.04, 50]","[280.5, 30]","[282.0, 30]",279.25,140,2.5,0.14
07:46:24,"[278.0, 39]","[274.0, 13]","[279.21, 28]","[280.77, 39]",278.61,119,1.21,-0.13
07:46:25,"[275.0, 12]","[273.02, 55]","[279.0, 20]","[282.0, 30]",277.0,117,4.0,0.15
07:46:26,"[274.0, 7]","[273.0, 42]","[278.86, 14]","[282.0, 21]",276.43,84,4.86,0.17
07:46:27,"[274.0, 7]","[273.0, 42]","[278.0, 14]","[282.0, 42]",276.0,105,4.0,-0.07
07:46:28,"[274.0, 10]","[273.0, 60]","[277.7, 20]","[282.0, 36]",275.85,126,3.7,0.11
07:46:29,"[274.0, 12]","[273.0, 72]","[277.0, 24]","[281.0, 36]",275.5,144,3.0,0.17
07:46:30,"[274.0, 7]","[273.0, 42]","[276.29, 14]","[281.43, 21]",275.14,84,2.29,0.17
07:46:31,"[273.31, 26]","[272.71, 56]","[275.0, 60]","[278.57, 28]",274.15,170,1.69,-0.04
07:46:32,"[272.33, 30]","[269.95, 19]","[274.53, 72]","[280.95, 38]",273.43,159,2.19,-0.38
07:46:33,"[268.6, 10]","[264.07, 86]","[271.25, 16]","[280.26, 34]",269.93,146,2.65,0.32
07:46:34,"[264.28, 74]","[263.42, 45]","[269.08, 26]","[273.55, 22]",266.68,167,4.79,0.43
07:46:35,"[264.63, 105]","[263.78, 138]","[267.19, 64]","[268.98, 41]",265.91,348,2.56,0.4
07:46:36,"[269.85, 93]","[262.62, 52]","[280.0, 33]","[282.0, 33]",274.92,211,10.15,0.37
07:46:37,"[277.9, 21]","[268.5, 12]","[280.0, 9]","[282.0, 9]",278.95,51,2.1,0.29
07:46:38,"[276.0, 12]","[266.31, 78]","[280.0, 36]","[282.0, 36]",278.0,162,4.0,0.11
07:46:39,"[276.0, 10]","[266.5, 20]","[280.0, 30]","[282.0, 30]",278.0,90,4.0,-0.33
07:46:40,"[276.0, 9]","[274.0, 9]","[280.0, 27]","[282.0, 27]",278.0,72,4.0,-0.5
07:46:41,"[276.86, 44]","[275.14, 14]","[280.5, 42]","[337.59, 46]",278.68,146,3.64,-0.21
07:46:42,"[277.0, 49]","[276.0, 17]","[280.69, 55]","[282.62, 88]",278.85,209,3.69,-0.37
07:46:43,"[272.5, 22]","[269.64, 33]","[278.76, 21]","[279.99, 81]",275.63,157,6.26,-0.3
07:46:44,"[269.33, 30]","[263.63, 38]","[277.96, 53]","[280.82, 33]",273.65,154,8.63,-0.12
07:46:45,"[278.72, 68]","[275.51, 45]","[280.67, 36]","[282.8, 45]",279.69,194,1.95,0.16
07:46:46,"[274.4, 50]","[266.11, 38]","[280.16, 38]","[281.6, 30]",277.28,156,5.76,0.13
07:46:47,"[275.0, 65]","[274.0, 17]","[277.68, 38]","[280.0, 44]",276.34,164,2.68,0.0
07:46:48,"[274.33, 9]","[266.0, 15]","[282.43, 21]","[287.89, 47]",278.38,92,8.1,-0.48
07:46:49,"[276.12, 17]","[265.67, 12]","[282.29, 28]","[284.0, 21]",279.2,78,6.17,-0.26
07:46:50,"[277.0, 54]","[274.0, 9]","[281.78, 36]","[284.78, 27]",279.39,126,4.78,0.0
07:46:51,"[277.0, 60]","[274.0, 10]","[280.7, 40]","[284.62, 64]",278.85,174,3.7,-0.2
07:46:52,"[277.0, 42]","[274.0, 7]","[280.0, 28]","[284.0, 34]",278.5,111,3.0,-0.12
07:46:53,"[277.0, 77]","[274.0, 13]","[279.62, 52]","[284.46, 52]",278.31,194,2.62,-0.07
07:46:54,"[277.0, 76]","[274.0, 20]","[280.65, 80]","[285.3, 80]",278.82,256,3.65,-0.25
07:46:55,"[277.0, 11]","[274.0, 11]","[285.95, 84]","[288.65, 34]",281.48,140,8.95,-0.69
07:46:56,"[277.0, 8]","[274.0, 8]","[285.55, 44]","[291.8, 25]",281.27,85,8.55,-0.62
07:46:57,"[277.0, 5]","[274.0, 5]","[285.0, 20]","[286.0, 20]",281.0,50,8.0,-0.6
07:46:58,"[277.0, 3]","[274.0, 3]","[285.0, 12]","[286.0, 12]",281.0,30,8.0,-0.6
07:46:59,"[275.71, 14]","[273.69, 26]","[285.0, 56]","[286.0, 56]",280.36,152,9.29,-0.47
07:47:00,"[273.46, 13]","[272.39, 46]","[284.0, 40]","[285.69, 52]",278.73,151,10.54,-0.22
07:47:01,"[273.0, 6]","[272.0, 24]","[285.0, 24]","[286.0, 24]",279.0,78,12.0,-0.23
07:47:02,"[272.11, 9]","[270.29, 28]","[285.0, 20]","[286.0, 20]",278.56,77,12.89,-0.04
07:47:03,"[272.0, 24]","[270.0, 72]","[279.28, 58]","[282.04, 52]",275.64,206,7.28,-0.07
07:47:04,"[272.0, 10]","[270.0, 30]","[276.0, 25]","[278.0, 15]",274.0,80,4.0,0.0
07:47:05,"[272.0, 16]","[270.0, 48]","[275.0, 40]","[278.38, 24]",273.5,128,3.0,0.0
07:47:06,"[272.0, 18]","[270.0, 54]","[273.78, 45]","[280.33, 27]",272.89,144,1.78,0.0
07:47:07,"[270.7, 37]","[269.65, 46]","[273.0, 55]","[281.0, 33]",271.85,171,2.3,-0.03
07:47:08,"[270.28, 81]","[266.01, 70]","[272.48, 62]","[280.2, 50]",271.38,263,2.2,0.15
07:47:09,"[270.12, 48]","[262.44, 75]","[273.78, 27]","[281.29, 31]",271.95,181,3.65,0.36
07:47:10,"[270.85, 39]","[267.13, 77]","[280.0, 33]","[284.0, 55]",275.42,204,9.15,0.14
07:47:11,"[272.7, 30]","[270.0, 60]","[280.0, 30]","[284.0, 50]",276.35,170,7.3,0.06
07:47:12,"[273.0, 30]","[270.0, 60]","[280.0, 30]","[284.0, 50]",276.5,170,7.0,0.06
07:47:13,"[273.0, 24]","[270.0, 48]","[280.0, 24]","[284.0, 40]",276.5,136,7.0,0.06
07:47:14,"[270.0, 54]","[264.0, 9]","[279.3, 20]","[281.98, 43]",274.65,126,9.3,0.0
07:47:15,"[270.0, 92]","[264.0, 17]","[277.76, 34]","[281.0, 85]",273.88,228,7.76,-0.04
07:47:16,"[270.35, 17]","[265.06, 17]","[274.7, 40]","[276.48, 65]",272.53,139,4.35,-0.51
07:47:17,"[272.0, 13]","[270.0, 13]","[273.44, 36]","[274.76, 42]",272.72,104,1.44,-0.5
07:47:18,"[272.0, 10]","[270.0, 9]","[273.0, 36]","[274.0, 18]",272.5,73,1.0,-0.48
07:47:19,"[262.62, 26]","[261.23, 26]","[268.6, 35]","[272.47, 32]",265.61,119,5.98,-0.13
07:47:20,"[262.0, 22]","[261.0, 22]","[266.78, 18]","[269.33, 15]",264.39,77,4.78,0.14
07:47:21,"[262.0, 20]","[261.0, 20]","[266.0, 10]","[267.0, 20]",264.0,70,4.0,0.14
07:47:22,"[262.0, 25]","[261.0, 28]","[264.64, 66]","[266.13, 15]",263.32,134,2.64,-0.21
07:47:23,"[262.1, 10]","[261.05, 19]","[264.0, 43]","[266.0, 10]",263.05,82,1.9,-0.29
07:47:24,"[260.0, 15]","[258.43, 21]","[264.0, 56]","[266.0, 12]",262.0,104,4.0,-0.31
07:47:25,"[259.4, 10]","[258.25, 16]","[264.0, 50]","[266.0, 10]",261.7,86,4.6,-0.4
07:47:26,"[261.23, 13]","[259.0, 13]","[264.0, 58]","[266.0, 13]",262.62,97,2.77,-0.46
07:47:27,"[263.33, 15]","[257.02, 127]","[271.0, 60]","[275.0, 30]",267.17,232,7.67,0.22
07:47:28,"[266.29, 42]","[265.0, 12]","[271.0, 48]","[275.0, 24]",268.64,126,4.71,-0.14
07:47:29,"[267.5, 30]","[265.0, 10]","[271.0, 40]","[275.0, 20]",269.25,100,3.5,-0.2
07:47:30,"[265.86, 21]","[259.71, 17]","[270.89, 53]","[274.68, 38]",268.37,129,5.03,-0.41
07:47:31,"[265.12, 17]","[259.0, 17]","[271.98, 58]","[273.19, 48]",268.55,140,6.87,-0.51
07:47:32,"[266.45, 11]","[259.0, 11]","[269.09, 33]","[270.27, 33]",267.77,88,2.64,-0.5
07:47:33,"[255.98, 98]","[254.08, 98]","[268.09, 46]","[270.98, 53]",262.03,295,12.11,0.33
07:47:34,"[260.0, 72]","[255.0, 110]","[266.0, 24]","[267.08, 36]",263.0,242,6.0,0.5
07:47:35,"[260.0, 30]","[255.0, 45]","[267.0, 8]","[270.16, 19]",263.5,102,7.0,0.47
07:47:36,"[260.0, 42]","[255.0, 63]","[268.36, 11]","[272.78, 27]",264.18,143,8.36,0.47
07:47:37,"[260.0, 42]","[254.89, 47]","[266.23, 26]","[267.35, 17]",263.12,132,6.23,0.35
07:47:38,"[260.0, 60]","[256.5, 56]","[266.0, 40]","[267.0, 30]",263.0,186,6.0,0.25
07:47:39,"[260.0, 30]","[255.0, 25]","[266.0, 20]","[267.0, 15]",263.0,90,6.0,0.22
07:47:40,"[260.0, 42]","[255.0, 35]","[266.0, 28]","[267.0, 21]",263.0,126,6.0,0.22
07:47:41,"[260.0, 36]","[255.0, 30]","[264.33, 18]","[266.43, 21]",262.17,105,4.33,0.26
07:47:42,"[260.0, 54]","[255.0, 45]","[261.0, 18]","[265.87, 30]",260.5,147,1.0,0.35
07:47:43,"[260.02, 61]","[255.54, 56]","[262.85, 13]","[265.83, 35]",261.43,165,2.83,0.42
07:47:44,"[261.93, 14]","[256.09, 67]","[264.89, 18]","[266.13, 46]",263.41,145,2.96,0.12
07:47:45,"[263.54, 26]","[260.07, 30]","[266.0, 64]","[267.0, 48]",264.77,168,2.46,-0.33
07:47:46,"[265.0, 14]","[255.0, 35]","[266.0, 13]","[267.0, 36]",265.5,98,1.0,0.0
07:47:47,"[265.0, 24]","[255.0, 60]","[266.0, 12]","[267.0, 96]",265.5,192,1.0,-0.12
07:47:48,"[255.38, 52]","[252.2, 25]","[266.28, 46]","[267.11, 94]",260.83,217,10.9,-0.29
07:47:49,"[256.15, 26]","[254.33, 61]","[266.11, 45]","[267.05, 64]",261.13,196,9.96,-0.11
07:47:50,"[263.25, 32]","[258.83, 48]","[266.0, 14]","[267.2, 30]",264.62,124,2.75,0.29
07:47:51,"[259.16, 19]","[253.65, 69]","[270.09, 11]","[282.73, 11]",264.62,110,10.93,0.6
07:47:52,"[253.08, 129]","[252.46, 52]","[266.83, 24]","[277.67, 9]",259.96,214,13.76,0.69
07:47:53,"[253.51, 73]","[252.93, 129]","[262.25, 16]","[264.95, 41]",257.88,259,8.74,0.56
07:47:54,"[255.71, 14]","[254.98, 46]","[263.62, 24]","[265.51, 37]",259.67,121,7.91,-0.01
07:47:55,"[257.87, 23]","[255.42, 19]","[264.0, 19]","[266.0, 63]",260.93,124,6.13,-0.32
07:47:56,"[258.59, 32]","[258.25, 16]","[264.0, 8]","[266.0, 72]",261.3,128,5.41,-0.25
07:47:57,"[262.08, 12]","[259.0, 60]","[264.0, 12]","[266.0, 108]",263.04,192,1.92,-0.25
07:47:58,"[259.1, 41]","[253.76, 21]","[261.84, 37]","[265.6, 40]",260.47,139,2.74,-0.11
07:47:59,"[255.0, 25]","[250.19, 42]","[263.64, 55]","[265.82, 55]",259.32,177,8.64,-0.24
07:48:00,"[254.0, 14]","[250.0, 28]","[266.0, 7]","[271.0, 7]",260.0,56,12.0,0.5
07:48:01,"[254.0, 12]","[250.0, 24]","[266.0, 6]","[270.0, 6]",260.0,48,12.0,0.5
07:48:02,"[254.0, 8]","[250.0, 16]","[266.0, 4]","[270.0, 4]",260.0,32,12.0,0.5
07:48:03,"[254.0, 16]","[250.0, 32]","[264.33, 24]","[268.0, 8]",259.17,80,10.33,0.2
07:48:04,"[260.25, 28]","[251.76, 29]","[264.0, 39]","[266.0, 13]",262.12,109,3.75,0.05
07:48:05,"[256.27, 22]","[248.89, 54]","[264.0, 24]","[266.0, 24]",260.14,124,7.73,0.23
07:48:06,"[252.19, 43]","[248.68, 117]","[264.0, 33]","[266.0, 33]",258.09,226,11.81,0.42
07:48:07,"[252.62, 26]","[250.02, 66]","[264.0, 24]","[266.0, 24]",258.31,140,11.38,0.31
07:48:08,"[258.73, 22]","[255.1, 40]","[265.83, 36]","[269.14, 14]",262.28,112,7.11,0.11
07:48:09,"[264.58, 19]","[258.4, 50]","[266.71, 17]","[270.5, 12]",265.64,98,2.13,0.41
07:48:10,"[256.6, 20]","[253.01, 83]","[270.0, 8]","[271.0, 16]",263.3,127,13.4,0.62
07:48:11,"[256.31, 13]","[253.0, 185]","[270.0, 13]","[271.0, 26]",263.15,237,13.69,0.67
07:48:12,"[257.07, 14]","[252.37, 98]","[353.41, 41]","[388.15, 33]",305.24,186,96.34,0.2
07:48:13,"[266.76, 21]","[265.29, 34]","[286.0, 11]","[440.0, 44]",276.38,110,19.24,0.0
07:48:14,"[277.23, 26]","[276.65, 34]","[361.69, 13]","[434.68, 31]",319.46,104,84.46,0.15
07:48:15,"[278.0, 12]","[277.0, 60]","[379.82, 17]","[383.5, 18]",328.91,107,101.82,0.35
07:48:16,"[278.0, 9]","[277.0, 45]","[328.71, 14]","[343.18, 11]",303.36,79,50.71,0.37
07:48:17,"[273.42, 24]","[271.11, 80]","[294.0, 15]","[295.0, 18]",283.71,137,20.58,0.52
07:48:18,"[273.27, 60]","[270.18, 66]","[292.29, 24]","[293.12, 25]",282.78,175,19.03,0.44
07:48:19,"[273.22, 60]","[270.44, 43]","[289.56, 18]","[290.71, 14]",281.39,135,16.34,0.53
07:48:20,"[271.0, 62]","[268.27, 55]","[288.0, 13]","[289.0, 26]",279.5,156,17.0,0.5
07:48:21,"[271.0, 55]","[270.0, 33]","[285.0, 12]","[286.53, 19]",278.0,119,14.0,0.48
07:48:22,"[271.0, 20]","[270.0, 12]","[282.6, 5]","[284.71, 7]",276.8,44,11.6,0.45
07:48:23,"[271.0, 34]","[270.0, 42]","[280.69, 16]","[282.0, 25]",275.84,117,9.69,0.3
07:48:24,"[270.04, 26]","[267.18, 51]","[277.24, 21]","[278.69, 13]",273.64,111,7.2,0.39
07:48:25,"[270.0, 14]","[267.0, 28]","[275.92, 13]","[277.5, 8]",272.96,63,5.92,0.33
07:48:26,"[269.29, 31]","[265.36, 50]","[273.62, 16]","[274.77, 13]",271.46,110,4.33,0.47
07:48:27,"[269.33, 75]","[268.67, 75]","[272.5, 20]","[274.0, 10]",270.92,180,3.17,0.67
07:48:28,"[270.48, 84]","[268.97, 151]","[272.46, 28]","[341.31, 13]",271.47,276,1.99,0.7
07:48:29,"[271.0, 88]","[270.0, 198]","[285.66, 35]","[383.41, 17]",278.33,338,14.66,0.69
07:48:30,"[270.68, 41]","[270.23, 103]","[367.5, 24]","[460.77, 13]",319.09,181,96.82,0.59
07:48:31,"[270.06, 157]","[268.72, 106]","[336.31, 13]","[498.0, 13]",303.18,289,66.25,0.82
07:48:32,"[270.0, 106]","[269.0, 77]","[276.0, 11]","[374.18, 17]",273.0,211,6.0,0.73
07:48:33,"[270.0, 54]","[268.86, 57]","[398.42, 33]","[607.33, 9]",334.21,153,128.42,0.45
07:48:34,"[270.0, 48]","[268.0, 32]","[603.14, 14]","[638.5, 8]",436.57,102,333.14,0.57
07:48:35,"[271.18, 34]","[269.3, 46]","[586.14, 21]","[629.8, 15]",428.66,116,314.97,0.38
07:48:36,"[274.0, 8]","[270.0, 30]","[496.31, 16]","[628.92, 13]",385.16,67,222.31,0.13
07:48:37,"[274.0, 6]","[270.75, 24]","[627.0, 18]","[670.33, 24]",450.5,72,353.0,-0.17
07:48:38,"[275.65, 118]","[273.54, 13]","[597.14, 28]","[641.46, 39]",436.4,198,321.49,0.32
07:48:39,"[276.92, 210]","[274.0, 12]","[362.07, 28]","[455.7, 20]",319.5,270,85.15,0.64
07:48:40,"[277.64, 150]","[276.4, 15]","[401.52, 33]","[505.62, 13]",339.58,211,123.88,0.56
07:48:41,"[278.0, 125]","[277.0, 16]","[418.9, 31]","[420.91, 11]",348.45,183,140.9,0.54
07:48:42,"[278.88, 251]","[277.0, 36]","[326.22, 63]","[417.35, 31]",302.55,381,47.34,0.51
07:48:43,"[279.0, 130]","[277.0, 24]","[386.6, 15]","[416.97, 34]",332.8,203,107.6,0.52
07:48:44,"[280.0, 54]","[277.0, 14]","[414.0, 7]","[417.0, 21]",347.0,96,134.0,0.42
07:48:45,"[280.0, 60]","[277.0, 20]","[412.79, 14]","[416.69, 26]",346.39,120,132.79,0.33
07:48:46,"[280.0, 36]","[277.0, 22]","[314.09, 35]","[361.47, 38]",297.04,131,34.09,-0.11
07:48:47,"[280.0, 30]","[277.0, 20]","[314.1, 30]","[334.71, 28]",297.05,108,34.1,-0.07
07:48:48,"[277.82, 22]","[276.14, 28]","[313.27, 26]","[364.97, 35]",295.54,111,35.45,-0.1
07:48:49,"[277.0, 25]","[276.0, 39]","[308.52, 21]","[310.74, 31]",292.76,116,31.52,0.1
07:48:50,"[278.77, 61]","[276.73, 11]","[306.64, 33]","[308.0, 11]",292.7,116,27.87,0.24
07:48:51,"[279.0, 72]","[277.0, 12]","[305.5, 24]","[306.5, 24]",292.25,132,26.5,0.27
07:48:52,"[279.0, 34]","[277.0, 6]","[302.62, 8]","[305.81, 16]",290.81,64,23.62,0.25
07:48:53,"[280.0, 20]","[277.0, 4]","[301.25, 12]","[303.0, 4]",290.62,40,21.25,0.2
07:48:54,"[278.07, 45]","[274.29, 21]","[299.19, 26]","[300.6, 30]",288.63,122,21.13,0.08
07:48:55,"[274.0, 24]","[273.0, 24]","[293.79, 28]","[297.2, 20]",283.89,96,19.79,0.0
07:48:56,"[274.0, 20]","[273.0, 24]","[290.29, 34]","[314.14, 35]",282.15,113,16.29,-0.22
07:48:57,"[274.0, 5]","[273.0, 10]","[289.0, 15]","[290.6, 15]",281.5,45,15.0,-0.33
07:48:58,"[274.0, 8]","[273.0, 16]","[287.0, 24]","[288.0, 24]",280.5,72,13.0,-0.33
07:48:59,"[273.0, 8]","[271.44, 36]","[286.0, 24]","[375.67, 18]",279.5,86,13.0,0.02
