Time,Bid1,Bid2,Ask1,Ask2,Mid-Price,Total_volume,Bid_ask_spread,Order_imbalance
07:30:00,"[0, 0]","[0, 0]","[0, 0]","[0, 0]",0.0,0,0.0,0.0
07:30:01,"[0, 0]","[0, 0]","[800.0, 3]","[0, 0]",400.0,3,800.0,-1.0
07:30:02,"[2.0, 6]","[1.8, 5]","[800.0, 9]","[0, 0]",401.0,20,798.0,0.1
07:30:03,"[3.0, 1]","[2.0, 4]","[311.0, 2]","[800.0, 3]",157.0,10,308.0,0.0
07:30:04,"[92.8, 20]","[48.94, 17]","[311.0, 14]","[662.29, 21]",201.9,72,218.2,0.03
07:30:05,"[105.0, 12]","[102.0, 3]","[311.0, 6]","[318.0, 9]",208.0,30,206.0,0.0
07:30:06,"[106.17, 24]","[102.0, 6]","[311.0, 12]","[318.0, 18]",208.58,60,204.83,0.0
07:30:07,"[171.0, 14]","[148.64, 14]","[311.0, 16]","[318.0, 24]",241.0,68,140.0,-0.18
07:30:08,"[262.57, 7]","[258.57, 7]","[311.0, 14]","[318.0, 21]",286.79,49,48.43,-0.43
07:30:09,"[263.59, 17]","[262.71, 14]","[314.63, 19]","[328.0, 18]",289.11,68,51.04,-0.09
07:30:10,"[266.8, 20]","[265.0, 5]","[314.0, 10]","[318.0, 15]",290.4,50,47.2,0.0
07:30:11,"[268.5, 40]","[265.0, 10]","[313.2, 20]","[315.09, 22]",290.85,92,44.7,0.09
07:30:12,"[275.67, 12]","[269.84, 19]","[313.0, 14]","[314.0, 14]",294.33,59,37.33,0.05
07:30:13,"[287.16, 19]","[286.6, 20]","[312.75, 8]","[314.0, 14]",299.95,61,25.59,0.28
07:30:14,"[288.0, 10]","[287.0, 28]","[313.88, 17]","[315.85, 26]",300.94,81,25.88,-0.06
07:30:15,"[291.16, 37]","[288.91, 57]","[312.33, 36]","[314.21, 75]",301.75,205,21.17,-0.08
07:30:16,"[295.07, 29]","[293.68, 19]","[312.0, 22]","[314.0, 55]",303.53,125,16.93,-0.23
07:30:17,"[299.55, 22]","[298.34, 50]","[312.0, 24]","[314.0, 60]",305.77,156,12.45,-0.08
07:30:18,"[304.24, 51]","[302.82, 44]","[312.0, 30]","[314.0, 75]",308.12,200,7.76,-0.05
07:30:19,"[310.09, 33]","[307.17, 30]","[312.77, 26]","[314.18, 44]",311.43,133,2.68,-0.05
07:30:20,"[313.0, 52]","[311.0, 65]","[314.0, 56]","[316.0, 26]",313.5,199,1.0,0.18
07:30:21,"[314.27, 77]","[311.84, 86]","[315.78, 37]","[317.79, 38]",315.03,238,1.51,0.37
07:30:22,"[315.12, 64]","[302.78, 23]","[318.0, 15]","[319.0, 60]",316.56,162,2.88,0.07
07:30:23,"[316.64, 44]","[296.29, 42]","[318.7, 23]","[323.0, 36]",317.67,145,2.06,0.19
07:30:24,"[318.36, 56]","[315.74, 65]","[331.32, 38]","[360.53, 43]",324.84,202,12.96,0.2
07:30:25,"[320.8, 60]","[319.69, 52]","[334.26, 31]","[335.6, 25]",327.53,168,13.46,0.33
07:30:26,"[322.07, 56]","[320.76, 63]","[332.53, 34]","[333.78, 18]",327.3,171,10.46,0.39
07:30:27,"[324.06, 54]","[321.0, 72]","[329.39, 36]","[332.0, 36]",326.72,198,5.33,0.27
07:30:28,"[326.18, 40]","[324.55, 55]","[328.13, 30]","[329.4, 30]",327.15,155,1.96,0.23
07:30:29,"[326.0, 47]","[324.0, 60]","[327.8, 25]","[331.0, 20]",326.9,152,1.8,0.41
07:30:30,"[326.0, 84]","[323.88, 69]","[327.0, 18]","[329.67, 36]",326.5,207,1.0,0.48
07:30:31,"[322.09, 23]","[312.14, 140]","[324.25, 32]","[339.93, 28]",323.17,223,2.16,0.46
07:30:32,"[312.77, 52]","[311.99, 196]","[317.0, 35]","[327.61, 31]",314.88,314,4.23,0.58
07:30:33,"[312.5, 66]","[311.51, 82]","[317.15, 26]","[322.88, 32]",314.83,206,4.65,0.44
07:30:34,"[312.0, 132]","[307.45, 11]","[320.24, 34]","[322.62, 37]",316.12,214,8.24,0.34
07:30:35,"[312.0, 132]","[306.0, 11]","[319.26, 46]","[321.79, 19]",315.63,208,7.26,0.38
07:30:36,"[309.67, 108]","[306.0, 9]","[321.0, 18]","[328.0, 18]",315.33,153,11.33,0.53
07:30:37,"[309.0, 120]","[306.0, 10]","[321.0, 20]","[334.0, 20]",315.0,170,12.0,0.53
07:30:38,"[309.0, 64]","[306.0, 5]","[321.0, 10]","[334.0, 10]",315.0,89,12.0,0.55
07:30:39,"[309.0, 126]","[306.0, 9]","[328.57, 21]","[334.83, 24]",318.79,180,19.57,0.5
07:30:40,"[311.45, 94]","[310.28, 64]","[339.0, 28]","[357.42, 26]",325.22,212,27.55,0.49
07:30:41,"[323.75, 32]","[322.0, 16]","[338.1, 58]","[341.56, 41]",330.93,147,14.35,-0.35
07:30:42,"[325.53, 38]","[323.58, 19]","[335.44, 61]","[338.71, 42]",330.48,160,9.92,-0.29
07:30:43,"[326.29, 34]","[325.77, 52]","[331.18, 44]","[333.09, 33]",328.74,163,4.89,0.06
07:30:44,"[326.77, 44]","[325.98, 231]","[328.8, 70]","[334.33, 54]",327.79,399,2.03,0.38
07:30:45,"[326.0, 117]","[322.0, 12]","[328.0, 24]","[336.0, 36]",327.0,189,2.0,0.37
07:30:46,"[326.0, 72]","[322.0, 9]","[328.0, 18]","[336.44, 27]",327.0,126,2.0,0.29
07:30:47,"[326.0, 80]","[322.0, 10]","[328.0, 20]","[338.0, 30]",327.0,140,2.0,0.29
07:30:48,"[326.0, 70]","[322.0, 11]","[335.9, 31]","[341.0, 24]",330.95,136,9.9,0.19
07:30:49,"[326.0, 44]","[322.0, 10]","[337.0, 30]","[341.0, 20]",331.5,104,11.0,0.04
07:30:50,"[326.0, 24]","[323.82, 11]","[337.0, 18]","[341.0, 12]",331.5,65,11.0,0.08
07:30:51,"[326.0, 40]","[324.0, 20]","[337.0, 30]","[341.0, 20]",331.5,110,11.0,0.09
07:30:52,"[326.0, 39]","[324.0, 26]","[336.54, 39]","[338.75, 32]",331.27,136,10.54,-0.04
07:30:53,"[326.0, 27]","[324.0, 22]","[336.0, 33]","[337.0, 33]",331.0,115,10.0,-0.15
07:30:54,"[326.0, 20]","[324.0, 40]","[334.17, 64]","[336.9, 60]",330.09,184,8.17,-0.35
07:30:55,"[326.0, 13]","[324.92, 98]","[330.55, 47]","[331.23, 61]",328.28,219,4.55,0.01
07:30:56,"[326.0, 8]","[325.0, 80]","[328.0, 24]","[330.0, 40]",327.0,152,2.0,0.16
07:30:57,"[325.03, 113]","[324.58, 52]","[328.36, 55]","[330.35, 52]",326.7,272,3.34,0.21
07:30:58,"[325.0, 108]","[324.0, 22]","[327.43, 49]","[327.97, 34]",326.21,213,2.43,0.22
07:30:59,"[324.98, 94]","[323.47, 38]","[326.0, 30]","[327.18, 55]",325.49,217,1.02,0.22
07:31:00,"[323.48, 27]","[321.98, 102]","[326.0, 13]","[338.93, 29]",324.74,171,2.52,0.51
07:31:01,"[322.0, 89]","[321.0, 26]","[325.35, 23]","[339.22, 54]",323.67,192,3.35,0.2
07:31:02,"[322.0, 46]","[321.0, 16]","[323.0, 8]","[334.29, 14]",322.5,84,1.0,0.48
07:31:03,"[322.0, 35]","[321.0, 14]","[323.0, 7]","[329.12, 33]",322.5,89,1.0,0.1
07:31:04,"[322.0, 24]","[321.0, 10]","[332.5, 8]","[342.22, 18]",327.25,60,10.5,0.13
07:31:05,"[322.0, 24]","[321.0, 12]","[342.0, 24]","[344.0, 12]",332.0,72,20.0,0.0
07:31:06,"[322.0, 48]","[319.91, 22]","[342.0, 36]","[344.0, 18]",332.0,124,20.0,0.13
07:31:07,"[322.0, 80]","[315.0, 30]","[338.86, 43]","[342.93, 30]",330.43,183,16.86,0.2
07:31:08,"[322.0, 64]","[316.43, 14]","[336.03, 39]","[354.82, 39]",329.01,156,14.03,0.0
07:31:09,"[322.85, 40]","[322.15, 39]","[338.89, 71]","[425.5, 60]",330.87,210,16.04,-0.25
07:31:10,"[326.81, 26]","[323.72, 32]","[337.35, 51]","[341.2, 30]",332.08,139,10.55,-0.17
07:31:11,"[328.73, 37]","[327.5, 18]","[340.0, 48]","[342.0, 24]",334.36,127,11.27,-0.13
07:31:12,"[329.0, 33]","[328.0, 11]","[340.0, 44]","[342.0, 22]",334.5,110,11.0,-0.2
07:31:13,"[329.0, 30]","[328.0, 10]","[340.0, 40]","[342.0, 20]",334.5,100,11.0,-0.2
07:31:14,"[329.0, 36]","[328.0, 12]","[339.53, 38]","[340.67, 36]",334.26,122,10.53,-0.21
07:31:15,"[329.0, 33]","[328.0, 11]","[338.97, 62]","[341.5, 24]",333.98,130,9.97,-0.32
07:31:16,"[329.0, 51]","[328.0, 17]","[338.0, 34]","[339.0, 68]",333.5,170,9.0,-0.2
07:31:17,"[328.94, 33]","[327.86, 14]","[338.0, 28]","[339.0, 56]",333.47,131,9.06,-0.28
07:31:18,"[325.73, 15]","[324.15, 41]","[337.69, 32]","[338.92, 48]",331.71,136,11.95,-0.18
07:31:19,"[324.0, 23]","[322.0, 52]","[334.96, 53]","[336.23, 44]",329.48,172,10.96,-0.13
07:31:20,"[322.95, 19]","[320.52, 71]","[333.09, 55]","[334.29, 58]",328.02,203,10.14,-0.11
07:31:21,"[322.0, 24]","[319.0, 84]","[329.61, 54]","[331.73, 30]",325.81,192,7.61,0.12
07:31:22,"[322.0, 18]","[319.0, 70]","[324.83, 18]","[325.77, 31]",323.42,137,2.83,0.28
07:31:23,"[319.25, 59]","[318.37, 95]","[321.9, 40]","[325.98, 43]",320.58,237,2.65,0.3
07:31:24,"[319.0, 16]","[318.0, 40]","[330.25, 8]","[338.5, 20]",324.62,84,11.25,0.33
07:31:25,"[321.0, 70]","[319.2, 20]","[333.0, 10]","[338.0, 30]",327.0,130,12.0,0.38
07:31:26,"[321.39, 23]","[320.94, 71]","[333.0, 11]","[338.0, 33]",327.2,138,11.61,0.36
07:31:27,"[322.0, 23]","[321.0, 81]","[333.0, 8]","[338.0, 24]",327.5,136,11.0,0.53
07:31:28,"[322.05, 38]","[321.29, 34]","[333.0, 8]","[364.38, 16]",327.53,96,10.95,0.5
07:31:29,"[323.95, 42]","[322.0, 60]","[333.0, 12]","[356.5, 24]",328.48,138,9.05,0.48
07:31:30,"[324.0, 91]","[322.0, 65]","[333.0, 13]","[356.11, 27]",328.5,196,9.0,0.59
07:31:31,"[324.22, 36]","[323.41, 68]","[333.86, 14]","[399.8, 35]",329.04,153,9.63,0.36
07:31:32,"[324.3, 37]","[323.25, 67]","[337.0, 36]","[508.33, 27]",330.65,167,12.7,0.25
07:31:33,"[324.0, 48]","[322.0, 70]","[334.64, 42]","[356.18, 34]",329.32,194,10.64,0.22
07:31:34,"[325.35, 31]","[322.72, 39]","[337.45, 33]","[346.72, 32]",331.4,135,12.1,0.04
07:31:35,"[323.02, 122]","[321.85, 65]","[332.19, 32]","[336.36, 33]",327.6,252,9.17,0.48
07:31:36,"[323.69, 320]","[322.0, 80]","[335.56, 55]","[371.27, 44]",329.63,499,11.88,0.6
07:31:37,"[326.0, 164]","[322.0, 45]","[335.0, 36]","[336.0, 36]",330.5,281,9.0,0.49
07:31:38,"[326.0, 270]","[322.0, 75]","[335.0, 60]","[336.0, 60]",330.5,465,9.0,0.48
07:31:39,"[326.0, 144]","[322.0, 40]","[334.89, 38]","[336.0, 32]",330.45,254,8.89,0.45
07:31:40,"[326.0, 261]","[322.0, 85]","[333.0, 68]","[334.79, 66]",329.5,480,7.0,0.44
07:31:41,"[325.03, 101]","[320.49, 65]","[331.65, 40]","[333.0, 64]",328.34,270,6.62,0.23
07:31:42,"[326.04, 49]","[325.38, 64]","[330.68, 38]","[332.4, 80]",328.36,231,4.64,-0.02
07:31:43,"[328.61, 33]","[326.12, 80]","[331.61, 72]","[334.9, 59]",330.11,244,3.01,-0.07
07:31:44,"[328.0, 12]","[326.0, 108]","[331.0, 48]","[337.0, 36]",329.5,204,3.0,0.18
07:31:45,"[328.0, 10]","[326.0, 90]","[329.55, 44]","[333.26, 34]",328.77,178,1.55,0.12
07:31:46,"[326.19, 62]","[325.44, 124]","[328.81, 62]","[329.73, 55]",327.5,303,2.61,0.23
07:31:47,"[325.71, 102]","[324.92, 113]","[327.07, 56]","[329.78, 60]",326.39,331,1.37,0.3
07:31:48,"[325.0, 68]","[322.0, 12]","[335.1, 31]","[339.4, 20]",330.05,131,10.1,0.22
07:31:49,"[325.0, 40]","[322.0, 10]","[336.0, 10]","[338.0, 30]",330.5,90,11.0,0.11
07:31:50,"[325.0, 36]","[322.53, 15]","[335.17, 12]","[338.0, 36]",330.08,99,10.17,0.03
07:31:51,"[325.0, 12]","[324.0, 24]","[335.0, 6]","[338.0, 18]",330.0,60,10.0,0.2
07:31:52,"[324.0, 11]","[322.0, 11]","[333.64, 11]","[338.55, 33]",328.82,66,9.64,-0.33
07:31:53,"[324.0, 13]","[322.0, 13]","[329.61, 36]","[334.17, 42]",326.81,104,5.61,-0.5
07:31:54,"[324.91, 55]","[323.33, 15]","[327.85, 67]","[329.5, 44]",326.38,181,2.94,-0.23
07:31:55,"[322.06, 36]","[319.17, 24]","[325.06, 90]","[338.44, 50]",323.56,200,3.0,-0.4
07:31:56,"[321.0, 48]","[316.0, 24]","[323.92, 60]","[340.0, 36]",322.46,168,2.92,-0.14
07:31:57,"[321.0, 44]","[316.0, 22]","[322.49, 35]","[340.0, 33]",321.74,134,1.49,-0.01
07:31:58,"[321.0, 13]","[316.0, 20]","[338.38, 34]","[341.71, 14]",329.69,81,17.38,-0.19
07:31:59,"[321.0, 10]","[316.0, 20]","[339.0, 10]","[350.9, 29]",330.0,69,18.0,-0.13
07:32:00,"[316.16, 31]","[313.19, 32]","[330.87, 30]","[381.69, 35]",323.51,128,14.71,-0.02
07:32:01,"[321.33, 42]","[308.1, 49]","[333.88, 43]","[340.27, 30]",327.61,164,12.55,0.11
07:32:02,"[326.0, 35]","[309.0, 8]","[335.0, 8]","[336.0, 24]",330.5,75,9.0,0.15
07:32:03,"[326.0, 24]","[312.5, 8]","[335.0, 6]","[336.0, 18]",330.5,56,9.0,0.14
07:32:04,"[326.0, 26]","[313.4, 10]","[335.69, 26]","[379.68, 28]",330.85,90,9.69,-0.2
07:32:05,"[326.0, 22]","[314.0, 11]","[335.0, 22]","[336.0, 33]",330.5,88,9.0,-0.25
07:32:06,"[326.0, 20]","[314.0, 10]","[333.71, 34]","[335.39, 23]",329.85,87,7.71,-0.31
07:32:07,"[326.0, 28]","[314.0, 14]","[332.57, 56]","[335.21, 28]",329.29,126,6.57,-0.33
07:32:08,"[326.0, 27]","[314.0, 13]","[330.44, 57]","[333.22, 36]",328.22,133,4.44,-0.4
07:32:09,"[326.0, 45]","[314.0, 15]","[328.24, 63]","[329.33, 72]",327.12,195,2.24,-0.38
07:32:10,"[315.71, 14]","[311.23, 13]","[326.79, 58]","[328.59, 59]",321.25,144,11.08,-0.62
07:32:11,"[314.0, 9]","[311.0, 9]","[324.22, 45]","[328.0, 36]",319.11,99,10.22,-0.64
07:32:12,"[314.3, 20]","[311.31, 16]","[320.96, 56]","[322.16, 49]",317.63,141,6.66,-0.49
07:32:13,"[315.81, 48]","[312.0, 16]","[317.97, 39]","[321.71, 42]",316.89,145,2.16,-0.12
07:32:14,"[311.17, 54]","[308.24, 46]","[328.14, 59]","[349.37, 38]",319.65,197,16.97,0.02
07:32:15,"[310.0, 41]","[306.6, 20]","[326.81, 42]","[329.29, 31]",318.4,134,16.81,-0.09
07:32:16,"[310.25, 8]","[305.18, 60]","[312.65, 17]","[318.62, 32]",311.45,117,2.4,0.16
07:32:17,"[311.0, 14]","[305.47, 74]","[314.6, 40]","[327.25, 64]",312.8,192,3.6,-0.08
07:32:18,"[305.0, 14]","[304.0, 72]","[321.0, 13]","[326.0, 36]",313.0,135,16.0,0.27
07:32:19,"[305.0, 11]","[304.0, 88]","[321.0, 11]","[326.0, 44]",313.0,154,16.0,0.29
07:32:20,"[305.0, 10]","[304.0, 80]","[312.65, 20]","[324.92, 25]",308.82,135,7.65,0.33
07:32:21,"[305.0, 5]","[304.0, 40]","[319.0, 5]","[326.0, 22]",312.0,72,14.0,0.25
07:32:22,"[305.87, 31]","[304.09, 35]","[323.44, 39]","[334.0, 22]",314.65,127,17.56,0.04
07:32:23,"[308.49, 110]","[306.6, 30]","[313.74, 68]","[326.71, 68]",311.11,276,5.24,0.01
07:32:24,"[309.0, 90]","[304.12, 59]","[318.0, 13]","[325.65, 17]",313.5,179,9.0,0.66
07:32:25,"[309.0, 45]","[303.0, 5]","[311.0, 10]","[324.0, 5]",310.0,65,2.0,0.54
07:32:26,"[309.0, 90]","[303.0, 10]","[311.0, 20]","[324.0, 10]",310.0,130,2.0,0.54
07:32:27,"[309.11, 81]","[307.63, 35]","[318.22, 27]","[324.56, 18]",313.67,161,9.11,0.44
07:32:28,"[311.18, 99]","[303.46, 13]","[324.0, 33]","[325.0, 22]",317.59,167,12.82,0.34
07:32:29,"[313.32, 102]","[311.61, 44]","[323.23, 52]","[324.27, 30]",318.28,228,9.91,0.28
07:32:30,"[315.98, 120]","[314.32, 40]","[323.0, 74]","[324.53, 47]",319.49,281,7.02,0.14
07:32:31,"[317.82, 45]","[316.25, 85]","[322.18, 56]","[323.75, 53]",320.0,239,4.36,0.09
07:32:32,"[319.9, 90]","[317.98, 46]","[321.05, 38]","[322.1, 20]",320.48,194,1.15,0.4
07:32:33,"[320.17, 54]","[317.97, 96]","[322.0, 38]","[323.0, 28]",321.08,216,1.83,0.39
07:32:34,"[320.0, 96]","[307.0, 33]","[322.0, 33]","[324.27, 22]",321.0,184,2.0,0.4
07:32:35,"[320.0, 83]","[307.0, 36]","[321.39, 54]","[324.0, 33]",320.69,206,1.39,0.16
07:32:36,"[320.0, 12]","[307.0, 18]","[324.0, 18]","[325.0, 12]",322.0,60,4.0,0.0
07:32:37,"[320.0, 18]","[307.0, 27]","[324.0, 27]","[325.0, 18]",322.0,90,4.0,0.0
07:32:38,"[320.6, 10]","[315.67, 18]","[324.0, 24]","[325.0, 16]",322.3,68,3.4,-0.18
07:32:39,"[321.75, 12]","[320.83, 59]","[324.0, 36]","[325.0, 24]",322.88,131,2.25,0.08
07:32:40,"[322.45, 11]","[321.0, 77]","[324.0, 33]","[325.0, 22]",323.23,143,1.55,0.23
07:32:41,"[321.0, 98]","[320.0, 28]","[332.67, 54]","[445.45, 31]",326.83,211,11.67,0.19
07:32:42,"[321.33, 73]","[320.6, 35]","[333.0, 40]","[500.0, 50]",327.16,198,11.67,0.09
07:32:43,"[322.68, 72]","[321.26, 69]","[333.0, 52]","[491.1, 41]",327.84,234,10.32,0.21
07:32:44,"[322.27, 71]","[321.43, 21]","[331.13, 30]","[336.07, 46]",326.7,168,8.87,0.1
07:32:45,"[321.0, 105]","[320.0, 30]","[326.11, 19]","[330.68, 38]",323.55,192,5.11,0.41
07:32:46,"[321.0, 71]","[317.18, 34]","[323.2, 20]","[327.0, 19]",322.1,144,2.2,0.46
07:32:47,"[321.0, 35]","[320.0, 14]","[323.0, 21]","[324.0, 7]",322.0,77,2.0,0.27
07:32:48,"[320.78, 37]","[318.0, 32]","[322.75, 40]","[323.62, 16]",321.77,125,1.97,0.1
07:32:49,"[321.0, 36]","[320.0, 26]","[322.0, 39]","[324.0, 13]",321.5,114,1.0,0.09
07:32:50,"[321.0, 20]","[320.0, 20]","[322.0, 30]","[326.86, 14]",321.5,84,1.0,-0.05
07:32:51,"[320.67, 18]","[317.78, 27]","[329.0, 18]","[330.0, 36]",324.83,99,8.33,-0.09
07:32:52,"[320.69, 26]","[317.89, 38]","[328.05, 38]","[329.22, 18]",324.37,120,7.36,0.07
07:32:53,"[321.33, 30]","[320.0, 30]","[326.53, 45]","[330.0, 57]",323.93,162,5.2,-0.26
07:32:54,"[322.0, 26]","[320.0, 26]","[324.46, 39]","[331.39, 23]",323.23,114,2.46,-0.09
07:32:55,"[317.46, 13]","[312.35, 37]","[324.0, 36]","[333.0, 24]",320.73,110,6.54,-0.09
07:32:56,"[313.0, 12]","[308.0, 12]","[323.5, 36]","[333.0, 24]",318.25,84,10.5,-0.43
07:32:57,"[313.0, 16]","[308.0, 16]","[320.12, 48]","[330.3, 20]",316.56,100,7.12,-0.36
07:32:58,"[313.0, 9]","[308.0, 9]","[324.38, 13]","[332.86, 14]",318.69,45,11.38,-0.2
07:32:59,"[308.92, 24]","[306.4, 43]","[327.08, 25]","[330.14, 14]",318.0,106,18.16,0.26
07:33:00,"[308.0, 55]","[307.0, 22]","[313.67, 12]","[327.14, 21]",310.83,110,5.67,0.4
07:33:01,"[317.04, 54]","[313.62, 99]","[327.0, 30]","[329.47, 15]",322.02,198,9.96,0.55
07:33:02,"[324.0, 22]","[315.0, 88]","[327.0, 22]","[329.0, 11]",325.5,143,3.0,0.54
07:33:03,"[323.75, 24]","[312.67, 96]","[326.67, 24]","[328.54, 24]",325.21,168,2.92,0.43
07:33:04,"[323.0, 22]","[311.0, 132]","[325.0, 22]","[328.0, 44]",324.0,220,2.0,0.4
07:33:05,"[311.26, 149]","[310.53, 94]","[324.04, 47]","[326.14, 42]",317.65,332,12.78,0.46
07:33:06,"[313.65, 43]","[311.26, 114]","[321.12, 51]","[325.0, 34]",317.38,242,7.47,0.3
07:33:07,"[313.0, 65]","[312.0, 39]","[317.46, 39]","[320.54, 37]",315.23,180,4.46,0.16
07:33:08,"[313.0, 65]","[312.0, 39]","[316.08, 39]","[317.46, 39]",314.54,182,3.08,0.14
07:33:09,"[313.07, 46]","[309.61, 38]","[316.33, 36]","[322.09, 44]",314.7,164,3.27,0.02
07:33:10,"[312.33, 9]","[307.33, 27]","[317.0, 27]","[324.0, 36]",314.67,99,4.67,-0.27
07:33:11,"[312.0, 11]","[306.0, 33]","[318.52, 23]","[324.52, 29]",315.26,96,6.52,-0.08
07:33:12,"[312.0, 6]","[306.0, 18]","[326.5, 6]","[327.91, 11]",319.25,41,14.5,0.17
07:33:13,"[312.08, 13]","[306.16, 37]","[325.12, 16]","[328.93, 27]",318.6,93,13.05,0.08
07:33:14,"[316.0, 26]","[309.75, 16]","[327.0, 14]","[330.57, 56]",321.5,112,11.0,-0.25
07:33:15,"[326.0, 27]","[313.0, 12]","[330.79, 19]","[349.8, 30]",328.39,88,4.79,-0.11
07:33:16,"[326.0, 39]","[313.0, 13]","[328.63, 38]","[331.1, 40]",327.32,130,2.63,-0.2
07:33:17,"[326.0, 30]","[324.22, 58]","[327.33, 24]","[328.11, 36]",326.67,148,1.33,0.19
07:33:18,"[326.0, 13]","[325.0, 99]","[328.14, 42]","[339.0, 44]",327.07,198,2.14,0.13
07:33:19,"[325.14, 29]","[323.9, 41]","[329.0, 36]","[341.0, 36]",327.07,142,3.86,-0.01
07:33:20,"[325.61, 64]","[324.57, 35]","[328.71, 34]","[335.55, 44]",327.16,177,3.1,0.12
07:33:21,"[325.23, 26]","[324.65, 34]","[328.25, 24]","[331.4, 40]",326.74,124,3.02,-0.03
07:33:22,"[325.0, 30]","[322.0, 6]","[327.29, 7]","[328.29, 14]",326.14,57,2.29,0.26
07:33:23,"[325.0, 62]","[322.0, 13]","[330.45, 22]","[335.3, 46]",327.73,143,5.45,0.05
07:33:24,"[325.0, 48]","[322.0, 12]","[332.17, 48]","[334.0, 48]",328.58,156,7.17,-0.23
07:33:25,"[325.0, 36]","[322.0, 9]","[331.0, 36]","[334.0, 36]",328.0,117,6.0,-0.23
07:33:26,"[325.0, 40]","[322.0, 10]","[331.0, 40]","[334.0, 40]",328.0,130,6.0,-0.23
07:33:27,"[322.92, 13]","[318.15, 27]","[327.49, 37]","[332.57, 28]",325.2,105,4.56,-0.24
07:33:28,"[318.2, 20]","[306.92, 39]","[323.87, 23]","[328.5, 40]",321.03,122,5.67,-0.03
07:33:29,"[318.0, 37]","[306.0, 56]","[322.11, 38]","[326.63, 98]",320.05,229,4.11,-0.19
07:33:30,"[318.0, 70]","[308.5, 48]","[324.11, 38]","[325.56, 43]",321.05,199,6.11,0.19
07:33:31,"[323.57, 106]","[317.07, 56]","[327.37, 19]","[329.46, 26]",325.47,207,3.8,0.57
07:33:32,"[325.83, 36]","[324.87, 92]","[327.0, 16]","[328.0, 16]",326.42,160,1.17,0.6
07:33:33,"[326.0, 36]","[325.0, 72]","[327.0, 12]","[328.0, 12]",326.5,132,1.0,0.64
07:33:34,"[326.0, 144]","[325.0, 66]","[329.58, 31]","[331.33, 36]",327.79,277,3.58,0.52
07:33:35,"[328.42, 12]","[326.1, 96]","[330.0, 60]","[335.0, 24]",329.21,192,1.58,0.12
07:33:36,"[328.83, 12]","[326.59, 34]","[330.0, 60]","[335.0, 24]",329.42,130,1.17,-0.29
07:33:37,"[328.0, 11]","[326.0, 160]","[329.65, 23]","[330.65, 46]",328.83,240,1.65,0.42
07:33:38,"[328.0, 12]","[326.0, 192]","[329.0, 12]","[330.0, 32]",328.5,248,1.0,0.65
07:33:39,"[326.17, 94]","[325.78, 164]","[330.29, 14]","[333.7, 20]",328.23,292,4.12,0.77
07:33:40,"[326.0, 98]","[325.0, 84]","[332.0, 14]","[335.0, 28]",329.0,224,6.0,0.62
07:33:41,"[326.0, 69]","[325.0, 72]","[332.0, 12]","[335.0, 24]",329.0,177,6.0,0.59
07:33:42,"[326.95, 21]","[325.62, 16]","[332.0, 11]","[335.85, 13]",329.48,61,5.05,0.21
07:33:43,"[327.0, 20]","[326.0, 10]","[331.18, 22]","[334.1, 10]",329.09,62,4.18,-0.03
07:33:44,"[328.6, 30]","[326.84, 19]","[331.0, 33]","[333.0, 11]",329.8,93,2.4,0.05
07:33:45,"[329.0, 36]","[327.0, 24]","[331.0, 36]","[333.0, 12]",330.0,108,2.0,0.11
07:33:46,"[327.6, 10]","[326.22, 9]","[331.0, 24]","[334.88, 8]",329.3,51,3.4,-0.25
07:33:47,"[327.0, 11]","[326.0, 11]","[331.0, 33]","[335.64, 11]",329.0,66,4.0,-0.33
07:33:48,"[325.43, 21]","[324.47, 17]","[331.0, 30]","[334.0, 10]",328.21,78,5.57,-0.03
07:33:49,"[325.74, 92]","[323.58, 38]","[330.36, 42]","[334.0, 14]",328.05,186,4.62,0.4
07:33:50,"[326.67, 73]","[325.72, 65]","[329.59, 32]","[332.75, 12]",328.13,182,2.92,0.52
07:33:51,"[327.0, 29]","[326.0, 96]","[328.55, 38]","[334.05, 21]",327.78,184,1.55,0.36
07:33:52,"[326.0, 80]","[324.0, 30]","[335.1, 10]","[337.8, 10]",330.55,130,9.1,0.69
07:33:53,"[326.42, 62]","[325.51, 74]","[335.23, 13]","[337.31, 13]",330.83,162,8.81,0.68
07:33:54,"[328.54, 26]","[326.0, 104]","[335.0, 13]","[338.0, 13]",331.77,156,6.46,0.67
07:33:55,"[329.62, 32]","[326.0, 128]","[335.0, 16]","[338.0, 16]",332.31,192,5.38,0.67
07:33:56,"[330.0, 28]","[326.0, 112]","[333.14, 29]","[333.79, 24]",331.57,193,3.14,0.45
07:33:57,"[330.0, 13]","[326.0, 88]","[331.96, 47]","[332.64, 28]",330.98,176,1.96,0.15
07:33:58,"[326.55, 29]","[325.76, 42]","[332.0, 45]","[333.0, 18]",329.28,134,5.45,0.06
07:33:59,"[326.0, 55]","[325.0, 22]","[330.12, 43]","[330.65, 34]",328.06,154,4.12,0.0
07:34:00,"[326.0, 48]","[325.0, 32]","[329.0, 80]","[340.0, 55]",327.5,215,3.0,-0.26
07:34:01,"[326.0, 27]","[325.0, 26]","[328.38, 65]","[338.75, 16]",327.19,134,2.38,-0.21
07:34:02,"[326.0, 28]","[325.0, 28]","[327.71, 70]","[338.0, 14]",326.86,140,1.71,-0.2
07:34:03,"[326.0, 22]","[325.0, 22]","[327.0, 55]","[338.0, 11]",326.5,110,1.0,-0.2
07:34:04,"[324.6, 40]","[323.42, 31]","[332.44, 90]","[339.67, 60]",328.52,221,7.84,-0.36
07:34:05,"[323.82, 44]","[322.9, 40]","[336.08, 72]","[337.38, 104]",329.95,260,12.27,-0.35
07:34:06,"[324.38, 32]","[323.0, 32]","[330.56, 41]","[334.03, 33]",327.47,138,6.19,-0.07
07:34:07,"[324.45, 29]","[322.87, 30]","[327.32, 41]","[331.57, 47]",325.88,147,2.87,-0.2
07:34:08,"[323.0, 16]","[322.0, 8]","[325.38, 16]","[336.0, 32]",324.19,72,2.38,-0.33
07:34:09,"[322.0, 14]","[319.0, 14]","[323.14, 28]","[336.0, 106]",322.57,162,1.14,-0.65
07:34:10,"[315.0, 15]","[312.0, 90]","[320.32, 19]","[327.38, 42]",317.66,166,5.32,0.27
07:34:11,"[315.0, 10]","[312.0, 60]","[316.24, 17]","[317.92, 13]",315.62,100,1.24,0.4
07:34:12,"[312.6, 75]","[305.77, 80]","[325.29, 49]","[320.71, 45]",318.94,249,12.69,0.24
07:34:13,"[313.0, 30]","[310.0, 36]","[329.0, 30]","[330.0, 6]",321.0,102,16.0,0.29
07:34:14,"[313.0, 40]","[310.0, 48]","[327.88, 17]","[333.48, 23]",320.44,128,14.88,0.38
07:34:15,"[314.0, 60]","[307.75, 72]","[327.0, 48]","[330.92, 12]",320.5,192,13.0,0.38
07:34:16,"[314.24, 42]","[306.55, 58]","[327.0, 40]","[331.0, 19]",320.62,159,12.76,0.26
07:34:17,"[314.23, 39]","[307.45, 40]","[327.0, 56]","[331.0, 28]",320.62,163,12.77,-0.03
07:34:18,"[315.68, 50]","[313.34, 29]","[327.0, 52]","[331.0, 26]",321.34,157,11.32,0.01
07:34:19,"[317.65, 37]","[316.86, 42]","[325.36, 66]","[327.0, 54]",321.51,199,7.71,-0.21
07:34:20,"[319.16, 44]","[318.0, 48]","[324.0, 68]","[327.03, 71]",321.58,231,4.84,-0.2
07:34:21,"[322.36, 33]","[321.65, 65]","[324.0, 52]","[328.0, 52]",323.18,202,1.64,-0.03
07:34:22,"[324.05, 57]","[316.47, 57]","[328.0, 54]","[330.0, 15]",326.03,183,3.95,0.25
07:34:23,"[327.0, 13]","[323.0, 33]","[328.0, 33]","[330.0, 11]",327.5,90,1.0,0.02
07:34:24,"[324.19, 16]","[316.0, 39]","[330.0, 16]","[331.0, 80]",327.09,151,5.81,-0.27
07:34:25,"[322.0, 13]","[309.69, 26]","[329.13, 31]","[330.38, 53]",325.56,123,7.13,-0.37
07:34:26,"[323.2, 10]","[313.76, 17]","[329.0, 37]","[330.0, 53]",326.1,117,5.8,-0.54
07:34:27,"[324.43, 23]","[322.52, 23]","[327.19, 53]","[329.14, 57]",325.81,156,2.75,-0.41
07:34:28,"[323.0, 18]","[322.0, 9]","[325.0, 18]","[326.0, 27]",324.0,72,2.0,-0.25
07:34:29,"[322.96, 28]","[320.46, 13]","[324.5, 24]","[327.75, 40]",323.73,105,1.54,-0.22
07:34:30,"[322.82, 61]","[314.67, 30]","[331.15, 71]","[333.28, 39]",326.99,201,8.34,-0.09
07:34:31,"[324.12, 41]","[323.52, 25]","[332.0, 80]","[333.0, 16]",328.06,162,7.88,-0.19
07:34:32,"[327.0, 18]","[325.0, 18]","[331.31, 13]","[332.17, 24]",329.15,73,4.31,-0.01
07:34:33,"[326.57, 28]","[324.59, 37]","[328.38, 24]","[330.81, 16]",327.47,105,1.8,0.24
07:34:34,"[325.35, 20]","[324.0, 80]","[327.82, 40]","[328.67, 36]",326.59,176,2.47,0.14
07:34:35,"[325.13, 23]","[323.58, 71]","[327.33, 43]","[329.5, 28]",326.23,165,2.2,0.14
07:34:36,"[324.0, 35]","[321.0, 28]","[329.0, 14]","[336.0, 7]",326.5,84,5.0,0.5
07:34:37,"[321.0, 35]","[315.0, 20]","[333.45, 22]","[338.57, 28]",327.23,105,12.45,0.05
07:34:38,"[321.0, 27]","[315.0, 18]","[336.0, 37]","[339.0, 36]",328.5,118,15.0,-0.24
07:34:39,"[321.0, 33]","[315.0, 22]","[333.24, 21]","[336.86, 14]",327.12,90,12.24,0.22
07:34:40,"[321.0, 48]","[315.0, 32]","[330.75, 32]","[334.65, 71]",325.88,183,9.75,-0.13
07:34:41,"[316.29, 14]","[313.05, 79]","[329.33, 24]","[339.0, 12]",322.81,129,13.05,0.44
07:34:42,"[315.0, 11]","[313.01, 71]","[328.18, 22]","[331.05, 19]",321.59,123,13.18,0.33
07:34:43,"[316.5, 14]","[315.0, 18]","[327.35, 17]","[328.24, 25]",321.93,74,10.85,-0.14
07:34:44,"[318.42, 19]","[314.49, 55]","[325.06, 34]","[327.35, 23]",321.74,131,6.64,0.13
07:34:45,"[313.13, 77]","[312.77, 48]","[323.93, 28]","[326.6, 15]",318.53,168,10.8,0.49
07:34:46,"[313.0, 96]","[311.0, 12]","[320.11, 19]","[321.28, 18]",316.55,145,7.11,0.49
07:34:47,"[313.0, 72]","[311.0, 9]","[321.67, 18]","[324.65, 17]",317.33,116,8.67,0.4
07:34:48,"[313.0, 64]","[311.0, 8]","[321.0, 15]","[324.67, 12]",317.0,99,8.0,0.45
07:34:49,"[313.0, 64]","[311.0, 8]","[322.38, 8]","[325.38, 8]",317.69,88,9.38,0.64
07:34:50,"[317.67, 63]","[313.86, 65]","[326.0, 9]","[328.11, 9]",321.83,146,8.33,0.75
07:34:51,"[322.0, 40]","[315.0, 70]","[326.0, 10]","[328.0, 10]",324.0,130,4.0,0.69
07:34:52,"[319.42, 19]","[314.5, 28]","[326.0, 4]","[328.0, 4]",322.71,55,6.58,0.71
07:34:53,"[316.21, 68]","[314.82, 65]","[326.0, 10]","[328.0, 10]",321.1,153,9.79,0.74
07:34:54,"[319.42, 120]","[318.12, 132]","[326.0, 20]","[328.0, 20]",322.71,292,6.58,0.73
07:34:55,"[321.95, 85]","[317.25, 44]","[326.0, 15]","[328.0, 15]",323.98,159,4.05,0.62
07:34:56,"[323.4, 50]","[322.0, 10]","[326.0, 10]","[328.0, 10]",324.7,80,2.6,0.5
07:34:57,"[324.09, 33]","[323.43, 21]","[326.0, 9]","[329.5, 12]",325.05,75,1.91,0.44
07:34:58,"[326.5, 32]","[324.04, 25]","[328.97, 31]","[367.45, 22]",327.73,110,2.47,0.04
07:34:59,"[327.0, 15]","[325.0, 8]","[328.0, 32]","[333.0, 16]",327.5,71,1.0,-0.35
07:35:00,"[326.67, 6]","[324.5, 6]","[328.0, 12]","[333.0, 12]",327.33,36,1.33,-0.33
07:35:01,"[325.0, 15]","[323.1, 29]","[327.4, 15]","[330.86, 21]",326.2,80,2.4,0.1
07:35:02,"[325.0, 12]","[324.0, 96]","[327.0, 12]","[328.0, 12]",326.0,132,2.0,0.64
07:35:03,"[325.0, 13]","[324.0, 104]","[326.23, 13]","[327.38, 13]",325.62,143,1.23,0.64
07:35:04,"[325.0, 10]","[324.0, 80]","[326.2, 10]","[329.0, 12]",325.6,112,1.2,0.61
07:35:05,"[325.97, 36]","[324.69, 26]","[327.0, 19]","[333.0, 38]",326.49,119,1.03,0.04
07:35:06,"[326.8, 44]","[325.44, 16]","[331.83, 30]","[422.19, 62]",329.31,152,5.04,-0.21
07:35:07,"[327.5, 50]","[326.0, 10]","[331.0, 50]","[334.6, 20]",329.25,130,3.5,-0.08
07:35:08,"[328.0, 107]","[326.0, 18]","[331.4, 57]","[423.48, 69]",329.7,251,3.4,-0.0
07:35:09,"[327.72, 32]","[325.5, 12]","[335.0, 24]","[431.69, 39]",331.36,107,7.28,-0.18
07:35:10,"[324.09, 11]","[322.06, 31]","[331.36, 22]","[340.73, 22]",327.73,86,7.27,-0.02
07:35:11,"[324.0, 9]","[322.0, 27]","[325.0, 24]","[335.89, 18]",324.5,78,1.0,-0.08
07:35:12,"[324.0, 6]","[322.0, 18]","[325.0, 25]","[336.0, 12]",324.5,61,1.0,-0.21
07:35:13,"[324.0, 6]","[322.0, 18]","[325.0, 24]","[336.0, 12]",324.5,60,1.0,-0.2
07:35:14,"[322.0, 27]","[321.0, 18]","[325.0, 36]","[336.0, 18]",323.5,99,3.0,-0.09
07:35:15,"[322.0, 22]","[321.0, 20]","[325.0, 40]","[381.77, 13]",323.5,95,3.0,-0.12
07:35:16,"[322.0, 12]","[321.0, 72]","[324.68, 38]","[447.54, 26]",323.34,148,2.68,0.14
07:35:17,"[321.53, 17]","[315.0, 126]","[323.65, 34]","[326.73, 37]",322.59,214,2.12,0.34
07:35:18,"[321.0, 16]","[314.0, 216]","[325.88, 16]","[334.35, 23]",323.44,271,4.88,0.71
07:35:19,"[321.0, 14]","[314.0, 189]","[329.0, 14]","[336.0, 21]",325.0,238,8.0,0.71
07:35:20,"[321.0, 26]","[314.0, 324]","[328.31, 26]","[331.8, 30]",324.65,406,7.31,0.72
07:35:21,"[314.45, 154]","[313.62, 146]","[326.92, 26]","[329.0, 26]",320.69,352,12.47,0.7
07:35:22,"[314.0, 198]","[313.0, 77]","[320.71, 14]","[325.36, 22]",317.36,311,6.71,0.77
07:35:23,"[314.0, 216]","[313.0, 84]","[318.0, 16]","[322.33, 48]",316.0,364,4.0,0.65
07:35:24,"[314.0, 108]","[313.0, 42]","[321.33, 18]","[323.71, 21]",317.67,189,7.33,0.59
07:35:25,"[314.0, 162]","[313.0, 63]","[322.0, 45]","[328.0, 18]",318.0,288,8.0,0.56
07:35:26,"[314.0, 198]","[313.0, 77]","[320.75, 51]","[324.47, 34]",317.37,360,6.75,0.53
07:35:27,"[314.0, 162]","[313.0, 63]","[317.33, 27]","[320.86, 21]",315.67,273,3.33,0.65
07:35:28,"[314.15, 97]","[313.67, 105]","[316.6, 30]","[318.0, 10]",315.38,242,2.45,0.67
07:35:29,"[313.23, 79]","[311.56, 175]","[317.62, 48]","[329.51, 73]",315.43,375,4.4,0.35
07:35:30,"[313.03, 72]","[311.1, 147]","[318.0, 33]","[330.0, 77]",315.51,329,4.97,0.33
07:35:31,"[315.27, 30]","[313.0, 105]","[318.0, 45]","[326.93, 54]",316.63,234,2.73,0.15
07:35:32,"[316.0, 18]","[313.0, 63]","[318.0, 27]","[321.0, 18]",317.0,126,2.0,0.29
07:35:33,"[316.81, 26]","[313.5, 42]","[318.0, 36]","[322.3, 27]",317.4,131,1.19,0.04
07:35:34,"[313.45, 31]","[307.11, 35]","[318.0, 20]","[328.0, 40]",315.73,126,4.55,0.05
07:35:35,"[306.0, 165]","[305.0, 22]","[312.56, 18]","[319.71, 41]",309.28,246,6.56,0.52
07:35:36,"[306.48, 29]","[305.81, 26]","[311.0, 8]","[312.0, 40]",308.74,103,4.52,0.07
07:35:37,"[307.0, 12]","[305.0, 6]","[311.0, 6]","[312.0, 30]",309.0,54,4.0,-0.33
07:35:38,"[307.92, 24]","[304.03, 34]","[311.0, 12]","[312.0, 60]",309.46,130,3.08,-0.11
07:35:39,"[309.83, 12]","[304.0, 18]","[311.5, 10]","[312.12, 26]",310.67,66,1.67,-0.09
07:35:40,"[310.0, 22]","[304.0, 21]","[312.0, 55]","[315.0, 11]",311.0,109,2.0,-0.21
07:35:41,"[310.78, 18]","[299.27, 74]","[312.0, 45]","[315.0, 9]",311.39,146,1.22,0.26
07:35:42,"[299.27, 90]","[296.97, 68]","[312.0, 29]","[315.0, 9]",305.63,196,12.73,0.61
07:35:43,"[299.0, 14]","[297.0, 84]","[312.92, 13]","[317.18, 11]",305.96,122,13.92,0.61
07:35:44,"[299.0, 26]","[297.0, 156]","[313.98, 49]","[314.9, 20]",306.49,251,14.98,0.45
07:35:45,"[302.62, 81]","[300.26, 86]","[313.88, 16]","[315.52, 66]",308.25,249,11.26,0.34
07:35:46,"[304.85, 87]","[301.4, 100]","[311.0, 62]","[315.24, 17]",307.93,266,6.15,0.41
07:35:47,"[306.0, 108]","[305.0, 90]","[311.0, 36]","[314.0, 18]",308.5,252,5.0,0.57
07:35:48,"[306.63, 81]","[305.66, 73]","[314.57, 28]","[317.7, 54]",310.6,236,7.94,0.31
07:35:49,"[313.89, 37]","[310.09, 46]","[317.5, 56]","[318.24, 49]",315.7,188,3.61,-0.12
07:35:50,"[317.18, 56]","[304.63, 91]","[318.5, 40]","[319.55, 22]",317.84,209,1.32,0.41
07:35:51,"[317.9, 41]","[311.4, 20]","[320.38, 24]","[380.44, 36]",319.14,121,2.47,0.01
07:35:52,"[314.84, 50]","[298.62, 42]","[321.88, 24]","[347.82, 51]",318.36,167,7.04,0.1
07:35:53,"[301.95, 39]","[299.89, 36]","[318.67, 48]","[366.63, 57]",310.31,180,16.72,-0.17
07:35:54,"[305.92, 12]","[304.0, 36]","[312.0, 24]","[322.0, 60]",308.96,132,6.08,-0.27
07:35:55,"[307.92, 24]","[307.29, 24]","[312.0, 24]","[321.0, 60]",309.96,132,4.08,-0.27
07:35:56,"[310.55, 20]","[309.25, 32]","[318.63, 52]","[322.1, 50]",314.59,154,8.08,-0.32
07:35:57,"[315.07, 14]","[312.81, 16]","[320.0, 70]","[321.0, 70]",317.54,170,4.93,-0.65
07:35:58,"[318.64, 14]","[314.41, 17]","[320.0, 52]","[321.0, 70]",319.32,153,1.36,-0.59
07:35:59,"[311.12, 16]","[303.0, 72]","[320.52, 23]","[347.33, 45]",315.82,156,9.4,0.13
07:36:00,"[310.0, 14]","[302.0, 98]","[313.0, 21]","[316.43, 7]",311.5,140,3.0,0.6
07:36:01,"[302.0, 140]","[299.5, 20]","[313.0, 12]","[316.0, 10]",307.5,182,11.0,0.76
07:36:02,"[302.0, 112]","[299.62, 16]","[313.0, 8]","[316.0, 8]",307.5,144,11.0,0.78
07:36:03,"[302.0, 168]","[299.0, 24]","[319.43, 28]","[388.14, 28]",310.71,248,17.43,0.55
07:36:04,"[302.0, 126]","[299.0, 18]","[321.89, 45]","[405.93, 44]",311.94,233,19.89,0.24
07:36:05,"[302.91, 197]","[300.05, 40]","[319.71, 70]","[321.64, 70]",311.31,377,16.8,0.26
07:36:06,"[302.57, 58]","[301.88, 102]","[317.25, 60]","[320.5, 60]",309.91,280,14.68,0.14
07:36:07,"[304.2, 56]","[301.59, 123]","[316.86, 72]","[319.62, 80]",310.53,331,12.66,0.08
07:36:08,"[305.79, 53]","[304.98, 157]","[312.0, 15]","[316.2, 75]",308.9,300,6.21,0.4
07:36:09,"[306.42, 36]","[300.41, 91]","[312.0, 12]","[314.0, 60]",309.21,199,5.58,0.28
07:36:10,"[309.6, 45]","[304.2, 60]","[313.11, 27]","[314.8, 75]",311.36,207,3.51,0.01
07:36:11,"[312.08, 39]","[302.67, 61]","[314.0, 70]","[318.0, 70]",313.04,240,1.92,-0.17
07:36:12,"[307.24, 17]","[298.89, 55]","[317.18, 44]","[318.7, 50]",312.21,166,9.95,-0.13
07:36:13,"[299.0, 14]","[297.87, 94]","[315.19, 47]","[316.95, 60]",307.1,215,16.19,0.0
07:36:14,"[299.0, 13]","[296.0, 26]","[314.0, 38]","[316.0, 52]",306.5,129,15.0,-0.4
07:36:15,"[300.04, 23]","[296.34, 59]","[314.0, 22]","[316.0, 49]",307.02,153,13.96,0.07
07:36:16,"[302.33, 45]","[299.0, 15]","[314.0, 15]","[316.0, 135]",308.17,210,11.67,-0.43
07:36:17,"[304.69, 39]","[298.02, 61]","[314.0, 13]","[316.0, 117]",309.35,230,9.31,-0.13
07:36:18,"[305.94, 34]","[300.71, 34]","[314.7, 20]","[316.13, 125]",310.32,213,8.76,-0.36
07:36:19,"[305.29, 34]","[303.74, 38]","[313.92, 49]","[315.58, 91]",309.61,212,8.62,-0.32
07:36:20,"[306.4, 15]","[305.0, 45]","[312.47, 30]","[314.0, 45]",309.43,135,6.07,-0.11
07:36:21,"[308.86, 29]","[307.0, 39]","[312.0, 34]","[314.0, 51]",310.43,153,3.14,-0.11
07:36:22,"[310.0, 12]","[309.0, 36]","[312.28, 29]","[314.27, 37]",311.14,114,2.28,-0.16
07:36:23,"[310.0, 11]","[302.85, 13]","[311.91, 22]","[313.88, 32]",310.95,78,1.91,-0.38
07:36:24,"[310.38, 8]","[297.28, 43]","[312.0, 14]","[316.0, 40]",311.19,105,1.62,-0.03
07:36:25,"[300.6, 40]","[297.2, 82]","[314.86, 28]","[316.75, 64]",307.73,214,14.26,0.14
07:36:26,"[312.03, 107]","[298.28, 50]","[314.46, 65]","[316.41, 63]",313.24,285,2.43,0.1
07:36:27,"[313.0, 143]","[301.0, 26]","[314.0, 74]","[316.0, 65]",313.5,308,1.0,0.1
07:36:28,"[309.8, 45]","[297.44, 54]","[314.0, 54]","[316.0, 45]",311.9,198,4.2,0.0
07:36:29,"[301.0, 24]","[297.42, 96]","[314.0, 72]","[316.0, 60]",307.5,252,13.0,-0.05
07:36:30,"[301.0, 16]","[298.0, 64]","[314.0, 48]","[316.0, 40]",307.5,168,13.0,-0.05
07:36:31,"[301.09, 11]","[298.14, 42]","[314.0, 32]","[316.0, 30]",307.55,115,12.91,-0.08
07:36:32,"[303.14, 14]","[301.0, 28]","[314.0, 44]","[316.0, 70]",308.57,156,10.86,-0.46
07:36:33,"[304.85, 13]","[299.46, 26]","[314.0, 26]","[316.12, 64]",309.42,129,9.15,-0.4
07:36:34,"[305.0, 7]","[299.0, 14]","[314.0, 14]","[318.0, 28]",309.5,63,9.0,-0.33
07:36:35,"[305.0, 9]","[299.0, 18]","[312.22, 18]","[314.8, 20]",308.61,65,7.22,-0.17
07:36:36,"[305.0, 14]","[299.0, 28]","[312.0, 18]","[314.0, 28]",308.5,88,7.0,-0.05
07:36:37,"[305.0, 9]","[299.0, 18]","[311.17, 24]","[313.23, 13]",308.08,64,6.17,-0.16
07:36:38,"[305.57, 14]","[299.07, 28]","[311.0, 56]","[312.0, 14]",308.29,112,5.43,-0.25
07:36:39,"[306.0, 11]","[300.0, 22]","[311.0, 44]","[312.0, 11]",308.5,88,5.0,-0.25
07:36:40,"[307.67, 110]","[307.73, 139]","[311.02, 50]","[312.25, 16]",309.35,315,3.35,0.58
07:36:41,"[310.0, 9]","[309.0, 126]","[318.0, 49]","[319.94, 34]",314.0,218,8.0,0.24
07:36:42,"[310.92, 26]","[309.83, 169]","[318.0, 91]","[319.13, 63]",314.46,349,7.08,0.12
07:36:43,"[314.65, 85]","[311.8, 61]","[318.0, 84]","[319.0, 60]",316.32,290,3.35,0.01
07:36:44,"[316.45, 66]","[315.21, 118]","[318.0, 82]","[319.0, 70]",317.23,336,1.55,0.1
07:36:45,"[317.21, 28]","[315.0, 170]","[318.87, 46]","[319.76, 42]",318.04,286,1.66,0.38
07:36:46,"[315.77, 109]","[313.37, 59]","[319.0, 39]","[320.0, 44]",317.39,251,3.23,0.34
07:36:47,"[317.34, 92]","[310.7, 20]","[319.4, 40]","[320.8, 40]",318.37,192,2.06,0.17
07:36:48,"[309.82, 28]","[300.86, 22]","[320.0, 64]","[324.36, 61]",314.91,175,10.18,-0.43
07:36:49,"[305.57, 46]","[303.38, 37]","[318.26, 68]","[324.06, 81]",311.91,232,12.7,-0.28
07:36:50,"[306.0, 21]","[303.0, 22]","[317.0, 28]","[319.0, 14]",311.5,85,11.0,0.01
07:36:51,"[306.0, 18]","[303.0, 12]","[316.33, 24]","[319.0, 12]",311.17,66,10.33,-0.09
07:36:52,"[306.25, 36]","[303.17, 24]","[315.17, 48]","[319.0, 40]",310.71,148,8.92,-0.19
07:36:53,"[308.43, 42]","[303.5, 28]","[314.21, 56]","[319.0, 28]",311.32,154,5.79,-0.09
07:36:54,"[309.9, 30]","[304.91, 22]","[313.32, 37]","[319.0, 20]",311.61,109,3.42,-0.05
07:36:55,"[310.0, 27]","[302.44, 18]","[313.0, 27]","[317.67, 30]",311.5,102,3.0,-0.12
07:36:56,"[310.07, 29]","[299.52, 29]","[313.0, 30]","[317.0, 50]",311.53,138,2.93,-0.16
07:36:57,"[311.64, 22]","[310.0, 33]","[313.0, 33]","[317.0, 55]",312.32,143,1.36,-0.23
07:36:58,"[310.75, 36]","[299.62, 48]","[316.0, 16]","[318.42, 76]",313.38,176,5.25,-0.05
07:36:59,"[311.0, 21]","[301.0, 14]","[320.0, 56]","[327.0, 21]",315.5,112,9.0,-0.38
07:37:00,"[312.0, 33]","[303.94, 102]","[316.23, 43]","[320.54, 78]",314.12,256,4.23,0.05
07:37:01,"[312.0, 33]","[304.24, 98]","[314.0, 33]","[319.72, 53]",313.0,217,2.0,0.21
07:37:02,"[312.0, 24]","[304.0, 80]","[317.65, 20]","[320.71, 21]",314.82,145,5.65,0.43
07:37:03,"[313.7, 30]","[304.6, 100]","[322.0, 40]","[326.0, 30]",317.85,200,8.3,0.3
07:37:04,"[315.96, 56]","[308.86, 35]","[321.18, 22]","[324.0, 24]",318.57,137,5.22,0.33
07:37:05,"[317.78, 45]","[316.75, 59]","[319.89, 27]","[323.2, 30]",318.83,161,2.11,0.29
07:37:06,"[319.37, 63]","[315.12, 102]","[322.0, 44]","[328.0, 33]",320.68,242,2.63,0.36
07:37:07,"[317.21, 86]","[312.7, 60]","[321.76, 42]","[326.88, 32]",319.49,220,4.55,0.33
07:37:08,"[312.4, 67]","[311.27, 98]","[320.0, 39]","[322.0, 52]",316.2,256,7.6,0.29
07:37:09,"[314.36, 42]","[310.29, 140]","[317.36, 42]","[322.0, 56]",315.86,280,3.0,0.3
07:37:10,"[309.25, 112]","[305.06, 72]","[324.35, 68]","[390.34, 41]",316.8,293,15.1,0.26
07:37:11,"[308.62, 69]","[306.62, 74]","[326.0, 54]","[411.0, 15]",317.31,212,17.38,0.35
07:37:12,"[310.0, 107]","[305.64, 110]","[326.0, 58]","[337.68, 25]",318.0,300,16.0,0.45
07:37:13,"[313.13, 92]","[310.43, 30]","[325.73, 60]","[336.48, 42]",319.43,224,12.6,0.09
07:37:14,"[315.46, 59]","[314.62, 29]","[322.58, 24]","[324.13, 31]",319.02,143,7.13,0.23
07:37:15,"[318.67, 48]","[317.08, 76]","[321.25, 32]","[322.86, 28]",319.96,184,2.58,0.35
07:37:16,"[319.12, 60]","[312.18, 129]","[321.27, 45]","[327.53, 43]",320.19,277,2.15,0.36
07:37:17,"[319.43, 28]","[308.23, 52]","[329.86, 21]","[333.0, 14]",324.64,115,10.43,0.39
07:37:18,"[309.92, 100]","[306.75, 91]","[322.1, 29]","[327.72, 25]",316.01,245,12.18,0.56
07:37:19,"[307.36, 75]","[303.64, 78]","[313.0, 11]","[315.0, 44]",310.18,208,5.64,0.47
07:37:20,"[307.45, 66]","[302.54, 52]","[313.0, 9]","[315.0, 36]",310.23,163,5.55,0.45
07:37:21,"[305.0, 28]","[301.0, 56]","[313.0, 7]","[315.0, 28]",309.0,119,8.0,0.41
07:37:22,"[301.36, 44]","[223.63, 38]","[313.0, 6]","[315.0, 24]",307.18,112,11.64,0.46
07:37:23,"[305.53, 86]","[287.77, 44]","[315.63, 19]","[320.71, 7]",310.58,156,10.1,0.67
07:37:24,"[306.0, 78]","[302.0, 18]","[311.89, 18]","[323.89, 9]",308.94,123,5.89,0.56
07:37:25,"[306.24, 90]","[305.25, 96]","[311.0, 48]","[319.0, 12]",308.62,246,4.76,0.51
07:37:26,"[308.0, 22]","[304.36, 143]","[311.0, 44]","[318.6, 15]",309.5,224,3.0,0.47
07:37:27,"[319.57, 23]","[313.45, 40]","[322.08, 13]","[331.54, 28]",320.82,104,2.51,0.21
07:37:28,"[323.56, 18]","[311.7, 46]","[326.08, 13]","[329.22, 9]",324.82,86,2.52,0.49
07:37:29,"[323.0, 44]","[303.0, 143]","[326.0, 22]","[328.0, 11]",324.5,220,3.0,0.7
07:37:30,"[323.0, 20]","[303.0, 65]","[324.67, 6]","[326.22, 9]",323.83,100,1.67,0.7
07:37:31,"[323.0, 50]","[303.0, 195]","[324.0, 15]","[326.14, 29]",323.5,289,1.0,0.7
07:37:32,"[303.0, 104]","[302.0, 40]","[322.43, 14]","[325.5, 8]",312.71,166,19.43,0.73
07:37:33,"[303.0, 156]","[302.0, 60]","[318.65, 31]","[321.14, 14]",310.82,261,15.65,0.66
07:37:34,"[303.0, 65]","[302.0, 25]","[315.91, 11]","[320.57, 7]",309.45,108,12.91,0.67
07:37:35,"[303.0, 52]","[302.0, 20]","[315.0, 12]","[319.14, 7]",309.0,91,12.0,0.58
07:37:36,"[304.0, 72]","[302.41, 54]","[315.0, 36]","[319.0, 24]",309.5,186,11.0,0.35
07:37:37,"[304.93, 90]","[303.2, 45]","[315.0, 45]","[319.0, 30]",309.97,210,10.07,0.29
07:37:38,"[306.25, 72]","[304.0, 36]","[315.0, 25]","[319.0, 24]",310.62,157,8.75,0.38
07:37:39,"[308.7, 60]","[307.29, 51]","[315.0, 22]","[319.0, 20]",311.85,153,6.3,0.45
07:37:40,"[311.77, 78]","[309.23, 78]","[315.0, 52]","[319.0, 26]",313.38,234,3.23,0.33
07:37:41,"[313.05, 76]","[312.14, 84]","[315.0, 23]","[319.0, 28]",314.03,211,1.95,0.52
07:37:42,"[314.53, 38]","[313.27, 44]","[318.43, 14]","[319.82, 22]",316.48,118,3.9,0.39
07:37:43,"[317.43, 70]","[316.33, 60]","[319.17, 35]","[320.21, 38]",318.3,203,1.74,0.28
07:37:44,"[318.11, 36]","[314.67, 24]","[321.0, 16]","[324.75, 16]",319.56,92,2.89,0.3
07:37:45,"[318.75, 64]","[311.0, 48]","[323.65, 17]","[324.93, 45]",321.2,174,4.9,0.29
07:37:46,"[319.57, 28]","[310.4, 20]","[323.5, 8]","[324.9, 20]",321.54,76,3.93,0.26
07:37:47,"[322.33, 42]","[321.67, 42]","[324.73, 22]","[336.29, 34]",323.53,140,2.39,0.2
07:37:48,"[323.28, 57]","[315.05, 80]","[327.21, 24]","[383.5, 20]",325.24,181,3.93,0.51
07:37:49,"[325.95, 38]","[324.14, 28]","[343.0, 13]","[504.08, 39]",334.47,118,17.05,0.12
07:37:50,"[328.36, 28]","[326.98, 82]","[577.63, 19]","[671.36, 33]",452.99,162,249.27,0.36
07:37:51,"[329.0, 14]","[327.0, 56]","[417.67, 15]","[625.08, 13]",373.33,98,88.67,0.43
07:37:52,"[327.41, 29]","[326.23, 26]","[344.79, 19]","[438.64, 11]",336.1,85,17.38,0.29
07:37:53,"[327.0, 50]","[325.0, 20]","[343.7, 20]","[425.0, 22]",335.35,112,16.7,0.25
07:37:54,"[327.0, 50]","[325.0, 20]","[342.0, 20]","[353.0, 10]",334.5,100,15.0,0.4
07:37:55,"[327.0, 55]","[325.0, 22]","[340.45, 22]","[408.0, 21]",333.73,120,13.45,0.28
07:37:56,"[327.0, 69]","[325.0, 18]","[337.78, 18]","[430.0, 27]",332.39,132,10.78,0.32
07:37:57,"[327.0, 90]","[325.0, 20]","[336.1, 20]","[430.0, 30]",331.55,160,9.1,0.38
07:37:58,"[327.0, 74]","[325.75, 24]","[335.0, 24]","[372.5, 36]",331.0,158,8.0,0.24
07:37:59,"[327.0, 16]","[326.0, 16]","[333.62, 16]","[361.0, 24]",330.31,72,6.62,-0.11
07:38:00,"[326.43, 14]","[325.27, 22]","[332.61, 18]","[353.28, 29]",329.52,83,6.18,-0.13
07:38:01,"[324.53, 19]","[322.73, 45]","[328.78, 51]","[329.52, 27]",326.66,142,4.26,-0.1
07:38:02,"[322.23, 78]","[320.89, 184]","[326.03, 34]","[327.24, 49]",324.13,345,3.8,0.52
07:38:03,"[322.0, 72]","[320.0, 170]","[323.0, 15]","[325.0, 16]",322.5,273,1.0,0.77
07:38:04,"[322.0, 12]","[320.0, 102]","[323.0, 6]","[326.0, 24]",322.5,144,1.0,0.58
07:38:05,"[322.0, 18]","[320.0, 170]","[324.5, 16]","[341.44, 36]",323.25,240,2.5,0.57
07:38:06,"[322.0, 8]","[320.0, 136]","[325.25, 32]","[394.74, 19]",323.62,195,3.25,0.48
07:38:07,"[323.05, 19]","[320.58, 24]","[325.0, 32]","[342.0, 40]",324.03,115,1.95,-0.25
07:38:08,"[320.14, 111]","[318.9, 89]","[325.62, 52]","[341.58, 60]",322.88,312,5.47,0.28
07:38:09,"[317.58, 50]","[316.08, 26]","[332.6, 15]","[343.86, 28]",325.09,119,15.02,0.28
07:38:10,"[324.44, 18]","[321.44, 63]","[329.0, 15]","[333.0, 45]",326.72,141,4.56,0.15
07:38:11,"[325.05, 19]","[314.96, 46]","[329.0, 7]","[333.0, 21]",327.03,93,3.95,0.4
07:38:12,"[325.0, 27]","[314.0, 63]","[328.04, 25]","[330.09, 11]",326.52,126,3.04,0.43
07:38:13,"[323.5, 24]","[315.02, 44]","[328.0, 24]","[329.88, 8]",325.75,100,4.5,0.36
07:38:14,"[319.0, 15]","[314.0, 35]","[327.0, 15]","[330.0, 5]",323.0,70,8.0,0.43
07:38:15,"[319.0, 33]","[314.0, 77]","[326.27, 33]","[330.0, 11]",322.64,154,7.27,0.43
07:38:16,"[320.0, 48]","[319.0, 36]","[324.24, 38]","[324.87, 38]",322.12,160,4.24,0.05
07:38:17,"[319.49, 41]","[313.54, 68]","[322.18, 34]","[324.75, 32]",320.83,175,2.69,0.25
07:38:18,"[319.77, 30]","[314.56, 70]","[322.38, 32]","[334.0, 16]",321.07,148,2.61,0.35
07:38:19,"[319.14, 35]","[312.85, 65]","[320.63, 38]","[339.2, 15]",319.89,153,1.49,0.31
07:38:20,"[319.0, 57]","[310.75, 71]","[320.0, 45]","[332.53, 15]",319.5,188,1.0,0.36
07:38:21,"[317.69, 32]","[310.45, 33]","[320.0, 22]","[331.73, 11]",318.84,98,2.31,0.33
07:38:22,"[317.0, 36]","[308.0, 36]","[319.5, 12]","[323.33, 18]",318.25,102,2.5,0.41
07:38:23,"[317.0, 18]","[308.0, 18]","[320.67, 6]","[331.33, 6]",318.83,48,3.67,0.5
07:38:24,"[317.0, 18]","[308.0, 18]","[324.22, 9]","[445.17, 6]",320.61,51,7.22,0.41
07:38:25,"[317.79, 57]","[314.23, 39]","[331.62, 13]","[417.06, 18]",324.7,127,13.83,0.51
07:38:26,"[319.0, 35]","[317.0, 21]","[331.0, 7]","[367.0, 11]",325.0,74,12.0,0.51
07:38:27,"[319.81, 63]","[317.12, 66]","[331.0, 13]","[334.0, 26]",325.4,168,11.19,0.54
07:38:28,"[322.0, 39]","[319.0, 74]","[331.0, 13]","[334.0, 26]",326.5,152,9.0,0.49
07:38:29,"[321.66, 62]","[318.17, 63]","[332.92, 25]","[392.4, 50]",327.29,200,11.26,0.25
07:38:30,"[321.0, 40]","[314.5, 24]","[334.0, 16]","[381.75, 32]",327.5,112,13.0,0.14
07:38:31,"[321.0, 35]","[313.0, 23]","[331.69, 26]","[451.0, 20]",326.35,104,10.69,0.12
07:38:32,"[321.0, 50]","[310.45, 47]","[331.0, 50]","[334.0, 20]",326.0,167,10.0,0.16
07:38:33,"[321.0, 35]","[313.0, 21]","[331.0, 35]","[334.0, 14]",326.0,105,10.0,0.07
07:38:34,"[321.0, 41]","[313.0, 27]","[330.0, 27]","[331.0, 45]",325.5,140,9.0,-0.03
07:38:35,"[321.0, 28]","[313.0, 21]","[328.45, 33]","[331.29, 35]",324.73,117,7.45,-0.16
07:38:36,"[325.58, 24]","[319.59, 22]","[328.0, 44]","[332.0, 60]",326.79,150,2.42,-0.39
07:38:37,"[323.3, 46]","[321.56, 18]","[329.91, 23]","[332.43, 53]",326.61,140,6.61,-0.09
07:38:38,"[323.83, 47]","[323.05, 19]","[327.88, 32]","[328.91, 23]",325.85,121,4.05,0.09
07:38:39,"[324.12, 32]","[321.88, 34]","[329.22, 18]","[332.75, 32]",326.67,116,5.1,0.14
07:38:40,"[325.86, 36]","[321.0, 40]","[331.0, 20]","[337.0, 50]",328.43,146,5.14,0.04
07:38:41,"[322.78, 82]","[317.95, 84]","[329.61, 36]","[336.65, 69]",326.2,271,6.83,0.23
07:38:42,"[323.73, 118]","[321.0, 72]","[326.91, 47]","[329.26, 72]",325.32,309,3.19,0.23
07:38:43,"[324.38, 65]","[321.0, 52]","[332.05, 38]","[333.3, 53]",328.22,208,7.67,0.12
07:38:44,"[325.0, 55]","[321.0, 44]","[333.0, 55]","[335.0, 22]",329.0,176,8.0,0.12
07:38:45,"[325.0, 50]","[321.0, 40]","[330.33, 45]","[334.0, 35]",327.67,170,5.33,0.06
07:38:46,"[327.77, 104]","[322.54, 26]","[334.0, 70]","[335.0, 28]",330.88,228,6.23,0.14
07:38:47,"[328.0, 108]","[325.0, 12]","[334.0, 60]","[335.56, 27]",331.0,207,6.0,0.16
07:38:48,"[328.0, 81]","[325.0, 9]","[334.0, 45]","[338.0, 45]",331.0,180,6.0,0.0
07:38:49,"[328.0, 50]","[321.8, 15]","[334.0, 30]","[338.0, 30]",331.0,125,6.0,0.04
07:38:50,"[328.0, 84]","[321.27, 44]","[333.6, 45]","[335.77, 52]",330.8,225,5.6,0.14
07:38:51,"[328.0, 69]","[324.0, 22]","[332.0, 22]","[334.0, 55]",330.0,168,4.0,0.08
07:38:52,"[328.0, 42]","[324.09, 22]","[331.25, 24]","[334.42, 60]",329.62,148,3.25,-0.14
07:38:53,"[328.0, 18]","[325.0, 12]","[329.67, 24]","[339.0, 110]",328.83,164,1.67,-0.63
07:38:54,"[324.29, 14]","[321.86, 28]","[329.1, 42]","[338.0, 55]",326.69,139,4.81,-0.4
07:38:55,"[324.0, 12]","[321.0, 28]","[326.0, 28]","[337.0, 35]",325.0,103,2.0,-0.22
07:38:56,"[324.0, 8]","[314.65, 68]","[335.87, 39]","[337.88, 40]",329.94,155,11.87,-0.02
07:38:57,"[324.0, 7]","[312.0, 112]","[336.65, 31]","[337.57, 35]",330.32,185,12.65,0.29
07:38:58,"[324.0, 7]","[314.87, 47]","[335.76, 41]","[337.5, 32]",329.88,127,11.76,-0.15
07:38:59,"[324.96, 28]","[323.25, 12]","[333.8, 40]","[335.0, 20]",329.38,100,8.84,-0.2
07:39:00,"[325.24, 51]","[324.0, 17]","[332.21, 38]","[333.12, 64]",328.72,170,6.98,-0.2
07:39:01,"[326.0, 93]","[324.0, 12]","[332.0, 24]","[333.0, 48]",329.0,177,6.0,0.19
07:39:02,"[326.0, 145]","[324.0, 15]","[329.9, 40]","[331.19, 37]",327.95,237,3.9,0.35
07:39:03,"[326.0, 88]","[323.67, 12]","[327.09, 34]","[332.35, 46]",326.54,180,1.09,0.11
07:39:04,"[326.0, 48]","[323.62, 26]","[331.5, 48]","[341.0, 60]",328.75,182,5.5,-0.19
07:39:05,"[326.0, 44]","[324.0, 33]","[330.0, 44]","[336.29, 48]",328.0,169,4.0,-0.09
07:39:06,"[326.0, 40]","[324.0, 30]","[329.2, 40]","[337.0, 50]",327.6,160,3.2,-0.12
07:39:07,"[325.82, 44]","[323.88, 32]","[327.65, 40]","[337.33, 60]",326.73,176,1.83,-0.14
07:39:08,"[323.54, 13]","[321.36, 14]","[333.04, 25]","[339.0, 40]",328.29,92,9.5,-0.41
07:39:09,"[321.62, 8]","[319.83, 18]","[338.0, 30]","[344.0, 60]",329.81,116,16.38,-0.55
07:39:10,"[321.21, 19]","[315.17, 18]","[338.0, 30]","[344.0, 60]",329.61,127,16.79,-0.42
07:39:11,"[321.57, 42]","[318.8, 30]","[338.0, 60]","[343.62, 56]",329.79,188,16.43,-0.23
07:39:12,"[321.0, 23]","[317.0, 10]","[337.74, 47]","[340.69, 39]",329.37,119,16.74,-0.45
07:39:13,"[321.0, 20]","[317.0, 10]","[336.36, 33]","[337.4, 47]",328.68,110,15.36,-0.45
07:39:14,"[321.0, 20]","[317.0, 10]","[327.32, 31]","[330.36, 36]",324.16,97,6.32,-0.38
07:39:15,"[318.14, 14]","[315.12, 32]","[322.78, 46]","[333.34, 58]",320.46,150,4.64,-0.39
07:39:16,"[321.32, 25]","[315.05, 40]","[326.69, 42]","[328.64, 56]",324.01,163,5.37,-0.2
07:39:17,"[326.0, 148]","[314.92, 26]","[331.62, 40]","[334.25, 40]",328.81,254,5.62,0.37
07:39:18,"[326.0, 192]","[314.0, 42]","[330.33, 27]","[331.36, 42]",328.17,303,4.33,0.54
07:39:19,"[326.0, 288]","[316.0, 27]","[328.61, 36]","[331.0, 54]",327.31,405,2.61,0.56
07:39:20,"[326.0, 172]","[315.11, 45]","[327.67, 36]","[332.14, 35]",326.83,288,1.67,0.51
07:39:21,"[326.38, 142]","[322.41, 98]","[334.45, 58]","[340.63, 76]",330.41,374,8.07,0.28
07:39:22,"[327.0, 135]","[326.0, 165]","[334.0, 75]","[342.89, 110]",330.5,485,7.0,0.24
07:39:23,"[327.7, 91]","[326.79, 159]","[334.0, 85]","[341.0, 51]",330.85,386,6.3,0.3
07:39:24,"[328.92, 52]","[327.0, 117]","[334.0, 65]","[341.0, 39]",331.46,273,5.08,0.24
07:39:25,"[327.83, 106]","[326.6, 166]","[331.9, 73]","[334.37, 89]",329.87,434,4.07,0.25
07:39:26,"[327.0, 122]","[326.0, 52]","[333.75, 53]","[336.87, 71]",330.38,298,6.75,0.17
07:39:27,"[327.0, 40]","[326.0, 20]","[338.0, 15]","[342.0, 25]",332.5,100,11.0,0.2
07:39:28,"[327.0, 112]","[326.0, 56]","[338.0, 42]","[340.71, 70]",332.5,280,11.0,0.2
07:39:29,"[327.0, 82]","[326.0, 44]","[338.0, 33]","[340.0, 55]",332.5,214,11.0,0.18
07:39:30,"[327.0, 34]","[326.0, 56]","[336.6, 30]","[339.72, 64]",331.8,184,9.6,-0.02
07:39:31,"[327.0, 11]","[325.96, 47]","[335.0, 22]","[340.0, 55]",331.0,135,8.0,-0.14
07:39:32,"[327.0, 13]","[326.0, 91]","[335.0, 26]","[340.0, 65]",331.0,195,8.0,0.07
07:39:33,"[327.0, 7]","[326.0, 49]","[334.14, 14]","[340.43, 35]",330.57,105,7.14,0.07
07:39:34,"[327.0, 36]","[326.0, 77]","[332.27, 22]","[340.09, 55]",329.64,190,5.27,0.19
07:39:35,"[327.0, 30]","[326.0, 35]","[332.0, 10]","[341.0, 25]",329.5,100,5.0,0.3
07:39:36,"[327.0, 66]","[326.0, 77]","[331.45, 22]","[339.91, 55]",329.23,220,4.45,0.3
07:39:37,"[327.0, 78]","[326.0, 91]","[330.46, 26]","[339.56, 52]",328.73,247,3.46,0.37
07:39:38,"[327.0, 60]","[326.0, 70]","[328.89, 27]","[333.3, 20]",327.94,177,1.89,0.47
07:39:39,"[327.0, 39]","[326.0, 91]","[329.46, 26]","[341.77, 26]",328.23,182,2.46,0.43
07:39:40,"[327.0, 21]","[326.0, 49]","[328.71, 14]","[341.0, 14]",327.86,98,1.71,0.43
07:39:41,"[326.26, 38]","[325.91, 46]","[328.0, 19]","[341.0, 20]",327.13,123,1.74,0.37
07:39:42,"[326.0, 67]","[325.0, 10]","[327.5, 10]","[341.84, 50]",326.75,137,1.5,0.12
07:39:43,"[323.0, 16]","[322.0, 126]","[339.64, 45]","[359.04, 71]",331.32,258,16.64,0.1
07:39:44,"[323.0, 7]","[320.26, 43]","[340.0, 35]","[341.7, 27]",331.5,112,17.0,-0.11
07:39:45,"[323.0, 30]","[319.0, 60]","[339.43, 40]","[340.06, 48]",331.21,178,16.43,0.01
07:39:46,"[323.0, 152]","[319.0, 40]","[336.06, 32]","[337.62, 16]",329.53,240,13.06,0.6
07:39:47,"[323.0, 209]","[319.0, 55]","[334.64, 55]","[337.0, 11]",328.82,330,11.64,0.6
07:39:48,"[324.4, 45]","[322.75, 181]","[332.18, 55]","[338.88, 16]",328.29,297,7.78,0.52
07:39:49,"[323.08, 130]","[319.63, 52]","[332.0, 40]","[340.0, 16]",327.54,238,8.92,0.53
07:39:50,"[324.54, 89]","[323.0, 170]","[332.0, 50]","[340.0, 20]",328.27,329,7.46,0.57
07:39:51,"[326.71, 56]","[324.32, 100]","[332.0, 55]","[340.0, 22]",329.36,233,5.29,0.34
07:39:52,"[328.0, 40]","[327.0, 30]","[332.0, 50]","[340.22, 18]",330.0,138,4.0,0.01
07:39:53,"[327.5, 24]","[326.22, 41]","[332.0, 35]","[341.03, 31]",329.75,131,4.5,-0.01
07:39:54,"[327.0, 42]","[326.0, 112]","[331.14, 70]","[340.93, 70]",329.07,294,4.14,0.05
07:39:55,"[327.0, 24]","[326.0, 64]","[329.5, 40]","[340.0, 40]",328.25,168,2.5,0.05
07:39:56,"[327.0, 18]","[326.0, 80]","[329.0, 50]","[339.9, 50]",328.0,198,2.0,-0.01
07:39:57,"[323.59, 101]","[323.16, 89]","[328.29, 70]","[339.07, 70]",325.94,330,4.69,0.15
07:39:58,"[323.04, 184]","[318.95, 38]","[326.25, 60]","[330.25, 60]",324.65,342,3.21,0.3
07:39:59,"[324.0, 75]","[323.0, 160]","[325.7, 50]","[328.3, 50]",324.85,335,1.7,0.4
07:40:00,"[323.0, 158]","[315.0, 26]","[339.45, 44]","[340.12, 33]",331.23,261,16.45,0.41
07:40:01,"[323.0, 110]","[315.0, 20]","[336.64, 22]","[337.38, 16]",329.82,168,13.64,0.55
07:40:02,"[323.1, 61]","[321.95, 76]","[333.23, 26]","[334.48, 29]",328.16,192,10.13,0.43
07:40:03,"[324.2, 20]","[323.01, 178]","[330.44, 52]","[331.68, 37]",327.32,287,6.24,0.38
07:40:04,"[326.71, 35]","[324.22, 46]","[328.8, 45]","[330.5, 36]",327.76,162,2.09,0.0
07:40:05,"[326.27, 30]","[323.08, 147]","[328.2, 30]","[330.61, 33]",327.23,240,1.93,0.47
07:40:06,"[323.21, 142]","[318.3, 115]","[325.59, 34]","[327.18, 34]",324.4,325,2.38,0.58
07:40:07,"[323.0, 112]","[314.0, 60]","[324.75, 24]","[325.75, 24]",323.88,220,1.75,0.56
07:40:08,"[320.63, 76]","[313.83, 48]","[324.12, 17]","[333.42, 12]",322.37,153,3.49,0.62
07:40:09,"[314.11, 28]","[313.6, 25]","[323.12, 8]","[333.6, 10]",318.62,71,9.02,0.49
07:40:10,"[315.38, 21]","[313.18, 80]","[323.0, 17]","[332.0, 17]",319.19,135,7.62,0.5
07:40:11,"[317.11, 35]","[316.09, 22]","[320.95, 19]","[330.84, 19]",319.03,95,3.83,0.2
07:40:12,"[318.06, 32]","[314.39, 23]","[321.08, 37]","[330.06, 17]",319.57,109,3.02,0.01
07:40:13,"[308.83, 48]","[304.46, 41]","[320.0, 65]","[328.62, 13]",314.42,167,11.17,0.07
07:40:14,"[309.19, 59]","[307.12, 34]","[315.19, 32]","[320.32, 57]",312.19,182,6.0,0.02
07:40:15,"[310.0, 50]","[308.0, 40]","[313.0, 20]","[320.0, 50]",311.5,160,3.0,0.12
07:40:16,"[310.0, 60]","[307.5, 48]","[318.83, 48]","[322.21, 28]",314.42,184,8.83,0.17
07:40:17,"[310.0, 55]","[307.0, 44]","[320.0, 48]","[325.05, 41]",315.0,188,10.0,0.05
07:40:18,"[310.0, 55]","[307.0, 44]","[320.0, 44]","[325.0, 44]",315.0,187,10.0,0.06
07:40:19,"[310.0, 80]","[307.0, 64]","[323.87, 62]","[325.06, 66]",316.94,272,13.87,0.06
07:40:20,"[310.0, 65]","[307.0, 52]","[315.69, 87]","[322.41, 59]",312.84,263,5.69,-0.11
07:40:21,"[310.0, 55]","[307.0, 44]","[314.0, 88]","[319.45, 55]",312.0,242,4.0,-0.18
07:40:22,"[310.0, 40]","[307.0, 32]","[314.0, 61]","[318.0, 40]",312.0,173,4.0,-0.17
07:40:23,"[310.0, 50]","[307.0, 40]","[314.0, 70]","[316.71, 14]",312.0,174,4.0,0.03
07:40:24,"[310.0, 35]","[307.0, 28]","[314.0, 49]","[316.0, 7]",312.0,119,4.0,0.06
07:40:25,"[310.0, 50]","[306.52, 31]","[318.57, 21]","[317.31, 42]",314.29,144,8.57,0.12
07:40:26,"[314.22, 73]","[307.72, 83]","[321.89, 37]","[322.65, 17]",318.06,210,7.67,0.49
07:40:27,"[316.0, 66]","[308.76, 68]","[323.0, 12]","[326.0, 48]",319.5,194,7.0,0.38
07:40:28,"[310.0, 60]","[306.08, 84]","[323.0, 12]","[326.0, 48]",316.5,204,13.0,0.41
07:40:29,"[311.88, 33]","[306.44, 45]","[325.73, 22]","[327.43, 28]",318.8,128,13.85,0.22
07:40:30,"[324.0, 44]","[306.94, 85]","[325.0, 44]","[327.82, 44]",324.5,217,1.0,0.19
07:40:31,"[324.0, 40]","[306.0, 122]","[328.0, 40]","[420.0, 10]",326.0,212,4.0,0.53
07:40:32,"[324.0, 40]","[306.0, 80]","[328.0, 40]","[391.81, 26]",326.0,186,4.0,0.29
07:40:33,"[324.0, 36]","[306.0, 67]","[328.0, 36]","[395.6, 43]",326.0,182,4.0,0.13
07:40:34,"[324.88, 64]","[318.17, 48]","[328.0, 56]","[408.32, 66]",326.44,234,3.12,-0.04
07:40:35,"[326.32, 124]","[320.0, 64]","[328.0, 76]","[408.76, 87]",327.16,351,1.68,0.07
07:40:36,"[327.0, 80]","[324.0, 40]","[410.73, 44]","[470.32, 34]",368.86,198,83.73,0.21
07:40:37,"[327.81, 37]","[326.84, 74]","[518.48, 27]","[648.13, 39]",423.15,177,190.67,0.25
07:40:38,"[329.74, 27]","[327.0, 91]","[482.0, 25]","[666.0, 53]",405.87,196,152.26,0.2
07:40:39,"[328.8, 20]","[326.52, 50]","[443.0, 20]","[613.92, 12]",385.9,102,114.2,0.37
07:40:40,"[327.0, 40]","[324.0, 40]","[468.56, 18]","[699.2, 10]",397.78,108,141.56,0.48
07:40:41,"[327.96, 96]","[326.7, 40]","[435.47, 47]","[451.86, 21]",381.71,204,107.51,0.33
07:40:42,"[328.01, 81]","[327.15, 52]","[433.27, 30]","[433.96, 27]",380.64,190,105.25,0.4
07:40:43,"[328.0, 105]","[327.0, 60]","[429.47, 30]","[431.53, 30]",378.73,225,101.47,0.47
07:40:44,"[330.57, 49]","[327.91, 46]","[424.97, 29]","[426.29, 14]",377.77,138,94.39,0.38
07:40:45,"[331.0, 29]","[328.0, 49]","[424.0, 35]","[426.0, 14]",377.5,127,93.0,0.23
07:40:46,"[331.0, 39]","[328.0, 91]","[421.16, 44]","[423.67, 48]",376.08,222,90.16,0.17
07:40:47,"[329.98, 59]","[327.74, 123]","[416.14, 51]","[417.07, 67]",373.06,300,86.15,0.21
07:40:48,"[328.0, 122]","[327.0, 136]","[398.64, 58]","[411.34, 50]",363.32,366,70.64,0.41
07:40:49,"[330.0, 18]","[327.9, 80]","[392.02, 49]","[409.98, 45]",361.01,192,62.02,0.02
07:40:50,"[328.43, 49]","[327.39, 88]","[384.41, 49]","[392.72, 46]",356.42,232,55.98,0.18
07:40:51,"[328.05, 57]","[327.05, 110]","[380.06, 52]","[381.49, 41]",354.06,260,52.01,0.28
07:40:52,"[327.87, 60]","[326.99, 105]","[375.6, 43]","[377.27, 44]",351.74,252,47.74,0.31
07:40:53,"[327.6, 80]","[326.94, 68]","[371.23, 26]","[372.14, 28]",349.42,202,43.63,0.47
07:40:54,"[327.44, 45]","[326.89, 45]","[338.04, 23]","[341.82, 44]",332.74,157,10.6,0.15
07:40:55,"[327.0, 50]","[326.0, 10]","[334.38, 21]","[335.78, 27]",330.69,108,7.38,0.11
07:40:56,"[327.0, 45]","[326.0, 9]","[332.16, 19]","[333.22, 18]",329.58,91,5.16,0.19
07:40:57,"[324.67, 69]","[322.48, 29]","[328.25, 28]","[331.57, 28]",326.46,154,3.58,0.27
07:40:58,"[323.0, 100]","[321.0, 50]","[326.1, 20]","[327.1, 20]",324.55,190,3.1,0.58
07:40:59,"[323.0, 68]","[321.0, 35]","[324.14, 14]","[326.0, 14]",323.57,131,1.14,0.57
07:41:00,"[325.33, 36]","[322.09, 44]","[347.82, 34]","[582.81, 16]",336.58,130,22.49,0.23
07:41:01,"[323.7, 60]","[321.42, 57]","[351.0, 55]","[710.09, 11]",337.35,183,27.3,0.28
07:41:02,"[323.0, 72]","[321.0, 60]","[351.0, 60]","[639.67, 12]",337.0,204,28.0,0.29
07:41:03,"[323.0, 34]","[321.0, 30]","[349.17, 18]","[351.0, 30]",336.08,112,26.17,0.14
07:41:04,"[323.89, 54]","[322.12, 34]","[343.42, 31]","[350.56, 41]",333.65,160,19.53,0.1
07:41:05,"[325.2, 60]","[324.0, 150]","[337.51, 61]","[386.91, 35]",331.35,306,12.31,0.37
07:41:06,"[326.0, 35]","[324.0, 110]","[339.54, 28]","[383.77, 26]",332.77,199,13.54,0.46
07:41:07,"[326.0, 24]","[324.0, 80]","[328.0, 24]","[330.0, 16]",327.0,144,2.0,0.44
07:41:08,"[325.02, 41]","[323.81, 86]","[328.2, 25]","[356.25, 24]",326.61,176,3.18,0.44
07:41:09,"[324.0, 50]","[323.0, 40]","[356.67, 9]","[557.11, 9]",340.33,108,32.67,0.67
07:41:10,"[331.0, 6]","[324.0, 60]","[467.5, 10]","[621.92, 26]",399.25,102,136.5,0.29
07:41:11,"[331.0, 9]","[324.0, 90]","[468.47, 17]","[656.68, 37]",399.74,153,137.47,0.29
07:41:12,"[324.0, 17]","[323.0, 96]","[472.0, 12]","[631.17, 60]",398.0,185,148.0,0.22
07:41:13,"[324.0, 7]","[323.0, 56]","[470.48, 23]","[531.21, 19]",397.24,105,146.48,0.2
07:41:14,"[324.78, 36]","[323.1, 71]","[467.02, 50]","[532.04, 57]",395.9,214,142.24,0.0
07:41:15,"[324.0, 9]","[323.0, 72]","[465.88, 33]","[466.67, 30]",394.94,144,141.88,0.12
07:41:16,"[324.0, 6]","[323.0, 48]","[414.1, 21]","[447.9, 21]",369.05,96,90.1,0.12
07:41:17,"[324.0, 7]","[323.0, 56]","[351.61, 23]","[357.86, 35]",337.8,121,27.61,0.04
07:41:18,"[324.92, 39]","[321.29, 70]","[348.45, 62]","[349.66, 29]",336.69,200,23.53,0.09
07:41:19,"[323.0, 40]","[319.0, 50]","[346.2, 20]","[348.0, 50]",334.6,160,23.2,0.12
07:41:20,"[327.0, 63]","[320.5, 48]","[344.36, 39]","[347.33, 45]",335.68,195,17.36,0.14
07:41:21,"[329.0, 119]","[323.06, 164]","[342.18, 73]","[343.52, 46]",335.59,402,13.18,0.41
07:41:22,"[329.0, 87]","[328.0, 13]","[340.3, 53]","[341.42, 38]",334.65,191,11.3,0.05
07:41:23,"[329.85, 66]","[328.97, 72]","[336.75, 59]","[338.53, 57]",333.3,254,6.9,0.09
07:41:24,"[330.0, 48]","[328.78, 32]","[333.71, 48]","[335.47, 45]",331.85,173,3.71,-0.08
07:41:25,"[327.9, 30]","[327.0, 21]","[330.63, 38]","[334.92, 50]",329.27,139,2.73,-0.27
07:41:26,"[327.92, 118]","[326.88, 24]","[329.17, 29]","[352.03, 37]",328.55,208,1.25,0.37
07:41:27,"[328.0, 143]","[327.0, 33]","[352.49, 47]","[464.46, 35]",340.24,258,24.49,0.36
07:41:28,"[328.0, 25]","[327.0, 15]","[420.92, 13]","[528.2, 15]",374.46,68,92.92,0.18
07:41:29,"[328.0, 33]","[327.0, 33]","[419.27, 11]","[542.82, 33]",373.64,110,91.27,0.2
07:41:30,"[328.0, 27]","[327.0, 27]","[418.0, 9]","[575.92, 39]",373.0,102,90.0,0.06
07:41:31,"[328.0, 18]","[327.0, 18]","[418.0, 6]","[609.0, 26]",373.0,68,90.0,0.06
07:41:32,"[328.0, 25]","[327.0, 27]","[418.93, 27]","[541.86, 29]",373.46,108,90.93,-0.04
07:41:33,"[327.07, 29]","[326.4, 15]","[329.0, 22]","[524.41, 51]",328.03,117,1.93,-0.25
07:41:34,"[321.43, 28]","[314.54, 67]","[328.27, 22]","[416.36, 25]",324.85,142,6.84,0.34
07:41:35,"[316.0, 10]","[315.0, 70]","[327.3, 20]","[329.0, 20]",321.65,120,11.3,0.33
07:41:36,"[316.55, 11]","[315.0, 11]","[321.17, 12]","[327.09, 22]",318.86,56,4.62,-0.21
07:41:37,"[317.73, 11]","[311.35, 46]","[319.29, 17]","[324.38, 16]",318.51,90,1.57,0.27
07:41:38,"[318.57, 14]","[311.0, 84]","[323.0, 37]","[327.92, 26]",320.79,161,4.43,0.22
07:41:39,"[314.9, 10]","[306.6, 30]","[323.0, 30]","[326.0, 30]",318.95,100,8.1,-0.2
07:41:40,"[308.0, 5]","[306.0, 30]","[323.0, 7]","[326.0, 15]",315.5,57,15.0,0.23
07:41:41,"[308.0, 6]","[306.0, 36]","[324.12, 8]","[326.59, 17]",316.06,67,16.12,0.25
07:41:42,"[324.05, 37]","[319.17, 115]","[328.92, 24]","[330.48, 42]",326.49,218,4.86,0.39
07:41:43,"[328.0, 115]","[327.0, 72]","[329.46, 13]","[335.15, 26]",328.73,226,1.46,0.65
07:41:44,"[328.0, 60]","[327.0, 60]","[332.0, 20]","[444.59, 37]",330.0,177,4.0,0.36
07:41:45,"[328.78, 54]","[327.75, 48]","[332.0, 16]","[377.14, 28]",330.39,146,3.22,0.4
07:41:46,"[329.0, 70]","[328.0, 60]","[348.04, 23]","[405.3, 30]",338.52,183,19.04,0.42
07:41:47,"[329.0, 84]","[328.0, 72]","[341.61, 36]","[477.0, 32]",335.31,224,12.61,0.39
07:41:48,"[329.0, 19]","[328.0, 42]","[354.0, 14]","[361.0, 21]",341.5,96,25.0,0.27
07:41:49,"[330.23, 26]","[328.35, 46]","[354.0, 26]","[361.0, 39]",342.12,137,23.77,0.05
07:41:50,"[331.0, 22]","[329.0, 22]","[354.0, 22]","[361.0, 33]",342.5,99,23.0,-0.11
07:41:51,"[330.13, 23]","[328.12, 34]","[354.0, 22]","[366.75, 71]",342.07,150,23.87,-0.24
07:41:52,"[328.0, 30]","[327.0, 60]","[353.7, 20]","[387.17, 47]",340.85,157,25.7,0.15
07:41:53,"[327.5, 36]","[326.57, 46]","[332.59, 34]","[362.97, 37]",330.04,153,5.09,0.07
07:41:54,"[325.95, 19]","[323.5, 40]","[327.9, 20]","[347.16, 45]",326.92,124,1.95,-0.05
07:41:55,"[323.21, 57]","[319.64, 25]","[326.33, 12]","[327.2, 20]",324.77,114,3.12,0.44
07:41:56,"[323.0, 108]","[311.0, 15]","[326.27, 22]","[473.35, 37]",324.64,182,3.27,0.35
07:41:57,"[323.0, 40]","[311.0, 10]","[327.0, 20]","[579.5, 30]",325.0,100,4.0,0.0
07:41:58,"[323.11, 28]","[312.5, 8]","[335.25, 16]","[578.62, 26]",329.18,78,12.14,-0.08
07:41:59,"[318.0, 18]","[311.75, 12]","[338.0, 24]","[768.0, 48]",328.0,102,20.0,-0.41
07:42:00,"[311.27, 11]","[298.12, 17]","[338.0, 22]","[468.22, 36]",324.64,86,26.73,-0.35
07:42:01,"[310.0, 9]","[249.5, 40]","[338.0, 18]","[526.8, 30]",324.0,97,28.0,0.01
07:42:02,"[325.19, 37]","[300.27, 52]","[338.0, 24]","[494.54, 26]",331.59,139,12.81,0.28
07:42:03,"[329.0, 27]","[326.61, 41]","[338.0, 18]","[411.0, 22]",333.5,108,9.0,0.26
07:42:04,"[329.0, 15]","[327.0, 30]","[338.0, 10]","[605.0, 18]",333.5,73,9.0,0.23
07:42:05,"[329.0, 30]","[327.0, 60]","[417.38, 26]","[557.11, 35]",373.19,151,88.38,0.19
07:42:06,"[329.0, 24]","[327.0, 48]","[336.7, 23]","[350.73, 15]",332.85,110,7.7,0.31
07:42:07,"[329.0, 24]","[327.0, 48]","[334.62, 24]","[337.11, 18]",331.81,114,5.62,0.26
07:42:08,"[329.0, 31]","[327.0, 72]","[331.13, 46]","[332.33, 36]",330.07,185,2.13,0.11
07:42:09,"[327.18, 66]","[326.05, 63]","[328.89, 47]","[331.86, 49]",328.04,225,1.71,0.15
07:42:10,"[327.0, 18]","[326.0, 40]","[328.0, 32]","[346.0, 16]",327.5,106,1.0,0.09
07:42:11,"[327.0, 9]","[326.0, 45]","[328.0, 36]","[346.0, 18]",327.5,108,1.0,0.0
07:42:12,"[327.0, 9]","[326.0, 45]","[328.0, 36]","[345.6, 20]",327.5,110,1.0,-0.02
07:42:13,"[326.33, 12]","[325.62, 32]","[328.0, 32]","[344.0, 47]",327.17,123,1.67,-0.28
07:42:14,"[325.4, 30]","[323.0, 54]","[335.92, 48]","[344.72, 36]",330.66,168,10.52,0.0
07:42:15,"[322.33, 54]","[317.09, 66]","[344.33, 30]","[345.28, 36]",333.33,186,22.0,0.29
07:42:16,"[322.0, 40]","[317.23, 52]","[342.2, 20]","[344.0, 20]",332.1,132,20.2,0.39
07:42:17,"[322.0, 15]","[316.0, 72]","[340.42, 24]","[344.0, 24]",331.21,135,18.42,0.29
07:42:18,"[322.0, 9]","[316.0, 54]","[337.1, 42]","[344.0, 18]",329.55,123,15.1,0.02
07:42:19,"[322.0, 10]","[316.0, 60]","[337.0, 60]","[344.0, 20]",329.5,150,15.0,-0.07
07:42:20,"[316.71, 34]","[314.04, 69]","[336.0, 18]","[337.0, 54]",326.35,175,19.29,0.18
07:42:21,"[324.62, 140]","[318.29, 126]","[332.72, 36]","[335.45, 40]",328.67,342,8.1,0.56
07:42:22,"[330.0, 86]","[323.0, 99]","[331.36, 22]","[333.09, 22]",330.68,229,1.36,0.62
07:42:23,"[330.0, 48]","[323.0, 90]","[331.6, 20]","[335.11, 36]",330.8,194,1.6,0.42
07:42:24,"[330.0, 48]","[323.0, 108]","[331.5, 24]","[416.92, 48]",330.75,228,1.5,0.37
07:42:25,"[330.0, 48]","[323.06, 100]","[331.0, 44]","[396.17, 53]",330.5,245,1.0,0.21
07:42:26,"[330.0, 44]","[329.0, 11]","[331.0, 22]","[337.0, 55]",330.5,132,1.0,-0.17
07:42:27,"[330.0, 20]","[329.0, 5]","[331.0, 10]","[337.0, 25]",330.5,60,1.0,-0.17
07:42:28,"[330.0, 28]","[329.0, 7]","[331.0, 14]","[337.0, 35]",330.5,84,1.0,-0.17
07:42:29,"[330.0, 36]","[329.0, 12]","[331.0, 24]","[337.0, 60]",330.5,132,1.0,-0.27
07:42:30,"[330.0, 42]","[329.0, 12]","[331.0, 24]","[337.0, 60]",330.5,138,1.0,-0.22
07:42:31,"[327.07, 46]","[323.49, 86]","[331.0, 30]","[337.0, 75]",329.03,237,3.93,0.11
07:42:32,"[323.92, 13]","[319.5, 48]","[331.0, 16]","[337.0, 40]",327.46,117,7.08,0.04
07:42:33,"[323.0, 36]","[317.0, 66]","[331.0, 12]","[337.0, 30]",327.0,144,8.0,0.42
07:42:34,"[323.0, 72]","[317.0, 144]","[331.0, 24]","[337.0, 60]",327.0,300,8.0,0.44
07:42:35,"[323.0, 51]","[317.0, 120]","[330.0, 10]","[331.0, 20]",326.5,201,7.0,0.7
07:42:36,"[323.0, 36]","[317.0, 144]","[330.0, 12]","[334.33, 48]",326.5,240,7.0,0.5
07:42:37,"[318.12, 69]","[314.0, 129]","[330.0, 14]","[332.02, 59]",324.06,271,11.88,0.46
07:42:38,"[318.0, 60]","[312.5, 121]","[330.0, 12]","[331.0, 48]",324.0,241,12.0,0.5
07:42:39,"[318.0, 55]","[312.0, 143]","[328.42, 12]","[331.32, 41]",323.21,251,10.42,0.58
07:42:40,"[312.63, 133]","[311.37, 105]","[327.0, 28]","[328.0, 14]",319.82,280,14.37,0.7
07:42:41,"[317.85, 52]","[310.66, 122]","[326.5, 28]","[328.0, 14]",322.17,216,8.65,0.61
07:42:42,"[318.29, 31]","[313.58, 106]","[326.08, 25]","[329.0, 16]",322.19,178,7.79,0.54
07:42:43,"[325.74, 47]","[320.38, 21]","[327.03, 29]","[328.89, 18]",326.39,115,1.29,0.18
07:42:44,"[322.62, 13]","[319.13, 46]","[327.0, 15]","[328.31, 13]",324.81,87,4.38,0.36
07:42:45,"[322.0, 9]","[319.0, 36]","[324.0, 9]","[325.0, 9]",323.0,63,2.0,0.43
07:42:46,"[319.14, 65]","[311.77, 124]","[327.41, 32]","[331.6, 20]",323.27,241,8.27,0.57
07:42:47,"[321.96, 26]","[320.14, 42]","[330.0, 69]","[332.98, 66]",325.98,203,8.04,-0.33
07:42:48,"[327.0, 9]","[326.0, 9]","[330.0, 45]","[333.0, 45]",328.5,108,3.0,-0.67
07:42:49,"[327.0, 8]","[326.0, 8]","[330.0, 40]","[334.25, 40]",328.5,96,3.0,-0.67
07:42:50,"[326.75, 8]","[324.0, 12]","[330.0, 40]","[335.0, 40]",328.38,100,3.25,-0.6
07:42:51,"[326.0, 14]","[322.0, 42]","[332.14, 70]","[412.59, 58]",329.07,184,6.14,-0.39
07:42:52,"[326.67, 33]","[319.61, 38]","[335.0, 70]","[458.67, 64]",330.83,205,8.33,-0.31
07:42:53,"[322.0, 27]","[316.89, 54]","[335.0, 45]","[608.46, 39]",328.5,165,13.0,-0.02
07:42:54,"[322.0, 18]","[317.0, 36]","[339.88, 24]","[363.6, 15]",330.94,93,17.88,0.16
07:42:55,"[317.24, 63]","[311.29, 126]","[340.23, 43]","[349.67, 42]",328.74,274,22.99,0.38
07:42:56,"[318.26, 38]","[312.5, 80]","[335.0, 30]","[379.76, 33]",326.63,181,16.74,0.3
07:42:57,"[323.0, 22]","[317.46, 37]","[334.62, 29]","[430.38, 32]",328.81,120,11.62,-0.02
07:42:58,"[323.0, 20]","[318.0, 30]","[333.8, 25]","[376.32, 25]",328.4,100,10.8,0.0
07:42:59,"[323.2, 20]","[318.23, 44]","[332.33, 15]","[333.32, 37]",327.77,116,9.13,0.1
07:43:00,"[323.0, 22]","[317.0, 55]","[330.05, 44]","[331.47, 17]",326.52,138,7.05,0.12
07:43:01,"[324.8, 45]","[323.0, 30]","[328.44, 43]","[329.92, 50]",326.62,168,3.64,-0.11
07:43:02,"[325.91, 33]","[323.0, 22]","[327.25, 32]","[329.53, 15]",326.58,102,1.34,0.08
07:43:03,"[324.44, 25]","[314.09, 46]","[327.79, 14]","[328.92, 13]",326.11,98,3.35,0.45
07:43:04,"[323.0, 22]","[313.62, 37]","[325.5, 20]","[327.45, 11]",324.25,90,2.5,0.31
07:43:05,"[319.41, 39]","[312.03, 71]","[324.54, 52]","[325.87, 31]",321.97,193,5.13,0.14
07:43:06,"[312.03, 86]","[309.08, 128]","[323.14, 56]","[328.0, 14]",317.59,284,11.11,0.51
07:43:07,"[311.89, 73]","[308.89, 108]","[325.18, 28]","[336.84, 19]",318.53,228,13.29,0.59
07:43:08,"[319.52, 31]","[310.18, 55]","[325.42, 57]","[328.0, 22]",322.47,165,5.9,0.04
07:43:09,"[323.76, 29]","[321.15, 26]","[325.0, 45]","[328.0, 30]",324.38,130,1.24,-0.15
07:43:10,"[323.0, 17]","[311.0, 81]","[324.29, 51]","[328.0, 21]",323.65,170,1.29,0.15
07:43:11,"[311.16, 64]","[310.68, 110]","[327.15, 20]","[331.03, 36]",319.15,230,15.99,0.51
07:43:12,"[312.14, 14]","[311.0, 112]","[325.36, 28]","[328.0, 14]",318.75,168,13.21,0.5
07:43:13,"[313.12, 17]","[311.02, 96]","[320.18, 33]","[322.0, 38]",316.65,184,7.06,0.23
07:43:14,"[314.6, 30]","[313.0, 15]","[317.33, 30]","[319.0, 30]",315.97,105,2.73,-0.14
07:43:15,"[314.94, 31]","[312.25, 20]","[316.51, 45]","[317.47, 43]",315.72,139,1.58,-0.27
07:43:16,"[314.33, 15]","[310.0, 75]","[317.0, 45]","[319.0, 30]",315.67,165,2.67,0.09
07:43:17,"[315.46, 13]","[306.72, 89]","[318.96, 25]","[321.21, 19]",317.21,146,3.5,0.4
07:43:18,"[317.43, 44]","[311.42, 24]","[323.42, 26]","[324.69, 16]",320.43,110,5.99,0.24
07:43:19,"[318.06, 32]","[316.75, 16]","[323.17, 35]","[324.33, 12]",320.62,95,5.11,0.01
07:43:20,"[320.71, 14]","[315.94, 36]","[326.0, 22]","[328.0, 11]",323.36,83,5.29,0.2
07:43:21,"[321.83, 12]","[306.69, 13]","[326.0, 12]","[328.0, 6]",323.92,43,4.17,0.16
07:43:22,"[323.0, 22]","[313.74, 19]","[326.0, 22]","[328.0, 11]",324.5,74,3.0,0.11
07:43:23,"[323.0, 24]","[315.0, 24]","[326.0, 24]","[328.0, 12]",324.5,84,3.0,0.14
07:43:24,"[323.0, 20]","[315.0, 20]","[326.0, 15]","[328.0, 10]",324.5,65,3.0,0.23
07:43:25,"[323.0, 22]","[315.0, 22]","[326.0, 11]","[328.0, 11]",324.5,66,3.0,0.33
07:43:26,"[323.0, 12]","[320.45, 22]","[326.0, 6]","[327.14, 14]",324.5,54,3.0,0.26
07:43:27,"[323.0, 38]","[319.15, 52]","[324.36, 22]","[326.57, 21]",323.68,133,1.36,0.35
07:43:28,"[323.0, 28]","[319.0, 28]","[324.0, 14]","[326.67, 9]",323.5,79,1.0,0.42
07:43:29,"[323.0, 52]","[319.0, 48]","[324.0, 24]","[328.0, 36]",323.5,160,1.0,0.25
07:43:30,"[323.0, 55]","[315.67, 24]","[326.15, 27]","[328.21, 19]",324.57,125,3.15,0.26
07:43:31,"[324.55, 67]","[322.5, 64]","[326.43, 40]","[328.43, 14]",325.49,185,1.87,0.42
07:43:32,"[325.91, 22]","[323.0, 55]","[328.0, 11]","[334.0, 11]",326.95,99,2.09,0.56
07:43:33,"[325.68, 34]","[322.09, 69]","[329.03, 36]","[330.8, 15]",327.35,154,3.35,0.34
07:43:34,"[323.0, 50]","[316.0, 30]","[327.4, 20]","[330.8, 10]",325.2,110,4.4,0.45
07:43:35,"[324.24, 34]","[321.21, 47]","[327.89, 18]","[333.45, 11]",326.06,110,3.65,0.47
07:43:36,"[323.54, 81]","[321.27, 45]","[330.06, 51]","[332.26, 19]",326.8,196,6.52,0.29
07:43:37,"[324.69, 52]","[323.0, 39]","[329.54, 39]","[334.08, 13]",327.12,143,4.85,0.27
07:43:38,"[324.71, 21]","[322.64, 22]","[328.5, 24]","[335.0, 8]",326.61,75,3.79,0.15
07:43:39,"[323.0, 15]","[313.06, 33]","[327.67, 27]","[336.0, 9]",325.33,84,4.67,0.14
07:43:40,"[323.0, 8]","[313.59, 17]","[326.88, 24]","[336.1, 10]",324.94,59,3.88,-0.15
07:43:41,"[321.86, 14]","[314.33, 18]","[326.49, 41]","[328.79, 39]",324.17,112,4.63,-0.43
07:43:42,"[329.4, 25]","[316.07, 15]","[339.4, 20]","[345.23, 26]",334.4,86,10.0,-0.07
07:43:43,"[329.36, 28]","[319.67, 15]","[337.0, 52]","[346.0, 26]",333.18,121,7.64,-0.29
07:43:44,"[330.0, 36]","[327.0, 18]","[337.0, 36]","[346.0, 18]",333.5,108,7.0,0.0
07:43:45,"[330.0, 68]","[327.0, 34]","[343.61, 36]","[348.91, 33]",336.81,171,13.61,0.19
07:43:46,"[330.0, 56]","[327.0, 28]","[340.04, 46]","[343.47, 38]",335.02,168,10.04,0.0
07:43:47,"[330.0, 64]","[327.0, 32]","[335.38, 64]","[337.31, 64]",332.69,224,5.38,-0.14
07:43:48,"[330.0, 48]","[327.0, 24]","[333.07, 28]","[334.16, 38]",331.54,138,3.07,0.04
07:43:49,"[330.0, 44]","[327.0, 30]","[331.21, 38]","[332.35, 34]",330.61,146,1.21,0.01
07:43:50,"[328.88, 16]","[325.59, 34]","[331.23, 26]","[332.47, 19]",330.05,95,2.36,0.05
07:43:51,"[327.0, 24]","[325.0, 96]","[331.0, 24]","[332.04, 25]",329.0,169,4.0,0.42
07:43:52,"[325.25, 97]","[321.22, 49]","[328.87, 30]","[330.4, 30]",327.06,206,3.62,0.42
07:43:53,"[325.0, 90]","[315.38, 24]","[327.58, 24]","[338.29, 42]",326.29,180,2.58,0.27
07:43:54,"[325.73, 99]","[319.83, 87]","[332.25, 16]","[339.04, 57]",328.99,259,6.52,0.44
07:43:55,"[327.0, 54]","[325.0, 63]","[335.91, 33]","[340.0, 28]",331.45,178,8.91,0.31
07:43:56,"[327.0, 29]","[325.0, 63]","[336.0, 36]","[340.46, 13]",331.5,141,9.0,0.3
07:43:57,"[327.0, 12]","[325.0, 42]","[336.0, 24]","[338.0, 6]",331.5,84,9.0,0.29
07:43:58,"[327.0, 16]","[325.0, 56]","[336.0, 32]","[338.0, 8]",331.5,112,9.0,0.29
07:43:59,"[327.0, 25]","[325.0, 91]","[334.55, 53]","[335.55, 40]",330.77,209,7.55,0.11
07:44:00,"[328.0, 54]","[325.32, 50]","[333.0, 56]","[335.0, 98]",330.5,258,5.0,-0.19
07:44:01,"[329.87, 90]","[327.0, 39]","[333.0, 60]","[335.0, 75]",331.43,264,3.13,-0.02
07:44:02,"[330.0, 82]","[327.0, 70]","[333.16, 62]","[335.03, 66]",331.58,280,3.16,0.09
07:44:03,"[330.0, 20]","[327.0, 40]","[333.0, 40]","[335.0, 40]",331.5,140,3.0,-0.14
07:44:04,"[326.06, 34]","[325.08, 61]","[333.0, 45]","[335.0, 45]",329.53,185,6.94,0.03
07:44:05,"[325.79, 86]","[324.86, 128]","[329.72, 58]","[330.51, 82]",327.76,354,3.93,0.21
07:44:06,"[325.0, 54]","[323.0, 27]","[326.95, 21]","[328.9, 42]",325.98,144,1.95,0.12
07:44:07,"[325.0, 19]","[323.0, 36]","[326.0, 60]","[336.89, 45]",325.5,160,1.0,-0.31
07:44:08,"[325.0, 9]","[323.0, 27]","[326.0, 45]","[338.0, 45]",325.5,126,1.0,-0.43
07:44:09,"[323.5, 4]","[321.18, 11]","[326.0, 15]","[338.0, 15]",324.75,45,2.5,-0.33
07:44:10,"[322.0, 10]","[319.0, 25]","[325.6, 25]","[338.0, 25]",323.8,85,3.6,-0.18
07:44:11,"[322.05, 19]","[319.13, 47]","[325.0, 50]","[338.0, 50]",323.53,166,2.95,-0.2
07:44:12,"[322.88, 17]","[317.79, 38]","[328.38, 65]","[337.19, 57]",325.63,177,5.5,-0.38
07:44:13,"[322.56, 103]","[315.12, 68]","[333.79, 58]","[337.41, 54]",328.18,283,11.23,0.21
07:44:14,"[323.0, 30]","[316.32, 38]","[324.0, 20]","[336.0, 50]",323.5,138,1.0,-0.01
07:44:15,"[323.0, 27]","[316.0, 45]","[335.43, 42]","[339.0, 29]",329.21,143,12.43,0.01
07:44:16,"[325.8, 25]","[318.62, 40]","[334.09, 46]","[335.67, 42]",329.94,153,8.29,-0.15
07:44:17,"[330.0, 22]","[323.73, 33]","[332.51, 49]","[333.4, 50]",331.26,154,2.51,-0.29
07:44:18,"[330.0, 65]","[327.0, 54]","[331.85, 73]","[333.27, 88]",330.92,280,1.85,-0.15
07:44:19,"[330.0, 12]","[327.0, 36]","[332.61, 54]","[335.73, 44]",331.31,146,2.61,-0.34
07:44:20,"[330.0, 9]","[327.0, 27]","[332.0, 27]","[333.0, 18]",331.0,81,2.0,-0.11
07:44:21,"[330.0, 8]","[327.0, 24]","[331.75, 24]","[337.26, 19]",330.88,75,1.75,-0.15
07:44:22,"[329.7, 10]","[327.15, 26]","[335.24, 33]","[342.95, 55]",332.47,124,5.54,-0.42
07:44:23,"[329.0, 15]","[327.0, 45]","[341.4, 30]","[343.0, 120]",335.2,210,12.4,-0.43
07:44:24,"[329.0, 13]","[326.63, 43]","[340.46, 26]","[342.44, 89]",334.73,171,11.46,-0.35
07:44:25,"[329.0, 17]","[326.0, 68]","[335.93, 45]","[337.55, 40]",332.47,170,6.93,0.0
07:44:26,"[329.0, 15]","[326.95, 74]","[333.04, 45]","[335.0, 36]",331.02,170,4.04,0.05
07:44:27,"[327.21, 56]","[326.43, 70]","[332.02, 45]","[335.75, 44]",329.62,215,4.81,0.17
07:44:28,"[327.0, 64]","[325.45, 88]","[332.75, 48]","[334.27, 60]",329.88,260,5.75,0.17
07:44:29,"[327.0, 39]","[325.0, 195]","[331.62, 39]","[332.73, 55]",329.31,328,4.62,0.43
07:44:30,"[326.26, 81]","[324.95, 261]","[328.95, 63]","[330.17, 87]",327.61,492,2.69,0.39
07:44:31,"[325.0, 205]","[323.0, 45]","[326.65, 65]","[330.77, 47]",325.82,362,1.65,0.38
07:44:32,"[325.0, 85]","[323.0, 30]","[331.4, 30]","[339.12, 40]",328.2,185,6.4,0.24
07:44:33,"[328.76, 151]","[324.0, 18]","[336.0, 36]","[344.0, 96]",332.38,301,7.24,0.12
07:44:34,"[329.0, 144]","[325.0, 12]","[334.83, 36]","[343.82, 66]",331.92,258,5.83,0.21
07:44:35,"[329.0, 172]","[325.07, 15]","[332.27, 45]","[334.6, 45]",330.63,277,3.27,0.35
07:44:36,"[329.0, 88]","[326.62, 13]","[330.91, 33]","[335.45, 33]",329.95,167,1.91,0.21
07:44:37,"[329.0, 50]","[328.0, 16]","[330.0, 24]","[338.0, 24]",329.5,114,1.0,0.16
07:44:38,"[329.0, 26]","[328.0, 20]","[336.4, 30]","[341.2, 30]",332.7,106,7.4,-0.13
07:44:39,"[329.0, 82]","[328.0, 26]","[340.46, 39]","[342.69, 39]",334.73,186,11.46,0.16
07:44:40,"[329.0, 100]","[328.0, 20]","[342.0, 30]","[343.0, 30]",335.5,180,13.0,0.33
07:44:41,"[329.0, 118]","[328.0, 24]","[340.82, 34]","[342.26, 34]",334.91,210,11.82,0.35
07:44:42,"[329.0, 90]","[328.0, 20]","[332.0, 10]","[341.0, 30]",330.5,150,3.0,0.47
07:44:43,"[329.0, 28]","[328.0, 32]","[340.59, 44]","[341.85, 41]",334.8,145,11.59,-0.17
07:44:44,"[329.0, 34]","[328.0, 20]","[341.3, 33]","[405.71, 42]",335.15,129,12.3,-0.16
07:44:45,"[329.0, 66]","[328.0, 16]","[337.19, 36]","[339.92, 13]",333.1,131,8.19,0.25
07:44:46,"[329.0, 100]","[328.0, 20]","[334.6, 50]","[339.0, 10]",331.8,180,5.6,0.33
07:44:47,"[329.0, 80]","[328.0, 16]","[333.5, 40]","[341.62, 8]",331.25,144,4.5,0.33
07:44:48,"[329.0, 90]","[328.0, 18]","[333.0, 45]","[344.0, 9]",331.0,162,4.0,0.33
07:44:49,"[329.0, 124]","[328.0, 26]","[332.38, 65]","[343.08, 13]",330.69,228,3.38,0.32
07:44:50,"[329.0, 76]","[327.82, 11]","[331.0, 55]","[342.09, 11]",330.0,153,2.0,0.14
07:44:51,"[329.0, 33]","[328.0, 13]","[330.0, 65]","[342.13, 31]",329.5,142,1.0,-0.35
07:44:52,"[328.22, 9]","[326.44, 9]","[329.33, 45]","[341.86, 21]",328.78,84,1.11,-0.57
07:44:53,"[326.17, 12]","[325.04, 23]","[336.31, 16]","[341.26, 23]",331.24,74,10.15,-0.05
07:44:54,"[326.0, 11]","[325.0, 22]","[336.87, 23]","[340.25, 16]",331.43,72,10.87,-0.08
07:44:55,"[323.14, 42]","[321.14, 116]","[334.54, 41]","[337.38, 13]",328.84,212,11.39,0.49
07:44:56,"[323.0, 40]","[319.56, 16]","[324.0, 80]","[336.59, 34]",323.5,170,1.0,-0.34
07:44:57,"[322.64, 11]","[320.91, 11]","[324.0, 55]","[339.09, 11]",323.32,88,1.36,-0.5
07:44:58,"[322.64, 33]","[319.6, 15]","[323.92, 26]","[336.44, 27]",323.28,101,1.29,-0.05
07:44:59,"[324.71, 56]","[323.0, 49]","[326.0, 7]","[337.71, 28]",325.36,140,1.29,0.5
07:45:00,"[325.0, 64]","[323.0, 56]","[326.0, 8]","[333.0, 32]",325.5,160,1.0,0.5
07:45:01,"[325.0, 16]","[323.0, 14]","[326.0, 2]","[340.0, 8]",325.5,40,1.0,0.5
07:45:02,"[325.0, 96]","[323.0, 84]","[326.0, 12]","[340.0, 48]",325.5,240,1.0,0.5
07:45:03,"[325.0, 64]","[323.0, 56]","[326.0, 8]","[340.0, 32]",325.5,160,1.0,0.5
07:45:04,"[325.0, 41]","[323.0, 70]","[339.18, 34]","[361.24, 21]",332.09,166,14.18,0.34
07:45:05,"[326.76, 68]","[324.07, 30]","[340.0, 40]","[345.94, 33]",333.38,171,13.24,0.15
07:45:06,"[328.46, 104]","[323.3, 60]","[338.62, 52]","[342.31, 52]",333.54,268,10.15,0.22
07:45:07,"[329.9, 82]","[325.0, 11]","[334.0, 44]","[340.0, 44]",331.95,181,4.1,0.03
07:45:08,"[330.0, 32]","[325.0, 12]","[339.83, 48]","[343.0, 48]",334.92,140,9.83,-0.37
07:45:09,"[330.0, 15]","[327.0, 24]","[338.67, 30]","[340.33, 60]",334.33,129,8.67,-0.4
07:45:10,"[330.0, 11]","[329.0, 44]","[335.71, 17]","[340.21, 38]",332.85,110,5.71,0.0
07:45:11,"[329.67, 9]","[328.56, 27]","[331.44, 9]","[342.0, 36]",330.56,81,1.78,-0.11
07:45:12,"[319.49, 85]","[316.16, 32]","[340.84, 31]","[343.12, 34]",330.17,182,21.34,0.29
07:45:13,"[326.14, 56]","[318.84, 153]","[339.55, 44]","[347.0, 44]",332.84,297,13.4,0.41
07:45:14,"[329.0, 32]","[319.0, 96]","[339.0, 32]","[346.12, 32]",334.0,192,10.0,0.33
07:45:15,"[329.0, 24]","[319.0, 72]","[343.05, 22]","[346.71, 21]",336.02,139,14.05,0.38
07:45:16,"[329.0, 28]","[319.0, 84]","[337.26, 19]","[339.0, 19]",333.13,150,8.26,0.49
07:45:17,"[329.0, 44]","[319.0, 132]","[335.82, 33]","[337.09, 33]",332.41,242,6.82,0.45
07:45:18,"[329.0, 28]","[319.0, 84]","[334.86, 21]","[336.71, 21]",331.93,154,5.86,0.45
07:45:19,"[329.0, 44]","[319.0, 132]","[333.09, 33]","[334.36, 33]",331.05,242,4.09,0.45
07:45:20,"[321.21, 105]","[318.32, 106]","[330.0, 42]","[331.0, 42]",325.6,295,8.79,0.43
07:45:21,"[327.0, 28]","[317.1, 101]","[329.73, 33]","[330.73, 33]",328.36,195,2.73,0.32
07:45:22,"[326.0, 15]","[317.77, 39]","[328.24, 25]","[329.78, 23]",327.12,102,2.24,0.06
07:45:23,"[324.5, 8]","[317.66, 38]","[328.0, 8]","[329.0, 24]",326.25,78,3.5,0.18
07:45:24,"[322.86, 14]","[317.12, 124]","[326.11, 38]","[327.0, 18]",324.48,194,3.25,0.42
07:45:25,"[317.37, 54]","[315.2, 80]","[322.7, 10]","[324.0, 30]",320.04,174,5.33,0.54
07:45:26,"[317.0, 77]","[313.0, 66]","[319.5, 30]","[326.92, 25]",318.25,198,2.5,0.44
07:45:27,"[317.0, 42]","[313.0, 36]","[318.0, 6]","[319.0, 18]",317.5,102,1.0,0.53
07:45:28,"[317.0, 70]","[313.55, 44]","[318.88, 24]","[328.74, 23]",317.94,161,1.88,0.42
07:45:29,"[317.0, 46]","[316.0, 14]","[318.86, 21]","[322.64, 33]",317.93,114,1.86,0.05
07:45:30,"[317.0, 48]","[314.8, 30]","[319.0, 36]","[324.0, 60]",318.0,174,2.0,-0.1
07:45:31,"[317.0, 16]","[313.0, 16]","[319.0, 12]","[324.0, 20]",318.0,64,2.0,0.0
07:45:32,"[317.0, 16]","[313.0, 16]","[319.0, 12]","[324.0, 20]",318.0,64,2.0,0.0
07:45:33,"[315.67, 36]","[307.0, 33]","[319.0, 27]","[324.0, 45]",317.33,141,3.33,-0.02
07:45:34,"[313.0, 28]","[257.67, 27]","[318.44, 18]","[322.45, 29]",315.72,102,5.44,0.08
07:45:35,"[313.0, 48]","[208.68, 50]","[316.64, 22]","[318.5, 32]",314.82,152,3.64,0.29
07:45:36,"[314.06, 32]","[266.12, 32]","[322.2, 15]","[323.64, 42]",318.13,121,8.14,0.06
07:45:37,"[327.7, 20]","[314.5, 20]","[331.03, 29]","[332.0, 35]",329.37,104,3.33,-0.23
07:45:38,"[312.18, 17]","[310.25, 16]","[320.12, 26]","[331.22, 23]",316.15,82,7.94,-0.2
07:45:39,"[314.0, 20]","[312.79, 19]","[319.57, 21]","[331.4, 25]",316.79,85,5.57,-0.08
07:45:40,"[323.67, 27]","[322.12, 32]","[328.81, 31]","[330.2, 25]",326.24,115,5.14,0.03
07:45:41,"[326.1, 62]","[319.91, 46]","[328.85, 41]","[511.22, 45]",327.48,194,2.76,0.11
07:45:42,"[327.7, 111]","[319.59, 74]","[329.69, 65]","[565.86, 56]",328.7,306,1.99,0.21
07:45:43,"[329.0, 81]","[326.0, 72]","[330.0, 45]","[546.0, 32]",329.5,230,1.0,0.33
07:45:44,"[329.0, 84]","[326.0, 80]","[330.0, 50]","[387.54, 46]",329.5,260,1.0,0.26
07:45:45,"[329.0, 98]","[326.06, 77]","[330.0, 70]","[413.39, 89]",329.5,334,1.0,0.05
07:45:46,"[329.0, 70]","[327.0, 10]","[330.0, 50]","[519.1, 49]",329.5,179,1.0,-0.11
07:45:47,"[329.0, 84]","[327.0, 12]","[330.0, 60]","[457.08, 60]",329.5,216,1.0,-0.11
07:45:48,"[329.0, 19]","[327.0, 7]","[330.0, 35]","[383.0, 35]",329.5,96,1.0,-0.46
07:45:49,"[329.0, 18]","[327.0, 9]","[330.0, 45]","[383.0, 45]",329.5,117,1.0,-0.54
07:45:50,"[328.09, 23]","[326.2, 10]","[330.0, 45]","[467.44, 45]",329.04,123,1.91,-0.46
07:45:51,"[326.0, 77]","[323.0, 22]","[330.0, 55]","[487.91, 55]",328.0,209,4.0,-0.05
07:45:52,"[326.0, 29]","[323.0, 24]","[330.0, 60]","[524.73, 59]",328.0,172,4.0,-0.38
07:45:53,"[326.0, 20]","[323.0, 20]","[329.53, 38]","[436.08, 49]",327.76,127,3.53,-0.37
07:45:54,"[328.16, 25]","[323.6, 15]","[356.59, 29]","[522.74, 43]",342.37,112,28.43,-0.29
07:45:55,"[329.0, 48]","[326.0, 8]","[330.0, 24]","[403.41, 27]",329.5,107,1.0,0.05
07:45:56,"[329.0, 122]","[324.33, 18]","[330.0, 39]","[337.15, 39]",329.5,218,1.0,0.28
07:45:57,"[329.0, 80]","[325.4, 20]","[330.0, 30]","[335.0, 30]",329.5,160,1.0,0.25
07:45:58,"[329.0, 72]","[326.0, 18]","[330.0, 27]","[335.0, 27]",329.5,144,1.0,0.25
07:45:59,"[329.0, 36]","[326.0, 14]","[330.0, 21]","[335.0, 21]",329.5,92,1.0,0.09
07:46:00,"[326.86, 28]","[324.0, 20]","[330.0, 33]","[335.0, 33]",328.43,114,3.14,-0.16
07:46:01,"[323.44, 18]","[321.0, 12]","[330.0, 30]","[335.0, 30]",326.72,90,6.56,-0.33
07:46:02,"[327.67, 9]","[325.0, 12]","[330.0, 27]","[335.0, 27]",328.83,75,2.33,-0.44
07:46:03,"[327.5, 12]","[323.8, 20]","[330.0, 28]","[335.0, 36]",328.75,96,2.5,-0.33
07:46:04,"[327.0, 9]","[323.0, 18]","[329.18, 22]","[333.58, 24]",328.09,73,2.18,-0.26
07:46:05,"[327.0, 9]","[323.0, 18]","[328.0, 36]","[330.22, 18]",327.5,81,1.0,-0.33
07:46:06,"[324.14, 28]","[322.57, 21]","[329.77, 44]","[333.73, 33]",326.96,126,5.63,-0.22
07:46:07,"[324.8, 20]","[317.94, 32]","[329.69, 39]","[331.0, 26]",327.25,117,4.89,-0.11
07:46:08,"[322.0, 11]","[315.0, 33]","[329.0, 33]","[331.0, 22]",325.5,99,7.0,-0.11
07:46:09,"[321.5, 14]","[318.92, 12]","[329.0, 30]","[331.0, 20]",325.25,76,7.5,-0.32
07:46:10,"[314.86, 28]","[313.45, 11]","[326.78, 27]","[330.4, 20]",320.82,86,11.92,-0.09
07:46:11,"[315.43, 320]","[313.61, 62]","[318.35, 60]","[324.76, 58]",316.89,500,2.93,0.53
07:46:12,"[318.14, 102]","[315.96, 142]","[326.0, 50]","[329.7, 46]",322.07,340,7.86,0.44
07:46:13,"[321.14, 101]","[321.83, 119]","[329.0, 55]","[330.0, 44]",325.07,319,7.86,0.38
07:46:14,"[322.65, 243]","[320.76, 80]","[329.0, 62]","[330.0, 64]",325.82,449,6.35,0.44
07:46:15,"[323.93, 238]","[322.0, 42]","[327.35, 40]","[328.44, 39]",325.64,359,3.42,0.56
07:46:16,"[324.36, 155]","[321.5, 42]","[326.14, 42]","[328.92, 50]",325.25,289,1.78,0.36
07:46:17,"[323.44, 80]","[320.5, 28]","[328.5, 40]","[330.47, 30]",325.97,178,5.06,0.21
07:46:18,"[323.0, 56]","[322.0, 16]","[330.14, 28]","[332.2, 20]",326.57,120,7.14,0.2
07:46:19,"[325.36, 50]","[323.35, 31]","[331.0, 16]","[334.0, 32]",328.18,129,5.64,0.26
07:46:20,"[329.0, 35]","[325.71, 49]","[331.0, 14]","[334.0, 28]",330.0,126,2.0,0.33
07:46:21,"[329.0, 45]","[327.0, 63]","[331.0, 18]","[334.0, 36]",330.0,162,2.0,0.33
07:46:22,"[329.0, 45]","[327.0, 63]","[331.0, 18]","[334.0, 36]",330.0,162,2.0,0.33
07:46:23,"[329.0, 60]","[327.0, 84]","[333.67, 36]","[335.0, 48]",331.33,228,4.67,0.26
07:46:24,"[329.0, 60]","[327.0, 98]","[331.64, 44]","[334.0, 56]",330.32,258,2.64,0.22
07:46:25,"[329.0, 60]","[327.0, 105]","[330.89, 74]","[335.16, 37]",329.95,276,1.89,0.2
07:46:26,"[329.0, 44]","[327.0, 91]","[331.41, 34]","[334.85, 52]",330.21,221,2.41,0.22
07:46:27,"[329.0, 18]","[327.0, 63]","[333.0, 36]","[339.0, 36]",331.0,153,4.0,0.06
07:46:28,"[329.0, 10]","[327.0, 35]","[333.0, 20]","[339.0, 20]",331.0,85,4.0,0.06
07:46:29,"[329.0, 24]","[327.0, 147]","[333.0, 48]","[339.0, 48]",331.0,267,4.0,0.28
07:46:30,"[329.0, 30]","[327.0, 210]","[333.0, 60]","[339.0, 60]",331.0,360,4.0,0.33
07:46:31,"[327.0, 144]","[325.0, 36]","[332.86, 36]","[337.0, 48]",329.93,264,5.86,0.36
07:46:32,"[327.0, 168]","[325.0, 42]","[329.43, 14]","[334.44, 59]",328.21,283,2.43,0.48
07:46:33,"[327.0, 204]","[325.41, 51]","[328.82, 17]","[338.0, 68]",327.91,340,1.82,0.5
07:46:34,"[327.0, 142]","[326.0, 42]","[331.2, 30]","[336.24, 51]",329.1,265,4.2,0.39
07:46:35,"[329.0, 91]","[327.0, 94]","[332.0, 42]","[338.71, 56]",330.5,283,3.0,0.31
07:46:36,"[329.0, 70]","[327.0, 112]","[337.38, 52]","[341.14, 56]",333.19,290,8.38,0.26
07:46:37,"[329.0, 45]","[327.0, 72]","[339.0, 36]","[342.0, 36]",334.0,189,10.0,0.24
07:46:38,"[329.0, 45]","[327.0, 72]","[339.0, 36]","[342.0, 36]",334.0,189,10.0,0.24
07:46:39,"[329.74, 19]","[328.18, 51]","[339.0, 32]","[342.0, 32]",334.37,134,9.26,0.04
07:46:40,"[327.75, 64]","[326.9, 116]","[339.0, 48]","[342.0, 48]",333.38,276,11.25,0.3
07:46:41,"[327.0, 138]","[326.0, 36]","[339.0, 48]","[342.0, 48]",333.0,270,12.0,0.29
07:46:42,"[327.0, 72]","[326.0, 24]","[338.57, 28]","[340.5, 32]",332.79,156,11.57,0.23
07:46:43,"[327.16, 98]","[326.55, 66]","[337.02, 49]","[338.57, 49]",332.09,262,9.86,0.25
07:46:44,"[329.0, 28]","[327.0, 96]","[335.14, 56]","[338.0, 42]",332.07,222,6.14,0.12
07:46:45,"[329.0, 26]","[327.0, 52]","[335.27, 49]","[338.1, 40]",332.13,167,6.27,-0.07
07:46:46,"[328.0, 20]","[326.57, 35]","[335.52, 23]","[337.39, 31]",331.76,109,7.52,0.01
07:46:47,"[326.76, 29]","[325.37, 89]","[332.71, 59]","[334.13, 55]",329.74,232,5.95,0.02
07:46:48,"[326.0, 15]","[325.0, 120]","[329.45, 47]","[330.38, 45]",327.72,227,3.45,0.19
07:46:49,"[325.02, 49]","[323.32, 50]","[328.6, 15]","[329.94, 32]",326.81,146,3.58,0.36
07:46:50,"[325.0, 96]","[323.0, 84]","[327.5, 24]","[329.09, 33]",326.25,237,2.5,0.52
07:46:51,"[323.52, 85]","[322.48, 103]","[326.0, 32]","[334.66, 67]",324.76,287,2.48,0.31
07:46:52,"[323.36, 66]","[322.61, 92]","[326.57, 28]","[335.6, 40]",324.97,226,3.21,0.4
07:46:53,"[324.0, 27]","[323.0, 63]","[335.0, 18]","[336.44, 36]",329.5,144,11.0,0.25
07:46:54,"[324.45, 33]","[323.0, 77]","[335.0, 22]","[338.0, 44]",329.73,176,10.55,0.25
07:46:55,"[326.8, 30]","[324.67, 43]","[334.57, 35]","[337.61, 46]",330.69,154,7.77,-0.05
07:46:56,"[327.0, 26]","[325.0, 60]","[333.3, 54]","[337.28, 43]",330.15,183,6.3,-0.06
07:46:57,"[327.0, 52]","[325.0, 78]","[331.62, 52]","[333.0, 65]",329.31,247,4.62,0.05
07:46:58,"[327.0, 52]","[325.0, 78]","[330.47, 57]","[332.33, 60]",328.74,247,3.47,0.05
07:46:59,"[325.73, 66]","[323.85, 85]","[328.0, 56]","[333.22, 54]",326.86,261,2.27,0.16
07:47:00,"[325.0, 65]","[323.0, 77]","[326.18, 44]","[336.18, 44]",325.59,230,1.18,0.23
07:47:01,"[324.79, 39]","[322.89, 91]","[334.47, 60]","[340.0, 50]",329.63,240,9.67,0.08
07:47:02,"[322.0, 121]","[316.3, 240]","[337.24, 49]","[340.92, 26]",329.62,436,15.24,0.66
07:47:03,"[323.57, 54]","[318.86, 125]","[337.0, 75]","[340.0, 30]",330.29,284,13.43,0.26
07:47:04,"[327.0, 22]","[323.0, 11]","[337.0, 55]","[340.0, 22]",332.0,110,10.0,-0.4
07:47:05,"[325.19, 59]","[318.74, 113]","[337.0, 65]","[340.0, 26]",331.09,263,11.81,0.31
07:47:06,"[329.0, 98]","[322.0, 63]","[337.0, 35]","[340.0, 14]",333.0,210,8.0,0.53
07:47:07,"[329.0, 112]","[322.5, 36]","[337.0, 40]","[340.0, 16]",333.0,204,8.0,0.45
07:47:08,"[329.0, 149]","[323.0, 33]","[337.0, 55]","[340.0, 22]",333.0,259,8.0,0.41
07:47:09,"[329.0, 95]","[323.0, 21]","[337.0, 35]","[340.0, 14]",333.0,165,8.0,0.41
07:47:10,"[329.0, 135]","[323.0, 27]","[337.0, 45]","[340.0, 18]",333.0,225,8.0,0.44
07:47:11,"[329.0, 135]","[323.0, 27]","[339.29, 21]","[342.85, 40]",334.14,223,10.29,0.45
07:47:12,"[329.0, 180]","[324.17, 36]","[339.31, 26]","[342.81, 64]",334.15,306,10.31,0.41
07:47:13,"[329.0, 150]","[325.0, 30]","[337.0, 30]","[339.7, 20]",333.0,230,8.0,0.57
07:47:14,"[329.0, 100]","[325.0, 27]","[337.0, 27]","[339.0, 18]",333.0,172,8.0,0.48
07:47:15,"[329.0, 90]","[325.59, 17]","[337.0, 27]","[339.0, 18]",333.0,152,8.0,0.41
07:47:16,"[329.0, 110]","[327.0, 11]","[336.09, 33]","[339.7, 30]",332.55,184,7.09,0.32
07:47:17,"[329.0, 55]","[327.0, 7]","[335.62, 13]","[338.5, 24]",332.31,99,6.62,0.25
07:47:18,"[329.0, 69]","[327.0, 14]","[332.0, 22]","[333.18, 40]",330.5,145,3.0,0.14
07:47:19,"[329.0, 32]","[327.0, 8]","[331.38, 24]","[333.0, 24]",330.19,88,2.38,-0.09
07:47:20,"[328.56, 36]","[325.5, 32]","[330.19, 48]","[337.39, 76]",329.37,192,1.63,-0.29
07:47:21,"[327.0, 13]","[325.0, 39]","[328.65, 17]","[329.94, 35]",327.82,104,1.65,0.0
07:47:22,"[326.22, 41]","[325.42, 57]","[328.23, 35]","[336.27, 33]",327.22,166,2.01,0.18
07:47:23,"[324.8, 79]","[324.04, 78]","[326.61, 31]","[328.65, 17]",325.71,205,1.82,0.53
07:47:24,"[324.0, 54]","[323.0, 30]","[325.0, 10]","[336.29, 28]",324.5,122,1.0,0.38
07:47:25,"[324.0, 33]","[323.0, 21]","[326.09, 11]","[334.89, 27]",325.05,92,2.09,0.17
07:47:26,"[324.0, 44]","[323.0, 33]","[336.82, 33]","[339.9, 60]",330.41,170,12.82,-0.09
07:47:27,"[324.12, 50]","[323.11, 37]","[336.67, 12]","[338.61, 54]",330.39,153,12.55,0.14
07:47:28,"[325.81, 96]","[324.0, 64]","[331.66, 29]","[334.51, 37]",328.73,226,5.84,0.42
07:47:29,"[325.55, 87]","[322.53, 121]","[328.86, 50]","[334.53, 30]",327.21,288,3.31,0.44
07:47:30,"[325.62, 71]","[324.7, 205]","[328.58, 19]","[336.8, 35]",327.1,330,2.96,0.67
07:47:31,"[326.0, 180]","[325.0, 12]","[337.0, 24]","[338.0, 24]",331.5,240,11.0,0.6
07:47:32,"[326.0, 180]","[325.0, 12]","[337.0, 24]","[338.0, 24]",331.5,240,11.0,0.6
07:47:33,"[325.97, 134]","[324.29, 17]","[334.88, 34]","[338.0, 34]",330.43,219,8.91,0.38
07:47:34,"[327.95, 122]","[324.5, 12]","[333.0, 24]","[338.0, 24]",330.48,182,5.05,0.47
07:47:35,"[328.0, 75]","[325.0, 8]","[333.0, 16]","[337.38, 16]",330.5,115,5.0,0.44
07:47:36,"[328.0, 72]","[325.0, 8]","[333.0, 16]","[337.0, 16]",330.5,112,5.0,0.43
07:47:37,"[328.0, 54]","[325.0, 6]","[333.0, 12]","[337.0, 12]",330.5,84,5.0,0.43
07:47:38,"[328.0, 63]","[325.0, 7]","[333.0, 14]","[337.0, 14]",330.5,98,5.0,0.43
07:47:39,"[328.0, 45]","[325.0, 5]","[332.0, 20]","[334.2, 10]",330.0,80,4.0,0.25
07:47:40,"[328.0, 81]","[325.0, 9]","[331.67, 36]","[335.0, 18]",329.83,144,3.67,0.25
07:47:41,"[328.0, 72]","[325.0, 8]","[331.0, 32]","[335.0, 16]",329.5,128,3.0,0.25
07:47:42,"[328.0, 117]","[325.0, 13]","[331.0, 52]","[335.0, 26]",329.5,208,3.0,0.25
07:47:43,"[328.0, 124]","[325.82, 62]","[330.0, 64]","[338.75, 72]",329.0,322,2.0,0.16
07:47:44,"[328.0, 37]","[326.0, 55]","[333.62, 52]","[338.22, 51]",330.81,195,5.62,-0.06
07:47:45,"[328.0, 16]","[326.0, 80]","[337.11, 44]","[338.67, 43]",332.56,183,9.11,0.05
07:47:46,"[325.73, 22]","[325.49, 39]","[336.0, 22]","[338.0, 33]",330.86,116,10.27,0.05
07:47:47,"[325.0, 40]","[324.0, 20]","[336.0, 35]","[339.46, 35]",330.5,130,11.0,-0.08
07:47:48,"[325.0, 28]","[324.0, 14]","[336.0, 14]","[337.0, 28]",330.5,84,11.0,0.0
07:47:49,"[325.72, 18]","[324.91, 44]","[336.0, 24]","[337.0, 48]",330.86,134,10.28,-0.07
07:47:50,"[327.07, 14]","[325.0, 56]","[336.0, 28]","[337.0, 56]",331.54,154,8.93,-0.09
07:47:51,"[328.0, 16]","[325.0, 64]","[334.46, 65]","[336.98, 82]",331.23,227,6.46,-0.3
07:47:52,"[328.0, 11]","[325.0, 44]","[331.33, 52]","[333.47, 51]",329.66,158,3.33,-0.3
07:47:53,"[325.33, 27]","[324.33, 36]","[329.71, 42]","[334.0, 45]",327.52,150,4.38,-0.16
07:47:54,"[325.0, 52]","[324.0, 52]","[328.86, 57]","[333.85, 65]",326.93,226,3.86,-0.08
07:47:55,"[324.3, 40]","[322.73, 33]","[326.15, 26]","[334.04, 46]",325.23,145,1.85,0.01
07:47:56,"[324.0, 29]","[322.0, 33]","[332.37, 19]","[333.79, 43]",328.18,124,8.37,0.0
07:47:57,"[323.05, 19]","[320.42, 53]","[335.92, 49]","[338.18, 39]",329.49,160,12.87,-0.1
07:47:58,"[316.31, 48]","[315.1, 70]","[335.9, 30]","[339.6, 45]",326.11,193,19.59,0.22
07:47:59,"[317.88, 56]","[315.65, 84]","[335.0, 42]","[336.0, 42]",326.44,224,17.12,0.25
07:48:00,"[323.73, 22]","[318.71, 35]","[334.64, 28]","[335.89, 27]",329.19,112,10.92,0.02
07:48:01,"[327.0, 42]","[321.0, 36]","[330.43, 40]","[332.66, 32]",328.71,150,3.43,0.04
07:48:02,"[327.0, 76]","[321.0, 33]","[329.83, 29]","[331.11, 38]",328.41,176,2.83,0.24
07:48:03,"[323.04, 25]","[320.21, 89]","[326.65, 20]","[328.23, 65]",324.85,199,3.61,0.15
07:48:04,"[322.94, 16]","[321.0, 16]","[324.64, 22]","[325.97, 58]",323.79,112,1.7,-0.43
07:48:05,"[321.0, 9]","[320.0, 63]","[324.0, 36]","[336.0, 31]",322.5,139,3.0,0.04
07:48:06,"[325.0, 33]","[320.03, 79]","[332.86, 43]","[337.08, 39]",328.93,194,7.86,0.15
07:48:07,"[327.0, 154]","[320.05, 74]","[330.86, 42]","[333.0, 18]",328.93,288,3.86,0.58
07:48:08,"[327.0, 187]","[320.4, 35]","[329.31, 55]","[331.94, 51]",328.15,328,2.31,0.35
07:48:09,"[327.0, 124]","[321.0, 14]","[328.0, 56]","[332.57, 42]",327.5,236,1.0,0.17
07:48:10,"[327.0, 56]","[321.0, 7]","[328.0, 28]","[335.0, 7]",327.5,98,1.0,0.29
07:48:11,"[327.0, 72]","[321.0, 12]","[328.0, 38]","[335.0, 12]",327.5,134,1.0,0.25
07:48:12,"[323.57, 28]","[320.09, 35]","[327.58, 57]","[335.0, 19]",325.58,139,4.01,-0.09
07:48:13,"[321.0, 12]","[320.0, 24]","[325.55, 42]","[328.17, 41]",323.27,119,4.55,-0.39
07:48:14,"[321.0, 14]","[320.0, 28]","[323.68, 53]","[324.6, 45]",322.34,140,2.68,-0.4
07:48:15,"[320.71, 14]","[319.83, 24]","[322.0, 48]","[324.0, 36]",321.36,122,1.29,-0.38
07:48:16,"[320.0, 30]","[317.78, 23]","[321.7, 27]","[329.65, 49]",320.85,129,1.7,-0.18
07:48:17,"[317.0, 10]","[312.12, 50]","[321.0, 8]","[331.0, 32]",319.0,100,4.0,0.2
07:48:18,"[315.0, 10]","[312.0, 80]","[319.9, 10]","[330.56, 36]",317.45,136,4.9,0.32
07:48:19,"[313.59, 17]","[309.76, 55]","[321.59, 17]","[330.21, 56]",317.59,145,8.0,-0.01
07:48:20,"[324.0, 6]","[311.0, 12]","[329.87, 23]","[332.86, 21]",326.93,62,5.87,-0.42
07:48:21,"[324.0, 8]","[309.0, 16]","[329.0, 31]","[332.9, 29]",326.5,84,5.0,-0.43
07:48:22,"[311.52, 21]","[255.48, 21]","[321.0, 32]","[330.73, 30]",316.26,104,9.48,-0.19
07:48:23,"[311.1, 29]","[307.93, 30]","[313.0, 19]","[324.5, 60]",312.05,138,1.9,-0.14
07:48:24,"[310.36, 22]","[303.36, 22]","[313.0, 11]","[317.0, 55]",311.68,110,2.64,-0.2
07:48:25,"[306.27, 22]","[301.55, 22]","[313.0, 11]","[317.0, 55]",309.64,110,6.73,-0.2
07:48:26,"[308.0, 20]","[301.0, 20]","[313.0, 10]","[317.0, 50]",310.5,100,5.0,-0.2
07:48:27,"[308.0, 18]","[301.0, 18]","[313.0, 9]","[317.0, 48]",310.5,93,5.0,-0.23
07:48:28,"[313.52, 61]","[309.77, 44]","[317.0, 96]","[327.0, 48]",315.26,249,3.48,-0.16
07:48:29,"[315.04, 52]","[310.38, 65]","[317.0, 80]","[327.0, 44]",316.02,241,1.96,-0.03
07:48:30,"[313.33, 45]","[308.67, 54]","[317.0, 63]","[327.0, 36]",315.17,198,3.67,0.0
07:48:31,"[312.0, 50]","[307.0, 60]","[316.21, 28]","[321.71, 34]",314.11,172,4.21,0.28
07:48:32,"[312.53, 107]","[308.0, 75]","[314.38, 21]","[317.77, 39]",313.46,242,1.85,0.5
07:48:33,"[313.78, 258]","[310.36, 88]","[316.63, 27]","[325.54, 67]",315.21,440,2.85,0.57
07:48:34,"[315.73, 11]","[312.36, 107]","[325.95, 43]","[328.52, 27]",320.84,188,10.23,0.26
07:48:35,"[316.97, 99]","[310.36, 22]","[328.0, 45]","[330.0, 9]",322.48,175,11.03,0.38
07:48:36,"[317.7, 160]","[316.0, 10]","[327.8, 44]","[328.64, 22]",322.75,236,10.1,0.44
07:48:37,"[319.1, 124]","[318.91, 199]","[326.68, 57]","[328.0, 95]",322.89,475,7.59,0.36
07:48:38,"[322.3, 174]","[321.22, 27]","[326.0, 51]","[328.0, 49]",324.15,301,3.7,0.34
07:48:39,"[323.0, 112]","[322.0, 13]","[324.38, 48]","[329.15, 39]",323.69,212,1.38,0.18
07:48:40,"[323.37, 41]","[322.0, 11]","[330.05, 59]","[331.86, 21]",326.71,132,6.68,-0.21
07:48:41,"[324.0, 24]","[323.0, 16]","[331.0, 40]","[333.0, 13]",327.5,93,7.0,-0.14
07:48:42,"[324.0, 36]","[323.0, 24]","[330.67, 60]","[333.0, 24]",327.33,144,6.67,-0.17
07:48:43,"[323.36, 22]","[317.93, 45]","[330.0, 92]","[333.0, 12]",326.68,171,6.64,-0.22
07:48:44,"[322.0, 3]","[319.0, 18]","[330.0, 27]","[333.0, 3]",326.0,51,8.0,-0.18
07:48:45,"[322.0, 6]","[319.0, 36]","[330.0, 54]","[333.67, 6]",326.0,102,8.0,-0.18
07:48:46,"[322.0, 9]","[319.0, 54]","[330.0, 61]","[334.0, 9]",326.0,133,8.0,-0.05
07:48:47,"[323.96, 57]","[321.1, 20]","[329.69, 64]","[331.63, 27]",326.83,168,5.72,-0.08
07:48:48,"[325.93, 15]","[322.0, 15]","[328.93, 75]","[331.79, 28]",327.43,133,3.0,-0.55
07:48:49,"[326.0, 15]","[323.93, 54]","[328.0, 75]","[329.0, 75]",327.0,219,2.0,-0.37
07:48:50,"[324.07, 58]","[322.76, 21]","[326.65, 20]","[329.2, 75]",325.36,174,2.58,-0.09
07:48:51,"[324.0, 63]","[322.0, 15]","[329.51, 51]","[332.25, 56]",326.75,185,5.51,-0.16
07:48:52,"[324.0, 30]","[322.0, 10]","[331.8, 50]","[336.8, 10]",327.9,100,7.8,-0.2
07:48:53,"[324.0, 39]","[322.0, 13]","[331.23, 65]","[333.06, 33]",327.62,150,7.23,-0.31
07:48:54,"[319.71, 70]","[314.24, 58]","[328.22, 36]","[330.5, 90]",323.97,254,8.51,0.01
07:48:55,"[323.0, 30]","[319.0, 90]","[327.27, 30]","[331.0, 75]",325.13,225,4.27,0.07
07:48:56,"[323.62, 68]","[319.95, 112]","[326.2, 40]","[331.0, 100]",324.91,320,2.58,0.12
07:48:57,"[320.63, 95]","[319.57, 56]","[325.0, 26]","[330.56, 54]",322.82,231,4.37,0.31
07:48:58,"[320.0, 130]","[319.0, 78]","[323.47, 47]","[326.16, 32]",321.73,287,3.47,0.45
07:48:59,"[320.0, 96]","[319.0, 78]","[321.21, 47]","[324.39, 36]",320.61,257,1.21,0.35
07:49:00,"[320.0, 33]","[319.0, 48]","[322.29, 28]","[335.25, 20]",321.14,129,2.29,0.26
07:49:01,"[320.78, 9]","[319.37, 19]","[333.0, 9]","[336.0, 45]",326.89,82,12.22,-0.32
