Time,Bid1,Bid2,Ask1,Ask2,Mid-Price,Total_volume,Bid_ask_spread,Order_imbalance
07:30:00,"[146.0, 2]","[0, 0]","[0, 0]","[0, 0]",73.0,2,-146.0,1.0
07:30:02,"[146.0, 4]","[0, 0]","[799.5, 8]","[0, 0]",472.75,12,653.5,-0.33
07:30:03,"[146.0, 10]","[0, 0]","[148.4, 20]","[370.64, 14]",147.2,44,2.4,-0.55
07:30:04,"[0, 0]","[0, 0]","[146.75, 24]","[170.46, 24]",73.38,48,146.75,-1.0
07:30:05,"[1.12, 17]","[1.0, 5]","[136.0, 10]","[137.0, 20]",68.56,52,134.88,-0.15
07:30:06,"[3.6, 25]","[2.0, 10]","[136.0, 10]","[137.0, 20]",69.8,65,132.4,0.08
07:30:07,"[64.46, 13]","[3.9, 42]","[135.67, 18]","[136.8, 30]",100.06,103,71.21,0.07
07:30:08,"[93.64, 22]","[69.92, 38]","[133.78, 18]","[136.0, 18]",113.71,96,40.14,0.25
07:30:09,"[97.52, 31]","[96.76, 25]","[132.12, 16]","[135.4, 10]",114.82,82,34.61,0.37
07:30:10,"[99.59, 46]","[98.97, 31]","[131.91, 22]","[135.0, 11]",115.75,110,32.32,0.4
07:30:11,"[102.0, 6]","[100.0, 15]","[131.0, 4]","[135.0, 3]",116.5,28,29.0,0.5
07:30:12,"[103.48, 29]","[100.44, 41]","[133.56, 18]","[134.82, 11]",118.52,99,30.07,0.41
07:30:13,"[110.92, 39]","[107.3, 30]","[134.0, 18]","[135.0, 9]",122.46,96,23.08,0.44
07:30:14,"[116.94, 16]","[115.21, 19]","[134.0, 10]","[135.0, 5]",125.47,50,17.06,0.4
07:30:15,"[120.52, 25]","[118.88, 52]","[134.0, 22]","[135.0, 11]",127.26,110,13.48,0.4
07:30:16,"[122.65, 40]","[121.96, 27]","[134.0, 12]","[135.0, 9]",128.32,88,11.35,0.52
07:30:17,"[127.16, 45]","[125.44, 25]","[134.5, 12]","[135.82, 22]",130.83,104,7.34,0.35
07:30:18,"[130.46, 48]","[129.11, 54]","[135.0, 12]","[136.0, 24]",132.73,138,4.54,0.48
07:30:19,"[132.92, 65]","[129.61, 41]","[134.43, 21]","[135.82, 22]",133.68,149,1.51,0.42
07:30:20,"[134.29, 35]","[133.17, 60]","[136.67, 42]","[137.53, 60]",135.48,197,2.38,-0.04
07:30:21,"[134.66, 35]","[131.13, 47]","[137.63, 54]","[138.97, 33]",136.14,169,2.97,-0.03
07:30:22,"[131.27, 33]","[127.36, 33]","[138.0, 55]","[141.96, 56]",134.64,177,6.73,-0.25
07:30:23,"[130.21, 38]","[127.5, 48]","[134.0, 16]","[138.0, 80]",132.11,182,3.79,-0.05
07:30:24,"[132.69, 26]","[129.6, 30]","[138.32, 31]","[141.5, 28]",135.51,115,5.63,-0.03
07:30:25,"[134.14, 28]","[132.79, 28]","[138.0, 52]","[139.82, 33]",136.07,141,3.86,-0.21
07:30:26,"[135.33, 18]","[133.0, 18]","[138.0, 18]","[139.0, 18]",136.67,72,2.67,0.0
07:30:27,"[136.64, 22]","[133.0, 22]","[138.0, 22]","[139.0, 22]",137.32,88,1.36,0.0
07:30:28,"[137.0, 18]","[130.0, 24]","[138.67, 18]","[139.5, 12]",137.83,72,1.67,0.17
07:30:29,"[130.31, 52]","[127.68, 50]","[139.47, 15]","[144.38, 32]",134.89,149,9.16,0.37
07:30:30,"[129.44, 72]","[127.42, 55]","[141.67, 45]","[165.73, 44]",135.56,216,12.22,0.18
07:30:31,"[131.5, 145]","[130.34, 166]","[138.95, 63]","[141.72, 53]",135.22,427,7.46,0.46
07:30:32,"[131.0, 228]","[129.0, 108]","[138.12, 34]","[157.42, 48]",134.56,418,7.12,0.61
07:30:33,"[131.0, 190]","[130.0, 60]","[134.33, 36]","[136.95, 22]",132.67,308,3.33,0.62
07:30:34,"[131.0, 114]","[130.0, 36]","[133.0, 23]","[136.83, 24]",132.0,197,2.0,0.52
07:30:35,"[131.08, 103]","[130.75, 179]","[133.0, 39]","[137.0, 65]",132.04,386,1.92,0.46
07:30:36,"[132.97, 107]","[130.39, 41]","[137.0, 55]","[342.58, 38]",134.99,241,4.03,0.23
07:30:37,"[131.6, 50]","[131.8, 93]","[156.03, 39]","[405.76, 37]",143.81,219,24.43,0.31
07:30:38,"[141.68, 37]","[140.12, 50]","[236.67, 24]","[527.33, 60]",189.17,171,94.99,0.02
07:30:39,"[145.0, 16]","[144.0, 64]","[262.8, 25]","[560.61, 23]",203.9,128,117.8,0.25
07:30:40,"[145.85, 41]","[144.45, 44]","[270.0, 14]","[498.32, 19]",207.93,118,124.15,0.44
07:30:41,"[146.25, 63]","[145.19, 108]","[228.8, 20]","[286.79, 29]",187.53,220,82.55,0.55
07:30:42,"[146.0, 45]","[145.0, 72]","[193.36, 11]","[195.62, 16]",169.68,144,47.36,0.62
07:30:43,"[146.0, 45]","[145.0, 72]","[188.0, 13]","[190.5, 14]",167.0,144,42.0,0.62
07:30:44,"[145.53, 59]","[144.64, 88]","[182.29, 14]","[182.89, 19]",163.91,180,36.76,0.63
07:30:45,"[145.0, 77]","[144.0, 88]","[163.67, 30]","[155.91, 33]",154.33,228,18.67,0.45
07:30:46,"[145.0, 32]","[143.27, 33]","[146.67, 18]","[149.93, 30]",145.83,113,1.67,0.15
07:30:47,"[145.0, 13]","[144.0, 27]","[146.71, 14]","[232.71, 28]",145.86,82,1.71,-0.02
07:30:48,"[145.35, 34]","[143.89, 37]","[309.81, 21]","[494.77, 39]",227.58,131,164.46,0.08
07:30:49,"[145.77, 35]","[144.45, 38]","[331.11, 18]","[402.84, 31]",238.44,122,185.34,0.2
07:30:50,"[147.0, 36]","[145.0, 60]","[316.95, 39]","[378.0, 21]",231.97,156,169.95,0.23
07:30:51,"[149.0, 39]","[145.0, 65]","[225.63, 35]","[226.96, 27]",187.31,166,76.63,0.25
07:30:52,"[149.0, 28]","[145.0, 60]","[169.83, 36]","[170.38, 26]",159.42,150,20.83,0.17
07:30:53,"[149.0, 12]","[145.0, 30]","[164.67, 9]","[165.35, 20]",156.83,71,15.67,0.18
07:30:54,"[149.0, 16]","[145.0, 40]","[161.68, 25]","[162.24, 17]",155.34,98,12.68,0.14
07:30:55,"[148.35, 31]","[144.96, 68]","[157.86, 36]","[160.04, 23]",153.11,158,9.51,0.25
07:30:56,"[145.0, 60]","[144.0, 48]","[154.71, 52]","[155.52, 54]",149.86,214,9.71,0.01
07:30:57,"[145.04, 54]","[144.25, 48]","[151.03, 32]","[153.12, 51]",148.03,185,5.99,0.1
07:30:58,"[146.0, 12]","[145.0, 72]","[147.95, 22]","[150.44, 32]",146.98,138,1.95,0.22
07:30:59,"[145.23, 26]","[144.81, 63]","[147.22, 27]","[152.3, 37]",146.23,153,1.99,0.16
07:31:00,"[145.0, 21]","[144.0, 39]","[146.77, 35]","[232.0, 26]",145.89,121,1.77,-0.01
07:31:01,"[144.22, 23]","[142.48, 63]","[185.14, 21]","[290.47, 17]",164.68,124,40.93,0.39
07:31:02,"[144.0, 33]","[142.0, 88]","[222.38, 16]","[272.89, 19]",183.19,156,78.38,0.55
07:31:03,"[145.4, 20]","[143.2, 40]","[147.5, 20]","[199.67, 15]",146.45,95,2.1,0.26
07:31:04,"[146.0, 7]","[144.0, 21]","[148.0, 14]","[327.13, 15]",147.0,57,2.0,-0.02
07:31:05,"[146.22, 9]","[144.17, 23]","[148.0, 18]","[267.94, 17]",147.11,67,1.78,-0.04
07:31:06,"[147.25, 8]","[146.0, 8]","[401.36, 14]","[518.41, 34]",274.3,64,254.11,-0.5
07:31:07,"[148.75, 12]","[146.0, 12]","[226.0, 12]","[372.89, 36]",187.38,72,77.25,-0.33
07:31:08,"[143.32, 47]","[142.15, 82]","[205.74, 57]","[308.46, 26]",174.53,212,62.42,0.22
07:31:09,"[144.0, 58]","[142.0, 162]","[210.14, 42]","[327.88, 17]",177.07,279,66.14,0.58
07:31:10,"[144.0, 48]","[142.0, 180]","[264.33, 12]","[371.22, 18]",204.17,258,120.33,0.77
07:31:11,"[144.0, 33]","[142.0, 198]","[239.38, 16]","[509.79, 29]",191.69,276,95.38,0.67
07:31:12,"[144.0, 27]","[142.0, 162]","[232.12, 16]","[276.0, 11]",188.06,216,88.12,0.75
07:31:13,"[143.0, 72]","[141.88, 240]","[238.3, 46]","[299.69, 39]",190.65,397,95.3,0.57
07:31:14,"[142.0, 174]","[141.0, 120]","[224.0, 52]","[238.0, 32]",183.0,378,82.0,0.56
07:31:15,"[142.33, 126]","[141.62, 182]","[230.71, 41]","[235.92, 37]",186.52,386,88.37,0.6
07:31:16,"[142.65, 83]","[141.74, 194]","[183.65, 49]","[189.04, 46]",163.15,372,41.0,0.49
07:31:17,"[142.0, 156]","[141.0, 120]","[157.53, 38]","[160.44, 36]",149.76,350,15.53,0.58
07:31:18,"[142.15, 190]","[141.16, 166]","[155.32, 38]","[156.52, 50]",148.73,444,13.16,0.6
07:31:19,"[144.0, 100]","[143.0, 13]","[152.4, 30]","[153.35, 46]",148.2,189,8.4,0.2
07:31:20,"[144.28, 145]","[143.59, 66]","[148.6, 57]","[151.48, 69]",146.44,337,4.32,0.25
07:31:21,"[145.94, 109]","[144.86, 63]","[147.26, 34]","[216.69, 26]",146.6,232,1.32,0.48
07:31:22,"[146.06, 72]","[145.14, 98]","[147.85, 40]","[397.15, 33]",146.95,243,1.79,0.4
07:31:23,"[146.0, 20]","[145.0, 48]","[147.0, 27]","[409.11, 18]",146.5,113,1.0,0.2
07:31:24,"[143.21, 85]","[143.04, 24]","[147.0, 39]","[469.0, 39]",145.11,187,3.79,0.17
07:31:25,"[143.0, 70]","[142.0, 10]","[234.86, 28]","[539.27, 30]",188.93,138,91.86,0.16
07:31:26,"[143.0, 58]","[142.0, 17]","[456.93, 30]","[617.41, 27]",299.97,132,313.93,0.14
07:31:27,"[143.75, 16]","[142.33, 21]","[271.55, 29]","[397.16, 49]",207.65,115,127.8,-0.36
07:31:28,"[144.38, 16]","[142.26, 23]","[154.46, 13]","[246.0, 20]",149.42,72,10.09,0.08
07:31:29,"[145.0, 18]","[144.0, 15]","[153.0, 9]","[170.78, 9]",149.0,51,8.0,0.29
07:31:30,"[146.56, 27]","[144.7, 20]","[153.0, 10]","[178.09, 22]",149.78,79,6.44,0.19
07:31:31,"[147.0, 30]","[145.0, 27]","[152.2, 10]","[260.62, 24]",149.6,91,5.2,0.25
07:31:32,"[147.0, 18]","[145.0, 18]","[149.83, 6]","[508.33, 6]",148.42,48,2.83,0.5
07:31:33,"[147.0, 22]","[145.0, 30]","[148.0, 30]","[640.54, 24]",147.5,106,1.0,-0.02
07:31:34,"[144.89, 37]","[143.73, 30]","[146.82, 34]","[237.75, 32]",145.86,133,1.93,0.01
07:31:35,"[143.71, 14]","[142.95, 21]","[146.4, 15]","[158.4, 15]",145.06,65,2.69,0.08
07:31:36,"[143.88, 34]","[142.85, 26]","[146.0, 33]","[147.0, 22]",144.94,115,2.12,0.04
07:31:37,"[143.86, 29]","[141.6, 15]","[145.8, 30]","[174.7, 23]",144.83,97,1.94,-0.09
07:31:38,"[141.12, 8]","[140.08, 38]","[145.0, 16]","[265.0, 16]",143.06,78,3.88,0.18
07:31:39,"[140.4, 15]","[138.83, 36]","[144.0, 18]","[249.0, 27]",142.2,96,3.6,0.06
07:31:40,"[140.0, 39]","[80.65, 34]","[142.85, 26]","[307.73, 37]",141.42,136,2.85,0.07
07:31:41,"[140.37, 38]","[120.92, 39]","[231.25, 48]","[373.04, 56]",185.81,181,90.88,-0.15
07:31:42,"[138.12, 32]","[110.0, 22]","[160.0, 56]","[280.67, 27]",149.06,137,21.88,-0.21
07:31:43,"[135.2, 10]","[118.31, 16]","[161.51, 41]","[212.08, 50]",148.36,117,26.31,-0.56
07:31:44,"[116.89, 19]","[81.14, 22]","[180.25, 57]","[243.24, 21]",148.57,119,63.35,-0.31
07:31:45,"[106.22, 9]","[66.23, 13]","[154.0, 24]","[166.0, 19]",130.11,65,47.78,-0.32
07:31:46,"[130.74, 34]","[98.5, 12]","[134.0, 24]","[136.0, 36]",132.37,106,3.26,-0.13
07:31:47,"[117.33, 18]","[70.81, 16]","[134.0, 20]","[136.0, 30]",125.67,84,16.67,-0.19
07:31:48,"[97.0, 6]","[58.88, 16]","[134.0, 12]","[136.0, 18]",115.5,52,37.0,-0.15
07:31:49,"[66.0, 24]","[32.46, 39]","[133.33, 18]","[164.33, 18]",99.67,99,67.33,0.27
07:31:50,"[44.69, 13]","[37.0, 4]","[136.0, 16]","[347.38, 16]",90.35,49,91.31,-0.31
07:31:51,"[136.75, 12]","[49.28, 29]","[237.88, 16]","[565.89, 19]",187.31,76,101.12,0.08
07:31:52,"[142.0, 35]","[87.25, 16]","[221.75, 16]","[507.44, 16]",181.88,83,79.75,0.23
07:31:53,"[142.33, 30]","[120.41, 39]","[211.75, 32]","[225.82, 22]",177.04,123,69.42,0.12
07:31:54,"[142.0, 45]","[141.0, 18]","[210.75, 32]","[226.13, 15]",176.38,110,68.75,0.15
07:31:55,"[142.3, 81]","[141.07, 45]","[181.0, 41]","[198.53, 34]",161.65,201,38.7,0.25
07:31:56,"[146.16, 32]","[144.0, 48]","[158.85, 39]","[159.71, 31]",152.5,150,12.69,0.07
07:31:57,"[144.44, 18]","[142.52, 46]","[157.27, 22]","[158.19, 32]",150.86,118,12.83,0.08
07:31:58,"[143.86, 28]","[141.81, 72]","[155.1, 40]","[156.25, 32]",149.48,172,11.24,0.16
07:31:59,"[142.24, 21]","[140.07, 58]","[153.8, 20]","[155.16, 25]",148.02,124,11.56,0.27
07:32:00,"[144.22, 45]","[142.0, 18]","[151.64, 22]","[152.55, 22]",147.93,107,7.41,0.18
07:32:01,"[145.0, 66]","[142.0, 32]","[148.37, 35]","[149.35, 31]",146.69,164,3.37,0.2
07:32:02,"[143.32, 25]","[140.34, 59]","[146.6, 30]","[147.7, 27]",144.96,141,3.28,0.19
07:32:03,"[142.29, 31]","[140.25, 72]","[147.11, 28]","[151.67, 12]",144.7,143,4.82,0.44
07:32:04,"[144.55, 31]","[142.67, 36]","[148.1, 30]","[150.11, 18]",146.32,115,3.55,0.17
07:32:05,"[145.02, 56]","[142.6, 30]","[147.12, 48]","[248.0, 22]",146.07,156,2.11,0.1
07:32:06,"[143.14, 21]","[141.84, 19]","[146.13, 45]","[443.37, 30]",144.64,115,2.99,-0.3
07:32:07,"[141.64, 14]","[140.2, 44]","[143.62, 32]","[226.14, 35]",142.63,125,1.98,-0.07
07:32:08,"[140.03, 58]","[95.11, 44]","[141.89, 18]","[349.04, 26]",140.96,146,1.85,0.4
07:32:09,"[140.0, 36]","[113.77, 39]","[287.89, 27]","[481.45, 31]",213.94,133,147.89,0.13
07:32:10,"[142.33, 15]","[119.5, 20]","[206.8, 10]","[294.82, 11]",174.57,56,64.47,0.25
07:32:11,"[141.21, 29]","[110.87, 60]","[225.5, 24]","[501.18, 33]",183.35,146,84.29,0.22
07:32:12,"[141.8, 20]","[130.54, 37]","[208.0, 16]","[234.0, 16]",174.9,89,66.2,0.28
07:32:13,"[146.0, 24]","[140.0, 8]","[208.0, 8]","[234.0, 8]",177.0,48,62.0,0.33
07:32:14,"[146.0, 36]","[140.0, 12]","[233.33, 12]","[409.14, 14]",189.67,74,87.33,0.3
07:32:15,"[146.0, 58]","[143.0, 29]","[187.54, 26]","[281.0, 20]",166.77,133,41.54,0.31
07:32:16,"[146.0, 32]","[144.0, 80]","[185.88, 32]","[310.33, 18]",165.94,162,39.88,0.38
07:32:17,"[146.0, 41]","[144.0, 80]","[177.45, 22]","[214.36, 28]",161.73,171,31.45,0.42
07:32:18,"[146.0, 50]","[144.0, 110]","[173.0, 44]","[292.29, 28]",159.5,232,27.0,0.38
07:32:19,"[146.47, 90]","[144.33, 144]","[172.48, 66]","[297.06, 49]",159.48,349,26.02,0.34
07:32:20,"[147.0, 80]","[146.0, 56]","[168.12, 26]","[169.36, 44]",157.56,206,21.12,0.32
07:32:21,"[147.0, 52]","[146.0, 52]","[166.0, 13]","[168.0, 52]",156.5,169,19.0,0.23
07:32:22,"[146.65, 31]","[144.57, 70]","[166.0, 10]","[168.0, 40]",156.32,151,19.35,0.34
07:32:23,"[146.0, 13]","[144.0, 130]","[164.7, 40]","[167.28, 25]",155.35,208,18.7,0.38
07:32:24,"[144.0, 56]","[143.0, 8]","[162.69, 26]","[163.71, 14]",153.35,104,18.69,0.23
07:32:25,"[144.0, 56]","[143.0, 8]","[160.75, 8]","[161.92, 26]",152.38,98,16.75,0.31
07:32:26,"[144.0, 65]","[143.0, 11]","[158.91, 11]","[160.82, 11]",151.45,98,14.91,0.55
07:32:27,"[145.07, 105]","[144.02, 53]","[156.57, 14]","[157.57, 14]",150.82,186,11.5,0.7
07:32:28,"[147.0, 84]","[145.0, 12]","[153.44, 18]","[154.06, 33]",150.22,147,6.44,0.31
07:32:29,"[147.0, 86]","[145.32, 22]","[149.77, 43]","[150.19, 31]",148.38,182,2.77,0.19
07:32:30,"[146.2, 51]","[145.81, 43]","[148.08, 52]","[153.0, 13]",147.14,159,1.88,0.18
07:32:31,"[145.97, 29]","[144.89, 9]","[147.22, 36]","[196.74, 19]",146.59,93,1.26,-0.18
07:32:32,"[144.92, 13]","[143.85, 13]","[151.8, 51]","[238.62, 39]",148.36,116,6.88,-0.55
07:32:33,"[144.0, 9]","[142.0, 36]","[232.0, 27]","[244.0, 27]",188.0,99,88.0,-0.09
07:32:34,"[144.0, 11]","[142.0, 44]","[162.55, 33]","[210.82, 33]",153.27,121,18.55,-0.09
07:32:35,"[142.25, 16]","[141.53, 15]","[155.0, 27]","[208.0, 27]",148.62,85,12.75,-0.27
07:32:36,"[142.2, 20]","[141.2, 10]","[155.0, 27]","[244.14, 28]",148.6,85,12.8,-0.29
07:32:37,"[144.71, 56]","[142.4, 30]","[154.87, 45]","[226.65, 31]",149.79,162,10.15,0.06
07:32:38,"[145.0, 44]","[142.0, 47]","[151.91, 33]","[160.39, 31]",148.45,155,6.91,0.17
07:32:39,"[145.19, 54]","[142.28, 85]","[148.0, 31]","[175.32, 37]",146.59,207,2.81,0.34
07:32:40,"[145.83, 23]","[144.46, 39]","[215.32, 31]","[328.23, 26]",180.57,119,69.5,0.04
07:32:41,"[145.86, 28]","[144.62, 55]","[364.77, 44]","[467.36, 47]",255.31,174,218.92,-0.05
07:32:42,"[146.0, 16]","[145.0, 32]","[307.88, 32]","[602.0, 20]",226.94,100,161.88,-0.04
07:32:43,"[145.62, 13]","[144.39, 41]","[295.0, 30]","[357.57, 28]",220.31,112,149.38,-0.04
07:32:44,"[144.33, 30]","[143.72, 58]","[249.07, 30]","[289.43, 42]",196.7,160,104.73,0.1
07:32:45,"[144.0, 30]","[142.0, 12]","[267.0, 12]","[289.0, 18]",205.5,72,123.0,0.17
07:32:46,"[144.53, 45]","[142.67, 27]","[278.28, 25]","[325.46, 35]",211.41,132,133.75,0.09
07:32:47,"[146.0, 40]","[144.0, 30]","[295.5, 30]","[406.04, 23]",220.75,123,149.5,0.14
07:32:48,"[146.0, 48]","[144.0, 36]","[222.92, 36]","[267.09, 33]",184.46,153,76.92,0.1
07:32:49,"[144.46, 35]","[142.29, 42]","[227.53, 32]","[284.24, 38]",185.99,147,83.07,0.05
07:32:50,"[144.25, 16]","[142.86, 28]","[228.0, 24]","[344.72, 25]",186.12,93,83.75,-0.05
07:32:51,"[145.71, 14]","[144.45, 22]","[227.79, 42]","[385.06, 51]",186.75,129,82.07,-0.44
07:32:52,"[146.14, 14]","[145.14, 14]","[225.14, 42]","[283.79, 56]",185.64,126,79.0,-0.56
07:32:53,"[147.0, 10]","[146.0, 22]","[212.26, 35]","[284.09, 35]",179.63,102,65.26,-0.37
07:32:54,"[147.69, 13]","[146.0, 39]","[224.0, 52]","[225.0, 39]",185.85,143,76.31,-0.27
07:32:55,"[148.0, 14]","[146.0, 42]","[223.06, 17]","[224.05, 55]",185.53,128,75.06,-0.12
07:32:56,"[146.0, 14]","[144.0, 42]","[159.92, 39]","[174.53, 32]",152.96,127,13.92,-0.12
07:32:57,"[146.0, 15]","[144.0, 45]","[152.44, 57]","[153.38, 58]",149.22,175,6.44,-0.31
07:32:58,"[144.22, 37]","[143.32, 38]","[147.17, 41]","[149.96, 54]",145.69,170,2.95,-0.12
07:32:59,"[143.76, 41]","[142.16, 57]","[146.11, 54]","[147.55, 44]",144.93,196,2.36,0.0
07:33:00,"[141.05, 84]","[140.6, 80]","[143.02, 41]","[143.95, 43]",142.04,248,1.98,0.32
07:33:01,"[141.31, 51]","[140.42, 48]","[143.43, 42]","[152.31, 26]",142.37,167,2.11,0.19
07:33:02,"[142.77, 30]","[141.06, 69]","[153.0, 56]","[420.94, 34]",147.88,189,10.23,0.05
07:33:03,"[144.92, 25]","[142.32, 25]","[195.89, 38]","[395.5, 24]",170.41,112,50.97,-0.11
07:33:04,"[141.0, 44]","[140.0, 44]","[269.45, 22]","[461.17, 23]",205.23,133,128.45,0.32
07:33:05,"[141.0, 52]","[140.0, 52]","[182.21, 14]","[187.92, 25]",161.61,143,41.21,0.45
07:33:06,"[146.79, 56]","[140.77, 35]","[154.0, 18]","[186.0, 9]",150.39,118,7.21,0.54
07:33:07,"[150.0, 61]","[145.0, 27]","[155.0, 17]","[193.19, 16]",152.5,121,5.0,0.45
07:33:08,"[145.0, 21]","[141.0, 28]","[150.43, 7]","[176.9, 20]",147.71,76,5.43,0.29
07:33:09,"[145.32, 31]","[141.71, 34]","[148.67, 9]","[392.0, 18]",146.99,92,3.34,0.41
07:33:10,"[146.0, 48]","[145.0, 33]","[285.0, 21]","[448.31, 26]",215.5,128,139.0,0.27
07:33:11,"[146.0, 24]","[145.0, 18]","[249.43, 23]","[267.59, 17]",197.72,82,103.43,0.02
07:33:12,"[146.0, 44]","[145.0, 33]","[239.5, 42]","[333.67, 27]",192.75,146,93.5,0.05
07:33:13,"[146.0, 32]","[145.0, 24]","[222.29, 28]","[275.91, 23]",184.14,107,76.29,0.05
07:33:14,"[146.0, 18]","[145.0, 27]","[203.0, 36]","[204.0, 27]",174.5,108,57.0,-0.17
07:33:15,"[146.0, 39]","[145.0, 36]","[203.0, 48]","[288.1, 30]",174.5,153,57.0,-0.02
07:33:16,"[146.0, 22]","[145.0, 33]","[202.36, 44]","[245.0, 33]",174.18,132,56.36,-0.17
07:33:17,"[145.67, 18]","[144.25, 24]","[193.6, 35]","[227.5, 28]",169.63,105,47.93,-0.2
07:33:18,"[145.0, 35]","[142.0, 24]","[191.0, 48]","[346.33, 36]",168.0,143,46.0,-0.17
07:33:19,"[142.37, 43]","[140.72, 80]","[191.0, 60]","[332.37, 43]",166.69,226,48.63,0.09
07:33:20,"[141.0, 82]","[140.0, 99]","[188.65, 34]","[189.63, 43]",164.82,258,47.65,0.4
07:33:21,"[141.0, 138]","[140.0, 99]","[185.87, 38]","[187.08, 39]",163.43,314,44.87,0.51
07:33:22,"[141.11, 27]","[140.67, 54]","[183.25, 16]","[184.16, 19]",162.18,116,42.14,0.4
07:33:23,"[145.6, 40]","[141.14, 63]","[182.34, 29]","[183.36, 47]",163.97,179,36.74,0.15
07:33:24,"[147.38, 39]","[146.0, 52]","[178.84, 25]","[180.18, 34]",163.11,150,31.46,0.21
07:33:25,"[149.0, 45]","[146.0, 68]","[173.23, 43]","[176.59, 41]",161.12,197,24.23,0.15
07:33:26,"[149.0, 22]","[146.0, 48]","[171.26, 35]","[172.6, 20]",160.13,125,22.26,0.12
07:33:27,"[149.0, 24]","[146.0, 20]","[165.94, 34]","[167.06, 31]",157.47,109,16.94,-0.19
07:33:28,"[146.86, 14]","[141.71, 84]","[154.76, 17]","[155.93, 14]",150.81,129,7.91,0.52
07:33:29,"[144.0, 15]","[141.0, 180]","[151.49, 39]","[152.53, 19]",147.74,253,7.49,0.54
07:33:30,"[144.0, 13]","[141.0, 156]","[146.83, 35]","[150.35, 17]",145.41,221,2.83,0.53
07:33:31,"[143.0, 27]","[141.31, 104]","[148.25, 20]","[149.35, 20]",145.62,171,5.25,0.53
07:33:32,"[143.0, 90]","[142.0, 72]","[145.71, 21]","[146.87, 15]",144.36,198,2.71,0.64
07:33:33,"[143.91, 90]","[142.0, 104]","[145.0, 39]","[151.94, 53]",144.46,286,1.09,0.36
07:33:34,"[144.0, 32]","[142.0, 96]","[145.0, 36]","[153.0, 63]",144.5,227,1.0,0.13
07:33:35,"[142.04, 114]","[140.53, 68]","[152.02, 41]","[224.87, 30]",147.03,253,9.99,0.44
07:33:36,"[144.85, 161]","[141.98, 90]","[150.4, 15]","[151.14, 21]",147.63,287,5.55,0.75
07:33:37,"[145.0, 129]","[142.0, 96]","[148.14, 14]","[150.73, 22]",146.57,261,3.14,0.72
07:33:38,"[145.0, 78]","[142.0, 86]","[146.36, 11]","[243.64, 25]",145.68,200,1.36,0.64
07:33:39,"[145.0, 78]","[142.42, 133]","[429.9, 41]","[581.67, 33]",287.45,285,284.9,0.48
07:33:40,"[145.63, 19]","[144.8, 35]","[385.0, 20]","[471.0, 20]",265.32,94,239.37,0.15
07:33:41,"[146.0, 12]","[144.44, 43]","[398.38, 26]","[578.36, 25]",272.19,106,252.38,0.04
07:33:42,"[146.0, 22]","[142.89, 91]","[566.53, 51]","[648.84, 38]",356.26,202,420.53,0.12
07:33:43,"[146.0, 28]","[145.0, 90]","[296.0, 45]","[486.44, 43]",221.0,206,150.0,0.15
07:33:44,"[146.0, 42]","[145.0, 63]","[199.29, 35]","[318.38, 34]",172.64,174,53.29,0.21
07:33:45,"[146.0, 33]","[145.0, 72]","[199.0, 40]","[277.0, 40]",172.5,185,53.0,0.14
07:33:46,"[145.0, 99]","[142.0, 92]","[197.59, 51]","[256.0, 35]",171.29,277,52.59,0.38
07:33:47,"[145.0, 105]","[142.0, 120]","[193.87, 75]","[194.58, 31]",169.43,331,48.87,0.36
07:33:48,"[145.0, 100]","[142.0, 144]","[188.28, 82]","[190.74, 62]",166.64,388,43.28,0.26
07:33:49,"[145.0, 42]","[142.0, 80]","[183.2, 50]","[186.0, 10]",164.1,182,38.2,0.34
07:33:50,"[145.0, 40]","[142.0, 80]","[181.5, 50]","[182.63, 46]",163.25,216,36.5,0.11
07:33:51,"[145.6, 50]","[143.0, 76]","[176.85, 68]","[178.93, 44]",161.23,238,31.25,0.06
07:33:52,"[148.21, 29]","[145.0, 76]","[170.42, 95]","[174.31, 91]",159.31,291,22.21,-0.28
07:33:53,"[146.08, 26]","[144.62, 32]","[149.94, 31]","[153.38, 39]",148.01,128,3.86,-0.09
07:33:54,"[144.84, 57]","[144.05, 39]","[147.15, 53]","[263.56, 36]",146.0,185,2.31,0.04
07:33:55,"[144.0, 12]","[142.0, 4]","[145.0, 4]","[147.0, 16]",144.5,36,1.0,-0.11
07:33:56,"[142.81, 37]","[141.3, 10]","[144.4, 10]","[232.2, 10]",143.61,67,1.59,0.4
07:33:57,"[142.85, 54]","[141.58, 19]","[144.92, 13]","[290.24, 41]",143.89,127,2.07,0.15
07:33:58,"[143.0, 63]","[142.0, 15]","[145.0, 7]","[226.86, 35]",144.0,120,2.0,0.3
07:33:59,"[143.0, 65]","[142.0, 8]","[187.79, 28]","[246.14, 35]",165.39,136,44.79,0.07
07:34:00,"[143.47, 45]","[142.6, 20]","[263.86, 42]","[350.5, 32]",203.66,139,120.39,-0.06
07:34:01,"[144.0, 55]","[142.0, 11]","[285.0, 33]","[286.0, 44]",214.5,143,141.0,-0.08
07:34:02,"[144.53, 62]","[143.81, 54]","[278.12, 48]","[292.67, 36]",211.33,200,133.59,0.16
07:34:03,"[145.0, 24]","[144.0, 56]","[271.3, 30]","[311.19, 26]",208.15,136,126.3,0.18
07:34:04,"[145.7, 30]","[144.42, 36]","[270.0, 24]","[333.77, 26]",207.85,116,124.3,0.14
07:34:05,"[146.0, 40]","[145.0, 36]","[269.58, 36]","[461.0, 12]",207.79,124,123.58,0.23
07:34:06,"[145.88, 34]","[144.66, 41]","[206.89, 38]","[322.58, 43]",176.39,156,61.01,-0.04
07:34:07,"[145.0, 11]","[144.0, 70]","[200.5, 30]","[324.89, 36]",172.75,147,55.5,0.1
07:34:08,"[145.0, 17]","[144.0, 119]","[179.48, 52]","[224.41, 56]",162.24,244,34.48,0.11
07:34:09,"[144.08, 53]","[143.14, 49]","[166.45, 33]","[167.55, 33]",155.27,168,22.38,0.21
07:34:10,"[144.0, 42]","[142.0, 18]","[164.0, 18]","[167.0, 18]",154.0,96,20.0,0.25
07:34:11,"[144.0, 73]","[142.0, 48]","[162.62, 48]","[166.87, 38]",153.31,207,18.62,0.17
07:34:12,"[144.0, 52]","[142.0, 39]","[160.08, 39]","[162.62, 39]",152.04,169,16.08,0.08
07:34:13,"[144.0, 40]","[142.0, 30]","[156.8, 30]","[158.5, 30]",150.4,130,12.8,0.08
07:34:14,"[144.0, 48]","[142.0, 36]","[156.0, 36]","[157.0, 36]",150.0,156,12.0,0.08
07:34:15,"[144.0, 24]","[142.0, 18]","[154.17, 18]","[156.0, 18]",149.08,78,10.17,0.08
07:34:16,"[144.0, 32]","[142.0, 24]","[152.25, 24]","[154.25, 24]",148.12,104,8.25,0.08
07:34:17,"[144.0, 54]","[142.0, 48]","[149.89, 54]","[151.81, 48]",146.94,204,5.89,0.0
07:34:18,"[143.65, 17]","[141.81, 26]","[146.25, 24]","[148.0, 24]",144.95,91,2.6,-0.05
07:34:19,"[142.0, 24]","[141.0, 40]","[143.75, 16]","[144.5, 24]",142.88,104,1.75,0.23
07:34:20,"[142.92, 77]","[141.77, 43]","[219.36, 25]","[431.57, 21]",181.14,166,76.44,0.45
07:34:21,"[145.33, 54]","[143.86, 87]","[496.24, 51]","[500.0, 12]",320.78,204,350.9,0.38
07:34:22,"[146.0, 40]","[144.0, 90]","[338.12, 41]","[393.81, 37]",242.06,208,192.12,0.25
07:34:23,"[146.0, 44]","[144.0, 99]","[304.09, 44]","[315.39, 49]",225.05,236,158.09,0.21
07:34:24,"[146.0, 56]","[144.21, 126]","[244.1, 62]","[245.09, 47]",195.05,291,98.1,0.25
07:34:25,"[145.47, 34]","[144.35, 46]","[200.33, 18]","[243.55, 22]",172.9,120,54.86,0.33
07:34:26,"[145.0, 67]","[142.0, 70]","[304.0, 15]","[394.91, 22]",224.5,174,159.0,0.57
07:34:27,"[142.17, 89]","[141.1, 67]","[382.11, 56]","[405.0, 24]",262.14,236,239.94,0.32
07:34:28,"[144.91, 77]","[142.01, 79]","[380.73, 62]","[404.71, 21]",262.82,239,235.82,0.31
07:34:29,"[145.22, 36]","[142.74, 65]","[355.04, 28]","[377.7, 37]",250.13,166,209.81,0.22
07:34:30,"[146.0, 20]","[145.0, 40]","[372.0, 50]","[469.5, 20]",259.0,130,226.0,-0.08
07:34:31,"[146.0, 20]","[145.0, 40]","[371.1, 50]","[480.0, 20]",258.55,130,225.1,-0.08
07:34:32,"[146.0, 13]","[145.0, 48]","[206.67, 24]","[322.43, 42]",176.33,127,60.67,-0.04
07:34:33,"[146.0, 13]","[145.0, 94]","[192.5, 24]","[312.56, 25]",169.25,156,46.5,0.37
07:34:34,"[144.07, 54]","[142.38, 64]","[191.85, 53]","[195.49, 68]",167.96,239,47.77,-0.01
07:34:35,"[143.68, 19]","[141.84, 38]","[187.54, 41]","[189.0, 47]",165.61,145,43.85,-0.21
07:34:36,"[142.0, 13]","[141.0, 26]","[185.52, 58]","[186.34, 53]",163.76,150,43.52,-0.48
07:34:37,"[144.0, 15]","[142.71, 48]","[183.67, 45]","[185.25, 59]",163.83,167,39.67,-0.25
07:34:38,"[146.0, 8]","[144.0, 56]","[181.0, 28]","[182.64, 33]",163.5,125,35.0,0.02
07:34:39,"[145.27, 30]","[143.94, 94]","[156.84, 50]","[163.87, 52]",151.05,226,11.57,0.1
07:34:40,"[145.99, 67]","[144.0, 44]","[149.47, 38]","[150.62, 39]",147.73,188,3.49,0.18
07:34:41,"[145.61, 109]","[143.02, 49]","[166.17, 71]","[180.41, 66]",155.89,295,20.55,0.07
07:34:42,"[146.59, 34]","[145.84, 76]","[175.87, 46]","[180.0, 55]",161.23,211,29.28,0.04
07:34:43,"[147.15, 26]","[146.0, 91]","[167.96, 50]","[174.77, 65]",157.56,232,20.81,0.01
07:34:44,"[148.69, 32]","[146.0, 112]","[162.64, 50]","[167.03, 62]",155.66,256,13.95,0.12
07:34:45,"[149.0, 34]","[146.0, 119]","[157.54, 68]","[159.56, 72]",153.27,293,8.54,0.04
07:34:46,"[149.0, 18]","[146.0, 63]","[151.19, 37]","[152.8, 20]",150.09,138,2.19,0.17
07:34:47,"[147.57, 28]","[146.05, 88]","[150.41, 49]","[153.82, 44]",148.99,209,2.84,0.11
07:34:48,"[146.12, 32]","[144.68, 41]","[149.67, 30]","[179.54, 35]",147.9,138,3.54,0.06
07:34:49,"[146.0, 32]","[144.0, 48]","[149.83, 58]","[292.11, 56]",147.91,194,3.83,-0.18
07:34:50,"[145.63, 27]","[143.61, 51]","[147.35, 46]","[150.96, 23]",146.49,147,1.72,0.06
07:34:51,"[144.0, 25]","[142.0, 90]","[148.11, 18]","[233.6, 15]",146.06,148,4.11,0.55
07:34:52,"[143.4, 53]","[141.95, 79]","[148.0, 18]","[380.0, 9]",145.7,159,4.6,0.66
07:34:53,"[144.0, 48]","[142.0, 54]","[148.0, 16]","[280.08, 12]",146.0,130,4.0,0.57
07:34:54,"[144.0, 41]","[142.0, 56]","[145.75, 16]","[239.07, 28]",144.88,141,1.75,0.38
07:34:55,"[143.39, 18]","[141.91, 47]","[149.55, 22]","[222.56, 32]",146.47,119,6.16,0.09
07:34:56,"[143.94, 18]","[142.61, 90]","[154.7, 50]","[290.93, 68]",149.32,226,10.76,-0.04
07:34:57,"[143.29, 41]","[142.44, 61]","[151.92, 13]","[445.62, 42]",147.61,157,8.63,0.3
07:34:58,"[142.93, 57]","[141.69, 51]","[151.0, 8]","[319.91, 22]",146.96,138,8.07,0.57
07:34:59,"[146.0, 32]","[142.0, 80]","[150.12, 8]","[363.75, 40]",148.06,160,4.12,0.4
07:35:00,"[146.12, 40]","[142.6, 106]","[150.0, 13]","[273.0, 35]",148.06,194,3.88,0.51
07:35:01,"[146.0, 33]","[142.0, 60]","[150.0, 12]","[282.08, 24]",148.0,129,4.0,0.44
07:35:02,"[146.0, 39]","[142.0, 65]","[148.46, 13]","[216.16, 38]",147.23,155,2.46,0.34
07:35:03,"[142.4, 30]","[141.0, 50]","[229.54, 39]","[404.67, 45]",185.97,164,87.14,-0.02
07:35:04,"[141.83, 48]","[140.0, 42]","[525.33, 18]","[610.67, 30]",333.58,138,383.5,0.3
07:35:05,"[142.0, 48]","[140.0, 42]","[549.5, 24]","[604.08, 24]",345.75,138,407.5,0.3
07:35:06,"[143.0, 36]","[140.0, 42]","[565.5, 16]","[627.43, 21]",354.25,115,422.5,0.36
07:35:07,"[144.0, 16]","[140.0, 28]","[280.36, 11]","[619.64, 11]",212.18,66,136.36,0.33
07:35:08,"[145.22, 36]","[142.62, 78]","[256.78, 27]","[426.32, 50]",201.0,191,111.56,0.19
07:35:09,"[147.0, 12]","[146.0, 12]","[224.74, 23]","[251.53, 17]",185.87,64,77.74,-0.25
07:35:10,"[147.0, 11]","[146.0, 22]","[227.64, 44]","[338.21, 28]",187.32,105,80.64,-0.37
07:35:11,"[144.58, 24]","[144.46, 13]","[225.11, 36]","[513.22, 45]",184.85,118,80.53,-0.37
07:35:12,"[145.47, 76]","[143.89, 93]","[213.89, 47]","[290.49, 41]",179.68,257,68.42,0.32
07:35:13,"[146.0, 44]","[144.0, 112]","[183.48, 31]","[218.26, 23]",164.74,210,37.48,0.49
07:35:14,"[146.0, 24]","[144.0, 64]","[155.5, 24]","[165.17, 24]",150.75,136,9.5,0.29
07:35:15,"[146.0, 46]","[144.0, 40]","[153.6, 40]","[156.0, 40]",149.8,166,7.6,0.04
07:35:16,"[146.0, 120]","[144.0, 60]","[152.21, 57]","[154.5, 56]",149.11,293,6.21,0.23
07:35:17,"[146.0, 96]","[144.67, 72]","[149.17, 48]","[150.26, 46]",147.58,262,3.17,0.28
07:35:18,"[145.85, 74]","[144.97, 125]","[147.67, 48]","[148.94, 47]",146.76,294,1.82,0.35
07:35:19,"[145.0, 121]","[144.0, 48]","[146.0, 48]","[152.0, 36]",145.5,253,1.0,0.34
07:35:20,"[146.04, 46]","[144.44, 36]","[151.14, 28]","[259.5, 42]",148.59,152,5.1,0.08
07:35:21,"[146.92, 37]","[144.58, 48]","[163.95, 37]","[189.8, 45]",155.43,167,17.03,0.02
07:35:22,"[142.29, 28]","[141.03, 132]","[191.8, 30]","[209.09, 43]",167.04,233,49.51,0.37
07:35:23,"[142.52, 91]","[140.81, 107]","[184.43, 23]","[260.65, 46]",163.48,267,41.92,0.48
07:35:24,"[145.0, 103]","[141.02, 106]","[163.42, 24]","[166.56, 39]",154.21,272,18.42,0.54
07:35:25,"[145.0, 78]","[142.0, 14]","[162.0, 14]","[190.0, 30]",153.5,136,17.0,0.35
07:35:26,"[145.0, 90]","[141.13, 75]","[161.3, 20]","[203.0, 40]",153.15,225,16.3,0.47
07:35:27,"[145.0, 72]","[141.0, 104]","[159.12, 40]","[161.0, 16]",152.06,232,14.12,0.52
07:35:28,"[144.81, 74]","[142.74, 99]","[157.31, 39]","[159.5, 70]",151.06,282,12.5,0.23
07:35:29,"[144.6, 50]","[143.56, 45]","[152.57, 35]","[155.45, 38]",148.59,168,7.97,0.13
07:35:30,"[144.0, 86]","[142.0, 83]","[146.75, 53]","[148.63, 38]",145.38,260,2.75,0.3
07:35:31,"[142.33, 30]","[141.17, 90]","[144.72, 32]","[185.36, 28]",143.53,180,2.39,0.33
07:35:32,"[141.12, 120]","[140.33, 136]","[142.7, 10]","[217.58, 43]",141.91,309,1.57,0.66
07:35:33,"[145.81, 146]","[140.88, 208]","[367.78, 45]","[482.28, 36]",256.79,435,221.97,0.63
07:35:34,"[147.0, 72]","[141.0, 112]","[390.25, 32]","[482.78, 23]",268.62,239,243.25,0.54
07:35:35,"[147.0, 99]","[141.0, 74]","[300.0, 44]","[482.51, 35]",223.5,252,153.0,0.37
07:35:36,"[147.0, 69]","[145.63, 121]","[288.45, 29]","[343.38, 26]",217.72,245,141.45,0.55
07:35:37,"[147.86, 49]","[146.39, 46]","[357.55, 29]","[629.75, 32]",252.7,156,209.69,0.22
07:35:38,"[149.0, 46]","[147.0, 30]","[517.23, 35]","[774.0, 36]",333.11,147,368.23,0.03
07:35:39,"[147.95, 19]","[146.1, 89]","[325.42, 19]","[532.71, 28]",236.68,155,177.47,0.39
07:35:40,"[147.0, 8]","[146.0, 64]","[302.33, 6]","[591.8, 10]",224.67,88,155.33,0.64
07:35:41,"[147.0, 26]","[146.0, 208]","[185.83, 30]","[247.48, 25]",166.42,289,38.83,0.62
07:35:42,"[146.43, 46]","[145.75, 170]","[184.4, 15]","[368.0, 27]",165.42,258,37.97,0.67
07:35:43,"[146.0, 78]","[142.0, 42]","[183.5, 8]","[184.8, 10]",164.75,138,37.5,0.74
07:35:44,"[146.0, 155]","[142.0, 84]","[182.33, 24]","[184.0, 12]",164.17,275,36.33,0.74
07:35:45,"[146.0, 72]","[142.0, 42]","[180.5, 8]","[181.6, 10]",163.25,132,34.5,0.73
07:35:46,"[146.0, 127]","[142.0, 77]","[168.12, 17]","[180.5, 20]",157.06,241,22.12,0.69
07:35:47,"[146.0, 66]","[142.0, 77]","[177.47, 17]","[178.33, 18]",161.74,178,31.47,0.61
07:35:48,"[146.0, 42]","[142.0, 49]","[175.0, 12]","[175.8, 10]",160.5,113,29.0,0.61
07:35:49,"[146.0, 52]","[142.53, 68]","[171.83, 12]","[173.2, 20]",158.92,152,25.83,0.58
07:35:50,"[146.0, 40]","[145.0, 60]","[169.57, 14]","[171.5, 16]",157.79,130,23.57,0.54
07:35:51,"[146.0, 32]","[145.0, 48]","[166.0, 14]","[167.0, 10]",156.0,104,20.0,0.54
07:35:52,"[146.0, 44]","[145.0, 66]","[163.18, 17]","[163.75, 16]",154.59,143,17.18,0.54
07:35:53,"[145.09, 68]","[142.16, 96]","[161.38, 24]","[162.78, 23]",153.23,211,16.29,0.55
07:35:54,"[147.0, 42]","[145.75, 59]","[159.08, 25]","[160.22, 23]",153.04,149,12.08,0.36
07:35:55,"[147.0, 45]","[146.0, 60]","[154.77, 26]","[156.26, 19]",150.88,150,7.77,0.4
07:35:56,"[147.0, 33]","[146.0, 44]","[153.17, 18]","[153.55, 22]",150.08,117,6.17,0.32
07:35:57,"[147.0, 48]","[146.0, 64]","[149.19, 16]","[153.0, 48]",148.09,176,2.19,0.27
07:35:58,"[145.73, 45]","[144.71, 90]","[149.59, 17]","[229.48, 33]",147.66,185,3.85,0.46
07:35:59,"[145.05, 65]","[143.27, 85]","[152.2, 20]","[337.0, 36]",148.62,206,7.15,0.46
07:36:00,"[145.0, 112]","[142.0, 98]","[149.41, 22]","[150.86, 36]",147.2,268,4.41,0.57
07:36:01,"[145.14, 42]","[142.9, 60]","[147.0, 27]","[148.0, 27]",146.07,156,1.86,0.31
07:36:02,"[145.22, 45]","[144.78, 32]","[146.8, 30]","[147.93, 28]",146.01,135,1.58,0.14
07:36:03,"[144.22, 23]","[142.12, 67]","[146.23, 13]","[423.38, 39]",145.22,142,2.01,0.27
07:36:04,"[142.83, 60]","[141.66, 74]","[362.6, 20]","[576.12, 48]",252.72,202,219.77,0.33
07:36:05,"[142.7, 23]","[141.92, 61]","[298.78, 9]","[519.0, 45]",220.74,138,156.08,0.22
07:36:06,"[143.0, 18]","[142.0, 63]","[310.82, 11]","[440.17, 35]",226.91,127,167.82,0.28
07:36:07,"[146.0, 100]","[143.8, 20]","[175.62, 32]","[277.46, 24]",160.81,176,29.62,0.36
07:36:08,"[146.0, 92]","[144.0, 20]","[263.08, 24]","[308.34, 32]",204.54,168,117.08,0.33
07:36:09,"[146.0, 32]","[144.0, 16]","[553.5, 12]","[772.67, 24]",349.75,84,407.5,0.14
07:36:10,"[143.17, 24]","[142.29, 21]","[462.18, 22]","[778.0, 15]",302.67,82,319.02,0.1
07:36:11,"[142.0, 10]","[141.0, 40]","[293.0, 30]","[674.44, 34]",217.5,114,151.0,-0.12
07:36:12,"[140.15, 52]","[108.33, 57]","[525.56, 54]","[597.38, 40]",332.85,203,385.4,0.07
07:36:13,"[140.0, 54]","[106.37, 38]","[340.48, 27]","[400.79, 28]",240.24,147,200.48,0.25
07:36:14,"[141.29, 34]","[128.49, 55]","[297.85, 40]","[300.88, 48]",219.57,177,156.56,0.01
07:36:15,"[145.0, 11]","[144.0, 11]","[213.78, 23]","[261.0, 34]",179.39,79,68.78,-0.44
07:36:16,"[140.56, 27]","[48.35, 23]","[212.0, 14]","[239.0, 7]",176.28,71,71.44,0.41
07:36:17,"[140.74, 47]","[135.25, 40]","[212.0, 14]","[328.14, 7]",176.37,108,71.26,0.61
07:36:18,"[141.53, 34]","[140.05, 57]","[200.0, 25]","[290.47, 19]",170.76,135,58.47,0.35
07:36:19,"[142.15, 39]","[140.73, 45]","[202.32, 31]","[253.0, 22]",172.24,137,60.17,0.23
07:36:20,"[143.68, 37]","[140.71, 42]","[193.38, 29]","[242.04, 23]",168.53,131,49.7,0.21
07:36:21,"[141.09, 35]","[140.23, 52]","[209.63, 38]","[216.5, 16]",175.36,141,68.55,0.23
07:36:22,"[146.0, 16]","[142.67, 9]","[207.19, 21]","[208.61, 33]",176.6,79,61.19,-0.37
07:36:23,"[142.5, 40]","[140.39, 62]","[204.32, 31]","[205.21, 57]",173.41,190,61.82,0.07
07:36:24,"[141.86, 42]","[140.25, 96]","[200.21, 52]","[201.47, 47]",171.03,237,58.35,0.16
07:36:25,"[145.15, 13]","[140.82, 44]","[194.51, 39]","[195.69, 36]",169.83,132,49.36,-0.14
07:36:26,"[147.0, 12]","[141.0, 48]","[186.0, 35]","[190.41, 44]",166.5,139,39.0,-0.14
07:36:27,"[141.12, 34]","[140.0, 105]","[171.57, 44]","[172.84, 49]",156.34,232,30.45,0.2
07:36:28,"[140.23, 52]","[138.74, 38]","[166.87, 23]","[168.6, 47]",153.55,160,26.64,0.12
07:36:29,"[144.0, 13]","[140.07, 90]","[163.0, 35]","[164.26, 47]",153.5,185,19.0,0.11
07:36:30,"[144.86, 14]","[140.02, 105]","[159.24, 67]","[161.35, 31]",152.05,217,14.38,0.1
07:36:31,"[145.0, 13]","[140.04, 83]","[153.88, 32]","[155.08, 59]",149.44,187,8.88,0.03
07:36:32,"[141.17, 47]","[140.29, 17]","[151.4, 43]","[152.39, 67]",146.28,174,10.23,-0.26
07:36:33,"[140.0, 57]","[122.38, 13]","[145.68, 41]","[147.15, 26]",142.84,137,5.68,0.02
07:36:34,"[140.0, 48]","[96.6, 15]","[143.87, 47]","[144.58, 48]",141.94,158,3.87,-0.2
07:36:35,"[104.64, 14]","[80.36, 14]","[134.97, 32]","[136.52, 29]",119.81,89,30.33,-0.37
07:36:36,"[113.0, 11]","[74.0, 11]","[130.45, 22]","[131.45, 22]",121.73,66,17.45,-0.33
07:36:37,"[84.5, 8]","[46.12, 8]","[130.0, 24]","[133.65, 34]",107.25,74,45.5,-0.57
07:36:38,"[118.0, 2]","[55.0, 2]","[130.0, 6]","[134.0, 10]",124.0,20,12.0,-0.6
07:36:39,"[118.97, 31]","[82.86, 7]","[130.0, 21]","[134.0, 35]",124.48,94,11.03,-0.19
07:36:40,"[119.25, 60]","[75.67, 12]","[134.75, 12]","[227.75, 24]",127.0,108,15.5,0.33
07:36:41,"[121.47, 36]","[116.17, 36]","[135.0, 12]","[137.0, 60]",128.24,144,13.53,0.0
07:36:42,"[125.72, 39]","[125.48, 27]","[135.44, 41]","[278.59, 29]",130.58,136,9.72,-0.03
07:36:43,"[130.26, 19]","[127.46, 71]","[139.84, 55]","[372.06, 31]",135.05,176,9.57,0.02
07:36:44,"[133.09, 44]","[120.07, 28]","[191.89, 19]","[406.76, 38]",162.49,129,58.8,0.12
07:36:45,"[95.5, 36]","[82.71, 14]","[271.27, 22]","[502.21, 33]",183.39,105,175.77,-0.05
07:36:46,"[109.11, 27]","[101.57, 21]","[135.0, 22]","[305.17, 41]",122.06,111,25.89,-0.14
07:36:47,"[122.42, 45]","[120.8, 30]","[220.71, 56]","[287.0, 51]",171.57,182,98.29,-0.18
07:36:48,"[124.15, 33]","[114.21, 19]","[317.36, 22]","[326.73, 22]",220.76,96,193.21,0.08
07:36:49,"[126.15, 27]","[125.67, 18]","[214.29, 41]","[303.26, 27]",170.22,113,88.14,-0.2
07:36:50,"[130.5, 18]","[127.3, 43]","[138.0, 65]","[208.0, 13]",134.25,139,7.5,-0.12
07:36:51,"[134.67, 27]","[133.25, 16]","[137.28, 53]","[142.88, 43]",135.97,139,2.62,-0.38
07:36:52,"[135.07, 28]","[134.36, 11]","[137.0, 18]","[138.0, 40]",136.04,97,1.93,-0.2
07:36:53,"[112.67, 18]","[90.0, 6]","[136.2, 25]","[137.14, 37]",124.43,86,23.53,-0.44
07:36:54,"[89.12, 49]","[68.0, 10]","[137.0, 31]","[138.0, 35]",113.06,125,47.88,-0.06
07:36:55,"[94.68, 19]","[90.02, 47]","[135.33, 24]","[137.71, 28]",115.01,118,40.65,0.12
07:36:56,"[82.0, 47]","[24.21, 19]","[132.0, 18]","[137.0, 24]",107.0,108,50.0,0.22
07:36:57,"[46.75, 16]","[0, 0]","[138.0, 8]","[355.86, 14]",92.38,38,91.25,-0.16
07:36:58,"[94.82, 22]","[77.0, 4]","[138.0, 9]","[244.3, 23]",116.41,58,43.18,-0.1
07:36:59,"[111.37, 19]","[48.91, 11]","[137.19, 16]","[207.27, 15]",124.28,61,25.82,-0.02
07:37:00,"[58.0, 18]","[5.56, 9]","[136.83, 24]","[184.54, 13]",97.42,64,78.83,-0.16
07:37:01,"[72.54, 26]","[36.5, 14]","[224.67, 27]","[237.26, 38]",148.6,105,152.13,-0.24
07:37:02,"[144.5, 24]","[94.45, 22]","[230.0, 14]","[231.47, 17]",187.25,77,85.5,0.19
07:37:03,"[144.0, 54]","[85.67, 27]","[210.96, 50]","[223.64, 69]",177.48,200,66.96,-0.19
07:37:04,"[144.0, 33]","[114.05, 19]","[166.0, 39]","[167.26, 38]",155.0,129,22.0,-0.19
07:37:05,"[140.57, 42]","[99.74, 23]","[162.43, 46]","[163.35, 57]",151.5,168,21.86,-0.23
07:37:06,"[147.0, 56]","[123.38, 21]","[158.03, 36]","[159.36, 11]",152.51,124,11.03,0.24
07:37:07,"[147.0, 56]","[144.6, 30]","[157.02, 44]","[157.4, 20]",152.01,150,10.02,0.15
07:37:08,"[147.0, 45]","[146.0, 27]","[153.87, 39]","[154.85, 40]",150.44,151,6.87,-0.05
07:37:09,"[147.0, 65]","[146.0, 40]","[151.21, 29]","[153.06, 64]",149.1,198,4.21,0.06
07:37:10,"[147.0, 49]","[146.0, 51]","[151.81, 47]","[153.33, 60]",149.4,207,4.81,-0.03
07:37:11,"[146.75, 36]","[145.56, 48]","[150.36, 58]","[152.2, 50]",148.56,192,3.61,-0.12
07:37:12,"[145.0, 20]","[144.0, 21]","[149.0, 35]","[152.0, 28]",147.0,104,4.0,-0.21
07:37:13,"[144.7, 20]","[143.62, 24]","[148.56, 45]","[150.33, 45]",146.63,134,3.86,-0.34
07:37:14,"[144.0, 30]","[141.0, 15]","[146.34, 70]","[147.54, 65]",145.17,180,2.34,-0.5
07:37:15,"[143.45, 22]","[140.31, 29]","[145.36, 56]","[191.38, 61]",144.41,168,1.9,-0.39
07:37:16,"[141.0, 11]","[140.0, 55]","[145.41, 49]","[213.14, 42]",143.2,157,4.41,-0.16
07:37:17,"[140.76, 21]","[135.98, 53]","[142.23, 43]","[236.25, 48]",141.5,165,1.47,-0.1
07:37:18,"[140.93, 70]","[136.62, 63]","[142.0, 25]","[386.92, 52]",141.46,210,1.07,0.27
07:37:19,"[141.0, 16]","[140.0, 35]","[402.0, 22]","[506.0, 28]",271.5,101,261.0,0.01
07:37:20,"[144.79, 76]","[140.03, 118]","[200.33, 60]","[350.0, 48]",172.56,302,55.54,0.28
07:37:21,"[145.08, 48]","[142.2, 59]","[257.0, 60]","[300.0, 48]",201.04,215,111.92,-0.0
07:37:22,"[146.0, 40]","[143.64, 44]","[257.0, 50]","[439.1, 40]",201.5,174,111.0,-0.03
07:37:23,"[145.08, 26]","[141.19, 37]","[220.94, 32]","[326.84, 58]",183.01,153,75.86,-0.18
07:37:24,"[142.31, 26]","[140.11, 110]","[151.62, 16]","[254.74, 35]",146.97,187,9.32,0.45
07:37:25,"[146.0, 11]","[142.0, 33]","[158.0, 11]","[359.22, 46]",152.0,101,12.0,-0.13
07:37:26,"[146.0, 9]","[142.0, 27]","[156.33, 9]","[448.21, 39]",151.17,84,10.33,-0.14
07:37:27,"[146.0, 16]","[142.83, 54]","[152.96, 25]","[194.4, 25]",149.48,120,6.96,0.17
07:37:28,"[146.0, 8]","[145.0, 40]","[149.62, 16]","[151.0, 8]",147.81,72,3.62,0.33
07:37:29,"[145.75, 20]","[144.99, 76]","[147.54, 41]","[150.75, 24]",146.64,161,1.79,0.19
07:37:30,"[145.0, 18]","[144.0, 6]","[151.0, 6]","[157.0, 24]",148.0,54,6.0,-0.11
07:37:31,"[145.0, 21]","[144.0, 7]","[150.43, 7]","[174.64, 25]",147.71,60,5.43,-0.07
07:37:32,"[141.77, 39]","[139.63, 92]","[148.45, 11]","[150.0, 11]",145.11,153,6.69,0.71
07:37:33,"[140.88, 57]","[134.82, 22]","[146.0, 9]","[147.67, 9]",143.44,97,5.12,0.63
07:37:34,"[142.0, 54]","[140.0, 24]","[144.42, 12]","[226.31, 35]",143.21,125,2.42,0.25
07:37:35,"[143.8, 25]","[142.52, 29]","[145.0, 13]","[174.85, 65]",144.4,132,1.2,-0.18
07:37:36,"[143.0, 8]","[141.0, 40]","[145.0, 8]","[193.56, 39]",144.0,95,2.0,0.01
07:37:37,"[141.13, 30]","[140.26, 38]","[144.89, 9]","[170.18, 39]",143.01,116,3.76,0.17
07:37:38,"[141.0, 20]","[140.0, 20]","[163.55, 11]","[174.64, 22]",152.27,73,22.55,0.1
07:37:39,"[141.0, 24]","[140.0, 24]","[169.93, 28]","[174.08, 26]",155.46,102,28.93,-0.06
07:37:40,"[141.44, 27]","[140.44, 36]","[169.0, 45]","[171.0, 36]",155.22,144,27.56,-0.12
07:37:41,"[141.4, 25]","[135.27, 52]","[168.0, 24]","[205.31, 52]",154.7,153,26.6,0.01
07:37:42,"[145.84, 38]","[141.84, 25]","[167.0, 26]","[217.24, 34]",156.42,123,21.16,0.02
07:37:43,"[146.57, 35]","[145.89, 53]","[164.71, 56]","[165.9, 40]",155.64,184,18.14,-0.04
07:37:44,"[147.0, 24]","[146.0, 60]","[162.76, 25]","[163.43, 46]",154.88,155,15.76,0.08
07:37:45,"[147.0, 26]","[146.0, 65]","[159.72, 25]","[160.91, 46]",153.36,162,12.72,0.12
07:37:46,"[147.0, 20]","[146.0, 50]","[156.5, 32]","[159.25, 32]",151.75,134,9.5,0.04
07:37:47,"[146.75, 59]","[145.9, 58]","[150.35, 34]","[155.0, 56]",148.55,207,3.61,0.13
07:37:48,"[147.0, 112]","[146.0, 65]","[150.89, 18]","[154.13, 31]",148.94,226,3.89,0.57
07:37:49,"[147.0, 60]","[146.0, 50]","[157.2, 40]","[302.0, 40]",152.1,190,10.2,0.16
07:37:50,"[147.0, 62]","[145.29, 68]","[155.21, 33]","[240.75, 48]",151.11,211,8.21,0.23
07:37:51,"[147.0, 60]","[145.62, 64]","[151.96, 45]","[154.27, 15]",149.48,184,4.96,0.35
07:37:52,"[147.0, 35]","[146.0, 35]","[151.0, 28]","[154.0, 7]",149.0,105,4.0,0.33
07:37:53,"[147.0, 40]","[146.0, 40]","[150.4, 20]","[150.8, 20]",148.7,120,3.4,0.33
07:37:54,"[147.0, 36]","[146.0, 40]","[148.0, 8]","[154.4, 30]",147.5,114,1.0,0.33
07:37:55,"[146.67, 6]","[145.77, 26]","[148.0, 5]","[216.0, 10]",147.33,47,1.33,0.36
07:37:56,"[146.64, 50]","[145.07, 58]","[198.93, 14]","[300.56, 36]",172.78,158,52.29,0.37
07:37:57,"[147.42, 156]","[146.0, 26]","[268.34, 41]","[313.26, 43]",207.88,266,120.92,0.37
07:37:58,"[148.0, 72]","[146.0, 18]","[253.52, 33]","[296.12, 25]",200.76,148,105.52,0.22
07:37:59,"[148.56, 72]","[146.0, 18]","[249.14, 42]","[329.64, 22]",198.85,154,100.59,0.17
07:38:00,"[149.0, 76]","[146.0, 68]","[258.83, 29]","[381.28, 50]",203.91,223,109.83,0.29
07:38:01,"[146.0, 88]","[145.0, 66]","[196.86, 14]","[395.97, 36]",171.43,204,50.86,0.51
07:38:02,"[146.0, 37]","[145.0, 30]","[163.33, 6]","[354.0, 9]",154.67,82,17.33,0.63
07:38:03,"[146.0, 32]","[145.0, 42]","[170.0, 7]","[377.0, 14]",158.0,95,24.0,0.56
07:38:04,"[146.0, 14]","[145.0, 42]","[322.09, 22]","[347.0, 9]",234.05,87,176.09,0.29
07:38:05,"[145.05, 37]","[144.06, 96]","[263.74, 43]","[317.25, 16]",204.4,192,118.69,0.39
07:38:06,"[146.0, 11]","[145.0, 33]","[184.45, 49]","[322.04, 25]",165.22,118,38.45,-0.25
07:38:07,"[146.0, 13]","[145.0, 39]","[322.0, 52]","[486.17, 24]",234.0,128,176.0,-0.19
07:38:08,"[145.12, 16]","[144.04, 146]","[294.49, 41]","[322.96, 70]",219.81,273,149.36,0.19
07:38:09,"[145.36, 22]","[144.12, 59]","[322.0, 56]","[328.0, 70]",233.68,207,176.64,-0.22
07:38:10,"[143.97, 71]","[142.38, 29]","[303.04, 46]","[336.72, 50]",223.51,196,159.07,0.02
07:38:11,"[143.57, 49]","[142.13, 93]","[321.0, 52]","[566.09, 43]",232.29,237,177.43,0.2
07:38:12,"[144.0, 70]","[143.0, 30]","[321.0, 40]","[568.96, 28]",232.5,168,177.0,0.19
07:38:13,"[144.0, 91]","[143.0, 39]","[249.15, 40]","[291.14, 42]",196.57,212,105.15,0.23
07:38:14,"[144.0, 63]","[143.0, 25]","[169.0, 18]","[279.0, 36]",156.5,142,25.0,0.24
07:38:15,"[144.39, 23]","[143.94, 67]","[187.33, 24]","[286.1, 42]",165.86,156,42.94,0.15
07:38:16,"[145.98, 49]","[144.53, 15]","[264.24, 34]","[327.2, 20]",205.11,118,118.26,0.08
07:38:17,"[145.99, 73]","[144.63, 19]","[236.55, 44]","[280.11, 38]",191.27,174,90.56,0.06
07:38:18,"[144.0, 91]","[143.0, 26]","[187.17, 46]","[206.47, 34]",165.59,197,43.17,0.19
07:38:19,"[144.0, 38]","[143.0, 20]","[180.73, 33]","[188.32, 37]",162.36,128,36.73,-0.09
07:38:20,"[144.0, 24]","[143.0, 16]","[179.0, 24]","[182.0, 32]",161.5,96,35.0,-0.17
07:38:21,"[144.22, 23]","[143.28, 47]","[159.62, 42]","[161.87, 38]",151.92,150,15.4,-0.07
07:38:22,"[146.99, 91]","[145.53, 60]","[156.44, 54]","[157.94, 51]",151.72,256,9.46,0.18
07:38:23,"[149.0, 13]","[145.74, 86]","[153.78, 49]","[154.83, 47]",151.39,195,4.78,0.02
07:38:24,"[148.08, 13]","[145.64, 44]","[150.89, 37]","[152.08, 37]",149.48,131,2.81,-0.13
07:38:25,"[146.0, 36]","[144.0, 72]","[148.78, 36]","[150.56, 36]",147.39,180,2.78,0.2
07:38:26,"[144.06, 67]","[142.98, 41]","[146.43, 56]","[147.43, 56]",145.24,220,2.37,-0.02
07:38:27,"[144.0, 50]","[142.96, 50]","[145.3, 40]","[146.3, 40]",144.65,180,1.3,0.11
07:38:28,"[142.86, 14]","[141.02, 98]","[144.57, 35]","[219.59, 34]",143.71,181,1.71,0.24
07:38:29,"[141.91, 11]","[140.77, 56]","[143.59, 34]","[146.86, 42]",142.75,143,1.68,-0.06
07:38:30,"[141.94, 77]","[140.06, 69]","[143.56, 36]","[184.0, 18]",142.75,200,1.62,0.46
07:38:31,"[142.0, 130]","[141.0, 10]","[248.2, 20]","[466.8, 50]",195.1,210,106.2,0.33
07:38:32,"[142.94, 51]","[141.96, 81]","[398.0, 45]","[644.67, 24]",270.47,201,255.06,0.31
07:38:33,"[146.0, 14]","[142.0, 91]","[373.71, 35]","[556.0, 14]",259.86,154,227.71,0.36
07:38:34,"[146.6, 35]","[142.61, 92]","[224.92, 65]","[457.92, 53]",185.76,245,78.32,0.04
07:38:35,"[146.0, 48]","[142.73, 86]","[199.27, 55]","[251.14, 44]",172.64,233,53.27,0.15
07:38:36,"[146.0, 56]","[145.0, 42]","[220.32, 41]","[231.73, 30]",183.16,169,74.32,0.16
07:38:37,"[146.0, 40]","[145.0, 30]","[201.94, 33]","[219.36, 25]",173.97,128,55.94,0.09
07:38:38,"[145.83, 23]","[142.81, 74]","[197.11, 18]","[216.94, 34]",171.47,149,51.29,0.3
07:38:39,"[142.19, 176]","[141.75, 55]","[177.51, 51]","[180.75, 48]",159.85,330,35.32,0.4
07:38:40,"[142.0, 100]","[141.0, 10]","[169.35, 40]","[170.17, 46]",155.68,196,27.35,0.12
07:38:41,"[142.0, 48]","[141.0, 8]","[167.64, 11]","[168.97, 29]",154.82,96,25.64,0.17
07:38:42,"[142.0, 36]","[141.0, 6]","[164.48, 21]","[166.67, 9]",153.24,72,22.48,0.17
07:38:43,"[143.0, 18]","[142.0, 54]","[162.18, 39]","[163.03, 31]",152.59,142,19.18,0.01
07:38:44,"[142.65, 34]","[141.94, 70]","[157.19, 42]","[158.19, 42]",149.92,188,14.54,0.11
07:38:45,"[141.96, 25]","[140.8, 10]","[148.88, 32]","[150.4, 20]",145.42,87,6.91,-0.2
07:38:46,"[139.34, 29]","[132.91, 22]","[144.2, 35]","[145.29, 31]",141.77,117,4.86,-0.13
07:38:47,"[135.09, 46]","[116.54, 26]","[140.47, 19]","[141.74, 38]",137.78,129,5.39,0.12
07:38:48,"[124.8, 20]","[33.2, 10]","[138.0, 9]","[139.0, 9]",131.4,48,13.2,0.25
07:38:49,"[69.5, 8]","[11.0, 4]","[137.0, 4]","[138.0, 4]",103.25,20,67.5,0.2
07:38:50,"[70.22, 18]","[27.0, 12]","[136.62, 8]","[137.62, 8]",103.42,46,66.4,0.3
07:38:51,"[98.0, 40]","[48.43, 35]","[134.29, 14]","[137.64, 22]",116.14,111,36.29,0.35
07:38:52,"[76.58, 43]","[48.94, 32]","[132.29, 14]","[157.67, 12]",104.43,101,55.7,0.49
07:38:53,"[129.25, 24]","[90.5, 24]","[136.82, 38]","[172.64, 28]",133.03,114,7.57,-0.16
07:38:54,"[101.23, 35]","[55.73, 33]","[136.0, 46]","[138.0, 40]",118.61,154,34.77,-0.12
07:38:55,"[91.29, 7]","[90.0, 28]","[134.86, 28]","[137.18, 22]",113.07,85,43.57,-0.18
07:38:56,"[92.62, 8]","[89.69, 29]","[133.0, 20]","[134.57, 28]",112.81,85,40.38,-0.13
07:38:57,"[100.77, 13]","[61.93, 29]","[133.0, 24]","[136.33, 36]",116.88,102,32.23,-0.18
07:38:58,"[98.29, 7]","[48.29, 14]","[132.14, 7]","[134.0, 9]",115.21,37,33.86,0.14
07:38:59,"[112.85, 13]","[82.09, 11]","[132.0, 8]","[133.0, 8]",122.42,40,19.15,0.2
07:39:00,"[117.54, 13]","[113.12, 17]","[135.0, 16]","[191.17, 12]",126.27,58,17.46,0.03
07:39:01,"[119.97, 148]","[115.0, 21]","[148.41, 39]","[326.0, 32]",134.19,240,28.44,0.41
07:39:02,"[122.81, 53]","[121.76, 82]","[132.0, 14]","[186.0, 22]",127.41,171,9.19,0.58
07:39:03,"[126.35, 51]","[126.8, 40]","[132.0, 31]","[201.0, 14]",129.18,136,5.65,0.34
07:39:04,"[129.04, 76]","[128.44, 54]","[132.0, 34]","[203.1, 20]",130.52,184,2.96,0.41
07:39:05,"[130.33, 54]","[129.43, 84]","[200.0, 14]","[337.43, 14]",165.17,166,69.67,0.66
07:39:06,"[146.0, 21]","[131.0, 42]","[241.86, 14]","[388.29, 14]",193.93,91,95.86,0.38
07:39:07,"[145.58, 59]","[141.77, 78]","[180.0, 16]","[234.38, 16]",162.79,169,34.42,0.62
07:39:08,"[147.8, 5]","[145.0, 60]","[189.2, 10]","[227.8, 10]",168.5,85,41.4,0.53
07:39:09,"[148.0, 7]","[146.2, 30]","[291.14, 14]","[445.2, 10]",219.57,61,143.14,0.21
07:39:10,"[148.57, 7]","[147.0, 21]","[153.0, 14]","[414.7, 10]",150.79,52,4.43,0.08
07:39:11,"[148.33, 9]","[146.71, 21]","[251.0, 18]","[317.0, 17]",199.67,65,102.67,-0.08
07:39:12,"[145.5, 12]","[141.13, 93]","[250.85, 26]","[541.83, 24]",198.17,155,105.35,0.35
07:39:13,"[145.67, 9]","[141.36, 33]","[249.17, 24]","[251.0, 12]",197.42,78,103.5,0.08
07:39:14,"[146.0, 14]","[145.0, 7]","[215.8, 20]","[261.18, 22]",180.9,63,69.8,-0.33
07:39:15,"[144.8, 10]","[141.67, 42]","[211.27, 22]","[253.38, 26]",178.04,100,66.47,0.04
07:39:16,"[144.0, 7]","[142.0, 35]","[233.91, 22]","[326.0, 18]",188.95,82,89.91,0.02
07:39:17,"[145.0, 420]","[144.0, 12]","[148.0, 24]","[188.46, 26]",146.5,482,3.0,0.79
07:39:18,"[145.34, 106]","[145.0, 492]","[173.88, 32]","[227.79, 38]",159.61,668,28.54,0.79
07:39:19,"[147.53, 30]","[145.0, 525]","[190.81, 32]","[246.22, 51]",169.17,638,43.28,0.74
07:39:20,"[149.0, 26]","[145.0, 455]","[195.2, 30]","[258.22, 46]",172.1,557,46.2,0.73
07:39:21,"[149.0, 27]","[145.0, 525]","[247.38, 52]","[256.26, 53]",198.19,657,98.38,0.68
07:39:22,"[145.06, 355]","[144.95, 185]","[242.67, 60]","[244.4, 60]",193.86,660,97.61,0.64
07:39:23,"[145.02, 173]","[144.96, 137]","[225.94, 36]","[228.66, 29]",185.48,375,80.92,0.65
07:39:24,"[145.0, 231]","[144.0, 7]","[224.71, 35]","[226.0, 28]",184.86,301,79.71,0.58
07:39:25,"[145.0, 410]","[144.0, 13]","[222.32, 50]","[223.24, 63]",183.66,536,77.32,0.58
07:39:26,"[144.97, 195]","[142.52, 27]","[218.37, 52]","[219.61, 44]",181.67,318,73.39,0.4
07:39:27,"[144.22, 18]","[142.04, 57]","[213.12, 68]","[216.54, 59]",178.67,202,68.9,-0.26
07:39:28,"[145.0, 40]","[144.0, 10]","[207.66, 35]","[209.3, 40]",176.33,125,62.66,-0.2
07:39:29,"[145.15, 52]","[144.57, 28]","[204.25, 80]","[206.0, 48]",174.7,208,59.1,-0.23
07:39:30,"[145.0, 24]","[144.0, 8]","[201.43, 35]","[202.38, 40]",173.21,107,56.43,-0.4
07:39:31,"[145.0, 34]","[144.0, 48]","[197.73, 59]","[198.79, 58]",171.36,199,52.73,-0.18
07:39:32,"[145.67, 9]","[144.67, 9]","[194.65, 40]","[195.68, 41]",170.16,99,48.98,-0.64
07:39:33,"[146.0, 13]","[145.0, 13]","[188.09, 55]","[189.07, 59]",167.05,140,42.09,-0.63
07:39:34,"[145.17, 12]","[144.17, 12]","[168.68, 44]","[173.46, 50]",156.92,118,23.52,-0.59
07:39:35,"[145.0, 5]","[144.0, 5]","[164.6, 15]","[166.0, 25]",154.8,50,19.6,-0.6
07:39:36,"[145.0, 12]","[144.0, 12]","[161.7, 56]","[162.51, 55]",153.35,135,16.7,-0.64
07:39:37,"[145.81, 16]","[143.21, 38]","[157.82, 33]","[158.97, 40]",151.82,127,12.01,-0.15
07:39:38,"[147.0, 36]","[146.0, 90]","[153.26, 72]","[154.96, 72]",150.13,270,6.26,-0.07
07:39:39,"[146.69, 32]","[145.96, 57]","[149.48, 61]","[150.45, 53]",148.08,203,2.79,-0.12
07:39:40,"[145.97, 32]","[144.44, 16]","[147.0, 40]","[148.0, 24]",146.48,112,1.03,-0.14
07:39:41,"[144.05, 58]","[143.57, 47]","[145.92, 24]","[146.93, 59]",144.98,188,1.86,0.12
07:39:42,"[144.0, 36]","[143.0, 24]","[145.0, 24]","[184.71, 31]",144.5,115,1.0,0.04
07:39:43,"[142.78, 41]","[142.24, 29]","[145.0, 20]","[194.0, 10]",143.89,100,2.22,0.4
07:39:44,"[142.0, 53]","[141.0, 12]","[143.75, 24]","[195.56, 18]",142.88,107,1.75,0.21
07:39:45,"[142.58, 36]","[141.64, 14]","[279.5, 16]","[347.22, 9]",211.04,75,136.92,0.33
07:39:46,"[143.0, 63]","[142.0, 27]","[248.33, 18]","[372.36, 11]",195.67,119,105.33,0.51
07:39:47,"[143.38, 40]","[142.74, 42]","[151.7, 20]","[250.31, 13]",147.54,115,8.32,0.43
07:39:48,"[146.0, 10]","[142.89, 71]","[149.33, 24]","[150.31, 26]",147.67,131,3.33,0.24
07:39:49,"[144.18, 11]","[141.98, 49]","[147.43, 14]","[150.0, 21]",145.81,95,3.25,0.26
07:39:50,"[142.0, 50]","[141.0, 10]","[145.71, 21]","[148.56, 25]",143.86,106,3.71,0.13
07:39:51,"[142.0, 30]","[141.0, 8]","[143.0, 18]","[192.25, 16]",142.5,72,1.0,0.06
07:39:52,"[142.57, 14]","[141.73, 11]","[220.0, 14]","[310.57, 14]",181.29,53,77.43,-0.06
07:39:53,"[143.43, 14]","[142.0, 22]","[316.94, 16]","[762.0, 18]",230.18,70,173.51,0.03
07:39:54,"[145.15, 96]","[143.38, 26]","[236.0, 36]","[697.0, 48]",190.57,206,90.85,0.18
07:39:55,"[146.05, 145]","[144.25, 32]","[183.0, 45]","[362.48, 73]",164.52,295,36.95,0.2
07:39:56,"[147.0, 32]","[146.0, 28]","[371.06, 31]","[560.96, 25]",259.03,116,224.06,0.03
07:39:57,"[148.3, 40]","[147.0, 10]","[453.94, 48]","[607.34, 32]",301.12,130,305.64,-0.23
07:39:58,"[148.71, 14]","[146.27, 11]","[455.0, 25]","[592.0, 15]",301.86,65,306.29,-0.23
07:39:59,"[146.54, 13]","[145.75, 32]","[434.23, 39]","[529.73, 33]",290.38,117,287.69,-0.23
07:40:00,"[146.0, 18]","[144.0, 12]","[365.0, 18]","[455.0, 30]",255.5,78,219.0,-0.23
07:40:01,"[146.0, 36]","[144.0, 24]","[263.17, 36]","[451.03, 34]",204.58,130,117.17,-0.08
07:40:02,"[140.8, 25]","[130.92, 24]","[179.26, 35]","[299.75, 24]",160.03,108,38.46,-0.09
07:40:03,"[140.0, 30]","[131.4, 50]","[219.9, 10]","[221.0, 20]",179.95,110,79.9,0.45
07:40:04,"[140.96, 26]","[133.55, 38]","[168.04, 28]","[219.64, 11]",154.5,103,27.07,0.24
07:40:05,"[146.87, 165]","[140.42, 36]","[159.95, 22]","[187.63, 62]",153.41,285,13.09,0.41
07:40:06,"[147.0, 72]","[140.0, 18]","[155.67, 6]","[301.0, 20]",151.33,116,8.67,0.55
07:40:07,"[147.0, 77]","[141.2, 15]","[154.86, 7]","[349.0, 21]",150.93,120,7.86,0.53
07:40:08,"[147.0, 97]","[146.0, 9]","[154.0, 9]","[349.0, 27]",150.5,142,7.0,0.49
07:40:09,"[147.0, 99]","[146.0, 11]","[152.55, 11]","[334.28, 25]",149.77,146,5.55,0.51
07:40:10,"[147.0, 63]","[146.0, 7]","[151.86, 7]","[238.7, 20]",149.43,97,4.86,0.44
07:40:11,"[147.0, 142]","[146.0, 17]","[150.24, 17]","[320.12, 34]",148.62,210,3.24,0.51
07:40:12,"[147.0, 64]","[146.0, 8]","[150.0, 8]","[305.78, 18]",148.5,98,3.0,0.47
07:40:13,"[147.0, 112]","[146.0, 14]","[203.38, 26]","[258.19, 31]",175.19,183,56.38,0.38
07:40:14,"[147.0, 128]","[146.0, 16]","[204.5, 48]","[263.92, 49]",175.75,241,57.5,0.2
07:40:15,"[147.0, 48]","[146.0, 11]","[199.88, 43]","[200.79, 34]",173.44,136,52.88,-0.13
07:40:16,"[147.58, 26]","[146.5, 14]","[194.15, 39]","[194.67, 45]",170.87,124,46.58,-0.35
07:40:17,"[146.31, 13]","[145.04, 56]","[190.48, 46]","[192.97, 31]",168.39,146,44.17,-0.05
07:40:18,"[146.0, 10]","[145.0, 60]","[186.69, 29]","[188.46, 41]",166.34,140,40.69,0.0
07:40:19,"[146.0, 11]","[145.0, 66]","[180.23, 39]","[181.9, 31]",163.12,147,34.23,0.05
07:40:20,"[146.0, 16]","[145.0, 66]","[166.82, 39]","[171.46, 28]",156.41,149,20.82,0.1
07:40:21,"[146.29, 63]","[145.24, 75]","[153.81, 47]","[154.93, 30]",150.05,215,7.52,0.28
07:40:22,"[146.55, 66]","[145.6, 60]","[151.14, 63]","[152.08, 53]",148.84,242,4.6,0.04
07:40:23,"[145.67, 55]","[144.41, 51]","[147.62, 65]","[150.93, 41]",146.64,212,1.94,0.0
07:40:24,"[145.0, 55]","[144.0, 65]","[146.0, 26]","[295.35, 34]",145.5,180,1.0,0.33
07:40:25,"[144.0, 75]","[143.0, 55]","[145.33, 18]","[205.64, 33]",144.67,181,1.33,0.44
07:40:26,"[144.0, 22]","[143.0, 45]","[200.7, 23]","[365.12, 40]",172.35,130,56.7,0.03
07:40:27,"[144.0, 10]","[143.0, 15]","[171.22, 23]","[293.65, 17]",157.61,65,27.22,-0.23
07:40:28,"[146.52, 25]","[143.7, 20]","[165.19, 42]","[194.48, 23]",155.86,110,18.67,-0.18
07:40:29,"[144.67, 36]","[143.18, 17]","[164.0, 48]","[232.42, 12]",154.33,113,19.33,-0.06
07:40:30,"[145.64, 25]","[142.95, 19]","[163.14, 28]","[323.48, 23]",154.39,95,17.5,-0.07
07:40:31,"[144.35, 40]","[142.62, 29]","[158.38, 29]","[182.93, 58]",151.36,156,14.03,-0.12
07:40:32,"[141.0, 32]","[140.0, 40]","[154.75, 32]","[158.0, 8]",147.88,112,13.75,0.29
07:40:33,"[141.4, 5]","[140.12, 17]","[154.0, 20]","[158.0, 5]",147.7,47,12.6,-0.06
07:40:34,"[140.0, 36]","[85.75, 32]","[153.0, 27]","[153.76, 33]",146.5,128,13.0,0.06
07:40:35,"[136.49, 39]","[124.14, 88]","[149.76, 38]","[180.8, 44]",143.13,209,13.28,0.22
07:40:36,"[142.0, 9]","[106.77, 26]","[149.33, 36]","[319.11, 45]",145.67,116,7.33,-0.4
07:40:37,"[142.0, 7]","[141.0, 28]","[145.86, 28]","[539.71, 35]",143.93,98,3.86,-0.29
07:40:38,"[142.0, 5]","[141.0, 20]","[145.0, 20]","[444.5, 24]",143.5,69,3.0,-0.28
07:40:39,"[142.0, 6]","[141.0, 24]","[144.5, 24]","[194.0, 30]",143.25,84,2.5,-0.29
07:40:40,"[143.68, 31]","[130.41, 34]","[176.11, 35]","[255.8, 50]",159.9,150,32.44,-0.13
07:40:41,"[144.0, 16]","[136.64, 22]","[158.18, 28]","[207.25, 20]",151.09,86,14.18,-0.12
07:40:42,"[141.88, 41]","[140.68, 114]","[170.17, 53]","[196.85, 61]",156.02,269,28.29,0.15
07:40:43,"[141.18, 55]","[139.77, 88]","[183.79, 34]","[191.5, 32]",162.49,209,42.61,0.37
07:40:44,"[141.24, 126]","[135.26, 38]","[187.12, 40]","[188.12, 40]",164.18,244,45.89,0.34
07:40:45,"[141.19, 160]","[140.58, 52]","[167.85, 47]","[176.9, 63]",154.52,322,26.66,0.32
07:40:46,"[141.0, 84]","[140.0, 16]","[218.83, 30]","[279.0, 36]",179.92,166,77.83,0.2
07:40:47,"[141.0, 30]","[140.0, 10]","[516.8, 25]","[696.0, 10]",328.9,75,375.8,0.07
07:40:48,"[141.0, 60]","[140.0, 20]","[540.71, 14]","[699.29, 17]",340.86,111,399.71,0.44
07:40:49,"[142.09, 33]","[141.0, 66]","[388.36, 11]","[496.73, 11]",265.23,121,246.27,0.64
07:40:50,"[143.0, 37]","[141.0, 72]","[218.95, 22]","[238.86, 28]",180.98,159,75.95,0.37
07:40:51,"[143.0, 24]","[141.0, 36]","[206.0, 7]","[227.0, 30]",174.5,97,63.0,0.24
07:40:52,"[143.0, 36]","[141.0, 54]","[206.0, 9]","[343.55, 29]",174.5,128,63.0,0.41
07:40:53,"[146.0, 11]","[143.77, 39]","[163.19, 27]","[184.63, 27]",154.59,104,17.19,-0.04
07:40:54,"[146.17, 12]","[145.03, 31]","[157.0, 11]","[324.48, 27]",151.58,81,10.83,0.06
07:40:55,"[147.0, 20]","[146.0, 10]","[155.4, 10]","[235.53, 30]",151.2,70,8.4,-0.14
07:40:56,"[147.0, 26]","[146.0, 13]","[153.11, 19]","[211.15, 47]",150.05,105,6.11,-0.26
07:40:57,"[147.0, 16]","[146.0, 8]","[150.2, 20]","[152.5, 16]",148.6,60,3.2,-0.2
07:40:58,"[146.89, 19]","[145.6, 15]","[148.86, 28]","[164.31, 26]",147.88,88,1.96,-0.23
07:40:59,"[145.71, 14]","[144.95, 37]","[148.62, 52]","[268.0, 25]",147.16,128,2.9,-0.2
07:41:00,"[143.57, 14]","[142.12, 34]","[147.62, 32]","[179.53, 30]",145.6,110,4.05,-0.13
07:41:01,"[141.32, 37]","[141.28, 47]","[146.0, 18]","[148.0, 36]",143.66,138,4.68,0.22
07:41:02,"[141.0, 84]","[140.0, 60]","[145.69, 26]","[149.8, 45]",143.35,215,4.69,0.34
07:41:03,"[141.0, 44]","[140.0, 40]","[148.0, 32]","[406.25, 8]",144.5,124,7.0,0.35
07:41:04,"[143.43, 42]","[140.98, 53]","[147.11, 37]","[155.33, 45]",145.27,177,3.68,0.07
07:41:05,"[142.2, 30]","[140.25, 48]","[147.95, 21]","[478.0, 9]",145.08,108,5.75,0.44
07:41:06,"[142.56, 18]","[141.0, 27]","[145.67, 9]","[533.92, 12]",144.11,66,3.11,0.36
07:41:07,"[143.57, 14]","[141.18, 28]","[319.0, 31]","[510.56, 32]",231.29,105,175.43,-0.2
07:41:08,"[147.23, 13]","[144.69, 13]","[277.53, 17]","[431.4, 20]",212.38,63,130.3,-0.17
07:41:09,"[149.0, 9]","[145.0, 9]","[152.0, 36]","[244.0, 18]",150.5,72,3.0,-0.5
07:41:10,"[146.14, 21]","[143.06, 31]","[187.71, 35]","[252.23, 26]",166.93,113,41.57,-0.08
07:41:11,"[142.11, 45]","[140.67, 30]","[187.54, 13]","[188.5, 12]",164.82,100,45.43,0.5
07:41:12,"[142.91, 66]","[141.0, 60]","[185.0, 27]","[186.0, 18]",163.95,171,42.09,0.47
07:41:13,"[142.0, 42]","[140.0, 30]","[184.0, 18]","[186.0, 12]",163.0,102,42.0,0.41
07:41:14,"[142.0, 91]","[140.0, 65]","[181.75, 32]","[182.85, 33]",161.88,221,39.75,0.41
07:41:15,"[143.74, 50]","[141.89, 44]","[177.25, 48]","[178.41, 37]",160.5,179,33.51,0.05
07:41:16,"[146.32, 28]","[144.85, 26]","[175.74, 38]","[176.92, 48]",161.03,140,29.42,-0.23
07:41:17,"[148.79, 14]","[146.0, 28]","[174.44, 34]","[175.82, 40]",161.61,116,25.66,-0.28
07:41:18,"[144.06, 17]","[145.17, 12]","[171.14, 21]","[173.0, 21]",157.6,71,27.08,-0.18
07:41:19,"[142.14, 29]","[141.27, 15]","[168.91, 44]","[171.42, 36]",155.52,124,26.77,-0.29
07:41:20,"[142.0, 24]","[141.0, 12]","[164.21, 34]","[165.37, 52]",153.1,122,22.21,-0.41
07:41:21,"[141.74, 19]","[139.75, 12]","[160.67, 39]","[161.18, 49]",151.2,119,18.93,-0.48
07:41:22,"[67.21, 58]","[40.43, 54]","[145.71, 49]","[149.26, 42]",106.46,203,78.51,0.1
07:41:23,"[143.0, 16]","[85.88, 32]","[155.5, 30]","[156.64, 36]",149.25,114,12.5,-0.16
07:41:24,"[143.0, 10]","[97.0, 18]","[155.0, 18]","[156.0, 30]",149.0,76,12.0,-0.26
07:41:25,"[122.17, 24]","[103.69, 26]","[154.22, 32]","[155.62, 32]",138.19,114,32.05,-0.12
07:41:26,"[115.2, 25]","[104.0, 24]","[151.86, 35]","[155.0, 21]",133.53,105,36.66,-0.07
07:41:27,"[139.03, 67]","[112.98, 47]","[150.8, 44]","[163.76, 37]",144.91,195,11.77,0.17
07:41:28,"[141.0, 48]","[124.0, 40]","[149.62, 40]","[194.89, 36]",145.31,164,8.62,0.07
07:41:29,"[123.07, 43]","[110.98, 42]","[146.46, 41]","[149.8, 50]",134.77,176,23.39,-0.03
07:41:30,"[105.24, 17]","[78.38, 32]","[147.69, 35]","[168.73, 41]",126.46,125,42.45,-0.22
07:41:31,"[126.08, 39]","[102.77, 53]","[147.96, 57]","[288.24, 49]",137.02,198,21.89,-0.07
07:41:32,"[122.63, 43]","[105.33, 43]","[135.82, 28]","[145.36, 45]",129.22,159,13.19,0.08
07:41:33,"[94.16, 37]","[67.57, 42]","[134.71, 21]","[135.89, 18]",114.44,118,40.55,0.34
07:41:34,"[106.15, 26]","[76.42, 31]","[135.83, 29]","[194.2, 10]",120.99,96,29.67,0.19
07:41:35,"[126.42, 60]","[115.64, 28]","[136.0, 44]","[137.0, 12]",131.21,144,9.58,0.22
07:41:36,"[127.93, 15]","[120.78, 45]","[397.03, 31]","[137.0, 1]",262.48,92,269.1,0.3
07:41:37,"[142.19, 16]","[128.86, 14]","[415.29, 28]","[425.0, 4]",278.74,62,273.1,-0.03
07:41:38,"[143.48, 21]","[138.62, 16]","[339.53, 30]","[376.82, 22]",241.5,89,196.06,-0.17
07:41:39,"[145.9, 59]","[143.85, 59]","[342.07, 30]","[527.3, 47]",243.98,195,196.17,0.21
07:41:40,"[146.0, 99]","[143.0, 22]","[296.76, 25]","[376.64, 44]",221.38,190,150.76,0.27
07:41:41,"[146.71, 89]","[143.69, 39]","[205.0, 24]","[207.0, 60]",175.85,212,58.29,0.21
07:41:42,"[147.15, 40]","[146.0, 8]","[203.0, 16]","[385.29, 35]",175.07,99,55.85,-0.03
07:41:43,"[149.78, 27]","[146.96, 25]","[202.67, 18]","[424.0, 36]",176.22,106,52.89,-0.02
07:41:44,"[149.45, 22]","[146.27, 33]","[201.4, 30]","[296.68, 38]",175.43,123,51.95,-0.11
07:41:45,"[146.0, 9]","[143.0, 18]","[193.9, 31]","[382.0, 24]",169.95,82,47.9,-0.34
07:41:46,"[146.0, 7]","[143.0, 14]","[198.81, 31]","[200.2, 25]",172.4,77,52.81,-0.45
07:41:47,"[143.16, 19]","[142.03, 77]","[197.71, 34]","[198.87, 46]",170.43,176,54.55,0.09
07:41:48,"[143.0, 18]","[142.0, 27]","[196.85, 41]","[197.68, 31]",169.93,117,53.85,-0.23
07:41:49,"[144.14, 14]","[141.8, 10]","[195.57, 21]","[197.0, 35]",169.86,80,51.43,-0.4
07:41:50,"[143.0, 8]","[142.0, 4]","[195.0, 12]","[197.0, 20]",169.0,44,52.0,-0.45
07:41:51,"[143.0, 22]","[142.0, 11]","[193.82, 33]","[197.0, 55]",168.41,121,50.82,-0.45
07:41:52,"[114.36, 39]","[101.0, 48]","[171.19, 36]","[175.78, 37]",142.78,160,56.84,0.09
07:41:53,"[127.18, 22]","[115.16, 56]","[132.04, 56]","[149.29, 14]",129.61,148,4.85,0.05
07:41:54,"[129.67, 12]","[112.78, 116]","[131.53, 66]","[132.26, 19]",130.6,213,1.86,0.2
07:41:55,"[112.93, 58]","[99.5, 42]","[131.36, 11]","[132.33, 12]",122.15,123,18.43,0.63
07:41:56,"[112.2, 55]","[57.43, 7]","[132.0, 5]","[133.0, 5]",122.1,72,19.8,0.72
07:41:57,"[114.22, 85]","[101.14, 42]","[135.0, 8]","[375.22, 27]",124.61,162,20.78,0.57
07:41:58,"[115.85, 130]","[114.0, 143]","[150.39, 49]","[159.57, 23]",133.12,345,34.54,0.58
07:41:59,"[125.42, 62]","[121.02, 96]","[317.0, 22]","[539.74, 38]",221.21,218,191.58,0.45
07:42:00,"[146.41, 34]","[142.96, 92]","[271.21, 33]","[488.15, 26]",208.81,185,124.8,0.36
07:42:01,"[146.69, 58]","[144.46, 52]","[253.54, 24]","[442.0, 16]",200.12,150,106.85,0.47
07:42:02,"[148.0, 131]","[146.0, 88]","[241.88, 32]","[435.88, 32]",194.94,283,93.88,0.55
07:42:03,"[148.31, 131]","[146.35, 68]","[202.16, 38]","[203.21, 39]",175.23,276,53.85,0.44
07:42:04,"[149.2, 100]","[148.0, 30]","[200.1, 30]","[202.0, 40]",174.65,200,50.9,0.3
07:42:05,"[150.0, 50]","[148.0, 15]","[198.6, 15]","[202.0, 20]",174.3,100,48.6,0.3
07:42:06,"[150.0, 118]","[148.0, 39]","[195.02, 43]","[196.94, 48]",172.51,248,45.02,0.27
07:42:07,"[150.0, 37]","[148.0, 33]","[180.11, 36]","[186.73, 41]",165.06,147,30.11,-0.05
07:42:08,"[148.67, 9]","[145.65, 17]","[166.64, 25]","[187.0, 28]",157.65,79,17.97,-0.34
07:42:09,"[148.0, 5]","[146.0, 25]","[165.47, 19]","[180.8, 20]",156.74,69,17.47,-0.13
07:42:10,"[147.18, 22]","[145.94, 51]","[157.43, 42]","[159.72, 43]",152.31,158,10.25,-0.08
07:42:11,"[147.0, 88]","[146.0, 55]","[155.36, 44]","[156.82, 44]",151.18,231,8.36,0.24
07:42:12,"[147.0, 136]","[146.0, 85]","[150.81, 47]","[152.81, 62]",148.9,330,3.81,0.34
07:42:13,"[147.0, 38]","[146.0, 45]","[148.0, 36]","[204.0, 16]",147.5,135,1.0,0.23
07:42:14,"[146.14, 44]","[144.8, 20]","[291.89, 36]","[485.54, 28]",219.01,128,145.75,0.0
07:42:15,"[146.0, 10]","[144.0, 9]","[147.0, 18]","[487.0, 9]",146.5,46,1.0,-0.17
07:42:16,"[144.0, 5]","[143.0, 5]","[147.0, 10]","[187.0, 5]",145.5,25,3.0,-0.2
07:42:17,"[145.24, 17]","[144.62, 26]","[166.65, 23]","[477.7, 33]",155.94,99,21.42,-0.13
07:42:18,"[147.96, 24]","[145.0, 36]","[161.0, 27]","[331.44, 36]",154.48,123,13.04,-0.02
07:42:19,"[148.26, 19]","[145.96, 47]","[167.05, 37]","[400.7, 40]",157.66,143,18.79,-0.08
07:42:20,"[148.0, 9]","[145.97, 31]","[259.86, 21]","[359.66, 29]",203.93,90,111.86,-0.11
07:42:21,"[148.0, 11]","[147.0, 33]","[235.64, 25]","[260.62, 37]",191.82,106,87.64,-0.17
07:42:22,"[146.9, 20]","[146.74, 31]","[236.0, 40]","[260.0, 26]",191.45,117,89.1,-0.13
07:42:23,"[146.0, 159]","[144.89, 45]","[208.15, 54]","[279.56, 50]",177.07,308,62.15,0.32
07:42:24,"[146.0, 41]","[144.0, 7]","[154.89, 27]","[221.27, 22]",150.44,97,8.89,-0.01
07:42:25,"[145.8, 30]","[144.21, 14]","[147.0, 56]","[218.0, 42]",146.4,142,1.2,-0.38
07:42:26,"[144.57, 14]","[143.57, 14]","[178.23, 53]","[382.21, 47]",161.4,128,33.65,-0.56
07:42:27,"[144.0, 13]","[141.23, 88]","[171.12, 25]","[414.4, 40]",157.56,166,27.12,0.22
07:42:28,"[144.0, 16]","[142.64, 22]","[179.76, 21]","[411.44, 41]",161.88,100,35.76,-0.24
07:42:29,"[144.0, 11]","[143.0, 11]","[175.47, 19]","[176.71, 14]",159.74,55,31.47,-0.2
07:42:30,"[142.1, 21]","[140.96, 69]","[172.0, 12]","[173.0, 24]",157.05,126,29.9,0.43
07:42:31,"[142.36, 110]","[129.27, 67]","[172.0, 13]","[173.0, 26]",157.18,216,29.64,0.64
07:42:32,"[146.86, 42]","[144.91, 46]","[171.57, 7]","[173.0, 14]",159.21,109,24.71,0.61
07:42:33,"[147.0, 60]","[146.0, 60]","[169.84, 19]","[171.36, 11]",158.42,150,22.84,0.6
07:42:34,"[146.12, 164]","[145.09, 110]","[154.89, 27]","[228.47, 19]",150.51,320,8.77,0.71
07:42:35,"[146.0, 104]","[144.0, 40]","[169.38, 24]","[171.0, 8]",157.69,176,23.38,0.64
07:42:36,"[146.44, 43]","[145.98, 106]","[168.0, 30]","[171.0, 10]",157.22,189,21.56,0.58
07:42:37,"[148.33, 12]","[147.0, 108]","[167.08, 36]","[171.0, 12]",157.71,168,18.75,0.43
07:42:38,"[149.0, 16]","[147.0, 144]","[163.89, 18]","[166.15, 46]",156.44,224,14.89,0.43
07:42:39,"[149.0, 12]","[147.0, 108]","[158.89, 19]","[161.62, 34]",153.95,173,9.89,0.39
07:42:40,"[147.8, 25]","[146.58, 156]","[156.07, 14]","[158.45, 31]",151.94,226,8.27,0.6
07:42:41,"[147.0, 65]","[146.0, 286]","[154.27, 15]","[157.92, 37]",150.63,403,7.27,0.74
07:42:42,"[147.0, 50]","[146.0, 220]","[152.0, 10]","[154.0, 30]",149.5,310,5.0,0.74
07:42:43,"[147.0, 48]","[146.0, 220]","[150.39, 18]","[153.45, 22]",148.69,308,3.39,0.74
07:42:44,"[147.0, 56]","[146.0, 308]","[148.7, 30]","[150.71, 28]",147.85,422,1.7,0.73
07:42:45,"[146.21, 84]","[145.82, 169]","[179.5, 30]","[222.05, 21]",162.86,304,33.29,0.66
07:42:46,"[146.03, 220]","[144.85, 104]","[252.0, 14]","[253.0, 42]",199.01,380,105.97,0.71
07:42:47,"[146.0, 160]","[144.0, 50]","[252.0, 10]","[321.73, 26]",199.0,246,106.0,0.71
07:42:48,"[146.0, 133]","[144.0, 50]","[232.55, 11]","[285.62, 21]",189.27,215,86.55,0.7
07:42:49,"[146.08, 97]","[144.42, 76]","[222.64, 14]","[226.0, 28]",184.36,215,76.56,0.61
07:42:50,"[146.0, 70]","[144.0, 50]","[211.0, 11]","[225.74, 19]",178.5,150,65.0,0.6
07:42:51,"[146.0, 70]","[144.0, 50]","[166.0, 20]","[221.0, 10]",156.0,150,20.0,0.6
07:42:52,"[146.0, 49]","[144.0, 35]","[166.0, 14]","[221.0, 7]",156.0,105,20.0,0.6
07:42:53,"[146.0, 63]","[144.0, 45]","[177.0, 15]","[392.5, 12]",161.5,135,31.0,0.6
07:42:54,"[146.0, 81]","[144.0, 75]","[219.97, 38]","[349.6, 25]",182.99,219,73.97,0.42
07:42:55,"[146.0, 108]","[144.0, 45]","[216.67, 36]","[219.0, 9]",181.33,198,70.67,0.55
07:42:56,"[146.0, 169]","[143.67, 60]","[213.9, 40]","[215.44, 25]",179.95,294,67.9,0.56
07:42:57,"[146.0, 147]","[143.0, 52]","[208.93, 57]","[210.51, 41]",177.46,297,62.93,0.34
07:42:58,"[146.0, 79]","[143.0, 36]","[206.71, 42]","[208.23, 39]",176.36,196,60.71,0.17
07:42:59,"[146.0, 70]","[143.0, 40]","[202.63, 35]","[204.29, 42]",174.31,187,56.63,0.18
07:43:00,"[146.0, 77]","[143.0, 44]","[198.0, 55]","[201.0, 44]",172.0,220,52.0,0.1
07:43:01,"[146.16, 51]","[144.09, 66]","[194.04, 52]","[197.33, 57]",170.1,226,47.88,0.04
07:43:02,"[147.99, 85]","[146.8, 15]","[187.83, 46]","[194.24, 63]",167.91,209,39.84,-0.04
07:43:03,"[148.0, 98]","[147.0, 14]","[182.95, 43]","[185.98, 41]",165.48,196,34.95,0.14
07:43:04,"[148.0, 77]","[147.0, 11]","[169.65, 26]","[173.76, 17]",158.83,131,21.65,0.34
07:43:05,"[148.0, 32]","[147.0, 8]","[164.93, 14]","[166.06, 31]",156.46,85,16.93,-0.06
07:43:06,"[147.8, 41]","[145.27, 83]","[159.71, 41]","[160.86, 36]",153.76,201,11.9,0.23
07:43:07,"[147.0, 11]","[145.01, 91]","[152.04, 23]","[153.17, 24]",149.52,149,5.04,0.37
07:43:08,"[147.0, 10]","[146.0, 10]","[148.52, 29]","[150.65, 37]",147.76,86,1.52,-0.53
07:43:09,"[147.7, 54]","[145.31, 64]","[148.86, 70]","[196.64, 36]",148.28,224,1.15,0.05
07:43:10,"[146.0, 10]","[145.0, 100]","[148.1, 40]","[305.71, 21]",147.05,171,2.1,0.29
07:43:11,"[146.0, 30]","[145.0, 120]","[147.49, 41]","[171.64, 33]",146.74,224,1.49,0.34
07:43:12,"[145.07, 115]","[143.62, 64]","[146.32, 47]","[147.45, 44]",145.69,270,1.25,0.33
07:43:13,"[145.0, 95]","[143.0, 60]","[146.6, 50]","[183.91, 35]",145.8,240,1.6,0.29
07:43:14,"[145.0, 60]","[143.0, 48]","[147.0, 36]","[237.0, 40]",146.0,184,2.0,0.17
07:43:15,"[145.0, 51]","[143.0, 44]","[146.73, 33]","[210.27, 30]",145.86,158,1.73,0.2
07:43:16,"[142.85, 39]","[142.03, 58]","[160.79, 28]","[210.79, 29]",151.82,154,17.94,0.26
07:43:17,"[142.23, 31]","[141.58, 72]","[163.38, 39]","[165.0, 39]",152.81,181,21.16,0.14
07:43:18,"[142.0, 51]","[141.0, 85]","[161.59, 51]","[164.29, 51]",151.79,238,19.59,0.14
07:43:19,"[141.77, 43]","[139.88, 57]","[148.19, 31]","[155.66, 29]",144.98,160,6.43,0.25
07:43:20,"[141.0, 52]","[51.38, 39]","[142.91, 33]","[318.32, 34]",141.95,158,1.91,0.15
07:43:21,"[122.5, 12]","[56.89, 28]","[140.73, 33]","[244.93, 41]",131.61,114,18.23,-0.3
07:43:22,"[99.33, 48]","[72.87, 15]","[138.56, 27]","[314.93, 42]",118.94,132,39.22,-0.05
07:43:23,"[124.16, 32]","[122.76, 29]","[496.5, 50]","[541.37, 27]",310.33,138,372.34,-0.12
07:43:24,"[145.5, 12]","[142.19, 47]","[208.53, 43]","[248.82, 39]",177.02,141,63.03,-0.16
07:43:25,"[146.86, 14]","[145.0, 15]","[213.38, 39]","[215.0, 45]",180.12,113,66.53,-0.49
07:43:26,"[148.75, 8]","[145.0, 8]","[211.44, 27]","[212.31, 29]",180.1,72,62.69,-0.56
07:43:27,"[149.88, 8]","[146.5, 16]","[210.0, 32]","[211.0, 24]",179.94,80,60.12,-0.4
07:43:28,"[144.69, 13]","[141.24, 37]","[208.56, 25]","[210.1, 31]",176.63,106,63.87,-0.06
07:43:29,"[141.0, 72]","[79.25, 12]","[156.71, 28]","[201.22, 36]",148.86,148,15.71,0.14
07:43:30,"[137.38, 37]","[83.64, 14]","[146.26, 34]","[213.59, 27]",141.82,112,8.89,-0.09
07:43:31,"[144.0, 15]","[102.71, 14]","[195.79, 14]","[480.85, 39]",169.89,82,51.79,-0.29
07:43:32,"[141.44, 9]","[129.33, 6]","[212.0, 5]","[213.0, 5]",176.72,25,70.56,0.2
07:43:33,"[145.18, 11]","[141.4, 20]","[180.53, 15]","[211.18, 11]",162.86,57,35.35,0.09
07:43:34,"[147.2, 10]","[145.71, 14]","[198.91, 11]","[210.0, 10]",173.05,45,51.71,0.07
07:43:35,"[112.71, 21]","[111.12, 24]","[206.11, 9]","[207.11, 9]",159.41,63,93.4,0.43
07:43:36,"[101.81, 16]","[37.31, 13]","[204.88, 8]","[205.88, 8]",153.34,45,103.06,0.29
07:43:37,"[127.5, 14]","[107.46, 26]","[173.1, 20]","[188.12, 17]",150.3,77,45.6,0.04
07:43:38,"[138.72, 43]","[117.54, 24]","[169.38, 13]","[170.38, 13]",154.05,93,30.66,0.44
07:43:39,"[142.2, 45]","[124.48, 29]","[167.17, 12]","[168.75, 12]",154.68,98,24.97,0.51
07:43:40,"[142.0, 32]","[115.0, 24]","[164.0, 8]","[165.0, 8]",153.0,72,22.0,0.56
07:43:41,"[142.0, 28]","[115.0, 24]","[162.75, 8]","[163.75, 8]",152.38,68,20.75,0.53
07:43:42,"[142.47, 17]","[133.73, 33]","[163.55, 11]","[250.4, 35]",153.01,96,21.07,0.04
07:43:43,"[113.38, 37]","[126.65, 37]","[156.62, 58]","[172.8, 49]",135.0,181,43.24,-0.18
07:43:44,"[146.0, 48]","[142.88, 103]","[152.22, 36]","[154.2, 45]",149.11,232,6.22,0.3
07:43:45,"[146.0, 60]","[139.23, 44]","[149.4, 25]","[150.56, 34]",147.7,163,3.4,0.28
07:43:46,"[144.14, 59]","[140.46, 67]","[147.53, 38]","[169.0, 36]",145.83,200,3.39,0.26
07:43:47,"[141.53, 90]","[140.34, 68]","[147.79, 56]","[366.86, 28]",144.66,242,6.25,0.31
07:43:48,"[142.17, 72]","[141.0, 84]","[252.0, 38]","[429.17, 24]",197.08,218,109.83,0.43
07:43:49,"[143.0, 42]","[141.0, 49]","[291.71, 35]","[475.57, 23]",217.36,149,148.71,0.22
07:43:50,"[143.18, 83]","[141.71, 76]","[430.2, 41]","[514.97, 29]",286.69,229,287.01,0.39
07:43:51,"[144.57, 23]","[143.0, 63]","[478.7, 23]","[563.19, 26]",311.63,135,334.13,0.27
07:43:52,"[144.05, 38]","[142.66, 142]","[525.82, 56]","[627.56, 36]",334.94,272,381.77,0.32
07:43:53,"[144.8, 50]","[143.0, 90]","[435.96, 23]","[473.71, 28]",290.38,191,291.16,0.47
07:43:54,"[145.17, 53]","[143.29, 105]","[263.85, 26]","[330.69, 26]",204.51,210,118.68,0.5
07:43:55,"[145.0, 55]","[143.0, 99]","[212.64, 22]","[437.48, 44]",178.82,220,67.64,0.4
07:43:56,"[148.0, 55]","[145.0, 55]","[210.88, 25]","[262.35, 52]",179.44,187,62.88,0.18
07:43:57,"[148.67, 45]","[147.0, 45]","[211.0, 18]","[253.0, 45]",179.83,153,62.33,0.18
07:43:58,"[149.0, 73]","[148.0, 45]","[210.89, 18]","[326.0, 40]",179.94,176,61.89,0.34
07:43:59,"[149.05, 100]","[148.36, 39]","[207.47, 17]","[208.54, 13]",178.26,169,58.42,0.64
07:44:00,"[150.0, 85]","[148.71, 157]","[177.26, 57]","[191.47, 55]",163.63,354,27.26,0.37
07:44:01,"[150.0, 45]","[148.0, 45]","[175.22, 23]","[176.55, 22]",162.61,135,25.22,0.33
07:44:02,"[149.57, 23]","[147.33, 60]","[171.29, 35]","[173.2, 40]",160.43,158,21.72,0.05
07:44:03,"[143.14, 73]","[142.14, 58]","[167.26, 27]","[169.29, 28]",155.2,186,24.12,0.41
07:44:04,"[143.3, 40]","[142.16, 50]","[164.92, 26]","[167.53, 19]",154.11,135,21.62,0.33
07:44:05,"[146.0, 76]","[144.93, 84]","[163.86, 28]","[165.0, 42]",154.93,230,17.86,0.39
07:44:06,"[146.0, 60]","[145.0, 72]","[161.94, 32]","[163.39, 28]",153.97,192,15.94,0.38
07:44:07,"[146.52, 73]","[145.37, 67]","[159.0, 36]","[161.0, 24]",152.76,200,12.48,0.4
07:44:08,"[147.0, 91]","[146.0, 65]","[155.84, 31]","[157.56, 34]",151.42,221,8.84,0.41
07:44:09,"[147.0, 77]","[146.0, 55]","[150.53, 43]","[151.94, 34]",148.77,209,3.53,0.26
07:44:10,"[147.0, 64]","[146.0, 70]","[149.79, 42]","[157.97, 33]",148.39,209,2.79,0.28
07:44:11,"[145.45, 42]","[144.61, 62]","[215.65, 46]","[320.53, 17]",180.55,167,70.2,0.25
07:44:12,"[145.78, 55]","[144.2, 50]","[218.8, 50]","[221.0, 10]",182.29,165,73.02,0.27
07:44:13,"[147.0, 8]","[145.66, 73]","[218.0, 40]","[251.26, 23]",182.5,144,71.0,0.12
07:44:14,"[148.67, 6]","[146.12, 68]","[218.0, 30]","[401.33, 24]",183.33,128,69.33,0.16
07:44:15,"[146.07, 92]","[145.35, 34]","[218.0, 40]","[492.6, 30]",182.03,196,71.93,0.29
07:44:16,"[146.0, 180]","[145.0, 60]","[218.0, 60]","[315.0, 48]",182.0,348,72.0,0.38
07:44:17,"[146.0, 150]","[145.0, 50]","[213.06, 48]","[289.48, 33]",179.53,281,67.06,0.42
07:44:18,"[146.0, 135]","[145.0, 55]","[188.15, 53]","[195.09, 46]",167.08,289,42.15,0.31
07:44:19,"[146.0, 144]","[145.0, 60]","[151.88, 50]","[156.1, 52]",148.94,306,5.88,0.33
07:44:20,"[146.0, 72]","[145.0, 30]","[148.45, 29]","[150.2, 25]",147.22,156,2.45,0.31
07:44:21,"[146.0, 96]","[145.0, 45]","[147.44, 45]","[153.4, 30]",146.72,216,1.44,0.31
07:44:22,"[145.95, 40]","[144.67, 60]","[177.92, 24]","[255.46, 35]",161.93,159,31.97,0.26
07:44:23,"[145.0, 55]","[144.0, 55]","[220.71, 21]","[252.71, 21]",182.86,152,75.71,0.45
07:44:24,"[145.0, 55]","[144.0, 55]","[216.74, 27]","[325.0, 22]",180.87,159,71.74,0.38
07:44:25,"[146.31, 78]","[145.42, 52]","[209.1, 20]","[216.67, 18]",177.7,168,62.79,0.55
07:44:26,"[148.0, 40]","[146.23, 86]","[214.5, 30]","[217.0, 20]",181.25,176,66.5,0.43
07:44:27,"[148.43, 28]","[147.03, 67]","[212.97, 34]","[214.34, 41]",180.7,170,64.54,0.12
07:44:28,"[149.61, 62]","[148.0, 12]","[210.53, 30]","[211.4, 30]",180.07,134,60.92,0.1
07:44:29,"[150.0, 7]","[148.0, 7]","[207.38, 16]","[208.21, 19]",178.69,49,57.38,-0.43
07:44:30,"[148.83, 12]","[147.12, 40]","[207.13, 30]","[220.53, 34]",177.98,116,58.3,-0.1
07:44:31,"[147.57, 7]","[146.38, 53]","[205.05, 22]","[206.22, 27]",176.31,109,57.47,0.1
07:44:32,"[147.0, 7]","[146.0, 77]","[202.42, 24]","[203.76, 25]",174.71,133,55.42,0.26
07:44:33,"[147.0, 10]","[146.0, 110]","[196.41, 32]","[197.45, 31]",171.7,183,49.41,0.31
07:44:34,"[147.0, 10]","[146.0, 110]","[192.15, 26]","[193.62, 32]",169.58,178,45.15,0.35
07:44:35,"[147.0, 11]","[146.0, 121]","[186.92, 37]","[188.6, 40]",166.96,209,39.92,0.26
07:44:36,"[147.0, 15]","[146.0, 165]","[182.31, 52]","[183.23, 53]",164.65,285,35.31,0.26
07:44:37,"[146.23, 39]","[145.74, 114]","[179.0, 36]","[180.0, 48]",162.62,237,32.77,0.29
07:44:38,"[146.0, 80]","[144.0, 40]","[176.86, 29]","[177.89, 27]",161.43,176,30.86,0.36
07:44:39,"[146.0, 121]","[144.0, 70]","[174.2, 50]","[175.23, 47]",160.1,288,28.2,0.33
07:44:40,"[146.0, 105]","[144.0, 60]","[169.5, 40]","[171.05, 40]",157.75,245,23.5,0.35
07:44:41,"[146.0, 56]","[144.0, 35]","[166.77, 22]","[168.11, 27]",156.39,140,20.77,0.3
07:44:42,"[145.59, 49]","[143.95, 42]","[164.6, 30]","[166.71, 35]",155.1,156,19.01,0.17
07:44:43,"[144.82, 137]","[143.88, 40]","[160.55, 38]","[161.69, 39]",152.69,254,15.74,0.39
07:44:44,"[145.88, 128]","[144.0, 40]","[157.43, 28]","[158.4, 20]",151.65,216,11.55,0.56
07:44:45,"[146.0, 257]","[144.0, 85]","[155.07, 58]","[155.93, 61]",150.53,461,9.07,0.48
07:44:46,"[146.0, 143]","[144.0, 65]","[151.72, 40]","[154.76, 51]",148.86,299,5.72,0.39
07:44:47,"[146.0, 106]","[144.0, 85]","[147.41, 37]","[155.13, 55]",146.7,283,1.41,0.35
07:44:48,"[145.23, 62]","[144.51, 71]","[160.58, 24]","[184.76, 25]",152.9,182,15.36,0.46
07:44:49,"[145.0, 78]","[144.0, 18]","[185.67, 9]","[188.0, 18]",165.33,123,40.67,0.56
07:44:50,"[145.0, 68]","[144.0, 14]","[185.0, 7]","[265.82, 22]",165.0,111,40.0,0.48
07:44:51,"[145.0, 51]","[144.0, 20]","[184.6, 10]","[295.0, 40]",164.8,121,39.6,0.17
07:44:52,"[144.8, 30]","[143.4, 30]","[269.65, 17]","[343.67, 24]",207.22,101,124.85,0.19
07:44:53,"[143.06, 17]","[142.26, 43]","[242.0, 13]","[341.4, 40]",192.53,113,98.94,0.06
07:44:54,"[142.0, 24]","[141.0, 48]","[177.43, 21]","[332.06, 31]",159.71,124,35.43,0.16
07:44:55,"[142.28, 53]","[140.76, 68]","[168.76, 29]","[244.9, 31]",155.52,181,26.48,0.34
07:44:56,"[147.54, 41]","[142.48, 62]","[165.54, 52]","[166.08, 25]",156.54,180,18.0,0.14
07:44:57,"[143.12, 34]","[140.98, 41]","[162.88, 32]","[164.25, 32]",153.0,139,19.76,0.08
07:44:58,"[147.0, 20]","[142.0, 40]","[161.4, 40]","[162.4, 40]",154.2,140,14.4,-0.14
07:44:59,"[148.62, 32]","[147.0, 16]","[159.75, 32]","[161.25, 32]",154.19,112,11.12,-0.14
07:45:00,"[149.0, 52]","[146.0, 76]","[157.38, 52]","[159.08, 52]",153.19,232,8.38,0.1
07:45:01,"[149.0, 27]","[146.0, 63]","[154.79, 33]","[156.56, 36]",151.89,159,5.79,0.13
07:45:02,"[147.47, 49]","[144.78, 82]","[150.57, 21]","[152.37, 54]",149.02,206,3.1,0.27
07:45:03,"[146.0, 35]","[144.0, 24]","[147.83, 30]","[172.03, 31]",146.92,120,1.83,-0.02
07:45:04,"[145.79, 19]","[143.67, 24]","[165.21, 43]","[533.03, 31]",155.5,117,19.42,-0.26
07:45:05,"[145.02, 41]","[142.26, 46]","[302.7, 37]","[355.57, 37]",223.86,161,157.68,0.08
07:45:06,"[146.0, 56]","[144.0, 16]","[183.62, 24]","[350.56, 18]",164.81,114,37.62,0.26
07:45:07,"[146.0, 56]","[144.0, 16]","[180.7, 10]","[198.96, 23]",163.35,105,34.7,0.37
07:45:08,"[146.0, 77]","[144.0, 22]","[179.77, 13]","[181.94, 31]",162.88,143,33.77,0.38
07:45:09,"[146.0, 77]","[144.0, 22]","[168.04, 26]","[177.57, 23]",157.02,148,22.04,0.34
07:45:10,"[146.0, 49]","[144.0, 14]","[152.83, 12]","[171.95, 19]",149.42,94,6.83,0.34
07:45:11,"[146.0, 107]","[144.0, 28]","[150.72, 18]","[166.14, 36]",148.36,189,4.72,0.43
07:45:12,"[146.0, 57]","[144.0, 24]","[147.5, 36]","[247.12, 16]",146.75,133,1.5,0.22
07:45:13,"[142.36, 22]","[141.93, 15]","[280.0, 16]","[395.25, 16]",211.18,69,137.64,0.07
07:45:14,"[144.36, 28]","[131.38, 26]","[277.5, 12]","[280.0, 24]",210.93,90,133.14,0.2
07:45:15,"[64.22, 69]","[27.6, 65]","[162.41, 17]","[194.5, 22]",113.31,173,98.19,0.55
07:45:16,"[120.0, 48]","[68.24, 49]","[132.0, 8]","[134.0, 8]",126.0,113,12.0,0.72
07:45:17,"[114.72, 36]","[104.19, 73]","[132.0, 14]","[134.0, 14]",123.36,137,17.28,0.59
07:45:18,"[114.03, 31]","[98.87, 47]","[132.0, 14]","[134.0, 10]",123.02,102,17.97,0.53
07:45:19,"[123.06, 66]","[118.24, 75]","[132.0, 42]","[134.0, 14]",127.53,197,8.94,0.43
07:45:20,"[130.3, 27]","[129.21, 33]","[132.5, 24]","[134.5, 12]",131.4,96,2.2,0.25
07:45:21,"[127.6, 70]","[104.06, 54]","[146.0, 17]","[266.93, 14]",136.8,155,18.4,0.6
07:45:22,"[120.19, 83]","[76.16, 44]","[290.08, 12]","[373.0, 14]",205.14,153,169.89,0.66
07:45:23,"[129.51, 70]","[126.0, 37]","[279.33, 12]","[282.0, 12]",204.42,131,149.82,0.63
07:45:24,"[143.95, 44]","[141.44, 72]","[149.12, 16]","[158.17, 29]",146.54,161,5.17,0.44
07:45:25,"[147.62, 29]","[141.85, 39]","[154.15, 13]","[182.6, 20]",150.89,101,6.53,0.35
07:45:26,"[149.0, 52]","[147.0, 6]","[181.33, 12]","[228.5, 6]",165.17,76,32.33,0.53
07:45:27,"[145.64, 28]","[140.56, 18]","[184.67, 9]","[211.5, 6]",165.15,61,39.02,0.51
07:45:28,"[140.0, 30]","[139.0, 42]","[185.56, 9]","[397.8, 5]",162.78,86,45.56,0.67
07:45:29,"[140.89, 72]","[139.59, 68]","[185.0, 48]","[273.27, 22]",162.94,210,44.11,0.33
07:45:30,"[143.25, 72]","[140.07, 57]","[183.43, 21]","[184.92, 39]",163.34,189,40.18,0.37
07:45:31,"[145.0, 72]","[142.0, 24]","[178.65, 23]","[182.77, 35]",161.83,154,33.65,0.25
07:45:32,"[145.0, 72]","[142.0, 24]","[154.45, 33]","[157.85, 34]",149.73,163,9.45,0.18
07:45:33,"[144.84, 75]","[141.44, 36]","[147.65, 48]","[153.73, 41]",146.24,200,2.81,0.11
07:45:34,"[142.0, 24]","[140.14, 58]","[146.58, 36]","[171.0, 36]",144.29,154,4.58,0.06
07:45:35,"[143.17, 46]","[141.64, 22]","[146.0, 27]","[172.0, 27]",144.59,122,2.83,0.11
07:45:36,"[145.0, 57]","[142.0, 20]","[150.4, 30]","[182.96, 28]",147.7,135,5.4,0.14
07:45:37,"[145.0, 24]","[142.0, 18]","[190.0, 27]","[416.78, 23]",167.5,92,45.0,-0.09
07:45:38,"[144.14, 14]","[141.56, 18]","[190.0, 21]","[438.0, 21]",167.07,74,45.86,-0.14
07:45:39,"[144.21, 28]","[139.62, 50]","[235.83, 46]","[495.33, 36]",190.02,160,91.61,-0.03
07:45:40,"[151.0, 7]","[146.0, 7]","[570.0, 7]","[675.0, 21]",360.5,42,419.0,-0.33
07:45:41,"[149.42, 19]","[147.79, 39]","[271.18, 11]","[588.94, 31]",210.3,100,121.76,0.16
07:45:42,"[148.0, 27]","[146.0, 9]","[382.29, 21]","[480.57, 21]",265.14,78,234.29,-0.08
07:45:43,"[148.0, 42]","[146.0, 14]","[278.84, 68]","[330.78, 36]",213.42,160,130.84,-0.3
07:45:44,"[148.0, 36]","[146.72, 25]","[260.58, 60]","[307.0, 36]",204.29,157,112.58,-0.22
07:45:45,"[147.43, 42]","[145.49, 35]","[258.46, 65]","[445.77, 39]",202.95,181,111.03,-0.15
07:45:46,"[146.85, 79]","[145.18, 44]","[241.02, 51]","[246.51, 39]",193.93,213,94.17,0.15
07:45:47,"[147.0, 104]","[146.0, 52]","[203.63, 54]","[205.32, 63]",175.31,273,56.63,0.14
07:45:48,"[147.0, 116]","[146.0, 52]","[201.92, 52]","[204.0, 65]",174.46,285,54.92,0.18
07:45:49,"[147.0, 143]","[146.0, 52]","[200.36, 56]","[202.56, 61]",173.68,312,53.36,0.25
07:45:50,"[147.0, 110]","[146.0, 40]","[192.63, 38]","[196.51, 39]",169.82,227,45.63,0.32
07:45:51,"[147.0, 114]","[146.0, 44]","[182.9, 52]","[184.55, 44]",164.95,254,35.9,0.24
07:45:52,"[147.0, 145]","[146.0, 60]","[180.07, 69]","[181.55, 66]",163.54,340,33.07,0.21
07:45:53,"[147.0, 111]","[146.0, 64]","[176.38, 64]","[177.53, 68]",161.69,307,29.38,0.14
07:45:54,"[147.37, 57]","[146.64, 66]","[173.85, 52]","[175.15, 52]",160.61,227,26.48,0.08
07:45:55,"[148.0, 17]","[147.0, 66]","[171.41, 39]","[172.17, 48]",159.71,170,23.41,-0.02
07:45:56,"[148.0, 10]","[147.0, 60]","[168.19, 42]","[168.64, 28]",158.1,140,20.19,0.0
07:45:57,"[147.15, 41]","[146.56, 64]","[165.92, 25]","[167.0, 48]",156.53,178,18.77,0.18
07:45:58,"[147.0, 65]","[146.0, 52]","[160.29, 28]","[163.44, 41]",153.64,186,13.29,0.26
07:45:59,"[147.0, 75]","[146.0, 60]","[155.56, 39]","[157.86, 58]",151.28,232,8.56,0.16
07:46:00,"[147.0, 55]","[146.0, 44]","[153.34, 35]","[154.79, 38]",150.17,172,6.34,0.15
07:46:01,"[147.0, 70]","[146.0, 64]","[148.74, 58]","[151.0, 52]",147.87,244,1.74,0.1
07:46:02,"[146.66, 61]","[145.92, 76]","[148.15, 52]","[175.09, 46]",147.4,235,1.5,0.17
07:46:03,"[146.08, 74]","[145.41, 34]","[188.05, 20]","[374.38, 26]",167.07,154,41.97,0.4
07:46:04,"[145.87, 63]","[143.48, 84]","[347.29, 56]","[479.26, 42]",246.58,245,201.41,0.2
07:46:05,"[145.0, 14]","[143.0, 112]","[346.29, 28]","[502.0, 21]",245.64,175,201.29,0.44
07:46:06,"[143.03, 146]","[142.64, 25]","[344.4, 40]","[463.0, 32]",243.71,243,201.37,0.41
07:46:07,"[143.12, 69]","[142.95, 84]","[298.29, 42]","[387.09, 33]",220.7,228,155.17,0.34
07:46:08,"[146.8, 15]","[143.4, 60]","[201.16, 62]","[287.01, 73]",173.98,210,54.36,-0.29
07:46:09,"[143.16, 116]","[142.83, 24]","[184.36, 44]","[258.31, 52]",163.76,236,41.21,0.19
07:46:10,"[147.0, 15]","[143.0, 154]","[181.36, 44]","[303.88, 49]",164.18,262,34.36,0.29
07:46:11,"[147.0, 10]","[143.0, 140]","[186.51, 41]","[226.49, 35]",166.76,226,39.51,0.33
07:46:12,"[147.0, 9]","[143.0, 126]","[308.0, 32]","[338.81, 31]",227.5,198,161.0,0.36
07:46:13,"[147.0, 12]","[142.25, 110]","[276.23, 39]","[390.73, 37]",211.62,198,129.23,0.23
07:46:14,"[147.0, 9]","[142.0, 90]","[306.27, 11]","[406.27, 22]",226.64,132,159.27,0.5
07:46:15,"[146.04, 27]","[141.95, 112]","[277.23, 35]","[318.62, 40]",211.63,214,131.19,0.3
07:46:16,"[148.0, 14]","[142.06, 49]","[259.43, 21]","[261.0, 35]",203.71,119,111.43,0.06
07:46:17,"[148.0, 18]","[145.0, 9]","[173.82, 17]","[182.84, 31]",160.91,75,25.82,-0.28
07:46:18,"[148.0, 32]","[142.42, 65]","[153.0, 16]","[155.0, 48]",150.5,161,5.0,0.2
07:46:19,"[146.0, 24]","[141.91, 70]","[149.19, 21]","[185.4, 15]",147.6,130,3.19,0.45
07:46:20,"[142.0, 126]","[141.0, 96]","[147.63, 19]","[203.59, 37]",144.82,278,5.63,0.6
07:46:21,"[142.7, 54]","[141.56, 71]","[148.4, 15]","[215.97, 36]",145.55,176,5.7,0.42
07:46:22,"[142.41, 41]","[140.86, 74]","[145.67, 15]","[327.25, 52]",144.04,182,3.25,0.26
07:46:23,"[142.46, 26]","[140.48, 99]","[277.46, 35]","[238.56, 66]",209.96,226,135.0,0.11
07:46:24,"[140.82, 40]","[139.05, 37]","[352.0, 45]","[582.0, 18]",246.41,140,211.18,0.1
07:46:25,"[144.75, 24]","[142.36, 11]","[282.9, 10]","[621.87, 31]",213.82,76,138.15,-0.08
07:46:26,"[146.31, 65]","[144.0, 13]","[423.4, 20]","[737.1, 21]",284.85,119,277.09,0.31
07:46:27,"[147.0, 30]","[144.0, 6]","[495.0, 12]","[539.11, 18]",321.0,66,348.0,0.09
07:46:28,"[147.0, 45]","[144.0, 13]","[322.33, 18]","[511.0, 36]",234.67,112,175.33,0.04
07:46:29,"[146.81, 48]","[142.5, 36]","[244.45, 40]","[406.5, 32]",195.63,156,97.64,0.08
07:46:30,"[144.0, 9]","[142.0, 81]","[266.2, 30]","[458.11, 18]",205.1,138,122.2,0.3
07:46:31,"[146.31, 13]","[143.18, 17]","[455.42, 26]","[466.24, 33]",300.87,89,309.12,-0.33
07:46:32,"[142.52, 62]","[141.0, 32]","[449.05, 40]","[452.68, 57]",295.78,191,306.53,-0.02
07:46:33,"[142.64, 50]","[141.8, 80]","[396.54, 28]","[449.71, 42]",269.59,200,253.9,0.3
07:46:34,"[146.64, 132]","[142.23, 105]","[212.2, 60]","[266.54, 54]",179.42,351,65.56,0.35
07:46:35,"[147.0, 100]","[142.0, 90]","[187.82, 44]","[189.47, 36]",167.41,270,40.82,0.41
07:46:36,"[147.0, 114]","[142.0, 126]","[176.59, 64]","[180.35, 34]",161.8,338,29.59,0.42
07:46:37,"[147.0, 144]","[144.47, 34]","[173.26, 86]","[175.39, 56]",160.13,320,26.26,0.11
07:46:38,"[147.0, 104]","[146.0, 13]","[159.56, 48]","[162.15, 53]",153.28,218,12.56,0.07
07:46:39,"[147.0, 64]","[146.0, 8]","[148.74, 34]","[149.5, 30]",147.87,136,1.74,0.06
07:46:40,"[146.96, 49]","[145.69, 13]","[148.27, 37]","[149.12, 51]",147.61,150,1.31,-0.17
07:46:41,"[145.15, 13]","[142.44, 55]","[147.07, 43]","[225.44, 43]",146.11,154,1.92,-0.12
07:46:42,"[142.05, 64]","[141.08, 114]","[144.15, 26]","[165.75, 24]",143.1,228,2.11,0.56
07:46:43,"[142.0, 79]","[141.0, 165]","[159.09, 46]","[216.29, 34]",150.54,324,17.09,0.51
07:46:44,"[141.17, 90]","[140.75, 100]","[298.03, 35]","[351.31, 26]",219.6,251,156.86,0.51
07:46:45,"[141.43, 104]","[140.84, 160]","[274.61, 36]","[289.91, 46]",208.02,346,133.18,0.53
07:46:46,"[141.1, 63]","[140.29, 42]","[274.56, 32]","[276.26, 46]",207.83,183,133.47,0.15
07:46:47,"[141.07, 105]","[140.61, 127]","[227.72, 58]","[248.05, 38]",184.4,328,86.66,0.41
07:46:48,"[141.0, 109]","[140.0, 85]","[214.26, 38]","[215.7, 40]",177.63,272,73.26,0.43
07:46:49,"[141.7, 43]","[140.97, 64]","[201.58, 33]","[209.33, 30]",171.64,170,59.88,0.26
07:46:50,"[144.31, 26]","[140.74, 34]","[163.53, 34]","[172.35, 40]",153.92,134,19.22,-0.1
07:46:51,"[140.03, 31]","[138.15, 39]","[160.91, 22]","[162.18, 22]",150.47,114,20.88,0.23
07:46:52,"[140.0, 45]","[137.0, 15]","[150.64, 44]","[156.94, 32]",145.32,136,10.64,-0.12
07:46:53,"[140.0, 21]","[137.0, 7]","[144.33, 18]","[145.09, 22]",142.17,68,4.33,-0.18
07:46:54,"[141.9, 41]","[139.78, 32]","[144.0, 28]","[164.62, 52]",142.95,153,2.1,-0.05
07:46:55,"[141.16, 31]","[140.2, 20]","[209.64, 33]","[262.04, 54]",175.4,138,68.48,-0.26
07:46:56,"[148.0, 28]","[142.0, 24]","[319.68, 50]","[536.96, 48]",233.84,150,171.68,-0.31
07:46:57,"[148.0, 18]","[142.0, 20]","[310.0, 26]","[361.64, 47]",229.0,111,162.0,-0.32
07:46:58,"[147.08, 39]","[144.93, 29]","[308.67, 18]","[379.0, 45]",227.87,131,161.59,0.04
07:46:59,"[147.0, 48]","[142.0, 16]","[188.77, 26]","[345.95, 21]",167.88,111,41.77,0.15
07:47:00,"[147.31, 26]","[145.33, 18]","[191.56, 18]","[317.67, 9]",169.43,71,44.25,0.24
07:47:01,"[148.0, 36]","[147.0, 54]","[307.0, 18]","[436.33, 9]",227.5,117,159.0,0.54
07:47:02,"[148.25, 32]","[147.0, 57]","[171.0, 24]","[307.0, 16]",159.62,129,22.75,0.38
07:47:03,"[147.74, 43]","[146.77, 39]","[203.09, 22]","[366.4, 20]",175.42,124,55.35,0.32
07:47:04,"[147.0, 72]","[144.0, 8]","[159.95, 37]","[268.76, 21]",153.47,138,12.95,0.16
07:47:05,"[147.0, 72]","[144.0, 8]","[159.0, 16]","[301.22, 27]",153.0,123,12.0,0.3
07:47:06,"[147.18, 99]","[145.59, 34]","[158.09, 22]","[346.08, 39]",152.64,194,10.91,0.37
07:47:07,"[149.0, 54]","[147.0, 54]","[156.33, 12]","[185.3, 27]",152.67,147,7.33,0.47
07:47:08,"[149.0, 64]","[147.0, 72]","[156.0, 16]","[207.19, 32]",152.5,184,7.0,0.48
07:47:09,"[149.0, 52]","[147.0, 99]","[156.0, 22]","[285.0, 11]",152.5,184,7.0,0.64
07:47:10,"[149.0, 30]","[147.0, 132]","[153.34, 38]","[329.62, 26]",151.17,226,4.34,0.43
07:47:11,"[149.0, 18]","[147.0, 61]","[151.23, 39]","[208.29, 21]",150.12,139,2.23,0.14
07:47:12,"[149.0, 13]","[147.0, 63]","[150.33, 45]","[152.0, 27]",149.67,148,1.33,0.03
07:47:13,"[147.3, 40]","[146.1, 60]","[150.59, 51]","[189.58, 33]",148.94,184,3.29,0.09
07:47:14,"[145.12, 40]","[142.62, 58]","[149.49, 55]","[150.51, 43]",147.31,196,4.37,0.0
07:47:15,"[144.0, 18]","[142.0, 45]","[147.33, 36]","[148.27, 37]",145.67,136,3.33,-0.07
07:47:16,"[142.79, 33]","[141.43, 92]","[145.75, 48]","[151.05, 20]",144.27,193,2.96,0.3
07:47:17,"[145.69, 55]","[144.71, 102]","[221.89, 18]","[353.62, 16]",183.79,191,76.2,0.64
07:47:18,"[146.0, 40]","[145.0, 120]","[183.25, 32]","[385.0, 28]",164.62,220,37.25,0.45
07:47:19,"[146.0, 46]","[145.0, 180]","[182.5, 48]","[349.68, 44]",164.25,318,36.5,0.42
07:47:20,"[145.04, 68]","[144.75, 20]","[180.0, 24]","[182.0, 24]",162.52,136,34.96,0.29
07:47:21,"[145.0, 104]","[144.0, 8]","[176.88, 32]","[177.88, 32]",160.94,176,31.88,0.27
07:47:22,"[145.0, 117]","[144.0, 9]","[176.0, 36]","[177.0, 36]",160.5,198,31.0,0.27
07:47:23,"[145.0, 92]","[144.0, 9]","[174.33, 36]","[176.0, 36]",159.67,173,29.33,0.17
07:47:24,"[145.0, 80]","[144.0, 10]","[173.3, 40]","[176.0, 40]",159.15,170,28.3,0.06
07:47:25,"[145.0, 80]","[144.0, 10]","[170.9, 40]","[172.4, 40]",157.95,170,25.9,0.06
07:47:26,"[145.05, 88]","[144.53, 30]","[168.44, 64]","[169.62, 64]",156.74,246,23.39,-0.04
07:47:27,"[145.0, 52]","[142.33, 24]","[165.25, 32]","[166.5, 32]",155.12,140,20.25,0.09
07:47:28,"[144.93, 28]","[142.42, 52]","[162.88, 32]","[166.0, 32]",153.9,144,17.95,0.11
07:47:29,"[143.22, 23]","[141.7, 43]","[160.18, 44]","[162.73, 44]",151.7,154,16.96,-0.14
07:47:30,"[144.64, 22]","[143.08, 36]","[157.36, 44]","[158.82, 44]",151.0,146,12.73,-0.21
07:47:31,"[144.0, 9]","[143.0, 27]","[154.46, 41]","[155.86, 37]",149.23,114,10.46,-0.37
07:47:32,"[144.0, 12]","[143.0, 36]","[152.38, 45]","[153.04, 51]",148.19,144,8.38,-0.33
07:47:33,"[143.33, 9]","[142.33, 27]","[148.61, 33]","[149.08, 26]",145.97,95,5.27,-0.24
07:47:34,"[142.45, 11]","[140.7, 69]","[145.53, 36]","[146.9, 21]",143.99,137,3.07,0.17
07:47:35,"[141.0, 11]","[140.0, 165]","[143.91, 69]","[144.37, 19]",142.46,264,2.91,0.33
07:47:36,"[140.03, 131]","[135.77, 94]","[141.56, 39]","[143.58, 26]",140.8,290,1.53,0.55
07:47:37,"[140.17, 36]","[134.67, 54]","[269.28, 18]","[475.09, 44]",204.72,152,129.11,0.18
07:47:38,"[139.04, 26]","[123.38, 32]","[250.96, 54]","[344.05, 40]",195.0,152,111.92,-0.24
07:47:39,"[141.0, 41]","[130.0, 14]","[185.83, 30]","[215.06, 32]",163.42,117,44.83,-0.06
07:47:40,"[139.83, 12]","[112.94, 31]","[162.2, 15]","[170.59, 49]",151.02,107,22.37,-0.2
07:47:41,"[132.09, 22]","[104.13, 46]","[153.62, 8]","[157.0, 40]",142.86,116,21.53,0.17
07:47:42,"[136.67, 36]","[131.14, 28]","[149.5, 22]","[152.94, 31]",143.08,117,12.83,0.09
07:47:43,"[130.31, 26]","[90.91, 137]","[144.5, 20]","[147.95, 42]",137.4,225,14.19,0.45
07:47:44,"[131.25, 16]","[130.0, 16]","[137.05, 20]","[147.14, 14]",134.15,66,5.8,-0.03
07:47:45,"[143.67, 48]","[131.11, 18]","[180.43, 37]","[322.53, 17]",162.05,120,36.77,0.1
07:47:46,"[146.59, 87]","[141.07, 30]","[208.44, 45]","[323.8, 10]",177.52,172,61.86,0.36
07:47:47,"[148.62, 16]","[146.95, 125]","[229.15, 26]","[408.4, 10]",188.89,177,80.53,0.59
07:47:48,"[149.0, 18]","[146.85, 120]","[362.0, 45]","[449.33, 18]",255.5,201,213.0,0.37
07:47:49,"[149.0, 14]","[146.53, 64]","[266.67, 18]","[424.0, 18]",207.83,114,117.67,0.37
07:47:50,"[148.18, 11]","[145.84, 25]","[480.71, 14]","[478.75, 16]",314.45,66,332.53,0.09
07:47:51,"[146.0, 24]","[144.62, 8]","[355.29, 28]","[404.59, 17]",250.64,77,209.29,-0.17
07:47:52,"[145.91, 22]","[144.62, 8]","[382.0, 32]","[489.88, 32]",263.95,94,236.09,-0.36
07:47:53,"[144.0, 7]","[142.0, 7]","[382.0, 28]","[476.57, 35]",263.0,77,238.0,-0.64
07:47:54,"[145.79, 57]","[142.67, 9]","[537.82, 34]","[602.9, 41]",341.81,141,392.03,-0.06
07:47:55,"[144.0, 7]","[142.0, 7]","[278.0, 14]","[574.58, 19]",211.0,47,134.0,-0.4
07:47:56,"[144.0, 12]","[142.0, 12]","[274.68, 59]","[275.43, 37]",209.34,120,130.68,-0.6
07:47:57,"[144.0, 12]","[142.0, 12]","[203.56, 57]","[210.32, 57]",173.78,138,59.56,-0.65
07:47:58,"[144.45, 20]","[142.43, 14]","[171.93, 45]","[172.78, 65]",158.19,144,27.48,-0.53
07:47:59,"[145.0, 30]","[144.0, 10]","[167.29, 28]","[167.55, 22]",156.14,90,22.29,-0.11
07:48:00,"[145.71, 51]","[144.88, 41]","[163.86, 56]","[166.55, 29]",154.78,177,18.15,0.04
07:48:01,"[145.82, 34]","[145.4, 43]","[159.28, 69]","[160.45, 58]",152.55,204,13.45,-0.25
07:48:02,"[142.54, 26]","[140.95, 21]","[157.0, 45]","[158.0, 9]",149.77,101,14.46,-0.07
07:48:03,"[140.67, 39]","[137.44, 41]","[154.01, 78]","[156.23, 60]",147.34,218,13.35,-0.27
07:48:04,"[141.9, 31]","[140.95, 44]","[150.06, 48]","[151.37, 51]",145.98,174,8.16,-0.14
07:48:05,"[142.6, 25]","[141.0, 20]","[145.08, 25]","[145.71, 31]",143.84,101,2.48,-0.11
07:48:06,"[140.91, 22]","[129.7, 20]","[143.11, 27]","[144.96, 25]",142.01,94,2.2,-0.11
07:48:07,"[127.12, 41]","[105.67, 12]","[142.44, 27]","[241.88, 25]",134.78,105,15.32,0.01
07:48:08,"[123.19, 96]","[92.38, 21]","[132.0, 23]","[135.17, 36]",127.59,176,8.81,0.33
07:48:09,"[124.17, 36]","[49.27, 11]","[131.5, 8]","[132.86, 14]",127.83,69,7.33,0.36
07:48:10,"[126.0, 30]","[48.0, 10]","[131.0, 10]","[132.0, 5]",128.5,55,5.0,0.45
07:48:11,"[127.75, 24]","[48.0, 8]","[131.0, 4]","[132.0, 4]",129.38,40,3.25,0.6
07:48:12,"[129.0, 66]","[80.06, 17]","[131.0, 11]","[132.0, 11]",130.0,105,2.0,0.58
07:48:13,"[129.55, 66]","[77.26, 19]","[131.45, 11]","[132.41, 37]",130.5,133,1.91,0.28
07:48:14,"[130.45, 33]","[126.55, 33]","[132.0, 8]","[133.0, 24]",131.23,98,1.55,0.35
07:48:15,"[131.43, 37]","[124.14, 42]","[132.92, 24]","[133.67, 27]",132.17,130,1.48,0.22
07:48:16,"[130.03, 39]","[56.64, 22]","[134.93, 28]","[135.86, 21]",132.48,110,4.9,0.11
07:48:17,"[129.76, 21]","[126.08, 24]","[135.45, 11]","[136.45, 11]",132.61,67,5.69,0.34
07:48:18,"[134.0, 14]","[132.82, 22]","[137.5, 28]","[345.59, 32]",135.75,96,3.5,-0.25
07:48:19,"[137.25, 16]","[136.2, 20]","[395.37, 54]","[559.34, 58]",266.31,148,258.12,-0.51
07:48:20,"[139.94, 54]","[139.22, 23]","[378.75, 40]","[557.94, 48]",259.35,165,238.81,-0.07
07:48:21,"[141.0, 5]","[140.0, 35]","[220.76, 17]","[506.61, 23]",180.88,80,79.76,0.0
07:48:22,"[141.0, 6]","[140.0, 42]","[201.0, 30]","[555.5, 20]",171.0,98,60.0,-0.02
07:48:23,"[140.18, 44]","[139.73, 44]","[373.41, 39]","[438.88, 49]",256.8,176,233.23,0.0
07:48:24,"[140.25, 24]","[102.46, 13]","[406.38, 32]","[452.12, 32]",273.31,101,266.12,-0.27
07:48:25,"[141.5, 24]","[140.0, 24]","[227.2, 30]","[302.41, 34]",184.35,112,85.7,-0.14
07:48:26,"[143.54, 26]","[140.5, 24]","[238.67, 36]","[305.53, 34]",191.1,120,95.13,-0.17
07:48:27,"[147.0, 44]","[142.91, 33]","[248.9, 21]","[269.19, 31]",197.95,129,101.9,0.19
07:48:28,"[147.0, 32]","[144.0, 24]","[151.95, 22]","[205.59, 22]",149.48,100,4.95,0.12
07:48:29,"[147.0, 44]","[144.0, 33]","[150.64, 11]","[159.0, 33]",148.82,121,3.64,0.27
07:48:30,"[145.88, 32]","[143.17, 29]","[149.0, 11]","[163.0, 33]",147.44,105,3.12,0.16
07:48:31,"[140.0, 76]","[123.23, 13]","[148.0, 10]","[216.12, 32]",144.0,131,8.0,0.36
07:48:32,"[140.0, 70]","[120.0, 20]","[146.9, 10]","[204.69, 36]",143.45,136,6.9,0.32
07:48:33,"[140.79, 61]","[135.05, 40]","[145.18, 11]","[147.0, 11]",142.98,123,4.39,0.64
07:48:34,"[142.0, 118]","[141.0, 11]","[144.36, 11]","[189.14, 14]",143.18,154,2.36,0.68
07:48:35,"[142.0, 90]","[141.0, 9]","[147.0, 9]","[265.15, 26]",144.5,134,5.0,0.48
07:48:36,"[143.0, 21]","[142.01, 93]","[146.5, 12]","[284.54, 26]",144.75,152,3.5,0.5
07:48:37,"[143.47, 19]","[141.98, 92]","[258.45, 22]","[358.15, 26]",200.96,159,114.98,0.4
07:48:38,"[146.0, 10]","[141.84, 64]","[276.16, 38]","[410.6, 30]",211.08,142,130.16,0.04
07:48:39,"[146.0, 8]","[142.0, 32]","[333.58, 38]","[358.38, 37]",239.79,115,187.58,-0.3
07:48:40,"[146.0, 7]","[142.0, 28]","[302.0, 35]","[340.0, 35]",224.0,105,156.0,-0.33
07:48:41,"[143.39, 23]","[141.39, 82]","[178.63, 59]","[262.2, 49]",161.01,213,35.24,-0.01
07:48:42,"[144.45, 66]","[141.31, 58]","[177.86, 36]","[190.32, 44]",161.16,204,33.41,0.22
07:48:43,"[145.03, 29]","[142.21, 29]","[175.97, 38]","[177.29, 42]",160.5,138,30.94,-0.16
07:48:44,"[146.0, 8]","[145.0, 19]","[174.0, 24]","[177.0, 40]",160.0,91,28.0,-0.41
07:48:45,"[146.0, 13]","[145.0, 39]","[173.15, 53]","[193.41, 51]",159.58,156,27.15,-0.33
07:48:46,"[142.24, 17]","[141.08, 36]","[173.07, 30]","[233.38, 26]",157.65,109,30.83,-0.03
07:48:47,"[142.0, 18]","[141.0, 7]","[170.17, 24]","[172.1, 21]",156.08,70,28.17,-0.29
07:48:48,"[145.11, 18]","[141.76, 21]","[166.23, 52]","[170.0, 26]",155.67,117,21.12,-0.33
