Time,Bid1,Bid2,Ask1,Ask2,Mid-Price,Total_volume,Bid_ask_spread,Order_imbalance
07:30:00,"[220.8, 15]","[128.0, 22]","[0, 0]","[0, 0]",110.4,37,-220.8,1.0
07:30:01,"[341.0, 16]","[263.12, 17]","[386.0, 5]","[0, 0]",363.5,38,45.0,0.74
07:30:02,"[342.0, 21]","[341.0, 12]","[385.77, 13]","[386.0, 5]",363.88,51,43.77,0.29
07:30:03,"[345.0, 44]","[342.0, 28]","[385.0, 12]","[386.0, 20]",365.0,104,40.0,0.38
07:30:04,"[344.26, 43]","[342.13, 60]","[384.16, 37]","[385.71, 35]",364.21,175,39.91,0.18
07:30:05,"[344.0, 30]","[342.0, 63]","[379.97, 37]","[383.14, 35]",361.99,165,35.97,0.13
07:30:06,"[344.0, 6]","[342.0, 42]","[376.39, 28]","[380.05, 20]",360.2,96,32.39,0.0
07:30:07,"[342.15, 13]","[341.26, 27]","[370.57, 23]","[375.0, 17]",356.36,80,28.41,0.0
07:30:08,"[342.0, 18]","[341.0, 30]","[364.62, 26]","[367.09, 22]",353.31,96,22.62,0.0
07:30:09,"[342.75, 12]","[341.64, 14]","[363.0, 20]","[365.0, 12]",352.88,58,20.25,-0.1
07:30:10,"[343.0, 9]","[342.0, 9]","[363.0, 15]","[365.0, 9]",353.0,42,20.0,-0.14
07:30:11,"[344.0, 24]","[342.0, 24]","[362.62, 32]","[363.75, 32]",353.31,112,18.62,-0.14
07:30:12,"[344.89, 27]","[342.0, 27]","[361.11, 27]","[363.0, 45]",353.0,126,16.22,-0.14
07:30:13,"[342.8, 30]","[341.13, 46]","[360.5, 30]","[362.6, 50]",351.65,156,17.7,-0.03
07:30:14,"[345.0, 44]","[342.0, 42]","[359.57, 42]","[361.0, 70]",352.29,198,14.57,-0.13
07:30:15,"[345.0, 14]","[342.0, 42]","[355.46, 48]","[357.44, 64]",350.23,168,10.46,-0.33
07:30:16,"[345.0, 9]","[342.0, 27]","[351.22, 37]","[353.14, 35]",348.11,108,6.22,-0.33
07:30:17,"[344.36, 14]","[341.87, 38]","[348.16, 32]","[349.45, 42]",346.26,126,3.8,-0.17
07:30:18,"[342.0, 33]","[341.0, 55]","[344.55, 22]","[347.43, 28]",343.27,138,2.55,0.28
07:30:19,"[342.66, 44]","[341.49, 49]","[347.93, 44]","[353.79, 56]",345.3,193,5.27,-0.04
07:30:20,"[343.6, 45]","[342.0, 45]","[349.0, 75]","[358.0, 75]",346.3,240,5.4,-0.25
07:30:21,"[345.0, 30]","[342.0, 36]","[346.17, 60]","[349.0, 60]",345.58,186,1.17,-0.29
07:30:22,"[342.23, 26]","[341.09, 66]","[350.85, 66]","[354.38, 34]",346.54,192,8.62,-0.04
07:30:23,"[342.0, 13]","[341.0, 41]","[350.31, 52]","[361.0, 13]",346.15,119,8.31,-0.09
07:30:24,"[342.0, 13]","[341.0, 13]","[349.0, 52]","[351.77, 13]",345.5,91,7.0,-0.43
07:30:25,"[341.04, 24]","[339.05, 41]","[348.2, 60]","[351.0, 15]",344.62,140,7.16,-0.07
07:30:26,"[343.03, 95]","[341.0, 36]","[347.69, 48]","[349.21, 42]",345.36,221,4.66,0.19
07:30:27,"[344.16, 70]","[341.93, 29]","[346.0, 13]","[349.4, 55]",345.08,167,1.84,0.19
07:30:28,"[343.9, 20]","[341.17, 18]","[358.74, 50]","[359.5, 14]",351.32,102,14.84,-0.25
07:30:29,"[341.0, 6]","[339.0, 18]","[359.0, 42]","[360.0, 6]",350.0,72,18.0,-0.33
07:30:30,"[341.0, 8]","[339.0, 24]","[359.0, 16]","[360.0, 8]",350.0,56,18.0,0.14
07:30:31,"[324.2, 30]","[325.0, 34]","[337.88, 32]","[355.91, 33]",331.04,129,13.68,-0.01
07:30:32,"[323.0, 22]","[322.0, 22]","[333.0, 38]","[355.22, 18]",328.0,100,10.0,-0.12
07:30:33,"[324.86, 29]","[322.9, 20]","[333.0, 20]","[355.0, 20]",328.93,89,8.14,0.1
07:30:34,"[325.0, 42]","[322.22, 46]","[333.0, 28]","[341.89, 61]",329.0,177,8.0,-0.01
07:30:35,"[324.68, 37]","[316.71, 34]","[333.17, 29]","[335.79, 62]",328.92,162,8.5,-0.12
07:30:36,"[322.0, 14]","[317.0, 14]","[334.0, 21]","[337.0, 14]",328.0,63,12.0,-0.11
07:30:37,"[322.0, 20]","[317.0, 20]","[334.0, 20]","[337.0, 20]",328.0,80,12.0,0.0
07:30:38,"[322.0, 18]","[317.0, 18]","[334.0, 18]","[337.0, 18]",328.0,72,12.0,0.0
07:30:39,"[323.91, 44]","[318.62, 26]","[334.0, 26]","[337.0, 26]",328.95,122,10.09,0.15
07:30:40,"[319.54, 56]","[317.56, 36]","[334.0, 36]","[337.0, 36]",326.77,164,14.46,0.12
07:30:41,"[320.61, 66]","[320.51, 55]","[334.0, 32]","[337.0, 32]",327.3,185,13.39,0.31
07:30:42,"[326.13, 39]","[325.34, 44]","[334.0, 38]","[336.15, 53]",330.06,174,7.87,-0.05
07:30:43,"[332.06, 34]","[329.51, 35]","[334.17, 36]","[336.04, 53]",333.11,158,2.11,-0.13
07:30:44,"[334.05, 42]","[333.19, 37]","[336.0, 51]","[337.0, 34]",335.02,164,1.95,-0.04
07:30:45,"[334.03, 62]","[325.25, 24]","[336.0, 51]","[337.0, 34]",335.02,171,1.97,0.01
07:30:46,"[335.15, 92]","[326.75, 48]","[341.95, 20]","[350.83, 23]",338.55,183,6.8,0.53
07:30:47,"[336.34, 122]","[333.56, 118]","[353.28, 29]","[353.52, 50]",344.81,319,16.93,0.5
07:30:48,"[341.71, 21]","[336.47, 85]","[350.0, 58]","[352.36, 22]",345.86,186,8.29,0.14
07:30:49,"[342.32, 19]","[339.85, 52]","[348.05, 76]","[352.0, 19]",345.18,166,5.74,-0.14
07:30:50,"[341.74, 93]","[339.83, 18]","[347.9, 63]","[350.22, 27]",344.82,201,6.16,0.1
07:30:51,"[344.0, 72]","[340.0, 12]","[346.58, 48]","[352.0, 12]",345.29,144,2.58,0.17
07:30:52,"[344.84, 38]","[340.0, 8]","[346.0, 32]","[353.25, 16]",345.42,94,1.16,-0.02
07:30:53,"[339.17, 6]","[331.5, 16]","[355.0, 12]","[356.0, 30]",347.08,64,15.83,-0.31
07:30:54,"[339.0, 17]","[331.0, 15]","[355.0, 10]","[356.0, 25]",347.0,67,16.0,-0.04
07:30:55,"[341.08, 52]","[334.2, 20]","[355.0, 12]","[356.0, 30]",348.04,114,13.92,0.26
07:30:56,"[342.0, 171]","[339.0, 40]","[353.53, 34]","[355.03, 58]",347.76,303,11.53,0.39
07:30:57,"[342.0, 136]","[339.0, 32]","[351.56, 18]","[352.67, 30]",346.78,216,9.56,0.56
07:30:58,"[342.0, 85]","[339.0, 20]","[350.0, 10]","[351.0, 20]",346.0,135,8.0,0.56
07:30:59,"[342.0, 204]","[339.0, 48]","[347.73, 37]","[348.88, 34]",344.86,323,5.73,0.56
07:31:00,"[342.0, 289]","[339.0, 68]","[344.12, 48]","[345.91, 45]",343.06,450,2.12,0.59
07:31:01,"[342.0, 260]","[339.0, 72]","[343.15, 52]","[345.65, 34]",342.58,418,1.15,0.59
07:31:02,"[342.02, 82]","[340.15, 52]","[345.0, 20]","[356.0, 10]",343.51,164,2.98,0.63
07:31:03,"[342.01, 141]","[339.45, 66]","[343.75, 16]","[356.0, 42]",342.88,265,1.74,0.56
07:31:04,"[342.0, 120]","[339.0, 48]","[343.0, 12]","[356.0, 60]",342.5,240,1.0,0.4
07:31:05,"[342.0, 74]","[339.0, 40]","[356.6, 50]","[358.0, 20]",349.3,184,14.6,0.24
07:31:06,"[342.33, 61]","[340.57, 67]","[355.09, 44]","[357.26, 47]",348.71,219,12.76,0.17
07:31:07,"[342.0, 112]","[339.0, 64]","[350.64, 25]","[355.31, 65]",346.32,266,8.64,0.32
07:31:08,"[342.0, 105]","[339.0, 60]","[348.23, 31]","[349.81, 32]",345.11,228,6.23,0.45
07:31:09,"[342.0, 91]","[339.0, 25]","[345.76, 33]","[346.89, 45]",343.88,194,3.76,0.2
07:31:10,"[339.86, 63]","[334.38, 52]","[342.44, 16]","[350.25, 80]",341.15,211,2.58,0.09
07:31:11,"[339.0, 36]","[334.0, 44]","[340.36, 11]","[350.14, 35]",339.68,126,1.36,0.27
07:31:12,"[339.0, 20]","[334.0, 40]","[350.0, 30]","[351.0, 50]",344.5,140,11.0,-0.14
07:31:13,"[339.92, 76]","[337.5, 40]","[350.8, 75]","[351.98, 49]",345.36,240,10.88,-0.03
07:31:14,"[341.71, 51]","[340.76, 51]","[351.0, 60]","[353.0, 24]",346.35,186,9.29,0.1
07:31:15,"[342.73, 44]","[341.0, 55]","[351.0, 55]","[353.0, 22]",346.86,176,8.27,0.12
07:31:16,"[343.0, 40]","[341.0, 50]","[351.0, 50]","[353.0, 20]",347.0,160,8.0,0.12
07:31:17,"[343.91, 130]","[341.0, 80]","[350.92, 72]","[352.47, 38]",347.41,320,7.01,0.31
07:31:18,"[344.0, 110]","[341.0, 55]","[348.0, 11]","[351.0, 55]",346.0,231,4.0,0.43
07:31:19,"[344.74, 76]","[343.68, 94]","[346.85, 26]","[349.71, 48]",345.79,244,2.11,0.39
07:31:20,"[345.0, 42]","[344.0, 66]","[346.13, 23]","[347.94, 34]",345.57,165,1.13,0.31
07:31:21,"[345.0, 20]","[344.0, 66]","[346.82, 33]","[356.59, 79]",345.91,198,1.82,-0.13
07:31:22,"[344.07, 67]","[342.38, 96]","[355.42, 95]","[357.62, 69]",349.75,327,11.35,-0.0
07:31:23,"[344.0, 56]","[342.0, 84]","[350.5, 28]","[352.49, 37]",347.25,205,6.5,0.37
07:31:24,"[344.0, 56]","[342.0, 84]","[346.5, 28]","[348.29, 28]",345.25,196,2.5,0.43
07:31:25,"[344.0, 24]","[341.55, 66]","[346.17, 24]","[356.03, 62]",345.08,176,2.17,0.02
07:31:26,"[344.0, 18]","[341.17, 36]","[346.0, 18]","[357.0, 45]",345.0,117,2.0,-0.08
07:31:27,"[343.53, 34]","[341.57, 46]","[350.48, 46]","[357.2, 81]",347.0,207,6.95,-0.23
07:31:28,"[342.0, 20]","[341.0, 50]","[356.3, 50]","[357.4, 40]",349.15,160,14.3,-0.12
07:31:29,"[341.55, 33]","[340.79, 57]","[352.11, 38]","[356.85, 40]",346.83,168,10.56,0.07
07:31:30,"[341.0, 25]","[340.0, 20]","[343.0, 10]","[356.0, 15]",342.0,70,2.0,0.29
07:31:31,"[341.0, 30]","[340.0, 24]","[349.6, 15]","[357.7, 30]",345.3,99,8.6,0.09
07:31:32,"[340.4, 40]","[339.5, 24]","[354.0, 27]","[359.0, 63]",347.2,154,13.6,-0.17
07:31:33,"[341.0, 108]","[340.0, 72]","[353.54, 28]","[356.36, 74]",347.27,282,12.54,0.28
07:31:34,"[341.0, 78]","[340.0, 52]","[354.85, 39]","[359.0, 43]",347.92,212,13.85,0.23
07:31:35,"[341.0, 48]","[340.0, 32]","[353.82, 17]","[355.5, 24]",347.41,121,12.82,0.32
07:31:36,"[341.0, 36]","[340.0, 24]","[353.0, 12]","[355.0, 18]",347.0,90,12.0,0.33
07:31:37,"[341.0, 112]","[340.0, 88]","[346.74, 43]","[348.86, 58]",343.87,301,5.74,0.33
07:31:38,"[340.3, 20]","[339.15, 72]","[342.02, 42]","[350.44, 59]",341.16,193,1.72,-0.05
07:31:39,"[339.04, 115]","[336.61, 83]","[340.88, 16]","[354.09, 75]",339.96,289,1.83,0.37
07:31:40,"[339.0, 66]","[333.0, 30]","[349.6, 25]","[353.5, 40]",344.3,161,10.6,0.19
07:31:41,"[339.06, 52]","[335.73, 45]","[351.21, 19]","[352.5, 48]",345.13,164,12.15,0.18
07:31:42,"[339.0, 70]","[334.0, 42]","[351.0, 70]","[354.07, 56]",345.0,238,12.0,-0.06
07:31:43,"[339.2, 50]","[336.67, 49]","[349.76, 33]","[350.43, 56]",344.48,188,10.56,0.05
07:31:44,"[340.0, 26]","[339.0, 65]","[347.27, 22]","[348.56, 43]",343.64,156,7.27,0.17
07:31:45,"[340.82, 34]","[339.0, 83]","[344.74, 23]","[345.68, 62]",342.78,202,3.92,0.16
07:31:46,"[339.32, 31]","[337.5, 52]","[342.31, 13]","[346.38, 52]",340.82,148,2.99,0.12
07:31:47,"[337.57, 42]","[332.86, 84]","[340.95, 21]","[350.02, 63]",339.26,210,3.38,0.2
07:31:48,"[333.0, 75]","[330.0, 30]","[340.4, 15]","[348.64, 42]",336.7,162,7.4,0.3
07:31:49,"[333.0, 70]","[330.0, 28]","[337.8, 15]","[340.21, 14]",335.4,127,4.8,0.54
07:31:50,"[333.25, 40]","[332.36, 56]","[343.9, 39]","[348.33, 30]",338.57,165,10.65,0.16
07:31:51,"[341.67, 66]","[334.63, 67]","[347.0, 60]","[350.0, 74]",344.33,267,5.33,-0.0
07:31:52,"[342.86, 63]","[336.85, 39]","[346.13, 60]","[349.79, 56]",344.5,218,3.28,-0.06
07:31:53,"[343.56, 144]","[342.64, 42]","[345.5, 80]","[347.97, 58]",344.53,324,1.94,0.15
07:31:54,"[344.0, 17]","[342.0, 12]","[347.61, 38]","[348.94, 47]",345.8,114,3.61,-0.49
07:31:55,"[333.38, 29]","[328.78, 36]","[344.25, 40]","[348.62, 55]",338.81,160,10.87,-0.19
07:31:56,"[329.21, 38]","[326.55, 22]","[333.0, 28]","[347.0, 42]",331.11,130,3.79,-0.08
07:31:57,"[329.48, 29]","[323.77, 31]","[333.0, 28]","[347.0, 42]",331.24,130,3.52,-0.08
07:31:58,"[321.61, 118]","[320.57, 56]","[337.67, 36]","[347.62, 52]",329.64,262,16.06,0.33
07:31:59,"[344.0, 108]","[321.0, 108]","[347.0, 27]","[349.53, 30]",345.5,273,3.0,0.58
07:32:00,"[344.0, 133]","[321.0, 168]","[347.0, 42]","[351.12, 34]",345.5,377,3.0,0.6
07:32:01,"[344.69, 113]","[336.11, 150]","[346.8, 60]","[348.8, 89]",345.75,412,2.11,0.28
07:32:02,"[345.0, 34]","[344.0, 77]","[346.67, 36]","[350.27, 49]",345.83,196,1.67,0.13
07:32:03,"[345.0, 20]","[344.0, 70]","[349.86, 42]","[353.08, 26]",347.43,158,4.86,0.14
07:32:04,"[344.22, 36]","[338.75, 112]","[349.93, 56]","[353.88, 25]",347.08,229,5.71,0.29
07:32:05,"[344.0, 48]","[339.03, 200]","[350.54, 52]","[351.6, 60]",347.27,360,6.54,0.38
07:32:06,"[343.14, 28]","[339.21, 116]","[350.0, 30]","[351.0, 30]",346.57,204,6.86,0.41
07:32:07,"[342.0, 30]","[339.0, 270]","[349.2, 45]","[351.8, 30]",345.6,375,7.2,0.6
07:32:08,"[342.0, 16]","[339.0, 144]","[348.0, 24]","[354.0, 16]",345.0,200,6.0,0.6
07:32:09,"[342.0, 26]","[339.0, 234]","[346.24, 41]","[348.32, 37]",344.12,338,4.24,0.54
07:32:10,"[342.0, 30]","[339.0, 282]","[344.11, 47]","[345.22, 54]",343.05,413,2.11,0.51
07:32:11,"[339.02, 282]","[328.5, 80]","[342.11, 28]","[344.94, 50]",340.56,440,3.09,0.65
07:32:12,"[339.0, 195]","[325.0, 52]","[340.0, 39]","[341.0, 13]",339.5,299,1.0,0.65
07:32:13,"[339.0, 182]","[325.0, 52]","[347.82, 45]","[355.63, 43]",343.41,322,8.82,0.45
07:32:14,"[339.0, 104]","[325.0, 32]","[344.0, 32]","[353.0, 8]",341.5,176,5.0,0.55
07:32:15,"[339.2, 195]","[331.28, 87]","[340.75, 48]","[353.15, 27]",339.98,357,1.55,0.58
07:32:16,"[340.85, 169]","[339.0, 169]","[349.0, 13]","[356.0, 52]",344.92,403,8.15,0.68
07:32:17,"[341.0, 94]","[339.0, 104]","[349.0, 8]","[357.43, 42]",345.0,248,8.0,0.6
07:32:18,"[341.0, 24]","[339.0, 39]","[349.0, 3]","[358.0, 18]",345.0,84,8.0,0.5
07:32:19,"[341.0, 72]","[339.0, 117]","[348.17, 24]","[356.45, 29]",344.58,242,7.17,0.56
07:32:20,"[342.03, 73]","[340.01, 158]","[346.19, 64]","[350.5, 18]",344.11,313,4.16,0.48
07:32:21,"[341.15, 118]","[339.4, 134]","[353.59, 44]","[358.08, 52]",347.37,348,12.44,0.45
07:32:22,"[341.0, 80]","[340.0, 10]","[354.1, 20]","[355.7, 20]",347.55,130,13.1,0.38
07:32:23,"[341.0, 37]","[340.0, 9]","[354.0, 18]","[356.0, 18]",347.5,82,13.0,0.12
07:32:24,"[340.74, 19]","[339.74, 35]","[353.47, 30]","[356.0, 30]",347.1,114,12.73,-0.05
07:32:25,"[340.0, 12]","[339.0, 36]","[353.0, 24]","[355.59, 17]",346.5,89,13.0,0.08
07:32:26,"[344.37, 27]","[338.05, 19]","[353.0, 18]","[355.0, 9]",348.69,73,8.63,0.26
07:32:27,"[345.63, 95]","[337.12, 24]","[352.0, 28]","[354.74, 23]",348.82,170,6.37,0.4
07:32:28,"[343.62, 52]","[337.0, 18]","[351.8, 20]","[354.0, 20]",347.71,110,8.18,0.27
07:32:29,"[344.0, 91]","[339.0, 13]","[350.83, 29]","[354.85, 26]",347.41,159,6.83,0.31
07:32:30,"[339.0, 18]","[333.0, 18]","[349.9, 78]","[350.58, 48]",344.45,162,10.9,-0.56
07:32:31,"[342.82, 44]","[338.25, 16]","[347.46, 41]","[348.23, 71]",345.14,172,4.65,-0.3
07:32:32,"[341.29, 24]","[336.81, 16]","[346.38, 47]","[347.69, 65]",343.84,152,5.09,-0.47
07:32:33,"[340.64, 14]","[339.0, 14]","[344.1, 61]","[345.41, 37]",342.37,126,3.46,-0.56
07:32:34,"[341.83, 6]","[339.0, 6]","[344.0, 30]","[345.0, 12]",342.92,54,2.17,-0.56
07:32:35,"[340.18, 17]","[336.37, 19]","[342.94, 53]","[346.94, 70]",341.56,159,2.77,-0.55
07:32:36,"[340.32, 40]","[331.54, 48]","[345.43, 93]","[353.84, 90]",342.88,271,5.11,-0.35
07:32:37,"[345.3, 23]","[341.14, 14]","[350.0, 36]","[355.71, 28]",347.65,101,4.7,-0.27
07:32:38,"[346.0, 32]","[339.0, 9]","[350.0, 36]","[355.0, 18]",348.0,95,4.0,-0.14
07:32:39,"[346.0, 28]","[339.0, 14]","[353.31, 59]","[355.35, 34]",349.65,135,7.31,-0.38
07:32:40,"[346.0, 22]","[339.0, 11]","[351.64, 55]","[353.29, 28]",348.82,116,5.64,-0.43
07:32:41,"[345.38, 53]","[344.68, 93]","[347.77, 26]","[349.89, 53]",346.57,225,2.39,0.3
07:32:42,"[345.0, 99]","[339.0, 9]","[346.78, 18]","[350.83, 36]",345.89,162,1.78,0.33
07:32:43,"[345.0, 122]","[339.0, 13]","[346.0, 26]","[350.0, 26]",345.5,187,1.0,0.44
07:32:44,"[343.91, 33]","[336.14, 21]","[345.61, 33]","[349.88, 34]",344.76,121,1.7,-0.11
07:32:45,"[340.17, 36]","[337.0, 27]","[342.51, 63]","[345.02, 81]",341.34,207,2.34,-0.39
07:32:46,"[339.0, 15]","[335.0, 30]","[341.43, 42]","[342.61, 59]",340.21,146,2.43,-0.38
07:32:47,"[337.77, 13]","[334.2, 20]","[340.0, 22]","[343.66, 53]",338.88,108,2.23,-0.39
07:32:48,"[335.7, 20]","[333.06, 31]","[337.23, 86]","[350.84, 45]",336.47,182,1.53,-0.44
07:32:49,"[334.0, 12]","[330.8, 15]","[337.0, 36]","[356.0, 9]",335.5,72,3.0,-0.25
07:32:50,"[327.33, 9]","[319.14, 50]","[351.14, 28]","[357.7, 43]",339.24,130,23.81,-0.09
07:32:51,"[330.71, 14]","[321.41, 32]","[351.89, 36]","[353.87, 30]",341.3,112,21.17,-0.18
07:32:52,"[332.0, 16]","[326.0, 16]","[344.32, 38]","[349.87, 46]",338.16,116,12.32,-0.45
07:32:53,"[330.57, 14]","[320.91, 44]","[332.79, 38]","[337.67, 60]",331.68,156,2.22,-0.26
07:32:54,"[330.33, 18]","[320.2, 49]","[332.36, 69]","[333.11, 45]",331.35,181,2.03,-0.26
07:32:55,"[331.0, 66]","[321.21, 29]","[333.0, 45]","[334.0, 11]",332.0,151,2.0,0.26
07:32:56,"[329.96, 56]","[321.8, 40]","[333.22, 27]","[334.81, 37]",331.59,160,3.26,0.2
07:32:57,"[327.0, 33]","[323.33, 30]","[334.97, 31]","[343.29, 35]",330.98,129,7.97,-0.02
07:32:58,"[328.92, 39]","[321.08, 52]","[335.0, 39]","[338.0, 26]",331.96,156,6.08,0.17
07:32:59,"[330.0, 21]","[322.0, 28]","[335.0, 21]","[338.0, 14]",332.5,84,5.0,0.17
07:33:00,"[330.14, 42]","[322.0, 56]","[334.03, 31]","[339.14, 42]",332.09,171,3.89,0.15
07:33:01,"[332.87, 76]","[331.73, 52]","[338.0, 24]","[348.0, 48]",335.43,200,5.13,0.28
07:33:02,"[335.98, 41]","[335.0, 72]","[341.68, 38]","[345.78, 41]",338.83,192,5.71,0.18
07:33:03,"[340.79, 29]","[336.07, 30]","[345.0, 56]","[349.0, 14]",342.9,129,4.21,-0.09
07:33:04,"[342.0, 48]","[341.0, 8]","[345.0, 32]","[349.0, 8]",343.5,96,3.0,0.17
07:33:05,"[342.38, 21]","[341.47, 17]","[345.27, 41]","[347.86, 14]",343.82,93,2.89,-0.18
07:33:06,"[343.15, 13]","[342.15, 13]","[348.0, 52]","[349.0, 13]",345.58,91,4.85,-0.43
07:33:07,"[345.0, 16]","[343.0, 16]","[347.6, 40]","[348.2, 40]",346.3,112,2.6,-0.43
07:33:08,"[343.18, 11]","[342.09, 11]","[347.95, 41]","[349.35, 23]",345.57,86,4.77,-0.49
07:33:09,"[344.93, 15]","[342.0, 15]","[348.07, 60]","[350.0, 60]",346.5,150,3.13,-0.6
07:33:10,"[331.51, 76]","[329.91, 35]","[347.11, 72]","[348.11, 71]",339.31,254,15.6,-0.13
07:33:11,"[331.39, 62]","[330.29, 34]","[344.38, 82]","[345.15, 66]",337.88,244,12.99,-0.21
07:33:12,"[331.95, 95]","[328.9, 81]","[340.46, 52]","[341.9, 82]",336.2,310,8.51,0.14
07:33:13,"[332.0, 72]","[328.0, 12]","[334.0, 12]","[336.36, 44]",333.0,140,2.0,0.2
07:33:14,"[333.0, 36]","[332.0, 72]","[334.0, 14]","[335.0, 36]",333.5,158,1.0,0.37
07:33:15,"[332.8, 30]","[330.68, 57]","[334.0, 10]","[335.0, 30]",333.4,127,1.2,0.37
07:33:16,"[331.0, 30]","[329.0, 60]","[333.75, 12]","[334.96, 28]",332.38,130,2.75,0.38
07:33:17,"[331.0, 18]","[329.0, 36]","[334.86, 14]","[337.31, 26]",332.93,94,3.86,0.15
07:33:18,"[329.0, 30]","[326.0, 60]","[335.0, 15]","[338.0, 25]",332.0,130,6.0,0.38
07:33:19,"[329.0, 18]","[326.0, 36]","[335.0, 9]","[338.0, 15]",332.0,78,6.0,0.38
07:33:20,"[329.0, 42]","[326.0, 84]","[334.14, 21]","[335.65, 23]",331.57,170,5.14,0.48
07:33:21,"[329.5, 36]","[326.46, 78]","[334.0, 24]","[335.0, 24]",331.75,162,4.5,0.41
07:33:22,"[328.4, 25]","[325.5, 60]","[334.0, 26]","[335.0, 30]",331.2,141,5.6,0.21
07:33:23,"[326.0, 6]","[325.0, 36]","[334.0, 6]","[335.0, 18]",330.0,66,8.0,0.27
07:33:24,"[325.33, 18]","[324.75, 48]","[334.0, 8]","[335.0, 24]",329.67,98,8.67,0.35
07:33:25,"[325.09, 46]","[324.36, 66]","[333.81, 26]","[336.55, 29]",329.45,167,8.72,0.34
07:33:26,"[327.58, 19]","[325.0, 114]","[332.14, 59]","[335.0, 19]",329.86,211,4.56,0.26
07:33:27,"[329.62, 16]","[324.33, 90]","[331.0, 48]","[337.28, 46]",330.31,200,1.38,0.06
07:33:28,"[322.39, 56]","[320.39, 66]","[331.0, 26]","[338.0, 84]",326.7,232,8.61,0.05
07:33:29,"[321.03, 37]","[318.5, 36]","[331.0, 14]","[337.3, 43]",326.01,130,9.97,0.12
07:33:30,"[322.5, 12]","[321.0, 72]","[331.0, 24]","[336.0, 60]",326.75,168,8.5,0.0
07:33:31,"[323.4, 15]","[319.27, 90]","[331.0, 30]","[335.67, 72]",327.2,207,7.6,0.01
07:33:32,"[324.0, 11]","[318.0, 66]","[331.0, 22]","[334.0, 44]",327.5,143,7.0,0.08
07:33:33,"[324.0, 7]","[317.43, 42]","[331.0, 14]","[334.0, 28]",327.5,91,7.0,0.08
07:33:34,"[324.69, 13]","[317.83, 108]","[331.0, 26]","[334.0, 52]",327.85,199,6.31,0.22
07:33:35,"[326.0, 8]","[318.0, 72]","[331.0, 16]","[334.0, 32]",328.5,128,5.0,0.25
07:33:36,"[327.5, 8]","[317.17, 52]","[331.0, 16]","[334.0, 32]",329.25,108,3.5,0.11
07:33:37,"[330.19, 16]","[316.16, 67]","[333.5, 48]","[335.52, 66]",331.84,197,3.31,-0.16
07:33:38,"[331.91, 11]","[319.0, 45]","[334.0, 44]","[336.0, 55]",332.95,155,2.09,-0.28
07:33:39,"[332.0, 10]","[321.0, 50]","[333.86, 28]","[335.3, 46]",332.93,134,1.86,-0.1
07:33:40,"[332.0, 13]","[321.0, 65]","[333.93, 43]","[335.61, 62]",332.97,183,1.93,-0.15
07:33:41,"[331.6, 10]","[328.03, 35]","[334.0, 40]","[336.0, 50]",332.8,135,2.4,-0.33
07:33:42,"[331.87, 63]","[327.89, 18]","[334.0, 44]","[336.0, 70]",332.94,195,2.13,-0.17
07:33:43,"[332.89, 19]","[332.08, 61]","[335.09, 46]","[336.73, 55]",333.99,181,2.19,-0.12
07:33:44,"[335.0, 16]","[331.17, 101]","[336.24, 67]","[338.07, 60]",335.62,244,1.24,-0.04
07:33:45,"[336.12, 50]","[335.69, 35]","[341.24, 42]","[343.93, 69]",338.68,196,5.12,-0.13
07:33:46,"[337.3, 10]","[336.0, 40]","[341.76, 42]","[344.62, 47]",339.53,139,4.46,-0.28
07:33:47,"[338.93, 40]","[335.5, 64]","[342.31, 64]","[346.57, 70]",340.62,238,3.39,-0.13
07:33:48,"[340.0, 11]","[330.31, 49]","[348.43, 84]","[352.4, 47]",344.21,191,8.43,-0.37
07:33:49,"[341.91, 43]","[332.6, 25]","[349.0, 117]","[395.6, 45]",345.45,230,7.09,-0.41
07:33:50,"[346.0, 69]","[342.0, 48]","[349.0, 108]","[462.0, 36]",347.5,261,3.0,-0.1
07:33:51,"[346.0, 8]","[342.0, 32]","[348.94, 48]","[389.36, 42]",347.47,130,2.94,-0.38
07:33:52,"[343.44, 25]","[340.3, 40]","[346.85, 13]","[351.95, 65]",345.14,143,3.41,-0.09
07:33:53,"[345.0, 19]","[342.0, 28]","[351.54, 13]","[355.33, 30]",348.27,90,6.54,0.04
07:33:54,"[345.0, 14]","[342.0, 28]","[355.71, 28]","[356.86, 35]",350.36,105,10.71,-0.2
07:33:55,"[341.73, 15]","[337.07, 28]","[356.0, 36]","[357.0, 45]",348.87,124,14.27,-0.31
07:33:56,"[325.0, 21]","[324.0, 22]","[351.43, 35]","[355.33, 52]",338.21,130,26.43,-0.34
07:33:57,"[342.69, 29]","[325.62, 13]","[351.7, 40]","[353.37, 51]",347.19,133,9.01,-0.37
07:33:58,"[344.0, 28]","[329.0, 10]","[350.88, 24]","[351.76, 37]",347.44,99,6.88,-0.23
07:33:59,"[344.0, 24]","[329.0, 12]","[348.56, 18]","[350.8, 30]",346.28,84,4.56,-0.14
07:34:00,"[333.74, 19]","[327.21, 29]","[340.71, 31]","[343.67, 33]",337.22,112,6.97,-0.14
07:34:01,"[330.04, 46]","[327.67, 27]","[334.05, 22]","[341.44, 54]",332.04,149,4.0,-0.02
07:34:02,"[331.31, 48]","[326.56, 32]","[338.0, 48]","[347.16, 76]",334.66,204,6.69,-0.22
07:34:03,"[333.98, 62]","[333.03, 95]","[346.16, 103]","[351.97, 127]",340.07,387,12.17,-0.19
07:34:04,"[342.62, 21]","[341.76, 49]","[349.51, 59]","[352.28, 57]",346.06,186,6.89,-0.25
07:34:05,"[345.94, 64]","[342.65, 46]","[347.25, 60]","[348.48, 52]",346.59,222,1.31,-0.01
07:34:06,"[346.0, 84]","[342.0, 42]","[347.0, 56]","[352.39, 56]",346.5,238,1.0,0.06
07:34:07,"[346.7, 40]","[342.06, 54]","[352.0, 89]","[354.78, 90]",349.35,273,5.3,-0.31
07:34:08,"[347.0, 12]","[343.0, 18]","[351.0, 30]","[353.0, 30]",349.0,90,4.0,-0.33
07:34:09,"[347.0, 20]","[343.5, 42]","[349.5, 32]","[353.2, 50]",348.25,144,2.5,-0.14
07:34:10,"[347.0, 14]","[344.0, 49]","[349.0, 21]","[354.0, 35]",348.0,119,2.0,0.06
07:34:11,"[345.2, 35]","[343.88, 52]","[348.07, 28]","[351.0, 36]",346.64,151,2.87,0.15
07:34:12,"[344.0, 113]","[342.0, 17]","[346.43, 21]","[349.64, 55]",345.21,206,2.43,0.26
07:34:13,"[334.29, 136]","[331.71, 14]","[346.57, 42]","[354.97, 64]",340.43,256,12.28,0.17
07:34:14,"[334.0, 88]","[330.0, 8]","[343.12, 24]","[344.38, 24]",338.56,144,9.12,0.33
07:34:15,"[334.0, 88]","[330.0, 14]","[343.0, 24]","[348.0, 24]",338.5,150,9.0,0.36
07:34:16,"[334.0, 99]","[330.0, 9]","[344.22, 27]","[350.86, 35]",339.11,170,10.22,0.27
07:34:17,"[334.77, 88]","[334.61, 115]","[340.0, 38]","[348.0, 45]",337.39,286,5.23,0.42
07:34:18,"[336.75, 60]","[331.38, 233]","[343.98, 52]","[350.39, 69]",340.37,414,7.23,0.42
07:34:19,"[338.5, 34]","[331.32, 102]","[351.0, 42]","[355.0, 70]",344.75,248,12.5,0.1
07:34:20,"[346.0, 10]","[343.0, 30]","[351.0, 30]","[355.0, 50]",348.5,120,5.0,-0.33
07:34:21,"[343.21, 29]","[330.45, 47]","[351.0, 33]","[355.0, 55]",347.1,164,7.79,-0.07
07:34:22,"[343.0, 18]","[333.0, 6]","[351.0, 18]","[355.0, 30]",347.0,72,8.0,-0.33
07:34:23,"[343.0, 33]","[333.0, 11]","[350.33, 45]","[353.33, 43]",346.67,132,7.33,-0.33
07:34:24,"[343.0, 27]","[334.0, 9]","[349.11, 45]","[351.0, 27]",346.06,108,6.11,-0.33
07:34:25,"[343.89, 54]","[339.26, 31]","[349.0, 65]","[351.0, 39]",346.44,189,5.11,-0.1
07:34:26,"[344.0, 104]","[332.23, 26]","[347.15, 65]","[351.0, 39]",345.58,234,3.15,0.11
07:34:27,"[345.33, 72]","[344.03, 62]","[353.58, 81]","[356.39, 64]",349.46,279,8.25,-0.04
07:34:28,"[346.46, 39]","[344.69, 52]","[358.0, 143]","[361.0, 39]",352.23,273,11.54,-0.33
07:34:29,"[344.82, 40]","[337.52, 29]","[358.0, 121]","[361.0, 33]",351.41,223,13.18,-0.38
07:34:30,"[344.0, 48]","[336.0, 12]","[357.95, 101]","[360.54, 39]",350.98,200,13.95,-0.4
07:34:31,"[344.68, 19]","[343.23, 31]","[358.0, 90]","[465.0, 42]",351.34,182,13.32,-0.45
07:34:32,"[345.43, 14]","[343.5, 48]","[358.0, 78]","[489.06, 52]",351.71,192,12.57,-0.35
07:34:33,"[344.0, 22]","[341.0, 44]","[357.47, 45]","[418.2, 49]",350.73,160,13.47,-0.17
07:34:34,"[344.0, 14]","[341.5, 24]","[357.0, 28]","[358.0, 14]",350.5,80,13.0,-0.05
07:34:35,"[344.0, 22]","[342.0, 33]","[356.7, 40]","[357.56, 27]",350.35,122,12.7,-0.1
07:34:36,"[344.0, 22]","[342.0, 33]","[355.55, 33]","[358.78, 18]",349.77,106,11.55,0.04
07:34:37,"[344.0, 30]","[342.0, 45]","[353.44, 43]","[358.28, 58]",348.72,176,9.44,-0.15
07:34:38,"[344.0, 18]","[342.0, 27]","[350.89, 18]","[352.0, 27]",347.44,90,6.89,0.0
07:34:39,"[343.74, 23]","[341.88, 34]","[350.0, 22]","[352.0, 33]",346.87,112,6.26,0.02
07:34:40,"[342.0, 30]","[341.0, 52]","[346.58, 19]","[349.33, 24]",344.29,125,4.58,0.31
07:34:41,"[342.0, 48]","[341.0, 48]","[345.06, 32]","[348.25, 16]",343.53,144,3.06,0.33
07:34:42,"[341.85, 59]","[340.85, 41]","[344.7, 20]","[347.61, 31]",343.27,151,2.85,0.32
07:34:43,"[343.27, 33]","[341.59, 34]","[356.52, 21]","[357.74, 54]",349.9,142,13.25,-0.06
07:34:44,"[346.09, 22]","[343.0, 22]","[357.57, 37]","[358.13, 46]",351.83,127,11.48,-0.31
07:34:45,"[347.0, 16]","[343.0, 16]","[358.0, 56]","[359.0, 16]",352.5,104,11.0,-0.38
07:34:46,"[344.0, 16]","[341.36, 22]","[358.0, 56]","[359.0, 16]",351.0,110,14.0,-0.31
07:34:47,"[343.0, 16]","[341.0, 24]","[358.0, 65]","[359.0, 16]",350.5,121,15.0,-0.34
07:34:48,"[343.0, 22]","[341.0, 33]","[357.79, 71]","[358.43, 37]",350.39,163,14.79,-0.33
07:34:49,"[343.88, 51]","[342.54, 39]","[355.87, 75]","[356.9, 80]",349.87,245,11.98,-0.27
07:34:50,"[344.0, 24]","[343.0, 16]","[354.47, 34]","[355.29, 28]",349.24,102,10.47,-0.22
07:34:51,"[344.0, 36]","[343.0, 24]","[352.17, 48]","[353.56, 36]",348.08,144,8.17,-0.17
07:34:52,"[344.0, 33]","[343.0, 22]","[350.09, 55]","[353.0, 22]",347.05,132,6.09,-0.17
07:34:53,"[343.64, 45]","[337.55, 44]","[346.43, 61]","[351.1, 49]",345.04,199,2.78,-0.11
07:34:54,"[343.0, 22]","[340.8, 123]","[344.0, 22]","[345.0, 33]",343.5,200,1.0,0.45
07:34:55,"[341.0, 127]","[338.0, 44]","[342.62, 21]","[352.5, 28]",341.81,220,1.62,0.55
07:34:56,"[341.0, 61]","[338.0, 36]","[342.0, 18]","[354.0, 27]",341.5,142,1.0,0.37
07:34:57,"[341.0, 42]","[338.0, 28]","[342.0, 14]","[355.71, 21]",341.5,105,1.0,0.33
07:34:58,"[341.0, 28]","[338.0, 28]","[358.0, 21]","[360.0, 21]",349.5,98,17.0,0.14
07:34:59,"[341.0, 24]","[338.0, 24]","[358.0, 18]","[360.0, 18]",349.5,84,17.0,0.14
07:35:00,"[342.9, 21]","[340.61, 124]","[358.0, 36]","[360.0, 36]",350.45,217,15.1,0.34
07:35:01,"[341.99, 117]","[340.02, 49]","[358.0, 30]","[360.0, 30]",350.0,226,16.01,0.47
07:35:02,"[348.59, 79]","[342.99, 81]","[358.0, 39]","[360.0, 39]",353.3,238,9.41,0.34
07:35:03,"[347.0, 77]","[342.0, 126]","[358.0, 42]","[360.0, 42]",352.5,287,11.0,0.41
07:35:04,"[347.0, 119]","[342.0, 153]","[356.98, 63]","[358.59, 51]",351.99,386,9.98,0.41
07:35:05,"[347.0, 70]","[342.0, 90]","[356.0, 40]","[358.0, 30]",351.5,230,9.0,0.39
07:35:06,"[347.0, 49]","[342.0, 63]","[356.0, 28]","[358.0, 21]",351.5,161,9.0,0.39
07:35:07,"[347.0, 84]","[342.0, 108]","[356.0, 48]","[359.33, 36]",351.5,276,9.0,0.39
07:35:08,"[347.0, 18]","[342.0, 54]","[356.0, 24]","[360.0, 18]",351.5,114,9.0,0.26
07:35:09,"[347.0, 33]","[342.0, 99]","[356.0, 44]","[360.0, 33]",351.5,209,9.0,0.26
07:35:10,"[347.0, 45]","[342.55, 80]","[355.47, 60]","[359.57, 46]",351.23,231,8.47,0.08
07:35:11,"[347.0, 34]","[343.0, 56]","[349.89, 54]","[356.0, 47]",348.44,191,2.89,-0.06
07:35:12,"[347.0, 22]","[343.0, 44]","[348.0, 44]","[349.0, 33]",347.5,143,1.0,-0.08
07:35:13,"[347.0, 22]","[343.0, 44]","[348.0, 44]","[349.0, 33]",347.5,143,1.0,-0.08
07:35:14,"[343.31, 52]","[342.4, 20]","[347.24, 37]","[349.77, 39]",345.28,148,3.94,-0.03
07:35:15,"[343.0, 56]","[342.0, 14]","[345.0, 28]","[346.0, 42]",344.0,140,2.0,0.0
07:35:16,"[342.62, 26]","[341.04, 104]","[343.64, 28]","[345.33, 36]",343.13,194,1.03,0.34
07:35:17,"[341.04, 104]","[340.57, 70]","[342.43, 28]","[345.0, 33]",341.73,235,1.39,0.48
07:35:18,"[341.0, 114]","[340.0, 39]","[342.0, 26]","[347.55, 31]",341.5,210,1.0,0.46
07:35:19,"[341.0, 30]","[340.0, 21]","[355.05, 22]","[358.76, 29]",348.02,102,14.05,0.0
07:35:20,"[342.77, 39]","[342.19, 53]","[352.05, 39]","[353.55, 60]",347.41,191,9.28,-0.04
07:35:21,"[346.0, 13]","[344.0, 39]","[348.0, 13]","[349.96, 47]",347.0,112,2.0,-0.07
07:35:22,"[346.0, 14]","[344.0, 42]","[347.86, 14]","[351.88, 48]",346.93,118,1.86,-0.05
07:35:23,"[344.12, 51]","[341.37, 73]","[346.05, 19]","[354.79, 112]",345.09,255,1.93,-0.03
07:35:24,"[344.0, 25]","[341.0, 44]","[354.45, 55]","[357.0, 46]",349.23,170,10.45,-0.19
07:35:25,"[344.0, 30]","[341.33, 60]","[354.03, 33]","[355.18, 68]",349.02,191,10.03,-0.06
07:35:26,"[344.0, 28]","[342.0, 56]","[352.21, 28]","[354.1, 40]",348.11,152,8.21,0.11
07:35:27,"[342.91, 44]","[341.54, 52]","[349.64, 25]","[352.3, 20]",346.27,141,6.73,0.36
07:35:28,"[343.38, 65]","[341.63, 95]","[348.24, 37]","[352.24, 29]",345.81,226,4.86,0.42
07:35:29,"[342.0, 44]","[341.0, 77]","[351.0, 11]","[354.0, 44]",346.5,176,9.0,0.38
07:35:30,"[342.0, 48]","[341.0, 84]","[351.0, 12]","[355.85, 73]",346.5,217,9.0,0.22
07:35:31,"[341.3, 43]","[339.08, 39]","[351.0, 12]","[357.0, 108]",346.15,202,9.7,-0.19
07:35:32,"[342.93, 15]","[341.78, 18]","[350.0, 15]","[354.58, 99]",346.47,147,7.07,-0.55
07:35:33,"[345.73, 15]","[344.73, 15]","[349.07, 15]","[351.0, 75]",347.4,120,3.33,-0.5
07:35:34,"[347.0, 90]","[344.82, 34]","[349.0, 14]","[352.67, 43]",348.0,181,2.0,0.37
07:35:35,"[347.0, 60]","[346.0, 50]","[349.0, 10]","[352.3, 20]",348.0,140,2.0,0.57
07:35:36,"[347.0, 17]","[346.0, 35]","[349.0, 7]","[352.0, 14]",348.0,73,2.0,0.42
07:35:37,"[347.0, 6]","[346.0, 30]","[349.0, 6]","[352.0, 12]",348.0,54,2.0,0.33
07:35:38,"[346.05, 61]","[342.92, 39]","[347.96, 27]","[350.5, 20]",347.01,147,1.91,0.36
07:35:39,"[346.0, 42]","[341.29, 21]","[347.89, 36]","[349.67, 30]",346.94,129,1.89,-0.02
07:35:40,"[346.0, 24]","[341.56, 43]","[347.25, 48]","[352.31, 26]",346.62,141,1.25,-0.05
07:35:41,"[344.2, 40]","[342.94, 17]","[356.0, 30]","[361.3, 40]",350.1,127,11.8,-0.1
07:35:42,"[344.0, 36]","[342.0, 108]","[360.0, 18]","[363.0, 36]",352.0,198,16.0,0.45
07:35:43,"[345.06, 16]","[343.6, 60]","[358.33, 36]","[361.0, 32]",351.7,144,13.27,0.06
07:35:44,"[346.94, 17]","[344.0, 68]","[356.12, 34]","[358.0, 51]",351.53,170,9.18,0.0
07:35:45,"[347.0, 17]","[344.0, 68]","[352.82, 55]","[357.36, 44]",349.91,184,5.82,-0.08
07:35:46,"[347.0, 16]","[344.0, 64]","[355.19, 32]","[357.54, 39]",351.09,151,8.19,0.06
07:35:47,"[347.0, 10]","[344.0, 40]","[355.0, 20]","[358.62, 26]",351.0,96,8.0,0.04
07:35:48,"[347.0, 117]","[344.0, 48]","[353.67, 24]","[362.22, 36]",350.33,225,6.67,0.47
07:35:49,"[347.0, 150]","[344.0, 129]","[351.54, 35]","[362.27, 41]",349.27,355,4.54,0.57
07:35:50,"[347.0, 90]","[344.0, 204]","[349.42, 48]","[350.22, 36]",348.21,378,2.42,0.56
07:35:51,"[347.0, 64]","[344.0, 204]","[348.08, 48]","[351.0, 20]",347.54,336,1.08,0.6
07:35:52,"[347.0, 26]","[344.0, 221]","[348.0, 26]","[352.9, 31]",347.5,304,1.0,0.62
07:35:53,"[344.36, 135]","[343.28, 213]","[352.74, 62]","[359.04, 52]",348.55,462,8.39,0.51
07:35:54,"[344.0, 85]","[342.0, 55]","[361.6, 15]","[363.33, 18]",352.8,173,17.6,0.62
07:35:55,"[344.0, 306]","[342.0, 198]","[359.06, 62]","[360.27, 64]",351.53,630,15.06,0.6
07:35:56,"[344.15, 161]","[343.16, 235]","[356.05, 63]","[357.38, 89]",350.1,548,11.9,0.45
07:35:57,"[344.0, 273]","[342.0, 227]","[349.31, 65]","[352.17, 71]",346.65,636,5.31,0.57
07:35:58,"[344.0, 108]","[342.0, 195]","[345.77, 43]","[348.05, 61]",344.88,407,1.77,0.49
07:35:59,"[345.25, 32]","[343.33, 90]","[349.0, 60]","[358.0, 80]",347.12,262,3.75,-0.07
07:36:00,"[346.0, 16]","[344.0, 48]","[348.0, 24]","[349.0, 40]",347.0,128,2.0,0.0
07:36:01,"[344.0, 44]","[343.0, 44]","[348.0, 33]","[350.25, 40]",346.0,161,4.0,0.09
07:36:02,"[344.0, 48]","[343.0, 48]","[349.94, 31]","[356.73, 44]",346.97,171,5.94,0.12
07:36:03,"[346.48, 105]","[344.0, 84]","[353.5, 60]","[357.53, 102]",349.99,351,7.02,0.08
07:36:04,"[347.0, 85]","[343.79, 77]","[351.24, 85]","[354.0, 34]",349.12,281,4.24,0.15
07:36:05,"[347.0, 85]","[344.0, 85]","[349.06, 85]","[354.0, 34]",348.03,289,2.06,0.18
07:36:06,"[344.0, 65]","[343.0, 52]","[355.22, 18]","[359.19, 26]",349.61,161,11.22,0.45
07:36:07,"[344.0, 50]","[343.0, 40]","[356.0, 10]","[357.0, 10]",350.0,110,12.0,0.64
07:36:08,"[344.87, 75]","[343.89, 73]","[355.03, 37]","[356.07, 15]",349.95,200,10.16,0.48
07:36:09,"[344.7, 50]","[343.74, 47]","[355.0, 26]","[356.0, 10]",349.85,133,10.3,0.46
07:36:10,"[344.0, 35]","[343.0, 28]","[355.0, 7]","[356.0, 7]",349.5,77,11.0,0.64
07:36:11,"[344.0, 27]","[342.2, 81]","[355.11, 9]","[358.22, 9]",349.56,126,11.11,0.71
07:36:12,"[344.0, 30]","[342.0, 56]","[354.0, 15]","[356.0, 15]",349.0,116,10.0,0.48
07:36:13,"[344.0, 20]","[342.0, 70]","[354.0, 10]","[356.0, 10]",349.0,110,10.0,0.64
07:36:14,"[342.0, 32]","[341.0, 36]","[348.06, 33]","[353.58, 12]",345.03,113,6.06,0.2
07:36:15,"[343.38, 39]","[341.5, 36]","[347.0, 60]","[351.0, 15]",345.19,150,3.62,0.0
07:36:16,"[342.92, 26]","[341.28, 29]","[351.0, 11]","[355.0, 11]",346.96,77,8.08,0.43
07:36:17,"[342.0, 22]","[341.0, 33]","[348.62, 29]","[351.73, 11]",345.31,95,6.62,0.16
07:36:18,"[342.0, 32]","[341.0, 48]","[346.62, 48]","[351.0, 16]",344.31,144,4.62,0.11
07:36:19,"[342.0, 22]","[341.0, 33]","[343.82, 33]","[345.11, 27]",342.91,115,1.82,-0.04
07:36:20,"[341.09, 22]","[337.24, 33]","[342.63, 19]","[345.13, 23]",341.86,97,1.54,0.13
07:36:21,"[340.44, 18]","[334.29, 14]","[342.0, 14]","[351.0, 14]",341.22,60,1.56,0.07
07:36:22,"[341.0, 24]","[340.0, 12]","[342.0, 12]","[351.5, 12]",341.5,60,1.0,0.2
07:36:23,"[340.24, 50]","[336.57, 14]","[349.39, 46]","[351.17, 42]",344.82,152,9.15,-0.16
07:36:24,"[340.13, 45]","[338.82, 45]","[348.4, 75]","[350.13, 75]",344.27,240,8.27,-0.25
07:36:25,"[335.15, 34]","[332.08, 12]","[347.0, 60]","[350.0, 60]",341.07,166,11.85,-0.45
07:36:26,"[329.0, 24]","[328.0, 8]","[347.0, 40]","[350.0, 40]",338.0,112,18.0,-0.43
07:36:27,"[329.43, 47]","[328.14, 21]","[333.83, 41]","[342.59, 79]",331.63,188,4.4,-0.28
07:36:28,"[333.0, 25]","[328.25, 97]","[345.48, 66]","[346.0, 18]",339.24,206,12.48,0.18
07:36:29,"[345.0, 12]","[343.0, 60]","[346.0, 60]","[351.08, 13]",345.5,145,1.0,-0.01
07:36:30,"[344.38, 16]","[342.96, 57]","[346.07, 56]","[351.25, 16]",345.22,145,1.7,0.01
07:36:31,"[343.0, 50]","[342.0, 20]","[349.14, 28]","[353.19, 26]",346.07,124,6.14,0.13
07:36:32,"[343.09, 66]","[342.29, 34]","[348.07, 56]","[351.0, 14]",345.58,170,4.98,0.18
07:36:33,"[343.16, 50]","[338.48, 54]","[345.45, 58]","[350.62, 16]",344.3,178,2.29,0.17
07:36:34,"[342.0, 18]","[327.0, 63]","[352.67, 9]","[357.86, 58]",347.33,148,10.67,0.09
07:36:35,"[342.0, 24]","[327.0, 84]","[353.96, 25]","[357.68, 50]",347.98,183,11.96,0.18
07:36:36,"[342.0, 26]","[327.0, 91]","[352.3, 44]","[354.2, 64]",347.15,225,10.3,0.04
07:36:37,"[328.08, 83]","[325.97, 32]","[349.67, 54]","[351.88, 68]",338.88,237,21.58,-0.03
07:36:38,"[327.0, 105]","[324.0, 15]","[337.38, 37]","[346.37, 43]",332.19,200,10.38,0.2
07:36:39,"[331.02, 41]","[327.45, 60]","[338.0, 35]","[339.0, 13]",334.51,149,6.98,0.36
07:36:40,"[336.0, 21]","[325.0, 49]","[338.0, 7]","[339.0, 7]",337.0,84,2.0,0.67
07:36:41,"[336.58, 78]","[326.79, 92]","[338.69, 16]","[342.38, 68]",337.63,254,2.11,0.34
07:36:42,"[337.7, 132]","[333.0, 56]","[340.67, 24]","[344.17, 84]",339.19,296,2.96,0.27
07:36:43,"[332.99, 139]","[329.28, 58]","[342.88, 59]","[347.69, 106]",337.94,362,9.89,0.09
07:36:44,"[340.0, 66]","[334.0, 88]","[345.73, 22]","[350.0, 61]",342.86,237,5.73,0.3
07:36:45,"[340.0, 14]","[334.0, 40]","[346.0, 10]","[350.0, 30]",343.0,94,6.0,0.15
07:36:46,"[340.0, 16]","[334.0, 64]","[346.0, 16]","[350.0, 48]",343.0,144,6.0,0.11
07:36:47,"[341.92, 50]","[334.6, 80]","[346.0, 26]","[350.0, 78]",343.96,234,4.08,0.11
07:36:48,"[340.0, 24]","[334.0, 96]","[346.0, 24]","[350.0, 72]",343.0,216,6.0,0.11
07:36:49,"[341.7, 66]","[338.0, 24]","[346.0, 18]","[350.0, 54]",343.85,162,4.3,0.11
07:36:50,"[342.4, 80]","[340.0, 20]","[346.0, 20]","[350.0, 60]",344.2,180,3.6,0.11
07:36:51,"[338.96, 81]","[333.64, 42]","[346.0, 32]","[350.0, 96]",342.48,251,7.04,-0.02
07:36:52,"[335.19, 124]","[328.85, 113]","[344.48, 66]","[347.25, 51]",339.84,354,9.29,0.34
07:36:53,"[328.81, 74]","[327.75, 80]","[343.08, 51]","[343.76, 42]",335.94,247,14.27,0.25
07:36:54,"[329.83, 108]","[326.72, 90]","[340.08, 78]","[342.42, 48]",334.96,324,10.24,0.22
07:36:55,"[331.08, 72]","[326.91, 58]","[337.42, 31]","[338.57, 42]",334.25,203,6.34,0.28
07:36:56,"[334.53, 68]","[332.1, 93]","[337.0, 112]","[343.3, 94]",335.76,367,2.47,-0.12
07:36:57,"[332.09, 46]","[326.87, 30]","[337.42, 38]","[340.73, 44]",334.75,158,5.33,-0.04
07:36:58,"[328.0, 22]","[327.0, 55]","[338.0, 44]","[344.0, 55]",333.0,176,10.0,-0.12
07:36:59,"[328.92, 24]","[324.0, 60]","[338.0, 48]","[344.0, 60]",333.46,192,9.08,-0.12
07:37:00,"[331.13, 47]","[326.04, 51]","[337.49, 41]","[340.83, 53]",334.31,192,6.36,0.02
07:37:01,"[332.11, 19]","[328.26, 47]","[336.2, 45]","[337.9, 58]",334.15,169,4.09,-0.22
07:37:02,"[334.58, 62]","[328.8, 60]","[337.63, 57]","[341.94, 78]",336.11,257,3.05,-0.05
07:37:03,"[336.0, 72]","[319.0, 18]","[337.11, 18]","[338.95, 21]",336.56,129,1.11,0.4
07:37:04,"[336.0, 94]","[319.0, 24]","[337.17, 24]","[339.94, 33]",336.58,175,1.17,0.35
07:37:05,"[333.17, 36]","[318.53, 19]","[339.0, 16]","[342.0, 40]",336.08,111,5.83,-0.01
07:37:06,"[322.33, 30]","[318.21, 19]","[339.0, 14]","[342.0, 35]",330.67,98,16.67,0.0
07:37:07,"[324.0, 80]","[318.29, 21]","[336.0, 16]","[339.0, 16]",330.0,133,12.0,0.52
07:37:08,"[322.57, 42]","[317.88, 17]","[336.0, 14]","[339.0, 14]",329.29,87,13.43,0.36
07:37:09,"[319.83, 46]","[317.75, 32]","[336.64, 28]","[340.16, 56]",328.23,162,16.82,-0.04
07:37:10,"[321.21, 38]","[318.74, 46]","[333.0, 24]","[334.0, 36]",327.11,144,11.79,0.17
07:37:11,"[322.87, 55]","[322.06, 51]","[333.0, 34]","[334.0, 51]",327.94,191,10.13,0.11
07:37:12,"[328.5, 36]","[327.38, 48]","[334.46, 41]","[337.21, 56]",331.48,181,5.96,-0.07
07:37:13,"[331.2, 15]","[329.0, 45]","[339.0, 15]","[340.0, 75]",335.1,150,7.8,-0.2
07:37:14,"[334.47, 32]","[332.77, 26]","[339.5, 12]","[340.33, 36]",336.98,106,5.03,0.09
07:37:15,"[337.08, 39]","[336.08, 39]","[347.8, 25]","[352.0, 53]",342.44,156,10.72,0.0
07:37:16,"[338.81, 21]","[337.6, 30]","[345.0, 40]","[349.0, 50]",341.9,141,6.19,-0.28
07:37:17,"[340.96, 96]","[339.4, 30]","[345.0, 56]","[348.07, 70]",342.98,252,4.04,0.0
07:37:18,"[342.43, 35]","[341.29, 70]","[345.0, 40]","[348.0, 50]",343.71,195,2.57,0.08
07:37:19,"[342.57, 58]","[341.26, 94]","[344.56, 50]","[347.18, 73]",343.56,275,1.99,0.11
07:37:20,"[342.0, 34]","[341.0, 63]","[345.52, 25]","[350.62, 53]",343.76,175,3.52,0.11
07:37:21,"[341.08, 52]","[340.41, 34]","[350.0, 108]","[467.33, 15]",345.54,209,8.92,-0.18
07:37:22,"[341.0, 44]","[340.0, 22]","[349.09, 68]","[382.77, 31]",345.04,165,8.09,-0.2
07:37:23,"[341.0, 36]","[340.0, 24]","[347.0, 30]","[347.8, 30]",344.0,120,6.0,0.0
07:37:24,"[340.44, 18]","[339.76, 21]","[342.25, 24]","[344.27, 15]",341.35,78,1.81,0.0
07:37:25,"[340.0, 34]","[339.0, 15]","[343.12, 34]","[348.76, 29]",341.56,112,3.12,-0.12
07:37:26,"[340.0, 14]","[339.0, 14]","[349.38, 37]","[363.57, 56]",344.69,121,9.38,-0.54
07:37:27,"[340.0, 8]","[339.0, 8]","[347.5, 8]","[349.0, 32]",343.75,56,7.5,-0.43
07:37:28,"[340.77, 31]","[339.46, 13]","[346.38, 13]","[349.0, 52]",343.58,109,5.61,-0.19
07:37:29,"[341.0, 48]","[339.8, 20]","[345.92, 12]","[350.0, 48]",343.46,128,4.92,0.06
07:37:30,"[342.32, 82]","[340.88, 50]","[345.0, 14]","[351.0, 56]",343.66,202,2.68,0.31
07:37:31,"[344.0, 58]","[341.0, 56]","[345.0, 14]","[351.0, 56]",344.5,184,1.0,0.24
07:37:32,"[344.0, 36]","[341.0, 40]","[349.36, 22]","[354.18, 44]",346.68,142,5.36,0.07
07:37:33,"[344.0, 33]","[343.0, 33]","[352.91, 44]","[358.0, 55]",348.45,165,8.91,-0.2
07:37:34,"[346.0, 16]","[344.0, 24]","[354.0, 32]","[358.0, 40]",350.0,112,8.0,-0.29
07:37:35,"[344.69, 35]","[343.55, 33]","[354.0, 44]","[358.0, 55]",349.34,167,9.31,-0.19
07:37:36,"[344.0, 20]","[343.0, 12]","[354.0, 16]","[358.0, 20]",349.0,68,10.0,-0.06
07:37:37,"[344.0, 39]","[343.0, 36]","[354.0, 48]","[358.0, 60]",349.0,183,10.0,-0.18
07:37:38,"[343.0, 24]","[342.0, 36]","[354.0, 40]","[358.0, 50]",348.5,150,11.0,-0.2
07:37:39,"[341.0, 36]","[340.0, 54]","[354.0, 36]","[358.0, 45]",347.5,171,13.0,0.05
07:37:40,"[341.0, 36]","[340.0, 54]","[354.0, 36]","[358.0, 45]",347.5,171,13.0,0.05
07:37:41,"[341.0, 37]","[340.0, 72]","[355.18, 34]","[362.5, 60]",348.09,203,14.18,0.07
07:37:42,"[341.57, 35]","[340.3, 69]","[352.13, 30]","[354.61, 33]",346.85,167,10.56,0.25
07:37:43,"[342.0, 30]","[340.22, 82]","[352.0, 30]","[354.0, 30]",347.0,172,10.0,0.3
07:37:44,"[342.64, 22]","[341.0, 66]","[352.0, 22]","[354.0, 22]",347.32,132,9.36,0.33
07:37:45,"[342.74, 38]","[340.7, 94]","[352.0, 30]","[354.0, 30]",347.37,192,9.26,0.38
07:37:46,"[341.0, 28]","[340.0, 49]","[352.0, 14]","[354.0, 14]",346.5,105,11.0,0.47
07:37:47,"[341.0, 56]","[340.0, 98]","[351.71, 28]","[353.43, 28]",346.36,210,10.71,0.47
07:37:48,"[340.94, 116]","[339.99, 113]","[349.46, 48]","[351.67, 36]",345.2,313,8.52,0.46
07:37:49,"[341.62, 143]","[340.0, 105]","[348.42, 38]","[349.15, 52]",345.02,338,6.8,0.47
07:37:50,"[342.0, 182]","[340.0, 98]","[346.16, 37]","[347.45, 62]",344.08,379,4.16,0.48
07:37:51,"[342.0, 211]","[340.0, 133]","[344.12, 68]","[345.48, 58]",343.06,470,2.12,0.46
07:37:52,"[342.0, 111]","[340.0, 79]","[343.33, 36]","[344.11, 54]",342.67,280,1.33,0.36
07:37:53,"[340.8, 20]","[339.99, 76]","[355.35, 43]","[358.02, 61]",348.07,200,14.55,-0.04
07:37:54,"[340.08, 24]","[339.48, 21]","[353.59, 27]","[354.69, 51]",346.84,123,13.51,-0.27
07:37:55,"[339.13, 15]","[338.04, 27]","[350.41, 29]","[353.62, 37]",344.77,108,11.28,-0.22
07:37:56,"[339.0, 16]","[338.0, 32]","[349.56, 16]","[353.0, 32]",344.28,96,10.56,0.0
07:37:57,"[338.75, 16]","[337.41, 34]","[347.04, 26]","[354.43, 49]",342.89,125,8.29,-0.2
07:37:58,"[337.41, 51]","[335.7, 54]","[346.27, 30]","[350.4, 47]",341.84,182,8.85,0.15
07:37:59,"[338.0, 64]","[334.0, 80]","[342.19, 31]","[345.0, 18]",340.1,193,4.19,0.49
07:38:00,"[335.4, 25]","[331.93, 40]","[339.44, 16]","[340.88, 24]",337.42,105,4.04,0.24
07:38:01,"[332.0, 60]","[330.0, 24]","[339.06, 18]","[346.76, 50]",335.53,152,7.06,0.11
07:38:02,"[332.0, 75]","[330.0, 30]","[337.55, 20]","[339.33, 48]",334.77,173,5.55,0.21
07:38:03,"[332.38, 52]","[330.48, 21]","[336.0, 13]","[338.0, 39]",334.19,125,3.62,0.17
07:38:04,"[334.0, 72]","[332.0, 18]","[335.85, 20]","[337.96, 52]",334.93,162,1.85,0.11
07:38:05,"[334.0, 44]","[329.44, 34]","[335.12, 34]","[337.14, 14]",334.56,126,1.12,0.24
07:38:06,"[327.82, 22]","[325.86, 14]","[340.33, 12]","[346.4, 20]",334.08,68,12.52,0.06
07:38:07,"[329.21, 28]","[325.17, 35]","[347.0, 32]","[350.0, 55]",338.11,150,17.79,-0.16
07:38:08,"[342.0, 26]","[339.0, 13]","[345.82, 33]","[349.55, 53]",343.91,125,3.82,-0.38
07:38:09,"[343.0, 130]","[342.0, 26]","[344.69, 39]","[350.0, 65]",343.85,260,1.69,0.2
07:38:10,"[343.41, 104]","[341.71, 31]","[350.0, 85]","[352.07, 83]",346.71,303,6.59,-0.11
07:38:11,"[344.5, 84]","[342.0, 24]","[350.0, 60]","[352.0, 60]",347.25,228,5.5,-0.05
07:38:12,"[345.0, 42]","[343.0, 12]","[350.0, 30]","[355.75, 20]",347.5,104,5.0,0.04
07:38:13,"[345.0, 98]","[344.0, 28]","[350.0, 70]","[357.0, 42]",347.5,238,5.0,0.06
07:38:14,"[345.0, 49]","[344.0, 14]","[350.0, 35]","[357.0, 21]",347.5,119,5.0,0.06
07:38:15,"[345.0, 75]","[344.0, 20]","[354.08, 36]","[357.8, 44]",349.54,175,9.08,0.09
07:38:16,"[345.0, 100]","[344.0, 18]","[357.0, 27]","[358.0, 45]",351.0,190,12.0,0.24
07:38:17,"[345.0, 35]","[344.0, 10]","[357.0, 15]","[358.0, 25]",351.0,85,12.0,0.06
07:38:18,"[345.0, 85]","[344.0, 28]","[351.31, 16]","[357.09, 54]",348.16,183,6.31,0.23
07:38:19,"[345.0, 15]","[344.0, 6]","[350.0, 3]","[357.0, 18]",347.5,42,5.0,0.0
07:38:20,"[345.0, 45]","[344.0, 18]","[350.0, 9]","[357.0, 45]",347.5,117,5.0,0.08
07:38:21,"[345.0, 70]","[344.0, 28]","[350.0, 14]","[357.0, 70]",347.5,182,5.0,0.08
07:38:22,"[345.17, 54]","[344.45, 33]","[348.86, 44]","[355.0, 28]",347.02,159,3.7,0.09
07:38:23,"[345.36, 58]","[344.22, 49]","[348.0, 42]","[356.05, 42]",346.68,191,2.64,0.12
07:38:24,"[345.0, 54]","[342.0, 18]","[353.0, 9]","[361.32, 31]",349.0,112,8.0,0.29
07:38:25,"[345.0, 67]","[342.0, 26]","[352.1, 41]","[361.11, 37]",348.55,171,7.1,0.09
07:38:26,"[345.0, 60]","[342.92, 74]","[351.55, 80]","[355.0, 69]",348.27,283,6.55,-0.05
07:38:27,"[343.16, 38]","[341.53, 19]","[350.0, 16]","[351.0, 32]",346.58,105,6.84,0.09
07:38:28,"[343.0, 70]","[341.0, 28]","[347.63, 35]","[349.55, 33]",345.31,166,4.63,0.18
07:38:29,"[343.33, 30]","[342.7, 53]","[345.15, 26]","[347.86, 37]",344.24,146,1.82,0.14
07:38:30,"[344.0, 10]","[343.0, 50]","[345.0, 11]","[348.0, 40]",344.5,111,1.0,0.08
07:38:31,"[341.25, 64]","[340.61, 51]","[345.0, 9]","[348.0, 36]",343.12,160,3.75,0.44
07:38:32,"[341.0, 100]","[339.55, 11]","[345.0, 9]","[348.0, 36]",343.0,156,4.0,0.42
07:38:33,"[341.0, 88]","[340.0, 11]","[343.36, 14]","[344.41, 41]",342.18,154,2.36,0.29
07:38:34,"[340.95, 19]","[339.9, 10]","[347.0, 14]","[354.12, 17]",343.97,60,6.05,-0.03
07:38:35,"[341.38, 24]","[339.7, 10]","[356.24, 34]","[358.67, 18]",348.81,86,14.86,-0.21
07:38:36,"[342.0, 42]","[340.0, 12]","[356.62, 16]","[357.28, 50]",349.31,120,14.62,-0.1
07:38:37,"[342.0, 15]","[340.0, 5]","[356.0, 5]","[357.0, 36]",349.0,61,14.0,-0.34
07:38:38,"[342.0, 21]","[340.0, 7]","[354.9, 20]","[356.7, 20]",348.45,68,12.9,-0.18
07:38:39,"[342.0, 36]","[340.0, 102]","[347.0, 36]","[350.94, 34]",344.5,208,5.0,0.33
07:38:40,"[342.0, 30]","[340.0, 110]","[345.0, 30]","[347.0, 30]",343.5,200,3.0,0.4
07:38:41,"[340.36, 84]","[336.6, 127]","[343.79, 42]","[359.43, 68]",342.07,321,3.43,0.31
07:38:42,"[335.2, 50]","[333.29, 56]","[342.57, 21]","[356.0, 26]",338.89,153,7.37,0.39
07:38:43,"[334.0, 64]","[333.0, 64]","[341.12, 24]","[355.39, 49]",337.56,201,7.12,0.27
07:38:44,"[334.0, 96]","[333.0, 96]","[340.83, 36]","[352.92, 60]",337.42,288,6.83,0.33
07:38:45,"[333.99, 111]","[332.86, 35]","[339.14, 42]","[351.71, 70]",336.57,258,5.15,0.13
07:38:46,"[334.0, 81]","[333.0, 19]","[338.89, 27]","[350.0, 45]",336.44,172,4.89,0.16
07:38:47,"[334.0, 63]","[333.0, 21]","[338.0, 21]","[350.0, 35]",336.0,140,4.0,0.2
07:38:48,"[334.55, 20]","[333.96, 71]","[338.0, 26]","[350.0, 60]",336.27,177,3.45,0.03
07:38:49,"[335.54, 13]","[331.88, 25]","[338.0, 16]","[350.0, 65]",336.77,119,2.46,-0.36
07:38:50,"[329.98, 66]","[328.79, 94]","[347.73, 44]","[350.78, 54]",338.86,258,17.74,0.24
07:38:51,"[331.0, 60]","[329.0, 108]","[349.0, 36]","[351.0, 60]",340.0,264,18.0,0.27
07:38:52,"[331.0, 20]","[329.0, 36]","[349.0, 12]","[351.0, 20]",340.0,88,18.0,0.27
07:38:53,"[331.84, 122]","[329.04, 52]","[350.93, 57]","[351.87, 38]",341.38,269,19.09,0.29
07:38:54,"[332.0, 154]","[325.73, 11]","[347.4, 30]","[350.56, 27]",339.7,222,15.4,0.49
07:38:55,"[332.0, 168]","[325.0, 12]","[347.0, 36]","[350.0, 24]",339.5,240,15.0,0.5
07:38:56,"[332.0, 140]","[325.0, 10]","[346.67, 18]","[348.04, 26]",339.33,194,14.67,0.55
07:38:57,"[332.59, 34]","[331.93, 96]","[343.0, 13]","[347.9, 31]",337.79,174,10.41,0.49
07:38:58,"[329.9, 115]","[330.0, 72]","[334.03, 37]","[337.0, 16]",331.97,240,4.12,0.56
07:38:59,"[329.0, 140]","[326.0, 10]","[347.21, 28]","[350.3, 20]",338.11,198,18.21,0.52
07:39:00,"[345.0, 69]","[332.68, 114]","[346.0, 47]","[347.0, 33]",345.5,263,1.0,0.39
07:39:01,"[343.93, 45]","[342.83, 46]","[346.0, 55]","[350.77, 26]",344.97,172,2.07,0.06
07:39:02,"[343.08, 78]","[342.3, 111]","[345.93, 108]","[351.57, 46]",344.5,343,2.85,0.1
07:39:03,"[343.03, 68]","[342.12, 100]","[344.33, 45]","[345.35, 49]",343.68,262,1.3,0.28
07:39:04,"[342.3, 80]","[341.85, 47]","[343.67, 36]","[345.67, 27]",342.98,190,1.37,0.34
07:39:05,"[342.0, 80]","[341.0, 12]","[343.0, 36]","[348.5, 24]",342.5,152,1.0,0.21
07:39:06,"[342.0, 66]","[341.0, 11]","[343.0, 28]","[349.0, 22]",342.5,127,1.0,0.21
07:39:07,"[340.56, 39]","[330.81, 54]","[343.0, 28]","[352.0, 28]",341.78,149,2.44,0.25
07:39:08,"[331.0, 12]","[329.0, 108]","[334.57, 21]","[347.04, 27]",332.79,168,3.57,0.43
07:39:09,"[331.0, 13]","[327.8, 90]","[345.52, 29]","[348.06, 31]",338.26,163,14.52,0.26
07:39:10,"[331.0, 8]","[328.2, 30]","[343.0, 24]","[344.0, 8]",337.0,70,12.0,0.09
07:39:11,"[331.0, 29]","[329.2, 30]","[341.83, 23]","[342.76, 17]",336.41,99,10.83,0.19
07:39:12,"[331.71, 17]","[329.82, 33]","[337.0, 17]","[338.0, 33]",334.35,100,5.29,0.0
07:39:13,"[332.21, 14]","[330.0, 42]","[337.0, 14]","[338.0, 56]",334.61,126,4.79,-0.11
07:39:14,"[333.92, 13]","[329.71, 42]","[337.54, 13]","[339.87, 45]",335.73,113,3.62,-0.03
07:39:15,"[334.56, 9]","[326.0, 27]","[338.0, 9]","[342.0, 27]",336.28,72,3.44,0.0
07:39:16,"[337.5, 10]","[327.0, 24]","[341.0, 20]","[344.4, 25]",339.25,79,3.5,-0.14
07:39:17,"[337.85, 47]","[325.96, 25]","[342.0, 30]","[348.91, 22]",339.93,124,4.15,0.16
07:39:18,"[338.33, 61]","[338.39, 33]","[342.0, 30]","[348.29, 34]",340.16,158,3.67,0.19
07:39:19,"[340.5, 20]","[339.05, 21]","[344.78, 27]","[347.71, 28]",342.64,96,4.28,-0.15
07:39:20,"[341.0, 86]","[340.0, 11]","[345.93, 41]","[346.79, 38]",343.46,176,4.93,0.1
07:39:21,"[341.3, 53]","[340.58, 26]","[344.67, 45]","[345.85, 59]",342.98,183,3.36,-0.14
07:39:22,"[341.05, 110]","[340.8, 45]","[342.92, 60]","[347.5, 36]",341.99,251,1.86,0.24
07:39:23,"[341.0, 36]","[340.0, 8]","[345.19, 32]","[352.5, 24]",343.09,100,4.19,-0.12
07:39:24,"[341.0, 12]","[340.0, 6]","[348.5, 18]","[350.0, 18]",344.75,54,7.5,-0.33
07:39:25,"[344.0, 22]","[341.0, 16]","[347.88, 24]","[350.0, 24]",345.94,86,3.88,-0.12
07:39:26,"[344.0, 8]","[341.0, 8]","[346.5, 12]","[354.0, 12]",345.25,40,2.5,-0.2
07:39:27,"[344.0, 8]","[342.25, 8]","[346.0, 12]","[354.0, 12]",345.0,40,2.0,-0.2
07:39:28,"[343.8, 15]","[342.84, 19]","[346.43, 21]","[353.9, 20]",345.11,75,2.63,-0.09
07:39:29,"[343.0, 12]","[340.0, 16]","[352.94, 16]","[355.31, 13]",347.97,57,9.94,-0.02
07:39:30,"[343.0, 16]","[340.29, 42]","[352.0, 8]","[354.06, 17]",347.5,83,9.0,0.4
07:39:31,"[342.16, 25]","[340.25, 48]","[350.73, 11]","[352.93, 14]",346.44,98,8.57,0.49
07:39:32,"[342.0, 24]","[340.0, 48]","[349.12, 24]","[350.6, 10]",345.56,106,7.12,0.36
07:39:33,"[342.0, 27]","[340.0, 54]","[346.38, 13]","[348.29, 31]",344.19,125,4.38,0.3
07:39:34,"[342.0, 27]","[340.0, 54]","[343.57, 23]","[345.46, 13]",342.78,117,1.57,0.38
07:39:35,"[340.0, 42]","[324.0, 7]","[345.0, 7]","[350.71, 14]",342.5,70,5.0,0.4
07:39:36,"[340.0, 40]","[337.07, 15]","[343.25, 8]","[352.5, 16]",341.62,79,3.25,0.39
07:39:37,"[339.11, 72]","[327.46, 48]","[341.61, 18]","[352.29, 49]",340.36,187,2.5,0.28
07:39:38,"[324.09, 35]","[323.6, 20]","[339.73, 11]","[350.48, 21]",331.91,87,15.64,0.26
07:39:39,"[332.25, 32]","[325.75, 32]","[339.0, 14]","[347.95, 61]",335.62,139,6.75,-0.08
07:39:40,"[335.5, 18]","[334.02, 42]","[339.0, 12]","[347.89, 56]",337.25,128,3.5,-0.06
07:39:41,"[339.21, 66]","[335.07, 56]","[346.35, 23]","[359.83, 120]",342.78,265,7.14,-0.08
07:39:42,"[343.23, 61]","[342.56, 61]","[346.12, 41]","[347.83, 54]",344.68,217,2.89,0.12
07:39:43,"[344.02, 43]","[341.67, 27]","[346.0, 25]","[348.88, 8]",345.01,103,1.98,0.36
07:39:44,"[344.26, 57]","[340.75, 36]","[346.4, 30]","[353.75, 24]",345.33,147,2.14,0.27
07:39:45,"[341.0, 21]","[340.0, 21]","[350.0, 7]","[356.0, 35]",345.5,84,9.0,0.0
07:39:46,"[341.0, 24]","[340.0, 24]","[350.0, 8]","[356.0, 40]",345.5,96,9.0,0.0
07:39:47,"[341.84, 83]","[340.85, 99]","[350.0, 17]","[355.93, 82]",345.92,281,8.16,0.3
07:39:48,"[343.5, 56]","[341.0, 77]","[350.92, 13]","[354.07, 28]",347.21,174,7.42,0.53
07:39:49,"[344.0, 64]","[341.0, 56]","[348.47, 30]","[352.26, 23]",346.23,173,4.47,0.39
07:39:50,"[344.39, 66]","[342.43, 67]","[346.81, 54]","[350.3, 54]",345.6,241,2.42,0.1
07:39:51,"[344.83, 24]","[343.55, 47]","[346.78, 54]","[350.33, 45]",345.81,170,1.94,-0.16
07:39:52,"[344.09, 57]","[341.14, 86]","[348.09, 43]","[350.05, 57]",346.09,243,4.01,0.18
07:39:53,"[345.0, 80]","[344.0, 64]","[348.0, 48]","[357.12, 64]",346.5,256,3.0,0.12
07:39:54,"[345.0, 34]","[344.0, 32]","[348.0, 24]","[359.0, 32]",346.5,122,3.0,0.08
07:39:55,"[344.78, 18]","[343.75, 32]","[346.75, 24]","[351.15, 26]",345.76,100,1.97,0.0
07:39:56,"[344.0, 36]","[342.0, 36]","[345.56, 27]","[359.0, 36]",344.78,135,1.56,0.07
07:39:57,"[344.0, 37]","[342.0, 44]","[345.0, 33]","[355.3, 54]",344.5,168,1.0,-0.04
07:39:58,"[344.0, 27]","[342.0, 36]","[345.0, 27]","[354.56, 41]",344.5,131,1.0,-0.04
07:39:59,"[341.44, 54]","[340.59, 61]","[354.53, 43]","[357.92, 48]",347.99,206,13.09,0.12
07:40:00,"[341.0, 57]","[340.0, 70]","[352.79, 14]","[356.85, 72]",346.89,213,11.79,0.19
07:40:01,"[340.0, 36]","[339.0, 36]","[351.5, 12]","[353.94, 53]",345.75,137,11.5,0.05
07:40:02,"[340.0, 36]","[339.0, 36]","[345.73, 15]","[352.36, 50]",342.87,137,5.73,0.05
07:40:03,"[340.0, 36]","[339.0, 36]","[343.58, 12]","[356.42, 48]",341.79,132,3.58,0.09
07:40:04,"[340.0, 27]","[339.0, 30]","[353.11, 19]","[360.7, 43]",346.55,119,13.11,-0.04
07:40:05,"[342.51, 43]","[339.43, 42]","[356.06, 88]","[368.08, 88]",349.28,261,13.55,-0.35
07:40:06,"[339.71, 21]","[334.6, 20]","[353.14, 35]","[354.43, 35]",346.43,111,13.43,-0.26
07:40:07,"[339.0, 30]","[334.0, 30]","[351.7, 50]","[353.0, 50]",345.35,160,12.7,-0.25
07:40:08,"[339.38, 39]","[336.37, 57]","[348.9, 77]","[351.06, 87]",344.14,260,9.51,-0.26
07:40:09,"[339.46, 26]","[337.11, 36]","[342.0, 56]","[351.28, 54]",340.73,172,2.54,-0.28
07:40:10,"[329.77, 40]","[328.1, 52]","[340.38, 58]","[345.65, 48]",335.08,198,10.6,-0.07
07:40:11,"[329.0, 42]","[328.0, 56]","[337.0, 34]","[337.96, 46]",333.0,178,8.0,0.1
07:40:12,"[329.23, 35]","[328.4, 60]","[335.0, 17]","[336.0, 56]",332.11,168,5.77,0.13
07:40:13,"[330.0, 11]","[328.45, 31]","[334.07, 29]","[335.31, 13]",332.03,84,4.07,0.0
07:40:14,"[330.5, 4]","[326.7, 23]","[334.0, 12]","[335.0, 4]",332.25,43,3.5,0.26
07:40:15,"[331.0, 12]","[326.8, 69]","[334.0, 36]","[335.0, 12]",332.5,129,3.0,0.26
07:40:16,"[332.79, 145]","[328.92, 24]","[334.0, 38]","[335.0, 13]",333.4,220,1.21,0.54
07:40:17,"[326.37, 71]","[323.5, 24]","[333.83, 24]","[336.77, 13]",330.1,132,7.47,0.44
07:40:18,"[326.0, 179]","[320.43, 51]","[332.0, 38]","[336.0, 28]",329.0,296,6.0,0.55
07:40:19,"[327.0, 100]","[326.0, 30]","[332.0, 20]","[336.0, 20]",329.5,170,5.0,0.53
07:40:20,"[327.5, 140]","[323.23, 22]","[332.0, 28]","[336.0, 28]",329.75,218,4.5,0.49
07:40:21,"[328.0, 90]","[325.0, 18]","[332.43, 21]","[333.75, 24]",330.21,153,4.43,0.41
07:40:22,"[328.55, 110]","[325.0, 22]","[334.41, 27]","[336.87, 15]",331.48,174,5.86,0.52
07:40:23,"[329.34, 140]","[327.78, 72]","[332.0, 34]","[335.09, 44]",330.67,290,2.66,0.46
07:40:24,"[330.58, 84]","[328.94, 142]","[333.85, 53]","[335.05, 42]",332.22,321,3.27,0.41
07:40:25,"[331.92, 60]","[328.5, 80]","[334.0, 48]","[336.73, 15]",332.96,203,2.08,0.38
07:40:26,"[332.14, 87]","[323.47, 110]","[333.82, 39]","[337.06, 18]",332.98,254,1.68,0.55
07:40:27,"[332.0, 65]","[322.76, 103]","[333.0, 13]","[337.0, 13]",332.5,194,1.0,0.73
07:40:28,"[332.0, 40]","[325.0, 104]","[333.0, 8]","[337.0, 8]",332.5,160,1.0,0.8
07:40:29,"[332.0, 70]","[325.0, 182]","[333.0, 14]","[337.0, 14]",332.5,280,1.0,0.8
07:40:30,"[332.0, 40]","[322.41, 27]","[338.4, 20]","[342.4, 20]",335.2,107,6.4,0.25
07:40:31,"[332.98, 43]","[330.83, 78]","[336.74, 19]","[339.0, 57]",334.86,197,3.76,0.23
07:40:32,"[335.0, 7]","[333.0, 35]","[336.0, 7]","[343.8, 15]",335.5,64,1.0,0.31
07:40:33,"[334.09, 55]","[324.3, 69]","[343.07, 28]","[345.72, 58]",338.58,210,8.98,0.18
07:40:34,"[335.0, 80]","[321.01, 82]","[343.38, 48]","[345.33, 36]",339.19,246,8.38,0.32
07:40:35,"[335.72, 90]","[322.0, 90]","[342.0, 54]","[346.0, 54]",338.86,288,6.28,0.25
07:40:36,"[337.28, 90]","[323.28, 81]","[341.33, 54]","[345.33, 54]",339.31,279,4.06,0.23
07:40:37,"[338.82, 83]","[328.14, 86]","[340.0, 51]","[342.0, 51]",339.41,271,1.18,0.25
07:40:38,"[336.45, 62]","[325.05, 93]","[341.29, 42]","[346.0, 28]",338.87,225,4.83,0.38
07:40:39,"[333.64, 89]","[324.64, 56]","[339.75, 24]","[341.59, 51]",336.7,220,6.11,0.32
07:40:40,"[331.92, 26]","[325.25, 16]","[338.0, 7]","[343.11, 19]",334.96,68,6.08,0.24
07:40:41,"[327.33, 63]","[324.62, 32]","[338.0, 13]","[352.69, 26]",332.67,134,10.67,0.42
07:40:42,"[326.21, 136]","[323.64, 56]","[350.86, 28]","[354.85, 104]",338.53,324,24.65,0.19
07:40:43,"[328.45, 85]","[329.58, 74]","[353.0, 28]","[355.0, 112]",340.72,299,24.55,0.06
07:40:44,"[332.12, 64]","[331.01, 209]","[353.0, 42]","[354.83, 72]",342.56,387,20.88,0.41
07:40:45,"[337.73, 55]","[335.86, 58]","[352.34, 53]","[354.32, 41]",345.03,207,14.61,0.09
07:40:46,"[339.91, 43]","[338.95, 55]","[351.77, 52]","[352.35, 46]",345.84,196,11.86,0.0
07:40:47,"[341.34, 67]","[340.27, 73]","[349.55, 49]","[350.4, 91]",345.45,280,8.21,0.0
07:40:48,"[343.57, 56]","[342.43, 56]","[349.0, 32]","[350.0, 80]",346.29,224,5.43,0.0
07:40:49,"[343.8, 45]","[341.59, 51]","[349.0, 24]","[350.0, 60]",346.4,180,5.2,0.07
07:40:50,"[343.88, 51]","[340.24, 100]","[346.68, 82]","[350.41, 46]",345.28,279,2.8,0.08
07:40:51,"[343.9, 41]","[341.53, 34]","[345.15, 67]","[354.0, 28]",344.53,170,1.25,-0.12
07:40:52,"[342.0, 22]","[340.0, 88]","[343.93, 28]","[351.27, 22]",342.96,160,1.93,0.38
07:40:53,"[342.0, 36]","[340.0, 144]","[343.0, 72]","[344.0, 36]",342.5,288,1.0,0.25
07:40:54,"[340.1, 80]","[334.58, 71]","[342.87, 46]","[347.75, 32]",341.48,229,2.77,0.32
07:40:55,"[339.9, 59]","[333.78, 69]","[342.0, 44]","[345.65, 43]",340.95,215,2.1,0.19
07:40:56,"[339.0, 30]","[333.0, 50]","[349.0, 20]","[354.27, 60]",344.0,160,10.0,0.0
07:40:57,"[333.71, 51]","[329.4, 100]","[340.27, 22]","[351.0, 40]",336.99,213,6.57,0.42
07:40:58,"[330.71, 140]","[328.77, 142]","[336.97, 33]","[343.59, 34]",333.84,349,6.26,0.62
07:40:59,"[331.18, 99]","[329.17, 92]","[335.24, 34]","[347.64, 61]",333.21,286,4.05,0.34
07:41:00,"[328.92, 130]","[325.0, 113]","[338.48, 25]","[347.26, 46]",333.7,314,9.56,0.55
07:41:01,"[332.0, 91]","[327.45, 109]","[341.0, 25]","[349.0, 52]",336.5,277,9.0,0.44
07:41:02,"[332.0, 51]","[327.0, 90]","[339.35, 17]","[347.75, 12]",335.68,170,7.35,0.66
07:41:03,"[332.0, 51]","[327.0, 170]","[336.61, 56]","[345.89, 19]",334.3,296,4.61,0.49
07:41:04,"[332.0, 42]","[327.0, 140]","[336.0, 56]","[346.73, 44]",334.0,282,4.0,0.29
07:41:05,"[332.0, 33]","[327.0, 110]","[335.36, 44]","[346.0, 94]",333.68,281,3.36,0.02
07:41:06,"[332.0, 48]","[327.0, 160]","[333.85, 61]","[342.2, 88]",332.93,357,1.85,0.17
07:41:07,"[332.0, 39]","[327.0, 130]","[333.75, 16]","[336.66, 53]",332.88,238,1.75,0.42
07:41:08,"[332.0, 33]","[327.0, 110]","[336.0, 44]","[343.0, 55]",334.0,242,4.0,0.18
07:41:09,"[333.18, 134]","[328.61, 149]","[335.53, 30]","[337.84, 76]",334.36,389,2.35,0.46
07:41:10,"[334.12, 258]","[333.0, 209]","[335.99, 69]","[345.59, 106]",335.05,642,1.87,0.45
07:41:11,"[337.26, 130]","[335.27, 157]","[342.92, 78]","[346.4, 45]",340.09,410,5.66,0.4
07:41:12,"[343.23, 125]","[339.9, 120]","[345.31, 58]","[346.13, 46]",344.27,349,2.08,0.4
07:41:13,"[344.0, 238]","[340.0, 228]","[345.63, 27]","[347.35, 31]",344.81,524,1.63,0.78
07:41:14,"[344.0, 75]","[340.0, 120]","[346.0, 10]","[347.0, 40]",345.0,245,2.0,0.59
07:41:15,"[344.0, 44]","[340.0, 84]","[346.92, 13]","[348.76, 34]",345.46,175,2.92,0.46
07:41:16,"[344.0, 12]","[340.0, 72]","[347.0, 12]","[349.0, 30]",345.5,126,3.0,0.33
07:41:17,"[344.0, 16]","[340.62, 87]","[347.0, 16]","[349.0, 40]",345.5,159,3.0,0.3
07:41:18,"[344.0, 14]","[342.0, 63]","[346.43, 14]","[348.3, 23]",345.21,114,2.43,0.35
07:41:19,"[344.0, 18]","[342.0, 81]","[345.0, 18]","[347.0, 18]",344.5,135,1.0,0.47
07:41:20,"[342.29, 56]","[340.67, 108]","[344.7, 20]","[347.0, 20]",343.49,204,2.41,0.61
07:41:21,"[342.0, 80]","[340.0, 120]","[344.0, 20]","[349.14, 35]",343.0,255,2.0,0.57
07:41:22,"[340.29, 77]","[339.32, 75]","[344.0, 20]","[350.0, 50]",342.14,222,3.71,0.37
07:41:23,"[340.0, 48]","[339.0, 42]","[344.0, 12]","[350.0, 42]",342.0,144,4.0,0.25
07:41:24,"[340.0, 60]","[339.0, 77]","[344.0, 22]","[349.0, 55]",342.0,214,4.0,0.28
07:41:25,"[340.0, 40]","[339.0, 46]","[343.3, 20]","[349.0, 50]",341.65,156,3.3,0.1
07:41:26,"[340.0, 18]","[339.0, 7]","[343.0, 14]","[349.43, 35]",341.5,74,3.0,-0.32
07:41:27,"[340.0, 12]","[339.0, 6]","[342.83, 12]","[350.0, 30]",341.42,60,2.83,-0.4
07:41:28,"[340.0, 18]","[339.0, 9]","[341.33, 18]","[350.0, 63]",340.67,108,1.33,-0.5
07:41:29,"[340.0, 18]","[339.0, 9]","[346.73, 33]","[351.05, 57]",343.36,117,6.73,-0.54
07:41:30,"[338.0, 70]","[324.69, 32]","[350.0, 29]","[353.14, 35]",344.0,166,12.0,0.23
07:41:31,"[338.0, 100]","[324.82, 11]","[349.7, 20]","[351.0, 50]",343.85,181,11.7,0.23
07:41:32,"[338.0, 74]","[325.0, 8]","[349.0, 16]","[350.25, 40]",343.5,138,11.0,0.19
07:41:33,"[338.77, 104]","[336.82, 88]","[347.45, 84]","[349.15, 67]",343.11,343,8.68,0.12
07:41:34,"[338.31, 104]","[335.44, 43]","[344.93, 43]","[346.04, 54]",341.62,244,6.62,0.2
07:41:35,"[338.0, 72]","[328.0, 12]","[343.33, 12]","[345.0, 60]",340.67,156,5.33,0.08
07:41:36,"[338.2, 61]","[331.08, 13]","[340.81, 37]","[345.64, 25]",339.5,136,2.61,0.09
07:41:37,"[339.59, 27]","[332.18, 34]","[351.59, 32]","[353.37, 30]",345.59,123,12.0,-0.01
07:41:38,"[341.0, 13]","[338.0, 9]","[353.0, 58]","[355.05, 42]",347.0,122,12.0,-0.64
07:41:39,"[341.0, 10]","[338.0, 10]","[353.0, 60]","[356.0, 20]",347.0,100,12.0,-0.6
07:41:40,"[341.0, 48]","[339.79, 28]","[353.0, 48]","[356.0, 16]",347.0,140,12.0,0.09
07:41:41,"[341.49, 90]","[340.69, 96]","[353.0, 69]","[356.0, 24]",347.24,279,11.51,0.33
07:41:42,"[341.56, 61]","[340.28, 46]","[352.61, 41]","[353.7, 37]",347.08,185,11.05,0.16
07:41:43,"[341.0, 76]","[340.0, 100]","[349.41, 32]","[350.89, 73]",345.2,281,8.41,0.25
07:41:44,"[341.0, 58]","[340.0, 65]","[344.0, 13]","[348.0, 26]",342.5,162,3.0,0.52
07:41:45,"[341.0, 27]","[340.0, 45]","[347.33, 18]","[351.33, 18]",344.17,108,6.33,0.33
07:41:46,"[341.67, 27]","[340.42, 43]","[347.0, 22]","[350.0, 22]",344.33,114,5.33,0.23
07:41:47,"[343.45, 22]","[341.0, 33]","[345.45, 22]","[350.0, 22]",344.45,99,2.0,0.11
07:41:48,"[342.13, 30]","[340.27, 62]","[344.53, 30]","[350.07, 30]",343.33,152,2.4,0.21
07:41:49,"[340.06, 66]","[339.42, 24]","[342.94, 32]","[348.25, 32]",341.5,154,2.88,0.17
07:41:50,"[339.78, 23]","[338.38, 16]","[341.64, 22]","[354.62, 29]",340.71,90,1.85,-0.13
07:41:51,"[339.0, 11]","[338.0, 22]","[341.0, 22]","[355.12, 51]",340.0,106,2.0,-0.38
07:41:52,"[338.75, 8]","[335.0, 12]","[341.0, 16]","[355.0, 40]",339.88,76,2.25,-0.47
07:41:53,"[338.0, 7]","[329.0, 14]","[340.57, 14]","[355.27, 41]",339.29,76,2.57,-0.45
07:41:54,"[329.47, 19]","[328.18, 11]","[353.69, 52]","[355.9, 58]",341.58,140,24.22,-0.57
07:41:55,"[337.54, 59]","[335.82, 55]","[348.74, 38]","[349.44, 48]",343.14,200,11.19,0.14
07:41:56,"[340.0, 39]","[338.0, 91]","[345.71, 28]","[346.42, 31]",342.86,189,5.71,0.38
07:41:57,"[339.5, 48]","[337.81, 86]","[346.25, 28]","[347.45, 31]",342.88,193,6.75,0.39
07:41:58,"[338.0, 42]","[330.0, 7]","[346.71, 21]","[349.0, 7]",342.36,77,8.71,0.27
07:41:59,"[338.0, 60]","[330.0, 10]","[346.71, 21]","[352.19, 32]",342.36,123,8.71,0.14
07:42:00,"[338.0, 78]","[330.78, 27]","[345.35, 57]","[346.29, 42]",341.68,204,7.35,0.03
07:42:01,"[338.24, 126]","[333.07, 28]","[343.67, 36]","[344.96, 99]",340.95,289,5.43,0.07
07:42:02,"[338.0, 100]","[329.0, 18]","[340.44, 36]","[343.71, 48]",339.22,202,2.44,0.17
07:42:03,"[341.95, 19]","[337.85, 61]","[345.0, 80]","[346.23, 52]",343.47,212,3.05,-0.25
07:42:04,"[343.0, 12]","[338.0, 48]","[345.67, 36]","[350.67, 36]",344.33,132,2.67,-0.09
07:42:05,"[343.0, 6]","[338.0, 24]","[349.0, 6]","[351.0, 30]",346.0,66,6.0,-0.09
07:42:06,"[333.11, 18]","[329.77, 35]","[348.1, 49]","[350.52, 33]",340.61,135,14.99,-0.21
07:42:07,"[336.48, 54]","[329.3, 23]","[346.95, 60]","[348.86, 73]",341.72,210,10.47,-0.27
07:42:08,"[344.0, 51]","[330.0, 26]","[346.11, 36]","[350.1, 29]",345.06,142,2.11,0.08
07:42:09,"[344.0, 7]","[337.86, 42]","[351.0, 35]","[357.0, 35]",347.5,119,7.0,-0.18
07:42:10,"[344.0, 7]","[341.0, 70]","[351.0, 35]","[357.0, 35]",347.5,147,7.0,0.05
07:42:11,"[344.0, 33]","[332.55, 51]","[351.0, 50]","[357.0, 50]",347.5,184,7.0,-0.09
07:42:12,"[344.0, 18]","[331.0, 90]","[351.0, 45]","[357.0, 45]",347.5,198,7.0,0.09
07:42:13,"[344.0, 24]","[330.23, 43]","[351.57, 53]","[357.07, 58]",347.78,178,7.57,-0.25
07:42:14,"[331.14, 22]","[328.47, 47]","[351.0, 40]","[357.0, 40]",341.07,149,19.86,-0.07
07:42:15,"[339.7, 40]","[331.0, 12]","[347.67, 48]","[354.82, 44]",343.68,144,7.97,-0.28
07:42:16,"[334.0, 12]","[333.0, 6]","[351.0, 24]","[357.0, 28]",342.5,70,17.0,-0.49
07:42:17,"[335.18, 34]","[332.91, 44]","[350.82, 34]","[355.35, 80]",343.0,192,15.65,-0.19
07:42:18,"[336.48, 50]","[333.24, 42]","[350.0, 13]","[352.0, 52]",343.24,157,13.52,0.17
07:42:19,"[336.64, 28]","[333.27, 44]","[349.07, 14]","[352.0, 56]",342.86,142,12.43,0.01
07:42:20,"[337.17, 24]","[331.75, 48]","[348.17, 12]","[351.67, 48]",342.67,132,11.0,0.09
07:42:21,"[337.84, 98]","[333.33, 36]","[344.06, 36]","[347.69, 32]",340.95,202,6.22,0.33
07:42:22,"[338.0, 102]","[333.09, 44]","[348.31, 59]","[352.16, 31]",343.15,236,10.31,0.24
07:42:23,"[339.0, 44]","[338.0, 66]","[352.2, 30]","[355.44, 36]",345.6,176,13.2,0.25
07:42:24,"[340.1, 49]","[338.0, 78]","[349.0, 26]","[355.0, 52]",344.55,205,8.9,0.24
07:42:25,"[341.0, 12]","[338.0, 72]","[345.67, 27]","[354.89, 36]",343.33,147,4.67,0.14
07:42:26,"[338.6, 35]","[336.8, 70]","[342.0, 24]","[351.86, 28]",340.3,157,3.4,0.34
07:42:27,"[338.49, 55]","[336.69, 64]","[342.0, 16]","[353.0, 32]",340.25,167,3.51,0.43
07:42:28,"[339.0, 44]","[338.0, 44]","[349.8, 20]","[354.77, 26]",344.4,134,10.8,0.31
07:42:29,"[340.44, 25]","[338.56, 36]","[354.0, 27]","[355.0, 44]",347.22,132,13.56,-0.08
07:42:30,"[343.0, 27]","[339.0, 28]","[354.0, 21]","[355.0, 42]",348.5,118,11.0,-0.07
07:42:31,"[343.0, 9]","[339.47, 15]","[354.0, 27]","[355.0, 24]",348.5,75,11.0,-0.36
07:42:32,"[340.0, 16]","[339.0, 48]","[352.94, 47]","[354.88, 69]",346.47,180,12.94,-0.29
07:42:33,"[340.0, 10]","[339.0, 30]","[351.6, 40]","[354.0, 20]",345.8,100,11.6,-0.2
07:42:34,"[340.0, 7]","[339.0, 21]","[349.14, 28]","[350.15, 26]",344.57,82,9.14,-0.32
07:42:35,"[340.83, 59]","[339.19, 37]","[345.75, 73]","[347.66, 70]",343.29,239,4.92,-0.2
07:42:36,"[341.0, 48]","[340.0, 32]","[342.75, 48]","[343.79, 57]",341.88,185,1.75,-0.14
07:42:37,"[340.41, 82]","[339.55, 88]","[343.29, 34]","[349.83, 47]",341.85,251,2.88,0.35
07:42:38,"[343.88, 41]","[340.73, 30]","[352.0, 32]","[357.36, 56]",347.94,159,8.12,-0.11
07:42:39,"[345.0, 29]","[340.0, 10]","[352.0, 20]","[357.0, 30]",348.5,89,7.0,-0.12
07:42:40,"[340.0, 6]","[339.0, 36]","[352.0, 12]","[357.0, 18]",346.0,72,12.0,0.17
07:42:41,"[340.0, 6]","[339.0, 36]","[352.0, 12]","[357.0, 18]",346.0,72,12.0,0.17
07:42:42,"[339.67, 18]","[337.1, 31]","[352.0, 16]","[357.0, 39]",345.83,104,12.33,-0.06
07:42:43,"[339.0, 12]","[334.0, 36]","[352.0, 24]","[357.0, 36]",345.5,108,13.0,-0.11
07:42:44,"[332.47, 30]","[331.18, 80]","[352.0, 12]","[357.0, 18]",342.23,140,19.53,0.57
07:42:45,"[333.71, 28]","[331.03, 99]","[352.45, 33]","[357.2, 20]",343.08,180,18.74,0.41
07:42:46,"[334.0, 103]","[330.12, 129]","[352.0, 65]","[357.0, 39]",343.0,336,18.0,0.38
07:42:47,"[334.83, 35]","[331.87, 105]","[352.0, 60]","[357.0, 36]",343.41,236,17.17,0.19
07:42:48,"[345.0, 17]","[334.94, 34]","[351.95, 79]","[356.09, 55]",348.47,185,6.95,-0.45
07:42:49,"[345.0, 9]","[335.0, 18]","[350.11, 18]","[352.0, 45]",347.56,90,5.11,-0.4
07:42:50,"[345.0, 10]","[336.67, 15]","[349.0, 20]","[352.4, 50]",347.0,95,4.0,-0.47
07:42:51,"[340.33, 15]","[336.0, 17]","[355.24, 38]","[357.28, 46]",347.79,116,14.9,-0.45
07:42:52,"[341.93, 28]","[338.12, 32]","[356.66, 35]","[359.11, 38]",349.29,133,14.73,-0.1
07:42:53,"[340.0, 28]","[335.75, 64]","[353.88, 26]","[354.27, 33]",346.94,151,13.88,0.22
07:42:54,"[340.88, 34]","[339.41, 34]","[349.32, 19]","[351.16, 49]",345.1,136,8.43,0.0
07:42:55,"[342.0, 34]","[340.0, 34]","[346.64, 25]","[347.37, 43]",344.32,136,4.64,0.0
07:42:56,"[342.0, 26]","[340.0, 26]","[343.69, 13]","[345.29, 17]",342.85,82,1.69,0.27
07:42:57,"[334.81, 54]","[332.1, 206]","[340.5, 18]","[352.25, 24]",337.66,302,5.69,0.72
07:42:58,"[333.0, 51]","[330.0, 22]","[339.0, 11]","[353.0, 22]",336.0,106,6.0,0.38
07:42:59,"[333.0, 45]","[330.0, 18]","[337.67, 9]","[353.0, 18]",335.33,90,4.67,0.4
07:43:00,"[333.96, 137]","[331.79, 42]","[335.31, 13]","[352.67, 24]",334.64,216,1.34,0.66
07:43:01,"[334.44, 176]","[330.88, 58]","[349.94, 16]","[352.5, 16]",342.19,266,15.5,0.76
07:43:02,"[335.0, 143]","[332.0, 13]","[350.22, 45]","[352.38, 13]",342.61,214,15.22,0.46
07:43:03,"[337.69, 98]","[335.48, 203]","[348.47, 58]","[349.73, 67]",343.08,426,10.77,0.41
07:43:04,"[341.37, 89]","[339.43, 147]","[344.53, 30]","[349.77, 70]",342.95,336,3.16,0.4
07:43:05,"[342.17, 48]","[341.24, 63]","[349.62, 32]","[351.25, 16]",345.9,159,7.46,0.4
07:43:06,"[344.67, 30]","[342.0, 75]","[350.0, 15]","[352.0, 15]",347.33,135,5.33,0.56
07:43:07,"[345.0, 20]","[342.0, 50]","[350.0, 10]","[352.0, 10]",347.5,90,5.0,0.56
07:43:08,"[345.0, 26]","[342.0, 65]","[349.23, 13]","[350.62, 13]",347.12,117,4.23,0.56
07:43:09,"[345.0, 14]","[342.0, 35]","[348.0, 7]","[351.43, 7]",346.5,63,3.0,0.56
07:43:10,"[344.55, 33]","[341.9, 61]","[346.67, 36]","[348.17, 18]",345.61,148,2.12,0.27
07:43:11,"[342.0, 70]","[341.0, 84]","[345.38, 32]","[345.73, 22]",343.69,208,3.38,0.48
07:43:12,"[342.0, 23]","[341.0, 30]","[343.29, 7]","[344.5, 12]",342.64,72,1.29,0.47
07:43:13,"[341.21, 28]","[340.27, 135]","[344.69, 32]","[355.0, 50]",342.95,245,3.47,0.33
07:43:14,"[341.0, 18]","[340.0, 99]","[354.78, 27]","[360.0, 54]",347.89,198,13.78,0.18
07:43:15,"[341.0, 10]","[339.79, 28]","[355.0, 15]","[360.0, 30]",348.0,83,14.0,-0.08
07:43:16,"[340.21, 48]","[338.43, 53]","[355.0, 42]","[360.0, 84]",347.6,227,14.79,-0.11
07:43:17,"[340.0, 40]","[339.0, 32]","[355.0, 24]","[360.0, 48]",347.5,144,15.0,0.0
07:43:18,"[340.5, 40]","[339.43, 35]","[355.0, 24]","[360.0, 48]",347.75,147,14.5,0.02
07:43:19,"[342.0, 65]","[340.0, 65]","[355.0, 39]","[360.0, 78]",348.5,247,13.0,0.05
07:43:20,"[342.5, 50]","[340.0, 50]","[355.0, 30]","[359.45, 44]",348.75,174,12.5,0.15
07:43:21,"[343.0, 48]","[340.0, 50]","[355.0, 30]","[358.0, 30]",349.0,158,12.0,0.24
07:43:22,"[343.35, 51]","[340.77, 47]","[355.0, 39]","[358.0, 39]",349.18,176,11.65,0.11
07:43:23,"[343.64, 28]","[340.97, 37]","[355.0, 33]","[358.0, 33]",349.32,131,11.36,-0.01
07:43:24,"[343.0, 11]","[340.0, 30]","[355.0, 18]","[358.0, 18]",349.0,77,12.0,0.06
07:43:25,"[343.0, 14]","[340.0, 70]","[355.0, 42]","[358.0, 42]",349.0,168,12.0,0.0
07:43:26,"[343.38, 13]","[340.33, 45]","[355.0, 39]","[358.0, 39]",349.19,136,11.62,-0.15
07:43:27,"[344.0, 6]","[343.0, 6]","[353.5, 16]","[357.0, 18]",348.75,46,9.5,-0.48
07:43:28,"[344.0, 15]","[343.0, 15]","[353.15, 39]","[356.8, 45]",348.58,114,9.15,-0.47
07:43:29,"[344.0, 7]","[343.0, 7]","[355.57, 21]","[358.0, 21]",349.79,56,11.57,-0.5
07:43:30,"[343.86, 7]","[341.64, 11]","[356.0, 21]","[358.0, 21]",349.93,60,12.14,-0.4
07:43:31,"[343.0, 10]","[340.0, 90]","[356.0, 30]","[358.31, 48]",349.5,178,13.0,0.12
07:43:32,"[343.0, 10]","[340.0, 130]","[353.09, 33]","[356.8, 44]",348.05,217,10.09,0.29
07:43:33,"[340.1, 114]","[339.74, 70]","[347.0, 28]","[353.71, 42]",343.55,254,6.9,0.45
07:43:34,"[340.0, 180]","[339.0, 30]","[345.27, 30]","[355.51, 41]",342.63,281,5.27,0.49
07:43:35,"[340.0, 144]","[339.0, 24]","[344.27, 30]","[344.69, 26]",342.13,224,4.27,0.5
07:43:36,"[340.0, 125]","[339.0, 30]","[341.24, 63]","[342.85, 33]",340.62,251,1.24,0.24
07:43:37,"[340.0, 39]","[338.69, 29]","[342.62, 26]","[350.0, 39]",341.31,133,2.62,0.02
07:43:38,"[340.0, 30]","[338.0, 60]","[341.7, 20]","[350.0, 30]",340.85,140,1.7,0.29
07:43:39,"[340.0, 13]","[339.0, 66]","[350.89, 36]","[356.18, 40]",345.44,155,10.89,0.02
07:43:40,"[340.22, 9]","[339.05, 44]","[355.0, 18]","[357.89, 27]",347.61,98,14.78,0.08
07:43:41,"[339.85, 81]","[338.57, 70]","[354.47, 38]","[358.3, 46]",347.16,235,14.62,0.29
07:43:42,"[340.0, 87]","[339.0, 52]","[352.82, 67]","[355.0, 26]",346.41,232,12.82,0.2
07:43:43,"[339.0, 44]","[338.0, 78]","[351.0, 44]","[355.34, 53]",345.0,219,12.0,0.11
07:43:44,"[339.0, 52]","[338.0, 41]","[349.0, 52]","[354.52, 58]",344.0,203,10.0,-0.08
07:43:45,"[339.0, 36]","[338.0, 50]","[349.0, 40]","[354.0, 40]",344.0,166,10.0,0.04
07:43:46,"[339.0, 9]","[338.0, 15]","[349.0, 12]","[354.0, 12]",344.0,48,10.0,0.0
07:43:47,"[339.0, 8]","[338.0, 40]","[349.0, 32]","[354.0, 32]",344.0,112,10.0,-0.14
07:43:48,"[338.32, 44]","[337.68, 37]","[349.0, 44]","[354.0, 44]",343.66,169,10.68,-0.04
07:43:49,"[339.0, 100]","[338.0, 50]","[348.0, 40]","[352.7, 46]",343.5,236,9.0,0.27
07:43:50,"[339.21, 94]","[338.47, 85]","[347.08, 52]","[352.0, 65]",343.14,296,7.86,0.21
07:43:51,"[339.04, 141]","[338.12, 85]","[344.5, 70]","[351.15, 78]",341.77,374,5.46,0.21
07:43:52,"[338.8, 51]","[337.82, 55]","[342.57, 54]","[347.66, 47]",340.69,207,3.77,0.02
07:43:53,"[338.0, 50]","[337.0, 26]","[350.44, 45]","[351.56, 45]",344.22,166,12.44,-0.08
07:43:54,"[341.65, 57]","[339.03, 37]","[349.42, 52]","[350.13, 62]",345.54,208,7.77,-0.1
07:43:55,"[343.0, 225]","[342.0, 60]","[346.6, 15]","[349.0, 60]",344.8,360,3.6,0.58
07:43:56,"[343.0, 221]","[342.0, 60]","[344.87, 15]","[349.16, 61]",343.93,357,1.87,0.57
07:43:57,"[343.0, 81]","[342.0, 44]","[344.0, 11]","[351.0, 55]",343.5,191,1.0,0.31
07:43:58,"[343.0, 76]","[342.0, 40]","[344.0, 10]","[352.0, 50]",343.5,176,1.0,0.32
07:43:59,"[343.0, 72]","[342.0, 40]","[345.54, 26]","[348.4, 50]",344.27,188,2.54,0.19
07:44:00,"[343.0, 36]","[342.0, 64]","[345.56, 72]","[351.17, 78]",344.28,250,2.56,-0.2
07:44:01,"[342.0, 32]","[340.8, 30]","[347.28, 43]","[352.53, 47]",344.64,152,5.28,-0.18
07:44:02,"[339.17, 24]","[337.58, 24]","[350.0, 24]","[353.92, 60]",344.58,132,10.83,-0.27
07:44:03,"[338.0, 32]","[337.0, 46]","[348.94, 32]","[355.35, 85]",343.47,195,10.94,-0.2
07:44:04,"[337.53, 38]","[332.67, 108]","[346.19, 62]","[352.71, 70]",341.86,278,8.67,0.05
07:44:05,"[331.83, 151]","[329.85, 119]","[345.6, 81]","[346.73, 37]",338.72,388,13.77,0.39
07:44:06,"[331.0, 182]","[326.0, 42]","[341.93, 82]","[342.5, 30]",336.46,336,10.93,0.33
07:44:07,"[331.0, 156]","[326.0, 36]","[337.67, 60]","[342.0, 60]",334.33,312,6.67,0.23
07:44:08,"[331.0, 156]","[328.64, 25]","[337.0, 60]","[342.0, 36]",334.0,277,6.0,0.31
07:44:09,"[331.0, 156]","[329.0, 24]","[335.32, 50]","[336.2, 49]",333.16,279,4.32,0.29
07:44:10,"[331.0, 169]","[329.0, 26]","[332.89, 54]","[334.92, 50]",331.94,299,1.89,0.3
07:44:11,"[331.04, 108]","[330.24, 42]","[333.05, 37]","[335.5, 16]",332.05,203,2.02,0.48
07:44:12,"[331.96, 134]","[330.89, 74]","[334.62, 16]","[335.93, 43]",333.29,267,2.66,0.56
07:44:13,"[333.23, 93]","[332.21, 178]","[335.76, 37]","[337.65, 51]",334.49,359,2.53,0.51
07:44:14,"[334.51, 118]","[326.53, 47]","[336.17, 58]","[341.39, 31]",335.34,254,1.66,0.3
07:44:15,"[324.0, 26]","[323.0, 134]","[341.0, 26]","[345.0, 39]",332.5,225,17.0,0.42
07:44:16,"[324.0, 18]","[323.0, 90]","[341.0, 18]","[345.0, 27]",332.5,153,17.0,0.41
07:44:17,"[324.0, 22]","[322.0, 11]","[341.0, 22]","[345.0, 33]",332.5,88,17.0,-0.25
07:44:18,"[326.05, 19]","[322.86, 14]","[341.0, 18]","[345.0, 27]",333.53,78,14.95,-0.15
07:44:19,"[337.0, 33]","[323.82, 22]","[341.0, 22]","[345.0, 33]",339.0,110,4.0,0.0
07:44:20,"[337.31, 26]","[327.33, 24]","[341.0, 24]","[345.0, 36]",339.15,110,3.69,-0.09
07:44:21,"[339.52, 21]","[337.1, 21]","[342.44, 25]","[346.09, 33]",340.98,100,2.92,-0.16
07:44:22,"[340.9, 87]","[339.0, 11]","[345.0, 33]","[349.0, 33]",342.95,164,4.1,0.2
07:44:23,"[341.07, 41]","[339.0, 13]","[344.85, 39]","[348.38, 39]",342.96,132,3.77,-0.18
07:44:24,"[342.0, 12]","[338.56, 18]","[344.0, 36]","[347.0, 40]",343.0,106,2.0,-0.43
07:44:25,"[342.0, 11]","[338.0, 11]","[343.73, 33]","[350.5, 56]",342.86,111,1.73,-0.6
07:44:26,"[338.67, 6]","[337.09, 11]","[350.35, 26]","[351.96, 25]",344.51,68,11.68,-0.5
07:44:27,"[338.87, 52]","[337.26, 19]","[351.95, 74]","[352.68, 44]",345.41,189,13.08,-0.25
07:44:28,"[339.0, 81]","[338.0, 9]","[350.0, 18]","[351.62, 37]",344.5,145,11.0,0.24
07:44:29,"[339.0, 99]","[338.0, 11]","[350.0, 22]","[351.0, 55]",344.5,187,11.0,0.18
07:44:30,"[339.0, 117]","[338.0, 13]","[350.0, 26]","[351.0, 65]",344.5,221,11.0,0.18
07:44:31,"[339.04, 109]","[338.35, 23]","[348.71, 51]","[350.41, 68]",343.87,251,9.67,0.05
07:44:32,"[341.0, 12]","[339.0, 48]","[345.88, 33]","[346.88, 43]",343.44,136,4.88,-0.12
07:44:33,"[337.21, 95]","[335.95, 73]","[340.16, 43]","[342.22, 49]",338.69,260,2.95,0.29
07:44:34,"[337.0, 28]","[336.0, 154]","[338.29, 70]","[340.0, 28]",337.64,280,1.29,0.3
07:44:35,"[336.23, 56]","[334.98, 44]","[342.41, 37]","[351.54, 39]",339.32,176,6.17,0.14
07:44:36,"[338.0, 63]","[336.0, 54]","[350.29, 51]","[351.43, 49]",344.15,217,12.29,0.08
07:44:37,"[338.0, 91]","[336.0, 78]","[350.0, 91]","[351.0, 65]",344.0,325,12.0,0.04
07:44:38,"[338.38, 56]","[336.0, 48]","[350.0, 56]","[351.0, 22]",344.19,182,11.62,0.14
07:44:39,"[340.53, 119]","[336.08, 72]","[349.91, 115]","[350.81, 72]",345.22,378,9.38,0.01
07:44:40,"[342.0, 102]","[337.0, 15]","[348.47, 75]","[350.0, 119]",345.23,311,6.47,-0.25
07:44:41,"[342.0, 36]","[337.0, 9]","[347.0, 45]","[350.24, 33]",344.5,123,5.0,-0.27
07:44:42,"[342.0, 36]","[337.0, 9]","[346.89, 45]","[351.56, 18]",344.44,108,4.89,-0.17
07:44:43,"[342.0, 52]","[337.0, 13]","[343.46, 65]","[352.79, 56]",342.73,186,1.46,-0.3
07:44:44,"[339.4, 25]","[336.12, 48]","[351.67, 75]","[353.61, 36]",345.53,184,12.27,-0.21
07:44:45,"[339.0, 13]","[337.0, 13]","[353.0, 65]","[354.0, 26]",346.0,117,14.0,-0.56
07:44:46,"[336.53, 17]","[330.75, 73]","[352.14, 70]","[353.14, 58]",344.34,218,15.61,-0.17
07:44:47,"[333.0, 12]","[330.0, 102]","[351.91, 110]","[353.6, 50]",342.45,274,18.91,-0.17
07:44:48,"[334.23, 13]","[330.86, 7]","[349.5, 34]","[351.57, 35]",341.87,89,15.27,-0.55
07:44:49,"[336.85, 73]","[334.37, 27]","[347.0, 48]","[349.0, 60]",341.92,208,10.15,-0.04
07:44:50,"[338.85, 104]","[334.27, 37]","[345.96, 54]","[347.15, 66]",342.4,261,7.12,0.08
07:44:51,"[340.0, 90]","[336.0, 27]","[344.11, 27]","[346.0, 45]",342.06,189,4.11,0.24
07:44:52,"[340.33, 39]","[339.64, 99]","[344.0, 36]","[346.0, 60]",342.17,234,3.67,0.18
07:44:53,"[340.27, 81]","[339.36, 131]","[343.45, 65]","[345.97, 64]",341.86,341,3.17,0.24
07:44:54,"[340.0, 128]","[336.0, 48]","[342.12, 52]","[344.63, 38]",341.06,266,2.12,0.32
07:44:55,"[340.0, 63]","[336.0, 36]","[341.68, 22]","[344.57, 23]",340.84,144,1.68,0.38
07:44:56,"[339.71, 42]","[335.91, 43]","[341.0, 14]","[351.43, 28]",340.36,127,1.29,0.34
07:44:57,"[336.42, 33]","[335.39, 46]","[340.15, 13]","[350.62, 26]",338.29,118,3.73,0.34
07:44:58,"[336.19, 97]","[335.39, 72]","[339.1, 21]","[348.26, 39]",337.64,229,2.91,0.48
07:44:59,"[336.0, 78]","[335.0, 52]","[341.52, 21]","[346.69, 59]",338.76,210,5.52,0.24
07:45:00,"[335.64, 33]","[334.42, 31]","[346.0, 50]","[350.0, 20]",340.82,134,10.36,-0.04
07:45:01,"[335.0, 32]","[329.0, 8]","[346.0, 40]","[350.0, 16]",340.5,96,11.0,-0.17
07:45:02,"[335.02, 41]","[330.29, 14]","[346.0, 55]","[350.0, 22]",340.51,132,10.98,-0.17
07:45:03,"[337.64, 11]","[335.11, 38]","[346.0, 55]","[350.0, 22]",341.82,126,8.36,-0.22
07:45:04,"[341.0, 17]","[337.0, 17]","[346.0, 85]","[350.0, 34]",343.5,153,5.0,-0.56
07:45:05,"[341.0, 12]","[337.32, 38]","[346.0, 60]","[350.0, 24]",343.5,134,5.0,-0.25
07:45:06,"[341.0, 9]","[338.0, 36]","[346.0, 45]","[350.0, 18]",343.5,108,5.0,-0.17
07:45:07,"[341.0, 14]","[338.0, 56]","[345.67, 30]","[347.24, 58]",343.33,158,4.67,-0.11
07:45:08,"[341.0, 9]","[338.0, 36]","[345.0, 9]","[348.0, 45]",343.0,99,4.0,-0.09
07:45:09,"[341.0, 10]","[338.0, 40]","[343.8, 10]","[347.4, 47]",342.4,107,2.8,-0.07
07:45:10,"[341.0, 11]","[338.0, 44]","[342.45, 11]","[349.0, 22]",341.73,88,1.45,0.25
07:45:11,"[338.07, 41]","[336.24, 34]","[349.95, 43]","[353.36, 47]",344.01,165,11.88,-0.09
07:45:12,"[337.56, 36]","[335.57, 37]","[353.0, 22]","[355.0, 100]",345.28,195,15.44,-0.25
07:45:13,"[336.0, 8]","[335.0, 16]","[354.88, 32]","[355.95, 19]",345.44,75,18.88,-0.36
07:45:14,"[336.0, 18]","[335.0, 36]","[354.93, 83]","[356.41, 34]",345.46,171,18.93,-0.37
07:45:15,"[336.0, 22]","[335.0, 44]","[352.38, 37]","[353.65, 54]",344.19,157,16.38,-0.16
07:45:16,"[336.69, 26]","[335.0, 47]","[349.98, 49]","[351.82, 79]",343.34,201,13.29,-0.27
07:45:17,"[342.0, 144]","[337.0, 48]","[348.6, 45]","[349.72, 39]",345.3,276,6.6,0.39
07:45:18,"[342.0, 106]","[338.5, 16]","[346.17, 29]","[348.9, 62]",344.09,213,4.17,0.15
07:45:19,"[341.17, 29]","[337.36, 39]","[344.27, 51]","[348.12, 34]",342.72,153,3.1,-0.11
07:45:20,"[338.11, 27]","[335.5, 72]","[344.74, 38]","[346.0, 38]",341.42,175,6.63,0.13
07:45:21,"[337.0, 48]","[328.0, 48]","[342.0, 32]","[343.38, 32]",339.5,160,5.0,0.2
07:45:22,"[337.05, 44]","[333.82, 56]","[339.69, 32]","[344.11, 38]",338.37,170,2.64,0.18
07:45:23,"[336.75, 36]","[334.75, 48]","[338.6, 20]","[348.07, 58]",337.68,162,1.85,0.04
07:45:24,"[336.0, 42]","[329.33, 60]","[338.43, 23]","[347.15, 47]",337.22,172,2.43,0.19
07:45:25,"[336.0, 26]","[328.0, 40]","[337.0, 20]","[348.11, 38]",336.5,124,1.0,0.06
07:45:26,"[337.05, 19]","[327.42, 26]","[348.74, 62]","[351.19, 59]",342.9,166,11.69,-0.46
07:45:27,"[337.67, 24]","[327.12, 59]","[345.8, 90]","[350.37, 60]",341.73,233,8.13,-0.29
07:45:28,"[328.0, 12]","[327.0, 84]","[329.0, 36]","[350.62, 56]",328.5,188,1.0,0.02
07:45:29,"[328.0, 31]","[327.0, 59]","[329.0, 28]","[348.0, 12]",328.5,130,1.0,0.38
07:45:30,"[328.0, 27]","[327.0, 25]","[329.0, 18]","[350.8, 45]",328.5,115,1.0,-0.1
07:45:31,"[328.0, 21]","[327.0, 7]","[329.0, 14]","[351.0, 49]",328.5,91,1.0,-0.38
07:45:32,"[328.0, 42]","[327.0, 9]","[329.0, 18]","[350.25, 51]",328.5,120,1.0,-0.15
07:45:33,"[328.0, 40]","[327.0, 5]","[329.0, 10]","[330.0, 5]",328.5,60,1.0,0.5
07:45:34,"[328.0, 55]","[326.45, 85]","[329.14, 21]","[336.0, 14]",328.57,175,1.14,0.6
07:45:35,"[329.15, 34]","[327.62, 64]","[332.0, 10]","[346.8, 40]",330.57,148,2.85,0.32
07:45:36,"[329.69, 39]","[327.53, 76]","[343.74, 23]","[347.65, 46]",336.72,184,14.05,0.25
07:45:37,"[328.7, 43]","[327.43, 105]","[350.0, 70]","[351.0, 56]",339.35,274,21.3,0.08
07:45:38,"[336.32, 19]","[330.4, 20]","[350.0, 35]","[351.0, 28]",343.16,102,13.68,-0.24
07:45:39,"[338.27, 33]","[337.36, 25]","[350.0, 55]","[351.0, 44]",344.14,157,11.73,-0.26
07:45:40,"[338.0, 18]","[337.0, 12]","[350.0, 30]","[351.0, 24]",344.0,84,12.0,-0.29
07:45:41,"[338.0, 30]","[337.0, 20]","[350.0, 50]","[351.0, 40]",344.0,140,12.0,-0.29
07:45:42,"[338.37, 38]","[337.57, 37]","[349.93, 75]","[350.92, 61]",344.15,211,11.56,-0.29
07:45:43,"[339.59, 29]","[338.5, 44]","[347.84, 95]","[350.0, 95]",343.71,263,8.26,-0.44
07:45:44,"[338.43, 28]","[337.23, 26]","[346.43, 70]","[350.0, 70]",342.43,194,8.0,-0.44
07:45:45,"[338.0, 30]","[337.0, 32]","[345.11, 88]","[353.23, 65]",341.56,215,7.11,-0.42
07:45:46,"[335.8, 20]","[336.79, 19]","[344.0, 50]","[345.0, 20]",339.9,109,8.2,-0.28
07:45:47,"[334.0, 107]","[333.0, 13]","[344.0, 73]","[348.23, 26]",339.0,219,10.0,0.1
07:45:48,"[335.0, 75]","[334.0, 108]","[344.0, 75]","[351.0, 95]",339.5,353,9.0,0.04
07:45:49,"[335.94, 80]","[334.0, 128]","[343.88, 80]","[351.0, 121]",339.91,409,7.94,0.02
07:45:50,"[338.9, 132]","[335.07, 112]","[343.0, 85]","[351.0, 95]",340.95,424,4.1,0.15
07:45:51,"[340.0, 165]","[337.0, 87]","[343.0, 75]","[351.0, 75]",341.5,402,3.0,0.25
07:45:52,"[340.0, 159]","[337.0, 79]","[343.0, 70]","[351.23, 52]",341.5,360,3.0,0.32
07:45:53,"[340.0, 144]","[337.0, 9]","[342.18, 39]","[344.5, 36]",341.09,228,2.18,0.34
07:45:54,"[340.0, 119]","[337.0, 10]","[342.34, 41]","[348.11, 54]",341.17,224,2.34,0.15
07:45:55,"[340.0, 40]","[337.0, 8]","[351.9, 39]","[354.0, 40]",345.95,127,11.9,-0.24
07:45:56,"[340.0, 65]","[337.0, 18]","[350.04, 100]","[353.26, 62]",345.02,245,10.04,-0.32
07:45:57,"[340.0, 70]","[337.0, 84]","[348.57, 14]","[350.0, 122]",344.29,290,8.57,0.06
07:45:58,"[340.1, 20]","[337.03, 100]","[346.65, 20]","[349.89, 84]",343.38,224,6.55,0.07
07:45:59,"[342.0, 18]","[340.0, 18]","[344.56, 18]","[351.56, 90]",343.28,144,2.56,-0.5
07:46:00,"[339.14, 14]","[335.91, 22]","[341.5, 34]","[353.21, 66]",340.32,136,2.36,-0.47
07:46:01,"[337.0, 42]","[335.0, 42]","[340.21, 70]","[354.0, 82]",338.61,236,3.21,-0.29
07:46:02,"[337.0, 21]","[335.0, 39]","[339.11, 45]","[341.86, 63]",338.06,168,2.11,-0.29
07:46:03,"[336.57, 14]","[334.92, 36]","[338.05, 58]","[340.0, 36]",337.31,144,1.48,-0.31
07:46:04,"[335.0, 46]","[334.0, 48]","[338.24, 51]","[346.88, 48]",336.62,193,3.24,-0.03
07:46:05,"[334.14, 42]","[330.57, 21]","[336.4, 45]","[345.93, 45]",335.27,153,2.26,-0.18
07:46:06,"[334.0, 35]","[328.0, 11]","[335.27, 33]","[348.0, 33]",334.64,112,1.27,-0.18
07:46:07,"[334.0, 10]","[328.0, 10]","[349.27, 22]","[350.67, 21]",341.64,63,15.27,-0.37
07:46:08,"[325.6, 65]","[325.1, 20]","[343.35, 65]","[345.71, 49]",334.48,199,17.75,-0.15
07:46:09,"[325.0, 54]","[324.0, 9]","[328.0, 9]","[344.78, 41]",326.5,113,3.0,0.12
07:46:10,"[325.55, 44]","[324.94, 53]","[328.0, 11]","[330.0, 33]",326.77,141,2.45,0.38
07:46:11,"[326.0, 27]","[324.78, 9]","[328.0, 9]","[331.0, 36]",327.0,81,2.0,-0.11
07:46:12,"[325.5, 32]","[322.25, 57]","[328.0, 12]","[331.0, 48]",326.75,149,2.5,0.19
07:46:13,"[324.0, 36]","[322.0, 270]","[326.44, 18]","[328.0, 18]",325.22,342,2.44,0.79
07:46:14,"[325.8, 25]","[322.06, 141]","[330.25, 32]","[344.8, 60]",328.02,258,4.45,0.29
07:46:15,"[329.0, 42]","[322.0, 103]","[331.0, 56]","[345.91, 97]",330.0,298,2.0,-0.03
07:46:16,"[329.91, 131]","[326.97, 29]","[331.0, 32]","[345.0, 33]",330.45,225,1.09,0.42
07:46:17,"[329.9, 125]","[327.04, 25]","[337.46, 13]","[345.32, 31]",333.68,194,7.56,0.55
07:46:18,"[328.56, 34]","[323.64, 22]","[345.0, 30]","[346.0, 86]",336.78,172,16.44,-0.35
07:46:19,"[330.12, 199]","[327.46, 41]","[345.95, 132]","[349.78, 74]",338.04,446,15.83,0.08
07:46:20,"[331.09, 181]","[330.5, 104]","[345.07, 45]","[346.12, 166]",338.08,496,13.98,0.15
07:46:21,"[335.29, 112]","[331.22, 194]","[340.53, 73]","[342.59, 130]",337.91,509,5.24,0.2
07:46:22,"[337.52, 29]","[336.2, 95]","[341.0, 90]","[345.0, 72]",339.26,286,3.48,-0.13
07:46:23,"[339.77, 13]","[338.0, 13]","[341.0, 65]","[345.0, 52]",340.38,143,1.23,-0.64
07:46:24,"[340.0, 28]","[338.0, 12]","[341.55, 58]","[345.67, 48]",340.78,146,1.55,-0.45
07:46:25,"[339.56, 36]","[329.32, 38]","[345.0, 40]","[349.0, 40]",342.28,154,5.44,-0.04
07:46:26,"[336.0, 24]","[327.0, 180]","[344.17, 23]","[345.6, 40]",340.09,267,8.17,0.53
07:46:27,"[336.0, 30]","[326.98, 141]","[341.67, 27]","[343.85, 41]",338.83,239,5.67,0.43
07:46:28,"[336.0, 40]","[328.23, 104]","[341.61, 28]","[344.88, 68]",338.8,240,5.61,0.2
07:46:29,"[336.91, 86]","[334.1, 42]","[341.53, 17]","[345.0, 68]",339.22,213,4.62,0.2
07:46:30,"[337.94, 96]","[336.6, 40]","[341.0, 16]","[345.0, 64]",339.47,216,3.06,0.26
07:46:31,"[338.93, 84]","[336.82, 44]","[347.55, 44]","[348.33, 84]",343.24,256,8.62,0.0
07:46:32,"[342.38, 13]","[338.06, 36]","[349.82, 39]","[350.26, 76]",346.1,164,7.44,-0.4
07:46:33,"[341.43, 35]","[339.33, 43]","[348.0, 11]","[350.47, 53]",344.71,142,6.57,0.1
07:46:34,"[341.0, 65]","[337.0, 39]","[345.43, 54]","[347.0, 48]",343.21,206,4.43,0.01
07:46:35,"[339.22, 54]","[336.53, 34]","[342.21, 34]","[343.88, 41]",340.71,163,2.98,0.08
07:46:36,"[337.0, 36]","[336.0, 24]","[341.42, 12]","[344.0, 48]",339.21,120,4.42,0.0
07:46:37,"[337.0, 51]","[336.0, 34]","[339.34, 53]","[342.88, 32]",338.17,170,2.34,0.0
07:46:38,"[336.61, 41]","[335.67, 27]","[339.0, 64]","[341.0, 16]",337.8,148,2.39,-0.08
07:46:39,"[334.0, 56]","[331.0, 14]","[339.0, 34]","[341.0, 14]",336.5,118,5.0,0.19
07:46:40,"[336.36, 75]","[333.79, 56]","[338.0, 34]","[344.86, 29]",337.18,194,1.64,0.35
07:46:41,"[335.33, 18]","[333.0, 19]","[344.0, 20]","[348.48, 31]",339.67,88,8.67,-0.16
07:46:42,"[334.0, 14]","[327.0, 7]","[348.48, 31]","[352.32, 38]",341.24,90,14.48,-0.53
07:46:43,"[333.8, 15]","[326.62, 8]","[349.0, 40]","[356.0, 48]",341.4,111,15.2,-0.59
07:46:44,"[338.27, 22]","[333.1, 21]","[348.26, 39]","[350.25, 67]",343.26,149,9.98,-0.42
07:46:45,"[336.8, 20]","[332.05, 19]","[346.85, 26]","[348.0, 13]",341.82,78,10.05,0.0
07:46:46,"[332.33, 18]","[326.5, 12]","[346.0, 34]","[347.08, 12]",339.17,76,13.67,-0.21
07:46:47,"[327.52, 23]","[325.58, 33]","[339.48, 42]","[339.34, 41]",333.5,139,11.95,-0.19
07:46:48,"[327.0, 19]","[325.0, 90]","[332.76, 42]","[333.55, 66]",329.88,217,5.76,0.0
07:46:49,"[325.06, 68]","[323.06, 34]","[332.0, 26]","[333.0, 91]",328.53,219,6.94,-0.07
07:46:50,"[325.59, 131]","[324.0, 54]","[328.75, 32]","[331.85, 52]",327.17,269,3.16,0.38
07:46:51,"[325.45, 80]","[322.83, 24]","[332.4, 20]","[342.67, 12]",328.92,136,6.95,0.53
07:46:52,"[328.06, 106]","[326.94, 128]","[333.0, 13]","[343.16, 43]",330.53,290,4.94,0.61
07:46:53,"[329.73, 132]","[326.85, 142]","[335.7, 20]","[342.19, 52]",332.71,346,5.97,0.58
07:46:54,"[327.75, 120]","[320.62, 52]","[342.0, 36]","[343.0, 60]",334.88,268,14.25,0.28
07:46:55,"[337.0, 30]","[328.0, 100]","[342.0, 30]","[343.1, 42]",339.5,202,5.0,0.29
07:46:56,"[337.0, 36]","[328.0, 120]","[341.6, 20]","[342.43, 28]",339.3,204,4.6,0.53
07:46:57,"[337.71, 70]","[329.12, 80]","[341.0, 12]","[342.55, 33]",339.36,195,3.29,0.54
07:46:58,"[338.63, 82]","[337.0, 22]","[341.0, 11]","[345.0, 22]",339.82,137,2.37,0.52
07:46:59,"[340.0, 51]","[337.3, 20]","[341.0, 10]","[345.0, 20]",340.5,101,1.0,0.41
07:47:00,"[340.0, 55]","[338.09, 22]","[341.0, 11]","[345.0, 19]",340.5,107,1.0,0.44
07:47:01,"[340.0, 35]","[339.0, 14]","[341.0, 7]","[345.0, 7]",340.5,63,1.0,0.56
07:47:02,"[340.0, 50]","[339.0, 20]","[341.0, 10]","[345.0, 27]",340.5,107,1.0,0.31
07:47:03,"[339.32, 19]","[335.27, 44]","[341.0, 9]","[344.0, 60]",340.16,132,1.68,-0.05
07:47:04,"[337.55, 11]","[334.05, 128]","[341.55, 31]","[343.77, 43]",339.55,213,4.0,0.31
07:47:05,"[337.0, 6]","[334.0, 108]","[343.96, 49]","[345.3, 20]",340.48,183,6.96,0.25
07:47:06,"[337.0, 11]","[334.0, 198]","[343.0, 22]","[344.0, 56]",340.0,287,6.0,0.46
07:47:07,"[337.0, 7]","[334.0, 126]","[343.0, 14]","[344.0, 28]",340.0,175,6.0,0.52
07:47:08,"[337.0, 12]","[334.0, 216]","[340.63, 27]","[342.09, 35]",338.81,290,3.63,0.57
07:47:09,"[334.03, 107]","[326.0, 54]","[337.31, 26]","[339.0, 26]",335.67,213,3.28,0.51
07:47:10,"[327.83, 70]","[321.56, 27]","[332.76, 34]","[334.88, 34]",330.3,165,4.94,0.18
07:47:11,"[323.08, 13]","[321.09, 33]","[333.0, 22]","[337.0, 22]",328.04,90,9.92,0.02
07:47:12,"[332.93, 56]","[322.03, 29]","[335.75, 32]","[339.79, 19]",334.34,136,2.82,0.25
07:47:13,"[335.79, 82]","[333.88, 41]","[337.88, 16]","[341.45, 53]",336.83,192,2.08,0.28
07:47:14,"[336.0, 112]","[335.0, 8]","[339.0, 8]","[341.0, 40]",337.5,168,3.0,0.43
07:47:15,"[336.0, 28]","[335.0, 2]","[339.0, 2]","[341.0, 10]",337.5,42,3.0,0.43
07:47:16,"[336.62, 42]","[335.98, 100]","[339.0, 9]","[341.0, 45]",337.81,196,2.38,0.45
07:47:17,"[336.06, 130]","[335.76, 37]","[340.91, 47]","[348.04, 46]",338.49,260,4.85,0.28
07:47:18,"[336.07, 45]","[335.93, 45]","[341.0, 30]","[350.0, 24]",338.53,144,4.93,0.25
07:47:19,"[339.83, 18]","[336.03, 115]","[341.0, 55]","[350.0, 44]",340.42,232,1.17,0.15
07:47:20,"[340.0, 14]","[336.25, 80]","[341.0, 35]","[351.0, 28]",340.5,157,1.0,0.2
07:47:21,"[338.37, 43]","[336.34, 118]","[341.0, 75]","[351.0, 44]",339.69,280,2.63,0.15
07:47:22,"[338.0, 78]","[336.0, 224]","[340.94, 82]","[347.03, 73]",339.47,457,2.94,0.32
07:47:23,"[338.0, 52]","[336.0, 182]","[340.0, 13]","[341.0, 65]",339.0,312,2.0,0.5
07:47:24,"[338.0, 48]","[336.0, 168]","[339.08, 12]","[342.58, 33]",338.54,261,1.08,0.66
07:47:25,"[336.2, 164]","[335.68, 94]","[338.79, 14]","[343.0, 28]",337.49,300,2.59,0.72
07:47:26,"[336.0, 168]","[335.0, 36]","[337.75, 12]","[343.0, 24]",336.88,240,1.75,0.7
07:47:27,"[336.0, 98]","[335.0, 27]","[337.0, 9]","[343.0, 18]",336.5,152,1.0,0.64
07:47:28,"[336.0, 99]","[335.0, 33]","[343.0, 22]","[352.0, 55]",339.5,209,7.0,0.26
07:47:29,"[336.08, 88]","[335.25, 36]","[343.0, 20]","[352.4, 50]",339.54,194,6.92,0.28
07:47:30,"[337.88, 56]","[336.0, 72]","[349.18, 22]","[353.24, 34]",343.53,184,11.31,0.39
07:47:31,"[338.95, 140]","[336.0, 180]","[345.38, 53]","[352.71, 77]",342.16,450,6.43,0.42
07:47:32,"[339.0, 56]","[336.0, 72]","[343.0, 24]","[353.12, 34]",341.0,186,4.0,0.38
07:47:33,"[339.0, 63]","[336.0, 81]","[343.0, 45]","[354.0, 18]",341.0,207,4.0,0.39
07:47:34,"[340.15, 91]","[336.04, 103]","[343.0, 78]","[354.0, 26]",341.58,298,2.85,0.3
07:47:35,"[341.0, 70]","[336.34, 41]","[343.0, 60]","[354.0, 20]",342.0,191,2.0,0.16
07:47:36,"[341.0, 70]","[336.0, 90]","[343.0, 57]","[354.0, 20]",342.0,237,2.0,0.35
07:47:37,"[341.0, 77]","[336.64, 73]","[343.0, 33]","[354.0, 22]",342.0,205,2.0,0.46
07:47:38,"[341.0, 84]","[338.0, 84]","[343.0, 36]","[354.0, 24]",342.0,228,2.0,0.47
07:47:39,"[341.0, 63]","[340.0, 27]","[343.0, 27]","[354.0, 18]",342.0,135,2.0,0.33
07:47:40,"[341.0, 54]","[340.0, 30]","[343.0, 30]","[354.0, 20]",342.0,134,2.0,0.25
07:47:41,"[341.0, 52]","[340.0, 36]","[342.35, 43]","[346.55, 31]",341.67,162,1.35,0.09
07:47:42,"[339.89, 19]","[339.7, 40]","[342.56, 32]","[347.0, 33]",341.23,124,2.67,-0.05
07:47:43,"[338.26, 38]","[337.69, 51]","[342.0, 18]","[343.67, 27]",340.13,134,3.74,0.33
07:47:44,"[338.25, 95]","[337.59, 107]","[345.6, 63]","[350.63, 49]",341.93,314,7.35,0.29
07:47:45,"[338.0, 84]","[337.0, 48]","[353.67, 27]","[355.6, 30]",345.83,189,15.67,0.4
07:47:46,"[338.0, 84]","[337.0, 48]","[352.17, 12]","[354.61, 31]",345.08,175,14.17,0.51
07:47:47,"[339.93, 57]","[337.79, 97]","[350.69, 16]","[354.37, 35]",345.31,205,10.76,0.5
07:47:48,"[337.74, 77]","[336.29, 56]","[349.6, 20]","[352.77, 26]",343.67,179,11.86,0.49
07:47:49,"[337.02, 57]","[335.14, 59]","[348.63, 54]","[349.03, 33]",342.82,203,11.61,0.14
07:47:50,"[337.0, 62]","[335.0, 93]","[343.13, 61]","[344.69, 58]",340.07,274,6.13,0.13
07:47:51,"[337.0, 29]","[335.0, 84]","[339.36, 56]","[341.14, 56]",338.18,225,2.36,0.0
07:47:52,"[336.57, 35]","[335.03, 87]","[338.87, 60]","[341.44, 45]",337.72,227,2.3,0.07
07:47:53,"[335.45, 55]","[333.53, 85]","[337.79, 24]","[348.24, 41]",336.62,205,2.34,0.37
07:47:54,"[335.14, 49]","[334.0, 49]","[347.24, 21]","[352.67, 54]",341.19,173,12.1,0.13
07:47:55,"[335.0, 30]","[328.0, 5]","[354.45, 22]","[355.8, 25]",344.73,82,19.45,-0.15
07:47:56,"[335.74, 70]","[334.22, 27]","[355.0, 35]","[357.0, 35]",345.37,167,19.26,0.16
07:47:57,"[336.0, 169]","[335.0, 78]","[353.93, 43]","[356.82, 76]",344.97,366,17.93,0.35
07:47:58,"[336.88, 208]","[335.0, 96]","[353.0, 48]","[355.54, 82]",344.94,434,16.12,0.4
07:47:59,"[337.0, 145]","[335.0, 66]","[353.0, 33]","[354.0, 44]",345.0,288,16.0,0.47
07:48:00,"[337.86, 106]","[336.4, 20]","[353.0, 32]","[354.0, 32]",345.43,190,15.14,0.33
07:48:01,"[338.0, 117]","[337.0, 18]","[353.0, 36]","[354.0, 36]",345.5,207,15.0,0.3
07:48:02,"[338.16, 148]","[337.0, 24]","[352.9, 49]","[353.92, 48]",345.53,269,14.74,0.28
07:48:03,"[339.0, 216]","[337.0, 36]","[350.4, 43]","[351.61, 62]",344.7,357,11.4,0.41
07:48:04,"[339.0, 204]","[337.0, 34]","[344.53, 45]","[344.59, 56]",341.77,339,5.53,0.4
07:48:05,"[339.0, 192]","[337.0, 32]","[342.35, 48]","[351.62, 64]",340.68,336,3.35,0.33
07:48:06,"[340.0, 156]","[337.0, 26]","[351.74, 19]","[353.01, 85]",345.87,286,11.74,0.27
07:48:07,"[340.64, 168]","[337.12, 34]","[353.0, 86]","[354.0, 14]",346.82,302,12.36,0.34
07:48:08,"[341.0, 228]","[338.0, 76]","[350.89, 57]","[353.0, 57]",345.95,418,9.89,0.45
07:48:09,"[341.17, 144]","[340.12, 136]","[347.28, 54]","[353.6, 80]",344.22,414,6.11,0.35
07:48:10,"[342.0, 42]","[341.0, 168]","[345.0, 42]","[351.71, 56]",343.5,308,3.0,0.36
07:48:11,"[341.03, 103]","[338.69, 52]","[345.0, 33]","[350.0, 44]",343.01,232,3.97,0.34
07:48:12,"[340.66, 106]","[337.82, 49]","[343.77, 39]","[349.38, 52]",342.21,246,3.11,0.26
07:48:13,"[338.52, 58]","[337.49, 41]","[341.68, 22]","[345.41, 41]",340.1,162,3.16,0.22
07:48:14,"[339.0, 72]","[338.0, 52]","[340.22, 27]","[344.4, 43]",339.61,194,1.22,0.28
07:48:15,"[338.2, 35]","[337.28, 29]","[348.23, 35]","[352.75, 44]",343.21,143,10.03,-0.1
07:48:16,"[339.11, 37]","[337.71, 17]","[349.0, 36]","[354.0, 45]",344.05,135,9.89,-0.2
07:48:17,"[340.64, 14]","[339.98, 46]","[348.17, 48]","[350.19, 42]",344.4,150,7.52,-0.2
07:48:18,"[341.0, 11]","[340.0, 55]","[347.45, 55]","[351.91, 44]",344.23,165,6.45,-0.2
07:48:19,"[341.0, 10]","[340.0, 50]","[345.7, 50]","[355.2, 50]",343.35,160,4.7,-0.25
07:48:20,"[340.0, 22]","[338.0, 44]","[343.73, 55]","[350.55, 55]",341.86,176,3.73,-0.25
07:48:21,"[340.0, 14]","[338.0, 28]","[343.0, 35]","[344.0, 35]",341.5,112,3.0,-0.25
07:48:22,"[340.0, 28]","[338.0, 56]","[341.21, 70]","[342.21, 70]",340.61,224,1.21,-0.25
07:48:23,"[338.53, 15]","[337.5, 16]","[340.8, 44]","[346.7, 50]",339.66,125,2.26,-0.5
07:48:24,"[336.82, 17]","[335.56, 25]","[339.16, 55]","[342.65, 81]",337.99,178,2.34,-0.53
07:48:25,"[337.95, 37]","[335.8, 15]","[347.49, 55]","[349.19, 57]",342.72,164,9.54,-0.37
07:48:26,"[338.0, 54]","[336.0, 18]","[343.31, 48]","[345.44, 27]",340.66,147,5.31,-0.02
07:48:27,"[338.0, 35]","[336.0, 16]","[340.9, 40]","[341.53, 38]",339.45,129,2.9,-0.21
07:48:28,"[337.11, 18]","[335.24, 21]","[339.03, 29]","[342.3, 27]",338.07,95,1.92,-0.18
07:48:29,"[333.67, 27]","[331.58, 19]","[336.67, 18]","[343.12, 32]",335.17,96,3.0,-0.04
07:48:30,"[331.55, 29]","[281.54, 52]","[335.69, 13]","[342.2, 40]",333.62,134,4.14,0.21
07:48:31,"[326.0, 48]","[325.0, 12]","[329.79, 24]","[341.0, 30]",327.9,114,3.79,0.05
07:48:32,"[328.83, 161]","[288.37, 30]","[334.53, 19]","[341.02, 54]",331.68,264,5.7,0.45
07:48:33,"[325.67, 30]","[324.7, 120]","[338.52, 42]","[342.87, 46]",332.1,238,12.86,0.26
07:48:34,"[327.0, 11]","[320.0, 11]","[331.0, 14]","[337.0, 45]",329.0,81,4.0,-0.46
07:48:35,"[335.0, 50]","[324.9, 10]","[336.0, 37]","[345.0, 50]",335.5,147,1.0,-0.18
07:48:36,"[335.0, 40]","[317.43, 28]","[336.0, 24]","[345.0, 40]",335.5,132,1.0,0.03
07:48:37,"[335.0, 30]","[317.0, 36]","[336.0, 10]","[345.0, 30]",335.5,106,1.0,0.25
07:48:38,"[335.0, 30]","[318.0, 30]","[336.0, 6]","[345.0, 30]",335.5,96,1.0,0.25
07:48:39,"[335.0, 5]","[322.0, 3]","[336.0, 1]","[345.0, 5]",335.5,14,1.0,0.14
07:48:40,"[335.0, 45]","[322.0, 27]","[336.0, 9]","[345.0, 45]",335.5,126,1.0,0.14
07:48:41,"[333.3, 23]","[320.33, 18]","[336.0, 5]","[345.0, 25]",334.65,71,2.7,0.15
07:48:42,"[322.13, 45]","[319.45, 175]","[333.8, 30]","[336.0, 15]",327.97,265,11.67,0.66
07:48:43,"[326.43, 132]","[324.75, 60]","[331.6, 40]","[337.47, 51]",329.02,283,5.17,0.36
07:48:44,"[328.05, 106]","[319.35, 102]","[331.33, 21]","[335.33, 43]",329.69,272,3.29,0.53
07:48:45,"[329.0, 55]","[317.94, 107]","[340.37, 92]","[340.96, 69]",334.68,323,11.37,0.0
07:48:46,"[334.76, 74]","[336.07, 115]","[341.0, 196]","[342.0, 81]",337.88,466,6.24,-0.19
07:48:47,"[340.0, 55]","[338.0, 134]","[341.0, 154]","[342.0, 44]",340.5,387,1.0,-0.02
07:48:48,"[338.16, 61]","[323.16, 55]","[341.0, 86]","[342.0, 36]",339.58,238,2.84,-0.03
07:48:49,"[338.73, 208]","[331.33, 111]","[340.75, 120]","[341.43, 94]",339.74,533,2.02,0.2
07:48:50,"[338.0, 36]","[336.0, 104]","[340.03, 36]","[342.14, 42]",339.01,218,2.03,0.28
07:48:51,"[337.72, 25]","[334.49, 119]","[341.0, 56]","[344.0, 56]",339.36,256,3.28,0.12
07:48:52,"[335.0, 99]","[322.0, 153]","[340.33, 36]","[341.82, 44]",337.67,332,5.33,0.52
07:48:53,"[336.0, 90]","[335.0, 81]","[339.5, 28]","[341.56, 36]",337.75,235,3.5,0.46
07:48:54,"[336.73, 110]","[335.0, 99]","[341.0, 44]","[347.27, 44]",338.86,297,4.27,0.41
07:48:55,"[337.74, 65]","[336.79, 168]","[344.65, 92]","[349.22, 74]",341.2,399,6.91,0.17
07:48:56,"[339.87, 45]","[338.32, 59]","[348.0, 120]","[351.0, 75]",343.93,299,8.13,-0.3
07:48:57,"[340.62, 24]","[339.62, 24]","[347.93, 60]","[350.44, 43]",344.28,151,7.31,-0.36
07:48:58,"[341.0, 42]","[340.0, 42]","[348.0, 72]","[349.67, 60]",344.5,216,7.0,-0.22
