Time,Bid1,Bid2,Ask1,Ask2,Mid-Price,Total_volume,Bid_ask_spread,Order_imbalance
07:30:00,"[0, 0]","[0, 0]","[0, 0]","[0, 0]",0.0,0,0.0,0.0
07:30:01,"[0, 0]","[0, 0]","[800.0, 2]","[0, 0]",400.0,2,800.0,-1.0
07:30:02,"[165.0, 2]","[0, 0]","[446.67, 6]","[800.0, 2]",305.83,10,281.67,-0.6
07:30:03,"[165.0, 4]","[0, 0]","[247.8, 10]","[271.71, 14]",206.4,28,82.8,-0.71
07:30:04,"[165.0, 4]","[159.0, 4]","[238.0, 10]","[384.0, 14]",201.5,32,73.0,-0.5
07:30:05,"[162.0, 4]","[86.57, 14]","[230.0, 8]","[702.0, 16]",196.0,42,68.0,-0.14
07:30:06,"[126.0, 18]","[0, 0]","[229.67, 6]","[718.67, 12]",177.83,36,103.67,0.0
07:30:07,"[126.14, 14]","[69.0, 12]","[154.0, 7]","[194.8, 5]",140.07,38,27.86,0.37
07:30:08,"[135.0, 12]","[15.14, 37]","[151.0, 14]","[161.92, 13]",143.0,76,16.0,0.29
07:30:09,"[143.0, 5]","[142.0, 30]","[153.0, 9]","[158.45, 11]",148.0,55,10.0,0.27
07:30:10,"[152.5, 8]","[150.2, 10]","[158.33, 6]","[162.0, 6]",155.42,30,5.83,0.2
07:30:11,"[153.0, 2]","[152.0, 4]","[157.0, 2]","[159.0, 2]",155.0,10,4.0,0.2
07:30:12,"[154.2, 10]","[151.6, 15]","[156.5, 10]","[159.2, 10]",155.35,45,2.3,0.11
07:30:13,"[155.52, 27]","[153.5, 22]","[159.0, 15]","[160.4, 15]",157.26,79,3.48,0.24
07:30:14,"[157.0, 11]","[155.3, 23]","[160.16, 19]","[200.67, 15]",158.58,68,3.16,0.0
07:30:15,"[159.14, 29]","[159.1, 21]","[166.22, 36]","[283.0, 45]",162.68,131,7.08,-0.24
07:30:16,"[161.21, 47]","[159.49, 39]","[164.17, 41]","[202.25, 64]",162.69,191,2.96,-0.1
07:30:17,"[161.55, 33]","[159.93, 28]","[163.0, 22]","[165.0, 44]",162.27,127,1.45,-0.04
07:30:18,"[161.8, 30]","[160.43, 28]","[164.65, 34]","[329.81, 31]",163.22,123,2.85,-0.06
07:30:19,"[162.19, 37]","[159.4, 25]","[165.0, 48]","[358.64, 22]",163.59,132,2.81,-0.06
07:30:20,"[163.0, 12]","[161.0, 18]","[165.0, 24]","[231.12, 8]",164.0,62,2.0,-0.03
07:30:21,"[163.0, 22]","[161.0, 33]","[164.95, 38]","[191.86, 43]",163.97,136,1.95,-0.19
07:30:22,"[163.0, 32]","[156.61, 80]","[164.0, 16]","[165.69, 64]",163.5,192,1.0,0.17
07:30:23,"[161.91, 22]","[160.88, 68]","[165.88, 34]","[191.6, 40]",163.9,164,3.97,0.1
07:30:24,"[161.0, 42]","[159.0, 14]","[166.0, 28]","[190.0, 21]",163.5,105,5.0,0.07
07:30:25,"[162.5, 48]","[160.8, 40]","[166.0, 32]","[190.0, 24]",164.25,144,3.5,0.22
07:30:26,"[163.06, 64]","[161.18, 66]","[165.07, 54]","[167.67, 43]",164.07,227,2.01,0.15
07:30:27,"[163.16, 74]","[161.5, 72]","[166.29, 45]","[175.71, 41]",164.73,232,3.13,0.26
07:30:28,"[163.0, 106]","[161.0, 84]","[165.14, 14]","[167.0, 56]",164.07,260,2.14,0.46
07:30:29,"[163.0, 24]","[161.16, 50]","[165.14, 14]","[167.74, 43]",164.07,131,2.14,0.13
07:30:30,"[163.0, 14]","[162.0, 33]","[168.0, 56]","[244.82, 44]",165.5,147,5.0,-0.36
07:30:31,"[162.63, 19]","[161.93, 90]","[167.16, 43]","[236.3, 46]",164.9,198,4.53,0.1
07:30:32,"[162.77, 60]","[161.65, 34]","[165.93, 42]","[168.0, 43]",164.35,179,3.16,0.05
07:30:33,"[162.18, 22]","[161.07, 58]","[167.0, 44]","[172.0, 11]",164.59,135,4.82,0.19
07:30:34,"[161.1, 20]","[160.0, 12]","[167.0, 16]","[172.0, 4]",164.05,52,5.9,0.23
07:30:35,"[161.0, 48]","[159.0, 22]","[167.43, 35]","[182.64, 11]",164.21,116,6.43,0.21
07:30:36,"[161.0, 46]","[159.0, 28]","[166.56, 34]","[175.79, 14]",163.78,122,5.56,0.21
07:30:37,"[161.0, 27]","[159.0, 18]","[166.0, 45]","[167.89, 9]",163.5,99,5.0,-0.09
07:30:38,"[161.0, 36]","[159.0, 24]","[166.18, 44]","[169.33, 12]",163.59,116,5.18,0.03
07:30:39,"[161.0, 27]","[159.0, 18]","[168.0, 9]","[170.67, 9]",164.5,63,7.0,0.43
07:30:40,"[162.0, 36]","[160.2, 45]","[166.36, 22]","[169.28, 18]",164.18,121,4.36,0.34
07:30:41,"[162.91, 23]","[160.61, 41]","[165.71, 41]","[167.65, 17]",164.31,122,2.79,0.05
07:30:42,"[161.0, 33]","[158.56, 18]","[162.22, 23]","[163.17, 53]",161.61,127,1.22,-0.2
07:30:43,"[160.0, 20]","[155.0, 15]","[162.76, 25]","[164.75, 20]",161.38,80,2.76,-0.12
07:30:44,"[158.84, 73]","[153.27, 11]","[161.0, 20]","[163.0, 30]",159.92,134,2.16,0.25
07:30:45,"[159.0, 130]","[154.0, 13]","[172.11, 36]","[189.03, 29]",165.56,208,13.11,0.38
07:30:46,"[163.85, 136]","[158.4, 67]","[181.0, 52]","[441.14, 21]",172.43,276,17.15,0.47
07:30:47,"[169.0, 132]","[159.0, 120]","[180.65, 43]","[368.59, 34]",174.83,329,11.65,0.53
07:30:48,"[169.0, 154]","[165.0, 84]","[179.14, 42]","[191.0, 56]",174.07,336,10.14,0.42
07:30:49,"[169.0, 71]","[165.0, 42]","[179.0, 21]","[195.0, 28]",174.0,162,10.0,0.4
07:30:50,"[169.0, 100]","[165.0, 60]","[178.0, 30]","[197.14, 28]",173.5,218,9.0,0.47
07:30:51,"[169.0, 100]","[165.0, 60]","[177.0, 30]","[210.0, 10]",173.0,200,8.0,0.6
07:30:52,"[169.0, 120]","[165.06, 62]","[175.5, 36]","[236.15, 13]",172.25,231,6.5,0.58
07:30:53,"[169.0, 90]","[167.0, 9]","[173.11, 27]","[306.0, 18]",171.06,144,4.11,0.38
07:30:54,"[169.0, 60]","[167.0, 6]","[173.0, 18]","[190.0, 12]",171.0,96,4.0,0.38
07:30:55,"[169.0, 84]","[167.0, 10]","[172.5, 30]","[261.84, 19]",170.75,143,3.5,0.31
07:30:56,"[169.0, 88]","[167.0, 11]","[171.45, 33]","[249.33, 12]",170.23,144,2.45,0.38
07:30:57,"[169.0, 51]","[167.0, 8]","[170.0, 24]","[479.0, 16]",169.5,99,1.0,0.19
07:30:58,"[165.95, 19]","[163.92, 74]","[206.27, 22]","[356.0, 32]",186.11,147,40.33,0.27
07:30:59,"[165.0, 30]","[162.0, 20]","[244.67, 18]","[422.0, 18]",204.83,86,79.67,0.16
07:31:00,"[165.0, 38]","[161.16, 76]","[369.81, 21]","[556.1, 21]",267.4,156,204.81,0.46
07:31:01,"[165.0, 33]","[163.0, 61]","[225.53, 15]","[343.18, 22]",195.27,131,60.53,0.44
07:31:02,"[165.0, 19]","[163.0, 54]","[166.91, 23]","[167.7, 20]",165.96,116,1.91,0.26
07:31:03,"[165.0, 9]","[163.0, 48]","[166.75, 20]","[167.67, 18]",165.88,95,1.75,0.2
07:31:04,"[165.0, 8]","[163.0, 48]","[167.5, 16]","[412.5, 16]",166.25,88,2.5,0.27
07:31:05,"[165.0, 5]","[163.0, 30]","[169.0, 10]","[452.6, 15]",167.0,60,4.0,0.17
07:31:06,"[165.0, 12]","[163.0, 72]","[167.83, 24]","[305.82, 28]",166.42,136,2.83,0.24
07:31:07,"[165.0, 9]","[163.0, 54]","[171.33, 18]","[428.27, 22]",168.17,103,6.33,0.22
07:31:08,"[164.83, 36]","[161.64, 94]","[172.0, 28]","[254.0, 28]",168.42,186,7.17,0.4
07:31:09,"[161.08, 131]","[160.59, 88]","[172.0, 28]","[230.65, 34]",166.54,281,10.92,0.56
07:31:10,"[161.37, 114]","[160.67, 72]","[172.0, 24]","[208.78, 36]",166.68,246,10.63,0.51
07:31:11,"[163.09, 33]","[161.58, 72]","[172.0, 18]","[221.48, 42]",167.55,165,8.91,0.27
07:31:12,"[165.0, 14]","[162.0, 49]","[172.0, 14]","[232.47, 19]",168.5,96,7.0,0.31
07:31:13,"[165.0, 12]","[162.0, 50]","[172.0, 12]","[390.5, 26]",168.5,100,7.0,0.24
07:31:14,"[165.0, 18]","[162.0, 99]","[172.0, 18]","[196.6, 15]",168.5,150,7.0,0.56
07:31:15,"[165.0, 18]","[162.0, 83]","[170.2, 20]","[183.67, 18]",167.6,139,5.2,0.45
07:31:16,"[162.6, 60]","[161.56, 81]","[165.17, 36]","[168.55, 29]",163.88,206,2.57,0.37
07:31:17,"[162.0, 96]","[161.0, 72]","[164.0, 36]","[165.08, 36]",163.0,240,2.0,0.4
07:31:18,"[162.0, 104]","[161.0, 78]","[163.62, 42]","[165.24, 37]",162.81,261,1.62,0.39
07:31:19,"[162.4, 60]","[161.39, 59]","[165.0, 18]","[171.44, 18]",163.7,155,2.6,0.54
07:31:20,"[164.0, 27]","[162.0, 63]","[165.0, 18]","[172.0, 18]",164.5,126,1.0,0.43
07:31:21,"[163.35, 31]","[161.8, 61]","[165.0, 18]","[172.0, 18]",164.18,128,1.65,0.44
07:31:22,"[162.0, 31]","[161.0, 48]","[165.0, 16]","[362.59, 34]",163.5,129,3.0,0.22
07:31:23,"[161.08, 39]","[160.26, 23]","[165.0, 20]","[274.86, 14]",163.04,96,3.92,0.29
07:31:24,"[161.85, 132]","[160.07, 27]","[165.0, 26]","[172.0, 13]",163.42,198,3.15,0.61
07:31:25,"[162.0, 140]","[160.5, 32]","[164.08, 13]","[166.24, 17]",163.04,202,2.08,0.7
07:31:26,"[162.0, 195]","[161.0, 60]","[167.14, 28]","[207.35, 17]",164.57,300,5.14,0.7
07:31:27,"[162.0, 89]","[161.0, 32]","[170.88, 17]","[186.05, 21]",166.44,159,8.88,0.52
07:31:28,"[162.0, 120]","[161.0, 60]","[168.71, 55]","[333.59, 39]",165.35,274,6.71,0.31
07:31:29,"[162.0, 80]","[161.0, 40]","[166.2, 20]","[169.0, 10]",164.1,150,4.2,0.6
07:31:30,"[162.0, 96]","[161.0, 48]","[166.0, 24]","[167.64, 22]",164.0,190,4.0,0.52
07:31:31,"[162.2, 40]","[161.8, 80]","[164.75, 24]","[167.42, 36]",163.47,180,2.55,0.33
07:31:32,"[162.0, 76]","[161.0, 48]","[167.41, 34]","[169.88, 16]",164.71,174,5.41,0.43
07:31:33,"[162.0, 42]","[161.0, 28]","[168.0, 45]","[169.86, 7]",165.0,122,6.0,0.15
07:31:34,"[162.0, 36]","[161.0, 24]","[168.0, 42]","[169.0, 6]",165.0,108,6.0,0.11
07:31:35,"[164.05, 82]","[162.0, 72]","[168.0, 84]","[169.0, 12]",166.02,250,3.95,0.23
07:31:36,"[166.0, 90]","[162.1, 87]","[168.0, 69]","[169.0, 15]",167.0,261,2.0,0.36
07:31:37,"[166.38, 77]","[165.0, 39]","[168.0, 39]","[169.0, 13]",167.19,168,1.62,0.38
07:31:38,"[167.0, 71]","[165.0, 48]","[168.0, 48]","[169.0, 16]",167.5,183,1.0,0.3
07:31:39,"[167.0, 36]","[165.0, 27]","[168.0, 27]","[169.0, 9]",167.5,99,1.0,0.27
07:31:40,"[167.0, 44]","[165.0, 33]","[168.0, 33]","[169.0, 11]",167.5,121,1.0,0.27
07:31:41,"[162.86, 42]","[162.0, 60]","[167.67, 36]","[168.4, 20]",165.26,158,4.81,0.29
07:31:42,"[162.0, 66]","[161.0, 44]","[166.75, 60]","[169.07, 15]",164.38,185,4.75,0.19
07:31:43,"[162.0, 72]","[161.0, 48]","[164.79, 42]","[167.03, 32]",163.39,194,2.79,0.24
07:31:44,"[162.0, 39]","[161.0, 52]","[167.29, 31]","[417.04, 25]",164.65,147,5.29,0.24
07:31:45,"[164.8, 10]","[161.6, 20]","[170.0, 8]","[556.0, 24]",167.4,62,5.2,-0.03
07:31:46,"[169.0, 4]","[162.0, 12]","[170.0, 5]","[391.0, 7]",169.5,28,1.0,0.14
07:31:47,"[169.0, 8]","[164.1, 10]","[170.0, 8]","[171.0, 8]",169.5,34,1.0,0.06
07:31:48,"[167.89, 9]","[165.89, 9]","[170.0, 9]","[270.76, 33]",168.94,60,2.11,-0.4
07:31:49,"[167.0, 11]","[165.0, 11]","[169.05, 19]","[228.2, 20]",168.03,61,2.05,-0.28
07:31:50,"[163.42, 19]","[161.12, 51]","[169.75, 16]","[171.89, 53]",166.59,139,6.33,0.01
07:31:51,"[160.4, 60]","[159.86, 84]","[171.0, 12]","[172.0, 60]",165.7,216,10.6,0.33
07:31:52,"[160.0, 135]","[159.0, 45]","[168.87, 15]","[170.4, 15]",164.43,210,8.87,0.71
07:31:53,"[161.4, 80]","[160.17, 101]","[166.87, 15]","[169.13, 15]",164.13,211,5.47,0.72
07:31:54,"[163.0, 84]","[161.0, 96]","[166.0, 67]","[169.93, 27]",164.5,274,3.0,0.31
07:31:55,"[163.0, 37]","[161.0, 56]","[166.0, 42]","[170.0, 42]",164.5,177,3.0,0.05
07:31:56,"[163.0, 27]","[161.29, 56]","[166.0, 52]","[170.0, 54]",164.5,189,3.0,-0.12
07:31:57,"[163.0, 11]","[162.0, 28]","[166.0, 28]","[170.0, 42]",164.5,109,3.0,-0.28
07:31:58,"[163.0, 10]","[162.0, 40]","[166.0, 40]","[170.0, 60]",164.5,150,3.0,-0.33
07:31:59,"[163.0, 13]","[162.0, 52]","[164.69, 52]","[166.86, 56]",163.85,173,1.69,-0.25
07:32:00,"[162.18, 34]","[161.3, 80]","[164.65, 52]","[167.03, 60]",163.42,226,2.48,0.01
07:32:01,"[162.08, 52]","[159.58, 166]","[164.08, 66]","[165.51, 71]",163.08,355,2.0,0.23
07:32:02,"[160.08, 75]","[158.8, 120]","[163.56, 36]","[164.57, 56]",161.82,287,3.48,0.36
07:32:03,"[159.14, 63]","[158.69, 93]","[166.06, 68]","[167.53, 77]",162.6,301,6.92,0.04
07:32:04,"[161.88, 80]","[159.53, 34]","[167.95, 55]","[168.76, 17]",164.91,186,6.07,0.23
07:32:05,"[162.85, 156]","[161.0, 37]","[166.54, 39]","[168.0, 52]",164.69,284,3.69,0.36
07:32:06,"[163.0, 204]","[161.0, 153]","[164.94, 51]","[167.2, 80]",163.97,488,1.94,0.46
07:32:07,"[163.0, 105]","[161.0, 99]","[165.71, 42]","[167.03, 35]",164.36,281,2.71,0.45
07:32:08,"[163.0, 117]","[161.0, 117]","[165.87, 46]","[167.43, 42]",164.43,322,2.87,0.45
07:32:09,"[163.0, 79]","[161.0, 81]","[164.88, 32]","[166.59, 34]",163.94,226,1.88,0.42
07:32:10,"[163.0, 70]","[161.0, 82]","[164.5, 40]","[166.74, 35]",163.75,227,1.5,0.34
07:32:11,"[163.0, 21]","[161.0, 7]","[167.0, 28]","[168.0, 21]",165.0,77,4.0,-0.27
07:32:12,"[163.0, 15]","[161.0, 25]","[167.0, 20]","[168.0, 15]",165.0,75,4.0,0.07
07:32:13,"[161.0, 25]","[160.0, 5]","[167.0, 20]","[168.0, 15]",164.0,65,6.0,-0.08
07:32:14,"[161.0, 45]","[160.0, 9]","[167.0, 36]","[168.0, 27]",164.0,117,6.0,-0.08
07:32:15,"[161.0, 41]","[160.0, 9]","[167.0, 36]","[168.0, 27]",164.0,113,6.0,-0.12
07:32:16,"[160.56, 27]","[158.88, 16]","[167.0, 40]","[168.0, 30]",163.78,113,6.44,-0.24
07:32:17,"[157.2, 20]","[93.39, 99]","[167.0, 44]","[168.0, 33]",162.1,196,9.8,0.21
07:32:18,"[113.73, 26]","[97.43, 63]","[167.0, 20]","[168.0, 15]",140.37,124,53.27,0.44
07:32:19,"[109.0, 40]","[90.5, 120]","[159.35, 23]","[163.45, 29]",134.17,212,50.35,0.51
07:32:20,"[125.09, 33]","[109.61, 49]","[151.0, 13]","[159.79, 43]",138.05,138,25.91,0.19
07:32:21,"[149.71, 21]","[148.0, 21]","[152.45, 11]","[157.48, 21]",151.08,74,2.74,0.14
07:32:22,"[151.0, 33]","[120.91, 55]","[153.0, 22]","[156.13, 31]",152.0,141,2.0,0.25
07:32:23,"[151.0, 21]","[140.89, 95]","[155.37, 19]","[157.82, 11]",153.18,146,4.37,0.59
07:32:24,"[151.0, 33]","[139.51, 39]","[156.0, 33]","[160.0, 11]",153.5,116,5.0,0.24
07:32:25,"[152.49, 47]","[139.83, 23]","[158.0, 12]","[160.94, 32]",155.24,114,5.51,0.23
07:32:26,"[153.23, 180]","[152.92, 226]","[159.0, 29]","[160.21, 38]",156.12,473,5.77,0.72
07:32:27,"[153.52, 243]","[151.34, 174]","[156.78, 23]","[157.7, 40]",155.15,480,3.26,0.74
07:32:28,"[154.08, 292]","[133.11, 19]","[156.79, 28]","[158.25, 28]",155.43,367,2.7,0.69
07:32:29,"[153.92, 175]","[95.79, 19]","[157.89, 27]","[159.16, 25]",155.9,246,3.97,0.58
07:32:30,"[129.92, 218]","[127.48, 145]","[159.0, 42]","[160.0, 14]",144.46,419,29.08,0.73
07:32:31,"[132.59, 199]","[130.95, 175]","[154.78, 23]","[159.57, 42]",143.69,439,22.19,0.7
07:32:32,"[147.88, 236]","[147.3, 114]","[158.88, 16]","[166.65, 46]",153.38,412,11.0,0.7
07:32:33,"[151.06, 108]","[149.73, 98]","[157.0, 28]","[291.0, 12]",154.03,246,5.94,0.67
07:32:34,"[152.44, 206]","[151.71, 226]","[164.51, 45]","[365.77, 30]",158.48,507,12.07,0.7
07:32:35,"[154.07, 60]","[152.53, 196]","[165.0, 48]","[286.48, 23]",159.53,327,10.93,0.57
07:32:36,"[154.0, 205]","[152.0, 345]","[160.63, 38]","[164.33, 30]",157.32,618,6.63,0.78
07:32:37,"[154.0, 136]","[152.0, 230]","[155.6, 40]","[156.43, 28]",154.8,434,1.6,0.69
07:32:38,"[155.48, 109]","[152.29, 229]","[232.88, 33]","[270.87, 30]",194.18,401,77.4,0.69
07:32:39,"[169.0, 44]","[163.75, 61]","[383.6, 20]","[439.1, 20]",276.3,145,214.6,0.45
07:32:40,"[169.0, 22]","[167.0, 44]","[272.0, 22]","[409.0, 22]",220.5,110,103.0,0.2
07:32:41,"[169.0, 12]","[167.0, 24]","[294.83, 12]","[439.69, 13]",231.92,61,125.83,0.18
07:32:42,"[168.5, 24]","[166.26, 57]","[369.67, 24]","[429.1, 31]",269.08,136,201.17,0.19
07:32:43,"[167.0, 18]","[165.0, 63]","[239.33, 18]","[381.0, 18]",203.17,117,72.33,0.38
07:32:44,"[165.0, 24]","[162.0, 92]","[448.0, 8]","[629.0, 8]",306.5,132,283.0,0.76
07:32:45,"[165.0, 54]","[162.0, 207]","[351.44, 18]","[527.0, 18]",258.22,297,186.44,0.76
07:32:46,"[165.0, 19]","[162.0, 207]","[305.0, 18]","[490.11, 18]",235.0,262,140.0,0.73
07:32:47,"[162.06, 150]","[161.32, 216]","[259.0, 20]","[330.0, 20]",210.53,406,96.94,0.8
07:32:48,"[161.0, 168]","[159.0, 112]","[266.25, 16]","[350.88, 16]",213.62,312,105.25,0.79
07:32:49,"[161.06, 178]","[159.32, 133]","[423.44, 18]","[596.0, 18]",292.25,347,262.39,0.79
07:32:50,"[162.6, 94]","[161.08, 183]","[351.91, 22]","[481.0, 20]",257.25,319,189.31,0.74
07:32:51,"[168.4, 80]","[164.85, 101]","[361.82, 22]","[477.17, 12]",265.11,215,193.42,0.68
07:32:52,"[169.0, 48]","[167.0, 80]","[462.55, 11]","[520.67, 18]",315.77,157,293.55,0.63
07:32:53,"[169.0, 20]","[167.0, 80]","[482.5, 10]","[551.9, 10]",325.75,120,313.5,0.67
07:32:54,"[169.0, 28]","[167.0, 112]","[375.95, 19]","[396.06, 17]",272.47,176,206.95,0.59
07:32:55,"[169.0, 26]","[167.0, 104]","[298.53, 19]","[301.1, 20]",233.76,169,129.53,0.54
07:32:56,"[167.31, 39]","[165.91, 33]","[294.9, 39]","[297.24, 17]",231.1,128,127.59,0.12
07:32:57,"[162.46, 26]","[161.05, 126]","[292.58, 38]","[292.9, 40]",227.52,230,130.12,0.32
07:32:58,"[164.22, 18]","[162.73, 22]","[288.2, 15]","[289.23, 13]",226.21,68,123.98,0.18
07:32:59,"[165.0, 16]","[162.25, 32]","[271.63, 35]","[279.98, 45]",218.31,128,106.63,-0.25
07:33:00,"[165.0, 13]","[162.0, 27]","[176.35, 34]","[176.83, 23]",170.68,97,11.35,-0.18
07:33:01,"[163.09, 11]","[161.12, 96]","[172.4, 47]","[174.18, 11]",167.75,165,9.31,0.3
07:33:02,"[162.14, 14]","[161.01, 145]","[169.18, 28]","[170.03, 35]",165.66,222,7.04,0.43
07:33:03,"[164.17, 36]","[161.29, 153]","[167.15, 20]","[246.32, 25]",165.66,234,2.98,0.62
07:33:04,"[165.0, 201]","[162.0, 119]","[166.94, 32]","[337.47, 19]",165.97,371,1.94,0.73
07:33:05,"[165.0, 75]","[162.0, 49]","[167.0, 14]","[504.36, 11]",166.0,149,2.0,0.66
07:33:06,"[165.0, 70]","[162.0, 49]","[167.0, 14]","[527.57, 14]",166.0,147,2.0,0.62
07:33:07,"[165.0, 90]","[162.0, 70]","[240.53, 15]","[539.33, 15]",202.77,190,75.53,0.68
07:33:08,"[163.11, 36]","[161.88, 102]","[456.59, 17]","[627.44, 16]",309.85,171,293.48,0.61
07:33:09,"[165.2, 10]","[162.12, 64]","[608.8, 20]","[672.0, 10]",387.0,104,443.6,0.42
07:33:10,"[162.0, 49]","[161.0, 42]","[656.0, 14]","[679.0, 7]",409.0,112,494.0,0.62
07:33:11,"[162.0, 62]","[161.0, 54]","[344.29, 14]","[634.0, 13]",253.14,143,182.29,0.62
07:33:12,"[162.0, 20]","[161.0, 24]","[271.25, 8]","[600.0, 4]",216.62,56,109.25,0.57
07:33:13,"[161.77, 26]","[160.81, 37]","[263.5, 8]","[354.4, 10]",212.63,81,101.73,0.56
07:33:14,"[161.0, 24]","[160.0, 28]","[234.0, 4]","[293.0, 8]",197.5,64,73.0,0.62
07:33:15,"[161.0, 56]","[160.0, 63]","[233.33, 9]","[263.5, 12]",197.17,140,72.33,0.7
07:33:16,"[161.0, 52]","[160.0, 77]","[211.0, 15]","[231.76, 17]",186.0,161,50.0,0.6
07:33:17,"[160.0, 92]","[159.0, 144]","[191.71, 17]","[225.0, 32]",175.85,285,31.71,0.66
07:33:18,"[160.0, 54]","[159.0, 108]","[189.67, 27]","[191.0, 9]",174.83,198,29.67,0.64
07:33:19,"[160.0, 72]","[159.0, 134]","[187.92, 36]","[191.0, 12]",173.96,254,27.92,0.62
07:33:20,"[160.0, 72]","[158.78, 64]","[185.39, 18]","[186.5, 30]",172.69,184,25.39,0.48
07:33:21,"[160.55, 65]","[158.61, 59]","[181.25, 16]","[186.0, 48]",170.9,188,20.7,0.32
07:33:22,"[159.25, 48]","[156.38, 68]","[178.77, 13]","[186.0, 39]",169.01,168,19.52,0.38
07:33:23,"[164.22, 18]","[158.22, 108]","[174.81, 16]","[184.62, 24]",169.52,166,10.59,0.52
07:33:24,"[166.0, 8]","[164.0, 16]","[173.35, 26]","[184.61, 18]",169.67,68,7.35,-0.29
07:33:25,"[166.0, 12]","[164.0, 24]","[171.58, 36]","[173.0, 60]",168.79,132,5.58,-0.45
07:33:26,"[166.0, 9]","[164.0, 18]","[169.0, 27]","[173.0, 45]",167.5,99,3.0,-0.45
07:33:27,"[164.93, 15]","[162.55, 22]","[167.71, 35]","[172.66, 53]",166.32,125,2.78,-0.41
07:33:28,"[160.8, 30]","[158.07, 162]","[236.4, 55]","[365.72, 65]",198.6,312,75.6,0.23
07:33:29,"[160.0, 20]","[158.0, 130]","[242.44, 34]","[390.45, 31]",201.22,215,82.44,0.4
07:33:30,"[158.57, 56]","[148.97, 124]","[241.0, 36]","[242.0, 48]",199.79,264,82.43,0.36
07:33:31,"[159.67, 36]","[158.0, 90]","[239.48, 29]","[240.41, 34]",199.57,189,79.82,0.33
07:33:32,"[162.0, 32]","[158.0, 80]","[236.94, 31]","[239.16, 25]",199.47,168,74.94,0.33
07:33:33,"[161.47, 30]","[153.96, 90]","[208.54, 35]","[215.44, 41]",185.0,196,47.08,0.22
07:33:34,"[165.06, 62]","[158.23, 150]","[188.0, 45]","[189.0, 60]",176.53,317,22.94,0.34
07:33:35,"[165.0, 22]","[162.43, 79]","[182.29, 31]","[185.05, 41]",173.65,173,17.29,0.17
07:33:36,"[163.06, 63]","[158.5, 70]","[165.29, 14]","[166.76, 34]",164.17,181,2.22,0.47
07:33:37,"[163.0, 90]","[161.39, 59]","[164.0, 9]","[165.0, 18]",163.5,176,1.0,0.69
07:33:38,"[163.0, 103]","[162.0, 77]","[164.71, 17]","[180.53, 34]",163.85,231,1.71,0.56
07:33:39,"[162.45, 51]","[160.31, 85]","[164.13, 15]","[205.96, 26]",163.29,177,1.68,0.54
07:33:40,"[162.0, 63]","[158.0, 69]","[229.0, 27]","[323.44, 45]",195.5,204,67.0,0.29
07:33:41,"[162.0, 84]","[158.0, 186]","[241.83, 36]","[366.33, 46]",201.92,352,79.83,0.53
07:33:42,"[162.0, 70]","[158.0, 270]","[212.93, 44]","[330.95, 22]",187.47,406,50.93,0.67
07:33:43,"[162.0, 130]","[158.0, 270]","[188.52, 46]","[199.69, 26]",175.26,472,26.52,0.69
07:33:44,"[162.0, 88]","[158.0, 216]","[186.3, 30]","[187.44, 34]",174.15,368,24.3,0.65
07:33:45,"[162.0, 70]","[158.0, 270]","[183.8, 30]","[185.71, 42]",172.9,412,21.8,0.65
07:33:46,"[162.54, 56]","[158.44, 243]","[185.0, 33]","[186.0, 55]",173.77,387,22.46,0.55
07:33:47,"[164.0, 65]","[162.0, 103]","[184.12, 43]","[185.8, 61]",174.06,272,20.12,0.24
07:33:48,"[162.83, 96]","[161.88, 64]","[182.32, 76]","[183.15, 52]",172.57,288,19.48,0.11
07:33:49,"[163.91, 67]","[161.85, 33]","[178.26, 43]","[180.17, 29]",171.08,172,14.35,0.16
07:33:50,"[166.0, 40]","[162.0, 35]","[176.4, 25]","[180.0, 15]",171.2,115,10.4,0.3
07:33:51,"[166.4, 90]","[163.1, 87]","[174.62, 48]","[176.88, 48]",170.51,273,8.22,0.3
07:33:52,"[168.0, 72]","[166.0, 107]","[170.1, 50]","[171.07, 46]",169.05,275,2.1,0.3
07:33:53,"[168.0, 14]","[166.0, 171]","[169.83, 29]","[362.46, 37]",168.91,251,1.83,0.47
07:33:54,"[166.01, 227]","[162.74, 103]","[169.92, 39]","[306.92, 26]",167.97,395,3.91,0.67
07:33:55,"[166.0, 100]","[162.0, 42]","[169.0, 18]","[491.5, 24]",167.5,184,3.0,0.54
07:33:56,"[166.0, 70]","[162.0, 35]","[169.0, 15]","[646.0, 25]",167.5,145,3.0,0.45
07:33:57,"[166.0, 140]","[162.0, 70]","[169.0, 30]","[636.48, 29]",167.5,269,3.0,0.56
07:33:58,"[166.0, 106]","[162.04, 50]","[167.75, 24]","[475.0, 19]",166.88,199,1.75,0.57
07:33:59,"[166.0, 27]","[164.0, 6]","[274.2, 15]","[605.29, 21]",220.1,69,108.2,-0.04
07:34:00,"[166.0, 20]","[164.0, 10]","[409.73, 26]","[490.11, 38]",287.87,94,243.73,-0.36
07:34:01,"[166.0, 21]","[164.0, 11]","[408.0, 11]","[542.0, 35]",287.0,78,242.0,-0.18
07:34:02,"[166.0, 9]","[164.0, 9]","[406.67, 9]","[627.82, 33]",286.33,60,240.67,-0.4
07:34:03,"[166.0, 10]","[164.0, 10]","[406.0, 10]","[629.5, 18]",286.0,48,240.0,-0.17
07:34:04,"[166.0, 14]","[164.0, 14]","[346.26, 35]","[451.5, 22]",256.13,85,180.26,-0.34
07:34:05,"[166.0, 14]","[164.0, 14]","[242.36, 14]","[260.79, 28]",204.18,70,76.36,-0.2
07:34:06,"[166.0, 8]","[164.0, 8]","[242.0, 8]","[399.6, 10]",204.0,34,76.0,-0.06
07:34:07,"[162.49, 41]","[162.36, 11]","[242.0, 11]","[708.23, 31]",202.24,94,79.51,0.11
07:34:08,"[162.0, 51]","[161.0, 8]","[181.77, 13]","[280.0, 8]",171.88,80,19.77,0.47
07:34:09,"[162.0, 112]","[161.0, 16]","[194.09, 23]","[485.29, 21]",178.04,172,32.09,0.49
07:34:10,"[162.12, 32]","[161.58, 24]","[187.94, 35]","[285.86, 35]",175.03,126,25.82,-0.11
07:34:11,"[163.33, 45]","[161.78, 23]","[169.29, 17]","[170.22, 46]",166.31,131,5.96,0.04
07:34:12,"[164.0, 30]","[162.0, 18]","[167.5, 6]","[170.0, 24]",165.75,78,3.5,0.23
07:34:13,"[162.26, 19]","[160.15, 61]","[166.0, 9]","[170.0, 36]",164.13,125,3.74,0.28
07:34:14,"[161.0, 11]","[160.0, 121]","[164.76, 17]","[169.74, 38]",162.88,187,3.76,0.41
07:34:15,"[161.0, 11]","[160.0, 121]","[163.62, 32]","[163.61, 23]",162.31,187,2.62,0.41
07:34:16,"[160.27, 15]","[159.92, 48]","[162.5, 8]","[168.76, 17]",161.38,88,2.23,0.43
07:34:17,"[160.0, 36]","[159.0, 20]","[161.81, 21]","[195.67, 9]",160.9,86,1.81,0.3
07:34:18,"[159.62, 48]","[158.2, 30]","[177.04, 24]","[564.17, 12]",168.33,114,17.42,0.37
07:34:19,"[166.67, 21]","[160.05, 63]","[261.0, 7]","[715.0, 14]",213.83,105,94.33,0.6
07:34:20,"[168.0, 32]","[161.96, 78]","[260.88, 8]","[656.73, 15]",214.44,133,92.88,0.65
07:34:21,"[168.0, 16]","[162.15, 156]","[258.11, 64]","[259.5, 16]",213.05,252,90.11,0.37
07:34:22,"[162.15, 81]","[161.88, 51]","[253.33, 18]","[258.03, 33]",207.74,183,91.19,0.44
07:34:23,"[162.06, 107]","[161.83, 47]","[221.63, 19]","[257.65, 23]",191.84,196,59.58,0.57
07:34:24,"[164.0, 7]","[162.0, 91]","[212.24, 21]","[219.55, 11]",188.12,130,48.24,0.51
07:34:25,"[164.0, 10]","[161.91, 100]","[208.27, 26]","[208.68, 34]",186.13,170,44.27,0.29
07:34:26,"[160.51, 47]","[158.79, 38]","[205.0, 60]","[207.0, 12]",182.76,157,44.49,0.08
07:34:27,"[161.36, 22]","[159.73, 22]","[177.33, 43]","[199.83, 29]",169.34,116,15.96,-0.24
07:34:28,"[162.0, 20]","[161.0, 20]","[166.5, 50]","[207.0, 10]",164.25,100,4.5,-0.2
07:34:29,"[162.0, 18]","[161.0, 14]","[165.86, 21]","[207.0, 7]",163.93,60,3.86,0.07
07:34:30,"[162.0, 48]","[161.0, 24]","[165.0, 36]","[207.0, 12]",163.5,120,3.0,0.2
07:34:31,"[160.33, 12]","[159.67, 24]","[165.0, 24]","[207.0, 8]",162.67,68,4.67,0.06
07:34:32,"[158.42, 19]","[144.88, 34]","[163.71, 17]","[179.55, 11]",161.06,81,5.28,0.31
07:34:33,"[158.0, 42]","[141.62, 74]","[161.7, 30]","[162.31, 26]",159.85,172,3.7,0.35
07:34:34,"[136.0, 12]","[68.0, 29]","[159.25, 12]","[161.92, 25]",147.62,78,23.25,0.05
07:34:35,"[121.0, 15]","[65.71, 56]","[235.73, 22]","[255.5, 32]",178.36,125,114.73,0.14
07:34:36,"[149.31, 26]","[126.2, 10]","[264.43, 14]","[277.75, 24]",206.87,74,115.12,-0.03
07:34:37,"[159.0, 105]","[121.33, 27]","[237.56, 43]","[243.77, 43]",198.28,218,78.56,0.21
07:34:38,"[167.6, 161]","[160.2, 50]","[234.76, 37]","[235.97, 35]",201.18,283,67.15,0.49
07:34:39,"[168.0, 102]","[166.0, 24]","[231.95, 20]","[233.18, 22]",199.97,168,63.95,0.5
07:34:40,"[168.0, 153]","[166.0, 36]","[230.0, 27]","[231.0, 36]",199.0,252,62.0,0.5
07:34:41,"[168.0, 272]","[166.0, 64]","[227.79, 52]","[229.7, 44]",197.89,432,59.79,0.56
07:34:42,"[168.0, 187]","[166.0, 44]","[223.11, 19]","[224.44, 25]",195.55,275,55.11,0.68
07:34:43,"[168.0, 289]","[166.0, 68]","[217.0, 37]","[217.66, 41]",192.5,435,49.0,0.64
07:34:44,"[168.0, 306]","[166.0, 72]","[210.77, 44]","[212.5, 40]",189.39,462,42.77,0.64
07:34:45,"[168.0, 255]","[166.0, 60]","[200.67, 43]","[209.62, 39]",184.34,397,32.67,0.59
07:34:46,"[168.0, 269]","[166.0, 68]","[204.63, 46]","[206.12, 51]",186.32,434,36.63,0.55
07:34:47,"[168.0, 165]","[166.0, 44]","[200.06, 31]","[201.0, 24]",184.03,264,32.06,0.58
07:34:48,"[167.88, 139]","[165.44, 50]","[196.45, 31]","[198.25, 24]",182.17,244,28.57,0.55
07:34:49,"[167.35, 49]","[165.07, 82]","[193.73, 66]","[195.86, 50]",180.54,247,26.38,0.06
07:34:50,"[168.0, 36]","[166.0, 48]","[174.25, 36]","[180.58, 36]",171.12,156,6.25,0.08
07:34:51,"[168.0, 30]","[166.0, 40]","[170.89, 28]","[172.6, 30]",169.45,128,2.89,0.09
07:34:52,"[166.21, 29]","[164.08, 100]","[167.82, 22]","[170.77, 26]",167.01,177,1.61,0.46
07:34:53,"[164.0, 180]","[162.0, 90]","[170.52, 23]","[187.0, 66]",167.26,359,6.52,0.5
07:34:54,"[164.0, 150]","[162.0, 78]","[169.46, 13]","[171.0, 48]",166.73,289,5.46,0.58
07:34:55,"[164.0, 88]","[162.0, 66]","[168.27, 11]","[171.0, 33]",166.14,198,4.27,0.56
07:34:56,"[164.0, 53]","[162.0, 60]","[166.0, 10]","[171.0, 30]",165.0,153,2.0,0.48
07:34:57,"[162.73, 51]","[162.05, 112]","[165.43, 21]","[170.09, 33]",164.08,217,2.7,0.5
07:34:58,"[162.0, 110]","[161.0, 36]","[163.77, 26]","[339.56, 32]",162.88,204,1.77,0.43
07:34:59,"[162.0, 77]","[161.0, 33]","[164.0, 22]","[421.14, 29]",163.0,161,2.0,0.37
07:35:00,"[162.0, 68]","[161.0, 33]","[164.0, 15]","[255.95, 19]",163.0,135,2.0,0.5
07:35:01,"[162.0, 54]","[161.0, 27]","[163.89, 9]","[277.11, 27]",162.94,117,1.89,0.38
07:35:02,"[162.0, 39]","[161.0, 24]","[241.38, 24]","[323.5, 10]",201.69,97,79.38,0.3
07:35:03,"[162.0, 60]","[161.0, 45]","[293.22, 41]","[440.48, 29]",227.61,175,131.22,0.2
07:35:04,"[163.22, 72]","[161.43, 37]","[341.0, 24]","[350.38, 39]",252.11,172,177.78,0.27
07:35:05,"[164.22, 74]","[162.96, 46]","[338.04, 23]","[338.59, 17]",251.13,160,173.83,0.5
07:35:06,"[166.0, 52]","[164.0, 143]","[335.74, 31]","[337.47, 34]",250.87,260,169.74,0.5
07:35:07,"[166.0, 36]","[164.0, 99]","[187.12, 25]","[334.33, 12]",176.56,172,21.12,0.57
07:35:08,"[166.0, 22]","[164.0, 77]","[180.0, 28]","[198.0, 21]",173.0,148,14.0,0.34
07:35:09,"[166.0, 18]","[164.0, 99]","[179.78, 36]","[304.86, 21]",172.89,174,13.78,0.34
07:35:10,"[164.92, 65]","[163.92, 103]","[177.8, 40]","[314.89, 18]",171.36,226,12.88,0.49
07:35:11,"[165.0, 112]","[164.0, 154]","[174.52, 23]","[178.68, 47]",169.76,336,9.52,0.58
07:35:12,"[167.33, 36]","[164.84, 67]","[171.3, 23]","[171.59, 17]",169.32,143,3.97,0.44
07:35:13,"[165.0, 80]","[164.0, 110]","[169.0, 10]","[363.71, 28]",167.0,228,4.0,0.67
07:35:14,"[165.56, 90]","[164.0, 132]","[169.0, 12]","[405.58, 36]",167.28,270,3.44,0.64
07:35:15,"[166.0, 22]","[164.0, 110]","[169.0, 10]","[613.6, 30]",167.5,172,3.0,0.53
07:35:16,"[166.0, 9]","[164.0, 99]","[168.89, 9]","[571.68, 19]",167.44,136,2.89,0.59
07:35:17,"[164.07, 91]","[162.43, 154]","[167.36, 14]","[244.31, 16]",165.71,275,3.29,0.78
07:35:18,"[164.0, 60]","[162.05, 104]","[166.0, 12]","[167.0, 12]",165.0,188,2.0,0.74
07:35:19,"[162.98, 41]","[162.38, 42]","[165.02, 46]","[368.86, 14]",164.0,143,2.05,0.16
07:35:20,"[162.0, 120]","[161.0, 12]","[164.17, 60]","[220.69, 48]",163.08,240,2.17,0.1
07:35:21,"[162.0, 100]","[161.0, 10]","[163.6, 50]","[194.47, 38]",162.8,198,1.6,0.11
07:35:22,"[162.0, 110]","[161.0, 11]","[163.0, 40]","[318.38, 39]",162.5,200,1.0,0.21
07:35:23,"[162.0, 110]","[161.0, 11]","[163.0, 22]","[186.27, 33]",162.5,176,1.0,0.38
07:35:24,"[162.0, 74]","[161.0, 9]","[187.0, 26]","[428.17, 35]",174.5,144,25.0,0.15
07:35:25,"[162.0, 72]","[161.0, 9]","[291.63, 30]","[419.49, 39]",226.82,150,129.63,0.08
07:35:26,"[162.0, 57]","[161.0, 11]","[205.82, 33]","[224.65, 34]",183.91,135,43.82,0.01
07:35:27,"[161.27, 15]","[160.21, 14]","[200.45, 44]","[202.11, 46]",180.86,119,39.19,-0.51
07:35:28,"[161.75, 16]","[160.6, 10]","[195.29, 31]","[196.62, 39]",178.52,96,33.54,-0.46
07:35:29,"[162.0, 16]","[161.0, 8]","[192.25, 32]","[194.0, 24]",177.12,80,30.25,-0.4
07:35:30,"[161.75, 24]","[160.73, 15]","[190.98, 41]","[192.06, 47]",176.36,127,29.23,-0.39
07:35:31,"[161.85, 33]","[160.44, 9]","[190.0, 27]","[191.0, 27]",175.92,96,28.15,-0.12
07:35:32,"[162.0, 60]","[161.0, 9]","[188.22, 27]","[189.22, 27]",175.11,123,26.22,0.12
07:35:33,"[162.0, 48]","[161.0, 12]","[183.0, 36]","[185.58, 36]",172.5,132,21.0,-0.09
07:35:34,"[162.58, 76]","[161.67, 24]","[180.0, 36]","[181.5, 36]",171.29,172,17.42,0.16
07:35:35,"[163.0, 99]","[162.0, 36]","[176.28, 29]","[177.75, 32]",169.64,196,13.28,0.38
07:35:36,"[164.18, 187]","[162.0, 68]","[173.22, 58]","[174.54, 61]",168.7,374,9.05,0.36
07:35:37,"[166.2, 82]","[163.45, 44]","[170.09, 35]","[171.43, 28]",168.14,189,3.89,0.33
07:35:38,"[166.08, 75]","[163.6, 60]","[169.0, 48]","[171.0, 36]",167.54,219,2.92,0.23
07:35:39,"[163.97, 63]","[161.68, 28]","[166.91, 44]","[183.8, 45]",165.44,180,2.94,0.01
07:35:40,"[163.73, 30]","[161.95, 41]","[223.83, 24]","[238.0, 24]",193.78,119,60.1,0.19
07:35:41,"[163.0, 15]","[161.9, 21]","[199.0, 10]","[322.5, 38]",181.0,84,36.0,-0.14
07:35:42,"[160.61, 18]","[159.74, 23]","[197.56, 9]","[222.33, 45]",179.08,95,36.94,-0.14
07:35:43,"[159.14, 7]","[158.4, 10]","[195.57, 7]","[521.29, 35]",177.36,59,36.43,-0.42
07:35:44,"[159.0, 7]","[158.0, 7]","[195.0, 7]","[526.43, 35]",177.0,56,36.0,-0.5
07:35:45,"[159.0, 8]","[158.0, 8]","[192.8, 10]","[194.05, 22]",175.9,48,33.8,-0.33
07:35:46,"[159.0, 12]","[158.0, 12]","[192.0, 12]","[194.0, 36]",175.5,72,33.0,-0.33
07:35:47,"[147.0, 11]","[128.3, 10]","[191.0, 8]","[194.0, 24]",169.0,53,44.0,-0.21
07:35:48,"[59.0, 24]","[40.0, 32]","[153.67, 15]","[184.7, 10]",106.33,81,94.67,0.38
07:35:49,"[127.67, 9]","[75.18, 22]","[193.0, 21]","[428.73, 22]",160.33,74,65.33,-0.16
07:35:50,"[162.0, 7]","[131.45, 33]","[191.29, 21]","[432.0, 28]",176.64,89,29.29,-0.1
07:35:51,"[162.0, 10]","[143.58, 64]","[191.0, 30]","[304.78, 36]",176.5,140,29.0,0.06
07:35:52,"[161.29, 28]","[160.77, 104]","[188.0, 30]","[199.78, 27]",174.64,189,26.71,0.4
07:35:53,"[161.0, 112]","[158.29, 56]","[185.46, 39]","[188.0, 39]",173.23,246,24.46,0.37
07:35:54,"[161.0, 63]","[160.0, 72]","[183.89, 27]","[185.11, 27]",172.44,189,22.89,0.43
07:35:55,"[161.08, 76]","[160.07, 95]","[181.31, 39]","[183.5, 36]",171.19,246,20.23,0.39
07:35:56,"[161.0, 42]","[160.0, 112]","[179.73, 45]","[181.64, 42]",170.37,241,18.73,0.28
07:35:57,"[160.18, 49]","[159.92, 61]","[176.75, 40]","[178.59, 37]",168.47,187,16.57,0.18
07:35:58,"[160.82, 51]","[159.97, 108]","[173.4, 45]","[174.65, 49]",167.11,253,12.58,0.26
07:35:59,"[167.64, 44]","[164.52, 50]","[169.44, 27]","[172.0, 27]",168.54,148,1.81,0.27
07:36:00,"[168.0, 36]","[166.0, 45]","[169.0, 27]","[172.0, 27]",168.5,135,1.0,0.2
07:36:01,"[166.43, 37]","[164.67, 60]","[168.71, 42]","[171.14, 42]",167.57,181,2.28,0.07
07:36:02,"[164.4, 40]","[162.4, 80]","[167.86, 22]","[205.97, 37]",166.13,179,3.46,0.34
07:36:03,"[164.0, 32]","[161.71, 68]","[166.0, 16]","[209.76, 17]",165.0,133,2.0,0.5
07:36:04,"[161.86, 70]","[160.56, 90]","[164.9, 20]","[544.76, 29]",163.38,209,3.04,0.53
07:36:05,"[161.38, 48]","[160.83, 144]","[164.0, 30]","[352.8, 65]",162.69,287,2.62,0.34
07:36:06,"[160.8, 30]","[160.23, 180]","[179.38, 26]","[433.02, 53]",170.09,289,18.58,0.45
07:36:07,"[160.08, 182]","[158.46, 79]","[197.41, 59]","[222.02, 42]",178.74,362,37.33,0.44
07:36:08,"[162.0, 110]","[160.0, 129]","[174.29, 35]","[194.77, 26]",168.14,300,12.29,0.59
07:36:09,"[162.0, 56]","[160.0, 105]","[192.8, 10]","[194.92, 25]",177.4,196,30.8,0.64
07:36:10,"[160.54, 103]","[159.67, 126]","[191.17, 48]","[193.0, 12]",175.86,289,30.62,0.58
07:36:11,"[160.0, 120]","[158.0, 40]","[189.69, 26]","[191.0, 14]",174.85,200,29.69,0.6
07:36:12,"[160.5, 132]","[159.66, 123]","[187.18, 45]","[222.12, 34]",173.84,334,26.68,0.53
07:36:13,"[163.0, 166]","[162.0, 144]","[185.44, 55]","[185.57, 28]",174.22,393,22.44,0.58
07:36:14,"[163.79, 97]","[162.65, 51]","[178.95, 37]","[180.32, 34]",171.37,219,15.15,0.35
07:36:15,"[163.93, 82]","[162.65, 51]","[169.07, 57]","[175.74, 53]",166.5,243,5.14,0.09
07:36:16,"[162.95, 79]","[161.41, 80]","[169.47, 57]","[237.51, 63]",166.21,279,6.52,0.14
07:36:17,"[161.27, 22]","[159.77, 26]","[175.12, 32]","[334.75, 40]",168.2,120,13.85,-0.2
07:36:18,"[161.0, 10]","[160.0, 104]","[175.0, 40]","[315.6, 50]",168.0,204,14.0,0.12
07:36:19,"[161.64, 11]","[160.0, 121]","[175.0, 44]","[323.45, 55]",168.32,231,13.36,0.14
07:36:20,"[163.98, 137]","[160.0, 99]","[175.0, 36]","[334.0, 45]",169.49,317,11.02,0.49
07:36:21,"[164.0, 264]","[160.43, 58]","[175.0, 32]","[334.0, 40]",169.5,394,11.0,0.63
07:36:22,"[164.0, 363]","[161.0, 55]","[172.55, 44]","[282.83, 48]",168.27,510,8.55,0.64
07:36:23,"[164.02, 403]","[163.38, 205]","[168.37, 52]","[170.17, 53]",166.19,713,4.35,0.71
07:36:24,"[164.0, 345]","[162.0, 62]","[165.42, 48]","[215.97, 38]",164.71,493,1.42,0.65
07:36:25,"[164.0, 168]","[162.0, 91]","[165.0, 28]","[505.5, 30]",164.5,317,1.0,0.63
07:36:26,"[164.0, 239]","[162.0, 156]","[321.92, 52]","[529.15, 41]",242.96,488,157.92,0.62
07:36:27,"[164.0, 140]","[162.0, 104]","[265.3, 33]","[635.51, 39]",214.65,316,101.3,0.54
07:36:28,"[162.38, 80]","[161.39, 33]","[544.33, 30]","[745.0, 24]",353.35,167,381.96,0.35
07:36:29,"[162.0, 73]","[161.0, 24]","[727.0, 30]","[745.0, 24]",444.5,151,565.0,0.28
07:36:30,"[163.59, 82]","[162.08, 49]","[723.5, 60]","[745.0, 48]",443.54,239,559.91,0.1
07:36:31,"[165.88, 48]","[163.09, 33]","[347.5, 40]","[434.66, 41]",256.69,162,181.62,0.0
07:36:32,"[165.0, 8]","[162.0, 28]","[374.5, 20]","[736.0, 16]",269.75,72,209.5,0.0
07:36:33,"[165.0, 18]","[162.16, 38]","[253.0, 45]","[616.11, 36]",209.0,137,88.0,-0.18
07:36:34,"[165.0, 18]","[163.0, 30]","[253.0, 45]","[466.0, 9]",209.0,102,88.0,-0.06
07:36:35,"[163.5, 24]","[162.33, 45]","[332.67, 45]","[466.0, 9]",248.08,123,169.17,0.12
07:36:36,"[163.71, 51]","[162.32, 37]","[447.92, 13]","[501.12, 41]",305.81,142,284.22,0.24
07:36:37,"[164.41, 87]","[163.0, 36]","[237.57, 28]","[432.86, 28]",200.99,179,73.16,0.37
07:36:38,"[165.67, 27]","[163.0, 24]","[228.5, 20]","[415.22, 32]",197.08,103,62.83,-0.01
07:36:39,"[167.0, 24]","[163.0, 24]","[226.5, 32]","[298.38, 32]",196.75,112,59.5,-0.14
07:36:40,"[168.87, 95]","[162.67, 15]","[215.48, 29]","[265.05, 43]",192.18,182,46.61,0.21
07:36:41,"[169.0, 95]","[163.0, 10]","[202.8, 30]","[313.0, 50]",185.9,185,33.8,0.14
07:36:42,"[169.0, 64]","[163.0, 8]","[221.18, 22]","[312.33, 24]",195.09,118,52.18,0.22
07:36:43,"[169.0, 88]","[163.0, 12]","[308.0, 36]","[312.85, 52]",238.5,188,139.0,0.06
07:36:44,"[169.0, 63]","[163.0, 9]","[284.42, 19]","[413.14, 37]",226.71,128,115.42,0.12
07:36:45,"[169.0, 63]","[163.0, 9]","[306.11, 27]","[565.55, 33]",237.56,132,137.11,0.09
07:36:46,"[169.0, 91]","[163.0, 13]","[306.0, 39]","[527.53, 19]",237.5,162,137.0,0.28
07:36:47,"[169.0, 34]","[163.0, 12]","[271.3, 30]","[319.46, 26]",220.15,102,102.3,-0.1
07:36:48,"[169.0, 18]","[163.0, 9]","[233.67, 27]","[267.94, 17]",201.33,71,64.67,-0.24
07:36:49,"[169.0, 14]","[163.0, 10]","[265.84, 38]","[266.75, 32]",217.42,94,96.84,-0.49
07:36:50,"[161.12, 65]","[160.23, 13]","[264.47, 45]","[265.61, 46]",212.79,169,103.34,-0.08
07:36:51,"[160.67, 18]","[159.08, 52]","[263.05, 39]","[264.61, 31]",211.86,140,102.38,0.0
07:36:52,"[159.03, 36]","[158.13, 63]","[261.0, 18]","[262.0, 24]",210.01,141,101.97,0.4
07:36:53,"[160.57, 46]","[158.32, 65]","[239.86, 21]","[261.77, 26]",200.21,158,79.29,0.41
07:36:54,"[165.76, 59]","[160.4, 94]","[185.67, 42]","[187.55, 29]",175.71,224,19.9,0.37
07:36:55,"[168.0, 60]","[162.33, 54]","[183.24, 42]","[184.9, 40]",175.62,196,15.24,0.16
07:36:56,"[166.34, 29]","[162.8, 50]","[180.3, 20]","[181.57, 28]",173.32,127,13.96,0.24
07:36:57,"[165.45, 58]","[162.82, 68]","[174.39, 31]","[175.47, 30]",169.92,187,8.94,0.35
07:36:58,"[166.0, 90]","[164.0, 60]","[171.87, 30]","[173.0, 45]",168.93,225,5.87,0.33
07:36:59,"[166.0, 70]","[164.0, 48]","[168.45, 31]","[171.36, 33]",167.23,182,2.45,0.3
07:37:00,"[164.1, 42]","[163.07, 108]","[166.45, 38]","[268.75, 36]",165.27,224,2.35,0.34
07:37:01,"[163.25, 48]","[162.26, 57]","[167.0, 21]","[260.25, 12]",165.12,138,3.75,0.52
07:37:02,"[163.0, 69]","[162.0, 96]","[166.5, 24]","[253.0, 11]",164.75,200,3.5,0.65
07:37:03,"[163.0, 48]","[162.0, 120]","[165.1, 30]","[336.4, 10]",164.05,208,2.1,0.62
07:37:04,"[163.0, 26]","[162.0, 226]","[187.39, 31]","[421.62, 13]",175.19,296,24.39,0.7
07:37:05,"[163.0, 8]","[162.0, 96]","[448.0, 4]","[655.5, 4]",305.5,112,285.0,0.86
07:37:06,"[163.0, 14]","[162.0, 126]","[277.43, 21]","[401.62, 13]",220.21,174,114.43,0.61
07:37:07,"[163.0, 20]","[162.0, 180]","[246.42, 38]","[247.38, 42]",204.71,280,83.42,0.43
07:37:08,"[162.0, 180]","[161.0, 36]","[244.33, 60]","[246.0, 36]",203.17,312,82.33,0.38
07:37:09,"[162.0, 180]","[161.0, 36]","[222.74, 34]","[237.18, 28]",192.37,278,60.74,0.55
07:37:10,"[162.0, 161]","[161.0, 33]","[210.24, 45]","[211.77, 39]",186.12,278,48.24,0.4
07:37:11,"[162.0, 121]","[161.0, 33]","[208.06, 51]","[210.43, 35]",185.03,240,46.06,0.28
07:37:12,"[162.92, 130]","[161.65, 85]","[203.81, 31]","[205.16, 51]",183.36,297,40.88,0.45
07:37:13,"[163.45, 66]","[161.75, 59]","[200.47, 15]","[201.15, 39]",181.96,179,37.01,0.4
07:37:14,"[162.0, 77]","[161.0, 30]","[196.25, 32]","[197.94, 34]",179.12,173,34.25,0.24
07:37:15,"[162.0, 105]","[161.0, 45]","[189.17, 41]","[194.75, 55]",175.59,246,27.17,0.22
07:37:16,"[162.0, 53]","[161.0, 33]","[172.03, 39]","[189.37, 27]",167.01,152,10.03,0.13
07:37:17,"[164.62, 64]","[163.43, 61]","[187.0, 12]","[188.0, 60]",175.81,197,22.38,0.27
07:37:18,"[166.0, 33]","[164.87, 60]","[186.45, 11]","[188.0, 55]",176.23,159,20.45,0.17
07:37:19,"[166.0, 33]","[163.41, 17]","[186.0, 11]","[188.0, 55]",176.0,116,20.0,-0.14
07:37:20,"[164.19, 73]","[163.66, 32]","[184.17, 42]","[185.07, 42]",174.18,189,19.97,0.11
07:37:21,"[164.0, 78]","[163.0, 13]","[177.34, 47]","[202.48, 29]",170.67,167,13.34,0.09
07:37:22,"[164.0, 78]","[162.8, 59]","[173.7, 47]","[174.31, 45]",168.85,229,9.7,0.2
07:37:23,"[164.0, 54]","[163.0, 84]","[171.0, 9]","[173.0, 27]",167.5,174,7.0,0.59
07:37:24,"[164.0, 66]","[163.0, 110]","[169.07, 15]","[170.14, 43]",166.53,234,5.07,0.5
07:37:25,"[164.0, 53]","[163.0, 110]","[165.66, 41]","[166.57, 35]",164.83,239,1.66,0.36
07:37:26,"[163.55, 22]","[162.93, 164]","[165.29, 17]","[179.46, 61]",164.42,264,1.75,0.41
07:37:27,"[163.0, 157]","[162.0, 192]","[164.79, 19]","[348.86, 73]",163.89,441,1.79,0.58
07:37:28,"[162.27, 98]","[161.73, 66]","[176.5, 26]","[228.77, 31]",169.38,221,14.23,0.48
07:37:29,"[162.67, 108]","[161.67, 72]","[179.67, 60]","[277.53, 59]",171.17,299,17.0,0.2
07:37:30,"[168.0, 33]","[164.11, 152]","[173.81, 42]","[339.91, 47]",170.9,274,5.81,0.35
07:37:31,"[168.0, 28]","[166.0, 160]","[170.38, 13]","[180.0, 19]",169.19,220,2.38,0.71
07:37:32,"[166.12, 86]","[163.95, 164]","[168.5, 12]","[390.89, 55]",167.31,317,2.38,0.58
07:37:33,"[166.0, 80]","[162.17, 92]","[168.0, 11]","[412.09, 44]",167.0,227,2.0,0.52
07:37:34,"[166.0, 72]","[164.15, 26]","[167.33, 12]","[384.61, 46]",166.67,156,1.33,0.26
07:37:35,"[166.0, 62]","[164.73, 44]","[300.48, 46]","[373.94, 54]",233.24,206,134.48,0.03
07:37:36,"[166.0, 6]","[164.0, 12]","[286.0, 18]","[469.0, 30]",226.0,66,120.0,-0.45
07:37:37,"[165.38, 13]","[163.2, 30]","[260.1, 42]","[364.7, 40]",212.74,125,94.71,-0.31
07:37:38,"[165.26, 43]","[162.22, 54]","[223.0, 55]","[375.82, 34]",194.13,186,57.74,0.04
07:37:39,"[166.0, 81]","[164.0, 18]","[223.0, 45]","[442.0, 36]",194.5,180,57.0,0.1
07:37:40,"[166.0, 72]","[164.0, 40]","[324.75, 40]","[440.38, 32]",245.38,184,158.75,0.22
07:37:41,"[166.0, 117]","[164.0, 65]","[383.69, 65]","[591.0, 52]",274.85,299,217.69,0.22
07:37:42,"[166.0, 108]","[164.0, 60]","[232.57, 56]","[264.69, 39]",199.29,263,66.57,0.28
07:37:43,"[166.0, 94]","[164.0, 50]","[232.0, 50]","[289.0, 30]",199.0,224,66.0,0.29
07:37:44,"[166.0, 104]","[164.0, 47]","[231.62, 65]","[323.9, 40]",198.81,256,65.62,0.18
07:37:45,"[166.0, 10]","[164.0, 16]","[230.0, 40]","[531.8, 30]",198.0,96,64.0,-0.46
07:37:46,"[166.0, 33]","[164.0, 22]","[210.16, 51]","[325.1, 31]",188.08,137,44.16,-0.2
07:37:47,"[164.05, 113]","[162.07, 60]","[166.27, 44]","[175.09, 35]",165.16,252,2.22,0.37
07:37:48,"[164.0, 144]","[162.0, 88]","[165.81, 54]","[200.62, 58]",164.91,344,1.81,0.35
07:37:49,"[164.0, 8]","[162.0, 18]","[166.0, 12]","[533.0, 12]",165.0,50,2.0,0.04
07:37:50,"[162.67, 18]","[161.75, 48]","[257.0, 32]","[534.46, 26]",209.83,124,94.33,0.06
07:37:51,"[162.0, 56]","[161.0, 48]","[407.16, 25]","[419.62, 16]",284.58,145,245.16,0.43
07:37:52,"[162.0, 74]","[161.0, 84]","[338.24, 51]","[388.32, 40]",250.12,249,176.24,0.27
07:37:53,"[162.51, 47]","[161.04, 69]","[335.29, 51]","[337.28, 61]",248.9,228,172.78,0.02
07:37:54,"[163.0, 80]","[162.0, 10]","[325.07, 43]","[326.08, 38]",244.03,171,162.07,0.05
07:37:55,"[163.0, 80]","[162.0, 10]","[323.41, 37]","[325.07, 44]",243.2,171,160.41,0.05
07:37:56,"[163.0, 136]","[162.0, 17]","[284.15, 52]","[298.37, 67]",223.58,272,121.15,0.12
07:37:57,"[163.0, 72]","[162.0, 9]","[267.92, 25]","[270.91, 35]",215.46,141,104.92,0.15
07:37:58,"[163.0, 104]","[162.0, 13]","[268.04, 46]","[270.07, 45]",215.52,208,105.04,0.12
07:37:59,"[164.96, 102]","[162.73, 33]","[266.51, 53]","[268.7, 40]",215.74,228,101.55,0.18
07:38:00,"[168.0, 132]","[163.0, 96]","[262.57, 60]","[263.59, 64]",215.28,352,94.57,0.3
07:38:01,"[168.0, 75]","[163.58, 57]","[210.84, 55]","[230.62, 53]",189.42,240,42.84,0.1
07:38:02,"[166.8, 50]","[163.61, 51]","[183.25, 52]","[184.65, 51]",175.03,204,16.45,-0.01
07:38:03,"[164.0, 36]","[163.0, 60]","[177.8, 40]","[179.03, 39]",170.9,175,13.8,0.1
07:38:04,"[163.57, 58]","[162.92, 60]","[168.64, 56]","[170.82, 56]",166.11,230,5.07,0.03
07:38:05,"[162.75, 16]","[161.43, 14]","[164.29, 34]","[172.3, 30]",163.52,94,1.54,-0.36
07:38:06,"[158.67, 60]","[145.54, 26]","[166.0, 24]","[460.0, 12]",162.33,122,7.33,0.41
07:38:07,"[112.53, 89]","[91.21, 72]","[166.0, 20]","[564.5, 10]",139.26,191,53.47,0.69
07:38:08,"[119.5, 130]","[70.41, 32]","[156.14, 29]","[158.8, 25]",137.82,216,36.64,0.5
07:38:09,"[121.51, 49]","[69.47, 135]","[155.74, 47]","[156.38, 37]",138.63,268,34.23,0.37
07:38:10,"[121.31, 62]","[98.92, 50]","[155.25, 40]","[158.0, 8]",138.28,160,33.94,0.4
07:38:11,"[132.69, 75]","[129.55, 44]","[216.32, 31]","[287.75, 8]",174.51,158,83.63,0.51
07:38:12,"[162.0, 104]","[126.05, 39]","[446.53, 15]","[618.62, 13]",304.27,171,284.53,0.67
07:38:13,"[162.0, 72]","[89.32, 118]","[230.4, 10]","[369.7, 10]",196.2,210,68.4,0.81
07:38:14,"[162.0, 49]","[149.71, 7]","[273.0, 7]","[417.0, 7]",217.5,70,111.0,0.6
07:38:15,"[162.0, 71]","[158.0, 12]","[315.0, 12]","[509.42, 12]",238.5,107,153.0,0.55
07:38:16,"[163.21, 38]","[161.75, 48]","[286.83, 12]","[572.17, 12]",225.02,110,123.62,0.56
07:38:17,"[164.0, 27]","[162.0, 53]","[268.0, 9]","[602.11, 9]",216.0,98,104.0,0.63
07:38:18,"[164.0, 27]","[162.0, 54]","[285.89, 9]","[382.22, 9]",224.94,99,121.89,0.64
07:38:19,"[163.41, 41]","[161.9, 63]","[264.53, 34]","[546.82, 22]",213.97,160,101.11,0.3
07:38:20,"[162.0, 48]","[160.88, 48]","[322.52, 42]","[407.39, 18]",242.26,156,160.52,0.23
07:38:21,"[161.25, 56]","[160.73, 26]","[324.6, 40]","[482.0, 10]",242.93,132,163.35,0.24
07:38:22,"[161.24, 41]","[160.5, 12]","[356.43, 28]","[738.0, 7]",258.84,88,195.18,0.2
07:38:23,"[161.0, 118]","[160.0, 15]","[310.19, 43]","[382.67, 24]",235.59,200,149.19,0.33
07:38:24,"[161.0, 42]","[160.0, 7]","[308.0, 21]","[311.0, 7]",234.5,77,147.0,0.27
07:38:25,"[161.0, 43]","[160.0, 8]","[307.75, 16]","[308.75, 16]",234.38,83,146.75,0.23
07:38:26,"[160.69, 58]","[159.02, 47]","[203.74, 27]","[279.58, 31]",182.22,163,43.05,0.29
07:38:27,"[162.0, 64]","[159.0, 96]","[198.5, 12]","[257.0, 12]",180.25,184,36.5,0.74
07:38:28,"[162.0, 26]","[159.0, 104]","[197.09, 22]","[251.5, 22]",179.55,174,35.09,0.49
07:38:29,"[162.16, 19]","[159.26, 70]","[196.0, 44]","[198.0, 11]",179.08,144,33.84,0.24
07:38:30,"[167.23, 26]","[162.58, 19]","[194.03, 34]","[194.31, 26]",180.63,105,26.8,-0.14
07:38:31,"[168.0, 34]","[163.73, 33]","[178.24, 34]","[188.74, 53]",173.12,154,10.24,-0.13
07:38:32,"[168.0, 28]","[164.0, 42]","[174.94, 33]","[175.93, 30]",171.47,133,6.94,0.05
07:38:33,"[167.16, 19]","[163.92, 26]","[171.86, 21]","[173.25, 20]",169.51,86,4.7,0.05
07:38:34,"[163.62, 16]","[162.25, 16]","[173.62, 26]","[174.09, 22]",168.62,80,9.99,-0.2
07:38:35,"[163.0, 16]","[162.0, 32]","[169.86, 28]","[171.53, 34]",166.43,110,6.86,-0.13
07:38:36,"[162.47, 15]","[161.2, 30]","[164.87, 45]","[167.27, 15]",163.67,105,2.4,-0.14
07:38:37,"[161.14, 51]","[159.09, 92]","[163.35, 34]","[164.23, 39]",162.25,216,2.22,0.32
07:38:38,"[161.61, 83]","[159.86, 58]","[163.94, 109]","[165.15, 34]",162.78,284,2.32,-0.01
07:38:39,"[162.0, 37]","[161.0, 32]","[163.97, 29]","[196.4, 25]",162.98,123,1.97,0.12
07:38:40,"[162.0, 16]","[161.0, 32]","[163.89, 27]","[207.0, 24]",162.94,99,1.89,-0.03
07:38:41,"[161.5, 24]","[160.07, 29]","[223.08, 12]","[342.71, 14]",192.29,79,61.58,0.34
07:38:42,"[162.0, 10]","[161.0, 20]","[260.0, 5]","[508.67, 21]",211.0,56,98.0,0.07
07:38:43,"[162.73, 30]","[161.0, 60]","[258.73, 15]","[425.32, 59]",210.73,164,96.0,0.1
07:38:44,"[163.31, 16]","[160.95, 38]","[256.5, 10]","[295.69, 26]",209.91,90,93.19,0.2
07:38:45,"[161.0, 12]","[160.0, 24]","[255.58, 12]","[293.0, 24]",208.29,72,94.58,0.0
07:38:46,"[161.0, 11]","[160.0, 22]","[216.94, 31]","[218.53, 47]",188.97,111,55.94,-0.41
07:38:47,"[161.58, 12]","[160.41, 17]","[213.94, 18]","[215.8, 30]",187.76,77,52.36,-0.25
07:38:48,"[162.0, 7]","[160.27, 11]","[212.57, 21]","[214.0, 7]",187.29,46,50.57,-0.22
07:38:49,"[162.0, 11]","[160.57, 14]","[210.17, 23]","[211.14, 21]",186.09,69,48.17,-0.28
07:38:50,"[161.45, 11]","[158.92, 26]","[207.41, 17]","[209.11, 27]",184.43,81,45.96,-0.09
07:38:51,"[162.73, 110]","[144.52, 25]","[180.59, 17]","[198.44, 25]",171.66,177,17.86,0.53
07:38:52,"[163.24, 63]","[161.85, 52]","[198.07, 15]","[205.48, 29]",180.65,159,34.83,0.45
07:38:53,"[163.25, 61]","[161.57, 56]","[201.15, 33]","[203.95, 19]",182.2,169,37.91,0.38
07:38:54,"[163.13, 46]","[161.57, 77]","[195.14, 37]","[201.12, 24]",179.13,184,32.0,0.34
07:38:55,"[164.15, 52]","[161.58, 59]","[199.91, 33]","[203.0, 11]",182.03,155,35.76,0.43
07:38:56,"[168.0, 52]","[163.0, 65]","[196.83, 23]","[198.86, 29]",182.41,169,28.83,0.38
07:38:57,"[168.0, 56]","[163.14, 58]","[195.19, 16]","[196.03, 40]",181.59,170,27.19,0.34
07:38:58,"[168.0, 44]","[163.0, 55]","[194.45, 29]","[397.55, 40]",181.22,168,26.45,0.18
07:38:59,"[163.45, 44]","[162.14, 37]","[192.32, 37]","[193.35, 23]",177.89,141,28.87,0.15
07:39:00,"[163.0, 60]","[162.0, 48]","[191.28, 36]","[192.16, 31]",177.14,175,28.28,0.23
07:39:01,"[163.08, 61]","[161.44, 72]","[185.38, 48]","[187.28, 29]",174.23,210,22.29,0.27
07:39:02,"[164.0, 30]","[162.0, 40]","[184.29, 34]","[184.75, 32]",174.15,136,20.29,0.03
07:39:03,"[163.73, 45]","[161.44, 72]","[175.59, 61]","[176.75, 36]",169.66,214,11.86,0.09
07:39:04,"[162.0, 48]","[160.0, 160]","[169.0, 44]","[170.33, 51]",165.5,303,7.0,0.37
07:39:05,"[160.65, 74]","[159.78, 90]","[163.19, 47]","[164.0, 43]",161.92,254,2.54,0.29
07:39:06,"[160.0, 86]","[158.0, 26]","[161.73, 22]","[205.69, 26]",160.86,160,1.73,0.4
07:39:07,"[160.0, 70]","[158.0, 28]","[161.71, 28]","[271.97, 61]",160.86,187,1.71,0.05
07:39:08,"[160.12, 34]","[158.55, 22]","[325.42, 38]","[438.77, 39]",242.77,133,165.3,-0.16
07:39:09,"[161.53, 15]","[160.0, 39]","[222.15, 59]","[536.46, 35]",191.84,148,60.62,-0.27
07:39:10,"[163.0, 73]","[160.0, 30]","[225.0, 50]","[490.33, 24]",194.0,177,62.0,0.16
07:39:11,"[163.0, 48]","[162.0, 30]","[225.0, 30]","[353.0, 24]",194.0,132,62.0,0.18
07:39:12,"[163.0, 66]","[162.0, 104]","[224.58, 57]","[309.47, 51]",193.79,278,61.58,0.22
07:39:13,"[162.09, 44]","[161.57, 23]","[334.29, 31]","[428.23, 26]",248.19,124,172.2,0.08
07:39:14,"[162.0, 56]","[160.0, 12]","[477.17, 42]","[584.38, 42]",319.58,152,315.17,-0.11
07:39:15,"[162.0, 32]","[160.0, 8]","[435.1, 31]","[489.91, 22]",298.55,93,273.1,-0.14
07:39:16,"[165.08, 52]","[161.86, 43]","[238.42, 19]","[403.72, 29]",201.75,143,73.34,0.33
07:39:17,"[164.12, 34]","[161.8, 40]","[236.62, 13]","[504.19, 32]",200.37,119,72.5,0.24
07:39:18,"[162.0, 36]","[160.0, 9]","[179.65, 17]","[226.36, 28]",170.82,90,17.65,0.0
07:39:19,"[162.0, 24]","[160.0, 6]","[167.28, 18]","[304.36, 22]",164.64,70,5.28,-0.14
07:39:20,"[162.0, 36]","[160.97, 33]","[167.0, 27]","[413.83, 24]",164.5,120,5.0,0.15
07:39:21,"[162.0, 32]","[161.0, 32]","[165.7, 23]","[268.65, 17]",163.85,104,3.7,0.23
07:39:22,"[161.38, 39]","[160.67, 18]","[163.33, 18]","[165.0, 27]",162.36,102,1.95,0.12
07:39:23,"[162.0, 30]","[160.95, 42]","[163.0, 19]","[411.15, 26]",162.5,117,1.0,0.23
07:39:24,"[162.0, 12]","[160.57, 7]","[213.67, 15]","[412.65, 17]",187.83,51,51.67,-0.25
07:39:25,"[162.33, 9]","[161.22, 9]","[382.5, 24]","[608.37, 27]",272.42,69,220.17,-0.48
07:39:26,"[165.83, 59]","[163.29, 14]","[554.76, 34]","[652.98, 55]",360.3,162,388.93,-0.1
07:39:27,"[166.0, 50]","[163.5, 8]","[270.41, 37]","[601.32, 19]",218.2,114,104.41,0.02
07:39:28,"[166.0, 36]","[162.0, 8]","[387.0, 28]","[545.12, 16]",276.5,88,221.0,0.0
07:39:29,"[166.44, 27]","[164.12, 17]","[251.7, 20]","[416.92, 24]",209.07,88,85.26,0.0
07:39:30,"[166.82, 17]","[165.17, 36]","[426.57, 28]","[580.89, 36]",296.7,117,259.75,-0.09
07:39:31,"[160.56, 18]","[157.27, 30]","[325.05, 21]","[349.86, 29]",242.8,98,164.49,-0.02
07:39:32,"[160.0, 20]","[158.0, 30]","[207.8, 30]","[369.23, 26]",183.9,106,47.8,-0.06
07:39:33,"[159.26, 43]","[145.11, 27]","[206.55, 29]","[352.92, 26]",182.9,125,47.3,0.12
07:39:34,"[160.0, 63]","[158.0, 27]","[205.38, 29]","[205.67, 30]",182.69,149,45.38,0.21
07:39:35,"[160.0, 81]","[158.6, 30]","[199.67, 15]","[204.58, 33]",179.83,159,39.67,0.4
07:39:36,"[160.0, 28]","[158.47, 34]","[183.82, 38]","[185.43, 60]",171.91,160,23.82,-0.23
07:39:37,"[160.0, 30]","[158.0, 45]","[179.0, 32]","[182.18, 57]",169.5,164,19.0,-0.09
07:39:38,"[162.7, 61]","[159.42, 31]","[173.38, 42]","[174.07, 42]",168.04,176,10.68,0.05
07:39:39,"[163.0, 40]","[160.0, 16]","[168.91, 32]","[169.42, 12]",165.95,100,5.91,0.12
07:39:40,"[163.0, 44]","[160.0, 24]","[164.75, 20]","[165.18, 44]",163.88,132,1.75,0.03
07:39:41,"[159.71, 41]","[111.62, 47]","[162.18, 40]","[164.52, 56]",160.94,184,2.47,-0.04
07:39:42,"[138.77, 39]","[94.83, 52]","[159.87, 46]","[192.97, 29]",149.32,166,21.1,0.1
07:39:43,"[113.85, 65]","[70.71, 63]","[304.36, 22]","[355.56, 36]",209.1,186,190.52,0.38
07:39:44,"[97.46, 65]","[67.68, 47]","[248.31, 35]","[321.44, 45]",172.89,192,150.85,0.17
07:39:45,"[158.38, 42]","[119.2, 25]","[338.71, 24]","[485.09, 33]",248.54,124,180.33,0.08
07:39:46,"[158.0, 35]","[127.0, 17]","[492.26, 35]","[615.0, 28]",325.13,115,334.26,-0.1
07:39:47,"[160.71, 14]","[137.69, 26]","[480.0, 32]","[624.0, 16]",320.36,88,319.29,-0.09
07:39:48,"[168.0, 4]","[164.0, 4]","[545.25, 16]","[624.0, 8]",356.62,32,377.25,-0.5
07:39:49,"[161.33, 9]","[155.27, 11]","[619.0, 20]","[624.0, 10]",390.17,50,457.67,-0.2
07:39:50,"[158.0, 27]","[129.09, 34]","[621.85, 26]","[640.86, 28]",389.92,115,463.85,0.06
07:39:51,"[158.0, 18]","[123.0, 24]","[379.67, 18]","[556.67, 18]",268.83,78,221.67,0.08
07:39:52,"[158.0, 16]","[123.0, 24]","[265.2, 20]","[444.75, 16]",211.6,76,107.2,0.05
07:39:53,"[163.0, 5]","[158.67, 6]","[254.33, 12]","[275.33, 18]",208.67,41,91.33,-0.46
07:39:54,"[163.0, 5]","[160.0, 10]","[254.0, 10]","[255.0, 20]",208.5,45,91.0,-0.33
07:39:55,"[161.83, 12]","[135.35, 26]","[215.11, 18]","[220.79, 29]",188.47,85,53.28,-0.11
07:39:56,"[163.7, 10]","[158.95, 21]","[207.95, 20]","[208.87, 30]",185.82,81,44.25,-0.23
07:39:57,"[164.64, 11]","[162.0, 11]","[203.82, 38]","[206.94, 17]",184.23,77,39.18,-0.43
07:39:58,"[166.0, 5]","[162.0, 5]","[202.2, 20]","[206.0, 5]",184.1,35,36.2,-0.43
07:39:59,"[166.0, 8]","[162.0, 48]","[199.07, 28]","[200.3, 27]",182.54,111,33.07,0.01
07:40:00,"[163.14, 14]","[159.14, 84]","[194.29, 21]","[195.25, 32]",178.71,151,31.14,0.3
07:40:01,"[158.07, 110]","[145.25, 48]","[188.67, 27]","[189.11, 27]",173.37,212,30.59,0.49
07:40:02,"[158.68, 66]","[153.27, 88]","[184.0, 45]","[184.7, 30]",171.34,229,25.32,0.34
07:40:03,"[160.56, 27]","[158.0, 85]","[180.48, 23]","[182.0, 25]",170.52,160,19.92,0.4
07:40:04,"[159.65, 46]","[139.36, 66]","[175.41, 34]","[176.45, 44]",167.53,190,15.76,0.18
07:40:05,"[158.31, 39]","[141.48, 66]","[171.12, 17]","[172.59, 27]",164.71,149,12.81,0.41
07:40:06,"[160.0, 12]","[158.0, 96]","[165.96, 24]","[168.19, 26]",162.98,158,5.96,0.37
07:40:07,"[158.15, 26]","[154.4, 40]","[163.95, 21]","[191.54, 13]",161.05,100,5.8,0.32
07:40:08,"[158.73, 11]","[152.0, 20]","[163.0, 20]","[210.2, 5]",160.86,56,4.27,0.11
07:40:09,"[159.0, 32]","[152.04, 55]","[163.0, 48]","[406.0, 12]",161.0,147,4.0,0.18
07:40:10,"[158.22, 54]","[146.77, 26]","[379.5, 28]","[590.57, 14]",268.86,122,221.28,0.31
07:40:11,"[159.18, 17]","[158.14, 28]","[386.71, 7]","[478.92, 13]",272.95,65,227.54,0.38
07:40:12,"[164.4, 20]","[161.29, 17]","[389.2, 20]","[478.36, 11]",276.8,68,224.8,0.09
07:40:13,"[165.11, 36]","[164.0, 18]","[397.0, 27]","[590.0, 45]",281.06,126,231.89,-0.14
07:40:14,"[166.0, 24]","[164.0, 10]","[215.0, 15]","[731.0, 25]",190.5,74,49.0,-0.08
07:40:15,"[166.0, 60]","[164.0, 20]","[214.58, 60]","[307.82, 51]",190.29,191,48.58,-0.16
07:40:16,"[166.0, 42]","[164.0, 24]","[214.0, 60]","[217.93, 41]",190.0,167,48.0,-0.21
07:40:17,"[166.0, 7]","[164.0, 14]","[214.0, 35]","[236.57, 21]",190.0,77,48.0,-0.45
07:40:18,"[167.09, 11]","[164.75, 16]","[213.82, 55]","[262.49, 41]",190.45,123,46.73,-0.56
07:40:19,"[168.0, 11]","[166.0, 11]","[211.27, 55]","[215.39, 49]",189.64,126,43.27,-0.65
07:40:20,"[164.59, 17]","[163.09, 11]","[208.0, 50]","[213.0, 50]",186.29,128,43.41,-0.56
07:40:21,"[164.0, 34]","[162.0, 17]","[185.67, 43]","[185.88, 85]",174.84,179,21.67,-0.43
07:40:22,"[162.34, 29]","[160.12, 41]","[176.0, 40]","[179.09, 43]",169.17,153,13.66,-0.08
07:40:23,"[161.36, 88]","[159.5, 112]","[172.86, 56]","[173.88, 68]",167.11,324,11.49,0.23
07:40:24,"[163.14, 28]","[161.48, 67]","[169.14, 35]","[170.04, 56]",166.14,186,6.0,0.02
07:40:25,"[163.54, 13]","[161.59, 34]","[167.0, 14]","[169.14, 35]",165.27,96,3.46,-0.02
07:40:26,"[162.0, 56]","[161.0, 98]","[165.21, 70]","[167.0, 28]",163.61,252,3.21,0.22
07:40:27,"[161.08, 53]","[158.43, 49]","[165.39, 18]","[176.92, 26]",163.23,146,4.31,0.4
07:40:28,"[161.0, 91]","[158.0, 96]","[163.3, 40]","[165.1, 20]",162.15,247,2.3,0.51
07:40:29,"[161.0, 40]","[158.0, 72]","[162.0, 24]","[164.5, 12]",161.5,148,1.0,0.51
07:40:30,"[158.43, 56]","[127.36, 69]","[222.92, 26]","[415.12, 32]",190.68,183,64.49,0.37
07:40:31,"[158.0, 64]","[79.38, 16]","[488.0, 32]","[579.62, 32]",323.0,144,330.0,0.11
07:40:32,"[158.0, 72]","[97.44, 39]","[314.33, 36]","[462.8, 41]",236.17,188,156.33,0.18
07:40:33,"[160.59, 46]","[158.63, 108]","[225.68, 44]","[339.25, 63]",193.13,261,65.09,0.18
07:40:34,"[163.69, 87]","[161.1, 126]","[214.27, 30]","[306.23, 44]",188.98,287,50.58,0.48
07:40:35,"[163.03, 62]","[160.14, 59]","[208.0, 14]","[310.29, 28]",185.52,163,44.97,0.48
07:40:36,"[164.15, 13]","[163.0, 156]","[202.84, 32]","[372.98, 45]",183.5,246,38.69,0.37
07:40:37,"[163.07, 72]","[161.41, 51]","[176.92, 26]","[178.63, 43]",170.0,192,13.85,0.28
07:40:38,"[162.77, 35]","[160.22, 27]","[175.0, 20]","[176.16, 25]",168.89,107,12.23,0.16
07:40:39,"[160.45, 11]","[158.48, 63]","[173.36, 22]","[176.0, 33]",166.91,129,12.91,0.15
07:40:40,"[160.0, 10]","[158.0, 86]","[170.9, 29]","[171.9, 21]",165.45,146,10.9,0.32
07:40:41,"[160.0, 5]","[158.0, 85]","[169.38, 16]","[170.15, 13]",164.69,119,9.38,0.51
07:40:42,"[160.06, 48]","[158.15, 156]","[164.64, 53]","[165.85, 62]",162.35,319,4.58,0.28
07:40:43,"[158.8, 75]","[150.73, 85]","[161.65, 34]","[163.72, 69]",160.22,263,2.85,0.22
07:40:44,"[158.0, 60]","[129.7, 10]","[163.43, 28]","[194.0, 12]",160.71,110,5.43,0.27
07:40:45,"[158.83, 36]","[154.62, 58]","[180.61, 31]","[372.84, 19]",169.72,144,21.78,0.31
07:40:46,"[128.62, 13]","[57.37, 51]","[251.19, 21]","[289.06, 18]",189.9,103,122.58,0.24
07:40:47,"[158.14, 69]","[110.0, 59]","[225.43, 21]","[234.22, 18]",191.79,167,67.28,0.53
07:40:48,"[164.0, 54]","[161.0, 48]","[221.56, 9]","[222.44, 9]",192.78,120,57.56,0.7
07:40:49,"[164.0, 60]","[161.0, 64]","[196.31, 16]","[219.86, 14]",180.16,154,32.31,0.61
07:40:50,"[164.0, 20]","[161.0, 32]","[173.4, 10]","[196.25, 8]",168.7,70,9.4,0.49
07:40:51,"[164.0, 35]","[161.0, 57]","[171.56, 9]","[172.83, 12]",167.78,113,7.56,0.63
07:40:52,"[164.0, 52]","[161.0, 81]","[169.8, 20]","[172.0, 10]",166.9,163,5.8,0.63
07:40:53,"[164.0, 89]","[162.38, 104]","[168.4, 20]","[288.15, 13]",166.2,226,4.4,0.71
07:40:54,"[166.0, 24]","[163.53, 34]","[171.29, 7]","[290.0, 5]",168.64,70,5.29,0.66
07:40:55,"[164.0, 39]","[163.0, 96]","[169.56, 18]","[170.71, 17]",166.78,170,5.56,0.59
07:40:56,"[164.0, 33]","[163.0, 88]","[166.0, 11]","[169.0, 11]",165.0,143,2.0,0.69
07:40:57,"[164.0, 45]","[163.0, 136]","[165.59, 17]","[278.34, 32]",164.79,230,1.59,0.57
07:40:58,"[163.25, 40]","[162.0, 80]","[164.6, 10]","[220.0, 40]",163.93,170,1.35,0.41
07:40:59,"[163.0, 39]","[161.0, 56]","[245.86, 7]","[370.16, 19]",204.43,121,82.86,0.57
07:41:00,"[163.0, 75]","[161.46, 104]","[251.24, 50]","[293.98, 61]",207.12,290,88.24,0.23
07:41:01,"[163.0, 36]","[162.0, 54]","[241.22, 36]","[243.0, 45]",202.11,171,78.22,0.05
07:41:02,"[162.0, 42]","[161.0, 112]","[240.71, 56]","[302.09, 46]",201.36,256,78.71,0.2
07:41:03,"[161.77, 31]","[160.89, 72]","[239.0, 36]","[326.0, 36]",200.39,175,77.23,0.18
07:41:04,"[161.0, 91]","[160.0, 104]","[188.54, 52]","[207.77, 52]",174.77,299,27.54,0.3
07:41:05,"[161.0, 50]","[160.0, 80]","[179.2, 40]","[181.0, 40]",170.1,210,18.2,0.24
07:41:06,"[165.2, 25]","[160.14, 37]","[178.78, 36]","[181.0, 36]",171.99,134,13.58,-0.07
07:41:07,"[168.0, 33]","[161.0, 11]","[175.8, 40]","[262.88, 43]",171.9,127,7.8,-0.31
07:41:08,"[168.0, 51]","[161.0, 17]","[172.58, 48]","[173.89, 54]",170.29,170,4.58,-0.2
07:41:09,"[167.44, 36]","[162.64, 28]","[169.2, 40]","[170.5, 32]",168.32,136,1.76,-0.06
07:41:10,"[165.19, 27]","[163.38, 58]","[168.13, 60]","[180.22, 36]",166.66,181,2.95,-0.06
07:41:11,"[162.89, 27]","[161.29, 34]","[167.27, 60]","[211.47, 30]",165.08,151,4.38,-0.19
07:41:12,"[160.0, 57]","[159.0, 121]","[166.27, 44]","[220.64, 22]",163.14,244,6.27,0.46
07:41:13,"[159.18, 87]","[158.48, 92]","[164.67, 48]","[339.0, 24]",161.93,251,5.48,0.43
07:41:14,"[161.13, 15]","[158.48, 58]","[250.94, 16]","[360.44, 18]",206.04,107,89.8,0.36
07:41:15,"[163.0, 10]","[158.2, 45]","[336.0, 10]","[344.8, 20]",249.5,85,173.0,0.29
07:41:16,"[163.0, 9]","[158.0, 54]","[317.09, 35]","[325.77, 30]",240.04,128,154.09,-0.02
07:41:17,"[163.0, 10]","[158.0, 60]","[281.21, 29]","[301.39, 41]",222.1,140,118.21,0.0
07:41:18,"[163.0, 10]","[158.54, 39]","[300.02, 44]","[301.23, 26]",231.51,119,137.02,-0.18
07:41:19,"[163.29, 14]","[161.75, 20]","[294.71, 48]","[297.38, 42]",229.0,124,131.42,-0.45
07:41:20,"[164.0, 6]","[163.0, 6]","[259.88, 8]","[281.85, 20]",211.94,40,95.88,-0.4
07:41:21,"[164.0, 14]","[163.0, 14]","[237.76, 34]","[239.03, 62]",200.88,124,73.76,-0.55
07:41:22,"[164.0, 17]","[163.0, 11]","[236.0, 22]","[239.0, 55]",200.0,105,72.0,-0.47
07:41:23,"[164.0, 21]","[163.0, 15]","[234.65, 34]","[238.7, 53]",199.32,123,70.65,-0.41
07:41:24,"[164.0, 10]","[163.0, 10]","[232.9, 40]","[237.23, 13]",198.45,73,68.9,-0.45
07:41:25,"[164.95, 19]","[163.58, 12]","[231.0, 12]","[232.0, 48]",197.97,91,66.05,-0.32
07:41:26,"[166.0, 28]","[164.0, 14]","[228.93, 14]","[231.25, 32]",197.46,88,62.93,-0.05
07:41:27,"[166.0, 24]","[164.0, 11]","[189.11, 28]","[199.15, 13]",177.55,76,23.11,-0.08
07:41:28,"[166.0, 18]","[164.0, 6]","[185.07, 15]","[185.4, 15]",175.53,54,19.07,-0.11
07:41:29,"[166.0, 36]","[164.0, 12]","[183.83, 12]","[184.95, 42]",174.92,102,17.83,-0.06
07:41:30,"[163.23, 39]","[163.4, 15]","[178.33, 15]","[179.4, 15]",170.78,84,15.1,0.29
07:41:31,"[162.0, 99]","[161.0, 11]","[174.18, 11]","[175.18, 11]",168.09,132,12.18,0.67
07:41:32,"[162.0, 30]","[161.0, 9]","[171.78, 18]","[172.21, 24]",166.89,81,9.78,-0.04
07:41:33,"[161.2, 15]","[159.8, 15]","[168.94, 16]","[170.42, 19]",165.07,65,7.74,-0.08
07:41:34,"[160.0, 45]","[158.0, 72]","[165.93, 15]","[168.12, 26]",162.97,158,5.93,0.48
07:41:35,"[160.0, 51]","[158.0, 90]","[165.6, 15]","[167.0, 60]",162.8,216,5.6,0.31
07:41:36,"[160.0, 13]","[158.0, 54]","[163.78, 18]","[164.56, 27]",161.89,112,3.78,0.2
07:41:37,"[158.52, 27]","[157.94, 70]","[161.03, 33]","[164.67, 18]",159.77,148,2.51,0.31
07:41:38,"[158.0, 54]","[157.0, 20]","[161.0, 40]","[167.0, 40]",159.5,154,3.0,-0.04
07:41:39,"[158.0, 30]","[157.0, 12]","[161.0, 24]","[167.0, 24]",159.5,90,3.0,-0.07
07:41:40,"[158.0, 21]","[157.0, 18]","[161.0, 36]","[167.0, 36]",159.5,111,3.0,-0.3
07:41:41,"[158.74, 46]","[157.81, 104]","[280.53, 60]","[403.4, 60]",219.64,270,121.79,0.11
07:41:42,"[164.0, 10]","[159.0, 24]","[419.74, 46]","[497.0, 40]",291.87,120,255.74,-0.43
07:41:43,"[164.0, 13]","[159.0, 118]","[259.98, 60]","[339.28, 57]",211.99,248,95.98,0.06
07:41:44,"[159.18, 74]","[158.77, 155]","[186.38, 40]","[300.5, 32]",172.78,301,27.2,0.52
07:41:45,"[159.01, 191]","[158.16, 143]","[186.0, 55]","[262.36, 44]",172.5,433,26.99,0.54
07:41:46,"[162.93, 164]","[159.67, 196]","[186.0, 60]","[330.0, 40]",174.46,460,23.07,0.57
07:41:47,"[164.0, 173]","[162.0, 132]","[184.92, 60]","[232.56, 48]",174.46,413,20.92,0.48
07:41:48,"[164.0, 126]","[162.0, 99]","[183.0, 45]","[185.0, 45]",173.5,315,19.0,0.43
07:41:49,"[164.83, 72]","[163.36, 103]","[182.28, 36]","[183.94, 36]",173.56,247,17.44,0.42
07:41:50,"[166.0, 84]","[164.0, 196]","[178.6, 52]","[180.03, 68]",172.3,400,12.6,0.4
07:41:51,"[166.0, 54]","[164.0, 126]","[176.44, 45]","[177.56, 45]",171.22,270,10.44,0.33
07:41:52,"[166.0, 48]","[164.0, 112]","[174.92, 38]","[176.75, 40]",170.46,238,8.92,0.34
07:41:53,"[166.0, 84]","[164.0, 196]","[170.74, 66]","[172.47, 62]",168.37,408,4.74,0.37
07:41:54,"[164.94, 77]","[163.9, 155]","[167.78, 51]","[169.25, 53]",166.36,336,2.85,0.38
07:41:55,"[164.0, 156]","[163.0, 70]","[165.98, 54]","[223.19, 48]",164.99,328,1.98,0.38
07:41:56,"[164.0, 76]","[163.0, 55]","[165.35, 23]","[276.18, 33]",164.67,187,1.35,0.4
07:41:57,"[164.0, 22]","[163.0, 30]","[209.0, 20]","[344.2, 20]",186.5,92,45.0,0.13
07:41:58,"[164.0, 30]","[163.0, 50]","[352.25, 32]","[432.16, 38]",258.12,150,188.25,0.07
07:41:59,"[164.0, 12]","[163.0, 20]","[406.71, 14]","[487.5, 16]",285.36,62,242.71,0.03
07:42:00,"[162.49, 105]","[161.99, 255]","[429.52, 82]","[449.11, 64]",296.01,506,267.04,0.42
07:42:01,"[162.52, 138]","[161.65, 102]","[221.9, 49]","[246.66, 41]",192.21,330,59.38,0.45
07:42:02,"[163.2, 150]","[161.85, 188]","[199.62, 80]","[343.0, 64]",181.41,482,36.43,0.4
07:42:03,"[162.12, 206]","[161.19, 86]","[199.0, 60]","[278.48, 46]",180.56,398,36.88,0.47
07:42:04,"[166.0, 42]","[162.0, 280]","[197.67, 66]","[241.42, 53]",181.83,441,31.67,0.46
07:42:05,"[164.4, 50]","[161.95, 211]","[186.33, 36]","[196.82, 49]",175.37,346,21.93,0.51
07:42:06,"[164.28, 43]","[161.95, 174]","[194.64, 33]","[223.0, 30]",179.46,280,30.36,0.55
07:42:07,"[168.0, 50]","[163.88, 40]","[193.0, 30]","[195.0, 32]",180.5,152,25.0,0.18
07:42:08,"[164.0, 41]","[163.0, 11]","[192.87, 31]","[194.76, 50]",178.44,133,28.87,-0.22
07:42:09,"[164.0, 42]","[163.0, 14]","[192.25, 60]","[193.85, 47]",178.12,163,28.25,-0.31
07:42:10,"[164.0, 33]","[163.0, 11]","[189.38, 29]","[191.23, 39]",176.69,112,25.38,-0.21
07:42:11,"[164.0, 24]","[163.0, 8]","[185.33, 12]","[186.31, 36]",174.67,80,21.33,-0.2
07:42:12,"[162.09, 139]","[161.05, 79]","[182.71, 17]","[183.46, 37]",172.4,272,20.62,0.6
07:42:13,"[162.0, 228]","[161.0, 132]","[180.7, 46]","[181.44, 36]",171.35,442,18.7,0.63
07:42:14,"[162.0, 134]","[161.0, 143]","[177.64, 47]","[179.09, 45]",169.82,369,15.64,0.5
07:42:15,"[162.0, 50]","[161.0, 130]","[173.8, 40]","[174.91, 32]",167.9,252,11.8,0.43
07:42:16,"[162.0, 70]","[161.0, 182]","[167.33, 39]","[169.0, 52]",164.67,343,5.33,0.47
07:42:17,"[161.19, 78]","[160.39, 99]","[162.52, 44]","[164.09, 35]",161.86,256,1.33,0.38
07:42:18,"[160.73, 73]","[159.9, 100]","[223.13, 53]","[401.19, 42]",191.93,268,62.41,0.29
07:42:19,"[160.0, 20]","[159.0, 10]","[567.0, 8]","[652.0, 6]",363.5,44,407.0,0.36
07:42:20,"[160.0, 90]","[159.0, 45]","[538.5, 28]","[736.26, 35]",349.25,198,378.5,0.36
07:42:21,"[160.19, 79]","[159.41, 74]","[604.86, 35]","[757.0, 20]",382.52,208,444.67,0.47
07:42:22,"[162.32, 25]","[160.53, 68]","[197.84, 31]","[259.69, 29]",180.08,153,35.52,0.22
07:42:23,"[162.0, 33]","[160.0, 80]","[346.31, 29]","[488.6, 30]",254.16,172,184.31,0.31
07:42:24,"[162.0, 7]","[160.0, 70]","[550.14, 21]","[673.71, 28]",356.07,126,388.14,0.22
07:42:25,"[160.02, 91]","[159.17, 60]","[368.55, 38]","[602.23, 39]",264.29,228,208.53,0.32
07:42:26,"[159.4, 67]","[135.31, 39]","[414.45, 44]","[539.32, 38]",286.93,188,255.05,0.13
07:42:27,"[134.62, 32]","[93.0, 27]","[393.11, 36]","[559.76, 29]",263.87,124,258.49,-0.05
07:42:28,"[156.93, 44]","[140.92, 38]","[276.62, 29]","[514.76, 34]",216.78,145,119.69,0.13
07:42:29,"[161.81, 16]","[158.36, 11]","[270.0, 12]","[640.0, 16]",215.91,55,108.19,-0.02
07:42:30,"[162.0, 45]","[160.0, 9]","[269.86, 21]","[489.64, 33]",215.93,108,107.86,0.0
07:42:31,"[162.27, 41]","[158.39, 56]","[236.64, 22]","[414.7, 53]",199.45,172,74.37,0.13
07:42:32,"[165.69, 26]","[161.8, 10]","[220.53, 17]","[379.62, 26]",193.11,79,54.84,-0.09
07:42:33,"[167.33, 45]","[162.69, 16]","[199.37, 27]","[204.21, 19]",183.35,107,32.04,0.14
07:42:34,"[163.0, 22]","[161.0, 11]","[196.62, 26]","[197.36, 36]",179.81,95,33.62,-0.31
07:42:35,"[163.0, 18]","[161.0, 9]","[193.44, 9]","[195.0, 27]",178.22,63,30.44,-0.14
07:42:36,"[163.0, 24]","[161.0, 12]","[191.38, 26]","[191.64, 22]",177.19,84,28.38,-0.14
07:42:37,"[164.22, 37]","[161.31, 13]","[188.15, 34]","[190.21, 14]",176.18,98,23.93,0.02
07:42:38,"[166.0, 182]","[163.0, 24]","[184.67, 36]","[185.91, 22]",175.33,264,18.67,0.56
07:42:39,"[166.0, 255]","[163.0, 30]","[181.39, 33]","[182.41, 41]",173.7,359,15.39,0.59
07:42:40,"[166.0, 119]","[163.0, 14]","[177.86, 21]","[178.67, 9]",171.93,163,11.86,0.63
07:42:41,"[166.0, 102]","[163.0, 12]","[174.88, 16]","[176.38, 8]",170.44,138,8.88,0.65
07:42:42,"[166.0, 269]","[163.0, 34]","[172.54, 69]","[173.36, 59]",169.27,431,6.54,0.41
07:42:43,"[166.0, 192]","[163.0, 26]","[169.22, 41]","[170.36, 39]",167.61,298,3.22,0.46
07:42:44,"[166.0, 107]","[163.0, 18]","[167.0, 27]","[168.77, 13]",166.5,165,1.0,0.52
07:42:45,"[166.03, 66]","[163.69, 26]","[206.68, 38]","[543.21, 42]",186.36,172,40.65,0.07
07:42:46,"[168.0, 9]","[166.0, 54]","[331.1, 20]","[528.07, 41]",249.55,124,163.1,0.02
07:42:47,"[168.0, 7]","[166.0, 42]","[455.37, 27]","[605.21, 19]",311.69,95,287.37,0.03
07:42:48,"[168.0, 12]","[166.0, 72]","[413.26, 42]","[508.33, 42]",290.63,168,245.26,0.0
07:42:49,"[166.0, 21]","[163.0, 14]","[337.09, 11]","[346.39, 23]",251.55,69,171.09,0.01
07:42:50,"[164.89, 19]","[162.11, 71]","[326.2, 25]","[345.22, 23]",245.55,138,161.31,0.3
07:42:51,"[161.76, 49]","[159.32, 59]","[287.55, 49]","[315.08, 37]",224.65,194,125.8,0.11
07:42:52,"[160.0, 33]","[158.0, 110]","[236.54, 35]","[272.18, 33]",198.27,211,76.54,0.36
07:42:53,"[160.0, 27]","[158.0, 90]","[163.88, 33]","[195.64, 33]",161.94,183,3.88,0.28
07:42:54,"[158.52, 85]","[147.63, 195]","[160.8, 45]","[363.62, 47]",159.66,372,2.28,0.51
07:42:55,"[158.0, 99]","[156.0, 33]","[160.0, 23]","[277.55, 33]",159.0,188,2.0,0.4
07:42:56,"[159.55, 103]","[156.7, 69]","[273.5, 26]","[331.43, 44]",216.53,242,113.95,0.42
07:42:57,"[160.01, 83]","[158.37, 105]","[276.0, 25]","[351.45, 62]",218.01,275,115.99,0.37
07:42:58,"[165.0, 72]","[159.49, 82]","[273.47, 19]","[274.78, 23]",219.24,196,108.47,0.57
07:42:59,"[165.0, 66]","[162.1, 31]","[272.64, 22]","[274.0, 11]",218.82,130,107.64,0.49
07:43:00,"[165.0, 96]","[162.2, 50]","[271.19, 32]","[274.0, 16]",218.09,194,106.19,0.51
07:43:01,"[165.0, 72]","[162.82, 44]","[267.5, 18]","[269.33, 18]",216.25,152,102.5,0.53
07:43:02,"[165.0, 48]","[163.0, 36]","[266.0, 17]","[267.4, 10]",215.5,111,101.0,0.51
07:43:03,"[165.0, 28]","[163.0, 52]","[255.23, 13]","[263.7, 23]",210.12,116,90.23,0.38
07:43:04,"[163.55, 29]","[162.25, 65]","[253.57, 40]","[267.62, 40]",208.56,174,90.02,0.08
07:43:05,"[163.11, 37]","[162.03, 87]","[215.26, 47]","[216.56, 32]",189.18,203,52.15,0.22
07:43:06,"[162.62, 48]","[162.2, 30]","[214.52, 33]","[214.91, 32]",188.57,143,51.89,0.09
07:43:07,"[162.0, 98]","[161.0, 28]","[208.35, 17]","[212.78, 23]",185.18,166,46.35,0.52
07:43:08,"[162.0, 59]","[161.0, 28]","[205.26, 31]","[206.88, 25]",183.63,143,43.26,0.22
07:43:09,"[161.86, 28]","[160.75, 16]","[194.18, 11]","[195.11, 19]",178.02,74,32.32,0.19
07:43:10,"[161.0, 11]","[160.0, 11]","[191.61, 23]","[192.23, 31]",176.3,76,30.61,-0.42
07:43:11,"[162.68, 19]","[160.73, 11]","[185.05, 39]","[189.04, 27]",173.87,96,22.37,-0.38
07:43:12,"[161.54, 13]","[160.09, 11]","[186.18, 11]","[188.87, 47]",173.86,82,24.64,-0.41
07:43:13,"[159.63, 57]","[158.0, 30]","[180.58, 55]","[181.28, 36]",170.11,178,20.95,-0.02
07:43:14,"[162.0, 39]","[158.28, 25]","[175.0, 26]","[176.06, 17]",168.5,107,13.0,0.2
07:43:15,"[162.67, 27]","[160.69, 16]","[171.28, 18]","[172.81, 31]",166.97,92,8.61,-0.07
07:43:16,"[165.0, 25]","[161.0, 36]","[166.68, 25]","[168.29, 17]",165.84,103,1.68,0.18
07:43:17,"[163.4, 20]","[160.75, 32]","[165.17, 36]","[170.75, 32]",164.28,120,1.77,-0.13
07:43:18,"[161.04, 23]","[159.71, 17]","[164.12, 32]","[196.81, 21]",162.58,93,3.08,-0.14
07:43:19,"[159.9, 39]","[158.52, 25]","[161.2, 60]","[206.46, 37]",160.55,161,1.3,-0.2
07:43:20,"[159.0, 9]","[158.0, 27]","[189.89, 27]","[301.58, 24]",174.44,87,30.89,-0.17
07:43:21,"[160.73, 74]","[159.35, 26]","[230.6, 30]","[309.69, 32]",195.66,162,69.87,0.23
07:43:22,"[162.11, 44]","[160.79, 19]","[229.25, 16]","[367.75, 16]",195.68,95,67.14,0.33
07:43:23,"[162.0, 36]","[161.0, 48]","[227.6, 30]","[262.5, 36]",194.8,150,65.6,0.12
07:43:24,"[162.87, 45]","[161.0, 60]","[208.06, 32]","[224.86, 44]",185.46,181,45.2,0.16
07:43:25,"[164.0, 33]","[161.0, 44]","[214.64, 22]","[217.14, 28]",189.32,127,50.64,0.21
07:43:26,"[164.0, 33]","[161.0, 44]","[207.25, 24]","[213.64, 22]",185.62,123,43.25,0.25
07:43:27,"[164.67, 27]","[161.0, 36]","[211.0, 25]","[212.05, 19]",187.83,107,46.33,0.18
07:43:28,"[161.0, 48]","[159.0, 12]","[186.94, 35]","[199.34, 38]",173.97,133,25.94,-0.1
07:43:29,"[158.29, 136]","[157.33, 36]","[165.84, 37]","[167.04, 46]",162.07,255,7.54,0.35
07:43:30,"[159.0, 70]","[158.0, 21]","[161.81, 21]","[163.32, 25]",160.4,137,2.81,0.33
07:43:31,"[159.76, 110]","[157.33, 36]","[161.14, 44]","[176.25, 48]",160.45,238,1.37,0.23
07:43:32,"[157.16, 19]","[156.2, 30]","[163.69, 16]","[289.16, 19]",160.42,84,6.53,0.17
07:43:33,"[165.4, 53]","[157.33, 24]","[297.06, 32]","[397.63, 27]",231.23,136,131.67,0.13
07:43:34,"[166.0, 22]","[157.0, 16]","[289.24, 17]","[340.22, 18]",227.62,73,123.24,0.04
07:43:35,"[161.57, 69]","[154.0, 27]","[327.0, 20]","[383.0, 30]",244.28,146,165.43,0.32
07:43:36,"[162.0, 92]","[157.75, 48]","[360.33, 27]","[466.77, 26]",261.17,193,198.33,0.45
07:43:37,"[163.11, 18]","[161.76, 84]","[357.22, 27]","[570.54, 26]",260.17,155,194.11,0.32
07:43:38,"[167.87, 31]","[163.0, 16]","[590.71, 21]","[724.92, 13]",379.29,81,422.84,0.16
07:43:39,"[168.0, 26]","[164.0, 13]","[452.76, 17]","[477.88, 26]",310.38,82,284.76,-0.05
07:43:40,"[166.0, 8]","[162.21, 38]","[347.75, 16]","[387.2, 20]",256.88,82,181.75,0.12
07:43:41,"[164.0, 4]","[162.0, 40]","[263.33, 9]","[366.91, 11]",213.67,64,99.33,0.38
07:43:42,"[164.0, 5]","[162.0, 50]","[350.0, 15]","[0, 0]",257.0,70,186.0,0.57
07:43:43,"[164.0, 7]","[162.0, 70]","[411.88, 17]","[412.0, 6]",287.94,100,247.88,0.54
07:43:44,"[162.0, 55]","[161.0, 24]","[261.56, 18]","[349.06, 17]",211.78,114,99.56,0.39
07:43:45,"[162.75, 48]","[161.29, 34]","[353.05, 22]","[485.7, 10]",257.9,114,190.3,0.44
07:43:46,"[164.0, 54]","[162.0, 30]","[409.5, 10]","[410.14, 14]",286.75,108,245.5,0.56
07:43:47,"[164.62, 26]","[163.76, 82]","[285.35, 23]","[329.89, 19]",224.98,150,120.73,0.44
07:43:48,"[164.87, 157]","[163.63, 107]","[232.08, 39]","[238.73, 33]",198.47,336,67.21,0.57
07:43:49,"[165.0, 182]","[164.0, 84]","[218.89, 37]","[219.04, 28]",191.95,331,53.89,0.61
07:43:50,"[165.0, 143]","[164.0, 66]","[214.11, 27]","[215.53, 17]",189.56,253,49.11,0.65
07:43:51,"[165.0, 143]","[164.0, 66]","[211.06, 32]","[212.85, 20]",188.03,261,46.06,0.6
07:43:52,"[165.69, 169]","[164.0, 78]","[200.16, 38]","[202.36, 36]",182.93,321,34.47,0.54
07:43:53,"[166.0, 108]","[164.0, 78]","[195.92, 39]","[198.0, 13]",180.96,238,29.92,0.56
07:43:54,"[166.0, 54]","[164.0, 72]","[191.58, 36]","[193.5, 24]",178.79,186,25.58,0.35
07:43:55,"[166.0, 14]","[164.0, 42]","[189.52, 27]","[192.45, 22]",177.76,105,23.52,0.07
07:43:56,"[164.17, 48]","[162.46, 52]","[188.46, 37]","[189.73, 33]",176.31,170,24.29,0.18
07:43:57,"[164.0, 65]","[162.0, 65]","[185.92, 39]","[188.0, 52]",174.96,221,21.92,0.18
07:43:58,"[164.0, 64]","[162.0, 54]","[183.31, 45]","[184.51, 45]",173.66,208,19.31,0.13
07:43:59,"[164.0, 84]","[161.56, 36]","[180.14, 49]","[181.21, 56]",172.07,225,16.14,0.07
07:44:00,"[168.0, 102]","[164.0, 102]","[176.19, 62]","[177.28, 57]",172.1,323,8.19,0.26
07:44:01,"[167.73, 88]","[163.94, 93]","[170.07, 55]","[171.37, 49]",168.9,285,2.35,0.27
07:44:02,"[164.0, 78]","[162.08, 39]","[167.31, 39]","[170.0, 39]",165.65,195,3.31,0.2
07:44:03,"[164.0, 58]","[163.0, 36]","[165.56, 27]","[167.0, 36]",164.78,157,1.56,0.2
07:44:04,"[163.29, 21]","[162.38, 24]","[165.71, 21]","[181.0, 24]",164.5,90,2.43,0.0
07:44:05,"[163.0, 21]","[162.0, 16]","[166.0, 21]","[266.6, 15]",164.5,73,3.0,0.01
07:44:06,"[162.9, 29]","[161.9, 30]","[166.0, 36]","[267.0, 36]",164.45,131,3.1,-0.1
07:44:07,"[162.0, 14]","[161.0, 14]","[164.62, 24]","[267.0, 42]",163.31,94,2.62,-0.4
07:44:08,"[162.0, 12]","[160.45, 101]","[163.5, 12]","[315.72, 32]",162.75,157,1.5,0.44
07:44:09,"[161.01, 91]","[160.1, 89]","[431.34, 29]","[555.67, 21]",296.18,230,270.33,0.57
07:44:10,"[161.0, 108]","[160.0, 96]","[344.67, 39]","[362.02, 43]",252.83,286,183.67,0.43
07:44:11,"[161.47, 76]","[160.32, 94]","[322.79, 39]","[341.67, 49]",242.13,258,161.32,0.32
07:44:12,"[160.39, 92]","[159.39, 66]","[323.57, 46]","[332.67, 49]",241.98,253,163.17,0.25
07:44:13,"[160.0, 75]","[158.0, 45]","[304.97, 58]","[306.28, 47]",232.48,225,144.97,0.07
07:44:14,"[165.6, 20]","[159.56, 27]","[276.83, 29]","[303.18, 34]",221.21,110,111.23,-0.15
07:44:15,"[159.43, 28]","[157.23, 78]","[245.04, 28]","[287.25, 28]",202.23,162,85.61,0.31
07:44:16,"[158.0, 27]","[151.18, 77]","[200.44, 27]","[289.67, 27]",179.22,158,42.44,0.32
07:44:17,"[159.9, 29]","[152.89, 44]","[195.25, 55]","[196.67, 54]",177.58,182,35.36,-0.2
07:44:18,"[160.25, 8]","[159.0, 8]","[191.75, 24]","[192.7, 23]",176.0,63,31.5,-0.49
07:44:19,"[162.83, 48]","[160.5, 12]","[188.1, 40]","[189.41, 37]",175.47,137,25.27,-0.12
07:44:20,"[162.27, 26]","[158.73, 22]","[185.24, 37]","[186.6, 30]",173.76,115,22.97,-0.17
07:44:21,"[160.75, 40]","[158.33, 36]","[182.15, 52]","[183.12, 50]",171.45,178,21.4,-0.15
07:44:22,"[160.18, 28]","[157.64, 56]","[176.77, 53]","[177.71, 48]",168.48,185,16.6,-0.09
07:44:23,"[160.5, 20]","[157.71, 111]","[171.42, 50]","[172.39, 38]",165.96,219,10.92,0.2
07:44:24,"[158.2, 46]","[141.99, 76]","[166.18, 44]","[167.42, 36]",162.19,202,7.99,0.21
07:44:25,"[158.28, 50]","[127.5, 52]","[161.25, 12]","[162.1, 30]",159.76,144,2.97,0.42
07:44:26,"[159.95, 123]","[147.56, 52]","[161.63, 19]","[162.36, 33]",160.79,227,1.68,0.54
07:44:27,"[160.61, 114]","[151.38, 71]","[170.58, 31]","[250.39, 33]",165.59,249,9.98,0.49
07:44:28,"[160.03, 68]","[158.58, 55]","[464.0, 18]","[575.0, 39]",312.01,180,303.97,0.37
07:44:29,"[163.65, 34]","[162.26, 76]","[322.0, 10]","[535.0, 40]",242.82,160,158.35,0.38
07:44:30,"[163.02, 55]","[161.84, 50]","[322.0, 7]","[509.29, 28]",242.51,140,158.98,0.5
07:44:31,"[164.86, 59]","[162.0, 56]","[462.54, 24]","[520.0, 36]",313.7,175,297.68,0.31
07:44:32,"[166.0, 63]","[162.56, 43]","[466.5, 40]","[523.9, 41]",316.25,187,300.5,0.13
07:44:33,"[166.0, 63]","[165.0, 18]","[434.92, 37]","[494.73, 44]",300.46,162,268.92,0.0
07:44:34,"[166.0, 59]","[165.0, 18]","[475.33, 45]","[522.0, 4]",320.67,126,309.33,0.22
07:44:35,"[166.0, 35]","[165.0, 14]","[231.3, 33]","[341.25, 20]",198.65,102,65.3,-0.04
07:44:36,"[166.0, 35]","[165.0, 14]","[195.04, 25]","[224.06, 31]",180.52,105,29.04,-0.07
07:44:37,"[165.67, 12]","[162.55, 22]","[194.0, 12]","[196.0, 20]",179.83,66,28.33,0.03
07:44:38,"[163.28, 36]","[161.88, 78]","[193.17, 36]","[408.63, 27]",178.22,177,29.89,0.29
07:44:39,"[163.0, 14]","[162.0, 47]","[191.0, 21]","[195.5, 20]",177.0,102,28.0,0.2
07:44:40,"[163.0, 18]","[162.0, 63]","[190.0, 27]","[192.0, 27]",176.5,135,27.0,0.2
07:44:41,"[163.0, 18]","[162.0, 63]","[188.78, 27]","[190.0, 27]",175.89,135,25.78,0.2
07:44:42,"[162.0, 63]","[159.56, 9]","[187.11, 27]","[188.33, 27]",174.56,126,25.11,0.14
07:44:43,"[162.29, 49]","[161.81, 54]","[183.74, 38]","[184.84, 38]",173.01,179,21.45,0.15
07:44:44,"[163.0, 26]","[162.0, 91]","[177.89, 37]","[178.64, 33]",170.45,187,14.89,0.25
07:44:45,"[163.0, 20]","[162.0, 70]","[172.17, 24]","[173.92, 26]",167.58,140,9.17,0.29
07:44:46,"[163.79, 28]","[162.37, 54]","[167.6, 50]","[168.62, 48]",165.69,180,3.81,-0.09
07:44:47,"[163.38, 32]","[162.71, 42]","[165.58, 26]","[166.62, 40]",164.48,140,2.2,0.06
07:44:48,"[160.58, 119]","[159.04, 67]","[163.66, 35]","[273.07, 29]",162.12,250,3.08,0.49
07:44:49,"[161.0, 70]","[160.0, 10]","[162.2, 15]","[765.2, 25]",161.6,120,1.2,0.33
07:44:50,"[161.0, 130]","[160.0, 22]","[493.88, 33]","[687.33, 15]",327.44,200,332.88,0.52
07:44:51,"[161.66, 64]","[160.94, 70]","[181.75, 16]","[0, 0]",171.7,150,20.09,0.79
07:44:52,"[164.27, 33]","[161.48, 63]","[253.75, 16]","[0, 0]",209.01,112,89.48,0.71
07:44:53,"[167.0, 10]","[162.0, 36]","[290.67, 12]","[695.0, 10]",228.83,68,123.67,0.35
07:44:54,"[167.0, 5]","[162.0, 30]","[533.74, 19]","[723.12, 16]",350.37,70,366.74,0.0
07:44:55,"[161.3, 47]","[160.97, 58]","[367.0, 45]","[770.0, 18]",264.15,168,205.7,0.25
07:44:56,"[161.0, 70]","[160.0, 14]","[261.4, 25]","[400.32, 25]",211.2,134,100.4,0.25
07:44:57,"[161.0, 35]","[160.0, 10]","[226.2, 25]","[420.0, 10]",193.6,80,65.2,0.12
07:44:58,"[161.0, 42]","[160.0, 12]","[257.0, 30]","[422.0, 12]",209.0,96,96.0,0.12
07:44:59,"[162.11, 27]","[160.86, 29]","[288.0, 35]","[424.0, 14]",225.06,105,125.89,0.07
07:45:00,"[163.0, 21]","[161.0, 35]","[276.0, 35]","[774.0, 14]",219.5,105,113.0,0.07
07:45:01,"[161.75, 40]","[160.71, 35]","[276.0, 50]","[371.7, 20]",218.88,145,114.25,0.03
07:45:02,"[164.4, 47]","[160.22, 18]","[286.51, 37]","[470.93, 28]",225.46,130,122.11,0.0
07:45:03,"[165.0, 140]","[162.81, 62]","[271.8, 20]","[331.92, 26]",218.4,248,106.8,0.63
07:45:04,"[165.0, 65]","[163.0, 70]","[302.33, 21]","[331.82, 17]",233.67,173,137.33,0.56
07:45:05,"[165.0, 8]","[163.0, 56]","[329.5, 40]","[331.0, 8]",247.25,112,164.5,0.14
07:45:06,"[162.62, 16]","[162.0, 30]","[327.88, 8]","[329.0, 40]",245.25,94,165.25,-0.02
07:45:07,"[160.0, 14]","[159.0, 21]","[326.71, 7]","[329.0, 35]",243.36,77,166.71,-0.09
07:45:08,"[161.71, 14]","[158.27, 33]","[310.23, 35]","[313.53, 15]",235.97,97,148.51,-0.03
07:45:09,"[165.0, 9]","[159.0, 27]","[182.65, 20]","[273.94, 34]",173.82,90,17.65,-0.2
07:45:10,"[159.19, 31]","[157.13, 47]","[166.0, 55]","[167.0, 11]",162.6,144,6.81,0.08
07:45:11,"[159.0, 39]","[157.0, 62]","[162.94, 18]","[165.67, 45]",160.97,164,3.94,0.23
07:45:12,"[157.72, 75]","[156.74, 80]","[162.16, 19]","[165.92, 77]",159.94,251,4.44,0.24
07:45:13,"[157.0, 42]","[155.0, 7]","[160.0, 35]","[161.0, 7]",158.5,91,3.0,0.08
07:45:14,"[157.0, 72]","[143.17, 12]","[238.27, 51]","[293.62, 29]",197.64,164,81.27,0.02
07:45:15,"[157.0, 48]","[124.5, 10]","[285.69, 26]","[442.71, 28]",221.35,112,128.69,0.04
07:45:16,"[157.0, 48]","[117.0, 16]","[498.43, 28]","[585.07, 30]",327.71,122,341.43,0.05
07:45:17,"[162.15, 47]","[155.93, 15]","[504.0, 32]","[613.29, 28]",333.07,122,341.85,0.02
07:45:18,"[163.0, 24]","[159.0, 16]","[555.53, 30]","[629.56, 18]",359.27,88,392.53,-0.09
07:45:19,"[163.0, 10]","[160.4, 40]","[268.64, 22]","[480.59, 34]",215.82,106,105.64,-0.06
07:45:20,"[163.0, 10]","[161.0, 70]","[390.38, 16]","[418.77, 26]",276.69,122,227.38,0.31
07:45:21,"[163.0, 16]","[161.0, 133]","[272.43, 47]","[366.22, 37]",217.71,233,109.43,0.28
07:45:22,"[161.96, 27]","[160.93, 140]","[169.05, 20]","[390.0, 49]",165.51,236,7.09,0.42
07:45:23,"[161.06, 67]","[160.13, 52]","[167.0, 10]","[205.6, 20]",164.03,149,5.94,0.6
07:45:24,"[161.67, 21]","[160.91, 54]","[169.8, 10]","[290.0, 20]",165.73,105,8.13,0.43
07:45:25,"[162.43, 14]","[161.12, 32]","[173.09, 22]","[303.5, 16]",167.76,84,10.66,0.1
07:45:26,"[165.0, 18]","[162.6, 15]","[172.33, 24]","[433.0, 24]",168.67,81,7.33,-0.19
07:45:27,"[165.67, 18]","[162.5, 24]","[172.0, 40]","[323.0, 34]",168.83,116,6.33,-0.28
07:45:28,"[163.0, 34]","[162.0, 41]","[172.0, 56]","[271.5, 70]",167.5,201,9.0,-0.25
07:45:29,"[163.0, 15]","[162.0, 15]","[172.0, 20]","[431.18, 22]",167.5,72,9.0,-0.17
07:45:30,"[163.0, 27]","[162.0, 27]","[171.67, 36]","[408.71, 28]",167.33,118,8.67,-0.08
07:45:31,"[162.0, 22]","[161.0, 30]","[169.41, 34]","[170.6, 40]",165.71,126,7.41,-0.17
07:45:32,"[161.59, 22]","[160.72, 54]","[164.63, 43]","[165.48, 58]",163.11,177,3.04,-0.14
07:45:33,"[160.73, 37]","[159.92, 49]","[162.0, 11]","[173.4, 40]",161.36,137,1.27,0.26
07:45:34,"[160.0, 70]","[159.0, 28]","[162.0, 14]","[293.3, 37]",161.0,149,2.0,0.32
07:45:35,"[160.0, 40]","[159.0, 16]","[227.42, 12]","[231.03, 37]",193.71,105,67.42,0.07
07:45:36,"[160.0, 75]","[158.6, 25]","[216.5, 46]","[225.47, 43]",188.25,189,56.5,0.06
07:45:37,"[160.47, 38]","[158.08, 78]","[168.92, 36]","[169.66, 35]",164.7,187,8.44,0.24
07:45:38,"[165.0, 38]","[159.0, 14]","[166.95, 38]","[280.91, 34]",165.97,124,1.95,-0.16
07:45:39,"[162.43, 14]","[159.75, 8]","[166.86, 21]","[261.52, 29]",164.64,72,4.43,-0.39
07:45:40,"[159.7, 114]","[158.83, 69]","[164.7, 46]","[303.96, 48]",162.2,277,4.99,0.32
07:45:41,"[161.0, 99]","[159.27, 66]","[162.0, 33]","[163.0, 22]",161.5,220,1.0,0.5
07:45:42,"[160.58, 36]","[158.95, 38]","[261.17, 29]","[452.88, 33]",210.88,136,100.59,0.09
07:45:43,"[162.48, 25]","[161.5, 12]","[213.0, 30]","[390.0, 24]",187.74,91,50.52,-0.19
07:45:44,"[163.0, 36]","[162.0, 27]","[416.31, 35]","[479.21, 43]",289.66,141,253.31,-0.11
07:45:45,"[163.0, 50]","[162.0, 42]","[233.23, 61]","[268.94, 48]",198.11,201,70.23,-0.08
07:45:46,"[164.14, 14]","[162.0, 42]","[197.79, 48]","[199.64, 47]",180.97,151,33.65,-0.26
07:45:47,"[165.0, 10]","[162.0, 30]","[197.31, 39]","[198.29, 31]",181.15,110,32.31,-0.27
07:45:48,"[162.0, 7]","[158.64, 22]","[195.14, 28]","[197.0, 21]",178.57,78,33.14,-0.26
07:45:49,"[164.69, 32]","[159.11, 18]","[192.95, 37]","[194.08, 39]",178.82,126,28.26,-0.21
07:45:50,"[165.0, 22]","[160.0, 14]","[188.51, 43]","[189.33, 45]",176.76,124,23.51,-0.42
07:45:51,"[158.65, 43]","[157.71, 17]","[183.76, 49]","[185.0, 50]",171.2,159,25.1,-0.25
07:45:52,"[158.0, 39]","[157.0, 13]","[181.71, 34]","[182.68, 47]",169.85,133,23.71,-0.22
07:45:53,"[158.0, 36]","[157.0, 12]","[179.17, 24]","[182.0, 36]",168.58,108,21.17,-0.11
07:45:54,"[159.53, 32]","[144.03, 66]","[176.05, 41]","[177.2, 41]",167.79,180,16.52,0.09
07:45:55,"[157.21, 175]","[147.83, 141]","[173.53, 34]","[174.88, 50]",165.37,400,16.32,0.58
07:45:56,"[158.33, 92]","[157.15, 235]","[170.36, 44]","[171.49, 43]",164.34,414,12.04,0.58
07:45:57,"[159.82, 88]","[158.62, 101]","[165.94, 62]","[166.83, 59]",162.88,310,6.12,0.22
07:45:58,"[160.77, 13]","[158.53, 57]","[162.35, 23]","[164.24, 34]",161.56,127,1.58,0.1
07:45:59,"[162.71, 24]","[160.0, 36]","[163.89, 35]","[280.16, 25]",163.3,120,1.18,0.0
07:46:00,"[161.26, 38]","[158.67, 55]","[240.96, 50]","[530.34, 38]",201.11,181,79.7,0.03
07:46:01,"[162.0, 13]","[159.0, 45]","[655.22, 23]","[682.46, 24]",408.61,105,493.22,0.1
07:46:02,"[162.0, 8]","[159.0, 40]","[488.65, 23]","[607.04, 25]",325.33,96,326.65,0.0
07:46:03,"[162.0, 11]","[159.0, 55]","[295.18, 28]","[449.06, 35]",228.59,129,133.18,0.02
07:46:04,"[162.0, 14]","[158.88, 34]","[207.73, 55]","[306.29, 28]",184.86,131,45.73,-0.27
07:46:05,"[165.0, 6]","[161.0, 6]","[205.67, 30]","[223.41, 27]",185.33,69,40.67,-0.65
07:46:06,"[165.0, 9]","[161.0, 9]","[204.89, 45]","[407.44, 18]",184.94,81,39.89,-0.56
07:46:07,"[165.0, 6]","[161.0, 6]","[204.0, 30]","[369.33, 15]",184.5,57,39.0,-0.58
07:46:08,"[159.95, 19]","[157.2, 59]","[203.86, 35]","[265.03, 29]",181.9,142,43.91,0.1
07:46:09,"[159.5, 80]","[157.21, 156]","[201.9, 52]","[214.11, 64]",180.7,352,42.4,0.34
07:46:10,"[161.85, 40]","[158.86, 43]","[200.62, 53]","[201.44, 43]",181.24,179,38.77,-0.07
07:46:11,"[163.26, 19]","[162.18, 17]","[195.88, 16]","[197.94, 32]",179.57,84,32.61,-0.14
07:46:12,"[163.0, 26]","[161.85, 13]","[193.38, 39]","[195.0, 13]",178.19,91,30.38,-0.14
07:46:13,"[163.0, 27]","[162.0, 12]","[189.86, 42]","[191.26, 50]",176.43,131,26.86,-0.4
07:46:14,"[163.0, 65]","[162.0, 13]","[186.28, 43]","[188.55, 55]",174.64,176,23.28,-0.11
07:46:15,"[162.58, 50]","[160.82, 17]","[183.96, 26]","[185.87, 46]",173.27,139,21.38,-0.04
07:46:16,"[161.91, 67]","[159.31, 78]","[182.62, 37]","[184.4, 15]",172.27,197,20.71,0.47
07:46:17,"[164.69, 13]","[160.23, 52]","[178.9, 50]","[181.0, 10]",171.8,125,14.21,0.04
07:46:18,"[167.0, 15]","[160.04, 99]","[175.27, 59]","[176.61, 57]",171.14,230,8.27,-0.01
07:46:19,"[167.0, 9]","[160.0, 63]","[170.76, 21]","[172.33, 33]",168.88,126,3.76,0.14
07:46:20,"[160.0, 98]","[159.0, 84]","[165.69, 36]","[166.93, 28]",162.85,246,5.69,0.48
07:46:21,"[159.18, 49]","[157.78, 46]","[160.87, 31]","[161.96, 26]",160.03,152,1.69,0.25
07:46:22,"[157.95, 38]","[155.46, 104]","[160.2, 30]","[215.73, 33]",159.07,205,2.25,0.39
07:46:23,"[155.0, 160]","[127.3, 70]","[158.6, 15]","[159.86, 21]",156.8,266,3.6,0.73
07:46:24,"[155.0, 159]","[142.84, 79]","[183.24, 37]","[329.58, 52]",169.12,327,28.24,0.46
07:46:25,"[158.09, 35]","[153.2, 44]","[338.0, 30]","[729.0, 18]",248.04,127,179.91,0.24
07:46:26,"[163.0, 60]","[156.42, 48]","[442.56, 34]","[729.0, 24]",302.78,166,279.56,0.3
07:46:27,"[163.0, 58]","[161.0, 48]","[453.5, 36]","[693.17, 36]",308.25,178,290.5,0.19
07:46:28,"[163.0, 24]","[161.0, 24]","[293.23, 13]","[294.83, 18]",228.12,79,130.23,0.22
07:46:29,"[161.7, 27]","[160.14, 28]","[292.33, 18]","[332.67, 27]",227.02,100,130.63,0.1
07:46:30,"[162.0, 4]","[161.0, 16]","[289.55, 11]","[435.64, 11]",225.77,42,127.55,-0.05
07:46:31,"[161.73, 15]","[160.87, 46]","[288.64, 39]","[289.22, 45]",225.19,145,126.91,-0.16
07:46:32,"[161.0, 56]","[158.96, 46]","[285.18, 55]","[287.04, 46]",223.09,203,124.18,0.0
07:46:33,"[161.0, 48]","[160.0, 132]","[281.56, 55]","[282.27, 37]",221.28,272,120.56,0.32
07:46:34,"[161.71, 42]","[160.11, 111]","[274.29, 42]","[275.29, 42]",218.0,237,112.57,0.29
07:46:35,"[161.0, 16]","[160.0, 88]","[270.72, 25]","[271.31, 35]",215.86,164,109.72,0.27
07:46:36,"[161.0, 18]","[160.0, 99]","[235.93, 28]","[243.64, 25]",198.46,170,74.93,0.38
07:46:37,"[161.0, 12]","[160.0, 66]","[210.83, 24]","[212.0, 12]",185.92,114,49.83,0.37
07:46:38,"[160.26, 76]","[159.77, 124]","[206.27, 73]","[208.2, 60]",183.27,333,46.01,0.2
07:46:39,"[160.47, 102]","[158.6, 40]","[201.62, 80]","[202.73, 67]",181.05,289,41.15,-0.02
07:46:40,"[167.11, 18]","[160.29, 28]","[200.64, 33]","[201.5, 40]",183.87,119,33.53,-0.23
07:46:41,"[163.78, 27]","[160.56, 9]","[199.0, 14]","[201.0, 35]",181.39,85,35.22,-0.15
07:46:42,"[164.0, 63]","[161.43, 14]","[195.72, 53]","[196.79, 58]",179.86,188,31.72,-0.18
07:46:43,"[164.0, 22]","[163.0, 49]","[192.5, 24]","[194.44, 18]",178.25,113,28.5,0.26
07:46:44,"[165.5, 26]","[163.36, 22]","[191.55, 44]","[192.86, 28]",178.52,120,26.05,-0.2
07:46:45,"[166.0, 33]","[164.0, 11]","[187.76, 34]","[189.84, 43]",176.88,121,21.76,-0.27
07:46:46,"[164.75, 16]","[163.03, 72]","[179.86, 43]","[187.43, 51]",172.31,182,15.11,-0.03
07:46:47,"[163.36, 22]","[162.85, 66]","[171.75, 48]","[172.66, 41]",167.56,177,8.39,-0.01
07:46:48,"[163.0, 91]","[162.0, 65]","[168.61, 62]","[169.85, 65]",165.81,283,5.61,0.1
07:46:49,"[163.0, 91]","[162.0, 65]","[166.42, 55]","[168.69, 62]",164.71,273,3.42,0.14
07:46:50,"[163.0, 63]","[162.0, 45]","[164.0, 36]","[165.0, 45]",163.5,189,1.0,0.14
07:46:51,"[162.27, 63]","[161.41, 34]","[163.47, 60]","[232.0, 43]",162.87,200,1.2,-0.03
07:46:52,"[160.83, 12]","[159.82, 22]","[163.0, 37]","[297.89, 19]",161.92,90,2.17,-0.24
07:46:53,"[159.75, 16]","[158.67, 18]","[163.0, 26]","[284.59, 17]",161.38,77,3.25,-0.12
07:46:54,"[160.88, 8]","[158.62, 16]","[162.75, 16]","[277.0, 40]",161.81,80,1.88,-0.4
07:46:55,"[158.0, 16]","[156.0, 24]","[162.0, 16]","[277.0, 40]",160.0,96,4.0,-0.17
07:46:56,"[159.07, 14]","[157.78, 27]","[253.23, 39]","[325.17, 53]",206.15,133,94.16,-0.38
07:46:57,"[161.1, 10]","[158.0, 20]","[275.0, 10]","[277.0, 15]",218.05,55,113.9,0.09
07:46:58,"[166.29, 21]","[159.18, 17]","[187.75, 12]","[190.5, 20]",177.02,70,21.46,0.09
07:46:59,"[160.64, 44]","[156.32, 68]","[178.06, 17]","[220.28, 25]",169.35,154,17.42,0.45
07:47:00,"[163.68, 57]","[161.74, 94]","[174.22, 23]","[174.5, 20]",168.95,194,10.53,0.56
07:47:01,"[166.0, 21]","[164.0, 126]","[172.0, 14]","[173.0, 21]",169.0,182,6.0,0.62
07:47:02,"[166.0, 39]","[164.0, 234]","[170.92, 24]","[172.36, 25]",168.46,322,4.92,0.7
07:47:03,"[164.34, 87]","[163.35, 136]","[168.33, 12]","[169.93, 15]",166.34,250,3.99,0.78
07:47:04,"[164.0, 248]","[161.26, 35]","[171.18, 34]","[201.7, 23]",167.59,340,7.18,0.66
07:47:05,"[164.0, 180]","[161.0, 20]","[382.16, 19]","[493.31, 13]",273.08,232,218.16,0.72
07:47:06,"[164.0, 185]","[162.0, 83]","[376.45, 33]","[387.62, 24]",270.23,325,212.45,0.65
07:47:07,"[164.0, 168]","[162.0, 84]","[278.71, 35]","[318.29, 28]",221.36,315,114.71,0.6
07:47:08,"[164.0, 185]","[162.0, 98]","[198.04, 50]","[215.91, 33]",181.02,366,34.04,0.55
07:47:09,"[164.0, 182]","[162.0, 98]","[194.72, 50]","[196.38, 32]",179.36,362,30.72,0.55
07:47:10,"[164.48, 25]","[163.91, 163]","[189.71, 31]","[191.09, 57]",177.09,276,25.23,0.36
07:47:11,"[164.09, 76]","[163.11, 94]","[188.69, 26]","[189.81, 42]",176.39,238,24.6,0.43
07:47:12,"[164.0, 144]","[162.0, 84]","[182.2, 30]","[184.23, 22]",173.1,280,18.2,0.63
07:47:13,"[164.0, 150]","[162.0, 91]","[179.48, 27]","[180.97, 29]",171.74,297,15.48,0.62
07:47:14,"[164.0, 165]","[162.0, 105]","[174.38, 53]","[175.47, 57]",169.19,380,10.38,0.42
07:47:15,"[164.0, 91]","[162.0, 77]","[168.72, 39]","[169.75, 51]",166.36,258,4.72,0.3
07:47:16,"[164.0, 62]","[162.0, 98]","[166.19, 58]","[167.61, 44]",165.09,262,2.19,0.22
07:47:17,"[162.25, 83]","[161.24, 21]","[173.93, 15]","[307.82, 33]",168.09,152,11.68,0.37
07:47:18,"[162.0, 70]","[160.0, 10]","[175.0, 10]","[384.0, 19]",168.5,109,13.0,0.47
07:47:19,"[162.19, 74]","[160.8, 20]","[175.0, 14]","[389.76, 38]",168.59,146,12.81,0.29
07:47:20,"[163.0, 98]","[162.0, 56]","[174.21, 14]","[330.0, 48]",168.61,216,11.21,0.43
07:47:21,"[163.0, 91]","[162.0, 52]","[171.62, 13]","[406.11, 19]",167.31,175,8.62,0.63
07:47:22,"[163.0, 92]","[162.0, 48]","[169.33, 12]","[298.2, 30]",166.17,182,6.33,0.54
07:47:23,"[163.0, 180]","[162.0, 48]","[169.0, 12]","[240.72, 43]",166.0,283,6.0,0.61
07:47:24,"[163.0, 170]","[162.0, 58]","[168.33, 18]","[344.4, 30]",165.67,276,5.33,0.65
07:47:25,"[163.0, 117]","[162.0, 45]","[165.5, 18]","[167.78, 27]",164.25,207,2.5,0.57
07:47:26,"[163.0, 156]","[162.0, 65]","[164.62, 52]","[182.77, 13]",163.81,286,1.62,0.55
07:47:27,"[163.0, 54]","[162.0, 50]","[359.89, 37]","[434.55, 29]",261.45,170,196.89,0.22
07:47:28,"[163.0, 50]","[162.0, 18]","[310.29, 31]","[429.41, 34]",236.65,133,147.29,0.02
07:47:29,"[163.0, 50]","[162.0, 10]","[349.82, 38]","[429.97, 33]",256.41,131,186.82,-0.08
07:47:30,"[163.0, 65]","[162.0, 93]","[286.22, 41]","[436.04, 51]",224.61,250,123.22,0.26
07:47:31,"[163.0, 45]","[162.0, 117]","[304.3, 33]","[448.93, 41]",233.65,236,141.3,0.37
07:47:32,"[163.0, 65]","[162.0, 143]","[307.32, 60]","[369.02, 62]",235.16,330,144.32,0.26
07:47:33,"[163.0, 24]","[162.0, 132]","[174.02, 51]","[223.79, 57]",168.51,264,11.02,0.18
07:47:34,"[162.18, 90]","[161.78, 127]","[194.0, 80]","[305.18, 66]",178.09,363,31.82,0.2
07:47:35,"[162.11, 54]","[161.5, 48]","[192.22, 45]","[207.0, 36]",177.17,183,30.11,0.11
07:47:36,"[163.0, 30]","[162.0, 120]","[189.49, 78]","[197.07, 80]",176.24,308,26.49,-0.03
07:47:37,"[163.0, 20]","[162.0, 80]","[185.54, 41]","[187.08, 49]",174.27,190,22.54,0.05
07:47:38,"[163.0, 26]","[162.0, 107]","[183.69, 52]","[187.0, 65]",173.35,250,20.69,0.06
07:47:39,"[166.87, 120]","[162.85, 136]","[181.56, 79]","[185.31, 83]",174.21,418,14.69,0.22
07:47:40,"[167.0, 65]","[163.0, 117]","[178.82, 60]","[180.3, 57]",172.91,299,11.82,0.22
07:47:41,"[163.61, 111]","[162.65, 69]","[176.45, 58]","[177.81, 59]",170.03,297,12.84,0.21
07:47:42,"[163.0, 163]","[162.0, 42]","[174.29, 56]","[177.0, 70]",168.64,331,11.29,0.24
07:47:43,"[163.0, 63]","[162.0, 36]","[171.85, 52]","[173.36, 56]",167.42,207,8.85,-0.04
07:47:44,"[162.9, 20]","[161.69, 26]","[168.97, 39]","[170.15, 33]",165.94,118,6.07,-0.22
07:47:45,"[161.36, 25]","[160.82, 44]","[163.77, 65]","[165.15, 65]",162.56,199,2.41,-0.31
07:47:46,"[160.0, 30]","[159.0, 27]","[162.0, 45]","[244.0, 45]",161.0,147,2.0,-0.22
07:47:47,"[158.47, 38]","[157.84, 55]","[170.95, 41]","[280.18, 44]",164.71,178,12.48,0.04
07:47:48,"[158.0, 24]","[157.0, 12]","[220.57, 14]","[553.54, 13]",189.29,63,62.57,0.14
07:47:49,"[159.0, 30]","[157.8, 60]","[521.78, 45]","[658.36, 11]",340.39,146,362.78,0.23
07:47:50,"[163.0, 10]","[158.0, 56]","[495.6, 25]","[682.42, 31]",329.3,122,332.6,0.08
07:47:51,"[163.0, 10]","[158.16, 19]","[463.2, 15]","[632.0, 25]",313.1,69,300.2,-0.16
07:47:52,"[163.95, 37]","[162.64, 11]","[399.23, 26]","[554.36, 22]",281.59,96,235.28,0.0
07:47:53,"[165.0, 70]","[163.0, 28]","[197.21, 70]","[521.64, 42]",181.11,210,32.21,-0.07
07:47:54,"[165.0, 18]","[163.0, 12]","[187.0, 30]","[531.67, 18]",176.0,78,22.0,-0.23
07:47:55,"[161.64, 44]","[160.9, 40]","[325.81, 37]","[517.67, 6]",243.72,127,164.17,0.32
07:47:56,"[161.0, 45]","[159.0, 9]","[442.06, 33]","[468.95, 21]",301.53,108,281.06,0.0
07:47:57,"[161.08, 26]","[159.55, 11]","[342.41, 41]","[357.52, 25]",251.75,103,181.34,-0.28
07:47:58,"[161.33, 24]","[160.2, 20]","[260.17, 48]","[279.84, 38]",210.75,130,98.83,-0.32
07:47:59,"[160.23, 13]","[158.17, 24]","[256.47, 38]","[257.42, 43]",208.35,118,96.24,-0.37
07:48:00,"[159.0, 8]","[158.0, 32]","[255.88, 32]","[257.0, 40]",207.44,112,96.88,-0.29
07:48:01,"[159.0, 5]","[158.0, 20]","[254.0, 20]","[255.0, 20]",206.5,65,95.0,-0.23
07:48:02,"[162.87, 93]","[158.45, 22]","[251.77, 52]","[253.0, 52]",207.32,219,88.9,0.05
07:48:03,"[163.0, 113]","[159.0, 13]","[248.6, 40]","[252.29, 56]",205.8,222,85.6,0.14
07:48:04,"[163.5, 12]","[161.67, 9]","[244.95, 21]","[246.5, 20]",204.23,62,81.45,-0.32
07:48:05,"[164.0, 20]","[163.0, 44]","[241.08, 49]","[242.28, 39]",202.54,152,77.08,-0.16
07:48:06,"[164.89, 18]","[163.0, 72]","[238.25, 40]","[239.61, 41]",201.57,171,73.36,0.05
07:48:07,"[165.0, 22]","[163.0, 88]","[235.38, 37]","[236.8, 41]",200.19,188,70.38,0.17
07:48:08,"[165.0, 20]","[163.0, 80]","[211.53, 34]","[232.85, 26]",188.26,160,46.53,0.25
07:48:09,"[165.0, 22]","[163.0, 88]","[230.07, 28]","[231.45, 44]",197.54,182,65.07,0.21
07:48:10,"[165.0, 22]","[163.0, 80]","[227.96, 52]","[228.8, 25]",196.48,179,62.96,0.14
07:48:11,"[163.0, 58]","[160.45, 22]","[211.47, 34]","[227.9, 61]",187.24,175,48.47,-0.09
07:48:12,"[163.0, 55]","[161.0, 22]","[180.59, 34]","[187.42, 33]",171.79,144,17.59,0.07
07:48:13,"[163.39, 82]","[161.79, 43]","[176.84, 56]","[178.67, 48]",170.11,229,13.45,0.09
07:48:14,"[164.69, 64]","[162.61, 71]","[172.11, 85]","[174.0, 76]",168.4,296,7.42,-0.09
07:48:15,"[163.0, 11]","[161.0, 22]","[169.9, 50]","[171.47, 49]",166.45,132,6.9,-0.5
07:48:16,"[163.98, 93]","[162.27, 11]","[168.93, 30]","[170.41, 39]",166.46,173,4.95,0.2
07:48:17,"[164.0, 117]","[163.0, 9]","[167.67, 24]","[169.03, 39]",165.83,189,3.67,0.33
07:48:18,"[164.0, 84]","[163.0, 12]","[218.69, 29]","[442.05, 37]",191.34,162,54.69,0.19
07:48:19,"[164.0, 8]","[163.0, 8]","[552.65, 20]","[570.4, 30]",358.32,66,388.65,-0.52
07:48:20,"[164.0, 8]","[163.0, 8]","[405.2, 20]","[552.14, 14]",284.6,50,241.2,-0.36
07:48:21,"[164.0, 6]","[163.0, 6]","[231.57, 21]","[304.43, 21]",197.79,54,67.57,-0.56
07:48:22,"[164.0, 8]","[163.0, 8]","[218.36, 14]","[228.78, 27]",191.18,57,54.36,-0.44
07:48:23,"[164.0, 4]","[163.0, 4]","[214.5, 4]","[219.0, 12]",189.25,24,50.5,-0.33
07:48:24,"[164.0, 10]","[163.0, 10]","[211.43, 14]","[230.4, 30]",187.71,64,47.43,-0.38
07:48:25,"[163.73, 26]","[162.42, 24]","[208.23, 31]","[287.15, 46]",185.98,127,44.5,-0.21
07:48:26,"[163.45, 11]","[161.94, 17]","[187.53, 19]","[199.22, 41]",175.49,88,24.07,-0.36
07:48:27,"[162.0, 13]","[161.0, 34]","[184.19, 21]","[187.77, 35]",173.1,103,22.19,-0.09
07:48:28,"[160.36, 22]","[158.92, 26]","[179.08, 37]","[180.13, 53]",169.72,138,18.72,-0.3
07:48:29,"[161.91, 22]","[159.27, 22]","[175.93, 55]","[176.16, 43]",168.92,142,14.02,-0.38
07:48:30,"[163.48, 31]","[161.36, 22]","[172.84, 51]","[174.45, 47]",168.16,151,9.36,-0.3
07:48:31,"[162.87, 46]","[161.33, 24]","[171.23, 56]","[173.67, 60]",167.05,186,8.36,-0.25
07:48:32,"[162.0, 34]","[161.0, 34]","[167.52, 33]","[168.18, 49]",164.76,150,5.52,-0.09
07:48:33,"[161.6, 20]","[160.4, 20]","[165.08, 38]","[166.3, 10]",163.34,88,3.48,-0.09
07:48:34,"[160.08, 24]","[158.31, 26]","[164.62, 29]","[165.05, 41]",162.35,120,4.54,-0.17
07:48:35,"[161.0, 58]","[160.0, 24]","[162.1, 42]","[163.5, 12]",161.55,136,1.1,0.21
07:48:36,"[160.0, 34]","[158.0, 17]","[162.65, 31]","[217.22, 23]",161.32,105,2.65,-0.03
07:48:37,"[160.0, 20]","[158.0, 10]","[175.7, 20]","[188.6, 10]",167.85,60,15.7,0.0
07:48:38,"[143.36, 14]","[118.4, 10]","[205.37, 19]","[254.36, 11]",174.36,54,62.01,-0.11
07:48:39,"[164.0, 33]","[157.27, 11]","[266.21, 19]","[507.2, 15]",215.11,78,102.21,0.13
07:48:40,"[166.0, 96]","[164.0, 27]","[192.0, 9]","[263.83, 12]",179.0,144,26.0,0.71
07:48:41,"[166.0, 73]","[164.0, 33]","[192.0, 11]","[390.42, 19]",179.0,136,26.0,0.56
07:48:42,"[166.0, 70]","[164.0, 30]","[190.0, 13]","[435.36, 22]",178.0,135,24.0,0.48
07:48:43,"[166.0, 42]","[164.0, 18]","[174.0, 12]","[189.0, 12]",170.0,84,8.0,0.43
07:48:44,"[166.0, 56]","[164.0, 42]","[186.36, 28]","[339.0, 23]",176.18,149,20.36,0.32
07:48:45,"[166.0, 82]","[164.0, 53]","[179.57, 28]","[184.57, 28]",172.79,191,13.57,0.41
07:48:46,"[166.0, 59]","[164.0, 44]","[178.91, 22]","[180.0, 22]",172.45,147,12.91,0.4
07:48:47,"[166.0, 27]","[164.0, 44]","[176.09, 22]","[180.0, 22]",171.05,115,10.09,0.23
07:48:48,"[166.0, 10]","[164.0, 40]","[173.5, 20]","[175.1, 20]",169.75,90,7.5,0.11
07:48:49,"[166.0, 14]","[164.0, 56]","[170.64, 28]","[172.0, 28]",168.32,126,4.64,0.11
