Time,Bid1,Bid2,Ask1,Ask2,Mid-Price,Total_volume,Bid_ask_spread,Order_imbalance
07:30:00,"[0, 0]","[0, 0]","[703.86, 7]","[799.0, 3]",351.93,10,703.86,-1.0
07:30:01,"[0, 0]","[0, 0]","[115.67, 9]","[129.14, 7]",57.83,16,115.67,-1.0
07:30:02,"[94.0, 6]","[0, 0]","[107.06, 17]","[108.6, 15]",100.53,38,13.06,-0.68
07:30:03,"[94.0, 9]","[0, 0]","[105.0, 8]","[106.0, 15]",99.5,32,11.0,-0.44
07:30:04,"[94.0, 18]","[80.0, 12]","[103.23, 26]","[105.84, 19]",98.62,75,9.23,-0.2
07:30:05,"[94.0, 12]","[80.0, 8]","[100.0, 10]","[102.62, 26]",97.0,56,6.0,-0.29
07:30:06,"[94.0, 6]","[80.0, 4]","[100.0, 4]","[101.0, 10]",97.0,24,6.0,-0.17
07:30:07,"[94.0, 12]","[80.0, 8]","[100.0, 8]","[101.0, 20]",97.0,48,6.0,-0.17
07:30:08,"[95.86, 14]","[92.0, 11]","[100.0, 10]","[101.0, 25]",97.93,60,4.14,-0.17
07:30:09,"[97.5, 18]","[95.0, 12]","[100.0, 12]","[101.0, 30]",98.75,72,2.5,-0.17
07:30:10,"[98.57, 14]","[97.25, 16]","[100.56, 18]","[101.33, 24]",99.56,72,1.98,-0.17
07:30:11,"[99.27, 22]","[97.63, 27]","[101.0, 50]","[103.0, 20]",100.14,119,1.73,-0.18
07:30:12,"[101.55, 20]","[99.4, 15]","[102.41, 17]","[103.95, 37]",101.98,89,0.86,-0.21
07:30:13,"[102.5, 36]","[98.2, 60]","[103.93, 43]","[106.84, 44]",103.22,183,1.43,0.05
07:30:14,"[104.45, 33]","[98.45, 66]","[107.57, 14]","[124.09, 55]",106.01,168,3.12,0.18
07:30:15,"[106.73, 22]","[100.0, 42]","[123.17, 24]","[129.5, 40]",114.95,128,16.44,0.0
07:30:16,"[111.03, 29]","[108.15, 26]","[126.0, 55]","[133.0, 55]",118.52,165,14.97,-0.33
07:30:17,"[110.46, 26]","[108.12, 64]","[115.3, 20]","[121.41, 46]",112.88,156,4.84,0.15
07:30:18,"[110.0, 14]","[108.0, 42]","[112.0, 7]","[114.87, 23]",111.0,86,2.0,0.3
07:30:19,"[108.88, 32]","[107.47, 51]","[111.4, 10]","[117.1, 50]",110.14,143,2.53,0.16
07:30:20,"[108.68, 38]","[107.14, 84]","[112.58, 31]","[114.67, 75]",110.63,228,3.9,0.07
07:30:21,"[109.0, 22]","[107.0, 66]","[112.96, 48]","[114.55, 51]",110.98,187,3.96,-0.06
07:30:22,"[109.0, 20]","[107.0, 60]","[111.0, 40]","[112.0, 30]",110.0,150,2.0,0.07
07:30:23,"[109.0, 26]","[107.0, 78]","[110.77, 52]","[112.0, 89]",109.88,245,1.77,-0.15
07:30:24,"[107.0, 66]","[104.21, 28]","[109.32, 38]","[112.72, 104]",108.16,236,2.32,-0.2
07:30:25,"[107.0, 90]","[103.0, 20]","[108.18, 67]","[110.52, 71]",107.59,248,1.18,-0.11
07:30:26,"[107.0, 66]","[106.0, 11]","[108.0, 55]","[109.0, 44]",107.5,176,1.0,-0.12
07:30:27,"[107.0, 53]","[106.0, 12]","[108.0, 60]","[109.94, 53]",107.5,178,1.0,-0.27
07:30:28,"[107.0, 117]","[106.0, 11]","[108.0, 46]","[111.0, 55]",107.5,229,1.0,0.12
07:30:29,"[106.6, 20]","[101.56, 18]","[108.0, 20]","[111.0, 50]",107.3,108,1.4,-0.3
07:30:30,"[106.53, 15]","[101.62, 16]","[108.14, 28]","[110.97, 31]",107.34,90,1.61,-0.31
07:30:31,"[107.0, 32]","[105.25, 8]","[112.0, 32]","[114.0, 40]",109.5,112,5.0,-0.29
07:30:32,"[110.04, 50]","[106.29, 31]","[112.0, 40]","[114.0, 50]",111.02,171,1.96,-0.05
07:30:33,"[111.0, 150]","[106.0, 52]","[112.0, 37]","[114.84, 43]",111.5,282,1.0,0.43
07:30:34,"[111.0, 54]","[106.0, 24]","[112.0, 6]","[114.0, 6]",111.5,90,1.0,0.73
07:30:35,"[111.0, 59]","[106.0, 28]","[112.0, 7]","[114.0, 7]",111.5,101,1.0,0.72
07:30:36,"[111.83, 59]","[109.74, 46]","[113.5, 8]","[117.6, 20]",112.67,133,1.67,0.58
07:30:37,"[113.0, 55]","[112.0, 26]","[114.0, 13]","[118.0, 39]",113.5,133,1.0,0.22
07:30:38,"[112.62, 16]","[111.29, 34]","[118.0, 24]","[380.26, 31]",115.31,105,5.38,-0.05
07:30:39,"[113.0, 28]","[112.0, 28]","[118.0, 42]","[184.0, 47]",115.5,145,5.0,-0.23
07:30:40,"[113.0, 22]","[112.0, 22]","[118.0, 33]","[253.53, 40]",115.5,117,5.0,-0.25
07:30:41,"[112.0, 22]","[110.8, 79]","[118.0, 39]","[244.79, 47]",115.0,187,6.0,0.08
07:30:42,"[115.64, 22]","[111.16, 74]","[118.0, 42]","[257.43, 51]",116.82,189,2.36,0.02
07:30:43,"[117.0, 39]","[111.18, 67]","[118.0, 30]","[250.82, 44]",117.5,180,1.0,0.18
07:30:44,"[117.0, 17]","[111.0, 56]","[118.0, 16]","[238.0, 24]",117.5,113,1.0,0.29
07:30:45,"[117.0, 20]","[111.0, 70]","[118.0, 20]","[280.72, 32]",117.5,142,1.0,0.27
07:30:46,"[111.0, 35]","[108.0, 42]","[116.94, 17]","[143.24, 17]",113.97,111,5.94,0.39
07:30:47,"[111.0, 45]","[108.0, 54]","[118.0, 18]","[283.11, 27]",114.5,144,7.0,0.38
07:30:48,"[111.0, 40]","[108.0, 48]","[117.38, 16]","[244.16, 19]",114.19,123,6.38,0.43
07:30:49,"[111.0, 22]","[108.0, 60]","[116.29, 35]","[155.18, 22]",113.64,139,5.29,0.18
07:30:50,"[108.05, 61]","[107.08, 76]","[115.15, 27]","[116.1, 42]",111.6,206,7.1,0.33
07:30:51,"[108.0, 35]","[107.0, 42]","[110.94, 31]","[113.17, 18]",109.47,126,2.94,0.22
07:30:52,"[108.0, 45]","[107.0, 63]","[109.0, 63]","[113.0, 57]",108.5,228,1.0,-0.05
07:30:53,"[108.0, 30]","[107.0, 42]","[109.0, 42]","[113.0, 42]",108.5,156,1.0,-0.08
07:30:54,"[107.59, 85]","[89.37, 95]","[109.0, 105]","[113.0, 80]",108.29,365,1.41,-0.01
07:30:55,"[107.0, 49]","[101.0, 21]","[109.0, 45]","[113.0, 14]",108.0,129,2.0,0.09
07:30:56,"[107.7, 23]","[106.73, 66]","[109.0, 45]","[184.67, 21]",108.35,155,1.3,0.15
07:30:57,"[107.0, 51]","[105.0, 30]","[108.91, 23]","[113.8, 30]",107.96,134,1.91,0.21
07:30:58,"[107.0, 55]","[105.0, 54]","[296.33, 42]","[367.28, 50]",201.67,201,189.33,0.08
07:30:59,"[108.5, 20]","[106.92, 25]","[284.86, 21]","[363.41, 17]",196.68,83,176.36,0.08
07:31:00,"[112.43, 28]","[110.69, 70]","[206.0, 48]","[376.57, 35]",159.21,181,93.57,0.08
07:31:01,"[111.0, 18]","[107.0, 36]","[188.22, 27]","[464.0, 18]",149.61,99,77.22,0.09
07:31:02,"[110.86, 28]","[106.74, 46]","[167.27, 48]","[284.57, 42]",139.06,164,56.41,-0.1
07:31:03,"[106.02, 49]","[100.57, 84]","[116.73, 44]","[145.05, 40]",111.37,217,10.71,0.23
07:31:04,"[105.25, 24]","[103.13, 45]","[109.0, 16]","[110.0, 16]",107.12,101,3.75,0.37
07:31:05,"[107.14, 29]","[103.53, 57]","[134.79, 28]","[251.73, 33]",120.96,147,27.65,0.17
07:31:06,"[107.38, 26]","[100.24, 29]","[162.91, 32]","[305.86, 29]",135.15,116,55.52,-0.05
07:31:07,"[107.25, 24]","[98.77, 22]","[110.0, 26]","[278.0, 30]",108.62,102,2.75,-0.1
07:31:08,"[109.0, 37]","[89.95, 57]","[110.0, 20]","[269.57, 28]",109.5,142,1.0,0.32
07:31:09,"[86.75, 48]","[70.36, 33]","[106.09, 22]","[167.09, 22]",96.42,125,19.34,0.3
07:31:10,"[88.77, 39]","[73.59, 17]","[100.71, 21]","[107.8, 15]",94.74,92,11.95,0.22
07:31:11,"[75.46, 39]","[57.0, 51]","[102.45, 11]","[106.2, 15]",88.96,116,26.99,0.55
07:31:12,"[86.89, 45]","[85.0, 27]","[104.88, 17]","[107.0, 18]",95.89,107,17.99,0.35
07:31:13,"[89.9, 50]","[51.23, 39]","[107.33, 12]","[365.71, 28]",98.62,129,17.43,0.38
07:31:14,"[92.23, 44]","[72.58, 57]","[108.29, 14]","[219.94, 18]",100.26,133,16.06,0.52
07:31:15,"[92.29, 49]","[88.66, 35]","[107.0, 65]","[109.0, 13]",99.64,162,14.71,0.04
07:31:16,"[95.23, 13]","[94.76, 17]","[107.0, 25]","[109.0, 5]",101.12,60,11.77,0.0
07:31:17,"[98.86, 36]","[98.38, 60]","[106.58, 72]","[107.71, 28]",102.72,196,7.72,-0.02
07:31:18,"[100.0, 5]","[99.0, 25]","[106.08, 13]","[108.14, 7]",103.04,50,6.08,0.2
07:31:19,"[100.0, 7]","[99.0, 35]","[105.27, 15]","[106.5, 12]",102.63,69,5.27,0.22
07:31:20,"[101.0, 7]","[99.0, 35]","[105.14, 7]","[106.23, 13]",103.07,62,4.14,0.35
07:31:21,"[103.92, 78]","[100.57, 21]","[106.31, 13]","[108.69, 13]",105.12,125,2.38,0.58
07:31:22,"[106.33, 30]","[105.29, 34]","[108.0, 6]","[109.0, 6]",107.17,76,1.67,0.68
07:31:23,"[107.0, 12]","[0, 0]","[108.5, 4]","[236.5, 8]",107.75,24,1.5,0.0
07:31:24,"[0, 0]","[0, 0]","[184.44, 27]","[382.96, 27]",92.22,54,184.44,-1.0
07:31:25,"[44.14, 14]","[82.33, 21]","[344.75, 36]","[435.2, 44]",194.45,115,300.61,-0.39
07:31:26,"[117.0, 6]","[115.0, 6]","[316.67, 18]","[433.43, 21]",216.83,51,199.67,-0.53
07:31:27,"[117.0, 4]","[115.0, 4]","[331.0, 12]","[426.0, 14]",224.0,34,214.0,-0.53
07:31:28,"[117.0, 9]","[115.0, 9]","[272.5, 38]","[344.03, 34]",194.75,90,155.5,-0.6
07:31:29,"[117.0, 6]","[115.0, 6]","[130.0, 30]","[132.0, 24]",123.5,66,13.0,-0.64
07:31:30,"[115.0, 12]","[113.0, 12]","[129.68, 37]","[131.14, 35]",122.34,96,14.68,-0.5
07:31:31,"[111.0, 63]","[109.0, 126]","[128.83, 29]","[129.88, 34]",119.91,252,17.83,0.5
07:31:32,"[111.0, 36]","[109.0, 72]","[127.0, 16]","[128.0, 20]",119.0,144,16.0,0.5
07:31:33,"[111.0, 45]","[109.0, 90]","[126.55, 22]","[127.65, 23]",118.77,180,15.55,0.5
07:31:34,"[111.0, 72]","[109.0, 144]","[124.0, 36]","[125.22, 36]",117.5,288,13.0,0.5
07:31:35,"[111.0, 63]","[109.0, 126]","[122.47, 34]","[123.66, 29]",116.74,252,11.47,0.5
07:31:36,"[111.0, 117]","[109.0, 162]","[121.0, 36]","[122.0, 45]",116.0,360,10.0,0.55
07:31:37,"[111.22, 83]","[109.6, 129]","[119.48, 31]","[120.9, 29]",115.35,272,8.27,0.56
07:31:38,"[112.0, 66]","[111.0, 143]","[115.59, 32]","[115.96, 48]",113.8,289,3.59,0.45
07:31:39,"[111.03, 75]","[109.19, 278]","[112.4, 25]","[117.15, 55]",111.71,433,1.37,0.63
07:31:40,"[111.0, 20]","[109.04, 150]","[117.44, 25]","[206.24, 42]",114.22,237,6.44,0.43
07:31:41,"[114.27, 11]","[110.86, 21]","[117.3, 40]","[285.55, 44]",115.79,116,3.03,-0.45
07:31:42,"[109.18, 165]","[108.87, 62]","[115.93, 60]","[335.81, 64]",112.56,351,6.75,0.29
07:31:43,"[109.53, 68]","[108.96, 168]","[114.0, 52]","[252.5, 48]",111.76,336,4.47,0.4
07:31:44,"[109.36, 88]","[106.07, 164]","[126.4, 40]","[190.71, 28]",117.88,320,17.04,0.57
07:31:45,"[109.46, 119]","[94.0, 48]","[180.0, 14]","[215.0, 28]",144.73,209,70.54,0.6
07:31:46,"[114.0, 77]","[109.0, 126]","[179.14, 14]","[215.0, 28]",146.57,245,65.14,0.66
07:31:47,"[114.0, 110]","[109.23, 87]","[177.7, 20]","[215.0, 40]",145.85,257,63.7,0.53
07:31:48,"[114.64, 151]","[112.11, 212]","[175.35, 34]","[318.47, 70]",144.99,467,60.72,0.55
07:31:49,"[115.14, 29]","[114.03, 102]","[165.0, 38]","[243.0, 40]",140.07,209,49.86,0.25
07:31:50,"[117.0, 39]","[115.0, 42]","[159.88, 96]","[278.53, 60]",138.44,237,42.88,-0.32
07:31:51,"[114.28, 50]","[110.45, 111]","[163.0, 64]","[185.12, 32]",138.64,257,48.72,0.25
07:31:52,"[114.06, 72]","[109.68, 162]","[162.4, 40]","[315.0, 36]",138.23,310,48.34,0.51
07:31:53,"[114.0, 70]","[109.0, 129]","[159.57, 28]","[333.0, 28]",136.79,255,45.57,0.56
07:31:54,"[114.0, 125]","[109.0, 137]","[155.26, 47]","[157.38, 26]",134.63,335,41.26,0.56
07:31:55,"[114.0, 50]","[109.0, 80]","[153.17, 23]","[154.26, 23]",133.59,176,39.17,0.48
07:31:56,"[114.0, 42]","[109.0, 70]","[151.04, 27]","[151.82, 22]",132.52,161,37.04,0.39
07:31:57,"[114.0, 72]","[110.29, 84]","[148.87, 45]","[149.47, 15]",131.43,216,34.87,0.44
07:31:58,"[114.0, 60]","[111.0, 60]","[138.0, 22]","[136.06, 31]",126.0,173,24.0,0.39
07:31:59,"[114.0, 12]","[111.27, 33]","[123.16, 19]","[130.25, 16]",118.58,80,9.16,0.12
07:32:00,"[114.4, 20]","[110.88, 74]","[118.75, 53]","[122.35, 26]",116.58,173,4.35,0.09
07:32:01,"[114.31, 32]","[112.25, 48]","[116.09, 65]","[120.19, 43]",115.2,188,1.78,-0.15
07:32:02,"[110.8, 60]","[105.63, 60]","[112.5, 36]","[183.53, 53]",111.65,209,1.7,0.15
07:32:03,"[109.0, 79]","[84.85, 52]","[110.44, 18]","[241.0, 36]",109.72,185,1.44,0.42
07:32:04,"[109.0, 41]","[93.57, 35]","[429.58, 38]","[596.47, 38]",269.29,152,320.58,0.0
07:32:05,"[109.0, 28]","[90.76, 41]","[241.14, 14]","[308.14, 28]",175.07,111,132.14,0.24
07:32:06,"[101.11, 38]","[73.02, 53]","[240.0, 22]","[552.38, 42]",170.55,155,138.89,0.17
07:32:07,"[115.26, 23]","[99.61, 28]","[199.92, 26]","[413.0, 36]",157.59,113,84.66,-0.1
07:32:08,"[117.0, 30]","[113.75, 79]","[177.06, 18]","[178.07, 27]",147.03,154,60.06,0.42
07:32:09,"[117.0, 30]","[114.0, 135]","[161.38, 29]","[174.3, 23]",139.19,217,44.38,0.52
07:32:10,"[117.0, 24]","[114.0, 108]","[127.75, 24]","[138.58, 24]",122.38,180,10.75,0.47
07:32:11,"[117.7, 20]","[115.02, 41]","[124.3, 20]","[125.6, 20]",121.0,101,6.6,0.21
07:32:12,"[117.4, 20]","[114.39, 62]","[122.6, 20]","[123.6, 20]",120.0,122,5.2,0.34
07:32:13,"[116.83, 24]","[114.39, 62]","[119.36, 14]","[120.43, 23]",118.1,123,2.52,0.4
07:32:14,"[109.44, 36]","[90.71, 42]","[117.55, 11]","[167.74, 31]",113.49,120,8.1,0.3
07:32:15,"[98.69, 42]","[89.16, 56]","[116.0, 12]","[182.0, 48]",107.35,158,17.31,0.24
07:32:16,"[100.32, 19]","[90.31, 26]","[115.43, 7]","[182.0, 28]",107.87,80,15.11,0.12
07:32:17,"[109.64, 33]","[102.81, 32]","[162.75, 28]","[186.43, 42]",136.19,135,53.11,-0.04
07:32:18,"[111.0, 18]","[109.0, 12]","[182.0, 24]","[197.0, 12]",146.5,66,71.0,-0.09
07:32:19,"[111.0, 30]","[109.0, 20]","[265.7, 40]","[407.43, 28]",188.35,118,154.7,-0.15
07:32:20,"[100.04, 25]","[81.02, 41]","[367.73, 22]","[450.73, 30]",233.88,118,267.69,0.12
07:32:21,"[72.76, 29]","[56.59, 34]","[250.79, 29]","[375.14, 28]",161.78,120,178.03,0.05
07:32:22,"[104.0, 8]","[68.0, 40]","[287.85, 26]","[427.5, 20]",195.92,94,183.85,0.02
07:32:23,"[77.59, 32]","[78.69, 16]","[186.0, 32]","[260.0, 21]",131.8,101,108.41,-0.05
07:32:24,"[114.86, 73]","[111.41, 29]","[247.86, 37]","[316.53, 38]",181.36,177,133.0,0.15
07:32:25,"[115.0, 80]","[114.0, 18]","[253.0, 11]","[323.4, 20]",184.0,129,138.0,0.52
07:32:26,"[115.0, 48]","[114.0, 16]","[249.12, 8]","[443.76, 29]",182.06,101,134.12,0.27
07:32:27,"[115.0, 52]","[114.0, 26]","[249.0, 13]","[436.0, 52]",182.0,143,134.0,0.09
07:32:28,"[114.64, 22]","[109.26, 76]","[241.92, 13]","[404.39, 33]",178.28,144,127.29,0.36
07:32:29,"[116.2, 56]","[114.0, 12]","[247.0, 12]","[367.67, 24]",181.6,104,130.8,0.31
07:32:30,"[117.91, 11]","[114.0, 11]","[246.91, 11]","[377.76, 29]",182.41,62,129.0,-0.29
07:32:31,"[114.0, 15]","[112.11, 45]","[244.87, 15]","[360.94, 33]",179.43,108,130.87,0.11
07:32:32,"[110.77, 64]","[107.47, 100]","[241.54, 13]","[243.0, 13]",176.15,190,130.77,0.73
07:32:33,"[109.0, 45]","[83.1, 21]","[238.6, 5]","[239.6, 5]",173.8,76,129.6,0.74
07:32:34,"[109.15, 110]","[82.12, 48]","[223.58, 38]","[226.92, 26]",166.36,222,114.43,0.42
07:32:35,"[114.96, 47]","[109.65, 71]","[220.69, 13]","[222.0, 13]",167.82,144,105.73,0.64
07:32:36,"[117.0, 44]","[113.0, 11]","[187.53, 19]","[194.45, 31]",152.26,105,70.53,0.05
07:32:37,"[116.79, 58]","[110.78, 37]","[184.63, 27]","[186.82, 38]",150.71,160,67.84,0.19
07:32:38,"[114.18, 55]","[109.14, 140]","[177.89, 19]","[179.73, 26]",146.04,240,63.71,0.62
07:32:39,"[116.0, 66]","[111.0, 22]","[166.26, 19]","[168.78, 18]",141.13,125,50.26,0.41
07:32:40,"[116.0, 58]","[112.62, 26]","[155.48, 25]","[156.44, 32]",135.74,141,39.48,0.19
07:32:41,"[116.0, 26]","[113.31, 26]","[131.2, 30]","[136.0, 25]",123.6,107,15.2,-0.03
07:32:42,"[113.86, 28]","[109.42, 76]","[118.58, 26]","[118.67, 30]",116.22,160,4.72,0.3
07:32:43,"[112.67, 9]","[109.67, 30]","[115.0, 7]","[118.12, 17]",113.83,63,2.33,0.24
07:32:44,"[111.0, 22]","[109.02, 102]","[118.38, 16]","[147.83, 23]",114.69,163,7.38,0.52
07:32:45,"[111.0, 18]","[110.0, 18]","[117.33, 18]","[119.0, 9]",114.17,63,6.33,0.14
07:32:46,"[109.47, 59]","[98.46, 96]","[112.93, 30]","[114.9, 21]",111.2,206,3.46,0.5
07:32:47,"[109.0, 89]","[80.61, 31]","[111.0, 18]","[120.08, 24]",110.0,162,2.0,0.48
07:32:48,"[109.14, 28]","[98.64, 28]","[111.0, 6]","[640.22, 23]",110.07,85,1.86,0.32
07:32:49,"[112.0, 15]","[108.91, 55]","[580.41, 22]","[656.08, 36]",346.2,128,468.41,0.09
07:32:50,"[114.11, 9]","[112.22, 9]","[195.17, 24]","[556.71, 17]",154.64,59,81.06,-0.39
07:32:51,"[112.1, 30]","[92.52, 29]","[148.0, 28]","[496.0, 7]",130.05,94,35.9,0.26
07:32:52,"[117.0, 8]","[109.0, 48]","[148.0, 32]","[690.17, 18]",132.5,106,31.0,0.06
07:32:53,"[110.52, 52]","[106.75, 48]","[135.47, 19]","[257.38, 37]",123.0,156,24.95,0.28
07:32:54,"[110.68, 37]","[108.55, 22]","[114.0, 7]","[202.58, 26]",112.34,92,3.32,0.28
07:32:55,"[109.12, 24]","[101.69, 13]","[113.75, 8]","[420.0, 20]",111.44,65,4.62,0.14
07:32:56,"[111.0, 12]","[109.0, 12]","[113.0, 4]","[284.0, 6]",112.0,34,2.0,0.41
07:32:57,"[111.0, 24]","[109.0, 24]","[113.0, 8]","[305.88, 24]",112.0,80,2.0,0.2
07:32:58,"[112.46, 24]","[107.0, 22]","[387.22, 9]","[510.14, 7]",249.84,62,274.76,0.48
07:32:59,"[116.0, 35]","[109.0, 10]","[438.0, 5]","[738.6, 5]",277.0,55,322.0,0.64
07:33:00,"[116.0, 50]","[109.0, 20]","[372.18, 40]","[543.43, 14]",244.09,124,256.18,0.13
07:33:01,"[116.0, 40]","[114.0, 88]","[182.81, 26]","[346.79, 14]",149.4,168,66.81,0.52
07:33:02,"[116.0, 25]","[114.0, 55]","[183.0, 15]","[333.76, 17]",149.5,112,67.0,0.43
07:33:03,"[116.0, 25]","[114.0, 55]","[183.0, 15]","[341.0, 25]",149.5,120,67.0,0.33
07:33:04,"[114.78, 36]","[113.58, 48]","[254.82, 22]","[352.46, 24]",184.8,130,140.04,0.29
07:33:05,"[116.25, 16]","[114.43, 56]","[340.88, 34]","[387.39, 28]",228.57,134,224.63,0.07
07:33:06,"[117.0, 12]","[116.0, 36]","[272.07, 45]","[339.32, 34]",194.53,127,155.07,-0.24
07:33:07,"[117.0, 6]","[116.0, 18]","[266.0, 30]","[326.0, 18]",191.5,72,149.0,-0.33
07:33:08,"[117.0, 10]","[116.0, 30]","[231.8, 50]","[331.93, 29]",174.4,119,114.8,-0.33
07:33:09,"[117.0, 13]","[116.0, 39]","[152.17, 29]","[214.47, 36]",134.59,117,35.17,-0.11
07:33:10,"[116.12, 17]","[114.2, 61]","[152.0, 14]","[261.18, 22]",134.06,114,35.88,0.37
07:33:11,"[114.48, 63]","[113.4, 141]","[150.2, 45]","[152.0, 30]",132.34,279,35.72,0.46
07:33:12,"[114.0, 56]","[112.0, 49]","[147.35, 17]","[148.44, 18]",130.68,140,33.35,0.5
07:33:13,"[115.0, 173]","[114.0, 120]","[144.12, 42]","[145.55, 33]",129.56,368,29.12,0.59
07:33:14,"[115.0, 66]","[114.0, 48]","[141.5, 14]","[142.75, 16]",128.25,144,26.5,0.58
07:33:15,"[115.0, 139]","[114.0, 104]","[138.48, 31]","[141.12, 34]",126.74,308,23.48,0.58
07:33:16,"[115.0, 120]","[114.0, 96]","[134.25, 36]","[137.65, 31]",124.62,283,19.25,0.53
07:33:17,"[115.0, 116]","[114.0, 112]","[130.89, 27]","[132.2, 30]",122.94,285,15.89,0.6
07:33:18,"[115.0, 98]","[114.0, 112]","[125.32, 28]","[127.18, 28]",120.16,266,10.32,0.58
07:33:19,"[115.0, 84]","[114.0, 96]","[122.19, 32]","[123.12, 16]",118.59,228,7.19,0.58
07:33:20,"[115.0, 54]","[114.0, 125]","[120.05, 40]","[121.14, 21]",117.53,240,5.05,0.49
07:33:21,"[114.24, 92]","[112.92, 127]","[116.56, 34]","[118.07, 42]",115.4,295,2.32,0.48
07:33:22,"[114.89, 36]","[112.49, 37]","[116.11, 37]","[144.4, 30]",115.5,140,1.22,0.04
07:33:23,"[112.17, 35]","[111.02, 181]","[115.46, 39]","[193.09, 47]",113.82,302,3.29,0.43
07:33:24,"[111.19, 37]","[110.68, 125]","[124.81, 27]","[197.16, 37]",118.0,226,13.63,0.43
07:33:25,"[111.0, 225]","[109.0, 150]","[161.79, 42]","[288.24, 49]",136.39,466,50.79,0.61
07:33:26,"[111.0, 180]","[109.0, 120]","[157.14, 42]","[160.75, 36]",134.07,378,46.14,0.59
07:33:27,"[111.03, 183]","[109.19, 144]","[156.37, 52]","[159.12, 48]",133.7,427,45.33,0.53
07:33:28,"[111.18, 88]","[109.51, 94]","[147.44, 27]","[155.71, 42]",129.31,251,36.26,0.45
07:33:29,"[115.0, 28]","[110.37, 158]","[134.14, 44]","[137.89, 54]",124.57,284,19.14,0.31
07:33:30,"[109.84, 51]","[105.92, 118]","[129.13, 31]","[130.18, 34]",119.49,234,19.29,0.44
07:33:31,"[109.25, 114]","[96.77, 53]","[126.32, 47]","[127.89, 44]",117.78,258,17.07,0.29
07:33:32,"[109.0, 39]","[98.87, 47]","[124.71, 34]","[125.62, 39]",116.85,159,15.71,0.08
07:33:33,"[109.65, 31]","[108.29, 49]","[122.52, 29]","[123.3, 20]",116.08,129,12.87,0.24
07:33:34,"[114.0, 22]","[109.0, 77]","[118.23, 47]","[120.0, 34]",116.12,180,4.23,0.1
07:33:35,"[109.12, 86]","[92.62, 91]","[113.1, 31]","[114.7, 40]",111.11,248,3.98,0.43
07:33:36,"[109.0, 43]","[43.0, 9]","[112.96, 28]","[210.97, 38]",110.98,118,3.96,-0.12
07:33:37,"[109.88, 16]","[93.77, 13]","[113.58, 12]","[114.97, 36]",111.73,77,3.71,-0.25
07:33:38,"[111.5, 12]","[109.0, 12]","[113.0, 30]","[114.0, 6]",112.25,60,1.5,-0.2
07:33:39,"[112.0, 5]","[109.0, 8]","[113.0, 20]","[180.56, 16]",112.5,49,1.0,-0.47
07:33:40,"[115.0, 20]","[110.5, 22]","[175.4, 50]","[401.4, 50]",145.2,142,60.4,-0.41
07:33:41,"[117.0, 45]","[115.0, 55]","[327.18, 55]","[719.53, 19]",222.09,174,210.18,0.15
07:33:42,"[117.04, 28]","[115.12, 48]","[390.73, 45]","[424.56, 45]",253.88,166,273.7,-0.08
07:33:43,"[116.25, 16]","[114.89, 28]","[372.0, 32]","[375.0, 40]",244.12,116,255.75,-0.24
07:33:44,"[115.0, 20]","[114.0, 10]","[322.57, 44]","[380.31, 48]",218.78,122,207.57,-0.51
07:33:45,"[113.59, 17]","[111.69, 26]","[158.5, 40]","[161.0, 50]",136.04,133,44.91,-0.35
07:33:46,"[111.4, 25]","[110.02, 49]","[157.12, 32]","[161.0, 40]",134.26,146,45.72,0.01
07:33:47,"[111.0, 20]","[109.0, 32]","[155.0, 16]","[161.0, 20]",133.0,88,44.0,0.18
07:33:48,"[112.6, 53]","[109.47, 77]","[153.67, 49]","[155.1, 50]",133.14,229,41.07,0.14
07:33:49,"[116.58, 60]","[113.83, 46]","[152.71, 51]","[153.79, 57]",134.64,214,36.12,-0.01
07:33:50,"[118.0, 15]","[116.0, 9]","[152.0, 15]","[153.0, 12]",135.0,51,34.0,-0.06
07:33:51,"[118.0, 30]","[116.0, 18]","[149.45, 29]","[151.2, 25]",133.72,102,31.45,-0.06
07:33:52,"[118.0, 50]","[116.0, 30]","[148.45, 44]","[149.7, 46]",133.23,170,30.45,-0.06
07:33:53,"[118.0, 25]","[116.0, 15]","[131.27, 22]","[143.55, 22]",124.64,84,13.27,-0.05
07:33:54,"[118.0, 25]","[116.0, 15]","[122.0, 25]","[147.0, 20]",120.0,85,4.0,-0.06
07:33:55,"[117.33, 45]","[113.73, 33]","[119.73, 52]","[120.69, 49]",118.53,179,2.4,-0.13
07:33:56,"[114.0, 48]","[109.22, 54]","[118.89, 36]","[119.91, 44]",116.44,182,4.89,0.12
07:33:57,"[115.0, 168]","[111.0, 28]","[117.06, 67]","[118.05, 57]",116.03,320,2.06,0.23
07:33:58,"[113.0, 48]","[109.09, 138]","[116.83, 72]","[525.38, 63]",114.92,321,3.83,0.16
07:33:59,"[111.0, 16]","[109.0, 88]","[116.38, 40]","[342.5, 32]",113.69,176,5.38,0.18
07:34:00,"[110.97, 34]","[109.11, 95]","[309.85, 39]","[435.2, 40]",210.41,208,198.88,0.24
07:34:01,"[109.59, 61]","[108.63, 27]","[611.14, 28]","[0, 0]",360.37,116,501.55,0.52
07:34:02,"[115.0, 24]","[109.0, 88]","[460.5, 32]","[673.38, 8]",287.75,152,345.5,0.47
07:34:03,"[115.82, 66]","[110.74, 62]","[484.75, 16]","[515.82, 22]",300.28,166,368.93,0.54
07:34:04,"[116.36, 126]","[115.0, 42]","[498.83, 18]","[499.35, 46]",307.6,232,382.48,0.45
07:34:05,"[117.88, 75]","[115.0, 27]","[476.08, 12]","[498.93, 41]",296.98,155,358.2,0.32
07:34:06,"[118.0, 58]","[115.0, 24]","[224.18, 11]","[381.03, 31]",171.09,124,106.18,0.32
07:34:07,"[118.0, 47]","[115.0, 21]","[141.26, 27]","[142.73, 15]",129.63,110,23.26,0.24
07:34:08,"[118.0, 48]","[115.0, 24]","[139.67, 36]","[140.17, 12]",128.83,120,21.67,0.2
07:34:09,"[118.0, 36]","[115.0, 18]","[138.0, 6]","[139.0, 30]",128.0,90,20.0,0.2
07:34:10,"[118.0, 48]","[115.0, 24]","[137.08, 24]","[138.42, 24]",127.54,120,19.08,0.2
07:34:11,"[118.0, 78]","[115.94, 17]","[134.62, 21]","[136.18, 45]",126.31,161,16.62,0.18
07:34:12,"[118.0, 60]","[117.0, 12]","[131.97, 32]","[133.5, 40]",124.98,144,13.97,0.0
07:34:13,"[118.0, 30]","[117.0, 10]","[125.87, 30]","[128.27, 30]",121.93,100,7.87,-0.2
07:34:14,"[118.0, 42]","[117.0, 14]","[122.7, 37]","[123.21, 24]",120.35,117,4.7,-0.04
07:34:15,"[117.18, 17]","[114.9, 20]","[118.9, 40]","[120.8, 10]",118.04,87,1.72,-0.15
07:34:16,"[114.11, 18]","[112.29, 14]","[117.8, 40]","[121.0, 10]",115.96,82,3.69,-0.22
07:34:17,"[114.0, 18]","[111.8, 15]","[116.89, 36]","[121.0, 9]",115.44,78,2.89,-0.15
07:34:18,"[113.14, 14]","[111.86, 14]","[115.8, 15]","[122.18, 17]",114.47,60,2.66,-0.07
07:34:19,"[112.0, 24]","[111.0, 72]","[113.75, 24]","[123.33, 24]",112.88,144,1.75,0.33
07:34:20,"[111.0, 61]","[109.0, 86]","[114.27, 11]","[151.6, 10]",112.64,168,3.27,0.75
07:34:21,"[111.0, 40]","[109.0, 100]","[113.24, 17]","[332.08, 13]",112.12,170,2.24,0.65
07:34:22,"[109.26, 78]","[108.62, 37]","[110.9, 20]","[145.37, 19]",110.08,154,1.64,0.49
07:34:23,"[109.0, 54]","[107.0, 8]","[110.0, 16]","[145.85, 26]",109.5,104,1.0,0.19
07:34:24,"[109.17, 90]","[107.59, 17]","[193.33, 36]","[459.63, 27]",151.25,170,84.17,0.26
07:34:25,"[110.86, 105]","[109.0, 35]","[221.8, 10]","[357.85, 13]",166.33,163,110.94,0.72
07:34:26,"[112.06, 79]","[111.04, 141]","[368.93, 15]","[506.92, 26]",240.5,261,256.87,0.69
07:34:27,"[117.74, 38]","[113.15, 52]","[259.8, 20]","[497.8, 15]",188.77,125,142.06,0.44
07:34:28,"[118.0, 28]","[117.0, 14]","[226.0, 14]","[292.64, 11]",172.0,67,108.0,0.25
07:34:29,"[118.0, 12]","[117.0, 6]","[213.0, 6]","[214.0, 6]",165.5,30,95.0,0.2
07:34:30,"[117.8, 25]","[114.5, 20]","[200.53, 15]","[211.05, 19]",159.17,79,82.73,0.14
07:34:31,"[117.0, 8]","[113.09, 22]","[169.75, 16]","[381.87, 15]",143.38,61,52.75,-0.02
07:34:32,"[117.0, 10]","[114.82, 68]","[185.3, 20]","[247.0, 16]",151.15,114,68.3,0.37
07:34:33,"[117.0, 10]","[112.0, 20]","[139.2, 20]","[198.82, 22]",128.1,72,22.2,-0.17
07:34:34,"[117.0, 9]","[112.0, 18]","[133.33, 18]","[420.11, 18]",125.17,63,16.33,-0.14
07:34:35,"[111.04, 158]","[109.05, 122]","[132.85, 26]","[218.6, 40]",121.94,346,21.81,0.62
07:34:36,"[111.45, 94]","[109.4, 100]","[131.1, 20]","[190.05, 19]",121.27,233,19.65,0.67
07:34:37,"[114.0, 60]","[111.0, 60]","[131.0, 12]","[175.89, 9]",122.5,141,17.0,0.7
07:34:38,"[116.0, 125]","[114.0, 238]","[130.04, 54]","[134.88, 32]",123.02,449,14.04,0.62
07:34:39,"[116.0, 44]","[114.0, 165]","[127.0, 19]","[129.53, 38]",121.5,266,11.0,0.57
07:34:40,"[116.0, 64]","[114.02, 198]","[121.2, 40]","[121.89, 45]",118.6,347,5.2,0.51
07:34:41,"[114.07, 119]","[109.67, 27]","[119.5, 24]","[120.8, 30]",116.78,200,5.43,0.46
07:34:42,"[114.0, 112]","[111.0, 8]","[117.22, 23]","[118.89, 19]",115.61,162,3.22,0.48
07:34:43,"[114.0, 118]","[111.0, 9]","[115.33, 36]","[116.11, 27]",114.67,190,1.33,0.34
07:34:44,"[114.0, 88]","[111.0, 14]","[282.75, 24]","[390.22, 36]",198.38,162,168.75,0.26
07:34:45,"[114.0, 42]","[111.0, 7]","[315.8, 20]","[422.89, 18]",214.9,87,201.8,0.13
07:34:46,"[114.0, 78]","[111.0, 13]","[278.35, 40]","[364.94, 32]",196.18,163,164.35,0.12
07:34:47,"[114.0, 66]","[111.0, 11]","[134.0, 22]","[218.24, 34]",124.0,133,20.0,0.16
07:34:48,"[114.3, 120]","[112.69, 26]","[127.0, 32]","[147.25, 32]",120.65,210,12.7,0.39
07:34:49,"[115.0, 135]","[114.0, 51]","[126.0, 18]","[291.29, 28]",120.5,232,11.0,0.6
07:34:50,"[115.0, 126]","[114.0, 45]","[124.58, 24]","[188.93, 28]",119.79,223,9.58,0.53
07:34:51,"[115.54, 69]","[115.43, 56]","[120.88, 52]","[121.91, 44]",118.21,221,5.35,0.13
07:34:52,"[117.33, 9]","[115.26, 47]","[118.67, 12]","[258.5, 24]",118.0,92,1.33,0.22
07:34:53,"[115.02, 162]","[114.24, 66]","[118.0, 22]","[258.29, 28]",116.51,278,2.98,0.64
07:34:54,"[115.0, 118]","[114.0, 45]","[117.09, 22]","[135.4, 20]",116.05,205,2.09,0.59
07:34:55,"[115.0, 105]","[114.0, 60]","[116.0, 24]","[145.61, 33]",115.5,222,1.0,0.49
07:34:56,"[115.0, 72]","[114.0, 45]","[116.0, 18]","[469.0, 26]",115.5,161,1.0,0.45
07:34:57,"[115.0, 38]","[112.42, 71]","[116.0, 22]","[422.23, 26]",115.5,157,1.0,0.39
07:34:58,"[115.0, 25]","[114.0, 11]","[151.73, 30]","[328.89, 38]",133.37,104,36.73,-0.31
07:34:59,"[115.0, 14]","[114.0, 14]","[268.36, 56]","[465.78, 55]",191.68,139,153.36,-0.6
07:35:00,"[115.0, 10]","[114.0, 10]","[215.25, 32]","[388.42, 24]",165.12,76,100.25,-0.47
07:35:01,"[111.88, 24]","[109.96, 52]","[182.23, 39]","[274.43, 28]",147.05,143,70.36,0.06
07:35:02,"[111.0, 19]","[109.0, 80]","[144.71, 35]","[194.65, 23]",127.86,157,33.71,0.26
07:35:03,"[111.78, 23]","[109.16, 76]","[134.59, 49]","[137.16, 49]",123.19,197,22.81,0.01
07:35:04,"[112.09, 22]","[109.15, 110]","[135.1, 50]","[136.1, 50]",123.6,232,23.01,0.14
07:35:05,"[111.0, 103]","[109.0, 204]","[133.83, 60]","[135.17, 60]",122.42,427,22.83,0.44
07:35:06,"[111.0, 66]","[109.0, 187]","[131.1, 52]","[132.82, 55]",121.05,360,20.1,0.41
07:35:07,"[109.83, 109]","[108.57, 173]","[114.06, 62]","[118.59, 29]",111.95,373,4.24,0.51
07:35:08,"[109.0, 208]","[75.38, 58]","[112.38, 65]","[114.03, 38]",110.69,369,3.38,0.44
07:35:09,"[109.0, 83]","[77.34, 64]","[111.59, 29]","[113.6, 25]",110.29,201,2.59,0.46
07:35:10,"[109.0, 63]","[73.68, 62]","[112.0, 21]","[446.71, 14]",110.5,160,3.0,0.56
07:35:11,"[109.0, 60]","[93.23, 26]","[112.0, 21]","[431.0, 14]",110.5,121,3.0,0.42
07:35:12,"[109.0, 42]","[76.0, 26]","[112.0, 21]","[569.57, 14]",110.5,103,3.0,0.32
07:35:13,"[109.89, 56]","[107.0, 56]","[111.62, 24]","[559.43, 28]",110.76,164,1.73,0.37
07:35:14,"[109.44, 52]","[102.0, 128]","[198.6, 25]","[382.24, 42]",154.02,247,89.16,0.46
07:35:15,"[114.76, 42]","[112.03, 37]","[339.0, 36]","[482.5, 24]",226.88,139,224.24,0.14
07:35:16,"[115.0, 88]","[114.0, 22]","[247.38, 26]","[395.7, 40]",181.19,176,132.38,0.25
07:35:17,"[115.0, 80]","[114.0, 20]","[192.0, 20]","[273.7, 40]",153.5,160,77.0,0.25
07:35:18,"[115.89, 94]","[114.46, 26]","[235.56, 36]","[248.2, 40]",175.72,196,119.66,0.22
07:35:19,"[116.2, 70]","[114.46, 26]","[385.7, 40]","[514.4, 40]",250.95,176,269.5,0.09
07:35:20,"[116.28, 40]","[114.8, 40]","[350.92, 48]","[681.67, 48]",233.6,176,234.64,-0.09
07:35:21,"[118.0, 14]","[115.12, 32]","[220.23, 26]","[299.0, 32]",169.12,104,102.23,-0.12
07:35:22,"[118.0, 7]","[116.0, 28]","[137.57, 14]","[180.0, 28]",127.79,77,19.57,-0.09
07:35:23,"[115.67, 18]","[115.14, 28]","[136.56, 18]","[310.91, 33]",126.11,97,20.89,-0.05
07:35:24,"[115.0, 20]","[114.0, 20]","[131.75, 16]","[134.14, 14]",123.38,70,16.75,0.14
07:35:25,"[115.0, 20]","[114.0, 20]","[129.5, 16]","[130.71, 14]",122.25,70,14.5,0.14
07:35:26,"[115.75, 32]","[114.67, 24]","[126.2, 15]","[128.57, 21]",120.97,92,10.45,0.22
07:35:27,"[116.0, 25]","[115.0, 22]","[122.26, 19]","[123.36, 14]",119.13,80,6.26,0.17
07:35:28,"[115.14, 14]","[113.41, 34]","[120.18, 11]","[122.0, 22]",117.66,81,5.04,0.19
07:35:29,"[114.97, 59]","[113.45, 22]","[119.64, 11]","[121.75, 16]",117.3,108,4.67,0.5
07:35:30,"[115.0, 24]","[112.0, 36]","[117.4, 10]","[118.5, 8]",116.2,78,2.4,0.54
07:35:31,"[115.0, 54]","[111.98, 60]","[116.71, 17]","[455.12, 34]",115.85,165,1.71,0.38
07:35:32,"[115.0, 35]","[113.03, 31]","[116.47, 17]","[391.91, 22]",115.74,105,1.47,0.26
07:35:33,"[115.0, 45]","[114.0, 60]","[116.0, 45]","[336.48, 40]",115.5,190,1.0,0.11
07:35:34,"[114.0, 20]","[112.0, 25]","[368.6, 5]","[716.6, 20]",241.3,70,254.6,0.29
07:35:35,"[114.0, 42]","[112.0, 60]","[287.27, 37]","[379.15, 27]",200.64,166,173.27,0.23
07:35:36,"[114.0, 27]","[112.0, 45]","[180.5, 16]","[274.88, 16]",147.25,104,66.5,0.38
07:35:37,"[114.0, 23]","[112.08, 49]","[117.0, 22]","[118.0, 22]",115.5,116,3.0,0.24
07:35:38,"[114.0, 7]","[113.0, 22]","[116.14, 14]","[208.67, 9]",115.07,52,2.14,0.12
07:35:39,"[113.43, 21]","[112.78, 67]","[116.0, 24]","[302.0, 12]",114.71,124,2.57,0.42
07:35:40,"[112.67, 30]","[111.86, 29]","[115.86, 14]","[198.35, 23]",114.26,96,3.19,0.23
07:35:41,"[112.0, 50]","[111.0, 47]","[114.0, 20]","[353.64, 14]",113.0,131,2.0,0.48
07:35:42,"[111.39, 33]","[110.11, 63]","[305.96, 26]","[547.74, 35]",208.68,157,194.57,0.22
07:35:43,"[109.86, 58]","[108.22, 58]","[344.0, 8]","[368.62, 8]",226.93,132,234.14,0.76
07:35:44,"[110.4, 43]","[108.36, 70]","[341.0, 24]","[343.0, 8]",225.7,145,230.6,0.56
07:35:45,"[115.0, 22]","[109.0, 121]","[285.15, 27]","[308.24, 21]",200.07,191,170.15,0.5
07:35:46,"[115.0, 18]","[109.0, 90]","[230.0, 27]","[232.0, 9]",172.5,144,115.0,0.5
07:35:47,"[115.0, 20]","[109.11, 92]","[229.92, 26]","[231.14, 14]",172.46,152,114.92,0.47
07:35:48,"[115.0, 26]","[114.0, 26]","[225.7, 20]","[227.64, 33]",170.35,105,110.7,-0.01
07:35:49,"[114.75, 16]","[109.65, 92]","[211.62, 16]","[224.08, 26]",163.19,150,96.88,0.44
07:35:50,"[115.94, 31]","[110.15, 26]","[212.0, 11]","[220.0, 16]",163.97,84,96.06,0.36
07:35:51,"[114.0, 8]","[109.0, 160]","[184.75, 12]","[188.2, 10]",149.38,190,70.75,0.77
07:35:52,"[114.0, 14]","[109.0, 243]","[149.69, 16]","[150.71, 24]",131.84,297,35.69,0.73
07:35:53,"[110.97, 29]","[108.66, 176]","[146.73, 15]","[147.64, 14]",128.85,234,35.77,0.75
07:35:54,"[109.0, 306]","[77.49, 47]","[143.53, 19]","[144.69, 42]",126.26,414,34.53,0.71
07:35:55,"[109.59, 147]","[101.6, 149]","[140.2, 15]","[143.8, 41]",124.9,352,30.61,0.68
07:35:56,"[114.25, 155]","[110.02, 130]","[137.0, 25]","[139.05, 19]",125.63,329,22.75,0.73
07:35:57,"[116.07, 180]","[112.71, 68]","[134.56, 39]","[135.43, 30]",125.32,317,18.5,0.56
07:35:58,"[117.0, 180]","[115.77, 140]","[129.86, 14]","[131.2, 25]",123.43,359,12.86,0.78
07:35:59,"[117.0, 285]","[114.33, 48]","[126.93, 15]","[128.46, 13]",121.97,361,9.93,0.84
07:36:00,"[117.0, 336]","[113.5, 64]","[124.16, 31]","[125.05, 37]",120.58,468,7.16,0.71
07:36:01,"[117.03, 115]","[116.19, 159]","[119.71, 31]","[121.67, 15]",118.37,320,2.68,0.71
07:36:02,"[117.0, 57]","[116.0, 99]","[118.27, 11]","[119.08, 25]",117.64,192,1.27,0.62
07:36:03,"[116.7, 23]","[115.98, 122]","[122.55, 22]","[245.0, 19]",119.62,186,5.85,0.56
07:36:04,"[116.0, 37]","[114.0, 11]","[123.0, 22]","[383.95, 20]",119.5,90,7.0,0.07
07:36:05,"[116.0, 22]","[114.0, 11]","[122.18, 22]","[285.47, 15]",119.09,70,6.18,-0.06
07:36:06,"[116.0, 20]","[114.0, 10]","[118.5, 20]","[128.22, 18]",117.25,68,2.5,-0.12
07:36:07,"[114.75, 16]","[111.51, 67]","[147.32, 19]","[170.55, 22]",131.03,124,32.57,0.34
07:36:08,"[114.18, 49]","[113.54, 26]","[198.1, 10]","[200.0, 10]",156.14,95,83.92,0.58
07:36:09,"[114.0, 60]","[112.0, 12]","[165.0, 16]","[327.77, 22]",139.5,110,51.0,0.31
07:36:10,"[114.0, 65]","[111.44, 27]","[194.3, 20]","[198.78, 18]",154.15,130,80.3,0.42
07:36:11,"[114.0, 50]","[111.0, 135]","[190.69, 13]","[192.35, 17]",152.35,215,76.69,0.72
07:36:12,"[115.97, 40]","[111.0, 143]","[188.29, 17]","[190.88, 16]",152.13,216,72.32,0.69
07:36:13,"[118.0, 14]","[111.0, 91]","[187.25, 8]","[188.08, 13]",152.62,126,69.25,0.67
07:36:14,"[118.0, 16]","[111.0, 104]","[184.5, 16]","[186.24, 17]",151.25,153,66.5,0.57
07:36:15,"[118.0, 22]","[111.51, 53]","[150.19, 27]","[155.59, 34]",134.09,136,32.19,0.1
07:36:16,"[118.0, 26]","[115.03, 74]","[127.0, 38]","[129.24, 33]",122.5,171,9.0,0.17
07:36:17,"[118.0, 14]","[116.0, 56]","[124.29, 14]","[125.86, 14]",121.14,98,6.29,0.43
07:36:18,"[118.0, 20]","[116.0, 80]","[121.0, 32]","[122.75, 16]",119.5,148,3.0,0.35
07:36:19,"[116.28, 58]","[115.36, 88]","[120.2, 30]","[122.22, 18]",118.24,194,3.92,0.51
07:36:20,"[116.0, 62]","[115.0, 80]","[119.0, 20]","[120.0, 20]",117.5,182,3.0,0.56
07:36:21,"[115.61, 36]","[114.74, 70]","[118.2, 20]","[119.2, 20]",116.91,146,2.59,0.45
07:36:22,"[115.52, 50]","[114.58, 65]","[117.18, 11]","[125.57, 21]",116.35,147,1.66,0.56
07:36:23,"[115.19, 63]","[113.53, 76]","[161.74, 35]","[191.64, 28]",138.47,202,46.55,0.38
07:36:24,"[115.0, 62]","[111.0, 56]","[170.65, 46]","[241.4, 20]",142.83,184,55.65,0.28
07:36:25,"[115.0, 44]","[112.0, 55]","[170.0, 44]","[383.78, 18]",142.5,161,55.0,0.23
07:36:26,"[115.0, 44]","[112.0, 55]","[168.18, 44]","[261.09, 22]",141.59,165,53.18,0.2
07:36:27,"[115.09, 33]","[112.35, 51]","[161.65, 37]","[242.31, 29]",138.37,150,46.56,0.12
07:36:28,"[116.0, 10]","[115.0, 20]","[124.43, 28]","[151.25, 32]",120.21,90,8.43,-0.33
07:36:29,"[116.0, 11]","[115.0, 22]","[122.16, 49]","[122.93, 41]",119.08,123,6.16,-0.46
07:36:30,"[116.1, 10]","[115.0, 20]","[120.7, 40]","[122.0, 50]",118.4,120,4.6,-0.5
07:36:31,"[114.22, 18]","[113.33, 21]","[119.06, 64]","[120.19, 53]",116.64,156,4.84,-0.5
07:36:32,"[112.0, 24]","[111.0, 177]","[118.17, 60]","[120.0, 48]",115.08,309,6.17,0.3
07:36:33,"[111.09, 138]","[110.26, 152]","[116.25, 59]","[117.54, 67]",113.67,416,5.17,0.39
07:36:34,"[111.0, 120]","[109.0, 56]","[115.12, 32]","[117.0, 40]",113.06,248,4.12,0.42
07:36:35,"[111.0, 151]","[109.0, 98]","[112.25, 59]","[149.93, 43]",111.63,351,1.25,0.42
07:36:36,"[111.0, 65]","[109.0, 56]","[112.0, 32]","[211.0, 40]",111.5,193,1.0,0.25
07:36:37,"[111.0, 60]","[109.0, 60]","[219.28, 43]","[329.63, 41]",165.14,204,108.28,0.18
07:36:38,"[111.0, 44]","[109.0, 65]","[303.61, 36]","[444.39, 36]",207.31,181,192.61,0.2
07:36:39,"[111.0, 36]","[109.0, 90]","[267.79, 29]","[431.23, 39]",189.4,194,156.79,0.3
07:36:40,"[111.0, 31]","[109.0, 80]","[280.86, 28]","[434.71, 34]",195.93,173,169.86,0.28
07:36:41,"[111.9, 21]","[109.53, 66]","[165.83, 29]","[289.54, 35]",138.87,151,53.92,0.15
07:36:42,"[115.0, 11]","[114.0, 11]","[129.14, 14]","[134.56, 41]",122.07,77,14.14,-0.43
07:36:43,"[114.21, 14]","[111.75, 36]","[116.31, 16]","[128.4, 52]",115.26,118,2.1,-0.15
07:36:44,"[111.38, 24]","[109.23, 79]","[132.53, 15]","[164.27, 30]",121.95,148,21.16,0.39
07:36:45,"[111.0, 39]","[109.0, 100]","[147.0, 10]","[222.5, 30]",129.0,179,36.0,0.55
07:36:46,"[112.88, 16]","[110.11, 38]","[147.0, 7]","[243.36, 22]",129.94,83,34.12,0.3
07:36:47,"[111.25, 96]","[109.37, 86]","[145.22, 23]","[284.24, 37]",128.23,242,33.97,0.5
07:36:48,"[111.1, 118]","[109.39, 112]","[143.7, 23]","[144.25, 32]",127.4,285,32.59,0.61
07:36:49,"[114.0, 14]","[111.0, 81]","[118.62, 29]","[120.74, 31]",116.31,155,4.62,0.23
07:36:50,"[114.0, 30]","[111.0, 165]","[115.6, 57]","[117.22, 18]",114.8,270,1.6,0.44
07:36:51,"[114.0, 11]","[111.0, 30]","[115.0, 30]","[130.08, 38]",114.5,109,1.0,-0.25
07:36:52,"[111.32, 22]","[108.79, 42]","[177.96, 46]","[234.16, 57]",144.64,167,66.64,-0.23
07:36:53,"[110.93, 14]","[108.65, 86]","[234.46, 26]","[277.62, 40]",172.7,166,123.53,0.2
07:36:54,"[111.55, 11]","[109.0, 110]","[180.07, 14]","[213.0, 32]",145.81,167,68.53,0.45
07:36:55,"[112.0, 7]","[109.0, 70]","[138.43, 14]","[140.0, 7]",125.21,98,26.43,0.57
07:36:56,"[109.04, 73]","[104.64, 22]","[135.3, 20]","[136.84, 19]",122.17,134,26.26,0.42
07:36:57,"[109.0, 84]","[101.0, 14]","[132.72, 18]","[133.31, 54]",120.86,170,23.72,0.15
07:36:58,"[111.69, 58]","[111.38, 74]","[129.66, 41]","[130.15, 39]",120.67,212,17.97,0.25
07:36:59,"[115.0, 12]","[109.64, 94]","[127.92, 24]","[129.0, 60]",121.46,190,12.92,0.12
07:37:00,"[109.22, 162]","[101.34, 94]","[124.04, 49]","[126.05, 74]",116.63,379,14.82,0.35
07:37:01,"[109.32, 102]","[96.09, 53]","[120.4, 75]","[122.0, 30]",114.86,260,11.08,0.19
07:37:02,"[110.0, 20]","[109.0, 80]","[118.86, 14]","[120.09, 47]",114.43,161,8.86,0.24
07:37:03,"[111.0, 18]","[109.0, 72]","[114.91, 23]","[117.47, 15]",112.96,128,3.91,0.41
07:37:04,"[111.0, 26]","[109.07, 69]","[114.69, 32]","[116.47, 15]",112.84,142,3.69,0.34
07:37:05,"[111.71, 34]","[109.57, 56]","[114.05, 21]","[115.33, 18]",112.88,129,2.34,0.4
07:37:06,"[112.0, 27]","[111.0, 18]","[113.64, 11]","[115.25, 12]",112.82,68,1.64,0.32
07:37:07,"[112.0, 25]","[111.0, 18]","[113.36, 11]","[221.29, 17]",112.68,71,1.36,0.21
07:37:08,"[111.8, 10]","[110.33, 24]","[113.44, 9]","[237.36, 33]",112.62,76,1.64,-0.11
07:37:09,"[111.0, 16]","[109.0, 76]","[113.0, 8]","[216.53, 30]",112.0,130,2.0,0.42
07:37:10,"[110.79, 28]","[108.51, 86]","[264.61, 54]","[438.13, 52]",187.7,220,153.83,0.04
07:37:11,"[115.77, 35]","[111.19, 47]","[210.7, 66]","[282.52, 61]",163.23,209,94.93,-0.22
07:37:12,"[117.0, 32]","[114.0, 8]","[162.0, 32]","[187.97, 37]",139.5,109,45.0,-0.27
07:37:13,"[117.0, 48]","[114.99, 192]","[162.0, 48]","[333.42, 50]",139.5,338,45.0,0.42
07:37:14,"[115.12, 101]","[114.96, 119]","[161.82, 44]","[433.45, 33]",138.47,297,46.7,0.48
07:37:15,"[115.0, 247]","[114.0, 13]","[160.63, 49]","[329.45, 56]",137.82,365,45.63,0.42
07:37:16,"[115.0, 228]","[114.0, 12]","[158.08, 12]","[160.0, 48]",136.54,300,43.08,0.6
07:37:17,"[115.0, 247]","[114.0, 13]","[154.95, 37]","[156.07, 28]",134.97,325,39.95,0.6
07:37:18,"[115.0, 228]","[114.0, 12]","[150.11, 27]","[150.21, 33]",132.56,300,35.11,0.6
07:37:19,"[115.0, 152]","[114.0, 8]","[145.12, 32]","[147.0, 8]",130.06,200,30.12,0.6
07:37:20,"[115.0, 198]","[114.0, 11]","[138.25, 28]","[131.04, 24]",126.62,261,23.25,0.6
07:37:21,"[115.0, 157]","[114.0, 9]","[119.67, 36]","[121.0, 9]",117.33,211,4.67,0.57
07:37:22,"[115.0, 112]","[114.0, 8]","[118.36, 11]","[119.07, 29]",116.68,160,3.36,0.5
07:37:23,"[115.0, 202]","[114.0, 10]","[117.33, 18]","[118.86, 28]",116.17,258,2.33,0.64
07:37:24,"[115.0, 155]","[114.0, 9]","[116.09, 35]","[231.96, 27]",115.54,226,1.09,0.45
07:37:25,"[115.0, 104]","[114.0, 7]","[178.32, 28]","[358.26, 31]",146.66,170,63.32,0.31
07:37:26,"[115.59, 34]","[114.97, 62]","[500.43, 21]","[578.22, 27]",308.01,144,384.84,0.33
07:37:27,"[115.0, 96]","[114.0, 8]","[306.17, 18]","[355.25, 24]",210.58,146,191.17,0.42
07:37:28,"[115.0, 120]","[112.18, 33]","[215.2, 30]","[287.75, 36]",165.1,219,100.2,0.4
07:37:29,"[115.0, 111]","[114.0, 30]","[210.41, 29]","[216.13, 46]",162.71,216,95.41,0.31
07:37:30,"[115.0, 65]","[114.0, 21]","[188.73, 22]","[196.62, 16]",151.86,124,73.73,0.39
07:37:31,"[115.0, 129]","[114.0, 51]","[182.07, 43]","[183.53, 47]",148.53,270,67.07,0.33
07:37:32,"[115.0, 36]","[114.0, 36]","[177.91, 22]","[179.29, 14]",146.45,108,62.91,0.33
07:37:33,"[115.0, 34]","[114.0, 39]","[175.11, 35]","[176.69, 26]",145.06,134,60.11,0.09
07:37:34,"[115.0, 25]","[114.0, 33]","[166.0, 25]","[168.13, 38]",140.5,121,51.0,-0.04
07:37:35,"[115.17, 30]","[114.62, 40]","[150.76, 37]","[155.13, 30]",132.96,137,35.59,0.02
07:37:36,"[116.54, 13]","[115.0, 55]","[146.67, 27]","[149.47, 49]",131.6,144,30.13,-0.06
07:37:37,"[117.0, 23]","[115.0, 65]","[144.69, 26]","[156.0, 39]",130.85,153,27.69,0.15
07:37:38,"[117.0, 12]","[115.0, 56]","[139.94, 34]","[146.0, 30]",128.47,132,22.94,0.03
07:37:39,"[114.58, 26]","[114.05, 22]","[142.2, 35]","[143.76, 25]",128.39,108,27.62,-0.11
07:37:40,"[114.07, 41]","[112.86, 37]","[139.32, 40]","[140.52, 50]",126.7,168,25.25,-0.07
07:37:41,"[114.36, 22]","[113.39, 23]","[136.75, 32]","[198.27, 51]",125.56,128,22.39,-0.3
07:37:42,"[111.56, 86]","[109.42, 57]","[134.38, 16]","[135.31, 29]",122.97,188,22.82,0.52
07:37:43,"[111.0, 100]","[109.0, 98]","[131.79, 24]","[134.0, 24]",121.4,246,20.79,0.61
07:37:44,"[111.0, 66]","[109.0, 65]","[127.16, 37]","[129.1, 20]",119.08,188,16.16,0.39
07:37:45,"[116.67, 30]","[113.45, 44]","[123.96, 25]","[124.35, 40]",120.31,139,7.29,0.06
07:37:46,"[118.0, 16]","[116.0, 30]","[120.95, 19]","[122.96, 25]",119.47,90,2.95,0.02
07:37:47,"[116.29, 21]","[115.25, 36]","[118.0, 18]","[118.44, 27]",117.14,102,1.71,0.12
07:37:48,"[115.07, 27]","[111.31, 78]","[116.16, 25]","[223.91, 33]",115.62,163,1.09,0.29
07:37:49,"[111.31, 78]","[109.7, 69]","[192.61, 46]","[271.42, 60]",151.96,253,81.3,0.16
07:37:50,"[111.0, 64]","[109.0, 40]","[117.83, 18]","[274.32, 38]",114.42,160,6.83,0.3
07:37:51,"[111.0, 64]","[109.0, 40]","[116.0, 8]","[204.25, 40]",113.5,152,5.0,0.37
07:37:52,"[111.0, 80]","[109.0, 50]","[115.2, 10]","[351.56, 36]",113.1,176,4.2,0.48
07:37:53,"[111.0, 48]","[109.0, 30]","[115.0, 6]","[312.75, 20]",113.0,104,4.0,0.5
07:37:54,"[111.44, 122]","[109.54, 89]","[417.11, 54]","[558.85, 62]",264.28,327,305.67,0.29
07:37:55,"[114.0, 54]","[111.0, 72]","[287.05, 37]","[513.67, 27]",200.53,190,173.05,0.33
07:37:56,"[114.0, 43]","[111.0, 56]","[216.12, 17]","[343.55, 11]",165.06,127,102.12,0.56
07:37:57,"[113.78, 54]","[111.18, 98]","[215.25, 48]","[320.85, 60]",164.51,260,101.47,0.17
07:37:58,"[112.0, 30]","[111.0, 80]","[215.0, 30]","[238.8, 44]",163.5,184,103.0,0.2
07:37:59,"[111.4, 30]","[110.36, 47]","[189.29, 21]","[221.06, 31]",150.34,129,77.89,0.19
07:38:00,"[111.0, 34]","[109.0, 40]","[202.5, 24]","[555.32, 31]",156.75,129,91.5,0.15
07:38:01,"[112.5, 16]","[109.26, 31]","[213.0, 24]","[378.5, 32]",162.75,103,100.5,-0.09
07:38:02,"[117.0, 24]","[111.0, 24]","[177.48, 46]","[188.34, 38]",147.24,132,60.48,-0.27
07:38:03,"[117.0, 10]","[111.0, 10]","[141.2, 20]","[143.0, 15]",129.1,55,24.2,-0.27
07:38:04,"[113.0, 21]","[107.09, 23]","[140.75, 32]","[143.0, 24]",126.88,100,27.75,-0.12
07:38:05,"[114.0, 112]","[109.48, 42]","[139.46, 52]","[141.43, 46]",126.73,252,25.46,0.22
07:38:06,"[114.0, 112]","[111.36, 56]","[135.67, 48]","[137.19, 42]",124.83,258,21.67,0.3
07:38:07,"[114.51, 65]","[113.69, 104]","[129.44, 50]","[131.09, 43]",121.97,262,14.93,0.29
07:38:08,"[115.0, 27]","[114.0, 72]","[126.31, 29]","[127.46, 26]",120.66,154,11.31,0.29
07:38:09,"[115.0, 30]","[114.0, 80]","[122.62, 32]","[123.77, 26]",118.81,168,7.62,0.31
07:38:10,"[115.22, 37]","[114.03, 91]","[119.26, 35]","[120.48, 54]",117.24,217,4.04,0.18
07:38:11,"[116.28, 25]","[114.71, 42]","[118.27, 37]","[119.47, 51]",117.28,155,1.99,-0.14
07:38:12,"[115.77, 13]","[112.57, 56]","[117.5, 30]","[118.74, 34]",116.63,133,1.73,0.04
07:38:13,"[112.1, 62]","[111.44, 27]","[115.28, 18]","[118.25, 20]",113.69,127,3.18,0.4
07:38:14,"[112.0, 58]","[111.0, 24]","[113.0, 28]","[115.0, 8]",112.5,118,1.0,0.39
07:38:15,"[112.0, 33]","[111.0, 18]","[113.5, 6]","[307.75, 12]",112.75,69,1.5,0.48
07:38:16,"[112.0, 10]","[111.0, 12]","[242.5, 6]","[403.9, 10]",177.25,38,130.5,0.16
07:38:17,"[112.0, 8]","[111.0, 24]","[328.0, 24]","[506.5, 12]",220.0,68,216.0,-0.06
07:38:18,"[111.01, 188]","[109.47, 72]","[286.88, 32]","[314.09, 22]",198.94,314,175.87,0.66
07:38:19,"[111.49, 65]","[110.78, 134]","[277.15, 34]","[334.92, 26]",194.32,259,165.65,0.54
07:38:20,"[111.11, 106]","[110.13, 60]","[273.88, 34]","[275.3, 30]",192.5,230,162.77,0.44
07:38:21,"[111.0, 150]","[109.0, 97]","[204.65, 23]","[225.97, 35]",157.83,305,93.65,0.62
07:38:22,"[111.0, 196]","[109.0, 221]","[191.36, 50]","[194.38, 58]",151.18,525,80.36,0.59
07:38:23,"[114.0, 108]","[111.0, 153]","[190.49, 39]","[191.19, 48]",152.24,348,76.49,0.5
07:38:24,"[114.0, 72]","[111.0, 112]","[186.84, 37]","[189.18, 17]",150.42,238,72.84,0.55
07:38:25,"[114.0, 105]","[111.0, 182]","[182.73, 37]","[184.05, 38]",148.36,362,68.73,0.59
07:38:26,"[114.0, 54]","[111.01, 113]","[170.97, 36]","[178.45, 29]",142.49,232,56.97,0.44
07:38:27,"[114.0, 62]","[112.0, 12]","[175.69, 29]","[176.7, 47]",144.84,150,61.69,-0.01
07:38:28,"[114.0, 45]","[112.0, 9]","[170.59, 34]","[171.79, 28]",142.29,116,56.59,-0.07
07:38:29,"[113.14, 49]","[110.86, 92]","[166.69, 29]","[168.35, 37]",139.92,207,53.55,0.36
07:38:30,"[112.64, 202]","[111.4, 207]","[164.77, 79]","[165.54, 68]",138.71,556,52.13,0.47
07:38:31,"[115.71, 56]","[114.0, 168]","[160.48, 31]","[163.52, 50]",138.1,305,44.77,0.47
07:38:32,"[116.13, 38]","[114.12, 128]","[127.34, 47]","[143.06, 33]",121.74,246,11.21,0.35
07:38:33,"[116.38, 16]","[115.32, 37]","[123.29, 34]","[124.62, 32]",119.83,119,6.92,-0.11
07:38:34,"[115.54, 26]","[114.33, 107]","[121.74, 39]","[122.36, 56]",118.64,228,6.21,0.17
07:38:35,"[114.65, 34]","[113.89, 140]","[117.41, 41]","[118.6, 40]",116.03,255,2.77,0.36
07:38:36,"[114.0, 71]","[112.0, 48]","[116.0, 24]","[117.0, 30]",115.0,173,2.0,0.38
07:38:37,"[114.0, 88]","[112.01, 89]","[115.0, 60]","[117.78, 37]",114.5,274,1.0,0.29
07:38:38,"[114.0, 49]","[113.0, 7]","[115.0, 23]","[118.0, 21]",114.5,100,1.0,0.12
07:38:39,"[114.0, 67]","[112.0, 80]","[115.0, 10]","[161.0, 30]",114.5,187,1.0,0.57
07:38:40,"[114.0, 31]","[112.0, 72]","[115.0, 9]","[286.83, 24]",114.5,136,1.0,0.51
07:38:41,"[112.4, 60]","[111.71, 68]","[194.73, 30]","[418.19, 31]",153.57,189,82.33,0.35
07:38:42,"[114.32, 124]","[111.71, 68]","[198.19, 64]","[201.0, 32]",156.26,288,83.86,0.33
07:38:43,"[117.0, 98]","[116.0, 7]","[196.43, 28]","[295.29, 14]",156.71,147,79.43,0.43
07:38:44,"[117.0, 112]","[116.0, 8]","[163.82, 22]","[208.62, 26]",140.41,168,46.82,0.43
07:38:45,"[117.0, 126]","[116.0, 9]","[173.18, 34]","[235.38, 32]",145.09,201,56.18,0.34
07:38:46,"[117.0, 168]","[116.0, 12]","[172.08, 48]","[519.92, 48]",144.54,276,55.08,0.3
07:38:47,"[117.0, 126]","[116.0, 9]","[170.44, 36]","[374.89, 36]",143.72,207,53.44,0.3
07:38:48,"[117.0, 225]","[115.67, 24]","[168.59, 68]","[358.88, 68]",142.79,385,51.59,0.29
07:38:49,"[116.93, 45]","[115.23, 31]","[168.0, 40]","[323.0, 40]",142.47,156,51.07,-0.03
07:38:50,"[117.23, 129]","[116.58, 26]","[163.31, 64]","[397.59, 44]",140.27,263,46.08,0.18
07:38:51,"[118.0, 67]","[117.0, 39]","[160.76, 41]","[161.96, 51]",139.38,198,42.76,0.07
07:38:52,"[118.0, 60]","[117.0, 36]","[158.0, 48]","[160.0, 36]",138.0,180,40.0,0.07
07:38:53,"[118.0, 75]","[117.0, 45]","[152.49, 55]","[154.62, 58]",135.25,233,34.49,0.03
07:38:54,"[116.29, 28]","[116.57, 28]","[147.9, 40]","[149.0, 30]",132.09,126,31.61,-0.11
07:38:55,"[115.0, 120]","[114.0, 30]","[145.54, 57]","[147.15, 52]",130.27,259,30.54,0.16
07:38:56,"[115.0, 92]","[114.0, 30]","[140.67, 54]","[141.85, 52]",127.83,228,25.67,0.07
07:38:57,"[115.0, 17]","[114.0, 28]","[135.42, 53]","[136.67, 54]",125.21,152,20.42,-0.41
07:38:58,"[115.0, 9]","[114.0, 18]","[127.8, 40]","[128.97, 31]",121.4,98,12.8,-0.45
07:38:59,"[114.75, 16]","[113.25, 32]","[124.34, 70]","[125.16, 74]",119.55,192,9.59,-0.5
07:39:00,"[109.93, 15]","[97.0, 28]","[119.73, 44]","[121.34, 53]",114.83,140,9.79,-0.39
07:39:01,"[111.7, 23]","[110.76, 68]","[116.65, 60]","[119.3, 60]",114.17,211,4.95,-0.14
07:39:02,"[83.93, 28]","[68.15, 55]","[115.89, 73]","[116.8, 49]",99.91,205,31.96,-0.19
07:39:03,"[104.38, 26]","[85.63, 30]","[112.05, 40]","[113.54, 46]",108.22,142,7.67,-0.21
07:39:04,"[67.29, 34]","[29.71, 48]","[108.89, 47]","[113.65, 40]",88.09,169,41.6,-0.03
07:39:05,"[64.67, 54]","[5.0, 18]","[108.14, 29]","[169.27, 15]",86.4,116,43.47,0.24
07:39:06,"[67.53, 38]","[43.69, 32]","[109.0, 8]","[325.86, 14]",88.26,92,41.47,0.52
07:39:07,"[66.05, 42]","[62.19, 64]","[276.76, 17]","[419.27, 44]",171.41,167,210.72,0.27
07:39:08,"[66.91, 43]","[47.07, 27]","[105.2, 35]","[297.16, 32]",86.05,137,38.29,0.02
07:39:09,"[69.67, 18]","[68.11, 27]","[100.0, 27]","[155.65, 40]",84.83,112,30.33,-0.2
07:39:10,"[75.6, 40]","[74.53, 34]","[112.27, 30]","[152.58, 38]",93.93,142,36.67,0.04
07:39:11,"[80.36, 66]","[78.67, 36]","[103.0, 36]","[106.86, 28]",91.68,166,22.64,0.23
07:39:12,"[82.57, 37]","[80.77, 70]","[103.68, 37]","[106.12, 34]",93.12,178,21.11,0.2
07:39:13,"[86.27, 56]","[85.35, 17]","[104.0, 14]","[105.82, 44]",95.13,131,17.73,0.11
07:39:14,"[90.29, 41]","[90.31, 26]","[105.23, 13]","[163.91, 44]",97.76,124,14.94,0.08
07:39:15,"[94.71, 7]","[92.0, 28]","[108.0, 14]","[424.2, 10]",101.36,59,13.29,0.19
07:39:16,"[96.45, 31]","[95.96, 46]","[108.0, 20]","[268.5, 10]",102.23,107,11.55,0.44
07:39:17,"[101.12, 43]","[100.12, 40]","[108.0, 26]","[181.9, 20]",104.56,129,6.88,0.29
07:39:18,"[105.41, 41]","[104.57, 14]","[108.0, 13]","[109.0, 22]",106.71,90,2.59,0.22
07:39:19,"[107.08, 25]","[106.46, 13]","[128.4, 15]","[175.8, 15]",117.74,68,21.32,0.12
07:39:20,"[109.38, 24]","[108.0, 8]","[142.0, 24]","[336.91, 23]",125.69,79,32.62,-0.19
07:39:21,"[98.45, 89]","[94.07, 76]","[229.75, 36]","[320.95, 39]",164.1,240,131.3,0.38
07:39:22,"[92.0, 31]","[70.91, 33]","[257.38, 21]","[398.6, 20]",174.69,105,165.38,0.22
07:39:23,"[71.82, 44]","[65.23, 39]","[103.48, 21]","[106.88, 32]",87.65,136,31.66,0.22
07:39:24,"[80.38, 39]","[65.68, 88]","[103.45, 22]","[105.92, 26]",91.92,175,23.07,0.45
07:39:25,"[83.17, 120]","[78.25, 72]","[101.06, 32]","[105.0, 32]",92.12,256,17.89,0.5
07:39:26,"[85.75, 24]","[84.6, 30]","[101.0, 12]","[105.0, 16]",93.38,82,15.25,0.32
07:39:27,"[89.64, 33]","[88.31, 39]","[104.11, 9]","[106.36, 36]",96.87,117,14.47,0.23
07:39:28,"[92.83, 18]","[91.0, 36]","[161.8, 15]","[246.5, 24]",127.32,93,68.97,0.16
07:39:29,"[91.95, 37]","[91.33, 18]","[106.0, 27]","[171.85, 26]",98.97,108,14.05,0.02
07:39:30,"[94.56, 18]","[92.11, 38]","[106.0, 24]","[266.92, 12]",100.28,92,11.44,0.22
07:39:31,"[95.0, 36]","[94.0, 6]","[106.0, 18]","[307.04, 24]",100.5,84,11.0,0.0
07:39:32,"[95.05, 55]","[68.28, 25]","[105.08, 39]","[144.1, 50]",100.07,169,10.02,-0.05
07:39:33,"[98.08, 24]","[95.0, 12]","[106.0, 36]","[246.24, 42]",102.04,114,7.92,-0.37
07:39:34,"[101.0, 14]","[95.0, 7]","[104.79, 29]","[205.43, 21]",102.9,71,3.79,-0.41
07:39:35,"[103.43, 21]","[98.58, 12]","[137.95, 39]","[201.21, 24]",120.69,96,34.52,-0.31
07:39:36,"[114.57, 46]","[109.65, 23]","[201.5, 48]","[442.1, 30]",158.03,147,86.93,-0.06
07:39:37,"[115.1, 31]","[112.85, 26]","[382.04, 24]","[492.97, 29]",248.57,110,266.94,0.04
07:39:38,"[116.0, 6]","[115.0, 24]","[173.0, 12]","[621.2, 20]",144.5,62,57.0,-0.03
07:39:39,"[116.0, 8]","[115.0, 20]","[461.4, 5]","[652.0, 20]",288.7,53,345.4,0.06
07:39:40,"[116.27, 15]","[115.14, 28]","[367.05, 20]","[535.04, 23]",241.66,86,250.78,0.0
07:39:41,"[116.0, 9]","[115.0, 36]","[357.89, 27]","[378.27, 37]",236.94,109,241.89,-0.17
07:39:42,"[115.37, 19]","[113.15, 52]","[255.5, 36]","[282.46, 39]",185.43,146,140.13,-0.03
07:39:43,"[115.0, 51]","[111.0, 102]","[125.27, 49]","[139.54, 56]",120.13,258,10.27,0.19
07:39:44,"[111.23, 53]","[109.1, 126]","[115.84, 19]","[117.12, 25]",113.53,223,4.62,0.61
07:39:45,"[111.75, 40]","[109.13, 90]","[113.93, 15]","[203.0, 32]",112.84,177,2.18,0.47
07:39:46,"[114.0, 50]","[111.0, 39]","[119.66, 29]","[299.58, 52]",116.83,170,5.66,0.05
07:39:47,"[114.0, 23]","[111.0, 36]","[191.46, 50]","[311.53, 43]",152.73,152,77.46,-0.22
07:39:48,"[114.0, 8]","[111.0, 24]","[190.0, 24]","[192.0, 40]",152.0,96,76.0,-0.33
07:39:49,"[112.41, 17]","[109.8, 60]","[120.46, 52]","[159.35, 31]",116.44,160,8.05,-0.04
07:39:50,"[112.29, 38]","[109.68, 76]","[116.0, 24]","[295.46, 26]",114.14,164,3.71,0.39
07:39:51,"[112.69, 90]","[111.14, 84]","[182.38, 45]","[320.83, 30]",147.53,249,69.69,0.4
07:39:52,"[112.0, 35]","[111.0, 21]","[168.57, 7]","[328.86, 7]",140.29,70,56.57,0.6
07:39:53,"[117.0, 10]","[112.0, 50]","[163.64, 14]","[339.0, 10]",140.32,84,46.64,0.43
07:39:54,"[112.95, 37]","[111.59, 59]","[143.11, 55]","[147.09, 35]",128.03,186,30.16,0.03
07:39:55,"[112.0, 75]","[111.0, 60]","[120.07, 75]","[121.4, 75]",116.03,285,8.07,-0.05
07:39:56,"[112.0, 59]","[111.0, 48]","[116.88, 51]","[117.75, 60]",114.44,218,4.88,-0.02
07:39:57,"[113.02, 41]","[111.56, 50]","[115.72, 54]","[168.12, 51]",114.37,196,2.7,-0.07
07:39:58,"[112.71, 42]","[111.78, 51]","[115.89, 53]","[411.8, 41]",114.3,187,3.17,-0.01
07:39:59,"[112.76, 33]","[111.78, 46]","[195.71, 24]","[410.53, 45]",154.23,148,82.95,0.07
07:40:00,"[112.0, 52]","[111.0, 75]","[240.72, 18]","[431.41, 51]",176.36,196,128.72,0.3
07:40:01,"[110.15, 39]","[99.03, 79]","[161.36, 11]","[218.64, 11]",135.76,140,51.21,0.69
07:40:02,"[110.8, 40]","[75.86, 43]","[160.71, 7]","[427.57, 7]",135.76,97,49.91,0.71
07:40:03,"[110.76, 17]","[102.12, 17]","[160.0, 4]","[531.0, 4]",135.38,42,49.24,0.62
07:40:04,"[115.0, 3]","[109.0, 18]","[160.0, 3]","[423.67, 3]",137.5,27,45.0,0.56
07:40:05,"[112.6, 10]","[104.97, 29]","[159.62, 8]","[352.3, 10]",136.11,57,47.03,0.37
07:40:06,"[109.0, 30]","[91.66, 41]","[136.36, 11]","[201.45, 11]",122.68,93,27.36,0.53
07:40:07,"[109.0, 24]","[107.0, 29]","[127.75, 8]","[335.12, 8]",118.38,69,18.75,0.54
07:40:08,"[109.0, 27]","[99.0, 29]","[126.56, 9]","[187.26, 19]",117.78,84,17.56,0.33
07:40:09,"[78.78, 46]","[65.11, 27]","[111.82, 11]","[153.72, 29]",95.3,113,33.04,0.29
07:40:10,"[80.0, 44]","[76.64, 11]","[105.92, 12]","[108.78, 23]",92.96,90,25.92,0.22
07:40:11,"[81.29, 56]","[74.08, 26]","[105.29, 14]","[108.0, 28]",93.29,124,24.0,0.32
07:40:12,"[84.0, 24]","[57.0, 24]","[299.33, 12]","[433.58, 12]",191.67,72,215.33,0.33
07:40:13,"[84.0, 36]","[69.0, 12]","[106.46, 41]","[126.24, 21]",95.23,110,22.46,-0.13
07:40:14,"[84.0, 28]","[74.14, 7]","[104.54, 26]","[110.16, 31]",94.27,92,20.54,-0.24
07:40:15,"[95.0, 56]","[69.4, 40]","[147.1, 51]","[405.22, 18]",121.05,165,52.1,0.16
07:40:16,"[114.0, 60]","[93.86, 42]","[341.17, 24]","[398.23, 13]",227.58,139,227.17,0.47
07:40:17,"[114.0, 50]","[112.0, 40]","[334.1, 20]","[336.4, 20]",224.05,130,220.1,0.38
07:40:18,"[114.0, 25]","[112.0, 20]","[324.8, 10]","[325.8, 10]",219.4,65,210.8,0.38
07:40:19,"[114.14, 35]","[112.34, 29]","[184.88, 16]","[192.42, 24]",149.51,104,70.73,0.23
07:40:20,"[115.0, 55]","[114.0, 55]","[162.33, 43]","[163.88, 32]",138.66,185,47.33,0.19
07:40:21,"[115.0, 66]","[114.0, 70]","[158.2, 45]","[159.94, 33]",136.6,214,43.2,0.27
07:40:22,"[115.28, 72]","[114.0, 99]","[153.21, 70]","[154.47, 49]",134.25,290,37.94,0.18
07:40:23,"[116.74, 76]","[114.0, 114]","[144.27, 49]","[146.82, 49]",130.5,288,27.53,0.32
07:40:24,"[117.67, 60]","[114.0, 90]","[139.52, 46]","[140.93, 57]",128.59,253,21.86,0.19
07:40:25,"[115.75, 32]","[113.11, 54]","[135.07, 42]","[137.47, 34]",125.41,162,19.32,0.06
07:40:26,"[114.0, 33]","[112.0, 44]","[131.17, 46]","[132.48, 46]",122.59,169,17.17,-0.09
07:40:27,"[114.0, 30]","[112.0, 40]","[127.28, 43]","[128.4, 43]",120.64,156,13.28,-0.1
07:40:28,"[113.83, 36]","[111.8, 55]","[123.67, 48]","[127.0, 60]",118.75,199,9.83,-0.09
07:40:29,"[112.11, 37]","[111.03, 118]","[121.73, 49]","[126.15, 59]",116.92,263,9.63,0.18
07:40:30,"[111.29, 42]","[110.93, 86]","[119.2, 50]","[120.29, 51]",115.24,229,7.91,0.12
07:40:31,"[111.28, 67]","[109.54, 81]","[116.4, 63]","[117.45, 62]",113.84,273,5.11,0.08
07:40:32,"[111.0, 43]","[109.0, 61]","[112.78, 37]","[114.86, 35]",111.89,176,1.78,0.18
07:40:33,"[109.12, 85]","[102.9, 58]","[111.4, 53]","[113.99, 73]",110.26,269,2.28,0.06
07:40:34,"[109.0, 54]","[102.0, 14]","[110.0, 8]","[111.21, 38]",109.5,114,1.0,0.19
07:40:35,"[109.0, 22]","[67.91, 53]","[112.0, 30]","[272.09, 22]",110.5,127,3.0,0.18
07:40:36,"[103.91, 22]","[44.57, 23]","[130.33, 21]","[440.07, 29]",117.12,95,26.42,-0.05
07:40:37,"[46.14, 14]","[23.47, 51]","[262.26, 31]","[531.92, 13]",154.2,109,216.12,0.19
07:40:38,"[68.0, 7]","[27.14, 14]","[268.0, 9]","[688.38, 13]",168.0,43,200.0,-0.02
07:40:39,"[30.0, 14]","[13.0, 7]","[144.95, 19]","[366.33, 18]",87.47,58,114.95,-0.28
07:40:40,"[90.96, 56]","[60.56, 18]","[109.29, 28]","[146.48, 54]",100.12,156,18.32,-0.05
07:40:41,"[103.36, 121]","[102.0, 22]","[104.87, 23]","[147.31, 52]",104.12,218,1.51,0.31
07:40:42,"[108.2, 164]","[106.18, 78]","[161.92, 73]","[264.67, 83]",135.06,398,53.72,0.22
07:40:43,"[115.95, 219]","[114.16, 166]","[323.35, 80]","[481.82, 85]",219.65,550,207.4,0.4
07:40:44,"[118.0, 24]","[116.0, 104]","[305.25, 40]","[611.92, 12]",211.62,180,187.25,0.42
07:40:45,"[118.0, 9]","[116.0, 39]","[159.0, 12]","[244.0, 15]",138.5,75,41.0,0.28
07:40:46,"[116.29, 84]","[115.68, 76]","[317.92, 37]","[588.11, 38]",217.1,235,201.63,0.36
07:40:47,"[117.3, 10]","[116.0, 120]","[227.96, 49]","[366.48, 29]",172.63,208,110.66,0.25
07:40:48,"[116.04, 57]","[115.3, 40]","[221.0, 40]","[263.5, 32]",168.52,169,104.96,0.15
07:40:49,"[116.0, 64]","[115.0, 32]","[201.87, 31]","[367.52, 33]",158.94,160,85.87,0.2
07:40:50,"[116.0, 31]","[115.0, 28]","[184.37, 19]","[531.57, 28]",150.18,106,68.37,0.11
07:40:51,"[116.0, 12]","[115.0, 16]","[226.25, 4]","[228.0, 12]",171.12,44,110.25,0.27
07:40:52,"[116.0, 18]","[115.0, 24]","[224.33, 6]","[232.5, 18]",170.17,66,108.33,0.27
07:40:53,"[116.0, 27]","[115.0, 36]","[222.57, 21]","[225.8, 15]",169.29,99,106.57,0.27
07:40:54,"[116.0, 24]","[115.0, 32]","[219.5, 16]","[220.06, 16]",167.75,88,103.5,0.27
07:40:55,"[116.0, 45]","[115.0, 60]","[215.56, 27]","[216.39, 33]",165.78,165,99.56,0.27
07:40:56,"[115.72, 29]","[114.61, 46]","[210.65, 17]","[213.21, 19]",163.19,111,94.92,0.35
07:40:57,"[115.0, 56]","[114.0, 99]","[206.67, 27]","[207.76, 29]",160.83,211,91.67,0.47
07:40:58,"[115.0, 42]","[114.0, 108]","[202.29, 24]","[203.21, 24]",158.65,198,87.29,0.52
07:40:59,"[115.0, 39]","[114.0, 117]","[196.16, 19]","[197.14, 21]",155.58,196,81.16,0.59
07:41:00,"[115.63, 57]","[114.13, 135]","[184.05, 61]","[191.11, 53]",149.84,306,68.42,0.25
07:41:01,"[117.0, 57]","[115.33, 49]","[181.83, 65]","[187.03, 31]",149.42,202,64.83,0.05
07:41:02,"[115.44, 54]","[114.18, 67]","[152.19, 48]","[157.92, 38]",133.82,207,36.74,0.17
07:41:03,"[115.0, 33]","[114.0, 55]","[145.41, 27]","[146.95, 19]",130.2,134,30.41,0.31
07:41:04,"[115.0, 31]","[114.0, 60]","[143.85, 34]","[144.83, 36]",129.43,161,28.85,0.13
07:41:05,"[116.64, 14]","[115.0, 28]","[138.96, 26]","[140.32, 22]",127.8,90,22.32,-0.07
07:41:06,"[118.0, 14]","[115.0, 28]","[131.86, 28]","[132.29, 24]",124.93,94,13.86,-0.11
07:41:07,"[118.0, 11]","[115.0, 22]","[128.37, 19]","[129.84, 25]",123.18,77,10.37,-0.14
07:41:08,"[115.33, 30]","[114.14, 28]","[126.95, 22]","[127.25, 36]",121.14,116,11.62,0.0
07:41:09,"[114.0, 50]","[112.0, 20]","[123.33, 12]","[124.28, 18]",118.67,100,9.33,0.4
07:41:10,"[114.0, 65]","[111.26, 61]","[121.07, 30]","[129.39, 23]",117.53,179,7.07,0.41
07:41:11,"[114.0, 40]","[111.7, 60]","[118.74, 19]","[119.86, 21]",116.37,140,4.74,0.43
07:41:12,"[113.19, 52]","[111.74, 104]","[115.14, 28]","[116.0, 38]",114.17,222,1.95,0.41
07:41:13,"[112.0, 42]","[111.0, 90]","[113.43, 14]","[115.11, 18]",112.71,164,1.43,0.61
07:41:14,"[111.22, 46]","[109.5, 181]","[112.77, 13]","[131.26, 23]",111.99,263,1.55,0.73
07:41:15,"[109.0, 160]","[66.09, 66]","[111.2, 10]","[112.2, 10]",110.1,246,2.2,0.84
07:41:16,"[109.0, 64]","[93.0, 36]","[280.18, 11]","[363.5, 6]",194.59,117,171.18,0.71
07:41:17,"[109.0, 160]","[68.5, 90]","[291.62, 26]","[390.62, 24]",200.31,300,182.62,0.67
07:41:18,"[109.84, 100]","[89.11, 62]","[288.86, 44]","[378.14, 42]",199.35,248,179.02,0.31
07:41:19,"[117.0, 12]","[112.21, 42]","[177.67, 24]","[327.0, 30]",147.33,108,60.67,0.0
07:41:20,"[117.0, 6]","[114.0, 18]","[134.8, 20]","[143.6, 10]",125.9,54,17.8,-0.11
07:41:21,"[112.08, 39]","[110.3, 81]","[133.09, 44]","[189.18, 22]",122.58,186,21.01,0.29
07:41:22,"[111.69, 58]","[109.62, 130]","[129.73, 44]","[284.27, 22]",120.71,254,18.04,0.48
07:41:23,"[115.0, 24]","[111.0, 96]","[128.0, 48]","[288.38, 32]",121.5,200,13.0,0.2
07:41:24,"[115.0, 18]","[111.0, 72]","[127.0, 36]","[358.0, 36]",121.0,162,12.0,0.11
07:41:25,"[115.0, 21]","[111.0, 88]","[126.82, 44]","[394.0, 44]",120.91,197,11.82,0.11
07:41:26,"[115.0, 10]","[111.77, 35]","[259.6, 40]","[403.26, 27]",187.3,112,144.6,-0.2
07:41:27,"[115.0, 11]","[114.0, 22]","[199.33, 15]","[386.82, 17]",157.17,65,84.33,0.02
07:41:28,"[115.0, 15]","[114.0, 30]","[142.91, 46]","[177.38, 24]",128.96,115,27.91,-0.22
07:41:29,"[112.43, 23]","[110.31, 143]","[130.79, 29]","[134.9, 21]",121.61,216,18.36,0.54
07:41:30,"[111.0, 26]","[109.0, 195]","[117.8, 25]","[118.71, 14]",114.4,260,6.8,0.7
07:41:31,"[111.0, 14]","[109.0, 68]","[116.0, 14]","[117.0, 7]",113.5,103,5.0,0.59
07:41:32,"[111.78, 23]","[109.06, 72]","[116.0, 16]","[117.0, 8]",113.89,119,4.22,0.6
07:41:33,"[112.8, 60]","[109.57, 42]","[115.0, 9]","[116.0, 18]",113.9,129,2.2,0.58
07:41:34,"[111.41, 103]","[109.43, 140]","[246.8, 15]","[474.12, 41]",179.1,299,135.39,0.63
07:41:35,"[111.53, 51]","[109.46, 52]","[295.33, 6]","[518.83, 6]",203.43,115,183.8,0.79
07:41:36,"[111.62, 64]","[110.2, 100]","[197.73, 30]","[574.21, 28]",154.68,222,86.11,0.48
07:41:37,"[117.0, 13]","[111.64, 50]","[118.11, 27]","[143.55, 11]",117.56,101,1.11,0.25
07:41:38,"[111.67, 27]","[109.46, 78]","[129.0, 9]","[210.0, 10]",120.33,124,17.33,0.69
07:41:39,"[111.0, 33]","[109.0, 90]","[213.0, 15]","[340.25, 12]",162.0,150,102.0,0.64
07:41:40,"[111.35, 17]","[109.62, 48]","[339.14, 14]","[410.0, 19]",225.25,98,227.79,0.33
07:41:41,"[113.0, 11]","[111.0, 33]","[283.18, 28]","[412.43, 21]",198.09,93,170.18,-0.05
07:41:42,"[114.79, 34]","[111.0, 63]","[141.57, 46]","[315.97, 39]",128.18,182,26.77,0.07
07:41:43,"[115.07, 42]","[111.68, 71]","[134.27, 55]","[286.0, 44]",124.67,212,19.2,0.07
07:41:44,"[115.0, 57]","[111.0, 45]","[132.6, 75]","[236.03, 58]",123.8,235,17.6,-0.13
07:41:45,"[113.86, 42]","[110.32, 111]","[233.56, 57]","[482.88, 50]",173.71,260,119.7,0.18
07:41:46,"[115.0, 48]","[111.0, 156]","[377.6, 45]","[469.37, 51]",246.3,300,262.6,0.36
07:41:47,"[117.08, 13]","[115.0, 52]","[167.0, 39]","[299.08, 52]",142.04,156,49.92,-0.17
07:41:48,"[115.2, 30]","[111.32, 99]","[165.33, 36]","[231.35, 34]",140.27,199,50.13,0.3
07:41:49,"[111.45, 106]","[109.39, 199]","[158.59, 44]","[250.3, 43]",135.02,392,47.14,0.56
07:41:50,"[111.0, 99]","[109.0, 176]","[145.6, 20]","[146.32, 38]",128.3,333,34.6,0.65
07:41:51,"[111.0, 90]","[109.0, 160]","[143.26, 47]","[144.09, 35]",127.13,332,32.26,0.51
07:41:52,"[111.0, 81]","[109.0, 144]","[142.24, 25]","[142.98, 49]",126.62,299,31.24,0.51
07:41:53,"[111.0, 117]","[109.0, 208]","[138.78, 37]","[139.29, 28]",124.89,390,27.78,0.67
07:41:54,"[111.79, 89]","[109.64, 141]","[135.09, 23]","[137.18, 38]",123.44,291,23.3,0.58
07:41:55,"[111.65, 74]","[109.47, 167]","[130.11, 35]","[131.32, 37]",120.88,313,18.47,0.54
07:41:56,"[111.17, 70]","[109.24, 200]","[124.31, 39]","[126.02, 51]",117.74,360,13.14,0.5
07:41:57,"[111.75, 32]","[109.86, 112]","[122.67, 36]","[123.43, 56]",117.21,236,10.92,0.22
07:41:58,"[111.23, 52]","[109.32, 152]","[119.68, 34]","[120.42, 38]",115.45,276,8.45,0.48
07:41:59,"[112.55, 62]","[109.75, 128]","[117.0, 52]","[118.0, 13]",114.77,255,4.45,0.49
07:42:00,"[111.75, 80]","[109.32, 190]","[117.07, 27]","[118.28, 58]",114.41,355,5.32,0.52
07:42:01,"[111.08, 39]","[109.17, 140]","[117.03, 39]","[118.29, 14]",114.05,232,5.95,0.54
07:42:02,"[111.04, 48]","[109.12, 136]","[115.1, 10]","[117.0, 30]",113.07,224,4.06,0.64
07:42:03,"[111.0, 55]","[109.0, 176]","[112.95, 19]","[113.8, 25]",111.97,275,1.95,0.68
07:42:04,"[111.72, 88]","[109.61, 115]","[124.24, 37]","[229.83, 46]",117.98,286,12.53,0.42
07:42:05,"[112.0, 28]","[111.0, 30]","[261.09, 23]","[570.88, 16]",186.54,97,149.09,0.2
07:42:06,"[113.0, 44]","[111.0, 55]","[239.57, 42]","[431.41, 29]",176.29,170,126.57,0.16
07:42:07,"[114.75, 48]","[111.0, 60]","[176.0, 48]","[412.12, 32]",145.38,188,61.25,0.15
07:42:08,"[115.08, 48]","[109.37, 118]","[303.3, 46]","[404.38, 39]",209.19,251,188.22,0.32
07:42:09,"[117.0, 24]","[111.0, 6]","[397.5, 24]","[503.64, 22]",257.25,76,280.5,-0.21
07:42:10,"[116.5, 24]","[109.14, 69]","[163.0, 36]","[466.0, 36]",139.75,165,46.5,0.13
07:42:11,"[113.56, 41]","[109.1, 101]","[162.62, 32]","[332.29, 42]",138.09,216,49.06,0.31
07:42:12,"[114.15, 78]","[112.86, 29]","[160.79, 28]","[188.11, 54]",137.47,189,46.63,0.13
07:42:13,"[118.0, 9]","[113.27, 45]","[159.44, 18]","[232.49, 35]",138.72,107,41.44,0.01
07:42:14,"[118.0, 5]","[113.0, 40]","[157.4, 10]","[230.8, 20]",137.7,75,39.4,0.2
07:42:15,"[118.0, 10]","[112.9, 59]","[155.2, 20]","[414.21, 38]",136.6,127,37.2,0.09
07:42:16,"[118.0, 13]","[112.86, 69]","[153.69, 26]","[481.67, 36]",135.85,144,35.69,0.14
07:42:17,"[111.03, 35]","[104.65, 63]","[152.46, 26]","[455.52, 50]",131.75,174,41.43,0.13
07:42:18,"[109.0, 80]","[88.59, 68]","[149.9, 20]","[458.14, 28]",129.45,196,40.9,0.51
07:42:19,"[115.4, 40]","[106.94, 68]","[148.19, 21]","[163.5, 20]",131.8,149,32.79,0.45
07:42:20,"[117.0, 44]","[113.55, 88]","[146.09, 22]","[147.88, 32]",131.55,186,29.09,0.42
07:42:21,"[117.0, 26]","[114.08, 122]","[143.88, 32]","[146.0, 32]",130.44,212,26.88,0.4
07:42:22,"[115.5, 24]","[114.1, 116]","[140.93, 30]","[144.0, 30]",128.22,200,25.43,0.4
07:42:23,"[115.0, 26]","[114.0, 104]","[138.38, 26]","[141.0, 26]",126.69,182,23.38,0.43
07:42:24,"[114.27, 44]","[113.57, 56]","[137.0, 20]","[141.0, 20]",125.64,140,22.73,0.43
07:42:25,"[115.88, 51]","[113.74, 70]","[135.27, 30]","[136.22, 23]",125.57,174,19.38,0.39
07:42:26,"[118.0, 30]","[114.0, 70]","[130.64, 22]","[131.62, 26]",124.32,148,12.64,0.35
07:42:27,"[118.0, 21]","[114.0, 49]","[128.0, 14]","[129.0, 14]",123.0,98,10.0,0.43
07:42:28,"[118.0, 39]","[114.0, 91]","[124.06, 32]","[124.79, 33]",121.03,195,6.06,0.33
07:42:29,"[116.88, 25]","[113.86, 44]","[122.0, 14]","[123.0, 14]",119.44,97,5.12,0.42
07:42:30,"[114.0, 119]","[110.64, 39]","[119.53, 40]","[120.37, 43]",116.76,241,5.53,0.31
07:42:31,"[113.99, 74]","[109.78, 63]","[115.56, 36]","[125.29, 35]",114.77,208,1.57,0.32
07:42:32,"[109.19, 54]","[96.71, 49]","[114.9, 20]","[270.5, 28]",112.04,151,5.71,0.36
07:42:33,"[109.0, 57]","[55.73, 15]","[253.67, 24]","[296.46, 26]",181.33,122,144.67,0.18
07:42:34,"[111.05, 22]","[103.48, 23]","[368.0, 15]","[392.0, 12]",239.52,72,256.95,0.25
07:42:35,"[109.2, 20]","[95.81, 16]","[392.0, 15]","[0, 0]",250.6,51,282.8,0.41
07:42:36,"[114.18, 34]","[110.0, 32]","[392.0, 24]","[0, 0]",253.09,90,277.82,0.47
07:42:37,"[118.0, 78]","[117.0, 28]","[329.33, 18]","[401.43, 14]",223.67,138,211.33,0.54
07:42:38,"[118.0, 99]","[117.0, 36]","[391.0, 18]","[416.73, 33]",254.5,186,273.0,0.45
07:42:39,"[118.0, 38]","[117.0, 16]","[391.0, 8]","[426.0, 16]",254.5,78,273.0,0.38
07:42:40,"[118.0, 39]","[117.0, 32]","[360.29, 21]","[423.05, 19]",239.14,111,242.29,0.28
07:42:41,"[118.0, 24]","[117.0, 32]","[386.0, 24]","[390.67, 18]",252.0,98,268.0,0.14
07:42:42,"[118.0, 42]","[117.0, 56]","[387.49, 39]","[388.61, 33]",252.74,170,269.49,0.15
07:42:43,"[118.0, 39]","[117.0, 52]","[381.13, 45]","[382.66, 35]",249.57,171,263.13,0.06
07:42:44,"[118.0, 30]","[117.0, 40]","[192.5, 40]","[268.0, 34]",155.25,144,74.5,-0.03
07:42:45,"[118.0, 39]","[117.0, 52]","[148.45, 44]","[204.0, 42]",133.23,177,30.45,0.03
07:42:46,"[118.0, 36]","[117.0, 48]","[145.45, 33]","[146.9, 39]",131.73,156,27.45,0.08
07:42:47,"[117.54, 39]","[114.57, 148]","[139.77, 31]","[141.33, 36]",128.66,254,22.24,0.47
07:42:48,"[117.0, 30]","[114.0, 200]","[137.62, 32]","[138.43, 28]",127.31,290,20.62,0.59
07:42:49,"[117.0, 39]","[114.0, 260]","[131.7, 43]","[132.56, 41]",124.35,383,14.7,0.56
07:42:50,"[117.0, 15]","[114.0, 260]","[128.15, 39]","[130.0, 52]",122.58,366,11.15,0.5
07:42:51,"[114.6, 125]","[113.64, 220]","[123.37, 41]","[124.79, 33]",118.98,419,8.77,0.65
07:42:52,"[114.57, 173]","[113.59, 276]","[118.86, 58]","[120.44, 50]",116.72,557,4.29,0.61
07:42:53,"[114.0, 144]","[112.0, 64]","[115.42, 24]","[118.24, 21]",114.71,253,1.42,0.64
07:42:54,"[114.03, 115]","[112.92, 104]","[115.5, 20]","[153.0, 30]",114.76,269,1.47,0.63
07:42:55,"[114.0, 64]","[112.0, 32]","[115.0, 8]","[204.0, 8]",114.5,112,1.0,0.71
07:42:56,"[114.0, 94]","[112.0, 88]","[115.0, 22]","[362.86, 28]",114.5,232,1.0,0.57
07:42:57,"[112.1, 63]","[111.09, 85]","[113.67, 24]","[355.75, 24]",112.88,196,1.57,0.51
07:42:58,"[111.15, 79]","[109.37, 153]","[112.25, 48]","[452.88, 41]",111.7,321,1.1,0.45
07:42:59,"[111.0, 31]","[109.0, 99]","[245.89, 35]","[671.48, 40]",178.44,205,134.89,0.27
07:43:00,"[109.55, 33]","[108.41, 101]","[435.61, 56]","[537.11, 35]",272.58,225,326.06,0.19
07:43:01,"[113.35, 46]","[109.45, 47]","[313.0, 22]","[409.09, 55]",213.17,170,199.65,0.09
07:43:02,"[114.91, 89]","[113.7, 46]","[200.05, 39]","[328.0, 35]",157.48,209,85.14,0.29
07:43:03,"[115.55, 88]","[114.47, 76]","[147.53, 58]","[174.87, 38]",131.54,260,31.99,0.26
07:43:04,"[118.0, 34]","[115.0, 99]","[144.45, 33]","[146.0, 55]",131.23,221,26.45,0.2
07:43:05,"[118.0, 70]","[115.0, 117]","[143.68, 25]","[145.18, 51]",130.84,263,25.68,0.42
07:43:06,"[118.0, 78]","[115.0, 117]","[139.48, 33]","[140.94, 35]",128.74,263,21.48,0.48
07:43:07,"[118.0, 66]","[115.0, 99]","[136.97, 31]","[137.94, 53]",127.48,249,18.97,0.33
07:43:08,"[118.0, 48]","[115.0, 99]","[133.6, 15]","[136.87, 31]",125.8,193,15.6,0.52
07:43:09,"[118.0, 60]","[115.0, 135]","[129.02, 45]","[130.19, 37]",123.51,277,11.02,0.41
07:43:10,"[118.0, 28]","[115.0, 117]","[125.3, 33]","[126.91, 45]",121.65,223,7.3,0.3
07:43:11,"[118.0, 10]","[116.33, 27]","[124.0, 50]","[125.0, 10]",121.0,97,6.0,-0.24
07:43:12,"[117.36, 22]","[115.41, 79]","[121.94, 36]","[122.24, 33]",119.65,170,4.58,0.19
07:43:13,"[115.26, 46]","[114.52, 52]","[117.05, 20]","[120.5, 14]",116.16,132,1.79,0.48
07:43:14,"[114.1, 40]","[112.34, 29]","[115.23, 52]","[149.58, 19]",114.67,140,1.13,-0.01
07:43:15,"[111.29, 31]","[109.53, 34]","[114.8, 40]","[208.81, 32]",113.05,137,3.51,-0.05
07:43:16,"[111.0, 24]","[109.0, 24]","[113.67, 24]","[243.0, 12]",112.33,84,2.67,0.14
07:43:17,"[111.0, 66]","[109.0, 52]","[112.0, 44]","[567.0, 22]",111.5,184,1.0,0.28
07:43:18,"[112.78, 27]","[110.41, 51]","[429.78, 27]","[536.73, 30]",271.28,135,317.0,0.16
07:43:19,"[111.0, 16]","[109.0, 50]","[353.46, 28]","[405.21, 38]",232.23,132,242.46,0.0
07:43:20,"[109.0, 5]","[94.0, 15]","[210.0, 10]","[314.88, 17]",159.5,47,101.0,-0.15
07:43:21,"[115.92, 13]","[108.85, 55]","[209.0, 39]","[248.64, 44]",162.46,151,93.08,-0.1
07:43:22,"[114.15, 27]","[111.82, 22]","[194.12, 25]","[283.94, 34]",154.13,108,79.97,-0.09
07:43:23,"[114.0, 50]","[111.0, 20]","[200.44, 27]","[277.62, 37]",157.22,134,86.44,0.04
07:43:24,"[114.95, 22]","[113.58, 33]","[196.58, 26]","[359.11, 36]",155.77,117,81.62,-0.06
07:43:25,"[117.67, 15]","[116.5, 10]","[197.4, 30]","[401.46, 39]",157.53,94,79.73,-0.47
07:43:26,"[118.0, 26]","[117.0, 13]","[170.23, 39]","[310.57, 46]",144.12,124,52.23,-0.37
07:43:27,"[118.0, 39]","[117.0, 13]","[202.69, 39]","[261.24, 41]",160.35,132,84.69,-0.21
07:43:28,"[118.0, 17]","[117.0, 13]","[196.73, 45]","[213.49, 51]",157.37,126,78.73,-0.52
07:43:29,"[118.0, 10]","[117.0, 10]","[190.0, 30]","[191.0, 50]",154.0,100,72.0,-0.6
07:43:30,"[117.33, 12]","[114.2, 60]","[164.42, 38]","[296.09, 46]",140.88,156,47.09,-0.08
07:43:31,"[114.33, 18]","[113.56, 18]","[141.0, 18]","[142.0, 24]",127.67,78,26.67,-0.08
07:43:32,"[114.0, 40]","[112.0, 10]","[137.92, 26]","[140.43, 14]",125.96,90,23.92,0.11
07:43:33,"[114.0, 56]","[112.0, 14]","[135.83, 18]","[137.16, 38]",124.92,126,21.83,0.11
07:43:34,"[109.47, 85]","[93.33, 12]","[133.64, 14]","[134.82, 34]",121.56,145,24.17,0.34
07:43:35,"[111.76, 49]","[109.47, 47]","[133.0, 11]","[134.0, 33]",122.38,140,21.24,0.37
07:43:36,"[114.0, 36]","[109.26, 108]","[132.23, 22]","[133.58, 26]",123.11,192,18.23,0.5
07:43:37,"[109.83, 96]","[106.08, 96]","[124.0, 44]","[125.74, 54]",116.92,290,14.17,0.32
07:43:38,"[110.0, 80]","[107.33, 66]","[118.1, 10]","[120.5, 30]",114.05,186,8.1,0.57
07:43:39,"[109.8, 69]","[104.5, 120]","[113.88, 42]","[115.27, 22]",111.84,253,4.08,0.49
07:43:40,"[109.16, 98]","[106.49, 55]","[111.85, 48]","[112.77, 22]",110.51,223,2.69,0.37
07:43:41,"[109.0, 74]","[108.0, 10]","[110.0, 20]","[123.2, 40]",109.5,144,1.0,0.17
07:43:42,"[109.0, 60]","[82.69, 16]","[110.0, 24]","[217.06, 51]",109.5,151,1.0,0.01
07:43:43,"[109.0, 47]","[40.64, 55]","[218.21, 53]","[343.82, 44]",163.6,199,109.21,0.03
07:43:44,"[109.0, 37]","[58.22, 45]","[544.33, 30]","[697.61, 23]",326.67,135,435.33,0.21
07:43:45,"[109.0, 45]","[48.55, 22]","[326.71, 17]","[607.36, 25]",217.85,109,217.71,0.23
07:43:46,"[109.31, 32]","[100.82, 11]","[126.0, 35]","[158.0, 7]",117.66,85,16.69,0.01
07:43:47,"[109.0, 50]","[94.0, 12]","[125.33, 24]","[183.6, 40]",117.17,126,16.33,-0.02
07:43:48,"[109.02, 55]","[96.89, 19]","[122.79, 29]","[255.29, 17]",115.91,120,13.77,0.23
07:43:49,"[114.28, 50]","[110.62, 42]","[118.71, 56]","[120.98, 44]",116.5,192,4.43,-0.04
07:43:50,"[114.33, 42]","[109.36, 28]","[116.62, 26]","[229.3, 56]",115.47,152,2.28,-0.08
07:43:51,"[111.0, 18]","[109.0, 39]","[149.75, 28]","[158.8, 50]",130.38,135,38.75,-0.16
07:43:52,"[111.0, 11]","[109.0, 36]","[153.83, 12]","[163.0, 30]",132.42,89,42.83,0.06
07:43:53,"[114.23, 13]","[109.13, 45]","[152.5, 20]","[229.23, 26]",133.37,104,38.27,0.12
07:43:54,"[113.2, 15]","[108.21, 38]","[151.45, 22]","[252.21, 43]",132.33,118,38.25,-0.1
07:43:55,"[110.0, 20]","[101.08, 24]","[149.12, 16]","[344.0, 8]",129.56,68,39.12,0.29
07:43:56,"[109.0, 40]","[78.53, 17]","[117.4, 47]","[152.84, 19]",113.2,123,8.4,-0.07
07:43:57,"[109.59, 68]","[98.27, 33]","[119.16, 43]","[138.12, 33]",114.38,177,9.57,0.14
07:43:58,"[110.74, 46]","[110.41, 68]","[147.36, 22]","[426.71, 35]",129.05,171,36.62,0.33
07:43:59,"[111.23, 44]","[110.18, 68]","[117.03, 39]","[123.57, 37]",114.13,188,5.8,0.19
07:44:00,"[109.29, 14]","[50.0, 16]","[113.5, 8]","[132.48, 21]",111.39,59,4.21,0.02
07:44:01,"[109.0, 15]","[60.33, 12]","[125.62, 16]","[201.08, 12]",117.31,55,16.62,-0.02
07:44:02,"[111.73, 52]","[83.4, 20]","[176.26, 27]","[388.38, 13]",144.0,112,64.53,0.29
07:44:03,"[113.48, 42]","[112.0, 16]","[274.2, 10]","[578.04, 26]",193.84,94,160.72,0.23
07:44:04,"[117.56, 54]","[113.85, 26]","[257.6, 10]","[431.0, 50]",187.58,140,140.04,0.14
07:44:05,"[118.0, 84]","[114.71, 28]","[209.71, 42]","[372.2, 44]",163.86,198,91.71,0.13
07:44:06,"[118.0, 56]","[115.0, 40]","[182.75, 24]","[368.0, 36]",150.38,156,64.75,0.23
07:44:07,"[118.0, 42]","[116.43, 35]","[197.43, 21]","[402.0, 35]",157.71,133,79.43,0.16
07:44:08,"[118.0, 54]","[117.0, 45]","[195.56, 27]","[404.16, 43]",156.78,169,77.56,0.17
07:44:09,"[118.0, 12]","[117.0, 50]","[193.14, 22]","[303.19, 26]",155.57,110,75.14,0.13
07:44:10,"[117.35, 23]","[116.45, 55]","[187.79, 19]","[189.52, 25]",152.57,122,70.44,0.28
07:44:11,"[117.0, 80]","[115.0, 80]","[183.34, 32]","[185.11, 38]",150.17,230,66.34,0.39
07:44:12,"[117.0, 22]","[115.0, 55]","[179.35, 31]","[180.38, 29]",148.18,137,62.35,0.12
07:44:13,"[117.0, 14]","[115.0, 35]","[136.79, 19]","[145.18, 17]",126.89,85,19.79,0.15
07:44:14,"[117.0, 16]","[115.0, 40]","[133.45, 22]","[134.33, 12]",125.23,90,16.45,0.24
07:44:15,"[117.0, 14]","[115.0, 35]","[125.65, 17]","[127.42, 19]",121.32,85,8.65,0.15
07:44:16,"[117.0, 16]","[115.0, 40]","[119.38, 8]","[121.0, 24]",118.19,88,2.38,0.27
07:44:17,"[115.27, 26]","[114.46, 37]","[117.6, 15]","[118.14, 21]",116.43,99,2.33,0.27
07:44:18,"[115.03, 29]","[114.07, 57]","[117.0, 8]","[118.7, 10]",116.02,104,1.97,0.65
07:44:19,"[114.47, 45]","[113.62, 112]","[116.0, 9]","[125.39, 23]",115.23,189,1.53,0.66
07:44:20,"[114.0, 77]","[111.0, 77]","[153.86, 21]","[213.27, 33]",133.93,208,39.86,0.48
07:44:21,"[114.0, 71]","[111.97, 66]","[284.49, 49]","[452.07, 45]",199.24,231,170.49,0.19
07:44:22,"[114.0, 60]","[112.0, 48]","[191.93, 42]","[354.93, 46]",152.96,196,77.93,0.1
07:44:23,"[114.0, 16]","[112.0, 32]","[316.14, 14]","[641.83, 30]",215.07,92,202.14,0.04
07:44:24,"[112.8, 20]","[111.57, 49]","[213.05, 40]","[223.9, 40]",162.93,149,100.25,-0.07
07:44:25,"[112.24, 41]","[111.24, 83]","[154.0, 40]","[178.98, 51]",133.12,215,41.76,0.15
07:44:26,"[114.0, 11]","[112.0, 44]","[121.16, 38]","[140.39, 31]",117.58,124,7.16,-0.11
07:44:27,"[114.86, 28]","[113.03, 33]","[119.98, 45]","[372.41, 44]",117.42,150,5.12,-0.19
07:44:28,"[115.0, 36]","[114.0, 48]","[117.56, 18]","[119.62, 42]",116.28,144,2.56,0.17
07:44:29,"[114.18, 34]","[112.44, 36]","[115.67, 9]","[194.59, 29]",114.92,108,1.49,0.3
07:44:30,"[113.23, 31]","[111.73, 33]","[321.17, 24]","[514.0, 34]",217.2,122,207.94,0.05
07:44:31,"[112.0, 36]","[111.0, 26]","[187.29, 21]","[212.2, 30]",149.64,113,75.29,0.1
07:44:32,"[111.71, 34]","[109.67, 66]","[149.96, 23]","[240.77, 26]",130.83,149,38.25,0.34
07:44:33,"[116.64, 33]","[114.0, 60]","[120.58, 24]","[235.55, 33]",118.61,150,3.95,0.24
07:44:34,"[118.0, 14]","[111.0, 35]","[119.57, 14]","[289.86, 35]",118.79,98,1.57,0.0
07:44:35,"[118.0, 10]","[111.0, 25]","[119.0, 10]","[259.36, 22]",118.5,67,1.0,0.04
07:44:36,"[110.42, 73]","[109.21, 122]","[153.69, 32]","[323.17, 36]",132.06,263,43.26,0.48
07:44:37,"[109.0, 273]","[71.03, 58]","[135.78, 58]","[228.42, 43]",122.39,432,26.78,0.53
07:44:38,"[109.0, 168]","[89.68, 50]","[184.0, 40]","[185.0, 40]",146.5,298,75.0,0.46
07:44:39,"[109.57, 49]","[108.05, 302]","[183.89, 73]","[271.61, 57]",146.73,481,74.32,0.46
07:44:40,"[110.69, 26]","[109.12, 96]","[181.34, 47]","[182.7, 43]",146.02,212,70.65,0.15
07:44:41,"[110.5, 22]","[109.0, 249]","[180.87, 75]","[182.0, 60]",145.68,406,70.37,0.33
07:44:42,"[109.05, 62]","[104.17, 116]","[179.51, 73]","[181.52, 62]",144.28,313,70.46,0.14
07:44:43,"[112.69, 130]","[105.52, 115]","[176.62, 52]","[178.32, 71]",144.65,368,63.92,0.33
07:44:44,"[117.0, 180]","[110.64, 73]","[172.67, 45]","[174.61, 49]",144.83,347,55.67,0.46
07:44:45,"[117.0, 120]","[114.0, 30]","[170.5, 40]","[173.0, 20]",143.75,210,53.5,0.43
07:44:46,"[117.0, 108]","[114.0, 27]","[167.61, 41]","[168.5, 40]",142.3,216,50.61,0.25
07:44:47,"[117.0, 99]","[114.0, 36]","[163.88, 33]","[165.56, 45]",140.44,213,46.88,0.27
07:44:48,"[117.0, 77]","[114.0, 33]","[161.28, 43]","[161.82, 34]",139.14,187,44.28,0.18
07:44:49,"[117.0, 83]","[114.0, 39]","[154.47, 30]","[160.64, 61]",135.73,213,37.47,0.15
07:44:50,"[117.0, 54]","[114.0, 27]","[130.88, 32]","[134.0, 40]",123.94,153,13.88,0.06
07:44:51,"[113.7, 61]","[107.56, 48]","[128.54, 52]","[129.81, 47]",121.12,208,14.83,0.05
07:44:52,"[117.0, 27]","[109.0, 54]","[127.81, 43]","[128.74, 38]",122.41,162,10.81,0.0
07:44:53,"[117.33, 18]","[111.18, 33]","[125.43, 14]","[127.0, 28]",121.38,93,8.1,0.1
07:44:54,"[118.0, 29]","[117.0, 57]","[122.26, 82]","[123.3, 63]",120.13,231,4.26,-0.26
07:44:55,"[117.33, 18]","[112.54, 70]","[118.69, 13]","[120.3, 37]",118.01,138,1.36,0.28
07:44:56,"[111.21, 85]","[109.47, 55]","[118.0, 32]","[119.0, 8]",114.61,180,6.79,0.56
07:44:57,"[111.0, 75]","[109.0, 44]","[118.0, 32]","[119.0, 8]",114.5,159,7.0,0.5
07:44:58,"[115.41, 71]","[112.98, 57]","[117.48, 29]","[166.74, 39]",116.45,196,2.07,0.31
07:44:59,"[113.74, 31]","[111.44, 59]","[222.16, 19]","[431.43, 42]",167.95,151,108.42,0.19
07:45:00,"[115.33, 27]","[112.89, 18]","[445.0, 31]","[629.5, 32]",280.17,108,329.67,-0.17
07:45:01,"[116.0, 36]","[112.0, 24]","[212.74, 38]","[322.87, 45]",164.37,143,96.74,-0.16
07:45:02,"[117.0, 17]","[112.0, 30]","[137.78, 51]","[158.73, 55]",127.39,153,20.78,-0.39
07:45:03,"[113.57, 21]","[112.0, 20]","[164.86, 21]","[195.0, 39]",139.21,101,51.29,-0.19
07:45:04,"[111.0, 118]","[109.0, 64]","[162.14, 22]","[293.07, 42]",136.57,246,51.14,0.48
07:45:05,"[111.0, 57]","[109.0, 52]","[157.32, 25]","[158.44, 27]",134.16,161,46.32,0.35
07:45:06,"[111.17, 69]","[109.32, 62]","[133.97, 29]","[136.85, 53]",122.57,213,22.79,0.23
07:45:07,"[111.0, 25]","[109.0, 20]","[131.67, 9]","[132.18, 11]",121.33,65,20.67,0.38
07:45:08,"[111.0, 59]","[109.0, 52]","[128.92, 25]","[129.89, 27]",119.96,163,17.92,0.36
07:45:09,"[111.87, 23]","[110.09, 35]","[127.73, 11]","[129.0, 33]",119.8,102,15.86,0.14
07:45:10,"[97.5, 16]","[87.96, 52]","[126.2, 10]","[129.0, 30]",111.85,108,28.7,0.26
07:45:11,"[90.5, 44]","[71.22, 102]","[113.51, 35]","[118.32, 31]",102.01,212,23.01,0.38
07:45:12,"[44.18, 28]","[29.82, 45]","[111.57, 21]","[114.0, 21]",77.88,115,67.39,0.27
07:45:13,"[52.42, 179]","[42.06, 113]","[110.87, 31]","[155.0, 39]",81.64,362,58.45,0.61
07:45:14,"[100.56, 85]","[60.04, 50]","[110.06, 16]","[260.32, 28]",105.31,179,9.5,0.51
07:45:15,"[99.78, 153]","[39.29, 48]","[103.85, 13]","[241.18, 17]",101.81,231,4.07,0.74
07:45:16,"[100.5, 136]","[50.82, 22]","[294.4, 20]","[329.94, 16]",197.45,194,193.9,0.63
07:45:17,"[102.51, 119]","[69.88, 43]","[193.12, 25]","[355.42, 24]",147.82,211,90.61,0.54
07:45:18,"[112.0, 50]","[109.0, 27]","[124.22, 45]","[361.81, 21]",118.11,143,12.22,0.08
07:45:19,"[113.25, 48]","[111.87, 142]","[123.62, 40]","[169.25, 16]",118.44,246,10.38,0.54
07:45:20,"[117.0, 12]","[112.14, 87]","[123.0, 30]","[368.57, 14]",120.0,143,6.0,0.38
07:45:21,"[117.0, 26]","[113.0, 52]","[122.54, 65]","[313.72, 36]",119.77,179,5.54,-0.13
07:45:22,"[114.84, 37]","[112.36, 66]","[121.62, 40]","[193.09, 35]",118.23,178,6.79,0.16
07:45:23,"[115.6, 30]","[114.35, 37]","[120.0, 27]","[122.0, 45]",117.8,139,4.4,-0.04
07:45:24,"[115.2, 30]","[113.48, 63]","[119.62, 29]","[121.51, 43]",117.41,165,4.42,0.13
07:45:25,"[114.0, 51]","[112.0, 88]","[118.27, 45]","[136.63, 49]",116.13,233,4.27,0.19
07:45:26,"[114.92, 26]","[112.48, 21]","[117.78, 23]","[137.1, 31]",116.35,101,2.86,-0.07
07:45:27,"[115.38, 32]","[114.0, 8]","[118.0, 40]","[155.0, 32]",116.69,112,2.62,-0.29
07:45:28,"[115.54, 26]","[112.19, 53]","[116.66, 41]","[180.82, 34]",116.1,154,1.12,0.03
07:45:29,"[112.03, 65]","[111.33, 24]","[184.49, 35]","[307.45, 29]",148.26,153,72.45,0.16
07:45:30,"[112.83, 47]","[111.93, 112]","[187.33, 39]","[351.06, 64]",150.08,262,74.5,0.21
07:45:31,"[114.0, 11]","[112.0, 88]","[176.96, 28]","[284.64, 28]",145.48,155,62.96,0.28
07:45:32,"[114.0, 14]","[112.0, 112]","[188.56, 63]","[191.47, 34]",151.28,223,74.56,0.13
07:45:33,"[114.5, 4]","[112.22, 18]","[171.0, 16]","[187.0, 8]",142.75,46,56.5,-0.04
07:45:34,"[112.48, 25]","[112.2, 10]","[163.33, 27]","[180.88, 16]",137.91,78,50.85,-0.1
07:45:35,"[112.0, 42]","[111.0, 28]","[128.77, 43]","[131.8, 64]",120.38,177,16.77,-0.21
07:45:36,"[112.0, 21]","[111.0, 14]","[125.52, 23]","[128.31, 26]",118.76,84,13.52,-0.17
07:45:37,"[109.75, 60]","[95.48, 33]","[125.0, 50]","[126.0, 20]",117.38,163,15.25,0.14
07:45:38,"[109.0, 72]","[92.75, 8]","[115.5, 40]","[125.19, 31]",112.25,151,6.5,0.06
07:45:39,"[109.16, 88]","[102.0, 18]","[122.93, 44]","[124.46, 26]",116.05,176,13.77,0.2
07:45:40,"[110.91, 88]","[99.32, 65]","[120.54, 26]","[122.0, 65]",115.72,244,9.63,0.25
07:45:41,"[113.0, 72]","[109.0, 84]","[120.0, 24]","[122.0, 60]",116.5,240,7.0,0.3
07:45:42,"[113.0, 15]","[110.09, 11]","[119.8, 10]","[122.0, 25]",116.4,61,6.8,-0.15
07:45:43,"[109.27, 30]","[55.02, 63]","[119.0, 24]","[122.0, 60]",114.13,177,9.73,0.05
07:45:44,"[109.91, 46]","[100.55, 22]","[119.0, 20]","[122.0, 50]",114.46,138,9.09,-0.01
07:45:45,"[110.14, 35]","[109.0, 28]","[117.05, 64]","[139.05, 38]",113.59,165,6.9,-0.24
07:45:46,"[111.88, 40]","[110.17, 12]","[113.41, 59]","[127.13, 47]",112.64,158,1.53,-0.34
07:45:47,"[112.0, 8]","[111.0, 8]","[113.0, 40]","[253.33, 18]",112.5,74,1.0,-0.57
07:45:48,"[109.0, 45]","[101.0, 11]","[111.42, 53]","[123.59, 49]",110.21,158,2.42,-0.29
07:45:49,"[104.89, 18]","[84.11, 18]","[111.58, 48]","[173.24, 33]",108.24,117,6.69,-0.38
07:45:50,"[78.83, 18]","[65.82, 11]","[111.88, 32]","[276.0, 24]",95.35,85,33.04,-0.32
07:45:51,"[79.67, 49]","[58.11, 19]","[110.53, 38]","[412.98, 47]",95.1,153,30.85,-0.11
07:45:52,"[77.0, 88]","[73.27, 11]","[107.4, 20]","[133.61, 41]",92.2,160,30.4,0.24
07:45:53,"[77.0, 64]","[60.5, 18]","[108.92, 26]","[124.3, 30]",92.96,138,31.92,0.19
07:45:54,"[78.2, 80]","[49.86, 14]","[106.82, 38]","[108.12, 32]",92.51,164,28.62,0.15
07:45:55,"[81.0, 64]","[41.88, 8]","[104.14, 28]","[105.57, 28]",92.57,128,23.14,0.12
07:45:56,"[84.32, 22]","[80.09, 22]","[296.0, 12]","[390.6, 20]",190.16,76,211.68,0.16
07:45:57,"[86.57, 88]","[83.39, 41]","[320.03, 32]","[450.72, 29]",203.3,190,233.46,0.36
07:45:58,"[104.84, 103]","[93.85, 95]","[276.67, 27]","[423.44, 32]",190.76,257,171.82,0.54
07:45:59,"[113.23, 142]","[110.49, 117]","[256.73, 15]","[277.31, 39]",184.98,313,143.51,0.65
07:46:00,"[114.09, 53]","[113.12, 68]","[253.25, 8]","[326.5, 14]",183.67,143,139.16,0.69
07:46:01,"[115.76, 42]","[114.56, 36]","[252.0, 6]","[253.0, 12]",183.88,96,136.24,0.62
07:46:02,"[116.17, 35]","[115.49, 37]","[188.0, 14]","[252.0, 7]",152.09,93,71.83,0.55
07:46:03,"[118.0, 88]","[115.06, 62]","[177.0, 23]","[190.38, 26]",147.5,199,59.0,0.51
07:46:04,"[115.67, 42]","[113.17, 131]","[125.15, 52]","[126.0, 36]",120.41,261,9.49,0.33
07:46:05,"[113.97, 66]","[111.74, 43]","[122.07, 29]","[123.57, 14]",118.02,152,8.1,0.43
07:46:06,"[113.0, 60]","[111.0, 42]","[119.11, 18]","[119.57, 21]",116.06,141,6.11,0.45
07:46:07,"[113.0, 90]","[111.0, 63]","[116.38, 21]","[118.36, 33]",114.69,207,3.38,0.48
07:46:08,"[113.0, 59]","[111.0, 70]","[119.38, 16]","[139.93, 29]",116.19,174,6.38,0.48
07:46:09,"[113.0, 72]","[111.0, 126]","[115.5, 36]","[163.72, 36]",114.25,270,2.5,0.47
07:46:10,"[111.65, 62]","[109.91, 77]","[114.0, 22]","[303.25, 24]",112.82,185,2.35,0.5
07:46:11,"[111.0, 21]","[109.0, 21]","[114.0, 6]","[312.0, 6]",112.5,54,3.0,0.56
07:46:12,"[111.0, 63]","[109.0, 63]","[114.0, 11]","[151.22, 27]",112.5,164,3.0,0.54
07:46:13,"[111.0, 63]","[109.0, 63]","[113.89, 9]","[238.96, 25]",112.44,160,2.89,0.57
07:46:14,"[111.0, 105]","[109.0, 137]","[230.62, 21]","[315.03, 35]",170.81,298,119.62,0.62
07:46:15,"[111.33, 84]","[110.16, 57]","[267.92, 25]","[436.55, 31]",189.63,197,156.59,0.43
07:46:16,"[113.69, 78]","[111.0, 91]","[296.1, 20]","[349.85, 27]",204.9,216,182.41,0.56
07:46:17,"[114.05, 126]","[111.93, 108]","[139.62, 16]","[196.21, 29]",126.84,279,25.58,0.68
07:46:18,"[115.0, 48]","[114.0, 30]","[139.0, 10]","[177.89, 18]",127.0,106,24.0,0.47
07:46:19,"[113.65, 77]","[112.88, 75]","[137.65, 17]","[144.0, 34]",125.65,203,24.0,0.5
07:46:20,"[113.0, 60]","[112.0, 70]","[135.6, 10]","[166.4, 20]",124.3,160,22.6,0.62
07:46:21,"[117.77, 176]","[112.8, 70]","[133.29, 34]","[154.88, 24]",125.53,304,15.52,0.62
07:46:22,"[118.0, 101]","[114.87, 60]","[129.95, 19]","[132.36, 33]",123.97,213,11.95,0.51
07:46:23,"[118.0, 77]","[115.0, 88]","[125.2, 15]","[127.21, 29]",121.6,209,7.2,0.58
07:46:24,"[118.0, 73]","[115.0, 44]","[122.78, 23]","[123.29, 21]",120.39,161,4.78,0.45
07:46:25,"[118.0, 45]","[115.0, 82]","[121.8, 15]","[250.95, 57]",119.9,199,3.8,0.28
07:46:26,"[118.0, 34]","[115.0, 91]","[119.22, 37]","[121.96, 49]",118.61,211,1.22,0.18
07:46:27,"[115.41, 86]","[113.83, 46]","[120.71, 49]","[130.19, 62]",118.06,243,5.31,0.09
07:46:28,"[117.41, 51]","[115.0, 44]","[119.0, 33]","[123.14, 42]",118.21,170,1.59,0.12
07:46:29,"[115.43, 14]","[113.29, 49]","[119.0, 24]","[154.8, 20]",117.21,107,3.57,0.18
07:46:30,"[115.0, 13]","[113.0, 88]","[118.88, 24]","[193.0, 32]",116.94,157,3.88,0.29
07:46:31,"[113.06, 70]","[112.58, 38]","[118.0, 30]","[464.25, 32]",115.53,170,4.94,0.27
07:46:32,"[113.0, 35]","[112.0, 10]","[118.0, 15]","[480.0, 20]",115.5,80,5.0,0.12
07:46:33,"[113.0, 63]","[112.0, 18]","[117.44, 27]","[428.44, 18]",115.22,126,4.44,0.29
07:46:34,"[113.0, 42]","[112.0, 12]","[117.0, 18]","[205.56, 18]",115.0,90,4.0,0.2
07:46:35,"[113.0, 77]","[112.0, 22]","[117.0, 33]","[236.26, 38]",115.0,170,4.0,0.16
07:46:36,"[113.0, 70]","[112.0, 20]","[223.42, 33]","[525.07, 30]",168.21,153,110.42,0.18
07:46:37,"[113.48, 31]","[112.47, 15]","[379.0, 20]","[610.67, 12]",246.24,78,265.52,0.18
07:46:38,"[113.0, 14]","[112.0, 4]","[331.33, 6]","[389.5, 8]",222.17,32,218.33,0.12
07:46:39,"[113.0, 42]","[112.0, 12]","[235.77, 13]","[278.18, 22]",174.38,89,122.77,0.21
07:46:40,"[113.1, 59]","[112.3, 23]","[234.67, 27]","[306.59, 34]",173.88,143,121.56,0.15
07:46:41,"[115.0, 27]","[113.0, 63]","[141.36, 33]","[279.13, 30]",128.18,153,26.36,0.18
07:46:42,"[115.0, 18]","[113.0, 42]","[118.77, 13]","[119.88, 17]",116.88,90,3.77,0.33
07:46:43,"[113.6, 70]","[112.78, 63]","[116.12, 40]","[117.05, 40]",114.86,213,2.53,0.25
07:46:44,"[114.18, 51]","[112.92, 76]","[126.77, 39]","[249.33, 30]",120.47,196,12.59,0.3
07:46:45,"[115.29, 21]","[113.25, 48]","[366.77, 13]","[515.47, 30]",241.03,112,251.48,0.23
07:46:46,"[116.0, 10]","[115.0, 10]","[308.0, 9]","[498.5, 8]",212.0,37,192.0,0.08
07:46:47,"[116.0, 20]","[115.0, 20]","[288.95, 19]","[407.55, 11]",202.47,70,172.95,0.14
07:46:48,"[117.25, 12]","[115.0, 25]","[292.0, 18]","[450.0, 9]",204.62,64,174.75,0.16
07:46:49,"[116.71, 14]","[115.76, 50]","[292.0, 20]","[454.12, 16]",204.36,100,175.29,0.28
07:46:50,"[115.0, 21]","[113.0, 40]","[223.71, 17]","[266.22, 18]",169.35,96,108.71,0.27
07:46:51,"[115.0, 13]","[113.0, 52]","[178.69, 26]","[227.15, 13]",146.85,104,63.69,0.25
07:46:52,"[115.0, 8]","[113.0, 32]","[177.75, 16]","[241.0, 8]",146.38,64,62.75,0.25
07:46:53,"[113.5, 12]","[112.18, 66]","[177.0, 24]","[239.0, 18]",145.25,120,63.5,0.3
07:46:54,"[112.03, 31]","[111.04, 162]","[176.6, 10]","[203.14, 14]",144.32,217,64.57,0.78
07:46:55,"[112.0, 65]","[111.0, 338]","[175.44, 18]","[176.76, 21]",143.72,442,63.44,0.82
07:46:56,"[112.0, 14]","[111.0, 156]","[174.0, 18]","[175.0, 12]",143.0,200,62.0,0.7
07:46:57,"[112.0, 10]","[111.0, 224]","[173.54, 26]","[174.5, 24]",142.77,284,61.54,0.65
07:46:58,"[114.14, 7]","[111.03, 115]","[171.8, 15]","[173.8, 20]",142.97,157,57.66,0.55
07:46:59,"[111.32, 150]","[109.21, 116]","[169.53, 30]","[170.56, 25]",140.43,321,58.21,0.66
07:47:00,"[111.0, 216]","[109.0, 183]","[165.7, 10]","[166.69, 13]",138.35,422,54.7,0.89
07:47:01,"[111.0, 312]","[109.01, 233]","[162.04, 25]","[163.07, 14]",136.52,584,51.04,0.87
07:47:02,"[111.0, 216]","[109.02, 129]","[159.0, 9]","[160.0, 18]",135.0,372,48.0,0.85
07:47:03,"[111.22, 222]","[109.94, 357]","[155.92, 25]","[157.24, 21]",133.57,625,44.7,0.85
07:47:04,"[111.0, 345]","[109.0, 315]","[125.22, 32]","[130.36, 25]",118.11,717,14.22,0.84
07:47:05,"[111.0, 306]","[109.0, 315]","[112.41, 17]","[113.3, 43]",111.71,681,1.41,0.82
07:47:06,"[112.67, 172]","[109.16, 280]","[146.36, 22]","[236.61, 44]",129.52,518,33.69,0.75
07:47:07,"[115.0, 84]","[111.0, 28]","[154.0, 14]","[248.0, 21]",134.5,147,39.0,0.52
07:47:08,"[115.0, 120]","[111.0, 40]","[152.4, 20]","[296.6, 30]",133.7,210,37.4,0.52
07:47:09,"[115.0, 120]","[111.93, 120]","[149.9, 20]","[360.59, 32]",132.45,292,34.9,0.64
07:47:10,"[115.0, 84]","[111.93, 120]","[148.46, 13]","[155.71, 17]",131.73,234,33.46,0.74
07:47:11,"[115.0, 112]","[111.0, 56]","[147.71, 14]","[149.0, 28]",131.36,210,32.71,0.6
07:47:12,"[117.3, 157]","[113.09, 43]","[146.33, 15]","[149.0, 30]",131.82,245,29.03,0.63
07:47:13,"[118.0, 187]","[117.0, 11]","[143.94, 17]","[145.38, 16]",130.97,231,25.94,0.71
07:47:14,"[118.0, 218]","[117.0, 13]","[140.43, 14]","[141.52, 25]",129.21,270,22.43,0.71
07:47:15,"[118.0, 196]","[117.0, 14]","[138.57, 21]","[139.71, 21]",128.29,252,20.57,0.67
07:47:16,"[118.0, 126]","[117.0, 9]","[135.44, 9]","[137.0, 18]",126.72,162,17.44,0.67
07:47:17,"[118.0, 196]","[117.0, 14]","[133.33, 24]","[135.4, 20]",125.67,254,15.33,0.65
07:47:18,"[118.0, 260]","[117.0, 13]","[131.3, 20]","[132.33, 21]",124.65,314,13.3,0.74
07:47:19,"[118.0, 180]","[117.0, 9]","[126.53, 17]","[127.23, 13]",122.26,219,8.53,0.73
07:47:20,"[118.0, 250]","[117.0, 13]","[122.9, 21]","[124.05, 21]",120.45,305,4.9,0.72
07:47:21,"[118.0, 106]","[117.0, 6]","[119.67, 9]","[120.5, 12]",118.83,133,1.67,0.68
07:47:22,"[118.0, 146]","[117.0, 9]","[119.88, 16]","[141.8, 20]",118.94,191,1.88,0.62
07:47:23,"[118.0, 148]","[117.0, 10]","[120.0, 20]","[355.62, 16]",119.0,194,2.0,0.63
07:47:24,"[118.0, 96]","[117.0, 11]","[326.79, 28]","[442.62, 32]",222.39,167,208.79,0.28
07:47:25,"[118.0, 63]","[117.0, 9]","[198.0, 36]","[317.89, 36]",158.0,144,80.0,0.0
07:47:26,"[118.0, 70]","[117.0, 10]","[264.5, 40]","[275.13, 31]",191.25,151,146.5,0.06
07:47:27,"[115.46, 101]","[114.22, 69]","[174.89, 36]","[284.0, 36]",145.17,242,59.43,0.4
07:47:28,"[115.19, 109]","[113.97, 35]","[173.43, 28]","[391.43, 28]",144.31,200,58.24,0.44
07:47:29,"[118.0, 63]","[115.0, 153]","[160.56, 36]","[222.78, 36]",139.28,288,42.56,0.5
07:47:30,"[118.0, 86]","[115.0, 172]","[171.29, 55]","[201.21, 56]",144.65,369,53.29,0.4
07:47:31,"[118.0, 54]","[115.0, 54]","[170.18, 28]","[171.49, 35]",144.09,171,52.18,0.26
07:47:32,"[118.0, 77]","[115.0, 78]","[166.0, 50]","[168.2, 41]",142.0,246,48.0,0.26
07:47:33,"[118.0, 65]","[115.0, 78]","[163.0, 45]","[164.59, 46]",140.5,234,45.0,0.22
07:47:34,"[118.0, 40]","[115.0, 96]","[157.48, 56]","[160.83, 48]",137.74,240,39.48,0.13
07:47:35,"[116.12, 24]","[114.8, 90]","[140.04, 51]","[142.07, 41]",128.08,206,23.91,0.11
07:47:36,"[115.0, 53]","[113.0, 39]","[136.18, 51]","[137.7, 53]",125.59,196,21.18,-0.06
07:47:37,"[115.73, 33]","[112.36, 50]","[134.46, 48]","[135.67, 61]",125.09,192,18.73,-0.14
07:47:38,"[116.85, 27]","[114.1, 31]","[132.14, 70]","[134.0, 56]",124.5,184,15.29,-0.37
07:47:39,"[113.98, 45]","[112.83, 12]","[129.21, 47]","[131.06, 50]",121.6,154,15.23,-0.26
07:47:40,"[114.0, 52]","[113.0, 17]","[121.59, 63]","[122.88, 64]",117.79,196,7.59,-0.3
07:47:41,"[113.8, 20]","[112.33, 24]","[115.79, 48]","[116.92, 48]",114.8,140,1.99,-0.37
07:47:42,"[112.03, 31]","[111.08, 48]","[113.25, 24]","[115.0, 60]",112.64,163,1.22,-0.03
07:47:43,"[111.0, 26]","[109.0, 126]","[112.23, 26]","[136.04, 23]",111.62,201,1.23,0.51
07:47:44,"[111.0, 20]","[109.0, 226]","[112.0, 60]","[293.98, 41]",111.5,347,1.0,0.42
07:47:45,"[109.02, 121]","[78.55, 58]","[281.97, 32]","[345.2, 20]",195.49,231,172.95,0.55
07:47:46,"[109.02, 167]","[61.7, 81]","[211.53, 17]","[250.34, 41]",160.27,306,102.51,0.62
07:47:47,"[112.57, 42]","[109.07, 121]","[179.23, 26]","[228.83, 29]",145.9,218,66.66,0.5
07:47:48,"[113.03, 37]","[109.12, 130]","[225.68, 19]","[369.33, 15]",169.36,201,112.66,0.66
07:47:49,"[113.24, 21]","[110.05, 76]","[234.08, 26]","[262.62, 16]",173.66,139,120.84,0.4
07:47:50,"[113.8, 60]","[109.81, 158]","[191.42, 33]","[226.0, 53]",152.61,304,77.62,0.43
07:47:51,"[113.0, 52]","[109.0, 184]","[115.71, 45]","[124.13, 30]",114.36,311,2.71,0.52
07:47:52,"[109.89, 126]","[108.68, 111]","[113.71, 70]","[125.78, 45]",111.8,352,3.83,0.35
07:47:53,"[109.0, 168]","[66.84, 76]","[111.42, 50]","[125.34, 61]",110.21,355,2.42,0.37
07:47:54,"[91.4, 47]","[66.75, 16]","[133.14, 21]","[362.53, 19]",112.27,103,41.74,0.22
07:47:55,"[109.0, 36]","[75.92, 13]","[292.33, 27]","[427.11, 18]",200.67,94,183.33,0.04
07:47:56,"[109.66, 109]","[79.98, 44]","[336.5, 36]","[484.37, 38]",223.08,227,226.84,0.35
07:47:57,"[117.0, 30]","[109.15, 82]","[163.0, 20]","[472.8, 50]",140.0,182,46.0,0.23
07:47:58,"[116.07, 56]","[111.0, 30]","[321.19, 42]","[491.45, 33]",218.63,161,205.12,0.07
07:47:59,"[118.0, 72]","[116.0, 72]","[170.67, 45]","[173.07, 42]",144.33,231,52.67,0.25
07:48:00,"[118.0, 72]","[115.67, 18]","[132.0, 16]","[141.21, 28]",125.0,134,14.0,0.34
07:48:01,"[118.0, 99]","[115.0, 17]","[131.27, 22]","[135.0, 11]",124.64,149,13.27,0.56
07:48:02,"[118.0, 55]","[115.0, 20]","[131.0, 20]","[167.2, 10]",124.5,105,13.0,0.43
07:48:03,"[118.0, 39]","[115.0, 24]","[130.0, 30]","[213.5, 20]",124.0,113,12.0,0.12
07:48:04,"[118.0, 12]","[115.0, 12]","[127.75, 24]","[130.25, 24]",122.88,72,9.75,-0.33
07:48:05,"[118.0, 14]","[115.0, 20]","[126.0, 22]","[196.05, 19]",122.0,75,8.0,-0.09
07:48:06,"[118.0, 56]","[115.0, 28]","[124.64, 28]","[296.08, 39]",121.32,151,6.64,0.11
07:48:07,"[117.35, 46]","[113.02, 53]","[123.0, 28]","[281.48, 31]",120.17,158,5.65,0.25
07:48:08,"[112.5, 60]","[111.47, 75]","[122.73, 30]","[262.5, 36]",117.62,201,10.23,0.34
07:48:09,"[112.0, 40]","[111.0, 32]","[120.87, 15]","[199.57, 14]",116.43,101,8.87,0.43
07:48:10,"[113.04, 25]","[111.78, 32]","[117.91, 22]","[121.0, 11]",115.47,90,4.87,0.27
07:48:11,"[115.0, 10]","[112.0, 50]","[117.94, 16]","[128.82, 11]",116.47,87,2.94,0.38
07:48:12,"[116.93, 28]","[113.93, 15]","[130.21, 14]","[198.5, 20]",123.57,77,13.29,0.12
07:48:13,"[117.37, 19]","[115.5, 8]","[279.62, 16]","[325.58, 19]",198.5,62,162.26,-0.13
07:48:14,"[116.57, 21]","[116.17, 12]","[377.14, 14]","[619.0, 21]",246.86,68,260.57,-0.03
07:48:15,"[112.83, 23]","[109.64, 33]","[352.82, 22]","[547.39, 23]",232.82,101,239.99,0.11
07:48:16,"[111.0, 18]","[109.0, 143]","[520.19, 31]","[562.1, 30]",315.6,222,409.19,0.45
07:48:17,"[109.19, 43]","[102.78, 41]","[522.2, 10]","[524.0, 15]",315.69,109,413.01,0.54
07:48:18,"[109.0, 79]","[92.0, 35]","[335.33, 9]","[522.75, 16]",222.17,139,226.33,0.64
07:48:19,"[109.0, 56]","[89.03, 39]","[176.13, 15]","[260.89, 19]",142.57,129,67.13,0.47
07:48:20,"[109.0, 58]","[63.0, 24]","[173.0, 14]","[174.5, 16]",141.0,112,64.0,0.46
07:48:21,"[109.0, 81]","[104.33, 30]","[169.96, 28]","[171.0, 22]",139.48,161,60.96,0.38
07:48:22,"[109.0, 72]","[78.29, 35]","[167.62, 24]","[170.0, 16]",138.31,147,58.62,0.46
07:48:23,"[109.03, 65]","[94.56, 16]","[165.7, 23]","[167.1, 21]",137.36,125,56.66,0.3
07:48:24,"[109.7, 105]","[98.24, 68]","[161.77, 47]","[163.0, 37]",135.74,257,52.06,0.35
07:48:25,"[118.0, 15]","[109.0, 72]","[158.22, 46]","[159.27, 44]",138.11,177,40.22,-0.02
07:48:26,"[111.44, 36]","[108.78, 63]","[130.17, 48]","[130.83, 48]",120.81,195,18.72,0.02
07:48:27,"[113.03, 31]","[109.59, 34]","[121.79, 28]","[122.79, 38]",117.41,131,8.75,-0.01
07:48:28,"[111.0, 24]","[109.0, 36]","[118.38, 37]","[119.67, 27]",114.69,124,7.38,-0.03
07:48:29,"[112.2, 30]","[109.8, 30]","[116.21, 28]","[117.79, 38]",114.21,126,4.01,-0.05
07:48:30,"[112.71, 42]","[110.45, 33]","[114.0, 41]","[115.35, 34]",113.36,150,1.29,0.0
07:48:31,"[111.0, 18]","[109.0, 27]","[113.0, 18]","[114.0, 27]",112.0,90,2.0,0.0
07:48:32,"[110.69, 16]","[107.55, 22]","[112.67, 12]","[256.11, 18]",111.68,68,1.98,0.12
07:48:33,"[109.0, 29]","[100.32, 44]","[111.07, 14]","[112.31, 16]",110.04,103,2.07,0.42
07:48:34,"[109.0, 7]","[108.0, 14]","[110.15, 13]","[111.29, 7]",109.58,41,1.15,0.02
07:48:35,"[97.11, 19]","[82.8, 30]","[240.35, 26]","[451.97, 30]",168.73,105,143.24,-0.07
07:48:36,"[106.63, 60]","[81.29, 35]","[133.74, 50]","[179.15, 46]",120.19,191,27.11,-0.01
07:48:37,"[101.17, 23]","[61.5, 8]","[107.79, 19]","[147.27, 22]",104.48,72,6.62,-0.14
07:48:38,"[70.65, 34]","[64.0, 8]","[108.0, 15]","[180.0, 24]",89.32,81,37.35,0.04
07:48:39,"[72.86, 56]","[63.0, 10]","[100.0, 28]","[108.0, 14]",86.43,108,27.14,0.22
07:48:40,"[73.8, 40]","[68.6, 10]","[100.0, 20]","[108.0, 10]",86.9,80,26.2,0.25
07:48:41,"[75.0, 32]","[71.0, 8]","[316.29, 14]","[515.23, 13]",195.64,67,241.29,0.19
07:48:42,"[75.0, 64]","[71.0, 16]","[156.92, 26]","[493.37, 30]",115.96,136,81.92,0.18
07:48:43,"[111.28, 86]","[95.67, 24]","[154.78, 36]","[590.71, 28]",133.03,174,43.5,0.26
07:48:44,"[115.0, 121]","[111.0, 22]","[383.29, 42]","[613.21, 38]",249.14,223,268.29,0.28
07:48:45,"[115.0, 132]","[111.0, 24]","[217.79, 38]","[266.62, 42]",166.39,236,102.79,0.32
07:48:46,"[115.59, 54]","[114.67, 48]","[179.4, 15]","[217.33, 18]",147.5,135,63.81,0.51
07:48:47,"[115.74, 86]","[114.83, 92]","[166.09, 23]","[194.77, 31]",140.92,232,50.34,0.53
07:48:48,"[115.06, 63]","[113.13, 30]","[138.38, 26]","[195.43, 28]",126.72,147,23.32,0.27
07:48:49,"[115.0, 80]","[111.0, 20]","[137.0, 34]","[137.62, 26]",126.0,160,22.0,0.25
07:48:50,"[115.0, 21]","[110.88, 16]","[133.75, 16]","[135.85, 26]",124.38,79,18.75,-0.06
