Time,Bid1,Bid2,Ask1,Ask2,Mid-Price,Total_volume,Bid_ask_spread,Order_imbalance
07:30:00,"[0, 0]","[0, 0]","[0, 0]","[0, 0]",0.0,0,0.0,0.0
07:30:01,"[1.0, 3]","[0, 0]","[0, 0]","[0, 0]",0.5,3,-1.0,1.0
07:30:02,"[2.5, 6]","[0, 0]","[0, 0]","[0, 0]",1.25,6,-2.5,1.0
07:30:04,"[79.6, 10]","[33.4, 10]","[128.0, 3]","[0, 0]",103.8,23,48.4,0.74
07:30:05,"[82.4, 5]","[79.6, 5]","[128.0, 2]","[0, 0]",105.2,12,45.6,0.67
07:30:06,"[87.0, 12]","[86.0, 12]","[110.35, 17]","[111.72, 18]",98.68,59,23.35,-0.19
07:30:07,"[88.79, 28]","[86.73, 22]","[107.0, 50]","[109.0, 20]",97.89,120,18.21,-0.17
07:30:08,"[94.75, 40]","[89.79, 39]","[105.59, 27]","[106.26, 61]",100.17,167,10.84,-0.05
07:30:09,"[94.54, 28]","[93.57, 30]","[104.5, 24]","[106.0, 96]",99.52,178,9.96,-0.35
07:30:10,"[95.28, 29]","[88.86, 29]","[103.7, 50]","[142.77, 22]",99.49,130,8.42,-0.11
07:30:11,"[96.1, 100]","[95.0, 30]","[101.5, 10]","[103.0, 50]",98.8,190,5.4,0.37
07:30:12,"[97.03, 72]","[95.98, 41]","[102.95, 41]","[108.19, 37]",99.99,191,5.92,0.18
07:30:13,"[99.94, 80]","[99.21, 81]","[103.0, 80]","[109.0, 56]",101.47,297,3.06,0.08
07:30:14,"[102.0, 120]","[101.0, 36]","[103.0, 44]","[109.0, 48]",102.5,248,1.0,0.26
07:30:15,"[103.1, 49]","[101.06, 31]","[109.0, 36]","[167.33, 18]",106.05,134,5.9,0.19
07:30:16,"[105.9, 50]","[103.51, 35]","[108.97, 37]","[140.67, 21]",107.44,143,3.07,0.19
07:30:17,"[107.0, 33]","[105.0, 45]","[109.0, 36]","[227.14, 14]",108.0,128,2.0,0.22
07:30:18,"[107.83, 36]","[106.09, 33]","[109.0, 32]","[322.5, 16]",108.42,117,1.17,0.18
07:30:19,"[108.0, 50]","[107.0, 30]","[109.0, 40]","[189.24, 17]",108.5,137,1.0,0.17
07:30:20,"[107.27, 37]","[105.24, 51]","[108.53, 38]","[113.18, 33]",107.9,159,1.26,0.11
07:30:21,"[105.67, 18]","[101.92, 26]","[107.86, 28]","[108.84, 38]",106.76,110,2.19,-0.2
07:30:22,"[98.9, 50]","[95.35, 51]","[106.82, 44]","[108.21, 42]",102.86,187,7.92,0.08
07:30:23,"[98.67, 24]","[96.33, 27]","[108.0, 28]","[109.0, 14]",103.33,93,9.33,0.1
07:30:24,"[101.47, 30]","[100.48, 61]","[108.0, 58]","[109.0, 30]",104.73,179,6.53,0.02
07:30:25,"[103.53, 19]","[102.19, 26]","[108.0, 16]","[109.0, 16]",105.76,77,4.47,0.17
07:30:26,"[104.0, 22]","[102.03, 33]","[108.0, 22]","[109.0, 22]",106.0,99,4.0,0.11
07:30:27,"[105.0, 22]","[102.47, 38]","[108.0, 22]","[109.0, 22]",106.5,104,3.0,0.15
07:30:28,"[107.0, 21]","[105.14, 14]","[108.86, 14]","[109.9, 20]",107.93,69,1.86,0.01
07:30:29,"[107.7, 30]","[105.0, 20]","[164.89, 18]","[169.75, 20]",136.29,88,57.19,0.14
07:30:30,"[108.0, 45]","[105.0, 32]","[341.12, 16]","[427.62, 16]",224.56,109,233.12,0.41
07:30:31,"[110.08, 26]","[107.08, 26]","[213.46, 52]","[494.11, 19]",161.77,123,103.38,-0.15
07:30:32,"[106.33, 18]","[104.11, 18]","[323.0, 36]","[464.0, 36]",214.67,108,216.67,-0.33
07:30:33,"[105.0, 24]","[103.33, 18]","[244.0, 36]","[600.89, 36]",174.5,114,139.0,-0.26
07:30:34,"[106.02, 47]","[104.52, 29]","[531.52, 29]","[593.58, 38]",318.77,143,425.5,0.06
07:30:35,"[109.0, 44]","[105.0, 49]","[257.18, 38]","[326.49, 39]",183.09,170,148.18,0.09
07:30:36,"[109.0, 48]","[105.29, 28]","[110.0, 42]","[203.26, 38]",109.5,156,1.0,-0.03
07:30:37,"[109.0, 22]","[105.0, 22]","[110.0, 33]","[259.0, 55]",109.5,132,1.0,-0.33
07:30:38,"[105.44, 18]","[104.11, 18]","[110.0, 27]","[238.43, 44]",107.72,107,4.56,-0.33
07:30:39,"[105.0, 14]","[104.0, 26]","[109.33, 18]","[322.21, 29]",107.17,87,4.33,-0.08
07:30:40,"[105.0, 13]","[104.0, 40]","[108.0, 20]","[109.0, 30]",106.5,103,3.0,0.03
07:30:41,"[106.41, 17]","[104.13, 23]","[108.0, 16]","[109.0, 24]",107.21,80,1.59,0.0
07:30:42,"[107.0, 33]","[105.0, 10]","[108.0, 20]","[109.0, 30]",107.5,93,1.0,-0.08
07:30:43,"[107.0, 23]","[105.0, 13]","[108.0, 26]","[109.0, 39]",107.5,101,1.0,-0.29
07:30:44,"[107.0, 7]","[105.0, 7]","[108.0, 14]","[109.0, 21]",107.5,49,1.0,-0.43
07:30:45,"[107.0, 10]","[105.0, 10]","[108.0, 20]","[109.0, 30]",107.5,70,1.0,-0.43
07:30:46,"[107.0, 7]","[105.0, 7]","[108.0, 14]","[109.0, 21]",107.5,49,1.0,-0.43
07:30:47,"[107.0, 7]","[105.0, 7]","[108.0, 14]","[109.0, 21]",107.5,49,1.0,-0.43
07:30:48,"[107.0, 8]","[105.0, 8]","[108.0, 16]","[109.0, 24]",107.5,56,1.0,-0.43
07:30:49,"[105.0, 9]","[102.12, 75]","[108.0, 18]","[109.0, 27]",106.5,129,3.0,0.3
07:30:50,"[104.0, 8]","[102.0, 96]","[108.0, 20]","[109.0, 24]",106.0,148,4.0,0.41
07:30:51,"[102.62, 16]","[101.87, 45]","[108.0, 36]","[109.0, 18]",105.31,115,5.38,0.06
07:30:52,"[102.0, 88]","[99.45, 22]","[108.3, 46]","[110.45, 40]",105.15,196,6.3,0.12
07:30:53,"[102.54, 111]","[101.36, 84]","[107.93, 69]","[243.54, 69]",105.23,333,5.39,0.17
07:30:54,"[107.0, 24]","[102.12, 48]","[108.0, 96]","[271.08, 48]",107.5,216,1.0,-0.33
07:30:55,"[107.0, 14]","[103.67, 15]","[108.0, 56]","[183.32, 19]",107.5,104,1.0,-0.44
07:30:56,"[107.0, 10]","[103.56, 9]","[108.0, 55]","[419.0, 5]",107.5,79,1.0,-0.52
07:30:57,"[107.0, 20]","[102.1, 40]","[227.31, 13]","[415.36, 25]",167.15,98,120.31,0.22
07:30:58,"[109.86, 28]","[106.05, 38]","[225.62, 29]","[330.8, 20]",167.74,115,115.76,0.15
07:30:59,"[109.3, 47]","[104.6, 104]","[214.93, 43]","[218.54, 52]",162.11,246,105.63,0.23
07:31:00,"[111.0, 10]","[109.0, 40]","[208.72, 25]","[218.0, 40]",159.86,115,97.72,-0.13
07:31:01,"[111.0, 35]","[109.0, 44]","[216.05, 41]","[222.78, 41]",163.52,161,105.05,-0.02
07:31:02,"[111.0, 26]","[109.0, 52]","[218.0, 13]","[219.0, 52]",164.5,143,107.0,0.09
07:31:03,"[111.91, 46]","[110.27, 22]","[195.67, 12]","[240.52, 33]",153.79,113,83.75,0.2
07:31:04,"[112.0, 25]","[111.0, 10]","[163.2, 5]","[165.0, 20]",137.6,60,51.2,0.17
07:31:05,"[111.95, 74]","[110.47, 30]","[161.12, 16]","[256.87, 52]",136.54,172,49.18,0.21
07:31:06,"[112.0, 99]","[111.0, 22]","[156.22, 23]","[291.0, 23]",134.11,167,44.22,0.45
07:31:07,"[112.0, 117]","[111.0, 26]","[153.38, 21]","[154.07, 57]",132.69,221,41.38,0.29
07:31:08,"[112.0, 117]","[111.0, 26]","[149.71, 17]","[150.57, 21]",130.85,181,37.71,0.58
07:31:09,"[112.0, 56]","[111.0, 14]","[147.45, 11]","[147.87, 15]",129.73,96,35.45,0.46
07:31:10,"[112.0, 88]","[111.0, 22]","[143.79, 19]","[146.41, 27]",127.89,156,31.79,0.41
07:31:11,"[112.0, 104]","[111.0, 34]","[141.81, 21]","[142.86, 57]",126.9,216,29.81,0.28
07:31:12,"[112.0, 56]","[111.0, 28]","[136.14, 22]","[137.3, 50]",124.07,156,24.14,0.08
07:31:13,"[112.0, 40]","[111.0, 20]","[130.7, 10]","[133.47, 30]",121.35,100,18.7,0.2
07:31:14,"[111.71, 56]","[110.09, 44]","[118.6, 20]","[127.14, 14]",115.16,134,6.89,0.49
07:31:15,"[111.0, 29]","[109.0, 44]","[112.31, 13]","[120.86, 14]",111.65,100,1.31,0.46
07:31:16,"[109.86, 21]","[108.78, 36]","[112.0, 11]","[177.74, 47]",110.93,115,2.14,-0.01
07:31:17,"[105.0, 119]","[104.0, 65]","[111.15, 13]","[178.94, 64]",108.08,261,6.15,0.41
07:31:18,"[107.13, 75]","[104.69, 81]","[110.62, 13]","[285.29, 34]",108.87,203,3.48,0.54
07:31:19,"[107.08, 48]","[104.57, 83]","[144.55, 22]","[226.83, 46]",125.81,199,37.46,0.32
07:31:20,"[111.0, 20]","[107.0, 20]","[154.63, 38]","[210.1, 49]",132.82,127,43.63,-0.37
07:31:21,"[111.0, 14]","[107.0, 14]","[371.77, 31]","[434.4, 20]",241.39,79,260.77,-0.29
07:31:22,"[111.0, 24]","[107.0, 24]","[218.67, 60]","[327.33, 48]",164.83,156,107.67,-0.38
07:31:23,"[111.87, 31]","[109.86, 14]","[225.0, 32]","[324.68, 31]",168.44,108,113.13,-0.17
07:31:24,"[112.0, 18]","[111.0, 14]","[200.73, 30]","[282.09, 33]",156.37,95,88.73,-0.33
07:31:25,"[111.33, 18]","[108.42, 19]","[180.44, 43]","[217.29, 28]",145.89,108,69.11,-0.31
07:31:26,"[111.0, 10]","[108.0, 15]","[213.0, 20]","[215.0, 10]",162.0,55,102.0,-0.09
07:31:27,"[111.0, 24]","[108.0, 36]","[213.4, 40]","[363.26, 31]",162.2,131,102.4,-0.08
07:31:28,"[111.0, 14]","[108.0, 27]","[187.0, 33]","[230.54, 39]",149.0,113,76.0,-0.27
07:31:29,"[111.0, 7]","[108.0, 21]","[137.3, 10]","[188.4, 20]",124.15,58,26.3,-0.03
07:31:30,"[109.91, 11]","[107.0, 36]","[134.33, 12]","[135.62, 21]",122.12,80,24.42,0.17
07:31:31,"[105.22, 18]","[104.29, 28]","[121.35, 17]","[132.14, 7]",113.29,70,16.13,0.31
07:31:32,"[105.0, 32]","[104.0, 40]","[111.9, 20]","[113.25, 32]",108.45,124,6.9,0.16
07:31:33,"[105.0, 52]","[104.0, 65]","[108.85, 26]","[112.0, 65]",106.92,208,3.85,0.12
07:31:34,"[104.31, 65]","[103.77, 39]","[109.75, 36]","[111.08, 40]",107.03,180,5.44,0.16
07:31:35,"[104.0, 48]","[103.0, 9]","[106.0, 9]","[108.0, 18]",105.0,84,2.0,0.36
07:31:36,"[104.0, 73]","[103.0, 14]","[105.17, 47]","[107.83, 24]",104.59,158,1.17,0.1
07:31:37,"[104.0, 12]","[103.0, 6]","[109.0, 8]","[250.83, 24]",106.5,50,5.0,-0.28
07:31:38,"[104.0, 15]","[103.0, 12]","[230.67, 33]","[344.77, 48]",167.33,108,126.67,-0.5
07:31:39,"[107.36, 25]","[103.13, 15]","[209.8, 15]","[215.0, 75]",158.58,130,102.44,-0.38
07:31:40,"[111.0, 88]","[104.96, 57]","[207.46, 13]","[306.54, 65]",159.23,223,96.46,0.3
07:31:41,"[111.9, 78]","[110.06, 34]","[205.33, 45]","[207.0, 9]",158.62,166,93.44,0.35
07:31:42,"[112.0, 100]","[111.0, 44]","[203.91, 22]","[204.24, 38]",157.95,204,91.91,0.41
07:31:43,"[112.0, 110]","[111.0, 66]","[202.09, 11]","[204.0, 57]",157.05,244,90.09,0.44
07:31:44,"[112.0, 108]","[111.0, 32]","[200.5, 20]","[203.88, 52]",156.25,212,88.5,0.32
07:31:45,"[112.0, 96]","[111.0, 24]","[198.0, 28]","[197.98, 44]",155.0,192,86.0,0.25
07:31:46,"[112.0, 88]","[111.0, 22]","[195.19, 31]","[196.86, 35]",153.6,176,83.19,0.25
07:31:47,"[112.0, 62]","[111.0, 16]","[194.94, 32]","[195.38, 16]",153.47,126,82.94,0.24
07:31:48,"[112.0, 64]","[111.0, 24]","[188.38, 21]","[194.63, 52]",150.19,161,76.38,0.09
07:31:49,"[111.82, 55]","[109.75, 48]","[148.48, 21]","[179.71, 49]",130.15,173,36.66,0.19
07:31:50,"[111.0, 16]","[109.0, 48]","[148.05, 37]","[188.58, 24]",129.53,125,37.05,0.02
07:31:51,"[111.0, 14]","[109.0, 42]","[147.43, 35]","[187.63, 27]",129.21,118,36.43,-0.05
07:31:52,"[111.0, 22]","[109.0, 74]","[146.41, 34]","[147.36, 55]",128.71,185,35.41,0.04
07:31:53,"[109.75, 32]","[108.6, 40]","[144.04, 47]","[145.43, 23]",126.9,142,34.29,0.01
07:31:54,"[109.0, 60]","[105.0, 20]","[141.19, 58]","[142.04, 53]",125.09,191,32.19,-0.16
07:31:55,"[105.5, 72]","[104.49, 55]","[116.67, 42]","[131.67, 42]",111.08,211,11.17,0.2
07:31:56,"[105.0, 99]","[104.0, 44]","[108.48, 63]","[109.33, 55]",106.74,261,3.48,0.1
07:31:57,"[104.81, 42]","[103.95, 42]","[106.96, 56]","[108.04, 91]",105.89,231,2.15,-0.27
07:31:58,"[104.36, 50]","[103.53, 17]","[107.42, 90]","[125.33, 30]",105.89,187,3.06,-0.28
07:31:59,"[105.01, 116]","[103.53, 59]","[116.54, 83]","[183.35, 40]",110.78,298,11.53,0.17
07:32:00,"[105.3, 70]","[103.94, 65]","[216.73, 15]","[397.2, 15]",161.02,165,111.43,0.64
07:32:01,"[107.64, 25]","[104.53, 34]","[216.0, 12]","[540.0, 6]",161.82,77,108.36,0.53
07:32:02,"[111.0, 24]","[107.25, 36]","[358.13, 23]","[472.07, 29]",234.57,112,247.13,0.07
07:32:03,"[111.0, 12]","[108.0, 18]","[179.62, 8]","[497.58, 12]",145.31,50,68.62,0.2
07:32:04,"[108.69, 35]","[105.89, 57]","[137.41, 17]","[255.35, 26]",123.05,135,28.73,0.36
07:32:05,"[108.0, 27]","[106.25, 48]","[109.0, 9]","[390.78, 9]",108.5,93,1.0,0.61
07:32:06,"[108.0, 30]","[106.33, 72]","[109.0, 10]","[303.55, 22]",108.5,134,1.0,0.52
07:32:07,"[108.0, 31]","[107.0, 104]","[109.0, 13]","[351.0, 27]",108.5,175,1.0,0.54
07:32:08,"[109.2, 10]","[107.04, 50]","[139.0, 16]","[179.25, 16]",124.1,92,29.8,0.3
07:32:09,"[107.0, 48]","[105.0, 36]","[125.67, 18]","[223.0, 7]",116.33,109,18.67,0.54
07:32:10,"[107.0, 56]","[105.0, 42]","[121.0, 21]","[281.44, 9]",114.0,128,14.0,0.53
07:32:11,"[107.97, 31]","[105.8, 20]","[121.0, 9]","[602.0, 6]",114.48,66,13.03,0.55
07:32:12,"[109.0, 150]","[107.69, 26]","[127.54, 26]","[396.69, 32]",118.27,234,18.54,0.5
07:32:13,"[109.0, 225]","[108.0, 30]","[201.55, 47]","[294.04, 46]",155.28,348,92.55,0.47
07:32:14,"[109.0, 225]","[108.0, 30]","[199.52, 46]","[383.24, 33]",154.26,334,90.52,0.53
07:32:15,"[109.0, 111]","[108.0, 18]","[189.0, 27]","[263.0, 36]",149.0,192,80.0,0.34
07:32:16,"[109.0, 180]","[108.0, 30]","[247.71, 51]","[324.53, 45]",178.35,306,138.71,0.37
07:32:17,"[109.0, 92]","[108.0, 27]","[321.41, 17]","[408.81, 27]",215.21,163,212.41,0.46
07:32:18,"[109.05, 61]","[108.5, 48]","[296.61, 23]","[534.81, 21]",202.83,153,187.56,0.42
07:32:19,"[109.0, 105]","[108.0, 45]","[279.78, 36]","[343.91, 22]",194.39,208,170.78,0.44
07:32:20,"[109.0, 98]","[108.0, 41]","[221.46, 24]","[239.58, 19]",165.23,182,112.46,0.53
07:32:21,"[109.0, 77]","[108.0, 55]","[160.57, 37]","[188.24, 25]",134.78,194,51.57,0.36
07:32:22,"[109.0, 140]","[108.0, 100]","[117.54, 35]","[118.65, 55]",113.27,330,8.54,0.45
07:32:23,"[108.63, 54]","[107.58, 77]","[110.22, 23]","[111.35, 17]",109.42,171,1.59,0.53
07:32:24,"[108.0, 48]","[107.0, 96]","[109.83, 36]","[247.71, 42]",108.92,222,1.83,0.3
07:32:25,"[108.18, 45]","[106.4, 80]","[170.88, 33]","[225.14, 42]",139.53,200,62.7,0.25
07:32:26,"[111.0, 36]","[107.0, 36]","[221.56, 18]","[313.0, 45]",166.28,135,110.56,0.07
07:32:27,"[111.0, 18]","[107.0, 24]","[219.5, 12]","[306.83, 24]",165.25,78,108.5,0.08
07:32:28,"[106.22, 36]","[104.84, 43]","[185.22, 9]","[203.13, 15]",145.72,103,79.0,0.53
07:32:29,"[105.0, 36]","[104.0, 30]","[183.5, 12]","[185.0, 6]",144.25,84,78.5,0.57
07:32:30,"[107.15, 78]","[104.46, 56]","[180.85, 26]","[185.0, 13]",144.0,173,73.69,0.55
07:32:31,"[109.0, 42]","[105.0, 53]","[179.57, 28]","[185.0, 14]",144.29,137,70.57,0.39
07:32:32,"[109.0, 78]","[105.0, 70]","[153.77, 22]","[157.07, 15]",131.39,185,44.77,0.6
07:32:33,"[109.0, 24]","[105.51, 47]","[131.17, 12]","[132.0, 12]",120.08,95,22.17,0.49
07:32:34,"[107.75, 16]","[105.44, 27]","[129.17, 6]","[131.0, 12]",118.46,61,21.42,0.41
07:32:35,"[108.0, 27]","[105.0, 63]","[128.08, 13]","[160.82, 17]",118.04,120,20.08,0.5
07:32:36,"[109.61, 31]","[106.5, 82]","[128.04, 26]","[163.62, 24]",118.83,163,18.43,0.39
07:32:37,"[107.03, 117]","[105.33, 80]","[125.83, 18]","[126.73, 22]",116.43,237,18.81,0.66
07:32:38,"[107.0, 159]","[105.0, 105]","[119.56, 27]","[121.04, 27]",113.28,318,12.56,0.66
07:32:39,"[107.94, 51]","[106.67, 108]","[115.31, 13]","[117.67, 33]",111.62,205,7.37,0.55
07:32:40,"[107.68, 105]","[106.12, 96]","[110.0, 20]","[255.0, 25]",108.84,246,2.32,0.63
07:32:41,"[109.52, 104]","[107.0, 108]","[113.17, 12]","[355.0, 36]",111.34,260,3.65,0.63
07:32:42,"[110.72, 64]","[107.0, 108]","[112.0, 24]","[116.33, 12]",111.36,208,1.28,0.65
07:32:43,"[111.67, 18]","[107.0, 72]","[143.89, 9]","[508.85, 20]",127.78,119,32.22,0.51
07:32:44,"[112.0, 22]","[107.0, 99]","[137.35, 23]","[346.43, 21]",124.67,165,25.35,0.47
07:32:45,"[107.59, 51]","[106.52, 52]","[311.5, 24]","[433.25, 8]",209.54,135,203.91,0.53
07:32:46,"[110.18, 44]","[106.93, 68]","[425.0, 12]","[541.25, 8]",267.59,132,314.82,0.7
07:32:47,"[111.0, 60]","[107.0, 108]","[388.25, 12]","[482.0, 12]",249.62,192,277.25,0.75
07:32:48,"[107.44, 36]","[106.64, 56]","[353.38, 8]","[468.67, 12]",230.41,112,245.93,0.64
07:32:49,"[107.0, 66]","[106.0, 45]","[216.95, 37]","[300.71, 17]",161.97,165,109.95,0.35
07:32:50,"[107.0, 66]","[106.0, 55]","[280.52, 25]","[310.74, 23]",193.76,169,173.52,0.43
07:32:51,"[107.0, 72]","[106.0, 60]","[258.0, 56]","[330.12, 32]",182.5,220,151.0,0.2
07:32:52,"[107.0, 72]","[106.0, 60]","[173.41, 46]","[327.33, 30]",140.21,208,66.41,0.27
07:32:53,"[109.99, 97]","[107.8, 70]","[171.09, 33]","[454.09, 35]",140.54,235,61.1,0.42
07:32:54,"[109.0, 56]","[107.0, 48]","[169.75, 24]","[440.38, 8]",139.38,136,60.75,0.53
07:32:55,"[109.0, 42]","[107.0, 36]","[128.0, 6]","[169.0, 18]",118.5,102,19.0,0.53
07:32:56,"[109.0, 77]","[108.0, 22]","[167.68, 31]","[423.52, 25]",138.34,155,58.68,0.28
07:32:57,"[109.25, 64]","[108.67, 42]","[166.14, 22]","[244.83, 29]",137.69,157,56.89,0.35
07:32:58,"[109.0, 77]","[108.0, 28]","[162.89, 38]","[164.09, 32]",135.95,175,53.89,0.2
07:32:59,"[108.0, 26]","[107.0, 26]","[159.03, 29]","[160.93, 30]",133.52,111,51.03,-0.06
07:33:00,"[108.45, 22]","[107.45, 22]","[136.88, 16]","[152.26, 27]",122.66,87,28.42,0.01
07:33:01,"[109.94, 17]","[108.62, 26]","[124.12, 34]","[136.48, 27]",117.03,104,14.18,-0.17
07:33:02,"[108.56, 16]","[107.55, 33]","[121.97, 34]","[122.42, 65]",115.27,148,13.41,-0.34
07:33:03,"[108.0, 13]","[107.0, 32]","[120.19, 21]","[121.66, 61]",114.1,127,12.19,-0.29
07:33:04,"[109.57, 44]","[107.2, 30]","[114.96, 27]","[117.13, 23]",112.27,124,5.39,0.19
07:33:05,"[108.93, 29]","[107.14, 28]","[111.07, 14]","[113.25, 20]",110.0,91,2.14,0.25
07:33:06,"[108.0, 7]","[107.0, 14]","[109.0, 7]","[110.0, 7]",108.5,35,1.0,0.2
07:33:07,"[107.33, 9]","[106.33, 18]","[108.67, 6]","[110.0, 6]",108.0,39,1.33,0.38
07:33:08,"[107.0, 22]","[106.0, 44]","[108.0, 11]","[110.0, 11]",107.5,88,1.0,0.5
07:33:09,"[106.02, 45]","[105.11, 37]","[109.83, 12]","[582.68, 34]",107.93,128,3.81,0.28
07:33:10,"[106.0, 44]","[105.0, 33]","[108.18, 55]","[110.0, 11]",107.09,143,2.18,0.08
07:33:11,"[106.0, 44]","[105.0, 33]","[107.55, 51]","[110.45, 11]",106.77,139,1.55,0.11
07:33:12,"[106.85, 54]","[105.43, 28]","[112.0, 11]","[156.94, 31]",109.43,124,5.15,0.32
07:33:13,"[108.0, 32]","[107.0, 16]","[115.0, 8]","[296.62, 40]",111.5,96,7.0,0.0
07:33:14,"[108.0, 40]","[107.0, 20]","[259.77, 22]","[325.89, 28]",183.89,110,151.77,0.09
07:33:15,"[108.0, 40]","[107.0, 20]","[282.7, 23]","[284.02, 46]",195.35,129,174.7,-0.07
07:33:16,"[108.0, 52]","[107.0, 26]","[164.94, 17]","[280.03, 62]",136.47,157,56.94,-0.01
07:33:17,"[108.97, 142]","[108.39, 72]","[115.96, 53]","[134.62, 16]",112.47,283,6.99,0.51
07:33:18,"[109.08, 210]","[108.59, 97]","[114.31, 32]","[115.07, 57]",111.69,396,5.24,0.55
07:33:19,"[109.0, 132]","[108.0, 24]","[112.33, 27]","[114.33, 15]",110.67,198,3.33,0.58
07:33:20,"[109.0, 228]","[108.0, 44]","[110.64, 55]","[177.82, 22]",109.82,349,1.64,0.56
07:33:21,"[110.06, 68]","[108.95, 88]","[348.0, 16]","[447.75, 8]",229.03,180,237.94,0.73
07:33:22,"[111.7, 54]","[109.0, 84]","[348.57, 14]","[604.14, 7]",230.14,159,236.87,0.74
07:33:23,"[112.0, 49]","[109.0, 84]","[206.5, 8]","[289.33, 12]",159.25,153,94.5,0.74
07:33:24,"[112.0, 49]","[109.0, 84]","[141.0, 14]","[402.29, 7]",126.5,154,29.0,0.73
07:33:25,"[112.0, 35]","[109.0, 60]","[140.4, 10]","[213.5, 8]",126.2,113,28.4,0.68
07:33:26,"[112.0, 42]","[109.0, 78]","[140.0, 12]","[216.0, 12]",126.0,144,28.0,0.67
07:33:27,"[112.0, 70]","[109.0, 159]","[140.0, 20]","[216.0, 20]",126.0,269,28.0,0.7
07:33:28,"[112.0, 56]","[109.0, 120]","[139.62, 16]","[216.0, 16]",125.81,208,27.62,0.69
07:33:29,"[112.0, 56]","[109.0, 28]","[135.78, 18]","[196.5, 16]",123.89,118,23.78,0.42
07:33:30,"[112.0, 112]","[109.0, 80]","[133.92, 39]","[164.56, 32]",122.96,263,21.92,0.46
07:33:31,"[112.0, 75]","[109.0, 65]","[133.08, 39]","[137.0, 26]",122.54,205,21.08,0.37
07:33:32,"[112.0, 26]","[109.62, 29]","[132.11, 27]","[133.21, 38]",122.06,120,20.11,-0.08
07:33:33,"[112.0, 26]","[111.0, 13]","[129.03, 37]","[130.36, 28]",120.51,104,17.03,-0.25
07:33:34,"[112.0, 10]","[111.0, 7]","[127.79, 19]","[129.25, 16]",119.89,52,15.79,-0.35
07:33:35,"[112.0, 2]","[111.0, 2]","[126.4, 5]","[127.6, 5]",119.2,14,14.4,-0.43
07:33:36,"[112.0, 16]","[111.0, 16]","[123.17, 53]","[123.63, 54]",117.58,139,11.17,-0.54
07:33:37,"[109.16, 55]","[108.26, 35]","[117.49, 37]","[119.0, 42]",113.33,169,8.32,0.07
07:33:38,"[109.0, 36]","[108.0, 48]","[115.56, 41]","[116.71, 56]",112.28,181,6.56,-0.07
07:33:39,"[108.38, 32]","[107.83, 29]","[112.68, 38]","[114.3, 40]",110.53,139,4.31,-0.12
07:33:40,"[107.93, 56]","[106.94, 36]","[110.25, 48]","[113.11, 76]",109.09,216,2.32,-0.15
07:33:41,"[104.8, 45]","[103.96, 47]","[107.94, 52]","[110.2, 25]",106.37,169,3.14,0.09
07:33:42,"[104.0, 47]","[102.0, 9]","[178.81, 27]","[232.67, 21]",141.41,104,74.81,0.08
07:33:43,"[104.33, 18]","[103.29, 14]","[301.75, 16]","[375.0, 6]",203.04,54,197.42,0.19
07:33:44,"[104.89, 27]","[103.92, 25]","[168.71, 14]","[424.55, 11]",136.8,77,63.83,0.35
07:33:45,"[103.68, 41]","[98.46, 24]","[206.53, 19]","[238.0, 11]",155.1,95,102.84,0.37
07:33:46,"[103.0, 24]","[102.0, 3]","[227.5, 4]","[283.2, 5]",165.25,36,124.5,0.5
07:33:47,"[104.0, 64]","[102.0, 8]","[161.23, 22]","[296.0, 14]",132.61,108,57.23,0.33
07:33:48,"[104.27, 22]","[103.92, 50]","[107.0, 40]","[408.38, 16]",105.64,128,2.73,0.12
07:33:49,"[105.0, 11]","[104.0, 88]","[107.0, 55]","[469.0, 11]",106.0,165,2.0,0.2
07:33:50,"[105.09, 11]","[104.01, 81]","[107.0, 51]","[109.0, 33]",106.05,176,1.91,0.05
07:33:51,"[104.38, 16]","[103.92, 50]","[107.0, 24]","[109.0, 24]",105.69,114,2.62,0.16
07:33:52,"[104.0, 55]","[102.0, 11]","[106.94, 32]","[108.82, 33]",105.47,131,2.94,0.01
07:33:53,"[104.11, 28]","[103.5, 20]","[106.0, 16]","[107.0, 24]",105.05,88,1.89,0.09
07:33:54,"[104.12, 42]","[99.29, 48]","[105.94, 18]","[106.97, 37]",105.03,145,1.83,0.24
07:33:55,"[104.0, 27]","[95.5, 24]","[106.9, 10]","[122.81, 16]",105.45,77,2.9,0.32
07:33:56,"[104.89, 27]","[103.74, 38]","[210.74, 19]","[424.85, 27]",157.81,111,105.85,0.17
07:33:57,"[109.0, 11]","[105.0, 16]","[324.0, 8]","[388.64, 11]",216.5,46,215.0,0.17
07:33:58,"[109.0, 8]","[105.0, 16]","[322.5, 8]","[414.36, 14]",215.75,46,213.5,0.04
07:33:59,"[109.0, 9]","[105.0, 18]","[239.08, 12]","[369.62, 21]",174.04,60,130.08,-0.1
07:34:00,"[110.85, 26]","[107.67, 12]","[270.7, 10]","[319.3, 10]",190.77,58,159.85,0.31
07:34:01,"[111.0, 40]","[109.0, 14]","[216.21, 14]","[258.29, 14]",163.61,82,105.21,0.32
07:34:02,"[111.0, 10]","[109.0, 10]","[175.0, 10]","[176.6, 10]",143.0,40,64.0,0.0
07:34:03,"[110.0, 12]","[107.85, 13]","[171.91, 11]","[173.09, 11]",140.95,47,61.91,0.06
07:34:04,"[105.97, 39]","[104.25, 40]","[108.43, 21]","[114.0, 39]",107.2,139,2.45,0.14
07:34:05,"[107.0, 26]","[105.0, 18]","[108.55, 11]","[136.0, 28]",107.77,83,1.55,0.06
07:34:06,"[107.29, 21]","[105.22, 18]","[110.0, 30]","[208.87, 30]",108.64,99,2.71,-0.21
07:34:07,"[108.0, 24]","[107.0, 8]","[110.0, 24]","[225.23, 26]",109.0,82,2.0,-0.22
07:34:08,"[108.0, 36]","[107.0, 12]","[110.0, 24]","[250.67, 36]",109.0,108,2.0,-0.11
07:34:09,"[108.0, 27]","[107.0, 9]","[110.0, 18]","[295.44, 36]",109.0,90,2.0,-0.2
07:34:10,"[108.0, 39]","[107.0, 13]","[118.0, 25]","[334.38, 34]",113.0,111,10.0,-0.06
07:34:11,"[108.47, 51]","[107.73, 33]","[193.41, 17]","[380.1, 20]",150.94,121,84.94,0.39
07:34:12,"[108.0, 12]","[107.0, 4]","[110.0, 4]","[227.0, 6]",109.0,26,2.0,0.23
07:34:13,"[108.0, 24]","[107.0, 8]","[109.0, 16]","[110.0, 8]",108.5,56,1.0,0.14
07:34:14,"[107.56, 16]","[105.13, 45]","[108.41, 34]","[192.07, 15]",107.99,110,0.85,0.11
07:34:15,"[105.03, 67]","[104.06, 105]","[107.9, 20]","[287.94, 17]",106.46,209,2.87,0.65
07:34:16,"[105.0, 62]","[104.0, 117]","[106.07, 43]","[107.16, 19]",105.53,241,1.07,0.49
07:34:17,"[105.0, 79]","[104.0, 108]","[106.0, 48]","[107.0, 19]",105.5,254,1.0,0.47
07:34:18,"[104.86, 63]","[103.89, 114]","[106.09, 33]","[291.26, 19]",105.47,229,1.23,0.55
07:34:19,"[105.24, 95]","[104.0, 72]","[107.0, 8]","[289.0, 24]",106.12,199,1.76,0.68
07:34:20,"[106.0, 75]","[104.0, 81]","[107.0, 9]","[234.33, 27]",106.5,192,1.0,0.62
07:34:21,"[105.36, 67]","[103.09, 90]","[123.2, 40]","[199.26, 35]",114.28,232,17.84,0.35
07:34:22,"[110.0, 14]","[109.0, 11]","[125.0, 33]","[316.0, 17]",117.5,75,15.0,-0.33
07:34:23,"[110.75, 12]","[109.0, 12]","[121.36, 22]","[135.18, 38]",116.06,84,10.61,-0.43
07:34:24,"[110.76, 17]","[107.3, 66]","[118.51, 41]","[120.1, 61]",114.64,185,7.75,-0.1
07:34:25,"[109.0, 12]","[107.0, 96]","[115.58, 52]","[116.3, 20]",112.29,180,6.58,0.2
07:34:26,"[109.0, 9]","[107.0, 72]","[113.31, 13]","[114.02, 41]",111.15,135,4.31,0.2
07:34:27,"[109.0, 10]","[107.0, 80]","[110.33, 42]","[113.11, 18]",109.67,150,1.33,0.2
07:34:28,"[106.85, 39]","[105.32, 65]","[108.86, 51]","[110.67, 15]",107.85,170,2.02,0.22
07:34:29,"[106.0, 30]","[105.0, 121]","[107.53, 19]","[124.41, 49]",106.76,219,1.53,0.38
07:34:30,"[105.01, 165]","[104.08, 130]","[106.34, 32]","[167.75, 36]",105.68,363,1.33,0.63
07:34:31,"[105.0, 72]","[104.0, 63]","[106.0, 35]","[339.6, 20]",105.5,190,1.0,0.42
07:34:32,"[105.0, 54]","[104.0, 84]","[170.46, 13]","[535.52, 25]",137.73,176,65.46,0.57
07:34:33,"[105.0, 40]","[104.0, 70]","[233.0, 35]","[388.33, 30]",169.0,175,128.0,0.26
07:34:34,"[105.0, 40]","[104.0, 70]","[370.64, 28]","[457.13, 23]",237.82,161,265.64,0.37
07:34:35,"[105.0, 16]","[104.0, 42]","[535.14, 14]","[612.2, 10]",320.07,82,430.14,0.41
07:34:36,"[106.0, 12]","[104.1, 39]","[466.14, 7]","[623.0, 21]",286.07,79,360.14,0.29
07:34:37,"[111.0, 9]","[109.0, 18]","[180.9, 21]","[542.84, 19]",145.95,67,69.9,-0.19
07:34:38,"[111.0, 10]","[109.0, 20]","[158.06, 35]","[226.11, 19]",134.53,84,47.06,-0.29
07:34:39,"[109.15, 13]","[106.81, 32]","[358.82, 11]","[461.44, 36]",233.99,92,249.66,-0.02
07:34:40,"[106.65, 17]","[104.26, 35]","[211.0, 12]","[435.62, 21]",158.82,85,104.35,0.22
07:34:41,"[109.2, 15]","[108.8, 20]","[345.23, 13]","[662.11, 19]",227.22,67,236.03,0.04
07:34:42,"[109.0, 53]","[108.0, 9]","[159.13, 23]","[286.12, 32]",134.07,117,50.13,0.06
07:34:43,"[109.83, 87]","[108.94, 48]","[129.08, 12]","[131.0, 48]",119.46,195,19.26,0.38
07:34:44,"[110.0, 64]","[109.0, 40]","[128.0, 8]","[131.0, 32]",119.0,144,18.0,0.44
07:34:45,"[110.74, 94]","[109.0, 65]","[127.31, 13]","[132.26, 43]",119.03,215,16.56,0.48
07:34:46,"[111.5, 24]","[109.0, 40]","[126.0, 8]","[138.71, 14]",118.75,86,14.5,0.49
07:34:47,"[112.0, 24]","[109.0, 40]","[125.25, 8]","[149.0, 8]",118.62,80,13.25,0.6
07:34:48,"[112.0, 21]","[109.0, 45]","[124.67, 9]","[184.11, 9]",118.33,84,12.67,0.57
07:34:49,"[111.1, 20]","[108.95, 37]","[123.67, 9]","[465.0, 9]",117.38,75,12.57,0.52
07:34:50,"[109.0, 33]","[108.0, 11]","[122.18, 11]","[212.3, 23]",115.59,78,13.18,0.13
07:34:51,"[110.14, 7]","[108.92, 13]","[122.0, 5]","[403.0, 15]",116.07,40,11.86,0.0
07:34:52,"[111.0, 8]","[109.0, 24]","[121.2, 20]","[395.38, 16]",116.1,68,10.2,-0.06
07:34:53,"[108.84, 25]","[107.47, 15]","[115.26, 38]","[120.0, 32]",112.05,110,6.42,-0.27
07:34:54,"[107.58, 19]","[105.96, 46]","[109.67, 49]","[117.45, 44]",108.63,158,2.09,-0.18
07:34:55,"[105.53, 57]","[104.81, 74]","[108.62, 39]","[110.47, 51]",107.07,221,3.09,0.19
07:34:56,"[105.0, 60]","[104.0, 20]","[106.15, 39]","[108.4, 30]",105.58,149,1.15,0.07
07:34:57,"[105.0, 42]","[104.0, 18]","[106.0, 35]","[109.33, 27]",105.5,122,1.0,-0.02
07:34:58,"[104.31, 29]","[91.49, 70]","[106.0, 39]","[110.69, 39]",105.16,177,1.69,0.12
07:34:59,"[104.0, 8]","[102.0, 20]","[106.0, 11]","[107.0, 15]",105.0,54,2.0,0.04
07:35:00,"[104.94, 47]","[102.98, 43]","[109.6, 25]","[268.27, 33]",107.27,148,4.66,0.22
07:35:01,"[105.11, 122]","[104.67, 27]","[184.77, 22]","[414.92, 26]",144.94,197,79.66,0.51
07:35:02,"[111.0, 40]","[106.2, 100]","[261.05, 19]","[414.0, 16]",186.03,175,150.05,0.6
07:35:03,"[108.36, 78]","[107.1, 100]","[349.07, 54]","[350.17, 24]",228.72,256,240.72,0.39
07:35:04,"[108.52, 62]","[107.45, 98]","[238.55, 33]","[271.72, 29]",173.53,222,130.03,0.44
07:35:05,"[108.0, 34]","[105.0, 36]","[109.0, 6]","[110.0, 6]",108.5,82,1.0,0.71
07:35:06,"[108.0, 43]","[105.0, 84]","[109.14, 14]","[141.43, 14]",108.57,155,1.14,0.64
07:35:07,"[105.39, 23]","[104.78, 23]","[109.0, 8]","[326.0, 11]",107.2,65,3.61,0.42
07:35:08,"[105.0, 28]","[104.0, 7]","[109.0, 7]","[358.0, 14]",107.0,56,4.0,0.25
07:35:09,"[105.0, 20]","[103.5, 8]","[109.0, 5]","[270.75, 8]",107.0,41,4.0,0.37
07:35:10,"[105.36, 44]","[104.17, 48]","[187.62, 13]","[449.22, 18]",146.49,123,82.25,0.5
07:35:11,"[109.0, 12]","[105.0, 24]","[235.17, 12]","[278.17, 6]",172.08,54,126.17,0.33
07:35:12,"[109.0, 4]","[105.0, 8]","[235.0, 4]","[246.0, 2]",172.0,18,126.0,0.33
07:35:13,"[109.0, 29]","[105.0, 40]","[212.38, 26]","[216.4, 30]",160.69,125,103.38,0.1
07:35:14,"[109.0, 65]","[105.57, 28]","[203.62, 26]","[341.78, 18]",156.31,137,94.62,0.36
07:35:15,"[109.0, 45]","[107.0, 9]","[127.0, 18]","[210.0, 18]",118.0,90,18.0,0.2
07:35:16,"[109.0, 75]","[107.0, 15]","[122.48, 25]","[200.06, 36]",115.74,151,13.48,0.19
07:35:17,"[109.0, 40]","[107.0, 8]","[123.2, 15]","[232.85, 27]",116.1,90,14.2,0.07
07:35:18,"[110.33, 30]","[108.85, 27]","[124.0, 14]","[260.8, 20]",117.17,91,13.67,0.25
07:35:19,"[111.0, 32]","[109.0, 40]","[124.0, 16]","[270.78, 27]",117.5,115,13.0,0.25
07:35:20,"[109.15, 40]","[107.29, 17]","[124.0, 18]","[173.0, 27]",116.58,102,14.85,0.12
07:35:21,"[107.47, 17]","[106.08, 49]","[124.0, 26]","[221.41, 39]",115.74,131,16.53,0.01
07:35:22,"[109.28, 36]","[105.93, 28]","[123.0, 22]","[328.67, 27]",116.14,113,13.72,0.13
07:35:23,"[111.0, 24]","[105.47, 68]","[120.36, 28]","[147.53, 51]",115.68,171,9.36,0.08
07:35:24,"[111.0, 24]","[105.84, 38]","[119.13, 45]","[141.23, 26]",115.07,133,8.13,-0.07
07:35:25,"[111.43, 42]","[109.67, 18]","[115.58, 57]","[117.19, 48]",113.5,165,4.15,-0.27
07:35:26,"[112.0, 36]","[111.0, 12]","[114.0, 24]","[116.0, 18]",113.0,90,2.0,0.07
07:35:27,"[111.52, 42]","[109.0, 25]","[112.95, 37]","[157.12, 48]",112.23,152,1.42,-0.12
07:35:28,"[107.29, 42]","[105.02, 93]","[110.97, 37]","[112.4, 45]",109.13,217,3.69,0.24
07:35:29,"[109.0, 114]","[106.0, 13]","[110.0, 26]","[112.0, 39]",109.5,192,1.0,0.32
07:35:30,"[107.11, 19]","[104.82, 39]","[110.0, 14]","[181.82, 22]",108.55,94,2.89,0.23
07:35:31,"[105.0, 60]","[104.0, 90]","[110.0, 20]","[409.0, 23]",107.5,193,5.0,0.55
07:35:32,"[105.06, 64]","[104.12, 102]","[110.0, 24]","[343.17, 30]",107.53,220,4.94,0.51
07:35:33,"[106.55, 22]","[105.0, 51]","[110.0, 22]","[224.19, 32]",108.27,127,3.45,0.15
07:35:34,"[107.62, 26]","[105.73, 33]","[110.0, 26]","[329.92, 39]",108.81,124,2.38,-0.05
07:35:35,"[108.0, 18]","[107.0, 18]","[110.0, 18]","[233.38, 24]",109.0,78,2.0,-0.08
07:35:36,"[108.0, 20]","[105.62, 26]","[110.0, 20]","[458.8, 20]",109.0,86,2.0,0.07
07:35:37,"[108.0, 18]","[107.0, 22]","[110.0, 18]","[368.0, 9]",109.0,67,2.0,0.19
07:35:38,"[108.0, 16]","[107.0, 8]","[110.0, 16]","[368.0, 8]",109.0,48,2.0,0.0
07:35:39,"[104.87, 46]","[104.18, 17]","[110.0, 18]","[170.35, 17]",107.43,98,5.13,0.29
07:35:40,"[104.24, 84]","[103.56, 48]","[109.6, 20]","[115.4, 20]",106.92,172,5.36,0.53
07:35:41,"[104.13, 62]","[103.71, 51]","[108.78, 18]","[110.0, 18]",106.45,149,4.65,0.52
07:35:42,"[104.12, 51]","[102.62, 87]","[107.0, 18]","[110.0, 18]",105.56,174,2.88,0.59
07:35:43,"[104.0, 42]","[102.0, 53]","[108.5, 12]","[228.8, 15]",106.25,122,4.5,0.56
07:35:44,"[104.0, 50]","[102.0, 78]","[110.0, 20]","[582.52, 29]",107.0,177,6.0,0.45
07:35:45,"[104.0, 10]","[102.0, 20]","[110.0, 4]","[633.0, 8]",107.0,42,6.0,0.43
07:35:46,"[104.0, 35]","[102.0, 70]","[110.0, 14]","[338.14, 28]",107.0,147,6.0,0.43
07:35:47,"[104.0, 28]","[102.0, 80]","[109.6, 20]","[167.0, 10]",106.8,138,5.6,0.57
07:35:48,"[104.0, 11]","[102.04, 94]","[107.27, 44]","[110.82, 22]",105.64,171,3.27,0.23
07:35:49,"[105.09, 33]","[102.46, 35]","[109.33, 39]","[147.15, 26]",107.21,133,4.24,0.02
07:35:50,"[106.43, 42]","[105.82, 56]","[109.27, 56]","[110.5, 24]",107.85,178,2.84,0.1
07:35:51,"[106.3, 43]","[105.71, 35]","[108.78, 37]","[257.84, 19]",107.54,134,2.48,0.16
07:35:52,"[106.03, 62]","[105.09, 22]","[109.18, 28]","[381.56, 18]",107.61,130,3.15,0.29
07:35:53,"[104.6, 60]","[102.11, 57]","[108.11, 18]","[148.0, 15]",106.36,150,3.51,0.56
07:35:54,"[104.07, 30]","[102.56, 50]","[107.57, 7]","[110.0, 6]",105.82,93,3.5,0.72
07:35:55,"[105.0, 16]","[104.0, 70]","[107.0, 10]","[110.0, 10]",106.0,106,2.0,0.62
07:35:56,"[105.0, 8]","[104.0, 56]","[107.0, 8]","[110.0, 8]",106.0,80,2.0,0.6
07:35:57,"[104.15, 41]","[102.97, 87]","[105.7, 30]","[107.82, 11]",104.92,169,1.55,0.51
07:35:58,"[104.0, 36]","[102.0, 63]","[106.14, 21]","[109.12, 17]",105.07,137,2.14,0.45
07:35:59,"[102.06, 93]","[100.95, 19]","[109.0, 29]","[176.58, 19]",105.53,160,6.94,0.4
07:36:00,"[102.24, 59]","[101.57, 23]","[109.0, 21]","[209.74, 31]",105.62,134,6.76,0.22
07:36:01,"[104.64, 98]","[102.52, 134]","[241.4, 48]","[309.38, 63]",173.02,343,136.75,0.35
07:36:02,"[109.0, 46]","[104.0, 112]","[131.0, 24]","[132.0, 32]",120.0,214,22.0,0.48
07:36:03,"[109.0, 45]","[104.8, 70]","[130.0, 27]","[132.0, 36]",119.5,178,21.0,0.29
07:36:04,"[107.8, 40]","[104.7, 80]","[128.73, 33]","[268.44, 36]",118.26,189,20.93,0.27
07:36:05,"[105.0, 24]","[104.0, 48]","[128.0, 18]","[229.0, 24]",116.5,114,23.0,0.26
07:36:06,"[106.5, 28]","[104.86, 35]","[128.0, 24]","[204.0, 37]",117.25,124,21.5,0.02
07:36:07,"[109.33, 36]","[108.0, 36]","[126.9, 20]","[181.17, 36]",118.12,128,17.57,0.12
07:36:08,"[110.0, 27]","[109.0, 54]","[117.14, 21]","[122.33, 27]",113.57,129,7.14,0.26
07:36:09,"[110.67, 27]","[109.0, 54]","[113.86, 21]","[115.0, 35]",112.26,137,3.19,0.18
07:36:10,"[109.73, 56]","[108.07, 90]","[113.35, 26]","[209.58, 48]",111.54,220,3.61,0.33
07:36:11,"[109.0, 72]","[107.0, 84]","[113.0, 36]","[404.2, 41]",111.0,233,4.0,0.34
07:36:12,"[107.82, 68]","[106.59, 79]","[112.23, 39]","[520.57, 47]",110.03,233,4.41,0.26
07:36:13,"[108.0, 96]","[107.0, 84]","[109.92, 36]","[221.25, 36]",108.96,252,1.92,0.43
07:36:14,"[108.0, 53]","[107.0, 49]","[109.0, 21]","[124.71, 21]",108.5,144,1.0,0.42
07:36:15,"[107.57, 81]","[106.56, 90]","[273.57, 47]","[376.67, 45]",190.57,263,166.01,0.3
07:36:16,"[107.14, 116]","[104.42, 170]","[181.81, 59]","[344.19, 57]",144.48,402,74.68,0.42
07:36:17,"[111.0, 60]","[108.26, 57]","[143.81, 64]","[144.73, 64]",127.41,245,32.81,-0.04
07:36:18,"[111.0, 32]","[109.0, 24]","[132.62, 32]","[136.0, 40]",121.81,128,21.62,-0.12
07:36:19,"[111.0, 43]","[109.0, 30]","[131.0, 24]","[132.95, 42]",121.0,139,20.0,0.05
07:36:20,"[111.0, 50]","[109.0, 30]","[130.0, 20]","[132.0, 40]",120.5,140,19.0,0.14
07:36:21,"[111.0, 59]","[109.0, 39]","[128.46, 50]","[130.11, 38]",119.73,186,17.46,0.05
07:36:22,"[111.0, 40]","[109.0, 30]","[124.47, 47]","[125.57, 23]",117.73,140,13.47,0.0
07:36:23,"[111.0, 48]","[109.0, 45]","[123.25, 60]","[123.89, 45]",117.12,198,12.25,-0.06
07:36:24,"[111.0, 21]","[109.0, 30]","[121.45, 22]","[122.91, 47]",116.23,120,10.45,-0.15
07:36:25,"[109.5, 40]","[107.67, 45]","[119.18, 65]","[119.96, 54]",114.34,204,9.68,-0.17
07:36:26,"[110.1, 29]","[106.5, 28]","[116.47, 30]","[118.43, 35]",113.29,122,6.36,-0.07
07:36:27,"[111.0, 30]","[107.98, 92]","[114.67, 30]","[115.67, 30]",112.83,182,3.67,0.34
07:36:28,"[111.0, 30]","[108.38, 64]","[112.3, 50]","[114.0, 20]",111.65,164,1.3,0.15
07:36:29,"[108.36, 69]","[107.81, 59]","[110.74, 35]","[111.77, 35]",109.55,198,2.38,0.29
07:36:30,"[107.85, 53]","[105.8, 75]","[108.96, 25]","[130.29, 49]",108.4,202,1.11,0.27
07:36:31,"[105.16, 75]","[104.56, 80]","[206.57, 21]","[435.75, 24]",155.87,200,101.41,0.55
07:36:32,"[105.0, 72]","[104.0, 42]","[241.38, 26]","[294.5, 24]",173.19,164,136.38,0.39
07:36:33,"[105.0, 108]","[104.0, 63]","[223.74, 31]","[378.82, 38]",164.37,240,118.74,0.42
07:36:34,"[105.0, 36]","[104.0, 21]","[246.0, 9]","[579.0, 9]",175.5,75,141.0,0.52
07:36:35,"[105.0, 108]","[104.0, 63]","[229.76, 34]","[283.68, 22]",167.38,227,124.76,0.51
07:36:36,"[105.0, 144]","[104.0, 84]","[195.25, 60]","[228.36, 39]",150.12,327,90.25,0.39
07:36:37,"[105.33, 169]","[104.59, 114]","[214.88, 41]","[223.1, 58]",160.1,382,109.55,0.48
07:36:38,"[109.13, 91]","[106.36, 97]","[148.17, 48]","[166.3, 27]",128.65,263,39.03,0.43
07:36:39,"[109.22, 91]","[106.45, 138]","[120.28, 64]","[121.66, 64]",114.75,357,11.06,0.28
07:36:40,"[109.4, 60]","[106.05, 130]","[117.22, 65]","[118.09, 67]",113.31,322,7.82,0.18
07:36:41,"[109.0, 44]","[105.94, 77]","[114.55, 66]","[115.78, 46]",111.77,233,5.55,0.04
07:36:42,"[106.07, 82]","[105.44, 18]","[109.45, 33]","[114.14, 35]",107.76,168,3.38,0.19
07:36:43,"[106.0, 29]","[105.0, 7]","[107.0, 15]","[109.57, 21]",106.5,72,1.0,0.0
07:36:44,"[106.0, 14]","[105.0, 7]","[108.81, 31]","[119.62, 26]",107.4,78,2.81,-0.46
07:36:45,"[108.05, 19]","[106.83, 35]","[110.0, 67]","[255.09, 44]",109.03,165,1.95,-0.35
07:36:46,"[108.62, 8]","[107.43, 21]","[110.0, 56]","[251.87, 30]",109.31,115,1.38,-0.5
07:36:47,"[108.0, 8]","[106.0, 16]","[110.0, 56]","[269.11, 28]",109.0,108,2.0,-0.56
07:36:48,"[108.0, 7]","[106.0, 14]","[109.81, 21]","[237.57, 21]",108.9,63,1.81,-0.33
07:36:49,"[108.0, 8]","[106.0, 16]","[110.0, 16]","[486.18, 28]",109.0,68,2.0,-0.29
07:36:50,"[107.25, 12]","[105.2, 30]","[110.0, 24]","[319.14, 49]",108.62,115,2.75,-0.27
07:36:51,"[105.0, 14]","[104.0, 56]","[140.91, 22]","[377.76, 51]",122.95,143,35.91,-0.02
07:36:52,"[105.0, 12]","[104.0, 48]","[109.56, 18]","[225.59, 32]",107.28,110,4.56,0.09
07:36:53,"[105.0, 5]","[104.0, 20]","[109.0, 20]","[110.0, 5]",107.0,50,4.0,0.0
07:36:54,"[105.93, 44]","[102.8, 25]","[108.32, 19]","[133.08, 25]",107.12,113,2.38,0.22
07:36:55,"[106.0, 77]","[104.0, 11]","[110.0, 11]","[309.0, 33]",108.0,132,4.0,0.33
07:36:56,"[106.0, 22]","[104.0, 6]","[109.83, 6]","[309.0, 18]",107.92,52,3.83,0.08
07:36:57,"[106.75, 24]","[104.42, 19]","[109.0, 9]","[288.96, 28]",107.88,80,2.25,0.07
07:36:58,"[105.8, 20]","[101.5, 72]","[109.0, 8]","[162.69, 26]",107.4,126,3.2,0.46
07:36:59,"[104.97, 74]","[102.44, 39]","[137.0, 36]","[210.0, 45]",120.99,194,32.03,0.16
07:37:00,"[105.81, 32]","[102.0, 12]","[160.5, 18]","[396.5, 18]",133.16,80,54.69,0.1
07:37:01,"[106.0, 40]","[102.0, 16]","[204.36, 14]","[235.45, 20]",155.18,90,98.36,0.24
07:37:02,"[104.7, 40]","[101.15, 106]","[161.85, 34]","[277.69, 26]",133.28,206,57.15,0.42
07:37:03,"[104.44, 27]","[103.85, 33]","[186.44, 18]","[355.38, 32]",145.44,110,82.0,0.09
07:37:04,"[106.54, 13]","[104.0, 52]","[280.55, 33]","[373.69, 35]",193.54,133,174.01,-0.02
07:37:05,"[109.04, 25]","[106.4, 25]","[305.58, 24]","[450.08, 26]",207.31,100,196.54,0.0
07:37:06,"[111.0, 8]","[109.0, 32]","[249.06, 17]","[259.65, 23]",180.03,80,138.06,0.0
07:37:07,"[111.95, 42]","[110.11, 18]","[247.33, 24]","[260.0, 44]",179.64,128,135.38,-0.06
07:37:08,"[111.58, 36]","[108.55, 11]","[247.0, 16]","[272.0, 40]",179.29,103,135.42,-0.09
07:37:09,"[111.0, 110]","[108.33, 12]","[156.38, 26]","[166.09, 44]",133.69,192,45.38,0.27
07:37:10,"[111.0, 77]","[109.0, 14]","[152.86, 14]","[424.0, 21]",131.93,126,41.86,0.44
07:37:11,"[111.0, 64]","[109.0, 18]","[145.45, 22]","[299.7, 27]",128.23,131,34.45,0.25
07:37:12,"[111.0, 62]","[109.0, 26]","[138.92, 26]","[202.09, 44]",124.96,158,27.92,0.11
07:37:13,"[111.0, 14]","[109.0, 14]","[138.0, 14]","[417.41, 29]",124.5,71,27.0,-0.21
07:37:14,"[111.0, 28]","[109.0, 67]","[138.0, 28]","[233.43, 70]",124.5,193,27.0,-0.02
07:37:15,"[111.0, 14]","[109.0, 35]","[138.0, 14]","[294.14, 35]",124.5,98,27.0,0.0
07:37:16,"[111.0, 41]","[109.0, 70]","[136.79, 28]","[183.0, 70]",123.89,209,25.79,0.06
07:37:17,"[111.0, 54]","[109.0, 30]","[135.0, 12]","[179.89, 27]",123.0,123,24.0,0.37
07:37:18,"[111.0, 63]","[109.0, 35]","[134.92, 13]","[172.85, 26]",122.96,137,23.92,0.43
07:37:19,"[111.0, 126]","[109.0, 70]","[134.0, 14]","[135.0, 28]",122.5,238,23.0,0.65
07:37:20,"[111.0, 144]","[109.0, 80]","[131.26, 19]","[132.2, 30]",121.13,273,20.26,0.64
07:37:21,"[111.0, 82]","[109.0, 65]","[126.58, 24]","[128.04, 25]",118.79,196,15.58,0.5
07:37:22,"[109.8, 35]","[107.28, 39]","[124.91, 22]","[126.0, 22]",117.35,118,15.11,0.25
07:37:23,"[108.0, 8]","[105.0, 32]","[121.44, 18]","[122.6, 20]",114.72,78,13.44,0.03
07:37:24,"[107.55, 20]","[105.72, 50]","[117.25, 40]","[118.26, 27]",112.4,137,9.7,0.02
07:37:25,"[107.68, 65]","[106.08, 61]","[114.39, 62]","[114.87, 46]",111.03,234,6.71,0.08
07:37:26,"[108.0, 60]","[107.0, 45]","[111.25, 24]","[112.27, 33]",109.62,162,3.25,0.3
07:37:27,"[110.54, 26]","[107.94, 47]","[122.96, 49]","[198.14, 35]",116.75,157,12.42,-0.07
07:37:28,"[108.0, 56]","[107.0, 42]","[214.68, 22]","[262.24, 29]",161.34,149,106.68,0.32
07:37:29,"[108.0, 44]","[107.0, 33]","[210.0, 14]","[214.21, 19]",159.0,110,102.0,0.4
07:37:30,"[108.5, 32]","[107.73, 44]","[208.58, 24]","[209.11, 18]",158.54,118,100.08,0.29
07:37:31,"[109.31, 32]","[108.0, 64]","[183.65, 26]","[187.31, 26]",146.48,148,74.34,0.3
07:37:32,"[110.0, 14]","[108.0, 28]","[161.74, 19]","[162.33, 9]",135.87,70,51.74,0.2
07:37:33,"[108.72, 50]","[107.58, 62]","[156.17, 36]","[158.12, 34]",132.44,182,47.45,0.23
07:37:34,"[107.9, 59]","[106.68, 50]","[139.26, 39]","[152.57, 35]",123.58,183,31.36,0.19
07:37:35,"[105.45, 40]","[104.07, 182]","[106.76, 25]","[112.67, 18]",106.11,265,1.31,0.68
07:37:36,"[104.0, 119]","[103.0, 21]","[107.43, 14]","[109.5, 12]",105.71,166,3.43,0.69
07:37:37,"[104.0, 188]","[103.0, 36]","[106.79, 14]","[108.33, 24]",105.39,262,2.79,0.71
07:37:38,"[104.08, 99]","[103.71, 73]","[107.9, 20]","[110.36, 22]",105.99,214,3.82,0.61
07:37:39,"[104.08, 72]","[103.05, 73]","[108.0, 18]","[111.0, 18]",106.04,181,3.92,0.6
07:37:40,"[105.0, 55]","[104.0, 77]","[108.91, 22]","[111.0, 22]",106.95,176,3.91,0.5
07:37:41,"[104.34, 53]","[102.87, 97]","[110.82, 22]","[136.28, 25]",107.58,197,6.48,0.52
07:37:42,"[104.0, 56]","[102.0, 88]","[105.75, 16]","[115.25, 16]",104.88,176,1.75,0.64
07:37:43,"[104.0, 92]","[102.0, 121]","[105.0, 21]","[111.0, 22]",104.5,256,1.0,0.66
07:37:44,"[104.0, 124]","[102.0, 121]","[116.29, 17]","[439.5, 40]",110.15,302,12.29,0.62
07:37:45,"[104.0, 45]","[102.0, 44]","[121.0, 8]","[549.0, 20]",112.5,117,17.0,0.52
07:37:46,"[104.0, 89]","[102.0, 77]","[254.71, 14]","[503.9, 31]",179.36,211,150.71,0.57
07:37:47,"[104.16, 124]","[102.81, 148]","[167.47, 47]","[220.56, 27]",135.81,346,63.31,0.57
07:37:48,"[105.94, 18]","[103.8, 112]","[166.0, 32]","[407.25, 24]",135.97,186,60.06,0.4
07:37:49,"[104.82, 34]","[103.5, 88]","[148.42, 38]","[277.94, 34]",126.62,194,43.6,0.26
07:37:50,"[107.0, 18]","[105.0, 36]","[142.38, 37]","[355.51, 41]",124.69,132,35.38,-0.18
07:37:51,"[109.15, 13]","[105.82, 34]","[141.6, 40]","[313.0, 20]",125.38,107,32.45,-0.12
07:37:52,"[111.0, 11]","[107.0, 22]","[140.0, 44]","[278.45, 22]",125.5,99,29.0,-0.33
07:37:53,"[104.4, 127]","[103.13, 183]","[136.75, 65]","[182.67, 66]",120.58,441,32.35,0.41
07:37:54,"[106.16, 97]","[104.43, 127]","[134.0, 39]","[135.0, 52]",120.08,315,27.84,0.42
07:37:55,"[106.0, 51]","[104.0, 70]","[124.52, 27]","[133.0, 24]",115.26,172,18.52,0.41
07:37:56,"[107.82, 89]","[104.26, 85]","[110.36, 69]","[112.97, 67]",109.09,310,2.54,0.12
07:37:57,"[105.03, 71]","[103.76, 109]","[126.3, 40]","[262.34, 35]",115.66,255,21.27,0.41
07:37:58,"[109.91, 88]","[104.47, 76]","[301.08, 25]","[416.62, 13]",205.49,202,191.17,0.62
07:37:59,"[111.0, 112]","[104.18, 110]","[385.9, 20]","[463.45, 22]",248.45,264,274.9,0.68
07:38:00,"[111.0, 112]","[104.15, 108]","[331.0, 17]","[557.2, 25]",221.0,262,220.0,0.68
07:38:01,"[111.0, 119]","[106.34, 171]","[178.48, 44]","[243.83, 18]",144.74,352,67.48,0.65
07:38:02,"[111.0, 59]","[108.0, 121]","[146.09, 23]","[140.27, 33]",128.54,236,35.09,0.53
07:38:03,"[108.13, 94]","[107.17, 30]","[126.0, 40]","[174.9, 29]",117.06,193,17.87,0.28
07:38:04,"[108.0, 66]","[106.68, 19]","[124.0, 27]","[125.28, 29]",116.0,141,16.0,0.21
07:38:05,"[108.0, 66]","[105.26, 31]","[121.91, 33]","[123.64, 33]",114.95,163,13.91,0.19
07:38:06,"[108.0, 36]","[105.0, 18]","[120.5, 18]","[122.0, 18]",114.25,90,12.5,0.2
07:38:07,"[108.0, 48]","[105.0, 24]","[118.75, 24]","[122.0, 24]",113.38,120,10.75,0.2
07:38:08,"[109.33, 54]","[107.29, 63]","[116.92, 39]","[121.62, 39]",113.13,195,7.59,0.2
07:38:09,"[110.27, 33]","[108.05, 63]","[113.0, 19]","[115.78, 27]",111.64,142,2.73,0.35
07:38:10,"[109.0, 21]","[108.0, 42]","[113.0, 7]","[116.0, 21]",111.0,91,4.0,0.38
07:38:11,"[108.44, 27]","[107.67, 36]","[111.53, 15]","[112.82, 17]",109.99,95,3.09,0.33
07:38:12,"[107.57, 37]","[106.25, 32]","[109.07, 43]","[141.67, 18]",108.32,130,1.5,0.06
07:38:13,"[107.0, 36]","[105.0, 27]","[109.0, 45]","[240.33, 9]",108.0,117,2.0,0.08
07:38:14,"[107.87, 61]","[106.71, 42]","[114.43, 35]","[405.12, 16]",111.15,154,6.56,0.34
07:38:15,"[111.94, 145]","[110.15, 26]","[337.0, 14]","[568.08, 25]",224.47,210,225.06,0.63
07:38:16,"[112.0, 132]","[111.0, 20]","[474.95, 19]","[561.27, 15]",293.47,186,362.95,0.63
07:38:17,"[112.0, 104]","[111.0, 16]","[342.0, 12]","[492.68, 19]",227.0,151,230.0,0.59
07:38:18,"[112.0, 108]","[111.0, 22]","[140.0, 11]","[489.32, 31]",126.0,172,28.0,0.51
07:38:19,"[112.0, 81]","[111.0, 18]","[435.24, 17]","[512.68, 19]",273.62,135,323.24,0.47
07:38:20,"[112.0, 53]","[111.0, 16]","[506.0, 24]","[594.17, 23]",309.0,116,394.0,0.19
07:38:21,"[111.42, 24]","[109.38, 13]","[469.5, 32]","[645.36, 28]",290.46,97,358.08,-0.24
07:38:22,"[109.76, 17]","[107.15, 33]","[367.29, 42]","[500.22, 36]",238.53,128,257.52,-0.22
07:38:23,"[108.7, 23]","[107.12, 32]","[447.49, 35]","[510.9, 42]",278.09,132,338.79,-0.17
07:38:24,"[109.0, 32]","[108.0, 8]","[335.0, 32]","[479.0, 24]",222.0,96,226.0,-0.17
07:38:25,"[108.5, 42]","[105.37, 41]","[255.2, 40]","[286.14, 42]",181.85,165,146.7,0.01
07:38:26,"[109.0, 24]","[105.0, 45]","[245.36, 33]","[346.48, 29]",177.18,131,136.36,0.05
07:38:27,"[109.0, 20]","[105.0, 50]","[243.0, 50]","[244.0, 30]",176.0,150,134.0,-0.07
07:38:28,"[109.0, 26]","[105.0, 65]","[241.91, 55]","[242.98, 49]",175.45,195,132.91,-0.07
07:38:29,"[109.0, 12]","[105.0, 30]","[240.38, 24]","[241.62, 24]",174.69,90,131.38,-0.07
07:38:30,"[109.0, 22]","[105.52, 27]","[186.76, 45]","[198.84, 43]",147.88,137,77.76,-0.28
07:38:31,"[107.86, 21]","[104.57, 37]","[177.94, 48]","[178.84, 32]",142.9,138,70.08,-0.16
07:38:32,"[105.77, 31]","[104.08, 78]","[175.85, 39]","[177.0, 49]",140.81,197,70.07,0.11
07:38:33,"[105.0, 18]","[104.0, 48]","[115.96, 28]","[174.5, 20]",110.48,114,10.96,0.16
07:38:34,"[105.0, 33]","[104.0, 88]","[108.07, 46]","[126.27, 45]",106.53,212,3.07,0.14
07:38:35,"[104.42, 69]","[103.92, 61]","[106.0, 60]","[107.0, 24]",105.21,214,1.58,0.21
07:38:36,"[105.0, 51]","[104.0, 54]","[106.0, 42]","[107.88, 51]",105.5,198,1.0,0.06
07:38:37,"[105.0, 23]","[104.0, 24]","[108.0, 60]","[111.0, 48]",106.5,155,3.0,-0.39
07:38:38,"[105.0, 20]","[104.0, 18]","[108.0, 45]","[111.0, 36]",106.5,119,3.0,-0.36
07:38:39,"[105.89, 55]","[104.5, 20]","[107.88, 41]","[110.79, 43]",106.88,159,1.99,-0.06
07:38:40,"[106.0, 26]","[104.27, 33]","[108.0, 45]","[111.0, 68]",107.0,172,2.0,-0.31
07:38:41,"[104.33, 9]","[103.54, 13]","[108.0, 9]","[111.0, 36]",106.17,67,3.67,-0.34
07:38:42,"[104.0, 52]","[103.0, 10]","[108.0, 10]","[111.0, 40]",106.0,112,4.0,0.11
07:38:43,"[104.0, 96]","[103.0, 33]","[108.0, 13]","[111.0, 52]",106.0,194,4.0,0.33
07:38:44,"[104.0, 49]","[103.0, 10]","[108.0, 7]","[111.0, 28]",106.0,94,4.0,0.26
07:38:45,"[104.62, 56]","[103.89, 55]","[108.0, 10]","[111.0, 40]",106.31,161,3.38,0.38
07:38:46,"[105.0, 35]","[104.0, 49]","[110.53, 19]","[207.4, 20]",107.76,123,5.53,0.37
07:38:47,"[105.0, 45]","[104.0, 77]","[202.48, 42]","[584.91, 33]",153.74,197,97.48,0.24
07:38:48,"[106.89, 28]","[104.51, 43]","[435.27, 44]","[686.86, 42]",271.08,157,328.38,-0.1
07:38:49,"[110.85, 107]","[108.95, 38]","[505.62, 42]","[601.33, 40]",308.23,227,394.77,0.28
07:38:50,"[111.0, 67]","[109.0, 36]","[325.47, 30]","[431.45, 33]",218.23,166,214.47,0.24
07:38:51,"[111.0, 23]","[109.0, 20]","[165.8, 5]","[167.0, 20]",138.4,68,54.8,0.26
07:38:52,"[110.5, 24]","[108.92, 26]","[135.29, 14]","[290.83, 24]",122.89,88,24.79,0.14
07:38:53,"[109.0, 40]","[108.0, 8]","[164.0, 8]","[619.25, 24]",136.5,80,55.0,0.2
07:38:54,"[109.0, 45]","[108.0, 19]","[162.78, 9]","[535.13, 23]",135.89,96,53.78,0.33
07:38:55,"[109.0, 35]","[108.0, 77]","[160.43, 7]","[162.0, 7]",134.71,126,51.43,0.78
07:38:56,"[109.0, 52]","[108.0, 51]","[155.53, 19]","[157.18, 11]",132.26,133,46.53,0.55
07:38:57,"[109.0, 18]","[108.0, 9]","[153.52, 25]","[154.64, 11]",131.26,63,44.52,-0.14
07:38:58,"[110.9, 20]","[109.13, 31]","[149.04, 27]","[150.26, 27]",129.97,105,38.14,-0.03
07:38:59,"[112.6, 20]","[109.44, 36]","[143.08, 24]","[145.2, 30]",127.84,110,30.48,0.02
07:39:00,"[111.18, 11]","[109.12, 8]","[141.0, 24]","[142.0, 8]",126.09,51,29.82,-0.25
07:39:01,"[110.53, 47]","[108.47, 17]","[139.8, 49]","[140.37, 35]",125.16,148,29.26,-0.14
07:39:02,"[108.62, 74]","[107.06, 68]","[132.95, 42]","[133.66, 38]",120.79,222,24.33,0.28
07:39:03,"[108.0, 30]","[107.0, 40]","[114.14, 14]","[124.0, 18]",111.07,102,6.14,0.37
07:39:04,"[107.0, 37]","[105.0, 56]","[108.36, 36]","[110.61, 18]",107.68,147,1.36,0.27
07:39:05,"[107.0, 10]","[105.0, 20]","[108.0, 20]","[112.0, 5]",107.5,55,1.0,0.09
07:39:06,"[107.0, 16]","[105.0, 32]","[108.0, 32]","[112.0, 8]",107.5,88,1.0,0.09
07:39:07,"[107.0, 20]","[105.0, 40]","[108.0, 40]","[110.0, 18]",107.5,118,1.0,0.02
07:39:08,"[107.0, 26]","[105.0, 52]","[108.0, 28]","[109.0, 39]",107.5,145,1.0,0.08
07:39:09,"[105.0, 40]","[104.0, 20]","[106.71, 14]","[108.17, 12]",105.86,86,1.71,0.4
07:39:10,"[104.41, 34]","[103.1, 78]","[106.0, 28]","[108.0, 14]",105.21,154,1.59,0.45
07:39:11,"[103.38, 48]","[102.78, 68]","[106.0, 28]","[108.0, 14]",104.69,158,2.62,0.47
07:39:12,"[103.0, 66]","[99.55, 11]","[104.91, 22]","[105.38, 32]",103.95,131,1.91,0.18
07:39:13,"[103.0, 66]","[90.72, 32]","[105.6, 40]","[105.55, 31]",104.3,169,2.6,0.16
07:39:14,"[103.0, 40]","[100.0, 88]","[106.0, 48]","[108.0, 8]",104.5,184,3.0,0.39
07:39:15,"[103.0, 40]","[100.0, 88]","[105.26, 19]","[106.48, 29]",104.13,176,2.26,0.45
07:39:16,"[103.0, 35]","[100.0, 77]","[108.88, 17]","[279.22, 23]",105.94,152,5.88,0.47
07:39:17,"[104.55, 58]","[102.18, 99]","[239.17, 36]","[388.0, 24]",171.86,217,134.61,0.45
07:39:18,"[105.5, 12]","[102.02, 177]","[286.6, 50]","[407.69, 16]",196.05,255,181.1,0.48
07:39:19,"[111.0, 9]","[105.0, 9]","[230.78, 41]","[312.0, 21]",170.89,80,119.78,-0.55
07:39:20,"[104.49, 55]","[99.9, 41]","[201.31, 49]","[291.89, 53]",152.9,198,96.82,-0.03
07:39:21,"[109.0, 45]","[107.0, 15]","[276.94, 50]","[365.33, 39]",192.97,149,167.94,-0.19
07:39:22,"[108.86, 42]","[106.18, 22]","[261.89, 38]","[286.76, 17]",185.38,119,153.04,0.08
07:39:23,"[107.25, 8]","[105.09, 22]","[234.53, 32]","[241.17, 18]",170.89,80,127.28,-0.25
07:39:24,"[109.0, 12]","[107.0, 20]","[168.85, 40]","[225.54, 46]",138.93,118,59.85,-0.46
07:39:25,"[109.0, 11]","[107.0, 19]","[129.47, 19]","[130.93, 29]",119.24,78,20.47,-0.23
07:39:26,"[109.0, 12]","[107.0, 12]","[127.88, 40]","[128.44, 32]",118.44,96,18.88,-0.5
07:39:27,"[109.0, 25]","[107.0, 9]","[125.97, 29]","[127.8, 25]",117.48,88,16.97,-0.23
07:39:28,"[109.0, 12]","[107.0, 12]","[120.56, 34]","[119.4, 25]",114.78,83,11.56,-0.42
07:39:29,"[105.0, 33]","[104.0, 11]","[108.83, 47]","[112.58, 24]",106.91,115,3.83,-0.23
07:39:30,"[105.0, 15]","[104.0, 5]","[107.0, 9]","[108.0, 25]",106.0,54,2.0,-0.26
07:39:31,"[104.84, 32]","[103.47, 19]","[106.21, 14]","[107.83, 42]",105.53,107,1.37,-0.05
07:39:32,"[103.18, 17]","[102.15, 41]","[106.67, 18]","[139.5, 38]",104.92,114,3.49,0.02
07:39:33,"[105.19, 42]","[103.96, 73]","[109.7, 67]","[182.79, 70]",107.45,252,4.51,-0.09
07:39:34,"[109.0, 8]","[105.0, 64]","[110.0, 16]","[239.18, 34]",109.5,122,1.0,0.18
07:39:35,"[108.24, 21]","[105.84, 89]","[161.02, 54]","[239.35, 37]",134.63,201,52.78,0.09
07:39:36,"[108.0, 22]","[105.0, 88]","[151.63, 49]","[237.31, 52]",129.82,211,43.63,0.04
07:39:37,"[108.0, 16]","[105.0, 64]","[114.0, 40]","[199.68, 19]",111.0,139,6.0,0.15
07:39:38,"[108.0, 16]","[105.0, 64]","[113.25, 40]","[184.0, 16]",110.62,136,5.25,0.18
07:39:39,"[108.0, 9]","[105.0, 56]","[112.71, 35]","[336.52, 23]",110.36,123,4.71,0.06
07:39:40,"[105.97, 31]","[104.38, 101]","[111.31, 65]","[271.27, 41]",108.64,238,5.34,0.11
07:39:41,"[105.0, 54]","[102.0, 98]","[109.5, 70]","[226.27, 55]",107.25,277,4.5,0.1
07:39:42,"[103.12, 48]","[98.36, 66]","[108.0, 60]","[109.0, 60]",105.56,234,4.88,-0.03
07:39:43,"[59.52, 92]","[51.86, 56]","[106.93, 70]","[108.79, 70]",83.23,288,47.41,0.03
07:39:44,"[92.52, 73]","[82.85, 39]","[102.89, 87]","[107.65, 57]",97.7,256,10.36,-0.12
07:39:45,"[81.03, 36]","[61.66, 38]","[120.64, 28]","[158.0, 34]",100.84,136,39.62,0.09
07:39:46,"[68.4, 25]","[65.0, 20]","[111.79, 29]","[280.76, 21]",90.1,95,43.39,-0.05
07:39:47,"[71.38, 21]","[60.86, 14]","[95.0, 44]","[236.09, 33]",83.19,112,23.62,-0.38
07:39:48,"[92.52, 21]","[87.15, 13]","[94.78, 27]","[144.43, 42]",93.65,103,2.25,-0.34
07:39:49,"[91.0, 15]","[83.8, 25]","[93.77, 52]","[97.42, 53]",92.38,145,2.77,-0.45
07:39:50,"[83.89, 27]","[75.65, 17]","[95.0, 55]","[98.0, 11]",89.44,110,11.11,-0.2
07:39:51,"[86.58, 12]","[75.78, 18]","[95.0, 35]","[98.0, 10]",90.79,75,8.42,-0.2
07:39:52,"[85.0, 9]","[51.0, 16]","[96.67, 9]","[102.22, 36]",90.83,70,11.67,-0.29
07:39:53,"[86.4, 10]","[19.28, 25]","[98.0, 7]","[102.0, 28]",92.2,70,11.6,0.0
07:39:54,"[86.89, 36]","[12.22, 18]","[98.0, 6]","[102.0, 24]",92.44,84,11.11,0.29
07:39:55,"[88.0, 39]","[87.0, 114]","[95.5, 24]","[101.05, 21]",91.75,198,7.5,0.55
07:39:56,"[90.96, 83]","[89.09, 53]","[94.65, 20]","[95.6, 20]",92.81,176,3.69,0.55
07:39:57,"[91.01, 97]","[85.52, 25]","[93.4, 10]","[94.64, 25]",92.21,157,2.39,0.55
07:39:58,"[92.72, 72]","[91.16, 146]","[95.05, 19]","[101.48, 46]",93.89,283,2.33,0.54
07:39:59,"[94.79, 170]","[94.78, 160]","[98.0, 15]","[102.0, 120]",96.39,465,3.21,0.42
07:40:00,"[97.33, 36]","[96.36, 100]","[100.83, 42]","[102.71, 56]",99.08,234,3.5,0.16
07:40:01,"[98.91, 66]","[97.53, 38]","[102.62, 74]","[175.41, 58]",100.77,236,3.71,-0.12
07:40:02,"[100.6, 30]","[99.14, 42]","[102.94, 65]","[230.5, 24]",101.77,161,2.34,-0.11
07:40:03,"[102.0, 24]","[100.0, 19]","[132.38, 29]","[243.88, 16]",117.19,88,30.38,-0.02
07:40:04,"[107.23, 43]","[98.46, 35]","[187.48, 58]","[433.84, 43]",147.36,179,80.25,-0.13
07:40:05,"[107.78, 18]","[103.8, 44]","[365.0, 12]","[463.8, 20]",236.39,94,257.22,0.32
07:40:06,"[110.5, 28]","[104.64, 94]","[396.47, 34]","[603.15, 26]",253.49,182,285.97,0.34
07:40:07,"[112.0, 14]","[108.0, 14]","[250.29, 28]","[422.43, 14]",181.14,70,138.29,-0.2
07:40:08,"[112.0, 16]","[108.0, 16]","[235.55, 11]","[448.74, 31]",173.77,74,123.55,-0.14
07:40:09,"[112.0, 11]","[108.0, 12]","[161.0, 6]","[375.48, 23]",136.5,52,49.0,-0.12
07:40:10,"[111.36, 11]","[106.58, 31]","[159.56, 25]","[282.34, 32]",135.46,99,48.2,-0.15
07:40:11,"[105.0, 11]","[104.0, 149]","[181.95, 22]","[314.39, 31]",143.48,213,76.95,0.5
07:40:12,"[104.12, 24]","[103.12, 78]","[142.0, 8]","[322.0, 16]",123.06,126,37.88,0.62
07:40:13,"[104.57, 49]","[103.21, 87]","[141.4, 10]","[322.0, 20]",122.99,166,36.83,0.64
07:40:14,"[105.0, 49]","[104.0, 107]","[140.0, 14]","[359.2, 10]",122.5,180,35.0,0.73
07:40:15,"[105.92, 26]","[104.04, 114]","[138.58, 24]","[390.42, 12]",122.25,176,32.66,0.59
07:40:16,"[109.0, 27]","[105.0, 18]","[138.0, 18]","[246.4, 30]",123.5,93,29.0,-0.03
07:40:17,"[109.65, 31]","[106.2, 20]","[138.0, 18]","[358.12, 26]",123.82,95,28.35,0.07
07:40:18,"[111.0, 113]","[109.0, 39]","[137.57, 28]","[250.04, 45]",124.29,225,26.57,0.35
07:40:19,"[111.0, 63]","[109.0, 21]","[116.71, 28]","[127.56, 18]",113.86,130,5.71,0.29
07:40:20,"[111.0, 133]","[109.0, 67]","[115.04, 50]","[115.76, 58]",113.02,308,4.04,0.3
07:40:21,"[109.46, 52]","[106.94, 31]","[112.0, 22]","[200.83, 29]",110.73,134,2.54,0.24
07:40:22,"[109.0, 41]","[105.0, 20]","[112.0, 20]","[155.21, 19]",110.5,100,3.0,0.22
07:40:23,"[109.0, 21]","[105.0, 24]","[111.57, 23]","[289.83, 29]",110.28,97,2.57,-0.07
07:40:24,"[109.0, 9]","[105.0, 18]","[111.0, 18]","[275.89, 9]",110.0,54,2.0,0.0
07:40:25,"[109.0, 11]","[105.0, 22]","[111.0, 22]","[418.0, 15]",110.0,70,2.0,-0.06
07:40:26,"[109.59, 17]","[106.05, 19]","[137.64, 22]","[646.89, 36]",123.61,94,28.05,-0.23
07:40:27,"[112.0, 18]","[109.0, 9]","[148.0, 9]","[440.86, 37]",130.0,73,36.0,-0.26
07:40:28,"[109.83, 24]","[106.1, 21]","[291.78, 49]","[453.88, 43]",200.8,137,181.94,-0.34
07:40:29,"[105.0, 24]","[104.0, 36]","[365.32, 22]","[537.1, 30]",235.16,112,260.32,0.07
07:40:30,"[108.79, 19]","[104.4, 20]","[506.0, 8]","[535.2, 10]",307.39,57,397.21,0.37
07:40:31,"[104.35, 23]","[103.41, 34]","[259.08, 24]","[315.77, 13]",181.72,94,154.74,0.21
07:40:32,"[99.63, 19]","[88.43, 14]","[147.63, 19]","[313.67, 24]",123.63,76,48.0,-0.13
07:40:33,"[102.5, 32]","[88.76, 17]","[145.36, 28]","[146.56, 27]",123.93,104,42.86,-0.06
07:40:34,"[103.1, 21]","[97.19, 21]","[144.15, 39]","[146.0, 26]",123.62,107,41.06,-0.21
07:40:35,"[110.53, 59]","[108.42, 24]","[141.94, 33]","[143.56, 27]",126.23,143,31.41,0.16
07:40:36,"[111.0, 63]","[109.0, 14]","[133.25, 16]","[137.47, 15]",122.12,108,22.25,0.43
07:40:37,"[111.0, 108]","[109.0, 24]","[125.18, 33]","[126.22, 32]",118.09,197,14.18,0.34
07:40:38,"[111.0, 70]","[109.0, 16]","[120.14, 29]","[120.77, 22]",115.57,137,9.14,0.26
07:40:39,"[111.0, 84]","[109.0, 24]","[114.55, 33]","[115.88, 50]",112.77,191,3.55,0.13
07:40:40,"[111.0, 73]","[109.0, 26]","[112.34, 35]","[113.79, 57]",111.67,191,1.34,0.04
07:40:41,"[111.0, 42]","[109.0, 30]","[113.64, 67]","[116.74, 31]",112.32,170,2.64,-0.15
07:40:42,"[109.93, 28]","[108.62, 26]","[113.23, 65]","[119.77, 13]",111.58,132,3.3,-0.18
07:40:43,"[109.0, 14]","[108.0, 14]","[112.3, 27]","[115.67, 15]",110.65,70,3.3,-0.2
07:40:44,"[107.83, 12]","[105.9, 20]","[109.75, 16]","[111.93, 43]",108.79,91,1.92,-0.3
07:40:45,"[106.6, 15]","[104.84, 38]","[108.0, 13]","[115.0, 65]",107.3,131,1.4,-0.19
07:40:46,"[101.0, 24]","[88.76, 17]","[107.07, 28]","[126.07, 27]",104.04,96,6.07,-0.15
07:40:47,"[75.75, 8]","[47.0, 8]","[124.12, 17]","[216.71, 28]",99.93,61,48.37,-0.48
07:40:48,"[108.22, 9]","[98.62, 8]","[170.0, 6]","[230.0, 30]",139.11,53,61.78,-0.36
07:40:49,"[89.86, 7]","[69.67, 6]","[243.5, 8]","[344.0, 10]",166.68,31,153.64,-0.16
07:40:50,"[107.36, 22]","[90.2, 10]","[286.6, 50]","[291.14, 35]",196.98,117,179.24,-0.45
07:40:51,"[109.06, 67]","[103.65, 23]","[256.61, 90]","[291.48, 69]",182.84,249,147.55,-0.28
07:40:52,"[106.5, 14]","[103.37, 46]","[246.63, 27]","[261.19, 54]",176.56,141,140.13,-0.15
07:40:53,"[105.0, 10]","[102.0, 50]","[245.77, 26]","[254.85, 41]",175.38,127,140.77,-0.06
07:40:54,"[105.0, 7]","[102.0, 35]","[231.74, 19]","[253.23, 26]",168.37,87,126.74,-0.03
07:40:55,"[105.0, 12]","[102.0, 60]","[252.25, 60]","[254.0, 24]",178.62,156,147.25,-0.08
07:40:56,"[103.71, 7]","[101.0, 21]","[251.0, 25]","[254.0, 10]",177.36,63,147.29,-0.11
07:40:57,"[102.9, 40]","[100.89, 38]","[235.06, 34]","[251.07, 58]",168.98,170,132.16,-0.08
07:40:58,"[102.0, 6]","[81.0, 6]","[196.5, 16]","[235.44, 18]",149.25,46,94.5,-0.48
07:40:59,"[96.27, 11]","[75.86, 14]","[243.43, 37]","[247.86, 37]",169.85,99,147.16,-0.49
07:41:00,"[63.65, 23]","[38.0, 12]","[204.75, 24]","[246.9, 39]",134.2,98,141.1,-0.29
07:41:01,"[64.38, 26]","[63.04, 24]","[124.97, 33]","[133.37, 51]",94.68,134,60.59,-0.25
07:41:02,"[70.47, 19]","[66.75, 16]","[93.0, 40]","[103.0, 50]",81.74,125,22.53,-0.44
07:41:03,"[81.76, 21]","[71.27, 15]","[98.0, 16]","[168.48, 42]",89.88,94,16.24,-0.23
07:41:04,"[85.93, 27]","[68.83, 23]","[141.37, 43]","[206.97, 59]",113.65,152,55.45,-0.34
07:41:05,"[104.56, 45]","[98.09, 43]","[188.43, 28]","[209.87, 47]",146.49,163,83.87,0.08
07:41:06,"[110.0, 15]","[109.0, 25]","[160.2, 10]","[208.75, 16]",135.1,66,50.2,0.21
07:41:07,"[111.55, 33]","[109.0, 55]","[161.16, 25]","[170.41, 46]",136.35,159,49.61,0.11
07:41:08,"[112.0, 42]","[109.0, 70]","[149.26, 31]","[364.18, 67]",130.63,210,37.26,0.07
07:41:09,"[110.33, 54]","[108.69, 58]","[113.29, 35]","[198.35, 46]",111.81,193,2.95,0.16
07:41:10,"[109.0, 37]","[108.0, 24]","[111.45, 11]","[143.13, 23]",110.23,95,2.45,0.28
07:41:11,"[109.0, 13]","[108.0, 21]","[112.0, 14]","[262.58, 24]",110.5,72,3.0,-0.06
07:41:12,"[107.0, 96]","[56.89, 76]","[111.08, 24]","[361.25, 60]",109.04,256,4.08,0.34
07:41:13,"[107.0, 88]","[82.88, 68]","[110.0, 22]","[414.89, 19]",108.5,197,3.0,0.58
07:41:14,"[107.0, 76]","[90.13, 46]","[125.4, 20]","[342.83, 36]",116.2,178,18.4,0.37
07:41:15,"[107.0, 33]","[105.0, 29]","[229.72, 39]","[438.65, 60]",168.36,161,122.72,-0.23
07:41:16,"[107.0, 27]","[105.0, 27]","[164.42, 33]","[331.67, 45]",135.71,132,57.42,-0.18
07:41:17,"[110.69, 78]","[106.6, 30]","[191.3, 10]","[193.0, 50]",151.0,168,80.61,0.29
07:41:18,"[111.0, 72]","[107.0, 24]","[189.0, 8]","[193.0, 40]",150.0,144,78.0,0.33
07:41:19,"[111.0, 99]","[107.0, 33]","[137.22, 23]","[239.88, 32]",124.11,187,26.22,0.41
07:41:20,"[111.0, 73]","[107.0, 27]","[188.0, 9]","[267.44, 41]",149.5,150,77.0,0.33
07:41:21,"[111.0, 63]","[107.0, 27]","[152.8, 25]","[271.62, 29]",131.9,144,41.8,0.25
07:41:22,"[111.0, 112]","[107.0, 48]","[176.75, 20]","[324.78, 76]",143.88,256,65.75,0.25
07:41:23,"[111.0, 29]","[107.0, 18]","[143.0, 30]","[188.0, 6]",127.0,83,32.0,0.13
07:41:24,"[111.0, 52]","[107.0, 39]","[187.15, 13]","[316.62, 50]",149.08,154,76.15,0.18
07:41:25,"[108.85, 26]","[105.6, 30]","[185.61, 28]","[218.79, 14]",147.23,98,76.76,0.14
07:41:26,"[107.74, 19]","[105.5, 36]","[183.56, 27]","[184.12, 25]",145.65,107,75.82,0.03
07:41:27,"[109.0, 11]","[107.53, 30]","[181.91, 11]","[183.0, 33]",145.45,85,72.91,-0.04
07:41:28,"[109.0, 13]","[108.0, 52]","[164.95, 21]","[168.29, 35]",136.98,121,55.95,0.07
07:41:29,"[109.0, 11]","[108.0, 44]","[157.4, 20]","[161.89, 27]",133.2,102,48.4,0.08
07:41:30,"[109.0, 28]","[108.0, 48]","[148.5, 20]","[153.27, 44]",128.75,140,39.5,0.09
07:41:31,"[109.0, 65]","[108.0, 52]","[137.17, 35]","[141.32, 25]",123.09,177,28.17,0.32
07:41:32,"[109.56, 43]","[108.36, 56]","[132.69, 35]","[133.88, 33]",121.12,167,23.13,0.19
07:41:33,"[108.21, 57]","[107.35, 46]","[129.04, 45]","[131.31, 49]",118.63,197,20.83,0.05
07:41:34,"[108.0, 24]","[107.0, 16]","[122.86, 28]","[124.83, 24]",115.43,92,14.86,-0.13
07:41:35,"[108.0, 39]","[107.0, 26]","[121.06, 32]","[122.59, 51]",114.53,148,13.06,-0.12
07:41:36,"[108.42, 57]","[107.52, 46]","[115.23, 83]","[116.14, 72]",111.82,258,6.81,-0.2
07:41:37,"[108.0, 30]","[107.0, 20]","[111.67, 48]","[112.57, 23]",109.83,121,3.67,-0.17
07:41:38,"[106.69, 32]","[105.27, 37]","[107.91, 45]","[135.97, 37]",107.3,151,1.22,-0.09
07:41:39,"[103.28, 82]","[100.99, 89]","[105.76, 21]","[197.68, 31]",104.52,223,2.48,0.53
07:41:40,"[103.73, 33]","[102.0, 66]","[105.0, 11]","[140.63, 38]",104.36,148,1.27,0.34
07:41:41,"[104.09, 56]","[100.34, 105]","[129.88, 40]","[165.63, 87]",116.98,288,25.79,0.12
07:41:42,"[102.29, 49]","[99.55, 49]","[132.0, 30]","[134.0, 75]",117.14,203,29.71,-0.03
07:41:43,"[99.0, 45]","[67.69, 32]","[131.0, 18]","[270.11, 38]",115.0,133,32.0,0.16
07:41:44,"[101.91, 22]","[95.28, 47]","[129.1, 40]","[244.23, 31]",115.5,140,27.19,-0.01
07:41:45,"[99.0, 26]","[63.71, 63]","[116.15, 52]","[124.08, 52]",107.58,193,17.15,-0.08
07:41:46,"[101.67, 12]","[95.57, 28]","[115.0, 18]","[116.0, 24]",108.33,82,13.33,-0.02
07:41:47,"[86.44, 43]","[74.97, 74]","[112.79, 57]","[114.5, 48]",99.62,222,26.35,0.05
07:41:48,"[93.49, 59]","[60.48, 21]","[107.8, 40]","[110.93, 45]",100.65,165,14.31,-0.03
07:41:49,"[84.3, 33]","[64.29, 21]","[106.0, 36]","[107.0, 48]",95.15,138,21.7,-0.22
07:41:50,"[95.52, 69]","[81.17, 65]","[102.75, 84]","[103.86, 73]",99.14,291,7.23,-0.08
07:41:51,"[99.28, 29]","[79.6, 20]","[100.64, 42]","[101.75, 60]",99.96,151,1.37,-0.35
07:41:52,"[100.0, 7]","[91.0, 28]","[101.0, 21]","[102.0, 35]",100.5,91,1.0,-0.23
07:41:53,"[87.7, 40]","[81.8, 10]","[96.37, 35]","[101.62, 32]",92.04,117,8.67,-0.15
07:41:54,"[84.29, 28]","[82.81, 21]","[102.53, 34]","[179.74, 39]",93.41,122,18.24,-0.2
07:41:55,"[100.94, 125]","[85.06, 34]","[103.23, 52]","[411.0, 44]",102.09,255,2.29,0.25
07:41:56,"[102.0, 75]","[86.0, 12]","[103.0, 24]","[351.0, 24]",102.5,135,1.0,0.29
07:41:57,"[103.35, 52]","[97.3, 43]","[337.84, 55]","[368.33, 48]",220.59,198,234.49,-0.04
07:41:58,"[109.0, 16]","[106.2, 20]","[339.0, 40]","[340.0, 32]",224.0,108,230.0,-0.33
07:41:59,"[108.5, 20]","[106.5, 20]","[263.42, 38]","[310.83, 36]",185.96,114,154.92,-0.3
07:42:00,"[106.67, 18]","[103.2, 30]","[203.65, 43]","[262.17, 24]",155.16,115,96.98,-0.17
07:42:01,"[104.0, 16]","[102.0, 48]","[209.44, 39]","[252.0, 21]",156.72,124,105.44,0.03
07:42:02,"[110.46, 26]","[103.6, 30]","[199.49, 47]","[215.2, 50]",154.98,153,89.03,-0.27
07:42:03,"[111.0, 20]","[105.32, 22]","[167.55, 22]","[173.76, 41]",139.27,105,56.55,-0.2
07:42:04,"[106.38, 53]","[104.62, 16]","[167.0, 18]","[169.0, 36]",136.69,123,60.62,0.12
07:42:05,"[108.72, 60]","[105.58, 19]","[163.85, 13]","[167.65, 23]",136.28,115,55.13,0.37
07:42:06,"[111.0, 49]","[109.0, 7]","[164.17, 12]","[165.89, 9]",137.58,77,53.17,0.45
07:42:07,"[111.0, 28]","[109.0, 4]","[164.06, 16]","[299.8, 5]",137.53,53,53.06,0.21
07:42:08,"[111.0, 98]","[109.0, 14]","[163.0, 46]","[164.0, 38]",137.0,196,52.0,0.14
07:42:09,"[111.0, 91]","[109.0, 13]","[160.2, 51]","[160.95, 41]",135.6,196,49.2,0.06
07:42:10,"[110.92, 49]","[108.21, 14]","[155.78, 23]","[155.86, 43]",133.35,129,44.86,-0.02
07:42:11,"[109.8, 15]","[107.11, 38]","[151.79, 29]","[153.0, 21]",130.8,103,41.99,0.03
07:42:12,"[111.0, 27]","[109.0, 19]","[149.15, 41]","[150.32, 31]",130.07,118,38.15,-0.22
07:42:13,"[111.0, 16]","[109.0, 18]","[148.42, 12]","[149.08, 38]",129.71,84,37.42,-0.19
07:42:14,"[111.0, 13]","[109.0, 13]","[147.18, 17]","[148.97, 61]",129.09,104,36.18,-0.5
07:42:15,"[109.12, 17]","[108.45, 11]","[145.73, 55]","[147.0, 11]",127.42,94,36.61,-0.4
07:42:16,"[107.0, 48]","[106.0, 12]","[142.77, 56]","[143.79, 28]",124.88,144,35.77,-0.17
07:42:17,"[107.0, 40]","[106.0, 10]","[139.67, 42]","[140.42, 38]",123.33,130,32.67,-0.23
07:42:18,"[107.0, 43]","[106.0, 11]","[118.12, 32]","[131.97, 32]",112.56,118,11.12,-0.08
07:42:19,"[106.0, 5]","[105.0, 5]","[108.0, 25]","[109.0, 10]",107.0,45,2.0,-0.56
07:42:20,"[105.55, 11]","[104.29, 21]","[191.31, 39]","[311.89, 18]",148.43,89,85.76,-0.28
07:42:21,"[105.58, 12]","[104.32, 22]","[399.0, 36]","[602.0, 12]",252.29,82,293.42,-0.17
07:42:22,"[95.91, 22]","[85.77, 22]","[339.5, 48]","[438.77, 44]",217.7,136,243.59,-0.35
07:42:23,"[67.56, 59]","[66.08, 52]","[198.31, 54]","[349.33, 42]",132.94,207,130.76,0.07
07:42:24,"[66.0, 25]","[62.0, 20]","[94.0, 15]","[95.0, 5]",80.0,65,28.0,0.38
07:42:25,"[66.56, 16]","[65.16, 38]","[94.0, 24]","[95.0, 8]",80.28,86,27.44,0.26
07:42:26,"[71.56, 9]","[66.16, 37]","[94.0, 15]","[95.0, 9]",82.78,70,22.44,0.31
07:42:27,"[77.4, 15]","[66.63, 27]","[94.27, 11]","[95.6, 20]",85.84,73,16.87,0.15
07:42:28,"[76.71, 28]","[68.95, 20]","[93.24, 25]","[95.52, 23]",84.98,96,16.53,0.0
07:42:29,"[78.0, 21]","[77.0, 7]","[95.37, 19]","[100.45, 22]",86.68,69,17.37,-0.19
07:42:30,"[79.24, 25]","[78.26, 19]","[96.0, 28]","[98.45, 53]",87.62,125,16.76,-0.3
07:42:31,"[82.58, 19]","[80.5, 20]","[96.4, 20]","[98.86, 56]",89.49,115,13.82,-0.32
07:42:32,"[86.81, 27]","[85.48, 25]","[98.0, 12]","[100.85, 39]",92.41,103,11.19,0.01
07:42:33,"[90.38, 24]","[89.48, 21]","[100.67, 18]","[101.86, 42]",95.52,105,10.29,-0.14
07:42:34,"[95.17, 18]","[94.0, 12]","[102.0, 18]","[133.91, 22]",98.58,70,6.83,-0.14
07:42:35,"[97.37, 19]","[96.12, 16]","[102.0, 19]","[103.0, 20]",99.68,74,4.63,-0.05
07:42:36,"[97.09, 11]","[95.13, 15]","[102.0, 11]","[103.0, 22]",99.55,59,4.91,-0.12
07:42:37,"[100.1, 10]","[90.5, 10]","[135.88, 16]","[196.71, 28]",117.99,64,35.78,-0.38
07:42:38,"[106.5, 6]","[95.6, 10]","[236.0, 24]","[360.0, 24]",171.25,64,129.5,-0.5
07:42:39,"[109.5, 4]","[94.0, 4]","[220.4, 10]","[267.0, 16]",164.95,34,110.9,-0.53
07:42:40,"[108.0, 6]","[64.64, 14]","[236.0, 24]","[342.33, 24]",172.0,68,128.0,-0.41
07:42:41,"[110.96, 76]","[106.86, 7]","[288.6, 20]","[369.11, 18]",199.78,121,177.64,0.37
07:42:42,"[111.0, 120]","[108.0, 8]","[288.93, 15]","[340.86, 14]",199.97,157,177.93,0.63
07:42:43,"[110.87, 94]","[105.71, 14]","[158.0, 10]","[186.9, 20]",134.44,138,47.13,0.57
07:42:44,"[105.56, 18]","[103.22, 27]","[180.0, 15]","[208.54, 26]",142.78,86,74.44,0.05
07:42:45,"[105.7, 23]","[104.12, 16]","[217.85, 26]","[240.56, 18]",161.77,83,112.15,-0.06
07:42:46,"[106.5, 30]","[105.95, 42]","[147.29, 14]","[174.29, 14]",126.89,100,40.79,0.44
07:42:47,"[109.16, 57]","[107.18, 45]","[146.44, 18]","[196.2, 20]",127.8,140,37.29,0.46
07:42:48,"[111.0, 36]","[108.0, 42]","[137.0, 12]","[293.2, 20]",124.0,110,26.0,0.42
07:42:49,"[111.0, 96]","[108.0, 112]","[146.0, 32]","[237.53, 30]",128.5,270,35.0,0.54
07:42:50,"[111.83, 72]","[110.38, 68]","[145.55, 22]","[156.0, 22]",128.69,184,33.71,0.52
07:42:51,"[112.0, 60]","[111.0, 60]","[145.0, 20]","[176.0, 20]",128.5,160,33.0,0.5
07:42:52,"[112.0, 54]","[111.0, 54]","[144.44, 18]","[206.0, 18]",128.22,144,32.44,0.5
07:42:53,"[112.0, 48]","[111.0, 48]","[143.4, 25]","[190.5, 16]",127.7,137,31.4,0.4
07:42:54,"[112.0, 60]","[111.0, 60]","[139.11, 18]","[146.13, 39]",125.56,177,27.11,0.36
07:42:55,"[112.0, 54]","[111.0, 66]","[132.51, 41]","[135.95, 19]",122.26,180,20.51,0.33
07:42:56,"[112.0, 24]","[111.0, 72]","[130.5, 16]","[131.84, 50]",121.25,162,18.5,0.19
07:42:57,"[111.0, 72]","[108.89, 62]","[127.11, 36]","[128.2, 50]",119.06,220,16.11,0.22
07:42:58,"[111.0, 66]","[109.0, 55]","[124.4, 45]","[125.84, 43]",117.7,209,13.4,0.16
07:42:59,"[111.0, 82]","[109.0, 65]","[122.63, 35]","[124.7, 61]",116.81,243,11.63,0.21
07:43:00,"[111.0, 100]","[109.0, 50]","[119.7, 50]","[121.0, 10]",115.35,210,8.7,0.43
07:43:01,"[111.0, 128]","[109.0, 92]","[117.81, 36]","[118.67, 54]",114.4,310,6.81,0.42
07:43:02,"[111.0, 123]","[109.0, 105]","[114.02, 63]","[115.04, 23]",112.51,314,3.02,0.45
07:43:03,"[111.0, 45]","[109.0, 63]","[112.03, 37]","[113.82, 11]",111.51,156,1.03,0.38
07:43:04,"[109.0, 58]","[108.0, 70]","[110.52, 29]","[111.81, 16]",109.76,173,1.52,0.48
07:43:05,"[108.16, 50]","[107.7, 20]","[110.07, 14]","[243.71, 17]",109.12,101,1.91,0.39
07:43:06,"[108.0, 35]","[107.0, 5]","[110.0, 5]","[169.0, 13]",109.0,58,2.0,0.38
07:43:07,"[108.0, 43]","[107.0, 10]","[109.3, 10]","[217.64, 25]",108.65,88,1.3,0.2
07:43:08,"[108.0, 16]","[107.0, 7]","[109.0, 7]","[215.62, 16]",108.5,46,1.0,0.0
07:43:09,"[108.52, 52]","[104.6, 48]","[204.1, 20]","[376.3, 23]",156.31,143,95.58,0.4
07:43:10,"[111.0, 48]","[106.0, 40]","[435.0, 23]","[595.12, 24]",273.0,135,324.0,0.3
07:43:11,"[111.0, 42]","[106.0, 35]","[411.0, 20]","[547.2, 15]",261.0,112,300.0,0.38
07:43:12,"[111.0, 15]","[106.0, 40]","[488.25, 24]","[574.7, 20]",299.62,99,377.25,0.11
07:43:13,"[106.38, 13]","[105.42, 12]","[399.0, 12]","[518.0, 12]",252.69,49,292.62,0.02
07:43:14,"[106.0, 35]","[105.0, 30]","[208.19, 26]","[390.05, 20]",157.1,111,102.19,0.17
07:43:15,"[106.82, 34]","[105.78, 27]","[282.06, 17]","[304.05, 19]",194.44,97,175.24,0.26
07:43:16,"[107.0, 24]","[106.0, 27]","[189.62, 13]","[305.26, 23]",148.31,87,82.62,0.17
07:43:17,"[107.69, 13]","[105.34, 29]","[173.31, 39]","[185.48, 25]",140.5,106,65.62,-0.21
07:43:18,"[106.4, 15]","[105.07, 29]","[171.48, 27]","[172.67, 43]",138.94,114,65.08,-0.23
07:43:19,"[109.56, 27]","[107.31, 16]","[167.67, 36]","[169.33, 12]",138.61,91,58.11,-0.05
07:43:20,"[112.0, 24]","[109.0, 32]","[164.21, 24]","[166.67, 24]",138.1,104,52.21,0.08
07:43:21,"[112.0, 30]","[109.0, 40]","[163.19, 26]","[163.58, 26]",137.6,122,51.19,0.15
07:43:22,"[112.0, 76]","[109.0, 52]","[159.81, 37]","[160.15, 41]",135.91,206,47.81,0.24
07:43:23,"[112.0, 70]","[109.0, 56]","[156.24, 38]","[157.84, 38]",134.12,202,44.24,0.25
07:43:24,"[112.0, 28]","[109.0, 70]","[153.29, 7]","[155.0, 7]",132.64,112,41.29,0.75
07:43:25,"[110.68, 50]","[108.92, 79]","[151.19, 42]","[152.23, 13]",130.94,184,40.51,0.4
07:43:26,"[109.0, 110]","[106.0, 10]","[133.95, 21]","[148.15, 40]",121.48,181,24.95,0.33
07:43:27,"[109.0, 130]","[106.0, 12]","[119.0, 20]","[119.65, 40]",114.0,202,10.0,0.41
07:43:28,"[109.0, 156]","[106.0, 13]","[116.85, 13]","[119.0, 65]",112.92,247,7.85,0.37
07:43:29,"[109.0, 98]","[106.0, 12]","[114.02, 56]","[116.25, 16]",111.51,182,5.02,0.21
07:43:30,"[109.0, 70]","[106.0, 14]","[114.0, 70]","[115.0, 14]",111.5,168,5.0,0.0
07:43:31,"[109.0, 45]","[106.99, 156]","[113.95, 37]","[114.41, 17]",111.47,255,4.95,0.58
07:43:32,"[108.57, 102]","[107.0, 353]","[110.28, 53]","[113.24, 41]",109.43,549,1.71,0.66
07:43:33,"[107.0, 242]","[106.0, 11]","[110.22, 18]","[111.82, 11]",108.61,282,3.22,0.79
07:43:34,"[107.11, 99]","[106.98, 180]","[134.75, 55]","[341.38, 16]",120.93,350,27.63,0.59
07:43:35,"[107.0, 132]","[106.0, 6]","[391.0, 6]","[392.0, 24]",249.0,168,284.0,0.64
07:43:36,"[107.02, 222]","[106.81, 54]","[322.34, 47]","[390.39, 33]",214.68,356,215.32,0.55
07:43:37,"[107.02, 207]","[106.23, 73]","[386.76, 38]","[388.74, 43]",246.89,361,279.74,0.55
07:43:38,"[108.07, 82]","[106.86, 177]","[378.63, 54]","[380.87, 63]",243.35,376,270.56,0.38
07:43:39,"[107.79, 146]","[106.92, 156]","[310.35, 48]","[322.17, 36]",209.07,386,202.56,0.56
07:43:40,"[108.17, 132]","[107.0, 180]","[196.09, 43]","[212.94, 49]",152.13,404,87.93,0.54
07:43:41,"[109.62, 88]","[107.0, 120]","[125.87, 39]","[126.63, 27]",117.75,274,16.25,0.52
07:43:42,"[111.57, 132]","[107.77, 93]","[124.09, 57]","[125.06, 69]",117.83,351,12.52,0.28
07:43:43,"[112.0, 88]","[111.0, 22]","[122.27, 45]","[124.47, 38]",117.13,193,10.27,0.14
07:43:44,"[112.0, 104]","[111.0, 26]","[119.27, 55]","[118.69, 36]",115.64,221,7.27,0.18
07:43:45,"[111.95, 38]","[109.21, 29]","[115.44, 18]","[133.69, 39]",113.7,124,3.5,0.08
07:43:46,"[108.25, 106]","[106.73, 95]","[113.23, 43]","[130.93, 43]",110.74,287,4.99,0.4
07:43:47,"[107.0, 117]","[105.0, 40]","[112.89, 27]","[114.0, 18]",109.94,202,5.89,0.55
07:43:48,"[107.0, 117]","[105.0, 51]","[110.05, 22]","[111.26, 23]",108.52,213,3.05,0.58
07:43:49,"[107.0, 111]","[105.0, 54]","[108.43, 21]","[163.0, 24]",107.71,210,1.43,0.57
07:43:50,"[107.0, 99]","[105.0, 54]","[109.0, 27]","[131.67, 42]",108.0,222,2.0,0.38
07:43:51,"[107.7, 86]","[105.98, 82]","[196.97, 31]","[600.89, 36]",152.33,235,89.27,0.43
07:43:52,"[111.0, 72]","[107.0, 96]","[350.0, 24]","[351.62, 40]",230.5,232,239.0,0.45
07:43:53,"[111.0, 24]","[107.0, 32]","[200.0, 4]","[281.11, 18]",155.5,78,89.0,0.44
07:43:54,"[107.96, 67]","[105.91, 70]","[198.31, 13]","[225.0, 52]",153.13,202,90.35,0.36
07:43:55,"[108.3, 54]","[107.42, 57]","[196.33, 15]","[225.0, 60]",152.31,186,88.04,0.19
07:43:56,"[111.0, 16]","[109.0, 40]","[195.0, 8]","[225.0, 32]",153.0,96,84.0,0.17
07:43:57,"[109.65, 37]","[108.46, 65]","[194.09, 11]","[320.0, 27]",151.87,140,84.44,0.46
07:43:58,"[108.9, 67]","[107.99, 85]","[116.38, 16]","[159.79, 43]",112.64,211,7.48,0.44
07:43:59,"[108.0, 52]","[107.0, 8]","[109.5, 8]","[171.0, 40]",108.75,108,1.5,0.11
07:44:00,"[108.0, 26]","[107.0, 10]","[173.4, 10]","[263.0, 15]",140.7,61,65.4,0.18
07:44:01,"[108.0, 10]","[107.0, 5]","[270.0, 5]","[394.31, 13]",189.0,33,162.0,-0.09
07:44:02,"[108.0, 24]","[107.0, 12]","[339.12, 17]","[496.64, 33]",223.56,86,231.12,-0.16
07:44:03,"[110.18, 22]","[107.44, 9]","[232.0, 14]","[654.7, 23]",171.09,68,121.82,-0.09
07:44:04,"[108.0, 11]","[107.0, 9]","[194.4, 30]","[203.97, 33]",151.2,83,86.4,-0.52
07:44:05,"[108.93, 59]","[107.56, 9]","[192.14, 14]","[207.95, 21]",150.54,103,83.21,0.32
07:44:06,"[109.0, 185]","[108.0, 11]","[167.43, 23]","[173.72, 29]",138.22,248,58.43,0.58
07:44:07,"[109.0, 132]","[108.0, 11]","[164.73, 22]","[175.71, 21]",136.86,186,55.73,0.54
07:44:08,"[109.0, 66]","[108.0, 11]","[163.36, 22]","[190.0, 11]",136.18,110,54.36,0.4
07:44:09,"[109.0, 48]","[108.0, 8]","[146.4, 10]","[164.93, 15]",127.7,81,37.4,0.38
07:44:10,"[109.25, 72]","[108.67, 27]","[157.59, 17]","[163.26, 19]",133.42,135,48.34,0.47
07:44:11,"[111.14, 42]","[109.89, 54]","[159.0, 22]","[161.0, 11]",135.07,129,47.86,0.49
07:44:12,"[112.0, 60]","[111.0, 20]","[158.5, 20]","[161.0, 10]",135.25,110,46.5,0.45
07:44:13,"[112.0, 60]","[111.0, 20]","[157.0, 10]","[158.0, 20]",134.5,110,45.0,0.45
07:44:14,"[112.0, 72]","[111.0, 24]","[156.25, 12]","[158.0, 24]",134.12,132,44.25,0.45
07:44:15,"[112.0, 60]","[111.0, 20]","[154.54, 13]","[157.47, 17]",133.27,110,42.54,0.45
07:44:16,"[112.0, 102]","[111.0, 34]","[151.3, 23]","[151.86, 28]",131.65,187,39.3,0.45
07:44:17,"[112.0, 65]","[111.0, 26]","[146.67, 24]","[148.53, 15]",129.33,130,34.67,0.4
07:44:18,"[112.0, 65]","[111.0, 26]","[144.88, 17]","[146.18, 22]",128.44,130,32.88,0.4
07:44:19,"[112.0, 59]","[111.0, 30]","[139.1, 20]","[140.88, 24]",125.55,133,27.1,0.34
07:44:20,"[112.0, 57]","[111.0, 38]","[134.6, 30]","[135.5, 26]",123.3,151,22.6,0.26
07:44:21,"[111.97, 34]","[110.7, 40]","[130.1, 21]","[131.44, 16]",121.03,111,18.12,0.33
07:44:22,"[109.0, 41]","[108.0, 55]","[126.5, 12]","[127.5, 12]",117.75,120,17.5,0.6
07:44:23,"[110.24, 71]","[107.36, 112]","[123.91, 22]","[124.56, 18]",117.07,223,13.67,0.64
07:44:24,"[112.0, 180]","[109.0, 60]","[120.12, 16]","[121.5, 18]",116.06,274,8.12,0.75
07:44:25,"[110.5, 48]","[108.73, 55]","[114.59, 17]","[116.18, 28]",112.54,148,4.09,0.39
07:44:26,"[111.0, 16]","[109.0, 56]","[113.18, 38]","[115.33, 18]",112.09,128,2.18,0.12
07:44:27,"[108.86, 21]","[107.62, 78]","[113.0, 27]","[116.0, 9]",110.93,135,4.14,0.47
07:44:28,"[108.0, 75]","[107.0, 270]","[112.32, 19]","[113.15, 41]",110.16,405,4.32,0.7
07:44:29,"[108.0, 75]","[107.0, 270]","[112.84, 37]","[133.27, 45]",110.42,427,4.84,0.62
07:44:30,"[110.06, 32]","[107.56, 81]","[112.14, 21]","[148.0, 30]",111.1,164,2.08,0.38
07:44:31,"[111.0, 30]","[108.0, 90]","[209.82, 33]","[290.97, 35]",160.41,188,98.82,0.28
07:44:32,"[110.0, 9]","[107.36, 84]","[229.86, 21]","[257.17, 24]",169.93,138,119.86,0.35
07:44:33,"[108.53, 15]","[107.03, 130]","[251.0, 38]","[276.38, 26]",179.77,209,142.47,0.39
07:44:34,"[109.3, 20]","[108.0, 10]","[223.15, 41]","[244.42, 24]",166.22,95,113.85,-0.37
07:44:35,"[111.57, 28]","[108.0, 14]","[208.25, 69]","[235.88, 43]",159.91,154,96.67,-0.45
07:44:36,"[112.0, 36]","[108.0, 27]","[204.84, 55]","[206.48, 84]",158.42,202,92.84,-0.38
07:44:37,"[112.0, 28]","[108.0, 26]","[145.45, 40]","[177.49, 45]",128.72,139,33.45,-0.22
07:44:38,"[105.51, 82]","[104.24, 51]","[121.61, 62]","[122.52, 33]",113.56,228,16.1,0.17
07:44:39,"[107.69, 45]","[106.11, 47]","[120.77, 52]","[121.68, 47]",114.23,191,13.08,-0.04
07:44:40,"[109.0, 52]","[107.85, 65]","[116.97, 31]","[119.14, 51]",112.98,199,7.97,0.18
07:44:41,"[109.0, 21]","[108.0, 45]","[114.04, 25]","[114.7, 40]",111.52,131,5.04,0.01
07:44:42,"[107.62, 39]","[105.54, 78]","[111.17, 36]","[112.22, 46]",109.39,199,3.55,0.18
07:44:43,"[105.0, 45]","[104.0, 36]","[108.11, 36]","[109.67, 24]",106.56,141,3.11,0.15
07:44:44,"[105.0, 24]","[104.0, 24]","[107.2, 35]","[109.83, 12]",106.1,95,2.2,0.01
07:44:45,"[103.04, 23]","[87.86, 28]","[106.35, 20]","[215.25, 20]",104.7,91,3.31,0.12
07:44:46,"[102.0, 22]","[53.14, 43]","[104.09, 11]","[287.0, 33]",103.05,109,2.09,0.19
07:44:47,"[102.0, 10]","[99.25, 16]","[178.0, 11]","[306.0, 15]",140.0,52,76.0,0.0
07:44:48,"[102.78, 18]","[100.15, 26]","[255.69, 39]","[424.45, 33]",179.24,116,152.91,-0.24
07:44:49,"[109.6, 50]","[93.61, 31]","[269.95, 40]","[417.21, 38]",189.77,159,160.35,0.02
07:44:50,"[111.6, 30]","[110.57, 63]","[188.85, 52]","[207.08, 52]",150.22,197,77.25,-0.06
07:44:51,"[111.0, 36]","[108.0, 27]","[175.78, 36]","[232.19, 31]",143.39,130,64.78,-0.03
07:44:52,"[111.0, 40]","[108.0, 30]","[134.4, 40]","[182.74, 38]",122.7,148,23.4,-0.05
07:44:53,"[110.4, 60]","[106.04, 104]","[132.38, 63]","[318.05, 73]",121.39,300,21.98,0.09
07:44:54,"[108.0, 24]","[105.0, 136]","[131.38, 32]","[347.19, 37]",119.69,229,23.38,0.4
07:44:55,"[108.0, 24]","[105.0, 136]","[130.38, 32]","[295.13, 30]",119.19,222,22.38,0.44
07:44:56,"[108.0, 23]","[105.0, 153]","[129.67, 36]","[152.22, 45]",118.83,257,21.67,0.37
07:44:57,"[105.26, 93]","[103.46, 156]","[128.31, 52]","[133.0, 65]",116.78,366,23.05,0.36
07:44:58,"[105.0, 153]","[92.29, 34]","[127.33, 36]","[133.0, 45]",116.17,268,22.33,0.4
07:44:59,"[105.0, 204]","[83.54, 52]","[126.75, 48]","[133.0, 60]",115.88,364,21.75,0.41
07:45:00,"[105.03, 136]","[93.83, 116]","[125.08, 48]","[169.5, 20]",115.06,320,20.05,0.57
07:45:01,"[105.09, 94]","[94.88, 96]","[117.09, 43]","[230.37, 43]",111.09,276,12.01,0.38
07:45:02,"[105.18, 99]","[79.08, 75]","[106.72, 29]","[122.0, 40]",105.95,243,1.54,0.43
07:45:03,"[105.0, 34]","[58.57, 42]","[560.33, 21]","[686.16, 25]",332.67,122,455.33,0.25
07:45:04,"[107.42, 36]","[67.38, 26]","[634.75, 16]","[636.25, 16]",371.08,94,527.33,0.32
07:45:05,"[105.0, 12]","[104.0, 10]","[420.0, 17]","[532.69, 13]",262.5,52,315.0,-0.15
07:45:06,"[103.12, 34]","[60.5, 30]","[302.3, 20]","[511.9, 10]",202.71,94,199.18,0.36
07:45:07,"[103.0, 24]","[31.0, 30]","[231.55, 11]","[301.0, 10]",167.27,75,128.55,0.44
07:45:08,"[102.84, 19]","[36.26, 27]","[214.0, 7]","[220.14, 14]",158.42,67,111.16,0.37
07:45:09,"[104.57, 21]","[51.29, 21]","[213.0, 11]","[268.73, 11]",158.79,64,108.43,0.31
07:45:10,"[106.35, 37]","[104.9, 31]","[211.45, 22]","[213.0, 11]",158.9,101,105.1,0.35
07:45:11,"[107.0, 35]","[105.0, 21]","[211.0, 14]","[213.0, 7]",159.0,77,104.0,0.45
07:45:12,"[107.64, 28]","[106.33, 18]","[208.31, 13]","[209.91, 11]",157.98,70,100.66,0.31
07:45:13,"[108.0, 42]","[107.0, 28]","[124.81, 16]","[182.0, 23]",116.41,109,16.81,0.28
07:45:14,"[107.84, 44]","[106.59, 29]","[119.67, 15]","[120.63, 27]",113.75,115,11.83,0.27
07:45:15,"[105.0, 18]","[104.0, 18]","[117.07, 14]","[117.77, 13]",111.04,63,12.07,0.14
07:45:16,"[105.0, 11]","[104.0, 18]","[113.11, 9]","[115.69, 13]",109.06,51,8.11,0.14
07:45:17,"[104.54, 13]","[103.4, 20]","[107.84, 19]","[109.3, 23]",106.19,75,3.3,-0.12
07:45:18,"[78.22, 27]","[74.53, 15]","[102.88, 16]","[104.45, 20]",90.55,78,24.65,0.08
07:45:19,"[92.83, 23]","[63.05, 38]","[101.43, 14]","[102.16, 19]",97.13,94,8.6,0.3
07:45:20,"[88.71, 41]","[69.18, 44]","[159.88, 25]","[237.81, 31]",124.29,141,71.17,0.21
07:45:21,"[109.21, 42]","[88.38, 48]","[168.31, 13]","[177.48, 25]",138.76,128,59.09,0.41
07:45:22,"[112.0, 30]","[111.0, 24]","[165.11, 18]","[167.78, 9]",138.56,81,53.11,0.33
07:45:23,"[112.0, 55]","[111.0, 49]","[164.91, 35]","[165.4, 20]",138.46,159,52.91,0.31
07:45:24,"[112.0, 45]","[111.0, 55]","[162.76, 17]","[164.89, 38]",137.38,155,50.76,0.29
07:45:25,"[111.62, 39]","[109.88, 64]","[161.0, 44]","[163.0, 11]",136.31,158,49.38,0.3
07:45:26,"[111.0, 55]","[108.0, 88]","[160.91, 35]","[161.8, 20]",135.96,198,49.91,0.44
07:45:27,"[111.0, 61]","[108.1, 62]","[157.25, 16]","[158.76, 49]",134.12,188,46.25,0.31
07:45:28,"[111.0, 30]","[109.0, 10]","[154.64, 22]","[158.28, 29]",132.82,91,43.64,-0.12
07:45:29,"[111.0, 30]","[109.0, 10]","[153.8, 40]","[208.91, 22]",132.4,102,42.8,-0.22
07:45:30,"[111.0, 21]","[109.0, 7]","[150.92, 26]","[223.39, 23]",130.96,77,39.92,-0.27
07:45:31,"[111.0, 45]","[108.31, 39]","[149.44, 50]","[150.56, 57]",130.22,191,38.44,-0.12
07:45:32,"[111.0, 27]","[108.0, 81]","[114.48, 31]","[135.62, 32]",112.74,171,3.48,0.26
07:45:33,"[111.0, 42]","[108.0, 126]","[113.08, 53]","[136.0, 48]",112.04,269,2.08,0.25
07:45:34,"[108.6, 45]","[107.69, 39]","[113.0, 21]","[149.0, 28]",110.8,133,4.4,0.26
07:45:35,"[108.0, 90]","[107.0, 30]","[111.68, 31]","[129.05, 21]",109.84,172,3.68,0.4
07:45:36,"[108.0, 49]","[107.0, 33]","[111.0, 15]","[123.0, 11]",109.5,108,3.0,0.52
07:45:37,"[108.0, 41]","[107.0, 33]","[109.73, 11]","[123.0, 11]",108.86,96,1.73,0.54
07:45:38,"[107.29, 21]","[105.39, 93]","[223.91, 11]","[430.19, 26]",165.6,151,116.62,0.51
07:45:39,"[109.35, 37]","[106.0, 52]","[379.41, 17]","[452.41, 29]",244.38,135,270.06,0.32
07:45:40,"[110.62, 32]","[109.0, 8]","[260.68, 19]","[270.21, 28]",185.65,87,150.06,-0.08
07:45:41,"[111.14, 56]","[109.0, 14]","[237.5, 24]","[258.76, 34]",174.32,128,126.36,0.09
07:45:42,"[112.0, 44]","[109.0, 11]","[251.16, 25]","[252.93, 30]",181.58,110,139.16,0.0
07:45:43,"[112.0, 28]","[109.0, 9]","[238.77, 26]","[248.65, 23]",175.38,86,126.77,-0.14
07:45:44,"[112.0, 18]","[109.0, 9]","[225.67, 24]","[248.55, 22]",168.83,73,113.67,-0.26
07:45:45,"[112.0, 18]","[109.4, 10]","[245.45, 20]","[246.32, 25]",178.72,73,133.45,-0.23
07:45:46,"[108.45, 11]","[105.7, 69]","[224.19, 32]","[244.77, 26]",166.32,138,115.73,0.16
07:45:47,"[109.12, 17]","[105.08, 125]","[225.75, 36]","[229.09, 33]",167.43,211,116.63,0.35
07:45:48,"[111.0, 13]","[107.0, 13]","[224.38, 39]","[432.62, 48]",167.69,113,113.38,-0.54
07:45:49,"[111.0, 11]","[107.0, 11]","[177.9, 30]","[256.57, 40]",144.45,92,66.9,-0.52
07:45:50,"[111.0, 14]","[107.0, 14]","[139.74, 35]","[209.36, 39]",125.37,102,28.74,-0.45
07:45:51,"[111.0, 12]","[106.83, 12]","[114.7, 40]","[115.88, 32]",112.85,96,3.7,-0.5
07:45:52,"[105.84, 57]","[104.2, 71]","[111.17, 36]","[113.04, 50]",108.5,214,5.32,0.2
07:45:53,"[105.0, 48]","[104.0, 90]","[106.5, 20]","[108.27, 22]",105.75,180,1.5,0.53
07:45:54,"[105.0, 5]","[104.0, 45]","[108.56, 18]","[165.33, 12]",106.78,80,3.56,0.25
07:45:55,"[105.0, 5]","[104.0, 45]","[108.0, 20]","[254.71, 14]",106.5,84,3.0,0.19
07:45:56,"[105.0, 8]","[104.0, 72]","[107.25, 32]","[221.62, 26]",106.12,138,2.25,0.16
07:45:57,"[105.0, 4]","[104.0, 36]","[106.25, 16]","[253.36, 11]",105.62,67,1.25,0.19
07:45:58,"[104.25, 24]","[103.8, 60]","[106.71, 28]","[274.7, 20]",105.48,132,2.46,0.27
07:45:59,"[104.0, 54]","[102.0, 18]","[217.67, 12]","[401.0, 24]",160.83,108,113.67,0.33
07:46:00,"[106.78, 81]","[103.74, 93]","[326.31, 29]","[439.5, 40]",216.54,243,219.53,0.43
07:46:01,"[104.16, 32]","[103.0, 18]","[371.0, 8]","[532.0, 16]",237.58,74,266.84,0.35
07:46:02,"[105.68, 63]","[104.0, 117]","[278.9, 40]","[304.42, 48]",192.29,268,173.22,0.34
07:46:03,"[107.43, 63]","[103.93, 84]","[272.2, 30]","[301.27, 41]",189.81,218,164.77,0.35
07:46:04,"[108.0, 76]","[104.0, 126]","[146.91, 46]","[165.69, 36]",127.46,284,38.91,0.42
07:46:05,"[108.0, 43]","[104.0, 90]","[135.24, 42]","[136.15, 20]",121.62,195,27.24,0.36
07:46:06,"[108.0, 52]","[104.0, 117]","[130.38, 37]","[131.75, 51]",119.19,257,22.38,0.32
07:46:07,"[108.0, 48]","[104.0, 108]","[126.09, 46]","[127.12, 40]",117.04,242,18.09,0.29
07:46:08,"[108.0, 76]","[104.0, 171]","[120.0, 69]","[121.18, 78]",114.0,394,12.0,0.25
07:46:09,"[108.0, 44]","[104.0, 99]","[115.12, 51]","[116.59, 37]",111.56,231,7.12,0.24
07:46:10,"[108.0, 26]","[104.0, 99]","[112.96, 48]","[114.34, 38]",110.48,211,4.96,0.18
07:46:11,"[104.81, 79]","[103.55, 93]","[109.56, 55]","[110.36, 64]",107.19,291,4.75,0.18
07:46:12,"[103.47, 45]","[87.71, 35]","[108.07, 43]","[109.17, 29]",105.77,152,4.6,0.05
07:46:13,"[103.36, 168]","[101.62, 151]","[107.06, 62]","[108.23, 78]",105.21,459,3.7,0.39
07:46:14,"[105.0, 35]","[104.0, 65]","[395.0, 20]","[535.0, 20]",250.0,140,290.0,0.43
07:46:15,"[108.56, 55]","[104.46, 57]","[395.0, 36]","[583.67, 36]",251.78,184,286.44,0.22
07:46:16,"[111.0, 90]","[107.0, 11]","[500.91, 44]","[744.33, 24]",305.95,169,389.91,0.2
07:46:17,"[111.0, 32]","[107.0, 8]","[304.38, 32]","[530.88, 32]",207.69,104,193.38,-0.23
07:46:18,"[111.0, 24]","[107.0, 6]","[300.0, 24]","[305.0, 24]",205.5,78,189.0,-0.23
07:46:19,"[111.0, 8]","[107.0, 2]","[300.0, 8]","[305.0, 8]",205.5,26,189.0,-0.23
07:46:20,"[111.0, 24]","[107.0, 6]","[300.83, 24]","[328.33, 24]",205.92,78,189.83,-0.23
07:46:21,"[112.0, 5]","[111.0, 20]","[305.0, 20]","[445.0, 20]",208.5,65,193.0,-0.23
07:46:22,"[112.0, 32]","[111.0, 84]","[309.7, 40]","[449.8, 40]",210.85,196,197.7,0.18
07:46:23,"[109.0, 11]","[107.46, 35]","[359.93, 30]","[496.64, 44]",234.47,120,250.93,-0.23
07:46:24,"[107.36, 11]","[105.04, 114]","[218.0, 24]","[319.8, 30]",162.68,179,110.64,0.4
07:46:25,"[108.0, 8]","[107.0, 4]","[167.29, 14]","[187.4, 10]",137.64,36,59.29,-0.33
07:46:26,"[108.88, 34]","[107.91, 22]","[162.81, 31]","[173.45, 22]",135.84,109,53.92,0.03
07:46:27,"[109.11, 18]","[107.67, 12]","[159.0, 8]","[160.0, 16]",134.06,54,49.89,0.11
07:46:28,"[108.0, 20]","[107.0, 10]","[158.6, 10]","[160.0, 20]",133.3,60,50.6,0.0
07:46:29,"[107.12, 16]","[105.01, 225]","[146.3, 23]","[156.85, 26]",126.71,290,39.18,0.66
07:46:30,"[105.12, 97]","[104.77, 124]","[126.95, 21]","[136.26, 23]",116.04,265,21.83,0.67
07:46:31,"[105.0, 130]","[104.0, 40]","[121.5, 20]","[123.5, 20]",113.25,210,16.5,0.62
07:46:32,"[107.22, 81]","[105.82, 177]","[118.7, 23]","[120.07, 30]",112.96,311,11.47,0.66
07:46:33,"[109.0, 8]","[108.0, 32]","[117.0, 12]","[118.67, 12]",113.0,64,8.0,0.25
07:46:34,"[109.0, 12]","[108.0, 48]","[113.82, 22]","[114.88, 17]",111.41,99,4.82,0.21
07:46:35,"[107.55, 22]","[105.15, 131]","[110.52, 31]","[112.09, 23]",109.03,207,2.97,0.48
07:46:36,"[105.31, 64]","[104.63, 76]","[108.14, 28]","[111.29, 17]",106.73,185,2.83,0.51
07:46:37,"[105.0, 144]","[104.0, 48]","[109.9, 20]","[153.4, 20]",107.45,232,4.9,0.66
07:46:38,"[105.09, 134]","[104.29, 84]","[159.18, 22]","[145.62, 32]",132.14,272,54.09,0.6
07:46:39,"[111.0, 6]","[105.0, 72]","[201.0, 24]","[549.0, 24]",156.0,126,90.0,0.24
07:46:40,"[105.06, 109]","[104.2, 60]","[188.38, 52]","[444.3, 40]",146.72,261,83.33,0.3
07:46:41,"[105.0, 51]","[104.0, 20]","[133.0, 20]","[231.2, 20]",119.0,111,28.0,0.28
07:46:42,"[105.48, 50]","[104.71, 56]","[138.7, 40]","[323.0, 40]",122.09,186,33.22,0.14
07:46:43,"[109.0, 12]","[105.0, 153]","[152.0, 48]","[333.79, 52]",130.5,265,43.0,0.25
07:46:44,"[105.2, 91]","[104.85, 118]","[238.95, 55]","[479.85, 52]",172.07,316,133.75,0.32
07:46:45,"[109.97, 87]","[104.98, 184]","[236.62, 65]","[361.63, 54]",173.29,390,126.65,0.39
07:46:46,"[111.0, 66]","[105.0, 165]","[248.8, 50]","[305.22, 46]",179.9,327,137.8,0.41
07:46:47,"[111.0, 79]","[105.0, 165]","[170.64, 53]","[297.75, 48]",140.82,345,59.64,0.41
07:46:48,"[111.0, 146]","[105.0, 120]","[154.39, 28]","[186.22, 36]",132.7,330,43.39,0.61
07:46:49,"[111.0, 136]","[105.0, 120]","[151.97, 29]","[153.11, 27]",131.48,312,40.97,0.64
07:46:50,"[111.0, 136]","[105.0, 120]","[148.68, 25]","[151.61, 31]",129.84,312,37.68,0.64
07:46:51,"[111.0, 187]","[105.0, 165]","[143.78, 45]","[146.71, 38]",127.39,435,32.78,0.62
07:46:52,"[111.0, 102]","[105.0, 90]","[142.24, 21]","[143.57, 21]",126.62,234,31.24,0.64
07:46:53,"[111.0, 194]","[105.0, 195]","[135.98, 49]","[140.43, 42]",123.49,480,24.98,0.62
07:46:54,"[111.0, 63]","[105.0, 105]","[131.29, 28]","[133.62, 26]",121.14,222,20.29,0.51
07:46:55,"[111.0, 108]","[105.0, 180]","[127.02, 49]","[132.07, 45]",119.01,382,16.02,0.51
07:46:56,"[111.0, 108]","[105.02, 166]","[116.15, 39]","[121.18, 45]",113.58,358,5.15,0.53
07:46:57,"[111.0, 81]","[108.0, 9]","[114.67, 27]","[116.0, 36]",112.83,153,3.67,0.18
07:46:58,"[111.0, 60]","[108.0, 10]","[113.43, 35]","[115.14, 35]",112.21,140,2.43,0.0
07:46:59,"[111.0, 54]","[108.77, 31]","[112.0, 33]","[113.0, 44]",111.5,162,1.0,0.05
07:47:00,"[109.0, 116]","[108.0, 12]","[111.83, 36]","[313.58, 48]",110.42,212,2.83,0.21
07:47:01,"[109.0, 86]","[108.0, 9]","[110.0, 27]","[222.43, 42]",109.5,164,1.0,0.16
07:47:02,"[109.0, 153]","[108.0, 17]","[143.22, 41]","[194.56, 81]",126.11,292,34.22,0.16
07:47:03,"[109.0, 64]","[108.0, 10]","[144.5, 20]","[203.0, 49]",126.75,143,35.5,0.03
07:47:04,"[109.0, 44]","[108.0, 11]","[144.0, 22]","[303.26, 38]",126.5,115,35.0,-0.04
07:47:05,"[107.24, 25]","[105.36, 94]","[140.25, 32]","[245.68, 37]",123.75,188,33.01,0.27
07:47:06,"[110.5, 32]","[107.46, 28]","[137.72, 36]","[264.15, 40]",124.11,136,27.22,-0.12
07:47:07,"[107.67, 27]","[105.25, 72]","[131.24, 68]","[134.24, 68]",119.45,235,23.57,-0.16
07:47:08,"[109.5, 10]","[107.71, 14]","[126.22, 18]","[129.0, 45]",117.86,87,16.72,-0.45
07:47:09,"[108.0, 16]","[107.0, 16]","[125.37, 35]","[128.33, 72]",116.69,139,17.37,-0.54
07:47:10,"[108.0, 15]","[107.0, 15]","[121.17, 63]","[122.89, 63]",114.59,156,13.17,-0.62
07:47:11,"[108.0, 12]","[107.0, 12]","[118.44, 52]","[121.33, 60]",113.22,136,10.44,-0.65
07:47:12,"[108.0, 16]","[107.0, 16]","[115.92, 60]","[116.58, 36]",111.96,128,7.92,-0.5
07:47:13,"[108.0, 9]","[107.0, 25]","[114.0, 9]","[116.0, 45]",111.0,88,6.0,-0.23
07:47:14,"[108.0, 13]","[107.0, 33]","[111.07, 44]","[112.97, 31]",109.53,121,3.07,-0.24
07:47:15,"[105.61, 31]","[104.94, 97]","[108.51, 41]","[110.86, 21]",107.06,190,2.9,0.35
07:47:16,"[105.0, 54]","[104.0, 28]","[106.86, 29]","[165.8, 25]",105.93,136,1.86,0.21
07:47:17,"[105.0, 44]","[104.0, 40]","[106.4, 50]","[396.6, 40]",105.7,174,1.4,-0.03
07:47:18,"[105.0, 40]","[104.0, 40]","[235.93, 44]","[525.94, 35]",170.47,159,130.93,0.01
07:47:19,"[105.5, 24]","[103.8, 30]","[530.6, 30]","[658.65, 34]",318.05,118,425.1,-0.08
07:47:20,"[107.18, 22]","[105.0, 15]","[300.26, 47]","[490.48, 50]",203.72,134,193.07,-0.45
07:47:21,"[109.0, 24]","[107.0, 24]","[261.0, 36]","[424.0, 59]",185.0,143,152.0,-0.33
07:47:22,"[109.0, 31]","[107.0, 18]","[423.23, 39]","[562.82, 44]",266.12,132,314.23,-0.26
07:47:23,"[109.0, 32]","[107.0, 16]","[206.0, 24]","[295.0, 24]",157.5,96,97.0,0.0
07:47:24,"[108.96, 45]","[106.91, 23]","[272.05, 40]","[358.8, 41]",190.5,149,163.09,-0.09
07:47:25,"[102.33, 49]","[93.04, 54]","[319.91, 44]","[388.91, 33]",211.12,180,217.58,0.14
07:47:26,"[101.36, 97]","[80.22, 78]","[277.93, 54]","[416.21, 38]",189.64,267,176.57,0.31
07:47:27,"[102.0, 50]","[101.0, 100]","[167.8, 50]","[171.0, 30]",134.9,230,65.8,0.3
07:47:28,"[103.59, 37]","[101.38, 80]","[165.82, 55]","[204.12, 25]",134.71,197,62.22,0.19
07:47:29,"[111.0, 8]","[103.75, 40]","[164.62, 40]","[302.0, 20]",137.81,108,53.62,-0.11
07:47:30,"[104.83, 58]","[103.25, 80]","[160.7, 54]","[177.12, 58]",132.77,250,55.88,0.1
07:47:31,"[105.0, 36]","[104.0, 45]","[156.67, 45]","[159.0, 27]",130.83,153,51.67,0.06
07:47:32,"[105.0, 28]","[104.0, 35]","[155.43, 35]","[159.0, 21]",130.21,119,50.43,0.06
07:47:33,"[105.54, 52]","[104.58, 48]","[154.74, 47]","[157.05, 41]",130.14,188,49.21,0.06
07:47:34,"[107.1, 40]","[105.0, 40]","[152.5, 42]","[154.05, 38]",129.8,160,45.4,0.0
07:47:35,"[105.35, 68]","[104.36, 78]","[151.73, 56]","[152.46, 46]",128.54,248,46.38,0.18
07:47:36,"[105.2, 41]","[104.04, 68]","[150.0, 70]","[151.0, 42]",127.6,221,44.8,-0.01
07:47:37,"[108.27, 22]","[104.9, 48]","[148.8, 50]","[149.95, 38]",128.54,158,40.53,-0.11
07:47:38,"[105.0, 40]","[104.0, 50]","[146.9, 50]","[149.0, 50]",125.95,190,41.9,-0.05
07:47:39,"[105.0, 32]","[104.0, 40]","[144.61, 38]","[146.5, 30]",124.8,140,39.61,0.03
07:47:40,"[104.29, 48]","[101.0, 58]","[141.66, 41]","[143.49, 47]",122.98,194,37.37,0.09
07:47:41,"[103.2, 71]","[74.04, 108]","[139.93, 42]","[141.0, 70]",121.56,291,36.73,0.23
07:47:42,"[111.0, 6]","[109.0, 18]","[137.23, 26]","[138.68, 22]",124.12,72,26.23,-0.33
07:47:43,"[111.88, 48]","[109.56, 25]","[132.89, 53]","[134.22, 63]",122.38,189,21.01,-0.23
07:47:44,"[112.0, 41]","[111.0, 8]","[131.34, 38]","[132.44, 34]",121.67,121,19.34,-0.19
07:47:45,"[111.63, 30]","[109.22, 37]","[128.27, 63]","[130.23, 47]",119.95,177,16.64,-0.24
07:47:46,"[110.33, 6]","[108.71, 14]","[126.53, 19]","[127.12, 17]",118.43,56,16.19,-0.29
07:47:47,"[109.0, 18]","[107.0, 18]","[122.58, 33]","[123.49, 35]",115.79,104,13.58,-0.31
07:47:48,"[107.82, 17]","[106.23, 13]","[118.68, 37]","[119.4, 25]",113.25,92,10.85,-0.35
07:47:49,"[107.6, 10]","[105.92, 13]","[116.31, 32]","[118.0, 22]",111.96,77,8.71,-0.4
07:47:50,"[107.0, 15]","[105.0, 15]","[115.04, 48]","[115.6, 35]",111.02,113,8.04,-0.47
07:47:51,"[105.35, 63]","[103.98, 63]","[111.44, 36]","[112.31, 39]",108.4,201,6.1,0.25
07:47:52,"[105.0, 169]","[101.0, 52]","[107.0, 45]","[108.33, 52]",106.0,318,2.0,0.39
07:47:53,"[105.0, 101]","[101.0, 52]","[107.7, 37]","[172.63, 43]",106.35,233,2.7,0.31
07:47:54,"[108.73, 30]","[104.0, 31]","[115.0, 9]","[234.33, 27]",111.87,97,6.27,0.26
07:47:55,"[109.0, 40]","[107.71, 21]","[114.6, 10]","[301.32, 37]",111.8,108,5.6,0.13
07:47:56,"[109.0, 28]","[108.0, 14]","[111.29, 7]","[268.0, 28]",110.14,77,2.29,0.09
07:47:57,"[109.0, 44]","[108.0, 22]","[151.38, 16]","[270.51, 43]",130.19,125,42.38,0.06
07:47:58,"[109.0, 25]","[108.0, 14]","[119.0, 21]","[220.5, 24]",114.0,84,10.0,-0.07
07:47:59,"[109.0, 6]","[108.0, 12]","[119.0, 18]","[268.0, 24]",114.0,60,10.0,-0.4
07:48:00,"[109.0, 7]","[108.0, 14]","[114.57, 21]","[247.0, 27]",111.79,69,5.57,-0.39
07:48:01,"[109.9, 40]","[108.33, 12]","[116.0, 24]","[258.0, 32]",112.95,108,6.1,-0.04
07:48:02,"[110.27, 99]","[109.0, 11]","[113.95, 44]","[126.81, 47]",112.11,201,3.68,0.09
07:48:03,"[111.79, 87]","[110.04, 27]","[113.48, 63]","[114.35, 69]",112.63,246,1.68,-0.07
07:48:04,"[111.1, 84]","[110.37, 41]","[112.63, 60]","[125.67, 67]",111.86,252,1.54,-0.01
07:48:05,"[111.0, 10]","[108.73, 15]","[112.0, 20]","[253.67, 36]",111.5,81,1.0,-0.38
07:48:06,"[108.88, 34]","[107.76, 34]","[362.81, 31]","[453.81, 32]",235.84,131,253.92,0.04
07:48:07,"[111.0, 11]","[108.0, 77]","[261.3, 40]","[435.32, 37]",186.15,165,150.3,0.07
07:48:08,"[111.0, 15]","[108.0, 95]","[258.07, 56]","[336.11, 53]",184.54,219,147.07,0.0
07:48:09,"[111.0, 20]","[108.0, 96]","[204.45, 33]","[277.8, 40]",157.73,189,93.45,0.23
07:48:10,"[111.0, 20]","[108.0, 120]","[238.0, 36]","[250.94, 34]",174.5,210,127.0,0.33
07:48:11,"[111.0, 18]","[108.0, 108]","[215.6, 40]","[251.09, 33]",163.3,199,104.6,0.27
07:48:12,"[111.0, 12]","[108.0, 72]","[229.0, 24]","[302.4, 20]",170.0,128,118.0,0.31
07:48:13,"[111.0, 16]","[108.0, 96]","[210.25, 32]","[214.0, 32]",160.62,176,99.25,0.27
07:48:14,"[111.0, 22]","[108.0, 132]","[208.27, 44]","[284.18, 33]",159.64,231,97.27,0.33
07:48:15,"[111.0, 12]","[108.0, 72]","[205.0, 24]","[207.0, 24]",158.0,132,94.0,0.27
07:48:16,"[108.15, 123]","[107.23, 157]","[202.08, 50]","[203.3, 46]",155.11,376,93.93,0.49
07:48:17,"[108.0, 104]","[107.0, 132]","[132.02, 48]","[176.27, 45]",120.01,329,24.02,0.43
07:48:18,"[108.0, 56]","[107.0, 77]","[122.71, 28]","[124.29, 28]",115.36,189,14.71,0.41
07:48:19,"[108.0, 96]","[107.0, 132]","[118.83, 48]","[119.83, 48]",113.42,324,10.83,0.41
07:48:20,"[107.86, 66]","[106.99, 133]","[115.46, 52]","[116.46, 52]",111.66,303,7.6,0.31
07:48:21,"[107.0, 81]","[106.0, 9]","[113.44, 36]","[115.0, 36]",110.22,162,6.44,0.11
07:48:22,"[107.0, 35]","[106.0, 11]","[109.55, 44]","[111.09, 44]",108.27,134,2.55,-0.31
07:48:23,"[106.67, 12]","[105.13, 55]","[143.47, 38]","[151.31, 29]",125.07,134,36.81,0.0
07:48:24,"[106.0, 10]","[105.0, 114]","[326.05, 38]","[326.95, 38]",216.03,200,220.05,0.24
07:48:25,"[106.0, 7]","[105.0, 70]","[255.44, 18]","[325.62, 21]",180.72,116,149.44,0.33
07:48:26,"[105.09, 77]","[104.77, 91]","[200.24, 42]","[205.85, 48]",152.66,258,95.15,0.3
07:48:27,"[105.0, 140]","[104.0, 42]","[125.15, 26]","[150.92, 48]",115.08,256,20.15,0.42
07:48:28,"[105.0, 120]","[104.0, 36]","[109.79, 28]","[110.57, 28]",107.39,212,4.79,0.47
07:48:29,"[105.0, 109]","[104.0, 46]","[106.85, 52]","[107.76, 34]",105.92,241,1.85,0.29
07:48:30,"[105.0, 48]","[104.0, 45]","[107.04, 27]","[303.09, 23]",106.02,143,2.04,0.3
07:48:31,"[105.92, 52]","[104.73, 22]","[107.9, 10]","[231.2, 50]",106.91,134,1.98,0.1
07:48:32,"[69.57, 14]","[44.97, 31]","[107.0, 6]","[173.0, 30]",88.29,81,37.43,0.11
07:48:33,"[84.32, 59]","[67.88, 32]","[106.42, 12]","[167.32, 56]",95.37,159,22.09,0.14
07:48:34,"[98.0, 46]","[71.31, 39]","[145.06, 17]","[189.2, 35]",121.53,137,47.06,0.24
07:48:35,"[109.51, 79]","[100.03, 107]","[179.0, 61]","[416.07, 43]",144.25,290,69.49,0.28
07:48:36,"[113.0, 72]","[104.55, 66]","[302.75, 60]","[320.07, 42]",207.88,240,189.75,0.15
07:48:37,"[113.0, 27]","[108.27, 44]","[289.74, 23]","[464.4, 25]",201.37,119,176.74,0.19
07:48:38,"[109.87, 46]","[108.57, 56]","[243.2, 25]","[360.0, 35]",176.53,162,133.33,0.26
07:48:39,"[109.0, 132]","[107.36, 28]","[203.0, 55]","[205.55, 33]",156.0,248,94.0,0.29
07:48:40,"[109.0, 62]","[107.83, 24]","[201.83, 30]","[221.0, 18]",155.42,134,92.83,0.28
07:48:41,"[109.0, 99]","[107.67, 42]","[192.27, 55]","[255.69, 49]",150.64,245,83.27,0.15
07:48:42,"[109.0, 21]","[108.0, 49]","[168.0, 35]","[169.0, 35]",138.5,140,59.0,0.0
07:48:43,"[108.87, 55]","[107.98, 114]","[167.18, 85]","[190.18, 85]",138.02,339,58.3,-0.0
07:48:44,"[110.84, 44]","[109.52, 67]","[164.42, 76]","[178.17, 60]",137.63,247,53.58,-0.1
07:48:45,"[111.16, 45]","[110.7, 33]","[161.17, 60]","[178.17, 60]",136.16,198,50.01,-0.21
07:48:46,"[111.4, 50]","[110.89, 53]","[158.88, 40]","[159.88, 40]",135.14,183,47.47,0.13
07:48:47,"[111.74, 38]","[110.97, 71]","[155.75, 40]","[157.5, 40]",133.74,189,44.01,0.15
07:48:48,"[111.0, 90]","[109.0, 9]","[130.67, 45]","[154.33, 45]",120.83,189,19.67,0.05
07:48:49,"[111.0, 50]","[109.0, 5]","[152.0, 25]","[154.4, 25]",131.5,105,41.0,0.05
07:48:50,"[111.0, 120]","[109.0, 12]","[148.75, 60]","[149.75, 60]",129.88,252,37.75,0.05
07:48:51,"[111.0, 90]","[109.0, 15]","[143.95, 73]","[145.0, 65]",127.47,243,32.95,-0.14
07:48:52,"[111.0, 70]","[109.0, 14]","[141.44, 52]","[142.81, 58]",126.22,194,30.44,-0.13
07:48:53,"[111.0, 55]","[109.0, 11]","[137.43, 37]","[139.27, 33]",124.22,136,26.43,-0.03
07:48:54,"[111.0, 68]","[109.0, 14]","[132.45, 60]","[133.43, 58]",121.72,200,21.45,-0.18
07:48:55,"[111.0, 86]","[109.0, 15]","[126.47, 49]","[127.7, 47]",118.73,197,15.47,0.03
07:48:56,"[111.0, 40]","[109.0, 8]","[124.0, 40]","[126.0, 24]",117.5,112,13.0,-0.14
