Time,Bid1,Bid2,Ask1,Ask2,Mid-Price,Total_volume,Bid_ask_spread,Order_imbalance
07:30:00,"[0, 0]","[0, 0]","[0, 0]","[0, 0]",0.0,0,0.0,0.0
07:30:01,"[2.0, 15]","[0, 0]","[0, 0]","[0, 0]",1.0,15,-2.0,1.0
07:30:03,"[52.0, 15]","[37.57, 7]","[800.0, 4]","[0, 0]",426.0,26,748.0,0.69
07:30:04,"[155.0, 16]","[154.0, 8]","[316.0, 17]","[483.54, 13]",235.5,54,161.0,-0.11
07:30:05,"[155.33, 30]","[154.44, 18]","[164.29, 21]","[166.62, 26]",159.81,95,8.95,0.01
07:30:06,"[158.03, 32]","[157.0, 31]","[166.0, 7]","[168.0, 14]",162.02,84,7.97,0.5
07:30:07,"[161.97, 33]","[160.33, 33]","[166.0, 8]","[168.0, 16]",163.98,90,4.03,0.47
07:30:08,"[164.53, 32]","[162.72, 25]","[167.2, 10]","[168.6, 20]",165.87,87,2.67,0.31
07:30:09,"[166.76, 51]","[164.68, 41]","[168.8, 40]","[268.88, 41]",167.78,173,2.04,0.06
07:30:10,"[167.33, 15]","[164.38, 16]","[169.0, 7]","[209.0, 8]",168.17,46,1.67,0.35
07:30:11,"[168.0, 12]","[167.0, 30]","[169.0, 6]","[209.0, 12]",168.5,60,1.0,0.4
07:30:12,"[167.12, 34]","[163.55, 22]","[198.33, 15]","[211.33, 12]",182.73,83,31.22,0.35
07:30:13,"[167.52, 33]","[165.28, 46]","[189.0, 63]","[203.95, 20]",178.26,162,21.48,-0.02
07:30:14,"[169.0, 16]","[167.0, 40]","[190.13, 31]","[200.5, 16]",179.56,103,21.13,0.09
07:30:15,"[170.38, 26]","[169.3, 33]","[198.21, 19]","[201.1, 20]",184.3,98,27.83,0.2
07:30:16,"[174.78, 45]","[170.24, 49]","[194.92, 25]","[197.69, 64]",184.85,183,20.14,0.03
07:30:17,"[175.0, 57]","[170.0, 65]","[189.9, 50]","[191.3, 37]",182.45,209,14.9,0.17
07:30:18,"[175.0, 10]","[170.0, 50]","[187.38, 24]","[188.71, 42]",181.19,126,12.38,-0.05
07:30:19,"[175.0, 9]","[170.0, 45]","[186.0, 43]","[187.75, 12]",180.5,109,11.0,-0.01
07:30:20,"[172.71, 14]","[170.38, 32]","[185.28, 32]","[185.97, 40]",179.0,118,12.57,-0.22
07:30:21,"[174.73, 59]","[170.69, 32]","[182.27, 49]","[183.38, 24]",178.5,164,7.54,0.11
07:30:22,"[176.06, 34]","[174.75, 64]","[181.25, 60]","[182.2, 44]",178.65,202,5.19,-0.03
07:30:23,"[176.1, 42]","[174.49, 63]","[179.87, 69]","[181.04, 26]",177.98,200,3.77,0.05
07:30:24,"[175.04, 73]","[171.21, 70]","[179.68, 31]","[180.19, 37]",177.36,211,4.64,0.36
07:30:25,"[176.18, 11]","[175.0, 55]","[178.27, 11]","[179.53, 17]",177.23,94,2.09,0.4
07:30:26,"[175.06, 62]","[171.24, 74]","[178.21, 14]","[181.55, 29]",176.64,179,3.15,0.52
07:30:27,"[175.0, 51]","[173.0, 112]","[176.19, 16]","[181.0, 16]",175.59,195,1.19,0.67
07:30:28,"[175.0, 24]","[173.0, 84]","[176.0, 12]","[181.5, 18]",175.5,138,1.0,0.57
07:30:29,"[173.48, 50]","[172.75, 48]","[175.75, 12]","[182.0, 36]",174.62,146,2.27,0.34
07:30:30,"[173.0, 24]","[170.03, 36]","[174.88, 8]","[182.0, 24]",173.94,92,1.88,0.3
07:30:31,"[173.0, 17]","[170.46, 26]","[177.0, 8]","[182.17, 18]",175.0,69,4.0,0.25
07:30:32,"[173.0, 16]","[172.0, 24]","[182.0, 24]","[183.0, 24]",177.5,88,9.0,-0.09
07:30:33,"[173.0, 31]","[172.0, 39]","[181.27, 33]","[182.49, 37]",177.14,140,8.27,0.0
07:30:34,"[173.0, 45]","[172.0, 45]","[179.4, 15]","[181.0, 56]",176.2,161,6.4,0.12
07:30:35,"[172.91, 33]","[171.18, 51]","[176.57, 28]","[180.09, 22]",174.74,134,3.66,0.25
07:30:36,"[172.0, 17]","[170.0, 119]","[175.78, 41]","[178.11, 35]",173.89,212,3.78,0.28
07:30:37,"[171.04, 25]","[169.92, 99]","[173.38, 37]","[177.09, 23]",172.21,184,2.34,0.35
07:30:38,"[170.0, 96]","[169.0, 56]","[172.21, 42]","[173.77, 22]",171.11,216,2.21,0.41
07:30:39,"[169.75, 24]","[168.33, 36]","[171.0, 10]","[173.5, 32]",170.38,102,1.25,0.18
07:30:40,"[169.0, 68]","[167.0, 58]","[170.14, 14]","[177.27, 30]",169.57,170,1.14,0.48
07:30:41,"[171.36, 88]","[168.72, 115]","[177.0, 30]","[178.32, 50]",174.18,283,5.64,0.43
07:30:42,"[173.0, 63]","[169.0, 81]","[177.0, 18]","[178.0, 51]",175.0,213,4.0,0.35
07:30:43,"[173.0, 77]","[169.0, 27]","[176.64, 22]","[177.9, 77]",174.82,203,3.64,0.02
07:30:44,"[173.01, 71]","[172.06, 17]","[175.0, 16]","[177.0, 22]",174.01,126,1.99,0.4
07:30:45,"[173.49, 74]","[172.84, 50]","[176.25, 24]","[177.79, 76]",174.87,224,2.76,0.11
07:30:46,"[173.67, 45]","[172.85, 41]","[176.0, 33]","[177.93, 81]",174.83,200,2.33,-0.14
07:30:47,"[173.0, 60]","[172.0, 12]","[176.0, 36]","[178.0, 60]",174.5,168,3.0,-0.14
07:30:48,"[173.0, 48]","[172.0, 12]","[175.3, 20]","[178.16, 73]",174.15,153,2.3,-0.22
07:30:49,"[173.0, 21]","[172.0, 14]","[178.55, 77]","[179.38, 112]",175.77,224,5.55,-0.69
07:30:50,"[170.5, 8]","[168.88, 8]","[179.0, 70]","[180.0, 58]",174.75,144,8.5,-0.78
07:30:51,"[169.0, 11]","[167.0, 11]","[178.36, 55]","[179.52, 105]",173.68,182,9.36,-0.76
07:30:52,"[169.0, 11]","[166.56, 18]","[176.81, 31]","[178.0, 70]",172.9,130,7.81,-0.55
07:30:53,"[168.09, 22]","[166.44, 36]","[174.02, 45]","[176.06, 33]",171.06,136,5.93,-0.15
07:30:54,"[166.76, 34]","[165.76, 68]","[172.65, 85]","[175.0, 32]",169.71,219,5.88,-0.07
07:30:55,"[165.75, 16]","[163.17, 24]","[170.67, 48]","[173.26, 46]",168.21,134,4.92,-0.4
07:30:56,"[166.64, 11]","[164.44, 18]","[168.76, 49]","[170.0, 11]",167.7,89,2.12,-0.35
07:30:57,"[166.0, 10]","[164.0, 20]","[167.7, 40]","[170.0, 10]",166.85,80,1.7,-0.25
07:30:58,"[166.0, 12]","[164.0, 24]","[173.17, 23]","[174.57, 89]",169.59,148,7.17,-0.51
07:30:59,"[165.17, 6]","[164.0, 12]","[169.0, 6]","[173.0, 6]",167.08,30,3.83,0.2
07:31:00,"[167.04, 54]","[164.24, 21]","[169.0, 14]","[173.0, 14]",168.02,103,1.96,0.46
07:31:01,"[167.05, 19]","[163.6, 10]","[168.83, 12]","[173.5, 12]",167.94,53,1.78,0.09
07:31:02,"[165.0, 26]","[162.0, 13]","[167.0, 64]","[173.0, 13]",166.0,116,2.0,-0.33
07:31:03,"[165.23, 13]","[162.91, 11]","[167.0, 32]","[173.0, 29]",166.12,85,1.77,-0.44
07:31:04,"[163.5, 12]","[162.33, 9]","[167.0, 23]","[173.0, 28]",165.25,72,3.5,-0.42
07:31:05,"[163.0, 20]","[161.0, 10]","[167.0, 30]","[173.0, 25]",165.0,85,4.0,-0.29
07:31:06,"[163.0, 16]","[161.0, 8]","[167.0, 24]","[173.0, 8]",165.0,56,4.0,-0.14
07:31:07,"[163.0, 18]","[161.0, 9]","[165.0, 27]","[167.86, 21]",164.0,75,2.0,-0.28
07:31:08,"[163.0, 18]","[161.0, 9]","[164.67, 27]","[167.43, 23]",163.83,77,1.67,-0.3
07:31:09,"[163.0, 16]","[161.0, 8]","[166.77, 35]","[167.56, 36]",164.89,95,3.77,-0.49
07:31:10,"[164.37, 38]","[161.67, 12]","[166.0, 28]","[167.0, 80]",165.18,158,1.63,-0.37
07:31:11,"[163.5, 84]","[160.42, 19]","[166.88, 102]","[168.36, 44]",165.19,249,3.38,-0.17
07:31:12,"[164.78, 59]","[163.1, 31]","[167.24, 51]","[172.48, 23]",166.01,164,2.46,0.1
07:31:13,"[168.57, 14]","[160.0, 9]","[172.18, 17]","[173.15, 41]",170.37,81,3.61,-0.43
07:31:14,"[172.0, 48]","[168.11, 18]","[173.0, 65]","[174.0, 39]",172.5,170,1.0,-0.22
07:31:15,"[170.5, 4]","[164.5, 4]","[173.0, 8]","[174.0, 12]",171.75,28,2.5,-0.43
07:31:16,"[169.0, 5]","[158.14, 7]","[172.14, 7]","[173.5, 12]",170.57,31,3.14,-0.23
07:31:17,"[161.62, 52]","[159.13, 45]","[169.45, 22]","[173.05, 19]",165.53,138,7.84,0.41
07:31:18,"[171.22, 54]","[160.72, 43]","[672.67, 18]","[735.0, 8]",421.94,123,501.44,0.58
07:31:19,"[173.0, 87]","[162.96, 53]","[314.64, 33]","[657.67, 36]",243.82,209,141.64,0.34
07:31:20,"[173.0, 64]","[169.0, 8]","[514.92, 26]","[603.22, 18]",343.96,116,341.92,0.24
07:31:21,"[173.67, 24]","[172.92, 51]","[315.2, 20]","[412.92, 24]",244.43,119,141.53,0.26
07:31:22,"[172.73, 30]","[170.94, 36]","[249.86, 28]","[264.82, 34]",211.3,128,77.12,0.03
07:31:23,"[169.0, 53]","[163.0, 72]","[244.5, 20]","[366.1, 21]",206.75,166,75.5,0.51
07:31:24,"[170.09, 35]","[164.35, 51]","[236.0, 24]","[248.0, 16]",203.04,126,65.91,0.37
07:31:25,"[173.0, 49]","[172.0, 8]","[232.55, 22]","[235.33, 18]",202.77,97,59.55,0.18
07:31:26,"[173.0, 60]","[172.0, 12]","[230.8, 25]","[283.87, 30]",201.9,127,57.8,0.13
07:31:27,"[173.0, 35]","[172.0, 7]","[208.64, 11]","[336.25, 12]",190.82,65,35.64,0.29
07:31:28,"[173.0, 20]","[172.0, 4]","[201.07, 14]","[203.0, 6]",187.04,44,28.07,0.09
07:31:29,"[174.31, 49]","[172.36, 11]","[193.0, 9]","[200.0, 45]",183.65,114,18.69,0.05
07:31:30,"[175.0, 144]","[173.0, 18]","[192.0, 18]","[199.36, 33]",183.5,213,17.0,0.52
07:31:31,"[175.11, 90]","[174.88, 170]","[190.18, 34]","[199.42, 69]",182.64,363,15.07,0.43
07:31:32,"[176.0, 6]","[175.0, 96]","[186.27, 22]","[187.18, 22]",181.14,146,10.27,0.4
07:31:33,"[176.57, 14]","[175.0, 224]","[181.18, 55]","[182.54, 57]",178.88,350,4.61,0.36
07:31:34,"[175.0, 230]","[173.0, 30]","[177.91, 55]","[179.26, 62]",176.45,377,2.91,0.38
07:31:35,"[175.0, 91]","[173.0, 61]","[178.53, 43]","[190.59, 51]",176.77,246,3.53,0.24
07:31:36,"[175.0, 84]","[173.0, 84]","[176.93, 27]","[180.0, 48]",175.96,243,1.93,0.38
07:31:37,"[175.0, 30]","[173.0, 63]","[180.0, 36]","[306.5, 24]",177.5,153,5.0,0.22
07:31:38,"[175.0, 16]","[173.0, 56]","[179.62, 32]","[318.75, 16]",177.31,120,4.62,0.2
07:31:39,"[175.0, 16]","[173.0, 56]","[179.0, 32]","[398.0, 24]",177.0,128,4.0,0.12
07:31:40,"[173.32, 50]","[172.82, 34]","[178.67, 36]","[237.92, 24]",175.99,144,5.35,0.17
07:31:41,"[173.0, 81]","[172.0, 12]","[175.88, 40]","[177.36, 44]",174.44,177,2.88,0.05
07:31:42,"[169.88, 33]","[167.9, 41]","[173.47, 38]","[186.33, 24]",171.68,136,3.59,0.09
07:31:43,"[169.0, 62]","[167.0, 78]","[171.0, 26]","[172.0, 52]",170.0,218,2.0,0.28
07:31:44,"[169.0, 8]","[167.0, 24]","[171.0, 8]","[172.0, 16]",170.0,56,2.0,0.14
07:31:45,"[169.0, 14]","[167.0, 42]","[170.56, 18]","[298.75, 16]",169.78,90,1.56,0.24
07:31:46,"[170.06, 35]","[168.34, 29]","[487.85, 26]","[570.8, 20]",328.95,110,317.79,0.16
07:31:47,"[174.04, 46]","[173.0, 26]","[429.67, 24]","[621.9, 40]",301.86,136,255.62,0.06
07:31:48,"[176.75, 24]","[175.58, 24]","[536.38, 24]","[578.33, 33]",356.56,105,359.62,-0.09
07:31:49,"[178.0, 16]","[177.0, 16]","[409.0, 24]","[529.18, 17]",293.5,73,231.0,-0.12
07:31:50,"[178.83, 12]","[177.0, 12]","[483.79, 19]","[597.57, 23]",331.31,66,304.96,-0.27
07:31:51,"[174.2, 20]","[172.33, 12]","[304.9, 30]","[469.64, 28]",239.55,90,130.7,-0.29
07:31:52,"[174.78, 18]","[171.85, 13]","[217.0, 15]","[222.56, 16]",195.89,62,42.22,0.0
07:31:53,"[177.0, 24]","[173.0, 24]","[209.85, 34]","[210.71, 35]",193.43,117,32.85,-0.18
07:31:54,"[177.0, 24]","[173.09, 22]","[205.6, 48]","[206.69, 48]",191.3,142,28.6,-0.35
07:31:55,"[173.67, 36]","[171.5, 20]","[202.66, 44]","[204.84, 73]",188.16,173,28.99,-0.35
07:31:56,"[173.0, 43]","[170.0, 9]","[198.26, 31]","[199.6, 30]",185.63,113,25.26,-0.08
07:31:57,"[173.0, 132]","[170.0, 12]","[189.84, 38]","[195.91, 46]",181.42,228,16.84,0.26
07:31:58,"[173.0, 110]","[171.78, 36]","[174.96, 57]","[191.5, 38]",173.98,241,1.96,0.21
07:31:59,"[173.0, 35]","[172.0, 28]","[174.0, 21]","[181.0, 35]",173.5,119,1.0,0.06
07:32:00,"[173.07, 28]","[171.94, 33]","[185.67, 33]","[212.76, 33]",179.37,127,12.6,-0.04
07:32:01,"[172.12, 50]","[170.8, 20]","[192.34, 29]","[194.11, 44]",182.23,143,20.22,-0.02
07:32:02,"[172.0, 68]","[170.0, 17]","[185.42, 43]","[191.05, 41]",178.71,169,13.42,0.01
07:32:03,"[171.43, 69]","[166.46, 95]","[176.32, 74]","[179.58, 36]",173.88,274,4.89,0.2
07:32:04,"[169.0, 54]","[164.0, 98]","[171.29, 42]","[173.75, 40]",170.14,234,2.29,0.3
07:32:05,"[165.67, 21]","[159.9, 60]","[176.25, 16]","[222.08, 13]",170.96,110,10.58,0.47
07:32:06,"[167.37, 19]","[158.11, 28]","[178.0, 6]","[505.0, 15]",172.68,68,10.63,0.38
07:32:07,"[173.0, 9]","[168.0, 99]","[178.0, 18]","[294.81, 26]",175.5,152,5.0,0.42
07:32:08,"[173.0, 3]","[168.0, 33]","[178.0, 6]","[217.0, 6]",175.5,48,5.0,0.5
07:32:09,"[168.42, 36]","[167.61, 54]","[178.0, 12]","[244.14, 7]",173.21,109,9.58,0.65
07:32:10,"[168.86, 81]","[167.92, 84]","[177.17, 24]","[200.0, 12]",173.02,201,8.3,0.64
07:32:11,"[169.0, 60]","[167.75, 73]","[176.0, 32]","[238.5, 8]",172.5,173,7.0,0.54
07:32:12,"[169.47, 19]","[168.67, 108]","[175.08, 48]","[188.3, 40]",172.28,215,5.61,0.18
07:32:13,"[170.29, 14]","[167.74, 139]","[172.36, 56]","[174.12, 64]",171.32,273,2.07,0.12
07:32:14,"[170.18, 11]","[166.91, 93]","[171.64, 44]","[172.64, 44]",170.91,192,1.45,0.08
07:32:15,"[166.98, 49]","[165.88, 95]","[169.85, 47]","[172.8, 41]",168.42,232,2.87,0.24
07:32:16,"[166.85, 48]","[165.5, 88]","[168.51, 35]","[171.25, 36]",167.68,207,1.66,0.31
07:32:17,"[166.0, 84]","[162.0, 132]","[171.67, 27]","[192.52, 29]",168.83,272,5.67,0.59
07:32:18,"[164.17, 84]","[162.0, 132]","[175.29, 42]","[209.5, 24]",169.73,282,11.12,0.53
07:32:19,"[164.0, 63]","[162.0, 99]","[173.07, 27]","[173.67, 36]",168.54,225,9.07,0.44
07:32:20,"[162.68, 60]","[159.05, 114]","[170.51, 35]","[172.8, 61]",166.6,270,7.83,0.29
07:32:21,"[165.0, 9]","[160.0, 99]","[169.0, 36]","[170.44, 18]",167.0,162,4.0,0.33
07:32:22,"[165.0, 9]","[160.0, 99]","[168.13, 31]","[170.0, 18]",166.56,157,3.13,0.38
07:32:23,"[165.0, 6]","[160.0, 66]","[168.0, 18]","[170.83, 12]",166.5,102,3.0,0.41
07:32:24,"[165.0, 12]","[160.0, 132]","[169.74, 34]","[230.63, 27]",167.37,205,4.74,0.4
07:32:25,"[166.38, 8]","[161.32, 28]","[169.0, 24]","[173.0, 24]",167.69,84,2.62,-0.14
07:32:26,"[168.0, 6]","[165.0, 6]","[169.0, 18]","[173.0, 18]",168.5,48,1.0,-0.5
07:32:27,"[168.0, 6]","[162.33, 6]","[169.0, 18]","[173.0, 18]",168.5,48,1.0,-0.5
07:32:28,"[162.27, 11]","[159.04, 101]","[168.24, 41]","[170.85, 26]",165.26,179,5.97,0.25
07:32:29,"[163.0, 16]","[159.08, 77]","[168.0, 27]","[169.0, 18]",165.5,138,5.0,0.35
07:32:30,"[159.1, 42]","[154.15, 104]","[167.1, 30]","[169.0, 20]",163.1,196,8.0,0.49
07:32:31,"[159.0, 8]","[157.0, 88]","[165.0, 24]","[168.47, 19]",162.0,139,6.0,0.38
07:32:32,"[159.0, 4]","[157.0, 44]","[165.0, 12]","[167.0, 29]",162.0,89,6.0,0.08
07:32:33,"[159.0, 8]","[157.0, 88]","[167.0, 48]","[169.0, 16]",163.0,160,8.0,0.2
07:32:34,"[160.83, 60]","[158.28, 78]","[167.0, 66]","[169.0, 28]",163.92,232,6.17,0.19
07:32:35,"[164.15, 80]","[162.89, 70]","[167.0, 60]","[169.0, 30]",165.57,240,2.85,0.25
07:32:36,"[166.75, 96]","[160.13, 102]","[168.33, 42]","[171.3, 43]",167.54,283,1.58,0.4
07:32:37,"[162.45, 47]","[151.81, 21]","[168.53, 34]","[171.31, 35]",165.49,137,6.08,-0.01
07:32:38,"[161.38, 32]","[146.62, 34]","[166.7, 27]","[171.32, 56]",164.04,149,5.33,-0.11
07:32:39,"[161.53, 15]","[150.56, 25]","[168.58, 12]","[170.72, 25]",165.06,77,7.05,0.04
07:32:40,"[162.64, 28]","[160.25, 32]","[167.6, 20]","[168.57, 28]",165.12,108,4.96,0.11
07:32:41,"[163.0, 18]","[160.0, 36]","[164.0, 19]","[168.0, 63]",163.5,136,1.0,-0.21
07:32:42,"[163.0, 16]","[160.0, 32]","[164.0, 8]","[167.58, 36]",163.5,92,1.0,0.04
07:32:43,"[163.18, 22]","[160.0, 44]","[166.73, 11]","[167.93, 43]",164.95,120,3.55,0.1
07:32:44,"[164.43, 7]","[160.8, 10]","[170.0, 8]","[321.0, 3]",167.21,28,5.57,0.21
07:32:45,"[167.19, 31]","[166.36, 33]","[173.87, 30]","[299.5, 12]",170.53,106,6.67,0.21
07:32:46,"[172.93, 28]","[172.04, 27]","[320.81, 21]","[406.71, 21]",246.87,97,147.88,0.13
07:32:47,"[174.9, 20]","[172.56, 27]","[241.82, 11]","[407.2, 25]",208.36,83,66.92,0.13
07:32:48,"[173.29, 21]","[171.0, 21]","[192.0, 7]","[354.84, 19]",182.64,68,18.71,0.24
07:32:49,"[175.5, 96]","[173.5, 36]","[191.42, 12]","[229.0, 12]",183.46,156,15.92,0.69
07:32:50,"[176.62, 61]","[173.93, 45]","[188.75, 12]","[265.33, 24]",182.69,142,12.13,0.49
07:32:51,"[177.14, 35]","[176.0, 35]","[187.14, 7]","[328.82, 11]",182.14,88,10.0,0.59
07:32:52,"[176.57, 35]","[171.56, 90]","[187.0, 10]","[288.6, 10]",181.79,145,10.43,0.72
07:32:53,"[176.0, 18]","[171.0, 90]","[186.89, 9]","[269.67, 9]",181.44,126,10.89,0.71
07:32:54,"[176.0, 24]","[171.54, 122]","[186.0, 12]","[262.36, 14]",181.0,172,10.0,0.7
07:32:55,"[176.0, 20]","[174.0, 110]","[184.7, 10]","[187.7, 10]",180.35,150,8.7,0.73
07:32:56,"[176.0, 14]","[174.0, 77]","[181.86, 7]","[184.0, 7]",178.93,105,5.86,0.73
07:32:57,"[176.0, 22]","[174.0, 121]","[179.0, 11]","[180.73, 11]",177.5,165,3.0,0.73
07:32:58,"[176.07, 57]","[174.11, 105]","[178.6, 10]","[212.56, 16]",177.34,188,2.53,0.72
07:32:59,"[174.0, 88]","[171.0, 80]","[190.0, 8]","[244.25, 16]",182.0,192,16.0,0.75
07:33:00,"[174.0, 110]","[171.0, 100]","[189.75, 12]","[221.0, 10]",181.88,232,15.75,0.81
07:33:01,"[174.0, 103]","[171.62, 87]","[188.06, 34]","[307.0, 19]",181.03,243,14.06,0.56
07:33:02,"[174.0, 60]","[173.0, 90]","[186.2, 40]","[188.0, 30]",180.1,220,12.2,0.36
07:33:03,"[174.0, 49]","[173.0, 129]","[183.46, 37]","[184.56, 36]",178.73,251,9.46,0.42
07:33:04,"[174.0, 36]","[173.0, 108]","[180.13, 31]","[181.22, 32]",177.06,207,6.13,0.39
07:33:05,"[173.38, 72]","[172.24, 131]","[175.71, 28]","[178.0, 42]",174.54,273,2.34,0.49
07:33:06,"[173.0, 111]","[171.0, 160]","[175.06, 36]","[189.09, 44]",174.03,351,2.06,0.54
07:33:07,"[172.72, 61]","[171.84, 100]","[175.13, 45]","[304.67, 67]",173.93,273,2.41,0.18
07:33:08,"[171.92, 38]","[170.79, 34]","[173.67, 24]","[403.15, 26]",172.79,122,1.75,0.18
07:33:09,"[171.45, 44]","[170.11, 110]","[174.0, 24]","[228.98, 43]",172.73,221,2.55,0.39
07:33:10,"[170.06, 51]","[169.42, 31]","[174.0, 14]","[276.0, 14]",172.03,110,3.94,0.49
07:33:11,"[170.0, 42]","[169.0, 18]","[172.83, 12]","[256.0, 12]",171.42,84,2.83,0.43
07:33:12,"[170.0, 48]","[169.0, 36]","[171.54, 26]","[267.67, 45]",170.77,155,1.54,0.08
07:33:13,"[120.38, 61]","[93.23, 86]","[236.0, 56]","[352.57, 28]",178.19,231,115.62,0.27
07:33:14,"[106.05, 20]","[70.26, 31]","[325.0, 30]","[618.17, 6]",215.53,87,218.95,0.17
07:33:15,"[173.0, 6]","[170.0, 42]","[325.0, 30]","[426.67, 6]",249.0,84,152.0,0.14
07:33:16,"[173.89, 28]","[170.58, 26]","[317.71, 28]","[337.35, 20]",245.8,102,143.82,0.06
07:33:17,"[174.65, 43]","[173.74, 27]","[240.1, 30]","[300.7, 30]",207.38,130,65.45,0.08
07:33:18,"[170.7, 23]","[151.81, 16]","[204.0, 21]","[205.0, 7]",187.35,67,33.3,0.16
07:33:19,"[172.0, 14]","[170.0, 52]","[202.54, 39]","[541.0, 13]",187.27,118,30.54,0.12
07:33:20,"[172.43, 14]","[170.06, 33]","[200.33, 27]","[601.78, 9]",186.38,83,27.9,0.13
07:33:21,"[172.73, 11]","[170.26, 19]","[199.0, 35]","[200.0, 21]",185.86,86,26.27,-0.3
07:33:22,"[173.78, 45]","[171.0, 13]","[199.0, 45]","[200.0, 27]",186.39,130,25.22,-0.11
07:33:23,"[176.82, 61]","[172.14, 28]","[198.69, 58]","[199.44, 54]",187.75,201,21.87,-0.11
07:33:24,"[178.0, 21]","[171.0, 6]","[198.0, 9]","[199.0, 15]",188.0,51,20.0,0.06
07:33:25,"[178.0, 77]","[171.0, 22]","[196.43, 37]","[197.31, 51]",187.22,187,18.43,0.06
07:33:26,"[176.42, 19]","[171.55, 22]","[195.71, 34]","[196.87, 46]",186.06,121,19.28,-0.32
07:33:27,"[170.5, 24]","[168.69, 13]","[192.64, 33]","[194.77, 39]",181.57,109,22.14,-0.32
07:33:28,"[170.0, 66]","[146.0, 8]","[191.12, 34]","[192.7, 30]",180.56,138,21.12,0.07
07:33:29,"[170.41, 111]","[162.21, 56]","[186.83, 36]","[188.36, 44]",178.62,247,16.43,0.35
07:33:30,"[173.0, 27]","[170.0, 108]","[182.16, 31]","[183.78, 27]",177.58,193,9.16,0.4
07:33:31,"[171.67, 54]","[169.94, 124]","[178.0, 52]","[179.41, 44]",174.83,274,6.33,0.3
07:33:32,"[170.0, 102]","[168.25, 16]","[173.6, 30]","[176.0, 50]",171.8,198,3.6,0.19
07:33:33,"[170.0, 100]","[169.0, 10]","[172.08, 36]","[173.88, 40]",171.04,186,2.08,0.18
07:33:34,"[170.0, 53]","[169.0, 10]","[191.18, 44]","[275.69, 32]",180.59,139,21.18,-0.09
07:33:35,"[170.0, 16]","[169.0, 8]","[333.29, 28]","[549.07, 28]",251.64,80,163.29,-0.4
07:33:36,"[170.9, 20]","[169.92, 13]","[210.81, 31]","[320.54, 26]",190.85,90,39.91,-0.27
07:33:37,"[172.41, 32]","[170.39, 23]","[205.93, 43]","[283.67, 33]",189.17,131,33.52,-0.16
07:33:38,"[174.91, 69]","[173.61, 23]","[209.6, 30]","[328.1, 20]",192.26,142,34.69,0.3
07:33:39,"[175.0, 40]","[174.0, 14]","[208.86, 21]","[286.14, 14]",191.93,89,33.86,0.21
07:33:40,"[175.33, 30]","[174.76, 33]","[186.79, 28]","[190.57, 21]",181.06,112,11.45,0.12
07:33:41,"[176.79, 48]","[175.08, 49]","[184.03, 34]","[185.14, 43]",180.41,174,7.24,0.11
07:33:42,"[179.18, 62]","[176.63, 27]","[182.43, 42]","[184.14, 42]",180.8,173,3.25,0.03
07:33:43,"[180.0, 48]","[177.0, 20]","[181.0, 40]","[183.0, 30]",180.5,138,1.0,-0.01
07:33:44,"[177.64, 14]","[175.07, 57]","[180.09, 45]","[181.46, 39]",178.87,155,2.45,-0.08
07:33:45,"[175.3, 27]","[173.46, 41]","[178.48, 42]","[203.8, 45]",176.89,155,3.18,-0.12
07:33:46,"[175.0, 13]","[170.77, 39]","[177.31, 52]","[179.0, 52]",176.15,156,2.31,-0.33
07:33:47,"[171.11, 95]","[164.7, 88]","[175.77, 52]","[176.93, 56]",173.44,291,4.66,0.26
07:33:48,"[173.02, 132]","[171.32, 63]","[174.88, 57]","[356.93, 60]",173.95,312,1.86,0.25
07:33:49,"[173.0, 114]","[170.03, 34]","[248.25, 40]","[413.56, 16]",210.62,204,75.25,0.45
07:33:50,"[174.51, 65]","[173.09, 69]","[499.35, 34]","[742.0, 26]",336.93,194,324.85,0.38
07:33:51,"[176.38, 58]","[173.77, 62]","[617.2, 50]","[712.0, 10]",396.79,180,440.82,0.33
07:33:52,"[175.8, 60]","[173.66, 83]","[298.82, 17]","[439.29, 21]",237.31,181,123.02,0.58
07:33:53,"[174.0, 48]","[173.0, 56]","[189.88, 8]","[413.12, 16]",181.94,128,15.88,0.62
07:33:54,"[174.0, 36]","[173.0, 42]","[189.0, 6]","[565.0, 30]",181.5,114,15.0,0.37
07:33:55,"[175.56, 27]","[173.86, 49]","[189.0, 8]","[387.75, 8]",182.28,92,13.44,0.65
07:33:56,"[176.0, 19]","[174.0, 54]","[188.22, 9]","[290.0, 9]",182.11,91,12.22,0.6
07:33:57,"[176.0, 10]","[174.0, 60]","[185.9, 10]","[226.2, 10]",180.95,90,9.9,0.56
07:33:58,"[174.06, 33]","[173.1, 62]","[183.89, 9]","[185.33, 9]",178.97,113,9.83,0.68
07:33:59,"[174.34, 58]","[173.09, 92]","[182.07, 14]","[183.07, 14]",178.21,178,7.73,0.69
07:34:00,"[174.0, 40]","[173.0, 70]","[179.77, 22]","[181.9, 10]",176.89,142,5.77,0.55
07:34:01,"[175.99, 70]","[174.0, 60]","[178.19, 59]","[180.13, 15]",177.09,204,2.2,0.27
07:34:02,"[174.0, 44]","[173.0, 77]","[179.64, 11]","[369.73, 11]",176.82,143,5.64,0.69
07:34:03,"[173.0, 48]","[172.0, 24]","[178.5, 8]","[322.62, 8]",175.75,88,5.5,0.64
07:34:04,"[173.0, 90]","[172.0, 45]","[176.93, 15]","[231.87, 15]",174.97,165,3.93,0.64
07:34:05,"[173.0, 72]","[172.0, 36]","[176.0, 12]","[293.0, 44]",174.5,164,3.0,0.32
07:34:06,"[173.94, 93]","[172.94, 51]","[175.0, 9]","[292.0, 45]",174.47,198,1.06,0.45
07:34:07,"[174.0, 72]","[173.0, 60]","[285.0, 18]","[301.0, 18]",229.5,168,111.0,0.57
07:34:08,"[174.0, 36]","[173.0, 54]","[459.35, 17]","[517.09, 33]",316.68,140,285.35,0.29
07:34:09,"[174.0, 40]","[173.0, 78]","[380.15, 41]","[494.9, 48]",277.07,207,206.15,0.14
07:34:10,"[174.0, 27]","[173.0, 54]","[238.89, 27]","[296.67, 18]",206.44,126,64.89,0.29
07:34:11,"[173.83, 18]","[172.96, 55]","[251.95, 42]","[289.08, 13]",212.89,128,78.12,0.14
07:34:12,"[177.61, 38]","[172.91, 22]","[307.57, 14]","[308.46, 26]",242.59,100,129.97,0.2
07:34:13,"[172.31, 39]","[169.58, 19]","[218.23, 13]","[272.0, 25]",195.27,96,45.92,0.21
07:34:14,"[170.0, 18]","[168.0, 18]","[178.67, 6]","[293.78, 18]",174.33,60,8.67,0.2
07:34:15,"[170.0, 27]","[168.77, 52]","[176.89, 9]","[283.45, 44]",173.44,132,6.89,0.2
07:34:16,"[170.01, 82]","[168.51, 61]","[175.93, 14]","[333.0, 60]",172.97,217,5.92,0.32
07:34:17,"[173.0, 80]","[168.32, 31]","[297.38, 24]","[401.96, 49]",235.19,184,124.38,0.21
07:34:18,"[173.0, 17]","[169.0, 14]","[211.23, 31]","[339.0, 20]",192.11,82,38.23,-0.24
07:34:19,"[176.0, 10]","[173.0, 10]","[207.3, 50]","[412.59, 29]",191.65,99,31.3,-0.6
07:34:20,"[176.97, 35]","[175.67, 9]","[206.78, 45]","[284.0, 27]",191.87,116,29.81,-0.24
07:34:21,"[178.0, 21]","[177.0, 14]","[204.81, 31]","[261.38, 21]",191.4,87,26.81,-0.2
07:34:22,"[178.0, 27]","[177.0, 18]","[202.71, 21]","[203.09, 33]",190.36,99,24.71,-0.09
07:34:23,"[175.46, 26]","[172.23, 30]","[189.78, 18]","[202.95, 42]",182.62,116,14.32,-0.03
07:34:24,"[169.47, 19]","[167.4, 30]","[201.1, 39]","[202.74, 27]",185.29,115,31.63,-0.15
07:34:25,"[169.0, 6]","[167.0, 9]","[199.09, 11]","[243.22, 9]",184.05,35,30.09,-0.14
07:34:26,"[169.4, 10]","[167.62, 13]","[197.2, 25]","[214.96, 23]",183.3,71,27.8,-0.35
07:34:27,"[170.0, 18]","[169.0, 18]","[195.56, 45]","[198.0, 45]",182.78,126,25.56,-0.43
07:34:28,"[170.89, 19]","[169.89, 18]","[195.0, 45]","[198.0, 45]",182.95,127,24.11,-0.42
07:34:29,"[171.09, 35]","[170.37, 35]","[193.09, 55]","[194.64, 55]",182.09,180,22.01,-0.22
07:34:30,"[170.67, 30]","[169.5, 20]","[189.8, 50]","[190.9, 50]",180.23,150,19.13,-0.33
07:34:31,"[110.73, 22]","[75.74, 23]","[176.21, 62]","[179.07, 54]",143.47,161,65.48,-0.44
07:34:32,"[164.0, 11]","[70.64, 22]","[165.95, 43]","[166.76, 42]",164.98,118,1.95,-0.44
07:34:33,"[149.5, 12]","[116.73, 15]","[165.0, 8]","[166.0, 40]",157.25,75,15.5,-0.28
07:34:34,"[135.0, 21]","[98.55, 11]","[165.57, 7]","[166.97, 33]",150.29,72,30.57,-0.11
07:34:35,"[128.08, 13]","[110.62, 13]","[167.0, 6]","[170.0, 24]",147.54,56,38.92,-0.07
07:34:36,"[96.44, 18]","[71.0, 9]","[167.88, 25]","[169.33, 36]",132.16,88,71.44,-0.39
07:34:37,"[88.0, 14]","[70.71, 7]","[169.67, 24]","[193.61, 23]",128.83,68,81.67,-0.38
07:34:38,"[97.67, 12]","[80.85, 20]","[273.89, 27]","[481.0, 24]",185.78,83,176.22,-0.23
07:34:39,"[117.0, 4]","[98.33, 9]","[405.0, 12]","[529.67, 9]",261.0,34,288.0,-0.24
07:34:40,"[139.12, 8]","[93.0, 18]","[312.44, 18]","[339.74, 19]",225.78,63,173.32,-0.17
07:34:41,"[126.64, 47]","[109.24, 38]","[177.5, 18]","[190.97, 30]",152.07,133,50.86,0.28
07:34:42,"[114.62, 34]","[92.36, 33]","[164.0, 13]","[168.0, 13]",139.31,93,49.38,0.44
07:34:43,"[122.65, 17]","[103.45, 22]","[164.0, 10]","[166.2, 10]",143.32,59,41.35,0.32
07:34:44,"[143.05, 19]","[135.77, 13]","[162.55, 11]","[164.43, 7]",152.8,50,19.49,0.28
07:34:45,"[144.55, 11]","[87.38, 29]","[163.14, 14]","[164.73, 11]",153.84,65,18.6,0.23
07:34:46,"[145.86, 21]","[119.24, 17]","[166.53, 15]","[174.65, 43]",156.2,96,20.68,-0.21
07:34:47,"[147.0, 21]","[145.0, 7]","[164.0, 28]","[166.0, 7]",155.5,63,17.0,-0.11
07:34:48,"[148.92, 36]","[147.04, 28]","[164.0, 64]","[166.0, 16]",156.46,144,15.08,-0.11
07:34:49,"[151.4, 30]","[148.0, 10]","[164.0, 20]","[165.69, 13]",157.7,73,12.6,0.1
07:34:50,"[152.9, 10]","[151.82, 22]","[165.0, 24]","[166.0, 8]",158.95,64,12.1,0.0
07:34:51,"[155.84, 25]","[153.74, 19]","[165.0, 33]","[166.0, 11]",160.42,88,9.16,0.0
07:34:52,"[158.25, 12]","[156.25, 12]","[165.0, 8]","[166.0, 6]",161.62,38,6.75,0.26
07:34:53,"[163.88, 34]","[158.2, 15]","[183.07, 27]","[225.89, 18]",173.48,94,19.19,0.04
07:34:54,"[177.0, 90]","[160.74, 19]","[191.05, 44]","[424.61, 18]",184.02,171,14.05,0.27
07:34:55,"[177.09, 77]","[176.22, 23]","[295.0, 11]","[568.27, 55]",236.05,166,117.91,0.2
07:34:56,"[178.31, 13]","[177.17, 54]","[310.0, 8]","[512.97, 31]",244.15,106,131.69,0.26
07:34:57,"[177.38, 16]","[176.49, 65]","[372.0, 28]","[405.94, 16]",274.69,125,194.62,0.3
07:34:58,"[177.0, 55]","[174.0, 110]","[324.93, 15]","[448.0, 17]",250.97,197,147.93,0.68
07:34:59,"[177.0, 37]","[174.0, 80]","[253.5, 12]","[339.0, 12]",215.25,141,76.5,0.66
07:35:00,"[177.0, 28]","[174.0, 70]","[260.43, 7]","[284.8, 15]",218.71,120,83.43,0.63
07:35:01,"[177.0, 36]","[174.0, 84]","[221.86, 14]","[261.0, 12]",199.43,146,44.86,0.64
07:35:02,"[174.21, 43]","[171.88, 33]","[212.0, 11]","[216.18, 11]",193.1,98,37.79,0.55
07:35:03,"[174.0, 37]","[171.0, 84]","[191.33, 12]","[304.46, 24]",182.67,157,17.33,0.54
07:35:04,"[172.59, 51]","[170.89, 71]","[190.0, 13]","[262.52, 29]",181.29,164,17.41,0.49
07:35:05,"[171.3, 60]","[170.25, 24]","[189.1, 10]","[196.0, 50]",180.2,144,17.8,0.17
07:35:06,"[176.0, 7]","[174.0, 42]","[189.0, 7]","[234.38, 21]",182.5,77,13.0,0.27
07:35:07,"[177.0, 33]","[176.0, 11]","[188.55, 11]","[273.6, 20]",182.77,75,11.55,0.17
07:35:08,"[177.0, 33]","[176.0, 11]","[187.64, 11]","[263.06, 16]",182.32,71,10.64,0.24
07:35:09,"[176.73, 22]","[174.36, 44]","[184.93, 14]","[279.0, 25]",180.83,105,8.2,0.26
07:35:10,"[174.75, 16]","[173.25, 48]","[182.88, 8]","[205.75, 8]",178.81,80,8.12,0.6
07:35:11,"[174.0, 60]","[171.0, 72]","[180.5, 12]","[183.0, 12]",177.25,156,6.5,0.69
07:35:12,"[174.0, 55]","[171.0, 80]","[177.09, 11]","[178.36, 11]",175.55,157,3.09,0.72
07:35:13,"[174.58, 38]","[171.9, 40]","[176.0, 14]","[265.2, 20]",175.29,112,1.42,0.39
07:35:14,"[174.0, 12]","[171.0, 14]","[241.67, 9]","[352.33, 12]",207.83,47,67.67,0.11
07:35:15,"[173.0, 16]","[170.76, 37]","[502.18, 11]","[704.15, 13]",337.59,77,329.18,0.38
07:35:16,"[176.5, 8]","[174.5, 16]","[623.17, 6]","[702.2, 10]",399.83,40,446.67,0.2
07:35:17,"[177.38, 13]","[173.0, 64]","[500.08, 13]","[517.31, 13]",338.73,103,322.69,0.5
07:35:18,"[178.0, 8]","[173.0, 40]","[318.83, 12]","[373.44, 9]",248.42,69,140.83,0.39
07:35:19,"[178.0, 12]","[173.0, 60]","[303.46, 13]","[383.33, 15]",240.73,100,125.46,0.44
07:35:20,"[178.0, 6]","[173.0, 30]","[301.14, 7]","[303.64, 11]",239.57,54,123.14,0.33
07:35:21,"[173.0, 65]","[170.0, 13]","[297.21, 14]","[301.09, 22]",235.11,114,124.21,0.37
07:35:22,"[173.0, 65]","[170.0, 13]","[292.82, 28]","[293.68, 19]",232.91,125,119.82,0.25
07:35:23,"[173.0, 36]","[170.0, 10]","[283.27, 22]","[287.6, 10]",228.14,78,110.27,0.18
07:35:24,"[173.53, 15]","[170.3, 10]","[282.94, 34]","[283.5, 16]",228.24,75,109.41,-0.33
07:35:25,"[174.56, 27]","[172.88, 24]","[258.13, 30]","[271.22, 54]",216.34,135,83.58,-0.24
07:35:26,"[173.63, 70]","[169.12, 16]","[223.42, 24]","[229.1, 21]",198.52,131,49.79,0.31
07:35:27,"[169.75, 32]","[168.58, 19]","[182.5, 16]","[183.06, 34]",176.12,101,12.75,0.01
07:35:28,"[170.6, 35]","[167.67, 27]","[180.33, 9]","[182.0, 9]",175.47,80,9.73,0.55
07:35:29,"[169.0, 30]","[161.5, 34]","[177.53, 19]","[178.32, 25]",173.26,108,8.53,0.19
07:35:30,"[162.25, 8]","[109.3, 23]","[170.45, 11]","[173.88, 8]",166.35,50,8.2,0.24
07:35:31,"[70.0, 25]","[44.8, 10]","[168.29, 28]","[170.0, 7]",119.14,70,98.29,0.0
07:35:32,"[111.31, 26]","[66.2, 35]","[166.0, 51]","[168.36, 11]",138.65,123,54.69,-0.01
07:35:33,"[71.64, 50]","[39.69, 29]","[165.88, 67]","[169.53, 17]",118.76,163,94.24,-0.03
07:35:34,"[166.39, 31]","[157.57, 37]","[339.73, 44]","[437.64, 28]",253.06,140,173.34,-0.03
07:35:35,"[177.07, 15]","[174.0, 90]","[285.13, 60]","[335.12, 50]",231.1,215,108.07,-0.02
07:35:36,"[178.0, 7]","[174.0, 42]","[254.43, 28]","[255.86, 28]",216.21,105,76.43,-0.07
07:35:37,"[178.0, 9]","[175.53, 49]","[253.11, 36]","[254.11, 36]",215.56,130,75.11,-0.11
07:35:38,"[178.0, 10]","[177.0, 50]","[193.81, 31]","[219.24, 37]",185.9,128,15.81,-0.06
07:35:39,"[178.0, 9]","[177.0, 45]","[189.56, 36]","[193.22, 36]",183.78,126,11.56,-0.14
07:35:40,"[178.0, 10]","[177.0, 50]","[188.0, 40]","[189.0, 40]",183.0,140,10.0,-0.14
07:35:41,"[177.0, 48]","[175.26, 57]","[187.08, 48]","[188.08, 48]",182.04,201,10.08,0.04
07:35:42,"[177.0, 44]","[176.0, 44]","[186.0, 44]","[187.0, 44]",181.5,176,9.0,0.0
07:35:43,"[177.0, 56]","[176.0, 56]","[185.0, 56]","[187.0, 56]",181.0,224,8.0,0.0
07:35:44,"[177.0, 48]","[176.0, 48]","[182.5, 48]","[185.42, 48]",179.75,192,5.5,0.0
07:35:45,"[177.0, 36]","[176.0, 36]","[180.78, 36]","[182.0, 36]",178.89,144,3.78,0.0
07:35:46,"[176.73, 44]","[175.56, 41]","[178.37, 38]","[179.8, 30]",177.55,153,1.64,0.11
07:35:47,"[174.86, 42]","[173.21, 86]","[176.57, 56]","[235.37, 51]",175.71,235,1.71,0.09
07:35:48,"[173.3, 37]","[171.55, 31]","[175.08, 12]","[225.45, 11]",174.19,91,1.79,0.49
07:35:49,"[173.07, 30]","[171.62, 26]","[176.0, 6]","[312.0, 12]",174.53,74,2.93,0.51
07:35:50,"[173.51, 49]","[172.56, 66]","[175.92, 13]","[467.76, 34]",174.72,162,2.41,0.42
07:35:51,"[174.33, 33]","[173.27, 64]","[436.95, 37]","[578.42, 48]",305.64,182,262.61,0.07
07:35:52,"[178.5, 22]","[176.4, 30]","[194.44, 72]","[534.76, 42]",186.47,166,15.94,-0.37
07:35:53,"[179.0, 9]","[178.0, 9]","[207.67, 36]","[624.0, 18]",193.33,72,28.67,-0.5
07:35:54,"[179.9, 10]","[178.0, 10]","[291.59, 32]","[329.78, 36]",235.75,88,111.69,-0.55
07:35:55,"[174.0, 28]","[171.88, 32]","[290.25, 24]","[538.88, 16]",232.12,100,116.25,0.2
07:35:56,"[173.0, 24]","[171.0, 28]","[290.0, 12]","[468.57, 14]",231.5,78,117.0,0.33
07:35:57,"[173.0, 62]","[171.0, 77]","[287.45, 33]","[388.0, 39]",230.23,211,114.45,0.32
07:35:58,"[173.0, 34]","[171.0, 70]","[282.97, 29]","[286.9, 30]",227.98,163,109.97,0.28
07:35:59,"[175.61, 46]","[172.36, 44]","[285.33, 36]","[286.75, 36]",230.47,162,109.72,0.11
07:36:00,"[176.0, 30]","[173.0, 36]","[253.0, 22]","[275.53, 32]",214.5,120,77.0,0.1
07:36:01,"[176.0, 12]","[173.0, 20]","[214.42, 36]","[215.88, 32]",195.21,100,38.42,-0.36
07:36:02,"[173.38, 32]","[171.69, 32]","[211.0, 40]","[213.07, 42]",192.19,146,37.62,-0.12
07:36:03,"[172.0, 80]","[171.0, 84]","[210.25, 36]","[212.25, 36]",191.12,236,38.25,0.39
07:36:04,"[175.81, 42]","[171.22, 36]","[209.83, 36]","[226.52, 46]",192.82,160,34.02,-0.03
07:36:05,"[177.0, 48]","[175.0, 12]","[200.97, 31]","[222.37, 43]",188.98,134,23.97,-0.1
07:36:06,"[177.0, 58]","[175.0, 10]","[180.39, 28]","[187.44, 27]",178.7,123,3.39,0.11
07:36:07,"[177.0, 36]","[175.0, 9]","[178.56, 27]","[180.0, 27]",177.78,99,1.56,-0.09
07:36:08,"[176.35, 20]","[174.57, 14]","[177.93, 42]","[179.86, 42]",177.14,118,1.58,-0.42
07:36:09,"[174.54, 13]","[172.0, 11]","[178.63, 30]","[216.09, 23]",176.59,77,4.09,-0.38
07:36:10,"[172.0, 10]","[171.0, 10]","[184.6, 20]","[187.0, 20]",178.3,60,12.6,-0.33
07:36:11,"[172.0, 6]","[171.0, 6]","[182.5, 24]","[184.0, 12]",177.25,48,10.5,-0.5
07:36:12,"[172.0, 22]","[171.0, 10]","[181.0, 28]","[181.75, 32]",176.5,92,9.0,-0.3
07:36:13,"[172.0, 56]","[171.0, 8]","[178.45, 22]","[180.54, 26]",175.23,112,6.45,0.14
07:36:14,"[172.0, 70]","[171.0, 10]","[176.89, 36]","[178.0, 24]",174.44,140,4.89,0.14
07:36:15,"[172.0, 97]","[170.04, 184]","[220.48, 54]","[374.28, 58]",196.24,393,48.48,0.43
07:36:16,"[170.09, 94]","[169.17, 46]","[562.56, 41]","[635.1, 29]",366.32,210,392.48,0.33
07:36:17,"[170.0, 175]","[169.0, 102]","[637.09, 45]","[738.86, 29]",403.54,351,467.09,0.58
07:36:18,"[170.0, 86]","[169.0, 72]","[315.0, 8]","[619.0, 40]",242.5,206,145.0,0.53
07:36:19,"[170.0, 60]","[169.0, 54]","[272.5, 18]","[511.0, 14]",221.25,146,102.5,0.56
07:36:20,"[173.56, 182]","[169.77, 78]","[305.38, 8]","[504.38, 32]",239.47,300,131.81,0.73
07:36:21,"[174.0, 216]","[173.0, 16]","[237.08, 26]","[314.12, 8]",205.54,266,63.08,0.74
07:36:22,"[174.0, 297]","[173.0, 22]","[235.81, 43]","[381.45, 22]",204.91,384,61.81,0.66
07:36:23,"[174.0, 216]","[173.0, 16]","[232.0, 24]","[236.0, 32]",203.0,288,58.0,0.61
07:36:24,"[174.0, 276]","[172.4, 25]","[206.8, 30]","[236.0, 40]",190.4,371,32.8,0.62
07:36:25,"[174.0, 295]","[172.0, 39]","[202.43, 51]","[207.2, 40]",188.22,425,28.43,0.57
07:36:26,"[174.0, 252]","[172.0, 36]","[201.5, 48]","[206.79, 34]",187.75,370,27.5,0.56
07:36:27,"[174.0, 297]","[172.0, 39]","[198.68, 28]","[209.78, 37]",186.34,401,24.68,0.68
07:36:28,"[174.0, 147]","[172.0, 21]","[197.14, 28]","[431.0, 7]",185.57,203,23.14,0.66
07:36:29,"[174.0, 70]","[172.45, 22]","[196.56, 36]","[335.0, 15]",185.28,143,22.56,0.29
07:36:30,"[174.0, 68]","[173.0, 16]","[195.25, 32]","[331.38, 8]",184.62,124,21.25,0.35
07:36:31,"[174.0, 50]","[173.0, 14]","[194.71, 28]","[354.0, 7]",184.36,99,20.71,0.29
07:36:32,"[174.0, 70]","[173.0, 20]","[189.5, 32]","[294.73, 30]",181.75,152,15.5,0.18
07:36:33,"[174.0, 58]","[173.0, 18]","[175.15, 26]","[193.24, 21]",174.58,123,1.15,0.24
07:36:34,"[174.0, 64]","[173.0, 28]","[295.8, 45]","[417.17, 18]",234.9,155,121.8,0.19
07:36:35,"[174.0, 56]","[173.0, 28]","[371.95, 38]","[433.64, 22]",272.97,144,197.95,0.17
07:36:36,"[177.22, 55]","[174.54, 35]","[332.6, 30]","[358.21, 19]",254.91,139,155.38,0.29
07:36:37,"[179.17, 36]","[178.0, 72]","[301.3, 30]","[353.97, 30]",240.23,168,122.13,0.29
07:36:38,"[178.19, 31]","[174.71, 34]","[328.14, 22]","[352.5, 14]",253.16,101,149.94,0.29
07:36:39,"[177.0, 36]","[173.86, 42]","[240.28, 29]","[262.74, 19]",208.64,126,63.28,0.24
07:36:40,"[174.0, 36]","[173.0, 24]","[178.81, 16]","[179.81, 32]",176.41,108,4.81,0.11
07:36:41,"[174.27, 45]","[173.24, 37]","[175.76, 17]","[186.04, 23]",175.02,122,1.5,0.34
07:36:42,"[173.62, 16]","[172.61, 23]","[236.64, 11]","[291.67, 12]",205.13,62,63.01,0.26
07:36:43,"[178.0, 18]","[175.5, 48]","[402.0, 9]","[469.11, 18]",290.0,93,224.0,0.42
07:36:44,"[178.0, 6]","[176.0, 24]","[346.0, 3]","[482.0, 6]",262.0,39,168.0,0.54
07:36:45,"[178.0, 24]","[176.0, 96]","[255.3, 23]","[323.6, 15]",216.65,158,77.3,0.52
07:36:46,"[178.0, 28]","[176.0, 112]","[258.84, 25]","[294.1, 29]",218.42,194,80.84,0.44
07:36:47,"[178.0, 18]","[176.0, 72]","[211.35, 23]","[225.64, 22]",194.67,135,33.35,0.33
07:36:48,"[178.0, 22]","[176.0, 88]","[208.55, 29]","[211.2, 25]",193.28,164,30.55,0.34
07:36:49,"[176.57, 49]","[175.55, 66]","[209.08, 36]","[255.69, 26]",192.83,177,32.51,0.3
07:36:50,"[176.0, 77]","[173.0, 30]","[209.0, 33]","[305.55, 22]",192.5,162,33.0,0.32
07:36:51,"[176.0, 80]","[173.62, 64]","[207.57, 42]","[404.48, 50]",191.79,236,31.57,0.22
07:36:52,"[176.0, 47]","[174.0, 36]","[207.0, 27]","[391.15, 26]",191.5,136,31.0,0.22
07:36:53,"[176.07, 58]","[174.4, 30]","[206.5, 30]","[335.55, 22]",191.28,140,30.43,0.26
07:36:54,"[176.0, 70]","[174.0, 40]","[205.21, 42]","[254.31, 39]",190.61,191,29.21,0.15
07:36:55,"[176.0, 30]","[174.0, 24]","[204.5, 18]","[232.5, 18]",190.25,90,28.5,0.2
07:36:56,"[176.0, 40]","[174.0, 40]","[201.8, 30]","[203.5, 30]",188.9,140,25.8,0.14
07:36:57,"[176.0, 36]","[174.0, 36]","[197.78, 27]","[199.33, 27]",186.89,126,21.78,0.14
07:36:58,"[176.0, 64]","[174.0, 64]","[193.87, 38]","[196.12, 34]",184.93,200,17.87,0.28
07:36:59,"[176.11, 27]","[174.67, 36]","[191.6, 15]","[192.33, 27]",183.86,105,15.49,0.2
07:37:00,"[174.3, 30]","[174.68, 50]","[188.51, 41]","[189.61, 41]",181.41,162,14.21,-0.01
07:37:01,"[173.26, 19]","[171.08, 52]","[186.0, 42]","[187.07, 42]",179.63,155,12.74,-0.08
07:37:02,"[173.0, 24]","[171.0, 38]","[181.52, 25]","[182.36, 33]",177.26,120,8.52,0.03
07:37:03,"[173.0, 24]","[171.0, 108]","[178.72, 25]","[179.5, 22]",175.86,179,5.72,0.47
07:37:04,"[173.52, 91]","[170.81, 106]","[175.6, 35]","[176.69, 29]",174.56,261,2.08,0.51
07:37:05,"[171.39, 46]","[170.15, 94]","[174.67, 18]","[176.67, 12]",173.03,170,3.28,0.65
07:37:06,"[171.0, 45]","[170.0, 130]","[172.08, 13]","[206.57, 28]",171.54,216,1.08,0.62
07:37:07,"[170.36, 22]","[169.88, 34]","[191.64, 11]","[240.67, 18]",181.0,85,21.27,0.32
07:37:08,"[171.88, 43]","[169.5, 12]","[251.65, 23]","[301.74, 19]",211.77,97,79.77,0.13
07:37:09,"[173.0, 103]","[170.0, 22]","[260.5, 52]","[279.1, 40]",216.75,217,87.5,0.15
07:37:10,"[173.69, 42]","[172.81, 77]","[260.64, 55]","[263.0, 44]",217.16,218,86.95,0.09
07:37:11,"[177.7, 20]","[176.0, 11]","[259.09, 55]","[361.68, 38]",218.4,124,81.39,-0.5
07:37:12,"[178.0, 9]","[176.0, 9]","[236.66, 41]","[299.29, 34]",207.33,93,58.66,-0.61
07:37:13,"[178.0, 9]","[176.0, 9]","[202.29, 42]","[224.15, 39]",190.14,99,24.29,-0.64
07:37:14,"[178.0, 9]","[176.0, 9]","[201.11, 45]","[203.0, 36]",189.56,99,23.11,-0.64
07:37:15,"[173.33, 60]","[172.0, 12]","[199.58, 60]","[259.21, 43]",186.46,175,26.25,-0.18
07:37:16,"[173.0, 42]","[170.0, 6]","[199.0, 30]","[378.83, 24]",186.0,102,26.0,-0.06
07:37:17,"[173.0, 98]","[170.0, 14]","[194.52, 61]","[286.56, 55]",183.76,228,21.52,-0.02
07:37:18,"[174.75, 12]","[173.0, 78]","[177.93, 40]","[179.29, 51]",176.34,181,3.18,-0.01
07:37:19,"[173.18, 11]","[172.02, 61]","[177.0, 38]","[346.97, 39]",175.09,149,3.82,-0.03
07:37:20,"[172.33, 21]","[171.71, 49]","[174.34, 35]","[387.53, 45]",173.34,150,2.01,-0.07
07:37:21,"[169.69, 26]","[131.53, 81]","[171.47, 30]","[183.06, 32]",170.58,169,1.77,0.27
07:37:22,"[136.38, 89]","[110.71, 77]","[168.45, 11]","[170.8, 10]",152.42,187,32.07,0.78
07:37:23,"[136.0, 72]","[88.0, 99]","[164.0, 18]","[166.0, 9]",150.0,198,28.0,0.73
07:37:24,"[96.0, 80]","[94.0, 110]","[163.22, 18]","[164.13, 15]",129.61,223,67.22,0.7
07:37:25,"[96.0, 24]","[94.0, 33]","[162.5, 4]","[162.8, 5]",129.25,66,66.5,0.73
07:37:26,"[104.1, 58]","[94.5, 48]","[309.83, 23]","[419.26, 19]",206.96,148,205.72,0.43
07:37:27,"[175.0, 28]","[134.43, 7]","[529.0, 21]","[568.0, 28]",352.0,84,354.0,-0.17
07:37:28,"[175.0, 44]","[67.54, 39]","[315.71, 28]","[473.43, 23]",245.36,134,140.71,0.24
07:37:29,"[175.0, 28]","[137.0, 56]","[223.0, 28]","[263.0, 7]",199.0,119,48.0,0.41
07:37:30,"[175.0, 16]","[103.5, 32]","[195.31, 13]","[226.08, 13]",185.15,74,20.31,0.3
07:37:31,"[175.0, 28]","[127.57, 56]","[221.92, 13]","[334.11, 18]",198.46,115,46.92,0.46
07:37:32,"[175.0, 20]","[164.0, 40]","[262.0, 9]","[358.23, 13]",218.5,82,87.0,0.46
07:37:33,"[175.0, 36]","[158.22, 102]","[347.22, 27]","[354.4, 25]",261.11,190,172.22,0.45
07:37:34,"[171.97, 70]","[169.42, 77]","[347.0, 30]","[360.5, 24]",259.49,201,175.03,0.46
07:37:35,"[172.35, 55]","[170.82, 84]","[346.25, 36]","[437.17, 36]",259.3,211,173.9,0.32
07:37:36,"[176.03, 74]","[173.5, 24]","[281.53, 47]","[321.47, 45]",228.78,190,105.5,0.03
07:37:37,"[177.17, 36]","[176.63, 41]","[254.89, 36]","[255.95, 41]",216.03,154,77.72,0.0
07:37:38,"[178.21, 14]","[177.0, 104]","[219.0, 42]","[243.78, 50]",198.61,210,40.79,0.12
07:37:39,"[179.0, 13]","[177.0, 130]","[213.02, 47]","[214.27, 44]",196.01,234,34.02,0.22
07:37:40,"[179.0, 10]","[177.0, 100]","[206.54, 37]","[210.55, 33]",192.77,180,27.54,0.22
07:37:41,"[177.23, 61]","[176.64, 77]","[207.34, 65]","[208.59, 51]",192.28,254,30.11,0.09
07:37:42,"[177.0, 102]","[173.0, 17]","[201.16, 73]","[204.06, 67]",189.08,259,24.16,-0.08
07:37:43,"[177.0, 66]","[173.0, 11]","[195.74, 47]","[197.12, 43]",186.37,167,18.74,-0.08
07:37:44,"[177.0, 64]","[173.0, 14]","[188.73, 44]","[234.19, 52]",182.86,174,11.73,-0.1
07:37:45,"[177.0, 26]","[173.62, 13]","[191.56, 50]","[192.51, 41]",184.28,130,14.56,-0.4
07:37:46,"[173.89, 81]","[171.83, 155]","[188.42, 62]","[340.76, 59]",181.15,357,14.53,0.32
07:37:47,"[173.0, 81]","[171.0, 117]","[186.23, 35]","[241.27, 33]",179.61,266,13.23,0.49
07:37:48,"[173.05, 104]","[171.48, 188]","[184.2, 59]","[185.17, 53]",178.63,404,11.16,0.45
07:37:49,"[173.47, 19]","[172.51, 107]","[182.1, 40]","[183.14, 37]",177.79,203,8.63,0.24
07:37:50,"[173.0, 38]","[171.0, 130]","[180.64, 33]","[181.76, 37]",176.82,238,7.64,0.41
07:37:51,"[173.0, 24]","[171.0, 104]","[179.2, 30]","[180.38, 26]",176.1,184,6.2,0.39
07:37:52,"[173.95, 44]","[172.37, 41]","[177.22, 49]","[178.57, 56]",175.59,190,3.27,-0.11
07:37:53,"[173.75, 24]","[171.19, 86]","[176.53, 34]","[189.17, 18]",175.14,162,2.78,0.36
07:37:54,"[173.0, 22]","[171.0, 143]","[213.65, 31]","[406.37, 27]",193.32,223,40.65,0.48
07:37:55,"[178.0, 66]","[173.0, 22]","[188.91, 11]","[242.67, 15]",183.45,114,10.91,0.54
07:37:56,"[178.0, 164]","[173.0, 28]","[186.14, 14]","[190.0, 14]",182.07,220,8.14,0.75
07:37:57,"[178.0, 131]","[173.14, 28]","[183.38, 13]","[190.0, 13]",180.69,185,5.38,0.72
07:37:58,"[178.0, 91]","[174.0, 48]","[180.33, 12]","[265.69, 48]",179.17,199,2.33,0.4
07:37:59,"[178.0, 84]","[174.0, 48]","[179.0, 12]","[261.45, 44]",178.5,188,1.0,0.4
07:38:00,"[178.0, 25]","[174.0, 68]","[179.0, 7]","[268.0, 35]",178.5,135,1.0,0.38
07:38:01,"[175.73, 44]","[174.25, 48]","[179.0, 9]","[342.0, 27]",177.36,128,3.27,0.44
07:38:02,"[174.0, 84]","[173.0, 14]","[178.71, 7]","[343.61, 31]",176.36,136,4.71,0.44
07:38:03,"[174.0, 104]","[173.0, 18]","[177.0, 9]","[501.33, 45]",175.5,176,3.0,0.39
07:38:04,"[174.05, 82]","[173.53, 34]","[177.0, 10]","[470.75, 40]",175.52,166,2.95,0.4
07:38:05,"[174.11, 75]","[173.44, 72]","[362.29, 34]","[511.6, 62]",268.2,243,188.19,0.21
07:38:06,"[174.84, 38]","[173.45, 44]","[249.1, 30]","[527.54, 26]",211.97,138,74.26,0.19
07:38:07,"[174.0, 45]","[173.0, 36]","[368.55, 11]","[474.84, 25]",271.27,117,194.55,0.38
07:38:08,"[174.0, 45]","[173.0, 36]","[550.0, 27]","[576.78, 41]",362.0,149,376.0,0.09
07:38:09,"[174.29, 41]","[173.3, 40]","[488.0, 11]","[549.29, 28]",331.15,120,313.71,0.35
07:38:10,"[175.74, 27]","[174.82, 44]","[269.79, 19]","[456.63, 38]",222.77,128,94.05,0.11
07:38:11,"[177.0, 39]","[174.0, 36]","[205.22, 9]","[207.0, 18]",191.11,102,28.22,0.47
07:38:12,"[177.0, 20]","[174.0, 20]","[203.0, 10]","[205.0, 5]",190.0,55,26.0,0.45
07:38:13,"[177.0, 32]","[174.0, 32]","[204.38, 8]","[407.86, 28]",190.69,100,27.38,0.28
07:38:14,"[177.0, 72]","[174.0, 72]","[201.06, 54]","[224.79, 39]",189.03,237,24.06,0.22
07:38:15,"[177.0, 22]","[174.0, 24]","[198.0, 6]","[200.0, 30]",187.5,82,21.0,0.12
07:38:16,"[177.0, 15]","[174.0, 48]","[196.75, 12]","[200.0, 60]",186.88,135,19.75,-0.07
07:38:17,"[177.57, 7]","[174.75, 16]","[193.73, 11]","[199.81, 31]",185.65,65,16.16,-0.29
07:38:18,"[178.0, 7]","[177.0, 7]","[192.48, 31]","[193.13, 23]",185.24,68,14.48,-0.59
07:38:19,"[173.71, 56]","[173.54, 26]","[189.0, 21]","[189.6, 42]",181.36,145,15.29,0.13
07:38:20,"[173.31, 104]","[172.48, 46]","[185.04, 25]","[187.5, 20]",179.17,195,11.73,0.54
07:38:21,"[175.0, 100]","[173.0, 132]","[181.95, 40]","[183.33, 36]",178.47,308,6.95,0.51
07:38:22,"[175.0, 168]","[173.0, 187]","[179.35, 69]","[181.63, 59]",177.17,483,4.35,0.47
07:38:23,"[174.58, 106]","[172.95, 162]","[177.56, 68]","[178.94, 68]",176.07,404,2.97,0.33
07:38:24,"[172.87, 60]","[171.69, 52]","[174.54, 65]","[176.28, 53]",173.7,230,1.67,-0.03
07:38:25,"[172.0, 32]","[170.0, 68]","[173.38, 53]","[178.16, 49]",172.69,202,1.38,-0.01
07:38:26,"[172.0, 9]","[170.0, 18]","[173.0, 39]","[265.78, 9]",172.5,75,1.0,-0.28
07:38:27,"[167.95, 37]","[147.77, 65]","[173.0, 68]","[250.57, 46]",170.47,216,5.05,-0.06
07:38:28,"[169.0, 12]","[167.0, 60]","[173.0, 48]","[252.62, 37]",171.0,157,4.0,-0.08
07:38:29,"[168.33, 12]","[164.38, 42]","[172.0, 22]","[182.6, 30]",170.17,106,3.67,0.02
07:38:30,"[155.26, 46]","[99.5, 28]","[168.52, 42]","[176.44, 39]",161.89,155,13.26,-0.05
07:38:31,"[63.79, 56]","[34.5, 24]","[171.47, 38]","[255.21, 29]",117.63,147,107.69,0.09
07:38:32,"[175.0, 16]","[100.08, 52]","[259.2, 25]","[388.46, 28]",217.1,121,84.2,0.12
07:38:33,"[173.36, 77]","[170.94, 128]","[410.32, 38]","[585.21, 43]",291.84,286,236.95,0.43
07:38:34,"[171.72, 75]","[169.12, 64]","[322.82, 11]","[492.07, 27]",247.27,177,151.1,0.57
07:38:35,"[170.0, 16]","[163.0, 4]","[223.0, 2]","[508.0, 2]",196.5,24,53.0,0.67
07:38:36,"[170.0, 79]","[166.2, 10]","[223.0, 9]","[314.9, 29]",196.5,127,53.0,0.4
07:38:37,"[170.0, 81]","[167.0, 9]","[281.32, 37]","[296.52, 33]",225.66,160,111.32,0.12
07:38:38,"[170.0, 72]","[167.0, 8]","[281.62, 40]","[392.75, 8]",225.81,128,111.62,0.25
07:38:39,"[170.0, 63]","[167.0, 7]","[281.0, 35]","[450.36, 11]",225.5,116,111.0,0.21
07:38:40,"[170.0, 117]","[167.0, 13]","[280.54, 61]","[335.12, 17]",225.27,208,110.54,0.25
07:38:41,"[170.0, 72]","[167.0, 12]","[279.25, 60]","[389.77, 22]",224.62,166,109.25,0.01
07:38:42,"[170.51, 37]","[169.58, 19]","[277.0, 45]","[383.6, 25]",223.76,126,106.49,-0.11
07:38:43,"[177.0, 41]","[170.58, 43]","[276.09, 55]","[401.09, 55]",226.55,194,99.09,-0.13
07:38:44,"[177.0, 36]","[171.5, 18]","[274.83, 30]","[563.33, 30]",225.92,114,97.83,-0.05
07:38:45,"[177.0, 60]","[173.0, 30]","[221.14, 44]","[436.32, 41]",199.07,175,44.14,0.03
07:38:46,"[177.0, 60]","[173.0, 33]","[425.64, 47]","[466.1, 51]",301.32,191,248.64,-0.03
07:38:47,"[177.0, 75]","[173.0, 104]","[185.5, 56]","[384.49, 67]",181.25,302,8.5,0.19
07:38:48,"[177.0, 35]","[173.0, 49]","[183.0, 28]","[279.0, 35]",180.0,147,6.0,0.14
07:38:49,"[177.0, 36]","[173.0, 70]","[183.0, 40]","[315.0, 50]",180.0,196,6.0,0.08
07:38:50,"[177.0, 12]","[173.0, 42]","[183.0, 24]","[358.38, 24]",180.0,102,6.0,0.06
07:38:51,"[173.18, 44]","[172.39, 18]","[180.83, 48]","[249.08, 39]",177.01,149,7.65,-0.17
07:38:52,"[173.0, 20]","[172.0, 10]","[180.0, 40]","[225.62, 42]",176.5,112,7.0,-0.46
07:38:53,"[173.46, 39]","[172.27, 15]","[179.54, 52]","[367.2, 59]",176.5,165,6.08,-0.35
07:38:54,"[171.12, 16]","[169.25, 16]","[179.0, 44]","[361.56, 52]",175.06,128,7.88,-0.5
07:38:55,"[169.56, 18]","[167.33, 18]","[174.93, 30]","[241.84, 31]",172.24,97,5.38,-0.26
07:38:56,"[165.56, 32]","[106.37, 105]","[168.56, 64]","[170.0, 32]",167.06,233,3.0,0.18
07:38:57,"[165.0, 20]","[101.56, 81]","[166.29, 28]","[203.73, 41]",165.64,170,1.29,0.19
07:38:58,"[149.83, 35]","[131.65, 91]","[187.16, 45]","[316.16, 67]",168.49,238,37.33,0.06
07:38:59,"[107.98, 59]","[105.33, 72]","[353.6, 15]","[440.29, 38]",230.79,184,245.62,0.42
07:39:00,"[175.77, 31]","[170.06, 17]","[400.0, 10]","[401.2, 10]",287.89,68,224.23,0.41
07:39:01,"[176.0, 118]","[175.0, 15]","[326.2, 15]","[396.87, 15]",251.1,163,150.2,0.63
07:39:02,"[176.24, 34]","[175.0, 14]","[201.29, 14]","[271.26, 38]",188.76,100,25.05,-0.04
07:39:03,"[176.91, 11]","[174.52, 33]","[198.18, 11]","[209.0, 11]",187.55,66,21.27,0.33
07:39:04,"[175.0, 11]","[173.0, 55]","[195.27, 11]","[196.91, 11]",185.14,88,20.27,0.5
07:39:05,"[175.0, 8]","[173.12, 34]","[193.5, 8]","[195.0, 8]",184.25,58,18.5,0.45
07:39:06,"[173.06, 33]","[172.14, 37]","[193.0, 9]","[195.0, 9]",183.03,88,19.94,0.59
07:39:07,"[173.0, 49]","[172.0, 48]","[191.17, 12]","[193.0, 12]",182.08,121,18.17,0.6
07:39:08,"[173.0, 42]","[172.0, 40]","[189.2, 10]","[193.0, 10]",181.1,102,16.2,0.61
07:39:09,"[172.04, 28]","[169.55, 22]","[185.5, 10]","[188.0, 10]",178.77,70,13.46,0.43
07:39:10,"[172.0, 39]","[169.64, 50]","[183.04, 57]","[282.2, 46]",177.52,192,11.04,-0.07
07:39:11,"[172.0, 33]","[170.0, 77]","[181.98, 43]","[402.29, 45]",176.99,198,9.98,0.11
07:39:12,"[172.0, 15]","[170.0, 35]","[179.23, 13]","[180.88, 17]",175.62,80,7.23,0.25
07:39:13,"[170.7, 60]","[169.93, 83]","[179.0, 50]","[180.0, 10]",174.85,203,8.3,0.41
07:39:14,"[170.0, 195]","[169.0, 30]","[178.8, 75]","[180.0, 15]",174.4,315,8.8,0.43
07:39:15,"[170.0, 169]","[168.53, 34]","[177.94, 53]","[178.8, 25]",173.97,281,7.94,0.44
07:39:16,"[170.0, 156]","[169.0, 24]","[175.83, 52]","[183.83, 53]",172.91,285,5.83,0.26
07:39:17,"[170.0, 143]","[169.0, 22]","[175.0, 44]","[176.0, 44]",172.5,253,5.0,0.3
07:39:18,"[170.0, 143]","[169.0, 22]","[173.57, 42]","[175.11, 38]",171.79,245,3.57,0.35
07:39:19,"[170.0, 89]","[169.0, 16]","[171.0, 24]","[172.0, 32]",170.5,161,1.0,0.3
07:39:20,"[170.41, 51]","[169.92, 76]","[171.84, 38]","[240.97, 37]",171.13,202,1.43,0.26
07:39:21,"[171.0, 96]","[170.0, 60]","[172.0, 48]","[258.6, 40]",171.5,244,1.0,0.28
07:39:22,"[170.1, 40]","[167.67, 36]","[172.0, 44]","[301.0, 22]",171.05,142,1.9,0.07
07:39:23,"[163.0, 9]","[151.0, 18]","[171.0, 33]","[200.33, 27]",167.0,87,8.0,-0.38
07:39:24,"[163.0, 10]","[145.73, 41]","[167.2, 30]","[168.5, 32]",165.1,113,4.2,-0.1
07:39:25,"[163.0, 16]","[143.0, 144]","[166.37, 57]","[167.44, 48]",164.68,265,3.37,0.21
07:39:26,"[163.0, 6]","[143.0, 54]","[165.79, 14]","[166.95, 20]",164.39,94,2.79,0.28
07:39:27,"[163.76, 17]","[145.0, 40]","[165.25, 16]","[166.8, 20]",164.51,93,1.49,0.23
07:39:28,"[162.58, 12]","[148.58, 26]","[166.67, 18]","[167.27, 33]",164.62,89,4.08,-0.15
07:39:29,"[161.0, 27]","[103.29, 21]","[167.0, 30]","[168.0, 27]",164.0,105,6.0,-0.09
07:39:30,"[162.28, 18]","[150.24, 25]","[167.0, 20]","[168.0, 30]",164.64,93,4.72,-0.08
07:39:31,"[154.81, 16]","[112.72, 32]","[167.07, 44]","[223.93, 45]",160.94,137,12.26,-0.3
07:39:32,"[161.0, 4]","[157.0, 4]","[164.4, 10]","[167.0, 12]",162.7,30,3.4,-0.47
07:39:33,"[157.5, 8]","[74.6, 15]","[165.43, 14]","[166.75, 24]",161.46,61,7.93,-0.25
07:39:34,"[157.0, 14]","[93.0, 28]","[162.73, 33]","[165.53, 17]",159.86,92,5.73,-0.09
07:39:35,"[157.0, 8]","[79.5, 16]","[166.22, 18]","[168.4, 20]",161.61,62,9.22,-0.23
07:39:36,"[157.0, 6]","[104.41, 17]","[168.0, 6]","[169.0, 24]",162.5,53,11.0,-0.13
07:39:37,"[158.79, 52]","[155.67, 21]","[168.0, 9]","[169.0, 36]",163.39,118,9.21,0.24
07:39:38,"[162.24, 59]","[160.3, 43]","[168.0, 9]","[169.0, 36]",165.12,147,5.76,0.39
07:39:39,"[163.75, 57]","[157.75, 16]","[168.0, 16]","[169.0, 64]",165.88,153,4.25,-0.05
07:39:40,"[164.12, 16]","[114.42, 26]","[168.0, 10]","[169.0, 40]",166.06,92,3.88,-0.09
07:39:41,"[160.31, 13]","[117.45, 49]","[168.0, 13]","[169.0, 52]",164.15,127,7.69,-0.02
07:39:42,"[159.67, 12]","[140.67, 36]","[187.79, 39]","[498.8, 55]",173.73,142,28.13,-0.32
07:39:43,"[159.0, 6]","[144.0, 22]","[169.19, 21]","[339.67, 18]",164.1,67,10.19,-0.16
07:39:44,"[161.29, 7]","[146.96, 27]","[234.29, 21]","[482.69, 13]",197.79,68,73.0,0.0
07:39:45,"[164.8, 10]","[144.0, 30]","[458.0, 20]","[536.33, 36]",311.4,96,293.2,-0.17
07:39:46,"[161.0, 7]","[127.63, 19]","[363.56, 27]","[535.4, 25]",262.28,78,202.56,-0.33
07:39:47,"[171.78, 23]","[143.57, 7]","[243.38, 13]","[295.67, 24]",207.58,67,71.6,-0.1
07:39:48,"[173.57, 28]","[172.45, 51]","[236.7, 23]","[242.48, 29]",205.13,131,63.12,0.21
07:39:49,"[176.15, 26]","[173.0, 91]","[231.1, 29]","[237.17, 29]",203.63,175,54.95,0.34
07:39:50,"[177.17, 12]","[173.0, 42]","[228.8, 10]","[230.33, 12]",202.98,76,51.63,0.42
07:39:51,"[178.73, 22]","[176.27, 77]","[226.0, 17]","[226.83, 18]",202.36,134,47.27,0.48
07:39:52,"[177.41, 68]","[174.75, 112]","[220.65, 23]","[221.48, 25]",199.03,228,43.24,0.58
07:39:53,"[176.54, 35]","[172.89, 114]","[214.8, 30]","[216.03, 33]",195.67,212,38.26,0.41
07:39:54,"[173.0, 24]","[167.0, 14]","[213.57, 14]","[215.0, 14]",193.29,66,40.57,0.15
07:39:55,"[174.75, 32]","[170.0, 32]","[209.07, 30]","[210.48, 29]",191.91,123,34.32,0.04
07:39:56,"[167.96, 100]","[166.11, 18]","[206.67, 18]","[208.42, 19]",187.31,155,38.71,0.52
07:39:57,"[167.98, 86]","[166.47, 15]","[201.66, 29]","[204.57, 21]",184.82,151,33.68,0.34
07:39:58,"[167.9, 61]","[165.15, 13]","[202.84, 19]","[203.76, 25]",185.37,118,34.94,0.25
07:39:59,"[170.26, 118]","[168.85, 52]","[200.93, 28]","[202.0, 28]",185.6,226,30.67,0.5
07:40:00,"[174.35, 182]","[171.68, 189]","[197.41, 34]","[198.82, 34]",185.88,439,23.07,0.69
07:40:01,"[176.74, 82]","[175.0, 224]","[192.6, 30]","[194.0, 26]",184.67,362,15.86,0.69
07:40:02,"[177.0, 56]","[175.0, 196]","[187.76, 38]","[189.4, 20]",182.38,310,10.76,0.63
07:40:03,"[177.0, 63]","[175.0, 210]","[183.27, 22]","[185.05, 20]",180.14,315,6.27,0.73
07:40:04,"[177.0, 51]","[175.0, 126]","[180.0, 11]","[181.07, 14]",178.5,202,3.0,0.75
07:40:05,"[175.04, 100]","[173.47, 119]","[177.8, 10]","[191.36, 22]",176.42,251,2.76,0.75
07:40:06,"[175.0, 120]","[173.0, 117]","[232.59, 17]","[311.2, 25]",203.79,279,57.59,0.7
07:40:07,"[175.0, 84]","[173.0, 91]","[313.43, 35]","[429.36, 33]",244.21,243,138.43,0.44
07:40:08,"[175.0, 88]","[173.0, 55]","[254.34, 41]","[448.0, 40]",214.67,224,79.34,0.28
07:40:09,"[175.0, 35]","[173.0, 54]","[371.5, 18]","[427.38, 39]",273.25,146,196.5,0.22
07:40:10,"[173.0, 59]","[172.0, 77]","[273.59, 17]","[293.79, 28]",223.29,181,100.59,0.5
07:40:11,"[173.0, 35]","[172.0, 49]","[231.55, 11]","[351.32, 19]",202.27,114,58.55,0.47
07:40:12,"[173.0, 50]","[170.15, 68]","[223.11, 18]","[436.98, 40]",198.06,176,50.11,0.34
07:40:13,"[173.0, 35]","[172.0, 35]","[263.0, 11]","[321.57, 21]",218.0,102,90.0,0.37
07:40:14,"[173.0, 45]","[172.0, 45]","[260.88, 24]","[261.17, 29]",216.94,143,87.88,0.26
07:40:15,"[173.0, 53]","[172.0, 55]","[256.36, 36]","[258.0, 26]",214.68,170,83.36,0.27
07:40:16,"[172.9, 31]","[171.67, 49]","[254.94, 34]","[256.0, 16]",213.92,130,82.04,0.23
07:40:17,"[173.0, 108]","[172.0, 33]","[253.0, 11]","[255.0, 44]",213.0,196,80.0,0.44
07:40:18,"[174.14, 42]","[172.9, 60]","[251.88, 8]","[255.0, 32]",213.01,142,77.73,0.44
07:40:19,"[175.0, 48]","[173.0, 108]","[249.18, 50]","[250.94, 35]",212.09,241,74.18,0.29
07:40:20,"[175.0, 24]","[173.0, 54]","[243.25, 16]","[246.85, 26]",209.12,120,68.25,0.3
07:40:21,"[174.18, 39]","[172.91, 64]","[201.34, 29]","[207.0, 34]",187.76,166,27.17,0.24
07:40:22,"[176.0, 36]","[173.0, 96]","[198.37, 46]","[199.14, 22]",187.18,200,22.37,0.32
07:40:23,"[176.06, 47]","[173.98, 98]","[194.3, 47]","[196.28, 67]",185.18,259,18.23,0.12
07:40:24,"[175.0, 140]","[173.0, 114]","[189.33, 30]","[190.87, 47]",182.17,331,14.33,0.53
07:40:25,"[176.05, 74]","[174.69, 130]","[185.58, 43]","[186.57, 23]",180.82,270,9.53,0.51
07:40:26,"[177.59, 51]","[175.33, 132]","[181.02, 44]","[181.83, 60]",179.31,287,3.43,0.28
07:40:27,"[175.18, 66]","[173.87, 138]","[177.9, 42]","[180.95, 57]",176.54,303,2.72,0.35
07:40:28,"[175.0, 68]","[173.0, 117]","[176.5, 40]","[225.35, 40]",175.75,265,1.5,0.4
07:40:29,"[173.12, 138]","[172.46, 56]","[481.83, 30]","[655.71, 21]",327.47,245,308.72,0.58
07:40:30,"[173.0, 85]","[172.0, 21]","[634.0, 7]","[635.0, 21]",403.5,134,461.0,0.58
07:40:31,"[173.0, 80]","[172.0, 24]","[463.3, 20]","[673.25, 12]",318.15,136,290.3,0.53
07:40:32,"[173.0, 80]","[172.0, 24]","[407.36, 22]","[598.3, 10]",290.18,136,234.36,0.53
07:40:33,"[173.0, 75]","[172.0, 30]","[347.65, 20]","[408.25, 20]",260.32,145,174.65,0.45
07:40:34,"[173.0, 42]","[172.0, 18]","[331.11, 9]","[347.81, 16]",252.06,85,158.11,0.41
07:40:35,"[173.0, 35]","[172.0, 15]","[313.0, 20]","[345.0, 5]",243.0,75,140.0,0.33
07:40:36,"[173.0, 60]","[172.0, 30]","[303.4, 25]","[312.52, 25]",238.2,140,130.4,0.29
07:40:37,"[173.0, 21]","[172.0, 21]","[286.0, 7]","[290.79, 19]",229.5,68,113.0,0.24
07:40:38,"[172.8, 30]","[171.5, 32]","[261.17, 12]","[308.4, 10]",216.98,84,88.37,0.48
07:40:39,"[173.64, 25]","[171.0, 48]","[178.85, 39]","[239.53, 19]",176.24,131,5.21,0.11
07:40:40,"[171.28, 18]","[170.68, 37]","[175.73, 11]","[195.73, 33]",173.5,99,4.45,0.11
07:40:41,"[133.5, 32]","[101.45, 20]","[293.67, 15]","[394.6, 30]",213.58,97,160.17,0.07
07:40:42,"[122.98, 86]","[82.3, 160]","[170.83, 60]","[280.51, 47]",146.91,353,47.86,0.39
07:40:43,"[120.0, 24]","[83.83, 96]","[166.29, 28]","[169.73, 44]",143.14,192,46.29,0.25
07:40:44,"[133.41, 34]","[95.3, 46]","[165.38, 40]","[167.0, 8]",149.39,128,31.96,0.25
07:40:45,"[143.63, 41]","[129.21, 57]","[217.58, 31]","[437.0, 21]",180.61,150,73.95,0.31
07:40:46,"[175.8, 20]","[174.83, 35]","[358.08, 13]","[489.48, 25]",266.94,93,182.28,0.18
07:40:47,"[177.0, 6]","[175.0, 24]","[241.0, 24]","[302.0, 6]",209.0,60,64.0,0.0
07:40:48,"[176.27, 11]","[174.27, 44]","[302.11, 38]","[408.59, 17]",239.19,110,125.83,0.0
07:40:49,"[173.44, 18]","[171.95, 38]","[336.62, 21]","[446.67, 21]",255.03,98,163.17,0.14
07:40:50,"[173.0, 9]","[170.87, 60]","[257.33, 9]","[544.93, 41]",215.17,119,84.33,0.16
07:40:51,"[173.0, 10]","[169.0, 20]","[254.25, 16]","[551.73, 22]",213.62,68,81.25,-0.12
07:40:52,"[173.0, 10]","[169.0, 20]","[228.24, 34]","[242.48, 23]",200.62,87,55.24,-0.31
07:40:53,"[173.68, 22]","[170.05, 19]","[197.58, 38]","[206.47, 34]",185.63,113,23.9,-0.27
07:40:54,"[171.17, 36]","[89.76, 50]","[194.58, 62]","[195.79, 38]",182.87,186,23.41,-0.08
07:40:55,"[131.8, 10]","[90.64, 59]","[192.68, 38]","[195.82, 22]",162.24,129,60.88,0.07
07:40:56,"[173.0, 10]","[136.24, 25]","[193.9, 40]","[196.0, 20]",183.45,95,20.9,-0.26
07:40:57,"[168.92, 12]","[131.16, 67]","[191.92, 48]","[194.4, 30]",180.42,157,23.0,0.01
07:40:58,"[125.56, 72]","[124.0, 9]","[179.22, 18]","[185.61, 33]",152.39,132,53.67,0.23
07:40:59,"[138.27, 44]","[125.82, 44]","[174.12, 32]","[175.36, 22]",156.2,142,35.85,0.24
07:41:00,"[159.35, 34]","[130.04, 46]","[171.83, 24]","[173.0, 24]",165.59,128,12.48,0.25
07:41:01,"[167.4, 100]","[163.4, 100]","[169.84, 38]","[171.0, 28]",168.62,266,2.44,0.5
07:41:02,"[165.38, 78]","[163.8, 166]","[169.03, 74]","[306.2, 70]",167.21,388,3.64,0.26
07:41:03,"[164.06, 32]","[163.0, 108]","[166.88, 41]","[167.9, 31]",165.47,212,2.82,0.32
07:41:04,"[165.0, 22]","[163.0, 132]","[166.0, 51]","[167.11, 27]",165.5,232,1.0,0.33
07:41:05,"[162.39, 69]","[158.11, 91]","[166.0, 34]","[168.0, 12]",164.2,206,3.61,0.55
07:41:06,"[162.0, 156]","[145.36, 22]","[165.46, 26]","[166.6, 20]",163.73,224,3.46,0.59
07:41:07,"[162.0, 120]","[153.67, 36]","[164.0, 25]","[165.2, 20]",163.0,201,2.0,0.55
07:41:08,"[158.76, 51]","[116.25, 32]","[162.68, 19]","[163.89, 18]",160.72,120,3.92,0.38
07:41:09,"[162.0, 72]","[131.36, 44]","[163.17, 24]","[164.33, 24]",162.58,164,1.17,0.41
07:41:10,"[162.45, 22]","[161.48, 62]","[165.33, 24]","[167.0, 16]",163.89,124,2.88,0.35
07:41:11,"[163.0, 10]","[161.0, 60]","[166.0, 20]","[168.0, 10]",164.5,100,3.0,0.4
07:41:12,"[163.0, 8]","[161.0, 48]","[166.0, 16]","[168.0, 8]",164.5,80,3.0,0.4
07:41:13,"[163.75, 8]","[161.0, 48]","[166.91, 11]","[168.87, 23]",165.33,90,3.16,0.24
07:41:14,"[164.0, 10]","[159.32, 76]","[168.0, 10]","[169.0, 40]",166.0,136,4.0,0.26
07:41:15,"[172.38, 66]","[160.74, 31]","[282.67, 33]","[267.95, 37]",227.52,167,110.29,0.16
07:41:16,"[173.0, 42]","[165.4, 10]","[318.7, 10]","[320.0, 20]",245.85,82,145.7,0.27
07:41:17,"[173.9, 49]","[170.33, 15]","[291.11, 19]","[302.36, 14]",232.5,97,117.21,0.32
07:41:18,"[175.0, 143]","[173.0, 39]","[239.89, 38]","[284.26, 27]",207.45,247,64.89,0.47
07:41:19,"[175.0, 79]","[173.0, 24]","[270.75, 8]","[272.0, 16]",222.88,127,95.75,0.62
07:41:20,"[175.0, 64]","[173.0, 24]","[269.6, 10]","[271.71, 14]",222.3,112,94.6,0.57
07:41:21,"[175.0, 56]","[173.0, 24]","[268.55, 11]","[269.23, 13]",221.77,104,93.55,0.54
07:41:22,"[175.0, 45]","[173.0, 27]","[267.38, 13]","[268.71, 14]",221.19,99,92.38,0.45
07:41:23,"[173.82, 56]","[170.67, 81]","[265.27, 51]","[266.17, 35]",219.55,223,91.45,0.23
07:41:24,"[173.0, 40]","[170.03, 58]","[261.2, 50]","[264.0, 20]",217.1,168,88.2,0.17
07:41:25,"[173.57, 37]","[172.75, 32]","[247.09, 35]","[249.5, 26]",210.33,130,73.52,0.06
07:41:26,"[175.69, 39]","[173.0, 44]","[235.75, 44]","[237.74, 47]",205.72,174,60.06,-0.05
07:41:27,"[176.41, 59]","[172.29, 49]","[233.27, 55]","[233.82, 71]",204.84,234,56.87,-0.08
07:41:28,"[170.0, 170]","[169.0, 16]","[228.66, 47]","[230.6, 35]",199.33,268,58.66,0.39
07:41:29,"[172.11, 112]","[170.18, 111]","[208.91, 56]","[228.38, 58]",190.51,337,36.8,0.32
07:41:30,"[174.1, 160]","[173.0, 40]","[187.6, 35]","[205.33, 45]",180.85,280,13.5,0.43
07:41:31,"[175.0, 201]","[173.0, 60]","[180.98, 53]","[183.02, 41]",177.99,355,5.98,0.47
07:41:32,"[176.28, 126]","[173.0, 56]","[178.0, 70]","[179.48, 50]",177.14,302,1.72,0.21
07:41:33,"[177.0, 13]","[173.0, 40]","[178.0, 50]","[254.14, 28]",177.5,131,1.0,-0.19
07:41:34,"[177.0, 9]","[173.0, 36]","[178.0, 45]","[243.11, 27]",177.5,117,1.0,-0.23
07:41:35,"[173.08, 49]","[170.3, 40]","[313.8, 56]","[351.22, 58]",243.44,203,140.72,-0.12
07:41:36,"[172.0, 36]","[169.75, 24]","[291.0, 60]","[313.2, 40]",231.5,160,119.0,-0.25
07:41:37,"[170.0, 14]","[169.0, 7]","[275.0, 33]","[356.86, 28]",222.5,82,105.0,-0.49
07:41:38,"[170.75, 12]","[168.29, 21]","[262.89, 38]","[532.25, 32]",216.82,103,92.14,-0.36
07:41:39,"[172.0, 4]","[168.55, 11]","[279.71, 14]","[527.75, 16]",225.86,45,107.71,-0.33
07:41:40,"[172.0, 6]","[169.0, 12]","[189.06, 17]","[248.0, 20]",180.53,55,17.06,-0.35
07:41:41,"[169.07, 41]","[167.76, 58]","[173.0, 68]","[229.53, 51]",171.04,218,3.93,-0.09
07:41:42,"[168.0, 55]","[167.0, 66]","[170.28, 39]","[187.24, 41]",169.14,201,2.28,0.2
07:41:43,"[168.08, 66]","[167.06, 83]","[219.86, 42]","[291.46, 54]",193.97,245,51.78,0.22
07:41:44,"[173.0, 6]","[171.0, 12]","[224.09, 22]","[321.4, 20]",198.55,60,51.09,-0.4
07:41:45,"[173.0, 9]","[168.31, 39]","[181.0, 45]","[360.78, 32]",177.0,125,8.0,-0.23
07:41:46,"[173.0, 14]","[168.84, 38]","[283.83, 58]","[448.92, 51]",228.41,161,110.83,-0.35
07:41:47,"[174.16, 50]","[170.73, 45]","[229.46, 39]","[500.95, 56]",201.81,190,55.3,0.0
07:41:48,"[174.67, 24]","[170.74, 42]","[228.48, 25]","[386.52, 25]",201.57,116,53.81,0.14
07:41:49,"[173.0, 30]","[169.0, 210]","[326.33, 55]","[480.07, 46]",249.66,341,153.33,0.41
07:41:50,"[169.29, 56]","[168.7, 40]","[447.67, 24]","[764.0, 18]",308.48,138,278.38,0.39
07:41:51,"[170.35, 82]","[168.71, 51]","[434.11, 37]","[508.05, 37]",302.23,207,263.75,0.29
07:41:52,"[172.0, 63]","[169.0, 63]","[456.29, 35]","[523.57, 28]",314.14,189,284.29,0.33
07:41:53,"[172.0, 117]","[169.0, 117]","[422.47, 59]","[515.87, 55]",297.24,348,250.47,0.34
07:41:54,"[172.0, 54]","[169.0, 59]","[347.72, 25]","[424.33, 27]",259.86,165,175.72,0.37
07:41:55,"[172.0, 42]","[169.0, 50]","[232.14, 21]","[249.55, 22]",202.07,135,60.14,0.36
07:41:56,"[172.12, 48]","[169.61, 88]","[248.63, 49]","[286.54, 41]",210.38,226,76.51,0.2
07:41:57,"[172.42, 72]","[169.96, 94]","[230.84, 43]","[242.57, 53]",201.63,262,58.42,0.27
07:41:58,"[174.64, 66]","[172.4, 60]","[207.47, 43]","[208.41, 44]",191.05,213,32.83,0.18
07:41:59,"[177.0, 48]","[174.0, 48]","[206.03, 35]","[207.35, 37]",191.51,168,29.03,0.14
07:42:00,"[177.0, 69]","[173.11, 54]","[204.33, 45]","[205.29, 42]",190.67,210,27.33,0.17
07:42:01,"[177.0, 106]","[172.5, 80]","[201.45, 58]","[202.42, 52]",189.22,296,24.45,0.26
07:42:02,"[177.0, 69]","[173.8, 122]","[197.49, 49]","[198.79, 53]",187.24,293,20.49,0.3
07:42:03,"[177.0, 35]","[172.0, 42]","[192.96, 25]","[194.07, 28]",184.98,130,15.96,0.18
07:42:04,"[177.0, 50]","[172.0, 60]","[187.0, 39]","[188.41, 46]",182.0,195,10.0,0.13
07:42:05,"[176.03, 31]","[171.57, 63]","[180.25, 44]","[181.23, 47]",178.14,185,4.22,0.02
07:42:06,"[172.0, 93]","[169.25, 96]","[177.57, 56]","[178.88, 69]",174.79,314,5.57,0.2
07:42:07,"[172.0, 69]","[169.0, 90]","[173.74, 38]","[175.2, 40]",172.87,237,1.74,0.34
07:42:08,"[169.43, 84]","[168.54, 39]","[172.36, 22]","[175.36, 33]",170.9,178,2.94,0.38
07:42:09,"[168.56, 64]","[167.23, 52]","[169.52, 27]","[178.47, 19]",169.04,162,0.96,0.43
07:42:10,"[168.94, 34]","[160.56, 36]","[316.29, 21]","[421.04, 23]",242.61,114,147.34,0.23
07:42:11,"[175.0, 12]","[167.0, 12]","[438.0, 9]","[450.0, 6]",306.5,39,263.0,0.23
07:42:12,"[170.56, 36]","[160.85, 26]","[408.32, 19]","[509.44, 18]",289.44,99,237.76,0.25
07:42:13,"[167.0, 28]","[125.6, 20]","[293.8, 10]","[329.64, 11]",230.4,69,126.8,0.39
07:42:14,"[173.52, 46]","[160.69, 29]","[214.0, 22]","[262.53, 17]",193.76,114,40.48,0.32
07:42:15,"[177.0, 72]","[172.27, 11]","[178.46, 39]","[185.88, 16]",177.73,138,1.46,0.2
07:42:16,"[177.0, 48]","[173.0, 33]","[178.0, 55]","[301.11, 19]",177.5,155,1.0,0.05
07:42:17,"[173.33, 36]","[172.21, 14]","[347.21, 33]","[400.31, 32]",260.27,115,173.88,-0.13
07:42:18,"[173.0, 26]","[172.0, 10]","[299.17, 24]","[384.64, 28]",236.08,88,126.17,-0.18
07:42:19,"[172.05, 19]","[171.71, 21]","[237.78, 36]","[282.33, 30]",204.92,106,65.73,-0.25
07:42:20,"[168.0, 54]","[167.0, 36]","[237.0, 18]","[535.42, 24]",202.5,132,69.0,0.36
07:42:21,"[170.33, 36]","[167.69, 52]","[231.5, 20]","[546.0, 22]",200.92,130,61.17,0.35
07:42:22,"[167.32, 53]","[147.82, 67]","[188.43, 28]","[450.0, 28]",177.87,176,21.11,0.36
07:42:23,"[175.29, 17]","[107.97, 33]","[185.43, 28]","[317.75, 16]",180.36,94,10.13,0.06
07:42:24,"[167.0, 9]","[144.76, 21]","[183.78, 18]","[185.0, 36]",175.39,84,16.78,-0.29
07:42:25,"[113.88, 49]","[59.29, 34]","[183.0, 14]","[185.0, 28]",148.44,125,69.12,0.33
07:42:26,"[163.7, 80]","[138.61, 49]","[181.4, 30]","[183.08, 48]",172.55,207,17.7,0.25
07:42:27,"[169.0, 63]","[167.0, 18]","[178.27, 22]","[179.5, 32]",173.64,135,9.27,0.2
07:42:28,"[170.0, 54]","[166.1, 20]","[175.53, 30]","[178.0, 30]",172.77,134,5.53,0.1
07:42:29,"[171.11, 45]","[166.0, 18]","[174.33, 36]","[176.0, 18]",172.72,117,3.22,0.08
07:42:30,"[170.29, 35]","[158.4, 30]","[173.69, 26]","[175.78, 18]",171.99,109,3.41,0.19
07:42:31,"[167.21, 14]","[163.38, 32]","[176.0, 24]","[189.83, 48]",171.61,118,8.79,-0.22
07:42:32,"[170.13, 15]","[168.44, 16]","[177.87, 30]","[186.71, 42]",174.0,103,7.73,-0.4
07:42:33,"[171.9, 29]","[169.0, 9]","[216.22, 18]","[324.07, 15]",194.06,71,44.33,0.07
07:42:34,"[172.92, 12]","[169.0, 12]","[339.48, 21]","[653.8, 15]",256.2,60,166.56,-0.2
07:42:35,"[175.24, 34]","[174.65, 46]","[478.75, 32]","[642.46, 26]",326.99,138,303.51,0.16
07:42:36,"[175.15, 26]","[173.4, 50]","[239.36, 28]","[540.81, 16]",207.26,120,64.2,0.27
07:42:37,"[174.2, 30]","[172.96, 90]","[306.11, 27]","[616.12, 16]",240.16,163,131.91,0.47
07:42:38,"[173.0, 99]","[169.4, 30]","[370.0, 32]","[504.57, 28]",271.5,189,197.0,0.37
07:42:39,"[173.0, 79]","[170.0, 72]","[346.4, 30]","[402.6, 30]",259.7,211,173.4,0.43
07:42:40,"[172.18, 22]","[169.98, 49]","[302.9, 21]","[314.14, 21]",237.54,113,130.72,0.26
07:42:41,"[170.0, 189]","[169.0, 15]","[270.54, 39]","[276.76, 33]",220.27,276,100.54,0.48
07:42:42,"[171.71, 14]","[169.57, 14]","[264.15, 26]","[265.25, 16]",217.93,70,92.44,-0.2
07:42:43,"[173.0, 14]","[170.0, 14]","[258.92, 26]","[259.16, 25]",215.96,79,85.92,-0.29
07:42:44,"[171.89, 18]","[169.11, 9]","[254.0, 9]","[256.0, 9]",212.94,45,82.11,0.2
07:42:45,"[172.8, 49]","[167.93, 29]","[207.03, 29]","[204.73, 33]",189.92,140,34.24,0.11
07:42:46,"[173.57, 42]","[171.46, 39]","[175.38, 21]","[176.82, 39]",174.48,141,1.81,0.15
07:42:47,"[173.92, 13]","[172.71, 35]","[175.0, 48]","[214.5, 20]",174.46,116,1.08,-0.17
07:42:48,"[173.0, 14]","[168.0, 38]","[174.43, 56]","[215.58, 19]",173.71,127,1.43,-0.18
07:42:49,"[108.06, 51]","[119.8, 49]","[174.0, 44]","[217.0, 22]",141.03,166,65.94,0.2
07:42:50,"[120.35, 49]","[99.91, 33]","[173.25, 32]","[201.0, 22]",146.8,136,52.9,0.21
07:42:51,"[122.67, 72]","[85.11, 88]","[169.47, 34]","[172.21, 38]",146.07,232,46.8,0.38
07:42:52,"[139.08, 25]","[105.58, 57]","[360.5, 40]","[434.0, 10]",249.79,132,221.42,0.24
07:42:53,"[177.0, 54]","[143.86, 14]","[343.89, 38]","[379.64, 22]",260.45,128,166.89,0.06
07:42:54,"[177.0, 20]","[166.77, 60]","[288.0, 31]","[362.21, 29]",232.5,140,111.0,0.14
07:42:55,"[177.0, 22]","[169.03, 74]","[223.73, 44]","[311.09, 46]",200.36,186,46.73,0.03
07:42:56,"[172.5, 20]","[167.77, 53]","[218.73, 44]","[223.36, 44]",195.61,161,46.23,-0.09
07:42:57,"[169.1, 20]","[150.0, 10]","[218.0, 16]","[219.0, 16]",193.55,62,48.9,-0.03
07:42:58,"[169.0, 54]","[144.62, 16]","[216.56, 36]","[217.56, 36]",192.78,142,47.56,-0.01
07:42:59,"[169.0, 42]","[139.17, 12]","[215.57, 28]","[216.57, 28]",192.29,110,46.57,-0.02
07:43:00,"[170.0, 30]","[165.3, 40]","[212.1, 40]","[214.1, 40]",191.05,150,42.1,-0.07
07:43:01,"[169.0, 25]","[113.07, 15]","[207.27, 49]","[209.1, 40]",188.13,129,38.27,-0.38
07:43:02,"[174.06, 108]","[168.17, 58]","[203.83, 59]","[206.4, 48]",188.94,273,29.77,0.22
07:43:03,"[175.0, 130]","[173.0, 117]","[198.71, 31]","[200.74, 34]",186.85,312,23.71,0.58
07:43:04,"[175.0, 130]","[173.0, 117]","[195.22, 46]","[197.14, 22]",185.11,315,20.22,0.57
07:43:05,"[175.0, 160]","[173.0, 144]","[190.06, 34]","[190.78, 46]",182.53,384,15.06,0.58
07:43:06,"[175.0, 122]","[173.0, 144]","[184.57, 28]","[188.83, 60]",179.79,354,9.57,0.5
07:43:07,"[175.0, 44]","[173.0, 99]","[180.67, 39]","[181.26, 38]",177.83,220,5.67,0.3
07:43:08,"[173.76, 29]","[172.92, 49]","[176.41, 17]","[178.67, 15]",175.09,110,2.65,0.42
07:43:09,"[173.0, 153]","[172.0, 34]","[175.12, 42]","[176.39, 23]",174.06,252,2.12,0.48
07:43:10,"[173.0, 48]","[172.0, 22]","[179.25, 44]","[266.76, 45]",176.12,159,6.25,-0.12
07:43:11,"[173.0, 14]","[172.0, 14]","[183.0, 21]","[190.33, 15]",178.0,64,10.0,-0.12
07:43:12,"[172.23, 35]","[171.6, 30]","[183.0, 42]","[264.6, 50]",177.61,157,10.77,-0.17
07:43:13,"[171.54, 78]","[169.75, 96]","[181.74, 43]","[352.47, 60]",176.64,277,10.21,0.26
07:43:14,"[175.0, 39]","[170.0, 117]","[178.49, 43]","[179.5, 48]",176.74,247,3.49,0.26
07:43:15,"[172.86, 42]","[169.92, 72]","[176.2, 30]","[235.37, 38]",174.53,182,3.34,0.25
07:43:16,"[170.26, 46]","[169.74, 61]","[232.16, 31]","[468.0, 29]",201.21,167,61.9,0.28
07:43:17,"[174.81, 21]","[171.58, 55]","[274.18, 33]","[450.33, 27]",224.5,136,99.37,0.12
07:43:18,"[178.57, 98]","[177.0, 32]","[224.28, 18]","[235.11, 38]",201.42,186,45.71,0.4
07:43:19,"[179.0, 77]","[177.0, 33]","[221.64, 11]","[224.82, 33]",200.32,154,42.64,0.43
07:43:20,"[178.86, 43]","[176.43, 35]","[220.09, 11]","[406.26, 35]",199.48,124,41.23,0.26
07:43:21,"[177.0, 30]","[173.0, 82]","[219.42, 12]","[386.46, 48]",198.21,172,42.42,0.3
07:43:22,"[177.0, 30]","[173.0, 105]","[199.67, 51]","[208.84, 31]",188.33,217,22.67,0.24
07:43:23,"[177.0, 14]","[173.0, 49]","[195.14, 7]","[197.0, 21]",186.07,91,18.14,0.38
07:43:24,"[177.0, 24]","[173.0, 69]","[194.58, 12]","[197.0, 36]",185.79,141,17.58,0.32
07:43:25,"[177.0, 12]","[173.0, 36]","[192.71, 14]","[195.8, 10]",184.86,72,15.71,0.33
07:43:26,"[173.47, 51]","[172.5, 36]","[191.52, 29]","[192.38, 26]",182.49,142,18.05,0.23
07:43:27,"[173.79, 43]","[172.74, 39]","[189.21, 24]","[190.0, 40]",181.5,146,15.42,0.12
07:43:28,"[170.84, 64]","[170.5, 40]","[185.39, 18]","[186.86, 21]",178.12,143,14.55,0.45
07:43:29,"[170.33, 82]","[169.69, 130]","[182.64, 36]","[183.61, 33]",176.48,281,12.31,0.51
07:43:30,"[173.0, 80]","[170.0, 98]","[179.73, 33]","[180.62, 26]",176.36,237,6.73,0.5
07:43:31,"[173.0, 78]","[169.67, 73]","[176.69, 39]","[177.57, 21]",174.85,211,3.69,0.43
07:43:32,"[171.33, 9]","[169.07, 30]","[174.29, 21]","[175.0, 27]",172.81,87,2.95,-0.1
07:43:33,"[169.6, 20]","[168.96, 50]","[171.88, 25]","[227.65, 31]",170.74,126,2.28,0.11
07:43:34,"[169.0, 48]","[168.0, 12]","[201.92, 24]","[241.17, 48]",185.46,132,32.92,-0.09
07:43:35,"[141.61, 36]","[100.56, 27]","[188.0, 24]","[190.56, 36]",164.81,123,46.39,0.02
07:43:36,"[153.08, 12]","[120.79, 19]","[184.5, 6]","[186.0, 6]",168.79,43,31.42,0.44
07:43:37,"[163.94, 31]","[108.95, 43]","[183.73, 11]","[185.0, 11]",173.83,96,19.79,0.54
07:43:38,"[175.67, 18]","[160.59, 34]","[181.2, 10]","[183.0, 10]",178.43,72,5.53,0.44
07:43:39,"[170.9, 21]","[115.57, 35]","[179.89, 9]","[182.67, 9]",175.4,74,8.98,0.51
07:43:40,"[169.0, 32]","[76.43, 30]","[176.62, 8]","[177.62, 8]",172.81,78,7.62,0.59
07:43:41,"[169.41, 74]","[156.87, 52]","[173.11, 19]","[174.89, 19]",171.26,164,3.7,0.54
07:43:42,"[170.0, 42]","[169.0, 56]","[174.65, 26]","[187.9, 39]",172.33,163,4.65,0.2
07:43:43,"[169.53, 36]","[168.33, 45]","[173.0, 9]","[175.0, 36]",171.26,126,3.47,0.29
07:43:44,"[171.01, 130]","[169.0, 45]","[174.11, 27]","[240.33, 60]",172.56,262,3.1,0.34
07:43:45,"[172.0, 63]","[169.0, 27]","[175.0, 18]","[303.71, 35]",173.5,143,3.0,0.26
07:43:46,"[172.75, 56]","[169.0, 24]","[174.75, 8]","[275.17, 24]",173.75,112,2.0,0.43
07:43:47,"[173.0, 56]","[169.0, 24]","[174.12, 8]","[330.24, 29]",173.56,117,1.12,0.37
07:43:48,"[170.43, 56]","[167.12, 48]","[371.08, 39]","[451.24, 42]",270.75,185,200.65,0.12
07:43:49,"[171.0, 57]","[166.16, 58]","[451.73, 44]","[500.0, 40]",311.36,199,280.73,0.16
07:43:50,"[166.45, 33]","[163.73, 37]","[443.85, 26]","[508.2, 30]",305.15,126,277.39,0.11
07:43:51,"[171.76, 17]","[165.06, 16]","[373.0, 8]","[449.0, 12]",272.38,53,201.24,0.25
07:43:52,"[167.08, 39]","[163.16, 58]","[313.45, 33]","[379.34, 35]",240.27,165,146.38,0.18
07:43:53,"[166.0, 30]","[164.41, 34]","[296.6, 30]","[440.43, 21]",231.3,115,130.6,0.11
07:43:54,"[167.2, 30]","[165.86, 42]","[292.72, 32]","[302.79, 38]",229.96,142,125.52,0.01
07:43:55,"[169.41, 34]","[166.8, 30]","[290.42, 36]","[291.65, 31]",229.91,131,121.0,-0.02
07:43:56,"[172.4, 15]","[168.7, 20]","[284.08, 36]","[290.13, 38]",228.24,109,111.68,-0.36
07:43:57,"[173.94, 31]","[171.0, 18]","[247.95, 44]","[265.88, 52]",210.95,145,74.02,-0.32
07:43:58,"[167.05, 19]","[163.9, 50]","[190.79, 29]","[196.32, 34]",178.92,132,23.74,0.05
07:43:59,"[163.6, 20]","[150.69, 26]","[166.26, 23]","[166.94, 17]",164.93,86,2.66,0.07
07:44:00,"[163.0, 24]","[138.85, 26]","[165.52, 46]","[166.24, 34]",164.26,130,2.52,-0.23
07:44:01,"[163.0, 18]","[128.11, 37]","[165.0, 27]","[166.0, 27]",164.0,109,2.0,0.01
07:44:02,"[163.0, 18]","[118.95, 40]","[165.25, 24]","[166.29, 21]",164.12,103,2.25,0.13
07:44:03,"[168.08, 25]","[126.14, 14]","[242.92, 13]","[444.73, 11]",205.5,63,74.84,0.24
07:44:04,"[172.0, 38]","[167.12, 8]","[298.88, 16]","[386.0, 8]",235.44,70,126.88,0.31
07:44:05,"[172.0, 8]","[169.0, 2]","[237.0, 4]","[412.75, 4]",204.5,18,65.0,0.11
07:44:06,"[172.0, 32]","[169.0, 8]","[235.41, 17]","[355.33, 9]",203.71,66,63.41,0.21
07:44:07,"[171.76, 25]","[167.91, 11]","[183.7, 20]","[381.33, 12]",177.73,68,11.94,0.06
07:44:08,"[166.0, 9]","[163.0, 18]","[176.33, 18]","[179.15, 13]",171.17,58,10.33,-0.07
07:44:09,"[166.0, 8]","[163.0, 16]","[174.75, 16]","[181.0, 8]",170.38,48,8.75,0.0
07:44:10,"[166.0, 10]","[163.0, 20]","[173.11, 36]","[174.78, 18]",169.56,84,7.11,-0.29
07:44:11,"[166.0, 11]","[163.0, 22]","[170.18, 11]","[207.05, 40]",168.09,84,4.18,-0.21
07:44:12,"[166.0, 12]","[163.0, 24]","[172.67, 12]","[227.0, 36]",169.33,84,6.67,-0.14
07:44:13,"[166.0, 17]","[163.0, 34]","[171.79, 19]","[321.12, 32]",168.89,102,5.79,0.0
07:44:14,"[166.0, 14]","[163.0, 28]","[169.34, 47]","[184.46, 28]",167.67,117,3.34,-0.28
07:44:15,"[166.0, 11]","[163.0, 22]","[243.43, 14]","[238.12, 43]",204.71,90,77.43,-0.27
07:44:16,"[167.45, 11]","[162.15, 20]","[209.5, 24]","[268.6, 15]",188.48,70,42.05,-0.11
07:44:17,"[166.0, 9]","[163.0, 27]","[167.0, 18]","[359.57, 14]",166.5,68,1.0,0.06
07:44:18,"[166.0, 6]","[163.0, 18]","[167.0, 12]","[285.67, 18]",166.5,54,1.0,-0.11
07:44:19,"[163.38, 16]","[145.81, 16]","[166.5, 16]","[239.88, 16]",164.94,64,3.12,0.0
07:44:20,"[162.67, 9]","[147.91, 11]","[165.0, 8]","[167.0, 10]",163.83,38,2.33,0.05
07:44:21,"[162.6, 20]","[126.8, 10]","[314.0, 20]","[399.83, 12]",238.3,62,151.4,-0.03
07:44:22,"[170.71, 14]","[169.5, 12]","[274.27, 11]","[348.85, 13]",222.49,50,103.56,0.04
07:44:23,"[176.0, 14]","[174.0, 12]","[271.25, 16]","[313.14, 14]",223.62,56,95.25,-0.07
07:44:24,"[176.6, 20]","[173.4, 15]","[389.88, 16]","[494.63, 19]",283.24,70,213.28,0.0
07:44:25,"[173.0, 6]","[171.0, 6]","[237.17, 6]","[624.0, 24]",205.08,42,64.17,-0.43
07:44:26,"[173.0, 6]","[166.17, 23]","[190.0, 6]","[359.0, 14]",181.5,49,17.0,0.18
07:44:27,"[173.0, 8]","[170.0, 48]","[371.73, 11]","[649.0, 28]",272.36,95,198.73,0.18
07:44:28,"[173.0, 7]","[170.0, 42]","[259.14, 7]","[634.82, 22]",216.07,78,86.14,0.26
07:44:29,"[170.0, 36]","[166.16, 37]","[373.1, 10]","[630.71, 17]",271.55,100,203.1,0.46
07:44:30,"[173.35, 34]","[171.64, 25]","[382.0, 10]","[557.5, 20]",277.68,89,208.65,0.33
07:44:31,"[177.0, 15]","[170.0, 20]","[382.0, 5]","[463.0, 10]",279.5,50,205.0,0.4
07:44:32,"[171.43, 44]","[167.56, 41]","[424.46, 24]","[502.0, 12]",297.95,121,253.03,0.4
07:44:33,"[170.4, 35]","[167.78, 63]","[364.29, 42]","[418.13, 60]",267.34,200,193.89,-0.02
07:44:34,"[172.0, 15]","[170.0, 60]","[272.52, 60]","[364.75, 73]",222.26,208,100.52,-0.28
07:44:35,"[173.46, 37]","[170.44, 36]","[246.44, 63]","[247.0, 54]",209.95,190,72.98,-0.23
07:44:36,"[175.0, 33]","[170.17, 35]","[240.64, 45]","[241.63, 43]",207.82,156,65.64,-0.13
07:44:37,"[175.38, 50]","[170.0, 72]","[236.08, 63]","[237.79, 68]",205.73,253,60.7,-0.04
07:44:38,"[171.27, 22]","[167.63, 43]","[231.7, 47]","[233.42, 31]",201.49,143,60.43,-0.09
07:44:39,"[172.53, 57]","[169.67, 18]","[229.34, 29]","[231.18, 33]",200.94,137,56.82,0.09
07:44:40,"[173.0, 240]","[170.0, 45]","[210.96, 67]","[214.34, 67]",191.98,419,37.96,0.36
07:44:41,"[173.0, 201]","[171.08, 26]","[190.84, 38]","[192.58, 33]",181.92,298,17.84,0.52
07:44:42,"[173.0, 197]","[172.0, 24]","[187.08, 38]","[188.22, 23]",180.04,282,14.08,0.57
07:44:43,"[173.0, 208]","[172.0, 26]","[179.89, 28]","[181.11, 27]",176.45,289,6.89,0.62
07:44:44,"[173.0, 107]","[172.0, 32]","[174.95, 64]","[176.44, 34]",173.98,237,1.95,0.17
07:44:45,"[173.0, 14]","[172.0, 28]","[174.81, 57]","[272.3, 23]",173.9,122,1.81,-0.31
07:44:46,"[170.57, 23]","[168.04, 51]","[174.47, 19]","[207.94, 36]",172.52,129,3.91,0.15
07:44:47,"[170.62, 24]","[168.35, 23]","[456.42, 24]","[316.71, 28]",313.52,99,285.79,-0.05
07:44:48,"[175.0, 34]","[169.0, 27]","[286.25, 24]","[460.14, 21]",230.62,106,111.25,0.15
07:44:49,"[172.25, 12]","[168.84, 19]","[176.0, 28]","[338.29, 14]",174.12,73,3.75,-0.15
07:44:50,"[170.0, 5]","[169.0, 15]","[176.0, 20]","[335.14, 14]",173.0,54,6.0,-0.26
07:44:51,"[167.79, 14]","[165.79, 62]","[174.2, 20]","[244.14, 42]",170.99,138,6.41,0.1
07:44:52,"[166.94, 31]","[157.04, 85]","[173.23, 13]","[264.95, 38]",170.08,167,6.3,0.39
07:44:53,"[167.0, 18]","[166.0, 72]","[173.33, 9]","[284.0, 36]",170.17,135,6.33,0.33
07:44:54,"[166.43, 28]","[164.1, 61]","[322.5, 32]","[521.0, 16]",244.46,137,156.07,0.3
07:44:55,"[166.0, 50]","[130.5, 24]","[317.14, 28]","[435.22, 18]",241.57,120,151.14,0.23
07:44:56,"[166.0, 27]","[85.29, 42]","[290.0, 36]","[415.87, 15]",228.0,120,124.0,0.15
07:44:57,"[172.5, 42]","[165.23, 31]","[270.5, 40]","[314.5, 10]",221.5,123,98.0,0.19
07:44:58,"[173.0, 35]","[166.0, 42]","[246.79, 29]","[261.46, 13]",209.9,119,73.79,0.29
07:44:59,"[173.0, 40]","[166.0, 48]","[242.75, 40]","[245.0, 16]",207.88,144,69.75,0.22
07:45:00,"[174.33, 105]","[169.18, 77]","[236.77, 66]","[239.36, 56]",205.55,304,62.44,0.2
07:45:01,"[176.71, 21]","[175.0, 70]","[235.0, 35]","[239.23, 26]",205.86,152,58.29,0.2
07:45:02,"[173.34, 35]","[166.94, 50]","[235.0, 45]","[266.0, 18]",204.17,148,61.66,0.15
07:45:03,"[173.53, 51]","[166.88, 48]","[234.5, 50]","[266.0, 20]",204.01,169,60.97,0.17
07:45:04,"[174.0, 72]","[173.0, 46]","[233.12, 40]","[266.0, 16]",203.56,174,59.12,0.36
07:45:05,"[175.33, 81]","[173.0, 63]","[233.0, 45]","[272.11, 18]",204.17,207,57.67,0.39
07:45:06,"[176.9, 90]","[173.0, 68]","[232.8, 50]","[278.25, 32]",204.85,240,55.9,0.32
07:45:07,"[177.0, 107]","[173.0, 105]","[214.12, 48]","[233.43, 69]",195.56,329,37.12,0.29
07:45:08,"[177.0, 58]","[173.0, 84]","[230.0, 60]","[252.64, 44]",203.5,246,53.0,0.15
07:45:09,"[178.0, 14]","[177.0, 21]","[228.86, 35]","[399.0, 14]",203.43,84,50.86,-0.17
07:45:10,"[178.0, 12]","[177.0, 18]","[227.67, 30]","[387.5, 12]",202.83,72,49.67,-0.17
07:45:11,"[178.71, 14]","[177.0, 21]","[227.0, 35]","[426.29, 14]",202.86,84,48.29,-0.17
07:45:12,"[179.0, 18]","[177.0, 27]","[330.71, 34]","[370.13, 30]",254.85,109,151.71,-0.17
07:45:13,"[179.0, 24]","[177.0, 36]","[321.26, 46]","[322.67, 48]",250.13,154,142.26,-0.22
07:45:14,"[178.25, 16]","[175.07, 29]","[319.0, 21]","[321.0, 28]",248.62,94,140.75,-0.04
07:45:15,"[175.79, 43]","[172.78, 74]","[317.8, 40]","[324.02, 47]",246.8,204,142.01,0.15
07:45:16,"[173.0, 54]","[169.0, 18]","[313.5, 16]","[317.0, 26]",243.25,114,140.5,0.26
07:45:17,"[173.0, 56]","[169.0, 20]","[305.81, 32]","[306.6, 25]",239.41,133,132.81,0.14
07:45:18,"[173.0, 55]","[169.0, 22]","[203.12, 32]","[247.23, 26]",188.06,135,30.12,0.14
07:45:19,"[173.15, 27]","[171.0, 20]","[201.64, 22]","[206.47, 19]",187.39,88,28.49,0.07
07:45:20,"[175.0, 10]","[173.0, 52]","[199.39, 41]","[200.0, 34]",187.2,137,24.39,-0.09
07:45:21,"[175.0, 13]","[173.0, 91]","[196.59, 39]","[197.51, 51]",185.79,194,21.59,0.07
07:45:22,"[175.0, 14]","[173.0, 98]","[192.7, 54]","[193.67, 42]",183.85,208,17.7,0.08
07:45:23,"[173.08, 25]","[170.74, 66]","[189.74, 43]","[191.02, 41]",181.41,175,16.66,0.04
07:45:24,"[172.08, 49]","[170.32, 68]","[186.1, 41]","[188.14, 44]",179.09,202,14.02,0.16
07:45:25,"[172.0, 50]","[170.0, 96]","[181.88, 41]","[182.87, 47]",176.94,234,9.88,0.25
07:45:26,"[170.5, 128]","[169.71, 90]","[175.73, 70]","[176.9, 79]",173.11,367,5.23,0.19
07:45:27,"[170.0, 38]","[169.0, 16]","[171.38, 40]","[173.0, 24]",170.69,118,1.38,-0.08
07:45:28,"[166.92, 26]","[147.18, 33]","[171.13, 31]","[173.91, 22]",169.03,112,4.21,0.05
07:45:29,"[166.0, 54]","[97.0, 27]","[170.74, 34]","[172.39, 28]",168.37,143,4.74,0.13
07:45:30,"[166.0, 42]","[99.33, 18]","[169.88, 17]","[170.77, 26]",167.94,103,3.88,0.17
07:45:31,"[163.05, 42]","[100.83, 24]","[167.36, 44]","[169.54, 35]",165.21,145,4.32,-0.09
07:45:32,"[138.17, 24]","[116.2, 30]","[165.61, 23]","[167.19, 47]",151.89,124,27.44,-0.13
07:45:33,"[139.0, 12]","[137.0, 12]","[164.0, 12]","[166.82, 22]",151.5,58,25.0,-0.17
07:45:34,"[139.0, 16]","[98.0, 32]","[164.78, 9]","[166.87, 30]",151.89,87,25.78,0.1
07:45:35,"[139.5, 12]","[87.67, 24]","[165.0, 6]","[167.0, 24]",152.25,66,25.5,0.09
07:45:36,"[141.22, 9]","[115.83, 12]","[164.11, 18]","[166.33, 12]",152.67,51,22.89,-0.18
07:45:37,"[144.52, 62]","[142.64, 14]","[164.33, 18]","[166.6, 30]",154.42,124,19.82,0.23
07:45:38,"[149.43, 115]","[147.32, 47]","[166.71, 42]","[356.07, 58]",158.07,262,17.29,0.24
07:45:39,"[153.33, 45]","[153.24, 21]","[167.0, 28]","[274.5, 24]",160.17,118,13.67,0.12
07:45:40,"[165.93, 86]","[164.84, 19]","[177.74, 38]","[209.5, 36]",171.83,179,11.81,0.17
07:45:41,"[167.68, 44]","[166.08, 76]","[282.62, 26]","[421.4, 20]",225.15,166,114.93,0.45
07:45:42,"[177.92, 26]","[175.74, 143]","[306.59, 64]","[360.44, 32]",242.26,265,128.67,0.28
07:45:43,"[177.24, 29]","[176.82, 79]","[265.33, 30]","[269.03, 33]",221.29,171,88.09,0.26
07:45:44,"[177.0, 77]","[170.0, 7]","[256.16, 19]","[268.8, 30]",216.58,133,79.16,0.26
07:45:45,"[177.0, 66]","[170.0, 6]","[262.91, 22]","[268.29, 28]",219.95,122,85.91,0.18
07:45:46,"[177.0, 77]","[170.0, 7]","[258.87, 23]","[260.61, 33]",217.93,140,81.87,0.2
07:45:47,"[177.0, 55]","[170.0, 5]","[256.74, 19]","[258.0, 21]",216.87,100,79.74,0.2
07:45:48,"[177.0, 77]","[170.0, 7]","[248.3, 23]","[255.16, 31]",212.65,138,71.3,0.22
07:45:49,"[177.0, 110]","[170.0, 10]","[223.82, 38]","[245.29, 35]",200.41,193,46.82,0.24
07:45:50,"[177.0, 78]","[170.0, 8]","[203.5, 40]","[240.71, 21]",190.25,147,26.5,0.17
07:45:51,"[177.0, 54]","[171.8, 10]","[201.38, 26]","[223.55, 22]",189.19,112,24.38,0.14
07:45:52,"[177.0, 77]","[173.0, 39]","[198.22, 49]","[199.78, 55]",187.61,220,21.22,0.05
07:45:53,"[177.0, 70]","[173.0, 36]","[194.36, 42]","[196.5, 54]",185.68,202,17.36,0.05
07:45:54,"[177.0, 30]","[173.0, 15]","[193.0, 25]","[194.0, 15]",185.0,85,16.0,0.06
07:45:55,"[177.0, 48]","[173.0, 24]","[191.5, 26]","[193.1, 30]",184.25,128,14.5,0.12
07:45:56,"[177.0, 54]","[173.0, 51]","[190.0, 21]","[192.77, 39]",183.5,165,13.0,0.27
07:45:57,"[177.0, 48]","[175.0, 27]","[190.09, 35]","[192.35, 37]",183.54,147,13.09,0.02
07:45:58,"[173.7, 126]","[171.5, 80]","[186.25, 64]","[227.79, 57]",179.97,327,12.55,0.26
07:45:59,"[173.19, 32]","[172.54, 92]","[185.47, 19]","[222.89, 27]",179.33,170,12.29,0.46
07:46:00,"[173.0, 142]","[170.39, 61]","[183.27, 49]","[184.31, 45]",178.13,297,10.27,0.37
07:46:01,"[172.97, 77]","[171.64, 56]","[175.79, 58]","[177.54, 57]",174.38,248,2.82,0.07
07:46:02,"[170.24, 41]","[169.5, 60]","[173.32, 19]","[174.79, 33]",171.78,153,3.07,0.32
07:46:03,"[169.83, 59]","[168.92, 49]","[171.4, 25]","[216.85, 26]",170.62,159,1.57,0.36
07:46:04,"[168.88, 32]","[167.47, 30]","[170.85, 13]","[527.39, 33]",169.86,108,1.97,0.15
07:46:05,"[168.0, 8]","[167.0, 32]","[170.0, 8]","[497.38, 32]",169.0,80,2.0,0.0
07:46:06,"[168.0, 4]","[167.0, 16]","[341.69, 13]","[605.23, 13]",254.85,46,173.69,-0.13
07:46:07,"[175.0, 16]","[171.2, 20]","[333.23, 31]","[577.93, 15]",254.11,82,158.23,-0.12
07:46:08,"[175.0, 14]","[172.0, 28]","[288.0, 24]","[301.63, 19]",231.5,85,113.0,-0.01
07:46:09,"[172.0, 6]","[168.0, 6]","[198.75, 16]","[241.91, 22]",185.38,50,26.75,-0.52
07:46:10,"[172.0, 4]","[168.0, 4]","[198.0, 8]","[319.0, 6]",185.0,22,26.0,-0.27
07:46:11,"[172.42, 19]","[170.17, 24]","[198.0, 26]","[304.32, 47]",185.21,116,25.58,-0.26
07:46:12,"[173.0, 30]","[170.0, 13]","[196.97, 39]","[212.78, 45]",184.99,127,23.97,-0.32
07:46:13,"[177.0, 32]","[170.0, 8]","[195.88, 34]","[197.09, 22]",186.44,96,18.88,-0.17
07:46:14,"[177.0, 48]","[170.0, 12]","[193.22, 36]","[194.46, 48]",185.11,144,16.22,-0.17
07:46:15,"[177.0, 36]","[173.0, 45]","[189.0, 39]","[190.75, 24]",183.0,144,12.0,0.12
07:46:16,"[177.0, 35]","[173.0, 55]","[186.25, 40]","[186.8, 49]",181.62,179,9.25,0.01
07:46:17,"[173.77, 26]","[172.71, 35]","[181.37, 35]","[182.43, 35]",177.57,131,7.6,-0.07
07:46:18,"[173.0, 52]","[171.74, 23]","[179.62, 26]","[181.0, 65]",176.31,166,6.62,-0.1
07:46:19,"[174.18, 50]","[172.77, 52]","[176.52, 73]","[188.09, 65]",175.35,240,2.34,-0.15
07:46:20,"[173.0, 37]","[170.0, 13]","[174.44, 57]","[176.26, 43]",173.72,150,1.44,-0.33
07:46:21,"[170.46, 13]","[169.04, 23]","[174.35, 40]","[214.17, 36]",172.41,112,3.89,-0.36
07:46:22,"[169.29, 17]","[167.88, 16]","[171.36, 22]","[177.5, 32]",170.33,87,2.07,-0.24
07:46:23,"[122.94, 160]","[124.0, 41]","[168.93, 29]","[179.03, 33]",145.93,263,45.99,0.53
07:46:24,"[101.8, 100]","[85.14, 44]","[161.0, 24]","[168.0, 8]",131.4,176,59.2,0.64
07:46:25,"[63.1, 40]","[40.32, 194]","[161.12, 33]","[165.79, 19]",112.11,286,98.02,0.64
07:46:26,"[30.62, 128]","[19.75, 16]","[161.5, 16]","[165.0, 12]",96.06,172,130.88,0.67
07:46:27,"[57.9, 82]","[43.69, 26]","[161.71, 14]","[171.0, 12]",109.81,134,103.81,0.61
07:46:28,"[108.87, 122]","[91.56, 57]","[166.0, 11]","[353.66, 35]",137.43,225,57.13,0.59
07:46:29,"[125.47, 47]","[59.12, 16]","[166.0, 7]","[578.77, 13]",145.73,83,40.53,0.52
07:46:30,"[125.56, 144]","[71.0, 27]","[167.0, 9]","[372.0, 15]",146.28,195,41.44,0.75
07:46:31,"[135.19, 73]","[123.94, 62]","[167.52, 21]","[168.7, 47]",151.36,203,32.33,0.33
07:46:32,"[148.28, 53]","[145.57, 42]","[166.0, 22]","[168.0, 55]",157.14,172,17.72,0.1
07:46:33,"[150.82, 17]","[150.1, 30]","[167.67, 24]","[168.29, 14]",159.25,85,16.84,0.11
07:46:34,"[155.14, 28]","[153.75, 12]","[168.0, 50]","[169.0, 10]",161.57,100,12.86,-0.2
07:46:35,"[159.8, 20]","[159.47, 47]","[168.0, 55]","[169.0, 11]",163.9,133,8.2,0.01
07:46:36,"[162.65, 26]","[161.75, 24]","[168.0, 45]","[169.0, 9]",165.33,104,5.35,-0.04
07:46:37,"[169.87, 23]","[166.57, 14]","[186.0, 40]","[240.38, 26]",177.93,103,16.13,-0.28
07:46:38,"[170.74, 27]","[168.85, 41]","[352.5, 24]","[521.38, 34]",261.62,126,181.76,0.08
07:46:39,"[173.79, 14]","[171.59, 34]","[451.22, 27]","[483.91, 44]",312.5,119,277.44,-0.19
07:46:40,"[174.6, 10]","[173.0, 20]","[202.44, 43]","[305.14, 29]",188.52,102,27.84,-0.41
07:46:41,"[176.17, 12]","[173.27, 22]","[182.0, 48]","[234.49, 39]",179.08,121,5.83,-0.44
07:46:42,"[173.0, 28]","[169.0, 84]","[179.5, 56]","[308.14, 56]",176.25,224,6.5,0.0
07:46:43,"[173.0, 18]","[169.0, 54]","[176.11, 18]","[373.74, 38]",174.56,128,3.11,0.12
07:46:44,"[170.6, 30]","[168.11, 27]","[174.08, 26]","[396.62, 32]",172.34,115,3.48,-0.01
07:46:45,"[173.0, 30]","[169.0, 11]","[174.0, 33]","[358.0, 35]",173.5,109,1.0,-0.25
07:46:46,"[167.53, 19]","[158.24, 49]","[181.85, 47]","[261.56, 32]",174.69,147,14.32,-0.07
07:46:47,"[159.0, 38]","[120.67, 49]","[171.8, 25]","[191.89, 27]",165.4,139,12.8,0.25
07:46:48,"[142.94, 136]","[119.82, 49]","[167.5, 26]","[171.83, 24]",155.22,235,24.56,0.57
07:46:49,"[144.11, 18]","[143.0, 108]","[164.6, 15]","[227.0, 15]",154.36,156,20.49,0.62
07:46:50,"[145.0, 8]","[143.0, 48]","[201.33, 12]","[322.75, 12]",173.17,80,56.33,0.4
07:46:51,"[152.43, 28]","[145.28, 50]","[209.73, 56]","[354.19, 16]",181.08,150,57.3,0.04
07:46:52,"[155.0, 52]","[154.0, 26]","[233.21, 48]","[290.87, 52]",194.1,178,78.21,-0.12
07:46:53,"[155.0, 24]","[154.0, 12]","[223.0, 18]","[232.05, 21]",189.0,75,68.0,-0.04
07:46:54,"[157.33, 54]","[156.65, 40]","[195.31, 52]","[257.22, 32]",176.32,178,37.97,0.06
07:46:55,"[169.0, 26]","[168.59, 64]","[186.0, 53]","[204.05, 57]",177.5,200,17.0,-0.1
07:46:56,"[176.0, 8]","[170.0, 48]","[186.0, 24]","[377.72, 36]",181.0,116,10.0,-0.03
07:46:57,"[176.97, 31]","[174.2, 20]","[181.88, 41]","[317.16, 37]",179.42,129,4.91,-0.21
07:46:58,"[177.47, 30]","[176.9, 42]","[179.0, 33]","[267.29, 14]",178.23,119,1.53,0.21
07:46:59,"[177.07, 58]","[176.57, 21]","[376.22, 18]","[504.83, 23]",276.65,120,199.15,0.32
07:47:00,"[177.0, 48]","[176.0, 8]","[399.25, 8]","[522.75, 8]",288.12,72,222.25,0.56
07:47:01,"[177.0, 60]","[176.0, 22]","[261.25, 20]","[275.79, 28]",219.12,130,84.25,0.26
07:47:02,"[177.0, 72]","[176.0, 12]","[198.72, 43]","[194.35, 26]",187.86,153,21.72,0.1
07:47:03,"[174.86, 28]","[171.38, 13]","[178.0, 8]","[189.22, 27]",176.43,76,3.14,0.08
07:47:04,"[173.0, 70]","[169.35, 46]","[178.0, 11]","[202.0, 44]",175.5,171,5.0,0.36
07:47:05,"[173.75, 64]","[170.86, 28]","[177.0, 12]","[198.45, 44]",175.38,148,3.25,0.24
07:47:06,"[172.87, 46]","[170.7, 46]","[177.0, 9]","[201.43, 23]",174.93,124,4.13,0.48
07:47:07,"[172.0, 73]","[170.0, 112]","[308.56, 16]","[536.38, 24]",240.28,225,136.56,0.64
07:47:08,"[172.0, 30]","[170.0, 80]","[294.41, 46]","[452.38, 26]",233.21,182,122.41,0.21
07:47:09,"[170.0, 56]","[169.0, 56]","[232.0, 35]","[394.43, 7]",201.0,154,62.0,0.45
07:47:10,"[170.32, 38]","[169.43, 56]","[231.5, 20]","[256.74, 27]",200.91,141,61.18,0.33
07:47:11,"[170.0, 100]","[169.0, 104]","[202.25, 16]","[246.87, 23]",186.12,243,32.25,0.68
07:47:12,"[172.29, 63]","[169.21, 71]","[219.5, 16]","[263.0, 34]",195.89,184,47.21,0.46
07:47:13,"[178.0, 72]","[170.0, 42]","[215.45, 22]","[257.35, 49]",196.73,185,37.45,0.23
07:47:14,"[178.0, 78]","[171.05, 82]","[193.46, 26]","[200.14, 29]",185.73,215,15.46,0.49
07:47:15,"[178.0, 66]","[174.22, 18]","[190.03, 30]","[190.93, 27]",184.02,141,12.03,0.19
07:47:16,"[178.0, 77]","[174.0, 22]","[187.0, 34]","[188.0, 43]",182.5,176,9.0,0.12
07:47:17,"[178.0, 103]","[174.0, 32]","[184.25, 68]","[185.09, 44]",181.12,247,6.25,0.09
07:47:18,"[178.0, 79]","[174.0, 28]","[180.52, 46]","[181.47, 49]",179.26,202,2.52,0.06
07:47:19,"[174.33, 24]","[171.09, 139]","[178.13, 46]","[179.92, 25]",176.23,234,3.8,0.39
07:47:20,"[174.0, 37]","[171.0, 105]","[176.66, 32]","[256.5, 16]",175.33,190,2.66,0.49
07:47:21,"[175.0, 8]","[171.1, 62]","[179.0, 12]","[489.0, 24]",177.0,106,4.0,0.32
07:47:22,"[176.0, 14]","[174.0, 57]","[178.43, 14]","[394.43, 28]",177.21,113,2.43,0.26
07:47:23,"[174.24, 82]","[172.86, 74]","[176.31, 45]","[315.24, 34]",175.28,235,2.07,0.33
07:47:24,"[174.16, 86]","[172.4, 60]","[175.81, 42]","[244.14, 28]",174.99,216,1.65,0.35
07:47:25,"[174.0, 71]","[170.0, 30]","[175.0, 30]","[385.77, 26]",174.5,157,1.0,0.29
07:47:26,"[174.0, 19]","[170.0, 21]","[300.26, 23]","[498.64, 25]",237.13,88,126.26,-0.09
07:47:27,"[174.67, 9]","[170.12, 34]","[435.0, 32]","[442.0, 24]",304.83,99,260.33,-0.13
07:47:28,"[177.0, 12]","[174.0, 6]","[366.0, 24]","[542.81, 16]",271.5,58,189.0,-0.38
07:47:29,"[173.88, 16]","[169.52, 21]","[364.5, 24]","[629.38, 26]",269.19,87,190.62,-0.15
07:47:30,"[174.0, 20]","[170.0, 4]","[335.18, 11]","[515.91, 11]",254.59,46,161.18,0.04
07:47:31,"[172.86, 14]","[168.67, 6]","[279.09, 23]","[283.63, 19]",225.97,62,106.23,-0.35
07:47:32,"[169.17, 12]","[167.22, 32]","[265.7, 27]","[267.24, 37]",217.44,108,96.54,-0.19
07:47:33,"[168.0, 7]","[167.0, 38]","[262.9, 10]","[264.08, 25]",215.45,80,94.9,0.12
07:47:34,"[173.0, 225]","[168.13, 15]","[261.22, 18]","[262.91, 57]",217.11,315,88.22,0.52
07:47:35,"[173.55, 165]","[172.57, 84]","[258.0, 14]","[260.25, 32]",215.77,295,84.45,0.69
07:47:36,"[173.0, 299]","[169.0, 20]","[251.56, 32]","[253.7, 20]",212.28,371,78.56,0.72
07:47:37,"[173.68, 118]","[172.56, 63]","[245.42, 48]","[250.61, 23]",209.55,252,71.74,0.44
07:47:38,"[177.0, 55]","[173.0, 154]","[249.35, 23]","[250.15, 26]",213.17,258,72.35,0.62
07:47:39,"[174.89, 123]","[172.93, 215]","[246.74, 19]","[248.0, 19]",210.81,376,71.85,0.8
07:47:40,"[173.36, 91]","[172.85, 134]","[235.15, 27]","[235.57, 21]",204.26,273,61.79,0.65
07:47:41,"[175.0, 26]","[173.0, 182]","[205.0, 22]","[207.58, 52]",190.0,282,30.0,0.48
07:47:42,"[175.35, 17]","[173.13, 90]","[188.76, 17]","[200.67, 9]",182.06,133,13.41,0.61
07:47:43,"[173.49, 37]","[172.98, 129]","[179.95, 20]","[188.25, 24]",176.72,210,6.46,0.58
07:47:44,"[173.0, 117]","[172.0, 14]","[174.64, 14]","[201.17, 35]",173.82,180,1.64,0.46
07:47:45,"[173.0, 71]","[172.0, 14]","[203.06, 53]","[401.46, 69]",188.03,207,30.06,-0.18
07:47:46,"[173.0, 40]","[172.0, 8]","[202.0, 32]","[438.5, 40]",187.5,120,29.0,-0.2
07:47:47,"[172.96, 25]","[170.94, 17]","[202.0, 36]","[205.0, 18]",187.48,96,29.04,-0.12
07:47:48,"[175.89, 9]","[170.56, 25]","[201.89, 36]","[205.0, 18]",188.89,88,26.0,-0.23
07:47:49,"[177.0, 8]","[170.88, 16]","[201.0, 32]","[234.5, 16]",189.0,72,24.0,-0.33
07:47:50,"[171.57, 23]","[169.85, 71]","[199.87, 60]","[332.09, 66]",185.72,220,28.3,-0.15
07:47:51,"[174.14, 14]","[172.0, 14]","[197.5, 56]","[395.86, 49]",185.82,133,23.36,-0.58
07:47:52,"[176.15, 13]","[172.0, 13]","[194.43, 49]","[233.0, 22]",185.29,97,18.27,-0.46
07:47:53,"[177.0, 19]","[172.0, 11]","[193.98, 41]","[194.71, 14]",185.49,85,16.98,-0.29
07:47:54,"[177.0, 22]","[172.91, 46]","[189.78, 41]","[191.79, 28]",183.39,137,12.78,-0.01
07:47:55,"[173.14, 58]","[172.3, 20]","[184.8, 64]","[186.8, 59]",178.97,201,11.66,-0.22
07:47:56,"[171.5, 72]","[170.0, 27]","[181.16, 50]","[182.17, 58]",176.33,207,9.66,-0.04
07:47:57,"[171.6, 103]","[169.85, 156]","[176.46, 68]","[178.43, 49]",174.03,376,4.85,0.38
07:47:58,"[170.2, 89]","[169.27, 90]","[173.17, 60]","[696.37, 38]",171.68,277,2.96,0.29
07:47:59,"[170.0, 10]","[169.0, 30]","[356.0, 15]","[679.24, 21]",263.0,76,186.0,0.05
07:48:00,"[170.0, 20]","[169.0, 60]","[260.16, 37]","[311.69, 42]",215.08,159,90.16,0.01
07:48:01,"[174.59, 49]","[169.6, 30]","[280.0, 33]","[377.0, 33]",227.3,145,105.41,0.09
07:48:02,"[175.0, 50]","[170.0, 20]","[284.7, 30]","[488.4, 40]",229.85,140,109.7,0.0
07:48:03,"[175.94, 51]","[174.24, 50]","[235.98, 51]","[327.14, 58]",205.96,210,60.04,-0.04
07:48:04,"[175.0, 30]","[173.0, 10]","[216.38, 26]","[221.71, 34]",195.69,100,41.38,-0.2
07:48:05,"[175.0, 39]","[173.0, 13]","[220.8, 35]","[398.4, 40]",197.9,127,45.8,-0.18
07:48:06,"[171.0, 31]","[169.17, 69]","[221.73, 45]","[332.68, 47]",196.37,192,50.73,0.04
07:48:07,"[171.0, 16]","[169.1, 40]","[220.0, 24]","[534.75, 8]",195.5,88,49.0,0.27
07:48:08,"[174.0, 18]","[170.0, 18]","[218.73, 33]","[219.6, 30]",196.36,99,44.73,-0.27
07:48:09,"[169.94, 34]","[168.84, 62]","[217.18, 33]","[219.0, 44]",193.56,173,47.24,0.11
07:48:10,"[169.42, 43]","[168.33, 45]","[216.32, 25]","[218.71, 31]",192.87,144,46.9,0.22
07:48:11,"[171.78, 54]","[169.51, 63]","[187.74, 34]","[213.73, 45]",179.76,196,15.96,0.19
07:48:12,"[173.5, 20]","[170.1, 31]","[181.47, 30]","[182.54, 26]",177.48,107,7.97,-0.05
07:48:13,"[170.46, 52]","[169.25, 60]","[179.14, 37]","[180.87, 47]",174.8,196,8.67,0.14
07:48:14,"[170.27, 149]","[169.42, 60]","[177.73, 45]","[178.69, 39]",174.0,293,7.46,0.43
07:48:15,"[170.49, 113]","[169.92, 197]","[175.2, 30]","[178.0, 40]",172.84,380,4.71,0.63
07:48:16,"[170.06, 186]","[169.6, 87]","[174.78, 18]","[177.91, 33]",172.42,324,4.71,0.69
07:48:17,"[170.01, 338]","[167.98, 98]","[173.0, 27]","[177.22, 45]",171.51,508,2.99,0.72
07:48:18,"[170.04, 141]","[167.9, 80]","[232.57, 14]","[419.89, 9]",201.31,244,62.53,0.81
07:48:19,"[172.0, 8]","[170.0, 77]","[582.0, 6]","[641.4, 5]",377.0,96,410.0,0.77
07:48:20,"[174.62, 16]","[170.0, 160]","[573.31, 13]","[725.8, 10]",373.97,199,398.68,0.77
07:48:21,"[176.8, 20]","[171.24, 116]","[525.25, 24]","[640.14, 14]",351.02,174,348.45,0.56
07:48:22,"[178.0, 16]","[174.0, 48]","[284.85, 20]","[552.93, 14]",231.43,98,106.85,0.31
07:48:23,"[178.0, 16]","[174.0, 48]","[226.08, 26]","[255.1, 20]",202.04,110,48.08,0.16
07:48:24,"[178.0, 26]","[174.0, 78]","[226.35, 17]","[227.2, 41]",202.18,162,48.35,0.28
07:48:25,"[175.48, 27]","[173.77, 39]","[225.12, 8]","[336.57, 14]",200.3,88,49.64,0.5
07:48:26,"[174.5, 70]","[173.54, 46]","[223.94, 52]","[224.5, 20]",199.22,188,49.44,0.23
07:48:27,"[177.1, 70]","[174.0, 50]","[220.5, 10]","[224.0, 50]",198.8,180,43.4,0.33
07:48:28,"[177.43, 56]","[173.88, 51]","[216.59, 27]","[216.96, 45]",197.01,179,39.16,0.2
07:48:29,"[174.0, 41]","[173.0, 39]","[213.05, 40]","[215.23, 35]",193.53,155,39.05,0.03
07:48:30,"[174.0, 30]","[173.0, 30]","[210.9, 41]","[211.9, 49]",192.45,150,36.9,-0.2
07:48:31,"[174.0, 27]","[173.0, 27]","[208.07, 28]","[208.8, 41]",191.04,123,34.07,-0.12
07:48:32,"[173.31, 39]","[172.13, 90]","[206.03, 69]","[207.23, 30]",189.67,228,32.72,0.13
07:48:33,"[172.59, 27]","[170.25, 181]","[200.91, 32]","[202.24, 46]",186.75,286,28.31,0.45
07:48:34,"[172.0, 27]","[170.0, 297]","[194.66, 32]","[196.59, 22]",183.33,378,22.66,0.71
07:48:35,"[172.0, 15]","[170.0, 351]","[191.32, 44]","[192.28, 53]",181.66,463,19.32,0.58
07:48:36,"[172.0, 11]","[170.0, 297]","[188.06, 54]","[190.07, 43]",180.03,405,16.06,0.52
07:48:37,"[173.64, 22]","[171.6, 60]","[185.33, 75]","[187.4, 63]",179.48,220,11.7,-0.25
07:48:38,"[174.0, 11]","[173.0, 22]","[178.26, 27]","[180.15, 27]",176.13,87,4.26,-0.24
07:48:39,"[173.8, 10]","[170.89, 54]","[175.37, 38]","[176.46, 28]",174.58,130,1.57,-0.02
07:48:40,"[173.76, 34]","[170.88, 85]","[175.67, 36]","[176.23, 26]",174.72,181,1.9,0.31
07:48:41,"[173.84, 38]","[171.65, 49]","[175.73, 44]","[177.0, 11]",174.78,142,1.89,0.23
07:48:42,"[174.0, 38]","[173.0, 22]","[175.0, 44]","[204.43, 35]",174.5,139,1.0,-0.14
07:48:43,"[171.7, 23]","[170.65, 69]","[182.22, 46]","[230.74, 53]",176.96,191,10.52,-0.04
07:48:44,"[171.0, 65]","[170.0, 104]","[285.6, 47]","[371.47, 34]",228.3,250,114.6,0.35
07:48:45,"[171.0, 63]","[170.0, 112]","[246.32, 44]","[285.5, 28]",208.66,247,75.32,0.42
07:48:46,"[174.37, 83]","[170.41, 68]","[216.49, 53]","[243.8, 49]",195.43,253,42.12,0.19
07:48:47,"[175.32, 44]","[170.67, 48]","[177.74, 47]","[203.4, 43]",176.53,182,2.43,0.01
07:48:48,"[171.0, 24]","[170.0, 64]","[175.12, 40]","[177.0, 32]",173.06,160,4.12,0.1
07:48:49,"[171.0, 39]","[170.0, 108]","[172.94, 64]","[176.62, 53]",171.97,264,1.94,0.11
07:48:50,"[170.11, 79]","[169.43, 37]","[172.68, 34]","[454.0, 50]",171.4,200,2.56,0.16
07:48:51,"[170.0, 66]","[167.0, 7]","[172.43, 14]","[322.25, 32]",171.21,119,2.43,0.23
07:48:52,"[170.0, 45]","[167.0, 9]","[171.89, 18]","[333.21, 43]",170.94,115,1.89,-0.06
