Time,Bid1,Bid2,Ask1,Ask2,Mid-Price,Total_volume,Bid_ask_spread,Order_imbalance
07:30:00,"[0, 0]","[0, 0]","[246.57, 7]","[307.33, 3]",123.29,10,246.57,-1.0
07:30:01,"[144.0, 2]","[0, 0]","[201.0, 12]","[299.0, 6]",172.5,20,57.0,-0.8
07:30:02,"[55.5, 8]","[0, 0]","[201.0, 16]","[299.0, 8]",128.25,32,145.5,-0.5
07:30:03,"[124.8, 10]","[0, 0]","[201.0, 20]","[299.0, 10]",162.9,40,76.2,-0.5
07:30:04,"[45.8, 10]","[0, 0]","[201.0, 20]","[249.85, 13]",123.4,43,155.2,-0.53
07:30:05,"[120.0, 5]","[21.0, 2]","[201.0, 8]","[228.0, 6]",160.5,21,81.0,-0.33
07:30:06,"[186.0, 3]","[7.0, 2]","[201.0, 4]","[228.0, 3]",193.5,12,15.0,-0.17
07:30:07,"[186.0, 18]","[159.0, 18]","[201.0, 24]","[228.0, 18]",193.5,78,15.0,-0.08
07:30:08,"[186.0, 18]","[159.0, 18]","[201.0, 24]","[222.5, 12]",193.5,72,15.0,0.0
07:30:09,"[186.0, 27]","[159.0, 27]","[200.77, 22]","[202.67, 18]",193.39,94,14.77,0.15
07:30:10,"[186.0, 21]","[159.0, 21]","[201.0, 21]","[206.0, 7]",193.5,70,15.0,0.2
07:30:11,"[186.67, 18]","[170.55, 22]","[201.0, 24]","[206.0, 8]",193.83,72,14.33,0.11
07:30:12,"[185.0, 42]","[161.0, 42]","[197.47, 51]","[201.78, 32]",191.24,167,12.47,0.01
07:30:13,"[185.0, 30]","[166.0, 30]","[196.0, 40]","[201.0, 30]",190.5,130,11.0,-0.08
07:30:14,"[185.8, 15]","[181.0, 15]","[196.0, 28]","[201.0, 21]",190.9,79,10.2,-0.24
07:30:15,"[188.96, 23]","[185.47, 19]","[196.0, 48]","[201.0, 36]",192.48,126,7.04,-0.33
07:30:16,"[191.92, 24]","[190.27, 15]","[198.31, 29]","[201.91, 33]",195.11,101,6.39,-0.23
07:30:17,"[192.71, 28]","[190.0, 14]","[208.22, 55]","[222.84, 32]",200.47,129,15.5,-0.35
07:30:18,"[195.24, 46]","[194.55, 29]","[204.0, 60]","[214.0, 36]",199.62,171,8.76,-0.12
07:30:19,"[199.98, 53]","[199.25, 64]","[203.59, 59]","[208.12, 51]",201.79,227,3.61,0.03
07:30:20,"[202.13, 39]","[201.01, 91]","[203.25, 59]","[204.91, 89]",202.69,278,1.13,-0.06
07:30:21,"[204.98, 85]","[204.53, 59]","[213.0, 19]","[257.05, 38]",208.99,201,8.02,0.43
07:30:22,"[209.8, 56]","[208.8, 30]","[213.0, 13]","[252.0, 26]",211.4,125,3.2,0.38
07:30:23,"[211.0, 44]","[208.48, 71]","[219.79, 29]","[243.65, 23]",215.4,167,8.79,0.38
07:30:24,"[211.08, 12]","[209.0, 72]","[214.05, 57]","[240.15, 13]",212.57,154,2.97,0.09
07:30:25,"[210.0, 27]","[207.88, 75]","[213.0, 100]","[237.0, 12]",211.5,214,3.0,-0.05
07:30:26,"[209.18, 66]","[205.42, 86]","[213.0, 70]","[237.0, 14]",211.09,236,3.82,0.29
07:30:27,"[209.83, 24]","[207.07, 29]","[213.0, 35]","[237.0, 15]",211.42,103,3.17,0.03
07:30:28,"[209.94, 67]","[207.25, 32]","[213.0, 55]","[237.0, 33]",211.47,187,3.06,0.06
07:30:29,"[210.0, 77]","[209.0, 22]","[213.0, 55]","[237.0, 31]",211.5,185,3.0,0.07
07:30:30,"[210.0, 49]","[209.0, 14]","[213.0, 35]","[223.58, 19]",211.5,117,3.0,0.08
07:30:31,"[210.84, 43]","[209.97, 65]","[213.0, 50]","[235.0, 30]",211.92,188,2.16,0.15
07:30:32,"[211.0, 25]","[210.0, 56]","[212.6, 25]","[218.82, 34]",211.8,140,1.6,0.16
07:30:33,"[211.0, 27]","[210.0, 91]","[212.67, 42]","[215.34, 41]",211.83,201,1.67,0.17
07:30:34,"[210.05, 19]","[206.74, 34]","[213.0, 28]","[229.0, 7]",211.53,88,2.95,0.2
07:30:35,"[210.0, 15]","[206.09, 11]","[213.0, 20]","[229.0, 5]",211.5,51,3.0,0.02
07:30:36,"[207.12, 68]","[205.37, 27]","[212.94, 34]","[223.67, 12]",210.03,141,5.82,0.35
07:30:37,"[205.0, 84]","[204.0, 12]","[211.5, 24]","[213.0, 48]",208.25,168,6.5,0.14
07:30:38,"[205.0, 105]","[204.0, 15]","[209.8, 30]","[213.87, 60]",207.4,210,4.8,0.14
07:30:39,"[205.0, 112]","[204.0, 16]","[207.88, 32]","[214.0, 64]",206.44,224,2.88,0.14
07:30:40,"[205.0, 78]","[204.0, 12]","[212.25, 32]","[216.61, 46]",208.62,168,7.25,0.07
07:30:41,"[210.31, 70]","[202.17, 35]","[214.0, 45]","[217.0, 69]",212.16,219,3.69,-0.04
07:30:42,"[210.55, 88]","[202.65, 37]","[214.0, 36]","[216.17, 60]",212.27,221,3.45,0.13
07:30:43,"[208.0, 28]","[202.0, 21]","[214.0, 21]","[217.0, 35]",211.0,105,6.0,-0.07
07:30:44,"[202.0, 27]","[201.0, 9]","[210.18, 33]","[216.15, 39]",206.09,108,8.18,-0.33
07:30:45,"[202.0, 30]","[201.0, 10]","[210.3, 30]","[215.68, 40]",206.15,110,8.3,-0.27
07:30:46,"[202.0, 27]","[201.0, 9]","[211.08, 26]","[212.63, 19]",206.54,81,9.08,-0.11
07:30:47,"[203.45, 38]","[201.47, 45]","[211.42, 38]","[214.72, 50]",207.43,171,7.97,-0.03
07:30:48,"[200.0, 39]","[198.0, 13]","[208.08, 26]","[210.23, 26]",204.04,104,8.08,0.0
07:30:49,"[200.0, 39]","[198.0, 13]","[207.85, 26]","[212.42, 26]",203.92,104,7.85,0.0
07:30:50,"[200.0, 45]","[197.05, 63]","[209.0, 30]","[211.0, 15]",204.5,153,9.0,0.41
07:30:51,"[200.0, 36]","[197.0, 60]","[208.96, 23]","[210.69, 13]",204.48,132,8.96,0.45
07:30:52,"[198.24, 51]","[159.58, 59]","[207.62, 13]","[209.71, 34]",202.93,157,9.38,0.4
07:30:53,"[197.92, 65]","[163.58, 48]","[206.0, 11]","[210.0, 33]",201.96,157,8.08,0.44
07:30:54,"[198.31, 78]","[170.9, 62]","[203.47, 17]","[204.88, 48]",200.89,205,5.16,0.37
07:30:55,"[198.74, 62]","[191.24, 90]","[207.62, 63]","[338.08, 49]",203.18,264,8.88,0.15
07:30:56,"[200.25, 16]","[197.0, 56]","[208.0, 16]","[443.5, 24]",204.12,112,7.75,0.29
07:30:57,"[200.68, 19]","[197.07, 55]","[208.0, 26]","[489.16, 25]",204.34,125,7.32,0.18
07:30:58,"[200.08, 62]","[198.48, 56]","[208.0, 42]","[286.0, 30]",204.04,190,7.92,0.24
07:30:59,"[202.0, 18]","[200.0, 45]","[207.24, 25]","[212.56, 18]",204.62,106,5.24,0.19
07:31:00,"[201.79, 77]","[198.58, 57]","[206.24, 21]","[207.6, 20]",204.02,175,4.45,0.53
07:31:01,"[201.41, 54]","[196.89, 112]","[207.62, 13]","[264.7, 33]",204.51,212,6.21,0.57
07:31:02,"[198.84, 38]","[196.85, 119]","[210.24, 34]","[249.49, 57]",204.54,248,11.39,0.27
07:31:03,"[198.0, 22]","[197.0, 87]","[211.27, 33]","[234.9, 20]",204.64,162,13.27,0.35
07:31:04,"[207.33, 48]","[198.27, 49]","[213.29, 28]","[303.95, 21]",210.31,146,5.95,0.33
07:31:05,"[210.0, 78]","[203.08, 50]","[214.0, 26]","[281.16, 37]",212.0,191,4.0,0.34
07:31:06,"[210.41, 51]","[209.34, 29]","[214.0, 22]","[431.0, 11]",212.21,113,3.59,0.42
07:31:07,"[210.62, 26]","[209.75, 24]","[214.0, 14]","[431.0, 7]",212.31,71,3.38,0.41
07:31:08,"[210.14, 35]","[209.5, 40]","[214.0, 20]","[386.6, 10]",212.07,105,3.86,0.43
07:31:09,"[210.02, 55]","[208.5, 24]","[214.0, 20]","[243.1, 31]",212.01,130,3.98,0.22
07:31:10,"[210.0, 14]","[208.0, 14]","[214.0, 14]","[397.0, 16]",212.0,58,4.0,-0.03
07:31:11,"[208.57, 14]","[203.51, 39]","[214.0, 14]","[380.11, 19]",211.29,86,5.43,0.23
07:31:12,"[208.0, 14]","[203.57, 49]","[214.0, 14]","[399.11, 19]",211.0,96,6.0,0.31
07:31:13,"[208.0, 8]","[205.0, 32]","[214.0, 8]","[447.57, 7]",211.0,55,6.0,0.45
07:31:14,"[205.43, 42]","[203.73, 66]","[336.75, 20]","[470.88, 8]",271.09,136,131.32,0.59
07:31:15,"[205.6, 30]","[204.41, 71]","[214.0, 36]","[324.0, 9]",209.8,146,8.4,0.38
07:31:16,"[205.75, 48]","[204.15, 99]","[214.0, 36]","[302.53, 17]",209.88,200,8.25,0.47
07:31:17,"[205.0, 120]","[201.0, 70]","[214.0, 40]","[339.31, 26]",209.5,256,9.0,0.48
07:31:18,"[205.0, 96]","[201.0, 56]","[235.14, 35]","[286.38, 32]",220.07,219,30.14,0.39
07:31:19,"[205.0, 96]","[199.31, 32]","[223.43, 35]","[269.12, 40]",214.21,203,18.43,0.26
07:31:20,"[209.24, 51]","[205.64, 58]","[222.0, 9]","[223.0, 36]",215.62,154,12.76,0.42
07:31:21,"[208.36, 42]","[205.25, 72]","[222.0, 12]","[223.0, 48]",215.18,174,13.64,0.31
07:31:22,"[208.0, 7]","[205.0, 42]","[221.71, 7]","[223.0, 28]",214.86,84,13.71,0.17
07:31:23,"[204.97, 67]","[201.2, 20]","[220.58, 12]","[223.0, 48]",212.78,147,15.61,0.18
07:31:24,"[203.82, 39]","[199.45, 71]","[216.43, 49]","[218.48, 67]",210.12,226,12.61,-0.03
07:31:25,"[203.98, 41]","[201.11, 19]","[211.68, 41]","[217.17, 18]",207.83,119,7.71,0.01
07:31:26,"[203.98, 55]","[200.22, 18]","[205.0, 36]","[215.0, 14]",204.49,123,1.02,0.19
07:31:27,"[203.18, 11]","[198.6, 30]","[205.0, 18]","[215.0, 27]",204.09,86,1.82,-0.05
07:31:28,"[199.41, 17]","[193.39, 77]","[205.0, 27]","[215.0, 36]",202.21,157,5.59,0.2
07:31:29,"[199.26, 23]","[194.32, 96]","[205.0, 36]","[215.0, 48]",202.13,203,5.74,0.17
07:31:30,"[201.67, 24]","[200.0, 8]","[205.0, 24]","[214.0, 40]",203.33,96,3.33,-0.33
07:31:31,"[207.96, 47]","[203.0, 24]","[213.73, 71]","[231.12, 57]",210.84,199,5.77,-0.29
07:31:32,"[210.47, 17]","[209.6, 30]","[214.93, 43]","[400.74, 23]",212.7,113,4.46,-0.17
07:31:33,"[211.0, 11]","[210.0, 33]","[214.0, 33]","[219.0, 44]",212.5,121,3.0,-0.27
07:31:34,"[211.0, 12]","[210.0, 36]","[212.09, 33]","[221.92, 48]",211.55,129,1.09,-0.26
07:31:35,"[211.0, 10]","[210.0, 30]","[212.0, 20]","[224.0, 40]",211.5,100,1.0,-0.2
07:31:36,"[209.76, 29]","[207.49, 35]","[214.8, 30]","[223.05, 38]",212.28,132,5.04,-0.03
07:31:37,"[210.31, 26]","[206.34, 58]","[221.12, 25]","[224.3, 40]",215.71,149,10.81,0.13
07:31:38,"[214.0, 26]","[208.0, 26]","[219.93, 41]","[272.16, 38]",216.96,131,5.93,-0.21
07:31:39,"[214.0, 20]","[209.26, 38]","[217.4, 10]","[222.5, 40]",215.7,108,3.4,0.07
07:31:40,"[214.0, 16]","[210.0, 64]","[216.14, 14]","[224.38, 26]",215.07,120,2.14,0.33
07:31:41,"[210.0, 68]","[208.0, 26]","[214.52, 44]","[215.74, 19]",212.26,157,4.52,0.2
07:31:42,"[210.0, 30]","[208.0, 16]","[211.64, 14]","[212.17, 18]",210.82,78,1.64,0.18
07:31:43,"[208.46, 26]","[207.06, 64]","[213.85, 27]","[216.95, 40]",211.16,157,5.39,0.15
07:31:44,"[208.75, 48]","[205.5, 24]","[216.05, 37]","[219.25, 20]",212.4,129,7.3,0.12
07:31:45,"[208.0, 96]","[198.0, 16]","[214.62, 37]","[216.28, 43]",211.31,192,6.62,0.17
07:31:46,"[208.0, 78]","[198.69, 13]","[210.06, 31]","[210.88, 34]",209.03,156,2.06,0.17
07:31:47,"[208.0, 37]","[207.0, 23]","[209.0, 24]","[218.0, 44]",208.5,128,1.0,-0.06
07:31:48,"[207.12, 16]","[201.27, 11]","[209.0, 18]","[221.0, 36]",208.06,81,1.88,-0.33
07:31:49,"[201.8, 10]","[197.17, 29]","[208.22, 18]","[221.0, 36]",205.01,93,6.42,-0.16
07:31:50,"[199.12, 32]","[198.0, 16]","[215.97, 58]","[329.0, 28]",207.55,134,16.84,-0.28
07:31:51,"[210.57, 21]","[207.62, 16]","[217.0, 36]","[583.33, 12]",213.79,85,6.43,-0.13
07:31:52,"[212.0, 30]","[210.0, 20]","[217.0, 40]","[406.62, 16]",214.5,106,5.0,-0.06
07:31:53,"[212.0, 27]","[210.0, 18]","[217.0, 36]","[369.88, 25]",214.5,106,5.0,-0.15
07:31:54,"[212.0, 33]","[210.0, 22]","[217.0, 44]","[367.0, 33]",214.5,132,5.0,-0.17
07:31:55,"[212.0, 45]","[210.0, 18]","[217.0, 36]","[413.77, 13]",214.5,112,5.0,0.12
07:31:56,"[212.0, 35]","[210.0, 14]","[217.0, 28]","[294.86, 14]",214.5,91,5.0,0.08
07:31:57,"[212.0, 41]","[210.0, 18]","[217.0, 36]","[250.75, 24]",214.5,119,5.0,-0.01
07:31:58,"[212.0, 28]","[210.0, 20]","[217.0, 40]","[233.48, 21]",214.5,109,5.0,-0.12
07:31:59,"[212.0, 13]","[210.0, 14]","[217.0, 28]","[239.0, 15]",214.5,70,5.0,-0.23
07:32:00,"[207.5, 12]","[205.39, 36]","[217.0, 48]","[235.0, 36]",212.25,132,9.5,-0.27
07:32:01,"[206.26, 19]","[204.13, 84]","[214.93, 56]","[218.43, 82]",210.6,241,8.67,-0.15
07:32:02,"[204.09, 33]","[203.38, 48]","[207.4, 15]","[212.44, 27]",205.75,123,3.31,0.32
07:32:03,"[204.88, 25]","[204.24, 85]","[207.16, 50]","[209.0, 20]",206.02,180,2.28,0.22
07:32:04,"[205.25, 24]","[203.75, 80]","[209.62, 69]","[211.67, 60]",207.44,233,4.37,-0.11
07:32:05,"[205.0, 5]","[203.0, 25]","[209.0, 20]","[211.2, 20]",207.0,70,4.0,-0.14
07:32:06,"[205.0, 11]","[199.36, 33]","[209.0, 44]","[212.0, 44]",207.0,132,4.0,-0.33
07:32:07,"[205.0, 8]","[203.0, 8]","[208.0, 32]","[212.0, 32]",206.5,80,3.0,-0.6
07:32:08,"[205.0, 5]","[203.0, 5]","[207.8, 20]","[211.2, 20]",206.4,50,2.8,-0.6
07:32:09,"[203.8, 10]","[195.34, 94]","[206.3, 40]","[208.86, 28]",205.05,172,2.5,0.21
07:32:10,"[197.29, 42]","[193.88, 182]","[204.6, 47]","[206.57, 42]",200.94,313,7.31,0.43
07:32:11,"[195.22, 115]","[190.59, 81]","[203.18, 33]","[206.84, 25]",199.2,254,7.96,0.54
07:32:12,"[196.77, 66]","[195.0, 198]","[199.14, 42]","[201.21, 42]",197.96,348,2.37,0.52
07:32:13,"[195.94, 17]","[194.69, 78]","[198.0, 26]","[200.22, 27]",196.97,148,2.06,0.28
07:32:14,"[195.0, 63]","[191.0, 42]","[198.0, 14]","[200.0, 21]",196.5,140,3.0,0.5
07:32:15,"[195.16, 49]","[192.64, 66]","[198.86, 21]","[200.5, 24]",197.01,160,3.69,0.44
07:32:16,"[193.49, 41]","[191.61, 69]","[200.0, 27]","[202.0, 18]",196.74,155,6.51,0.42
07:32:17,"[193.0, 91]","[189.0, 60]","[200.0, 30]","[202.0, 20]",196.5,201,7.0,0.5
07:32:18,"[193.14, 66]","[190.57, 69]","[200.0, 30]","[202.0, 20]",196.57,185,6.86,0.46
07:32:19,"[196.9, 42]","[193.94, 64]","[200.0, 45]","[202.0, 30]",198.45,181,3.1,0.17
07:32:20,"[191.8, 89]","[153.82, 111]","[201.23, 31]","[204.77, 52]",196.51,283,9.43,0.41
07:32:21,"[193.37, 19]","[192.65, 46]","[202.0, 18]","[204.0, 36]",197.68,119,8.63,0.09
07:32:22,"[190.35, 31]","[183.16, 55]","[202.57, 28]","[204.8, 40]",196.46,154,12.22,0.12
07:32:23,"[189.0, 64]","[154.68, 41]","[194.0, 16]","[203.12, 32]",191.5,153,5.0,0.37
07:32:24,"[189.0, 64]","[167.8, 41]","[194.0, 16]","[203.0, 32]",191.5,153,5.0,0.37
07:32:25,"[189.83, 54]","[188.8, 55]","[194.0, 14]","[202.38, 52]",191.92,175,4.17,0.25
07:32:26,"[191.57, 21]","[189.0, 42]","[194.0, 7]","[201.0, 28]",192.79,98,2.43,0.29
07:32:27,"[190.56, 34]","[185.28, 58]","[199.0, 28]","[201.38, 52]",194.78,172,8.44,0.07
07:32:28,"[186.75, 24]","[185.14, 28]","[200.39, 18]","[201.17, 48]",193.57,118,13.64,-0.12
07:32:29,"[188.38, 26]","[187.0, 20]","[199.0, 40]","[201.0, 40]",193.69,126,10.62,-0.27
07:32:30,"[190.89, 18]","[189.67, 24]","[194.88, 34]","[199.55, 29]",192.89,105,3.99,-0.2
07:32:31,"[192.46, 26]","[191.23, 26]","[194.0, 52]","[199.0, 39]",193.23,143,1.54,-0.27
07:32:32,"[189.4, 30]","[188.08, 26]","[195.55, 29]","[199.8, 30]",192.48,115,6.15,-0.03
07:32:33,"[188.1, 58]","[186.8, 30]","[199.0, 29]","[201.0, 44]",193.55,161,10.9,0.09
07:32:34,"[189.0, 72]","[188.0, 24]","[200.33, 24]","[201.43, 56]",194.67,176,11.33,0.09
07:32:35,"[189.6, 30]","[188.93, 58]","[199.29, 28]","[200.77, 53]",194.44,169,9.69,0.04
07:32:36,"[190.0, 8]","[189.0, 24]","[198.0, 8]","[199.0, 20]",194.0,60,8.0,0.07
07:32:37,"[191.36, 28]","[190.83, 36]","[198.12, 16]","[199.05, 37]",194.74,117,6.77,0.09
07:32:38,"[192.12, 16]","[191.0, 48]","[199.0, 16]","[200.0, 16]",195.56,96,6.88,0.33
07:32:39,"[194.82, 56]","[192.2, 40]","[199.0, 24]","[200.0, 24]",196.91,144,4.18,0.33
07:32:40,"[195.2, 60]","[194.69, 52]","[199.0, 58]","[200.0, 83]",197.1,253,3.8,-0.11
07:32:41,"[196.86, 42]","[189.75, 72]","[198.78, 36]","[199.86, 57]",197.82,207,1.92,0.1
07:32:42,"[197.93, 28]","[189.38, 84]","[199.75, 81]","[200.67, 107]",198.84,300,1.82,-0.25
07:32:43,"[198.0, 24]","[187.77, 104]","[200.0, 37]","[201.0, 96]",199.0,261,2.0,-0.02
07:32:44,"[199.0, 22]","[186.36, 132]","[200.0, 22]","[201.0, 88]",199.5,264,1.0,0.17
07:32:45,"[186.81, 64]","[185.09, 44]","[200.21, 38]","[201.16, 43]",193.51,189,13.4,0.14
07:32:46,"[186.0, 100]","[176.63, 38]","[198.59, 32]","[200.0, 32]",192.3,202,12.59,0.37
07:32:47,"[191.0, 128]","[179.91, 138]","[197.0, 33]","[199.0, 44]",194.0,343,6.0,0.55
07:32:48,"[194.0, 90]","[187.0, 108]","[200.29, 34]","[201.58, 57]",197.15,289,6.29,0.37
07:32:49,"[190.89, 54]","[186.64, 44]","[201.0, 20]","[202.0, 35]",195.94,153,10.11,0.28
07:32:50,"[187.0, 84]","[185.0, 28]","[201.0, 46]","[202.0, 49]",194.0,207,14.0,0.08
07:32:51,"[187.0, 84]","[168.12, 64]","[201.0, 43]","[202.0, 49]",194.0,240,14.0,0.23
07:32:52,"[187.0, 120]","[179.0, 60]","[201.35, 40]","[202.19, 62]",194.18,282,14.35,0.28
07:32:53,"[188.0, 55]","[187.0, 120]","[201.5, 48]","[202.86, 42]",194.75,265,13.5,0.32
07:32:54,"[188.0, 120]","[187.0, 144]","[199.0, 24]","[202.0, 69]",193.5,357,11.0,0.48
07:32:55,"[190.0, 56]","[175.52, 33]","[199.0, 26]","[202.0, 85]",194.5,200,9.0,-0.11
07:32:56,"[193.93, 44]","[192.96, 28]","[198.29, 21]","[200.69, 32]",196.11,125,4.35,0.15
07:32:57,"[195.64, 42]","[192.19, 59]","[197.58, 24]","[198.57, 35]",196.61,160,1.94,0.26
07:32:58,"[197.16, 19]","[193.13, 23]","[198.94, 35]","[200.33, 18]",198.05,95,1.78,-0.12
07:32:59,"[190.27, 41]","[183.79, 38]","[199.0, 18]","[201.0, 20]",194.63,117,8.73,0.35
07:33:00,"[188.0, 36]","[88.5, 30]","[200.7, 10]","[201.89, 19]",194.35,95,12.7,0.39
07:33:01,"[188.0, 42]","[1.0, 35]","[196.29, 35]","[202.16, 25]",192.14,137,8.29,0.12
07:33:02,"[188.0, 30]","[64.4, 25]","[197.56, 9]","[203.43, 14]",192.78,78,9.56,0.41
07:33:03,"[188.0, 36]","[84.83, 30]","[203.0, 8]","[237.58, 19]",195.5,93,15.0,0.42
07:33:04,"[188.0, 36]","[125.83, 30]","[204.0, 12]","[288.5, 12]",196.0,90,16.0,0.47
07:33:05,"[200.28, 25]","[188.68, 28]","[372.1, 20]","[498.57, 35]",286.19,108,171.82,-0.02
07:33:06,"[212.0, 18]","[191.83, 18]","[469.8, 15]","[513.93, 15]",340.9,66,257.8,0.09
07:33:07,"[212.0, 15]","[210.0, 10]","[220.25, 8]","[398.57, 14]",216.12,47,8.25,0.06
07:33:08,"[212.0, 15]","[210.0, 12]","[228.67, 6]","[422.5, 18]",220.33,51,16.67,0.06
07:33:09,"[207.8, 15]","[198.33, 27]","[226.0, 9]","[387.48, 29]",216.9,80,18.2,0.05
07:33:10,"[206.44, 18]","[191.93, 30]","[224.17, 12]","[386.45, 22]",215.31,82,17.72,0.17
07:33:11,"[214.0, 36]","[205.5, 20]","[222.2, 20]","[223.5, 16]",218.1,92,8.2,0.22
07:33:12,"[214.0, 17]","[207.0, 13]","[220.94, 18]","[221.81, 16]",217.47,64,6.94,-0.06
07:33:13,"[214.0, 13]","[207.0, 13]","[217.42, 24]","[218.67, 15]",215.71,65,3.42,-0.2
07:33:14,"[204.61, 23]","[202.07, 15]","[215.67, 12]","[216.33, 12]",210.14,62,11.06,0.23
07:33:15,"[209.57, 23]","[204.2, 20]","[213.5, 10]","[215.78, 18]",211.53,71,3.93,0.21
07:33:16,"[212.0, 10]","[205.0, 18]","[215.12, 17]","[247.42, 19]",213.56,64,3.12,-0.12
07:33:17,"[209.67, 12]","[204.6, 20]","[214.0, 20]","[218.36, 22]",211.83,74,4.33,-0.14
07:33:18,"[206.17, 12]","[204.64, 22]","[214.0, 20]","[230.66, 29]",210.08,83,7.83,-0.18
07:33:19,"[207.0, 11]","[205.0, 24]","[213.18, 17]","[278.45, 22]",210.09,74,6.18,-0.05
07:33:20,"[205.35, 17]","[202.44, 32]","[210.06, 17]","[262.73, 33]",207.71,99,4.71,-0.01
07:33:21,"[201.84, 25]","[185.38, 16]","[212.0, 24]","[562.38, 42]",206.92,107,10.16,-0.23
07:33:22,"[203.87, 103]","[99.29, 14]","[211.65, 17]","[381.43, 28]",207.76,162,7.77,0.44
07:33:23,"[209.0, 237]","[200.0, 14]","[273.15, 20]","[350.3, 43]",241.07,314,64.15,0.6
07:33:24,"[209.02, 98]","[207.58, 38]","[326.62, 24]","[437.12, 26]",267.82,186,117.6,0.46
07:33:25,"[210.0, 7]","[209.0, 112]","[296.57, 21]","[298.0, 21]",253.29,161,86.57,0.48
07:33:26,"[210.0, 7]","[209.0, 112]","[296.0, 21]","[298.0, 21]",253.0,161,86.0,0.48
07:33:27,"[210.0, 8]","[209.0, 128]","[296.0, 24]","[326.0, 24]",253.0,184,86.0,0.48
07:33:28,"[210.0, 7]","[209.0, 112]","[295.57, 21]","[518.57, 21]",252.79,161,85.57,0.48
07:33:29,"[211.48, 97]","[208.29, 84]","[291.11, 27]","[343.44, 27]",251.3,235,79.63,0.54
07:33:30,"[214.0, 60]","[211.29, 28]","[295.0, 15]","[435.2, 15]",254.5,118,81.0,0.49
07:33:31,"[214.0, 156]","[213.0, 52]","[294.08, 39]","[476.89, 44]",254.04,291,80.08,0.43
07:33:32,"[214.0, 84]","[213.0, 28]","[293.67, 18]","[330.57, 21]",253.83,151,79.67,0.48
07:33:33,"[214.0, 156]","[213.0, 52]","[290.87, 30]","[292.97, 35]",252.43,273,76.87,0.52
07:33:34,"[214.0, 94]","[213.0, 72]","[266.52, 46]","[275.0, 50]",240.26,262,52.52,0.27
07:33:35,"[214.0, 53]","[213.0, 52]","[220.13, 31]","[230.76, 34]",217.06,170,6.13,0.24
07:33:36,"[214.0, 12]","[213.0, 48]","[217.92, 36]","[219.0, 24]",215.96,120,3.92,0.0
07:33:37,"[213.24, 25]","[211.7, 69]","[215.12, 34]","[216.38, 39]",214.18,167,1.88,0.13
07:33:38,"[211.1, 60]","[209.13, 142]","[214.0, 24]","[258.0, 25]",212.55,251,2.9,0.61
07:33:39,"[211.0, 80]","[209.0, 190]","[213.5, 30]","[284.84, 31]",212.25,331,2.5,0.63
07:33:40,"[211.0, 94]","[209.0, 247]","[212.64, 33]","[331.75, 40]",211.82,414,1.64,0.65
07:33:41,"[211.09, 68]","[209.02, 230]","[224.69, 39]","[367.62, 39]",217.89,376,13.6,0.59
07:33:42,"[209.03, 189]","[207.49, 115]","[390.0, 39]","[526.54, 39]",299.52,382,180.97,0.59
07:33:43,"[210.43, 101]","[208.65, 173]","[294.97, 35]","[360.23, 39]",252.7,348,84.55,0.57
07:33:44,"[209.24, 33]","[208.62, 80]","[266.0, 14]","[267.0, 21]",237.62,148,56.76,0.53
07:33:45,"[212.33, 9]","[210.12, 32]","[243.22, 18]","[266.06, 17]",227.78,76,30.89,0.08
07:33:46,"[211.17, 23]","[209.08, 146]","[231.82, 33]","[261.78, 27]",221.5,229,20.64,0.48
07:33:47,"[209.0, 156]","[208.0, 39]","[230.15, 26]","[270.85, 39]",219.58,260,21.15,0.5
07:33:48,"[209.0, 132]","[208.0, 33]","[227.07, 46]","[243.14, 28]",218.03,239,18.07,0.38
07:33:49,"[209.0, 118]","[208.0, 33]","[210.1, 41]","[211.92, 49]",209.55,241,1.1,0.25
07:33:50,"[208.97, 94]","[207.74, 38]","[210.0, 48]","[239.54, 56]",209.48,236,1.03,0.12
07:33:51,"[209.0, 44]","[208.0, 24]","[211.53, 30]","[245.75, 20]",210.27,118,2.53,0.15
07:33:52,"[209.0, 7]","[208.0, 21]","[233.0, 14]","[323.13, 23]",221.0,65,24.0,-0.14
07:33:53,"[209.0, 10]","[208.0, 30]","[257.6, 25]","[444.11, 38]",233.3,103,48.6,-0.22
07:33:54,"[209.0, 14]","[208.0, 42]","[274.0, 42]","[463.91, 34]",241.5,132,65.0,-0.15
07:33:55,"[209.0, 8]","[208.0, 24]","[389.0, 22]","[484.84, 32]",299.0,86,180.0,-0.26
07:33:56,"[209.0, 12]","[207.7, 67]","[429.04, 27]","[564.55, 33]",319.02,139,220.04,0.14
07:33:57,"[209.0, 9]","[208.0, 60]","[497.5, 24]","[592.96, 23]",353.25,116,288.5,0.19
07:33:58,"[208.05, 44]","[206.63, 41]","[309.0, 18]","[490.82, 22]",258.52,125,100.95,0.36
07:33:59,"[208.0, 63]","[205.95, 42]","[309.1, 20]","[518.32, 25]",258.55,150,101.1,0.4
07:34:00,"[208.0, 33]","[206.0, 55]","[255.46, 28]","[418.83, 29]",231.73,145,47.46,0.21
07:34:01,"[208.39, 23]","[206.4, 45]","[259.65, 23]","[389.33, 27]",234.02,118,51.26,0.15
07:34:02,"[213.35, 96]","[209.7, 40]","[271.69, 26]","[573.4, 20]",242.52,182,58.34,0.49
07:34:03,"[215.0, 53]","[213.0, 40]","[238.0, 10]","[457.0, 10]",226.5,113,23.0,0.65
07:34:04,"[215.0, 90]","[213.0, 72]","[314.67, 18]","[514.78, 18]",264.83,198,99.67,0.64
07:34:05,"[215.0, 89]","[213.0, 72]","[687.11, 18]","[785.67, 18]",451.06,197,472.11,0.63
07:34:06,"[215.0, 48]","[213.0, 56]","[430.0, 14]","[786.0, 14]",322.5,132,215.0,0.58
07:34:07,"[215.0, 48]","[213.0, 64]","[592.38, 16]","[786.0, 8]",403.69,136,377.38,0.65
07:34:08,"[215.0, 36]","[213.0, 48]","[373.0, 6]","[687.0, 12]",294.0,102,158.0,0.65
07:34:09,"[214.58, 38]","[212.82, 44]","[535.5, 6]","[687.0, 12]",375.04,100,320.92,0.64
07:34:10,"[213.48, 42]","[212.0, 32]","[459.0, 8]","[663.2, 10]",336.24,92,245.52,0.61
07:34:11,"[213.0, 38]","[211.0, 27]","[393.6, 10]","[634.0, 8]",303.3,83,180.6,0.57
07:34:12,"[213.0, 30]","[211.0, 25]","[568.0, 5]","[700.0, 10]",390.5,70,355.0,0.57
07:34:13,"[213.0, 48]","[211.0, 40]","[566.33, 18]","[575.69, 16]",389.67,122,353.33,0.44
07:34:14,"[213.0, 60]","[211.0, 50]","[526.89, 19]","[563.25, 20]",369.95,149,313.89,0.48
07:34:15,"[213.0, 78]","[211.0, 65]","[219.52, 21]","[232.57, 30]",216.26,194,6.52,0.47
07:34:16,"[212.44, 54]","[210.87, 46]","[214.82, 40]","[217.0, 23]",213.63,163,2.38,0.23
07:34:17,"[211.0, 40]","[210.0, 16]","[214.0, 16]","[216.0, 8]",212.5,80,3.0,0.4
07:34:18,"[211.61, 23]","[209.0, 36]","[214.75, 16]","[320.55, 11]",213.18,86,3.14,0.37
07:34:19,"[213.0, 13]","[211.0, 52]","[214.77, 13]","[405.16, 19]",213.88,97,1.77,0.34
07:34:20,"[211.1, 42]","[210.24, 34]","[214.0, 15]","[502.73, 49]",212.55,140,2.9,0.09
07:34:21,"[211.0, 30]","[210.0, 22]","[240.38, 13]","[403.11, 18]",225.69,83,29.38,0.25
07:34:22,"[210.22, 18]","[208.11, 71]","[299.94, 17]","[368.82, 22]",255.08,128,89.72,0.39
07:34:23,"[210.43, 28]","[208.04, 108]","[311.02, 45]","[356.0, 31]",260.73,212,100.59,0.28
07:34:24,"[213.0, 41]","[210.0, 28]","[315.49, 67]","[412.17, 48]",264.25,184,102.49,-0.25
07:34:25,"[213.0, 9]","[210.0, 18]","[314.58, 52]","[469.26, 31]",263.79,110,101.58,-0.51
07:34:26,"[210.27, 11]","[208.07, 57]","[314.67, 30]","[338.0, 12]",262.47,110,104.39,0.24
07:34:27,"[208.9, 62]","[206.8, 140]","[294.89, 36]","[330.84, 55]",251.9,293,85.99,0.38
07:34:28,"[210.88, 34]","[208.35, 68]","[215.44, 18]","[295.0, 24]",213.16,144,4.56,0.42
07:34:29,"[215.0, 22]","[210.59, 59]","[285.8, 20]","[303.38, 32]",250.4,133,70.8,0.22
07:34:30,"[211.94, 85]","[210.72, 71]","[280.42, 38]","[306.32, 62]",246.18,256,68.48,0.22
07:34:31,"[212.0, 60]","[211.0, 36]","[223.0, 36]","[271.82, 33]",217.5,165,11.0,0.16
07:34:32,"[211.27, 37]","[210.14, 42]","[241.28, 29]","[318.82, 34]",226.27,142,30.01,0.11
07:34:33,"[211.0, 16]","[210.0, 48]","[260.31, 32]","[326.1, 40]",235.66,136,49.31,-0.06
07:34:34,"[211.0, 21]","[210.0, 36]","[286.11, 18]","[561.32, 38]",248.56,113,75.11,0.01
07:34:35,"[211.0, 30]","[210.0, 40]","[284.74, 23]","[367.38, 47]",247.87,140,73.74,0.0
07:34:36,"[211.0, 33]","[210.0, 44]","[257.44, 32]","[269.29, 35]",234.22,144,46.44,0.07
07:34:37,"[211.5, 20]","[210.43, 35]","[255.34, 29]","[277.1, 41]",233.42,125,43.84,-0.12
07:34:38,"[210.33, 36]","[209.29, 28]","[251.96, 48]","[253.44, 36]",231.15,148,41.62,-0.14
07:34:39,"[210.0, 40]","[208.0, 20]","[249.67, 46]","[251.35, 23]",229.84,129,39.67,-0.07
07:34:40,"[210.0, 44]","[208.0, 22]","[243.66, 29]","[245.84, 45]",226.83,140,33.66,-0.06
07:34:41,"[210.0, 56]","[208.0, 28]","[240.92, 48]","[241.39, 36]",225.46,168,30.92,0.0
07:34:42,"[209.68, 37]","[207.52, 29]","[236.49, 35]","[237.49, 41]",223.08,142,26.81,-0.07
07:34:43,"[207.0, 8]","[206.0, 4]","[234.0, 8]","[235.0, 12]",220.5,32,27.0,-0.25
07:34:44,"[207.0, 22]","[206.0, 11]","[232.5, 40]","[233.0, 33]",219.75,106,25.5,-0.38
07:34:45,"[209.1, 80]","[190.74, 68]","[228.02, 47]","[230.14, 35]",218.56,230,18.92,0.29
07:34:46,"[213.0, 60]","[206.75, 48]","[224.07, 28]","[226.25, 32]",218.54,168,11.07,0.29
07:34:47,"[213.0, 60]","[212.0, 24]","[221.47, 38]","[222.43, 30]",217.24,152,8.47,0.11
07:34:48,"[213.0, 23]","[212.0, 26]","[217.45, 44]","[218.34, 53]",215.23,146,4.45,-0.33
07:34:49,"[211.67, 30]","[207.91, 55]","[213.74, 57]","[225.77, 39]",212.7,181,2.07,-0.06
07:34:50,"[208.64, 33]","[196.0, 72]","[221.71, 14]","[256.13, 15]",215.18,134,13.08,0.57
07:34:51,"[192.2, 35]","[146.09, 22]","[276.17, 18]","[295.92, 12]",234.18,87,83.97,0.31
07:34:52,"[195.11, 36]","[155.82, 17]","[273.35, 17]","[274.97, 38]",234.23,108,78.24,-0.02
07:34:53,"[159.14, 28]","[126.44, 36]","[270.51, 49]","[271.42, 48]",214.83,161,111.37,-0.2
07:34:54,"[206.0, 28]","[189.86, 28]","[267.64, 56]","[269.29, 56]",236.82,168,61.64,-0.33
07:34:55,"[206.0, 22]","[205.0, 22]","[265.91, 44]","[266.91, 44]",235.95,132,59.91,-0.33
07:34:56,"[211.79, 28]","[205.58, 24]","[262.3, 37]","[264.17, 48]",237.04,137,50.51,-0.24
07:34:57,"[215.0, 18]","[207.79, 29]","[259.58, 48]","[262.0, 36]",237.29,131,44.58,-0.28
07:34:58,"[211.27, 15]","[207.22, 23]","[257.87, 45]","[259.0, 60]",234.57,143,46.6,-0.47
07:34:59,"[208.0, 13]","[206.0, 26]","[255.25, 40]","[256.29, 51]",231.62,130,47.25,-0.4
07:35:00,"[208.0, 15]","[206.0, 30]","[250.57, 51]","[251.6, 55]",229.28,151,42.57,-0.4
07:35:01,"[206.29, 24]","[203.72, 39]","[246.56, 39]","[248.26, 31]",226.43,133,40.27,-0.05
07:35:02,"[215.0, 15]","[205.57, 35]","[244.55, 53]","[245.71, 52]",229.77,155,29.55,-0.35
07:35:03,"[215.0, 12]","[207.0, 12]","[242.67, 48]","[244.68, 37]",228.83,109,27.67,-0.56
07:35:04,"[215.0, 9]","[211.0, 9]","[239.6, 15]","[241.19, 32]",227.3,65,24.6,-0.45
07:35:05,"[208.79, 29]","[206.69, 32]","[234.05, 38]","[236.79, 24]",221.42,123,25.26,-0.01
07:35:06,"[206.0, 35]","[205.0, 24]","[231.55, 11]","[232.35, 23]",218.77,93,25.55,0.27
07:35:07,"[206.0, 38]","[205.0, 64]","[229.09, 22]","[230.82, 17]",217.55,141,23.09,0.45
07:35:08,"[206.0, 28]","[205.0, 91]","[225.92, 12]","[228.05, 22]",215.96,153,19.92,0.56
07:35:09,"[206.22, 36]","[205.51, 181]","[222.65, 51]","[223.58, 24]",214.43,292,16.42,0.49
07:35:10,"[206.9, 40]","[205.84, 170]","[215.34, 76]","[216.71, 62]",211.12,348,8.44,0.21
07:35:11,"[207.64, 28]","[203.68, 65]","[211.44, 39]","[212.77, 52]",209.54,184,3.79,0.01
07:35:12,"[203.54, 26]","[196.36, 53]","[205.85, 39]","[207.7, 23]",204.69,141,2.31,0.12
07:35:13,"[198.55, 11]","[185.27, 11]","[203.47, 43]","[204.29, 17]",201.01,82,4.92,-0.46
07:35:14,"[184.0, 10]","[80.4, 10]","[237.94, 16]","[336.59, 17]",210.97,53,53.94,-0.25
07:35:15,"[186.64, 14]","[114.7, 10]","[339.5, 26]","[540.43, 14]",263.07,64,152.86,-0.25
07:35:16,"[212.91, 11]","[207.33, 6]","[308.33, 30]","[310.0, 6]",260.62,53,95.42,-0.36
07:35:17,"[213.0, 15]","[212.0, 8]","[307.6, 20]","[313.03, 31]",260.3,74,94.6,-0.38
07:35:18,"[213.0, 8]","[212.0, 8]","[296.74, 19]","[302.3, 27]",254.87,62,83.74,-0.48
07:35:19,"[213.0, 10]","[212.0, 10]","[271.24, 17]","[280.78, 37]",242.12,74,58.24,-0.46
07:35:20,"[213.0, 44]","[212.0, 17]","[267.15, 41]","[268.57, 61]",240.07,163,54.15,-0.25
07:35:21,"[213.0, 52]","[212.0, 13]","[263.73, 33]","[264.78, 45]",238.36,143,50.73,-0.09
07:35:22,"[213.0, 48]","[212.0, 12]","[237.11, 38]","[245.0, 43]",225.05,141,24.11,-0.15
07:35:23,"[213.0, 39]","[212.0, 10]","[224.59, 22]","[225.15, 41]",218.8,112,11.59,-0.12
07:35:24,"[213.0, 33]","[212.0, 11]","[221.61, 23]","[224.79, 43]",217.3,110,8.61,-0.2
07:35:25,"[213.0, 27]","[212.0, 9]","[219.8, 25]","[220.28, 29]",216.4,90,6.8,-0.2
07:35:26,"[212.92, 39]","[211.5, 24]","[216.95, 39]","[218.67, 21]",214.94,123,4.03,0.02
07:35:27,"[211.15, 33]","[209.46, 41]","[213.15, 41]","[214.31, 26]",212.15,141,1.99,0.05
07:35:28,"[208.0, 21]","[207.0, 28]","[210.82, 17]","[212.38, 13]",209.41,79,2.82,0.24
07:35:29,"[208.0, 22]","[207.0, 40]","[209.05, 19]","[210.9, 10]",208.53,91,1.05,0.36
07:35:30,"[208.0, 8]","[207.0, 28]","[210.71, 7]","[310.0, 12]",209.36,55,2.71,0.31
07:35:31,"[206.09, 11]","[197.7, 23]","[208.91, 11]","[304.25, 16]",207.5,61,2.82,0.11
07:35:32,"[174.5, 8]","[112.25, 8]","[206.25, 8]","[374.86, 14]",190.38,38,31.75,-0.16
07:35:33,"[145.25, 24]","[123.0, 10]","[301.0, 18]","[431.55, 11]",223.12,63,155.75,0.08
07:35:34,"[175.67, 27]","[144.5, 14]","[276.35, 17]","[393.78, 9]",226.01,67,100.69,0.22
07:35:35,"[201.81, 26]","[146.77, 31]","[216.91, 44]","[218.0, 11]",209.36,112,15.1,0.02
07:35:36,"[193.15, 26]","[142.31, 32]","[214.66, 47]","[284.64, 22]",203.91,127,21.51,-0.09
07:35:37,"[151.34, 29]","[91.0, 12]","[214.68, 38]","[239.55, 22]",183.01,101,63.34,-0.19
07:35:38,"[212.85, 122]","[195.16, 19]","[214.89, 36]","[240.75, 16]",213.87,193,2.04,0.46
07:35:39,"[213.0, 88]","[205.24, 17]","[232.0, 16]","[317.5, 8]",222.5,129,19.0,0.63
07:35:40,"[213.0, 72]","[211.0, 21]","[245.5, 12]","[389.0, 9]",229.25,114,32.5,0.63
07:35:41,"[213.0, 99]","[211.0, 33]","[378.39, 28]","[439.92, 24]",295.7,184,165.39,0.43
07:35:42,"[213.0, 77]","[211.0, 27]","[417.23, 26]","[448.06, 17]",315.12,147,204.23,0.41
07:35:43,"[213.0, 54]","[211.0, 27]","[379.33, 27]","[655.56, 27]",296.17,135,166.33,0.2
07:35:44,"[213.0, 34]","[211.0, 33]","[286.9, 31]","[420.42, 36]",249.95,134,73.9,0.0
07:35:45,"[213.0, 14]","[208.43, 21]","[404.35, 17]","[623.29, 21]",308.68,73,191.35,-0.04
07:35:46,"[212.75, 16]","[209.62, 39]","[391.67, 21]","[431.86, 21]",302.21,97,178.92,0.13
07:35:47,"[212.0, 65]","[211.0, 26]","[416.45, 47]","[456.33, 43]",314.22,181,204.45,0.01
07:35:48,"[212.5, 24]","[211.8, 30]","[400.84, 37]","[425.21, 29]",306.67,120,188.34,-0.1
07:35:49,"[213.0, 18]","[212.0, 28]","[324.88, 25]","[381.71, 21]",268.94,92,111.88,0.0
07:35:50,"[213.0, 7]","[212.0, 20]","[322.53, 19]","[323.57, 21]",267.76,67,109.53,-0.19
07:35:51,"[212.43, 14]","[211.86, 28]","[300.09, 32]","[302.42, 26]",256.26,100,87.67,-0.16
07:35:52,"[212.0, 36]","[211.0, 18]","[235.68, 34]","[267.79, 38]",223.84,126,23.68,-0.14
07:35:53,"[211.75, 24]","[206.2, 60]","[213.57, 35]","[271.44, 45]",212.66,164,1.82,0.02
07:35:54,"[211.0, 16]","[205.61, 92]","[213.73, 15]","[337.12, 40]",212.37,163,2.73,0.33
07:35:55,"[207.4, 20]","[205.25, 55]","[214.0, 8]","[572.71, 14]",210.7,97,6.6,0.55
07:35:56,"[207.0, 30]","[205.0, 80]","[213.4, 10]","[449.0, 10]",210.2,130,6.4,0.69
07:35:57,"[207.06, 32]","[205.26, 92]","[212.43, 14]","[392.0, 14]",209.75,152,5.37,0.63
07:35:58,"[209.14, 7]","[206.43, 42]","[212.0, 14]","[392.0, 14]",210.57,77,2.86,0.27
07:35:59,"[205.62, 65]","[204.75, 177]","[211.36, 22]","[302.35, 34]",208.49,298,5.75,0.62
07:36:00,"[205.14, 117]","[204.52, 119]","[210.15, 26]","[251.9, 42]",207.65,304,5.02,0.55
07:36:01,"[205.0, 130]","[203.0, 30]","[208.9, 20]","[209.9, 20]",206.95,200,3.9,0.6
07:36:02,"[203.78, 106]","[189.7, 56]","[207.0, 17]","[209.0, 28]",205.39,207,3.22,0.57
07:36:03,"[200.77, 13]","[197.03, 37]","[206.15, 13]","[209.0, 26]",203.46,89,5.38,0.12
07:36:04,"[202.0, 6]","[200.0, 6]","[203.67, 6]","[209.0, 12]",202.83,30,1.67,-0.2
07:36:05,"[201.33, 9]","[196.35, 37]","[208.0, 16]","[281.41, 17]",204.67,79,6.67,0.16
07:36:06,"[202.73, 15]","[197.0, 75]","[207.07, 30]","[282.0, 15]",204.9,135,4.33,0.33
07:36:07,"[207.64, 25]","[196.1, 62]","[292.54, 56]","[342.57, 37]",250.09,180,84.9,-0.03
07:36:08,"[197.68, 41]","[175.48, 79]","[298.52, 61]","[365.92, 65]",248.1,246,100.84,-0.02
07:36:09,"[199.52, 25]","[189.5, 52]","[245.22, 58]","[319.03, 32]",222.37,167,45.7,-0.08
07:36:10,"[187.2, 25]","[148.06, 31]","[237.42, 60]","[434.0, 24]",212.31,140,50.22,-0.2
07:36:11,"[182.61, 33]","[123.95, 41]","[233.44, 45]","[394.94, 36]",208.03,155,50.84,-0.05
07:36:12,"[168.26, 69]","[118.04, 55]","[211.36, 44]","[248.96, 56]",189.81,224,43.1,0.11
07:36:13,"[162.61, 59]","[138.51, 59]","[200.58, 43]","[211.0, 35]",181.6,196,37.97,0.2
07:36:14,"[153.78, 36]","[121.12, 43]","[194.0, 24]","[199.0, 32]",173.89,135,40.22,0.17
07:36:15,"[186.75, 32]","[134.17, 24]","[199.0, 33]","[201.0, 45]",192.88,134,12.25,-0.16
07:36:16,"[191.29, 48]","[190.0, 37]","[199.0, 60]","[201.0, 100]",195.15,245,7.71,-0.31
07:36:17,"[195.08, 48]","[192.89, 54]","[198.59, 58]","[200.82, 110]",196.83,270,3.5,-0.24
07:36:18,"[197.82, 22]","[186.68, 57]","[200.65, 85]","[201.3, 47]",199.23,211,2.83,-0.25
07:36:19,"[199.0, 22]","[182.25, 32]","[201.0, 90]","[203.0, 9]",200.0,153,2.0,-0.29
07:36:20,"[195.2, 20]","[174.33, 18]","[201.0, 48]","[202.11, 18]",198.1,104,5.8,-0.27
07:36:21,"[179.31, 13]","[151.29, 28]","[200.64, 22]","[201.36, 33]",189.97,96,21.33,-0.15
07:36:22,"[184.77, 26]","[161.53, 19]","[199.95, 19]","[201.41, 63]",192.36,127,15.18,-0.29
07:36:23,"[185.0, 14]","[175.71, 28]","[200.71, 14]","[202.17, 36]",192.86,92,15.71,-0.09
07:36:24,"[185.67, 12]","[183.0, 24]","[200.87, 23]","[202.79, 39]",193.27,98,15.2,-0.27
07:36:25,"[186.0, 12]","[141.0, 24]","[199.0, 24]","[200.0, 18]",192.5,78,13.0,-0.08
07:36:26,"[186.14, 28]","[105.14, 56]","[198.29, 56]","[199.29, 51]",192.21,191,12.14,-0.12
07:36:27,"[188.31, 32]","[91.62, 52]","[199.15, 52]","[201.36, 75]",193.73,211,10.84,-0.2
07:36:28,"[189.43, 14]","[67.41, 27]","[201.0, 28]","[203.0, 49]",195.21,118,11.57,-0.31
07:36:29,"[190.0, 22]","[90.0, 23]","[201.0, 44]","[203.0, 77]",195.5,166,11.0,-0.46
07:36:30,"[191.0, 10]","[77.0, 15]","[201.0, 20]","[203.0, 35]",196.0,80,10.0,-0.38
07:36:31,"[191.88, 16]","[74.0, 32]","[196.1, 40]","[219.0, 31]",193.99,119,4.22,-0.19
07:36:32,"[193.09, 22]","[143.0, 50]","[199.0, 22]","[200.0, 33]",196.05,127,5.91,0.13
07:36:33,"[194.0, 16]","[107.82, 34]","[200.33, 21]","[200.64, 25]",197.17,96,6.33,0.04
07:36:34,"[195.0, 16]","[49.25, 32]","[203.0, 56]","[204.0, 32]",199.0,136,8.0,-0.29
07:36:35,"[107.5, 28]","[39.71, 28]","[201.61, 28]","[202.66, 38]",154.55,122,94.11,-0.08
07:36:36,"[73.25, 16]","[42.0, 34]","[198.53, 15]","[202.05, 41]",135.89,106,125.28,-0.06
07:36:37,"[169.0, 16]","[68.95, 19]","[196.0, 14]","[200.0, 14]",182.5,63,27.0,0.11
07:36:38,"[168.41, 34]","[166.94, 17]","[196.8, 15]","[201.91, 33]",182.61,99,28.39,0.03
07:36:39,"[170.65, 17]","[169.18, 33]","[202.84, 19]","[203.84, 43]",186.74,112,32.2,-0.11
07:36:40,"[181.0, 22]","[178.65, 20]","[203.0, 20]","[204.0, 40]",192.0,102,22.0,-0.18
07:36:41,"[195.81, 42]","[190.14, 35]","[203.0, 30]","[204.0, 60]",199.4,167,7.19,-0.08
07:36:42,"[200.38, 16]","[198.0, 32]","[204.0, 17]","[395.75, 40]",202.19,105,3.62,-0.09
07:36:43,"[202.24, 25]","[198.0, 12]","[242.75, 16]","[458.84, 25]",222.5,78,40.51,-0.05
07:36:44,"[205.0, 12]","[130.59, 27]","[434.22, 18]","[520.0, 27]",319.61,84,229.22,-0.07
07:36:45,"[212.0, 16]","[192.33, 12]","[415.94, 17]","[490.14, 14]",313.97,59,203.94,-0.05
07:36:46,"[102.71, 28]","[78.22, 40]","[274.5, 32]","[316.73, 22]",188.61,122,171.79,0.11
07:36:47,"[142.16, 31]","[116.33, 33]","[201.0, 8]","[274.0, 32]",171.58,104,58.84,0.23
07:36:48,"[192.31, 26]","[74.22, 18]","[200.32, 19]","[262.92, 26]",196.31,89,8.01,-0.01
07:36:49,"[158.96, 23]","[57.16, 31]","[312.23, 22]","[402.19, 27]",235.59,103,153.27,0.05
07:36:50,"[144.45, 44]","[108.71, 34]","[196.75, 12]","[211.8, 35]",170.6,125,52.3,0.25
07:36:51,"[189.0, 8]","[112.0, 35]","[198.0, 8]","[203.0, 45]",193.5,96,9.0,-0.1
07:36:52,"[111.33, 18]","[78.69, 29]","[198.0, 9]","[203.0, 54]",154.67,110,86.67,-0.15
07:36:53,"[137.78, 36]","[102.57, 21]","[202.58, 24]","[338.9, 21]",170.18,102,64.81,0.12
07:36:54,"[130.0, 16]","[106.11, 37]","[202.0, 65]","[203.0, 26]",166.0,144,72.0,-0.26
07:36:55,"[190.27, 11]","[107.71, 14]","[202.0, 21]","[203.0, 10]",196.14,56,11.73,-0.11
07:36:56,"[192.25, 8]","[119.85, 39]","[202.0, 30]","[203.0, 16]",197.12,93,9.75,0.01
07:36:57,"[194.6, 30]","[189.47, 17]","[202.14, 21]","[256.63, 19]",198.37,87,7.54,0.08
07:36:58,"[194.65, 17]","[136.25, 16]","[201.5, 8]","[225.29, 14]",198.07,55,6.85,0.2
07:36:59,"[193.97, 40]","[189.29, 14]","[229.62, 26]","[259.12, 33]",211.8,113,35.64,-0.04
07:37:00,"[202.43, 44]","[195.84, 32]","[446.75, 20]","[512.04, 28]",324.59,124,244.32,0.23
07:37:01,"[208.93, 15]","[206.58, 19]","[384.75, 8]","[531.85, 13]",296.84,55,175.82,0.24
07:37:02,"[210.6, 20]","[209.4, 20]","[403.43, 21]","[442.69, 16]",307.01,77,192.83,0.04
07:37:03,"[211.0, 20]","[208.5, 40]","[284.5, 20]","[354.62, 32]",247.75,112,73.5,0.07
07:37:04,"[208.35, 46]","[154.36, 39]","[282.33, 18]","[464.0, 24]",245.34,127,73.99,0.34
07:37:05,"[208.0, 36]","[163.93, 15]","[280.67, 12]","[281.67, 12]",244.33,75,72.67,0.36
07:37:06,"[208.0, 54]","[205.0, 9]","[278.22, 18]","[279.44, 18]",243.11,99,70.22,0.27
07:37:07,"[208.0, 34]","[205.0, 10]","[275.5, 20]","[277.0, 20]",241.75,84,67.5,0.05
07:37:08,"[208.1, 20]","[205.92, 13]","[215.47, 45]","[245.67, 36]",211.78,114,7.37,-0.42
07:37:09,"[210.2, 20]","[209.5, 16]","[234.45, 29]","[244.13, 30]",222.32,95,24.25,-0.24
07:37:10,"[210.07, 15]","[208.25, 16]","[234.11, 18]","[235.56, 18]",222.09,67,24.04,-0.07
07:37:11,"[210.33, 18]","[206.8, 20]","[229.0, 28]","[230.62, 26]",219.67,92,18.67,-0.17
07:37:12,"[211.4, 15]","[208.55, 22]","[224.76, 34]","[225.12, 32]",218.08,103,13.36,-0.28
07:37:13,"[210.0, 14]","[206.0, 14]","[221.5, 16]","[222.38, 26]",215.75,70,11.5,-0.2
07:37:14,"[213.0, 55]","[210.0, 10]","[221.0, 10]","[222.0, 20]",217.0,95,8.0,0.37
07:37:15,"[213.0, 143]","[210.0, 26]","[217.79, 38]","[218.64, 28]",215.39,235,4.79,0.44
07:37:16,"[212.68, 57]","[208.8, 20]","[300.17, 23]","[353.77, 39]",256.43,139,87.49,0.11
07:37:17,"[210.33, 18]","[206.5, 16]","[306.42, 19]","[413.23, 26]",258.38,79,96.09,-0.14
07:37:18,"[211.63, 19]","[210.46, 13]","[226.17, 12]","[299.4, 30]",218.9,74,14.54,-0.14
07:37:19,"[215.0, 12]","[211.0, 24]","[223.58, 12]","[350.84, 58]",219.29,106,8.58,-0.32
07:37:20,"[215.0, 5]","[211.0, 10]","[223.0, 5]","[351.0, 25]",219.0,45,8.0,-0.33
07:37:21,"[214.0, 5]","[209.09, 22]","[223.0, 5]","[272.0, 25]",218.5,57,9.0,-0.05
07:37:22,"[210.0, 10]","[208.0, 95]","[221.9, 10]","[272.0, 50]",215.95,165,11.9,0.27
07:37:23,"[210.0, 10]","[208.0, 90]","[219.2, 10]","[391.07, 43]",214.6,153,9.2,0.31
07:37:24,"[210.0, 9]","[208.0, 83]","[218.22, 9]","[280.0, 36]",214.11,137,8.22,0.34
07:37:25,"[208.43, 46]","[207.72, 116]","[217.93, 14]","[235.0, 70]",213.18,246,9.49,0.32
07:37:26,"[208.0, 81]","[206.0, 36]","[217.0, 9]","[422.89, 37]",212.5,163,9.0,0.44
07:37:27,"[208.0, 154]","[206.0, 52]","[215.62, 13]","[507.11, 62]",211.81,281,7.62,0.47
07:37:28,"[209.71, 41]","[206.33, 24]","[215.0, 6]","[325.0, 30]",212.35,101,5.29,0.29
07:37:29,"[213.0, 168]","[209.47, 76]","[244.81, 16]","[323.2, 59]",228.91,319,31.81,0.53
07:37:30,"[213.0, 153]","[210.0, 112]","[264.89, 53]","[325.88, 57]",238.94,375,51.89,0.41
07:37:31,"[213.0, 140]","[210.0, 112]","[223.0, 42]","[254.29, 56]",218.0,350,10.0,0.44
07:37:32,"[213.0, 75]","[210.0, 108]","[222.75, 32]","[293.74, 38]",217.88,253,9.75,0.45
07:37:33,"[213.0, 44]","[210.0, 104]","[220.0, 44]","[221.23, 47]",216.5,239,7.0,0.24
07:37:34,"[210.27, 66]","[208.75, 64]","[213.61, 38]","[267.95, 39]",211.94,207,3.33,0.26
07:37:35,"[210.9, 163]","[209.38, 64]","[221.47, 57]","[484.52, 73]",216.19,357,10.57,0.27
07:37:36,"[211.0, 84]","[210.0, 28]","[322.62, 32]","[680.88, 32]",266.81,176,111.62,0.27
07:37:37,"[211.0, 120]","[210.0, 40]","[382.57, 35]","[590.78, 45]",296.79,240,171.57,0.33
07:37:38,"[211.0, 108]","[210.0, 36]","[322.8, 30]","[401.86, 37]",266.9,211,111.8,0.36
07:37:39,"[211.0, 96]","[210.0, 44]","[330.46, 35]","[381.68, 44]",270.73,219,119.46,0.28
07:37:40,"[212.33, 72]","[210.5, 56]","[276.29, 42]","[323.72, 50]",244.31,220,63.95,0.16
07:37:41,"[215.0, 40]","[213.0, 20]","[274.0, 15]","[277.0, 15]",244.5,90,59.0,0.33
07:37:42,"[214.32, 74]","[212.29, 68]","[272.4, 45]","[274.6, 45]",243.36,232,58.08,0.22
07:37:43,"[214.0, 42]","[213.0, 56]","[270.0, 42]","[271.21, 42]",242.0,182,56.0,0.08
07:37:44,"[214.0, 36]","[211.11, 70]","[228.3, 37]","[232.32, 40]",221.15,183,14.3,0.16
07:37:45,"[213.51, 53]","[212.82, 133]","[227.0, 33]","[229.86, 42]",220.25,261,13.49,0.43
07:37:46,"[213.0, 173]","[211.0, 84]","[225.43, 42]","[227.27, 45]",219.21,344,12.43,0.49
07:37:47,"[213.0, 77]","[211.0, 42]","[223.57, 21]","[224.57, 21]",218.29,161,10.57,0.48
07:37:48,"[213.0, 143]","[211.0, 78]","[221.54, 39]","[222.92, 39]",217.27,299,8.54,0.48
07:37:49,"[213.0, 165]","[211.0, 90]","[217.1, 49]","[218.2, 45]",215.05,349,4.1,0.46
07:37:50,"[213.0, 82]","[211.0, 72]","[214.81, 43]","[215.76, 49]",213.91,246,1.81,0.25
07:37:51,"[211.92, 26]","[210.84, 19]","[214.0, 21]","[351.67, 27]",212.96,93,2.08,-0.03
07:37:52,"[210.71, 28]","[206.17, 92]","[213.58, 36]","[311.98, 49]",212.15,205,2.87,0.17
07:37:53,"[207.02, 43]","[205.89, 136]","[245.15, 46]","[302.28, 69]",226.09,294,38.13,0.22
07:37:54,"[206.09, 99]","[205.4, 75]","[317.52, 42]","[342.59, 54]",261.81,270,111.43,0.29
07:37:55,"[206.0, 57]","[205.0, 45]","[316.0, 18]","[318.0, 45]",261.0,165,110.0,0.24
07:37:56,"[205.9, 29]","[204.57, 42]","[315.0, 20]","[318.0, 50]",260.45,141,109.1,0.01
07:37:57,"[206.0, 40]","[205.0, 24]","[311.25, 16]","[339.5, 40]",258.62,120,105.25,0.07
07:37:58,"[206.0, 35]","[205.0, 21]","[311.0, 14]","[490.0, 35]",258.5,105,105.0,0.07
07:37:59,"[207.17, 48]","[205.45, 44]","[310.08, 24]","[474.83, 59]",258.62,175,102.92,0.05
07:38:00,"[213.0, 12]","[206.0, 30]","[309.0, 12]","[488.33, 30]",261.0,84,96.0,0.0
07:38:01,"[213.0, 18]","[206.0, 45]","[253.0, 12]","[263.35, 26]",233.0,101,40.0,0.25
07:38:02,"[213.0, 22]","[210.0, 25]","[223.38, 21]","[252.44, 25]",218.19,93,10.38,0.01
07:38:03,"[206.16, 43]","[205.27, 44]","[220.6, 15]","[222.25, 20]",213.38,122,14.44,0.43
07:38:04,"[205.64, 33]","[176.87, 69]","[218.77, 13]","[219.77, 13]",212.2,128,13.13,0.59
07:38:05,"[209.29, 21]","[160.75, 40]","[215.67, 21]","[217.64, 11]",212.48,93,6.38,0.31
07:38:06,"[205.0, 18]","[127.47, 57]","[214.41, 17]","[253.47, 15]",209.71,107,9.41,0.4
07:38:07,"[205.81, 37]","[123.29, 105]","[212.82, 11]","[214.0, 22]",209.31,175,7.01,0.62
07:38:08,"[185.0, 66]","[169.74, 87]","[213.16, 19]","[308.0, 26]",199.08,198,28.16,0.55
07:38:09,"[184.53, 119]","[146.41, 111]","[354.71, 14]","[537.61, 23]",269.62,267,170.18,0.72
07:38:10,"[213.0, 119]","[207.53, 43]","[425.29, 14]","[569.0, 25]",319.14,201,212.29,0.61
07:38:11,"[213.0, 90]","[208.0, 27]","[311.22, 9]","[384.43, 14]",262.11,140,98.22,0.67
07:38:12,"[213.0, 56]","[208.0, 15]","[413.0, 5]","[515.0, 10]",313.0,86,200.0,0.65
07:38:13,"[213.0, 73]","[210.0, 27]","[384.67, 6]","[534.5, 8]",298.83,114,171.67,0.75
07:38:14,"[213.0, 66]","[211.0, 36]","[310.33, 6]","[574.0, 6]",261.67,114,97.33,0.79
07:38:15,"[213.0, 121]","[211.0, 66]","[220.55, 33]","[258.0, 21]",216.77,241,7.55,0.55
07:38:16,"[213.0, 77]","[211.0, 42]","[218.57, 21]","[220.57, 21]",215.79,161,5.57,0.48
07:38:17,"[213.0, 66]","[211.0, 36]","[216.67, 18]","[217.67, 18]",214.83,138,3.67,0.48
07:38:18,"[213.0, 68]","[211.0, 42]","[215.0, 21]","[216.43, 21]",214.0,152,2.0,0.45
07:38:19,"[213.0, 21]","[211.0, 30]","[214.0, 15]","[681.0, 5]",213.5,71,1.0,0.44
07:38:20,"[213.0, 12]","[211.0, 96]","[400.8, 10]","[681.0, 2]",306.9,120,187.8,0.8
07:38:21,"[211.59, 17]","[210.91, 88]","[534.33, 6]","[463.0, 2]",372.96,113,322.75,0.86
07:38:22,"[211.0, 108]","[210.0, 72]","[411.67, 9]","[577.44, 9]",311.33,198,200.67,0.82
07:38:23,"[211.0, 44]","[210.0, 32]","[599.5, 4]","[0, 0]",405.25,80,388.5,0.9
07:38:24,"[211.0, 77]","[210.0, 56]","[687.14, 7]","[0, 0]",449.07,140,476.14,0.9
07:38:25,"[211.0, 88]","[210.0, 64]","[643.0, 8]","[0, 0]",427.0,160,432.0,0.9
07:38:26,"[211.0, 21]","[210.0, 16]","[731.0, 2]","[0, 0]",471.0,39,520.0,0.9
07:38:27,"[211.0, 20]","[210.0, 16]","[785.0, 2]","[0, 0]",498.0,38,574.0,0.89
07:38:28,"[211.0, 20]","[210.0, 16]","[785.0, 2]","[0, 0]",498.0,38,574.0,0.89
07:38:29,"[211.0, 36]","[210.0, 40]","[785.0, 5]","[0, 0]",498.0,81,574.0,0.88
07:38:30,"[211.0, 27]","[210.0, 32]","[785.0, 4]","[0, 0]",498.0,63,574.0,0.87
07:38:31,"[211.0, 30]","[210.0, 40]","[779.0, 5]","[0, 0]",495.0,75,568.0,0.87
07:38:32,"[211.0, 36]","[210.0, 48]","[497.62, 8]","[246.0, 1]",354.31,93,286.62,0.81
07:38:33,"[210.75, 65]","[209.85, 78]","[228.32, 37]","[252.34, 29]",219.54,209,17.57,0.37
07:38:34,"[210.0, 76]","[208.0, 37]","[227.7, 20]","[266.32, 28]",218.85,161,17.7,0.4
07:38:35,"[212.2, 45]","[209.12, 16]","[293.0, 5]","[542.0, 5]",252.6,71,80.8,0.72
07:38:36,"[213.0, 44]","[211.0, 4]","[427.25, 4]","[542.0, 4]",320.12,56,214.25,0.71
07:38:37,"[213.0, 110]","[211.0, 10]","[527.0, 10]","[620.5, 18]",370.0,148,314.0,0.62
07:38:38,"[213.0, 132]","[211.0, 12]","[480.88, 40]","[585.63, 30]",346.94,214,267.88,0.35
07:38:39,"[213.0, 73]","[211.0, 7]","[440.44, 27]","[480.93, 29]",326.72,136,227.44,0.18
07:38:40,"[213.32, 57]","[212.6, 30]","[285.17, 42]","[309.29, 41]",249.24,170,71.85,0.02
07:38:41,"[213.57, 101]","[212.63, 49]","[233.51, 59]","[235.33, 67]",223.54,276,19.93,0.09
07:38:42,"[215.0, 44]","[213.0, 80]","[231.88, 41]","[234.76, 49]",223.44,214,16.88,0.16
07:38:43,"[213.44, 45]","[212.78, 45]","[230.18, 44]","[231.35, 46]",221.81,180,16.74,0.0
07:38:44,"[213.0, 67]","[210.05, 38]","[228.07, 54]","[229.22, 45]",220.54,204,15.07,0.03
07:38:45,"[212.81, 63]","[209.88, 64]","[225.39, 77]","[226.9, 67]",219.1,271,12.58,-0.06
07:38:46,"[212.33, 45]","[210.53, 60]","[220.95, 76]","[222.19, 73]",216.64,254,8.61,-0.17
07:38:47,"[212.0, 12]","[210.08, 26]","[214.62, 39]","[215.88, 33]",213.31,110,2.62,-0.31
07:38:48,"[211.0, 27]","[209.71, 28]","[214.0, 45]","[215.0, 36]",212.5,136,3.0,-0.19
07:38:49,"[210.74, 35]","[208.95, 57]","[212.78, 67]","[214.03, 60]",211.76,219,2.03,-0.16
07:38:50,"[206.78, 49]","[205.88, 51]","[209.45, 53]","[210.4, 43]",208.11,196,2.68,0.02
07:38:51,"[205.92, 37]","[198.8, 20]","[222.61, 49]","[417.17, 42]",214.27,148,16.69,-0.23
07:38:52,"[196.28, 39]","[130.93, 46]","[314.38, 26]","[361.82, 34]",255.33,145,118.1,0.17
07:38:53,"[128.28, 53]","[79.77, 64]","[295.59, 66]","[469.71, 70]",211.94,253,167.31,-0.08
07:38:54,"[188.37, 41]","[168.83, 41]","[296.5, 44]","[449.36, 56]",242.43,182,108.13,-0.1
07:38:55,"[197.75, 28]","[194.21, 34]","[210.0, 8]","[514.25, 40]",203.88,110,12.25,0.13
07:38:56,"[205.0, 27]","[194.21, 29]","[215.4, 10]","[495.17, 42]",210.2,108,10.4,0.04
07:38:57,"[206.1, 30]","[192.0, 30]","[213.7, 10]","[367.6, 50]",209.9,120,7.6,0.0
07:38:58,"[207.78, 27]","[202.12, 26]","[212.33, 9]","[329.79, 29]",210.06,91,4.56,0.16
07:38:59,"[208.0, 36]","[207.0, 36]","[328.46, 41]","[422.0, 40]",268.23,153,120.46,-0.06
07:39:00,"[208.33, 15]","[207.05, 37]","[419.31, 65]","[469.46, 65]",313.82,182,210.97,-0.43
07:39:01,"[211.21, 14]","[207.17, 18]","[428.5, 60]","[561.2, 49]",319.86,141,217.29,-0.55
07:39:02,"[214.0, 13]","[207.0, 39]","[293.47, 62]","[408.81, 43]",253.73,157,79.47,-0.34
07:39:03,"[206.53, 34]","[202.54, 26]","[280.1, 20]","[289.8, 20]",243.31,100,73.57,0.2
07:39:04,"[202.0, 33]","[153.64, 33]","[264.55, 22]","[401.73, 41]",233.27,129,62.55,0.02
07:39:05,"[211.9, 42]","[206.57, 21]","[286.67, 18]","[420.44, 36]",249.29,117,74.76,0.08
07:39:06,"[211.71, 14]","[209.11, 27]","[284.52, 27]","[332.48, 46]",248.12,114,72.8,-0.28
07:39:07,"[212.0, 8]","[210.0, 16]","[275.62, 21]","[280.86, 21]",243.81,66,63.62,-0.27
07:39:08,"[212.0, 45]","[210.0, 91]","[274.15, 53]","[278.95, 41]",243.08,230,62.15,0.18
07:39:09,"[212.0, 15]","[210.0, 105]","[272.29, 42]","[278.77, 40]",242.14,202,60.29,0.19
07:39:10,"[212.0, 30]","[210.0, 105]","[269.87, 45]","[303.0, 75]",240.93,255,57.87,0.06
07:39:11,"[212.0, 26]","[210.0, 91]","[265.97, 31]","[283.3, 33]",238.98,181,53.97,0.29
07:39:12,"[212.0, 22]","[210.0, 77]","[262.91, 33]","[265.0, 11]",237.45,143,50.91,0.38
07:39:13,"[211.17, 24]","[209.33, 57]","[255.19, 26]","[255.73, 22]",233.18,129,44.03,0.26
07:39:14,"[206.44, 27]","[203.56, 54]","[248.71, 17]","[255.34, 29]",227.58,127,42.26,0.28
07:39:15,"[204.0, 32]","[202.0, 24]","[235.65, 23]","[246.42, 19]",219.83,98,31.65,0.14
07:39:16,"[188.05, 19]","[147.28, 18]","[223.79, 28]","[231.03, 29]",205.92,94,35.73,-0.21
07:39:17,"[202.0, 13]","[165.77, 13]","[219.38, 26]","[220.33, 33]",210.69,85,17.38,-0.39
07:39:18,"[204.1, 10]","[195.41, 17]","[213.48, 27]","[215.18, 17]",208.79,71,9.38,-0.24
07:39:19,"[209.0, 9]","[202.0, 9]","[211.27, 22]","[212.42, 24]",210.14,64,2.27,-0.44
07:39:20,"[202.0, 13]","[169.65, 40]","[208.17, 23]","[209.77, 26]",205.09,102,6.17,0.04
07:39:21,"[188.0, 30]","[138.87, 30]","[204.29, 31]","[204.92, 13]",196.15,104,16.29,0.15
07:39:22,"[188.4, 47]","[122.28, 47]","[201.03, 32]","[239.84, 32]",194.72,158,12.63,0.19
07:39:23,"[189.0, 30]","[131.91, 32]","[198.09, 33]","[200.27, 37]",193.55,132,9.09,-0.06
07:39:24,"[189.17, 18]","[145.67, 24]","[195.33, 9]","[197.13, 23]",192.25,74,6.17,0.14
07:39:25,"[170.91, 32]","[119.66, 44]","[194.0, 10]","[197.0, 40]",182.45,126,23.09,0.21
07:39:26,"[128.35, 40]","[121.02, 47]","[197.36, 25]","[200.18, 44]",162.86,156,69.01,0.12
07:39:27,"[174.14, 56]","[144.37, 43]","[200.44, 45]","[203.61, 46]",187.29,190,26.3,0.04
07:39:28,"[179.54, 104]","[177.5, 40]","[198.95, 57]","[200.29, 51]",189.24,252,19.41,0.14
07:39:29,"[181.38, 58]","[181.16, 50]","[198.0, 13]","[200.0, 36]",189.69,157,16.62,0.38
07:39:30,"[184.31, 26]","[183.49, 82]","[198.0, 9]","[200.0, 36]",191.15,153,13.69,0.41
07:39:31,"[186.5, 28]","[185.33, 92]","[198.0, 10]","[200.0, 48]",192.25,178,11.5,0.35
07:39:32,"[189.45, 22]","[186.0, 110]","[198.0, 11]","[200.0, 66]",193.73,209,8.55,0.26
07:39:33,"[190.82, 22]","[186.2, 75]","[198.36, 11]","[200.2, 60]",194.59,168,7.55,0.15
07:39:34,"[192.12, 50]","[190.3, 92]","[201.23, 13]","[203.44, 43]",196.68,198,9.11,0.43
07:39:35,"[195.32, 38]","[193.76, 76]","[202.94, 17]","[210.0, 44]",199.13,175,7.63,0.3
07:39:36,"[201.78, 103]","[200.21, 66]","[206.38, 58]","[235.15, 54]",204.08,281,4.6,0.2
07:39:37,"[204.26, 38]","[203.15, 66]","[227.0, 22]","[313.55, 44]",215.63,170,22.74,0.22
07:39:38,"[209.41, 27]","[208.18, 22]","[227.0, 20]","[329.19, 37]",218.2,106,17.59,-0.08
07:39:39,"[211.77, 43]","[204.82, 88]","[408.34, 29]","[556.97, 37]",310.06,197,196.58,0.33
07:39:40,"[214.0, 40]","[207.8, 20]","[252.68, 19]","[351.1, 10]",233.34,89,38.68,0.35
07:39:41,"[214.0, 36]","[207.0, 30]","[241.24, 17]","[349.6, 10]",227.62,93,27.24,0.42
07:39:42,"[208.75, 64]","[206.64, 39]","[312.0, 13]","[409.54, 26]",260.38,142,103.25,0.45
07:39:43,"[207.0, 36]","[205.0, 6]","[428.36, 22]","[577.5, 12]",317.68,76,221.36,0.11
07:39:44,"[205.62, 48]","[162.11, 18]","[540.82, 22]","[731.31, 26]",373.22,114,335.19,0.16
07:39:45,"[206.71, 31]","[195.38, 80]","[361.75, 16]","[561.75, 32]",284.23,159,155.04,0.4
07:39:46,"[206.9, 29]","[175.88, 64]","[282.62, 32]","[512.24, 34]",244.76,159,75.73,0.17
07:39:47,"[204.0, 33]","[108.17, 48]","[283.25, 48]","[433.22, 18]",243.62,147,79.25,0.1
07:39:48,"[198.83, 24]","[148.52, 42]","[271.11, 36]","[341.33, 15]",234.97,117,72.28,0.13
07:39:49,"[211.31, 87]","[208.0, 31]","[279.27, 44]","[499.27, 11]",245.29,173,67.96,0.36
07:39:50,"[212.0, 63]","[209.0, 7]","[278.43, 28]","[325.0, 13]",245.21,111,66.43,0.26
07:39:51,"[212.0, 94]","[209.53, 19]","[277.09, 44]","[437.27, 44]",244.55,201,65.09,0.12
07:39:52,"[212.0, 22]","[210.0, 25]","[277.0, 20]","[583.2, 20]",244.5,87,65.0,0.08
07:39:53,"[212.0, 36]","[210.0, 30]","[276.17, 24]","[618.0, 24]",244.08,114,64.17,0.16
07:39:54,"[212.0, 40]","[210.0, 35]","[274.86, 28]","[619.27, 22]",243.43,125,62.86,0.2
07:39:55,"[212.0, 36]","[210.0, 45]","[228.85, 27]","[275.0, 18]",220.43,126,16.85,0.29
07:39:56,"[212.0, 52]","[210.0, 65]","[224.79, 43]","[227.73, 41]",218.4,201,12.79,0.16
07:39:57,"[210.28, 115]","[209.81, 47]","[218.83, 35]","[220.11, 37]",214.55,234,8.55,0.38
07:39:58,"[210.0, 110]","[209.0, 10]","[214.1, 29]","[215.92, 25]",212.05,174,4.1,0.38
07:39:59,"[210.0, 110]","[209.0, 13]","[211.79, 28]","[212.92, 48]",210.89,199,1.79,0.24
07:40:00,"[210.0, 112]","[209.0, 17]","[212.76, 58]","[321.3, 66]",211.38,253,2.76,0.02
07:40:01,"[210.86, 21]","[209.96, 56]","[213.0, 44]","[294.67, 24]",211.93,145,2.14,0.06
07:40:02,"[211.25, 16]","[209.97, 62]","[216.97, 37]","[245.5, 24]",214.11,139,5.72,0.12
07:40:03,"[210.16, 19]","[208.0, 31]","[241.67, 12]","[242.94, 17]",225.91,79,31.51,0.27
07:40:04,"[212.0, 16]","[207.0, 56]","[240.57, 14]","[241.08, 26]",226.29,112,28.57,0.29
07:40:05,"[212.0, 37]","[207.0, 105]","[236.94, 34]","[238.07, 27]",224.47,203,24.94,0.4
07:40:06,"[212.0, 37]","[207.0, 105]","[227.37, 38]","[232.26, 27]",219.68,207,15.37,0.37
07:40:07,"[207.12, 80]","[204.46, 46]","[223.08, 50]","[224.4, 30]",215.1,206,15.96,0.22
07:40:08,"[207.0, 72]","[204.0, 36]","[218.9, 42]","[220.0, 30]",212.95,180,11.9,0.2
07:40:09,"[207.0, 27]","[204.0, 36]","[216.43, 23]","[216.71, 42]",211.72,128,9.43,-0.02
07:40:10,"[207.88, 32]","[204.19, 47]","[212.41, 54]","[213.91, 44]",210.14,177,4.53,-0.11
07:40:11,"[209.74, 106]","[207.6, 30]","[211.48, 62]","[212.38, 64]",210.61,262,1.75,0.04
07:40:12,"[210.0, 132]","[207.0, 10]","[211.12, 43]","[212.73, 41]",210.56,226,1.12,0.26
07:40:13,"[209.42, 36]","[205.53, 19]","[213.1, 39]","[242.25, 24]",211.26,118,3.69,-0.07
07:40:14,"[207.0, 9]","[205.0, 18]","[214.1, 20]","[305.67, 15]",210.55,62,7.1,-0.13
07:40:15,"[206.47, 15]","[204.85, 26]","[209.53, 38]","[210.68, 31]",208.0,110,3.06,-0.25
07:40:16,"[205.0, 28]","[204.0, 28]","[207.82, 17]","[209.72, 29]",206.41,102,2.82,0.1
07:40:17,"[204.14, 14]","[201.75, 8]","[206.0, 7]","[385.73, 15]",205.07,44,1.86,0.0
07:40:18,"[204.93, 30]","[203.9, 29]","[433.57, 14]","[659.77, 26]",319.25,99,228.64,0.19
07:40:19,"[205.88, 24]","[204.0, 32]","[372.35, 17]","[660.0, 23]",289.11,96,166.48,0.17
07:40:20,"[206.0, 27]","[204.0, 36]","[598.56, 25]","[751.9, 20]",402.28,108,392.56,0.17
07:40:21,"[206.77, 26]","[204.0, 40]","[652.89, 27]","[720.09, 23]",429.83,116,446.12,0.14
07:40:22,"[209.61, 23]","[204.13, 46]","[529.11, 27]","[636.8, 30]",369.36,126,319.5,0.1
07:40:23,"[212.0, 24]","[207.0, 8]","[399.42, 12]","[431.22, 18]",305.71,62,187.42,0.03
07:40:24,"[212.0, 24]","[207.0, 8]","[345.7, 10]","[541.39, 18]",278.85,60,133.7,0.07
07:40:25,"[212.0, 24]","[207.0, 8]","[395.38, 8]","[446.0, 16]",303.69,56,183.38,0.14
07:40:26,"[212.0, 39]","[210.0, 26]","[246.72, 29]","[369.09, 22]",229.36,116,34.72,0.12
07:40:27,"[212.24, 17]","[210.4, 15]","[215.0, 21]","[393.0, 7]",213.62,60,2.76,0.07
07:40:28,"[211.2, 20]","[209.25, 16]","[214.19, 16]","[340.54, 24]",212.69,76,2.99,-0.05
07:40:29,"[206.19, 42]","[204.88, 17]","[212.78, 9]","[431.22, 23]",209.48,91,6.59,0.3
07:40:30,"[205.0, 32]","[204.0, 12]","[210.0, 4]","[213.0, 4]",207.5,52,5.0,0.69
07:40:31,"[205.0, 64]","[204.0, 18]","[210.0, 8]","[213.0, 8]",207.5,98,5.0,0.67
07:40:32,"[205.0, 96]","[204.0, 20]","[302.22, 27]","[347.29, 24]",253.61,167,97.22,0.39
07:40:33,"[205.0, 34]","[204.0, 26]","[571.29, 21]","[0, 0]",388.14,81,366.29,0.48
07:40:34,"[205.0, 18]","[204.0, 18]","[572.0, 27]","[0, 0]",388.5,63,367.0,0.14
07:40:35,"[209.0, 26]","[204.74, 27]","[449.75, 36]","[0, 0]",329.38,89,240.75,0.19
07:40:36,"[212.0, 32]","[210.0, 8]","[387.25, 24]","[497.0, 1]",299.62,65,175.25,0.23
07:40:37,"[211.6, 10]","[209.25, 8]","[216.0, 12]","[497.0, 4]",213.8,34,4.4,0.06
07:40:38,"[211.25, 16]","[206.25, 8]","[215.5, 12]","[307.1, 20]",213.38,56,4.25,-0.14
07:40:39,"[212.0, 35]","[210.0, 23]","[213.86, 7]","[238.0, 21]",212.93,86,1.86,0.35
07:40:40,"[212.0, 44]","[210.0, 55]","[487.67, 36]","[569.48, 23]",349.83,158,275.67,0.25
07:40:41,"[210.36, 44]","[207.41, 73]","[545.0, 33]","[546.0, 44]",377.68,194,334.64,0.21
07:40:42,"[207.71, 68]","[206.24, 45]","[265.35, 37]","[473.22, 37]",236.53,187,57.65,0.21
07:40:43,"[207.0, 10]","[205.0, 30]","[286.31, 32]","[473.5, 16]",246.66,88,79.31,-0.09
07:40:44,"[207.0, 9]","[205.0, 27]","[317.71, 31]","[558.73, 33]",262.35,100,110.71,-0.28
07:40:45,"[205.12, 17]","[204.11, 27]","[309.41, 32]","[515.74, 31]",257.26,107,104.29,-0.18
07:40:46,"[205.0, 10]","[204.0, 15]","[282.0, 20]","[318.71, 17]",243.5,62,77.0,-0.19
07:40:47,"[205.0, 4]","[204.0, 6]","[282.0, 8]","[351.0, 8]",243.5,26,77.0,-0.23
07:40:48,"[207.37, 38]","[204.17, 36]","[281.15, 52]","[348.76, 51]",244.26,177,73.79,-0.16
07:40:49,"[210.0, 42]","[205.0, 14]","[279.0, 28]","[313.0, 21]",244.5,105,69.0,0.07
07:40:50,"[210.0, 54]","[205.0, 22]","[278.0, 44]","[368.1, 40]",244.0,160,68.0,-0.05
07:40:51,"[205.0, 10]","[204.0, 27]","[262.9, 40]","[369.9, 40]",233.95,117,57.9,-0.37
07:40:52,"[205.0, 7]","[204.0, 14]","[248.0, 28]","[527.35, 31]",226.5,80,43.0,-0.47
07:40:53,"[207.06, 17]","[204.04, 25]","[247.31, 52]","[353.02, 41]",227.18,135,40.25,-0.38
07:40:54,"[210.38, 26]","[204.07, 58]","[244.2, 40]","[305.69, 13]",227.29,137,33.82,0.23
07:40:55,"[206.26, 19]","[204.05, 66]","[243.1, 40]","[341.0, 40]",224.68,165,36.84,0.03
07:40:56,"[205.41, 22]","[200.2, 69]","[242.35, 46]","[287.3, 40]",223.88,177,36.94,0.03
07:40:57,"[202.58, 64]","[173.82, 98]","[238.82, 44]","[242.0, 55]",220.7,261,36.24,0.24
07:40:58,"[175.32, 94]","[149.73, 41]","[233.67, 21]","[240.39, 33]",204.49,189,58.35,0.43
07:40:59,"[152.93, 30]","[129.97, 31]","[236.67, 9]","[238.0, 36]",194.8,106,83.73,0.15
07:41:00,"[210.96, 46]","[209.53, 51]","[234.12, 24]","[235.94, 51]",222.54,172,23.17,0.13
07:41:01,"[214.0, 20]","[210.0, 50]","[230.94, 16]","[233.12, 34]",222.47,120,16.94,0.17
07:41:02,"[214.0, 20]","[210.0, 50]","[225.92, 39]","[226.92, 38]",219.96,147,11.92,-0.05
07:41:03,"[214.0, 22]","[210.0, 73]","[223.95, 44]","[224.87, 53]",218.98,192,9.95,-0.01
07:41:04,"[214.0, 8]","[210.0, 72]","[218.75, 40]","[221.0, 32]",216.38,152,4.75,0.05
07:41:05,"[210.4, 50]","[209.75, 60]","[216.38, 39]","[218.79, 39]",213.39,188,5.98,0.17
07:41:06,"[210.0, 131]","[209.0, 45]","[212.55, 55]","[213.89, 38]",211.27,269,2.55,0.31
07:41:07,"[209.79, 28]","[208.39, 54]","[212.95, 43]","[338.4, 20]",211.37,145,3.17,0.13
07:41:08,"[207.15, 107]","[205.99, 89]","[213.0, 52]","[511.58, 19]",210.07,267,5.85,0.47
07:41:09,"[207.0, 66]","[205.0, 30]","[212.0, 24]","[338.5, 10]",209.5,130,5.0,0.48
07:41:10,"[207.0, 110]","[205.0, 50]","[211.92, 39]","[375.15, 13]",209.46,212,4.92,0.51
07:41:11,"[207.0, 47]","[205.0, 30]","[208.0, 12]","[215.65, 20]",207.5,109,1.0,0.41
07:41:12,"[206.8, 49]","[202.02, 59]","[238.5, 20]","[429.33, 12]",222.65,140,31.7,0.54
07:41:13,"[205.0, 39]","[187.38, 24]","[525.75, 8]","[590.75, 8]",365.38,79,320.75,0.59
07:41:14,"[207.0, 12]","[202.0, 11]","[517.0, 3]","[611.0, 3]",362.0,29,310.0,0.59
07:41:15,"[211.0, 12]","[208.0, 24]","[391.83, 6]","[562.67, 6]",301.42,48,180.83,0.5
07:41:16,"[211.0, 12]","[208.4, 20]","[299.91, 11]","[466.0, 1]",255.45,44,88.91,0.45
07:41:17,"[209.8, 5]","[208.14, 14]","[301.0, 5]","[0, 0]",255.4,24,91.2,0.58
07:41:18,"[209.0, 4]","[208.0, 16]","[301.0, 4]","[0, 0]",255.0,24,92.0,0.67
07:41:19,"[210.3, 37]","[207.27, 33]","[540.67, 15]","[632.0, 6]",375.48,91,330.37,0.54
07:41:20,"[211.0, 105]","[208.0, 21]","[413.71, 7]","[631.0, 21]",312.36,154,202.71,0.64
07:41:21,"[211.0, 146]","[208.95, 57]","[604.4, 10]","[631.0, 30]",407.7,243,393.4,0.67
07:41:22,"[211.0, 104]","[209.0, 48]","[574.36, 14]","[621.67, 18]",392.68,184,363.36,0.65
07:41:23,"[211.0, 117]","[209.0, 54]","[364.87, 23]","[465.62, 13]",287.93,207,153.87,0.65
07:41:24,"[211.0, 87]","[209.0, 60]","[337.55, 20]","[653.07, 28]",274.27,195,126.55,0.51
07:41:25,"[211.0, 84]","[209.0, 66]","[283.93, 43]","[522.57, 14]",247.47,207,72.93,0.45
07:41:26,"[211.0, 36]","[209.0, 54]","[282.33, 27]","[372.13, 30]",246.67,147,71.33,0.22
07:41:27,"[211.0, 32]","[209.0, 54]","[272.8, 30]","[450.74, 27]",241.9,143,61.8,0.2
07:41:28,"[211.0, 27]","[209.0, 54]","[251.07, 29]","[266.65, 34]",231.03,144,40.07,0.12
07:41:29,"[211.0, 61]","[209.0, 66]","[217.91, 44]","[265.0, 33]",214.45,204,6.91,0.25
07:41:30,"[211.0, 50]","[209.0, 30]","[235.8, 20]","[265.0, 15]",223.4,115,24.8,0.39
07:41:31,"[211.0, 65]","[209.0, 60]","[258.68, 31]","[348.0, 18]",234.84,174,47.68,0.44
07:41:32,"[211.62, 29]","[209.59, 34]","[264.0, 18]","[373.0, 24]",237.81,105,52.38,0.2
07:41:33,"[212.0, 12]","[209.91, 33]","[264.0, 18]","[373.0, 24]",238.0,87,52.0,0.03
07:41:34,"[211.0, 78]","[208.04, 109]","[263.81, 48]","[449.58, 19]",237.41,254,52.81,0.47
07:41:35,"[211.0, 21]","[209.0, 77]","[262.0, 21]","[470.0, 7]",236.5,126,51.0,0.56
07:41:36,"[211.0, 30]","[209.0, 110]","[262.0, 30]","[344.0, 22]",236.5,192,51.0,0.46
07:41:37,"[209.47, 98]","[208.85, 164]","[261.23, 39]","[406.59, 17]",235.35,318,51.76,0.65
07:41:38,"[209.0, 150]","[208.0, 48]","[259.67, 18]","[323.5, 6]",234.33,222,50.67,0.78
07:41:39,"[209.0, 100]","[208.0, 32]","[259.0, 12]","[400.3, 10]",234.0,154,50.0,0.71
07:41:40,"[209.0, 150]","[208.0, 48]","[259.0, 18]","[578.0, 18]",234.0,234,50.0,0.69
07:41:41,"[209.0, 175]","[208.0, 56]","[258.0, 21]","[506.74, 23]",233.5,275,49.0,0.68
07:41:42,"[209.0, 300]","[208.0, 96]","[255.39, 38]","[286.74, 43]",232.2,477,46.39,0.66
07:41:43,"[210.34, 152]","[208.96, 421]","[251.37, 46]","[252.49, 53]",230.86,672,41.03,0.71
07:41:44,"[211.0, 96]","[209.0, 267]","[230.5, 42]","[232.64, 44]",220.75,449,19.5,0.62
07:41:45,"[211.0, 54]","[209.0, 216]","[215.78, 18]","[217.0, 27]",213.39,315,4.78,0.71
07:41:46,"[211.0, 42]","[209.0, 192]","[212.6, 20]","[213.75, 16]",211.8,270,1.6,0.73
07:41:47,"[209.11, 178]","[208.63, 152]","[212.31, 26]","[400.66, 29]",210.71,385,3.2,0.71
07:41:48,"[209.0, 366]","[208.0, 128]","[211.1, 31]","[240.0, 34]",210.05,559,2.1,0.77
07:41:49,"[209.0, 201]","[208.0, 80]","[210.0, 10]","[211.0, 20]",209.5,311,1.0,0.81
07:41:50,"[209.0, 98]","[208.0, 56]","[210.0, 7]","[211.0, 14]",209.5,175,1.0,0.76
07:41:51,"[209.0, 35]","[208.0, 40]","[210.0, 5]","[782.0, 20]",209.5,100,1.0,0.5
07:41:52,"[209.0, 32]","[208.0, 64]","[546.09, 11]","[797.43, 28]",377.55,135,337.09,0.42
07:41:53,"[209.0, 24]","[208.0, 48]","[388.05, 19]","[489.5, 8]",298.53,99,179.05,0.45
07:41:54,"[209.0, 32]","[208.0, 64]","[242.0, 32]","[427.0, 24]",225.5,152,33.0,0.26
07:41:55,"[208.11, 72]","[207.33, 24]","[242.0, 40]","[427.0, 30]",225.06,166,33.89,0.16
07:41:56,"[208.0, 56]","[206.0, 10]","[254.0, 34]","[467.28, 18]",231.0,118,46.0,0.12
07:41:57,"[206.0, 24]","[203.75, 16]","[301.25, 16]","[494.89, 18]",253.62,74,95.25,0.08
07:41:58,"[207.0, 24]","[203.19, 42]","[291.0, 30]","[478.69, 13]",249.0,109,84.0,0.21
07:41:59,"[211.4, 25]","[209.29, 14]","[321.0, 12]","[434.2, 15]",266.2,66,109.6,0.18
07:42:00,"[213.0, 16]","[211.0, 40]","[410.0, 16]","[411.0, 8]",311.5,80,197.0,0.4
07:42:01,"[211.48, 33]","[209.31, 130]","[355.91, 33]","[398.91, 46]",283.7,242,144.42,0.35
07:42:02,"[211.0, 49]","[209.0, 77]","[237.43, 14]","[260.14, 21]",224.21,161,26.43,0.57
07:42:03,"[211.0, 66]","[209.0, 132]","[386.33, 27]","[403.12, 24]",298.67,249,175.33,0.59
07:42:04,"[211.0, 20]","[209.0, 44]","[282.25, 4]","[344.0, 5]",246.62,73,71.25,0.75
07:42:05,"[211.0, 30]","[209.0, 66]","[280.33, 9]","[350.33, 9]",245.67,114,69.33,0.68
07:42:06,"[209.9, 60]","[208.79, 84]","[279.18, 11]","[280.12, 16]",244.54,171,69.28,0.68
07:42:07,"[209.0, 96]","[208.0, 72]","[276.83, 12]","[280.0, 24]",242.92,204,67.83,0.65
07:42:08,"[210.94, 161]","[208.92, 71]","[263.95, 22]","[276.36, 22]",237.45,276,53.02,0.68
07:42:09,"[211.0, 124]","[209.0, 55]","[264.33, 18]","[273.62, 16]",237.67,213,53.33,0.68
07:42:10,"[211.0, 179]","[209.0, 75]","[258.94, 18]","[267.65, 17]",234.97,289,47.94,0.76
07:42:11,"[211.0, 180]","[209.0, 75]","[233.2, 25]","[234.41, 17]",222.1,297,22.2,0.72
07:42:12,"[211.0, 144]","[209.0, 60]","[230.74, 19]","[231.41, 17]",220.87,240,19.74,0.7
07:42:13,"[211.0, 108]","[208.4, 50]","[228.44, 9]","[229.8, 10]",219.72,177,17.44,0.79
07:42:14,"[211.0, 144]","[208.0, 72]","[225.57, 21]","[227.25, 12]",218.29,249,14.57,0.73
07:42:15,"[211.0, 160]","[208.0, 96]","[222.9, 29]","[225.74, 19]",216.95,304,11.9,0.68
07:42:16,"[211.0, 97]","[209.0, 96]","[220.0, 20]","[222.22, 18]",215.5,231,9.0,0.67
07:42:17,"[211.0, 108]","[209.0, 96]","[218.28, 25]","[218.46, 24]",214.64,253,7.28,0.61
07:42:18,"[211.0, 83]","[209.0, 96]","[215.32, 28]","[218.73, 44]",213.16,251,4.32,0.43
07:42:19,"[210.55, 62]","[208.94, 98]","[213.89, 36]","[214.59, 34]",212.22,230,3.34,0.39
07:42:20,"[209.0, 132]","[207.94, 34]","[211.31, 48]","[212.25, 24]",210.16,238,2.31,0.39
07:42:21,"[209.0, 92]","[208.0, 39]","[210.81, 37]","[215.67, 21]",209.91,189,1.81,0.39
07:42:22,"[209.0, 28]","[208.0, 21]","[210.0, 7]","[227.0, 7]",209.5,63,1.0,0.56
07:42:23,"[209.0, 34]","[208.0, 33]","[306.28, 29]","[508.7, 27]",257.64,123,97.28,0.09
07:42:24,"[209.8, 20]","[208.5, 24]","[337.0, 24]","[508.0, 8]",273.4,76,127.2,0.16
07:42:25,"[211.0, 12]","[209.0, 18]","[337.0, 18]","[428.25, 12]",274.0,60,126.0,0.0
07:42:26,"[211.0, 8]","[209.0, 42]","[337.0, 18]","[378.0, 18]",274.0,86,126.0,0.16
07:42:27,"[211.0, 10]","[209.0, 110]","[375.6, 25]","[432.0, 22]",293.3,167,164.6,0.44
07:42:28,"[211.0, 9]","[209.0, 99]","[403.88, 17]","[441.8, 15]",307.44,140,192.88,0.54
07:42:29,"[212.38, 16]","[209.17, 60]","[284.43, 28]","[325.2, 20]",248.4,124,72.05,0.23
07:42:30,"[213.0, 19]","[211.0, 15]","[270.0, 45]","[584.8, 30]",241.5,109,57.0,-0.38
07:42:31,"[213.0, 13]","[211.0, 20]","[268.54, 39]","[439.0, 26]",240.77,98,55.54,-0.33
07:42:32,"[209.97, 29]","[210.1, 20]","[266.83, 29]","[319.21, 19]",238.4,97,56.86,0.01
07:42:33,"[209.0, 101]","[208.0, 33]","[263.94, 47]","[264.71, 41]",236.47,222,54.94,0.21
07:42:34,"[210.1, 40]","[208.94, 105]","[258.87, 53]","[260.18, 51]",234.48,249,48.77,0.16
07:42:35,"[210.41, 34]","[208.95, 111]","[255.57, 42]","[256.69, 58]",232.99,245,45.16,0.18
07:42:36,"[209.0, 73]","[208.0, 45]","[251.59, 73]","[252.68, 47]",230.29,238,42.59,-0.01
07:42:37,"[209.0, 36]","[208.0, 27]","[249.35, 31]","[250.66, 35]",229.18,129,40.35,-0.02
07:42:38,"[209.0, 48]","[208.0, 36]","[246.13, 46]","[247.64, 42]",227.57,172,37.13,-0.02
07:42:39,"[209.0, 52]","[207.95, 43]","[241.93, 75]","[243.0, 75]",225.47,245,32.93,-0.22
07:42:40,"[209.0, 22]","[206.0, 11]","[239.12, 41]","[240.26, 53]",224.06,127,30.12,-0.48
07:42:41,"[209.0, 28]","[206.43, 14]","[235.63, 62]","[237.29, 42]",222.31,146,26.63,-0.42
07:42:42,"[208.0, 25]","[204.3, 46]","[229.71, 68]","[231.53, 64]",218.85,203,21.71,-0.3
07:42:43,"[204.0, 8]","[203.0, 88]","[222.62, 24]","[224.29, 28]",213.31,148,18.62,0.3
07:42:44,"[204.86, 51]","[203.05, 81]","[220.63, 35]","[221.82, 33]",212.75,200,15.77,0.32
07:42:45,"[207.62, 53]","[203.05, 133]","[215.48, 73]","[216.58, 79]",211.55,338,7.86,0.1
07:42:46,"[208.0, 69]","[203.0, 108]","[210.59, 29]","[211.53, 43]",209.29,249,2.59,0.42
07:42:47,"[204.67, 72]","[202.9, 80]","[209.11, 36]","[210.43, 44]",206.89,232,4.44,0.31
07:42:48,"[203.27, 67]","[202.6, 40]","[207.03, 29]","[208.83, 36]",205.15,172,3.77,0.24
07:42:49,"[202.94, 67]","[201.3, 40]","[204.12, 32]","[211.71, 35]",203.53,174,1.18,0.23
07:42:50,"[156.08, 50]","[106.95, 93]","[204.55, 22]","[224.09, 22]",180.31,187,48.47,0.53
07:42:51,"[163.34, 44]","[86.98, 47]","[228.17, 18]","[239.29, 14]",195.75,123,64.83,0.48
07:42:52,"[211.0, 48]","[89.0, 18]","[225.33, 18]","[353.5, 12]",218.17,96,14.33,0.38
07:42:53,"[211.0, 54]","[119.29, 102]","[222.78, 27]","[396.67, 18]",216.89,201,11.78,0.55
07:42:54,"[211.0, 25]","[169.0, 15]","[220.6, 15]","[282.0, 10]",215.8,65,9.6,0.23
07:42:55,"[211.0, 50]","[209.0, 40]","[218.6, 30]","[347.9, 20]",214.8,140,7.6,0.29
07:42:56,"[211.0, 30]","[209.0, 29]","[216.52, 21]","[271.4, 15]",213.76,95,5.52,0.24
07:42:57,"[210.33, 36]","[208.37, 43]","[213.95, 37]","[215.32, 34]",212.14,150,3.61,0.05
07:42:58,"[209.0, 21]","[200.0, 9]","[210.62, 32]","[211.77, 26]",209.81,88,1.62,-0.32
07:42:59,"[207.71, 7]","[189.33, 18]","[210.73, 22]","[282.11, 19]",209.22,66,3.01,-0.24
07:43:00,"[202.63, 41]","[200.56, 151]","[209.26, 27]","[561.74, 38]",205.95,257,6.63,0.49
07:43:01,"[203.25, 16]","[202.06, 51]","[206.0, 15]","[207.0, 10]",204.62,92,2.75,0.46
07:43:02,"[203.94, 32]","[202.61, 31]","[205.89, 18]","[261.16, 19]",204.91,100,1.95,0.26
07:43:03,"[203.0, 16]","[202.0, 96]","[205.62, 16]","[493.64, 14]",204.31,142,2.62,0.58
07:43:04,"[202.13, 38]","[201.76, 54]","[204.9, 20]","[392.47, 19]",203.52,131,2.77,0.4
07:43:05,"[178.6, 30]","[142.8, 30]","[203.14, 43]","[228.97, 31]",190.87,134,24.54,-0.1
07:43:06,"[146.4, 30]","[105.5, 30]","[193.9, 20]","[201.5, 24]",170.15,104,47.5,0.15
07:43:07,"[156.77, 117]","[130.08, 39]","[193.0, 26]","[197.0, 75]",174.88,257,36.23,0.21
07:43:08,"[186.0, 90]","[161.61, 38]","[195.82, 17]","[197.86, 42]",190.91,187,9.82,0.37
07:43:09,"[180.14, 42]","[120.67, 18]","[197.0, 12]","[199.0, 18]",188.57,90,16.86,0.33
07:43:10,"[131.0, 21]","[40.0, 21]","[199.4, 10]","[279.48, 21]",165.2,73,68.4,0.15
07:43:11,"[169.0, 12]","[119.25, 24]","[299.89, 19]","[349.0, 24]",234.45,79,130.89,-0.09
07:43:12,"[180.54, 65]","[174.78, 54]","[214.31, 16]","[300.97, 31]",197.43,166,33.77,0.43
07:43:13,"[189.5, 48]","[178.38, 39]","[234.0, 6]","[423.33, 18]",211.75,111,44.5,0.57
07:43:14,"[203.56, 36]","[202.31, 39]","[234.0, 14]","[364.0, 52]",218.78,141,30.44,0.06
07:43:15,"[205.0, 11]","[204.0, 69]","[232.36, 55]","[294.92, 13]",218.68,148,27.36,0.08
07:43:16,"[206.0, 10]","[204.0, 90]","[230.77, 39]","[291.0, 30]",218.38,169,24.77,0.18
07:43:17,"[206.0, 23]","[204.0, 57]","[230.0, 40]","[363.5, 12]",218.0,132,24.0,0.21
07:43:18,"[206.03, 37]","[204.11, 57]","[226.48, 44]","[344.39, 18]",216.25,156,20.45,0.21
07:43:19,"[207.0, 11]","[205.67, 36]","[224.0, 31]","[225.0, 46]",215.5,124,17.0,-0.24
07:43:20,"[206.0, 9]","[204.0, 54]","[221.33, 18]","[224.0, 45]",213.67,126,15.33,0.0
07:43:21,"[206.0, 9]","[204.0, 54]","[218.04, 27]","[223.0, 36]",212.02,126,12.04,0.0
07:43:22,"[212.52, 103]","[206.2, 76]","[215.59, 69]","[216.67, 67]",214.06,315,3.07,0.14
07:43:23,"[209.33, 36]","[206.64, 14]","[214.09, 35]","[273.54, 28]",211.71,113,4.75,-0.12
07:43:24,"[209.0, 70]","[206.0, 11]","[212.55, 22]","[214.0, 33]",210.77,136,3.55,0.19
07:43:25,"[209.0, 24]","[204.5, 16]","[211.88, 17]","[231.25, 24]",210.44,81,2.88,-0.01
07:43:26,"[207.75, 24]","[203.67, 27]","[214.0, 27]","[335.33, 27]",210.88,105,6.25,-0.03
07:43:27,"[204.0, 20]","[203.0, 70]","[213.14, 28]","[411.6, 30]",208.57,148,9.14,0.22
07:43:28,"[204.0, 6]","[203.0, 21]","[211.33, 9]","[460.0, 8]",207.67,44,7.33,0.23
07:43:29,"[204.0, 10]","[203.0, 35]","[210.0, 15]","[211.0, 15]",207.0,75,6.0,0.2
07:43:30,"[204.0, 10]","[203.0, 35]","[208.4, 15]","[209.4, 15]",206.2,75,4.4,0.2
07:43:31,"[203.72, 25]","[197.9, 70]","[206.6, 30]","[208.2, 30]",205.16,155,2.88,0.23
07:43:32,"[203.04, 71]","[156.7, 93]","[207.73, 33]","[467.26, 23]",205.38,220,4.69,0.49
07:43:33,"[203.0, 49]","[154.0, 70]","[479.86, 14]","[735.0, 9]",341.43,142,276.86,0.68
07:43:34,"[208.45, 47]","[196.0, 78]","[351.4, 20]","[414.56, 9]",279.92,154,142.95,0.62
07:43:35,"[211.0, 45]","[203.0, 37]","[216.5, 44]","[284.31, 26]",213.75,152,5.5,0.08
07:43:36,"[207.71, 17]","[182.82, 60]","[211.48, 54]","[212.33, 30]",209.59,161,3.78,-0.04
07:43:37,"[180.69, 32]","[182.95, 80]","[206.67, 52]","[208.87, 46]",193.68,210,25.99,0.07
07:43:38,"[146.93, 29]","[54.69, 32]","[202.38, 16]","[204.41, 27]",174.65,104,55.44,0.17
07:43:39,"[90.75, 64]","[61.52, 42]","[198.74, 27]","[200.12, 51]",144.75,184,107.99,0.15
07:43:40,"[93.0, 88]","[72.0, 22]","[253.92, 25]","[223.44, 39]",173.46,174,160.92,0.26
07:43:41,"[165.09, 44]","[181.71, 70]","[359.58, 24]","[495.81, 16]",262.34,154,194.49,0.48
07:43:42,"[211.05, 41]","[205.1, 50]","[273.25, 16]","[324.0, 16]",242.15,123,62.2,0.48
07:43:43,"[213.0, 28]","[209.0, 25]","[254.0, 10]","[388.2, 10]",233.5,73,41.0,0.45
07:43:44,"[213.0, 40]","[209.0, 40]","[347.5, 16]","[489.33, 12]",280.25,108,134.5,0.48
07:43:45,"[213.0, 25]","[209.0, 25]","[554.33, 6]","[634.44, 9]",383.67,65,341.33,0.54
07:43:46,"[213.0, 30]","[209.0, 30]","[371.85, 13]","[483.45, 11]",292.42,84,158.85,0.43
07:43:47,"[213.0, 50]","[209.0, 104]","[265.5, 20]","[420.9, 20]",239.25,194,52.5,0.59
07:43:48,"[213.0, 25]","[209.0, 84]","[341.17, 12]","[397.33, 12]",277.08,133,128.17,0.64
07:43:49,"[213.0, 19]","[209.0, 84]","[389.6, 10]","[393.67, 12]",301.3,125,176.6,0.65
07:43:50,"[213.0, 39]","[209.0, 182]","[374.62, 29]","[377.44, 18]",293.81,268,161.62,0.65
07:43:51,"[213.0, 39]","[209.0, 182]","[333.67, 33]","[347.48, 29]",273.33,283,120.67,0.56
07:43:52,"[209.49, 69]","[208.76, 102]","[263.69, 13]","[325.71, 21]",236.59,205,54.2,0.67
07:43:53,"[210.04, 54]","[208.94, 194]","[220.76, 41]","[222.08, 37]",215.4,326,10.72,0.52
07:43:54,"[209.94, 48]","[208.87, 135]","[215.33, 36]","[217.0, 24]",212.64,243,5.4,0.51
07:43:55,"[209.0, 85]","[208.0, 54]","[213.91, 23]","[215.84, 19]",211.46,181,4.91,0.54
07:43:56,"[209.0, 106]","[208.0, 84]","[285.44, 18]","[284.0, 44]",247.22,252,76.44,0.51
07:43:57,"[209.0, 29]","[208.0, 66]","[337.19, 31]","[488.34, 47]",273.1,173,128.19,0.1
07:43:58,"[209.0, 16]","[208.0, 48]","[428.5, 40]","[602.92, 12]",318.75,116,219.5,0.1
07:43:59,"[208.57, 14]","[207.26, 38]","[405.0, 30]","[690.0, 6]",306.79,88,196.43,0.18
07:44:00,"[208.0, 18]","[206.0, 42]","[323.17, 30]","[408.64, 22]",265.58,112,115.17,0.07
07:44:01,"[208.92, 38]","[206.44, 54]","[255.6, 50]","[262.7, 50]",232.26,192,46.68,-0.04
07:44:02,"[210.1, 42]","[208.59, 34]","[241.1, 50]","[244.0, 50]",225.6,176,31.0,-0.14
07:44:03,"[212.0, 14]","[210.0, 50]","[241.0, 50]","[244.0, 50]",226.5,164,29.0,-0.22
07:44:04,"[212.0, 28]","[210.0, 70]","[239.64, 55]","[331.27, 55]",225.82,208,27.64,-0.06
07:44:05,"[210.11, 37]","[208.38, 26]","[237.29, 28]","[248.52, 31]",223.7,122,27.18,0.03
07:44:06,"[209.67, 54]","[207.12, 48]","[226.83, 60]","[246.83, 60]",218.25,222,17.17,-0.08
07:44:07,"[210.64, 50]","[206.92, 26]","[225.17, 30]","[329.0, 30]",217.9,136,14.53,0.12
07:44:08,"[211.0, 112]","[208.0, 33]","[224.09, 55]","[389.25, 40]",217.55,240,13.09,0.21
07:44:09,"[211.0, 24]","[208.0, 24]","[224.0, 40]","[483.38, 37]",217.5,125,13.0,-0.23
07:44:10,"[211.0, 39]","[208.0, 39]","[221.02, 49]","[246.44, 57]",216.01,184,10.02,-0.15
07:44:11,"[211.0, 36]","[208.0, 36]","[217.25, 28]","[218.22, 58]",214.12,158,6.25,-0.09
07:44:12,"[211.0, 32]","[208.0, 48]","[214.74, 39]","[216.93, 45]",212.87,164,3.74,-0.02
07:44:13,"[210.0, 18]","[207.29, 28]","[212.47, 19]","[225.72, 25]",211.24,90,2.47,0.02
07:44:14,"[207.11, 27]","[205.51, 49]","[260.78, 18]","[314.75, 36]",233.94,130,53.67,0.17
07:44:15,"[213.7, 80]","[205.85, 39]","[294.67, 27]","[463.84, 44]",254.18,190,80.97,0.25
07:44:16,"[214.0, 70]","[209.0, 40]","[221.52, 42]","[334.7, 20]",217.76,172,7.52,0.28
07:44:17,"[214.0, 70]","[209.29, 28]","[330.7, 10]","[371.0, 50]",272.35,158,116.7,0.24
07:44:18,"[214.0, 63]","[211.0, 9]","[329.44, 9]","[371.58, 24]",271.72,105,115.44,0.37
07:44:19,"[214.0, 77]","[211.0, 11]","[275.08, 13]","[293.52, 21]",244.54,122,61.08,0.44
07:44:20,"[214.0, 54]","[211.0, 30]","[249.0, 12]","[377.85, 27]",231.5,123,35.0,0.37
07:44:21,"[214.0, 13]","[211.0, 39]","[248.0, 13]","[290.6, 53]",231.0,118,34.0,-0.12
07:44:22,"[214.0, 11]","[211.0, 33]","[246.09, 11]","[250.0, 55]",230.05,110,32.09,-0.2
07:44:23,"[210.34, 35]","[209.44, 41]","[245.22, 23]","[258.9, 31]",227.78,130,34.87,0.17
07:44:24,"[210.0, 40]","[209.0, 40]","[244.8, 30]","[246.0, 10]",227.4,120,34.8,0.33
07:44:25,"[210.0, 40]","[209.0, 40]","[244.0, 30]","[246.0, 45]",227.0,155,34.0,0.03
07:44:26,"[210.0, 74]","[208.83, 48]","[242.8, 30]","[244.04, 26]",226.4,178,32.8,0.37
07:44:27,"[210.0, 219]","[208.0, 34]","[240.54, 37]","[240.97, 31]",225.27,321,30.54,0.58
07:44:28,"[210.0, 135]","[208.0, 18]","[239.0, 23]","[378.29, 41]",224.5,217,29.0,0.41
07:44:29,"[210.0, 114]","[208.0, 22]","[238.18, 33]","[396.85, 52]",224.09,221,28.18,0.23
07:44:30,"[210.06, 34]","[208.44, 18]","[238.0, 24]","[363.71, 28]",224.03,104,27.94,0.0
07:44:31,"[213.76, 68]","[209.16, 19]","[236.07, 45]","[292.9, 48]",224.92,180,22.3,-0.03
07:44:32,"[214.0, 40]","[211.6, 10]","[226.16, 31]","[228.0, 33]",220.08,114,12.16,-0.12
07:44:33,"[213.15, 26]","[210.71, 17]","[286.08, 51]","[324.93, 67]",249.62,161,72.92,-0.47
07:44:34,"[212.0, 11]","[210.0, 11]","[345.52, 23]","[347.31, 32]",278.76,77,133.52,-0.43
07:44:35,"[212.0, 9]","[210.0, 9]","[243.3, 27]","[276.83, 24]",227.65,69,31.3,-0.48
07:44:36,"[209.25, 24]","[207.05, 114]","[225.08, 37]","[235.41, 29]",217.17,204,15.83,0.35
07:44:37,"[209.0, 14]","[207.0, 196]","[219.31, 39]","[221.71, 31]",214.15,280,10.31,0.5
07:44:38,"[207.1, 58]","[205.52, 84]","[218.12, 16]","[218.8, 20]",212.61,178,11.02,0.6
07:44:39,"[207.0, 112]","[205.0, 24]","[215.79, 14]","[217.88, 32]",211.39,182,8.79,0.49
07:44:40,"[207.0, 57]","[205.0, 22]","[212.06, 17]","[213.28, 25]",209.53,121,5.06,0.31
07:44:41,"[208.62, 42]","[206.2, 20]","[210.5, 24]","[276.15, 26]",209.56,112,1.88,0.11
07:44:42,"[207.0, 10]","[204.0, 70]","[211.0, 30]","[408.5, 30]",209.0,140,4.0,0.14
07:44:43,"[207.0, 10]","[206.0, 60]","[210.77, 26]","[434.0, 36]",208.88,132,3.77,0.06
07:44:44,"[207.69, 29]","[206.07, 58]","[210.62, 26]","[432.12, 51]",209.15,164,2.93,0.06
07:44:45,"[208.0, 70]","[207.0, 14]","[434.48, 46]","[348.5, 16]",321.24,146,226.48,0.15
07:44:46,"[208.2, 25]","[207.86, 29]","[272.67, 18]","[285.89, 27]",240.43,99,64.47,0.09
07:44:47,"[209.95, 37]","[208.57, 23]","[271.27, 15]","[399.0, 60]",240.61,135,61.32,-0.11
07:44:48,"[209.0, 9]","[205.57, 21]","[267.83, 6]","[399.0, 24]",238.42,60,58.83,0.0
07:44:49,"[205.52, 27]","[204.55, 77]","[259.14, 14]","[311.23, 35]",232.33,153,53.62,0.36
07:44:50,"[210.6, 30]","[204.46, 26]","[265.4, 10]","[296.0, 14]",238.0,80,54.8,0.4
07:44:51,"[212.0, 52]","[205.0, 36]","[264.42, 36]","[266.0, 12]",238.21,136,52.42,0.29
07:44:52,"[212.0, 241]","[209.24, 138]","[263.41, 44]","[264.8, 20]",237.7,443,51.41,0.71
07:44:53,"[212.0, 144]","[210.0, 117]","[241.0, 27]","[261.29, 21]",226.5,309,29.0,0.69
07:44:54,"[212.0, 160]","[210.0, 130]","[230.3, 30]","[246.25, 24]",221.15,344,18.3,0.69
07:44:55,"[212.0, 234]","[210.0, 182]","[228.85, 46]","[244.45, 22]",220.42,484,16.85,0.72
07:44:56,"[212.0, 336]","[210.0, 208]","[226.13, 30]","[226.96, 52]",219.07,626,14.13,0.74
07:44:57,"[212.69, 64]","[211.8, 257]","[222.15, 27]","[224.68, 25]",217.42,373,9.46,0.72
07:44:58,"[214.0, 14]","[212.0, 147]","[220.71, 7]","[222.0, 21]",217.36,189,6.71,0.7
07:44:59,"[212.09, 170]","[210.84, 201]","[216.95, 41]","[217.66, 32]",214.52,444,4.86,0.67
07:45:00,"[212.0, 161]","[210.0, 130]","[214.5, 34]","[276.33, 27]",213.25,352,2.5,0.65
07:45:01,"[212.0, 112]","[210.0, 104]","[216.0, 32]","[404.89, 27]",214.0,275,4.0,0.57
07:45:02,"[212.0, 172]","[210.0, 182]","[215.14, 56]","[468.58, 53]",213.57,463,3.14,0.53
07:45:03,"[212.0, 84]","[210.0, 104]","[214.88, 32]","[265.75, 32]",213.44,252,2.88,0.49
07:45:04,"[212.0, 58]","[210.0, 91]","[214.0, 28]","[258.0, 28]",213.0,205,2.0,0.45
07:45:05,"[210.52, 88]","[209.6, 75]","[224.7, 43]","[259.66, 41]",217.61,247,14.17,0.32
07:45:06,"[210.0, 130]","[207.0, 20]","[256.83, 24]","[283.79, 39]",233.42,213,46.83,0.41
07:45:07,"[210.0, 195]","[207.0, 30]","[253.93, 30]","[280.27, 60]",231.97,315,43.93,0.43
07:45:08,"[210.0, 130]","[207.0, 26]","[252.0, 26]","[398.55, 49]",231.0,231,42.0,0.35
07:45:09,"[210.0, 90]","[207.0, 18]","[251.78, 18]","[448.67, 36]",230.89,162,41.78,0.33
07:45:10,"[210.0, 93]","[207.0, 20]","[239.75, 32]","[321.13, 31]",224.88,176,29.75,0.28
07:45:11,"[210.0, 72]","[207.0, 16]","[227.92, 26]","[285.0, 22]",218.96,136,17.92,0.29
07:45:12,"[210.0, 72]","[207.0, 16]","[250.88, 16]","[258.0, 32]",230.44,136,40.88,0.29
07:45:13,"[210.0, 70]","[207.0, 20]","[248.6, 20]","[255.9, 40]",229.3,150,38.6,0.2
07:45:14,"[210.0, 70]","[207.0, 20]","[247.1, 20]","[254.5, 40]",228.55,150,37.1,0.2
07:45:15,"[209.33, 63]","[206.2, 70]","[244.0, 52]","[249.0, 32]",226.67,217,34.67,0.23
07:45:16,"[209.15, 26]","[206.51, 67]","[242.92, 48]","[245.2, 30]",226.04,171,33.76,0.09
07:45:17,"[214.0, 12]","[210.0, 36]","[242.0, 24]","[243.0, 48]",228.0,120,28.0,-0.2
07:45:18,"[214.0, 13]","[210.0, 39]","[238.1, 20]","[240.21, 28]",226.05,100,24.1,0.04
07:45:19,"[209.2, 25]","[206.14, 87]","[232.71, 34]","[232.81, 32]",220.95,178,23.51,0.26
07:45:20,"[212.0, 66]","[209.0, 28]","[227.3, 40]","[228.58, 24]",219.65,158,15.3,0.19
07:45:21,"[212.0, 39]","[209.0, 22]","[225.9, 40]","[226.69, 26]",218.95,127,13.9,-0.04
07:45:22,"[212.0, 22]","[209.0, 22]","[224.27, 22]","[225.37, 35]",218.14,101,12.27,-0.13
07:45:23,"[212.0, 26]","[209.91, 69]","[220.62, 26]","[222.18, 22]",216.31,143,8.62,0.33
07:45:24,"[212.0, 85]","[210.0, 105]","[214.54, 52]","[216.09, 47]",213.27,289,2.54,0.31
07:45:25,"[211.08, 61]","[209.58, 85]","[215.17, 24]","[222.4, 20]",213.12,190,4.08,0.54
07:45:26,"[210.0, 119]","[209.0, 153]","[221.0, 34]","[222.0, 17]",215.5,323,11.0,0.68
07:45:27,"[210.0, 77]","[209.0, 127]","[221.0, 22]","[222.0, 11]",215.5,237,11.0,0.72
07:45:28,"[210.0, 92]","[209.0, 108]","[220.31, 16]","[221.06, 17]",215.16,233,10.31,0.72
07:45:29,"[210.0, 59]","[209.0, 63]","[217.6, 10]","[218.27, 11]",213.8,143,7.6,0.71
07:45:30,"[210.0, 95]","[209.0, 135]","[213.89, 18]","[214.92, 24]",211.94,272,3.89,0.69
07:45:31,"[210.0, 46]","[209.0, 108]","[218.25, 12]","[282.12, 17]",214.12,183,8.25,0.68
07:45:32,"[210.0, 8]","[209.0, 54]","[474.0, 9]","[537.33, 9]",342.0,80,264.0,0.55
07:45:33,"[210.0, 11]","[209.0, 99]","[452.82, 22]","[582.4, 20]",331.41,152,242.82,0.45
07:45:34,"[209.07, 27]","[208.57, 23]","[269.0, 14]","[386.0, 14]",239.04,78,59.93,0.28
07:45:35,"[212.31, 59]","[208.79, 39]","[342.29, 17]","[437.62, 16]",277.3,131,129.99,0.5
07:45:36,"[211.73, 11]","[208.88, 16]","[401.0, 8]","[678.0, 4]",306.36,39,189.27,0.38
07:45:37,"[209.22, 32]","[208.0, 10]","[271.0, 12]","[582.18, 11]",240.11,65,61.78,0.29
07:45:38,"[210.0, 42]","[209.0, 30]","[257.33, 12]","[467.0, 6]",233.67,90,47.33,0.6
07:45:39,"[210.0, 56]","[209.0, 40]","[230.0, 16]","[544.85, 13]",220.0,125,20.0,0.54
07:45:40,"[210.0, 56]","[209.0, 40]","[241.08, 13]","[331.45, 11]",225.54,120,31.08,0.6
07:45:41,"[210.0, 27]","[209.0, 25]","[278.0, 5]","[304.0, 10]",244.0,67,68.0,0.55
07:45:42,"[210.0, 12]","[209.0, 15]","[278.0, 3]","[304.0, 6]",244.0,36,68.0,0.5
07:45:43,"[210.0, 24]","[209.0, 60]","[272.31, 29]","[284.68, 34]",241.16,147,62.31,0.14
07:45:44,"[209.47, 38]","[208.84, 49]","[267.17, 30]","[273.25, 40]",238.32,157,57.69,0.11
07:45:45,"[209.93, 29]","[208.5, 56]","[269.18, 34]","[270.05, 42]",239.55,161,59.25,0.06
07:45:46,"[212.0, 9]","[209.0, 45]","[267.27, 33]","[268.25, 24]",239.64,111,55.27,-0.03
07:45:47,"[212.32, 31]","[208.86, 59]","[264.71, 48]","[265.81, 43]",238.52,181,52.39,-0.01
07:45:48,"[214.0, 30]","[208.64, 33]","[262.02, 40]","[263.16, 49]",238.01,152,48.02,-0.17
07:45:49,"[212.0, 40]","[209.24, 50]","[258.87, 45]","[261.0, 60]",235.43,195,46.87,-0.08
07:45:50,"[210.37, 43]","[209.58, 24]","[256.86, 14]","[258.0, 21]",233.61,102,46.49,0.31
07:45:51,"[211.87, 107]","[209.97, 72]","[255.87, 23]","[257.88, 32]",233.87,234,44.0,0.53
07:45:52,"[212.0, 170]","[210.0, 119]","[252.49, 57]","[253.38, 50]",232.25,396,40.49,0.46
07:45:53,"[212.0, 40]","[210.0, 42]","[249.76, 21]","[250.86, 21]",230.88,124,37.76,0.32
07:45:54,"[212.0, 45]","[210.0, 63]","[248.09, 33]","[249.13, 30]",230.05,171,36.09,0.26
07:45:55,"[212.0, 65]","[210.0, 91]","[244.8, 44]","[246.09, 47]",228.4,247,32.8,0.26
07:45:56,"[212.0, 40]","[210.0, 56]","[236.56, 27]","[240.11, 28]",224.28,151,24.56,0.27
07:45:57,"[212.0, 219]","[210.0, 105]","[224.14, 51]","[225.33, 51]",218.07,426,12.14,0.52
07:45:58,"[212.0, 248]","[210.0, 84]","[217.05, 40]","[218.68, 38]",214.53,410,5.05,0.62
07:45:59,"[212.0, 238]","[210.0, 98]","[213.65, 43]","[214.64, 55]",212.83,434,1.65,0.55
07:46:00,"[212.0, 136]","[210.0, 91]","[213.0, 39]","[214.0, 52]",212.5,318,1.0,0.43
07:46:01,"[212.0, 59]","[210.0, 84]","[213.27, 45]","[291.82, 44]",212.63,232,1.27,0.23
07:46:02,"[210.0, 63]","[209.0, 27]","[300.56, 32]","[385.94, 33]",255.28,155,90.56,0.16
07:46:03,"[210.0, 77]","[209.0, 33]","[214.18, 44]","[385.17, 36]",212.09,190,4.18,0.16
07:46:04,"[210.28, 29]","[209.86, 65]","[212.73, 44]","[447.23, 35]",211.5,173,2.45,0.09
07:46:05,"[210.01, 91]","[209.14, 49]","[403.7, 57]","[538.35, 55]",306.86,252,193.69,0.11
07:46:06,"[209.0, 13]","[207.0, 18]","[269.48, 27]","[430.35, 34]",239.24,92,60.48,-0.33
07:46:07,"[209.0, 21]","[206.82, 22]","[216.0, 11]","[294.18, 34]",212.5,88,7.0,-0.02
07:46:08,"[209.0, 132]","[206.0, 24]","[214.5, 28]","[263.4, 20]",211.75,204,5.5,0.53
07:46:09,"[209.0, 176]","[206.0, 40]","[213.15, 20]","[310.47, 47]",211.07,283,4.15,0.53
07:46:10,"[210.48, 85]","[208.81, 129]","[227.2, 15]","[301.15, 39]",218.84,268,16.72,0.6
07:46:11,"[209.0, 72]","[206.0, 16]","[288.0, 24]","[549.5, 24]",248.5,136,79.0,0.29
07:46:12,"[209.0, 90]","[206.0, 20]","[326.8, 30]","[638.9, 30]",267.9,170,117.8,0.29
07:46:13,"[209.0, 63]","[206.0, 14]","[619.57, 21]","[739.0, 21]",414.29,119,410.57,0.29
07:46:14,"[211.0, 82]","[209.0, 135]","[345.67, 45]","[552.6, 45]",278.33,307,134.67,0.41
07:46:15,"[210.28, 25]","[208.91, 65]","[569.0, 20]","[627.0, 21]",389.64,131,358.72,0.37
07:46:16,"[209.0, 93]","[206.0, 26]","[377.5, 44]","[572.07, 45]",293.25,208,168.5,0.14
07:46:17,"[209.0, 86]","[206.0, 20]","[502.37, 38]","[556.5, 24]",355.68,168,293.37,0.26
07:46:18,"[209.14, 56]","[207.8, 30]","[459.63, 27]","[465.22, 36]",334.39,149,250.49,0.15
07:46:19,"[209.04, 100]","[206.87, 31]","[304.5, 60]","[355.68, 57]",256.77,248,95.46,0.06
07:46:20,"[209.0, 117]","[206.0, 26]","[279.33, 49]","[290.94, 33]",244.16,225,70.33,0.27
07:46:21,"[209.0, 99]","[206.0, 22]","[263.5, 24]","[273.66, 47]",236.25,192,54.5,0.26
07:46:22,"[209.0, 101]","[206.67, 33]","[227.67, 49]","[228.46, 39]",218.34,222,18.67,0.21
07:46:23,"[209.0, 36]","[208.0, 154]","[226.21, 53]","[227.45, 69]",217.6,312,17.21,0.22
07:46:24,"[208.0, 110]","[206.0, 20]","[223.62, 26]","[224.91, 44]",215.81,200,15.62,0.3
07:46:25,"[208.0, 77]","[206.0, 14]","[222.59, 34]","[223.32, 19]",215.29,144,14.59,0.26
07:46:26,"[208.0, 124]","[206.0, 49]","[218.67, 48]","[221.0, 60]",213.33,281,10.67,0.23
07:46:27,"[208.0, 90]","[206.0, 35]","[216.0, 36]","[217.43, 46]",212.0,207,8.0,0.21
07:46:28,"[208.0, 95]","[206.0, 22]","[213.46, 52]","[214.91, 44]",210.73,213,5.46,0.1
07:46:29,"[208.0, 79]","[206.0, 26]","[211.15, 65]","[212.62, 65]",209.58,235,3.15,-0.11
07:46:30,"[208.0, 21]","[206.0, 18]","[209.22, 45]","[210.44, 45]",208.61,129,1.22,-0.4
07:46:31,"[206.0, 15]","[205.0, 15]","[207.88, 40]","[226.86, 37]",206.94,107,1.88,-0.44
07:46:32,"[204.65, 17]","[202.25, 28]","[206.56, 36]","[248.28, 36]",205.6,117,1.91,-0.23
07:46:33,"[203.87, 46]","[202.21, 38]","[205.04, 57]","[240.86, 14]",204.45,155,1.17,0.08
07:46:34,"[202.6, 20]","[200.56, 36]","[206.0, 10]","[368.14, 14]",204.3,80,3.4,0.4
07:46:35,"[201.18, 22]","[184.0, 48]","[205.29, 14]","[259.0, 42]",203.23,126,4.1,0.11
07:46:36,"[198.23, 47]","[155.0, 48]","[202.69, 13]","[229.68, 19]",200.46,127,4.46,0.5
07:46:37,"[200.4, 30]","[161.57, 89]","[250.71, 31]","[413.23, 13]",225.55,163,50.31,0.46
07:46:38,"[212.6, 10]","[208.63, 19]","[226.0, 27]","[342.33, 9]",219.3,65,13.4,-0.11
07:46:39,"[209.27, 26]","[195.61, 31]","[291.77, 13]","[483.23, 31]",250.52,101,82.5,0.13
07:46:40,"[201.78, 41]","[162.09, 23]","[314.58, 19]","[528.24, 25]",258.18,108,112.8,0.19
07:46:41,"[201.92, 39]","[153.72, 18]","[394.14, 28]","[574.7, 20]",298.03,105,192.22,0.09
07:46:42,"[211.0, 66]","[205.9, 42]","[403.94, 31]","[469.57, 37]",307.47,176,192.94,0.23
07:46:43,"[211.0, 48]","[206.0, 36]","[402.79, 33]","[463.36, 33]",306.89,150,191.79,0.12
07:46:44,"[206.0, 40]","[204.0, 20]","[418.6, 50]","[577.0, 30]",312.3,140,212.6,-0.14
07:46:45,"[206.0, 36]","[204.0, 18]","[416.89, 45]","[577.0, 27]",311.44,126,210.89,-0.14
07:46:46,"[206.3, 20]","[203.13, 78]","[375.15, 39]","[503.82, 33]",290.73,170,168.85,0.15
07:46:47,"[211.0, 21]","[204.0, 14]","[237.03, 33]","[277.48, 23]",224.02,91,26.03,-0.23
07:46:48,"[211.0, 21]","[204.58, 24]","[234.45, 31]","[237.8, 25]",222.73,101,23.45,-0.11
07:46:49,"[205.86, 63]","[204.54, 39]","[234.75, 60]","[341.94, 34]",220.3,196,28.89,0.04
07:46:50,"[206.0, 18]","[205.0, 54]","[233.0, 45]","[336.24, 21]",219.5,138,27.0,0.04
07:46:51,"[205.67, 15]","[204.94, 32]","[253.06, 18]","[422.83, 12]",229.36,77,47.39,0.22
07:46:52,"[205.0, 23]","[204.0, 14]","[630.32, 19]","[602.31, 13]",417.66,69,425.32,0.07
07:46:53,"[211.89, 108]","[204.78, 46]","[600.99, 71]","[625.94, 51]",406.44,276,389.1,0.12
07:46:54,"[213.0, 18]","[209.0, 36]","[500.0, 30]","[501.0, 6]",356.5,90,287.0,0.2
07:46:55,"[213.0, 27]","[209.0, 54]","[379.67, 42]","[392.53, 17]",296.33,140,166.67,0.16
07:46:56,"[213.0, 33]","[209.0, 66]","[269.1, 49]","[271.93, 28]",241.05,176,56.1,0.12
07:46:57,"[213.0, 27]","[209.0, 54]","[253.05, 42]","[257.81, 21]",233.02,144,40.05,0.12
07:46:58,"[213.0, 24]","[209.0, 48]","[251.5, 40]","[321.14, 14]",232.25,126,38.5,0.14
07:46:59,"[213.0, 24]","[209.0, 48]","[249.88, 40]","[597.0, 16]",231.44,128,36.88,0.12
07:47:00,"[212.2, 30]","[208.89, 54]","[249.0, 45]","[455.0, 18]",230.6,147,36.8,0.14
07:47:01,"[209.0, 54]","[208.0, 54]","[249.0, 45]","[576.67, 9]",229.0,162,40.0,0.33
07:47:02,"[208.83, 47]","[207.61, 62]","[219.03, 35]","[248.52, 52]",213.93,196,10.2,0.11
07:47:03,"[207.28, 36]","[205.06, 36]","[209.59, 54]","[211.44, 72]",208.44,198,2.31,-0.27
07:47:04,"[204.56, 18]","[203.07, 146]","[206.07, 45]","[206.89, 36]",205.31,245,1.51,0.34
07:47:05,"[203.01, 192]","[190.91, 70]","[204.81, 27]","[230.83, 58]",203.91,347,1.8,0.51
07:47:06,"[203.0, 115]","[187.0, 27]","[204.13, 30]","[252.3, 27]",203.57,199,1.13,0.43
07:47:07,"[203.0, 70]","[161.84, 31]","[204.0, 28]","[475.3, 10]",203.5,139,1.0,0.45
07:47:08,"[203.41, 49]","[165.02, 47]","[209.83, 24]","[276.83, 12]",206.62,132,6.43,0.45
07:47:09,"[194.7, 37]","[165.44, 36]","[332.93, 15]","[383.69, 16]",263.82,104,138.23,0.4
07:47:10,"[196.8, 30]","[191.23, 35]","[295.75, 24]","[468.0, 12]",246.28,101,98.95,0.29
07:47:11,"[204.66, 29]","[200.65, 17]","[279.0, 14]","[628.83, 12]",241.83,72,74.34,0.28
07:47:12,"[206.0, 18]","[202.44, 32]","[364.0, 20]","[451.77, 13]",285.0,83,158.0,0.2
07:47:13,"[189.75, 16]","[148.33, 42]","[375.22, 18]","[674.95, 21]",282.49,97,185.47,0.2
07:47:14,"[197.5, 16]","[137.33, 27]","[397.73, 11]","[522.71, 14]",297.61,68,200.23,0.26
07:47:15,"[211.0, 78]","[175.0, 24]","[293.26, 31]","[345.34, 32]",252.13,165,82.26,0.24
07:47:16,"[211.0, 50]","[189.6, 50]","[335.11, 27]","[458.96, 27]",273.06,154,124.11,0.3
07:47:17,"[211.0, 9]","[143.0, 35]","[584.86, 21]","[622.6, 10]",397.93,75,373.86,0.17
07:47:18,"[211.0, 6]","[146.85, 27]","[412.76, 17]","[586.08, 13]",311.88,63,201.76,0.05
07:47:19,"[210.71, 7]","[204.83, 24]","[278.71, 14]","[387.95, 19]",244.71,64,68.0,-0.03
07:47:20,"[209.0, 9]","[205.0, 36]","[277.22, 18]","[279.0, 18]",243.11,81,68.22,0.11
07:47:21,"[209.0, 7]","[205.0, 28]","[272.5, 16]","[302.11, 18]",240.75,69,63.5,0.01
07:47:22,"[209.0, 14]","[205.0, 24]","[270.0, 12]","[548.17, 18]",239.5,68,61.0,0.12
07:47:23,"[209.41, 44]","[206.4, 43]","[270.0, 20]","[477.87, 30]",239.7,137,60.59,0.27
07:47:24,"[211.0, 39]","[209.0, 55]","[269.08, 24]","[459.48, 42]",240.04,160,58.08,0.17
07:47:25,"[211.0, 109]","[209.0, 50]","[267.58, 24]","[435.38, 26]",239.29,209,56.58,0.52
07:47:26,"[211.0, 44]","[209.0, 30]","[267.0, 12]","[471.14, 14]",239.0,100,56.0,0.48
07:47:27,"[211.0, 16]","[209.0, 20]","[266.5, 8]","[562.0, 12]",238.75,56,55.5,0.29
07:47:28,"[211.0, 48]","[209.0, 60]","[225.36, 25]","[374.11, 35]",218.18,168,14.36,0.29
07:47:29,"[211.0, 28]","[209.0, 42]","[266.79, 19]","[558.12, 24]",238.89,113,55.79,0.24
07:47:30,"[211.0, 4]","[209.52, 23]","[418.69, 13]","[419.0, 3]",314.85,43,207.69,0.26
07:47:31,"[211.0, 5]","[210.0, 30]","[393.6, 20]","[523.9, 10]",302.3,65,182.6,0.08
07:47:32,"[211.0, 9]","[210.0, 54]","[287.33, 36]","[378.44, 36]",249.17,135,76.33,-0.07
07:47:33,"[211.0, 9]","[209.16, 38]","[257.54, 37]","[350.4, 40]",234.27,124,46.54,-0.24
07:47:34,"[209.33, 24]","[208.83, 24]","[223.62, 32]","[227.0, 32]",216.48,112,14.29,-0.14
07:47:35,"[209.0, 50]","[208.0, 10]","[221.55, 44]","[225.0, 40]",215.27,144,12.55,-0.17
07:47:36,"[209.0, 50]","[208.0, 10]","[220.33, 49]","[221.76, 41]",214.66,150,11.33,-0.2
07:47:37,"[210.18, 49]","[208.86, 29]","[217.19, 43]","[218.53, 38]",213.68,159,7.0,-0.02
07:47:38,"[211.0, 79]","[209.0, 80]","[216.9, 78]","[217.85, 66]",213.95,303,5.9,0.05
07:47:39,"[209.17, 23]","[208.42, 12]","[214.38, 32]","[217.0, 40]",211.77,107,5.2,-0.35
07:47:40,"[208.21, 14]","[206.09, 23]","[210.95, 44]","[213.48, 54]",209.58,135,2.74,-0.45
07:47:41,"[206.14, 21]","[204.46, 37]","[208.17, 36]","[209.49, 41]",207.15,135,2.02,-0.14
07:47:42,"[205.0, 16]","[204.0, 384]","[207.82, 51]","[208.93, 61]",206.41,512,2.82,0.56
07:47:43,"[204.09, 191]","[203.37, 35]","[226.86, 42]","[252.2, 30]",215.48,298,22.76,0.52
07:47:44,"[204.55, 99]","[203.74, 53]","[428.3, 37]","[493.91, 45]",316.42,234,223.75,0.3
07:47:45,"[207.5, 72]","[203.93, 123]","[352.69, 58]","[431.14, 29]",280.09,282,145.19,0.38
07:47:46,"[213.0, 8]","[204.0, 56]","[276.0, 14]","[366.5, 16]",244.5,94,63.0,0.36
07:47:47,"[206.45, 47]","[203.86, 114]","[226.56, 18]","[339.85, 39]",216.5,218,20.11,0.48
07:47:48,"[207.84, 19]","[205.35, 37]","[225.0, 6]","[404.0, 30]",216.42,92,17.16,0.22
07:47:49,"[208.55, 11]","[205.2, 45]","[225.0, 7]","[277.57, 35]",216.77,98,16.45,0.14
07:47:50,"[205.92, 60]","[204.31, 129]","[221.55, 31]","[226.27, 41]",213.73,261,15.63,0.45
07:47:51,"[207.53, 47]","[205.58, 71]","[220.45, 31]","[221.07, 28]",213.99,177,12.92,0.33
07:47:52,"[209.0, 20]","[206.0, 50]","[215.55, 22]","[216.35, 23]",212.27,115,6.55,0.22
07:47:53,"[209.0, 12]","[206.0, 30]","[211.0, 20]","[212.5, 16]",210.0,78,2.0,0.08
07:47:54,"[206.24, 49]","[204.36, 55]","[209.18, 22]","[211.45, 22]",207.71,148,2.94,0.41
07:47:55,"[206.18, 49]","[203.98, 97]","[209.33, 24]","[320.7, 20]",207.76,190,3.15,0.54
07:47:56,"[207.0, 13]","[203.0, 277]","[368.79, 24]","[621.87, 15]",287.9,329,161.79,0.76
07:47:57,"[210.73, 15]","[204.4, 20]","[388.88, 16]","[542.67, 12]",299.8,63,178.14,0.11
07:47:58,"[211.0, 16]","[207.75, 8]","[361.25, 16]","[388.5, 16]",286.12,56,150.25,-0.14
07:47:59,"[211.0, 18]","[209.0, 9]","[280.14, 21]","[389.73, 15]",245.57,63,69.14,-0.14
07:48:00,"[211.0, 43]","[209.0, 10]","[279.0, 24]","[357.47, 17]",245.0,94,68.0,0.13
07:48:01,"[211.0, 7]","[209.0, 7]","[278.0, 19]","[398.64, 11]",244.5,44,67.0,-0.36
07:48:02,"[211.0, 12]","[209.0, 12]","[263.48, 31]","[301.41, 22]",237.24,77,52.48,-0.38
07:48:03,"[206.62, 24]","[203.19, 94]","[276.5, 30]","[576.5, 16]",241.56,164,69.88,0.44
07:48:04,"[206.0, 27]","[203.0, 169]","[275.71, 42]","[445.61, 23]",240.86,261,69.71,0.5
07:48:05,"[203.36, 39]","[202.95, 173]","[272.96, 51]","[274.19, 54]",238.16,317,69.6,0.34
07:48:06,"[210.84, 19]","[204.29, 41]","[268.21, 47]","[270.82, 44]",239.53,151,57.37,-0.21
07:48:07,"[213.0, 26]","[209.0, 13]","[267.82, 40]","[299.11, 27]",240.41,106,54.82,-0.26
07:48:08,"[213.0, 16]","[209.0, 14]","[264.1, 41]","[265.45, 38]",238.55,109,51.1,-0.45
07:48:09,"[213.0, 14]","[209.0, 14]","[259.62, 40]","[260.86, 35]",236.31,103,46.62,-0.46
07:48:10,"[213.0, 17]","[209.24, 49]","[254.43, 49]","[256.16, 50]",233.71,165,41.43,-0.2
07:48:11,"[211.06, 31]","[209.07, 83]","[240.54, 26]","[246.96, 26]",225.8,166,29.47,0.37
07:48:12,"[209.61, 46]","[208.91, 44]","[213.14, 21]","[214.75, 16]",211.38,127,3.53,0.42
07:48:13,"[209.0, 33]","[208.0, 6]","[214.0, 18]","[227.0, 6]",211.5,63,5.0,0.24
07:48:14,"[209.0, 40]","[208.0, 8]","[213.83, 18]","[220.07, 14]",211.42,80,4.83,0.2
07:48:15,"[209.0, 35]","[208.0, 7]","[212.57, 7]","[214.0, 21]",210.79,70,3.57,0.2
07:48:16,"[209.0, 29]","[208.0, 10]","[210.33, 12]","[283.29, 14]",209.67,65,1.33,0.2
07:48:17,"[208.7, 10]","[204.05, 19]","[301.43, 7]","[492.91, 11]",255.06,47,92.73,0.23
07:48:18,"[208.0, 10]","[203.0, 50]","[369.37, 19]","[642.26, 31]",288.68,110,161.37,0.09
07:48:19,"[208.0, 7]","[203.0, 35]","[304.43, 28]","[360.15, 13]",256.21,83,96.43,0.01
07:48:20,"[207.8, 41]","[202.64, 45]","[367.38, 55]","[411.54, 50]",287.59,191,159.58,-0.1
07:48:21,"[211.0, 24]","[203.0, 32]","[365.42, 31]","[366.57, 35]",288.21,122,154.42,-0.08
07:48:22,"[206.33, 36]","[202.18, 34]","[336.24, 45]","[360.36, 45]",271.29,160,129.91,-0.12
07:48:23,"[204.05, 22]","[202.93, 40]","[206.0, 26]","[354.36, 56]",205.02,144,1.95,-0.14
07:48:24,"[207.0, 12]","[203.44, 16]","[268.0, 48]","[340.29, 42]",237.5,118,61.0,-0.53
07:48:25,"[200.46, 57]","[198.67, 24]","[243.98, 43]","[300.89, 53]",222.22,177,43.52,-0.08
07:48:26,"[201.38, 39]","[200.0, 65]","[250.47, 59]","[299.29, 35]",225.93,198,49.09,0.05
07:48:27,"[202.5, 42]","[200.31, 65]","[249.14, 28]","[252.65, 46]",225.82,181,46.64,0.18
07:48:28,"[203.36, 22]","[200.67, 43]","[251.9, 20]","[253.0, 50]",227.63,135,48.54,-0.04
07:48:29,"[202.45, 11]","[199.84, 49]","[249.25, 40]","[252.03, 37]",225.85,137,46.8,-0.12
07:48:30,"[145.31, 70]","[114.63, 71]","[249.44, 36]","[386.71, 49]",197.38,226,104.13,0.25
07:48:31,"[207.0, 57]","[149.14, 43]","[246.0, 23]","[247.27, 22]",226.5,145,39.0,0.38
07:48:32,"[183.93, 60]","[105.01, 83]","[243.38, 48]","[245.27, 37]",213.65,228,59.44,0.25
07:48:33,"[198.0, 20]","[108.0, 54]","[236.93, 28]","[241.93, 30]",217.46,132,38.93,0.12
07:48:34,"[198.64, 28]","[166.9, 58]","[225.38, 32]","[229.0, 36]",212.01,154,26.73,0.12
07:48:35,"[204.0, 20]","[199.0, 60]","[222.25, 32]","[223.31, 32]",213.12,144,18.25,0.11
07:48:36,"[205.73, 90]","[204.0, 30]","[218.71, 35]","[219.73, 44]",212.22,199,12.98,0.21
07:48:37,"[207.51, 39]","[204.0, 28]","[214.6, 30]","[215.85, 26]",211.06,123,7.09,0.09
07:48:38,"[210.7, 20]","[206.69, 13]","[213.08, 37]","[213.93, 27]",211.89,97,2.38,-0.32
07:48:39,"[204.46, 26]","[156.54, 61]","[210.54, 41]","[211.98, 42]",207.5,170,6.08,0.02
07:48:40,"[205.62, 16]","[196.33, 33]","[210.51, 43]","[288.68, 50]",208.07,142,4.89,-0.31
07:48:41,"[203.87, 15]","[186.26, 34]","[207.25, 32]","[356.94, 35]",205.56,116,3.38,-0.16
07:48:42,"[202.25, 16]","[134.1, 42]","[213.67, 15]","[220.84, 31]",207.96,104,11.42,0.12
07:48:43,"[203.65, 34]","[170.83, 35]","[236.36, 44]","[394.86, 37]",220.01,150,32.72,-0.08
07:48:44,"[205.65, 137]","[204.0, 24]","[318.47, 30]","[426.86, 42]",262.06,233,112.82,0.38
07:48:45,"[206.0, 110]","[180.23, 30]","[392.33, 27]","[522.79, 29]",299.17,196,186.33,0.43
07:48:46,"[206.45, 111]","[204.95, 63]","[412.41, 46]","[573.73, 45]",309.43,265,205.96,0.31
07:48:47,"[205.61, 46]","[201.64, 39]","[332.0, 13]","[396.08, 39]",268.8,137,126.39,0.24
07:48:48,"[201.0, 16]","[188.0, 40]","[347.4, 10]","[431.0, 21]",274.2,87,146.4,0.29
07:48:49,"[201.0, 24]","[188.0, 60]","[261.59, 17]","[333.69, 16]",231.29,117,60.59,0.44
07:48:50,"[201.0, 16]","[188.0, 40]","[349.07, 15]","[458.75, 8]",275.03,79,148.07,0.42
07:48:51,"[204.78, 23]","[199.08, 26]","[331.14, 14]","[416.67, 9]",267.96,72,126.36,0.36
07:48:52,"[213.0, 10]","[203.14, 21]","[273.2, 10]","[286.6, 10]",243.1,51,60.2,0.22
