Time,Bid1,Bid2,Ask1,Ask2,Mid-Price,Total_volume,Bid_ask_spread,Order_imbalance
07:30:00,"[0, 0]","[0, 0]","[448.0, 4]","[0, 0]",224.0,4,448.0,-1.0
07:30:01,"[286.0, 2]","[0, 0]","[448.0, 4]","[0, 0]",367.0,6,162.0,-0.33
07:30:02,"[286.0, 4]","[260.0, 4]","[448.0, 8]","[0, 0]",367.0,16,162.0,0.0
07:30:04,"[286.0, 7]","[285.0, 8]","[321.68, 19]","[366.57, 14]",303.84,48,35.68,-0.38
07:30:05,"[286.0, 1]","[285.0, 2]","[288.0, 5]","[314.0, 4]",287.0,12,2.0,-0.5
07:30:06,"[286.0, 3]","[285.0, 24]","[288.0, 15]","[326.58, 12]",287.0,54,2.0,0.0
07:30:08,"[286.73, 11]","[285.08, 26]","[288.0, 21]","[331.0, 15]",287.36,73,1.27,0.01
07:30:09,"[286.0, 7]","[285.0, 56]","[287.0, 28]","[288.14, 7]",286.5,98,1.0,0.29
07:30:10,"[285.0, 19]","[240.0, 6]","[289.0, 3]","[328.0, 9]",287.0,37,4.0,0.35
07:30:11,"[285.08, 38]","[263.28, 29]","[287.3, 30]","[288.75, 12]",286.19,109,2.22,0.23
07:30:12,"[285.0, 30]","[245.8, 20]","[288.48, 23]","[295.95, 21]",286.74,94,3.48,0.06
07:30:13,"[285.0, 9]","[269.0, 7]","[286.08, 13]","[289.75, 8]",285.54,37,1.08,-0.14
07:30:14,"[273.29, 14]","[256.68, 19]","[294.64, 11]","[301.18, 55]",283.96,99,21.35,-0.33
07:30:15,"[287.77, 13]","[272.41, 17]","[295.77, 13]","[300.72, 53]",291.77,96,8.0,-0.38
07:30:16,"[290.0, 25]","[285.4, 20]","[293.57, 40]","[294.37, 52]",291.79,137,3.57,-0.34
07:30:17,"[279.0, 18]","[267.83, 24]","[292.0, 14]","[296.57, 14]",285.5,70,13.0,0.2
07:30:18,"[273.74, 23]","[263.05, 21]","[288.46, 28]","[291.48, 25]",281.1,97,14.73,-0.09
07:30:19,"[274.0, 21]","[260.86, 7]","[278.0, 7]","[284.0, 28]",276.0,63,4.0,-0.11
07:30:20,"[274.0, 30]","[263.0, 10]","[278.0, 10]","[281.0, 10]",276.0,60,4.0,0.33
07:30:21,"[274.0, 70]","[263.0, 10]","[278.0, 10]","[281.0, 45]",276.0,135,4.0,0.19
07:30:22,"[274.0, 63]","[265.22, 23]","[278.0, 9]","[281.0, 54]",276.0,149,4.0,0.15
07:30:23,"[281.48, 21]","[273.74, 58]","[292.0, 66]","[302.0, 33]",286.74,178,10.52,-0.11
07:30:24,"[286.0, 13]","[285.0, 13]","[292.0, 63]","[303.29, 17]",289.0,106,6.0,-0.51
07:30:25,"[286.0, 49]","[285.0, 9]","[292.0, 37]","[304.0, 9]",289.0,104,6.0,0.12
07:30:26,"[286.0, 34]","[285.0, 14]","[292.0, 70]","[304.0, 14]",289.0,132,6.0,-0.27
07:30:27,"[287.3, 33]","[283.17, 23]","[292.0, 45]","[302.4, 25]",289.65,126,4.7,-0.11
07:30:28,"[286.26, 73]","[285.0, 77]","[292.0, 60]","[302.0, 65]",289.13,275,5.74,0.09
07:30:29,"[285.0, 77]","[277.0, 7]","[292.0, 35]","[302.0, 35]",288.5,154,7.0,0.09
07:30:30,"[285.59, 61]","[283.95, 38]","[292.0, 40]","[302.0, 40]",288.8,179,6.41,0.11
07:30:31,"[291.0, 16]","[285.0, 88]","[292.0, 40]","[302.0, 40]",291.5,184,1.0,0.13
07:30:32,"[285.09, 128]","[281.96, 25]","[291.88, 51]","[298.0, 70]",288.49,274,6.79,0.12
07:30:33,"[285.0, 63]","[279.0, 7]","[292.0, 7]","[293.0, 28]",288.5,105,7.0,0.33
07:30:34,"[285.0, 117]","[279.0, 13]","[289.2, 51]","[291.0, 28]",287.1,209,4.2,0.24
07:30:35,"[285.0, 72]","[279.0, 8]","[288.75, 40]","[290.0, 16]",286.88,136,3.75,0.18
07:30:36,"[285.0, 135]","[278.18, 49]","[287.0, 75]","[287.94, 63]",286.0,322,2.0,0.14
07:30:37,"[283.65, 52]","[277.27, 88]","[286.19, 42]","[288.87, 23]",284.92,205,2.54,0.37
07:30:38,"[278.0, 100]","[270.0, 80]","[289.5, 14]","[291.0, 15]",283.75,209,11.5,0.72
07:30:39,"[278.0, 120]","[270.0, 96]","[286.92, 12]","[289.0, 20]",282.46,248,8.92,0.74
07:30:40,"[278.02, 173]","[270.55, 146]","[284.22, 18]","[288.2, 50]",281.12,387,6.2,0.65
07:30:41,"[279.61, 23]","[278.58, 72]","[282.71, 17]","[284.41, 17]",281.16,129,3.1,0.47
07:30:42,"[279.84, 19]","[278.3, 57]","[281.53, 15]","[283.8, 15]",280.69,106,1.69,0.43
07:30:43,"[280.17, 36]","[268.0, 80]","[286.0, 12]","[290.6, 30]",283.08,158,5.83,0.47
07:30:44,"[281.4, 35]","[269.0, 52]","[290.89, 53]","[291.81, 62]",286.14,202,9.49,-0.14
07:30:45,"[284.41, 29]","[283.03, 31]","[291.0, 45]","[292.0, 45]",287.71,150,6.59,-0.2
07:30:46,"[285.5, 48]","[284.0, 64]","[291.0, 70]","[292.0, 80]",288.25,262,5.5,-0.15
07:30:47,"[286.23, 65]","[285.11, 90]","[290.94, 54]","[291.89, 73]",288.59,282,4.71,0.1
07:30:48,"[286.34, 95]","[285.59, 138]","[292.01, 67]","[293.0, 75]",289.18,375,5.68,0.24
07:30:49,"[286.0, 90]","[284.0, 40]","[293.0, 50]","[294.75, 48]",289.5,228,7.0,0.14
07:30:50,"[286.0, 207]","[284.0, 48]","[291.72, 39]","[293.66, 71]",288.86,365,5.72,0.4
07:30:51,"[286.0, 288]","[284.0, 60]","[287.79, 38]","[289.61, 41]",286.89,427,1.79,0.63
07:30:52,"[286.0, 248]","[284.0, 68]","[288.57, 44]","[292.88, 75]",287.28,435,2.57,0.45
07:30:53,"[286.0, 204]","[284.0, 68]","[287.93, 29]","[290.7, 50]",286.97,351,1.93,0.55
07:30:54,"[286.0, 171]","[284.0, 60]","[287.0, 30]","[295.46, 57]",286.5,318,1.0,0.45
07:30:55,"[286.0, 83]","[284.0, 36]","[295.27, 30]","[323.95, 39]",290.63,188,9.27,0.27
07:30:56,"[286.0, 90]","[284.0, 40]","[298.0, 40]","[299.0, 10]",292.0,180,12.0,0.44
07:30:57,"[286.83, 159]","[285.78, 111]","[298.0, 56]","[299.0, 14]",292.42,340,11.17,0.59
07:30:58,"[287.73, 132]","[286.0, 99]","[298.0, 44]","[299.0, 11]",292.86,286,10.27,0.62
07:30:59,"[288.07, 103]","[287.08, 156]","[298.0, 60]","[299.0, 15]",293.03,334,9.93,0.55
07:31:00,"[289.82, 17]","[288.0, 204]","[298.68, 38]","[300.93, 91]",294.25,350,8.86,0.26
07:31:01,"[288.7, 54]","[287.14, 147]","[299.0, 56]","[301.0, 118]",293.85,375,10.3,0.07
07:31:02,"[289.18, 55]","[286.0, 98]","[299.0, 44]","[301.0, 99]",294.09,296,9.82,0.03
07:31:03,"[290.0, 60]","[286.92, 52]","[299.0, 40]","[301.0, 108]",294.5,260,9.0,-0.14
07:31:04,"[290.0, 70]","[286.31, 78]","[299.0, 68]","[301.0, 126]",294.5,342,9.0,-0.13
07:31:05,"[290.0, 54]","[287.0, 36]","[298.24, 46]","[300.57, 88]",294.12,224,8.24,-0.2
07:31:06,"[290.0, 18]","[287.0, 18]","[297.12, 24]","[299.57, 21]",293.56,81,7.12,-0.11
07:31:07,"[290.0, 33]","[287.0, 33]","[296.26, 50]","[298.89, 35]",293.13,151,6.26,-0.13
07:31:08,"[288.15, 39]","[286.17, 87]","[296.0, 39]","[298.8, 40]",292.08,205,7.85,0.23
07:31:09,"[288.0, 45]","[287.0, 45]","[295.93, 45]","[299.91, 105]",291.97,240,7.93,-0.25
07:31:10,"[288.64, 33]","[287.0, 33]","[295.0, 33]","[300.0, 88]",291.82,187,6.36,-0.29
07:31:11,"[289.69, 67]","[287.94, 51]","[293.41, 59]","[299.1, 80]",291.55,257,3.72,-0.08
07:31:12,"[290.28, 87]","[288.2, 45]","[292.0, 75]","[294.0, 45]",291.14,252,1.72,0.05
07:31:13,"[290.0, 27]","[287.0, 45]","[291.4, 25]","[293.71, 35]",290.7,132,1.4,0.09
07:31:14,"[287.15, 41]","[286.19, 32]","[290.27, 45]","[298.71, 56]",288.71,174,3.12,-0.16
07:31:15,"[286.84, 37]","[285.63, 41]","[290.59, 51]","[298.11, 55]",288.71,184,3.75,-0.15
07:31:16,"[286.0, 38]","[285.0, 95]","[297.24, 25]","[298.44, 72]",291.62,230,11.24,0.16
07:31:17,"[286.0, 26]","[285.0, 65]","[295.0, 13]","[299.64, 25]",290.5,129,9.0,0.41
07:31:18,"[290.6, 47]","[285.18, 49]","[294.12, 17]","[298.65, 23]",292.36,136,3.52,0.41
07:31:19,"[292.0, 60]","[286.0, 15]","[294.94, 17]","[298.53, 51]",293.47,143,2.94,0.05
07:31:20,"[292.0, 40]","[286.0, 17]","[297.0, 17]","[298.0, 51]",294.5,125,5.0,-0.09
07:31:21,"[292.0, 20]","[286.0, 40]","[296.14, 28]","[297.67, 18]",294.07,106,4.14,0.13
07:31:22,"[288.18, 33]","[285.41, 59]","[293.54, 52]","[294.66, 47]",290.86,191,5.36,-0.04
07:31:23,"[286.0, 38]","[285.0, 95]","[290.12, 73]","[292.73, 37]",288.06,243,4.12,0.09
07:31:24,"[285.4, 35]","[280.33, 84]","[287.26, 47]","[288.44, 50]",286.33,216,1.86,0.1
07:31:25,"[285.0, 30]","[277.0, 70]","[286.4, 40]","[288.0, 40]",285.7,180,1.4,0.11
07:31:26,"[278.49, 67]","[276.95, 110]","[287.35, 62]","[288.94, 49]",282.92,288,8.86,0.23
07:31:27,"[281.5, 16]","[279.06, 33]","[284.48, 29]","[286.07, 27]",282.99,105,2.98,-0.07
07:31:28,"[280.65, 23]","[276.14, 28]","[284.64, 14]","[290.4, 50]",282.65,115,3.99,-0.11
07:31:29,"[280.73, 33]","[271.1, 49]","[289.09, 22]","[291.26, 47]",284.91,151,8.36,0.09
07:31:30,"[284.0, 65]","[273.08, 26]","[291.0, 56]","[292.0, 52]",287.5,199,7.0,-0.09
07:31:31,"[284.47, 19]","[283.1, 49]","[291.0, 44]","[292.0, 44]",287.74,156,6.53,-0.13
07:31:32,"[285.0, 9]","[284.0, 45]","[291.0, 36]","[292.0, 36]",288.0,126,6.0,-0.14
07:31:33,"[285.0, 8]","[284.0, 40]","[291.0, 32]","[292.0, 32]",288.0,112,6.0,-0.14
07:31:34,"[285.0, 6]","[284.0, 30]","[291.0, 24]","[292.0, 24]",288.0,84,6.0,-0.14
07:31:35,"[285.0, 8]","[284.0, 40]","[291.0, 32]","[292.0, 32]",288.0,112,6.0,-0.14
07:31:36,"[285.0, 6]","[284.0, 30]","[291.17, 24]","[292.13, 23]",288.08,83,6.17,-0.13
07:31:37,"[285.11, 35]","[282.2, 60]","[291.04, 23]","[292.17, 53]",288.08,171,5.93,0.11
07:31:38,"[286.0, 36]","[284.0, 36]","[289.38, 13]","[291.67, 24]",287.69,109,3.38,0.32
07:31:39,"[286.0, 60]","[284.0, 60]","[288.13, 30]","[290.4, 15]",287.07,165,2.13,0.45
07:31:40,"[286.0, 44]","[284.0, 44]","[287.0, 22]","[293.88, 32]",286.5,142,1.0,0.24
07:31:41,"[286.51, 47]","[284.77, 52]","[292.37, 38]","[295.38, 52]",289.44,189,5.86,0.05
07:31:42,"[286.56, 45]","[285.23, 52]","[293.0, 26]","[294.0, 43]",289.78,166,6.44,0.17
07:31:43,"[290.35, 51]","[287.08, 24]","[293.0, 22]","[294.0, 33]",291.68,130,2.65,0.15
07:31:44,"[291.0, 45]","[290.0, 7]","[293.0, 14]","[294.0, 21]",292.0,87,2.0,0.2
07:31:45,"[291.0, 80]","[290.0, 16]","[293.0, 32]","[294.05, 44]",292.0,172,2.0,0.12
07:31:46,"[291.04, 52]","[290.33, 15]","[293.0, 22]","[295.0, 11]",292.02,100,1.96,0.34
07:31:47,"[290.56, 27]","[285.24, 63]","[294.23, 31]","[295.78, 36]",292.39,157,3.67,0.15
07:31:48,"[290.0, 11]","[285.0, 55]","[292.64, 33]","[295.0, 11]",291.32,110,2.64,0.2
07:31:49,"[289.57, 14]","[287.61, 38]","[291.21, 34]","[295.8, 15]",290.39,101,1.63,0.03
07:31:50,"[286.12, 32]","[284.25, 80]","[297.61, 23]","[298.59, 17]",291.87,152,11.48,0.47
07:31:51,"[285.0, 60]","[284.0, 176]","[297.41, 34]","[298.3, 33]",291.21,303,12.41,0.56
07:31:52,"[285.0, 60]","[284.0, 204]","[295.23, 44]","[297.83, 48]",290.11,356,10.23,0.48
07:31:53,"[285.0, 55]","[284.0, 121]","[293.67, 48]","[297.52, 50]",289.33,274,8.67,0.28
07:31:54,"[285.0, 90]","[284.0, 198]","[290.65, 40]","[292.32, 76]",287.82,404,5.65,0.43
07:31:55,"[285.27, 41]","[284.41, 111]","[290.83, 46]","[292.93, 60]",288.05,258,5.56,0.18
07:31:56,"[286.0, 16]","[285.0, 80]","[291.08, 52]","[292.81, 64]",288.54,212,5.08,-0.09
07:31:57,"[286.0, 10]","[285.0, 50]","[289.5, 10]","[291.0, 40]",287.75,110,3.5,0.09
07:31:58,"[284.95, 59]","[284.25, 134]","[287.44, 36]","[291.3, 47]",286.2,276,2.5,0.4
07:31:59,"[284.0, 60]","[283.0, 36]","[287.0, 6]","[292.76, 21]",285.5,123,3.0,0.56
07:32:00,"[284.0, 126]","[283.0, 84]","[286.07, 14]","[290.61, 23]",285.04,247,2.07,0.7
07:32:01,"[283.89, 91]","[282.85, 53]","[289.24, 17]","[293.36, 44]",286.56,205,5.35,0.4
07:32:02,"[283.18, 89]","[282.06, 69]","[293.71, 42]","[295.24, 63]",288.45,263,10.53,0.2
07:32:03,"[284.0, 32]","[283.0, 56]","[293.38, 8]","[294.8, 20]",288.69,116,9.38,0.52
07:32:04,"[284.0, 46]","[283.0, 91]","[292.0, 13]","[294.36, 56]",288.0,206,8.0,0.33
07:32:05,"[284.0, 30]","[283.0, 105]","[291.47, 15]","[294.0, 60]",287.73,210,7.47,0.29
07:32:06,"[283.05, 88]","[280.69, 26]","[292.56, 43]","[295.29, 58]",287.8,215,9.51,0.06
07:32:07,"[283.84, 86]","[282.85, 65]","[287.58, 38]","[291.71, 35]",285.71,224,3.74,0.35
07:32:08,"[285.3, 92]","[283.2, 79]","[289.6, 20]","[292.17, 35]",287.45,226,4.3,0.51
07:32:09,"[290.0, 60]","[285.33, 48]","[292.0, 24]","[293.33, 6]",291.0,138,2.0,0.57
07:32:10,"[290.0, 85]","[288.0, 72]","[292.0, 36]","[293.0, 9]",291.0,202,2.0,0.55
07:32:11,"[290.58, 60]","[288.93, 75]","[292.08, 39]","[294.71, 21]",291.33,195,1.49,0.38
07:32:12,"[290.69, 16]","[289.75, 63]","[293.0, 12]","[296.0, 48]",291.84,139,2.31,0.14
07:32:13,"[291.29, 7]","[290.0, 35]","[293.0, 7]","[296.0, 28]",292.14,77,1.71,0.09
07:32:14,"[290.45, 42]","[288.77, 65]","[295.15, 26]","[296.43, 28]",292.8,161,4.7,0.33
07:32:15,"[291.0, 37]","[290.0, 65]","[294.0, 26]","[296.27, 37]",292.5,165,3.0,0.24
07:32:16,"[291.0, 13]","[290.0, 65]","[294.0, 26]","[298.0, 13]",292.5,117,3.0,0.33
07:32:17,"[291.0, 12]","[290.0, 60]","[292.55, 40]","[293.61, 28]",291.77,140,1.55,0.03
07:32:18,"[290.07, 41]","[288.32, 95]","[291.8, 50]","[294.86, 22]",290.94,208,1.73,0.31
07:32:19,"[288.06, 107]","[285.33, 73]","[298.65, 17]","[302.65, 20]",293.35,217,10.59,0.66
07:32:20,"[288.0, 128]","[285.0, 80]","[295.43, 40]","[299.1, 40]",291.71,288,7.43,0.44
07:32:21,"[288.0, 120]","[285.0, 75]","[292.59, 34]","[296.51, 41]",290.29,270,4.59,0.44
07:32:22,"[288.0, 80]","[285.0, 50]","[293.0, 20]","[297.0, 44]",290.5,194,5.0,0.34
07:32:23,"[288.0, 81]","[285.0, 75]","[291.6, 15]","[293.0, 15]",289.8,186,3.6,0.68
07:32:24,"[288.0, 75]","[285.0, 75]","[290.0, 15]","[293.0, 15]",289.0,180,2.0,0.67
07:32:25,"[288.0, 66]","[285.0, 80]","[292.5, 16]","[296.82, 44]",290.25,206,4.5,0.42
07:32:26,"[288.0, 44]","[285.0, 55]","[291.05, 22]","[292.52, 31]",289.52,152,3.05,0.3
07:32:27,"[288.0, 46]","[285.0, 65]","[289.52, 31]","[291.41, 34]",288.76,176,1.52,0.26
07:32:28,"[285.14, 63]","[284.12, 41]","[288.82, 33]","[293.0, 17]",286.98,154,3.68,0.35
07:32:29,"[286.2, 35]","[285.07, 41]","[290.0, 26]","[298.0, 13]",288.1,115,3.8,0.32
07:32:30,"[288.0, 30]","[286.0, 30]","[289.13, 30]","[297.67, 15]",288.57,105,1.13,0.14
07:32:31,"[288.0, 20]","[285.04, 47]","[295.55, 11]","[298.8, 10]",291.77,88,7.55,0.52
07:32:32,"[288.0, 16]","[285.0, 40]","[297.0, 8]","[299.0, 8]",292.5,72,9.0,0.56
07:32:33,"[288.0, 18]","[285.0, 45]","[297.0, 9]","[299.0, 9]",292.5,81,9.0,0.56
07:32:34,"[286.0, 30]","[284.68, 37]","[297.0, 9]","[299.0, 9]",291.5,85,11.0,0.58
07:32:35,"[284.71, 42]","[283.29, 62]","[296.32, 22]","[298.4, 10]",290.52,136,11.6,0.53
07:32:36,"[285.0, 39]","[284.0, 39]","[295.15, 65]","[297.92, 13]",290.08,156,10.15,0.0
07:32:37,"[289.45, 110]","[284.64, 33]","[292.45, 55]","[298.0, 11]",290.95,209,3.0,0.37
07:32:38,"[290.0, 119]","[285.0, 48]","[293.7, 40]","[297.5, 16]",291.85,223,3.7,0.5
07:32:39,"[290.0, 72]","[285.0, 36]","[295.58, 36]","[297.33, 12]",292.79,156,5.58,0.38
07:32:40,"[290.0, 68]","[285.0, 42]","[294.86, 42]","[299.0, 14]",292.43,166,4.86,0.33
07:32:41,"[287.86, 35]","[284.67, 45]","[292.24, 33]","[294.91, 44]",290.05,157,4.39,0.02
07:32:42,"[285.0, 30]","[284.0, 30]","[289.8, 10]","[298.62, 13]",287.4,83,4.8,0.45
07:32:43,"[285.0, 27]","[284.0, 27]","[288.0, 9]","[298.0, 9]",286.5,72,3.0,0.5
07:32:44,"[284.13, 45]","[283.05, 121]","[286.06, 17]","[288.94, 17]",285.1,200,1.93,0.66
07:32:45,"[284.0, 42]","[283.0, 45]","[285.0, 9]","[290.0, 9]",284.5,105,1.0,0.66
07:32:46,"[284.13, 45]","[283.12, 74]","[297.29, 55]","[299.24, 21]",290.71,195,13.16,0.22
07:32:47,"[286.0, 17]","[284.0, 51]","[296.17, 36]","[298.05, 39]",291.08,143,10.17,-0.05
07:32:48,"[290.62, 91]","[284.5, 28]","[293.71, 28]","[298.32, 19]",292.16,166,3.1,0.43
07:32:49,"[291.0, 168]","[286.0, 14]","[292.55, 33]","[297.43, 28]",291.77,243,1.55,0.5
07:32:50,"[291.0, 85]","[286.0, 14]","[292.75, 36]","[301.15, 27]",291.88,162,1.75,0.22
07:32:51,"[291.0, 10]","[286.0, 10]","[301.0, 10]","[302.0, 10]",296.0,40,10.0,0.0
07:32:52,"[290.21, 14]","[286.1, 20]","[301.0, 14]","[302.0, 14]",295.61,62,10.79,0.1
07:32:53,"[286.0, 11]","[284.0, 33]","[297.09, 11]","[301.73, 11]",291.55,66,11.09,0.33
07:32:54,"[286.0, 14]","[284.0, 34]","[299.12, 41]","[300.84, 19]",292.56,108,13.12,-0.11
07:32:55,"[287.66, 29]","[284.09, 85]","[297.67, 84]","[298.63, 46]",292.66,244,10.01,-0.07
07:32:56,"[286.75, 16]","[284.03, 66]","[290.0, 44]","[293.76, 42]",288.38,168,3.25,-0.02
07:32:57,"[284.29, 42]","[283.25, 120]","[288.33, 60]","[290.43, 37]",286.31,259,4.05,0.25
07:32:58,"[284.0, 28]","[283.0, 70]","[287.0, 28]","[294.43, 7]",285.5,133,3.0,0.47
07:32:59,"[285.0, 13]","[284.0, 52]","[286.54, 52]","[295.0, 25]",285.77,142,1.54,-0.08
07:33:00,"[284.33, 36]","[283.44, 108]","[286.0, 65]","[295.0, 72]",285.17,281,1.67,0.02
07:33:01,"[284.0, 36]","[283.0, 150]","[287.86, 29]","[295.24, 33]",285.93,248,3.86,0.5
07:33:02,"[283.33, 24]","[282.35, 92]","[292.0, 10]","[295.95, 37]",287.67,163,8.67,0.42
07:33:03,"[283.0, 66]","[278.0, 60]","[291.67, 12]","[293.6, 10]",287.33,148,8.67,0.7
07:33:04,"[283.33, 120]","[280.59, 34]","[289.86, 28]","[291.55, 31]",286.6,213,6.52,0.45
07:33:05,"[284.0, 120]","[283.0, 24]","[288.69, 26]","[289.94, 31]",286.35,201,4.69,0.43
07:33:06,"[284.0, 150]","[283.0, 34]","[290.0, 17]","[294.0, 21]",287.0,222,6.0,0.66
07:33:07,"[284.0, 42]","[283.0, 14]","[289.43, 7]","[293.71, 7]",286.71,70,5.43,0.6
07:33:08,"[284.17, 36]","[283.79, 47]","[291.64, 11]","[295.29, 17]",287.9,111,7.47,0.5
07:33:09,"[285.0, 9]","[284.0, 63]","[289.38, 16]","[294.67, 15]",287.19,103,4.38,0.4
07:33:10,"[285.0, 13]","[284.0, 91]","[289.0, 26]","[294.0, 13]",287.0,143,4.0,0.45
07:33:11,"[286.06, 16]","[284.0, 112]","[289.0, 32]","[294.12, 16]",287.53,176,2.94,0.45
07:33:12,"[287.0, 15]","[284.35, 51]","[289.0, 30]","[295.67, 18]",288.0,114,2.0,0.16
07:33:13,"[289.56, 45]","[287.76, 21]","[294.02, 82]","[295.03, 33]",291.79,181,4.47,-0.27
07:33:14,"[290.69, 39]","[289.0, 13]","[294.0, 65]","[295.0, 13]",292.35,130,3.31,-0.2
07:33:15,"[291.0, 62]","[289.0, 15]","[292.8, 75]","[296.36, 42]",291.9,194,1.8,-0.21
07:33:16,"[289.0, 9]","[286.0, 9]","[297.93, 45]","[298.92, 39]",293.47,102,8.93,-0.65
07:33:17,"[289.0, 10]","[286.0, 10]","[295.5, 24]","[297.75, 28]",292.25,72,6.5,-0.44
07:33:18,"[289.0, 11]","[286.0, 11]","[294.97, 31]","[296.54, 13]",291.98,66,5.97,-0.33
07:33:19,"[289.0, 11]","[286.0, 11]","[292.47, 15]","[293.87, 23]",290.73,60,3.47,-0.27
07:33:20,"[286.63, 19]","[284.26, 47]","[289.47, 17]","[290.96, 27]",288.05,110,2.84,0.2
07:33:21,"[283.73, 26]","[282.73, 33]","[287.5, 14]","[289.0, 42]",285.62,115,3.77,0.03
07:33:22,"[283.0, 20]","[281.0, 20]","[286.1, 10]","[289.0, 30]",284.55,80,3.1,0.0
07:33:23,"[283.0, 16]","[281.0, 16]","[286.0, 8]","[289.0, 24]",284.5,64,3.0,0.0
07:33:24,"[283.11, 36]","[281.12, 34]","[285.11, 19]","[290.69, 49]",284.11,138,1.99,0.01
07:33:25,"[284.0, 23]","[283.0, 14]","[294.71, 17]","[299.39, 31]",289.35,85,10.71,-0.13
07:33:26,"[284.0, 36]","[283.0, 24]","[295.46, 46]","[298.8, 50]",289.73,156,11.46,-0.23
07:33:27,"[284.07, 42]","[283.1, 29]","[294.15, 66]","[295.13, 46]",289.11,183,10.08,-0.22
07:33:28,"[284.67, 36]","[283.67, 36]","[292.88, 64]","[293.78, 46]",288.77,182,8.21,-0.21
07:33:29,"[284.0, 30]","[283.0, 30]","[289.64, 66]","[293.58, 50]",286.82,176,5.64,-0.32
07:33:30,"[284.0, 32]","[283.0, 32]","[288.56, 80]","[293.0, 48]",286.28,192,4.56,-0.33
07:33:31,"[284.0, 26]","[283.0, 26]","[287.38, 65]","[295.91, 99]",285.69,216,3.38,-0.52
07:33:32,"[284.0, 18]","[283.0, 18]","[286.33, 45]","[296.0, 72]",285.17,153,2.33,-0.53
07:33:33,"[284.96, 54]","[280.97, 194]","[291.61, 103]","[296.0, 84]",288.29,435,6.65,0.14
07:33:34,"[286.88, 128]","[285.09, 92]","[292.73, 44]","[293.78, 77]",289.8,341,5.85,0.29
07:33:35,"[287.93, 217]","[286.0, 28]","[289.19, 16]","[290.45, 44]",288.56,305,1.26,0.61
07:33:36,"[286.37, 139]","[280.99, 124]","[296.0, 40]","[299.05, 61]",291.19,364,9.63,0.45
07:33:37,"[285.0, 121]","[284.0, 33]","[297.18, 44]","[299.06, 72]",291.09,270,12.18,0.14
07:33:38,"[287.0, 99]","[284.0, 27]","[297.0, 36]","[299.0, 72]",292.0,234,10.0,0.08
07:33:39,"[289.0, 143]","[284.15, 52]","[297.0, 52]","[299.0, 104]",293.0,351,8.0,0.11
07:33:40,"[290.06, 47]","[288.62, 63]","[296.57, 28]","[298.45, 44]",293.32,182,6.51,0.21
07:33:41,"[291.0, 50]","[288.59, 117]","[295.93, 60]","[297.67, 60]",293.47,287,4.93,0.16
07:33:42,"[291.0, 14]","[289.0, 7]","[294.57, 28]","[298.71, 28]",292.79,77,3.57,-0.45
07:33:43,"[291.0, 23]","[289.0, 6]","[294.0, 24]","[299.0, 24]",292.5,77,3.0,-0.25
07:33:44,"[291.0, 130]","[289.0, 10]","[293.9, 40]","[299.0, 48]",292.45,228,2.9,0.23
07:33:45,"[291.0, 112]","[289.0, 9]","[293.0, 36]","[300.73, 60]",292.0,217,2.0,0.12
07:33:46,"[291.0, 92]","[289.0, 10]","[292.6, 40]","[298.04, 53]",291.8,195,1.6,0.05
07:33:47,"[290.35, 31]","[285.76, 37]","[292.37, 43]","[295.33, 78]",291.36,189,2.02,-0.28
07:33:48,"[286.43, 14]","[284.5, 30]","[290.5, 32]","[292.0, 18]",288.46,94,4.07,-0.06
07:33:49,"[285.0, 57]","[284.0, 53]","[288.89, 36]","[292.0, 9]",286.94,155,3.89,0.42
07:33:50,"[285.0, 61]","[284.0, 60]","[287.89, 36]","[289.33, 24]",286.44,181,2.89,0.34
07:33:51,"[285.0, 21]","[284.0, 35]","[287.0, 7]","[288.0, 28]",286.0,91,2.0,0.23
07:33:52,"[285.0, 43]","[284.0, 57]","[286.81, 21]","[289.33, 60]",285.9,181,1.81,0.1
07:33:53,"[285.0, 10]","[284.0, 10]","[288.0, 20]","[298.0, 20]",286.5,60,3.0,-0.33
07:33:54,"[285.0, 30]","[284.0, 30]","[295.47, 60]","[298.32, 77]",290.23,197,10.47,-0.39
07:33:55,"[283.58, 31]","[282.0, 42]","[295.52, 67]","[296.36, 78]",289.55,218,11.94,-0.33
07:33:56,"[283.3, 40]","[282.27, 66]","[293.0, 64]","[294.2, 69]",288.15,239,9.7,-0.11
07:33:57,"[284.0, 55]","[283.0, 64]","[291.88, 64]","[292.88, 64]",287.94,247,7.88,-0.04
07:33:58,"[284.0, 24]","[283.0, 56]","[289.07, 56]","[290.86, 56]",286.54,192,5.07,-0.17
07:33:59,"[284.0, 11]","[283.0, 44]","[288.0, 34]","[290.0, 44]",286.0,133,4.0,-0.17
07:34:00,"[282.8, 50]","[281.29, 65]","[285.55, 40]","[288.43, 74]",284.18,229,2.75,0.0
07:34:01,"[280.81, 111]","[278.6, 53]","[284.85, 39]","[292.6, 70]",282.83,273,4.04,0.2
07:34:02,"[279.82, 49]","[276.73, 37]","[291.0, 48]","[293.0, 60]",285.41,194,11.18,-0.11
07:34:03,"[288.65, 74]","[278.18, 38]","[291.0, 38]","[293.0, 65]",289.82,215,2.35,0.04
07:34:04,"[290.0, 103]","[284.65, 69]","[291.0, 26]","[293.0, 65]",290.5,263,1.0,0.31
07:34:05,"[290.0, 70]","[288.0, 180]","[291.0, 20]","[293.0, 50]",290.5,320,1.0,0.56
07:34:06,"[290.0, 53]","[288.0, 198]","[291.0, 22]","[293.0, 55]",290.5,328,1.0,0.53
07:34:07,"[290.0, 24]","[288.0, 144]","[291.0, 16]","[293.0, 40]",290.5,224,1.0,0.5
07:34:08,"[288.03, 224]","[282.97, 64]","[291.0, 28]","[293.24, 68]",289.51,384,2.97,0.5
07:34:09,"[288.0, 161]","[281.0, 37]","[290.14, 28]","[293.12, 32]",289.07,258,2.14,0.53
07:34:10,"[288.0, 141]","[281.0, 36]","[291.67, 36]","[294.67, 54]",289.83,267,3.67,0.33
07:34:11,"[288.0, 132]","[281.0, 36]","[294.0, 48]","[296.0, 108]",291.0,324,6.0,0.04
07:34:12,"[288.0, 55]","[281.0, 30]","[294.0, 15]","[296.0, 45]",291.0,145,6.0,0.17
07:34:13,"[289.83, 12]","[288.0, 132]","[294.0, 36]","[296.0, 108]",291.92,288,4.17,0.0
07:34:14,"[290.86, 14]","[288.0, 154]","[294.0, 42]","[296.0, 126]",292.43,336,3.14,0.0
07:34:15,"[291.0, 7]","[288.0, 77]","[294.0, 21]","[296.0, 63]",292.5,168,3.0,0.0
07:34:16,"[291.0, 7]","[288.0, 77]","[294.0, 21]","[296.0, 63]",292.5,168,3.0,0.0
07:34:17,"[291.0, 9]","[288.0, 99]","[294.0, 27]","[296.0, 81]",292.5,216,3.0,0.0
07:34:18,"[288.04, 145]","[285.39, 167]","[294.0, 45]","[296.0, 89]",291.02,446,5.96,0.4
07:34:19,"[288.0, 88]","[285.0, 96]","[294.0, 24]","[296.0, 64]",291.0,272,6.0,0.35
07:34:20,"[288.73, 124]","[287.04, 113]","[293.7, 30]","[295.83, 70]",291.22,337,4.97,0.41
07:34:21,"[289.27, 195]","[288.0, 165]","[293.0, 45]","[295.29, 78]",291.13,483,3.73,0.49
07:34:22,"[289.79, 141]","[286.57, 147]","[294.25, 56]","[296.39, 72]",292.02,416,4.46,0.38
07:34:23,"[288.31, 48]","[286.43, 69]","[295.0, 42]","[299.0, 30]",291.66,189,6.69,0.24
07:34:24,"[289.58, 60]","[288.0, 132]","[295.0, 84]","[299.0, 60]",292.29,336,5.42,0.14
07:34:25,"[291.6, 50]","[288.0, 110]","[295.0, 70]","[299.0, 50]",293.3,280,3.4,0.14
07:34:26,"[293.0, 75]","[288.0, 165]","[295.0, 105]","[299.0, 75]",294.0,420,2.0,0.14
07:34:27,"[292.02, 56]","[287.68, 111]","[295.0, 70]","[299.0, 50]",293.51,287,2.98,0.16
07:34:28,"[288.67, 33]","[287.7, 122]","[295.0, 77]","[299.0, 55]",291.83,287,6.33,0.08
07:34:29,"[289.13, 30]","[288.0, 165]","[295.0, 105]","[297.36, 55]",292.07,355,5.87,0.1
07:34:30,"[290.0, 36]","[288.0, 198]","[294.58, 96]","[296.08, 96]",292.29,426,4.58,0.1
07:34:31,"[290.0, 30]","[288.0, 165]","[292.93, 55]","[294.03, 62]",291.46,312,2.93,0.25
07:34:32,"[288.06, 131]","[285.72, 92]","[290.24, 37]","[295.61, 59]",289.15,319,2.18,0.4
07:34:33,"[288.0, 60]","[285.0, 40]","[290.0, 16]","[298.0, 16]",289.0,132,2.0,0.52
07:34:34,"[288.0, 11]","[285.0, 55]","[289.27, 22]","[298.18, 22]",288.64,110,1.27,0.2
07:34:35,"[285.41, 29]","[284.4, 50]","[289.0, 18]","[300.0, 45]",287.21,142,3.59,0.11
07:34:36,"[285.9, 98]","[284.78, 83]","[288.75, 32]","[300.0, 80]",287.32,293,2.85,0.24
07:34:37,"[286.15, 61]","[284.6, 75]","[296.31, 52]","[300.84, 57]",291.23,245,10.16,0.11
07:34:38,"[286.23, 26]","[285.0, 65]","[300.0, 78]","[304.0, 26]",293.12,195,13.77,-0.07
07:34:39,"[289.77, 70]","[286.55, 31]","[300.0, 66]","[304.0, 22]",294.89,189,10.23,0.07
07:34:40,"[290.0, 68]","[288.0, 18]","[300.0, 54]","[304.0, 18]",295.0,158,10.0,0.09
07:34:41,"[290.33, 30]","[289.6, 50]","[300.0, 90]","[304.0, 30]",295.17,200,9.67,-0.2
07:34:42,"[291.0, 11]","[290.0, 44]","[300.0, 66]","[304.0, 22]",295.5,143,9.0,-0.23
07:34:43,"[291.0, 8]","[290.0, 32]","[299.89, 47]","[302.8, 20]",295.45,107,8.89,-0.25
07:34:44,"[291.0, 8]","[290.0, 32]","[299.0, 45]","[300.02, 40]",295.0,125,8.0,-0.36
07:34:45,"[291.94, 82]","[290.35, 31]","[297.9, 84]","[297.62, 48]",294.92,245,5.97,-0.08
07:34:46,"[291.56, 64]","[289.87, 30]","[293.04, 51]","[294.15, 33]",292.3,178,1.48,0.06
07:34:47,"[290.0, 52]","[288.0, 26]","[292.0, 26]","[294.86, 29]",291.0,133,2.0,0.17
07:34:48,"[290.94, 69]","[289.93, 54]","[294.0, 28]","[299.0, 70]",292.47,221,3.06,0.11
07:34:49,"[291.0, 44]","[290.0, 40]","[292.34, 35]","[298.34, 44]",291.67,163,1.34,0.03
07:34:50,"[290.26, 34]","[288.92, 26]","[296.2, 50]","[301.26, 43]",293.23,153,5.94,-0.22
07:34:51,"[290.0, 7]","[288.0, 14]","[298.0, 35]","[303.0, 28]",294.0,84,8.0,-0.5
07:34:52,"[288.67, 12]","[286.5, 16]","[297.45, 22]","[299.05, 38]",293.06,88,8.79,-0.36
07:34:53,"[288.0, 18]","[285.0, 18]","[297.0, 48]","[301.08, 39]",292.5,123,9.0,-0.41
07:34:54,"[286.5, 24]","[284.25, 48]","[297.0, 84]","[303.0, 48]",291.75,204,10.5,-0.29
07:34:55,"[286.78, 146]","[284.61, 46]","[296.0, 34]","[304.53, 85]",291.39,311,9.22,0.23
07:34:56,"[288.0, 100]","[285.0, 20]","[296.0, 50]","[305.0, 50]",292.0,220,8.0,0.09
07:34:57,"[288.0, 110]","[285.0, 22]","[295.97, 72]","[304.18, 55]",291.99,259,7.97,0.02
07:34:58,"[288.0, 110]","[285.0, 22]","[294.45, 22]","[296.09, 55]",291.23,209,6.45,0.26
07:34:59,"[288.21, 112]","[287.25, 80]","[292.75, 32]","[296.75, 80]",290.48,304,4.54,0.26
07:35:00,"[290.0, 18]","[288.0, 150]","[291.0, 30]","[295.73, 75]",290.5,273,1.0,0.23
07:35:01,"[288.32, 57]","[287.55, 106]","[290.41, 39]","[293.94, 66]",289.36,268,2.09,0.22
07:35:02,"[288.0, 89]","[285.0, 34]","[289.18, 34]","[291.32, 57]",288.59,214,1.18,0.15
07:35:03,"[288.82, 85]","[287.56, 41]","[290.0, 20]","[294.6, 50]",289.41,196,1.18,0.29
07:35:04,"[288.64, 47]","[286.96, 23]","[293.08, 26]","[296.11, 19]",290.86,115,4.44,0.22
07:35:05,"[289.33, 144]","[287.91, 70]","[294.0, 90]","[304.0, 18]",291.67,322,4.67,0.33
07:35:06,"[290.17, 96]","[284.89, 27]","[292.4, 75]","[294.0, 75]",291.28,273,2.23,-0.1
07:35:07,"[291.0, 44]","[285.36, 44]","[292.0, 55]","[294.0, 55]",291.5,198,1.0,-0.11
07:35:08,"[291.0, 32]","[290.0, 32]","[292.0, 40]","[294.0, 40]",291.5,144,1.0,-0.11
07:35:09,"[291.0, 24]","[290.0, 24]","[292.0, 30]","[294.0, 30]",291.5,108,1.0,-0.11
07:35:10,"[290.17, 58]","[289.0, 24]","[293.05, 63]","[298.83, 87]",291.61,232,2.88,-0.29
07:35:11,"[289.54, 26]","[285.7, 47]","[294.43, 51]","[299.2, 75]",291.98,199,4.89,-0.27
07:35:12,"[288.0, 16]","[285.0, 96]","[298.19, 32]","[301.0, 80]",293.09,224,10.19,0.0
07:35:13,"[288.0, 13]","[285.0, 78]","[297.0, 26]","[301.23, 71]",292.5,188,9.0,-0.03
07:35:14,"[288.0, 10]","[285.0, 60]","[296.4, 20]","[302.0, 40]",292.2,130,8.4,0.08
07:35:15,"[288.0, 14]","[285.0, 84]","[294.23, 26]","[301.45, 87]",291.12,211,6.23,-0.07
07:35:16,"[285.5, 36]","[284.88, 41]","[290.59, 17]","[294.5, 26]",288.04,120,5.09,0.28
07:35:17,"[285.0, 55]","[284.0, 11]","[291.0, 22]","[297.0, 33]",288.0,121,6.0,0.09
07:35:18,"[285.0, 45]","[284.0, 9]","[290.56, 18]","[296.33, 27]",287.78,99,5.56,0.09
07:35:19,"[285.0, 40]","[284.0, 11]","[286.81, 43]","[290.75, 40]",285.91,134,1.81,-0.24
07:35:20,"[285.0, 14]","[284.0, 7]","[287.0, 35]","[295.0, 21]",286.0,77,2.0,-0.45
07:35:21,"[286.0, 28]","[285.0, 28]","[287.0, 70]","[295.0, 42]",286.5,168,1.0,-0.33
07:35:22,"[287.0, 26]","[285.0, 26]","[290.92, 49]","[296.55, 31]",288.96,132,3.92,-0.21
07:35:23,"[289.92, 24]","[285.0, 24]","[295.0, 36]","[298.0, 24]",292.46,108,5.08,-0.11
07:35:24,"[290.35, 17]","[285.0, 24]","[295.0, 36]","[298.0, 24]",292.68,101,4.65,-0.19
07:35:25,"[293.0, 15]","[287.86, 42]","[295.0, 45]","[298.0, 30]",294.0,132,2.0,-0.14
07:35:26,"[291.0, 50]","[285.0, 20]","[295.0, 30]","[298.0, 20]",293.0,120,4.0,0.17
07:35:27,"[291.0, 40]","[285.0, 16]","[295.0, 24]","[298.0, 16]",293.0,96,4.0,0.17
07:35:28,"[291.0, 80]","[285.0, 32]","[293.5, 64]","[295.0, 48]",292.25,224,2.5,0.0
07:35:29,"[291.0, 14]","[286.71, 28]","[296.25, 24]","[300.14, 35]",293.62,101,5.25,-0.17
07:35:30,"[291.0, 9]","[288.0, 36]","[298.0, 18]","[301.0, 36]",294.5,99,7.0,-0.09
07:35:31,"[289.09, 11]","[286.78, 23]","[296.6, 30]","[299.29, 28]",292.85,92,7.51,-0.26
07:35:32,"[288.0, 17]","[284.39, 23]","[295.47, 51]","[300.16, 43]",291.74,134,7.47,-0.4
07:35:33,"[288.0, 10]","[285.0, 30]","[295.0, 30]","[299.0, 30]",291.5,100,7.0,-0.2
07:35:34,"[288.0, 15]","[285.0, 45]","[294.27, 45]","[299.62, 47]",291.13,152,6.27,-0.21
07:35:35,"[290.0, 39]","[288.0, 13]","[293.69, 39]","[299.98, 46]",291.85,137,3.69,-0.24
07:35:36,"[290.0, 39]","[288.0, 13]","[293.0, 39]","[299.0, 13]",291.5,104,3.0,0.0
07:35:37,"[290.0, 45]","[288.0, 15]","[292.06, 51]","[295.91, 35]",291.03,146,2.06,-0.18
07:35:38,"[286.53, 45]","[284.75, 16]","[292.67, 45]","[298.82, 67]",289.6,173,6.13,-0.29
07:35:39,"[283.0, 42]","[280.0, 28]","[291.27, 49]","[294.84, 43]",287.13,162,8.27,-0.14
07:35:40,"[283.0, 34]","[280.0, 16]","[287.38, 32]","[289.25, 32]",285.19,114,4.38,-0.12
07:35:41,"[283.0, 63]","[280.0, 28]","[285.15, 59]","[286.36, 59]",284.08,209,2.15,-0.13
07:35:42,"[282.77, 26]","[279.8, 15]","[284.0, 28]","[286.18, 33]",283.38,102,1.23,-0.2
07:35:43,"[280.0, 18]","[279.0, 27]","[283.44, 36]","[298.28, 29]",281.72,110,3.44,-0.18
07:35:44,"[279.76, 37]","[278.18, 66]","[282.97, 58]","[296.64, 67]",281.36,228,3.21,-0.1
07:35:45,"[280.63, 49]","[277.39, 56]","[282.39, 31]","[286.62, 69]",281.51,205,1.75,0.02
07:35:46,"[277.76, 63]","[276.81, 81]","[280.9, 30]","[288.2, 75]",279.33,249,3.14,0.16
07:35:47,"[276.55, 99]","[275.77, 39]","[279.8, 15]","[286.6, 75]",278.17,228,3.25,0.21
07:35:48,"[276.0, 55]","[275.0, 11]","[277.45, 11]","[284.18, 55]",276.73,132,1.45,0.0
07:35:49,"[276.0, 42]","[275.0, 10]","[277.0, 10]","[286.0, 50]",276.5,112,1.0,-0.07
07:35:50,"[277.51, 43]","[275.93, 30]","[286.0, 45]","[292.0, 36]",281.76,154,8.49,-0.05
07:35:51,"[278.0, 60]","[275.39, 46]","[286.0, 60]","[292.0, 48]",282.0,214,8.0,-0.01
07:35:52,"[278.67, 52]","[274.42, 59]","[286.0, 55]","[292.25, 36]",282.34,202,7.33,0.1
07:35:53,"[283.75, 77]","[275.23, 65]","[289.0, 60]","[292.62, 48]",286.38,250,5.25,0.14
07:35:54,"[290.04, 46]","[283.38, 29]","[291.21, 28]","[292.15, 39]",290.63,142,1.17,0.06
07:35:55,"[290.0, 31]","[282.65, 34]","[292.02, 44]","[294.2, 71]",291.01,180,2.02,-0.28
07:35:56,"[276.15, 13]","[272.52, 42]","[292.0, 27]","[294.76, 33]",284.08,115,15.85,-0.04
07:35:57,"[282.23, 62]","[272.63, 38]","[291.5, 42]","[292.8, 35]",286.86,177,9.27,0.13
07:35:58,"[283.0, 95]","[275.0, 15]","[290.1, 31]","[291.04, 84]",286.55,225,7.1,-0.02
07:35:59,"[283.27, 22]","[278.43, 14]","[288.45, 33]","[290.25, 24]",285.86,93,5.18,-0.23
07:36:00,"[284.0, 13]","[283.0, 18]","[288.0, 27]","[291.23, 26]",286.0,84,4.0,-0.26
07:36:01,"[284.33, 18]","[283.11, 27]","[288.0, 45]","[291.0, 45]",286.17,135,3.67,-0.33
07:36:02,"[284.0, 13]","[283.0, 26]","[287.31, 39]","[291.0, 39]",285.65,117,3.31,-0.33
07:36:03,"[284.0, 13]","[283.0, 26]","[286.54, 39]","[291.0, 39]",285.27,117,2.54,-0.33
07:36:04,"[283.5, 16]","[278.0, 28]","[287.43, 35]","[291.55, 33]",285.46,112,3.93,-0.21
07:36:05,"[283.2, 15]","[272.17, 24]","[290.0, 14]","[291.0, 21]",286.6,74,6.8,0.05
07:36:06,"[284.75, 24]","[283.0, 16]","[289.0, 16]","[291.25, 24]",286.88,80,4.25,0.0
07:36:07,"[285.42, 62]","[283.61, 79]","[291.4, 45]","[294.0, 54]",288.41,240,5.98,0.17
07:36:08,"[283.43, 44]","[282.41, 51]","[292.57, 21]","[294.14, 21]",288.0,137,9.14,0.39
07:36:09,"[285.0, 36]","[283.0, 162]","[290.59, 61]","[292.56, 55]",287.8,314,5.59,0.26
07:36:10,"[285.0, 22]","[283.0, 134]","[288.16, 38]","[289.62, 39]",286.58,233,3.16,0.34
07:36:11,"[283.37, 86]","[282.66, 117]","[293.0, 39]","[298.0, 39]",288.19,281,9.63,0.44
07:36:12,"[283.0, 126]","[276.5, 12]","[290.14, 35]","[295.78, 27]",286.57,200,7.14,0.38
07:36:13,"[283.03, 145]","[279.67, 24]","[292.33, 45]","[295.55, 33]",287.68,247,9.3,0.37
07:36:14,"[283.03, 145]","[279.67, 24]","[292.0, 55]","[297.5, 24]",287.52,248,8.97,0.36
07:36:15,"[283.6, 80]","[282.72, 116]","[291.17, 60]","[295.14, 28]",287.38,284,7.57,0.38
07:36:16,"[285.36, 28]","[283.3, 99]","[291.0, 55]","[294.0, 33]",288.18,215,5.64,0.18
07:36:17,"[283.63, 57]","[280.26, 81]","[288.22, 41]","[291.81, 31]",285.93,210,4.59,0.31
07:36:18,"[283.77, 124]","[282.34, 244]","[286.56, 50]","[289.58, 65]",285.17,483,2.79,0.52
07:36:19,"[284.0, 38]","[283.0, 224]","[291.21, 58]","[293.12, 51]",287.6,371,7.21,0.41
07:36:20,"[284.81, 21]","[283.11, 90]","[293.53, 38]","[294.38, 39]",289.17,188,8.72,0.18
07:36:21,"[286.0, 32]","[285.0, 16]","[292.51, 53]","[293.92, 59]",289.25,160,6.51,-0.4
07:36:22,"[286.0, 32]","[283.35, 68]","[294.32, 66]","[295.51, 55]",290.16,221,8.32,-0.1
07:36:23,"[287.6, 30]","[283.0, 210]","[293.52, 67]","[294.34, 61]",290.56,368,5.92,0.3
07:36:24,"[284.0, 110]","[282.46, 178]","[290.35, 68]","[293.3, 91]",287.18,447,6.35,0.29
07:36:25,"[284.15, 59]","[283.39, 85]","[287.32, 77]","[289.29, 68]",285.74,289,3.17,-0.0
07:36:26,"[283.02, 190]","[280.73, 45]","[287.67, 39]","[295.06, 47]",285.34,321,4.65,0.46
07:36:27,"[283.04, 128]","[280.88, 34]","[286.0, 37]","[286.83, 41]",284.52,240,2.96,0.35
07:36:28,"[283.92, 24]","[282.77, 26]","[285.0, 26]","[286.33, 36]",284.46,112,1.08,-0.11
07:36:29,"[284.55, 44]","[283.0, 28]","[287.79, 28]","[293.82, 67]",286.17,167,3.24,-0.14
07:36:30,"[285.45, 33]","[283.0, 22]","[287.36, 22]","[294.0, 55]",286.41,132,1.91,-0.17
07:36:31,"[286.69, 26]","[283.0, 32]","[292.08, 65]","[297.27, 78]",289.38,201,5.38,-0.42
07:36:32,"[285.29, 17]","[276.51, 49]","[293.0, 60]","[299.0, 36]",289.15,162,7.71,-0.19
07:36:33,"[283.0, 22]","[273.55, 33]","[293.0, 55]","[300.0, 44]",288.0,154,10.0,-0.29
07:36:34,"[284.93, 29]","[276.68, 47]","[292.86, 58]","[296.5, 80]",288.9,214,7.93,-0.29
07:36:35,"[283.0, 22]","[273.22, 46]","[293.0, 55]","[299.45, 44]",288.0,167,10.0,-0.19
07:36:36,"[287.65, 34]","[283.55, 22]","[293.0, 55]","[298.0, 44]",290.32,155,5.35,-0.28
07:36:37,"[290.0, 36]","[285.0, 12]","[293.0, 30]","[298.0, 24]",291.5,102,3.0,-0.06
07:36:38,"[290.0, 54]","[285.0, 26]","[292.8, 50]","[295.81, 57]",291.4,187,2.8,-0.14
07:36:39,"[290.0, 24]","[285.0, 16]","[294.25, 40]","[298.0, 32]",292.12,112,4.25,-0.29
07:36:40,"[290.19, 26]","[285.88, 17]","[295.0, 40]","[298.0, 32]",292.6,115,4.81,-0.25
07:36:41,"[291.0, 60]","[290.0, 36]","[295.0, 60]","[298.0, 48]",293.0,204,4.0,-0.06
07:36:42,"[291.0, 50]","[290.0, 30]","[295.0, 50]","[298.0, 40]",293.0,170,4.0,-0.06
07:36:43,"[291.0, 40]","[290.0, 24]","[295.0, 40]","[298.0, 32]",293.0,136,4.0,-0.06
07:36:44,"[289.42, 38]","[284.85, 40]","[295.58, 62]","[298.62, 52]",292.5,192,6.16,-0.19
07:36:45,"[290.33, 36]","[284.14, 28]","[295.0, 50]","[299.0, 40]",292.67,154,4.67,-0.17
07:36:46,"[291.37, 57]","[287.4, 30]","[295.0, 60]","[299.0, 48]",293.18,195,3.63,-0.11
07:36:47,"[292.5, 84]","[291.0, 48]","[295.0, 60]","[299.87, 93]",293.75,285,2.5,-0.07
07:36:48,"[293.0, 49]","[291.0, 28]","[295.0, 35]","[299.15, 47]",294.0,159,2.0,-0.03
07:36:49,"[293.0, 70]","[291.0, 40]","[295.0, 50]","[298.0, 50]",294.0,210,2.0,0.05
07:36:50,"[293.0, 63]","[291.0, 36]","[295.0, 45]","[298.0, 45]",294.0,189,2.0,0.05
07:36:51,"[293.0, 49]","[291.0, 28]","[294.87, 23]","[296.71, 35]",293.93,135,1.87,0.14
07:36:52,"[293.0, 91]","[291.0, 52]","[294.0, 13]","[295.0, 65]",293.5,221,1.0,0.29
07:36:53,"[293.0, 39]","[291.0, 32]","[294.62, 16]","[296.0, 40]",293.81,127,1.62,0.12
07:36:54,"[293.0, 4]","[291.0, 16]","[295.0, 20]","[299.0, 20]",294.0,60,2.0,-0.33
07:36:55,"[291.33, 6]","[286.71, 14]","[295.0, 30]","[299.0, 30]",293.17,80,3.67,-0.5
07:36:56,"[287.67, 9]","[283.42, 38]","[295.0, 45]","[299.0, 45]",291.33,137,7.33,-0.31
07:36:57,"[283.25, 16]","[281.38, 26]","[294.85, 41]","[298.11, 45]",289.05,128,11.6,-0.34
07:36:58,"[283.0, 18]","[279.44, 18]","[293.62, 26]","[296.02, 43]",288.31,105,10.62,-0.31
07:36:59,"[280.33, 18]","[276.65, 23]","[291.37, 38]","[292.57, 37]",285.85,116,11.04,-0.29
07:37:00,"[278.17, 12]","[275.82, 17]","[288.88, 32]","[289.79, 28]",283.52,89,10.71,-0.35
07:37:01,"[277.16, 25]","[275.29, 34]","[286.66, 38]","[288.38, 32]",281.91,129,9.5,-0.09
07:37:02,"[279.88, 33]","[277.2, 60]","[284.96, 48]","[287.61, 56]",282.42,197,5.08,-0.06
07:37:03,"[279.0, 32]","[278.0, 64]","[281.58, 38]","[282.82, 34]",280.29,168,2.58,0.14
07:37:04,"[278.41, 41]","[276.58, 38]","[281.78, 18]","[283.64, 53]",280.1,150,3.36,0.05
07:37:05,"[272.84, 45]","[269.32, 38]","[287.6, 20]","[290.52, 50]",280.22,153,14.76,0.08
07:37:06,"[282.62, 52]","[234.41, 17]","[287.0, 12]","[288.0, 12]",284.81,93,4.38,0.48
07:37:07,"[284.0, 150]","[283.0, 10]","[288.74, 46]","[292.12, 34]",286.37,240,4.74,0.33
07:37:08,"[284.0, 90]","[283.0, 6]","[289.0, 24]","[293.0, 24]",286.5,144,5.0,0.33
07:37:09,"[284.0, 165]","[283.0, 11]","[288.23, 52]","[290.36, 44]",286.12,272,4.23,0.29
07:37:10,"[284.0, 126]","[283.0, 10]","[288.0, 50]","[290.0, 40]",286.0,226,4.0,0.2
07:37:11,"[284.0, 72]","[283.0, 6]","[288.0, 30]","[290.0, 24]",286.0,132,4.0,0.18
07:37:12,"[284.0, 96]","[283.0, 8]","[287.21, 24]","[288.42, 38]",285.6,166,3.21,0.25
07:37:13,"[284.0, 38]","[283.0, 10]","[286.82, 51]","[288.38, 52]",285.41,151,2.82,-0.36
07:37:14,"[284.0, 42]","[283.0, 14]","[285.5, 28]","[286.78, 63]",284.75,147,1.5,-0.24
07:37:15,"[284.0, 24]","[283.0, 8]","[285.0, 16]","[286.0, 16]",284.5,64,1.0,0.0
07:37:16,"[284.13, 15]","[283.15, 13]","[287.44, 41]","[288.36, 56]",285.79,125,3.31,-0.55
07:37:17,"[283.73, 11]","[282.28, 29]","[288.2, 20]","[289.72, 53]",285.96,113,4.47,-0.29
07:37:18,"[283.0, 12]","[282.0, 84]","[288.67, 15]","[290.31, 49]",285.83,160,5.67,0.2
07:37:19,"[283.0, 8]","[282.0, 56]","[288.0, 8]","[292.0, 32]",285.5,104,5.0,0.23
07:37:20,"[283.0, 13]","[282.0, 91]","[287.0, 13]","[290.97, 58]",285.0,175,4.0,0.19
07:37:21,"[283.97, 170]","[282.24, 46]","[287.0, 16]","[290.0, 80]",285.49,312,3.03,0.38
07:37:22,"[284.49, 144]","[283.0, 11]","[286.18, 11]","[289.73, 55]",285.34,221,1.69,0.4
07:37:23,"[285.0, 108]","[283.0, 12]","[286.0, 12]","[289.0, 60]",285.5,192,1.0,0.25
07:37:24,"[286.4, 80]","[283.0, 50]","[289.0, 50]","[292.0, 60]",287.7,240,2.6,0.08
07:37:25,"[286.56, 45]","[282.12, 40]","[289.0, 50]","[292.0, 60]",287.78,195,2.44,-0.13
07:37:26,"[284.0, 12]","[283.0, 6]","[289.0, 30]","[292.0, 36]",286.5,84,5.0,-0.57
07:37:27,"[282.42, 38]","[272.85, 52]","[289.0, 50]","[292.0, 60]",285.71,200,6.58,-0.1
07:37:28,"[282.0, 30]","[272.0, 48]","[289.0, 30]","[292.0, 36]",285.5,144,7.0,0.08
07:37:29,"[282.0, 15]","[271.0, 48]","[289.0, 15]","[292.0, 18]",285.5,96,7.0,0.31
07:37:30,"[282.0, 25]","[271.0, 80]","[289.0, 25]","[292.0, 30]",285.5,160,7.0,0.31
07:37:31,"[282.0, 65]","[271.0, 208]","[289.0, 65]","[292.0, 78]",285.5,416,7.0,0.31
07:37:32,"[283.52, 66]","[282.71, 102]","[289.0, 75]","[292.0, 90]",286.26,333,5.48,0.01
07:37:33,"[285.72, 36]","[283.28, 123]","[289.0, 90]","[292.0, 108]",287.36,357,3.28,-0.11
07:37:34,"[284.33, 36]","[283.16, 95]","[291.61, 76]","[292.79, 56]",287.97,263,7.27,-0.0
07:37:35,"[290.76, 29]","[284.96, 25]","[292.0, 66]","[293.0, 44]",291.38,164,1.24,-0.34
07:37:36,"[291.0, 16]","[290.0, 8]","[292.0, 48]","[293.0, 32]",291.5,104,1.0,-0.54
07:37:37,"[290.0, 11]","[284.0, 33]","[292.0, 55]","[293.0, 44]",291.0,143,2.0,-0.38
07:37:38,"[290.0, 5]","[284.0, 15]","[291.62, 16]","[292.35, 23]",290.81,59,1.62,-0.32
07:37:39,"[287.82, 11]","[283.4, 53]","[291.0, 22]","[293.36, 55]",289.41,141,3.18,-0.09
07:37:40,"[284.0, 14]","[283.0, 112]","[289.76, 41]","[294.72, 71]",286.88,238,5.76,0.06
07:37:41,"[284.8, 15]","[283.29, 42]","[288.97, 72]","[295.73, 77]",286.89,206,4.17,-0.45
07:37:42,"[283.22, 54]","[280.38, 13]","[288.0, 26]","[289.0, 39]",285.61,132,4.78,0.02
07:37:43,"[283.14, 85]","[280.25, 20]","[287.56, 25]","[288.71, 35]",285.35,165,4.42,0.27
07:37:44,"[284.0, 48]","[283.0, 42]","[285.13, 15]","[291.15, 39]",284.57,144,1.13,0.25
07:37:45,"[284.0, 13]","[283.0, 24]","[292.75, 20]","[296.86, 37]",288.38,94,8.75,-0.21
07:37:46,"[283.5, 12]","[281.57, 28]","[294.88, 40]","[295.85, 33]",289.19,113,11.38,-0.29
07:37:47,"[283.5, 42]","[280.5, 56]","[292.67, 92]","[293.59, 102]",288.09,292,9.17,-0.33
07:37:48,"[284.29, 42]","[283.0, 42]","[291.0, 70]","[293.0, 116]",287.64,270,6.71,-0.38
07:37:49,"[285.5, 42]","[283.0, 42]","[290.21, 70]","[293.0, 115]",287.86,269,4.71,-0.38
07:37:50,"[286.66, 35]","[283.5, 32]","[289.25, 60]","[293.0, 108]",287.95,235,2.59,-0.43
07:37:51,"[287.0, 12]","[285.0, 12]","[289.0, 30]","[293.0, 54]",288.0,108,2.0,-0.56
07:37:52,"[287.91, 22]","[285.0, 22]","[289.0, 55]","[293.0, 99]",288.45,198,1.09,-0.56
07:37:53,"[285.9, 40]","[283.62, 26]","[291.74, 46]","[293.3, 67]",288.82,179,5.84,-0.26
07:37:54,"[287.02, 193]","[285.78, 108]","[291.05, 57]","[293.0, 76]",289.03,434,4.04,0.39
07:37:55,"[288.09, 70]","[285.95, 125]","[292.21, 53]","[294.18, 68]",290.15,316,4.12,0.23
07:37:56,"[286.93, 73]","[285.52, 54]","[291.18, 34]","[293.0, 68]",289.05,229,4.24,0.11
07:37:57,"[287.29, 70]","[285.0, 28]","[291.0, 28]","[293.0, 56]",289.14,182,3.71,0.08
07:37:58,"[288.67, 45]","[285.0, 22]","[292.06, 32]","[294.53, 49]",290.36,148,3.4,-0.09
07:37:59,"[290.08, 36]","[285.0, 24]","[294.0, 48]","[296.67, 60]",292.04,168,3.92,-0.29
07:38:00,"[288.75, 24]","[283.54, 37]","[294.0, 56]","[298.0, 70]",291.38,187,5.25,-0.35
07:38:01,"[285.0, 18]","[276.17, 87]","[293.05, 21]","[295.42, 73]",289.02,199,8.05,0.06
07:38:02,"[285.0, 15]","[274.21, 86]","[291.07, 15]","[297.54, 78]",288.03,194,6.07,0.04
07:38:03,"[283.18, 22]","[275.29, 28]","[290.5, 12]","[297.88, 80]",286.84,142,7.32,-0.3
07:38:04,"[283.4, 20]","[275.89, 72]","[290.0, 12]","[297.0, 92]",286.7,196,6.6,-0.06
07:38:05,"[285.0, 14]","[283.0, 28]","[288.64, 14]","[295.72, 54]",286.82,110,3.64,-0.24
07:38:06,"[283.15, 26]","[274.36, 100]","[286.86, 14]","[296.32, 74]",285.01,214,3.7,0.18
07:38:07,"[283.0, 18]","[274.0, 72]","[291.0, 15]","[295.73, 44]",287.0,149,8.0,0.21
07:38:08,"[283.8, 50]","[277.55, 66]","[293.86, 87]","[294.95, 61]",288.83,264,10.06,-0.12
07:38:09,"[284.65, 46]","[283.27, 22]","[291.82, 55]","[292.5, 40]",288.24,163,7.17,-0.17
07:38:10,"[285.0, 150]","[284.0, 30]","[290.0, 75]","[291.18, 66]",287.5,321,5.0,0.12
07:38:11,"[286.73, 107]","[285.96, 46]","[290.75, 40]","[295.7, 37]",288.74,230,4.02,0.33
07:38:12,"[290.64, 125]","[288.77, 122]","[293.0, 26]","[297.0, 65]",291.82,338,2.36,0.46
07:38:13,"[292.0, 100]","[290.0, 90]","[293.0, 20]","[297.0, 67]",292.5,277,1.0,0.37
07:38:14,"[291.09, 99]","[289.88, 101]","[296.91, 90]","[298.42, 48]",294.0,338,5.82,0.18
07:38:15,"[292.31, 104]","[290.0, 117]","[297.0, 104]","[298.0, 52]",294.65,377,4.69,0.17
07:38:16,"[293.0, 146]","[290.0, 171]","[295.23, 56]","[296.99, 113]",294.12,486,2.23,0.3
07:38:17,"[293.0, 100]","[290.0, 153]","[295.84, 25]","[298.39, 83]",294.42,361,2.84,0.4
07:38:18,"[293.0, 65]","[290.62, 78]","[298.0, 70]","[299.4, 30]",295.5,243,5.0,0.18
07:38:19,"[293.0, 32]","[292.0, 24]","[297.88, 40]","[299.0, 16]",295.44,112,4.88,0.0
07:38:20,"[293.0, 24]","[292.0, 18]","[297.0, 30]","[298.0, 12]",295.0,84,4.0,0.0
07:38:21,"[293.0, 47]","[292.0, 36]","[297.0, 60]","[298.0, 24]",295.0,167,4.0,-0.01
07:38:22,"[293.0, 32]","[292.0, 36]","[297.0, 60]","[298.0, 24]",295.0,152,4.0,-0.11
07:38:23,"[293.0, 26]","[292.0, 39]","[296.29, 56]","[297.15, 53]",294.64,174,3.29,-0.25
07:38:24,"[293.0, 20]","[292.0, 30]","[295.0, 40]","[297.75, 56]",294.0,146,2.0,-0.32
07:38:25,"[292.59, 44]","[290.62, 78]","[295.58, 62]","[299.74, 94]",294.09,278,2.99,-0.12
07:38:26,"[293.23, 13]","[292.0, 39]","[299.29, 68]","[304.17, 53]",296.26,173,6.06,-0.4
07:38:27,"[294.0, 8]","[292.0, 24]","[300.0, 40]","[302.0, 16]",297.0,88,6.0,-0.27
07:38:28,"[294.0, 13]","[292.0, 39]","[299.73, 55]","[300.78, 41]",296.86,148,5.73,-0.3
07:38:29,"[291.81, 26]","[290.69, 48]","[298.12, 48]","[300.0, 80]",294.97,202,6.32,-0.27
07:38:30,"[291.93, 182]","[290.43, 42]","[298.0, 42]","[300.0, 70]",294.97,336,6.07,0.33
07:38:31,"[292.0, 194]","[291.0, 36]","[297.0, 36]","[300.75, 60]",294.5,326,5.0,0.41
07:38:32,"[292.0, 114]","[291.0, 30]","[297.0, 30]","[301.0, 50]",294.5,224,5.0,0.29
07:38:33,"[292.0, 132]","[291.0, 36]","[296.08, 36]","[300.75, 60]",294.04,264,4.08,0.27
07:38:34,"[292.0, 154]","[291.0, 42]","[295.71, 42]","[300.0, 70]",293.86,308,3.71,0.27
07:38:35,"[292.0, 151]","[291.0, 48]","[293.74, 53]","[300.0, 80]",292.87,332,1.74,0.2
07:38:36,"[292.0, 69]","[291.0, 36]","[293.0, 93]","[300.0, 60]",292.5,258,1.0,-0.19
07:38:37,"[292.0, 23]","[291.0, 33]","[293.0, 55]","[300.45, 55]",292.5,166,1.0,-0.33
07:38:38,"[289.35, 17]","[286.45, 33]","[293.0, 30]","[301.0, 54]",291.18,134,3.65,-0.25
07:38:39,"[289.0, 18]","[286.0, 36]","[293.0, 30]","[301.0, 54]",291.0,138,4.0,-0.22
07:38:40,"[289.0, 11]","[286.11, 27]","[293.0, 35]","[301.0, 63]",291.0,136,4.0,-0.44
07:38:41,"[289.0, 8]","[286.0, 48]","[293.0, 40]","[301.0, 72]",291.0,168,4.0,-0.33
07:38:42,"[287.36, 22]","[285.86, 70]","[292.31, 16]","[294.12, 64]",289.84,172,4.95,0.07
07:38:43,"[286.04, 56]","[285.21, 57]","[291.0, 11]","[297.68, 79]",288.52,203,4.96,0.11
07:38:44,"[287.07, 15]","[286.0, 90]","[293.17, 24]","[297.45, 87]",290.12,216,6.1,-0.03
07:38:45,"[288.0, 16]","[286.0, 96]","[295.0, 72]","[298.7, 74]",291.5,258,7.0,-0.13
07:38:46,"[289.0, 9]","[286.0, 54]","[295.0, 54]","[300.0, 45]",292.0,162,6.0,-0.22
07:38:47,"[286.53, 15]","[285.58, 36]","[294.81, 42]","[298.7, 40]",290.67,133,8.28,-0.23
07:38:48,"[286.0, 39]","[285.0, 65]","[292.08, 26]","[294.0, 75]",289.04,205,6.08,0.01
07:38:49,"[286.0, 15]","[285.0, 25]","[291.4, 10]","[293.57, 28]",288.7,78,5.4,0.03
07:38:50,"[286.0, 30]","[285.0, 50]","[290.2, 20]","[292.0, 20]",288.1,120,4.2,0.33
07:38:51,"[286.14, 42]","[285.09, 66]","[288.83, 36]","[290.86, 28]",287.49,172,2.69,0.26
07:38:52,"[286.0, 36]","[285.0, 60]","[288.75, 24]","[291.0, 24]",287.38,144,2.75,0.33
07:38:53,"[286.0, 27]","[285.0, 45]","[287.22, 18]","[289.0, 18]",286.61,108,1.22,0.33
07:38:54,"[286.0, 6]","[284.78, 32]","[287.0, 12]","[298.0, 24]",286.5,74,1.0,0.03
07:38:55,"[284.0, 102]","[279.0, 22]","[297.47, 17]","[298.55, 44]",290.74,185,13.47,0.34
07:38:56,"[284.0, 84]","[279.0, 14]","[297.0, 7]","[298.0, 28]",290.5,133,13.0,0.47
07:38:57,"[284.02, 94]","[280.67, 72]","[297.0, 24]","[298.75, 32]",290.51,222,12.98,0.5
07:38:58,"[285.0, 11]","[284.0, 88]","[295.33, 24]","[297.13, 31]",290.17,154,10.33,0.29
07:38:59,"[284.02, 86]","[281.75, 64]","[293.71, 28]","[296.09, 35]",288.87,213,9.69,0.41
07:39:00,"[284.0, 98]","[283.0, 42]","[290.77, 22]","[293.3, 27]",287.39,189,6.77,0.48
07:39:01,"[284.0, 90]","[283.0, 45]","[288.16, 19]","[289.24, 21]",286.08,175,4.16,0.54
07:39:02,"[283.82, 68]","[282.45, 58]","[285.94, 18]","[287.67, 18]",284.88,162,2.12,0.56
07:39:03,"[283.0, 15]","[281.0, 20]","[285.0, 5]","[286.0, 5]",284.0,45,2.0,0.56
07:39:04,"[281.49, 37]","[280.0, 42]","[284.07, 14]","[289.1, 21]",282.78,114,2.58,0.39
07:39:05,"[281.69, 65]","[279.42, 38]","[290.1, 29]","[293.44, 32]",285.9,164,8.41,0.26
07:39:06,"[283.38, 65]","[278.77, 26]","[291.0, 51]","[293.15, 26]",287.19,168,7.62,0.08
07:39:07,"[285.11, 45]","[282.95, 170]","[290.72, 29]","[292.4, 20]",287.92,264,5.61,0.63
07:39:08,"[286.0, 50]","[283.0, 210]","[289.1, 40]","[293.0, 20]",287.55,320,3.1,0.62
07:39:09,"[285.91, 82]","[282.98, 275]","[288.27, 45]","[293.5, 28]",287.09,430,2.35,0.66
07:39:10,"[283.0, 252]","[277.29, 42]","[294.0, 24]","[295.0, 24]",288.5,342,11.0,0.72
07:39:11,"[283.0, 147]","[277.0, 21]","[294.0, 14]","[295.0, 14]",288.5,196,11.0,0.71
07:39:12,"[283.0, 142]","[276.0, 35]","[294.0, 14]","[295.0, 14]",288.5,205,11.0,0.73
07:39:13,"[283.0, 160]","[276.0, 50]","[292.11, 35]","[293.19, 32]",287.56,277,9.11,0.52
07:39:14,"[283.0, 208]","[276.0, 130]","[288.98, 53]","[289.68, 38]",285.99,429,5.98,0.58
07:39:15,"[283.0, 240]","[276.0, 150]","[285.17, 36]","[287.83, 69]",284.08,495,2.17,0.58
07:39:16,"[283.0, 185]","[276.0, 140]","[284.0, 70]","[285.0, 28]",283.5,423,1.0,0.54
07:39:17,"[283.0, 36]","[276.0, 40]","[284.0, 4]","[285.0, 8]",283.5,88,1.0,0.73
07:39:18,"[283.0, 86]","[276.0, 100]","[284.57, 14]","[290.33, 36]",283.79,236,1.57,0.58
07:39:19,"[283.0, 80]","[280.06, 93]","[285.0, 20]","[293.0, 60]",284.0,253,2.0,0.37
07:39:20,"[283.0, 90]","[282.0, 108]","[289.61, 46]","[293.09, 88]",286.3,332,6.61,0.19
07:39:21,"[283.52, 63]","[282.55, 99]","[291.83, 48]","[292.9, 115]",287.68,325,8.31,-0.0
07:39:22,"[284.83, 54]","[283.78, 54]","[292.0, 64]","[293.11, 108]",288.42,280,7.17,-0.23
07:39:23,"[286.0, 27]","[284.0, 27]","[289.34, 35]","[292.17, 35]",287.67,124,3.34,-0.13
07:39:24,"[286.42, 36]","[284.0, 36]","[289.0, 12]","[292.0, 48]",287.71,132,2.58,0.09
07:39:25,"[284.6, 45]","[283.11, 81]","[288.07, 29]","[291.72, 39]",286.33,194,3.47,0.3
07:39:26,"[284.0, 36]","[283.0, 72]","[287.0, 36]","[290.83, 12]",285.5,156,3.0,0.38
07:39:27,"[284.0, 51]","[283.0, 102]","[286.59, 51]","[291.58, 57]",285.29,261,2.59,0.17
07:39:28,"[283.48, 25]","[282.25, 96]","[290.09, 44]","[292.64, 69]",286.79,234,6.61,0.03
07:39:29,"[283.0, 9]","[282.0, 81]","[293.74, 47]","[294.82, 45]",288.37,182,10.74,-0.01
07:39:30,"[282.03, 67]","[279.5, 28]","[292.81, 59]","[293.35, 26]",287.42,180,10.78,0.06
07:39:31,"[283.96, 47]","[282.58, 36]","[287.0, 26]","[292.0, 39]",285.48,148,3.04,0.12
07:39:32,"[289.0, 36]","[286.53, 30]","[291.66, 29]","[292.92, 39]",290.33,134,2.66,-0.01
07:39:33,"[291.0, 16]","[290.0, 8]","[292.0, 12]","[293.0, 16]",291.5,52,1.0,-0.08
07:39:34,"[291.64, 55]","[290.74, 38]","[292.87, 46]","[294.11, 18]",292.25,157,1.23,0.18
07:39:35,"[291.0, 36]","[290.0, 18]","[293.0, 36]","[295.0, 9]",292.0,99,2.0,0.09
07:39:36,"[291.0, 44]","[290.0, 22]","[293.0, 56]","[295.0, 11]",292.0,133,2.0,-0.01
07:39:37,"[291.0, 28]","[290.0, 14]","[293.0, 42]","[295.0, 7]",292.0,91,2.0,-0.08
07:39:38,"[291.0, 36]","[290.0, 18]","[293.0, 54]","[295.46, 13]",292.0,121,2.0,-0.11
07:39:39,"[291.0, 28]","[290.0, 18]","[293.0, 54]","[295.3, 20]",292.0,120,2.0,-0.23
07:39:40,"[291.0, 10]","[290.0, 10]","[293.0, 30]","[295.0, 10]",292.0,60,2.0,-0.33
07:39:41,"[291.0, 26]","[290.0, 26]","[293.0, 78]","[295.0, 26]",292.0,156,2.0,-0.33
07:39:42,"[290.92, 24]","[289.07, 27]","[292.38, 32]","[293.12, 64]",291.65,147,1.46,-0.31
07:39:43,"[285.78, 51]","[284.59, 68]","[290.29, 56]","[292.32, 38]",288.04,213,4.5,0.12
07:39:44,"[285.41, 34]","[284.69, 51]","[287.1, 20]","[288.47, 17]",286.26,122,1.69,0.39
07:39:45,"[285.46, 59]","[284.23, 52]","[286.81, 32]","[290.07, 28]",286.14,171,1.35,0.3
07:39:46,"[284.94, 17]","[283.7, 23]","[294.62, 32]","[295.7, 23]",289.78,95,9.68,-0.16
07:39:47,"[284.0, 18]","[283.0, 30]","[294.39, 23]","[295.17, 23]",289.2,94,10.39,0.02
07:39:48,"[285.21, 38]","[284.31, 59]","[293.0, 16]","[294.0, 57]",289.11,170,7.79,0.14
07:39:49,"[286.24, 34]","[285.0, 68]","[292.35, 17]","[294.0, 51]",289.29,170,6.12,0.2
07:39:50,"[288.27, 30]","[285.0, 60]","[291.13, 15]","[293.2, 45]",289.7,150,2.87,0.2
07:39:51,"[287.13, 23]","[283.25, 52]","[291.0, 17]","[293.0, 51]",289.07,143,3.87,0.05
07:39:52,"[284.0, 14]","[283.0, 16]","[289.4, 30]","[291.29, 42]",286.7,102,5.4,-0.41
07:39:53,"[283.75, 8]","[279.0, 30]","[287.39, 36]","[288.17, 12]",285.57,86,3.64,-0.12
07:39:54,"[276.08, 26]","[272.94, 51]","[286.3, 23]","[288.47, 49]",281.19,149,10.23,0.03
07:39:55,"[277.45, 47]","[273.02, 43]","[292.33, 39]","[296.18, 44]",284.89,173,14.89,0.04
07:39:56,"[290.0, 30]","[274.86, 28]","[294.0, 40]","[299.5, 20]",292.0,118,4.0,-0.02
07:39:57,"[290.0, 40]","[276.0, 28]","[294.0, 106]","[345.3, 40]",292.0,214,4.0,-0.36
07:39:58,"[290.0, 11]","[276.0, 22]","[294.0, 99]","[295.0, 22]",292.0,154,4.0,-0.57
07:39:59,"[290.0, 9]","[281.35, 51]","[294.0, 81]","[295.0, 18]",292.0,159,4.0,-0.25
07:40:00,"[290.0, 9]","[283.47, 85]","[294.0, 81]","[295.0, 18]",292.0,193,4.0,-0.03
07:40:01,"[290.36, 11]","[285.14, 36]","[294.0, 72]","[295.0, 19]",292.18,138,3.64,-0.32
07:40:02,"[285.83, 12]","[283.27, 75]","[293.82, 55]","[294.58, 43]",289.83,185,7.98,-0.06
07:40:03,"[285.0, 32]","[283.0, 208]","[291.5, 80]","[292.67, 79]",288.25,399,6.5,0.2
07:40:04,"[285.7, 40]","[283.19, 86]","[289.7, 50]","[291.0, 50]",287.7,226,4.0,0.12
07:40:05,"[286.49, 65]","[283.47, 85]","[289.33, 75]","[291.63, 51]",287.91,276,2.84,0.09
07:40:06,"[286.14, 28]","[284.33, 39]","[289.79, 70]","[294.3, 46]",287.96,183,3.64,-0.27
07:40:07,"[285.6, 40]","[283.27, 120]","[290.07, 68]","[295.81, 74]",287.84,302,4.47,0.06
07:40:08,"[285.0, 24]","[283.0, 156]","[295.85, 46]","[296.78, 64]",290.42,290,10.85,0.24
07:40:09,"[285.0, 26]","[283.17, 109]","[294.62, 26]","[296.0, 70]",289.81,231,9.62,0.17
07:40:10,"[285.0, 18]","[284.0, 27]","[293.89, 18]","[295.88, 34]",289.44,97,8.89,-0.07
07:40:11,"[285.0, 34]","[284.0, 51]","[292.41, 34]","[293.41, 34]",288.71,153,7.41,0.11
07:40:12,"[285.0, 36]","[284.0, 54]","[290.56, 36]","[291.56, 36]",287.78,162,5.56,0.11
07:40:13,"[287.8, 149]","[284.48, 29]","[291.57, 42]","[295.33, 54]",289.69,274,3.77,0.3
07:40:14,"[285.0, 22]","[284.0, 33]","[292.0, 44]","[296.0, 66]",288.5,165,7.0,-0.33
07:40:15,"[284.29, 34]","[282.53, 38]","[292.0, 60]","[296.0, 90]",288.15,222,7.71,-0.35
07:40:16,"[284.96, 187]","[281.92, 26]","[290.85, 52]","[295.33, 72]",287.9,337,5.89,0.26
07:40:17,"[285.0, 165]","[283.0, 22]","[292.0, 44]","[294.0, 55]",288.5,286,7.0,0.31
07:40:18,"[285.0, 105]","[283.0, 42]","[292.0, 28]","[294.0, 35]",288.5,210,7.0,0.4
07:40:19,"[286.09, 70]","[284.85, 162]","[292.0, 48]","[294.0, 60]",289.04,340,5.91,0.36
07:40:20,"[288.0, 40]","[285.0, 150]","[292.0, 40]","[294.0, 50]",290.0,280,4.0,0.36
07:40:21,"[288.0, 36]","[285.0, 135]","[291.78, 36]","[293.63, 43]",289.89,250,3.78,0.37
07:40:22,"[285.56, 178]","[284.27, 165]","[291.53, 103]","[293.04, 50]",288.55,496,5.97,0.38
07:40:23,"[285.0, 105]","[283.0, 42]","[292.0, 63]","[299.0, 7]",288.5,217,7.0,0.35
07:40:24,"[285.0, 225]","[283.0, 90]","[292.0, 70]","[299.42, 19]",288.5,404,7.0,0.56
07:40:25,"[285.16, 74]","[284.29, 102]","[292.0, 84]","[298.23, 26]",288.58,286,6.84,0.23
07:40:26,"[285.0, 75]","[283.0, 66]","[292.0, 44]","[294.0, 44]",288.5,229,7.0,0.23
07:40:27,"[285.0, 48]","[283.0, 48]","[292.0, 32]","[294.0, 32]",288.5,160,7.0,0.2
07:40:28,"[285.0, 72]","[283.0, 72]","[291.66, 44]","[293.33, 48]",288.33,236,6.66,0.22
07:40:29,"[285.58, 26]","[284.55, 62]","[289.91, 33]","[292.55, 44]",287.74,165,4.33,0.07
07:40:30,"[287.5, 14]","[285.0, 84]","[289.0, 42]","[294.0, 56]",288.25,196,1.5,0.0
07:40:31,"[285.0, 72]","[283.0, 22]","[293.86, 42]","[295.2, 30]",289.43,166,8.86,0.13
07:40:32,"[285.0, 72]","[283.0, 24]","[293.0, 24]","[294.0, 48]",289.0,168,8.0,0.14
07:40:33,"[284.75, 48]","[279.87, 23]","[292.1, 20]","[294.0, 40]",288.43,131,7.35,0.08
07:40:34,"[285.65, 34]","[281.15, 26]","[291.75, 24]","[294.0, 48]",288.7,132,6.1,-0.09
07:40:35,"[284.0, 18]","[276.55, 40]","[289.07, 28]","[292.86, 56]",286.54,142,5.07,-0.18
07:40:36,"[283.0, 13]","[277.0, 39]","[287.42, 24]","[288.35, 23]",285.21,99,4.42,0.05
07:40:37,"[277.26, 47]","[274.22, 81]","[285.12, 56]","[289.83, 48]",281.19,232,7.87,0.1
07:40:38,"[277.0, 45]","[274.0, 75]","[287.13, 30]","[291.9, 62]",282.07,212,10.13,0.13
07:40:39,"[284.79, 38]","[282.6, 30]","[291.0, 16]","[292.0, 64]",287.89,148,6.21,-0.08
07:40:40,"[285.83, 60]","[284.0, 48]","[290.75, 24]","[291.92, 78]",288.29,210,4.92,0.03
07:40:41,"[287.4, 75]","[284.75, 75]","[289.89, 38]","[291.0, 88]",288.65,276,2.49,0.09
07:40:42,"[287.3, 23]","[283.51, 37]","[289.0, 18]","[290.0, 36]",288.15,114,1.7,0.05
07:40:43,"[284.0, 12]","[283.0, 36]","[289.0, 12]","[290.0, 24]",286.5,84,5.0,0.14
07:40:44,"[284.0, 10]","[283.0, 30]","[288.4, 10]","[290.0, 20]",286.2,70,4.4,0.14
07:40:45,"[285.88, 17]","[284.0, 34]","[289.59, 34]","[292.43, 84]",287.74,169,3.71,-0.4
07:40:46,"[287.09, 11]","[284.0, 22]","[292.85, 54]","[360.55, 44]",289.97,131,5.76,-0.5
07:40:47,"[283.43, 46]","[280.07, 29]","[292.64, 56]","[293.18, 34]",288.04,165,9.21,-0.09
07:40:48,"[285.8, 60]","[280.86, 42]","[291.0, 60]","[292.0, 40]",288.4,202,5.2,0.01
07:40:49,"[286.47, 68]","[284.68, 114]","[291.0, 72]","[292.11, 27]",288.74,281,4.53,0.3
07:40:50,"[283.8, 80]","[276.69, 29]","[291.0, 80]","[293.0, 10]",287.4,199,7.2,0.1
07:40:51,"[283.0, 66]","[271.64, 22]","[290.47, 34]","[291.1, 42]",286.74,164,7.47,0.07
07:40:52,"[283.0, 96]","[278.0, 32]","[287.4, 47]","[289.24, 33]",285.2,208,4.4,0.23
07:40:53,"[282.39, 82]","[277.59, 34]","[284.16, 38]","[285.09, 47]",283.27,201,1.77,0.15
07:40:54,"[279.89, 94]","[279.4, 60]","[283.0, 30]","[284.0, 20]",281.45,204,3.11,0.51
07:40:55,"[281.0, 85]","[280.0, 272]","[282.59, 51]","[284.0, 34]",281.79,442,1.59,0.62
07:40:56,"[281.0, 43]","[280.0, 176]","[282.55, 29]","[286.55, 22]",281.78,270,1.55,0.62
07:40:57,"[281.0, 20]","[280.0, 160]","[283.5, 20]","[291.22, 23]",282.25,223,2.5,0.61
07:40:58,"[282.42, 152]","[280.8, 82]","[292.0, 91]","[297.0, 52]",287.21,377,9.58,0.24
07:40:59,"[283.74, 54]","[282.96, 192]","[292.0, 98]","[297.0, 56]",287.87,400,8.26,0.23
07:41:00,"[287.24, 104]","[283.6, 89]","[292.0, 91]","[297.0, 52]",289.62,336,4.76,0.15
07:41:01,"[288.08, 145]","[287.44, 93]","[291.39, 59]","[351.73, 45]",289.74,342,3.31,0.39
07:41:02,"[287.25, 95]","[280.12, 116]","[288.37, 19]","[291.0, 76]",287.81,306,1.12,0.38
07:41:03,"[284.17, 24]","[279.97, 78]","[290.83, 46]","[293.2, 30]",287.5,178,6.66,0.15
07:41:04,"[278.6, 100]","[275.67, 176]","[291.78, 36]","[294.89, 65]",285.19,377,13.18,0.46
07:41:05,"[284.0, 12]","[276.0, 180]","[290.8, 40]","[292.4, 20]",287.4,252,6.8,0.52
07:41:06,"[276.17, 138]","[275.71, 63]","[290.0, 48]","[294.33, 54]",283.09,303,13.83,0.33
07:41:07,"[276.0, 135]","[274.03, 123]","[290.0, 36]","[295.0, 63]",283.0,357,14.0,0.45
07:41:08,"[276.0, 225]","[274.12, 135]","[289.67, 60]","[295.0, 85]",282.83,505,13.67,0.43
07:41:09,"[276.0, 170]","[275.0, 24]","[287.75, 48]","[293.85, 54]",281.88,296,11.75,0.31
07:41:10,"[276.43, 138]","[275.7, 47]","[286.39, 46]","[288.45, 33]",281.41,264,9.96,0.4
07:41:11,"[277.11, 270]","[273.25, 348]","[285.39, 72]","[287.89, 54]",281.25,744,8.28,0.66
07:41:12,"[278.72, 270]","[273.0, 434]","[284.39, 72]","[287.4, 47]",281.56,823,5.67,0.71
07:41:13,"[279.54, 173]","[275.94, 264]","[283.0, 68]","[285.63, 54]",281.27,559,3.46,0.56
07:41:14,"[282.6, 105]","[279.71, 181]","[285.16, 44]","[288.62, 29]",283.88,359,2.56,0.59
07:41:15,"[287.11, 36]","[284.93, 88]","[292.36, 56]","[349.8, 45]",289.73,225,5.25,0.1
07:41:16,"[291.0, 11]","[290.0, 11]","[293.36, 44]","[401.12, 32]",292.18,98,2.36,-0.55
07:41:17,"[286.93, 28]","[284.22, 83]","[293.98, 47]","[328.09, 46]",290.45,204,7.05,0.09
07:41:18,"[286.33, 60]","[285.0, 75]","[294.52, 33]","[295.37, 51]",290.42,219,8.18,0.23
07:41:19,"[287.0, 68]","[285.0, 85]","[290.4, 25]","[292.72, 43]",288.7,221,3.4,0.38
07:41:20,"[287.22, 46]","[285.0, 60]","[289.0, 36]","[290.0, 12]",288.11,154,1.78,0.38
07:41:21,"[285.6, 50]","[283.34, 145]","[288.83, 23]","[290.0, 13]",287.21,231,3.23,0.69
07:41:22,"[285.0, 69]","[283.0, 255]","[287.08, 24]","[288.94, 17]",286.04,365,2.08,0.78
07:41:23,"[285.0, 35]","[283.0, 165]","[286.91, 11]","[288.0, 11]",285.95,222,1.91,0.8
07:41:24,"[283.17, 145]","[282.0, 54]","[284.92, 12]","[287.59, 34]",284.04,245,1.75,0.62
07:41:25,"[283.0, 187]","[277.0, 14]","[286.93, 14]","[292.69, 32]",284.96,247,3.93,0.63
07:41:26,"[283.33, 136]","[282.66, 124]","[286.19, 16]","[289.75, 16]",284.76,292,2.86,0.78
07:41:27,"[283.28, 126]","[282.47, 98]","[286.93, 14]","[291.86, 14]",285.1,252,3.65,0.78
07:41:28,"[283.0, 78]","[275.0, 6]","[288.5, 6]","[290.0, 6]",285.75,96,5.5,0.75
07:41:29,"[283.0, 65]","[275.0, 5]","[288.0, 5]","[290.0, 5]",285.5,80,5.0,0.75
07:41:30,"[283.0, 156]","[275.0, 12]","[287.33, 12]","[290.0, 12]",285.17,192,4.33,0.75
07:41:31,"[283.05, 79]","[280.2, 20]","[286.0, 8]","[290.0, 8]",284.53,115,2.95,0.72
07:41:32,"[283.0, 84]","[276.0, 8]","[285.38, 8]","[289.62, 8]",284.19,108,2.38,0.7
07:41:33,"[283.0, 79]","[276.0, 9]","[285.33, 9]","[290.56, 9]",284.17,106,2.33,0.66
07:41:34,"[288.69, 13]","[283.43, 35]","[290.0, 7]","[295.0, 7]",289.35,62,1.31,0.55
07:41:35,"[286.85, 13]","[278.41, 71]","[295.0, 11]","[298.0, 22]",290.92,117,8.15,0.44
07:41:36,"[277.78, 45]","[275.11, 73]","[292.71, 14]","[297.77, 26]",285.25,158,14.94,0.49
07:41:37,"[278.29, 56]","[276.0, 73]","[286.64, 11]","[297.0, 17]",282.46,157,8.35,0.64
07:41:38,"[275.97, 111]","[274.63, 112]","[290.18, 17]","[295.12, 17]",283.07,257,14.2,0.74
07:41:39,"[275.0, 228]","[242.0, 12]","[289.0, 20]","[291.0, 12]",282.0,272,14.0,0.76
07:41:40,"[282.34, 103]","[278.09, 66]","[287.23, 13]","[289.23, 13]",284.79,195,4.89,0.73
07:41:41,"[284.0, 69]","[282.0, 33]","[287.64, 11]","[293.89, 19]",285.82,132,3.64,0.55
07:41:42,"[284.22, 46]","[283.25, 48]","[289.0, 11]","[295.0, 22]",286.61,127,4.78,0.48
07:41:43,"[285.0, 16]","[284.0, 48]","[289.0, 8]","[295.0, 16]",287.0,88,4.0,0.45
07:41:44,"[284.5, 36]","[283.86, 63]","[289.0, 12]","[295.0, 24]",286.75,135,4.5,0.47
07:41:45,"[284.0, 56]","[283.0, 30]","[289.0, 10]","[295.0, 20]",286.5,116,5.0,0.48
07:41:46,"[285.0, 75]","[284.0, 30]","[288.33, 30]","[294.16, 25]",286.67,160,3.33,0.31
07:41:47,"[286.04, 70]","[283.61, 46]","[288.7, 50]","[292.94, 32]",287.37,198,2.66,0.17
07:41:48,"[285.15, 13]","[284.0, 26]","[292.54, 13]","[295.0, 26]",288.85,78,7.38,0.0
07:41:49,"[286.53, 15]","[284.42, 24]","[293.0, 13]","[295.0, 26]",289.77,78,6.47,0.0
07:41:50,"[290.77, 13]","[288.88, 16]","[293.0, 13]","[295.0, 26]",291.88,68,2.23,-0.15
07:41:51,"[291.09, 23]","[289.0, 16]","[294.2, 20]","[324.33, 36]",292.64,95,3.11,-0.18
07:41:52,"[284.68, 19]","[283.49, 35]","[295.0, 32]","[298.0, 48]",289.84,134,10.32,-0.19
07:41:53,"[286.38, 16]","[284.0, 32]","[295.0, 32]","[298.0, 48]",290.69,128,8.62,-0.25
07:41:54,"[287.62, 13]","[284.0, 26]","[292.0, 26]","[295.83, 18]",289.81,83,4.38,-0.06
07:41:55,"[288.13, 15]","[284.0, 30]","[292.0, 30]","[296.0, 15]",290.07,90,3.87,0.0
07:41:56,"[289.64, 11]","[286.0, 176]","[292.0, 22]","[296.0, 11]",290.82,220,2.36,0.7
07:41:57,"[286.03, 142]","[283.72, 89]","[292.0, 24]","[296.0, 12]",289.01,267,5.97,0.73
07:41:58,"[286.0, 132]","[285.0, 33]","[292.0, 22]","[296.0, 11]",289.0,198,6.0,0.67
07:41:59,"[286.01, 97]","[285.33, 36]","[292.0, 18]","[296.0, 9]",289.01,160,5.99,0.66
07:42:00,"[286.0, 156]","[285.0, 39]","[292.0, 26]","[294.45, 31]",289.0,252,6.0,0.55
07:42:01,"[286.0, 144]","[285.0, 36]","[290.46, 35]","[293.25, 32]",288.23,247,4.46,0.46
07:42:02,"[286.0, 52]","[285.0, 24]","[289.84, 25]","[295.6, 45]",287.92,146,3.84,0.04
07:42:03,"[286.0, 84]","[285.0, 42]","[287.64, 56]","[290.0, 42]",286.82,224,1.64,0.12
07:42:04,"[285.78, 27]","[283.98, 43]","[288.78, 36]","[295.51, 35]",287.28,141,3.0,-0.01
07:42:05,"[285.2, 15]","[283.24, 75]","[295.0, 36]","[299.0, 9]",290.1,135,9.8,0.33
07:42:06,"[285.0, 12]","[283.0, 66]","[295.0, 24]","[299.0, 6]",290.0,108,10.0,0.44
07:42:07,"[285.0, 14]","[283.0, 77]","[295.0, 28]","[299.0, 7]",290.0,126,10.0,0.44
07:42:08,"[285.0, 22]","[283.0, 121]","[295.0, 44]","[299.0, 11]",290.0,198,10.0,0.44
07:42:09,"[285.0, 11]","[283.0, 44]","[295.0, 16]","[299.0, 4]",290.0,75,10.0,0.47
07:42:10,"[283.62, 32]","[282.82, 88]","[295.0, 40]","[299.75, 20]",289.31,180,11.38,0.33
07:42:11,"[284.0, 10]","[283.0, 44]","[295.0, 40]","[299.6, 30]",289.5,124,11.0,-0.13
07:42:12,"[284.0, 7]","[283.0, 23]","[295.0, 28]","[298.0, 21]",289.5,79,11.0,-0.24
07:42:13,"[284.0, 8]","[283.0, 40]","[294.07, 59]","[297.08, 26]",289.03,133,10.07,-0.28
07:42:14,"[284.95, 37]","[283.33, 15]","[292.57, 35]","[294.0, 28]",288.76,115,7.63,-0.1
07:42:15,"[285.6, 67]","[284.0, 13]","[291.15, 65]","[294.0, 52]",288.38,197,5.56,-0.19
07:42:16,"[288.0, 45]","[284.0, 15]","[290.13, 75]","[295.47, 60]",289.07,195,2.13,-0.38
07:42:17,"[283.88, 48]","[282.16, 98]","[290.0, 40]","[295.85, 59]",286.94,245,6.12,0.19
07:42:18,"[283.0, 44]","[282.0, 66]","[287.75, 24]","[290.33, 42]",285.38,176,4.75,0.25
07:42:19,"[283.0, 6]","[282.0, 36]","[286.71, 14]","[287.91, 22]",284.86,78,3.71,0.08
07:42:20,"[283.0, 8]","[282.0, 48]","[286.0, 32]","[287.0, 16]",284.5,104,3.0,0.08
07:42:21,"[282.19, 37]","[279.07, 82]","[284.85, 41]","[286.43, 28]",283.52,188,2.66,0.27
07:42:22,"[282.0, 48]","[276.0, 96]","[283.3, 20]","[286.31, 26]",282.65,190,1.3,0.52
07:42:23,"[282.0, 13]","[276.43, 28]","[283.0, 5]","[288.0, 10]",282.5,56,1.0,0.46
07:42:24,"[283.88, 102]","[276.69, 52]","[291.57, 21]","[292.91, 22]",287.73,197,7.69,0.56
07:42:25,"[284.18, 40]","[282.34, 101]","[292.0, 20]","[293.0, 20]",288.09,181,7.82,0.56
07:42:26,"[284.04, 75]","[279.4, 94]","[292.0, 22]","[293.75, 40]",288.02,231,7.96,0.46
07:42:27,"[284.0, 48]","[278.0, 48]","[292.0, 12]","[294.0, 30]",288.0,138,8.0,0.39
07:42:28,"[285.33, 79]","[280.31, 104]","[292.9, 51]","[294.38, 63]",289.12,297,7.57,0.23
07:42:29,"[291.0, 18]","[284.0, 48]","[293.0, 48]","[295.0, 30]",292.0,144,2.0,-0.08
07:42:30,"[291.0, 23]","[284.0, 72]","[293.0, 72]","[295.0, 45]",292.0,212,2.0,-0.1
07:42:31,"[291.0, 16]","[284.28, 43]","[293.0, 64]","[295.0, 40]",292.0,163,2.0,-0.28
07:42:32,"[291.0, 20]","[288.0, 10]","[293.0, 80]","[295.0, 50]",292.0,160,2.0,-0.62
07:42:33,"[291.0, 8]","[288.0, 4]","[292.0, 12]","[293.0, 32]",291.5,56,1.0,-0.57
07:42:34,"[289.33, 9]","[284.36, 44]","[292.0, 27]","[293.0, 40]",290.67,120,2.67,-0.12
07:42:35,"[288.0, 12]","[284.0, 96]","[291.42, 36]","[293.0, 48]",289.71,192,3.42,0.12
07:42:36,"[288.0, 10]","[284.0, 80]","[290.2, 30]","[293.0, 40]",289.1,160,2.2,0.12
07:42:37,"[284.82, 44]","[281.81, 156]","[289.6, 40]","[292.55, 44]",287.21,284,4.78,0.41
07:42:38,"[286.0, 51]","[284.0, 75]","[288.03, 58]","[292.04, 55]",287.02,239,2.03,0.05
07:42:39,"[285.35, 92]","[282.94, 108]","[291.25, 48]","[295.11, 76]",288.3,324,5.9,0.23
07:42:40,"[287.0, 136]","[284.0, 85]","[292.47, 34]","[294.47, 68]",289.74,323,5.47,0.37
07:42:41,"[288.0, 128]","[284.0, 85]","[291.0, 34]","[296.36, 112]",289.5,359,3.0,0.19
07:42:42,"[289.64, 59]","[284.0, 118]","[295.0, 30]","[297.7, 43]",292.32,250,5.36,0.42
07:42:43,"[290.0, 52]","[284.0, 286]","[295.85, 52]","[297.12, 51]",292.92,441,5.85,0.53
07:42:44,"[290.0, 72]","[284.0, 396]","[292.17, 72]","[298.93, 85]",291.08,625,2.17,0.5
07:42:45,"[284.29, 136]","[281.83, 69]","[301.0, 21]","[302.0, 28]",292.64,254,16.71,0.61
07:42:46,"[286.5, 130]","[284.67, 67]","[301.0, 30]","[302.0, 40]",293.75,267,14.5,0.48
07:42:47,"[290.79, 187]","[287.68, 206]","[301.0, 121]","[302.84, 76]",295.9,590,10.21,0.33
07:42:48,"[293.62, 169]","[291.0, 104]","[301.0, 91]","[303.0, 52]",297.31,416,7.38,0.31
07:42:49,"[294.0, 78]","[291.0, 48]","[301.0, 42]","[303.0, 24]",297.5,192,7.0,0.31
07:42:50,"[294.0, 130]","[291.0, 80]","[301.0, 70]","[303.0, 40]",297.5,320,7.0,0.31
07:42:51,"[294.0, 156]","[291.0, 96]","[300.4, 60]","[301.44, 72]",297.2,384,6.4,0.31
07:42:52,"[294.0, 208]","[291.0, 128]","[297.25, 64]","[301.0, 60]",295.62,460,3.25,0.46
07:42:53,"[294.0, 169]","[291.0, 104]","[296.23, 52]","[301.13, 31]",295.12,356,2.23,0.53
07:42:54,"[294.0, 112]","[291.0, 96]","[300.35, 51]","[303.59, 34]",297.18,293,6.35,0.42
07:42:55,"[294.0, 28]","[291.0, 48]","[302.0, 24]","[304.0, 18]",298.0,118,8.0,0.29
07:42:56,"[294.0, 14]","[291.0, 56]","[301.86, 28]","[303.36, 22]",297.93,120,7.86,0.17
07:42:57,"[294.0, 20]","[291.0, 80]","[300.1, 40]","[302.8, 61]",297.05,201,6.1,-0.0
07:42:58,"[292.92, 26]","[290.85, 78]","[299.4, 40]","[303.0, 70]",296.16,214,6.48,-0.03
07:42:59,"[292.0, 38]","[291.0, 152]","[298.44, 72]","[301.17, 77]",295.22,339,6.44,0.12
07:43:00,"[292.0, 28]","[291.0, 112]","[295.04, 52]","[297.12, 51]",293.52,243,3.04,0.15
07:43:01,"[291.11, 57]","[289.73, 66]","[292.5, 30]","[294.8, 50]",291.8,203,1.39,0.21
07:43:02,"[289.77, 39]","[288.5, 60]","[291.64, 28]","[298.67, 45]",290.71,172,1.87,0.15
07:43:03,"[289.0, 40]","[288.0, 65]","[296.69, 32]","[297.07, 28]",292.84,165,7.69,0.27
07:43:04,"[289.0, 18]","[288.0, 45]","[300.0, 18]","[301.0, 45]",294.5,126,11.0,0.0
07:43:05,"[289.8, 71]","[288.31, 51]","[299.4, 30]","[301.0, 75]",294.6,227,9.6,0.07
07:43:06,"[290.6, 60]","[289.0, 20]","[299.0, 20]","[302.4, 50]",294.8,150,8.4,0.07
07:43:07,"[291.87, 90]","[289.0, 30]","[298.47, 30]","[303.0, 75]",295.17,225,6.6,0.07
07:43:08,"[292.0, 114]","[289.0, 38]","[297.58, 38]","[302.79, 97]",294.79,287,5.58,0.06
07:43:09,"[292.0, 36]","[289.0, 12]","[296.0, 12]","[301.0, 45]",294.0,105,4.0,-0.09
07:43:10,"[292.0, 60]","[289.0, 20]","[296.0, 20]","[300.92, 52]",294.0,152,4.0,0.05
07:43:11,"[292.0, 54]","[289.0, 18]","[295.11, 18]","[300.94, 51]",293.56,141,3.11,0.02
07:43:12,"[292.0, 78]","[289.0, 26]","[295.0, 26]","[299.89, 54]",293.5,184,3.0,0.13
07:43:13,"[292.0, 84]","[289.0, 28]","[293.71, 28]","[299.0, 42]",292.86,182,1.71,0.23
07:43:14,"[292.0, 30]","[289.0, 16]","[299.77, 31]","[303.34, 35]",295.89,112,7.77,-0.18
07:43:15,"[292.0, 11]","[290.38, 13]","[303.0, 77]","[306.6, 20]",297.5,121,11.0,-0.6
07:43:16,"[292.0, 8]","[291.0, 8]","[302.0, 48]","[303.9, 20]",297.0,84,10.0,-0.62
07:43:17,"[292.0, 7]","[291.0, 7]","[301.45, 31]","[303.7, 27]",296.73,72,9.45,-0.61
07:43:18,"[292.0, 10]","[291.0, 10]","[301.89, 27]","[303.52, 29]",296.94,76,9.89,-0.47
07:43:19,"[292.0, 14]","[291.0, 14]","[301.0, 42]","[304.0, 70]",296.5,140,9.0,-0.6
07:43:20,"[292.0, 18]","[291.0, 18]","[300.16, 62]","[303.71, 59]",296.08,157,8.16,-0.54
07:43:21,"[293.0, 11]","[292.0, 11]","[297.67, 43]","[299.41, 37]",295.34,102,4.67,-0.57
07:43:22,"[292.07, 15]","[289.56, 43]","[295.77, 71]","[297.25, 53]",293.92,182,3.71,-0.36
07:43:23,"[291.0, 12]","[289.0, 60]","[296.33, 54]","[299.25, 36]",293.67,162,5.33,-0.11
07:43:24,"[286.6, 47]","[286.0, 48]","[297.7, 53]","[301.25, 60]",292.15,208,11.1,-0.09
07:43:25,"[287.0, 20]","[286.0, 80]","[293.7, 66]","[295.14, 56]",290.35,222,6.7,-0.1
07:43:26,"[287.0, 14]","[286.0, 56]","[290.16, 44]","[291.18, 40]",288.58,154,3.16,-0.09
07:43:27,"[286.21, 38]","[285.44, 72]","[287.72, 47]","[289.16, 49]",286.97,206,1.51,0.07
07:43:28,"[286.0, 33]","[285.0, 55]","[287.0, 44]","[289.0, 33]",286.5,165,1.0,0.07
07:43:29,"[286.0, 57]","[285.0, 97]","[287.0, 76]","[289.0, 57]",286.5,287,1.0,0.07
07:43:30,"[285.62, 95]","[284.8, 60]","[288.81, 43]","[297.34, 44]",287.22,242,3.19,0.28
07:43:31,"[286.0, 104]","[285.0, 78]","[287.87, 15]","[290.1, 41]",286.93,238,1.87,0.53
07:43:32,"[286.0, 72]","[285.0, 63]","[287.0, 9]","[289.0, 27]",286.5,171,1.0,0.58
07:43:33,"[285.09, 92]","[284.18, 34]","[286.33, 27]","[293.4, 45]",285.71,198,1.25,0.27
07:43:34,"[285.0, 36]","[284.0, 12]","[291.81, 26]","[296.67, 15]",288.4,89,6.81,0.08
07:43:35,"[285.0, 66]","[284.0, 36]","[292.0, 60]","[294.18, 57]",288.5,219,7.0,-0.07
07:43:36,"[286.09, 44]","[284.63, 76]","[292.0, 70]","[294.0, 70]",289.05,260,5.91,-0.08
07:43:37,"[288.14, 66]","[285.0, 100]","[290.87, 92]","[291.73, 110]",289.5,368,2.73,-0.1
07:43:38,"[285.0, 120]","[279.86, 112]","[290.5, 60]","[292.0, 60]",287.75,352,5.5,0.32
07:43:39,"[285.0, 130]","[279.0, 104]","[288.38, 65]","[292.9, 62]",286.69,361,3.38,0.3
07:43:40,"[285.04, 115]","[280.24, 121]","[287.0, 85]","[295.0, 85]",286.02,406,1.96,0.16
07:43:41,"[285.33, 30]","[283.0, 70]","[286.73, 75]","[295.0, 75]",286.03,250,1.4,-0.2
07:43:42,"[283.44, 36]","[279.98, 47]","[294.09, 53]","[298.69, 64]",288.77,200,10.65,-0.17
07:43:43,"[287.0, 30]","[278.0, 45]","[293.47, 15]","[295.0, 75]",290.23,165,6.47,-0.09
07:43:44,"[287.0, 22]","[280.27, 33]","[293.0, 11]","[297.35, 46]",290.0,112,6.0,-0.02
07:43:45,"[287.0, 34]","[285.0, 51]","[292.18, 17]","[298.0, 68]",289.59,170,5.18,0.0
07:43:46,"[287.97, 72]","[286.81, 31]","[290.2, 15]","[297.53, 60]",289.09,178,2.23,0.16
07:43:47,"[288.0, 50]","[287.0, 24]","[294.83, 12]","[296.95, 42]",291.42,128,6.83,0.16
07:43:48,"[288.65, 65]","[287.35, 34]","[296.62, 26]","[298.24, 58]",292.63,183,7.97,0.08
07:43:49,"[288.94, 68]","[287.0, 34]","[297.0, 68]","[301.0, 102]",292.97,272,8.06,-0.25
07:43:50,"[287.58, 24]","[285.55, 29]","[296.07, 42]","[300.25, 61]",291.83,156,8.49,-0.32
07:43:51,"[288.0, 22]","[287.0, 22]","[289.18, 33]","[291.0, 33]",288.59,110,1.18,-0.2
07:43:52,"[287.2, 20]","[285.29, 28]","[297.04, 50]","[298.74, 50]",292.12,148,9.84,-0.35
07:43:53,"[284.75, 32]","[280.43, 84]","[296.5, 44]","[298.83, 71]",290.62,231,11.75,0.0
07:43:54,"[278.0, 18]","[277.0, 108]","[293.31, 51]","[297.53, 17]",285.66,194,15.31,0.3
07:43:55,"[278.23, 26]","[277.02, 161]","[294.49, 87]","[294.94, 32]",286.36,306,16.26,0.22
07:43:56,"[277.67, 107]","[276.67, 129]","[291.26, 57]","[292.19, 75]",284.47,368,13.59,0.28
07:43:57,"[279.0, 105]","[277.0, 135]","[287.62, 48]","[287.95, 21]",283.31,309,8.62,0.55
07:43:58,"[279.09, 146]","[277.18, 158]","[283.31, 45]","[284.09, 44]",281.2,393,4.22,0.55
07:43:59,"[279.61, 242]","[275.0, 260]","[283.79, 56]","[286.66, 99]",281.7,657,4.18,0.53
07:44:00,"[275.85, 129]","[271.61, 99]","[290.0, 55]","[293.0, 77]",282.93,360,14.15,0.27
07:44:01,"[276.0, 77]","[275.0, 49]","[291.27, 33]","[293.19, 43]",283.64,202,15.27,0.25
07:44:02,"[276.43, 127]","[275.3, 110]","[290.0, 70]","[293.41, 68]",283.21,375,13.57,0.26
07:44:03,"[276.12, 156]","[275.07, 163]","[290.0, 69]","[293.6, 60]",283.06,448,13.88,0.42
07:44:04,"[276.31, 176]","[275.0, 256]","[283.79, 47]","[288.34, 59]",280.05,538,7.47,0.61
07:44:05,"[277.46, 143]","[275.0, 208]","[281.0, 50]","[282.0, 26]",279.23,427,3.54,0.64
07:44:06,"[279.17, 139]","[275.0, 142]","[282.33, 30]","[287.83, 60]",280.75,371,3.17,0.51
07:44:07,"[277.45, 55]","[274.33, 76]","[289.0, 50]","[291.0, 40]",283.23,221,11.55,0.19
07:44:08,"[275.23, 44]","[274.49, 74]","[289.0, 50]","[291.0, 40]",282.11,208,13.77,0.13
07:44:09,"[277.03, 29]","[273.93, 45]","[289.0, 49]","[291.0, 44]",283.02,167,11.97,-0.11
07:44:10,"[285.0, 5]","[274.2, 30]","[289.0, 20]","[291.0, 20]",287.0,75,4.0,-0.07
07:44:11,"[285.31, 13]","[274.34, 65]","[289.0, 44]","[291.0, 44]",287.15,166,3.69,-0.06
07:44:12,"[286.0, 22]","[285.0, 14]","[289.0, 34]","[291.0, 44]",287.5,114,3.0,-0.37
07:44:13,"[286.86, 28]","[285.0, 56]","[289.0, 56]","[291.0, 56]",287.93,196,2.14,-0.14
07:44:14,"[286.38, 26]","[284.25, 48]","[288.76, 34]","[312.66, 38]",287.57,146,2.38,0.01
07:44:15,"[285.0, 24]","[282.0, 36]","[289.0, 12]","[290.0, 12]",287.0,84,4.0,0.43
07:44:16,"[285.39, 46]","[283.09, 66]","[288.23, 26]","[290.5, 32]",286.81,170,2.84,0.32
07:44:17,"[286.5, 24]","[285.08, 48]","[291.94, 32]","[312.92, 39]",289.22,143,5.44,0.01
07:44:18,"[292.0, 9]","[286.0, 18]","[294.0, 45]","[549.82, 33]",293.0,105,2.0,-0.49
07:44:19,"[292.0, 5]","[286.0, 10]","[294.0, 25]","[309.88, 17]",293.0,57,2.0,-0.47
07:44:20,"[292.0, 9]","[286.46, 26]","[294.0, 45]","[311.33, 36]",293.0,116,2.0,-0.4
07:44:21,"[292.0, 11]","[286.0, 22]","[294.0, 55]","[434.82, 44]",293.0,132,2.0,-0.5
07:44:22,"[290.29, 14]","[286.67, 36]","[293.66, 50]","[354.48, 44]",291.97,144,3.37,-0.31
07:44:23,"[286.93, 58]","[285.3, 23]","[288.45, 11]","[292.26, 19]",287.69,111,1.52,0.46
07:44:24,"[287.16, 67]","[286.0, 11]","[293.81, 43]","[323.46, 39]",290.49,160,6.65,-0.03
07:44:25,"[288.0, 13]","[286.0, 8]","[292.0, 16]","[294.0, 40]",290.0,77,4.0,-0.45
07:44:26,"[288.45, 11]","[286.0, 11]","[291.82, 22]","[294.82, 55]",290.14,99,3.36,-0.56
07:44:27,"[286.0, 13]","[285.0, 52]","[291.0, 26]","[295.15, 65]",288.5,156,5.0,-0.17
07:44:28,"[286.0, 10]","[285.0, 40]","[289.9, 20]","[296.0, 50]",287.95,120,3.9,-0.17
07:44:29,"[286.0, 8]","[285.0, 32]","[287.88, 16]","[295.89, 38]",286.94,94,1.88,-0.15
07:44:30,"[285.03, 33]","[276.43, 28]","[286.76, 21]","[296.52, 42]",285.9,124,1.73,-0.02
07:44:31,"[275.59, 88]","[272.33, 108]","[282.2, 30]","[289.5, 32]",278.9,258,6.61,0.52
07:44:32,"[276.18, 221]","[275.0, 51]","[280.69, 36]","[284.58, 24]",278.44,332,4.52,0.64
07:44:33,"[278.62, 208]","[273.0, 36]","[282.21, 29]","[283.19, 27]",280.42,300,3.58,0.63
07:44:34,"[279.01, 144]","[273.26, 46]","[281.0, 23]","[283.0, 24]",280.0,237,1.99,0.6
07:44:35,"[279.02, 141]","[272.06, 70]","[288.59, 34]","[291.28, 43]",283.8,288,9.57,0.47
07:44:36,"[288.1, 125]","[287.42, 156]","[290.73, 22]","[295.62, 64]",289.41,367,2.63,0.53
07:44:37,"[288.64, 154]","[287.0, 126]","[290.0, 48]","[320.56, 57]",289.32,385,1.36,0.45
07:44:38,"[289.0, 99]","[287.0, 81]","[290.0, 27]","[339.59, 39]",289.5,246,1.0,0.46
07:44:39,"[289.0, 88]","[287.0, 72]","[290.0, 24]","[335.03, 33]",289.5,217,1.0,0.47
07:44:40,"[288.06, 104]","[286.88, 72]","[292.81, 47]","[323.31, 51]",290.43,274,4.75,0.28
07:44:41,"[290.0, 56]","[287.0, 63]","[293.0, 28]","[347.0, 35]",291.5,182,3.0,0.31
07:44:42,"[290.0, 40]","[287.0, 90]","[293.0, 40]","[357.69, 26]",291.5,196,3.0,0.33
07:44:43,"[290.0, 18]","[286.9, 30]","[293.0, 24]","[340.0, 6]",291.5,78,3.0,0.23
07:44:44,"[290.0, 42]","[287.0, 28]","[291.86, 56]","[296.26, 47]",290.93,173,1.86,-0.19
07:44:45,"[287.71, 14]","[285.36, 22]","[291.0, 40]","[296.0, 40]",289.36,116,3.29,-0.38
07:44:46,"[286.0, 11]","[284.75, 20]","[289.73, 44]","[294.73, 44]",287.86,119,3.73,-0.48
07:44:47,"[284.25, 20]","[280.58, 26]","[287.33, 72]","[289.91, 70]",285.79,188,3.08,-0.51
07:44:48,"[278.0, 22]","[275.0, 55]","[286.37, 41]","[288.88, 34]",282.18,152,8.37,0.01
07:44:49,"[278.0, 24]","[275.12, 40]","[283.41, 39]","[284.73, 45]",280.71,148,5.41,-0.14
07:44:50,"[278.0, 22]","[276.0, 11]","[279.82, 44]","[281.0, 33]",278.91,110,1.82,-0.4
07:44:51,"[278.0, 14]","[275.13, 23]","[279.0, 21]","[281.0, 21]",278.5,79,1.0,-0.06
07:44:52,"[278.0, 16]","[275.0, 40]","[280.25, 24]","[282.38, 29]",279.12,109,2.25,0.03
07:44:53,"[280.0, 9]","[278.0, 18]","[281.0, 27]","[283.0, 36]",280.5,90,1.0,-0.4
07:44:54,"[280.0, 11]","[278.0, 22]","[281.0, 36]","[282.0, 11]",280.5,80,1.0,-0.17
07:44:55,"[280.0, 11]","[278.36, 25]","[281.0, 38]","[282.0, 11]",280.5,85,1.0,-0.15
07:44:56,"[280.0, 12]","[278.0, 24]","[281.0, 36]","[282.0, 12]",280.5,84,1.0,-0.14
07:44:57,"[280.0, 7]","[278.0, 14]","[281.0, 18]","[282.0, 7]",280.5,46,1.0,-0.09
07:44:58,"[280.0, 10]","[278.0, 20]","[281.0, 10]","[282.0, 10]",280.5,50,1.0,0.2
07:44:59,"[283.32, 59]","[278.52, 27]","[288.0, 34]","[290.0, 34]",285.66,154,4.68,0.12
07:45:00,"[284.0, 63]","[280.0, 9]","[288.0, 18]","[290.0, 18]",286.0,108,4.0,0.33
07:45:01,"[284.0, 56]","[280.0, 8]","[290.0, 8]","[294.0, 21]",287.0,93,6.0,0.38
07:45:02,"[284.0, 63]","[280.0, 9]","[290.0, 9]","[294.0, 18]",287.0,99,6.0,0.45
07:45:03,"[284.0, 68]","[280.0, 11]","[290.0, 11]","[294.0, 22]",287.0,112,6.0,0.41
07:45:04,"[284.33, 36]","[280.48, 21]","[290.0, 15]","[294.0, 30]",287.17,102,5.67,0.12
07:45:05,"[285.0, 40]","[284.0, 20]","[290.0, 10]","[294.0, 20]",287.5,90,5.0,0.33
07:45:06,"[285.0, 28]","[284.0, 14]","[290.0, 7]","[294.0, 14]",287.5,63,5.0,0.33
07:45:07,"[286.81, 43]","[285.64, 44]","[292.22, 18]","[295.22, 41]",289.52,146,5.41,0.19
07:45:08,"[286.39, 46]","[284.57, 28]","[292.75, 32]","[294.0, 30]",289.57,136,6.36,0.09
07:45:09,"[286.05, 38]","[284.04, 27]","[288.1, 41]","[291.18, 22]",287.08,128,2.04,0.02
07:45:10,"[285.0, 12]","[284.0, 24]","[287.08, 36]","[289.33, 12]",286.04,84,2.08,-0.14
07:45:11,"[284.41, 22]","[281.06, 32]","[286.35, 34]","[288.87, 31]",285.38,119,1.94,-0.09
07:45:12,"[286.0, 12]","[284.0, 24]","[292.0, 12]","[294.0, 24]",289.0,72,6.0,0.0
07:45:13,"[284.5, 28]","[280.25, 40]","[288.0, 26]","[289.65, 34]",286.25,128,3.5,0.06
07:45:14,"[284.0, 27]","[278.0, 33]","[286.45, 22]","[287.8, 30]",285.23,112,2.45,0.07
07:45:15,"[278.34, 35]","[277.21, 14]","[287.25, 24]","[289.46, 28]",282.8,101,8.91,-0.03
07:45:16,"[278.0, 24]","[277.0, 8]","[293.0, 16]","[294.0, 8]",285.5,56,15.0,0.14
07:45:17,"[278.0, 39]","[277.0, 13]","[293.0, 26]","[294.0, 13]",285.5,91,15.0,0.14
07:45:18,"[278.0, 24]","[277.0, 8]","[293.0, 16]","[294.0, 8]",285.5,56,15.0,0.14
07:45:19,"[278.5, 32]","[276.94, 16]","[293.0, 24]","[294.0, 12]",285.75,84,14.5,0.14
07:45:20,"[284.0, 39]","[279.0, 13]","[293.0, 31]","[294.0, 13]",288.5,96,9.0,0.08
07:45:21,"[284.0, 33]","[279.0, 44]","[293.0, 77]","[294.0, 11]",288.5,165,9.0,-0.07
07:45:22,"[284.0, 36]","[279.0, 48]","[293.0, 84]","[294.0, 12]",288.5,180,9.0,-0.07
07:45:23,"[284.0, 26]","[279.0, 56]","[291.68, 56]","[292.9, 59]",287.84,197,7.68,-0.17
07:45:24,"[281.14, 21]","[278.29, 42]","[290.33, 36]","[293.0, 24]",285.74,123,9.19,0.02
07:45:25,"[279.0, 60]","[274.0, 30]","[289.0, 45]","[293.0, 30]",284.0,165,10.0,0.09
07:45:26,"[279.0, 48]","[274.0, 24]","[287.09, 35]","[292.52, 25]",283.04,132,8.09,0.09
07:45:27,"[279.0, 52]","[274.0, 26]","[280.17, 36]","[285.29, 35]",279.58,149,1.17,0.05
07:45:28,"[280.02, 44]","[278.62, 52]","[290.28, 64]","[292.55, 66]",285.15,226,10.26,-0.15
07:45:29,"[282.08, 12]","[280.74, 31]","[292.0, 60]","[293.0, 40]",287.04,143,9.92,-0.4
07:45:30,"[284.76, 17]","[283.31, 35]","[292.0, 90]","[293.0, 60]",288.38,202,7.24,-0.49
07:45:31,"[287.17, 12]","[285.18, 11]","[292.0, 65]","[293.0, 44]",289.58,132,4.83,-0.65
07:45:32,"[289.47, 17]","[287.27, 15]","[292.0, 64]","[293.0, 48]",290.74,144,2.53,-0.56
07:45:33,"[288.79, 14]","[284.26, 34]","[292.0, 51]","[293.0, 56]",290.39,155,3.21,-0.38
07:45:34,"[284.32, 22]","[282.77, 44]","[292.0, 30]","[293.0, 40]",288.16,136,7.68,-0.03
07:45:35,"[286.0, 30]","[282.84, 62]","[292.0, 42]","[293.0, 56]",289.0,190,6.0,-0.03
07:45:36,"[290.0, 13]","[284.0, 65]","[292.0, 39]","[293.0, 52]",291.0,169,2.0,-0.08
07:45:37,"[284.28, 43]","[278.0, 40]","[290.53, 38]","[292.59, 41]",287.4,162,6.25,0.02
07:45:38,"[284.23, 26]","[277.33, 36]","[288.87, 45]","[289.88, 51]",286.55,158,4.64,-0.22
07:45:39,"[284.35, 34]","[274.97, 67]","[285.51, 41]","[286.97, 63]",284.93,205,1.16,-0.01
07:45:40,"[275.51, 35]","[272.49, 47]","[285.15, 41]","[294.52, 31]",280.33,154,9.63,0.06
07:45:41,"[274.83, 46]","[273.15, 26]","[295.06, 34]","[297.54, 52]",284.94,158,20.23,-0.09
07:45:42,"[276.08, 12]","[274.0, 38]","[296.0, 48]","[297.0, 48]",286.04,146,19.92,-0.32
07:45:43,"[284.15, 81]","[273.96, 159]","[294.89, 76]","[295.68, 53]",289.52,369,10.75,0.3
07:45:44,"[291.0, 52]","[284.27, 105]","[295.7, 46]","[298.02, 49]",293.35,252,4.7,0.25
07:45:45,"[288.97, 62]","[277.43, 143]","[293.0, 20]","[295.6, 20]",290.98,245,4.03,0.67
07:45:46,"[288.0, 84]","[274.0, 216]","[291.0, 12]","[298.87, 46]",289.5,358,3.0,0.68
07:45:47,"[288.0, 91]","[274.0, 195]","[289.69, 13]","[298.97, 29]",288.85,328,1.69,0.74
07:45:48,"[288.0, 69]","[274.0, 170]","[290.58, 19]","[296.06, 31]",289.29,289,2.58,0.65
07:45:49,"[288.0, 48]","[274.0, 136]","[296.14, 35]","[297.79, 39]",292.07,258,8.14,0.43
07:45:50,"[288.0, 78]","[276.82, 71]","[297.56, 54]","[314.55, 29]",292.78,232,9.56,0.28
07:45:51,"[288.0, 25]","[284.0, 20]","[298.67, 30]","[299.7, 50]",293.33,125,10.67,-0.28
07:45:52,"[285.27, 41]","[277.62, 52]","[297.0, 10]","[298.0, 50]",291.13,153,11.73,0.22
07:45:53,"[286.29, 76]","[285.56, 54]","[296.69, 16]","[297.98, 56]",291.49,202,10.4,0.29
07:45:54,"[287.2, 50]","[286.0, 70]","[296.0, 50]","[297.0, 10]",291.6,180,8.8,0.33
07:45:55,"[288.0, 50]","[286.0, 70]","[294.89, 38]","[295.64, 22]",291.45,180,6.89,0.33
07:45:56,"[289.08, 97]","[287.33, 83]","[293.91, 47]","[296.01, 73]",291.5,300,4.83,0.2
07:45:57,"[291.27, 104]","[290.0, 88]","[294.0, 80]","[296.0, 16]",292.63,288,2.73,0.33
07:45:58,"[292.36, 55]","[289.75, 40]","[294.29, 35]","[296.83, 36]",293.32,166,1.92,0.14
07:45:59,"[292.0, 55]","[285.66, 58]","[296.0, 11]","[297.0, 66]",294.0,190,4.0,0.19
07:46:00,"[292.0, 60]","[286.0, 96]","[296.0, 12]","[297.0, 27]",294.0,195,4.0,0.6
07:46:01,"[292.0, 65]","[286.0, 104]","[295.1, 40]","[296.31, 13]",293.55,222,3.1,0.52
07:46:02,"[292.0, 69]","[286.47, 106]","[294.84, 76]","[297.79, 47]",293.42,298,2.84,0.17
07:46:03,"[287.5, 32]","[288.0, 28]","[298.0, 61]","[299.0, 16]",292.75,137,10.5,-0.12
07:46:04,"[288.67, 120]","[284.0, 60]","[298.0, 75]","[299.0, 30]",293.33,285,9.33,0.26
07:46:05,"[291.17, 58]","[288.68, 100]","[298.0, 55]","[299.0, 22]",294.59,235,6.83,0.34
07:46:06,"[291.02, 41]","[289.07, 114]","[298.8, 25]","[304.88, 102]",294.91,282,7.78,0.1
07:46:07,"[292.54, 13]","[291.0, 52]","[299.0, 14]","[305.0, 130]",295.77,209,6.46,-0.38
07:46:08,"[293.0, 14]","[291.0, 56]","[297.42, 52]","[298.13, 46]",295.21,168,4.42,-0.17
07:46:09,"[294.0, 12]","[291.0, 48]","[296.21, 42]","[297.28, 54]",295.11,156,2.21,-0.23
07:46:10,"[291.15, 59]","[289.14, 166]","[293.72, 54]","[295.09, 55]",292.44,334,2.57,0.35
07:46:11,"[289.06, 136]","[287.27, 104]","[291.86, 56]","[296.3, 46]",290.46,342,2.8,0.4
07:46:12,"[289.0, 143]","[286.0, 65]","[291.0, 26]","[292.0, 52]",290.0,286,2.0,0.45
07:46:13,"[289.0, 89]","[286.0, 55]","[290.31, 26]","[296.12, 16]",289.65,186,1.31,0.55
07:46:14,"[289.0, 91]","[286.0, 65]","[291.82, 22]","[300.73, 33]",290.41,211,2.82,0.48
07:46:15,"[289.0, 91]","[286.0, 65]","[300.0, 13]","[301.0, 78]",294.5,247,11.0,0.26
07:46:16,"[289.0, 70]","[286.0, 50]","[300.0, 10]","[301.0, 60]",294.5,190,11.0,0.26
07:46:17,"[289.0, 56]","[286.0, 40]","[300.0, 8]","[301.0, 48]",294.5,152,11.0,0.26
07:46:18,"[289.0, 77]","[286.0, 55]","[300.0, 36]","[301.0, 36]",294.5,204,11.0,0.29
07:46:19,"[289.0, 63]","[286.32, 37]","[300.0, 54]","[301.0, 9]",294.5,163,11.0,0.23
07:46:20,"[289.0, 84]","[286.0, 60]","[300.0, 72]","[301.0, 12]",294.5,228,11.0,0.26
07:46:21,"[289.0, 63]","[286.0, 45]","[300.0, 54]","[301.0, 9]",294.5,171,11.0,0.26
07:46:22,"[289.0, 43]","[286.0, 50]","[300.0, 60]","[302.2, 10]",294.5,163,11.0,0.14
07:46:23,"[286.56, 64]","[284.12, 249]","[298.86, 51]","[299.91, 33]",292.71,397,12.3,0.58
07:46:24,"[286.0, 56]","[284.0, 252]","[296.0, 70]","[298.0, 14]",291.0,392,10.0,0.57
07:46:25,"[288.0, 16]","[284.94, 68]","[295.85, 41]","[296.64, 22]",291.93,147,7.85,0.14
07:46:26,"[290.0, 6]","[286.0, 24]","[295.0, 12]","[296.0, 30]",292.5,72,5.0,-0.17
07:46:27,"[290.0, 13]","[286.0, 52]","[294.69, 26]","[296.0, 65]",292.35,156,4.69,-0.17
07:46:28,"[290.0, 12]","[286.26, 27]","[293.25, 24]","[295.0, 12]",291.62,75,3.25,0.04
07:46:29,"[290.0, 15]","[286.06, 51]","[293.0, 30]","[295.0, 15]",291.5,111,3.0,0.19
07:46:30,"[284.88, 75]","[284.22, 64]","[291.5, 40]","[294.16, 19]",288.19,198,6.62,0.4
07:46:31,"[284.0, 76]","[283.0, 45]","[288.13, 75]","[291.0, 30]",286.07,226,4.13,0.07
07:46:32,"[284.79, 73]","[283.78, 69]","[287.71, 49]","[288.98, 47]",286.25,238,2.92,0.19
07:46:33,"[284.15, 40]","[283.26, 61]","[286.89, 82]","[292.19, 26]",285.52,209,2.74,-0.03
07:46:34,"[284.0, 19]","[283.0, 45]","[285.93, 59]","[288.48, 31]",284.97,154,1.93,-0.17
07:46:35,"[284.22, 9]","[283.09, 23]","[287.41, 32]","[294.67, 9]",285.81,73,3.18,-0.12
07:46:36,"[283.77, 13]","[282.76, 33]","[291.18, 44]","[293.0, 11]",287.48,101,7.41,-0.09
07:46:37,"[282.19, 16]","[278.14, 22]","[289.96, 54]","[292.68, 19]",286.08,111,7.78,-0.32
07:46:38,"[281.0, 16]","[275.2, 20]","[288.75, 40]","[290.0, 32]",284.88,108,7.75,-0.33
07:46:39,"[285.0, 22]","[277.82, 22]","[286.36, 55]","[290.0, 44]",285.68,143,1.36,-0.38
07:46:40,"[278.64, 22]","[273.83, 12]","[285.27, 55]","[294.41, 34]",281.95,123,6.64,-0.45
07:46:41,"[278.0, 22]","[273.0, 11]","[283.35, 46]","[285.59, 32]",280.67,111,5.35,-0.41
07:46:42,"[278.0, 18]","[273.0, 9]","[281.9, 39]","[283.17, 24]",279.95,90,3.9,-0.4
07:46:43,"[278.0, 28]","[273.0, 14]","[279.28, 64]","[281.29, 34]",278.64,140,1.28,-0.4
07:46:44,"[278.0, 28]","[273.0, 14]","[279.7, 92]","[287.33, 54]",278.85,188,1.7,-0.55
07:46:45,"[278.0, 20]","[273.0, 10]","[287.0, 40]","[290.0, 30]",282.5,100,9.0,-0.4
07:46:46,"[278.0, 12]","[273.0, 6]","[287.0, 24]","[290.0, 18]",282.5,60,9.0,-0.4
07:46:47,"[276.53, 17]","[214.09, 11]","[282.9, 29]","[285.31, 29]",279.71,86,6.37,-0.35
07:46:48,"[273.0, 5]","[163.0, 5]","[274.0, 10]","[281.0, 15]",273.5,35,1.0,-0.43
07:46:49,"[273.0, 6]","[270.0, 6]","[276.33, 9]","[284.0, 18]",274.67,39,3.33,-0.38
07:46:50,"[273.0, 4]","[270.0, 4]","[284.0, 6]","[287.36, 14]",278.5,28,11.0,-0.43
07:46:51,"[271.5, 4]","[218.25, 4]","[287.0, 12]","[288.0, 20]",279.25,40,15.5,-0.6
07:46:52,"[274.32, 19]","[264.11, 9]","[287.0, 21]","[288.0, 35]",280.66,84,12.68,-0.33
07:46:53,"[277.21, 39]","[276.24, 42]","[287.0, 27]","[288.0, 45]",282.1,153,9.79,0.06
07:46:54,"[278.0, 35]","[277.0, 40]","[287.0, 24]","[288.0, 40]",282.5,139,9.0,0.08
07:46:55,"[278.0, 50]","[277.0, 54]","[287.0, 30]","[288.0, 50]",282.5,184,9.0,0.13
07:46:56,"[278.04, 26]","[277.02, 64]","[280.7, 30]","[286.27, 48]",279.37,168,2.66,0.07
07:46:57,"[277.1, 49]","[276.41, 27]","[285.84, 74]","[287.8, 25]",281.47,175,8.74,-0.13
07:46:58,"[277.4, 50]","[276.36, 28]","[286.0, 48]","[291.0, 8]",281.7,134,8.6,0.16
07:46:59,"[278.63, 95]","[277.7, 100]","[285.93, 59]","[287.59, 41]",282.28,295,7.3,0.32
07:47:00,"[280.93, 150]","[279.52, 92]","[284.06, 32]","[286.79, 76]",282.5,350,3.13,0.38
07:47:01,"[281.61, 62]","[280.82, 51]","[286.27, 41]","[287.6, 15]",283.94,169,4.66,0.34
07:47:02,"[284.69, 16]","[281.9, 71]","[286.23, 39]","[289.56, 32]",285.46,158,1.54,0.1
07:47:03,"[287.66, 87]","[278.75, 24]","[290.0, 16]","[292.0, 48]",288.83,175,2.34,0.27
07:47:04,"[285.47, 38]","[275.5, 32]","[289.05, 39]","[290.75, 16]",287.26,125,3.58,0.12
07:47:05,"[276.0, 56]","[275.0, 28]","[288.22, 36]","[291.6, 30]",282.11,150,12.22,0.12
07:47:06,"[283.23, 124]","[275.91, 70]","[286.28, 29]","[290.0, 21]",284.75,244,3.05,0.59
07:47:07,"[284.0, 91]","[276.0, 78]","[289.08, 13]","[293.46, 39]",286.54,221,5.08,0.53
07:47:08,"[284.0, 56]","[276.0, 48]","[289.5, 12]","[293.6, 20]",286.75,136,5.5,0.53
07:47:09,"[284.0, 63]","[276.0, 54]","[289.0, 27]","[292.0, 9]",286.5,153,5.0,0.53
07:47:10,"[284.47, 116]","[278.67, 90]","[288.53, 43]","[293.22, 18]",286.5,267,4.06,0.54
07:47:11,"[285.0, 132]","[284.0, 102]","[293.0, 17]","[294.0, 68]",289.0,319,8.0,0.47
07:47:12,"[285.0, 54]","[284.0, 66]","[293.0, 51]","[295.68, 25]",289.0,196,8.0,0.22
07:47:13,"[285.0, 28]","[284.0, 84]","[291.64, 66]","[293.2, 35]",288.32,213,6.64,0.05
07:47:14,"[285.0, 20]","[284.0, 60]","[290.8, 50]","[294.0, 10]",287.9,140,5.8,0.14
07:47:15,"[284.7, 66]","[283.62, 94]","[289.37, 95]","[294.0, 19]",287.03,274,4.67,0.17
07:47:16,"[284.0, 65]","[275.0, 13]","[287.15, 65]","[294.42, 19]",285.58,162,3.15,-0.04
07:47:17,"[283.62, 47]","[274.53, 17]","[285.74, 34]","[288.8, 30]",284.68,128,2.12,0.0
07:47:18,"[276.07, 14]","[274.12, 41]","[284.57, 14]","[297.49, 39]",280.32,108,8.5,0.02
07:47:19,"[275.86, 7]","[273.18, 22]","[284.0, 7]","[294.0, 14]",279.93,50,8.14,0.16
07:47:20,"[275.0, 11]","[273.0, 44]","[282.36, 11]","[291.88, 34]",278.68,100,7.36,0.1
07:47:21,"[275.85, 33]","[273.22, 27]","[282.0, 9]","[288.83, 29]",278.92,98,6.15,0.22
07:47:22,"[276.62, 91]","[273.0, 64]","[282.0, 13]","[288.63, 35]",279.31,203,5.38,0.53
07:47:23,"[277.92, 84]","[273.0, 95]","[281.25, 24]","[285.33, 18]",279.58,221,3.33,0.62
07:47:24,"[279.06, 112]","[274.21, 70]","[281.0, 42]","[282.0, 14]",280.03,238,1.94,0.53
07:47:25,"[280.0, 136]","[276.89, 54]","[281.32, 22]","[286.42, 19]",280.66,231,1.32,0.65
07:47:26,"[278.49, 69]","[272.29, 35]","[286.24, 17]","[288.71, 34]",282.36,155,7.74,0.34
07:47:27,"[275.36, 127]","[273.0, 82]","[288.0, 28]","[289.0, 56]",281.68,293,12.64,0.43
07:47:28,"[282.12, 85]","[275.65, 51]","[288.0, 14]","[289.0, 28]",285.06,178,5.88,0.53
07:47:29,"[284.21, 131]","[283.55, 71]","[287.2, 15]","[288.86, 42]",285.7,259,2.99,0.56
07:47:30,"[284.17, 157]","[283.49, 79]","[288.61, 23]","[290.74, 46]",286.39,305,4.44,0.55
07:47:31,"[284.64, 168]","[283.83, 149]","[289.0, 21]","[291.0, 60]",286.82,398,4.36,0.59
07:47:32,"[287.73, 150]","[285.79, 125]","[289.44, 18]","[291.16, 61]",288.59,354,1.71,0.55
07:47:33,"[288.0, 140]","[284.0, 182]","[291.0, 56]","[293.0, 70]",289.5,448,3.0,0.44
07:47:34,"[288.0, 120]","[284.05, 123]","[290.53, 53]","[292.27, 55]",289.26,351,2.53,0.38
07:47:35,"[288.0, 100]","[285.0, 20]","[290.0, 50]","[291.0, 40]",289.0,210,2.0,0.14
07:47:36,"[288.11, 88]","[287.14, 56]","[290.09, 55]","[292.06, 33]",289.1,232,1.98,0.24
07:47:37,"[288.52, 54]","[287.62, 80]","[293.64, 45]","[323.93, 14]",291.08,193,5.13,0.39
07:47:38,"[288.0, 96]","[285.0, 24]","[294.41, 29]","[319.94, 16]",291.21,165,6.41,0.45
07:47:39,"[288.0, 72]","[285.0, 18]","[293.0, 45]","[296.0, 18]",290.5,153,5.0,0.18
07:47:40,"[288.0, 104]","[285.0, 26]","[292.97, 62]","[295.48, 29]",290.48,221,4.97,0.18
07:47:41,"[288.14, 115]","[285.75, 40]","[291.49, 39]","[292.43, 81]",289.81,275,3.35,0.13
07:47:42,"[288.37, 49]","[285.67, 48]","[291.0, 28]","[292.86, 70]",289.68,195,2.63,-0.01
07:47:43,"[286.81, 26]","[285.77, 43]","[290.06, 32]","[293.0, 80]",288.44,181,3.25,-0.24
07:47:44,"[286.08, 25]","[284.41, 131]","[290.0, 34]","[295.05, 73]",288.04,263,3.92,0.19
07:47:45,"[285.0, 28]","[284.0, 182]","[288.57, 28]","[295.0, 42]",286.79,280,3.57,0.5
07:47:46,"[285.96, 28]","[284.52, 54]","[291.82, 33]","[295.46, 41]",288.89,156,5.85,0.05
07:47:47,"[284.41, 90]","[283.74, 118]","[286.82, 72]","[291.71, 34]",285.62,314,2.41,0.32
07:47:48,"[285.0, 42]","[284.0, 182]","[287.0, 42]","[288.0, 14]",286.0,280,2.0,0.6
07:47:49,"[284.09, 129]","[283.34, 151]","[286.86, 21]","[290.76, 49]",285.48,350,2.76,0.6
07:47:50,"[284.0, 104]","[283.0, 88]","[290.5, 24]","[291.17, 24]",287.25,240,6.5,0.6
07:47:51,"[284.0, 52]","[283.0, 44]","[291.06, 16]","[293.71, 7]",287.53,119,7.06,0.61
07:47:52,"[284.0, 130]","[283.0, 110]","[292.0, 10]","[295.0, 40]",288.0,290,8.0,0.66
07:47:53,"[284.0, 104]","[283.0, 88]","[292.0, 8]","[295.0, 32]",288.0,232,8.0,0.66
07:47:54,"[283.53, 163]","[282.24, 95]","[292.0, 14]","[295.0, 56]",287.76,328,8.47,0.57
07:47:55,"[283.31, 136]","[280.62, 58]","[291.36, 14]","[294.81, 47]",287.33,255,8.05,0.52
07:47:56,"[286.04, 117]","[284.0, 75]","[293.09, 35]","[294.92, 26]",289.56,253,7.04,0.52
07:47:57,"[288.0, 45]","[284.0, 45]","[293.0, 45]","[297.0, 18]",290.5,153,5.0,0.18
07:47:58,"[286.81, 16]","[283.39, 90]","[292.95, 58]","[296.26, 27]",289.88,191,6.14,0.11
07:47:59,"[283.19, 26]","[282.69, 58]","[291.75, 24]","[293.0, 29]",287.47,137,8.56,0.23
07:48:00,"[283.41, 146]","[282.36, 94]","[291.0, 54]","[293.0, 54]",287.21,348,7.59,0.38
07:48:01,"[285.0, 72]","[283.0, 72]","[289.87, 30]","[293.0, 48]",287.43,222,4.87,0.3
07:48:02,"[287.0, 60]","[283.0, 60]","[289.0, 20]","[292.65, 31]",288.0,171,2.0,0.4
07:48:03,"[288.0, 42]","[283.0, 42]","[289.0, 14]","[292.0, 28]",288.5,126,1.0,0.33
07:48:04,"[288.0, 49]","[283.0, 60]","[289.0, 20]","[292.0, 40]",288.5,169,1.0,0.29
07:48:05,"[283.23, 44]","[280.05, 19]","[288.78, 18]","[292.0, 36]",286.0,117,5.55,0.08
07:48:06,"[283.0, 96]","[275.0, 16]","[287.39, 28]","[291.09, 46]",285.2,186,4.39,0.2
07:48:07,"[283.0, 54]","[275.0, 9]","[285.33, 9]","[292.0, 27]",284.17,99,2.33,0.27
07:48:08,"[283.0, 46]","[277.31, 13]","[291.68, 25]","[294.13, 31]",287.34,115,8.68,0.03
07:48:09,"[283.18, 49]","[274.99, 107]","[292.0, 33]","[294.0, 33]",287.59,222,8.82,0.41
07:48:10,"[284.0, 33]","[283.0, 55]","[292.0, 33]","[294.0, 39]",288.0,160,8.0,0.1
07:48:11,"[284.31, 26]","[283.29, 42]","[292.0, 30]","[294.0, 40]",288.15,138,7.69,-0.01
07:48:12,"[285.27, 22]","[284.0, 33]","[292.0, 33]","[294.0, 44]",288.64,132,6.73,-0.17
07:48:13,"[286.61, 36]","[284.0, 54]","[291.06, 48]","[292.61, 56]",288.84,194,4.45,-0.07
07:48:14,"[287.44, 32]","[284.42, 26]","[289.19, 16]","[291.0, 48]",288.31,122,1.75,-0.05
07:48:15,"[288.2, 15]","[285.0, 13]","[290.89, 35]","[292.29, 17]",289.54,80,2.69,-0.3
07:48:16,"[288.05, 93]","[287.41, 56]","[289.5, 48]","[293.41, 22]",288.78,219,1.45,0.36
07:48:17,"[288.0, 96]","[285.0, 12]","[289.0, 36]","[293.08, 36]",288.5,180,1.0,0.2
07:48:18,"[288.0, 96]","[285.0, 12]","[289.0, 36]","[293.0, 36]",288.5,180,1.0,0.2
07:48:19,"[288.18, 56]","[287.37, 38]","[292.14, 42]","[295.49, 53]",290.16,189,3.96,-0.01
07:48:20,"[290.93, 15]","[288.0, 75]","[293.0, 45]","[296.0, 60]",291.97,195,2.07,-0.08
07:48:21,"[289.32, 25]","[287.83, 53]","[293.0, 36]","[296.0, 52]",291.16,166,3.68,-0.06
07:48:22,"[288.0, 30]","[285.0, 6]","[293.0, 12]","[296.0, 24]",290.5,72,5.0,0.0
07:48:23,"[287.73, 44]","[284.4, 20]","[292.64, 28]","[295.87, 46]",290.19,138,4.92,-0.07
07:48:24,"[285.0, 12]","[284.0, 36]","[292.0, 48]","[296.92, 48]",288.5,144,7.0,-0.33
07:48:25,"[285.0, 13]","[284.0, 39]","[291.67, 42]","[295.81, 42]",288.33,136,6.67,-0.24
07:48:26,"[285.0, 12]","[284.0, 36]","[292.08, 24]","[295.83, 46]",288.54,118,7.08,-0.19
07:48:27,"[288.21, 33]","[284.22, 27]","[295.0, 26]","[296.0, 52]",291.61,138,6.79,-0.13
07:48:28,"[286.94, 48]","[285.0, 16]","[295.0, 32]","[296.0, 64]",290.97,160,8.06,-0.2
07:48:29,"[288.43, 42]","[285.0, 14]","[295.0, 28]","[296.0, 56]",291.71,140,6.57,-0.2
07:48:30,"[289.0, 33]","[285.0, 11]","[295.0, 22]","[296.0, 44]",292.0,110,6.0,-0.2
07:48:31,"[285.88, 24]","[283.67, 9]","[295.0, 12]","[296.0, 24]",290.44,69,9.12,-0.04
07:48:32,"[284.0, 70]","[283.0, 28]","[293.83, 48]","[295.11, 57]",288.92,203,9.83,-0.03
07:48:33,"[284.0, 24]","[283.0, 24]","[291.42, 48]","[292.58, 48]",287.71,144,7.42,-0.33
07:48:34,"[284.0, 12]","[283.0, 12]","[291.0, 24]","[292.0, 33]",287.5,81,7.0,-0.41
07:48:35,"[284.0, 34]","[283.0, 34]","[289.41, 68]","[290.88, 68]",286.71,204,5.41,-0.33
07:48:36,"[283.91, 22]","[281.57, 28]","[286.0, 44]","[288.0, 44]",284.95,138,2.09,-0.28
07:48:37,"[283.26, 38]","[278.73, 117]","[286.39, 72]","[289.43, 56]",284.83,283,3.13,0.1
07:48:38,"[283.0, 18]","[279.0, 63]","[284.89, 36]","[286.0, 18]",283.94,135,1.89,0.2
07:48:39,"[279.0, 84]","[276.0, 12]","[283.33, 48]","[292.83, 24]",281.17,168,4.33,0.14
07:48:40,"[279.0, 63]","[276.0, 9]","[289.36, 22]","[293.78, 18]",284.18,112,10.36,0.29
07:48:41,"[279.0, 56]","[276.0, 8]","[293.0, 16]","[294.0, 16]",286.0,96,14.0,0.33
07:48:42,"[279.32, 22]","[278.1, 10]","[293.0, 8]","[294.0, 8]",286.16,48,13.68,0.33
07:48:43,"[287.49, 89]","[280.79, 47]","[292.2, 60]","[294.87, 46]",289.85,242,4.71,0.12
07:48:44,"[289.0, 60]","[286.0, 12]","[290.21, 38]","[292.5, 32]",289.61,142,1.21,0.01
07:48:45,"[287.64, 11]","[284.33, 36]","[291.93, 28]","[297.17, 36]",289.78,111,4.29,-0.15
07:48:46,"[286.0, 10]","[281.22, 54]","[292.41, 29]","[295.7, 20]",289.21,113,6.41,0.13
07:48:47,"[286.0, 17]","[279.0, 60]","[289.93, 54]","[293.53, 34]",287.96,165,3.93,-0.07
07:48:48,"[286.0, 22]","[279.0, 55]","[289.0, 22]","[292.47, 34]",287.5,133,3.0,0.16
07:48:49,"[286.0, 16]","[279.0, 40]","[288.5, 16]","[296.0, 16]",287.25,88,2.5,0.27
07:48:50,"[280.47, 19]","[278.29, 31]","[293.8, 30]","[298.75, 97]",287.14,177,13.33,-0.44
07:48:51,"[281.82, 17]","[277.62, 13]","[296.0, 26]","[299.0, 52]",288.91,108,14.18,-0.44
07:48:52,"[279.0, 12]","[277.0, 12]","[295.86, 21]","[298.57, 42]",287.43,87,16.86,-0.45
07:48:53,"[278.71, 14]","[276.62, 16]","[294.31, 13]","[296.21, 48]",286.51,91,15.59,-0.34
07:48:54,"[286.06, 34]","[277.0, 14]","[294.63, 19]","[295.35, 34]",290.35,101,8.57,-0.05
07:48:55,"[284.68, 31]","[279.12, 32]","[294.14, 85]","[296.16, 86]",289.41,234,9.46,-0.46
07:48:56,"[284.64, 56]","[282.74, 35]","[292.86, 43]","[294.35, 52]",288.75,186,8.22,-0.02
07:48:57,"[284.0, 36]","[280.0, 9]","[291.0, 27]","[292.0, 9]",287.5,81,7.0,0.11
07:48:58,"[284.0, 48]","[280.0, 12]","[289.19, 26]","[290.68, 22]",286.6,108,5.19,0.11
07:48:59,"[285.94, 85]","[285.27, 93]","[289.0, 54]","[290.0, 18]",287.47,250,3.06,0.42
07:49:00,"[288.44, 89]","[286.24, 127]","[294.98, 85]","[296.26, 99]",291.71,400,6.54,0.08
07:49:01,"[289.64, 50]","[288.51, 97]","[296.0, 49]","[298.58, 76]",292.82,272,6.36,0.08
07:49:02,"[291.24, 63]","[290.26, 57]","[296.0, 60]","[299.0, 75]",293.62,255,4.76,-0.06
07:49:03,"[292.0, 45]","[291.0, 76]","[296.0, 60]","[299.0, 75]",294.0,256,4.0,-0.05
