Time,Bid1,Bid2,Ask1,Ask2,Mid-Price,Total_volume,Bid_ask_spread,Order_imbalance
07:30:00,"[0, 0]","[0, 0]","[0, 0]","[0, 0]",0.0,0,0.0,0.0
07:30:01,"[0, 0]","[0, 0]","[800.0, 1]","[0, 0]",400.0,1,800.0,-1.0
07:30:02,"[115.0, 28]","[0, 0]","[247.0, 11]","[199.56, 9]",181.0,48,132.0,0.17
07:30:03,"[115.0, 8]","[0, 0]","[116.5, 6]","[123.17, 6]",115.75,20,1.5,-0.2
07:30:04,"[98.45, 11]","[98.0, 6]","[104.0, 4]","[122.0, 4]",101.23,25,5.55,0.36
07:30:05,"[99.0, 15]","[98.0, 18]","[104.0, 3]","[113.33, 3]",101.5,39,5.0,0.69
07:30:06,"[100.79, 34]","[98.87, 46]","[104.62, 8]","[109.38, 8]",102.71,96,3.83,0.67
07:30:07,"[104.68, 19]","[102.75, 16]","[109.0, 5]","[110.0, 10]",106.84,50,4.32,0.4
07:30:08,"[107.91, 11]","[105.63, 19]","[230.92, 26]","[314.78, 23]",169.42,79,123.01,-0.24
07:30:09,"[118.5, 38]","[116.97, 36]","[234.12, 40]","[236.0, 40]",176.31,154,115.62,-0.04
07:30:10,"[121.35, 23]","[118.35, 34]","[215.22, 40]","[230.94, 36]",168.29,133,93.88,-0.14
07:30:11,"[122.0, 6]","[121.0, 3]","[174.0, 15]","[195.0, 7]",148.0,31,52.0,-0.42
07:30:12,"[123.2, 10]","[121.86, 14]","[173.75, 40]","[203.0, 40]",148.47,104,50.55,-0.54
07:30:13,"[124.0, 4]","[122.0, 8]","[172.25, 20]","[203.0, 20]",148.12,52,48.25,-0.54
07:30:14,"[124.56, 9]","[122.77, 13]","[171.67, 45]","[203.0, 45]",148.11,112,47.11,-0.61
07:30:15,"[125.0, 12]","[124.0, 12]","[158.45, 33]","[170.42, 66]",141.73,123,33.45,-0.61
07:30:16,"[125.0, 10]","[124.0, 10]","[150.02, 46]","[163.5, 64]",137.51,130,25.02,-0.69
07:30:17,"[125.0, 9]","[124.0, 9]","[147.9, 42]","[150.73, 37]",136.45,97,22.9,-0.63
07:30:18,"[121.12, 25]","[118.46, 52]","[124.11, 45]","[132.46, 46]",122.62,168,2.99,-0.08
07:30:19,"[118.0, 7]","[117.0, 63]","[122.86, 28]","[125.0, 21]",120.43,119,4.86,0.18
07:30:20,"[118.82, 22]","[117.13, 62]","[121.5, 56]","[124.07, 42]",120.16,182,2.68,-0.08
07:30:21,"[117.23, 53]","[114.0, 9]","[121.0, 36]","[123.0, 27]",119.11,125,3.77,-0.01
07:30:22,"[117.0, 112]","[112.0, 16]","[119.62, 64]","[123.25, 48]",118.31,240,2.62,0.07
07:30:23,"[117.0, 70]","[112.0, 10]","[118.0, 40]","[124.0, 33]",117.5,153,1.0,0.05
07:30:24,"[117.0, 26]","[112.0, 6]","[120.57, 28]","[127.24, 34]",118.79,94,3.57,-0.32
07:30:25,"[118.36, 22]","[116.4, 15]","[124.0, 42]","[135.0, 35]",121.18,114,5.64,-0.35
07:30:26,"[119.92, 53]","[118.6, 40]","[122.91, 68]","[127.02, 91]",121.42,252,2.99,-0.26
07:30:27,"[118.0, 10]","[117.0, 30]","[120.71, 14]","[123.25, 44]",119.36,98,2.71,-0.18
07:30:28,"[119.13, 39]","[117.73, 11]","[120.89, 27]","[122.4, 30]",120.01,107,1.76,-0.07
07:30:29,"[117.19, 32]","[116.08, 52]","[120.4, 30]","[121.86, 42]",118.79,156,3.21,0.08
07:30:30,"[117.0, 33]","[116.0, 55]","[118.0, 11]","[121.0, 44]",117.5,143,1.0,0.23
07:30:31,"[117.0, 27]","[116.0, 45]","[118.0, 9]","[121.0, 36]",117.5,117,1.0,0.23
07:30:32,"[117.0, 18]","[116.0, 30]","[119.0, 6]","[121.27, 22]",118.0,76,2.0,0.26
07:30:33,"[117.0, 24]","[116.0, 40]","[121.0, 8]","[122.0, 24]",119.0,96,4.0,0.33
07:30:34,"[117.0, 36]","[116.0, 50]","[121.0, 10]","[122.0, 30]",119.0,126,4.0,0.37
07:30:35,"[116.14, 21]","[114.21, 47]","[121.0, 7]","[122.0, 21]",118.57,96,4.86,0.42
07:30:36,"[116.0, 21]","[114.0, 49]","[121.0, 7]","[122.0, 21]",118.5,98,5.0,0.43
07:30:37,"[116.0, 32]","[114.0, 63]","[121.0, 9]","[122.0, 27]",118.5,131,5.0,0.45
07:30:38,"[116.48, 31]","[114.83, 48]","[121.0, 9]","[122.0, 27]",118.74,115,4.52,0.37
07:30:39,"[117.43, 42]","[116.0, 56]","[120.9, 20]","[123.83, 29]",119.16,147,3.47,0.33
07:30:40,"[116.57, 42]","[114.12, 67]","[122.0, 10]","[126.0, 20]",119.29,139,5.43,0.57
07:30:41,"[120.0, 36]","[116.0, 24]","[123.78, 9]","[196.0, 9]",121.89,78,3.78,0.54
07:30:42,"[117.2, 20]","[115.2, 20]","[125.0, 18]","[339.92, 13]",121.1,71,7.8,0.13
07:30:43,"[116.0, 11]","[115.0, 22]","[124.43, 14]","[169.29, 21]",120.21,68,8.43,-0.03
07:30:44,"[121.57, 46]","[114.18, 51]","[124.8, 25]","[181.0, 20]",123.18,142,3.23,0.37
07:30:45,"[120.0, 67]","[115.0, 73]","[125.0, 26]","[153.92, 13]",122.5,179,5.0,0.56
07:30:46,"[120.0, 30]","[115.0, 33]","[125.0, 12]","[262.0, 6]",122.5,81,5.0,0.56
07:30:47,"[120.0, 50]","[115.0, 50]","[227.67, 15]","[451.0, 10]",173.83,125,107.67,0.6
07:30:48,"[116.07, 73]","[114.35, 86]","[125.0, 26]","[382.25, 16]",120.53,201,8.93,0.58
07:30:49,"[116.0, 63]","[114.41, 68]","[125.0, 18]","[154.89, 27]",120.5,176,9.0,0.49
07:30:50,"[116.38, 53]","[115.74, 78]","[125.0, 28]","[130.0, 14]",120.69,173,8.62,0.51
07:30:51,"[118.33, 30]","[116.17, 102]","[125.0, 28]","[152.4, 35]",121.67,195,6.67,0.35
07:30:52,"[120.0, 26]","[118.94, 32]","[125.0, 24]","[217.62, 39]",122.5,121,5.0,-0.04
07:30:53,"[120.0, 5]","[118.0, 5]","[125.0, 10]","[216.0, 20]",122.5,40,5.0,-0.5
07:30:54,"[116.06, 71]","[114.11, 36]","[125.0, 16]","[215.75, 32]",120.53,155,8.94,0.38
07:30:55,"[116.0, 130]","[114.0, 65]","[125.0, 26]","[173.36, 25]",120.5,246,9.0,0.59
07:30:56,"[116.0, 130]","[114.0, 65]","[123.08, 50]","[129.64, 25]",119.54,270,7.08,0.44
07:30:57,"[116.0, 110]","[114.0, 55]","[120.09, 46]","[122.22, 18]",118.04,229,4.09,0.44
07:30:58,"[116.0, 106]","[114.0, 50]","[118.96, 47]","[120.29, 14]",117.48,217,2.96,0.44
07:30:59,"[116.0, 95]","[114.0, 65]","[117.15, 26]","[119.19, 37]",116.58,223,1.15,0.43
07:31:00,"[117.29, 93]","[115.62, 85]","[119.23, 26]","[127.97, 39]",118.26,243,1.94,0.47
07:31:01,"[118.71, 68]","[116.0, 80]","[121.0, 66]","[276.12, 16]",119.85,230,2.29,0.29
07:31:02,"[119.03, 37]","[116.24, 49]","[121.0, 60]","[169.32, 25]",120.01,171,1.97,0.01
07:31:03,"[120.0, 36]","[116.0, 40]","[121.0, 48]","[125.0, 32]",120.5,156,1.0,-0.03
07:31:04,"[120.0, 36]","[116.0, 45]","[121.0, 54]","[264.78, 36]",120.5,171,1.0,-0.05
07:31:05,"[120.0, 33]","[116.0, 45]","[125.16, 50]","[153.89, 36]",122.58,164,5.16,-0.05
07:31:06,"[122.86, 74]","[117.02, 47]","[204.27, 44]","[319.45, 44]",163.57,209,81.41,0.16
07:31:07,"[124.0, 65]","[120.0, 27]","[316.56, 36]","[341.0, 36]",220.28,164,192.56,0.12
07:31:08,"[124.0, 48]","[120.0, 24]","[242.5, 32]","[535.75, 32]",183.25,136,118.5,0.06
07:31:09,"[124.0, 36]","[120.0, 18]","[301.67, 24]","[681.0, 24]",212.83,102,177.67,0.06
07:31:10,"[124.0, 66]","[120.0, 33]","[243.73, 44]","[431.36, 44]",183.86,187,119.73,0.06
07:31:11,"[124.0, 14]","[120.81, 37]","[353.18, 44]","[387.08, 52]",238.59,147,229.18,-0.31
07:31:12,"[124.0, 5]","[123.0, 10]","[259.33, 9]","[283.87, 15]",191.67,39,135.33,-0.23
07:31:13,"[124.0, 10]","[123.0, 20]","[167.72, 25]","[181.3, 20]",145.86,75,43.72,-0.2
07:31:14,"[122.67, 9]","[120.2, 20]","[149.0, 35]","[172.0, 21]",135.83,85,26.33,-0.32
07:31:15,"[116.42, 114]","[115.74, 43]","[132.32, 34]","[158.81, 32]",124.37,223,15.9,0.41
07:31:16,"[116.29, 38]","[115.96, 83]","[120.36, 22]","[178.77, 26]",118.33,169,4.07,0.43
07:31:17,"[117.03, 39]","[115.98, 170]","[121.69, 29]","[180.0, 18]",119.36,256,4.66,0.63
07:31:18,"[118.06, 33]","[116.0, 264]","[119.86, 21]","[264.0, 45]",118.96,363,1.8,0.64
07:31:19,"[119.0, 9]","[116.0, 126]","[121.0, 15]","[407.33, 30]",120.0,180,2.0,0.5
07:31:20,"[116.16, 93]","[114.95, 148]","[120.57, 14]","[121.84, 19]",118.37,274,4.41,0.76
07:31:21,"[116.47, 116]","[114.25, 104]","[119.92, 49]","[120.49, 37]",118.19,306,3.45,0.44
07:31:22,"[117.49, 111]","[115.78, 55]","[119.98, 105]","[120.97, 29]",118.73,300,2.49,0.11
07:31:23,"[118.41, 46]","[114.95, 57]","[120.0, 43]","[122.0, 12]",119.21,158,1.59,0.3
07:31:24,"[116.0, 30]","[113.85, 106]","[120.0, 10]","[122.0, 10]",118.0,156,4.0,0.74
07:31:25,"[116.05, 22]","[114.1, 59]","[121.75, 8]","[228.94, 36]",118.9,125,5.7,0.3
07:31:26,"[116.64, 14]","[115.2, 40]","[120.0, 12]","[122.0, 10]",118.32,76,3.36,0.42
07:31:27,"[116.0, 27]","[114.0, 87]","[120.0, 9]","[121.62, 13]",118.0,136,4.0,0.68
07:31:28,"[116.0, 36]","[114.0, 132]","[118.12, 32]","[120.5, 20]",117.06,220,2.12,0.53
07:31:29,"[116.1, 30]","[114.17, 108]","[118.0, 36]","[119.25, 12]",117.05,186,1.9,0.48
07:31:30,"[116.2, 15]","[114.44, 41]","[118.0, 17]","[119.0, 7]",117.1,80,1.8,0.4
07:31:31,"[116.0, 24]","[114.0, 64]","[118.0, 16]","[119.0, 8]",117.0,112,2.0,0.57
07:31:32,"[116.0, 18]","[114.0, 48]","[117.17, 24]","[118.2, 10]",116.58,100,1.17,0.32
07:31:33,"[114.48, 84]","[113.47, 118]","[117.02, 57]","[118.07, 28]",115.75,287,2.54,0.41
07:31:34,"[114.0, 88]","[113.0, 44]","[116.0, 33]","[118.0, 29]",115.0,194,2.0,0.36
07:31:35,"[114.0, 104]","[113.0, 52]","[117.57, 37]","[229.57, 42]",115.78,235,3.57,0.33
07:31:36,"[114.0, 64]","[113.0, 32]","[119.0, 19]","[256.0, 24]",116.5,139,5.0,0.38
07:31:37,"[114.0, 120]","[113.0, 60]","[118.73, 33]","[386.91, 56]",116.36,269,4.73,0.34
07:31:38,"[114.0, 96]","[113.0, 48]","[118.0, 36]","[119.0, 24]",116.0,204,4.0,0.41
07:31:39,"[114.21, 95]","[113.44, 55]","[117.93, 42]","[118.89, 27]",116.07,219,3.72,0.37
07:31:40,"[114.0, 106]","[113.0, 14]","[115.43, 42]","[116.54, 41]",114.71,203,1.43,0.18
07:31:41,"[114.0, 22]","[113.0, 10]","[116.5, 24]","[119.38, 26]",115.25,82,2.5,-0.22
07:31:42,"[113.73, 11]","[112.14, 14]","[118.0, 22]","[120.0, 33]",115.86,80,4.27,-0.38
07:31:43,"[114.1, 10]","[112.64, 11]","[118.0, 20]","[120.0, 30]",116.05,71,3.9,-0.41
07:31:44,"[113.78, 9]","[111.67, 9]","[118.0, 12]","[120.0, 27]",115.89,57,4.22,-0.37
07:31:45,"[113.53, 112]","[112.33, 12]","[115.56, 18]","[119.62, 26]",114.54,168,2.03,0.48
07:31:46,"[115.0, 95]","[113.43, 14]","[118.0, 10]","[199.67, 30]",116.5,149,3.0,0.46
07:31:47,"[115.38, 117]","[114.0, 39]","[118.0, 13]","[120.0, 26]",116.69,195,2.62,0.6
07:31:48,"[116.0, 90]","[114.0, 30]","[118.36, 11]","[142.18, 22]",117.18,153,2.36,0.57
07:31:49,"[116.05, 85]","[114.0, 36]","[117.37, 19]","[119.47, 19]",116.71,159,1.32,0.52
07:31:50,"[117.0, 40]","[114.0, 30]","[118.0, 10]","[120.0, 20]",117.5,100,1.0,0.4
07:31:51,"[116.25, 32]","[113.29, 34]","[118.0, 10]","[120.2, 20]",117.12,96,1.75,0.38
07:31:52,"[111.85, 26]","[110.94, 34]","[117.03, 31]","[118.67, 12]",114.44,103,5.19,0.17
07:31:53,"[108.0, 50]","[89.0, 40]","[256.57, 28]","[342.68, 25]",182.29,143,148.57,0.26
07:31:54,"[108.0, 30]","[86.0, 20]","[643.46, 26]","[507.0, 5]",375.73,81,535.46,0.23
07:31:55,"[123.0, 80]","[108.31, 39]","[694.68, 28]","[704.0, 15]",408.84,162,571.68,0.47
07:31:56,"[123.0, 80]","[120.0, 9]","[497.81, 37]","[668.18, 17]",310.41,143,374.81,0.24
07:31:57,"[123.43, 14]","[122.94, 49]","[429.41, 27]","[507.47, 19]",276.42,109,305.98,0.16
07:31:58,"[124.0, 9]","[123.0, 72]","[246.0, 27]","[394.0, 45]",185.0,153,122.0,0.06
07:31:59,"[123.11, 27]","[122.67, 27]","[246.0, 18]","[503.12, 24]",184.56,96,122.89,0.12
07:32:00,"[123.0, 53]","[120.0, 10]","[421.89, 38]","[466.3, 27]",272.45,128,298.89,-0.02
07:32:01,"[123.0, 59]","[120.0, 14]","[309.43, 56]","[366.14, 56]",216.21,185,186.43,-0.21
07:32:02,"[123.0, 37]","[120.0, 13]","[194.8, 45]","[231.85, 47]",158.9,142,71.8,-0.3
07:32:03,"[121.38, 13]","[117.67, 12]","[206.82, 34]","[312.09, 46]",164.1,105,85.44,-0.52
07:32:04,"[123.0, 13]","[120.0, 8]","[240.61, 23]","[299.18, 17]",181.8,61,117.61,-0.31
07:32:05,"[123.0, 11]","[120.0, 11]","[273.13, 23]","[317.21, 38]",198.07,83,150.13,-0.47
07:32:06,"[111.73, 49]","[111.54, 13]","[306.75, 32]","[457.48, 31]",209.24,125,195.02,-0.01
07:32:07,"[111.0, 37]","[109.0, 28]","[266.86, 35]","[270.02, 41]",188.93,141,155.86,-0.08
07:32:08,"[111.0, 26]","[109.0, 26]","[114.0, 13]","[115.08, 13]",112.5,78,3.0,0.33
07:32:09,"[111.0, 22]","[109.0, 22]","[112.74, 38]","[114.18, 11]",111.87,93,1.74,-0.05
07:32:10,"[111.0, 18]","[109.0, 18]","[112.0, 36]","[114.0, 9]",111.5,81,1.0,-0.11
07:32:11,"[111.25, 16]","[108.54, 28]","[151.82, 22]","[182.53, 19]",131.53,85,40.57,0.04
07:32:12,"[116.26, 43]","[107.76, 17]","[180.97, 33]","[188.35, 52]",148.61,145,64.71,-0.17
07:32:13,"[113.44, 54]","[111.29, 34]","[170.3, 53]","[172.65, 43]",141.87,184,56.86,-0.04
07:32:14,"[114.0, 60]","[112.0, 30]","[153.21, 48]","[159.85, 47]",133.6,185,39.21,-0.03
07:32:15,"[116.21, 28]","[115.06, 34]","[127.67, 42]","[130.38, 52]",121.94,156,11.45,-0.21
07:32:16,"[116.0, 10]","[114.0, 40]","[126.2, 30]","[127.4, 30]",121.1,110,10.2,-0.09
07:32:17,"[116.67, 18]","[114.4, 30]","[123.58, 24]","[126.0, 48]",120.12,120,6.92,-0.2
07:32:18,"[114.37, 65]","[113.43, 28]","[120.14, 28]","[122.82, 44]",117.26,165,5.77,0.13
07:32:19,"[114.0, 52]","[113.0, 39]","[116.11, 28]","[117.58, 38]",115.05,157,2.11,0.16
07:32:20,"[114.0, 32]","[113.0, 30]","[115.0, 21]","[253.76, 34]",114.5,117,1.0,0.06
07:32:21,"[114.0, 21]","[113.0, 21]","[115.0, 14]","[388.69, 26]",114.5,82,1.0,0.02
07:32:22,"[113.67, 12]","[109.21, 28]","[116.4, 30]","[266.18, 51]",115.03,121,2.73,-0.34
07:32:23,"[109.73, 11]","[91.25, 16]","[116.26, 31]","[165.67, 52]",112.99,110,6.53,-0.51
07:32:24,"[102.0, 10]","[78.0, 15]","[115.0, 51]","[116.0, 29]",108.5,105,13.0,-0.52
07:32:25,"[101.25, 16]","[85.33, 12]","[115.0, 58]","[116.0, 27]",108.12,113,13.75,-0.5
07:32:26,"[95.5, 8]","[84.85, 13]","[115.0, 34]","[116.0, 21]",105.25,76,19.5,-0.45
07:32:27,"[69.27, 11]","[47.44, 18]","[114.33, 48]","[115.72, 29]",91.8,106,45.06,-0.45
07:32:28,"[59.29, 28]","[24.53, 17]","[112.74, 76]","[114.16, 51]",86.01,172,53.45,-0.48
07:32:29,"[99.0, 6]","[73.0, 15]","[106.0, 18]","[109.0, 24]",102.5,63,7.0,-0.33
07:32:30,"[99.0, 10]","[84.75, 24]","[107.06, 17]","[111.14, 49]",103.03,100,8.06,-0.32
07:32:31,"[90.33, 9]","[68.87, 15]","[109.0, 16]","[113.0, 32]",99.67,72,18.67,-0.33
07:32:32,"[74.0, 6]","[45.0, 3]","[109.0, 6]","[113.0, 12]",91.5,27,35.0,-0.33
07:32:33,"[75.0, 26]","[50.47, 15]","[109.0, 26]","[113.0, 52]",92.0,119,34.0,-0.31
07:32:34,"[107.14, 14]","[97.14, 14]","[109.0, 14]","[113.0, 28]",108.07,70,1.86,-0.2
07:32:35,"[98.0, 13]","[45.8, 15]","[111.83, 24]","[124.67, 45]",104.92,97,13.83,-0.42
07:32:36,"[113.48, 23]","[102.2, 30]","[192.62, 32]","[238.0, 32]",153.05,117,79.15,-0.09
07:32:37,"[116.73, 52]","[116.25, 48]","[305.72, 43]","[405.32, 50]",211.23,193,188.99,0.04
07:32:38,"[120.29, 38]","[118.83, 36]","[193.6, 20]","[319.75, 16]",156.94,110,73.31,0.35
07:32:39,"[122.0, 48]","[121.0, 8]","[166.35, 26]","[221.2, 15]",144.17,97,44.35,0.15
07:32:40,"[123.89, 110]","[121.98, 49]","[152.0, 27]","[272.4, 35]",137.95,221,28.11,0.44
07:32:41,"[124.0, 106]","[122.0, 60]","[146.93, 14]","[148.33, 24]",135.46,204,22.93,0.63
07:32:42,"[124.0, 108]","[122.0, 72]","[145.06, 34]","[146.92, 36]",134.53,250,21.06,0.44
07:32:43,"[124.0, 97]","[122.0, 66]","[141.18, 33]","[147.0, 33]",132.59,229,17.18,0.42
07:32:44,"[124.0, 88]","[122.0, 66]","[138.0, 33]","[140.82, 33]",131.0,220,14.0,0.4
07:32:45,"[124.0, 56]","[122.0, 54]","[135.0, 27]","[138.0, 27]",129.5,164,11.0,0.34
07:32:46,"[122.09, 22]","[121.55, 11]","[134.67, 18]","[137.0, 18]",128.38,69,12.58,-0.04
07:32:47,"[122.0, 9]","[121.0, 9]","[133.04, 25]","[133.89, 27]",127.52,70,11.04,-0.49
07:32:48,"[120.42, 38]","[119.5, 32]","[128.55, 47]","[129.1, 39]",124.49,156,8.13,-0.1
07:32:49,"[120.0, 50]","[119.0, 40]","[124.95, 20]","[125.85, 20]",122.47,130,4.95,0.38
07:32:50,"[120.0, 53]","[119.0, 48]","[121.75, 40]","[122.71, 28]",120.88,169,1.75,0.2
07:32:51,"[119.6, 40]","[117.73, 88]","[121.0, 40]","[123.0, 36]",120.3,204,1.4,0.25
07:32:52,"[120.0, 8]","[117.29, 82]","[121.0, 16]","[123.0, 24]",120.5,130,1.0,0.38
07:32:53,"[117.0, 118]","[115.0, 32]","[120.12, 16]","[280.0, 40]",118.56,206,3.12,0.46
07:32:54,"[117.0, 170]","[115.0, 47]","[118.36, 11]","[280.0, 40]",117.68,268,1.36,0.62
07:32:55,"[117.0, 97]","[115.0, 45]","[242.12, 17]","[437.6, 25]",179.56,184,125.12,0.54
07:32:56,"[118.09, 44]","[116.52, 58]","[280.0, 25]","[621.0, 25]",199.05,152,161.91,0.34
07:32:57,"[125.0, 24]","[121.0, 24]","[338.75, 60]","[588.75, 60]",231.88,168,213.75,-0.43
07:32:58,"[125.0, 4]","[121.0, 8]","[252.0, 20]","[375.0, 20]",188.5,52,127.0,-0.54
07:32:59,"[125.0, 5]","[121.0, 10]","[325.8, 25]","[577.8, 25]",225.4,65,200.8,-0.54
07:33:00,"[117.45, 71]","[116.15, 87]","[305.67, 45]","[562.78, 45]",211.56,248,188.22,0.27
07:33:01,"[120.57, 106]","[116.46, 134]","[297.4, 50]","[694.4, 50]",208.98,340,176.83,0.41
07:33:02,"[124.0, 54]","[117.0, 102]","[372.09, 22]","[636.67, 30]",248.05,208,248.09,0.5
07:33:03,"[124.0, 60]","[117.0, 136]","[465.89, 38]","[601.21, 28]",294.95,262,341.89,0.5
07:33:04,"[120.62, 29]","[116.98, 121]","[451.7, 30]","[739.47, 34]",286.16,214,331.08,0.4
07:33:05,"[117.07, 163]","[115.54, 70]","[166.3, 50]","[389.93, 46]",141.69,329,49.23,0.42
07:33:06,"[118.78, 54]","[117.5, 144]","[166.0, 50]","[262.95, 38]",142.39,286,47.22,0.38
07:33:07,"[119.4, 25]","[117.6, 100]","[166.0, 45]","[274.0, 36]",142.7,206,46.6,0.21
07:33:08,"[118.73, 60]","[117.0, 150]","[165.67, 75]","[247.75, 48]",142.2,333,46.93,0.26
07:33:09,"[119.33, 48]","[117.0, 120]","[165.0, 60]","[267.0, 45]",142.17,273,45.67,0.23
07:33:10,"[121.0, 48]","[117.09, 88]","[164.92, 60]","[270.08, 36]",142.96,232,43.92,0.17
07:33:11,"[121.0, 36]","[117.14, 58]","[162.67, 45]","[235.67, 27]",141.83,166,41.67,0.13
07:33:12,"[121.0, 32]","[117.0, 114]","[161.5, 50]","[395.74, 43]",141.25,239,40.5,0.22
07:33:13,"[121.0, 16]","[117.0, 94]","[159.25, 40]","[316.64, 28]",140.12,178,38.25,0.24
07:33:14,"[119.13, 30]","[116.78, 90]","[157.69, 48]","[366.67, 36]",138.41,204,38.55,0.18
07:33:15,"[118.98, 41]","[116.73, 73]","[156.72, 47]","[190.13, 46]",137.85,207,37.75,0.1
07:33:16,"[120.29, 34]","[117.63, 71]","[156.92, 65]","[168.82, 44]",138.61,214,36.63,-0.02
07:33:17,"[121.6, 20]","[120.0, 30]","[154.8, 50]","[165.84, 43]",138.2,143,33.2,-0.3
07:33:18,"[120.57, 14]","[117.24, 76]","[152.29, 56]","[153.48, 42]",136.43,188,31.71,-0.04
07:33:19,"[120.55, 11]","[117.24, 38]","[148.74, 38]","[149.97, 36]",134.64,123,28.19,-0.2
07:33:20,"[121.0, 32]","[120.0, 16]","[143.71, 68]","[144.76, 74]",132.35,190,22.71,-0.49
07:33:21,"[122.91, 77]","[120.5, 28]","[137.13, 89]","[138.49, 89]",130.02,283,14.23,-0.26
07:33:22,"[117.51, 63]","[115.06, 356]","[131.23, 69]","[132.94, 33]",124.37,521,13.72,0.61
07:33:23,"[123.05, 135]","[117.18, 241]","[126.26, 46]","[127.37, 38]",124.66,460,3.21,0.63
07:33:24,"[124.0, 61]","[118.18, 66]","[125.88, 40]","[132.85, 46]",124.94,213,1.88,0.19
07:33:25,"[124.0, 27]","[117.0, 27]","[125.93, 43]","[167.48, 23]",124.97,120,1.93,-0.1
07:33:26,"[117.3, 47]","[115.02, 546]","[142.05, 58]","[184.4, 63]",129.67,714,24.75,0.66
07:33:27,"[117.02, 43]","[115.01, 507]","[138.04, 50]","[138.96, 55]",127.53,655,21.02,0.68
07:33:28,"[118.33, 12]","[117.08, 26]","[137.0, 30]","[138.0, 40]",127.67,108,18.67,-0.3
07:33:29,"[121.91, 22]","[118.8, 10]","[137.0, 24]","[138.0, 32]",129.45,88,15.09,-0.27
07:33:30,"[125.0, 50]","[121.07, 15]","[135.42, 36]","[136.94, 34]",130.21,135,10.42,-0.04
07:33:31,"[125.0, 55]","[122.0, 11]","[134.18, 44]","[136.0, 33]",129.59,143,9.18,-0.08
07:33:32,"[125.0, 10]","[122.0, 6]","[133.67, 24]","[136.0, 18]",129.33,58,8.67,-0.45
07:33:33,"[124.77, 13]","[121.86, 14]","[131.85, 47]","[134.18, 44]",128.31,118,7.08,-0.54
07:33:34,"[118.11, 18]","[115.18, 260]","[130.05, 40]","[131.2, 45]",124.08,363,11.94,0.53
07:33:35,"[117.0, 17]","[115.0, 396]","[125.27, 41]","[126.62, 47]",121.13,501,8.27,0.65
07:33:36,"[115.47, 47]","[114.99, 401]","[119.32, 47]","[120.33, 46]",117.39,541,3.85,0.66
07:33:37,"[115.0, 367]","[114.0, 55]","[117.92, 37]","[119.09, 43]",116.46,502,2.92,0.68
07:33:38,"[115.0, 270]","[114.0, 50]","[117.33, 30]","[120.78, 45]",116.17,395,2.33,0.62
07:33:39,"[115.0, 104]","[114.0, 20]","[120.56, 18]","[207.67, 12]",117.78,154,5.56,0.61
07:33:40,"[118.68, 202]","[115.43, 87]","[190.89, 47]","[563.09, 67]",154.79,403,72.21,0.43
07:33:41,"[121.0, 108]","[118.0, 36]","[264.86, 21]","[391.65, 20]",192.93,185,143.86,0.56
07:33:42,"[121.0, 90]","[118.0, 30]","[182.11, 38]","[194.73, 41]",151.55,199,61.11,0.21
07:33:43,"[121.0, 72]","[118.0, 30]","[175.0, 16]","[284.38, 40]",148.0,158,54.0,0.29
07:33:44,"[121.0, 99]","[118.0, 33]","[174.55, 22]","[440.83, 47]",147.77,201,53.55,0.31
07:33:45,"[121.0, 69]","[118.0, 27]","[173.11, 18]","[475.92, 37]",147.06,151,52.11,0.27
07:33:46,"[121.0, 70]","[118.0, 27]","[173.0, 18]","[435.63, 35]",147.0,150,52.0,0.29
07:33:47,"[121.0, 102]","[118.0, 36]","[158.64, 47]","[250.05, 19]",139.82,204,37.64,0.35
07:33:48,"[124.54, 95]","[120.96, 201]","[153.98, 64]","[155.27, 74]",139.26,434,29.45,0.36
07:33:49,"[121.24, 107]","[119.45, 64]","[146.62, 48]","[149.1, 59]",133.93,278,25.38,0.23
07:33:50,"[121.0, 126]","[118.0, 42]","[142.62, 64]","[144.46, 59]",131.81,291,21.62,0.15
07:33:51,"[121.0, 108]","[118.0, 36]","[139.52, 52]","[140.71, 56]",130.26,252,18.52,0.14
07:33:52,"[121.0, 103]","[118.0, 36]","[136.25, 60]","[140.0, 48]",128.62,247,15.25,0.13
07:33:53,"[121.0, 68]","[118.0, 51]","[131.31, 72]","[134.03, 62]",126.15,253,10.31,-0.06
07:33:54,"[121.0, 48]","[117.6, 30]","[126.59, 39]","[128.02, 49]",123.79,166,5.59,-0.06
07:33:55,"[119.08, 100]","[117.82, 98]","[122.8, 80]","[160.13, 60]",120.94,338,3.72,0.17
07:33:56,"[118.0, 72]","[117.0, 10]","[122.58, 24]","[223.29, 28]",120.29,134,4.58,0.22
07:33:57,"[118.0, 56]","[117.0, 90]","[123.0, 30]","[278.13, 23]",120.5,199,5.0,0.47
07:33:58,"[118.0, 45]","[117.0, 81]","[137.78, 27]","[345.33, 24]",127.89,177,19.78,0.42
07:33:59,"[119.04, 26]","[116.76, 49]","[232.4, 15]","[382.4, 15]",175.72,105,113.36,0.43
07:34:00,"[118.54, 39]","[116.5, 60]","[152.5, 16]","[444.75, 16]",135.52,131,33.96,0.51
07:34:01,"[117.0, 16]","[115.0, 20]","[300.44, 9]","[355.14, 7]",208.72,52,183.44,0.38
07:34:02,"[123.18, 17]","[116.57, 23]","[419.18, 34]","[514.0, 28]",271.18,102,296.0,-0.22
07:34:03,"[118.32, 19]","[115.55, 29]","[251.67, 36]","[254.0, 27]",184.99,111,133.35,-0.14
07:34:04,"[115.89, 36]","[114.5, 40]","[250.0, 36]","[354.17, 23]",182.94,135,134.11,0.13
07:34:05,"[115.0, 20]","[114.0, 17]","[250.0, 20]","[653.33, 12]",182.5,69,135.0,0.07
07:34:06,"[115.0, 40]","[114.0, 10]","[247.9, 40]","[525.3, 23]",181.45,113,132.9,-0.12
07:34:07,"[115.09, 22]","[114.44, 9]","[170.13, 23]","[235.4, 20]",142.61,74,55.04,-0.16
07:34:08,"[120.27, 41]","[115.43, 28]","[151.3, 40]","[170.8, 40]",135.78,149,31.03,-0.07
07:34:09,"[121.0, 70]","[115.0, 56]","[148.79, 56]","[150.57, 56]",134.89,238,27.79,0.06
07:34:10,"[121.0, 45]","[114.82, 39]","[144.53, 43]","[145.54, 37]",132.77,164,23.53,0.02
07:34:11,"[121.33, 30]","[119.2, 35]","[134.97, 33]","[142.37, 38]",128.15,136,13.64,-0.04
07:34:12,"[117.0, 10]","[115.7, 10]","[121.0, 30]","[137.8, 30]",119.0,80,4.0,-0.5
07:34:13,"[116.82, 11]","[115.82, 11]","[119.27, 41]","[127.3, 40]",118.04,103,2.45,-0.57
07:34:14,"[115.67, 9]","[114.17, 36]","[117.29, 17]","[158.47, 17]",116.48,79,1.63,0.14
07:34:15,"[115.0, 11]","[114.0, 110]","[117.0, 33]","[229.45, 22]",116.0,176,2.0,0.38
07:34:16,"[114.05, 38]","[113.0, 40]","[116.17, 18]","[233.0, 12]",115.11,108,2.11,0.44
07:34:17,"[114.0, 72]","[100.5, 24]","[155.36, 22]","[448.0, 16]",134.68,134,41.36,0.43
07:34:18,"[114.34, 35]","[101.93, 42]","[306.8, 15]","[625.0, 20]",210.57,112,192.46,0.38
07:34:19,"[114.27, 45]","[111.6, 52]","[223.27, 22]","[416.0, 18]",168.77,137,109.01,0.42
07:34:20,"[114.0, 63]","[101.73, 44]","[145.51, 35]","[202.31, 32]",129.76,174,31.51,0.23
07:34:21,"[114.0, 28]","[76.0, 36]","[115.0, 36]","[239.0, 26]",114.5,126,1.0,0.02
07:34:22,"[114.0, 16]","[90.74, 38]","[120.33, 30]","[240.29, 17]",117.17,101,6.33,0.07
07:34:23,"[109.53, 17]","[99.67, 33]","[361.42, 19]","[473.32, 25]",235.48,94,251.89,0.06
07:34:24,"[121.0, 10]","[106.22, 23]","[380.53, 19]","[670.15, 26]",250.76,78,259.53,-0.15
07:34:25,"[121.0, 14]","[107.97, 29]","[419.11, 18]","[481.89, 18]",270.06,79,298.11,0.09
07:34:26,"[121.0, 8]","[87.0, 20]","[260.33, 12]","[404.75, 12]",190.67,52,139.33,0.08
07:34:27,"[107.27, 22]","[86.18, 51]","[412.84, 37]","[579.08, 26]",260.06,136,305.57,0.07
07:34:28,"[90.36, 11]","[87.07, 27]","[453.94, 16]","[542.25, 16]",272.15,70,363.57,0.09
07:34:29,"[114.8, 15]","[101.83, 24]","[232.56, 25]","[422.96, 23]",173.68,87,117.76,-0.1
07:34:30,"[115.37, 19]","[106.0, 17]","[228.3, 30]","[229.5, 30]",171.83,96,112.93,-0.25
07:34:31,"[98.89, 54]","[92.33, 90]","[176.53, 40]","[213.75, 36]",137.71,220,77.64,0.31
07:34:32,"[100.44, 43]","[92.88, 49]","[110.86, 28]","[134.57, 21]",105.65,141,10.42,0.3
07:34:33,"[101.06, 68]","[60.87, 30]","[112.0, 30]","[114.0, 20]",106.53,148,10.94,0.32
07:34:34,"[107.5, 12]","[93.29, 21]","[170.0, 30]","[193.14, 29]",138.75,92,62.5,-0.28
07:34:35,"[114.5, 16]","[106.67, 27]","[167.0, 36]","[195.25, 36]",140.75,115,52.5,-0.25
07:34:36,"[115.76, 17]","[73.88, 16]","[165.88, 24]","[249.43, 21]",140.82,78,50.11,-0.15
07:34:37,"[124.0, 21]","[117.59, 39]","[163.86, 21]","[396.86, 14]",143.93,95,39.86,0.26
07:34:38,"[124.0, 33]","[120.43, 37]","[163.0, 33]","[362.26, 34]",143.5,137,39.0,0.02
07:34:39,"[124.0, 21]","[121.0, 21]","[155.64, 22]","[162.0, 16]",139.82,80,31.64,0.05
07:34:40,"[122.0, 34]","[118.35, 63]","[136.48, 31]","[151.77, 39]",129.24,167,14.48,0.16
07:34:41,"[125.0, 66]","[122.0, 11]","[135.09, 22]","[161.0, 33]",130.05,132,10.09,0.17
07:34:42,"[123.15, 39]","[118.43, 47]","[131.08, 26]","[135.62, 29]",127.12,141,7.92,0.22
07:34:43,"[118.84, 64]","[117.72, 58]","[128.1, 31]","[129.15, 39]",123.47,192,9.25,0.27
07:34:44,"[118.0, 35]","[117.0, 14]","[126.86, 14]","[294.15, 26]",122.43,89,8.86,0.1
07:34:45,"[118.0, 50]","[117.0, 20]","[125.7, 20]","[405.8, 50]",121.85,140,7.7,0.0
07:34:46,"[118.0, 50]","[117.0, 20]","[123.67, 15]","[382.22, 32]",120.83,117,5.67,0.2
07:34:47,"[118.0, 36]","[117.0, 18]","[121.33, 9]","[123.24, 33]",119.67,96,3.33,0.12
07:34:48,"[118.0, 48]","[117.0, 15]","[126.83, 12]","[493.24, 17]",122.42,92,8.83,0.37
07:34:49,"[117.62, 24]","[115.12, 24]","[600.58, 24]","[764.33, 18]",359.1,90,482.96,0.07
07:34:50,"[117.0, 27]","[114.0, 43]","[431.1, 30]","[603.17, 30]",274.05,130,314.1,0.08
07:34:51,"[117.0, 15]","[114.0, 41]","[442.0, 5]","[443.0, 25]",279.5,86,325.0,0.3
07:34:52,"[117.0, 30]","[114.0, 84]","[408.82, 11]","[706.41, 37]",262.91,162,291.82,0.41
07:34:53,"[117.0, 11]","[114.0, 40]","[266.57, 7]","[310.0, 8]",191.79,66,149.57,0.55
07:34:54,"[118.72, 40]","[115.59, 17]","[266.0, 6]","[269.0, 12]",192.36,75,147.28,0.52
07:34:55,"[120.05, 79]","[117.76, 38]","[204.17, 12]","[287.08, 13]",162.11,142,84.12,0.65
07:34:56,"[121.47, 38]","[120.82, 67]","[189.69, 13]","[241.0, 13]",155.58,131,68.22,0.6
07:34:57,"[121.0, 46]","[118.0, 10]","[123.0, 20]","[195.1, 10]",122.0,86,2.0,0.3
07:34:58,"[121.0, 27]","[118.0, 9]","[122.4, 10]","[174.73, 15]",121.7,61,1.4,0.18
07:34:59,"[121.0, 21]","[118.0, 7]","[122.0, 7]","[482.9, 10]",121.5,45,1.0,0.24
07:35:00,"[119.75, 24]","[117.04, 25]","[163.17, 12]","[338.33, 12]",141.46,73,43.42,0.34
07:35:01,"[124.0, 70]","[117.0, 30]","[202.18, 22]","[215.0, 10]",163.09,132,78.18,0.52
07:35:02,"[124.0, 49]","[119.67, 9]","[202.0, 21]","[203.0, 7]",163.0,86,78.0,0.35
07:35:03,"[124.0, 84]","[119.67, 36]","[201.25, 32]","[250.7, 30]",162.62,182,77.25,0.32
07:35:04,"[124.53, 60]","[122.75, 48]","[197.91, 22]","[258.58, 12]",161.22,142,73.38,0.52
07:35:05,"[125.0, 63]","[122.24, 51]","[196.56, 27]","[241.9, 29]",160.78,170,71.56,0.34
07:35:06,"[125.0, 49]","[121.0, 35]","[195.29, 21]","[233.55, 31]",160.14,136,70.29,0.24
07:35:07,"[125.0, 57]","[122.42, 19]","[189.55, 33]","[249.12, 17]",157.27,126,64.55,0.21
07:35:08,"[122.44, 25]","[120.57, 7]","[175.0, 21]","[195.0, 21]",148.72,74,52.56,-0.14
07:35:09,"[121.0, 36]","[118.0, 9]","[152.18, 33]","[263.39, 31]",136.59,109,31.18,-0.17
07:35:10,"[121.0, 32]","[118.0, 8]","[126.25, 24]","[487.5, 16]",123.62,80,5.25,0.0
07:35:11,"[120.64, 55]","[118.14, 21]","[126.0, 42]","[447.51, 35]",123.32,153,5.36,-0.01
07:35:12,"[117.0, 50]","[115.0, 20]","[126.0, 30]","[195.74, 46]",121.5,146,9.0,-0.04
07:35:13,"[116.89, 38]","[114.71, 28]","[124.73, 33]","[205.45, 33]",120.81,132,7.83,0.0
07:35:14,"[115.0, 18]","[114.0, 37]","[123.0, 27]","[223.14, 22]",119.0,104,8.0,0.06
07:35:15,"[115.35, 20]","[114.15, 53]","[122.33, 36]","[250.0, 48]",118.84,157,6.98,-0.07
07:35:16,"[119.64, 14]","[114.77, 47]","[122.0, 38]","[492.0, 13]",120.82,112,2.36,0.09
07:35:17,"[117.0, 18]","[115.0, 36]","[120.37, 19]","[273.38, 40]",118.68,113,3.37,-0.04
07:35:18,"[115.92, 52]","[114.54, 78]","[118.5, 48]","[119.45, 38]",117.21,216,2.58,0.2
07:35:19,"[115.0, 35]","[112.0, 24]","[116.0, 10]","[141.27, 26]",115.5,95,1.0,0.24
07:35:20,"[112.5, 8]","[104.09, 22]","[116.0, 8]","[240.0, 20]",114.25,58,3.5,0.03
07:35:21,"[106.42, 38]","[77.42, 69]","[297.44, 36]","[352.93, 28]",201.93,171,191.02,0.25
07:35:22,"[104.8, 45]","[74.0, 42]","[111.0, 16]","[261.71, 35]",107.9,138,6.2,0.26
07:35:23,"[75.91, 46]","[66.6, 40]","[109.58, 12]","[238.57, 21]",92.75,119,33.67,0.45
07:35:24,"[63.0, 84]","[17.0, 12]","[113.0, 8]","[314.67, 15]",88.0,119,50.0,0.61
07:35:25,"[42.67, 84]","[14.0, 12]","[112.73, 11]","[272.67, 9]",77.7,116,70.06,0.66
07:35:26,"[93.2, 70]","[33.0, 80]","[459.38, 26]","[555.86, 22]",276.29,198,366.18,0.52
07:35:27,"[37.0, 10]","[23.6, 70]","[267.0, 13]","[320.0, 12]",152.0,105,230.0,0.52
07:35:28,"[83.0, 56]","[30.5, 4]","[110.0, 8]","[200.83, 6]",96.5,74,27.0,0.62
07:35:29,"[91.77, 57]","[88.0, 14]","[436.68, 19]","[581.15, 13]",264.23,103,344.91,0.38
07:35:30,"[121.2, 5]","[88.58, 57]","[584.44, 9]","[615.95, 21]",352.82,92,463.24,0.35
07:35:31,"[69.65, 52]","[73.75, 24]","[347.05, 20]","[522.36, 28]",208.35,124,277.4,0.23
07:35:32,"[66.33, 54]","[22.33, 126]","[258.6, 25]","[366.59, 29]",162.47,234,192.27,0.54
07:35:33,"[68.75, 48]","[47.8, 100]","[195.72, 25]","[574.5, 20]",132.24,193,126.97,0.53
07:35:34,"[77.86, 42]","[43.0, 90]","[318.46, 13]","[452.25, 8]",198.16,153,240.6,0.73
07:35:35,"[124.0, 48]","[108.5, 48]","[251.29, 14]","[269.2, 10]",187.64,120,127.29,0.6
07:35:36,"[124.0, 24]","[121.0, 24]","[149.6, 5]","[251.14, 7]",136.8,60,25.6,0.6
07:35:37,"[124.0, 43]","[121.0, 80]","[135.6, 20]","[138.25, 16]",129.8,159,11.6,0.55
07:35:38,"[124.0, 8]","[121.25, 40]","[126.0, 16]","[136.86, 14]",125.0,78,2.0,0.23
07:35:39,"[121.16, 45]","[120.7, 46]","[125.22, 18]","[181.22, 9]",123.19,118,4.07,0.54
07:35:40,"[121.12, 34]","[120.72, 43]","[125.0, 14]","[166.27, 15]",123.06,106,3.88,0.45
07:35:41,"[121.07, 75]","[120.12, 64]","[124.33, 36]","[125.6, 30]",122.7,205,3.27,0.36
07:35:42,"[121.0, 62]","[117.0, 9]","[124.0, 36]","[125.0, 18]",122.5,125,3.0,0.14
07:35:43,"[120.88, 66]","[116.33, 18]","[131.52, 50]","[188.95, 44]",126.2,178,10.64,-0.06
07:35:44,"[114.82, 22]","[104.85, 26]","[236.62, 47]","[441.85, 41]",175.72,136,121.8,-0.29
07:35:45,"[118.12, 17]","[85.35, 23]","[234.75, 36]","[309.24, 34]",176.43,110,116.63,-0.27
07:35:46,"[124.0, 13]","[114.0, 26]","[173.23, 47]","[184.8, 49]",148.62,135,49.23,-0.42
07:35:47,"[124.0, 11]","[114.0, 22]","[161.82, 33]","[162.91, 33]",142.91,99,37.82,-0.33
07:35:48,"[124.0, 10]","[114.0, 20]","[160.5, 30]","[161.5, 30]",142.25,90,36.5,-0.33
07:35:49,"[124.0, 14]","[114.12, 25]","[159.07, 42]","[160.07, 42]",141.54,123,35.07,-0.37
07:35:50,"[124.0, 13]","[117.52, 116]","[156.23, 39]","[157.54, 39]",140.12,207,32.23,0.25
07:35:51,"[118.67, 72]","[117.91, 140]","[154.25, 36]","[155.5, 36]",136.46,284,35.58,0.49
07:35:52,"[118.22, 120]","[117.85, 123]","[148.04, 47]","[151.94, 47]",133.13,337,29.82,0.44
07:35:53,"[119.85, 39]","[118.0, 184]","[124.86, 42]","[128.0, 42]",122.35,307,5.01,0.45
07:35:54,"[120.27, 71]","[116.92, 168]","[122.94, 48]","[124.44, 48]",121.6,335,2.67,0.43
07:35:55,"[121.0, 58]","[117.0, 84]","[123.91, 33]","[179.0, 45]",122.45,220,2.91,0.29
07:35:56,"[121.0, 47]","[117.0, 56]","[160.0, 23]","[261.83, 24]",140.5,150,39.0,0.37
07:35:57,"[121.0, 55]","[117.0, 85]","[285.21, 53]","[370.0, 45]",203.1,238,164.21,0.18
07:35:58,"[121.0, 35]","[117.0, 53]","[291.71, 35]","[512.53, 15]",206.36,138,170.71,0.28
07:35:59,"[117.36, 110]","[115.19, 186]","[290.29, 70]","[433.11, 18]",203.82,384,172.92,0.54
07:36:00,"[117.0, 36]","[115.0, 126]","[213.11, 45]","[282.44, 45]",165.06,252,96.11,0.29
07:36:01,"[117.0, 27]","[115.0, 126]","[251.22, 45]","[314.33, 45]",184.11,243,134.22,0.26
07:36:02,"[117.0, 25]","[115.0, 126]","[163.22, 45]","[191.78, 45]",140.11,241,46.22,0.25
07:36:03,"[124.3, 23]","[115.35, 34]","[159.0, 40]","[290.88, 40]",141.65,137,34.7,-0.17
07:36:04,"[125.0, 18]","[115.53, 19]","[152.33, 30]","[341.0, 30]",138.67,97,27.33,-0.24
07:36:05,"[125.0, 24]","[117.55, 102]","[162.64, 55]","[362.0, 55]",143.82,236,37.64,0.07
07:36:06,"[125.0, 30]","[122.0, 60]","[160.8, 75]","[201.07, 75]",142.9,240,35.8,-0.25
07:36:07,"[122.0, 26]","[121.0, 102]","[158.77, 65]","[313.82, 85]",140.38,278,36.77,-0.08
07:36:08,"[122.0, 16]","[121.0, 64]","[157.38, 40]","[299.0, 42]",139.69,162,35.38,-0.01
07:36:09,"[124.0, 49]","[122.0, 14]","[156.57, 35]","[324.76, 33]",140.29,131,32.57,-0.04
07:36:10,"[124.0, 98]","[122.0, 28]","[155.36, 70]","[282.52, 58]",139.68,254,31.36,-0.01
07:36:11,"[124.0, 28]","[122.0, 8]","[154.0, 20]","[219.31, 13]",139.0,69,30.0,0.04
07:36:12,"[124.0, 42]","[122.0, 12]","[154.0, 30]","[221.0, 24]",139.0,108,30.0,0.0
07:36:13,"[124.0, 77]","[122.0, 22]","[154.0, 55]","[303.26, 46]",139.0,200,30.0,-0.01
07:36:14,"[124.0, 56]","[122.0, 16]","[154.0, 40]","[314.29, 34]",139.0,146,30.0,-0.01
07:36:15,"[124.0, 26]","[122.0, 26]","[303.14, 51]","[382.45, 49]",213.57,152,179.14,-0.32
07:36:16,"[124.0, 12]","[122.0, 22]","[271.11, 37]","[314.04, 24]",197.55,95,147.11,-0.28
07:36:17,"[124.0, 14]","[122.0, 28]","[266.5, 28]","[270.0, 70]",195.25,140,142.5,-0.4
07:36:18,"[124.0, 17]","[122.0, 34]","[263.19, 57]","[263.95, 38]",193.6,146,139.19,-0.3
07:36:19,"[122.02, 46]","[119.06, 47]","[255.19, 36]","[256.75, 56]",188.61,185,133.17,0.01
07:36:20,"[121.0, 96]","[117.0, 84]","[252.83, 60]","[254.0, 12]",186.92,252,131.83,0.43
07:36:21,"[121.18, 87]","[117.82, 88]","[239.3, 37]","[247.66, 35]",180.24,247,118.11,0.42
07:36:22,"[121.45, 88]","[118.32, 136]","[194.38, 53]","[213.31, 51]",157.92,328,72.92,0.37
07:36:23,"[121.0, 74]","[117.0, 105]","[148.22, 23]","[149.23, 26]",134.61,228,27.22,0.57
07:36:24,"[121.0, 26]","[117.0, 73]","[144.03, 31]","[145.36, 28]",132.52,158,23.03,0.25
07:36:25,"[121.0, 20]","[117.0, 40]","[137.9, 20]","[140.11, 35]",129.45,115,16.9,0.04
07:36:26,"[121.0, 22]","[117.0, 134]","[134.4, 15]","[136.18, 34]",127.7,205,13.4,0.52
07:36:27,"[121.0, 30]","[117.0, 195]","[127.9, 41]","[129.89, 36]",124.45,302,6.9,0.49
07:36:28,"[117.25, 97]","[115.67, 116]","[124.19, 42]","[124.75, 32]",120.72,287,6.94,0.48
07:36:29,"[117.0, 151]","[115.04, 114]","[119.22, 36]","[122.54, 52]",118.11,353,2.22,0.5
07:36:30,"[117.0, 50]","[115.0, 110]","[122.21, 38]","[149.12, 26]",119.61,224,5.21,0.43
07:36:31,"[117.35, 69]","[115.37, 98]","[123.0, 57]","[361.17, 12]",120.17,236,5.65,0.42
07:36:32,"[118.13, 62]","[117.17, 36]","[463.0, 9]","[736.43, 7]",290.56,114,344.87,0.72
07:36:33,"[119.0, 54]","[118.0, 48]","[471.75, 8]","[541.75, 8]",295.38,118,352.75,0.73
07:36:34,"[119.59, 46]","[118.0, 48]","[338.12, 8]","[451.38, 8]",228.86,110,218.54,0.71
07:36:35,"[121.0, 65]","[118.0, 78]","[160.77, 13]","[204.23, 13]",140.88,169,39.77,0.69
07:36:36,"[121.0, 27]","[118.0, 54]","[153.78, 9]","[155.44, 9]",137.39,99,32.78,0.64
07:36:37,"[122.07, 30]","[118.26, 46]","[151.44, 9]","[155.0, 9]",136.76,94,29.38,0.62
07:36:38,"[123.0, 72]","[121.0, 18]","[145.89, 9]","[147.89, 9]",134.44,108,22.89,0.67
07:36:39,"[119.24, 25]","[117.83, 71]","[142.77, 22]","[143.22, 37]",131.01,155,23.53,0.24
07:36:40,"[118.02, 45]","[117.06, 77]","[140.65, 34]","[141.06, 16]",129.33,172,22.62,0.42
07:36:41,"[119.36, 59]","[117.62, 82]","[136.13, 45]","[137.46, 13]",127.74,199,16.78,0.42
07:36:42,"[121.47, 118]","[119.45, 93]","[135.71, 76]","[136.5, 20]",128.59,307,14.24,0.37
07:36:43,"[122.1, 84]","[121.52, 62]","[131.32, 22]","[132.43, 58]",126.71,226,9.22,0.29
07:36:44,"[121.89, 63]","[121.02, 92]","[125.43, 49]","[125.59, 37]",123.66,241,3.54,0.29
07:36:45,"[119.0, 52]","[117.0, 90]","[121.8, 15]","[200.33, 15]",120.4,172,2.8,0.65
07:36:46,"[119.5, 32]","[117.76, 83]","[122.62, 13]","[149.8, 15]",121.06,143,3.12,0.61
07:36:47,"[124.73, 44]","[117.67, 18]","[218.3, 10]","[315.23, 22]",171.51,94,93.57,0.32
07:36:48,"[125.0, 56]","[120.5, 10]","[321.89, 18]","[464.14, 14]",223.44,98,196.89,0.35
07:36:49,"[125.0, 84]","[122.0, 36]","[248.29, 28]","[462.5, 16]",186.64,164,123.29,0.46
07:36:50,"[125.0, 70]","[122.0, 30]","[181.6, 10]","[456.0, 30]",153.3,140,56.6,0.43
07:36:51,"[124.06, 48]","[121.17, 121]","[301.37, 19]","[519.0, 26]",212.72,214,177.31,0.58
07:36:52,"[122.0, 18]","[121.0, 120]","[405.38, 16]","[522.86, 14]",263.69,168,283.38,0.64
07:36:53,"[121.38, 71]","[120.98, 214]","[551.09, 33]","[641.0, 24]",336.24,342,429.71,0.67
07:36:54,"[121.0, 214]","[119.0, 10]","[227.68, 38]","[400.73, 33]",174.34,295,106.68,0.52
07:36:55,"[121.0, 171]","[119.0, 9]","[174.0, 9]","[245.78, 45]",147.5,234,53.0,0.54
07:36:56,"[121.0, 247]","[119.0, 13]","[265.2, 25]","[496.02, 50]",193.1,335,144.2,0.55
07:36:57,"[121.0, 112]","[119.0, 8]","[284.4, 25]","[359.0, 16]",202.7,161,163.4,0.49
07:36:58,"[121.0, 186]","[119.0, 14]","[436.07, 28]","[487.98, 46]",278.54,274,315.07,0.46
07:36:59,"[121.0, 143]","[119.0, 11]","[335.35, 34]","[336.79, 29]",228.18,217,214.35,0.42
07:37:00,"[121.0, 169]","[119.0, 13]","[221.04, 51]","[319.06, 53]",171.02,286,100.04,0.27
07:37:01,"[121.0, 221]","[118.13, 101]","[158.24, 62]","[166.71, 68]",139.62,452,37.24,0.42
07:37:02,"[121.0, 201]","[118.27, 121]","[127.94, 70]","[129.32, 57]",124.47,449,6.94,0.43
07:37:03,"[121.0, 126]","[119.0, 171]","[123.73, 92]","[125.11, 81]",122.36,470,2.73,0.26
07:37:04,"[118.76, 25]","[117.35, 68]","[121.25, 40]","[122.69, 39]",120.0,172,2.49,0.08
07:37:05,"[118.0, 52]","[117.0, 132]","[119.11, 45]","[125.0, 48]",118.56,277,1.11,0.33
07:37:06,"[117.05, 76]","[116.1, 20]","[118.4, 20]","[125.0, 40]",117.73,156,1.35,0.23
07:37:07,"[117.6, 10]","[116.71, 14]","[124.12, 32]","[289.8, 25]",120.86,81,6.53,-0.41
07:37:08,"[118.0, 9]","[117.0, 18]","[122.67, 36]","[231.33, 30]",120.33,93,4.67,-0.42
07:37:09,"[117.95, 41]","[116.96, 23]","[122.0, 48]","[212.17, 24]",119.98,136,4.05,-0.06
07:37:10,"[118.71, 14]","[117.0, 14]","[121.14, 21]","[154.0, 14]",119.93,63,2.43,-0.11
07:37:11,"[117.0, 30]","[115.0, 23]","[120.2, 15]","[165.87, 30]",118.6,98,3.2,0.08
07:37:12,"[117.0, 24]","[115.0, 12]","[222.11, 19]","[285.67, 24]",169.55,79,105.11,-0.09
07:37:13,"[117.0, 35]","[115.0, 7]","[236.29, 14]","[292.57, 14]",176.64,70,119.29,0.2
07:37:14,"[117.0, 41]","[115.0, 10]","[230.78, 23]","[297.83, 23]",173.89,97,113.78,0.05
07:37:15,"[117.0, 36]","[115.0, 17]","[258.0, 18]","[556.0, 36]",187.5,107,141.0,-0.01
07:37:16,"[117.33, 24]","[116.78, 36]","[257.17, 24]","[399.43, 42]",187.25,126,139.83,-0.05
07:37:17,"[117.56, 9]","[116.9, 21]","[211.83, 12]","[256.5, 12]",164.69,54,94.28,0.11
07:37:18,"[116.75, 32]","[113.75, 16]","[171.17, 24]","[195.92, 24]",143.96,96,54.42,0.0
07:37:19,"[115.4, 15]","[114.02, 192]","[136.5, 24]","[141.17, 24]",125.95,255,21.1,0.62
07:37:20,"[117.73, 22]","[115.29, 14]","[134.75, 24]","[135.75, 24]",126.24,84,17.02,-0.14
07:37:21,"[123.5, 48]","[119.52, 31]","[131.71, 34]","[132.88, 34]",127.6,147,8.21,0.07
07:37:22,"[124.0, 14]","[120.0, 28]","[127.5, 28]","[128.5, 28]",125.75,98,3.5,-0.14
07:37:23,"[121.22, 23]","[117.91, 46]","[125.33, 30]","[184.91, 32]",123.28,131,4.12,0.05
07:37:24,"[120.0, 24]","[117.0, 48]","[122.81, 16]","[123.8, 20]",121.41,108,2.81,0.33
07:37:25,"[117.78, 54]","[115.31, 182]","[122.33, 21]","[144.86, 28]",120.06,285,4.56,0.66
07:37:26,"[117.12, 77]","[115.5, 205]","[123.0, 26]","[177.0, 26]",120.06,334,5.88,0.69
07:37:27,"[119.54, 13]","[118.24, 17]","[122.6, 20]","[237.0, 21]",121.07,71,3.06,-0.15
07:37:28,"[120.8, 10]","[119.33, 12]","[122.0, 16]","[163.57, 21]",121.4,59,1.2,-0.25
07:37:29,"[121.0, 10]","[118.33, 18]","[122.0, 9]","[138.0, 18]",121.5,55,1.0,0.02
07:37:30,"[119.5, 24]","[116.98, 112]","[164.84, 25]","[202.35, 37]",142.17,198,45.34,0.37
07:37:31,"[117.0, 99]","[116.0, 22]","[183.91, 33]","[328.18, 44]",150.45,198,66.91,0.22
07:37:32,"[117.0, 50]","[116.0, 12]","[168.25, 12]","[431.95, 21]",142.62,95,51.25,0.31
07:37:33,"[119.62, 32]","[116.65, 23]","[309.57, 7]","[440.0, 28]",214.6,90,189.95,0.22
07:37:34,"[124.0, 20]","[119.18, 33]","[260.0, 18]","[316.0, 6]",192.0,77,136.0,0.38
07:37:35,"[121.5, 36]","[118.36, 72]","[305.57, 56]","[353.33, 18]",213.54,182,184.07,0.19
07:37:36,"[121.0, 14]","[117.29, 70]","[283.93, 58]","[325.05, 40]",202.47,182,162.93,-0.08
07:37:37,"[121.0, 14]","[117.0, 70]","[288.75, 36]","[306.77, 40]",204.88,160,167.75,0.05
07:37:38,"[121.0, 14]","[117.0, 70]","[268.95, 40]","[274.73, 44]",194.97,168,147.95,0.0
07:37:39,"[117.97, 33]","[116.8, 50]","[263.67, 45]","[264.9, 41]",190.82,169,145.7,-0.02
07:37:40,"[117.0, 52]","[116.0, 20]","[200.68, 28]","[231.17, 24]",158.84,124,83.68,0.16
07:37:41,"[121.76, 21]","[116.25, 56]","[153.92, 39]","[154.92, 39]",137.84,155,32.16,-0.01
07:37:42,"[125.0, 9]","[118.4, 43]","[150.44, 27]","[151.44, 27]",137.72,106,25.44,-0.02
07:37:43,"[123.4, 10]","[118.57, 46]","[146.61, 28]","[148.11, 28]",135.0,112,23.21,0.0
07:37:44,"[121.0, 16]","[117.0, 98]","[140.57, 42]","[141.37, 38]",130.79,194,19.57,0.18
07:37:45,"[121.0, 30]","[117.0, 105]","[135.23, 39]","[136.13, 45]",128.12,219,14.23,0.23
07:37:46,"[121.9, 20]","[119.53, 19]","[133.57, 21]","[134.57, 21]",127.74,81,11.67,-0.04
07:37:47,"[122.0, 18]","[121.0, 12]","[130.33, 18]","[131.33, 18]",126.17,66,8.33,-0.09
07:37:48,"[118.64, 95]","[117.69, 71]","[125.89, 54]","[127.28, 54]",122.27,274,7.25,0.21
07:37:49,"[117.0, 40]","[115.39, 46]","[120.42, 36]","[121.24, 38]",118.71,160,3.42,0.07
07:37:50,"[115.67, 63]","[114.58, 72]","[117.9, 49]","[120.71, 42]",116.78,226,2.23,0.19
07:37:51,"[115.0, 30]","[114.0, 50]","[117.26, 38]","[120.07, 42]",116.13,160,2.26,0.0
07:37:52,"[114.19, 21]","[112.33, 30]","[115.75, 40]","[128.38, 29]",114.97,120,1.56,-0.15
07:37:53,"[110.22, 9]","[103.2, 15]","[115.0, 10]","[122.72, 36]",112.61,70,4.78,-0.31
07:37:54,"[61.5, 8]","[57.62, 13]","[112.91, 22]","[138.3, 10]",87.2,53,51.41,-0.21
07:37:55,"[98.69, 13]","[61.18, 11]","[112.0, 32]","[113.0, 8]",105.35,64,13.31,-0.25
07:37:56,"[91.0, 7]","[70.0, 21]","[112.0, 24]","[113.0, 7]",101.5,59,21.0,-0.05
07:37:57,"[73.57, 28]","[56.41, 17]","[112.0, 20]","[113.0, 10]",92.79,75,38.43,0.2
07:37:58,"[96.0, 16]","[80.0, 20]","[111.79, 14]","[112.6, 10]",103.89,60,15.79,0.2
07:37:59,"[96.86, 14]","[94.0, 14]","[109.0, 9]","[111.9, 21]",102.93,58,12.14,-0.03
07:38:00,"[98.0, 20]","[87.55, 11]","[106.89, 35]","[108.33, 18]",102.44,84,8.89,-0.26
07:38:01,"[98.64, 22]","[67.62, 13]","[107.62, 32]","[142.43, 14]",103.13,81,8.99,-0.14
07:38:02,"[102.11, 38]","[98.86, 21]","[159.64, 22]","[159.24, 25]",130.87,106,57.53,0.11
07:38:03,"[114.89, 9]","[107.0, 10]","[186.0, 16]","[0, 0]",150.44,35,71.11,0.09
07:38:04,"[117.5, 30]","[115.4, 20]","[217.13, 30]","[612.0, 28]",167.32,108,99.63,-0.07
07:38:05,"[118.27, 22]","[117.67, 18]","[665.0, 30]","[629.0, 4]",391.64,74,546.73,0.08
07:38:06,"[121.0, 3]","[119.0, 3]","[489.67, 12]","[0, 0]",305.33,18,368.67,-0.33
07:38:07,"[119.5, 12]","[117.69, 13]","[343.0, 20]","[0, 0]",231.25,45,223.5,0.11
07:38:08,"[116.62, 26]","[116.25, 16]","[380.53, 19]","[520.69, 26]",248.57,87,263.91,-0.03
07:38:09,"[117.0, 48]","[115.0, 48]","[380.0, 24]","[381.0, 16]",248.5,136,263.0,0.41
07:38:10,"[115.4, 60]","[114.53, 34]","[335.72, 29]","[353.58, 38]",225.56,161,220.32,0.17
07:38:11,"[121.0, 42]","[115.0, 42]","[281.95, 20]","[325.35, 26]",201.47,130,160.95,0.29
07:38:12,"[121.0, 78]","[115.0, 78]","[258.93, 43]","[278.28, 43]",189.97,242,137.93,0.29
07:38:13,"[121.0, 36]","[115.0, 36]","[253.33, 6]","[256.0, 18]",187.17,96,132.33,0.5
07:38:14,"[121.0, 48]","[115.0, 48]","[251.58, 24]","[252.93, 28]",186.29,148,130.58,0.3
07:38:15,"[122.54, 26]","[120.45, 66]","[248.68, 47]","[250.12, 25]",185.61,164,126.14,0.12
07:38:16,"[123.0, 18]","[121.0, 54]","[247.56, 27]","[247.87, 23]",185.28,122,124.56,0.18
07:38:17,"[123.0, 26]","[121.0, 78]","[236.96, 53]","[242.52, 25]",179.98,182,113.96,0.14
07:38:18,"[123.0, 28]","[121.0, 84]","[186.45, 44]","[185.67, 24]",154.73,180,63.45,0.24
07:38:19,"[123.0, 22]","[121.0, 66]","[173.85, 27]","[174.47, 45]",148.43,160,50.85,0.1
07:38:20,"[123.0, 30]","[121.0, 90]","[160.52, 31]","[163.39, 23]",141.76,174,37.52,0.38
07:38:21,"[122.23, 35]","[120.93, 58]","[157.98, 46]","[159.82, 66]",140.1,205,35.75,-0.09
07:38:22,"[124.0, 9]","[121.17, 24]","[154.67, 33]","[155.2, 41]",139.33,107,30.67,-0.38
07:38:23,"[124.0, 18]","[122.0, 18]","[150.11, 76]","[151.97, 58]",137.05,170,26.11,-0.58
07:38:24,"[124.0, 12]","[122.0, 12]","[147.4, 15]","[148.45, 33]",135.7,72,23.4,-0.33
07:38:25,"[124.0, 15]","[122.0, 15]","[145.13, 15]","[147.0, 22]",134.57,67,21.13,-0.1
07:38:26,"[124.0, 13]","[122.0, 13]","[140.93, 14]","[141.95, 19]",132.46,59,16.93,-0.12
07:38:27,"[124.0, 16]","[122.0, 16]","[139.38, 32]","[140.75, 16]",131.69,80,15.38,-0.2
07:38:28,"[123.88, 16]","[121.47, 32]","[136.39, 28]","[138.57, 40]",130.13,116,12.52,-0.17
07:38:29,"[122.0, 12]","[121.0, 204]","[135.93, 54]","[136.5, 20]",128.96,290,13.93,0.49
07:38:30,"[122.0, 13]","[121.0, 221]","[134.63, 19]","[135.68, 44]",128.32,297,12.63,0.58
07:38:31,"[121.01, 197]","[118.36, 100]","[130.88, 25]","[131.69, 26]",125.95,348,9.87,0.71
07:38:32,"[121.0, 160]","[117.0, 24]","[125.92, 13]","[127.75, 12]",123.46,209,4.92,0.76
07:38:33,"[120.78, 110]","[116.49, 35]","[122.26, 35]","[123.26, 61]",121.52,241,1.48,0.2
07:38:34,"[117.97, 79]","[116.65, 17]","[121.12, 16]","[127.0, 8]",119.55,120,3.15,0.6
07:38:35,"[118.0, 85]","[117.0, 29]","[119.62, 16]","[122.06, 17]",118.81,147,1.62,0.55
07:38:36,"[118.0, 63]","[117.0, 27]","[347.28, 25]","[682.52, 21]",232.64,136,229.28,0.32
07:38:37,"[118.77, 47]","[121.1, 72]","[277.55, 49]","[382.0, 20]",198.16,188,158.79,0.27
07:38:38,"[124.08, 52]","[123.53, 68]","[208.0, 40]","[340.3, 27]",166.04,187,83.92,0.28
07:38:39,"[124.0, 100]","[122.0, 40]","[205.33, 45]","[219.56, 45]",164.67,230,81.33,0.22
07:38:40,"[124.0, 54]","[122.0, 24]","[202.67, 30]","[205.0, 24]",163.33,132,78.67,0.18
07:38:41,"[124.0, 52]","[122.0, 52]","[200.08, 62]","[202.09, 55]",162.04,221,76.08,-0.06
07:38:42,"[124.0, 8]","[122.0, 32]","[198.9, 39]","[199.85, 33]",161.45,112,74.9,-0.29
07:38:43,"[124.0, 9]","[122.0, 36]","[196.0, 38]","[197.0, 43]",160.0,126,72.0,-0.29
07:38:44,"[124.0, 6]","[122.0, 24]","[192.88, 26]","[194.43, 28]",158.44,84,68.88,-0.29
07:38:45,"[122.67, 12]","[121.4, 40]","[190.75, 40]","[193.0, 32]",156.71,124,68.08,-0.16
07:38:46,"[122.0, 8]","[121.0, 24]","[190.0, 20]","[193.0, 16]",156.0,68,68.0,-0.06
07:38:47,"[122.0, 17]","[121.0, 72]","[186.45, 58]","[188.34, 50]",154.22,197,64.45,-0.1
07:38:48,"[122.0, 14]","[121.0, 84]","[182.11, 62]","[183.22, 64]",152.06,224,60.11,-0.12
07:38:49,"[122.0, 3]","[121.0, 18]","[181.0, 12]","[182.0, 15]",151.5,48,59.0,-0.12
07:38:50,"[122.0, 11]","[121.0, 66]","[177.39, 31]","[180.08, 26]",149.69,134,55.39,0.15
07:38:51,"[122.0, 14]","[121.0, 84]","[176.08, 61]","[177.41, 54]",149.04,213,54.08,-0.08
07:38:52,"[121.2, 20]","[118.86, 84]","[173.55, 47]","[175.13, 38]",147.38,189,52.35,0.1
07:38:53,"[121.0, 24]","[118.0, 84]","[167.24, 41]","[169.77, 48]",144.12,197,46.24,0.1
07:38:54,"[121.0, 28]","[117.48, 62]","[156.43, 46]","[159.07, 28]",138.72,164,35.43,0.1
07:38:55,"[118.86, 14]","[117.05, 42]","[156.0, 48]","[157.0, 12]",137.43,116,37.14,-0.03
07:38:56,"[116.2, 20]","[115.71, 56]","[155.58, 48]","[157.0, 12]",135.89,136,39.38,0.12
07:38:57,"[115.0, 36]","[114.0, 72]","[151.97, 31]","[152.86, 35]",133.48,174,36.97,0.24
07:38:58,"[115.0, 24]","[114.0, 48]","[148.12, 16]","[149.62, 26]",131.56,114,33.12,0.26
07:38:59,"[116.21, 29]","[113.74, 66]","[144.15, 34]","[146.15, 26]",130.18,155,27.94,0.23
07:39:00,"[125.0, 48]","[121.83, 23]","[142.41, 22]","[143.12, 26]",133.7,119,17.41,0.19
07:39:01,"[125.0, 38]","[122.0, 28]","[139.08, 50]","[140.0, 44]",132.04,160,14.08,-0.17
07:39:02,"[124.25, 12]","[121.43, 42]","[132.68, 40]","[134.52, 46]",128.46,140,8.43,-0.23
07:39:03,"[123.6, 25]","[121.11, 45]","[130.14, 35]","[131.17, 35]",126.87,140,6.54,0.0
07:39:04,"[121.0, 48]","[119.88, 104]","[125.28, 32]","[126.26, 35]",123.14,219,4.28,0.39
07:39:05,"[119.42, 53]","[117.64, 70]","[122.55, 33]","[123.37, 19]",120.98,175,3.13,0.41
07:39:06,"[117.0, 77]","[114.0, 55]","[118.74, 19]","[122.36, 25]",117.87,176,1.74,0.5
07:39:07,"[117.0, 32]","[114.0, 40]","[122.62, 8]","[219.0, 32]",119.81,112,5.62,0.29
07:39:08,"[115.33, 36]","[98.83, 48]","[124.0, 8]","[363.09, 32]",119.67,124,8.67,0.35
07:39:09,"[114.0, 40]","[88.0, 56]","[121.25, 8]","[683.78, 27]",117.62,131,7.25,0.47
07:39:10,"[114.67, 15]","[110.02, 57]","[119.64, 11]","[572.18, 44]",117.15,127,4.97,0.13
07:39:11,"[115.0, 8]","[113.0, 40]","[118.0, 8]","[466.0, 40]",116.5,96,3.0,0.0
07:39:12,"[115.0, 6]","[113.0, 30]","[117.0, 6]","[539.67, 30]",116.0,72,2.0,0.0
07:39:13,"[114.0, 10]","[110.1, 29]","[359.56, 9]","[665.11, 27]",236.78,75,245.56,0.04
07:39:14,"[113.0, 50]","[101.04, 82]","[131.0, 40]","[523.0, 50]",122.0,222,18.0,0.19
07:39:15,"[97.63, 41]","[69.38, 45]","[131.0, 24]","[413.33, 30]",114.32,140,33.37,0.23
07:39:16,"[109.58, 50]","[98.04, 47]","[554.89, 36]","[577.73, 44]",332.23,177,445.31,0.1
07:39:17,"[117.74, 89]","[115.11, 35]","[140.46, 57]","[269.46, 59]",129.1,240,22.71,0.03
07:39:18,"[121.0, 74]","[117.89, 27]","[138.23, 43]","[193.77, 52]",129.62,196,17.23,0.03
07:39:19,"[121.04, 106]","[118.1, 58]","[132.0, 52]","[133.9, 52]",126.52,268,10.96,0.22
07:39:20,"[120.53, 57]","[117.74, 68]","[126.49, 55]","[127.07, 43]",123.51,223,5.96,0.12
07:39:21,"[118.0, 33]","[117.0, 33]","[121.16, 38]","[122.84, 38]",119.58,142,3.16,-0.07
07:39:22,"[117.17, 29]","[115.32, 38]","[118.7, 20]","[120.97, 37]",117.94,124,1.53,0.08
07:39:23,"[117.53, 38]","[115.77, 39]","[120.7, 40]","[295.46, 26]",119.11,143,3.17,0.08
07:39:24,"[117.95, 38]","[116.5, 32]","[148.78, 36]","[514.15, 26]",133.36,132,30.83,0.06
07:39:25,"[117.53, 30]","[116.38, 52]","[373.0, 24]","[616.62, 40]",245.27,146,255.47,0.12
07:39:26,"[118.46, 26]","[116.69, 29]","[572.66, 29]","[618.38, 26]",345.56,110,454.19,0.0
07:39:27,"[119.25, 36]","[118.0, 24]","[295.83, 24]","[350.18, 40]",207.54,124,176.58,-0.03
07:39:28,"[121.0, 42]","[118.0, 28]","[226.29, 28]","[264.91, 66]",173.64,164,105.29,-0.15
07:39:29,"[123.43, 21]","[117.82, 17]","[224.75, 16]","[274.0, 24]",174.09,78,101.32,-0.03
07:39:30,"[121.88, 17]","[117.71, 31]","[224.0, 28]","[288.63, 41]",172.94,117,102.12,-0.18
07:39:31,"[117.18, 22]","[115.46, 26]","[223.88, 16]","[377.0, 16]",170.53,80,106.69,0.2
07:39:32,"[117.0, 30]","[115.0, 40]","[221.55, 44]","[233.65, 23]",169.27,137,104.55,0.02
07:39:33,"[115.8, 30]","[113.41, 34]","[220.0, 50]","[221.0, 20]",167.9,134,104.2,-0.04
07:39:34,"[115.0, 16]","[112.0, 24]","[219.6, 25]","[220.19, 31]",167.3,96,104.6,-0.17
07:39:35,"[115.0, 26]","[112.0, 39]","[219.0, 26]","[220.0, 65]",167.0,156,104.0,-0.17
07:39:36,"[113.45, 22]","[107.52, 29]","[218.31, 39]","[219.75, 40]",165.88,130,104.85,-0.22
07:39:37,"[117.0, 20]","[41.24, 68]","[120.89, 44]","[205.3, 53]",118.94,185,3.89,-0.05
07:39:38,"[113.5, 20]","[40.91, 44]","[122.0, 32]","[143.0, 20]",117.75,116,8.5,0.1
07:39:39,"[112.0, 22]","[73.71, 34]","[121.71, 34]","[122.91, 43]",116.85,133,9.71,-0.16
07:39:40,"[114.9, 60]","[110.11, 45]","[119.0, 35]","[120.71, 35]",116.95,175,4.1,0.2
07:39:41,"[113.0, 84]","[87.59, 34]","[116.52, 27]","[118.07, 57]",114.76,202,3.52,0.17
07:39:42,"[113.62, 37]","[87.0, 40]","[199.25, 24]","[196.18, 40]",156.44,141,85.63,0.09
07:39:43,"[115.27, 52]","[110.33, 18]","[217.0, 24]","[278.92, 60]",166.13,154,101.73,-0.09
07:39:44,"[116.0, 78]","[114.0, 13]","[214.89, 27]","[242.4, 40]",165.44,158,98.89,0.15
07:39:45,"[116.22, 55]","[115.52, 21]","[196.44, 25]","[199.6, 35]",156.33,136,80.22,0.12
07:39:46,"[119.22, 27]","[117.74, 61]","[171.06, 35]","[174.24, 34]",145.14,157,51.83,0.12
07:39:47,"[118.0, 30]","[117.0, 48]","[134.56, 18]","[135.52, 21]",126.28,117,16.56,0.33
07:39:48,"[118.0, 27]","[117.0, 45]","[131.56, 18]","[134.0, 36]",124.78,126,13.56,0.14
07:39:49,"[117.05, 58]","[112.91, 47]","[129.58, 24]","[134.0, 48]",123.32,177,12.53,0.19
07:39:50,"[117.0, 60]","[115.0, 36]","[124.88, 25]","[126.47, 17]",120.94,138,7.88,0.39
07:39:51,"[117.0, 59]","[115.0, 27]","[123.89, 27]","[124.5, 24]",120.44,137,6.89,0.26
07:39:52,"[117.0, 39]","[115.0, 51]","[121.0, 26]","[123.14, 35]",119.0,151,4.0,0.19
07:39:53,"[115.15, 67]","[113.22, 74]","[118.35, 43]","[119.45, 44]",116.75,228,3.2,0.24
07:39:54,"[112.0, 51]","[101.46, 105]","[114.27, 33]","[118.06, 35]",113.14,224,2.27,0.39
07:39:55,"[78.02, 61]","[59.61, 46]","[203.18, 22]","[338.38, 29]",140.6,158,125.17,0.35
07:39:56,"[78.77, 60]","[60.12, 81]","[207.3, 61]","[337.36, 42]",143.03,244,128.53,0.16
07:39:57,"[121.0, 89]","[106.24, 51]","[225.25, 60]","[332.33, 30]",173.12,230,104.25,0.22
07:39:58,"[121.43, 47]","[119.35, 51]","[221.63, 54]","[366.96, 51]",171.53,203,100.2,-0.03
07:39:59,"[125.0, 6]","[122.71, 42]","[197.0, 12]","[223.0, 30]",161.0,90,72.0,0.07
07:40:00,"[124.06, 32]","[122.57, 46]","[221.38, 32]","[244.18, 17]",172.72,127,97.31,0.23
07:40:01,"[124.0, 60]","[122.0, 60]","[222.0, 50]","[237.29, 35]",173.0,205,98.0,0.17
07:40:02,"[124.0, 29]","[122.0, 84]","[173.0, 70]","[202.46, 61]",148.5,244,49.0,-0.07
07:40:03,"[123.11, 18]","[121.73, 82]","[156.41, 54]","[187.86, 49]",139.76,203,33.3,-0.01
07:40:04,"[122.0, 23]","[121.0, 137]","[168.0, 55]","[318.83, 35]",145.0,250,46.0,0.28
07:40:05,"[122.0, 16]","[121.0, 208]","[166.8, 75]","[199.73, 64]",144.4,363,44.8,0.23
07:40:06,"[122.0, 8]","[121.0, 104]","[163.62, 40]","[167.0, 32]",142.81,184,41.62,0.22
07:40:07,"[121.01, 97]","[119.34, 29]","[153.16, 37]","[160.68, 44]",137.09,207,32.15,0.22
07:40:08,"[121.0, 120]","[118.0, 20]","[127.04, 47]","[128.24, 37]",124.02,224,6.04,0.25
07:40:09,"[121.0, 120]","[118.0, 36]","[125.23, 48]","[127.76, 41]",123.11,245,4.23,0.27
07:40:10,"[121.0, 156]","[118.0, 42]","[124.22, 63]","[127.07, 54]",122.61,315,3.22,0.26
07:40:11,"[121.0, 78]","[118.0, 20]","[127.35, 37]","[161.61, 38]",124.18,173,6.35,0.13
07:40:12,"[121.0, 25]","[118.0, 24]","[256.69, 32]","[393.75, 32]",188.84,113,135.69,-0.13
07:40:13,"[121.0, 14]","[118.0, 14]","[279.57, 7]","[561.14, 21]",200.29,56,158.57,0.0
07:40:14,"[122.64, 11]","[120.22, 23]","[254.24, 25]","[331.45, 11]",188.44,70,131.6,-0.03
07:40:15,"[117.62, 39]","[117.0, 27]","[284.95, 19]","[422.6, 10]",201.28,95,167.33,0.39
07:40:16,"[117.0, 56]","[115.0, 18]","[473.14, 14]","[524.33, 6]",295.07,94,356.14,0.57
07:40:17,"[117.0, 60]","[115.0, 21]","[304.1, 20]","[325.23, 13]",210.55,114,187.1,0.42
07:40:18,"[117.0, 48]","[115.0, 24]","[231.26, 34]","[232.29, 21]",174.13,127,114.26,0.13
07:40:19,"[117.0, 121]","[115.54, 26]","[229.6, 47]","[230.54, 41]",173.3,235,112.6,0.25
07:40:20,"[117.0, 98]","[115.0, 30]","[226.85, 48]","[228.16, 32]",171.93,208,109.85,0.23
07:40:21,"[120.66, 107]","[116.73, 67]","[224.86, 70]","[226.0, 60]",172.76,304,104.19,0.14
07:40:22,"[125.0, 82]","[121.0, 39]","[222.32, 57]","[223.15, 65]",173.66,243,97.32,-0.0
07:40:23,"[125.0, 78]","[121.0, 51]","[219.2, 61]","[220.49, 59]",172.1,249,94.2,0.04
07:40:24,"[125.0, 11]","[121.0, 33]","[216.18, 51]","[218.63, 51]",170.59,146,91.18,-0.4
07:40:25,"[120.0, 14]","[118.14, 42]","[209.12, 25]","[213.09, 35]",164.56,116,89.12,-0.03
07:40:26,"[123.13, 15]","[117.65, 34]","[207.51, 53]","[208.23, 52]",165.32,154,84.38,-0.36
07:40:27,"[125.0, 13]","[118.93, 29]","[201.19, 64]","[202.52, 64]",163.09,170,76.19,-0.51
07:40:28,"[125.0, 11]","[121.0, 33]","[198.18, 55]","[199.36, 55]",161.59,154,73.18,-0.43
07:40:29,"[119.4, 20]","[119.4, 20]","[194.67, 54]","[196.29, 59]",157.03,153,75.27,-0.48
07:40:30,"[119.84, 57]","[117.48, 21]","[190.61, 64]","[191.75, 68]",155.23,210,70.77,-0.26
07:40:31,"[117.6, 20]","[116.53, 17]","[174.45, 75]","[182.51, 63]",146.03,175,56.85,-0.58
07:40:32,"[117.0, 20]","[116.0, 20]","[162.48, 91]","[163.93, 97]",139.74,228,45.48,-0.65
07:40:33,"[117.0, 13]","[116.0, 13]","[158.21, 63]","[159.24, 62]",137.6,151,41.21,-0.66
07:40:34,"[123.11, 72]","[116.0, 16]","[154.95, 76]","[156.44, 78]",139.03,242,31.84,-0.27
07:40:35,"[124.0, 112]","[121.96, 69]","[149.83, 63]","[151.67, 63]",136.91,307,25.83,0.18
07:40:36,"[124.0, 115]","[122.0, 96]","[145.64, 74]","[146.76, 74]",134.82,359,21.64,0.18
07:40:37,"[124.0, 70]","[122.0, 60]","[139.3, 50]","[140.4, 50]",131.65,230,15.3,0.13
07:40:38,"[124.0, 35]","[122.0, 30]","[136.8, 25]","[138.8, 25]",130.4,115,12.8,0.13
07:40:39,"[124.0, 105]","[122.0, 90]","[136.57, 23]","[137.56, 71]",130.28,289,12.57,0.35
07:40:40,"[124.0, 105]","[122.0, 132]","[132.67, 43]","[134.67, 57]",128.34,337,8.67,0.41
07:40:41,"[124.0, 69]","[122.0, 78]","[129.3, 40]","[129.72, 25]",126.65,212,5.3,0.39
07:40:42,"[123.58, 86]","[121.97, 87]","[125.6, 57]","[127.32, 66]",124.59,296,2.02,0.17
07:40:43,"[121.71, 28]","[115.93, 42]","[122.89, 62]","[172.38, 32]",122.3,164,1.17,-0.15
07:40:44,"[115.74, 108]","[114.84, 74]","[121.2, 60]","[179.67, 18]",118.47,260,5.46,0.4
07:40:45,"[116.06, 72]","[115.28, 87]","[119.0, 27]","[123.32, 47]",117.53,233,2.94,0.36
07:40:46,"[116.81, 94]","[115.72, 75]","[118.67, 52]","[119.75, 40]",117.74,261,1.86,0.3
07:40:47,"[117.0, 201]","[116.0, 90]","[118.0, 76]","[120.0, 45]",117.5,412,1.0,0.41
07:40:48,"[117.12, 104]","[116.35, 92]","[127.0, 45]","[197.29, 42]",122.06,283,9.88,0.39
07:40:49,"[116.15, 106]","[114.95, 86]","[225.4, 30]","[471.9, 30]",170.78,252,109.25,0.52
07:40:50,"[114.27, 185]","[112.79, 114]","[221.37, 19]","[409.13, 45]",167.82,363,107.1,0.65
07:40:51,"[114.0, 191]","[109.0, 36]","[243.45, 20]","[365.71, 28]",178.72,275,129.45,0.65
07:40:52,"[118.24, 102]","[113.81, 74]","[299.2, 30]","[409.56, 16]",208.72,222,180.96,0.59
07:40:53,"[120.0, 81]","[116.0, 18]","[405.9, 21]","[493.4, 15]",262.95,135,285.9,0.47
07:40:54,"[120.0, 69]","[116.0, 16]","[219.0, 22]","[408.14, 14]",169.5,121,99.0,0.4
07:40:55,"[120.0, 72]","[116.0, 24]","[398.83, 29]","[402.37, 27]",259.41,152,278.83,0.26
07:40:56,"[120.0, 48]","[116.0, 16]","[280.56, 18]","[327.44, 18]",200.28,100,160.56,0.28
07:40:57,"[121.11, 38]","[119.36, 50]","[186.09, 22]","[187.13, 23]",153.6,133,64.99,0.32
07:40:58,"[122.06, 32]","[119.83, 70]","[183.33, 27]","[184.77, 26]",152.7,155,61.27,0.32
07:40:59,"[120.0, 55]","[117.0, 22]","[163.46, 26]","[174.64, 22]",141.73,125,43.46,0.23
07:41:00,"[120.0, 45]","[117.0, 18]","[130.56, 18]","[132.0, 18]",125.28,99,10.56,0.27
07:41:01,"[120.0, 60]","[117.0, 24]","[128.58, 24]","[130.5, 24]",124.29,132,8.58,0.27
07:41:02,"[116.12, 68]","[114.37, 41]","[127.54, 26]","[129.38, 26]",121.83,161,11.42,0.35
07:41:03,"[114.0, 47]","[113.0, 35]","[125.0, 14]","[126.57, 14]",119.5,110,11.0,0.49
07:41:04,"[114.97, 29]","[113.7, 50]","[123.7, 20]","[125.4, 20]",119.33,119,8.73,0.33
07:41:05,"[116.0, 34]","[114.0, 120]","[122.62, 26]","[124.0, 26]",119.31,206,6.62,0.5
07:41:06,"[116.0, 20]","[114.0, 160]","[121.46, 28]","[129.28, 25]",118.73,233,5.46,0.55
07:41:07,"[114.8, 30]","[113.9, 124]","[119.64, 28]","[155.07, 14]",117.22,196,4.84,0.57
07:41:08,"[114.0, 144]","[111.0, 28]","[124.69, 26]","[255.86, 14]",119.35,212,10.69,0.62
07:41:09,"[114.0, 88]","[111.0, 16]","[204.69, 16]","[300.75, 20]",159.34,140,90.69,0.49
07:41:10,"[114.04, 104]","[112.5, 40]","[119.07, 30]","[143.07, 28]",116.55,202,5.03,0.43
07:41:11,"[115.0, 10]","[114.0, 50]","[198.31, 13]","[281.8, 15]",156.65,88,83.31,0.36
07:41:12,"[114.14, 42]","[113.23, 78]","[205.0, 45]","[330.0, 43]",159.57,208,90.86,0.15
07:41:13,"[113.0, 24]","[111.0, 8]","[204.25, 12]","[233.5, 12]",158.62,56,91.25,0.14
07:41:14,"[113.0, 66]","[111.0, 22]","[202.18, 33]","[249.0, 33]",157.59,154,89.18,0.14
07:41:15,"[113.17, 36]","[112.57, 46]","[200.18, 33]","[303.57, 28]",156.67,143,87.02,0.15
07:41:16,"[114.7, 30]","[113.0, 84]","[198.4, 50]","[204.69, 59]",156.55,223,83.7,0.02
07:41:17,"[116.71, 17]","[115.44, 62]","[152.27, 55]","[181.6, 63]",134.49,197,35.57,-0.2
07:41:18,"[116.0, 49]","[115.0, 52]","[129.81, 43]","[131.1, 59]",122.91,203,13.81,-0.0
07:41:19,"[116.0, 17]","[115.0, 24]","[125.68, 22]","[126.83, 18]",120.84,81,9.68,0.01
07:41:20,"[115.33, 12]","[114.2, 40]","[123.21, 42]","[124.63, 38]",119.27,132,7.88,-0.21
07:41:21,"[114.21, 43]","[113.1, 87]","[118.9, 52]","[120.76, 76]",116.56,258,4.69,0.01
07:41:22,"[114.1, 71]","[106.09, 91]","[116.46, 65]","[117.3, 71]",115.28,298,2.36,0.09
07:41:23,"[112.0, 70]","[88.8, 122]","[115.57, 35]","[250.74, 19]",113.79,246,3.57,0.56
07:41:24,"[105.66, 107]","[90.09, 35]","[113.41, 34]","[173.27, 22]",109.54,198,7.75,0.43
07:41:25,"[95.0, 70]","[92.69, 181]","[107.68, 19]","[237.27, 22]",101.34,292,12.68,0.72
07:41:26,"[110.2, 5]","[103.5, 4]","[113.33, 3]","[288.0, 6]",111.77,18,3.13,0.0
07:41:27,"[97.95, 56]","[83.82, 156]","[202.5, 26]","[411.87, 30]",150.22,268,104.55,0.58
07:41:28,"[75.18, 88]","[35.61, 46]","[345.4, 15]","[429.0, 12]",210.29,161,270.22,0.66
07:41:29,"[45.39, 62]","[32.2, 20]","[269.0, 12]","[479.0, 9]",157.19,103,223.61,0.59
07:41:30,"[91.16, 124]","[53.94, 68]","[337.76, 17]","[403.0, 18]",214.46,227,246.6,0.69
07:41:31,"[89.0, 100]","[30.91, 22]","[294.23, 13]","[337.0, 12]",191.62,147,205.23,0.66
07:41:32,"[94.52, 42]","[82.35, 102]","[305.57, 21]","[366.0, 24]",200.05,189,211.05,0.52
07:41:33,"[102.4, 10]","[95.09, 88]","[318.05, 21]","[457.72, 29]",210.22,148,215.65,0.32
07:41:34,"[97.83, 6]","[94.28, 72]","[489.35, 17]","[655.83, 18]",293.59,113,391.52,0.38
07:41:35,"[120.0, 22]","[103.67, 60]","[311.8, 20]","[510.18, 22]",215.9,124,191.8,0.32
07:41:36,"[119.25, 8]","[104.66, 59]","[196.0, 14]","[377.64, 11]",157.62,92,76.75,0.46
07:41:37,"[108.17, 94]","[104.03, 143]","[360.21, 38]","[637.5, 12]",234.19,287,252.04,0.65
07:41:38,"[123.0, 22]","[111.47, 17]","[297.38, 32]","[513.22, 18]",210.19,89,174.38,-0.12
07:41:39,"[122.67, 18]","[117.33, 12]","[232.24, 34]","[233.8, 40]",177.45,104,109.57,-0.42
07:41:40,"[121.05, 22]","[115.83, 18]","[226.12, 26]","[230.0, 31]",173.58,97,105.07,-0.18
07:41:41,"[121.97, 31]","[120.78, 32]","[200.76, 34]","[206.85, 40]",161.37,137,78.8,-0.08
07:41:42,"[119.5, 18]","[110.17, 47]","[199.25, 24]","[201.0, 32]",159.38,121,79.75,0.07
07:41:43,"[112.33, 12]","[109.02, 141]","[196.18, 33]","[201.0, 44]",154.26,230,83.85,0.33
07:41:44,"[117.75, 16]","[113.09, 11]","[182.56, 25]","[200.32, 31]",150.16,83,64.81,-0.35
07:41:45,"[114.31, 64]","[113.78, 137]","[118.72, 43]","[129.72, 36]",116.52,280,4.41,0.44
07:41:46,"[114.0, 126]","[112.0, 45]","[116.48, 31]","[117.62, 32]",115.24,234,2.48,0.46
07:41:47,"[114.0, 110]","[112.0, 55]","[115.74, 38]","[116.74, 34]",114.87,237,1.74,0.39
07:41:48,"[114.0, 13]","[112.0, 45]","[376.23, 13]","[567.95, 40]",245.12,111,262.23,0.05
07:41:49,"[114.89, 27]","[112.33, 18]","[271.6, 25]","[480.92, 26]",193.24,96,156.71,-0.06
07:41:50,"[115.75, 64]","[114.0, 8]","[368.56, 39]","[570.83, 12]",242.16,123,252.81,0.17
07:41:51,"[117.0, 80]","[114.0, 10]","[384.61, 38]","[556.14, 22]",250.8,150,267.61,0.2
07:41:52,"[117.0, 96]","[114.0, 12]","[302.26, 19]","[474.02, 43]",209.63,170,185.26,0.27
07:41:53,"[117.45, 88]","[115.86, 29]","[145.09, 22]","[147.0, 11]",131.27,150,27.64,0.56
07:41:54,"[122.09, 44]","[118.35, 75]","[143.9, 20]","[387.8, 25]",133.0,164,21.81,0.45
07:41:55,"[123.0, 58]","[120.0, 120]","[142.0, 28]","[403.84, 25]",132.5,231,19.0,0.54
07:41:56,"[121.8, 40]","[120.79, 112]","[139.76, 17]","[140.62, 24]",130.78,193,17.96,0.58
07:41:57,"[121.0, 64]","[120.0, 64]","[137.7, 10]","[139.91, 22]",129.35,160,16.7,0.6
07:41:58,"[121.0, 80]","[120.0, 80]","[134.22, 23]","[135.58, 12]",127.61,195,13.22,0.64
07:41:59,"[121.0, 80]","[120.0, 80]","[131.82, 17]","[133.08, 13]",126.41,190,10.82,0.68
07:42:00,"[121.0, 55]","[120.0, 120]","[129.19, 36]","[130.48, 23]",125.1,234,8.19,0.5
07:42:01,"[121.0, 42]","[120.0, 112]","[125.63, 41]","[127.48, 29]",123.32,224,4.63,0.38
07:42:02,"[120.43, 70]","[119.67, 108]","[123.03, 29]","[124.19, 31]",121.73,238,2.61,0.5
07:42:03,"[120.0, 132]","[117.0, 36]","[121.0, 24]","[122.71, 17]",120.5,209,1.0,0.61
07:42:04,"[120.0, 126]","[117.0, 27]","[124.0, 27]","[311.08, 24]",122.0,204,4.0,0.5
07:42:05,"[120.06, 104]","[119.4, 105]","[124.0, 39]","[147.0, 13]",122.03,261,3.94,0.6
07:42:06,"[120.83, 63]","[119.79, 43]","[122.96, 28]","[386.71, 21]",121.89,155,2.14,0.37
07:42:07,"[121.0, 28]","[120.0, 14]","[122.0, 28]","[482.14, 28]",121.5,98,1.0,-0.14
07:42:08,"[121.0, 44]","[120.0, 33]","[122.0, 44]","[421.45, 44]",121.5,165,1.0,-0.07
07:42:09,"[120.57, 28]","[118.5, 24]","[122.0, 32]","[320.46, 26]",121.29,110,1.43,-0.05
07:42:10,"[120.96, 67]","[119.82, 51]","[325.47, 62]","[595.76, 68]",223.21,248,204.51,-0.05
07:42:11,"[120.83, 41]","[116.0, 69]","[323.4, 25]","[525.8, 10]",222.11,145,202.57,0.52
07:42:12,"[124.0, 80]","[121.75, 12]","[286.53, 45]","[356.47, 15]",205.27,152,162.53,0.21
07:42:13,"[123.95, 37]","[122.33, 9]","[274.0, 9]","[275.0, 36]",198.97,91,150.05,0.01
07:42:14,"[119.0, 21]","[116.0, 27]","[248.6, 10]","[264.0, 10]",183.8,68,129.6,0.41
07:42:15,"[116.0, 69]","[114.0, 126]","[248.0, 7]","[525.0, 16]",182.0,218,132.0,0.79
07:42:16,"[116.0, 88]","[114.0, 126]","[246.71, 7]","[322.0, 7]",181.36,228,130.71,0.88
07:42:17,"[116.0, 153]","[114.0, 198]","[243.71, 21]","[279.76, 17]",179.86,389,127.71,0.8
07:42:18,"[116.0, 143]","[114.0, 198]","[240.91, 11]","[243.0, 33]",178.45,385,124.91,0.77
07:42:19,"[116.0, 130]","[114.0, 241]","[238.83, 36]","[241.35, 20]",177.42,427,122.83,0.74
07:42:20,"[116.0, 72]","[114.0, 59]","[183.88, 16]","[237.9, 20]",149.94,167,67.88,0.57
07:42:21,"[116.0, 63]","[114.0, 56]","[151.45, 11]","[198.36, 11]",133.73,141,35.45,0.69
07:42:22,"[116.0, 127]","[114.0, 120]","[148.67, 15]","[201.8, 15]",132.33,277,32.67,0.78
07:42:23,"[116.0, 42]","[114.0, 48]","[145.11, 18]","[147.0, 6]",130.56,114,29.11,0.58
07:42:24,"[116.0, 77]","[114.0, 88]","[143.65, 23]","[144.18, 17]",129.83,205,27.65,0.61
07:42:25,"[116.0, 56]","[114.0, 64]","[140.88, 32]","[142.0, 8]",128.44,160,24.88,0.5
07:42:26,"[116.0, 56]","[114.0, 64]","[139.39, 23]","[139.88, 17]",127.7,160,23.39,0.5
07:42:27,"[116.0, 119]","[114.0, 136]","[135.34, 41]","[137.26, 31]",125.67,327,19.34,0.56
07:42:28,"[116.0, 94]","[114.0, 112]","[132.4, 20]","[133.08, 52]",124.2,278,16.4,0.48
07:42:29,"[117.25, 67]","[114.1, 84]","[128.97, 29]","[130.53, 19]",123.11,199,11.71,0.52
07:42:30,"[123.0, 48]","[116.0, 60]","[126.2, 25]","[127.8, 25]",124.6,158,3.2,0.37
07:42:31,"[123.0, 44]","[116.0, 127]","[125.7, 40]","[126.33, 18]",124.35,229,2.7,0.49
07:42:32,"[116.23, 121]","[114.29, 77]","[123.89, 18]","[124.76, 21]",120.06,237,7.66,0.67
07:42:33,"[116.0, 90]","[114.0, 54]","[121.0, 9]","[123.0, 18]",118.5,171,5.0,0.68
07:42:34,"[116.0, 110]","[114.0, 66]","[121.0, 11]","[123.0, 22]",118.5,209,5.0,0.68
07:42:35,"[116.0, 110]","[114.0, 66]","[118.63, 19]","[120.33, 15]",117.32,210,2.63,0.68
07:42:36,"[116.05, 93]","[114.13, 77]","[147.12, 32]","[254.65, 23]",131.59,225,31.07,0.51
07:42:37,"[121.0, 8]","[116.0, 53]","[144.0, 32]","[327.43, 14]",132.5,107,23.0,0.14
07:42:38,"[116.41, 61]","[115.48, 122]","[129.0, 24]","[198.76, 21]",122.7,228,12.59,0.61
07:42:39,"[117.21, 19]","[116.0, 126]","[123.0, 28]","[128.0, 18]",120.11,191,5.79,0.52
07:42:40,"[116.67, 18]","[115.13, 97]","[122.29, 34]","[127.55, 22]",119.48,171,5.63,0.35
07:42:41,"[117.38, 16]","[116.14, 28]","[122.0, 48]","[403.0, 24]",119.69,116,4.62,-0.24
07:42:42,"[119.56, 16]","[117.35, 17]","[140.89, 38]","[447.29, 21]",130.23,92,21.33,-0.28
07:42:43,"[119.4, 15]","[117.56, 34]","[409.45, 11]","[512.89, 19]",264.43,79,290.05,0.24
07:42:44,"[122.71, 31]","[120.06, 32]","[361.06, 17]","[388.0, 10]",241.88,90,238.35,0.4
07:42:45,"[124.0, 36]","[121.0, 24]","[360.58, 24]","[472.0, 12]",242.29,96,236.58,0.25
07:42:46,"[122.8, 25]","[120.18, 55]","[262.06, 16]","[282.71, 14]",192.43,110,139.26,0.45
07:42:47,"[123.0, 21]","[121.0, 14]","[248.67, 12]","[283.76, 29]",185.83,76,125.67,-0.08
07:42:48,"[123.0, 21]","[121.0, 14]","[251.0, 14]","[289.0, 35]",187.0,84,128.0,-0.17
07:42:49,"[123.0, 15]","[121.0, 10]","[244.67, 9]","[285.36, 22]",183.83,56,121.67,-0.11
07:42:50,"[122.14, 21]","[120.0, 15]","[249.0, 12]","[314.31, 13]",185.57,61,126.86,0.18
07:42:51,"[120.0, 30]","[118.0, 25]","[249.0, 10]","[306.75, 8]",184.5,73,129.0,0.51
07:42:52,"[120.0, 36]","[118.0, 40]","[246.87, 15]","[290.25, 12]",183.43,103,126.87,0.48
07:42:53,"[120.63, 41]","[118.39, 31]","[247.57, 35]","[249.0, 14]",184.1,121,126.94,0.19
07:42:54,"[121.0, 117]","[120.0, 27]","[204.69, 26]","[222.68, 19]",162.85,189,83.69,0.52
07:42:55,"[121.0, 131]","[120.0, 33]","[166.61, 54]","[168.05, 42]",143.81,260,45.61,0.26
07:42:56,"[121.0, 126]","[120.0, 42]","[165.25, 65]","[166.73, 60]",143.12,293,44.25,0.15
07:42:57,"[121.0, 122]","[120.0, 54]","[160.04, 71]","[161.01, 85]",140.52,332,39.04,0.06
07:42:58,"[121.0, 62]","[120.0, 42]","[157.84, 62]","[159.09, 64]",139.42,230,36.84,-0.1
07:42:59,"[121.0, 36]","[120.0, 36]","[154.25, 48]","[156.42, 48]",137.62,168,33.25,-0.14
07:43:00,"[119.08, 39]","[116.99, 71]","[148.87, 55]","[149.85, 60]",133.97,225,29.8,-0.02
07:43:01,"[119.18, 22]","[117.33, 36]","[144.09, 43]","[145.53, 47]",131.64,148,24.91,-0.22
07:43:02,"[118.77, 26]","[116.37, 81]","[142.69, 52]","[144.0, 65]",130.73,224,23.92,-0.04
07:43:03,"[118.0, 37]","[116.0, 198]","[136.83, 103]","[138.24, 95]",127.42,433,18.83,0.09
07:43:04,"[118.0, 8]","[116.0, 84]","[131.53, 38]","[132.47, 34]",124.76,164,13.53,0.12
07:43:05,"[118.0, 14]","[116.0, 153]","[127.71, 66]","[129.02, 60]",122.86,293,9.71,0.14
07:43:06,"[118.0, 11]","[116.0, 87]","[123.07, 54]","[124.38, 45]",120.54,197,5.07,-0.01
07:43:07,"[116.0, 114]","[113.08, 197]","[120.57, 58]","[124.41, 82]",118.28,451,4.57,0.38
07:43:08,"[116.0, 148]","[114.12, 49]","[117.45, 67]","[147.07, 55]",116.72,319,1.45,0.24
07:43:09,"[116.34, 94]","[115.83, 36]","[146.0, 36]","[318.83, 23]",131.17,189,29.66,0.38
07:43:10,"[116.31, 103]","[115.77, 39]","[454.88, 43]","[441.38, 40]",285.6,225,338.57,0.26
07:43:11,"[116.0, 74]","[115.0, 10]","[586.74, 31]","[690.61, 23]",351.37,138,470.74,0.22
07:43:12,"[116.0, 69]","[114.75, 16]","[407.88, 40]","[484.23, 40]",261.94,165,291.88,0.03
07:43:13,"[116.0, 31]","[114.0, 44]","[373.33, 24]","[374.9, 31]",244.67,130,257.33,0.15
07:43:14,"[116.0, 9]","[114.0, 36]","[364.38, 26]","[371.85, 20]",240.19,91,248.38,-0.01
07:43:15,"[116.0, 9]","[114.0, 36]","[366.81, 21]","[367.75, 24]",241.4,90,250.81,0.0
07:43:16,"[116.0, 8]","[114.0, 32]","[363.41, 22]","[364.67, 18]",239.7,80,247.41,0.0
07:43:17,"[116.93, 45]","[114.74, 19]","[359.72, 25]","[360.84, 25]",238.33,114,242.79,0.12
07:43:18,"[117.0, 42]","[116.0, 21]","[356.33, 15]","[357.47, 17]",236.67,95,239.33,0.33
07:43:19,"[123.0, 26]","[119.46, 78]","[207.83, 36]","[266.54, 26]",165.42,166,84.83,0.25
07:43:20,"[122.68, 31]","[120.81, 81]","[184.2, 30]","[185.31, 32]",153.44,174,61.52,0.29
07:43:21,"[121.0, 45]","[116.0, 27]","[179.62, 21]","[181.33, 18]",150.31,111,58.62,0.3
07:43:22,"[121.0, 52]","[117.75, 32]","[175.25, 16]","[178.0, 24]",148.12,124,54.25,0.35
07:43:23,"[121.0, 72]","[120.0, 63]","[173.22, 18]","[177.54, 26]",147.11,179,52.22,0.51
07:43:24,"[121.0, 80]","[120.0, 98]","[168.75, 32]","[169.67, 33]",144.88,243,47.75,0.47
07:43:25,"[122.44, 41]","[118.47, 30]","[164.52, 21]","[165.42, 19]",143.48,111,42.08,0.28
07:43:26,"[124.0, 70]","[121.0, 28]","[158.81, 32]","[160.06, 31]",141.41,161,34.81,0.22
07:43:27,"[124.0, 45]","[121.0, 18]","[149.38, 32]","[151.0, 31]",136.69,126,25.38,0.0
07:43:28,"[123.29, 17]","[120.56, 18]","[143.86, 28]","[145.0, 21]",133.58,84,20.56,-0.17
07:43:29,"[121.0, 16]","[120.0, 32]","[141.22, 18]","[142.29, 31]",131.11,97,20.22,-0.01
07:43:30,"[121.0, 24]","[120.0, 48]","[137.56, 32]","[140.5, 32]",129.28,136,16.56,0.06
07:43:31,"[121.0, 26]","[120.0, 52]","[133.62, 37]","[135.0, 32]",127.31,147,12.62,0.06
07:43:32,"[121.0, 24]","[120.0, 48]","[128.12, 34]","[129.28, 36]",124.56,142,7.12,0.01
07:43:33,"[120.5, 40]","[117.78, 90]","[122.79, 47]","[125.79, 48]",121.64,225,2.29,0.16
07:43:34,"[116.07, 122]","[114.2, 99]","[189.31, 35]","[540.12, 33]",152.69,289,73.25,0.53
07:43:35,"[116.9, 70]","[115.74, 94]","[519.0, 20]","[708.0, 28]",317.95,212,402.1,0.55
07:43:36,"[116.09, 76]","[114.31, 58]","[478.8, 15]","[487.33, 3]",297.45,152,362.71,0.76
07:43:37,"[116.0, 140]","[114.05, 96]","[259.07, 27]","[285.7, 23]",187.54,286,143.07,0.65
07:43:38,"[116.0, 98]","[114.0, 113]","[260.93, 41]","[261.43, 42]",188.46,294,144.93,0.44
07:43:39,"[116.0, 60]","[114.0, 70]","[139.0, 20]","[144.1, 29]",127.5,179,23.0,0.45
07:43:40,"[116.0, 42]","[114.0, 91]","[124.67, 42]","[133.82, 34]",120.33,209,8.67,0.27
07:43:41,"[116.0, 24]","[114.0, 84]","[122.17, 30]","[125.4, 30]",119.08,168,6.17,0.29
07:43:42,"[115.48, 27]","[113.96, 73]","[118.88, 32]","[121.39, 23]",117.18,155,3.39,0.29
07:43:43,"[114.0, 77]","[113.0, 33]","[118.21, 29]","[121.31, 26]",116.1,165,4.21,0.33
07:43:44,"[113.44, 59]","[83.96, 52]","[165.19, 16]","[230.53, 19]",139.31,146,51.75,0.52
07:43:45,"[117.7, 93]","[115.84, 88]","[273.0, 18]","[399.56, 18]",195.35,217,155.3,0.67
07:43:46,"[118.1, 105]","[117.58, 120]","[356.5, 20]","[445.7, 20]",237.3,265,238.4,0.7
07:43:47,"[118.32, 88]","[117.7, 224]","[195.0, 28]","[497.79, 28]",156.66,368,76.68,0.7
07:43:48,"[118.0, 221]","[116.0, 156]","[279.9, 31]","[477.92, 26]",198.95,434,161.9,0.74
07:43:49,"[118.0, 111]","[116.0, 84]","[120.0, 21]","[286.29, 14]",119.0,230,2.0,0.7
07:43:50,"[119.13, 62]","[117.23, 125]","[335.65, 23]","[638.45, 22]",227.39,232,216.52,0.61
07:43:51,"[121.89, 27]","[118.4, 89]","[448.89, 18]","[597.89, 18]",285.39,152,327.0,0.53
07:43:52,"[121.0, 30]","[118.37, 54]","[518.0, 12]","[668.33, 12]",319.5,108,397.0,0.56
07:43:53,"[121.0, 45]","[118.0, 99]","[298.11, 18]","[650.56, 18]",209.56,180,177.11,0.6
07:43:54,"[121.0, 25]","[118.0, 55]","[242.0, 10]","[681.8, 10]",181.5,100,121.0,0.6
07:43:55,"[121.0, 20]","[118.0, 77]","[382.43, 14]","[483.29, 14]",251.71,125,261.43,0.55
07:43:56,"[121.0, 6]","[118.0, 33]","[379.0, 6]","[524.0, 6]",250.0,51,258.0,0.53
07:43:57,"[121.0, 4]","[118.0, 22]","[379.0, 4]","[524.0, 4]",250.0,34,258.0,0.53
07:43:58,"[121.0, 26]","[118.0, 143]","[240.9, 31]","[379.1, 21]",180.95,221,119.9,0.53
07:43:59,"[118.56, 36]","[117.03, 74]","[207.29, 21]","[230.0, 18]",162.92,149,88.73,0.48
07:44:00,"[118.36, 44]","[116.91, 88]","[190.44, 27]","[207.89, 27]",154.4,186,72.08,0.42
07:44:01,"[118.0, 77]","[116.0, 132]","[168.86, 35]","[175.03, 35]",143.43,279,50.86,0.5
07:44:02,"[119.53, 57]","[116.74, 76]","[122.62, 24]","[123.62, 24]",121.08,181,3.1,0.47
07:44:03,"[118.17, 89]","[116.09, 151]","[120.77, 39]","[123.0, 39]",119.47,318,2.6,0.51
07:44:04,"[116.58, 76]","[115.5, 96]","[177.5, 32]","[345.24, 51]",147.04,255,60.92,0.35
07:44:05,"[116.0, 109]","[114.0, 40]","[185.13, 46]","[186.38, 32]",150.57,227,69.13,0.31
07:44:06,"[116.0, 61]","[114.0, 27]","[182.93, 28]","[184.15, 26]",149.46,142,66.93,0.24
07:44:07,"[116.0, 91]","[114.0, 39]","[145.84, 57]","[160.96, 53]",130.92,240,29.84,0.08
07:44:08,"[116.0, 70]","[114.0, 30]","[137.09, 33]","[146.66, 35]",126.55,168,21.09,0.19
07:44:09,"[116.0, 91]","[113.31, 87]","[134.0, 30]","[135.17, 48]",125.0,256,18.0,0.39
07:44:10,"[116.0, 109]","[113.24, 177]","[129.36, 50]","[130.17, 60]",122.68,396,13.36,0.44
07:44:11,"[116.48, 46]","[115.33, 72]","[125.64, 44]","[126.67, 30]",121.06,192,9.16,0.23
07:44:12,"[116.92, 25]","[115.67, 81]","[121.92, 52]","[123.08, 52]",119.42,210,5.0,0.01
07:44:13,"[115.09, 22]","[113.84, 43]","[120.29, 41]","[121.6, 40]",117.69,146,5.2,-0.11
07:44:14,"[114.07, 15]","[113.09, 23]","[120.0, 24]","[121.67, 24]",117.03,86,5.93,-0.12
07:44:15,"[114.86, 14]","[113.96, 25]","[117.61, 46]","[118.69, 32]",116.23,117,2.75,-0.33
07:44:16,"[113.8, 20]","[112.5, 16]","[115.18, 44]","[116.43, 28]",114.49,108,1.38,-0.33
07:44:17,"[110.73, 22]","[109.33, 36]","[113.4, 15]","[310.26, 19]",112.06,92,2.67,0.26
07:44:18,"[106.1, 40]","[86.57, 14]","[112.14, 21]","[131.0, 21]",109.12,96,6.04,0.12
07:44:19,"[99.26, 31]","[73.61, 28]","[112.0, 24]","[249.64, 28]",105.63,111,12.74,0.06
07:44:20,"[78.17, 18]","[63.0, 25]","[112.0, 24]","[448.35, 34]",95.08,101,33.83,-0.15
07:44:21,"[109.6, 10]","[104.24, 21]","[112.0, 21]","[282.0, 21]",110.8,73,2.4,-0.15
07:44:22,"[110.0, 8]","[69.39, 23]","[112.0, 24]","[436.54, 26]",111.0,81,2.0,-0.23
07:44:23,"[102.67, 6]","[71.82, 17]","[110.0, 15]","[331.5, 18]",106.33,56,7.33,-0.18
07:44:24,"[87.67, 18]","[68.52, 25]","[107.0, 14]","[111.7, 20]",97.33,77,19.33,0.12
07:44:25,"[83.61, 23]","[75.19, 16]","[141.43, 23]","[298.4, 25]",112.52,87,57.83,-0.1
07:44:26,"[80.76, 25]","[58.89, 19]","[107.0, 14]","[110.88, 17]",93.88,75,26.24,0.17
07:44:27,"[77.89, 36]","[54.0, 27]","[107.0, 17]","[110.0, 9]",92.44,89,29.11,0.42
07:44:28,"[67.5, 40]","[42.0, 20]","[108.33, 12]","[183.71, 14]",87.92,86,40.83,0.4
07:44:29,"[71.89, 36]","[65.0, 24]","[108.39, 23]","[205.44, 18]",90.14,101,36.5,0.19
07:44:30,"[76.5, 16]","[75.0, 16]","[105.0, 20]","[111.0, 4]",90.75,56,28.5,0.14
07:44:31,"[89.27, 44]","[85.0, 44]","[105.0, 55]","[108.89, 19]",97.14,162,15.73,0.09
07:44:32,"[90.33, 30]","[88.57, 28]","[105.0, 35]","[107.0, 35]",97.67,128,14.67,-0.09
07:44:33,"[91.0, 40]","[90.0, 32]","[105.0, 29]","[107.0, 40]",98.0,141,14.0,0.02
07:44:34,"[92.65, 54]","[91.98, 56]","[105.0, 13]","[107.0, 40]",98.82,163,12.35,0.35
07:44:35,"[97.69, 100]","[96.79, 63]","[109.61, 28]","[111.43, 23]",103.65,214,11.92,0.52
07:44:36,"[99.62, 29]","[98.08, 120]","[108.0, 16]","[112.0, 12]",103.81,177,8.38,0.68
07:44:37,"[101.6, 30]","[100.55, 33]","[112.52, 21]","[188.22, 18]",107.06,102,10.92,0.24
07:44:38,"[105.44, 89]","[104.58, 73]","[114.0, 48]","[219.68, 22]",109.72,232,8.56,0.4
07:44:39,"[109.02, 111]","[108.02, 110]","[114.0, 32]","[204.0, 8]",111.51,261,4.98,0.69
07:44:40,"[111.8, 25]","[110.0, 115]","[114.0, 19]","[164.0, 7]",112.9,166,2.2,0.69
07:44:41,"[113.72, 120]","[111.04, 48]","[125.43, 14]","[169.0, 8]",119.58,190,11.7,0.77
07:44:42,"[116.39, 225]","[112.0, 45]","[171.5, 20]","[427.43, 23]",143.94,313,55.11,0.73
07:44:43,"[117.74, 219]","[116.17, 60]","[292.56, 9]","[590.29, 14]",205.15,302,174.82,0.85
07:44:44,"[119.89, 139]","[118.72, 135]","[340.07, 15]","[483.91, 22]",229.98,311,220.17,0.76
07:44:45,"[124.87, 119]","[121.56, 54]","[305.36, 11]","[349.6, 10]",215.12,194,180.49,0.78
07:44:46,"[125.0, 76]","[122.0, 20]","[288.0, 8]","[289.0, 8]",206.5,112,163.0,0.71
07:44:47,"[125.0, 109]","[122.0, 30]","[274.91, 11]","[288.83, 12]",199.95,162,149.91,0.72
07:44:48,"[125.0, 114]","[122.0, 65]","[286.37, 19]","[302.35, 20]",205.68,218,161.37,0.64
07:44:49,"[125.0, 42]","[122.0, 35]","[280.27, 11]","[281.0, 10]",202.64,98,155.27,0.57
07:44:50,"[125.0, 54]","[122.0, 45]","[256.36, 11]","[278.62, 16]",190.68,126,131.36,0.57
07:44:51,"[125.0, 52]","[122.0, 60]","[159.08, 12]","[219.57, 14]",142.04,138,34.08,0.62
07:44:52,"[125.0, 8]","[122.0, 40]","[143.87, 15]","[145.0, 15]",134.43,78,18.87,0.23
07:44:53,"[124.0, 12]","[121.65, 69]","[142.0, 9]","[143.0, 18]",133.0,108,18.0,0.5
07:44:54,"[122.0, 32]","[121.0, 192]","[141.23, 13]","[142.55, 11]",131.62,248,19.23,0.81
07:44:55,"[121.17, 138]","[120.87, 154]","[140.27, 22]","[142.0, 11]",130.72,325,19.1,0.8
07:44:56,"[121.0, 132]","[119.0, 12]","[138.11, 9]","[139.33, 9]",129.56,162,17.11,0.78
07:44:57,"[121.0, 242]","[119.0, 22]","[136.36, 11]","[138.0, 22]",128.68,297,15.36,0.78
07:44:58,"[121.97, 130]","[120.89, 38]","[133.4, 10]","[138.0, 20]",127.68,198,11.43,0.7
07:44:59,"[124.0, 28]","[122.0, 32]","[131.33, 6]","[136.0, 6]",127.67,72,7.33,0.67
07:45:00,"[124.0, 56]","[122.0, 64]","[129.23, 13]","[130.55, 11]",126.62,144,5.23,0.67
07:45:01,"[124.0, 30]","[122.0, 40]","[127.33, 6]","[128.22, 9]",125.67,85,3.33,0.65
07:45:02,"[122.67, 48]","[121.73, 88]","[125.56, 16]","[127.0, 16]",124.11,168,2.9,0.62
07:45:03,"[122.0, 82]","[121.0, 84]","[123.36, 25]","[143.5, 18]",122.68,209,1.36,0.59
07:45:04,"[122.0, 21]","[121.0, 42]","[126.0, 7]","[178.0, 21]",124.0,91,4.0,0.38
07:45:05,"[121.16, 57]","[120.06, 34]","[124.64, 11]","[244.55, 33]",122.9,135,3.48,0.35
07:45:06,"[121.0, 23]","[119.0, 26]","[122.38, 13]","[307.56, 45]",121.69,107,1.38,-0.08
07:45:07,"[119.24, 17]","[118.14, 28]","[120.58, 19]","[185.85, 26]",119.91,90,1.34,0.0
07:45:08,"[117.96, 23]","[117.83, 35]","[120.27, 44]","[184.0, 23]",119.11,125,2.32,-0.07
07:45:09,"[118.83, 23]","[115.44, 9]","[190.6, 30]","[250.79, 33]",154.71,95,71.77,-0.33
07:45:10,"[124.0, 9]","[117.0, 3]","[158.67, 15]","[208.33, 15]",141.33,42,34.67,-0.43
07:45:11,"[123.03, 31]","[118.0, 18]","[139.17, 12]","[154.25, 60]",131.1,121,16.13,-0.19
07:45:12,"[123.12, 17]","[118.6, 10]","[137.29, 7]","[194.0, 35]",130.2,69,14.17,-0.22
07:45:13,"[125.0, 30]","[121.0, 20]","[136.4, 10]","[185.25, 36]",130.7,96,11.4,0.04
07:45:14,"[125.0, 18]","[121.0, 12]","[134.67, 6]","[179.0, 18]",129.83,54,9.67,0.11
07:45:15,"[125.0, 21]","[121.0, 14]","[134.0, 7]","[204.1, 20]",129.5,62,9.0,0.13
07:45:16,"[124.3, 23]","[119.95, 19]","[134.0, 9]","[223.0, 18]",129.15,69,9.7,0.22
07:45:17,"[122.0, 14]","[121.0, 13]","[133.55, 11]","[216.15, 13]",127.77,51,11.55,0.06
07:45:18,"[119.92, 24]","[120.25, 16]","[130.85, 13]","[132.95, 41]",125.38,94,10.93,-0.15
07:45:19,"[117.51, 82]","[116.2, 25]","[127.16, 19]","[129.87, 47]",122.34,173,9.65,0.24
07:45:20,"[117.65, 46]","[116.03, 33]","[125.0, 15]","[126.02, 51]",121.33,145,7.35,0.09
07:45:21,"[120.0, 64]","[119.0, 8]","[124.0, 8]","[126.0, 40]",122.0,120,4.0,0.2
07:45:22,"[120.0, 128]","[119.0, 16]","[122.08, 24]","[125.89, 72]",121.04,240,2.08,0.2
07:45:23,"[117.86, 21]","[116.91, 43]","[121.62, 8]","[189.0, 16]",119.74,88,3.77,0.45
07:45:24,"[119.0, 27]","[117.0, 48]","[145.73, 11]","[256.08, 24]",132.36,110,26.73,0.36
07:45:25,"[124.0, 48]","[119.0, 36]","[215.85, 27]","[335.6, 58]",169.93,169,91.85,-0.01
07:45:26,"[124.0, 24]","[121.5, 36]","[485.36, 36]","[535.2, 30]",304.68,126,361.36,-0.05
07:45:27,"[123.43, 14]","[117.76, 33]","[378.0, 26]","[449.46, 28]",250.71,101,254.57,-0.07
07:45:28,"[120.46, 13]","[116.72, 40]","[281.11, 27]","[342.43, 28]",200.79,108,160.65,-0.02
07:45:29,"[117.4, 30]","[115.8, 15]","[278.92, 36]","[286.17, 23]",198.16,104,161.52,-0.13
07:45:30,"[118.0, 32]","[117.0, 16]","[215.38, 24]","[278.0, 18]",166.69,90,97.38,0.07
07:45:31,"[118.35, 46]","[117.0, 32]","[175.31, 16]","[177.0, 48]",146.83,142,56.96,0.1
07:45:32,"[119.0, 29]","[117.0, 20]","[173.35, 20]","[176.25, 20]",146.18,89,54.35,0.1
07:45:33,"[120.0, 24]","[119.0, 36]","[171.17, 36]","[174.0, 12]",145.58,108,51.17,0.11
07:45:34,"[120.0, 28]","[119.0, 42]","[168.69, 26]","[170.0, 30]",144.35,126,48.69,0.11
07:45:35,"[120.0, 22]","[119.0, 33]","[165.3, 23]","[166.71, 21]",142.65,99,45.3,0.11
07:45:36,"[121.82, 44]","[119.73, 22]","[162.86, 14]","[163.77, 26]",142.34,106,41.04,0.25
07:45:37,"[122.0, 99]","[119.49, 41]","[153.49, 35]","[162.0, 45]",137.74,220,31.49,0.27
07:45:38,"[122.0, 30]","[120.52, 50]","[159.0, 18]","[160.0, 6]",140.5,104,37.0,0.54
07:45:39,"[122.0, 65]","[121.0, 247]","[158.78, 27]","[159.28, 25]",140.39,364,36.78,0.71
07:45:40,"[122.0, 35]","[121.0, 133]","[157.05, 19]","[158.33, 9]",139.53,196,35.05,0.71
07:45:41,"[122.0, 50]","[121.0, 200]","[156.3, 30]","[157.7, 10]",139.15,290,34.3,0.72
07:45:42,"[122.0, 60]","[121.0, 210]","[155.75, 28]","[156.67, 12]",138.88,310,33.75,0.74
07:45:43,"[122.0, 71]","[121.0, 336]","[151.14, 22]","[151.97, 36]",136.57,465,29.14,0.75
07:45:44,"[122.0, 36]","[121.0, 189]","[143.91, 11]","[144.93, 15]",132.95,251,21.91,0.79
07:45:45,"[121.29, 112]","[120.87, 180]","[138.83, 12]","[140.08, 12]",130.06,316,17.55,0.85
07:45:46,"[121.0, 311]","[118.68, 50]","[134.0, 28]","[134.79, 28]",127.5,417,13.0,0.73
07:45:47,"[120.26, 76]","[116.6, 20]","[127.71, 14]","[129.42, 12]",123.99,122,7.45,0.57
07:45:48,"[118.62, 26]","[117.0, 26]","[123.8, 25]","[125.2, 15]",121.21,92,5.18,0.13
07:45:49,"[119.0, 33]","[117.0, 28]","[120.65, 20]","[171.7, 20]",119.83,101,1.65,0.21
07:45:50,"[119.0, 18]","[117.0, 14]","[121.0, 7]","[226.71, 35]",120.0,74,2.0,-0.14
07:45:51,"[119.27, 11]","[117.55, 11]","[121.0, 7]","[147.0, 35]",120.14,64,1.73,-0.31
07:45:52,"[120.5, 8]","[119.0, 8]","[314.75, 28]","[442.0, 25]",217.62,69,194.25,-0.54
07:45:53,"[121.0, 5]","[119.0, 5]","[303.5, 16]","[468.67, 15]",212.25,41,182.5,-0.51
07:45:54,"[121.0, 8]","[119.0, 8]","[125.0, 16]","[196.88, 8]",123.0,40,4.0,-0.2
07:45:55,"[120.5, 8]","[117.67, 18]","[179.7, 10]","[311.33, 12]",150.1,48,59.2,0.08
07:45:56,"[117.17, 59]","[115.33, 145]","[317.5, 36]","[357.83, 24]",217.33,264,200.33,0.55
07:45:57,"[117.12, 68]","[115.23, 137]","[316.67, 27]","[552.0, 18]",216.89,250,199.55,0.64
07:45:58,"[117.17, 58]","[115.24, 135]","[316.0, 27]","[552.0, 18]",216.59,238,198.83,0.62
07:45:59,"[122.0, 5]","[117.0, 40]","[316.0, 15]","[709.0, 6]",219.0,66,194.0,0.36
07:46:00,"[117.59, 34]","[115.55, 117]","[185.0, 27]","[199.66, 35]",151.29,213,67.41,0.42
07:46:01,"[117.0, 66]","[115.0, 187]","[165.11, 35]","[168.3, 53]",141.06,341,48.11,0.48
07:46:02,"[117.0, 33]","[115.0, 136]","[162.75, 24]","[164.0, 40]",139.88,233,45.75,0.45
07:46:03,"[115.77, 52]","[114.87, 127]","[160.79, 19]","[163.03, 37]",138.28,235,45.02,0.52
07:46:04,"[116.08, 83]","[114.76, 100]","[159.09, 11]","[161.0, 33]",137.59,227,43.01,0.61
07:46:05,"[118.37, 30]","[114.93, 121]","[157.21, 29]","[159.43, 23]",137.79,203,38.84,0.49
07:46:06,"[117.74, 27]","[114.74, 77]","[143.48, 27]","[154.78, 23]",130.61,154,25.74,0.35
07:46:07,"[115.0, 56]","[101.44, 36]","[123.0, 35]","[140.57, 21]",119.0,148,8.0,0.24
07:46:08,"[115.0, 104]","[104.0, 64]","[122.02, 51]","[137.19, 37]",118.51,256,7.02,0.31
07:46:09,"[115.0, 116]","[113.33, 54]","[118.32, 53]","[119.85, 55]",116.66,278,3.32,0.22
07:46:10,"[114.25, 32]","[106.47, 34]","[116.71, 42]","[117.64, 14]",115.48,122,2.46,0.08
07:46:11,"[113.0, 32]","[85.0, 20]","[115.38, 16]","[148.6, 20]",114.19,88,2.38,0.18
07:46:12,"[107.63, 27]","[102.14, 42]","[118.2, 25]","[147.0, 39]",112.91,133,10.57,0.04
07:46:13,"[98.0, 16]","[91.0, 24]","[111.75, 16]","[216.73, 26]",104.88,82,13.75,-0.02
07:46:14,"[106.06, 35]","[45.32, 31]","[203.55, 38]","[327.41, 44]",154.8,148,97.5,-0.11
07:46:15,"[108.0, 15]","[27.05, 19]","[168.5, 24]","[250.57, 21]",138.25,79,60.5,-0.14
07:46:16,"[116.24, 25]","[112.0, 12]","[168.0, 24]","[239.0, 18]",142.12,79,51.76,-0.06
07:46:17,"[117.63, 38]","[115.83, 36]","[167.33, 36]","[249.67, 27]",142.48,137,49.7,0.08
07:46:18,"[118.42, 48]","[115.0, 24]","[164.75, 12]","[166.0, 48]",141.58,132,46.33,0.09
07:46:19,"[120.4, 60]","[115.0, 30]","[161.72, 57]","[163.0, 18]",141.06,165,41.32,0.09
07:46:20,"[119.34, 71]","[115.6, 47]","[159.83, 29]","[160.46, 26]",139.58,173,40.49,0.36
07:46:21,"[119.0, 70]","[115.0, 40]","[158.69, 13]","[159.97, 37]",138.85,160,39.69,0.38
07:46:22,"[119.0, 77]","[115.0, 44]","[157.48, 23]","[158.07, 29]",138.24,173,38.48,0.4
07:46:23,"[119.0, 63]","[117.0, 69]","[155.0, 9]","[156.0, 9]",137.0,150,36.0,0.76
07:46:24,"[119.0, 84]","[117.0, 156]","[152.58, 19]","[153.16, 25]",135.79,284,33.58,0.69
07:46:25,"[119.24, 82]","[117.37, 175]","[149.58, 24]","[150.84, 25]",134.41,306,30.34,0.68
07:46:26,"[119.41, 61]","[117.61, 131]","[146.58, 19]","[147.15, 41]",132.99,252,27.17,0.52
07:46:27,"[119.0, 73]","[117.0, 130]","[143.08, 26]","[143.16, 19]",131.04,248,24.08,0.64
07:46:28,"[119.0, 62]","[117.0, 161]","[139.18, 11]","[141.0, 44]",129.09,278,20.18,0.6
07:46:29,"[119.0, 48]","[117.0, 180]","[135.07, 15]","[135.88, 17]",127.03,260,16.07,0.75
07:46:30,"[119.0, 40]","[117.0, 140]","[132.4, 10]","[133.4, 10]",125.7,200,13.4,0.8
07:46:31,"[119.0, 48]","[117.0, 107]","[129.65, 26]","[130.67, 18]",124.33,199,10.65,0.56
07:46:32,"[117.36, 66]","[115.86, 63]","[126.23, 26]","[129.0, 13]",121.8,168,8.87,0.54
07:46:33,"[117.5, 96]","[116.2, 80]","[122.71, 31]","[165.82, 39]",120.1,246,5.21,0.43
07:46:34,"[118.0, 46]","[117.0, 66]","[119.77, 35]","[120.6, 15]",118.89,162,1.77,0.38
07:46:35,"[117.0, 51]","[115.0, 36]","[119.11, 27]","[121.0, 9]",118.06,123,2.11,0.41
07:46:36,"[122.33, 42]","[116.17, 36]","[372.33, 45]","[687.05, 41]",247.33,164,250.0,-0.05
07:46:37,"[125.0, 12]","[120.53, 17]","[252.0, 30]","[450.17, 18]",188.5,77,127.0,-0.25
07:46:38,"[121.8, 10]","[118.56, 41]","[252.0, 45]","[571.67, 27]",186.9,123,130.2,-0.17
07:46:39,"[121.0, 10]","[119.0, 130]","[416.37, 38]","[670.43, 42]",268.68,220,295.37,0.27
07:46:40,"[121.0, 9]","[119.0, 117]","[214.36, 28]","[524.92, 26]",167.68,180,93.36,0.4
07:46:41,"[121.95, 21]","[119.87, 23]","[219.51, 45]","[373.93, 30]",170.73,119,97.56,-0.26
07:46:42,"[120.94, 32]","[119.75, 24]","[236.5, 60]","[585.38, 32]",178.72,148,115.56,-0.24
07:46:43,"[120.62, 77]","[120.46, 134]","[343.0, 75]","[735.0, 30]",231.81,316,222.38,0.34
07:46:44,"[121.44, 16]","[120.75, 87]","[343.0, 40]","[595.12, 16]",232.22,159,221.56,0.3
07:46:45,"[121.0, 117]","[119.0, 143]","[389.89, 56]","[494.04, 53]",255.45,369,268.89,0.41
07:46:46,"[121.0, 108]","[119.0, 132]","[292.58, 57]","[383.58, 33]",206.79,330,171.58,0.45
07:46:47,"[121.13, 63]","[119.1, 104]","[237.1, 50]","[299.78, 23]",179.11,240,115.97,0.39
07:46:48,"[121.0, 25]","[119.0, 55]","[236.8, 25]","[371.0, 25]",178.9,130,115.8,0.23
07:46:49,"[121.55, 22]","[120.34, 67]","[235.27, 55]","[475.26, 46]",178.41,190,113.73,-0.06
07:46:50,"[121.12, 34]","[119.47, 86]","[234.2, 50]","[605.92, 24]",177.66,194,113.08,0.24
07:46:51,"[121.77, 47]","[119.36, 72]","[232.16, 43]","[233.08, 38]",176.96,200,110.4,0.19
07:46:52,"[124.0, 26]","[121.0, 55]","[229.22, 46]","[232.4, 53]",176.61,180,105.22,-0.1
07:46:53,"[119.64, 88]","[119.49, 45]","[210.97, 58]","[228.48, 67]",165.3,258,91.33,0.03
07:46:54,"[119.0, 80]","[117.0, 10]","[225.4, 50]","[227.0, 40]",172.2,180,106.4,0.0
07:46:55,"[119.0, 120]","[115.35, 69]","[219.65, 60]","[223.97, 59]",169.32,308,100.65,0.23
07:46:56,"[119.0, 88]","[115.44, 73]","[146.15, 26]","[176.96, 27]",132.58,214,27.15,0.5
07:46:57,"[119.0, 104]","[117.0, 78]","[144.53, 53]","[145.6, 45]",131.76,280,25.53,0.3
07:46:58,"[119.0, 64]","[117.0, 48]","[140.93, 28]","[142.07, 28]",129.96,168,21.93,0.33
07:46:59,"[118.69, 64]","[116.12, 86]","[136.61, 36]","[137.74, 38]",127.65,224,17.92,0.34
07:47:00,"[118.66, 116]","[115.88, 136]","[131.47, 53]","[132.47, 75]",125.06,380,12.82,0.33
07:47:01,"[117.76, 42]","[115.16, 124]","[127.2, 35]","[128.26, 34]",122.48,235,9.44,0.41
07:47:02,"[117.0, 52]","[115.0, 247]","[123.21, 56]","[125.81, 52]",120.11,407,6.21,0.47
07:47:03,"[117.78, 36]","[115.85, 66]","[120.48, 31]","[121.68, 37]",119.13,170,2.71,0.2
07:47:04,"[115.97, 62]","[115.45, 89]","[118.64, 55]","[132.9, 40]",117.3,246,2.67,0.23
07:47:05,"[115.0, 181]","[114.0, 40]","[127.41, 44]","[240.47, 17]",121.2,282,12.41,0.57
07:47:06,"[115.0, 144]","[114.0, 36]","[422.0, 16]","[682.18, 11]",268.5,207,307.0,0.74
07:47:07,"[115.0, 60]","[114.0, 20]","[574.0, 5]","[0, 0]",344.5,85,459.0,0.88
07:47:08,"[115.0, 66]","[114.0, 24]","[417.0, 6]","[320.0, 3]",266.0,99,302.0,0.82
07:47:09,"[114.94, 64]","[113.71, 42]","[259.13, 23]","[310.4, 25]",187.03,154,144.19,0.38
07:47:10,"[114.73, 33]","[110.68, 38]","[196.62, 39]","[213.82, 34]",155.67,144,81.89,-0.01
07:47:11,"[114.0, 39]","[99.6, 20]","[197.0, 52]","[332.55, 33]",155.5,144,83.0,-0.18
07:47:12,"[114.96, 25]","[110.2, 30]","[195.45, 44]","[336.0, 14]",155.21,113,80.49,-0.03
07:47:13,"[114.0, 31]","[102.12, 33]","[144.09, 22]","[195.2, 30]",129.05,116,30.09,0.1
07:47:14,"[121.27, 153]","[106.99, 68]","[152.75, 32]","[188.53, 34]",137.01,287,31.48,0.54
07:47:15,"[122.0, 59]","[114.75, 32]","[124.9, 40]","[203.8, 15]",123.45,146,2.9,0.25
07:47:16,"[122.0, 64]","[115.17, 18]","[123.25, 32]","[253.88, 8]",122.62,122,1.25,0.34
07:47:17,"[122.0, 36]","[121.0, 9]","[275.78, 9]","[555.41, 17]",198.89,71,153.78,0.27
07:47:18,"[122.0, 40]","[121.0, 10]","[376.45, 11]","[589.79, 14]",249.23,75,254.45,0.33
07:47:19,"[122.0, 12]","[121.0, 6]","[326.0, 6]","[357.11, 9]",224.0,33,204.0,0.09
07:47:20,"[124.25, 16]","[121.5, 8]","[278.0, 8]","[362.07, 15]",201.12,47,153.75,0.02
07:47:21,"[122.0, 8]","[121.0, 8]","[227.67, 12]","[286.36, 11]",174.83,39,105.67,-0.18
07:47:22,"[124.0, 12]","[122.0, 12]","[216.29, 14]","[242.89, 18]",170.14,56,92.29,-0.14
07:47:23,"[124.0, 10]","[122.0, 10]","[213.38, 16]","[213.86, 14]",168.69,50,89.38,-0.2
07:47:24,"[124.0, 10]","[122.0, 10]","[209.22, 23]","[242.85, 13]",166.61,56,85.22,-0.29
07:47:25,"[124.0, 7]","[122.0, 7]","[197.58, 19]","[208.4, 20]",160.79,53,73.58,-0.47
07:47:26,"[122.6, 10]","[121.3, 10]","[140.44, 27]","[162.42, 19]",131.52,66,17.84,-0.39
07:47:27,"[122.0, 12]","[121.0, 12]","[137.97, 34]","[139.74, 46]",129.99,104,15.97,-0.54
07:47:28,"[120.83, 18]","[118.07, 41]","[134.27, 44]","[136.17, 35]",127.55,138,13.44,-0.14
07:47:29,"[119.0, 16]","[117.0, 80]","[131.04, 27]","[131.83, 24]",125.02,147,12.04,0.31
07:47:30,"[119.0, 22]","[117.0, 110]","[127.43, 28]","[128.47, 36]",123.21,196,8.43,0.35
07:47:31,"[119.93, 60]","[117.82, 34]","[122.71, 34]","[124.47, 19]",121.32,147,2.77,0.28
07:47:32,"[120.05, 66]","[117.23, 124]","[124.42, 52]","[147.47, 34]",122.23,276,4.38,0.38
07:47:33,"[124.0, 15]","[121.0, 10]","[126.0, 15]","[217.0, 5]",125.0,45,2.0,0.11
07:47:34,"[122.42, 19]","[119.46, 26]","[126.0, 39]","[153.35, 37]",124.21,121,3.58,-0.26
07:47:35,"[121.0, 9]","[119.0, 18]","[126.0, 27]","[199.0, 25]",123.5,79,5.0,-0.32
07:47:36,"[121.0, 9]","[119.0, 18]","[125.56, 27]","[300.33, 45]",123.28,99,4.56,-0.45
07:47:37,"[121.0, 34]","[119.0, 24]","[122.97, 34]","[267.64, 56]",121.99,148,1.97,-0.22
07:47:38,"[121.0, 24]","[119.0, 24]","[180.36, 42]","[275.61, 46]",150.68,136,59.36,-0.29
07:47:39,"[120.43, 28]","[117.71, 56]","[356.24, 45]","[497.32, 62]",238.34,191,235.82,-0.12
07:47:40,"[125.0, 27]","[119.0, 18]","[149.0, 35]","[268.45, 33]",137.0,113,24.0,-0.2
07:47:41,"[124.0, 9]","[119.86, 14]","[146.0, 45]","[577.4, 30]",135.0,98,22.0,-0.53
07:47:42,"[122.0, 11]","[119.0, 52]","[180.91, 55]","[521.09, 44]",151.45,162,58.91,-0.22
07:47:43,"[119.6, 15]","[118.37, 35]","[208.12, 33]","[335.29, 42]",163.86,125,88.52,-0.2
07:47:44,"[116.45, 11]","[114.45, 20]","[397.76, 33]","[500.27, 30]",257.11,94,281.3,-0.34
07:47:45,"[114.0, 24]","[65.5, 52]","[247.82, 34]","[334.39, 31]",180.91,141,133.82,0.08
07:47:46,"[114.0, 27]","[69.77, 39]","[208.3, 43]","[309.56, 36]",161.15,145,94.3,-0.09
07:47:47,"[114.0, 11]","[82.89, 27]","[296.64, 33]","[299.0, 36]",205.32,107,182.64,-0.29
07:47:48,"[114.0, 13]","[72.68, 47]","[191.26, 43]","[243.57, 51]",152.63,154,77.26,-0.22
07:47:49,"[114.0, 11]","[82.31, 36]","[141.0, 33]","[369.46, 41]",127.5,121,27.0,-0.22
07:47:50,"[107.24, 29]","[86.58, 19]","[117.71, 34]","[177.0, 36]",112.47,118,10.46,-0.19
07:47:51,"[106.4, 10]","[102.0, 14]","[185.85, 26]","[315.92, 26]",146.12,76,79.45,-0.37
07:47:52,"[93.25, 8]","[63.8, 5]","[115.0, 25]","[204.4, 20]",104.12,58,21.75,-0.55
07:47:53,"[66.25, 16]","[65.0, 10]","[115.0, 45]","[188.0, 36]",90.62,107,48.75,-0.51
07:47:54,"[99.96, 25]","[86.36, 22]","[148.09, 33]","[217.68, 37]",124.03,117,48.13,-0.2
07:47:55,"[117.4, 10]","[115.0, 30]","[186.0, 5]","[188.0, 20]",151.7,65,68.6,0.23
07:47:56,"[118.0, 10]","[115.0, 30]","[186.0, 5]","[188.0, 20]",152.0,65,68.0,0.23
07:47:57,"[120.47, 15]","[115.71, 42]","[185.22, 9]","[188.0, 36]",152.84,102,64.76,0.12
07:47:58,"[125.0, 13]","[121.85, 26]","[184.31, 13]","[188.0, 52]",154.65,104,59.31,-0.25
07:47:59,"[124.2, 15]","[121.67, 24]","[182.69, 13]","[285.56, 50]",153.45,102,58.49,-0.24
07:48:00,"[122.0, 44]","[121.0, 42]","[181.02, 66]","[185.29, 17]",151.51,169,59.02,0.02
07:48:01,"[122.0, 54]","[121.0, 28]","[179.67, 45]","[182.0, 9]",150.83,136,57.67,0.21
07:48:02,"[122.0, 54]","[121.0, 36]","[157.4, 15]","[162.03, 35]",139.7,140,35.4,0.29
07:48:03,"[122.0, 96]","[121.0, 64]","[149.31, 64]","[150.93, 44]",135.66,268,27.31,0.19
07:48:04,"[122.0, 48]","[121.0, 32]","[145.75, 40]","[149.0, 40]",133.88,160,23.75,0.0
07:48:05,"[122.0, 78]","[121.0, 52]","[142.08, 37]","[143.79, 57]",132.04,224,20.08,0.16
07:48:06,"[122.0, 96]","[121.0, 64]","[137.34, 44]","[140.44, 52]",129.67,256,15.34,0.25
07:48:07,"[122.0, 40]","[121.0, 40]","[135.92, 38]","[136.64, 22]",128.96,140,13.92,0.14
07:48:08,"[122.0, 52]","[121.0, 52]","[134.33, 45]","[135.71, 63]",128.17,212,12.33,-0.02
07:48:09,"[121.83, 48]","[120.82, 44]","[130.0, 36]","[133.0, 60]",125.92,188,8.17,-0.02
07:48:10,"[121.0, 32]","[119.0, 28]","[127.84, 56]","[131.5, 56]",124.42,172,6.84,-0.3
07:48:11,"[117.31, 118]","[115.7, 71]","[124.14, 58]","[125.25, 68]",120.73,315,6.82,0.2
07:48:12,"[118.0, 68]","[117.0, 126]","[120.03, 60]","[173.9, 52]",119.02,306,2.03,0.27
07:48:13,"[117.09, 69]","[115.78, 69]","[119.0, 20]","[374.3, 30]",118.04,188,1.91,0.47
07:48:14,"[117.0, 63]","[115.0, 42]","[122.05, 19]","[349.18, 17]",119.53,141,5.05,0.49
07:48:15,"[117.0, 45]","[115.0, 30]","[122.67, 9]","[243.31, 13]",119.83,97,5.67,0.55
07:48:16,"[117.0, 45]","[115.0, 30]","[122.0, 5]","[132.0, 15]",119.5,95,5.0,0.58
07:48:17,"[117.0, 108]","[115.0, 72]","[120.08, 12]","[213.0, 32]",118.54,224,3.08,0.61
07:48:18,"[117.16, 98]","[115.36, 88]","[139.16, 31]","[145.67, 27]",128.16,244,22.0,0.52
07:48:19,"[117.62, 52]","[116.33, 54]","[140.4, 30]","[144.0, 20]",129.01,156,22.78,0.36
07:48:20,"[117.69, 49]","[116.86, 59]","[138.91, 33]","[144.0, 22]",128.3,163,21.22,0.33
07:48:21,"[122.02, 41]","[121.2, 25]","[135.52, 23]","[209.93, 15]",128.77,104,13.5,0.27
07:48:22,"[122.0, 60]","[121.0, 60]","[129.89, 28]","[154.43, 21]",125.95,169,7.89,0.42
07:48:23,"[121.79, 70]","[118.98, 111]","[126.42, 40]","[127.53, 32]",124.11,253,4.64,0.43
07:48:24,"[117.28, 43]","[115.46, 104]","[124.0, 15]","[125.86, 29]",120.64,191,6.72,0.54
07:48:25,"[117.0, 35]","[115.0, 55]","[123.0, 21]","[124.0, 7]",120.0,118,6.0,0.53
07:48:26,"[117.0, 55]","[115.0, 77]","[123.0, 33]","[124.0, 11]",120.0,176,6.0,0.5
07:48:27,"[117.0, 75]","[115.0, 124]","[122.52, 29]","[123.16, 31]",119.76,259,5.52,0.54
07:48:28,"[117.0, 65]","[115.0, 65]","[119.62, 21]","[120.74, 31]",118.31,182,2.62,0.43
07:48:29,"[117.58, 121]","[116.55, 155]","[252.71, 42]","[378.17, 54]",185.15,372,135.14,0.48
07:48:30,"[124.0, 28]","[117.0, 336]","[335.78, 54]","[392.75, 64]",229.89,482,211.78,0.51
07:48:31,"[117.06, 232]","[115.59, 82]","[339.98, 47]","[388.0, 48]",228.52,409,222.92,0.54
07:48:32,"[117.0, 184]","[115.0, 56]","[181.58, 26]","[456.42, 31]",149.29,297,64.58,0.62
07:48:33,"[117.0, 184]","[115.0, 56]","[133.5, 20]","[171.62, 21]",125.25,281,16.5,0.71
07:48:34,"[117.09, 150]","[116.53, 180]","[139.75, 12]","[189.4, 45]",128.42,387,22.66,0.71
07:48:35,"[117.0, 253]","[115.0, 77]","[138.45, 11]","[273.74, 27]",127.73,368,21.45,0.79
07:48:36,"[118.75, 32]","[117.0, 184]","[130.38, 24]","[257.2, 15]",124.56,255,11.62,0.69
07:48:37,"[120.37, 114]","[116.73, 153]","[311.3, 23]","[428.38, 39]",215.84,329,190.94,0.62
07:48:38,"[125.0, 64]","[117.0, 176]","[625.0, 32]","[683.0, 40]",375.0,312,500.0,0.54
07:48:39,"[125.0, 84]","[117.0, 308]","[357.29, 56]","[504.96, 57]",241.14,505,232.29,0.55
07:48:40,"[125.0, 31]","[117.0, 176]","[227.45, 29]","[259.54, 26]",176.22,262,102.45,0.58
07:48:41,"[125.0, 33]","[117.14, 197]","[133.91, 44]","[220.55, 44]",129.45,318,8.91,0.45
07:48:42,"[119.47, 38]","[117.08, 170]","[129.88, 32]","[131.38, 32]",124.67,272,10.4,0.53
07:48:43,"[120.87, 53]","[118.36, 261]","[127.87, 60]","[129.2, 60]",124.37,434,7.0,0.45
07:48:44,"[118.76, 169]","[117.37, 215]","[124.15, 52]","[126.0, 52]",121.46,488,5.4,0.57
07:48:45,"[117.0, 248]","[115.26, 53]","[121.04, 54]","[122.18, 44]",119.02,399,4.04,0.51
07:48:46,"[117.0, 172]","[115.0, 33]","[119.47, 43]","[122.73, 44]",118.23,292,2.47,0.4
07:48:47,"[117.0, 145]","[115.0, 27]","[119.44, 36]","[125.0, 24]",118.22,232,2.44,0.48
07:48:48,"[117.0, 78]","[115.0, 18]","[119.5, 24]","[139.09, 22]",118.25,142,2.5,0.35
07:48:49,"[117.0, 117]","[115.0, 27]","[118.0, 36]","[204.8, 30]",117.5,210,1.0,0.37
