Time,Bid1,Bid2,Ask1,Ask2,Mid-Price,Total_volume,Bid_ask_spread,Order_imbalance
07:30:00,"[0, 0]","[0, 0]","[0, 0]","[0, 0]",0.0,0,0.0,0.0
07:30:02,"[97.0, 3]","[0, 0]","[0, 0]","[0, 0]",48.5,3,-97.0,1.0
07:30:03,"[97.33, 9]","[97.0, 3]","[102.6, 5]","[109.0, 2]",99.97,19,5.27,0.26
07:30:04,"[100.4, 15]","[97.0, 15]","[104.43, 7]","[109.0, 2]",102.41,39,4.03,0.54
07:30:05,"[104.5, 24]","[99.0, 24]","[109.0, 8]","[0, 0]",106.75,56,4.5,0.71
07:30:06,"[105.33, 9]","[101.0, 9]","[109.0, 3]","[0, 0]",107.17,21,3.67,0.71
07:30:07,"[108.44, 25]","[107.36, 25]","[141.21, 28]","[144.0, 10]",124.83,88,32.77,0.14
07:30:08,"[120.0, 5]","[111.0, 15]","[136.0, 5]","[144.0, 25]",128.0,50,16.0,-0.2
07:30:09,"[120.0, 7]","[113.0, 21]","[136.0, 7]","[142.29, 35]",128.0,70,16.0,-0.2
07:30:10,"[116.94, 16]","[113.0, 41]","[136.0, 10]","[140.0, 50]",126.47,117,19.06,-0.03
07:30:11,"[113.62, 13]","[112.82, 45]","[136.0, 7]","[140.0, 35]",124.81,100,22.38,0.16
07:30:12,"[115.0, 12]","[113.0, 83]","[120.69, 32]","[133.85, 40]",117.84,167,5.69,0.14
07:30:13,"[115.0, 9]","[113.0, 63]","[116.0, 9]","[118.0, 45]",115.5,126,1.0,0.14
07:30:14,"[115.0, 7]","[113.0, 49]","[116.0, 7]","[118.0, 35]",115.5,98,1.0,0.14
07:30:15,"[115.0, 6]","[113.0, 42]","[116.0, 6]","[118.0, 30]",115.5,84,1.0,0.14
07:30:16,"[115.0, 7]","[113.0, 49]","[116.0, 7]","[118.0, 35]",115.5,98,1.0,0.14
07:30:17,"[113.21, 47]","[112.66, 53]","[117.48, 29]","[120.22, 50]",115.35,179,4.27,0.12
07:30:18,"[113.0, 63]","[112.0, 27]","[115.96, 25]","[117.86, 43]",114.48,158,2.96,0.14
07:30:19,"[113.0, 66]","[112.0, 33]","[114.77, 13]","[116.2, 25]",113.88,137,1.77,0.45
07:30:20,"[112.94, 51]","[111.92, 52]","[115.64, 33]","[117.02, 61]",114.29,197,2.7,0.05
07:30:21,"[113.51, 63]","[111.9, 40]","[117.0, 65]","[120.06, 53]",115.25,221,3.49,-0.07
07:30:22,"[112.81, 94]","[111.38, 39]","[117.0, 55]","[120.0, 55]",114.9,243,4.19,0.09
07:30:23,"[113.71, 105]","[112.0, 21]","[117.0, 35]","[120.0, 35]",115.36,196,3.29,0.29
07:30:24,"[114.6, 150]","[112.0, 30]","[117.0, 40]","[120.0, 50]",115.8,270,2.4,0.33
07:30:25,"[115.0, 209]","[112.0, 39]","[116.89, 37]","[119.7, 61]",115.95,346,1.89,0.43
07:30:26,"[115.0, 171]","[112.0, 33]","[116.7, 30]","[118.63, 49]",115.85,283,1.7,0.44
07:30:27,"[115.0, 112]","[112.0, 24]","[116.0, 24]","[119.0, 40]",115.5,200,1.0,0.36
07:30:28,"[115.0, 130]","[112.53, 45]","[116.0, 30]","[118.2, 50]",115.5,255,1.0,0.37
07:30:29,"[115.0, 129]","[113.0, 96]","[116.0, 36]","[118.0, 60]",115.5,321,1.0,0.4
07:30:30,"[115.0, 44]","[113.0, 58]","[116.91, 22]","[118.29, 28]",115.95,152,1.91,0.34
07:30:31,"[115.76, 17]","[113.67, 30]","[118.0, 35]","[120.64, 22]",116.88,104,2.24,-0.1
07:30:32,"[113.2, 30]","[112.75, 16]","[118.0, 30]","[121.0, 18]",115.6,94,4.8,-0.02
07:30:33,"[113.5, 48]","[112.7, 60]","[118.0, 60]","[119.67, 36]",115.75,204,4.5,0.06
07:30:34,"[117.0, 10]","[113.0, 88]","[118.0, 50]","[119.0, 30]",117.5,178,1.0,0.1
07:30:35,"[117.0, 9]","[113.0, 117]","[118.0, 45]","[119.0, 27]",117.5,198,1.0,0.27
07:30:36,"[114.64, 22]","[112.98, 119]","[118.53, 34]","[120.2, 30]",116.58,205,3.89,0.38
07:30:37,"[113.0, 91]","[112.0, 14]","[118.0, 28]","[119.0, 21]",115.5,154,5.0,0.36
07:30:38,"[113.0, 104]","[112.0, 16]","[118.0, 32]","[119.0, 24]",115.5,176,5.0,0.36
07:30:39,"[113.0, 117]","[112.0, 18]","[116.57, 28]","[118.03, 29]",114.79,192,3.57,0.41
07:30:40,"[113.0, 127]","[112.0, 20]","[114.6, 40]","[116.0, 20]",113.8,207,1.6,0.42
07:30:41,"[117.62, 101]","[113.39, 72]","[163.49, 39]","[508.03, 29]",140.56,241,45.86,0.44
07:30:42,"[120.0, 49]","[114.55, 55]","[289.25, 16]","[632.47, 19]",204.62,139,169.25,0.5
07:30:43,"[120.0, 54]","[114.55, 44]","[394.64, 11]","[509.62, 29]",257.32,138,274.64,0.42
07:30:44,"[120.0, 33]","[117.14, 28]","[411.0, 6]","[574.67, 24]",265.5,91,291.0,0.34
07:30:45,"[120.0, 35]","[116.0, 30]","[559.26, 19]","[630.86, 28]",339.63,112,439.26,0.16
07:30:46,"[116.6, 47]","[114.15, 78]","[319.97, 31]","[457.32, 38]",218.28,194,203.37,0.29
07:30:47,"[114.42, 57]","[113.28, 75]","[250.44, 32]","[377.94, 34]",182.43,198,136.02,0.33
07:30:48,"[120.0, 24]","[114.33, 18]","[255.0, 22]","[288.23, 26]",187.5,90,135.0,-0.07
07:30:49,"[120.0, 45]","[116.0, 15]","[222.49, 37]","[241.83, 35]",171.24,132,102.49,-0.09
07:30:50,"[118.4, 45]","[114.57, 21]","[198.15, 39]","[202.0, 13]",158.28,118,79.75,0.12
07:30:51,"[114.0, 60]","[113.0, 50]","[153.27, 30]","[195.95, 21]",133.63,161,39.27,0.37
07:30:52,"[115.01, 83]","[113.22, 83]","[131.44, 64]","[142.09, 43]",123.22,273,16.43,0.22
07:30:53,"[114.0, 20]","[113.0, 50]","[130.76, 37]","[133.35, 37]",122.38,144,16.76,-0.03
07:30:54,"[114.0, 12]","[113.0, 21]","[130.0, 18]","[131.0, 24]",122.0,75,16.0,-0.12
07:30:55,"[114.0, 16]","[113.0, 16]","[120.38, 32]","[124.45, 31]",117.19,95,6.38,-0.33
07:30:56,"[113.32, 37]","[112.38, 29]","[117.22, 40]","[137.0, 59]",115.27,165,3.9,-0.2
07:30:57,"[113.0, 24]","[111.0, 8]","[117.57, 14]","[132.0, 39]",115.29,85,4.57,-0.25
07:30:58,"[113.0, 36]","[111.15, 13]","[118.0, 84]","[350.1, 48]",115.5,181,5.0,-0.46
07:30:59,"[113.0, 39]","[112.0, 26]","[116.67, 54]","[117.65, 52]",114.83,171,3.67,-0.24
07:31:00,"[112.88, 16]","[111.78, 18]","[115.33, 30]","[116.78, 27]",114.1,91,2.46,-0.25
07:31:01,"[111.0, 22]","[108.92, 25]","[113.84, 38]","[116.0, 36]",112.42,121,2.84,-0.22
07:31:02,"[108.82, 22]","[108.5, 16]","[114.0, 28]","[117.0, 33]",111.41,99,5.18,-0.23
07:31:03,"[107.0, 24]","[55.12, 40]","[114.0, 24]","[117.0, 36]",110.5,124,7.0,0.03
07:31:04,"[106.59, 17]","[68.39, 44]","[114.0, 24]","[117.0, 36]",110.29,121,7.41,0.01
07:31:05,"[107.0, 91]","[105.71, 7]","[113.14, 14]","[117.0, 21]",110.07,133,6.14,0.47
07:31:06,"[107.2, 124]","[106.73, 60]","[112.0, 24]","[116.58, 36]",109.6,244,4.8,0.51
07:31:07,"[109.12, 51]","[107.23, 132]","[174.76, 37]","[495.19, 32]",141.94,252,65.64,0.45
07:31:08,"[110.53, 85]","[107.0, 221]","[116.0, 85]","[410.12, 34]",113.26,425,5.47,0.44
07:31:09,"[112.46, 46]","[107.52, 132]","[116.0, 75]","[250.7, 46]",114.23,299,3.54,0.19
07:31:10,"[113.35, 23]","[112.71, 28]","[115.17, 60]","[121.36, 56]",114.26,167,1.82,-0.39
07:31:11,"[108.89, 57]","[109.33, 9]","[115.61, 41]","[131.48, 25]",112.25,132,6.72,0.0
07:31:12,"[107.61, 66]","[106.98, 112]","[113.7, 40]","[116.0, 50]",110.65,268,6.09,0.33
07:31:13,"[107.88, 97]","[105.17, 161]","[112.93, 54]","[240.44, 59]",110.4,371,5.05,0.39
07:31:14,"[113.18, 55]","[107.28, 127]","[114.87, 46]","[332.45, 55]",114.03,283,1.69,0.29
07:31:15,"[113.0, 31]","[107.0, 117]","[316.25, 28]","[379.87, 31]",214.62,207,203.25,0.43
07:31:16,"[113.0, 30]","[107.11, 108]","[163.1, 20]","[307.48, 23]",138.05,181,50.1,0.52
07:31:17,"[113.0, 27]","[107.71, 51]","[358.44, 9]","[375.67, 9]",235.72,96,245.44,0.62
07:31:18,"[120.0, 36]","[113.0, 27]","[233.0, 9]","[373.0, 9]",176.5,81,113.0,0.56
07:31:19,"[120.0, 28]","[113.0, 24]","[372.25, 8]","[389.41, 17]",246.12,77,252.25,0.35
07:31:20,"[120.0, 24]","[113.0, 36]","[244.62, 21]","[337.94, 17]",182.31,98,124.62,0.22
07:31:21,"[115.89, 27]","[112.58, 36]","[192.5, 12]","[271.0, 12]",154.19,87,76.61,0.45
07:31:22,"[118.0, 9]","[113.0, 27]","[158.6, 10]","[188.62, 13]",138.3,59,40.6,0.22
07:31:23,"[119.64, 11]","[116.0, 15]","[135.18, 11]","[137.0, 22]",127.41,59,15.55,-0.12
07:31:24,"[117.0, 14]","[116.36, 11]","[128.21, 14]","[136.81, 21]",122.61,60,11.21,-0.17
07:31:25,"[113.0, 11]","[112.0, 6]","[114.0, 24]","[134.14, 7]",113.5,48,1.0,-0.29
07:31:26,"[113.0, 10]","[112.0, 10]","[114.0, 32]","[172.33, 24]",113.5,76,1.0,-0.47
07:31:27,"[115.56, 25]","[112.38, 13]","[202.71, 45]","[200.85, 34]",159.14,117,87.15,-0.35
07:31:28,"[117.0, 35]","[114.0, 45]","[226.0, 28]","[443.38, 32]",171.5,140,109.0,0.14
07:31:29,"[115.36, 33]","[113.96, 47]","[134.0, 28]","[303.18, 11]",124.68,119,18.64,0.34
07:31:30,"[114.0, 63]","[113.0, 7]","[126.77, 13]","[140.84, 25]",120.38,108,12.77,0.3
07:31:31,"[114.0, 117]","[113.0, 13]","[127.23, 30]","[133.06, 49]",120.62,209,13.23,0.24
07:31:32,"[114.0, 72]","[112.88, 8]","[133.0, 32]","[134.0, 32]",123.5,144,19.0,0.11
07:31:33,"[116.31, 85]","[113.98, 82]","[131.02, 41]","[246.2, 20]",123.67,228,14.72,0.46
07:31:34,"[118.0, 57]","[115.0, 108]","[127.31, 42]","[128.28, 18]",122.65,225,9.31,0.47
07:31:35,"[118.0, 44]","[115.0, 99]","[122.29, 14]","[123.02, 41]",120.14,198,4.29,0.44
07:31:36,"[118.0, 44]","[115.0, 99]","[119.51, 35]","[122.2, 20]",118.76,198,1.51,0.44
07:31:37,"[115.62, 68]","[114.0, 72]","[135.82, 38]","[206.0, 34]",125.72,212,20.2,0.32
07:31:38,"[115.0, 24]","[113.0, 48]","[116.0, 8]","[117.0, 40]",115.5,120,1.0,0.2
07:31:39,"[115.0, 10]","[113.0, 42]","[116.87, 23]","[195.29, 35]",115.93,110,1.87,-0.05
07:31:40,"[113.75, 24]","[112.93, 30]","[117.0, 40]","[222.62, 32]",115.38,126,3.25,-0.14
07:31:41,"[114.32, 22]","[113.59, 37]","[117.0, 50]","[190.0, 20]",115.66,129,2.68,-0.09
07:31:42,"[116.0, 12]","[113.15, 54]","[117.0, 60]","[164.0, 44]",116.5,170,1.0,-0.22
07:31:43,"[116.0, 5]","[114.4, 47]","[117.0, 25]","[128.0, 25]",116.5,102,1.0,0.02
07:31:44,"[116.0, 8]","[115.0, 88]","[117.0, 40]","[252.17, 30]",116.5,166,1.0,0.16
07:31:45,"[116.0, 9]","[115.0, 99]","[117.0, 30]","[163.0, 45]",116.5,183,1.0,0.18
07:31:46,"[115.02, 62]","[113.27, 83]","[117.0, 14]","[183.82, 33]",116.01,192,1.98,0.51
07:31:47,"[115.0, 80]","[113.0, 108]","[117.0, 18]","[383.42, 31]",116.0,237,2.0,0.59
07:31:48,"[115.0, 82]","[113.23, 62]","[116.9, 20]","[240.26, 47]",115.95,211,1.9,0.36
07:31:49,"[115.9, 73]","[114.95, 44]","[117.0, 14]","[368.0, 21]",116.45,152,1.1,0.54
07:31:50,"[116.0, 100]","[115.0, 84]","[117.0, 24]","[440.67, 36]",116.5,244,1.0,0.51
07:31:51,"[116.0, 20]","[115.0, 39]","[117.0, 10]","[528.21, 19]",116.5,88,1.0,0.34
07:31:52,"[116.0, 31]","[115.0, 78]","[117.0, 20]","[124.0, 30]",116.5,159,1.0,0.37
07:31:53,"[116.0, 36]","[115.0, 84]","[117.0, 24]","[236.47, 47]",116.5,191,1.0,0.26
07:31:54,"[116.0, 21]","[115.0, 49]","[147.55, 22]","[211.5, 32]",131.77,124,31.55,0.13
07:31:55,"[117.78, 40]","[115.84, 50]","[263.42, 57]","[382.77, 56]",190.6,203,145.65,-0.11
07:31:56,"[118.0, 49]","[116.0, 21]","[259.71, 21]","[510.0, 28]",188.86,119,141.71,0.18
07:31:57,"[118.0, 120]","[116.0, 36]","[440.3, 46]","[508.58, 38]",279.15,240,322.3,0.3
07:31:58,"[118.0, 82]","[116.0, 30]","[166.6, 30]","[355.46, 39]",142.3,181,48.6,0.24
07:31:59,"[118.0, 80]","[116.0, 30]","[163.73, 26]","[218.0, 25]",140.87,161,45.73,0.37
07:32:00,"[118.0, 83]","[116.0, 33]","[162.57, 28]","[163.57, 14]",140.29,158,44.57,0.47
07:32:01,"[117.85, 39]","[115.16, 58]","[160.54, 26]","[160.87, 30]",139.19,153,42.69,0.27
07:32:02,"[120.0, 33]","[116.0, 33]","[154.0, 15]","[159.98, 41]",137.0,122,34.0,0.08
07:32:03,"[120.0, 39]","[116.28, 25]","[157.73, 37]","[158.29, 28]",138.86,129,37.73,-0.01
07:32:04,"[120.0, 21]","[117.0, 7]","[153.59, 17]","[155.67, 12]",136.79,57,33.59,-0.02
07:32:05,"[119.7, 30]","[116.5, 18]","[151.29, 14]","[152.9, 42]",135.49,104,31.59,-0.08
07:32:06,"[117.0, 5]","[116.0, 15]","[149.8, 10]","[151.0, 5]",133.4,35,32.8,0.14
07:32:07,"[115.11, 83]","[113.19, 212]","[134.53, 38]","[147.56, 32]",124.82,365,19.42,0.62
07:32:08,"[115.0, 100]","[113.0, 317]","[116.31, 64]","[121.11, 54]",115.66,535,1.31,0.56
07:32:09,"[113.37, 141]","[112.77, 150]","[115.91, 44]","[128.86, 28]",114.64,363,2.54,0.6
07:32:10,"[113.0, 295]","[112.0, 91]","[114.13, 23]","[116.53, 34]",113.57,443,1.13,0.74
07:32:11,"[113.0, 104]","[112.0, 35]","[116.25, 16]","[168.6, 20]",114.62,175,3.25,0.59
07:32:12,"[113.0, 160]","[112.0, 56]","[116.57, 14]","[148.68, 38]",114.79,268,3.57,0.61
07:32:13,"[113.0, 220]","[112.0, 77]","[115.55, 11]","[129.57, 42]",114.27,350,2.55,0.7
07:32:14,"[113.75, 80]","[112.97, 207]","[116.15, 13]","[149.0, 33]",114.95,333,2.4,0.72
07:32:15,"[114.38, 40]","[113.0, 160]","[117.0, 8]","[118.0, 20]",115.69,228,2.62,0.75
07:32:16,"[115.0, 50]","[113.0, 200]","[117.8, 50]","[378.74, 42]",116.4,342,2.8,0.46
07:32:17,"[116.36, 61]","[113.18, 169]","[132.05, 63]","[235.92, 49]",124.2,342,15.69,0.35
07:32:18,"[118.0, 52]","[116.0, 40]","[211.5, 32]","[254.0, 12]",164.75,136,93.5,0.35
07:32:19,"[116.89, 45]","[113.5, 151]","[222.0, 20]","[317.44, 32]",169.44,248,105.11,0.58
07:32:20,"[117.3, 37]","[113.86, 105]","[233.91, 11]","[295.67, 45]",175.6,198,116.61,0.43
07:32:21,"[116.0, 45]","[113.24, 51]","[217.31, 13]","[300.36, 39]",166.65,148,101.31,0.3
07:32:22,"[116.0, 50]","[115.0, 10]","[187.13, 38]","[315.86, 22]",151.57,120,71.13,0.0
07:32:23,"[116.0, 55]","[115.0, 11]","[197.21, 47]","[284.63, 19]",156.61,132,81.21,0.0
07:32:24,"[117.6, 75]","[115.94, 53]","[224.47, 45]","[357.61, 33]",171.03,206,106.87,0.24
07:32:25,"[118.0, 60]","[116.0, 55]","[215.64, 14]","[439.54, 37]",166.82,166,97.64,0.39
07:32:26,"[118.0, 48]","[116.0, 60]","[207.0, 28]","[209.25, 32]",162.5,168,89.0,0.29
07:32:27,"[118.0, 36]","[116.0, 45]","[204.12, 25]","[205.71, 21]",161.06,127,86.12,0.28
07:32:28,"[117.38, 52]","[115.92, 49]","[203.33, 36]","[271.3, 46]",160.36,183,85.95,0.1
07:32:29,"[116.0, 40]","[115.0, 10]","[129.84, 19]","[198.26, 19]",122.92,88,13.84,0.14
07:32:30,"[115.16, 31]","[113.97, 35]","[117.0, 14]","[174.56, 32]",116.08,112,1.84,0.18
07:32:31,"[114.0, 182]","[113.0, 70]","[115.4, 20]","[126.03, 31]",114.7,303,1.4,0.66
07:32:32,"[113.57, 68]","[112.17, 87]","[115.2, 10]","[142.48, 21]",114.39,186,1.63,0.67
07:32:33,"[113.0, 32]","[112.0, 96]","[116.2, 15]","[184.19, 16]",114.6,159,3.2,0.61
07:32:34,"[113.0, 28]","[112.0, 84]","[116.0, 14]","[118.0, 7]",114.5,133,3.0,0.68
07:32:35,"[113.0, 56]","[112.0, 168]","[114.79, 28]","[115.74, 23]",113.89,275,1.79,0.63
07:32:36,"[112.03, 148]","[111.12, 204]","[113.93, 28]","[114.93, 28]",112.98,408,1.9,0.73
07:32:37,"[112.0, 132]","[111.0, 165]","[293.52, 27]","[353.74, 27]",202.76,351,181.52,0.69
07:32:38,"[112.69, 78]","[111.32, 111]","[165.38, 40]","[321.88, 40]",139.03,269,52.68,0.41
07:32:39,"[115.33, 86]","[112.1, 128]","[118.0, 60]","[309.33, 60]",116.66,334,2.67,0.28
07:32:40,"[117.0, 85]","[115.43, 137]","[118.0, 65]","[274.0, 65]",117.5,352,1.0,0.26
07:32:41,"[116.06, 86]","[114.05, 41]","[118.0, 35]","[274.0, 35]",117.03,197,1.94,0.29
07:32:42,"[116.0, 60]","[114.0, 15]","[118.0, 25]","[243.2, 25]",117.0,125,2.0,0.2
07:32:43,"[116.0, 48]","[114.0, 12]","[118.0, 20]","[222.75, 20]",117.0,100,2.0,0.2
07:32:44,"[116.22, 46]","[115.74, 69]","[118.0, 40]","[709.0, 40]",117.11,195,1.78,0.18
07:32:45,"[116.61, 59]","[115.33, 45]","[141.84, 25]","[670.95, 37]",129.23,166,25.23,0.25
07:32:46,"[118.78, 36]","[115.94, 103]","[214.64, 22]","[670.0, 55]",166.71,216,95.86,0.29
07:32:47,"[118.0, 32]","[116.0, 100]","[356.41, 29]","[478.88, 41]",237.21,202,238.41,0.31
07:32:48,"[118.0, 56]","[114.93, 28]","[446.2, 20]","[478.14, 29]",282.1,133,328.2,0.26
07:32:49,"[118.0, 43]","[116.0, 18]","[465.38, 26]","[488.17, 24]",291.69,111,347.38,0.1
07:32:50,"[118.0, 33]","[116.0, 33]","[408.73, 30]","[431.19, 27]",263.37,123,290.73,0.07
07:32:51,"[118.0, 34]","[116.0, 36]","[307.89, 36]","[382.79, 38]",212.94,144,189.89,-0.03
07:32:52,"[118.0, 10]","[116.0, 30]","[153.0, 20]","[214.6, 20]",135.5,80,35.0,0.0
07:32:53,"[118.0, 14]","[116.0, 42]","[150.9, 39]","[157.05, 37]",134.45,132,32.9,-0.15
07:32:54,"[118.0, 10]","[116.0, 30]","[148.6, 20]","[150.0, 40]",133.3,100,30.6,-0.2
07:32:55,"[118.0, 9]","[116.22, 27]","[129.12, 32]","[144.79, 29]",123.56,97,11.12,-0.26
07:32:56,"[118.0, 9]","[116.33, 27]","[121.65, 34]","[122.82, 44]",119.82,114,3.65,-0.37
07:32:57,"[116.67, 18]","[115.39, 46]","[119.1, 20]","[121.91, 44]",117.88,128,2.43,0.0
07:32:58,"[115.42, 38]","[114.78, 54]","[116.86, 29]","[121.95, 38]",116.14,159,1.44,0.16
07:32:59,"[115.0, 48]","[113.25, 96]","[116.0, 33]","[181.93, 41]",115.5,218,1.0,0.32
07:33:00,"[115.0, 14]","[113.08, 78]","[116.0, 27]","[119.0, 36]",115.5,155,1.0,0.19
07:33:01,"[115.0, 11]","[114.0, 11]","[116.46, 26]","[119.78, 45]",115.73,93,1.46,-0.53
07:33:02,"[113.04, 139]","[112.09, 67]","[117.14, 35]","[118.77, 26]",115.09,267,4.1,0.54
07:33:03,"[113.0, 168]","[112.0, 80]","[117.0, 50]","[118.0, 14]",115.0,312,4.0,0.59
07:33:04,"[113.0, 109]","[112.0, 56]","[117.0, 35]","[118.0, 35]",115.0,235,4.0,0.4
07:33:05,"[113.0, 136]","[112.0, 72]","[115.2, 15]","[116.76, 25]",114.1,248,2.2,0.68
07:33:06,"[113.0, 125]","[112.0, 72]","[114.38, 13]","[116.92, 49]",113.69,259,1.38,0.52
07:33:07,"[113.0, 117]","[112.0, 72]","[114.0, 9]","[117.0, 81]",113.5,279,1.0,0.35
07:33:08,"[113.52, 54]","[112.62, 42]","[117.0, 36]","[120.0, 20]",115.26,152,3.48,0.26
07:33:09,"[114.71, 92]","[113.0, 91]","[117.0, 63]","[120.0, 35]",115.85,281,2.29,0.3
07:33:10,"[115.07, 123]","[113.0, 143]","[117.0, 90]","[147.83, 47]",116.04,403,1.93,0.32
07:33:11,"[116.0, 54]","[113.0, 78]","[117.0, 18]","[425.15, 26]",116.5,176,1.0,0.5
07:33:12,"[116.0, 45]","[113.0, 65]","[183.0, 13]","[460.82, 22]",149.5,145,67.0,0.52
07:33:13,"[116.0, 54]","[113.0, 78]","[429.86, 21]","[525.75, 24]",272.93,177,313.86,0.49
07:33:14,"[116.0, 45]","[113.0, 117]","[273.33, 24]","[376.08, 37]",194.67,223,157.33,0.45
07:33:15,"[118.8, 20]","[113.64, 33]","[318.0, 36]","[417.18, 28]",218.4,117,199.2,-0.09
07:33:16,"[120.0, 24]","[117.88, 32]","[147.12, 48]","[393.92, 24]",133.56,128,27.12,-0.12
07:33:17,"[120.0, 26]","[118.0, 39]","[213.45, 33]","[274.94, 51]",166.73,149,93.45,-0.13
07:33:18,"[118.44, 18]","[115.57, 83]","[191.79, 47]","[261.32, 44]",155.12,192,73.34,0.05
07:33:19,"[116.0, 10]","[115.0, 110]","[197.0, 20]","[571.5, 30]",156.5,170,81.0,0.41
07:33:20,"[116.0, 10]","[115.0, 110]","[174.82, 22]","[374.21, 24]",145.41,166,58.82,0.45
07:33:21,"[115.04, 83]","[114.61, 41]","[116.78, 23]","[152.69, 39]",115.91,186,1.75,0.33
07:33:22,"[115.0, 59]","[113.0, 7]","[116.8, 15]","[150.58, 19]",115.9,100,1.8,0.32
07:33:23,"[115.0, 93]","[113.0, 12]","[116.5, 36]","[129.0, 24]",115.75,165,1.5,0.27
07:33:24,"[115.0, 32]","[113.0, 7]","[117.57, 21]","[212.14, 7]",116.29,67,2.57,0.16
07:33:25,"[115.0, 22]","[113.86, 35]","[118.0, 33]","[178.6, 43]",116.5,133,3.0,-0.14
07:33:26,"[115.0, 22]","[113.0, 11]","[117.13, 69]","[139.54, 39]",116.07,141,2.13,-0.53
07:33:27,"[114.2, 10]","[111.62, 13]","[117.0, 70]","[130.2, 25]",115.6,118,2.8,-0.61
07:33:28,"[114.41, 17]","[112.55, 11]","[116.11, 95]","[117.64, 28]",115.26,151,1.69,-0.63
07:33:29,"[113.14, 29]","[112.32, 19]","[127.96, 71]","[123.8, 35]",120.55,154,14.82,-0.38
07:33:30,"[114.0, 24]","[112.74, 31]","[283.7, 37]","[426.97, 31]",198.85,123,169.7,-0.11
07:33:31,"[114.85, 40]","[110.29, 34]","[229.88, 16]","[263.15, 27]",172.36,117,115.03,0.26
07:33:32,"[111.0, 15]","[107.0, 5]","[223.2, 10]","[225.0, 5]",167.1,35,112.2,0.14
07:33:33,"[111.93, 87]","[110.72, 29]","[194.17, 18]","[220.11, 19]",153.05,153,82.24,0.52
07:33:34,"[112.21, 42]","[111.42, 36]","[130.25, 20]","[340.94, 16]",121.23,114,18.04,0.37
07:33:35,"[116.25, 40]","[115.03, 35]","[171.48, 27]","[246.12, 43]",143.87,145,55.23,0.03
07:33:36,"[116.86, 21]","[115.69, 48]","[169.4, 50]","[260.32, 22]",143.13,141,52.54,-0.02
07:33:37,"[116.0, 36]","[111.0, 36]","[158.26, 57]","[240.17, 24]",137.13,153,42.26,-0.06
07:33:38,"[116.0, 21]","[111.0, 21]","[169.0, 35]","[436.5, 10]",142.5,87,53.0,-0.03
07:33:39,"[116.0, 24]","[111.0, 24]","[167.38, 40]","[494.0, 8]",141.69,96,51.38,0.0
07:33:40,"[114.65, 31]","[110.89, 37]","[165.85, 65]","[234.27, 15]",140.25,148,51.2,-0.08
07:33:41,"[111.71, 21]","[110.66, 35]","[163.87, 75]","[324.82, 22]",137.79,153,52.15,-0.27
07:33:42,"[111.78, 18]","[108.12, 34]","[161.36, 55]","[352.0, 22]",136.57,129,49.59,-0.19
07:33:43,"[111.0, 24]","[107.0, 48]","[159.33, 60]","[342.79, 19]",135.17,151,48.33,-0.05
07:33:44,"[112.72, 25]","[109.87, 30]","[157.0, 50]","[317.0, 10]",134.86,115,44.28,-0.04
07:33:45,"[118.89, 9]","[115.22, 9]","[137.76, 41]","[229.77, 13]",128.32,72,18.87,-0.5
07:33:46,"[120.0, 18]","[118.0, 18]","[129.78, 90]","[156.54, 82]",124.89,208,9.78,-0.65
07:33:47,"[120.0, 4]","[118.0, 4]","[129.0, 20]","[130.0, 20]",124.5,48,9.0,-0.67
07:33:48,"[120.0, 9]","[118.0, 9]","[127.56, 45]","[129.11, 45]",123.78,108,7.56,-0.67
07:33:49,"[120.0, 13]","[118.0, 13]","[126.92, 65]","[128.0, 65]",123.46,156,6.92,-0.67
07:33:50,"[118.94, 17]","[115.45, 53]","[123.81, 84]","[125.25, 79]",121.38,233,4.87,-0.4
07:33:51,"[115.26, 68]","[114.67, 36]","[119.0, 60]","[122.22, 54]",117.13,218,3.74,-0.05
07:33:52,"[115.0, 349]","[113.0, 37]","[116.71, 73]","[146.93, 58]",115.86,517,1.71,0.49
07:33:53,"[115.0, 108]","[113.0, 72]","[116.33, 48]","[190.88, 26]",115.67,254,1.33,0.42
07:33:54,"[113.75, 67]","[112.46, 65]","[116.0, 48]","[199.0, 20]",114.87,200,2.25,0.32
07:33:55,"[113.0, 37]","[112.0, 60]","[115.83, 48]","[293.19, 27]",114.42,172,2.83,0.13
07:33:56,"[113.0, 10]","[112.0, 50]","[114.7, 40]","[180.33, 15]",113.85,115,1.7,0.04
07:33:57,"[113.0, 9]","[112.0, 45]","[114.0, 34]","[119.0, 18]",113.5,106,1.0,0.02
07:33:58,"[113.0, 11]","[112.0, 55]","[114.0, 22]","[119.0, 22]",113.5,110,1.0,0.2
07:33:59,"[112.47, 15]","[111.89, 36]","[114.0, 18]","[118.57, 21]",113.23,90,1.53,0.13
07:34:00,"[112.0, 40]","[111.0, 20]","[114.0, 44]","[118.0, 30]",113.0,134,2.0,-0.1
07:34:01,"[110.2, 41]","[105.32, 53]","[117.5, 48]","[118.9, 31]",113.85,173,7.3,0.09
07:34:02,"[108.0, 24]","[91.62, 8]","[118.0, 24]","[119.0, 16]",113.0,72,10.0,-0.11
07:34:03,"[110.75, 61]","[100.87, 23]","[117.18, 51]","[118.22, 36]",113.97,171,6.42,-0.02
07:34:04,"[113.81, 93]","[107.66, 47]","[116.27, 41]","[131.35, 51]",115.04,232,2.46,0.21
07:34:05,"[108.0, 39]","[100.0, 14]","[115.0, 14]","[118.0, 28]",111.5,95,7.0,0.12
07:34:06,"[108.0, 89]","[100.0, 20]","[202.31, 32]","[255.06, 34]",155.16,175,94.31,0.25
07:34:07,"[108.0, 40]","[50.1, 10]","[173.82, 44]","[277.21, 43]",140.91,137,65.82,-0.27
07:34:08,"[108.0, 36]","[84.0, 18]","[113.73, 41]","[135.37, 43]",110.87,138,5.73,-0.22
07:34:09,"[108.0, 13]","[84.0, 14]","[112.6, 25]","[114.12, 32]",110.3,84,4.6,-0.36
07:34:10,"[84.97, 68]","[78.85, 40]","[106.28, 61]","[108.88, 41]",95.62,210,21.31,0.03
07:34:11,"[86.07, 86]","[75.97, 37]","[102.91, 53]","[103.67, 36]",94.49,212,16.84,0.16
07:34:12,"[88.33, 48]","[87.5, 16]","[103.0, 37]","[109.0, 36]",95.67,137,14.67,-0.07
07:34:13,"[90.38, 64]","[89.91, 44]","[103.0, 8]","[108.8, 30]",96.69,146,12.62,0.48
07:34:14,"[94.88, 41]","[93.52, 25]","[103.0, 10]","[108.0, 30]",98.94,106,8.12,0.25
07:34:15,"[97.67, 60]","[96.78, 23]","[101.29, 14]","[105.5, 12]",99.48,109,3.62,0.52
07:34:16,"[99.13, 92]","[97.59, 68]","[101.0, 19]","[103.0, 10]",100.07,189,1.87,0.69
07:34:17,"[100.85, 78]","[79.24, 51]","[106.81, 21]","[107.88, 34]",103.83,184,5.96,0.4
07:34:18,"[104.14, 42]","[102.55, 33]","[107.0, 10]","[108.0, 15]",105.57,100,2.86,0.5
07:34:19,"[105.0, 24]","[104.0, 36]","[107.8, 5]","[157.5, 12]",106.4,77,2.8,0.56
07:34:20,"[106.35, 60]","[104.4, 60]","[131.92, 12]","[203.42, 36]",119.13,168,25.57,0.43
07:34:21,"[108.51, 35]","[106.29, 42]","[164.0, 30]","[520.2, 15]",136.26,122,55.49,0.26
07:34:22,"[109.65, 51]","[107.89, 54]","[188.0, 29]","[623.59, 29]",148.82,163,78.35,0.29
07:34:23,"[114.6, 20]","[112.17, 36]","[285.04, 25]","[676.11, 36]",199.82,117,170.44,-0.04
07:34:24,"[117.0, 16]","[115.0, 24]","[613.88, 26]","[656.15, 39]",365.44,105,496.88,-0.24
07:34:25,"[117.06, 49]","[115.49, 41]","[467.68, 41]","[637.52, 60]",292.37,191,350.62,-0.06
07:34:26,"[120.0, 12]","[117.2, 10]","[407.0, 4]","[608.0, 16]",263.5,42,287.0,0.05
07:34:27,"[120.0, 17]","[118.0, 18]","[363.0, 6]","[583.25, 24]",241.5,65,243.0,0.08
07:34:28,"[120.0, 12]","[118.0, 18]","[255.93, 14]","[632.91, 22]",187.96,66,135.93,-0.09
07:34:29,"[120.0, 18]","[118.0, 27]","[250.2, 44]","[332.97, 31]",185.1,120,130.2,-0.25
07:34:30,"[118.24, 17]","[116.46, 13]","[326.12, 26]","[575.6, 10]",222.18,66,207.88,-0.09
07:34:31,"[118.0, 21]","[116.0, 14]","[238.26, 31]","[483.19, 21]",178.13,87,120.26,-0.2
07:34:32,"[118.0, 21]","[116.0, 14]","[348.45, 29]","[463.37, 27]",233.22,91,230.45,-0.23
07:34:33,"[118.0, 24]","[116.0, 16]","[299.21, 28]","[349.67, 24]",208.61,92,181.21,-0.13
07:34:34,"[117.64, 11]","[115.67, 9]","[151.0, 4]","[504.33, 18]",134.32,42,33.36,-0.05
07:34:35,"[115.19, 31]","[113.4, 45]","[126.0, 36]","[492.44, 34]",120.6,146,10.81,0.04
07:34:36,"[115.97, 31]","[114.2, 10]","[342.29, 35]","[482.24, 25]",229.13,101,226.32,-0.19
07:34:37,"[116.0, 30]","[115.0, 6]","[367.0, 18]","[463.09, 22]",241.5,76,251.0,-0.05
07:34:38,"[116.0, 25]","[114.0, 8]","[171.0, 5]","[310.21, 19]",143.5,57,55.0,0.16
07:34:39,"[116.0, 38]","[114.09, 44]","[170.0, 9]","[285.13, 23]",143.0,114,54.0,0.44
07:34:40,"[118.0, 108]","[116.0, 48]","[151.85, 26]","[281.22, 27]",134.92,209,33.85,0.49
07:34:41,"[118.0, 98]","[116.0, 48]","[144.8, 15]","[146.0, 21]",131.4,182,26.8,0.6
07:34:42,"[118.0, 60]","[116.0, 60]","[139.65, 23]","[141.78, 23]",128.83,166,21.65,0.45
07:34:43,"[118.0, 52]","[115.41, 41]","[133.72, 18]","[134.85, 26]",125.86,137,15.72,0.36
07:34:44,"[116.73, 22]","[115.01, 146]","[130.57, 21]","[132.56, 27]",123.65,216,13.84,0.56
07:34:45,"[115.02, 48]","[113.12, 96]","[128.37, 19]","[131.56, 18]",121.69,181,13.35,0.59
07:34:46,"[114.52, 75]","[112.95, 132]","[125.34, 38]","[126.85, 39]",119.93,284,10.82,0.46
07:34:47,"[115.0, 18]","[113.0, 81]","[123.77, 39]","[124.55, 33]",119.38,171,8.77,0.16
07:34:48,"[115.0, 16]","[113.0, 72]","[120.34, 32]","[121.61, 23]",117.67,143,5.34,0.23
07:34:49,"[115.0, 12]","[113.0, 54]","[119.5, 30]","[120.38, 24]",117.25,120,4.5,0.1
07:34:50,"[114.03, 39]","[112.91, 99]","[117.23, 53]","[118.74, 47]",115.63,238,3.2,0.16
07:34:51,"[113.0, 42]","[112.0, 33]","[114.5, 28]","[115.81, 43]",113.75,146,1.5,0.03
07:34:52,"[111.8, 15]","[108.75, 16]","[113.24, 17]","[115.05, 19]",112.52,67,1.44,-0.07
07:34:53,"[108.18, 34]","[63.38, 64]","[114.4, 15]","[259.09, 22]",111.29,135,6.22,0.45
07:34:54,"[108.0, 40]","[61.37, 92]","[114.7, 10]","[180.0, 11]",111.35,153,6.7,0.73
07:34:55,"[103.39, 28]","[65.83, 72]","[113.0, 9]","[114.11, 9]",108.2,118,9.61,0.69
07:34:56,"[107.0, 24]","[96.88, 24]","[149.0, 9]","[229.67, 12]",128.0,69,42.0,0.39
07:34:57,"[114.0, 10]","[105.5, 24]","[264.47, 19]","[406.03, 37]",189.24,90,150.47,-0.24
07:34:58,"[117.0, 18]","[109.34, 83]","[494.44, 78]","[612.88, 48]",305.72,227,377.44,-0.11
07:34:59,"[117.0, 41]","[109.0, 156]","[407.55, 38]","[468.49, 43]",262.28,278,290.55,0.42
07:35:00,"[117.0, 65]","[111.12, 64]","[168.0, 26]","[256.21, 28]",142.5,183,51.0,0.41
07:35:01,"[117.0, 75]","[113.0, 103]","[137.93, 30]","[173.93, 30]",127.47,238,20.93,0.5
07:35:02,"[117.0, 50]","[115.0, 80]","[123.43, 21]","[170.57, 21]",120.21,172,6.43,0.51
07:35:03,"[117.0, 55]","[115.0, 88]","[122.0, 33]","[123.0, 22]",119.5,198,5.0,0.44
07:35:04,"[117.0, 50]","[115.57, 74]","[121.86, 28]","[169.72, 29]",119.43,181,4.86,0.37
07:35:05,"[117.0, 14]","[116.0, 70]","[121.9, 30]","[349.43, 44]",119.45,158,4.9,0.06
07:35:06,"[116.48, 29]","[115.67, 146]","[120.12, 50]","[290.92, 65]",118.3,290,3.64,0.21
07:35:07,"[115.04, 133]","[113.42, 76]","[119.82, 22]","[388.73, 55]",117.43,286,4.78,0.46
07:35:08,"[115.0, 64]","[113.0, 48]","[117.25, 16]","[337.5, 40]",116.12,168,2.25,0.33
07:35:09,"[115.0, 40]","[113.0, 30]","[116.0, 10]","[306.2, 25]",115.5,105,1.0,0.33
07:35:10,"[115.21, 58]","[113.2, 60]","[424.4, 50]","[565.18, 38]",269.8,206,309.19,0.15
07:35:11,"[118.0, 19]","[115.0, 36]","[505.5, 30]","[599.39, 28]",311.75,113,387.5,-0.03
07:35:12,"[118.0, 21]","[115.0, 42]","[365.92, 25]","[548.79, 29]",241.96,117,247.92,0.08
07:35:13,"[118.0, 33]","[115.0, 70]","[212.87, 46]","[388.37, 43]",165.43,192,94.87,0.07
07:35:14,"[118.0, 15]","[115.0, 35]","[263.6, 25]","[427.95, 20]",190.8,95,145.6,0.05
07:35:15,"[118.0, 62]","[115.0, 70]","[193.29, 48]","[312.2, 50]",155.65,230,75.29,0.15
07:35:16,"[118.0, 72]","[115.0, 70]","[309.09, 46]","[467.6, 50]",213.54,238,191.09,0.19
07:35:17,"[118.0, 39]","[116.88, 115]","[286.59, 68]","[434.11, 72]",202.29,294,168.59,0.05
07:35:18,"[118.0, 33]","[117.0, 99]","[156.0, 55]","[318.18, 33]",137.0,220,38.0,0.2
07:35:19,"[118.0, 30]","[117.0, 90]","[153.52, 44]","[155.3, 46]",135.76,210,35.52,0.14
07:35:20,"[118.0, 50]","[117.0, 126]","[150.32, 63]","[152.33, 63]",134.16,302,32.32,0.17
07:35:21,"[117.06, 106]","[115.71, 152]","[146.57, 94]","[148.57, 106]",131.82,458,29.52,0.13
07:35:22,"[117.93, 211]","[115.3, 132]","[142.34, 76]","[144.17, 77]",130.14,496,24.41,0.38
07:35:23,"[118.0, 108]","[116.09, 88]","[137.82, 56]","[139.54, 52]",127.91,304,19.82,0.29
07:35:24,"[118.0, 165]","[117.0, 90]","[135.65, 31]","[136.45, 71]",126.82,357,17.65,0.43
07:35:25,"[118.17, 120]","[117.48, 115]","[133.25, 60]","[133.61, 28]",125.71,323,15.08,0.46
07:35:26,"[120.0, 26]","[118.0, 143]","[129.02, 46]","[130.29, 52]",124.51,267,9.02,0.27
07:35:27,"[120.0, 32]","[118.0, 176]","[125.27, 41]","[126.78, 64]",122.63,313,5.27,0.33
07:35:28,"[118.35, 80]","[117.68, 113]","[121.93, 41]","[123.5, 38]",120.14,272,3.58,0.42
07:35:29,"[118.0, 46]","[117.0, 66]","[119.07, 29]","[120.95, 38]",118.53,179,1.07,0.25
07:35:30,"[117.0, 60]","[116.0, 20]","[119.54, 13]","[417.15, 46]",118.27,139,2.54,0.15
07:35:31,"[117.0, 53]","[116.0, 18]","[140.09, 11]","[296.83, 30]",128.55,112,23.09,0.27
07:35:32,"[116.33, 30]","[115.03, 144]","[218.93, 30]","[319.24, 29]",167.63,233,102.6,0.49
07:35:33,"[115.43, 46]","[114.91, 132]","[232.76, 29]","[292.11, 19]",174.1,226,117.32,0.58
07:35:34,"[117.57, 28]","[115.09, 88]","[219.0, 24]","[242.5, 12]",168.29,152,101.43,0.53
07:35:35,"[116.05, 129]","[114.64, 78]","[244.08, 13]","[417.67, 18]",180.06,238,128.03,0.74
07:35:36,"[115.21, 78]","[114.58, 71]","[176.7, 20]","[227.65, 17]",145.95,186,61.49,0.6
07:35:37,"[115.0, 91]","[113.0, 21]","[130.6, 10]","[132.6, 15]",122.8,137,15.6,0.64
07:35:38,"[115.0, 52]","[113.0, 12]","[129.25, 8]","[131.0, 4]",122.12,76,14.25,0.68
07:35:39,"[115.0, 130]","[113.0, 30]","[126.7, 20]","[131.0, 10]",120.85,190,11.7,0.68
07:35:40,"[115.0, 110]","[112.87, 30]","[125.09, 22]","[131.0, 11]",120.05,173,10.09,0.62
07:35:41,"[115.0, 122]","[112.0, 60]","[121.26, 23]","[123.82, 22]",118.13,227,6.26,0.6
07:35:42,"[115.91, 66]","[113.0, 42]","[204.96, 27]","[348.5, 24]",160.44,159,89.05,0.36
07:35:43,"[120.0, 43]","[115.0, 56]","[238.29, 28]","[381.06, 16]",179.14,143,118.29,0.38
07:35:44,"[120.0, 8]","[115.17, 46]","[277.68, 22]","[407.0, 22]",198.84,98,157.68,0.1
07:35:45,"[116.4, 25]","[114.41, 29]","[377.87, 31]","[455.25, 12]",247.14,97,261.47,0.11
07:35:46,"[115.0, 40]","[112.0, 50]","[180.81, 21]","[244.31, 26]",147.9,137,65.81,0.31
07:35:47,"[115.0, 7]","[112.0, 33]","[156.29, 7]","[159.0, 28]",135.64,75,41.29,0.07
07:35:48,"[115.0, 23]","[112.06, 34]","[153.67, 15]","[154.73, 30]",134.33,102,38.67,0.12
07:35:49,"[115.0, 36]","[113.0, 24]","[150.57, 37]","[153.15, 27]",132.78,124,35.57,-0.03
07:35:50,"[114.68, 25]","[112.37, 38]","[150.07, 14]","[151.05, 41]",132.38,118,35.39,0.07
07:35:51,"[113.0, 8]","[112.0, 38]","[148.88, 8]","[151.0, 32]",130.94,86,35.88,0.07
07:35:52,"[113.0, 11]","[112.0, 44]","[146.13, 23]","[147.5, 32]",129.57,110,33.13,0.0
07:35:53,"[113.0, 9]","[112.0, 27]","[143.61, 18]","[145.24, 33]",128.31,87,30.61,-0.17
07:35:54,"[114.0, 28]","[111.93, 44]","[139.98, 48]","[141.58, 57]",126.99,177,25.98,-0.19
07:35:55,"[114.16, 25]","[111.86, 28]","[135.8, 40]","[138.0, 30]",124.98,123,21.64,-0.14
07:35:56,"[112.0, 32]","[111.0, 8]","[133.18, 22]","[134.58, 24]",122.59,86,21.18,-0.07
07:35:57,"[112.0, 28]","[111.0, 10]","[131.42, 36]","[132.27, 22]",121.71,96,19.42,-0.21
07:35:58,"[111.0, 10]","[108.0, 90]","[128.91, 22]","[130.56, 27]",119.95,149,17.91,0.34
07:35:59,"[108.74, 73]","[80.36, 11]","[124.0, 24]","[125.73, 26]",116.37,134,15.26,0.25
07:36:00,"[113.42, 33]","[103.77, 70]","[119.62, 26]","[122.45, 22]",116.52,151,6.19,0.36
07:36:01,"[111.53, 19]","[110.09, 44]","[117.73, 22]","[209.5, 20]",114.63,105,6.2,0.2
07:36:02,"[116.0, 12]","[113.0, 18]","[414.05, 19]","[621.67, 9]",265.03,58,298.05,0.03
07:36:03,"[116.0, 16]","[113.0, 27]","[182.5, 30]","[479.0, 24]",149.25,97,66.5,-0.11
07:36:04,"[116.0, 25]","[113.0, 30]","[181.8, 50]","[183.0, 30]",148.9,135,65.8,-0.19
07:36:05,"[115.32, 37]","[112.43, 90]","[180.54, 65]","[321.62, 39]",147.93,231,65.21,0.1
07:36:06,"[112.43, 35]","[111.98, 102]","[144.0, 22]","[321.38, 24]",128.21,183,31.57,0.5
07:36:07,"[112.0, 56]","[111.0, 12]","[113.0, 12]","[114.0, 18]",112.5,98,1.0,0.39
07:36:08,"[110.08, 50]","[81.19, 21]","[113.6, 25]","[122.0, 20]",111.84,116,3.52,0.22
07:36:09,"[109.19, 36]","[91.97, 31]","[242.0, 10]","[315.91, 22]",175.6,99,132.81,0.35
07:36:10,"[109.34, 53]","[105.0, 94]","[319.56, 27]","[390.16, 25]",214.45,199,210.22,0.48
07:36:11,"[117.0, 122]","[109.0, 45]","[318.0, 27]","[462.0, 9]",217.5,203,201.0,0.65
07:36:12,"[118.86, 58]","[116.18, 50]","[338.17, 12]","[482.25, 12]",228.51,132,219.3,0.64
07:36:13,"[120.0, 54]","[116.92, 36]","[353.38, 8]","[507.19, 16]",236.69,114,233.38,0.58
07:36:14,"[120.0, 62]","[116.0, 8]","[387.7, 23]","[526.61, 18]",253.85,111,267.7,0.26
07:36:15,"[120.0, 35]","[116.0, 5]","[246.26, 23]","[415.62, 13]",183.13,76,126.26,0.05
07:36:16,"[120.0, 47]","[116.0, 7]","[192.0, 35]","[362.2, 10]",156.0,99,72.0,0.09
07:36:17,"[120.0, 60]","[116.0, 10]","[313.07, 46]","[412.25, 12]",216.53,128,193.07,0.09
07:36:18,"[120.0, 54]","[116.0, 9]","[165.18, 40]","[223.16, 37]",142.59,140,45.18,-0.1
07:36:19,"[120.0, 30]","[116.0, 5]","[126.27, 22]","[150.52, 23]",123.14,80,6.27,-0.12
07:36:20,"[120.0, 60]","[116.0, 10]","[126.55, 49]","[131.87, 47]",123.28,166,6.55,-0.16
07:36:21,"[120.0, 50]","[116.0, 11]","[125.09, 55]","[127.18, 55]",122.55,171,5.09,-0.29
07:36:22,"[118.8, 20]","[115.54, 13]","[120.87, 63]","[121.95, 64]",119.84,160,2.07,-0.59
07:36:23,"[114.0, 14]","[112.71, 14]","[117.06, 68]","[118.01, 68]",115.53,164,3.06,-0.66
07:36:24,"[110.94, 31]","[108.82, 11]","[114.37, 35]","[115.44, 48]",112.65,125,3.44,-0.33
07:36:25,"[111.48, 27]","[107.6, 15]","[114.46, 71]","[221.44, 43]",112.97,156,2.98,-0.46
07:36:26,"[112.77, 26]","[109.67, 12]","[114.42, 36]","[133.38, 52]",113.59,126,1.65,-0.4
07:36:27,"[110.0, 10]","[85.23, 13]","[113.14, 14]","[242.65, 17]",111.57,54,3.14,-0.15
07:36:28,"[110.0, 7]","[81.14, 14]","[112.71, 7]","[144.0, 14]",111.36,42,2.71,0.0
07:36:29,"[109.38, 8]","[91.36, 11]","[111.75, 8]","[153.23, 26]",110.56,53,2.38,-0.28
07:36:30,"[86.33, 30]","[80.67, 15]","[140.82, 22]","[320.1, 40]",113.58,107,54.48,-0.16
07:36:31,"[100.94, 33]","[89.79, 24]","[251.4, 40]","[593.7, 40]",176.17,137,150.46,-0.17
07:36:32,"[117.2, 91]","[113.64, 42]","[480.79, 56]","[653.52, 61]",298.99,250,363.59,0.06
07:36:33,"[118.0, 72]","[116.0, 27]","[476.67, 36]","[565.0, 39]",297.33,174,358.67,0.14
07:36:34,"[118.0, 72]","[116.0, 27]","[293.59, 39]","[378.11, 38]",205.79,176,175.59,0.12
07:36:35,"[118.0, 40]","[116.0, 15]","[134.6, 20]","[136.0, 25]",126.3,100,16.6,0.1
07:36:36,"[118.0, 64]","[116.0, 30]","[131.51, 37]","[135.22, 41]",124.76,172,13.51,0.09
07:36:37,"[118.0, 20]","[116.0, 15]","[128.5, 8]","[129.06, 17]",123.25,60,10.5,0.17
07:36:38,"[118.0, 36]","[116.0, 27]","[125.67, 24]","[127.62, 21]",121.83,108,7.67,0.17
07:36:39,"[118.0, 36]","[116.0, 27]","[123.63, 19]","[124.71, 24]",120.82,106,5.63,0.19
07:36:40,"[118.0, 44]","[116.0, 36]","[120.0, 33]","[121.07, 27]",119.0,140,2.0,0.14
07:36:41,"[117.71, 14]","[115.54, 35]","[119.0, 44]","[192.09, 11]",118.36,104,1.29,-0.06
07:36:42,"[116.0, 47]","[113.92, 52]","[121.34, 47]","[285.41, 22]",118.67,168,5.34,0.18
07:36:43,"[116.0, 16]","[113.0, 16]","[260.3, 20]","[358.21, 14]",188.15,66,144.3,-0.03
07:36:44,"[116.0, 16]","[113.0, 16]","[351.0, 8]","[406.11, 19]",233.5,59,235.0,0.08
07:36:45,"[113.86, 14]","[112.21, 19]","[240.18, 11]","[305.79, 14]",177.02,58,126.32,0.14
07:36:46,"[112.79, 33]","[110.28, 150]","[150.67, 39]","[157.61, 61]",131.73,283,37.88,0.29
07:36:47,"[113.12, 32]","[112.0, 18]","[148.23, 30]","[149.39, 31]",130.68,111,35.11,-0.1
07:36:48,"[115.65, 46]","[110.16, 188]","[143.09, 43]","[144.95, 42]",129.37,319,27.44,0.47
07:36:49,"[118.0, 59]","[115.0, 22]","[141.0, 33]","[143.0, 22]",129.5,136,23.0,0.19
07:36:50,"[118.0, 45]","[115.78, 18]","[139.43, 21]","[140.75, 24]",128.71,108,21.43,0.17
07:36:51,"[118.0, 60]","[116.0, 24]","[139.0, 24]","[140.0, 36]",128.5,144,21.0,0.17
07:36:52,"[118.0, 50]","[116.0, 20]","[137.4, 20]","[139.6, 40]",127.7,130,19.4,0.08
07:36:53,"[118.0, 65]","[116.0, 26]","[132.49, 37]","[133.71, 28]",125.24,156,14.49,0.17
07:36:54,"[118.0, 51]","[116.0, 22]","[130.2, 30]","[131.16, 25]",124.1,128,12.2,0.14
07:36:55,"[118.0, 10]","[116.0, 20]","[128.5, 24]","[129.31, 26]",123.25,80,10.5,-0.25
07:36:56,"[118.06, 33]","[116.33, 24]","[128.0, 22]","[129.0, 33]",123.03,112,9.94,0.02
07:36:57,"[118.0, 39]","[116.0, 26]","[125.14, 28]","[126.35, 31]",121.57,124,7.14,0.05
07:36:58,"[117.75, 36]","[115.44, 27]","[121.4, 25]","[123.06, 35]",119.58,123,3.65,0.02
07:36:59,"[115.0, 43]","[113.0, 75]","[119.0, 32]","[120.47, 36]",117.0,186,4.0,0.27
07:37:00,"[115.0, 11]","[113.0, 55]","[117.33, 18]","[130.69, 29]",116.17,113,2.33,0.17
07:37:01,"[115.0, 10]","[113.0, 50]","[117.0, 10]","[118.0, 30]",116.0,100,2.0,0.2
07:37:02,"[113.61, 33]","[112.58, 105]","[117.92, 39]","[144.4, 45]",115.76,222,4.32,0.24
07:37:03,"[113.1, 51]","[112.17, 145]","[116.39, 41]","[316.36, 42]",114.74,279,3.29,0.41
07:37:04,"[112.0, 108]","[111.0, 48]","[288.83, 35]","[395.0, 36]",200.41,227,176.83,0.37
07:37:05,"[112.0, 85]","[111.0, 36]","[348.89, 27]","[516.52, 23]",230.44,171,236.89,0.42
07:37:06,"[112.0, 72]","[111.0, 32]","[209.4, 20]","[395.25, 20]",160.7,144,97.4,0.44
07:37:07,"[112.04, 47]","[111.31, 29]","[405.0, 16]","[478.0, 18]",258.52,110,292.96,0.38
07:37:08,"[112.22, 27]","[111.69, 39]","[391.0, 18]","[486.0, 18]",251.61,102,278.78,0.29
07:37:09,"[112.0, 14]","[111.0, 8]","[486.0, 6]","[731.5, 2]",299.0,30,374.0,0.47
07:37:10,"[112.0, 77]","[111.0, 44]","[354.27, 15]","[633.91, 22]",233.13,158,242.27,0.53
07:37:11,"[112.62, 24]","[111.84, 44]","[333.43, 14]","[402.38, 21]",223.03,103,220.8,0.32
07:37:12,"[112.55, 44]","[111.59, 54]","[372.0, 23]","[373.83, 35]",242.27,156,259.45,0.26
07:37:13,"[112.0, 45]","[111.0, 36]","[268.3, 10]","[358.42, 12]",190.15,103,156.3,0.57
07:37:14,"[112.39, 38]","[111.04, 46]","[221.43, 23]","[221.87, 23]",166.91,130,109.04,0.29
07:37:15,"[113.36, 11]","[111.09, 35]","[122.25, 28]","[132.58, 31]",117.81,105,8.89,-0.12
07:37:16,"[112.0, 8]","[111.0, 32]","[116.62, 24]","[120.0, 24]",114.31,88,4.62,-0.09
07:37:17,"[111.16, 19]","[110.29, 42]","[208.0, 23]","[294.62, 29]",159.58,113,96.84,0.08
07:37:18,"[118.76, 34]","[114.86, 28]","[368.0, 18]","[404.0, 27]",243.38,107,249.24,0.16
07:37:19,"[118.0, 48]","[116.0, 48]","[323.11, 28]","[491.59, 27]",220.55,151,205.11,0.27
07:37:20,"[118.0, 30]","[116.0, 30]","[349.64, 22]","[568.5, 16]",233.82,98,231.64,0.22
07:37:21,"[118.0, 51]","[116.0, 96]","[324.59, 56]","[431.46, 52]",221.29,255,206.59,0.15
07:37:22,"[118.0, 36]","[116.0, 90]","[251.96, 51]","[254.36, 33]",184.98,210,133.96,0.2
07:37:23,"[117.66, 47]","[115.8, 123]","[151.68, 50]","[198.11, 36]",134.67,256,34.02,0.33
07:37:24,"[116.0, 88]","[112.0, 66]","[133.44, 25]","[135.88, 52]",124.72,231,17.44,0.33
07:37:25,"[116.0, 73]","[112.0, 96]","[130.73, 59]","[131.68, 53]",123.36,281,14.73,0.2
07:37:26,"[116.0, 30]","[112.0, 48]","[128.55, 22]","[130.76, 34]",122.27,134,12.55,0.16
07:37:27,"[120.0, 10]","[116.0, 50]","[128.0, 35]","[376.86, 35]",124.0,130,8.0,-0.08
07:37:28,"[120.0, 12]","[116.0, 60]","[125.83, 48]","[126.44, 36]",122.92,156,5.83,-0.08
07:37:29,"[116.71, 34]","[115.05, 44]","[123.92, 38]","[125.57, 53]",120.31,169,7.22,-0.08
07:37:30,"[116.0, 38]","[113.0, 24]","[119.27, 22]","[120.25, 40]",117.64,124,3.27,0.0
07:37:31,"[116.0, 12]","[113.0, 27]","[117.25, 24]","[129.07, 27]",116.62,90,1.25,-0.13
07:37:32,"[115.6, 10]","[113.5, 20]","[170.83, 29]","[291.96, 23]",143.21,82,55.23,-0.27
07:37:33,"[115.0, 6]","[113.0, 18]","[257.0, 18]","[260.0, 12]",186.0,54,142.0,-0.11
07:37:34,"[119.0, 69]","[115.0, 6]","[254.25, 16]","[256.14, 14]",186.62,105,135.25,0.43
07:37:35,"[119.0, 72]","[115.0, 8]","[251.89, 18]","[253.36, 22]",185.44,120,132.89,0.33
07:37:36,"[118.83, 47]","[115.0, 14]","[250.33, 15]","[252.7, 20]",184.58,96,131.5,0.27
07:37:37,"[115.0, 15]","[113.0, 45]","[242.53, 34]","[248.49, 39]",178.76,133,127.53,-0.1
07:37:38,"[116.86, 43]","[114.05, 19]","[241.0, 25]","[243.2, 15]",178.93,102,124.14,0.22
07:37:39,"[117.62, 26]","[116.83, 35]","[239.73, 22]","[243.0, 11]",178.67,94,122.11,0.3
07:37:40,"[117.0, 30]","[115.93, 58]","[237.62, 24]","[238.8, 20]",177.31,132,120.62,0.33
07:37:41,"[116.0, 18]","[113.3, 27]","[235.13, 23]","[236.47, 19]",175.57,87,119.13,0.03
07:37:42,"[115.0, 13]","[113.0, 26]","[192.3, 43]","[202.55, 29]",153.65,111,77.3,-0.3
07:37:43,"[112.28, 86]","[111.7, 46]","[183.13, 23]","[184.87, 31]",147.7,186,70.85,0.42
07:37:44,"[112.45, 139]","[111.21, 63]","[180.75, 24]","[181.87, 31]",146.6,257,68.3,0.57
07:37:45,"[119.0, 109]","[112.0, 169]","[179.23, 39]","[181.0, 26]",149.12,343,60.23,0.62
07:37:46,"[120.43, 42]","[112.0, 182]","[175.41, 22]","[176.95, 22]",147.92,268,54.98,0.67
07:37:47,"[118.65, 69]","[112.21, 175]","[169.89, 18]","[171.79, 14]",144.27,276,51.24,0.77
07:37:48,"[118.0, 114]","[112.65, 37]","[166.89, 19]","[167.35, 23]",142.45,193,48.89,0.56
07:37:49,"[118.0, 213]","[113.0, 32]","[163.75, 16]","[166.0, 16]",140.88,277,45.75,0.77
07:37:50,"[118.0, 96]","[113.6, 20]","[162.08, 13]","[163.2, 15]",140.04,144,44.08,0.61
07:37:51,"[118.0, 100]","[115.0, 36]","[146.3, 20]","[140.47, 34]",132.15,190,28.3,0.43
07:37:52,"[118.0, 64]","[115.0, 27]","[124.53, 17]","[124.8, 15]",121.26,123,6.53,0.48
07:37:53,"[118.0, 34]","[115.6, 30]","[119.0, 10]","[129.0, 22]",118.5,96,1.0,0.33
07:37:54,"[118.0, 21]","[115.0, 21]","[119.0, 7]","[131.0, 21]",118.5,70,1.0,0.2
07:37:55,"[115.0, 39]","[113.0, 37]","[118.22, 23]","[205.46, 65]",116.61,164,3.22,-0.07
07:37:56,"[114.0, 12]","[112.07, 84]","[117.46, 13]","[183.62, 40]",115.73,149,3.46,0.29
07:37:57,"[114.0, 48]","[113.0, 8]","[117.08, 12]","[183.62, 40]",115.54,108,3.08,0.04
07:37:58,"[114.3, 60]","[113.0, 15]","[506.59, 69]","[644.13, 54]",310.45,198,392.29,-0.24
07:37:59,"[119.21, 19]","[115.6, 25]","[383.6, 40]","[503.16, 37]",251.41,121,264.39,-0.27
07:38:00,"[120.0, 20]","[116.0, 31]","[221.71, 35]","[276.29, 35]",170.86,121,101.71,-0.16
07:38:01,"[117.96, 27]","[114.94, 34]","[221.0, 24]","[442.58, 60]",169.48,145,103.04,-0.16
07:38:02,"[113.0, 15]","[111.97, 65]","[221.0, 18]","[502.67, 45]",167.0,143,108.0,0.12
07:38:03,"[112.68, 44]","[111.78, 36]","[220.4, 25]","[355.14, 29]",166.54,134,107.72,0.19
07:38:04,"[113.0, 70]","[112.0, 70]","[218.7, 50]","[221.0, 20]",165.85,210,105.7,0.33
07:38:05,"[113.92, 84]","[112.16, 75]","[216.73, 30]","[218.22, 54]",165.32,243,102.82,0.31
07:38:06,"[114.56, 63]","[113.0, 84]","[215.44, 18]","[218.0, 45]",165.0,210,100.89,0.4
07:38:07,"[116.0, 42]","[113.0, 60]","[214.25, 16]","[216.67, 18]",165.12,136,98.25,0.5
07:38:08,"[114.93, 90]","[112.81, 148]","[213.56, 41]","[214.46, 39]",164.25,318,98.63,0.5
07:38:09,"[113.0, 72]","[112.0, 63]","[209.75, 28]","[212.0, 20]",161.38,183,96.75,0.48
07:38:10,"[113.86, 73]","[112.3, 80]","[203.76, 29]","[205.03, 33]",158.81,215,89.9,0.42
07:38:11,"[114.12, 64]","[112.19, 158]","[189.61, 57]","[195.57, 49]",151.87,328,75.49,0.35
07:38:12,"[117.0, 27]","[113.0, 45]","[144.06, 35]","[145.0, 33]",130.53,140,27.06,0.03
07:38:13,"[117.0, 30]","[113.35, 34]","[140.36, 47]","[140.88, 32]",128.68,143,23.36,-0.1
07:38:14,"[117.0, 24]","[116.0, 8]","[135.26, 35]","[136.6, 30]",126.13,97,18.26,-0.34
07:38:15,"[117.0, 48]","[116.0, 16]","[131.74, 70]","[132.31, 59]",124.37,193,14.74,-0.34
07:38:16,"[117.6, 30]","[116.82, 22]","[129.86, 28]","[130.87, 46]",123.73,126,12.26,-0.17
07:38:17,"[118.0, 87]","[117.0, 42]","[127.26, 34]","[128.69, 29]",122.63,192,9.26,0.34
07:38:18,"[118.0, 84]","[117.0, 39]","[123.81, 36]","[124.97, 35]",120.9,194,5.81,0.27
07:38:19,"[118.0, 56]","[117.0, 24]","[119.64, 28]","[121.67, 36]",118.82,144,1.64,0.11
07:38:20,"[117.1, 20]","[116.12, 16]","[118.45, 33]","[119.76, 25]",117.78,94,1.35,-0.23
07:38:21,"[115.33, 6]","[113.57, 14]","[117.5, 12]","[142.0, 8]",116.42,40,2.17,0.0
07:38:22,"[114.57, 28]","[113.0, 41]","[116.8, 30]","[419.0, 40]",115.69,139,2.23,-0.01
07:38:23,"[113.0, 35]","[112.0, 20]","[297.55, 40]","[358.7, 20]",205.28,115,184.55,-0.04
07:38:24,"[113.13, 15]","[112.12, 16]","[333.18, 34]","[444.69, 13]",223.15,78,220.04,-0.21
07:38:25,"[118.0, 8]","[114.0, 6]","[269.0, 24]","[371.4, 10]",193.5,48,151.0,-0.42
07:38:26,"[118.0, 36]","[116.0, 12]","[179.87, 38]","[319.52, 27]",148.93,113,61.87,-0.15
07:38:27,"[118.8, 25]","[117.5, 20]","[371.43, 28]","[485.2, 20]",245.11,93,252.63,-0.03
07:38:28,"[119.74, 23]","[117.82, 33]","[321.64, 42]","[426.39, 38]",220.69,136,201.9,-0.18
07:38:29,"[118.0, 10]","[116.0, 10]","[127.56, 45]","[265.19, 47]",122.78,112,9.56,-0.64
07:38:30,"[116.67, 9]","[114.0, 9]","[126.0, 41]","[127.0, 40]",121.33,99,9.33,-0.64
07:38:31,"[112.71, 17]","[110.96, 46]","[123.45, 44]","[124.35, 46]",118.08,153,10.75,-0.18
07:38:32,"[111.44, 18]","[110.18, 34]","[121.64, 44]","[123.3, 46]",116.54,142,10.19,-0.27
07:38:33,"[113.16, 32]","[112.5, 36]","[119.54, 65]","[120.49, 63]",116.35,196,6.38,-0.31
07:38:34,"[113.08, 25]","[111.29, 28]","[117.56, 57]","[118.67, 60]",115.32,170,4.48,-0.38
07:38:35,"[114.2, 30]","[112.09, 22]","[116.36, 55]","[117.31, 51]",115.28,158,2.16,-0.34
07:38:36,"[113.0, 28]","[111.0, 14]","[115.18, 11]","[116.14, 35]",114.09,88,2.18,-0.05
07:38:37,"[112.53, 38]","[103.86, 28]","[115.85, 54]","[116.71, 70]",114.19,190,3.33,-0.31
07:38:38,"[110.36, 22]","[86.89, 18]","[115.25, 40]","[116.25, 40]",112.81,120,4.89,-0.33
07:38:39,"[109.2, 30]","[95.0, 20]","[113.1, 50]","[114.6, 50]",111.15,150,3.9,-0.33
07:38:40,"[100.65, 23]","[70.0, 20]","[111.09, 55]","[114.0, 55]",105.87,153,10.44,-0.44
07:38:41,"[109.0, 36]","[74.14, 21]","[110.25, 60]","[134.24, 54]",109.62,171,1.25,-0.33
07:38:42,"[110.02, 47]","[108.16, 31]","[237.24, 33]","[408.59, 22]",173.63,133,127.22,0.17
07:38:43,"[111.6, 15]","[107.76, 42]","[245.33, 36]","[272.97, 29]",178.47,122,133.73,-0.07
07:38:44,"[118.61, 36]","[114.29, 17]","[374.63, 27]","[539.21, 24]",246.62,104,256.02,0.02
07:38:45,"[120.0, 32]","[114.89, 9]","[222.38, 24]","[245.0, 16]",171.19,81,102.38,0.01
07:38:46,"[120.0, 28]","[113.0, 7]","[221.0, 13]","[240.67, 18]",170.5,66,101.0,0.06
07:38:47,"[120.0, 21]","[113.0, 6]","[219.0, 6]","[221.0, 18]",169.5,51,99.0,0.06
07:38:48,"[109.83, 12]","[74.0, 13]","[203.22, 18]","[220.5, 24]",156.53,67,93.39,-0.25
07:38:49,"[117.87, 30]","[63.08, 13]","[216.71, 17]","[217.42, 19]",167.29,79,98.84,0.09
07:38:50,"[116.74, 31]","[91.75, 12]","[215.0, 30]","[216.0, 10]",165.87,83,98.26,0.04
07:38:51,"[118.0, 32]","[114.93, 43]","[214.83, 18]","[215.36, 14]",166.42,107,96.83,0.4
07:38:52,"[118.0, 43]","[115.09, 53]","[212.0, 19]","[213.73, 33]",165.0,148,94.0,0.3
07:38:53,"[118.04, 25]","[115.18, 51]","[209.78, 9]","[211.0, 27]",163.91,112,91.74,0.36
07:38:54,"[118.0, 25]","[115.0, 80]","[207.77, 13]","[209.48, 31]",162.88,149,89.77,0.41
07:38:55,"[118.0, 12]","[115.0, 96]","[200.88, 16]","[204.07, 28]",159.44,152,82.88,0.42
07:38:56,"[118.91, 11]","[116.67, 18]","[195.04, 27]","[195.95, 19]",156.97,75,76.13,-0.23
07:38:57,"[118.31, 13]","[117.06, 70]","[185.0, 47]","[193.95, 22]",151.65,152,66.69,0.09
07:38:58,"[117.12, 64]","[115.93, 120]","[189.88, 24]","[193.09, 32]",153.5,240,72.75,0.53
07:38:59,"[117.0, 77]","[115.0, 88]","[188.06, 31]","[190.09, 11]",152.53,207,71.06,0.59
07:39:00,"[116.65, 46]","[114.75, 73]","[185.91, 11]","[187.12, 25]",151.28,155,69.26,0.54
07:39:01,"[115.0, 96]","[113.0, 108]","[184.58, 12]","[186.62, 26]",149.79,242,69.58,0.69
07:39:02,"[115.0, 88]","[113.0, 117]","[180.75, 24]","[181.78, 23]",147.88,252,65.75,0.63
07:39:03,"[115.0, 48]","[113.0, 108]","[155.66, 29]","[154.19, 31]",135.33,216,40.66,0.44
07:39:04,"[115.0, 44]","[113.0, 99]","[126.13, 15]","[131.69, 32]",120.57,190,11.13,0.51
07:39:05,"[115.0, 40]","[113.0, 96]","[121.15, 26]","[122.39, 23]",118.08,185,6.15,0.47
07:39:06,"[113.28, 115]","[112.83, 53]","[119.7, 33]","[120.47, 30]",116.49,231,6.42,0.45
07:39:07,"[113.0, 80]","[112.0, 12]","[115.1, 21]","[115.55, 29]",114.05,142,2.1,0.3
07:39:08,"[113.0, 57]","[112.0, 7]","[114.78, 9]","[197.17, 24]",113.89,97,1.78,0.32
07:39:09,"[113.37, 19]","[112.67, 9]","[312.0, 20]","[712.0, 4]",212.68,52,198.63,0.08
07:39:10,"[120.0, 4]","[118.0, 4]","[462.0, 8]","[781.38, 16]",291.0,32,342.0,-0.5
07:39:11,"[120.0, 10]","[118.0, 10]","[533.78, 32]","[577.48, 25]",326.89,77,413.78,-0.48
07:39:12,"[120.0, 7]","[118.0, 7]","[327.06, 17]","[328.8, 20]",223.53,51,207.06,-0.45
07:39:13,"[120.0, 10]","[118.0, 10]","[325.3, 50]","[327.0, 20]",222.65,90,205.3,-0.56
07:39:14,"[120.0, 9]","[118.0, 9]","[291.85, 33]","[311.44, 27]",205.92,78,171.85,-0.54
07:39:15,"[115.56, 9]","[113.09, 57]","[142.13, 30]","[218.5, 24]",128.84,120,26.58,0.1
07:39:16,"[113.29, 14]","[112.74, 19]","[140.71, 35]","[143.0, 14]",127.0,82,27.43,-0.2
07:39:17,"[114.78, 73]","[112.71, 14]","[138.0, 33]","[139.0, 30]",126.39,150,23.22,0.16
07:39:18,"[115.0, 104]","[113.0, 16]","[133.68, 19]","[137.73, 37]",124.34,176,18.68,0.36
07:39:19,"[115.52, 81]","[114.88, 97]","[130.61, 23]","[132.04, 47]",123.06,248,15.09,0.44
07:39:20,"[116.0, 60]","[115.0, 182]","[127.28, 67]","[129.48, 31]",121.64,340,11.28,0.42
07:39:21,"[116.56, 27]","[115.34, 59]","[125.88, 40]","[128.21, 19]",121.22,145,9.32,0.19
07:39:22,"[117.25, 32]","[116.27, 44]","[123.58, 48]","[124.95, 42]",120.42,166,6.33,-0.08
07:39:23,"[118.5, 24]","[117.25, 24]","[122.67, 42]","[123.52, 21]",120.58,111,4.17,-0.14
07:39:24,"[117.11, 38]","[115.96, 52]","[118.87, 67]","[129.2, 61]",117.99,218,1.76,-0.17
07:39:25,"[114.56, 39]","[113.71, 35]","[116.95, 19]","[140.0, 26]",115.76,119,2.38,0.24
07:39:26,"[114.0, 29]","[113.0, 14]","[134.57, 14]","[241.06, 17]",124.29,74,20.57,0.16
07:39:27,"[114.0, 27]","[113.0, 18]","[159.0, 18]","[327.34, 41]",136.5,104,45.0,-0.13
07:39:28,"[115.0, 6]","[114.0, 18]","[153.61, 18]","[225.08, 25]",134.31,67,38.61,-0.28
07:39:29,"[114.25, 8]","[113.43, 14]","[386.67, 15]","[571.86, 14]",250.46,51,272.42,-0.14
07:39:30,"[114.0, 12]","[113.0, 31]","[373.0, 24]","[531.67, 45]",243.5,112,259.0,-0.23
07:39:31,"[115.0, 72]","[114.0, 9]","[288.33, 15]","[457.25, 24]",201.67,120,173.33,0.35
07:39:32,"[115.17, 36]","[114.53, 15]","[292.86, 14]","[357.88, 16]",204.01,81,177.69,0.26
07:39:33,"[118.0, 33]","[115.0, 22]","[242.55, 11]","[284.75, 20]",180.27,86,124.55,0.28
07:39:34,"[118.0, 18]","[115.0, 12]","[201.0, 6]","[202.0, 6]",159.5,42,83.0,0.43
07:39:35,"[118.0, 30]","[115.0, 20]","[197.48, 29]","[200.15, 13]",157.74,92,79.48,0.09
07:39:36,"[118.0, 38]","[115.0, 24]","[198.74, 27]","[199.15, 33]",158.37,122,80.74,0.02
07:39:37,"[118.0, 65]","[115.0, 26]","[196.03, 39]","[196.38, 32]",157.01,162,78.03,0.12
07:39:38,"[118.0, 45]","[115.0, 20]","[192.14, 28]","[193.67, 18]",155.07,111,74.14,0.17
07:39:39,"[118.0, 32]","[115.0, 20]","[190.9, 40]","[193.0, 10]",154.45,102,72.9,0.02
07:39:40,"[118.55, 33]","[116.08, 25]","[189.32, 25]","[189.77, 26]",153.93,109,70.77,0.06
07:39:41,"[120.0, 23]","[118.0, 33]","[184.69, 26]","[185.71, 21]",152.35,103,64.69,0.09
07:39:42,"[120.0, 30]","[118.0, 45]","[179.47, 55]","[180.39, 56]",149.74,186,59.47,-0.19
07:39:43,"[118.31, 13]","[117.02, 135]","[150.17, 18]","[165.89, 27]",134.24,193,31.86,0.53
07:39:44,"[117.11, 88]","[116.79, 134]","[119.84, 61]","[124.72, 40]",118.47,323,2.72,0.37
07:39:45,"[117.02, 92]","[115.62, 29]","[119.0, 44]","[161.37, 38]",118.01,203,1.98,0.19
07:39:46,"[116.74, 62]","[114.8, 20]","[118.0, 28]","[142.11, 38]",117.37,148,1.26,0.11
07:39:47,"[114.84, 19]","[113.28, 29]","[116.42, 38]","[117.29, 28]",115.63,114,1.58,-0.16
07:39:48,"[113.05, 59]","[112.34, 61]","[114.91, 44]","[261.29, 34]",113.98,198,1.86,0.21
07:39:49,"[113.0, 80]","[112.0, 60]","[114.0, 18]","[171.92, 48]",113.5,206,1.0,0.36
07:39:50,"[115.25, 32]","[112.19, 31]","[154.0, 20]","[254.83, 24]",134.62,107,38.75,0.18
07:39:51,"[117.0, 60]","[113.0, 20]","[319.5, 32]","[465.21, 28]",218.25,140,202.5,0.14
07:39:52,"[118.03, 73]","[115.61, 46]","[421.85, 52]","[641.08, 26]",269.94,197,303.82,0.21
07:39:53,"[120.0, 45]","[117.0, 54]","[246.0, 24]","[404.91, 22]",183.0,145,126.0,0.37
07:39:54,"[120.0, 31]","[117.0, 48]","[330.62, 16]","[493.0, 16]",225.31,111,210.62,0.42
07:39:55,"[120.0, 13]","[117.0, 42]","[477.0, 18]","[505.56, 18]",298.5,91,357.0,0.21
07:39:56,"[120.0, 5]","[117.0, 30]","[421.89, 18]","[481.0, 12]",270.94,65,301.89,0.08
07:39:57,"[120.0, 18]","[117.0, 108]","[140.56, 25]","[297.05, 40]",130.28,191,20.56,0.32
07:39:58,"[120.0, 10]","[117.0, 60]","[139.2, 10]","[365.0, 20]",129.6,100,19.2,0.4
07:39:59,"[117.5, 24]","[116.83, 29]","[138.22, 9]","[451.56, 18]",127.86,80,20.72,0.33
07:40:00,"[117.0, 36]","[116.0, 9]","[135.78, 9]","[424.89, 18]",126.39,72,18.78,0.25
07:40:01,"[117.0, 44]","[116.0, 11]","[129.31, 13]","[292.29, 14]",123.15,82,12.31,0.34
07:40:02,"[116.9, 40]","[115.2, 20]","[118.28, 40]","[130.28, 25]",117.59,125,1.38,-0.04
07:40:03,"[115.0, 11]","[113.48, 46]","[118.0, 33]","[211.73, 22]",116.5,112,3.0,0.02
07:40:04,"[115.0, 12]","[113.0, 72]","[117.33, 36]","[133.5, 32]",116.17,152,2.33,0.11
07:40:05,"[115.0, 6]","[113.25, 32]","[116.83, 18]","[171.0, 12]",115.92,68,1.83,0.12
07:40:06,"[117.91, 70]","[114.43, 14]","[171.0, 16]","[243.57, 23]",144.46,123,53.09,0.37
07:40:07,"[118.0, 80]","[115.0, 8]","[163.04, 28]","[166.33, 24]",140.52,140,45.04,0.26
07:40:08,"[118.0, 42]","[115.0, 5]","[160.38, 13]","[163.0, 18]",139.19,78,42.38,0.21
07:40:09,"[118.0, 78]","[115.0, 11]","[158.86, 35]","[166.43, 28]",138.43,152,40.86,0.17
07:40:10,"[118.0, 66]","[115.0, 11]","[156.5, 36]","[157.59, 41]",137.25,154,38.5,0.0
07:40:11,"[118.0, 72]","[115.0, 12]","[153.1, 41]","[153.98, 43]",135.55,168,35.1,0.0
07:40:12,"[118.0, 54]","[115.27, 11]","[151.18, 34]","[152.28, 29]",134.59,128,33.18,0.02
07:40:13,"[118.0, 60]","[116.0, 30]","[151.0, 40]","[152.0, 30]",134.5,160,33.0,0.12
07:40:14,"[118.0, 72]","[116.0, 36]","[148.81, 42]","[150.29, 42]",133.4,192,30.81,0.12
07:40:15,"[118.0, 42]","[116.0, 21]","[145.77, 26]","[147.7, 23]",131.88,112,27.77,0.12
07:40:16,"[118.0, 42]","[116.0, 33]","[144.23, 39]","[145.6, 35]",131.12,149,26.23,0.01
07:40:17,"[119.43, 14]","[117.54, 26]","[141.17, 36]","[142.75, 36]",130.3,112,21.74,-0.29
07:40:18,"[114.71, 14]","[113.35, 51]","[138.58, 36]","[139.58, 36]",126.65,137,23.87,-0.05
07:40:19,"[113.0, 22]","[112.0, 29]","[136.73, 33]","[139.0, 33]",124.86,117,23.73,-0.13
07:40:20,"[113.0, 10]","[112.0, 10]","[135.2, 15]","[139.0, 15]",124.1,50,22.2,-0.2
07:40:21,"[117.3, 20]","[113.33, 30]","[131.62, 50]","[132.81, 47]",124.46,147,14.32,-0.32
07:40:22,"[118.0, 90]","[117.0, 15]","[127.29, 48]","[129.0, 46]",122.65,199,9.29,0.06
07:40:23,"[118.0, 40]","[117.0, 10]","[122.35, 31]","[123.32, 31]",120.18,112,4.35,-0.11
07:40:24,"[116.59, 22]","[115.27, 51]","[120.46, 35]","[121.29, 51]",118.52,159,3.87,-0.08
07:40:25,"[115.0, 105]","[113.0, 30]","[119.13, 45]","[120.68, 57]",117.07,237,4.13,0.14
07:40:26,"[113.91, 45]","[112.87, 30]","[116.41, 37]","[117.24, 41]",115.16,153,2.49,-0.02
07:40:27,"[113.15, 40]","[112.07, 30]","[119.52, 50]","[195.77, 60]",116.34,180,6.37,-0.22
07:40:28,"[113.0, 12]","[112.0, 16]","[233.0, 40]","[331.0, 16]",173.0,84,120.0,-0.33
07:40:29,"[112.32, 44]","[110.35, 79]","[275.11, 36]","[290.04, 47]",193.71,206,162.79,0.19
07:40:30,"[111.73, 83]","[109.06, 153]","[284.33, 55]","[285.61, 49]",198.03,340,172.59,0.39
07:40:31,"[118.8, 80]","[112.68, 94]","[282.64, 55]","[284.0, 33]",200.72,262,163.84,0.33
07:40:32,"[120.0, 120]","[116.0, 90]","[273.93, 59]","[283.25, 53]",196.97,322,153.93,0.3
07:40:33,"[120.0, 112]","[118.0, 28]","[160.26, 54]","[172.6, 52]",140.13,246,40.26,0.14
07:40:34,"[120.0, 53]","[118.0, 22]","[156.29, 45]","[157.26, 43]",138.14,163,36.29,-0.08
07:40:35,"[120.0, 42]","[118.0, 28]","[151.84, 50]","[153.78, 64]",135.92,184,31.84,-0.24
07:40:36,"[116.14, 127]","[115.27, 49]","[149.2, 49]","[150.08, 71]",132.67,296,33.06,0.19
07:40:37,"[116.0, 187]","[113.0, 17]","[130.35, 63]","[143.35, 62]",123.17,329,14.35,0.24
07:40:38,"[116.0, 83]","[113.0, 10]","[122.08, 39]","[133.77, 26]",119.04,158,6.08,0.18
07:40:39,"[116.78, 27]","[115.69, 39]","[129.49, 57]","[137.15, 39]",123.13,162,12.71,-0.19
07:40:40,"[117.23, 13]","[115.93, 41]","[127.0, 37]","[128.1, 39]",122.12,130,9.77,-0.17
07:40:41,"[118.0, 11]","[116.0, 75]","[125.09, 33]","[127.0, 55]",121.55,174,7.09,-0.01
07:40:42,"[118.0, 15]","[117.0, 150]","[124.03, 69]","[125.1, 49]",121.01,283,6.03,0.17
07:40:43,"[118.0, 10]","[117.0, 100]","[121.35, 26]","[122.03, 30]",119.67,166,3.35,0.33
07:40:44,"[116.86, 51]","[116.36, 66]","[118.88, 33]","[119.55, 33]",117.87,183,2.02,0.28
07:40:45,"[114.0, 15]","[112.09, 11]","[192.83, 29]","[240.45, 20]",153.41,75,78.83,-0.31
07:40:46,"[116.0, 25]","[113.0, 5]","[285.0, 10]","[287.0, 15]",200.5,55,169.0,0.09
07:40:47,"[116.0, 25]","[113.0, 5]","[285.0, 10]","[443.36, 11]",200.5,51,169.0,0.18
07:40:48,"[116.0, 52]","[113.0, 10]","[328.4, 20]","[521.64, 22]",222.2,104,212.4,0.19
07:40:49,"[115.61, 23]","[112.57, 7]","[501.29, 14]","[580.9, 20]",308.45,64,385.68,-0.06
07:40:50,"[113.93, 14]","[112.29, 14]","[171.31, 45]","[494.53, 38]",142.62,111,57.38,-0.5
07:40:51,"[113.07, 14]","[110.43, 21]","[116.72, 18]","[119.0, 18]",114.9,71,3.65,-0.01
07:40:52,"[82.33, 120]","[80.88, 56]","[116.24, 21]","[230.07, 27]",99.28,224,33.91,0.57
07:40:53,"[108.53, 17]","[109.79, 56]","[115.91, 11]","[181.08, 52]",112.22,136,7.38,0.07
07:40:54,"[112.13, 105]","[111.93, 104]","[186.57, 23]","[275.64, 55]",149.35,287,74.43,0.46
07:40:55,"[113.41, 22]","[104.75, 12]","[273.83, 36]","[572.31, 55]",193.62,125,160.42,-0.46
07:40:56,"[118.86, 7]","[115.86, 7]","[265.0, 21]","[435.0, 16]",191.93,51,146.14,-0.45
07:40:57,"[118.0, 9]","[114.67, 9]","[143.67, 27]","[322.2, 20]",130.83,65,25.67,-0.45
07:40:58,"[118.0, 8]","[113.38, 8]","[208.25, 24]","[457.0, 24]",163.12,64,90.25,-0.5
07:40:59,"[118.0, 27]","[113.0, 9]","[300.0, 27]","[416.89, 27]",209.0,90,182.0,-0.2
07:41:00,"[77.1, 50]","[66.34, 105]","[169.4, 30]","[247.7, 30]",123.25,215,92.3,0.44
07:41:01,"[112.0, 8]","[106.72, 29]","[120.5, 12]","[150.25, 24]",116.25,73,8.5,0.01
07:41:02,"[117.18, 17]","[111.03, 32]","[120.61, 23]","[168.45, 33]",118.89,105,3.43,-0.07
07:41:03,"[120.0, 40]","[115.0, 10]","[121.0, 30]","[289.0, 30]",120.5,110,1.0,-0.09
07:41:04,"[120.0, 21]","[115.0, 9]","[334.54, 24]","[598.59, 32]",227.27,86,214.54,-0.3
07:41:05,"[120.0, 8]","[115.0, 8]","[312.14, 28]","[416.6, 20]",216.07,64,192.14,-0.5
07:41:06,"[120.0, 4]","[115.0, 4]","[312.0, 16]","[313.0, 8]",216.0,32,192.0,-0.5
07:41:07,"[120.0, 9]","[115.0, 9]","[312.0, 36]","[561.82, 34]",216.0,88,192.0,-0.59
07:41:08,"[117.94, 16]","[116.46, 24]","[310.58, 48]","[388.54, 48]",214.26,136,192.65,-0.41
07:41:09,"[116.27, 11]","[112.67, 18]","[308.43, 21]","[310.0, 28]",212.35,78,192.16,-0.26
07:41:10,"[115.0, 47]","[113.0, 5]","[261.54, 13]","[309.33, 18]",188.27,83,146.54,0.25
07:41:11,"[115.0, 171]","[113.0, 9]","[268.07, 29]","[281.71, 34]",191.53,243,153.07,0.48
07:41:12,"[115.0, 168]","[113.0, 9]","[248.73, 33]","[249.6, 30]",181.86,240,133.73,0.47
07:41:13,"[115.0, 128]","[113.0, 8]","[151.22, 27]","[196.97, 29]",133.11,192,36.22,0.42
07:41:14,"[115.38, 78]","[114.94, 99]","[121.56, 27]","[122.61, 28]",118.47,232,6.17,0.53
07:41:15,"[115.72, 57]","[114.99, 209]","[118.18, 44]","[132.73, 44]",116.95,354,2.46,0.5
07:41:16,"[115.02, 178]","[114.19, 27]","[231.19, 31]","[266.94, 51]",173.11,287,116.17,0.43
07:41:17,"[117.0, 69]","[115.0, 176]","[242.73, 22]","[268.73, 44]",179.86,311,125.73,0.58
07:41:18,"[117.43, 61]","[115.53, 152]","[178.52, 29]","[258.41, 34]",147.97,276,61.09,0.54
07:41:19,"[117.65, 20]","[115.53, 152]","[153.78, 46]","[321.71, 31]",135.72,249,36.13,0.38
07:41:20,"[117.0, 11]","[115.0, 176]","[152.0, 44]","[153.0, 22]",134.5,253,35.0,0.48
07:41:21,"[115.46, 39]","[114.57, 184]","[151.1, 40]","[152.08, 26]",133.28,289,35.64,0.54
07:41:22,"[115.0, 195]","[113.0, 280]","[148.22, 36]","[149.73, 44]",131.61,555,33.22,0.71
07:41:23,"[115.0, 130]","[113.0, 200]","[144.04, 28]","[144.93, 30]",129.52,388,29.04,0.7
07:41:24,"[115.0, 105]","[113.0, 180]","[140.44, 32]","[141.58, 19]",127.72,336,25.44,0.7
07:41:25,"[115.0, 66]","[113.0, 159]","[140.0, 18]","[141.3, 20]",127.5,263,25.0,0.71
07:41:26,"[120.0, 14]","[115.0, 112]","[137.3, 33]","[138.73, 30]",128.65,189,17.3,0.33
07:41:27,"[115.65, 23]","[113.44, 108]","[134.57, 14]","[136.7, 20]",125.11,165,18.92,0.59
07:41:28,"[115.0, 65]","[113.0, 273]","[131.03, 38]","[133.08, 26]",123.01,402,16.03,0.68
07:41:29,"[115.0, 60]","[113.0, 252]","[128.62, 29]","[130.29, 31]",121.81,372,13.62,0.68
07:41:30,"[115.0, 50]","[113.0, 68]","[126.61, 23]","[128.56, 27]",120.8,168,11.61,0.4
07:41:31,"[115.0, 55]","[113.0, 88]","[123.09, 22]","[125.4, 30]",119.05,195,8.09,0.47
07:41:32,"[116.23, 26]","[114.58, 55]","[120.55, 22]","[122.09, 22]",118.39,125,4.31,0.3
07:41:33,"[115.4, 40]","[113.91, 88]","[117.52, 25]","[119.03, 31]",116.46,184,2.12,0.39
07:41:34,"[115.0, 18]","[113.0, 64]","[116.0, 8]","[119.0, 16]",115.5,106,1.0,0.55
07:41:35,"[113.61, 46]","[112.74, 76]","[115.73, 11]","[170.33, 36]",114.67,169,2.12,0.44
07:41:36,"[113.0, 46]","[112.0, 30]","[114.0, 6]","[185.0, 24]",113.5,106,1.0,0.43
07:41:37,"[113.0, 84]","[112.0, 60]","[178.54, 26]","[234.4, 45]",145.77,215,65.54,0.34
07:41:38,"[116.45, 49]","[114.29, 68]","[182.45, 22]","[185.0, 44]",149.45,183,66.01,0.28
07:41:39,"[118.0, 50]","[117.0, 60]","[181.0, 20]","[208.0, 36]",149.5,166,63.0,0.33
07:41:40,"[118.0, 50]","[117.0, 60]","[150.18, 22]","[152.53, 38]",134.09,170,32.18,0.29
07:41:41,"[117.52, 52]","[116.18, 61]","[149.09, 22]","[151.0, 44]",133.31,179,31.57,0.26
07:41:42,"[116.83, 60]","[114.77, 62]","[134.66, 29]","[149.95, 38]",125.74,189,17.82,0.29
07:41:43,"[115.11, 74]","[113.19, 108]","[132.55, 40]","[242.38, 52]",123.83,274,17.44,0.33
07:41:44,"[115.13, 31]","[113.12, 52]","[146.0, 16]","[192.0, 32]",130.56,131,30.87,0.27
07:41:45,"[117.0, 18]","[115.0, 27]","[138.85, 26]","[221.0, 28]",127.92,99,21.85,-0.09
07:41:46,"[115.15, 26]","[113.1, 59]","[134.78, 27]","[415.94, 36]",124.97,148,19.62,0.15
07:41:47,"[114.05, 21]","[112.85, 53]","[134.71, 34]","[175.27, 49]",124.38,157,20.66,-0.06
07:41:48,"[114.0, 11]","[113.0, 33]","[131.64, 22]","[180.75, 48]",122.82,114,17.64,-0.23
07:41:49,"[114.0, 10]","[113.0, 30]","[128.75, 24]","[129.61, 23]",121.38,87,14.75,-0.08
07:41:50,"[114.9, 10]","[113.0, 30]","[125.62, 21]","[126.72, 25]",120.26,86,10.72,-0.07
07:41:51,"[118.0, 22]","[115.0, 11]","[122.72, 25]","[125.4, 30]",120.36,88,4.72,-0.25
07:41:52,"[117.1, 20]","[113.47, 30]","[119.41, 32]","[121.06, 32]",118.25,114,2.31,-0.12
07:41:53,"[115.0, 6]","[113.0, 39]","[116.17, 18]","[118.0, 12]",115.58,75,1.17,0.2
07:41:54,"[113.0, 70]","[112.0, 30]","[117.83, 12]","[141.0, 24]",115.42,136,4.83,0.47
07:41:55,"[113.0, 156]","[112.0, 39]","[176.57, 30]","[305.89, 37]",144.78,262,63.57,0.49
07:41:56,"[113.28, 109]","[112.8, 81]","[174.83, 23]","[235.44, 16]",144.05,229,61.55,0.66
07:41:57,"[113.0, 140]","[112.0, 28]","[169.87, 23]","[171.0, 19]",141.43,210,56.87,0.6
07:41:58,"[118.0, 24]","[113.0, 72]","[167.88, 8]","[169.0, 16]",142.94,120,49.88,0.6
07:41:59,"[118.0, 30]","[113.0, 90]","[165.0, 15]","[167.68, 22]",141.5,157,47.0,0.53
07:42:00,"[114.25, 60]","[112.79, 57]","[162.14, 28]","[163.84, 49]",138.2,194,47.89,0.21
07:42:01,"[111.14, 42]","[109.6, 20]","[160.83, 36]","[161.29, 42]",135.99,140,49.69,-0.11
07:42:02,"[102.65, 40]","[99.65, 69]","[107.9, 52]","[123.33, 42]",105.28,203,5.25,0.07
07:42:03,"[99.72, 50]","[72.69, 13]","[106.18, 22]","[108.06, 35]",102.95,120,6.46,0.05
07:42:04,"[98.73, 22]","[78.06, 18]","[107.0, 48]","[110.0, 60]",102.86,148,8.27,-0.46
07:42:05,"[109.94, 54]","[96.62, 21]","[138.15, 20]","[164.35, 51]",124.05,146,28.21,0.03
07:42:06,"[118.0, 44]","[108.0, 24]","[158.0, 8]","[187.0, 24]",138.0,100,40.0,0.36
07:42:07,"[118.0, 64]","[114.15, 39]","[157.08, 13]","[329.48, 25]",137.54,141,39.08,0.46
07:42:08,"[116.33, 36]","[92.79, 29]","[169.49, 45]","[395.11, 35]",142.91,145,53.16,-0.1
07:42:09,"[116.0, 20]","[112.16, 208]","[231.29, 34]","[542.81, 26]",173.65,288,115.29,0.58
07:42:10,"[116.82, 17]","[113.05, 117]","[369.33, 6]","[371.0, 6]",243.08,146,252.51,0.84
07:42:11,"[118.0, 51]","[116.0, 26]","[367.85, 13]","[371.0, 13]",242.92,103,249.85,0.5
07:42:12,"[118.0, 18]","[116.0, 18]","[200.92, 13]","[176.4, 25]",159.46,74,82.92,-0.03
07:42:13,"[118.0, 16]","[116.0, 16]","[126.0, 8]","[266.62, 24]",122.0,64,8.0,0.0
07:42:14,"[116.0, 26]","[113.0, 299]","[125.62, 13]","[476.71, 59]",120.81,397,9.62,0.64
07:42:15,"[113.16, 186]","[111.84, 187]","[121.14, 49]","[211.35, 17]",117.15,439,7.98,0.7
07:42:16,"[113.0, 242]","[110.13, 93]","[116.79, 38]","[118.71, 17]",114.89,390,3.79,0.72
07:42:17,"[113.0, 293]","[110.64, 116]","[114.53, 53]","[202.13, 53]",113.76,515,1.53,0.59
07:42:18,"[113.0, 69]","[111.0, 60]","[289.83, 23]","[774.0, 20]",201.41,172,176.83,0.5
07:42:19,"[113.11, 27]","[111.89, 54]","[529.33, 18]","[763.33, 24]",321.22,123,416.22,0.32
07:42:20,"[114.38, 8]","[113.0, 64]","[600.72, 25]","[752.97, 31]",357.55,128,486.35,0.12
07:42:21,"[115.0, 8]","[113.0, 32]","[588.0, 16]","[706.0, 12]",351.5,68,473.0,0.18
07:42:22,"[114.43, 21]","[112.91, 44]","[472.0, 18]","[588.0, 24]",293.21,107,357.57,0.21
07:42:23,"[114.27, 22]","[112.67, 36]","[585.0, 27]","[636.41, 22]",349.64,107,470.73,0.08
07:42:24,"[120.0, 8]","[117.0, 32]","[457.63, 30]","[608.72, 29]",288.82,99,337.63,-0.19
07:42:25,"[120.0, 11]","[113.8, 60]","[166.46, 39]","[186.02, 48]",143.23,158,46.46,-0.1
07:42:26,"[120.0, 9]","[113.0, 54]","[144.44, 27]","[165.32, 41]",132.22,131,24.44,-0.04
07:42:27,"[120.0, 8]","[114.16, 43]","[142.81, 26]","[165.11, 38]",131.4,115,22.81,-0.11
07:42:28,"[115.0, 51]","[113.0, 140]","[142.0, 50]","[143.0, 30]",128.5,271,27.0,0.41
07:42:29,"[115.0, 30]","[113.0, 140]","[140.53, 40]","[141.07, 40]",127.76,250,25.53,0.36
07:42:30,"[115.0, 15]","[113.0, 70]","[138.13, 23]","[139.29, 17]",126.57,125,23.13,0.36
07:42:31,"[115.14, 21]","[113.34, 101]","[137.59, 37]","[138.43, 35]",126.37,194,22.45,0.26
07:42:32,"[114.41, 44]","[113.14, 172]","[131.38, 50]","[132.36, 42]",122.89,308,16.97,0.4
07:42:33,"[113.0, 168]","[112.0, 48]","[128.0, 26]","[128.65, 46]",120.5,288,15.0,0.5
07:42:34,"[113.0, 112]","[112.0, 44]","[124.26, 34]","[125.33, 18]",118.63,208,11.26,0.5
07:42:35,"[113.0, 126]","[111.53, 85]","[122.95, 37]","[124.06, 47]",117.97,295,9.95,0.43
07:42:36,"[113.0, 90]","[110.83, 72]","[117.96, 26]","[120.85, 34]",115.48,222,4.96,0.46
07:42:37,"[110.0, 30]","[79.86, 58]","[116.31, 51]","[116.6, 53]",113.16,192,6.31,-0.08
07:42:38,"[89.52, 50]","[71.93, 58]","[110.39, 38]","[145.59, 49]",99.96,195,20.87,0.11
07:42:39,"[113.15, 13]","[84.68, 31]","[124.67, 39]","[161.37, 41]",118.91,124,11.51,-0.29
07:42:40,"[115.5, 16]","[111.57, 14]","[124.71, 34]","[126.0, 36]",120.1,100,9.21,-0.4
07:42:41,"[117.97, 77]","[116.9, 21]","[121.85, 27]","[123.36, 28]",119.91,153,3.88,0.28
07:42:42,"[118.0, 88]","[117.0, 22]","[120.0, 33]","[121.0, 22]",119.0,165,2.0,0.33
07:42:43,"[118.0, 99]","[117.0, 28]","[119.38, 32]","[120.21, 38]",118.69,197,1.38,0.29
07:42:44,"[118.0, 36]","[117.0, 24]","[281.96, 54]","[339.6, 50]",199.98,164,163.96,-0.27
07:42:45,"[116.2, 35]","[115.94, 17]","[288.6, 45]","[364.92, 48]",202.4,145,172.4,-0.28
07:42:46,"[115.0, 62]","[112.36, 22]","[408.76, 42]","[568.48, 42]",261.88,168,293.76,0.0
07:42:47,"[116.76, 37]","[113.94, 48]","[404.18, 44]","[593.8, 45]",260.47,174,287.43,-0.02
07:42:48,"[119.51, 41]","[116.14, 42]","[155.0, 40]","[497.0, 30]",137.26,153,35.49,0.08
07:42:49,"[116.0, 55]","[115.0, 36]","[163.91, 44]","[276.63, 43]",139.95,178,47.91,0.02
07:42:50,"[116.0, 54]","[115.0, 56]","[152.91, 46]","[248.14, 56]",134.46,212,36.91,0.04
07:42:51,"[115.37, 19]","[114.3, 43]","[209.5, 40]","[578.39, 46]",162.43,148,94.13,-0.16
07:42:52,"[115.0, 40]","[113.0, 50]","[176.19, 43]","[438.52, 44]",145.59,177,61.19,0.02
07:42:53,"[115.0, 27]","[113.0, 60]","[146.17, 48]","[360.42, 60]",130.58,195,31.17,-0.11
07:42:54,"[115.0, 8]","[113.0, 44]","[145.0, 32]","[320.75, 40]",130.0,124,30.0,-0.16
07:42:55,"[113.0, 45]","[111.0, 18]","[145.0, 36]","[329.44, 45]",129.0,144,32.0,-0.12
07:42:56,"[117.31, 39]","[113.83, 24]","[144.89, 36]","[396.33, 45]",131.1,144,27.58,-0.12
07:42:57,"[120.0, 52]","[117.18, 22]","[143.83, 48]","[393.0, 60]",131.92,182,23.83,-0.19
07:42:58,"[119.0, 36]","[114.14, 42]","[141.5, 48]","[315.38, 53]",130.25,179,22.5,-0.13
07:42:59,"[117.11, 18]","[113.19, 42]","[138.22, 36]","[284.05, 37]",127.67,133,21.11,-0.1
07:43:00,"[118.0, 18]","[117.0, 18]","[137.22, 36]","[260.8, 44]",127.61,116,19.22,-0.38
07:43:01,"[118.0, 17]","[117.0, 24]","[135.5, 48]","[363.75, 60]",126.75,149,17.5,-0.45
07:43:02,"[113.93, 29]","[113.65, 26]","[132.17, 52]","[230.23, 53]",123.05,160,18.24,-0.31
07:43:03,"[118.0, 11]","[117.0, 11]","[129.63, 54]","[131.6, 50]",123.81,126,11.63,-0.65
07:43:04,"[118.0, 9]","[117.0, 9]","[126.22, 45]","[130.0, 36]",122.11,99,8.22,-0.64
07:43:05,"[118.0, 11]","[117.0, 11]","[123.12, 51]","[124.2, 50]",120.56,123,5.12,-0.64
07:43:06,"[118.0, 6]","[117.0, 6]","[120.07, 28]","[121.0, 30]",119.04,70,2.07,-0.66
07:43:07,"[114.23, 22]","[112.73, 26]","[118.17, 48]","[120.58, 60]",116.2,156,3.94,-0.38
07:43:08,"[112.9, 30]","[111.9, 30]","[114.8, 30]","[117.0, 40]",113.85,130,1.9,-0.08
07:43:09,"[110.89, 27]","[105.44, 27]","[112.33, 24]","[134.97, 37]",111.61,115,1.44,-0.06
07:43:10,"[102.53, 19]","[82.67, 15]","[344.2, 20]","[670.5, 48]",223.36,102,241.67,-0.33
07:43:11,"[112.0, 7]","[92.17, 12]","[741.07, 14]","[750.62, 32]",426.54,65,629.07,-0.42
07:43:12,"[118.0, 35]","[83.57, 7]","[571.95, 19]","[652.17, 23]",344.97,84,453.95,0.0
07:43:13,"[107.0, 26]","[72.62, 8]","[268.42, 12]","[401.58, 36]",187.71,82,161.42,-0.17
07:43:14,"[86.74, 23]","[54.0, 18]","[188.23, 13]","[316.14, 35]",137.48,89,101.49,-0.08
07:43:15,"[90.0, 12]","[68.78, 9]","[137.29, 7]","[203.29, 21]",113.64,49,47.29,-0.14
07:43:16,"[117.73, 37]","[111.89, 18]","[137.0, 8]","[334.0, 36]",127.36,99,19.27,0.11
07:43:17,"[118.0, 35]","[115.0, 18]","[136.0, 12]","[137.0, 6]",127.0,71,18.0,0.49
07:43:18,"[118.0, 66]","[115.0, 36]","[134.92, 24]","[137.0, 26]",126.46,152,16.92,0.34
07:43:19,"[118.0, 43]","[115.0, 33]","[130.58, 24]","[133.37, 19]",124.29,119,12.58,0.28
07:43:20,"[112.88, 32]","[102.52, 42]","[129.0, 50]","[130.0, 10]",120.94,134,16.12,0.1
07:43:21,"[114.35, 135]","[112.62, 88]","[127.19, 80]","[128.01, 68]",120.77,371,12.84,0.2
07:43:22,"[120.0, 70]","[113.76, 142]","[123.15, 54]","[124.4, 45]",121.57,311,3.15,0.36
07:43:23,"[115.42, 108]","[113.47, 115]","[121.44, 36]","[122.74, 54]",118.43,313,6.03,0.42
07:43:24,"[115.09, 94]","[113.72, 50]","[119.02, 56]","[120.15, 13]",117.05,213,3.93,0.35
07:43:25,"[116.54, 26]","[114.97, 102]","[118.23, 65]","[120.0, 13]",117.38,206,1.69,0.24
07:43:26,"[115.0, 54]","[113.0, 18]","[118.0, 45]","[120.0, 9]",116.5,126,3.0,0.14
07:43:27,"[114.63, 97]","[113.39, 46]","[136.16, 74]","[174.96, 50]",125.4,267,21.53,0.07
07:43:28,"[117.75, 24]","[113.12, 34]","[191.3, 30]","[194.0, 40]",154.53,128,73.55,-0.09
07:43:29,"[112.16, 93]","[98.12, 49]","[187.86, 42]","[194.0, 56]",150.01,240,75.7,0.18
07:43:30,"[112.28, 25]","[111.72, 29]","[185.11, 27]","[194.0, 36]",148.7,117,72.83,-0.08
07:43:31,"[113.56, 16]","[111.96, 56]","[124.89, 35]","[135.33, 27]",119.22,134,11.32,0.07
07:43:32,"[112.0, 40]","[110.0, 8]","[118.67, 36]","[127.04, 25]",115.33,109,6.67,-0.12
07:43:33,"[112.0, 35]","[110.67, 15]","[127.86, 21]","[245.64, 33]",119.93,104,15.86,-0.04
07:43:34,"[112.0, 31]","[110.92, 38]","[126.0, 30]","[214.25, 16]",119.0,115,14.0,0.2
07:43:35,"[112.0, 24]","[110.0, 12]","[123.41, 29]","[127.08, 26]",117.71,91,11.41,-0.21
07:43:36,"[112.0, 20]","[110.6, 10]","[121.08, 26]","[122.39, 23]",116.54,79,9.08,-0.24
07:43:37,"[111.77, 26]","[109.89, 27]","[116.79, 38]","[117.8, 30]",114.28,121,5.02,-0.12
07:43:38,"[110.0, 17]","[109.0, 85]","[115.96, 24]","[117.54, 37]",112.98,163,5.96,0.25
07:43:39,"[110.17, 23]","[90.46, 37]","[115.0, 15]","[117.0, 30]",112.59,105,4.83,0.14
07:43:40,"[111.59, 29]","[101.9, 10]","[210.06, 17]","[247.6, 20]",160.82,76,98.47,0.03
07:43:41,"[114.73, 11]","[88.0, 10]","[281.0, 22]","[369.0, 24]",197.86,67,166.27,-0.37
07:43:42,"[116.67, 18]","[92.0, 16]","[221.4, 20]","[352.0, 36]",169.03,90,104.73,-0.24
07:43:43,"[116.94, 49]","[108.16, 25]","[176.04, 28]","[392.67, 18]",146.49,120,59.1,0.23
07:43:44,"[118.0, 84]","[116.0, 48]","[272.81, 26]","[320.71, 28]",195.4,186,154.81,0.42
07:43:45,"[118.0, 77]","[116.0, 44]","[204.74, 31]","[305.43, 14]",161.37,166,86.74,0.46
07:43:46,"[118.0, 63]","[116.0, 36]","[230.0, 9]","[532.33, 27]",174.0,135,112.0,0.47
07:43:47,"[118.0, 56]","[116.0, 32]","[409.39, 18]","[563.43, 14]",263.69,120,291.39,0.47
07:43:48,"[118.0, 29]","[116.0, 42]","[378.83, 12]","[581.0, 11]",248.42,94,260.83,0.51
07:43:49,"[118.0, 7]","[116.0, 48]","[279.67, 6]","[435.9, 10]",198.83,71,161.67,0.55
07:43:50,"[118.0, 7]","[116.0, 63]","[386.44, 16]","[626.71, 21]",252.22,107,268.44,0.31
07:43:51,"[118.0, 8]","[116.0, 72]","[155.47, 19]","[386.62, 24]",136.74,123,37.47,0.3
07:43:52,"[118.0, 9]","[116.0, 81]","[154.22, 18]","[269.33, 27]",136.11,135,36.22,0.33
07:43:53,"[116.32, 44]","[115.86, 73]","[154.0, 24]","[278.42, 36]",135.16,177,37.68,0.32
07:43:54,"[116.0, 50]","[115.0, 20]","[152.3, 20]","[283.0, 30]",134.15,120,36.3,0.17
07:43:55,"[119.73, 110]","[114.04, 71]","[149.71, 34]","[301.22, 50]",134.72,265,29.98,0.37
07:43:56,"[120.0, 39]","[116.0, 60]","[146.83, 24]","[148.0, 48]",133.42,171,26.83,0.16
07:43:57,"[117.44, 34]","[115.87, 46]","[146.0, 22]","[148.0, 44]",131.72,146,28.56,0.1
07:43:58,"[117.0, 36]","[116.0, 60]","[142.78, 36]","[144.07, 28]",129.89,160,25.78,0.2
07:43:59,"[117.0, 39]","[116.0, 65]","[136.44, 36]","[137.41, 37]",126.72,177,19.44,0.18
07:44:00,"[117.0, 51]","[116.0, 85]","[130.45, 22]","[133.73, 44]",123.73,202,13.45,0.35
07:44:01,"[116.0, 38]","[115.0, 28]","[128.33, 21]","[130.33, 21]",122.17,108,12.33,0.22
07:44:02,"[113.21, 70]","[112.67, 45]","[126.0, 30]","[127.0, 18]",119.61,163,12.79,0.41
07:44:03,"[113.0, 104]","[112.0, 56]","[122.07, 30]","[123.67, 18]",117.53,208,9.07,0.54
07:44:04,"[114.32, 91]","[112.3, 60]","[120.16, 45]","[121.09, 55]",117.24,251,5.84,0.2
07:44:05,"[113.12, 52]","[112.03, 62]","[118.4, 25]","[120.11, 37]",115.76,176,5.28,0.3
07:44:06,"[112.81, 59]","[111.92, 61]","[116.45, 44]","[117.74, 35]",114.63,199,3.64,0.21
07:44:07,"[112.12, 48]","[111.41, 17]","[114.37, 27]","[116.0, 28]",113.25,120,2.25,0.08
07:44:08,"[111.33, 9]","[109.43, 14]","[114.5, 16]","[176.71, 28]",112.92,67,3.17,-0.31
07:44:09,"[93.6, 48]","[68.99, 105]","[114.64, 22]","[194.6, 25]",104.12,200,21.03,0.53
07:44:10,"[100.04, 115]","[76.97, 102]","[129.64, 22]","[309.43, 28]",114.84,267,29.59,0.63
07:44:11,"[37.24, 51]","[14.38, 52]","[162.25, 8]","[201.77, 26]",99.74,137,125.01,0.5
07:44:12,"[86.01, 68]","[68.54, 89]","[161.21, 14]","[205.0, 56]",123.61,227,75.2,0.38
07:44:13,"[111.0, 21]","[66.01, 105]","[161.0, 7]","[201.36, 22]",136.0,155,50.0,0.63
07:44:14,"[111.17, 29]","[65.64, 75]","[159.56, 9]","[197.39, 23]",135.36,136,48.38,0.53
07:44:15,"[114.47, 57]","[112.69, 59]","[158.69, 13]","[228.0, 46]",136.58,175,44.22,0.33
07:44:16,"[115.27, 22]","[113.31, 59]","[156.29, 42]","[212.0, 16]",135.78,139,41.01,0.17
07:44:17,"[118.0, 11]","[115.0, 77]","[154.46, 37]","[155.14, 42]",136.23,167,36.46,0.05
07:44:18,"[118.0, 11]","[115.0, 77]","[150.03, 32]","[153.22, 27]",134.02,147,32.03,0.2
07:44:19,"[115.17, 70]","[113.92, 61]","[146.78, 54]","[148.42, 31]",130.97,216,31.61,0.21
07:44:20,"[115.0, 42]","[113.0, 21]","[148.05, 19]","[148.75, 16]",131.53,98,33.05,0.29
07:44:21,"[116.2, 35]","[114.27, 41]","[146.3, 10]","[148.0, 40]",131.25,126,30.1,0.21
07:44:22,"[116.63, 27]","[113.96, 49]","[142.68, 59]","[144.25, 24]",129.65,159,26.05,-0.04
07:44:23,"[113.0, 19]","[112.0, 15]","[129.0, 15]","[141.0, 20]",121.0,69,16.0,-0.01
07:44:24,"[114.79, 76]","[112.92, 36]","[135.86, 36]","[141.45, 44]",125.33,192,21.07,0.17
07:44:25,"[116.0, 88]","[113.0, 33]","[138.27, 30]","[138.85, 41]",127.13,192,22.27,0.26
07:44:26,"[116.0, 71]","[113.0, 33]","[127.47, 49]","[128.29, 45]",121.73,198,11.47,0.05
07:44:27,"[116.0, 97]","[113.5, 36]","[118.5, 46]","[120.13, 31]",117.25,210,2.5,0.27
07:44:28,"[116.0, 15]","[115.0, 15]","[170.88, 8]","[242.55, 11]",143.44,49,54.88,0.22
07:44:29,"[117.81, 31]","[115.93, 45]","[481.11, 54]","[553.45, 51]",299.46,181,363.3,-0.16
07:44:30,"[118.0, 12]","[116.0, 18]","[366.0, 24]","[576.33, 18]",242.0,72,248.0,-0.17
07:44:31,"[118.0, 16]","[116.0, 48]","[303.86, 49]","[481.12, 48]",210.93,161,185.86,-0.2
07:44:32,"[116.18, 33]","[115.23, 39]","[262.76, 51]","[326.85, 39]",189.47,162,146.58,-0.11
07:44:33,"[116.0, 26]","[115.0, 36]","[196.62, 45]","[277.35, 49]",156.31,156,80.62,-0.21
07:44:34,"[115.89, 27]","[114.76, 41]","[190.21, 48]","[199.64, 39]",153.05,155,74.32,-0.12
07:44:35,"[115.0, 29]","[113.0, 55]","[147.88, 41]","[165.93, 28]",131.44,153,32.88,0.1
07:44:36,"[113.0, 36]","[112.0, 36]","[145.08, 36]","[146.82, 49]",129.04,157,32.08,-0.08
07:44:37,"[113.0, 36]","[112.0, 36]","[142.87, 38]","[143.95, 58]",127.93,168,29.87,-0.14
07:44:38,"[113.0, 91]","[112.0, 51]","[140.62, 53]","[141.11, 53]",126.81,248,27.62,0.15
07:44:39,"[113.57, 79]","[113.23, 53]","[137.33, 42]","[138.98, 45]",125.45,219,23.76,0.21
07:44:40,"[115.0, 22]","[113.42, 57]","[132.58, 36]","[133.97, 35]",123.79,150,17.58,0.05
07:44:41,"[115.0, 26]","[113.0, 143]","[129.0, 43]","[130.75, 48]",122.0,260,14.0,0.3
07:44:42,"[115.5, 18]","[113.04, 135]","[119.58, 48]","[124.2, 60]",117.54,261,4.08,0.17
07:44:43,"[115.0, 11]","[113.0, 121]","[116.7, 20]","[118.0, 22]",115.85,174,1.7,0.52
07:44:44,"[113.0, 121]","[112.0, 33]","[115.2, 15]","[116.89, 18]",114.1,187,2.2,0.65
07:44:45,"[113.0, 170]","[112.0, 51]","[115.17, 29]","[243.57, 37]",114.09,287,2.17,0.54
07:44:46,"[113.0, 67]","[112.0, 21]","[114.29, 14]","[146.55, 11]",113.64,113,1.29,0.56
07:44:47,"[113.0, 80]","[112.0, 33]","[186.35, 34]","[237.86, 35]",149.68,182,73.35,0.24
07:44:48,"[114.28, 25]","[112.37, 19]","[345.38, 37]","[521.09, 43]",229.83,124,231.1,-0.29
07:44:49,"[115.0, 24]","[113.0, 16]","[263.43, 42]","[614.13, 53]",189.21,135,148.43,-0.41
07:44:50,"[113.23, 26]","[112.41, 34]","[214.0, 44]","[453.45, 55]",163.62,159,100.77,-0.25
07:44:51,"[112.46, 13]","[111.21, 14]","[214.0, 48]","[458.26, 54]",163.23,129,101.54,-0.58
07:44:52,"[113.2, 20]","[112.0, 9]","[214.0, 36]","[255.0, 45]",163.6,110,100.8,-0.47
07:44:53,"[115.0, 12]","[112.33, 6]","[189.56, 27]","[236.78, 27]",152.28,72,74.56,-0.5
07:44:54,"[115.33, 18]","[113.17, 12]","[203.52, 42]","[379.39, 38]",159.43,110,88.19,-0.45
07:44:55,"[116.0, 16]","[114.33, 12]","[330.39, 36]","[477.33, 30]",223.19,94,214.39,-0.4
07:44:56,"[116.78, 37]","[115.53, 19]","[472.1, 42]","[635.32, 38]",294.44,136,355.31,-0.18
07:44:57,"[116.89, 38]","[115.73, 22]","[237.92, 59]","[385.94, 54]",177.4,173,121.02,-0.31
07:44:58,"[116.73, 15]","[115.73, 15]","[143.0, 32]","[208.0, 40]",129.87,102,26.27,-0.41
07:44:59,"[113.0, 91]","[112.0, 11]","[204.47, 38]","[273.15, 52]",158.74,192,91.47,0.06
07:45:00,"[116.75, 36]","[112.99, 82]","[210.16, 25]","[262.72, 29]",163.45,172,93.41,0.37
07:45:01,"[118.0, 30]","[113.0, 90]","[197.9, 20]","[223.12, 25]",157.95,165,79.9,0.45
07:45:02,"[118.0, 36]","[113.0, 77]","[189.28, 46]","[195.0, 20]",153.64,179,71.28,0.26
07:45:03,"[118.0, 24]","[113.0, 25]","[215.32, 22]","[232.64, 39]",166.66,110,97.32,-0.11
07:45:04,"[120.14, 28]","[114.32, 19]","[198.14, 37]","[230.13, 15]",159.14,99,77.99,-0.05
07:45:05,"[119.75, 16]","[116.18, 11]","[172.24, 34]","[198.6, 15]",145.99,76,52.49,-0.29
07:45:06,"[114.67, 12]","[112.67, 12]","[153.67, 18]","[163.27, 30]",134.17,72,39.0,-0.33
07:45:07,"[113.0, 28]","[112.0, 14]","[148.83, 41]","[149.56, 41]",130.91,124,35.83,-0.32
07:45:08,"[113.0, 22]","[112.0, 11]","[143.35, 26]","[144.12, 41]",128.17,100,30.35,-0.34
07:45:09,"[113.0, 24]","[112.0, 12]","[138.85, 33]","[142.53, 51]",125.92,120,25.85,-0.4
07:45:10,"[113.0, 28]","[112.0, 14]","[124.47, 59]","[128.93, 57]",118.74,158,11.47,-0.47
07:45:11,"[111.12, 224]","[110.6, 43]","[119.45, 44]","[120.77, 74]",115.29,385,8.33,0.39
07:45:12,"[111.0, 146]","[110.0, 30]","[118.79, 24]","[209.68, 44]",114.9,244,7.79,0.44
07:45:13,"[111.06, 95]","[110.27, 37]","[120.0, 30]","[400.97, 31]",115.53,193,8.94,0.37
07:45:14,"[112.08, 71]","[110.8, 88]","[119.62, 39]","[246.23, 44]",115.85,242,7.53,0.31
07:45:15,"[111.69, 74]","[110.58, 72]","[118.8, 45]","[119.8, 45]",115.24,236,7.11,0.24
07:45:16,"[114.46, 39]","[110.8, 60]","[117.36, 33]","[156.75, 32]",115.91,164,2.9,0.21
07:45:17,"[111.11, 47]","[110.18, 51]","[116.67, 36]","[363.0, 48]",113.89,182,5.56,0.08
07:45:18,"[111.0, 48]","[109.28, 29]","[116.0, 24]","[363.0, 32]",113.5,133,5.0,0.16
07:45:19,"[111.0, 39]","[108.5, 36]","[116.0, 36]","[334.71, 42]",113.5,153,5.0,-0.02
07:45:20,"[111.0, 15]","[108.0, 15]","[116.0, 15]","[340.0, 20]",113.5,65,5.0,-0.08
07:45:21,"[112.5, 16]","[111.0, 24]","[293.46, 24]","[481.0, 20]",202.98,84,180.96,-0.05
07:45:22,"[113.15, 26]","[111.11, 36]","[273.1, 42]","[588.33, 27]",193.12,131,159.94,-0.05
07:45:23,"[114.25, 16]","[113.0, 8]","[230.25, 32]","[630.3, 33]",172.25,89,116.0,-0.46
07:45:24,"[115.89, 18]","[113.0, 9]","[273.0, 36]","[604.0, 45]",194.44,108,157.11,-0.5
07:45:25,"[116.0, 16]","[113.8, 10]","[216.0, 32]","[520.97, 37]",166.0,95,100.0,-0.45
07:45:26,"[116.0, 16]","[115.0, 16]","[421.38, 32]","[572.42, 38]",268.69,102,305.38,-0.37
07:45:27,"[115.67, 18]","[114.33, 18]","[520.98, 41]","[614.0, 40]",318.32,117,405.31,-0.38
07:45:28,"[116.0, 38]","[115.0, 22]","[524.87, 46]","[586.16, 49]",320.43,155,408.87,-0.23
07:45:29,"[115.88, 24]","[114.4, 20]","[120.4, 40]","[346.0, 46]",118.14,130,4.53,-0.32
07:45:30,"[111.14, 57]","[108.6, 15]","[117.46, 52]","[150.08, 52]",114.3,176,6.32,-0.18
07:45:31,"[111.0, 45]","[107.0, 9]","[116.0, 24]","[117.0, 36]",113.5,114,5.0,-0.05
07:45:32,"[111.0, 35]","[107.0, 7]","[114.6, 20]","[116.45, 22]",112.8,84,3.6,0.0
07:45:33,"[111.0, 32]","[107.0, 8]","[112.33, 30]","[113.33, 24]",111.67,94,1.33,-0.15
07:45:34,"[115.65, 26]","[110.0, 10]","[270.88, 25]","[410.16, 38]",193.27,99,155.23,-0.27
07:45:35,"[117.0, 65]","[115.0, 13]","[271.16, 45]","[371.52, 29]",194.08,152,154.16,0.03
07:45:36,"[117.0, 34]","[115.0, 10]","[168.0, 28]","[252.79, 24]",142.5,96,51.0,-0.08
07:45:37,"[113.93, 30]","[112.67, 24]","[211.81, 54]","[235.16, 43]",162.87,151,97.88,-0.28
07:45:38,"[120.12, 17]","[113.45, 22]","[238.94, 18]","[237.03, 29]",179.53,86,118.83,-0.09
07:45:39,"[120.57, 49]","[114.0, 35]","[222.62, 34]","[224.0, 45]",171.59,163,102.05,0.03
07:45:40,"[118.0, 14]","[115.79, 56]","[204.82, 17]","[221.95, 66]",161.41,153,86.82,-0.08
07:45:41,"[116.03, 74]","[113.16, 76]","[151.94, 51]","[154.95, 75]",133.98,276,35.91,0.09
07:45:42,"[118.31, 52]","[114.09, 44]","[147.47, 47]","[148.84, 19]",132.89,162,29.16,0.19
07:45:43,"[121.0, 78]","[116.0, 56]","[144.31, 65]","[148.0, 13]",132.65,212,23.31,0.26
07:45:44,"[117.88, 64]","[114.75, 77]","[144.16, 38]","[228.59, 44]",131.02,223,26.28,0.26
07:45:45,"[116.0, 50]","[113.35, 34]","[142.64, 14]","[144.5, 16]",129.32,114,26.64,0.47
07:45:46,"[116.0, 60]","[115.0, 24]","[139.6, 20]","[141.5, 16]",127.8,120,23.6,0.4
07:45:47,"[115.94, 34]","[114.76, 21]","[125.0, 24]","[131.44, 27]",120.47,106,9.06,0.04
07:45:48,"[113.71, 49]","[113.12, 32]","[117.75, 32]","[129.64, 44]",115.73,157,4.04,0.03
07:45:49,"[112.9, 31]","[111.7, 10]","[138.0, 30]","[531.1, 40]",125.45,111,25.1,-0.26
07:45:50,"[95.42, 19]","[67.31, 13]","[168.0, 21]","[470.86, 28]",131.71,81,72.58,-0.21
07:45:51,"[76.16, 89]","[44.46, 52]","[120.07, 14]","[323.9, 41]",98.11,196,43.91,0.44
07:45:52,"[72.64, 44]","[50.29, 28]","[520.43, 21]","[592.67, 24]",296.53,117,447.79,0.23
07:45:53,"[83.88, 50]","[57.58, 84]","[221.0, 54]","[378.56, 59]",152.44,247,137.12,0.09
07:45:54,"[107.0, 30]","[79.55, 44]","[111.0, 32]","[219.0, 30]",109.0,136,4.0,0.09
07:45:55,"[107.0, 12]","[93.0, 42]","[110.92, 13]","[189.5, 24]",108.96,91,3.92,0.19
07:45:56,"[107.0, 10]","[78.76, 33]","[138.0, 16]","[269.29, 17]",122.5,76,31.0,0.13
07:45:57,"[109.23, 31]","[94.78, 45]","[278.25, 40]","[471.64, 44]",193.74,160,169.02,-0.05
07:45:58,"[112.86, 69]","[107.29, 17]","[290.92, 26]","[431.4, 35]",201.89,147,178.07,0.17
07:45:59,"[113.0, 80]","[107.0, 20]","[193.5, 22]","[214.11, 28]",153.25,150,80.5,0.33
07:46:00,"[115.76, 29]","[108.5, 16]","[159.82, 22]","[294.57, 28]",137.79,95,44.06,-0.05
07:46:01,"[118.0, 24]","[113.0, 6]","[201.5, 6]","[356.17, 24]",159.75,60,83.5,0.0
07:46:02,"[114.33, 12]","[101.64, 25]","[177.31, 26]","[272.08, 26]",145.82,89,62.97,-0.17
07:46:03,"[115.79, 19]","[115.0, 45]","[173.67, 48]","[194.33, 15]",144.73,127,57.88,0.01
07:46:04,"[112.0, 14]","[107.0, 14]","[166.17, 12]","[169.15, 20]",139.08,60,54.17,-0.07
07:46:05,"[110.0, 10]","[84.6, 20]","[164.0, 5]","[165.0, 10]",137.0,45,54.0,0.33
07:46:06,"[111.17, 36]","[90.61, 41]","[160.15, 39]","[162.0, 34]",135.66,150,48.99,0.03
07:46:07,"[112.24, 50]","[107.43, 35]","[148.43, 44]","[153.17, 41]",130.34,170,36.19,0.0
07:46:08,"[118.0, 32]","[112.0, 48]","[127.74, 27]","[136.87, 31]",122.87,138,9.74,0.16
07:46:09,"[118.0, 24]","[112.32, 44]","[123.28, 29]","[125.5, 16]",120.64,113,5.28,0.2
07:46:10,"[112.6, 53]","[110.89, 38]","[118.04, 27]","[119.9, 40]",115.32,158,5.43,0.15
07:46:11,"[112.0, 21]","[109.0, 14]","[114.4, 20]","[115.73, 22]",113.2,77,2.4,-0.09
07:46:12,"[112.08, 26]","[109.82, 22]","[115.0, 20]","[118.0, 10]",113.54,78,2.92,0.23
07:46:13,"[113.24, 33]","[112.48, 46]","[115.12, 25]","[162.2, 15]",114.18,119,1.88,0.33
07:46:14,"[113.0, 78]","[112.0, 39]","[117.46, 13]","[236.08, 39]",115.23,169,4.46,0.38
07:46:15,"[113.53, 38]","[112.62, 32]","[497.14, 28]","[527.59, 29]",305.33,127,383.62,0.1
07:46:16,"[113.7, 40]","[112.76, 37]","[281.0, 30]","[575.7, 30]",197.35,137,167.3,0.12
07:46:17,"[115.71, 51]","[111.29, 28]","[381.1, 31]","[417.5, 40]",248.4,150,265.39,0.05
07:46:18,"[112.0, 11]","[107.0, 11]","[124.46, 26]","[176.17, 29]",118.23,77,12.46,-0.43
07:46:19,"[98.75, 16]","[100.11, 9]","[123.22, 18]","[327.0, 27]",110.99,70,24.47,-0.29
07:46:20,"[63.33, 48]","[53.21, 19]","[118.77, 26]","[184.59, 29]",91.05,122,55.44,0.1
07:46:21,"[111.0, 16]","[66.96, 23]","[117.5, 18]","[119.54, 13]",114.25,70,6.5,0.11
07:46:22,"[111.0, 12]","[107.0, 24]","[115.64, 11]","[116.8, 10]",113.32,57,4.64,0.26
07:46:23,"[111.0, 20]","[92.3, 40]","[114.71, 17]","[116.0, 10]",112.85,87,3.71,0.38
07:46:24,"[111.0, 14]","[80.43, 28]","[113.71, 7]","[236.7, 23]",112.36,72,2.71,0.17
07:46:25,"[111.0, 12]","[91.57, 28]","[113.1, 10]","[239.63, 46]",112.05,96,2.1,-0.17
07:46:26,"[106.27, 11]","[97.86, 21]","[168.72, 18]","[203.5, 20]",137.5,70,62.45,-0.09
07:46:27,"[111.93, 29]","[106.24, 21]","[235.69, 35]","[328.48, 21]",173.81,106,123.75,-0.06
07:46:28,"[113.38, 16]","[111.82, 55]","[255.79, 14]","[284.45, 40]",184.58,125,142.41,0.14
07:46:29,"[112.71, 28]","[111.71, 49]","[182.94, 16]","[242.72, 36]",147.83,129,70.22,0.19
07:46:30,"[113.0, 38]","[112.0, 42]","[161.5, 34]","[164.68, 22]",137.25,136,48.5,0.18
07:46:31,"[113.0, 27]","[112.0, 27]","[159.73, 11]","[160.96, 25]",136.36,90,46.73,0.2
07:46:32,"[113.14, 42]","[112.14, 42]","[156.5, 14]","[159.0, 42]",134.82,140,43.36,0.2
07:46:33,"[112.53, 17]","[111.36, 25]","[154.65, 31]","[156.69, 13]",133.59,86,42.12,-0.02
07:46:34,"[111.88, 16]","[92.17, 24]","[146.38, 32]","[152.0, 18]",129.12,90,34.5,-0.11
07:46:35,"[46.28, 43]","[39.83, 46]","[108.67, 42]","[134.62, 48]",77.47,179,62.39,-0.01
07:46:36,"[92.18, 11]","[78.0, 20]","[108.0, 15]","[109.0, 15]",100.09,61,15.82,0.02
07:46:37,"[93.43, 28]","[77.57, 28]","[108.86, 21]","[109.86, 21]",101.14,98,15.43,0.14
07:46:38,"[102.5, 32]","[87.5, 32]","[109.0, 24]","[110.0, 24]",105.75,112,6.5,0.14
07:46:39,"[98.82, 44]","[74.3, 46]","[108.57, 23]","[109.55, 33]",103.69,146,9.75,0.23
07:46:40,"[83.07, 30]","[74.82, 44]","[103.1, 41]","[107.46, 13]",93.08,128,20.03,0.16
07:46:41,"[92.0, 16]","[42.23, 26]","[103.0, 10]","[107.0, 7]",97.5,59,11.0,0.42
07:46:42,"[105.84, 19]","[42.29, 14]","[120.38, 13]","[160.18, 11]",113.11,57,14.54,0.16
07:46:43,"[117.18, 49]","[103.0, 18]","[124.79, 19]","[246.87, 30]",120.99,116,7.61,0.16
07:46:44,"[118.0, 80]","[117.0, 60]","[123.6, 10]","[203.0, 50]",120.8,200,5.6,0.4
07:46:45,"[118.0, 82]","[117.0, 78]","[122.31, 13]","[222.94, 64]",120.15,237,4.31,0.35
07:46:46,"[118.0, 52]","[117.0, 54]","[119.75, 24]","[177.79, 29]",118.88,159,1.75,0.33
07:46:47,"[118.0, 55]","[117.0, 66]","[119.0, 44]","[190.0, 44]",118.5,209,1.0,0.16
07:46:48,"[118.0, 42]","[117.0, 60]","[164.08, 38]","[390.93, 29]",141.04,169,46.08,0.21
07:46:49,"[118.0, 7]","[117.0, 42]","[293.38, 26]","[444.79, 29]",205.69,104,175.38,-0.06
07:46:50,"[118.0, 7]","[117.0, 46]","[375.44, 27]","[536.88, 32]",246.72,112,257.44,-0.05
07:46:51,"[117.04, 25]","[116.21, 38]","[187.77, 26]","[352.39, 23]",152.4,112,70.73,0.12
07:46:52,"[117.0, 20]","[116.0, 30]","[412.5, 18]","[598.0, 30]",264.75,98,295.5,0.02
07:46:53,"[117.0, 16]","[116.0, 40]","[549.79, 24]","[583.75, 32]",333.4,112,432.79,0.0
07:46:54,"[119.81, 94]","[116.52, 31]","[372.36, 25]","[483.64, 39]",246.08,189,252.55,0.32
07:46:55,"[120.0, 165]","[117.0, 30]","[229.93, 28]","[329.38, 45]",174.96,268,109.93,0.46
07:46:56,"[120.0, 143]","[117.0, 26]","[146.87, 23]","[209.76, 34]",133.43,226,26.87,0.5
07:46:57,"[120.0, 54]","[117.0, 12]","[141.25, 12]","[142.75, 12]",130.62,90,21.25,0.47
07:46:58,"[120.0, 135]","[117.91, 43]","[140.07, 45]","[141.08, 39]",130.03,262,20.07,0.36
07:46:59,"[119.13, 71]","[117.52, 29]","[137.73, 22]","[139.3, 30]",128.43,152,18.6,0.32
07:47:00,"[118.0, 50]","[117.0, 20]","[134.4, 30]","[138.0, 10]",126.2,110,16.4,0.27
07:47:01,"[118.0, 45]","[116.44, 27]","[132.67, 27]","[138.0, 9]",125.33,108,14.67,0.33
07:47:02,"[118.0, 50]","[117.0, 20]","[131.7, 30]","[134.62, 16]",124.85,116,13.7,0.21
07:47:03,"[118.0, 39]","[117.0, 22]","[128.68, 19]","[130.09, 33]",123.34,113,10.68,0.08
07:47:04,"[118.0, 48]","[117.0, 32]","[125.38, 16]","[127.75, 28]",121.69,124,7.38,0.29
07:47:05,"[118.0, 60]","[117.0, 40]","[122.04, 26]","[122.43, 53]",120.02,179,4.04,0.12
07:47:06,"[116.79, 33]","[115.22, 111]","[119.2, 15]","[121.33, 30]",117.99,189,2.41,0.52
07:47:07,"[116.0, 19]","[115.0, 65]","[117.6, 10]","[119.71, 7]",116.8,101,1.6,0.66
07:47:08,"[115.36, 25]","[114.68, 38]","[117.0, 24]","[119.67, 6]",116.18,93,1.64,0.35
07:47:09,"[115.0, 79]","[113.0, 30]","[146.91, 33]","[415.4, 30]",130.95,172,31.91,0.27
07:47:10,"[115.8, 25]","[113.24, 17]","[239.0, 35]","[748.71, 21]",177.4,98,123.2,-0.14
07:47:11,"[117.0, 52]","[115.0, 11]","[229.91, 55]","[593.72, 39]",173.45,157,112.91,-0.2
07:47:12,"[117.0, 12]","[115.0, 6]","[406.07, 28]","[583.36, 28]",261.54,74,289.07,-0.51
07:47:13,"[114.1, 29]","[112.67, 18]","[318.63, 51]","[459.16, 43]",216.37,141,204.52,-0.33
07:47:14,"[113.52, 31]","[112.55, 22]","[130.0, 45]","[318.85, 39]",121.76,137,16.48,-0.23
07:47:15,"[117.05, 42]","[113.65, 31]","[168.95, 56]","[352.23, 65]",143.0,194,51.9,-0.25
07:47:16,"[118.0, 36]","[116.0, 18]","[276.43, 42]","[405.93, 41]",197.21,137,158.43,-0.21
07:47:17,"[118.0, 16]","[116.0, 8]","[203.0, 20]","[383.0, 20]",160.5,64,85.0,-0.25
07:47:18,"[118.0, 44]","[116.0, 16]","[276.39, 28]","[382.0, 20]",197.2,108,158.39,0.11
07:47:19,"[118.0, 63]","[116.0, 18]","[279.07, 42]","[317.4, 25]",198.54,148,161.07,0.09
07:47:20,"[118.0, 91]","[116.0, 26]","[314.46, 65]","[377.06, 49]",216.23,231,196.46,0.01
07:47:21,"[118.0, 77]","[116.0, 22]","[307.33, 52]","[346.45, 55]",212.66,206,189.33,-0.04
07:47:22,"[118.0, 77]","[116.0, 22]","[281.13, 47]","[311.57, 35]",199.56,181,163.13,0.09
07:47:23,"[117.23, 31]","[114.2, 65]","[182.0, 43]","[215.92, 38]",149.61,177,64.77,0.08
07:47:24,"[116.0, 16]","[115.0, 72]","[139.91, 35]","[219.73, 37]",127.96,160,23.91,0.1
07:47:25,"[116.0, 26]","[115.0, 117]","[137.85, 59]","[138.71, 62]",126.92,264,21.85,0.08
07:47:26,"[116.0, 11]","[115.0, 81]","[135.93, 42]","[137.38, 39]",125.96,173,19.93,0.06
07:47:27,"[116.0, 14]","[115.0, 126]","[133.12, 65]","[134.61, 61]",124.56,266,17.12,0.05
07:47:28,"[113.21, 159]","[112.86, 130]","[131.23, 73]","[132.68, 62]",122.22,424,18.02,0.36
07:47:29,"[120.0, 12]","[113.0, 204]","[129.36, 55]","[130.47, 53]",124.68,324,9.36,0.33
07:47:30,"[120.0, 16]","[114.66, 96]","[125.8, 65]","[126.75, 71]",122.9,248,5.8,-0.1
07:47:31,"[117.75, 48]","[115.85, 60]","[121.79, 61]","[122.61, 67]",119.77,236,4.04,-0.08
07:47:32,"[118.0, 19]","[116.0, 32]","[120.31, 29]","[121.5, 30]",119.16,110,2.31,-0.07
07:47:33,"[117.11, 36]","[115.73, 55]","[119.73, 60]","[121.0, 45]",118.42,196,2.62,-0.07
07:47:34,"[115.5, 36]","[113.3, 120]","[117.71, 35]","[144.61, 44]",116.61,235,2.21,0.33
07:47:35,"[113.0, 105]","[112.0, 32]","[114.44, 9]","[274.3, 27]",113.72,173,1.44,0.58
07:47:36,"[113.0, 46]","[112.0, 20]","[497.57, 21]","[567.6, 25]",305.29,112,384.57,0.18
07:47:37,"[113.0, 45]","[112.0, 20]","[640.0, 25]","[643.84, 19]",376.5,109,527.0,0.19
07:47:38,"[113.0, 63]","[112.0, 28]","[487.0, 12]","[656.82, 17]",300.0,120,374.0,0.52
07:47:39,"[113.0, 58]","[112.0, 28]","[219.17, 29]","[527.8, 20]",166.09,135,106.17,0.27
07:47:40,"[112.82, 34]","[111.61, 46]","[475.59, 17]","[682.35, 34]",294.21,131,362.76,0.22
07:47:41,"[112.62, 16]","[111.45, 33]","[261.0, 7]","[489.0, 14]",186.81,70,148.38,0.4
07:47:42,"[113.0, 5]","[112.0, 15]","[261.0, 5]","[487.4, 10]",187.0,35,148.0,0.14
07:47:43,"[113.0, 7]","[112.0, 21]","[506.48, 21]","[575.0, 23]",309.74,72,393.48,-0.22
07:47:44,"[116.48, 31]","[112.7, 30]","[415.33, 15]","[553.52, 27]",265.91,103,298.85,0.18
07:47:45,"[118.4, 43]","[116.5, 60]","[508.9, 20]","[626.35, 52]",313.65,175,390.5,0.18
07:47:46,"[120.0, 66]","[117.0, 33]","[440.51, 39]","[632.04, 27]",280.26,165,320.51,0.2
07:47:47,"[120.0, 60]","[117.0, 30]","[261.17, 30]","[403.03, 30]",190.58,150,141.17,0.2
07:47:48,"[120.0, 66]","[117.0, 33]","[134.27, 11]","[396.44, 43]",127.14,153,14.27,0.29
07:47:49,"[120.0, 46]","[117.0, 27]","[345.0, 45]","[567.43, 14]",232.5,132,225.0,0.11
07:47:50,"[120.0, 38]","[117.0, 30]","[342.7, 50]","[345.0, 50]",231.35,168,222.7,-0.19
07:47:51,"[120.0, 9]","[117.0, 27]","[337.44, 45]","[451.78, 45]",228.72,126,217.44,-0.43
07:47:52,"[120.0, 9]","[117.0, 27]","[310.97, 33]","[348.73, 33]",215.48,102,190.97,-0.29
07:47:53,"[116.0, 45]","[115.0, 54]","[247.67, 45]","[253.83, 29]",181.83,173,131.67,0.14
07:47:54,"[116.0, 15]","[115.0, 30]","[232.6, 25]","[236.0, 25]",174.3,95,116.6,-0.05
07:47:55,"[115.88, 34]","[114.79, 67]","[231.36, 55]","[300.3, 47]",173.62,203,115.48,-0.0
07:47:56,"[113.0, 35]","[112.0, 18]","[217.0, 10]","[240.96, 26]",165.0,89,104.0,0.19
07:47:57,"[113.0, 48]","[112.0, 24]","[206.25, 8]","[231.0, 40]",159.62,120,93.25,0.2
07:47:58,"[113.0, 44]","[112.0, 30]","[207.12, 24]","[226.15, 34]",160.06,132,94.12,0.12
07:47:59,"[113.0, 48]","[112.0, 36]","[146.0, 36]","[196.38, 24]",129.5,144,33.0,0.17
07:48:00,"[113.0, 40]","[112.0, 30]","[144.86, 36]","[155.5, 40]",128.93,146,31.86,-0.04
07:48:01,"[113.0, 52]","[111.98, 59]","[140.6, 48]","[142.9, 58]",126.8,217,27.6,0.02
07:48:02,"[113.0, 36]","[112.0, 45]","[135.57, 21]","[137.11, 45]",124.29,147,22.57,0.1
07:48:03,"[113.0, 46]","[112.0, 80]","[130.64, 53]","[132.56, 50]",121.82,229,17.64,0.1
07:48:04,"[118.0, 64]","[113.0, 8]","[126.38, 40]","[127.19, 31]",122.19,143,8.38,0.01
07:48:05,"[118.0, 88]","[113.0, 11]","[124.53, 49]","[125.84, 45]",121.27,193,6.53,0.03
07:48:06,"[116.64, 33]","[112.06, 48]","[121.12, 42]","[121.9, 50]",118.88,173,4.48,-0.06
07:48:07,"[112.31, 36]","[111.92, 60]","[115.52, 62]","[116.9, 52]",113.91,210,3.21,-0.09
07:48:08,"[111.77, 57]","[94.19, 27]","[112.78, 55]","[113.95, 55]",112.28,194,1.01,-0.13
07:48:09,"[94.4, 50]","[25.85, 130]","[110.68, 57]","[113.31, 42]",102.54,279,16.28,0.29
07:48:10,"[63.85, 65]","[25.58, 60]","[105.3, 23]","[108.76, 21]",84.58,169,41.46,0.48
07:48:11,"[66.67, 27]","[45.53, 38]","[103.89, 9]","[109.14, 14]",85.28,88,37.22,0.48
07:48:12,"[76.29, 35]","[62.8, 35]","[103.0, 6]","[104.0, 12]",89.64,88,26.71,0.59
07:48:13,"[89.67, 60]","[77.09, 55]","[103.4, 10]","[106.0, 18]",96.53,143,13.73,0.61
07:48:14,"[90.18, 44]","[72.73, 44]","[109.29, 17]","[285.69, 36]",99.74,141,19.11,0.25
07:48:15,"[85.57, 72]","[81.6, 40]","[109.12, 34]","[186.33, 30]",97.34,176,23.55,0.27
07:48:16,"[88.0, 45]","[87.0, 5]","[108.47, 19]","[109.5, 12]",98.24,81,20.47,0.23
07:48:17,"[88.34, 59]","[88.76, 51]","[108.0, 55]","[109.0, 33]",98.17,198,19.66,0.11
07:48:18,"[93.82, 66]","[92.5, 24]","[108.0, 40]","[109.0, 24]",100.91,154,14.18,0.17
07:48:19,"[93.46, 78]","[92.06, 17]","[106.85, 39]","[108.55, 33]",100.15,167,13.38,0.14
07:48:20,"[95.76, 29]","[93.21, 52]","[102.38, 26]","[106.57, 42]",99.07,149,6.63,0.09
07:48:21,"[99.24, 29]","[97.61, 23]","[103.82, 33]","[106.79, 62]",101.53,147,4.58,-0.29
07:48:22,"[100.86, 7]","[99.82, 11]","[103.75, 12]","[104.4, 15]",102.3,45,2.89,-0.2
07:48:23,"[102.08, 13]","[100.0, 26]","[104.73, 22]","[107.8, 59]",103.4,120,2.65,-0.35
07:48:24,"[104.85, 20]","[103.52, 21]","[108.36, 14]","[109.46, 24]",106.6,79,3.51,0.04
07:48:25,"[108.24, 29]","[95.19, 21]","[136.14, 14]","[506.1, 41]",122.19,105,27.9,-0.05
07:48:26,"[114.23, 35]","[110.84, 31]","[292.9, 10]","[294.0, 10]",203.56,86,178.67,0.53
07:48:27,"[111.43, 28]","[106.52, 21]","[256.55, 51]","[281.0, 15]",183.99,115,145.12,-0.15
07:48:28,"[111.0, 14]","[110.0, 7]","[170.13, 15]","[199.41, 27]",140.57,63,59.13,-0.33
07:48:29,"[112.0, 14]","[111.0, 28]","[125.09, 23]","[169.49, 51]",118.54,116,13.09,-0.28
07:48:30,"[113.05, 19]","[111.25, 51]","[122.18, 39]","[123.78, 36]",117.62,145,9.13,-0.03
07:48:31,"[114.0, 24]","[113.0, 7]","[121.0, 25]","[122.0, 10]",117.5,66,7.0,-0.06
07:48:32,"[113.0, 8]","[112.0, 24]","[119.8, 20]","[120.2, 20]",116.4,72,6.8,-0.11
07:48:33,"[113.0, 45]","[112.0, 27]","[118.17, 24]","[119.76, 21]",115.58,117,5.17,0.23
07:48:34,"[113.09, 11]","[112.12, 41]","[116.71, 35]","[117.2, 20]",114.9,107,3.62,-0.03
07:48:35,"[73.95, 76]","[40.0, 43]","[113.87, 23]","[115.12, 32]",93.91,174,39.92,0.37
07:48:36,"[75.0, 128]","[58.0, 50]","[109.87, 15]","[111.68, 19]",92.43,212,34.87,0.68
07:48:37,"[108.0, 20]","[75.0, 40]","[146.12, 8]","[249.4, 5]",127.06,73,38.12,0.64
07:48:38,"[117.96, 69]","[112.5, 12]","[193.76, 21]","[307.46, 13]",155.86,115,75.81,0.41
07:48:39,"[118.0, 34]","[117.0, 4]","[277.0, 12]","[512.0, 4]",197.5,54,159.0,0.41
07:48:40,"[118.0, 28]","[117.0, 4]","[268.3, 10]","[394.5, 6]",193.15,48,150.3,0.33
07:48:41,"[118.0, 49]","[117.0, 7]","[190.0, 7]","[277.0, 21]",154.0,84,72.0,0.33
07:48:42,"[118.0, 14]","[117.0, 7]","[155.56, 9]","[343.94, 17]",136.78,47,37.56,-0.11
07:48:43,"[118.0, 12]","[114.71, 7]","[137.83, 12]","[242.5, 8]",127.92,39,19.83,-0.03
07:48:44,"[110.22, 18]","[68.24, 50]","[137.0, 20]","[322.0, 13]",123.61,101,26.78,0.35
07:48:45,"[116.76, 25]","[110.5, 8]","[136.57, 14]","[607.23, 13]",126.67,60,19.81,0.1
07:48:46,"[117.0, 15]","[109.0, 8]","[136.0, 8]","[313.0, 8]",126.5,39,19.0,0.18
07:48:47,"[117.0, 33]","[110.91, 22]","[135.64, 22]","[376.0, 11]",126.32,88,18.64,0.25
07:48:48,"[116.0, 30]","[101.0, 27]","[135.0, 22]","[504.27, 11]",125.5,90,19.0,0.27
07:48:49,"[109.0, 20]","[104.09, 45]","[135.0, 16]","[149.0, 16]",122.0,97,26.0,0.34
07:48:50,"[112.0, 9]","[111.0, 99]","[134.69, 26]","[142.0, 24]",123.35,158,22.69,0.37
07:48:51,"[112.7, 74]","[106.33, 51]","[206.92, 26]","[342.41, 34]",159.81,185,94.22,0.35
