Time,Bid1,Bid2,Ask1,Ask2,Mid-Price,Total_volume,Bid_ask_spread,Order_imbalance
07:30:00,"[0, 0]","[0, 0]","[800.0, 1]","[0, 0]",400.0,1,800.0,-1.0
07:30:01,"[0, 0]","[0, 0]","[798.5, 2]","[0, 0]",399.25,2,798.5,-1.0
07:30:02,"[0, 0]","[0, 0]","[323.0, 15]","[395.57, 7]",161.5,22,323.0,-1.0
07:30:03,"[248.0, 9]","[0, 0]","[323.0, 5]","[328.0, 5]",285.5,19,75.0,-0.05
07:30:04,"[248.0, 9]","[0, 0]","[323.0, 5]","[325.0, 5]",285.5,19,75.0,-0.05
07:30:06,"[249.0, 3]","[248.0, 27]","[323.0, 15]","[325.0, 15]",286.0,60,74.0,0.0
07:30:07,"[260.1, 10]","[258.9, 10]","[323.0, 10]","[325.0, 10]",291.55,40,62.9,0.0
07:30:08,"[277.03, 33]","[270.82, 28]","[323.0, 28]","[325.0, 42]",300.02,131,45.97,-0.07
07:30:09,"[293.63, 35]","[288.4, 30]","[323.0, 20]","[325.0, 40]",308.31,125,29.37,0.04
07:30:10,"[304.11, 44]","[301.87, 67]","[323.0, 45]","[325.0, 104]",313.56,260,18.89,-0.15
07:30:11,"[321.0, 10]","[304.0, 45]","[323.0, 10]","[325.0, 40]",322.0,105,2.0,0.05
07:30:12,"[304.99, 71]","[302.36, 89]","[323.0, 24]","[325.0, 96]",313.99,280,18.01,0.14
07:30:13,"[307.5, 48]","[305.0, 108]","[323.0, 24]","[325.0, 96]",315.25,276,15.5,0.13
07:30:14,"[310.0, 40]","[305.6, 90]","[323.0, 20]","[325.0, 80]",316.5,230,13.0,0.13
07:30:15,"[311.0, 40]","[305.6, 90]","[323.0, 20]","[325.0, 80]",317.0,230,12.0,0.13
07:30:16,"[314.16, 49]","[305.19, 72]","[323.0, 26]","[325.0, 104]",318.58,251,8.84,-0.04
07:30:17,"[318.31, 52]","[317.07, 43]","[323.0, 26]","[325.0, 104]",320.65,225,4.69,-0.16
07:30:18,"[320.21, 19]","[318.85, 71]","[323.0, 32]","[325.0, 128]",321.61,250,2.79,-0.28
07:30:19,"[323.6, 30]","[319.36, 42]","[324.91, 132]","[325.4, 40]",324.25,244,1.31,-0.41
07:30:20,"[323.21, 38]","[315.02, 61]","[325.01, 87]","[326.18, 22]",324.11,208,1.8,-0.05
07:30:21,"[308.59, 27]","[307.91, 97]","[329.26, 19]","[334.92, 25]",318.93,168,20.67,0.48
07:30:22,"[308.0, 121]","[307.0, 99]","[330.0, 33]","[331.0, 11]",319.0,264,22.0,0.67
07:30:23,"[308.0, 132]","[302.76, 118]","[328.25, 36]","[330.19, 26]",318.12,312,20.25,0.6
07:30:24,"[308.54, 188]","[307.75, 217]","[326.9, 63]","[327.97, 102]",317.72,570,18.36,0.42
07:30:25,"[314.06, 84]","[313.21, 116]","[326.0, 30]","[327.0, 45]",320.03,275,11.94,0.45
07:30:26,"[323.12, 134]","[317.26, 231]","[326.08, 37]","[327.09, 56]",324.6,458,2.96,0.59
07:30:27,"[326.58, 31]","[324.66, 79]","[328.41, 59]","[328.92, 49]",327.49,218,1.83,0.01
07:30:28,"[328.03, 33]","[327.39, 33]","[330.0, 37]","[331.0, 15]",329.02,118,1.97,0.12
07:30:29,"[329.65, 23]","[328.17, 29]","[330.62, 16]","[345.69, 48]",330.14,116,0.97,-0.1
07:30:30,"[329.77, 22]","[312.36, 77]","[346.94, 48]","[357.6, 50]",338.36,197,17.16,0.01
07:30:31,"[330.39, 46]","[329.59, 34]","[338.31, 117]","[358.84, 96]",334.35,293,7.92,-0.45
07:30:32,"[331.3, 37]","[330.0, 34]","[345.75, 80]","[358.24, 63]",338.52,214,14.45,-0.34
07:30:33,"[333.8, 20]","[331.95, 40]","[345.67, 82]","[353.81, 86]",339.74,228,11.87,-0.47
07:30:34,"[335.0, 21]","[333.0, 42]","[343.29, 63]","[351.65, 92]",339.14,218,8.29,-0.42
07:30:35,"[340.94, 200]","[335.74, 19]","[343.0, 48]","[350.0, 84]",341.97,351,2.06,0.25
07:30:36,"[341.0, 221]","[339.29, 17]","[342.18, 51]","[350.0, 62]",341.59,351,1.18,0.36
07:30:37,"[341.0, 154]","[340.0, 13]","[346.19, 42]","[352.44, 36]",343.6,245,5.19,0.36
07:30:38,"[341.0, 90]","[340.0, 9]","[352.0, 36]","[355.0, 36]",346.5,171,11.0,0.16
07:30:39,"[341.0, 70]","[340.0, 7]","[352.0, 28]","[355.0, 28]",346.5,133,11.0,0.16
07:30:40,"[341.0, 103]","[340.0, 12]","[352.0, 48]","[355.0, 48]",346.5,211,11.0,0.09
07:30:41,"[341.0, 36]","[340.0, 10]","[352.0, 40]","[355.1, 40]",346.5,126,11.0,-0.27
07:30:42,"[341.0, 36]","[340.0, 9]","[352.0, 36]","[354.78, 41]",346.5,122,11.0,-0.26
07:30:43,"[341.0, 32]","[338.61, 18]","[352.0, 32]","[354.0, 40]",346.5,122,11.0,-0.18
07:30:44,"[341.0, 48]","[339.0, 36]","[352.0, 48]","[354.0, 60]",346.5,192,11.0,-0.12
07:30:45,"[341.0, 40]","[339.0, 30]","[352.0, 40]","[354.0, 50]",346.5,160,11.0,-0.12
07:30:46,"[341.0, 36]","[339.0, 27]","[351.2, 41]","[352.85, 41]",346.1,145,10.2,-0.13
07:30:47,"[340.5, 48]","[338.48, 31]","[350.73, 67]","[352.01, 69]",345.62,215,10.23,-0.27
07:30:48,"[339.38, 48]","[336.5, 16]","[349.06, 47]","[350.19, 47]",344.22,158,9.69,-0.19
07:30:49,"[340.0, 169]","[339.0, 57]","[347.13, 61]","[349.54, 96]",343.57,383,7.13,0.18
07:30:50,"[340.0, 133]","[339.0, 57]","[343.7, 47]","[349.18, 83]",341.85,320,3.7,0.19
07:30:51,"[341.73, 51]","[339.96, 73]","[343.0, 22]","[344.0, 33]",342.36,179,1.27,0.39
07:30:52,"[342.0, 19]","[340.0, 77]","[343.72, 29]","[353.88, 68]",342.86,193,1.72,-0.01
07:30:53,"[340.13, 75]","[339.54, 65]","[352.52, 65]","[357.79, 85]",346.33,290,12.39,-0.03
07:30:54,"[340.0, 119]","[339.0, 51]","[350.65, 34]","[353.46, 37]",345.32,241,10.65,0.41
07:30:55,"[340.0, 86]","[339.0, 42]","[350.0, 34]","[353.62, 37]",345.0,199,10.0,0.29
07:30:56,"[340.0, 52]","[339.0, 39]","[350.0, 52]","[356.0, 45]",345.0,188,10.0,-0.03
07:30:57,"[340.0, 52]","[339.0, 39]","[349.56, 36]","[352.28, 43]",344.78,170,9.56,0.07
07:30:58,"[340.0, 80]","[339.0, 60]","[347.6, 40]","[350.09, 44]",343.8,224,7.6,0.25
07:30:59,"[340.0, 59]","[339.0, 45]","[346.33, 30]","[352.0, 30]",343.17,164,6.33,0.27
07:31:00,"[340.0, 39]","[338.57, 49]","[344.0, 30]","[346.33, 30]",342.0,148,4.0,0.19
07:31:01,"[339.46, 39]","[336.84, 97]","[342.0, 38]","[346.16, 38]",340.73,212,2.54,0.28
07:31:02,"[336.64, 61]","[334.64, 154]","[341.0, 18]","[350.0, 34]",338.82,267,4.36,0.61
07:31:03,"[336.0, 60]","[334.0, 210]","[338.64, 14]","[349.11, 27]",337.32,311,2.64,0.74
07:31:04,"[336.0, 34]","[334.0, 150]","[338.0, 10]","[339.0, 10]",337.0,204,2.0,0.8
07:31:05,"[336.0, 12]","[334.0, 180]","[337.17, 12]","[344.12, 17]",336.58,221,1.17,0.74
07:31:06,"[336.0, 9]","[334.0, 135]","[337.0, 9]","[348.0, 18]",336.5,171,1.0,0.68
07:31:07,"[334.0, 90]","[332.0, 24]","[348.0, 12]","[349.0, 18]",341.0,144,14.0,0.58
07:31:08,"[334.0, 135]","[332.0, 36]","[348.0, 18]","[349.0, 27]",341.0,216,14.0,0.58
07:31:09,"[334.0, 78]","[332.0, 52]","[348.0, 26]","[349.0, 39]",341.0,195,14.0,0.33
07:31:10,"[339.25, 24]","[332.82, 34]","[348.0, 24]","[349.0, 36]",343.62,118,8.75,-0.02
07:31:11,"[343.0, 16]","[334.0, 16]","[348.82, 22]","[351.5, 36]",345.91,90,5.82,-0.29
07:31:12,"[343.0, 26]","[333.9, 42]","[348.91, 35]","[351.42, 62]",345.96,165,5.91,-0.18
07:31:13,"[343.0, 30]","[335.0, 75]","[347.13, 15]","[349.0, 46]",345.07,166,4.13,0.27
07:31:14,"[343.0, 24]","[335.0, 60]","[344.93, 14]","[348.88, 34]",343.96,132,1.93,0.27
07:31:15,"[337.1, 61]","[334.35, 69]","[344.0, 51]","[345.0, 17]",340.55,198,6.9,0.31
07:31:16,"[335.0, 90]","[334.0, 45]","[342.55, 33]","[343.81, 27]",338.77,195,7.55,0.38
07:31:17,"[335.0, 112]","[334.0, 42]","[341.12, 24]","[341.96, 26]",338.06,204,6.12,0.51
07:31:18,"[335.0, 60]","[334.0, 36]","[337.75, 12]","[339.5, 12]",336.38,120,2.75,0.6
07:31:19,"[335.0, 76]","[334.0, 54]","[336.17, 18]","[341.63, 46]",335.58,194,1.17,0.34
07:31:20,"[334.38, 48]","[333.33, 45]","[340.0, 27]","[345.0, 45]",337.19,165,5.62,0.13
07:31:21,"[335.44, 149]","[334.7, 79]","[340.2, 49]","[343.82, 33]",337.82,310,4.76,0.47
07:31:22,"[337.0, 104]","[335.06, 96]","[338.58, 57]","[341.42, 19]",337.79,276,1.58,0.45
07:31:23,"[335.42, 111]","[334.84, 148]","[338.0, 42]","[349.0, 14]",336.71,315,2.58,0.64
07:31:24,"[335.49, 85]","[334.81, 124]","[344.61, 49]","[350.06, 65]",340.05,323,9.12,0.29
07:31:25,"[335.0, 264]","[333.0, 45]","[349.09, 23]","[350.22, 37]",342.04,369,14.09,0.67
07:31:26,"[335.0, 94]","[333.0, 21]","[348.0, 7]","[350.0, 21]",341.5,143,13.0,0.61
07:31:27,"[335.0, 120]","[333.0, 30]","[347.4, 10]","[350.0, 30]",341.2,190,12.4,0.58
07:31:28,"[335.0, 93]","[333.0, 24]","[345.88, 8]","[347.22, 9]",340.44,134,10.88,0.75
07:31:29,"[335.0, 126]","[333.0, 42]","[344.14, 14]","[345.14, 14]",339.57,196,9.14,0.71
07:31:30,"[335.0, 135]","[333.0, 45]","[342.0, 15]","[344.0, 15]",338.5,210,7.0,0.71
07:31:31,"[335.06, 164]","[333.29, 63]","[340.12, 43]","[342.08, 25]",337.59,295,5.06,0.54
07:31:32,"[335.03, 123]","[333.52, 69]","[337.92, 37]","[339.06, 35]",336.48,264,2.89,0.45
07:31:33,"[335.0, 52]","[333.0, 42]","[336.0, 14]","[339.6, 30]",335.5,138,1.0,0.36
07:31:34,"[335.0, 20]","[333.0, 30]","[336.0, 10]","[346.0, 10]",335.5,70,1.0,0.43
07:31:35,"[336.95, 37]","[331.89, 27]","[342.36, 11]","[347.68, 25]",339.65,100,5.42,0.28
07:31:36,"[340.0, 90]","[333.0, 30]","[346.0, 10]","[348.0, 30]",343.0,160,6.0,0.5
07:31:37,"[340.0, 99]","[333.0, 33]","[346.0, 11]","[348.0, 33]",343.0,176,6.0,0.5
07:31:38,"[340.0, 135]","[333.0, 45]","[346.0, 15]","[348.0, 45]",343.0,240,6.0,0.5
07:31:39,"[340.0, 90]","[335.5, 36]","[346.0, 10]","[348.0, 30]",343.0,166,6.0,0.52
07:31:40,"[341.1, 20]","[339.95, 104]","[345.6, 15]","[348.35, 23]",343.35,162,4.5,0.53
07:31:41,"[342.0, 17]","[340.0, 153]","[345.0, 49]","[349.48, 50]",343.5,269,3.0,0.26
07:31:42,"[342.0, 12]","[339.84, 96]","[344.12, 25]","[346.56, 16]",343.06,149,2.12,0.45
07:31:43,"[331.69, 32]","[327.96, 52]","[342.06, 48]","[344.68, 19]",336.88,151,10.38,0.11
07:31:44,"[337.45, 22]","[325.24, 66]","[341.1, 49]","[345.61, 18]",339.28,155,3.65,0.14
07:31:45,"[326.17, 29]","[325.25, 32]","[344.85, 20]","[347.52, 21]",335.51,102,18.68,0.2
07:31:46,"[328.93, 46]","[327.16, 19]","[342.23, 26]","[343.87, 23]",335.58,114,13.3,0.14
07:31:47,"[329.67, 15]","[328.83, 12]","[341.92, 24]","[343.0, 12]",335.79,63,12.25,-0.14
07:31:48,"[330.0, 9]","[329.0, 9]","[341.0, 32]","[343.0, 9]",335.5,59,11.0,-0.39
07:31:49,"[331.62, 13]","[325.08, 98]","[340.56, 36]","[342.25, 16]",336.09,163,8.94,0.36
07:31:50,"[332.98, 179]","[326.88, 41]","[340.0, 28]","[344.71, 14]",336.49,262,7.02,0.68
07:31:51,"[335.16, 100]","[332.97, 132]","[341.67, 18]","[345.67, 18]",338.41,268,6.51,0.73
07:31:52,"[334.32, 123]","[332.96, 134]","[345.0, 14]","[346.0, 28]",339.66,299,10.68,0.72
07:31:53,"[333.0, 128]","[332.0, 8]","[344.78, 9]","[345.93, 15]",338.89,160,11.78,0.7
07:31:54,"[333.0, 256]","[332.0, 16]","[342.17, 47]","[343.88, 24]",337.59,343,9.17,0.59
07:31:55,"[333.0, 172]","[332.0, 11]","[339.43, 28]","[340.47, 38]",336.21,249,6.43,0.47
07:31:56,"[333.0, 154]","[332.0, 11]","[338.73, 22]","[340.0, 44]",335.86,231,5.73,0.43
07:31:57,"[333.0, 152]","[332.0, 11]","[337.57, 28]","[339.68, 38]",335.29,229,4.57,0.42
07:31:58,"[333.8, 113]","[332.95, 109]","[336.23, 52]","[338.0, 26]",335.01,300,2.43,0.48
07:31:59,"[335.0, 78]","[333.0, 195]","[336.64, 33]","[340.31, 35]",335.82,341,1.64,0.6
07:32:00,"[335.0, 28]","[333.0, 182]","[343.27, 40]","[344.89, 38]",339.14,288,8.27,0.46
07:32:01,"[336.0, 30]","[333.38, 96]","[343.16, 57]","[344.2, 45]",339.58,228,7.16,0.11
07:32:02,"[338.0, 40]","[335.0, 40]","[342.15, 80]","[345.5, 78]",340.07,238,4.15,-0.33
07:32:03,"[334.41, 64]","[336.33, 18]","[345.4, 53]","[346.73, 37]",339.9,172,10.99,-0.05
07:32:04,"[333.0, 195]","[332.0, 15]","[342.86, 28]","[345.09, 54]",337.93,292,9.86,0.44
07:32:05,"[333.0, 132]","[332.0, 11]","[341.0, 44]","[346.0, 55]",337.0,242,8.0,0.18
07:32:06,"[333.0, 156]","[332.0, 13]","[339.31, 52]","[345.62, 65]",336.15,286,6.31,0.18
07:32:07,"[333.0, 102]","[332.0, 8]","[339.0, 32]","[345.0, 40]",336.0,182,6.0,0.21
07:32:08,"[333.0, 140]","[332.0, 10]","[339.0, 40]","[345.0, 50]",336.0,240,6.0,0.25
07:32:09,"[333.0, 196]","[330.75, 20]","[338.0, 56]","[342.38, 64]",335.5,336,5.0,0.29
07:32:10,"[333.0, 145]","[331.0, 98]","[338.62, 61]","[340.47, 62]",335.81,366,5.62,0.33
07:32:11,"[331.0, 23]","[323.0, 5]","[344.0, 25]","[345.0, 25]",337.5,78,13.0,-0.28
07:32:12,"[331.11, 27]","[328.33, 18]","[344.0, 45]","[345.82, 17]",337.56,107,12.89,-0.16
07:32:13,"[332.0, 9]","[331.0, 36]","[344.16, 37]","[347.67, 9]",338.08,91,12.16,-0.01
07:32:14,"[334.39, 46]","[331.19, 31]","[347.0, 10]","[350.0, 10]",340.7,97,12.61,0.59
07:32:15,"[335.0, 117]","[333.0, 9]","[344.43, 21]","[348.0, 9]",339.71,156,9.43,0.62
07:32:16,"[335.0, 130]","[333.0, 10]","[344.0, 30]","[347.0, 10]",339.5,180,9.0,0.56
07:32:17,"[335.0, 78]","[333.0, 6]","[344.0, 18]","[347.0, 6]",339.5,108,9.0,0.56
07:32:18,"[335.41, 58]","[334.81, 43]","[344.0, 21]","[347.0, 7]",339.71,129,8.59,0.57
07:32:19,"[339.0, 10]","[335.0, 78]","[344.0, 18]","[347.0, 6]",341.5,112,5.0,0.57
07:32:20,"[336.33, 18]","[334.97, 79]","[343.79, 19]","[345.36, 11]",340.06,127,7.46,0.53
07:32:21,"[335.62, 117]","[334.65, 51]","[342.33, 30]","[344.27, 45]",338.97,243,6.72,0.38
07:32:22,"[338.0, 60]","[335.0, 91]","[341.15, 26]","[342.86, 28]",339.58,205,3.15,0.47
07:32:23,"[338.0, 30]","[335.0, 105]","[340.69, 32]","[344.03, 35]",339.34,202,2.69,0.34
07:32:24,"[335.21, 43]","[334.35, 31]","[346.23, 52]","[347.52, 56]",340.72,182,11.02,-0.19
07:32:25,"[333.8, 30]","[331.62, 26]","[343.86, 56]","[345.0, 56]",338.83,168,10.06,-0.33
07:32:26,"[334.92, 39]","[333.0, 13]","[342.15, 52]","[344.54, 52]",338.54,156,7.23,-0.33
07:32:27,"[335.0, 48]","[333.0, 16]","[339.5, 64]","[342.0, 64]",337.25,192,4.5,-0.33
07:32:28,"[335.0, 39]","[333.0, 13]","[337.9, 40]","[340.77, 52]",336.45,144,2.9,-0.28
07:32:29,"[332.0, 36]","[330.75, 12]","[334.53, 30]","[336.53, 30]",333.27,108,2.53,-0.11
07:32:30,"[329.33, 18]","[323.58, 50]","[339.0, 23]","[341.3, 53]",334.17,144,9.67,-0.06
07:32:31,"[333.18, 17]","[323.2, 49]","[340.0, 13]","[342.0, 52]",336.59,131,6.82,0.01
07:32:32,"[325.55, 11]","[322.42, 57]","[338.77, 26]","[341.66, 29]",332.16,123,13.22,0.11
07:32:33,"[325.0, 11]","[323.0, 60]","[335.3, 23]","[337.04, 23]",330.15,117,10.3,0.21
07:32:34,"[322.14, 42]","[321.29, 34]","[331.79, 28]","[333.58, 12]",326.96,116,9.64,0.31
07:32:35,"[324.48, 29]","[321.95, 63]","[329.78, 27]","[333.19, 37]",327.13,156,5.3,0.18
07:32:36,"[325.0, 22]","[321.27, 37]","[328.73, 33]","[333.36, 44]",326.86,136,3.73,-0.13
07:32:37,"[336.95, 41]","[319.86, 36]","[341.48, 81]","[343.92, 59]",339.22,217,4.53,-0.29
07:32:38,"[322.33, 45]","[319.17, 29]","[342.0, 81]","[419.91, 33]",332.17,188,19.67,-0.21
07:32:39,"[331.41, 41]","[321.68, 40]","[342.0, 90]","[533.09, 23]",336.71,194,10.59,-0.16
07:32:40,"[329.21, 19]","[281.53, 19]","[342.0, 63]","[345.0, 21]",335.61,122,12.79,-0.38
07:32:41,"[325.0, 27]","[322.0, 9]","[340.63, 41]","[342.12, 75]",332.82,152,15.63,-0.53
07:32:42,"[324.81, 16]","[288.0, 10]","[338.5, 24]","[342.0, 24]",331.66,74,13.69,-0.3
07:32:43,"[324.1, 10]","[275.41, 22]","[337.6, 40]","[340.0, 40]",330.85,112,13.5,-0.43
07:32:44,"[325.0, 21]","[321.0, 8]","[335.25, 32]","[340.88, 32]",330.12,93,10.25,-0.38
07:32:45,"[325.0, 10]","[321.0, 5]","[334.2, 20]","[341.33, 18]",329.6,53,9.2,-0.43
07:32:46,"[325.88, 32]","[321.0, 13]","[332.08, 48]","[340.1, 58]",328.98,151,6.21,-0.4
07:32:47,"[326.0, 30]","[322.05, 22]","[328.5, 40]","[340.0, 77]",327.25,169,2.5,-0.38
07:32:48,"[321.65, 37]","[257.08, 39]","[326.73, 49]","[333.18, 61]",324.19,186,5.09,-0.18
07:32:49,"[320.0, 21]","[251.76, 21]","[324.0, 22]","[326.0, 36]",322.0,100,4.0,-0.16
07:32:50,"[319.84, 19]","[310.64, 22]","[325.45, 40]","[376.31, 29]",322.65,110,5.61,-0.25
07:32:51,"[319.0, 6]","[316.0, 12]","[334.25, 16]","[390.64, 11]",326.62,45,15.25,-0.2
07:32:52,"[322.0, 5]","[319.0, 5]","[323.0, 10]","[332.0, 12]",322.5,32,1.0,-0.38
07:32:53,"[322.0, 6]","[319.7, 10]","[323.0, 12]","[328.0, 12]",322.5,40,1.0,-0.2
07:32:54,"[320.5, 8]","[315.45, 11]","[323.0, 16]","[328.0, 16]",321.75,51,2.5,-0.25
07:32:55,"[318.0, 4]","[312.0, 8]","[323.0, 8]","[328.0, 8]",320.5,28,5.0,-0.14
07:32:56,"[318.0, 8]","[312.0, 16]","[328.0, 16]","[331.33, 18]",323.0,58,10.0,-0.17
07:32:57,"[326.0, 85]","[316.33, 9]","[328.0, 18]","[335.6, 30]",327.0,142,2.0,0.32
07:32:58,"[326.0, 60]","[315.0, 6]","[328.0, 12]","[335.0, 24]",327.0,102,2.0,0.29
07:32:59,"[326.71, 34]","[325.81, 57]","[328.0, 18]","[335.0, 36]",327.35,145,1.29,0.26
07:33:00,"[327.0, 36]","[325.68, 62]","[329.17, 18]","[335.29, 51]",328.08,167,2.17,0.17
07:33:01,"[332.65, 51]","[325.32, 38]","[334.18, 22]","[335.77, 26]",333.41,137,1.53,0.3
07:33:02,"[332.38, 32]","[322.94, 70]","[334.9, 30]","[336.14, 22]",333.64,154,2.52,0.32
07:33:03,"[323.0, 16]","[322.0, 32]","[336.62, 32]","[376.86, 14]",329.81,94,13.62,0.02
07:33:04,"[323.0, 14]","[322.0, 28]","[336.47, 30]","[350.5, 20]",329.73,92,13.47,-0.09
07:33:05,"[322.79, 38]","[321.72, 50]","[334.12, 68]","[335.24, 66]",328.45,222,11.33,-0.21
07:33:06,"[323.0, 88]","[322.0, 44]","[332.14, 28]","[333.79, 77]",327.57,237,9.14,0.11
07:33:07,"[323.0, 136]","[320.84, 63]","[330.33, 48]","[331.78, 45]",326.67,292,7.33,0.36
07:33:08,"[323.0, 64]","[321.0, 48]","[329.0, 32]","[331.0, 16]",326.0,160,6.0,0.4
07:33:09,"[323.0, 104]","[321.0, 78]","[327.28, 53]","[329.28, 25]",325.14,260,4.28,0.4
07:33:10,"[323.0, 96]","[321.0, 72]","[324.0, 48]","[326.0, 12]",323.5,228,1.0,0.47
07:33:11,"[323.0, 72]","[321.0, 54]","[324.0, 15]","[326.0, 9]",323.5,150,1.0,0.68
07:33:12,"[323.0, 56]","[321.0, 42]","[324.0, 7]","[326.0, 7]",323.5,112,1.0,0.75
07:33:13,"[323.0, 58]","[321.0, 48]","[324.0, 8]","[326.0, 8]",323.5,122,1.0,0.74
07:33:14,"[323.55, 66]","[322.11, 81]","[324.96, 25]","[326.47, 17]",324.25,189,1.41,0.56
07:33:15,"[324.0, 60]","[321.4, 75]","[325.0, 30]","[326.0, 15]",324.5,180,1.0,0.5
07:33:16,"[317.0, 60]","[316.0, 72]","[323.25, 12]","[326.31, 13]",320.12,157,6.25,0.68
07:33:17,"[318.7, 33]","[317.08, 49]","[323.0, 16]","[326.0, 16]",320.85,114,4.3,0.44
07:33:18,"[320.94, 17]","[318.13, 15]","[323.27, 11]","[326.33, 12]",322.11,55,2.33,0.16
07:33:19,"[321.09, 11]","[316.91, 11]","[327.27, 11]","[328.47, 15]",324.18,48,6.18,-0.08
07:33:20,"[322.0, 11]","[321.0, 11]","[328.91, 11]","[332.93, 61]",325.45,94,6.91,-0.53
07:33:21,"[322.77, 13]","[321.36, 11]","[325.28, 29]","[331.29, 21]",324.02,74,2.51,-0.35
07:33:22,"[324.2, 20]","[313.92, 24]","[326.67, 24]","[331.31, 26]",325.43,94,2.47,-0.06
07:33:23,"[325.92, 12]","[312.62, 48]","[329.0, 12]","[332.0, 24]",327.46,96,3.08,0.25
07:33:24,"[315.29, 34]","[312.1, 50]","[323.31, 26]","[332.25, 32]",319.3,142,8.01,0.18
07:33:25,"[315.23, 86]","[313.7, 57]","[322.0, 32]","[325.9, 51]",318.62,226,6.77,0.27
07:33:26,"[314.5, 72]","[311.88, 40]","[322.0, 24]","[327.0, 12]",318.25,148,7.5,0.51
07:33:27,"[314.0, 42]","[311.0, 7]","[322.0, 14]","[327.0, 7]",318.0,70,8.0,0.4
07:33:28,"[314.0, 66]","[310.36, 11]","[324.86, 14]","[329.74, 35]",319.43,126,10.86,0.22
07:33:29,"[313.87, 31]","[309.43, 7]","[328.8, 10]","[331.15, 26]",321.34,74,14.93,0.03
07:33:30,"[313.83, 24]","[309.84, 25]","[328.85, 60]","[330.9, 60]",321.34,169,15.02,-0.42
07:33:31,"[314.24, 17]","[311.05, 61]","[327.56, 48]","[330.12, 48]",320.9,174,13.33,-0.1
07:33:32,"[314.97, 71]","[312.35, 17]","[327.0, 73]","[329.0, 33]",320.99,194,12.03,-0.09
07:33:33,"[315.55, 60]","[314.37, 19]","[326.29, 63]","[327.86, 42]",320.92,184,10.74,-0.14
07:33:34,"[316.53, 75]","[313.27, 45]","[324.0, 75]","[327.0, 120]",320.27,315,7.47,-0.24
07:33:35,"[317.55, 55]","[312.0, 33]","[324.0, 55]","[327.0, 88]",320.77,231,6.45,-0.24
07:33:36,"[318.89, 54]","[314.46, 54]","[324.0, 106]","[325.47, 34]",321.44,248,5.11,-0.13
07:33:37,"[320.56, 62]","[313.21, 28]","[325.79, 103]","[328.23, 52]",323.18,245,5.22,-0.27
07:33:38,"[315.92, 39]","[314.68, 41]","[329.0, 90]","[330.0, 60]",322.46,230,13.08,-0.3
07:33:39,"[320.08, 39]","[319.15, 40]","[329.0, 90]","[330.0, 60]",324.54,229,8.92,-0.31
07:33:40,"[325.74, 31]","[324.54, 39]","[329.0, 60]","[330.0, 56]",327.37,186,3.26,-0.25
07:33:41,"[326.59, 34]","[319.29, 31]","[329.0, 23]","[330.0, 52]",327.79,140,2.41,-0.07
07:33:42,"[326.9, 31]","[322.55, 44]","[329.89, 71]","[331.76, 102]",328.4,248,2.98,-0.4
07:33:43,"[327.06, 34]","[316.7, 20]","[330.0, 13]","[334.0, 60]",328.53,127,2.94,-0.15
07:33:44,"[327.0, 45]","[312.4, 15]","[328.31, 71]","[331.05, 19]",327.65,150,1.31,-0.2
07:33:45,"[317.12, 17]","[311.14, 29]","[327.21, 33]","[330.0, 15]",322.16,94,10.09,-0.02
07:33:46,"[315.0, 9]","[311.0, 18]","[327.0, 18]","[331.54, 13]",321.0,58,12.0,-0.07
07:33:47,"[315.0, 13]","[311.0, 26]","[324.2, 59]","[329.19, 32]",319.6,130,9.2,-0.4
07:33:48,"[316.29, 56]","[313.48, 21]","[324.0, 85]","[327.0, 34]",320.14,196,7.71,-0.21
07:33:49,"[317.11, 36]","[311.24, 17]","[324.0, 41]","[327.0, 18]",320.56,112,6.89,-0.05
07:33:50,"[318.85, 52]","[311.0, 26]","[324.0, 52]","[327.0, 26]",321.42,156,5.15,0.0
07:33:51,"[319.33, 36]","[312.0, 18]","[324.0, 36]","[325.91, 22]",321.67,112,4.67,-0.04
07:33:52,"[320.72, 100]","[317.57, 46]","[324.0, 60]","[325.0, 45]",322.36,251,3.28,0.16
07:33:53,"[322.17, 162]","[320.0, 72]","[324.0, 72]","[325.0, 54]",323.08,360,1.83,0.3
07:33:54,"[321.19, 53]","[318.53, 15]","[324.88, 33]","[325.93, 15]",323.03,116,3.69,0.17
07:33:55,"[320.02, 49]","[316.87, 38]","[324.81, 32]","[325.88, 17]",322.42,136,4.79,0.28
07:33:56,"[323.46, 26]","[317.98, 43]","[324.8, 20]","[325.88, 16]",324.13,105,1.34,0.31
07:33:57,"[324.43, 63]","[312.3, 44]","[328.23, 26]","[330.0, 30]",326.33,163,3.8,0.31
07:33:58,"[326.47, 57]","[323.28, 47]","[330.0, 28]","[332.0, 28]",328.24,160,3.53,0.3
07:33:59,"[327.62, 104]","[315.54, 26]","[332.64, 50]","[333.91, 66]",330.13,246,5.02,0.06
07:34:00,"[328.72, 18]","[327.71, 82]","[333.0, 88]","[338.0, 33]",330.86,221,4.28,-0.1
07:34:01,"[328.02, 129]","[319.2, 40]","[332.52, 100]","[335.04, 81]",330.27,350,4.5,-0.03
07:34:02,"[328.58, 113]","[324.58, 62]","[332.1, 62]","[334.08, 83]",330.34,320,3.51,0.09
07:34:03,"[331.18, 77]","[329.64, 66]","[335.54, 39]","[336.85, 39]",333.36,221,4.36,0.29
07:34:04,"[334.21, 42]","[333.21, 57]","[336.0, 40]","[337.0, 36]",335.11,175,1.79,0.13
07:34:05,"[334.92, 63]","[332.24, 75]","[336.92, 39]","[392.53, 51]",335.92,228,2.0,0.21
07:34:06,"[335.0, 30]","[334.0, 24]","[337.0, 18]","[403.4, 15]",336.0,87,2.0,0.24
07:34:07,"[335.0, 25]","[334.0, 20]","[337.0, 15]","[431.17, 12]",336.0,72,2.0,0.25
07:34:08,"[336.0, 65]","[332.73, 66]","[337.0, 28]","[529.53, 19]",336.5,178,1.0,0.47
07:34:09,"[336.88, 96]","[331.87, 76]","[420.84, 31]","[568.56, 41]",378.86,244,83.96,0.41
07:34:10,"[340.0, 140]","[332.0, 60]","[465.89, 19]","[621.07, 30]",402.95,249,125.89,0.61
07:34:11,"[340.0, 126]","[332.0, 54]","[369.45, 42]","[418.0, 10]",354.73,232,29.45,0.55
07:34:12,"[340.0, 137]","[332.0, 78]","[368.0, 65]","[402.46, 13]",354.0,293,28.0,0.47
07:34:13,"[340.0, 48]","[332.0, 66]","[366.38, 47]","[397.74, 19]",353.19,180,26.38,0.27
07:34:14,"[332.8, 40]","[323.33, 18]","[359.82, 17]","[365.56, 27]",346.31,102,27.02,0.14
07:34:15,"[332.11, 54]","[325.88, 34]","[362.6, 47]","[363.42, 19]",347.35,154,30.48,0.14
07:34:16,"[333.0, 30]","[332.0, 90]","[340.35, 55]","[355.86, 63]",336.67,238,7.35,0.01
07:34:17,"[332.23, 44]","[331.36, 50]","[334.92, 49]","[335.57, 47]",333.57,190,2.69,-0.01
07:34:18,"[331.88, 41]","[325.74, 31]","[429.39, 18]","[430.88, 49]",380.63,139,97.51,0.04
07:34:19,"[330.0, 17]","[322.0, 102]","[505.02, 51]","[562.78, 49]",417.51,219,175.02,0.09
07:34:20,"[322.0, 24]","[320.0, 12]","[332.0, 12]","[334.67, 24]",327.0,72,10.0,0.0
07:34:21,"[322.0, 52]","[320.0, 26]","[325.74, 54]","[334.06, 36]",323.87,168,3.74,-0.07
07:34:22,"[322.0, 28]","[320.0, 14]","[324.0, 49]","[329.15, 26]",323.0,117,2.0,-0.28
07:34:23,"[320.0, 22]","[204.17, 29]","[324.0, 77]","[328.11, 36]",322.0,164,4.0,-0.38
07:34:24,"[321.56, 27]","[265.4, 15]","[324.0, 37]","[325.0, 12]",322.78,91,2.44,-0.08
07:34:25,"[322.0, 56]","[309.65, 51]","[324.0, 48]","[325.0, 16]",323.0,171,2.0,0.25
07:34:26,"[322.56, 96]","[321.75, 48]","[324.0, 96]","[325.0, 24]",323.28,264,1.44,0.09
07:34:27,"[322.43, 74]","[321.47, 34]","[324.8, 20]","[326.33, 12]",323.62,140,2.37,0.54
07:34:28,"[325.11, 94]","[321.85, 100]","[328.67, 48]","[334.72, 58]",326.89,300,3.56,0.29
07:34:29,"[326.8, 40]","[313.0, 10]","[332.79, 19]","[335.3, 40]",329.79,109,5.99,-0.08
07:34:30,"[330.0, 50]","[328.0, 40]","[335.0, 40]","[336.0, 40]",332.5,170,5.0,0.06
07:34:31,"[330.09, 44]","[328.27, 37]","[334.28, 29]","[335.17, 48]",332.18,158,4.18,0.03
07:34:32,"[331.7, 40]","[330.0, 40]","[334.0, 24]","[335.0, 36]",332.85,140,2.3,0.14
07:34:33,"[329.05, 41]","[328.4, 43]","[334.0, 30]","[335.0, 48]",331.52,162,4.95,0.04
07:34:34,"[323.0, 65]","[317.0, 13]","[333.31, 13]","[334.64, 25]",328.15,116,10.31,0.34
07:34:35,"[323.0, 50]","[317.0, 10]","[333.0, 10]","[334.39, 33]",328.0,103,10.0,0.17
07:34:36,"[323.41, 59]","[320.83, 47]","[331.53, 15]","[335.07, 15]",327.47,136,8.13,0.56
07:34:37,"[325.42, 36]","[319.14, 66]","[330.08, 12]","[336.0, 12]",327.75,126,4.67,0.62
07:34:38,"[327.25, 36]","[318.0, 60]","[330.0, 12]","[335.08, 39]",328.62,147,2.75,0.31
07:34:39,"[325.44, 50]","[319.41, 68]","[332.94, 17]","[336.69, 58]",329.19,193,7.5,0.22
07:34:40,"[318.54, 48]","[313.61, 67]","[336.45, 22]","[338.6, 15]",327.5,152,17.91,0.51
07:34:41,"[319.0, 11]","[318.0, 16]","[333.18, 55]","[339.48, 29]",326.09,111,14.18,-0.51
07:34:42,"[328.49, 43]","[319.18, 17]","[333.07, 67]","[338.23, 39]",330.78,166,4.59,-0.28
07:34:43,"[334.11, 44]","[332.9, 71]","[338.0, 40]","[339.0, 8]",336.06,163,3.89,0.41
07:34:44,"[335.0, 10]","[333.0, 20]","[337.1, 50]","[338.13, 46]",336.05,126,2.1,-0.52
07:34:45,"[335.0, 4]","[333.0, 8]","[337.0, 20]","[339.38, 8]",336.0,40,2.0,-0.4
07:34:46,"[335.0, 4]","[333.0, 8]","[337.0, 20]","[340.0, 4]",336.0,36,2.0,-0.33
07:34:47,"[335.0, 5]","[333.0, 10]","[337.0, 25]","[340.0, 5]",336.0,45,2.0,-0.33
07:34:48,"[331.4, 25]","[325.24, 29]","[336.9, 50]","[340.0, 10]",334.15,114,5.5,-0.05
07:34:49,"[330.0, 60]","[318.0, 50]","[335.57, 44]","[337.12, 24]",332.78,178,5.57,0.24
07:34:50,"[330.0, 54]","[318.0, 45]","[332.89, 27]","[334.0, 45]",331.44,171,2.89,0.16
07:34:51,"[328.12, 64]","[317.93, 54]","[331.42, 36]","[334.31, 52]",329.77,206,3.29,0.15
07:34:52,"[318.0, 65]","[317.0, 26]","[330.15, 39]","[341.17, 29]",324.08,159,12.15,0.14
07:34:53,"[318.0, 80]","[317.0, 32]","[329.0, 16]","[330.0, 48]",323.5,176,11.0,0.27
07:34:54,"[319.96, 151]","[317.93, 91]","[327.35, 20]","[330.0, 60]",323.66,322,7.39,0.5
07:34:55,"[322.75, 112]","[319.83, 92]","[328.65, 17]","[330.59, 27]",325.7,248,5.9,0.65
07:34:56,"[325.09, 44]","[323.0, 88]","[329.0, 11]","[330.0, 11]",327.05,154,3.91,0.71
07:34:57,"[326.57, 84]","[320.0, 50]","[329.03, 31]","[331.56, 16]",327.8,181,2.46,0.48
07:34:58,"[314.27, 30]","[312.0, 75]","[388.53, 15]","[436.73, 15]",351.4,135,74.27,0.56
07:34:59,"[316.2, 85]","[314.51, 55]","[328.41, 29]","[467.26, 27]",322.31,196,12.21,0.43
07:35:00,"[317.78, 76]","[318.2, 46]","[338.17, 54]","[346.12, 16]",327.97,192,20.39,0.27
07:35:01,"[327.32, 31]","[324.69, 36]","[373.47, 57]","[380.12, 52]",350.4,176,46.15,-0.24
07:35:02,"[335.17, 41]","[332.83, 81]","[371.06, 54]","[373.0, 72]",353.11,248,35.88,-0.02
07:35:03,"[337.06, 31]","[333.91, 74]","[369.3, 57]","[371.97, 69]",353.18,231,32.23,-0.09
07:35:04,"[338.0, 26]","[337.0, 13]","[362.53, 43]","[365.62, 24]",350.27,106,24.53,-0.26
07:35:05,"[338.08, 24]","[337.17, 23]","[360.65, 43]","[361.2, 40]",349.37,130,22.57,-0.28
07:35:06,"[338.0, 20]","[336.7, 20]","[359.0, 30]","[361.0, 40]",348.5,110,21.0,-0.27
07:35:07,"[337.71, 21]","[335.75, 24]","[349.38, 34]","[354.62, 26]",343.55,105,11.67,-0.14
07:35:08,"[334.08, 125]","[333.38, 56]","[335.55, 69]","[337.31, 52]",334.82,302,1.47,0.2
07:35:09,"[334.0, 40]","[331.0, 12]","[336.78, 37]","[344.92, 25]",335.39,114,2.78,-0.09
07:35:10,"[334.0, 74]","[331.0, 13]","[336.77, 39]","[346.0, 26]",335.38,152,2.77,0.14
07:35:11,"[334.0, 39]","[331.0, 8]","[336.0, 24]","[346.0, 16]",335.0,87,2.0,0.08
07:35:12,"[334.0, 24]","[331.0, 8]","[337.68, 22]","[360.0, 16]",335.84,70,3.68,-0.09
07:35:13,"[337.23, 31]","[331.92, 13]","[346.0, 26]","[373.46, 26]",341.61,96,8.77,-0.08
07:35:14,"[339.0, 34]","[334.0, 8]","[348.0, 16]","[349.0, 16]",343.5,74,9.0,0.14
07:35:15,"[339.0, 12]","[334.0, 6]","[348.0, 12]","[431.17, 12]",343.5,42,9.0,-0.14
07:35:16,"[339.0, 14]","[334.0, 7]","[348.0, 14]","[502.92, 26]",343.5,61,9.0,-0.31
07:35:17,"[335.77, 26]","[300.06, 33]","[348.0, 30]","[546.12, 34]",341.88,123,12.23,-0.04
07:35:18,"[339.0, 24]","[333.0, 6]","[348.0, 12]","[436.0, 20]",343.5,62,9.0,-0.03
07:35:19,"[339.0, 20]","[333.0, 5]","[348.0, 10]","[350.0, 5]",343.5,40,9.0,0.25
07:35:20,"[339.0, 44]","[333.0, 11]","[346.15, 26]","[349.53, 17]",342.58,98,7.15,0.12
07:35:21,"[339.08, 25]","[335.4, 10]","[346.0, 9]","[379.33, 18]",342.54,62,6.92,0.13
07:35:22,"[341.0, 14]","[339.0, 56]","[343.1, 50]","[346.63, 19]",342.05,139,2.1,0.01
07:35:23,"[341.0, 11]","[339.0, 44]","[343.0, 55]","[346.18, 11]",342.0,121,2.0,-0.09
07:35:24,"[341.0, 16]","[339.0, 64]","[342.81, 80]","[347.25, 16]",341.91,176,1.81,-0.09
07:35:25,"[339.35, 34]","[334.53, 94]","[342.0, 65]","[351.0, 13]",340.68,206,2.65,0.24
07:35:26,"[339.0, 60]","[333.0, 150]","[342.0, 75]","[351.0, 15]",340.5,300,3.0,0.4
07:35:27,"[339.0, 54]","[333.0, 120]","[341.5, 60]","[351.17, 12]",340.25,246,2.5,0.41
07:35:28,"[336.5, 48]","[332.94, 128]","[340.55, 62]","[352.25, 16]",338.52,254,4.05,0.39
07:35:29,"[333.0, 63]","[332.0, 44]","[352.0, 11]","[353.0, 22]",342.5,140,19.0,0.53
07:35:30,"[336.67, 30]","[332.89, 72]","[352.08, 26]","[353.08, 25]",344.37,153,15.41,0.33
07:35:31,"[338.0, 18]","[333.0, 72]","[349.56, 27]","[353.0, 18]",343.78,135,11.56,0.33
07:35:32,"[338.0, 18]","[333.0, 72]","[348.22, 27]","[353.0, 18]",343.11,135,10.22,0.33
07:35:33,"[334.06, 62]","[332.76, 84]","[347.08, 39]","[353.0, 26]",340.57,211,13.01,0.38
07:35:34,"[336.2, 64]","[332.87, 92]","[346.87, 45]","[353.0, 30]",341.53,231,10.66,0.35
07:35:35,"[340.0, 11]","[333.0, 44]","[345.73, 33]","[353.72, 25]",342.86,113,5.73,-0.03
07:35:36,"[337.67, 12]","[332.7, 46]","[343.4, 30]","[353.6, 20]",340.53,108,5.73,0.07
07:35:37,"[333.0, 24]","[332.0, 84]","[342.83, 36]","[350.69, 26]",337.92,170,9.83,0.27
07:35:38,"[333.0, 16]","[332.0, 56]","[341.88, 24]","[343.0, 24]",337.44,120,8.88,0.2
07:35:39,"[333.0, 26]","[332.0, 91]","[340.03, 37]","[341.62, 39]",336.51,193,7.03,0.21
07:35:40,"[333.0, 14]","[332.0, 49]","[337.44, 9]","[338.63, 19]",335.22,91,4.44,0.38
07:35:41,"[333.07, 30]","[332.04, 102]","[334.57, 46]","[336.17, 18]",333.82,196,1.5,0.35
07:35:42,"[332.0, 77]","[331.0, 11]","[335.18, 11]","[347.59, 29]",333.59,128,3.18,0.38
07:35:43,"[334.88, 43]","[331.83, 42]","[345.43, 35]","[346.57, 35]",340.16,155,10.54,0.1
07:35:44,"[339.0, 60]","[337.58, 12]","[344.5, 24]","[347.75, 36]",341.75,132,5.5,0.09
07:35:45,"[339.0, 64]","[338.0, 13]","[341.62, 26]","[349.0, 39]",340.31,142,2.62,0.08
07:35:46,"[339.0, 24]","[338.0, 12]","[350.0, 34]","[351.89, 56]",344.5,126,11.0,-0.43
07:35:47,"[338.71, 17]","[332.86, 42]","[349.0, 26]","[350.82, 33]",343.85,118,10.29,0.0
07:35:48,"[338.0, 8]","[332.0, 64]","[348.0, 16]","[349.56, 27]",343.0,115,10.0,0.25
07:35:49,"[338.0, 13]","[332.0, 104]","[345.5, 32]","[348.55, 33]",341.75,182,7.5,0.29
07:35:50,"[338.0, 14]","[332.0, 112]","[342.69, 51]","[343.84, 37]",340.34,214,4.69,0.18
07:35:51,"[332.6, 40]","[331.7, 46]","[338.32, 53]","[339.18, 49]",335.46,188,5.72,-0.09
07:35:52,"[329.22, 109]","[325.25, 73]","[332.11, 74]","[335.38, 39]",330.66,295,2.89,0.23
07:35:53,"[329.0, 62]","[322.0, 52]","[340.91, 22]","[343.31, 52]",334.95,188,11.91,0.21
07:35:54,"[329.4, 10]","[327.04, 23]","[347.43, 28]","[350.88, 34]",338.41,95,18.03,-0.31
07:35:55,"[330.31, 13]","[328.44, 27]","[332.0, 45]","[349.21, 57]",331.15,142,1.69,-0.44
07:35:56,"[328.73, 30]","[324.87, 113]","[344.82, 65]","[349.39, 72]",336.77,280,16.08,0.02
07:35:57,"[327.0, 24]","[325.0, 96]","[348.78, 72]","[349.53, 60]",337.89,252,21.78,-0.05
07:35:58,"[327.0, 16]","[325.0, 64]","[348.0, 67]","[349.0, 21]",337.5,168,21.0,-0.05
07:35:59,"[327.0, 20]","[325.0, 80]","[343.75, 60]","[346.21, 39]",335.38,199,16.75,0.01
07:36:00,"[327.0, 12]","[325.0, 48]","[331.0, 13]","[344.0, 30]",329.0,103,4.0,0.17
07:36:01,"[327.0, 26]","[325.0, 104]","[339.86, 44]","[344.81, 59]",333.43,233,12.86,0.12
07:36:02,"[333.94, 36]","[331.08, 52]","[344.0, 70]","[346.0, 56]",338.97,214,10.06,-0.18
07:36:03,"[340.0, 28]","[334.0, 56]","[344.0, 70]","[346.0, 56]",342.0,210,4.0,-0.2
07:36:04,"[340.0, 17]","[334.0, 24]","[344.0, 30]","[346.0, 24]",342.0,95,4.0,-0.14
07:36:05,"[340.0, 36]","[334.0, 78]","[344.0, 60]","[346.27, 44]",342.0,218,4.0,0.05
07:36:06,"[340.0, 30]","[334.0, 100]","[344.0, 66]","[347.86, 28]",342.0,224,4.0,0.16
07:36:07,"[335.64, 66]","[333.36, 56]","[344.0, 60]","[347.0, 48]",339.82,230,8.36,0.06
07:36:08,"[334.0, 64]","[330.0, 16]","[344.0, 40]","[347.0, 32]",339.0,152,10.0,0.05
07:36:09,"[334.0, 46]","[330.0, 14]","[344.0, 35]","[347.0, 28]",339.0,123,10.0,-0.02
07:36:10,"[334.0, 30]","[330.0, 12]","[344.0, 30]","[347.0, 24]",339.0,96,10.0,-0.12
07:36:11,"[334.45, 31]","[332.32, 76]","[343.56, 45]","[345.64, 66]",339.0,218,9.1,-0.02
07:36:12,"[341.0, 13]","[334.46, 13]","[342.54, 26]","[347.31, 52]",341.77,104,1.54,-0.5
07:36:13,"[341.0, 13]","[338.0, 13]","[342.0, 26]","[348.29, 56]",341.5,108,1.0,-0.52
07:36:14,"[338.75, 12]","[335.75, 12]","[341.26, 38]","[345.21, 39]",340.01,101,2.51,-0.52
07:36:15,"[333.0, 238]","[330.0, 17]","[338.26, 46]","[339.18, 56]",335.63,357,5.26,0.43
07:36:16,"[333.0, 128]","[330.0, 10]","[334.4, 20]","[336.18, 34]",333.7,192,1.4,0.44
07:36:17,"[333.0, 84]","[330.75, 20]","[334.0, 20]","[344.27, 44]",333.5,168,1.0,0.24
07:36:18,"[333.0, 74]","[331.0, 33]","[342.95, 43]","[347.33, 48]",337.98,198,9.95,0.08
07:36:19,"[333.0, 48]","[331.0, 24]","[344.68, 37]","[347.29, 35]",338.84,144,11.68,0.0
07:36:20,"[333.0, 44]","[331.0, 27]","[343.22, 36]","[345.0, 45]",338.11,152,10.22,-0.07
07:36:21,"[333.0, 40]","[331.0, 30]","[342.3, 40]","[345.5, 50]",337.65,160,9.3,-0.12
07:36:22,"[333.0, 44]","[331.0, 33]","[341.43, 37]","[343.67, 48]",337.22,162,8.43,-0.05
07:36:23,"[332.87, 47]","[330.97, 34]","[339.42, 36]","[342.0, 48]",336.14,165,6.54,-0.02
07:36:24,"[331.0, 36]","[330.0, 12]","[339.0, 36]","[342.0, 48]",335.0,132,8.0,-0.27
07:36:25,"[331.67, 108]","[330.6, 30]","[338.06, 65]","[340.05, 61]",334.86,264,6.39,0.05
07:36:26,"[333.11, 125]","[332.37, 105]","[335.91, 43]","[344.41, 51]",334.51,324,2.79,0.42
07:36:27,"[333.0, 153]","[331.0, 57]","[334.33, 75]","[338.0, 51]",333.67,336,1.33,0.25
07:36:28,"[333.0, 45]","[331.0, 42]","[343.86, 29]","[345.87, 15]",338.43,131,10.86,0.33
07:36:29,"[334.92, 52]","[333.0, 39]","[345.0, 26]","[346.0, 13]",339.96,130,10.08,0.4
07:36:30,"[334.37, 35]","[331.62, 39]","[345.0, 26]","[346.0, 13]",339.69,113,10.63,0.31
07:36:31,"[333.0, 22]","[331.0, 33]","[344.05, 40]","[345.29, 17]",338.52,112,11.05,-0.02
07:36:32,"[330.13, 46]","[323.96, 25]","[342.86, 42]","[344.29, 21]",336.49,134,12.73,0.06
07:36:33,"[330.0, 40]","[323.0, 20]","[341.2, 30]","[345.67, 24]",335.6,114,11.2,0.05
07:36:34,"[330.0, 32]","[323.0, 16]","[341.0, 24]","[346.0, 16]",335.5,88,11.0,0.09
07:36:35,"[330.0, 39]","[323.0, 26]","[340.08, 39]","[346.85, 26]",335.04,130,10.08,0.0
07:36:36,"[325.1, 20]","[322.12, 32]","[340.0, 27]","[347.0, 18]",332.55,97,14.9,0.07
07:36:37,"[323.0, 24]","[322.0, 48]","[338.25, 36]","[347.0, 24]",330.62,132,15.25,0.09
07:36:38,"[323.0, 31]","[322.0, 52]","[337.39, 38]","[346.23, 26]",330.2,147,14.39,0.13
07:36:39,"[324.0, 75]","[323.0, 30]","[337.0, 30]","[343.4, 30]",330.5,165,13.0,0.27
07:36:40,"[324.79, 56]","[323.3, 27]","[336.08, 24]","[342.0, 24]",330.43,131,11.3,0.27
07:36:41,"[332.15, 53]","[330.91, 67]","[335.6, 30]","[339.53, 30]",333.88,180,3.45,0.33
07:36:42,"[333.12, 34]","[332.02, 82]","[336.11, 36]","[341.89, 36]",334.61,188,2.99,0.23
07:36:43,"[340.28, 78]","[333.92, 24]","[345.0, 28]","[349.0, 28]",342.64,158,4.72,0.29
07:36:44,"[341.0, 63]","[335.0, 18]","[344.17, 36]","[347.82, 22]",342.58,139,3.17,0.17
07:36:45,"[341.0, 30]","[335.0, 20]","[344.0, 50]","[348.0, 20]",342.5,120,3.0,-0.17
07:36:46,"[338.04, 54]","[330.86, 35]","[341.98, 63]","[343.45, 66]",340.01,218,3.95,-0.18
07:36:47,"[339.0, 67]","[335.23, 26]","[342.51, 81]","[347.17, 46]",340.75,220,3.51,-0.15
07:36:48,"[339.0, 24]","[338.0, 8]","[342.25, 40]","[351.0, 16]",340.62,88,3.25,-0.27
07:36:49,"[339.0, 36]","[338.0, 12]","[341.25, 60]","[351.0, 24]",340.12,132,2.25,-0.27
07:36:50,"[337.73, 22]","[329.68, 53]","[345.05, 40]","[351.23, 26]",341.39,141,7.32,0.06
07:36:51,"[332.0, 11]","[325.0, 77]","[348.0, 22]","[351.3, 20]",340.0,130,16.0,0.35
07:36:52,"[332.0, 9]","[325.0, 63]","[344.95, 22]","[346.38, 21]",338.48,115,12.95,0.25
07:36:53,"[332.0, 14]","[325.0, 98]","[341.54, 35]","[342.8, 35]",336.77,182,9.54,0.23
07:36:54,"[325.22, 177]","[323.75, 106]","[339.4, 35]","[341.5, 40]",332.31,358,14.18,0.58
07:36:55,"[328.32, 38]","[323.8, 40]","[337.48, 33]","[340.25, 32]",332.9,143,9.17,0.09
07:36:56,"[336.08, 13]","[327.43, 23]","[346.3, 10]","[351.0, 40]",341.19,86,10.22,-0.16
07:36:57,"[341.0, 8]","[335.4, 10]","[347.0, 28]","[412.35, 37]",344.0,83,6.0,-0.57
07:36:58,"[335.86, 14]","[331.73, 33]","[347.0, 40]","[408.0, 24]",341.43,111,11.14,-0.15
07:36:59,"[333.0, 8]","[331.0, 28]","[347.0, 20]","[408.0, 12]",340.0,68,14.0,0.06
07:37:00,"[333.0, 22]","[331.0, 77]","[347.0, 55]","[408.0, 33]",340.0,187,14.0,0.06
07:37:01,"[333.0, 26]","[331.0, 56]","[347.0, 40]","[408.0, 24]",340.0,146,14.0,0.12
07:37:02,"[333.0, 63]","[331.0, 63]","[345.95, 38]","[355.93, 41]",339.47,205,12.95,0.23
07:37:03,"[331.73, 77]","[330.64, 98]","[341.38, 64]","[345.13, 75]",336.55,314,9.65,0.11
07:37:04,"[331.0, 41]","[329.37, 38]","[340.75, 32]","[352.24, 17]",335.88,128,9.75,0.23
07:37:05,"[331.0, 18]","[327.0, 36]","[345.0, 36]","[359.67, 18]",338.0,108,14.0,0.0
07:37:06,"[332.78, 54]","[330.14, 42]","[345.0, 48]","[349.0, 48]",338.89,192,12.22,0.0
07:37:07,"[333.02, 107]","[331.38, 37]","[345.0, 64]","[349.0, 64]",339.01,272,11.98,0.06
07:37:08,"[333.52, 58]","[332.77, 71]","[345.0, 52]","[349.0, 52]",339.26,233,11.48,0.11
07:37:09,"[339.81, 114]","[335.33, 36]","[344.93, 43]","[348.08, 52]",342.37,245,5.12,0.22
07:37:10,"[340.0, 130]","[337.08, 26]","[342.38, 13]","[350.54, 52]",341.19,221,2.38,0.41
07:37:11,"[340.0, 63]","[338.0, 18]","[341.64, 11]","[348.53, 30]",340.82,122,1.64,0.33
07:37:12,"[340.0, 33]","[338.0, 22]","[341.18, 11]","[351.45, 44]",340.59,110,1.18,0.0
07:37:13,"[340.0, 21]","[338.0, 16]","[348.76, 17]","[355.75, 32]",344.38,86,8.76,-0.14
07:37:14,"[340.0, 26]","[338.0, 26]","[352.0, 52]","[361.76, 51]",346.0,155,12.0,-0.33
07:37:15,"[339.75, 24]","[336.79, 29]","[352.0, 48]","[362.0, 48]",345.88,149,12.25,-0.29
07:37:16,"[337.0, 22]","[333.0, 77]","[351.93, 43]","[361.09, 44]",344.47,186,14.93,0.06
07:37:17,"[337.73, 22]","[333.3, 53]","[349.78, 27]","[351.83, 35]",343.75,137,12.05,0.09
07:37:18,"[338.64, 44]","[335.46, 37]","[349.15, 39]","[352.15, 52]",343.9,172,10.52,-0.06
07:37:19,"[337.0, 14]","[334.0, 45]","[348.67, 27]","[353.0, 36]",342.83,122,11.67,-0.03
07:37:20,"[337.0, 8]","[334.0, 40]","[346.95, 20]","[350.15, 26]",341.98,94,9.95,0.02
07:37:21,"[337.0, 18]","[334.0, 90]","[342.0, 39]","[343.3, 53]",339.5,200,5.0,0.08
07:37:22,"[333.83, 35]","[333.13, 70]","[338.15, 26]","[340.0, 39]",335.99,170,4.33,0.24
07:37:23,"[333.23, 52]","[332.51, 49]","[336.2, 30]","[338.59, 34]",334.72,165,2.97,0.22
07:37:24,"[333.0, 25]","[331.31, 51]","[345.06, 35]","[348.96, 50]",339.03,161,12.06,-0.06
07:37:25,"[333.0, 14]","[332.0, 28]","[345.96, 25]","[350.35, 31]",339.48,98,12.96,-0.14
07:37:26,"[336.39, 31]","[332.24, 42]","[343.69, 13]","[346.0, 52]",340.04,138,7.31,0.06
07:37:27,"[335.86, 28]","[331.71, 42]","[342.08, 12]","[349.25, 48]",338.97,130,6.23,0.08
07:37:28,"[332.0, 24]","[330.0, 60]","[341.33, 12]","[352.0, 48]",336.67,144,9.33,0.17
07:37:29,"[332.0, 28]","[330.0, 70]","[337.54, 26]","[350.79, 47]",334.77,171,5.54,0.15
07:37:30,"[332.0, 18]","[330.0, 53]","[335.0, 45]","[341.0, 9]",333.5,125,3.0,0.14
07:37:31,"[332.0, 26]","[330.0, 91]","[334.0, 13]","[338.29, 48]",333.0,178,2.0,0.31
07:37:32,"[332.0, 18]","[330.0, 70]","[340.75, 16]","[347.52, 42]",336.38,146,8.75,0.21
07:37:33,"[337.59, 59]","[330.28, 36]","[349.78, 36]","[350.88, 64]",343.69,195,12.18,-0.03
07:37:34,"[338.0, 144]","[332.0, 14]","[349.0, 56]","[351.69, 61]",343.5,275,11.0,0.15
07:37:35,"[338.0, 70]","[332.0, 7]","[348.18, 22]","[349.14, 28]",343.09,127,10.18,0.21
07:37:36,"[338.0, 80]","[332.0, 8]","[346.5, 24]","[349.12, 32]",342.25,144,8.5,0.22
07:37:37,"[338.0, 110]","[332.0, 11]","[345.55, 33]","[350.0, 44]",341.77,198,7.55,0.22
07:37:38,"[338.0, 80]","[332.0, 8]","[344.62, 24]","[351.0, 32]",341.31,144,6.62,0.22
07:37:39,"[338.0, 100]","[332.0, 21]","[343.64, 42]","[348.94, 51]",340.82,214,5.64,0.13
07:37:40,"[338.0, 63]","[333.79, 78]","[343.0, 42]","[344.0, 42]",340.5,225,5.0,0.25
07:37:41,"[338.0, 28]","[334.0, 49]","[342.43, 21]","[344.0, 21]",340.21,119,4.43,0.29
07:37:42,"[338.0, 149]","[334.0, 126]","[342.0, 54]","[344.0, 54]",340.0,383,4.0,0.44
07:37:43,"[338.0, 66]","[334.0, 42]","[340.95, 22]","[343.0, 18]",339.48,148,2.95,0.46
07:37:44,"[338.0, 106]","[334.0, 98]","[339.22, 46]","[341.81, 63]",338.61,313,1.22,0.3
07:37:45,"[336.25, 32]","[333.83, 46]","[342.08, 26]","[349.59, 34]",339.16,138,5.83,0.13
07:37:46,"[334.0, 63]","[332.0, 18]","[343.29, 41]","[350.0, 38]",338.65,160,9.29,0.01
07:37:47,"[334.0, 51]","[332.0, 18]","[344.56, 45]","[349.74, 38]",339.28,152,10.56,-0.09
07:37:48,"[334.0, 40]","[332.0, 20]","[348.38, 26]","[349.35, 46]",341.19,132,14.38,-0.09
07:37:49,"[334.0, 48]","[332.0, 24]","[347.08, 24]","[350.84, 75]",340.54,171,13.08,-0.16
07:37:50,"[334.0, 44]","[332.0, 22]","[346.0, 22]","[350.66, 53]",340.0,141,12.0,-0.06
07:37:51,"[334.0, 44]","[332.0, 46]","[346.0, 22]","[350.0, 33]",340.0,145,12.0,0.24
07:37:52,"[333.25, 28]","[331.45, 58]","[346.0, 18]","[350.0, 27]",339.62,131,12.75,0.31
07:37:53,"[330.3, 61]","[328.69, 52]","[345.67, 24]","[349.79, 38]",337.98,175,15.37,0.29
07:37:54,"[331.88, 166]","[329.89, 73]","[343.2, 30]","[345.5, 32]",337.54,301,11.32,0.59
07:37:55,"[332.46, 208]","[331.68, 76]","[341.56, 32]","[343.69, 32]",337.01,348,9.1,0.63
07:37:56,"[338.0, 60]","[332.0, 304]","[339.68, 38]","[345.87, 63]",338.84,465,1.68,0.57
07:37:57,"[332.46, 104]","[331.62, 84]","[339.67, 30]","[348.36, 56]",336.06,274,7.21,0.37
07:37:58,"[332.0, 144]","[331.0, 48]","[339.08, 24]","[349.0, 48]",335.54,264,7.08,0.45
07:37:59,"[332.27, 134]","[331.35, 68]","[341.62, 50]","[344.03, 37]",336.94,289,9.35,0.4
07:38:00,"[339.33, 42]","[333.2, 70]","[346.0, 70]","[347.0, 42]",342.67,224,6.67,0.0
07:38:01,"[340.0, 48]","[338.0, 24]","[346.0, 60]","[347.0, 44]",343.0,176,6.0,-0.18
07:38:02,"[340.0, 52]","[338.0, 26]","[345.89, 56]","[346.82, 85]",342.95,219,5.89,-0.29
07:38:03,"[340.0, 59]","[338.0, 32]","[343.38, 32]","[348.2, 84]",341.69,207,3.38,-0.12
07:38:04,"[340.0, 32]","[338.0, 28]","[342.0, 28]","[353.37, 78]",341.0,166,2.0,-0.28
07:38:05,"[340.0, 5]","[338.0, 10]","[342.0, 10]","[354.55, 22]",341.0,47,2.0,-0.36
07:38:06,"[340.0, 10]","[337.18, 17]","[342.0, 20]","[355.0, 40]",341.0,87,2.0,-0.38
07:38:07,"[340.0, 15]","[338.0, 15]","[341.6, 30]","[354.39, 57]",340.8,117,1.6,-0.49
07:38:08,"[335.56, 36]","[333.54, 56]","[340.38, 32]","[349.02, 47]",337.97,171,4.82,0.08
07:38:09,"[333.79, 75]","[331.99, 153]","[335.88, 42]","[337.05, 55]",334.83,325,2.09,0.4
07:38:10,"[332.0, 64]","[330.0, 8]","[334.5, 16]","[337.0, 40]",333.25,128,2.5,0.12
07:38:11,"[332.0, 80]","[330.0, 10]","[333.7, 20]","[337.0, 50]",332.85,160,1.7,0.12
07:38:12,"[332.0, 80]","[330.0, 11]","[340.47, 30]","[343.91, 44]",336.23,165,8.47,0.1
07:38:13,"[332.0, 48]","[330.0, 8]","[347.0, 32]","[352.0, 24]",339.5,112,15.0,0.0
07:38:14,"[332.0, 60]","[330.0, 10]","[347.0, 40]","[352.0, 30]",339.5,140,15.0,0.0
07:38:15,"[332.0, 66]","[330.0, 11]","[347.0, 44]","[352.0, 33]",339.5,154,15.0,0.0
07:38:16,"[332.44, 54]","[330.67, 18]","[347.0, 48]","[352.0, 36]",339.72,156,14.56,-0.08
07:38:17,"[333.0, 98]","[332.0, 28]","[347.0, 56]","[352.0, 42]",340.0,224,14.0,0.12
07:38:18,"[333.58, 84]","[332.0, 24]","[347.0, 48]","[352.0, 36]",340.29,192,13.42,0.12
07:38:19,"[334.93, 105]","[332.0, 30]","[347.0, 60]","[352.0, 45]",340.97,240,12.07,0.12
07:38:20,"[336.06, 50]","[333.48, 56]","[349.42, 62]","[352.29, 34]",342.74,202,13.36,0.05
07:38:21,"[330.04, 102]","[328.1, 123]","[349.15, 46]","[380.5, 34]",339.6,305,19.11,0.48
07:38:22,"[330.38, 73]","[329.78, 137]","[347.0, 42]","[348.0, 14]",338.69,266,16.62,0.58
07:38:23,"[332.36, 53]","[329.66, 176]","[347.0, 39]","[348.0, 13]",339.68,281,14.64,0.63
07:38:24,"[329.61, 102]","[328.57, 94]","[347.0, 30]","[348.0, 10]",338.3,236,17.39,0.66
07:38:25,"[329.0, 96]","[327.0, 30]","[347.0, 18]","[348.0, 6]",338.0,150,18.0,0.68
07:38:26,"[337.8, 75]","[329.44, 59]","[347.0, 39]","[348.0, 13]",342.4,186,9.2,0.44
07:38:27,"[340.0, 50]","[333.0, 28]","[347.0, 30]","[348.0, 10]",343.5,118,7.0,0.32
07:38:28,"[340.0, 20]","[333.0, 4]","[347.0, 12]","[348.0, 4]",343.5,40,7.0,0.2
07:38:29,"[340.0, 34]","[333.0, 8]","[347.0, 24]","[348.0, 8]",343.5,74,7.0,0.14
07:38:30,"[335.15, 13]","[331.14, 29]","[347.33, 18]","[351.27, 22]",341.24,82,12.18,0.02
07:38:31,"[334.78, 18]","[332.08, 13]","[348.0, 27]","[352.0, 27]",341.39,85,13.22,-0.27
07:38:32,"[337.0, 15]","[331.5, 20]","[348.0, 40]","[386.06, 35]",342.5,110,11.0,-0.36
07:38:33,"[339.0, 30]","[336.75, 24]","[348.0, 60]","[353.0, 60]",343.5,174,9.0,-0.38
07:38:34,"[338.44, 9]","[335.22, 9]","[348.0, 28]","[353.0, 28]",343.22,74,9.56,-0.51
07:38:35,"[338.0, 10]","[335.0, 30]","[348.0, 40]","[353.0, 40]",343.0,120,10.0,-0.33
07:38:36,"[338.0, 6]","[335.0, 18]","[347.5, 24]","[350.5, 24]",342.75,72,9.5,-0.33
07:38:37,"[336.8, 10]","[334.8, 20]","[346.25, 32]","[348.0, 23]",341.52,85,9.45,-0.29
07:38:38,"[335.0, 20]","[333.0, 10]","[345.0, 40]","[348.0, 10]",340.0,80,10.0,-0.25
07:38:39,"[335.0, 22]","[333.0, 11]","[343.89, 38]","[344.89, 19]",339.45,90,8.89,-0.27
07:38:40,"[335.0, 34]","[333.0, 17]","[339.56, 36]","[340.52, 61]",337.28,148,4.56,-0.31
07:38:41,"[334.52, 21]","[331.31, 58]","[336.12, 48]","[337.54, 41]",335.32,168,1.6,-0.06
07:38:42,"[331.33, 36]","[330.86, 84]","[334.85, 41]","[335.74, 38]",333.09,199,3.52,0.21
07:38:43,"[331.0, 130]","[330.0, 52]","[333.19, 47]","[334.48, 58]",332.1,287,2.19,0.27
07:38:44,"[331.0, 60]","[330.0, 40]","[332.0, 29]","[334.0, 30]",331.5,159,1.0,0.26
07:38:45,"[331.0, 50]","[330.0, 48]","[333.2, 35]","[348.67, 36]",332.1,169,2.2,0.16
07:38:46,"[331.0, 52]","[330.0, 52]","[334.03, 63]","[335.46, 39]",332.52,206,3.03,0.01
07:38:47,"[331.0, 28]","[330.0, 28]","[348.0, 28]","[349.0, 21]",339.5,105,17.0,0.07
07:38:48,"[331.0, 24]","[330.0, 24]","[348.0, 24]","[349.0, 18]",339.5,90,17.0,0.07
07:38:49,"[331.0, 36]","[330.0, 36]","[347.28, 29]","[348.18, 34]",339.14,135,16.28,0.07
07:38:50,"[331.72, 81]","[330.43, 42]","[346.42, 52]","[347.55, 44]",339.07,219,14.71,0.12
07:38:51,"[332.0, 120]","[331.0, 80]","[344.35, 20]","[345.8, 40]",338.18,260,12.35,0.54
07:38:52,"[332.0, 120]","[331.0, 84]","[340.62, 32]","[341.75, 16]",336.31,252,8.62,0.62
07:38:53,"[332.0, 127]","[331.0, 75]","[336.7, 27]","[337.2, 35]",334.35,264,4.7,0.53
07:38:54,"[331.97, 107]","[330.7, 60]","[334.22, 23]","[335.92, 53]",333.09,243,2.25,0.37
07:38:55,"[327.95, 63]","[252.25, 85]","[331.59, 49]","[339.46, 35]",329.77,232,3.64,0.28
07:38:56,"[327.0, 64]","[286.5, 24]","[329.81, 54]","[331.2, 40]",328.41,182,2.81,-0.03
07:38:57,"[320.22, 54]","[298.27, 45]","[328.38, 21]","[343.19, 72]",324.3,192,8.16,0.03
07:38:58,"[287.19, 16]","[198.38, 29]","[334.0, 20]","[344.06, 68]",310.59,133,46.81,-0.32
07:38:59,"[326.38, 13]","[315.69, 26]","[344.1, 67]","[427.62, 48]",335.24,154,17.72,-0.49
07:39:00,"[337.37, 30]","[304.33, 15]","[345.0, 40]","[552.0, 14]",341.18,99,7.63,-0.09
07:39:01,"[340.0, 60]","[336.09, 11]","[345.0, 55]","[476.73, 11]",342.5,137,5.0,0.04
07:39:02,"[336.4, 40]","[332.14, 7]","[435.75, 20]","[638.5, 16]",386.07,83,99.35,0.13
07:39:03,"[337.12, 50]","[335.41, 49]","[581.31, 29]","[624.17, 46]",459.22,174,244.19,0.14
07:39:04,"[335.85, 52]","[333.67, 18]","[570.41, 27]","[595.75, 32]",453.13,129,234.56,0.09
07:39:05,"[334.43, 14]","[333.25, 16]","[491.73, 22]","[545.43, 28]",413.08,80,157.3,-0.25
07:39:06,"[335.0, 10]","[334.0, 20]","[342.5, 10]","[443.77, 31]",338.75,71,7.5,-0.15
07:39:07,"[335.0, 10]","[334.0, 20]","[341.3, 10]","[366.0, 40]",338.15,80,6.3,-0.25
07:39:08,"[335.0, 11]","[334.0, 22]","[338.55, 11]","[383.65, 46]",336.77,90,3.55,-0.27
07:39:09,"[335.0, 10]","[334.0, 20]","[338.0, 10]","[421.02, 44]",336.5,84,3.0,-0.29
07:39:10,"[335.0, 5]","[334.0, 10]","[337.2, 5]","[412.86, 21]",336.1,41,2.2,-0.27
07:39:11,"[331.73, 33]","[331.21, 56]","[336.0, 12]","[391.83, 24]",333.86,125,4.27,0.42
07:39:12,"[331.09, 105]","[328.71, 34]","[419.94, 34]","[437.15, 26]",375.51,199,88.86,0.4
07:39:13,"[331.8, 60]","[330.0, 36]","[490.82, 33]","[500.45, 33]",411.31,162,159.02,0.19
07:39:14,"[331.0, 112]","[328.0, 28]","[403.18, 61]","[466.63, 57]",367.09,258,72.18,0.09
07:39:15,"[331.0, 72]","[328.0, 20]","[346.8, 50]","[366.75, 24]",338.9,166,15.8,0.11
07:39:16,"[331.0, 72]","[328.0, 24]","[346.0, 60]","[366.33, 12]",338.5,168,15.0,0.14
07:39:17,"[331.05, 61]","[328.69, 26]","[345.27, 55]","[403.08, 53]",338.16,195,14.22,-0.11
07:39:18,"[334.0, 8]","[331.0, 48]","[345.0, 40]","[399.0, 40]",339.5,136,11.0,-0.18
07:39:19,"[336.21, 106]","[333.8, 182]","[344.67, 75]","[533.77, 22]",340.44,385,8.46,0.5
07:39:20,"[337.0, 84]","[334.0, 182]","[341.88, 56]","[390.17, 60]",339.44,382,4.88,0.39
07:39:21,"[337.04, 46]","[334.28, 129]","[339.03, 31]","[356.19, 16]",338.04,222,1.99,0.58
07:39:22,"[334.44, 61]","[333.23, 130]","[337.93, 59]","[343.58, 45]",336.19,295,3.49,0.29
07:39:23,"[334.0, 126]","[328.67, 24]","[337.0, 11]","[356.23, 43]",335.5,204,3.0,0.47
07:39:24,"[334.0, 83]","[330.0, 20]","[335.7, 10]","[360.22, 32]",334.85,145,1.7,0.42
07:39:25,"[334.0, 67]","[330.0, 20]","[343.18, 22]","[365.79, 38]",338.59,147,9.18,0.18
07:39:26,"[334.0, 48]","[330.0, 16]","[545.48, 29]","[650.38, 37]",439.74,130,211.48,-0.02
07:39:27,"[331.22, 23]","[326.44, 36]","[461.57, 46]","[557.08, 49]",396.39,154,130.35,-0.23
07:39:28,"[330.0, 10]","[326.0, 20]","[481.0, 25]","[601.0, 25]",405.5,80,151.0,-0.25
07:39:29,"[327.5, 32]","[322.55, 29]","[491.89, 46]","[535.77, 47]",409.7,154,164.39,-0.21
07:39:30,"[326.9, 40]","[321.26, 38]","[504.65, 66]","[537.19, 64]",415.78,208,177.75,-0.25
07:39:31,"[330.02, 90]","[329.27, 30]","[361.29, 56]","[424.69, 52]",345.65,228,31.26,0.05
07:39:32,"[332.43, 69]","[331.0, 96]","[359.94, 90]","[393.59, 64]",346.19,319,27.51,0.03
07:39:33,"[341.6, 30]","[335.08, 52]","[357.3, 50]","[465.0, 30]",349.45,162,15.7,0.01
07:39:34,"[342.0, 96]","[340.0, 16]","[357.0, 80]","[411.98, 53]",349.5,245,15.0,-0.09
07:39:35,"[342.0, 60]","[340.0, 10]","[351.81, 48]","[391.97, 34]",346.91,152,9.81,-0.08
07:39:36,"[342.0, 60]","[340.0, 11]","[346.8, 50]","[461.5, 50]",344.4,171,4.8,-0.17
07:39:37,"[342.0, 80]","[340.0, 28]","[344.65, 62]","[442.74, 62]",343.32,232,2.65,-0.07
07:39:38,"[341.18, 34]","[339.36, 22]","[343.51, 41]","[365.91, 33]",342.34,130,2.34,-0.14
07:39:39,"[340.0, 14]","[339.0, 14]","[344.0, 21]","[590.64, 28]",342.0,77,4.0,-0.27
07:39:40,"[340.0, 20]","[339.0, 20]","[342.3, 30]","[464.0, 40]",341.15,110,2.3,-0.27
07:39:41,"[339.44, 43]","[336.33, 108]","[388.53, 43]","[456.92, 62]",363.99,256,49.09,0.18
07:39:42,"[340.0, 144]","[339.0, 32]","[355.13, 69]","[364.06, 62]",347.57,307,15.13,0.15
07:39:43,"[340.0, 135]","[339.0, 30]","[352.22, 18]","[354.16, 61]",346.11,244,12.22,0.35
07:39:44,"[340.0, 73]","[339.0, 18]","[350.2, 25]","[353.5, 24]",345.1,140,10.2,0.3
07:39:45,"[340.0, 65]","[339.0, 26]","[348.76, 55]","[350.06, 53]",344.38,199,8.76,-0.09
07:39:46,"[339.97, 61]","[338.29, 34]","[346.07, 29]","[346.94, 49]",343.02,173,6.1,0.1
07:39:47,"[336.33, 63]","[334.79, 81]","[340.19, 21]","[352.84, 45]",338.26,210,3.86,0.37
07:39:48,"[336.0, 49]","[334.0, 56]","[339.4, 20]","[351.43, 28]",337.7,153,3.4,0.37
07:39:49,"[336.0, 42]","[334.0, 70]","[339.0, 30]","[341.8, 20]",337.5,162,3.0,0.38
07:39:50,"[336.0, 14]","[334.0, 98]","[337.64, 42]","[342.5, 28]",336.82,182,1.64,0.23
07:39:51,"[334.0, 24]","[332.0, 56]","[337.0, 24]","[343.0, 16]",335.5,120,3.0,0.33
07:39:52,"[334.9, 30]","[333.59, 34]","[337.0, 30]","[343.0, 20]",335.95,114,2.1,0.12
07:39:53,"[335.87, 30]","[333.03, 29]","[337.34, 35]","[344.67, 27]",336.6,121,1.48,-0.02
07:39:54,"[332.0, 12]","[331.0, 72]","[338.31, 39]","[342.4, 15]",335.15,138,6.31,0.22
07:39:55,"[328.93, 95]","[325.17, 214]","[338.77, 31]","[342.7, 20]",333.85,360,9.85,0.72
07:39:56,"[335.0, 72]","[327.89, 225]","[341.0, 9]","[343.0, 18]",338.0,324,6.0,0.83
07:39:57,"[335.0, 80]","[327.0, 250]","[341.67, 12]","[345.31, 26]",338.33,368,6.67,0.79
07:39:58,"[336.0, 40]","[334.87, 62]","[342.07, 29]","[344.3, 23]",339.03,154,6.07,0.32
07:39:59,"[335.08, 52]","[334.05, 101]","[341.36, 42]","[342.38, 29]",338.22,224,6.28,0.37
07:40:00,"[335.0, 90]","[334.0, 80]","[338.91, 33]","[339.94, 34]",336.95,237,3.91,0.43
07:40:01,"[335.0, 112]","[334.0, 64]","[340.5, 16]","[346.0, 22]",337.75,214,5.5,0.64
07:40:02,"[335.0, 98]","[334.0, 56]","[347.0, 14]","[348.0, 35]",341.0,203,12.0,0.52
07:40:03,"[335.0, 154]","[334.0, 88]","[346.29, 34]","[347.68, 37]",340.65,313,11.29,0.55
07:40:04,"[335.1, 100]","[334.2, 70]","[345.22, 18]","[346.07, 30]",340.16,218,10.12,0.56
07:40:05,"[340.0, 16]","[335.68, 88]","[345.0, 16]","[346.0, 32]",342.5,152,5.0,0.37
07:40:06,"[340.0, 18]","[336.0, 90]","[343.71, 34]","[345.2, 20]",341.85,162,3.71,0.33
07:40:07,"[340.0, 30]","[336.0, 150]","[341.47, 47]","[343.14, 56]",340.73,283,1.47,0.27
07:40:08,"[340.0, 14]","[336.0, 70]","[341.0, 21]","[343.0, 28]",340.5,133,1.0,0.26
07:40:09,"[336.0, 105]","[335.0, 44]","[341.38, 26]","[343.19, 32]",338.69,207,5.38,0.44
07:40:10,"[336.0, 52]","[335.0, 44]","[338.97, 32]","[339.77, 13]",337.48,141,2.97,0.36
07:40:11,"[336.0, 34]","[335.0, 40]","[338.14, 22]","[342.6, 25]",337.07,121,2.14,0.22
07:40:12,"[335.86, 28]","[334.58, 38]","[339.57, 28]","[350.04, 23]",337.71,117,3.71,0.13
07:40:13,"[336.63, 35]","[334.0, 40]","[349.0, 30]","[355.0, 30]",342.81,135,12.37,0.11
07:40:14,"[340.09, 22]","[333.29, 28]","[349.0, 20]","[355.0, 20]",344.55,90,8.91,0.11
07:40:15,"[342.0, 36]","[339.0, 25]","[349.0, 18]","[355.0, 18]",345.5,97,7.0,0.26
07:40:16,"[340.0, 14]","[334.55, 11]","[352.16, 25]","[432.33, 43]",346.08,93,12.16,-0.46
07:40:17,"[336.0, 10]","[334.2, 10]","[346.79, 43]","[348.73, 41]",341.4,104,10.79,-0.62
07:40:18,"[335.0, 11]","[334.0, 11]","[343.86, 14]","[345.33, 45]",339.43,81,8.86,-0.46
07:40:19,"[335.0, 12]","[334.0, 12]","[341.83, 12]","[345.0, 48]",338.42,84,6.83,-0.43
07:40:20,"[334.82, 11]","[333.39, 23]","[337.73, 11]","[342.24, 17]",336.27,62,2.91,0.1
07:40:21,"[333.02, 57]","[331.13, 111]","[343.97, 33]","[347.73, 44]",338.49,245,10.95,0.37
07:40:22,"[333.0, 70]","[331.0, 130]","[344.0, 40]","[348.0, 50]",338.5,290,11.0,0.38
07:40:23,"[336.85, 189]","[332.72, 92]","[342.14, 56]","[348.0, 70]",339.5,407,5.29,0.38
07:40:24,"[337.0, 88]","[333.0, 28]","[342.0, 28]","[348.0, 35]",339.5,179,5.0,0.3
07:40:25,"[336.48, 124]","[332.0, 72]","[341.54, 52]","[349.0, 26]",339.01,274,5.05,0.43
07:40:26,"[333.0, 74]","[331.0, 180]","[339.05, 80]","[349.89, 71]",336.02,405,6.05,0.25
07:40:27,"[333.0, 30]","[331.0, 60]","[337.4, 40]","[349.0, 20]",335.2,150,4.4,0.2
07:40:28,"[333.0, 33]","[331.0, 66]","[335.64, 44]","[349.0, 22]",334.32,165,2.64,0.2
07:40:29,"[331.67, 45]","[330.55, 55]","[334.0, 40]","[349.0, 45]",332.83,185,2.33,0.08
07:40:30,"[331.0, 48]","[330.0, 40]","[334.0, 32]","[349.0, 16]",332.5,136,3.0,0.29
07:40:31,"[330.67, 60]","[329.64, 55]","[332.64, 44]","[349.0, 22]",331.65,181,1.97,0.27
07:40:32,"[330.27, 40]","[328.65, 77]","[338.53, 34]","[349.12, 32]",334.4,183,8.25,0.28
07:40:33,"[336.43, 28]","[328.68, 53]","[344.83, 24]","[346.11, 18]",340.63,123,8.4,0.32
07:40:34,"[337.0, 22]","[327.49, 39]","[342.5, 12]","[344.67, 21]",339.75,94,5.5,0.3
07:40:35,"[329.48, 21]","[327.34, 61]","[341.0, 15]","[349.77, 44]",335.24,141,11.52,0.16
07:40:36,"[333.56, 41]","[327.8, 40]","[339.0, 43]","[341.56, 18]",336.28,142,5.44,0.14
07:40:37,"[334.05, 123]","[333.17, 71]","[336.75, 32]","[338.35, 23]",335.4,249,2.7,0.56
07:40:38,"[334.0, 116]","[326.0, 39]","[335.73, 15]","[337.69, 13]",334.87,183,1.73,0.69
07:40:39,"[334.0, 61]","[326.0, 27]","[336.42, 19]","[344.12, 26]",335.21,133,2.42,0.32
07:40:40,"[334.0, 45]","[326.0, 27]","[344.0, 27]","[351.33, 18]",339.0,117,10.0,0.23
07:40:41,"[334.71, 68]","[327.77, 106]","[344.0, 42]","[386.67, 36]",339.35,252,9.29,0.38
07:40:42,"[336.43, 42]","[334.32, 74]","[344.0, 42]","[371.32, 41]",340.21,199,7.57,0.17
07:40:43,"[335.18, 11]","[334.0, 55]","[344.0, 33]","[349.62, 32]",339.59,131,8.82,0.01
07:40:44,"[336.0, 11]","[334.0, 35]","[344.0, 33]","[350.36, 22]",340.0,101,8.0,-0.09
07:40:45,"[335.38, 13]","[333.46, 41]","[344.45, 44]","[352.62, 26]",339.92,124,9.07,-0.13
07:40:46,"[323.26, 19]","[321.2, 20]","[337.64, 22]","[344.16, 37]",330.45,98,14.37,-0.2
07:40:47,"[336.38, 52]","[326.22, 46]","[343.7, 66]","[349.87, 31]",340.04,195,7.31,0.01
07:40:48,"[342.0, 44]","[334.0, 44]","[344.0, 55]","[351.0, 22]",343.0,165,2.0,0.07
07:40:49,"[342.0, 16]","[334.0, 28]","[344.0, 35]","[350.2, 15]",343.0,94,2.0,-0.06
07:40:50,"[342.0, 7]","[334.0, 28]","[344.0, 35]","[351.0, 14]",343.0,84,2.0,-0.17
07:40:51,"[342.0, 12]","[334.4, 60]","[344.0, 60]","[351.0, 24]",343.0,156,2.0,-0.08
07:40:52,"[339.6, 10]","[333.72, 29]","[344.0, 40]","[351.0, 16]",341.8,95,4.4,-0.18
07:40:53,"[334.0, 33]","[326.0, 11]","[344.0, 55]","[351.0, 22]",339.0,121,10.0,-0.27
07:40:54,"[334.0, 30]","[326.0, 10]","[341.73, 26]","[343.81, 21]",337.87,87,7.73,-0.08
07:40:55,"[328.57, 21]","[323.37, 19]","[333.56, 39]","[335.52, 21]",331.07,100,4.99,-0.2
07:40:56,"[325.0, 10]","[320.9, 31]","[327.0, 16]","[328.6, 10]",326.0,67,2.0,0.22
07:40:57,"[325.38, 16]","[321.1, 41]","[327.93, 15]","[329.64, 11]",326.65,83,2.56,0.37
07:40:58,"[322.33, 12]","[314.75, 24]","[327.38, 42]","[329.17, 12]",324.86,90,5.05,-0.2
07:40:59,"[318.98, 49]","[317.0, 15]","[323.5, 32]","[324.53, 43]",321.24,139,4.52,-0.08
07:41:00,"[321.47, 60]","[317.9, 21]","[322.85, 53]","[323.92, 61]",322.16,195,1.38,-0.17
07:41:01,"[322.0, 48]","[315.5, 12]","[333.36, 42]","[335.86, 51]",327.68,153,11.36,-0.22
07:41:02,"[335.5, 48]","[325.92, 59]","[341.0, 48]","[343.93, 54]",338.25,209,5.5,0.02
07:41:03,"[340.0, 64]","[329.0, 90]","[341.0, 40]","[344.0, 50]",340.5,244,1.0,0.26
07:41:04,"[340.0, 33]","[329.39, 31]","[341.0, 23]","[344.0, 35]",340.5,122,1.0,0.05
07:41:05,"[340.0, 33]","[334.0, 11]","[341.0, 33]","[344.0, 55]",340.5,132,1.0,-0.33
07:41:06,"[338.5, 24]","[332.4, 30]","[341.0, 36]","[344.0, 60]",339.75,150,2.5,-0.28
07:41:07,"[334.0, 19]","[332.16, 19]","[341.0, 21]","[344.0, 35]",337.5,94,7.0,-0.19
07:41:08,"[334.0, 21]","[332.53, 17]","[341.0, 33]","[344.0, 55]",337.5,126,7.0,-0.4
07:41:09,"[334.0, 9]","[332.0, 36]","[341.0, 27]","[342.67, 45]",337.5,117,7.0,-0.23
07:41:10,"[334.0, 14]","[332.0, 56]","[340.0, 18]","[344.03, 66]",337.0,154,6.0,-0.09
07:41:11,"[334.92, 49]","[332.72, 25]","[338.08, 24]","[341.86, 21]",336.5,119,3.16,0.24
07:41:12,"[335.0, 90]","[334.0, 18]","[336.47, 30]","[337.67, 24]",335.73,162,1.47,0.33
07:41:13,"[335.0, 45]","[334.0, 12]","[340.09, 33]","[345.07, 42]",337.55,132,5.09,-0.14
07:41:14,"[335.0, 16]","[334.0, 8]","[348.0, 56]","[400.88, 17]",341.5,97,13.0,-0.51
07:41:15,"[334.0, 10]","[332.0, 10]","[348.0, 50]","[349.0, 30]",341.0,100,14.0,-0.6
07:41:16,"[331.82, 11]","[321.2, 50]","[345.43, 28]","[348.12, 51]",338.62,140,13.61,-0.13
07:41:17,"[328.0, 6]","[316.0, 60]","[347.0, 30]","[348.38, 24]",337.5,120,19.0,0.1
07:41:18,"[328.71, 14]","[317.33, 45]","[348.0, 45]","[349.0, 27]",338.36,131,19.29,-0.1
07:41:19,"[337.68, 38]","[336.17, 24]","[348.0, 70]","[349.0, 42]",342.84,174,10.32,-0.29
07:41:20,"[340.0, 33]","[339.0, 22]","[346.55, 55]","[348.06, 53]",343.27,163,6.55,-0.33
07:41:21,"[340.0, 65]","[339.0, 22]","[346.0, 55]","[349.75, 53]",343.0,195,6.0,-0.11
07:41:22,"[340.0, 91]","[339.0, 26]","[344.31, 65]","[353.71, 56]",342.15,238,4.31,-0.02
07:41:23,"[340.0, 86]","[339.0, 28]","[348.03, 76]","[381.79, 28]",344.01,218,8.03,0.05
07:41:24,"[340.0, 24]","[339.0, 12]","[354.0, 40]","[461.5, 12]",347.0,88,14.0,-0.18
07:41:25,"[339.8, 40]","[334.67, 24]","[353.3, 73]","[373.84, 25]",346.55,162,13.5,-0.21
07:41:26,"[339.0, 24]","[327.88, 16]","[349.75, 60]","[351.0, 24]",344.38,124,10.75,-0.35
07:41:27,"[337.48, 31]","[326.59, 17]","[346.65, 85]","[351.29, 34]",342.07,167,9.16,-0.43
07:41:28,"[322.85, 20]","[320.82, 50]","[343.35, 54]","[345.62, 40]",333.1,164,20.5,-0.15
07:41:29,"[323.92, 12]","[321.0, 84]","[340.33, 30]","[352.77, 26]",332.12,152,16.42,0.26
07:41:30,"[324.67, 9]","[321.0, 63]","[347.0, 18]","[348.0, 9]",335.83,99,22.33,0.45
07:41:31,"[327.15, 78]","[323.44, 18]","[347.0, 26]","[348.38, 16]",337.08,138,19.85,0.39
07:41:32,"[329.1, 72]","[327.74, 27]","[346.48, 29]","[348.89, 35]",337.79,163,17.39,0.21
07:41:33,"[336.0, 14]","[335.0, 98]","[344.7, 46]","[348.17, 36]",340.35,194,8.7,0.15
07:41:34,"[335.05, 44]","[334.4, 20]","[346.0, 16]","[349.0, 24]",340.52,104,10.95,0.23
07:41:35,"[335.0, 112]","[333.0, 16]","[343.95, 22]","[350.0, 57]",339.48,207,8.95,0.24
07:41:36,"[335.0, 56]","[333.0, 8]","[350.0, 40]","[375.26, 23]",342.5,127,15.0,0.01
07:41:37,"[335.0, 78]","[333.0, 14]","[348.82, 66]","[377.06, 32]",341.91,190,13.82,-0.03
07:41:38,"[335.0, 80]","[333.0, 16]","[345.67, 54]","[347.12, 74]",340.33,224,10.67,-0.14
07:41:39,"[335.0, 89]","[333.0, 9]","[343.89, 27]","[347.0, 45]",339.44,170,8.89,0.15
07:41:40,"[335.0, 132]","[333.09, 11]","[342.45, 33]","[347.0, 55]",338.73,231,7.45,0.24
07:41:41,"[339.3, 86]","[334.98, 133]","[341.0, 12]","[342.42, 36]",340.15,267,1.7,0.64
07:41:42,"[340.0, 48]","[335.0, 180]","[341.0, 15]","[347.0, 45]",340.5,288,1.0,0.58
07:41:43,"[340.0, 18]","[337.13, 53]","[343.57, 14]","[347.59, 34]",341.79,119,3.57,0.19
07:41:44,"[340.0, 7]","[339.0, 28]","[347.0, 21]","[349.0, 35]",343.5,91,7.0,-0.23
07:41:45,"[339.1, 30]","[337.71, 21]","[347.0, 36]","[349.0, 60]",343.05,147,7.9,-0.31
07:41:46,"[339.0, 22]","[336.0, 8]","[347.0, 24]","[349.0, 40]",343.0,94,8.0,-0.36
07:41:47,"[338.62, 8]","[335.37, 19]","[347.0, 24]","[349.0, 40]",342.81,91,8.38,-0.41
07:41:48,"[339.76, 34]","[336.46, 39]","[346.8, 30]","[348.74, 46]",343.28,149,7.04,-0.02
07:41:49,"[340.0, 40]","[339.0, 20]","[346.0, 57]","[348.88, 48]",343.0,165,6.0,-0.27
07:41:50,"[340.0, 40]","[339.0, 32]","[345.14, 70]","[346.75, 60]",342.57,202,5.14,-0.29
07:41:51,"[335.15, 124]","[334.11, 27]","[343.4, 70]","[345.78, 55]",339.27,276,8.25,0.09
07:41:52,"[335.0, 120]","[334.0, 45]","[341.4, 60]","[346.0, 45]",338.2,270,6.4,0.22
07:41:53,"[335.0, 104]","[334.0, 39]","[338.55, 44]","[341.23, 47]",336.77,234,3.55,0.22
07:41:54,"[335.0, 72]","[334.0, 27]","[337.0, 27]","[339.0, 36]",336.0,162,2.0,0.22
07:41:55,"[334.67, 27]","[333.08, 39]","[338.4, 30]","[346.08, 36]",336.53,132,3.73,0.0
07:41:56,"[332.51, 47]","[331.26, 38]","[342.36, 33]","[349.0, 55]",337.44,173,9.85,-0.02
07:41:57,"[332.0, 55]","[330.0, 22]","[339.82, 11]","[341.0, 33]",335.91,121,7.82,0.27
07:41:58,"[332.0, 35]","[330.17, 12]","[341.0, 10]","[342.96, 23]",336.5,80,9.0,0.17
07:41:59,"[334.18, 66]","[331.5, 20]","[342.17, 48]","[350.0, 60]",338.17,194,7.98,-0.11
07:42:00,"[341.0, 87]","[332.0, 70]","[342.0, 56]","[350.0, 70]",341.5,283,1.0,0.11
07:42:01,"[338.79, 42]","[331.16, 57]","[350.22, 59]","[478.52, 27]",344.5,185,11.43,0.07
07:42:02,"[332.88, 113]","[329.09, 55]","[351.0, 65]","[638.25, 16]",341.94,249,18.12,0.35
07:42:03,"[334.25, 40]","[332.21, 70]","[350.3, 50]","[375.37, 38]",342.27,198,16.05,0.11
07:42:04,"[336.05, 83]","[334.33, 113]","[349.24, 105]","[351.0, 105]",342.64,406,13.19,-0.03
07:42:05,"[339.75, 48]","[335.0, 89]","[348.97, 150]","[489.25, 32]",344.36,319,9.22,-0.14
07:42:06,"[340.75, 32]","[335.56, 54]","[346.2, 50]","[348.6, 50]",343.48,186,5.45,-0.08
07:42:07,"[341.5, 16]","[337.37, 52]","[346.5, 60]","[349.5, 60]",344.0,188,5.0,-0.28
07:42:08,"[340.0, 20]","[335.0, 70]","[345.2, 50]","[351.1, 50]",342.6,190,5.2,-0.05
07:42:09,"[340.0, 12]","[335.0, 42]","[344.0, 30]","[352.0, 30]",342.0,114,4.0,-0.05
07:42:10,"[337.72, 25]","[334.73, 56]","[342.07, 43]","[349.47, 51]",339.89,175,4.35,-0.07
07:42:11,"[335.0, 59]","[332.0, 60]","[341.46, 24]","[344.5, 60]",338.23,203,6.46,0.17
07:42:12,"[335.0, 36]","[332.0, 45]","[339.67, 9]","[342.0, 45]",337.33,135,4.67,0.2
07:42:13,"[335.0, 36]","[332.0, 45]","[337.24, 17]","[338.46, 37]",336.12,135,2.24,0.2
07:42:14,"[333.71, 35]","[331.79, 28]","[336.0, 8]","[342.12, 40]",334.86,111,2.29,0.14
07:42:15,"[332.0, 35]","[330.0, 7]","[334.26, 19]","[342.09, 11]",333.13,72,2.26,0.17
07:42:16,"[332.0, 23]","[330.0, 7]","[333.12, 25]","[342.33, 15]",332.56,70,1.12,-0.14
07:42:17,"[325.33, 24]","[324.44, 9]","[342.57, 21]","[414.31, 39]",333.95,93,17.24,-0.29
07:42:18,"[324.0, 44]","[320.0, 11]","[345.45, 55]","[488.0, 33]",334.73,143,21.45,-0.23
07:42:19,"[324.0, 40]","[320.0, 10]","[331.11, 18]","[397.88, 26]",327.56,94,7.11,0.06
07:42:20,"[324.0, 24]","[320.0, 6]","[325.0, 12]","[327.0, 6]",324.5,48,1.0,0.25
07:42:21,"[324.45, 44]","[323.48, 46]","[329.11, 46]","[333.73, 51]",326.78,187,4.65,-0.04
07:42:22,"[328.0, 16]","[322.63, 19]","[333.36, 50]","[467.4, 40]",330.68,125,5.36,-0.44
07:42:23,"[329.0, 11]","[322.86, 21]","[344.0, 22]","[485.0, 33]",336.5,87,15.0,-0.26
07:42:24,"[329.0, 8]","[323.0, 16]","[344.0, 16]","[351.0, 24]",336.5,64,15.0,-0.25
07:42:25,"[329.0, 9]","[323.0, 18]","[331.76, 34]","[341.86, 21]",330.38,82,2.76,-0.34
07:42:26,"[329.0, 7]","[323.0, 14]","[331.0, 28]","[342.0, 14]",330.0,63,2.0,-0.33
07:42:27,"[329.0, 13]","[323.0, 26]","[331.0, 52]","[341.3, 40]",330.0,131,2.0,-0.4
07:42:28,"[329.0, 11]","[323.0, 22]","[331.0, 84]","[340.27, 44]",330.0,161,2.0,-0.59
07:42:29,"[329.0, 10]","[323.0, 20]","[330.52, 62]","[331.5, 64]",329.76,156,1.52,-0.62
07:42:30,"[323.0, 18]","[319.0, 9]","[331.0, 72]","[343.0, 18]",327.0,117,8.0,-0.54
07:42:31,"[323.0, 16]","[319.0, 8]","[329.12, 32]","[331.0, 64]",326.06,120,6.12,-0.6
07:42:32,"[322.1, 31]","[294.7, 70]","[330.27, 64]","[333.74, 87]",326.18,252,8.17,-0.2
07:42:33,"[323.0, 77]","[319.82, 11]","[329.53, 68]","[336.33, 45]",326.26,201,6.53,-0.12
07:42:34,"[323.0, 49]","[320.0, 7]","[326.76, 33]","[329.4, 25]",324.88,114,3.76,-0.02
07:42:35,"[323.0, 49]","[320.0, 7]","[326.0, 28]","[327.0, 35]",324.5,119,3.0,-0.06
07:42:36,"[323.0, 70]","[320.0, 10]","[326.0, 56]","[327.0, 56]",324.5,192,3.0,-0.17
07:42:37,"[323.0, 91]","[320.0, 13]","[326.0, 104]","[327.0, 78]",324.5,286,3.0,-0.27
07:42:38,"[323.11, 75]","[321.71, 45]","[325.98, 114]","[326.91, 92]",324.54,326,2.88,-0.26
07:42:39,"[323.22, 27]","[319.47, 45]","[326.0, 72]","[327.0, 54]",324.61,198,2.78,-0.27
07:42:40,"[320.69, 13]","[316.36, 50]","[326.0, 51]","[327.0, 42]",323.35,156,5.31,-0.19
07:42:41,"[318.0, 16]","[316.55, 71]","[326.0, 60]","[327.0, 60]",322.0,207,8.0,-0.16
07:42:42,"[319.7, 10]","[315.82, 34]","[326.0, 60]","[327.0, 60]",322.85,164,6.3,-0.46
07:42:43,"[321.0, 9]","[319.89, 9]","[326.0, 36]","[327.0, 54]",323.5,108,5.0,-0.67
07:42:44,"[322.94, 17]","[321.88, 17]","[325.61, 71]","[327.7, 74]",324.27,179,2.66,-0.62
07:42:45,"[325.06, 18]","[323.44, 18]","[327.0, 54]","[331.0, 54]",326.03,144,1.94,-0.5
07:42:46,"[325.06, 17]","[311.71, 170]","[327.52, 27]","[330.93, 40]",326.29,254,2.46,0.47
07:42:47,"[320.22, 18]","[309.54, 81]","[330.71, 56]","[336.23, 26]",325.47,181,10.49,0.09
07:42:48,"[314.93, 14]","[313.86, 14]","[330.0, 29]","[335.07, 14]",322.46,71,15.07,-0.21
07:42:49,"[316.3, 10]","[314.1, 10]","[335.33, 15]","[338.25, 20]",325.82,55,19.03,-0.27
07:42:50,"[319.15, 13]","[315.52, 80]","[338.0, 26]","[339.0, 39]",328.58,158,18.85,0.18
07:42:51,"[320.0, 13]","[318.0, 130]","[338.0, 26]","[339.0, 39]",329.0,208,18.0,0.38
07:42:52,"[322.9, 10]","[319.21, 19]","[337.33, 24]","[338.86, 28]",330.12,81,14.43,-0.28
07:42:53,"[326.2, 10]","[325.0, 10]","[335.46, 26]","[336.35, 34]",330.83,80,9.26,-0.5
07:42:54,"[327.58, 12]","[324.86, 14]","[335.0, 24]","[336.0, 48]",331.29,98,7.42,-0.47
07:42:55,"[329.84, 19]","[328.37, 19]","[334.81, 42]","[337.38, 58]",332.33,138,4.97,-0.45
07:42:56,"[332.75, 12]","[331.5, 12]","[334.0, 48]","[337.65, 34]",333.38,106,1.25,-0.55
07:42:57,"[323.86, 35]","[318.24, 29]","[334.0, 35]","[338.0, 45]",328.93,144,10.14,-0.11
07:42:58,"[317.0, 18]","[315.0, 9]","[334.0, 18]","[338.0, 27]",325.5,72,17.0,-0.25
07:42:59,"[317.0, 14]","[315.0, 7]","[326.92, 13]","[333.0, 14]",321.96,48,9.92,-0.12
07:43:00,"[317.86, 98]","[316.38, 21]","[326.0, 14]","[327.0, 76]",321.93,209,8.14,0.14
07:43:01,"[323.27, 30]","[320.17, 12]","[326.0, 7]","[327.0, 42]",324.63,91,2.73,-0.08
07:43:02,"[324.07, 58]","[322.67, 42]","[326.0, 37]","[327.0, 78]",325.03,215,1.93,-0.07
07:43:03,"[324.62, 16]","[323.11, 54]","[326.0, 48]","[327.0, 66]",325.31,184,1.38,-0.24
07:43:04,"[324.73, 67]","[315.89, 27]","[326.0, 56]","[327.0, 84]",325.37,234,1.27,-0.2
07:43:05,"[325.0, 55]","[312.74, 43]","[326.94, 64]","[332.0, 24]",325.97,186,1.94,0.05
07:43:06,"[323.24, 67]","[313.73, 75]","[327.0, 80]","[331.0, 15]",325.12,237,3.76,0.2
07:43:07,"[321.0, 75]","[312.0, 23]","[325.73, 55]","[327.31, 51]",323.36,204,4.73,-0.04
07:43:08,"[321.98, 49]","[319.2, 25]","[325.0, 9]","[327.0, 36]",323.49,119,3.02,0.24
07:43:09,"[321.0, 40]","[311.88, 8]","[326.93, 29]","[328.91, 11]",323.97,88,5.93,0.09
07:43:10,"[316.0, 55]","[311.0, 11]","[327.0, 44]","[330.69, 26]",321.5,136,11.0,-0.03
07:43:11,"[317.06, 53]","[316.44, 68]","[327.0, 64]","[331.0, 96]",322.03,281,9.94,-0.14
07:43:12,"[319.82, 79]","[318.34, 61]","[326.41, 29]","[327.73, 98]",323.12,267,6.59,0.05
07:43:13,"[322.43, 68]","[321.92, 65]","[325.89, 55]","[326.78, 83]",324.16,271,3.46,-0.02
07:43:14,"[323.0, 60]","[310.15, 13]","[326.0, 41]","[327.0, 52]",324.5,166,3.0,-0.12
07:43:15,"[324.57, 58]","[317.56, 27]","[326.0, 35]","[327.0, 56]",325.28,176,1.43,-0.03
07:43:16,"[325.36, 70]","[308.17, 48]","[326.6, 40]","[329.12, 68]",325.98,226,1.24,0.04
07:43:17,"[326.0, 30]","[309.0, 59]","[327.0, 27]","[331.0, 42]",326.5,158,1.0,0.13
07:43:18,"[309.77, 88]","[308.46, 26]","[327.0, 12]","[331.0, 48]",318.39,174,17.23,0.31
07:43:19,"[309.0, 36]","[308.0, 6]","[327.0, 3]","[331.0, 18]",318.0,63,18.0,0.33
07:43:20,"[310.9, 87]","[308.82, 55]","[327.0, 10]","[331.0, 60]",318.95,212,16.1,0.34
07:43:21,"[312.0, 60]","[310.52, 29]","[327.0, 12]","[331.0, 72]",319.5,173,15.0,0.03
07:43:22,"[312.0, 50]","[309.13, 60]","[331.0, 40]","[332.15, 39]",321.5,189,19.0,0.16
07:43:23,"[312.0, 45]","[308.7, 23]","[327.43, 42]","[331.33, 36]",319.71,146,15.43,-0.07
07:43:24,"[312.07, 54]","[309.6, 25]","[326.0, 28]","[329.4, 20]",319.04,127,13.93,0.24
07:43:25,"[313.0, 52]","[309.18, 68]","[326.0, 16]","[327.0, 8]",319.5,144,13.0,0.67
07:43:26,"[313.81, 59]","[310.63, 76]","[331.0, 66]","[333.0, 55]",322.41,256,17.19,0.05
07:43:27,"[322.53, 60]","[313.84, 57]","[332.05, 43]","[381.48, 46]",327.29,206,9.51,0.14
07:43:28,"[333.0, 60]","[317.9, 39]","[425.62, 26]","[502.65, 34]",379.31,159,92.62,0.25
07:43:29,"[333.0, 32]","[318.0, 40]","[375.5, 16]","[517.29, 14]",354.25,102,42.5,0.41
07:43:30,"[326.04, 77]","[315.18, 80]","[495.16, 43]","[535.93, 29]",410.6,229,169.12,0.37
07:43:31,"[318.42, 55]","[315.59, 88]","[515.11, 38]","[575.95, 38]",416.76,219,196.69,0.31
07:43:32,"[329.29, 38]","[316.19, 89]","[483.27, 11]","[498.59, 29]",406.28,167,153.98,0.52
07:43:33,"[330.82, 44]","[321.45, 62]","[402.5, 10]","[519.12, 26]",366.66,142,71.68,0.49
07:43:34,"[332.0, 44]","[331.0, 55]","[402.18, 11]","[478.55, 11]",367.09,121,70.18,0.64
07:43:35,"[332.0, 40]","[331.0, 50]","[401.0, 10]","[444.6, 10]",366.5,110,69.0,0.64
07:43:36,"[332.74, 78]","[331.59, 61]","[366.19, 32]","[449.19, 16]",349.47,187,33.44,0.49
07:43:37,"[333.0, 72]","[332.0, 52]","[397.19, 37]","[398.33, 15]",365.09,176,64.19,0.41
07:43:38,"[334.62, 52]","[332.29, 56]","[392.59, 32]","[396.12, 24]",363.6,164,57.98,0.32
07:43:39,"[331.15, 55]","[322.0, 55]","[357.04, 25]","[358.36, 11]",344.09,146,25.89,0.51
07:43:40,"[332.75, 32]","[326.83, 48]","[354.5, 24]","[358.0, 8]",343.62,112,21.75,0.43
07:43:41,"[331.0, 55]","[322.0, 55]","[352.52, 27]","[354.29, 17]",341.76,154,21.52,0.43
07:43:42,"[335.4, 30]","[328.83, 29]","[347.59, 29]","[348.91, 23]",341.49,111,12.19,0.06
07:43:43,"[338.0, 20]","[334.0, 10]","[345.88, 24]","[346.88, 16]",341.94,70,7.88,-0.14
07:43:44,"[331.44, 64]","[327.23, 62]","[344.29, 14]","[345.55, 22]",337.86,162,12.85,0.56
07:43:45,"[339.19, 83]","[330.14, 70]","[342.89, 28]","[343.46, 24]",341.04,205,3.7,0.49
07:43:46,"[333.86, 42]","[327.8, 50]","[342.0, 10]","[365.06, 34]",337.93,136,8.14,0.35
07:43:47,"[331.0, 55]","[325.0, 55]","[339.42, 19]","[342.48, 25]",335.21,154,8.42,0.43
07:43:48,"[331.0, 55]","[325.0, 55]","[334.39, 31]","[335.38, 13]",332.69,154,3.39,0.43
07:43:49,"[329.83, 63]","[319.92, 73]","[332.21, 19]","[333.05, 41]",331.02,196,2.39,0.39
07:43:50,"[326.77, 13]","[320.6, 25]","[329.3, 27]","[332.16, 25]",328.03,90,2.53,-0.16
07:43:51,"[317.04, 26]","[279.05, 42]","[332.78, 27]","[352.86, 14]",324.91,109,15.74,0.25
07:43:52,"[332.05, 135]","[280.66, 64]","[363.0, 51]","[433.41, 85]",347.53,335,30.95,0.19
07:43:53,"[339.0, 131]","[334.88, 64]","[363.0, 30]","[487.1, 50]",351.0,275,24.0,0.42
07:43:54,"[339.0, 32]","[335.0, 34]","[363.0, 12]","[472.0, 20]",351.0,98,24.0,0.35
07:43:55,"[339.0, 80]","[335.0, 40]","[358.0, 50]","[415.62, 29]",348.5,199,19.0,0.21
07:43:56,"[339.0, 40]","[335.0, 20]","[358.0, 25]","[388.0, 25]",348.5,110,19.0,0.09
07:43:57,"[337.17, 35]","[333.67, 36]","[388.0, 31]","[415.7, 27]",362.59,129,50.83,0.1
07:43:58,"[335.0, 20]","[333.0, 30]","[364.8, 10]","[446.5, 12]",349.9,72,29.8,0.39
07:43:59,"[334.61, 31]","[332.23, 52]","[405.0, 18]","[468.56, 27]",369.81,128,70.39,0.3
07:44:00,"[339.0, 9]","[333.0, 54]","[404.08, 26]","[414.16, 19]",371.54,108,65.08,0.17
07:44:01,"[339.0, 78]","[333.1, 62]","[402.13, 31]","[403.1, 29]",370.56,200,63.13,0.4
07:44:02,"[339.0, 49]","[336.0, 7]","[398.33, 18]","[399.53, 17]",368.67,91,59.33,0.23
07:44:03,"[339.0, 84]","[336.0, 12]","[397.09, 32]","[398.0, 29]",368.05,157,58.09,0.22
07:44:04,"[339.0, 70]","[336.0, 10]","[393.93, 28]","[395.2, 30]",366.46,138,54.93,0.16
07:44:05,"[339.0, 46]","[336.0, 18]","[388.53, 49]","[390.55, 53]",363.77,166,49.53,-0.23
07:44:06,"[339.0, 22]","[336.0, 11]","[357.73, 22]","[366.62, 26]",348.36,81,18.73,-0.19
07:44:07,"[338.67, 27]","[334.2, 30]","[340.47, 34]","[342.8, 30]",339.57,121,1.8,-0.06
07:44:08,"[336.0, 13]","[333.0, 78]","[338.54, 39]","[348.62, 26]",337.27,156,2.54,0.17
07:44:09,"[333.79, 19]","[332.13, 53]","[336.78, 32]","[339.29, 34]",335.29,138,2.99,0.04
07:44:10,"[332.59, 17]","[331.06, 53]","[336.15, 39]","[345.08, 24]",334.37,133,3.57,0.05
07:44:11,"[332.0, 12]","[330.6, 20]","[337.33, 27]","[340.36, 33]",334.67,92,5.33,-0.3
07:44:12,"[333.25, 16]","[330.85, 13]","[336.73, 22]","[341.59, 29]",334.99,80,3.48,-0.28
07:44:13,"[332.0, 10]","[325.0, 10]","[335.7, 20]","[348.6, 20]",333.85,60,3.7,-0.33
07:44:14,"[276.0, 33]","[221.19, 62]","[333.45, 22]","[343.18, 22]",304.73,139,57.45,0.37
07:44:15,"[276.0, 39]","[257.0, 26]","[324.71, 28]","[332.63, 19]",300.36,112,48.71,0.16
07:44:16,"[277.43, 21]","[257.0, 14]","[330.17, 23]","[346.35, 17]",303.8,75,52.75,-0.07
07:44:17,"[283.94, 93]","[198.13, 38]","[326.86, 42]","[330.63, 63]",305.4,236,42.92,0.11
07:44:18,"[287.86, 49]","[138.0, 21]","[324.0, 14]","[328.26, 23]",305.93,107,36.14,0.31
07:44:19,"[288.0, 56]","[125.5, 32]","[324.0, 16]","[325.0, 16]",306.0,120,36.0,0.47
07:44:20,"[290.97, 35]","[281.75, 105]","[329.56, 63]","[394.45, 40]",310.26,243,38.58,0.15
07:44:21,"[290.76, 17]","[289.47, 92]","[328.0, 44]","[330.0, 55]",309.38,208,37.24,0.05
07:44:22,"[294.12, 112]","[293.76, 46]","[327.74, 46]","[334.3, 53]",310.93,257,33.62,0.23
07:44:23,"[320.31, 61]","[295.36, 22]","[386.8, 20]","[498.7, 20]",353.56,123,66.49,0.35
07:44:24,"[315.7, 47]","[295.08, 53]","[411.73, 22]","[593.15, 26]",363.71,148,96.03,0.35
07:44:25,"[300.3, 54]","[298.15, 27]","[333.0, 18]","[486.11, 36]",316.65,135,32.7,0.2
07:44:26,"[304.14, 86]","[303.0, 47]","[332.36, 22]","[418.71, 28]",318.25,183,28.22,0.45
07:44:27,"[310.18, 60]","[306.26, 81]","[331.72, 36]","[353.94, 34]",320.95,211,21.54,0.34
07:44:28,"[327.21, 68]","[319.11, 64]","[330.67, 24]","[332.14, 28]",328.94,184,3.46,0.43
07:44:29,"[330.05, 44]","[326.85, 48]","[409.88, 33]","[565.0, 34]",369.96,159,79.83,0.16
07:44:30,"[332.84, 88]","[331.26, 19]","[339.62, 69]","[359.78, 54]",336.23,230,6.78,-0.07
07:44:31,"[335.45, 44]","[334.87, 45]","[345.73, 45]","[401.1, 29]",340.59,163,10.28,0.09
07:44:32,"[341.39, 61]","[332.89, 71]","[388.5, 36]","[434.95, 19]",364.95,187,47.11,0.41
07:44:33,"[343.0, 25]","[335.0, 25]","[396.0, 15]","[460.0, 5]",369.5,70,53.0,0.43
07:44:34,"[341.0, 36]","[332.9, 50]","[479.56, 27]","[572.41, 32]",410.28,145,138.56,0.19
07:44:35,"[330.53, 36]","[319.71, 56]","[569.13, 30]","[679.71, 21]",449.83,143,238.61,0.29
07:44:36,"[329.5, 56]","[328.0, 40]","[479.89, 9]","[611.5, 20]",404.69,125,150.39,0.54
07:44:37,"[336.95, 38]","[330.25, 84]","[423.88, 16]","[692.75, 24]",380.41,162,86.93,0.51
07:44:38,"[341.0, 28]","[333.13, 45]","[519.3, 20]","[605.8, 15]",430.15,108,178.3,0.35
07:44:39,"[341.0, 24]","[337.0, 6]","[600.5, 18]","[645.0, 12]",470.75,60,259.5,0.0
07:44:40,"[337.67, 72]","[336.23, 31]","[573.67, 27]","[661.0, 2]",455.67,132,236.0,0.56
07:44:41,"[337.5, 60]","[336.77, 53]","[612.45, 22]","[665.0, 3]",474.98,138,274.95,0.64
07:44:42,"[338.0, 56]","[337.0, 8]","[375.4, 20]","[433.8, 30]",356.7,114,37.4,0.12
07:44:43,"[338.72, 50]","[337.75, 8]","[374.75, 16]","[376.0, 32]",356.74,106,36.03,0.09
07:44:44,"[339.0, 63]","[337.94, 68]","[373.92, 24]","[425.33, 48]",356.46,203,34.92,0.29
07:44:45,"[339.71, 14]","[338.36, 42]","[355.33, 18]","[374.0, 23]",347.52,97,15.62,0.15
07:44:46,"[339.25, 24]","[338.05, 66]","[351.38, 16]","[354.0, 24]",345.31,130,12.12,0.38
07:44:47,"[341.0, 46]","[339.0, 36]","[350.0, 24]","[510.17, 36]",345.5,142,9.0,0.15
07:44:48,"[339.2, 20]","[335.3, 92]","[346.27, 22]","[481.57, 28]",342.74,162,7.07,0.38
07:44:49,"[337.55, 11]","[335.05, 86]","[345.76, 17]","[429.5, 28]",341.66,142,8.22,0.37
07:44:50,"[338.0, 12]","[337.0, 66]","[345.5, 12]","[348.0, 24]",341.75,114,7.5,0.37
07:44:51,"[337.16, 38]","[335.63, 105]","[344.86, 14]","[348.0, 28]",341.01,185,7.7,0.55
07:44:52,"[337.0, 62]","[335.0, 132]","[344.0, 18]","[597.11, 36]",340.5,248,7.0,0.56
07:44:53,"[337.0, 30]","[335.0, 93]","[344.0, 10]","[693.4, 20]",340.5,153,7.0,0.61
07:44:54,"[337.0, 20]","[335.0, 120]","[344.0, 12]","[702.0, 24]",340.5,176,7.0,0.59
07:44:55,"[337.0, 26]","[335.0, 260]","[343.27, 15]","[485.65, 46]",340.13,347,6.27,0.65
07:44:56,"[337.0, 20]","[335.0, 200]","[340.85, 26]","[390.82, 17]",338.92,263,3.85,0.67
07:44:57,"[337.0, 28]","[335.0, 280]","[340.5, 24]","[364.84, 45]",338.75,377,3.5,0.63
07:44:58,"[337.0, 22]","[335.0, 220]","[340.87, 31]","[395.98, 41]",338.94,314,3.87,0.54
07:44:59,"[335.16, 74]","[334.5, 80]","[340.0, 21]","[354.0, 21]",337.58,196,4.84,0.57
07:45:00,"[335.0, 203]","[333.0, 60]","[340.0, 36]","[457.82, 33]",337.5,332,5.0,0.58
07:45:01,"[335.0, 168]","[333.0, 60]","[338.75, 36]","[466.14, 29]",336.88,293,3.75,0.56
07:45:02,"[335.0, 91]","[333.0, 40]","[336.38, 24]","[372.0, 24]",335.69,179,1.38,0.46
07:45:03,"[335.0, 46]","[333.0, 50]","[336.0, 30]","[485.16, 25]",335.5,151,1.0,0.27
07:45:04,"[335.0, 32]","[333.29, 42]","[336.0, 24]","[669.0, 40]",335.5,138,1.0,0.07
07:45:05,"[333.86, 44]","[332.6, 50]","[351.12, 43]","[408.43, 35]",342.49,172,17.25,0.09
07:45:06,"[333.0, 25]","[332.0, 20]","[362.0, 25]","[681.0, 5]",347.5,75,29.0,0.2
07:45:07,"[333.44, 36]","[332.56, 36]","[368.33, 12]","[380.61, 36]",350.89,120,34.89,0.2
07:45:08,"[340.34, 116]","[334.36, 47]","[366.36, 11]","[622.0, 11]",353.35,185,26.02,0.76
07:45:09,"[341.0, 78]","[336.33, 24]","[366.0, 6]","[639.0, 30]",353.5,138,25.0,0.48
07:45:10,"[341.36, 89]","[340.22, 87]","[365.0, 13]","[556.0, 65]",353.18,254,23.64,0.39
07:45:11,"[343.0, 13]","[342.0, 72]","[365.0, 10]","[479.11, 46]",354.0,141,22.0,0.21
07:45:12,"[343.0, 8]","[342.0, 96]","[364.09, 11]","[388.71, 17]",353.55,132,21.09,0.58
07:45:13,"[342.12, 73]","[341.55, 196]","[356.96, 46]","[357.86, 49]",349.54,364,14.83,0.48
07:45:14,"[342.0, 84]","[341.0, 121]","[343.37, 35]","[350.33, 21]",342.69,261,1.37,0.57
07:45:15,"[342.0, 55]","[341.0, 143]","[379.55, 33]","[471.03, 29]",360.77,260,37.55,0.52
07:45:16,"[342.0, 36]","[341.0, 154]","[534.93, 43]","[604.43, 23]",438.47,256,192.93,0.48
07:45:17,"[342.0, 10]","[341.0, 110]","[438.0, 40]","[548.0, 10]",390.0,170,96.0,0.41
07:45:18,"[341.03, 79]","[340.31, 71]","[417.68, 25]","[432.54, 28]",379.35,203,76.65,0.48
07:45:19,"[341.0, 109]","[340.0, 77]","[378.63, 27]","[381.84, 38]",359.81,251,37.63,0.48
07:45:20,"[341.0, 90]","[340.0, 70]","[361.5, 36]","[362.27, 22]",351.25,218,20.5,0.47
07:45:21,"[341.0, 110]","[340.0, 98]","[350.78, 45]","[429.84, 45]",345.89,298,9.78,0.4
07:45:22,"[341.0, 20]","[340.0, 49]","[394.77, 13]","[589.32, 19]",367.88,101,53.77,0.37
07:45:23,"[340.44, 43]","[338.35, 51]","[443.58, 36]","[588.33, 24]",392.01,154,103.14,0.22
07:45:24,"[341.0, 34]","[340.0, 24]","[460.8, 30]","[507.69, 26]",400.9,114,119.8,0.02
07:45:25,"[340.36, 11]","[336.94, 34]","[485.78, 36]","[558.14, 35]",413.07,116,145.41,-0.22
07:45:26,"[339.33, 9]","[336.11, 27]","[357.0, 29]","[474.03, 35]",348.17,100,17.67,-0.28
07:45:27,"[336.71, 14]","[335.93, 43]","[431.67, 24]","[502.53, 17]",384.19,98,94.95,0.16
07:45:28,"[341.0, 110]","[336.0, 44]","[462.97, 29]","[485.77, 22]",401.98,205,121.97,0.5
07:45:29,"[341.0, 110]","[336.0, 44]","[443.85, 41]","[445.35, 34]",392.43,229,102.85,0.34
07:45:30,"[341.0, 140]","[336.0, 56]","[437.89, 46]","[439.53, 32]",389.45,274,96.89,0.43
07:45:31,"[341.0, 150]","[336.89, 36]","[434.35, 52]","[435.21, 61]",387.67,299,93.35,0.24
07:45:32,"[341.0, 160]","[340.0, 16]","[429.93, 60]","[430.84, 51]",385.47,287,88.93,0.23
07:45:33,"[341.0, 75]","[340.0, 9]","[423.93, 28]","[424.96, 27]",382.46,139,82.93,0.21
07:45:34,"[341.0, 52]","[340.0, 11]","[419.41, 27]","[420.42, 24]",380.2,114,78.41,0.11
07:45:35,"[341.0, 44]","[340.0, 11]","[410.34, 32]","[411.19, 31]",375.67,118,69.34,-0.07
07:45:36,"[341.0, 32]","[340.0, 8]","[399.48, 21]","[401.42, 26]",370.24,87,58.48,-0.08
07:45:37,"[341.0, 36]","[340.0, 9]","[395.6, 20]","[397.24, 25]",368.3,90,54.6,0.0
07:45:38,"[340.89, 45]","[337.33, 30]","[389.79, 33]","[391.62, 32]",365.34,140,48.9,0.07
07:45:39,"[340.5, 12]","[336.31, 39]","[383.26, 42]","[384.69, 29]",361.88,122,42.76,-0.16
07:45:40,"[342.0, 12]","[340.0, 12]","[376.4, 30]","[377.93, 54]",359.2,108,34.4,-0.56
07:45:41,"[342.0, 8]","[340.0, 8]","[373.5, 16]","[375.45, 22]",357.75,54,31.5,-0.41
07:45:42,"[342.0, 11]","[340.0, 11]","[369.09, 34]","[369.97, 29]",355.54,85,27.09,-0.48
07:45:43,"[338.5, 20]","[337.0, 28]","[366.44, 36]","[367.83, 48]",352.47,132,27.94,-0.27
07:45:44,"[336.25, 60]","[334.28, 88]","[362.9, 58]","[363.91, 68]",349.57,274,26.65,0.08
07:45:45,"[335.8, 45]","[334.1, 101]","[359.62, 39]","[360.91, 66]",347.71,251,23.82,0.16
07:45:46,"[337.0, 42]","[334.0, 98]","[356.48, 66]","[357.5, 60]",346.74,266,19.48,0.05
07:45:47,"[337.0, 33]","[334.0, 77]","[352.22, 36]","[353.51, 35]",344.61,181,15.22,0.22
07:45:48,"[334.0, 84]","[332.0, 36]","[349.35, 26]","[350.65, 37]",341.67,183,15.35,0.31
07:45:49,"[334.0, 91]","[332.0, 39]","[346.38, 65]","[348.07, 59]",340.19,254,12.38,0.02
07:45:50,"[336.42, 72]","[333.9, 96]","[341.46, 69]","[344.21, 67]",338.94,304,5.05,0.11
07:45:51,"[334.0, 66]","[332.0, 30]","[337.13, 61]","[338.18, 57]",335.57,214,3.13,-0.1
07:45:52,"[333.78, 37]","[331.91, 22]","[335.53, 30]","[336.74, 54]",334.66,143,1.75,-0.17
07:45:53,"[331.78, 23]","[330.29, 14]","[333.39, 18]","[364.95, 37]",332.59,92,1.61,-0.2
07:45:54,"[332.8, 20]","[329.67, 12]","[365.65, 34]","[426.58, 48]",349.22,114,32.85,-0.44
07:45:55,"[334.0, 18]","[331.0, 6]","[399.0, 24]","[623.07, 29]",366.5,77,65.0,-0.38
07:45:56,"[332.97, 34]","[319.19, 16]","[394.18, 51]","[475.87, 68]",363.57,169,61.21,-0.41
07:45:57,"[339.73, 80]","[328.33, 15]","[343.94, 53]","[361.94, 67]",341.83,215,4.22,-0.12
07:45:58,"[340.0, 56]","[334.0, 11]","[341.43, 51]","[344.82, 33]",340.72,151,1.43,-0.11
07:45:59,"[297.92, 12]","[244.17, 42]","[341.75, 36]","[353.0, 36]",319.83,126,43.83,-0.14
07:46:00,"[132.63, 30]","[119.7, 33]","[331.22, 27]","[342.44, 27]",231.93,117,198.59,0.08
07:46:01,"[121.0, 32]","[120.0, 56]","[324.88, 24]","[349.5, 24]",222.94,136,203.88,0.29
07:46:02,"[186.17, 24]","[144.36, 33]","[325.0, 20]","[346.2, 30]",255.58,107,138.83,0.07
07:46:03,"[294.74, 27]","[296.42, 43]","[349.5, 24]","[373.53, 30]",322.12,124,54.76,0.13
07:46:04,"[342.0, 36]","[340.0, 96]","[350.38, 32]","[369.67, 36]",346.19,200,8.38,0.32
07:46:05,"[342.0, 18]","[340.0, 48]","[353.5, 30]","[355.0, 18]",347.75,114,11.5,0.16
07:46:06,"[342.0, 5]","[340.0, 16]","[353.0, 10]","[355.0, 6]",347.5,37,11.0,0.14
07:46:07,"[342.0, 12]","[340.0, 48]","[352.67, 30]","[355.0, 18]",347.33,108,10.67,0.11
07:46:08,"[342.0, 18]","[340.0, 100]","[352.0, 45]","[355.0, 27]",347.0,190,10.0,0.24
07:46:09,"[342.0, 10]","[340.0, 135]","[351.0, 45]","[355.0, 27]",346.5,217,9.0,0.34
07:46:10,"[340.02, 121]","[339.32, 47]","[348.56, 45]","[355.67, 27]",344.29,240,8.54,0.4
07:46:11,"[340.0, 180]","[339.0, 48]","[346.82, 44]","[351.0, 44]",343.41,316,6.82,0.44
07:46:12,"[340.0, 118]","[339.0, 56]","[351.46, 28]","[350.47, 66]",345.73,268,11.46,0.3
07:46:13,"[339.88, 33]","[338.21, 38]","[359.0, 30]","[381.12, 40]",349.44,141,19.12,0.01
07:46:14,"[339.0, 32]","[336.0, 80]","[356.0, 24]","[374.0, 40]",347.5,176,17.0,0.27
07:46:15,"[339.0, 28]","[336.0, 70]","[355.35, 23]","[447.82, 33]",347.17,154,16.35,0.27
07:46:16,"[339.0, 20]","[336.0, 50]","[356.0, 15]","[483.2, 25]",347.5,110,17.0,0.27
07:46:17,"[341.63, 164]","[337.17, 82]","[356.0, 39]","[500.08, 65]",348.82,350,14.37,0.41
07:46:18,"[342.0, 144]","[339.0, 32]","[355.15, 39]","[415.67, 30]",348.58,245,13.15,0.44
07:46:19,"[342.0, 172]","[339.0, 64]","[354.44, 62]","[404.66, 38]",348.22,336,12.44,0.4
07:46:20,"[342.0, 128]","[339.0, 56]","[352.62, 40]","[358.5, 24]",347.31,248,10.62,0.48
07:46:21,"[342.0, 135]","[339.0, 70]","[352.0, 50]","[360.0, 30]",347.0,285,10.0,0.44
07:46:22,"[342.0, 110]","[339.0, 70]","[351.38, 26]","[353.04, 46]",346.69,252,9.38,0.43
07:46:23,"[342.0, 78]","[339.0, 63]","[349.83, 24]","[351.79, 39]",345.92,204,7.83,0.38
07:46:24,"[342.0, 96]","[339.0, 84]","[345.75, 48]","[347.89, 28]",343.88,256,3.75,0.41
07:46:25,"[342.0, 81]","[339.3, 60]","[343.17, 60]","[344.23, 56]",342.58,257,1.17,0.1
07:46:26,"[340.15, 26]","[339.1, 62]","[343.0, 50]","[360.85, 26]",341.58,164,2.85,0.07
07:46:27,"[339.0, 66]","[336.0, 88]","[343.0, 55]","[362.0, 33]",341.0,242,4.0,0.27
07:46:28,"[339.0, 21]","[336.0, 48]","[342.25, 24]","[352.91, 22]",340.62,115,3.25,0.2
07:46:29,"[339.0, 48]","[336.0, 48]","[356.88, 17]","[558.0, 19]",347.94,132,17.88,0.45
07:46:30,"[340.0, 77]","[339.0, 88]","[357.0, 33]","[534.3, 23]",348.5,221,17.0,0.49
07:46:31,"[340.0, 29]","[339.0, 48]","[357.0, 18]","[566.0, 12]",348.5,107,17.0,0.44
07:46:32,"[340.0, 30]","[339.0, 20]","[357.0, 15]","[566.0, 10]",348.5,75,17.0,0.33
07:46:33,"[340.0, 42]","[339.0, 18]","[357.0, 18]","[599.86, 14]",348.5,92,17.0,0.3
07:46:34,"[340.0, 13]","[339.0, 9]","[357.0, 9]","[505.14, 7]",348.5,38,17.0,0.16
07:46:35,"[340.0, 30]","[339.0, 30]","[357.0, 30]","[360.0, 30]",348.5,120,17.0,0.0
07:46:36,"[340.0, 36]","[339.0, 36]","[356.97, 34]","[419.0, 36]",348.49,142,16.97,0.01
07:46:37,"[340.0, 21]","[339.0, 21]","[355.0, 7]","[357.0, 21]",347.5,70,15.0,0.2
07:46:38,"[340.0, 24]","[338.08, 26]","[353.62, 8]","[357.0, 24]",346.81,82,13.62,0.22
07:46:39,"[340.0, 21]","[336.33, 27]","[352.2, 15]","[355.18, 11]",346.1,74,12.2,0.3
07:46:40,"[340.0, 33]","[339.0, 33]","[350.96, 26]","[372.47, 32]",345.48,124,10.96,0.06
07:46:41,"[339.98, 40]","[338.72, 43]","[349.0, 14]","[351.0, 70]",344.49,167,9.02,-0.01
07:46:42,"[339.0, 12]","[336.0, 48]","[347.08, 12]","[351.0, 60]",343.04,132,8.08,-0.09
07:46:43,"[338.0, 12]","[335.73, 44]","[346.0, 12]","[355.5, 60]",342.0,128,8.0,-0.12
07:46:44,"[336.0, 16]","[335.0, 48]","[344.5, 16]","[360.0, 80]",340.25,160,8.5,-0.2
07:46:45,"[335.33, 18]","[334.45, 40]","[343.2, 10]","[354.8, 50]",339.27,118,7.87,-0.02
07:46:46,"[335.31, 26]","[334.13, 90]","[342.5, 10]","[354.0, 50]",338.9,176,7.19,0.32
07:46:47,"[336.0, 24]","[335.0, 36]","[340.92, 12]","[352.75, 60]",338.46,132,4.92,-0.09
07:46:48,"[336.0, 24]","[335.0, 36]","[342.69, 16]","[349.25, 57]",339.34,133,6.69,-0.1
07:46:49,"[337.85, 47]","[334.48, 69]","[347.12, 67]","[372.46, 37]",342.49,220,9.27,0.05
07:46:50,"[339.57, 42]","[334.16, 124]","[345.93, 56]","[348.57, 70]",342.75,292,6.36,0.14
07:46:51,"[340.2, 15]","[334.14, 111]","[348.32, 57]","[422.92, 48]",344.26,231,8.12,0.09
07:46:52,"[334.64, 55]","[331.23, 156]","[348.69, 26]","[350.0, 65]",341.66,302,14.06,0.4
07:46:53,"[335.6, 58]","[332.94, 136]","[347.24, 42]","[350.06, 62]",341.42,298,11.63,0.3
07:46:54,"[337.0, 33]","[334.0, 88]","[344.42, 38]","[346.43, 28]",340.71,187,7.42,0.29
07:46:55,"[337.25, 48]","[334.0, 128]","[343.05, 38]","[344.21, 58]",340.15,272,5.8,0.29
07:46:56,"[335.85, 52]","[333.88, 68]","[341.25, 32]","[343.0, 40]",338.55,192,5.4,0.25
07:46:57,"[334.0, 65]","[332.09, 11]","[338.09, 22]","[341.0, 44]",336.05,142,4.09,0.07
07:46:58,"[334.0, 44]","[332.0, 11]","[337.08, 24]","[340.81, 42]",335.54,121,3.08,-0.09
07:46:59,"[333.14, 21]","[329.06, 156]","[335.29, 28]","[347.55, 44]",334.21,249,2.14,0.42
07:47:00,"[329.19, 109]","[328.76, 125]","[334.62, 26]","[346.37, 38]",331.9,298,5.42,0.57
07:47:01,"[329.0, 187]","[324.0, 11]","[337.48, 23]","[351.33, 45]",333.24,266,8.48,0.49
07:47:02,"[334.0, 26]","[329.51, 173]","[346.9, 20]","[348.7, 46]",340.45,265,12.9,0.5
07:47:03,"[334.57, 51]","[330.67, 135]","[343.94, 32]","[345.75, 64]",339.25,282,9.37,0.32
07:47:04,"[332.9, 40]","[331.0, 60]","[343.31, 26]","[345.71, 28]",338.1,154,10.41,0.3
07:47:05,"[333.0, 40]","[330.55, 62]","[341.8, 30]","[344.0, 20]",337.4,152,8.8,0.34
07:47:06,"[332.26, 76]","[328.4, 48]","[338.94, 32]","[340.26, 43]",335.6,199,6.67,0.25
07:47:07,"[333.0, 50]","[331.0, 10]","[337.31, 32]","[341.19, 32]",335.16,124,4.31,-0.03
07:47:08,"[334.12, 32]","[331.23, 31]","[342.0, 48]","[364.0, 24]",338.06,135,7.88,-0.07
07:47:09,"[336.23, 13]","[332.65, 17]","[342.76, 37]","[372.74, 35]",339.49,102,6.53,-0.41
07:47:10,"[333.33, 36]","[331.8, 20]","[354.71, 45]","[394.74, 53]",344.02,154,21.38,-0.27
07:47:11,"[334.0, 39]","[333.0, 26]","[349.68, 31]","[350.52, 31]",341.84,127,15.68,0.02
07:47:12,"[340.78, 138]","[332.03, 66]","[346.55, 29]","[347.92, 25]",343.67,258,5.77,0.58
07:47:13,"[342.0, 132]","[332.0, 78]","[344.83, 29]","[345.76, 29]",343.41,268,2.83,0.57
07:47:14,"[342.0, 52]","[332.0, 72]","[343.35, 34]","[347.85, 26]",342.68,184,1.35,0.35
07:47:15,"[342.0, 28]","[339.0, 35]","[343.0, 21]","[350.14, 14]",342.5,98,1.0,0.29
07:47:16,"[342.0, 40]","[339.0, 50]","[343.0, 30]","[351.0, 20]",342.5,140,1.0,0.29
07:47:17,"[342.0, 15]","[339.0, 45]","[348.6, 20]","[450.82, 11]",345.3,91,6.6,0.32
07:47:18,"[342.0, 6]","[339.0, 30]","[351.0, 12]","[629.0, 12]",346.5,60,9.0,0.2
07:47:19,"[342.0, 7]","[339.0, 35]","[351.0, 14]","[360.0, 28]",346.5,84,9.0,0.0
07:47:20,"[342.0, 9]","[339.0, 45]","[351.0, 18]","[371.67, 24]",346.5,96,9.0,0.12
07:47:21,"[342.0, 5]","[339.0, 25]","[351.0, 10]","[511.8, 20]",346.5,60,9.0,0.0
07:47:22,"[342.0, 6]","[339.0, 30]","[351.0, 12]","[522.67, 24]",346.5,72,9.0,0.0
07:47:23,"[342.0, 10]","[339.0, 50]","[351.0, 20]","[401.5, 16]",346.5,96,9.0,0.25
07:47:24,"[340.8, 10]","[335.89, 54]","[351.0, 20]","[559.82, 22]",345.9,106,10.2,0.21
07:47:25,"[339.0, 9]","[332.0, 54]","[351.0, 18]","[598.0, 18]",345.0,99,12.0,0.27
07:47:26,"[332.82, 34]","[331.57, 42]","[351.0, 20]","[571.0, 20]",341.91,116,18.18,0.31
07:47:27,"[331.0, 24]","[328.0, 8]","[351.0, 16]","[579.12, 16]",341.0,64,20.0,0.0
07:47:28,"[253.67, 43]","[195.13, 23]","[351.0, 22]","[544.47, 19]",302.34,107,97.33,0.23
07:47:29,"[322.0, 66]","[218.64, 22]","[348.75, 28]","[390.36, 28]",335.38,144,26.75,0.22
07:47:30,"[332.18, 56]","[306.62, 16]","[346.84, 31]","[349.1, 29]",339.51,132,14.66,0.09
07:47:31,"[333.67, 60]","[328.88, 52]","[345.9, 30]","[348.0, 27]",339.78,169,12.23,0.33
07:47:32,"[337.63, 76]","[331.65, 51]","[342.38, 16]","[343.62, 32]",340.0,175,4.74,0.45
07:47:33,"[340.0, 92]","[339.0, 20]","[342.5, 22]","[344.76, 25]",341.25,159,2.5,0.41
07:47:34,"[339.81, 42]","[335.67, 30]","[341.67, 27]","[344.86, 21]",340.74,120,1.86,0.2
07:47:35,"[338.35, 23]","[333.91, 55]","[341.73, 33]","[352.18, 22]",340.04,133,3.38,0.17
07:47:36,"[334.0, 18]","[333.0, 30]","[339.67, 18]","[353.67, 12]",336.83,78,5.67,0.23
07:47:37,"[332.98, 51]","[332.47, 45]","[338.08, 39]","[360.07, 41]",335.53,176,5.1,0.09
07:47:38,"[332.0, 48]","[331.0, 12]","[337.0, 36]","[354.44, 32]",334.5,128,5.0,-0.06
07:47:39,"[332.0, 29]","[331.0, 8]","[337.0, 24]","[354.59, 22]",334.5,83,5.0,-0.11
07:47:40,"[332.78, 9]","[331.56, 9]","[336.67, 27]","[353.11, 27]",334.72,72,3.89,-0.5
07:47:41,"[334.0, 9]","[332.0, 9]","[336.0, 27]","[354.0, 27]",335.0,72,2.0,-0.5
07:47:42,"[332.0, 10]","[329.0, 50]","[334.5, 30]","[354.0, 30]",333.25,120,2.5,0.0
07:47:43,"[327.07, 43]","[325.69, 58]","[340.88, 48]","[354.33, 39]",333.97,188,13.81,0.07
07:47:44,"[326.08, 49]","[325.36, 14]","[327.63, 19]","[333.11, 37]",326.86,119,1.55,0.06
07:47:45,"[326.0, 45]","[325.0, 9]","[327.0, 9]","[328.0, 36]",326.5,99,1.0,0.09
07:47:46,"[322.5, 24]","[290.59, 78]","[324.94, 16]","[326.59, 17]",323.72,135,2.44,0.51
07:47:47,"[322.0, 20]","[277.86, 58]","[323.0, 24]","[325.6, 20]",322.5,122,1.0,0.28
07:47:48,"[324.7, 20]","[315.76, 25]","[329.15, 39]","[358.4, 30]",326.93,114,4.45,-0.21
07:47:49,"[325.0, 16]","[323.0, 16]","[358.86, 14]","[664.82, 33]",341.93,79,33.86,-0.19
07:47:50,"[326.65, 34]","[323.33, 24]","[360.06, 33]","[526.53, 34]",343.35,125,33.41,-0.07
07:47:51,"[330.86, 44]","[327.0, 14]","[339.0, 28]","[459.33, 15]",334.93,101,8.14,0.15
07:47:52,"[328.0, 22]","[324.0, 22]","[338.31, 39]","[414.4, 50]",333.15,133,10.31,-0.34
07:47:53,"[329.57, 51]","[327.0, 24]","[343.49, 47]","[402.21, 19]",336.53,141,13.92,0.06
07:47:54,"[331.0, 45]","[327.07, 30]","[344.0, 36]","[378.0, 9]",337.5,120,13.0,0.25
07:47:55,"[332.43, 35]","[330.4, 47]","[342.52, 58]","[343.41, 59]",337.47,199,10.09,-0.18
07:47:56,"[334.4, 20]","[333.0, 20]","[342.0, 40]","[343.0, 50]",338.2,130,7.6,-0.38
07:47:57,"[336.0, 16]","[333.0, 16]","[341.44, 36]","[342.56, 36]",338.72,104,5.44,-0.38
07:47:58,"[336.56, 18]","[333.48, 21]","[339.89, 45]","[342.0, 36]",338.22,120,3.33,-0.35
07:47:59,"[335.96, 23]","[334.54, 26]","[338.71, 35]","[342.0, 28]",337.34,112,2.76,-0.12
07:48:00,"[335.0, 50]","[333.0, 20]","[337.77, 26]","[342.52, 46]",336.38,142,2.77,-0.01
07:48:01,"[335.0, 56]","[333.0, 48]","[336.5, 16]","[343.9, 40]",335.75,160,1.5,0.3
07:48:02,"[333.85, 66]","[330.0, 60]","[336.06, 16]","[353.0, 64]",334.96,206,2.21,0.22
07:48:03,"[331.16, 50]","[325.87, 30]","[335.0, 9]","[352.78, 36]",333.08,125,3.84,0.28
07:48:04,"[331.0, 42]","[325.0, 49]","[334.14, 7]","[352.0, 28]",332.57,126,3.14,0.44
07:48:05,"[331.0, 49]","[325.0, 63]","[333.78, 9]","[352.0, 36]",332.39,157,2.78,0.43
07:48:06,"[331.0, 33]","[325.0, 49]","[342.46, 13]","[458.71, 28]",336.73,123,11.46,0.33
07:48:07,"[331.0, 32]","[325.0, 56]","[349.0, 32]","[416.0, 26]",340.0,146,18.0,0.21
07:48:08,"[331.9, 87]","[325.75, 48]","[349.0, 48]","[421.17, 41]",340.45,224,17.1,0.21
07:48:09,"[332.7, 100]","[331.0, 10]","[349.0, 40]","[377.71, 31]",340.85,181,16.3,0.22
07:48:10,"[333.55, 110]","[331.0, 11]","[349.0, 44]","[361.07, 28]",341.27,193,15.45,0.25
07:48:11,"[334.0, 118]","[331.0, 15]","[346.0, 48]","[406.17, 36]",340.0,217,12.0,0.23
07:48:12,"[334.0, 99]","[331.99, 131]","[349.0, 44]","[392.91, 22]",341.5,296,15.0,0.55
07:48:13,"[334.0, 51]","[332.0, 104]","[349.0, 32]","[487.0, 20]",341.5,207,15.0,0.5
07:48:14,"[334.0, 17]","[333.0, 33]","[347.82, 44]","[354.54, 56]",340.91,150,13.82,-0.33
07:48:15,"[334.0, 10]","[333.0, 30]","[346.62, 37]","[348.79, 58]",340.31,135,12.62,-0.41
07:48:16,"[334.0, 13]","[333.0, 39]","[343.92, 13]","[346.0, 52]",338.96,117,9.92,-0.11
07:48:17,"[334.0, 8]","[333.0, 24]","[342.29, 17]","[345.61, 23]",338.15,72,8.29,-0.11
07:48:18,"[338.12, 17]","[333.44, 16]","[341.9, 40]","[343.0, 10]",340.01,83,3.78,-0.2
07:48:19,"[336.23, 13]","[332.08, 84]","[340.92, 39]","[341.86, 21]",338.58,157,4.69,0.24
07:48:20,"[332.12, 89]","[331.8, 179]","[338.73, 45]","[393.42, 24]",335.43,337,6.61,0.59
07:48:21,"[332.0, 78]","[331.0, 36]","[336.1, 10]","[337.86, 14]",334.05,138,4.1,0.65
07:48:22,"[332.1, 130]","[331.63, 145]","[335.52, 42]","[350.03, 29]",333.81,346,3.42,0.59
07:48:23,"[332.3, 71]","[331.8, 179]","[350.62, 32]","[417.81, 54]",341.46,336,18.33,0.49
07:48:24,"[338.69, 140]","[331.8, 120]","[349.55, 22]","[433.0, 44]",344.12,326,10.86,0.6
07:48:25,"[341.0, 65]","[332.0, 60]","[348.84, 25]","[394.82, 22]",344.92,172,7.84,0.45
07:48:26,"[341.0, 52]","[332.0, 48]","[348.0, 8]","[350.0, 20]",344.5,128,7.0,0.56
07:48:27,"[341.0, 117]","[332.0, 108]","[346.78, 18]","[352.26, 39]",343.89,282,5.78,0.6
07:48:28,"[341.0, 156]","[334.37, 114]","[345.42, 24]","[347.0, 24]",343.21,318,4.42,0.7
07:48:29,"[341.0, 78]","[335.0, 54]","[344.33, 12]","[347.0, 12]",342.67,156,3.33,0.69
07:48:30,"[338.0, 54]","[334.08, 117]","[343.92, 24]","[347.0, 24]",340.96,219,5.92,0.56
07:48:31,"[341.0, 23]","[339.0, 29]","[342.89, 18]","[350.0, 24]",341.94,94,1.89,0.11
07:48:32,"[339.0, 31]","[335.0, 99]","[340.83, 24]","[352.71, 51]",339.92,205,1.83,0.27
07:48:33,"[335.04, 100]","[333.19, 31]","[350.28, 43]","[356.07, 57]",342.66,231,15.24,0.13
07:48:34,"[335.0, 28]","[333.0, 4]","[349.0, 4]","[350.0, 32]",342.0,68,14.0,-0.06
07:48:35,"[335.0, 56]","[333.0, 12]","[347.83, 12]","[349.13, 39]",341.42,119,12.83,0.14
07:48:36,"[332.0, 144]","[331.0, 192]","[344.92, 26]","[345.31, 26]",338.46,388,12.92,0.73
07:48:37,"[332.0, 117]","[331.0, 156]","[340.47, 15]","[341.77, 31]",336.23,319,8.47,0.71
07:48:38,"[331.92, 53]","[330.6, 90]","[337.62, 24]","[339.0, 8]",334.77,175,5.7,0.63
07:48:39,"[333.0, 28]","[331.0, 84]","[335.57, 21]","[339.0, 7]",334.29,140,2.57,0.6
07:48:40,"[332.44, 43]","[330.85, 169]","[334.98, 40]","[338.38, 16]",333.71,268,2.53,0.58
07:48:41,"[331.04, 136]","[329.25, 163]","[334.35, 17]","[335.34, 35]",332.7,351,3.31,0.7
07:48:42,"[331.97, 76]","[330.59, 156]","[334.6, 30]","[340.91, 66]",333.29,328,2.63,0.41
07:48:43,"[331.0, 90]","[327.0, 40]","[332.56, 32]","[338.82, 34]",331.78,196,1.56,0.33
07:48:44,"[331.81, 59]","[331.09, 69]","[346.06, 48]","[547.92, 39]",338.94,215,14.25,0.19
07:48:45,"[340.0, 17]","[339.0, 134]","[347.0, 85]","[584.92, 71]",343.5,307,7.0,-0.02
07:48:46,"[340.0, 11]","[339.0, 88]","[347.0, 55]","[425.67, 42]",343.5,196,7.0,0.01
07:48:47,"[340.0, 8]","[339.0, 64]","[347.0, 40]","[432.92, 25]",343.5,137,7.0,0.05
07:48:48,"[340.0, 11]","[339.0, 88]","[346.85, 54]","[450.52, 25]",343.43,178,6.85,0.11
07:48:49,"[340.0, 12]","[339.0, 96]","[346.72, 58]","[419.67, 30]",343.36,196,6.72,0.1
07:48:50,"[339.0, 120]","[334.0, 120]","[346.4, 75]","[416.0, 48]",342.7,363,7.4,0.32
07:48:51,"[337.07, 83]","[333.71, 84]","[344.08, 65]","[346.0, 65]",340.57,297,7.0,0.12
07:48:52,"[334.0, 88]","[332.0, 33]","[343.51, 49]","[344.91, 55]",338.76,225,9.51,0.08
07:48:53,"[334.0, 94]","[332.0, 51]","[339.77, 83]","[340.78, 81]",336.89,309,5.77,-0.06
07:48:54,"[331.28, 50]","[329.23, 47]","[334.61, 61]","[341.71, 56]",332.94,214,3.33,-0.09
07:48:55,"[328.72, 58]","[326.22, 92]","[334.58, 26]","[338.81, 52]",331.65,228,5.85,0.32
07:48:56,"[327.86, 56]","[326.25, 96]","[331.53, 32]","[332.56, 36]",329.69,220,3.67,0.38
07:48:57,"[327.2, 20]","[326.03, 75]","[328.96, 50]","[331.07, 30]",328.08,175,1.76,0.09
07:48:58,"[326.14, 7]","[325.03, 37]","[329.0, 28]","[330.0, 14]",327.57,86,2.86,0.02
