Time,Bid1,Bid2,Ask1,Ask2,Mid-Price,Total_volume,Bid_ask_spread,Order_imbalance
07:30:00,"[0, 0]","[0, 0]","[0, 0]","[0, 0]",0.0,0,0.0,0.0
07:30:02,"[0, 0]","[0, 0]","[136.0, 9]","[498.5, 6]",68.0,15,136.0,-1.0
07:30:03,"[0, 0]","[0, 0]","[136.0, 9]","[479.0, 7]",68.0,16,136.0,-1.0
07:30:04,"[0, 0]","[0, 0]","[136.0, 9]","[168.27, 11]",68.0,20,136.0,-1.0
07:30:05,"[0, 0]","[0, 0]","[136.0, 12]","[137.0, 20]",68.0,32,136.0,-1.0
07:30:06,"[1.0, 54]","[0, 0]","[136.0, 18]","[137.0, 30]",68.5,102,135.0,0.06
07:30:07,"[1.0, 18]","[0, 0]","[136.0, 6]","[137.0, 10]",68.5,34,135.0,0.06
07:30:08,"[77.71, 28]","[10.31, 49]","[136.0, 27]","[137.0, 45]",106.86,149,58.29,0.03
07:30:09,"[120.58, 86]","[119.71, 96]","[135.0, 65]","[136.0, 42]",127.79,289,14.42,0.26
07:30:10,"[123.47, 55]","[121.16, 43]","[135.0, 28]","[136.0, 21]",129.24,147,11.53,0.33
07:30:11,"[125.84, 64]","[124.62, 48]","[135.0, 32]","[136.0, 24]",130.42,168,9.16,0.33
07:30:12,"[127.18, 34]","[125.86, 73]","[135.0, 36]","[136.0, 27]",131.09,170,7.82,0.26
07:30:13,"[129.76, 62]","[127.98, 83]","[135.0, 48]","[136.0, 36]",132.38,229,5.24,0.27
07:30:14,"[134.06, 68]","[130.59, 68]","[135.7, 46]","[137.27, 44]",134.88,226,1.64,0.2
07:30:15,"[136.98, 66]","[134.77, 60]","[139.73, 44]","[142.84, 95]",138.36,265,2.74,-0.05
07:30:16,"[138.86, 14]","[133.67, 18]","[142.53, 19]","[145.08, 39]",140.69,90,3.67,-0.29
07:30:17,"[135.0, 35]","[127.0, 21]","[143.0, 42]","[152.0, 63]",139.0,161,8.0,-0.3
07:30:18,"[136.3, 83]","[134.65, 68]","[142.45, 22]","[147.91, 66]",139.38,239,6.15,0.26
07:30:19,"[137.0, 71]","[135.0, 55]","[145.08, 26]","[150.72, 61]",141.04,213,8.08,0.18
07:30:20,"[138.15, 52]","[135.46, 61]","[144.51, 37]","[155.74, 50]",141.33,200,6.36,0.13
07:30:21,"[146.12, 25]","[143.73, 22]","[148.0, 14]","[157.0, 14]",147.06,75,1.88,0.25
07:30:22,"[146.43, 21]","[142.57, 23]","[150.57, 14]","[157.38, 16]",148.5,74,4.14,0.19
07:30:23,"[145.7, 40]","[141.97, 37]","[157.0, 22]","[158.0, 33]",151.35,132,11.3,0.17
07:30:24,"[150.0, 37]","[148.29, 17]","[157.56, 27]","[247.0, 33]",153.78,114,7.56,-0.05
07:30:25,"[151.59, 32]","[148.12, 16]","[157.51, 41]","[314.02, 42]",154.55,131,5.92,-0.27
07:30:26,"[151.0, 11]","[145.45, 33]","[157.0, 74]","[272.92, 38]",154.0,156,6.0,-0.44
07:30:27,"[151.38, 16]","[147.11, 27]","[156.03, 93]","[159.56, 59]",153.7,195,4.66,-0.56
07:30:28,"[152.0, 13]","[151.0, 13]","[153.77, 52]","[156.0, 95]",152.88,173,1.77,-0.7
07:30:29,"[145.43, 56]","[144.76, 68]","[154.44, 36]","[156.38, 32]",149.94,192,9.02,0.29
07:30:30,"[145.0, 65]","[144.0, 20]","[156.0, 25]","[157.0, 15]",150.5,125,11.0,0.36
07:30:31,"[145.26, 53]","[144.88, 103]","[155.71, 42]","[156.47, 38]",150.49,236,10.45,0.32
07:30:32,"[145.02, 93]","[144.32, 41]","[153.75, 32]","[155.0, 44]",149.39,210,8.73,0.28
07:30:33,"[145.0, 52]","[144.0, 16]","[153.0, 16]","[155.0, 32]",149.0,116,8.0,0.17
07:30:34,"[145.4, 47]","[144.81, 52]","[152.03, 59]","[154.02, 93]",148.72,251,6.63,-0.21
07:30:35,"[147.24, 34]","[143.4, 55]","[150.0, 33]","[151.0, 52]",148.62,174,2.76,0.02
07:30:36,"[143.0, 162]","[142.0, 85]","[147.02, 52]","[148.85, 55]",145.01,354,4.02,0.4
07:30:37,"[142.5, 52]","[103.86, 69]","[144.69, 36]","[145.29, 35]",143.6,192,2.19,0.26
07:30:38,"[142.0, 79]","[89.27, 66]","[144.59, 37]","[147.35, 93]",143.3,275,2.59,0.05
07:30:39,"[142.0, 40]","[133.07, 61]","[143.75, 24]","[148.0, 40]",142.88,165,1.75,0.22
07:30:40,"[120.49, 41]","[108.89, 53]","[146.72, 47]","[148.58, 48]",133.61,189,26.24,-0.01
07:30:41,"[109.64, 11]","[69.43, 14]","[148.0, 25]","[149.0, 20]",128.82,70,38.36,-0.29
07:30:42,"[140.53, 76]","[120.95, 74]","[148.0, 65]","[149.0, 52]",144.26,267,7.47,0.12
07:30:43,"[145.0, 127]","[142.0, 70]","[147.38, 58]","[148.67, 60]",146.19,315,2.38,0.25
07:30:44,"[142.61, 44]","[141.42, 36]","[146.16, 32]","[148.76, 82]",144.38,194,3.54,-0.18
07:30:45,"[142.0, 30]","[141.0, 18]","[147.0, 30]","[149.0, 54]",144.5,132,5.0,-0.27
07:30:46,"[142.0, 45]","[141.0, 27]","[145.86, 35]","[148.38, 65]",143.93,172,3.86,-0.16
07:30:47,"[142.0, 45]","[141.0, 27]","[143.0, 18]","[147.0, 45]",142.5,135,1.0,0.07
07:30:48,"[142.0, 40]","[141.0, 24]","[143.0, 16]","[146.25, 40]",142.5,120,1.0,0.07
07:30:49,"[141.91, 32]","[124.25, 24]","[145.14, 28]","[146.89, 36]",143.52,120,3.24,-0.07
07:30:50,"[145.0, 10]","[140.9, 30]","[146.0, 50]","[148.0, 40]",145.5,130,1.0,-0.38
07:30:51,"[145.0, 7]","[140.0, 21]","[146.0, 35]","[148.0, 28]",145.5,91,1.0,-0.38
07:30:52,"[145.0, 7]","[140.0, 21]","[146.0, 35]","[148.0, 28]",145.5,91,1.0,-0.38
07:30:53,"[145.0, 12]","[141.68, 22]","[146.0, 60]","[148.6, 50]",145.5,144,1.0,-0.53
07:30:54,"[143.5, 10]","[136.75, 12]","[146.0, 31]","[148.0, 16]",144.75,69,2.5,-0.36
07:30:55,"[142.67, 18]","[135.5, 18]","[148.0, 6]","[149.0, 30]",145.33,72,5.33,0.0
07:30:56,"[144.0, 24]","[139.0, 24]","[148.0, 8]","[149.0, 40]",146.0,96,4.0,0.0
07:30:57,"[140.08, 39]","[130.54, 41]","[174.95, 20]","[287.69, 58]",157.51,158,34.87,0.01
07:30:58,"[147.86, 63]","[145.2, 30]","[149.0, 36]","[199.62, 37]",148.43,166,1.14,0.12
07:30:59,"[148.26, 130]","[141.0, 32]","[378.55, 44]","[518.03, 36]",263.4,242,230.28,0.34
07:31:00,"[150.31, 122]","[148.58, 147]","[224.62, 40]","[312.23, 40]",187.47,349,74.31,0.54
07:31:01,"[151.0, 94]","[149.0, 154]","[220.36, 33]","[221.36, 33]",185.68,314,69.36,0.58
07:31:02,"[151.0, 120]","[149.0, 96]","[218.92, 36]","[220.0, 36]",184.96,288,67.92,0.5
07:31:03,"[151.0, 170]","[148.28, 50]","[178.97, 40]","[195.17, 53]",164.99,313,27.97,0.41
07:31:04,"[151.0, 168]","[148.09, 53]","[171.17, 54]","[173.47, 51]",161.08,326,20.17,0.36
07:31:05,"[151.22, 110]","[149.85, 113]","[169.24, 71]","[170.35, 62]",160.23,356,18.02,0.25
07:31:06,"[151.0, 61]","[149.0, 50]","[158.08, 26]","[164.8, 20]",154.54,157,7.08,0.41
07:31:07,"[150.65, 86]","[148.39, 74]","[152.6, 68]","[157.83, 36]",151.63,264,1.95,0.21
07:31:08,"[149.0, 40]","[144.0, 34]","[150.83, 30]","[153.24, 34]",149.92,138,1.83,0.07
07:31:09,"[146.66, 32]","[143.16, 44]","[174.95, 38]","[421.5, 18]",160.8,132,28.29,0.15
07:31:10,"[144.0, 60]","[141.0, 60]","[312.59, 22]","[370.92, 24]",228.3,166,168.59,0.45
07:31:11,"[144.27, 55]","[141.82, 55]","[182.12, 17]","[231.57, 21]",163.2,148,37.84,0.49
07:31:12,"[144.69, 68]","[143.21, 72]","[147.31, 48]","[148.62, 34]",146.0,222,2.62,0.26
07:31:13,"[145.72, 25]","[143.4, 30]","[148.0, 39]","[151.0, 13]",146.86,107,2.28,0.03
07:31:14,"[145.71, 28]","[141.85, 65]","[147.91, 35]","[151.0, 15]",146.81,143,2.2,0.3
07:31:15,"[142.12, 17]","[138.38, 64]","[144.08, 13]","[150.08, 13]",143.1,107,1.96,0.51
07:31:16,"[140.43, 49]","[130.03, 73]","[145.5, 16]","[177.83, 18]",142.96,156,5.07,0.56
07:31:17,"[144.0, 9]","[140.45, 31]","[148.0, 7]","[261.59, 17]",146.0,64,4.0,0.25
07:31:18,"[146.48, 23]","[146.12, 17]","[264.83, 29]","[327.57, 21]",205.65,90,118.35,-0.11
07:31:19,"[150.6, 15]","[147.71, 31]","[264.0, 65]","[265.0, 39]",207.3,150,113.4,-0.39
07:31:20,"[149.0, 10]","[145.0, 30]","[253.71, 34]","[262.7, 46]",201.35,120,104.71,-0.33
07:31:21,"[147.0, 30]","[142.96, 49]","[248.05, 63]","[390.74, 43]",197.52,185,101.05,-0.15
07:31:22,"[149.0, 20]","[145.0, 30]","[165.86, 44]","[186.71, 34]",157.43,128,16.86,-0.22
07:31:23,"[146.68, 40]","[144.52, 69]","[151.05, 81]","[152.08, 59]",148.86,249,4.37,-0.12
07:31:24,"[143.75, 32]","[138.85, 53]","[147.23, 48]","[148.68, 47]",145.49,180,3.48,-0.06
07:31:25,"[130.56, 36]","[125.45, 44]","[143.18, 34]","[144.39, 38]",136.87,152,12.62,0.05
07:31:26,"[132.62, 26]","[112.0, 54]","[141.08, 39]","[142.12, 41]",136.85,160,8.46,0.0
07:31:27,"[133.0, 24]","[132.0, 24]","[140.59, 37]","[142.13, 38]",136.8,123,7.59,-0.22
07:31:28,"[133.0, 28]","[116.09, 23]","[138.32, 22]","[142.0, 77]",135.66,150,5.32,-0.32
07:31:29,"[133.0, 18]","[122.0, 54]","[136.11, 9]","[141.56, 57]",134.56,138,3.11,0.04
07:31:30,"[134.26, 69]","[108.92, 37]","[137.39, 18]","[141.05, 63]",135.82,187,3.13,0.13
07:31:31,"[134.75, 48]","[129.35, 17]","[139.79, 38]","[142.0, 62]",137.27,165,5.04,-0.21
07:31:32,"[134.5, 20]","[122.4, 20]","[142.0, 16]","[143.0, 40]",138.25,96,7.5,-0.17
07:31:33,"[137.84, 38]","[136.8, 40]","[141.14, 56]","[142.91, 68]",139.49,202,3.3,-0.23
07:31:34,"[140.0, 40]","[106.62, 48]","[141.0, 46]","[143.0, 81]",140.5,215,1.0,-0.18
07:31:35,"[130.92, 53]","[100.55, 53]","[142.59, 79]","[228.29, 62]",136.76,247,11.67,-0.14
07:31:36,"[149.18, 33]","[130.08, 39]","[271.0, 28]","[366.0, 38]",210.09,138,121.82,0.04
07:31:37,"[155.0, 26]","[152.0, 20]","[334.2, 20]","[375.72, 36]",244.6,102,179.2,-0.1
07:31:38,"[155.0, 7]","[152.0, 14]","[410.95, 19]","[567.85, 26]",282.97,66,255.95,-0.36
07:31:39,"[154.0, 12]","[151.14, 112]","[294.0, 36]","[408.69, 32]",224.0,192,140.0,0.29
07:31:40,"[151.21, 28]","[150.96, 145]","[334.83, 18]","[517.35, 17]",243.02,208,183.62,0.66
07:31:41,"[151.0, 152]","[147.82, 17]","[348.62, 24]","[403.0, 16]",249.81,209,197.62,0.62
07:31:42,"[151.0, 114]","[149.0, 24]","[411.54, 13]","[548.94, 17]",281.27,168,260.54,0.64
07:31:43,"[151.0, 95]","[149.0, 20]","[370.77, 13]","[529.0, 12]",260.88,140,219.77,0.64
07:31:44,"[152.95, 37]","[150.98, 86]","[516.0, 21]","[540.43, 14]",334.47,158,363.05,0.56
07:31:45,"[155.0, 24]","[152.0, 24]","[530.88, 24]","[724.88, 16]",342.94,88,375.88,0.09
07:31:46,"[153.8, 10]","[151.14, 44]","[516.0, 12]","[581.0, 8]",334.9,74,362.2,0.46
07:31:47,"[151.62, 39]","[150.93, 118]","[393.29, 21]","[581.0, 14]",272.45,192,241.67,0.64
07:31:48,"[151.76, 29]","[150.87, 61]","[214.0, 12]","[581.0, 8]",182.88,110,62.24,0.64
07:31:49,"[151.0, 126]","[149.0, 28]","[504.4, 15]","[728.6, 20]",327.7,189,353.4,0.63
07:31:50,"[151.0, 171]","[149.0, 56]","[394.41, 29]","[717.88, 41]",272.71,297,243.41,0.53
07:31:51,"[151.0, 88]","[149.0, 44]","[186.73, 33]","[316.24, 25]",168.86,190,35.73,0.39
07:31:52,"[151.0, 106]","[149.0, 48]","[184.17, 36]","[307.38, 29]",167.58,219,33.17,0.41
07:31:53,"[151.0, 100]","[149.1, 40]","[180.54, 24]","[190.26, 23]",165.77,187,29.54,0.5
07:31:54,"[151.0, 90]","[150.0, 36]","[176.87, 23]","[177.92, 13]",163.93,162,25.87,0.56
07:31:55,"[151.0, 70]","[149.14, 28]","[174.88, 17]","[175.91, 11]",162.94,126,23.88,0.56
07:31:56,"[151.0, 139]","[149.0, 64]","[153.54, 37]","[163.24, 37]",152.27,277,2.54,0.47
07:31:57,"[151.0, 44]","[149.0, 40]","[359.13, 23]","[384.21, 34]",255.07,141,208.13,0.19
07:31:58,"[151.0, 20]","[149.0, 24]","[252.67, 18]","[640.0, 24]",201.83,86,101.67,0.02
07:31:59,"[151.0, 48]","[149.0, 94]","[218.0, 36]","[411.92, 48]",184.5,226,67.0,0.26
07:32:00,"[151.0, 52]","[149.0, 78]","[228.11, 44]","[353.52, 33]",189.56,207,77.11,0.26
07:32:01,"[151.0, 46]","[149.0, 84]","[154.64, 56]","[160.14, 42]",152.82,228,3.64,0.14
07:32:02,"[149.11, 35]","[146.71, 14]","[153.0, 36]","[222.82, 22]",151.06,107,3.89,-0.08
07:32:03,"[149.0, 27]","[145.25, 8]","[152.12, 32]","[314.44, 27]",150.56,94,3.12,-0.26
07:32:04,"[148.56, 27]","[142.24, 29]","[188.19, 43]","[261.39, 33]",168.37,132,39.63,-0.15
07:32:05,"[141.14, 22]","[139.46, 26]","[426.65, 17]","[511.81, 21]",283.89,86,285.51,0.12
07:32:06,"[143.19, 32]","[141.91, 44]","[422.67, 27]","[423.63, 43]",282.93,146,279.48,0.04
07:32:07,"[147.68, 71]","[146.12, 32]","[417.71, 17]","[421.78, 27]",282.69,147,270.03,0.4
07:32:08,"[154.13, 174]","[152.39, 115]","[415.14, 29]","[416.43, 37]",284.63,355,261.01,0.63
07:32:09,"[155.0, 132]","[153.0, 112]","[411.44, 18]","[412.22, 18]",283.22,280,256.44,0.74
07:32:10,"[155.0, 108]","[153.0, 96]","[277.59, 27]","[332.56, 16]",216.3,247,122.59,0.65
07:32:11,"[155.0, 72]","[153.0, 64]","[252.0, 16]","[273.0, 16]",203.5,168,97.0,0.62
07:32:12,"[155.0, 81]","[153.0, 72]","[247.48, 23]","[248.54, 35]",201.24,211,92.48,0.45
07:32:13,"[155.0, 99]","[153.0, 88]","[245.69, 45]","[247.23, 43]",200.34,275,90.69,0.36
07:32:14,"[155.0, 99]","[153.0, 88]","[233.57, 21]","[242.35, 17]",194.29,225,78.57,0.66
07:32:15,"[155.0, 135]","[153.0, 120]","[227.32, 28]","[231.81, 42]",191.16,325,72.32,0.57
07:32:16,"[155.0, 126]","[153.0, 112]","[226.21, 14]","[228.0, 14]",190.61,266,71.21,0.79
07:32:17,"[155.0, 86]","[153.0, 112]","[220.68, 28]","[222.67, 18]",187.84,244,65.68,0.62
07:32:18,"[155.0, 45]","[153.0, 72]","[216.43, 37]","[217.07, 27]",185.72,181,61.43,0.29
07:32:19,"[155.0, 80]","[153.0, 128]","[211.24, 38]","[212.19, 48]",183.12,294,56.24,0.41
07:32:20,"[152.29, 82]","[150.03, 60]","[206.41, 34]","[207.06, 16]",179.35,192,54.12,0.48
07:32:21,"[151.48, 84]","[150.34, 58]","[202.79, 38]","[203.45, 22]",177.13,202,51.31,0.41
07:32:22,"[152.21, 57]","[151.36, 84]","[199.8, 35]","[201.31, 29]",176.01,205,47.59,0.38
07:32:23,"[153.0, 22]","[152.0, 55]","[197.13, 23]","[198.53, 17]",175.07,117,44.13,0.32
07:32:24,"[153.0, 18]","[152.0, 45]","[194.36, 11]","[195.3, 20]",173.68,94,41.36,0.34
07:32:25,"[152.52, 42]","[151.61, 90]","[191.08, 26]","[192.19, 31]",171.8,189,38.55,0.4
07:32:26,"[155.0, 99]","[152.0, 44]","[185.94, 17]","[186.57, 21]",170.47,181,30.94,0.58
07:32:27,"[155.0, 66]","[152.0, 32]","[181.82, 11]","[183.45, 11]",168.41,120,26.82,0.63
07:32:28,"[155.0, 42]","[152.0, 36]","[178.88, 16]","[179.64, 11]",166.94,105,23.88,0.49
07:32:29,"[155.0, 40]","[152.0, 40]","[175.94, 17]","[176.93, 15]",165.47,112,20.94,0.43
07:32:30,"[155.0, 38]","[152.0, 56]","[171.26, 27]","[172.24, 29]",163.13,150,16.26,0.25
07:32:31,"[155.0, 12]","[152.0, 48]","[168.14, 42]","[169.14, 21]",161.57,123,13.14,-0.02
07:32:32,"[155.0, 13]","[152.0, 52]","[167.59, 34]","[168.12, 32]",161.29,131,12.59,-0.01
07:32:33,"[155.0, 17]","[152.0, 68]","[164.0, 46]","[165.12, 32]",159.5,163,9.0,0.04
07:32:34,"[155.0, 11]","[152.0, 44]","[159.78, 27]","[160.97, 30]",157.39,112,4.78,-0.02
07:32:35,"[151.43, 47]","[150.25, 48]","[153.57, 14]","[155.57, 21]",152.5,130,2.15,0.46
07:32:36,"[149.2, 40]","[145.4, 80]","[165.95, 19]","[184.03, 29]",157.57,168,16.75,0.43
07:32:37,"[149.0, 36]","[145.0, 72]","[178.89, 45]","[209.77, 13]",163.94,166,29.89,0.3
07:32:38,"[149.87, 23]","[146.22, 46]","[178.0, 45]","[209.77, 13]",163.93,127,28.13,0.09
07:32:39,"[149.0, 35]","[145.0, 88]","[177.73, 55]","[528.58, 38]",163.36,216,28.73,0.14
07:32:40,"[147.03, 59]","[144.36, 91]","[173.5, 56]","[184.69, 65]",160.27,271,26.47,0.11
07:32:41,"[145.89, 45]","[143.4, 80]","[176.0, 45]","[357.57, 28]",160.94,198,30.11,0.26
07:32:42,"[145.0, 110]","[141.0, 88]","[190.09, 55]","[474.66, 53]",167.55,306,45.09,0.29
07:32:43,"[145.04, 68]","[141.26, 77]","[279.68, 22]","[357.62, 39]",212.36,206,134.64,0.41
07:32:44,"[146.0, 27]","[145.0, 45]","[217.31, 26]","[248.67, 33]",181.65,131,71.31,0.1
07:32:45,"[145.38, 32]","[142.54, 52]","[179.75, 16]","[181.0, 32]",162.56,132,34.38,0.27
07:32:46,"[145.0, 41]","[141.0, 72]","[176.83, 24]","[180.2, 30]",160.92,167,31.83,0.35
07:32:47,"[146.31, 48]","[142.09, 77]","[175.02, 47]","[176.29, 34]",160.67,206,28.71,0.21
07:32:48,"[149.0, 20]","[145.0, 40]","[167.97, 34]","[170.08, 25]",158.49,119,18.97,0.01
07:32:49,"[149.0, 26]","[145.0, 52]","[165.41, 49]","[168.05, 40]",157.2,167,16.41,-0.07
07:32:50,"[146.12, 25]","[142.82, 44]","[160.47, 34]","[162.16, 19]",153.3,122,14.35,0.13
07:32:51,"[146.0, 45]","[145.0, 45]","[157.34, 50]","[158.02, 43]",151.67,183,11.34,-0.02
07:32:52,"[146.0, 36]","[145.0, 35]","[153.75, 24]","[156.0, 48]",149.88,143,7.75,-0.01
07:32:53,"[146.0, 39]","[145.0, 52]","[151.23, 26]","[156.0, 52]",148.62,169,5.23,0.08
07:32:54,"[146.18, 38]","[144.33, 72]","[149.42, 24]","[156.0, 48]",147.8,182,3.23,0.21
07:32:55,"[145.8, 35]","[144.49, 61]","[161.24, 42]","[201.38, 32]",153.52,170,15.44,0.13
07:32:56,"[148.08, 25]","[146.28, 25]","[256.49, 37]","[382.08, 36]",202.28,123,108.41,-0.19
07:32:57,"[147.67, 15]","[145.11, 19]","[285.71, 21]","[455.0, 35]",216.69,90,138.05,-0.24
07:32:58,"[150.5, 12]","[147.61, 23]","[369.68, 47]","[433.2, 41]",260.09,123,219.18,-0.43
07:32:59,"[151.56, 18]","[148.71, 21]","[302.38, 32]","[520.96, 51]",226.97,122,150.82,-0.36
07:33:00,"[144.09, 35]","[126.55, 58]","[380.29, 28]","[406.39, 46]",262.19,167,236.2,0.11
07:33:01,"[142.58, 67]","[133.75, 32]","[320.6, 20]","[425.59, 29]",231.59,148,178.02,0.34
07:33:02,"[137.07, 29]","[138.79, 86]","[387.73, 41]","[419.43, 23]",262.4,179,250.66,0.28
07:33:03,"[143.4, 75]","[141.16, 87]","[348.34, 62]","[357.1, 58]",245.87,282,204.94,0.15
07:33:04,"[151.0, 52]","[143.57, 112]","[193.62, 29]","[258.38, 61]",172.31,254,42.62,0.29
07:33:05,"[145.0, 84]","[143.5, 36]","[167.0, 48]","[206.94, 32]",156.0,200,22.0,0.2
07:33:06,"[145.51, 106]","[144.4, 80]","[164.09, 22]","[165.19, 43]",154.8,251,18.58,0.48
07:33:07,"[149.0, 18]","[144.77, 78]","[162.17, 24]","[163.76, 21]",155.58,141,13.17,0.36
07:33:08,"[149.0, 20]","[144.15, 39]","[159.33, 48]","[161.12, 34]",154.17,141,10.33,-0.16
07:33:09,"[149.67, 12]","[148.2, 10]","[160.95, 21]","[162.11, 9]",155.31,52,11.29,-0.15
07:33:10,"[150.0, 20]","[149.0, 20]","[158.21, 28]","[160.45, 22]",154.11,90,8.21,-0.11
07:33:11,"[151.0, 28]","[149.0, 28]","[156.61, 41]","[156.93, 29]",153.8,126,5.61,-0.11
07:33:12,"[149.13, 30]","[145.06, 128]","[223.16, 25]","[233.0, 38]",186.15,221,74.03,0.43
07:33:13,"[151.05, 43]","[149.6, 20]","[226.86, 22]","[294.62, 29]",188.96,114,75.82,0.11
07:33:14,"[153.0, 8]","[151.0, 48]","[272.41, 17]","[412.74, 23]",212.71,96,119.41,0.17
07:33:15,"[151.86, 7]","[150.64, 22]","[385.73, 11]","[420.29, 14]",268.79,54,233.87,0.07
07:33:16,"[149.0, 10]","[145.0, 90]","[251.38, 24]","[369.45, 29]",200.19,153,102.38,0.31
07:33:17,"[147.54, 74]","[146.06, 32]","[151.88, 25]","[250.54, 39]",149.71,170,4.34,0.25
07:33:18,"[151.0, 91]","[148.0, 39]","[356.34, 35]","[404.1, 31]",253.67,196,205.34,0.33
07:33:19,"[151.76, 58]","[150.79, 61]","[416.0, 30]","[451.0, 24]",283.88,173,264.24,0.38
07:33:20,"[152.69, 52]","[151.21, 71]","[256.82, 33]","[434.31, 29]",204.76,185,104.13,0.33
07:33:21,"[155.0, 54]","[152.13, 119]","[164.25, 48]","[246.44, 48]",159.62,269,9.25,0.29
07:33:22,"[155.0, 22]","[153.0, 55]","[161.55, 33]","[189.25, 24]",158.27,134,6.55,0.15
07:33:23,"[153.0, 27]","[151.51, 69]","[159.0, 33]","[227.84, 25]",156.0,154,6.0,0.25
07:33:24,"[152.0, 22]","[151.0, 121]","[158.45, 33]","[306.4, 30]",155.23,206,6.45,0.39
07:33:25,"[154.5, 12]","[151.48, 21]","[158.0, 18]","[174.0, 12]",156.25,63,3.5,0.05
07:33:26,"[152.71, 42]","[150.86, 42]","[158.0, 39]","[200.5, 28]",155.36,151,5.29,0.11
07:33:27,"[151.38, 34]","[147.57, 42]","[240.1, 31]","[395.87, 31]",195.74,138,88.71,0.1
07:33:28,"[152.0, 32]","[151.0, 24]","[353.0, 8]","[354.0, 16]",252.5,80,201.0,0.4
07:33:29,"[152.0, 40]","[151.0, 30]","[281.8, 15]","[276.0, 11]",216.9,96,129.8,0.46
07:33:30,"[152.0, 28]","[151.0, 34]","[181.78, 9]","[307.67, 45]",166.89,116,29.78,0.07
07:33:31,"[152.0, 6]","[151.0, 12]","[181.0, 3]","[370.0, 15]",166.5,36,29.0,0.0
07:33:32,"[151.86, 21]","[150.89, 38]","[181.0, 10]","[336.71, 34]",166.43,103,29.14,0.15
07:33:33,"[152.55, 31]","[150.83, 23]","[180.62, 8]","[499.19, 16]",166.59,78,28.08,0.38
07:33:34,"[153.0, 40]","[151.0, 30]","[177.53, 19]","[276.88, 34]",165.26,123,24.53,0.14
07:33:35,"[153.0, 44]","[151.0, 33]","[173.09, 35]","[175.8, 20]",163.04,132,20.09,0.17
07:33:36,"[153.0, 40]","[151.0, 30]","[170.4, 10]","[173.0, 40]",161.7,120,17.4,0.17
07:33:37,"[152.52, 42]","[150.23, 39]","[169.46, 13]","[172.32, 31]",160.99,125,16.94,0.3
07:33:38,"[151.0, 14]","[149.0, 21]","[166.85, 13]","[167.3, 10]",158.92,58,15.85,0.21
07:33:39,"[152.33, 18]","[150.45, 33]","[160.41, 27]","[161.9, 30]",156.37,108,8.07,-0.06
07:33:40,"[151.56, 18]","[148.6, 50]","[154.38, 42]","[155.12, 33]",152.97,143,2.83,-0.05
07:33:41,"[146.09, 33]","[144.87, 69]","[150.37, 27]","[153.86, 42]",148.23,171,4.28,0.19
07:33:42,"[145.05, 88]","[144.18, 44]","[148.48, 58]","[250.59, 63]",146.76,253,3.44,0.04
07:33:43,"[146.0, 18]","[145.0, 26]","[147.89, 36]","[508.0, 17]",146.94,97,1.89,-0.09
07:33:44,"[144.33, 12]","[139.9, 30]","[225.36, 42]","[349.85, 26]",184.85,110,81.02,-0.24
07:33:45,"[151.0, 8]","[143.0, 24]","[278.62, 32]","[310.42, 24]",214.81,88,127.62,-0.27
07:33:46,"[151.0, 9]","[143.19, 32]","[248.12, 43]","[278.17, 29]",199.56,113,97.12,-0.27
07:33:47,"[151.0, 9]","[146.0, 18]","[250.0, 35]","[284.08, 25]",200.5,87,99.0,-0.38
07:33:48,"[144.32, 44]","[143.04, 23]","[179.33, 27]","[181.0, 45]",161.83,139,35.02,-0.04
07:33:49,"[144.0, 66]","[143.0, 11]","[177.91, 33]","[606.13, 47]",160.95,157,33.91,-0.02
07:33:50,"[144.0, 54]","[143.0, 9]","[169.45, 33]","[261.68, 25]",156.73,121,25.45,0.04
07:33:51,"[149.0, 21]","[147.95, 63]","[175.25, 53]","[176.46, 39]",162.12,176,26.25,-0.05
07:33:52,"[152.94, 62]","[151.26, 46]","[170.35, 48]","[171.7, 44]",161.64,200,17.42,0.08
07:33:53,"[153.0, 30]","[152.0, 48]","[164.4, 42]","[165.75, 36]",158.7,156,11.4,0.0
07:33:54,"[153.0, 10]","[152.0, 20]","[162.0, 19]","[163.14, 21]",157.5,70,9.0,-0.14
07:33:55,"[153.0, 14]","[152.0, 28]","[161.0, 35]","[162.0, 21]",157.0,98,8.0,-0.14
07:33:56,"[153.0, 14]","[152.0, 28]","[161.0, 35]","[162.0, 21]",157.0,98,8.0,-0.14
07:33:57,"[153.0, 12]","[152.0, 48]","[159.58, 36]","[160.13, 38]",156.29,134,6.58,-0.1
07:33:58,"[151.38, 26]","[149.15, 67]","[154.69, 48]","[157.75, 32]",153.04,173,3.3,0.08
07:33:59,"[149.5, 12]","[144.38, 39]","[152.55, 33]","[153.65, 37]",151.02,121,3.05,-0.16
07:34:00,"[147.71, 24]","[143.61, 98]","[152.31, 65]","[153.27, 55]",150.01,242,4.6,0.01
07:34:01,"[145.74, 102]","[142.3, 88]","[149.09, 47]","[150.62, 45]",147.41,282,3.35,0.35
07:34:02,"[143.0, 10]","[142.0, 60]","[147.2, 10]","[252.28, 36]",145.1,116,4.2,0.21
07:34:03,"[141.16, 50]","[113.33, 24]","[146.21, 14]","[398.17, 58]",143.69,146,5.05,0.01
07:34:04,"[138.56, 57]","[121.0, 81]","[143.17, 41]","[316.95, 37]",140.87,216,4.61,0.28
07:34:05,"[130.0, 6]","[122.0, 30]","[139.9, 10]","[142.57, 14]",134.95,60,9.9,0.2
07:34:06,"[130.0, 14]","[122.0, 70]","[137.83, 18]","[139.07, 14]",133.92,116,7.83,0.45
07:34:07,"[126.27, 15]","[119.88, 51]","[137.29, 17]","[142.03, 31]",131.78,114,11.03,0.16
07:34:08,"[121.44, 45]","[84.12, 81]","[138.0, 9]","[143.0, 45]",129.72,180,16.56,0.4
07:34:09,"[123.17, 36]","[105.28, 67]","[143.0, 32]","[255.4, 20]",133.08,155,19.83,0.33
07:34:10,"[123.51, 68]","[117.49, 77]","[169.0, 11]","[391.0, 33]",146.26,189,45.49,0.53
07:34:11,"[124.59, 51]","[111.71, 68]","[447.53, 19]","[557.29, 14]",286.06,152,322.94,0.57
07:34:12,"[123.64, 99]","[114.07, 75]","[173.48, 23]","[374.58, 24]",148.56,221,49.84,0.57
07:34:13,"[125.89, 81]","[121.0, 45]","[139.77, 26]","[141.77, 13]",132.83,165,13.88,0.53
07:34:14,"[126.76, 76]","[123.16, 45]","[139.0, 40]","[141.0, 20]",132.88,181,12.24,0.34
07:34:15,"[130.02, 107]","[129.48, 58]","[139.0, 60]","[141.0, 30]",134.51,255,8.98,0.29
07:34:16,"[134.5, 20]","[131.0, 90]","[139.0, 40]","[141.0, 20]",136.75,170,4.5,0.29
07:34:17,"[136.82, 44]","[131.91, 44]","[139.0, 32]","[141.0, 16]",137.91,136,2.18,0.29
07:34:18,"[115.8, 55]","[72.15, 26]","[139.96, 27]","[141.78, 36]",127.88,144,24.16,0.12
07:34:19,"[79.42, 48]","[17.91, 44]","[141.78, 23]","[142.23, 26]",110.6,141,62.37,0.3
07:34:20,"[126.71, 42]","[87.74, 38]","[142.0, 16]","[143.0, 8]",134.36,104,15.29,0.54
07:34:21,"[139.28, 54]","[115.57, 56]","[141.44, 32]","[142.56, 18]",140.36,160,2.16,0.38
07:34:22,"[142.03, 37]","[112.78, 49]","[174.94, 18]","[277.05, 20]",158.49,124,32.92,0.39
07:34:23,"[148.86, 35]","[125.65, 37]","[229.43, 14]","[386.89, 18]",189.14,104,80.57,0.38
07:34:24,"[153.0, 32]","[112.7, 40]","[265.57, 23]","[315.89, 19]",209.28,114,112.57,0.26
07:34:25,"[153.0, 17]","[119.57, 28]","[256.0, 21]","[393.71, 14]",204.5,80,103.0,0.12
07:34:26,"[153.0, 30]","[144.41, 68]","[232.29, 21]","[262.92, 24]",192.64,143,79.29,0.37
07:34:27,"[153.86, 14]","[150.71, 42]","[254.46, 26]","[364.29, 21]",204.16,103,100.6,0.09
07:34:28,"[150.14, 21]","[139.67, 36]","[255.0, 18]","[436.0, 12]",202.57,87,104.86,0.31
07:34:29,"[149.41, 29]","[139.94, 33]","[254.0, 21]","[383.2, 10]",201.71,93,104.59,0.33
07:34:30,"[152.0, 12]","[149.0, 30]","[249.41, 17]","[272.73, 11]",200.71,70,97.41,0.2
07:34:31,"[149.26, 23]","[144.62, 40]","[240.38, 24]","[263.67, 18]",194.82,105,91.11,0.2
07:34:32,"[149.0, 22]","[145.0, 45]","[194.23, 22]","[223.92, 24]",171.61,113,45.23,0.19
07:34:33,"[149.0, 18]","[145.0, 45]","[157.45, 11]","[158.52, 25]",153.23,99,8.45,0.27
07:34:34,"[150.33, 12]","[146.14, 28]","[156.0, 8]","[158.0, 24]",153.17,72,5.67,0.11
07:34:35,"[153.0, 9]","[149.0, 18]","[155.36, 11]","[157.88, 25]",154.18,63,2.36,-0.14
07:34:36,"[152.13, 23]","[150.37, 73]","[154.0, 42]","[155.0, 14]",153.07,152,1.87,0.26
07:34:37,"[151.0, 104]","[149.0, 33]","[152.93, 29]","[239.0, 13]",151.97,179,1.93,0.53
07:34:38,"[151.0, 58]","[149.0, 27]","[153.21, 33]","[153.57, 21]",152.11,139,2.21,0.22
07:34:39,"[151.0, 12]","[149.0, 27]","[152.45, 33]","[298.63, 27]",151.73,99,1.45,-0.21
07:34:40,"[151.0, 11]","[149.14, 35]","[167.98, 49]","[296.1, 29]",159.49,124,16.98,-0.26
07:34:41,"[145.91, 33]","[144.71, 55]","[163.82, 11]","[233.15, 26]",154.86,125,17.91,0.41
07:34:42,"[149.22, 36]","[146.11, 36]","[252.38, 32]","[365.74, 27]",200.8,131,103.15,0.1
07:34:43,"[152.0, 31]","[151.0, 10]","[227.94, 36]","[262.92, 25]",189.97,102,75.94,-0.2
07:34:44,"[152.0, 11]","[151.0, 11]","[225.53, 38]","[226.38, 39]",188.76,99,73.53,-0.56
07:34:45,"[152.0, 11]","[151.0, 11]","[224.27, 33]","[226.0, 44]",188.14,99,72.27,-0.56
07:34:46,"[153.61, 18]","[146.79, 14]","[223.0, 30]","[226.0, 40]",188.31,102,69.39,-0.37
07:34:47,"[145.29, 51]","[143.11, 38]","[223.0, 33]","[226.0, 44]",184.15,166,77.71,0.07
07:34:48,"[144.0, 60]","[143.0, 48]","[221.66, 41]","[223.43, 42]",182.83,191,77.66,0.13
07:34:49,"[144.0, 35]","[143.0, 28]","[195.18, 17]","[220.0, 24]",169.59,104,51.18,0.21
07:34:50,"[144.0, 12]","[143.0, 32]","[165.96, 26]","[167.14, 28]",154.98,98,21.96,-0.1
07:34:51,"[143.17, 36]","[121.27, 60]","[163.55, 55]","[165.89, 57]",153.36,208,20.38,-0.08
07:34:52,"[143.0, 24]","[105.85, 26]","[163.0, 32]","[164.0, 24]",153.0,106,20.0,-0.06
07:34:53,"[143.28, 29]","[122.0, 38]","[161.5, 46]","[163.05, 59]",152.39,172,18.22,-0.22
07:34:54,"[144.58, 12]","[125.29, 42]","[158.5, 48]","[160.0, 36]",151.54,138,13.92,-0.22
07:34:55,"[144.67, 6]","[81.0, 36]","[156.67, 18]","[158.0, 24]",150.67,84,12.0,0.0
07:34:56,"[145.94, 104]","[131.21, 38]","[154.89, 47]","[156.91, 44]",150.42,233,8.95,0.22
07:34:57,"[146.49, 55]","[145.98, 128]","[153.7, 40]","[155.14, 37]",150.1,260,7.21,0.41
07:34:58,"[149.14, 42]","[147.03, 116]","[153.36, 44]","[168.0, 47]",151.25,249,4.22,0.27
07:34:59,"[150.89, 18]","[146.3, 179]","[179.94, 52]","[290.38, 16]",165.42,265,29.05,0.49
07:35:00,"[152.0, 202]","[151.0, 13]","[200.9, 40]","[456.04, 27]",176.45,282,48.9,0.52
07:35:01,"[152.0, 170]","[151.0, 15]","[197.98, 54]","[199.59, 51]",174.99,290,45.98,0.28
07:35:02,"[154.27, 45]","[151.99, 188]","[194.13, 60]","[195.47, 68]",174.2,361,39.87,0.29
07:35:03,"[152.6, 100]","[151.82, 134]","[188.28, 72]","[189.56, 72]",170.44,378,35.68,0.24
07:35:04,"[152.0, 110]","[151.0, 33]","[185.09, 44]","[186.55, 44]",168.55,231,33.09,0.24
07:35:05,"[152.0, 130]","[151.0, 39]","[182.61, 46]","[184.08, 52]",167.3,267,30.61,0.27
07:35:06,"[152.01, 135]","[151.11, 47]","[181.28, 40]","[183.33, 55]",166.64,277,29.26,0.31
07:35:07,"[153.0, 26]","[152.0, 65]","[170.4, 40]","[179.69, 32]",161.7,163,17.4,0.12
07:35:08,"[153.0, 26]","[152.0, 65]","[175.38, 37]","[176.5, 32]",164.19,160,22.38,0.14
07:35:09,"[152.14, 29]","[151.4, 25]","[174.79, 19]","[175.62, 16]",163.46,89,22.65,0.21
07:35:10,"[152.32, 37]","[151.67, 45]","[171.76, 37]","[173.0, 30]",162.04,149,19.43,0.1
07:35:11,"[153.0, 17]","[152.0, 75]","[166.4, 50]","[169.6, 47]",159.7,189,13.4,-0.03
07:35:12,"[153.0, 12]","[152.0, 60]","[161.32, 41]","[163.05, 38]",157.16,151,8.32,-0.05
07:35:13,"[153.0, 12]","[152.0, 60]","[157.96, 45]","[159.59, 39]",155.48,156,4.96,-0.08
07:35:14,"[152.0, 21]","[151.0, 21]","[155.2, 25]","[156.5, 24]",153.6,91,3.2,-0.08
07:35:15,"[150.25, 48]","[149.43, 28]","[153.6, 47]","[157.68, 37]",151.92,160,3.35,-0.05
07:35:16,"[149.0, 70]","[145.0, 10]","[151.26, 38]","[152.64, 22]",150.13,140,2.26,0.14
07:35:17,"[149.0, 53]","[145.0, 13]","[195.92, 52]","[280.57, 56]",172.46,174,46.92,-0.24
07:35:18,"[149.9, 61]","[145.77, 57]","[243.19, 80]","[310.87, 79]",196.54,277,93.29,-0.15
07:35:19,"[150.92, 64]","[149.0, 10]","[432.0, 50]","[510.0, 40]",291.46,164,281.08,-0.1
07:35:20,"[151.05, 59]","[149.93, 15]","[499.34, 41]","[512.16, 37]",325.2,152,348.29,-0.03
07:35:21,"[151.48, 48]","[149.31, 109]","[311.48, 71]","[342.96, 47]",231.48,275,160.0,0.14
07:35:22,"[145.4, 20]","[144.16, 75]","[232.91, 45]","[263.8, 45]",189.16,185,87.51,0.03
07:35:23,"[145.0, 20]","[144.0, 70]","[188.88, 32]","[210.8, 40]",166.94,162,43.88,0.11
07:35:24,"[146.0, 58]","[145.0, 22]","[192.55, 44]","[266.45, 40]",169.27,164,46.55,-0.02
07:35:25,"[148.0, 60]","[145.0, 24]","[192.0, 48]","[239.85, 47]",170.0,179,44.0,-0.06
07:35:26,"[149.62, 61]","[145.0, 26]","[183.91, 44]","[225.36, 44]",166.77,175,34.29,-0.01
07:35:27,"[151.0, 22]","[145.0, 20]","[177.09, 35]","[185.43, 35]",164.04,112,26.09,-0.25
07:35:28,"[151.0, 20]","[145.0, 20]","[175.1, 40]","[297.07, 43]",163.05,123,24.1,-0.35
07:35:29,"[152.0, 16]","[148.0, 16]","[225.88, 34]","[323.09, 46]",188.94,112,73.88,-0.43
07:35:30,"[155.0, 9]","[151.0, 18]","[231.22, 18]","[703.33, 36]",193.11,81,76.22,-0.33
07:35:31,"[155.0, 13]","[152.86, 59]","[229.23, 26]","[386.46, 52]",192.12,150,74.23,-0.04
07:35:32,"[153.12, 48]","[151.91, 33]","[228.08, 24]","[352.48, 33]",190.6,138,74.96,0.17
07:35:33,"[153.0, 55]","[151.0, 22]","[225.45, 22]","[226.64, 22]",189.23,121,72.45,0.27
07:35:34,"[153.0, 45]","[151.0, 18]","[193.27, 22]","[204.55, 22]",173.14,107,40.27,0.18
07:35:35,"[153.0, 56]","[151.0, 20]","[166.2, 20]","[187.33, 30]",159.6,126,13.2,0.21
07:35:36,"[153.0, 90]","[151.87, 63]","[165.0, 30]","[173.87, 30]",159.0,213,12.0,0.44
07:35:37,"[153.0, 78]","[152.0, 65]","[162.38, 26]","[163.38, 26]",157.69,195,9.38,0.47
07:35:38,"[153.0, 66]","[152.0, 75]","[159.65, 54]","[160.86, 37]",156.32,232,6.65,0.22
07:35:39,"[153.0, 33]","[152.0, 55]","[158.29, 28]","[159.12, 51]",155.64,167,5.29,0.05
07:35:40,"[153.0, 42]","[152.0, 70]","[155.0, 46]","[157.29, 52]",154.0,210,2.0,0.07
07:35:41,"[152.06, 33]","[151.0, 36]","[153.64, 39]","[155.33, 30]",152.85,138,1.58,0.0
07:35:42,"[147.61, 46]","[149.44, 63]","[154.69, 26]","[195.6, 30]",151.15,165,7.08,0.32
07:35:43,"[151.0, 24]","[145.42, 72]","[154.74, 38]","[155.64, 28]",152.87,162,3.74,0.19
07:35:44,"[145.41, 54]","[144.77, 31]","[151.44, 36]","[153.0, 18]",148.43,139,6.04,0.22
07:35:45,"[145.0, 70]","[144.0, 20]","[150.67, 30]","[151.67, 30]",147.83,150,5.67,0.2
07:35:46,"[145.0, 97]","[144.0, 28]","[149.43, 28]","[151.0, 56]",147.21,209,4.43,0.2
07:35:47,"[145.0, 28]","[144.0, 20]","[148.91, 22]","[155.51, 41]",146.95,111,3.91,-0.14
07:35:48,"[146.29, 51]","[142.6, 30]","[149.06, 31]","[150.72, 58]",147.68,170,2.77,-0.05
07:35:49,"[138.0, 15]","[128.0, 44]","[145.21, 14]","[147.97, 39]",141.61,112,7.21,0.05
07:35:50,"[128.69, 48]","[121.09, 68]","[142.87, 45]","[143.35, 48]",135.78,209,14.18,0.11
07:35:51,"[129.62, 39]","[113.69, 39]","[141.7, 20]","[142.77, 53]",135.66,151,12.08,0.03
07:35:52,"[131.0, 39]","[102.58, 66]","[142.91, 53]","[237.87, 71]",136.95,229,11.91,-0.08
07:35:53,"[132.75, 24]","[113.46, 13]","[142.86, 21]","[303.42, 38]",137.8,96,10.11,-0.23
07:35:54,"[135.72, 46]","[108.68, 57]","[194.96, 55]","[392.0, 48]",165.34,206,59.25,0.0
07:35:55,"[134.09, 33]","[121.0, 44]","[195.87, 15]","[294.2, 50]",164.98,142,61.78,0.08
07:35:56,"[145.3, 43]","[135.95, 38]","[194.93, 15]","[318.07, 60]",170.12,156,49.63,0.04
07:35:57,"[152.14, 42]","[147.57, 56]","[193.0, 14]","[235.85, 65]",172.57,177,40.86,0.11
07:35:58,"[153.0, 33]","[149.0, 76]","[179.1, 31]","[250.29, 34]",166.05,174,26.1,0.25
07:35:59,"[152.64, 33]","[151.93, 60]","[192.0, 9]","[274.78, 36]",172.32,138,39.36,0.35
07:36:00,"[152.0, 57]","[151.0, 26]","[191.23, 13]","[239.85, 52]",171.62,148,39.23,0.12
07:36:01,"[152.0, 39]","[151.0, 26]","[187.29, 17]","[230.74, 46]",169.65,128,35.29,0.02
07:36:02,"[151.75, 24]","[149.53, 53]","[179.68, 22]","[185.1, 31]",165.72,130,27.93,0.18
07:36:03,"[151.0, 10]","[149.0, 80]","[153.0, 40]","[160.0, 40]",152.0,170,2.0,0.06
07:36:04,"[150.16, 19]","[146.13, 94]","[152.89, 36]","[163.28, 29]",151.52,178,2.73,0.27
07:36:05,"[149.51, 82]","[128.8, 90]","[181.65, 40]","[267.07, 40]",165.58,252,32.14,0.37
07:36:06,"[151.25, 28]","[149.0, 104]","[190.77, 39]","[284.2, 40]",171.01,211,39.52,0.25
07:36:07,"[150.0, 24]","[148.66, 70]","[236.0, 33]","[338.05, 37]",193.0,164,86.0,0.15
07:36:08,"[149.0, 72]","[145.0, 27]","[248.13, 31]","[324.85, 33]",198.56,163,99.13,0.21
07:36:09,"[149.0, 64]","[145.0, 24]","[166.88, 26]","[207.71, 14]",157.94,128,17.88,0.38
07:36:10,"[149.0, 96]","[145.0, 36]","[165.0, 12]","[220.42, 33]",157.0,177,16.0,0.49
07:36:11,"[150.29, 51]","[147.52, 65]","[165.0, 15]","[262.0, 15]",157.65,146,14.71,0.59
07:36:12,"[151.88, 25]","[149.54, 37]","[164.29, 7]","[262.0, 7]",158.08,76,12.41,0.63
07:36:13,"[156.0, 24]","[150.0, 96]","[163.08, 12]","[350.17, 48]",159.54,180,7.08,0.33
07:36:14,"[156.0, 20]","[150.0, 80]","[161.7, 10]","[264.26, 38]",158.85,148,5.7,0.35
07:36:15,"[156.0, 16]","[150.0, 64]","[160.88, 8]","[190.5, 24]",158.44,112,4.88,0.43
07:36:16,"[156.0, 18]","[150.0, 72]","[157.6, 15]","[211.64, 25]",156.8,130,1.6,0.38
07:36:17,"[150.51, 70]","[149.75, 32]","[157.4, 20]","[304.06, 35]",153.96,157,6.89,0.3
07:36:18,"[152.05, 38]","[150.12, 86]","[157.45, 22]","[250.32, 41]",154.75,187,5.4,0.33
07:36:19,"[151.19, 58]","[150.29, 34]","[155.52, 21]","[228.0, 13]",153.36,126,4.33,0.46
07:36:20,"[150.0, 129]","[149.0, 17]","[153.48, 29]","[185.11, 18]",151.74,193,3.48,0.51
07:36:21,"[150.0, 20]","[149.0, 14]","[151.76, 17]","[237.48, 27]",150.88,78,1.76,-0.13
07:36:22,"[149.75, 8]","[146.71, 14]","[191.55, 11]","[296.5, 30]",170.65,63,41.8,-0.3
07:36:23,"[145.94, 17]","[139.75, 32]","[331.0, 11]","[700.0, 55]",238.47,115,185.06,-0.15
07:36:24,"[145.27, 11]","[119.29, 17]","[597.13, 31]","[677.33, 27]",371.2,86,451.86,-0.35
07:36:25,"[150.5, 8]","[145.2, 5]","[311.41, 17]","[388.94, 17]",230.96,47,160.91,-0.45
07:36:26,"[148.8, 20]","[124.43, 30]","[232.29, 28]","[244.29, 34]",190.54,112,83.49,-0.11
07:36:27,"[119.72, 32]","[99.0, 36]","[229.71, 17]","[231.67, 24]",174.71,109,109.99,0.25
07:36:28,"[102.64, 33]","[88.18, 33]","[189.64, 11]","[218.47, 15]",146.14,92,87.0,0.43
07:36:29,"[156.0, 117]","[130.09, 87]","[226.76, 17]","[227.64, 22]",191.38,243,70.76,0.68
07:36:30,"[156.0, 52]","[154.0, 64]","[224.6, 10]","[225.86, 14]",190.3,140,68.6,0.66
07:36:31,"[156.0, 35]","[154.0, 108]","[222.19, 42]","[223.0, 27]",189.1,212,66.19,0.35
07:36:32,"[156.0, 16]","[154.0, 96]","[220.25, 8]","[222.0, 40]",188.12,160,64.25,0.4
07:36:33,"[156.0, 26]","[154.0, 156]","[216.86, 43]","[218.37, 43]",186.43,268,60.86,0.36
07:36:34,"[156.0, 18]","[154.0, 108]","[211.08, 26]","[213.65, 31]",183.54,183,55.08,0.38
07:36:35,"[156.0, 26]","[154.0, 156]","[203.56, 36]","[205.87, 23]",179.78,241,47.56,0.51
07:36:36,"[155.14, 56]","[153.92, 200]","[199.56, 27]","[201.15, 62]",177.35,345,44.41,0.48
07:36:37,"[154.0, 96]","[152.0, 34]","[196.08, 12]","[197.04, 24]",175.04,166,42.08,0.57
07:36:38,"[154.0, 108]","[152.0, 45]","[193.76, 29]","[194.48, 29]",173.88,211,39.76,0.45
07:36:39,"[154.0, 168]","[152.0, 70]","[190.83, 48]","[191.17, 35]",172.42,321,36.83,0.48
07:36:40,"[154.0, 108]","[152.0, 45]","[185.73, 11]","[186.86, 14]",169.86,178,31.73,0.72
07:36:41,"[154.0, 148]","[152.0, 70]","[180.67, 15]","[181.52, 21]",167.33,254,26.67,0.72
07:36:42,"[154.0, 63]","[152.0, 45]","[177.38, 21]","[178.38, 13]",165.69,142,23.38,0.52
07:36:43,"[154.0, 68]","[152.0, 60]","[174.25, 24]","[176.0, 12]",164.12,164,20.25,0.56
07:36:44,"[154.0, 65]","[152.0, 65]","[168.33, 33]","[170.14, 21]",161.17,184,14.33,0.41
07:36:45,"[153.05, 61]","[151.18, 68]","[163.48, 33]","[164.54, 41]",158.27,203,10.44,0.27
07:36:46,"[152.29, 17]","[150.97, 31]","[159.09, 11]","[160.12, 16]",155.69,75,6.8,0.28
07:36:47,"[153.0, 9]","[152.0, 27]","[157.46, 13]","[159.15, 20]",155.23,69,4.46,0.04
07:36:48,"[152.73, 15]","[151.78, 36]","[154.59, 29]","[156.84, 49]",153.66,129,1.85,-0.21
07:36:49,"[152.71, 21]","[151.31, 29]","[154.0, 65]","[233.78, 32]",153.36,147,1.29,-0.32
07:36:50,"[151.07, 57]","[150.42, 48]","[170.87, 47]","[227.62, 52]",160.97,204,19.8,0.03
07:36:51,"[151.0, 50]","[150.0, 40]","[206.3, 50]","[208.0, 50]",178.65,190,55.3,-0.05
07:36:52,"[151.0, 33]","[150.0, 36]","[204.56, 45]","[352.59, 39]",177.78,153,53.56,-0.1
07:36:53,"[150.6, 5]","[149.0, 20]","[204.0, 25]","[205.0, 25]",177.3,75,53.4,-0.33
07:36:54,"[149.0, 9]","[145.0, 36]","[203.0, 45]","[204.0, 45]",176.0,135,54.0,-0.33
07:36:55,"[145.61, 33]","[144.49, 41]","[202.67, 60]","[204.0, 60]",174.14,194,57.06,-0.24
07:36:56,"[145.4, 70]","[143.53, 34]","[200.42, 60]","[201.5, 60]",172.91,224,55.02,-0.07
07:36:57,"[147.8, 55]","[147.76, 55]","[197.7, 50]","[198.8, 50]",172.75,210,49.9,0.05
07:36:58,"[149.67, 36]","[147.46, 26]","[196.0, 30]","[197.0, 30]",172.83,122,46.33,0.02
07:36:59,"[149.02, 82]","[146.22, 36]","[194.67, 60]","[196.33, 60]",171.85,238,45.64,-0.01
07:37:00,"[150.0, 5]","[149.0, 40]","[192.0, 25]","[193.8, 25]",171.0,95,42.0,-0.05
07:37:01,"[150.58, 12]","[149.09, 44]","[189.14, 29]","[190.8, 25]",169.86,110,38.55,0.02
07:37:02,"[151.56, 18]","[150.82, 17]","[187.97, 61]","[188.87, 53]",169.76,149,36.41,-0.53
07:37:03,"[152.47, 19]","[150.91, 22]","[184.22, 55]","[185.34, 35]",168.35,131,31.74,-0.37
07:37:04,"[152.5, 32]","[150.3, 92]","[181.5, 80]","[182.02, 48]",167.0,252,29.0,-0.02
07:37:05,"[155.0, 10]","[151.0, 50]","[178.92, 38]","[180.4, 50]",166.96,148,23.92,-0.19
07:37:06,"[151.57, 14]","[149.15, 133]","[177.0, 65]","[178.0, 13]",164.29,225,25.43,0.31
07:37:07,"[149.07, 87]","[147.07, 74]","[175.81, 37]","[176.29, 41]",162.44,239,26.74,0.35
07:37:08,"[149.0, 89]","[145.0, 32]","[174.18, 33]","[175.67, 45]",161.59,199,25.18,0.22
07:37:09,"[149.0, 6]","[145.0, 18]","[171.7, 10]","[173.82, 22]",160.35,56,22.7,-0.14
07:37:10,"[146.33, 9]","[144.25, 24]","[168.66, 29]","[170.13, 39]",157.49,101,22.32,-0.35
07:37:11,"[145.0, 11]","[144.0, 33]","[165.78, 27]","[168.88, 41]",155.39,112,20.78,-0.21
07:37:12,"[145.0, 14]","[144.0, 42]","[162.03, 32]","[162.5, 48]",153.52,136,17.03,-0.18
07:37:13,"[145.53, 97]","[144.88, 128]","[160.65, 17]","[162.89, 35]",153.09,277,15.12,0.62
07:37:14,"[147.11, 45]","[145.0, 144]","[158.67, 12]","[159.28, 18]",152.89,219,11.56,0.73
07:37:15,"[145.77, 189]","[144.84, 171]","[152.59, 37]","[153.18, 39]",149.18,436,6.83,0.65
07:37:16,"[145.0, 204]","[144.0, 39]","[147.32, 41]","[147.9, 31]",146.16,315,2.32,0.54
07:37:17,"[145.0, 93]","[144.0, 24]","[151.13, 31]","[170.15, 26]",148.06,174,6.13,0.34
07:37:18,"[145.0, 30]","[144.0, 15]","[199.0, 15]","[340.77, 13]",172.0,73,54.0,0.23
07:37:19,"[145.0, 54]","[144.0, 27]","[448.8, 35]","[604.04, 25]",296.9,141,303.8,0.15
07:37:20,"[145.34, 53]","[144.62, 48]","[292.28, 43]","[426.67, 45]",218.81,189,146.94,0.07
07:37:21,"[147.77, 78]","[147.13, 114]","[164.79, 70]","[270.9, 29]",156.28,291,17.02,0.32
07:37:22,"[149.95, 57]","[148.89, 141]","[163.06, 53]","[234.18, 44]",156.5,295,13.11,0.34
07:37:23,"[152.64, 150]","[151.0, 36]","[160.92, 48]","[163.0, 60]",156.78,294,8.28,0.27
07:37:24,"[153.0, 134]","[151.0, 39]","[159.0, 65]","[160.0, 52]",156.0,290,6.0,0.19
07:37:25,"[153.0, 114]","[151.0, 42]","[157.71, 70]","[160.0, 56]",155.36,282,4.71,0.11
07:37:26,"[152.65, 52]","[150.5, 36]","[154.98, 53]","[189.15, 55]",153.82,196,2.33,-0.1
07:37:27,"[153.0, 59]","[151.0, 27]","[231.53, 34]","[345.56, 43]",192.26,163,78.53,0.06
07:37:28,"[153.0, 45]","[151.0, 39]","[175.32, 41]","[224.1, 41]",164.16,166,22.32,0.01
07:37:29,"[153.0, 30]","[151.0, 30]","[162.18, 34]","[178.0, 19]",157.59,113,9.18,0.06
07:37:30,"[153.0, 24]","[151.0, 24]","[157.0, 16]","[163.36, 28]",155.0,92,4.0,0.04
07:37:31,"[153.0, 24]","[151.0, 24]","[156.75, 16]","[214.75, 12]",154.88,76,3.75,0.26
07:37:32,"[150.38, 32]","[145.85, 106]","[156.0, 24]","[286.1, 20]",153.19,182,5.62,0.52
07:37:33,"[149.0, 47]","[145.0, 156]","[154.04, 23]","[155.38, 21]",151.52,247,5.04,0.64
07:37:34,"[149.0, 44]","[145.0, 148]","[151.43, 21]","[152.47, 15]",150.21,228,2.43,0.68
07:37:35,"[149.0, 42]","[145.0, 182]","[150.0, 14]","[152.33, 21]",149.5,259,1.0,0.73
07:37:36,"[149.0, 22]","[145.0, 143]","[190.73, 11]","[214.64, 11]",169.86,187,41.73,0.76
07:37:37,"[150.37, 41]","[145.82, 49]","[200.08, 24]","[226.58, 24]",175.22,138,49.72,0.3
07:37:38,"[151.0, 98]","[149.0, 28]","[245.37, 38]","[453.87, 46]",198.18,210,94.37,0.2
07:37:39,"[151.1, 70]","[149.0, 20]","[321.0, 10]","[472.59, 34]",236.05,134,169.9,0.34
07:37:40,"[152.0, 77]","[149.0, 22]","[230.55, 11]","[431.22, 23]",191.27,133,78.55,0.49
07:37:41,"[152.0, 91]","[149.96, 50]","[163.18, 34]","[283.6, 25]",157.59,200,11.18,0.41
07:37:42,"[152.0, 126]","[150.58, 38]","[162.44, 72]","[269.2, 30]",157.22,266,10.44,0.23
07:37:43,"[152.0, 56]","[151.0, 40]","[161.0, 32]","[336.5, 16]",156.5,144,9.0,0.33
07:37:44,"[152.0, 105]","[151.0, 75]","[159.67, 60]","[391.13, 15]",155.83,255,7.67,0.41
07:37:45,"[152.0, 58]","[151.0, 44]","[158.56, 36]","[357.11, 9]",155.28,147,6.56,0.39
07:37:46,"[151.0, 33]","[150.0, 56]","[157.0, 56]","[365.0, 14]",154.0,159,6.0,0.12
07:37:47,"[151.97, 79]","[150.9, 40]","[154.33, 48]","[396.0, 12]",153.15,179,2.36,0.33
07:37:48,"[152.0, 62]","[151.0, 40]","[153.5, 40]","[278.6, 10]",152.75,152,1.5,0.34
07:37:49,"[152.0, 32]","[151.0, 36]","[153.0, 36]","[339.11, 9]",152.5,113,1.0,0.2
07:37:50,"[151.29, 17]","[150.54, 26]","[183.7, 23]","[650.75, 12]",167.49,78,32.4,0.1
07:37:51,"[151.0, 56]","[149.69, 52]","[273.0, 36]","[340.42, 26]",212.0,170,122.0,0.27
07:37:52,"[151.0, 20]","[150.0, 30]","[272.0, 15]","[320.0, 25]",211.5,90,121.0,0.11
07:37:53,"[151.0, 36]","[150.0, 54]","[257.38, 29]","[278.41, 32]",204.19,151,106.38,0.19
07:37:54,"[151.0, 44]","[150.0, 66]","[185.14, 21]","[240.22, 27]",168.07,158,34.14,0.39
07:37:55,"[151.0, 24]","[150.0, 36]","[156.83, 18]","[158.0, 18]",153.92,96,5.83,0.25
07:37:56,"[151.92, 104]","[150.8, 60]","[155.07, 42]","[156.93, 42]",153.5,248,3.15,0.32
07:37:57,"[152.0, 34]","[151.0, 20]","[153.0, 15]","[155.09, 11]",152.5,80,1.0,0.35
07:37:58,"[154.63, 83]","[151.04, 54]","[316.19, 16]","[631.85, 27]",235.41,180,161.56,0.52
07:37:59,"[155.0, 30]","[153.0, 12]","[325.67, 12]","[494.89, 9]",240.33,63,170.67,0.33
07:38:00,"[154.43, 42]","[151.67, 36]","[273.0, 29]","[319.35, 34]",213.71,141,118.57,0.11
07:38:01,"[153.0, 50]","[151.0, 64]","[271.81, 48]","[304.56, 34]",212.41,196,118.81,0.16
07:38:02,"[153.0, 30]","[151.0, 48]","[210.77, 43]","[233.26, 23]",181.88,144,57.77,0.08
07:38:03,"[153.0, 28]","[151.0, 48]","[174.79, 42]","[176.14, 42]",163.89,160,21.79,-0.05
07:38:04,"[151.89, 27]","[150.7, 60]","[171.89, 27]","[173.78, 27]",161.89,141,20.0,0.23
07:38:05,"[151.0, 77]","[150.0, 96]","[170.5, 46]","[171.8, 46]",160.75,265,19.5,0.31
07:38:06,"[150.72, 53]","[149.47, 96]","[165.64, 33]","[166.36, 25]",158.18,207,14.92,0.44
07:38:07,"[151.67, 72]","[150.0, 60]","[161.92, 36]","[163.08, 36]",156.79,204,10.25,0.29
07:38:08,"[151.09, 44]","[149.27, 93]","[158.04, 23]","[159.64, 25]",154.57,185,6.95,0.48
07:38:09,"[150.0, 40]","[149.0, 136]","[153.33, 12]","[154.9, 20]",151.67,208,3.33,0.69
07:38:10,"[150.0, 63]","[149.0, 234]","[153.18, 22]","[213.21, 42]",151.59,361,3.18,0.65
07:38:11,"[150.0, 20]","[149.0, 180]","[156.0, 27]","[383.08, 37]",153.0,264,6.0,0.52
07:38:12,"[149.0, 140]","[145.0, 77]","[154.57, 21]","[314.0, 35]",151.79,273,5.57,0.59
07:38:13,"[149.0, 120]","[145.0, 66]","[154.0, 18]","[389.5, 6]",151.5,210,5.0,0.77
07:38:14,"[149.0, 104]","[145.24, 100]","[152.18, 33]","[282.0, 11]",150.59,248,3.18,0.65
07:38:15,"[149.0, 101]","[145.0, 99]","[150.38, 32]","[178.58, 19]",149.69,251,1.38,0.59
07:38:16,"[149.08, 97]","[145.72, 179]","[150.71, 38]","[223.0, 24]",149.9,338,1.63,0.63
07:38:17,"[149.0, 80]","[146.0, 20]","[150.3, 30]","[307.0, 32]",149.65,162,1.3,0.23
07:38:18,"[149.09, 69]","[146.6, 30]","[210.0, 29]","[443.02, 59]",179.54,187,60.91,0.06
07:38:19,"[150.0, 9]","[149.0, 12]","[466.43, 14]","[548.27, 22]",308.21,57,316.43,-0.26
07:38:20,"[150.11, 9]","[149.0, 18]","[330.89, 45]","[514.1, 29]",240.5,101,180.78,-0.47
07:38:21,"[151.0, 12]","[149.0, 24]","[178.59, 51]","[418.92, 60]",164.79,147,27.59,-0.51
07:38:22,"[147.0, 12]","[146.5, 16]","[260.5, 40]","[496.83, 36]",203.75,104,113.5,-0.46
07:38:23,"[145.89, 18]","[144.2, 20]","[423.12, 24]","[442.41, 22]",284.51,84,277.24,-0.1
07:38:24,"[99.67, 15]","[85.96, 27]","[361.64, 22]","[423.4, 10]",230.65,74,261.97,0.14
07:38:25,"[140.75, 16]","[133.68, 57]","[294.5, 40]","[405.67, 18]",217.62,131,153.75,0.11
07:38:26,"[155.0, 12]","[144.0, 60]","[386.28, 18]","[427.0, 8]",270.64,98,231.28,0.47
07:38:27,"[155.0, 22]","[144.04, 112]","[267.7, 50]","[528.83, 46]",211.35,230,112.7,0.17
07:38:28,"[151.11, 28]","[148.87, 61]","[330.0, 29]","[517.63, 51]",240.55,169,178.89,0.05
07:38:29,"[150.0, 18]","[149.0, 27]","[292.59, 37]","[293.29, 21]",221.3,103,142.59,-0.13
07:38:30,"[150.33, 15]","[149.4, 25]","[171.16, 32]","[187.72, 40]",160.74,112,20.82,-0.29
07:38:31,"[151.0, 11]","[150.0, 22]","[171.0, 33]","[294.0, 11]",161.0,77,20.0,-0.14
07:38:32,"[152.0, 10]","[150.0, 20]","[169.7, 30]","[304.56, 18]",160.85,78,17.7,-0.23
07:38:33,"[149.73, 15]","[147.5, 12]","[168.56, 27]","[313.0, 45]",159.14,99,18.82,-0.45
07:38:34,"[149.0, 16]","[145.0, 8]","[167.09, 22]","[278.97, 38]",158.05,84,18.09,-0.43
07:38:35,"[149.0, 100]","[145.0, 15]","[165.93, 15]","[167.0, 45]",157.47,175,16.93,0.31
07:38:36,"[149.0, 156]","[145.0, 13]","[163.14, 14]","[164.04, 25]",156.07,208,14.14,0.62
07:38:37,"[149.0, 120]","[145.0, 10]","[161.88, 17]","[162.88, 16]",155.44,163,12.88,0.6
07:38:38,"[149.0, 122]","[145.0, 12]","[158.97, 34]","[159.79, 14]",153.99,182,9.97,0.47
07:38:39,"[149.0, 174]","[145.0, 18]","[152.24, 33]","[153.61, 36]",150.62,261,3.24,0.47
07:38:40,"[149.06, 51]","[147.8, 30]","[151.23, 13]","[355.84, 19]",150.14,113,2.17,0.43
07:38:41,"[149.4, 30]","[148.2, 30]","[152.0, 12]","[298.14, 28]",150.7,100,2.6,0.2
07:38:42,"[144.97, 118]","[140.51, 49]","[204.91, 22]","[252.0, 48]",174.94,237,59.94,0.41
07:38:43,"[144.0, 176]","[75.73, 30]","[234.97, 38]","[414.83, 46]",189.49,290,90.97,0.42
07:38:44,"[144.23, 106]","[120.39, 82]","[188.0, 55]","[363.67, 45]",166.11,288,43.77,0.31
07:38:45,"[145.36, 33]","[144.0, 132]","[187.0, 55]","[553.8, 20]",166.18,240,41.64,0.38
07:38:46,"[146.0, 21]","[144.0, 84]","[187.0, 35]","[358.31, 13]",166.5,153,41.0,0.37
07:38:47,"[147.44, 27]","[144.0, 108]","[187.0, 45]","[245.89, 9]",167.22,189,39.56,0.43
07:38:48,"[149.12, 24]","[144.0, 96]","[186.0, 40]","[326.75, 8]",167.56,168,36.88,0.43
07:38:49,"[151.83, 36]","[144.0, 144]","[186.0, 60]","[382.56, 39]",168.92,279,34.17,0.29
07:38:50,"[152.0, 27]","[144.0, 108]","[184.85, 40]","[195.0, 32]",168.43,207,32.85,0.3
07:38:51,"[144.38, 63]","[111.53, 30]","[182.24, 29]","[183.76, 34]",163.31,156,37.86,0.19
07:38:52,"[144.0, 106]","[119.19, 21]","[179.26, 47]","[180.12, 52]",161.63,226,35.26,0.12
07:38:53,"[144.0, 42]","[97.56, 9]","[170.85, 27]","[176.25, 32]",157.43,110,26.85,-0.07
07:38:54,"[144.0, 64]","[126.26, 31]","[147.52, 50]","[148.69, 52]",145.76,197,3.52,-0.04
07:38:55,"[144.86, 37]","[139.43, 14]","[147.12, 34]","[283.08, 26]",145.99,111,2.25,-0.08
07:38:56,"[145.0, 16]","[142.4, 10]","[146.0, 20]","[270.0, 8]",145.5,54,1.0,-0.04
07:38:57,"[144.64, 22]","[142.06, 33]","[235.0, 24]","[380.84, 38]",189.82,117,90.36,-0.06
07:38:58,"[144.31, 26]","[136.13, 31]","[187.33, 24]","[216.44, 36]",165.82,117,43.03,-0.03
07:38:59,"[144.0, 20]","[80.2, 20]","[186.5, 40]","[196.0, 10]",165.25,90,42.5,-0.11
07:39:00,"[147.48, 21]","[136.86, 14]","[186.0, 28]","[220.0, 28]",166.74,91,38.52,-0.23
07:39:01,"[151.0, 69]","[148.27, 22]","[185.5, 40]","[236.96, 46]",168.25,177,34.5,0.03
07:39:02,"[151.14, 28]","[150.2, 40]","[184.3, 20]","[186.29, 28]",167.72,116,33.16,0.17
07:39:03,"[154.74, 35]","[151.18, 22]","[181.54, 26]","[182.5, 16]",168.14,99,26.8,0.15
07:39:04,"[155.0, 88]","[152.36, 11]","[176.58, 38]","[178.29, 28]",165.79,165,21.58,0.2
07:39:05,"[155.0, 88]","[153.0, 11]","[173.0, 40]","[176.0, 26]",164.0,165,18.0,0.2
07:39:06,"[155.0, 112]","[151.13, 62]","[167.53, 38]","[169.45, 40]",161.26,252,12.53,0.38
07:39:07,"[155.0, 40]","[151.0, 100]","[163.89, 36]","[165.33, 24]",159.44,200,8.89,0.4
07:39:08,"[155.0, 24]","[151.0, 90]","[162.36, 22]","[163.25, 32]",158.68,168,7.36,0.36
07:39:09,"[151.32, 76]","[149.79, 66]","[160.13, 46]","[161.64, 44]",155.72,232,8.81,0.22
07:39:10,"[152.75, 32]","[151.0, 32]","[156.38, 26]","[157.36, 22]",154.57,112,3.63,0.14
07:39:11,"[152.41, 34]","[150.22, 51]","[154.08, 24]","[172.83, 48]",153.25,157,1.67,0.08
07:39:12,"[149.67, 24]","[146.39, 46]","[151.88, 40]","[238.67, 24]",150.77,134,2.21,0.04
07:39:13,"[147.67, 18]","[144.33, 18]","[150.0, 30]","[276.33, 24]",148.83,90,2.33,-0.2
07:39:14,"[145.0, 18]","[144.0, 36]","[150.0, 45]","[306.78, 36]",147.5,135,5.0,-0.2
07:39:15,"[145.0, 24]","[144.0, 48]","[148.96, 24]","[222.96, 57]",146.98,153,3.96,-0.06
07:39:16,"[145.0, 20]","[144.0, 40]","[227.06, 16]","[457.06, 16]",186.03,92,82.06,0.3
07:39:17,"[145.0, 14]","[144.0, 28]","[530.54, 26]","[584.73, 15]",337.77,83,385.54,0.01
07:39:18,"[149.86, 28]","[131.92, 26]","[195.0, 36]","[565.0, 9]",172.43,99,45.14,0.09
07:39:19,"[144.0, 28]","[70.45, 22]","[561.4, 15]","[637.7, 23]",352.7,88,417.4,0.14
07:39:20,"[144.0, 32]","[91.96, 106]","[368.14, 35]","[520.77, 35]",256.07,208,224.14,0.33
07:39:21,"[97.25, 72]","[93.7, 54]","[253.43, 21]","[350.63, 19]",175.34,166,156.18,0.52
07:39:22,"[104.86, 56]","[94.39, 56]","[312.0, 27]","[368.57, 28]",208.43,167,207.14,0.34
07:39:23,"[107.78, 46]","[106.53, 38]","[432.0, 20]","[629.73, 22]",269.89,126,324.22,0.33
07:39:24,"[128.31, 217]","[120.37, 149]","[280.26, 43]","[341.28, 47]",204.28,456,151.95,0.61
07:39:25,"[133.92, 50]","[132.15, 119]","[243.11, 18]","[373.33, 24]",188.52,211,109.19,0.6
07:39:26,"[135.0, 40]","[132.81, 111]","[136.47, 19]","[173.29, 41]",135.74,211,1.47,0.43
07:39:27,"[135.44, 45]","[132.15, 162]","[137.0, 27]","[141.0, 63]",136.22,297,1.56,0.39
07:39:28,"[136.34, 61]","[126.67, 191]","[139.95, 57]","[202.42, 59]",138.15,368,3.6,0.37
07:39:29,"[133.92, 124]","[127.84, 123]","[141.03, 71]","[245.45, 29]",137.47,347,7.11,0.42
07:39:30,"[126.98, 51]","[124.9, 73]","[142.0, 10]","[292.0, 40]",134.49,174,15.02,0.43
07:39:31,"[129.74, 38]","[106.11, 121]","[221.73, 15]","[317.0, 32]",175.74,206,92.0,0.54
07:39:32,"[129.09, 55]","[110.0, 62]","[139.41, 34]","[196.98, 43]",134.25,194,10.32,0.21
07:39:33,"[130.88, 80]","[121.0, 64]","[137.52, 58]","[138.2, 66]",134.2,268,6.64,0.07
07:39:34,"[132.0, 55]","[111.31, 16]","[136.33, 45]","[137.65, 34]",134.17,150,4.33,-0.05
07:39:35,"[136.36, 22]","[134.52, 23]","[137.8, 35]","[233.77, 44]",137.08,124,1.44,-0.27
07:39:36,"[138.17, 23]","[137.31, 13]","[285.83, 60]","[422.82, 50]",212.0,146,147.66,-0.51
07:39:37,"[143.82, 67]","[143.65, 121]","[302.89, 70]","[439.43, 69]",223.35,327,159.06,0.15
07:39:38,"[145.0, 20]","[144.0, 170]","[151.0, 40]","[332.7, 50]",148.0,280,6.0,0.36
07:39:39,"[145.0, 14]","[144.0, 119]","[261.53, 30]","[355.12, 33]",203.27,196,116.53,0.36
07:39:40,"[145.82, 22]","[144.0, 187]","[429.69, 52]","[501.58, 50]",287.76,311,283.87,0.34
07:39:41,"[153.0, 85]","[150.09, 88]","[443.29, 76]","[539.23, 71]",298.14,320,290.29,0.08
07:39:42,"[153.0, 48]","[151.0, 80]","[394.89, 36]","[502.11, 36]",273.94,200,241.89,0.28
07:39:43,"[154.25, 16]","[151.15, 65]","[374.3, 47]","[394.57, 42]",264.27,170,220.05,-0.05
07:39:44,"[155.0, 20]","[153.0, 10]","[389.66, 29]","[390.39, 41]",272.33,100,234.66,-0.4
07:39:45,"[155.0, 26]","[153.0, 13]","[373.8, 50]","[389.45, 44]",264.4,133,218.8,-0.41
07:39:46,"[155.0, 22]","[153.0, 11]","[242.78, 46]","[297.75, 40]",198.89,119,87.78,-0.45
07:39:47,"[151.49, 49]","[150.19, 47]","[241.37, 38]","[242.15, 53]",196.43,187,89.88,0.03
07:39:48,"[151.0, 70]","[149.0, 32]","[239.11, 19]","[240.68, 37]",195.05,158,88.11,0.29
07:39:49,"[151.0, 117]","[149.0, 52]","[235.69, 51]","[237.47, 38]",193.34,258,84.69,0.31
07:39:50,"[151.0, 144]","[149.0, 64]","[224.34, 50]","[231.61, 36]",187.67,294,73.34,0.41
07:39:51,"[152.47, 90]","[150.55, 71]","[204.76, 42]","[229.27, 30]",178.61,233,52.3,0.38
07:39:52,"[153.0, 57]","[151.0, 60]","[225.24, 45]","[226.02, 42]",189.12,204,72.24,0.15
07:39:53,"[153.0, 6]","[151.0, 30]","[222.0, 6]","[223.0, 12]",187.5,54,69.0,0.33
07:39:54,"[153.0, 13]","[151.0, 65]","[218.0, 31]","[219.12, 33]",185.5,142,65.0,0.1
07:39:55,"[153.0, 8]","[151.0, 40]","[216.0, 16]","[217.0, 40]",184.5,104,63.0,-0.08
07:39:56,"[152.62, 26]","[150.86, 59]","[214.0, 23]","[214.74, 31]",183.31,139,61.38,0.22
07:39:57,"[151.0, 44]","[149.0, 32]","[174.59, 17]","[212.77, 13]",162.79,106,23.59,0.43
07:39:58,"[151.0, 78]","[149.0, 52]","[209.65, 37]","[209.51, 35]",180.32,202,58.65,0.29
07:39:59,"[151.0, 33]","[149.0, 32]","[205.3, 10]","[206.14, 14]",178.15,89,54.3,0.46
07:40:00,"[151.32, 31]","[149.91, 44]","[201.7, 33]","[203.41, 27]",176.51,135,50.37,0.11
07:40:01,"[152.0, 22]","[151.0, 44]","[200.08, 39]","[201.72, 25]",176.04,130,48.08,0.02
07:40:02,"[152.0, 26]","[151.0, 42]","[167.11, 36]","[173.62, 40]",159.56,144,15.11,-0.06
07:40:03,"[151.22, 27]","[149.4, 45]","[154.07, 30]","[155.36, 42]",152.64,144,2.84,0.0
07:40:04,"[151.0, 5]","[149.0, 20]","[154.92, 13]","[155.84, 19]",152.96,57,3.92,-0.12
07:40:05,"[149.67, 18]","[146.23, 78]","[152.83, 36]","[154.0, 12]",151.25,144,3.17,0.33
07:40:06,"[146.09, 33]","[144.51, 123]","[150.82, 39]","[151.67, 36]",148.46,231,4.73,0.35
07:40:07,"[145.0, 72]","[144.0, 180]","[149.5, 36]","[151.0, 48]",147.25,336,4.5,0.5
07:40:08,"[145.0, 72]","[144.0, 180]","[148.0, 36]","[151.0, 48]",146.5,336,3.0,0.5
07:40:09,"[145.62, 52]","[144.09, 132]","[218.67, 18]","[217.27, 22]",182.14,224,73.05,0.64
07:40:10,"[153.0, 6]","[145.0, 18]","[360.0, 3]","[394.0, 3]",256.5,30,207.0,0.6
07:40:11,"[153.0, 26]","[145.28, 75]","[180.89, 45]","[291.85, 13]",166.94,159,27.89,0.27
07:40:12,"[153.0, 14]","[152.0, 21]","[170.0, 35]","[245.0, 7]",161.5,77,17.0,-0.09
07:40:13,"[154.79, 28]","[152.55, 20]","[170.0, 40]","[245.0, 8]",162.39,96,15.21,0.0
07:40:14,"[154.19, 43]","[152.55, 33]","[177.48, 42]","[295.0, 10]",165.83,128,23.29,0.19
07:40:15,"[152.0, 19]","[151.0, 18]","[305.67, 9]","[485.0, 21]",228.83,67,153.67,0.1
07:40:16,"[150.5, 16]","[148.43, 14]","[325.0, 5]","[547.0, 25]",237.75,60,174.5,0.0
07:40:17,"[149.0, 96]","[145.0, 72]","[229.85, 20]","[249.25, 16]",189.43,204,80.85,0.65
07:40:18,"[149.0, 56]","[145.0, 42]","[222.57, 7]","[223.57, 7]",185.79,112,73.57,0.75
07:40:19,"[149.0, 75]","[146.5, 72]","[221.75, 12]","[222.83, 12]",185.38,171,72.75,0.72
07:40:20,"[149.0, 55]","[148.0, 66]","[213.0, 12]","[218.55, 11]",181.0,144,64.0,0.68
07:40:21,"[149.0, 75]","[145.74, 93]","[213.89, 19]","[215.0, 19]",181.45,206,64.89,0.63
07:40:22,"[149.0, 37]","[145.0, 15]","[210.53, 15]","[211.53, 15]",179.77,82,61.53,0.27
07:40:23,"[144.78, 60]","[130.91, 99]","[204.94, 17]","[206.53, 17]",174.86,193,60.16,0.65
07:40:24,"[151.0, 13]","[144.0, 130]","[199.0, 14]","[200.2, 15]",175.0,172,48.0,0.66
07:40:25,"[146.51, 57]","[123.72, 39]","[169.82, 17]","[178.0, 15]",158.17,128,23.31,0.5
07:40:26,"[153.0, 36]","[144.15, 66]","[158.0, 9]","[159.33, 9]",155.5,120,5.0,0.7
07:40:27,"[153.0, 19]","[144.79, 57]","[156.05, 19]","[157.54, 13]",154.53,108,3.05,0.41
07:40:28,"[145.29, 21]","[118.56, 52]","[154.74, 19]","[156.14, 14]",150.01,106,9.45,0.38
07:40:29,"[145.13, 31]","[120.48, 33]","[152.4, 15]","[153.33, 24]",148.76,103,7.27,0.24
07:40:30,"[144.0, 56]","[94.0, 40]","[150.19, 16]","[151.53, 17]",147.09,129,6.19,0.49
07:40:31,"[144.0, 82]","[94.0, 60]","[146.55, 22]","[149.0, 28]",145.27,192,2.55,0.48
07:40:32,"[144.0, 40]","[101.5, 20]","[148.9, 20]","[157.56, 18]",146.45,98,4.9,0.22
07:40:33,"[144.0, 47]","[105.09, 46]","[148.0, 10]","[149.0, 30]",146.0,133,4.0,0.4
07:40:34,"[144.0, 12]","[80.02, 53]","[148.0, 9]","[149.0, 27]",146.0,101,4.0,0.29
07:40:35,"[145.7, 27]","[114.59, 17]","[148.27, 15]","[151.26, 23]",146.99,82,2.56,0.07
07:40:36,"[147.17, 35]","[146.43, 37]","[149.0, 33]","[205.78, 23]",148.09,128,1.83,0.12
07:40:37,"[149.63, 43]","[147.96, 53]","[187.7, 40]","[268.59, 68]",168.66,204,38.07,-0.06
07:40:38,"[152.92, 24]","[149.77, 22]","[247.12, 40]","[320.57, 40]",200.02,126,94.21,-0.27
07:40:39,"[152.0, 22]","[139.0, 11]","[247.0, 55]","[445.52, 21]",199.5,109,95.0,-0.39
07:40:40,"[152.0, 22]","[150.43, 21]","[245.82, 55]","[367.32, 25]",198.91,123,93.82,-0.3
07:40:41,"[150.42, 24]","[146.67, 24]","[153.0, 27]","[386.17, 42]",151.71,117,2.58,-0.18
07:40:42,"[149.0, 88]","[143.84, 31]","[152.27, 33]","[162.6, 25]",150.64,177,3.27,0.34
07:40:43,"[149.21, 58]","[147.64, 66]","[304.23, 48]","[417.97, 30]",226.72,202,155.02,0.23
07:40:44,"[149.27, 33]","[148.44, 81]","[336.45, 44]","[361.92, 52]",242.86,210,187.18,0.09
07:40:45,"[152.0, 75]","[149.12, 119]","[308.88, 49]","[345.02, 49]",230.44,292,156.88,0.33
07:40:46,"[152.0, 70]","[151.0, 98]","[234.03, 32]","[225.02, 42]",193.02,242,82.03,0.39
07:40:47,"[152.0, 70]","[151.0, 98]","[163.21, 24]","[165.78, 32]",157.6,224,11.21,0.5
07:40:48,"[152.0, 65]","[151.0, 91]","[162.0, 13]","[163.0, 39]",157.0,208,10.0,0.5
07:40:49,"[152.0, 40]","[151.0, 56]","[161.12, 8]","[163.0, 24]",156.56,128,9.12,0.5
07:40:50,"[152.0, 30]","[151.0, 77]","[159.64, 11]","[163.0, 33]",155.82,151,7.64,0.42
07:40:51,"[152.0, 10]","[151.0, 70]","[157.75, 12]","[162.18, 28]",154.88,120,5.75,0.33
07:40:52,"[152.0, 88]","[151.0, 77]","[154.37, 27]","[155.82, 17]",153.19,209,2.37,0.58
07:40:53,"[152.02, 88]","[151.17, 84]","[153.53, 17]","[165.06, 32]",152.78,221,1.51,0.56
07:40:54,"[153.0, 11]","[152.0, 77]","[330.58, 19]","[433.68, 47]",241.79,154,177.58,0.14
07:40:55,"[152.04, 47]","[151.18, 77]","[205.36, 55]","[487.2, 30]",178.7,209,53.32,0.19
07:40:56,"[153.8, 50]","[151.52, 58]","[211.7, 50]","[222.13, 47]",182.75,205,57.9,0.05
07:40:57,"[155.0, 40]","[152.0, 40]","[177.0, 40]","[216.75, 40]",166.0,160,22.0,0.0
07:40:58,"[155.0, 57]","[152.0, 60]","[214.97, 38]","[216.25, 60]",184.99,215,59.97,0.09
07:40:59,"[151.62, 73]","[150.18, 116]","[196.56, 70]","[199.64, 78]",174.09,337,44.94,0.12
07:41:00,"[151.0, 91]","[149.0, 117]","[192.67, 45]","[193.85, 59]",171.83,312,41.67,0.33
07:41:01,"[151.0, 93]","[149.0, 70]","[190.26, 62]","[190.77, 56]",170.63,281,39.26,0.16
07:41:02,"[151.0, 30]","[149.0, 35]","[188.0, 33]","[189.0, 55]",169.5,153,37.0,-0.15
07:41:03,"[149.0, 26]","[145.0, 240]","[179.15, 46]","[187.66, 76]",164.08,388,30.15,0.37
07:41:04,"[149.0, 13]","[145.0, 135]","[154.93, 43]","[155.76, 21]",151.97,212,5.93,0.4
07:41:05,"[149.46, 61]","[145.64, 168]","[152.27, 74]","[153.07, 70]",150.86,373,2.81,0.23
07:41:06,"[149.0, 26]","[145.0, 135]","[150.33, 27]","[154.05, 39]",149.67,227,1.33,0.42
07:41:07,"[145.0, 92]","[142.56, 62]","[149.5, 42]","[241.2, 35]",147.25,231,4.5,0.33
07:41:08,"[145.0, 36]","[144.0, 84]","[173.79, 38]","[205.07, 27]",159.39,185,28.79,0.3
07:41:09,"[144.24, 37]","[143.57, 37]","[193.46, 26]","[196.56, 18]",168.85,118,49.22,0.25
07:41:10,"[144.0, 99]","[143.0, 36]","[193.29, 28]","[195.23, 26]",168.64,189,49.29,0.43
07:41:11,"[144.0, 169]","[143.0, 52]","[185.88, 48]","[193.0, 32]",164.94,301,41.88,0.47
07:41:12,"[144.0, 89]","[135.7, 37]","[187.82, 22]","[189.0, 44]",165.91,192,43.82,0.31
07:41:13,"[144.0, 84]","[143.0, 12]","[186.05, 42]","[187.4, 30]",165.02,168,42.05,0.14
07:41:14,"[144.0, 63]","[143.0, 9]","[184.0, 32]","[185.0, 22]",164.0,126,40.0,0.14
07:41:15,"[144.0, 38]","[143.0, 6]","[182.83, 12]","[184.0, 24]",163.42,80,38.83,0.1
07:41:16,"[144.0, 46]","[143.0, 10]","[179.81, 32]","[181.43, 28]",161.91,116,35.81,-0.03
07:41:17,"[146.29, 24]","[146.11, 18]","[177.68, 22]","[178.25, 32]",161.99,96,31.39,-0.12
07:41:18,"[153.97, 35]","[151.5, 32]","[172.31, 13]","[177.65, 34]",163.14,114,18.34,0.18
07:41:19,"[153.64, 94]","[152.51, 98]","[165.75, 32]","[166.36, 36]",159.69,260,12.11,0.48
07:41:20,"[153.0, 80]","[151.0, 33]","[162.0, 31]","[162.48, 27]",157.5,171,9.0,0.32
07:41:21,"[153.0, 44]","[152.0, 55]","[157.73, 22]","[159.18, 17]",155.36,138,4.73,0.43
07:41:22,"[153.0, 28]","[152.0, 35]","[155.14, 14]","[157.0, 28]",154.07,105,2.14,0.2
07:41:23,"[153.0, 40]","[152.0, 50]","[154.6, 20]","[157.0, 40]",153.8,150,1.6,0.2
07:41:24,"[153.0, 26]","[152.0, 67]","[156.27, 30]","[157.04, 46]",154.63,169,3.27,0.1
07:41:25,"[153.0, 20]","[152.0, 60]","[155.95, 19]","[156.95, 38]",154.47,137,2.95,0.17
07:41:26,"[152.16, 49]","[151.53, 45]","[153.86, 14]","[169.86, 14]",153.01,122,1.69,0.54
07:41:27,"[152.75, 40]","[151.89, 56]","[154.25, 12]","[206.91, 45]",153.5,153,1.5,0.25
07:41:28,"[152.62, 16]","[151.53, 38]","[175.33, 18]","[205.52, 29]",163.98,101,22.71,0.07
07:41:29,"[151.05, 58]","[150.1, 20]","[170.9, 20]","[206.05, 37]",160.98,135,19.85,0.16
07:41:30,"[151.0, 25]","[149.0, 5]","[170.0, 10]","[207.0, 20]",160.5,60,19.0,0.0
07:41:31,"[151.0, 55]","[149.0, 11]","[169.55, 22]","[181.55, 44]",160.27,132,18.55,0.0
07:41:32,"[151.0, 55]","[149.0, 11]","[169.0, 22]","[255.95, 42]",160.0,130,18.0,0.02
07:41:33,"[151.0, 50]","[145.07, 55]","[165.0, 25]","[329.39, 36]",158.0,166,14.0,0.27
07:41:34,"[151.78, 46]","[150.0, 72]","[157.92, 61]","[158.95, 37]",154.85,216,6.14,0.09
07:41:35,"[151.79, 38]","[150.61, 62]","[155.83, 36]","[156.77, 44]",153.81,180,4.04,0.11
07:41:36,"[150.68, 57]","[148.38, 71]","[258.67, 36]","[311.0, 50]",204.68,214,107.98,0.2
07:41:37,"[149.0, 117]","[145.0, 91]","[274.38, 26]","[427.56, 32]",211.69,266,125.38,0.56
07:41:38,"[149.08, 53]","[146.07, 67]","[165.75, 24]","[171.3, 27]",157.41,171,16.67,0.4
07:41:39,"[146.29, 31]","[144.89, 79]","[192.33, 42]","[245.75, 48]",169.31,200,46.04,0.1
07:41:40,"[145.08, 49]","[144.25, 28]","[260.0, 8]","[262.12, 16]",202.54,101,114.92,0.52
07:41:41,"[145.0, 70]","[143.53, 38]","[230.2, 30]","[402.38, 37]",187.6,175,85.2,0.23
07:41:42,"[146.77, 56]","[139.92, 12]","[162.17, 18]","[179.74, 34]",154.47,120,15.4,0.13
07:41:43,"[148.0, 108]","[145.0, 28]","[160.21, 14]","[161.03, 34]",154.11,184,12.21,0.48
07:41:44,"[148.0, 90]","[145.0, 50]","[157.27, 26]","[159.92, 26]",152.63,192,9.27,0.46
07:41:45,"[148.06, 51]","[145.98, 55]","[155.67, 15]","[156.98, 51]",151.86,172,7.61,0.23
07:41:46,"[149.0, 10]","[148.0, 60]","[153.14, 22]","[154.92, 38]",151.07,130,4.14,0.08
07:41:47,"[149.09, 86]","[148.32, 88]","[152.0, 70]","[153.0, 14]",150.55,258,2.91,0.35
07:41:48,"[149.0, 67]","[148.0, 48]","[151.33, 36]","[196.2, 10]",150.17,161,2.33,0.43
07:41:49,"[150.88, 48]","[149.0, 32]","[246.39, 18]","[411.0, 30]",198.63,128,95.51,0.25
07:41:50,"[153.77, 13]","[150.38, 26]","[226.22, 45]","[378.62, 39]",190.0,123,72.45,-0.37
07:41:51,"[155.0, 5]","[151.0, 10]","[183.0, 25]","[297.0, 15]",169.0,55,28.0,-0.45
07:41:52,"[155.0, 13]","[151.0, 26]","[267.69, 39]","[515.14, 43]",211.35,121,112.69,-0.36
07:41:53,"[155.0, 7]","[149.15, 26]","[170.0, 21]","[464.6, 25]",162.5,79,15.0,-0.16
07:41:54,"[152.6, 15]","[147.72, 53]","[170.0, 33]","[344.33, 36]",161.3,137,17.4,-0.01
07:41:55,"[149.88, 102]","[146.94, 62]","[319.89, 47]","[422.3, 43]",234.89,254,170.01,0.29
07:41:56,"[151.0, 93]","[149.5, 54]","[325.0, 48]","[361.0, 36]",238.0,231,174.0,0.27
07:41:57,"[151.38, 26]","[150.8, 60]","[293.75, 32]","[361.0, 24]",222.57,142,142.37,0.21
07:41:58,"[152.54, 13]","[151.25, 60]","[211.19, 47]","[282.77, 40]",181.86,160,58.65,-0.09
07:41:59,"[152.0, 16]","[151.0, 72]","[174.71, 17]","[182.56, 25]",163.35,130,22.71,0.35
07:42:00,"[151.65, 34]","[150.89, 105]","[166.0, 13]","[167.63, 43]",158.82,195,14.35,0.43
07:42:01,"[151.0, 28]","[149.0, 39]","[165.38, 13]","[176.0, 13]",158.19,93,14.38,0.44
07:42:02,"[151.13, 46]","[148.76, 45]","[162.94, 17]","[169.88, 17]",157.04,125,11.81,0.46
07:42:03,"[150.72, 53]","[149.78, 32]","[159.22, 18]","[159.9, 30]",154.97,133,8.51,0.28
07:42:04,"[148.29, 62]","[145.0, 47]","[156.1, 21]","[157.26, 23]",152.19,153,7.8,0.42
07:42:05,"[151.0, 40]","[145.0, 56]","[155.14, 14]","[242.53, 17]",153.07,127,4.14,0.51
07:42:06,"[154.77, 87]","[150.08, 62]","[204.83, 36]","[378.04, 46]",179.8,231,50.06,0.29
07:42:07,"[155.0, 22]","[150.0, 65]","[200.0, 52]","[314.02, 51]",177.5,190,45.0,-0.08
07:42:08,"[155.0, 8]","[150.0, 40]","[197.12, 32]","[423.84, 37]",176.06,117,42.12,-0.18
07:42:09,"[155.0, 8]","[150.0, 40]","[191.25, 32]","[322.0, 34]",173.12,114,36.25,-0.16
07:42:10,"[155.0, 8]","[150.12, 32]","[197.0, 32]","[396.48, 31]",176.0,103,42.0,-0.22
07:42:11,"[155.0, 12]","[152.08, 12]","[196.0, 48]","[338.5, 48]",175.5,120,41.0,-0.6
07:42:12,"[155.0, 6]","[153.0, 6]","[193.5, 24]","[376.33, 24]",174.25,60,38.5,-0.6
07:42:13,"[155.0, 13]","[153.0, 13]","[192.77, 52]","[401.49, 57]",173.88,135,37.77,-0.61
07:42:14,"[151.05, 19]","[145.94, 34]","[191.9, 30]","[210.22, 36]",171.48,119,40.85,-0.11
07:42:15,"[150.0, 33]","[145.44, 54]","[187.33, 15]","[191.75, 32]",168.67,134,37.33,0.3
07:42:16,"[149.26, 70]","[146.17, 41]","[188.21, 14]","[192.0, 56]",168.74,181,38.96,0.23
07:42:17,"[151.0, 36]","[149.0, 48]","[186.48, 21]","[189.78, 9]",168.74,114,35.48,0.47
07:42:18,"[151.0, 54]","[149.0, 72]","[184.81, 21]","[185.42, 24]",167.9,171,33.81,0.47
07:42:19,"[151.0, 78]","[149.0, 104]","[181.04, 25]","[184.45, 40]",166.02,247,30.04,0.47
07:42:20,"[151.0, 42]","[149.0, 56]","[174.43, 28]","[179.16, 19]",162.71,145,23.43,0.35
07:42:21,"[151.0, 33]","[149.0, 80]","[170.75, 32]","[175.8, 40]",160.88,185,19.75,0.22
07:42:22,"[151.29, 42]","[149.17, 105]","[165.53, 32]","[166.32, 37]",158.41,216,14.25,0.36
07:42:23,"[153.0, 16]","[151.0, 24]","[162.5, 16]","[163.69, 26]",157.75,82,9.5,-0.02
07:42:24,"[152.18, 39]","[150.14, 65]","[156.43, 37]","[157.24, 58]",154.31,199,4.25,0.05
07:42:25,"[149.0, 78]","[145.0, 48]","[151.36, 14]","[153.09, 22]",150.18,162,2.36,0.56
07:42:26,"[148.06, 34]","[144.92, 48]","[149.92, 13]","[153.0, 26]",148.99,121,1.86,0.36
07:42:27,"[145.0, 52]","[144.0, 26]","[148.44, 16]","[152.0, 21]",146.72,115,3.44,0.36
07:42:28,"[144.56, 36]","[132.61, 69]","[146.14, 14]","[147.92, 13]",145.35,132,1.59,0.59
07:42:29,"[141.94, 31]","[133.74, 86]","[190.0, 22]","[322.32, 22]",165.97,161,48.06,0.45
07:42:30,"[146.52, 25]","[143.02, 47]","[205.57, 23]","[584.27, 59]",176.04,154,59.05,-0.06
07:42:31,"[152.95, 38]","[151.75, 16]","[208.5, 20]","[388.75, 60]",180.72,134,55.55,-0.19
07:42:32,"[153.0, 24]","[152.0, 8]","[208.0, 8]","[336.0, 40]",180.5,80,55.0,-0.2
07:42:33,"[153.86, 14]","[152.82, 22]","[311.04, 46]","[420.28, 32]",232.45,114,157.19,-0.37
07:42:34,"[153.0, 9]","[152.0, 9]","[214.0, 13]","[361.58, 31]",183.5,62,61.0,-0.42
07:42:35,"[153.0, 10]","[152.0, 10]","[256.56, 18]","[407.61, 33]",204.78,71,103.56,-0.44
07:42:36,"[153.0, 14]","[152.0, 14]","[234.5, 56]","[425.22, 54]",193.75,138,81.5,-0.59
07:42:37,"[153.0, 8]","[152.0, 8]","[379.37, 38]","[429.83, 12]",266.18,66,226.37,-0.52
07:42:38,"[153.0, 50]","[152.0, 14]","[274.52, 64]","[357.2, 55]",213.76,183,121.52,-0.3
07:42:39,"[153.0, 11]","[152.0, 8]","[184.62, 32]","[346.0, 32]",168.81,83,31.62,-0.54
07:42:40,"[153.0, 8]","[152.0, 8]","[179.38, 26]","[282.62, 26]",166.19,68,26.38,-0.53
07:42:41,"[151.0, 9]","[149.0, 18]","[170.68, 40]","[171.38, 32]",160.84,99,19.68,-0.45
07:42:42,"[151.0, 12]","[149.0, 24]","[166.54, 57]","[167.82, 51]",158.77,144,15.54,-0.5
07:42:43,"[146.31, 32]","[145.24, 59]","[163.95, 62]","[165.56, 55]",155.13,208,17.64,-0.12
07:42:44,"[145.0, 15]","[144.0, 45]","[159.1, 69]","[160.03, 66]",152.05,195,14.1,-0.38
07:42:45,"[150.2, 41]","[111.14, 21]","[152.91, 44]","[153.91, 44]",151.55,150,2.71,-0.17
07:42:46,"[109.8, 15]","[103.91, 23]","[145.85, 13]","[143.71, 28]",127.82,79,36.05,-0.04
07:42:47,"[127.36, 11]","[91.29, 21]","[136.0, 10]","[137.0, 50]",131.68,92,8.64,-0.3
07:42:48,"[131.78, 32]","[48.74, 23]","[135.0, 60]","[136.85, 40]",133.39,155,3.22,-0.29
07:42:49,"[132.4, 50]","[43.9, 20]","[136.47, 57]","[137.56, 25]",134.44,152,4.07,-0.08
07:42:50,"[134.64, 42]","[75.96, 26]","[137.0, 54]","[139.0, 9]",135.82,131,2.36,0.04
07:42:51,"[135.87, 15]","[75.0, 12]","[137.0, 11]","[139.0, 6]",136.43,44,1.13,0.23
07:42:52,"[136.0, 16]","[51.32, 19]","[141.85, 26]","[267.47, 17]",138.92,78,5.85,-0.1
07:42:53,"[91.88, 82]","[55.92, 62]","[140.62, 53]","[333.84, 38]",116.25,235,48.74,0.23
07:42:54,"[117.57, 63]","[20.43, 14]","[136.0, 19]","[143.0, 14]",126.79,110,18.43,0.4
07:42:55,"[60.38, 37]","[46.47, 51]","[136.0, 16]","[141.33, 12]",98.19,116,75.62,0.52
07:42:56,"[57.25, 36]","[0, 0]","[138.0, 4]","[143.0, 8]",97.62,48,80.75,0.5
07:42:57,"[105.0, 54]","[0, 0]","[146.73, 11]","[275.33, 24]",125.86,89,41.73,0.21
07:42:58,"[140.47, 57]","[90.33, 54]","[244.38, 37]","[390.48, 46]",192.43,194,103.9,0.14
07:42:59,"[155.0, 8]","[47.75, 12]","[287.88, 17]","[506.55, 11]",221.44,48,132.88,-0.17
07:43:00,"[111.09, 35]","[47.63, 65]","[247.75, 32]","[356.76, 29]",179.42,161,136.66,0.24
07:43:01,"[123.8, 20]","[114.11, 36]","[139.25, 8]","[141.0, 24]",131.53,88,15.45,0.27
07:43:02,"[128.5, 32]","[113.0, 72]","[140.91, 22]","[142.81, 31]",134.7,157,12.41,0.32
07:43:03,"[132.29, 42]","[124.29, 93]","[140.51, 41]","[142.3, 43]",136.4,219,8.23,0.23
07:43:04,"[134.86, 28]","[133.6, 20]","[140.68, 25]","[142.81, 31]",137.77,104,5.82,-0.08
07:43:05,"[136.88, 32]","[134.0, 16]","[140.47, 19]","[141.89, 27]",138.67,94,3.6,0.02
07:43:06,"[138.54, 52]","[134.0, 26]","[141.62, 26]","[205.91, 35]",140.08,139,3.08,0.12
07:43:07,"[148.75, 48]","[139.4, 40]","[279.57, 21]","[389.92, 24]",214.16,133,130.82,0.32
07:43:08,"[153.0, 80]","[145.06, 17]","[244.42, 26]","[325.12, 32]",198.71,155,91.42,0.25
07:43:09,"[153.0, 70]","[151.14, 28]","[296.6, 30]","[492.38, 21]",224.8,149,143.6,0.32
07:43:10,"[155.0, 44]","[153.0, 77]","[394.0, 22]","[571.27, 22]",274.5,165,239.0,0.47
07:43:11,"[155.0, 44]","[153.0, 77]","[258.73, 22]","[429.6, 20]",206.86,163,103.73,0.48
07:43:12,"[155.0, 32]","[153.0, 56]","[336.69, 13]","[373.75, 16]",245.85,117,181.69,0.5
07:43:13,"[155.0, 44]","[153.0, 77]","[214.0, 35]","[240.04, 27]",184.5,183,59.0,0.32
07:43:14,"[153.81, 59]","[152.68, 62]","[174.17, 18]","[210.33, 30]",163.99,169,20.35,0.43
07:43:15,"[153.0, 63]","[152.0, 36]","[155.71, 14]","[196.0, 13]",154.36,126,2.71,0.57
07:43:16,"[153.0, 42]","[152.0, 24]","[155.0, 6]","[301.61, 18]",154.0,90,2.0,0.47
07:43:17,"[153.0, 49]","[152.0, 28]","[154.14, 7]","[252.0, 14]",153.57,98,1.14,0.57
07:43:18,"[152.36, 66]","[151.5, 64]","[154.0, 16]","[250.73, 33]",153.18,179,1.64,0.45
07:43:19,"[151.0, 75]","[149.0, 30]","[152.93, 15]","[314.87, 30]",151.97,150,1.93,0.4
07:43:20,"[150.73, 26]","[147.69, 26]","[570.1, 41]","[583.59, 29]",360.41,122,419.37,-0.15
07:43:21,"[152.31, 104]","[151.08, 13]","[544.47, 43]","[576.83, 41]",348.39,201,392.16,0.16
07:43:22,"[153.0, 90]","[152.0, 12]","[181.42, 24]","[294.34, 29]",167.21,155,28.42,0.32
07:43:23,"[153.0, 74]","[152.0, 11]","[180.18, 22]","[194.21, 28]",166.59,135,27.18,0.26
07:43:24,"[153.0, 38]","[152.0, 11]","[178.45, 22]","[382.73, 33]",165.73,104,25.45,-0.06
07:43:25,"[150.85, 106]","[149.1, 60]","[176.07, 30]","[410.53, 45]",163.46,241,25.22,0.38
07:43:26,"[151.09, 86]","[149.54, 74]","[175.27, 22]","[305.52, 42]",163.18,224,24.18,0.43
07:43:27,"[151.0, 46]","[149.0, 72]","[173.5, 24]","[266.24, 46]",162.25,188,22.5,0.26
07:43:28,"[151.0, 27]","[149.0, 54]","[171.44, 18]","[291.06, 35]",161.22,134,20.44,0.21
07:43:29,"[151.0, 24]","[149.0, 36]","[170.0, 12]","[249.0, 24]",160.5,96,19.0,0.25
07:43:30,"[151.0, 55]","[149.0, 66]","[236.63, 46]","[322.17, 46]",193.82,213,85.63,0.14
07:43:31,"[151.23, 52]","[149.77, 78]","[246.59, 44]","[258.2, 45]",198.91,219,95.36,0.19
07:43:32,"[153.0, 22]","[151.0, 55]","[237.11, 37]","[243.53, 40]",195.05,154,84.11,0.0
07:43:33,"[153.0, 34]","[151.0, 85]","[223.34, 35]","[226.37, 49]",188.17,203,70.34,0.17
07:43:34,"[154.64, 33]","[152.09, 33]","[219.47, 32]","[220.07, 40]",187.05,138,64.83,-0.04
07:43:35,"[155.0, 26]","[153.0, 26]","[216.89, 45]","[217.48, 33]",185.94,130,61.89,-0.2
07:43:36,"[155.0, 34]","[153.0, 34]","[212.81, 59]","[213.37, 27]",183.91,154,57.81,-0.12
07:43:37,"[154.0, 32]","[151.57, 56]","[207.98, 66]","[208.33, 48]",180.99,202,53.98,-0.13
07:43:38,"[153.0, 34]","[151.0, 85]","[203.2, 69]","[205.79, 67]",178.1,255,50.2,-0.07
07:43:39,"[153.0, 28]","[151.0, 94]","[199.83, 64]","[203.26, 42]",176.41,228,46.83,0.07
07:43:40,"[153.0, 24]","[151.0, 96]","[195.42, 36]","[198.0, 12]",174.21,168,42.42,0.43
07:43:41,"[153.0, 24]","[152.0, 36]","[194.2, 20]","[195.43, 28]",173.6,108,41.2,0.11
07:43:42,"[153.0, 34]","[152.0, 51]","[190.07, 30]","[192.13, 39]",171.53,154,37.07,0.1
07:43:43,"[151.24, 102]","[149.31, 174]","[185.17, 64]","[186.7, 43]",168.2,383,33.94,0.44
07:43:44,"[151.0, 72]","[149.0, 182]","[180.61, 36]","[181.3, 60]",165.81,350,29.61,0.45
07:43:45,"[149.07, 114]","[145.67, 156]","[174.92, 37]","[176.0, 21]",161.99,328,25.85,0.65
07:43:46,"[149.84, 171]","[146.44, 183]","[167.76, 55]","[168.84, 50]",158.8,459,17.92,0.54
07:43:47,"[151.0, 156]","[149.0, 143]","[163.67, 39]","[164.86, 42]",157.33,380,12.67,0.57
07:43:48,"[151.0, 168]","[149.0, 154]","[154.46, 48]","[155.46, 39]",152.73,409,3.46,0.57
07:43:49,"[151.0, 88]","[149.0, 132]","[152.67, 45]","[192.94, 32]",151.83,297,1.67,0.48
07:43:50,"[150.55, 31]","[148.69, 167]","[268.79, 28]","[406.75, 52]",209.67,278,118.24,0.42
07:43:51,"[149.11, 55]","[145.53, 105]","[215.0, 27]","[394.67, 36]",182.05,223,65.89,0.43
07:43:52,"[150.94, 54]","[148.5, 120]","[185.79, 42]","[193.72, 46]",168.37,262,34.84,0.33
07:43:53,"[153.0, 18]","[152.0, 64]","[172.88, 24]","[286.2, 25]",162.94,131,19.88,0.25
07:43:54,"[153.0, 30]","[152.0, 120]","[170.93, 45]","[187.0, 60]",161.97,255,17.93,0.18
07:43:55,"[153.0, 20]","[152.0, 80]","[163.5, 24]","[226.71, 34]",158.25,158,10.5,0.27
07:43:56,"[152.1, 50]","[151.57, 42]","[169.5, 36]","[598.86, 42]",160.8,170,17.4,0.08
07:43:57,"[152.0, 60]","[151.0, 24]","[167.17, 36]","[420.43, 40]",159.58,160,15.17,0.05
07:43:58,"[151.27, 74]","[149.54, 82]","[167.0, 30]","[230.27, 30]",159.14,216,15.73,0.44
07:43:59,"[151.0, 117]","[149.0, 130]","[167.0, 39]","[225.92, 50]",159.0,336,16.0,0.47
07:44:00,"[151.0, 99]","[149.0, 89]","[166.82, 33]","[282.12, 43]",158.91,264,15.82,0.42
07:44:01,"[151.0, 81]","[149.0, 30]","[165.22, 27]","[260.78, 27]",158.11,165,14.22,0.35
07:44:02,"[151.4, 100]","[149.62, 58]","[162.5, 36]","[163.83, 36]",156.95,230,11.1,0.37
07:44:03,"[155.0, 70]","[152.0, 98]","[160.5, 42]","[161.5, 42]",157.75,252,5.5,0.33
07:44:04,"[155.0, 40]","[152.59, 68]","[159.0, 24]","[160.5, 24]",157.0,156,4.0,0.38
07:44:05,"[155.0, 45]","[153.0, 90]","[157.22, 27]","[158.33, 27]",156.11,189,2.22,0.43
07:44:06,"[153.73, 44]","[152.64, 78]","[155.89, 27]","[328.06, 32]",154.81,181,2.16,0.35
07:44:07,"[153.0, 89]","[152.0, 138]","[210.07, 41]","[384.24, 21]",181.54,289,57.07,0.57
07:44:08,"[153.0, 56]","[152.0, 168]","[452.86, 22]","[520.55, 49]",302.93,295,299.86,0.52
07:44:09,"[152.12, 164]","[151.45, 132]","[254.77, 62]","[392.76, 42]",203.45,400,102.65,0.48
07:44:10,"[152.37, 57]","[151.82, 102]","[175.23, 13]","[225.2, 40]",163.8,212,22.86,0.5
07:44:11,"[152.26, 68]","[151.71, 102]","[173.18, 11]","[331.53, 38]",162.72,219,20.92,0.55
07:44:12,"[152.0, 140]","[151.0, 84]","[172.07, 14]","[380.41, 27]",162.04,265,20.07,0.69
07:44:13,"[152.0, 54]","[151.0, 30]","[171.0, 5]","[341.4, 10]",161.5,99,19.0,0.7
07:44:14,"[155.0, 18]","[152.69, 35]","[171.0, 9]","[466.43, 14]",163.0,76,16.0,0.39
07:44:15,"[154.4, 20]","[152.47, 45]","[165.93, 15]","[191.8, 15]",160.17,95,11.53,0.37
07:44:16,"[153.0, 20]","[152.0, 80]","[162.25, 12]","[164.06, 18]",157.62,130,9.25,0.54
07:44:17,"[153.0, 22]","[152.0, 88]","[157.76, 17]","[159.0, 27]",155.38,154,4.76,0.43
07:44:18,"[151.53, 47]","[150.22, 79]","[153.54, 52]","[185.29, 41]",152.54,219,2.01,0.15
07:44:19,"[149.0, 22]","[145.0, 66]","[384.5, 44]","[418.79, 19]",266.75,151,235.5,0.17
07:44:20,"[149.0, 27]","[145.0, 78]","[342.88, 40]","[350.31, 39]",245.94,184,193.88,0.14
07:44:21,"[149.0, 24]","[145.0, 48]","[343.85, 20]","[345.32, 28]",246.43,120,194.85,0.2
07:44:22,"[145.0, 25]","[144.0, 10]","[342.45, 38]","[342.64, 22]",243.72,95,197.45,-0.26
07:44:23,"[150.05, 61]","[145.43, 49]","[340.79, 14]","[342.0, 70]",245.42,194,190.74,0.13
07:44:24,"[152.09, 22]","[150.85, 13]","[242.0, 14]","[339.0, 7]",197.05,56,89.91,0.25
07:44:25,"[152.0, 16]","[149.0, 4]","[240.17, 12]","[241.67, 6]",196.08,38,88.17,0.05
07:44:26,"[152.0, 40]","[149.0, 10]","[214.88, 32]","[240.12, 34]",183.44,116,62.88,-0.14
07:44:27,"[147.47, 55]","[145.17, 58]","[193.52, 27]","[242.59, 32]",170.5,172,46.05,0.31
07:44:28,"[145.0, 50]","[144.0, 10]","[190.07, 15]","[201.28, 18]",167.53,93,45.07,0.29
07:44:29,"[145.13, 52]","[144.36, 14]","[167.0, 36]","[191.65, 31]",156.07,133,21.87,-0.01
07:44:30,"[146.88, 80]","[146.89, 85]","[168.6, 53]","[181.0, 52]",157.74,270,21.73,0.22
07:44:31,"[152.18, 45]","[150.53, 68]","[165.91, 33]","[167.28, 29]",159.04,175,13.73,0.29
07:44:32,"[152.0, 32]","[151.0, 40]","[163.25, 16]","[165.0, 24]",157.62,112,11.25,0.29
07:44:33,"[152.6, 15]","[151.44, 27]","[163.0, 12]","[165.0, 18]",157.8,72,10.4,0.17
07:44:34,"[154.25, 12]","[151.71, 51]","[160.72, 46]","[162.25, 32]",157.48,141,6.47,-0.11
07:44:35,"[152.0, 28]","[151.0, 70]","[159.72, 64]","[160.57, 46]",155.86,208,7.72,-0.06
07:44:36,"[151.29, 84]","[150.26, 57]","[155.89, 36]","[156.65, 48]",153.59,225,4.6,0.25
07:44:37,"[151.0, 120]","[145.0, 16]","[154.0, 16]","[156.0, 40]",152.5,192,3.0,0.42
07:44:38,"[151.0, 198]","[145.63, 38]","[152.75, 52]","[155.24, 58]",151.88,346,1.75,0.36
07:44:39,"[151.0, 48]","[145.0, 14]","[152.67, 18]","[196.45, 29]",151.83,109,1.67,0.14
07:44:40,"[151.0, 51]","[145.0, 21]","[429.04, 53]","[502.39, 57]",290.02,182,278.04,-0.21
07:44:41,"[151.0, 23]","[147.22, 18]","[319.8, 50]","[501.62, 32]",235.4,123,168.8,-0.33
07:44:42,"[151.0, 19]","[149.0, 55]","[171.0, 55]","[326.65, 49]",161.0,178,20.0,-0.17
07:44:43,"[149.44, 18]","[146.95, 41]","[252.45, 55]","[288.09, 46]",200.95,160,103.01,-0.26
07:44:44,"[146.93, 29]","[144.43, 49]","[197.0, 70]","[428.64, 70]",171.97,218,50.07,-0.28
07:44:45,"[145.3, 10]","[144.03, 29]","[353.88, 40]","[499.0, 35]",249.59,114,208.57,-0.32
07:44:46,"[147.2, 30]","[145.0, 10]","[482.95, 42]","[607.44, 45]",315.08,127,335.75,-0.37
07:44:47,"[150.0, 20]","[149.0, 30]","[357.89, 35]","[471.34, 38]",253.94,123,207.89,-0.19
07:44:48,"[150.6, 20]","[149.0, 30]","[228.13, 45]","[243.91, 46]",189.37,141,77.53,-0.29
07:44:49,"[151.33, 18]","[149.0, 27]","[190.41, 27]","[191.94, 32]",170.87,104,39.07,-0.13
07:44:50,"[149.0, 21]","[145.6, 15]","[183.35, 20]","[188.43, 28]",166.18,84,34.35,-0.14
07:44:51,"[149.0, 39]","[145.91, 69]","[185.09, 46]","[186.1, 40]",167.04,194,36.09,0.11
07:44:52,"[151.75, 92]","[149.37, 49]","[182.54, 57]","[183.47, 60]",167.15,258,30.79,0.09
07:44:53,"[153.0, 32]","[152.0, 112]","[177.8, 40]","[180.03, 40]",165.4,224,24.8,0.29
07:44:54,"[152.27, 30]","[150.95, 43]","[174.11, 36]","[178.0, 9]",163.19,118,21.84,0.24
07:44:55,"[152.0, 44]","[149.0, 33]","[170.09, 44]","[172.15, 41]",161.05,162,18.09,-0.05
07:44:56,"[152.0, 48]","[149.0, 38]","[165.57, 42]","[166.64, 33]",158.79,161,13.57,0.07
07:44:57,"[152.0, 52]","[149.0, 65]","[163.5, 40]","[164.52, 46]",157.75,203,11.5,0.15
07:44:58,"[152.0, 32]","[149.0, 40]","[160.28, 29]","[161.27, 11]",156.14,112,8.28,0.29
07:44:59,"[152.0, 40]","[149.0, 50]","[156.03, 30]","[157.28, 18]",154.02,138,4.03,0.3
07:45:00,"[152.0, 26]","[149.0, 60]","[154.0, 12]","[155.0, 36]",153.0,134,2.0,0.28
07:45:01,"[151.29, 24]","[148.28, 61]","[153.76, 17]","[154.72, 29]",152.53,131,2.47,0.3
07:45:02,"[150.8, 106]","[147.93, 82]","[152.07, 54]","[153.44, 18]",151.44,260,1.27,0.45
07:45:03,"[151.1, 61]","[149.88, 80]","[152.91, 32]","[220.68, 31]",152.0,204,1.81,0.38
07:45:04,"[149.12, 51]","[146.18, 17]","[153.08, 26]","[218.69, 32]",151.1,126,3.96,0.08
07:45:05,"[149.0, 24]","[145.0, 6]","[152.0, 12]","[154.0, 12]",150.5,54,3.0,0.11
07:45:06,"[148.09, 66]","[144.78, 18]","[151.18, 34]","[279.29, 42]",149.63,160,3.09,0.05
07:45:07,"[144.24, 33]","[143.8, 70]","[149.82, 22]","[461.41, 37]",147.03,162,5.58,0.27
07:45:08,"[144.0, 7]","[143.0, 70]","[148.43, 14]","[271.74, 23]",146.21,114,4.43,0.35
07:45:09,"[144.0, 10]","[143.0, 100]","[146.4, 20]","[207.13, 23]",145.2,153,2.4,0.44
07:45:10,"[113.17, 75]","[95.62, 127]","[146.5, 24]","[271.31, 35]",129.84,261,33.33,0.55
07:45:11,"[143.0, 17]","[87.0, 72]","[172.14, 14]","[330.57, 28]",157.57,131,29.14,0.36
07:45:12,"[143.0, 9]","[90.58, 24]","[277.22, 27]","[606.91, 43]",210.11,103,134.22,-0.36
07:45:13,"[145.06, 17]","[128.0, 12]","[281.64, 11]","[440.24, 29]",213.35,69,136.58,-0.16
07:45:14,"[146.5, 66]","[145.29, 31]","[278.32, 22]","[389.59, 34]",212.41,153,131.82,0.27
07:45:15,"[147.9, 77]","[146.98, 133]","[274.87, 23]","[275.76, 37]",211.38,270,126.97,0.56
07:45:16,"[150.38, 132]","[149.0, 39]","[272.78, 27]","[273.28, 25]",211.58,223,122.4,0.53
07:45:17,"[151.29, 190]","[149.41, 49]","[242.53, 34]","[272.68, 38]",196.91,311,91.23,0.54
07:45:18,"[152.0, 106]","[151.0, 24]","[267.13, 23]","[268.92, 13]",209.57,166,115.13,0.57
07:45:19,"[153.0, 56]","[152.0, 24]","[266.5, 12]","[267.1, 20]",209.75,112,113.5,0.43
07:45:20,"[153.0, 88]","[152.0, 42]","[265.02, 40]","[266.19, 16]",209.01,186,112.02,0.4
07:45:21,"[153.0, 52]","[152.0, 44]","[173.14, 37]","[180.77, 47]",163.07,180,20.14,0.07
07:45:22,"[153.0, 64]","[152.0, 128]","[161.24, 51]","[164.0, 39]",157.12,282,8.24,0.36
07:45:23,"[153.0, 47]","[152.0, 156]","[156.83, 36]","[158.43, 37]",154.92,276,3.83,0.47
07:45:24,"[152.09, 105]","[151.47, 76]","[154.16, 38]","[155.83, 23]",153.12,242,2.07,0.5
07:45:25,"[152.0, 95]","[151.0, 40]","[153.36, 11]","[161.58, 33]",152.68,179,1.36,0.51
07:45:26,"[152.16, 74]","[151.06, 53]","[183.4, 47]","[266.22, 54]",167.78,228,31.24,0.11
07:45:27,"[155.0, 48]","[152.0, 36]","[419.92, 60]","[576.53, 58]",287.46,202,264.92,-0.17
07:45:28,"[155.0, 32]","[152.0, 24]","[428.5, 40]","[556.0, 40]",291.75,136,273.5,-0.18
07:45:29,"[155.0, 8]","[152.0, 6]","[245.0, 10]","[549.0, 10]",200.0,34,90.0,-0.18
07:45:30,"[155.0, 24]","[152.0, 18]","[245.0, 30]","[549.0, 30]",200.0,102,90.0,-0.18
07:45:31,"[155.0, 44]","[152.0, 33]","[244.69, 51]","[341.73, 55]",199.84,183,89.69,-0.16
07:45:32,"[155.0, 32]","[152.0, 24]","[244.0, 32]","[245.0, 40]",199.5,128,89.0,-0.12
07:45:33,"[154.09, 46]","[151.46, 52]","[240.8, 60]","[245.69, 58]",197.44,216,86.71,-0.09
07:45:34,"[152.0, 16]","[151.0, 32]","[241.0, 32]","[243.0, 32]",196.5,112,89.0,-0.14
07:45:35,"[151.11, 36]","[149.67, 24]","[219.29, 34]","[236.74, 38]",185.2,132,68.18,-0.09
07:45:36,"[152.42, 66]","[151.42, 66]","[167.6, 60]","[168.38, 52]",160.01,244,15.18,0.08
07:45:37,"[153.0, 34]","[152.0, 70]","[166.07, 56]","[167.14, 56]",159.54,216,13.07,-0.04
07:45:38,"[152.15, 27]","[151.26, 38]","[163.44, 36]","[165.22, 36]",157.8,137,11.3,-0.05
07:45:39,"[152.0, 30]","[151.0, 40]","[160.8, 40]","[162.6, 40]",156.4,150,8.8,-0.07
07:45:40,"[152.0, 24]","[151.0, 32]","[160.0, 32]","[161.0, 32]",156.0,120,8.0,-0.07
07:45:41,"[152.0, 33]","[151.0, 40]","[160.0, 40]","[161.0, 40]",156.0,153,8.0,-0.05
07:45:42,"[150.58, 66]","[148.93, 108]","[158.09, 44]","[159.25, 48]",154.33,266,7.52,0.31
07:45:43,"[149.72, 97]","[149.03, 157]","[154.07, 56]","[155.46, 52]",151.9,362,4.35,0.4
07:45:44,"[151.12, 102]","[150.33, 163]","[153.36, 44]","[154.88, 34]",152.24,343,2.25,0.55
07:45:45,"[151.0, 198]","[149.0, 143]","[152.38, 32]","[153.52, 46]",151.69,419,1.38,0.63
07:45:46,"[151.0, 108]","[149.0, 132]","[152.0, 24]","[204.17, 48]",151.5,312,1.0,0.54
07:45:47,"[150.0, 72]","[147.49, 85]","[155.7, 20]","[329.94, 47]",152.85,224,5.7,0.4
07:45:48,"[150.77, 79]","[148.55, 71]","[357.19, 31]","[402.48, 23]",253.98,204,206.42,0.47
07:45:49,"[152.86, 70]","[149.75, 48]","[349.19, 16]","[499.8, 25]",251.02,159,196.33,0.48
07:45:50,"[153.0, 98]","[152.0, 44]","[457.22, 32]","[473.62, 32]",305.11,206,304.22,0.38
07:45:51,"[153.0, 32]","[152.0, 16]","[381.27, 11]","[436.0, 18]",267.14,77,228.27,0.25
07:45:52,"[153.0, 80]","[152.0, 40]","[223.1, 30]","[224.5, 24]",188.05,174,70.1,0.38
07:45:53,"[153.0, 44]","[152.0, 44]","[219.36, 33]","[223.09, 33]",186.18,154,66.36,0.14
07:45:54,"[153.0, 52]","[152.0, 52]","[215.62, 39]","[216.69, 39]",184.31,182,62.62,0.14
07:45:55,"[153.0, 52]","[152.0, 52]","[211.85, 39]","[215.0, 39]",182.42,182,58.85,0.14
07:45:56,"[153.0, 60]","[152.0, 60]","[210.33, 45]","[212.6, 45]",181.67,210,57.33,0.14
07:45:57,"[153.0, 60]","[152.0, 60]","[204.59, 39]","[205.77, 44]",178.79,203,51.59,0.18
07:45:58,"[153.0, 31]","[152.0, 70]","[199.69, 26]","[201.07, 29]",176.35,156,46.69,0.29
07:45:59,"[153.0, 45]","[152.0, 129]","[195.1, 41]","[196.53, 45]",174.05,260,42.1,0.34
07:46:00,"[153.0, 45]","[152.0, 165]","[189.97, 39]","[191.88, 42]",171.49,291,36.97,0.44
07:46:01,"[152.11, 111]","[150.03, 128]","[185.0, 54]","[186.3, 46]",168.55,339,32.89,0.41
07:46:02,"[152.0, 78]","[149.0, 78]","[172.89, 36]","[176.8, 41]",162.44,233,20.89,0.34
07:46:03,"[153.76, 58]","[151.2, 90]","[164.37, 41]","[165.41, 44]",159.06,233,10.61,0.27
07:46:04,"[155.0, 12]","[152.0, 72]","[159.64, 42]","[160.75, 36]",157.32,162,4.64,0.04
07:46:05,"[152.67, 27]","[150.5, 72]","[156.94, 35]","[158.67, 54]",154.8,188,4.28,0.05
07:46:06,"[149.72, 50]","[146.1, 87]","[153.58, 31]","[156.34, 32]",151.65,200,3.86,0.37
07:46:07,"[149.0, 54]","[145.0, 135]","[150.4, 40]","[153.57, 35]",149.7,264,1.4,0.43
07:46:08,"[145.0, 90]","[144.0, 10]","[148.82, 22]","[150.14, 28]",146.91,150,3.82,0.33
07:46:09,"[145.0, 81]","[144.0, 9]","[147.42, 19]","[149.15, 26]",146.21,135,2.42,0.33
07:46:10,"[145.0, 49]","[143.36, 14]","[306.0, 13]","[497.42, 33]",225.5,109,161.0,0.16
07:46:11,"[146.35, 52]","[143.92, 25]","[352.68, 25]","[500.49, 57]",249.51,159,206.33,-0.03
07:46:12,"[146.29, 21]","[143.17, 18]","[345.0, 22]","[437.95, 20]",245.64,81,198.71,-0.04
07:46:13,"[144.8, 25]","[143.21, 19]","[232.08, 26]","[364.48, 23]",188.44,93,87.28,-0.05
07:46:14,"[145.0, 65]","[144.0, 13]","[167.94, 47]","[176.0, 46]",156.47,171,22.94,-0.09
07:46:15,"[147.05, 92]","[144.54, 28]","[275.85, 53]","[361.4, 55]",211.45,228,128.79,0.05
07:46:16,"[152.27, 37]","[150.25, 60]","[322.59, 37]","[344.4, 25]",237.43,159,170.32,0.22
07:46:17,"[153.0, 26]","[152.0, 117]","[233.47, 60]","[296.95, 55]",193.23,258,80.47,0.11
07:46:18,"[153.0, 24]","[152.0, 108]","[276.33, 60]","[380.31, 29]",214.67,221,123.33,0.19
07:46:19,"[153.0, 24]","[152.0, 108]","[223.25, 60]","[281.09, 56]",188.12,248,70.25,0.06
07:46:20,"[152.16, 64]","[148.39, 93]","[212.0, 55]","[357.13, 31]",182.08,243,59.84,0.29
07:46:21,"[152.0, 57]","[145.0, 76]","[203.0, 40]","[268.5, 36]",177.5,209,51.0,0.27
07:46:22,"[152.2, 45]","[146.75, 60]","[204.0, 60]","[235.62, 48]",178.1,213,51.8,-0.01
07:46:23,"[155.0, 10]","[152.0, 50]","[211.0, 50]","[301.6, 50]",183.0,160,56.0,-0.25
07:46:24,"[152.5, 12]","[151.67, 15]","[210.0, 35]","[220.68, 19]",181.25,81,57.5,-0.33
07:46:25,"[148.03, 31]","[146.17, 23]","[187.46, 41]","[210.21, 39]",167.75,134,39.43,-0.19
07:46:26,"[149.0, 16]","[145.0, 40]","[164.12, 40]","[166.0, 24]",156.56,120,15.12,-0.07
07:46:27,"[150.12, 16]","[145.77, 31]","[162.62, 40]","[166.0, 24]",156.38,111,12.5,-0.15
07:46:28,"[150.58, 19]","[145.55, 73]","[161.64, 70]","[189.95, 22]",156.11,184,11.06,0.0
07:46:29,"[149.0, 9]","[145.0, 63]","[159.5, 40]","[239.61, 41]",154.25,153,10.5,-0.06
07:46:30,"[149.0, 6]","[145.0, 42]","[159.0, 24]","[160.0, 30]",154.0,102,10.0,-0.06
07:46:31,"[146.5, 24]","[144.95, 66]","[158.07, 59]","[159.1, 49]",152.28,198,11.57,-0.09
07:46:32,"[145.0, 60]","[144.0, 12]","[155.0, 46]","[156.09, 53]",150.0,171,10.0,-0.16
07:46:33,"[145.0, 70]","[144.0, 14]","[150.83, 69]","[153.09, 57]",147.91,210,5.83,-0.2
07:46:34,"[145.0, 28]","[144.0, 7]","[148.4, 25]","[149.97, 33]",146.7,93,3.4,-0.25
07:46:35,"[144.82, 22]","[135.08, 51]","[148.0, 30]","[149.0, 50]",146.41,153,3.18,-0.05
07:46:36,"[144.5, 12]","[106.17, 36]","[147.17, 54]","[148.36, 42]",145.83,144,2.67,-0.33
07:46:37,"[145.0, 13]","[143.0, 13]","[146.46, 65]","[148.0, 39]",145.73,130,1.46,-0.6
07:46:38,"[111.28, 32]","[90.15, 26]","[316.36, 55]","[589.78, 46]",213.82,159,205.08,-0.27
07:46:39,"[106.8, 65]","[95.25, 44]","[338.62, 39]","[340.09, 33]",222.71,181,231.82,0.2
07:46:40,"[153.62, 52]","[140.44, 48]","[337.73, 49]","[337.62, 29]",245.68,178,184.12,0.12
07:46:41,"[155.0, 32]","[153.0, 24]","[335.58, 12]","[336.97, 36]",245.29,104,180.58,0.08
07:46:42,"[155.0, 32]","[153.0, 30]","[333.52, 46]","[334.93, 14]",244.26,122,178.52,0.02
07:46:43,"[155.0, 31]","[153.0, 42]","[323.43, 14]","[332.97, 62]",239.21,149,168.43,-0.02
07:46:44,"[155.0, 5]","[153.0, 15]","[330.78, 9]","[331.52, 21]",242.89,50,175.78,-0.2
07:46:45,"[155.0, 11]","[153.0, 33]","[327.87, 31]","[328.57, 35]",241.44,110,172.87,-0.2
07:46:46,"[152.14, 66]","[151.78, 23]","[324.9, 10]","[429.86, 35]",238.52,134,172.76,0.33
07:46:47,"[152.0, 45]","[151.0, 10]","[322.0, 5]","[323.4, 5]",237.0,65,170.0,0.69
07:46:48,"[152.0, 90]","[151.0, 20]","[199.94, 31]","[258.19, 16]",175.97,157,47.94,0.4
07:46:49,"[152.0, 60]","[151.0, 14]","[193.86, 7]","[195.0, 7]",172.93,88,41.86,0.68
07:46:50,"[152.0, 62]","[151.0, 18]","[186.5, 18]","[193.67, 9]",169.25,107,34.5,0.5
07:46:51,"[152.0, 48]","[151.0, 32]","[181.5, 34]","[183.53, 19]",166.75,133,29.5,0.2
07:46:52,"[150.14, 63]","[149.36, 22]","[178.84, 38]","[178.39, 46]",164.49,169,28.7,0.01
07:46:53,"[149.19, 26]","[148.68, 38]","[164.55, 20]","[177.57, 28]",156.87,112,15.36,0.14
07:46:54,"[151.2, 40]","[150.0, 20]","[169.7, 64]","[174.57, 56]",160.45,180,18.5,-0.33
07:46:55,"[152.76, 34]","[150.9, 20]","[163.63, 35]","[163.83, 41]",158.2,130,10.86,-0.17
07:46:56,"[155.0, 18]","[153.0, 18]","[158.44, 9]","[160.0, 27]",156.72,72,3.44,0.0
07:46:57,"[153.73, 22]","[152.0, 15]","[155.76, 17]","[157.52, 23]",154.75,77,2.04,-0.04
07:46:58,"[152.0, 43]","[149.0, 91]","[154.38, 13]","[156.0, 13]",153.19,160,2.38,0.68
07:46:59,"[149.75, 84]","[146.62, 121]","[152.38, 16]","[472.88, 56]",151.06,277,2.62,0.48
07:47:00,"[149.0, 37]","[145.0, 64]","[411.0, 18]","[517.78, 32]",280.0,151,262.0,0.34
07:47:01,"[146.6, 45]","[144.76, 82]","[399.27, 44]","[505.26, 68]",272.94,239,252.67,0.06
07:47:02,"[148.97, 91]","[145.26, 46]","[176.57, 28]","[446.57, 46]",162.77,211,27.6,0.3
07:47:03,"[151.76, 176]","[148.26, 114]","[171.6, 35]","[176.21, 56]",161.68,381,19.84,0.52
07:47:04,"[152.0, 104]","[151.0, 86]","[161.08, 39]","[230.73, 41]",156.54,270,9.08,0.41
07:47:05,"[152.0, 90]","[151.0, 80]","[160.3, 40]","[378.57, 35]",156.15,245,8.3,0.39
07:47:06,"[152.0, 79]","[151.0, 72]","[160.0, 36]","[382.0, 45]",156.0,232,8.0,0.3
07:47:07,"[152.0, 64]","[151.0, 64]","[160.0, 32]","[408.75, 40]",156.0,200,8.0,0.28
07:47:08,"[152.32, 59]","[151.58, 96]","[159.65, 43]","[255.73, 55]",155.99,253,7.33,0.23
07:47:09,"[153.0, 28]","[152.0, 120]","[158.5, 42]","[160.0, 56]",155.75,246,5.5,0.2
07:47:10,"[153.0, 16]","[152.0, 96]","[156.78, 27]","[159.07, 29]",154.89,168,3.78,0.33
07:47:11,"[153.0, 20]","[152.0, 120]","[155.03, 34]","[156.33, 36]",154.01,210,2.03,0.33
07:47:12,"[152.18, 87]","[151.67, 144]","[153.73, 45]","[155.66, 53]",152.96,329,1.55,0.4
07:47:13,"[152.0, 51]","[151.0, 64]","[199.64, 28]","[294.97, 35]",175.82,178,47.64,0.29
07:47:14,"[151.36, 55]","[150.43, 53]","[371.68, 41]","[443.5, 28]",261.52,177,220.32,0.22
07:47:15,"[151.19, 63]","[149.75, 48]","[382.93, 59]","[484.69, 65]",267.06,235,231.74,-0.06
07:47:16,"[151.0, 90]","[149.0, 45]","[410.02, 40]","[518.15, 61]",280.51,236,259.02,0.14
07:47:17,"[151.0, 60]","[149.0, 30]","[259.97, 38]","[366.33, 30]",205.49,158,108.97,0.14
07:47:18,"[151.0, 76]","[149.0, 39]","[176.06, 53]","[177.6, 25]",163.53,193,25.06,0.19
07:47:19,"[151.0, 62]","[149.0, 42]","[168.37, 54]","[297.52, 52]",159.69,210,17.37,-0.01
07:47:20,"[151.0, 32]","[149.0, 24]","[175.0, 40]","[278.0, 32]",163.0,128,24.0,-0.12
07:47:21,"[151.0, 28]","[149.0, 21]","[175.0, 35]","[570.0, 28]",163.0,112,24.0,-0.12
07:47:22,"[151.0, 56]","[149.0, 42]","[174.71, 70]","[304.57, 69]",162.86,237,23.71,-0.17
07:47:23,"[151.0, 40]","[149.0, 30]","[173.7, 50]","[417.29, 41]",162.35,161,22.7,-0.13
07:47:24,"[150.25, 24]","[146.82, 33]","[173.0, 40]","[415.57, 28]",161.62,125,22.75,-0.09
07:47:25,"[146.54, 39]","[144.88, 34]","[172.98, 41]","[263.67, 27]",159.76,141,26.44,0.04
07:47:26,"[146.39, 36]","[144.83, 36]","[171.55, 11]","[173.0, 55]",158.97,138,25.16,0.04
07:47:27,"[145.0, 62]","[144.0, 13]","[168.44, 45]","[172.27, 33]",156.72,153,23.44,-0.02
07:47:28,"[130.82, 44]","[63.64, 50]","[166.84, 19]","[168.03, 71]",148.83,184,36.02,0.02
07:47:29,"[151.0, 40]","[84.33, 36]","[165.2, 10]","[168.0, 50]",158.1,136,14.2,0.12
07:47:30,"[151.0, 52]","[149.0, 39]","[164.0, 13]","[246.3, 37]",157.5,141,13.0,0.29
07:47:31,"[151.0, 48]","[149.0, 36]","[159.83, 12]","[160.83, 12]",155.42,108,8.83,0.56
07:47:32,"[150.39, 33]","[112.76, 51]","[156.23, 22]","[157.67, 18]",153.31,124,5.83,0.35
07:47:33,"[96.58, 19]","[64.05, 37]","[152.86, 14]","[153.86, 14]",124.72,84,56.28,0.33
07:47:34,"[106.0, 47]","[62.98, 53]","[148.08, 25]","[149.66, 29]",127.04,154,42.08,0.3
07:47:35,"[133.36, 44]","[96.29, 42]","[145.94, 17]","[150.64, 11]",139.65,114,12.58,0.51
07:47:36,"[126.33, 48]","[100.59, 51]","[146.17, 12]","[152.0, 12]",136.25,123,19.83,0.61
07:47:37,"[145.33, 36]","[128.12, 52]","[154.67, 18]","[274.89, 28]",150.0,134,9.33,0.31
07:47:38,"[147.81, 48]","[146.65, 51]","[205.29, 42]","[377.25, 65]",176.55,206,57.47,-0.04
07:47:39,"[149.79, 76]","[149.05, 112]","[365.83, 60]","[392.21, 68]",257.81,316,216.04,0.19
07:47:40,"[151.88, 24]","[149.0, 88]","[524.5, 36]","[634.93, 28]",338.19,176,372.62,0.27
07:47:41,"[152.11, 27]","[149.1, 91]","[370.46, 39]","[646.09, 33]",261.29,190,218.35,0.24
07:47:42,"[152.27, 55]","[149.8, 75]","[454.6, 30]","[704.48, 46]",303.44,206,302.33,0.26
07:47:43,"[152.0, 45]","[149.0, 110]","[303.23, 44]","[502.8, 30]",227.61,229,151.23,0.35
07:47:44,"[152.0, 43]","[149.0, 110]","[153.0, 50]","[413.4, 30]",152.5,233,1.0,0.31
07:47:45,"[152.0, 20]","[149.0, 55]","[201.32, 19]","[429.14, 21]",176.66,115,49.32,0.3
07:47:46,"[152.0, 12]","[150.29, 31]","[255.0, 18]","[476.0, 30]",203.5,91,103.0,-0.05
07:47:47,"[152.0, 30]","[151.0, 60]","[225.44, 54]","[303.41, 49]",188.72,193,73.44,-0.07
07:47:48,"[152.0, 26]","[151.0, 64]","[212.85, 52]","[425.78, 49]",182.42,191,60.85,-0.06
07:47:49,"[152.19, 63]","[151.4, 67]","[210.25, 32]","[297.79, 43]",181.22,205,58.06,0.27
07:47:50,"[153.0, 28]","[152.0, 63]","[206.71, 7]","[209.0, 28]",179.86,126,53.71,0.44
07:47:51,"[153.0, 32]","[152.0, 72]","[204.26, 23]","[208.12, 17]",178.63,144,51.26,0.44
07:47:52,"[153.0, 53]","[152.0, 126]","[202.66, 41]","[203.24, 29]",177.83,249,49.66,0.44
07:47:53,"[153.18, 34]","[152.03, 120]","[199.57, 44]","[201.04, 26]",176.37,224,46.39,0.38
07:47:54,"[153.0, 28]","[152.0, 126]","[193.76, 49]","[196.09, 23]",173.38,226,40.76,0.36
07:47:55,"[152.67, 21]","[151.93, 68]","[173.17, 12]","[192.06, 31]",162.92,132,20.5,0.35
07:47:56,"[152.0, 51]","[151.0, 65]","[164.29, 42]","[167.07, 28]",158.14,186,12.29,0.25
07:47:57,"[151.75, 16]","[150.94, 31]","[154.0, 28]","[155.0, 7]",152.88,82,2.25,0.15
07:47:58,"[151.27, 44]","[150.2, 20]","[152.8, 20]","[156.21, 28]",152.04,112,1.53,0.14
07:47:59,"[151.81, 47]","[150.79, 29]","[153.0, 14]","[235.05, 41]",152.4,131,1.19,0.16
07:48:00,"[152.0, 59]","[151.0, 36]","[185.16, 37]","[656.6, 50]",168.58,182,33.16,0.04
07:48:01,"[152.0, 18]","[151.0, 24]","[391.0, 40]","[671.82, 34]",271.5,116,239.0,-0.28
07:48:02,"[152.0, 14]","[151.0, 21]","[289.25, 20]","[317.14, 35]",220.62,90,137.25,-0.22
07:48:03,"[152.0, 18]","[151.0, 27]","[242.32, 19]","[255.9, 42]",197.16,106,90.32,-0.15
07:48:04,"[152.0, 12]","[151.0, 18]","[179.88, 17]","[236.92, 13]",165.94,60,27.88,0.0
07:48:05,"[151.75, 16]","[150.06, 34]","[179.39, 23]","[258.45, 31]",165.57,104,27.64,-0.04
07:48:06,"[152.33, 12]","[149.12, 34]","[179.43, 35]","[343.87, 31]",165.88,112,27.1,-0.18
07:48:07,"[149.63, 38]","[145.4, 45]","[178.33, 48]","[180.0, 36]",163.98,167,28.7,-0.01
07:48:08,"[149.0, 20]","[145.0, 20]","[178.0, 40]","[260.57, 28]",163.5,108,29.0,-0.26
07:48:09,"[149.0, 28]","[145.0, 28]","[176.79, 56]","[193.9, 50]",162.89,162,27.79,-0.31
07:48:10,"[151.57, 14]","[148.43, 14]","[175.57, 28]","[187.0, 21]",163.57,77,24.0,-0.27
07:48:11,"[150.57, 23]","[145.74, 27]","[174.36, 56]","[207.57, 53]",162.46,159,23.79,-0.37
07:48:12,"[152.0, 95]","[149.0, 13]","[172.15, 52]","[200.0, 26]",162.08,186,20.15,0.16
07:48:13,"[152.0, 56]","[149.0, 8]","[171.77, 26]","[229.45, 22]",161.88,112,19.77,0.14
07:48:14,"[152.0, 84]","[150.64, 22]","[170.11, 36]","[171.33, 24]",161.06,166,18.11,0.28
07:48:15,"[152.0, 135]","[151.0, 45]","[169.07, 56]","[170.29, 34]",160.54,270,17.07,0.33
07:48:16,"[152.0, 144]","[151.0, 48]","[164.11, 38]","[167.72, 50]",158.05,280,12.11,0.37
07:48:17,"[152.0, 108]","[151.0, 36]","[164.5, 50]","[165.89, 56]",158.25,250,12.5,0.15
07:48:18,"[152.0, 108]","[151.0, 36]","[161.07, 27]","[163.07, 59]",156.54,230,9.07,0.25
07:48:19,"[152.02, 83]","[151.4, 45]","[158.04, 52]","[159.8, 25]",155.03,205,6.01,0.25
07:48:20,"[152.68, 19]","[151.62, 87]","[155.16, 38]","[156.99, 67]",153.92,211,2.47,0.0
07:48:21,"[151.25, 73]","[150.74, 134]","[153.22, 46]","[156.33, 43]",152.23,296,1.97,0.4
07:48:22,"[151.0, 117]","[150.0, 84]","[152.18, 45]","[178.67, 30]",151.59,276,1.18,0.46
07:48:23,"[150.79, 43]","[149.81, 78]","[151.83, 24]","[153.0, 24]",151.31,169,1.04,0.43
07:48:24,"[149.64, 42]","[148.14, 70]","[189.29, 34]","[364.02, 45]",169.47,191,39.65,0.17
07:48:25,"[149.0, 55]","[145.0, 55]","[273.34, 32]","[473.89, 36]",211.17,178,124.34,0.24
07:48:26,"[149.06, 48]","[145.4, 50]","[281.62, 26]","[468.14, 43]",215.34,167,132.55,0.17
07:48:27,"[150.0, 39]","[149.0, 65]","[168.39, 46]","[298.26, 31]",159.2,181,18.39,0.15
07:48:28,"[150.92, 38]","[149.38, 32]","[169.0, 40]","[192.0, 10]",159.96,120,18.08,0.17
07:48:29,"[152.0, 26]","[150.0, 14]","[171.09, 22]","[346.91, 11]",161.55,73,19.09,0.1
07:48:30,"[152.0, 18]","[150.0, 12]","[192.0, 6]","[527.2, 20]",172.0,56,40.0,0.07
07:48:31,"[152.0, 27]","[150.0, 18]","[426.21, 24]","[516.0, 22]",289.1,91,274.21,-0.01
07:48:32,"[152.0, 19]","[150.0, 18]","[436.33, 33]","[467.22, 36]",294.17,106,284.33,-0.3
07:48:33,"[152.0, 37]","[150.0, 28]","[370.02, 57]","[444.78, 54]",261.01,176,218.02,-0.26
07:48:34,"[151.74, 23]","[147.8, 25]","[435.15, 33]","[436.1, 39]",293.45,120,283.41,-0.2
07:48:35,"[149.0, 28]","[145.43, 154]","[345.28, 50]","[435.62, 64]",247.14,296,196.28,0.23
07:48:36,"[149.0, 24]","[145.0, 132]","[351.0, 40]","[394.61, 23]",250.0,219,202.0,0.42
07:48:37,"[150.43, 42]","[145.62, 78]","[344.42, 52]","[414.72, 47]",247.43,219,193.99,0.1
07:48:38,"[151.0, 36]","[149.0, 20]","[234.02, 46]","[275.36, 14]",192.51,116,83.02,-0.03
07:48:39,"[151.0, 39]","[149.0, 20]","[233.08, 60]","[235.0, 12]",192.04,131,82.08,-0.1
07:48:40,"[146.96, 98]","[145.25, 32]","[231.55, 58]","[233.06, 62]",189.26,250,84.59,0.04
07:48:41,"[145.15, 80]","[143.96, 67]","[229.23, 44]","[230.91, 44]",187.19,235,84.08,0.25
07:48:42,"[149.0, 8]","[145.0, 88]","[226.21, 19]","[228.66, 29]",187.61,144,77.21,0.33
07:48:43,"[151.88, 41]","[145.94, 201]","[224.0, 105]","[225.0, 84]",187.94,431,72.12,0.12
07:48:44,"[153.0, 76]","[149.0, 13]","[207.12, 41]","[223.59, 37]",180.06,167,54.12,0.07
07:48:45,"[148.36, 50]","[145.67, 45]","[165.26, 46]","[166.59, 34]",156.81,175,16.9,0.09
07:48:46,"[145.0, 80]","[144.0, 24]","[162.46, 13]","[163.33, 27]",153.73,144,17.46,0.44
07:48:47,"[145.0, 129]","[144.0, 30]","[161.0, 20]","[162.0, 10]",153.0,189,16.0,0.68
