Time,Bid1,Bid2,Ask1,Ask2,Mid-Price,Total_volume,Bid_ask_spread,Order_imbalance
07:30:00,"[0, 0]","[0, 0]","[0, 0]","[0, 0]",0.0,0,0.0,0.0
07:30:01,"[31.43, 14]","[1.0, 4]","[0, 0]","[0, 0]",15.71,18,-31.43,1.0
07:30:02,"[49.33, 9]","[26.2, 20]","[800.0, 5]","[0, 0]",424.67,34,750.67,0.71
07:30:03,"[52.88, 8]","[38.14, 14]","[799.5, 30]","[0, 0]",426.19,52,746.62,-0.15
07:30:04,"[55.55, 11]","[54.57, 7]","[619.5, 30]","[797.0, 20]",337.52,68,563.95,-0.47
07:30:05,"[145.04, 46]","[75.0, 23]","[581.5, 30]","[583.0, 30]",363.27,129,436.46,0.07
07:30:06,"[147.0, 36]","[103.0, 16]","[212.75, 16]","[321.94, 17]",179.88,85,65.75,0.22
07:30:07,"[147.0, 54]","[105.67, 24]","[209.17, 24]","[210.5, 24]",178.08,126,62.17,0.24
07:30:08,"[147.39, 89]","[137.26, 69]","[205.2, 45]","[206.26, 47]",176.3,250,57.81,0.26
07:30:09,"[148.92, 91]","[147.0, 117]","[200.71, 59]","[201.8, 55]",174.82,322,51.79,0.29
07:30:10,"[149.75, 56]","[148.31, 112]","[196.35, 66]","[197.43, 60]",173.05,294,46.6,0.14
07:30:11,"[151.71, 14]","[150.07, 68]","[177.26, 80]","[182.39, 57]",164.49,219,25.55,-0.25
07:30:12,"[150.12, 25]","[147.68, 93]","[168.86, 43]","[169.87, 47]",159.49,208,18.74,0.13
07:30:13,"[148.0, 36]","[146.82, 66]","[165.97, 37]","[167.24, 33]",156.99,172,17.97,0.19
07:30:14,"[147.0, 40]","[146.0, 20]","[161.39, 23]","[163.24, 25]",154.2,108,14.39,0.11
07:30:15,"[147.0, 46]","[146.0, 44]","[157.87, 54]","[159.67, 39]",152.44,183,10.87,-0.02
07:30:16,"[147.96, 23]","[146.83, 23]","[154.58, 48]","[156.43, 58]",151.27,152,6.63,-0.39
07:30:17,"[148.94, 32]","[147.8, 25]","[151.6, 53]","[152.57, 46]",150.27,156,2.67,-0.27
07:30:18,"[148.0, 12]","[147.0, 8]","[149.47, 38]","[151.11, 36]",148.74,94,1.47,-0.57
07:30:19,"[148.0, 6]","[147.0, 6]","[149.0, 30]","[150.0, 24]",148.5,66,1.0,-0.64
07:30:20,"[145.38, 68]","[144.45, 66]","[147.4, 63]","[151.35, 48]",146.39,245,2.01,0.09
07:30:21,"[141.25, 48]","[125.69, 48]","[144.3, 66]","[147.01, 69]",142.78,231,3.05,-0.17
07:30:22,"[124.0, 14]","[121.0, 70]","[138.0, 30]","[139.0, 56]",131.0,170,14.0,-0.01
07:30:23,"[123.26, 46]","[117.23, 31]","[138.0, 59]","[139.0, 52]",130.63,188,14.74,-0.18
07:30:24,"[125.14, 57]","[124.83, 40]","[138.0, 44]","[139.0, 44]",131.57,185,12.86,0.05
07:30:25,"[132.65, 97]","[128.45, 42]","[138.0, 64]","[139.0, 76]",135.32,279,5.35,-0.0
07:30:26,"[135.76, 62]","[133.79, 29]","[138.0, 44]","[139.0, 55]",136.88,190,2.24,-0.04
07:30:27,"[136.0, 42]","[130.38, 8]","[138.0, 12]","[139.0, 30]",137.0,92,2.0,0.09
07:30:28,"[136.0, 49]","[130.0, 7]","[138.0, 14]","[139.0, 35]",137.0,105,2.0,0.07
07:30:29,"[136.83, 42]","[130.0, 6]","[138.17, 12]","[139.48, 33]",137.5,93,1.33,0.03
07:30:30,"[137.17, 42]","[130.0, 6]","[139.0, 12]","[141.0, 48]",138.08,108,1.83,-0.11
07:30:31,"[133.65, 20]","[130.48, 42]","[140.95, 74]","[142.7, 53]",137.3,189,7.3,-0.34
07:30:32,"[132.71, 21]","[131.09, 33]","[141.0, 71]","[143.0, 45]",136.86,170,8.29,-0.36
07:30:33,"[133.0, 66]","[130.45, 55]","[141.0, 75]","[143.0, 55]",137.0,251,8.0,-0.04
07:30:34,"[133.44, 32]","[132.47, 57]","[141.0, 60]","[143.0, 50]",137.22,199,7.56,-0.11
07:30:35,"[134.52, 29]","[133.12, 48]","[140.83, 58]","[142.54, 52]",137.67,187,6.31,-0.18
07:30:36,"[135.94, 17]","[134.97, 62]","[140.0, 65]","[141.0, 78]",137.97,222,4.06,-0.29
07:30:37,"[138.61, 44]","[134.19, 52]","[140.19, 63]","[141.11, 94]",139.4,253,1.58,-0.24
07:30:38,"[134.97, 29]","[108.44, 9]","[141.0, 48]","[142.0, 40]",137.98,126,6.03,-0.4
07:30:39,"[136.08, 52]","[134.0, 13]","[141.0, 78]","[142.0, 31]",138.54,174,4.92,-0.25
07:30:40,"[137.0, 36]","[133.11, 9]","[143.0, 39]","[181.2, 45]",140.0,129,6.0,-0.3
07:30:41,"[137.36, 56]","[132.0, 14]","[144.4, 48]","[260.46, 37]",140.88,155,7.04,-0.1
07:30:42,"[138.84, 31]","[132.38, 13]","[274.0, 33]","[427.74, 35]",206.42,112,135.16,-0.21
07:30:43,"[144.0, 6]","[134.0, 6]","[370.21, 14]","[467.14, 14]",257.11,40,226.21,-0.4
07:30:44,"[144.0, 8]","[134.0, 8]","[361.56, 18]","[452.7, 20]",252.78,54,217.56,-0.41
07:30:45,"[139.0, 10]","[132.5, 10]","[369.44, 18]","[528.28, 25]",254.22,63,230.44,-0.37
07:30:46,"[134.0, 8]","[131.0, 8]","[141.23, 13]","[174.43, 14]",137.62,43,7.23,-0.26
07:30:47,"[143.0, 10]","[133.25, 4]","[362.5, 8]","[423.0, 10]",252.75,32,219.5,-0.12
07:30:48,"[144.0, 21]","[134.0, 7]","[458.48, 23]","[566.58, 19]",301.24,70,314.48,-0.2
07:30:49,"[143.33, 18]","[141.85, 27]","[543.05, 21]","[647.33, 18]",343.19,84,399.71,0.07
07:30:50,"[136.5, 86]","[131.81, 59]","[300.85, 26]","[318.54, 26]",218.67,197,164.35,0.47
07:30:51,"[139.0, 70]","[135.07, 45]","[401.41, 27]","[463.92, 24]",270.2,166,262.41,0.39
07:30:52,"[147.22, 94]","[138.24, 38]","[259.96, 23]","[421.38, 26]",203.59,181,112.73,0.46
07:30:53,"[150.19, 70]","[149.25, 114]","[199.15, 27]","[263.0, 33]",174.67,244,48.96,0.51
07:30:54,"[151.0, 11]","[150.0, 63]","[225.8, 10]","[398.38, 21]",188.4,105,74.8,0.41
07:30:55,"[150.0, 28]","[149.0, 77]","[160.44, 9]","[281.17, 12]",155.22,126,10.44,0.67
07:30:56,"[150.0, 36]","[149.0, 99]","[159.89, 9]","[314.0, 18]",154.94,162,9.89,0.67
07:30:57,"[150.0, 40]","[149.0, 110]","[158.3, 10]","[265.88, 17]",154.15,177,8.3,0.69
07:30:58,"[150.0, 48]","[149.0, 132]","[156.0, 52]","[157.47, 17]",153.0,249,6.0,0.45
07:30:59,"[149.38, 53]","[148.25, 88]","[151.87, 15]","[154.18, 22]",150.62,178,2.49,0.58
07:31:00,"[149.0, 114]","[147.0, 132]","[154.73, 30]","[161.5, 16]",151.87,292,5.73,0.68
07:31:01,"[149.0, 72]","[147.0, 99]","[160.0, 36]","[192.44, 9]",154.5,216,11.0,0.58
07:31:02,"[149.0, 68]","[147.0, 99]","[160.0, 36]","[246.44, 9]",154.5,212,11.0,0.58
07:31:03,"[149.6, 70]","[147.98, 86]","[158.65, 43]","[213.16, 19]",154.13,218,9.05,0.43
07:31:04,"[150.0, 65]","[149.0, 91]","[155.63, 60]","[157.25, 57]",152.82,273,5.63,0.14
07:31:05,"[150.0, 30]","[149.0, 56]","[153.0, 32]","[155.0, 40]",151.5,158,3.0,0.09
07:31:06,"[149.16, 77]","[147.38, 148]","[150.85, 67]","[171.63, 41]",150.0,333,1.69,0.35
07:31:07,"[149.0, 13]","[147.0, 96]","[164.58, 12]","[179.8, 10]",156.79,131,15.58,0.66
07:31:08,"[147.0, 96]","[145.0, 88]","[174.14, 14]","[187.89, 9]",160.57,207,27.14,0.78
07:31:09,"[147.0, 92]","[145.0, 99]","[172.67, 18]","[231.0, 18]",159.83,227,25.67,0.68
07:31:10,"[147.23, 39]","[145.47, 43]","[170.25, 8]","[231.0, 8]",158.74,98,23.02,0.67
07:31:11,"[150.98, 52]","[149.14, 36]","[169.6, 20]","[318.23, 13]",160.29,121,18.62,0.45
07:31:12,"[152.0, 24]","[151.0, 72]","[167.41, 17]","[178.81, 21]",159.71,134,15.41,0.43
07:31:13,"[151.29, 84]","[150.9, 80]","[163.92, 39]","[165.03, 38]",157.6,241,12.64,0.36
07:31:14,"[151.0, 54]","[150.0, 9]","[157.91, 22]","[159.1, 21]",154.45,106,6.91,0.19
07:31:15,"[151.0, 38]","[150.0, 10]","[155.1, 20]","[156.38, 26]",153.05,94,4.1,0.02
07:31:16,"[150.64, 44]","[148.71, 28]","[152.56, 32]","[154.19, 32]",151.6,136,1.93,0.06
07:31:17,"[149.74, 46]","[148.33, 18]","[151.08, 24]","[201.25, 20]",150.41,108,1.34,0.19
07:31:18,"[150.0, 29]","[149.0, 14]","[212.64, 11]","[469.4, 10]",181.32,64,62.64,0.34
07:31:19,"[149.0, 20]","[147.0, 10]","[377.0, 16]","[532.59, 17]",263.0,63,228.0,-0.05
07:31:20,"[149.0, 24]","[147.74, 19]","[379.67, 12]","[527.0, 12]",264.33,67,230.67,0.28
07:31:21,"[148.78, 9]","[147.93, 15]","[460.0, 8]","[542.0, 8]",304.39,40,311.22,0.2
07:31:22,"[146.71, 21]","[146.77, 26]","[331.82, 11]","[451.92, 13]",239.27,71,185.1,0.32
07:31:23,"[145.0, 76]","[144.0, 56]","[309.61, 23]","[359.14, 14]",227.3,169,164.61,0.56
07:31:24,"[146.32, 38]","[143.8, 46]","[281.73, 11]","[452.81, 21]",214.02,116,135.41,0.45
07:31:25,"[152.0, 32]","[147.73, 44]","[228.33, 18]","[333.33, 12]",190.17,106,76.33,0.43
07:31:26,"[152.0, 9]","[150.0, 9]","[530.69, 13]","[578.83, 12]",341.35,43,378.69,-0.16
07:31:27,"[146.41, 17]","[144.44, 27]","[529.29, 7]","[644.43, 7]",337.85,58,382.87,0.52
07:31:28,"[145.0, 33]","[144.0, 55]","[533.9, 20]","[564.07, 15]",339.45,123,388.9,0.43
07:31:29,"[146.41, 34]","[144.29, 42]","[461.33, 18]","[504.43, 14]",303.87,108,314.92,0.41
07:31:30,"[145.0, 24]","[144.0, 40]","[244.75, 16]","[342.12, 16]",194.88,96,99.75,0.33
07:31:31,"[145.0, 18]","[144.0, 30]","[260.55, 11]","[287.71, 7]",202.77,66,115.55,0.45
07:31:32,"[145.0, 12]","[144.0, 23]","[341.25, 8]","[513.0, 8]",243.12,51,196.25,0.37
07:31:33,"[145.0, 18]","[144.0, 30]","[285.17, 12]","[369.67, 12]",215.08,72,140.17,0.33
07:31:34,"[145.75, 48]","[144.47, 38]","[250.3, 20]","[267.8, 20]",198.03,126,104.55,0.37
07:31:35,"[146.14, 42]","[145.67, 54]","[242.0, 24]","[245.67, 24]",194.07,144,95.86,0.33
07:31:36,"[147.28, 32]","[145.47, 49]","[238.24, 34]","[239.62, 26]",192.76,141,90.95,0.15
07:31:37,"[145.0, 16]","[144.0, 40]","[235.14, 28]","[235.8, 20]",190.07,104,90.14,0.08
07:31:38,"[145.2, 20]","[144.04, 47]","[231.7, 20]","[233.46, 26]",188.45,113,86.5,0.19
07:31:39,"[147.0, 20]","[145.0, 20]","[230.0, 35]","[232.0, 20]",188.5,95,83.0,-0.16
07:31:40,"[144.9, 20]","[143.2, 75]","[226.07, 56]","[226.69, 45]",185.49,196,81.17,-0.03
07:31:41,"[144.0, 14]","[143.0, 70]","[218.7, 50]","[219.76, 37]",181.35,171,74.7,-0.02
07:31:42,"[144.0, 50]","[143.0, 80]","[214.51, 71]","[215.78, 46]",179.25,247,70.51,0.05
07:31:43,"[144.0, 44]","[143.0, 55]","[213.48, 54]","[214.51, 45]",178.74,198,69.48,0.0
07:31:44,"[144.0, 32]","[143.0, 40]","[209.29, 31]","[209.95, 39]",176.65,142,65.29,0.01
07:31:45,"[144.0, 44]","[143.0, 55]","[184.79, 39]","[197.71, 45]",164.4,183,40.79,0.08
07:31:46,"[144.0, 47]","[143.0, 60]","[175.83, 48]","[177.0, 60]",159.92,215,31.83,-0.0
07:31:47,"[143.0, 23]","[141.0, 40]","[172.86, 28]","[174.82, 44]",157.93,135,29.86,-0.07
07:31:48,"[146.6, 40]","[143.76, 158]","[169.16, 44]","[171.48, 61]",157.88,303,22.56,0.31
07:31:49,"[149.0, 24]","[144.0, 144]","[161.32, 50]","[162.79, 53]",155.16,271,12.32,0.24
07:31:50,"[149.0, 13]","[144.0, 144]","[157.82, 44]","[158.67, 21]",153.41,222,8.82,0.41
07:31:51,"[144.56, 54]","[143.86, 84]","[156.54, 48]","[157.31, 32]",150.55,218,11.99,0.27
07:31:52,"[144.0, 136]","[143.0, 34]","[152.29, 68]","[153.26, 82]",148.15,320,8.29,0.06
07:31:53,"[144.04, 52]","[143.43, 28]","[147.5, 50]","[149.2, 44]",145.77,174,3.46,-0.08
07:31:54,"[143.72, 43]","[141.43, 46]","[285.55, 42]","[378.31, 65]",214.63,196,141.83,-0.09
07:31:55,"[143.75, 16]","[141.4, 20]","[298.25, 12]","[385.79, 28]",221.0,76,154.5,-0.05
07:31:56,"[144.69, 16]","[133.03, 36]","[299.0, 48]","[318.0, 7]",221.84,107,154.31,-0.03
07:31:57,"[146.41, 17]","[140.71, 17]","[282.03, 29]","[361.47, 15]",214.22,78,135.62,-0.13
07:31:58,"[147.0, 37]","[146.0, 22]","[161.8, 25]","[373.1, 40]",154.4,124,14.8,-0.05
07:31:59,"[144.14, 7]","[140.86, 14]","[148.0, 5]","[686.0, 15]",146.07,41,3.86,0.02
07:32:00,"[143.0, 40]","[142.0, 9]","[147.22, 9]","[643.43, 35]",145.11,93,4.22,0.05
07:32:01,"[143.37, 57]","[142.86, 43]","[145.89, 27]","[331.32, 38]",144.63,165,2.52,0.21
07:32:02,"[144.0, 8]","[143.0, 40]","[145.38, 16]","[419.78, 36]",144.69,100,1.38,-0.04
07:32:03,"[144.0, 7]","[143.0, 35]","[193.0, 19]","[237.67, 27]",168.5,88,49.0,-0.05
07:32:04,"[144.0, 7]","[143.0, 34]","[159.43, 7]","[271.0, 27]",151.71,75,15.43,0.09
07:32:05,"[149.7, 53]","[143.76, 37]","[158.23, 13]","[379.0, 39]",153.96,142,8.53,0.27
07:32:06,"[151.0, 69]","[145.0, 22]","[155.62, 13]","[216.91, 22]",153.31,126,4.62,0.44
07:32:07,"[151.0, 75]","[147.0, 30]","[153.1, 42]","[154.6, 25]",152.05,172,2.1,0.22
07:32:08,"[150.39, 23]","[146.18, 11]","[152.27, 15]","[155.62, 16]",151.33,65,1.88,0.05
07:32:09,"[144.96, 50]","[141.84, 25]","[150.68, 50]","[151.0, 20]",147.82,145,5.72,0.03
07:32:10,"[143.0, 38]","[141.0, 24]","[147.2, 15]","[148.56, 32]",145.1,109,4.2,0.14
07:32:11,"[143.0, 8]","[138.49, 70]","[144.36, 22]","[146.0, 8]",143.68,108,1.36,0.44
07:32:12,"[141.0, 73]","[11.0, 18]","[143.83, 12]","[176.08, 12]",142.42,115,2.83,0.58
07:32:13,"[141.0, 66]","[34.33, 18]","[245.5, 18]","[325.0, 18]",193.25,120,104.5,0.4
07:32:14,"[141.0, 66]","[46.83, 18]","[289.83, 18]","[688.5, 18]",215.42,120,148.83,0.4
07:32:15,"[141.47, 34]","[116.32, 31]","[583.54, 13]","[702.15, 13]",362.5,91,442.07,0.43
07:32:16,"[141.0, 40]","[72.67, 18]","[593.19, 16]","[670.25, 16]",367.09,90,452.19,0.29
07:32:17,"[141.45, 22]","[64.06, 17]","[541.22, 23]","[640.08, 13]",341.34,75,399.76,0.04
07:32:18,"[141.0, 15]","[32.0, 9]","[423.57, 7]","[519.44, 9]",282.29,40,282.57,0.2
07:32:19,"[141.11, 28]","[94.14, 21]","[185.0, 6]","[264.0, 12]",163.05,67,43.89,0.46
07:32:20,"[143.0, 21]","[141.95, 38]","[185.0, 7]","[589.0, 35]",164.0,101,42.0,0.17
07:32:21,"[141.6, 43]","[134.6, 58]","[439.62, 32]","[508.03, 38]",290.61,171,298.02,0.18
07:32:22,"[142.0, 9]","[121.2, 15]","[521.67, 15]","[590.38, 26]",331.83,65,379.67,-0.26
07:32:23,"[126.5, 12]","[83.87, 30]","[488.0, 16]","[709.75, 40]",307.25,98,361.5,-0.14
07:32:24,"[133.2, 46]","[98.81, 31]","[208.4, 40]","[300.74, 31]",170.8,148,75.2,0.04
07:32:25,"[58.46, 35]","[44.0, 20]","[176.61, 28]","[242.78, 32]",117.53,115,118.15,-0.04
07:32:26,"[79.14, 29]","[46.64, 11]","[138.62, 16]","[139.82, 22]",108.88,78,59.49,0.03
07:32:27,"[74.9, 21]","[31.75, 12]","[206.69, 16]","[224.9, 30]",140.8,79,131.78,-0.16
07:32:28,"[149.0, 5]","[133.91, 11]","[273.4, 25]","[369.17, 23]",211.2,64,124.4,-0.5
07:32:29,"[89.71, 35]","[93.17, 23]","[307.86, 42]","[393.4, 50]",198.79,150,218.14,-0.23
07:32:30,"[118.5, 60]","[67.3, 53]","[277.52, 40]","[360.6, 50]",198.01,203,159.02,0.11
07:32:31,"[120.33, 36]","[71.07, 28]","[141.0, 18]","[369.0, 30]",130.67,112,20.67,0.14
07:32:32,"[124.69, 39]","[98.18, 33]","[141.0, 24]","[304.88, 40]",132.85,136,16.31,0.06
07:32:33,"[121.0, 86]","[78.11, 37]","[141.0, 33]","[299.65, 52]",131.0,208,20.0,0.18
07:32:34,"[121.0, 54]","[67.33, 27]","[140.57, 23]","[325.94, 34]",130.78,138,19.57,0.17
07:32:35,"[121.0, 78]","[79.0, 39]","[136.88, 34]","[139.1, 41]",128.94,192,15.88,0.22
07:32:36,"[121.12, 48]","[63.64, 28]","[136.0, 27]","[138.0, 56]",128.56,159,14.88,-0.04
07:32:37,"[122.67, 36]","[72.67, 30]","[136.64, 22]","[154.12, 40]",129.65,128,13.97,0.03
07:32:38,"[127.33, 36]","[87.9, 39]","[256.89, 38]","[362.67, 30]",192.11,143,129.56,0.05
07:32:39,"[146.33, 18]","[144.08, 50]","[325.38, 32]","[442.73, 30]",235.85,130,179.04,0.05
07:32:40,"[147.67, 54]","[146.71, 34]","[431.11, 37]","[597.22, 36]",289.39,161,283.44,0.09
07:32:41,"[147.48, 29]","[146.6, 30]","[234.22, 36]","[370.56, 36]",190.85,131,86.74,-0.1
07:32:42,"[147.0, 4]","[146.0, 8]","[297.0, 16]","[620.0, 20]",222.0,48,150.0,-0.5
07:32:43,"[147.0, 4]","[146.0, 8]","[286.41, 17]","[592.26, 19]",216.71,48,139.41,-0.5
07:32:44,"[144.4, 30]","[144.5, 16]","[326.17, 24]","[511.0, 30]",235.28,100,181.77,-0.08
07:32:45,"[144.0, 104]","[143.0, 32]","[262.59, 37]","[336.71, 34]",203.3,207,118.59,0.31
07:32:46,"[144.0, 149]","[143.0, 52]","[169.92, 64]","[441.32, 60]",156.96,325,25.92,0.24
07:32:47,"[144.0, 46]","[143.0, 52]","[374.0, 30]","[454.0, 30]",259.0,158,230.0,0.24
07:32:48,"[144.37, 35]","[143.32, 57]","[255.97, 29]","[518.71, 35]",200.17,156,111.59,0.18
07:32:49,"[149.0, 8]","[144.36, 44]","[234.75, 32]","[503.47, 38]",191.88,122,85.75,-0.15
07:32:50,"[144.29, 34]","[143.13, 92]","[392.31, 45]","[507.82, 44]",268.3,215,248.02,0.17
07:32:51,"[144.0, 48]","[143.0, 156]","[214.36, 55]","[298.77, 56]",179.18,315,70.36,0.3
07:32:52,"[143.03, 160]","[141.29, 91]","[239.77, 53]","[240.98, 53]",191.4,357,96.75,0.41
07:32:53,"[143.0, 128]","[141.0, 66]","[169.41, 44]","[173.71, 49]",156.2,287,26.41,0.35
07:32:54,"[143.15, 109]","[141.9, 98]","[145.91, 33]","[148.0, 65]",144.53,305,2.76,0.36
07:32:55,"[144.52, 33]","[142.87, 75]","[203.22, 9]","[564.8, 25]",173.87,142,58.71,0.52
07:32:56,"[151.0, 32]","[150.0, 40]","[275.25, 8]","[505.56, 16]",213.12,96,124.25,0.5
07:32:57,"[151.0, 40]","[150.0, 50]","[275.0, 10]","[339.0, 10]",213.0,110,124.0,0.64
07:32:58,"[151.0, 40]","[150.0, 50]","[275.0, 10]","[483.36, 14]",213.0,114,124.0,0.58
07:32:59,"[150.84, 19]","[149.93, 27]","[223.3, 10]","[487.0, 18]",187.07,74,72.46,0.24
07:33:00,"[150.0, 30]","[149.0, 20]","[188.0, 10]","[201.36, 28]",169.0,88,38.0,0.14
07:33:01,"[149.62, 24]","[148.27, 37]","[173.07, 14]","[280.5, 18]",161.35,93,23.45,0.31
07:33:02,"[145.25, 20]","[144.32, 57]","[157.67, 12]","[305.2, 20]",151.46,109,12.42,0.41
07:33:03,"[144.0, 20]","[143.0, 60]","[151.2, 10]","[155.4, 10]",147.6,100,7.2,0.6
07:33:04,"[144.0, 20]","[143.0, 72]","[146.0, 36]","[151.83, 12]",145.0,140,2.0,0.31
07:33:05,"[150.7, 69]","[144.0, 34]","[220.14, 37]","[246.32, 25]",185.42,165,69.44,0.25
07:33:06,"[151.0, 44]","[147.37, 19]","[312.64, 55]","[470.27, 33]",231.82,151,161.64,-0.17
07:33:07,"[151.0, 44]","[149.71, 41]","[342.75, 53]","[590.09, 35]",246.88,173,191.75,-0.02
07:33:08,"[150.07, 54]","[148.93, 15]","[298.14, 35]","[400.11, 37]",224.11,141,148.07,-0.02
07:33:09,"[150.0, 45]","[148.0, 9]","[362.0, 31]","[511.23, 31]",256.0,116,212.0,-0.07
07:33:10,"[150.0, 65]","[148.0, 13]","[457.58, 55]","[668.62, 39]",303.79,172,307.58,-0.09
07:33:11,"[150.0, 20]","[148.0, 4]","[339.0, 20]","[521.0, 12]",244.5,56,189.0,-0.14
07:33:12,"[150.0, 45]","[148.0, 9]","[338.05, 21]","[339.49, 43]",244.02,118,188.05,-0.08
07:33:13,"[150.0, 60]","[148.75, 12]","[242.07, 45]","[317.94, 34]",196.03,151,92.07,-0.05
07:33:14,"[149.71, 42]","[148.75, 12]","[182.33, 24]","[300.0, 31]",166.02,109,32.62,-0.01
07:33:15,"[149.0, 48]","[148.0, 12]","[180.24, 25]","[488.1, 39]",164.62,124,31.24,-0.03
07:33:16,"[149.0, 36]","[148.0, 9]","[175.0, 18]","[176.0, 27]",162.0,90,26.0,0.0
07:33:17,"[149.0, 32]","[148.0, 8]","[174.5, 16]","[176.0, 24]",161.75,80,25.5,0.0
07:33:18,"[148.97, 33]","[147.73, 11]","[172.88, 33]","[173.68, 28]",160.92,105,23.91,-0.16
07:33:19,"[145.52, 21]","[144.88, 34]","[169.35, 48]","[170.74, 47]",157.44,150,23.83,-0.27
07:33:20,"[144.79, 38]","[143.03, 33]","[166.2, 50]","[167.36, 61]",155.49,182,21.41,-0.22
07:33:21,"[148.0, 48]","[144.0, 61]","[161.33, 43]","[162.51, 47]",154.66,199,13.33,0.1
07:33:22,"[148.43, 14]","[146.74, 35]","[158.0, 32]","[160.0, 16]",153.21,97,9.57,0.01
07:33:23,"[144.49, 43]","[145.22, 74]","[154.26, 31]","[155.46, 46]",149.37,194,9.77,0.21
07:33:24,"[143.47, 34]","[142.6, 60]","[150.54, 39]","[153.62, 55]",147.0,188,7.07,0.0
07:33:25,"[143.0, 24]","[141.0, 16]","[150.12, 40]","[253.0, 32]",146.56,112,7.12,-0.29
07:33:26,"[140.0, 15]","[128.6, 10]","[146.8, 25]","[222.71, 34]",143.4,84,6.8,-0.4
07:33:27,"[132.0, 9]","[99.5, 16]","[140.91, 22]","[236.81, 21]",136.45,68,8.91,-0.26
07:33:28,"[70.82, 34]","[53.5, 32]","[155.55, 11]","[382.12, 8]",113.18,85,84.72,0.55
07:33:29,"[142.37, 97]","[80.88, 43]","[228.6, 15]","[455.78, 46]",185.49,201,86.23,0.39
07:33:30,"[143.68, 93]","[140.23, 30]","[168.42, 36]","[171.0, 12]",156.05,171,24.74,0.44
07:33:31,"[145.0, 56]","[144.0, 20]","[167.0, 15]","[190.4, 5]",156.0,96,22.0,0.58
07:33:32,"[146.31, 118]","[145.41, 118]","[162.41, 49]","[191.05, 22]",154.36,307,16.1,0.54
07:33:33,"[149.28, 127]","[148.0, 64]","[160.73, 56]","[161.57, 40]",155.0,287,11.46,0.33
07:33:34,"[150.0, 87]","[148.0, 60]","[152.04, 55]","[153.17, 64]",151.02,266,2.04,0.11
07:33:35,"[150.0, 40]","[148.9, 40]","[151.0, 40]","[152.0, 50]",150.5,170,1.0,-0.06
07:33:36,"[149.25, 32]","[148.14, 14]","[151.79, 38]","[324.64, 25]",150.52,109,2.54,-0.16
07:33:37,"[149.0, 32]","[147.0, 8]","[151.12, 40]","[481.75, 8]",150.06,88,2.12,-0.09
07:33:38,"[148.77, 35]","[145.0, 24]","[166.62, 45]","[385.86, 21]",157.7,125,17.85,-0.06
07:33:39,"[147.0, 10]","[144.0, 40]","[192.54, 26]","[218.2, 20]",169.77,96,45.54,0.04
07:33:40,"[147.0, 8]","[144.0, 32]","[195.1, 21]","[199.0, 16]",171.05,77,48.1,0.04
07:33:41,"[147.0, 13]","[144.0, 52]","[196.0, 28]","[197.11, 37]",171.5,130,49.0,0.0
07:33:42,"[147.0, 11]","[144.0, 44]","[193.8, 30]","[195.24, 25]",170.4,110,46.8,0.0
07:33:43,"[150.71, 28]","[145.5, 16]","[190.58, 24]","[192.37, 19]",170.65,87,39.87,0.01
07:33:44,"[151.0, 26]","[147.0, 13]","[186.21, 28]","[187.48, 29]",168.61,96,35.21,-0.19
07:33:45,"[151.0, 20]","[147.0, 10]","[181.7, 20]","[184.0, 30]",166.35,80,30.7,-0.25
07:33:46,"[151.0, 20]","[147.0, 10]","[180.0, 22]","[183.43, 28]",165.5,80,29.0,-0.25
07:33:47,"[151.0, 26]","[147.96, 25]","[174.9, 30]","[176.06, 32]",162.95,113,23.9,-0.1
07:33:48,"[150.42, 24]","[146.27, 30]","[169.0, 22]","[171.7, 27]",159.71,103,18.58,0.05
07:33:49,"[144.02, 60]","[142.94, 131]","[167.2, 45]","[167.93, 27]",155.61,263,23.18,0.45
07:33:50,"[144.41, 137]","[143.53, 135]","[162.44, 27]","[163.95, 40]",153.43,339,18.04,0.6
07:33:51,"[145.67, 63]","[144.0, 81]","[158.06, 16]","[158.88, 17]",151.86,177,12.4,0.63
07:33:52,"[146.08, 84]","[144.0, 108]","[153.0, 23]","[154.56, 18]",149.54,233,6.92,0.65
07:33:53,"[147.65, 100]","[144.0, 144]","[149.71, 41]","[184.0, 28]",148.68,313,2.06,0.56
07:33:54,"[148.0, 16]","[144.07, 56]","[153.0, 8]","[282.0, 16]",150.5,96,5.0,0.5
07:33:55,"[148.4, 20]","[146.0, 10]","[153.0, 10]","[282.0, 20]",150.7,60,4.6,0.0
07:33:56,"[149.0, 15]","[146.0, 9]","[152.78, 9]","[282.0, 18]",150.89,51,3.78,-0.06
07:33:57,"[149.0, 7]","[146.43, 7]","[151.14, 7]","[282.0, 14]",150.07,35,2.14,-0.2
07:33:58,"[149.0, 8]","[147.0, 8]","[151.0, 8]","[282.0, 16]",150.0,40,2.0,-0.2
07:33:59,"[147.89, 9]","[146.44, 9]","[150.62, 13]","[278.45, 22]",149.25,53,2.73,-0.32
07:34:00,"[144.33, 54]","[143.2, 90]","[149.14, 44]","[156.31, 32]",146.73,220,4.8,0.31
07:34:01,"[144.11, 76]","[143.19, 165]","[146.24, 51]","[152.11, 36]",145.17,328,2.13,0.47
07:34:02,"[144.0, 36]","[143.0, 56]","[173.0, 21]","[266.31, 26]",158.5,139,29.0,0.32
07:34:03,"[144.08, 53]","[143.05, 82]","[349.07, 27]","[431.22, 37]",246.57,199,205.0,0.36
07:34:04,"[146.0, 74]","[145.0, 47]","[366.69, 32]","[534.67, 24]",256.34,177,220.69,0.37
07:34:05,"[147.0, 84]","[146.0, 48]","[408.41, 34]","[607.65, 34]",277.71,200,261.41,0.32
07:34:06,"[147.58, 67]","[146.75, 65]","[368.62, 26]","[412.25, 24]",258.1,182,221.03,0.45
07:34:07,"[148.0, 86]","[147.0, 84]","[251.9, 30]","[268.39, 38]",199.95,238,103.9,0.43
07:34:08,"[148.0, 72]","[147.0, 63]","[194.89, 18]","[196.0, 36]",171.44,189,46.89,0.43
07:34:09,"[148.0, 23]","[147.0, 63]","[167.33, 30]","[190.38, 21]",157.67,137,19.33,0.26
07:34:10,"[148.0, 7]","[147.0, 49]","[154.95, 19]","[163.89, 27]",151.47,102,6.95,0.1
07:34:11,"[148.0, 10]","[147.0, 70]","[152.62, 13]","[153.5, 18]",150.31,111,4.62,0.44
07:34:12,"[147.15, 33]","[146.59, 59]","[149.6, 30]","[150.17, 24]",148.38,146,2.45,0.26
07:34:13,"[147.0, 18]","[146.0, 32]","[148.8, 30]","[186.8, 25]",147.9,105,1.8,-0.05
07:34:14,"[147.0, 6]","[146.0, 12]","[148.0, 12]","[213.33, 9]",147.5,39,1.0,-0.08
07:34:15,"[147.0, 16]","[146.0, 32]","[148.0, 32]","[223.43, 21]",147.5,101,1.0,-0.05
07:34:16,"[147.0, 22]","[146.0, 44]","[148.0, 44]","[242.91, 33]",147.5,143,1.0,-0.08
07:34:17,"[144.74, 47]","[144.1, 117]","[148.0, 50]","[364.57, 42]",146.37,256,3.26,0.28
07:34:18,"[144.0, 99]","[142.33, 9]","[145.76, 33]","[146.8, 30]",144.88,171,1.76,0.26
07:34:19,"[144.0, 46]","[143.0, 9]","[145.7, 20]","[156.11, 19]",144.85,94,1.7,0.17
07:34:20,"[142.76, 17]","[139.83, 88]","[321.0, 16]","[348.08, 36]",231.88,157,178.24,0.34
07:34:21,"[138.39, 62]","[97.68, 19]","[299.41, 34]","[476.11, 38]",218.9,153,161.02,0.06
07:34:22,"[141.0, 119]","[71.5, 20]","[149.5, 50]","[159.42, 33]",145.25,222,8.5,0.25
07:34:23,"[141.27, 74]","[118.82, 57]","[147.22, 49]","[171.43, 28]",144.25,208,5.95,0.26
07:34:24,"[142.15, 33]","[141.16, 75]","[144.5, 20]","[146.03, 29]",143.33,157,2.35,0.38
07:34:25,"[142.18, 34]","[136.21, 39]","[143.53, 15]","[144.73, 22]",142.85,110,1.36,0.33
07:34:26,"[140.81, 32]","[136.0, 27]","[149.63, 19]","[175.03, 31]",145.22,109,8.82,0.08
07:34:27,"[147.93, 42]","[140.87, 45]","[164.71, 21]","[245.49, 39]",156.32,147,16.79,0.18
07:34:28,"[150.0, 12]","[146.92, 13]","[159.0, 6]","[361.64, 22]",154.5,53,9.0,-0.06
07:34:29,"[150.0, 16]","[149.0, 16]","[159.0, 8]","[298.0, 16]",154.5,56,9.0,0.14
07:34:30,"[150.0, 12]","[149.0, 12]","[251.67, 9]","[353.0, 9]",200.83,42,101.67,0.14
07:34:31,"[149.8, 10]","[148.67, 12]","[220.73, 15]","[475.33, 9]",185.27,46,70.93,-0.04
07:34:32,"[149.0, 5]","[148.0, 10]","[203.73, 15]","[429.64, 11]",176.37,41,54.73,-0.27
07:34:33,"[149.0, 7]","[148.0, 14]","[334.9, 20]","[440.55, 22]",241.95,63,185.9,-0.33
07:34:34,"[113.0, 10]","[89.63, 19]","[370.0, 16]","[596.5, 8]",241.5,53,257.0,0.09
07:34:35,"[111.81, 26]","[61.15, 26]","[189.54, 26]","[310.0, 22]",150.67,100,77.73,0.04
07:34:36,"[146.29, 7]","[86.29, 14]","[159.0, 24]","[248.0, 12]",152.64,57,12.71,-0.26
07:34:37,"[104.86, 14]","[87.38, 16]","[182.55, 29]","[223.11, 18]",143.7,77,77.69,-0.22
07:34:38,"[113.21, 14]","[94.5, 16]","[142.0, 12]","[178.33, 12]",127.61,54,28.79,0.11
07:34:39,"[123.67, 18]","[49.29, 21]","[139.32, 19]","[177.64, 11]",131.49,69,15.65,0.13
07:34:40,"[124.14, 14]","[83.43, 21]","[139.0, 7]","[142.0, 7]",131.57,49,14.86,0.43
07:34:41,"[125.0, 16]","[94.0, 24]","[138.36, 14]","[140.88, 8]",131.68,62,13.36,0.29
07:34:42,"[125.88, 16]","[54.25, 32]","[138.0, 21]","[139.0, 8]",131.94,77,12.12,0.25
07:34:43,"[126.0, 14]","[83.19, 27]","[137.73, 11]","[138.4, 10]",131.86,62,11.73,0.32
07:34:44,"[126.67, 24]","[102.0, 36]","[137.92, 12]","[138.85, 13]",132.29,85,11.25,0.41
07:34:45,"[128.67, 12]","[112.0, 18]","[138.0, 6]","[139.0, 6]",133.33,42,9.33,0.43
07:34:46,"[130.12, 17]","[108.38, 21]","[138.0, 10]","[139.0, 10]",134.06,58,7.88,0.31
07:34:47,"[131.6, 20]","[130.0, 10]","[139.4, 10]","[141.1, 10]",135.5,50,7.8,0.2
07:34:48,"[136.52, 21]","[134.6, 15]","[140.0, 13]","[142.0, 13]",138.26,62,3.48,0.16
07:34:49,"[138.31, 13]","[135.0, 13]","[140.0, 13]","[142.0, 13]",139.15,52,1.69,0.0
07:34:50,"[139.2, 10]","[90.0, 44]","[141.0, 10]","[289.6, 15]",140.1,79,1.8,0.37
07:34:51,"[140.0, 6]","[74.0, 18]","[141.14, 14]","[240.5, 8]",140.57,46,1.14,0.04
07:34:52,"[94.64, 22]","[57.6, 25]","[194.68, 19]","[281.81, 21]",144.66,87,100.05,0.08
07:34:53,"[142.76, 21]","[120.7, 23]","[255.0, 40]","[279.0, 20]",198.88,104,112.24,-0.15
07:34:54,"[143.72, 39]","[140.86, 107]","[224.0, 12]","[254.94, 34]",183.86,192,80.28,0.52
07:34:55,"[143.38, 78]","[141.35, 124]","[152.37, 35]","[179.2, 20]",147.88,257,8.99,0.57
07:34:56,"[145.0, 56]","[143.0, 32]","[148.5, 8]","[150.0, 32]",146.75,128,3.5,0.38
07:34:57,"[145.47, 105]","[143.0, 68]","[147.6, 15]","[200.82, 34]",146.53,222,2.13,0.56
07:34:58,"[146.37, 38]","[144.77, 65]","[437.0, 30]","[556.4, 40]",291.68,173,290.63,0.19
07:34:59,"[150.8, 15]","[147.55, 11]","[561.04, 23]","[624.0, 22]",355.92,71,410.24,-0.27
07:35:00,"[150.0, 24]","[144.67, 27]","[353.52, 50]","[499.92, 50]",251.76,151,203.52,-0.32
07:35:01,"[147.0, 7]","[143.0, 42]","[250.33, 24]","[394.53, 30]",198.67,103,103.33,-0.05
07:35:02,"[147.98, 43]","[145.15, 13]","[203.89, 18]","[322.38, 32]",175.93,106,55.91,0.06
07:35:03,"[148.0, 30]","[147.0, 6]","[319.0, 24]","[346.0, 24]",233.5,84,171.0,-0.14
07:35:04,"[147.0, 8]","[143.0, 48]","[308.71, 34]","[481.97, 38]",227.85,128,161.71,-0.12
07:35:05,"[147.0, 6]","[143.0, 36]","[363.14, 21]","[622.53, 19]",255.07,82,216.14,0.02
07:35:06,"[143.09, 46]","[141.06, 203]","[337.45, 31]","[388.09, 46]",240.27,326,194.36,0.53
07:35:07,"[144.0, 34]","[141.56, 108]","[419.61, 44]","[497.69, 26]",281.81,212,275.61,0.34
07:35:08,"[144.0, 12]","[143.0, 45]","[384.53, 38]","[405.71, 42]",264.26,137,240.53,-0.17
07:35:09,"[144.0, 6]","[143.0, 42]","[282.35, 17]","[403.2, 25]",213.18,90,138.35,0.07
07:35:10,"[143.15, 33]","[141.68, 103]","[261.7, 37]","[276.21, 38]",202.43,211,118.55,0.29
07:35:11,"[147.76, 55]","[142.27, 74]","[202.21, 48]","[238.06, 51]",174.99,228,54.44,0.13
07:35:12,"[151.0, 14]","[146.0, 16]","[156.85, 33]","[157.78, 18]",153.92,81,5.85,-0.26
07:35:13,"[144.48, 23]","[142.76, 93]","[155.93, 70]","[157.0, 56]",150.2,242,11.45,-0.04
07:35:14,"[147.64, 11]","[144.04, 27]","[153.56, 45]","[157.0, 36]",150.6,119,5.92,-0.36
07:35:15,"[148.6, 10]","[147.0, 10]","[151.6, 50]","[157.0, 40]",150.1,110,3.0,-0.64
07:35:16,"[148.09, 11]","[144.58, 31]","[150.37, 46]","[157.0, 45]",149.23,133,2.28,-0.37
07:35:17,"[145.12, 16]","[143.6, 50]","[148.15, 33]","[151.21, 33]",146.64,132,3.03,0.0
07:35:18,"[143.44, 89]","[142.71, 105]","[145.78, 36]","[146.67, 60]",144.61,290,2.34,0.34
07:35:19,"[143.0, 110]","[141.0, 33]","[145.0, 22]","[146.0, 44]",144.0,209,2.0,0.37
07:35:20,"[130.82, 65]","[104.89, 70]","[184.9, 49]","[372.8, 35]",157.86,219,54.08,0.23
07:35:21,"[111.48, 114]","[94.85, 119]","[258.12, 34]","[328.89, 56]",184.8,323,146.64,0.44
07:35:22,"[149.18, 114]","[122.37, 104]","[349.8, 45]","[519.85, 39]",249.49,302,200.62,0.44
07:35:23,"[149.6, 35]","[146.81, 48]","[159.0, 32]","[505.0, 24]",154.3,139,9.4,0.19
07:35:24,"[151.0, 72]","[150.0, 18]","[158.53, 15]","[271.55, 31]",154.77,136,7.53,0.32
07:35:25,"[151.0, 88]","[150.0, 22]","[157.77, 13]","[317.87, 31]",154.38,154,6.77,0.43
07:35:26,"[151.0, 80]","[150.0, 20]","[156.1, 30]","[158.0, 10]",153.55,140,5.1,0.43
07:35:27,"[151.0, 61]","[150.0, 22]","[153.0, 33]","[158.0, 11]",152.0,127,2.0,0.31
07:35:28,"[151.0, 46]","[150.0, 22]","[153.22, 27]","[261.41, 17]",152.11,112,2.22,0.21
07:35:29,"[151.0, 8]","[150.0, 14]","[156.86, 7]","[222.0, 21]",153.93,50,5.86,-0.12
07:35:30,"[151.0, 10]","[150.0, 20]","[155.6, 10]","[330.7, 30]",153.3,70,4.6,-0.14
07:35:31,"[151.0, 11]","[150.0, 22]","[153.8, 15]","[211.2, 20]",152.4,68,2.8,-0.03
07:35:32,"[149.09, 22]","[148.5, 8]","[153.0, 4]","[154.0, 8]",151.05,42,3.91,0.43
07:35:33,"[149.0, 84]","[148.0, 24]","[151.93, 15]","[152.9, 21]",150.47,144,2.93,0.5
07:35:34,"[149.0, 62]","[148.0, 22]","[387.39, 23]","[369.3, 30]",268.2,137,238.39,0.23
07:35:35,"[149.0, 32]","[148.0, 16]","[470.67, 24]","[527.5, 32]",309.83,104,321.67,-0.08
07:35:36,"[149.0, 32]","[148.0, 16]","[535.84, 32]","[620.17, 18]",342.42,98,386.84,-0.02
07:35:37,"[150.29, 21]","[148.4, 10]","[345.42, 12]","[389.33, 12]",247.85,55,195.13,0.13
07:35:38,"[149.0, 28]","[148.0, 14]","[292.2, 25]","[392.26, 19]",220.6,86,143.2,-0.02
07:35:39,"[149.0, 62]","[148.0, 16]","[199.17, 18]","[499.89, 28]",174.08,124,50.17,0.26
07:35:40,"[149.0, 60]","[148.0, 24]","[243.67, 45]","[360.36, 28]",196.33,157,94.67,0.07
07:35:41,"[144.33, 55]","[143.37, 157]","[243.0, 52]","[618.42, 43]",193.66,307,98.67,0.38
07:35:42,"[144.74, 19]","[143.49, 71]","[242.0, 36]","[665.0, 21]",193.37,147,97.26,0.22
07:35:43,"[144.91, 11]","[143.47, 53]","[241.0, 28]","[331.0, 19]",192.95,111,96.09,0.15
07:35:44,"[145.0, 72]","[143.06, 104]","[240.56, 36]","[301.0, 36]",192.78,248,95.56,0.42
07:35:45,"[144.21, 14]","[142.77, 52]","[239.97, 33]","[294.22, 36]",192.09,135,95.76,-0.02
07:35:46,"[147.69, 26]","[143.4, 10]","[237.5, 24]","[239.0, 6]",192.6,66,89.81,0.09
07:35:47,"[148.0, 48]","[144.0, 8]","[236.25, 32]","[239.0, 8]",192.12,96,88.25,0.17
07:35:48,"[148.0, 90]","[144.0, 15]","[206.62, 52]","[208.7, 33]",177.31,190,58.62,0.11
07:35:49,"[148.21, 58]","[146.29, 21]","[184.29, 41]","[188.04, 24]",166.25,144,36.09,0.1
07:35:50,"[149.36, 22]","[147.53, 34]","[183.0, 36]","[184.0, 9]",166.18,101,33.64,0.11
07:35:51,"[148.0, 39]","[145.85, 13]","[183.0, 52]","[184.0, 13]",165.5,117,35.0,-0.11
07:35:52,"[148.0, 27]","[147.0, 9]","[175.41, 27]","[183.24, 21]",161.7,84,27.41,-0.14
07:35:53,"[147.92, 49]","[146.05, 21]","[180.76, 17]","[183.0, 68]",164.34,155,32.85,-0.1
07:35:54,"[144.0, 13]","[143.0, 65]","[178.71, 28]","[179.14, 37]",161.36,143,34.71,0.09
07:35:55,"[143.12, 16]","[141.38, 52]","[174.58, 12]","[178.91, 33]",158.85,113,31.46,0.2
07:35:56,"[143.0, 24]","[141.0, 72]","[169.39, 33]","[170.67, 27]",156.2,156,26.39,0.23
07:35:57,"[143.0, 22]","[141.0, 81]","[165.45, 11]","[166.55, 11]",154.23,125,22.45,0.65
07:35:58,"[143.0, 24]","[141.0, 96]","[161.67, 12]","[163.0, 12]",152.33,144,18.67,0.67
07:35:59,"[143.83, 36]","[142.05, 38]","[158.08, 13]","[159.46, 13]",150.96,100,14.24,0.48
07:36:00,"[144.31, 48]","[143.41, 44]","[155.0, 44]","[157.69, 16]",149.66,152,10.69,0.21
07:36:01,"[147.16, 50]","[145.13, 89]","[151.75, 52]","[153.31, 26]",149.45,217,4.59,0.28
07:36:02,"[146.03, 102]","[144.58, 76]","[311.76, 17]","[388.6, 25]",228.9,220,165.74,0.62
07:36:03,"[147.41, 27]","[146.11, 71]","[260.91, 11]","[275.68, 19]",204.16,128,113.5,0.53
07:36:04,"[148.14, 21]","[146.04, 101]","[224.3, 10]","[242.08, 12]",186.22,144,76.16,0.69
07:36:05,"[149.0, 42]","[148.0, 28]","[191.5, 32]","[224.14, 14]",170.25,116,42.5,0.21
07:36:06,"[149.0, 36]","[148.0, 24]","[179.56, 45]","[188.87, 15]",164.28,120,30.56,0.0
07:36:07,"[149.0, 24]","[148.0, 16]","[178.18, 11]","[178.96, 23]",163.59,74,29.18,0.08
07:36:08,"[146.79, 56]","[145.27, 60]","[174.48, 23]","[176.91, 11]",160.63,150,27.69,0.55
07:36:09,"[146.0, 128]","[144.0, 96]","[160.88, 25]","[171.2, 40]",153.44,289,14.88,0.55
07:36:10,"[146.0, 80]","[144.0, 60]","[152.95, 22]","[163.1, 10]",149.48,172,6.95,0.63
07:36:11,"[146.0, 96]","[144.0, 72]","[149.72, 18]","[150.81, 42]",147.86,228,3.72,0.47
07:36:12,"[146.0, 104]","[144.0, 78]","[147.08, 25]","[151.5, 16]",146.54,223,1.08,0.63
07:36:13,"[146.0, 46]","[144.0, 42]","[153.0, 7]","[187.87, 31]",149.5,126,7.0,0.4
07:36:14,"[146.08, 52]","[144.4, 60]","[154.0, 10]","[189.0, 50]",150.04,172,7.92,0.3
07:36:15,"[151.0, 76]","[147.0, 24]","[153.17, 12]","[181.29, 28]",152.08,140,2.17,0.43
07:36:16,"[151.0, 21]","[147.0, 14]","[152.57, 7]","[285.0, 17]",151.79,59,1.57,0.19
07:36:17,"[151.0, 12]","[147.0, 12]","[444.5, 12]","[639.0, 6]",297.75,42,293.5,0.14
07:36:18,"[151.0, 20]","[147.0, 20]","[369.52, 23]","[507.53, 15]",260.26,78,218.52,0.03
07:36:19,"[146.47, 19]","[144.41, 37]","[218.7, 33]","[308.0, 25]",182.59,114,72.22,-0.02
07:36:20,"[149.14, 21]","[147.0, 7]","[224.76, 33]","[272.53, 15]",186.95,76,75.61,-0.26
07:36:21,"[147.44, 25]","[144.17, 75]","[223.82, 44]","[225.0, 55]",185.63,199,76.38,0.01
07:36:22,"[146.0, 15]","[144.0, 143]","[211.32, 38]","[224.08, 52]",178.66,248,65.32,0.27
07:36:23,"[146.0, 5]","[144.0, 65]","[153.2, 20]","[155.78, 9]",149.6,99,7.2,0.41
07:36:24,"[146.0, 11]","[144.0, 143]","[152.36, 44]","[225.0, 55]",149.18,253,6.36,0.22
07:36:25,"[145.22, 54]","[143.62, 78]","[151.0, 48]","[255.23, 30]",148.11,210,5.78,0.26
07:36:26,"[148.0, 36]","[146.82, 51]","[151.0, 36]","[402.23, 13]",149.5,136,3.0,0.28
07:36:27,"[147.14, 42]","[145.5, 36]","[149.67, 36]","[313.0, 9]",148.4,123,2.52,0.27
07:36:28,"[147.0, 42]","[144.0, 45]","[148.07, 56]","[265.67, 18]",147.54,161,1.07,0.08
07:36:29,"[147.08, 36]","[144.36, 75]","[204.55, 51]","[288.86, 28]",175.82,190,57.47,0.17
07:36:30,"[149.08, 13]","[147.32, 19]","[233.28, 39]","[361.2, 30]",191.18,101,84.21,-0.37
07:36:31,"[148.59, 39]","[144.68, 50]","[380.81, 52]","[543.33, 36]",264.7,177,232.22,0.01
07:36:32,"[151.0, 66]","[147.0, 27]","[309.31, 29]","[398.71, 34]",230.16,156,158.31,0.19
07:36:33,"[151.0, 20]","[147.0, 21]","[270.0, 35]","[334.57, 7]",210.5,83,119.0,-0.01
07:36:34,"[151.0, 22]","[147.0, 33]","[268.47, 15]","[271.96, 51]",209.73,121,117.47,-0.09
07:36:35,"[148.8, 15]","[146.12, 32]","[228.56, 32]","[268.88, 16]",188.68,95,79.76,-0.01
07:36:36,"[147.0, 24]","[144.0, 48]","[221.0, 36]","[232.83, 24]",184.0,132,74.0,0.09
07:36:37,"[147.0, 33]","[144.0, 49]","[177.49, 45]","[208.88, 48]",162.24,175,30.49,-0.06
07:36:38,"[147.0, 21]","[144.0, 70]","[167.29, 7]","[174.65, 34]",157.14,132,20.29,0.38
07:36:39,"[147.0, 24]","[144.0, 80]","[165.03, 29]","[184.55, 11]",156.02,144,18.03,0.44
07:36:40,"[147.0, 27]","[144.0, 90]","[163.17, 24]","[163.71, 21]",155.08,162,16.17,0.44
07:36:41,"[147.15, 34]","[144.14, 106]","[159.42, 36]","[160.06, 18]",153.28,194,12.27,0.44
07:36:42,"[152.0, 7]","[147.0, 21]","[155.08, 26]","[156.8, 10]",153.54,64,3.08,-0.12
07:36:43,"[147.59, 34]","[146.12, 102]","[152.2, 51]","[155.22, 23]",149.89,210,4.61,0.3
07:36:44,"[147.0, 18]","[146.0, 63]","[149.6, 10]","[168.77, 13]",148.3,104,2.6,0.56
07:36:45,"[146.17, 60]","[144.68, 62]","[150.7, 40]","[226.0, 40]",148.43,202,4.53,0.21
07:36:46,"[146.0, 61]","[144.0, 63]","[149.22, 36]","[286.89, 36]",147.61,196,3.22,0.27
07:36:47,"[146.0, 35]","[144.0, 49]","[147.29, 28]","[276.0, 28]",146.64,140,1.29,0.2
07:36:48,"[146.1, 10]","[144.44, 18]","[261.67, 9]","[316.0, 14]",203.88,51,115.57,0.1
07:36:49,"[147.0, 5]","[146.0, 20]","[275.12, 8]","[292.47, 17]",211.06,50,128.12,0.0
07:36:50,"[146.5, 12]","[145.09, 44]","[272.62, 8]","[281.0, 32]",209.56,96,126.12,0.17
07:36:51,"[146.0, 14]","[144.0, 58]","[209.8, 15]","[280.09, 22]",177.9,109,63.8,0.32
07:36:52,"[143.86, 73]","[141.45, 99]","[173.73, 11]","[178.04, 23]",158.8,206,29.86,0.67
07:36:53,"[151.0, 16]","[147.0, 10]","[173.88, 8]","[176.62, 8]",162.44,42,22.88,0.24
07:36:54,"[151.0, 20]","[149.77, 26]","[172.6, 10]","[175.0, 10]",161.8,66,21.6,0.39
07:36:55,"[150.43, 14]","[149.79, 19]","[169.14, 7]","[170.14, 7]",159.79,47,18.71,0.4
07:36:56,"[150.0, 16]","[149.0, 8]","[166.5, 8]","[167.5, 8]",158.25,40,16.5,0.2
07:36:57,"[146.77, 13]","[143.18, 101]","[162.9, 10]","[164.2, 10]",154.83,134,16.13,0.7
07:36:58,"[144.0, 5]","[143.0, 59]","[153.69, 13]","[159.8, 5]",148.85,82,9.69,0.56
07:36:59,"[144.0, 11]","[143.0, 38]","[151.04, 23]","[152.47, 15]",147.52,87,7.04,0.13
07:37:00,"[144.0, 11]","[143.0, 44]","[146.82, 11]","[147.82, 11]",145.41,77,2.82,0.43
07:37:01,"[144.0, 21]","[141.38, 53]","[146.4, 10]","[147.7, 10]",145.2,94,2.4,0.57
07:37:02,"[143.0, 22]","[140.64, 99]","[145.55, 11]","[148.0, 11]",144.27,143,2.55,0.69
07:37:03,"[143.0, 12]","[140.0, 72]","[146.25, 8]","[207.33, 12]",144.62,104,3.25,0.62
07:37:04,"[146.0, 38]","[143.0, 6]","[199.9, 10]","[281.33, 12]",172.95,66,53.9,0.33
07:37:05,"[146.0, 36]","[143.0, 6]","[436.64, 14]","[594.38, 8]",291.32,64,290.64,0.31
07:37:06,"[146.18, 34]","[144.71, 14]","[493.58, 31]","[548.24, 17]",319.88,96,347.4,0.0
07:37:07,"[149.0, 9]","[146.0, 36]","[403.7, 20]","[476.29, 35]",276.35,100,254.7,-0.1
07:37:08,"[149.0, 11]","[146.75, 32]","[212.55, 22]","[311.6, 30]",180.77,95,63.55,-0.09
07:37:09,"[150.0, 35]","[149.0, 7]","[198.0, 18]","[274.59, 17]",174.0,77,48.0,0.09
07:37:10,"[150.0, 36]","[149.0, 8]","[207.11, 27]","[246.35, 23]",178.56,94,57.11,-0.06
07:37:11,"[150.0, 10]","[149.0, 10]","[190.4, 40]","[271.23, 22]",170.2,82,40.4,-0.51
07:37:12,"[148.29, 14]","[146.86, 14]","[188.7, 40]","[286.9, 10]",168.49,78,40.41,-0.28
07:37:13,"[146.38, 26]","[144.4, 30]","[186.3, 40]","[226.75, 20]",166.34,116,39.92,-0.03
07:37:14,"[151.0, 10]","[146.0, 30]","[185.0, 32]","[204.68, 31]",168.0,103,34.0,-0.22
07:37:15,"[148.78, 9]","[145.11, 27]","[181.29, 34]","[183.1, 20]",165.04,90,32.52,-0.2
07:37:16,"[115.62, 64]","[81.67, 18]","[171.0, 30]","[180.8, 20]",143.31,132,55.38,0.24
07:37:17,"[140.0, 14]","[121.43, 63]","[178.33, 18]","[179.5, 24]",159.17,119,38.33,0.29
07:37:18,"[142.83, 36]","[131.29, 31]","[176.0, 32]","[177.4, 40]",159.42,139,33.17,-0.04
07:37:19,"[146.0, 49]","[143.0, 24]","[173.5, 16]","[174.8, 20]",159.75,109,27.5,0.34
07:37:20,"[144.6, 60]","[141.6, 30]","[170.36, 44]","[172.05, 42]",157.48,176,25.76,0.02
07:37:21,"[98.1, 83]","[64.85, 26]","[152.07, 54]","[160.3, 54]",125.09,217,53.98,0.0
07:37:22,"[131.81, 58]","[115.88, 52]","[135.33, 30]","[136.71, 34]",133.57,174,3.52,0.26
07:37:23,"[126.18, 84]","[124.18, 50]","[135.0, 30]","[136.0, 40]",130.59,204,8.82,0.31
07:37:24,"[127.0, 77]","[115.51, 43]","[136.56, 18]","[159.5, 20]",131.78,158,9.56,0.52
07:37:25,"[128.0, 44]","[99.5, 16]","[139.09, 22]","[193.75, 16]",133.55,98,11.09,0.22
07:37:26,"[128.33, 99]","[55.56, 36]","[137.92, 61]","[139.75, 55]",133.13,251,9.58,0.08
07:37:27,"[129.67, 33]","[49.0, 12]","[137.0, 15]","[138.0, 21]",133.33,81,7.33,0.11
07:37:28,"[130.0, 33]","[49.0, 12]","[137.0, 15]","[138.0, 21]",133.5,81,7.0,0.11
07:37:29,"[130.0, 66]","[66.33, 24]","[137.0, 30]","[138.0, 42]",133.5,162,7.0,0.11
07:37:30,"[130.6, 55]","[63.0, 20]","[136.52, 21]","[137.78, 27]",133.56,123,5.92,0.22
07:37:31,"[131.33, 66]","[61.5, 24]","[136.55, 22]","[137.82, 34]",133.94,146,5.21,0.23
07:37:32,"[133.0, 88]","[77.25, 32]","[137.0, 20]","[138.0, 56]",135.0,196,4.0,0.22
07:37:33,"[134.0, 88]","[102.25, 32]","[137.0, 16]","[138.0, 56]",135.5,192,3.0,0.25
07:37:34,"[135.25, 88]","[94.15, 41]","[137.0, 16]","[138.0, 56]",136.12,201,1.75,0.28
07:37:35,"[136.0, 99]","[99.22, 63]","[139.76, 25]","[141.56, 9]",137.88,196,3.76,0.65
07:37:36,"[136.0, 121]","[75.19, 68]","[139.86, 21]","[461.3, 23]",137.93,233,3.86,0.62
07:37:37,"[140.86, 29]","[136.56, 62]","[400.18, 33]","[633.85, 40]",270.52,164,259.32,0.11
07:37:38,"[144.0, 65]","[143.0, 6]","[276.42, 24]","[308.14, 14]",210.21,109,132.42,0.3
07:37:39,"[146.54, 108]","[144.95, 82]","[362.6, 50]","[469.0, 25]",254.57,265,216.06,0.43
07:37:40,"[148.47, 104]","[147.27, 98]","[303.09, 43]","[435.27, 52]",225.78,297,154.62,0.36
07:37:41,"[149.0, 21]","[147.94, 70]","[218.65, 26]","[342.5, 26]",183.83,143,69.65,0.27
07:37:42,"[149.11, 27]","[147.04, 45]","[189.88, 51]","[305.45, 33]",169.5,156,40.77,-0.08
07:37:43,"[149.0, 5]","[147.0, 20]","[298.11, 19]","[320.4, 25]",223.55,69,149.11,-0.28
07:37:44,"[149.0, 7]","[147.0, 28]","[183.35, 23]","[251.43, 35]",166.17,93,34.35,-0.25
07:37:45,"[147.22, 54]","[144.75, 96]","[216.38, 47]","[340.47, 75]",181.8,272,69.16,0.1
07:37:46,"[147.0, 44]","[144.0, 66]","[190.71, 17]","[213.26, 19]",168.85,146,43.71,0.51
07:37:47,"[147.0, 48]","[144.0, 72]","[151.0, 12]","[202.42, 60]",149.0,192,4.0,0.25
07:37:48,"[147.0, 32]","[144.0, 48]","[150.5, 8]","[179.0, 40]",148.75,128,3.5,0.25
07:37:49,"[147.0, 28]","[144.0, 60]","[149.37, 19]","[347.39, 23]",148.18,130,2.37,0.35
07:37:50,"[147.0, 5]","[144.0, 30]","[149.0, 20]","[150.0, 5]",148.0,60,2.0,0.17
07:37:51,"[145.42, 19]","[143.75, 72]","[148.89, 36]","[206.64, 36]",147.15,163,3.47,0.12
07:37:52,"[143.19, 16]","[121.39, 33]","[149.0, 28]","[290.48, 23]",146.09,100,5.81,-0.02
07:37:53,"[135.87, 39]","[106.25, 16]","[147.29, 31]","[227.77, 26]",141.58,112,11.42,-0.02
07:37:54,"[129.89, 45]","[31.33, 36]","[145.24, 21]","[146.83, 24]",137.56,126,15.35,0.29
07:37:55,"[122.13, 54]","[89.18, 220]","[143.22, 36]","[143.54, 24]",132.68,334,21.09,0.64
07:37:56,"[116.13, 15]","[111.38, 21]","[155.18, 28]","[220.33, 12]",135.66,76,39.05,-0.05
07:37:57,"[118.15, 26]","[116.31, 13]","[199.14, 49]","[274.95, 37]",158.65,125,80.99,-0.38
07:37:58,"[121.06, 36]","[120.55, 66]","[136.71, 70]","[138.0, 28]",128.88,200,15.66,0.02
07:37:59,"[126.34, 50]","[125.45, 44]","[135.89, 76]","[138.0, 36]",131.12,206,9.55,-0.09
07:38:00,"[130.5, 20]","[130.0, 16]","[135.0, 48]","[138.0, 24]",132.75,108,4.5,-0.33
07:38:01,"[133.22, 18]","[129.29, 28]","[135.21, 48]","[136.44, 45]",134.22,139,1.99,-0.34
07:38:02,"[133.35, 34]","[125.46, 70]","[137.38, 32]","[225.18, 55]",135.36,191,4.02,0.09
07:38:03,"[136.94, 64]","[135.44, 54]","[204.2, 45]","[324.26, 68]",170.57,231,67.26,0.02
07:38:04,"[142.07, 73]","[139.17, 46]","[258.2, 30]","[375.42, 50]",200.13,199,116.13,0.2
07:38:05,"[143.23, 139]","[140.88, 51]","[163.31, 26]","[178.57, 28]",153.27,244,20.08,0.56
07:38:06,"[151.0, 30]","[150.0, 16]","[156.38, 8]","[158.0, 40]",153.69,94,5.38,-0.02
07:38:07,"[151.0, 33]","[150.0, 22]","[155.91, 11]","[160.94, 49]",153.45,115,4.91,-0.04
07:38:08,"[151.0, 30]","[150.0, 20]","[153.0, 10]","[194.0, 20]",152.0,80,2.0,0.25
07:38:09,"[150.86, 29]","[148.15, 26]","[190.93, 15]","[239.71, 34]",170.9,104,40.07,0.06
07:38:10,"[150.0, 20]","[144.0, 40]","[216.0, 24]","[247.94, 34]",183.0,118,66.0,0.02
07:38:11,"[147.0, 32]","[143.21, 76]","[198.0, 32]","[225.0, 16]",172.5,156,51.0,0.38
07:38:12,"[144.0, 36]","[143.0, 135]","[267.8, 25]","[427.97, 35]",205.9,231,123.8,0.48
07:38:13,"[143.12, 96]","[142.14, 63]","[319.92, 36]","[395.3, 37]",231.52,232,176.79,0.37
07:38:14,"[143.29, 98]","[142.37, 71]","[210.63, 19]","[248.92, 26]",176.96,214,67.35,0.58
07:38:15,"[144.0, 72]","[143.0, 168]","[182.03, 31]","[186.82, 39]",163.02,310,38.03,0.55
07:38:16,"[144.0, 37]","[143.0, 126]","[173.22, 18]","[177.32, 22]",158.61,203,29.22,0.61
07:38:17,"[144.44, 50]","[142.93, 118]","[167.87, 39]","[168.73, 22]",156.16,229,23.43,0.47
07:38:18,"[147.74, 19]","[144.0, 26]","[165.15, 26]","[165.85, 26]",156.45,97,17.42,-0.07
07:38:19,"[148.12, 25]","[145.5, 12]","[162.33, 15]","[163.62, 29]",155.23,81,14.21,-0.09
07:38:20,"[149.54, 26]","[148.68, 38]","[158.45, 20]","[159.62, 24]",153.99,108,8.91,0.19
07:38:21,"[149.0, 52]","[146.66, 29]","[154.41, 27]","[154.93, 27]",151.7,135,5.41,0.2
07:38:22,"[148.03, 33]","[146.75, 24]","[149.67, 21]","[151.0, 26]",148.85,104,1.64,0.1
07:38:23,"[148.0, 68]","[147.0, 33]","[149.0, 14]","[150.0, 33]",148.5,148,1.0,0.36
07:38:24,"[148.0, 34]","[147.0, 24]","[149.8, 20]","[267.0, 12]",148.9,90,1.8,0.29
07:38:25,"[148.0, 18]","[147.0, 27]","[150.8, 10]","[252.14, 21]",149.4,76,2.8,0.18
07:38:26,"[148.0, 12]","[147.0, 21]","[153.6, 10]","[306.67, 18]",150.8,61,5.6,0.08
07:38:27,"[148.98, 51]","[147.77, 13]","[152.0, 11]","[280.05, 40]",150.49,115,3.02,0.11
07:38:28,"[149.0, 15]","[148.0, 3]","[152.0, 3]","[296.4, 10]",150.5,31,3.0,0.16
07:38:29,"[149.0, 30]","[148.0, 6]","[152.0, 6]","[343.43, 21]",150.5,63,3.0,0.14
07:38:30,"[147.14, 21]","[146.2, 15]","[151.22, 9]","[336.67, 36]",149.18,81,4.08,-0.11
07:38:31,"[147.49, 35]","[146.0, 12]","[149.5, 8]","[493.85, 13]",148.49,68,2.01,0.38
07:38:32,"[147.51, 43]","[146.12, 16]","[391.95, 22]","[615.27, 30]",269.73,111,244.44,0.06
07:38:33,"[148.42, 84]","[147.33, 36]","[273.15, 33]","[343.96, 27]",210.78,180,124.73,0.33
07:38:34,"[148.44, 27]","[147.25, 36]","[261.55, 29]","[340.48, 31]",205.0,123,113.11,0.02
07:38:35,"[148.0, 14]","[146.96, 52]","[282.0, 21]","[456.0, 14]",215.0,101,134.0,0.31
07:38:36,"[148.57, 23]","[147.1, 93]","[189.18, 33]","[262.0, 33]",168.87,182,40.62,0.27
07:38:37,"[149.0, 5]","[148.0, 5]","[188.8, 15]","[339.0, 9]",168.9,34,39.8,-0.41
07:38:38,"[149.3, 23]","[147.04, 117]","[187.85, 39]","[368.15, 13]",168.58,192,38.54,0.46
07:38:39,"[150.0, 24]","[148.0, 9]","[187.0, 27]","[352.33, 9]",168.5,69,37.0,-0.04
07:38:40,"[147.32, 94]","[146.4, 15]","[186.73, 33]","[197.0, 11]",167.02,153,39.41,0.42
07:38:41,"[147.0, 106]","[145.0, 9]","[186.0, 27]","[245.44, 9]",166.5,151,39.0,0.52
07:38:42,"[147.0, 60]","[145.0, 6]","[183.77, 13]","[187.5, 16]",165.38,95,36.77,0.39
07:38:43,"[147.73, 82]","[146.7, 47]","[179.79, 29]","[181.54, 26]",163.76,184,32.06,0.4
07:38:44,"[152.0, 18]","[147.0, 60]","[177.86, 21]","[178.91, 11]",164.93,110,25.86,0.42
07:38:45,"[152.0, 18]","[147.0, 60]","[176.0, 18]","[178.0, 6]",164.0,102,24.0,0.53
07:38:46,"[151.55, 33]","[148.14, 70]","[174.22, 27]","[178.0, 9]",162.88,139,22.68,0.48
07:38:47,"[151.0, 35]","[147.0, 70]","[172.25, 16]","[173.94, 18]",161.62,139,21.25,0.51
07:38:48,"[151.0, 55]","[147.0, 110]","[168.6, 25]","[170.0, 30]",159.8,220,17.6,0.5
07:38:49,"[151.0, 70]","[147.0, 140]","[165.24, 33]","[166.31, 29]",158.12,272,14.24,0.54
07:38:50,"[150.44, 54]","[146.16, 131]","[161.87, 45]","[162.79, 42]",156.16,272,11.42,0.36
07:38:51,"[149.85, 62]","[147.36, 44]","[159.16, 37]","[160.47, 38]",154.51,181,9.31,0.17
07:38:52,"[150.0, 63]","[147.14, 58]","[151.56, 36]","[163.68, 31]",150.78,188,1.56,0.29
07:38:53,"[147.25, 59]","[145.19, 122]","[150.0, 42]","[181.0, 42]",148.63,265,2.75,0.37
07:38:54,"[147.0, 54]","[146.0, 9]","[148.56, 27]","[248.33, 27]",147.78,117,1.56,0.08
07:38:55,"[147.0, 39]","[146.0, 12]","[354.55, 31]","[481.06, 32]",250.77,114,207.55,-0.11
07:38:56,"[147.0, 22]","[146.0, 8]","[294.5, 12]","[389.25, 24]",220.75,66,147.5,-0.09
07:38:57,"[145.07, 84]","[144.5, 66]","[316.92, 38]","[447.25, 40]",231.0,228,171.85,0.32
07:38:58,"[145.29, 68]","[144.21, 34]","[213.62, 24]","[374.5, 20]",179.46,146,68.33,0.4
07:38:59,"[145.99, 81]","[144.51, 55]","[253.69, 32]","[295.47, 19]",199.84,187,107.7,0.45
07:39:00,"[145.27, 30]","[144.75, 48]","[180.0, 20]","[324.25, 20]",162.63,118,34.73,0.32
07:39:01,"[146.23, 13]","[144.92, 52]","[179.44, 18]","[328.65, 31]",162.84,114,33.21,0.14
07:39:02,"[145.0, 40]","[144.0, 32]","[178.25, 16]","[330.21, 28]",161.62,116,33.25,0.24
07:39:03,"[147.55, 11]","[144.07, 30]","[177.89, 18]","[302.0, 27]",162.72,86,30.34,-0.05
07:39:04,"[152.0, 4]","[145.0, 2]","[177.0, 4]","[272.0, 6]",164.5,16,25.0,-0.25
07:39:05,"[149.67, 6]","[144.2, 10]","[177.0, 8]","[242.0, 12]",163.33,36,27.33,-0.11
07:39:06,"[141.19, 52]","[126.0, 20]","[175.7, 20]","[209.08, 24]",158.45,116,34.51,0.24
07:39:07,"[141.5, 16]","[111.83, 12]","[173.2, 10]","[204.29, 14]",157.35,52,31.7,0.08
07:39:08,"[149.0, 9]","[141.0, 18]","[163.4, 20]","[191.31, 13]",156.2,60,14.4,-0.1
07:39:09,"[149.0, 10]","[142.5, 40]","[159.72, 29]","[161.43, 21]",154.36,100,10.72,0.0
07:39:10,"[149.0, 9]","[143.0, 54]","[155.78, 27]","[157.95, 20]",152.39,110,6.78,0.15
07:39:11,"[145.8, 30]","[142.56, 27]","[154.0, 30]","[155.0, 30]",149.9,117,8.2,-0.03
07:39:12,"[147.0, 39]","[143.79, 43]","[152.16, 38]","[153.94, 34]",149.58,154,5.16,0.06
07:39:13,"[147.0, 24]","[144.0, 24]","[150.06, 17]","[151.09, 23]",148.53,88,3.06,0.09
07:39:14,"[144.71, 51]","[143.09, 22]","[148.4, 20]","[150.68, 25]",146.55,118,3.69,0.24
07:39:15,"[144.49, 35]","[143.8, 40]","[147.4, 15]","[149.8, 15]",145.94,105,2.91,0.43
07:39:16,"[144.75, 20]","[143.94, 54]","[147.0, 25]","[148.0, 20]",145.88,119,2.25,0.24
07:39:17,"[144.17, 24]","[143.45, 22]","[146.83, 12]","[190.25, 8]",145.5,66,2.67,0.39
07:39:18,"[144.0, 68]","[142.29, 42]","[146.04, 25]","[246.11, 19]",145.02,154,2.04,0.43
07:39:19,"[144.0, 18]","[142.0, 18]","[238.33, 9]","[362.81, 21]",191.17,66,94.33,0.09
07:39:20,"[143.2, 45]","[118.83, 40]","[325.13, 45]","[425.29, 21]",234.17,151,181.93,0.13
07:39:21,"[142.14, 63]","[98.86, 58]","[384.86, 56]","[558.79, 38]",263.5,215,242.71,0.13
07:39:22,"[145.0, 31]","[142.0, 44]","[364.82, 22]","[368.0, 44]",254.91,141,219.82,0.06
07:39:23,"[145.0, 36]","[142.0, 36]","[287.73, 30]","[419.92, 25]",216.37,127,142.73,0.13
07:39:24,"[145.0, 44]","[142.0, 44]","[359.17, 35]","[465.06, 36]",252.09,159,214.17,0.11
07:39:25,"[145.0, 40]","[142.0, 40]","[175.67, 18]","[238.06, 31]",160.33,129,30.67,0.24
07:39:26,"[146.3, 46]","[144.14, 56]","[160.85, 41]","[182.36, 56]",153.58,199,14.55,0.03
07:39:27,"[147.0, 39]","[145.0, 52]","[159.54, 39]","[162.0, 52]",153.27,182,12.54,0.0
07:39:28,"[147.0, 33]","[145.0, 44]","[158.36, 33]","[261.08, 26]",152.68,136,11.36,0.13
07:39:29,"[147.0, 30]","[145.0, 40]","[156.8, 30]","[439.4, 40]",151.9,140,9.8,0.0
07:39:30,"[147.0, 33]","[145.0, 32]","[155.36, 33]","[334.0, 44]",151.18,142,8.36,-0.08
07:39:31,"[147.74, 19]","[146.68, 25]","[154.18, 33]","[340.09, 44]",150.96,121,6.44,-0.27
07:39:32,"[149.0, 9]","[147.0, 27]","[152.56, 27]","[209.09, 33]",150.78,96,3.56,-0.25
07:39:33,"[149.0, 11]","[147.0, 33]","[151.27, 33]","[270.51, 35]",150.14,112,2.27,-0.21
07:39:34,"[145.4, 10]","[144.07, 129]","[151.0, 30]","[404.0, 40]",148.2,209,5.6,0.33
07:39:35,"[145.13, 46]","[143.88, 104]","[264.3, 33]","[455.0, 40]",204.72,223,119.17,0.35
07:39:36,"[150.0, 89]","[144.16, 147]","[393.32, 38]","[555.31, 52]",271.66,326,243.32,0.45
07:39:37,"[144.81, 111]","[142.96, 92]","[179.47, 40]","[195.67, 43]",162.14,286,34.66,0.42
07:39:38,"[144.0, 192]","[141.0, 64]","[175.09, 68]","[177.59, 44]",159.54,368,31.09,0.39
07:39:39,"[144.11, 162]","[141.95, 76]","[170.57, 69]","[172.0, 36]",157.34,343,26.45,0.39
07:39:40,"[144.05, 95]","[142.21, 39]","[168.42, 48]","[169.19, 43]",156.23,225,24.36,0.19
07:39:41,"[146.91, 57]","[144.54, 111]","[165.16, 64]","[166.25, 71]",156.03,303,18.24,0.11
07:39:42,"[152.0, 14]","[147.38, 32]","[162.41, 54]","[163.75, 63]",157.2,163,10.41,-0.44
07:39:43,"[152.0, 10]","[150.73, 44]","[158.21, 39]","[159.25, 48]",155.1,141,6.21,-0.23
07:39:44,"[151.08, 50]","[149.5, 40]","[153.8, 55]","[154.87, 61]",152.44,206,2.72,-0.13
07:39:45,"[151.0, 39]","[148.0, 26]","[152.68, 44]","[153.41, 59]",151.84,168,1.68,-0.23
07:39:46,"[147.84, 38]","[144.32, 87]","[152.18, 55]","[308.45, 44]",150.01,224,4.34,0.12
07:39:47,"[145.0, 28]","[144.0, 91]","[152.0, 31]","[334.57, 28]",148.5,178,7.0,0.34
07:39:48,"[145.0, 56]","[144.0, 182]","[150.13, 23]","[242.0, 57]",147.57,318,5.13,0.5
07:39:49,"[147.25, 24]","[145.0, 64]","[150.0, 60]","[331.12, 64]",148.62,212,2.75,-0.17
07:39:50,"[146.8, 44]","[145.08, 61]","[239.76, 68]","[436.47, 75]",193.28,248,92.97,-0.15
07:39:51,"[147.42, 36]","[145.0, 36]","[252.16, 45]","[347.27, 37]",199.79,154,104.74,-0.06
07:39:52,"[146.8, 45]","[144.82, 33]","[163.0, 45]","[242.4, 50]",154.9,173,16.2,-0.1
07:39:53,"[145.0, 30]","[144.0, 10]","[209.4, 20]","[379.89, 38]",177.2,98,64.4,-0.18
07:39:54,"[144.0, 8]","[142.0, 88]","[208.0, 16]","[284.92, 38]",176.0,150,64.0,0.28
07:39:55,"[142.08, 25]","[141.28, 39]","[208.0, 10]","[363.0, 20]",175.04,94,65.92,0.36
07:39:56,"[142.76, 85]","[141.47, 53]","[207.56, 18]","[363.0, 36]",175.16,192,64.79,0.44
07:39:57,"[143.52, 140]","[142.0, 55]","[206.91, 22]","[239.04, 53]",175.22,270,63.39,0.44
07:39:58,"[145.0, 156]","[142.0, 65]","[205.46, 26]","[233.92, 65]",175.23,312,60.46,0.42
07:39:59,"[145.0, 96]","[142.0, 40]","[204.0, 23]","[230.58, 33]",174.5,192,59.0,0.42
07:40:00,"[145.0, 168]","[142.0, 70]","[200.67, 49]","[201.6, 47]",172.84,334,55.67,0.43
07:40:01,"[145.94, 53]","[145.27, 83]","[196.23, 39]","[199.0, 65]",171.09,240,50.29,0.13
07:40:02,"[146.33, 36]","[145.34, 146]","[186.19, 54]","[189.41, 54]",166.26,290,39.85,0.26
07:40:03,"[145.1, 119]","[143.58, 71]","[178.71, 51]","[180.69, 58]",161.9,299,33.61,0.27
07:40:04,"[148.0, 33]","[144.05, 38]","[177.0, 42]","[177.7, 37]",162.5,150,29.0,-0.05
07:40:05,"[146.86, 42]","[143.0, 30]","[174.43, 51]","[175.31, 36]",160.64,159,27.57,-0.09
07:40:06,"[144.0, 36]","[142.0, 60]","[170.47, 45]","[172.51, 49]",157.23,190,26.47,0.01
07:40:07,"[144.0, 27]","[141.74, 47]","[153.07, 29]","[156.73, 26]",148.53,129,9.07,0.15
07:40:08,"[149.0, 170]","[144.0, 51]","[151.0, 34]","[152.0, 51]",150.0,306,2.0,0.44
07:40:09,"[149.0, 90]","[142.48, 73]","[150.2, 30]","[152.67, 39]",149.6,232,1.2,0.41
07:40:10,"[148.62, 39]","[142.09, 113]","[150.62, 45]","[162.57, 47]",149.62,244,2.01,0.25
07:40:11,"[144.0, 7]","[142.0, 84]","[151.86, 28]","[303.0, 7]",147.93,126,7.86,0.44
07:40:12,"[144.0, 8]","[142.0, 96]","[151.0, 32]","[268.5, 8]",147.5,144,7.0,0.44
07:40:13,"[144.0, 8]","[142.0, 96]","[149.4, 20]","[156.46, 26]",146.7,150,5.4,0.39
07:40:14,"[144.0, 16]","[142.0, 132]","[148.4, 40]","[157.45, 53]",146.2,241,4.4,0.23
07:40:15,"[144.0, 8]","[142.0, 72]","[149.0, 16]","[447.38, 8]",146.5,104,5.0,0.54
07:40:16,"[142.37, 49]","[141.91, 94]","[149.0, 26]","[196.08, 13]",145.68,182,6.63,0.57
07:40:17,"[142.0, 105]","[140.0, 11]","[143.91, 22]","[154.9, 20]",142.95,158,1.91,0.47
07:40:18,"[142.0, 65]","[140.57, 21]","[146.85, 26]","[335.38, 16]",144.42,128,4.85,0.34
07:40:19,"[142.0, 45]","[103.0, 36]","[146.56, 18]","[227.44, 9]",144.28,108,4.56,0.5
07:40:20,"[142.1, 39]","[137.11, 36]","[149.81, 21]","[241.36, 11]",145.96,107,7.71,0.4
07:40:21,"[143.87, 23]","[141.83, 24]","[253.23, 13]","[364.11, 9]",198.55,69,109.36,0.36
07:40:22,"[147.86, 29]","[144.56, 41]","[248.29, 28]","[267.94, 16]",198.07,114,100.42,0.23
07:40:23,"[139.86, 42]","[137.8, 15]","[227.0, 12]","[228.0, 12]",183.43,81,87.14,0.41
07:40:24,"[139.73, 91]","[138.11, 72]","[224.33, 24]","[228.0, 24]",182.03,211,84.61,0.55
07:40:25,"[145.0, 16]","[140.24, 17]","[221.2, 15]","[224.36, 11]",183.1,59,76.2,0.12
07:40:26,"[145.0, 18]","[142.0, 9]","[219.11, 18]","[222.0, 9]",182.06,54,74.11,0.0
07:40:27,"[144.6, 10]","[139.33, 45]","[217.62, 13]","[219.14, 14]",181.11,82,73.02,0.34
07:40:28,"[147.0, 12]","[142.0, 12]","[184.68, 41]","[216.09, 23]",165.84,88,37.68,-0.45
07:40:29,"[147.0, 10]","[142.0, 10]","[164.21, 24]","[176.64, 33]",155.6,77,17.21,-0.48
07:40:30,"[139.87, 30]","[125.3, 27]","[161.59, 17]","[162.26, 19]",150.73,93,21.72,0.23
07:40:31,"[143.14, 28]","[105.14, 57]","[160.8, 10]","[162.0, 20]",151.97,115,17.66,0.48
07:40:32,"[143.0, 84]","[99.0, 30]","[157.14, 28]","[161.6, 20]",150.07,162,14.14,0.41
07:40:33,"[141.44, 72]","[91.65, 68]","[147.5, 16]","[149.52, 29]",144.47,185,6.06,0.51
07:40:34,"[111.57, 28]","[102.46, 52]","[135.93, 15]","[142.22, 9]",123.75,104,24.36,0.54
07:40:35,"[122.0, 100]","[118.36, 22]","[134.31, 13]","[135.57, 14]",128.15,149,12.31,0.64
07:40:36,"[126.35, 63]","[124.83, 72]","[258.14, 21]","[369.08, 39]",192.25,195,131.79,0.38
07:40:37,"[138.62, 21]","[131.0, 22]","[368.6, 25]","[643.38, 16]",253.61,84,229.98,0.02
07:40:38,"[147.04, 50]","[145.14, 58]","[350.25, 48]","[350.78, 23]",248.64,179,203.21,0.21
07:40:39,"[150.0, 33]","[147.68, 47]","[281.75, 28]","[337.39, 36]",215.88,144,131.75,0.11
07:40:40,"[150.0, 89]","[148.0, 52]","[224.88, 41]","[261.95, 57]",187.44,239,74.88,0.18
07:40:41,"[150.0, 65]","[148.0, 40]","[237.79, 48]","[243.34, 32]",193.9,185,87.79,0.14
07:40:42,"[148.57, 21]","[147.08, 26]","[233.22, 45]","[250.22, 27]",190.9,119,84.65,-0.21
07:40:43,"[145.45, 33]","[137.53, 15]","[180.0, 35]","[210.06, 53]",162.73,136,34.55,-0.29
07:40:44,"[142.39, 18]","[99.12, 93]","[178.0, 30]","[180.0, 50]",160.19,191,35.61,0.16
07:40:45,"[147.0, 9]","[144.0, 45]","[177.33, 27]","[180.0, 45]",162.17,126,30.33,-0.14
07:40:46,"[151.28, 72]","[143.54, 37]","[175.33, 45]","[177.0, 27]",163.31,181,24.06,0.2
07:40:47,"[150.54, 137]","[139.09, 35]","[172.49, 43]","[300.29, 55]",161.51,270,21.95,0.27
07:40:48,"[144.0, 34]","[134.76, 92]","[169.25, 60]","[171.0, 24]",156.62,210,25.25,0.2
07:40:49,"[144.95, 41]","[138.21, 28]","[166.48, 52]","[167.37, 38]",155.72,159,21.53,-0.13
07:40:50,"[146.0, 27]","[144.0, 9]","[161.66, 35]","[162.65, 37]",153.83,108,15.66,-0.33
07:40:51,"[152.0, 10]","[147.0, 30]","[159.1, 30]","[161.03, 40]",155.55,110,7.1,-0.27
07:40:52,"[152.0, 7]","[149.14, 21]","[155.17, 18]","[156.53, 17]",153.58,63,3.17,-0.11
07:40:53,"[150.67, 18]","[149.12, 24]","[153.43, 28]","[154.62, 26]",152.05,96,2.76,-0.12
07:40:54,"[150.0, 63]","[149.0, 27]","[151.33, 18]","[152.6, 20]",150.67,128,1.33,0.41
07:40:55,"[150.0, 64]","[149.0, 24]","[151.67, 18]","[153.64, 22]",150.83,128,1.67,0.38
07:40:56,"[150.0, 88]","[149.0, 15]","[151.09, 22]","[173.36, 14]",150.55,139,1.09,0.48
07:40:57,"[150.0, 61]","[149.0, 30]","[151.0, 50]","[214.5, 32]",150.5,173,1.0,0.05
07:40:58,"[149.0, 23]","[148.0, 14]","[235.0, 21]","[562.29, 28]",192.0,86,86.0,-0.14
07:40:59,"[149.0, 10]","[148.0, 14]","[234.0, 9]","[250.64, 22]",191.5,55,85.0,-0.13
07:41:00,"[149.0, 8]","[148.0, 16]","[233.0, 8]","[297.5, 24]",191.0,56,84.0,-0.14
07:41:01,"[149.0, 17]","[148.0, 34]","[187.18, 49]","[317.0, 43]",168.09,143,38.18,-0.29
07:41:02,"[145.44, 27]","[145.33, 18]","[171.67, 27]","[232.0, 9]",158.56,81,26.22,0.11
07:41:03,"[145.0, 44]","[144.0, 22]","[174.8, 20]","[196.29, 31]",159.9,117,29.8,0.13
07:41:04,"[145.0, 28]","[144.0, 14]","[179.0, 7]","[310.0, 21]",162.0,70,34.0,0.2
07:41:05,"[147.89, 36]","[145.4, 20]","[179.0, 8]","[316.5, 18]",163.44,82,31.11,0.37
07:41:06,"[148.0, 104]","[144.56, 36]","[179.0, 13]","[389.62, 13]",163.5,166,31.0,0.69
07:41:07,"[148.0, 72]","[145.0, 16]","[177.44, 9]","[312.32, 41]",162.72,138,29.44,0.28
07:41:08,"[152.69, 128]","[147.93, 82]","[177.0, 11]","[285.83, 23]",164.84,244,24.31,0.72
07:41:09,"[151.0, 120]","[147.4, 60]","[174.42, 12]","[262.48, 52]",162.71,244,23.42,0.48
07:41:10,"[148.24, 66]","[147.29, 68]","[172.93, 15]","[275.93, 27]",160.59,176,24.69,0.52
07:41:11,"[148.0, 55]","[145.83, 12]","[157.64, 11]","[180.45, 11]",152.82,89,9.64,0.51
07:41:12,"[148.0, 55]","[145.47, 15]","[167.82, 11]","[281.22, 23]",157.91,104,19.82,0.35
07:41:13,"[147.0, 50]","[144.42, 43]","[166.71, 14]","[407.45, 22]",156.86,129,19.71,0.44
07:41:14,"[147.37, 57]","[145.78, 36]","[162.21, 28]","[233.19, 32]",154.79,153,14.85,0.22
07:41:15,"[148.0, 21]","[147.0, 14]","[154.35, 23]","[155.32, 19]",151.17,77,6.35,-0.09
07:41:16,"[147.15, 60]","[146.0, 40]","[150.02, 48]","[151.11, 76]",148.59,224,2.87,-0.11
07:41:17,"[144.0, 24]","[143.0, 8]","[146.44, 18]","[147.38, 16]",145.22,66,2.44,-0.03
07:41:18,"[141.36, 22]","[138.64, 33]","[143.52, 21]","[144.31, 32]",142.44,108,2.16,0.02
07:41:19,"[140.33, 18]","[128.67, 12]","[142.0, 10]","[144.14, 28]",141.17,68,1.67,-0.12
07:41:20,"[109.59, 17]","[89.0, 26]","[138.96, 25]","[139.85, 41]",124.27,109,29.37,-0.21
07:41:21,"[103.81, 54]","[37.13, 78]","[143.7, 23]","[207.09, 23]",123.76,178,39.88,0.48
07:41:22,"[131.0, 22]","[85.73, 26]","[251.14, 28]","[254.19, 32]",191.07,108,120.14,-0.11
07:41:23,"[150.0, 88]","[144.0, 22]","[246.42, 45]","[248.51, 43]",198.21,198,96.42,0.11
07:41:24,"[149.81, 63]","[132.94, 32]","[186.15, 66]","[192.94, 48]",167.98,209,36.34,-0.09
07:41:25,"[146.91, 11]","[124.8, 20]","[183.48, 31]","[185.63, 41]",165.2,103,36.57,-0.4
07:41:26,"[144.0, 14]","[141.0, 28]","[179.41, 58]","[180.38, 42]",161.71,142,35.41,-0.41
07:41:27,"[144.0, 8]","[141.0, 16]","[176.25, 8]","[178.0, 24]",160.12,56,32.25,-0.14
07:41:28,"[109.0, 18]","[135.76, 25]","[173.34, 53]","[174.65, 31]",141.17,127,64.34,-0.32
07:41:29,"[83.33, 85]","[82.05, 57]","[158.86, 71]","[162.18, 51]",121.09,264,75.53,0.08
07:41:30,"[147.0, 50]","[109.0, 91]","[152.36, 33]","[153.09, 43]",149.68,217,5.36,0.3
07:41:31,"[147.0, 39]","[125.95, 57]","[149.88, 25]","[151.67, 45]",148.44,166,2.88,0.16
07:41:32,"[143.4, 48]","[140.22, 18]","[146.86, 44]","[148.68, 50]",145.13,160,3.47,-0.17
07:41:33,"[144.41, 37]","[138.81, 31]","[200.29, 35]","[202.63, 30]",172.35,133,55.88,0.02
07:41:34,"[143.0, 29]","[89.6, 10]","[183.1, 31]","[277.56, 16]",163.05,86,40.1,-0.09
07:41:35,"[133.26, 42]","[100.0, 20]","[151.95, 93]","[192.55, 65]",142.6,220,18.68,-0.44
07:41:36,"[130.25, 20]","[128.64, 28]","[138.68, 50]","[167.67, 48]",134.47,146,8.43,-0.34
07:41:37,"[132.65, 20]","[130.5, 20]","[137.18, 22]","[138.1, 40]",134.92,102,4.53,-0.22
07:41:38,"[133.03, 34]","[132.21, 14]","[202.64, 39]","[210.97, 39]",167.84,126,69.61,-0.24
07:41:39,"[146.96, 28]","[143.55, 31]","[226.8, 40]","[663.27, 30]",186.88,129,79.84,-0.09
07:41:40,"[151.0, 33]","[149.0, 44]","[195.16, 31]","[463.44, 25]",173.08,133,44.16,0.16
07:41:41,"[151.0, 39]","[149.0, 52]","[199.96, 57]","[413.23, 13]",175.48,161,48.96,0.13
07:41:42,"[151.0, 9]","[149.0, 12]","[330.43, 7]","[506.33, 3]",240.71,31,179.43,0.35
07:41:43,"[151.0, 27]","[149.0, 36]","[297.52, 25]","[442.64, 11]",224.26,99,146.52,0.27
07:41:44,"[149.65, 55]","[147.53, 34]","[337.58, 33]","[580.72, 18]",243.62,140,187.92,0.27
07:41:45,"[149.33, 43]","[146.6, 30]","[180.17, 36]","[338.58, 12]",164.75,121,30.84,0.21
07:41:46,"[149.0, 20]","[148.0, 168]","[157.47, 19]","[205.0, 19]",153.24,226,8.47,0.66
07:41:47,"[148.07, 90]","[147.82, 134]","[151.0, 28]","[212.06, 16]",149.53,268,2.93,0.67
07:41:48,"[148.0, 204]","[145.0, 20]","[215.31, 16]","[485.39, 18]",181.66,258,67.31,0.74
07:41:49,"[148.12, 192]","[147.11, 57]","[183.94, 18]","[238.5, 14]",166.03,281,35.82,0.77
07:41:50,"[150.14, 56]","[148.26, 138]","[372.25, 8]","[390.91, 11]",261.2,213,222.11,0.82
07:41:51,"[150.31, 13]","[148.37, 49]","[505.0, 3]","[634.0, 3]",327.65,68,354.69,0.82
07:41:52,"[150.0, 12]","[148.0, 60]","[397.33, 3]","[634.0, 3]",273.67,78,247.33,0.85
07:41:53,"[150.0, 17]","[148.0, 100]","[609.8, 5]","[646.0, 2]",379.9,124,459.8,0.89
07:41:54,"[150.0, 20]","[148.0, 160]","[529.62, 8]","[0, 0]",339.81,188,379.62,0.91
07:41:55,"[148.0, 108]","[145.0, 35]","[423.0, 7]","[0, 0]",285.5,150,275.0,0.91
07:41:56,"[148.0, 56]","[146.23, 26]","[292.62, 16]","[422.25, 4]",220.31,102,144.62,0.61
07:41:57,"[148.22, 36]","[147.78, 72]","[210.67, 30]","[397.0, 12]",179.44,150,62.44,0.44
07:41:58,"[150.0, 20]","[148.12, 96]","[195.83, 30]","[233.45, 33]",172.92,179,45.83,0.3
07:41:59,"[150.0, 28]","[148.0, 196]","[187.14, 22]","[225.1, 41]",168.57,287,37.14,0.56
07:42:00,"[150.0, 18]","[148.0, 126]","[184.22, 9]","[241.0, 9]",167.11,162,34.22,0.78
07:42:01,"[150.0, 22]","[148.43, 74]","[189.45, 22]","[191.0, 11]",169.73,129,39.45,0.49
07:42:02,"[150.0, 23]","[149.0, 48]","[188.59, 39]","[196.25, 44]",169.29,154,38.59,-0.08
07:42:03,"[150.67, 12]","[149.06, 34]","[187.41, 34]","[188.5, 40]",169.04,120,36.75,-0.23
07:42:04,"[152.0, 22]","[150.0, 11]","[182.78, 27]","[185.83, 35]",167.39,95,30.78,-0.31
07:42:05,"[150.79, 14]","[149.1, 31]","[180.43, 47]","[183.14, 43]",165.61,135,29.64,-0.33
07:42:06,"[151.0, 12]","[150.0, 4]","[179.0, 20]","[180.0, 16]",165.0,52,28.0,-0.38
07:42:07,"[151.0, 27]","[150.0, 9]","[177.09, 44]","[178.08, 39]",164.05,119,26.09,-0.39
07:42:08,"[151.0, 30]","[150.0, 10]","[173.1, 50]","[175.8, 50]",162.05,140,22.1,-0.43
07:42:09,"[151.0, 21]","[150.0, 7]","[170.86, 28]","[172.0, 35]",160.93,91,19.86,-0.38
07:42:10,"[151.67, 45]","[150.86, 35]","[167.77, 74]","[169.12, 68]",159.72,222,16.1,-0.28
07:42:11,"[150.56, 27]","[149.35, 37]","[166.77, 52]","[167.73, 55]",158.66,171,16.21,-0.25
07:42:12,"[150.0, 22]","[149.0, 44]","[164.78, 46]","[166.7, 53]",157.39,165,14.78,-0.2
07:42:13,"[149.67, 15]","[148.05, 73]","[163.4, 50]","[165.0, 40]",156.53,178,13.73,-0.01
07:42:14,"[148.09, 69]","[147.49, 110]","[161.8, 64]","[164.35, 54]",154.94,297,13.71,0.21
07:42:15,"[148.0, 90]","[147.0, 80]","[159.0, 48]","[160.0, 42]",153.5,260,11.0,0.31
07:42:16,"[148.0, 92]","[147.0, 96]","[155.57, 56]","[156.68, 53]",151.79,297,7.57,0.27
07:42:17,"[148.36, 66]","[147.31, 104]","[151.18, 85]","[152.11, 82]",149.77,337,2.81,0.01
07:42:18,"[147.86, 35]","[145.69, 64]","[149.56, 45]","[168.44, 39]",148.71,183,1.7,0.08
07:42:19,"[147.0, 28]","[145.0, 121]","[148.53, 19]","[163.04, 49]",147.76,217,1.53,0.37
07:42:20,"[145.39, 72]","[144.48, 172]","[209.07, 57]","[521.08, 52]",177.23,353,63.68,0.38
07:42:21,"[146.73, 66]","[145.0, 99]","[202.94, 32]","[203.65, 23]",174.83,220,56.21,0.5
07:42:22,"[147.27, 66]","[145.0, 37]","[194.14, 43]","[201.26, 35]",170.71,181,46.87,0.14
07:42:23,"[149.22, 27]","[145.0, 18]","[183.0, 33]","[196.68, 38]",166.11,116,33.78,-0.22
07:42:24,"[146.6, 47]","[144.19, 118]","[181.97, 31]","[184.0, 52]",164.28,248,35.37,0.33
07:42:25,"[144.43, 42]","[143.62, 104]","[175.24, 21]","[177.67, 24]",159.83,191,30.81,0.53
07:42:26,"[146.06, 69]","[142.77, 62]","[173.94, 34]","[175.0, 16]",160.0,181,27.88,0.45
07:42:27,"[149.0, 52]","[145.0, 10]","[173.0, 10]","[174.0, 40]",161.0,112,24.0,0.11
07:42:28,"[149.0, 53]","[147.73, 33]","[171.63, 19]","[239.57, 37]",160.32,142,22.63,0.21
07:42:29,"[149.0, 24]","[148.0, 18]","[170.6, 10]","[171.14, 14]",159.8,66,21.6,0.27
07:42:30,"[149.94, 125]","[148.86, 42]","[170.0, 11]","[171.0, 33]",159.97,211,20.06,0.58
07:42:31,"[150.0, 143]","[149.0, 44]","[168.2, 15]","[169.03, 31]",159.1,233,18.2,0.61
07:42:32,"[150.0, 143]","[149.0, 44]","[166.16, 19]","[167.36, 25]",158.08,231,16.16,0.62
07:42:33,"[150.0, 145]","[149.0, 52]","[163.54, 35]","[164.71, 21]",156.77,253,13.54,0.56
07:42:34,"[150.0, 136]","[149.0, 68]","[157.56, 52]","[158.73, 56]",153.78,312,7.56,0.31
07:42:35,"[150.95, 61]","[149.85, 104]","[152.87, 45]","[159.0, 48]",151.91,258,1.92,0.28
07:42:36,"[151.4, 20]","[150.1, 62]","[153.0, 30]","[209.08, 26]",152.2,138,1.6,0.19
07:42:37,"[151.0, 17]","[150.0, 72]","[152.91, 23]","[269.07, 28]",151.96,140,1.91,0.27
07:42:38,"[151.0, 11]","[150.0, 88]","[153.0, 33]","[399.77, 26]",152.0,158,2.0,0.25
07:42:39,"[151.0, 9]","[150.0, 72]","[152.56, 27]","[452.74, 23]",151.78,131,1.56,0.24
07:42:40,"[150.04, 68]","[149.35, 68]","[272.79, 38]","[597.59, 27]",211.42,201,122.75,0.35
07:42:41,"[150.0, 60]","[149.0, 60]","[497.72, 36]","[705.05, 42]",323.86,198,347.72,0.21
07:42:42,"[149.89, 57]","[149.0, 170]","[642.24, 34]","[705.16, 19]",396.07,280,492.34,0.62
07:42:43,"[149.22, 69]","[148.59, 17]","[502.58, 24]","[605.45, 22]",325.9,132,353.37,0.3
07:42:44,"[149.0, 128]","[148.0, 24]","[397.57, 28]","[478.62, 16]",273.29,196,248.57,0.55
07:42:45,"[149.0, 144]","[148.0, 27]","[317.59, 39]","[371.44, 18]",233.29,228,168.59,0.5
07:42:46,"[149.06, 85]","[148.84, 95]","[314.64, 44]","[342.15, 26]",231.85,250,165.58,0.44
07:42:47,"[150.67, 6]","[149.0, 96]","[297.33, 12]","[383.73, 15]",224.0,129,146.67,0.58
07:42:48,"[151.0, 9]","[149.0, 144]","[210.06, 17]","[239.86, 14]",180.53,184,59.06,0.66
07:42:49,"[151.0, 7]","[149.0, 112]","[154.0, 14]","[155.0, 7]",152.5,140,3.0,0.7
07:42:50,"[151.0, 7]","[149.0, 112]","[153.29, 14]","[155.0, 7]",152.14,140,2.29,0.7
07:42:51,"[149.06, 136]","[148.64, 81]","[151.15, 26]","[272.74, 23]",150.11,266,2.1,0.63
07:42:52,"[149.0, 112]","[148.0, 11]","[193.4, 35]","[310.32, 19]",171.2,177,44.4,0.39
07:42:53,"[148.68, 22]","[147.12, 24]","[196.0, 40]","[322.67, 12]",172.34,98,47.32,-0.06
07:42:54,"[148.0, 9]","[147.0, 27]","[195.0, 36]","[243.41, 32]",171.5,104,47.0,-0.31
07:42:55,"[148.0, 9]","[147.0, 27]","[194.44, 36]","[242.19, 21]",171.22,93,46.44,-0.23
07:42:56,"[148.0, 8]","[147.0, 24]","[193.0, 32]","[219.0, 40]",170.5,104,45.0,-0.38
07:42:57,"[148.75, 12]","[147.25, 12]","[181.67, 24]","[211.57, 28]",165.21,76,32.92,-0.37
07:42:58,"[149.0, 66]","[148.0, 12]","[189.42, 48]","[345.4, 55]",169.21,181,40.42,-0.14
07:42:59,"[148.81, 42]","[146.91, 11]","[189.35, 23]","[276.61, 41]",169.08,117,40.54,-0.09
07:43:00,"[147.0, 9]","[145.0, 9]","[187.67, 36]","[189.0, 9]",167.33,63,40.67,-0.43
07:43:01,"[148.6, 15]","[145.71, 17]","[184.9, 31]","[185.27, 33]",166.75,96,36.3,-0.33
07:43:02,"[146.79, 19]","[144.44, 39]","[181.78, 18]","[183.97, 71]",164.28,147,34.99,-0.21
07:43:03,"[145.86, 14]","[144.67, 18]","[173.73, 55]","[172.26, 27]",159.79,114,27.87,-0.44
07:43:04,"[146.36, 14]","[144.79, 14]","[161.79, 61]","[165.68, 37]",154.07,126,15.43,-0.56
07:43:05,"[142.9, 10]","[135.88, 16]","[159.23, 39]","[160.21, 43]",151.07,108,16.33,-0.52
07:43:06,"[139.95, 22]","[106.6, 30]","[155.07, 15]","[158.0, 60]",147.51,127,15.11,-0.18
07:43:07,"[143.0, 22]","[116.27, 22]","[152.58, 45]","[154.0, 26]",147.79,115,9.58,-0.23
07:43:08,"[136.5, 28]","[109.5, 28]","[150.11, 63]","[151.84, 38]",143.31,157,13.61,-0.29
07:43:09,"[115.55, 22]","[54.64, 22]","[148.6, 45]","[150.0, 11]",132.07,100,33.05,-0.12
07:43:10,"[107.14, 21]","[61.62, 21]","[143.14, 29]","[145.26, 23]",125.14,94,36.0,-0.11
07:43:11,"[109.45, 20]","[71.07, 29]","[135.37, 19]","[136.68, 31]",122.41,99,25.92,-0.01
07:43:12,"[129.5, 6]","[102.57, 7]","[135.0, 6]","[136.0, 6]",132.25,25,5.5,0.04
07:43:13,"[150.17, 72]","[126.22, 23]","[317.56, 57]","[462.12, 59]",233.86,211,167.39,-0.1
07:43:14,"[152.0, 60]","[151.0, 10]","[228.0, 50]","[382.0, 50]",190.0,170,76.0,-0.18
07:43:15,"[152.0, 17]","[151.0, 12]","[347.05, 56]","[444.92, 60]",249.53,145,195.05,-0.6
07:43:16,"[151.55, 11]","[149.29, 14]","[353.09, 55]","[355.0, 11]",252.32,91,201.55,-0.45
07:43:17,"[151.0, 4]","[149.0, 8]","[351.33, 18]","[352.5, 12]",251.17,42,200.33,-0.43
07:43:18,"[151.0, 12]","[149.0, 24]","[328.33, 36]","[348.73, 44]",239.67,116,177.33,-0.38
07:43:19,"[149.21, 19]","[148.0, 32]","[169.73, 75]","[197.67, 39]",159.47,165,20.52,-0.38
07:43:20,"[147.0, 19]","[145.0, 12]","[165.11, 56]","[166.86, 56]",156.05,143,18.11,-0.57
07:43:21,"[147.0, 14]","[145.0, 14]","[160.5, 66]","[161.55, 65]",153.75,159,13.5,-0.65
07:43:22,"[143.74, 23]","[121.58, 38]","[156.46, 39]","[159.0, 65]",150.1,165,12.72,-0.26
07:43:23,"[143.79, 42]","[107.0, 54]","[152.04, 48]","[155.67, 51]",147.91,195,8.26,-0.02
07:43:24,"[127.02, 53]","[110.13, 38]","[147.12, 59]","[148.13, 52]",137.07,202,20.1,-0.1
07:43:25,"[142.0, 30]","[132.2, 20]","[144.34, 38]","[145.96, 46]",143.17,134,2.34,-0.25
07:43:26,"[131.09, 35]","[94.0, 26]","[142.87, 63]","[144.21, 47]",136.98,171,11.79,-0.29
07:43:27,"[113.44, 18]","[53.11, 18]","[140.78, 37]","[141.77, 44]",127.11,117,27.34,-0.38
07:43:28,"[107.76, 41]","[80.9, 20]","[140.0, 40]","[141.0, 75]",123.88,176,32.24,-0.31
07:43:29,"[115.51, 41]","[78.62, 29]","[139.08, 49]","[140.22, 46]",127.3,165,23.57,-0.15
07:43:30,"[59.3, 40]","[38.16, 37]","[139.11, 46]","[140.13, 62]",99.2,185,79.81,-0.17
07:43:31,"[81.0, 12]","[55.67, 21]","[140.0, 9]","[141.0, 30]",110.5,72,59.0,-0.08
07:43:32,"[131.33, 48]","[93.78, 36]","[138.68, 34]","[140.31, 16]",135.0,134,7.34,0.25
07:43:33,"[110.68, 19]","[55.68, 19]","[138.5, 18]","[186.88, 8]",124.59,64,27.82,0.19
07:43:34,"[135.0, 14]","[94.22, 23]","[141.0, 7]","[290.14, 7]",138.0,51,6.0,0.45
07:43:35,"[137.09, 23]","[135.25, 24]","[141.0, 12]","[173.33, 12]",139.04,71,3.91,0.32
07:43:36,"[138.5, 12]","[136.5, 16]","[141.0, 8]","[159.75, 16]",139.75,52,2.5,0.08
07:43:37,"[142.25, 16]","[136.08, 26]","[185.69, 26]","[363.79, 24]",163.97,92,43.44,-0.09
07:43:38,"[140.0, 13]","[122.76, 34]","[166.78, 36]","[217.49, 37]",153.39,120,26.78,-0.22
07:43:39,"[117.14, 43]","[101.64, 42]","[139.62, 29]","[145.83, 36]",128.38,150,22.48,0.13
07:43:40,"[117.0, 33]","[100.75, 36]","[134.43, 21]","[137.4, 15]",125.71,105,17.43,0.31
07:43:41,"[115.41, 29]","[114.31, 16]","[133.85, 20]","[135.0, 15]",124.63,80,18.44,0.12
07:43:42,"[123.0, 23]","[116.06, 17]","[133.0, 12]","[135.0, 12]",128.0,64,10.0,0.25
07:43:43,"[125.82, 17]","[123.4, 15]","[133.0, 7]","[135.0, 7]",129.41,46,7.18,0.39
07:43:44,"[127.83, 12]","[121.8, 10]","[133.67, 6]","[137.67, 12]",130.75,40,5.83,0.1
07:43:45,"[129.94, 18]","[128.93, 27]","[135.0, 11]","[139.0, 44]",132.47,100,5.06,-0.1
07:43:46,"[132.0, 7]","[130.0, 14]","[138.0, 16]","[139.72, 25]",135.0,62,6.0,-0.32
07:43:47,"[134.24, 34]","[131.11, 19]","[138.83, 24]","[140.33, 48]",136.53,125,4.6,-0.15
07:43:48,"[135.17, 29]","[134.54, 26]","[137.32, 38]","[140.2, 40]",136.24,133,2.14,-0.17
07:43:49,"[135.48, 54]","[112.4, 43]","[137.63, 35]","[139.34, 47]",136.56,179,2.15,0.08
07:43:50,"[136.5, 24]","[131.71, 42]","[138.83, 24]","[139.7, 46]",137.67,136,2.33,-0.03
07:43:51,"[89.44, 18]","[28.75, 28]","[138.68, 44]","[139.46, 52]",114.06,142,49.24,-0.35
07:43:52,"[30.23, 40]","[9.76, 50]","[138.73, 44]","[139.42, 76]",84.48,210,108.5,-0.14
07:43:53,"[88.52, 23]","[41.53, 32]","[139.0, 56]","[141.0, 32]",113.76,143,50.48,-0.23
07:43:54,"[114.14, 74]","[99.25, 60]","[139.93, 43]","[156.41, 46]",127.03,223,25.8,0.2
07:43:55,"[115.52, 69]","[112.64, 118]","[143.0, 12]","[247.0, 22]",129.26,221,27.48,0.69
07:43:56,"[127.42, 65]","[118.0, 75]","[143.0, 8]","[179.0, 16]",135.21,164,15.58,0.71
07:43:57,"[142.0, 30]","[119.0, 60]","[179.0, 10]","[371.8, 5]",160.5,105,37.0,0.71
07:43:58,"[142.79, 28]","[124.16, 63]","[179.0, 18]","[547.33, 9]",160.89,118,36.21,0.54
07:43:59,"[142.62, 16]","[127.85, 39]","[251.83, 12]","[412.78, 9]",197.23,76,109.21,0.45
07:44:00,"[120.82, 66]","[113.19, 31]","[237.5, 8]","[263.33, 12]",179.16,117,116.68,0.66
07:44:01,"[119.33, 72]","[50.67, 30]","[262.2, 10]","[311.14, 7]",190.77,119,142.87,0.71
07:44:02,"[120.0, 72]","[66.33, 30]","[341.17, 6]","[386.09, 11]",230.58,119,221.17,0.71
07:44:03,"[121.38, 116]","[93.17, 84]","[148.43, 42]","[201.96, 28]",134.9,270,27.05,0.48
07:44:04,"[121.84, 73]","[120.35, 102]","[137.15, 47]","[138.17, 46]",129.49,268,15.31,0.31
07:44:05,"[125.32, 71]","[124.21, 99]","[133.6, 40]","[135.0, 40]",129.46,250,8.28,0.36
07:44:06,"[128.48, 42]","[127.47, 77]","[141.0, 21]","[200.38, 13]",134.74,153,12.52,0.56
07:44:07,"[129.28, 46]","[122.15, 75]","[173.31, 16]","[238.11, 19]",151.3,156,44.03,0.55
07:44:08,"[149.53, 45]","[133.0, 38]","[371.33, 9]","[518.47, 15]",260.43,107,221.8,0.55
07:44:09,"[151.0, 72]","[149.81, 31]","[405.0, 7]","[529.0, 14]",278.0,124,254.0,0.66
07:44:10,"[151.0, 72]","[150.0, 40]","[295.27, 15]","[432.56, 9]",223.13,136,144.27,0.65
07:44:11,"[151.0, 63]","[150.0, 35]","[307.54, 13]","[409.83, 12]",229.27,123,156.54,0.59
07:44:12,"[151.0, 90]","[150.0, 50]","[369.38, 26]","[540.5, 24]",260.19,190,218.38,0.47
07:44:13,"[151.0, 63]","[150.0, 35]","[276.31, 13]","[625.3, 10]",213.65,121,125.31,0.62
07:44:14,"[151.0, 18]","[150.0, 10]","[647.0, 6]","[688.0, 2]",399.0,36,496.0,0.56
07:44:15,"[151.0, 105]","[150.0, 65]","[407.83, 35]","[502.0, 28]",279.41,233,256.83,0.46
07:44:16,"[151.93, 98]","[150.93, 75]","[357.38, 24]","[513.92, 25]",254.65,222,205.45,0.56
07:44:17,"[152.0, 45]","[151.0, 35]","[256.16, 19]","[260.69, 13]",204.08,112,104.16,0.43
07:44:18,"[151.87, 52]","[150.88, 40]","[256.0, 24]","[257.0, 18]",203.93,134,104.13,0.37
07:44:19,"[151.0, 56]","[150.0, 40]","[255.5, 32]","[300.0, 12]",203.25,140,104.5,0.37
07:44:20,"[151.94, 123]","[150.94, 82]","[253.02, 45]","[290.75, 16]",202.48,266,101.08,0.54
07:44:21,"[152.0, 98]","[151.0, 70]","[164.5, 40]","[260.4, 10]",158.25,218,12.5,0.54
07:44:22,"[152.0, 80]","[151.0, 105]","[163.64, 56]","[293.38, 32]",157.82,273,11.64,0.36
07:44:23,"[152.0, 64]","[151.0, 112]","[161.62, 32]","[163.0, 64]",156.81,272,9.62,0.29
07:44:24,"[152.0, 68]","[151.0, 119]","[157.55, 44]","[160.51, 43]",154.77,274,5.55,0.36
07:44:25,"[152.0, 57]","[151.0, 105]","[153.73, 60]","[156.33, 18]",152.87,240,1.73,0.35
07:44:26,"[151.05, 66]","[150.54, 39]","[266.17, 36]","[334.8, 25]",208.61,166,115.12,0.27
07:44:27,"[150.95, 88]","[149.63, 38]","[308.34, 35]","[346.22, 32]",229.65,193,157.39,0.31
07:44:28,"[150.97, 29]","[149.67, 21]","[288.0, 24]","[290.0, 16]",219.48,90,137.03,0.11
07:44:29,"[149.05, 59]","[148.18, 119]","[273.8, 46]","[363.71, 42]",211.43,266,124.75,0.34
07:44:30,"[149.0, 28]","[147.89, 47]","[220.0, 16]","[255.53, 15]",184.5,106,71.0,0.42
07:44:31,"[149.0, 40]","[147.0, 50]","[200.36, 25]","[254.32, 19]",174.68,134,51.36,0.34
07:44:32,"[149.0, 37]","[147.0, 55]","[224.55, 33]","[307.82, 22]",186.77,147,75.55,0.25
07:44:33,"[149.0, 30]","[147.58, 12]","[224.0, 24]","[575.8, 20]",186.5,86,75.0,-0.02
07:44:34,"[149.0, 91]","[148.0, 13]","[200.81, 43]","[240.51, 37]",174.91,184,51.81,0.13
07:44:35,"[149.0, 52]","[148.0, 10]","[189.85, 41]","[197.25, 36]",169.43,139,40.85,-0.11
07:44:36,"[149.0, 60]","[148.0, 12]","[151.57, 40]","[153.07, 54]",150.29,166,2.57,-0.13
07:44:37,"[148.45, 22]","[145.16, 152]","[150.29, 56]","[152.3, 46]",149.37,276,1.83,0.26
07:44:38,"[145.19, 112]","[145.75, 12]","[149.08, 60]","[151.0, 24]",147.14,208,3.9,0.19
07:44:39,"[145.0, 290]","[144.0, 15]","[146.58, 45]","[147.89, 54]",145.79,404,1.58,0.51
07:44:40,"[145.0, 96]","[144.0, 13]","[147.0, 26]","[453.0, 24]",146.0,159,2.0,0.37
07:44:41,"[145.0, 27]","[144.0, 4]","[147.0, 8]","[500.0, 6]",146.0,45,2.0,0.38
07:44:42,"[145.0, 30]","[143.14, 14]","[147.0, 10]","[469.27, 15]",146.0,69,2.0,0.28
07:44:43,"[145.65, 46]","[143.77, 35]","[166.87, 39]","[312.62, 24]",156.26,144,21.22,0.12
07:44:44,"[149.0, 16]","[148.0, 8]","[172.0, 40]","[229.25, 8]",160.5,72,23.0,-0.33
07:44:45,"[149.0, 16]","[148.0, 8]","[172.0, 40]","[412.88, 8]",160.5,72,23.0,-0.33
07:44:46,"[149.0, 14]","[148.0, 7]","[227.61, 23]","[566.14, 7]",188.3,51,78.61,-0.18
07:44:47,"[149.0, 18]","[148.0, 9]","[177.0, 45]","[229.22, 9]",163.0,81,28.0,-0.33
07:44:48,"[151.35, 43]","[145.26, 69]","[177.0, 65]","[416.92, 13]",164.17,190,25.65,0.18
07:44:49,"[152.0, 26]","[148.0, 6]","[176.38, 26]","[307.0, 10]",164.19,68,24.38,-0.06
07:44:50,"[148.25, 48]","[145.13, 67]","[176.57, 35]","[249.0, 11]",162.41,161,28.32,0.43
07:44:51,"[147.0, 72]","[145.0, 128]","[175.75, 40]","[505.43, 28]",161.38,268,28.75,0.49
07:44:52,"[147.0, 117]","[145.0, 208]","[174.92, 65]","[480.52, 21]",160.96,411,27.92,0.58
07:44:53,"[147.0, 99]","[145.0, 176]","[173.0, 55]","[525.9, 31]",160.0,361,26.0,0.52
07:44:54,"[147.02, 51]","[145.05, 164]","[171.82, 55]","[313.61, 31]",159.42,301,24.8,0.43
07:44:55,"[148.0, 7]","[147.0, 28]","[168.39, 31]","[170.87, 31]",158.19,97,20.39,-0.28
07:44:56,"[149.0, 18]","[147.17, 24]","[165.64, 44]","[166.75, 40]",157.32,126,16.64,-0.33
07:44:57,"[149.0, 22]","[147.0, 44]","[161.38, 48]","[163.08, 53]",155.19,167,12.38,-0.21
07:44:58,"[149.0, 13]","[147.0, 28]","[157.84, 32]","[159.24, 34]",153.42,107,8.84,-0.23
07:44:59,"[149.5, 10]","[147.4, 25]","[155.2, 40]","[158.0, 50]",152.35,125,5.7,-0.44
07:45:00,"[145.03, 140]","[143.3, 54]","[152.44, 50]","[154.53, 49]",148.73,293,7.41,0.32
07:45:01,"[145.0, 110]","[143.5, 50]","[148.29, 49]","[149.32, 41]",146.64,250,3.29,0.28
07:45:02,"[145.46, 142]","[144.65, 109]","[147.62, 80]","[148.57, 70]",146.54,401,2.17,0.25
07:45:03,"[145.58, 50]","[144.77, 64]","[158.76, 49]","[205.22, 45]",152.17,208,13.18,0.1
07:45:04,"[144.86, 35]","[143.83, 30]","[156.0, 24]","[157.0, 30]",150.43,119,11.14,0.09
07:45:05,"[144.44, 36]","[143.5, 40]","[149.45, 31]","[151.8, 25]",146.95,132,5.01,0.15
07:45:06,"[144.88, 41]","[143.9, 50]","[147.8, 40]","[362.46, 48]",146.34,179,2.92,0.02
07:45:07,"[144.0, 45]","[143.0, 45]","[223.12, 34]","[466.07, 43]",183.56,167,79.12,0.08
07:45:08,"[144.0, 40]","[142.12, 40]","[383.6, 30]","[522.91, 34]",263.8,144,239.6,0.11
07:45:09,"[144.0, 40]","[142.0, 40]","[246.45, 20]","[395.85, 26]",195.22,126,102.45,0.27
07:45:10,"[145.02, 53]","[142.83, 60]","[166.6, 30]","[168.0, 10]",155.81,153,21.58,0.48
07:45:11,"[147.57, 28]","[145.64, 88]","[165.25, 36]","[168.0, 12]",156.41,164,17.68,0.41
07:45:12,"[147.0, 60]","[144.0, 120]","[164.45, 22]","[165.58, 26]",155.73,228,17.45,0.58
07:45:13,"[147.0, 55]","[144.0, 110]","[160.84, 19]","[163.0, 25]",153.92,209,13.84,0.58
07:45:14,"[148.0, 34]","[147.0, 40]","[158.88, 24]","[160.0, 8]",153.44,106,10.88,0.4
07:45:15,"[148.0, 31]","[147.0, 50]","[157.7, 30]","[160.0, 15]",152.85,126,9.7,0.29
07:45:16,"[148.4, 15]","[147.06, 48]","[156.92, 36]","[160.0, 12]",152.66,111,8.52,0.14
07:45:17,"[148.6, 25]","[146.43, 21]","[155.73, 33]","[160.0, 11]",152.16,90,7.13,0.02
07:45:18,"[148.18, 61]","[146.97, 71]","[153.37, 19]","[154.91, 33]",150.77,184,5.19,0.43
07:45:19,"[149.73, 105]","[147.21, 78]","[152.1, 41]","[203.65, 23]",150.92,247,2.36,0.48
07:45:20,"[148.0, 5]","[147.0, 20]","[153.8, 5]","[166.0, 15]",150.9,45,5.8,0.11
07:45:21,"[148.18, 11]","[145.98, 65]","[151.45, 11]","[354.46, 39]",149.82,126,3.27,0.21
07:45:22,"[145.17, 69]","[144.8, 83]","[149.09, 23]","[337.51, 45]",147.13,220,3.91,0.38
07:45:23,"[145.0, 59]","[144.0, 39]","[146.57, 23]","[148.27, 15]",145.78,136,1.57,0.44
07:45:24,"[142.28, 185]","[125.4, 60]","[287.27, 37]","[435.37, 30]",214.77,312,144.99,0.57
07:45:25,"[142.0, 308]","[131.59, 54]","[143.0, 44]","[292.64, 11]",142.5,417,1.0,0.74
07:45:26,"[142.0, 219]","[131.75, 32]","[179.35, 20]","[373.21, 14]",160.68,285,37.35,0.76
07:45:27,"[142.0, 74]","[108.89, 36]","[323.89, 9]","[485.0, 25]",232.94,144,181.89,0.53
07:45:28,"[142.0, 11]","[58.0, 24]","[252.5, 10]","[468.0, 10]",197.25,55,110.5,0.27
07:45:29,"[143.11, 27]","[92.18, 33]","[157.67, 15]","[160.8, 51]",150.39,126,14.56,-0.05
07:45:30,"[147.13, 31]","[146.62, 56]","[152.3, 10]","[155.0, 50]",149.71,147,5.17,0.18
07:45:31,"[150.24, 37]","[147.28, 76]","[269.43, 30]","[354.85, 52]",209.84,195,119.19,0.16
07:45:32,"[152.0, 57]","[149.0, 30]","[212.32, 38]","[487.58, 38]",182.16,163,60.32,0.07
07:45:33,"[152.0, 15]","[151.0, 15]","[451.0, 22]","[677.58, 19]",301.5,71,299.0,-0.15
07:45:34,"[152.0, 33]","[151.0, 33]","[237.5, 52]","[506.92, 37]",194.75,155,85.5,-0.15
07:45:35,"[152.0, 15]","[151.0, 15]","[384.0, 25]","[615.2, 10]",268.0,65,232.0,-0.08
07:45:36,"[152.0, 27]","[151.0, 27]","[432.89, 45]","[641.57, 30]",292.44,129,280.89,-0.16
07:45:37,"[151.78, 23]","[150.55, 33]","[219.27, 55]","[368.68, 28]",185.53,139,67.49,-0.19
07:45:38,"[150.71, 7]","[149.71, 21]","[172.09, 23]","[292.57, 14]",161.4,65,21.37,-0.14
07:45:39,"[149.09, 11]","[147.62, 58]","[201.45, 22]","[285.13, 31]",175.27,122,52.36,0.13
07:45:40,"[148.0, 2]","[147.0, 16]","[201.0, 4]","[460.0, 10]",174.5,32,53.0,0.12
07:45:41,"[148.0, 7]","[147.0, 56]","[201.0, 14]","[504.18, 17]",174.5,94,53.0,0.34
07:45:42,"[148.0, 37]","[147.0, 136]","[189.0, 46]","[222.76, 34]",168.5,253,41.0,0.37
07:45:43,"[148.0, 20]","[147.0, 80]","[190.38, 26]","[345.76, 41]",169.19,167,42.38,0.2
07:45:44,"[148.0, 10]","[147.0, 80]","[169.98, 41]","[275.71, 35]",158.99,166,21.98,0.08
07:45:45,"[149.17, 77]","[148.23, 112]","[163.05, 60]","[166.22, 67]",156.11,316,13.88,0.2
07:45:46,"[152.0, 6]","[151.0, 66]","[159.78, 23]","[161.21, 19]",155.89,114,7.78,0.26
07:45:47,"[152.52, 29]","[151.02, 157]","[156.92, 51]","[158.45, 66]",154.72,303,4.4,0.23
07:45:48,"[151.98, 48]","[151.03, 65]","[153.47, 38]","[177.83, 46]",152.73,197,1.49,0.15
07:45:49,"[151.0, 68]","[150.0, 16]","[153.0, 32]","[252.38, 40]",152.0,156,2.0,0.08
07:45:50,"[151.0, 69]","[150.0, 28]","[152.83, 58]","[223.17, 35]",151.91,190,1.83,0.02
07:45:51,"[148.0, 9]","[147.0, 9]","[150.95, 38]","[152.19, 43]",149.47,99,2.95,-0.64
07:45:52,"[145.0, 51]","[144.0, 10]","[150.0, 40]","[152.0, 50]",147.5,151,5.0,-0.19
07:45:53,"[142.26, 149]","[134.0, 14]","[148.98, 45]","[151.04, 54]",145.62,262,6.72,0.24
07:45:54,"[142.0, 162]","[69.78, 36]","[145.69, 39]","[147.43, 42]",143.85,279,3.69,0.42
07:45:55,"[83.0, 24]","[51.0, 24]","[143.0, 26]","[144.14, 28]",113.0,102,60.0,-0.06
07:45:56,"[80.25, 48]","[67.83, 48]","[138.9, 59]","[140.18, 49]",109.57,204,58.65,-0.06
07:45:57,"[82.69, 39]","[81.92, 48]","[136.65, 31]","[138.19, 43]",109.67,161,53.95,0.08
07:45:58,"[86.21, 39]","[84.53, 60]","[137.45, 33]","[138.62, 39]",111.83,171,51.25,0.16
07:45:59,"[89.7, 40]","[87.3, 37]","[137.17, 24]","[139.0, 28]",113.43,129,47.47,0.19
07:46:00,"[93.52, 50]","[90.68, 65]","[137.18, 22]","[139.36, 44]",115.35,181,43.66,0.27
07:46:01,"[103.2, 35]","[90.98, 53]","[244.5, 16]","[322.57, 28]",173.85,132,141.3,0.33
07:46:02,"[113.48, 56]","[105.97, 59]","[346.85, 26]","[537.31, 36]",230.16,177,233.36,0.3
07:46:03,"[149.43, 49]","[129.63, 49]","[285.82, 33]","[343.83, 29]",217.62,160,136.39,0.23
07:46:04,"[150.0, 28]","[149.0, 16]","[214.55, 11]","[295.0, 16]",182.27,71,64.55,0.24
07:46:05,"[150.36, 33]","[149.64, 33]","[260.0, 18]","[268.0, 30]",205.18,114,109.64,0.16
07:46:06,"[150.59, 34]","[149.81, 43]","[265.52, 29]","[282.52, 23]",208.05,129,114.93,0.19
07:46:07,"[150.0, 49]","[149.0, 36]","[319.11, 18]","[446.4, 20]",234.56,123,169.11,0.38
07:46:08,"[150.0, 60]","[149.0, 48]","[301.25, 24]","[335.75, 24]",225.62,156,151.25,0.38
07:46:09,"[150.0, 35]","[149.0, 28]","[252.71, 14]","[255.0, 14]",201.36,91,102.71,0.38
07:46:10,"[150.0, 30]","[149.0, 24]","[252.0, 12]","[255.0, 12]",201.0,78,102.0,0.38
07:46:11,"[149.88, 33]","[149.16, 38]","[251.42, 24]","[394.0, 42]",200.65,137,101.54,0.04
07:46:12,"[149.95, 22]","[148.9, 40]","[248.43, 47]","[274.38, 26]",199.19,135,98.47,-0.08
07:46:13,"[148.43, 14]","[146.97, 29]","[247.85, 53]","[248.47, 38]",198.14,134,99.42,-0.36
07:46:14,"[145.0, 30]","[142.0, 59]","[206.24, 54]","[221.65, 48]",175.62,191,61.24,-0.07
07:46:15,"[145.0, 20]","[143.91, 64]","[169.96, 23]","[171.31, 26]",157.48,133,24.96,0.26
07:46:16,"[149.74, 19]","[144.76, 66]","[168.0, 34]","[168.52, 25]",158.87,144,18.26,0.18
07:46:17,"[150.28, 25]","[147.69, 39]","[164.66, 56]","[165.54, 41]",157.47,161,14.38,-0.2
07:46:18,"[150.0, 42]","[145.25, 32]","[162.43, 70]","[165.0, 70]",156.21,214,12.43,-0.31
07:46:19,"[150.0, 42]","[147.0, 14]","[159.35, 52]","[161.38, 52]",154.67,160,9.35,-0.3
07:46:20,"[150.0, 42]","[147.0, 14]","[153.12, 49]","[154.31, 49]",151.56,154,3.12,-0.27
07:46:21,"[144.48, 138]","[144.29, 14]","[150.29, 52]","[152.1, 51]",147.38,255,5.81,0.19
07:46:22,"[144.0, 126]","[142.0, 6]","[145.83, 18]","[148.73, 26]",144.92,176,1.83,0.5
07:46:23,"[144.0, 266]","[141.91, 155]","[149.38, 64]","[183.0, 55]",146.69,540,5.38,0.56
07:46:24,"[147.14, 84]","[143.39, 147]","[172.23, 39]","[269.87, 39]",159.69,309,25.09,0.5
07:46:25,"[152.0, 21]","[144.32, 75]","[238.34, 29]","[291.69, 26]",195.17,151,86.34,0.27
07:46:26,"[146.4, 30]","[144.11, 114]","[177.4, 25]","[199.27, 37]",161.9,206,31.0,0.4
07:46:27,"[145.0, 34]","[144.0, 187]","[162.08, 49]","[196.71, 28]",153.54,298,17.08,0.48
07:46:28,"[145.0, 21]","[144.0, 119]","[162.0, 35]","[334.71, 14]",153.5,189,17.0,0.48
07:46:29,"[145.0, 37]","[144.0, 220]","[426.38, 55]","[619.29, 28]",285.69,340,281.38,0.51
07:46:30,"[144.56, 57]","[143.12, 91]","[484.85, 26]","[623.92, 24]",314.7,198,340.28,0.49
07:46:31,"[144.0, 165]","[142.0, 165]","[309.45, 22]","[388.0, 28]",226.73,380,165.45,0.74
07:46:32,"[144.29, 82]","[143.33, 180]","[380.73, 22]","[413.62, 45]",262.51,329,236.43,0.59
07:46:33,"[146.86, 98]","[143.38, 128]","[358.0, 13]","[414.08, 37]",252.43,276,211.14,0.64
07:46:34,"[149.0, 75]","[144.0, 130]","[276.92, 37]","[348.57, 14]",212.96,256,127.92,0.6
07:46:35,"[149.0, 40]","[144.0, 130]","[209.49, 41]","[210.86, 21]",179.24,232,60.49,0.47
07:46:36,"[149.0, 32]","[144.0, 104]","[206.37, 35]","[208.03, 37]",177.69,208,57.37,0.31
07:46:37,"[149.0, 56]","[144.0, 50]","[204.15, 65]","[205.2, 61]",176.58,232,55.15,-0.09
07:46:38,"[149.0, 34]","[144.0, 30]","[202.0, 50]","[204.0, 40]",175.5,154,53.0,-0.17
07:46:39,"[149.62, 56]","[147.65, 26]","[200.67, 60]","[204.0, 48]",175.15,190,51.04,-0.14
07:46:40,"[150.0, 61]","[149.0, 27]","[200.0, 45]","[204.0, 36]",175.0,169,50.0,0.04
07:46:41,"[150.0, 90]","[149.0, 45]","[197.16, 61]","[198.14, 59]",173.58,255,47.16,0.06
07:46:42,"[150.2, 30]","[149.75, 48]","[194.74, 39]","[195.58, 38]",172.47,155,44.54,0.01
07:46:43,"[152.84, 49]","[150.27, 33]","[191.29, 41]","[192.65, 40]",172.06,163,38.46,0.01
07:46:44,"[152.88, 64]","[150.33, 36]","[187.47, 76]","[188.57, 70]",170.17,246,34.6,-0.19
07:46:45,"[151.61, 49]","[150.05, 57]","[174.12, 56]","[180.04, 54]",162.87,216,22.51,-0.02
07:46:46,"[152.0, 83]","[151.0, 18]","[168.11, 76]","[170.74, 87]",160.05,264,16.11,-0.23
07:46:47,"[152.0, 44]","[151.0, 11]","[164.91, 55]","[166.31, 51]",158.45,161,12.91,-0.32
07:46:48,"[152.0, 56]","[151.0, 14]","[161.69, 61]","[163.41, 37]",156.84,168,9.69,-0.17
07:46:49,"[150.32, 99]","[149.07, 116]","[157.0, 73]","[158.14, 87]",153.66,375,6.68,0.15
07:46:50,"[149.54, 70]","[148.94, 68]","[151.52, 42]","[155.38, 42]",150.53,222,1.98,0.24
07:46:51,"[149.0, 34]","[148.0, 14]","[152.87, 53]","[187.71, 59]",150.93,160,3.87,-0.4
07:46:52,"[150.08, 65]","[149.68, 37]","[156.73, 81]","[365.35, 43]",153.4,226,6.65,-0.1
07:46:53,"[150.2, 20]","[149.71, 28]","[153.57, 56]","[155.31, 16]",151.89,120,3.37,-0.2
07:46:54,"[150.0, 26]","[149.0, 13]","[152.81, 37]","[153.29, 41]",151.41,117,2.81,-0.33
07:46:55,"[150.0, 12]","[149.0, 7]","[151.0, 35]","[216.0, 11]",150.5,65,1.0,-0.42
07:46:56,"[149.17, 6]","[147.18, 11]","[202.0, 13]","[260.58, 19]",175.58,49,52.83,-0.31
07:46:57,"[149.0, 7]","[147.0, 14]","[203.88, 25]","[223.4, 10]",176.44,56,54.88,-0.25
07:46:58,"[149.0, 6]","[148.0, 12]","[203.0, 24]","[205.0, 6]",176.0,48,54.0,-0.25
07:46:59,"[149.0, 15]","[148.0, 30]","[198.07, 55]","[202.02, 49]",173.54,149,49.07,-0.4
07:47:00,"[149.0, 9]","[148.0, 18]","[192.33, 36]","[196.0, 36]",170.67,99,43.33,-0.45
07:47:01,"[149.0, 12]","[148.0, 24]","[189.1, 42]","[190.92, 48]",169.05,126,40.1,-0.43
07:47:02,"[149.71, 31]","[147.82, 22]","[187.8, 60]","[190.0, 60]",168.75,173,38.09,-0.39
07:47:03,"[150.0, 33]","[148.0, 11]","[186.37, 38]","[189.27, 44]",168.18,126,36.37,-0.3
07:47:04,"[149.0, 12]","[146.0, 24]","[182.57, 21]","[183.94, 36]",165.79,93,33.57,-0.23
07:47:05,"[149.92, 25]","[145.83, 42]","[168.25, 68]","[169.33, 63]",159.08,198,18.33,-0.32
07:47:06,"[149.79, 38]","[145.37, 57]","[164.97, 62]","[166.49, 41]",157.38,198,15.18,-0.04
07:47:07,"[145.0, 36]","[144.0, 132]","[161.21, 39]","[162.13, 39]",153.1,246,16.21,0.37
07:47:08,"[144.25, 73]","[143.3, 71]","[158.09, 35]","[159.6, 20]",151.17,199,13.84,0.45
07:47:09,"[144.0, 119]","[141.38, 13]","[155.16, 19]","[156.27, 22]",149.58,173,11.16,0.53
07:47:10,"[144.73, 60]","[143.93, 60]","[150.14, 22]","[150.72, 25]",147.43,167,5.4,0.44
07:47:11,"[144.78, 41]","[143.67, 45]","[146.77, 13]","[149.0, 13]",145.77,112,1.99,0.54
07:47:12,"[144.0, 20]","[142.96, 57]","[154.29, 31]","[254.38, 37]",149.15,145,10.29,0.06
07:47:13,"[144.0, 13]","[143.0, 52]","[156.08, 52]","[322.08, 39]",150.04,156,12.08,-0.17
07:47:14,"[143.02, 49]","[141.5, 16]","[154.92, 52]","[208.74, 38]",148.97,155,11.9,-0.16
07:47:15,"[148.11, 27]","[103.93, 89]","[154.0, 52]","[329.64, 22]",151.06,190,5.89,0.22
07:47:16,"[150.0, 24]","[148.75, 36]","[154.0, 48]","[258.0, 24]",152.0,132,4.0,-0.09
07:47:17,"[150.0, 16]","[149.0, 72]","[187.26, 23]","[296.14, 14]",168.63,125,37.26,0.41
07:47:18,"[150.0, 18]","[149.0, 81]","[191.16, 19]","[391.74, 19]",170.58,137,41.16,0.45
07:47:19,"[149.26, 47]","[148.47, 114]","[151.77, 52]","[152.62, 39]",150.51,252,2.51,0.28
07:47:20,"[149.0, 52]","[148.0, 96]","[150.0, 40]","[157.38, 29]",149.5,217,1.0,0.36
07:47:21,"[148.89, 27]","[147.57, 14]","[153.09, 46]","[330.22, 27]",150.99,114,4.2,-0.28
07:47:22,"[148.0, 7]","[147.0, 14]","[171.86, 14]","[174.0, 14]",159.93,49,23.86,-0.14
07:47:23,"[148.0, 13]","[147.0, 26]","[180.69, 26]","[277.2, 30]",164.35,95,32.69,-0.18
07:47:24,"[147.31, 29]","[145.06, 140]","[210.5, 60]","[225.22, 46]",178.91,275,63.19,0.23
07:47:25,"[149.0, 40]","[147.0, 20]","[213.8, 50]","[476.0, 30]",181.4,140,64.8,-0.14
07:47:26,"[149.5, 40]","[148.33, 30]","[211.9, 50]","[340.2, 30]",180.7,150,62.4,-0.07
07:47:27,"[150.0, 22]","[149.0, 40]","[210.6, 50]","[321.3, 30]",180.3,142,60.6,-0.13
07:47:28,"[149.68, 19]","[148.71, 28]","[209.43, 28]","[286.12, 32]",179.56,107,59.74,-0.12
07:47:29,"[151.0, 22]","[149.0, 40]","[172.35, 20]","[203.06, 18]",161.68,100,21.35,0.24
07:47:30,"[151.0, 24]","[149.0, 32]","[159.62, 40]","[188.6, 10]",155.31,106,8.62,0.06
07:47:31,"[151.0, 24]","[149.0, 44]","[159.0, 55]","[207.0, 11]",155.0,134,8.0,0.01
07:47:32,"[151.0, 11]","[149.0, 44]","[158.19, 47]","[180.16, 19]",154.6,121,7.19,-0.09
07:47:33,"[151.0, 6]","[149.0, 24]","[153.64, 22]","[155.71, 14]",152.32,66,2.64,-0.09
07:47:34,"[149.4, 30]","[148.36, 66]","[152.18, 56]","[202.55, 22]",150.79,174,2.78,0.1
07:47:35,"[149.0, 28]","[148.0, 56]","[209.1, 31]","[380.25, 16]",179.05,131,60.1,0.28
07:47:36,"[152.0, 28]","[149.0, 14]","[348.0, 14]","[521.57, 14]",250.0,70,196.0,0.2
07:47:37,"[152.0, 10]","[149.0, 10]","[193.0, 10]","[341.6, 10]",172.5,40,41.0,0.0
07:47:38,"[151.73, 11]","[148.59, 17]","[207.83, 12]","[692.5, 12]",179.78,52,56.11,0.08
07:47:39,"[149.62, 13]","[148.1, 39]","[333.0, 18]","[601.56, 18]",241.31,88,183.38,0.18
07:47:40,"[150.0, 16]","[149.0, 8]","[207.0, 16]","[576.62, 16]",178.5,56,57.0,-0.14
07:47:41,"[148.05, 79]","[147.04, 45]","[333.33, 24]","[657.83, 24]",240.69,172,185.28,0.44
07:47:42,"[148.0, 32]","[147.0, 32]","[373.38, 16]","[603.0, 16]",260.69,96,225.38,0.33
07:47:43,"[148.0, 52]","[147.0, 52]","[346.17, 36]","[443.38, 32]",247.08,172,198.17,0.21
07:47:44,"[148.0, 32]","[147.0, 32]","[309.29, 31]","[310.28, 36]",228.65,131,161.29,-0.02
07:47:45,"[148.0, 18]","[147.0, 20]","[308.35, 23]","[309.45, 22]",228.17,83,160.35,-0.08
07:47:46,"[147.58, 24]","[145.82, 68]","[301.7, 40]","[307.56, 41]",224.64,173,154.12,0.06
07:47:47,"[147.0, 28]","[145.0, 117]","[302.0, 32]","[303.31, 52]",224.5,229,155.0,0.27
07:47:48,"[145.22, 36]","[144.26, 77]","[300.0, 33]","[301.21, 28]",222.61,174,154.78,0.3
07:47:49,"[146.0, 20]","[145.0, 41]","[239.8, 40]","[251.91, 23]",192.9,124,93.8,-0.02
07:47:50,"[145.0, 40]","[144.0, 190]","[217.59, 32]","[242.85, 33]",181.3,295,72.59,0.56
07:47:51,"[145.0, 40]","[144.0, 190]","[215.71, 35]","[216.29, 35]",180.36,300,70.71,0.53
07:47:52,"[146.52, 23]","[144.27, 104]","[214.64, 22]","[216.0, 55]",180.58,204,68.11,0.25
07:47:53,"[145.04, 49]","[143.69, 111]","[211.2, 40]","[211.96, 51]",178.12,251,66.16,0.27
07:47:54,"[146.19, 36]","[143.75, 75]","[209.07, 28]","[210.6, 45]",177.63,184,62.88,0.21
07:47:55,"[145.89, 53]","[143.54, 118]","[206.27, 37]","[207.32, 53]",176.08,261,60.38,0.31
07:47:56,"[152.0, 11]","[144.74, 68]","[202.9, 42]","[204.69, 55]",177.45,176,50.9,-0.1
07:47:57,"[152.0, 5]","[145.0, 25]","[201.4, 25]","[203.0, 20]",176.7,75,49.4,-0.2
07:47:58,"[152.0, 7]","[145.0, 35]","[200.22, 23]","[201.24, 34]",176.11,99,48.22,-0.15
07:47:59,"[152.0, 11]","[145.0, 55]","[198.28, 29]","[199.18, 39]",175.14,134,46.28,-0.01
07:48:00,"[152.0, 12]","[148.44, 16]","[195.73, 45]","[196.46, 37]",173.87,110,43.73,-0.49
07:48:01,"[152.0, 10]","[150.0, 10]","[189.51, 39]","[191.39, 28]",170.76,87,37.51,-0.54
07:48:02,"[152.0, 12]","[150.0, 12]","[183.96, 24]","[184.4, 40]",167.98,88,31.96,-0.45
07:48:03,"[145.29, 96]","[144.4, 60]","[179.43, 21]","[180.6, 30]",162.36,207,34.14,0.51
07:48:04,"[145.03, 199]","[144.33, 136]","[176.02, 63]","[176.88, 41]",160.52,439,30.99,0.53
07:48:05,"[145.1, 98]","[144.29, 140]","[172.27, 41]","[174.05, 43]",158.69,322,27.17,0.48
07:48:06,"[145.0, 80]","[144.0, 99]","[167.13, 30]","[168.03, 32]",156.07,241,22.13,0.49
07:48:07,"[145.03, 29]","[143.92, 113]","[163.49, 49]","[164.95, 38]",154.26,229,18.46,0.24
07:48:08,"[149.0, 14]","[145.62, 168]","[160.98, 61]","[162.37, 65]",154.99,308,11.98,0.18
07:48:09,"[150.0, 9]","[147.0, 117]","[158.03, 31]","[159.19, 43]",154.02,200,8.03,0.26
07:48:10,"[150.92, 12]","[147.0, 156]","[153.93, 40]","[155.61, 46]",152.42,254,3.01,0.32
07:48:11,"[147.0, 117]","[145.0, 27]","[152.32, 37]","[154.63, 38]",149.66,219,5.32,0.32
07:48:12,"[147.0, 156]","[145.0, 36]","[148.58, 31]","[149.29, 48]",147.79,271,1.58,0.42
07:48:13,"[147.16, 154]","[146.2, 83]","[148.67, 48]","[149.56, 72]",147.91,357,1.5,0.33
07:48:14,"[148.0, 11]","[147.0, 110]","[150.0, 55]","[165.0, 11]",149.0,187,2.0,0.29
07:48:15,"[147.12, 42]","[146.61, 62]","[149.49, 41]","[173.22, 9]",148.3,154,2.37,0.35
07:48:16,"[147.0, 74]","[145.0, 30]","[185.04, 27]","[499.65, 20]",166.02,151,38.04,0.38
07:48:17,"[147.86, 28]","[146.76, 49]","[254.85, 20]","[415.33, 12]",201.35,109,106.99,0.41
07:48:18,"[147.76, 33]","[145.74, 19]","[250.13, 23]","[288.62, 13]",198.94,88,102.37,0.18
07:48:19,"[152.0, 44]","[147.0, 84]","[249.67, 60]","[313.68, 22]",200.83,210,97.67,0.22
07:48:20,"[152.0, 15]","[147.0, 105]","[245.03, 64]","[292.29, 58]",198.52,242,93.03,-0.01
07:48:21,"[149.27, 22]","[146.71, 82]","[241.08, 12]","[243.0, 60]",195.18,176,91.81,0.18
07:48:22,"[147.62, 63]","[146.53, 102]","[238.49, 47]","[240.74, 53]",193.05,265,90.87,0.25
07:48:23,"[149.93, 81]","[147.82, 33]","[232.33, 18]","[235.88, 34]",191.13,166,82.41,0.37
07:48:24,"[150.0, 88]","[148.0, 33]","[228.12, 33]","[228.66, 50]",189.06,204,78.12,0.19
07:48:25,"[150.0, 84]","[148.0, 36]","[224.76, 29]","[225.73, 49]",187.38,198,74.76,0.21
07:48:26,"[149.66, 70]","[147.77, 35]","[220.62, 48]","[222.96, 46]",185.14,199,70.97,0.06
07:48:27,"[150.0, 22]","[147.72, 29]","[217.21, 28]","[218.13, 39]",183.61,118,67.21,-0.14
07:48:28,"[149.4, 20]","[146.45, 22]","[213.39, 28]","[213.62, 26]",181.4,96,63.99,-0.12
07:48:29,"[147.98, 173]","[146.2, 30]","[208.22, 23]","[208.7, 20]",178.1,246,60.24,0.65
07:48:30,"[148.0, 112]","[147.0, 14]","[206.0, 14]","[207.0, 7]",177.0,147,58.0,0.71
07:48:31,"[148.0, 144]","[147.0, 20]","[202.96, 24]","[204.19, 27]",175.48,215,54.96,0.53
07:48:32,"[148.69, 89]","[147.97, 158]","[199.48, 33]","[200.76, 34]",174.09,314,50.8,0.57
07:48:33,"[150.88, 40]","[148.0, 112]","[188.41, 32]","[197.8, 30]",169.64,214,37.53,0.42
07:48:34,"[151.0, 70]","[148.0, 196]","[192.98, 46]","[196.09, 58]",171.99,370,41.98,0.44
07:48:35,"[151.0, 51]","[148.0, 154]","[188.9, 40]","[191.2, 35]",169.95,280,37.9,0.46
07:48:36,"[151.0, 48]","[148.0, 168]","[154.58, 45]","[157.41, 32]",152.79,293,3.58,0.47
07:48:37,"[148.53, 102]","[147.88, 96]","[152.43, 46]","[153.3, 50]",150.48,294,3.91,0.35
07:48:38,"[148.0, 56]","[147.0, 8]","[154.0, 12]","[318.0, 4]",151.0,80,6.0,0.6
07:48:39,"[148.0, 90]","[147.0, 18]","[154.0, 27]","[258.92, 13]",151.0,148,6.0,0.46
07:48:40,"[148.0, 60]","[147.0, 12]","[152.75, 28]","[162.0, 17]",150.38,117,4.75,0.23
07:48:41,"[149.03, 61]","[147.83, 48]","[171.8, 35]","[362.86, 21]",160.42,165,22.77,0.32
07:48:42,"[148.65, 48]","[147.87, 46]","[212.0, 14]","[448.43, 21]",180.32,129,63.35,0.46
07:48:43,"[150.0, 38]","[148.0, 110]","[483.92, 24]","[545.8, 15]",316.96,187,333.92,0.58
07:48:44,"[150.0, 26]","[148.38, 48]","[476.36, 22]","[513.08, 24]",313.18,120,326.36,0.23
07:48:45,"[150.0, 12]","[149.0, 12]","[454.86, 7]","[512.94, 16]",302.43,47,304.86,0.02
07:48:46,"[150.0, 18]","[149.0, 18]","[390.92, 13]","[405.04, 25]",270.46,74,240.92,-0.03
07:48:47,"[150.0, 18]","[149.0, 18]","[285.87, 23]","[287.92, 13]",217.93,72,135.87,0.0
07:48:48,"[150.0, 20]","[149.0, 20]","[282.56, 25]","[283.04, 28]",216.28,93,132.56,-0.14
07:48:49,"[150.0, 12]","[149.0, 12]","[278.2, 15]","[279.8, 15]",214.1,54,128.2,-0.11
07:48:50,"[150.0, 24]","[149.0, 24]","[260.93, 40]","[275.79, 24]",205.46,112,110.93,-0.14
