Time,Bid1,Bid2,Ask1,Ask2,Mid-Price,Total_volume,Bid_ask_spread,Order_imbalance
07:30:00,"[108.0, 4]","[0, 0]","[0, 0]","[0, 0]",54.0,4,-108.0,1.0
07:30:01,"[108.0, 4]","[0, 0]","[800.0, 2]","[0, 0]",454.0,6,692.0,0.33
07:30:02,"[0, 0]","[0, 0]","[799.0, 6]","[0, 0]",399.5,6,799.0,-1.0
07:30:03,"[1.0, 4]","[0, 0]","[325.0, 6]","[663.0, 11]",163.0,21,324.0,-0.62
07:30:04,"[2.14, 28]","[0, 0]","[101.0, 7]","[120.29, 35]",51.57,70,98.86,-0.2
07:30:05,"[30.29, 14]","[15.5, 8]","[122.0, 36]","[185.0, 12]",76.14,70,91.71,-0.37
07:30:06,"[110.0, 12]","[41.0, 8]","[122.0, 18]","[215.0, 6]",116.0,44,12.0,-0.09
07:30:07,"[110.02, 43]","[53.18, 34]","[115.61, 41]","[130.64, 36]",112.82,154,5.59,0.0
07:30:08,"[110.0, 52]","[74.4, 50]","[111.0, 9]","[112.33, 45]",110.5,156,1.0,0.31
07:30:09,"[110.0, 19]","[91.0, 12]","[112.25, 8]","[114.05, 19]",111.12,58,2.25,0.07
07:30:10,"[110.0, 52]","[91.0, 27]","[113.0, 45]","[118.0, 81]",111.5,205,3.0,-0.23
07:30:11,"[110.0, 32]","[97.4, 10]","[113.0, 20]","[118.0, 36]",111.5,98,3.0,-0.14
07:30:12,"[110.97, 31]","[109.67, 36]","[113.0, 30]","[118.0, 54]",111.98,151,2.03,-0.11
07:30:13,"[110.67, 36]","[108.23, 39]","[113.0, 35]","[118.0, 63]",111.83,173,2.33,-0.13
07:30:14,"[110.0, 32]","[91.5, 12]","[113.0, 20]","[118.0, 36]",111.5,100,3.0,-0.12
07:30:15,"[110.0, 64]","[92.0, 24]","[113.0, 40]","[118.0, 72]",111.5,200,3.0,-0.12
07:30:16,"[110.0, 88]","[100.84, 57]","[112.37, 19]","[114.43, 63]",111.18,227,2.37,0.28
07:30:17,"[110.0, 52]","[104.0, 84]","[112.88, 32]","[116.38, 64]",111.44,232,2.88,0.17
07:30:18,"[110.0, 40]","[98.34, 29]","[113.0, 40]","[117.0, 72]",111.5,181,3.0,-0.24
07:30:19,"[110.07, 27]","[107.09, 22]","[113.0, 35]","[117.0, 63]",111.54,147,2.93,-0.33
07:30:20,"[111.44, 16]","[109.56, 73]","[113.0, 70]","[117.0, 126]",112.22,285,1.56,-0.38
07:30:21,"[107.82, 33]","[105.74, 46]","[113.0, 40]","[117.0, 72]",110.41,191,5.18,-0.17
07:30:22,"[106.0, 30]","[104.0, 10]","[113.0, 25]","[117.0, 45]",109.5,110,7.0,-0.27
07:30:23,"[105.8, 50]","[102.44, 27]","[113.0, 55]","[117.0, 99]",109.4,231,7.2,-0.33
07:30:24,"[99.04, 54]","[99.0, 28]","[113.0, 45]","[117.0, 81]",106.02,208,13.96,-0.21
07:30:25,"[98.5, 40]","[97.45, 56]","[113.0, 60]","[117.0, 108]",105.75,264,14.5,-0.27
07:30:26,"[100.05, 57]","[99.05, 43]","[112.22, 46]","[115.75, 88]",106.14,234,12.16,-0.15
07:30:27,"[104.0, 30]","[100.0, 75]","[110.71, 38]","[112.25, 59]",107.36,202,6.71,0.04
07:30:28,"[104.88, 32]","[102.95, 38]","[108.88, 41]","[110.0, 49]",106.88,160,4.0,-0.12
07:30:29,"[104.83, 24]","[103.73, 22]","[106.94, 36]","[108.37, 43]",105.89,125,2.11,-0.26
07:30:30,"[104.0, 18]","[101.0, 9]","[107.25, 32]","[108.18, 44]",105.62,103,3.25,-0.48
07:30:31,"[104.0, 16]","[101.0, 8]","[107.0, 20]","[108.0, 40]",105.5,84,3.0,-0.43
07:30:32,"[104.0, 24]","[101.0, 12]","[105.63, 19]","[108.0, 60]",104.82,115,1.63,-0.37
07:30:33,"[104.0, 24]","[101.0, 12]","[105.0, 12]","[108.0, 95]",104.5,143,1.0,-0.5
07:30:34,"[101.0, 10]","[100.0, 53]","[102.5, 16]","[106.43, 23]",101.75,102,1.5,0.24
07:30:35,"[99.84, 37]","[98.9, 49]","[101.57, 35]","[102.62, 16]",100.7,137,1.73,0.26
07:30:36,"[98.0, 48]","[94.0, 32]","[100.64, 28]","[103.5, 20]",99.32,128,2.64,0.25
07:30:37,"[106.7, 23]","[97.43, 14]","[555.0, 20]","[591.0, 5]",330.85,62,448.3,0.19
07:30:38,"[108.0, 67]","[99.74, 50]","[545.88, 33]","[612.43, 28]",326.94,178,437.88,0.31
07:30:39,"[108.23, 26]","[103.43, 35]","[488.73, 11]","[620.03, 31]",298.48,103,380.5,0.18
07:30:40,"[109.96, 57]","[108.71, 17]","[366.0, 35]","[618.75, 16]",237.98,125,256.04,0.18
07:30:41,"[110.08, 104]","[109.69, 52]","[366.0, 60]","[526.32, 50]",238.04,266,255.92,0.17
07:30:42,"[112.0, 16]","[111.0, 16]","[145.5, 40]","[348.58, 38]",128.75,110,33.5,-0.42
07:30:43,"[112.0, 16]","[111.0, 16]","[375.5, 40]","[640.1, 30]",243.75,102,263.5,-0.37
07:30:44,"[112.0, 18]","[111.0, 18]","[329.75, 16]","[357.58, 26]",220.88,78,217.75,-0.08
07:30:45,"[112.0, 26]","[111.0, 26]","[325.85, 33]","[327.43, 23]",218.92,108,213.85,-0.04
07:30:46,"[111.2, 20]","[110.07, 60]","[258.33, 36]","[325.04, 23]",184.77,139,147.13,0.15
07:30:47,"[111.0, 18]","[110.0, 63]","[311.73, 26]","[320.79, 14]",211.37,121,200.73,0.34
07:30:48,"[110.41, 34]","[109.32, 74]","[317.71, 35]","[319.09, 23]",214.06,166,207.3,0.3
07:30:49,"[111.14, 37]","[109.17, 48]","[295.15, 13]","[310.19, 26]",203.14,124,184.02,0.37
07:30:50,"[110.8, 35]","[108.81, 59]","[223.71, 24]","[224.93, 15]",167.25,133,112.91,0.41
07:30:51,"[110.0, 24]","[108.0, 40]","[218.0, 10]","[219.42, 12]",164.0,86,108.0,0.49
07:30:52,"[110.75, 84]","[108.87, 62]","[213.86, 22]","[215.12, 26]",162.31,194,103.11,0.51
07:30:53,"[111.0, 91]","[110.0, 39]","[210.53, 15]","[211.85, 13]",160.77,158,99.53,0.65
07:30:54,"[111.0, 140]","[110.0, 60]","[151.08, 51]","[149.57, 46]",131.04,297,40.08,0.35
07:30:55,"[111.0, 98]","[110.0, 42]","[124.13, 30]","[125.24, 21]",117.57,191,13.13,0.47
07:30:56,"[111.0, 77]","[110.0, 33]","[122.76, 29]","[123.5, 24]",116.88,163,11.76,0.35
07:30:57,"[111.0, 77]","[110.0, 33]","[119.64, 11]","[120.64, 11]",115.32,132,8.64,0.67
07:30:58,"[111.3, 70]","[110.7, 70]","[116.2, 25]","[117.36, 14]",113.75,179,4.9,0.56
07:30:59,"[112.0, 28]","[111.0, 126]","[115.71, 28]","[116.38, 26]",113.86,208,3.71,0.48
07:31:00,"[111.02, 57]","[110.08, 87]","[112.93, 27]","[114.79, 28]",111.97,199,1.91,0.45
07:31:01,"[110.08, 39]","[108.24, 102]","[112.17, 12]","[116.52, 21]",111.12,174,2.09,0.62
07:31:02,"[110.4, 47]","[108.57, 98]","[113.76, 17]","[198.88, 34]",112.08,196,3.36,0.48
07:31:03,"[111.0, 9]","[110.0, 36]","[151.22, 18]","[305.5, 24]",131.11,87,40.22,0.03
07:31:04,"[111.0, 7]","[110.0, 28]","[173.43, 14]","[317.0, 14]",142.21,63,62.43,0.11
07:31:05,"[111.97, 62]","[110.58, 19]","[163.0, 26]","[317.0, 26]",137.48,133,51.03,0.22
07:31:06,"[112.0, 56]","[111.0, 7]","[162.17, 12]","[360.29, 14]",137.08,89,50.17,0.42
07:31:07,"[112.0, 40]","[111.0, 5]","[158.0, 5]","[308.0, 10]",135.0,60,46.0,0.5
07:31:08,"[112.0, 64]","[111.0, 8]","[155.78, 9]","[298.0, 15]",133.89,96,43.78,0.5
07:31:09,"[112.0, 94]","[111.0, 14]","[146.78, 49]","[152.0, 20]",129.39,177,34.78,0.22
07:31:10,"[112.0, 50]","[111.0, 10]","[145.1, 50]","[146.57, 42]",128.55,152,33.1,-0.21
07:31:11,"[112.0, 70]","[111.0, 14]","[142.86, 70]","[144.5, 70]",127.43,224,30.86,-0.25
07:31:12,"[112.0, 40]","[111.0, 8]","[140.88, 40]","[143.0, 40]",126.44,128,28.88,-0.25
07:31:13,"[112.0, 55]","[111.0, 11]","[138.36, 55]","[140.27, 55]",125.18,176,26.36,-0.25
07:31:14,"[111.98, 52]","[110.68, 22]","[137.31, 80]","[138.94, 80]",124.65,234,25.33,-0.37
07:31:15,"[110.0, 91]","[108.0, 117]","[134.38, 65]","[136.23, 65]",122.19,338,24.38,0.23
07:31:16,"[110.0, 40]","[108.0, 90]","[131.15, 34]","[133.5, 46]",120.57,210,21.15,0.24
07:31:17,"[108.11, 76]","[107.07, 126]","[128.1, 50]","[130.0, 50]",118.1,302,19.99,0.34
07:31:18,"[112.0, 33]","[108.0, 80]","[125.0, 50]","[127.5, 50]",118.5,213,13.0,0.06
07:31:19,"[112.0, 111]","[108.0, 72]","[124.0, 45]","[125.0, 45]",118.0,273,12.0,0.34
07:31:20,"[112.0, 99]","[108.0, 72]","[123.71, 41]","[124.78, 45]",117.85,257,11.71,0.33
07:31:21,"[112.0, 126]","[108.82, 68]","[118.86, 56]","[120.33, 52]",115.43,302,6.86,0.28
07:31:22,"[112.0, 52]","[110.0, 52]","[116.43, 61]","[118.72, 29]",114.21,194,4.43,0.07
07:31:23,"[111.8, 40]","[109.64, 44]","[114.0, 26]","[128.35, 31]",112.9,141,2.2,0.19
07:31:24,"[110.0, 44]","[108.0, 72]","[113.67, 9]","[312.38, 16]",111.83,141,3.67,0.65
07:31:25,"[108.6, 80]","[106.53, 152]","[110.96, 24]","[149.75, 12]",109.78,268,2.36,0.73
07:31:26,"[108.0, 64]","[106.0, 160]","[110.5, 10]","[146.4, 10]",109.25,244,2.5,0.84
07:31:27,"[108.0, 40]","[106.0, 160]","[109.9, 10]","[262.12, 16]",108.95,226,1.9,0.77
07:31:28,"[108.0, 31]","[106.0, 128]","[129.75, 8]","[279.8, 10]",118.88,177,21.75,0.8
07:31:29,"[109.79, 42]","[106.77, 79]","[147.94, 16]","[249.88, 24]",128.86,161,38.15,0.5
07:31:30,"[111.31, 39]","[107.88, 26]","[145.31, 13]","[324.13, 15]",128.31,93,34.0,0.4
07:31:31,"[108.0, 16]","[106.07, 86]","[249.6, 20]","[286.24, 21]",178.8,143,141.6,0.43
07:31:32,"[110.07, 15]","[108.18, 11]","[135.54, 41]","[272.5, 14]",122.8,81,25.47,-0.36
07:31:33,"[112.0, 34]","[110.0, 11]","[134.27, 44]","[409.23, 13]",123.14,102,22.27,-0.12
07:31:34,"[109.2, 10]","[106.04, 113]","[133.0, 32]","[307.57, 21]",121.1,176,23.8,0.4
07:31:35,"[108.0, 8]","[106.0, 128]","[132.12, 32]","[330.44, 18]",120.06,186,24.12,0.46
07:31:36,"[108.0, 7]","[106.0, 112]","[131.57, 28]","[225.0, 7]",119.79,154,23.57,0.55
07:31:37,"[106.16, 87]","[105.64, 137]","[127.0, 48]","[147.67, 18]",116.58,290,20.84,0.54
07:31:38,"[106.0, 156]","[104.0, 54]","[107.0, 52]","[141.5, 16]",106.5,278,1.0,0.51
07:31:39,"[106.0, 38]","[104.0, 28]","[107.0, 28]","[248.7, 27]",106.5,121,1.0,0.09
07:31:40,"[106.13, 46]","[104.27, 37]","[190.57, 42]","[391.23, 39]",148.35,164,84.44,0.01
07:31:41,"[105.38, 16]","[103.92, 24]","[223.83, 60]","[345.0, 29]",164.6,129,118.46,-0.38
07:31:42,"[104.0, 8]","[103.0, 8]","[223.0, 40]","[224.0, 40]",163.5,96,119.0,-0.67
07:31:43,"[104.0, 9]","[103.0, 9]","[214.56, 45]","[223.56, 45]",159.28,108,110.56,-0.67
07:31:44,"[104.0, 13]","[103.0, 13]","[148.69, 62]","[195.0, 60]",126.35,148,44.69,-0.65
07:31:45,"[84.61, 28]","[68.86, 35]","[104.49, 61]","[122.52, 58]",94.55,182,19.88,-0.31
07:31:46,"[80.46, 26]","[69.46, 41]","[103.17, 36]","[127.62, 39]",91.81,142,22.71,-0.06
07:31:47,"[81.41, 17]","[80.87, 23]","[156.54, 13]","[314.34, 29]",118.98,82,75.13,-0.02
07:31:48,"[109.02, 98]","[89.77, 22]","[187.75, 24]","[239.46, 24]",148.39,168,78.73,0.43
07:31:49,"[112.0, 95]","[110.0, 28]","[113.91, 22]","[121.69, 26]",112.95,171,1.91,0.44
07:31:50,"[112.0, 101]","[110.0, 40]","[131.19, 31]","[193.17, 35]",121.6,207,19.19,0.36
07:31:51,"[112.0, 64]","[110.0, 32]","[200.75, 16]","[245.12, 34]",156.38,146,88.75,0.32
07:31:52,"[112.0, 80]","[110.0, 40]","[188.08, 26]","[200.8, 20]",150.04,166,76.08,0.45
07:31:53,"[112.0, 164]","[110.0, 52]","[168.61, 41]","[195.0, 32]",140.3,289,56.61,0.49
07:31:54,"[112.0, 78]","[110.0, 28]","[166.57, 14]","[174.0, 14]",139.29,134,54.57,0.58
07:31:55,"[112.0, 144]","[110.0, 48]","[165.0, 24]","[304.57, 28]",138.5,244,53.0,0.57
07:31:56,"[112.0, 112]","[110.0, 48]","[163.1, 20]","[354.0, 20]",137.55,200,51.1,0.6
07:31:57,"[112.0, 72]","[110.0, 40]","[161.5, 16]","[267.6, 10]",136.75,138,49.5,0.62
07:31:58,"[112.0, 42]","[110.0, 35]","[161.0, 14]","[359.14, 7]",136.5,98,49.0,0.57
07:31:59,"[112.0, 54]","[110.0, 45]","[159.69, 26]","[257.0, 20]",135.85,145,47.69,0.37
07:32:00,"[112.0, 72]","[110.0, 65]","[158.0, 26]","[159.0, 52]",135.0,215,46.0,0.27
07:32:01,"[112.0, 39]","[110.57, 35]","[157.88, 25]","[158.96, 50]",134.94,149,45.88,-0.01
07:32:02,"[112.0, 24]","[111.0, 16]","[153.5, 24]","[154.82, 22]",132.75,86,41.5,-0.07
07:32:03,"[112.0, 21]","[111.0, 14]","[150.83, 24]","[152.89, 18]",131.42,77,38.83,-0.09
07:32:04,"[112.0, 39]","[111.0, 26]","[146.34, 47]","[147.73, 37]",129.17,149,34.34,-0.13
07:32:05,"[112.0, 30]","[111.0, 20]","[144.15, 26]","[145.06, 34]",128.08,110,32.15,-0.09
07:32:06,"[112.0, 42]","[111.0, 28]","[141.03, 39]","[142.79, 48]",126.51,157,29.03,-0.11
07:32:07,"[111.93, 45]","[110.26, 31]","[137.39, 61]","[138.16, 45]",124.66,182,25.46,-0.16
07:32:08,"[109.83, 18]","[109.83, 35]","[134.78, 37]","[135.98, 51]",122.31,141,24.95,-0.25
07:32:09,"[108.0, 98]","[107.0, 28]","[133.0, 52]","[134.36, 50]",120.5,228,25.0,0.11
07:32:10,"[111.53, 59]","[107.98, 86]","[131.14, 58]","[132.3, 40]",121.33,243,19.61,0.19
07:32:11,"[108.0, 78]","[107.0, 26]","[127.47, 59]","[128.52, 58]",117.74,221,19.47,-0.06
07:32:12,"[108.79, 53]","[107.72, 50]","[122.61, 62]","[123.78, 55]",115.7,220,13.82,-0.06
07:32:13,"[108.03, 67]","[107.0, 18]","[121.45, 40]","[122.15, 39]",114.74,164,13.42,0.04
07:32:14,"[108.0, 72]","[106.0, 9]","[117.5, 32]","[118.57, 28]",112.75,141,9.5,0.15
07:32:15,"[108.0, 120]","[106.0, 15]","[113.43, 61]","[114.43, 63]",110.71,259,5.43,0.04
07:32:16,"[108.0, 80]","[106.0, 10]","[111.0, 40]","[112.0, 40]",109.5,170,3.0,0.06
07:32:17,"[108.0, 86]","[106.0, 12]","[110.18, 51]","[111.5, 48]",109.09,197,2.18,-0.01
07:32:18,"[107.77, 26]","[105.13, 23]","[109.25, 48]","[154.08, 48]",108.51,145,1.48,-0.32
07:32:19,"[104.06, 34]","[103.07, 59]","[106.92, 48]","[357.52, 46]",105.49,187,2.86,-0.01
07:32:20,"[73.18, 66]","[63.41, 74]","[134.18, 56]","[222.54, 52]",103.68,248,61.0,0.13
07:32:21,"[79.62, 26]","[25.0, 58]","[100.44, 36]","[121.33, 48]",90.03,168,20.83,0.0
07:32:22,"[81.25, 16]","[30.17, 12]","[99.55, 22]","[330.5, 32]",90.4,82,18.3,-0.32
07:32:23,"[89.06, 31]","[73.54, 37]","[391.81, 27]","[450.35, 34]",240.44,129,302.75,0.05
07:32:24,"[108.78, 18]","[99.5, 28]","[242.0, 36]","[459.89, 36]",175.39,118,133.22,-0.22
07:32:25,"[108.6, 15]","[106.71, 28]","[267.0, 32]","[561.38, 32]",187.8,107,158.4,-0.2
07:32:26,"[101.93, 44]","[76.8, 41]","[537.88, 32]","[598.14, 28]",319.9,145,435.94,0.17
07:32:27,"[59.65, 40]","[41.83, 52]","[102.0, 55]","[272.0, 27]",80.83,174,42.35,0.06
07:32:28,"[98.79, 19]","[63.0, 20]","[102.0, 21]","[272.0, 25]",100.39,85,3.21,-0.08
07:32:29,"[99.38, 24]","[89.11, 27]","[123.18, 17]","[247.54, 35]",111.28,103,23.8,-0.01
07:32:30,"[101.89, 35]","[100.41, 27]","[275.58, 33]","[341.88, 32]",188.73,127,173.69,-0.02
07:32:31,"[105.43, 21]","[103.95, 38]","[189.91, 33]","[251.34, 41]",147.67,133,84.48,-0.11
07:32:32,"[107.82, 22]","[87.74, 23]","[189.0, 30]","[337.0, 40]",148.41,115,81.18,-0.22
07:32:33,"[52.4, 40]","[24.0, 10]","[143.12, 24]","[270.05, 19]",97.76,93,90.72,0.08
07:32:34,"[80.57, 14]","[60.19, 21]","[96.67, 18]","[98.0, 6]",88.62,59,16.1,0.19
07:32:35,"[88.12, 16]","[61.0, 14]","[97.27, 15]","[346.11, 9]",92.7,54,9.14,0.11
07:32:36,"[94.0, 14]","[45.29, 7]","[96.86, 35]","[98.0, 7]",95.43,63,2.86,-0.33
07:32:37,"[95.0, 20]","[47.82, 11]","[96.0, 35]","[98.0, 10]",95.5,76,1.0,-0.18
07:32:38,"[95.0, 8]","[75.75, 4]","[96.0, 8]","[98.0, 4]",95.5,24,1.0,0.0
07:32:39,"[95.0, 16]","[74.25, 8]","[122.13, 15]","[149.11, 9]",108.57,48,27.13,0.0
07:32:40,"[112.0, 63]","[109.65, 68]","[291.0, 18]","[548.0, 9]",201.5,158,179.0,0.66
07:32:41,"[112.0, 35]","[111.0, 15]","[221.43, 7]","[290.75, 8]",166.71,65,109.43,0.54
07:32:42,"[112.0, 70]","[111.0, 30]","[171.33, 12]","[242.1, 10]",141.67,122,59.33,0.64
07:32:43,"[112.0, 63]","[111.0, 27]","[169.0, 9]","[170.0, 9]",140.5,108,57.0,0.67
07:32:44,"[112.0, 44]","[111.0, 21]","[169.0, 7]","[244.71, 7]",140.5,79,57.0,0.65
07:32:45,"[112.0, 54]","[111.0, 27]","[165.25, 12]","[202.47, 15]",138.62,108,53.25,0.5
07:32:46,"[112.0, 67]","[111.0, 30]","[215.71, 14]","[201.66, 32]",163.86,143,103.71,0.36
07:32:47,"[112.0, 75]","[110.67, 49]","[244.27, 26]","[424.92, 25]",178.13,175,132.27,0.42
07:32:48,"[112.0, 28]","[110.0, 160]","[168.0, 40]","[265.81, 26]",140.0,254,56.0,0.48
07:32:49,"[112.0, 24]","[110.14, 112]","[165.6, 40]","[178.32, 31]",138.8,207,53.6,0.31
07:32:50,"[111.75, 36]","[110.67, 54]","[162.08, 48]","[167.0, 48]",136.92,186,50.33,-0.03
07:32:51,"[109.15, 41]","[88.38, 21]","[159.93, 56]","[165.5, 56]",134.54,174,50.78,-0.29
07:32:52,"[110.0, 16]","[103.22, 9]","[156.12, 32]","[158.5, 32]",133.06,89,46.12,-0.44
07:32:53,"[108.1, 116]","[105.83, 30]","[126.31, 49]","[146.48, 46]",117.2,241,18.2,0.21
07:32:54,"[108.0, 108]","[103.0, 10]","[110.3, 40]","[112.13, 46]",109.15,204,2.3,0.16
07:32:55,"[105.1, 62]","[86.27, 11]","[109.56, 36]","[113.0, 45]",107.33,154,4.46,-0.05
07:32:56,"[90.67, 24]","[71.56, 27]","[109.0, 32]","[314.0, 40]",99.83,123,18.33,-0.17
07:32:57,"[103.85, 26]","[78.25, 16]","[171.07, 29]","[394.12, 33]",137.46,104,67.22,-0.19
07:32:58,"[93.18, 33]","[73.0, 24]","[538.85, 34]","[595.06, 32]",316.02,123,445.67,-0.07
07:32:59,"[95.0, 9]","[94.0, 45]","[353.72, 29]","[496.33, 15]",224.36,98,258.72,0.1
07:33:00,"[96.92, 13]","[94.02, 56]","[210.0, 12]","[383.94, 48]",153.46,129,113.08,0.07
07:33:01,"[108.66, 50]","[90.41, 63]","[208.47, 19]","[320.96, 27]",158.57,159,99.81,0.42
07:33:02,"[108.31, 55]","[88.92, 48]","[207.0, 12]","[208.0, 12]",157.65,127,98.69,0.62
07:33:03,"[108.02, 54]","[58.58, 31]","[204.33, 12]","[207.08, 12]",156.18,109,96.31,0.56
07:33:04,"[108.38, 24]","[94.17, 48]","[125.87, 23]","[138.91, 22]",117.12,117,17.49,0.23
07:33:05,"[110.0, 6]","[108.0, 24]","[121.0, 12]","[150.33, 9]",115.5,51,11.0,0.18
07:33:06,"[110.0, 11]","[108.0, 44]","[119.74, 19]","[149.67, 24]",114.87,98,9.74,0.12
07:33:07,"[108.15, 26]","[74.56, 34]","[114.82, 11]","[116.32, 19]",111.49,90,6.66,0.33
07:33:08,"[108.0, 18]","[85.0, 46]","[110.0, 12]","[112.0, 8]",109.0,84,2.0,0.52
07:33:09,"[76.44, 45]","[59.16, 77]","[107.88, 26]","[223.05, 21]",92.16,169,31.44,0.44
07:33:10,"[90.24, 17]","[83.29, 17]","[104.0, 12]","[107.33, 6]",97.12,52,13.76,0.31
07:33:11,"[91.0, 21]","[76.64, 42]","[431.16, 19]","[106.67, 9]",261.08,91,340.16,0.38
07:33:12,"[101.5, 24]","[90.17, 40]","[403.06, 18]","[401.15, 20]",252.28,102,301.56,0.25
07:33:13,"[112.0, 12]","[106.0, 12]","[254.5, 8]","[300.75, 12]",183.25,44,142.5,0.09
07:33:14,"[112.0, 9]","[106.0, 9]","[297.0, 9]","[388.0, 6]",204.5,33,185.0,0.09
07:33:15,"[108.4, 10]","[104.71, 21]","[316.16, 19]","[400.38, 16]",212.28,66,207.76,-0.06
07:33:16,"[106.0, 15]","[94.5, 32]","[388.0, 16]","[629.75, 24]",247.0,87,282.0,0.08
07:33:17,"[108.0, 18]","[103.0, 6]","[336.92, 12]","[351.0, 9]",222.46,45,228.92,0.07
07:33:18,"[108.36, 22]","[106.33, 18]","[331.67, 18]","[336.71, 14]",220.02,72,223.3,0.11
07:33:19,"[110.0, 7]","[108.0, 21]","[288.63, 19]","[327.67, 12]",199.32,59,178.63,-0.05
07:33:20,"[110.77, 31]","[108.17, 23]","[266.6, 15]","[333.12, 16]",188.69,85,155.83,0.27
07:33:21,"[110.84, 43]","[108.62, 13]","[267.67, 15]","[353.0, 18]",189.25,89,156.83,0.26
07:33:22,"[108.0, 7]","[103.0, 7]","[194.12, 16]","[318.29, 7]",151.06,37,86.12,-0.24
07:33:23,"[109.97, 35]","[107.23, 13]","[235.09, 23]","[270.76, 17]",172.53,88,125.12,0.09
07:33:24,"[111.0, 39]","[108.0, 13]","[204.58, 19]","[215.69, 13]",157.79,84,93.58,0.24
07:33:25,"[111.0, 39]","[108.0, 13]","[171.71, 31]","[191.73, 22]",141.35,105,60.71,-0.01
07:33:26,"[109.52, 21]","[104.87, 15]","[167.08, 13]","[169.46, 13]",138.3,62,57.55,0.16
07:33:27,"[104.0, 6]","[103.0, 6]","[120.67, 18]","[147.11, 9]",112.33,39,16.67,-0.38
07:33:28,"[104.0, 11]","[103.0, 11]","[109.36, 11]","[111.26, 23]",106.68,56,5.36,-0.21
07:33:29,"[104.0, 15]","[103.0, 15]","[106.93, 15]","[108.47, 15]",105.47,60,2.93,0.0
07:33:30,"[98.56, 9]","[67.67, 15]","[104.89, 9]","[133.58, 12]",101.72,45,6.33,0.07
07:33:31,"[55.38, 47]","[30.38, 78]","[213.09, 43]","[339.1, 51]",134.24,219,157.71,0.14
07:33:32,"[74.05, 109]","[47.32, 62]","[262.95, 41]","[345.05, 37]",168.5,249,188.91,0.37
07:33:33,"[76.71, 76]","[48.78, 32]","[297.4, 40]","[496.17, 48]",187.06,196,220.69,0.1
07:33:34,"[108.0, 30]","[106.0, 10]","[341.4, 40]","[492.8, 40]",224.7,120,233.4,-0.33
07:33:35,"[109.6, 30]","[107.8, 20]","[353.9, 29]","[404.1, 29]",231.75,108,244.3,-0.07
07:33:36,"[110.0, 28]","[108.0, 21]","[204.86, 28]","[338.43, 28]",157.43,105,94.86,-0.07
07:33:37,"[111.63, 19]","[110.1, 31]","[204.9, 40]","[378.37, 38]",158.27,128,93.27,-0.22
07:33:38,"[108.12, 25]","[107.33, 12]","[216.49, 35]","[319.26, 35]",162.3,107,108.37,-0.31
07:33:39,"[108.0, 24]","[106.0, 8]","[168.64, 14]","[195.5, 18]",138.32,64,60.64,0.0
07:33:40,"[108.0, 26]","[106.0, 9]","[168.0, 9]","[221.0, 45]",138.0,89,60.0,-0.21
07:33:41,"[108.88, 24]","[107.4, 10]","[167.05, 42]","[241.24, 21]",137.96,97,58.17,-0.3
07:33:42,"[108.0, 11]","[106.0, 11]","[158.16, 38]","[166.2, 41]",133.08,101,50.16,-0.56
07:33:43,"[108.0, 6]","[106.0, 6]","[163.45, 22]","[164.23, 26]",135.73,60,55.45,-0.6
07:33:44,"[108.0, 14]","[106.0, 14]","[162.14, 51]","[163.17, 58]",135.07,137,54.14,-0.59
07:33:45,"[104.0, 24]","[103.0, 36]","[158.42, 57]","[160.37, 27]",131.21,144,54.42,-0.17
07:33:46,"[102.87, 45]","[98.03, 38]","[154.72, 53]","[157.66, 64]",128.79,200,51.85,-0.17
07:33:47,"[70.0, 17]","[39.49, 70]","[103.33, 12]","[125.33, 9]",86.67,108,33.33,0.61
07:33:48,"[60.12, 25]","[32.83, 65]","[100.33, 27]","[101.09, 53]",80.23,170,40.21,0.06
07:33:49,"[83.66, 44]","[79.11, 46]","[98.69, 45]","[100.18, 39]",91.17,174,15.03,0.03
07:33:50,"[87.62, 39]","[67.38, 45]","[97.0, 77]","[99.8, 20]",92.31,181,9.38,-0.07
07:33:51,"[88.67, 36]","[85.52, 23]","[96.0, 54]","[97.0, 24]",92.33,137,7.33,-0.14
07:33:52,"[89.16, 25]","[87.38, 26]","[97.7, 20]","[114.24, 17]",93.43,88,8.54,0.16
07:33:53,"[90.56, 16]","[89.12, 24]","[102.23, 44]","[105.38, 32]",96.39,116,11.66,-0.31
07:33:54,"[92.35, 34]","[91.52, 27]","[100.13, 53]","[101.33, 33]",96.24,147,7.78,-0.17
07:33:55,"[96.2, 44]","[94.78, 54]","[99.0, 70]","[100.0, 126]",97.6,294,2.8,-0.33
07:33:56,"[97.0, 27]","[94.5, 24]","[98.12, 40]","[99.44, 45]",97.56,136,1.12,-0.25
07:33:57,"[93.17, 12]","[59.5, 24]","[99.67, 48]","[100.29, 28]",96.42,112,6.5,-0.36
07:33:58,"[94.76, 17]","[78.84, 25]","[103.27, 44]","[116.23, 13]",99.02,99,8.51,-0.15
07:33:59,"[103.04, 25]","[89.1, 29]","[202.08, 12]","[229.25, 12]",152.56,78,99.04,0.38
07:34:00,"[105.25, 20]","[103.68, 28]","[320.56, 18]","[409.71, 14]",212.9,80,215.31,0.2
07:34:01,"[109.94, 65]","[105.23, 13]","[181.92, 13]","[282.29, 14]",145.93,105,71.98,0.49
07:34:02,"[110.0, 124]","[106.0, 12]","[123.43, 42]","[180.43, 21]",116.71,199,13.43,0.37
07:34:03,"[110.0, 106]","[106.0, 12]","[148.35, 34]","[258.86, 28]",129.18,180,38.35,0.31
07:34:04,"[110.97, 62]","[109.43, 28]","[177.86, 14]","[385.37, 27]",144.41,131,66.89,0.37
07:34:05,"[112.0, 70]","[110.0, 56]","[176.29, 14]","[274.82, 22]",144.14,162,64.29,0.56
07:34:06,"[112.0, 30]","[110.0, 24]","[174.0, 6]","[433.0, 3]",143.0,63,62.0,0.71
07:34:07,"[112.0, 85]","[110.0, 58]","[173.33, 18]","[431.04, 28]",142.67,189,61.33,0.51
07:34:08,"[112.0, 16]","[110.0, 30]","[173.0, 10]","[473.0, 20]",142.5,76,61.0,0.21
07:34:09,"[112.0, 14]","[110.0, 42]","[185.35, 20]","[381.67, 30]",148.68,106,73.35,0.06
07:34:10,"[110.16, 25]","[108.19, 62]","[196.67, 45]","[400.0, 45]",153.41,177,86.51,-0.02
07:34:11,"[110.0, 14]","[108.0, 107]","[193.93, 70]","[431.46, 37]",151.96,228,83.93,0.06
07:34:12,"[108.5, 24]","[107.9, 63]","[190.89, 45]","[430.64, 22]",149.69,154,82.39,0.13
07:34:13,"[108.02, 55]","[106.8, 15]","[159.29, 38]","[183.9, 49]",133.65,157,51.27,-0.11
07:34:14,"[110.71, 28]","[108.18, 66]","[142.09, 66]","[143.44, 48]",126.4,208,31.38,-0.1
07:34:15,"[112.0, 101]","[110.0, 8]","[140.62, 32]","[142.29, 28]",126.31,169,28.62,0.29
07:34:16,"[112.0, 159]","[110.0, 10]","[132.7, 46]","[135.2, 30]",122.35,245,20.7,0.38
07:34:17,"[112.0, 182]","[110.0, 14]","[127.19, 48]","[128.84, 56]",119.59,300,15.19,0.31
07:34:18,"[112.0, 117]","[110.0, 9]","[123.86, 29]","[124.84, 37]",117.93,192,11.86,0.31
07:34:19,"[112.0, 156]","[110.0, 12]","[122.11, 56]","[123.17, 36]",117.05,260,10.11,0.29
07:34:20,"[112.0, 169]","[110.77, 13]","[119.75, 51]","[121.08, 39]",115.87,272,7.75,0.34
07:34:21,"[112.0, 143]","[111.0, 11]","[115.29, 17]","[116.89, 27]",113.65,198,3.29,0.56
07:34:22,"[112.0, 156]","[111.0, 12]","[113.21, 14]","[114.03, 34]",112.61,216,1.21,0.56
07:34:23,"[112.0, 31]","[111.0, 10]","[113.33, 18]","[114.6, 30]",112.67,89,1.33,-0.08
07:34:24,"[111.75, 16]","[110.6, 10]","[113.0, 30]","[116.82, 34]",112.38,90,1.25,-0.42
07:34:25,"[110.91, 11]","[109.25, 16]","[112.18, 33]","[169.97, 29]",111.55,89,1.27,-0.39
07:34:26,"[110.63, 27]","[108.03, 58]","[123.0, 27]","[317.57, 14]",116.81,126,12.37,0.35
07:34:27,"[109.0, 8]","[107.5, 24]","[334.43, 14]","[444.15, 26]",221.71,72,225.43,-0.11
07:34:28,"[108.98, 65]","[107.73, 11]","[310.11, 9]","[409.15, 27]",209.55,112,201.13,0.36
07:34:29,"[110.34, 101]","[109.11, 79]","[305.53, 49]","[312.29, 31]",207.93,260,195.19,0.38
07:34:30,"[112.0, 60]","[110.0, 96]","[246.57, 30]","[238.0, 38]",179.28,224,134.57,0.39
07:34:31,"[112.0, 172]","[110.0, 96]","[220.69, 45]","[221.69, 26]",166.34,339,108.69,0.58
07:34:32,"[112.0, 227]","[110.0, 104]","[217.26, 23]","[217.81, 27]",164.63,381,105.26,0.74
07:34:33,"[112.0, 240]","[110.33, 60]","[214.89, 18]","[216.0, 27]",163.44,345,102.89,0.74
07:34:34,"[112.0, 176]","[111.0, 22]","[194.43, 28]","[204.79, 38]",153.21,264,82.43,0.5
07:34:35,"[112.0, 224]","[111.0, 28]","[185.46, 26]","[209.92, 52]",148.73,330,73.46,0.53
07:34:36,"[112.0, 152]","[111.0, 22]","[138.21, 47]","[171.69, 32]",125.11,253,26.21,0.38
07:34:37,"[112.0, 154]","[111.0, 26]","[134.7, 40]","[140.98, 47]",123.35,267,22.7,0.35
07:34:38,"[112.0, 80]","[111.0, 20]","[130.7, 20]","[132.0, 50]",121.35,170,18.7,0.18
07:34:39,"[112.0, 46]","[111.0, 20]","[128.26, 38]","[129.77, 44]",120.13,148,16.26,-0.11
07:34:40,"[112.0, 103]","[111.0, 22]","[124.85, 41]","[127.28, 36]",118.43,202,12.85,0.24
07:34:41,"[112.0, 22]","[111.0, 22]","[121.62, 39]","[122.45, 47]",116.81,130,9.62,-0.32
07:34:42,"[110.18, 111]","[108.44, 34]","[117.2, 55]","[118.91, 44]",113.69,244,7.02,0.19
07:34:43,"[110.0, 156]","[107.8, 15]","[113.61, 51]","[114.67, 54]",111.8,276,3.61,0.24
07:34:44,"[110.0, 27]","[108.0, 6]","[113.0, 24]","[269.41, 22]",111.5,79,3.0,-0.16
07:34:45,"[110.0, 9]","[108.0, 9]","[167.57, 35]","[749.03, 29]",138.79,82,57.57,-0.56
07:34:46,"[106.0, 3]","[104.0, 69]","[743.0, 9]","[778.0, 15]",424.5,96,637.0,0.5
07:34:47,"[106.0, 5]","[104.0, 115]","[433.25, 16]","[742.69, 13]",269.62,149,327.25,0.61
07:34:48,"[104.5, 28]","[103.92, 105]","[166.56, 18]","[595.86, 21]",135.53,172,62.06,0.55
07:34:49,"[104.85, 82]","[102.01, 67]","[130.19, 21]","[279.37, 27]",117.52,197,25.34,0.51
07:34:50,"[110.81, 106]","[105.38, 81]","[116.0, 22]","[247.81, 32]",113.41,241,5.19,0.55
07:34:51,"[112.0, 150]","[107.0, 28]","[114.6, 20]","[383.4, 20]",113.3,218,2.6,0.63
07:34:52,"[112.0, 120]","[110.0, 8]","[113.82, 17]","[306.38, 16]",112.91,161,1.82,0.59
07:34:53,"[112.0, 84]","[110.0, 7]","[114.0, 14]","[705.67, 18]",113.0,123,2.0,0.48
07:34:54,"[112.0, 78]","[110.0, 8]","[114.0, 16]","[716.0, 20]",113.0,122,2.0,0.41
07:34:55,"[112.0, 63]","[110.0, 31]","[390.5, 20]","[728.92, 26]",251.25,140,278.5,0.34
07:34:56,"[112.0, 26]","[110.32, 47]","[325.46, 26]","[582.88, 32]",218.73,131,213.46,0.11
07:34:57,"[112.0, 10]","[111.0, 15]","[324.0, 10]","[642.15, 13]",218.0,48,212.0,0.04
07:34:58,"[111.81, 21]","[110.69, 26]","[177.92, 26]","[300.95, 19]",144.87,92,66.11,0.02
07:34:59,"[112.0, 63]","[111.0, 22]","[176.06, 17]","[177.29, 28]",144.03,130,64.06,0.31
07:35:00,"[112.0, 79]","[111.0, 20]","[173.44, 18]","[175.33, 12]",142.72,129,61.44,0.53
07:35:01,"[112.0, 51]","[111.0, 26]","[172.0, 21]","[173.33, 18]",142.0,116,60.0,0.33
07:35:02,"[112.0, 27]","[110.04, 46]","[168.84, 19]","[170.24, 17]",140.42,109,56.84,0.34
07:35:03,"[110.32, 19]","[107.67, 55]","[112.55, 11]","[142.45, 11]",111.43,96,2.23,0.54
07:35:04,"[110.0, 20]","[107.2, 30]","[111.31, 13]","[112.4, 10]",110.65,73,1.31,0.37
07:35:05,"[110.0, 17]","[107.0, 66]","[111.0, 11]","[187.91, 11]",110.5,105,1.0,0.58
07:35:06,"[107.04, 85]","[106.06, 104]","[109.91, 23]","[158.72, 36]",108.47,248,2.88,0.52
07:35:07,"[107.11, 44]","[106.11, 95]","[108.8, 20]","[109.75, 32]",107.96,191,1.69,0.46
07:35:08,"[106.06, 125]","[104.41, 49]","[108.95, 40]","[147.51, 41]",107.51,255,2.89,0.36
07:35:09,"[107.4, 40]","[105.33, 54]","[155.71, 34]","[428.28, 32]",131.55,160,48.31,0.17
07:35:10,"[110.0, 20]","[106.59, 34]","[212.6, 10]","[328.4, 20]",161.3,84,102.6,0.29
07:35:11,"[110.0, 28]","[108.0, 70]","[309.42, 19]","[399.14, 51]",209.71,168,199.42,0.17
07:35:12,"[108.33, 36]","[106.91, 33]","[250.48, 23]","[255.43, 28]",179.41,120,142.14,0.15
07:35:13,"[108.0, 50]","[106.0, 30]","[122.12, 42]","[251.0, 12]",115.06,134,14.12,0.19
07:35:14,"[108.0, 19]","[106.0, 21]","[111.0, 35]","[247.0, 7]",109.5,82,3.0,-0.02
07:35:15,"[106.05, 43]","[104.19, 31]","[180.96, 27]","[363.19, 63]",143.5,164,74.92,-0.1
07:35:16,"[106.42, 19]","[104.22, 18]","[240.88, 26]","[373.0, 34]",173.65,97,134.46,-0.24
07:35:17,"[110.96, 49]","[107.33, 12]","[238.8, 15]","[335.94, 51]",174.88,127,127.84,-0.04
07:35:18,"[112.0, 91]","[109.0, 11]","[191.06, 47]","[319.63, 19]",151.53,168,79.06,0.21
07:35:19,"[112.0, 42]","[109.5, 6]","[188.91, 22]","[256.64, 14]",150.45,84,76.91,0.14
07:35:20,"[112.0, 99]","[110.0, 9]","[187.11, 9]","[261.0, 45]",149.56,162,75.11,0.33
07:35:21,"[112.0, 141]","[110.0, 15]","[185.71, 21]","[195.73, 45]",148.86,222,73.71,0.41
07:35:22,"[112.0, 174]","[110.0, 15]","[115.16, 45]","[118.24, 41]",113.58,275,3.16,0.37
07:35:23,"[112.0, 112]","[110.0, 8]","[114.0, 24]","[115.0, 8]",113.0,152,2.0,0.58
07:35:24,"[112.0, 136]","[110.0, 11]","[113.45, 29]","[166.58, 19]",112.72,195,1.45,0.51
07:35:25,"[112.0, 219]","[110.0, 158]","[114.36, 22]","[210.52, 52]",113.18,451,2.36,0.67
07:35:26,"[112.0, 135]","[110.0, 153]","[113.0, 9]","[257.17, 41]",112.5,338,1.0,0.7
07:35:27,"[112.0, 146]","[110.0, 204]","[183.29, 52]","[207.33, 60]",147.64,462,71.29,0.52
07:35:28,"[112.0, 120]","[110.0, 170]","[303.7, 50]","[496.2, 50]",207.85,390,191.7,0.49
07:35:29,"[112.0, 156]","[110.0, 221]","[446.25, 44]","[482.74, 62]",279.12,483,334.25,0.56
07:35:30,"[112.0, 126]","[110.0, 196]","[306.94, 36]","[328.27, 48]",209.47,406,194.94,0.59
07:35:31,"[112.0, 48]","[110.0, 102]","[149.71, 21]","[178.86, 21]",130.86,192,37.71,0.56
07:35:32,"[112.0, 88]","[110.0, 187]","[135.47, 34]","[145.14, 49]",123.74,358,23.47,0.54
07:35:33,"[112.0, 47]","[110.0, 238]","[123.91, 58]","[132.25, 40]",117.96,383,11.91,0.49
07:35:34,"[112.0, 96]","[110.0, 221]","[116.69, 26]","[121.0, 65]",114.35,408,4.69,0.55
07:35:35,"[112.0, 110]","[110.0, 221]","[113.77, 26]","[194.78, 58]",112.88,415,1.77,0.6
07:35:36,"[112.0, 44]","[110.0, 187]","[329.29, 31]","[476.0, 43]",220.65,305,217.29,0.51
07:35:37,"[112.0, 28]","[110.0, 119]","[386.24, 25]","[545.46, 26]",249.12,198,274.24,0.48
07:35:38,"[112.0, 44]","[110.34, 103]","[458.73, 49]","[519.31, 42]",285.37,238,346.73,0.24
07:35:39,"[112.0, 44]","[111.0, 55]","[389.48, 42]","[447.79, 42]",250.74,183,277.48,0.08
07:35:40,"[111.22, 36]","[110.09, 112]","[330.35, 26]","[465.0, 24]",220.78,198,219.12,0.49
07:35:41,"[111.0, 20]","[110.0, 136]","[295.5, 20]","[386.5, 24]",203.25,200,184.5,0.56
07:35:42,"[110.09, 92]","[109.7, 80]","[269.74, 23]","[292.69, 29]",189.91,224,159.65,0.54
07:35:43,"[110.17, 161]","[108.82, 44]","[193.92, 48]","[195.04, 46]",152.05,299,83.74,0.37
07:35:44,"[112.0, 97]","[110.0, 90]","[192.5, 40]","[194.0, 20]",152.25,247,80.5,0.51
07:35:45,"[112.0, 81]","[110.0, 81]","[190.6, 30]","[192.0, 24]",151.3,216,78.6,0.5
07:35:46,"[112.0, 72]","[110.5, 36]","[187.8, 30]","[189.22, 18]",149.9,156,75.8,0.38
07:35:47,"[112.0, 96]","[111.0, 36]","[184.76, 42]","[185.62, 42]",148.38,216,72.76,0.22
07:35:48,"[112.0, 45]","[111.0, 33]","[180.46, 26]","[183.56, 41]",146.23,145,68.46,0.08
07:35:49,"[112.0, 45]","[111.0, 45]","[131.69, 59]","[138.54, 63]",121.85,212,19.69,-0.15
07:35:50,"[112.0, 33]","[111.0, 33]","[127.9, 40]","[129.26, 38]",119.95,144,15.9,-0.08
07:35:51,"[112.0, 39]","[111.0, 39]","[124.25, 48]","[126.27, 30]",118.12,156,12.25,0.0
07:35:52,"[112.0, 24]","[111.0, 24]","[122.75, 32]","[126.0, 16]",117.38,96,10.75,0.0
07:35:53,"[112.0, 42]","[111.0, 42]","[121.3, 40]","[123.0, 40]",116.65,164,9.3,0.02
07:35:54,"[112.0, 39]","[111.0, 39]","[117.38, 32]","[118.21, 28]",114.69,138,5.38,0.13
07:35:55,"[112.0, 21]","[111.0, 21]","[115.86, 14]","[117.0, 14]",113.93,70,3.86,0.2
07:35:56,"[112.0, 36]","[111.0, 42]","[113.87, 46]","[114.67, 36]",112.93,160,1.87,-0.03
07:35:57,"[111.24, 25]","[110.1, 186]","[113.0, 22]","[151.83, 53]",112.12,286,1.76,0.48
07:35:58,"[110.01, 196]","[108.29, 168]","[113.95, 37]","[175.2, 45]",111.98,446,3.94,0.63
07:35:59,"[110.01, 229]","[108.2, 213]","[112.96, 46]","[369.58, 50]",111.48,538,2.95,0.64
07:36:00,"[110.0, 217]","[108.0, 160]","[111.44, 36]","[112.76, 42]",110.72,455,1.44,0.66
07:36:01,"[110.11, 57]","[108.4, 120]","[115.17, 24]","[427.33, 49]",112.64,250,5.06,0.42
07:36:02,"[107.17, 53]","[106.0, 42]","[178.5, 16]","[505.12, 40]",142.83,151,71.33,0.26
07:36:03,"[106.14, 84]","[104.14, 63]","[351.39, 46]","[507.19, 58]",228.77,251,245.25,0.17
07:36:04,"[108.67, 30]","[107.64, 66]","[228.31, 39]","[315.51, 53]",168.49,188,119.64,0.02
07:36:05,"[110.92, 24]","[108.0, 72]","[212.17, 54]","[298.49, 47]",161.54,197,101.25,-0.03
07:36:06,"[112.0, 10]","[108.0, 48]","[150.35, 37]","[151.81, 26]",131.18,121,38.35,-0.04
07:36:07,"[108.0, 19]","[106.0, 66]","[137.67, 49]","[143.29, 28]",122.84,162,29.67,0.05
07:36:08,"[108.0, 6]","[106.0, 36]","[137.0, 30]","[139.0, 12]",122.5,84,29.0,0.0
07:36:09,"[111.94, 65]","[108.95, 19]","[136.56, 45]","[139.0, 18]",124.25,147,24.62,0.14
07:36:10,"[112.0, 80]","[111.0, 20]","[135.0, 50]","[139.0, 20]",123.5,170,23.0,0.18
07:36:11,"[112.0, 74]","[111.0, 20]","[134.9, 50]","[361.4, 20]",123.45,164,22.9,0.15
07:36:12,"[112.0, 64]","[111.0, 18]","[132.89, 27]","[134.0, 45]",122.44,154,20.89,0.06
07:36:13,"[112.0, 79]","[111.0, 20]","[129.6, 30]","[134.0, 50]",120.8,179,17.6,0.11
07:36:14,"[112.0, 63]","[111.0, 18]","[128.0, 27]","[134.0, 45]",120.0,153,16.0,0.06
07:36:15,"[112.0, 93]","[111.0, 28]","[126.68, 38]","[129.16, 62]",119.34,221,14.68,0.1
07:36:16,"[112.0, 26]","[111.0, 26]","[122.61, 33]","[124.0, 47]",117.3,132,10.61,-0.21
07:36:17,"[112.0, 22]","[111.0, 22]","[118.81, 37]","[120.27, 33]",115.41,114,6.81,-0.23
07:36:18,"[111.86, 28]","[110.62, 42]","[115.08, 53]","[144.83, 63]",113.47,186,3.22,-0.25
07:36:19,"[110.2, 50]","[109.33, 60]","[112.21, 29]","[251.03, 30]",111.2,169,2.01,0.3
07:36:20,"[110.0, 79]","[108.0, 44]","[239.31, 16]","[336.0, 22]",174.66,161,129.31,0.53
07:36:21,"[110.0, 21]","[108.0, 28]","[189.33, 18]","[405.71, 14]",149.67,81,79.33,0.21
07:36:22,"[111.49, 47]","[108.97, 31]","[183.44, 27]","[338.0, 18]",147.47,123,71.96,0.27
07:36:23,"[112.0, 80]","[110.0, 24]","[190.32, 31]","[290.32, 19]",151.16,154,78.32,0.35
07:36:24,"[112.0, 120]","[110.0, 36]","[189.44, 39]","[235.0, 40]",150.72,235,77.44,0.33
07:36:25,"[112.0, 180]","[110.0, 54]","[184.5, 48]","[186.15, 54]",148.25,336,72.5,0.39
07:36:26,"[112.0, 90]","[110.0, 27]","[182.0, 36]","[183.0, 36]",147.0,189,70.0,0.24
07:36:27,"[112.0, 60]","[110.0, 18]","[180.83, 18]","[181.67, 24]",146.42,120,68.83,0.3
07:36:28,"[112.0, 130]","[110.0, 39]","[139.62, 37]","[151.53, 43]",125.81,249,27.62,0.36
07:36:29,"[112.0, 89]","[110.0, 33]","[130.27, 41]","[131.05, 41]",121.13,204,18.27,0.2
07:36:30,"[112.0, 56]","[110.0, 56]","[127.21, 29]","[129.36, 11]",119.6,152,15.21,0.47
07:36:31,"[112.0, 53]","[110.0, 112]","[125.12, 64]","[126.1, 58]",118.56,287,13.12,0.15
07:36:32,"[111.33, 21]","[109.85, 53]","[122.22, 23]","[123.38, 32]",116.78,129,10.88,0.15
07:36:33,"[110.22, 72]","[108.93, 60]","[120.5, 12]","[122.0, 48]",115.36,192,10.28,0.38
07:36:34,"[110.98, 86]","[109.5, 112]","[116.3, 37]","[119.07, 58]",113.64,293,5.32,0.35
07:36:35,"[110.0, 161]","[108.0, 76]","[113.04, 46]","[120.47, 49]",111.52,332,3.04,0.43
07:36:36,"[110.0, 60]","[108.0, 24]","[112.0, 24]","[113.0, 6]",111.0,114,2.0,0.47
07:36:37,"[110.0, 132]","[108.0, 39]","[111.47, 51]","[147.67, 27]",110.74,249,1.47,0.37
07:36:38,"[110.0, 41]","[108.0, 39]","[120.41, 34]","[287.56, 18]",115.21,132,10.41,0.21
07:36:39,"[110.0, 5]","[108.0, 35]","[279.6, 10]","[449.14, 14]",194.8,64,169.6,0.25
07:36:40,"[111.0, 72]","[110.0, 9]","[311.22, 23]","[474.38, 26]",211.11,130,200.22,0.25
07:36:41,"[111.08, 36]","[110.6, 15]","[167.0, 18]","[422.18, 22]",139.04,91,55.92,0.12
07:36:42,"[111.8, 15]","[110.57, 21]","[164.79, 34]","[234.5, 28]",138.3,98,52.99,-0.27
07:36:43,"[112.0, 16]","[111.0, 48]","[161.7, 30]","[162.68, 41]",136.85,135,49.7,-0.05
07:36:44,"[112.0, 10]","[111.0, 30]","[158.12, 24]","[158.81, 16]",135.06,80,46.12,0.0
07:36:45,"[112.0, 11]","[111.0, 33]","[155.71, 21]","[156.22, 23]",133.86,88,43.71,0.0
07:36:46,"[112.0, 16]","[111.0, 48]","[152.87, 30]","[154.42, 52]",132.43,146,40.87,-0.12
07:36:47,"[112.0, 13]","[111.0, 39]","[115.94, 16]","[128.69, 29]",113.97,97,3.94,0.07
07:36:48,"[108.23, 52]","[107.22, 37]","[112.8, 20]","[115.33, 15]",110.52,124,4.57,0.44
07:36:49,"[108.19, 54]","[107.11, 63]","[111.41, 22]","[112.27, 26]",109.8,165,3.22,0.42
07:36:50,"[107.17, 72]","[105.54, 52]","[109.39, 31]","[111.94, 18]",108.28,173,2.22,0.43
07:36:51,"[90.26, 78]","[84.24, 49]","[105.59, 29]","[220.55, 53]",97.92,209,15.33,0.22
07:36:52,"[97.57, 14]","[85.48, 46]","[101.76, 25]","[112.6, 35]",99.67,120,4.19,0.0
07:36:53,"[100.79, 67]","[88.9, 39]","[102.0, 56]","[411.75, 48]",101.4,210,1.21,0.01
07:36:54,"[101.71, 31]","[96.0, 45]","[208.56, 25]","[376.23, 44]",155.13,145,106.85,0.05
07:36:55,"[104.65, 20]","[90.91, 44]","[182.0, 16]","[541.29, 28]",143.32,108,77.35,0.19
07:36:56,"[104.0, 9]","[80.88, 33]","[182.0, 18]","[417.29, 21]",143.0,81,78.0,0.04
07:36:57,"[105.1, 10]","[91.07, 82]","[201.25, 16]","[346.12, 24]",153.18,132,96.15,0.39
07:36:58,"[93.14, 92]","[84.68, 22]","[205.0, 10]","[298.69, 13]",149.07,137,111.86,0.66
07:36:59,"[81.0, 91]","[32.86, 21]","[104.0, 7]","[289.24, 17]",92.5,136,23.0,0.65
07:37:00,"[85.11, 114]","[46.46, 82]","[215.83, 24]","[379.34, 47]",150.47,267,130.73,0.47
07:37:01,"[108.0, 80]","[104.16, 38]","[309.08, 25]","[380.71, 34]",208.54,177,201.08,0.33
07:37:02,"[108.39, 62]","[105.22, 55]","[333.77, 13]","[425.69, 48]",221.08,178,225.38,0.31
07:37:03,"[108.51, 47]","[105.67, 48]","[308.26, 23]","[361.74, 35]",208.39,153,199.75,0.24
07:37:04,"[109.69, 39]","[106.98, 47]","[172.0, 10]","[284.0, 19]",140.85,115,62.31,0.5
07:37:05,"[110.0, 36]","[108.0, 30]","[171.25, 12]","[308.11, 9]",140.62,87,61.25,0.52
07:37:06,"[110.0, 42]","[108.0, 35]","[170.29, 21]","[331.64, 25]",140.14,123,60.29,0.25
07:37:07,"[110.0, 42]","[108.0, 35]","[151.73, 11]","[170.18, 17]",130.86,105,41.73,0.47
07:37:08,"[110.0, 48]","[108.0, 40]","[130.0, 18]","[167.43, 14]",120.0,120,20.0,0.47
07:37:09,"[110.0, 54]","[108.0, 45]","[128.78, 27]","[302.67, 36]",119.39,162,18.78,0.22
07:37:10,"[110.0, 72]","[107.67, 54]","[127.67, 36]","[323.0, 12]",118.83,174,17.67,0.45
07:37:11,"[111.27, 66]","[109.06, 51]","[126.6, 30]","[295.84, 19]",118.94,166,15.33,0.41
07:37:12,"[112.0, 35]","[110.0, 30]","[125.0, 15]","[234.12, 17]",118.5,97,13.0,0.34
07:37:13,"[110.48, 33]","[108.57, 42]","[125.0, 21]","[221.08, 25]",117.74,121,14.52,0.24
07:37:14,"[110.0, 39]","[108.0, 75]","[124.82, 33]","[257.5, 30]",117.41,177,14.82,0.29
07:37:15,"[111.49, 47]","[108.74, 57]","[123.74, 23]","[163.38, 39]",117.61,166,12.25,0.25
07:37:16,"[110.55, 22]","[108.22, 81]","[121.6, 15]","[123.86, 29]",116.07,147,11.05,0.4
07:37:17,"[110.0, 16]","[108.0, 72]","[120.5, 12]","[121.1, 20]",115.25,120,10.5,0.47
07:37:18,"[110.2, 41]","[108.27, 73]","[119.21, 19]","[120.71, 17]",114.7,150,9.02,0.52
07:37:19,"[111.82, 44]","[110.0, 55]","[118.14, 21]","[119.04, 23]",114.98,143,6.32,0.38
07:37:20,"[112.0, 45]","[110.0, 60]","[115.67, 36]","[116.64, 22]",113.83,163,3.67,0.29
07:37:21,"[112.0, 53]","[110.0, 70]","[114.11, 18]","[115.14, 42]",113.06,183,2.11,0.34
07:37:22,"[112.0, 22]","[110.0, 55]","[114.17, 23]","[115.27, 33]",113.09,133,2.17,0.16
07:37:23,"[112.0, 10]","[110.0, 50]","[113.0, 30]","[114.0, 30]",112.5,120,1.0,0.0
07:37:24,"[110.0, 25]","[108.34, 41]","[112.1, 30]","[242.82, 34]",111.05,130,2.1,0.02
07:37:25,"[105.39, 23]","[94.24, 17]","[112.0, 27]","[312.67, 36]",108.7,103,6.61,-0.22
07:37:26,"[105.06, 70]","[102.47, 38]","[111.3, 30]","[314.0, 40]",108.18,178,6.24,0.21
07:37:27,"[106.17, 47]","[105.0, 90]","[110.3, 30]","[240.2, 40]",108.24,207,4.13,0.32
07:37:28,"[107.0, 64]","[104.69, 104]","[168.59, 44]","[280.39, 62]",137.8,274,61.59,0.23
07:37:29,"[104.75, 64]","[102.61, 46]","[274.77, 26]","[304.11, 38]",189.76,174,170.02,0.26
07:37:30,"[107.6, 40]","[105.0, 42]","[188.36, 14]","[241.5, 16]",147.98,112,80.76,0.46
07:37:31,"[111.0, 24]","[110.0, 8]","[203.6, 5]","[472.2, 10]",157.3,47,92.6,0.36
07:37:32,"[111.0, 24]","[110.0, 20]","[238.0, 14]","[239.0, 16]",174.5,74,127.0,0.19
07:37:33,"[111.0, 24]","[110.0, 24]","[170.0, 24]","[237.2, 20]",140.5,92,59.0,0.04
07:37:34,"[111.33, 9]","[110.5, 12]","[205.67, 12]","[237.5, 8]",158.5,41,94.33,0.02
07:37:35,"[112.0, 74]","[111.0, 20]","[236.33, 18]","[237.33, 12]",174.17,124,124.33,0.52
07:37:36,"[112.0, 63]","[111.0, 14]","[234.38, 8]","[235.85, 13]",173.19,98,122.38,0.57
07:37:37,"[112.0, 168]","[111.0, 30]","[201.85, 26]","[213.88, 34]",156.92,258,89.85,0.53
07:37:38,"[112.0, 80]","[111.0, 12]","[188.33, 6]","[189.71, 14]",150.17,112,76.33,0.64
07:37:39,"[112.0, 144]","[111.0, 18]","[187.2, 10]","[188.1, 10]",149.6,182,75.2,0.78
07:37:40,"[112.0, 161]","[111.0, 22]","[183.67, 12]","[185.75, 20]",147.83,215,71.67,0.7
07:37:41,"[112.0, 143]","[111.0, 26]","[179.17, 18]","[180.2, 15]",145.58,202,67.17,0.67
07:37:42,"[112.0, 137]","[111.0, 26]","[174.45, 20]","[177.15, 13]",143.22,196,62.45,0.66
07:37:43,"[112.0, 108]","[111.0, 24]","[165.12, 32]","[167.77, 31]",138.56,195,53.12,0.35
07:37:44,"[112.0, 93]","[111.0, 30]","[160.18, 22]","[162.66, 35]",136.09,180,48.18,0.37
07:37:45,"[112.0, 126]","[111.0, 28]","[147.36, 28]","[157.2, 20]",129.68,202,35.36,0.52
07:37:46,"[112.0, 111]","[110.86, 28]","[154.5, 16]","[155.87, 23]",133.25,178,42.5,0.56
07:37:47,"[112.0, 82]","[110.83, 47]","[151.85, 27]","[153.17, 18]",131.93,174,39.85,0.48
07:37:48,"[112.0, 66]","[111.0, 33]","[149.55, 31]","[151.57, 14]",130.77,144,37.55,0.38
07:37:49,"[112.0, 47]","[111.0, 36]","[148.55, 22]","[149.55, 22]",130.27,127,36.55,0.31
07:37:50,"[112.0, 5]","[111.0, 15]","[146.6, 10]","[147.6, 10]",129.3,40,34.6,0.0
07:37:51,"[112.0, 14]","[111.0, 42]","[143.74, 27]","[144.79, 28]",127.87,111,31.74,0.01
07:37:52,"[110.22, 27]","[109.29, 21]","[138.08, 12]","[140.2, 15]",124.15,75,27.86,0.28
07:37:53,"[110.0, 44]","[108.0, 22]","[135.36, 22]","[136.22, 18]",122.68,106,25.36,0.25
07:37:54,"[110.0, 43]","[108.0, 22]","[133.67, 18]","[135.11, 19]",121.83,102,23.67,0.27
07:37:55,"[107.05, 19]","[104.71, 14]","[131.64, 28]","[132.22, 18]",119.35,79,24.59,-0.16
07:37:56,"[106.24, 34]","[97.86, 59]","[129.19, 31]","[130.29, 31]",117.71,155,22.96,0.2
07:37:57,"[103.0, 44]","[94.96, 92]","[126.82, 22]","[128.25, 24]",114.91,182,23.82,0.49
07:37:58,"[103.0, 36]","[88.0, 18]","[123.33, 33]","[124.38, 21]",113.17,108,20.33,0.0
07:37:59,"[103.0, 40]","[90.0, 70]","[121.8, 49]","[122.48, 25]",112.4,184,18.8,0.2
07:38:00,"[110.61, 71]","[73.22, 36]","[118.78, 64]","[119.44, 50]",114.69,221,8.18,-0.03
07:38:01,"[112.0, 89]","[103.0, 13]","[115.65, 40]","[116.72, 47]",113.83,189,3.65,0.08
07:38:02,"[112.0, 205]","[103.0, 13]","[113.1, 61]","[114.11, 37]",112.55,316,1.1,0.38
07:38:03,"[112.0, 68]","[103.0, 8]","[113.11, 28]","[302.75, 16]",112.55,120,1.11,0.27
07:38:04,"[112.0, 49]","[105.28, 18]","[310.36, 28]","[570.95, 38]",211.18,133,198.36,0.01
07:38:05,"[108.77, 52]","[108.0, 14]","[398.61, 38]","[707.61, 38]",253.69,142,289.84,-0.07
07:38:06,"[106.0, 56]","[103.0, 15]","[372.75, 16]","[699.7, 20]",239.38,107,266.75,0.33
07:38:07,"[106.0, 43]","[103.0, 155]","[291.0, 55]","[435.0, 11]",198.5,264,185.0,0.5
07:38:08,"[106.0, 10]","[103.1, 10]","[288.43, 42]","[510.24, 33]",197.21,95,182.43,-0.58
07:38:09,"[89.62, 73]","[79.56, 95]","[240.47, 34]","[275.25, 40]",165.04,242,150.85,0.39
07:38:10,"[56.0, 28]","[36.0, 36]","[100.07, 29]","[107.0, 49]",78.03,142,44.07,-0.1
07:38:11,"[90.0, 16]","[87.92, 100]","[99.33, 12]","[159.67, 18]",94.67,146,9.33,0.59
07:38:12,"[88.0, 18]","[83.62, 42]","[100.22, 9]","[272.0, 12]",94.11,81,12.22,0.48
07:38:13,"[64.4, 10]","[21.32, 19]","[99.71, 7]","[333.56, 9]",82.06,45,35.31,0.29
07:38:14,"[84.2, 10]","[17.2, 25]","[102.0, 5]","[422.0, 14]",93.1,54,17.8,0.3
07:38:15,"[89.0, 10]","[54.0, 25]","[102.0, 21]","[252.38, 13]",95.5,69,13.0,0.01
07:38:16,"[62.0, 42]","[0, 0]","[102.0, 27]","[413.0, 12]",82.0,81,40.0,0.04
07:38:17,"[62.0, 8]","[21.0, 20]","[257.5, 8]","[432.0, 8]",159.75,44,195.5,0.27
07:38:18,"[110.0, 12]","[62.0, 6]","[432.33, 6]","[541.0, 6]",271.17,30,322.33,0.2
07:38:19,"[110.0, 12]","[73.16, 31]","[369.8, 10]","[451.0, 10]",239.9,63,259.8,0.37
07:38:20,"[111.0, 8]","[108.4, 20]","[117.0, 8]","[392.82, 11]",114.0,47,6.0,0.19
07:38:21,"[112.0, 20]","[110.0, 20]","[115.2, 35]","[161.35, 23]",113.6,98,3.2,-0.18
07:38:22,"[112.0, 40]","[110.95, 38]","[113.79, 38]","[114.75, 32]",112.89,148,1.79,0.05
07:38:23,"[111.71, 51]","[110.51, 71]","[204.3, 37]","[202.55, 44]",158.0,203,92.59,0.2
07:38:24,"[110.0, 60]","[108.0, 100]","[238.09, 32]","[243.25, 32]",174.05,224,128.09,0.43
07:38:25,"[110.0, 36]","[108.0, 60]","[225.0, 18]","[232.0, 22]",167.5,136,115.0,0.41
07:38:26,"[110.0, 72]","[108.0, 64]","[167.0, 35]","[178.91, 32]",138.5,203,57.0,0.34
07:38:27,"[110.0, 36]","[108.0, 36]","[144.0, 18]","[145.0, 18]",127.0,108,34.0,0.33
07:38:28,"[110.0, 60]","[108.0, 60]","[141.68, 40]","[143.1, 30]",125.84,190,31.68,0.26
07:38:29,"[110.0, 66]","[108.0, 66]","[138.03, 37]","[139.45, 47]",124.01,216,28.03,0.22
07:38:30,"[110.0, 42]","[108.0, 54]","[133.54, 35]","[134.55, 33]",121.77,164,23.54,0.17
07:38:31,"[110.0, 8]","[108.0, 24]","[130.61, 18]","[132.25, 12]",120.31,62,20.61,0.03
07:38:32,"[110.0, 16]","[108.0, 48]","[127.25, 24]","[128.73, 26]",118.62,114,17.25,0.12
07:38:33,"[109.08, 26]","[107.67, 48]","[125.09, 33]","[126.09, 33]",117.08,140,16.01,0.06
07:38:34,"[108.0, 23]","[106.0, 22]","[122.05, 43]","[122.85, 39]",115.02,127,14.05,-0.29
07:38:35,"[108.6, 40]","[106.22, 27]","[116.4, 45]","[118.33, 45]",112.5,157,7.8,-0.15
07:38:36,"[110.75, 16]","[107.38, 13]","[113.0, 25]","[114.44, 25]",111.88,79,2.25,-0.27
07:38:37,"[104.74, 39]","[100.79, 28]","[109.17, 18]","[184.54, 26]",106.96,111,4.42,0.21
07:38:38,"[54.93, 28]","[40.08, 24]","[107.0, 12]","[129.6, 20]",80.96,84,52.07,0.24
07:38:39,"[94.93, 56]","[65.0, 14]","[103.76, 21]","[171.24, 25]",99.35,116,8.83,0.21
07:38:40,"[65.57, 28]","[29.42, 24]","[99.67, 12]","[101.0, 36]",82.62,100,34.1,0.04
07:38:41,"[63.67, 12]","[55.6, 10]","[98.0, 3]","[101.0, 9]",80.83,34,34.33,0.29
07:38:42,"[65.56, 36]","[63.0, 36]","[97.0, 9]","[100.72, 29]",81.28,110,31.44,0.31
07:38:43,"[67.76, 33]","[62.82, 33]","[95.1, 29]","[96.91, 35]",81.43,130,27.35,0.02
07:38:44,"[92.53, 15]","[65.86, 28]","[95.0, 14]","[96.31, 52]",93.77,109,2.47,-0.21
07:38:45,"[94.0, 27]","[86.15, 13]","[97.56, 41]","[100.38, 32]",95.78,113,3.56,-0.29
07:38:46,"[96.17, 36]","[95.08, 36]","[101.64, 28]","[104.67, 92]",98.9,192,5.48,-0.25
07:38:47,"[99.33, 36]","[77.43, 74]","[102.0, 86]","[225.5, 12]",100.67,208,2.67,0.06
07:38:48,"[103.2, 15]","[76.88, 24]","[140.5, 12]","[386.35, 17]",121.85,68,37.3,0.15
07:38:49,"[101.22, 23]","[79.54, 13]","[120.0, 8]","[749.25, 32]",110.61,76,18.78,-0.05
07:38:50,"[110.4, 45]","[106.26, 31]","[513.65, 17]","[669.44, 36]",312.02,129,403.25,0.18
07:38:51,"[112.0, 41]","[108.0, 10]","[527.0, 10]","[622.25, 16]",319.5,77,415.0,0.32
07:38:52,"[112.0, 24]","[108.0, 6]","[422.0, 6]","[685.33, 12]",267.0,48,310.0,0.25
07:38:53,"[112.0, 68]","[108.0, 20]","[439.25, 32]","[641.0, 16]",275.62,136,327.25,0.29
07:38:54,"[112.0, 50]","[108.23, 13]","[530.0, 28]","[0, 0]",321.0,91,418.0,0.38
07:38:55,"[112.0, 64]","[111.0, 10]","[411.0, 40]","[0, 0]",261.5,114,299.0,0.3
07:38:56,"[112.0, 24]","[111.0, 6]","[509.0, 24]","[0, 0]",310.5,54,397.0,0.11
07:38:57,"[112.0, 29]","[111.0, 8]","[427.97, 37]","[508.19, 31]",269.99,105,315.97,-0.3
07:38:58,"[112.0, 13]","[111.0, 13]","[135.62, 63]","[153.93, 54]",123.81,143,23.62,-0.64
07:38:59,"[110.0, 110]","[108.0, 22]","[132.18, 55]","[169.6, 50]",121.09,237,22.18,0.11
07:39:00,"[110.0, 120]","[108.0, 24]","[129.33, 60]","[131.0, 60]",119.67,264,19.33,0.09
07:39:01,"[110.0, 80]","[108.0, 18]","[127.38, 40]","[128.75, 40]",118.69,178,17.38,0.1
07:39:02,"[109.9, 116]","[107.69, 39]","[125.38, 65]","[126.38, 65]",117.64,285,15.49,0.09
07:39:03,"[107.29, 28]","[104.75, 48]","[122.45, 55]","[123.55, 55]",114.87,186,15.17,-0.18
07:39:04,"[106.69, 26]","[104.4, 60]","[121.14, 70]","[123.0, 70]",113.92,226,14.45,-0.24
07:39:05,"[108.29, 14]","[104.2, 40]","[118.2, 50]","[123.0, 50]",113.24,154,9.91,-0.3
07:39:06,"[110.0, 16]","[106.0, 8]","[115.25, 40]","[118.12, 40]",112.62,104,5.25,-0.54
07:39:07,"[110.0, 18]","[106.0, 9]","[112.0, 45]","[113.0, 45]",111.0,117,2.0,-0.54
07:39:08,"[107.6, 10]","[104.11, 38]","[111.0, 36]","[228.21, 19]",109.3,103,3.4,-0.07
07:39:09,"[104.74, 19]","[102.52, 46]","[109.45, 33]","[150.78, 18]",107.1,116,4.72,0.12
07:39:10,"[106.18, 66]","[99.74, 62]","[108.8, 55]","[251.88, 32]",107.49,215,2.62,0.19
07:39:11,"[105.0, 89]","[104.0, 60]","[108.0, 40]","[403.94, 36]",106.5,225,3.0,0.32
07:39:12,"[104.96, 54]","[101.64, 33]","[182.79, 24]","[469.5, 36]",143.88,147,77.83,0.18
07:39:13,"[105.0, 56]","[103.93, 84]","[238.94, 17]","[425.38, 32]",171.97,189,133.94,0.48
07:39:14,"[104.1, 31]","[100.4, 35]","[223.27, 11]","[358.78, 45]",163.68,122,119.18,0.08
07:39:15,"[103.0, 7]","[99.46, 13]","[226.29, 7]","[249.0, 28]",164.64,55,123.29,-0.27
07:39:16,"[109.7, 43]","[81.0, 24]","[224.08, 13]","[449.59, 51]",166.89,131,114.38,0.02
07:39:17,"[112.0, 144]","[103.0, 9]","[217.1, 39]","[259.47, 15]",164.55,207,105.1,0.48
07:39:18,"[112.0, 160]","[104.0, 12]","[168.0, 22]","[182.26, 38]",140.0,232,56.0,0.48
07:39:19,"[112.0, 240]","[106.0, 30]","[150.21, 71]","[165.26, 19]",131.11,360,38.21,0.5
07:39:20,"[112.0, 107]","[111.0, 24]","[151.61, 28]","[165.75, 20]",131.8,179,39.61,0.46
07:39:21,"[112.0, 195]","[111.0, 45]","[159.69, 42]","[161.1, 52]",135.85,334,47.69,0.44
07:39:22,"[112.0, 218]","[111.0, 51]","[153.89, 61]","[154.26, 35]",132.94,365,41.89,0.47
07:39:23,"[112.0, 161]","[111.0, 51]","[150.44, 41]","[150.81, 21]",131.22,274,38.44,0.55
07:39:24,"[112.0, 44]","[111.0, 33]","[145.91, 35]","[146.37, 27]",128.96,139,33.91,0.11
07:39:25,"[112.0, 20]","[111.0, 30]","[143.14, 28]","[145.32, 34]",127.57,112,31.14,-0.11
07:39:26,"[111.08, 26]","[108.33, 27]","[141.2, 25]","[142.19, 47]",126.14,125,30.12,-0.15
07:39:27,"[111.0, 30]","[106.74, 38]","[133.29, 41]","[136.26, 61]",122.15,170,22.29,-0.2
07:39:28,"[111.86, 28]","[109.64, 22]","[129.59, 34]","[130.82, 38]",120.72,122,17.73,-0.18
07:39:29,"[111.83, 36]","[110.31, 26]","[125.45, 60]","[126.29, 45]",118.64,167,13.62,-0.26
07:39:30,"[111.96, 75]","[110.36, 14]","[121.95, 37]","[122.95, 60]",116.95,186,9.99,-0.04
07:39:31,"[112.0, 66]","[111.0, 11]","[118.62, 45]","[119.3, 47]",115.31,169,6.62,-0.09
07:39:32,"[112.0, 59]","[111.0, 11]","[113.58, 48]","[114.77, 39]",112.79,157,1.58,-0.11
07:39:33,"[111.33, 9]","[110.0, 11]","[113.77, 26]","[116.27, 33]",112.55,79,2.44,-0.49
07:39:34,"[105.27, 22]","[103.96, 78]","[111.66, 62]","[113.46, 70]",108.47,232,6.39,-0.14
07:39:35,"[104.0, 18]","[103.0, 9]","[109.53, 15]","[110.53, 38]",106.77,80,5.53,-0.33
07:39:36,"[104.0, 18]","[103.0, 9]","[106.63, 38]","[108.33, 30]",105.32,95,2.63,-0.43
07:39:37,"[103.33, 6]","[72.75, 8]","[104.75, 16]","[105.86, 14]",104.04,44,1.42,-0.36
07:39:38,"[68.0, 12]","[36.83, 12]","[104.27, 15]","[105.17, 12]",86.13,51,36.27,-0.06
07:39:39,"[55.7, 20]","[31.33, 18]","[99.38, 21]","[101.67, 9]",77.54,68,43.68,0.12
07:39:40,"[92.31, 32]","[44.2, 20]","[148.05, 22]","[307.85, 20]",120.18,94,55.73,0.11
07:39:41,"[100.88, 16]","[97.45, 11]","[301.76, 21]","[576.8, 15]",201.32,63,200.89,-0.14
07:39:42,"[103.0, 15]","[101.5, 12]","[182.0, 9]","[530.25, 24]",142.5,60,79.0,-0.1
07:39:43,"[104.97, 105]","[103.96, 23]","[364.0, 31]","[614.53, 30]",234.49,189,259.03,0.35
07:39:44,"[107.04, 51]","[106.0, 45]","[404.38, 29]","[640.85, 26]",255.71,151,297.34,0.27
07:39:45,"[108.95, 19]","[104.78, 23]","[119.0, 24]","[501.75, 16]",113.97,82,10.05,0.02
07:39:46,"[109.71, 21]","[104.0, 84]","[119.0, 21]","[507.57, 14]",114.36,140,9.29,0.5
07:39:47,"[111.0, 27]","[104.0, 113]","[463.0, 18]","[646.22, 27]",287.0,185,352.0,0.51
07:39:48,"[111.0, 30]","[104.0, 130]","[304.88, 34]","[542.43, 23]",207.94,217,193.88,0.47
07:39:49,"[111.0, 27]","[104.25, 95]","[463.0, 22]","[666.0, 33]",287.0,177,352.0,0.38
07:39:50,"[111.0, 7]","[110.0, 7]","[463.0, 14]","[692.92, 26]",287.0,54,352.0,-0.48
07:39:51,"[111.86, 35]","[110.5, 10]","[403.29, 21]","[576.23, 30]",257.57,96,291.43,-0.06
07:39:52,"[104.74, 43]","[80.43, 14]","[282.8, 5]","[283.92, 13]",193.77,75,178.06,0.52
07:39:53,"[104.0, 141]","[67.22, 36]","[224.56, 18]","[251.36, 14]",164.28,209,120.56,0.69
07:39:54,"[104.0, 114]","[89.52, 79]","[114.4, 15]","[149.17, 29]",109.2,237,10.4,0.63
07:39:55,"[104.0, 72]","[96.0, 63]","[112.89, 9]","[114.0, 9]",108.44,153,8.89,0.76
07:39:56,"[104.1, 62]","[97.86, 56]","[110.78, 9]","[113.0, 9]",107.44,136,6.68,0.74
07:39:57,"[107.08, 25]","[105.33, 33]","[110.0, 11]","[111.0, 11]",108.54,80,2.92,0.45
07:39:58,"[105.15, 39]","[93.63, 38]","[129.64, 11]","[237.59, 29]",117.4,117,24.48,0.32
07:39:59,"[104.0, 45]","[72.32, 19]","[264.94, 34]","[414.44, 36]",184.47,134,160.94,-0.04
07:40:00,"[106.18, 38]","[84.6, 53]","[272.07, 41]","[461.61, 23]",189.13,155,165.89,0.17
07:40:01,"[112.0, 53]","[107.99, 73]","[201.92, 37]","[280.82, 22]",156.96,185,89.92,0.36
07:40:02,"[112.0, 120]","[107.0, 15]","[134.57, 51]","[170.13, 39]",123.28,225,22.57,0.2
07:40:03,"[112.0, 125]","[107.75, 20]","[129.3, 47]","[130.77, 53]",120.65,245,17.3,0.18
07:40:04,"[112.0, 52]","[108.0, 13]","[125.08, 25]","[126.95, 40]",118.54,130,13.08,0.0
07:40:05,"[112.0, 72]","[108.0, 11]","[121.57, 21]","[122.64, 28]",116.79,132,9.57,0.26
07:40:06,"[112.0, 99]","[108.0, 9]","[119.0, 36]","[121.0, 9]",115.5,153,7.0,0.41
07:40:07,"[112.0, 90]","[108.0, 9]","[118.2, 20]","[119.06, 33]",115.1,152,6.2,0.3
07:40:08,"[112.0, 46]","[108.0, 7]","[116.93, 15]","[117.83, 24]",114.47,92,4.93,0.15
07:40:09,"[112.0, 23]","[108.0, 5]","[113.25, 16]","[223.55, 11]",112.62,55,1.25,0.02
07:40:10,"[110.94, 34]","[109.5, 12]","[114.0, 20]","[389.62, 39]",112.47,105,3.06,-0.12
07:40:11,"[112.0, 5]","[111.0, 25]","[114.0, 10]","[296.0, 20]",113.0,60,2.0,0.0
07:40:12,"[111.42, 12]","[110.88, 32]","[113.25, 16]","[414.0, 32]",112.33,92,1.83,-0.04
07:40:13,"[110.0, 9]","[108.0, 9]","[111.56, 18]","[405.53, 34]",110.78,70,1.56,-0.49
07:40:14,"[110.0, 44]","[108.0, 8]","[190.5, 16]","[366.0, 24]",150.25,92,80.5,0.13
07:40:15,"[110.0, 12]","[108.0, 12]","[217.08, 26]","[343.91, 44]",163.54,94,107.08,-0.49
07:40:16,"[112.0, 48]","[110.0, 12]","[172.0, 24]","[269.0, 48]",142.0,132,60.0,-0.09
07:40:17,"[112.0, 48]","[110.0, 12]","[170.57, 42]","[232.0, 34]",141.29,136,58.57,-0.12
07:40:18,"[112.0, 37]","[110.0, 7]","[169.0, 28]","[267.86, 21]",140.5,93,57.0,-0.05
07:40:19,"[112.0, 98]","[110.0, 14]","[167.57, 56]","[317.21, 38]",139.79,206,55.57,0.09
07:40:20,"[112.0, 63]","[110.0, 9]","[166.56, 36]","[288.0, 18]",139.28,126,54.56,0.14
07:40:21,"[112.0, 18]","[110.0, 9]","[166.0, 36]","[286.11, 18]",139.0,81,54.0,-0.33
07:40:22,"[111.75, 16]","[109.27, 11]","[165.62, 32]","[185.38, 26]",138.69,85,53.88,-0.36
07:40:23,"[110.0, 11]","[108.0, 22]","[163.53, 34]","[164.74, 43]",136.76,110,53.53,-0.4
07:40:24,"[107.05, 38]","[106.11, 38]","[160.25, 36]","[163.0, 48]",133.65,160,53.2,-0.05
07:40:25,"[106.0, 126]","[104.22, 46]","[159.78, 27]","[163.0, 36]",132.89,235,53.78,0.46
07:40:26,"[106.0, 108]","[105.0, 24]","[157.0, 39]","[159.07, 45]",131.5,216,51.0,0.22
07:40:27,"[106.0, 85]","[105.0, 26]","[154.0, 39]","[155.0, 52]",130.0,202,48.0,0.1
07:40:28,"[108.2, 44]","[106.52, 29]","[152.21, 42]","[153.18, 49]",130.21,164,44.01,-0.11
07:40:29,"[105.33, 18]","[98.71, 34]","[151.0, 18]","[153.0, 24]",128.17,94,45.67,0.11
07:40:30,"[104.0, 11]","[94.11, 53]","[151.0, 42]","[229.65, 31]",127.5,137,47.0,-0.07
07:40:31,"[104.0, 8]","[98.5, 30]","[149.0, 24]","[150.0, 32]",126.5,94,45.0,-0.19
07:40:32,"[85.15, 46]","[74.38, 29]","[148.47, 40]","[149.82, 51]",116.81,166,63.32,-0.1
07:40:33,"[95.77, 52]","[74.85, 39]","[144.18, 34]","[145.22, 36]",119.97,161,48.41,0.13
07:40:34,"[102.0, 70]","[85.43, 42]","[140.96, 53]","[142.2, 50]",121.48,215,38.96,0.04
07:40:35,"[100.92, 50]","[73.43, 42]","[138.1, 41]","[139.13, 46]",119.51,179,37.18,0.03
07:40:36,"[93.67, 55]","[74.75, 24]","[136.33, 36]","[138.0, 27]",115.0,142,42.66,0.11
07:40:37,"[105.0, 80]","[104.0, 10]","[134.55, 42]","[135.7, 40]",119.77,172,29.55,0.05
07:40:38,"[105.83, 96]","[104.0, 12]","[130.42, 48]","[131.47, 51]",118.12,207,24.58,0.04
07:40:39,"[107.92, 50]","[106.93, 41]","[125.77, 61]","[127.68, 60]",116.85,212,17.85,-0.14
07:40:40,"[108.19, 84]","[106.29, 75]","[120.64, 44]","[121.56, 50]",114.41,253,12.45,0.26
07:40:41,"[111.52, 92]","[107.89, 151]","[116.74, 61]","[117.8, 59]",114.13,363,5.22,0.34
07:40:42,"[112.0, 68]","[108.0, 154]","[113.43, 49]","[114.57, 49]",112.71,320,1.43,0.39
07:40:43,"[108.86, 37]","[107.16, 76]","[112.8, 30]","[113.69, 26]",110.83,169,3.94,0.34
07:40:44,"[108.0, 72]","[106.08, 78]","[110.61, 46]","[112.21, 38]",109.3,234,2.61,0.28
07:40:45,"[108.0, 45]","[106.0, 80]","[109.76, 37]","[111.27, 33]",108.88,195,1.76,0.28
07:40:46,"[107.35, 49]","[105.93, 94]","[109.44, 50]","[114.46, 39]",108.39,232,2.09,0.23
07:40:47,"[106.0, 18]","[105.0, 20]","[112.0, 12]","[237.0, 6]",109.0,56,6.0,0.36
07:40:48,"[106.0, 27]","[105.0, 45]","[111.33, 27]","[391.13, 15]",108.67,114,5.33,0.26
07:40:49,"[106.0, 33]","[105.0, 65]","[210.26, 31]","[333.59, 39]",158.13,168,104.26,0.17
07:40:50,"[106.0, 12]","[104.0, 6]","[346.71, 21]","[396.09, 22]",226.36,61,240.71,-0.41
07:40:51,"[112.0, 120]","[106.0, 24]","[255.86, 28]","[413.78, 32]",183.93,204,143.86,0.41
07:40:52,"[112.0, 80]","[106.0, 16]","[164.96, 23]","[221.42, 24]",138.48,143,52.96,0.34
07:40:53,"[112.0, 70]","[105.6, 30]","[137.11, 18]","[143.73, 22]",124.56,140,25.11,0.43
07:40:54,"[112.0, 120]","[109.8, 81]","[133.6, 40]","[134.62, 32]",122.8,273,21.6,0.47
07:40:55,"[112.0, 109]","[110.0, 77]","[129.95, 40]","[131.0, 26]",120.97,252,17.95,0.48
07:40:56,"[112.0, 132]","[110.0, 126]","[124.38, 64]","[125.5, 64]",118.19,386,12.38,0.34
07:40:57,"[112.0, 70]","[110.0, 70]","[116.71, 28]","[118.0, 36]",114.36,204,4.71,0.37
07:40:58,"[112.0, 91]","[110.17, 93]","[113.47, 60]","[115.82, 44]",112.73,288,1.47,0.28
07:40:59,"[111.03, 58]","[110.54, 52]","[117.0, 30]","[385.07, 15]",114.02,155,5.97,0.42
07:41:00,"[110.0, 88]","[108.0, 16]","[117.0, 16]","[363.6, 10]",113.5,130,7.0,0.6
07:41:01,"[110.0, 93]","[108.0, 18]","[116.71, 17]","[304.93, 28]",113.35,156,6.71,0.42
07:41:02,"[110.69, 91]","[108.78, 102]","[113.19, 31]","[192.62, 29]",111.94,253,2.5,0.53
07:41:03,"[112.0, 113]","[110.0, 128]","[115.74, 35]","[203.76, 51]",113.87,327,3.74,0.47
07:41:04,"[112.0, 45]","[110.06, 85]","[115.27, 30]","[228.82, 33]",113.63,193,3.27,0.35
07:41:05,"[110.72, 25]","[108.12, 75]","[115.0, 14]","[192.0, 9]",112.86,123,4.28,0.63
07:41:06,"[110.0, 56]","[108.0, 252]","[114.0, 28]","[212.76, 34]",112.0,370,4.0,0.66
07:41:07,"[110.0, 50]","[108.0, 198]","[111.73, 22]","[199.0, 11]",110.86,281,1.73,0.77
07:41:08,"[108.2, 60]","[107.71, 84]","[213.0, 8]","[404.69, 13]",160.6,165,104.8,0.75
07:41:09,"[108.0, 126]","[106.0, 28]","[119.14, 7]","[383.14, 21]",113.57,182,11.14,0.69
07:41:10,"[108.0, 108]","[106.0, 24]","[325.67, 9]","[575.09, 11]",216.83,152,217.67,0.74
07:41:11,"[108.0, 180]","[106.0, 40]","[497.09, 23]","[468.65, 37]",302.54,280,389.09,0.57
07:41:12,"[108.4, 80]","[107.38, 52]","[379.44, 18]","[455.0, 27]",243.92,177,271.04,0.49
07:41:13,"[112.0, 36]","[108.0, 162]","[309.89, 45]","[408.73, 15]",210.94,258,197.89,0.53
07:41:14,"[112.0, 44]","[108.24, 102]","[341.0, 55]","[357.0, 11]",226.5,212,229.0,0.38
07:41:15,"[112.0, 28]","[110.0, 14]","[276.88, 32]","[357.47, 19]",194.44,93,164.88,-0.1
07:41:16,"[112.0, 52]","[110.0, 26]","[168.93, 61]","[209.21, 48]",140.47,187,56.93,-0.17
07:41:17,"[112.0, 40]","[110.0, 20]","[166.6, 50]","[209.59, 17]",139.3,127,54.6,-0.06
07:41:18,"[112.0, 26]","[110.0, 20]","[163.1, 50]","[234.16, 43]",137.55,139,51.1,-0.34
07:41:19,"[112.0, 32]","[110.0, 32]","[155.88, 72]","[161.57, 44]",133.94,180,43.88,-0.29
07:41:20,"[111.15, 13]","[108.47, 47]","[152.73, 55]","[154.14, 43]",131.94,158,41.57,-0.24
07:41:21,"[111.47, 15]","[108.85, 33]","[138.83, 42]","[139.75, 53]",125.15,143,27.37,-0.33
07:41:22,"[108.4, 45]","[107.91, 179]","[131.57, 23]","[132.85, 39]",119.98,286,23.17,0.57
07:41:23,"[108.34, 186]","[106.98, 184]","[128.74, 58]","[129.65, 23]",118.54,451,20.4,0.64
07:41:24,"[108.0, 143]","[106.0, 44]","[121.31, 36]","[122.62, 24]",114.65,247,13.31,0.51
07:41:25,"[108.0, 138]","[106.0, 56]","[114.89, 36]","[114.91, 44]",111.44,274,6.89,0.42
07:41:26,"[108.0, 63]","[106.0, 28]","[111.76, 29]","[112.74, 19]",109.88,139,3.76,0.31
07:41:27,"[108.0, 41]","[106.0, 20]","[109.6, 5]","[110.86, 14]",108.8,80,1.6,0.53
07:41:28,"[106.86, 51]","[104.78, 92]","[283.55, 40]","[316.26, 72]",195.21,255,176.69,0.12
07:41:29,"[105.64, 33]","[102.9, 58]","[203.12, 40]","[259.57, 28]",154.38,159,97.49,0.14
07:41:30,"[110.0, 10]","[104.0, 80]","[197.32, 34]","[294.89, 18]",153.66,142,87.32,0.27
07:41:31,"[110.0, 11]","[104.0, 88]","[195.22, 27]","[382.76, 49]",152.61,175,85.22,0.13
07:41:32,"[110.0, 14]","[107.14, 112]","[193.62, 32]","[194.79, 38]",151.81,196,83.62,0.29
07:41:33,"[108.41, 34]","[107.71, 82]","[191.5, 30]","[194.0, 20]",149.96,166,83.09,0.4
07:41:34,"[108.0, 30]","[106.0, 16]","[190.82, 11]","[193.0, 9]",149.41,66,82.82,0.39
07:41:35,"[110.15, 52]","[107.2, 40]","[190.0, 16]","[191.0, 24]",150.08,132,79.85,0.39
07:41:36,"[112.0, 63]","[108.0, 54]","[188.12, 25]","[189.6, 20]",150.06,162,76.12,0.44
07:41:37,"[112.0, 82]","[108.0, 66]","[184.93, 29]","[186.0, 26]",148.47,203,72.93,0.46
07:41:38,"[112.0, 50]","[108.0, 60]","[182.61, 23]","[184.56, 27]",147.3,160,70.61,0.38
07:41:39,"[112.0, 50]","[108.0, 60]","[179.48, 23]","[180.38, 26]",145.74,159,67.48,0.38
07:41:40,"[112.0, 96]","[110.88, 146]","[174.91, 32]","[176.05, 39]",143.45,313,62.91,0.55
07:41:41,"[112.0, 168]","[111.0, 140]","[171.11, 38]","[172.19, 32]",141.55,378,59.11,0.63
07:41:42,"[112.0, 69]","[111.0, 130]","[167.56, 34]","[168.65, 31]",139.78,264,55.56,0.51
07:41:43,"[112.0, 24]","[111.0, 80]","[165.0, 16]","[166.0, 24]",138.5,144,53.0,0.44
07:41:44,"[111.68, 31]","[110.76, 76]","[164.12, 16]","[165.56, 18]",137.9,141,52.45,0.52
07:41:45,"[111.18, 98]","[108.88, 68]","[161.84, 25]","[162.76, 21]",136.51,212,50.66,0.57
07:41:46,"[112.0, 153]","[111.0, 170]","[156.48, 21]","[159.75, 32]",134.24,376,44.48,0.72
07:41:47,"[112.0, 115]","[111.0, 130]","[132.06, 31]","[125.07, 41]",122.03,317,20.06,0.55
07:41:48,"[111.21, 89]","[109.05, 128]","[112.67, 24]","[134.06, 48]",111.94,289,1.45,0.5
07:41:49,"[111.0, 52]","[108.0, 84]","[254.0, 8]","[551.45, 22]",182.5,166,143.0,0.64
07:41:50,"[111.0, 72]","[108.0, 126]","[227.93, 27]","[497.0, 21]",169.46,246,116.93,0.61
07:41:51,"[111.0, 72]","[108.0, 126]","[172.0, 16]","[221.6, 30]",141.5,244,61.0,0.62
07:41:52,"[110.42, 72]","[107.94, 144]","[405.76, 49]","[586.36, 45]",258.09,310,295.34,0.39
07:41:53,"[108.0, 82]","[106.0, 28]","[452.29, 28]","[743.0, 6]",280.14,144,344.29,0.53
07:41:54,"[108.04, 101]","[106.2, 49]","[409.29, 56]","[461.7, 40]",258.66,246,301.25,0.22
07:41:55,"[109.47, 19]","[107.49, 47]","[407.18, 44]","[415.43, 42]",258.33,152,297.71,-0.13
07:41:56,"[108.0, 49]","[105.63, 49]","[403.08, 65]","[405.0, 39]",255.54,202,295.08,-0.03
07:41:57,"[108.05, 38]","[104.57, 42]","[401.06, 48]","[402.42, 64]",254.56,192,293.01,-0.17
07:41:58,"[104.88, 17]","[69.5, 30]","[242.18, 28]","[356.7, 23]",173.53,98,137.3,-0.04
07:41:59,"[104.0, 16]","[56.53, 15]","[241.0, 24]","[380.0, 32]",172.5,87,137.0,-0.29
07:42:00,"[107.2, 20]","[75.22, 18]","[240.58, 36]","[309.43, 37]",173.89,111,133.38,-0.32
07:42:01,"[112.0, 50]","[108.15, 26]","[238.54, 41]","[240.58, 36]",175.27,153,126.54,-0.01
07:42:02,"[112.0, 55]","[110.0, 153]","[216.06, 51]","[225.22, 37]",164.03,296,104.06,0.41
07:42:03,"[112.0, 48]","[110.0, 140]","[181.3, 56]","[206.62, 42]",146.65,286,69.3,0.31
07:42:04,"[112.0, 40]","[110.0, 38]","[126.0, 33]","[187.22, 41]",119.0,152,14.0,0.03
07:42:05,"[109.31, 61]","[108.03, 76]","[124.9, 61]","[125.77, 43]",117.11,241,15.59,0.14
07:42:06,"[108.0, 40]","[106.0, 36]","[124.0, 27]","[125.0, 45]",116.0,148,16.0,0.03
07:42:07,"[108.0, 40]","[106.0, 40]","[121.38, 34]","[122.91, 46]",114.69,160,13.38,0.0
07:42:08,"[108.0, 93]","[106.0, 52]","[116.46, 39]","[200.55, 55]",112.23,239,8.46,0.21
07:42:09,"[108.0, 75]","[106.0, 36]","[114.16, 19]","[139.66, 29]",111.08,159,6.16,0.4
07:42:10,"[108.0, 98]","[106.0, 56]","[112.16, 31]","[114.23, 39]",110.08,224,4.16,0.38
07:42:11,"[108.27, 52]","[106.15, 52]","[188.38, 24]","[325.4, 45]",148.32,173,80.11,0.2
07:42:12,"[108.25, 28]","[106.09, 35]","[263.24, 41]","[590.19, 47]",185.75,151,154.99,-0.17
07:42:13,"[109.73, 66]","[107.0, 11]","[186.42, 52]","[299.23, 39]",148.08,168,76.7,-0.08
07:42:14,"[110.0, 56]","[107.44, 18]","[200.64, 44]","[270.18, 55]",155.32,173,90.64,-0.14
07:42:15,"[110.0, 25]","[108.0, 40]","[199.4, 20]","[392.22, 23]",154.7,108,89.4,0.2
07:42:16,"[111.2, 50]","[108.0, 80]","[199.0, 40]","[233.0, 50]",155.1,220,87.8,0.18
07:42:17,"[112.0, 25]","[108.0, 40]","[199.0, 20]","[233.0, 25]",155.5,110,87.0,0.18
07:42:18,"[112.0, 45]","[110.08, 78]","[198.97, 33]","[229.91, 44]",155.48,200,86.97,0.23
07:42:19,"[112.0, 60]","[111.0, 108]","[188.25, 20]","[193.64, 47]",150.12,235,76.25,0.43
07:42:20,"[112.0, 46]","[111.0, 90]","[177.2, 30]","[192.45, 22]",144.6,188,65.2,0.45
07:42:21,"[112.0, 117]","[111.0, 117]","[114.23, 39]","[173.38, 52]",113.12,325,2.23,0.44
07:42:22,"[112.0, 28]","[111.0, 90]","[113.0, 30]","[319.85, 26]",112.5,174,1.0,0.36
07:42:23,"[112.0, 8]","[111.0, 72]","[113.0, 24]","[150.5, 36]",112.5,140,1.0,0.14
07:42:24,"[111.05, 66]","[108.98, 83]","[136.07, 44]","[423.95, 38]",123.56,231,25.02,0.29
07:42:25,"[111.0, 37]","[108.0, 64]","[232.75, 40]","[642.0, 12]",171.88,153,121.75,0.32
07:42:26,"[111.0, 28]","[108.77, 26]","[365.48, 29]","[529.53, 19]",238.24,102,254.48,0.06
07:42:27,"[111.0, 56]","[110.0, 28]","[166.45, 44]","[184.45, 40]",138.73,168,55.45,0.0
07:42:28,"[110.0, 12]","[108.0, 27]","[163.78, 36]","[164.62, 32]",136.89,107,53.78,-0.27
07:42:29,"[110.0, 9]","[108.0, 27]","[160.89, 36]","[162.44, 36]",135.44,108,50.89,-0.33
07:42:30,"[110.29, 7]","[108.5, 10]","[158.5, 24]","[160.0, 24]",134.39,65,48.21,-0.48
07:42:31,"[108.0, 20]","[107.0, 10]","[155.82, 34]","[157.0, 36]",131.91,100,47.82,-0.4
07:42:32,"[106.4, 25]","[99.32, 41]","[145.33, 30]","[154.33, 30]",125.87,126,38.93,0.05
07:42:33,"[104.0, 40]","[62.0, 30]","[124.73, 22]","[125.8, 20]",114.36,112,20.73,0.25
07:42:34,"[104.0, 48]","[55.41, 34]","[121.62, 32]","[125.0, 32]",112.81,146,17.62,0.12
07:42:35,"[105.18, 51]","[103.67, 72]","[118.85, 54]","[120.11, 54]",112.01,231,13.68,0.06
07:42:36,"[108.0, 27]","[104.0, 54]","[115.56, 36]","[117.0, 18]",111.78,135,7.56,0.2
07:42:37,"[110.5, 36]","[106.1, 63]","[114.0, 56]","[117.0, 28]",112.25,183,3.5,0.08
07:42:38,"[111.09, 22]","[104.64, 66]","[115.64, 33]","[117.57, 37]",113.36,158,4.55,0.11
07:42:39,"[111.0, 10]","[104.56, 25]","[113.43, 28]","[114.94, 34]",112.21,97,2.43,-0.28
07:42:40,"[104.24, 34]","[83.27, 45]","[110.81, 21]","[114.48, 25]",107.52,125,6.57,0.26
07:42:41,"[104.0, 48]","[47.88, 122]","[107.5, 24]","[108.8, 30]",105.75,224,3.5,0.52
07:42:42,"[105.0, 28]","[68.75, 77]","[435.68, 25]","[199.0, 14]",270.34,144,330.68,0.46
07:42:43,"[112.0, 36]","[105.09, 22]","[683.68, 31]","[722.88, 25]",397.84,114,571.68,0.02
07:42:44,"[112.0, 7]","[108.0, 14]","[550.78, 27]","[680.85, 26]",331.39,74,438.78,-0.43
07:42:45,"[112.0, 123]","[108.0, 20]","[389.46, 26]","[594.44, 36]",250.73,205,277.46,0.4
07:42:46,"[112.0, 112]","[108.0, 16]","[591.35, 31]","[678.33, 30]",351.68,189,479.35,0.35
07:42:47,"[112.0, 126]","[108.0, 18]","[302.9, 30]","[474.0, 27]",207.45,201,190.9,0.43
07:42:48,"[112.0, 88]","[108.0, 16]","[425.53, 19]","[453.08, 25]",268.76,148,313.53,0.41
07:42:49,"[112.0, 121]","[108.0, 22]","[391.27, 22]","[488.73, 22]",251.64,187,279.27,0.53
07:42:50,"[112.0, 99]","[108.0, 18]","[388.33, 18]","[497.11, 18]",250.17,153,276.33,0.53
07:42:51,"[112.0, 88]","[108.0, 16]","[352.78, 18]","[489.75, 16]",232.39,138,240.78,0.51
07:42:52,"[112.0, 104]","[108.0, 20]","[329.59, 29]","[354.3, 27]",220.79,180,217.59,0.38
07:42:53,"[112.0, 90]","[110.74, 46]","[230.08, 26]","[246.63, 19]",171.04,181,118.08,0.5
07:42:54,"[112.0, 64]","[111.0, 48]","[229.69, 26]","[230.67, 18]",170.85,156,117.69,0.44
07:42:55,"[112.0, 72]","[111.0, 60]","[227.84, 38]","[229.5, 32]",169.92,202,115.84,0.31
07:42:56,"[112.0, 63]","[111.0, 72]","[169.65, 40]","[207.78, 37]",140.82,212,57.65,0.27
07:42:57,"[112.0, 140]","[111.0, 90]","[131.64, 47]","[132.47, 34]",121.82,311,19.64,0.48
07:42:58,"[112.0, 130]","[111.0, 78]","[120.81, 37]","[122.17, 41]",116.41,286,8.81,0.45
07:42:59,"[112.0, 82]","[111.0, 54]","[119.13, 15]","[120.48, 29]",115.57,180,7.13,0.51
07:43:00,"[112.0, 108]","[111.0, 72]","[114.76, 33]","[116.17, 23]",113.38,236,2.76,0.53
07:43:01,"[111.86, 35]","[110.84, 64]","[113.0, 40]","[145.75, 20]",112.43,159,1.14,0.25
07:43:02,"[111.0, 60]","[110.0, 120]","[112.73, 44]","[155.67, 24]",111.86,248,1.73,0.45
07:43:03,"[111.0, 60]","[110.0, 120]","[112.0, 36]","[113.0, 48]",111.5,264,1.0,0.36
07:43:04,"[110.67, 45]","[109.86, 58]","[113.0, 40]","[159.0, 50]",111.83,193,2.33,0.07
07:43:05,"[110.69, 108]","[110.04, 100]","[112.79, 56]","[158.98, 66]",111.74,330,2.1,0.26
07:43:06,"[110.77, 78]","[109.91, 85]","[206.65, 34]","[277.77, 26]",158.71,223,95.88,0.46
07:43:07,"[110.36, 44]","[109.38, 26]","[294.0, 6]","[419.0, 12]",202.18,88,183.64,0.59
07:43:08,"[112.0, 20]","[110.0, 45]","[213.86, 14]","[357.42, 12]",162.93,91,101.86,0.43
07:43:09,"[112.0, 32]","[110.0, 72]","[284.79, 19]","[289.11, 18]",198.39,141,172.79,0.48
07:43:10,"[112.0, 52]","[110.0, 117]","[197.54, 26]","[314.48, 29]",154.77,224,85.54,0.51
07:43:11,"[112.0, 44]","[110.0, 99]","[135.17, 24]","[140.13, 31]",123.58,198,23.17,0.44
07:43:12,"[112.0, 36]","[110.0, 81]","[133.0, 18]","[366.29, 21]",122.5,156,21.0,0.5
07:43:13,"[110.44, 73]","[109.12, 64]","[133.0, 22]","[376.65, 34]",121.72,193,22.56,0.42
07:43:14,"[110.0, 98]","[108.0, 92]","[133.0, 26]","[179.81, 32]",121.5,248,23.0,0.53
07:43:15,"[110.0, 105]","[108.0, 135]","[132.22, 36]","[196.35, 48]",121.11,324,22.22,0.48
07:43:16,"[110.0, 98]","[108.0, 126]","[128.68, 38]","[129.65, 46]",119.34,308,18.68,0.45
07:43:17,"[110.17, 92]","[108.23, 122]","[124.04, 46]","[126.37, 38]",117.11,298,13.87,0.44
07:43:18,"[112.0, 44]","[110.0, 77]","[119.7, 40]","[123.15, 26]",115.85,187,7.7,0.29
07:43:19,"[112.0, 22]","[110.0, 77]","[116.78, 36]","[118.53, 30]",114.39,165,4.78,0.2
07:43:20,"[111.3, 40]","[109.67, 109]","[114.4, 45]","[115.57, 35]",112.85,229,3.1,0.3
07:43:21,"[110.0, 84]","[108.0, 108]","[112.0, 24]","[113.0, 36]",111.0,252,2.0,0.52
07:43:22,"[108.11, 124]","[104.24, 152]","[110.65, 34]","[112.33, 36]",109.38,346,2.53,0.6
07:43:23,"[107.66, 97]","[104.4, 155]","[113.2, 60]","[230.69, 65]",110.43,377,5.54,0.34
07:43:24,"[108.0, 59]","[104.09, 127]","[113.12, 50]","[114.35, 34]",110.56,270,5.12,0.38
07:43:25,"[107.6, 25]","[104.31, 65]","[111.89, 38]","[151.14, 21]",109.75,149,4.29,0.21
07:43:26,"[106.0, 8]","[104.0, 88]","[113.0, 16]","[206.0, 22]",109.5,134,7.0,0.43
07:43:27,"[106.0, 9]","[104.0, 99]","[110.33, 18]","[111.33, 18]",108.17,144,4.33,0.5
07:43:28,"[104.04, 101]","[98.37, 49]","[108.08, 26]","[109.08, 26]",106.06,202,4.04,0.49
07:43:29,"[105.6, 125]","[103.88, 48]","[107.92, 26]","[200.36, 28]",106.76,227,2.32,0.52
07:43:30,"[105.96, 46]","[103.82, 33]","[120.24, 17]","[387.67, 18]",113.1,114,14.28,0.39
07:43:31,"[105.11, 36]","[104.0, 29]","[176.0, 27]","[523.91, 11]",140.56,103,70.89,0.26
07:43:32,"[106.1, 77]","[104.09, 44]","[277.25, 48]","[618.53, 34]",191.68,203,171.15,0.19
07:43:33,"[110.33, 36]","[106.91, 35]","[236.91, 33]","[625.84, 25]",173.62,129,126.58,0.1
07:43:34,"[112.0, 24]","[111.0, 24]","[210.19, 16]","[479.4, 10]",161.09,74,98.19,0.3
07:43:35,"[112.0, 100]","[111.0, 40]","[391.82, 28]","[441.68, 22]",251.91,190,279.82,0.47
07:43:36,"[112.0, 98]","[111.0, 28]","[131.06, 17]","[138.54, 13]",121.53,156,19.06,0.62
07:43:37,"[112.0, 114]","[111.0, 36]","[129.18, 34]","[132.44, 27]",120.59,211,17.18,0.42
07:43:38,"[112.0, 120]","[111.0, 44]","[128.18, 44]","[130.0, 33]",120.09,241,16.18,0.36
07:43:39,"[112.0, 92]","[111.0, 52]","[127.08, 48]","[129.22, 41]",119.54,233,15.08,0.24
07:43:40,"[112.0, 55]","[111.0, 44]","[123.73, 22]","[126.0, 44]",117.86,165,11.73,0.2
07:43:41,"[112.0, 55]","[111.0, 44]","[119.91, 33]","[121.16, 31]",115.95,163,7.91,0.21
07:43:42,"[112.0, 65]","[111.0, 52]","[117.15, 39]","[119.0, 52]",114.58,208,5.15,0.12
07:43:43,"[110.31, 104]","[109.38, 65]","[114.38, 26]","[115.71, 34]",112.35,229,4.08,0.48
07:43:44,"[110.0, 96]","[108.0, 42]","[112.8, 30]","[158.55, 31]",111.4,199,2.8,0.39
07:43:45,"[110.0, 36]","[108.0, 33]","[116.0, 33]","[236.27, 33]",113.0,135,6.0,0.02
07:43:46,"[110.0, 18]","[108.0, 18]","[115.0, 18]","[131.0, 18]",112.5,72,5.0,0.0
07:43:47,"[110.0, 30]","[108.0, 30]","[113.5, 30]","[131.0, 30]",111.75,120,3.5,0.0
07:43:48,"[108.94, 17]","[107.07, 15]","[146.0, 33]","[301.36, 33]",127.47,98,37.06,-0.35
07:43:49,"[112.0, 94]","[109.62, 26]","[262.53, 38]","[365.21, 29]",187.26,187,150.53,0.28
07:43:50,"[112.0, 81]","[110.0, 18]","[229.33, 27]","[262.4, 25]",170.67,151,117.33,0.31
07:43:51,"[112.0, 69]","[110.0, 16]","[228.69, 16]","[279.11, 19]",170.34,120,116.69,0.42
07:43:52,"[112.0, 42]","[110.0, 14]","[168.0, 14]","[193.0, 7]",140.0,77,56.0,0.45
07:43:53,"[112.0, 36]","[110.0, 22]","[159.53, 19]","[162.37, 19]",135.76,96,47.53,0.21
07:43:54,"[112.0, 39]","[110.0, 26]","[156.96, 25]","[157.86, 14]",134.48,104,44.96,0.25
07:43:55,"[110.77, 13]","[108.5, 8]","[155.67, 6]","[156.89, 9]",133.22,36,44.9,0.17
07:43:56,"[110.4, 55]","[105.07, 15]","[153.9, 20]","[154.95, 19]",132.15,109,43.5,0.28
07:43:57,"[112.0, 160]","[108.0, 20]","[151.12, 24]","[151.78, 18]",131.56,222,39.12,0.62
07:43:58,"[112.0, 242]","[108.0, 34]","[132.06, 34]","[141.72, 43]",122.03,353,20.06,0.56
07:43:59,"[112.0, 167]","[108.0, 26]","[115.79, 28]","[116.76, 37]",113.89,258,3.79,0.5
07:44:00,"[112.0, 99]","[108.0, 18]","[113.0, 9]","[117.0, 36]",112.5,162,1.0,0.44
07:44:01,"[112.0, 50]","[108.0, 7]","[113.0, 6]","[300.89, 18]",112.5,81,1.0,0.41
07:44:02,"[112.0, 91]","[110.03, 59]","[113.0, 13]","[246.29, 28]",112.5,191,1.0,0.57
07:44:03,"[112.0, 120]","[111.0, 56]","[392.2, 20]","[606.6, 30]",252.1,226,280.2,0.56
07:44:04,"[112.0, 64]","[111.0, 36]","[502.0, 24]","[603.8, 20]",307.0,144,390.0,0.39
07:44:05,"[111.37, 51]","[108.55, 88]","[122.0, 48]","[343.25, 32]",116.69,219,10.63,0.27
07:44:06,"[111.0, 44]","[108.0, 99]","[154.14, 42]","[367.97, 31]",132.57,216,43.14,0.32
07:44:07,"[111.0, 28]","[108.0, 63]","[310.0, 21]","[493.0, 14]",210.5,126,199.0,0.44
07:44:08,"[111.0, 40]","[108.05, 83]","[274.6, 20]","[485.2, 30]",192.8,173,163.6,0.42
07:44:09,"[111.23, 31]","[110.25, 16]","[143.67, 24]","[198.5, 16]",127.45,87,32.44,0.08
07:44:10,"[112.0, 17]","[111.0, 24]","[151.0, 24]","[207.67, 12]",131.5,77,39.0,0.06
07:44:11,"[111.29, 28]","[110.62, 26]","[168.4, 30]","[288.04, 27]",139.84,111,57.11,-0.03
07:44:12,"[111.0, 56]","[110.0, 28]","[167.43, 42]","[399.0, 35]",139.21,161,56.43,0.04
07:44:13,"[111.0, 72]","[110.0, 36]","[165.44, 54]","[361.92, 61]",138.22,223,54.44,-0.03
07:44:14,"[111.69, 65]","[110.78, 46]","[135.67, 49]","[158.05, 37]",123.68,197,23.98,0.13
07:44:15,"[111.0, 44]","[110.0, 22]","[124.31, 26]","[155.33, 33]",117.65,125,13.31,0.06
07:44:16,"[111.0, 60]","[110.0, 30]","[120.05, 38]","[121.59, 37]",115.53,165,9.05,0.09
07:44:17,"[111.0, 52]","[110.0, 26]","[115.41, 29]","[116.56, 27]",113.21,134,4.41,0.16
07:44:18,"[110.61, 72]","[109.89, 74]","[112.89, 36]","[114.04, 27]",111.75,209,2.28,0.4
07:44:19,"[110.0, 62]","[108.0, 12]","[111.0, 18]","[112.0, 12]",110.5,104,1.0,0.42
07:44:20,"[110.0, 90]","[108.0, 18]","[111.0, 27]","[112.0, 18]",110.5,153,1.0,0.41
07:44:21,"[110.08, 76]","[109.36, 44]","[111.61, 23]","[214.77, 26]",110.84,169,1.53,0.42
07:44:22,"[110.09, 90]","[109.74, 69]","[256.67, 36]","[362.13, 46]",183.38,241,146.58,0.32
07:44:23,"[110.43, 21]","[109.93, 56]","[342.61, 36]","[394.0, 40]",226.52,153,232.18,0.01
07:44:24,"[111.0, 10]","[110.0, 60]","[165.93, 46]","[262.94, 34]",138.47,150,54.93,-0.07
07:44:25,"[111.92, 24]","[110.48, 23]","[138.5, 40]","[236.31, 52]",125.21,139,26.58,-0.32
07:44:26,"[112.0, 19]","[110.87, 45]","[144.54, 26]","[145.82, 34]",128.27,124,32.54,0.03
07:44:27,"[111.2, 35]","[110.5, 84]","[143.93, 56]","[145.0, 28]",127.56,203,32.73,0.17
07:44:28,"[110.0, 66]","[108.0, 11]","[141.92, 24]","[143.1, 42]",125.96,143,31.92,0.08
07:44:29,"[110.0, 42]","[108.0, 7]","[138.0, 20]","[141.73, 22]",124.0,91,28.0,0.08
07:44:30,"[110.0, 66]","[108.0, 11]","[127.0, 30]","[128.28, 36]",118.5,143,17.0,0.08
07:44:31,"[110.0, 66]","[108.0, 11]","[122.22, 36]","[124.65, 34]",116.11,147,12.22,0.05
07:44:32,"[110.0, 54]","[108.0, 9]","[120.43, 28]","[121.41, 34]",115.21,125,10.43,0.01
07:44:33,"[110.0, 77]","[108.0, 17]","[118.94, 68]","[119.89, 36]",114.47,198,8.94,-0.05
07:44:34,"[110.0, 13]","[107.62, 13]","[117.63, 38]","[118.46, 52]",113.82,116,7.63,-0.55
07:44:35,"[110.0, 10]","[107.98, 55]","[114.31, 32]","[116.11, 36]",112.16,133,4.31,-0.02
07:44:36,"[110.0, 15]","[108.0, 90]","[111.33, 45]","[116.0, 60]",110.67,210,1.33,0.0
07:44:37,"[108.0, 39]","[107.0, 10]","[111.11, 28]","[218.88, 26]",109.55,103,3.11,-0.05
07:44:38,"[108.0, 12]","[107.0, 6]","[115.6, 15]","[116.4, 15]",111.8,48,7.6,-0.25
07:44:39,"[108.0, 30]","[106.05, 105]","[112.58, 38]","[113.97, 38]",110.29,211,4.58,0.28
07:44:40,"[108.98, 186]","[107.17, 48]","[111.22, 36]","[112.77, 43]",110.1,313,2.24,0.5
07:44:41,"[109.06, 99]","[108.0, 20]","[117.35, 26]","[296.21, 19]",113.2,164,8.29,0.45
07:44:42,"[110.0, 276]","[108.0, 26]","[204.0, 13]","[500.0, 52]",157.0,367,94.0,0.65
07:44:43,"[110.58, 83]","[109.93, 174]","[382.78, 23]","[659.44, 32]",246.68,312,272.2,0.65
07:44:44,"[110.0, 209]","[108.0, 22]","[501.64, 14]","[605.86, 14]",305.82,259,391.64,0.78
07:44:45,"[110.0, 228]","[108.0, 24]","[286.44, 18]","[357.38, 24]",198.22,294,176.44,0.71
07:44:46,"[110.12, 155]","[109.52, 67]","[200.27, 11]","[202.0, 11]",155.19,244,90.16,0.82
07:44:47,"[112.0, 26]","[110.0, 204]","[164.33, 12]","[168.42, 12]",138.17,254,52.33,0.81
07:44:48,"[112.0, 37]","[110.0, 136]","[163.0, 8]","[165.0, 8]",137.5,189,51.0,0.83
07:44:49,"[111.5, 32]","[109.24, 168]","[162.9, 10]","[165.0, 10]",137.2,220,51.4,0.82
07:44:50,"[108.53, 17]","[106.19, 106]","[160.45, 11]","[162.0, 11]",134.49,145,51.93,0.7
07:44:51,"[110.62, 16]","[108.59, 17]","[158.91, 11]","[160.18, 11]",134.77,55,48.28,0.2
07:44:52,"[111.0, 26]","[110.0, 13]","[155.38, 13]","[156.54, 13]",133.19,65,44.38,0.2
07:44:53,"[111.0, 14]","[110.0, 7]","[153.14, 7]","[154.29, 7]",132.07,35,42.14,0.2
07:44:54,"[111.0, 18]","[110.0, 14]","[151.02, 46]","[151.56, 34]",131.01,112,40.02,-0.43
07:44:55,"[110.42, 12]","[108.53, 19]","[145.94, 52]","[149.0, 20]",128.18,103,35.53,-0.4
07:44:56,"[110.38, 32]","[109.69, 78]","[144.65, 52]","[146.0, 20]",127.51,182,34.28,0.21
07:44:57,"[112.0, 11]","[110.0, 121]","[142.47, 19]","[143.76, 51]",127.24,202,30.47,0.31
07:44:58,"[112.0, 14]","[110.0, 154]","[137.83, 46]","[139.21, 38]",124.91,252,25.83,0.33
07:44:59,"[112.0, 9]","[110.0, 99]","[133.28, 29]","[133.36, 25]",122.64,162,21.28,0.33
07:45:00,"[112.0, 111]","[110.0, 165]","[128.7, 23]","[129.19, 43]",120.35,342,16.7,0.61
07:45:01,"[112.0, 99]","[110.0, 121]","[125.96, 23]","[126.41, 27]",118.98,270,13.96,0.63
07:45:02,"[112.0, 135]","[110.0, 165]","[122.05, 39]","[124.08, 51]",117.03,390,10.05,0.54
07:45:03,"[112.0, 61]","[110.0, 154]","[120.76, 34]","[122.03, 62]",116.38,311,8.76,0.38
07:45:04,"[112.0, 64]","[110.0, 164]","[118.31, 80]","[119.38, 80]",115.16,388,6.31,0.18
07:45:05,"[112.0, 52]","[110.0, 151]","[117.1, 61]","[118.85, 65]",114.55,329,5.1,0.23
07:45:06,"[110.87, 92]","[109.83, 142]","[114.29, 70]","[115.64, 70]",112.58,374,3.42,0.25
07:45:07,"[110.0, 184]","[108.0, 180]","[111.56, 90]","[120.51, 82]",110.78,536,1.56,0.36
07:45:08,"[110.0, 11]","[108.0, 84]","[111.93, 27]","[218.47, 15]",110.96,137,1.93,0.39
07:45:09,"[108.5, 12]","[106.46, 39]","[111.33, 30]","[428.0, 6]",109.92,87,2.83,0.17
07:45:10,"[107.43, 112]","[105.79, 116]","[110.22, 50]","[628.86, 49]",108.82,327,2.79,0.39
07:45:11,"[107.29, 99]","[105.73, 74]","[199.71, 42]","[384.36, 45]",153.5,260,92.42,0.33
07:45:12,"[106.0, 15]","[104.11, 9]","[144.0, 15]","[302.4, 20]",125.0,59,38.0,-0.19
07:45:13,"[106.52, 21]","[104.75, 20]","[144.0, 24]","[195.0, 32]",125.26,97,37.48,-0.15
07:45:14,"[108.0, 61]","[107.0, 49]","[158.62, 26]","[344.16, 25]",133.31,161,50.62,0.37
07:45:15,"[108.2, 40]","[106.77, 13]","[163.0, 20]","[232.0, 15]",135.6,88,54.8,0.2
07:45:16,"[108.17, 69]","[107.18, 34]","[180.06, 34]","[299.3, 37]",144.12,174,71.88,0.18
07:45:17,"[112.0, 48]","[109.28, 47]","[156.26, 31]","[485.64, 25]",134.13,151,44.26,0.26
07:45:18,"[112.0, 25]","[111.0, 24]","[168.0, 18]","[225.6, 20]",140.0,87,56.0,0.13
07:45:19,"[111.1, 31]","[108.18, 67]","[180.25, 24]","[247.03, 29]",145.67,151,69.15,0.3
07:45:20,"[111.0, 36]","[108.0, 81]","[267.22, 27]","[363.0, 30]",189.11,174,156.22,0.34
07:45:21,"[111.0, 24]","[108.0, 54]","[345.5, 22]","[349.0, 18]",228.25,118,234.5,0.32
07:45:22,"[111.0, 28]","[108.0, 63]","[221.43, 28]","[284.54, 26]",166.21,145,110.43,0.26
07:45:23,"[109.45, 66]","[107.91, 92]","[211.0, 48]","[395.25, 36]",160.23,242,101.55,0.31
07:45:24,"[111.1, 60]","[109.2, 90]","[207.1, 51]","[312.3, 40]",159.1,241,96.0,0.24
07:45:25,"[112.0, 36]","[110.0, 57]","[209.67, 36]","[293.62, 32]",160.83,161,97.67,0.16
07:45:26,"[112.0, 36]","[110.0, 63]","[181.67, 33]","[244.76, 34]",146.83,166,69.67,0.19
07:45:27,"[112.0, 38]","[110.0, 50]","[206.38, 32]","[338.88, 24]",159.19,144,94.38,0.22
07:45:28,"[112.0, 104]","[110.0, 10]","[204.7, 40]","[325.6, 30]",158.35,184,92.7,0.24
07:45:29,"[112.0, 126]","[110.99, 121]","[203.0, 36]","[325.82, 28]",157.5,311,91.0,0.59
07:45:30,"[112.0, 112]","[111.0, 120]","[201.12, 32]","[575.0, 24]",156.56,288,89.12,0.61
07:45:31,"[112.0, 144]","[111.0, 195]","[199.79, 34]","[329.93, 45]",155.9,418,87.79,0.62
07:45:32,"[112.0, 60]","[111.0, 150]","[196.37, 19]","[197.1, 31]",154.18,260,84.37,0.62
07:45:33,"[112.0, 192]","[111.0, 225]","[193.64, 45]","[194.73, 30]",152.82,492,81.64,0.7
07:45:34,"[112.0, 47]","[111.0, 105]","[191.25, 16]","[192.84, 19]",151.62,187,79.25,0.63
07:45:35,"[112.0, 98]","[111.0, 120]","[189.88, 32]","[190.62, 26]",150.94,276,77.88,0.58
07:45:36,"[112.0, 372]","[111.0, 180]","[186.25, 48]","[188.17, 48]",149.12,648,74.25,0.7
07:45:37,"[112.0, 372]","[111.0, 180]","[181.58, 48]","[182.83, 48]",146.79,648,69.58,0.7
07:45:38,"[112.0, 387]","[111.0, 195]","[179.14, 28]","[179.77, 52]",145.57,662,67.14,0.76
07:45:39,"[112.0, 159]","[111.0, 105]","[177.29, 7]","[179.0, 28]",144.64,299,65.29,0.77
07:45:40,"[112.0, 170]","[111.0, 135]","[171.0, 15]","[176.78, 27]",141.5,347,59.0,0.76
07:45:41,"[112.0, 180]","[111.0, 150]","[138.41, 39]","[139.28, 25]",125.21,394,26.41,0.68
07:45:42,"[112.0, 148]","[111.0, 150]","[136.2, 41]","[137.34, 41]",124.1,380,24.2,0.57
07:45:43,"[112.0, 196]","[111.0, 210]","[131.45, 58]","[133.32, 44]",121.72,508,19.45,0.6
07:45:44,"[112.0, 70]","[111.0, 75]","[129.0, 25]","[131.0, 5]",120.5,175,17.0,0.66
07:45:45,"[112.0, 118]","[111.0, 135]","[127.83, 29]","[128.48, 21]",119.91,303,15.83,0.67
07:45:46,"[112.0, 191]","[111.0, 210]","[124.27, 44]","[125.31, 32]",118.14,477,12.27,0.68
07:45:47,"[112.0, 120]","[111.0, 180]","[121.18, 28]","[122.44, 32]",116.59,360,9.18,0.67
07:45:48,"[112.0, 100]","[111.0, 150]","[116.39, 28]","[117.71, 14]",114.2,292,4.39,0.71
07:45:49,"[112.0, 72]","[111.0, 180]","[113.0, 48]","[114.67, 36]",112.5,336,1.0,0.5
07:45:50,"[111.1, 80]","[110.43, 70]","[112.43, 28]","[115.16, 19]",111.76,197,1.33,0.52
07:45:51,"[111.08, 100]","[110.07, 86]","[159.0, 24]","[344.9, 20]",135.04,230,47.92,0.62
07:45:52,"[112.0, 64]","[111.0, 48]","[323.69, 13]","[449.33, 12]",217.85,137,211.69,0.64
07:45:53,"[112.0, 92]","[110.67, 49]","[150.0, 20]","[307.8, 20]",131.0,181,38.0,0.56
07:45:54,"[112.0, 54]","[111.0, 5]","[426.31, 13]","[463.4, 10]",269.15,82,314.31,0.44
07:45:55,"[112.0, 70]","[111.0, 7]","[425.14, 21]","[493.86, 14]",268.57,112,313.14,0.38
07:45:56,"[112.0, 120]","[111.0, 12]","[354.82, 28]","[384.55, 29]",233.41,189,242.82,0.4
07:45:57,"[112.0, 110]","[111.0, 11]","[227.31, 29]","[230.82, 17]",169.66,167,115.31,0.45
07:45:58,"[112.0, 80]","[111.0, 8]","[228.5, 24]","[231.0, 8]",170.25,120,116.5,0.47
07:45:59,"[112.0, 110]","[111.0, 11]","[215.0, 30]","[204.11, 19]",163.5,170,103.0,0.42
07:46:00,"[112.0, 94]","[111.0, 11]","[165.67, 15]","[173.46, 37]",138.83,157,53.67,0.34
07:46:01,"[112.0, 96]","[111.0, 12]","[162.74, 34]","[164.07, 14]",137.37,156,50.74,0.38
07:46:02,"[112.0, 69]","[111.0, 8]","[160.73, 22]","[162.0, 12]",136.36,111,48.73,0.39
07:46:03,"[112.0, 81]","[111.0, 9]","[158.05, 19]","[159.43, 21]",135.03,130,46.05,0.38
07:46:04,"[112.0, 233]","[111.0, 17]","[147.49, 41]","[148.94, 33]",129.74,324,35.49,0.54
07:46:05,"[112.0, 252]","[111.0, 12]","[145.0, 22]","[146.11, 18]",128.5,304,33.0,0.74
07:46:06,"[112.0, 378]","[111.0, 18]","[139.93, 30]","[141.65, 46]",125.97,472,27.93,0.68
07:46:07,"[112.0, 252]","[111.0, 12]","[136.43, 21]","[137.14, 42]",124.21,327,24.43,0.61
07:46:08,"[112.0, 168]","[111.0, 8]","[134.38, 8]","[137.0, 32]",123.19,216,22.38,0.63
07:46:09,"[112.0, 168]","[111.0, 8]","[133.36, 14]","[136.61, 23]",122.68,213,21.36,0.65
07:46:10,"[112.0, 229]","[111.0, 13]","[130.81, 36]","[131.67, 30]",121.4,308,18.81,0.57
07:46:11,"[112.0, 170]","[111.0, 10]","[125.82, 17]","[127.65, 37]",118.91,234,13.82,0.54
07:46:12,"[112.0, 210]","[111.0, 14]","[124.86, 28]","[126.0, 56]",118.43,308,12.86,0.45
07:46:13,"[112.0, 170]","[111.0, 15]","[121.05, 39]","[122.94, 35]",116.53,259,9.05,0.43
07:46:14,"[112.0, 96]","[111.0, 12]","[116.12, 33]","[117.14, 37]",114.06,178,4.12,0.21
07:46:15,"[111.98, 43]","[110.47, 17]","[113.12, 34]","[120.2, 20]",112.55,114,1.14,0.05
07:46:16,"[110.03, 58]","[108.54, 67]","[114.44, 18]","[149.56, 45]",112.24,188,4.41,0.33
07:46:17,"[111.0, 22]","[110.54, 63]","[114.0, 20]","[258.33, 46]",112.5,151,3.0,0.13
07:46:18,"[111.6, 10]","[110.82, 44]","[114.0, 14]","[489.86, 7]",112.8,75,2.4,0.44
07:46:19,"[110.73, 30]","[109.86, 69]","[137.06, 17]","[528.22, 9]",123.9,125,26.33,0.58
07:46:20,"[110.83, 65]","[109.43, 88]","[570.12, 34]","[601.71, 42]",340.47,229,459.29,0.34
07:46:21,"[112.0, 21]","[110.0, 49]","[462.41, 27]","[698.27, 15]",287.2,112,350.41,0.25
07:46:22,"[111.17, 48]","[109.27, 55]","[320.05, 44]","[647.47, 34]",215.61,181,208.88,0.14
07:46:23,"[112.0, 48]","[110.0, 60]","[278.3, 53]","[433.84, 49]",195.15,210,166.3,0.03
07:46:24,"[112.0, 44]","[110.0, 55]","[246.36, 44]","[335.44, 43]",179.18,186,134.36,0.06
07:46:25,"[112.0, 26]","[109.75, 40]","[245.0, 32]","[327.5, 40]",178.5,138,133.0,-0.04
07:46:26,"[108.67, 15]","[107.0, 26]","[237.27, 41]","[288.82, 22]",172.97,104,128.6,-0.21
07:46:27,"[108.07, 60]","[107.67, 36]","[180.0, 28]","[209.18, 22]",144.03,146,71.93,0.32
07:46:28,"[109.78, 27]","[108.0, 117]","[130.33, 36]","[278.56, 27]",120.06,207,20.56,0.39
07:46:29,"[111.09, 33]","[108.43, 83]","[129.0, 44]","[307.0, 40]",120.05,200,17.91,0.16
07:46:30,"[111.54, 26]","[109.07, 56]","[128.25, 48]","[399.0, 24]",119.89,154,16.71,0.06
07:46:31,"[112.0, 18]","[110.0, 27]","[126.89, 36]","[272.33, 18]",119.44,99,14.89,-0.09
07:46:32,"[112.0, 32]","[110.0, 48]","[124.75, 64]","[243.71, 62]",118.38,206,12.75,-0.22
07:46:33,"[112.0, 22]","[110.0, 43]","[122.37, 38]","[138.63, 38]",117.18,141,10.37,-0.08
07:46:34,"[112.0, 16]","[110.0, 40]","[119.2, 30]","[120.62, 26]",115.6,112,7.2,0.0
07:46:35,"[110.75, 16]","[108.33, 90]","[117.0, 32]","[118.0, 30]",113.88,168,6.25,0.26
07:46:36,"[108.35, 97]","[106.79, 119]","[116.36, 44]","[117.9, 40]",112.36,300,8.01,0.44
07:46:37,"[109.29, 84]","[108.0, 182]","[114.98, 49]","[117.19, 43]",112.13,358,5.69,0.49
07:46:38,"[111.0, 30]","[108.0, 104]","[112.33, 27]","[114.33, 27]",111.67,188,1.33,0.43
07:46:39,"[108.65, 37]","[107.79, 87]","[112.0, 36]","[113.0, 27]",110.32,187,3.35,0.33
07:46:40,"[108.0, 103]","[106.0, 33]","[110.36, 44]","[113.0, 33]",109.18,213,2.36,0.28
07:46:41,"[108.0, 56]","[106.0, 21]","[109.64, 25]","[131.87, 23]",108.82,125,1.64,0.23
07:46:42,"[108.67, 36]","[106.91, 33]","[220.5, 24]","[401.11, 18]",164.58,111,111.83,0.24
07:46:43,"[112.0, 28]","[108.0, 81]","[190.31, 16]","[300.83, 24]",151.16,149,78.31,0.46
07:46:44,"[108.0, 46]","[106.0, 27]","[188.0, 9]","[300.86, 14]",148.0,96,80.0,0.52
07:46:45,"[111.33, 12]","[107.25, 16]","[185.17, 12]","[186.25, 12]",148.25,52,73.83,0.08
07:46:46,"[112.0, 6]","[108.0, 21]","[161.0, 8]","[167.57, 7]",136.5,42,49.0,0.29
07:46:47,"[108.82, 17]","[107.11, 27]","[156.75, 8]","[159.0, 8]",132.79,60,47.93,0.47
07:46:48,"[109.0, 14]","[108.0, 21]","[155.0, 7]","[156.0, 7]",132.0,49,46.0,0.43
07:46:49,"[109.0, 24]","[108.0, 36]","[153.5, 12]","[154.83, 12]",131.25,84,44.5,0.43
07:46:50,"[108.09, 22]","[104.19, 126]","[150.0, 12]","[151.0, 12]",129.05,172,41.91,0.72
07:46:51,"[109.07, 82]","[104.39, 72]","[145.83, 12]","[146.83, 12]",127.45,178,36.76,0.73
07:46:52,"[110.82, 122]","[108.0, 12]","[144.75, 12]","[145.75, 12]",127.78,158,33.93,0.7
07:46:53,"[111.0, 132]","[108.0, 16]","[139.85, 27]","[141.14, 29]",125.43,204,28.85,0.45
07:46:54,"[111.0, 52]","[108.0, 12]","[134.38, 42]","[135.48, 27]",122.69,133,23.38,-0.04
07:46:55,"[108.0, 9]","[106.0, 18]","[128.26, 27]","[129.52, 21]",118.13,75,20.26,-0.28
07:46:56,"[108.4, 10]","[106.15, 27]","[119.0, 18]","[120.67, 12]",113.7,67,10.6,0.1
07:46:57,"[108.95, 19]","[105.39, 49]","[112.71, 38]","[113.57, 46]",110.83,152,3.76,-0.11
07:46:58,"[104.06, 99]","[100.17, 47]","[109.45, 11]","[111.79, 28]",106.76,185,5.39,0.58
07:46:59,"[104.86, 51]","[103.41, 64]","[131.12, 16]","[292.0, 15]",117.99,146,26.26,0.58
07:47:00,"[109.86, 28]","[107.5, 36]","[205.62, 24]","[420.12, 40]",157.74,128,95.77,0.0
07:47:01,"[112.0, 18]","[110.0, 30]","[211.0, 18]","[532.83, 24]",161.5,90,99.0,0.07
07:47:02,"[112.0, 18]","[110.0, 30]","[199.0, 15]","[359.8, 15]",155.5,78,87.0,0.23
07:47:03,"[112.0, 36]","[110.0, 60]","[154.5, 24]","[514.45, 44]",133.25,164,42.5,0.17
07:47:04,"[111.25, 24]","[107.58, 52]","[133.0, 18]","[580.35, 31]",122.12,125,21.75,0.22
07:47:05,"[107.32, 38]","[96.06, 68]","[577.36, 22]","[705.0, 55]",342.34,183,470.05,0.16
07:47:06,"[94.4, 15]","[76.86, 21]","[528.0, 8]","[705.0, 20]",311.2,64,433.6,0.12
07:47:07,"[71.21, 28]","[40.22, 54]","[182.79, 33]","[591.73, 44]",127.0,159,111.57,0.03
07:47:08,"[93.74, 35]","[65.5, 139]","[100.0, 44]","[366.15, 34]",96.87,252,6.26,0.38
07:47:09,"[95.95, 43]","[65.79, 56]","[100.0, 36]","[144.18, 33]",97.98,168,4.05,0.18
07:47:10,"[99.0, 36]","[97.29, 34]","[256.72, 29]","[208.84, 31]",177.86,130,157.72,0.08
07:47:11,"[104.52, 31]","[99.95, 37]","[335.0, 39]","[577.0, 24]",219.76,131,230.48,0.04
07:47:12,"[109.2, 30]","[105.45, 33]","[239.57, 21]","[325.28, 36]",174.39,120,130.37,0.05
07:47:13,"[112.0, 29]","[111.0, 52]","[189.19, 31]","[229.15, 33]",150.6,145,77.19,0.12
07:47:14,"[112.0, 76]","[111.0, 52]","[186.22, 23]","[197.77, 31]",149.11,182,74.22,0.41
07:47:15,"[112.0, 130]","[111.0, 52]","[166.48, 33]","[168.26, 27]",139.24,242,54.48,0.5
07:47:16,"[112.0, 101]","[111.0, 44]","[129.23, 31]","[129.62, 21]",120.61,197,17.23,0.47
07:47:17,"[112.0, 88]","[111.0, 48]","[122.89, 28]","[123.5, 34]",117.45,198,10.89,0.37
07:47:18,"[112.0, 77]","[111.0, 40]","[115.06, 34]","[115.82, 28]",113.53,179,3.06,0.31
07:47:19,"[111.56, 18]","[110.59, 34]","[114.4, 15]","[177.26, 23]",112.98,90,2.84,0.16
07:47:20,"[111.0, 39]","[110.0, 91]","[281.16, 37]","[377.69, 35]",196.08,202,170.16,0.29
07:47:21,"[112.0, 20]","[111.0, 10]","[361.4, 15]","[487.6, 15]",236.7,60,249.4,0.0
07:47:22,"[112.0, 12]","[111.0, 6]","[137.0, 9]","[286.0, 9]",124.5,36,25.0,0.0
07:47:23,"[112.0, 25]","[111.0, 20]","[228.7, 30]","[388.0, 30]",170.35,105,116.7,-0.14
07:47:24,"[111.15, 20]","[108.94, 32]","[268.0, 24]","[596.0, 24]",189.57,100,156.85,0.04
07:47:25,"[112.0, 23]","[110.0, 16]","[391.0, 24]","[596.0, 15]",251.5,78,279.0,0.0
07:47:26,"[108.33, 49]","[106.97, 33]","[596.0, 27]","[0, 0]",352.16,109,487.67,0.5
07:47:27,"[108.0, 63]","[106.0, 35]","[590.0, 14]","[601.14, 21]",349.0,133,482.0,0.47
07:47:28,"[109.0, 48]","[107.15, 47]","[412.29, 14]","[632.0, 21]",260.64,130,303.29,0.46
07:47:29,"[112.0, 28]","[108.0, 61]","[279.0, 14]","[374.0, 21]",195.5,124,167.0,0.44
07:47:30,"[112.0, 20]","[108.0, 35]","[221.55, 11]","[362.57, 14]",166.77,80,109.55,0.38
07:47:31,"[112.0, 36]","[108.0, 63]","[563.77, 26]","[639.84, 19]",337.88,144,451.77,0.38
07:47:32,"[112.0, 30]","[108.0, 91]","[341.6, 20]","[729.32, 25]",226.8,166,229.6,0.46
07:47:33,"[112.0, 27]","[108.0, 110]","[216.8, 30]","[346.45, 22]",164.4,189,104.8,0.45
07:47:34,"[108.32, 76]","[106.97, 68]","[215.9, 30]","[294.54, 26]",162.11,200,107.58,0.44
07:47:35,"[108.57, 35]","[107.54, 65]","[213.29, 38]","[216.5, 24]",160.93,162,104.72,0.23
07:47:36,"[112.0, 8]","[108.0, 80]","[202.92, 24]","[212.09, 34]",157.46,146,90.92,0.21
07:47:37,"[108.0, 37]","[106.0, 20]","[210.0, 12]","[212.0, 20]",159.0,89,102.0,0.28
07:47:38,"[108.0, 56]","[106.0, 40]","[210.0, 24]","[212.0, 40]",159.0,160,102.0,0.2
07:47:39,"[108.0, 62]","[106.0, 60]","[207.74, 50]","[209.43, 46]",157.87,218,99.74,0.12
07:47:40,"[106.26, 27]","[105.11, 63]","[203.26, 31]","[206.94, 53]",154.76,174,97.0,0.03
07:47:41,"[106.81, 26]","[105.28, 78]","[204.14, 42]","[207.0, 70]",155.48,216,97.34,-0.04
07:47:42,"[109.0, 18]","[106.0, 33]","[202.85, 40]","[204.54, 56]",155.93,147,93.85,-0.31
07:47:43,"[112.0, 11]","[110.0, 11]","[182.0, 27]","[202.6, 35]",147.0,84,70.0,-0.48
07:47:44,"[106.53, 38]","[104.07, 27]","[133.09, 47]","[169.97, 34]",119.81,146,26.56,-0.11
07:47:45,"[105.0, 48]","[104.0, 72]","[128.03, 39]","[129.5, 46]",116.51,205,23.03,0.17
07:47:46,"[106.88, 64]","[104.5, 64]","[110.13, 23]","[115.37, 35]",108.5,186,3.26,0.38
07:47:47,"[108.0, 79]","[106.0, 44]","[109.39, 31]","[124.25, 36]",108.69,190,1.39,0.29
07:47:48,"[108.0, 10]","[106.0, 20]","[109.0, 25]","[337.71, 7]",108.5,62,1.0,-0.03
07:47:49,"[106.22, 36]","[104.29, 56]","[377.16, 32]","[520.92, 13]",241.69,137,270.93,0.34
07:47:50,"[106.53, 17]","[103.48, 25]","[425.78, 36]","[498.94, 17]",266.15,95,319.25,-0.12
07:47:51,"[107.71, 14]","[104.77, 26]","[221.78, 36]","[358.44, 34]",164.75,110,114.06,-0.27
07:47:52,"[108.0, 20]","[106.0, 10]","[231.09, 33]","[303.92, 36]",169.55,99,123.09,-0.39
07:47:53,"[104.0, 53]","[41.0, 36]","[227.54, 28]","[272.88, 26]",165.77,143,123.54,0.24
07:47:54,"[104.0, 33]","[86.36, 11]","[223.79, 28]","[224.85, 27]",163.89,99,119.79,-0.11
07:47:55,"[97.14, 14]","[73.41, 34]","[159.03, 29]","[183.15, 27]",128.09,104,61.89,-0.08
07:47:56,"[92.89, 18]","[58.84, 31]","[102.71, 14]","[189.0, 12]",97.8,75,9.83,0.31
07:47:57,"[86.61, 23]","[44.74, 23]","[110.82, 22]","[156.09, 23]",98.71,91,24.21,0.01
07:47:58,"[83.63, 27]","[50.71, 17]","[111.0, 16]","[261.0, 8]",97.31,68,27.37,0.29
07:47:59,"[89.0, 32]","[85.13, 15]","[111.0, 18]","[291.7, 23]",100.0,88,22.0,0.07
07:48:00,"[103.06, 34]","[87.88, 57]","[274.18, 49]","[406.24, 42]",188.62,182,171.12,0.0
07:48:01,"[110.69, 42]","[96.38, 29]","[252.45, 33]","[536.63, 19]",181.57,123,141.76,0.15
07:48:02,"[112.0, 47]","[111.0, 33]","[207.09, 33]","[521.0, 11]",159.55,124,95.09,0.29
07:48:03,"[112.0, 56]","[111.0, 33]","[332.05, 19]","[421.82, 22]",222.03,130,220.05,0.37
07:48:04,"[112.0, 84]","[111.0, 36]","[240.25, 24]","[308.6, 20]",176.12,164,128.25,0.46
07:48:05,"[112.0, 57]","[111.0, 33]","[198.26, 27]","[274.82, 17]",155.13,134,86.26,0.34
07:48:06,"[111.29, 14]","[107.0, 10]","[126.0, 18]","[423.0, 6]",118.64,48,14.71,0.0
07:48:07,"[111.0, 4]","[101.0, 4]","[274.5, 6]","[651.73, 11]",192.75,25,163.5,-0.36
07:48:08,"[103.47, 17]","[92.82, 11]","[373.7, 33]","[475.75, 32]",238.58,93,270.23,-0.4
07:48:09,"[64.13, 15]","[15.17, 30]","[236.0, 24]","[376.0, 19]",150.07,88,171.87,0.02
07:48:10,"[77.55, 53]","[35.62, 45]","[101.17, 72]","[147.51, 53]",89.36,223,23.62,-0.12
07:48:11,"[93.64, 55]","[42.0, 23]","[100.71, 51]","[101.62, 39]",97.17,168,7.07,-0.07
07:48:12,"[75.86, 28]","[52.84, 31]","[100.82, 17]","[103.56, 25]",88.34,101,24.97,0.17
07:48:13,"[77.81, 36]","[54.59, 39]","[102.0, 36]","[123.18, 38]",89.9,149,24.19,0.01
07:48:14,"[99.8, 54]","[87.04, 23]","[215.71, 42]","[378.31, 49]",157.76,168,115.92,-0.08
07:48:15,"[112.0, 42]","[106.0, 24]","[343.04, 26]","[420.27, 22]",227.52,114,231.04,0.16
07:48:16,"[112.0, 90]","[106.0, 48]","[266.05, 56]","[340.43, 47]",189.03,241,154.05,0.15
07:48:17,"[112.0, 112]","[108.22, 36]","[296.06, 16]","[339.74, 62]",204.03,226,184.06,0.31
07:48:18,"[112.0, 81]","[110.0, 22]","[294.02, 51]","[313.33, 15]",203.01,169,182.02,0.22
07:48:19,"[112.0, 112]","[110.0, 28]","[292.42, 26]","[293.1, 58]",202.21,224,180.42,0.25
07:48:20,"[112.0, 64]","[110.0, 16]","[290.0, 8]","[293.0, 40]",201.0,128,178.0,0.25
07:48:21,"[112.0, 48]","[110.0, 12]","[225.12, 8]","[292.88, 26]",168.56,94,113.12,0.28
07:48:22,"[112.0, 81]","[110.0, 77]","[192.82, 33]","[290.71, 17]",152.41,208,80.82,0.52
07:48:23,"[112.0, 168]","[110.0, 105]","[142.11, 47]","[180.55, 62]",127.05,382,30.11,0.43
07:48:24,"[112.0, 375]","[110.91, 77]","[139.07, 30]","[141.0, 45]",125.53,527,27.07,0.72
07:48:25,"[112.0, 325]","[111.0, 65]","[137.05, 38]","[138.33, 27]",124.53,455,25.05,0.71
07:48:26,"[112.0, 300]","[110.3, 80]","[133.97, 33]","[135.89, 27]",122.98,440,21.97,0.73
07:48:27,"[112.0, 225]","[111.0, 54]","[130.11, 9]","[132.0, 27]",121.06,315,18.11,0.77
07:48:28,"[112.0, 329]","[111.0, 78]","[125.88, 26]","[126.04, 25]",118.94,458,13.88,0.78
07:48:29,"[112.0, 298]","[111.0, 72]","[121.62, 24]","[122.56, 32]",116.81,426,9.62,0.74
07:48:30,"[112.0, 252]","[111.0, 72]","[118.11, 18]","[119.67, 18]",115.06,360,6.11,0.8
07:48:31,"[112.0, 336]","[111.0, 96]","[114.94, 35]","[116.37, 27]",113.47,494,2.94,0.75
07:48:32,"[112.0, 167]","[111.0, 54]","[113.0, 18]","[142.89, 27]",112.5,266,1.0,0.66
07:48:33,"[112.0, 107]","[111.0, 54]","[144.52, 31]","[190.0, 30]",128.26,222,32.52,0.45
07:48:34,"[112.0, 56]","[111.0, 36]","[138.0, 24]","[372.0, 20]",125.0,136,26.0,0.35
07:48:35,"[112.0, 60]","[111.0, 54]","[138.0, 36]","[514.57, 35]",125.0,185,26.0,0.23
07:48:36,"[112.0, 24]","[111.0, 36]","[138.0, 24]","[408.78, 23]",125.0,107,26.0,0.12
07:48:37,"[111.71, 34]","[110.78, 46]","[138.0, 32]","[339.8, 20]",124.85,132,26.29,0.21
07:48:38,"[111.0, 25]","[110.0, 25]","[356.71, 17]","[543.14, 14]",233.85,81,245.71,0.23
07:48:39,"[111.0, 48]","[110.0, 50]","[516.0, 38]","[588.18, 22]",313.5,158,405.0,0.24
07:48:40,"[111.0, 27]","[110.0, 40]","[302.11, 27]","[371.47, 17]",206.56,111,191.11,0.21
07:48:41,"[110.29, 62]","[108.31, 156]","[317.5, 40]","[439.43, 47]",213.9,305,207.21,0.43
07:48:42,"[110.93, 30]","[108.41, 136]","[170.46, 26]","[216.57, 42]",140.7,234,59.53,0.42
07:48:43,"[110.55, 44]","[108.2, 240]","[120.8, 30]","[231.67, 30]",115.67,344,10.25,0.65
07:48:44,"[108.0, 297]","[106.0, 11]","[118.8, 25]","[119.67, 30]",113.4,363,10.8,0.7
07:48:45,"[108.0, 162]","[106.0, 6]","[117.0, 12]","[118.0, 18]",112.5,198,9.0,0.7
07:48:46,"[108.0, 310]","[106.0, 14]","[115.62, 52]","[116.51, 35]",111.81,411,7.62,0.58
07:48:47,"[108.1, 163]","[107.57, 56]","[113.14, 43]","[129.94, 32]",110.62,294,5.04,0.49
07:48:48,"[108.0, 210]","[107.0, 56]","[114.07, 42]","[190.5, 14]",111.04,322,6.07,0.65
07:48:49,"[108.0, 177]","[107.0, 52]","[109.75, 59]","[169.18, 49]",108.87,337,1.75,0.36
07:48:50,"[108.0, 112]","[107.0, 48]","[109.0, 60]","[399.0, 26]",108.5,246,1.0,0.3
07:48:51,"[108.0, 112]","[107.0, 52]","[109.0, 53]","[339.19, 32]",108.5,249,1.0,0.32
07:48:52,"[108.0, 60]","[107.0, 40]","[109.0, 40]","[301.43, 28]",108.5,168,1.0,0.19
