Time,Bid1,Bid2,Ask1,Ask2,Mid-Price,Total_volume,Bid_ask_spread,Order_imbalance
07:30:00,"[300.0, 1]","[0, 0]","[0, 0]","[0, 0]",150.0,1,-300.0,1.0
07:30:02,"[300.0, 1]","[0, 0]","[336.6, 5]","[633.0, 5]",318.3,11,36.6,-0.82
07:30:03,"[0, 0]","[0, 0]","[290.0, 7]","[318.0, 8]",145.0,15,290.0,-1.0
07:30:04,"[0, 0]","[0, 0]","[290.0, 3]","[300.0, 6]",145.0,9,290.0,-1.0
07:30:05,"[0, 0]","[0, 0]","[290.0, 1]","[294.0, 5]",145.0,6,290.0,-1.0
07:30:06,"[241.33, 18]","[164.0, 4]","[293.48, 23]","[294.84, 19]",267.41,64,52.14,-0.31
07:30:07,"[280.64, 67]","[224.83, 47]","[294.0, 55]","[298.0, 11]",287.32,180,13.36,0.27
07:30:08,"[281.42, 12]","[272.69, 39]","[294.0, 30]","[297.5, 8]",287.71,89,12.58,0.15
07:30:09,"[282.0, 5]","[281.0, 30]","[294.0, 25]","[297.0, 10]",288.0,70,12.0,0.0
07:30:10,"[282.7, 10]","[280.6, 60]","[294.0, 50]","[297.0, 20]",288.35,140,11.3,0.0
07:30:11,"[284.0, 9]","[280.0, 54]","[294.0, 45]","[297.0, 18]",289.0,126,10.0,0.0
07:30:12,"[285.83, 6]","[280.0, 36]","[294.0, 30]","[297.0, 12]",289.92,84,8.17,0.0
07:30:13,"[288.43, 23]","[288.38, 58]","[294.0, 45]","[297.0, 18]",291.22,144,5.57,0.12
07:30:14,"[291.06, 64]","[290.45, 71]","[294.0, 75]","[297.0, 30]",292.53,240,2.94,0.12
07:30:15,"[291.56, 36]","[290.59, 102]","[294.0, 72]","[297.0, 30]",292.78,240,2.44,0.15
07:30:16,"[292.62, 64]","[290.75, 67]","[294.25, 48]","[297.08, 24]",293.44,203,1.62,0.29
07:30:17,"[294.5, 38]","[290.7, 27]","[296.5, 20]","[297.33, 15]",295.5,100,2.0,0.3
07:30:18,"[295.0, 40]","[282.0, 20]","[297.67, 12]","[299.78, 18]",296.33,90,2.67,0.33
07:30:19,"[295.58, 53]","[286.59, 34]","[298.0, 42]","[300.0, 28]",296.79,157,2.42,0.11
07:30:20,"[301.09, 106]","[293.67, 48]","[311.48, 54]","[328.23, 52]",306.29,260,10.39,0.18
07:30:21,"[302.19, 63]","[298.42, 48]","[308.4, 20]","[311.14, 56]",305.3,187,6.21,0.19
07:30:22,"[302.0, 32]","[299.0, 52]","[307.23, 13]","[311.46, 52]",304.62,149,5.23,0.13
07:30:23,"[302.0, 22]","[299.0, 44]","[306.27, 11]","[327.41, 17]",304.14,94,4.27,0.4
07:30:24,"[302.56, 64]","[299.38, 64]","[316.81, 27]","[324.21, 19]",309.69,174,14.25,0.47
07:30:25,"[305.43, 138]","[303.1, 49]","[322.0, 28]","[324.0, 14]",313.72,229,16.57,0.63
07:30:26,"[310.0, 208]","[304.5, 144]","[321.69, 39]","[326.28, 29]",315.85,420,11.69,0.68
07:30:27,"[310.0, 182]","[306.0, 126]","[322.0, 34]","[330.2, 20]",316.0,362,12.0,0.7
07:30:28,"[310.0, 52]","[306.0, 36]","[322.0, 8]","[323.0, 4]",316.0,100,12.0,0.76
07:30:29,"[310.0, 182]","[306.0, 132]","[318.07, 28]","[322.47, 19]",314.04,361,8.07,0.74
07:30:30,"[310.0, 120]","[306.0, 92]","[322.67, 12]","[323.89, 18]",316.33,242,12.67,0.75
07:30:31,"[310.0, 104]","[306.0, 90]","[320.45, 11]","[321.42, 19]",315.23,224,10.45,0.73
07:30:32,"[310.0, 56]","[306.0, 63]","[320.0, 7]","[324.0, 14]",315.0,140,10.0,0.7
07:30:33,"[310.0, 56]","[306.0, 63]","[320.0, 7]","[324.0, 14]",315.0,140,10.0,0.7
07:30:34,"[310.0, 80]","[306.0, 90]","[320.0, 10]","[324.0, 20]",315.0,200,10.0,0.7
07:30:35,"[310.0, 80]","[306.0, 90]","[320.0, 10]","[324.0, 20]",315.0,200,10.0,0.7
07:30:36,"[310.0, 64]","[306.0, 72]","[320.0, 8]","[324.0, 16]",315.0,160,10.0,0.7
07:30:37,"[310.0, 96]","[306.0, 108]","[320.0, 12]","[325.31, 32]",315.0,248,10.0,0.65
07:30:38,"[310.0, 112]","[306.0, 126]","[319.13, 46]","[323.46, 26]",314.57,310,9.13,0.54
07:30:39,"[310.0, 72]","[306.0, 81]","[318.49, 49]","[322.88, 16]",314.24,218,8.49,0.4
07:30:40,"[310.0, 64]","[306.0, 72]","[317.5, 30]","[318.11, 28]",313.75,194,7.5,0.4
07:30:41,"[310.0, 88]","[306.0, 99]","[314.67, 51]","[316.19, 37]",312.33,275,4.67,0.36
07:30:42,"[307.2, 90]","[305.72, 50]","[311.56, 27]","[314.66, 35]",309.38,202,4.36,0.39
07:30:43,"[305.91, 99]","[304.0, 35]","[307.68, 34]","[312.97, 38]",306.79,206,1.77,0.3
07:30:44,"[303.64, 22]","[301.32, 37]","[306.47, 17]","[315.62, 13]",305.05,89,2.83,0.33
07:30:45,"[300.32, 37]","[298.8, 71]","[314.0, 8]","[321.0, 24]",307.16,140,13.68,0.54
07:30:46,"[300.0, 81]","[297.0, 90]","[313.09, 33]","[318.2, 15]",306.55,219,13.09,0.56
07:30:47,"[300.0, 90]","[297.0, 37]","[312.5, 50]","[314.0, 10]",306.25,187,12.5,0.36
07:30:48,"[300.0, 63]","[298.0, 21]","[307.5, 20]","[312.15, 27]",303.75,131,7.5,0.28
07:30:49,"[300.0, 90]","[298.0, 30]","[302.25, 32]","[308.62, 32]",301.12,184,2.25,0.3
07:30:50,"[299.86, 87]","[297.93, 29]","[304.77, 47]","[312.12, 49]",302.31,212,4.9,0.09
07:30:51,"[306.0, 14]","[298.07, 42]","[311.36, 70]","[313.54, 26]",308.68,152,5.36,-0.26
07:30:52,"[306.0, 13]","[300.38, 39]","[309.62, 65]","[313.96, 23]",307.81,140,3.62,-0.26
07:30:53,"[305.38, 13]","[301.75, 36]","[308.5, 60]","[314.5, 36]",306.94,145,3.12,-0.32
07:30:54,"[301.25, 56]","[300.79, 117]","[307.44, 45]","[315.0, 27]",304.35,245,6.19,0.41
07:30:55,"[301.0, 189]","[299.0, 27]","[306.78, 45]","[315.0, 27]",303.89,288,5.78,0.5
07:30:56,"[301.0, 324]","[299.0, 48]","[304.31, 80]","[314.44, 48]",302.66,500,3.31,0.49
07:30:57,"[301.0, 145]","[299.0, 30]","[306.3, 40]","[315.71, 35]",303.65,250,5.3,0.4
07:30:58,"[301.0, 60]","[299.0, 15]","[312.0, 15]","[317.0, 20]",306.5,110,11.0,0.36
07:30:59,"[301.0, 144]","[299.0, 36]","[312.0, 36]","[313.55, 58]",306.5,274,11.0,0.31
07:31:00,"[301.27, 60]","[300.36, 50]","[312.0, 42]","[313.48, 66]",306.63,218,10.73,0.01
07:31:01,"[305.0, 14]","[302.74, 34]","[311.25, 60]","[313.6, 52]",308.12,160,6.25,-0.4
07:31:02,"[303.25, 24]","[302.68, 22]","[309.1, 50]","[313.0, 68]",306.18,164,5.85,-0.44
07:31:03,"[304.73, 45]","[302.95, 41]","[308.0, 75]","[313.0, 75]",306.37,236,3.27,-0.27
07:31:04,"[305.0, 37]","[303.0, 51]","[306.12, 85]","[313.0, 85]",305.56,258,1.12,-0.32
07:31:05,"[305.0, 18]","[303.0, 27]","[306.0, 39]","[313.29, 42]",305.5,126,1.0,-0.29
07:31:06,"[302.0, 6]","[301.0, 21]","[305.33, 12]","[314.0, 12]",303.67,51,3.33,0.06
07:31:07,"[302.0, 28]","[301.0, 98]","[305.0, 56]","[313.07, 56]",303.5,238,3.0,0.06
07:31:08,"[301.83, 24]","[300.96, 71]","[303.86, 42]","[311.64, 44]",302.85,181,2.02,0.05
07:31:09,"[300.52, 27]","[296.47, 51]","[302.4, 45]","[314.73, 74]",301.46,197,1.88,-0.21
07:31:10,"[293.3, 70]","[292.0, 10]","[314.16, 38]","[315.05, 55]",303.73,173,20.86,-0.08
07:31:11,"[293.0, 77]","[292.0, 11]","[307.82, 55]","[309.53, 49]",300.41,192,14.82,-0.08
07:31:12,"[293.27, 75]","[292.68, 38]","[307.47, 57]","[311.19, 53]",300.37,223,14.21,0.01
07:31:13,"[293.0, 48]","[289.44, 9]","[305.86, 14]","[307.26, 23]",299.43,94,12.86,0.21
07:31:14,"[293.0, 48]","[289.0, 6]","[303.5, 12]","[307.33, 24]",298.25,90,10.5,0.2
07:31:15,"[293.0, 104]","[289.0, 13]","[303.23, 26]","[307.74, 46]",298.12,189,10.23,0.24
07:31:16,"[293.0, 64]","[289.0, 8]","[305.0, 32]","[306.0, 16]",299.0,120,12.0,0.2
07:31:17,"[293.82, 49]","[292.47, 47]","[304.91, 44]","[306.51, 53]",299.36,193,11.09,-0.01
07:31:18,"[294.58, 36]","[292.5, 76]","[304.0, 32]","[305.0, 64]",299.29,208,9.42,0.08
07:31:19,"[297.0, 15]","[296.0, 90]","[302.17, 48]","[303.81, 42]",299.58,195,5.17,0.08
07:31:20,"[296.13, 62]","[295.21, 57]","[298.86, 42]","[302.12, 66]",297.49,227,2.73,0.05
07:31:21,"[296.47, 57]","[287.79, 28]","[298.0, 37]","[299.0, 52]",297.24,174,1.53,-0.02
07:31:22,"[295.71, 42]","[285.77, 78]","[300.13, 30]","[303.0, 36]",297.92,186,4.42,0.29
07:31:23,"[288.0, 30]","[284.5, 36]","[306.0, 6]","[308.0, 12]",297.0,84,18.0,0.57
07:31:24,"[291.0, 36]","[286.08, 49]","[305.2, 15]","[306.6, 20]",298.1,120,14.2,0.42
07:31:25,"[292.8, 50]","[290.69, 32]","[305.0, 30]","[306.0, 45]",298.9,157,12.2,0.04
07:31:26,"[300.0, 24]","[291.0, 60]","[304.12, 25]","[305.15, 13]",302.06,122,4.12,0.38
07:31:27,"[300.82, 34]","[295.34, 29]","[305.0, 10]","[306.0, 20]",302.91,93,4.18,0.35
07:31:28,"[301.0, 44]","[300.0, 27]","[304.16, 25]","[309.45, 22]",302.58,118,3.16,0.2
07:31:29,"[301.0, 28]","[300.0, 21]","[304.0, 29]","[306.4, 20]",302.5,98,3.0,0.0
07:31:30,"[302.14, 14]","[300.94, 17]","[304.0, 10]","[306.0, 15]",303.07,56,1.86,0.11
07:31:31,"[300.0, 15]","[287.67, 12]","[304.0, 10]","[306.0, 15]",302.0,52,4.0,0.04
07:31:32,"[300.67, 9]","[297.64, 22]","[304.0, 14]","[306.0, 21]",302.33,66,3.33,-0.06
07:31:33,"[301.08, 13]","[300.14, 14]","[304.0, 10]","[306.0, 15]",302.54,52,2.92,0.04
07:31:34,"[301.2, 5]","[292.43, 14]","[304.0, 10]","[306.0, 15]",302.6,44,2.8,-0.14
07:31:35,"[300.0, 4]","[286.0, 16]","[304.0, 8]","[306.0, 12]",302.0,40,4.0,0.0
07:31:36,"[287.08, 13]","[284.5, 16]","[304.0, 8]","[306.0, 12]",295.54,49,16.92,0.18
07:31:37,"[286.0, 8]","[284.0, 8]","[303.0, 4]","[305.2, 5]",294.5,25,17.0,0.28
07:31:38,"[286.0, 44]","[284.0, 44]","[298.91, 23]","[306.62, 29]",292.46,140,12.91,0.26
07:31:39,"[286.0, 16]","[284.0, 16]","[289.25, 16]","[291.0, 4]",287.62,52,3.25,0.23
07:31:40,"[286.0, 28]","[284.0, 28]","[289.0, 28]","[291.0, 7]",287.5,91,3.0,0.23
07:31:41,"[286.0, 32]","[284.0, 32]","[289.26, 23]","[295.24, 17]",287.63,104,3.26,0.23
07:31:42,"[286.0, 32]","[284.0, 32]","[291.0, 8]","[297.0, 32]",288.5,104,5.0,0.23
07:31:43,"[286.0, 24]","[284.11, 18]","[291.0, 6]","[297.0, 24]",288.5,72,5.0,0.17
07:31:44,"[286.0, 32]","[284.0, 32]","[291.0, 8]","[297.0, 32]",288.5,104,5.0,0.23
07:31:45,"[286.0, 32]","[284.0, 32]","[291.0, 8]","[297.0, 32]",288.5,104,5.0,0.23
07:31:46,"[286.0, 20]","[284.0, 20]","[291.0, 5]","[297.0, 20]",288.5,65,5.0,0.23
07:31:47,"[286.0, 20]","[284.0, 5]","[296.65, 17]","[298.6, 20]",291.32,62,10.65,-0.19
07:31:48,"[286.0, 32]","[284.0, 8]","[298.75, 32]","[300.75, 32]",292.38,104,12.75,-0.23
07:31:49,"[286.0, 32]","[284.0, 8]","[297.25, 32]","[299.35, 23]",291.62,95,11.25,-0.16
07:31:50,"[287.13, 30]","[285.65, 17]","[297.0, 44]","[300.2, 20]",292.07,111,9.87,-0.15
07:31:51,"[290.0, 18]","[286.8, 10]","[294.84, 25]","[298.78, 36]",292.42,89,4.84,-0.37
07:31:52,"[289.64, 22]","[285.67, 24]","[295.62, 26]","[297.59, 34]",292.63,106,5.98,-0.13
07:31:53,"[286.0, 14]","[283.57, 70]","[298.96, 46]","[301.37, 38]",292.48,168,12.96,0.0
07:31:54,"[286.55, 11]","[285.09, 33]","[301.25, 16]","[303.0, 40]",293.9,100,14.7,-0.12
07:31:55,"[287.09, 22]","[285.28, 29]","[301.03, 37]","[303.7, 50]",294.06,138,13.94,-0.26
07:31:56,"[288.4, 30]","[287.0, 15]","[300.54, 35]","[302.43, 46]",294.47,126,12.14,-0.29
07:31:57,"[285.75, 48]","[284.88, 51]","[296.07, 15]","[300.41, 61]",290.91,175,10.32,0.13
07:31:58,"[285.0, 78]","[284.0, 26]","[295.04, 46]","[298.61, 23]",290.02,173,10.04,0.2
07:31:59,"[286.24, 17]","[284.97, 68]","[293.44, 27]","[295.15, 33]",289.84,145,7.21,0.17
07:32:00,"[288.12, 128]","[287.0, 16]","[293.55, 20]","[295.04, 47]",290.84,211,5.43,0.36
07:32:01,"[290.57, 95]","[290.34, 67]","[293.29, 34]","[294.79, 38]",291.93,234,2.73,0.38
07:32:02,"[291.09, 53]","[289.12, 64]","[293.0, 27]","[294.0, 11]",292.05,155,1.91,0.51
07:32:03,"[291.0, 76]","[286.0, 40]","[294.12, 16]","[295.21, 29]",292.56,161,3.12,0.44
07:32:04,"[291.5, 84]","[286.0, 48]","[295.0, 24]","[296.0, 48]",293.25,204,3.5,0.29
07:32:05,"[289.39, 64]","[284.45, 58]","[295.0, 13]","[296.0, 52]",292.2,187,5.61,0.3
07:32:06,"[287.0, 64]","[282.95, 79]","[294.06, 16]","[296.0, 64]",290.53,223,7.06,0.28
07:32:07,"[287.77, 53]","[282.0, 56]","[293.0, 14]","[296.0, 56]",290.39,179,5.23,0.22
07:32:08,"[288.57, 21]","[282.32, 38]","[293.0, 11]","[296.0, 44]",290.79,114,4.43,0.04
07:32:09,"[289.81, 96]","[288.0, 16]","[293.24, 17]","[296.03, 62]",291.52,191,3.42,0.17
07:32:10,"[291.76, 63]","[290.57, 28]","[296.0, 62]","[297.0, 26]",293.88,179,4.24,0.02
07:32:11,"[295.87, 108]","[288.08, 53]","[297.12, 58]","[298.29, 42]",296.5,261,1.25,0.23
07:32:12,"[297.04, 73]","[287.0, 91]","[299.0, 65]","[300.0, 26]",298.02,255,1.96,0.29
07:32:13,"[298.67, 30]","[289.99, 78]","[299.53, 34]","[300.82, 55]",299.1,197,0.86,0.1
07:32:14,"[299.0, 40]","[298.0, 12]","[300.0, 24]","[301.0, 60]",299.5,136,1.0,-0.24
07:32:15,"[298.3, 10]","[282.38, 37]","[300.0, 13]","[301.0, 50]",299.15,110,1.7,-0.15
07:32:16,"[298.0, 21]","[281.0, 70]","[300.0, 7]","[301.0, 35]",299.0,133,2.0,0.37
07:32:17,"[298.0, 88]","[288.28, 125]","[300.14, 43]","[301.35, 51]",299.07,307,2.14,0.39
07:32:18,"[298.0, 88]","[284.14, 116]","[299.0, 44]","[301.0, 55]",298.5,303,1.0,0.35
07:32:19,"[298.0, 32]","[281.0, 70]","[300.72, 29]","[306.48, 23]",299.36,154,2.72,0.32
07:32:20,"[298.0, 44]","[281.0, 110]","[304.86, 35]","[409.52, 46]",301.43,235,6.86,0.31
07:32:21,"[298.0, 41]","[281.0, 120]","[304.0, 36]","[395.19, 48]",301.0,245,6.0,0.31
07:32:22,"[298.0, 50]","[281.0, 100]","[309.0, 30]","[457.33, 43]",303.5,223,11.0,0.35
07:32:23,"[298.0, 27]","[281.0, 40]","[309.0, 12]","[432.0, 16]",303.5,95,11.0,0.41
07:32:24,"[302.67, 72]","[289.77, 96]","[309.0, 36]","[541.63, 54]",305.83,258,6.33,0.3
07:32:25,"[306.0, 34]","[304.0, 70]","[309.0, 21]","[538.76, 29]",307.5,154,3.0,0.35
07:32:26,"[304.08, 52]","[300.0, 30]","[309.0, 18]","[536.0, 18]",306.54,118,4.92,0.39
07:32:27,"[304.0, 130]","[300.61, 92]","[308.23, 39]","[368.93, 41]",306.12,302,4.23,0.47
07:32:28,"[304.0, 110]","[301.0, 88]","[309.0, 33]","[592.14, 49]",306.5,280,5.0,0.41
07:32:29,"[304.0, 100]","[301.0, 80]","[309.0, 30]","[369.68, 44]",306.5,254,5.0,0.42
07:32:30,"[304.0, 70]","[301.0, 88]","[309.27, 33]","[357.0, 55]",306.64,246,5.27,0.28
07:32:31,"[304.0, 42]","[301.0, 56]","[310.0, 21]","[416.86, 35]",307.0,154,6.0,0.27
07:32:32,"[304.0, 72]","[301.0, 96]","[330.6, 50]","[411.84, 56]",317.3,274,26.6,0.23
07:32:33,"[304.0, 14]","[301.0, 72]","[310.0, 36]","[376.34, 35]",307.0,157,6.0,0.1
07:32:34,"[304.0, 3]","[301.0, 24]","[310.0, 12]","[421.0, 12]",307.0,51,6.0,0.06
07:32:35,"[302.82, 17]","[301.33, 72]","[309.33, 48]","[356.25, 48]",306.08,185,6.51,-0.04
07:32:36,"[302.0, 18]","[301.0, 72]","[307.22, 36]","[310.0, 36]",304.61,162,5.22,0.11
07:32:37,"[302.0, 36]","[301.0, 214]","[306.11, 72]","[308.67, 72]",304.06,394,4.11,0.27
07:32:38,"[302.0, 26]","[301.0, 169]","[304.69, 52]","[305.69, 52]",303.35,299,2.69,0.3
07:32:39,"[301.11, 88]","[300.93, 84]","[302.91, 44]","[305.83, 48]",302.01,264,1.8,0.3
07:32:40,"[301.0, 88]","[300.0, 14]","[302.08, 50]","[308.57, 56]",301.54,208,1.08,-0.02
07:32:41,"[298.23, 104]","[286.67, 36]","[311.0, 42]","[323.77, 39]",304.62,221,12.77,0.27
07:32:42,"[298.8, 163]","[296.06, 107]","[309.18, 17]","[312.59, 68]",303.99,355,10.38,0.52
07:32:43,"[299.78, 136]","[298.0, 105]","[307.27, 15]","[313.0, 60]",303.52,316,7.49,0.53
07:32:44,"[300.45, 88]","[298.0, 136]","[303.64, 11]","[312.27, 44]",302.05,279,3.18,0.61
07:32:45,"[301.0, 80]","[298.0, 140]","[302.4, 10]","[310.7, 40]",301.7,270,1.4,0.63
07:32:46,"[299.02, 106]","[296.22, 90]","[308.4, 25]","[400.5, 40]",303.71,261,9.38,0.5
07:32:47,"[299.03, 78]","[297.21, 66]","[310.0, 52]","[481.0, 52]",304.51,248,10.97,0.16
07:32:48,"[308.0, 6]","[304.0, 18]","[310.0, 24]","[373.0, 24]",309.0,72,2.0,-0.33
07:32:49,"[304.5, 24]","[298.5, 107]","[331.0, 36]","[512.5, 40]",317.75,207,26.5,0.27
07:32:50,"[304.0, 36]","[298.0, 168]","[310.0, 36]","[540.28, 50]",307.0,290,6.0,0.41
07:32:51,"[304.0, 42]","[298.0, 193]","[308.57, 70]","[311.71, 42]",306.29,347,4.57,0.35
07:32:52,"[304.0, 18]","[298.0, 84]","[308.0, 30]","[314.0, 18]",306.0,150,4.0,0.36
07:32:53,"[304.0, 18]","[298.0, 84]","[308.0, 30]","[314.0, 18]",306.0,150,4.0,0.36
07:32:54,"[304.0, 39]","[298.17, 104]","[307.31, 65]","[314.46, 39]",305.65,247,3.31,0.16
07:32:55,"[303.62, 16]","[298.67, 36]","[305.95, 42]","[313.06, 34]",304.79,128,2.33,-0.19
07:32:56,"[298.04, 142]","[292.54, 50]","[305.57, 70]","[316.0, 42]",301.8,304,7.54,0.26
07:32:57,"[298.0, 112]","[291.7, 30]","[304.15, 48]","[316.0, 30]",301.07,220,6.15,0.29
07:32:58,"[298.0, 80]","[292.0, 24]","[302.62, 32]","[315.12, 24]",300.31,160,4.62,0.3
07:32:59,"[298.0, 110]","[292.0, 33]","[299.55, 44]","[301.6, 43]",298.77,230,1.55,0.24
07:33:00,"[296.14, 58]","[290.71, 42]","[299.68, 50]","[310.0, 45]",297.91,195,3.54,0.03
07:33:01,"[292.0, 22]","[290.0, 33]","[297.27, 44]","[310.91, 33]",294.64,132,5.27,-0.17
07:33:02,"[290.76, 33]","[288.11, 35]","[296.0, 56]","[298.0, 70]",293.38,194,5.24,-0.3
07:33:03,"[287.55, 11]","[284.28, 53]","[294.0, 38]","[295.96, 47]",290.77,149,6.45,-0.14
07:33:04,"[289.0, 10]","[284.68, 31]","[295.0, 40]","[298.0, 50]",292.0,131,6.0,-0.37
07:33:05,"[292.14, 14]","[290.2, 10]","[294.38, 32]","[298.0, 40]",293.26,96,2.23,-0.5
07:33:06,"[292.0, 12]","[285.22, 36]","[296.58, 19]","[299.17, 41]",294.29,108,4.58,-0.11
07:33:07,"[291.0, 18]","[282.0, 72]","[296.67, 21]","[297.93, 43]",293.83,154,5.67,0.17
07:33:08,"[291.0, 12]","[282.0, 48]","[295.0, 6]","[298.0, 30]",293.0,96,4.0,0.25
07:33:09,"[291.0, 6]","[282.0, 24]","[295.0, 3]","[298.0, 15]",293.0,48,4.0,0.25
07:33:10,"[291.0, 12]","[282.0, 48]","[295.0, 6]","[296.4, 25]",293.0,91,4.0,0.32
07:33:11,"[291.0, 10]","[282.0, 40]","[295.75, 8]","[297.3, 23]",293.38,81,4.75,0.23
07:33:12,"[291.0, 8]","[282.0, 32]","[296.0, 8]","[298.0, 20]",293.5,68,5.0,0.18
07:33:13,"[291.0, 12]","[282.0, 48]","[297.21, 14]","[299.54, 26]",294.11,100,6.21,0.2
07:33:14,"[291.0, 22]","[282.0, 88]","[303.0, 11]","[305.0, 55]",297.0,176,12.0,0.25
07:33:15,"[292.2, 15]","[283.33, 66]","[303.0, 11]","[305.0, 55]",297.6,147,10.8,0.1
07:33:16,"[298.9, 31]","[293.68, 25]","[303.0, 13]","[305.0, 65]",300.95,134,4.1,-0.16
07:33:17,"[300.23, 69]","[299.27, 22]","[302.1, 31]","[304.36, 22]",301.16,144,1.86,0.26
07:33:18,"[301.24, 63]","[299.89, 35]","[303.0, 13]","[305.0, 65]",302.12,176,1.76,0.11
07:33:19,"[302.06, 104]","[300.75, 48]","[304.43, 28]","[305.67, 60]",303.24,240,2.37,0.27
07:33:20,"[304.0, 39]","[302.0, 117]","[305.0, 65]","[307.0, 65]",304.5,286,1.0,0.09
07:33:21,"[302.91, 34]","[301.8, 60]","[305.0, 40]","[307.0, 40]",303.96,174,2.09,0.08
07:33:22,"[302.1, 80]","[301.32, 71]","[306.68, 79]","[306.9, 79]",304.39,309,4.58,-0.02
07:33:23,"[302.0, 99]","[300.0, 33]","[306.0, 11]","[307.41, 58]",304.0,201,4.0,0.31
07:33:24,"[302.0, 63]","[300.0, 21]","[306.0, 7]","[311.72, 29]",304.0,120,4.0,0.4
07:33:25,"[302.0, 81]","[300.0, 27]","[306.0, 9]","[312.0, 45]",304.0,162,4.0,0.33
07:33:26,"[302.0, 45]","[300.0, 15]","[306.0, 5]","[312.0, 25]",304.0,90,4.0,0.33
07:33:27,"[302.0, 63]","[300.0, 21]","[306.0, 7]","[312.0, 35]",304.0,126,4.0,0.33
07:33:28,"[302.0, 63]","[300.0, 21]","[306.0, 7]","[312.0, 35]",304.0,126,4.0,0.33
07:33:29,"[302.0, 108]","[300.0, 36]","[306.0, 12]","[312.0, 60]",304.0,216,4.0,0.33
07:33:30,"[302.0, 81]","[300.0, 27]","[306.0, 9]","[312.0, 45]",304.0,162,4.0,0.33
07:33:31,"[302.0, 59]","[300.0, 21]","[306.0, 7]","[312.0, 35]",304.0,122,4.0,0.31
07:33:32,"[302.0, 70]","[300.0, 30]","[306.0, 10]","[312.0, 50]",304.0,160,4.0,0.25
07:33:33,"[302.0, 67]","[300.0, 39]","[306.0, 13]","[311.24, 42]",304.0,161,4.0,0.32
07:33:34,"[302.0, 65]","[300.53, 45]","[304.33, 27]","[306.92, 13]",303.17,150,2.33,0.47
07:33:35,"[302.0, 52]","[301.0, 52]","[303.65, 23]","[304.17, 29]",302.83,156,1.65,0.33
07:33:36,"[302.0, 35]","[301.0, 40]","[303.75, 20]","[305.5, 20]",302.88,115,1.75,0.3
07:33:37,"[301.88, 34]","[300.69, 58]","[303.0, 36]","[310.17, 12]",302.44,140,1.12,0.31
07:33:38,"[300.21, 68]","[299.45, 87]","[302.0, 39]","[311.23, 13]",301.1,207,1.79,0.5
07:33:39,"[300.06, 96]","[299.15, 94]","[302.64, 42]","[313.14, 28]",301.35,260,2.58,0.46
07:33:40,"[300.0, 117]","[298.0, 48]","[310.13, 23]","[312.74, 43]",305.07,231,10.13,0.43
07:33:41,"[300.22, 65]","[298.78, 46]","[310.0, 28]","[311.77, 39]",305.11,178,9.78,0.25
07:33:42,"[300.85, 82]","[299.48, 122]","[309.11, 38]","[312.0, 88]",304.98,330,8.25,0.24
07:33:43,"[300.0, 92]","[298.0, 48]","[309.84, 31]","[314.48, 29]",304.92,200,9.84,0.4
07:33:44,"[298.88, 64]","[296.2, 25]","[308.69, 39]","[310.87, 38]",303.78,166,9.82,0.07
07:33:45,"[298.0, 64]","[293.0, 16]","[307.12, 48]","[309.62, 48]",302.56,176,9.12,-0.09
07:33:46,"[294.92, 39]","[290.27, 11]","[305.92, 36]","[306.91, 33]",300.42,119,10.99,-0.16
07:33:47,"[290.0, 42]","[287.0, 14]","[298.02, 52]","[300.74, 50]",294.01,158,8.02,-0.29
07:33:48,"[290.16, 38]","[288.0, 18]","[295.48, 52]","[297.79, 70]",292.82,178,5.32,-0.37
07:33:49,"[293.95, 66]","[290.94, 18]","[296.0, 60]","[300.77, 52]",294.98,196,2.05,-0.14
07:33:50,"[294.0, 63]","[291.0, 9]","[300.23, 43]","[304.44, 71]",297.12,186,6.23,-0.23
07:33:51,"[294.22, 126]","[291.0, 18]","[299.54, 39]","[302.73, 111]",296.88,294,5.32,-0.02
07:33:52,"[296.51, 68]","[287.81, 16]","[299.0, 12]","[300.17, 48]",297.76,144,2.49,0.17
07:33:53,"[295.71, 35]","[286.71, 35]","[299.0, 13]","[302.0, 52]",297.36,135,3.29,0.04
07:33:54,"[288.1, 31]","[286.46, 26]","[299.0, 11]","[302.0, 44]",293.55,112,10.9,0.02
07:33:55,"[285.0, 90]","[280.0, 15]","[296.93, 15]","[301.67, 60]",290.97,180,11.93,0.17
07:33:56,"[285.0, 66]","[280.67, 12]","[294.91, 11]","[299.91, 44]",289.95,133,9.91,0.17
07:33:57,"[289.65, 31]","[286.08, 48]","[295.6, 20]","[297.17, 46]",292.62,145,5.95,0.09
07:33:58,"[293.1, 10]","[291.4, 20]","[297.91, 44]","[299.4, 35]",295.5,109,4.81,-0.45
07:33:59,"[294.0, 11]","[290.0, 22]","[296.0, 33]","[298.0, 44]",295.0,110,2.0,-0.4
07:34:00,"[294.86, 21]","[290.17, 23]","[296.67, 30]","[301.06, 47]",295.76,121,1.81,-0.27
07:34:01,"[295.5, 20]","[285.0, 10]","[302.4, 40]","[306.9, 30]",298.95,100,6.9,-0.4
07:34:02,"[296.0, 20]","[285.4, 10]","[302.52, 31]","[306.82, 33]",299.26,94,6.52,-0.36
07:34:03,"[288.36, 44]","[285.1, 20]","[300.4, 20]","[304.07, 54]",294.38,138,12.04,-0.07
07:34:04,"[290.19, 52]","[288.91, 23]","[304.0, 40]","[312.0, 30]",297.1,145,13.81,0.03
07:34:05,"[293.3, 37]","[292.62, 52]","[303.8, 45]","[309.54, 39]",298.55,173,10.5,0.03
07:34:06,"[296.55, 11]","[293.0, 66]","[303.0, 77]","[312.0, 33]",299.77,187,6.45,-0.18
07:34:07,"[299.43, 79]","[295.74, 19]","[303.0, 92]","[312.0, 42]",301.22,232,3.57,-0.16
07:34:08,"[301.09, 56]","[299.71, 24]","[303.0, 64]","[312.0, 42]",302.04,186,1.91,-0.14
07:34:09,"[301.16, 25]","[299.89, 19]","[302.92, 26]","[304.36, 47]",302.04,117,1.76,-0.25
07:34:10,"[294.54, 13]","[287.96, 23]","[298.67, 9]","[302.62, 13]",296.6,58,4.13,0.24
07:34:11,"[287.5, 12]","[286.25, 12]","[296.0, 6]","[302.0, 6]",291.75,36,8.5,0.33
07:34:12,"[287.0, 24]","[284.0, 8]","[295.12, 8]","[297.5, 8]",291.06,48,8.12,0.33
07:34:13,"[287.0, 24]","[284.0, 8]","[294.38, 8]","[298.25, 8]",290.69,48,7.38,0.33
07:34:14,"[287.0, 9]","[284.0, 3]","[296.0, 3]","[305.0, 3]",291.5,18,9.0,0.33
07:34:15,"[287.0, 27]","[284.0, 9]","[296.0, 9]","[302.2, 30]",291.5,75,9.0,-0.04
07:34:16,"[287.0, 12]","[284.0, 4]","[296.0, 8]","[302.0, 16]",291.5,40,9.0,-0.2
07:34:17,"[287.0, 12]","[284.0, 4]","[296.0, 8]","[302.0, 16]",291.5,40,9.0,-0.2
07:34:18,"[287.0, 18]","[284.0, 6]","[296.0, 12]","[302.0, 24]",291.5,60,9.0,-0.2
07:34:19,"[287.0, 69]","[284.0, 9]","[296.0, 18]","[302.0, 36]",291.5,132,9.0,0.18
07:34:20,"[288.0, 8]","[287.0, 122]","[296.0, 16]","[302.0, 32]",292.0,178,8.0,0.46
07:34:21,"[288.83, 18]","[287.0, 32]","[296.0, 22]","[302.55, 66]",292.42,138,7.17,-0.28
07:34:22,"[289.0, 10]","[284.4, 20]","[295.11, 18]","[299.43, 14]",292.06,62,6.11,-0.03
07:34:23,"[289.0, 51]","[284.0, 90]","[295.0, 25]","[296.76, 21]",292.0,187,6.0,0.51
07:34:24,"[289.17, 72]","[286.42, 114]","[294.5, 20]","[297.86, 42]",291.83,248,5.33,0.5
07:34:25,"[291.0, 14]","[285.58, 114]","[292.95, 55]","[295.0, 14]",291.97,197,1.95,0.3
07:34:26,"[285.0, 30]","[283.15, 156]","[292.0, 18]","[295.0, 15]",288.5,219,7.0,0.7
07:34:27,"[289.29, 56]","[283.06, 99]","[296.97, 29]","[298.91, 23]",293.13,207,7.68,0.5
07:34:28,"[290.29, 51]","[282.85, 40]","[300.0, 26]","[301.0, 26]",295.15,143,9.71,0.27
07:34:29,"[298.0, 24]","[285.0, 6]","[300.0, 12]","[301.0, 12]",299.0,54,2.0,0.11
07:34:30,"[298.1, 31]","[293.21, 19]","[300.0, 20]","[301.0, 20]",299.05,90,1.9,0.11
07:34:31,"[298.09, 22]","[288.74, 35]","[300.0, 14]","[301.0, 14]",299.05,85,1.91,0.34
07:34:32,"[298.0, 24]","[283.67, 96]","[300.0, 24]","[301.0, 24]",299.0,168,2.0,0.43
07:34:33,"[298.0, 16]","[282.0, 8]","[300.0, 16]","[301.0, 16]",299.0,56,2.0,-0.14
07:34:34,"[297.06, 17]","[281.89, 9]","[299.54, 26]","[301.47, 19]",298.3,71,2.48,-0.27
07:34:35,"[284.42, 19]","[281.17, 54]","[292.25, 32]","[300.94, 35]",288.34,140,7.83,0.04
07:34:36,"[285.0, 34]","[281.55, 40]","[293.6, 30]","[300.0, 40]",289.3,144,8.6,0.03
07:34:37,"[281.0, 72]","[280.0, 12]","[290.64, 44]","[297.25, 32]",285.82,160,9.64,0.05
07:34:38,"[280.9, 40]","[279.08, 78]","[290.0, 40]","[296.68, 38]",285.45,196,9.1,0.2
07:34:39,"[280.53, 15]","[279.06, 134]","[289.05, 38]","[291.07, 56]",284.79,243,8.52,0.23
07:34:40,"[281.31, 13]","[278.38, 63]","[288.0, 26]","[290.0, 52]",284.65,154,6.69,-0.01
07:34:41,"[283.0, 14]","[276.5, 96]","[288.0, 28]","[290.0, 56]",285.5,194,5.0,0.13
07:34:42,"[284.0, 9]","[275.0, 117]","[288.0, 18]","[290.0, 36]",286.0,180,4.0,0.4
07:34:43,"[285.0, 13]","[275.01, 157]","[288.0, 26]","[290.0, 52]",286.5,248,3.0,0.37
07:34:44,"[285.0, 7]","[276.0, 7]","[289.45, 22]","[291.0, 24]",287.23,60,4.45,-0.53
07:34:45,"[286.0, 15]","[275.6, 15]","[290.1, 42]","[292.13, 45]",288.05,117,4.1,-0.49
07:34:46,"[287.0, 15]","[273.12, 235]","[288.0, 30]","[290.0, 45]",287.5,325,1.0,0.54
07:34:47,"[273.68, 82]","[272.66, 106]","[288.71, 14]","[291.0, 30]",281.2,232,15.03,0.62
07:34:48,"[273.0, 104]","[271.12, 48]","[290.0, 8]","[292.0, 24]",281.5,184,17.0,0.65
07:34:49,"[273.0, 135]","[271.54, 52]","[290.8, 15]","[292.92, 39]",281.9,241,17.8,0.55
07:34:50,"[280.0, 8]","[273.0, 96]","[293.0, 18]","[295.83, 36]",286.5,158,13.0,0.32
07:34:51,"[273.36, 47]","[272.17, 46]","[298.0, 14]","[300.0, 28]",285.68,135,24.64,0.38
07:34:52,"[279.35, 26]","[276.14, 21]","[298.0, 11]","[300.0, 22]",288.67,80,18.65,0.17
07:34:53,"[284.0, 28]","[280.54, 48]","[298.0, 15]","[300.0, 30]",291.0,121,14.0,0.26
07:34:54,"[284.2, 15]","[282.88, 25]","[298.0, 14]","[300.0, 28]",291.1,82,13.8,-0.02
07:34:55,"[285.38, 13]","[284.38, 13]","[297.69, 13]","[299.64, 22]",291.54,61,12.31,-0.15
07:34:56,"[289.08, 12]","[287.67, 12]","[297.0, 12]","[298.0, 12]",293.04,48,7.92,0.0
07:34:57,"[294.27, 15]","[287.4, 15]","[296.93, 15]","[298.0, 15]",295.6,60,2.67,0.0
07:34:58,"[296.88, 17]","[284.27, 49]","[298.15, 13]","[327.53, 15]",297.52,94,1.27,0.4
07:34:59,"[297.92, 38]","[294.3, 10]","[369.67, 15]","[494.15, 26]",333.79,89,71.75,0.08
07:35:00,"[297.4, 15]","[287.75, 16]","[319.2, 40]","[400.88, 50]",308.3,121,21.8,-0.49
07:35:01,"[302.0, 15]","[292.55, 11]","[314.0, 22]","[356.18, 44]",308.0,92,12.0,-0.43
07:35:02,"[302.0, 10]","[293.0, 10]","[313.3, 20]","[324.95, 38]",307.65,78,11.3,-0.49
07:35:03,"[302.0, 7]","[293.0, 7]","[312.0, 14]","[466.33, 15]",307.0,43,10.0,-0.35
07:35:04,"[300.57, 21]","[298.78, 83]","[384.6, 35]","[406.16, 38]",342.59,177,84.03,0.18
07:35:05,"[299.0, 40]","[293.0, 8]","[372.0, 32]","[406.0, 24]",335.5,104,73.0,-0.08
07:35:06,"[299.44, 27]","[298.45, 33]","[364.74, 31]","[384.97, 31]",332.09,122,65.3,-0.02
07:35:07,"[300.06, 32]","[299.0, 80]","[303.62, 48]","[340.16, 50]",301.84,210,3.56,0.07
07:35:08,"[298.87, 75]","[297.49, 78]","[300.94, 54]","[304.0, 54]",299.91,261,2.08,0.17
07:35:09,"[298.21, 28]","[292.52, 42]","[302.83, 36]","[416.28, 43]",300.52,149,4.62,-0.06
07:35:10,"[300.0, 39]","[297.0, 97]","[302.0, 39]","[313.23, 39]",301.0,214,2.0,0.27
07:35:11,"[297.82, 44]","[294.33, 48]","[301.5, 36]","[318.83, 36]",299.66,164,3.68,0.12
07:35:12,"[297.0, 24]","[293.0, 24]","[301.0, 18]","[318.0, 18]",299.0,84,4.0,0.14
07:35:13,"[294.87, 15]","[292.86, 28]","[300.26, 34]","[307.38, 24]",297.57,101,5.4,-0.15
07:35:14,"[293.0, 40]","[292.0, 20]","[297.23, 48]","[299.16, 32]",295.11,140,4.23,-0.14
07:35:15,"[293.45, 22]","[292.77, 26]","[295.75, 40]","[299.0, 24]",294.6,112,2.3,-0.14
07:35:16,"[293.78, 18]","[292.73, 30]","[295.0, 38]","[297.25, 24]",294.39,110,1.22,-0.13
07:35:17,"[293.0, 40]","[289.0, 20]","[294.25, 16]","[296.33, 18]",293.62,94,1.25,0.28
07:35:18,"[292.29, 69]","[289.6, 25]","[293.82, 11]","[295.0, 11]",293.05,116,1.53,0.62
07:35:19,"[291.54, 26]","[288.33, 18]","[293.22, 9]","[296.0, 16]",292.38,69,1.68,0.28
07:35:20,"[292.0, 10]","[289.0, 10]","[295.0, 5]","[297.0, 40]",293.5,65,3.0,-0.38
07:35:21,"[292.76, 33]","[291.08, 26]","[295.0, 13]","[297.0, 104]",293.88,176,2.24,-0.33
07:35:22,"[291.0, 25]","[287.81, 32]","[296.53, 47]","[297.95, 98]",293.77,202,5.53,-0.44
07:35:23,"[292.22, 18]","[287.0, 21]","[297.0, 63]","[300.0, 9]",294.61,111,4.78,-0.3
07:35:24,"[293.07, 28]","[283.0, 35]","[296.3, 86]","[297.48, 50]",294.69,199,3.23,-0.37
07:35:25,"[287.24, 21]","[280.86, 28]","[298.56, 36]","[298.54, 35]",292.9,120,11.32,-0.18
07:35:26,"[282.64, 11]","[281.4, 20]","[302.0, 27]","[355.0, 14]",292.32,72,19.36,-0.14
07:35:27,"[296.71, 42]","[282.1, 20]","[320.48, 23]","[428.2, 15]",308.6,100,23.76,0.24
07:35:28,"[299.0, 90]","[290.5, 12]","[300.0, 20]","[423.46, 13]",299.5,135,1.0,0.51
07:35:29,"[299.0, 62]","[293.0, 8]","[300.0, 16]","[396.0, 16]",299.5,102,1.0,0.37
07:35:30,"[296.0, 16]","[285.89, 18]","[299.78, 23]","[386.4, 20]",297.89,77,3.78,-0.12
07:35:31,"[297.0, 20]","[293.0, 10]","[298.62, 40]","[299.4, 35]",297.81,105,1.62,-0.43
07:35:32,"[292.75, 16]","[285.62, 26]","[298.88, 41]","[307.96, 27]",295.81,110,6.13,-0.24
07:35:33,"[291.0, 12]","[286.0, 24]","[296.62, 34]","[298.48, 23]",293.81,93,5.62,-0.23
07:35:34,"[288.0, 8]","[286.0, 16]","[294.25, 24]","[297.0, 8]",291.12,56,6.25,-0.14
07:35:35,"[287.33, 12]","[285.89, 18]","[292.5, 12]","[298.83, 12]",289.92,54,5.17,0.11
07:35:36,"[286.0, 12]","[285.0, 6]","[290.64, 22]","[299.86, 14]",288.32,54,4.64,-0.33
07:35:37,"[286.0, 14]","[284.0, 9]","[290.0, 35]","[297.0, 7]",288.0,65,4.0,-0.29
07:35:38,"[286.62, 16]","[283.43, 21]","[290.0, 40]","[297.0, 8]",288.31,85,3.38,-0.13
07:35:39,"[287.7, 20]","[282.7, 30]","[290.0, 50]","[297.0, 10]",288.85,110,2.3,-0.09
07:35:40,"[283.08, 13]","[279.3, 23]","[290.0, 45]","[297.0, 9]",286.54,90,6.92,-0.2
07:35:41,"[285.94, 33]","[284.72, 50]","[290.11, 61]","[297.57, 14]",288.03,158,4.18,0.05
07:35:42,"[284.0, 12]","[279.39, 38]","[289.5, 12]","[296.9, 20]",286.75,82,5.5,0.22
07:35:43,"[283.0, 22]","[280.5, 36]","[293.0, 14]","[295.91, 22]",288.0,94,10.0,0.23
07:35:44,"[286.46, 13]","[282.46, 26]","[293.54, 39]","[295.0, 13]",290.0,91,7.08,-0.14
07:35:45,"[287.86, 14]","[281.71, 28]","[293.0, 42]","[295.0, 47]",290.43,131,5.14,-0.36
07:35:46,"[289.1, 10]","[280.0, 20]","[292.8, 30]","[295.0, 40]",290.95,100,3.7,-0.4
07:35:47,"[290.0, 13]","[279.85, 26]","[292.0, 39]","[295.0, 52]",291.0,130,2.0,-0.4
07:35:48,"[290.73, 11]","[279.91, 112]","[292.69, 35]","[295.14, 42]",291.71,200,1.96,0.23
07:35:49,"[291.78, 9]","[281.88, 41]","[294.61, 38]","[295.72, 29]",293.19,117,2.83,-0.15
07:35:50,"[282.05, 94]","[281.2, 99]","[293.0, 60]","[295.0, 56]",287.53,309,10.95,0.25
07:35:51,"[281.0, 136]","[279.0, 16]","[291.77, 13]","[294.23, 26]",286.38,191,10.77,0.59
07:35:52,"[281.0, 170]","[279.0, 20]","[290.14, 14]","[293.29, 28]",285.57,232,9.14,0.64
07:35:53,"[281.0, 68]","[279.0, 8]","[291.0, 8]","[295.0, 36]",286.0,120,10.0,0.27
07:35:54,"[281.0, 119]","[279.0, 14]","[291.0, 7]","[295.0, 63]",286.0,203,10.0,0.31
07:35:55,"[281.08, 37]","[280.85, 55]","[291.0, 5]","[295.0, 45]",286.04,142,9.92,0.3
07:35:56,"[282.0, 5]","[281.0, 85]","[291.0, 5]","[295.0, 45]",286.5,140,9.0,0.29
07:35:57,"[282.8, 5]","[281.6, 85]","[291.0, 5]","[295.0, 45]",286.9,140,8.2,0.29
07:35:58,"[283.0, 7]","[282.0, 119]","[291.0, 7]","[294.91, 45]",287.0,178,8.0,0.42
07:35:59,"[283.2, 5]","[282.0, 85]","[291.0, 5]","[294.0, 10]",287.1,105,7.8,0.71
07:36:00,"[285.32, 19]","[282.5, 103]","[293.15, 27]","[294.42, 38]",289.23,187,7.83,0.3
07:36:01,"[290.42, 26]","[288.39, 18]","[293.06, 36]","[294.24, 34]",291.74,114,2.63,-0.23
07:36:02,"[291.0, 22]","[289.0, 11]","[294.68, 50]","[295.74, 31]",292.84,114,3.68,-0.42
07:36:03,"[291.0, 22]","[289.0, 11]","[295.0, 33]","[296.0, 33]",293.0,99,4.0,-0.33
07:36:04,"[292.79, 29]","[286.9, 20]","[295.0, 43]","[296.0, 45]",293.9,137,2.21,-0.28
07:36:05,"[290.0, 8]","[281.0, 48]","[295.0, 9]","[296.0, 24]",292.5,89,5.0,0.26
07:36:06,"[285.65, 52]","[283.84, 91]","[295.0, 22]","[296.0, 33]",290.33,198,9.35,0.44
07:36:07,"[284.0, 66]","[278.0, 66]","[295.0, 22]","[296.0, 33]",289.5,187,11.0,0.41
07:36:08,"[284.0, 96]","[278.0, 80]","[292.0, 20]","[295.33, 36]",288.0,232,8.0,0.52
07:36:09,"[284.0, 102]","[278.0, 68]","[294.18, 67]","[295.4, 40]",289.09,277,10.18,0.23
07:36:10,"[284.76, 42]","[282.5, 48]","[295.0, 45]","[296.0, 27]",289.88,162,10.24,0.11
07:36:11,"[286.0, 40]","[284.0, 60]","[295.32, 37]","[296.4, 30]",290.66,167,9.32,0.2
07:36:12,"[288.0, 56]","[284.0, 84]","[294.79, 42]","[295.79, 42]",291.39,224,6.79,0.25
07:36:13,"[289.77, 52]","[280.15, 78]","[292.19, 27]","[294.0, 39]",290.98,196,2.42,0.33
07:36:14,"[283.5, 64]","[278.07, 56]","[293.5, 32]","[295.33, 36]",288.5,188,10.0,0.28
07:36:15,"[281.0, 72]","[276.0, 48]","[294.0, 36]","[296.0, 36]",287.5,192,13.0,0.25
07:36:16,"[281.78, 46]","[280.07, 56]","[294.0, 33]","[296.0, 33]",287.89,168,12.22,0.21
07:36:17,"[284.2, 49]","[283.51, 49]","[294.0, 24]","[296.07, 42]",289.1,164,9.8,0.2
07:36:18,"[287.08, 26]","[284.0, 65]","[294.0, 13]","[296.05, 63]",290.54,167,6.92,0.09
07:36:19,"[288.36, 28]","[284.33, 49]","[294.0, 11]","[296.0, 55]",291.18,143,5.64,0.08
07:36:20,"[290.07, 44]","[289.49, 47]","[294.95, 19]","[296.14, 65]",292.51,175,4.88,0.04
07:36:21,"[293.86, 44]","[290.15, 55]","[296.49, 73]","[298.77, 64]",295.18,236,2.63,-0.16
07:36:22,"[296.78, 18]","[295.38, 16]","[298.0, 32]","[299.0, 44]",297.39,110,1.22,-0.38
07:36:23,"[294.25, 32]","[286.46, 52]","[298.76, 34]","[299.3, 23]",296.51,141,4.51,0.19
07:36:24,"[281.43, 47]","[277.84, 74]","[298.1, 41]","[302.37, 30]",289.76,192,16.67,0.26
07:36:25,"[279.92, 13]","[278.36, 28]","[295.38, 53]","[296.78, 54]",287.65,148,15.45,-0.45
07:36:26,"[281.64, 11]","[279.0, 11]","[295.0, 77]","[296.0, 44]",288.32,143,13.36,-0.69
07:36:27,"[283.81, 27]","[281.44, 16]","[293.97, 78]","[295.51, 55]",288.89,176,10.16,-0.51
07:36:28,"[284.2, 20]","[283.5, 16]","[388.5, 36]","[517.42, 31]",336.35,103,104.3,-0.3
07:36:29,"[285.18, 11]","[284.05, 19]","[296.45, 44]","[309.56, 34]",290.82,108,11.27,-0.44
07:36:30,"[288.67, 9]","[286.0, 18]","[328.79, 24]","[407.62, 21]",308.73,72,40.12,-0.25
07:36:31,"[289.08, 13]","[285.58, 31]","[359.0, 40]","[689.84, 25]",324.04,109,69.92,-0.19
07:36:32,"[291.41, 17]","[285.69, 42]","[376.5, 48]","[466.56, 41]",333.96,148,85.09,-0.2
07:36:33,"[294.47, 32]","[276.46, 41]","[351.71, 34]","[406.75, 32]",323.09,139,57.24,0.05
07:36:34,"[302.33, 45]","[296.0, 38]","[482.6, 35]","[575.62, 24]",392.47,142,180.27,0.17
07:36:35,"[303.0, 15]","[300.0, 6]","[534.67, 6]","[536.0, 12]",418.83,39,231.67,0.08
07:36:36,"[303.0, 40]","[300.0, 16]","[424.13, 30]","[549.71, 17]",363.57,103,121.13,0.09
07:36:37,"[302.27, 33]","[297.79, 38]","[464.55, 22]","[520.24, 21]",383.41,114,162.27,0.25
07:36:38,"[300.0, 8]","[297.0, 28]","[526.25, 8]","[547.4, 5]",413.12,49,226.25,0.47
07:36:39,"[300.0, 14]","[297.0, 49]","[495.12, 16]","[513.0, 13]",397.56,92,195.12,0.37
07:36:40,"[302.76, 76]","[298.78, 27]","[375.0, 44]","[480.45, 22]",338.88,169,72.24,0.22
07:36:41,"[302.82, 67]","[300.6, 85]","[377.4, 35]","[384.0, 16]",340.11,203,74.58,0.5
07:36:42,"[301.0, 54]","[297.0, 63]","[376.89, 27]","[444.12, 24]",338.94,168,75.89,0.39
07:36:43,"[301.0, 76]","[297.0, 77]","[373.7, 30]","[412.73, 26]",337.35,209,72.7,0.46
07:36:44,"[301.0, 34]","[297.14, 44]","[371.33, 18]","[372.53, 17]",336.17,113,70.33,0.38
07:36:45,"[301.0, 40]","[300.0, 20]","[358.89, 28]","[369.27, 22]",329.95,110,57.89,0.09
07:36:46,"[300.67, 15]","[298.09, 55]","[326.48, 40]","[330.36, 42]",313.57,152,25.81,-0.08
07:36:47,"[300.08, 13]","[297.02, 149]","[312.65, 31]","[314.41, 34]",306.36,227,12.57,0.43
07:36:48,"[297.57, 72]","[276.1, 58]","[310.79, 28]","[311.82, 22]",304.18,180,13.22,0.44
07:36:49,"[303.58, 36]","[300.96, 23]","[309.54, 35]","[310.4, 35]",306.56,129,5.96,-0.09
07:36:50,"[304.0, 9]","[302.0, 7]","[308.0, 14]","[310.0, 21]",306.0,51,4.0,-0.37
07:36:51,"[304.0, 10]","[302.0, 10]","[375.69, 32]","[381.11, 38]",339.84,90,71.69,-0.56
07:36:52,"[304.0, 9]","[302.0, 9]","[378.33, 9]","[379.83, 24]",341.17,51,74.33,-0.29
07:36:53,"[298.53, 57]","[297.51, 49]","[353.41, 27]","[369.94, 16]",325.97,149,54.88,0.42
07:36:54,"[298.0, 104]","[297.0, 88]","[324.62, 26]","[333.75, 24]",311.31,242,26.62,0.59
07:36:55,"[300.29, 63]","[297.83, 189]","[321.12, 33]","[320.17, 30]",310.7,315,20.84,0.6
07:36:56,"[304.0, 20]","[298.0, 130]","[312.88, 16]","[317.71, 34]",308.44,200,8.88,0.5
07:36:57,"[304.0, 20]","[298.21, 70]","[309.38, 13]","[311.04, 25]",306.69,128,5.38,0.41
07:36:58,"[302.62, 13]","[298.15, 82]","[305.33, 18]","[307.47, 15]",303.97,128,2.72,0.48
07:36:59,"[300.58, 52]","[297.79, 104]","[306.14, 14]","[335.85, 39]",303.36,209,5.57,0.49
07:37:00,"[299.9, 42]","[297.41, 78]","[309.0, 15]","[385.96, 48]",304.45,183,9.1,0.31
07:37:01,"[298.05, 97]","[296.95, 107]","[404.36, 33]","[503.12, 48]",351.21,285,106.31,0.43
07:37:02,"[298.16, 92]","[296.11, 89]","[414.0, 30]","[500.0, 40]",356.08,251,115.84,0.44
07:37:03,"[301.89, 18]","[297.64, 45]","[386.44, 27]","[472.07, 29]",344.17,119,84.56,0.06
07:37:04,"[308.0, 7]","[300.0, 7]","[430.39, 23]","[531.78, 27]",369.2,64,122.39,-0.56
07:37:05,"[305.0, 14]","[300.88, 34]","[347.75, 32]","[432.36, 22]",326.38,102,42.75,-0.06
07:37:06,"[301.0, 66]","[300.0, 11]","[356.42, 24]","[513.0, 40]",328.71,141,55.42,0.09
07:37:07,"[301.0, 36]","[300.0, 6]","[357.17, 12]","[530.0, 24]",329.08,78,56.17,0.08
07:37:08,"[301.0, 46]","[300.0, 13]","[350.08, 26]","[379.84, 38]",325.54,123,49.08,-0.04
07:37:09,"[306.87, 92]","[300.95, 21]","[348.18, 22]","[434.34, 41]",327.53,176,41.31,0.28
07:37:10,"[307.0, 81]","[301.0, 18]","[346.78, 18]","[380.89, 9]",326.89,126,39.78,0.57
07:37:11,"[305.55, 33]","[300.71, 14]","[345.73, 15]","[440.17, 12]",325.64,74,40.19,0.27
07:37:12,"[301.0, 18]","[300.0, 9]","[342.5, 12]","[344.0, 15]",321.75,54,41.5,0.0
07:37:13,"[301.0, 14]","[300.0, 7]","[331.5, 8]","[341.77, 13]",316.25,42,30.5,0.0
07:37:14,"[299.08, 83]","[294.41, 49]","[308.0, 26]","[309.0, 26]",303.54,184,8.92,0.43
07:37:15,"[300.9, 31]","[297.85, 130]","[307.17, 24]","[327.0, 15]",304.03,200,6.26,0.61
07:37:16,"[299.62, 29]","[296.95, 114]","[305.29, 17]","[321.19, 21]",302.46,181,5.67,0.58
07:37:17,"[299.0, 26]","[298.0, 237]","[302.17, 29]","[311.39, 18]",300.59,310,3.17,0.7
07:37:18,"[298.0, 165]","[292.25, 120]","[357.0, 22]","[626.76, 33]",327.5,340,59.0,0.68
07:37:19,"[298.0, 32]","[293.0, 40]","[567.25, 4]","[711.0, 16]",432.62,92,269.25,0.57
07:37:20,"[298.0, 37]","[293.07, 61]","[318.0, 7]","[574.71, 28]",308.0,133,20.0,0.47
07:37:21,"[298.0, 15]","[293.0, 58]","[318.0, 5]","[555.0, 20]",308.0,98,20.0,0.49
07:37:22,"[298.0, 24]","[293.0, 96]","[347.71, 21]","[417.54, 26]",322.86,167,49.71,0.44
07:37:23,"[298.0, 15]","[293.0, 60]","[320.33, 12]","[356.22, 18]",309.17,105,22.33,0.43
07:37:24,"[298.0, 24]","[293.0, 96]","[370.2, 30]","[582.56, 18]",334.1,168,72.2,0.43
07:37:25,"[293.15, 99]","[276.91, 23]","[609.0, 28]","[707.88, 32]",451.08,182,315.85,0.34
07:37:26,"[295.33, 90]","[291.59, 68]","[306.0, 20]","[527.64, 28]",300.67,206,10.67,0.53
07:37:27,"[298.0, 42]","[295.0, 60]","[305.17, 24]","[321.33, 12]",301.58,138,7.17,0.48
07:37:28,"[299.6, 25]","[296.49, 86]","[304.18, 55]","[307.45, 22]",301.89,188,4.58,0.18
07:37:29,"[298.0, 35]","[291.0, 70]","[302.14, 35]","[310.0, 14]",300.07,154,4.14,0.36
07:37:30,"[298.0, 55]","[291.0, 110]","[301.0, 55]","[311.82, 22]",299.5,242,3.0,0.36
07:37:31,"[298.0, 25]","[291.0, 50]","[300.6, 25]","[315.0, 10]",299.3,110,2.6,0.36
07:37:32,"[291.0, 90]","[289.0, 27]","[300.0, 45]","[315.78, 18]",295.5,180,9.0,0.3
07:37:33,"[291.0, 120]","[289.0, 36]","[295.45, 42]","[298.52, 23]",293.23,221,4.45,0.41
07:37:34,"[290.33, 85]","[288.76, 158]","[294.56, 45]","[295.15, 59]",292.44,347,4.23,0.4
07:37:35,"[289.3, 70]","[286.0, 120]","[294.8, 10]","[296.0, 10]",292.05,210,5.5,0.81
07:37:36,"[290.85, 78]","[289.29, 102]","[294.52, 23]","[299.78, 23]",292.68,226,3.68,0.59
07:37:37,"[290.61, 36]","[289.71, 83]","[296.59, 27]","[304.46, 26]",293.6,172,5.98,0.38
07:37:38,"[291.88, 16]","[290.0, 56]","[295.47, 19]","[296.55, 11]",293.67,102,3.6,0.41
07:37:39,"[292.0, 22]","[290.0, 77]","[294.27, 22]","[296.0, 11]",293.14,132,2.27,0.5
07:37:40,"[292.3, 20]","[290.0, 70]","[294.1, 20]","[295.71, 24]",293.2,134,1.8,0.34
07:37:41,"[294.44, 39]","[283.73, 44]","[298.88, 34]","[304.14, 58]",296.66,175,4.45,-0.05
07:37:42,"[298.6, 20]","[286.0, 25]","[303.0, 40]","[308.0, 60]",300.8,145,4.4,-0.38
07:37:43,"[302.0, 10]","[300.5, 12]","[303.0, 37]","[308.0, 60]",302.5,119,1.0,-0.63
07:37:44,"[302.0, 5]","[301.0, 5]","[303.0, 15]","[308.0, 30]",302.5,55,1.0,-0.64
07:37:45,"[301.85, 13]","[298.1, 60]","[303.0, 36]","[308.0, 72]",302.42,181,1.15,-0.19
07:37:46,"[298.2, 20]","[296.41, 74]","[303.0, 18]","[308.0, 36]",300.6,148,4.8,0.27
07:37:47,"[297.0, 89]","[286.0, 32]","[302.38, 24]","[305.73, 33]",299.69,178,5.38,0.36
07:37:48,"[297.0, 120]","[286.0, 40]","[302.0, 30]","[303.0, 30]",299.5,220,5.0,0.45
07:37:49,"[297.0, 156]","[286.0, 52]","[302.0, 39]","[303.0, 39]",299.5,286,5.0,0.45
07:37:50,"[297.43, 105]","[291.82, 68]","[303.12, 26]","[306.77, 44]",300.27,243,5.69,0.42
07:37:51,"[302.0, 45]","[297.0, 180]","[304.0, 15]","[305.07, 30]",303.0,270,2.0,0.67
07:37:52,"[297.13, 113]","[286.0, 56]","[302.5, 30]","[304.52, 23]",299.82,222,5.37,0.52
07:37:53,"[297.0, 90]","[282.14, 28]","[301.89, 27]","[304.0, 9]",299.44,154,4.89,0.53
07:37:54,"[297.0, 126]","[282.93, 45]","[300.53, 45]","[304.0, 15]",298.77,231,3.53,0.48
07:37:55,"[297.0, 56]","[283.0, 24]","[300.0, 24]","[305.2, 10]",298.5,114,3.0,0.4
07:37:56,"[297.0, 98]","[283.0, 42]","[299.14, 42]","[307.0, 56]",298.07,238,2.14,0.18
07:37:57,"[297.83, 72]","[290.54, 39]","[306.63, 65]","[308.38, 16]",302.23,192,8.8,0.16
07:37:58,"[299.05, 63]","[297.38, 52]","[307.0, 42]","[310.0, 7]",303.02,164,7.95,0.4
07:37:59,"[300.0, 46]","[299.0, 100]","[306.9, 40]","[307.6, 30]",303.45,216,6.9,0.35
07:38:00,"[300.0, 29]","[299.0, 90]","[305.6, 10]","[307.47, 30]",302.8,159,5.6,0.5
07:38:01,"[301.5, 18]","[299.28, 71]","[308.0, 32]","[309.27, 22]",304.75,143,6.5,0.24
07:38:02,"[302.47, 19]","[300.55, 22]","[309.0, 36]","[310.0, 9]",305.74,86,6.53,-0.05
07:38:03,"[301.55, 29]","[300.97, 31]","[309.11, 45]","[310.38, 16]",305.33,121,7.56,-0.01
07:38:04,"[303.0, 13]","[302.0, 39]","[310.0, 26]","[311.0, 26]",306.5,104,7.0,0.0
07:38:05,"[303.0, 12]","[302.0, 36]","[310.0, 24]","[384.04, 48]",306.5,120,7.0,-0.2
07:38:06,"[303.0, 12]","[302.0, 36]","[310.0, 20]","[312.0, 60]",306.5,128,7.0,-0.25
07:38:07,"[305.67, 24]","[302.08, 26]","[310.0, 40]","[312.0, 50]",307.83,140,4.33,-0.29
07:38:08,"[307.0, 72]","[304.0, 27]","[310.0, 54]","[312.0, 45]",308.5,198,3.0,0.0
07:38:09,"[307.0, 58]","[304.0, 24]","[310.0, 48]","[312.0, 40]",308.5,170,3.0,-0.04
07:38:10,"[307.0, 46]","[304.0, 30]","[310.0, 60]","[312.0, 50]",308.5,186,3.0,-0.18
07:38:11,"[302.77, 44]","[301.23, 44]","[309.68, 44]","[310.75, 67]",306.23,199,6.91,-0.12
07:38:12,"[301.0, 50]","[300.0, 50]","[308.4, 20]","[310.0, 60]",304.7,180,7.4,0.11
07:38:13,"[301.0, 55]","[300.0, 55]","[306.27, 22]","[309.44, 16]",303.64,148,5.27,0.49
07:38:14,"[301.0, 40]","[300.0, 40]","[305.0, 17]","[309.0, 8]",303.0,105,4.0,0.52
07:38:15,"[301.0, 45]","[300.0, 45]","[304.14, 21]","[307.0, 9]",302.57,120,3.14,0.5
07:38:16,"[301.0, 44]","[300.0, 65]","[302.38, 26]","[307.69, 13]",301.69,148,1.38,0.47
07:38:17,"[300.05, 58]","[298.08, 126]","[312.0, 12]","[314.0, 60]",306.03,256,11.95,0.44
07:38:18,"[301.6, 30]","[300.0, 176]","[312.0, 10]","[314.0, 50]",306.8,266,10.4,0.55
07:38:19,"[302.45, 33]","[300.0, 55]","[311.05, 37]","[313.96, 51]",306.75,176,8.6,0.0
07:38:20,"[303.64, 42]","[300.0, 70]","[310.0, 48]","[313.37, 38]",306.82,198,6.36,0.13
07:38:21,"[304.0, 36]","[300.47, 30]","[307.82, 33]","[311.18, 28]",305.91,127,3.82,0.04
07:38:22,"[303.82, 33]","[301.53, 19]","[305.23, 40]","[306.39, 41]",304.52,133,1.41,-0.22
07:38:23,"[300.01, 169]","[298.13, 205]","[303.37, 35]","[305.06, 36]",301.69,445,3.36,0.68
07:38:24,"[300.0, 45]","[298.0, 108]","[301.78, 18]","[303.0, 9]",300.89,180,1.78,0.7
07:38:25,"[300.0, 82]","[298.0, 120]","[301.53, 15]","[303.75, 20]",300.77,237,1.53,0.7
07:38:26,"[300.0, 70]","[298.0, 144]","[301.4, 20]","[306.11, 36]",300.7,270,1.4,0.59
07:38:27,"[300.0, 70]","[298.0, 168]","[301.0, 42]","[312.15, 54]",300.5,334,1.0,0.43
07:38:28,"[300.0, 33]","[298.0, 102]","[303.74, 19]","[315.6, 25]",301.87,179,3.74,0.51
07:38:29,"[298.0, 90]","[297.0, 20]","[311.07, 46]","[314.71, 14]",304.53,170,13.07,0.29
07:38:30,"[298.19, 78]","[297.76, 59]","[311.0, 60]","[314.83, 12]",304.6,209,12.81,0.31
07:38:31,"[297.29, 28]","[296.52, 42]","[311.0, 60]","[315.0, 12]",304.14,142,13.71,-0.01
07:38:32,"[296.0, 32]","[294.0, 16]","[307.05, 41]","[310.86, 58]",301.52,147,11.05,-0.35
07:38:33,"[296.73, 22]","[295.07, 15]","[309.91, 22]","[311.0, 55]",303.32,114,13.18,-0.35
07:38:34,"[298.0, 30]","[296.0, 30]","[307.55, 33]","[310.07, 75]",302.77,168,9.55,-0.29
07:38:35,"[298.0, 26]","[296.0, 26]","[306.48, 31]","[309.33, 33]",302.24,116,8.48,-0.1
07:38:36,"[303.13, 110]","[300.42, 48]","[305.62, 26]","[309.57, 40]",304.37,224,2.49,0.41
07:38:37,"[304.16, 50]","[303.2, 60]","[309.54, 26]","[311.24, 51]",306.85,187,5.38,0.18
07:38:38,"[304.9, 31]","[303.64, 66]","[310.0, 55]","[313.0, 66]",307.45,218,5.1,-0.11
07:38:39,"[304.0, 84]","[303.0, 84]","[309.14, 59]","[310.77, 83]",306.57,310,5.14,0.08
07:38:40,"[304.0, 40]","[303.0, 78]","[309.27, 82]","[310.07, 46]",306.63,246,5.27,-0.04
07:38:41,"[304.0, 11]","[302.95, 63]","[308.09, 44]","[310.72, 67]",306.05,185,4.09,-0.2
07:38:42,"[303.57, 14]","[301.14, 42]","[307.33, 48]","[314.0, 36]",305.45,140,3.76,-0.2
07:38:43,"[302.67, 45]","[299.0, 60]","[306.8, 40]","[313.9, 30]",304.73,175,4.13,0.2
07:38:44,"[303.0, 84]","[302.0, 42]","[305.14, 56]","[313.43, 42]",304.07,224,2.14,0.12
07:38:45,"[303.0, 72]","[299.27, 66]","[305.0, 48]","[314.0, 36]",304.0,222,2.0,0.24
07:38:46,"[303.0, 88]","[298.08, 156]","[308.87, 92]","[315.53, 89]",305.93,425,5.87,0.15
07:38:47,"[303.0, 20]","[302.0, 30]","[315.0, 80]","[317.0, 80]",309.0,210,12.0,-0.52
07:38:48,"[303.0, 28]","[302.0, 57]","[313.39, 83]","[315.16, 116]",308.19,284,10.39,-0.4
07:38:49,"[302.28, 25]","[300.56, 75]","[309.86, 70]","[311.67, 63]",306.07,233,7.58,-0.14
07:38:50,"[301.0, 45]","[298.0, 135]","[305.08, 52]","[306.25, 53]",303.04,285,4.08,0.26
07:38:51,"[298.75, 36]","[296.4, 45]","[302.32, 19]","[304.33, 18]",300.53,118,3.57,0.37
07:38:52,"[298.0, 126]","[294.0, 84]","[302.77, 26]","[304.09, 32]",300.38,268,4.77,0.57
07:38:53,"[298.0, 126]","[294.0, 84]","[306.82, 33]","[311.6, 30]",302.41,273,8.82,0.54
07:38:54,"[299.5, 84]","[298.0, 108]","[305.25, 24]","[311.05, 22]",302.38,238,5.75,0.61
07:38:55,"[300.47, 133]","[298.0, 171]","[303.58, 38]","[308.89, 19]",302.03,361,3.11,0.68
07:38:56,"[301.0, 85]","[298.0, 135]","[302.27, 30]","[307.47, 15]",301.63,265,1.27,0.66
07:38:57,"[299.2, 30]","[297.97, 64]","[307.0, 8]","[309.0, 40]",303.1,142,7.8,0.32
07:38:58,"[300.0, 27]","[298.0, 81]","[307.0, 9]","[309.0, 45]",303.5,162,7.0,0.33
07:38:59,"[300.05, 65]","[298.23, 132]","[305.85, 34]","[308.59, 44]",302.95,275,5.81,0.43
07:39:00,"[301.6, 15]","[300.0, 75]","[305.0, 45]","[307.0, 15]",303.3,150,3.4,0.2
07:39:01,"[300.29, 55]","[298.32, 157]","[305.56, 25]","[309.74, 31]",302.93,268,5.27,0.58
07:39:02,"[299.0, 90]","[297.89, 138]","[305.09, 22]","[306.17, 12]",302.05,262,6.09,0.74
07:39:03,"[300.0, 80]","[298.0, 240]","[303.88, 32]","[311.63, 49]",301.94,401,3.88,0.6
07:39:04,"[300.0, 85]","[298.0, 255]","[303.0, 34]","[308.28, 50]",301.5,424,3.0,0.6
07:39:05,"[300.15, 53]","[298.26, 155]","[307.46, 37]","[310.45, 22]",303.81,267,7.31,0.56
07:39:06,"[302.43, 28]","[300.0, 70]","[307.12, 34]","[309.75, 36]",304.77,168,4.69,0.17
07:39:07,"[301.0, 24]","[298.29, 140]","[306.0, 24]","[311.0, 46]",303.5,234,5.0,0.4
07:39:08,"[300.0, 22]","[298.0, 167]","[304.73, 22]","[310.24, 17]",302.36,228,4.73,0.66
07:39:09,"[298.09, 176]","[296.86, 74]","[302.26, 31]","[308.55, 62]",300.17,343,4.17,0.46
07:39:10,"[298.0, 138]","[292.0, 12]","[299.5, 12]","[303.96, 27]",298.75,189,1.5,0.59
07:39:11,"[298.0, 60]","[292.0, 6]","[304.0, 6]","[309.75, 12]",301.0,84,6.0,0.57
07:39:12,"[298.0, 76]","[292.0, 10]","[307.15, 13]","[309.96, 28]",302.58,127,9.15,0.35
07:39:13,"[298.0, 43]","[292.0, 9]","[307.0, 12]","[309.96, 25]",302.5,89,9.0,0.17
07:39:14,"[298.03, 105]","[296.38, 37]","[307.31, 13]","[309.85, 39]",302.67,194,9.28,0.46
07:39:15,"[301.33, 12]","[298.07, 84]","[308.94, 34]","[310.83, 36]",305.14,166,7.61,0.16
07:39:16,"[302.4, 10]","[298.09, 66]","[308.9, 30]","[310.8, 30]",305.65,136,6.5,0.12
07:39:17,"[300.92, 13]","[298.0, 119]","[307.0, 60]","[310.08, 39]",303.96,231,6.08,0.14
07:39:18,"[301.0, 7]","[298.0, 70]","[306.44, 27]","[309.0, 21]",303.72,125,5.44,0.23
07:39:19,"[302.5, 82]","[297.92, 85]","[305.79, 38]","[308.5, 36]",304.14,241,3.29,0.39
07:39:20,"[303.0, 81]","[298.0, 35]","[305.0, 36]","[306.0, 27]",304.0,179,2.0,0.3
07:39:21,"[303.0, 99]","[298.0, 49]","[305.0, 44]","[306.0, 33]",304.0,225,2.0,0.32
07:39:22,"[303.0, 72]","[298.0, 56]","[305.0, 32]","[306.0, 24]",304.0,184,2.0,0.39
07:39:23,"[303.0, 84]","[298.06, 67]","[305.79, 42]","[308.14, 43]",304.39,236,2.79,0.28
07:39:24,"[303.0, 24]","[298.07, 60]","[312.31, 49]","[313.69, 29]",307.65,162,9.31,0.04
07:39:25,"[303.0, 20]","[300.13, 30]","[311.7, 20]","[314.4, 30]",307.35,100,8.7,0.0
07:39:26,"[298.2, 50]","[291.85, 26]","[311.0, 18]","[314.58, 19]",304.6,113,12.8,0.35
07:39:27,"[298.54, 39]","[292.4, 30]","[310.27, 22]","[313.0, 26]",304.41,117,11.73,0.18
07:39:28,"[299.0, 112]","[298.0, 32]","[309.06, 32]","[313.0, 55]",304.03,231,10.06,0.25
07:39:29,"[299.0, 133]","[298.0, 70]","[305.5, 40]","[312.11, 47]",302.25,290,6.5,0.4
07:39:30,"[300.29, 119]","[298.0, 102]","[303.94, 34]","[311.0, 17]",302.12,272,3.65,0.62
07:39:31,"[301.0, 98]","[298.0, 82]","[308.68, 25]","[311.4, 45]",304.84,250,7.68,0.44
07:39:32,"[303.64, 25]","[301.0, 52]","[310.43, 28]","[314.2, 25]",307.03,130,6.79,0.18
07:39:33,"[303.0, 28]","[301.0, 98]","[312.95, 21]","[315.66, 29]",307.98,176,9.95,0.43
07:39:34,"[303.0, 28]","[301.0, 98]","[310.71, 28]","[316.0, 29]",306.86,183,7.71,0.38
07:39:35,"[303.92, 24]","[302.52, 29]","[309.5, 24]","[315.2, 15]",306.71,92,5.58,0.15
07:39:36,"[303.48, 42]","[301.31, 91]","[306.61, 36]","[312.84, 37]",305.04,206,3.13,0.29
07:39:37,"[303.19, 32]","[301.08, 95]","[305.07, 30]","[312.0, 15]",304.13,172,1.88,0.48
07:39:38,"[301.0, 48]","[299.0, 60]","[303.42, 24]","[312.79, 14]",302.21,146,2.42,0.48
07:39:39,"[301.0, 34]","[299.19, 62]","[312.53, 47]","[315.12, 49]",306.77,192,11.53,0.0
07:39:40,"[301.0, 20]","[300.0, 20]","[311.56, 25]","[312.79, 38]",306.28,103,10.56,-0.22
07:39:41,"[301.0, 20]","[300.0, 20]","[311.0, 20]","[312.0, 40]",306.0,100,10.0,-0.2
07:39:42,"[301.0, 18]","[300.0, 18]","[309.79, 28]","[311.0, 24]",305.39,88,8.79,-0.18
07:39:43,"[301.0, 20]","[300.0, 20]","[309.78, 37]","[311.64, 22]",305.39,99,8.78,-0.19
07:39:44,"[301.0, 16]","[300.0, 16]","[308.5, 32]","[312.0, 16]",304.75,80,7.5,-0.2
07:39:45,"[301.0, 34]","[300.0, 34]","[307.16, 69]","[310.3, 63]",304.08,200,6.16,-0.32
07:39:46,"[301.6, 15]","[300.75, 24]","[305.0, 48]","[306.0, 60]",303.3,147,3.4,-0.47
07:39:47,"[302.0, 17]","[301.0, 34]","[304.24, 68]","[305.6, 81]",303.12,200,2.24,-0.49
07:39:48,"[301.14, 14]","[300.25, 16]","[302.57, 28]","[303.54, 26]",301.86,84,1.43,-0.29
07:39:49,"[298.76, 76]","[296.71, 83]","[301.4, 60]","[307.59, 71]",300.08,290,2.64,0.1
07:39:50,"[298.0, 54]","[295.0, 60]","[300.11, 27]","[302.58, 19]",299.06,160,2.11,0.42
07:39:51,"[297.61, 31]","[294.41, 61]","[299.32, 44]","[310.04, 23]",298.47,159,1.71,0.16
07:39:52,"[295.0, 14]","[289.0, 21]","[299.0, 35]","[312.0, 14]",297.0,84,4.0,-0.17
07:39:53,"[295.0, 28]","[289.0, 42]","[298.59, 64]","[308.24, 37]",296.8,171,3.59,-0.18
07:39:54,"[295.0, 16]","[288.4, 20]","[312.0, 16]","[313.0, 8]",303.5,60,17.0,0.2
07:39:55,"[299.67, 48]","[292.75, 32]","[304.97, 31]","[311.45, 40]",302.32,151,5.3,0.06
07:39:56,"[303.0, 98]","[301.0, 56]","[306.0, 25]","[306.73, 33]",304.5,212,3.0,0.45
07:39:57,"[303.0, 143]","[301.0, 68]","[305.0, 23]","[306.08, 49]",304.0,283,2.0,0.49
07:39:58,"[303.0, 142]","[301.0, 60]","[304.74, 38]","[306.5, 32]",303.87,272,1.74,0.49
07:39:59,"[303.0, 56]","[301.0, 48]","[305.0, 12]","[307.0, 36]",304.0,152,2.0,0.37
07:40:00,"[303.0, 34]","[301.0, 68]","[304.29, 17]","[307.0, 51]",303.65,170,1.29,0.2
07:40:01,"[303.0, 21]","[301.0, 68]","[308.53, 43]","[311.91, 32]",305.77,164,5.53,0.09
07:40:02,"[301.12, 34]","[300.5, 16]","[309.0, 30]","[314.1, 10]",305.06,90,7.88,0.11
07:40:03,"[301.0, 24]","[300.0, 6]","[309.0, 18]","[314.14, 14]",305.0,62,8.0,-0.03
07:40:04,"[301.0, 44]","[300.0, 11]","[309.0, 33]","[314.0, 33]",305.0,121,8.0,-0.09
07:40:05,"[299.34, 29]","[296.5, 8]","[309.0, 24]","[314.0, 24]",304.17,85,9.66,-0.13
07:40:06,"[298.0, 48]","[293.0, 12]","[307.36, 14]","[309.42, 36]",302.68,110,9.36,0.09
07:40:07,"[298.0, 44]","[293.0, 11]","[304.27, 11]","[309.0, 33]",301.14,99,6.27,0.11
07:40:08,"[296.33, 24]","[290.6, 20]","[303.0, 12]","[309.8, 30]",299.67,86,6.67,0.02
07:40:09,"[293.96, 23]","[290.14, 21]","[303.0, 12]","[311.0, 24]",298.48,80,9.04,0.1
07:40:10,"[295.59, 34]","[290.0, 17]","[309.09, 57]","[331.55, 58]",302.34,166,13.5,-0.39
07:40:11,"[306.78, 51]","[296.86, 21]","[309.0, 60]","[311.0, 73]",307.89,205,2.22,-0.3
07:40:12,"[294.82, 11]","[289.95, 19]","[309.0, 40]","[311.0, 72]",301.91,142,14.18,-0.58
07:40:13,"[293.0, 52]","[290.2, 20]","[309.0, 80]","[311.0, 144]",301.0,296,16.0,-0.51
07:40:14,"[294.59, 17]","[293.61, 23]","[309.0, 40]","[311.0, 72]",301.79,152,14.41,-0.47
07:40:15,"[297.67, 43]","[294.36, 22]","[309.0, 65]","[311.0, 117]",303.34,247,11.33,-0.47
07:40:16,"[302.48, 46]","[297.53, 30]","[308.67, 36]","[310.29, 84]",305.57,196,6.19,-0.22
07:40:17,"[302.0, 58]","[294.64, 22]","[307.0, 10]","[309.0, 50]",304.5,140,5.0,0.14
07:40:18,"[299.67, 18]","[297.16, 38]","[307.0, 8]","[309.0, 40]",303.33,104,7.33,0.08
07:40:19,"[299.08, 13]","[297.12, 32]","[307.0, 7]","[309.0, 35]",303.04,87,7.92,0.03
07:40:20,"[300.0, 10]","[299.0, 20]","[307.0, 10]","[309.0, 50]",303.5,90,7.0,-0.33
07:40:21,"[300.0, 14]","[299.0, 28]","[305.03, 39]","[305.29, 21]",302.51,102,5.03,-0.18
07:40:22,"[300.0, 15]","[299.0, 30]","[302.02, 46]","[303.3, 33]",301.01,124,2.02,-0.27
07:40:23,"[301.98, 109]","[299.9, 20]","[308.37, 19]","[310.0, 101]",305.18,249,6.39,0.04
07:40:24,"[303.0, 85]","[300.0, 15]","[307.18, 50]","[308.95, 66]",305.09,216,4.18,-0.07
07:40:25,"[303.0, 48]","[300.0, 10]","[304.0, 20]","[305.14, 29]",303.5,107,1.0,0.08
07:40:26,"[302.73, 11]","[299.71, 7]","[306.0, 15]","[310.33, 30]",304.36,63,3.27,-0.43
07:40:27,"[297.12, 26]","[295.67, 12]","[310.0, 30]","[312.0, 30]",303.56,98,12.88,-0.22
07:40:28,"[297.0, 40]","[295.0, 16]","[310.0, 40]","[312.0, 40]",303.5,136,13.0,-0.18
07:40:29,"[294.56, 18]","[291.71, 28]","[310.0, 45]","[312.0, 45]",302.28,136,15.44,-0.32
07:40:30,"[291.75, 24]","[265.86, 14]","[310.0, 30]","[312.0, 30]",300.88,98,18.25,-0.22
07:40:31,"[292.5, 48]","[291.38, 16]","[310.0, 43]","[312.17, 36]",301.25,143,17.5,-0.1
07:40:32,"[296.68, 37]","[294.29, 14]","[310.0, 56]","[313.0, 21]",303.34,128,13.32,-0.2
07:40:33,"[303.67, 36]","[300.36, 50]","[310.0, 80]","[313.0, 30]",306.83,196,6.33,-0.12
07:40:34,"[304.67, 27]","[302.37, 38]","[310.0, 56]","[313.0, 21]",307.33,142,5.33,-0.08
07:40:35,"[303.0, 60]","[300.0, 40]","[310.0, 80]","[313.0, 30]",306.5,210,7.0,-0.05
07:40:36,"[303.0, 60]","[300.0, 40]","[310.0, 80]","[313.0, 30]",306.5,210,7.0,-0.05
07:40:37,"[303.0, 66]","[300.0, 44]","[310.0, 88]","[313.0, 33]",306.5,231,7.0,-0.05
07:40:38,"[303.0, 24]","[300.0, 16]","[310.0, 32]","[313.0, 12]",306.5,84,7.0,-0.05
07:40:39,"[303.0, 72]","[300.0, 48]","[309.36, 25]","[311.33, 36]",306.18,181,6.36,0.33
07:40:40,"[303.0, 36]","[300.0, 24]","[307.14, 14]","[310.4, 10]",305.07,84,4.14,0.43
07:40:41,"[303.0, 72]","[300.08, 39]","[305.08, 36]","[308.21, 14]",304.04,161,2.08,0.38
07:40:42,"[303.0, 54]","[301.0, 10]","[304.0, 30]","[309.04, 28]",303.5,122,1.0,0.05
07:40:43,"[301.86, 36]","[299.91, 56]","[303.83, 36]","[310.0, 12]",302.85,140,1.97,0.31
07:40:44,"[301.0, 11]","[300.0, 74]","[303.0, 33]","[310.0, 11]",302.0,129,2.0,0.32
07:40:45,"[301.0, 10]","[300.0, 40]","[303.0, 29]","[309.0, 10]",302.0,89,2.0,0.12
07:40:46,"[300.03, 33]","[299.05, 76]","[303.0, 18]","[309.0, 9]",301.52,136,2.97,0.6
07:40:47,"[300.0, 24]","[299.0, 72]","[301.5, 16]","[309.0, 8]",300.75,120,1.5,0.6
07:40:48,"[299.31, 39]","[298.82, 66]","[302.6, 15]","[309.5, 24]",300.95,144,3.29,0.46
07:40:49,"[299.32, 66]","[298.49, 55]","[309.0, 10]","[313.0, 55]",304.16,186,9.68,0.3
07:40:50,"[306.0, 6]","[299.0, 54]","[309.0, 6]","[313.0, 48]",307.5,114,3.0,0.05
07:40:51,"[300.14, 43]","[298.8, 79]","[307.53, 30]","[311.24, 33]",303.84,185,7.39,0.32
07:40:52,"[299.0, 72]","[298.0, 40]","[307.33, 30]","[310.67, 30]",303.17,172,8.33,0.3
07:40:53,"[299.0, 30]","[298.0, 40]","[305.91, 33]","[307.18, 34]",302.45,137,6.91,0.02
07:40:54,"[298.85, 53]","[297.97, 62]","[301.17, 46]","[303.68, 47]",300.01,208,2.32,0.11
07:40:55,"[297.44, 50]","[295.91, 129]","[299.2, 30]","[301.0, 20]",298.32,229,1.76,0.56
07:40:56,"[296.0, 207]","[292.95, 59]","[298.17, 36]","[303.85, 41]",297.09,343,2.16,0.55
07:40:57,"[296.3, 74]","[295.61, 168]","[304.49, 41]","[312.36, 53]",300.39,336,8.19,0.44
07:40:58,"[297.97, 29]","[296.3, 122]","[312.0, 73]","[315.0, 55]",304.98,279,14.03,0.08
07:40:59,"[299.46, 13]","[298.0, 78]","[310.75, 44]","[312.28, 53]",305.11,188,11.29,-0.03
07:41:00,"[300.0, 9]","[298.0, 54]","[304.0, 9]","[311.0, 27]",302.0,99,4.0,0.27
07:41:01,"[299.57, 14]","[297.83, 72]","[310.0, 28]","[311.84, 76]",304.79,190,10.43,-0.09
07:41:02,"[298.0, 51]","[296.0, 99]","[310.74, 57]","[311.93, 121]",304.37,328,12.74,-0.09
07:41:03,"[298.0, 51]","[296.0, 119]","[307.94, 85]","[309.21, 67]",302.97,322,9.94,0.06
07:41:04,"[298.0, 54]","[296.0, 126]","[305.02, 80]","[305.94, 90]",301.51,350,7.02,0.03
07:41:05,"[296.96, 81]","[295.5, 109]","[299.86, 87]","[302.46, 83]",298.41,360,2.9,0.06
07:41:06,"[295.57, 88]","[293.22, 55]","[300.89, 107]","[310.06, 81]",298.23,331,5.32,-0.14
07:41:07,"[291.0, 36]","[290.0, 12]","[300.17, 60]","[302.67, 49]",295.58,157,9.17,-0.39
07:41:08,"[291.88, 24]","[290.95, 22]","[293.71, 28]","[294.89, 36]",292.79,110,1.84,-0.16
07:41:09,"[292.0, 21]","[290.95, 19]","[293.0, 13]","[294.0, 35]",292.5,88,1.0,-0.09
07:41:10,"[291.41, 17]","[287.14, 14]","[293.86, 29]","[295.0, 40]",292.64,100,2.45,-0.38
07:41:11,"[290.0, 10]","[286.0, 20]","[294.0, 85]","[296.0, 40]",292.0,155,4.0,-0.61
07:41:12,"[291.06, 17]","[287.05, 19]","[294.0, 99]","[296.0, 48]",292.53,183,2.94,-0.61
07:41:13,"[291.38, 13]","[284.88, 40]","[294.0, 56]","[296.0, 40]",292.69,149,2.62,-0.29
07:41:14,"[290.27, 11]","[284.08, 73]","[294.0, 45]","[296.0, 36]",292.14,165,3.73,0.02
07:41:15,"[291.25, 36]","[287.33, 18]","[294.0, 60]","[296.0, 48]",292.62,162,2.75,-0.33
07:41:16,"[292.0, 12]","[284.0, 16]","[294.5, 8]","[298.65, 17]",293.25,53,2.5,0.06
07:41:17,"[293.2, 30]","[284.0, 40]","[296.0, 20]","[305.0, 50]",294.6,140,2.8,0.0
07:41:18,"[292.85, 41]","[283.9, 62]","[298.25, 40]","[305.19, 83]",295.55,226,5.4,-0.09
07:41:19,"[280.3, 54]","[279.02, 51]","[305.0, 55]","[307.0, 44]",292.65,204,24.7,0.03
07:41:20,"[280.0, 50]","[278.98, 46]","[305.0, 50]","[307.0, 40]",292.5,186,25.0,0.03
07:41:21,"[288.95, 61]","[279.48, 27]","[305.0, 55]","[307.0, 44]",296.98,187,16.05,-0.06
07:41:22,"[301.0, 64]","[280.95, 66]","[304.57, 70]","[306.11, 61]",302.79,261,3.57,-0.0
07:41:23,"[301.0, 44]","[281.0, 66]","[303.13, 46]","[304.18, 55]",302.07,211,2.13,0.04
07:41:24,"[293.11, 28]","[281.35, 62]","[302.98, 82]","[305.58, 72]",298.04,244,9.87,-0.26
07:41:25,"[299.0, 36]","[287.47, 105]","[301.88, 16]","[307.58, 78]",300.44,235,2.88,0.2
07:41:26,"[299.0, 39]","[297.0, 132]","[301.0, 11]","[305.0, 55]",300.0,237,2.0,0.44
07:41:27,"[300.0, 23]","[299.0, 13]","[304.7, 27]","[305.67, 30]",302.35,93,4.7,-0.23
07:41:28,"[300.3, 30]","[299.0, 28]","[305.0, 50]","[306.0, 40]",302.65,148,4.7,-0.22
07:41:29,"[301.33, 36]","[298.11, 54]","[303.88, 40]","[305.11, 56]",302.6,186,2.54,-0.03
07:41:30,"[299.0, 30]","[297.0, 120]","[305.38, 40]","[306.25, 20]",302.19,210,6.38,0.43
07:41:31,"[299.0, 12]","[297.0, 48]","[306.0, 12]","[307.0, 4]",302.5,76,7.0,0.58
07:41:32,"[299.0, 24]","[297.0, 120]","[305.75, 32]","[306.57, 14]",302.38,190,6.75,0.52
07:41:33,"[299.0, 10]","[297.0, 120]","[305.0, 70]","[308.0, 50]",302.0,250,6.0,0.04
07:41:34,"[299.0, 6]","[297.0, 72]","[304.9, 39]","[308.28, 18]",301.95,135,5.9,0.16
07:41:35,"[297.26, 93]","[293.86, 118]","[304.0, 36]","[306.88, 51]",300.63,298,6.74,0.42
07:41:36,"[297.0, 144]","[295.2, 30]","[304.0, 48]","[309.62, 45]",300.5,267,7.0,0.3
07:41:37,"[297.0, 163]","[294.82, 34]","[302.72, 25]","[304.36, 42]",299.86,264,5.72,0.49
07:41:38,"[297.0, 36]","[292.0, 6]","[304.0, 12]","[305.0, 12]",300.5,66,7.0,0.27
07:41:39,"[297.0, 89]","[293.2, 15]","[305.0, 45]","[309.4, 15]",301.0,164,8.0,0.27
07:41:40,"[297.0, 55]","[292.0, 11]","[304.8, 30]","[309.97, 33]",300.9,129,7.8,0.02
07:41:41,"[297.11, 19]","[293.67, 6]","[304.0, 10]","[305.0, 15]",300.55,50,6.89,0.0
07:41:42,"[297.73, 22]","[296.0, 22]","[302.5, 28]","[305.71, 42]",300.11,114,4.77,-0.23
07:41:43,"[297.0, 9]","[294.0, 9]","[301.67, 18]","[307.0, 27]",299.33,63,4.67,-0.43
07:41:44,"[297.9, 39]","[295.67, 9]","[301.0, 18]","[307.78, 27]",299.45,93,3.1,0.03
07:41:45,"[298.0, 84]","[297.0, 20]","[301.65, 52]","[306.42, 57]",299.83,213,3.65,-0.02
07:41:46,"[298.0, 36]","[297.0, 12]","[305.08, 48]","[307.0, 36]",301.54,132,7.08,-0.27
07:41:47,"[301.83, 41]","[297.31, 29]","[306.24, 51]","[310.2, 64]",304.03,185,4.41,-0.24
07:41:48,"[297.0, 7]","[292.0, 7]","[310.0, 21]","[312.0, 28]",303.5,63,13.0,-0.56
07:41:49,"[298.78, 18]","[291.96, 50]","[309.22, 41]","[311.85, 39]",304.0,148,10.44,-0.08
07:41:50,"[301.23, 26]","[300.11, 56]","[309.0, 65]","[312.0, 52]",305.12,199,7.77,-0.18
07:41:51,"[300.15, 40]","[298.87, 30]","[307.33, 24]","[308.75, 36]",303.74,130,7.18,0.08
07:41:52,"[300.0, 24]","[298.0, 12]","[307.0, 12]","[312.0, 28]",303.5,76,7.0,-0.05
07:41:53,"[298.93, 60]","[296.55, 22]","[306.23, 26]","[311.64, 61]",302.58,169,7.3,-0.03
07:41:54,"[300.0, 72]","[298.0, 24]","[306.0, 24]","[308.62, 16]",303.0,136,6.0,0.41
07:41:55,"[300.0, 48]","[298.0, 22]","[305.23, 26]","[306.11, 19]",302.62,115,5.23,0.22
07:41:56,"[299.32, 38]","[294.0, 116]","[304.11, 38]","[305.49, 41]",301.71,233,4.79,0.32
07:41:57,"[298.0, 60]","[291.0, 240]","[304.52, 46]","[309.0, 15]",301.26,361,6.52,0.66
07:41:58,"[298.0, 32]","[291.0, 128]","[303.25, 16]","[309.0, 8]",300.62,184,5.25,0.74
07:41:59,"[298.0, 40]","[291.0, 160]","[302.6, 20]","[310.0, 10]",300.3,230,4.6,0.74
07:42:00,"[298.0, 24]","[291.0, 96]","[302.0, 12]","[310.83, 6]",300.0,138,4.0,0.74
07:42:01,"[298.0, 36]","[291.0, 144]","[301.33, 18]","[311.0, 9]",299.67,207,3.33,0.74
07:42:02,"[293.2, 70]","[290.9, 143]","[301.32, 19]","[311.65, 23]",297.26,255,8.12,0.67
07:42:03,"[291.0, 112]","[290.0, 35]","[311.0, 7]","[312.0, 50]",301.0,204,20.0,0.44
07:42:04,"[291.0, 160]","[290.0, 50]","[308.78, 18]","[311.99, 86]",299.89,314,17.78,0.34
07:42:05,"[291.54, 67]","[290.56, 57]","[309.65, 37]","[311.27, 30]",300.59,191,18.11,0.3
07:42:06,"[303.0, 12]","[290.0, 60]","[308.79, 57]","[309.38, 24]",305.89,153,5.79,-0.06
07:42:07,"[303.0, 11]","[290.0, 55]","[307.0, 55]","[309.36, 11]",305.0,132,4.0,0.0
07:42:08,"[303.0, 8]","[291.68, 38]","[307.0, 40]","[309.0, 8]",305.0,94,4.0,-0.02
07:42:09,"[303.0, 6]","[298.0, 24]","[307.0, 30]","[309.0, 6]",305.0,66,4.0,-0.09
07:42:10,"[303.0, 12]","[299.38, 39]","[306.83, 36]","[307.33, 36]",304.92,123,3.83,-0.17
07:42:11,"[301.0, 39]","[299.5, 32]","[305.8, 30]","[306.4, 40]",303.4,141,4.8,0.01
07:42:12,"[301.56, 108]","[300.0, 54]","[304.45, 22]","[305.85, 80]",303.01,264,2.9,0.23
07:42:13,"[301.11, 57]","[299.66, 47]","[304.34, 64]","[306.61, 36]",302.72,204,3.24,0.02
07:42:14,"[301.0, 29]","[300.0, 39]","[305.55, 33]","[313.89, 54]",303.27,155,4.55,-0.12
07:42:15,"[300.43, 37]","[298.92, 52]","[309.5, 18]","[315.15, 54]",304.97,161,9.07,0.11
07:42:16,"[299.03, 35]","[294.56, 55]","[314.0, 28]","[315.0, 14]",306.51,132,14.97,0.36
07:42:17,"[298.08, 52]","[289.56, 64]","[313.08, 26]","[315.0, 34]",305.58,176,15.0,0.32
07:42:18,"[299.0, 56]","[298.0, 56]","[312.99, 75]","[314.6, 43]",305.99,230,13.99,-0.03
07:42:19,"[303.09, 22]","[298.77, 52]","[312.0, 13]","[313.0, 87]",307.55,174,8.91,-0.15
07:42:20,"[306.6, 20]","[299.44, 72]","[310.65, 34]","[312.94, 83]",308.62,209,4.05,-0.12
07:42:21,"[302.97, 39]","[299.5, 36]","[307.62, 32]","[313.12, 59]",305.3,166,4.65,-0.1
07:42:22,"[303.14, 28]","[301.14, 28]","[307.0, 32]","[313.56, 16]",305.07,104,3.86,0.08
07:42:23,"[302.0, 12]","[301.0, 24]","[306.58, 24]","[313.0, 12]",304.29,72,4.58,0.0
07:42:24,"[302.0, 12]","[301.0, 24]","[305.71, 21]","[314.41, 41]",303.86,98,3.71,-0.27
07:42:25,"[299.05, 38]","[296.41, 49]","[312.1, 20]","[314.71, 35]",305.58,142,13.05,0.23
07:42:26,"[300.0, 32]","[298.0, 16]","[309.75, 32]","[310.87, 31]",304.88,111,9.75,-0.14
07:42:27,"[301.0, 14]","[299.92, 25]","[308.54, 26]","[311.0, 25]",304.77,90,7.54,-0.13
07:42:28,"[301.5, 8]","[298.91, 22]","[308.0, 16]","[312.08, 26]",304.75,72,6.5,-0.17
07:42:29,"[300.0, 15]","[298.0, 60]","[307.27, 30]","[312.65, 66]",303.63,171,7.27,-0.12
07:42:30,"[300.0, 16]","[298.0, 51]","[304.18, 44]","[311.05, 76]",302.09,187,4.18,-0.28
07:42:31,"[299.46, 26]","[298.85, 103]","[305.44, 32]","[312.42, 52]",302.45,213,5.98,0.21
07:42:32,"[304.25, 48]","[298.21, 38]","[312.89, 38]","[316.56, 54]",308.57,178,8.64,-0.03
07:42:33,"[308.0, 70]","[299.0, 20]","[313.0, 30]","[317.0, 40]",310.5,160,5.0,0.12
07:42:34,"[308.0, 77]","[299.2, 20]","[313.36, 33]","[316.02, 43]",310.68,173,5.36,0.12
07:42:35,"[308.0, 84]","[301.0, 12]","[314.0, 36]","[315.0, 36]",311.0,168,6.0,0.14
07:42:36,"[308.0, 84]","[301.0, 12]","[313.92, 36]","[314.92, 36]",310.96,168,5.92,0.14
07:42:37,"[308.0, 91]","[301.0, 13]","[312.8, 41]","[313.89, 54]",310.4,199,4.8,0.05
07:42:38,"[308.0, 20]","[302.12, 16]","[311.57, 35]","[312.47, 38]",309.79,109,3.57,-0.34
07:42:39,"[306.33, 45]","[302.8, 50]","[309.39, 69]","[311.94, 86]",307.86,250,3.06,-0.24
07:42:40,"[303.0, 30]","[301.0, 10]","[308.0, 30]","[315.42, 38]",305.5,108,5.0,-0.26
07:42:41,"[303.0, 30]","[301.0, 10]","[306.0, 22]","[307.71, 28]",304.5,90,3.0,-0.11
07:42:42,"[302.23, 35]","[300.57, 23]","[305.85, 33]","[308.68, 31]",304.04,122,3.62,-0.05
07:42:43,"[301.0, 9]","[299.0, 18]","[312.41, 17]","[316.42, 24]",306.71,68,11.41,-0.21
07:42:44,"[299.93, 15]","[298.26, 54]","[313.8, 15]","[315.0, 26]",306.87,110,13.87,0.25
07:42:45,"[299.0, 12]","[298.0, 60]","[313.0, 12]","[314.0, 12]",306.0,96,14.0,0.5
07:42:46,"[299.0, 14]","[298.0, 70]","[307.0, 19]","[309.1, 21]",303.0,124,8.0,0.35
07:42:47,"[299.57, 21]","[298.01, 91]","[303.93, 43]","[307.04, 26]",301.75,181,4.36,0.24
07:42:48,"[296.95, 39]","[295.58, 57]","[299.95, 38]","[305.06, 18]",298.45,152,3.0,0.26
07:42:49,"[291.0, 52]","[289.0, 13]","[301.38, 13]","[306.09, 33]",296.19,111,10.38,0.17
07:42:50,"[291.0, 32]","[289.0, 8]","[294.75, 28]","[301.78, 23]",292.88,91,3.75,-0.12
07:42:51,"[291.0, 40]","[289.0, 10]","[295.03, 36]","[300.31, 13]",293.01,99,4.03,0.01
07:42:52,"[294.27, 22]","[289.11, 75]","[296.0, 59]","[298.0, 16]",295.14,172,1.73,0.13
07:42:53,"[295.0, 11]","[289.0, 79]","[296.0, 33]","[298.0, 11]",295.5,134,1.0,0.34
07:42:54,"[295.0, 9]","[289.0, 127]","[296.0, 27]","[298.0, 9]",295.5,172,1.0,0.58
07:42:55,"[295.0, 8]","[289.0, 136]","[296.0, 18]","[298.0, 8]",295.5,170,1.0,0.69
07:42:56,"[290.75, 24]","[288.88, 122]","[296.0, 8]","[298.0, 8]",293.38,162,5.25,0.8
07:42:57,"[289.0, 153]","[282.22, 27]","[296.0, 9]","[298.0, 9]",292.5,198,7.0,0.82
07:42:58,"[289.01, 189]","[285.33, 63]","[296.0, 13]","[298.0, 13]",292.51,278,6.99,0.81
07:42:59,"[290.0, 8]","[288.31, 124]","[296.0, 8]","[298.0, 8]",293.0,148,6.0,0.78
07:43:00,"[290.06, 18]","[288.02, 223]","[296.86, 14]","[301.11, 18]",293.46,273,6.8,0.77
07:43:01,"[292.06, 96]","[291.19, 104]","[296.89, 54]","[302.27, 22]",294.48,276,4.83,0.45
07:43:02,"[294.01, 122]","[289.55, 49]","[296.41, 32]","[297.86, 21]",295.21,224,2.4,0.53
07:43:03,"[295.29, 154]","[288.0, 56]","[297.0, 34]","[299.57, 14]",296.14,258,1.71,0.63
07:43:04,"[289.02, 118]","[287.39, 46]","[303.75, 16]","[306.29, 35]",296.38,215,14.73,0.53
07:43:05,"[290.46, 78]","[286.87, 30]","[304.88, 16]","[307.69, 39]",297.67,163,14.41,0.33
07:43:06,"[287.81, 21]","[286.52, 27]","[304.0, 12]","[305.0, 24]",295.9,84,16.19,0.14
07:43:07,"[290.0, 12]","[288.25, 12]","[299.92, 12]","[304.59, 17]",294.96,53,9.92,-0.09
07:43:08,"[296.07, 28]","[291.78, 18]","[298.94, 18]","[304.43, 23]",297.51,87,2.87,0.06
07:43:09,"[299.0, 60]","[297.0, 10]","[301.22, 27]","[302.35, 17]",300.11,114,2.22,0.23
07:43:10,"[299.08, 51]","[293.83, 48]","[301.17, 23]","[304.0, 28]",300.13,150,2.1,0.32
07:43:11,"[299.0, 50]","[287.0, 50]","[300.2, 10]","[303.2, 20]",299.6,130,1.2,0.54
07:43:12,"[291.28, 68]","[286.79, 56]","[308.47, 43]","[309.35, 40]",299.87,207,17.19,0.2
07:43:13,"[293.33, 27]","[287.81, 77]","[303.89, 18]","[307.0, 17]",298.61,139,10.56,0.5
07:43:14,"[291.1, 49]","[287.96, 108]","[301.64, 44]","[302.56, 54]",296.37,255,10.53,0.23
07:43:15,"[290.56, 48]","[289.5, 42]","[300.15, 52]","[301.42, 38]",295.36,180,9.59,0.0
07:43:16,"[298.98, 45]","[295.5, 16]","[300.04, 46]","[301.22, 23]",299.51,130,1.07,-0.06
07:43:17,"[290.79, 61]","[289.48, 63]","[300.96, 27]","[306.0, 17]",295.87,168,10.18,0.48
07:43:18,"[290.0, 70]","[289.0, 42]","[296.0, 56]","[300.0, 14]",293.0,182,6.0,0.23
07:43:19,"[290.0, 55]","[289.0, 33]","[295.43, 23]","[296.5, 32]",292.72,143,5.43,0.23
07:43:20,"[290.0, 33]","[289.0, 33]","[293.09, 11]","[296.0, 44]",291.55,121,3.09,0.09
07:43:21,"[290.22, 27]","[289.22, 27]","[296.0, 36]","[304.85, 13]",293.11,103,5.78,0.05
07:43:22,"[291.0, 33]","[289.45, 33]","[296.0, 44]","[306.0, 11]",293.5,121,5.0,0.09
07:43:23,"[292.44, 52]","[288.06, 54]","[296.0, 68]","[306.0, 18]",294.22,192,3.56,0.1
07:43:24,"[294.26, 35]","[292.58, 43]","[296.71, 28]","[306.46, 26]",295.49,132,2.46,0.18
07:43:25,"[297.55, 33]","[295.81, 16]","[306.0, 10]","[307.0, 60]",301.77,119,8.45,-0.18
07:43:26,"[300.25, 36]","[298.78, 54]","[305.9, 10]","[306.98, 55]",303.07,155,5.65,0.16
07:43:27,"[302.31, 39]","[299.33, 43]","[305.0, 13]","[306.0, 13]",303.65,108,2.69,0.52
07:43:28,"[303.0, 27]","[301.0, 9]","[306.56, 9]","[308.86, 44]",304.78,89,3.56,-0.19
07:43:29,"[303.0, 12]","[301.0, 4]","[307.0, 4]","[309.0, 14]",305.0,34,4.0,-0.06
07:43:30,"[303.0, 36]","[301.0, 12]","[306.1, 30]","[307.5, 12]",304.55,90,3.1,0.07
07:43:31,"[302.5, 28]","[299.18, 76]","[305.93, 42]","[307.69, 16]",304.21,162,3.43,0.28
07:43:32,"[299.36, 33]","[296.8, 75]","[305.0, 27]","[306.0, 27]",302.18,162,5.64,0.33
07:43:33,"[299.0, 81]","[288.0, 45]","[302.97, 31]","[305.33, 27]",300.98,184,3.97,0.37
07:43:34,"[299.0, 99]","[288.0, 55]","[301.74, 47]","[302.51, 41]",300.37,242,2.74,0.27
07:43:35,"[299.0, 71]","[288.0, 55]","[300.91, 33]","[302.0, 55]",299.95,214,1.91,0.18
07:43:36,"[288.79, 70]","[287.28, 18]","[299.14, 42]","[306.52, 23]",293.96,153,10.36,0.15
07:43:37,"[288.0, 60]","[287.0, 12]","[297.5, 36]","[302.08, 12]",292.75,120,9.5,0.2
07:43:38,"[288.0, 20]","[287.0, 4]","[296.2, 10]","[297.5, 6]",292.1,40,8.2,0.2
07:43:39,"[288.0, 80]","[286.12, 16]","[301.47, 34]","[322.53, 60]",294.74,190,13.47,0.01
07:43:40,"[288.0, 45]","[285.89, 9]","[303.0, 25]","[304.0, 27]",295.5,106,15.0,0.02
07:43:41,"[288.0, 45]","[286.0, 9]","[302.57, 21]","[303.75, 24]",295.29,99,14.57,0.09
07:43:42,"[288.28, 32]","[287.29, 28]","[300.62, 29]","[302.41, 44]",294.45,133,12.34,-0.1
07:43:43,"[298.79, 33]","[290.11, 18]","[301.6, 30]","[302.86, 59]",300.19,140,2.81,-0.27
07:43:44,"[299.8, 69]","[292.58, 24]","[301.48, 29]","[302.68, 31]",300.64,153,1.69,0.22
07:43:45,"[300.78, 103]","[298.52, 27]","[304.4, 60]","[306.86, 56]",302.59,246,3.62,0.06
07:43:46,"[302.57, 28]","[300.36, 33]","[305.0, 47]","[326.8, 30]",303.79,138,2.43,-0.12
07:43:47,"[304.0, 6]","[300.29, 14]","[305.0, 6]","[392.19, 21]",304.5,47,1.0,-0.15
07:43:48,"[304.0, 9]","[302.0, 27]","[305.0, 9]","[344.8, 45]",304.5,90,1.0,-0.2
07:43:49,"[303.33, 9]","[301.7, 20]","[305.0, 7]","[346.6, 10]",304.17,46,1.67,0.26
07:43:50,"[306.33, 63]","[298.36, 22]","[494.1, 29]","[495.9, 29]",400.22,143,187.77,0.19
07:43:51,"[309.0, 93]","[302.0, 14]","[559.95, 19]","[569.15, 26]",434.47,152,250.95,0.41
07:43:52,"[309.0, 130]","[302.0, 20]","[472.63, 30]","[563.69, 32]",390.82,212,163.63,0.42
07:43:53,"[309.0, 65]","[302.69, 13]","[398.43, 21]","[541.44, 9]",353.71,108,89.43,0.44
07:43:54,"[309.0, 91]","[303.0, 21]","[406.73, 15]","[644.81, 21]",357.87,148,97.73,0.51
07:43:55,"[309.0, 78]","[303.0, 18]","[383.5, 14]","[691.8, 10]",346.25,120,74.5,0.6
07:43:56,"[309.0, 91]","[303.0, 21]","[335.0, 14]","[336.0, 7]",322.0,133,26.0,0.68
07:43:57,"[309.0, 104]","[303.0, 24]","[334.12, 16]","[469.89, 9]",321.56,153,25.12,0.67
07:43:58,"[309.0, 122]","[303.0, 33]","[333.45, 22]","[449.73, 11]",321.23,188,24.45,0.65
07:43:59,"[309.0, 100]","[303.0, 33]","[331.55, 22]","[526.14, 21]",320.27,176,22.55,0.51
07:44:00,"[309.0, 113]","[303.0, 39]","[329.15, 33]","[443.48, 29]",319.08,214,20.15,0.42
07:44:01,"[309.0, 56]","[303.0, 24]","[327.18, 17]","[328.17, 23]",318.09,120,18.18,0.33
07:44:02,"[307.36, 22]","[302.67, 36]","[324.67, 33]","[325.67, 39]",316.02,130,17.3,-0.11
07:44:03,"[303.0, 11]","[302.0, 22]","[313.39, 31]","[322.45, 33]",308.19,97,10.39,-0.32
07:44:04,"[302.14, 14]","[300.29, 28]","[304.11, 27]","[307.0, 24]",303.13,93,1.97,-0.1
07:44:05,"[301.77, 26]","[298.64, 33]","[303.49, 49]","[305.69, 39]",302.63,147,1.72,-0.2
07:44:06,"[299.19, 31]","[295.54, 37]","[301.6, 45]","[306.41, 59]",300.4,172,2.41,-0.21
07:44:07,"[296.94, 35]","[294.38, 16]","[299.92, 52]","[307.92, 39]",298.43,142,2.98,-0.28
07:44:08,"[296.65, 43]","[292.64, 11]","[298.0, 31]","[305.16, 38]",297.33,123,1.35,-0.12
07:44:09,"[297.33, 42]","[292.25, 12]","[301.78, 68]","[308.6, 42]",299.56,164,4.45,-0.34
07:44:10,"[298.0, 56]","[292.5, 8]","[302.0, 26]","[313.12, 24]",300.0,114,4.0,0.12
07:44:11,"[298.0, 84]","[292.0, 12]","[301.35, 20]","[306.83, 36]",299.68,152,3.35,0.26
07:44:12,"[298.07, 81]","[295.0, 24]","[308.38, 32]","[311.21, 42]",303.22,179,10.3,0.17
07:44:13,"[300.37, 19]","[298.56, 50]","[309.95, 37]","[310.92, 39]",305.16,145,9.58,-0.05
07:44:14,"[301.0, 8]","[300.0, 16]","[308.83, 18]","[310.5, 24]",304.92,66,7.83,-0.27
07:44:15,"[302.45, 29]","[301.08, 25]","[309.0, 42]","[311.29, 49]",305.72,145,6.55,-0.26
07:44:16,"[303.0, 18]","[302.0, 12]","[309.0, 18]","[310.0, 24]",306.0,72,6.0,-0.17
07:44:17,"[303.17, 30]","[301.8, 20]","[309.0, 36]","[310.0, 48]",306.08,134,5.83,-0.25
07:44:18,"[295.18, 39]","[291.82, 39]","[309.0, 36]","[310.0, 48]",302.09,162,13.82,-0.04
07:44:19,"[291.8, 50]","[290.1, 20]","[309.0, 24]","[310.0, 60]",300.4,154,17.2,-0.09
07:44:20,"[294.15, 79]","[292.03, 35]","[308.48, 31]","[309.96, 83]",301.32,228,14.33,0.0
07:44:21,"[291.0, 37]","[289.82, 44]","[304.82, 40]","[308.92, 51]",297.91,172,13.82,-0.06
07:44:22,"[291.2, 25]","[290.05, 42]","[306.0, 88]","[309.0, 44]",298.6,199,14.8,-0.33
07:44:23,"[292.0, 70]","[291.0, 22]","[306.0, 77]","[308.59, 49]",299.0,218,14.0,-0.16
07:44:24,"[292.43, 87]","[290.89, 19]","[296.86, 93]","[306.63, 76]",294.64,275,4.43,-0.23
07:44:25,"[292.8, 10]","[288.33, 24]","[295.8, 44]","[303.16, 43]",294.3,121,3.0,-0.44
07:44:26,"[288.15, 47]","[287.55, 66]","[295.0, 36]","[296.0, 60]",291.57,209,6.85,0.08
07:44:27,"[288.0, 64]","[285.0, 16]","[295.0, 23]","[296.0, 40]",291.5,143,7.0,0.12
07:44:28,"[288.0, 88]","[285.0, 22]","[296.0, 55]","[306.45, 44]",292.0,209,8.0,0.05
07:44:29,"[288.0, 40]","[285.0, 10]","[295.77, 13]","[299.48, 23]",291.88,86,7.77,0.16
07:44:30,"[288.0, 104]","[285.0, 26]","[295.0, 13]","[296.0, 65]",291.5,208,7.0,0.25
07:44:31,"[288.0, 48]","[285.0, 12]","[295.0, 6]","[296.0, 30]",291.5,96,7.0,0.25
07:44:32,"[288.0, 72]","[285.0, 18]","[305.44, 36]","[306.5, 40]",296.72,166,17.44,0.08
07:44:33,"[290.15, 78]","[287.58, 65]","[304.98, 63]","[306.72, 76]",297.57,282,14.83,0.01
07:44:34,"[300.0, 22]","[288.0, 88]","[302.0, 55]","[306.0, 99]",301.0,264,2.0,-0.17
07:44:35,"[300.0, 16]","[294.43, 99]","[302.0, 40]","[306.0, 72]",301.0,227,2.0,0.01
07:44:36,"[300.0, 12]","[295.1, 58]","[302.0, 30]","[306.0, 54]",301.0,154,2.0,-0.09
07:44:37,"[301.0, 110]","[300.0, 20]","[302.0, 50]","[306.0, 70]",301.5,250,1.0,0.04
07:44:38,"[301.0, 88]","[300.0, 16]","[302.0, 40]","[306.0, 80]",301.5,224,1.0,-0.07
07:44:39,"[301.0, 57]","[300.0, 18]","[302.0, 45]","[306.0, 90]",301.5,210,1.0,-0.29
07:44:40,"[300.57, 14]","[288.83, 58]","[302.0, 25]","[306.0, 50]",301.29,147,1.43,-0.02
07:44:41,"[293.38, 32]","[286.6, 176]","[302.0, 28]","[306.0, 140]",297.69,376,8.62,0.11
07:44:42,"[298.25, 16]","[287.71, 42]","[302.0, 12]","[306.0, 60]",300.12,130,3.75,-0.11
07:44:43,"[299.0, 26]","[298.0, 39]","[301.17, 48]","[304.97, 74]",300.08,187,2.17,-0.3
07:44:44,"[299.18, 22]","[298.23, 35]","[301.0, 70]","[305.0, 83]",300.09,210,1.82,-0.46
07:44:45,"[299.0, 20]","[298.0, 30]","[301.0, 19]","[305.0, 47]",300.0,116,2.0,-0.14
07:44:46,"[299.36, 28]","[298.0, 42]","[300.66, 32]","[304.15, 27]",300.01,129,1.3,0.09
07:44:47,"[298.09, 47]","[285.65, 82]","[300.64, 50]","[302.0, 16]",299.36,195,2.55,0.32
07:44:48,"[298.0, 39]","[285.0, 13]","[300.43, 23]","[303.71, 21]",299.22,96,2.43,0.08
07:44:49,"[298.0, 30]","[285.0, 10]","[304.29, 14]","[306.47, 17]",301.14,71,6.29,0.13
07:44:50,"[298.0, 30]","[285.0, 22]","[306.0, 20]","[308.0, 10]",302.0,82,8.0,0.27
07:44:51,"[287.6, 15]","[284.08, 39]","[306.0, 10]","[308.0, 5]",296.8,69,18.4,0.57
07:44:52,"[285.0, 39]","[284.0, 117]","[295.21, 28]","[303.47, 32]",290.11,216,10.21,0.44
07:44:53,"[285.0, 63]","[284.0, 126]","[306.9, 49]","[306.29, 41]",295.95,279,21.9,0.35
07:44:54,"[286.4, 30]","[284.08, 78]","[300.4, 50]","[306.76, 38]",293.4,196,14.0,0.1
07:44:55,"[289.5, 28]","[284.21, 57]","[296.0, 31]","[306.0, 57]",292.75,173,6.5,-0.02
07:44:56,"[284.09, 69]","[283.66, 41]","[296.0, 10]","[306.0, 70]",290.04,190,11.91,0.16
07:44:57,"[293.66, 29]","[283.92, 37]","[306.0, 77]","[309.0, 22]",299.83,165,12.34,-0.2
07:44:58,"[298.0, 22]","[285.78, 18]","[306.0, 77]","[309.0, 22]",302.0,139,8.0,-0.42
07:44:59,"[298.0, 18]","[286.0, 18]","[305.04, 23]","[306.1, 58]",301.52,117,7.04,-0.38
07:45:00,"[298.0, 14]","[286.0, 14]","[303.43, 14]","[306.0, 49]",300.71,91,5.43,-0.38
07:45:01,"[299.49, 69]","[292.64, 33]","[302.14, 28]","[306.0, 98]",300.82,228,2.65,-0.11
07:45:02,"[300.23, 106]","[299.0, 36]","[304.28, 29]","[332.73, 44]",302.25,215,4.05,0.32
07:45:03,"[301.0, 137]","[298.21, 28]","[306.21, 29]","[307.83, 36]",303.6,230,5.21,0.43
07:45:04,"[301.0, 110]","[298.0, 20]","[306.75, 24]","[308.31, 26]",303.88,180,5.75,0.44
07:45:05,"[301.0, 65]","[298.0, 18]","[307.55, 33]","[309.71, 21]",304.27,137,6.55,0.21
07:45:06,"[301.0, 75]","[298.0, 32]","[304.97, 58]","[306.43, 70]",302.98,235,3.97,-0.09
07:45:07,"[301.0, 32]","[298.0, 16]","[302.62, 40]","[304.0, 24]",301.81,112,1.62,-0.14
07:45:08,"[301.0, 16]","[298.0, 8]","[302.0, 20]","[304.0, 12]",301.5,56,1.0,-0.14
07:45:09,"[301.0, 27]","[298.0, 18]","[302.0, 45]","[306.67, 27]",301.5,117,1.0,-0.23
07:45:10,"[300.0, 6]","[297.8, 10]","[302.0, 25]","[312.0, 15]",301.0,56,2.0,-0.43
07:45:11,"[298.63, 19]","[297.2, 20]","[306.74, 38]","[313.43, 42]",302.68,119,8.11,-0.34
07:45:12,"[308.0, 9]","[298.0, 9]","[310.68, 19]","[312.74, 19]",309.34,56,2.68,-0.36
07:45:13,"[302.0, 5]","[297.25, 8]","[309.75, 8]","[311.38, 13]",305.88,34,7.75,-0.24
07:45:14,"[298.0, 9]","[297.0, 18]","[309.33, 30]","[313.03, 33]",303.67,90,11.33,-0.4
07:45:15,"[297.0, 18]","[291.0, 54]","[307.12, 25]","[308.46, 28]",302.06,125,10.12,0.15
07:45:16,"[292.76, 34]","[290.65, 34]","[303.92, 24]","[306.9, 30]",298.34,122,11.15,0.11
07:45:17,"[303.0, 90]","[288.94, 79]","[304.0, 27]","[309.0, 45]",303.5,241,1.0,0.4
07:45:18,"[303.0, 45]","[302.0, 24]","[304.0, 18]","[309.67, 27]",303.5,114,1.0,0.21
07:45:19,"[303.38, 48]","[302.56, 54]","[309.24, 34]","[310.84, 55]",306.31,191,5.86,0.07
07:45:20,"[304.0, 24]","[303.0, 40]","[310.0, 24]","[311.0, 40]",307.0,128,6.0,0.0
07:45:21,"[304.0, 27]","[303.0, 45]","[310.0, 27]","[311.0, 45]",307.0,144,6.0,0.0
07:45:22,"[303.56, 27]","[302.61, 41]","[310.0, 27]","[311.0, 45]",306.78,140,6.44,-0.03
07:45:23,"[303.0, 18]","[302.0, 24]","[310.0, 18]","[311.0, 30]",306.5,90,7.0,-0.07
07:45:24,"[303.0, 24]","[302.0, 32]","[310.0, 27]","[311.0, 40]",306.5,123,7.0,-0.09
07:45:25,"[303.0, 27]","[302.0, 36]","[310.0, 33]","[311.0, 45]",306.5,141,7.0,-0.11
07:45:26,"[303.52, 31]","[302.23, 26]","[310.0, 21]","[311.0, 35]",306.76,113,6.48,0.01
07:45:27,"[304.0, 56]","[303.0, 21]","[310.0, 21]","[311.0, 35]",307.0,133,6.0,0.16
07:45:28,"[304.0, 88]","[303.0, 33]","[308.83, 41]","[310.94, 53]",306.41,215,4.83,0.13
07:45:29,"[304.0, 96]","[303.0, 36]","[307.83, 48]","[311.0, 60]",305.92,240,3.83,0.1
07:45:30,"[304.0, 98]","[302.31, 58]","[308.24, 71]","[311.45, 60]",306.12,287,4.24,0.09
07:45:31,"[304.57, 28]","[302.7, 60]","[311.0, 50]","[314.0, 30]",307.79,168,6.43,0.05
07:45:32,"[308.0, 38]","[304.0, 57]","[312.68, 82]","[315.97, 73]",310.34,250,4.68,-0.24
07:45:33,"[304.25, 48]","[303.33, 27]","[312.0, 24]","[316.88, 25]",308.12,124,7.75,0.21
07:45:34,"[303.0, 168]","[302.0, 42]","[308.77, 26]","[316.68, 38]",305.88,274,5.77,0.53
07:45:35,"[303.0, 156]","[302.0, 39]","[306.0, 39]","[315.0, 13]",304.5,247,3.0,0.58
07:45:36,"[303.0, 120]","[302.0, 33]","[305.0, 11]","[310.18, 17]",304.0,181,2.0,0.69
07:45:37,"[303.0, 119]","[302.0, 42]","[309.07, 14]","[316.4, 35]",306.04,210,6.07,0.53
07:45:38,"[303.0, 48]","[302.0, 18]","[314.0, 6]","[317.0, 24]",308.5,96,11.0,0.38
07:45:39,"[303.0, 80]","[302.0, 34]","[314.0, 10]","[317.0, 40]",308.5,164,11.0,0.39
07:45:40,"[303.0, 40]","[302.0, 25]","[314.0, 5]","[317.0, 20]",308.5,90,11.0,0.44
07:45:41,"[303.0, 120]","[302.0, 85]","[312.05, 43]","[315.59, 49]",307.52,297,9.05,0.38
07:45:42,"[303.0, 30]","[302.0, 50]","[309.5, 30]","[315.0, 50]",306.25,160,6.5,0.0
07:45:43,"[303.0, 45]","[302.0, 75]","[308.2, 45]","[314.11, 55]",305.6,220,5.2,0.09
07:45:44,"[303.0, 27]","[302.0, 45]","[305.67, 27]","[313.38, 39]",304.33,138,2.67,0.04
07:45:45,"[302.41, 51]","[301.33, 107]","[304.21, 57]","[311.08, 51]",303.31,266,1.8,0.19
07:45:46,"[302.0, 85]","[301.0, 204]","[303.65, 85]","[312.0, 33]",302.82,407,1.65,0.42
07:45:47,"[302.0, 55]","[301.0, 132]","[303.0, 55]","[310.0, 11]",302.5,253,1.0,0.48
07:45:48,"[301.22, 123]","[298.87, 124]","[308.32, 38]","[311.4, 20]",304.77,305,7.1,0.62
07:45:49,"[302.39, 154]","[301.0, 180]","[308.81, 42]","[312.13, 30]",305.6,406,6.42,0.65
07:45:50,"[303.0, 120]","[301.0, 144]","[308.0, 48]","[309.0, 13]",305.5,325,5.0,0.62
07:45:51,"[303.02, 112]","[301.31, 142]","[307.08, 48]","[309.0, 12]",305.05,314,4.07,0.62
07:45:52,"[303.62, 176]","[301.27, 83]","[306.76, 68]","[308.41, 17]",305.19,344,3.14,0.51
07:45:53,"[304.0, 80]","[303.0, 11]","[306.0, 32]","[308.0, 8]",305.0,131,2.0,0.39
07:45:54,"[304.0, 76]","[303.0, 16]","[305.21, 29]","[309.36, 11]",304.6,132,1.21,0.39
07:45:55,"[304.0, 54]","[303.0, 13]","[307.0, 9]","[313.0, 41]",305.5,117,3.0,0.15
07:45:56,"[304.0, 48]","[303.0, 8]","[307.0, 8]","[313.06, 35]",305.5,99,3.0,0.13
07:45:57,"[304.0, 21]","[303.0, 4]","[307.0, 4]","[314.0, 8]",305.5,37,3.0,0.35
07:45:58,"[300.0, 36]","[298.0, 66]","[312.6, 10]","[317.2, 20]",306.3,132,12.6,0.55
07:45:59,"[300.0, 48]","[298.0, 88]","[313.14, 14]","[317.29, 28]",306.57,178,13.14,0.53
07:46:00,"[302.73, 132]","[299.64, 110]","[305.72, 81]","[308.44, 18]",304.22,341,2.99,0.42
07:46:01,"[303.0, 50]","[301.0, 60]","[304.67, 75]","[308.0, 15]",303.83,200,1.67,0.1
07:46:02,"[301.09, 46]","[300.08, 98]","[305.84, 61]","[307.51, 53]",303.46,258,4.75,0.12
07:46:03,"[301.0, 30]","[300.0, 90]","[304.93, 42]","[306.35, 51]",302.96,213,3.93,0.13
07:46:04,"[300.59, 44]","[299.41, 111]","[302.31, 64]","[304.0, 16]",301.45,235,1.72,0.32
07:46:05,"[300.0, 55]","[298.0, 176]","[301.95, 59]","[305.89, 44]",300.97,334,1.95,0.38
07:46:06,"[300.0, 30]","[298.0, 110]","[301.3, 40]","[311.2, 10]",300.65,190,1.3,0.47
07:46:07,"[298.74, 122]","[296.43, 254]","[301.57, 63]","[313.89, 27]",300.15,466,2.83,0.61
07:46:08,"[300.0, 22]","[298.0, 121]","[313.0, 11]","[315.0, 44]",306.5,198,13.0,0.44
07:46:09,"[300.0, 18]","[298.0, 99]","[306.1, 29]","[314.67, 24]",303.05,170,6.1,0.38
07:46:10,"[300.0, 12]","[298.0, 66]","[305.0, 22]","[312.86, 14]",302.5,114,5.0,0.37
07:46:11,"[300.0, 20]","[298.11, 45]","[312.0, 60]","[315.0, 40]",306.0,165,12.0,-0.21
07:46:12,"[300.0, 8]","[299.0, 4]","[312.0, 24]","[315.0, 16]",306.0,52,12.0,-0.54
07:46:13,"[298.95, 38]","[295.42, 85]","[312.0, 78]","[315.0, 52]",305.47,253,13.05,-0.03
07:46:14,"[298.0, 18]","[295.0, 171]","[310.57, 42]","[313.36, 44]",304.29,275,12.57,0.37
07:46:15,"[298.0, 18]","[295.0, 171]","[310.53, 45]","[312.2, 30]",304.27,264,12.53,0.43
07:46:16,"[298.0, 28]","[295.0, 266]","[307.86, 37]","[309.77, 57]",302.93,388,9.86,0.52
07:46:17,"[295.0, 288]","[288.0, 160]","[299.17, 83]","[307.3, 43]",297.08,574,4.17,0.56
07:46:18,"[295.0, 230]","[289.5, 40]","[296.34, 47]","[297.76, 79]",295.67,396,1.34,0.36
07:46:19,"[295.0, 188]","[294.0, 12]","[296.5, 40]","[298.38, 40]",295.75,280,1.5,0.43
07:46:20,"[295.02, 107]","[291.04, 54]","[297.0, 36]","[298.3, 33]",296.01,230,1.98,0.4
07:46:21,"[294.0, 51]","[293.42, 95]","[297.0, 44]","[298.0, 52]",295.5,242,3.0,0.21
07:46:22,"[295.27, 60]","[291.76, 119]","[297.0, 45]","[298.0, 60]",296.13,284,1.73,0.26
07:46:23,"[288.57, 97]","[287.58, 85]","[298.0, 52]","[308.0, 13]",293.28,247,9.43,0.47
07:46:24,"[289.0, 48]","[287.07, 97]","[297.16, 77]","[298.55, 55]",293.08,277,8.16,0.05
07:46:25,"[289.0, 30]","[284.75, 96]","[296.4, 50]","[298.0, 40]",292.7,216,7.4,0.17
07:46:26,"[290.29, 21]","[285.98, 65]","[295.92, 65]","[298.0, 52]",293.1,203,5.64,-0.15
07:46:27,"[285.78, 45]","[283.08, 130]","[295.0, 75]","[298.0, 60]",290.39,310,9.22,0.13
07:46:28,"[285.0, 32]","[282.0, 128]","[295.0, 40]","[298.0, 32]",290.0,232,10.0,0.38
07:46:29,"[285.0, 48]","[282.0, 192]","[293.33, 36]","[296.46, 41]",289.17,317,8.33,0.51
07:46:30,"[285.0, 20]","[282.0, 80]","[293.0, 15]","[295.0, 15]",289.0,130,8.0,0.54
07:46:31,"[285.0, 40]","[282.0, 160]","[292.14, 37]","[293.6, 30]",288.57,267,7.14,0.5
07:46:32,"[285.0, 68]","[282.0, 272]","[288.0, 85]","[291.0, 68]",286.5,493,3.0,0.38
07:46:33,"[285.0, 44]","[282.0, 176]","[288.0, 55]","[290.91, 35]",286.5,310,3.0,0.42
07:46:34,"[285.0, 32]","[282.0, 128]","[288.0, 40]","[290.0, 8]",286.5,208,3.0,0.54
07:46:35,"[283.91, 44]","[280.29, 119]","[288.0, 60]","[290.0, 8]",285.95,231,4.09,0.41
07:46:36,"[282.39, 71]","[269.2, 105]","[288.0, 89]","[290.0, 11]",285.2,276,5.61,0.28
07:46:37,"[287.0, 48]","[286.0, 12]","[288.0, 96]","[290.0, 12]",287.5,168,1.0,-0.29
07:46:38,"[286.31, 102]","[281.97, 77]","[288.0, 76]","[290.0, 13]",287.16,268,1.69,0.34
07:46:39,"[284.31, 59]","[282.39, 33]","[288.0, 22]","[290.0, 11]",286.15,125,3.69,0.47
07:46:40,"[286.42, 48]","[282.16, 38]","[288.53, 19]","[291.56, 32]",287.47,137,2.11,0.26
07:46:41,"[288.18, 44]","[287.0, 22]","[290.0, 11]","[292.0, 55]",289.09,132,1.82,0.0
07:46:42,"[287.0, 22]","[280.0, 77]","[292.0, 51]","[295.0, 33]",289.5,183,5.0,0.08
07:46:43,"[287.71, 34]","[282.2, 51]","[293.88, 32]","[296.63, 49]",290.79,166,6.17,0.02
07:46:44,"[288.0, 21]","[287.0, 14]","[295.55, 11]","[297.55, 22]",291.77,68,7.55,0.03
07:46:45,"[289.62, 16]","[288.0, 24]","[297.0, 8]","[299.0, 16]",293.31,64,7.38,0.25
07:46:46,"[290.0, 14]","[288.0, 21]","[297.0, 7]","[299.0, 14]",293.5,56,7.0,0.25
07:46:47,"[292.0, 31]","[290.29, 34]","[300.83, 46]","[301.75, 48]",296.41,159,8.83,-0.18
07:46:48,"[298.9, 63]","[295.26, 43]","[301.0, 68]","[302.0, 68]",299.95,242,2.1,-0.12
07:46:49,"[299.0, 62]","[286.05, 116]","[301.0, 26]","[302.0, 52]",300.0,256,2.0,0.39
07:46:50,"[299.0, 22]","[284.58, 89]","[300.64, 22]","[301.78, 36]",299.82,169,1.64,0.31
07:46:51,"[299.0, 18]","[290.7, 23]","[300.89, 18]","[302.73, 30]",299.94,89,1.89,-0.08
07:46:52,"[300.0, 33]","[299.0, 22]","[301.0, 22]","[303.0, 22]",300.5,99,1.0,0.11
07:46:53,"[299.56, 27]","[295.25, 16]","[301.92, 24]","[303.56, 27]",300.74,94,2.36,-0.09
07:46:54,"[299.27, 22]","[295.0, 20]","[300.53, 55]","[302.11, 35]",299.9,132,1.25,-0.36
07:46:55,"[289.47, 17]","[286.02, 169]","[300.0, 65]","[301.0, 26]",294.74,277,10.53,0.34
07:46:56,"[291.25, 79]","[285.08, 316]","[298.21, 42]","[299.98, 84]",294.73,521,6.96,0.52
07:46:57,"[292.11, 61]","[286.05, 166]","[295.85, 53]","[296.29, 55]",293.98,335,3.73,0.36
07:46:58,"[292.19, 27]","[285.64, 88]","[295.0, 14]","[296.21, 19]",293.59,148,2.81,0.55
07:46:59,"[292.89, 54]","[284.0, 41]","[294.0, 26]","[297.0, 13]",293.44,134,1.11,0.42
07:47:00,"[284.0, 5]","[282.0, 50]","[297.0, 5]","[298.0, 25]",290.5,85,13.0,0.29
07:47:01,"[284.0, 8]","[282.0, 80]","[297.0, 8]","[298.0, 40]",290.5,136,13.0,0.29
07:47:02,"[282.0, 50]","[280.21, 19]","[297.94, 17]","[299.85, 13]",289.97,99,15.94,0.39
07:47:03,"[282.0, 100]","[280.0, 150]","[298.0, 39]","[300.67, 24]",290.0,313,16.0,0.6
07:47:04,"[282.0, 110]","[280.0, 165]","[292.55, 47]","[298.46, 52]",287.28,374,10.55,0.47
07:47:05,"[282.4, 80]","[280.71, 140]","[290.0, 77]","[298.0, 55]",286.2,352,7.6,0.25
07:47:06,"[284.06, 68]","[282.0, 170]","[290.0, 119]","[298.0, 85]",287.03,442,5.94,0.08
07:47:07,"[287.05, 82]","[284.81, 104]","[290.0, 103]","[298.0, 85]",288.52,374,2.95,-0.01
07:47:08,"[288.93, 54]","[283.09, 44]","[295.33, 45]","[298.98, 49]",292.13,192,6.41,0.02
07:47:09,"[290.22, 32]","[287.0, 40]","[298.0, 50]","[300.0, 40]",294.11,162,7.78,-0.11
07:47:10,"[291.4, 20]","[289.55, 22]","[298.0, 30]","[300.0, 24]",294.7,96,6.6,-0.12
07:47:11,"[292.84, 25]","[291.9, 31]","[298.0, 40]","[300.0, 32]",295.42,128,5.16,-0.12
07:47:12,"[293.43, 37]","[292.3, 40]","[298.0, 52]","[300.0, 44]",295.72,173,4.57,-0.11
07:47:13,"[294.0, 40]","[293.0, 30]","[298.0, 32]","[300.0, 40]",296.0,142,4.0,-0.01
07:47:14,"[295.88, 68]","[294.84, 57]","[298.0, 24]","[300.0, 48]",296.94,197,2.12,0.27
07:47:15,"[297.0, 117]","[288.76, 37]","[299.4, 40]","[302.37, 59]",298.2,253,2.4,0.22
07:47:16,"[297.23, 93]","[285.81, 32]","[300.44, 45]","[304.15, 52]",298.84,222,3.22,0.13
07:47:17,"[287.49, 83]","[285.76, 49]","[304.0, 61]","[306.64, 44]",295.75,237,16.51,0.11
07:47:18,"[288.52, 29]","[287.98, 59]","[302.44, 18]","[304.59, 27]",295.48,133,13.93,0.32
07:47:19,"[292.92, 36]","[290.44, 16]","[299.88, 16]","[303.0, 16]",296.4,84,6.96,0.24
07:47:20,"[294.12, 56]","[292.94, 16]","[320.88, 24]","[537.38, 24]",307.5,120,26.75,0.2
07:47:21,"[299.02, 66]","[296.94, 79]","[333.16, 67]","[498.81, 37]",316.09,249,34.15,0.16
07:47:22,"[304.96, 47]","[303.1, 20]","[306.0, 20]","[334.0, 50]",305.48,137,1.04,-0.02
07:47:23,"[305.0, 23]","[304.0, 88]","[342.36, 33]","[407.33, 27]",323.68,171,37.36,0.3
07:47:24,"[304.02, 43]","[302.94, 17]","[306.0, 28]","[372.09, 23]",305.01,111,1.98,0.08
07:47:25,"[304.0, 42]","[301.0, 6]","[306.0, 24]","[342.0, 12]",305.0,84,2.0,0.14
07:47:26,"[304.08, 53]","[303.4, 35]","[306.0, 31]","[428.82, 50]",305.04,169,1.92,0.04
07:47:27,"[303.1, 80]","[298.4, 50]","[305.4, 35]","[407.73, 30]",304.25,195,2.3,0.33
07:47:28,"[299.14, 42]","[297.0, 91]","[305.0, 31]","[308.0, 14]",302.07,178,5.86,0.49
07:47:29,"[299.0, 66]","[265.52, 73]","[305.0, 33]","[308.0, 22]",302.0,194,6.0,0.43
07:47:30,"[299.71, 28]","[297.12, 32]","[305.0, 12]","[308.0, 12]",302.36,84,5.29,0.43
07:47:31,"[304.0, 16]","[296.57, 63]","[305.0, 8]","[307.87, 15]",304.5,102,1.0,0.55
07:47:32,"[297.14, 28]","[294.75, 32]","[304.71, 7]","[305.83, 6]",300.93,73,7.57,0.64
07:47:33,"[296.29, 63]","[294.45, 80]","[303.46, 26]","[305.0, 23]",299.87,192,7.18,0.49
07:47:34,"[298.6, 30]","[294.0, 68]","[303.0, 20]","[305.0, 17]",300.8,135,4.4,0.45
07:47:35,"[300.0, 39]","[292.31, 128]","[302.14, 29]","[303.0, 24]",301.07,220,2.14,0.52
07:47:36,"[300.0, 47]","[290.76, 204]","[301.08, 36]","[302.21, 47]",300.54,334,1.08,0.5
07:47:37,"[290.24, 283]","[288.78, 172]","[304.58, 38]","[306.87, 30]",297.41,523,14.34,0.74
07:47:38,"[292.21, 80]","[290.58, 178]","[300.0, 80]","[302.62, 16]",296.11,354,7.79,0.46
07:47:39,"[294.0, 17]","[289.37, 228]","[300.52, 25]","[302.9, 21]",297.26,291,6.52,0.68
07:47:40,"[294.71, 14]","[289.33, 126]","[298.17, 36]","[304.07, 14]",296.44,190,3.45,0.47
07:47:41,"[295.0, 11]","[288.0, 66]","[301.43, 14]","[304.73, 11]",298.21,102,6.43,0.51
07:47:42,"[296.0, 14]","[288.0, 56]","[304.0, 14]","[305.0, 14]",300.0,98,8.0,0.43
07:47:43,"[289.6, 10]","[287.01, 146]","[300.44, 16]","[306.45, 11]",295.02,183,10.84,0.7
07:47:44,"[289.6, 45]","[287.02, 165]","[297.5, 24]","[307.35, 20]",293.55,254,7.9,0.65
07:47:45,"[290.11, 148]","[289.63, 59]","[293.5, 32]","[297.19, 42]",291.8,281,3.39,0.47
07:47:46,"[291.51, 82]","[288.0, 204]","[322.06, 34]","[386.85, 39]",306.79,359,30.55,0.59
07:47:47,"[292.0, 44]","[287.0, 143]","[304.0, 22]","[338.2, 20]",298.0,229,12.0,0.63
07:47:48,"[297.73, 22]","[290.67, 49]","[302.9, 31]","[303.54, 26]",300.32,128,5.18,0.11
07:47:49,"[299.96, 46]","[293.17, 46]","[302.0, 12]","[303.0, 48]",300.98,152,2.04,0.21
07:47:50,"[301.0, 16]","[291.75, 64]","[302.8, 20]","[303.67, 24]",301.9,124,1.8,0.29
07:47:51,"[301.6, 20]","[290.71, 56]","[303.0, 32]","[305.0, 16]",302.3,124,1.4,0.23
07:47:52,"[302.0, 27]","[290.41, 68]","[303.0, 26]","[305.0, 18]",302.5,139,1.0,0.37
07:47:53,"[291.85, 82]","[290.2, 90]","[304.67, 24]","[307.86, 14]",298.26,210,12.81,0.64
07:47:54,"[293.1, 10]","[291.83, 69]","[305.0, 20]","[309.0, 10]",299.05,109,11.9,0.45
07:47:55,"[295.08, 12]","[292.0, 156]","[315.67, 27]","[321.57, 21]",305.38,216,20.58,0.56
07:47:56,"[302.32, 66]","[300.62, 104]","[337.0, 60]","[376.74, 46]",319.66,276,34.68,0.23
07:47:57,"[310.0, 24]","[304.15, 26]","[337.0, 36]","[446.26, 46]",323.5,132,27.0,-0.24
07:47:58,"[308.76, 34]","[304.33, 24]","[369.43, 42]","[396.93, 43]",339.1,143,60.66,-0.19
07:47:59,"[303.0, 27]","[302.0, 45]","[386.11, 27]","[404.0, 27]",344.56,126,83.11,0.14
07:48:00,"[303.0, 27]","[302.0, 45]","[326.35, 20]","[358.82, 22]",314.68,114,23.35,0.26
07:48:01,"[303.0, 42]","[302.0, 70]","[314.53, 34]","[315.33, 36]",308.76,182,11.53,0.23
07:48:02,"[303.0, 45]","[302.0, 75]","[313.33, 30]","[315.0, 45]",308.17,195,10.33,0.23
07:48:03,"[303.0, 42]","[302.0, 70]","[311.35, 31]","[313.23, 39]",307.18,182,8.35,0.23
07:48:04,"[303.0, 51]","[302.0, 85]","[307.81, 47]","[318.35, 51]",305.4,234,4.81,0.16
07:48:05,"[302.92, 87]","[301.78, 64]","[305.0, 48]","[311.91, 46]",303.96,245,2.08,0.23
07:48:06,"[302.19, 48]","[300.22, 45]","[430.09, 23]","[628.3, 20]",366.14,136,127.9,0.37
07:48:07,"[305.0, 30]","[302.0, 50]","[331.0, 20]","[457.14, 28]",318.0,128,26.0,0.25
07:48:08,"[305.0, 9]","[302.0, 35]","[330.44, 16]","[436.83, 24]",317.72,84,25.44,0.05
07:48:09,"[302.14, 42]","[300.4, 50]","[326.82, 39]","[351.97, 39]",314.48,170,24.68,0.08
07:48:10,"[300.0, 32]","[298.0, 16]","[319.91, 11]","[321.62, 29]",309.95,88,19.91,0.09
07:48:11,"[300.0, 24]","[298.0, 12]","[311.17, 6]","[317.89, 9]",305.58,51,11.17,0.41
07:48:12,"[300.0, 32]","[298.0, 16]","[308.5, 14]","[312.12, 8]",304.25,70,8.5,0.37
07:48:13,"[300.0, 40]","[298.0, 20]","[305.56, 16]","[307.05, 20]",302.78,96,5.56,0.25
07:48:14,"[299.03, 29]","[296.53, 19]","[310.7, 23]","[464.14, 22]",304.87,93,11.66,0.03
07:48:15,"[298.0, 12]","[294.0, 6]","[313.5, 16]","[315.0, 8]",305.75,42,15.5,-0.14
07:48:16,"[298.67, 18]","[295.6, 10]","[312.58, 24]","[313.19, 31]",305.62,83,13.92,-0.33
07:48:17,"[300.0, 33]","[298.0, 22]","[309.67, 24]","[311.54, 48]",304.83,127,9.67,-0.13
07:48:18,"[300.07, 29]","[298.5, 24]","[306.0, 36]","[310.31, 39]",303.03,128,5.93,-0.17
07:48:19,"[300.83, 81]","[299.71, 96]","[304.8, 70]","[312.0, 18]",302.81,265,3.97,0.34
07:48:20,"[303.0, 27]","[300.0, 110]","[309.0, 12]","[316.05, 41]",306.0,190,6.0,0.44
07:48:21,"[303.46, 13]","[300.17, 53]","[310.0, 8]","[318.0, 32]",306.73,106,6.54,0.25
07:48:22,"[305.0, 10]","[303.0, 10]","[310.0, 10]","[318.0, 40]",307.5,70,5.0,-0.43
07:48:23,"[305.0, 12]","[303.0, 12]","[310.0, 12]","[318.0, 52]",307.5,88,5.0,-0.45
07:48:24,"[300.0, 7]","[299.0, 7]","[310.0, 7]","[318.0, 56]",305.0,77,10.0,-0.64
07:48:25,"[300.36, 28]","[299.77, 26]","[310.0, 11]","[318.0, 88]",305.18,153,9.64,-0.29
07:48:26,"[301.09, 22]","[300.0, 49]","[310.0, 11]","[318.0, 88]",305.55,170,8.91,-0.16
07:48:27,"[302.0, 20]","[300.0, 50]","[310.0, 10]","[318.0, 80]",306.0,160,8.0,-0.12
07:48:28,"[302.86, 28]","[300.49, 49]","[309.11, 19]","[316.7, 43]",305.98,139,6.25,0.11
07:48:29,"[304.0, 24]","[302.92, 24]","[308.33, 15]","[315.48, 21]",306.17,84,4.33,0.14
07:48:30,"[304.0, 16]","[303.0, 16]","[307.0, 8]","[312.25, 8]",305.5,48,3.0,0.33
07:48:31,"[304.75, 16]","[303.42, 24]","[307.0, 11]","[315.6, 20]",305.88,71,2.25,0.13
07:48:32,"[304.11, 75]","[303.44, 72]","[306.0, 18]","[310.93, 60]",305.05,225,1.89,0.31
07:48:33,"[304.0, 50]","[303.0, 40]","[306.0, 10]","[311.0, 50]",305.0,150,2.0,0.2
07:48:34,"[304.0, 32]","[303.0, 32]","[306.0, 8]","[311.0, 40]",305.0,112,2.0,0.14
07:48:35,"[304.0, 30]","[303.0, 40]","[305.3, 10]","[311.0, 50]",304.65,130,1.3,0.08
07:48:36,"[304.0, 39]","[303.0, 52]","[308.33, 21]","[312.25, 63]",306.17,175,4.33,0.04
07:48:37,"[304.0, 21]","[303.0, 28]","[312.0, 35]","[314.0, 28]",308.0,112,8.0,-0.12
07:48:38,"[304.48, 29]","[303.47, 38]","[312.0, 55]","[314.3, 40]",308.24,162,7.52,-0.17
07:48:39,"[305.36, 28]","[303.89, 37]","[310.35, 23]","[314.22, 45]",307.85,133,4.99,-0.02
07:48:40,"[307.93, 28]","[303.89, 37]","[310.0, 39]","[311.0, 13]",308.96,117,2.07,0.11
07:48:41,"[304.0, 42]","[303.0, 28]","[309.75, 28]","[310.25, 28]",306.88,126,5.75,0.11
07:48:42,"[303.78, 18]","[302.83, 24]","[307.07, 42]","[309.0, 14]",305.42,98,3.29,-0.14
07:48:43,"[303.0, 9]","[302.0, 9]","[305.0, 9]","[306.0, 27]",304.0,54,2.0,-0.33
07:48:44,"[300.36, 22]","[299.28, 32]","[305.96, 25]","[311.82, 11]",303.16,90,5.6,0.2
07:48:45,"[299.0, 74]","[298.0, 132]","[304.33, 12]","[305.97, 31]",301.67,249,5.33,0.65
07:48:46,"[299.0, 13]","[298.0, 156]","[303.22, 23]","[306.69, 29]",301.11,221,4.22,0.53
07:48:47,"[299.0, 17]","[298.0, 204]","[302.94, 17]","[306.57, 23]",300.97,261,3.94,0.69
07:48:48,"[299.0, 13]","[298.0, 96]","[302.0, 8]","[303.0, 8]",300.5,125,3.0,0.74
07:48:49,"[299.0, 22]","[298.0, 132]","[301.18, 11]","[303.0, 11]",300.09,176,2.18,0.75
07:48:50,"[298.41, 41]","[297.91, 138]","[303.31, 13]","[310.74, 19]",300.86,211,4.89,0.7
07:48:51,"[299.82, 17]","[297.56, 123]","[313.2, 41]","[314.2, 50]",306.51,231,13.37,0.21
07:48:52,"[304.77, 30]","[300.72, 36]","[312.95, 42]","[313.62, 16]",308.86,124,8.19,0.06
07:48:53,"[303.0, 54]","[302.0, 14]","[310.43, 14]","[312.48, 27]",306.71,109,7.43,0.25
07:48:54,"[304.0, 15]","[302.96, 27]","[308.95, 22]","[310.21, 38]",306.48,102,4.95,-0.18
07:48:55,"[305.0, 14]","[303.0, 28]","[309.0, 14]","[310.0, 70]",307.0,126,4.0,-0.33
07:48:56,"[302.52, 29]","[299.69, 49]","[307.71, 14]","[310.0, 70]",305.12,162,5.2,-0.04
07:48:57,"[301.0, 60]","[297.0, 90]","[308.0, 10]","[311.41, 34]",304.5,194,7.0,0.55
07:48:58,"[301.0, 12]","[297.0, 18]","[312.0, 2]","[314.0, 10]",306.5,42,11.0,0.43
07:48:59,"[308.11, 54]","[300.37, 57]","[312.0, 9]","[314.0, 45]",310.06,165,3.89,0.35
07:49:00,"[309.0, 60]","[301.0, 60]","[313.67, 30]","[314.89, 45]",311.33,195,4.67,0.23
07:49:01,"[309.0, 60]","[301.0, 60]","[312.0, 10]","[314.7, 46]",310.5,176,3.0,0.36
07:49:02,"[309.0, 30]","[301.0, 48]","[312.0, 8]","[316.0, 32]",310.5,118,3.0,0.32
07:49:03,"[309.0, 18]","[301.0, 54]","[311.14, 29]","[315.05, 21]",310.07,122,2.14,0.18
07:49:04,"[309.0, 10]","[302.6, 30]","[311.0, 25]","[312.0, 5]",310.0,70,2.0,0.14
