Time,Bid1,Bid2,Ask1,Ask2,Mid-Price,Total_volume,Bid_ask_spread,Order_imbalance
07:30:00,"[0, 0]","[0, 0]","[0, 0]","[0, 0]",0.0,0,0.0,0.0
07:30:01,"[0, 0]","[0, 0]","[698.0, 9]","[0, 0]",349.0,9,698.0,-1.0
07:30:02,"[1.0, 50]","[0, 0]","[337.42, 19]","[489.93, 15]",169.21,84,336.42,0.19
07:30:03,"[3.94, 31]","[2.0, 10]","[241.75, 16]","[243.2, 10]",122.84,67,237.81,0.22
07:30:04,"[76.33, 3]","[2.0, 30]","[242.0, 12]","[244.0, 6]",159.17,51,165.67,0.29
07:30:05,"[84.5, 6]","[2.0, 60]","[239.14, 28]","[242.4, 20]",161.82,114,154.64,0.16
07:30:06,"[37.0, 1]","[2.0, 10]","[238.0, 5]","[242.0, 4]",137.5,20,201.0,0.1
07:30:07,"[52.71, 7]","[3.67, 21]","[238.0, 15]","[242.0, 12]",145.36,55,185.29,0.02
07:30:08,"[60.2, 25]","[57.0, 11]","[238.0, 15]","[242.0, 12]",149.1,63,177.8,0.14
07:30:09,"[118.0, 1]","[61.0, 10]","[238.0, 5]","[242.0, 4]",178.0,20,120.0,0.1
07:30:10,"[210.65, 17]","[68.43, 23]","[238.0, 24]","[242.0, 20]",224.32,84,27.35,-0.05
07:30:11,"[224.75, 80]","[211.76, 25]","[238.0, 32]","[242.0, 32]",231.38,169,13.25,0.24
07:30:12,"[225.09, 110]","[190.44, 36]","[238.0, 24]","[242.0, 44]",231.55,214,12.91,0.36
07:30:13,"[226.0, 50]","[192.0, 35]","[238.0, 10]","[242.0, 20]",232.0,115,12.0,0.48
07:30:14,"[226.83, 120]","[194.75, 84]","[238.0, 24]","[242.0, 48]",232.42,276,11.17,0.48
07:30:15,"[227.62, 80]","[208.36, 47]","[238.0, 16]","[242.0, 32]",232.81,175,10.38,0.45
07:30:16,"[229.99, 71]","[223.71, 24]","[238.0, 16]","[242.0, 32]",233.99,143,8.01,0.33
07:30:17,"[232.05, 122]","[225.78, 126]","[240.13, 30]","[242.73, 44]",236.09,322,8.08,0.54
07:30:18,"[235.62, 71]","[234.09, 53]","[242.0, 18]","[244.0, 18]",238.81,160,6.38,0.55
07:30:19,"[237.86, 63]","[236.57, 70]","[242.0, 22]","[243.8, 41]",239.93,196,4.14,0.36
07:30:20,"[241.11, 110]","[239.29, 123]","[243.44, 85]","[243.77, 73]",242.27,391,2.33,0.19
07:30:21,"[242.42, 95]","[241.38, 106]","[244.0, 93]","[245.0, 19]",243.21,313,1.58,0.28
07:30:22,"[242.94, 72]","[242.0, 78]","[244.33, 21]","[245.75, 28]",243.64,199,1.39,0.51
07:30:23,"[244.96, 94]","[243.91, 66]","[251.88, 34]","[265.23, 52]",248.42,246,6.92,0.3
07:30:24,"[246.42, 48]","[244.32, 47]","[264.47, 34]","[283.0, 50]",255.44,179,18.05,0.06
07:30:25,"[251.28, 50]","[249.63, 78]","[268.0, 68]","[294.06, 53]",259.64,249,16.72,0.03
07:30:26,"[255.0, 22]","[254.0, 127]","[267.48, 42]","[286.86, 14]",261.24,205,12.48,0.45
07:30:27,"[254.18, 111]","[253.65, 158]","[256.19, 42]","[263.65, 52]",255.19,363,2.01,0.48
07:30:28,"[254.0, 125]","[252.0, 48]","[255.62, 34]","[263.81, 43]",254.81,250,1.62,0.38
07:30:29,"[254.0, 43]","[252.0, 48]","[255.75, 36]","[264.12, 33]",254.88,160,1.75,0.14
07:30:30,"[254.0, 16]","[252.0, 32]","[258.25, 24]","[266.91, 23]",256.12,95,4.25,0.01
07:30:31,"[254.0, 26]","[251.28, 25]","[259.0, 39]","[266.0, 52]",256.5,142,5.0,-0.28
07:30:32,"[250.09, 32]","[248.75, 16]","[259.0, 33]","[266.0, 44]",254.55,125,8.91,-0.23
07:30:33,"[249.0, 35]","[248.0, 14]","[259.0, 21]","[266.0, 28]",254.0,98,10.0,0.0
07:30:34,"[250.48, 62]","[249.69, 133]","[259.0, 45]","[266.0, 60]",254.74,300,8.52,0.3
07:30:35,"[251.0, 12]","[250.0, 108]","[259.0, 27]","[266.0, 36]",255.0,183,8.0,0.31
07:30:36,"[251.71, 7]","[250.0, 84]","[259.0, 21]","[266.0, 28]",255.36,140,7.29,0.3
07:30:37,"[252.0, 10]","[250.0, 120]","[259.0, 30]","[266.0, 40]",255.5,200,7.0,0.3
07:30:38,"[252.0, 6]","[250.0, 72]","[259.0, 18]","[266.0, 24]",255.5,120,7.0,0.3
07:30:39,"[252.0, 6]","[250.0, 72]","[259.0, 18]","[266.0, 24]",255.5,120,7.0,0.3
07:30:40,"[250.52, 25]","[249.8, 41]","[259.0, 21]","[266.0, 28]",254.76,115,8.48,0.15
07:30:41,"[250.0, 90]","[249.0, 63]","[259.0, 27]","[266.0, 36]",254.5,216,9.0,0.42
07:30:42,"[250.0, 100]","[249.0, 52]","[258.9, 30]","[265.46, 39]",254.45,221,8.9,0.38
07:30:43,"[250.0, 114]","[248.82, 66]","[257.62, 39]","[260.08, 39]",253.81,258,7.62,0.4
07:30:44,"[250.19, 79]","[248.35, 74]","[257.0, 33]","[259.0, 33]",253.59,219,6.81,0.4
07:30:45,"[250.24, 42]","[249.36, 44]","[257.0, 18]","[259.0, 18]",253.62,122,6.76,0.41
07:30:46,"[250.0, 56]","[249.0, 49]","[255.43, 21]","[259.86, 21]",252.71,147,5.43,0.43
07:30:47,"[251.44, 50]","[249.53, 60]","[256.75, 24]","[262.92, 26]",254.09,160,5.31,0.38
07:30:48,"[254.0, 8]","[250.0, 32]","[262.0, 12]","[263.0, 16]",258.0,68,8.0,0.18
07:30:49,"[254.0, 7]","[250.0, 56]","[262.0, 21]","[263.0, 28]",258.0,112,8.0,0.12
07:30:50,"[254.0, 11]","[250.36, 39]","[262.0, 33]","[263.0, 44]",258.0,127,8.0,-0.21
07:30:51,"[254.0, 8]","[252.0, 8]","[257.62, 24]","[262.28, 43]",255.81,83,3.62,-0.61
07:30:52,"[254.0, 13]","[252.0, 13]","[260.88, 75]","[264.25, 64]",257.44,165,6.88,-0.68
07:30:53,"[255.4, 97]","[253.85, 13]","[261.89, 79]","[264.62, 61]",258.64,250,6.48,-0.12
07:30:54,"[256.0, 144]","[254.0, 18]","[258.64, 86]","[260.45, 62]",257.32,310,2.64,0.05
07:30:55,"[256.0, 88]","[254.0, 29]","[258.0, 55]","[260.0, 33]",257.0,205,2.0,0.14
07:30:56,"[256.0, 75]","[254.0, 36]","[257.0, 60]","[262.33, 36]",256.5,207,1.0,0.07
07:30:57,"[254.67, 18]","[252.67, 18]","[256.86, 70]","[263.0, 42]",255.76,148,2.19,-0.51
07:30:58,"[252.77, 13]","[250.48, 21]","[255.31, 65]","[262.52, 48]",254.04,147,2.54,-0.54
07:30:59,"[252.53, 19]","[250.43, 23]","[254.21, 70]","[262.0, 70]",253.37,182,1.69,-0.54
07:31:00,"[250.77, 43]","[248.76, 37]","[253.82, 85]","[262.0, 85]",252.3,250,3.06,-0.36
07:31:01,"[248.22, 64]","[246.53, 95]","[251.8, 75]","[256.45, 71]",250.01,305,3.58,0.04
07:31:02,"[247.0, 96]","[244.0, 112]","[249.88, 32]","[252.0, 80]",248.44,320,2.88,0.3
07:31:03,"[247.0, 72]","[243.0, 84]","[251.13, 45]","[255.21, 66]",249.07,267,4.13,0.17
07:31:04,"[247.0, 46]","[243.0, 63]","[249.86, 21]","[251.56, 43]",248.43,173,2.86,0.26
07:31:05,"[243.41, 78]","[241.52, 108]","[250.29, 31]","[257.4, 75]",246.85,292,6.88,0.27
07:31:06,"[243.0, 91]","[241.0, 104]","[246.69, 26]","[249.15, 26]",244.85,247,3.69,0.58
07:31:07,"[243.0, 59]","[241.0, 104]","[245.0, 26]","[248.0, 26]",244.0,215,2.0,0.52
07:31:08,"[243.0, 39]","[241.0, 104]","[244.31, 26]","[253.77, 39]",243.65,208,1.31,0.38
07:31:09,"[243.0, 30]","[241.0, 80]","[246.45, 22]","[253.4, 30]",244.73,162,3.45,0.36
07:31:10,"[242.06, 34]","[240.78, 54]","[247.0, 40]","[250.33, 18]",244.53,146,4.94,0.21
07:31:11,"[241.0, 80]","[239.0, 30]","[247.0, 56]","[251.9, 29]",244.0,195,6.0,0.13
07:31:12,"[241.15, 82]","[240.19, 67]","[247.0, 56]","[252.38, 32]",244.07,237,5.85,0.26
07:31:13,"[242.88, 33]","[240.17, 96]","[246.57, 53]","[248.77, 52]",244.72,234,3.69,0.1
07:31:14,"[241.76, 50]","[237.72, 54]","[247.0, 68]","[252.57, 70]",244.38,242,5.24,-0.14
07:31:15,"[242.0, 24]","[240.0, 6]","[247.0, 24]","[252.0, 30]",244.5,84,5.0,-0.29
07:31:16,"[242.14, 28]","[241.45, 22]","[247.0, 40]","[252.0, 50]",244.57,140,4.86,-0.29
07:31:17,"[244.18, 11]","[241.21, 38]","[247.0, 44]","[252.0, 55]",245.59,148,2.82,-0.34
07:31:18,"[245.4, 15]","[237.34, 73]","[247.0, 33]","[252.0, 55]",246.2,176,1.6,0.0
07:31:19,"[246.0, 31]","[237.67, 43]","[247.0, 34]","[252.0, 65]",246.5,173,1.0,-0.14
07:31:20,"[241.95, 19]","[235.87, 60]","[251.25, 53]","[253.29, 56]",246.6,188,9.3,-0.16
07:31:21,"[238.0, 30]","[235.82, 44]","[252.0, 60]","[254.0, 48]",245.0,182,14.0,-0.19
07:31:22,"[238.0, 16]","[236.0, 16]","[254.0, 12]","[257.0, 20]",246.0,64,16.0,0.0
07:31:23,"[238.6, 60]","[236.65, 65]","[254.0, 39]","[257.0, 70]",246.3,234,15.4,0.07
07:31:24,"[250.0, 13]","[238.0, 91]","[253.38, 26]","[255.83, 41]",251.69,171,3.38,0.22
07:31:25,"[238.57, 21]","[236.04, 92]","[254.0, 22]","[255.29, 31]",246.29,166,15.43,0.36
07:31:26,"[244.15, 26]","[236.24, 33]","[255.0, 14]","[256.0, 35]",249.58,108,10.85,0.09
07:31:27,"[248.0, 64]","[238.0, 16]","[255.0, 16]","[256.0, 40]",251.5,136,7.0,0.18
07:31:28,"[248.14, 28]","[243.71, 14]","[255.0, 8]","[256.0, 20]",251.57,70,6.86,0.2
07:31:29,"[249.38, 64]","[247.69, 116]","[255.0, 32]","[256.0, 80]",252.19,292,5.62,0.23
07:31:30,"[250.73, 60]","[239.0, 75]","[255.0, 30]","[256.69, 39]",252.87,204,4.27,0.32
07:31:31,"[253.0, 38]","[242.14, 110]","[255.0, 32]","[258.33, 18]",254.0,198,2.0,0.49
07:31:32,"[253.0, 17]","[242.29, 63]","[254.77, 13]","[255.93, 27]",253.88,120,1.77,0.33
07:31:33,"[253.7, 20]","[241.18, 55]","[256.0, 60]","[258.0, 15]",254.85,150,2.3,0.0
07:31:34,"[254.57, 23]","[244.25, 24]","[256.0, 39]","[258.0, 14]",255.28,100,1.43,-0.06
07:31:35,"[253.0, 13]","[239.4, 50]","[256.0, 13]","[258.0, 13]",254.5,89,3.0,0.42
07:31:36,"[253.0, 12]","[239.0, 60]","[254.51, 35]","[255.62, 24]",253.76,131,1.51,0.1
07:31:37,"[246.03, 35]","[240.61, 49]","[252.77, 62]","[254.37, 41]",249.4,187,6.75,-0.1
07:31:38,"[241.08, 26]","[240.2, 15]","[248.94, 51]","[252.3, 30]",245.01,122,7.86,-0.33
07:31:39,"[241.0, 30]","[240.0, 15]","[243.0, 42]","[244.24, 59]",242.0,146,2.0,-0.38
07:31:40,"[241.0, 22]","[240.0, 11]","[243.0, 11]","[244.0, 44]",242.0,88,2.0,-0.25
07:31:41,"[241.15, 26]","[238.57, 21]","[243.0, 12]","[244.0, 48]",242.08,107,1.85,-0.12
07:31:42,"[242.0, 24]","[238.6, 20]","[243.0, 6]","[244.0, 24]",242.5,74,1.0,0.19
07:31:43,"[240.17, 41]","[236.4, 47]","[242.24, 21]","[244.31, 52]",241.2,161,2.07,0.09
07:31:44,"[240.25, 48]","[238.0, 40]","[244.0, 64]","[245.0, 118]",242.12,270,3.75,-0.35
07:31:45,"[242.0, 42]","[238.0, 28]","[244.0, 56]","[245.0, 112]",243.0,238,2.0,-0.41
07:31:46,"[239.86, 29]","[233.0, 22]","[244.0, 32]","[245.0, 88]",241.93,171,4.14,-0.4
07:31:47,"[234.55, 22]","[231.36, 22]","[244.0, 11]","[245.0, 88]",239.27,143,9.45,-0.38
07:31:48,"[240.92, 128]","[235.07, 30]","[244.0, 15]","[245.0, 120]",242.46,293,3.08,0.08
07:31:49,"[241.36, 56]","[240.16, 98]","[244.38, 21]","[245.05, 105]",242.87,280,3.02,0.1
07:31:50,"[243.28, 36]","[236.55, 131]","[245.0, 152]","[250.84, 19]",244.14,338,1.72,-0.01
07:31:51,"[235.06, 77]","[234.48, 61]","[245.0, 104]","[246.28, 43]",240.03,285,9.94,-0.03
07:31:52,"[235.0, 81]","[234.0, 18]","[245.0, 66]","[246.0, 36]",240.0,201,10.0,-0.01
07:31:53,"[236.78, 46]","[235.53, 55]","[245.0, 75]","[246.0, 60]",240.89,236,8.22,-0.14
07:31:54,"[239.31, 26]","[236.0, 39]","[244.56, 57]","[245.62, 52]",241.93,174,5.25,-0.25
07:31:55,"[241.92, 64]","[240.67, 108]","[244.0, 85]","[245.0, 68]",242.96,325,2.08,0.06
07:31:56,"[243.07, 45]","[239.29, 126]","[244.42, 57]","[245.4, 60]",243.74,288,1.35,0.19
07:31:57,"[237.6, 117]","[236.42, 97]","[245.28, 65]","[246.69, 42]",241.44,321,7.68,0.33
07:31:58,"[240.71, 70]","[234.23, 101]","[243.0, 68]","[246.0, 56]",241.86,295,2.29,0.16
07:31:59,"[232.6, 30]","[231.95, 41]","[245.11, 36]","[246.75, 32]",238.86,139,12.51,0.02
07:32:00,"[234.87, 30]","[231.68, 57]","[240.38, 26]","[246.66, 58]",237.63,171,5.52,0.02
07:32:01,"[231.33, 24]","[230.04, 92]","[249.0, 10]","[250.0, 20]",240.17,146,17.67,0.59
07:32:02,"[234.97, 152]","[231.82, 61]","[246.71, 69]","[248.21, 34]",240.84,316,11.74,0.35
07:32:03,"[236.88, 128]","[235.0, 176]","[243.87, 38]","[244.44, 27]",240.37,369,6.99,0.65
07:32:04,"[237.0, 228]","[235.0, 61]","[243.38, 26]","[245.0, 40]",240.19,355,6.38,0.63
07:32:05,"[237.06, 127]","[235.72, 25]","[244.0, 16]","[248.0, 16]",240.53,184,6.94,0.65
07:32:06,"[238.18, 134]","[236.65, 48]","[244.0, 20]","[248.0, 20]",241.09,222,5.82,0.64
07:32:07,"[239.0, 80]","[237.1, 90]","[244.0, 20]","[248.0, 20]",241.5,210,5.0,0.62
07:32:08,"[239.0, 88]","[237.0, 99]","[244.0, 22]","[248.0, 22]",241.5,231,5.0,0.62
07:32:09,"[240.72, 50]","[239.73, 71]","[243.0, 30]","[244.0, 20]",241.86,171,2.28,0.42
07:32:10,"[241.21, 96]","[239.15, 96]","[243.52, 27]","[244.24, 51]",242.36,270,2.31,0.42
07:32:11,"[241.88, 56]","[237.82, 62]","[244.0, 56]","[247.0, 16]",242.94,190,2.12,0.24
07:32:12,"[242.22, 54]","[237.05, 40]","[244.0, 20]","[247.0, 16]",243.11,130,1.78,0.45
07:32:13,"[239.73, 105]","[233.75, 72]","[244.8, 15]","[246.57, 21]",242.27,213,5.07,0.66
07:32:14,"[237.12, 48]","[234.0, 72]","[242.0, 14]","[246.86, 14]",239.56,148,4.88,0.62
07:32:15,"[230.78, 59]","[226.35, 37]","[244.59, 41]","[246.67, 21]",237.68,158,13.81,0.22
07:32:16,"[237.88, 32]","[233.31, 26]","[245.0, 80]","[246.0, 16]",241.44,154,7.12,-0.25
07:32:17,"[240.33, 30]","[235.0, 15]","[245.0, 103]","[246.0, 15]",242.67,163,4.67,-0.45
07:32:18,"[243.08, 78]","[238.16, 31]","[245.02, 94]","[246.5, 28]",244.05,231,1.94,-0.06
07:32:19,"[236.73, 45]","[234.5, 28]","[246.0, 13]","[247.0, 91]",241.37,177,9.27,-0.18
07:32:20,"[239.11, 18]","[236.43, 14]","[340.51, 61]","[428.4, 58]",289.81,151,101.4,-0.58
07:32:21,"[244.84, 25]","[242.85, 27]","[263.53, 68]","[318.63, 43]",254.18,163,18.69,-0.36
07:32:22,"[246.93, 30]","[244.29, 17]","[474.25, 44]","[603.62, 21]",360.59,112,227.32,-0.16
07:32:23,"[249.07, 29]","[245.41, 44]","[313.0, 10]","[520.91, 11]",281.03,94,63.93,0.55
07:32:24,"[251.0, 30]","[247.45, 55]","[349.0, 18]","[562.92, 13]",300.0,116,98.0,0.47
07:32:25,"[251.0, 23]","[250.0, 50]","[409.74, 38]","[447.43, 28]",330.37,139,158.74,0.05
07:32:26,"[251.0, 26]","[250.0, 182]","[354.31, 32]","[542.32, 31]",302.66,271,103.31,0.54
07:32:27,"[251.0, 14]","[250.0, 98]","[392.71, 7]","[649.36, 11]",321.86,130,141.71,0.72
07:32:28,"[254.71, 42]","[254.13, 62]","[322.11, 70]","[384.92, 49]",288.41,223,67.4,-0.07
07:32:29,"[256.67, 24]","[255.0, 72]","[272.17, 48]","[302.41, 29]",264.42,173,15.5,0.11
07:32:30,"[256.63, 27]","[255.05, 55]","[270.08, 48]","[280.0, 24]",263.36,154,13.45,0.06
07:32:31,"[255.0, 61]","[252.0, 8]","[268.17, 23]","[271.79, 19]",261.59,111,13.17,0.24
07:32:32,"[255.0, 48]","[252.0, 6]","[267.0, 24]","[268.0, 6]",261.0,84,12.0,0.29
07:32:33,"[255.0, 72]","[252.0, 9]","[266.0, 36]","[268.0, 9]",260.5,126,11.0,0.29
07:32:34,"[255.0, 72]","[252.0, 9]","[266.0, 36]","[268.0, 9]",260.5,126,11.0,0.29
07:32:35,"[255.0, 72]","[252.0, 13]","[264.41, 22]","[266.02, 43]",259.7,150,9.41,0.13
07:32:36,"[255.0, 9]","[252.0, 9]","[260.53, 30]","[261.53, 15]",257.77,63,5.53,-0.43
07:32:37,"[252.4, 15]","[250.2, 25]","[258.14, 21]","[258.33, 24]",255.27,85,5.74,-0.06
07:32:38,"[251.48, 54]","[249.68, 56]","[255.53, 30]","[257.8, 30]",253.51,170,4.05,0.29
07:32:39,"[252.0, 40]","[250.0, 30]","[254.0, 40]","[257.0, 10]",253.0,120,2.0,0.17
07:32:40,"[251.6, 40]","[249.09, 44]","[253.0, 18]","[254.05, 42]",252.3,144,1.4,0.17
07:32:41,"[250.37, 41]","[248.22, 73]","[251.4, 60]","[253.76, 50]",250.88,224,1.03,0.02
07:32:42,"[249.02, 43]","[247.7, 60]","[314.19, 47]","[506.4, 20]",281.61,170,65.17,0.21
07:32:43,"[248.0, 27]","[245.82, 17]","[310.0, 24]","[781.0, 8]",279.0,76,62.0,0.16
07:32:44,"[248.0, 15]","[246.0, 10]","[284.33, 15]","[446.0, 7]",266.17,47,36.33,0.06
07:32:45,"[247.85, 26]","[245.55, 29]","[262.0, 36]","[309.0, 9]",254.92,100,14.15,0.1
07:32:46,"[246.0, 16]","[245.0, 112]","[261.36, 11]","[264.31, 29]",253.68,168,15.36,0.52
07:32:47,"[246.0, 16]","[245.0, 136]","[260.12, 8]","[287.78, 27]",253.06,187,14.12,0.63
07:32:48,"[248.06, 35]","[245.58, 110]","[260.0, 13]","[467.27, 15]",254.03,173,11.94,0.68
07:32:49,"[250.15, 53]","[248.32, 82]","[259.06, 17]","[279.1, 29]",254.6,181,8.91,0.49
07:32:50,"[250.7, 57]","[249.66, 41]","[259.0, 16]","[270.0, 48]",254.85,162,8.3,0.21
07:32:51,"[250.0, 19]","[248.14, 28]","[259.0, 9]","[278.17, 23]",254.5,79,9.0,0.19
07:32:52,"[250.0, 28]","[248.0, 28]","[255.58, 26]","[284.07, 14]",252.79,96,5.58,0.17
07:32:53,"[250.0, 16]","[248.0, 28]","[254.0, 32]","[259.0, 8]",252.0,84,4.0,0.05
07:32:54,"[250.0, 22]","[248.0, 55]","[253.53, 32]","[254.37, 38]",251.77,147,3.53,0.05
07:32:55,"[249.41, 17]","[247.36, 44]","[251.0, 7]","[268.33, 27]",250.21,95,1.59,0.28
07:32:56,"[248.0, 24]","[246.0, 168]","[250.85, 13]","[387.96, 46]",249.42,251,2.85,0.53
07:32:57,"[246.08, 96]","[243.58, 101]","[250.6, 10]","[377.0, 20]",248.34,227,4.52,0.74
07:32:58,"[246.58, 125]","[241.11, 74]","[346.23, 31]","[412.54, 13]",296.4,243,99.65,0.64
07:32:59,"[246.0, 104]","[225.82, 51]","[262.66, 38]","[532.17, 40]",254.33,233,16.66,0.33
07:33:00,"[246.48, 63]","[224.29, 89]","[260.23, 13]","[375.13, 23]",253.35,188,13.75,0.62
07:33:01,"[250.15, 27]","[248.91, 23]","[260.0, 10]","[381.6, 10]",255.07,70,9.85,0.43
07:33:02,"[252.7, 20]","[251.43, 28]","[258.14, 14]","[329.5, 28]",255.42,90,5.44,0.07
07:33:03,"[253.39, 18]","[251.55, 22]","[262.91, 11]","[443.0, 33]",258.15,84,9.52,-0.05
07:33:04,"[253.0, 12]","[250.0, 12]","[322.0, 6]","[428.5, 14]",287.5,44,69.0,0.09
07:33:05,"[253.0, 14]","[250.0, 14]","[320.87, 31]","[322.57, 7]",286.94,66,67.87,-0.15
07:33:06,"[253.0, 24]","[250.0, 24]","[314.3, 44]","[320.89, 28]",283.65,120,61.3,-0.2
07:33:07,"[248.82, 17]","[246.35, 37]","[312.73, 75]","[437.32, 19]",280.78,148,63.91,-0.27
07:33:08,"[247.0, 11]","[244.0, 22]","[310.94, 51]","[434.72, 29]",278.97,113,63.94,-0.42
07:33:09,"[237.02, 43]","[237.61, 23]","[277.24, 33]","[307.33, 45]",257.13,144,40.22,-0.08
07:33:10,"[219.43, 109]","[161.61, 61]","[274.23, 43]","[299.52, 23]",246.83,236,54.8,0.44
07:33:11,"[194.0, 60]","[97.45, 22]","[260.2, 20]","[309.5, 40]",227.1,142,66.2,0.15
07:33:12,"[171.52, 29]","[141.5, 16]","[276.0, 60]","[405.0, 36]",223.76,141,104.48,-0.36
07:33:13,"[187.0, 8]","[185.0, 4]","[275.88, 17]","[319.71, 14]",231.44,43,88.88,-0.44
07:33:14,"[187.14, 14]","[137.58, 31]","[244.0, 28]","[249.14, 29]",215.57,102,56.86,-0.12
07:33:15,"[192.75, 16]","[138.97, 37]","[243.22, 18]","[244.15, 33]",217.99,104,50.47,0.02
07:33:16,"[217.26, 19]","[205.96, 26]","[242.62, 16]","[244.0, 32]",229.94,93,25.36,-0.03
07:33:17,"[231.0, 18]","[229.44, 36]","[241.91, 22]","[244.0, 44]",236.45,120,10.91,-0.1
07:33:18,"[237.45, 40]","[236.62, 48]","[244.28, 25]","[245.16, 129]",240.87,242,6.83,-0.27
07:33:19,"[243.54, 26]","[201.19, 31]","[245.91, 44]","[246.31, 29]",244.72,130,2.37,-0.12
07:33:20,"[243.73, 22]","[98.4, 15]","[302.4, 40]","[528.45, 22]",273.06,99,58.67,-0.25
07:33:21,"[255.23, 22]","[250.81, 21]","[342.57, 46]","[501.67, 36]",298.9,125,87.34,-0.31
07:33:22,"[254.8, 15]","[254.09, 22]","[468.38, 37]","[536.31, 35]",361.59,109,213.58,-0.32
07:33:23,"[253.0, 27]","[250.0, 26]","[436.14, 28]","[554.17, 29]",344.57,110,183.14,-0.04
07:33:24,"[253.0, 27]","[250.0, 18]","[549.0, 27]","[579.9, 31]",401.0,103,296.0,-0.13
07:33:25,"[251.59, 34]","[248.29, 28]","[457.57, 37]","[484.81, 37]",354.58,136,205.98,-0.09
07:33:26,"[252.92, 36]","[250.0, 24]","[328.77, 26]","[381.28, 36]",290.84,122,75.85,-0.02
07:33:27,"[254.0, 15]","[246.4, 20]","[281.0, 28]","[351.0, 21]",267.5,84,27.0,-0.17
07:33:28,"[250.67, 6]","[245.2, 10]","[280.86, 14]","[329.46, 13]",265.76,43,30.19,-0.26
07:33:29,"[251.93, 28]","[250.0, 14]","[278.29, 34]","[280.14, 43]",265.11,119,26.37,-0.29
07:33:30,"[249.54, 26]","[247.27, 11]","[274.28, 29]","[275.46, 26]",261.91,92,24.74,-0.2
07:33:31,"[244.0, 44]","[218.38, 13]","[273.45, 33]","[275.0, 22]",258.73,112,29.45,0.02
07:33:32,"[248.46, 39]","[233.8, 25]","[272.4, 30]","[275.0, 20]",260.43,114,23.94,0.12
07:33:33,"[250.29, 42]","[245.82, 33]","[270.0, 36]","[275.0, 24]",260.14,135,19.71,0.11
07:33:34,"[246.0, 32]","[245.0, 36]","[267.85, 53]","[269.71, 48]",256.92,169,21.85,-0.2
07:33:35,"[246.33, 30]","[245.29, 34]","[261.66, 32]","[263.82, 39]",253.99,135,15.32,-0.05
07:33:36,"[247.38, 32]","[246.23, 26]","[256.9, 29]","[259.03, 29]",252.14,116,9.52,0.0
07:33:37,"[250.5, 16]","[248.22, 36]","[254.0, 24]","[254.92, 48]",252.25,124,3.5,-0.16
07:33:38,"[248.86, 22]","[247.33, 21]","[253.67, 30]","[254.93, 54]",251.27,127,4.8,-0.32
07:33:39,"[243.54, 35]","[186.37, 27]","[252.53, 64]","[253.29, 56]",248.04,182,8.99,-0.32
07:33:40,"[242.63, 27]","[204.29, 35]","[248.74, 47]","[252.84, 73]",245.69,182,6.12,-0.32
07:33:41,"[239.0, 14]","[218.0, 21]","[240.0, 22]","[241.0, 14]",239.5,71,1.0,-0.01
07:33:42,"[239.0, 12]","[58.67, 18]","[240.0, 6]","[241.0, 12]",239.5,48,1.0,0.25
07:33:43,"[239.0, 16]","[217.0, 24]","[240.0, 8]","[241.0, 16]",239.5,64,1.0,0.25
07:33:44,"[239.0, 20]","[217.0, 30]","[241.43, 14]","[241.57, 21]",240.21,85,2.43,0.18
07:33:45,"[239.0, 14]","[173.0, 17]","[244.67, 24]","[245.95, 19]",241.83,74,5.67,-0.16
07:33:46,"[239.91, 88]","[229.0, 20]","[316.25, 28]","[335.38, 40]",278.08,176,76.34,0.23
07:33:47,"[242.5, 16]","[236.96, 25]","[244.67, 12]","[406.56, 9]",243.58,62,2.17,0.32
07:33:48,"[245.61, 69]","[243.27, 48]","[249.24, 17]","[532.61, 46]",247.42,180,3.63,0.3
07:33:49,"[249.14, 74]","[238.0, 10]","[253.0, 10]","[294.45, 44]",251.07,138,3.86,0.22
07:33:50,"[250.55, 66]","[246.71, 17]","[253.0, 7]","[436.14, 35]",251.77,125,2.45,0.33
07:33:51,"[251.8, 60]","[248.05, 55]","[279.24, 25]","[385.0, 40]",265.52,180,27.44,0.28
07:33:52,"[255.44, 251]","[252.65, 79]","[359.64, 80]","[477.97, 75]",307.54,485,104.2,0.36
07:33:53,"[257.0, 126]","[255.67, 45]","[418.13, 30]","[569.56, 27]",337.57,228,161.13,0.5
07:33:54,"[257.0, 83]","[256.0, 35]","[383.3, 27]","[510.91, 11]",320.15,156,126.3,0.51
07:33:55,"[257.0, 44]","[256.0, 20]","[407.0, 20]","[527.53, 15]",332.0,99,150.0,0.29
07:33:56,"[257.0, 44]","[256.0, 20]","[481.95, 19]","[524.0, 20]",369.47,103,224.95,0.24
07:33:57,"[257.0, 88]","[256.0, 40]","[505.38, 32]","[511.5, 40]",381.19,200,248.38,0.28
07:33:58,"[257.0, 101]","[256.0, 55]","[504.0, 44]","[555.91, 46]",380.5,246,247.0,0.27
07:33:59,"[257.0, 99]","[256.0, 55]","[495.04, 47]","[581.5, 50]",376.02,251,238.04,0.23
07:34:00,"[257.0, 126]","[256.0, 70]","[377.42, 38]","[420.04, 49]",317.21,283,120.42,0.39
07:34:01,"[256.14, 70]","[255.29, 34]","[258.0, 14]","[389.15, 20]",257.07,138,1.86,0.51
07:34:02,"[256.0, 45]","[255.0, 39]","[278.56, 9]","[440.4, 30]",267.28,123,22.56,0.37
07:34:03,"[256.0, 40]","[255.0, 40]","[288.88, 8]","[304.5, 8]",272.44,96,32.88,0.67
07:34:04,"[256.0, 61]","[255.0, 70]","[257.36, 14]","[290.0, 14]",256.68,159,1.36,0.65
07:34:05,"[256.0, 38]","[255.0, 50]","[283.43, 14]","[324.0, 25]",269.71,127,27.43,0.39
07:34:06,"[256.0, 33]","[255.0, 55]","[327.62, 42]","[336.45, 33]",291.81,163,71.62,0.08
07:34:07,"[256.0, 30]","[255.0, 44]","[335.23, 35]","[509.77, 40]",295.61,149,79.23,-0.01
07:34:08,"[256.0, 19]","[255.0, 35]","[334.96, 48]","[380.25, 48]",295.48,150,78.96,-0.28
07:34:09,"[256.0, 11]","[255.0, 44]","[334.0, 55]","[439.44, 45]",295.0,155,78.0,-0.29
07:34:10,"[255.17, 18]","[253.75, 32]","[324.11, 38]","[413.06, 34]",289.64,122,68.94,-0.18
07:34:11,"[254.67, 18]","[252.82, 22]","[299.67, 24]","[334.0, 30]",277.17,94,45.0,-0.15
07:34:12,"[251.95, 19]","[250.29, 21]","[329.58, 36]","[335.5, 40]",290.77,116,77.64,-0.31
07:34:13,"[247.72, 29]","[246.15, 48]","[333.0, 55]","[337.0, 55]",290.36,187,85.28,-0.18
07:34:14,"[246.0, 20]","[242.0, 4]","[331.25, 20]","[556.5, 20]",288.62,64,85.25,-0.25
07:34:15,"[246.0, 35]","[242.0, 7]","[331.0, 35]","[650.12, 17]",288.5,94,85.0,-0.11
07:34:16,"[244.64, 36]","[216.69, 16]","[330.0, 40]","[583.18, 22]",287.32,114,85.36,-0.09
07:34:17,"[244.36, 33]","[243.78, 18]","[277.19, 31]","[352.36, 25]",260.78,107,32.83,-0.05
07:34:18,"[248.57, 46]","[247.25, 24]","[252.0, 55]","[438.45, 22]",250.28,147,3.43,-0.05
07:34:19,"[250.0, 17]","[186.97, 39]","[252.0, 34]","[518.7, 20]",251.0,110,2.0,0.02
07:34:20,"[244.78, 18]","[162.38, 63]","[250.83, 12]","[322.5, 16]",247.81,109,6.06,0.49
07:34:21,"[247.09, 22]","[244.0, 11]","[250.0, 11]","[366.43, 14]",248.55,58,2.91,0.14
07:34:22,"[245.65, 17]","[228.0, 11]","[315.68, 19]","[369.26, 39]",280.67,86,70.04,-0.35
07:34:23,"[240.0, 8]","[196.21, 14]","[361.95, 20]","[391.67, 18]",300.98,60,121.95,-0.27
07:34:24,"[246.67, 15]","[216.15, 20]","[358.95, 20]","[359.85, 20]",302.81,75,112.28,-0.07
07:34:25,"[246.46, 13]","[210.55, 11]","[358.0, 8]","[359.0, 24]",302.23,56,111.54,-0.14
07:34:26,"[248.3, 20]","[243.69, 13]","[353.65, 26]","[358.0, 14]",300.98,73,105.35,-0.1
07:34:27,"[250.35, 46]","[249.77, 52]","[356.93, 42]","[358.0, 14]",303.64,154,106.58,0.27
07:34:28,"[251.14, 14]","[250.06, 32]","[277.0, 15]","[332.0, 13]",264.07,74,25.86,0.24
07:34:29,"[249.37, 38]","[247.67, 30]","[258.59, 17]","[262.46, 39]",253.98,124,9.22,0.1
07:34:30,"[248.0, 11]","[240.82, 11]","[254.45, 11]","[260.0, 33]",251.23,66,6.45,-0.33
07:34:31,"[248.0, 9]","[243.0, 9]","[252.22, 18]","[253.32, 25]",250.11,61,4.22,-0.41
07:34:32,"[231.07, 15]","[189.61, 36]","[249.3, 23]","[251.75, 32]",240.19,106,18.24,-0.04
07:34:33,"[215.67, 21]","[123.5, 28]","[248.3, 23]","[251.38, 13]",231.99,85,32.64,0.15
07:34:34,"[225.3, 27]","[211.0, 23]","[242.68, 22]","[243.82, 44]",233.99,116,17.39,-0.14
07:34:35,"[227.0, 14]","[218.0, 18]","[241.29, 7]","[243.0, 35]",234.14,74,14.29,-0.14
07:34:36,"[227.0, 18]","[185.64, 22]","[241.0, 9]","[243.0, 45]",234.0,94,14.0,-0.15
07:34:37,"[227.0, 34]","[169.57, 42]","[242.0, 56]","[243.56, 72]",234.5,204,15.0,-0.25
07:34:38,"[227.36, 28]","[190.33, 30]","[242.37, 43]","[243.29, 56]",234.86,157,15.01,-0.26
07:34:39,"[228.0, 16]","[216.0, 16]","[243.0, 32]","[244.0, 32]",235.5,96,15.0,-0.33
07:34:40,"[229.1, 20]","[193.71, 28]","[243.0, 40]","[244.0, 40]",236.05,128,13.9,-0.25
07:34:41,"[238.88, 24]","[230.0, 16]","[243.0, 32]","[244.0, 32]",240.94,104,4.12,-0.23
07:34:42,"[232.15, 26]","[212.7, 20]","[243.0, 48]","[244.0, 48]",237.58,142,10.85,-0.35
07:34:43,"[175.03, 69]","[172.63, 41]","[260.94, 47]","[262.77, 40]",217.98,197,85.91,0.12
07:34:44,"[237.47, 91]","[226.67, 90]","[305.26, 62]","[393.79, 38]",271.37,281,67.79,0.29
07:34:45,"[252.0, 88]","[251.0, 90]","[281.65, 51]","[319.29, 35]",266.82,264,29.65,0.35
07:34:46,"[253.5, 60]","[252.13, 67]","[309.0, 33]","[354.0, 44]",281.25,204,55.5,0.25
07:34:47,"[255.0, 48]","[253.0, 40]","[328.3, 23]","[386.3, 23]",291.65,134,73.3,0.31
07:34:48,"[255.0, 28]","[253.0, 50]","[307.68, 25]","[359.41, 29]",281.34,132,52.68,0.18
07:34:49,"[255.0, 16]","[253.0, 50]","[318.9, 40]","[544.9, 10]",286.95,116,63.9,0.14
07:34:50,"[255.0, 5]","[253.0, 25]","[424.4, 20]","[561.0, 5]",339.7,55,169.4,0.09
07:34:51,"[254.33, 12]","[252.43, 56]","[417.31, 35]","[528.0, 14]",335.82,117,162.98,0.16
07:34:52,"[251.68, 53]","[250.88, 82]","[409.0, 20]","[494.23, 22]",330.34,177,157.32,0.53
07:34:53,"[250.87, 30]","[248.43, 46]","[327.5, 12]","[436.0, 15]",289.18,103,76.63,0.48
07:34:54,"[250.0, 10]","[248.0, 90]","[324.9, 20]","[328.0, 10]",287.45,130,74.9,0.54
07:34:55,"[250.0, 11]","[248.0, 99]","[303.21, 28]","[314.96, 23]",276.61,161,53.21,0.37
07:34:56,"[250.88, 24]","[248.41, 34]","[298.4, 20]","[315.3, 30]",274.64,108,47.52,0.07
07:34:57,"[252.75, 24]","[250.0, 8]","[297.25, 16]","[351.0, 24]",275.0,72,44.5,-0.11
07:34:58,"[254.89, 28]","[251.89, 19]","[296.2, 20]","[351.0, 30]",275.55,97,41.31,-0.03
07:34:59,"[253.75, 16]","[252.18, 22]","[293.84, 19]","[477.31, 13]",273.8,70,40.09,0.09
07:35:00,"[248.0, 44]","[243.0, 22]","[287.39, 23]","[290.79, 19]",267.7,108,39.39,0.22
07:35:01,"[248.43, 56]","[245.14, 28]","[278.71, 14]","[287.13, 30]",263.57,128,30.29,0.31
07:35:02,"[250.81, 104]","[249.92, 89]","[259.07, 56]","[273.89, 27]",254.94,276,8.26,0.4
07:35:03,"[253.09, 88]","[252.08, 65]","[256.18, 39]","[257.73, 44]",254.64,236,3.09,0.3
07:35:04,"[253.0, 45]","[248.26, 35]","[276.09, 22]","[268.14, 29]",264.55,131,23.09,0.22
07:35:05,"[253.0, 7]","[248.0, 28]","[302.0, 35]","[376.57, 7]",277.5,77,49.0,-0.09
07:35:06,"[248.38, 13]","[247.12, 34]","[378.0, 35]","[496.29, 7]",313.19,89,129.62,0.06
07:35:07,"[248.0, 10]","[246.83, 18]","[419.5, 30]","[442.0, 6]",333.75,64,171.5,-0.12
07:35:08,"[248.0, 7]","[246.0, 7]","[340.47, 17]","[345.7, 20]",294.24,51,92.47,-0.45
07:35:09,"[248.0, 8]","[246.0, 8]","[339.0, 8]","[340.0, 32]",293.5,56,91.0,-0.43
07:35:10,"[248.0, 7]","[246.0, 7]","[279.74, 23]","[339.5, 16]",263.87,53,31.74,-0.47
07:35:11,"[250.18, 22]","[246.8, 10]","[330.6, 10]","[339.95, 37]",290.39,79,80.42,-0.19
07:35:12,"[244.6, 75]","[242.86, 28]","[335.23, 22]","[336.17, 58]",289.91,183,90.63,0.13
07:35:13,"[243.15, 41]","[242.52, 29]","[330.79, 28]","[332.45, 22]",286.97,120,87.64,0.17
07:35:14,"[251.0, 52]","[247.79, 43]","[328.92, 24]","[329.22, 36]",289.96,155,77.92,0.23
07:35:15,"[253.55, 22]","[252.21, 91]","[325.71, 14]","[326.9, 41]",289.63,168,72.17,0.35
07:35:16,"[255.57, 14]","[253.0, 77]","[324.38, 13]","[325.91, 22]",289.98,126,68.81,0.44
07:35:17,"[254.78, 27]","[252.94, 89]","[322.11, 36]","[325.0, 9]",288.44,161,67.33,0.44
07:35:18,"[253.0, 61]","[248.0, 7]","[321.71, 28]","[325.0, 7]",287.36,103,68.71,0.32
07:35:19,"[253.0, 61]","[248.0, 9]","[320.67, 36]","[325.0, 9]",286.83,115,67.67,0.22
07:35:20,"[253.0, 66]","[248.0, 11]","[318.54, 35]","[320.2, 20]",285.77,132,65.54,0.17
07:35:21,"[253.05, 39]","[250.14, 14]","[317.53, 15]","[318.07, 30]",285.29,98,64.48,0.08
07:35:22,"[253.0, 48]","[248.0, 13]","[291.38, 21]","[309.64, 22]",272.19,104,38.38,0.17
07:35:23,"[249.3, 27]","[244.73, 52]","[285.75, 12]","[304.74, 23]",267.52,114,36.45,0.39
07:35:24,"[250.71, 28]","[248.07, 60]","[285.0, 9]","[326.29, 21]",267.86,118,34.29,0.49
07:35:25,"[252.97, 30]","[250.86, 59]","[283.59, 17]","[294.4, 20]",268.28,126,30.62,0.41
07:35:26,"[254.43, 42]","[252.54, 52]","[281.92, 13]","[283.0, 52]",268.18,159,27.49,0.18
07:35:27,"[253.72, 58]","[251.83, 48]","[279.89, 18]","[281.19, 42]",266.81,166,26.16,0.28
07:35:28,"[255.0, 36]","[253.0, 48]","[277.48, 21]","[278.26, 27]",266.24,132,22.48,0.27
07:35:29,"[255.0, 54]","[253.0, 72]","[274.86, 51]","[275.28, 39]",264.93,216,19.86,0.17
07:35:30,"[254.54, 39]","[252.54, 52]","[274.0, 13]","[275.0, 52]",264.27,156,19.46,0.17
07:35:31,"[253.0, 27]","[251.0, 36]","[273.33, 9]","[274.67, 18]",263.17,90,20.33,0.4
07:35:32,"[253.8, 105]","[251.86, 49]","[272.43, 14]","[273.43, 14]",263.11,182,18.63,0.69
07:35:33,"[254.84, 148]","[253.0, 48]","[269.63, 19]","[270.95, 55]",262.23,270,14.79,0.45
07:35:34,"[255.0, 52]","[253.0, 33]","[266.82, 11]","[268.27, 11]",260.91,107,11.82,0.59
07:35:35,"[253.74, 43]","[250.83, 87]","[262.69, 32]","[265.18, 17]",258.22,179,8.94,0.45
07:35:36,"[253.0, 27]","[250.0, 63]","[261.53, 15]","[262.2, 30]",257.27,135,8.53,0.33
07:35:37,"[253.0, 21]","[250.0, 49]","[260.0, 7]","[261.0, 7]",256.5,84,7.0,0.67
07:35:38,"[251.62, 39]","[249.29, 76]","[258.5, 10]","[259.8, 10]",255.06,135,6.88,0.7
07:35:39,"[251.35, 74]","[248.54, 111]","[256.41, 17]","[258.79, 14]",253.88,216,5.06,0.71
07:35:40,"[250.0, 54]","[248.0, 81]","[254.67, 30]","[255.33, 15]",252.33,180,4.67,0.5
07:35:41,"[248.46, 99]","[247.87, 92]","[252.52, 48]","[254.59, 17]",250.49,256,4.06,0.49
07:35:42,"[250.0, 79]","[248.0, 80]","[251.74, 23]","[252.9, 21]",250.87,203,1.74,0.57
07:35:43,"[250.0, 47]","[248.0, 66]","[251.0, 11]","[253.0, 33]",250.5,157,1.0,0.44
07:35:44,"[248.0, 50]","[246.0, 10]","[250.18, 22]","[313.35, 17]",249.09,99,2.18,0.21
07:35:45,"[248.0, 53]","[246.0, 11]","[249.31, 13]","[357.17, 29]",248.65,106,1.31,0.21
07:35:46,"[248.0, 45]","[242.07, 123]","[539.47, 19]","[651.54, 24]",393.74,211,291.47,0.59
07:35:47,"[243.16, 62]","[241.78, 74]","[604.07, 14]","[666.95, 38]",423.62,188,360.91,0.45
07:35:48,"[242.84, 19]","[241.94, 68]","[266.59, 17]","[663.64, 25]",254.72,129,23.75,0.35
07:35:49,"[242.0, 121]","[228.18, 11]","[388.26, 38]","[465.0, 16]",315.13,186,146.26,0.42
07:35:50,"[242.0, 110]","[237.93, 92]","[385.19, 42]","[405.03, 30]",313.6,274,143.19,0.47
07:35:51,"[249.98, 45]","[245.37, 51]","[363.62, 21]","[402.88, 41]",306.8,158,113.64,0.22
07:35:52,"[253.73, 55]","[252.83, 72]","[284.38, 55]","[298.72, 50]",269.05,232,30.65,0.09
07:35:53,"[254.97, 33]","[253.0, 65]","[281.12, 67]","[293.15, 39]",268.04,204,26.15,-0.04
07:35:54,"[256.75, 12]","[253.8, 75]","[281.0, 51]","[337.03, 31]",268.88,169,24.25,0.03
07:35:55,"[255.24, 50]","[254.58, 95]","[281.0, 40]","[318.0, 30]",268.12,215,25.76,0.35
07:35:56,"[255.0, 66]","[253.0, 30]","[278.44, 18]","[303.2, 20]",266.72,134,23.44,0.43
07:35:57,"[255.0, 55]","[253.0, 25]","[258.0, 5]","[281.0, 20]",256.5,105,3.0,0.52
07:35:58,"[255.0, 110]","[253.0, 50]","[257.14, 28]","[274.73, 22]",256.07,210,2.14,0.52
07:35:59,"[255.0, 88]","[253.0, 40]","[256.88, 32]","[258.0, 8]",255.94,168,1.88,0.52
07:36:00,"[255.0, 83]","[253.0, 45]","[260.85, 26]","[301.13, 15]",257.92,169,5.85,0.51
07:36:01,"[255.42, 24]","[254.73, 73]","[367.1, 29]","[517.4, 15]",311.26,141,111.69,0.38
07:36:02,"[256.0, 10]","[255.0, 70]","[398.89, 28]","[420.28, 18]",327.45,126,142.89,0.27
07:36:03,"[255.0, 24]","[253.0, 30]","[270.0, 6]","[449.17, 18]",262.5,78,15.0,0.38
07:36:04,"[255.0, 32]","[253.0, 40]","[419.17, 18]","[470.5, 14]",337.08,104,164.17,0.38
07:36:05,"[255.0, 40]","[253.0, 50]","[361.0, 22]","[507.33, 18]",308.0,130,106.0,0.38
07:36:06,"[255.0, 40]","[253.0, 50]","[373.03, 36]","[402.93, 15]",314.01,141,118.03,0.28
07:36:07,"[255.0, 32]","[253.0, 40]","[295.31, 29]","[331.11, 27]",275.16,128,40.31,0.12
07:36:08,"[253.14, 59]","[252.31, 16]","[292.29, 42]","[307.18, 33]",272.71,150,39.15,0.0
07:36:09,"[253.0, 31]","[252.0, 7]","[277.85, 13]","[288.62, 16]",265.42,67,24.85,0.13
07:36:10,"[253.0, 27]","[248.22, 89]","[287.92, 26]","[288.84, 19]",270.46,161,34.92,0.44
07:36:11,"[253.0, 13]","[248.3, 159]","[276.12, 34]","[286.56, 39]",264.56,245,23.12,0.4
07:36:12,"[248.06, 223]","[243.93, 107]","[253.7, 40]","[254.36, 25]",250.88,395,5.64,0.67
07:36:13,"[248.4, 125]","[247.82, 114]","[255.0, 16]","[328.43, 21]",251.7,276,6.6,0.73
07:36:14,"[250.71, 70]","[248.09, 232]","[267.36, 14]","[321.41, 32]",259.04,348,16.64,0.74
07:36:15,"[255.0, 55]","[250.0, 55]","[265.36, 11]","[350.18, 33]",260.18,154,10.36,0.43
07:36:16,"[255.0, 35]","[250.0, 35]","[265.0, 7]","[338.31, 13]",260.0,90,10.0,0.56
07:36:17,"[255.03, 36]","[250.62, 40]","[264.0, 8]","[287.0, 8]",259.51,92,8.97,0.65
07:36:18,"[256.8, 15]","[255.0, 75]","[263.13, 15]","[528.78, 41]",259.97,146,6.33,0.23
07:36:19,"[256.29, 17]","[254.61, 41]","[261.3, 10]","[315.45, 20]",258.8,88,5.01,0.32
07:36:20,"[256.0, 64]","[255.0, 22]","[259.12, 32]","[260.53, 15]",257.56,133,3.12,0.29
07:36:21,"[255.8, 35]","[254.12, 32]","[258.46, 35]","[337.56, 32]",257.13,134,2.66,0.0
07:36:22,"[255.0, 15]","[253.0, 30]","[258.87, 15]","[354.61, 41]",256.93,101,3.87,-0.11
07:36:23,"[251.35, 23]","[250.67, 18]","[256.44, 36]","[258.0, 9]",253.9,86,5.1,-0.05
07:36:24,"[252.22, 55]","[250.03, 32]","[255.47, 38]","[356.31, 26]",253.85,151,3.26,0.15
07:36:25,"[251.79, 38]","[250.71, 14]","[257.89, 9]","[394.32, 25]",254.84,86,6.1,0.21
07:36:26,"[253.42, 67]","[252.65, 77]","[282.14, 29]","[331.35, 31]",267.78,204,28.72,0.41
07:36:27,"[253.0, 50]","[250.0, 10]","[296.5, 30]","[368.96, 23]",274.75,113,43.5,0.06
07:36:28,"[253.0, 30]","[250.0, 6]","[329.83, 18]","[407.88, 17]",291.42,71,76.83,0.01
07:36:29,"[253.0, 30]","[250.0, 6]","[467.0, 12]","[535.29, 17]",360.0,65,214.0,0.11
07:36:30,"[253.0, 50]","[250.0, 10]","[322.31, 29]","[376.62, 21]",287.66,110,69.31,0.09
07:36:31,"[253.0, 60]","[250.0, 12]","[388.67, 24]","[530.0, 24]",320.83,120,135.67,0.2
07:36:32,"[253.73, 22]","[250.0, 11]","[487.45, 22]","[570.09, 22]",370.59,77,233.73,-0.14
07:36:33,"[251.76, 25]","[248.82, 17]","[408.92, 24]","[587.58, 24]",330.34,90,157.16,-0.07
07:36:34,"[251.0, 6]","[250.0, 3]","[295.0, 6]","[750.0, 6]",273.0,21,44.0,-0.14
07:36:35,"[246.29, 49]","[244.12, 56]","[282.0, 28]","[503.29, 28]",264.14,161,35.71,0.3
07:36:36,"[244.75, 24]","[243.89, 61]","[270.4, 20]","[460.2, 20]",257.57,125,25.65,0.36
07:36:37,"[245.0, 12]","[244.0, 36]","[263.5, 12]","[543.0, 12]",254.25,72,18.5,0.33
07:36:38,"[248.94, 32]","[246.74, 53]","[262.0, 32]","[309.38, 32]",255.47,149,13.06,0.14
07:36:39,"[256.0, 13]","[255.0, 26]","[261.38, 26]","[274.77, 26]",258.69,91,5.38,-0.14
07:36:40,"[255.22, 18]","[253.55, 29]","[257.62, 21]","[262.67, 18]",256.42,86,2.4,0.09
07:36:41,"[254.08, 26]","[252.68, 25]","[256.44, 18]","[318.27, 15]",255.26,84,2.37,0.21
07:36:42,"[253.0, 21]","[251.0, 9]","[258.0, 9]","[429.33, 18]",255.5,57,5.0,0.05
07:36:43,"[253.0, 9]","[251.0, 9]","[257.44, 9]","[569.33, 21]",255.22,48,4.44,-0.25
07:36:44,"[253.0, 11]","[251.0, 11]","[257.0, 11]","[426.71, 28]",255.0,61,4.0,-0.28
07:36:45,"[253.0, 7]","[251.0, 7]","[257.0, 7]","[364.0, 14]",255.0,35,4.0,-0.2
07:36:46,"[250.54, 52]","[248.33, 61]","[257.0, 18]","[328.26, 54]",253.77,185,6.46,0.22
07:36:47,"[252.5, 28]","[251.0, 84]","[257.0, 14]","[272.57, 58]",254.75,184,4.5,0.22
07:36:48,"[253.53, 34]","[251.1, 82]","[256.41, 17]","[475.29, 79]",254.97,212,2.88,0.09
07:36:49,"[254.92, 24]","[253.0, 12]","[256.0, 12]","[443.5, 60]",255.46,108,1.08,-0.33
07:36:50,"[255.0, 8]","[253.0, 5]","[488.17, 12]","[536.18, 22]",371.58,47,233.17,-0.45
07:36:51,"[256.06, 31]","[254.17, 12]","[455.53, 36]","[450.79, 48]",355.8,127,199.46,-0.32
07:36:52,"[257.0, 36]","[256.0, 9]","[341.52, 21]","[347.62, 42]",299.26,108,84.52,-0.17
07:36:53,"[257.0, 29]","[256.0, 11]","[327.91, 22]","[341.87, 31]",292.45,93,70.91,-0.14
07:36:54,"[257.0, 12]","[256.0, 12]","[313.83, 24]","[418.8, 54]",285.42,102,56.83,-0.53
07:36:55,"[252.35, 20]","[250.86, 29]","[262.45, 22]","[296.94, 34]",257.4,105,10.1,-0.07
07:36:56,"[246.67, 12]","[243.64, 11]","[261.11, 18]","[262.11, 18]",253.89,59,14.44,-0.22
07:36:57,"[244.0, 20]","[240.0, 15]","[259.6, 10]","[260.6, 10]",251.8,55,15.6,0.27
07:36:58,"[244.0, 36]","[240.0, 27]","[258.62, 13]","[259.44, 18]",251.31,94,14.62,0.34
07:36:59,"[243.12, 41]","[234.2, 30]","[256.1, 20]","[257.43, 21]",249.61,112,12.98,0.27
07:37:00,"[226.0, 39]","[162.34, 59]","[251.63, 27]","[252.76, 21]",238.81,146,25.63,0.34
07:37:01,"[240.0, 36]","[173.0, 36]","[249.58, 24]","[250.74, 19]",244.79,115,9.58,0.25
07:37:02,"[174.36, 33]","[72.84, 98]","[247.14, 42]","[248.0, 27]",210.75,200,72.78,0.31
07:37:03,"[144.84, 19]","[61.4, 60]","[245.0, 12]","[246.06, 32]",194.92,123,100.16,0.28
07:37:04,"[231.89, 37]","[168.13, 30]","[245.0, 57]","[247.0, 22]",238.45,146,13.11,-0.08
07:37:05,"[244.0, 15]","[191.0, 63]","[245.0, 27]","[247.0, 18]",244.5,123,1.0,0.27
07:37:06,"[204.43, 56]","[123.62, 71]","[245.0, 30]","[247.0, 28]",224.71,185,40.57,0.37
07:37:07,"[200.67, 173]","[136.0, 54]","[241.57, 14]","[246.2, 20]",221.12,261,40.9,0.74
07:37:08,"[192.0, 72]","[107.55, 22]","[239.0, 9]","[245.0, 6]",215.5,109,47.0,0.72
07:37:09,"[204.7, 88]","[166.09, 44]","[239.0, 18]","[245.0, 37]",221.85,187,34.3,0.41
07:37:10,"[214.27, 22]","[162.36, 132]","[245.0, 31]","[246.0, 44]",229.64,229,30.73,0.34
07:37:11,"[216.38, 32]","[151.81, 63]","[245.0, 10]","[246.0, 40]",230.69,145,28.62,0.31
07:37:12,"[218.0, 30]","[217.38, 26]","[243.26, 23]","[245.75, 16]",230.63,95,25.26,0.18
07:37:13,"[226.36, 66]","[224.64, 50]","[243.44, 32]","[245.85, 33]",234.9,181,17.07,0.28
07:37:14,"[244.06, 52]","[243.17, 116]","[245.95, 38]","[246.53, 17]",245.0,223,1.89,0.51
07:37:15,"[245.33, 15]","[220.18, 22]","[246.5, 16]","[312.31, 26]",245.92,79,1.17,-0.06
07:37:16,"[204.67, 18]","[157.26, 42]","[279.59, 29]","[362.64, 39]",242.13,128,74.92,-0.06
07:37:17,"[204.5, 22]","[189.9, 62]","[346.09, 11]","[379.18, 28]",275.3,123,141.59,0.37
07:37:18,"[248.79, 29]","[244.33, 73]","[337.24, 17]","[481.21, 52]",293.01,171,88.44,0.19
07:37:19,"[250.0, 36]","[248.0, 60]","[355.33, 12]","[500.94, 35]",302.67,143,105.33,0.34
07:37:20,"[248.17, 70]","[211.14, 36]","[351.0, 12]","[446.33, 12]",299.59,130,102.83,0.63
07:37:21,"[248.0, 148]","[224.41, 17]","[348.67, 12]","[351.0, 12]",298.33,189,100.67,0.75
07:37:22,"[248.0, 180]","[245.0, 30]","[269.0, 20]","[348.0, 10]",258.5,240,21.0,0.75
07:37:23,"[248.0, 90]","[245.0, 15]","[267.8, 5]","[332.6, 10]",257.9,120,19.8,0.75
07:37:24,"[248.0, 167]","[245.0, 36]","[264.46, 28]","[323.0, 19]",256.23,250,16.46,0.62
07:37:25,"[248.13, 138]","[216.17, 84]","[260.47, 51]","[262.04, 53]",254.3,326,12.34,0.36
07:37:26,"[249.61, 31]","[248.57, 80]","[258.64, 42]","[259.83, 54]",254.13,207,9.03,0.07
07:37:27,"[251.63, 38]","[250.38, 13]","[255.83, 47]","[257.17, 47]",253.73,145,4.2,-0.3
07:37:28,"[252.08, 52]","[250.36, 11]","[254.0, 33]","[255.0, 55]",253.04,151,1.92,-0.17
07:37:29,"[248.53, 57]","[245.51, 39]","[254.18, 56]","[255.15, 40]",251.35,192,5.65,0.0
07:37:30,"[248.0, 12]","[245.0, 16]","[252.36, 14]","[253.17, 18]",250.18,60,4.36,-0.07
07:37:31,"[248.0, 33]","[245.0, 44]","[250.73, 51]","[252.27, 37]",249.36,165,2.73,-0.07
07:37:32,"[246.91, 33]","[243.88, 64]","[250.3, 44]","[269.92, 36]",248.6,177,3.39,0.1
07:37:33,"[245.36, 56]","[243.31, 156]","[250.19, 42]","[266.38, 47]",247.77,301,4.83,0.41
07:37:34,"[245.49, 37]","[243.11, 114]","[509.46, 48]","[627.65, 37]",377.47,236,263.97,0.28
07:37:35,"[254.89, 66]","[248.58, 31]","[360.54, 65]","[456.27, 55]",307.72,217,105.64,-0.11
07:37:36,"[256.29, 42]","[255.0, 7]","[348.0, 35]","[389.0, 35]",302.14,119,91.71,-0.18
07:37:37,"[257.0, 57]","[255.0, 11]","[306.92, 49]","[382.08, 52]",281.96,169,49.92,-0.2
07:37:38,"[251.8, 15]","[239.89, 27]","[261.0, 36]","[511.1, 31]",256.4,109,9.2,-0.23
07:37:39,"[244.38, 16]","[238.67, 45]","[261.0, 44]","[349.69, 39]",252.69,144,16.62,-0.15
07:37:40,"[245.34, 64]","[244.0, 10]","[368.03, 35]","[564.64, 44]",306.69,153,122.68,-0.03
07:37:41,"[247.55, 29]","[245.96, 92]","[403.9, 51]","[480.84, 49]",325.73,221,156.35,0.1
07:37:42,"[246.5, 36]","[245.85, 39]","[342.69, 45]","[463.33, 46]",294.59,166,96.19,-0.1
07:37:43,"[247.73, 22]","[246.0, 44]","[335.25, 24]","[336.65, 31]",291.49,121,87.52,0.09
07:37:44,"[251.0, 15]","[248.3, 23]","[311.38, 16]","[335.79, 19]",281.19,73,60.38,0.04
07:37:45,"[253.0, 24]","[251.0, 36]","[310.52, 29]","[457.82, 39]",281.76,128,57.52,-0.06
07:37:46,"[253.0, 8]","[251.0, 12]","[309.5, 8]","[607.64, 14]",281.25,42,56.5,-0.05
07:37:47,"[254.41, 41]","[251.88, 32]","[309.25, 32]","[454.74, 47]",281.83,152,54.84,-0.04
07:37:48,"[255.0, 37]","[253.0, 22]","[326.73, 33]","[332.93, 43]",290.86,135,71.73,-0.13
07:37:49,"[250.39, 77]","[249.71, 126]","[332.0, 30]","[489.47, 38]",291.19,271,81.61,0.5
07:37:50,"[250.14, 73]","[249.59, 117]","[331.88, 24]","[553.68, 34]",291.01,248,81.74,0.53
07:37:51,"[251.0, 24]","[250.0, 252]","[329.14, 37]","[483.68, 38]",290.07,351,78.14,0.57
07:37:52,"[250.0, 144]","[246.0, 32]","[325.93, 30]","[327.31, 26]",287.97,232,75.93,0.52
07:37:53,"[252.19, 75]","[251.23, 70]","[320.82, 44]","[324.91, 35]",286.5,224,68.63,0.29
07:37:54,"[255.44, 80]","[253.0, 96]","[281.12, 60]","[300.12, 73]",268.28,309,25.68,0.14
07:37:55,"[255.19, 48]","[251.58, 114]","[258.48, 58]","[259.47, 45]",256.84,265,3.3,0.22
07:37:56,"[251.67, 43]","[249.97, 228]","[255.7, 50]","[257.09, 46]",253.69,367,4.03,0.48
07:37:57,"[250.0, 194]","[248.0, 41]","[252.89, 36]","[254.14, 37]",251.44,308,2.89,0.53
07:37:58,"[250.0, 156]","[248.0, 66]","[251.44, 36]","[260.52, 46]",250.72,304,1.44,0.46
07:37:59,"[250.0, 80]","[248.0, 72]","[324.19, 31]","[381.27, 26]",287.1,209,74.19,0.45
07:38:00,"[250.0, 40]","[248.0, 48]","[457.0, 16]","[482.0, 11]",353.5,115,207.0,0.53
07:38:01,"[250.0, 45]","[248.0, 54]","[439.84, 19]","[474.21, 33]",344.92,151,189.84,0.31
07:38:02,"[250.0, 45]","[248.0, 66]","[439.8, 20]","[483.81, 37]",344.9,168,189.8,0.32
07:38:03,"[250.0, 36]","[248.0, 72]","[334.04, 24]","[474.38, 47]",292.02,179,84.04,0.21
07:38:04,"[250.0, 47]","[248.0, 42]","[256.0, 7]","[269.92, 26]",253.0,122,6.0,0.46
07:38:05,"[250.75, 48]","[248.59, 51]","[255.11, 9]","[342.0, 27]",252.93,135,4.36,0.47
07:38:06,"[250.0, 60]","[248.0, 42]","[253.25, 12]","[297.8, 46]",251.62,160,3.25,0.28
07:38:07,"[250.0, 71]","[248.0, 24]","[264.67, 24]","[328.11, 27]",257.33,146,14.67,0.3
07:38:08,"[251.53, 188]","[248.29, 42]","[297.67, 15]","[300.13, 62]",274.6,307,46.13,0.5
07:38:09,"[253.0, 160]","[248.55, 22]","[386.29, 14]","[606.25, 28]",319.64,224,133.29,0.62
07:38:10,"[253.85, 208]","[248.08, 37]","[330.28, 25]","[367.0, 43]",292.06,313,76.43,0.57
07:38:11,"[255.11, 144]","[246.18, 22]","[288.67, 9]","[290.0, 45]",271.89,220,33.56,0.51
07:38:12,"[256.22, 77]","[255.0, 64]","[277.7, 20]","[284.79, 28]",266.96,189,21.48,0.49
07:38:13,"[257.0, 48]","[256.0, 168]","[273.25, 12]","[343.96, 56]",265.12,284,16.25,0.52
07:38:14,"[256.0, 140]","[248.0, 44]","[261.58, 19]","[351.09, 47]",258.79,250,5.58,0.47
07:38:15,"[256.0, 100]","[250.17, 29]","[257.0, 11]","[423.82, 55]",256.5,195,1.0,0.32
07:38:16,"[256.0, 42]","[255.0, 27]","[497.91, 33]","[607.56, 45]",376.95,147,241.91,-0.06
07:38:17,"[256.0, 36]","[255.0, 68]","[565.75, 60]","[713.67, 60]",410.88,224,309.75,-0.07
07:38:18,"[256.0, 15]","[255.0, 35]","[532.4, 25]","[757.0, 25]",394.2,100,276.4,0.0
07:38:19,"[255.47, 19]","[253.89, 47]","[274.0, 25]","[597.0, 25]",264.74,116,18.53,0.14
07:38:20,"[255.0, 26]","[253.0, 91]","[457.71, 35]","[654.71, 35]",356.36,187,202.71,0.25
07:38:21,"[255.0, 20]","[253.0, 130]","[527.3, 50]","[691.9, 50]",391.15,250,272.3,0.2
07:38:22,"[255.0, 18]","[253.0, 117]","[592.92, 24]","[594.67, 45]",423.96,204,337.92,0.32
07:38:23,"[255.0, 14]","[253.0, 91]","[571.78, 9]","[593.0, 20]",413.39,134,316.78,0.57
07:38:24,"[255.0, 18]","[253.0, 117]","[493.57, 21]","[511.12, 42]",374.29,198,238.57,0.36
07:38:25,"[253.03, 132]","[252.21, 63]","[447.0, 25]","[454.85, 52]",350.02,272,193.97,0.43
07:38:26,"[253.0, 91]","[252.0, 35]","[370.75, 8]","[452.18, 17]",311.88,151,117.75,0.67
07:38:27,"[253.03, 120]","[252.46, 84]","[314.9, 29]","[424.19, 31]",283.96,264,61.87,0.55
07:38:28,"[253.32, 95]","[252.78, 116]","[260.95, 19]","[261.96, 47]",257.13,277,7.63,0.52
07:38:29,"[254.87, 46]","[253.7, 86]","[259.18, 11]","[261.0, 22]",257.03,165,4.31,0.6
07:38:30,"[255.62, 53]","[254.48, 58]","[257.83, 12]","[261.0, 24]",256.73,147,2.21,0.51
07:38:31,"[255.51, 55]","[253.61, 131]","[267.29, 17]","[373.84, 31]",261.4,234,11.79,0.59
07:38:32,"[255.0, 22]","[253.0, 117]","[388.36, 11]","[586.14, 29]",321.68,179,133.36,0.55
07:38:33,"[255.0, 18]","[253.0, 117]","[375.44, 9]","[376.67, 15]",315.22,159,120.44,0.7
07:38:34,"[255.0, 26]","[252.94, 81]","[371.77, 13]","[374.08, 13]",313.38,133,116.77,0.61
07:38:35,"[255.0, 24]","[253.0, 60]","[368.83, 12]","[370.92, 12]",311.92,108,113.83,0.56
07:38:36,"[253.62, 26]","[252.31, 65]","[359.06, 17]","[366.62, 13]",306.34,121,105.44,0.5
07:38:37,"[253.0, 18]","[252.0, 45]","[324.0, 9]","[340.44, 9]",288.5,81,71.0,0.56
07:38:38,"[253.05, 20]","[251.95, 41]","[290.0, 11]","[291.0, 11]",271.52,83,36.95,0.47
07:38:39,"[252.0, 40]","[251.0, 112]","[288.0, 16]","[289.44, 16]",270.0,184,36.0,0.65
07:38:40,"[252.0, 14]","[251.0, 98]","[282.79, 14]","[284.29, 14]",267.39,140,30.79,0.6
07:38:41,"[251.08, 52]","[250.76, 37]","[272.33, 18]","[278.07, 14]",261.71,121,21.26,0.47
07:38:42,"[251.0, 41]","[250.0, 11]","[265.55, 11]","[267.07, 15]",258.27,78,14.55,0.33
07:38:43,"[251.0, 24]","[250.0, 8]","[263.62, 8]","[264.62, 8]",257.31,48,12.62,0.33
07:38:44,"[251.94, 96]","[250.96, 47]","[262.18, 17]","[263.53, 17]",257.06,177,10.24,0.62
07:38:45,"[252.78, 54]","[251.93, 90]","[257.5, 26]","[258.5, 26]",255.14,196,4.72,0.47
07:38:46,"[253.94, 36]","[252.03, 70]","[255.77, 44]","[283.33, 48]",254.86,198,1.83,0.07
07:38:47,"[250.86, 21]","[248.45, 29]","[288.61, 18]","[654.71, 28]",269.73,96,37.75,0.04
07:38:48,"[248.0, 21]","[247.0, 42]","[294.57, 7]","[656.0, 26]",271.29,96,46.57,0.31
07:38:49,"[248.13, 31]","[247.18, 66]","[294.0, 13]","[503.08, 65]",271.06,175,45.87,0.11
07:38:50,"[248.42, 12]","[247.26, 57]","[291.67, 12]","[422.23, 52]",270.04,133,43.25,0.04
07:38:51,"[249.62, 13]","[247.02, 61]","[276.55, 11]","[316.82, 11]",263.08,96,26.93,0.54
07:38:52,"[248.55, 67]","[205.22, 27]","[263.38, 29]","[370.42, 31]",255.97,154,14.83,0.22
07:38:53,"[247.0, 72]","[124.73, 22]","[256.79, 14]","[354.3, 20]",251.89,128,9.79,0.47
07:38:54,"[247.0, 18]","[240.24, 50]","[262.0, 9]","[433.55, 20]",254.5,97,15.0,0.4
07:38:55,"[247.0, 12]","[246.0, 66]","[262.0, 11]","[292.11, 27]",254.5,116,15.0,0.34
07:38:56,"[247.0, 7]","[246.0, 42]","[260.43, 7]","[276.18, 11]",253.71,67,13.43,0.46
07:38:57,"[246.2, 30]","[226.36, 44]","[258.9, 10]","[260.0, 10]",252.55,94,12.7,0.57
07:38:58,"[246.0, 18]","[185.0, 8]","[256.25, 8]","[257.62, 8]",251.12,42,10.25,0.24
07:38:59,"[185.58, 12]","[147.95, 20]","[244.78, 23]","[252.91, 11]",215.18,66,59.2,-0.03
07:39:00,"[167.27, 11]","[93.0, 38]","[241.94, 17]","[244.77, 13]",204.61,79,74.67,0.24
07:39:01,"[218.0, 21]","[97.23, 73]","[244.56, 27]","[418.89, 18]",231.28,139,26.56,0.35
07:39:02,"[220.77, 26]","[202.01, 143]","[241.81, 47]","[324.54, 13]",231.29,229,21.04,0.48
07:39:03,"[223.0, 16]","[180.03, 94]","[239.0, 40]","[245.0, 16]",231.0,166,16.0,0.33
07:39:04,"[224.56, 18]","[159.11, 18]","[239.0, 43]","[245.0, 45]",231.78,124,14.44,-0.42
07:39:05,"[249.51, 85]","[242.08, 49]","[362.73, 33]","[535.3, 23]",306.12,190,113.22,0.41
07:39:06,"[252.25, 16]","[250.0, 121]","[275.45, 33]","[445.88, 32]",263.85,202,23.2,0.36
07:39:07,"[253.9, 20]","[251.35, 20]","[275.0, 30]","[378.0, 28]",264.45,98,21.1,-0.18
07:39:08,"[255.05, 40]","[253.88, 16]","[274.0, 27]","[475.11, 27]",264.52,110,18.95,0.02
07:39:09,"[256.5, 30]","[254.0, 20]","[271.8, 30]","[483.25, 24]",264.15,104,15.3,-0.04
07:39:10,"[257.0, 13]","[255.0, 18]","[271.0, 27]","[605.94, 17]",264.0,75,14.0,-0.17
07:39:11,"[256.67, 6]","[255.5, 14]","[270.5, 18]","[395.06, 16]",263.58,54,13.83,-0.26
07:39:12,"[255.0, 9]","[253.0, 9]","[268.78, 27]","[395.52, 23]",261.89,68,13.78,-0.47
07:39:13,"[251.46, 24]","[250.5, 14]","[268.0, 24]","[350.0, 8]",259.73,70,16.54,0.09
07:39:14,"[250.0, 153]","[248.0, 63]","[268.0, 27]","[488.29, 21]",259.0,264,18.0,0.64
07:39:15,"[252.22, 32]","[250.12, 43]","[266.49, 35]","[267.32, 37]",259.35,147,14.27,0.02
07:39:16,"[255.0, 12]","[251.0, 42]","[265.0, 18]","[267.0, 30]",260.0,102,10.0,0.06
07:39:17,"[254.13, 23]","[250.85, 74]","[265.0, 30]","[267.0, 50]",259.57,177,10.87,0.1
07:39:18,"[251.0, 25]","[250.0, 55]","[263.52, 21]","[264.95, 19]",257.26,120,12.52,0.33
07:39:19,"[251.0, 55]","[250.0, 132]","[260.42, 38]","[262.05, 58]",255.71,283,9.42,0.32
07:39:20,"[250.12, 68]","[248.63, 70]","[259.81, 26]","[261.84, 38]",254.96,202,9.69,0.37
07:39:21,"[250.0, 81]","[249.0, 19]","[257.26, 31]","[257.65, 31]",253.63,162,7.26,0.23
07:39:22,"[250.21, 95]","[249.61, 70]","[254.99, 71]","[285.7, 47]",252.6,283,4.78,0.17
07:39:23,"[250.4, 55]","[247.83, 29]","[253.88, 42]","[263.03, 63]",252.14,189,3.48,-0.11
07:39:24,"[248.0, 13]","[246.0, 13]","[250.96, 53]","[252.32, 38]",249.48,117,2.96,-0.56
07:39:25,"[246.42, 12]","[245.42, 12]","[248.43, 28]","[343.14, 29]",247.42,81,2.01,-0.41
07:39:26,"[245.0, 8]","[243.0, 40]","[246.94, 18]","[310.87, 15]",245.97,81,1.94,0.19
07:39:27,"[243.9, 29]","[242.27, 73]","[246.02, 43]","[253.19, 16]",244.96,161,2.13,0.27
07:39:28,"[244.0, 18]","[242.0, 45]","[246.0, 36]","[247.0, 9]",245.0,108,2.0,0.17
07:39:29,"[245.0, 14]","[242.0, 35]","[246.0, 28]","[247.0, 22]",245.5,99,1.0,-0.01
07:39:30,"[242.58, 31]","[241.0, 20]","[246.79, 38]","[278.98, 43]",244.69,132,4.21,-0.23
07:39:31,"[242.0, 19]","[238.0, 7]","[247.0, 38]","[302.0, 35]",244.5,99,5.0,-0.47
07:39:32,"[211.27, 11]","[218.7, 10]","[246.1, 40]","[282.09, 33]",228.69,94,34.83,-0.55
07:39:33,"[120.57, 7]","[54.75, 8]","[244.0, 20]","[247.0, 20]",182.29,55,123.43,-0.45
07:39:34,"[222.8, 15]","[103.33, 9]","[243.0, 30]","[244.0, 24]",232.9,78,20.2,-0.38
07:39:35,"[214.57, 14]","[138.89, 18]","[242.03, 35]","[243.7, 33]",228.3,100,27.46,-0.36
07:39:36,"[194.0, 8]","[148.0, 16]","[242.0, 32]","[244.0, 32]",218.0,88,48.0,-0.45
07:39:37,"[172.67, 6]","[118.33, 12]","[242.0, 20]","[244.0, 20]",207.33,58,69.33,-0.38
07:39:38,"[150.08, 12]","[86.35, 23]","[242.0, 32]","[244.0, 32]",196.04,99,91.92,-0.29
07:39:39,"[173.0, 12]","[154.33, 9]","[242.0, 36]","[244.0, 36]",207.5,93,69.0,-0.55
07:39:40,"[156.85, 13]","[148.17, 30]","[242.26, 46]","[244.17, 48]",199.55,137,85.41,-0.37
07:39:41,"[215.9, 10]","[199.9, 10]","[244.0, 27]","[245.0, 36]",229.95,83,28.1,-0.52
07:39:42,"[241.89, 27]","[238.33, 15]","[244.0, 33]","[245.0, 44]",242.94,119,2.11,-0.29
07:39:43,"[241.67, 9]","[239.04, 23]","[244.11, 27]","[245.22, 36]",242.89,95,2.44,-0.33
07:39:44,"[237.0, 8]","[230.25, 8]","[244.29, 28]","[245.89, 27]",240.64,71,7.29,-0.55
07:39:45,"[240.07, 14]","[238.07, 14]","[245.0, 28]","[246.82, 34]",242.54,90,4.93,-0.38
07:39:46,"[234.61, 44]","[197.08, 12]","[245.0, 20]","[246.0, 20]",239.81,96,10.39,0.17
07:39:47,"[235.6, 20]","[234.83, 46]","[245.0, 16]","[246.0, 16]",240.3,98,9.4,0.35
07:39:48,"[235.8, 70]","[233.0, 10]","[245.0, 20]","[246.0, 20]",240.4,120,9.2,0.33
07:39:49,"[236.92, 84]","[233.0, 19]","[245.0, 24]","[246.0, 24]",240.96,151,8.08,0.36
07:39:50,"[238.21, 98]","[233.0, 28]","[244.97, 29]","[246.43, 23]",241.59,178,6.75,0.42
07:39:51,"[240.26, 95]","[237.97, 33]","[244.1, 31]","[245.2, 41]",242.18,200,3.83,0.28
07:39:52,"[243.14, 49]","[241.14, 35]","[245.13, 31]","[246.3, 20]",244.14,135,1.99,0.24
07:39:53,"[235.04, 27]","[232.0, 9]","[245.0, 27]","[246.0, 9]",240.02,72,9.96,0.0
07:39:54,"[237.27, 55]","[232.5, 14]","[241.0, 30]","[245.05, 38]",239.14,137,3.73,0.01
07:39:55,"[230.43, 7]","[228.0, 7]","[240.0, 14]","[244.8, 20]",235.21,48,9.57,-0.42
07:39:56,"[230.44, 9]","[228.22, 9]","[242.0, 18]","[243.18, 33]",236.22,69,11.56,-0.48
07:39:57,"[234.0, 7]","[229.57, 7]","[243.0, 14]","[245.0, 21]",238.5,49,9.0,-0.43
07:39:58,"[235.82, 11]","[228.56, 9]","[243.0, 18]","[245.0, 27]",239.41,65,7.18,-0.38
07:39:59,"[235.0, 10]","[227.0, 10]","[243.0, 20]","[245.0, 30]",239.0,70,8.0,-0.43
07:40:00,"[235.0, 14]","[201.0, 14]","[243.0, 28]","[245.0, 42]",239.0,98,8.0,-0.43
07:40:01,"[235.0, 5]","[226.0, 10]","[243.0, 10]","[245.0, 15]",239.0,40,8.0,-0.25
07:40:02,"[236.52, 25]","[235.46, 13]","[243.0, 18]","[245.0, 27]",239.76,83,6.48,-0.08
07:40:03,"[237.44, 48]","[234.62, 16]","[243.0, 32]","[245.0, 48]",240.22,144,5.56,-0.11
07:40:04,"[238.0, 27]","[232.0, 9]","[243.0, 18]","[245.0, 27]",240.5,81,5.0,-0.11
07:40:05,"[238.0, 33]","[232.0, 11]","[239.0, 55]","[243.0, 22]",238.5,121,1.0,-0.27
07:40:06,"[237.79, 28]","[231.27, 11]","[239.0, 23]","[243.0, 20]",238.39,82,1.21,-0.05
07:40:07,"[238.0, 24]","[232.0, 8]","[239.0, 16]","[243.0, 16]",238.5,64,1.0,0.0
07:40:08,"[237.33, 27]","[230.71, 14]","[240.5, 24]","[243.3, 20]",238.92,85,3.17,-0.04
07:40:09,"[232.0, 8]","[229.0, 16]","[245.0, 24]","[246.0, 8]",238.5,56,13.0,-0.14
07:40:10,"[232.8, 25]","[229.86, 14]","[245.0, 45]","[246.0, 9]",238.9,93,12.2,-0.16
07:40:11,"[233.0, 45]","[229.0, 18]","[245.0, 54]","[246.71, 14]",239.0,131,12.0,-0.04
07:40:12,"[233.43, 70]","[229.92, 26]","[243.74, 76]","[245.8, 50]",238.58,222,10.31,-0.14
07:40:13,"[235.55, 55]","[232.0, 11]","[239.0, 44]","[244.87, 62]",237.27,172,3.45,-0.23
07:40:14,"[237.0, 75]","[232.0, 15]","[243.29, 70]","[245.33, 60]",240.14,220,6.29,-0.18
07:40:15,"[237.62, 39]","[236.15, 27]","[245.0, 55]","[246.0, 44]",241.31,165,7.38,-0.2
07:40:16,"[241.07, 75]","[239.93, 75]","[244.27, 51]","[245.29, 70]",242.67,271,3.21,0.11
07:40:17,"[243.39, 57]","[239.61, 36]","[245.49, 45]","[246.51, 61]",244.44,199,2.1,-0.07
07:40:18,"[235.65, 17]","[227.0, 13]","[246.0, 44]","[247.0, 60]",240.82,134,10.35,-0.55
07:40:19,"[229.0, 27]","[228.0, 9]","[246.11, 36]","[254.44, 43]",237.56,115,17.11,-0.37
07:40:20,"[231.21, 33]","[229.62, 13]","[245.4, 25]","[315.0, 36]",238.31,107,14.19,-0.14
07:40:21,"[232.08, 26]","[231.43, 14]","[239.0, 10]","[247.0, 10]",235.54,60,6.92,0.33
07:40:22,"[233.88, 34]","[232.33, 18]","[237.0, 10]","[241.32, 31]",235.44,93,3.12,0.12
07:40:23,"[234.17, 42]","[233.88, 57]","[243.43, 14]","[388.25, 57]",238.8,170,9.26,0.16
07:40:24,"[235.89, 38]","[234.62, 85]","[247.0, 15]","[580.96, 69]",241.45,207,11.11,0.19
07:40:25,"[238.07, 28]","[236.07, 59]","[247.0, 12]","[556.6, 50]",242.54,149,8.93,0.17
07:40:26,"[241.5, 30]","[239.88, 33]","[246.37, 19]","[334.17, 52]",243.93,134,4.87,-0.06
07:40:27,"[242.5, 22]","[241.01, 85]","[245.0, 61]","[247.0, 17]",243.75,185,2.5,0.16
07:40:28,"[242.87, 47]","[230.26, 103]","[340.16, 45]","[447.87, 39]",291.51,234,97.28,0.28
07:40:29,"[236.25, 60]","[229.9, 50]","[283.0, 30]","[290.0, 20]",259.62,160,46.75,0.38
07:40:30,"[230.0, 99]","[229.0, 11]","[239.18, 28]","[253.0, 13]",234.59,151,9.18,0.46
07:40:31,"[230.0, 90]","[229.0, 10]","[239.0, 30]","[244.0, 10]",234.5,140,9.0,0.43
07:40:32,"[230.0, 63]","[229.0, 7]","[239.0, 21]","[242.64, 11]",234.5,102,9.0,0.37
07:40:33,"[230.0, 90]","[229.0, 10]","[239.0, 30]","[241.0, 50]",234.5,180,9.0,0.11
07:40:34,"[230.0, 90]","[228.0, 10]","[239.0, 30]","[241.0, 50]",234.5,180,9.0,0.11
07:40:35,"[230.0, 81]","[228.95, 41]","[239.0, 13]","[241.0, 45]",234.5,180,9.0,0.36
07:40:36,"[231.44, 48]","[229.96, 122]","[239.0, 14]","[241.0, 70]",235.22,254,7.56,0.34
07:40:37,"[232.0, 18]","[229.89, 38]","[242.0, 22]","[244.67, 18]",237.0,96,10.0,0.17
07:40:38,"[234.43, 23]","[230.18, 11]","[246.82, 33]","[290.04, 23]",240.63,90,12.38,-0.24
07:40:39,"[239.36, 25]","[235.77, 26]","[273.0, 20]","[436.4, 20]",256.18,91,33.64,0.12
07:40:40,"[247.41, 44]","[242.38, 29]","[326.27, 22]","[424.67, 27]",286.84,122,78.86,0.2
07:40:41,"[252.12, 83]","[251.12, 64]","[398.5, 36]","[459.7, 30]",325.31,213,146.38,0.38
07:40:42,"[255.0, 60]","[254.0, 40]","[339.69, 32]","[412.96, 52]",297.34,184,84.69,0.09
07:40:43,"[255.67, 36]","[254.86, 56]","[302.24, 38]","[312.08, 36]",278.95,166,46.57,0.11
07:40:44,"[256.06, 33]","[255.0, 72]","[309.04, 27]","[310.36, 42]",282.55,174,52.98,0.21
07:40:45,"[257.0, 26]","[255.0, 78]","[307.0, 32]","[308.45, 33]",282.0,169,50.0,0.23
07:40:46,"[257.0, 24]","[255.0, 72]","[295.07, 30]","[300.52, 29]",276.03,155,38.07,0.24
07:40:47,"[255.27, 15]","[254.4, 15]","[279.61, 28]","[281.2, 20]",267.44,78,24.34,-0.23
07:40:48,"[255.0, 14]","[254.0, 14]","[275.88, 40]","[277.9, 30]",265.44,98,20.88,-0.43
07:40:49,"[252.04, 75]","[250.05, 85]","[268.24, 21]","[270.74, 19]",260.14,200,16.2,0.6
07:40:50,"[252.0, 220]","[250.0, 120]","[265.39, 23]","[267.2, 30]",258.7,393,13.39,0.73
07:40:51,"[252.0, 242]","[250.0, 132]","[264.18, 22]","[266.0, 33]",258.09,429,12.18,0.74
07:40:52,"[252.0, 198]","[250.0, 108]","[261.22, 23]","[262.64, 22]",256.61,351,9.22,0.74
07:40:53,"[252.35, 130]","[251.55, 188]","[258.5, 48]","[261.0, 32]",255.43,398,6.15,0.6
07:40:54,"[252.1, 126]","[250.96, 138]","[257.04, 25]","[259.05, 19]",254.57,308,4.94,0.71
07:40:55,"[252.0, 88]","[250.0, 168]","[253.5, 40]","[254.79, 38]",252.75,334,1.5,0.53
07:40:56,"[250.18, 79]","[249.16, 76]","[252.83, 36]","[328.14, 28]",251.51,219,2.66,0.42
07:40:57,"[249.71, 95]","[248.27, 66]","[252.0, 20]","[253.0, 50]",250.85,231,2.29,0.39
07:40:58,"[249.11, 55]","[247.52, 81]","[250.74, 27]","[335.0, 42]",249.92,205,1.63,0.33
07:40:59,"[249.0, 32]","[247.0, 48]","[501.36, 22]","[609.43, 21]",375.18,123,252.36,0.3
07:41:00,"[249.8, 50]","[247.71, 56]","[400.69, 29]","[482.2, 30]",325.24,165,150.89,0.28
07:41:01,"[251.7, 40]","[249.0, 40]","[447.86, 28]","[546.04, 27]",349.78,135,196.16,0.19
07:41:02,"[253.15, 41]","[249.57, 42]","[385.64, 22]","[729.0, 33]",319.39,138,132.49,0.2
07:41:03,"[254.0, 24]","[253.0, 24]","[321.25, 16]","[729.0, 24]",287.62,88,67.25,0.09
07:41:04,"[254.45, 20]","[249.63, 38]","[699.52, 27]","[752.41, 27]",476.98,112,445.07,0.04
07:41:05,"[249.0, 21]","[247.0, 42]","[315.59, 32]","[748.47, 17]",282.3,112,66.59,0.12
07:41:06,"[249.0, 15]","[247.0, 30]","[254.65, 23]","[433.88, 16]",251.83,84,5.65,0.07
07:41:07,"[249.0, 9]","[247.0, 18]","[254.0, 12]","[379.0, 15]",251.5,54,5.0,0.0
07:41:08,"[249.0, 18]","[247.0, 36]","[253.5, 24]","[379.0, 30]",251.25,108,4.5,0.0
07:41:09,"[249.13, 45]","[247.6, 60]","[252.56, 36]","[408.0, 45]",250.84,186,3.42,0.13
07:41:10,"[249.12, 72]","[247.78, 69]","[252.0, 36]","[524.96, 54]",250.56,231,2.88,0.22
07:41:11,"[248.55, 75]","[248.12, 33]","[443.83, 30]","[672.19, 54]",346.19,192,195.29,0.12
07:41:12,"[247.32, 19]","[246.87, 23]","[342.0, 14]","[666.57, 35]",294.66,91,94.68,-0.08
07:41:13,"[249.6, 15]","[247.18, 33]","[420.44, 18]","[724.0, 45]",335.02,111,170.84,-0.14
07:41:14,"[249.67, 6]","[247.0, 30]","[545.67, 12]","[735.67, 30]",397.67,78,296.0,-0.08
07:41:15,"[250.0, 6]","[246.96, 26]","[389.0, 12]","[627.83, 30]",319.5,74,139.0,-0.14
07:41:16,"[247.36, 11]","[246.12, 8]","[575.6, 25]","[661.03, 31]",411.48,75,328.24,-0.49
07:41:17,"[249.62, 52]","[247.0, 13]","[442.44, 41]","[691.43, 53]",346.03,159,192.82,-0.18
07:41:18,"[249.36, 39]","[245.5, 18]","[588.17, 41]","[664.5, 12]",418.76,110,338.81,0.04
07:41:19,"[249.0, 63]","[246.0, 7]","[641.0, 35]","[0, 0]",445.0,105,392.0,0.33
07:41:20,"[249.0, 82]","[246.2, 10]","[576.8, 50]","[0, 0]",412.9,142,327.8,0.3
07:41:21,"[249.0, 56]","[247.0, 13]","[492.84, 61]","[473.79, 38]",370.92,168,243.84,-0.18
07:41:22,"[249.4, 40]","[248.45, 22]","[469.88, 40]","[471.07, 40]",359.64,142,220.47,-0.13
07:41:23,"[250.0, 40]","[249.0, 40]","[414.83, 42]","[429.3, 30]",332.42,152,164.83,0.05
07:41:24,"[250.0, 17]","[249.0, 44]","[261.82, 33]","[263.0, 22]",255.91,116,11.82,0.05
07:41:25,"[251.0, 18]","[250.0, 9]","[259.69, 35]","[261.0, 24]",255.34,86,8.69,-0.37
07:41:26,"[251.6, 20]","[250.0, 10]","[257.94, 48]","[259.69, 32]",254.77,110,6.34,-0.45
07:41:27,"[252.0, 20]","[250.0, 10]","[254.6, 30]","[256.41, 34]",253.3,94,2.6,-0.36
07:41:28,"[248.54, 39]","[246.86, 35]","[251.68, 28]","[253.5, 24]",250.11,126,3.14,0.17
07:41:29,"[247.0, 54]","[245.0, 18]","[250.0, 27]","[252.15, 26]",248.5,125,3.0,0.15
07:41:30,"[246.64, 44]","[243.8, 30]","[251.43, 35]","[384.18, 33]",249.03,142,4.79,0.04
07:41:31,"[243.76, 67]","[237.56, 27]","[378.76, 37]","[610.41, 34]",311.26,165,135.0,0.14
07:41:32,"[244.0, 21]","[242.0, 12]","[342.82, 17]","[515.29, 14]",293.41,64,98.82,0.03
07:41:33,"[252.55, 31]","[244.21, 29]","[311.74, 31]","[370.09, 47]",282.15,138,59.19,-0.13
07:41:34,"[254.0, 55]","[250.36, 11]","[295.27, 40]","[363.14, 42]",274.64,148,41.27,-0.11
07:41:35,"[254.0, 37]","[252.0, 8]","[273.06, 31]","[339.22, 27]",263.53,103,19.06,-0.13
07:41:36,"[255.63, 123]","[253.88, 34]","[275.0, 40]","[392.34, 44]",265.31,241,19.37,0.3
07:41:37,"[256.0, 70]","[254.0, 20]","[275.0, 20]","[422.46, 13]",265.5,123,19.0,0.46
07:41:38,"[256.0, 112]","[254.84, 25]","[273.75, 32]","[385.0, 16]",264.88,185,17.75,0.48
07:41:39,"[256.0, 112]","[255.0, 24]","[271.38, 32]","[325.0, 16]",263.69,184,15.38,0.48
07:41:40,"[256.0, 172]","[255.0, 42]","[269.57, 56]","[535.28, 36]",262.79,306,13.57,0.4
07:41:41,"[256.0, 168]","[255.0, 42]","[267.43, 56]","[452.64, 28]",261.71,294,11.43,0.43
07:41:42,"[256.0, 144]","[255.0, 36]","[265.06, 33]","[266.17, 29]",260.53,242,9.06,0.49
07:41:43,"[256.0, 204]","[255.0, 51]","[261.0, 45]","[262.65, 40]",258.5,340,5.0,0.5
07:41:44,"[256.0, 57]","[255.0, 27]","[258.32, 25]","[262.55, 22]",257.16,131,2.32,0.28
07:41:45,"[256.0, 37]","[255.0, 36]","[260.0, 24]","[267.0, 48]",258.0,145,4.0,0.01
07:41:46,"[256.0, 36]","[255.0, 36]","[257.92, 26]","[258.9, 40]",256.96,138,1.92,0.04
07:41:47,"[255.67, 18]","[254.75, 40]","[257.72, 18]","[293.74, 43]",256.69,119,2.06,-0.03
07:41:48,"[254.69, 16]","[253.75, 40]","[257.0, 12]","[343.41, 27]",255.84,95,2.31,0.18
07:41:49,"[254.0, 8]","[252.0, 8]","[256.62, 8]","[264.0, 32]",255.31,56,2.62,-0.43
07:41:50,"[253.25, 8]","[251.25, 8]","[255.17, 24]","[301.82, 22]",254.21,62,1.92,-0.48
07:41:51,"[251.0, 8]","[247.75, 8]","[255.0, 40]","[304.0, 24]",253.0,80,4.0,-0.6
07:41:52,"[249.0, 40]","[244.92, 12]","[253.74, 27]","[257.53, 58]",251.37,137,4.74,-0.24
07:41:53,"[249.32, 44]","[246.71, 14]","[252.1, 20]","[255.0, 75]",250.71,153,2.78,-0.24
07:41:54,"[250.0, 112]","[249.0, 48]","[253.84, 102]","[259.57, 70]",251.92,332,3.84,-0.04
07:41:55,"[250.67, 72]","[249.63, 57]","[310.02, 55]","[399.32, 53]",280.34,237,59.35,0.09
07:41:56,"[254.6, 40]","[250.44, 54]","[320.38, 39]","[407.81, 37]",287.49,170,65.78,0.11
07:41:57,"[255.0, 77]","[254.0, 20]","[328.3, 30]","[351.75, 36]",291.65,163,73.3,0.19
07:41:58,"[255.0, 45]","[254.0, 18]","[323.32, 31]","[383.95, 37]",289.16,131,68.32,-0.04
07:41:59,"[255.0, 15]","[254.0, 6]","[276.69, 13]","[315.27, 11]",265.85,45,21.69,-0.07
07:42:00,"[255.0, 32]","[254.0, 14]","[259.0, 21]","[282.0, 35]",257.0,102,4.0,-0.1
07:42:01,"[255.0, 16]","[254.0, 16]","[433.73, 26]","[612.88, 24]",344.37,82,178.73,-0.22
07:42:02,"[255.29, 14]","[254.29, 14]","[510.14, 21]","[644.43, 21]",382.71,70,254.86,-0.2
07:42:03,"[255.71, 14]","[254.56, 18]","[409.28, 29]","[475.22, 27]",332.5,88,153.56,-0.27
07:42:04,"[252.33, 36]","[251.29, 28]","[423.14, 37]","[551.46, 39]",337.73,140,170.8,-0.09
07:42:05,"[251.5, 32]","[249.8, 30]","[320.12, 24]","[517.5, 24]",285.81,110,68.62,0.13
07:42:06,"[250.04, 28]","[249.13, 31]","[351.9, 30]","[469.6, 30]",300.97,119,101.86,-0.01
07:42:07,"[250.0, 24]","[249.0, 27]","[276.56, 27]","[611.33, 27]",263.28,105,26.56,-0.03
07:42:08,"[250.0, 26]","[249.0, 39]","[319.0, 13]","[390.08, 39]",284.5,117,69.0,0.11
07:42:09,"[251.6, 40]","[249.75, 24]","[316.55, 11]","[496.45, 33]",284.07,108,64.95,0.19
07:42:10,"[252.12, 48]","[251.08, 26]","[315.12, 8]","[423.0, 24]",283.62,106,63.0,0.4
07:42:11,"[253.0, 51]","[252.0, 119]","[282.83, 29]","[391.0, 39]",267.91,238,29.83,0.43
07:42:12,"[254.61, 33]","[253.2, 30]","[276.83, 12]","[483.83, 36]",265.72,111,22.23,0.14
07:42:13,"[254.03, 61]","[252.0, 28]","[276.0, 13]","[316.46, 37]",265.02,139,21.97,0.28
07:42:14,"[254.0, 76]","[252.0, 30]","[274.0, 10]","[313.8, 10]",264.0,126,20.0,0.68
07:42:15,"[254.0, 64]","[252.0, 24]","[273.0, 8]","[275.0, 8]",263.5,104,19.0,0.69
07:42:16,"[254.0, 60]","[252.0, 33]","[271.45, 11]","[273.09, 11]",262.73,115,17.45,0.62
07:42:17,"[254.0, 36]","[252.0, 27]","[270.11, 9]","[272.0, 9]",262.06,81,16.11,0.56
07:42:18,"[254.0, 36]","[252.0, 27]","[269.22, 9]","[270.78, 9]",261.61,81,15.22,0.56
07:42:19,"[253.47, 38]","[251.62, 26]","[266.08, 12]","[267.25, 12]",259.78,88,12.61,0.45
07:42:20,"[252.0, 18]","[250.0, 9]","[263.0, 9]","[264.0, 9]",257.5,45,11.0,0.2
07:42:21,"[252.0, 20]","[250.0, 10]","[259.47, 30]","[260.83, 18]",255.73,78,7.47,-0.23
07:42:22,"[249.46, 26]","[247.21, 14]","[255.76, 17]","[256.53, 17]",252.61,74,6.3,0.08
07:42:23,"[249.0, 77]","[247.0, 33]","[251.35, 23]","[251.73, 15]",250.17,148,2.35,0.49
07:42:24,"[249.06, 48]","[247.31, 39]","[250.5, 14]","[251.9, 50]",249.78,151,1.44,0.15
07:42:25,"[247.0, 27]","[241.49, 142]","[249.24, 21]","[276.11, 9]",248.12,199,2.24,0.7
07:42:26,"[247.0, 24]","[241.0, 162]","[248.74, 27]","[327.18, 11]",247.87,224,1.74,0.66
07:42:27,"[241.21, 152]","[238.6, 80]","[533.58, 12]","[609.75, 12]",387.4,256,292.37,0.81
07:42:28,"[241.84, 64]","[240.98, 82]","[513.78, 9]","[542.0, 9]",377.81,164,271.93,0.78
07:42:29,"[241.0, 198]","[203.0, 17]","[319.64, 11]","[353.36, 11]",280.32,237,78.64,0.81
07:42:30,"[241.0, 198]","[185.53, 19]","[297.45, 11]","[361.0, 11]",269.23,239,56.45,0.82
07:42:31,"[241.0, 162]","[114.55, 11]","[644.94, 17]","[697.71, 24]",442.97,214,403.94,0.62
07:42:32,"[241.0, 159]","[230.0, 18]","[276.09, 33]","[689.05, 21]",258.55,231,35.09,0.53
07:42:33,"[241.0, 152]","[209.36, 11]","[242.0, 43]","[244.0, 36]",241.5,242,1.0,0.35
07:42:34,"[241.0, 114]","[192.14, 7]","[242.0, 26]","[244.0, 28]",241.5,175,1.0,0.38
07:42:35,"[241.0, 162]","[209.85, 39]","[242.0, 27]","[244.0, 36]",241.5,264,1.0,0.52
07:42:36,"[241.0, 14]","[214.0, 42]","[242.0, 21]","[244.0, 28]",241.5,105,1.0,0.07
07:42:37,"[225.68, 25]","[166.39, 44]","[242.0, 27]","[244.0, 36]",233.84,132,16.32,0.05
07:42:38,"[241.0, 20]","[202.5, 24]","[242.0, 4]","[244.0, 16]",241.5,64,1.0,0.38
07:42:39,"[241.0, 45]","[161.83, 29]","[242.67, 12]","[244.27, 37]",241.83,123,1.67,0.2
07:42:40,"[241.0, 36]","[230.67, 9]","[245.33, 36]","[247.23, 39]",243.17,120,4.33,-0.25
07:42:41,"[241.36, 22]","[230.61, 18]","[243.79, 61]","[246.62, 52]",242.58,153,2.42,-0.48
07:42:42,"[243.2, 35]","[224.65, 26]","[310.48, 64]","[420.88, 78]",276.84,203,67.28,-0.4
07:42:43,"[253.69, 32]","[247.0, 14]","[273.62, 42]","[274.29, 42]",263.65,130,19.93,-0.29
07:42:44,"[254.0, 54]","[245.4, 30]","[270.9, 39]","[273.91, 87]",262.45,210,16.9,-0.2
07:42:45,"[254.0, 35]","[249.0, 12]","[268.45, 33]","[269.12, 51]",261.23,131,14.45,-0.28
07:42:46,"[253.74, 19]","[248.73, 15]","[267.1, 61]","[268.41, 37]",260.42,132,13.36,-0.48
07:42:47,"[249.0, 11]","[247.0, 22]","[254.64, 55]","[267.13, 46]",251.82,134,5.64,-0.51
07:42:48,"[247.93, 45]","[240.68, 38]","[249.64, 83]","[262.81, 73]",248.79,239,1.71,-0.31
07:42:49,"[245.64, 22]","[202.51, 49]","[249.71, 21]","[306.26, 39]",247.68,131,4.08,0.08
07:42:50,"[244.0, 26]","[243.0, 39]","[246.71, 28]","[256.92, 26]",245.36,119,2.71,0.09
07:42:51,"[244.7, 60]","[223.97, 31]","[245.82, 17]","[269.63, 35]",245.26,143,1.12,0.27
07:42:52,"[245.56, 96]","[218.97, 33]","[531.33, 18]","[638.17, 29]",388.45,176,285.77,0.47
07:42:53,"[247.0, 210]","[246.0, 70]","[462.08, 26]","[650.06, 32]",354.54,338,215.08,0.66
07:42:54,"[248.11, 92]","[247.0, 294]","[364.86, 70]","[554.82, 44]",306.48,500,116.75,0.54
07:42:55,"[249.89, 9]","[247.55, 29]","[359.22, 45]","[521.0, 30]",304.56,113,109.33,-0.33
07:42:56,"[247.02, 121]","[242.54, 13]","[261.0, 35]","[450.14, 14]",254.01,183,13.98,0.46
07:42:57,"[247.0, 160]","[223.5, 16]","[319.65, 20]","[379.91, 23]",283.32,219,72.65,0.61
07:42:58,"[247.0, 85]","[242.0, 10]","[364.0, 15]","[378.0, 10]",305.5,120,117.0,0.58
07:42:59,"[247.75, 40]","[246.75, 79]","[334.91, 23]","[363.43, 21]",291.33,163,87.16,0.46
07:43:00,"[253.86, 56]","[249.89, 110]","[278.42, 38]","[292.04, 56]",266.14,260,24.56,0.28
07:43:01,"[254.0, 42]","[250.0, 14]","[276.67, 27]","[308.55, 22]",265.33,105,22.67,0.07
07:43:02,"[254.0, 78]","[250.0, 26]","[281.2, 15]","[296.6, 40]",267.6,159,27.2,0.31
07:43:03,"[254.0, 36]","[250.0, 20]","[279.93, 29]","[420.87, 38]",266.97,123,25.93,-0.09
07:43:04,"[255.11, 19]","[254.12, 34]","[279.0, 30]","[280.0, 45]",267.05,128,23.89,-0.17
07:43:05,"[256.0, 13]","[255.0, 39]","[276.58, 19]","[278.07, 28]",266.29,99,20.58,0.05
07:43:06,"[255.57, 14]","[254.86, 28]","[273.38, 13]","[274.82, 17]",264.48,72,17.81,0.17
07:43:07,"[254.48, 31]","[252.11, 38]","[270.14, 36]","[271.36, 14]",262.31,119,15.66,0.16
07:43:08,"[253.59, 17]","[249.25, 40]","[268.65, 17]","[269.21, 24]",261.12,98,15.06,0.16
07:43:09,"[247.73, 66]","[246.25, 32]","[260.88, 16]","[267.77, 26]",254.3,140,13.15,0.4
07:43:10,"[247.0, 210]","[244.0, 70]","[253.31, 29]","[254.86, 22]",250.16,331,6.31,0.69
07:43:11,"[247.56, 156]","[244.38, 94]","[250.31, 32]","[251.5, 24]",248.94,306,2.75,0.63
07:43:12,"[248.0, 196]","[247.0, 28]","[253.55, 44]","[276.25, 32]",250.77,300,5.55,0.49
07:43:13,"[248.2, 90]","[247.88, 96]","[260.92, 48]","[287.2, 40]",254.56,274,12.72,0.36
07:43:14,"[251.0, 9]","[248.7, 86]","[261.0, 36]","[314.4, 25]",256.0,156,10.0,0.22
07:43:15,"[251.0, 5]","[250.0, 30]","[260.86, 14]","[307.8, 20]",255.93,69,9.86,0.01
07:43:16,"[251.71, 14]","[250.29, 34]","[256.25, 24]","[257.85, 34]",253.98,106,4.54,-0.09
07:43:17,"[252.38, 13]","[250.67, 18]","[254.08, 25]","[261.24, 34]",253.23,90,1.7,-0.31
07:43:18,"[250.59, 22]","[249.27, 73]","[252.5, 12]","[262.67, 48]",251.55,155,1.91,0.23
07:43:19,"[250.0, 72]","[248.0, 168]","[251.0, 12]","[252.0, 12]",250.5,264,1.0,0.82
07:43:20,"[250.0, 58]","[248.0, 140]","[252.5, 12]","[257.18, 22]",251.25,232,2.5,0.71
07:43:21,"[250.0, 25]","[248.0, 70]","[255.0, 10]","[260.0, 20]",252.5,125,5.0,0.52
07:43:22,"[250.0, 70]","[248.0, 210]","[255.0, 30]","[260.8, 60]",252.5,370,5.0,0.51
07:43:23,"[248.34, 73]","[247.66, 71]","[261.86, 28]","[339.85, 26]",255.1,198,13.51,0.45
07:43:24,"[255.0, 32]","[249.0, 11]","[263.0, 44]","[299.09, 33]",259.0,120,8.0,-0.28
07:43:25,"[255.0, 40]","[250.33, 15]","[263.0, 40]","[393.5, 30]",259.0,125,8.0,-0.12
07:43:26,"[254.55, 31]","[249.52, 29]","[263.0, 36]","[415.68, 19]",258.77,115,8.45,0.04
07:43:27,"[249.0, 12]","[248.0, 156]","[262.14, 58]","[276.82, 44]",255.57,270,13.14,0.24
07:43:28,"[249.95, 38]","[248.12, 59]","[257.2, 25]","[262.15, 54]",253.57,176,7.25,0.1
07:43:29,"[250.18, 44]","[248.0, 143]","[256.0, 22]","[262.0, 55]",253.09,264,5.82,0.42
07:43:30,"[252.06, 77]","[248.56, 158]","[258.28, 57]","[273.08, 48]",255.17,340,6.22,0.38
07:43:31,"[253.94, 32]","[252.75, 32]","[266.0, 56]","[320.71, 28]",259.97,148,12.06,-0.14
07:43:32,"[254.0, 16]","[253.0, 8]","[266.0, 32]","[317.2, 10]",260.0,66,12.0,-0.27
07:43:33,"[254.93, 28]","[253.0, 14]","[265.14, 56]","[384.04, 27]",260.04,125,10.21,-0.33
07:43:34,"[255.0, 22]","[252.64, 11]","[261.0, 44]","[264.09, 44]",258.0,121,6.0,-0.45
07:43:35,"[255.9, 20]","[251.0, 10]","[259.3, 40]","[260.9, 40]",257.6,110,3.4,-0.45
07:43:36,"[256.0, 20]","[251.0, 10]","[258.0, 40]","[259.4, 40]",257.0,110,2.0,-0.45
07:43:37,"[248.3, 152]","[247.39, 131]","[254.49, 47]","[257.09, 66]",251.39,396,6.19,0.43
07:43:38,"[247.55, 154]","[244.32, 41]","[249.57, 21]","[250.68, 31]",248.56,247,2.02,0.58
07:43:39,"[247.0, 225]","[244.0, 20]","[248.6, 15]","[250.0, 30]",247.8,290,1.6,0.69
07:43:40,"[247.0, 156]","[244.0, 14]","[249.67, 24]","[263.33, 48]",248.33,242,2.67,0.4
07:43:41,"[247.31, 35]","[246.19, 59]","[250.0, 19]","[265.54, 26]",248.66,139,2.69,0.35
07:43:42,"[247.09, 46]","[245.35, 40]","[250.0, 10]","[296.03, 30]",248.54,126,2.91,0.37
07:43:43,"[247.06, 36]","[244.12, 25]","[250.0, 8]","[267.0, 8]",248.53,77,2.94,0.58
07:43:44,"[247.0, 33]","[239.0, 12]","[252.92, 12]","[278.6, 15]",249.96,72,5.92,0.25
07:43:45,"[251.11, 74]","[249.29, 49]","[260.0, 14]","[308.22, 18]",255.55,155,8.89,0.59
07:43:46,"[252.22, 72]","[251.0, 54]","[257.33, 18]","[441.6, 15]",254.78,159,5.11,0.58
07:43:47,"[253.39, 66]","[250.0, 27]","[256.19, 42]","[275.11, 18]",254.79,153,2.8,0.22
07:43:48,"[254.14, 28]","[252.4, 20]","[260.0, 12]","[286.67, 24]",257.07,84,5.86,0.14
07:43:49,"[248.93, 15]","[247.5, 84]","[260.0, 15]","[505.1, 49]",254.47,163,11.07,0.21
07:43:50,"[248.0, 10]","[247.0, 60]","[260.0, 10]","[709.8, 40]",254.0,120,12.0,0.17
07:43:51,"[250.52, 50]","[247.91, 47]","[260.0, 17]","[513.62, 52]",255.26,166,9.48,0.17
07:43:52,"[251.35, 31]","[250.41, 34]","[260.0, 11]","[373.35, 34]",255.68,110,8.65,0.18
07:43:53,"[252.0, 7]","[251.0, 28]","[260.0, 7]","[386.0, 28]",256.0,70,8.0,0.0
07:43:54,"[252.5, 10]","[251.0, 40]","[260.0, 10]","[369.84, 38]",256.25,98,7.5,0.02
07:43:55,"[253.0, 12]","[251.0, 48]","[260.0, 12]","[321.2, 45]",256.5,117,7.0,0.03
07:43:56,"[251.5, 24]","[250.4, 30]","[259.75, 12]","[337.37, 41]",255.62,107,8.25,0.01
07:43:57,"[251.94, 47]","[250.91, 34]","[258.42, 12]","[259.58, 12]",255.18,105,6.48,0.54
07:43:58,"[252.73, 60]","[251.0, 45]","[255.53, 15]","[257.27, 15]",254.13,135,2.8,0.56
07:43:59,"[253.07, 29]","[250.5, 18]","[255.75, 8]","[259.57, 14]",254.41,69,2.68,0.36
07:44:00,"[251.0, 39]","[248.0, 13]","[256.38, 13]","[261.0, 39]",253.69,104,5.38,0.0
07:44:01,"[251.85, 33]","[250.77, 39]","[254.35, 31]","[264.81, 37]",253.1,140,2.51,0.03
07:44:02,"[249.24, 33]","[245.89, 19]","[252.3, 30]","[253.67, 45]",250.77,127,3.06,-0.18
07:44:03,"[242.54, 52]","[240.82, 34]","[249.44, 16]","[252.0, 32]",245.99,134,6.9,0.28
07:44:04,"[242.44, 62]","[241.25, 64]","[245.0, 34]","[246.65, 40]",243.72,200,2.56,0.26
07:44:05,"[243.75, 36]","[236.84, 50]","[250.09, 33]","[276.07, 44]",246.92,163,6.34,0.06
07:44:06,"[245.88, 102]","[239.45, 44]","[253.0, 30]","[435.96, 48]",249.44,224,7.12,0.3
07:44:07,"[246.08, 156]","[245.14, 84]","[252.69, 52]","[451.8, 70]",249.38,362,6.62,0.33
07:44:08,"[247.8, 30]","[246.5, 48]","[257.0, 30]","[574.4, 50]",252.4,158,9.2,-0.01
07:44:09,"[250.13, 45]","[248.53, 45]","[257.0, 45]","[393.0, 75]",253.57,210,6.87,-0.14
07:44:10,"[252.83, 18]","[251.5, 18]","[257.0, 18]","[365.33, 30]",254.92,84,4.17,-0.14
07:44:11,"[255.07, 45]","[253.25, 48]","[257.0, 51]","[258.0, 85]",256.03,229,1.93,-0.19
07:44:12,"[251.85, 39]","[249.91, 53]","[256.62, 39]","[337.91, 55]",254.23,186,4.77,-0.01
07:44:13,"[250.0, 30]","[249.0, 50]","[255.6, 30]","[257.9, 30]",252.8,140,5.6,0.14
07:44:14,"[250.0, 27]","[249.0, 45]","[253.22, 27]","[258.0, 27]",251.61,126,3.22,0.14
07:44:15,"[250.02, 46]","[249.04, 78]","[251.88, 48]","[256.44, 48]",250.95,220,1.85,0.13
07:44:16,"[250.0, 33]","[247.18, 55]","[255.35, 17]","[263.16, 25]",252.68,130,5.35,0.35
07:44:17,"[250.46, 26]","[245.71, 42]","[253.5, 20]","[254.33, 15]",251.98,103,3.04,0.32
07:44:18,"[250.53, 30]","[245.76, 66]","[252.54, 26]","[253.57, 28]",251.54,150,2.01,0.28
07:44:19,"[243.62, 26]","[242.88, 85]","[251.5, 12]","[256.0, 17]",247.56,140,7.88,0.59
07:44:20,"[243.0, 36]","[241.0, 30]","[252.0, 6]","[262.0, 18]",247.5,90,9.0,0.47
07:44:21,"[244.0, 60]","[241.62, 58]","[251.45, 11]","[261.0, 33]",247.73,162,7.45,0.46
07:44:22,"[253.53, 76]","[245.0, 40]","[284.38, 24]","[401.86, 28]",268.95,168,30.85,0.38
07:44:23,"[255.0, 120]","[248.0, 36]","[257.68, 31]","[349.11, 27]",256.34,214,2.68,0.46
07:44:24,"[255.0, 114]","[248.0, 36]","[256.95, 42]","[261.97, 29]",255.98,221,1.95,0.36
07:44:25,"[255.0, 108]","[251.0, 11]","[256.0, 22]","[259.2, 41]",255.5,182,1.0,0.31
07:44:26,"[255.0, 64]","[251.0, 8]","[257.0, 18]","[260.5, 24]",256.0,114,2.0,0.26
07:44:27,"[256.0, 27]","[255.0, 88]","[261.18, 33]","[303.0, 33]",258.59,181,5.18,0.27
07:44:28,"[256.0, 8]","[255.0, 64]","[265.0, 24]","[348.79, 34]",260.5,130,9.0,0.11
07:44:29,"[256.0, 4]","[255.0, 32]","[264.33, 9]","[345.5, 12]",260.17,57,8.33,0.26
07:44:30,"[255.17, 36]","[254.23, 78]","[263.75, 24]","[437.82, 33]",259.46,171,8.58,0.33
07:44:31,"[255.0, 60]","[253.0, 60]","[262.75, 24]","[263.83, 24]",258.88,168,7.75,0.43
07:44:32,"[255.0, 55]","[253.0, 55]","[261.55, 22]","[264.18, 22]",258.27,154,6.55,0.43
07:44:33,"[255.0, 31]","[253.0, 40]","[259.5, 16]","[265.0, 16]",257.25,103,4.5,0.38
07:44:34,"[255.0, 22]","[253.0, 55]","[258.0, 22]","[265.0, 22]",256.5,121,3.0,0.27
07:44:35,"[255.0, 20]","[253.0, 50]","[257.3, 20]","[262.4, 20]",256.15,110,2.3,0.27
07:44:36,"[255.0, 20]","[253.0, 50]","[257.0, 20]","[261.0, 20]",256.0,110,2.0,0.27
07:44:37,"[249.98, 45]","[247.26, 31]","[256.54, 26]","[261.0, 26]",253.26,128,6.56,0.19
07:44:38,"[248.0, 52]","[245.0, 39]","[255.09, 44]","[257.54, 26]",251.55,161,7.09,0.13
07:44:39,"[248.67, 54]","[245.69, 35]","[253.62, 32]","[254.59, 34]",251.15,155,4.96,0.15
07:44:40,"[250.0, 78]","[248.0, 36]","[251.77, 26]","[252.57, 28]",250.88,168,1.77,0.36
07:44:41,"[250.0, 96]","[246.46, 41]","[251.0, 18]","[252.0, 48]",250.5,203,1.0,0.35
07:44:42,"[250.0, 122]","[245.0, 48]","[251.68, 31]","[253.15, 52]",250.84,253,1.68,0.34
07:44:43,"[250.64, 96]","[249.7, 102]","[257.31, 29]","[363.69, 39]",253.97,266,6.67,0.49
07:44:44,"[250.62, 32]","[249.79, 39]","[259.0, 14]","[566.0, 35]",254.81,120,8.38,0.18
07:44:45,"[250.0, 36]","[248.0, 12]","[259.0, 12]","[566.0, 30]",254.5,90,9.0,0.07
07:44:46,"[250.0, 60]","[248.7, 54]","[259.0, 20]","[465.06, 34]",254.5,168,9.0,0.36
07:44:47,"[251.0, 39]","[250.0, 78]","[259.0, 26]","[328.43, 47]",255.0,190,8.0,0.23
07:44:48,"[250.43, 21]","[249.5, 24]","[259.0, 12]","[302.0, 24]",254.71,81,8.57,0.11
07:44:49,"[250.0, 40]","[248.0, 20]","[259.0, 20]","[305.17, 41]",254.5,121,9.0,-0.01
07:44:50,"[248.78, 23]","[242.52, 69]","[259.0, 20]","[324.36, 44]",253.89,156,10.22,0.18
07:44:51,"[248.0, 18]","[242.0, 81]","[259.0, 18]","[442.13, 31]",253.5,148,11.0,0.34
07:44:52,"[248.0, 18]","[242.0, 81]","[259.0, 18]","[340.57, 21]",253.5,138,11.0,0.43
07:44:53,"[242.24, 51]","[238.96, 23]","[259.0, 16]","[287.14, 37]",250.62,127,16.76,0.17
07:44:54,"[242.09, 57]","[238.52, 23]","[263.5, 12]","[277.6, 20]",252.79,112,21.41,0.43
07:44:55,"[243.02, 43]","[241.76, 42]","[257.38, 13]","[259.46, 13]",250.2,111,14.36,0.53
07:44:56,"[242.78, 79]","[241.33, 51]","[256.0, 16]","[487.5, 22]",249.39,168,13.22,0.55
07:44:57,"[245.0, 32]","[244.0, 16]","[251.12, 16]","[276.78, 9]",248.06,73,6.12,0.32
07:44:58,"[244.35, 23]","[242.42, 19]","[248.09, 33]","[252.82, 17]",246.22,92,3.74,-0.09
07:44:59,"[241.67, 6]","[186.0, 16]","[243.0, 15]","[250.62, 13]",242.33,50,1.33,-0.12
07:45:00,"[241.0, 16]","[131.0, 64]","[243.0, 24]","[258.0, 8]",242.0,112,2.0,0.43
07:45:01,"[246.5, 24]","[145.22, 55]","[254.95, 20]","[309.43, 14]",250.72,113,8.45,0.4
07:45:02,"[251.15, 59]","[250.04, 23]","[255.75, 20]","[257.17, 18]",253.45,120,4.6,0.37
07:45:03,"[249.65, 31]","[231.09, 22]","[252.31, 26]","[320.1, 31]",250.98,110,2.66,-0.04
07:45:04,"[242.62, 29]","[216.24, 51]","[249.81, 32]","[267.82, 22]",246.22,134,7.19,0.19
07:45:05,"[244.59, 17]","[243.18, 22]","[250.0, 26]","[251.0, 13]",247.29,78,5.41,0.0
07:45:06,"[246.61, 23]","[242.75, 16]","[250.04, 23]","[349.58, 24]",248.33,86,3.43,-0.09
07:45:07,"[246.56, 27]","[237.0, 15]","[255.63, 19]","[381.73, 52]",251.09,113,9.08,-0.26
07:45:08,"[249.25, 24]","[247.92, 72]","[492.35, 65]","[569.24, 34]",370.8,195,243.1,-0.02
07:45:09,"[251.0, 8]","[248.0, 40]","[541.83, 18]","[584.08, 38]",396.42,104,290.83,-0.08
07:45:10,"[251.92, 12]","[248.0, 60]","[480.72, 18]","[495.58, 24]",366.32,114,228.81,0.26
07:45:11,"[250.22, 18]","[247.33, 42]","[312.4, 20]","[399.46, 46]",281.31,126,62.18,-0.05
07:45:12,"[248.0, 55]","[234.0, 11]","[253.0, 11]","[254.0, 22]",250.5,99,5.0,0.33
07:45:13,"[249.18, 33]","[245.67, 24]","[253.0, 8]","[254.0, 16]",251.09,81,3.82,0.41
07:45:14,"[248.0, 40]","[239.5, 12]","[252.5, 8]","[254.0, 16]",250.25,76,4.5,0.37
07:45:15,"[248.0, 50]","[164.09, 33]","[252.0, 10]","[255.6, 20]",250.0,113,4.0,0.47
07:45:16,"[248.0, 60]","[240.0, 252]","[252.0, 12]","[256.0, 24]",250.0,348,4.0,0.79
07:45:17,"[241.02, 100]","[238.54, 234]","[252.0, 14]","[255.43, 28]",246.51,376,10.98,0.78
07:45:18,"[242.0, 7]","[241.0, 147]","[251.56, 9]","[255.33, 12]",246.78,175,9.56,0.76
07:45:19,"[243.58, 19]","[241.01, 275]","[251.0, 30]","[252.0, 15]",247.29,339,7.42,0.73
07:45:20,"[244.4, 20]","[241.27, 203]","[250.95, 19]","[320.44, 27]",247.67,269,6.55,0.66
07:45:21,"[252.29, 41]","[248.76, 34]","[440.17, 47]","[532.69, 39]",346.23,161,187.88,-0.07
07:45:22,"[253.44, 32]","[252.28, 39]","[510.81, 42]","[541.9, 29]",382.12,142,257.37,0.0
07:45:23,"[255.54, 95]","[249.5, 12]","[297.0, 48]","[525.38, 29]",276.27,184,41.46,0.16
07:45:24,"[256.0, 112]","[252.25, 8]","[387.43, 28]","[559.43, 28]",321.71,176,131.43,0.36
07:45:25,"[256.0, 102]","[254.0, 8]","[423.23, 13]","[513.93, 27]",339.62,150,167.23,0.47
07:45:26,"[256.0, 96]","[254.0, 8]","[479.25, 32]","[677.75, 24]",367.62,160,223.25,0.3
07:45:27,"[256.0, 63]","[254.0, 9]","[475.56, 36]","[702.0, 27]",365.78,135,219.56,0.07
07:45:28,"[256.0, 56]","[254.0, 8]","[549.33, 15]","[706.4, 20]",402.67,99,293.33,0.29
07:45:29,"[254.12, 52]","[248.86, 49]","[447.0, 32]","[726.77, 31]",350.56,164,192.88,0.23
07:45:30,"[253.29, 17]","[249.77, 35]","[294.0, 32]","[609.0, 24]",273.65,108,40.71,-0.04
07:45:31,"[256.0, 16]","[255.68, 19]","[292.57, 21]","[398.35, 23]",274.29,79,36.57,-0.11
07:45:32,"[257.0, 11]","[256.0, 44]","[290.82, 33]","[460.2, 15]",273.91,103,33.82,0.07
07:45:33,"[257.0, 6]","[256.0, 24]","[288.33, 18]","[347.0, 6]",272.67,54,31.33,0.11
07:45:34,"[257.0, 12]","[256.0, 48]","[283.08, 36]","[335.19, 16]",270.04,112,26.08,0.07
07:45:35,"[256.75, 4]","[255.0, 16]","[284.0, 12]","[408.0, 4]",270.38,36,27.25,0.11
07:45:36,"[253.87, 15]","[251.0, 42]","[283.67, 27]","[323.63, 19]",268.77,103,29.8,0.11
07:45:37,"[250.09, 33]","[248.78, 27]","[280.36, 22]","[281.4, 20]",265.23,102,30.27,0.18
07:45:38,"[250.09, 64]","[248.79, 48]","[276.36, 33]","[277.77, 39]",263.23,184,26.27,0.22
07:45:39,"[252.62, 32]","[249.0, 104]","[272.33, 45]","[273.47, 45]",262.48,226,19.71,0.2
07:45:40,"[253.0, 24]","[249.0, 96]","[266.61, 49]","[268.07, 40]",259.81,209,13.61,0.15
07:45:41,"[249.93, 43]","[248.64, 39]","[262.18, 33]","[263.88, 43]",256.06,158,12.25,0.04
07:45:42,"[249.03, 36]","[247.83, 12]","[256.03, 34]","[257.48, 25]",252.53,107,7.0,-0.1
07:45:43,"[249.01, 81]","[246.86, 21]","[252.69, 61]","[254.02, 61]",250.85,224,3.68,-0.09
07:45:44,"[249.2, 79]","[247.58, 33]","[252.34, 58]","[254.39, 70]",250.77,240,3.14,-0.07
07:45:45,"[249.0, 30]","[244.0, 10]","[267.82, 38]","[305.94, 48]",258.41,126,18.82,-0.37
07:45:46,"[251.63, 27]","[250.68, 34]","[356.2, 30]","[418.64, 44]",303.91,135,104.57,-0.1
07:45:47,"[254.0, 18]","[252.0, 45]","[355.0, 18]","[421.43, 21]",304.5,102,101.0,0.24
07:45:48,"[252.07, 58]","[250.53, 19]","[336.09, 33]","[359.0, 42]",294.08,152,84.02,0.01
07:45:49,"[252.0, 36]","[250.0, 9]","[353.0, 18]","[366.62, 26]",302.5,89,101.0,0.01
07:45:50,"[252.58, 26]","[251.9, 59]","[317.11, 38]","[423.86, 35]",284.84,158,64.53,0.08
07:45:51,"[254.0, 10]","[252.0, 40]","[290.07, 30]","[329.24, 17]",272.03,97,36.07,0.03
07:45:52,"[254.0, 10]","[252.0, 40]","[292.0, 26]","[293.35, 34]",273.0,110,38.0,-0.09
07:45:53,"[254.73, 11]","[252.8, 20]","[288.71, 28]","[290.95, 38]",271.72,97,33.99,-0.36
07:45:54,"[255.0, 13]","[254.0, 13]","[284.6, 30]","[286.08, 48]",269.8,104,29.6,-0.5
07:45:55,"[253.29, 7]","[251.82, 11]","[282.4, 20]","[283.73, 22]",267.84,60,29.11,-0.4
07:45:56,"[251.1, 21]","[249.29, 34]","[281.46, 39]","[282.39, 23]",266.28,117,30.37,-0.06
07:45:57,"[249.0, 12]","[246.0, 24]","[277.56, 18]","[277.66, 32]",263.28,86,28.56,-0.16
07:45:58,"[246.86, 14]","[244.89, 18]","[274.96, 25]","[276.65, 37]",260.91,94,28.1,-0.32
07:45:59,"[246.0, 14]","[244.0, 14]","[270.23, 39]","[271.17, 36]",258.12,103,24.23,-0.46
07:46:00,"[246.18, 11]","[244.2, 10]","[267.05, 38]","[268.5, 32]",256.62,91,20.87,-0.54
07:46:01,"[207.0, 30]","[155.21, 72]","[263.29, 38]","[265.04, 47]",235.14,187,56.29,0.09
07:46:02,"[237.77, 26]","[198.82, 55]","[258.98, 42]","[260.23, 35]",248.37,158,21.21,0.03
07:46:03,"[170.82, 49]","[127.38, 47]","[253.53, 30]","[254.9, 29]",212.17,155,82.72,0.24
07:46:04,"[234.83, 24]","[161.47, 59]","[250.86, 37]","[252.0, 46]",242.85,166,16.03,0.0
07:46:05,"[244.15, 52]","[225.49, 83]","[248.27, 30]","[249.93, 27]",246.21,192,4.11,0.41
07:46:06,"[244.44, 36]","[231.11, 72]","[309.75, 36]","[339.42, 36]",277.1,180,65.31,0.2
07:46:07,"[249.86, 14]","[245.92, 26]","[325.33, 18]","[455.67, 18]",287.6,76,75.48,0.05
07:46:08,"[257.25, 16]","[256.0, 32]","[337.25, 24]","[613.71, 17]",297.25,89,80.0,0.08
07:46:09,"[245.06, 51]","[204.51, 39]","[318.94, 35]","[470.0, 25]",282.0,150,73.88,0.2
07:46:10,"[244.81, 52]","[199.88, 34]","[271.17, 36]","[305.08, 26]",257.99,148,26.36,0.16
07:46:11,"[244.0, 22]","[187.24, 50]","[269.09, 33]","[314.2, 30]",256.55,135,25.09,0.07
07:46:12,"[217.0, 36]","[147.48, 62]","[266.75, 36]","[268.25, 36]",241.88,170,49.75,0.15
07:46:13,"[251.0, 36]","[177.93, 43]","[266.0, 27]","[268.0, 27]",258.5,133,15.0,0.19
07:46:14,"[251.0, 32]","[143.0, 48]","[263.35, 26]","[264.4, 30]",257.17,136,12.35,0.18
07:46:15,"[251.3, 40]","[227.61, 46]","[259.92, 52]","[262.0, 39]",255.61,177,8.62,-0.03
07:46:16,"[212.37, 51]","[139.35, 43]","[254.85, 34]","[258.18, 40]",233.61,168,42.48,0.12
07:46:17,"[203.57, 70]","[77.69, 70]","[240.0, 36]","[246.09, 68]",221.79,244,36.43,0.15
07:46:18,"[228.92, 26]","[186.0, 40]","[244.54, 37]","[246.73, 33]",236.73,136,15.62,-0.03
07:46:19,"[231.0, 32]","[210.69, 52]","[246.0, 70]","[248.0, 30]",238.5,184,15.0,-0.09
07:46:20,"[192.06, 53]","[125.74, 43]","[246.0, 70]","[248.0, 30]",219.03,196,53.94,-0.02
07:46:21,"[184.31, 39]","[148.38, 58]","[246.0, 77]","[247.33, 45]",215.15,219,61.69,-0.11
07:46:22,"[220.27, 77]","[173.4, 25]","[246.0, 74]","[247.0, 55]",233.14,231,25.73,-0.12
07:46:23,"[222.3, 64]","[221.09, 79]","[244.91, 55]","[246.81, 62]",233.6,260,22.61,0.1
07:46:24,"[224.1, 40]","[222.0, 70]","[242.0, 10]","[246.0, 40]",233.05,160,17.9,0.38
07:46:25,"[234.63, 43]","[225.28, 50]","[244.82, 17]","[246.43, 35]",239.73,145,10.2,0.28
07:46:26,"[243.36, 176]","[237.13, 79]","[246.0, 68]","[247.0, 85]",244.68,408,2.64,0.25
07:46:27,"[244.12, 100]","[243.02, 65]","[245.86, 37]","[246.94, 53]",244.99,255,1.74,0.29
07:46:28,"[244.1, 145]","[220.54, 71]","[246.0, 51]","[247.0, 85]",245.05,352,1.9,0.23
07:46:29,"[244.78, 45]","[219.74, 73]","[246.5, 30]","[247.26, 34]",245.64,182,1.72,0.3
07:46:30,"[246.0, 110]","[205.75, 67]","[247.0, 55]","[248.0, 33]",246.5,265,1.0,0.34
07:46:31,"[246.0, 100]","[181.21, 53]","[247.0, 49]","[248.0, 30]",246.5,232,1.0,0.32
07:46:32,"[213.5, 58]","[134.77, 48]","[247.4, 30]","[257.33, 27]",230.45,163,33.9,0.3
07:46:33,"[164.92, 60]","[136.58, 60]","[247.68, 31]","[299.33, 36]",206.3,187,82.76,0.28
07:46:34,"[151.87, 45]","[145.83, 47]","[245.37, 19]","[247.07, 30]",198.62,141,93.5,0.3
07:46:35,"[154.61, 31]","[153.71, 41]","[242.0, 9]","[248.0, 27]",198.31,108,87.39,0.33
07:46:36,"[168.2, 15]","[157.97, 29]","[242.0, 9]","[248.0, 27]",205.1,80,73.8,0.1
07:46:37,"[191.27, 51]","[189.93, 29]","[379.75, 16]","[412.9, 30]",285.51,126,188.48,0.27
07:46:38,"[228.17, 36]","[196.2, 41]","[299.45, 20]","[326.76, 29]",263.81,126,71.28,0.22
07:46:39,"[255.25, 59]","[251.91, 66]","[299.87, 45]","[313.47, 51]",277.56,221,44.61,0.13
07:46:40,"[257.0, 18]","[255.82, 22]","[295.38, 24]","[297.5, 24]",276.19,88,38.38,-0.09
07:46:41,"[256.27, 45]","[254.21, 87]","[291.61, 41]","[301.36, 33]",273.94,206,35.34,0.28
07:46:42,"[256.0, 27]","[254.0, 54]","[271.67, 9]","[273.0, 18]",263.83,108,15.67,0.5
07:46:43,"[254.0, 26]","[250.67, 39]","[268.64, 33]","[271.35, 34]",261.32,132,14.64,-0.02
07:46:44,"[255.96, 111]","[251.92, 12]","[265.0, 45]","[277.86, 29]",260.48,197,9.04,0.25
07:46:45,"[256.0, 88]","[253.0, 8]","[262.62, 32]","[264.12, 32]",259.31,160,6.62,0.2
07:46:46,"[256.0, 77]","[253.0, 7]","[261.12, 25]","[262.16, 31]",258.56,140,5.12,0.2
07:46:47,"[256.0, 138]","[253.0, 13]","[257.47, 53]","[261.92, 60]",256.74,264,1.47,0.14
07:46:48,"[255.79, 28]","[147.4, 30]","[275.71, 34]","[549.75, 16]",265.75,108,19.92,0.07
07:46:49,"[253.0, 12]","[210.62, 64]","[365.58, 24]","[465.92, 24]",309.29,124,112.58,0.23
07:46:50,"[251.62, 13]","[249.29, 28]","[460.2, 15]","[548.25, 16]",355.91,72,208.58,0.14
07:46:51,"[251.0, 27]","[247.0, 36]","[406.2, 20]","[519.22, 18]",328.6,101,155.2,0.25
07:46:52,"[251.12, 17]","[247.52, 23]","[446.17, 12]","[464.5, 12]",348.64,64,195.05,0.25
07:46:53,"[251.8, 30]","[248.09, 33]","[384.67, 18]","[393.67, 18]",318.23,99,132.87,0.27
07:46:54,"[253.55, 22]","[251.66, 29]","[275.67, 30]","[284.2, 30]",264.61,111,22.12,-0.08
07:46:55,"[257.12, 32]","[254.95, 19]","[266.0, 28]","[268.0, 28]",261.56,107,8.88,-0.05
07:46:56,"[255.62, 16]","[251.95, 44]","[264.25, 32]","[267.5, 32]",259.94,124,8.62,-0.03
07:46:57,"[250.0, 6]","[249.0, 54]","[261.83, 12]","[262.83, 12]",255.92,84,11.83,0.43
07:46:58,"[249.0, 88]","[248.0, 22]","[257.82, 22]","[260.64, 22]",253.41,154,8.82,0.43
07:46:59,"[249.0, 72]","[248.0, 18]","[253.67, 18]","[256.11, 18]",251.33,126,4.67,0.43
07:47:00,"[249.0, 64]","[248.0, 16]","[251.12, 16]","[252.5, 16]",250.06,112,2.12,0.43
07:47:01,"[249.0, 41]","[248.0, 14]","[250.71, 14]","[360.3, 10]",249.86,79,1.71,0.39
07:47:02,"[249.0, 50]","[248.0, 20]","[250.6, 20]","[277.0, 10]",249.8,100,1.6,0.4
07:47:03,"[249.24, 38]","[248.26, 19]","[300.0, 16]","[634.33, 12]",274.62,85,50.76,0.34
07:47:04,"[249.0, 36]","[248.0, 18]","[294.24, 17]","[487.33, 18]",271.62,89,45.24,0.21
07:47:05,"[249.56, 36]","[248.5, 16]","[334.0, 14]","[358.14, 14]",291.78,80,84.44,0.3
07:47:06,"[250.0, 140]","[249.0, 56]","[343.42, 36]","[368.15, 26]",296.71,258,93.42,0.52
07:47:07,"[256.96, 76]","[254.24, 34]","[356.0, 27]","[435.33, 18]",306.48,155,99.04,0.42
07:47:08,"[257.0, 72]","[256.0, 24]","[344.38, 16]","[360.2, 20]",300.69,132,87.38,0.45
07:47:09,"[257.0, 104]","[256.0, 36]","[341.0, 22]","[382.97, 32]",299.0,194,84.0,0.44
07:47:10,"[257.15, 82]","[256.58, 72]","[333.32, 47]","[369.44, 50]",295.23,251,76.17,0.23
07:47:11,"[258.0, 28]","[257.0, 98]","[318.52, 52]","[320.5, 60]",288.26,238,60.52,0.06
07:47:12,"[258.0, 20]","[257.0, 70]","[311.17, 46]","[315.75, 20]",284.59,156,53.17,0.15
07:47:13,"[257.12, 67]","[256.51, 55]","[305.31, 45]","[307.98, 59]",281.22,226,48.19,0.08
07:47:14,"[257.0, 36]","[256.0, 36]","[303.11, 38]","[305.84, 58]",280.05,168,46.11,-0.14
07:47:15,"[257.0, 42]","[256.0, 42]","[301.08, 60]","[302.06, 52]",279.04,196,44.08,-0.14
07:47:16,"[257.0, 27]","[256.0, 27]","[299.85, 41]","[300.68, 31]",278.43,126,42.85,-0.14
07:47:17,"[257.0, 27]","[256.0, 27]","[298.23, 39]","[299.45, 33]",277.62,126,41.23,-0.14
07:47:18,"[256.84, 25]","[255.68, 25]","[297.89, 45]","[299.0, 27]",277.36,122,41.05,-0.18
07:47:19,"[256.0, 30]","[254.0, 30]","[293.65, 65]","[295.91, 55]",274.82,180,37.65,-0.33
07:47:20,"[256.0, 22]","[254.0, 22]","[290.82, 55]","[295.0, 33]",273.41,132,34.82,-0.33
07:47:21,"[256.0, 28]","[254.0, 28]","[286.9, 42]","[289.66, 58]",271.45,156,30.9,-0.28
07:47:22,"[256.0, 30]","[254.0, 30]","[260.05, 62]","[271.64, 42]",258.02,164,4.05,-0.27
07:47:23,"[252.0, 133]","[250.7, 60]","[255.11, 57]","[255.53, 58]",253.55,308,3.11,0.25
07:47:24,"[250.96, 53]","[250.12, 50]","[253.66, 41]","[285.31, 48]",252.31,192,2.7,0.07
07:47:25,"[249.43, 14]","[249.71, 14]","[253.5, 24]","[372.57, 14]",251.46,66,4.07,-0.15
07:47:26,"[249.0, 90]","[248.0, 15]","[252.86, 42]","[279.56, 32]",250.93,179,3.86,0.17
07:47:27,"[249.0, 28]","[248.0, 14]","[251.33, 36]","[252.53, 34]",250.17,112,2.33,-0.25
07:47:28,"[248.6, 20]","[246.96, 27]","[250.44, 27]","[293.68, 19]",249.52,93,1.84,0.01
07:47:29,"[247.05, 42]","[245.33, 18]","[249.92, 36]","[311.84, 25]",248.48,121,2.87,-0.01
07:47:30,"[243.77, 13]","[183.25, 110]","[248.95, 38]","[465.82, 28]",246.36,189,5.18,0.3
07:47:31,"[243.0, 10]","[146.0, 20]","[464.71, 24]","[588.5, 22]",353.85,76,221.71,-0.21
07:47:32,"[239.83, 12]","[183.12, 17]","[256.1, 20]","[389.12, 17]",247.97,66,16.27,-0.12
07:47:33,"[234.08, 24]","[233.0, 12]","[240.48, 29]","[243.75, 24]",237.28,89,6.4,-0.19
07:47:34,"[237.0, 24]","[193.08, 48]","[241.0, 24]","[243.0, 24]",239.0,120,4.0,0.2
07:47:35,"[239.12, 16]","[193.5, 80]","[241.0, 16]","[242.0, 16]",240.06,128,1.88,0.5
07:47:36,"[235.87, 15]","[176.14, 35]","[241.13, 15]","[242.25, 16]",238.5,81,5.27,0.23
07:47:37,"[174.9, 10]","[142.19, 37]","[242.67, 15]","[245.0, 15]",208.78,77,67.77,0.22
07:47:38,"[189.29, 7]","[178.71, 7]","[376.0, 7]","[392.0, 35]",282.64,56,186.71,-0.5
07:47:39,"[243.0, 45]","[226.0, 12]","[375.12, 16]","[423.84, 37]",309.06,110,132.12,0.04
07:47:40,"[245.25, 20]","[243.05, 42]","[370.0, 32]","[421.67, 48]",307.62,142,124.75,-0.13
07:47:41,"[243.35, 17]","[242.24, 21]","[374.24, 17]","[435.03, 29]",308.79,84,130.88,-0.1
07:47:42,"[243.0, 36]","[203.0, 10]","[372.4, 20]","[374.0, 10]",307.7,76,129.4,0.21
07:47:43,"[243.52, 50]","[137.86, 28]","[323.11, 35]","[358.38, 21]",283.32,134,79.59,0.16
07:47:44,"[246.6, 25]","[164.6, 25]","[301.88, 16]","[302.88, 16]",274.24,82,55.28,0.22
07:47:45,"[252.97, 62]","[251.0, 27]","[282.92, 25]","[289.34, 35]",267.94,149,29.95,0.19
07:47:46,"[253.07, 75]","[252.0, 30]","[275.38, 26]","[288.11, 19]",264.23,150,22.32,0.4
07:47:47,"[254.85, 20]","[252.0, 24]","[272.17, 24]","[278.0, 12]",263.51,80,17.32,0.1
07:47:48,"[254.6, 10]","[251.44, 18]","[271.0, 20]","[278.0, 10]",262.8,58,16.4,-0.03
07:47:49,"[250.0, 20]","[249.0, 12]","[256.58, 31]","[307.93, 30]",253.29,93,6.58,-0.31
07:47:50,"[236.15, 20]","[207.0, 11]","[319.5, 20]","[365.16, 19]",277.82,70,83.35,-0.11
07:47:51,"[247.31, 96]","[236.73, 67]","[304.36, 39]","[331.56, 45]",275.84,247,57.05,0.32
07:47:52,"[247.86, 22]","[245.93, 60]","[276.6, 20]","[279.0, 40]",262.23,142,28.74,0.15
07:47:53,"[253.42, 43]","[252.0, 20]","[276.0, 16]","[279.0, 32]",264.71,111,22.58,0.14
07:47:54,"[254.0, 22]","[252.14, 35]","[276.0, 14]","[279.0, 28]",265.0,99,22.0,0.15
07:47:55,"[254.21, 33]","[252.89, 36]","[274.31, 26]","[332.16, 45]",264.26,140,20.1,-0.01
07:47:56,"[254.0, 72]","[249.0, 72]","[273.85, 26]","[424.05, 42]",263.92,212,19.85,0.36
07:47:57,"[254.0, 55]","[249.0, 70]","[271.22, 27]","[272.46, 26]",262.61,178,17.22,0.4
07:47:58,"[254.0, 10]","[249.0, 70]","[269.44, 27]","[270.83, 23]",261.72,130,15.44,0.23
07:47:59,"[256.0, 72]","[254.0, 16]","[267.21, 33]","[268.91, 47]",261.61,168,11.21,0.05
07:48:00,"[256.0, 40]","[254.0, 10]","[265.89, 57]","[266.37, 38]",260.95,145,9.89,-0.31
07:48:01,"[256.0, 72]","[254.0, 18]","[262.61, 62]","[263.82, 45]",259.31,197,6.61,-0.09
07:48:02,"[256.0, 52]","[254.0, 13]","[261.54, 52]","[263.0, 26]",258.77,143,5.54,-0.09
07:48:03,"[255.76, 50]","[252.24, 17]","[258.49, 55]","[259.42, 53]",257.13,175,2.73,-0.23
07:48:04,"[250.06, 93]","[248.84, 87]","[255.03, 62]","[256.91, 46]",252.55,288,4.97,0.25
07:48:05,"[250.35, 86]","[248.55, 89]","[253.3, 43]","[254.02, 61]",251.83,279,2.95,0.25
07:48:06,"[244.49, 61]","[242.17, 87]","[253.69, 39]","[297.0, 52]",249.09,239,9.2,0.24
07:48:07,"[244.38, 52]","[242.08, 76]","[251.83, 36]","[298.64, 45]",248.11,209,7.45,0.22
07:48:08,"[243.0, 70]","[240.0, 98]","[251.0, 26]","[266.79, 56]",247.0,250,8.0,0.34
07:48:09,"[244.3, 20]","[240.43, 49]","[251.0, 13]","[333.78, 37]",247.65,119,6.7,0.16
07:48:10,"[242.53, 62]","[218.17, 86]","[257.6, 52]","[340.56, 64]",250.06,264,15.06,0.12
07:48:11,"[243.89, 53]","[167.63, 87]","[246.78, 18]","[341.17, 24]",245.33,182,2.89,0.54
07:48:12,"[245.27, 153]","[223.36, 55]","[247.0, 36]","[360.0, 45]",246.13,289,1.73,0.44
07:48:13,"[240.18, 77]","[228.62, 65]","[247.0, 47]","[300.12, 41]",243.59,230,6.82,0.23
07:48:14,"[240.0, 40]","[204.62, 80]","[241.0, 8]","[247.0, 24]",240.5,152,1.0,0.58
07:48:15,"[240.0, 55]","[179.91, 275]","[241.0, 11]","[244.55, 49]",240.5,390,1.0,0.69
07:48:16,"[240.0, 25]","[155.67, 105]","[241.0, 5]","[244.0, 25]",240.5,160,1.0,0.62
07:48:17,"[240.0, 45]","[188.42, 97]","[241.0, 9]","[244.0, 45]",240.5,196,1.0,0.45
07:48:18,"[240.0, 65]","[173.97, 61]","[241.0, 13]","[244.0, 65]",240.5,204,1.0,0.24
07:48:19,"[240.0, 45]","[188.85, 41]","[241.0, 9]","[244.0, 45]",240.5,140,1.0,0.23
07:48:20,"[240.0, 53]","[214.15, 52]","[243.07, 29]","[244.89, 81]",241.53,215,3.07,-0.02
07:48:21,"[240.0, 8]","[230.0, 32]","[261.5, 34]","[251.59, 66]",250.75,140,21.5,-0.43
07:48:22,"[241.43, 7]","[237.6, 10]","[366.6, 25]","[376.5, 16]",304.01,58,125.17,-0.41
07:48:23,"[251.25, 24]","[240.69, 13]","[286.68, 31]","[368.7, 37]",268.96,105,35.43,-0.3
07:48:24,"[252.0, 35]","[240.0, 13]","[253.0, 26]","[419.83, 59]",252.5,133,1.0,-0.28
07:48:25,"[240.0, 10]","[115.44, 25]","[252.2, 20]","[337.02, 45]",246.1,100,12.2,-0.3
07:48:26,"[240.0, 11]","[222.91, 44]","[245.0, 22]","[252.91, 22]",242.5,99,5.0,0.11
07:48:27,"[240.0, 9]","[233.0, 48]","[245.0, 18]","[252.0, 18]",242.5,93,5.0,0.23
07:48:28,"[240.0, 7]","[233.0, 28]","[245.0, 14]","[252.0, 14]",242.5,63,5.0,0.11
07:48:29,"[240.0, 5]","[233.0, 20]","[245.0, 10]","[252.0, 10]",242.5,45,5.0,0.11
07:48:30,"[240.0, 8]","[234.25, 32]","[245.0, 16]","[252.0, 16]",242.5,72,5.0,0.11
07:48:31,"[240.13, 15]","[233.13, 53]","[247.45, 31]","[335.61, 36]",243.79,135,7.32,0.01
07:48:32,"[242.91, 23]","[241.77, 13]","[248.0, 36]","[253.67, 24]",245.46,96,5.09,-0.25
07:48:33,"[244.0, 18]","[243.0, 9]","[253.05, 19]","[384.89, 19]",248.53,65,9.05,-0.17
07:48:34,"[244.45, 22]","[243.53, 15]","[253.29, 21]","[397.97, 29]",248.87,87,8.83,-0.15
07:48:35,"[241.95, 40]","[161.91, 33]","[251.38, 24]","[375.97, 35]",246.66,132,9.43,0.11
07:48:36,"[241.29, 28]","[222.23, 30]","[391.86, 35]","[441.19, 21]",316.57,114,150.57,0.02
07:48:37,"[253.31, 59]","[245.95, 38]","[345.38, 40]","[381.12, 41]",299.34,178,92.07,0.09
07:48:38,"[257.0, 30]","[253.0, 33]","[398.31, 13]","[416.5, 8]",327.65,84,141.31,0.5
07:48:39,"[257.0, 90]","[253.0, 99]","[383.86, 42]","[408.4, 20]",320.43,251,126.86,0.51
07:48:40,"[257.0, 80]","[253.0, 88]","[370.0, 8]","[371.0, 40]",313.5,216,113.0,0.56
07:48:41,"[257.0, 130]","[253.0, 143]","[368.54, 13]","[371.0, 65]",312.77,351,111.54,0.56
07:48:42,"[257.0, 154]","[253.0, 121]","[366.55, 11]","[604.59, 37]",311.77,323,109.55,0.7
07:48:43,"[257.0, 152]","[253.0, 217]","[365.73, 15]","[604.38, 63]",311.37,447,108.73,0.65
07:48:44,"[257.0, 72]","[253.0, 240]","[345.85, 13]","[355.15, 13]",301.42,338,88.85,0.85
07:48:45,"[257.0, 47]","[253.0, 240]","[259.95, 44]","[260.42, 24]",258.48,355,2.95,0.62
07:48:46,"[253.52, 69]","[252.98, 183]","[258.14, 28]","[259.88, 40]",255.83,320,4.62,0.57
07:48:47,"[253.0, 148]","[252.0, 8]","[256.88, 26]","[258.26, 38]",254.94,220,3.88,0.42
07:48:48,"[253.22, 92]","[252.95, 77]","[256.0, 24]","[257.0, 40]",254.61,233,2.78,0.45
07:48:49,"[253.57, 54]","[252.87, 113]","[255.4, 30]","[256.7, 56]",254.49,253,1.83,0.32
07:48:50,"[253.0, 71]","[251.87, 93]","[254.0, 39]","[257.0, 65]",253.5,268,1.0,0.22
07:48:51,"[252.21, 63]","[250.84, 38]","[253.36, 42]","[326.48, 46]",252.78,189,1.15,0.07
