Time,Bid1,Bid2,Ask1,Ask2,Mid-Price,Total_volume,Bid_ask_spread,Order_imbalance
07:30:00,"[0, 0]","[0, 0]","[0, 0]","[0, 0]",0.0,0,0.0,0.0
07:30:01,"[133.0, 1]","[0, 0]","[0, 0]","[0, 0]",66.5,1,-133.0,1.0
07:30:02,"[133.0, 1]","[0, 0]","[376.0, 2]","[0, 0]",254.5,3,243.0,-0.33
07:30:03,"[133.0, 4]","[122.0, 12]","[360.5, 8]","[0, 0]",246.75,24,227.5,0.33
07:30:04,"[133.67, 6]","[123.22, 9]","[151.4, 10]","[165.0, 4]",142.53,29,17.73,0.03
07:30:05,"[146.0, 12]","[134.0, 24]","[147.62, 26]","[320.0, 16]",146.81,78,1.62,-0.08
07:30:06,"[146.0, 5]","[135.0, 5]","[147.33, 9]","[233.15, 13]",146.67,32,1.33,-0.38
07:30:07,"[146.0, 2]","[135.0, 2]","[148.0, 2]","[404.67, 3]",147.0,9,2.0,-0.11
07:30:08,"[146.0, 2]","[135.0, 2]","[147.0, 8]","[149.0, 2]",146.5,14,1.0,-0.43
07:30:09,"[135.0, 5]","[0, 0]","[142.0, 20]","[146.57, 14]",138.5,39,7.0,-0.74
07:30:10,"[135.9, 20]","[135.0, 3]","[138.2, 20]","[140.4, 20]",137.05,63,2.3,-0.27
07:30:11,"[136.0, 36]","[135.0, 6]","[138.95, 21]","[161.22, 9]",137.48,72,2.95,0.17
07:30:12,"[139.39, 36]","[136.55, 44]","[272.9, 10]","[553.15, 13]",206.14,103,133.51,0.55
07:30:13,"[144.87, 63]","[140.25, 24]","[219.13, 15]","[449.67, 12]",182.0,114,74.26,0.53
07:30:14,"[149.0, 70]","[142.24, 25]","[167.8, 10]","[246.54, 13]",158.4,118,18.8,0.61
07:30:15,"[149.0, 168]","[148.0, 12]","[163.2, 40]","[164.5, 32]",156.1,252,14.2,0.43
07:30:16,"[149.0, 112]","[148.0, 8]","[163.0, 32]","[164.0, 16]",156.0,168,14.0,0.43
07:30:17,"[149.0, 100]","[148.0, 10]","[162.67, 30]","[163.33, 30]",155.83,170,13.67,0.29
07:30:18,"[149.0, 90]","[148.0, 9]","[161.0, 26]","[163.13, 30]",155.0,155,12.0,0.28
07:30:19,"[149.0, 120]","[148.0, 12]","[159.48, 46]","[160.21, 28]",154.24,206,10.48,0.28
07:30:20,"[149.0, 149]","[148.0, 16]","[155.69, 48]","[156.69, 52]",152.34,265,6.69,0.25
07:30:21,"[149.0, 72]","[148.0, 10]","[153.0, 20]","[155.0, 42]",151.0,144,4.0,0.14
07:30:22,"[149.0, 48]","[148.0, 12]","[152.32, 31]","[154.43, 49]",150.66,140,3.32,-0.14
07:30:23,"[149.0, 16]","[148.0, 8]","[151.0, 24]","[153.0, 16]",150.0,64,2.0,-0.25
07:30:24,"[149.0, 122]","[145.95, 44]","[151.72, 29]","[153.67, 30]",150.36,225,2.72,0.48
07:30:25,"[149.0, 114]","[148.0, 48]","[151.0, 24]","[152.0, 12]",150.0,198,2.0,0.64
07:30:26,"[149.0, 48]","[148.0, 64]","[151.65, 20]","[154.53, 47]",150.32,179,2.65,0.25
07:30:27,"[149.0, 24]","[148.0, 48]","[152.0, 12]","[154.0, 48]",150.5,132,3.0,0.09
07:30:28,"[148.05, 38]","[145.24, 49]","[152.75, 32]","[163.41, 34]",150.4,153,4.7,0.14
07:30:29,"[148.0, 51]","[144.94, 64]","[151.72, 46]","[157.86, 72]",149.86,233,3.72,-0.01
07:30:30,"[148.0, 18]","[144.0, 12]","[151.5, 18]","[152.78, 36]",149.75,84,3.5,-0.29
07:30:31,"[148.0, 33]","[144.91, 22]","[150.27, 33]","[152.0, 44]",149.14,132,2.27,-0.17
07:30:32,"[147.17, 29]","[144.64, 22]","[150.54, 37]","[152.3, 40]",148.86,128,3.37,-0.2
07:30:33,"[148.36, 22]","[145.75, 24]","[152.0, 48]","[153.0, 36]",150.18,130,3.64,-0.29
07:30:34,"[149.0, 8]","[146.0, 16]","[152.0, 32]","[153.0, 24]",150.5,80,3.0,-0.4
07:30:35,"[149.0, 11]","[146.1, 21]","[152.0, 44]","[153.0, 33]",150.5,109,3.0,-0.41
07:30:36,"[149.0, 5]","[146.0, 10]","[152.0, 20]","[153.0, 15]",150.5,50,3.0,-0.4
07:30:37,"[149.0, 8]","[146.0, 16]","[152.0, 32]","[153.0, 24]",150.5,80,3.0,-0.4
07:30:38,"[149.0, 6]","[146.0, 12]","[152.0, 24]","[153.0, 18]",150.5,60,3.0,-0.4
07:30:39,"[149.0, 12]","[146.0, 24]","[152.51, 41]","[271.73, 30]",150.76,107,3.51,-0.33
07:30:40,"[149.0, 5]","[146.0, 10]","[152.0, 20]","[154.0, 15]",150.5,50,3.0,-0.4
07:30:41,"[149.0, 11]","[146.86, 28]","[151.12, 34]","[152.7, 43]",150.06,116,2.12,-0.33
07:30:42,"[149.0, 11]","[148.0, 44]","[150.55, 33]","[153.0, 62]",149.77,150,1.55,-0.27
07:30:43,"[147.9, 31]","[146.58, 24]","[152.26, 34]","[189.58, 57]",150.08,146,4.36,-0.25
07:30:44,"[146.0, 42]","[145.0, 14]","[151.0, 14]","[153.0, 37]",148.5,107,5.0,0.05
07:30:45,"[146.0, 32]","[144.93, 28]","[150.72, 25]","[153.6, 45]",148.36,130,4.72,-0.08
07:30:46,"[146.0, 12]","[145.0, 18]","[149.0, 12]","[150.0, 18]",147.5,60,3.0,0.0
07:30:47,"[146.0, 18]","[145.0, 27]","[147.78, 18]","[150.0, 27]",146.89,90,1.78,0.0
07:30:48,"[145.0, 18]","[144.0, 10]","[150.0, 30]","[153.8, 10]",147.5,68,5.0,-0.18
07:30:49,"[145.0, 15]","[143.68, 19]","[149.93, 45]","[152.0, 15]",147.47,94,4.93,-0.28
07:30:50,"[145.0, 18]","[143.0, 54]","[148.82, 40]","[150.03, 32]",146.91,144,3.82,0.0
07:30:51,"[145.0, 11]","[143.0, 33]","[148.0, 11]","[149.0, 33]",146.5,88,3.0,0.0
07:30:52,"[145.97, 69]","[144.25, 16]","[147.67, 12]","[149.06, 34]",146.82,131,1.7,0.3
07:30:53,"[146.0, 56]","[145.0, 14]","[147.0, 14]","[151.0, 14]",146.5,98,1.0,0.43
07:30:54,"[144.7, 10]","[143.88, 24]","[146.25, 20]","[149.5, 8]",145.47,62,1.55,0.1
07:30:55,"[144.23, 43]","[143.37, 41]","[145.77, 47]","[147.25, 16]",145.0,147,1.53,0.14
07:30:56,"[143.71, 14]","[142.71, 14]","[145.22, 18]","[149.0, 8]",144.47,54,1.51,0.04
07:30:57,"[143.0, 18]","[141.0, 12]","[145.0, 27]","[151.0, 18]",144.0,75,2.0,-0.2
07:30:58,"[143.0, 22]","[141.0, 13]","[149.5, 24]","[260.6, 25]",146.25,84,6.5,-0.17
07:30:59,"[134.0, 19]","[129.94, 17]","[151.0, 18]","[226.22, 45]",142.5,99,17.0,-0.27
07:31:00,"[142.83, 90]","[141.0, 84]","[151.0, 38]","[183.42, 95]",146.92,307,8.17,0.13
07:31:01,"[143.0, 22]","[141.0, 66]","[151.0, 22]","[231.46, 39]",147.0,149,8.0,0.18
07:31:02,"[143.0, 24]","[141.0, 72]","[147.15, 39]","[180.25, 16]",145.08,151,4.15,0.27
07:31:03,"[143.0, 20]","[141.0, 60]","[145.0, 50]","[150.0, 20]",144.0,150,2.0,0.07
07:31:04,"[143.0, 30]","[141.0, 90]","[145.0, 75]","[150.0, 33]",144.0,228,2.0,0.05
07:31:05,"[141.34, 35]","[139.4, 30]","[145.0, 45]","[150.0, 54]",143.17,164,3.66,-0.21
07:31:06,"[141.0, 31]","[136.14, 14]","[144.65, 23]","[147.37, 38]",142.83,106,3.65,-0.15
07:31:07,"[141.0, 90]","[136.0, 18]","[144.22, 36]","[147.14, 29]",142.61,173,3.22,0.25
07:31:08,"[143.12, 49]","[141.1, 201]","[148.0, 15]","[150.0, 75]",145.56,340,4.88,0.47
07:31:09,"[146.0, 20]","[144.0, 20]","[148.83, 18]","[153.73, 44]",147.42,102,2.83,-0.22
07:31:10,"[146.0, 16]","[141.76, 55]","[148.11, 44]","[171.91, 22]",147.06,137,2.11,0.04
07:31:11,"[146.64, 28]","[145.55, 33]","[147.89, 92]","[284.47, 34]",147.27,187,1.25,-0.35
07:31:12,"[145.14, 14]","[140.17, 87]","[147.0, 25]","[148.0, 25]",146.07,151,1.86,0.34
07:31:13,"[145.0, 21]","[140.0, 147]","[146.71, 35]","[148.71, 35]",145.86,238,1.71,0.41
07:31:14,"[142.5, 38]","[139.93, 191]","[147.58, 38]","[206.33, 33]",145.04,300,5.08,0.53
07:31:15,"[140.0, 171]","[137.35, 43]","[148.0, 45]","[362.0, 16]",144.0,275,8.0,0.56
07:31:16,"[140.0, 239]","[138.0, 39]","[146.62, 32]","[148.0, 65]",143.31,375,6.62,0.48
07:31:17,"[140.0, 120]","[138.0, 24]","[146.0, 16]","[147.0, 40]",143.0,200,6.0,0.44
07:31:18,"[140.0, 45]","[138.0, 9]","[146.0, 6]","[147.0, 15]",143.0,75,6.0,0.44
07:31:19,"[140.0, 105]","[138.0, 21]","[144.29, 28]","[146.0, 39]",142.14,193,4.29,0.31
07:31:20,"[140.0, 129]","[138.0, 27]","[142.67, 30]","[145.28, 50]",141.33,236,2.67,0.32
07:31:21,"[140.0, 154]","[138.0, 33]","[143.71, 49]","[189.5, 40]",141.86,276,3.71,0.36
07:31:22,"[141.57, 122]","[140.66, 164]","[146.0, 75]","[311.19, 27]",143.79,388,4.43,0.47
07:31:23,"[143.79, 58]","[142.4, 50]","[145.83, 24]","[236.0, 26]",144.81,158,2.04,0.37
07:31:24,"[144.0, 48]","[143.0, 32]","[146.41, 32]","[185.27, 22]",145.2,134,2.41,0.19
07:31:25,"[144.0, 36]","[143.0, 24]","[147.0, 30]","[361.5, 8]",145.5,98,3.0,0.22
07:31:26,"[144.0, 54]","[143.0, 36]","[147.0, 45]","[356.89, 37]",145.5,172,3.0,0.05
07:31:27,"[144.0, 42]","[143.0, 28]","[147.0, 35]","[299.0, 15]",145.5,120,3.0,0.17
07:31:28,"[144.0, 38]","[143.0, 36]","[147.0, 45]","[358.5, 16]",145.5,135,3.0,0.1
07:31:29,"[144.0, 52]","[143.0, 44]","[278.48, 23]","[446.14, 28]",211.24,147,134.48,0.31
07:31:30,"[144.0, 36]","[143.0, 36]","[310.64, 11]","[476.57, 30]",227.32,113,166.64,0.27
07:31:31,"[144.0, 34]","[143.0, 36]","[146.44, 9]","[269.36, 11]",145.22,90,2.44,0.56
07:31:32,"[144.0, 18]","[143.0, 24]","[145.61, 18]","[333.67, 12]",144.81,72,1.61,0.17
07:31:33,"[143.5, 24]","[141.94, 34]","[145.0, 33]","[147.0, 7]",144.25,98,1.5,0.18
07:31:34,"[143.2, 35]","[141.8, 70]","[145.62, 32]","[296.0, 30]",144.41,167,2.43,0.26
07:31:35,"[144.0, 10]","[143.0, 40]","[307.03, 34]","[376.12, 32]",225.51,116,163.03,-0.14
07:31:36,"[148.05, 41]","[144.0, 26]","[291.17, 30]","[320.97, 34]",219.61,131,143.12,0.02
07:31:37,"[149.0, 96]","[145.0, 36]","[317.56, 36]","[318.17, 48]",233.28,216,168.56,0.22
07:31:38,"[149.0, 90]","[145.0, 36]","[298.27, 30]","[317.93, 54]",223.63,210,149.27,0.2
07:31:39,"[149.0, 60]","[145.0, 36]","[268.55, 33]","[317.88, 49]",208.77,178,119.55,0.08
07:31:40,"[148.3, 43]","[144.89, 35]","[299.38, 32]","[319.44, 43]",223.84,153,151.07,0.02
07:31:41,"[146.05, 57]","[144.96, 23]","[185.55, 33]","[268.94, 34]",165.8,147,39.49,0.09
07:31:42,"[147.0, 64]","[145.0, 32]","[156.28, 36]","[201.1, 60]",151.64,192,9.28,0.0
07:31:43,"[146.86, 42]","[145.2, 25]","[154.53, 30]","[353.95, 44]",150.7,141,7.68,-0.05
07:31:44,"[146.74, 19]","[145.41, 17]","[155.0, 24]","[239.0, 48]",150.87,108,8.26,-0.33
07:31:45,"[147.0, 20]","[146.0, 90]","[154.1, 20]","[283.29, 42]",150.55,172,7.1,0.28
07:31:46,"[148.33, 24]","[145.8, 60]","[153.0, 24]","[255.0, 60]",150.67,168,4.67,0.0
07:31:47,"[149.0, 46]","[145.0, 33]","[271.59, 39]","[383.34, 47]",210.29,165,122.59,-0.04
07:31:48,"[149.0, 62]","[145.0, 30]","[190.4, 50]","[295.26, 42]",169.7,184,41.4,0.0
07:31:49,"[149.0, 43]","[145.0, 33]","[162.0, 55]","[163.0, 55]",155.5,186,13.0,-0.18
07:31:50,"[147.57, 28]","[144.84, 32]","[161.29, 70]","[167.14, 70]",154.43,200,13.71,-0.4
07:31:51,"[145.0, 22]","[144.0, 11]","[158.18, 55]","[160.18, 55]",151.59,143,13.18,-0.54
07:31:52,"[145.0, 34]","[144.0, 17]","[156.06, 85]","[159.76, 85]",150.53,221,11.06,-0.54
07:31:53,"[145.0, 18]","[144.0, 9]","[154.78, 45]","[156.0, 45]",149.89,117,9.78,-0.54
07:31:54,"[145.0, 32]","[143.97, 70]","[152.69, 65]","[153.92, 65]",148.85,232,7.69,-0.12
07:31:55,"[145.0, 52]","[144.0, 104]","[149.67, 58]","[151.21, 61]",147.34,275,4.67,0.13
07:31:56,"[144.38, 29]","[143.79, 43]","[146.23, 65]","[147.64, 70]",145.31,207,1.85,-0.3
07:31:57,"[142.17, 41]","[140.97, 59]","[145.17, 60]","[148.0, 60]",143.67,220,3.0,-0.09
07:31:58,"[141.0, 129]","[140.0, 96]","[142.67, 60]","[194.22, 58]",141.83,343,1.67,0.31
07:31:59,"[140.8, 82]","[139.96, 100]","[187.0, 48]","[437.57, 46]",163.9,276,46.2,0.32
07:32:00,"[140.8, 30]","[139.57, 14]","[146.0, 12]","[394.0, 8]",143.4,64,5.2,0.38
07:32:01,"[140.36, 112]","[139.3, 40]","[143.33, 18]","[170.28, 40]",141.85,210,2.98,0.45
07:32:02,"[141.09, 44]","[139.85, 26]","[223.27, 30]","[341.79, 14]",182.18,114,82.18,0.23
07:32:03,"[142.91, 22]","[141.0, 88]","[393.22, 36]","[396.22, 18]",268.07,164,250.31,0.34
07:32:04,"[144.93, 28]","[141.0, 112]","[393.0, 56]","[394.0, 28]",268.96,224,248.07,0.25
07:32:05,"[147.83, 24]","[141.0, 96]","[393.0, 48]","[465.58, 24]",270.42,192,245.17,0.25
07:32:06,"[148.0, 22]","[141.0, 88]","[310.8, 20]","[367.36, 39]",229.4,169,162.8,0.3
07:32:07,"[148.91, 22]","[141.34, 70]","[304.69, 26]","[395.74, 35]",226.8,153,155.78,0.2
07:32:08,"[148.3, 20]","[145.9, 20]","[330.62, 42]","[357.73, 48]",239.46,130,182.32,-0.38
07:32:09,"[149.0, 14]","[148.0, 14]","[244.4, 10]","[286.13, 31]",196.7,69,95.4,-0.19
07:32:10,"[146.86, 28]","[144.5, 32]","[242.0, 50]","[305.0, 40]",194.43,150,95.14,-0.2
07:32:11,"[142.86, 58]","[140.74, 70]","[305.0, 44]","[478.0, 15]",223.93,187,162.14,0.37
07:32:12,"[142.0, 9]","[141.0, 88]","[305.0, 36]","[343.0, 9]",223.5,142,163.0,0.37
07:32:13,"[141.2, 84]","[139.88, 48]","[223.56, 41]","[293.18, 40]",182.38,213,82.36,0.24
07:32:14,"[141.06, 86]","[139.0, 27]","[165.3, 40]","[346.24, 34]",153.18,187,24.24,0.21
07:32:15,"[143.65, 51]","[141.45, 89]","[163.44, 43]","[173.67, 48]",153.54,231,19.79,0.21
07:32:16,"[145.26, 47]","[143.89, 54]","[161.11, 27]","[162.0, 33]",153.18,161,15.86,0.25
07:32:17,"[145.0, 77]","[143.0, 55]","[158.62, 32]","[159.7, 40]",151.81,204,13.62,0.29
07:32:18,"[145.0, 105]","[143.0, 75]","[157.78, 45]","[158.88, 57]",151.39,282,12.78,0.28
07:32:19,"[145.0, 77]","[143.0, 55]","[153.36, 28]","[155.68, 38]",149.18,198,8.36,0.33
07:32:20,"[145.0, 64]","[142.43, 70]","[151.5, 32]","[152.4, 40]",148.25,206,6.5,0.3
07:32:21,"[143.54, 37]","[141.81, 134]","[147.18, 45]","[148.3, 53]",145.36,269,3.64,0.27
07:32:22,"[141.04, 92]","[138.92, 65]","[143.83, 24]","[144.95, 42]",142.44,223,2.79,0.41
07:32:23,"[141.0, 100]","[138.0, 50]","[143.54, 26]","[144.82, 34]",142.27,210,2.54,0.43
07:32:24,"[141.0, 89]","[138.0, 45]","[142.8, 30]","[143.5, 24]",141.9,188,1.8,0.43
07:32:25,"[141.0, 41]","[138.0, 35]","[142.0, 8]","[255.33, 24]",141.5,108,1.0,0.41
07:32:26,"[141.0, 26]","[138.0, 52]","[153.61, 46]","[303.67, 15]",147.3,139,12.61,0.12
07:32:27,"[143.32, 56]","[138.13, 69]","[148.0, 55]","[393.26, 43]",145.66,223,4.68,0.12
07:32:28,"[146.0, 282]","[142.0, 11]","[148.0, 51]","[445.33, 45]",147.0,389,2.0,0.51
07:32:29,"[146.0, 298]","[144.76, 49]","[147.47, 19]","[241.02, 43]",146.74,409,1.47,0.7
07:32:30,"[146.02, 107]","[145.63, 67]","[148.0, 20]","[227.72, 29]",147.01,223,1.98,0.56
07:32:31,"[146.0, 208]","[145.0, 50]","[148.0, 20]","[297.2, 50]",147.0,328,2.0,0.57
07:32:32,"[146.0, 200]","[145.0, 50]","[147.78, 23]","[273.32, 47]",146.89,320,1.78,0.56
07:32:33,"[146.0, 185]","[145.0, 45]","[147.0, 45]","[148.0, 18]",146.5,293,1.0,0.57
07:32:34,"[146.0, 148]","[145.0, 45]","[147.0, 45]","[148.0, 18]",146.5,256,1.0,0.51
07:32:35,"[146.0, 124]","[145.0, 40]","[147.0, 40]","[148.0, 16]",146.5,220,1.0,0.49
07:32:36,"[146.0, 96]","[145.0, 40]","[147.0, 40]","[148.0, 16]",146.5,192,1.0,0.42
07:32:37,"[146.0, 36]","[145.0, 15]","[147.0, 15]","[148.0, 6]",146.5,72,1.0,0.42
07:32:38,"[146.0, 70]","[145.0, 30]","[147.0, 26]","[148.0, 12]",146.5,138,1.0,0.45
07:32:39,"[146.0, 88]","[145.0, 40]","[147.0, 32]","[148.0, 16]",146.5,176,1.0,0.45
07:32:40,"[146.0, 84]","[145.0, 40]","[147.0, 32]","[148.0, 16]",146.5,172,1.0,0.44
07:32:41,"[146.0, 42]","[145.0, 30]","[147.0, 20]","[279.33, 12]",146.5,104,1.0,0.38
07:32:42,"[146.56, 43]","[145.49, 72]","[428.11, 38]","[517.29, 28]",287.33,181,281.55,0.27
07:32:43,"[146.0, 91]","[144.17, 60]","[356.74, 53]","[491.47, 43]",251.37,247,210.74,0.22
07:32:44,"[146.0, 53]","[144.04, 69]","[148.0, 27]","[239.0, 9]",147.0,158,2.0,0.54
07:32:45,"[146.0, 21]","[145.0, 7]","[148.0, 21]","[293.33, 9]",147.0,58,2.0,-0.03
07:32:46,"[145.76, 29]","[144.03, 79]","[148.0, 27]","[288.74, 19]",146.88,154,2.24,0.4
07:32:47,"[146.01, 68]","[145.61, 18]","[147.5, 24]","[305.32, 28]",146.76,138,1.49,0.25
07:32:48,"[146.0, 54]","[145.0, 10]","[147.2, 30]","[154.19, 27]",146.6,121,1.2,0.06
07:32:49,"[145.92, 13]","[144.67, 6]","[147.4, 15]","[156.08, 13]",146.66,47,1.48,-0.19
07:32:50,"[145.0, 5]","[144.0, 10]","[149.0, 15]","[249.33, 6]",147.0,36,4.0,-0.17
07:32:51,"[145.0, 8]","[144.0, 16]","[149.0, 24]","[358.0, 16]",147.0,64,4.0,-0.25
07:32:52,"[145.0, 5]","[144.0, 10]","[149.0, 15]","[260.8, 5]",147.0,35,4.0,-0.14
07:32:53,"[145.0, 5]","[144.0, 10]","[149.0, 15]","[292.29, 7]",147.0,37,4.0,-0.19
07:32:54,"[145.0, 3]","[144.0, 6]","[149.0, 9]","[387.6, 5]",147.0,23,4.0,-0.22
07:32:55,"[145.0, 10]","[144.0, 20]","[149.0, 30]","[454.6, 10]",147.0,70,4.0,-0.14
07:32:56,"[145.0, 8]","[144.0, 16]","[149.0, 24]","[330.5, 8]",147.0,56,4.0,-0.14
07:32:57,"[145.0, 8]","[144.0, 22]","[148.11, 27]","[190.43, 14]",146.56,71,3.11,-0.15
07:32:58,"[145.0, 4]","[144.0, 12]","[147.0, 16]","[149.0, 12]",146.0,44,2.0,-0.27
07:32:59,"[144.33, 12]","[143.13, 60]","[146.82, 28]","[148.2, 30]",145.58,130,2.49,0.11
07:33:00,"[143.0, 144]","[142.0, 27]","[147.0, 36]","[149.67, 27]",145.0,234,4.0,0.46
07:33:01,"[143.0, 160]","[142.0, 30]","[147.9, 40]","[150.0, 30]",145.45,260,4.9,0.46
07:33:02,"[143.12, 102]","[142.56, 41]","[148.0, 32]","[150.0, 24]",145.56,199,4.88,0.44
07:33:03,"[143.17, 70]","[142.32, 44]","[148.0, 48]","[150.0, 36]",145.59,198,4.83,0.15
07:33:04,"[143.0, 32]","[142.0, 24]","[147.77, 26]","[149.26, 27]",145.38,109,4.77,0.03
07:33:05,"[143.0, 74]","[141.1, 244]","[146.22, 23]","[155.66, 53]",144.61,394,3.22,0.61
07:33:06,"[148.0, 19]","[143.5, 24]","[149.36, 28]","[189.0, 20]",148.68,91,1.36,-0.05
07:33:07,"[148.0, 18]","[143.0, 27]","[150.0, 45]","[420.0, 15]",149.0,105,2.0,-0.14
07:33:08,"[144.5, 20]","[142.3, 30]","[150.0, 50]","[490.9, 30]",147.25,130,5.5,-0.23
07:33:09,"[143.8, 30]","[142.64, 25]","[150.0, 55]","[383.44, 27]",146.9,137,6.2,-0.2
07:33:10,"[143.0, 22]","[142.0, 33]","[150.0, 55]","[169.0, 11]",146.5,121,7.0,-0.09
07:33:11,"[145.71, 90]","[142.69, 59]","[149.07, 73]","[150.22, 86]",147.39,308,3.36,-0.03
07:33:12,"[146.0, 31]","[141.79, 39]","[147.57, 28]","[150.0, 35]",146.79,133,1.57,0.05
07:33:13,"[146.0, 14]","[142.12, 60]","[147.86, 58]","[158.15, 66]",146.93,198,1.86,-0.25
07:33:14,"[146.71, 14]","[143.6, 10]","[152.0, 30]","[228.0, 18]",149.36,72,5.29,-0.33
07:33:15,"[147.0, 45]","[146.0, 15]","[152.0, 45]","[234.96, 25]",149.5,130,5.0,-0.08
07:33:16,"[147.0, 35]","[146.0, 7]","[152.0, 35]","[689.14, 7]",149.5,84,5.0,0.0
07:33:17,"[148.5, 40]","[146.0, 8]","[152.0, 40]","[535.5, 8]",150.25,96,3.5,0.0
07:33:18,"[149.0, 50]","[146.0, 10]","[150.0, 10]","[152.0, 50]",149.5,120,1.0,0.0
07:33:19,"[145.71, 34]","[142.4, 20]","[150.0, 10]","[152.0, 50]",147.85,114,4.29,-0.05
07:33:20,"[144.0, 12]","[143.0, 6]","[150.0, 6]","[152.0, 30]",147.0,54,6.0,-0.33
07:33:21,"[144.0, 12]","[143.0, 6]","[150.0, 6]","[152.0, 30]",147.0,54,6.0,-0.33
07:33:22,"[141.75, 16]","[140.18, 34]","[150.0, 10]","[152.0, 50]",145.88,110,8.25,-0.09
07:33:23,"[141.0, 12]","[140.0, 48]","[150.0, 12]","[152.0, 60]",145.5,132,9.0,-0.09
07:33:24,"[145.75, 61]","[140.69, 39]","[150.0, 14]","[152.0, 70]",147.88,184,4.25,0.09
07:33:25,"[146.0, 35]","[141.0, 35]","[150.0, 7]","[152.0, 35]",148.0,112,4.0,0.25
07:33:26,"[146.0, 44]","[141.0, 50]","[150.0, 10]","[152.0, 50]",148.0,154,4.0,0.22
07:33:27,"[146.0, 32]","[141.0, 40]","[150.0, 8]","[152.0, 40]",148.0,120,4.0,0.2
07:33:28,"[146.0, 44]","[143.15, 65]","[150.0, 11]","[156.3, 53]",148.0,173,4.0,0.26
07:33:29,"[146.0, 20]","[145.0, 77]","[150.0, 11]","[223.52, 25]",148.0,133,4.0,0.46
07:33:30,"[147.0, 10]","[145.16, 45]","[150.0, 8]","[152.0, 40]",148.5,103,3.0,0.07
07:33:31,"[149.0, 22]","[148.0, 22]","[150.0, 11]","[152.0, 55]",149.5,110,1.0,-0.2
07:33:32,"[148.27, 22]","[146.86, 14]","[151.48, 27]","[157.38, 39]",149.88,102,3.21,-0.29
07:33:33,"[147.93, 29]","[145.67, 21]","[149.8, 45]","[151.74, 69]",148.87,164,1.87,-0.39
07:33:34,"[146.0, 13]","[145.0, 91]","[149.0, 39]","[150.0, 39]",147.5,182,3.0,0.14
07:33:35,"[145.09, 54]","[142.47, 95]","[148.77, 35]","[150.57, 35]",146.93,219,3.68,0.36
07:33:36,"[145.0, 59]","[141.0, 60]","[147.75, 24]","[150.53, 34]",146.38,177,2.75,0.34
07:33:37,"[145.62, 56]","[143.38, 68]","[150.5, 36]","[152.83, 60]",148.06,220,4.88,0.13
07:33:38,"[146.0, 28]","[145.0, 56]","[150.0, 21]","[152.0, 35]",148.0,140,4.0,0.2
07:33:39,"[145.68, 47]","[144.8, 49]","[150.0, 39]","[152.0, 65]",147.84,200,4.32,-0.04
07:33:40,"[145.25, 16]","[144.43, 14]","[150.0, 18]","[152.0, 30]",147.62,78,4.75,-0.23
07:33:41,"[144.0, 22]","[143.0, 55]","[150.0, 33]","[152.0, 55]",147.0,165,6.0,-0.07
07:33:42,"[146.22, 18]","[143.44, 36]","[150.0, 36]","[152.0, 60]",148.11,150,3.78,-0.28
07:33:43,"[148.0, 7]","[144.0, 14]","[150.0, 21]","[152.0, 35]",149.0,77,2.0,-0.45
07:33:44,"[148.0, 4]","[144.0, 8]","[150.0, 12]","[152.0, 20]",149.0,44,2.0,-0.45
07:33:45,"[143.0, 24]","[141.0, 8]","[150.0, 24]","[152.0, 40]",146.5,96,7.0,-0.33
07:33:46,"[143.0, 24]","[140.54, 13]","[150.0, 24]","[152.0, 40]",146.5,101,7.0,-0.27
07:33:47,"[141.1, 61]","[139.83, 72]","[148.65, 51]","[150.77, 61]",144.87,245,7.55,0.09
07:33:48,"[141.93, 15]","[140.0, 55]","[147.0, 45]","[149.0, 45]",144.47,160,5.07,-0.12
07:33:49,"[142.58, 12]","[140.0, 12]","[146.58, 36]","[149.47, 51]",144.58,111,4.0,-0.57
07:33:50,"[141.11, 18]","[138.46, 35]","[144.45, 62]","[146.24, 51]",142.78,166,3.34,-0.36
07:33:51,"[140.96, 80]","[138.45, 47]","[143.03, 38]","[147.65, 66]",141.99,231,2.06,0.1
07:33:52,"[141.0, 64]","[139.0, 12]","[146.64, 22]","[148.89, 56]",143.82,154,5.64,-0.01
07:33:53,"[141.38, 64]","[140.43, 28]","[148.0, 24]","[149.0, 60]",144.69,176,6.62,0.05
07:33:54,"[142.42, 72]","[141.46, 65]","[148.0, 24]","[149.0, 60]",145.21,221,5.58,0.24
07:33:55,"[143.46, 74]","[142.64, 84]","[149.0, 70]","[346.0, 14]",146.23,242,5.54,0.31
07:33:56,"[145.83, 36]","[144.12, 41]","[148.11, 44]","[152.45, 51]",146.97,172,2.28,-0.1
07:33:57,"[145.9, 40]","[142.04, 27]","[147.75, 24]","[148.96, 47]",146.82,138,1.85,-0.03
07:33:58,"[146.82, 33]","[145.0, 11]","[148.45, 11]","[149.64, 55]",147.64,110,1.64,-0.2
07:33:59,"[145.95, 19]","[141.23, 53]","[148.8, 15]","[150.56, 61]",147.37,148,2.85,-0.03
07:34:00,"[143.59, 17]","[141.42, 33]","[149.0, 13]","[162.06, 64]",146.29,127,5.41,-0.21
07:34:01,"[144.79, 28]","[140.91, 22]","[149.0, 10]","[151.0, 50]",146.89,110,4.21,-0.09
07:34:02,"[144.5, 36]","[142.47, 51]","[149.0, 13]","[151.0, 65]",146.75,165,4.5,0.05
07:34:03,"[144.75, 40]","[142.6, 60]","[148.06, 48]","[150.25, 24]",146.41,172,3.31,0.16
07:34:04,"[144.0, 60]","[141.0, 30]","[147.74, 57]","[151.68, 38]",145.87,185,3.74,-0.03
07:34:05,"[144.0, 72]","[141.0, 36]","[145.67, 45]","[147.0, 16]",144.83,169,1.67,0.28
07:34:06,"[140.95, 61]","[139.88, 52]","[146.59, 37]","[150.53, 40]",143.77,190,5.64,0.19
07:34:07,"[140.0, 132]","[139.0, 48]","[143.93, 28]","[145.89, 46]",141.96,254,3.93,0.42
07:34:08,"[140.0, 121]","[139.0, 44]","[142.18, 51]","[143.33, 15]",141.09,231,2.18,0.43
07:34:09,"[140.0, 122]","[139.0, 64]","[141.97, 32]","[144.59, 64]",140.98,282,1.97,0.32
07:34:10,"[140.0, 18]","[139.0, 36]","[141.84, 19]","[147.4, 25]",140.92,98,1.84,0.1
07:34:11,"[140.1, 48]","[139.19, 83]","[145.92, 65]","[302.53, 15]",143.01,211,5.82,0.24
07:34:12,"[141.64, 14]","[139.31, 108]","[147.0, 70]","[350.31, 16]",144.32,208,5.36,0.17
07:34:13,"[142.0, 24]","[139.03, 120]","[147.0, 75]","[342.0, 30]",144.5,249,5.0,0.16
07:34:14,"[135.91, 44]","[126.33, 36]","[153.91, 44]","[336.83, 23]",144.91,147,18.0,0.09
07:34:15,"[137.5, 24]","[135.0, 108]","[152.12, 32]","[209.79, 28]",144.81,192,14.62,0.38
07:34:16,"[135.09, 65]","[122.41, 32]","[139.0, 26]","[144.5, 40]",137.05,163,3.91,0.19
07:34:17,"[133.75, 60]","[122.47, 32]","[142.12, 40]","[144.17, 30]",137.94,162,8.38,0.14
07:34:18,"[141.84, 50]","[139.9, 63]","[144.0, 60]","[145.0, 12]",142.92,185,2.16,0.22
07:34:19,"[142.02, 41]","[139.0, 52]","[144.0, 46]","[145.0, 10]",143.01,149,1.98,0.25
07:34:20,"[139.0, 45]","[138.0, 54]","[144.0, 9]","[145.0, 9]",141.5,117,5.0,0.69
07:34:21,"[138.64, 55]","[136.77, 78]","[212.73, 22]","[329.06, 17]",175.68,172,74.09,0.55
07:34:22,"[145.59, 83]","[137.09, 66]","[241.12, 17]","[347.0, 19]",193.35,185,95.53,0.61
07:34:23,"[141.07, 30]","[132.75, 32]","[174.36, 11]","[229.0, 9]",157.72,82,33.3,0.51
07:34:24,"[141.0, 52]","[113.81, 31]","[144.11, 35]","[228.95, 19]",142.56,137,3.11,0.21
07:34:25,"[140.31, 36]","[88.59, 27]","[144.0, 36]","[236.4, 30]",142.15,129,3.69,-0.02
07:34:26,"[141.0, 45]","[136.0, 17]","[143.88, 24]","[172.62, 26]",142.44,112,2.88,0.11
07:34:27,"[141.0, 43]","[138.0, 9]","[143.0, 27]","[144.0, 18]",142.0,97,2.0,0.07
07:34:28,"[141.1, 40]","[140.16, 25]","[143.0, 36]","[144.77, 26]",142.05,127,1.9,0.02
07:34:29,"[141.0, 20]","[138.0, 5]","[143.0, 10]","[145.0, 10]",142.0,45,2.0,0.11
07:34:30,"[139.33, 18]","[136.33, 12]","[142.17, 24]","[143.67, 24]",140.75,78,2.83,-0.23
07:34:31,"[138.98, 61]","[137.85, 13]","[141.94, 17]","[143.31, 26]",140.46,117,2.96,0.26
07:34:32,"[139.33, 60]","[138.0, 12]","[187.0, 13]","[406.67, 33]",163.17,118,47.67,0.22
07:34:33,"[139.6, 30]","[138.25, 12]","[190.08, 49]","[194.64, 14]",164.84,105,50.48,-0.2
07:34:34,"[140.0, 6]","[138.17, 12]","[145.8, 25]","[187.38, 29]",142.9,72,5.8,-0.5
07:34:35,"[140.0, 9]","[138.0, 22]","[144.89, 45]","[146.0, 36]",142.44,112,4.89,-0.45
07:34:36,"[140.0, 8]","[138.0, 23]","[144.0, 40]","[146.0, 32]",142.0,103,4.0,-0.4
07:34:37,"[140.0, 8]","[138.0, 16]","[143.0, 40]","[146.89, 35]",141.5,99,3.0,-0.52
07:34:38,"[138.18, 22]","[136.57, 14]","[142.0, 60]","[146.69, 52]",140.09,148,3.82,-0.51
07:34:39,"[138.0, 18]","[136.0, 9]","[142.0, 45]","[146.0, 36]",140.0,108,4.0,-0.5
07:34:40,"[138.95, 76]","[137.14, 14]","[141.6, 42]","[146.0, 32]",140.27,164,2.65,0.1
07:34:41,"[139.0, 144]","[137.0, 26]","[140.55, 51]","[142.54, 52]",139.77,273,1.55,0.25
07:34:42,"[139.82, 110]","[137.87, 46]","[230.88, 16]","[365.83, 23]",185.35,195,91.06,0.6
07:34:43,"[148.0, 60]","[142.12, 80]","[331.36, 47]","[461.16, 37]",239.68,224,183.36,0.25
07:34:44,"[147.89, 37]","[145.11, 56]","[449.0, 16]","[481.0, 40]",298.45,149,301.11,0.25
07:34:45,"[146.0, 14]","[145.0, 70]","[433.48, 25]","[466.65, 23]",289.74,132,287.48,0.27
07:34:46,"[145.0, 64]","[144.0, 24]","[392.37, 19]","[438.59, 29]",268.68,136,247.37,0.29
07:34:47,"[145.0, 47]","[144.0, 21]","[388.5, 8]","[442.29, 17]",266.75,93,243.5,0.46
07:34:48,"[145.0, 58]","[144.0, 36]","[373.89, 45]","[391.89, 38]",259.44,177,228.89,0.06
07:34:49,"[145.0, 32]","[144.0, 24]","[370.97, 31]","[371.8, 25]",257.98,112,225.97,0.0
07:34:50,"[145.0, 24]","[144.0, 18]","[343.0, 18]","[369.29, 21]",244.0,81,198.0,0.04
07:34:51,"[145.0, 36]","[144.0, 27]","[313.91, 33]","[356.24, 25]",229.45,121,168.91,0.04
07:34:52,"[145.0, 44]","[144.0, 33]","[193.2, 51]","[217.85, 27]",169.1,155,48.2,-0.01
07:34:53,"[143.84, 37]","[141.3, 44]","[175.89, 18]","[185.55, 51]",159.86,150,32.05,0.08
07:34:54,"[141.0, 21]","[140.0, 77]","[143.8, 15]","[153.15, 27]",142.4,140,2.8,0.4
07:34:55,"[140.35, 79]","[139.85, 97]","[144.72, 50]","[149.0, 13]",142.54,239,4.37,0.47
07:34:56,"[140.51, 77]","[139.57, 70]","[145.7, 20]","[313.24, 25]",143.1,192,5.19,0.53
07:34:57,"[141.34, 41]","[140.12, 68]","[287.23, 22]","[567.44, 32]",214.28,163,145.89,0.34
07:34:58,"[141.04, 52]","[140.08, 65]","[219.8, 15]","[346.73, 33]",180.42,165,78.76,0.42
07:34:59,"[143.25, 16]","[141.0, 55]","[183.47, 17]","[272.22, 27]",163.36,115,40.22,0.23
07:35:00,"[147.83, 42]","[143.0, 20]","[242.0, 26]","[426.61, 23]",194.92,111,94.17,0.12
07:35:01,"[143.5, 22]","[141.37, 57]","[175.54, 26]","[250.41, 22]",159.52,127,32.04,0.24
07:35:02,"[141.07, 15]","[140.05, 44]","[292.17, 12]","[341.1, 10]",216.62,81,151.1,0.46
07:35:03,"[141.14, 28]","[140.03, 80]","[350.9, 20]","[404.38, 29]",246.02,157,209.76,0.38
07:35:04,"[140.21, 57]","[137.28, 79]","[146.0, 30]","[152.72, 29]",143.11,195,5.79,0.39
07:35:05,"[140.0, 60]","[139.0, 12]","[143.5, 16]","[147.0, 24]",141.75,112,3.5,0.29
07:35:06,"[140.0, 48]","[139.0, 10]","[143.25, 12]","[166.18, 22]",141.62,92,3.25,0.26
07:35:07,"[140.15, 47]","[139.55, 22]","[145.71, 41]","[162.93, 43]",142.93,153,5.56,-0.1
07:35:08,"[141.0, 36]","[140.0, 48]","[145.0, 44]","[160.94, 52]",143.0,180,4.0,-0.07
07:35:09,"[141.0, 11]","[140.0, 28]","[145.0, 49]","[543.29, 17]",143.0,105,4.0,-0.26
07:35:10,"[141.0, 8]","[140.0, 32]","[145.0, 56]","[317.5, 8]",143.0,104,4.0,-0.23
07:35:11,"[143.5, 6]","[140.56, 9]","[145.0, 40]","[147.0, 6]",144.25,61,1.5,-0.51
07:35:12,"[142.54, 13]","[140.29, 17]","[145.0, 40]","[147.0, 8]",143.77,78,2.46,-0.23
07:35:13,"[141.0, 12]","[138.92, 26]","[145.0, 40]","[147.0, 8]",143.0,86,4.0,-0.12
07:35:14,"[120.67, 12]","[87.86, 51]","[145.0, 45]","[147.0, 9]",132.83,117,24.33,0.08
07:35:15,"[135.33, 48]","[108.59, 39]","[144.88, 34]","[145.75, 16]",140.11,137,9.55,0.27
07:35:16,"[140.0, 143]","[126.0, 30]","[142.37, 41]","[145.06, 72]",141.18,286,2.37,0.21
07:35:17,"[140.0, 108]","[121.36, 22]","[141.0, 18]","[145.38, 13]",140.5,161,1.0,0.61
07:35:18,"[140.27, 90]","[135.55, 115]","[271.91, 53]","[281.98, 40]",206.09,298,131.64,0.38
07:35:19,"[144.5, 16]","[140.2, 40]","[295.55, 22]","[440.0, 10]",220.02,88,151.05,0.27
07:35:20,"[148.34, 47]","[145.0, 32]","[293.0, 42]","[545.94, 54]",220.67,175,144.66,-0.1
07:35:21,"[148.43, 35]","[146.37, 19]","[192.5, 36]","[253.36, 39]",170.46,129,44.07,-0.16
07:35:22,"[149.0, 51]","[148.0, 18]","[152.0, 27]","[295.85, 27]",150.5,123,3.0,0.12
07:35:23,"[149.0, 22]","[148.0, 12]","[152.0, 18]","[241.05, 19]",150.5,71,3.0,-0.04
07:35:24,"[149.0, 52]","[148.0, 26]","[151.38, 39]","[170.0, 52]",150.19,169,2.38,-0.08
07:35:25,"[149.0, 52]","[148.0, 26]","[150.08, 39]","[201.27, 45]",149.54,162,1.08,-0.04
07:35:26,"[144.0, 15]","[140.29, 51]","[150.0, 27]","[279.29, 31]",147.0,124,6.0,0.06
07:35:27,"[141.0, 66]","[139.55, 94]","[147.67, 48]","[150.0, 36]",144.33,244,6.67,0.31
07:35:28,"[141.5, 60]","[140.0, 96]","[146.25, 40]","[147.82, 44]",143.88,240,4.75,0.3
07:35:29,"[142.0, 52]","[140.14, 74]","[145.93, 55]","[202.22, 54]",143.96,235,3.93,0.07
07:35:30,"[143.0, 44]","[140.03, 68]","[145.0, 38]","[194.2, 59]",144.0,209,2.0,0.07
07:35:31,"[143.22, 18]","[140.14, 44]","[146.0, 40]","[424.78, 27]",144.61,129,2.78,-0.04
07:35:32,"[144.0, 56]","[143.0, 28]","[145.36, 70]","[360.41, 34]",144.68,188,1.36,-0.11
07:35:33,"[144.0, 24]","[143.0, 12]","[145.0, 30]","[343.0, 24]",144.5,90,1.0,-0.2
07:35:34,"[144.0, 36]","[143.0, 18]","[145.0, 45]","[299.67, 36]",144.5,135,1.0,-0.2
07:35:35,"[143.0, 18]","[141.0, 18]","[281.08, 26]","[429.0, 23]",212.04,85,138.08,-0.15
07:35:36,"[144.0, 20]","[143.0, 20]","[178.77, 31]","[290.83, 36]",161.39,107,34.77,-0.25
07:35:37,"[144.77, 26]","[143.0, 26]","[162.83, 18]","[168.88, 17]",153.8,87,18.06,0.2
07:35:38,"[143.27, 15]","[141.05, 86]","[159.89, 18]","[162.47, 15]",151.58,134,16.62,0.51
07:35:39,"[141.12, 68]","[140.25, 128]","[152.16, 31]","[153.63, 27]",146.64,254,11.04,0.54
07:35:40,"[146.33, 46]","[140.52, 62]","[149.14, 14]","[229.17, 35]",147.73,157,2.82,0.38
07:35:41,"[142.0, 12]","[140.08, 52]","[147.67, 12]","[271.4, 30]",144.83,106,5.67,0.21
07:35:42,"[142.0, 26]","[131.8, 15]","[283.67, 33]","[330.58, 26]",212.83,100,141.67,-0.18
07:35:43,"[140.62, 68]","[137.48, 108]","[248.55, 44]","[350.75, 20]",194.58,240,107.93,0.47
07:35:44,"[141.92, 52]","[140.22, 83]","[233.0, 70]","[312.31, 35]",187.46,240,91.08,0.12
07:35:45,"[144.0, 27]","[141.0, 18]","[305.05, 37]","[377.0, 13]",224.53,95,161.05,-0.05
07:35:46,"[144.9, 30]","[142.55, 29]","[288.7, 54]","[307.38, 40]",216.8,153,143.8,-0.23
07:35:47,"[141.6, 30]","[117.0, 16]","[266.58, 26]","[374.55, 22]",204.09,94,124.98,-0.02
07:35:48,"[140.0, 99]","[92.08, 39]","[247.09, 55]","[252.82, 55]",193.55,248,107.09,0.11
07:35:49,"[140.03, 68]","[135.71, 34]","[225.46, 26]","[246.8, 50]",182.75,178,85.43,0.15
07:35:50,"[140.0, 45]","[117.9, 29]","[245.4, 50]","[397.34, 32]",192.7,156,105.4,-0.05
07:35:51,"[140.0, 22]","[116.52, 25]","[238.69, 49]","[322.63, 19]",189.35,115,98.69,-0.18
07:35:52,"[141.9, 30]","[137.91, 23]","[242.78, 45]","[261.77, 30]",192.34,128,100.88,-0.17
07:35:53,"[140.0, 33]","[99.36, 22]","[241.42, 45]","[242.85, 54]",190.71,154,101.42,-0.29
07:35:54,"[142.82, 17]","[128.79, 24]","[239.69, 51]","[240.58, 48]",191.25,140,96.86,-0.41
07:35:55,"[147.31, 35]","[121.6, 15]","[237.92, 50]","[238.9, 49]",192.62,149,90.61,-0.33
07:35:56,"[142.53, 38]","[98.07, 28]","[225.36, 44]","[232.59, 34]",183.94,144,82.84,-0.08
07:35:57,"[140.92, 13]","[124.71, 21]","[221.39, 56]","[229.38, 58]",181.16,148,80.47,-0.54
07:35:58,"[142.83, 24]","[141.5, 8]","[155.29, 17]","[217.88, 32]",149.06,81,12.46,-0.21
07:35:59,"[147.11, 28]","[142.98, 41]","[154.13, 39]","[187.44, 41]",150.62,149,7.02,-0.07
07:36:00,"[144.05, 22]","[142.77, 30]","[149.11, 47]","[150.42, 38]",146.58,137,5.06,-0.24
07:36:01,"[143.5, 16]","[141.23, 13]","[146.31, 65]","[149.87, 62]",144.9,156,2.81,-0.63
07:36:02,"[142.12, 8]","[140.25, 8]","[143.78, 37]","[146.4, 20]",142.95,73,1.66,-0.56
07:36:03,"[140.45, 11]","[122.06, 17]","[142.09, 44]","[144.17, 36]",141.27,108,1.64,-0.48
07:36:04,"[140.8, 20]","[139.0, 10]","[142.78, 36]","[198.2, 20]",141.79,86,1.98,-0.3
07:36:05,"[145.33, 18]","[141.67, 21]","[148.36, 25]","[262.17, 24]",146.85,88,3.03,-0.11
07:36:06,"[142.0, 16]","[140.0, 8]","[143.88, 24]","[145.55, 22]",142.94,70,1.88,-0.31
07:36:07,"[140.0, 11]","[66.0, 40]","[142.15, 20]","[143.62, 26]",141.07,97,2.15,0.05
07:36:08,"[140.0, 16]","[51.45, 47]","[141.0, 39]","[144.73, 33]",140.5,135,1.0,-0.07
07:36:09,"[91.71, 28]","[51.63, 19]","[144.43, 21]","[145.5, 24]",118.07,92,52.71,0.02
07:36:10,"[122.54, 39]","[101.46, 39]","[145.5, 24]","[188.11, 38]",134.02,140,22.96,0.11
07:36:11,"[136.45, 47]","[113.69, 48]","[145.02, 51]","[155.77, 44]",140.73,190,8.57,0.0
07:36:12,"[140.92, 12]","[139.33, 9]","[143.67, 24]","[167.5, 20]",142.29,65,2.75,-0.35
07:36:13,"[142.5, 10]","[140.0, 10]","[146.1, 20]","[155.91, 23]",144.3,63,3.6,-0.37
07:36:14,"[140.47, 19]","[133.31, 26]","[144.71, 56]","[146.21, 28]",142.59,129,4.24,-0.3
07:36:15,"[136.0, 33]","[52.29, 21]","[142.84, 25]","[145.37, 49]",139.42,128,6.84,-0.16
07:36:16,"[136.0, 27]","[67.0, 27]","[140.0, 52]","[141.0, 9]",138.0,115,4.0,-0.06
07:36:17,"[136.38, 24]","[92.75, 28]","[139.77, 31]","[140.15, 61]",138.07,144,3.4,-0.28
07:36:18,"[138.06, 17]","[135.73, 30]","[140.4, 35]","[178.53, 38]",139.23,120,2.34,-0.22
07:36:19,"[134.7, 20]","[123.67, 12]","[142.0, 18]","[308.78, 27]",138.35,77,7.3,-0.17
07:36:20,"[132.0, 18]","[92.0, 12]","[227.83, 18]","[304.31, 26]",179.92,74,95.83,-0.19
07:36:21,"[142.48, 71]","[111.81, 26]","[296.0, 55]","[297.0, 55]",219.24,207,153.52,-0.06
07:36:22,"[146.0, 80]","[132.0, 21]","[258.43, 23]","[302.41, 27]",202.22,151,112.43,0.34
07:36:23,"[146.0, 72]","[135.2, 15]","[292.07, 30]","[298.85, 26]",219.03,143,146.07,0.22
07:36:24,"[146.0, 82]","[140.0, 12]","[285.81, 48]","[323.51, 45]",215.91,187,139.81,0.01
07:36:25,"[146.0, 40]","[140.0, 8]","[285.37, 38]","[374.61, 31]",215.68,117,139.37,-0.18
07:36:26,"[146.0, 39]","[140.0, 9]","[258.0, 36]","[294.0, 45]",202.0,129,112.0,-0.26
07:36:27,"[146.0, 40]","[140.0, 10]","[257.67, 36]","[359.85, 26]",201.83,112,111.67,-0.11
07:36:28,"[146.0, 32]","[140.0, 8]","[218.5, 22]","[232.33, 18]",182.25,80,72.5,0.0
07:36:29,"[146.0, 36]","[140.0, 16]","[211.15, 26]","[214.05, 19]",178.58,97,65.15,0.07
07:36:30,"[146.0, 32]","[140.0, 16]","[205.0, 24]","[207.0, 16]",175.5,88,59.0,0.09
07:36:31,"[146.0, 32]","[140.0, 10]","[204.29, 28]","[206.33, 18]",175.14,88,58.29,-0.05
07:36:32,"[146.0, 20]","[140.0, 5]","[201.23, 13]","[212.0, 15]",173.62,53,55.23,-0.06
07:36:33,"[146.0, 40]","[143.86, 28]","[197.3, 30]","[228.0, 50]",171.65,148,51.3,-0.08
07:36:34,"[146.0, 16]","[144.0, 12]","[194.75, 12]","[228.0, 20]",170.38,60,48.75,-0.07
07:36:35,"[146.0, 36]","[144.0, 36]","[190.86, 28]","[367.82, 22]",168.43,122,44.86,0.18
07:36:36,"[147.29, 34]","[143.91, 43]","[171.25, 28]","[181.43, 28]",159.27,133,23.96,0.16
07:36:37,"[148.0, 28]","[144.0, 42]","[168.86, 21]","[389.26, 31]",158.43,122,20.86,0.15
07:36:38,"[148.0, 44]","[144.0, 84]","[166.5, 42]","[208.11, 54]",157.25,224,18.5,0.14
07:36:39,"[148.0, 8]","[144.45, 33]","[165.25, 24]","[166.5, 24]",156.62,89,17.25,-0.08
07:36:40,"[145.07, 45]","[143.97, 70]","[160.33, 48]","[161.25, 68]",152.7,231,15.27,-0.0
07:36:41,"[144.05, 77]","[143.03, 93]","[157.16, 64]","[158.73, 52]",150.6,286,13.1,0.19
07:36:42,"[143.63, 38]","[142.28, 189]","[152.14, 64]","[152.9, 84]",147.89,375,8.51,0.21
07:36:43,"[148.16, 43]","[142.35, 86]","[150.06, 54]","[152.05, 82]",149.11,265,1.89,-0.03
07:36:44,"[143.0, 10]","[142.0, 140]","[149.21, 14]","[150.31, 26]",146.11,190,6.21,0.58
07:36:45,"[143.0, 15]","[142.0, 210]","[148.64, 28]","[169.6, 45]",145.82,298,5.64,0.51
07:36:46,"[142.8, 69]","[141.97, 217]","[145.17, 36]","[170.22, 37]",143.98,359,2.37,0.59
07:36:47,"[142.41, 111]","[141.94, 164]","[148.92, 52]","[179.51, 49]",145.67,376,6.51,0.46
07:36:48,"[142.0, 165]","[141.0, 28]","[144.0, 56]","[145.25, 48]",143.0,297,2.0,0.3
07:36:49,"[141.93, 28]","[140.67, 21]","[143.57, 28]","[145.29, 28]",142.75,105,1.64,-0.07
07:36:50,"[141.0, 12]","[140.0, 42]","[143.57, 21]","[145.29, 21]",142.29,96,2.57,0.12
07:36:51,"[140.18, 44]","[139.47, 17]","[309.47, 32]","[310.76, 21]",224.83,114,169.29,0.07
07:36:52,"[142.87, 47]","[139.71, 17]","[417.22, 27]","[656.0, 9]",280.05,100,274.35,0.28
07:36:53,"[146.85, 26]","[144.38, 32]","[388.5, 8]","[412.25, 16]",267.67,82,241.65,0.41
07:36:54,"[149.0, 18]","[145.0, 42]","[391.2, 10]","[405.57, 14]",270.1,84,242.2,0.43
07:36:55,"[149.0, 9]","[145.0, 21]","[339.67, 9]","[463.0, 3]",244.33,42,190.67,0.43
07:36:56,"[147.0, 24]","[143.89, 36]","[235.56, 16]","[579.75, 8]",191.28,84,88.56,0.43
07:36:57,"[145.0, 12]","[140.0, 16]","[295.6, 10]","[361.0, 8]",220.3,46,150.6,0.22
07:36:58,"[146.15, 13]","[141.15, 26]","[294.38, 16]","[296.0, 24]",220.26,79,148.22,-0.01
07:36:59,"[145.83, 12]","[140.83, 24]","[293.0, 14]","[375.56, 9]",219.42,59,147.17,0.22
07:37:00,"[140.0, 28]","[139.0, 7]","[293.0, 14]","[564.68, 19]",216.5,68,153.0,0.03
07:37:01,"[139.93, 41]","[136.19, 42]","[292.38, 26]","[511.8, 51]",216.16,160,152.46,0.04
07:37:02,"[139.0, 45]","[120.47, 291]","[264.3, 23]","[406.96, 23]",201.65,382,125.3,0.76
07:37:03,"[128.85, 82]","[126.18, 180]","[223.59, 34]","[312.32, 28]",176.22,324,94.73,0.62
07:37:04,"[138.94, 17]","[102.16, 107]","[300.33, 21]","[428.74, 43]",219.64,188,161.39,0.32
07:37:05,"[140.0, 24]","[138.0, 6]","[172.71, 14]","[242.77, 26]",156.36,70,32.71,-0.14
07:37:06,"[140.0, 32]","[138.0, 8]","[142.0, 16]","[179.75, 40]",141.0,96,2.0,-0.17
07:37:07,"[140.0, 44]","[138.0, 11]","[142.0, 22]","[269.0, 11]",141.0,88,2.0,0.25
07:37:08,"[140.0, 40]","[138.0, 110]","[142.0, 20]","[273.4, 10]",141.0,180,2.0,0.67
07:37:09,"[141.15, 54]","[138.18, 250]","[142.27, 30]","[438.25, 51]",141.71,385,1.12,0.58
07:37:10,"[142.0, 60]","[141.0, 30]","[143.0, 20]","[299.17, 46]",142.5,156,1.0,0.15
07:37:11,"[141.33, 18]","[140.16, 19]","[379.44, 18]","[481.8, 20]",260.39,75,238.11,-0.01
07:37:12,"[141.59, 27]","[140.41, 34]","[407.2, 30]","[441.21, 38]",274.4,129,265.61,-0.05
07:37:13,"[146.27, 22]","[143.6, 43]","[383.0, 40]","[429.91, 46]",264.64,151,236.73,-0.14
07:37:14,"[145.0, 18]","[142.62, 26]","[314.0, 30]","[392.47, 19]",229.5,93,169.0,-0.05
07:37:15,"[145.17, 47]","[143.63, 81]","[275.0, 60]","[391.35, 63]",210.09,251,129.83,0.02
07:37:16,"[146.0, 15]","[145.0, 15]","[402.2, 20]","[475.2, 20]",274.1,70,256.2,-0.14
07:37:17,"[146.0, 17]","[145.0, 27]","[435.24, 33]","[527.2, 30]",290.62,107,289.24,-0.18
07:37:18,"[146.0, 10]","[145.0, 30]","[398.97, 37]","[500.79, 33]",272.49,110,252.97,-0.27
07:37:19,"[145.38, 8]","[144.15, 59]","[228.13, 31]","[300.1, 21]",186.75,119,82.75,0.13
07:37:20,"[145.47, 58]","[144.25, 120]","[194.71, 42]","[195.57, 42]",170.09,262,49.25,0.36
07:37:21,"[147.46, 37]","[145.39, 119]","[191.9, 40]","[194.8, 79]",169.68,275,44.44,0.13
07:37:22,"[144.0, 80]","[143.0, 8]","[189.38, 40]","[191.0, 16]",166.69,144,45.38,0.22
07:37:23,"[144.0, 130]","[143.0, 13]","[186.36, 50]","[187.34, 41]",165.18,234,42.36,0.22
07:37:24,"[144.0, 94]","[143.0, 11]","[181.53, 43]","[184.18, 34]",162.77,182,37.53,0.15
07:37:25,"[145.0, 64]","[144.0, 48]","[180.81, 31]","[181.8, 25]",162.9,168,35.81,0.33
07:37:26,"[145.0, 96]","[143.68, 47]","[179.25, 24]","[181.0, 60]",162.12,227,34.25,0.26
07:37:27,"[145.0, 52]","[143.14, 14]","[177.86, 28]","[181.0, 70]",161.43,164,32.86,-0.2
07:37:28,"[145.0, 33]","[144.0, 11]","[175.48, 25]","[179.65, 52]",160.24,121,30.48,-0.27
07:37:29,"[145.43, 42]","[144.39, 18]","[171.53, 34]","[173.06, 64]",158.48,158,26.1,-0.24
07:37:30,"[145.88, 16]","[144.1, 10]","[169.08, 26]","[172.64, 44]",157.48,96,23.2,-0.46
07:37:31,"[141.68, 37]","[140.28, 36]","[168.0, 50]","[169.0, 20]",154.84,143,26.32,0.02
07:37:32,"[144.69, 67]","[142.89, 103]","[166.57, 54]","[166.94, 51]",155.63,275,21.89,0.24
07:37:33,"[145.0, 45]","[141.0, 135]","[163.33, 18]","[164.75, 24]",154.17,222,18.33,0.62
07:37:34,"[146.0, 36]","[142.31, 67]","[161.42, 43]","[162.64, 28]",153.71,174,15.42,0.18
07:37:35,"[147.36, 28]","[145.0, 28]","[159.0, 28]","[160.1, 31]",153.18,115,11.64,-0.03
07:37:36,"[148.27, 30]","[145.46, 26]","[154.54, 35]","[155.6, 47]",151.4,138,6.28,-0.19
07:37:37,"[149.0, 24]","[148.0, 16]","[151.63, 19]","[185.86, 21]",150.32,80,2.63,0.0
07:37:38,"[149.0, 6]","[148.0, 16]","[178.59, 29]","[398.8, 25]",163.79,76,29.59,-0.42
07:37:39,"[148.62, 16]","[147.4, 20]","[324.3, 40]","[378.38, 42]",236.46,118,175.68,-0.39
07:37:40,"[145.12, 25]","[142.46, 39]","[273.96, 46]","[310.43, 54]",209.54,164,128.84,-0.22
07:37:41,"[145.0, 22]","[142.0, 33]","[224.57, 23]","[225.89, 38]",184.78,116,79.57,-0.05
07:37:42,"[143.29, 28]","[141.85, 26]","[220.59, 17]","[222.2, 10]",181.94,81,77.3,0.33
07:37:43,"[141.0, 120]","[140.0, 20]","[181.67, 21]","[188.08, 25]",161.33,186,40.67,0.51
07:37:44,"[143.06, 97]","[140.83, 72]","[176.83, 18]","[180.4, 25]",159.95,212,33.77,0.59
07:37:45,"[149.0, 40]","[141.0, 96]","[175.7, 23]","[176.5, 18]",162.35,177,26.7,0.54
07:37:46,"[149.0, 51]","[141.29, 56]","[171.69, 35]","[174.29, 31]",160.34,173,22.69,0.24
07:37:47,"[149.0, 22]","[141.0, 132]","[170.66, 29]","[171.52, 29]",159.83,212,21.66,0.45
07:37:48,"[149.0, 22]","[141.26, 76]","[166.69, 26]","[167.6, 30]",157.85,154,17.69,0.27
07:37:49,"[142.24, 90]","[142.33, 15]","[164.58, 31]","[165.5, 24]",153.41,160,22.34,0.31
07:37:50,"[141.39, 124]","[140.95, 160]","[159.97, 31]","[161.82, 34]",150.68,349,18.58,0.63
07:37:51,"[142.0, 72]","[141.0, 228]","[152.77, 22]","[155.92, 38]",147.39,360,10.77,0.67
07:37:52,"[142.49, 55]","[141.04, 198]","[144.19, 26]","[150.88, 17]",143.34,296,1.7,0.71
07:37:53,"[141.58, 57]","[140.97, 119]","[143.26, 27]","[144.32, 22]",142.42,225,1.68,0.56
07:37:54,"[141.0, 43]","[140.0, 6]","[150.62, 8]","[215.57, 7]",145.81,64,9.62,0.53
07:37:55,"[143.0, 45]","[141.25, 28]","[221.5, 16]","[447.11, 18]",182.25,107,78.5,0.36
07:37:56,"[146.0, 42]","[143.0, 35]","[474.91, 32]","[498.26, 23]",310.45,132,328.91,0.17
07:37:57,"[146.0, 84]","[143.0, 70]","[292.17, 41]","[375.1, 48]",219.09,243,146.17,0.27
07:37:58,"[146.0, 48]","[143.0, 45]","[200.0, 18]","[298.68, 28]",173.0,139,54.0,0.34
07:37:59,"[146.0, 30]","[143.0, 50]","[216.55, 22]","[270.76, 34]",181.27,136,70.55,0.18
07:38:00,"[145.83, 29]","[142.62, 53]","[169.89, 27]","[257.69, 32]",157.86,141,24.06,0.16
07:38:01,"[143.85, 26]","[142.13, 30]","[159.0, 27]","[228.44, 18]",151.42,101,15.15,0.11
07:38:02,"[141.43, 46]","[140.7, 20]","[250.88, 16]","[621.25, 24]",196.15,106,109.44,0.25
07:38:03,"[147.17, 23]","[141.27, 45]","[257.55, 20]","[427.26, 23]",202.36,111,110.38,0.23
07:38:04,"[149.0, 36]","[146.0, 8]","[247.5, 12]","[423.0, 12]",198.25,68,98.5,0.29
07:38:05,"[149.0, 99]","[146.32, 19]","[393.52, 29]","[434.08, 26]",271.26,173,244.52,0.36
07:38:06,"[149.0, 87]","[148.0, 10]","[263.17, 29]","[292.19, 21]",206.09,147,114.17,0.32
07:38:07,"[149.0, 36]","[148.0, 6]","[285.25, 16]","[487.4, 15]",217.12,73,136.25,0.15
07:38:08,"[149.0, 48]","[148.0, 8]","[303.71, 21]","[570.37, 19]",226.36,96,154.71,0.17
07:38:09,"[149.0, 72]","[148.0, 12]","[415.86, 28]","[687.25, 32]",282.43,144,266.86,0.17
07:38:10,"[149.0, 30]","[148.0, 8]","[457.0, 14]","[676.0, 10]",303.0,62,308.0,0.23
07:38:11,"[149.0, 26]","[148.0, 9]","[370.0, 8]","[740.0, 6]",259.5,49,221.0,0.43
07:38:12,"[146.82, 22]","[143.56, 27]","[287.0, 21]","[556.81, 27]",216.91,97,140.18,0.01
07:38:13,"[147.78, 36]","[146.39, 46]","[176.0, 70]","[247.42, 26]",161.89,178,28.22,-0.08
07:38:14,"[149.0, 48]","[146.5, 24]","[174.09, 44]","[189.5, 28]",161.55,144,25.09,0.0
07:38:15,"[149.0, 12]","[146.0, 24]","[170.36, 45]","[171.91, 32]",159.68,113,21.36,-0.36
07:38:16,"[145.88, 16]","[144.64, 22]","[168.6, 43]","[168.77, 30]",157.24,111,22.73,-0.32
07:38:17,"[144.0, 22]","[143.0, 22]","[163.23, 31]","[165.29, 35]",153.61,110,19.23,-0.2
07:38:18,"[144.92, 26]","[143.9, 20]","[160.32, 22]","[161.92, 38]",152.62,106,15.4,-0.13
07:38:19,"[146.0, 18]","[145.0, 6]","[158.8, 15]","[160.04, 26]",152.4,65,12.8,-0.26
07:38:20,"[146.0, 39]","[145.0, 13]","[155.34, 47]","[157.94, 53]",150.67,152,9.34,-0.32
07:38:21,"[145.25, 12]","[144.05, 19]","[151.14, 35]","[152.71, 35]",148.2,101,5.89,-0.39
07:38:22,"[144.0, 32]","[143.0, 32]","[149.08, 26]","[151.34, 35]",146.54,125,5.08,0.02
07:38:23,"[143.55, 22]","[142.38, 32]","[145.43, 53]","[146.6, 20]",144.49,127,1.89,-0.15
07:38:24,"[141.35, 46]","[140.19, 151]","[143.52, 46]","[145.15, 52]",142.43,295,2.17,0.34
07:38:25,"[140.13, 83]","[130.84, 88]","[142.0, 60]","[145.61, 46]",141.07,277,1.87,0.23
07:38:26,"[139.06, 36]","[121.82, 22]","[249.05, 21]","[353.14, 14]",194.05,93,109.99,0.25
07:38:27,"[139.0, 30]","[104.0, 16]","[377.38, 32]","[402.2, 20]",258.19,98,238.38,-0.06
07:38:28,"[143.08, 36]","[124.37, 19]","[375.75, 32]","[406.5, 32]",259.42,119,232.67,-0.08
07:38:29,"[146.05, 75]","[141.8, 45]","[373.09, 44]","[471.0, 44]",259.57,208,227.04,0.15
07:38:30,"[147.0, 10]","[146.0, 45]","[372.2, 20]","[537.0, 20]",259.6,95,225.2,0.16
07:38:31,"[147.0, 18]","[146.0, 81]","[239.22, 36]","[397.67, 36]",193.11,171,92.22,0.16
07:38:32,"[147.8, 10]","[146.03, 74]","[238.78, 36]","[489.67, 36]",193.29,156,90.98,0.08
07:38:33,"[146.34, 65]","[144.92, 63]","[237.89, 36]","[511.0, 36]",192.11,200,91.55,0.28
07:38:34,"[146.0, 90]","[144.03, 74]","[237.0, 40]","[324.6, 40]",191.5,244,91.0,0.34
07:38:35,"[146.0, 87]","[144.0, 80]","[235.9, 40]","[345.7, 40]",190.95,247,89.9,0.35
07:38:36,"[146.0, 66]","[144.0, 88]","[233.73, 44]","[332.38, 39]",189.86,237,87.73,0.3
07:38:37,"[146.0, 48]","[144.0, 64]","[230.5, 32]","[238.6, 30]",188.25,174,84.5,0.29
07:38:38,"[146.0, 84]","[144.0, 112]","[226.56, 50]","[227.6, 55]",186.28,301,80.56,0.3
07:38:39,"[146.0, 102]","[144.0, 136]","[220.54, 69]","[222.03, 61]",183.27,368,74.54,0.29
07:38:40,"[146.0, 77]","[144.0, 124]","[206.27, 41]","[207.5, 52]",176.13,294,60.27,0.37
07:38:41,"[145.06, 85]","[143.53, 118]","[180.64, 47]","[187.65, 46]",162.85,296,35.58,0.37
07:38:42,"[145.32, 63]","[143.57, 140]","[157.04, 53]","[158.46, 52]",151.18,308,11.72,0.32
07:38:43,"[148.0, 34]","[144.0, 170]","[152.94, 62]","[153.84, 63]",150.47,329,4.94,0.24
07:38:44,"[144.24, 67]","[142.48, 83]","[149.27, 44]","[150.18, 39]",146.76,233,5.03,0.29
07:38:45,"[144.21, 71]","[142.55, 77]","[147.45, 44]","[148.45, 44]",145.83,236,3.24,0.25
07:38:46,"[145.0, 41]","[144.0, 63]","[146.88, 24]","[148.26, 35]",145.94,163,1.88,0.28
07:38:47,"[144.0, 34]","[141.5, 42]","[145.5, 10]","[202.78, 36]",144.75,122,1.5,0.25
07:38:48,"[141.73, 22]","[140.67, 36]","[144.25, 16]","[192.74, 23]",142.99,97,2.52,0.2
07:38:49,"[142.0, 18]","[141.0, 27]","[143.94, 17]","[434.82, 34]",142.97,96,1.94,-0.06
07:38:50,"[142.0, 20]","[141.0, 30]","[210.77, 26]","[347.8, 40]",176.38,116,68.77,-0.14
07:38:51,"[144.37, 19]","[143.65, 34]","[284.17, 46]","[438.56, 39]",214.27,138,139.81,-0.23
07:38:52,"[145.82, 11]","[142.0, 22]","[276.8, 25]","[416.91, 55]",211.31,113,130.98,-0.42
07:38:53,"[141.2, 10]","[140.11, 27]","[265.17, 24]","[459.72, 39]",203.18,100,123.97,-0.26
07:38:54,"[141.91, 11]","[140.04, 28]","[274.4, 20]","[443.61, 46]",208.15,105,132.49,-0.26
07:38:55,"[140.0, 6]","[127.45, 11]","[274.0, 8]","[521.0, 20]",207.0,45,134.0,-0.24
07:38:56,"[89.11, 19]","[36.0, 22]","[271.25, 16]","[660.48, 27]",180.18,84,182.14,-0.02
07:38:57,"[114.0, 14]","[44.29, 28]","[134.12, 17]","[157.08, 25]",124.06,84,20.12,0.0
07:38:58,"[118.0, 16]","[76.6, 20]","[135.0, 24]","[138.33, 18]",126.5,78,17.0,-0.08
07:38:59,"[130.0, 8]","[108.14, 14]","[135.0, 12]","[136.0, 16]",132.5,50,5.0,-0.12
07:39:00,"[130.0, 22]","[79.0, 40]","[135.86, 14]","[136.76, 34]",132.93,110,5.86,0.13
07:39:01,"[131.68, 50]","[111.27, 30]","[141.95, 21]","[366.24, 42]",136.82,143,10.27,0.12
07:39:02,"[136.09, 11]","[131.94, 32]","[229.62, 16]","[466.26, 23]",182.86,82,93.53,0.05
07:39:03,"[142.59, 34]","[140.5, 14]","[179.0, 24]","[428.29, 28]",160.79,100,36.41,-0.04
07:39:04,"[146.91, 33]","[143.43, 21]","[186.27, 26]","[254.0, 19]",166.59,99,39.36,0.09
07:39:05,"[140.88, 34]","[139.48, 42]","[217.48, 23]","[391.59, 37]",179.18,136,76.6,0.12
07:39:06,"[140.06, 36]","[136.09, 32]","[285.6, 20]","[387.43, 28]",212.83,116,145.54,0.17
07:39:07,"[140.0, 40]","[63.27, 11]","[252.75, 32]","[354.0, 22]",196.38,105,112.75,-0.03
07:39:08,"[140.61, 51]","[125.17, 41]","[173.74, 38]","[300.0, 29]",157.17,159,33.13,0.16
07:39:09,"[142.32, 120]","[140.57, 98]","[167.48, 69]","[169.26, 73]",154.9,360,25.15,0.21
07:39:10,"[143.0, 60]","[140.0, 60]","[162.83, 36]","[164.0, 60]",152.92,216,19.83,0.11
07:39:11,"[143.0, 90]","[140.0, 90]","[159.66, 82]","[160.35, 74]",151.33,336,16.66,0.07
07:39:12,"[143.0, 65]","[140.0, 65]","[155.11, 57]","[156.67, 45]",149.05,232,12.11,0.12
07:39:13,"[143.35, 51]","[140.75, 60]","[151.1, 52]","[152.64, 44]",147.22,207,7.74,0.07
07:39:14,"[144.67, 24]","[143.1, 42]","[148.0, 33]","[151.0, 55]",146.33,154,3.33,-0.14
07:39:15,"[143.22, 46]","[141.91, 44]","[147.0, 36]","[149.63, 46]",145.11,172,3.78,0.05
07:39:16,"[142.0, 56]","[139.94, 32]","[144.64, 44]","[147.78, 46]",143.32,178,2.64,-0.01
07:39:17,"[142.0, 13]","[140.0, 20]","[144.9, 20]","[198.36, 22]",143.45,75,2.9,-0.12
07:39:18,"[142.0, 8]","[140.0, 16]","[145.0, 8]","[146.0, 8]",143.5,40,3.0,0.2
07:39:19,"[142.0, 8]","[140.0, 16]","[145.0, 8]","[146.0, 8]",143.5,40,3.0,0.2
07:39:20,"[141.6, 10]","[134.67, 18]","[143.44, 9]","[157.31, 13]",142.52,50,1.84,0.12
07:39:21,"[141.23, 31]","[122.27, 22]","[221.95, 19]","[252.12, 51]",181.59,123,80.72,-0.14
07:39:22,"[142.17, 36]","[138.5, 24]","[173.0, 60]","[249.79, 34]",157.58,154,30.83,-0.22
07:39:23,"[142.91, 35]","[139.81, 27]","[217.86, 35]","[411.88, 41]",180.39,138,74.94,-0.1
07:39:24,"[147.2, 20]","[143.12, 40]","[246.12, 32]","[433.91, 32]",196.66,124,98.93,-0.03
07:39:25,"[148.0, 33]","[145.0, 141]","[238.68, 37]","[266.68, 47]",193.34,258,90.68,0.35
07:39:26,"[148.0, 27]","[145.0, 144]","[254.0, 45]","[523.85, 13]",201.0,229,106.0,0.49
07:39:27,"[148.0, 12]","[145.0, 64]","[254.0, 20]","[341.4, 10]",201.0,106,106.0,0.43
07:39:28,"[145.69, 83]","[144.88, 122]","[243.65, 34]","[336.34, 32]",194.67,271,97.96,0.51
07:39:29,"[147.0, 3]","[145.0, 16]","[166.0, 1]","[550.0, 5]",156.5,25,19.0,0.52
07:39:30,"[146.83, 18]","[145.04, 53]","[166.0, 8]","[478.25, 40]",156.42,119,19.17,0.19
07:39:31,"[146.0, 2]","[145.0, 14]","[166.0, 2]","[489.0, 10]",156.0,28,20.0,0.14
07:39:32,"[145.04, 27]","[144.35, 48]","[155.42, 52]","[505.5, 20]",150.23,147,10.39,0.02
07:39:33,"[139.4, 10]","[83.0, 22]","[215.0, 34]","[522.82, 17]",177.2,83,75.6,-0.23
07:39:34,"[95.04, 28]","[57.44, 54]","[209.29, 14]","[412.25, 24]",152.16,120,114.25,0.37
07:39:35,"[116.17, 47]","[109.24, 41]","[131.0, 27]","[139.0, 9]",123.59,124,14.83,0.42
07:39:36,"[115.15, 66]","[105.29, 52]","[131.0, 30]","[134.52, 21]",123.08,169,15.85,0.4
07:39:37,"[116.82, 55]","[71.17, 41]","[131.74, 19]","[135.15, 26]",124.28,141,14.92,0.36
07:39:38,"[133.74, 19]","[98.43, 49]","[136.84, 25]","[138.71, 14]",135.29,107,3.1,0.27
07:39:39,"[135.33, 24]","[90.25, 12]","[137.0, 11]","[139.0, 6]",136.17,53,1.67,0.36
07:39:40,"[136.0, 40]","[86.27, 22]","[137.0, 10]","[139.0, 11]",136.5,83,1.0,0.49
07:39:41,"[93.6, 15]","[53.63, 19]","[138.6, 5]","[139.95, 21]",116.1,60,45.0,0.13
07:39:42,"[112.24, 49]","[84.62, 39]","[138.0, 55]","[139.0, 15]",125.12,158,25.76,0.11
07:39:43,"[119.33, 6]","[118.0, 42]","[137.83, 6]","[139.0, 18]",128.58,72,18.5,0.33
07:39:44,"[120.0, 8]","[48.62, 56]","[137.0, 8]","[139.0, 24]",128.5,96,17.0,0.33
07:39:45,"[120.62, 8]","[7.0, 56]","[136.12, 8]","[139.0, 24]",128.38,96,15.5,0.33
07:39:46,"[76.73, 22]","[23.7, 46]","[135.56, 9]","[139.0, 27]",106.14,104,58.83,0.31
07:39:47,"[111.81, 32]","[69.27, 41]","[138.37, 19]","[139.82, 49]",125.09,141,26.56,0.04
07:39:48,"[114.4, 10]","[113.25, 16]","[139.0, 10]","[140.0, 25]",126.7,61,24.6,-0.15
07:39:49,"[115.67, 18]","[114.44, 18]","[139.0, 18]","[140.0, 45]",127.33,99,23.33,-0.27
07:39:50,"[118.33, 24]","[117.2, 20]","[139.0, 16]","[140.0, 40]",128.67,100,20.67,-0.12
07:39:51,"[121.4, 20]","[120.57, 28]","[139.0, 16]","[140.0, 40]",130.2,104,17.6,-0.08
07:39:52,"[127.11, 38]","[125.15, 26]","[136.39, 46]","[139.48, 31]",131.75,141,9.29,-0.09
07:39:53,"[131.71, 45]","[130.67, 48]","[136.0, 75]","[137.53, 30]",133.86,198,4.29,-0.06
07:39:54,"[132.6, 20]","[71.43, 42]","[136.68, 19]","[138.83, 23]",134.64,104,4.08,0.19
07:39:55,"[132.0, 24]","[61.67, 42]","[133.0, 6]","[140.0, 12]",132.5,84,1.0,0.57
07:39:56,"[60.87, 45]","[41.97, 33]","[139.12, 16]","[140.84, 25]",100.0,119,78.26,0.31
07:39:57,"[111.57, 46]","[92.89, 38]","[140.57, 28]","[289.57, 42]",126.07,154,29.01,0.09
07:39:58,"[136.25, 20]","[66.63, 38]","[141.0, 10]","[346.0, 26]",138.62,94,4.75,0.23
07:39:59,"[138.25, 57]","[122.63, 51]","[141.0, 11]","[207.09, 22]",139.62,141,2.75,0.53
07:40:00,"[138.2, 50]","[129.45, 22]","[168.92, 24]","[379.57, 35]",153.56,131,30.72,0.1
07:40:01,"[139.44, 48]","[137.2, 50]","[289.22, 27]","[521.09, 43]",214.33,168,149.78,0.17
07:40:02,"[148.76, 38]","[140.75, 20]","[546.62, 39]","[647.27, 33]",347.69,130,397.85,-0.11
07:40:03,"[149.0, 70]","[146.0, 39]","[306.27, 49]","[430.24, 41]",227.63,199,157.27,0.1
07:40:04,"[149.0, 35]","[146.0, 38]","[304.8, 25]","[509.0, 20]",226.9,118,155.8,0.24
07:40:05,"[147.88, 59]","[145.38, 96]","[225.14, 35]","[433.46, 37]",186.51,227,77.26,0.37
07:40:06,"[146.0, 41]","[141.0, 24]","[166.0, 16]","[770.0, 5]",156.0,86,20.0,0.51
07:40:07,"[146.0, 32]","[141.0, 42]","[164.91, 32]","[166.0, 16]",155.45,122,18.91,0.21
07:40:08,"[146.0, 20]","[141.0, 30]","[164.0, 25]","[316.0, 20]",155.0,95,18.0,0.05
07:40:09,"[146.0, 32]","[141.0, 48]","[163.5, 40]","[190.25, 32]",154.75,152,17.5,0.05
07:40:10,"[146.0, 52]","[142.5, 84]","[162.25, 53]","[247.64, 56]",154.12,245,16.25,0.11
07:40:11,"[146.0, 24]","[144.0, 42]","[159.44, 18]","[161.67, 24]",152.72,108,13.44,0.22
07:40:12,"[146.57, 47]","[144.51, 47]","[158.88, 40]","[160.0, 16]",152.72,150,12.3,0.25
07:40:13,"[148.91, 99]","[146.0, 44]","[157.22, 46]","[157.97, 31]",153.06,220,8.31,0.3
07:40:14,"[149.0, 100]","[146.0, 48]","[152.91, 33]","[154.76, 51]",150.95,232,3.91,0.28
07:40:15,"[149.0, 120]","[146.0, 60]","[150.6, 75]","[153.0, 30]",149.8,285,1.6,0.26
07:40:16,"[149.0, 45]","[146.07, 29]","[150.0, 40]","[253.4, 20]",149.5,134,1.0,0.1
07:40:17,"[148.79, 19]","[146.32, 19]","[230.0, 31]","[347.0, 24]",189.39,93,81.21,-0.18
07:40:18,"[146.33, 36]","[144.14, 58]","[338.42, 31]","[388.35, 31]",242.38,156,192.09,0.21
07:40:19,"[146.0, 40]","[144.0, 70]","[225.0, 36]","[257.25, 32]",185.5,178,79.0,0.24
07:40:20,"[144.12, 64]","[143.19, 37]","[154.2, 40]","[191.5, 32]",149.16,173,10.07,0.17
07:40:21,"[144.0, 60]","[143.0, 38]","[259.2, 20]","[344.0, 32]",201.6,150,115.2,0.31
07:40:22,"[144.03, 39]","[142.43, 42]","[331.2, 20]","[467.16, 38]",237.61,139,187.17,0.17
07:40:23,"[145.0, 48]","[144.0, 24]","[557.65, 17]","[706.84, 38]",351.32,127,412.65,0.13
07:40:24,"[145.0, 28]","[144.0, 14]","[428.0, 7]","[502.0, 18]",286.5,67,283.0,0.25
07:40:25,"[144.83, 24]","[143.71, 14]","[215.27, 33]","[246.71, 28]",180.05,99,70.44,-0.23
07:40:26,"[144.0, 10]","[143.0, 10]","[207.4, 40]","[210.0, 40]",175.7,100,63.4,-0.6
07:40:27,"[141.97, 36]","[140.97, 66]","[167.73, 22]","[212.35, 37]",154.85,161,25.76,0.27
07:40:28,"[144.74, 46]","[141.5, 72]","[159.0, 14]","[207.0, 28]",151.87,160,14.26,0.47
07:40:29,"[148.0, 104]","[144.08, 78]","[159.0, 26]","[207.0, 52]",153.5,260,11.0,0.4
07:40:30,"[148.0, 32]","[145.0, 24]","[159.0, 8]","[207.0, 16]",153.5,80,11.0,0.4
07:40:31,"[148.0, 72]","[145.09, 46]","[199.38, 32]","[204.45, 22]",173.69,172,51.38,0.37
07:40:32,"[148.0, 104]","[146.0, 26]","[201.15, 52]","[203.0, 26]",174.58,208,53.15,0.25
07:40:33,"[148.0, 79]","[146.0, 24]","[200.0, 48]","[359.82, 22]",174.0,173,52.0,0.19
07:40:34,"[149.27, 44]","[146.92, 25]","[197.8, 60]","[401.33, 36]",173.54,165,48.53,-0.16
07:40:35,"[150.0, 16]","[149.0, 4]","[199.0, 16]","[477.0, 8]",174.5,44,49.0,-0.09
07:40:36,"[149.0, 9]","[148.0, 18]","[197.78, 36]","[233.25, 32]",173.39,95,48.78,-0.43
07:40:37,"[149.0, 12]","[148.0, 24]","[196.3, 40]","[197.27, 44]",172.65,120,47.3,-0.4
07:40:38,"[149.0, 8]","[148.0, 16]","[194.0, 16]","[195.0, 32]",171.5,72,45.0,-0.33
07:40:39,"[149.0, 80]","[148.0, 39]","[191.15, 40]","[191.82, 56]",170.07,215,42.15,0.11
07:40:40,"[149.0, 17]","[148.0, 10]","[187.0, 15]","[188.0, 10]",168.0,52,38.0,0.04
07:40:41,"[146.06, 34]","[144.51, 41]","[185.0, 28]","[186.0, 22]",165.53,125,38.94,0.2
07:40:42,"[143.33, 43]","[140.17, 87]","[183.0, 40]","[183.96, 25]",163.16,195,39.67,0.33
07:40:43,"[143.94, 51]","[140.22, 108]","[179.46, 46]","[180.73, 33]",161.7,238,35.52,0.34
07:40:44,"[146.0, 55]","[144.43, 35]","[177.8, 40]","[178.88, 32]",161.9,162,31.8,0.11
07:40:45,"[146.82, 17]","[145.85, 41]","[174.73, 33]","[175.75, 32]",160.78,123,27.9,-0.06
07:40:46,"[148.0, 7]","[146.0, 35]","[170.67, 24]","[171.76, 25]",159.33,91,22.67,-0.08
07:40:47,"[146.03, 69]","[145.02, 277]","[165.86, 42]","[166.72, 61]",155.94,449,19.83,0.54
07:40:48,"[146.0, 15]","[145.0, 255]","[161.16, 43]","[163.11, 35]",153.58,348,15.16,0.55
07:40:49,"[146.0, 12]","[145.0, 204]","[156.6, 40]","[157.36, 44]",151.3,300,10.6,0.44
07:40:50,"[147.14, 80]","[145.18, 62]","[151.91, 35]","[152.91, 46]",149.53,223,4.78,0.27
07:40:51,"[147.54, 26]","[145.06, 108]","[149.64, 42]","[175.7, 23]",148.59,199,2.1,0.35
07:40:52,"[146.0, 13]","[145.0, 221]","[148.46, 39]","[183.57, 23]",147.23,296,2.46,0.58
07:40:53,"[146.0, 8]","[145.0, 136]","[147.0, 24]","[149.0, 24]",146.5,192,1.0,0.5
07:40:54,"[145.03, 117]","[144.48, 92]","[146.83, 36]","[149.0, 36]",145.93,281,1.8,0.49
07:40:55,"[145.0, 88]","[143.0, 24]","[146.0, 24]","[246.5, 32]",145.5,168,1.0,0.33
07:40:56,"[145.0, 76]","[143.0, 24]","[247.71, 28]","[312.0, 26]",196.36,154,102.71,0.3
07:40:57,"[145.0, 60]","[143.0, 36]","[319.38, 39]","[396.0, 42]",232.19,177,174.38,0.08
07:40:58,"[147.23, 75]","[145.53, 75]","[302.6, 65]","[324.54, 68]",224.91,283,155.37,0.06
07:40:59,"[148.0, 34]","[146.0, 44]","[186.05, 43]","[201.14, 35]",167.02,156,38.05,0.0
07:41:00,"[146.72, 25]","[145.27, 44]","[170.82, 44]","[191.42, 48]",158.77,161,24.1,-0.14
07:41:01,"[146.0, 14]","[145.0, 56]","[148.89, 62]","[172.68, 50]",147.44,182,2.89,-0.23
07:41:02,"[144.0, 44]","[141.65, 65]","[147.64, 25]","[165.54, 26]",145.82,160,3.64,0.36
07:41:03,"[144.0, 36]","[143.0, 30]","[146.69, 16]","[318.62, 29]",145.34,111,2.69,0.19
07:41:04,"[144.0, 13]","[143.0, 39]","[146.69, 39]","[244.29, 35]",145.35,126,2.69,-0.17
07:41:05,"[141.1, 93]","[141.0, 27]","[146.67, 12]","[192.25, 12]",143.88,144,5.57,0.67
07:41:06,"[141.52, 62]","[140.94, 96]","[145.38, 24]","[286.17, 18]",143.45,200,3.86,0.58
07:41:07,"[141.14, 83]","[140.71, 42]","[144.88, 25]","[273.81, 43]",143.01,193,3.74,0.3
07:41:08,"[141.0, 194]","[140.0, 15]","[143.0, 27]","[145.42, 33]",142.0,269,2.0,0.55
07:41:09,"[141.0, 95]","[140.0, 9]","[342.5, 24]","[505.96, 26]",241.75,154,201.5,0.35
07:41:10,"[141.0, 81]","[140.0, 10]","[317.52, 31]","[449.37, 19]",229.26,141,176.52,0.29
07:41:11,"[141.58, 19]","[139.33, 18]","[303.73, 22]","[458.64, 28]",222.65,87,162.15,-0.15
07:41:12,"[146.0, 5]","[140.0, 5]","[470.0, 20]","[606.2, 5]",308.0,35,324.0,-0.43
07:41:13,"[146.0, 7]","[140.0, 7]","[454.79, 14]","[479.22, 23]",300.39,51,308.79,-0.45
07:41:14,"[146.0, 5]","[140.4, 5]","[311.11, 9]","[364.0, 6]",228.56,25,165.11,-0.2
07:41:15,"[146.0, 6]","[141.0, 6]","[303.0, 6]","[311.0, 12]",224.5,30,157.0,-0.2
07:41:16,"[146.0, 8]","[142.8, 10]","[302.0, 16]","[303.0, 8]",224.0,42,156.0,-0.14
07:41:17,"[146.0, 9]","[145.0, 18]","[231.92, 24]","[289.15, 27]",188.96,78,85.92,-0.31
07:41:18,"[140.0, 72]","[139.0, 27]","[223.11, 18]","[331.36, 22]",181.56,139,83.11,0.42
07:41:19,"[140.0, 56]","[139.0, 21]","[220.43, 14]","[221.86, 14]",180.21,105,80.43,0.47
07:41:20,"[140.0, 72]","[139.0, 30]","[174.42, 19]","[195.73, 15]",157.21,136,34.42,0.5
07:41:21,"[140.0, 32]","[139.0, 24]","[266.43, 14]","[356.8, 20]",203.21,90,126.43,0.24
07:41:22,"[148.0, 30]","[144.74, 19]","[375.0, 24]","[498.0, 6]",261.5,79,227.0,0.24
07:41:23,"[148.1, 30]","[146.36, 22]","[402.32, 19]","[730.88, 16]",275.21,87,254.22,0.2
07:41:24,"[149.0, 12]","[148.0, 16]","[548.0, 4]","[796.0, 16]",348.5,48,399.0,0.17
07:41:25,"[149.0, 10]","[148.0, 32]","[400.53, 19]","[615.48, 23]",274.76,84,251.53,0.0
07:41:26,"[149.0, 8]","[148.0, 32]","[438.29, 17]","[451.25, 20]",293.65,77,289.29,0.04
07:41:27,"[149.0, 9]","[148.0, 36]","[219.0, 21]","[433.67, 18]",184.0,84,70.0,0.07
07:41:28,"[149.0, 8]","[148.0, 32]","[169.78, 27]","[272.93, 14]",159.39,81,20.78,-0.01
07:41:29,"[148.17, 24]","[147.03, 31]","[182.22, 9]","[199.92, 25]",165.19,89,34.06,0.24
07:41:30,"[148.6, 10]","[147.78, 27]","[180.14, 7]","[575.0, 7]",164.37,51,31.54,0.45
07:41:31,"[149.0, 6]","[148.0, 24]","[178.0, 6]","[329.0, 6]",163.5,42,29.0,0.43
07:41:32,"[148.11, 9]","[146.11, 37]","[176.78, 9]","[329.0, 9]",162.44,64,28.67,0.44
07:41:33,"[148.0, 4]","[146.0, 20]","[175.75, 4]","[345.5, 8]",161.88,36,27.75,0.33
07:41:34,"[148.0, 5]","[146.0, 25]","[175.0, 5]","[311.94, 17]",161.5,52,27.0,0.15
07:41:35,"[148.0, 7]","[146.0, 35]","[174.0, 7]","[271.0, 25]",161.0,74,26.0,0.14
07:41:36,"[146.21, 56]","[145.34, 47]","[172.6, 43]","[331.09, 35]",159.41,181,26.39,0.14
07:41:37,"[145.66, 29]","[142.59, 29]","[171.6, 50]","[172.8, 20]",158.63,128,25.94,-0.09
07:41:38,"[149.0, 14]","[143.86, 7]","[170.0, 7]","[171.0, 28]",159.5,56,21.0,-0.25
07:41:39,"[149.0, 18]","[145.85, 33]","[169.47, 15]","[170.93, 30]",159.23,96,20.47,0.06
07:41:40,"[149.0, 14]","[146.0, 35]","[167.75, 16]","[168.32, 19]",158.38,84,18.75,0.17
07:41:41,"[149.0, 26]","[146.0, 65]","[161.83, 29]","[163.15, 33]",155.41,153,12.83,0.19
07:41:42,"[149.0, 34]","[146.0, 85]","[154.5, 26]","[155.46, 41]",151.75,186,5.5,0.28
07:41:43,"[147.27, 52]","[145.7, 61]","[150.76, 17]","[153.18, 38]",149.02,168,3.5,0.35
07:41:44,"[145.87, 67]","[141.88, 32]","[151.45, 29]","[172.05, 40]",148.66,168,5.58,0.18
07:41:45,"[141.98, 41]","[140.9, 58]","[154.0, 52]","[352.58, 45]",147.99,196,12.02,0.01
07:41:46,"[140.44, 59]","[139.67, 39]","[153.15, 59]","[261.06, 34]",146.8,191,12.71,0.03
07:41:47,"[141.0, 18]","[140.0, 36]","[149.8, 44]","[151.3, 37]",145.4,135,8.8,-0.2
07:41:48,"[140.96, 23]","[133.47, 68]","[147.6, 47]","[148.41, 59]",144.28,197,6.64,-0.08
07:41:49,"[120.56, 27]","[65.24, 62]","[144.85, 52]","[146.4, 25]",132.7,166,24.29,0.07
07:41:50,"[72.47, 17]","[62.0, 64]","[142.88, 40]","[143.73, 33]",107.67,154,70.4,0.05
07:41:51,"[100.39, 36]","[79.13, 55]","[140.26, 38]","[142.16, 43]",120.33,172,39.87,0.06
07:41:52,"[102.45, 22]","[85.27, 44]","[140.0, 32]","[143.0, 40]",121.23,138,37.55,-0.04
07:41:53,"[111.13, 53]","[97.57, 46]","[135.17, 23]","[138.06, 49]",123.15,171,24.04,0.16
07:41:54,"[127.4, 15]","[113.73, 55]","[137.0, 32]","[139.0, 32]",132.2,134,9.6,0.04
07:41:55,"[129.8, 5]","[102.56, 36]","[137.0, 20]","[139.0, 20]",133.4,81,7.2,0.01
07:41:56,"[132.2, 98]","[113.49, 71]","[135.33, 24]","[137.18, 44]",133.77,237,3.13,0.43
07:41:57,"[135.52, 27]","[133.05, 111]","[137.48, 42]","[139.77, 52]",136.5,232,1.96,0.19
07:41:58,"[136.36, 66]","[136.25, 77]","[140.79, 39]","[254.53, 45]",138.58,227,4.43,0.26
07:41:59,"[139.62, 8]","[137.69, 55]","[148.91, 34]","[382.55, 11]",144.27,108,9.29,0.17
07:42:00,"[142.1, 20]","[129.08, 26]","[202.43, 23]","[408.56, 18]",172.27,87,60.33,0.06
07:42:01,"[148.84, 19]","[145.0, 5]","[235.67, 6]","[457.0, 9]",192.25,39,86.82,0.23
07:42:02,"[149.0, 54]","[148.0, 7]","[287.0, 7]","[482.0, 14]",218.0,82,138.0,0.49
07:42:03,"[149.0, 58]","[148.0, 9]","[318.09, 32]","[435.25, 20]",233.55,119,169.09,0.13
07:42:04,"[146.9, 20]","[142.0, 25]","[247.0, 24]","[265.38, 29]",196.95,98,100.1,-0.08
07:42:05,"[143.75, 8]","[141.06, 31]","[227.08, 26]","[228.14, 14]",185.41,79,83.33,-0.01
07:42:06,"[146.6, 20]","[143.46, 26]","[225.42, 38]","[227.27, 22]",186.01,106,78.82,-0.13
07:42:07,"[147.33, 15]","[144.07, 14]","[214.46, 26]","[215.44, 18]",180.9,73,67.13,-0.21
07:42:08,"[143.26, 23]","[142.4, 10]","[186.2, 30]","[187.73, 22]",164.73,85,42.94,-0.22
07:42:09,"[138.48, 31]","[114.03, 66]","[149.89, 19]","[177.61, 36]",144.19,152,11.41,0.28
07:42:10,"[137.0, 20]","[125.9, 70]","[180.13, 31]","[242.82, 22]",158.56,143,43.13,0.26
07:42:11,"[131.97, 33]","[94.2, 49]","[180.64, 56]","[182.36, 56]",156.31,194,48.67,-0.15
07:42:12,"[142.8, 10]","[109.97, 33]","[179.56, 36]","[182.0, 36]",161.18,115,36.76,-0.25
07:42:13,"[141.0, 20]","[118.72, 72]","[178.0, 48]","[182.0, 48]",159.5,188,37.0,-0.02
07:42:14,"[141.0, 24]","[119.46, 81]","[176.33, 48]","[177.33, 48]",158.67,201,35.33,0.04
07:42:15,"[142.88, 56]","[138.23, 47]","[172.71, 68]","[174.12, 68]",157.79,239,29.83,-0.14
07:42:16,"[143.19, 32]","[142.2, 30]","[168.5, 48]","[170.5, 48]",155.84,158,25.31,-0.22
07:42:17,"[147.0, 20]","[143.08, 26]","[165.2, 40]","[166.7, 40]",156.1,126,18.2,-0.27
07:42:18,"[149.0, 78]","[144.92, 13]","[162.85, 52]","[163.85, 52]",155.92,195,13.85,-0.07
07:42:19,"[149.0, 54]","[145.0, 11]","[161.0, 44]","[162.82, 44]",155.0,153,12.0,-0.15
07:42:20,"[149.0, 85]","[145.0, 11]","[158.46, 39]","[159.85, 41]",153.73,176,9.46,0.09
07:42:21,"[149.0, 90]","[145.0, 10]","[153.32, 37]","[155.0, 39]",151.16,176,4.32,0.14
07:42:22,"[147.35, 49]","[145.44, 34]","[150.37, 54]","[152.14, 56]",148.86,193,3.02,-0.14
07:42:23,"[144.0, 12]","[143.0, 12]","[147.0, 16]","[148.0, 12]",145.5,52,3.0,-0.08
07:42:24,"[141.77, 39]","[134.52, 50]","[144.05, 37]","[196.5, 24]",142.91,150,2.28,0.19
07:42:25,"[141.0, 18]","[140.0, 22]","[200.0, 5]","[443.0, 13]",170.5,58,59.0,0.38
07:42:26,"[141.07, 70]","[140.09, 35]","[286.2, 15]","[434.41, 29]",213.64,149,145.13,0.41
07:42:27,"[141.0, 43]","[140.0, 16]","[285.0, 8]","[382.25, 20]",213.0,87,144.0,0.36
07:42:28,"[141.6, 53]","[140.7, 40]","[282.88, 16]","[352.38, 32]",212.24,141,141.27,0.32
07:42:29,"[143.82, 90]","[141.0, 84]","[281.09, 44]","[282.14, 28]",212.46,246,137.27,0.41
07:42:30,"[144.0, 45]","[141.0, 70]","[253.11, 37]","[278.79, 28]",198.55,180,109.11,0.28
07:42:31,"[144.78, 54]","[142.38, 78]","[205.53, 51]","[205.18, 44]",175.15,227,60.75,0.16
07:42:32,"[147.0, 33]","[141.0, 77]","[178.25, 24]","[180.24, 42]",162.62,176,31.25,0.25
07:42:33,"[148.0, 32]","[142.98, 41]","[176.0, 28]","[178.26, 38]",162.0,139,28.0,0.05
07:42:34,"[148.78, 18]","[144.0, 27]","[173.0, 22]","[174.62, 32]",160.89,99,24.22,-0.09
07:42:35,"[149.0, 67]","[144.0, 33]","[170.64, 22]","[173.0, 44]",159.82,166,21.64,0.2
07:42:36,"[149.0, 84]","[144.0, 36]","[166.76, 38]","[168.35, 31]",157.88,189,17.76,0.27
07:42:37,"[149.0, 105]","[144.0, 45]","[164.09, 43]","[164.88, 50]",156.55,243,15.09,0.23
07:42:38,"[149.0, 54]","[144.0, 24]","[159.42, 36]","[160.89, 28]",154.21,142,10.42,0.1
07:42:39,"[149.0, 37]","[146.06, 96]","[156.6, 43]","[157.89, 70]",152.8,246,7.6,0.08
07:42:40,"[149.0, 9]","[148.0, 54]","[153.36, 22]","[154.6, 25]",151.18,110,4.36,0.15
07:42:41,"[148.14, 42]","[146.92, 78]","[150.06, 47]","[152.29, 31]",149.1,198,1.92,0.21
07:42:42,"[148.0, 48]","[146.0, 77]","[149.35, 34]","[152.0, 44]",148.68,203,1.35,0.23
07:42:43,"[146.16, 76]","[145.51, 41]","[149.51, 55]","[246.58, 38]",147.83,210,3.35,0.11
07:42:44,"[146.0, 42]","[145.0, 12]","[149.0, 24]","[269.0, 30]",147.5,108,3.0,0.0
07:42:45,"[146.0, 77]","[144.2, 30]","[148.3, 40]","[226.3, 47]",147.15,194,2.3,0.1
07:42:46,"[146.0, 42]","[144.96, 78]","[147.0, 18]","[148.0, 24]",146.5,162,1.0,0.48
07:42:47,"[146.0, 31]","[145.0, 135]","[147.0, 27]","[290.84, 44]",146.5,237,1.0,0.4
07:42:48,"[145.12, 98]","[144.77, 78]","[146.86, 28]","[243.85, 46]",145.99,250,1.73,0.41
07:42:49,"[145.56, 118]","[144.87, 90]","[147.0, 30]","[286.8, 50]",146.28,288,1.44,0.44
07:42:50,"[146.01, 132]","[145.06, 166]","[167.43, 47]","[271.56, 57]",156.72,402,21.42,0.48
07:42:51,"[146.05, 65]","[145.2, 147]","[398.92, 60]","[594.25, 60]",272.48,332,252.87,0.28
07:42:52,"[145.62, 26]","[144.97, 107]","[681.5, 24]","[704.9, 39]",413.56,196,535.88,0.36
07:42:53,"[145.32, 38]","[144.5, 30]","[542.0, 28]","[645.29, 28]",343.66,124,396.68,0.1
07:42:54,"[145.44, 9]","[144.17, 29]","[396.25, 24]","[399.15, 39]",270.85,101,250.81,-0.25
07:42:55,"[145.0, 5]","[144.0, 15]","[203.0, 25]","[395.0, 10]",174.0,55,58.0,-0.27
07:42:56,"[145.0, 7]","[144.0, 21]","[177.31, 29]","[363.25, 20]",161.16,77,32.31,-0.27
07:42:57,"[145.5, 12]","[143.69, 26]","[162.09, 44]","[256.33, 36]",153.8,118,16.59,-0.36
07:42:58,"[142.18, 44]","[140.93, 142]","[160.08, 65]","[163.0, 91]",151.13,342,17.9,0.09
07:42:59,"[149.0, 5]","[143.86, 14]","[158.8, 25]","[163.0, 35]",153.9,79,9.8,-0.52
07:43:00,"[144.71, 21]","[143.43, 21]","[153.93, 27]","[156.72, 36]",149.32,105,9.21,-0.2
07:43:01,"[143.0, 6]","[141.0, 72]","[151.11, 27]","[152.33, 15]",147.06,120,8.11,0.3
07:43:02,"[142.05, 128]","[140.91, 90]","[146.45, 84]","[147.76, 54]",144.25,356,4.41,0.22
07:43:03,"[142.78, 121]","[139.47, 107]","[221.95, 63]","[420.78, 68]",182.36,359,79.18,0.27
07:43:04,"[144.0, 45]","[141.27, 37]","[367.22, 18]","[370.0, 36]",255.61,136,223.22,0.21
07:43:05,"[145.8, 54]","[145.15, 87]","[365.6, 20]","[370.0, 40]",255.7,201,219.8,0.4
07:43:06,"[147.67, 24]","[146.0, 132]","[190.71, 28]","[303.0, 34]",169.19,218,43.05,0.43
07:43:07,"[148.0, 4]","[146.0, 22]","[206.0, 4]","[339.0, 8]",177.0,38,58.0,0.37
07:43:08,"[148.0, 10]","[146.0, 55]","[198.8, 10]","[250.33, 12]",173.4,87,50.8,0.49
07:43:09,"[148.0, 20]","[146.33, 98]","[203.04, 23]","[361.13, 39]",175.52,180,55.04,0.31
07:43:10,"[146.17, 71]","[145.42, 73]","[206.0, 18]","[250.0, 36]",176.08,198,59.83,0.45
07:43:11,"[148.0, 16]","[146.0, 80]","[185.45, 22]","[283.71, 21]",166.73,139,37.45,0.38
07:43:12,"[148.0, 13]","[146.0, 73]","[205.0, 14]","[450.0, 35]",176.5,135,57.0,0.27
07:43:13,"[148.0, 8]","[146.0, 88]","[203.84, 19]","[404.46, 35]",175.92,150,55.84,0.28
07:43:14,"[146.0, 83]","[145.0, 70]","[201.49, 41]","[202.34, 29]",173.74,223,55.49,0.37
07:43:15,"[146.0, 88]","[145.0, 77]","[199.68, 37]","[200.25, 40]",172.84,242,53.68,0.36
07:43:16,"[148.22, 72]","[145.59, 68]","[198.11, 18]","[200.0, 45]",173.17,203,49.89,0.38
07:43:17,"[146.04, 67]","[145.1, 70]","[195.38, 26]","[199.55, 44]",170.71,207,49.34,0.32
07:43:18,"[149.0, 10]","[146.0, 70]","[193.96, 47]","[194.78, 23]",171.48,150,44.96,0.07
07:43:19,"[149.0, 10]","[146.0, 70]","[191.87, 23]","[193.91, 47]",170.43,150,42.87,0.07
07:43:20,"[149.0, 12]","[146.0, 84]","[190.27, 59]","[191.63, 27]",169.64,182,41.27,0.05
07:43:21,"[149.0, 11]","[146.0, 77]","[187.06, 35]","[188.46, 54]",168.03,177,38.06,-0.01
07:43:22,"[146.19, 64]","[145.25, 112]","[182.31, 32]","[183.9, 58]",164.25,266,36.12,0.32
07:43:23,"[146.0, 60]","[145.0, 84]","[172.44, 18]","[173.05, 42]",159.22,204,26.44,0.41
07:43:24,"[146.0, 40]","[145.0, 56]","[170.37, 27]","[170.52, 23]",158.19,146,24.37,0.32
07:43:25,"[146.6, 50]","[145.31, 81]","[166.7, 37]","[167.91, 44]",156.65,212,20.1,0.24
07:43:26,"[149.0, 39]","[146.0, 105]","[162.86, 44]","[162.6, 60]",155.93,248,13.86,0.16
07:43:27,"[149.0, 12]","[146.0, 60]","[155.82, 17]","[158.33, 39]",152.41,128,6.82,0.12
07:43:28,"[149.0, 16]","[146.0, 80]","[150.5, 40]","[151.64, 22]",149.75,158,1.5,0.22
07:43:29,"[145.36, 67]","[144.78, 49]","[148.88, 32]","[150.13, 46]",147.12,194,3.52,0.2
07:43:30,"[145.42, 43]","[144.8, 59]","[148.0, 27]","[189.56, 78]",146.71,207,2.58,-0.01
07:43:31,"[143.29, 72]","[142.07, 41]","[150.94, 16]","[177.11, 70]",147.11,199,7.65,0.14
07:43:32,"[145.59, 61]","[140.74, 47]","[149.14, 14]","[164.38, 16]",147.37,138,3.55,0.57
07:43:33,"[144.35, 48]","[140.63, 27]","[148.62, 16]","[171.56, 32]",146.49,123,4.27,0.22
07:43:34,"[141.67, 66]","[140.45, 29]","[147.15, 26]","[296.06, 49]",144.41,170,5.49,0.12
07:43:35,"[142.84, 37]","[141.13, 63]","[145.2, 30]","[147.9, 31]",144.02,161,2.36,0.24
07:43:36,"[141.72, 25]","[140.9, 42]","[229.18, 28]","[337.94, 34]",185.45,129,87.46,0.04
07:43:37,"[141.0, 29]","[140.0, 9]","[449.22, 27]","[554.54, 39]",295.11,104,308.22,-0.27
07:43:38,"[145.44, 27]","[140.96, 25]","[248.47, 15]","[330.4, 25]",196.96,92,103.02,0.13
07:43:39,"[141.6, 25]","[140.21, 14]","[245.75, 12]","[248.0, 12]",193.68,63,104.15,0.24
07:43:40,"[139.73, 11]","[138.09, 44]","[234.36, 11]","[245.78, 9]",187.05,75,94.64,0.47
07:43:41,"[138.08, 50]","[125.83, 36]","[221.06, 17]","[232.93, 15]",179.57,118,82.98,0.46
07:43:42,"[139.85, 78]","[129.86, 21]","[171.38, 42]","[189.38, 16]",155.61,157,31.53,0.26
07:43:43,"[141.19, 26]","[140.0, 84]","[186.57, 21]","[187.2, 15]",163.88,146,45.38,0.51
07:43:44,"[142.22, 18]","[140.0, 93]","[185.0, 9]","[275.44, 27]",163.61,147,42.78,0.51
07:43:45,"[143.0, 50]","[140.2, 98]","[183.13, 38]","[271.19, 16]",163.07,202,40.13,0.47
07:43:46,"[143.4, 20]","[140.61, 66]","[180.8, 10]","[183.0, 50]",162.1,146,37.4,0.18
07:43:47,"[141.03, 62]","[138.36, 117]","[150.79, 19]","[173.45, 38]",145.91,236,9.76,0.52
07:43:48,"[147.1, 41]","[141.79, 29]","[180.34, 44]","[207.62, 42]",163.72,156,33.24,-0.1
07:43:49,"[148.0, 50]","[146.0, 10]","[179.3, 50]","[181.86, 28]",163.65,138,31.3,-0.13
07:43:50,"[148.68, 62]","[146.0, 14]","[176.09, 56]","[177.65, 46]",162.38,178,27.41,-0.15
07:43:51,"[146.19, 42]","[143.85, 33]","[170.08, 38]","[171.08, 36]",158.13,149,23.89,0.01
07:43:52,"[149.0, 39]","[145.0, 91]","[167.9, 61]","[168.85, 65]",158.45,256,18.9,0.02
07:43:53,"[149.0, 27]","[145.0, 63]","[164.11, 27]","[165.87, 31]",156.56,148,15.11,0.22
07:43:54,"[149.0, 36]","[145.0, 84]","[158.02, 54]","[159.25, 40]",153.51,214,9.02,0.12
07:43:55,"[149.0, 33]","[145.0, 77]","[155.19, 43]","[156.67, 45]",152.09,198,6.19,0.11
07:43:56,"[147.35, 51]","[144.08, 91]","[151.0, 63]","[152.27, 51]",149.18,256,3.65,0.11
07:43:57,"[145.0, 67]","[141.0, 70]","[148.11, 27]","[149.47, 40]",146.56,204,3.11,0.34
07:43:58,"[145.0, 36]","[141.0, 63]","[149.41, 34]","[150.32, 37]",147.21,170,4.41,0.16
07:43:59,"[145.69, 52]","[142.45, 44]","[148.81, 26]","[149.92, 38]",147.25,160,3.12,0.2
07:44:00,"[146.0, 52]","[145.0, 36]","[147.0, 20]","[234.89, 38]",146.5,146,1.0,0.21
07:44:01,"[145.0, 26]","[144.0, 60]","[326.0, 44]","[500.6, 40]",235.5,170,181.0,0.01
07:44:02,"[144.62, 8]","[142.63, 46]","[278.75, 32]","[406.6, 30]",211.69,116,134.12,-0.07
07:44:03,"[144.22, 9]","[141.12, 51]","[400.56, 36]","[493.46, 26]",272.39,122,256.33,-0.02
07:44:04,"[146.0, 7]","[144.0, 7]","[444.83, 24]","[511.67, 18]",295.42,56,298.83,-0.5
07:44:05,"[148.24, 21]","[144.0, 13]","[420.09, 44]","[557.82, 34]",284.16,112,271.85,-0.39
07:44:06,"[149.0, 18]","[145.88, 16]","[403.0, 18]","[546.44, 18]",276.0,70,254.0,-0.03
07:44:07,"[148.74, 23]","[145.83, 23]","[228.69, 26]","[478.57, 28]",188.72,100,79.95,-0.08
07:44:08,"[143.29, 21]","[141.16, 37]","[191.29, 28]","[354.29, 14]",167.29,100,48.0,0.16
07:44:09,"[143.0, 30]","[141.0, 56]","[351.73, 30]","[513.47, 30]",247.37,146,208.73,0.18
07:44:10,"[145.4, 15]","[142.38, 13]","[315.0, 16]","[406.0, 8]",230.2,52,169.6,0.08
07:44:11,"[146.0, 44]","[143.0, 33]","[331.89, 36]","[418.25, 32]",238.94,145,185.89,0.06
07:44:12,"[146.0, 32]","[143.57, 21]","[193.88, 16]","[385.33, 30]",169.94,99,47.88,0.07
07:44:13,"[146.0, 28]","[145.0, 14]","[155.0, 14]","[389.0, 28]",150.5,84,9.0,0.0
07:44:14,"[146.0, 36]","[145.0, 18]","[155.0, 18]","[203.18, 34]",150.5,106,9.0,0.02
07:44:15,"[146.0, 44]","[145.0, 22]","[153.92, 37]","[241.12, 34]",149.96,137,7.92,-0.04
07:44:16,"[146.0, 32]","[145.0, 16]","[152.75, 40]","[448.31, 26]",149.38,114,6.75,-0.16
07:44:17,"[146.0, 48]","[145.0, 24]","[149.64, 44]","[160.21, 53]",147.82,169,3.64,-0.15
07:44:18,"[146.0, 48]","[145.0, 24]","[147.42, 60]","[148.5, 60]",146.71,192,1.42,-0.25
07:44:19,"[145.53, 34]","[143.67, 36]","[147.0, 70]","[352.0, 52]",146.26,192,1.47,-0.27
07:44:20,"[142.36, 59]","[141.14, 102]","[145.82, 49]","[241.27, 55]",144.09,265,3.46,0.22
07:44:21,"[141.29, 45]","[140.77, 52]","[143.52, 27]","[145.67, 36]",142.4,160,2.23,0.21
07:44:22,"[141.0, 108]","[140.0, 45]","[142.64, 44]","[143.3, 46]",141.82,243,1.64,0.26
07:44:23,"[141.0, 26]","[140.0, 21]","[142.0, 14]","[204.83, 24]",141.5,85,1.0,0.11
07:44:24,"[142.08, 25]","[140.13, 30]","[331.41, 37]","[516.13, 30]",236.74,122,189.33,-0.1
07:44:25,"[146.0, 14]","[142.43, 7]","[206.0, 21]","[517.12, 16]",176.0,58,60.0,-0.28
07:44:26,"[146.0, 14]","[143.0, 7]","[206.0, 21]","[483.0, 14]",176.0,56,60.0,-0.25
07:44:27,"[146.0, 8]","[143.0, 4]","[206.0, 12]","[483.0, 8]",176.0,32,60.0,-0.25
07:44:28,"[146.0, 18]","[143.0, 9]","[335.12, 32]","[415.48, 27]",240.56,86,189.12,-0.37
07:44:29,"[145.48, 23]","[142.43, 14]","[323.52, 54]","[329.08, 50]",234.5,141,178.04,-0.48
07:44:30,"[145.67, 27]","[142.63, 19]","[266.81, 62]","[271.94, 68]",206.24,176,121.14,-0.48
07:44:31,"[140.79, 33]","[139.33, 21]","[220.07, 30]","[256.64, 56]",180.43,140,79.28,-0.23
07:44:32,"[142.91, 22]","[140.0, 11]","[251.0, 44]","[284.73, 44]",196.95,121,108.09,-0.45
07:44:33,"[144.0, 28]","[140.0, 14]","[249.0, 57]","[249.97, 62]",196.5,161,105.0,-0.48
07:44:34,"[139.71, 14]","[108.24, 25]","[245.47, 60]","[247.32, 57]",192.59,156,105.75,-0.5
07:44:35,"[127.0, 21]","[123.4, 15]","[243.63, 41]","[244.9, 40]",185.32,117,116.63,-0.38
07:44:36,"[111.61, 31]","[97.41, 17]","[241.14, 37]","[242.18, 44]",176.37,129,129.52,-0.26
07:44:37,"[125.06, 80]","[110.67, 24]","[147.15, 39]","[214.0, 50]",136.11,193,22.09,0.08
07:44:38,"[126.0, 65]","[125.0, 65]","[131.0, 39]","[136.0, 26]",128.5,195,5.0,0.33
07:44:39,"[127.57, 70]","[126.43, 70]","[131.0, 42]","[136.0, 28]",129.29,210,3.43,0.33
07:44:40,"[129.54, 65]","[128.0, 65]","[131.0, 23]","[136.0, 26]",130.27,179,1.46,0.45
07:44:41,"[131.11, 45]","[129.33, 45]","[136.91, 11]","[193.94, 34]",134.01,135,5.8,0.33
07:44:42,"[132.97, 36]","[131.38, 40]","[139.0, 16]","[140.0, 8]",135.99,100,6.03,0.52
07:44:43,"[135.38, 37]","[133.45, 55]","[139.0, 22]","[140.0, 11]",137.19,125,3.62,0.47
07:44:44,"[137.62, 32]","[134.34, 29]","[139.04, 28]","[196.0, 9]",138.33,98,1.41,0.24
07:44:45,"[138.47, 34]","[96.0, 18]","[140.0, 8]","[389.82, 22]",139.24,82,1.53,0.27
07:44:46,"[140.87, 69]","[138.81, 43]","[210.69, 52]","[332.5, 40]",175.78,204,69.82,0.1
07:44:47,"[144.79, 38]","[140.94, 31]","[189.0, 18]","[241.58, 33]",166.89,120,44.21,0.15
07:44:48,"[145.09, 88]","[143.0, 11]","[296.14, 28]","[407.48, 42]",220.62,169,151.05,0.17
07:44:49,"[146.83, 70]","[144.0, 60]","[253.43, 23]","[434.91, 46]",200.13,199,106.61,0.31
07:44:50,"[149.0, 16]","[144.38, 37]","[208.0, 12]","[548.62, 26]",178.5,91,59.0,0.16
07:44:51,"[149.0, 6]","[146.0, 42]","[208.0, 12]","[571.56, 27]",178.5,87,59.0,0.1
07:44:52,"[149.0, 11]","[146.0, 49]","[208.69, 13]","[442.09, 23]",178.85,96,59.69,0.25
07:44:53,"[149.0, 10]","[146.0, 35]","[217.0, 5]","[354.0, 20]",183.0,70,68.0,0.29
07:44:54,"[149.0, 12]","[146.0, 42]","[353.67, 24]","[442.71, 14]",251.33,92,204.67,0.17
07:44:55,"[149.0, 22]","[146.0, 77]","[343.93, 29]","[386.73, 30]",246.47,158,194.93,0.25
07:44:56,"[146.38, 32]","[144.74, 38]","[348.73, 22]","[350.29, 14]",247.55,106,202.35,0.32
07:44:57,"[146.0, 87]","[144.0, 78]","[313.94, 47]","[320.85, 27]",229.97,239,167.94,0.38
07:44:58,"[146.0, 54]","[144.0, 54]","[287.06, 34]","[289.4, 20]",216.53,162,141.06,0.33
07:44:59,"[146.0, 98]","[144.12, 102]","[282.46, 48]","[283.48, 62]",214.23,310,136.46,0.29
07:45:00,"[146.0, 53]","[145.0, 52]","[276.0, 48]","[276.72, 36]",211.0,189,130.0,0.11
07:45:01,"[146.0, 24]","[145.0, 48]","[271.35, 40]","[272.58, 48]",208.68,160,125.35,-0.1
07:45:02,"[147.93, 160]","[145.65, 34]","[266.08, 48]","[268.26, 54]",207.0,296,118.16,0.31
07:45:03,"[148.0, 102]","[146.0, 18]","[262.11, 36]","[263.56, 36]",205.06,192,114.11,0.25
07:45:04,"[148.0, 121]","[146.1, 20]","[181.27, 33]","[196.0, 32]",164.64,206,33.27,0.37
07:45:05,"[148.0, 132]","[146.28, 25]","[152.5, 40]","[153.91, 44]",150.25,241,4.5,0.3
07:45:06,"[147.39, 79]","[145.45, 44]","[149.0, 44]","[150.82, 44]",148.2,211,1.61,0.17
07:45:07,"[145.23, 52]","[143.34, 148]","[147.62, 13]","[149.0, 52]",146.42,265,2.38,0.51
07:45:08,"[144.19, 43]","[143.06, 164]","[146.2, 15]","[148.33, 18]",145.19,240,2.01,0.72
07:45:09,"[144.0, 21]","[143.0, 198]","[145.0, 36]","[146.0, 18]",144.5,273,1.0,0.6
07:45:10,"[143.04, 100]","[142.22, 144]","[145.33, 24]","[146.33, 12]",144.19,280,2.29,0.74
07:45:11,"[143.1, 239]","[141.77, 149]","[145.38, 16]","[146.39, 23]",144.24,427,2.27,0.82
07:45:12,"[143.14, 170]","[142.52, 75]","[368.48, 31]","[417.08, 12]",255.81,288,225.34,0.7
07:45:13,"[142.75, 48]","[141.19, 64]","[421.1, 30]","[525.4, 10]",281.93,152,278.35,0.47
07:45:14,"[144.0, 68]","[143.0, 72]","[419.83, 36]","[613.5, 16]",281.92,192,275.83,0.46
07:45:15,"[147.0, 20]","[143.59, 34]","[409.79, 19]","[565.33, 9]",278.39,82,262.79,0.32
07:45:16,"[145.0, 12]","[143.0, 24]","[357.75, 12]","[472.5, 8]",251.38,56,212.75,0.29
07:45:17,"[145.0, 19]","[143.0, 48]","[295.17, 18]","[357.12, 24]",220.08,109,150.17,0.23
07:45:18,"[145.0, 16]","[143.0, 48]","[280.65, 20]","[291.0, 14]",212.82,98,135.65,0.31
07:45:19,"[145.0, 22]","[143.0, 66]","[251.07, 29]","[261.39, 31]",198.03,148,106.07,0.19
07:45:20,"[145.0, 28]","[143.0, 84]","[221.41, 39]","[222.34, 38]",183.21,189,76.41,0.19
07:45:21,"[147.2, 25]","[145.89, 56]","[193.46, 26]","[204.66, 32]",170.33,139,46.26,0.17
07:45:22,"[148.0, 30]","[145.94, 69]","[188.78, 36]","[190.11, 54]",168.39,189,40.78,0.05
07:45:23,"[146.08, 65]","[144.2, 54]","[186.88, 32]","[189.75, 48]",166.48,199,40.8,0.2
07:45:24,"[146.67, 36]","[145.5, 60]","[182.0, 47]","[184.98, 48]",164.33,191,35.33,0.01
07:45:25,"[147.12, 26]","[145.25, 64]","[165.76, 37]","[170.0, 40]",156.44,167,18.64,0.08
07:45:26,"[145.0, 35]","[144.0, 21]","[165.0, 29]","[165.89, 18]",155.0,103,20.0,0.09
07:45:27,"[145.0, 60]","[144.0, 36]","[153.5, 42]","[158.39, 36]",149.25,174,8.5,0.1
07:45:28,"[144.3, 30]","[143.26, 57]","[171.71, 38]","[212.08, 39]",158.01,164,27.41,0.06
07:45:29,"[144.0, 27]","[143.0, 54]","[207.69, 29]","[222.06, 34]",175.84,144,63.69,0.12
07:45:30,"[144.0, 18]","[143.0, 36]","[207.0, 18]","[208.0, 24]",175.5,96,63.0,0.12
07:45:31,"[146.91, 43]","[143.32, 53]","[206.57, 37]","[207.7, 40]",176.74,173,59.66,0.11
07:45:32,"[144.0, 49]","[143.0, 78]","[201.26, 50]","[204.5, 44]",172.63,221,57.26,0.15
07:45:33,"[143.09, 70]","[141.12, 174]","[202.46, 52]","[204.0, 39]",172.77,335,59.38,0.46
07:45:34,"[143.0, 56]","[141.0, 150]","[201.7, 40]","[204.0, 30]",172.35,276,58.7,0.49
07:45:35,"[141.03, 137]","[140.13, 114]","[200.0, 40]","[204.0, 30]",170.51,321,58.97,0.56
07:45:36,"[141.0, 153]","[140.0, 121]","[197.0, 39]","[198.11, 38]",169.0,351,56.0,0.56
07:45:37,"[141.0, 84]","[140.0, 111]","[193.69, 35]","[195.81, 42]",167.34,272,52.69,0.43
07:45:38,"[148.0, 56]","[143.27, 22]","[190.88, 24]","[193.0, 32]",169.44,134,42.88,0.16
07:45:39,"[148.0, 63]","[141.62, 32]","[187.06, 31]","[188.5, 32]",167.53,158,39.06,0.2
07:45:40,"[148.0, 83]","[141.0, 52]","[185.39, 46]","[186.53, 45]",166.7,226,37.39,0.19
07:45:41,"[148.0, 42]","[141.0, 40]","[184.0, 33]","[185.24, 37]",166.0,152,36.0,0.08
07:45:42,"[148.0, 27]","[141.0, 36]","[182.72, 29]","[184.65, 34]",165.36,126,34.72,0.0
07:45:43,"[147.3, 30]","[140.8, 45]","[181.57, 35]","[182.43, 35]",164.44,145,34.27,0.03
07:45:44,"[149.0, 28]","[141.0, 189]","[179.88, 50]","[181.0, 54]",164.44,321,30.88,0.35
07:45:45,"[142.09, 66]","[140.92, 236]","[176.2, 41]","[177.53, 43]",159.14,386,34.1,0.56
07:45:46,"[141.34, 118]","[140.88, 340]","[158.16, 56]","[160.15, 55]",149.75,569,16.82,0.61
07:45:47,"[145.48, 31]","[141.27, 201]","[149.39, 56]","[151.14, 56]",147.44,344,3.91,0.35
07:45:48,"[143.29, 14]","[141.12, 128]","[146.84, 31]","[156.59, 29]",145.06,202,3.55,0.41
07:45:49,"[141.16, 180]","[140.4, 165]","[147.26, 43]","[217.73, 33]",144.21,421,6.1,0.64
07:45:50,"[142.78, 18]","[140.0, 198]","[149.0, 27]","[233.0, 27]",145.89,270,6.22,0.6
07:45:51,"[140.33, 90]","[139.96, 114]","[147.56, 27]","[233.0, 27]",143.94,258,7.22,0.58
07:45:52,"[140.0, 120]","[139.0, 6]","[145.83, 18]","[233.0, 18]",142.92,162,5.83,0.56
07:45:53,"[141.0, 24]","[140.0, 160]","[144.0, 21]","[180.82, 22]",142.5,227,3.0,0.62
07:45:54,"[140.01, 212]","[139.32, 31]","[141.17, 36]","[144.0, 24]",140.59,303,1.15,0.6
07:45:55,"[140.0, 186]","[138.0, 11]","[269.08, 37]","[493.3, 40]",204.54,274,129.08,0.44
07:45:56,"[140.0, 112]","[138.0, 8]","[186.38, 40]","[461.0, 32]",163.19,192,46.38,0.25
07:45:57,"[140.0, 86]","[138.0, 7]","[161.0, 35]","[360.14, 28]",150.5,156,21.0,0.19
07:45:58,"[140.0, 48]","[138.0, 4]","[161.0, 20]","[553.0, 16]",150.5,88,21.0,0.18
07:45:59,"[140.0, 108]","[138.0, 9]","[189.84, 43]","[496.1, 40]",164.92,200,49.84,0.17
07:46:00,"[140.82, 49]","[139.92, 51]","[315.39, 41]","[473.5, 40]",228.1,181,174.57,0.1
07:46:01,"[142.72, 32]","[140.32, 47]","[314.06, 33]","[315.33, 30]",228.39,142,171.34,0.11
07:46:02,"[145.83, 36]","[142.77, 92]","[224.74, 70]","[255.78, 72]",185.29,270,78.91,-0.05
07:46:03,"[141.55, 56]","[139.4, 30]","[186.33, 48]","[240.0, 48]",163.94,182,44.78,-0.05
07:46:04,"[109.53, 51]","[116.57, 14]","[180.68, 69]","[185.74, 57]",145.11,191,71.15,-0.32
07:46:05,"[100.67, 45]","[38.99, 79]","[131.89, 54]","[136.43, 56]",116.28,234,31.22,0.06
07:46:06,"[105.33, 27]","[54.11, 54]","[131.0, 18]","[133.0, 36]",118.17,135,25.67,0.2
07:46:07,"[98.0, 30]","[73.33, 48]","[137.81, 42]","[138.24, 50]",117.9,170,39.81,-0.08
07:46:08,"[76.72, 18]","[61.31, 32]","[139.55, 62]","[140.52, 62]",108.14,174,62.83,-0.43
07:46:09,"[99.14, 57]","[69.11, 94]","[140.0, 44]","[141.0, 44]",119.57,239,40.86,0.26
07:46:10,"[116.89, 142]","[104.64, 138]","[140.0, 52]","[141.0, 52]",128.44,384,23.11,0.46
07:46:11,"[122.91, 161]","[106.49, 80]","[140.0, 29]","[141.0, 44]",131.45,314,17.09,0.54
07:46:12,"[124.57, 28]","[123.01, 193]","[304.94, 35]","[510.32, 40]",214.76,296,180.37,0.49
07:46:13,"[136.4, 143]","[134.08, 48]","[288.12, 32]","[337.64, 33]",212.26,256,151.73,0.49
07:46:14,"[140.0, 114]","[138.0, 18]","[254.89, 27]","[331.29, 28]",197.44,187,114.89,0.41
07:46:15,"[144.18, 102]","[141.08, 87]","[252.83, 12]","[420.24, 38]",198.5,239,108.66,0.58
07:46:16,"[149.0, 42]","[143.0, 18]","[250.83, 6]","[523.67, 18]",199.92,84,101.83,0.43
07:46:17,"[149.0, 56]","[143.0, 24]","[221.57, 14]","[464.33, 18]",185.29,112,72.57,0.43
07:46:18,"[149.0, 42]","[144.2, 15]","[228.82, 11]","[241.75, 16]",188.91,84,79.82,0.36
07:46:19,"[149.0, 56]","[146.0, 16]","[210.38, 32]","[212.0, 8]",179.69,112,61.38,0.29
07:46:20,"[149.0, 77]","[146.17, 24]","[206.79, 38]","[209.47, 17]",177.89,156,57.79,0.29
07:46:21,"[149.0, 63]","[146.0, 18]","[205.2, 30]","[206.33, 18]",177.1,129,56.2,0.26
07:46:22,"[149.0, 42]","[146.0, 12]","[204.17, 24]","[209.0, 6]",176.58,84,55.17,0.29
07:46:23,"[149.0, 63]","[146.62, 26]","[202.44, 36]","[209.0, 9]",175.72,134,53.44,0.33
07:46:24,"[149.0, 77]","[148.0, 44]","[205.18, 17]","[454.79, 29]",177.09,167,56.18,0.45
07:46:25,"[149.0, 35]","[148.0, 32]","[208.0, 8]","[544.12, 24]",178.5,99,59.0,0.35
07:46:26,"[149.0, 28]","[148.0, 56]","[205.07, 14]","[515.9, 40]",177.04,138,56.07,0.22
07:46:27,"[149.0, 14]","[148.0, 28]","[203.0, 28]","[204.0, 7]",176.0,77,54.0,0.09
07:46:28,"[148.17, 12]","[146.24, 34]","[202.55, 44]","[204.0, 11]",175.36,101,54.38,-0.09
07:46:29,"[148.0, 12]","[146.0, 36]","[195.31, 45]","[201.71, 21]",171.66,114,47.31,-0.16
07:46:30,"[148.0, 11]","[146.0, 33]","[185.82, 33]","[194.87, 30]",166.91,107,37.82,-0.18
07:46:31,"[146.95, 19]","[145.15, 47]","[197.0, 13]","[199.0, 52]",171.97,131,50.05,0.01
07:46:32,"[147.64, 11]","[144.15, 27]","[197.0, 7]","[199.0, 28]",172.32,73,49.36,0.04
07:46:33,"[149.0, 24]","[146.0, 8]","[194.82, 11]","[198.86, 29]",171.91,72,45.82,-0.11
07:46:34,"[149.0, 27]","[146.0, 8]","[194.0, 32]","[195.0, 8]",171.5,75,45.0,-0.07
07:46:35,"[149.0, 24]","[146.0, 13]","[186.46, 39]","[192.48, 27]",167.73,103,37.46,-0.28
07:46:36,"[149.0, 13]","[146.0, 26]","[188.89, 37]","[190.64, 28]",168.95,104,39.89,-0.25
07:46:37,"[147.5, 10]","[145.47, 17]","[187.0, 11]","[188.03, 29]",167.25,67,39.5,-0.19
07:46:38,"[144.09, 33]","[143.09, 33]","[185.09, 11]","[188.0, 44]",164.59,121,41.0,0.09
07:46:39,"[145.0, 39]","[144.0, 39]","[184.46, 13]","[187.62, 40]",164.73,131,39.46,0.19
07:46:40,"[144.4, 45]","[143.25, 72]","[181.59, 54]","[183.13, 15]",163.0,186,37.19,0.26
07:46:41,"[144.0, 48]","[143.0, 96]","[174.81, 42]","[177.6, 50]",159.4,236,30.81,0.22
07:46:42,"[143.54, 52]","[142.69, 78]","[167.59, 64]","[169.48, 63]",155.57,257,24.06,0.01
07:46:43,"[143.0, 36]","[141.0, 33]","[163.94, 33]","[164.41, 51]",153.47,153,20.94,-0.1
07:46:44,"[147.64, 14]","[142.85, 34]","[159.0, 12]","[163.0, 60]",153.32,120,11.36,-0.2
07:46:45,"[145.21, 29]","[142.53, 51]","[158.0, 14]","[163.0, 70]",151.6,164,12.79,-0.02
07:46:46,"[146.12, 72]","[142.18, 78]","[157.08, 52]","[162.46, 56]",151.6,258,10.95,0.16
07:46:47,"[148.0, 25]","[144.08, 25]","[153.69, 61]","[155.11, 54]",150.84,165,5.69,-0.39
07:46:48,"[147.14, 49]","[146.76, 37]","[149.11, 57]","[150.38, 58]",148.12,201,1.96,-0.14
07:46:49,"[146.19, 16]","[143.84, 100]","[147.45, 44]","[174.0, 60]",146.82,220,1.27,0.05
07:46:50,"[144.96, 100]","[142.35, 31]","[147.09, 43]","[153.72, 57]",146.03,231,2.13,0.13
07:46:51,"[144.0, 20]","[142.02, 102]","[147.42, 60]","[253.81, 48]",145.71,230,3.42,0.06
07:46:52,"[143.0, 8]","[142.0, 80]","[147.0, 40]","[542.56, 32]",145.0,160,4.0,0.1
07:46:53,"[143.0, 7]","[142.0, 70]","[146.43, 35]","[348.0, 35]",144.71,147,3.43,0.05
07:46:54,"[144.39, 23]","[141.29, 69]","[145.83, 60]","[360.39, 28]",145.11,180,1.44,0.02
07:46:55,"[143.0, 10]","[141.0, 90]","[144.4, 50]","[315.5, 22]",143.7,172,1.4,0.16
07:46:56,"[141.05, 38]","[140.12, 74]","[268.0, 6]","[394.91, 22]",204.53,140,126.95,0.6
07:46:57,"[141.0, 101]","[140.0, 116]","[329.03, 29]","[476.39, 23]",235.02,269,188.03,0.61
07:46:58,"[141.0, 50]","[140.0, 50]","[302.2, 20]","[345.4, 5]",221.6,125,161.2,0.6
07:46:59,"[141.02, 128]","[140.12, 160]","[219.88, 64]","[208.23, 43]",180.45,395,78.85,0.46
07:47:00,"[141.0, 64]","[140.0, 120]","[153.83, 48]","[183.0, 48]",147.42,280,12.83,0.31
07:47:01,"[141.0, 40]","[140.0, 80]","[152.5, 32]","[183.0, 32]",146.75,184,11.5,0.3
07:47:02,"[141.0, 64]","[140.0, 140]","[149.51, 43]","[153.88, 50]",145.26,297,8.51,0.37
07:47:03,"[141.0, 33]","[140.0, 110]","[193.52, 42]","[303.74, 19]",167.26,204,52.52,0.4
07:47:04,"[146.88, 34]","[140.29, 42]","[393.25, 16]","[394.79, 19]",270.07,111,246.37,0.37
07:47:05,"[149.0, 28]","[143.76, 29]","[474.37, 19]","[518.75, 16]",311.68,92,325.37,0.24
07:47:06,"[149.0, 16]","[145.0, 20]","[495.85, 13]","[522.29, 7]",322.42,56,346.85,0.29
07:47:07,"[149.0, 24]","[145.0, 30]","[271.0, 6]","[596.67, 24]",210.0,84,122.0,0.29
07:47:08,"[149.0, 36]","[145.0, 45]","[268.32, 34]","[419.13, 23]",208.66,138,119.32,0.17
07:47:09,"[149.0, 18]","[145.0, 35]","[290.93, 27]","[291.71, 35]",219.96,115,141.93,-0.08
07:47:10,"[145.89, 45]","[141.63, 95]","[283.5, 28]","[289.2, 40]",214.69,208,137.61,0.35
07:47:11,"[145.78, 67]","[143.67, 120]","[161.0, 60]","[255.75, 12]",153.39,259,15.22,0.44
07:47:12,"[148.0, 36]","[145.0, 90]","[159.24, 17]","[164.32, 37]",153.62,180,11.24,0.4
07:47:13,"[148.0, 44]","[145.05, 105]","[155.92, 39]","[155.78, 27]",151.96,215,7.92,0.39
07:47:14,"[148.0, 76]","[146.0, 95]","[151.94, 47]","[154.79, 67]",149.97,285,3.94,0.2
07:47:15,"[148.12, 34]","[145.31, 72]","[150.5, 18]","[166.62, 34]",149.31,158,2.38,0.34
07:47:16,"[145.19, 52]","[144.57, 74]","[148.0, 11]","[149.0, 11]",146.6,148,2.81,0.7
07:47:17,"[144.61, 51]","[143.96, 102]","[151.94, 16]","[209.55, 20]",148.27,189,7.33,0.62
07:47:18,"[144.0, 70]","[142.0, 10]","[216.42, 38]","[350.6, 20]",180.21,138,72.42,0.16
07:47:19,"[144.45, 55]","[142.67, 15]","[238.0, 11]","[571.15, 39]",191.23,120,93.55,0.17
07:47:20,"[149.0, 40]","[144.0, 40]","[236.77, 22]","[413.95, 20]",192.89,122,87.77,0.31
07:47:21,"[149.0, 65]","[144.0, 65]","[235.29, 42]","[339.16, 43]",192.14,215,86.29,0.21
07:47:22,"[149.0, 15]","[144.0, 55]","[232.93, 45]","[233.59, 41]",190.97,156,83.93,-0.1
07:47:23,"[149.0, 10]","[145.78, 18]","[228.51, 37]","[230.03, 33]",188.76,98,79.51,-0.43
07:47:24,"[144.91, 22]","[144.4, 10]","[223.5, 40]","[227.0, 30]",184.2,102,78.59,-0.37
07:47:25,"[144.0, 39]","[142.96, 83]","[221.14, 43]","[307.67, 45]",182.57,210,77.14,0.16
07:47:26,"[148.16, 93]","[141.45, 56]","[205.04, 49]","[220.0, 38]",176.6,236,56.88,0.26
07:47:27,"[149.0, 120]","[142.75, 12]","[217.43, 42]","[218.53, 30]",183.21,204,68.43,0.29
07:47:28,"[149.0, 150]","[147.58, 48]","[186.09, 67]","[215.2, 50]",167.54,315,37.09,0.26
07:47:29,"[148.53, 76]","[145.66, 73]","[211.81, 32]","[212.91, 46]",180.17,227,63.29,0.31
07:47:30,"[146.04, 81]","[144.78, 63]","[209.21, 28]","[212.0, 56]",177.63,228,63.18,0.26
07:47:31,"[145.0, 35]","[143.0, 7]","[193.41, 29]","[209.78, 18]",169.21,89,48.41,-0.06
07:47:32,"[145.0, 53]","[143.0, 11]","[206.62, 26]","[208.1, 40]",175.81,130,61.62,-0.02
07:47:33,"[149.0, 45]","[145.0, 33]","[204.73, 22]","[225.34, 35]",176.86,135,55.73,0.16
07:47:34,"[149.0, 18]","[145.0, 18]","[167.1, 10]","[196.8, 10]",158.05,56,18.1,0.29
07:47:35,"[149.0, 36]","[145.0, 51]","[166.0, 36]","[202.43, 23]",157.5,146,17.0,0.19
07:47:36,"[149.0, 27]","[145.0, 27]","[164.9, 20]","[172.08, 25]",156.95,99,15.9,0.09
07:47:37,"[149.0, 26]","[145.0, 36]","[162.63, 35]","[164.24, 25]",155.81,122,13.63,0.02
07:47:38,"[149.0, 13]","[145.0, 39]","[159.94, 32]","[161.45, 33]",154.47,117,10.94,-0.11
07:47:39,"[146.38, 16]","[142.84, 61]","[158.32, 38]","[159.43, 42]",152.35,157,11.94,-0.02
07:47:40,"[143.0, 12]","[141.52, 21]","[154.11, 19]","[157.68, 31]",148.55,83,11.11,-0.2
07:47:41,"[143.0, 8]","[142.0, 8]","[157.0, 16]","[158.0, 24]",150.0,56,14.0,-0.43
07:47:42,"[143.83, 29]","[142.62, 13]","[152.76, 34]","[153.77, 31]",148.3,107,8.94,-0.21
07:47:43,"[145.0, 39]","[143.84, 32]","[148.38, 34]","[150.33, 36]",146.69,141,3.38,0.01
07:47:44,"[146.29, 28]","[144.0, 42]","[147.8, 35]","[151.0, 42]",147.04,147,1.51,-0.05
07:47:45,"[142.87, 46]","[141.45, 40]","[146.76, 51]","[147.65, 34]",144.82,171,3.9,0.01
07:47:46,"[141.0, 29]","[140.0, 45]","[143.11, 18]","[144.38, 16]",142.06,108,2.11,0.37
07:47:47,"[139.83, 24]","[127.64, 14]","[141.33, 12]","[143.92, 13]",140.58,63,1.5,0.21
07:47:48,"[139.59, 17]","[119.17, 12]","[144.25, 12]","[200.88, 43]",141.92,84,4.66,-0.31
07:47:49,"[141.0, 26]","[138.09, 22]","[147.0, 21]","[218.09, 47]",144.0,116,6.0,-0.17
07:47:50,"[141.0, 11]","[138.0, 10]","[325.95, 39]","[487.59, 37]",233.47,97,184.95,-0.57
07:47:51,"[142.76, 17]","[139.78, 9]","[213.0, 9]","[275.11, 36]",177.88,71,70.24,-0.27
07:47:52,"[144.48, 31]","[142.6, 10]","[255.89, 36]","[340.5, 16]",200.19,93,111.41,-0.12
07:47:53,"[145.0, 46]","[144.0, 10]","[255.0, 20]","[502.33, 33]",200.0,109,110.0,0.03
07:47:54,"[145.0, 77]","[144.0, 11]","[255.0, 22]","[538.14, 14]",200.0,124,110.0,0.42
07:47:55,"[146.55, 116]","[144.81, 43]","[252.54, 26]","[568.91, 34]",199.55,219,105.99,0.45
07:47:56,"[148.08, 62]","[147.28, 79]","[252.0, 20]","[635.0, 37]",200.04,198,103.92,0.42
07:47:57,"[148.0, 72]","[145.0, 24]","[251.86, 14]","[377.36, 14]",199.93,124,103.86,0.55
07:47:58,"[148.0, 77]","[145.0, 27]","[249.44, 18]","[251.0, 9]",198.72,131,101.44,0.59
07:47:59,"[148.0, 64]","[145.0, 24]","[249.0, 16]","[251.0, 8]",198.5,112,101.0,0.57
07:48:00,"[148.0, 76]","[145.0, 36]","[246.0, 19]","[247.65, 17]",197.0,148,98.0,0.51
07:48:01,"[148.0, 36]","[145.0, 18]","[243.67, 6]","[245.0, 12]",195.83,72,95.67,0.5
07:48:02,"[148.0, 30]","[145.0, 21]","[240.33, 9]","[242.17, 12]",194.17,72,92.33,0.42
07:48:03,"[148.0, 6]","[145.0, 18]","[237.0, 6]","[242.0, 12]",192.5,42,89.0,0.14
07:48:04,"[148.0, 9]","[145.25, 24]","[236.29, 14]","[240.08, 13]",192.14,60,88.29,0.1
07:48:05,"[148.0, 9]","[146.0, 18]","[192.84, 25]","[235.0, 14]",170.42,66,44.84,-0.18
07:48:06,"[148.0, 11]","[145.06, 32]","[163.71, 21]","[171.47, 36]",155.86,100,15.71,-0.14
07:48:07,"[148.0, 10]","[145.0, 30]","[160.94, 17]","[173.58, 12]",154.47,69,12.94,0.16
07:48:08,"[146.86, 49]","[145.08, 25]","[158.54, 26]","[159.37, 19]",152.7,119,11.68,0.24
07:48:09,"[143.37, 19]","[142.21, 19]","[156.76, 21]","[157.44, 18]",150.07,77,13.39,-0.01
07:48:10,"[141.6, 25]","[139.47, 51]","[155.05, 19]","[156.18, 11]",148.33,106,13.45,0.43
07:48:11,"[144.27, 33]","[140.0, 33]","[154.5, 8]","[155.2, 10]",149.39,84,10.23,0.57
07:48:12,"[145.08, 113]","[144.12, 68]","[151.05, 22]","[152.62, 16]",148.06,219,5.97,0.65
07:48:13,"[144.86, 91]","[143.56, 55]","[146.56, 18]","[148.09, 23]",145.71,187,1.7,0.56
07:48:14,"[143.65, 17]","[140.64, 22]","[214.21, 19]","[318.89, 38]",178.93,96,70.56,-0.19
07:48:15,"[141.35, 34]","[140.06, 94]","[356.28, 18]","[395.38, 32]",248.82,178,214.92,0.44
07:48:16,"[141.0, 18]","[140.0, 72]","[318.0, 9]","[377.0, 11]",229.5,110,177.0,0.64
07:48:17,"[141.72, 29]","[140.18, 39]","[239.14, 7]","[352.29, 7]",190.43,82,97.42,0.66
07:48:18,"[142.98, 49]","[141.0, 24]","[263.5, 16]","[402.57, 14]",203.24,103,120.52,0.42
07:48:19,"[148.83, 29]","[144.47, 34]","[210.07, 15]","[220.94, 17]",179.45,95,61.24,0.33
07:48:20,"[149.0, 84]","[148.0, 14]","[196.43, 14]","[197.5, 14]",172.71,126,47.43,0.56
07:48:21,"[149.0, 72]","[148.0, 12]","[177.06, 16]","[186.07, 14]",163.03,114,28.06,0.47
07:48:22,"[149.0, 37]","[148.0, 7]","[153.43, 7]","[155.38, 13]",151.21,64,4.43,0.38
07:48:23,"[149.0, 72]","[148.0, 12]","[150.71, 24]","[152.58, 12]",149.85,120,1.71,0.4
07:48:24,"[149.0, 72]","[148.0, 8]","[150.88, 8]","[219.42, 26]",149.94,114,1.88,0.4
07:48:25,"[149.0, 88]","[148.0, 10]","[192.5, 16]","[282.61, 44]",170.75,158,43.5,0.24
07:48:26,"[149.0, 66]","[148.0, 6]","[225.0, 18]","[620.33, 15]",187.0,105,76.0,0.37
07:48:27,"[149.0, 110]","[148.0, 10]","[461.57, 28]","[654.92, 26]",305.29,174,312.57,0.38
07:48:28,"[149.0, 84]","[148.0, 12]","[303.33, 36]","[501.3, 27]",226.17,159,154.33,0.21
07:48:29,"[149.0, 91]","[146.72, 25]","[385.23, 39]","[580.23, 26]",267.12,181,236.23,0.28
07:48:30,"[149.0, 49]","[147.0, 24]","[392.0, 21]","[533.34, 29]",270.5,123,243.0,0.19
07:48:31,"[149.0, 55]","[148.0, 27]","[328.11, 19]","[374.9, 20]",238.55,121,179.11,0.36
07:48:32,"[148.03, 58]","[146.77, 31]","[241.0, 23]","[290.21, 38]",194.52,150,92.97,0.19
07:48:33,"[145.93, 29]","[144.5, 16]","[157.8, 20]","[289.0, 20]",151.87,85,11.87,0.06
07:48:34,"[144.6, 10]","[141.5, 16]","[146.5, 8]","[277.29, 7]",145.55,41,1.9,0.27
07:48:35,"[143.0, 9]","[141.0, 54]","[147.0, 9]","[369.0, 9]",145.0,81,4.0,0.56
07:48:36,"[143.0, 8]","[141.0, 44]","[147.0, 8]","[667.62, 24]",145.0,84,4.0,0.24
07:48:37,"[143.0, 5]","[141.0, 38]","[147.0, 5]","[351.62, 13]",145.0,61,4.0,0.41
07:48:38,"[141.3, 47]","[140.61, 114]","[242.46, 35]","[317.45, 31]",191.88,227,101.16,0.42
07:48:39,"[140.38, 142]","[134.84, 101]","[249.55, 20]","[277.81, 16]",194.97,279,109.17,0.74
07:48:40,"[141.0, 18]","[140.0, 99]","[274.0, 9]","[297.0, 9]",207.5,135,133.0,0.73
07:48:41,"[140.0, 66]","[99.45, 20]","[224.12, 8]","[293.17, 6]",182.06,100,84.12,0.72
07:48:42,"[140.0, 88]","[124.08, 36]","[180.0, 20]","[404.93, 27]",160.0,171,40.0,0.45
07:48:43,"[141.17, 63]","[130.15, 47]","[287.69, 13]","[528.62, 26]",214.43,149,146.52,0.48
07:48:44,"[140.32, 28]","[134.87, 46]","[226.33, 15]","[523.05, 21]",183.33,110,86.01,0.35
07:48:45,"[140.5, 16]","[118.67, 24]","[172.5, 40]","[427.4, 10]",156.5,90,32.0,-0.11
07:48:46,"[101.67, 24]","[78.21, 28]","[301.92, 13]","[330.0, 24]",201.79,89,200.26,0.17
07:48:47,"[65.89, 70]","[51.15, 39]","[176.66, 41]","[294.49, 55]",121.27,205,110.77,0.06
07:48:48,"[92.69, 78]","[47.0, 21]","[133.0, 32]","[267.0, 45]",112.85,176,40.31,0.12
07:48:49,"[87.92, 50]","[53.82, 17]","[133.0, 18]","[136.71, 21]",110.46,106,45.08,0.26
07:48:50,"[76.12, 24]","[27.0, 14]","[136.33, 18]","[137.85, 26]",106.23,82,60.21,-0.07
07:48:51,"[65.14, 36]","[40.33, 12]","[139.0, 32]","[140.0, 24]",102.07,104,73.86,-0.08
07:48:52,"[110.0, 42]","[66.0, 35]","[138.55, 22]","[139.5, 24]",124.27,123,28.55,0.25
07:48:53,"[125.67, 40]","[102.7, 40]","[238.91, 23]","[363.05, 37]",182.29,140,113.24,0.14
07:48:54,"[148.78, 27]","[146.7, 23]","[391.88, 17]","[505.62, 13]",270.33,80,243.1,0.25
