Time,Bid1,Bid2,Ask1,Ask2,Mid-Price,Total_volume,Bid_ask_spread,Order_imbalance
07:30:00,"[0, 0]","[0, 0]","[799.5, 6]","[0, 0]",399.75,6,799.5,-1.0
07:30:01,"[0, 0]","[0, 0]","[798.0, 3]","[0, 0]",399.0,3,798.0,-1.0
07:30:02,"[1.33, 12]","[0, 0]","[416.53, 15]","[466.31, 13]",208.93,40,415.2,-0.4
07:30:03,"[2.0, 12]","[0, 0]","[271.57, 37]","[368.14, 14]",136.78,63,269.57,-0.62
07:30:04,"[22.67, 9]","[3.0, 2]","[265.0, 16]","[581.0, 10]",143.83,37,242.33,-0.41
07:30:05,"[186.0, 1]","[3.0, 2]","[265.0, 1]","[581.0, 2]",225.5,6,79.0,0.0
07:30:06,"[186.0, 2]","[3.0, 4]","[265.0, 2]","[546.0, 7]",225.5,15,79.0,-0.2
07:30:07,"[213.71, 75]","[194.68, 91]","[261.0, 9]","[265.0, 9]",237.35,184,47.29,0.8
07:30:08,"[247.32, 100]","[246.1, 120]","[261.0, 10]","[263.5, 16]",254.16,246,13.68,0.79
07:30:09,"[248.36, 50]","[247.8, 60]","[261.0, 5]","[262.0, 20]",254.68,135,12.64,0.63
07:30:10,"[251.12, 96]","[249.89, 146]","[261.0, 11]","[262.0, 44]",256.06,297,9.88,0.63
07:30:11,"[255.97, 64]","[252.02, 84]","[261.0, 8]","[262.0, 32]",258.48,188,5.03,0.57
07:30:12,"[258.46, 144]","[257.74, 140]","[261.86, 14]","[263.7, 20]",260.16,318,3.4,0.79
07:30:13,"[258.99, 89]","[258.84, 170]","[263.13, 15]","[265.79, 19]",261.06,293,4.14,0.77
07:30:14,"[263.08, 24]","[260.13, 90]","[265.0, 11]","[268.0, 55]",264.04,180,1.92,0.27
07:30:15,"[265.95, 116]","[265.42, 90]","[268.07, 54]","[275.44, 25]",267.01,285,2.13,0.45
07:30:16,"[270.5, 28]","[266.89, 28]","[278.0, 11]","[287.0, 44]",274.25,111,7.5,0.01
07:30:17,"[272.82, 22]","[271.0, 33]","[278.0, 11]","[287.0, 44]",275.41,110,5.18,0.0
07:30:18,"[274.0, 137]","[273.0, 24]","[278.0, 12]","[287.0, 48]",276.0,221,4.0,0.46
07:30:19,"[274.33, 61]","[273.0, 22]","[278.0, 11]","[287.0, 44]",276.16,138,3.67,0.2
07:30:20,"[275.0, 75]","[273.12, 66]","[276.18, 65]","[280.0, 18]",275.59,224,1.18,0.26
07:30:21,"[275.0, 80]","[274.0, 32]","[278.09, 22]","[288.04, 55]",276.55,189,3.09,0.19
07:30:22,"[275.0, 65]","[274.0, 26]","[282.13, 23]","[287.09, 22]",278.57,136,7.13,0.34
07:30:23,"[275.0, 85]","[274.0, 34]","[281.12, 34]","[285.0, 17]",278.06,170,6.12,0.4
07:30:24,"[275.0, 25]","[274.0, 10]","[281.0, 10]","[287.0, 25]",278.0,70,6.0,0.0
07:30:25,"[275.0, 55]","[274.0, 22]","[280.27, 22]","[286.74, 27]",277.64,126,5.27,0.22
07:30:26,"[275.0, 35]","[274.0, 14]","[279.29, 14]","[286.0, 7]",277.14,70,4.29,0.4
07:30:27,"[275.0, 52]","[274.0, 22]","[278.27, 22]","[284.91, 11]",276.64,107,3.27,0.38
07:30:28,"[275.0, 24]","[274.0, 12]","[277.83, 12]","[284.0, 6]",276.42,54,2.83,0.33
07:30:29,"[275.0, 52]","[274.0, 26]","[276.38, 26]","[284.0, 13]",275.69,117,1.38,0.33
07:30:30,"[275.0, 48]","[274.0, 24]","[276.0, 24]","[283.42, 24]",275.5,120,1.0,0.2
07:30:31,"[275.0, 18]","[274.0, 18]","[283.64, 11]","[286.19, 21]",279.32,68,8.64,0.06
07:30:32,"[275.0, 36]","[274.0, 36]","[281.33, 18]","[286.09, 34]",278.17,124,6.33,0.16
07:30:33,"[274.73, 22]","[273.57, 28]","[278.91, 11]","[287.0, 32]",276.82,93,4.18,0.08
07:30:34,"[274.62, 13]","[273.03, 37]","[278.0, 10]","[287.0, 20]",276.31,80,3.38,0.25
07:30:35,"[273.46, 59]","[272.33, 84]","[276.94, 17]","[286.27, 15]",275.2,175,3.48,0.63
07:30:36,"[274.0, 48]","[273.0, 32]","[275.0, 24]","[276.0, 8]",274.5,112,1.0,0.43
07:30:37,"[273.27, 60]","[272.24, 101]","[275.38, 29]","[281.18, 17]",274.32,207,2.11,0.56
07:30:38,"[273.15, 52]","[272.17, 93]","[275.13, 15]","[284.0, 15]",274.14,175,1.98,0.66
07:30:39,"[273.0, 56]","[272.0, 98]","[275.0, 14]","[284.0, 14]",274.0,182,2.0,0.69
07:30:40,"[273.0, 36]","[272.0, 77]","[274.91, 11]","[284.0, 11]",273.95,135,1.91,0.67
07:30:41,"[272.89, 65]","[271.99, 113]","[282.71, 17]","[287.9, 105]",277.8,300,9.81,0.19
07:30:42,"[274.8, 30]","[273.0, 45]","[283.0, 15]","[288.0, 65]",278.9,155,8.2,-0.03
07:30:43,"[275.0, 22]","[273.0, 33]","[282.47, 19]","[287.85, 65]",278.74,139,7.47,-0.21
07:30:44,"[275.0, 12]","[273.0, 18]","[282.0, 30]","[287.67, 30]",278.5,90,7.0,-0.33
07:30:45,"[275.0, 32]","[273.0, 48]","[279.75, 80]","[286.53, 57]",277.38,217,4.75,-0.26
07:30:46,"[274.08, 26]","[272.38, 56]","[278.08, 60]","[281.67, 24]",276.08,166,4.01,-0.01
07:30:47,"[273.54, 56]","[272.1, 101]","[277.17, 90]","[281.0, 36]",275.35,283,3.63,0.11
07:30:48,"[274.0, 60]","[273.0, 20]","[276.0, 50]","[281.0, 20]",275.0,150,2.0,0.07
07:30:49,"[274.0, 60]","[273.0, 20]","[275.62, 32]","[279.5, 20]",274.81,132,1.62,0.21
07:30:50,"[273.39, 66]","[272.28, 64]","[275.0, 56]","[278.46, 41]",274.2,227,1.61,0.15
07:30:51,"[272.0, 105]","[271.0, 15]","[274.0, 30]","[281.55, 33]",273.0,183,2.0,0.31
07:30:52,"[272.0, 91]","[271.0, 13]","[274.0, 26]","[281.0, 26]",273.0,156,2.0,0.33
07:30:53,"[272.07, 68]","[271.73, 48]","[274.0, 28]","[281.0, 28]",273.04,172,1.93,0.35
07:30:54,"[272.0, 75]","[271.0, 35]","[275.27, 22]","[282.85, 26]",273.64,158,3.27,0.39
07:30:55,"[272.0, 70]","[271.0, 14]","[281.0, 28]","[287.0, 56]",276.5,168,9.0,0.0
07:30:56,"[272.0, 35]","[271.0, 7]","[281.0, 14]","[287.0, 28]",276.5,84,9.0,0.0
07:30:57,"[272.0, 40]","[271.0, 8]","[280.73, 15]","[286.6, 30]",276.37,93,8.73,0.03
07:30:58,"[271.87, 23]","[270.0, 36]","[279.22, 18]","[284.33, 36]",275.55,113,7.35,0.04
07:30:59,"[269.19, 64]","[265.6, 20]","[281.0, 16]","[286.75, 32]",275.09,132,11.81,0.27
07:31:00,"[269.5, 100]","[268.08, 65]","[282.71, 28]","[285.6, 40]",276.11,233,13.21,0.42
07:31:01,"[270.0, 98]","[269.0, 110]","[285.0, 66]","[288.0, 44]",277.5,318,15.0,0.31
07:31:02,"[271.3, 80]","[269.0, 100]","[285.0, 60]","[288.0, 40]",278.15,280,13.7,0.29
07:31:03,"[274.2, 169]","[269.62, 194]","[283.95, 74]","[285.6, 80]",279.07,517,9.75,0.4
07:31:04,"[275.0, 143]","[274.0, 104]","[281.38, 65]","[283.15, 26]",278.19,338,6.38,0.46
07:31:05,"[275.0, 176]","[274.0, 128]","[277.07, 41]","[279.75, 71]",276.04,416,2.07,0.46
07:31:06,"[275.65, 49]","[274.77, 70]","[280.06, 35]","[285.25, 64]",277.86,218,4.4,0.09
07:31:07,"[275.19, 31]","[274.31, 58]","[285.0, 56]","[287.0, 64]",280.1,209,9.81,-0.15
07:31:08,"[275.0, 44]","[274.0, 80]","[283.97, 35]","[285.0, 59]",279.49,218,8.97,0.14
07:31:09,"[275.0, 30]","[274.0, 88]","[283.0, 46]","[284.73, 74]",279.0,238,8.0,-0.01
07:31:10,"[275.0, 22]","[274.0, 88]","[283.0, 51]","[285.0, 99]",279.0,260,8.0,-0.15
07:31:11,"[275.0, 9]","[274.0, 40]","[283.0, 35]","[285.0, 45]",279.0,129,8.0,-0.24
07:31:12,"[275.0, 5]","[274.0, 46]","[283.0, 35]","[285.0, 45]",279.0,131,8.0,-0.22
07:31:13,"[275.0, 16]","[274.0, 80]","[283.0, 70]","[285.0, 90]",279.0,256,8.0,-0.25
07:31:14,"[275.0, 42]","[274.0, 48]","[283.0, 42]","[285.0, 54]",279.0,186,8.0,-0.03
07:31:15,"[275.88, 41]","[274.03, 91]","[283.0, 98]","[285.0, 126]",279.44,356,7.12,-0.26
07:31:16,"[277.0, 42]","[275.0, 7]","[283.0, 50]","[285.0, 63]",280.0,162,6.0,-0.4
07:31:17,"[277.0, 54]","[275.0, 9]","[283.0, 72]","[285.0, 81]",280.0,216,6.0,-0.42
07:31:18,"[277.27, 33]","[276.86, 58]","[282.06, 63]","[283.17, 94]",279.67,248,4.79,-0.27
07:31:19,"[276.98, 91]","[274.71, 28]","[279.5, 103]","[280.43, 79]",278.24,301,2.52,-0.21
07:31:20,"[275.0, 9]","[274.0, 72]","[278.11, 45]","[281.0, 27]",276.56,153,3.11,0.06
07:31:21,"[275.0, 17]","[274.0, 136]","[277.75, 53]","[280.84, 76]",276.38,282,2.75,0.09
07:31:22,"[275.0, 14]","[274.0, 112]","[276.0, 14]","[278.0, 70]",275.5,210,1.0,0.2
07:31:23,"[274.04, 56]","[273.18, 88]","[283.34, 32]","[286.45, 73]",278.69,249,9.31,0.16
07:31:24,"[274.0, 31]","[273.0, 90]","[284.71, 49]","[286.93, 90]",279.36,260,10.71,-0.07
07:31:25,"[274.4, 20]","[273.03, 74]","[283.88, 78]","[285.55, 53]",279.14,225,9.48,-0.16
07:31:26,"[275.0, 60]","[274.0, 15]","[281.12, 51]","[283.71, 93]",278.06,219,6.12,-0.32
07:31:27,"[274.96, 54]","[273.52, 25]","[278.12, 51]","[279.35, 69]",276.54,199,3.15,-0.21
07:31:28,"[274.0, 11]","[273.0, 66]","[275.09, 33]","[277.0, 55]",274.55,165,1.09,-0.07
07:31:29,"[272.36, 22]","[270.87, 82]","[276.3, 74]","[277.44, 64]",274.33,242,3.93,-0.14
07:31:30,"[272.0, 18]","[271.0, 126]","[274.17, 90]","[276.0, 36]",273.08,270,2.17,0.07
07:31:31,"[272.08, 13]","[271.01, 85]","[274.64, 44]","[283.0, 54]",273.36,196,2.56,0.0
07:31:32,"[272.0, 16]","[271.0, 112]","[273.9, 58]","[276.0, 32]",272.95,218,1.9,0.17
07:31:33,"[271.01, 92]","[269.42, 33]","[275.21, 29]","[281.78, 54]",273.11,208,4.2,0.2
07:31:34,"[271.0, 85]","[269.0, 26]","[275.0, 26]","[281.85, 52]",273.0,189,4.0,0.17
07:31:35,"[270.42, 67]","[268.0, 38]","[272.76, 50]","[276.46, 59]",271.59,214,2.34,-0.02
07:31:36,"[268.56, 16]","[267.0, 32]","[275.0, 32]","[279.0, 54]",271.78,134,6.44,-0.28
07:31:37,"[269.0, 17]","[266.69, 26]","[273.06, 34]","[278.8, 40]",271.03,117,4.06,-0.26
07:31:38,"[268.65, 17]","[265.58, 19]","[270.36, 50]","[273.12, 34]",269.5,120,1.71,-0.4
07:31:39,"[266.24, 17]","[264.27, 30]","[269.22, 46]","[271.47, 34]",267.73,127,2.98,-0.26
07:31:40,"[264.24, 38]","[262.05, 43]","[267.55, 29]","[268.85, 39]",265.89,149,3.31,0.09
07:31:41,"[264.39, 56]","[263.06, 47]","[266.09, 43]","[267.77, 39]",265.24,185,1.7,0.11
07:31:42,"[264.36, 33]","[261.33, 45]","[266.64, 25]","[274.15, 40]",265.5,143,2.28,0.09
07:31:43,"[265.67, 45]","[260.0, 105]","[267.0, 30]","[271.0, 30]",266.33,210,1.33,0.43
07:31:44,"[260.0, 24]","[257.06, 67]","[270.27, 22]","[275.35, 31]",265.14,144,10.27,0.26
07:31:45,"[264.83, 18]","[263.1, 49]","[270.55, 33]","[273.87, 47]",267.69,147,5.71,-0.09
07:31:46,"[258.78, 36]","[255.76, 63]","[270.34, 29]","[274.6, 45]",264.56,173,11.57,0.14
07:31:47,"[258.08, 51]","[253.14, 42]","[269.86, 21]","[272.5, 36]",263.97,150,11.78,0.24
07:31:48,"[260.0, 55]","[255.57, 42]","[268.0, 22]","[270.86, 43]",264.0,162,8.0,0.2
07:31:49,"[260.0, 35]","[255.0, 42]","[267.14, 14]","[269.0, 7]",263.57,98,7.14,0.57
07:31:50,"[260.0, 60]","[255.0, 72]","[266.52, 21]","[269.58, 26]",263.26,179,6.52,0.47
07:31:51,"[260.0, 40]","[255.0, 48]","[265.75, 8]","[267.64, 14]",262.88,110,5.75,0.6
07:31:52,"[260.0, 25]","[255.0, 30]","[265.0, 5]","[267.0, 5]",262.5,65,5.0,0.69
07:31:53,"[260.0, 45]","[255.0, 54]","[268.57, 21]","[269.4, 15]",264.29,135,8.57,0.47
07:31:54,"[260.0, 20]","[255.0, 24]","[274.0, 16]","[426.5, 16]",267.0,76,14.0,0.16
07:31:55,"[260.0, 15]","[255.0, 18]","[274.0, 12]","[590.0, 3]",267.0,48,14.0,0.38
07:31:56,"[260.0, 30]","[255.0, 36]","[270.55, 29]","[275.76, 21]",265.28,116,10.55,0.14
07:31:57,"[260.0, 55]","[255.0, 147]","[264.0, 52]","[353.67, 33]",262.0,287,4.0,0.41
07:31:58,"[260.0, 45]","[255.0, 54]","[261.0, 38]","[437.56, 18]",260.5,155,1.0,0.28
07:31:59,"[260.0, 35]","[255.0, 42]","[261.0, 21]","[269.2, 20]",260.5,118,1.0,0.31
07:32:00,"[260.05, 42]","[255.86, 58]","[265.8, 35]","[269.29, 28]",262.92,163,5.75,0.23
07:32:01,"[261.82, 11]","[260.0, 55]","[268.0, 44]","[271.0, 22]",264.91,132,6.18,0.0
07:32:02,"[263.86, 7]","[258.26, 38]","[268.0, 28]","[271.0, 14]",265.93,87,4.14,0.03
07:32:03,"[257.2, 66]","[253.97, 36]","[268.0, 30]","[271.0, 24]",262.6,156,10.8,0.31
07:32:04,"[257.9, 67]","[256.8, 59]","[268.32, 19]","[472.95, 38]",263.11,183,10.42,0.38
07:32:05,"[259.0, 65]","[257.75, 16]","[267.0, 26]","[268.0, 13]",263.0,120,8.0,0.35
07:32:06,"[259.36, 55]","[258.0, 11]","[267.0, 32]","[268.0, 11]",263.18,109,7.64,0.21
07:32:07,"[264.7, 46]","[259.88, 32]","[267.0, 32]","[268.0, 8]",265.85,118,2.3,0.32
07:32:08,"[266.0, 60]","[260.0, 50]","[267.0, 23]","[268.0, 10]",266.5,143,1.0,0.54
07:32:09,"[266.0, 54]","[260.0, 45]","[267.78, 9]","[271.96, 25]",266.89,133,1.78,0.49
07:32:10,"[266.22, 46]","[261.43, 42]","[268.0, 8]","[271.0, 32]",267.11,128,1.78,0.38
07:32:11,"[265.27, 52]","[263.0, 35]","[270.4, 25]","[271.86, 35]",267.83,147,5.13,0.18
07:32:12,"[264.29, 51]","[262.83, 36]","[271.0, 44]","[273.0, 33]",267.65,164,6.71,0.06
07:32:13,"[265.0, 30]","[264.0, 60]","[271.32, 31]","[357.36, 33]",268.16,154,6.32,0.17
07:32:14,"[265.0, 27]","[264.0, 54]","[267.0, 9]","[271.64, 33]",266.0,123,2.0,0.32
07:32:15,"[264.67, 18]","[263.0, 28]","[267.0, 5]","[270.0, 25]",265.83,76,2.33,0.21
07:32:16,"[264.0, 60]","[257.0, 40]","[266.1, 42]","[272.04, 24]",265.05,166,2.1,0.2
07:32:17,"[264.0, 42]","[257.0, 10]","[265.0, 35]","[276.7, 43]",264.5,130,1.0,-0.2
07:32:18,"[264.0, 30]","[257.0, 5]","[265.0, 21]","[272.0, 5]",264.5,61,1.0,0.15
07:32:19,"[264.0, 60]","[257.0, 28]","[265.0, 30]","[270.4, 10]",264.5,128,1.0,0.38
07:32:20,"[264.0, 18]","[257.0, 15]","[265.0, 15]","[268.0, 5]",264.5,53,1.0,0.25
07:32:21,"[264.0, 12]","[257.0, 18]","[266.88, 8]","[271.33, 6]",265.44,44,2.88,0.36
07:32:22,"[265.64, 11]","[263.9, 20]","[277.46, 74]","[278.09, 34]",271.55,139,11.82,-0.55
07:32:23,"[263.62, 16]","[261.5, 22]","[276.4, 78]","[276.98, 66]",270.01,182,12.77,-0.58
07:32:24,"[264.0, 18]","[262.29, 14]","[273.0, 45]","[275.57, 69]",268.5,146,9.0,-0.56
07:32:25,"[264.93, 112]","[263.53, 34]","[272.78, 45]","[275.11, 118]",268.85,309,7.85,-0.06
07:32:26,"[264.87, 46]","[261.64, 28]","[275.0, 88]","[276.0, 42]",269.93,204,10.13,-0.27
07:32:27,"[268.64, 90]","[266.2, 40]","[275.0, 77]","[276.0, 33]",271.82,240,6.36,0.08
07:32:28,"[273.0, 56]","[269.0, 56]","[275.0, 49]","[276.0, 21]",274.0,182,2.0,0.23
07:32:29,"[273.0, 76]","[269.0, 88]","[275.0, 77]","[276.0, 33]",274.0,274,2.0,0.2
07:32:30,"[273.0, 24]","[269.0, 32]","[275.0, 28]","[276.0, 12]",274.0,96,2.0,0.17
07:32:31,"[273.88, 48]","[272.27, 44]","[275.0, 49]","[276.0, 21]",274.44,162,1.12,0.14
07:32:32,"[274.0, 42]","[273.0, 60]","[275.0, 70]","[276.0, 30]",274.5,202,1.0,0.01
07:32:33,"[274.0, 27]","[273.0, 54]","[275.0, 63]","[276.0, 27]",274.5,171,1.0,-0.05
07:32:34,"[274.0, 15]","[273.0, 30]","[275.0, 35]","[276.0, 15]",274.5,95,1.0,-0.05
07:32:35,"[273.5, 36]","[272.85, 39]","[275.0, 63]","[276.0, 27]",274.25,165,1.5,-0.09
07:32:36,"[273.0, 66]","[271.0, 11]","[275.0, 29]","[276.0, 33]",274.0,139,2.0,0.11
07:32:37,"[273.0, 42]","[271.0, 7]","[275.0, 19]","[276.0, 21]",274.0,89,2.0,0.1
07:32:38,"[273.06, 63]","[272.41, 34]","[274.85, 52]","[275.68, 44]",273.95,193,1.78,0.01
07:32:39,"[273.0, 35]","[271.0, 7]","[274.0, 14]","[275.0, 21]",273.5,77,1.0,0.09
07:32:40,"[273.0, 60]","[271.0, 16]","[274.74, 39]","[276.53, 51]",273.87,166,1.74,-0.08
07:32:41,"[273.0, 9]","[271.83, 29]","[276.0, 45]","[279.0, 31]",274.5,114,3.0,-0.33
07:32:42,"[273.0, 9]","[271.89, 47]","[276.0, 45]","[278.44, 27]",274.5,128,3.0,-0.12
07:32:43,"[273.0, 6]","[272.0, 90]","[276.0, 30]","[278.0, 18]",274.5,144,3.0,0.33
07:32:44,"[273.88, 32]","[272.06, 64]","[276.0, 40]","[278.0, 24]",274.94,160,2.12,0.2
07:32:45,"[274.28, 126]","[273.0, 18]","[276.0, 90]","[278.0, 54]",275.14,288,1.72,0.0
07:32:46,"[275.0, 47]","[273.0, 8]","[276.0, 40]","[278.0, 24]",275.5,119,1.0,-0.08
07:32:47,"[275.0, 32]","[273.0, 8]","[276.0, 40]","[278.0, 24]",275.5,104,1.0,-0.23
07:32:48,"[275.0, 32]","[273.0, 8]","[276.0, 40]","[278.0, 24]",275.5,104,1.0,-0.23
07:32:49,"[275.0, 21]","[273.0, 9]","[276.0, 45]","[278.0, 27]",275.5,102,1.0,-0.41
07:32:50,"[275.0, 8]","[273.93, 15]","[276.0, 40]","[278.0, 24]",275.5,87,1.0,-0.47
07:32:51,"[272.0, 196]","[271.0, 14]","[276.0, 70]","[278.0, 42]",274.0,322,4.0,0.3
07:32:52,"[272.0, 112]","[271.0, 8]","[276.0, 40]","[278.0, 24]",274.0,184,4.0,0.3
07:32:53,"[272.0, 100]","[271.0, 10]","[275.0, 22]","[275.82, 34]",273.5,166,3.0,0.33
07:32:54,"[272.0, 29]","[271.0, 9]","[275.31, 13]","[277.56, 34]",273.65,85,3.31,-0.11
07:32:55,"[275.89, 9]","[271.78, 9]","[278.0, 27]","[280.0, 45]",276.94,90,2.11,-0.6
07:32:56,"[270.51, 37]","[262.79, 43]","[277.85, 39]","[280.0, 65]",274.18,184,7.33,-0.13
07:32:57,"[269.72, 90]","[265.35, 46]","[277.0, 30]","[280.0, 50]",273.36,216,7.28,0.26
07:32:58,"[270.56, 117]","[269.0, 45]","[277.0, 27]","[280.0, 45]",273.78,234,6.44,0.38
07:32:59,"[273.0, 195]","[269.0, 75]","[277.0, 45]","[281.8, 75]",275.0,390,4.0,0.38
07:33:00,"[274.0, 168]","[271.75, 48]","[281.04, 52]","[283.44, 63]",277.52,331,7.04,0.31
07:33:01,"[274.9, 120]","[273.0, 30]","[277.0, 10]","[283.0, 50]",275.95,210,2.1,0.43
07:33:02,"[275.0, 186]","[273.0, 33]","[277.0, 11]","[283.6, 75]",276.0,305,2.0,0.44
07:33:03,"[275.86, 153]","[274.0, 54]","[277.0, 12]","[283.69, 78]",276.43,297,1.14,0.39
07:33:04,"[276.0, 108]","[273.0, 35]","[277.0, 9]","[283.0, 36]",276.5,188,1.0,0.52
07:33:05,"[276.0, 108]","[273.0, 43]","[280.2, 15]","[283.26, 38]",278.1,204,4.2,0.48
07:33:06,"[276.0, 96]","[273.0, 24]","[283.56, 36]","[285.78, 36]",279.78,192,7.56,0.25
07:33:07,"[276.0, 156]","[273.0, 39]","[282.1, 39]","[285.02, 62]",279.05,296,6.1,0.32
07:33:08,"[276.0, 132]","[273.0, 33]","[280.0, 22]","[284.09, 55]",278.0,242,4.0,0.36
07:33:09,"[276.0, 120]","[273.59, 51]","[278.0, 20]","[284.62, 78]",277.0,269,2.0,0.27
07:33:10,"[274.52, 120]","[273.45, 60]","[276.0, 30]","[286.76, 75]",275.26,285,1.48,0.26
07:33:11,"[274.72, 97]","[273.42, 31]","[286.75, 59]","[289.18, 80]",280.73,267,12.02,-0.04
07:33:12,"[275.9, 52]","[274.0, 12]","[285.62, 80]","[286.36, 39]",280.76,183,9.72,-0.3
07:33:13,"[276.0, 72]","[274.0, 24]","[282.08, 120]","[283.88, 120]",279.04,336,6.08,-0.43
07:33:14,"[275.92, 37]","[273.85, 13]","[280.46, 65]","[282.0, 65]",278.19,180,4.54,-0.44
07:33:15,"[273.0, 17]","[272.0, 17]","[278.59, 85]","[282.0, 85]",275.79,204,5.59,-0.67
07:33:16,"[272.75, 12]","[271.6, 15]","[276.88, 32]","[280.64, 59]",274.81,118,4.12,-0.54
07:33:17,"[269.06, 244]","[266.43, 42]","[274.17, 53]","[278.43, 80]",271.62,419,5.11,0.37
07:33:18,"[269.0, 266]","[265.0, 84]","[271.96, 47]","[272.47, 59]",270.48,456,2.96,0.54
07:33:19,"[269.0, 132]","[265.0, 60]","[270.94, 34]","[275.67, 24]",269.97,250,1.94,0.54
07:33:20,"[269.0, 125]","[265.0, 36]","[273.63, 38]","[279.64, 56]",271.32,255,4.63,0.26
07:33:21,"[269.0, 66]","[265.0, 22]","[276.62, 16]","[279.03, 37]",272.81,141,7.62,0.25
07:33:22,"[272.95, 87]","[272.41, 142]","[276.35, 23]","[278.73, 52]",274.65,304,3.39,0.51
07:33:23,"[275.29, 28]","[273.66, 97]","[278.38, 26]","[280.0, 66]",276.84,217,3.1,0.15
07:33:24,"[276.0, 9]","[275.0, 36]","[278.17, 36]","[279.6, 30]",277.08,111,2.17,-0.19
07:33:25,"[275.29, 28]","[273.66, 97]","[278.33, 52]","[282.37, 38]",276.81,215,3.04,0.16
07:33:26,"[275.0, 40]","[273.0, 130]","[282.0, 52]","[286.16, 38]",278.5,260,7.0,0.31
07:33:27,"[275.75, 32]","[273.54, 89]","[280.47, 34]","[282.7, 33]",278.11,188,4.72,0.29
07:33:28,"[277.0, 20]","[275.0, 40]","[279.0, 10]","[280.0, 40]",278.0,110,2.0,0.09
07:33:29,"[277.0, 19]","[275.0, 40]","[279.0, 10]","[280.0, 40]",278.0,109,2.0,0.08
07:33:30,"[273.44, 25]","[273.0, 57]","[279.0, 7]","[280.0, 28]",276.22,117,5.56,0.4
07:33:31,"[274.0, 14]","[273.0, 140]","[278.16, 38]","[280.5, 32]",276.08,224,4.16,0.38
07:33:32,"[274.33, 15]","[273.0, 150]","[276.67, 60]","[284.94, 67]",275.5,292,2.33,0.13
07:33:33,"[273.05, 79]","[272.22, 36]","[276.0, 29]","[284.24, 21]",274.53,165,2.95,0.39
07:33:34,"[273.0, 94]","[271.0, 28]","[275.19, 62]","[277.68, 38]",274.1,222,2.19,0.1
07:33:35,"[273.0, 60]","[271.0, 20]","[274.42, 36]","[275.2, 44]",273.71,160,1.42,0.0
07:33:36,"[271.18, 22]","[269.75, 16]","[279.6, 20]","[283.93, 58]",275.39,116,8.42,-0.34
07:33:37,"[271.0, 8]","[269.0, 4]","[282.0, 20]","[284.0, 8]",276.5,40,11.0,-0.4
07:33:38,"[271.0, 18]","[269.0, 9]","[279.0, 18]","[282.0, 45]",275.0,90,8.0,-0.4
07:33:39,"[271.31, 26]","[270.28, 25]","[277.71, 34]","[280.25, 48]",274.51,133,6.4,-0.23
07:33:40,"[272.94, 18]","[271.0, 36]","[275.28, 36]","[277.0, 36]",274.11,126,2.33,-0.14
07:33:41,"[271.0, 14]","[267.53, 15]","[274.0, 11]","[277.0, 18]",272.5,58,3.0,0.0
07:33:42,"[269.0, 10]","[264.0, 30]","[273.09, 11]","[275.16, 19]",271.05,70,4.09,0.14
07:33:43,"[269.0, 7]","[264.0, 21]","[272.0, 7]","[273.0, 14]",270.5,49,3.0,0.14
07:33:44,"[269.0, 17]","[264.0, 51]","[270.83, 46]","[276.28, 50]",269.91,164,1.83,-0.17
07:33:45,"[265.0, 15]","[262.29, 21]","[270.4, 20]","[276.82, 22]",267.7,78,5.4,-0.08
07:33:46,"[264.0, 21]","[261.0, 21]","[270.33, 18]","[276.33, 24]",267.17,84,6.33,0.0
07:33:47,"[265.0, 24]","[264.0, 16]","[268.58, 36]","[271.0, 24]",266.79,100,3.58,-0.2
07:33:48,"[265.1, 20]","[264.0, 10]","[267.0, 30]","[271.0, 20]",266.05,80,1.9,-0.25
07:33:49,"[265.23, 13]","[262.29, 14]","[267.0, 27]","[274.91, 23]",266.12,77,1.77,-0.3
07:33:50,"[260.0, 25]","[258.16, 25]","[267.0, 27]","[277.0, 27]",263.5,104,7.0,-0.04
07:33:51,"[257.44, 41]","[208.43, 53]","[261.85, 59]","[268.35, 49]",259.64,202,4.41,-0.07
07:33:52,"[257.71, 68]","[238.39, 59]","[261.0, 38]","[266.53, 43]",259.35,208,3.29,0.22
07:33:53,"[259.2, 40]","[258.32, 37]","[261.0, 16]","[265.0, 40]",260.1,133,1.8,0.16
07:33:54,"[257.52, 58]","[255.45, 55]","[264.86, 57]","[266.74, 38]",261.19,208,7.34,0.09
07:33:55,"[262.3, 76]","[259.94, 64]","[265.59, 71]","[267.32, 44]",263.95,255,3.29,0.1
07:33:56,"[265.6, 30]","[258.16, 45]","[267.45, 22]","[271.03, 33]",266.53,130,1.85,0.15
07:33:57,"[266.09, 22]","[264.7, 37]","[268.0, 22]","[272.0, 55]",267.05,136,1.91,-0.13
07:33:58,"[271.46, 70]","[270.89, 90]","[272.5, 28]","[432.11, 19]",271.98,207,1.04,0.55
07:33:59,"[272.02, 110]","[271.03, 62]","[273.18, 22]","[367.6, 10]",272.6,204,1.16,0.69
07:34:00,"[272.0, 85]","[267.19, 21]","[325.93, 14]","[423.42, 26]",298.96,146,53.93,0.45
07:34:01,"[272.08, 77]","[271.3, 71]","[475.72, 39]","[572.52, 63]",373.9,250,203.64,0.18
07:34:02,"[273.17, 12]","[272.05, 37]","[353.2, 20]","[589.18, 22]",313.18,91,80.03,0.08
07:34:03,"[275.0, 30]","[273.0, 30]","[277.0, 45]","[444.15, 47]",276.0,152,2.0,-0.21
07:34:04,"[276.0, 18]","[273.0, 18]","[277.0, 27]","[474.62, 37]",276.5,100,1.0,-0.28
07:34:05,"[274.21, 28]","[269.5, 36]","[277.0, 33]","[457.13, 46]",275.61,143,2.79,-0.1
07:34:06,"[271.08, 36]","[266.03, 96]","[274.16, 58]","[297.75, 36]",272.62,226,3.07,0.17
07:34:07,"[271.0, 9]","[264.0, 81]","[273.72, 36]","[275.64, 33]",272.36,159,2.72,0.13
07:34:08,"[265.52, 23]","[263.88, 51]","[273.0, 20]","[274.68, 31]",269.26,125,7.48,0.18
07:34:09,"[266.22, 65]","[263.33, 36]","[273.0, 11]","[274.0, 55]",269.61,167,6.78,0.21
07:34:10,"[272.0, 60]","[264.13, 61]","[273.46, 13]","[274.61, 44]",272.73,178,1.46,0.36
07:34:11,"[267.73, 40]","[265.21, 56]","[274.0, 28]","[277.0, 42]",270.86,166,6.27,0.16
07:34:12,"[269.0, 24]","[268.0, 7]","[274.0, 14]","[277.0, 21]",271.5,66,5.0,-0.06
07:34:13,"[270.78, 9]","[269.4, 10]","[274.0, 16]","[277.0, 24]",272.39,59,3.22,-0.36
07:34:14,"[273.0, 10]","[270.0, 10]","[276.79, 29]","[491.15, 39]",274.9,88,3.79,-0.55
07:34:15,"[270.0, 4]","[264.0, 4]","[277.0, 12]","[509.0, 16]",273.5,36,7.0,-0.56
07:34:16,"[266.4, 10]","[262.31, 26]","[272.79, 38]","[305.39, 31]",269.59,105,6.39,-0.31
07:34:17,"[264.0, 6]","[263.0, 18]","[272.0, 30]","[273.67, 18]",268.0,72,8.0,-0.33
07:34:18,"[264.0, 9]","[263.0, 27]","[271.85, 27]","[274.03, 31]",267.93,94,7.85,-0.23
07:34:19,"[264.0, 9]","[263.0, 27]","[269.67, 9]","[275.0, 33]",266.83,78,5.67,-0.08
07:34:20,"[264.31, 16]","[262.11, 46]","[268.0, 12]","[274.12, 34]",266.16,108,3.69,0.15
07:34:21,"[264.45, 31]","[262.41, 22]","[273.37, 19]","[277.31, 26]",268.91,98,8.92,0.08
07:34:22,"[272.86, 21]","[265.6, 15]","[274.0, 12]","[278.0, 18]",273.43,66,1.14,0.09
07:34:23,"[273.48, 23]","[271.2, 30]","[277.69, 26]","[309.35, 31]",275.59,110,4.21,-0.04
07:34:24,"[274.52, 99]","[272.96, 54]","[277.22, 23]","[283.44, 41]",275.87,217,2.7,0.41
07:34:25,"[275.0, 161]","[272.98, 41]","[277.85, 27]","[406.49, 41]",276.43,270,2.85,0.5
07:34:26,"[275.88, 144]","[274.92, 37]","[278.0, 30]","[357.85, 26]",276.94,237,2.12,0.53
07:34:27,"[276.0, 165]","[275.0, 48]","[278.58, 36]","[284.0, 24]",277.29,273,2.58,0.56
07:34:28,"[276.0, 143]","[275.0, 44]","[278.36, 33]","[281.0, 29]",277.18,249,2.36,0.5
07:34:29,"[276.0, 138]","[275.0, 48]","[277.0, 36]","[280.0, 36]",276.5,258,1.0,0.44
07:34:30,"[276.0, 36]","[275.0, 36]","[277.0, 27]","[280.0, 27]",276.5,126,1.0,0.14
07:34:31,"[276.0, 29]","[275.0, 32]","[277.38, 24]","[279.7, 23]",276.69,108,1.38,0.13
07:34:32,"[276.0, 11]","[275.0, 44]","[279.45, 33]","[284.56, 32]",277.73,120,3.45,-0.08
07:34:33,"[276.0, 8]","[275.0, 32]","[279.92, 26]","[284.4, 30]",277.96,96,3.92,-0.17
07:34:34,"[275.67, 6]","[274.82, 17]","[280.0, 20]","[284.0, 20]",277.83,63,4.33,-0.27
07:34:35,"[275.0, 24]","[272.0, 12]","[280.0, 48]","[284.0, 48]",277.5,132,5.0,-0.45
07:34:36,"[266.0, 161]","[264.28, 50]","[280.0, 52]","[285.62, 52]",273.0,315,14.0,0.34
07:34:37,"[276.53, 51]","[266.18, 117]","[279.86, 56]","[286.21, 56]",278.19,280,3.33,0.2
07:34:38,"[273.0, 21]","[264.42, 86]","[280.0, 28]","[290.0, 28]",276.5,163,7.0,0.31
07:34:39,"[273.0, 24]","[264.0, 136]","[280.0, 32]","[290.0, 32]",276.5,224,7.0,0.43
07:34:40,"[267.12, 49]","[263.94, 103]","[280.0, 32]","[290.0, 32]",273.56,216,12.88,0.41
07:34:41,"[265.17, 82]","[262.89, 127]","[280.0, 48]","[290.0, 48]",272.59,305,14.83,0.37
07:34:42,"[265.0, 42]","[262.69, 71]","[280.0, 28]","[290.0, 28]",272.5,169,15.0,0.34
07:34:43,"[265.0, 48]","[263.0, 80]","[280.0, 32]","[290.0, 32]",272.5,192,15.0,0.33
07:34:44,"[272.95, 20]","[269.85, 54]","[280.0, 48]","[290.0, 48]",276.48,170,7.05,-0.13
07:34:45,"[275.0, 11]","[272.0, 33]","[280.0, 44]","[290.0, 44]",277.5,132,5.0,-0.33
07:34:46,"[272.65, 23]","[270.48, 63]","[280.0, 44]","[289.9, 40]",276.33,170,7.35,0.01
07:34:47,"[272.0, 28]","[270.0, 80]","[280.0, 40]","[289.0, 20]",276.0,168,8.0,0.29
07:34:48,"[272.0, 4]","[270.0, 32]","[280.0, 16]","[289.86, 14]",276.0,66,8.0,0.09
07:34:49,"[272.0, 10]","[270.0, 80]","[280.0, 40]","[290.0, 40]",276.0,170,8.0,0.06
07:34:50,"[272.0, 7]","[270.0, 56]","[279.4, 30]","[285.34, 29]",275.7,122,7.4,0.03
07:34:51,"[272.0, 8]","[270.0, 64]","[276.91, 35]","[278.35, 37]",274.46,144,4.91,0.0
07:34:52,"[272.0, 8]","[270.0, 64]","[275.75, 32]","[276.86, 28]",273.88,132,3.75,0.09
07:34:53,"[270.4, 30]","[269.88, 51]","[273.89, 38]","[280.94, 34]",272.15,153,3.49,0.06
07:34:54,"[270.23, 96]","[267.71, 119]","[273.47, 76]","[278.6, 63]",271.85,354,3.24,0.21
07:34:55,"[270.4, 60]","[267.25, 64]","[273.0, 24]","[277.86, 35]",271.7,183,2.6,0.36
07:34:56,"[271.0, 54]","[270.0, 78]","[274.06, 34]","[275.77, 43]",272.53,209,3.06,0.26
07:34:57,"[273.44, 27]","[272.17, 36]","[277.0, 48]","[282.0, 42]",275.22,153,3.56,-0.18
07:34:58,"[273.0, 36]","[271.0, 26]","[277.0, 52]","[282.0, 52]",275.0,166,4.0,-0.25
07:34:59,"[273.0, 8]","[271.0, 8]","[277.0, 16]","[282.0, 16]",275.0,48,4.0,-0.33
07:35:00,"[273.82, 22]","[271.22, 18]","[277.0, 36]","[281.93, 30]",275.41,106,3.18,-0.25
07:35:01,"[275.68, 57]","[272.5, 24]","[277.0, 48]","[280.71, 14]",276.34,143,1.32,0.13
07:35:02,"[273.64, 33]","[272.08, 26]","[276.08, 52]","[278.04, 28]",274.86,139,2.44,-0.15
07:35:03,"[272.15, 26]","[270.33, 55]","[276.52, 27]","[282.62, 26]",274.34,134,4.36,0.21
07:35:04,"[272.86, 58]","[271.68, 63]","[280.73, 30]","[282.13, 31]",276.8,182,7.87,0.33
07:35:05,"[274.0, 48]","[272.17, 48]","[279.13, 30]","[280.0, 27]",276.57,153,5.13,0.25
07:35:06,"[275.0, 104]","[271.33, 36]","[277.0, 34]","[279.04, 27]",276.0,201,2.0,0.39
07:35:07,"[276.0, 26]","[275.0, 52]","[277.85, 26]","[282.0, 13]",276.92,117,1.85,0.33
07:35:08,"[275.16, 38]","[272.71, 28]","[279.86, 14]","[284.29, 35]",277.51,115,4.7,0.15
07:35:09,"[275.0, 20]","[273.0, 25]","[282.86, 14]","[283.82, 11]",278.93,70,7.86,0.29
07:35:10,"[275.0, 44]","[273.0, 55]","[283.0, 44]","[286.0, 11]",279.0,154,8.0,0.29
07:35:11,"[275.0, 32]","[273.0, 40]","[283.0, 32]","[286.0, 8]",279.0,112,8.0,0.29
07:35:12,"[273.86, 56]","[272.3, 46]","[281.14, 42]","[282.79, 56]",277.5,200,7.29,0.02
07:35:13,"[273.0, 36]","[271.0, 20]","[280.0, 30]","[284.68, 38]",276.5,124,7.0,-0.1
07:35:14,"[273.0, 12]","[271.0, 8]","[279.0, 12]","[284.79, 19]",276.0,51,6.0,-0.22
07:35:15,"[273.0, 33]","[271.0, 22]","[278.28, 25]","[281.67, 36]",275.64,116,5.28,-0.05
07:35:16,"[273.0, 42]","[271.0, 28]","[275.07, 14]","[278.0, 42]",274.04,126,2.07,0.11
07:35:17,"[273.89, 36]","[268.64, 44]","[281.7, 23]","[284.65, 37]",277.79,140,7.81,0.14
07:35:18,"[275.8, 30]","[270.64, 44]","[283.11, 27]","[284.91, 35]",279.46,136,7.31,0.09
07:35:19,"[271.05, 41]","[266.53, 73]","[282.0, 32]","[285.27, 44]",276.52,190,10.95,0.2
07:35:20,"[273.0, 39]","[269.0, 52]","[282.0, 78]","[288.0, 18]",277.5,187,9.0,-0.03
07:35:21,"[273.0, 21]","[269.0, 36]","[280.68, 37]","[282.43, 14]",276.84,108,7.68,0.06
07:35:22,"[273.97, 99]","[270.82, 22]","[278.94, 16]","[280.76, 49]",276.45,186,4.97,0.3
07:35:23,"[274.3, 100]","[273.64, 28]","[278.0, 12]","[283.0, 48]",276.15,188,3.7,0.36
07:35:24,"[277.0, 34]","[274.0, 81]","[280.67, 15]","[283.71, 34]",278.83,164,3.67,0.4
07:35:25,"[277.0, 8]","[274.0, 72]","[283.0, 32]","[287.0, 24]",280.0,136,6.0,0.18
07:35:26,"[277.0, 6]","[274.0, 54]","[283.0, 24]","[287.0, 18]",280.0,102,6.0,0.18
07:35:27,"[277.0, 7]","[273.0, 7]","[283.0, 28]","[287.0, 21]",280.0,63,6.0,-0.56
07:35:28,"[277.0, 10]","[273.0, 10]","[283.0, 40]","[287.0, 30]",280.0,90,6.0,-0.56
07:35:29,"[274.33, 6]","[272.33, 6]","[283.0, 24]","[287.0, 18]",278.67,54,8.67,-0.56
07:35:30,"[273.47, 17]","[272.18, 11]","[283.0, 44]","[287.0, 33]",278.24,105,9.53,-0.47
07:35:31,"[276.0, 36]","[275.49, 45]","[283.0, 60]","[287.0, 45]",279.5,186,7.0,-0.13
07:35:32,"[277.0, 9]","[276.0, 36]","[283.0, 36]","[287.14, 21]",280.0,102,6.0,-0.12
07:35:33,"[277.0, 11]","[276.0, 44]","[283.0, 44]","[287.84, 45]",280.0,144,6.0,-0.24
07:35:34,"[276.03, 39]","[274.26, 27]","[282.85, 52]","[286.49, 63]",279.44,181,6.82,-0.27
07:35:35,"[276.0, 24]","[274.0, 16]","[282.0, 32]","[283.0, 32]",279.0,104,6.0,-0.23
07:35:36,"[276.0, 54]","[274.0, 36]","[278.53, 30]","[279.33, 60]",277.27,180,2.53,0.0
07:35:37,"[274.27, 44]","[273.08, 49]","[276.12, 17]","[286.17, 71]",275.2,181,1.84,0.03
07:35:38,"[274.83, 12]","[273.85, 20]","[288.46, 74]","[289.55, 55]",281.65,161,13.63,-0.6
07:35:39,"[275.92, 13]","[274.0, 13]","[287.17, 59]","[288.86, 69]",281.55,154,11.25,-0.66
07:35:40,"[276.0, 8]","[274.0, 8]","[287.0, 75]","[288.0, 54]",281.5,145,11.0,-0.78
07:35:41,"[276.0, 7]","[274.0, 7]","[287.0, 70]","[288.0, 35]",281.5,119,11.0,-0.76
07:35:42,"[276.0, 7]","[274.0, 7]","[287.0, 70]","[288.0, 35]",281.5,119,11.0,-0.76
07:35:43,"[276.0, 16]","[274.0, 16]","[285.87, 98]","[287.13, 62]",280.93,192,9.87,-0.67
07:35:44,"[276.0, 15]","[274.0, 12]","[281.42, 12]","[284.0, 60]",278.71,99,5.42,-0.45
07:35:45,"[276.1, 31]","[275.26, 19]","[281.0, 10]","[286.1, 50]",278.55,110,4.9,-0.09
07:35:46,"[277.0, 10]","[276.0, 40]","[280.7, 10]","[286.9, 50]",278.85,110,3.7,-0.09
07:35:47,"[272.71, 17]","[270.68, 31]","[280.0, 13]","[286.0, 65]",276.35,126,7.29,-0.24
07:35:48,"[271.89, 38]","[269.15, 33]","[278.59, 17]","[286.0, 70]",275.24,158,6.69,-0.1
07:35:49,"[266.73, 66]","[215.05, 20]","[276.1, 10]","[281.0, 20]",271.41,116,9.37,0.48
07:35:50,"[267.74, 69]","[262.22, 50]","[276.0, 12]","[282.33, 24]",271.87,155,8.26,0.54
07:35:51,"[273.89, 54]","[272.0, 36]","[275.22, 9]","[284.56, 18]",274.56,117,1.33,0.54
07:35:52,"[274.0, 78]","[272.0, 52]","[275.0, 13]","[284.0, 26]",274.5,169,1.0,0.54
07:35:53,"[274.0, 36]","[272.0, 24]","[275.0, 6]","[284.0, 17]",274.5,83,1.0,0.45
07:35:54,"[274.0, 33]","[272.0, 32]","[284.0, 24]","[286.0, 24]",279.0,113,10.0,0.15
07:35:55,"[274.0, 36]","[272.0, 48]","[282.55, 22]","[284.57, 21]",278.27,127,8.55,0.32
07:35:56,"[274.0, 30]","[272.0, 40]","[280.12, 42]","[282.33, 12]",277.06,124,6.12,0.13
07:35:57,"[274.0, 33]","[272.0, 44]","[279.36, 55]","[281.36, 11]",276.68,143,5.36,0.08
07:35:58,"[273.78, 37]","[271.98, 45]","[276.58, 60]","[283.17, 12]",275.18,154,2.8,0.06
07:35:59,"[272.0, 36]","[271.0, 9]","[274.0, 45]","[284.97, 33]",273.0,123,2.0,-0.27
07:36:00,"[271.83, 24]","[270.11, 9]","[273.52, 25]","[279.69, 32]",272.68,90,1.69,-0.27
07:36:01,"[269.55, 11]","[267.12, 51]","[272.21, 19]","[277.36, 22]",270.88,103,2.67,0.2
07:36:02,"[267.74, 19]","[266.91, 46]","[270.44, 18]","[279.63, 19]",269.09,102,2.71,0.27
07:36:03,"[267.0, 98]","[266.0, 36]","[271.57, 42]","[280.09, 44]",269.29,220,4.57,0.22
07:36:04,"[268.73, 22]","[266.91, 22]","[279.0, 44]","[280.0, 22]",273.86,110,10.27,-0.2
07:36:05,"[263.68, 41]","[254.59, 44]","[279.0, 44]","[280.0, 22]",271.34,151,15.32,0.13
07:36:06,"[268.38, 24]","[265.6, 10]","[279.0, 32]","[280.0, 16]",273.69,82,10.62,-0.17
07:36:07,"[271.4, 15]","[266.33, 9]","[278.94, 17]","[279.67, 12]",275.17,53,7.54,-0.09
07:36:08,"[267.0, 33]","[265.0, 77]","[277.53, 15]","[279.0, 44]",272.27,169,10.53,0.3
07:36:09,"[267.0, 24]","[265.0, 56]","[277.0, 24]","[278.12, 32]",272.0,136,10.0,0.18
07:36:10,"[270.98, 44]","[266.29, 42]","[277.0, 30]","[278.0, 40]",273.99,156,6.02,0.1
07:36:11,"[272.0, 65]","[268.0, 39]","[276.1, 61]","[277.35, 23]",274.05,188,4.1,0.11
07:36:12,"[269.38, 50]","[268.72, 71]","[275.82, 49]","[276.24, 59]",272.6,229,6.44,0.06
07:36:13,"[272.09, 56]","[269.4, 65]","[274.79, 24]","[276.01, 96]",273.44,241,2.7,0.0
07:36:14,"[271.63, 57]","[262.78, 69]","[276.18, 82]","[279.57, 23]",273.91,231,4.55,0.09
07:36:15,"[263.94, 96]","[262.66, 95]","[279.86, 56]","[281.92, 26]",271.9,273,15.92,0.4
07:36:16,"[272.04, 67]","[265.79, 61]","[278.33, 36]","[279.22, 27]",275.19,191,6.29,0.34
07:36:17,"[273.33, 36]","[272.0, 128]","[277.24, 42]","[278.5, 64]",275.29,270,3.9,0.21
07:36:18,"[274.33, 12]","[272.0, 96]","[276.33, 12]","[279.33, 48]",275.33,168,2.0,0.29
07:36:19,"[272.05, 55]","[269.5, 16]","[280.81, 27]","[284.62, 42]",276.43,140,8.76,0.01
07:36:20,"[274.0, 24]","[271.62, 26]","[281.0, 18]","[285.0, 30]",277.5,98,7.0,0.02
07:36:21,"[272.0, 72]","[267.0, 12]","[280.25, 36]","[282.17, 41]",276.12,161,8.25,0.04
07:36:22,"[272.0, 48]","[267.0, 12]","[279.0, 36]","[280.81, 26]",275.5,122,7.0,-0.02
07:36:23,"[273.88, 102]","[271.44, 27]","[275.3, 43]","[277.71, 17]",274.59,189,1.42,0.37
07:36:24,"[274.0, 72]","[272.0, 18]","[275.0, 27]","[278.0, 9]",274.5,126,1.0,0.43
07:36:25,"[274.0, 90]","[272.0, 26]","[277.76, 21]","[281.06, 32]",275.88,169,3.76,0.37
07:36:26,"[275.0, 10]","[274.0, 60]","[282.0, 70]","[285.0, 20]",278.5,160,7.0,-0.12
07:36:27,"[275.18, 11]","[274.0, 66]","[282.0, 77]","[285.0, 22]",278.59,176,6.82,-0.12
07:36:28,"[276.1, 20]","[273.94, 202]","[281.05, 82]","[282.43, 98]",278.57,402,4.95,0.1
07:36:29,"[277.75, 40]","[274.17, 82]","[280.0, 36]","[281.92, 36]",278.88,194,2.25,0.26
07:36:30,"[278.0, 30]","[276.0, 12]","[280.0, 36]","[282.0, 36]",279.0,114,2.0,-0.26
07:36:31,"[278.0, 24]","[276.0, 12]","[280.0, 36]","[282.0, 36]",279.0,108,2.0,-0.33
07:36:32,"[278.0, 18]","[276.56, 9]","[280.0, 27]","[282.93, 43]",279.0,97,2.0,-0.44
07:36:33,"[274.21, 163]","[272.4, 60]","[279.32, 28]","[282.04, 56]",276.77,307,5.11,0.45
07:36:34,"[274.0, 84]","[272.0, 30]","[278.67, 6]","[284.0, 18]",276.33,138,4.67,0.65
07:36:35,"[274.0, 196]","[272.0, 70]","[277.5, 14]","[285.0, 42]",275.75,322,3.5,0.65
07:36:36,"[274.0, 168]","[272.0, 60]","[276.67, 12]","[284.74, 34]",275.33,274,2.67,0.66
07:36:37,"[274.0, 125]","[272.0, 45]","[275.11, 9]","[278.45, 11]",274.56,190,1.11,0.79
07:36:38,"[274.0, 145]","[272.83, 29]","[275.23, 13]","[285.0, 39]",274.62,226,1.23,0.54
07:36:39,"[274.0, 73]","[273.0, 16]","[285.59, 17]","[287.59, 32]",279.79,138,11.59,0.29
07:36:40,"[274.0, 90]","[273.0, 20]","[287.0, 20]","[288.0, 50]",280.5,180,13.0,0.22
07:36:41,"[274.0, 90]","[273.0, 22]","[286.82, 22]","[287.92, 49]",280.41,183,12.82,0.22
07:36:42,"[274.0, 64]","[273.0, 16]","[286.0, 26]","[287.86, 43]",280.0,149,12.0,0.07
07:36:43,"[274.0, 120]","[273.0, 30]","[285.21, 56]","[287.93, 108]",279.61,314,11.21,-0.04
07:36:44,"[274.17, 70]","[273.15, 26]","[280.16, 31]","[287.16, 50]",277.17,177,5.99,0.08
07:36:45,"[275.53, 90]","[274.63, 38]","[285.0, 22]","[288.0, 77]",280.27,227,9.47,0.13
07:36:46,"[276.18, 66]","[275.55, 66]","[285.0, 16]","[288.0, 56]",280.59,204,8.82,0.29
07:36:47,"[276.0, 129]","[275.0, 72]","[282.0, 35]","[285.48, 31]",279.0,267,6.0,0.51
07:36:48,"[276.0, 91]","[275.0, 78]","[280.34, 53]","[283.7, 43]",278.17,265,4.34,0.28
07:36:49,"[276.0, 112]","[275.0, 96]","[279.38, 80]","[287.0, 112]",277.69,400,3.38,0.04
07:36:50,"[276.18, 51]","[275.37, 57]","[278.0, 33]","[286.88, 48]",277.09,189,1.82,0.14
07:36:51,"[276.0, 117]","[275.0, 102]","[278.29, 34]","[286.49, 35]",277.15,288,2.29,0.52
07:36:52,"[276.0, 70]","[275.0, 84]","[288.0, 28]","[289.0, 81]",282.0,263,12.0,0.17
07:36:53,"[276.3, 47]","[275.42, 83]","[287.43, 42]","[288.79, 57]",281.86,229,11.13,0.14
07:36:54,"[278.0, 10]","[276.0, 50]","[287.0, 40]","[288.0, 36]",282.5,136,9.0,-0.12
07:36:55,"[276.0, 30]","[275.0, 60]","[287.0, 40]","[288.0, 48]",281.5,178,11.0,0.01
07:36:56,"[275.47, 45]","[274.84, 50]","[286.07, 28]","[287.94, 72]",280.77,195,10.6,-0.03
07:36:57,"[275.0, 114]","[271.12, 104]","[282.15, 62]","[284.41, 76]",278.57,356,7.15,0.22
07:36:58,"[274.76, 34]","[271.31, 78]","[277.35, 46]","[278.75, 73]",276.06,231,2.58,-0.03
07:36:59,"[273.14, 28]","[272.08, 52]","[274.8, 30]","[283.18, 79]",273.97,189,1.66,-0.15
07:37:00,"[272.04, 50]","[270.06, 124]","[273.9, 21]","[279.55, 40]",272.97,235,1.86,0.48
07:37:01,"[271.35, 62]","[269.86, 174]","[273.21, 19]","[278.0, 50]",272.28,305,1.86,0.55
07:37:02,"[269.63, 86]","[268.92, 109]","[274.0, 24]","[283.85, 104]",271.81,323,4.37,0.21
07:37:03,"[270.0, 13]","[268.62, 48]","[273.46, 26]","[284.0, 150]",271.73,237,3.46,-0.49
07:37:04,"[271.07, 15]","[267.79, 19]","[281.14, 43]","[283.95, 95]",276.1,172,10.07,-0.6
07:37:05,"[270.0, 16]","[267.0, 46]","[282.69, 94]","[283.41, 88]",276.35,244,12.69,-0.49
07:37:06,"[267.21, 42]","[266.25, 24]","[270.11, 111]","[280.87, 113]",268.66,290,2.89,-0.54
07:37:07,"[266.63, 27]","[215.33, 15]","[268.0, 135]","[279.0, 75]",267.31,252,1.37,-0.67
07:37:08,"[267.0, 73]","[263.0, 8]","[268.0, 72]","[279.0, 40]",267.5,193,1.0,-0.16
07:37:09,"[267.0, 95]","[263.0, 9]","[268.0, 81]","[279.0, 45]",267.5,230,1.0,-0.1
07:37:10,"[267.0, 88]","[263.0, 8]","[268.0, 72]","[279.0, 40]",267.5,208,1.0,-0.08
07:37:11,"[267.0, 41]","[266.0, 20]","[268.0, 36]","[279.0, 20]",267.5,117,1.0,0.04
07:37:12,"[267.0, 110]","[266.0, 55]","[268.0, 99]","[280.25, 32]",267.5,296,1.0,0.11
07:37:13,"[267.0, 104]","[264.63, 46]","[268.0, 87]","[279.0, 24]",267.5,261,1.0,0.15
07:37:14,"[267.0, 72]","[263.0, 27]","[268.0, 18]","[279.0, 18]",267.5,135,1.0,0.47
07:37:15,"[274.66, 79]","[266.45, 65]","[279.5, 16]","[284.0, 32]",277.08,192,4.84,0.5
07:37:16,"[278.0, 126]","[270.02, 96]","[281.28, 18]","[284.98, 154]",279.64,394,3.28,0.13
07:37:17,"[278.0, 136]","[273.73, 88]","[279.95, 21]","[283.43, 46]",278.98,291,1.95,0.54
07:37:18,"[278.0, 60]","[276.08, 39]","[285.0, 93]","[286.83, 12]",281.5,204,7.0,-0.03
07:37:19,"[278.0, 16]","[277.0, 8]","[285.0, 48]","[287.0, 8]",281.5,80,7.0,-0.4
07:37:20,"[278.0, 6]","[277.0, 6]","[285.0, 21]","[287.0, 6]",281.5,39,7.0,-0.38
07:37:21,"[278.0, 10]","[277.0, 10]","[285.0, 10]","[287.0, 10]",281.5,40,7.0,0.0
07:37:22,"[277.7, 10]","[276.37, 19]","[284.11, 18]","[285.4, 10]",280.91,57,6.41,0.02
07:37:23,"[277.0, 11]","[276.0, 44]","[284.0, 22]","[285.0, 11]",280.5,88,7.0,0.25
07:37:24,"[277.86, 37]","[276.29, 28]","[282.83, 29]","[284.79, 19]",280.35,113,4.96,0.15
07:37:25,"[278.0, 60]","[277.0, 15]","[280.53, 45]","[280.6, 60]",279.27,180,2.53,-0.17
07:37:26,"[276.52, 25]","[275.59, 37]","[278.29, 21]","[279.37, 41]",277.4,124,1.77,0.0
07:37:27,"[275.16, 38]","[274.43, 28]","[276.64, 55]","[288.0, 58]",275.9,179,1.48,-0.26
07:37:28,"[274.8, 25]","[273.67, 15]","[275.9, 50]","[288.0, 60]",275.35,150,1.1,-0.47
07:37:29,"[273.3, 10]","[267.64, 28]","[279.14, 22]","[292.16, 37]",276.22,97,5.84,-0.22
07:37:30,"[273.0, 10]","[267.0, 30]","[287.03, 37]","[289.44, 25]",280.01,102,14.03,-0.22
07:37:31,"[273.0, 16]","[267.0, 48]","[285.28, 72]","[288.64, 94]",279.14,230,12.28,-0.44
07:37:32,"[272.38, 16]","[267.65, 20]","[284.0, 80]","[286.0, 64]",278.19,180,11.62,-0.6
07:37:33,"[268.0, 8]","[267.0, 16]","[283.9, 39]","[285.7, 33]",275.95,96,15.9,-0.5
07:37:34,"[268.8, 15]","[267.67, 18]","[281.67, 60]","[284.0, 75]",275.23,168,12.87,-0.61
07:37:35,"[270.44, 16]","[268.69, 16]","[279.31, 64]","[285.11, 81]",274.88,177,8.88,-0.64
07:37:36,"[271.45, 22]","[265.98, 42]","[278.0, 56]","[286.07, 70]",274.73,190,6.55,-0.33
07:37:37,"[272.0, 18]","[265.0, 63]","[278.0, 66]","[286.0, 45]",275.0,192,6.0,-0.16
07:37:38,"[272.0, 18]","[265.0, 27]","[277.53, 51]","[281.89, 45]",274.76,141,5.53,-0.36
07:37:39,"[272.0, 22]","[265.19, 63]","[276.0, 44]","[282.0, 55]",274.0,184,4.0,-0.08
07:37:40,"[272.85, 75]","[267.16, 32]","[276.0, 44]","[285.0, 85]",274.43,236,3.15,-0.09
07:37:41,"[273.0, 308]","[272.0, 17]","[274.91, 35]","[279.74, 86]",273.96,446,1.91,0.46
07:37:42,"[273.28, 235]","[272.62, 29]","[279.16, 38]","[280.19, 75]",276.22,377,5.88,0.4
07:37:43,"[275.0, 90]","[273.0, 57]","[281.0, 76]","[283.26, 95]",278.0,318,6.0,-0.08
07:37:44,"[275.4, 30]","[273.0, 30]","[280.3, 40]","[283.84, 73]",277.85,173,4.9,-0.31
07:37:45,"[276.0, 33]","[273.0, 33]","[277.55, 44]","[284.0, 64]",276.77,174,1.55,-0.24
07:37:46,"[276.0, 27]","[273.0, 27]","[277.0, 36]","[283.73, 37]",276.5,127,1.0,-0.15
07:37:47,"[275.62, 48]","[272.75, 48]","[277.76, 66]","[282.75, 80]",276.69,242,2.13,-0.21
07:37:48,"[272.41, 51]","[270.88, 41]","[280.67, 33]","[281.97, 61]",276.54,186,8.25,-0.01
07:37:49,"[271.0, 28]","[270.0, 14]","[278.57, 42]","[280.0, 14]",274.79,98,7.57,-0.14
07:37:50,"[267.73, 11]","[266.21, 38]","[276.73, 33]","[280.0, 11]",272.23,93,9.0,0.05
07:37:51,"[271.56, 66]","[269.48, 50]","[276.0, 35]","[280.0, 17]",273.78,168,4.44,0.38
07:37:52,"[271.65, 81]","[267.83, 111]","[275.56, 34]","[280.71, 45]",273.61,271,3.9,0.42
07:37:53,"[269.98, 40]","[268.09, 44]","[279.0, 54]","[284.11, 74]",274.49,212,9.02,-0.21
07:37:54,"[271.93, 45]","[269.0, 30]","[278.55, 31]","[281.59, 75]",275.24,181,6.62,-0.17
07:37:55,"[272.0, 51]","[269.0, 34]","[275.45, 33]","[280.64, 56]",273.73,174,3.45,-0.02
07:37:56,"[271.6, 45]","[267.93, 56]","[273.19, 68]","[279.09, 34]",272.4,203,1.59,-0.0
07:37:57,"[269.71, 17]","[267.16, 76]","[274.0, 20]","[275.0, 10]",271.85,123,4.29,0.51
07:37:58,"[269.21, 28]","[267.1, 116]","[273.73, 22]","[274.4, 20]",271.47,186,4.51,0.55
07:37:59,"[269.86, 28]","[267.09, 46]","[272.18, 17]","[274.48, 27]",271.02,118,2.32,0.25
07:38:00,"[270.19, 62]","[267.17, 48]","[275.43, 23]","[279.37, 49]",272.81,182,5.24,0.21
07:38:01,"[272.63, 70]","[271.74, 77]","[275.41, 17]","[280.07, 41]",274.02,205,2.78,0.43
07:38:02,"[273.5, 48]","[272.0, 60]","[279.14, 21]","[280.89, 54]",276.32,183,5.64,0.18
07:38:03,"[274.52, 50]","[272.0, 70]","[280.83, 47]","[281.77, 105]",277.67,272,6.31,-0.12
07:38:04,"[276.43, 42]","[273.58, 38]","[281.0, 30]","[282.0, 90]",278.71,200,4.57,-0.2
07:38:05,"[277.0, 60]","[276.0, 36]","[281.0, 36]","[282.0, 108]",279.0,240,4.0,-0.2
07:38:06,"[277.0, 40]","[276.0, 24]","[281.0, 24]","[282.0, 72]",279.0,160,4.0,-0.2
07:38:07,"[277.0, 60]","[276.0, 36]","[280.32, 44]","[281.86, 84]",278.66,224,3.32,-0.14
07:38:08,"[277.0, 60]","[276.0, 36]","[279.0, 60]","[282.1, 60]",278.0,216,2.0,-0.11
07:38:09,"[276.96, 99]","[275.64, 56]","[278.93, 91]","[282.49, 117]",277.95,363,1.97,-0.15
07:38:10,"[276.0, 56]","[272.0, 14]","[277.59, 37]","[278.9, 61]",276.8,168,1.59,-0.17
07:38:11,"[275.08, 26]","[271.31, 26]","[278.88, 64]","[285.29, 68]",276.98,184,3.8,-0.43
07:38:12,"[272.0, 13]","[271.0, 39]","[280.5, 40]","[282.09, 58]",276.25,150,8.5,-0.31
07:38:13,"[269.33, 45]","[265.78, 115]","[279.67, 45]","[281.0, 75]",274.5,280,10.33,0.14
07:38:14,"[269.0, 56]","[265.0, 140]","[278.21, 42]","[281.71, 70]",273.61,308,9.21,0.27
07:38:15,"[269.0, 36]","[265.0, 90]","[277.56, 27]","[282.0, 36]",273.28,189,8.56,0.33
07:38:16,"[269.03, 70]","[265.04, 182]","[276.0, 57]","[281.62, 109]",272.51,418,6.97,0.21
07:38:17,"[270.93, 28]","[269.0, 28]","[275.0, 37]","[278.44, 54]",272.96,147,4.07,-0.24
07:38:18,"[269.0, 26]","[263.0, 78]","[272.0, 39]","[282.68, 101]",270.5,244,3.0,-0.15
07:38:19,"[269.0, 16]","[263.0, 48]","[270.75, 24]","[283.0, 40]",269.88,128,1.75,0.0
07:38:20,"[268.09, 92]","[262.25, 168]","[275.0, 22]","[282.88, 48]",271.54,330,6.91,0.58
07:38:21,"[273.08, 106]","[264.43, 98]","[281.0, 8]","[283.0, 32]",277.04,244,7.92,0.67
07:38:22,"[274.55, 124]","[273.0, 224]","[277.92, 52]","[280.57, 28]",276.24,428,3.37,0.63
07:38:23,"[273.79, 116]","[272.02, 184]","[276.46, 28]","[279.46, 52]",275.13,380,2.67,0.58
07:38:24,"[273.0, 206]","[268.74, 47]","[274.05, 41]","[278.05, 21]",273.52,315,1.05,0.61
07:38:25,"[273.0, 73]","[269.0, 10]","[274.75, 12]","[282.78, 37]",273.88,132,1.75,0.26
07:38:26,"[273.0, 49]","[269.0, 7]","[274.43, 7]","[283.0, 28]",273.71,91,1.43,0.23
07:38:27,"[273.0, 77]","[271.7, 20]","[274.0, 11]","[282.82, 44]",273.5,152,1.0,0.28
07:38:28,"[273.0, 81]","[272.0, 26]","[284.16, 44]","[285.8, 59]",278.58,210,11.16,0.02
07:38:29,"[272.71, 35]","[271.0, 15]","[280.37, 19]","[283.76, 38]",276.54,107,7.65,-0.07
07:38:30,"[272.0, 30]","[269.0, 16]","[278.47, 36]","[279.13, 39]",275.24,121,6.47,-0.24
07:38:31,"[271.52, 25]","[268.29, 34]","[273.7, 44]","[275.95, 42]",272.61,145,2.18,-0.19
07:38:32,"[270.71, 28]","[268.33, 36]","[273.64, 56]","[277.32, 71]",272.18,191,2.93,-0.33
07:38:33,"[266.26, 35]","[263.67, 108]","[274.78, 36]","[282.78, 36]",270.52,215,8.52,0.33
07:38:34,"[263.96, 138]","[262.98, 202]","[281.15, 60]","[282.16, 56]",272.55,456,17.19,0.49
07:38:35,"[263.0, 162]","[262.0, 9]","[280.85, 41]","[281.74, 38]",271.93,250,17.85,0.37
07:38:36,"[263.0, 252]","[262.0, 14]","[278.0, 72]","[280.59, 58]",270.5,396,15.0,0.34
07:38:37,"[263.04, 187]","[262.93, 136]","[267.21, 38]","[278.29, 96]",265.12,457,4.17,0.41
07:38:38,"[264.96, 25]","[262.86, 135]","[267.0, 24]","[275.0, 24]",265.98,208,2.04,0.54
07:38:39,"[265.0, 56]","[264.0, 14]","[273.38, 45]","[274.36, 39]",269.19,154,8.38,-0.09
07:38:40,"[265.72, 71]","[264.52, 29]","[270.51, 75]","[272.31, 65]",268.11,240,4.79,-0.17
07:38:41,"[267.21, 52]","[265.44, 45]","[271.78, 41]","[275.74, 61]",269.5,199,4.57,-0.03
07:38:42,"[268.63, 70]","[265.68, 44]","[273.59, 32]","[276.12, 48]",271.11,194,4.97,0.18
07:38:43,"[273.0, 41]","[264.55, 20]","[276.13, 31]","[277.57, 21]",274.56,113,3.13,0.08
07:38:44,"[274.0, 27]","[273.0, 27]","[277.0, 9]","[278.0, 27]",275.5,90,3.0,0.2
07:38:45,"[274.14, 42]","[273.0, 42]","[277.0, 14]","[278.0, 42]",275.57,140,2.86,0.2
07:38:46,"[274.69, 32]","[271.81, 67]","[277.0, 14]","[278.0, 42]",275.84,155,2.31,0.28
07:38:47,"[273.0, 11]","[271.0, 88]","[277.0, 11]","[278.0, 33]",275.0,143,4.0,0.38
07:38:48,"[273.0, 13]","[271.0, 104]","[277.0, 13]","[278.0, 39]",275.0,169,4.0,0.38
07:38:49,"[273.0, 9]","[271.0, 72]","[276.64, 33]","[277.86, 28]",274.82,142,3.64,0.14
07:38:50,"[271.61, 23]","[270.97, 58]","[274.0, 36]","[277.32, 28]",272.8,145,2.39,0.12
07:38:51,"[271.0, 80]","[270.0, 13]","[278.07, 29]","[280.6, 30]",274.53,152,7.07,0.22
07:38:52,"[271.0, 73]","[270.0, 13]","[277.38, 13]","[279.0, 54]",274.19,153,6.38,0.12
07:38:53,"[273.0, 56]","[271.0, 28]","[276.0, 7]","[278.75, 16]",274.5,107,3.0,0.57
07:38:54,"[274.64, 117]","[273.0, 136]","[276.0, 17]","[278.0, 17]",275.32,287,1.36,0.76
07:38:55,"[275.0, 78]","[273.02, 98]","[276.0, 13]","[278.0, 13]",275.5,202,1.0,0.74
07:38:56,"[275.0, 50]","[274.0, 20]","[278.0, 10]","[279.0, 20]",276.5,100,3.0,0.4
07:38:57,"[275.0, 60]","[274.0, 24]","[278.0, 12]","[279.0, 24]",276.5,120,3.0,0.4
07:38:58,"[275.0, 80]","[274.0, 32]","[276.83, 36]","[278.55, 22]",275.92,170,1.83,0.32
07:38:59,"[275.62, 32]","[274.0, 26]","[277.81, 37]","[283.3, 40]",276.72,135,2.19,-0.14
07:39:00,"[276.0, 32]","[274.28, 25]","[278.35, 34]","[280.56, 18]",277.18,109,2.35,0.05
07:39:01,"[275.0, 24]","[273.22, 54]","[278.0, 24]","[281.0, 12]",276.5,114,3.0,0.37
07:39:02,"[276.73, 44]","[273.56, 36]","[278.0, 24]","[281.0, 12]",277.36,116,1.27,0.38
07:39:03,"[277.0, 22]","[274.0, 22]","[278.0, 22]","[281.0, 11]",277.5,77,1.0,0.14
07:39:04,"[273.52, 46]","[271.69, 26]","[278.0, 16]","[281.0, 8]",275.76,96,4.48,0.5
07:39:05,"[272.41, 81]","[270.86, 42]","[278.0, 30]","[281.75, 60]",275.2,213,5.59,0.15
07:39:06,"[273.78, 41]","[272.33, 36]","[278.0, 22]","[281.0, 44]",275.89,143,4.22,0.08
07:39:07,"[274.0, 36]","[273.0, 27]","[280.14, 28]","[282.83, 41]",277.07,132,6.14,-0.05
07:39:08,"[274.0, 24]","[273.0, 18]","[281.0, 24]","[284.0, 30]",277.5,96,7.0,-0.12
07:39:09,"[274.0, 58]","[273.0, 51]","[278.0, 68]","[281.94, 68]",276.0,245,4.0,-0.11
07:39:10,"[274.0, 14]","[273.0, 21]","[276.9, 10]","[279.14, 28]",275.45,73,2.9,-0.04
07:39:11,"[273.1, 40]","[271.18, 66]","[274.86, 14]","[281.14, 56]",273.98,176,1.76,0.2
07:39:12,"[273.0, 39]","[271.0, 65]","[281.65, 46]","[284.08, 52]",277.33,202,8.65,0.03
07:39:13,"[272.41, 17]","[270.74, 23]","[282.0, 20]","[285.0, 20]",277.21,80,9.59,0.0
07:39:14,"[271.0, 47]","[269.0, 33]","[282.0, 44]","[284.49, 49]",276.5,173,11.0,-0.08
07:39:15,"[271.0, 8]","[269.0, 24]","[282.0, 32]","[284.0, 40]",276.5,104,11.0,-0.38
07:39:16,"[271.0, 11]","[269.0, 24]","[282.0, 32]","[284.0, 40]",276.5,107,11.0,-0.35
07:39:17,"[273.07, 29]","[266.93, 28]","[282.0, 60]","[283.81, 42]",277.53,159,8.93,-0.28
07:39:18,"[276.0, 24]","[269.83, 12]","[282.0, 48]","[283.0, 24]",279.0,108,6.0,-0.33
07:39:19,"[276.0, 24]","[274.45, 44]","[281.0, 60]","[283.76, 68]",278.5,196,5.0,-0.31
07:39:20,"[276.0, 32]","[275.0, 80]","[280.71, 56]","[283.79, 103]",278.36,271,4.71,-0.17
07:39:21,"[275.23, 62]","[272.26, 85]","[277.54, 67]","[278.28, 64]",276.38,278,2.31,0.06
07:39:22,"[271.0, 42]","[269.63, 81]","[275.14, 28]","[281.37, 54]",273.07,205,4.14,0.2
07:39:23,"[271.0, 33]","[268.0, 55]","[273.0, 22]","[275.0, 22]",272.0,132,2.0,0.33
07:39:24,"[271.0, 23]","[268.0, 65]","[274.12, 34]","[278.36, 28]",272.56,150,3.12,0.17
07:39:25,"[271.64, 22]","[268.45, 47]","[273.65, 34]","[275.17, 58]",272.64,161,2.01,-0.14
07:39:26,"[271.42, 19]","[268.2, 59]","[274.69, 52]","[279.63, 38]",273.06,168,3.27,-0.07
07:39:27,"[271.0, 9]","[268.0, 45]","[276.78, 36]","[283.0, 18]",273.89,108,5.78,0.0
07:39:28,"[268.88, 64]","[265.23, 26]","[276.88, 32]","[281.08, 50]",272.88,172,8.0,0.05
07:39:29,"[269.0, 96]","[268.0, 24]","[276.0, 28]","[278.6, 45]",272.5,193,7.0,0.24
07:39:30,"[269.21, 112]","[268.0, 28]","[275.58, 26]","[278.19, 52]",272.4,218,6.36,0.28
07:39:31,"[270.0, 128]","[268.0, 32]","[274.0, 16]","[278.33, 72]",272.0,248,4.0,0.29
07:39:32,"[270.21, 146]","[269.0, 48]","[276.62, 37]","[278.4, 50]",273.41,281,6.42,0.38
07:39:33,"[271.29, 62]","[270.0, 60]","[278.0, 40]","[279.21, 38]",274.65,200,6.71,0.22
07:39:34,"[272.17, 36]","[271.09, 66]","[278.0, 44]","[279.0, 55]",275.08,201,5.83,0.01
07:39:35,"[272.0, 56]","[270.0, 78]","[276.38, 52]","[278.52, 58]",274.19,244,4.38,0.1
07:39:36,"[274.17, 36]","[272.0, 24]","[276.0, 48]","[279.0, 60]",275.08,168,1.83,-0.29
07:39:37,"[275.0, 27]","[272.0, 18]","[276.0, 36]","[279.0, 45]",275.5,126,1.0,-0.29
07:39:38,"[274.74, 23]","[271.4, 20]","[276.76, 33]","[280.88, 40]",275.75,116,2.02,-0.26
07:39:39,"[272.0, 14]","[270.14, 42]","[281.0, 35]","[282.0, 35]",276.5,126,9.0,-0.11
07:39:40,"[274.18, 22]","[271.44, 54]","[280.15, 33]","[281.1, 49]",277.17,158,5.97,-0.04
07:39:41,"[271.24, 63]","[270.15, 78]","[275.34, 47]","[277.2, 15]",273.29,203,4.1,0.39
07:39:42,"[271.0, 70]","[270.0, 84]","[274.87, 46]","[275.21, 38]",272.93,238,3.87,0.29
07:39:43,"[271.0, 53]","[270.0, 102]","[272.6, 45]","[274.78, 77]",271.8,277,1.6,0.12
07:39:44,"[270.05, 63]","[269.29, 28]","[277.71, 55]","[280.31, 59]",273.88,205,7.66,-0.11
07:39:45,"[270.0, 66]","[268.0, 11]","[278.73, 33]","[281.23, 65]",274.36,175,8.73,-0.12
07:39:46,"[270.71, 63]","[269.89, 57]","[278.0, 36]","[282.83, 60]",274.36,216,7.29,0.11
07:39:47,"[274.97, 116]","[271.46, 106]","[277.1, 60]","[282.86, 74]",276.03,356,2.13,0.25
07:39:48,"[276.0, 60]","[275.0, 50]","[277.0, 30]","[282.0, 20]",276.5,160,1.0,0.38
07:39:49,"[276.0, 64]","[275.0, 70]","[280.26, 38]","[283.29, 56]",278.13,228,4.26,0.18
07:39:50,"[276.0, 18]","[275.0, 45]","[281.0, 27]","[282.0, 18]",278.5,108,5.0,0.17
07:39:51,"[275.23, 26]","[274.75, 20]","[281.0, 24]","[282.0, 16]",278.12,86,5.77,0.07
07:39:52,"[275.0, 36]","[274.0, 9]","[281.0, 31]","[282.67, 18]",278.0,94,6.0,-0.04
07:39:53,"[275.0, 40]","[274.0, 10]","[279.0, 24]","[280.74, 19]",277.0,93,4.0,0.08
07:39:54,"[275.0, 56]","[274.0, 14]","[277.93, 42]","[279.0, 26]",276.46,138,2.93,0.01
07:39:55,"[275.0, 30]","[274.0, 12]","[276.6, 20]","[280.4, 45]",275.8,107,1.6,-0.21
07:39:56,"[275.0, 9]","[274.0, 9]","[276.0, 9]","[281.33, 45]",275.5,72,1.0,-0.5
07:39:57,"[274.77, 13]","[273.77, 13]","[280.2, 25]","[283.23, 65]",277.48,116,5.43,-0.55
07:39:58,"[274.0, 9]","[273.0, 9]","[283.0, 45]","[284.0, 45]",278.5,108,9.0,-0.67
07:39:59,"[264.65, 77]","[265.17, 23]","[283.0, 40]","[284.0, 40]",273.82,180,18.35,0.11
07:40:00,"[264.0, 178]","[263.0, 48]","[283.0, 40]","[284.0, 40]",273.5,306,19.0,0.48
07:40:01,"[270.0, 10]","[264.0, 201]","[283.0, 50]","[284.0, 50]",276.5,311,13.0,0.36
07:40:02,"[265.71, 96]","[265.65, 124]","[283.0, 50]","[284.0, 50]",274.35,320,17.29,0.38
07:40:03,"[267.5, 60]","[266.28, 86]","[282.92, 38]","[283.7, 50]",275.21,234,15.42,0.25
07:40:04,"[268.0, 101]","[267.0, 102]","[278.0, 73]","[280.19, 69]",273.0,345,10.0,0.18
07:40:05,"[268.0, 35]","[267.0, 42]","[277.97, 31]","[279.71, 35]",272.98,143,9.97,0.08
07:40:06,"[268.0, 65]","[267.0, 78]","[276.38, 13]","[278.31, 65]",272.19,221,8.38,0.29
07:40:07,"[268.0, 60]","[267.0, 72]","[271.6, 20]","[279.35, 40]",269.8,192,3.6,0.38
07:40:08,"[268.0, 38]","[267.0, 84]","[269.0, 70]","[276.0, 14]",268.5,206,1.0,0.18
07:40:09,"[268.0, 8]","[267.0, 48]","[272.75, 12]","[279.89, 36]",270.38,104,4.75,0.08
07:40:10,"[269.6, 35]","[267.14, 49]","[275.0, 14]","[278.0, 28]",272.3,126,5.4,0.33
07:40:11,"[270.0, 40]","[268.0, 10]","[274.3, 10]","[278.0, 20]",272.15,80,4.3,0.25
07:40:12,"[270.75, 16]","[269.96, 49]","[273.85, 13]","[278.0, 26]",272.3,104,3.1,0.25
07:40:13,"[271.93, 44]","[270.28, 54]","[276.04, 25]","[278.25, 32]",273.99,155,4.11,0.26
07:40:14,"[274.38, 91]","[273.61, 129]","[276.73, 52]","[278.26, 27]",275.56,299,2.35,0.47
07:40:15,"[274.16, 95]","[273.4, 50]","[277.55, 38]","[280.34, 56]",275.86,239,3.39,0.21
07:40:16,"[274.0, 112]","[271.0, 14]","[277.17, 29]","[282.67, 75]",275.59,230,3.17,0.1
07:40:17,"[274.0, 73]","[271.2, 10]","[275.8, 25]","[276.4, 25]",274.9,133,1.8,0.25
07:40:18,"[274.0, 80]","[273.0, 12]","[275.67, 24]","[279.86, 56]",274.83,172,1.67,0.07
07:40:19,"[274.0, 54]","[273.0, 9]","[276.0, 36]","[285.0, 33]",275.0,132,2.0,-0.05
07:40:20,"[274.0, 64]","[273.0, 12]","[276.0, 48]","[284.29, 42]",275.0,166,2.0,-0.08
07:40:21,"[274.0, 56]","[273.0, 16]","[278.06, 64]","[284.13, 87]",276.03,223,4.06,-0.35
07:40:22,"[274.46, 13]","[273.23, 13]","[283.0, 52]","[285.0, 91]",278.73,169,8.54,-0.69
07:40:23,"[276.0, 14]","[274.0, 14]","[283.0, 56]","[284.55, 33]",279.5,117,7.0,-0.52
07:40:24,"[276.0, 10]","[274.0, 10]","[283.0, 40]","[285.0, 20]",279.5,80,7.0,-0.5
07:40:25,"[276.0, 7]","[274.0, 7]","[283.0, 28]","[285.0, 32]",279.5,74,7.0,-0.62
07:40:26,"[276.0, 8]","[274.0, 8]","[283.0, 32]","[285.0, 40]",279.5,88,7.0,-0.64
07:40:27,"[274.4, 10]","[273.2, 10]","[282.59, 34]","[284.67, 48]",278.49,102,8.19,-0.61
07:40:28,"[274.0, 16]","[273.0, 16]","[282.89, 61]","[285.41, 79]",278.44,172,8.89,-0.63
07:40:29,"[274.0, 12]","[273.0, 12]","[282.44, 54]","[284.67, 54]",278.22,132,8.44,-0.64
07:40:30,"[271.47, 17]","[270.14, 56]","[280.64, 61]","[281.42, 79]",276.05,213,9.17,-0.31
07:40:31,"[271.0, 13]","[270.0, 52]","[276.42, 53]","[277.88, 41]",273.71,159,5.42,-0.18
07:40:32,"[269.8, 20]","[268.7, 23]","[274.16, 43]","[275.45, 55]",271.98,141,4.36,-0.39
07:40:33,"[268.0, 9]","[264.0, 9]","[272.11, 9]","[274.0, 45]",270.06,72,4.11,-0.5
07:40:34,"[268.0, 12]","[264.0, 12]","[270.21, 56]","[272.0, 20]",269.11,100,2.21,-0.52
07:40:35,"[265.6, 10]","[262.09, 94]","[269.0, 41]","[270.46, 26]",267.3,171,3.4,0.22
07:40:36,"[264.0, 12]","[262.0, 150]","[267.23, 43]","[268.8, 20]",265.62,225,3.23,0.44
07:40:37,"[264.0, 14]","[262.0, 162]","[266.39, 56]","[267.08, 50]",265.2,282,2.39,0.25
07:40:38,"[262.08, 75]","[261.09, 66]","[265.67, 36]","[266.29, 21]",263.87,198,3.59,0.42
07:40:39,"[262.0, 72]","[260.0, 35]","[266.0, 14]","[267.0, 7]",264.0,128,4.0,0.67
07:40:40,"[264.23, 179]","[262.17, 107]","[273.25, 60]","[275.02, 54]",268.74,400,9.02,0.43
07:40:41,"[271.48, 148]","[266.04, 91]","[273.95, 63]","[275.63, 52]",272.72,354,2.47,0.35
07:40:42,"[270.0, 42]","[264.0, 60]","[274.0, 60]","[278.0, 72]",272.0,234,4.0,-0.13
07:40:43,"[270.9, 52]","[269.23, 86]","[275.33, 60]","[278.0, 72]",273.12,270,4.43,0.02
07:40:44,"[273.43, 105]","[272.0, 28]","[276.0, 35]","[278.0, 42]",274.71,210,2.57,0.27
07:40:45,"[274.23, 200]","[273.2, 55]","[277.32, 73]","[279.04, 46]",275.77,374,3.09,0.36
07:40:46,"[274.87, 15]","[273.98, 42]","[278.0, 66]","[281.0, 22]",276.43,145,3.13,-0.21
07:40:47,"[275.67, 9]","[274.29, 21]","[277.83, 29]","[278.63, 38]",276.75,97,2.16,-0.38
07:40:48,"[275.0, 10]","[274.0, 50]","[278.0, 40]","[279.75, 32]",276.5,132,3.0,-0.09
07:40:49,"[275.0, 7]","[274.0, 35]","[278.0, 7]","[279.0, 35]",276.5,84,3.0,0.0
07:40:50,"[276.75, 24]","[274.32, 22]","[278.0, 10]","[279.0, 50]",277.38,106,1.25,-0.13
07:40:51,"[274.03, 33]","[273.14, 37]","[278.0, 9]","[279.0, 45]",276.02,124,3.97,0.13
07:40:52,"[274.0, 36]","[273.0, 36]","[278.0, 9]","[279.0, 45]",276.0,126,4.0,0.14
07:40:53,"[274.0, 48]","[273.0, 48]","[278.0, 12]","[279.0, 60]",276.0,168,4.0,0.14
07:40:54,"[274.0, 36]","[273.0, 36]","[276.59, 17]","[278.86, 29]",275.29,118,2.59,0.22
07:40:55,"[274.0, 32]","[273.0, 32]","[276.0, 24]","[280.94, 50]",275.0,138,2.0,-0.07
07:40:56,"[274.0, 52]","[273.0, 52]","[276.0, 39]","[281.0, 69]",275.0,212,2.0,-0.02
07:40:57,"[274.0, 48]","[273.0, 48]","[276.0, 36]","[281.0, 60]",275.0,192,2.0,0.0
07:40:58,"[273.09, 33]","[272.07, 14]","[276.0, 27]","[281.14, 29]",274.55,103,2.91,-0.09
07:40:59,"[272.0, 11]","[271.0, 33]","[276.8, 25]","[281.45, 11]",274.4,80,4.8,0.1
07:41:00,"[270.11, 37]","[269.38, 13]","[280.67, 12]","[282.5, 10]",275.39,72,10.56,0.39
07:41:01,"[270.0, 50]","[268.0, 10]","[280.0, 40]","[281.0, 10]",275.0,110,10.0,0.09
07:41:02,"[271.14, 84]","[270.0, 70]","[277.72, 50]","[280.5, 20]",274.43,224,6.58,0.38
07:41:03,"[271.84, 101]","[269.77, 62]","[275.39, 72]","[277.9, 39]",273.62,274,3.55,0.19
07:41:04,"[269.6, 40]","[266.71, 14]","[272.0, 56]","[282.0, 14]",270.8,124,2.4,-0.13
07:41:05,"[261.62, 52]","[261.47, 32]","[269.85, 80]","[272.04, 53]",265.73,217,8.23,-0.23
07:41:06,"[257.0, 152]","[256.0, 30]","[266.03, 72]","[268.16, 62]",261.51,316,9.03,0.15
07:41:07,"[257.0, 140]","[256.0, 20]","[262.38, 13]","[264.0, 10]",259.69,183,5.38,0.75
07:41:08,"[257.0, 98]","[256.0, 14]","[262.0, 7]","[264.0, 7]",259.5,126,5.0,0.78
07:41:09,"[257.0, 63]","[256.0, 10]","[262.0, 5]","[264.0, 5]",259.5,83,5.0,0.76
07:41:10,"[258.33, 60]","[256.99, 137]","[262.0, 10]","[264.0, 10]",260.17,217,3.67,0.82
07:41:11,"[259.82, 55]","[257.0, 165]","[262.0, 11]","[264.0, 11]",260.91,242,2.18,0.82
07:41:12,"[260.29, 21]","[257.0, 42]","[262.0, 6]","[264.0, 6]",261.14,75,1.71,0.68
07:41:13,"[260.0, 50]","[252.0, 90]","[264.0, 10]","[266.0, 60]",262.0,210,4.0,0.33
07:41:14,"[261.64, 55]","[252.0, 99]","[265.93, 56]","[266.6, 30]",263.78,240,4.29,0.28
07:41:15,"[264.08, 60]","[252.67, 108]","[266.63, 71]","[269.17, 29]",265.36,268,2.55,0.25
07:41:16,"[265.2, 51]","[254.63, 95]","[275.0, 55]","[276.0, 77]",270.1,278,9.8,0.05
07:41:17,"[270.97, 33]","[268.46, 13]","[275.0, 45]","[276.0, 63]",272.98,154,4.03,-0.4
07:41:18,"[271.79, 56]","[270.0, 14]","[275.0, 70]","[276.0, 98]",273.39,238,3.21,-0.41
07:41:19,"[270.71, 49]","[266.67, 27]","[275.0, 90]","[276.0, 126]",272.86,292,4.29,-0.48
07:41:20,"[268.42, 24]","[266.38, 37]","[275.0, 70]","[276.0, 98]",271.71,229,6.58,-0.47
07:41:21,"[268.9, 10]","[264.35, 23]","[275.0, 50]","[276.0, 50]",271.95,133,6.1,-0.5
07:41:22,"[269.52, 21]","[261.42, 119]","[273.33, 90]","[292.47, 85]",271.43,315,3.81,-0.11
07:41:23,"[268.0, 11]","[262.0, 99]","[276.0, 122]","[483.55, 55]",272.0,287,8.0,-0.23
07:41:24,"[268.0, 10]","[262.0, 90]","[272.82, 55]","[276.9, 50]",270.41,205,4.82,-0.02
07:41:25,"[268.0, 12]","[262.0, 108]","[276.0, 24]","[277.0, 70]",272.0,214,8.0,0.12
07:41:26,"[262.42, 59]","[261.2, 75]","[274.0, 20]","[276.74, 84]",268.21,238,11.58,0.13
07:41:27,"[262.38, 29]","[261.82, 109]","[266.67, 15]","[274.31, 32]",264.52,185,4.29,0.49
07:41:28,"[261.62, 48]","[260.15, 60]","[272.75, 16]","[275.0, 40]",267.19,164,11.12,0.32
07:41:29,"[263.12, 101]","[259.7, 99]","[272.0, 22]","[279.0, 55]",267.56,277,8.88,0.44
07:41:30,"[270.62, 37]","[268.03, 62]","[272.0, 22]","[279.0, 55]",271.31,176,1.38,0.12
07:41:31,"[271.0, 33]","[266.0, 44]","[272.81, 43]","[296.91, 55]",271.91,175,1.81,-0.12
07:41:32,"[265.14, 43]","[259.02, 126]","[272.0, 48]","[277.89, 45]",268.57,262,6.86,0.29
07:41:33,"[262.0, 56]","[258.0, 196]","[271.03, 62]","[272.8, 40]",266.52,354,9.03,0.42
07:41:34,"[261.12, 41]","[258.19, 146]","[272.0, 56]","[274.0, 28]",266.56,271,10.88,0.38
07:41:35,"[262.0, 19]","[258.21, 150]","[276.36, 95]","[280.91, 89]",269.18,353,14.36,-0.04
07:41:36,"[264.22, 23]","[258.37, 107]","[266.0, 61]","[277.0, 75]",265.11,266,1.78,-0.02
07:41:37,"[263.0, 11]","[254.98, 129]","[270.58, 48]","[289.73, 55]",266.79,243,7.58,0.15
07:41:38,"[263.44, 9]","[253.09, 139]","[277.0, 45]","[314.0, 45]",270.22,238,13.56,0.24
07:41:39,"[264.0, 16]","[254.0, 337]","[274.33, 58]","[286.98, 50]",269.16,461,10.33,0.53
07:41:40,"[264.0, 9]","[254.15, 182]","[271.97, 33]","[272.86, 28]",267.98,252,7.97,0.52
07:41:41,"[268.06, 35]","[255.57, 158]","[276.73, 62]","[291.82, 72]",272.39,327,8.67,0.18
07:41:42,"[274.88, 24]","[266.53, 19]","[278.0, 64]","[346.56, 80]",276.44,187,3.12,-0.54
07:41:43,"[267.0, 39]","[261.8, 60]","[272.92, 62]","[321.97, 58]",269.96,219,5.92,-0.1
07:41:44,"[267.0, 27]","[263.0, 54]","[270.0, 37]","[272.0, 45]",268.5,163,3.0,-0.01
07:41:45,"[267.0, 36]","[263.0, 72]","[269.58, 48]","[278.0, 48]",268.29,204,2.58,0.06
07:41:46,"[265.46, 39]","[262.6, 50]","[269.0, 44]","[277.09, 44]",267.23,177,3.54,0.01
07:41:47,"[263.0, 35]","[261.0, 28]","[266.0, 28]","[269.0, 28]",264.5,119,3.0,0.06
07:41:48,"[263.0, 70]","[260.48, 46]","[264.57, 56]","[266.64, 56]",263.79,228,1.57,0.02
07:41:49,"[263.0, 45]","[261.0, 18]","[264.0, 33]","[266.0, 36]",263.5,132,1.0,-0.05
07:41:50,"[263.0, 31]","[261.0, 28]","[264.0, 17]","[266.0, 89]",263.5,165,1.0,-0.28
07:41:51,"[263.0, 10]","[261.0, 10]","[264.0, 5]","[266.0, 35]",263.5,60,1.0,-0.33
07:41:52,"[261.0, 56]","[260.0, 21]","[263.12, 17]","[265.47, 19]",262.06,113,2.12,0.36
07:41:53,"[261.0, 81]","[260.0, 27]","[262.9, 31]","[264.85, 13]",261.95,152,1.9,0.42
07:41:54,"[261.0, 45]","[260.0, 15]","[266.0, 35]","[275.0, 5]",263.5,100,5.0,0.2
07:41:55,"[261.0, 49]","[260.0, 18]","[266.0, 42]","[273.0, 24]",263.5,133,5.0,0.01
07:41:56,"[261.85, 20]","[260.69, 29]","[266.0, 76]","[272.86, 42]",263.93,167,4.15,-0.41
07:41:57,"[264.9, 39]","[261.18, 17]","[266.35, 51]","[272.14, 28]",265.63,135,1.46,-0.17
07:41:58,"[266.17, 35]","[266.04, 23]","[272.0, 24]","[273.0, 32]",269.09,114,5.83,0.02
07:41:59,"[271.29, 24]","[269.04, 24]","[272.7, 40]","[273.61, 23]",272.0,111,1.41,-0.14
07:42:00,"[272.0, 32]","[271.0, 16]","[273.0, 25]","[275.0, 8]",272.5,81,1.0,0.19
07:42:01,"[272.0, 38]","[271.0, 22]","[273.0, 39]","[275.0, 11]",272.5,110,1.0,0.09
07:42:02,"[272.0, 39]","[271.0, 26]","[273.71, 31]","[313.08, 13]",272.85,109,1.71,0.19
07:42:03,"[272.2, 30]","[271.13, 23]","[273.7, 20]","[514.24, 29]",272.95,102,1.5,0.04
07:42:04,"[273.0, 16]","[272.0, 8]","[275.0, 8]","[388.36, 11]",274.0,43,2.0,0.12
07:42:05,"[273.0, 16]","[272.0, 8]","[304.78, 9]","[354.0, 12]",288.89,45,31.78,0.07
07:42:06,"[273.0, 26]","[272.0, 13]","[348.08, 13]","[473.35, 40]",310.54,92,75.08,-0.15
07:42:07,"[273.0, 24]","[272.0, 12]","[309.5, 20]","[333.04, 28]",291.25,84,36.5,-0.14
07:42:08,"[272.18, 28]","[269.57, 37]","[274.18, 17]","[277.83, 30]",273.18,112,2.0,0.16
07:42:09,"[269.71, 35]","[265.98, 49]","[272.02, 41]","[273.5, 12]",270.87,137,2.31,0.23
07:42:10,"[268.0, 40]","[260.0, 42]","[270.29, 56]","[273.0, 14]",269.14,152,2.29,0.08
07:42:11,"[268.0, 20]","[257.0, 30]","[275.0, 10]","[359.0, 20]",271.5,80,7.0,0.25
07:42:12,"[268.0, 22]","[257.0, 17]","[278.0, 11]","[608.0, 11]",273.0,61,10.0,0.28
07:42:13,"[259.93, 30]","[254.67, 18]","[263.48, 31]","[431.64, 11]",261.71,90,3.55,0.07
07:42:14,"[257.0, 30]","[254.0, 10]","[260.0, 25]","[277.6, 5]",258.5,70,3.0,0.14
07:42:15,"[257.17, 36]","[256.35, 46]","[260.0, 55]","[274.73, 11]",258.58,148,2.83,0.11
07:42:16,"[258.91, 53]","[257.05, 58]","[260.0, 60]","[262.0, 13]",259.45,184,1.09,0.21
07:42:17,"[259.0, 66]","[257.0, 55]","[260.0, 44]","[262.0, 11]",259.5,176,1.0,0.38
07:42:18,"[258.71, 86]","[256.93, 71]","[260.18, 45]","[265.73, 15]",259.44,217,1.47,0.45
07:42:19,"[258.0, 60]","[256.17, 36]","[262.0, 12]","[276.0, 12]",260.0,120,4.0,0.6
07:42:20,"[258.55, 55]","[252.0, 11]","[263.27, 11]","[276.29, 14]",260.91,91,4.73,0.45
07:42:21,"[259.17, 30]","[251.33, 6]","[276.0, 24]","[277.0, 24]",267.58,84,16.83,-0.14
07:42:22,"[273.0, 69]","[260.32, 41]","[276.0, 52]","[277.0, 52]",274.5,214,3.0,0.03
07:42:23,"[273.0, 49]","[271.0, 35]","[276.0, 28]","[277.0, 28]",274.5,140,3.0,0.2
07:42:24,"[273.0, 38]","[271.0, 30]","[276.0, 24]","[277.0, 24]",274.5,116,3.0,0.17
07:42:25,"[273.0, 40]","[271.0, 40]","[276.0, 32]","[277.0, 32]",274.5,144,3.0,0.11
07:42:26,"[273.0, 45]","[271.0, 45]","[276.0, 36]","[277.0, 36]",274.5,162,3.0,0.11
07:42:27,"[273.0, 50]","[271.0, 50]","[276.0, 40]","[277.1, 21]",274.5,161,3.0,0.24
07:42:28,"[273.0, 30]","[271.38, 24]","[276.0, 24]","[277.0, 12]",274.5,90,3.0,0.2
07:42:29,"[272.92, 71]","[271.8, 49]","[276.16, 51]","[277.31, 26]",274.54,197,3.24,0.22
07:42:30,"[272.64, 33]","[271.51, 41]","[276.0, 66]","[278.64, 22]",274.32,162,3.36,-0.09
07:42:31,"[274.0, 12]","[273.0, 36]","[276.0, 72]","[280.0, 24]",275.0,144,2.0,-0.33
07:42:32,"[274.0, 12]","[273.0, 36]","[276.0, 72]","[280.0, 24]",275.0,144,2.0,-0.33
07:42:33,"[271.09, 33]","[258.87, 61]","[276.0, 42]","[280.0, 14]",273.55,150,4.91,0.25
07:42:34,"[271.0, 15]","[258.0, 55]","[276.0, 30]","[280.0, 10]",273.5,110,5.0,0.27
07:42:35,"[271.0, 24]","[265.8, 60]","[276.0, 48]","[280.0, 16]",273.5,148,5.0,0.14
07:42:36,"[271.0, 15]","[268.0, 40]","[276.0, 30]","[280.0, 10]",273.5,95,5.0,0.16
07:42:37,"[271.0, 30]","[268.0, 135]","[276.0, 60]","[280.0, 20]",273.5,245,5.0,0.35
07:42:38,"[269.15, 106]","[262.66, 82]","[273.66, 32]","[275.06, 48]",271.4,268,4.51,0.4
07:42:39,"[270.0, 182]","[268.0, 84]","[273.86, 42]","[275.07, 27]",271.93,335,3.86,0.59
07:42:40,"[270.0, 117]","[268.0, 54]","[273.89, 27]","[275.0, 18]",271.94,216,3.89,0.58
07:42:41,"[270.0, 116]","[268.0, 66]","[272.81, 48]","[274.1, 31]",271.41,261,2.81,0.39
07:42:42,"[270.44, 142]","[269.35, 148]","[274.65, 40]","[278.3, 67]",272.54,397,4.21,0.46
07:42:43,"[271.63, 95]","[270.0, 190]","[275.68, 19]","[278.0, 38]",273.66,342,4.05,0.67
07:42:44,"[272.15, 54]","[270.0, 120]","[277.0, 12]","[280.48, 27]",274.57,213,4.85,0.63
07:42:45,"[273.0, 40]","[270.0, 100]","[281.0, 10]","[282.0, 20]",277.0,170,8.0,0.65
07:42:46,"[273.64, 44]","[270.0, 110]","[282.0, 33]","[283.0, 44]",277.82,231,8.36,0.33
07:42:47,"[275.69, 64]","[270.57, 111]","[280.47, 72]","[282.44, 36]",278.08,283,4.78,0.24
07:42:48,"[276.0, 56]","[275.0, 14]","[279.79, 70]","[282.96, 50]",277.89,190,3.79,-0.26
07:42:49,"[275.94, 47]","[271.34, 41]","[279.16, 62]","[283.45, 53]",277.55,203,3.23,-0.13
07:42:50,"[275.52, 23]","[270.09, 112]","[281.0, 13]","[284.0, 26]",278.26,174,5.48,0.55
07:42:51,"[275.0, 12]","[270.0, 120]","[279.4, 20]","[283.2, 20]",277.2,172,4.4,0.53
07:42:52,"[275.0, 16]","[270.0, 160]","[278.41, 22]","[279.07, 42]",276.7,240,3.41,0.47
07:42:53,"[271.48, 101]","[270.0, 66]","[278.39, 23]","[281.29, 49]",274.93,239,6.92,0.4
07:42:54,"[273.5, 48]","[272.47, 57]","[279.0, 27]","[286.0, 36]",276.25,168,5.5,0.25
07:42:55,"[273.46, 91]","[272.2, 69]","[278.46, 39]","[288.25, 40]",275.96,239,5.0,0.34
07:42:56,"[276.0, 60]","[273.0, 84]","[277.25, 36]","[288.0, 12]",276.62,192,1.25,0.5
07:42:57,"[273.65, 23]","[272.54, 65]","[276.91, 33]","[286.0, 55]",275.28,176,3.26,0.0
07:42:58,"[273.59, 51]","[272.3, 50]","[278.07, 29]","[285.92, 48]",275.83,178,4.48,0.13
07:42:59,"[274.39, 54]","[272.68, 62]","[283.11, 36]","[285.0, 18]",278.75,170,8.72,0.36
07:43:00,"[275.0, 39]","[273.0, 39]","[282.0, 26]","[285.88, 48]",278.5,152,7.0,0.03
07:43:01,"[275.85, 60]","[273.0, 60]","[280.65, 40]","[287.2, 44]",278.25,204,4.8,0.18
07:43:02,"[276.0, 48]","[273.14, 42]","[277.45, 40]","[285.71, 49]",276.73,179,1.45,0.01
07:43:03,"[275.33, 54]","[273.71, 42]","[277.06, 36]","[282.62, 26]",276.19,158,1.72,0.22
07:43:04,"[275.0, 44]","[273.0, 33]","[276.36, 22]","[290.0, 66]",275.68,165,1.36,-0.07
07:43:05,"[275.0, 60]","[273.0, 48]","[279.95, 38]","[290.4, 82]",277.47,228,4.95,-0.05
07:43:06,"[275.0, 10]","[273.0, 15]","[291.0, 25]","[292.0, 10]",283.0,60,16.0,-0.17
07:43:07,"[273.75, 16]","[272.15, 59]","[291.0, 65]","[292.0, 26]",282.38,166,17.25,-0.1
07:43:08,"[272.57, 28]","[271.93, 86]","[289.15, 59]","[289.62, 53]",280.86,226,16.58,0.01
07:43:09,"[272.32, 80]","[270.68, 38]","[282.79, 86]","[285.23, 22]",277.56,226,10.47,0.04
07:43:10,"[273.05, 95]","[271.0, 38]","[281.85, 165]","[283.08, 39]",277.45,337,8.8,-0.21
07:43:11,"[274.0, 80]","[271.03, 31]","[279.06, 80]","[280.64, 81]",276.53,272,5.06,-0.18
07:43:12,"[274.0, 80]","[272.0, 16]","[276.38, 80]","[278.62, 80]",275.19,256,2.38,-0.25
07:43:13,"[273.94, 67]","[271.76, 17]","[275.33, 75]","[279.77, 87]",274.64,246,1.39,-0.32
07:43:14,"[272.81, 27]","[271.52, 21]","[275.19, 80]","[285.0, 128]",274.0,256,2.37,-0.62
07:43:15,"[273.93, 27]","[271.93, 14]","[275.0, 68]","[284.85, 54]",274.46,163,1.07,-0.5
07:43:16,"[272.0, 10]","[271.0, 10]","[274.9, 30]","[283.0, 10]",273.45,60,2.9,-0.33
07:43:17,"[272.0, 8]","[271.0, 8]","[274.0, 24]","[283.0, 8]",273.0,48,2.0,-0.33
07:43:18,"[271.73, 11]","[269.94, 17]","[276.18, 11]","[283.53, 17]",273.95,56,4.45,0.0
07:43:19,"[271.0, 8]","[269.0, 24]","[283.0, 8]","[284.0, 24]",277.0,64,12.0,0.0
07:43:20,"[269.74, 19]","[268.31, 52]","[283.0, 9]","[284.0, 47]",276.37,127,13.26,0.12
07:43:21,"[269.5, 48]","[267.53, 57]","[283.88, 51]","[284.57, 49]",276.69,205,14.38,0.02
07:43:22,"[269.49, 41]","[267.52, 46]","[284.0, 33]","[286.39, 31]",276.74,151,14.51,0.15
07:43:23,"[269.92, 118]","[266.22, 54]","[283.79, 73]","[285.0, 61]",276.86,306,13.87,0.12
07:43:24,"[273.0, 171]","[269.0, 114]","[280.04, 47]","[280.65, 110]",276.52,442,7.04,0.29
07:43:25,"[273.0, 144]","[271.1, 40]","[278.44, 16]","[280.0, 80]",275.72,280,5.44,0.31
07:43:26,"[273.0, 108]","[272.0, 24]","[277.33, 12]","[280.0, 60]",275.17,204,4.33,0.29
07:43:27,"[273.0, 112]","[272.0, 26]","[275.08, 37]","[279.4, 42]",274.04,217,2.08,0.27
07:43:28,"[273.0, 48]","[272.0, 24]","[282.6, 50]","[284.59, 61]",277.8,183,9.6,-0.21
07:43:29,"[273.0, 40]","[272.0, 20]","[281.0, 50]","[285.0, 60]",277.0,170,8.0,-0.29
07:43:30,"[273.0, 24]","[272.0, 12]","[281.0, 30]","[285.0, 36]",277.0,102,8.0,-0.29
07:43:31,"[273.67, 72]","[272.76, 58]","[280.58, 83]","[284.33, 105]",277.12,318,6.91,-0.18
07:43:32,"[275.0, 52]","[273.0, 52]","[279.0, 13]","[280.0, 65]",277.0,182,4.0,0.14
07:43:33,"[275.19, 54]","[273.31, 52]","[278.62, 13]","[280.0, 65]",276.9,184,3.43,0.15
07:43:34,"[276.0, 107]","[273.27, 60]","[277.47, 15]","[281.0, 75]",276.73,257,1.47,0.3
07:43:35,"[276.0, 56]","[273.0, 56]","[277.0, 14]","[281.0, 70]",276.5,196,1.0,0.14
07:43:36,"[276.0, 30]","[273.0, 48]","[277.0, 12]","[281.58, 60]",276.5,150,1.0,0.04
07:43:37,"[273.0, 40]","[272.0, 20]","[282.24, 34]","[284.4, 10]",277.62,104,9.24,0.15
07:43:38,"[273.27, 55]","[272.5, 40]","[281.19, 27]","[283.24, 17]",277.23,139,7.91,0.37
07:43:39,"[273.59, 34]","[272.74, 76]","[282.15, 27]","[283.57, 35]",277.87,172,8.56,0.28
07:43:40,"[276.6, 35]","[273.25, 32]","[281.36, 11]","[283.84, 25]",278.98,103,4.76,0.3
07:43:41,"[276.37, 59]","[272.3, 37]","[280.0, 14]","[284.0, 42]",278.19,152,3.63,0.26
07:43:42,"[269.35, 17]","[266.63, 57]","[279.36, 11]","[283.29, 28]",274.36,113,10.01,0.31
07:43:43,"[276.27, 44]","[266.86, 28]","[279.0, 12]","[282.0, 24]",277.64,108,2.73,0.33
07:43:44,"[266.33, 51]","[265.37, 51]","[270.01, 71]","[278.48, 23]",268.17,196,3.68,0.04
07:43:45,"[267.0, 20]","[265.56, 36]","[270.0, 50]","[281.0, 20]",268.5,126,3.0,-0.11
07:43:46,"[267.0, 14]","[264.0, 28]","[269.88, 34]","[277.76, 17]",268.44,93,2.88,-0.1
07:43:47,"[264.46, 52]","[261.31, 49]","[268.14, 59]","[272.0, 48]",266.3,208,3.67,-0.03
07:43:48,"[264.0, 44]","[260.0, 33]","[267.45, 44]","[278.82, 22]",265.73,143,3.45,0.08
07:43:49,"[264.0, 36]","[260.0, 35]","[266.41, 39]","[270.71, 28]",265.21,138,2.41,0.03
07:43:50,"[264.0, 44]","[260.0, 44]","[265.36, 44]","[267.0, 44]",264.68,176,1.36,0.0
07:43:51,"[262.8, 40]","[240.8, 70]","[265.92, 52]","[268.15, 34]",264.36,196,3.12,0.12
07:43:52,"[224.44, 50]","[205.67, 21]","[265.54, 26]","[268.4, 20]",244.99,117,41.1,0.21
07:43:53,"[189.12, 16]","[122.44, 32]","[266.0, 18]","[267.0, 36]",227.56,102,76.88,-0.06
07:43:54,"[260.0, 6]","[218.0, 12]","[266.0, 12]","[267.0, 36]",263.0,66,6.0,-0.45
07:43:55,"[260.0, 6]","[245.0, 12]","[265.33, 9]","[266.89, 36]",262.67,63,5.33,-0.43
07:43:56,"[260.0, 11]","[249.5, 16]","[264.0, 11]","[267.0, 76]",262.0,114,4.0,-0.53
07:43:57,"[260.0, 11]","[202.29, 17]","[264.45, 40]","[267.04, 71]",262.23,139,4.45,-0.6
07:43:58,"[260.0, 8]","[214.65, 23]","[267.0, 49]","[268.0, 40]",263.5,120,7.0,-0.48
07:43:59,"[260.0, 5]","[215.0, 45]","[267.0, 30]","[268.0, 14]",263.5,94,7.0,0.06
07:44:00,"[262.68, 28]","[240.04, 52]","[267.1, 77]","[268.31, 52]",264.89,209,4.43,-0.23
07:44:01,"[263.0, 16]","[250.32, 41]","[268.0, 30]","[272.0, 20]",265.5,107,5.0,0.07
07:44:02,"[260.0, 44]","[234.0, 22]","[262.56, 36]","[267.88, 16]",261.28,118,2.56,0.12
07:44:03,"[260.13, 55]","[176.47, 43]","[263.0, 55]","[265.0, 11]",261.56,164,2.87,0.2
07:44:04,"[261.11, 38]","[259.27, 22]","[263.26, 23]","[267.4, 10]",262.18,93,2.16,0.29
07:44:05,"[259.79, 29]","[257.59, 17]","[265.0, 11]","[269.0, 22]",262.4,79,5.21,0.16
07:44:06,"[259.5, 24]","[258.67, 18]","[268.0, 16]","[272.18, 22]",263.75,80,8.5,0.05
07:44:07,"[261.08, 24]","[260.0, 24]","[266.45, 47]","[272.32, 34]",263.77,129,5.36,-0.26
07:44:08,"[262.62, 24]","[258.46, 28]","[266.0, 42]","[270.0, 36]",264.31,130,3.38,-0.2
07:44:09,"[258.82, 22]","[254.97, 31]","[266.0, 27]","[270.0, 27]",262.41,107,7.18,-0.01
07:44:10,"[258.0, 12]","[256.74, 31]","[265.43, 35]","[268.0, 30]",261.71,108,7.43,-0.2
07:44:11,"[260.03, 35]","[259.11, 27]","[265.0, 44]","[266.0, 33]",262.51,139,4.97,-0.11
07:44:12,"[262.43, 14]","[260.0, 70]","[265.12, 50]","[267.07, 42]",263.77,176,2.69,-0.05
07:44:13,"[264.78, 32]","[260.5, 40]","[266.0, 24]","[270.92, 36]",265.39,132,1.22,0.09
07:44:14,"[265.45, 55]","[264.0, 11]","[270.0, 33]","[271.0, 33]",267.73,132,4.55,0.0
07:44:15,"[267.5, 66]","[264.17, 24]","[269.95, 42]","[271.28, 47]",268.73,179,2.45,0.01
07:44:16,"[268.58, 36]","[257.83, 12]","[270.0, 24]","[276.0, 36]",269.29,108,1.42,-0.11
07:44:17,"[269.0, 18]","[257.0, 6]","[270.0, 12]","[276.0, 18]",269.5,54,1.0,-0.11
07:44:18,"[269.0, 27]","[258.59, 17]","[272.57, 21]","[357.54, 26]",270.79,91,3.57,-0.03
07:44:19,"[269.0, 32]","[259.08, 39]","[273.85, 39]","[298.5, 36]",271.42,146,4.85,-0.03
07:44:20,"[271.0, 16]","[269.0, 32]","[273.75, 48]","[307.74, 38]",272.38,134,2.75,-0.28
07:44:21,"[269.92, 13]","[267.11, 27]","[272.62, 39]","[274.0, 39]",271.27,118,2.69,-0.32
07:44:22,"[255.8, 20]","[253.74, 31]","[274.14, 29]","[383.47, 15]",264.97,95,18.34,0.07
07:44:23,"[255.0, 52]","[254.0, 13]","[267.18, 22]","[273.09, 22]",261.09,109,12.18,0.19
07:44:24,"[255.0, 36]","[253.18, 44]","[268.5, 12]","[270.71, 21]",261.75,113,13.5,0.42
07:44:25,"[255.0, 32]","[254.0, 40]","[266.0, 8]","[268.57, 14]",260.5,94,11.0,0.53
07:44:26,"[255.0, 24]","[254.0, 30]","[264.0, 6]","[268.0, 18]",259.5,78,9.0,0.38
07:44:27,"[255.0, 44]","[254.0, 55]","[271.78, 27]","[280.68, 37]",263.39,163,16.78,0.21
07:44:28,"[255.67, 60]","[253.86, 71]","[272.7, 57]","[305.56, 64]",264.18,252,17.04,0.04
07:44:29,"[256.44, 54]","[254.69, 77]","[264.71, 70]","[425.46, 65]",260.58,266,8.27,-0.02
07:44:30,"[256.0, 116]","[255.0, 44]","[259.0, 55]","[266.82, 55]",257.5,270,3.0,0.19
07:44:31,"[257.21, 100]","[256.69, 143]","[260.36, 66]","[266.5, 70]",258.79,379,3.15,0.28
07:44:32,"[259.87, 126]","[257.91, 88]","[265.0, 70]","[271.5, 70]",262.44,354,5.13,0.21
07:44:33,"[260.2, 82]","[259.65, 68]","[265.0, 88]","[271.0, 50]",262.6,288,4.8,0.04
07:44:34,"[261.0, 32]","[260.0, 88]","[265.0, 88]","[271.0, 40]",263.0,248,4.0,-0.03
07:44:35,"[261.7, 79]","[260.23, 86]","[265.0, 121]","[267.0, 22]",263.35,308,3.3,0.07
07:44:36,"[262.91, 121]","[261.0, 44]","[265.0, 120]","[267.0, 22]",263.95,307,2.09,0.07
07:44:37,"[263.62, 58]","[262.85, 107]","[265.0, 110]","[267.0, 22]",264.31,297,1.38,0.11
07:44:38,"[264.0, 28]","[256.64, 39]","[266.09, 22]","[267.75, 8]",265.05,97,2.09,0.38
07:44:39,"[264.12, 32]","[256.03, 79]","[267.0, 22]","[268.0, 11]",265.56,144,2.88,0.54
07:44:40,"[266.0, 9]","[264.0, 36]","[267.0, 18]","[268.0, 9]",266.5,72,1.0,0.25
07:44:41,"[264.12, 49]","[256.79, 56]","[267.0, 26]","[268.0, 13]",265.56,144,2.88,0.46
07:44:42,"[266.12, 32]","[261.19, 57]","[267.36, 22]","[270.55, 47]",266.74,158,1.24,0.13
07:44:43,"[258.08, 73]","[254.92, 77]","[270.21, 97]","[273.93, 112]",264.14,359,12.12,-0.16
07:44:44,"[258.75, 20]","[256.56, 162]","[268.4, 80]","[275.89, 93]",263.57,355,9.65,0.03
07:44:45,"[260.12, 16]","[254.17, 123]","[262.0, 48]","[266.0, 48]",261.06,235,1.88,0.18
07:44:46,"[261.0, 14]","[253.0, 102]","[262.0, 38]","[266.0, 42]",261.5,196,1.0,0.18
07:44:47,"[256.19, 16]","[252.18, 45]","[262.0, 11]","[266.0, 18]",259.09,90,5.81,0.36
07:44:48,"[254.0, 77]","[251.0, 56]","[260.32, 19]","[264.77, 13]",257.16,165,6.32,0.61
07:44:49,"[254.15, 39]","[252.74, 57]","[260.0, 14]","[262.0, 6]",257.08,116,5.85,0.66
07:44:50,"[255.5, 32]","[252.29, 77]","[260.0, 32]","[262.0, 16]",257.75,157,4.5,0.39
07:44:51,"[256.71, 14]","[250.14, 65]","[260.0, 14]","[262.0, 7]",258.36,100,3.29,0.58
07:44:52,"[257.17, 12]","[250.0, 84]","[260.0, 12]","[262.0, 6]",258.58,114,2.83,0.68
07:44:53,"[259.0, 22]","[250.0, 77]","[260.0, 22]","[262.0, 11]",259.5,132,1.0,0.5
07:44:54,"[251.64, 11]","[248.17, 36]","[261.2, 5]","[265.79, 19]",256.42,71,9.56,0.32
07:44:55,"[256.69, 16]","[248.36, 72]","[262.0, 7]","[265.6, 30]",259.34,125,5.31,0.41
07:44:56,"[259.2, 30]","[253.38, 24]","[262.0, 10]","[264.0, 20]",260.6,84,2.8,0.29
07:44:57,"[261.8, 46]","[258.95, 22]","[263.85, 26]","[265.89, 76]",262.83,170,2.04,-0.2
07:44:58,"[262.73, 11]","[260.78, 27]","[264.0, 17]","[266.0, 54]",263.36,109,1.27,-0.3
07:44:59,"[255.73, 66]","[251.52, 31]","[265.81, 53]","[266.7, 46]",260.77,196,10.08,-0.01
07:45:00,"[254.0, 132]","[253.0, 24]","[266.0, 17]","[268.0, 24]",260.0,197,12.0,0.58
07:45:01,"[256.81, 101]","[254.28, 86]","[268.1, 20]","[270.41, 61]",262.46,268,11.29,0.4
07:45:02,"[257.01, 145]","[253.25, 44]","[270.56, 54]","[284.33, 66]",263.78,309,13.54,0.22
07:45:03,"[259.24, 80]","[257.33, 98]","[270.36, 59]","[273.76, 74]",264.8,311,11.12,0.14
07:45:04,"[260.27, 75]","[259.67, 165]","[267.94, 34]","[270.27, 75]",264.1,349,7.67,0.38
07:45:05,"[262.51, 39]","[260.04, 156]","[265.0, 15]","[269.66, 53]",263.76,263,2.49,0.48
07:45:06,"[264.15, 97]","[259.87, 163]","[268.0, 51]","[271.0, 34]",266.08,345,3.85,0.51
07:45:07,"[267.94, 32]","[262.06, 82]","[270.25, 24]","[271.92, 49]",269.09,187,2.31,0.22
07:45:08,"[269.67, 15]","[268.0, 120]","[271.0, 30]","[297.25, 53]",270.33,218,1.33,0.24
07:45:09,"[268.22, 54]","[259.32, 114]","[318.89, 45]","[354.18, 55]",293.56,268,50.67,0.25
07:45:10,"[268.17, 96]","[254.12, 92]","[288.57, 46]","[504.1, 31]",278.37,265,20.4,0.42
07:45:11,"[270.38, 79]","[258.07, 136]","[272.0, 56]","[477.0, 42]",271.19,313,1.62,0.37
07:45:12,"[271.0, 55]","[270.0, 66]","[272.0, 44]","[397.38, 53]",271.5,218,1.0,0.11
07:45:13,"[272.37, 79]","[264.04, 75]","[440.0, 26]","[562.21, 43]",356.18,223,167.63,0.38
07:45:14,"[274.26, 38]","[273.96, 142]","[457.25, 20]","[493.54, 24]",365.76,224,182.99,0.61
07:45:15,"[276.58, 19]","[274.04, 131]","[341.97, 35]","[378.92, 36]",309.28,221,65.39,0.36
07:45:16,"[275.0, 61]","[274.0, 154]","[317.0, 11]","[318.45, 20]",296.0,246,42.0,0.75
07:45:17,"[275.2, 45]","[274.35, 129]","[313.24, 45]","[314.93, 27]",294.22,246,38.04,0.41
07:45:18,"[277.71, 35]","[275.19, 31]","[304.64, 14]","[311.49, 35]",291.18,115,26.93,0.15
07:45:19,"[278.0, 92]","[276.0, 16]","[299.82, 22]","[307.21, 28]",288.91,158,21.82,0.37
07:45:20,"[277.4, 50]","[274.6, 40]","[297.55, 44]","[298.42, 26]",287.47,160,20.15,0.12
07:45:21,"[275.0, 55]","[274.0, 154]","[294.3, 20]","[295.83, 29]",284.65,258,19.3,0.62
07:45:22,"[274.66, 65]","[273.87, 178]","[292.61, 28]","[293.14, 37]",283.63,308,17.95,0.58
07:45:23,"[274.0, 45]","[273.0, 108]","[290.89, 9]","[292.94, 33]",282.44,195,16.89,0.57
07:45:24,"[273.26, 39]","[272.87, 69]","[287.73, 11]","[288.46, 13]",280.49,132,14.47,0.64
07:45:25,"[273.95, 63]","[272.63, 57]","[285.15, 26]","[286.05, 38]",279.55,184,11.2,0.3
07:45:26,"[273.39, 82]","[271.97, 93]","[279.14, 29]","[280.81, 36]",276.26,240,5.75,0.46
07:45:27,"[272.53, 76]","[271.66, 82]","[275.37, 19]","[276.65, 17]",273.95,194,2.84,0.63
07:45:28,"[273.0, 42]","[272.0, 45]","[274.32, 37]","[340.94, 69]",273.66,193,1.32,-0.1
07:45:29,"[272.03, 37]","[271.11, 27]","[484.55, 31]","[539.88, 17]",378.29,112,212.52,0.14
07:45:30,"[272.0, 40]","[270.0, 72]","[509.92, 13]","[556.73, 11]",390.96,136,237.92,0.65
07:45:31,"[272.0, 55]","[270.0, 67]","[414.46, 37]","[491.69, 29]",343.23,188,142.46,0.3
07:45:32,"[272.0, 65]","[270.0, 91]","[398.32, 37]","[464.14, 56]",335.16,249,126.32,0.25
07:45:33,"[269.81, 43]","[265.95, 19]","[348.17, 48]","[456.07, 46]",308.99,156,78.35,-0.21
07:45:34,"[266.0, 22]","[265.0, 11]","[271.33, 43]","[358.15, 33]",268.66,109,5.33,-0.39
07:45:35,"[266.0, 16]","[265.0, 8]","[271.38, 16]","[273.75, 40]",268.69,80,5.38,-0.4
07:45:36,"[267.19, 21]","[265.92, 24]","[270.28, 25]","[275.0, 65]",268.74,135,3.09,-0.33
07:45:37,"[265.33, 12]","[263.22, 18]","[269.0, 10]","[273.2, 50]",267.17,90,3.67,-0.33
07:45:38,"[269.09, 79]","[268.36, 53]","[272.9, 41]","[344.11, 45]",271.0,218,3.81,0.21
07:45:39,"[271.14, 63]","[270.0, 56]","[273.0, 35]","[353.0, 35]",272.07,189,1.86,0.26
07:45:40,"[272.0, 144]","[268.75, 128]","[273.0, 80]","[443.5, 48]",272.5,400,1.0,0.36
07:45:41,"[272.44, 72]","[267.2, 40]","[433.62, 40]","[562.69, 32]",353.03,184,161.18,0.22
07:45:42,"[275.64, 44]","[273.29, 56]","[536.88, 26]","[570.5, 36]",406.26,162,261.25,0.23
07:45:43,"[276.0, 96]","[275.0, 24]","[311.93, 14]","[370.5, 20]",293.96,154,35.93,0.56
07:45:44,"[276.0, 56]","[275.0, 16]","[281.25, 8]","[417.0, 24]",278.62,104,5.25,0.38
07:45:45,"[276.0, 98]","[275.0, 28]","[280.16, 32]","[366.0, 24]",278.08,182,4.16,0.38
07:45:46,"[276.0, 41]","[275.0, 20]","[278.75, 24]","[279.31, 16]",277.38,101,2.75,0.21
07:45:47,"[273.67, 27]","[272.61, 62]","[276.08, 13]","[676.44, 16]",274.87,118,2.41,0.51
07:45:48,"[273.0, 56]","[271.0, 40]","[640.25, 32]","[715.4, 25]",456.62,153,367.25,0.25
07:45:49,"[276.86, 57]","[272.6, 20]","[344.2, 25]","[386.59, 17]",310.53,119,67.34,0.29
07:45:50,"[277.0, 58]","[274.62, 39]","[299.4, 40]","[300.27, 44]",288.2,181,22.4,0.07
07:45:51,"[277.0, 32]","[276.0, 56]","[298.84, 25]","[299.9, 31]",287.92,144,21.84,0.22
07:45:52,"[276.43, 37]","[275.47, 34]","[297.86, 28]","[299.0, 21]",287.14,120,21.42,0.18
07:45:53,"[276.0, 53]","[273.0, 16]","[297.0, 32]","[299.0, 24]",286.5,125,21.0,0.1
07:45:54,"[276.0, 30]","[273.0, 10]","[296.29, 17]","[297.67, 18]",286.15,75,20.29,0.07
07:45:55,"[276.0, 54]","[273.0, 18]","[294.22, 27]","[297.0, 36]",285.11,135,18.22,0.07
07:45:56,"[276.0, 66]","[274.94, 130]","[291.94, 36]","[295.9, 41]",283.97,273,15.94,0.44
07:45:57,"[276.0, 54]","[275.0, 126]","[288.18, 34]","[290.9, 29]",282.09,243,12.18,0.48
07:45:58,"[276.0, 42]","[275.0, 98]","[285.46, 26]","[286.39, 23]",280.73,189,9.46,0.48
07:45:59,"[276.0, 43]","[275.0, 112]","[281.78, 27]","[283.38, 29]",278.89,211,5.78,0.47
07:46:00,"[276.0, 8]","[275.0, 112]","[279.88, 32]","[282.0, 24]",277.94,176,3.88,0.36
07:46:01,"[275.11, 94]","[274.71, 164]","[278.06, 47]","[279.49, 55]",276.59,360,2.96,0.43
07:46:02,"[275.07, 85]","[274.53, 102]","[276.97, 34]","[278.87, 47]",276.02,268,1.9,0.4
07:46:03,"[275.03, 134]","[274.13, 92]","[277.85, 52]","[324.3, 54]",276.44,332,2.82,0.36
07:46:04,"[275.0, 176]","[273.0, 60]","[277.44, 27]","[334.52, 52]",276.22,315,2.44,0.5
07:46:05,"[275.0, 120]","[273.0, 48]","[277.91, 43]","[313.45, 22]",276.45,233,2.91,0.44
07:46:06,"[275.0, 116]","[273.0, 48]","[277.33, 30]","[325.6, 48]",276.17,242,2.33,0.36
07:46:07,"[275.55, 80]","[274.72, 115]","[278.0, 60]","[388.16, 31]",276.77,286,2.45,0.36
07:46:08,"[275.44, 81]","[274.6, 101]","[360.51, 61]","[417.81, 43]",317.98,286,85.06,0.27
07:46:09,"[275.0, 77]","[273.0, 44]","[557.69, 49]","[573.42, 24]",416.35,194,282.69,0.25
07:46:10,"[275.0, 60]","[273.0, 40]","[452.61, 23]","[533.0, 41]",363.8,164,177.61,0.22
07:46:11,"[274.79, 77]","[272.82, 68]","[327.63, 46]","[399.73, 22]",301.21,213,52.84,0.36
07:46:12,"[273.0, 42]","[272.0, 66]","[328.59, 27]","[405.12, 25]",300.8,160,55.59,0.35
07:46:13,"[273.0, 42]","[272.0, 72]","[332.44, 27]","[358.13, 15]",302.72,156,59.44,0.46
07:46:14,"[273.0, 55]","[272.0, 66]","[321.41, 29]","[326.45, 38]",297.21,188,48.41,0.29
07:46:15,"[272.6, 45]","[271.5, 72]","[282.25, 32]","[310.02, 41]",277.43,190,9.65,0.23
07:46:16,"[272.0, 61]","[271.0, 144]","[273.29, 28]","[284.0, 50]",272.64,283,1.29,0.45
07:46:17,"[272.0, 27]","[271.0, 108]","[273.0, 18]","[274.0, 36]",272.5,189,1.0,0.43
07:46:18,"[274.12, 17]","[271.07, 88]","[380.78, 27]","[425.94, 31]",327.45,163,106.66,0.29
07:46:19,"[278.0, 16]","[275.0, 32]","[475.5, 24]","[506.31, 26]",376.75,98,197.5,-0.02
07:46:20,"[278.0, 10]","[275.0, 20]","[324.0, 15]","[348.0, 25]",301.0,70,46.0,-0.14
07:46:21,"[278.0, 28]","[275.0, 56]","[319.5, 60]","[412.03, 58]",298.75,202,41.5,-0.17
07:46:22,"[275.86, 28]","[274.52, 31]","[294.0, 37]","[380.16, 19]",284.93,115,18.14,0.03
07:46:23,"[275.0, 48]","[274.0, 36]","[327.31, 32]","[449.24, 33]",301.16,149,52.31,0.13
07:46:24,"[275.0, 30]","[274.0, 36]","[455.06, 34]","[603.57, 44]",365.03,144,180.06,-0.08
07:46:25,"[275.0, 7]","[274.0, 21]","[401.47, 19]","[504.29, 21]",338.24,68,126.47,-0.18
07:46:26,"[273.0, 14]","[271.81, 42]","[419.0, 16]","[420.0, 24]",346.0,96,146.0,0.17
07:46:27,"[272.0, 33]","[271.0, 130]","[413.79, 29]","[439.3, 50]",342.9,242,141.79,0.35
07:46:28,"[272.0, 18]","[271.0, 90]","[409.22, 18]","[412.0, 45]",340.61,171,137.22,0.26
07:46:29,"[272.72, 39]","[271.04, 94]","[377.6, 25]","[390.0, 25]",325.16,183,104.88,0.45
07:46:30,"[276.0, 49]","[272.0, 28]","[377.0, 14]","[476.92, 24]",326.5,115,101.0,0.34
07:46:31,"[276.53, 38]","[274.5, 32]","[348.0, 18]","[484.14, 28]",312.26,116,71.47,0.21
07:46:32,"[277.0, 48]","[273.92, 50]","[376.33, 24]","[502.95, 38]",326.67,160,99.33,0.23
07:46:33,"[277.0, 36]","[272.17, 46]","[376.0, 18]","[551.8, 25]",326.5,125,99.0,0.31
07:46:34,"[276.78, 36]","[274.71, 28]","[376.0, 18]","[423.89, 37]",326.39,119,99.22,0.08
07:46:35,"[275.0, 40]","[274.0, 20]","[376.0, 20]","[418.08, 38]",325.5,118,101.0,0.02
07:46:36,"[275.82, 33]","[274.39, 23]","[376.0, 20]","[419.0, 10]",325.91,86,100.18,0.3
07:46:37,"[278.0, 9]","[275.0, 27]","[365.13, 15]","[449.3, 20]",321.57,71,87.13,0.01
07:46:38,"[278.0, 13]","[275.0, 39]","[364.0, 13]","[375.67, 21]",321.0,86,86.0,0.21
07:46:39,"[278.0, 12]","[275.0, 36]","[372.58, 12]","[375.0, 12]",325.29,72,94.58,0.33
07:46:40,"[278.0, 13]","[275.0, 39]","[369.03, 37]","[370.56, 16]",323.51,105,91.03,-0.01
07:46:41,"[275.62, 16]","[274.38, 26]","[365.06, 34]","[366.64, 55]",320.34,131,89.43,-0.36
07:46:42,"[276.0, 16]","[275.0, 16]","[318.39, 46]","[363.94, 35]",297.2,113,42.39,-0.43
07:46:43,"[275.6, 15]","[273.56, 25]","[290.11, 46]","[291.45, 29]",282.85,115,14.51,-0.3
07:46:44,"[273.0, 8]","[272.0, 48]","[286.97, 29]","[287.78, 18]",279.98,103,13.97,0.09
07:46:45,"[273.0, 11]","[272.0, 66]","[284.76, 17]","[286.44, 32]",278.88,126,11.76,0.22
07:46:46,"[272.7, 20]","[271.97, 87]","[279.97, 35]","[282.41, 27]",276.34,169,7.27,0.27
07:46:47,"[272.0, 82]","[271.0, 45]","[274.03, 31]","[276.04, 24]",273.02,182,2.03,0.4
07:46:48,"[272.0, 30]","[271.0, 33]","[273.07, 29]","[343.54, 13]",272.53,105,1.07,0.2
07:46:49,"[271.36, 28]","[270.5, 48]","[290.71, 28]","[403.26, 23]",281.04,127,19.36,0.2
07:46:50,"[271.0, 36]","[270.0, 48]","[334.0, 24]","[367.42, 60]",302.5,168,63.0,0.0
07:46:51,"[271.0, 45]","[270.0, 60]","[289.33, 33]","[332.67, 45]",280.17,183,18.33,0.15
07:46:52,"[271.27, 33]","[270.07, 43]","[321.97, 31]","[344.71, 14]",296.62,121,50.7,0.26
07:46:53,"[274.59, 51]","[272.38, 39]","[308.04, 28]","[325.27, 15]",291.31,133,33.45,0.35
07:46:54,"[272.11, 19]","[269.3, 47]","[278.0, 75]","[297.0, 18]",275.05,159,5.89,-0.17
07:46:55,"[271.0, 45]","[269.0, 72]","[277.39, 62]","[279.84, 88]",274.19,267,6.39,-0.12
07:46:56,"[271.0, 21]","[270.0, 21]","[276.0, 14]","[279.0, 35]",273.5,91,5.0,-0.08
07:46:57,"[271.0, 31]","[270.0, 39]","[274.08, 26]","[279.0, 65]",272.54,161,3.08,-0.13
07:46:58,"[271.0, 10]","[270.0, 30]","[280.2, 50]","[306.07, 14]",275.6,104,9.2,-0.23
07:46:59,"[271.0, 5]","[270.0, 15]","[281.0, 25]","[290.0, 25]",276.0,70,10.0,-0.43
07:47:00,"[272.31, 26]","[270.25, 24]","[281.0, 60]","[318.42, 60]",276.65,170,8.69,-0.41
07:47:01,"[276.82, 11]","[274.8, 15]","[281.0, 55]","[344.09, 55]",278.91,136,4.18,-0.62
07:47:02,"[278.65, 34]","[274.94, 16]","[280.98, 61]","[420.85, 65]",279.82,176,2.34,-0.43
07:47:03,"[279.0, 32]","[277.0, 14]","[280.0, 14]","[281.0, 88]",279.5,148,1.0,-0.38
07:47:04,"[279.0, 21]","[277.0, 14]","[280.83, 42]","[305.9, 52]",279.92,129,1.83,-0.46
07:47:05,"[279.0, 6]","[277.69, 16]","[281.0, 30]","[358.0, 15]",280.0,67,2.0,-0.34
07:47:06,"[271.78, 54]","[270.47, 34]","[280.43, 70]","[357.38, 29]",276.1,187,8.65,-0.06
07:47:07,"[272.67, 75]","[270.09, 43]","[281.0, 75]","[443.52, 31]",276.83,224,8.33,0.05
07:47:08,"[274.0, 75]","[270.0, 45]","[281.0, 75]","[497.97, 67]",277.5,262,7.0,-0.08
07:47:09,"[274.92, 60]","[273.0, 12]","[280.33, 60]","[447.5, 42]",277.62,174,5.42,-0.17
07:47:10,"[276.0, 64]","[273.0, 15]","[280.0, 75]","[496.08, 37]",278.0,191,4.0,-0.17
07:47:11,"[276.0, 22]","[273.0, 11]","[280.0, 55]","[439.44, 25]",278.0,113,4.0,-0.42
07:47:12,"[276.0, 40]","[273.0, 11]","[280.0, 55]","[453.35, 34]",278.0,140,4.0,-0.27
07:47:13,"[276.0, 26]","[273.0, 9]","[279.9, 39]","[390.82, 34]",277.95,108,3.9,-0.35
07:47:14,"[276.0, 12]","[273.0, 6]","[278.93, 30]","[362.73, 30]",277.47,78,2.93,-0.54
07:47:15,"[276.0, 20]","[273.0, 10]","[278.0, 10]","[279.0, 70]",277.0,110,2.0,-0.45
07:47:16,"[276.0, 24]","[274.71, 35]","[278.19, 26]","[279.13, 91]",277.1,176,2.19,-0.33
07:47:17,"[275.45, 22]","[274.43, 42]","[297.41, 34]","[328.72, 50]",286.43,148,21.96,-0.14
07:47:18,"[275.0, 30]","[273.0, 30]","[284.0, 50]","[482.71, 42]",279.5,152,9.0,-0.21
07:47:19,"[275.0, 36]","[273.0, 36]","[283.91, 44]","[314.73, 41]",279.45,157,8.91,-0.08
07:47:20,"[275.0, 42]","[273.0, 42]","[283.0, 49]","[296.0, 70]",279.0,203,8.0,-0.17
07:47:21,"[273.7, 30]","[272.03, 29]","[282.73, 70]","[304.5, 58]",278.21,187,9.03,-0.37
07:47:22,"[273.45, 44]","[272.0, 28]","[279.0, 26]","[280.93, 42]",276.23,140,5.55,0.03
07:47:23,"[270.88, 33]","[266.94, 17]","[274.35, 51]","[276.11, 61]",272.62,162,3.47,-0.38
07:47:24,"[267.94, 48]","[266.28, 18]","[270.73, 44]","[271.79, 47]",269.33,157,2.79,-0.16
07:47:25,"[266.73, 11]","[265.5, 14]","[269.0, 38]","[272.67, 36]",267.86,99,2.27,-0.49
07:47:26,"[265.5, 16]","[264.5, 16]","[267.62, 32]","[270.03, 35]",266.56,99,2.12,-0.35
07:47:27,"[265.66, 32]","[263.97, 101]","[271.89, 19]","[273.58, 62]",268.78,214,6.24,0.24
07:47:28,"[266.0, 18]","[264.0, 6]","[271.0, 6]","[272.73, 22]",268.5,52,5.0,-0.08
07:47:29,"[266.0, 33]","[264.0, 11]","[270.09, 11]","[271.19, 27]",268.05,82,4.09,0.07
07:47:30,"[266.0, 30]","[264.0, 10]","[267.0, 23]","[269.3, 10]",266.5,73,1.0,0.1
07:47:31,"[266.0, 38]","[264.0, 12]","[267.0, 32]","[270.0, 12]",266.5,94,1.0,0.06
07:47:32,"[266.0, 12]","[264.0, 4]","[267.0, 8]","[270.0, 4]",266.5,28,1.0,0.14
07:47:33,"[266.0, 27]","[264.0, 9]","[270.0, 9]","[274.0, 27]",268.0,72,4.0,0.0
07:47:34,"[266.0, 21]","[264.0, 7]","[271.71, 7]","[274.5, 24]",268.86,59,5.71,-0.05
07:47:35,"[266.0, 33]","[264.0, 11]","[274.47, 17]","[275.43, 42]",270.24,103,8.47,-0.15
07:47:36,"[266.0, 12]","[264.0, 4]","[275.0, 16]","[278.0, 12]",270.5,44,9.0,-0.27
07:47:37,"[264.86, 22]","[264.61, 49]","[279.15, 65]","[326.77, 39]",272.01,175,14.29,-0.19
07:47:38,"[261.56, 81]","[256.22, 36]","[274.82, 17]","[281.38, 37]",268.19,171,13.27,0.37
07:47:39,"[260.65, 31]","[259.0, 48]","[266.0, 7]","[278.0, 35]",263.32,121,5.35,0.31
07:47:40,"[260.0, 48]","[256.0, 24]","[266.0, 6]","[278.0, 30]",263.0,108,6.0,0.33
07:47:41,"[258.92, 104]","[256.0, 52]","[266.0, 13]","[291.11, 47]",262.46,216,7.08,0.44
07:47:42,"[258.0, 72]","[256.0, 36]","[270.0, 11]","[306.6, 20]",264.0,139,12.0,0.55
07:47:43,"[259.68, 85]","[257.8, 100]","[266.94, 17]","[302.79, 24]",263.31,226,7.26,0.64
07:47:44,"[261.07, 98]","[259.57, 84]","[263.61, 41]","[272.21, 19]",262.34,242,2.54,0.5
07:47:45,"[259.73, 52]","[258.38, 128]","[266.26, 23]","[275.27, 33]",263.0,236,6.53,0.53
07:47:46,"[261.58, 12]","[259.48, 33]","[267.83, 12]","[303.94, 16]",264.71,73,6.25,0.23
07:47:47,"[264.45, 11]","[263.0, 11]","[267.27, 11]","[287.67, 24]",265.86,57,2.82,-0.23
07:47:48,"[266.62, 13]","[260.85, 34]","[269.2, 25]","[270.75, 56]",267.91,128,2.58,-0.27
07:47:49,"[257.9, 63]","[241.17, 92]","[268.3, 47]","[276.73, 22]",263.1,224,10.39,0.38
07:47:50,"[259.0, 84]","[254.73, 88]","[266.0, 44]","[276.0, 22]",262.5,238,7.0,0.45
07:47:51,"[259.0, 56]","[252.0, 56]","[270.74, 27]","[354.62, 21]",264.87,160,11.74,0.4
07:47:52,"[259.0, 128]","[252.0, 128]","[265.47, 58]","[267.84, 63]",262.23,377,6.47,0.36
07:47:53,"[259.0, 104]","[252.0, 104]","[260.0, 13]","[265.85, 65]",259.5,286,1.0,0.45
07:47:54,"[259.0, 48]","[252.0, 48]","[260.0, 6]","[264.0, 30]",259.5,132,1.0,0.45
07:47:55,"[259.0, 48]","[252.0, 48]","[260.0, 6]","[264.0, 30]",259.5,132,1.0,0.45
07:47:56,"[259.0, 24]","[252.0, 24]","[260.0, 3]","[264.0, 15]",259.5,66,1.0,0.45
07:47:57,"[259.0, 48]","[252.0, 48]","[262.86, 14]","[264.57, 28]",260.93,138,3.86,0.39
07:47:58,"[259.5, 80]","[257.48, 84]","[380.4, 45]","[445.21, 33]",319.95,242,120.9,0.36
07:47:59,"[274.62, 56]","[266.61, 67]","[460.3, 43]","[485.24, 42]",367.46,208,185.68,0.18
07:48:00,"[279.0, 21]","[275.0, 28]","[430.0, 18]","[485.08, 25]",354.5,92,151.0,0.07
07:48:01,"[279.0, 24]","[275.0, 32]","[318.6, 15]","[372.62, 26]",298.8,97,39.6,0.15
07:48:02,"[279.0, 30]","[275.0, 40]","[294.85, 20]","[299.29, 17]",286.93,107,15.85,0.31
07:48:03,"[279.0, 30]","[275.0, 44]","[289.54, 28]","[291.32, 22]",284.27,124,10.54,0.19
07:48:04,"[277.86, 42]","[269.97, 78]","[286.86, 42]","[288.14, 42]",282.36,204,9.0,0.18
07:48:05,"[275.57, 42]","[265.2, 60]","[282.56, 16]","[284.03, 34]",279.07,152,6.99,0.34
07:48:06,"[275.89, 56]","[274.66, 41]","[279.35, 31]","[279.73, 33]",277.62,161,3.46,0.2
07:48:07,"[275.0, 21]","[268.0, 7]","[277.85, 13]","[433.0, 24]",276.42,65,2.85,-0.14
07:48:08,"[275.0, 27]","[268.62, 13]","[277.22, 27]","[512.78, 36]",276.11,103,2.22,-0.22
07:48:09,"[272.29, 17]","[262.33, 27]","[326.03, 29]","[446.52, 27]",299.16,100,53.74,-0.12
07:48:10,"[262.15, 13]","[261.01, 78]","[267.33, 27]","[274.67, 24]",264.74,142,5.18,0.28
07:48:11,"[263.69, 26]","[262.14, 22]","[266.0, 20]","[268.0, 30]",264.85,98,2.31,-0.02
07:48:12,"[264.89, 35]","[261.95, 21]","[268.0, 36]","[270.0, 12]",266.44,104,3.11,0.08
07:48:13,"[261.56, 32]","[254.85, 27]","[269.37, 35]","[273.16, 19]",265.47,113,7.81,0.04
07:48:14,"[267.79, 129]","[260.42, 71]","[273.8, 50]","[275.43, 70]",270.8,320,6.01,0.25
07:48:15,"[269.16, 58]","[267.7, 100]","[273.0, 22]","[274.0, 44]",271.08,224,3.84,0.41
07:48:16,"[272.89, 45]","[271.36, 78]","[274.32, 57]","[280.81, 62]",273.6,242,1.43,0.02
07:48:17,"[273.45, 55]","[272.0, 121]","[276.0, 99]","[632.27, 22]",274.73,297,2.55,0.19
07:48:18,"[275.0, 40]","[272.0, 62]","[276.0, 108]","[594.64, 28]",275.5,238,1.0,-0.14
07:48:19,"[275.0, 9]","[273.44, 25]","[276.0, 81]","[304.5, 24]",275.5,139,1.0,-0.51
07:48:20,"[274.03, 74]","[273.38, 26]","[276.0, 82]","[339.89, 36]",275.01,218,1.97,-0.08
07:48:21,"[274.0, 81]","[272.0, 9]","[276.0, 68]","[349.75, 32]",275.0,190,2.0,-0.05
07:48:22,"[274.0, 51]","[272.0, 7]","[275.7, 40]","[308.0, 37]",274.85,135,1.7,-0.14
07:48:23,"[274.0, 50]","[272.0, 10]","[276.0, 55]","[346.0, 25]",275.0,140,2.0,-0.14
07:48:24,"[273.6, 25]","[269.22, 54]","[277.0, 18]","[320.5, 24]",275.3,121,3.4,0.31
07:48:25,"[269.23, 52]","[266.46, 52]","[277.2, 30]","[363.0, 24]",273.22,158,7.97,0.32
07:48:26,"[269.29, 51]","[261.67, 24]","[276.0, 27]","[278.0, 27]",272.65,129,6.71,0.16
07:48:27,"[260.93, 28]","[258.77, 26]","[275.3, 20]","[276.69, 48]",268.11,122,14.37,-0.11
07:48:28,"[260.0, 24]","[257.82, 22]","[262.25, 52]","[273.07, 14]",261.12,112,2.25,-0.18
07:48:29,"[257.8, 20]","[254.4, 10]","[262.0, 30]","[264.0, 10]",259.9,70,4.2,-0.14
07:48:30,"[256.5, 12]","[255.14, 7]","[262.0, 15]","[264.0, 5]",259.25,39,5.5,-0.03
07:48:31,"[256.2, 15]","[252.5, 8]","[262.0, 21]","[264.0, 7]",259.1,51,5.8,-0.1
07:48:32,"[257.0, 56]","[252.57, 14]","[262.0, 21]","[264.0, 7]",259.5,98,5.0,0.43
07:48:33,"[257.0, 32]","[252.6, 5]","[262.0, 12]","[264.0, 4]",259.5,53,5.0,0.4
07:48:34,"[257.0, 32]","[253.0, 4]","[262.0, 12]","[264.0, 4]",259.5,52,5.0,0.38
07:48:35,"[258.27, 44]","[257.08, 51]","[262.22, 27]","[265.06, 17]",260.25,139,3.95,0.37
07:48:36,"[261.55, 22]","[255.44, 71]","[264.0, 15]","[266.0, 45]",262.77,153,2.45,0.22
07:48:37,"[263.0, 20]","[252.38, 48]","[265.33, 18]","[267.58, 38]",264.17,124,2.33,0.1
07:48:38,"[263.18, 22]","[251.0, 121]","[266.0, 33]","[269.0, 55]",264.59,231,2.82,0.24
07:48:39,"[264.0, 22]","[251.0, 121]","[266.0, 15]","[269.0, 55]",265.0,213,2.0,0.34
07:48:40,"[264.0, 18]","[251.0, 77]","[274.89, 19]","[273.11, 27]",269.45,141,10.89,0.35
07:48:41,"[265.48, 27]","[261.0, 18]","[275.0, 45]","[276.0, 15]",270.24,105,9.52,-0.14
07:48:42,"[272.77, 13]","[267.12, 8]","[274.69, 16]","[275.25, 16]",273.73,53,1.92,-0.21
07:48:43,"[259.0, 13]","[255.0, 78]","[266.92, 13]","[275.6, 25]",262.96,129,7.92,0.41
07:48:44,"[257.41, 63]","[254.61, 75]","[265.14, 21]","[267.2, 15]",261.28,174,7.73,0.59
07:48:45,"[260.0, 140]","[259.0, 14]","[266.69, 35]","[271.15, 20]",263.34,209,6.69,0.47
07:48:46,"[261.45, 110]","[259.0, 11]","[266.0, 33]","[268.0, 11]",263.73,165,4.55,0.47
07:48:47,"[264.43, 70]","[263.04, 109]","[266.65, 43]","[270.21, 19]",265.54,241,2.22,0.49
07:48:48,"[265.04, 94]","[264.53, 38]","[273.0, 22]","[275.0, 33]",269.02,187,7.96,0.41
07:48:49,"[266.87, 104]","[265.2, 88]","[268.53, 38]","[271.45, 56]",267.7,286,1.66,0.34
07:48:50,"[268.75, 24]","[261.73, 41]","[275.06, 34]","[280.35, 23]",271.9,122,6.31,0.07
07:48:51,"[274.08, 26]","[272.92, 26]","[276.0, 39]","[281.0, 26]",275.04,117,1.92,-0.11
07:48:52,"[275.0, 22]","[273.27, 22]","[276.0, 33]","[281.0, 22]",275.5,99,1.0,-0.11
07:48:53,"[274.9, 20]","[273.84, 19]","[276.0, 28]","[281.0, 20]",275.45,87,1.1,-0.1
07:48:54,"[272.82, 34]","[271.52, 23]","[276.0, 15]","[280.58, 38]",274.41,110,3.18,0.04
07:48:55,"[272.0, 9]","[271.0, 9]","[276.0, 9]","[280.5, 24]",274.0,51,4.0,-0.29
07:48:56,"[273.0, 12]","[271.33, 9]","[278.38, 21]","[430.13, 30]",275.69,72,5.38,-0.42
07:48:57,"[272.0, 11]","[271.0, 11]","[276.0, 31]","[281.45, 22]",274.0,75,4.0,-0.41
07:48:58,"[272.6, 20]","[271.27, 11]","[274.88, 16]","[280.24, 17]",273.74,64,2.27,-0.03
07:48:59,"[261.14, 79]","[259.94, 69]","[279.68, 22]","[440.4, 50]",270.41,220,18.54,0.35
07:49:00,"[263.0, 148]","[262.12, 66]","[269.48, 46]","[355.51, 49]",266.24,309,6.48,0.39
07:49:01,"[264.0, 15]","[262.25, 96]","[266.68, 44]","[296.15, 33]",265.34,188,2.68,0.18
07:49:02,"[264.0, 15]","[261.0, 60]","[346.14, 56]","[393.26, 61]",305.07,192,82.14,-0.22
