Time,Bid1,Bid2,Ask1,Ask2,Mid-Price,Total_volume,Bid_ask_spread,Order_imbalance
07:30:00,"[0, 0]","[0, 0]","[0, 0]","[0, 0]",0.0,0,0.0,0.0
07:30:01,"[220.0, 3]","[0, 0]","[0, 0]","[0, 0]",110.0,3,-220.0,1.0
07:30:02,"[220.0, 3]","[0, 0]","[257.0, 5]","[0, 0]",238.5,8,37.0,-0.25
07:30:04,"[220.0, 9]","[156.0, 15]","[407.67, 15]","[718.0, 10]",313.83,49,187.67,-0.02
07:30:05,"[220.0, 9]","[156.0, 15]","[614.0, 15]","[736.0, 15]",417.0,54,394.0,-0.11
07:30:06,"[220.0, 9]","[156.0, 15]","[312.36, 11]","[528.67, 15]",266.18,50,92.36,-0.04
07:30:07,"[189.38, 21]","[144.78, 23]","[240.14, 21]","[375.59, 39]",214.76,104,50.76,-0.15
07:30:08,"[223.0, 8]","[166.5, 20]","[236.5, 6]","[237.3, 10]",229.75,44,13.5,0.27
07:30:09,"[208.26, 23]","[140.62, 24]","[236.0, 6]","[237.0, 18]",222.13,71,27.74,0.32
07:30:10,"[208.5, 42]","[199.43, 30]","[235.12, 8]","[237.0, 24]",221.81,104,26.62,0.38
07:30:11,"[206.88, 73]","[205.94, 77]","[235.0, 9]","[236.33, 27]",220.94,186,28.12,0.61
07:30:12,"[208.34, 86]","[207.08, 83]","[233.55, 20]","[234.5, 38]",220.94,227,25.21,0.49
07:30:13,"[210.63, 105]","[208.83, 78]","[225.31, 26]","[230.38, 24]",217.97,233,14.68,0.57
07:30:14,"[213.2, 120]","[211.0, 135]","[225.88, 41]","[226.23, 48]",219.54,344,12.68,0.48
07:30:15,"[214.73, 120]","[211.0, 135]","[221.26, 23]","[222.81, 27]",218.0,305,6.53,0.67
07:30:16,"[213.14, 133]","[196.0, 120]","[218.0, 20]","[220.23, 44]",215.57,317,4.86,0.6
07:30:17,"[211.78, 127]","[210.31, 116]","[214.48, 52]","[218.65, 34]",213.13,329,2.7,0.48
07:30:18,"[212.57, 126]","[200.29, 14]","[214.0, 14]","[215.0, 14]",213.29,168,1.43,0.67
07:30:19,"[213.67, 48]","[199.0, 6]","[215.0, 6]","[222.0, 18]",214.33,78,1.33,0.38
07:30:20,"[214.4, 100]","[209.97, 35]","[219.4, 47]","[222.92, 36]",216.9,218,5.0,0.24
07:30:21,"[217.31, 116]","[215.88, 64]","[219.0, 60]","[223.0, 57]",218.16,297,1.69,0.21
07:30:22,"[217.26, 76]","[215.55, 58]","[222.53, 68]","[223.85, 53]",219.9,255,5.27,0.05
07:30:23,"[219.21, 56]","[218.21, 56]","[223.0, 56]","[224.0, 42]",221.11,210,3.79,0.07
07:30:24,"[217.48, 29]","[212.4, 20]","[223.0, 40]","[224.0, 30]",220.24,119,5.52,-0.18
07:30:25,"[214.0, 28]","[210.0, 28]","[221.56, 36]","[222.58, 52]",217.78,144,7.56,-0.22
07:30:26,"[215.65, 34]","[213.39, 33]","[219.12, 57]","[221.88, 43]",217.38,167,3.48,-0.2
07:30:27,"[212.4, 30]","[207.73, 37]","[215.81, 63]","[217.27, 41]",214.1,171,3.41,-0.22
07:30:28,"[210.46, 28]","[208.34, 47]","[213.25, 80]","[216.84, 49]",211.86,204,2.79,-0.26
07:30:29,"[210.0, 20]","[207.0, 10]","[213.0, 36]","[215.0, 20]",211.5,86,3.0,-0.3
07:30:30,"[210.0, 18]","[205.11, 19]","[212.3, 10]","[215.0, 18]",211.15,65,2.3,0.14
07:30:31,"[210.0, 26]","[204.64, 84]","[211.0, 13]","[215.0, 26]",210.5,149,1.0,0.48
07:30:32,"[208.58, 38]","[206.96, 94]","[211.0, 12]","[215.0, 24]",209.79,168,2.42,0.57
07:30:33,"[207.0, 63]","[206.0, 14]","[211.0, 7]","[215.0, 14]",209.0,98,4.0,0.57
07:30:34,"[207.0, 81]","[206.0, 18]","[211.0, 9]","[215.0, 18]",209.0,126,4.0,0.57
07:30:35,"[207.86, 64]","[206.69, 52]","[211.0, 12]","[215.0, 30]",209.43,158,3.14,0.47
07:30:36,"[208.0, 40]","[204.5, 16]","[211.0, 8]","[215.0, 32]",209.5,96,3.0,0.17
07:30:37,"[208.0, 70]","[204.0, 42]","[211.0, 14]","[215.0, 56]",209.5,182,3.0,0.23
07:30:38,"[208.87, 75]","[202.96, 56]","[211.0, 15]","[213.67, 36]",209.93,182,2.13,0.44
07:30:39,"[208.92, 38]","[202.37, 19]","[211.92, 13]","[213.92, 26]",210.42,96,3.0,0.19
07:30:40,"[203.4, 10]","[202.06, 17]","[213.0, 14]","[215.0, 28]",208.2,69,9.6,-0.22
07:30:41,"[204.62, 65]","[203.25, 16]","[214.56, 36]","[216.64, 88]",209.59,205,9.94,-0.21
07:30:42,"[205.92, 48]","[200.74, 122]","[215.0, 24]","[217.0, 72]",210.46,266,9.08,0.28
07:30:43,"[206.38, 32]","[202.0, 72]","[215.0, 16]","[217.0, 48]",210.69,168,8.62,0.24
07:30:44,"[207.27, 44]","[202.0, 99]","[218.27, 22]","[218.71, 21]",212.77,186,11.0,0.54
07:30:45,"[208.0, 20]","[202.0, 45]","[219.0, 10]","[221.0, 5]",213.5,80,11.0,0.62
07:30:46,"[210.18, 11]","[204.4, 30]","[219.0, 10]","[221.0, 5]",214.59,56,8.82,0.46
07:30:47,"[208.53, 30]","[203.93, 61]","[216.14, 14]","[221.8, 20]",212.34,125,7.61,0.46
07:30:48,"[210.48, 42]","[208.82, 39]","[213.47, 34]","[218.81, 84]",211.97,199,2.99,-0.19
07:30:49,"[213.61, 41]","[212.38, 26]","[215.0, 52]","[218.92, 73]",214.3,192,1.39,-0.3
07:30:50,"[214.0, 50]","[213.0, 20]","[215.82, 17]","[218.88, 52]",214.91,139,1.82,0.01
07:30:51,"[214.56, 45]","[213.0, 18]","[217.0, 9]","[219.0, 63]",215.78,135,2.44,-0.07
07:30:52,"[215.01, 77]","[209.3, 43]","[218.83, 105]","[220.14, 64]",216.92,289,3.82,-0.17
07:30:53,"[213.0, 20]","[206.0, 30]","[219.0, 70]","[221.0, 10]",216.0,130,6.0,-0.23
07:30:54,"[213.23, 26]","[206.0, 39]","[219.0, 89]","[221.0, 13]",216.12,167,5.77,-0.22
07:30:55,"[214.0, 12]","[206.0, 18]","[219.0, 20]","[221.0, 6]",216.5,56,5.0,0.07
07:30:56,"[215.93, 28]","[206.71, 42]","[218.14, 42]","[219.11, 38]",217.04,150,2.21,-0.07
07:30:57,"[207.3, 50]","[205.18, 68]","[218.03, 35]","[219.71, 28]",212.66,181,10.73,0.3
07:30:58,"[206.0, 80]","[205.0, 10]","[218.03, 69]","[219.29, 21]",212.01,180,12.03,0.0
07:30:59,"[206.0, 88]","[205.0, 11]","[215.63, 73]","[217.27, 41]",210.82,213,9.63,-0.07
07:31:00,"[206.0, 40]","[205.0, 5]","[215.0, 45]","[217.0, 5]",210.5,95,9.0,-0.05
07:31:01,"[206.23, 52]","[205.83, 29]","[215.0, 104]","[217.0, 8]",210.62,193,8.77,-0.16
07:31:02,"[207.58, 76]","[206.05, 66]","[215.0, 208]","[217.0, 16]",211.29,366,7.42,-0.22
07:31:03,"[208.96, 108]","[207.86, 56]","[215.0, 182]","[218.44, 66]",211.98,412,6.04,-0.2
07:31:04,"[210.95, 80]","[209.28, 100]","[215.0, 195]","[218.0, 75]",212.97,450,4.05,-0.2
07:31:05,"[213.71, 112]","[211.0, 56]","[215.0, 166]","[218.0, 70]",214.36,404,1.29,-0.17
07:31:06,"[211.67, 36]","[207.18, 11]","[215.0, 48]","[218.0, 40]",213.33,135,3.33,-0.3
07:31:07,"[212.67, 36]","[205.0, 9]","[215.0, 45]","[218.0, 45]",213.83,135,2.33,-0.33
07:31:08,"[213.51, 55]","[204.34, 29]","[215.0, 41]","[218.0, 65]",214.25,190,1.49,-0.12
07:31:09,"[204.05, 19]","[203.2, 15]","[215.0, 7]","[218.0, 35]",209.53,76,10.95,-0.11
07:31:10,"[204.0, 27]","[202.5, 16]","[213.42, 19]","[217.4, 25]",208.71,87,9.42,-0.01
07:31:11,"[204.73, 45]","[202.06, 108]","[215.34, 65]","[217.67, 27]",210.04,245,10.61,0.25
07:31:12,"[205.52, 65]","[203.77, 31]","[217.0, 70]","[219.0, 30]",211.26,196,11.48,-0.02
07:31:13,"[204.34, 62]","[203.65, 54]","[218.36, 36]","[431.0, 49]",211.35,201,14.02,0.15
07:31:14,"[204.64, 42]","[203.92, 38]","[217.84, 32]","[218.86, 21]",211.24,133,13.2,0.2
07:31:15,"[205.0, 36]","[204.0, 45]","[216.47, 19]","[217.91, 22]",210.74,122,11.47,0.33
07:31:16,"[205.36, 50]","[204.05, 58]","[213.0, 14]","[217.0, 42]",209.18,164,7.64,0.32
07:31:17,"[207.15, 33]","[205.35, 46]","[214.33, 15]","[218.13, 53]",210.74,147,7.18,0.07
07:31:18,"[213.58, 33]","[212.0, 36]","[218.0, 15]","[220.0, 75]",215.79,159,4.42,-0.13
07:31:19,"[217.0, 32]","[211.22, 51]","[218.83, 48]","[226.88, 89]",217.92,220,1.83,-0.25
07:31:20,"[209.28, 75]","[207.71, 56]","[217.5, 54]","[279.2, 69]",213.39,254,8.22,0.03
07:31:21,"[209.85, 99]","[208.96, 219]","[214.0, 32]","[216.0, 106]",211.92,456,4.15,0.39
07:31:22,"[212.05, 40]","[208.0, 23]","[215.95, 121]","[219.14, 65]",214.0,249,3.9,-0.49
07:31:23,"[213.53, 30]","[205.16, 231]","[216.0, 99]","[220.0, 89]",214.77,449,2.47,0.16
07:31:24,"[214.67, 27]","[208.24, 150]","[216.0, 48]","[220.0, 70]",215.33,295,1.33,0.2
07:31:25,"[210.87, 69]","[204.95, 123]","[216.0, 18]","[220.0, 42]",213.43,252,5.13,0.52
07:31:26,"[205.48, 98]","[204.87, 130]","[214.14, 43]","[216.9, 31]",209.81,302,8.66,0.51
07:31:27,"[207.23, 52]","[206.99, 212]","[214.0, 60]","[216.0, 36]",210.62,360,6.77,0.47
07:31:28,"[210.19, 16]","[207.0, 336]","[214.0, 80]","[216.0, 48]",212.09,480,3.81,0.47
07:31:29,"[212.0, 6]","[206.5, 126]","[214.0, 30]","[216.0, 18]",213.0,180,2.0,0.47
07:31:30,"[212.62, 8]","[206.0, 168]","[214.0, 40]","[216.0, 24]",213.31,240,1.38,0.47
07:31:31,"[213.0, 11]","[206.0, 231]","[214.0, 55]","[216.0, 33]",213.5,330,1.0,0.47
07:31:32,"[213.0, 12]","[209.41, 132]","[215.09, 44]","[218.67, 36]",214.05,224,2.09,0.29
07:31:33,"[213.0, 13]","[207.06, 213]","[216.0, 39]","[219.15, 47]",214.5,312,3.0,0.45
07:31:34,"[213.17, 6]","[206.07, 106]","[216.0, 18]","[218.0, 30]",214.58,160,2.83,0.4
07:31:35,"[215.09, 55]","[214.77, 65]","[217.72, 61]","[218.96, 69]",216.41,250,2.63,-0.04
07:31:36,"[215.05, 38]","[208.0, 62]","[219.87, 23]","[268.77, 26]",217.46,149,4.82,0.34
07:31:37,"[215.0, 66]","[206.14, 113]","[223.0, 24]","[338.0, 33]",219.0,236,8.0,0.52
07:31:38,"[215.0, 50]","[208.0, 23]","[223.0, 26]","[380.67, 27]",219.0,126,8.0,0.16
07:31:39,"[215.98, 53]","[208.26, 31]","[223.0, 26]","[268.92, 39]",219.49,149,7.02,0.13
07:31:40,"[217.7, 69]","[214.42, 19]","[220.0, 61]","[223.0, 22]",218.85,171,2.3,0.03
07:31:41,"[218.63, 114]","[215.02, 56]","[220.62, 68]","[236.56, 32]",219.62,270,1.99,0.26
07:31:42,"[220.0, 57]","[212.94, 108]","[223.68, 71]","[230.44, 32]",221.84,268,3.68,0.23
07:31:43,"[220.0, 24]","[211.0, 121]","[222.53, 47]","[224.0, 26]",221.27,218,2.53,0.33
07:31:44,"[215.05, 40]","[210.89, 111]","[221.04, 47]","[223.85, 13]",218.05,211,5.99,0.43
07:31:45,"[211.0, 121]","[209.14, 21]","[224.72, 25]","[239.89, 28]",217.86,195,13.72,0.46
07:31:46,"[211.58, 183]","[210.38, 34]","[223.12, 43]","[229.55, 33]",217.35,293,11.54,0.48
07:31:47,"[212.0, 270]","[211.0, 27]","[213.13, 69]","[218.77, 47]",212.57,413,1.13,0.44
07:31:48,"[212.0, 194]","[211.0, 36]","[214.22, 37]","[217.02, 49]",213.11,316,2.22,0.46
07:31:49,"[212.0, 130]","[211.0, 26]","[216.0, 39]","[218.0, 65]",214.0,260,4.0,0.2
07:31:50,"[213.3, 60]","[212.0, 100]","[216.0, 30]","[218.0, 50]",214.65,240,2.7,0.33
07:31:51,"[213.66, 106]","[211.82, 136]","[216.75, 53]","[220.13, 75]",215.21,370,3.09,0.31
07:31:52,"[213.4, 116]","[212.28, 116]","[218.0, 65]","[226.0, 65]",215.7,362,4.6,0.28
07:31:53,"[215.0, 146]","[214.0, 42]","[217.72, 58]","[223.71, 70]",216.36,316,2.72,0.19
07:31:54,"[216.15, 94]","[213.82, 76]","[221.0, 60]","[231.6, 67]",218.57,297,4.85,0.14
07:31:55,"[218.14, 42]","[208.0, 160]","[226.56, 54]","[272.0, 58]",222.35,314,8.41,0.29
07:31:56,"[222.47, 90]","[222.03, 96]","[226.88, 74]","[311.5, 54]",224.67,314,4.41,0.18
07:31:57,"[226.89, 84]","[225.05, 60]","[228.87, 75]","[398.96, 49]",227.88,268,1.97,0.07
07:31:58,"[228.0, 35]","[226.0, 21]","[229.0, 35]","[378.56, 27]",228.5,118,1.0,-0.05
07:31:59,"[228.0, 9]","[226.0, 27]","[229.0, 45]","[356.82, 17]",228.5,98,1.0,-0.27
07:32:00,"[226.4, 10]","[224.17, 70]","[229.0, 50]","[371.5, 10]",227.7,140,2.6,0.14
07:32:01,"[226.0, 8]","[224.0, 64]","[229.0, 40]","[329.25, 8]",227.5,120,3.0,0.2
07:32:02,"[226.0, 10]","[224.0, 80]","[229.0, 50]","[325.9, 10]",227.5,150,3.0,0.2
07:32:03,"[226.0, 11]","[224.0, 88]","[229.0, 55]","[364.16, 25]",227.5,179,3.0,0.11
07:32:04,"[225.0, 19]","[223.87, 92]","[229.0, 58]","[474.6, 30]",227.0,199,4.0,0.12
07:32:05,"[225.0, 7]","[224.0, 56]","[229.0, 28]","[468.36, 11]",227.0,102,4.0,0.24
07:32:06,"[225.93, 15]","[224.0, 120]","[229.0, 60]","[274.57, 63]",227.47,258,3.07,0.05
07:32:07,"[226.0, 12]","[224.0, 96]","[228.07, 30]","[233.47, 47]",227.03,185,2.07,0.17
07:32:08,"[224.08, 50]","[222.2, 40]","[234.71, 28]","[305.92, 26]",229.4,144,10.63,0.25
07:32:09,"[222.76, 58]","[220.82, 34]","[235.25, 16]","[242.06, 51]",229.0,159,12.49,0.16
07:32:10,"[224.0, 84]","[221.0, 56]","[234.43, 14]","[247.88, 40]",229.21,194,10.43,0.44
07:32:11,"[223.13, 55]","[220.7, 40]","[231.82, 11]","[311.12, 17]",227.47,123,8.69,0.54
07:32:12,"[221.0, 32]","[220.0, 24]","[230.0, 8]","[453.12, 8]",225.5,72,9.0,0.56
07:32:13,"[221.0, 25]","[220.0, 21]","[230.0, 7]","[296.41, 29]",225.5,82,9.0,0.12
07:32:14,"[215.11, 36]","[214.36, 90]","[222.69, 16]","[230.6, 25]",218.9,167,7.58,0.51
07:32:15,"[215.67, 120]","[214.0, 96]","[218.98, 44]","[222.38, 24]",217.32,284,3.31,0.52
07:32:16,"[216.0, 100]","[214.0, 80]","[217.0, 20]","[218.0, 10]",216.5,210,1.0,0.71
07:32:17,"[214.67, 84]","[213.09, 46]","[217.64, 33]","[221.21, 39]",216.15,202,2.97,0.29
07:32:18,"[214.0, 32]","[211.0, 8]","[218.27, 11]","[220.75, 20]",216.14,71,4.27,0.13
07:32:19,"[214.0, 80]","[211.0, 20]","[215.43, 47]","[219.0, 46]",214.71,193,1.43,0.04
07:32:20,"[214.0, 48]","[120.91, 11]","[219.0, 30]","[220.0, 24]",216.5,113,5.0,0.04
07:32:21,"[215.6, 10]","[214.0, 40]","[219.0, 25]","[220.0, 20]",217.3,95,3.4,0.05
07:32:22,"[215.57, 42]","[213.56, 36]","[219.65, 43]","[225.21, 47]",217.61,168,4.08,-0.07
07:32:23,"[215.73, 15]","[212.42, 53]","[220.0, 25]","[227.0, 40]",217.87,133,4.27,0.02
07:32:24,"[212.0, 44]","[207.0, 32]","[219.75, 16]","[224.38, 32]",215.88,124,7.75,0.23
07:32:25,"[212.0, 75]","[207.95, 177]","[219.0, 37]","[222.49, 49]",215.5,338,7.0,0.49
07:32:26,"[212.0, 55]","[208.0, 143]","[217.79, 28]","[220.0, 33]",214.89,259,5.79,0.53
07:32:27,"[212.0, 40]","[208.0, 104]","[216.4, 20]","[218.76, 34]",214.2,198,4.4,0.45
07:32:28,"[212.0, 35]","[208.0, 91]","[216.73, 22]","[219.5, 32]",214.36,180,4.73,0.4
07:32:29,"[212.0, 25]","[208.0, 65]","[215.4, 10]","[217.0, 20]",213.7,120,3.4,0.5
07:32:30,"[212.0, 35]","[208.0, 91]","[213.71, 14]","[217.0, 28]",212.86,168,1.71,0.5
07:32:31,"[208.82, 49]","[207.68, 38]","[212.6, 10]","[217.0, 20]",210.71,117,3.78,0.49
07:32:32,"[208.0, 156]","[207.0, 48]","[213.42, 38]","[215.51, 79]",210.71,321,5.42,0.27
07:32:33,"[212.45, 66]","[210.04, 106]","[215.24, 68]","[217.95, 38]",213.84,278,2.78,0.24
07:32:34,"[212.32, 53]","[210.93, 71]","[217.0, 36]","[223.0, 27]",214.66,187,4.68,0.33
07:32:35,"[211.0, 54]","[207.0, 24]","[217.0, 24]","[223.0, 18]",214.0,120,6.0,0.3
07:32:36,"[211.0, 54]","[207.0, 24]","[217.0, 24]","[223.0, 18]",214.0,120,6.0,0.3
07:32:37,"[211.0, 90]","[207.0, 40]","[221.38, 48]","[226.22, 32]",216.19,210,10.38,0.24
07:32:38,"[211.0, 81]","[207.0, 36]","[212.0, 36]","[223.0, 60]",211.5,213,1.0,0.1
07:32:39,"[211.0, 108]","[207.0, 48]","[212.0, 48]","[223.0, 75]",211.5,279,1.0,0.12
07:32:40,"[211.0, 126]","[207.0, 56]","[212.0, 47]","[220.14, 70]",211.5,299,1.0,0.22
07:32:41,"[211.0, 108]","[207.0, 48]","[213.36, 33]","[217.0, 60]",212.18,249,2.36,0.25
07:32:42,"[211.0, 81]","[207.0, 36]","[215.0, 45]","[220.0, 9]",213.0,171,4.0,0.37
07:32:43,"[211.0, 54]","[207.0, 24]","[219.62, 26]","[227.57, 23]",215.31,127,8.62,0.23
07:32:44,"[211.02, 64]","[207.97, 37]","[215.0, 24]","[223.62, 40]",213.01,165,3.98,0.22
07:32:45,"[212.0, 4]","[211.0, 36]","[215.0, 12]","[224.0, 20]",213.5,72,3.0,0.11
07:32:46,"[210.09, 66]","[208.47, 55]","[217.65, 34]","[246.0, 48]",213.87,203,7.56,0.19
07:32:47,"[210.0, 27]","[207.0, 12]","[224.0, 15]","[356.0, 12]",217.0,66,14.0,0.18
07:32:48,"[210.0, 81]","[207.0, 36]","[224.0, 45]","[260.0, 9]",217.0,171,14.0,0.37
07:32:49,"[210.0, 45]","[207.0, 20]","[223.69, 13]","[228.24, 17]",216.85,95,13.69,0.37
07:32:50,"[210.0, 54]","[207.0, 24]","[222.0, 6]","[223.0, 30]",216.0,114,12.0,0.37
07:32:51,"[209.52, 25]","[205.1, 41]","[222.0, 8]","[223.0, 40]",215.76,114,12.48,0.16
07:32:52,"[217.88, 16]","[209.33, 18]","[222.77, 26]","[306.75, 32]",220.32,92,4.89,-0.26
07:32:53,"[210.0, 20]","[207.0, 40]","[215.17, 12]","[221.67, 24]",212.58,96,5.17,0.25
07:32:54,"[207.95, 41]","[206.27, 44]","[211.44, 18]","[216.19, 21]",209.7,124,3.49,0.37
07:32:55,"[209.0, 34]","[207.0, 56]","[210.5, 24]","[214.22, 18]",209.75,132,1.5,0.36
07:32:56,"[209.0, 15]","[205.13, 60]","[214.47, 17]","[217.13, 30]",211.74,122,5.47,0.23
07:32:57,"[209.43, 7]","[205.0, 28]","[217.0, 42]","[224.0, 35]",213.21,112,7.57,-0.38
07:32:58,"[212.0, 9]","[203.67, 36]","[217.0, 54]","[224.0, 45]",214.5,144,5.0,-0.38
07:32:59,"[213.11, 9]","[201.12, 32]","[217.0, 52]","[222.89, 45]",215.06,138,3.89,-0.41
07:33:00,"[214.25, 12]","[201.0, 48]","[216.86, 44]","[218.72, 58]",215.56,162,2.61,-0.26
07:33:01,"[202.76, 55]","[201.66, 56]","[216.92, 73]","[218.75, 80]",209.84,264,14.15,-0.16
07:33:02,"[205.88, 65]","[203.8, 105]","[215.6, 50]","[217.0, 90]",210.74,310,9.72,0.1
07:33:03,"[210.15, 68]","[209.41, 56]","[213.36, 25]","[215.4, 25]",211.75,174,3.21,0.43
07:33:04,"[212.84, 31]","[212.09, 53]","[215.17, 24]","[217.17, 70]",214.0,178,2.33,-0.06
07:33:05,"[215.93, 29]","[214.6, 15]","[217.55, 33]","[219.38, 39]",216.74,116,1.61,-0.24
07:33:06,"[217.2, 10]","[215.75, 16]","[219.5, 30]","[220.32, 37]",218.35,93,2.3,-0.44
07:33:07,"[218.36, 22]","[216.47, 19]","[221.0, 38]","[351.67, 18]",219.68,97,2.64,-0.15
07:33:08,"[218.27, 11]","[217.32, 19]","[221.0, 10]","[284.4, 50]",219.64,90,2.73,-0.33
07:33:09,"[219.0, 8]","[218.0, 16]","[220.78, 9]","[407.64, 28]",219.89,61,1.78,-0.21
07:33:10,"[219.0, 10]","[210.0, 20]","[223.8, 10]","[339.8, 50]",221.4,90,4.8,-0.33
07:33:11,"[219.97, 67]","[215.0, 9]","[225.0, 7]","[316.71, 35]",222.49,118,5.03,0.29
07:33:12,"[220.0, 135]","[219.0, 25]","[225.07, 15]","[295.23, 39]",222.53,214,5.07,0.5
07:33:13,"[220.0, 48]","[219.0, 12]","[226.0, 20]","[229.0, 4]",223.0,84,6.0,0.43
07:33:14,"[220.0, 24]","[219.0, 4]","[222.0, 2]","[226.0, 10]",221.0,40,2.0,0.4
07:33:15,"[220.0, 100]","[219.0, 9]","[226.67, 9]","[242.76, 17]",223.33,135,6.67,0.61
07:33:16,"[220.0, 67]","[219.0, 19]","[229.0, 7]","[393.68, 19]",224.5,112,9.0,0.54
07:33:17,"[220.0, 105]","[219.0, 15]","[230.28, 18]","[481.24, 55]",225.14,193,10.28,0.24
07:33:18,"[220.0, 42]","[219.0, 6]","[230.83, 24]","[232.0, 6]",225.42,78,10.83,0.23
07:33:19,"[220.0, 49]","[219.0, 7]","[229.0, 28]","[232.0, 7]",224.5,91,9.0,0.23
07:33:20,"[220.0, 70]","[219.0, 10]","[228.2, 40]","[233.0, 10]",224.1,130,8.2,0.23
07:33:21,"[223.71, 34]","[219.86, 21]","[228.0, 48]","[234.0, 12]",225.85,115,4.29,-0.04
07:33:22,"[221.17, 24]","[219.29, 14]","[231.48, 23]","[259.42, 12]",226.32,73,10.31,0.04
07:33:23,"[220.0, 20]","[219.0, 10]","[231.94, 17]","[233.08, 13]",225.97,60,11.94,0.0
07:33:24,"[216.27, 15]","[212.78, 18]","[225.64, 11]","[231.68, 19]",220.95,63,9.37,0.05
07:33:25,"[212.93, 14]","[211.6, 15]","[225.46, 24]","[229.45, 40]",219.19,93,12.53,-0.38
07:33:26,"[213.15, 20]","[211.0, 20]","[224.12, 49]","[228.02, 63]",218.64,152,10.97,-0.47
07:33:27,"[213.22, 18]","[208.96, 53]","[218.78, 59]","[222.57, 14]",216.0,144,5.56,-0.01
07:33:28,"[209.87, 108]","[208.67, 55]","[216.56, 43]","[225.82, 34]",213.21,240,6.69,0.36
07:33:29,"[210.37, 38]","[209.49, 55]","[293.0, 11]","[457.43, 23]",251.68,127,82.63,0.46
07:33:30,"[211.53, 47]","[210.18, 66]","[378.41, 17]","[472.03, 35]",294.97,165,166.88,0.37
07:33:31,"[222.0, 17]","[212.0, 30]","[469.0, 15]","[588.0, 5]",345.5,67,247.0,0.4
07:33:32,"[223.57, 46]","[222.0, 40]","[307.93, 14]","[393.19, 16]",265.75,116,84.36,0.48
07:33:33,"[224.53, 51]","[222.27, 33]","[238.06, 17]","[379.0, 21]",231.29,122,13.53,0.38
07:33:34,"[223.09, 22]","[221.12, 34]","[227.0, 10]","[241.0, 10]",225.05,76,3.91,0.47
07:33:35,"[222.52, 21]","[221.02, 41]","[227.0, 11]","[288.36, 11]",224.76,84,4.48,0.48
07:33:36,"[223.0, 121]","[222.0, 13]","[227.0, 13]","[332.79, 19]",225.0,166,4.0,0.61
07:33:37,"[223.0, 108]","[222.0, 12]","[227.0, 12]","[461.5, 12]",225.0,144,4.0,0.67
07:33:38,"[223.0, 90]","[222.0, 10]","[227.0, 10]","[295.0, 20]",225.0,130,4.0,0.54
07:33:39,"[223.0, 81]","[222.0, 9]","[225.67, 9]","[250.46, 13]",224.33,112,2.67,0.61
07:33:40,"[222.06, 63]","[220.76, 66]","[226.5, 32]","[232.86, 21]",224.28,182,4.44,0.42
07:33:41,"[221.6, 105]","[220.0, 43]","[226.33, 30]","[228.0, 15]",223.97,193,4.73,0.53
07:33:42,"[222.0, 91]","[220.0, 65]","[226.19, 21]","[230.31, 13]",224.1,190,4.19,0.64
07:33:43,"[223.03, 75]","[220.24, 76]","[228.0, 16]","[234.38, 16]",225.51,183,4.97,0.65
07:33:44,"[224.0, 34]","[220.62, 52]","[230.4, 10]","[236.0, 10]",227.2,106,6.4,0.62
07:33:45,"[224.0, 8]","[221.0, 48]","[230.88, 8]","[235.38, 8]",227.44,72,6.88,0.56
07:33:46,"[224.1, 10]","[221.05, 55]","[230.0, 10]","[231.0, 10]",227.05,85,5.9,0.53
07:33:47,"[225.47, 15]","[224.0, 15]","[228.4, 15]","[229.67, 15]",226.93,60,2.93,0.0
07:33:48,"[222.83, 23]","[220.44, 63]","[225.41, 17]","[226.37, 19]",224.12,122,2.59,0.41
07:33:49,"[221.0, 15]","[220.0, 63]","[223.5, 12]","[225.33, 15]",222.25,105,2.5,0.49
07:33:50,"[221.0, 35]","[220.0, 21]","[225.0, 14]","[228.0, 7]",223.0,77,4.0,0.45
07:33:51,"[221.0, 55]","[220.0, 33]","[224.31, 13]","[225.3, 20]",222.65,121,3.31,0.45
07:33:52,"[221.0, 40]","[220.0, 24]","[224.0, 8]","[225.0, 16]",222.5,88,3.0,0.45
07:33:53,"[221.0, 30]","[220.0, 18]","[224.0, 6]","[225.0, 30]",222.5,84,3.0,0.14
07:33:54,"[221.0, 35]","[220.0, 21]","[224.0, 7]","[225.0, 33]",222.5,96,3.0,0.17
07:33:55,"[221.0, 40]","[220.0, 24]","[223.5, 8]","[225.74, 19]",222.25,91,2.5,0.41
07:33:56,"[221.43, 75]","[220.39, 38]","[224.57, 23]","[226.9, 40]",223.0,176,3.14,0.28
07:33:57,"[223.88, 32]","[221.84, 43]","[226.55, 31]","[228.68, 47]",225.21,153,2.67,-0.02
07:33:58,"[225.8, 50]","[224.45, 40]","[228.74, 46]","[230.81, 47]",227.27,183,2.94,-0.02
07:33:59,"[227.0, 20]","[225.3, 30]","[229.0, 50]","[237.0, 20]",228.0,120,2.0,-0.17
07:34:00,"[226.33, 9]","[225.57, 23]","[229.0, 45]","[237.0, 18]",227.67,95,2.67,-0.33
07:34:01,"[220.13, 31]","[219.06, 31]","[229.0, 55]","[237.0, 22]",224.56,139,8.87,-0.11
07:34:02,"[220.0, 28]","[219.0, 36]","[229.0, 60]","[237.0, 24]",224.5,148,9.0,-0.14
07:34:03,"[220.0, 20]","[219.0, 30]","[227.92, 26]","[228.89, 44]",223.96,120,7.92,-0.17
07:34:04,"[219.9, 20]","[218.79, 29]","[226.53, 15]","[227.84, 25]",223.22,89,6.63,0.1
07:34:05,"[219.0, 10]","[216.0, 10]","[227.14, 14]","[228.4, 20]",223.07,54,8.14,-0.26
07:34:06,"[226.44, 86]","[217.0, 14]","[228.83, 35]","[231.28, 29]",227.64,164,2.39,0.22
07:34:07,"[227.0, 80]","[224.0, 8]","[228.0, 16]","[232.0, 16]",227.5,120,1.0,0.47
07:34:08,"[227.0, 120]","[224.0, 12]","[228.33, 24]","[245.68, 25]",227.67,181,1.33,0.46
07:34:09,"[227.0, 80]","[224.0, 23]","[229.97, 31]","[290.97, 29]",228.48,163,2.97,0.26
07:34:10,"[227.0, 60]","[224.0, 20]","[228.3, 30]","[229.67, 27]",227.65,137,1.3,0.17
07:34:11,"[227.0, 60]","[224.0, 20]","[228.0, 30]","[229.0, 30]",227.5,140,1.0,0.14
07:34:12,"[227.0, 84]","[224.0, 28]","[228.0, 42]","[229.0, 42]",227.5,196,1.0,0.14
07:34:13,"[227.0, 66]","[224.0, 22]","[228.0, 33]","[229.0, 33]",227.5,154,1.0,0.14
07:34:14,"[227.0, 54]","[224.0, 18]","[228.0, 27]","[229.0, 27]",227.5,126,1.0,0.14
07:34:15,"[227.0, 12]","[224.0, 4]","[228.0, 6]","[229.0, 6]",227.5,28,1.0,0.14
07:34:16,"[227.0, 66]","[224.0, 22]","[228.0, 33]","[229.0, 33]",227.5,154,1.0,0.14
07:34:17,"[227.0, 30]","[224.0, 22]","[228.0, 33]","[229.0, 33]",227.5,118,1.0,-0.12
07:34:18,"[227.0, 20]","[224.0, 20]","[228.0, 30]","[229.0, 30]",227.5,100,1.0,-0.2
07:34:19,"[224.0, 20]","[221.0, 20]","[228.0, 30]","[229.0, 30]",226.0,100,4.0,-0.2
07:34:20,"[222.0, 18]","[220.2, 25]","[228.0, 24]","[229.0, 24]",225.0,91,6.0,-0.05
07:34:21,"[222.0, 20]","[221.0, 14]","[228.0, 42]","[229.0, 42]",225.0,118,6.0,-0.42
07:34:22,"[223.31, 13]","[221.0, 13]","[228.0, 39]","[229.0, 40]",225.65,105,4.69,-0.5
07:34:23,"[224.0, 12]","[221.0, 12]","[228.0, 36]","[229.0, 42]",226.0,102,4.0,-0.53
07:34:24,"[225.0, 10]","[221.0, 10]","[228.0, 30]","[229.0, 30]",226.5,80,3.0,-0.5
07:34:25,"[226.0, 9]","[221.0, 9]","[228.0, 27]","[229.0, 27]",227.0,72,2.0,-0.5
07:34:26,"[223.6, 20]","[221.67, 24]","[227.5, 42]","[228.75, 36]",225.55,122,3.9,-0.28
07:34:27,"[222.0, 36]","[221.0, 10]","[226.35, 51]","[228.4, 30]",224.18,127,4.35,-0.28
07:34:28,"[222.0, 24]","[221.0, 8]","[224.78, 27]","[226.88, 24]",223.39,83,2.78,-0.23
07:34:29,"[221.5, 12]","[220.06, 32]","[222.43, 28]","[225.0, 24]",221.96,96,0.93,-0.08
07:34:30,"[221.85, 62]","[218.12, 25]","[223.73, 49]","[227.05, 58]",222.79,194,1.88,-0.1
07:34:31,"[223.0, 98]","[221.0, 14]","[228.07, 56]","[230.97, 66]",225.54,234,5.07,-0.04
07:34:32,"[223.0, 105]","[221.0, 15]","[225.85, 39]","[227.0, 75]",224.42,234,2.85,0.03
07:34:33,"[223.0, 112]","[221.0, 16]","[224.38, 32]","[229.25, 80]",223.69,240,1.38,0.07
07:34:34,"[221.97, 35]","[220.24, 21]","[230.77, 62]","[235.7, 57]",226.37,175,8.8,-0.36
07:34:35,"[222.0, 80]","[221.0, 16]","[229.63, 73]","[232.22, 76]",225.82,245,7.63,-0.22
07:34:36,"[222.25, 60]","[221.0, 12]","[227.32, 62]","[229.0, 56]",224.79,190,5.07,-0.24
07:34:37,"[223.46, 83]","[222.42, 31]","[226.48, 93]","[229.76, 85]",224.97,292,3.03,-0.22
07:34:38,"[224.61, 36]","[217.86, 35]","[228.2, 75]","[231.06, 80]",226.41,226,3.59,-0.37
07:34:39,"[224.0, 12]","[220.0, 12]","[229.0, 60]","[231.33, 60]",226.5,144,5.0,-0.67
07:34:40,"[224.0, 21]","[220.0, 13]","[229.0, 65]","[230.0, 65]",226.5,164,5.0,-0.59
07:34:41,"[220.0, 9]","[216.0, 27]","[229.0, 45]","[230.0, 45]",224.5,126,9.0,-0.43
07:34:42,"[223.9, 121]","[222.27, 37]","[228.0, 28]","[229.18, 55]",225.95,241,4.1,0.31
07:34:43,"[224.0, 98]","[220.0, 7]","[227.0, 14]","[229.76, 37]",225.5,156,3.0,0.35
07:34:44,"[224.61, 144]","[220.0, 12]","[228.33, 30]","[233.15, 66]",226.47,252,3.72,0.24
07:34:45,"[225.9, 70]","[217.75, 20]","[233.75, 80]","[234.38, 32]",229.82,202,7.85,-0.11
07:34:46,"[226.0, 42]","[218.71, 14]","[234.0, 60]","[235.0, 12]",230.0,128,8.0,-0.12
07:34:47,"[226.0, 84]","[220.8, 20]","[234.0, 120]","[235.0, 24]",230.0,248,8.0,-0.16
07:34:48,"[226.0, 23]","[224.0, 6]","[234.0, 40]","[235.0, 8]",230.0,77,8.0,-0.25
07:34:49,"[226.0, 22]","[224.0, 22]","[234.0, 110]","[235.0, 22]",230.0,176,8.0,-0.5
07:34:50,"[227.57, 46]","[225.56, 36]","[234.0, 120]","[235.0, 24]",230.78,226,6.43,-0.27
07:34:51,"[230.0, 63]","[227.0, 72]","[234.0, 90]","[235.0, 18]",232.0,243,4.0,0.11
07:34:52,"[230.0, 53]","[227.0, 72]","[234.0, 90]","[235.0, 18]",232.0,233,4.0,0.07
07:34:53,"[228.07, 28]","[226.87, 46]","[234.0, 80]","[235.0, 16]",231.04,170,5.93,-0.13
07:34:54,"[227.0, 72]","[226.0, 24]","[233.06, 72]","[233.57, 46]",230.03,214,6.06,-0.1
07:34:55,"[226.96, 96]","[225.8, 40]","[229.86, 86]","[232.55, 88]",228.41,310,2.9,-0.12
07:34:56,"[226.0, 27]","[224.0, 30]","[232.07, 30]","[234.0, 110]",229.03,197,6.07,-0.42
07:34:57,"[226.0, 11]","[224.0, 22]","[229.91, 22]","[233.12, 57]",227.95,112,3.91,-0.41
07:34:58,"[221.38, 32]","[220.13, 47]","[227.75, 32]","[233.39, 90]",224.56,201,6.38,-0.21
07:34:59,"[221.0, 16]","[220.0, 96]","[226.12, 16]","[230.29, 17]",223.56,145,5.12,0.54
07:35:00,"[222.0, 34]","[221.0, 34]","[225.06, 34]","[227.25, 48]",223.53,150,3.06,-0.09
07:35:01,"[218.02, 151]","[217.06, 107]","[222.7, 40]","[225.74, 38]",220.36,336,4.68,0.54
07:35:02,"[218.11, 108]","[217.18, 84]","[220.85, 52]","[223.72, 29]",219.48,273,2.74,0.41
07:35:03,"[224.0, 24]","[217.08, 72]","[228.5, 12]","[233.73, 44]",226.25,152,4.5,0.26
07:35:04,"[226.8, 75]","[222.44, 54]","[228.0, 16]","[231.53, 75]",227.4,220,1.2,0.17
07:35:05,"[227.0, 32]","[224.0, 30]","[228.0, 10]","[231.0, 50]",227.5,122,1.0,0.02
07:35:06,"[227.0, 24]","[224.0, 24]","[228.0, 8]","[231.0, 40]",227.5,96,1.0,0.0
07:35:07,"[224.5, 18]","[218.55, 33]","[228.0, 6]","[231.0, 30]",226.25,87,3.5,0.17
07:35:08,"[224.0, 24]","[218.0, 48]","[228.0, 8]","[231.0, 40]",226.0,120,4.0,0.2
07:35:09,"[224.0, 12]","[218.0, 24]","[228.0, 4]","[231.0, 20]",226.0,60,4.0,0.2
07:35:10,"[216.3, 94]","[209.64, 66]","[227.03, 58]","[229.25, 24]",221.67,242,10.74,0.32
07:35:11,"[216.95, 38]","[213.09, 77]","[222.06, 68]","[227.34, 73]",219.5,256,5.11,-0.1
07:35:12,"[214.0, 13]","[213.0, 91]","[220.0, 46]","[227.0, 92]",217.0,242,6.0,-0.14
07:35:13,"[214.91, 23]","[213.03, 86]","[219.35, 34]","[226.23, 91]",217.13,234,4.44,-0.07
07:35:14,"[215.42, 12]","[213.06, 54]","[218.73, 26]","[221.65, 17]",217.07,109,3.31,0.21
07:35:15,"[215.0, 14]","[212.0, 98]","[217.88, 26]","[218.8, 40]",216.44,178,2.88,0.26
07:35:16,"[212.95, 61]","[210.57, 46]","[219.1, 30]","[251.32, 41]",216.03,178,6.15,0.2
07:35:17,"[227.86, 42]","[219.67, 48]","[231.0, 10]","[320.91, 35]",229.43,135,3.14,0.33
07:35:18,"[230.0, 16]","[221.0, 20]","[231.0, 4]","[294.0, 9]",230.5,49,1.0,0.47
07:35:19,"[230.0, 20]","[221.0, 25]","[231.0, 5]","[468.82, 11]",230.5,61,1.0,0.48
07:35:20,"[230.0, 52]","[221.0, 65]","[264.82, 17]","[371.93, 57]",247.41,191,34.82,0.23
07:35:21,"[230.0, 44]","[221.0, 55]","[231.0, 11]","[328.33, 49]",230.5,159,1.0,0.25
07:35:22,"[230.0, 32]","[225.04, 26]","[231.0, 8]","[321.05, 38]",230.5,104,1.0,0.12
07:35:23,"[230.0, 32]","[226.0, 24]","[231.0, 8]","[296.27, 30]",230.5,94,1.0,0.19
07:35:24,"[230.0, 36]","[226.0, 27]","[231.0, 9]","[478.94, 17]",230.5,89,1.0,0.42
07:35:25,"[229.2, 30]","[225.71, 21]","[231.0, 9]","[386.47, 17]",230.1,77,1.8,0.32
07:35:26,"[226.0, 14]","[224.0, 7]","[231.0, 7]","[310.0, 7]",228.5,35,5.0,0.2
07:35:27,"[228.86, 14]","[225.82, 22]","[231.0, 12]","[397.68, 22]",229.93,70,2.14,0.03
07:35:28,"[230.0, 8]","[226.0, 16]","[231.0, 8]","[266.6, 10]",230.5,42,1.0,0.14
07:35:29,"[221.87, 31]","[220.65, 55]","[231.0, 10]","[462.92, 37]",226.44,133,9.13,0.29
07:35:30,"[221.9, 40]","[220.46, 52]","[231.0, 10]","[314.29, 28]",226.45,130,9.1,0.42
07:35:31,"[224.23, 52]","[223.02, 49]","[231.0, 13]","[310.09, 43]",227.62,157,6.77,0.29
07:35:32,"[226.0, 68]","[224.0, 51]","[230.0, 56]","[262.45, 20]",228.0,195,4.0,0.22
07:35:33,"[224.79, 48]","[221.96, 57]","[226.92, 25]","[228.15, 55]",225.86,185,2.13,0.14
07:35:34,"[221.0, 27]","[220.0, 36]","[225.0, 36]","[226.0, 9]",223.0,108,4.0,0.17
07:35:35,"[221.0, 36]","[219.65, 43]","[225.33, 24]","[228.67, 12]",223.17,115,4.33,0.37
07:35:36,"[220.67, 36]","[218.77, 52]","[224.31, 16]","[225.36, 44]",222.49,148,3.65,0.19
07:35:37,"[219.0, 33]","[217.0, 33]","[223.32, 19]","[225.72, 39]",221.16,124,4.32,0.06
07:35:38,"[219.0, 21]","[217.0, 27]","[221.48, 23]","[275.71, 28]",220.24,99,2.48,-0.03
07:35:39,"[219.0, 10]","[217.0, 30]","[222.0, 30]","[230.0, 50]",220.5,120,3.0,-0.33
07:35:40,"[219.86, 35]","[217.8, 25]","[222.0, 45]","[229.64, 66]",220.93,171,2.14,-0.3
07:35:41,"[220.0, 30]","[219.0, 10]","[221.0, 30]","[228.23, 26]",220.5,96,1.0,-0.17
07:35:42,"[218.31, 39]","[215.08, 61]","[224.7, 40]","[238.33, 61]",221.5,201,6.39,-0.0
07:35:43,"[215.97, 37]","[214.8, 35]","[259.4, 15]","[357.37, 35]",237.69,122,43.43,0.18
07:35:44,"[216.19, 26]","[215.59, 32]","[227.0, 12]","[230.0, 12]",221.6,82,10.81,0.41
07:35:45,"[217.0, 7]","[216.0, 21]","[227.0, 7]","[230.0, 7]",222.0,42,10.0,0.33
07:35:46,"[218.48, 142]","[216.62, 16]","[227.0, 12]","[230.0, 12]",222.74,182,8.52,0.74
07:35:47,"[219.08, 182]","[217.31, 13]","[227.0, 13]","[230.0, 13]",223.04,221,7.92,0.76
07:35:48,"[221.23, 146]","[220.76, 50]","[227.0, 12]","[230.0, 12]",224.12,220,5.77,0.78
07:35:49,"[224.8, 70]","[223.0, 15]","[227.0, 5]","[230.0, 5]",225.9,95,2.2,0.79
07:35:50,"[225.33, 168]","[223.0, 36]","[227.0, 12]","[230.0, 12]",226.17,228,1.67,0.79
07:35:51,"[226.0, 64]","[223.12, 16]","[227.0, 6]","[230.0, 6]",226.5,92,1.0,0.74
07:35:52,"[225.86, 35]","[223.33, 18]","[228.88, 8]","[485.62, 24]",227.37,85,3.02,0.25
07:35:53,"[225.94, 18]","[224.0, 6]","[230.0, 4]","[539.5, 12]",227.97,40,4.06,0.2
07:35:54,"[227.0, 24]","[225.0, 8]","[230.0, 8]","[395.75, 8]",228.5,48,3.0,0.33
07:35:55,"[225.24, 25]","[222.5, 24]","[230.0, 13]","[371.42, 19]",227.62,81,4.76,0.21
07:35:56,"[223.0, 30]","[219.38, 26]","[229.16, 25]","[316.71, 17]",226.08,98,6.16,0.14
07:35:57,"[223.0, 14]","[220.0, 35]","[229.0, 28]","[291.14, 14]",226.0,91,6.0,0.08
07:35:58,"[223.0, 14]","[220.0, 35]","[228.89, 27]","[295.46, 13]",225.94,89,5.89,0.1
07:35:59,"[223.84, 25]","[220.13, 47]","[227.8, 30]","[229.0, 10]",225.82,112,3.96,0.29
07:36:00,"[226.0, 77]","[223.0, 26]","[227.0, 32]","[229.0, 13]",226.5,148,1.0,0.39
07:36:01,"[224.29, 14]","[222.33, 24]","[227.0, 22]","[229.36, 11]",225.64,71,2.71,0.07
07:36:02,"[219.17, 48]","[216.86, 28]","[223.24, 42]","[224.63, 30]",221.2,148,4.07,0.03
07:36:03,"[219.0, 30]","[216.0, 18]","[220.76, 33]","[221.33, 30]",219.88,111,1.76,-0.14
07:36:04,"[216.75, 24]","[215.4, 15]","[219.6, 48]","[222.07, 28]",218.18,115,2.85,-0.32
07:36:05,"[216.0, 18]","[215.0, 9]","[218.0, 18]","[219.0, 45]",217.0,90,2.0,-0.4
07:36:06,"[215.83, 24]","[214.29, 34]","[217.06, 66]","[220.88, 34]",216.45,158,1.23,-0.27
07:36:07,"[215.0, 8]","[214.0, 48]","[217.0, 16]","[221.0, 16]",216.0,88,2.0,0.27
07:36:08,"[215.0, 5]","[214.0, 30]","[216.0, 15]","[217.0, 10]",215.5,60,1.0,0.17
07:36:09,"[215.0, 10]","[214.0, 60]","[221.0, 20]","[349.11, 36]",218.0,126,6.0,0.11
07:36:10,"[216.37, 19]","[214.07, 55]","[221.0, 24]","[352.25, 48]",218.68,146,4.63,0.01
07:36:11,"[218.0, 14]","[214.0, 25]","[220.21, 19]","[269.89, 18]",219.11,76,2.21,0.03
07:36:12,"[214.62, 39]","[212.9, 20]","[221.46, 26]","[232.07, 29]",218.04,114,6.85,0.04
07:36:13,"[214.0, 18]","[212.0, 6]","[224.0, 16]","[398.0, 23]",219.0,63,10.0,-0.24
07:36:14,"[213.68, 25]","[211.37, 19]","[276.47, 30]","[426.81, 26]",245.07,100,62.79,-0.12
07:36:15,"[219.88, 17]","[214.73, 37]","[321.8, 60]","[419.2, 15]",270.84,129,101.92,-0.16
07:36:16,"[228.81, 43]","[220.86, 14]","[479.65, 17]","[539.75, 20]",354.23,94,250.83,0.21
07:36:17,"[229.0, 55]","[226.0, 11]","[484.58, 31]","[531.23, 13]",356.79,110,255.58,0.2
07:36:18,"[229.0, 40]","[226.0, 8]","[292.0, 18]","[470.48, 29]",260.5,95,63.0,0.01
07:36:19,"[229.0, 42]","[226.0, 10]","[296.67, 12]","[310.0, 39]",262.83,103,67.67,0.01
07:36:20,"[225.8, 25]","[223.33, 9]","[292.0, 11]","[527.73, 33]",258.9,78,66.2,-0.13
07:36:21,"[225.05, 37]","[222.94, 17]","[478.42, 33]","[517.08, 12]",351.74,99,253.37,0.09
07:36:22,"[225.65, 20]","[224.22, 77]","[278.98, 57]","[303.46, 28]",252.32,182,53.33,0.07
07:36:23,"[219.85, 41]","[213.94, 17]","[227.94, 35]","[363.71, 28]",223.9,121,8.09,-0.04
07:36:24,"[222.0, 27]","[209.89, 9]","[226.4, 15]","[227.86, 21]",224.2,72,4.4,0.0
07:36:25,"[222.22, 23]","[220.34, 29]","[225.11, 27]","[240.14, 28]",223.66,107,2.89,-0.03
07:36:26,"[217.63, 19]","[143.12, 49]","[225.0, 33]","[409.33, 42]",221.32,143,7.37,-0.05
07:36:27,"[221.0, 36]","[215.33, 9]","[225.0, 27]","[410.12, 32]",223.0,104,4.0,-0.13
07:36:28,"[221.0, 52]","[210.86, 21]","[224.15, 39]","[336.27, 45]",222.58,157,3.15,-0.07
07:36:29,"[221.0, 10]","[212.14, 35]","[222.0, 30]","[521.44, 27]",221.5,102,1.0,-0.12
07:36:30,"[221.0, 8]","[216.0, 32]","[222.0, 24]","[281.88, 25]",221.5,89,1.0,-0.1
07:36:31,"[221.0, 10]","[216.0, 40]","[222.0, 38]","[295.14, 29]",221.5,117,1.0,-0.15
07:36:32,"[222.51, 41]","[216.83, 35]","[266.91, 22]","[368.11, 27]",244.71,125,44.4,0.22
07:36:33,"[224.71, 49]","[223.0, 66]","[227.0, 7]","[329.0, 9]",225.86,131,2.29,0.76
07:36:34,"[225.0, 77]","[223.0, 99]","[227.0, 11]","[252.9, 40]",226.0,227,2.0,0.55
07:36:35,"[225.36, 55]","[223.88, 80]","[227.0, 10]","[312.55, 33]",226.18,178,1.64,0.52
07:36:36,"[225.34, 32]","[223.71, 98]","[227.0, 12]","[364.67, 39]",226.17,181,1.66,0.44
07:36:37,"[225.0, 30]","[223.0, 90]","[226.64, 14]","[431.71, 17]",225.82,151,1.64,0.59
07:36:38,"[223.0, 99]","[221.0, 11]","[225.45, 55]","[227.0, 11]",224.23,176,2.45,0.25
07:36:39,"[222.76, 49]","[220.19, 37]","[224.37, 41]","[292.38, 21]",223.56,148,1.61,0.16
07:36:40,"[224.0, 14]","[220.11, 38]","[349.75, 16]","[423.5, 22]",286.88,90,125.75,0.16
07:36:41,"[229.0, 55]","[222.18, 11]","[470.39, 28]","[487.6, 30]",349.7,124,241.39,0.06
07:36:42,"[229.0, 35]","[223.0, 10]","[277.96, 23]","[489.64, 14]",253.48,82,48.96,0.1
07:36:43,"[223.29, 7]","[220.12, 26]","[446.56, 9]","[588.56, 16]",334.92,58,223.27,0.14
07:36:44,"[221.57, 21]","[220.04, 47]","[444.12, 32]","[445.85, 26]",332.85,126,222.55,0.08
07:36:45,"[222.34, 64]","[221.0, 11]","[392.82, 44]","[443.2, 20]",307.58,139,170.47,0.08
07:36:46,"[223.0, 104]","[221.0, 17]","[325.32, 69]","[439.75, 64]",274.16,254,102.32,-0.05
07:36:47,"[224.5, 72]","[223.0, 60]","[409.91, 22]","[426.72, 29]",317.2,183,185.41,0.44
07:36:48,"[225.0, 132]","[223.0, 110]","[241.13, 15]","[241.64, 33]",233.07,290,16.13,0.67
07:36:49,"[225.6, 120]","[223.0, 100]","[231.3, 10]","[233.0, 50]",228.45,280,5.7,0.57
07:36:50,"[226.92, 144]","[223.0, 120]","[229.19, 36]","[232.14, 28]",228.06,328,2.28,0.61
07:36:51,"[225.57, 112]","[222.75, 80]","[228.73, 22]","[230.36, 44]",227.15,258,3.16,0.49
07:36:52,"[223.0, 30]","[222.0, 30]","[228.5, 24]","[232.0, 30]",225.75,114,5.5,0.05
07:36:53,"[224.82, 121]","[223.0, 55]","[227.09, 44]","[232.0, 55]",225.95,275,2.27,0.28
07:36:54,"[224.61, 108]","[222.65, 40]","[230.87, 71]","[350.52, 42]",227.74,261,6.26,0.13
07:36:55,"[224.7, 71]","[223.0, 30]","[232.0, 75]","[461.0, 30]",228.35,206,7.3,-0.02
07:36:56,"[223.54, 13]","[222.79, 19]","[232.0, 50]","[493.07, 29]",227.77,111,8.46,-0.42
07:36:57,"[220.0, 28]","[219.0, 7]","[231.91, 33]","[481.43, 35]",225.95,103,11.91,-0.32
07:36:58,"[220.0, 36]","[219.0, 9]","[229.15, 41]","[231.17, 29]",224.57,115,9.15,-0.22
07:36:59,"[220.5, 48]","[219.21, 39]","[228.77, 39]","[230.54, 39]",224.63,165,8.27,0.05
07:37:00,"[226.0, 30]","[220.0, 60]","[227.8, 45]","[229.0, 45]",226.9,180,1.8,0.0
07:37:01,"[225.8, 20]","[221.67, 30]","[227.0, 30]","[230.8, 30]",226.4,110,1.2,-0.09
07:37:02,"[222.5, 16]","[219.8, 20]","[227.0, 24]","[232.0, 24]",224.75,84,4.5,-0.14
07:37:03,"[219.64, 22]","[218.15, 47]","[225.68, 53]","[230.4, 45]",222.66,167,6.04,-0.17
07:37:04,"[218.73, 11]","[217.71, 49]","[220.77, 39]","[222.65, 37]",219.75,136,2.04,-0.12
07:37:05,"[218.67, 27]","[214.36, 33]","[220.95, 57]","[227.53, 45]",219.81,162,2.28,-0.26
07:37:06,"[220.0, 24]","[216.0, 14]","[221.85, 39]","[229.07, 42]",220.92,119,1.85,-0.36
07:37:07,"[220.0, 13]","[216.0, 7]","[223.0, 21]","[231.0, 21]",221.5,62,3.0,-0.35
07:37:08,"[220.0, 22]","[215.23, 35]","[223.0, 33]","[231.0, 33]",221.5,123,3.0,-0.07
07:37:09,"[220.0, 6]","[215.0, 27]","[223.0, 9]","[231.0, 9]",221.5,51,3.0,0.29
07:37:10,"[220.41, 17]","[216.03, 37]","[223.0, 33]","[231.0, 35]",221.71,122,2.59,-0.11
07:37:11,"[214.7, 53]","[214.46, 13]","[222.14, 37]","[229.93, 45]",218.42,148,7.44,-0.11
07:37:12,"[214.0, 54]","[211.0, 9]","[215.8, 20]","[224.0, 27]",214.9,110,1.8,0.15
07:37:13,"[214.0, 74]","[210.09, 44]","[223.11, 37]","[229.84, 37]",218.55,192,9.11,0.23
07:37:14,"[214.4, 20]","[210.16, 50]","[224.02, 44]","[236.48, 27]",219.21,141,9.62,-0.01
07:37:15,"[215.0, 48]","[214.0, 12]","[222.0, 24]","[229.67, 36]",218.5,120,7.0,0.0
07:37:16,"[215.0, 44]","[214.0, 11]","[226.44, 27]","[268.92, 25]",220.72,107,11.44,0.03
07:37:17,"[215.35, 34]","[214.36, 11]","[245.32, 25]","[402.33, 12]",230.34,82,29.97,0.1
07:37:18,"[217.65, 62]","[216.41, 68]","[227.0, 65]","[311.64, 14]",222.32,209,9.35,0.24
07:37:19,"[219.71, 34]","[218.7, 60]","[227.0, 80]","[529.11, 19]",223.35,193,7.29,-0.03
07:37:20,"[219.59, 37]","[217.83, 24]","[223.44, 41]","[284.92, 65]",221.52,167,3.84,-0.27
07:37:21,"[223.0, 77]","[219.0, 88]","[225.0, 55]","[350.8, 35]",224.0,255,2.0,0.29
07:37:22,"[223.0, 84]","[219.0, 96]","[225.0, 60]","[226.0, 24]",224.0,264,2.0,0.36
07:37:23,"[223.0, 52]","[219.0, 64]","[224.9, 39]","[225.74, 19]",223.95,174,1.9,0.33
07:37:24,"[223.36, 67]","[220.33, 81]","[224.77, 71]","[225.52, 42]",224.07,261,1.42,0.13
07:37:25,"[223.31, 51]","[222.22, 54]","[225.29, 28]","[246.86, 21]",224.3,154,1.97,0.36
07:37:26,"[223.52, 96]","[221.5, 56]","[227.33, 72]","[271.03, 30]",225.43,254,3.81,0.2
07:37:27,"[224.0, 63]","[223.0, 45]","[227.0, 55]","[494.0, 18]",225.5,181,3.0,0.19
07:37:28,"[224.06, 68]","[223.22, 64]","[227.0, 84]","[603.33, 18]",225.53,234,2.94,0.13
07:37:29,"[223.22, 41]","[221.51, 43]","[227.0, 98]","[232.57, 14]",225.11,196,3.78,-0.14
07:37:30,"[221.58, 48]","[220.0, 24]","[227.0, 84]","[232.0, 12]",224.29,168,5.42,-0.14
07:37:31,"[222.6, 40]","[220.0, 20]","[227.0, 70]","[232.0, 10]",224.8,140,4.4,-0.14
07:37:32,"[224.0, 32]","[220.0, 16]","[227.0, 56]","[232.0, 8]",225.5,112,3.0,-0.14
07:37:33,"[224.62, 26]","[219.64, 22]","[226.94, 67]","[228.96, 23]",225.78,138,2.32,-0.3
07:37:34,"[220.0, 24]","[216.0, 24]","[225.25, 24]","[227.0, 79]",222.62,151,5.25,-0.36
07:37:35,"[220.0, 26]","[216.0, 26]","[223.08, 26]","[224.23, 26]",221.54,104,3.08,0.0
07:37:36,"[217.54, 26]","[215.11, 18]","[221.69, 26]","[227.98, 61]",219.62,131,4.15,-0.33
07:37:37,"[216.0, 28]","[213.38, 26]","[221.0, 28]","[227.17, 82]",218.5,164,5.0,-0.34
07:37:38,"[215.0, 32]","[213.67, 48]","[221.0, 24]","[226.0, 60]",218.0,164,6.0,-0.02
07:37:39,"[214.0, 52]","[213.0, 52]","[220.82, 33]","[225.24, 51]",217.41,188,6.82,0.11
07:37:40,"[223.0, 122]","[215.67, 24]","[226.32, 56]","[229.06, 32]",224.66,234,3.32,0.25
07:37:41,"[215.83, 87]","[213.0, 32]","[227.36, 33]","[230.0, 11]",221.6,163,11.54,0.46
07:37:42,"[213.81, 27]","[212.96, 94]","[227.0, 21]","[230.0, 7]",220.41,149,13.19,0.62
07:37:43,"[218.18, 157]","[215.91, 138]","[227.0, 39]","[230.0, 13]",222.59,347,8.82,0.7
07:37:44,"[224.36, 66]","[223.84, 129]","[227.0, 27]","[230.0, 9]",225.68,231,2.64,0.69
07:37:45,"[226.65, 46]","[223.81, 104]","[228.0, 18]","[615.71, 28]",227.33,196,1.35,0.53
07:37:46,"[227.0, 165]","[226.0, 22]","[230.0, 11]","[393.8, 20]",228.5,218,3.0,0.72
07:37:47,"[227.0, 130]","[226.0, 24]","[230.0, 12]","[365.0, 48]",228.5,214,3.0,0.44
07:37:48,"[227.93, 135]","[226.0, 30]","[344.0, 15]","[468.94, 33]",285.96,213,116.07,0.55
07:37:49,"[228.0, 59]","[226.0, 26]","[390.0, 13]","[551.95, 19]",309.0,117,162.0,0.45
07:37:50,"[228.0, 20]","[226.0, 20]","[427.1, 10]","[455.8, 10]",327.55,60,199.1,0.33
07:37:51,"[228.0, 18]","[226.0, 18]","[230.0, 36]","[450.33, 15]",229.0,87,2.0,-0.17
07:37:52,"[228.0, 16]","[226.0, 16]","[229.77, 26]","[344.76, 29]",228.88,87,1.77,-0.26
07:37:53,"[226.22, 18]","[225.11, 18]","[228.0, 18]","[229.77, 26]",227.11,80,1.78,-0.1
07:37:54,"[225.0, 30]","[223.0, 165]","[226.6, 30]","[232.67, 60]",225.8,285,1.6,0.37
07:37:55,"[223.17, 92]","[221.93, 60]","[225.81, 21]","[231.14, 42]",224.49,215,2.64,0.41
07:37:56,"[223.0, 153]","[219.0, 32]","[225.44, 32]","[234.06, 64]",224.22,281,2.44,0.32
07:37:57,"[223.0, 88]","[219.0, 24]","[225.0, 24]","[235.0, 48]",224.0,184,2.0,0.22
07:37:58,"[223.0, 39]","[219.0, 30]","[224.32, 31]","[233.97, 58]",223.66,158,1.32,-0.13
07:37:59,"[220.2, 20]","[218.46, 13]","[231.76, 34]","[324.32, 19]",225.98,86,11.56,-0.23
07:38:00,"[220.27, 22]","[218.95, 20]","[230.62, 34]","[263.12, 42]",225.45,118,10.34,-0.29
07:38:01,"[219.57, 14]","[218.25, 16]","[230.0, 28]","[250.09, 22]",224.79,80,10.43,-0.25
07:38:02,"[218.06, 54]","[216.34, 41]","[231.0, 44]","[669.47, 17]",224.53,156,12.94,0.22
07:38:03,"[219.0, 33]","[218.0, 88]","[231.0, 44]","[447.59, 39]",225.0,204,12.0,0.19
07:38:04,"[219.0, 25]","[218.0, 72]","[231.0, 36]","[660.0, 36]",225.0,169,12.0,0.15
07:38:05,"[219.0, 19]","[218.0, 64]","[231.0, 32]","[660.0, 32]",225.0,147,12.0,0.13
07:38:06,"[219.73, 22]","[218.14, 28]","[231.0, 20]","[273.0, 15]",225.36,85,11.27,0.18
07:38:07,"[224.15, 26]","[219.68, 62]","[231.0, 40]","[271.4, 30]",227.58,158,6.85,0.11
07:38:08,"[226.0, 16]","[222.0, 16]","[231.0, 32]","[278.38, 24]",228.5,88,5.0,-0.27
07:38:09,"[227.75, 36]","[226.0, 24]","[230.43, 42]","[273.43, 42]",229.09,144,2.68,-0.17
07:38:10,"[228.0, 27]","[226.0, 18]","[229.0, 27]","[233.0, 36]",228.5,108,1.0,-0.17
07:38:11,"[227.6, 30]","[225.73, 22]","[230.33, 36]","[272.29, 41]",228.97,129,2.73,-0.19
07:38:12,"[226.0, 12]","[225.0, 12]","[232.0, 18]","[233.0, 24]",229.0,66,6.0,-0.27
07:38:13,"[226.0, 20]","[225.0, 20]","[231.6, 30]","[233.0, 40]",228.8,110,5.6,-0.27
07:38:14,"[226.0, 30]","[225.0, 30]","[230.53, 45]","[233.0, 60]",228.27,165,4.53,-0.27
07:38:15,"[225.33, 24]","[223.0, 24]","[229.0, 36]","[261.29, 28]",227.17,112,3.67,-0.14
07:38:16,"[223.2, 20]","[220.15, 104]","[228.12, 48]","[233.88, 64]",225.66,236,4.93,0.05
07:38:17,"[220.13, 30]","[219.67, 24]","[226.5, 18]","[233.0, 24]",223.32,96,6.37,0.12
07:38:18,"[220.03, 62]","[219.23, 26]","[225.18, 33]","[233.0, 44]",222.61,165,5.15,0.07
07:38:19,"[221.46, 26]","[220.0, 78]","[224.85, 39]","[229.82, 22]",223.15,165,3.38,0.26
07:38:20,"[222.0, 24]","[220.0, 83]","[224.0, 36]","[226.0, 12]",223.0,155,2.0,0.38
07:38:21,"[220.76, 34]","[219.84, 75]","[223.36, 47]","[224.5, 24]",222.06,180,2.6,0.21
07:38:22,"[219.66, 83]","[217.46, 82]","[221.16, 43]","[222.89, 27]",220.41,235,1.5,0.4
07:38:23,"[219.0, 9]","[216.0, 36]","[225.53, 17]","[272.44, 9]",222.26,71,6.53,0.27
07:38:24,"[228.42, 52]","[216.84, 25]","[231.0, 40]","[374.7, 20]",229.71,137,2.58,0.12
07:38:25,"[229.0, 41]","[219.0, 8]","[231.0, 32]","[352.0, 24]",230.0,105,2.0,-0.07
07:38:26,"[229.0, 10]","[219.0, 5]","[231.0, 20]","[352.0, 15]",230.0,50,2.0,-0.4
07:38:27,"[226.75, 8]","[219.4, 5]","[231.0, 20]","[352.0, 15]",228.88,48,4.25,-0.46
07:38:28,"[220.0, 8]","[219.0, 8]","[231.0, 32]","[420.12, 24]",225.5,72,11.0,-0.56
07:38:29,"[220.0, 8]","[219.0, 8]","[231.0, 32]","[456.33, 18]",225.5,66,11.0,-0.52
07:38:30,"[218.29, 21]","[214.62, 24]","[229.08, 48]","[250.45, 44]",223.68,137,10.8,-0.34
07:38:31,"[218.4, 30]","[215.53, 60]","[226.93, 60]","[229.73, 60]",222.67,210,8.53,-0.14
07:38:32,"[221.0, 56]","[219.38, 64]","[226.0, 48]","[229.0, 48]",223.5,216,5.0,0.11
07:38:33,"[224.53, 47]","[222.06, 36]","[226.33, 36]","[235.64, 33]",225.43,152,1.8,0.09
07:38:34,"[225.0, 60]","[224.0, 26]","[228.86, 37]","[367.07, 43]",226.93,166,3.86,0.04
07:38:35,"[226.0, 22]","[225.0, 44]","[227.36, 11]","[229.0, 44]",226.68,121,1.36,0.09
07:38:36,"[225.42, 31]","[224.55, 44]","[227.0, 12]","[229.33, 48]",226.21,135,1.58,0.11
07:38:37,"[223.0, 19]","[220.0, 10]","[227.0, 5]","[233.0, 20]",225.0,54,4.0,0.07
07:38:38,"[223.0, 20]","[220.0, 8]","[227.0, 4]","[233.0, 16]",225.0,48,4.0,0.17
07:38:39,"[223.0, 25]","[220.0, 10]","[227.0, 5]","[233.0, 20]",225.0,60,4.0,0.17
07:38:40,"[223.0, 30]","[220.0, 12]","[226.0, 6]","[525.5, 24]",224.5,72,3.0,0.17
07:38:41,"[223.0, 53]","[220.0, 22]","[225.55, 11]","[305.51, 49]",224.27,135,2.55,0.11
07:38:42,"[220.36, 25]","[219.04, 48]","[224.0, 12]","[232.0, 60]",222.18,145,3.64,0.01
07:38:43,"[219.79, 38]","[218.68, 50]","[224.0, 12]","[232.0, 60]",221.89,160,4.21,0.1
07:38:44,"[222.22, 23]","[219.26, 35]","[224.0, 11]","[232.0, 55]",223.11,124,1.78,-0.06
07:38:45,"[223.0, 12]","[219.0, 24]","[224.0, 12]","[232.0, 60]",223.5,108,1.0,-0.33
07:38:46,"[224.75, 61]","[218.35, 23]","[231.21, 43]","[278.21, 56]",227.98,183,6.46,-0.08
07:38:47,"[227.36, 64]","[224.44, 45]","[231.86, 29]","[242.38, 48]",229.61,186,4.5,0.17
07:38:48,"[229.0, 65]","[226.0, 91]","[232.46, 65]","[235.15, 65]",230.73,286,3.46,0.09
07:38:49,"[229.0, 58]","[226.0, 84]","[230.53, 32]","[232.48, 44]",229.77,218,1.53,0.3
07:38:50,"[229.0, 21]","[226.0, 70]","[230.0, 50]","[233.14, 14]",229.5,155,1.0,0.17
07:38:51,"[226.04, 67]","[225.06, 117]","[228.92, 60]","[237.0, 60]",227.48,304,2.87,0.21
07:38:52,"[226.0, 48]","[225.0, 130]","[227.77, 65]","[237.0, 65]",226.88,308,1.77,0.16
07:38:53,"[226.0, 27]","[225.0, 90]","[227.0, 45]","[237.0, 45]",226.5,207,1.0,0.13
07:38:54,"[225.51, 41]","[224.73, 74]","[229.22, 45]","[237.29, 41]",227.37,201,3.71,0.14
07:38:55,"[225.0, 54]","[220.0, 14]","[236.77, 26]","[237.89, 27]",230.88,121,11.77,0.12
07:38:56,"[225.0, 78]","[220.0, 26]","[235.38, 26]","[237.0, 65]",230.19,195,10.38,0.07
07:38:57,"[225.0, 54]","[221.29, 21]","[234.0, 18]","[236.35, 37]",229.5,130,9.0,0.15
07:38:58,"[225.0, 28]","[223.0, 24]","[234.0, 16]","[235.0, 24]",229.5,92,9.0,0.13
07:38:59,"[225.0, 10]","[223.0, 30]","[234.0, 20]","[235.0, 30]",229.5,90,9.0,-0.11
07:39:00,"[225.0, 12]","[223.0, 36]","[233.75, 24]","[235.0, 36]",229.38,108,8.75,-0.11
07:39:01,"[224.12, 32]","[221.85, 26]","[233.0, 60]","[240.2, 45]",228.56,163,8.88,-0.29
07:39:02,"[226.48, 62]","[224.57, 46]","[232.89, 76]","[238.17, 65]",229.69,249,6.41,-0.13
07:39:03,"[229.0, 39]","[226.0, 52]","[230.15, 26]","[236.08, 39]",229.58,156,1.15,0.17
07:39:04,"[229.0, 36]","[226.0, 68]","[230.0, 34]","[237.0, 51]",229.5,189,1.0,0.1
07:39:05,"[226.25, 48]","[223.8, 30]","[236.24, 37]","[237.88, 50]",231.25,165,9.99,-0.05
07:39:06,"[226.3, 40]","[223.54, 13]","[237.0, 30]","[238.0, 40]",231.65,123,10.7,-0.14
07:39:07,"[227.0, 36]","[223.0, 18]","[237.0, 27]","[238.0, 36]",232.0,117,10.0,-0.08
07:39:08,"[228.0, 64]","[223.0, 34]","[235.27, 60]","[237.19, 52]",231.63,210,7.27,-0.07
07:39:09,"[228.0, 28]","[223.55, 22]","[233.5, 40]","[234.86, 35]",230.75,125,5.5,-0.2
07:39:10,"[228.0, 11]","[225.0, 11]","[231.64, 44]","[232.64, 44]",229.82,110,3.64,-0.6
07:39:11,"[228.0, 9]","[225.0, 9]","[229.89, 36]","[232.0, 36]",228.94,90,1.89,-0.6
07:39:12,"[226.2, 15]","[223.24, 51]","[228.54, 52]","[230.58, 59]",227.37,177,2.34,-0.25
07:39:13,"[225.0, 16]","[223.0, 80]","[227.88, 48]","[229.0, 64]",226.44,208,2.88,-0.08
07:39:14,"[223.15, 26]","[220.75, 40]","[226.84, 25]","[228.81, 31]",225.0,122,3.69,0.08
07:39:15,"[222.02, 46]","[219.62, 72]","[225.21, 34]","[228.02, 41]",223.61,193,3.18,0.22
07:39:16,"[220.0, 70]","[219.0, 126]","[223.4, 40]","[225.74, 43]",221.7,279,3.4,0.41
07:39:17,"[220.0, 54]","[219.0, 126]","[221.44, 36]","[224.27, 44]",220.72,260,1.44,0.38
07:39:18,"[219.03, 66]","[215.42, 170]","[227.2, 20]","[229.5, 20]",223.12,276,8.17,0.71
07:39:19,"[221.77, 22]","[217.48, 44]","[228.0, 10]","[229.0, 10]",224.89,86,6.23,0.53
07:39:20,"[224.0, 48]","[222.0, 12]","[227.08, 12]","[229.0, 12]",225.54,84,3.08,0.43
07:39:21,"[224.84, 62]","[222.0, 12]","[228.67, 12]","[229.98, 45]",226.75,131,3.83,0.13
07:39:22,"[225.7, 47]","[224.7, 50]","[228.4, 20]","[229.64, 50]",227.05,167,2.7,0.16
07:39:23,"[224.67, 45]","[221.2, 15]","[227.0, 42]","[228.76, 51]",225.83,153,2.33,-0.22
07:39:24,"[222.0, 10]","[220.0, 10]","[226.9, 20]","[230.0, 40]",224.45,80,4.9,-0.5
07:39:25,"[222.38, 21]","[220.27, 15]","[226.0, 30]","[230.0, 60]",224.19,126,3.62,-0.43
07:39:26,"[221.71, 14]","[219.33, 18]","[223.71, 28]","[226.41, 34]",222.71,94,2.0,-0.32
07:39:27,"[218.14, 29]","[215.1, 177]","[221.19, 21]","[228.77, 39]",219.66,266,3.05,0.55
07:39:28,"[218.0, 36]","[215.0, 228]","[219.29, 21]","[231.25, 12]",218.64,297,1.29,0.78
07:39:29,"[218.0, 21]","[215.0, 171]","[227.67, 9]","[578.67, 27]",222.83,228,9.67,0.68
07:39:30,"[218.0, 14]","[215.0, 133]","[219.0, 14]","[232.71, 7]",218.5,168,1.0,0.75
07:39:31,"[215.0, 266]","[167.86, 28]","[218.4, 30]","[228.84, 25]",216.7,349,3.4,0.68
07:39:32,"[215.0, 114]","[155.88, 17]","[219.0, 12]","[229.0, 24]",217.0,167,4.0,0.57
07:39:33,"[215.13, 142]","[199.34, 74]","[219.0, 20]","[226.43, 28]",217.06,264,3.87,0.64
07:39:34,"[218.0, 75]","[215.55, 121]","[219.0, 30]","[227.8, 50]",218.5,276,1.0,0.42
07:39:35,"[218.0, 30]","[215.0, 94]","[219.0, 12]","[229.0, 24]",218.5,160,1.0,0.55
07:39:36,"[215.78, 27]","[213.71, 59]","[229.0, 36]","[233.0, 9]",222.39,131,13.22,0.31
07:39:37,"[216.65, 51]","[215.79, 101]","[228.88, 68]","[231.78, 23]",222.76,243,12.24,0.25
07:39:38,"[218.29, 62]","[216.21, 132]","[227.07, 56]","[230.0, 56]",222.68,306,8.78,0.27
07:39:39,"[220.79, 38]","[219.53, 64]","[226.0, 70]","[229.43, 28]",223.39,200,5.21,0.02
07:39:40,"[219.43, 63]","[216.63, 75]","[225.04, 50]","[226.82, 17]",222.23,205,5.61,0.35
07:39:41,"[219.0, 84]","[216.0, 112]","[223.53, 53]","[228.52, 62]",221.26,311,4.53,0.26
07:39:42,"[219.0, 60]","[216.0, 88]","[222.73, 33]","[229.01, 71]",220.86,252,3.73,0.17
07:39:43,"[219.0, 27]","[216.0, 72]","[227.0, 32]","[256.39, 31]",223.0,162,8.0,0.22
07:39:44,"[219.0, 36]","[216.0, 96]","[230.0, 48]","[231.0, 24]",224.5,204,11.0,0.29
07:39:45,"[222.53, 36]","[217.84, 58]","[228.0, 60]","[228.93, 56]",225.26,210,5.47,-0.1
07:39:46,"[223.8, 15]","[223.46, 39]","[226.38, 52]","[228.0, 52]",225.09,158,2.58,-0.32
07:39:47,"[219.0, 27]","[217.0, 27]","[225.89, 36]","[228.0, 36]",222.44,126,6.89,-0.14
07:39:48,"[219.0, 18]","[217.45, 22]","[224.0, 24]","[228.0, 34]",221.5,98,5.0,-0.18
07:39:49,"[219.0, 33]","[218.0, 55]","[221.91, 44]","[224.8, 50]",220.45,182,2.91,-0.03
07:39:50,"[218.78, 23]","[217.91, 33]","[220.14, 28]","[223.23, 26]",219.46,110,1.36,0.02
07:39:51,"[218.0, 41]","[217.0, 27]","[219.29, 42]","[221.2, 30]",218.64,140,1.29,-0.03
07:39:52,"[217.73, 22]","[214.86, 42]","[219.0, 30]","[221.0, 20]",218.36,114,1.27,0.12
07:39:53,"[217.0, 22]","[214.0, 90]","[219.0, 30]","[225.0, 12]",218.0,154,2.0,0.45
07:39:54,"[217.0, 55]","[214.0, 135]","[219.17, 41]","[250.48, 21]",218.09,252,2.17,0.51
07:39:55,"[217.0, 70]","[214.0, 210]","[226.0, 14]","[321.07, 57]",221.5,351,9.0,0.6
07:39:56,"[217.0, 30]","[214.0, 90]","[226.0, 6]","[356.53, 15]",221.5,141,9.0,0.7
07:39:57,"[217.0, 40]","[214.0, 120]","[226.0, 8]","[405.3, 20]",221.5,188,9.0,0.7
07:39:58,"[218.33, 36]","[217.0, 82]","[226.0, 12]","[456.47, 43]",222.17,173,7.67,0.36
07:39:59,"[218.31, 35]","[215.57, 70]","[226.0, 12]","[445.78, 54]",222.16,171,7.69,0.23
07:40:00,"[214.2, 75]","[212.99, 213]","[219.55, 29]","[332.22, 36]",216.88,353,5.35,0.63
07:40:01,"[213.67, 81]","[212.86, 98]","[223.92, 12]","[480.62, 26]",218.79,217,10.25,0.65
07:40:02,"[211.14, 241]","[211.75, 61]","[213.85, 39]","[224.12, 17]",212.49,358,2.71,0.69
07:40:03,"[211.0, 102]","[210.0, 6]","[212.0, 18]","[214.0, 6]",211.5,132,1.0,0.64
07:40:04,"[211.02, 197]","[210.57, 28]","[212.92, 37]","[219.0, 13]",211.97,275,1.9,0.64
07:40:05,"[211.06, 216]","[210.71, 45]","[276.88, 42]","[320.82, 45]",243.97,348,65.83,0.5
07:40:06,"[211.0, 104]","[210.0, 10]","[223.43, 35]","[271.66, 44]",217.21,193,12.43,0.18
07:40:07,"[210.18, 11]","[208.11, 19]","[219.9, 50]","[224.0, 70]",215.04,150,9.72,-0.6
07:40:08,"[213.2, 25]","[208.67, 15]","[218.7, 50]","[223.2, 20]",215.95,110,5.5,-0.27
07:40:09,"[214.75, 32]","[213.31, 29]","[218.0, 55]","[223.91, 22]",216.38,138,3.25,-0.12
07:40:10,"[213.57, 28]","[213.05, 21]","[216.97, 35]","[222.2, 20]",215.27,104,3.4,-0.06
07:40:11,"[211.0, 52]","[209.02, 46]","[212.0, 39]","[218.0, 39]",211.5,176,1.0,0.11
07:40:12,"[211.0, 44]","[209.0, 55]","[212.0, 73]","[216.55, 33]",211.5,205,1.0,-0.03
07:40:13,"[211.0, 24]","[209.0, 30]","[212.0, 41]","[216.0, 18]",211.5,113,1.0,-0.04
07:40:14,"[211.0, 28]","[209.0, 35]","[212.0, 42]","[216.0, 26]",211.5,131,1.0,-0.04
07:40:15,"[209.7, 46]","[208.54, 26]","[211.89, 35]","[214.82, 68]",210.79,175,2.19,-0.18
07:40:16,"[209.0, 75]","[206.74, 27]","[212.0, 38]","[215.59, 54]",210.5,194,3.0,0.05
07:40:17,"[209.0, 30]","[207.0, 12]","[212.5, 12]","[215.44, 18]",210.75,72,3.5,0.17
07:40:18,"[209.0, 30]","[207.0, 12]","[215.8, 30]","[216.39, 33]",212.4,105,6.8,-0.2
07:40:19,"[209.0, 45]","[207.0, 18]","[215.98, 65]","[217.33, 24]",212.49,152,6.98,-0.17
07:40:20,"[209.0, 40]","[207.0, 16]","[215.0, 8]","[216.0, 64]",212.0,128,6.0,-0.12
07:40:21,"[209.0, 60]","[207.0, 24]","[213.17, 24]","[215.84, 61]",211.08,169,4.17,-0.01
07:40:22,"[209.29, 49]","[207.83, 24]","[211.0, 27]","[214.0, 9]",210.14,109,1.71,0.34
07:40:23,"[209.88, 73]","[208.27, 44]","[212.2, 20]","[215.88, 68]",211.04,205,2.32,0.14
07:40:24,"[211.5, 52]","[208.51, 57]","[215.48, 52]","[216.22, 83]",213.49,244,3.98,-0.11
07:40:25,"[208.53, 17]","[206.12, 32]","[216.0, 56]","[218.0, 14]",212.26,119,7.47,-0.18
07:40:26,"[211.38, 48]","[209.92, 50]","[216.0, 118]","[218.0, 32]",213.69,248,4.62,-0.21
07:40:27,"[212.3, 30]","[211.3, 30]","[216.0, 70]","[218.0, 20]",214.15,150,3.7,-0.2
07:40:28,"[213.39, 28]","[212.0, 30]","[216.0, 70]","[218.0, 20]",214.7,148,2.61,-0.22
07:40:29,"[215.0, 10]","[206.0, 90]","[216.0, 40]","[218.0, 20]",215.5,160,1.0,0.25
07:40:30,"[206.0, 63]","[203.0, 42]","[216.0, 21]","[218.0, 14]",211.0,140,10.0,0.5
07:40:31,"[206.25, 48]","[203.89, 74]","[216.0, 30]","[218.0, 20]",211.12,172,9.75,0.42
07:40:32,"[207.0, 26]","[206.0, 169]","[212.61, 59]","[216.33, 36]",209.81,290,5.61,0.34
07:40:33,"[207.0, 20]","[206.0, 130]","[212.0, 50]","[216.0, 30]",209.5,230,5.0,0.3
07:40:34,"[207.0, 18]","[206.0, 117]","[212.0, 45]","[216.0, 27]",209.5,207,5.0,0.3
07:40:35,"[207.0, 20]","[206.0, 130]","[212.0, 18]","[216.0, 30]",209.5,198,5.0,0.52
07:40:36,"[207.0, 39]","[206.0, 91]","[212.0, 7]","[216.0, 21]",209.5,158,5.0,0.65
07:40:37,"[207.0, 42]","[206.0, 78]","[212.0, 6]","[216.0, 18]",209.5,144,5.0,0.67
07:40:38,"[207.0, 70]","[206.0, 130]","[215.69, 26]","[216.92, 78]",211.35,304,8.69,0.32
07:40:39,"[207.0, 92]","[206.0, 182]","[216.0, 42]","[217.0, 106]",211.5,422,9.0,0.3
07:40:40,"[208.3, 76]","[206.35, 88]","[216.87, 114]","[217.49, 89]",212.59,367,8.57,-0.11
07:40:41,"[209.64, 70]","[209.3, 30]","[217.0, 139]","[218.0, 60]",213.32,299,7.36,-0.33
07:40:42,"[214.42, 84]","[212.37, 19]","[216.45, 131]","[217.27, 131]",215.43,365,2.03,-0.44
07:40:43,"[214.3, 37]","[208.69, 55]","[216.69, 39]","[217.51, 70]",215.49,201,2.4,-0.08
07:40:44,"[216.02, 65]","[213.31, 52]","[220.74, 54]","[221.86, 74]",218.38,245,4.73,-0.04
07:40:45,"[218.4, 60]","[216.4, 90]","[222.59, 59]","[223.93, 75]",220.5,284,4.19,0.06
07:40:46,"[219.36, 58]","[217.75, 96]","[223.0, 68]","[225.0, 100]",221.18,322,3.64,-0.04
07:40:47,"[218.0, 84]","[212.0, 42]","[220.42, 52]","[221.67, 27]",219.21,205,2.42,0.23
07:40:48,"[218.0, 60]","[211.8, 30]","[223.0, 10]","[225.41, 34]",220.5,134,5.0,0.34
07:40:49,"[218.0, 54]","[214.73, 111]","[226.46, 13]","[234.23, 26]",222.23,204,8.46,0.62
07:40:50,"[218.5, 42]","[216.22, 54]","[232.0, 55]","[304.5, 40]",225.25,191,13.5,0.01
07:40:51,"[216.88, 59]","[209.43, 69]","[224.55, 29]","[235.26, 62]",220.72,219,7.67,0.17
07:40:52,"[212.0, 33]","[209.0, 143]","[223.0, 22]","[232.0, 55]",217.5,253,11.0,0.39
07:40:53,"[216.0, 30]","[210.19, 96]","[223.0, 24]","[232.0, 60]",219.5,210,7.0,0.2
07:40:54,"[222.0, 20]","[214.0, 30]","[223.0, 20]","[232.0, 50]",222.5,120,1.0,-0.17
07:40:55,"[222.0, 26]","[214.0, 39]","[223.0, 26]","[232.0, 65]",222.5,156,1.0,-0.17
07:40:56,"[222.0, 20]","[214.0, 30]","[223.0, 20]","[232.0, 50]",222.5,120,1.0,-0.17
07:40:57,"[215.14, 28]","[213.16, 38]","[222.69, 13]","[231.57, 42]",218.92,121,7.55,0.09
07:40:58,"[214.0, 30]","[213.0, 40]","[217.28, 29]","[221.31, 16]",215.64,115,3.28,0.22
07:40:59,"[215.63, 110]","[214.02, 51]","[255.38, 52]","[323.44, 34]",235.51,247,39.76,0.3
07:41:00,"[217.58, 48]","[215.83, 143]","[226.53, 85]","[379.64, 74]",222.06,350,8.95,0.09
07:41:01,"[216.55, 77]","[214.31, 26]","[225.0, 55]","[228.0, 55]",220.77,213,8.45,-0.03
07:41:02,"[218.43, 110]","[213.86, 70]","[224.42, 112]","[226.08, 97]",221.42,389,5.99,-0.07
07:41:03,"[219.73, 30]","[214.33, 15]","[222.8, 75]","[225.0, 60]",221.27,180,3.07,-0.5
07:41:04,"[217.59, 22]","[212.7, 44]","[221.97, 62]","[224.48, 58]",219.78,186,4.38,-0.29
07:41:05,"[217.95, 21]","[216.53, 15]","[221.15, 54]","[224.67, 48]",219.55,138,3.2,-0.48
07:41:06,"[212.4, 97]","[211.54, 63]","[220.62, 32]","[224.2, 50]",216.51,242,8.22,0.32
07:41:07,"[214.45, 20]","[212.55, 77]","[219.93, 14]","[229.0, 14]",217.19,125,5.48,0.55
07:41:08,"[217.25, 12]","[210.49, 53]","[226.42, 12]","[283.67, 24]",221.83,101,9.17,0.29
07:41:09,"[219.27, 11]","[211.36, 47]","[229.0, 11]","[357.0, 11]",224.14,80,9.73,0.45
07:41:10,"[220.38, 13]","[211.96, 49]","[226.17, 53]","[258.54, 13]",223.28,128,5.79,-0.03
07:41:11,"[221.0, 9]","[215.67, 18]","[226.0, 45]","[229.0, 9]",223.5,81,5.0,-0.33
07:41:12,"[221.0, 10]","[217.0, 40]","[224.79, 19]","[225.62, 21]",222.89,90,3.79,0.11
07:41:13,"[217.8, 35]","[216.6, 35]","[222.0, 21]","[225.65, 34]",219.9,125,4.2,0.12
07:41:14,"[217.03, 29]","[215.73, 11]","[220.1, 10]","[221.82, 11]",218.57,61,3.07,0.31
07:41:15,"[217.57, 7]","[216.05, 19]","[219.25, 8]","[220.46, 13]",218.41,47,1.68,0.11
07:41:16,"[215.0, 13]","[214.0, 52]","[220.75, 24]","[230.29, 45]",217.88,134,5.75,-0.03
07:41:17,"[228.0, 7]","[214.33, 15]","[229.0, 7]","[290.0, 7]",228.5,36,1.0,0.22
07:41:18,"[228.0, 10]","[214.0, 49]","[229.0, 10]","[290.0, 10]",228.5,79,1.0,0.49
07:41:19,"[214.19, 75]","[212.22, 37]","[218.85, 39]","[231.52, 33]",216.52,184,4.66,0.22
07:41:20,"[214.0, 69]","[212.0, 27]","[216.0, 32]","[225.0, 36]",215.0,164,2.0,0.17
07:41:21,"[214.03, 68]","[212.53, 45]","[218.33, 18]","[224.36, 47]",216.18,178,4.3,0.27
07:41:22,"[214.0, 78]","[211.2, 50]","[218.33, 45]","[223.17, 46]",216.17,219,4.33,0.17
07:41:23,"[212.0, 40]","[209.76, 21]","[217.61, 33]","[223.12, 58]",214.8,152,5.61,-0.2
07:41:24,"[210.92, 49]","[209.77, 64]","[212.0, 64]","[219.7, 54]",211.46,231,1.08,-0.02
07:41:25,"[211.0, 33]","[209.21, 53]","[212.0, 11]","[214.0, 22]",211.5,119,1.0,0.45
07:41:26,"[212.81, 31]","[209.66, 62]","[219.87, 61]","[221.61, 62]",216.34,216,7.06,-0.14
07:41:27,"[219.0, 15]","[210.4, 45]","[220.0, 105]","[221.93, 75]",219.5,240,1.0,-0.5
07:41:28,"[210.62, 29]","[208.8, 15]","[219.81, 42]","[220.69, 51]",215.22,137,9.19,-0.36
07:41:29,"[210.0, 27]","[208.0, 9]","[219.17, 36]","[220.88, 40]",214.58,112,9.17,-0.36
07:41:30,"[210.0, 39]","[208.0, 13]","[218.34, 86]","[219.67, 67]",214.17,205,8.34,-0.49
07:41:31,"[210.0, 30]","[208.0, 10]","[218.0, 67]","[219.5, 40]",214.0,147,8.0,-0.46
07:41:32,"[210.0, 24]","[208.0, 8]","[217.24, 37]","[219.66, 59]",213.62,128,7.24,-0.5
07:41:33,"[210.0, 33]","[208.0, 11]","[216.09, 44]","[220.0, 139]",213.05,227,6.09,-0.61
07:41:34,"[210.4, 55]","[208.71, 17]","[215.66, 58]","[219.34, 94]",213.03,224,5.26,-0.36
07:41:35,"[211.33, 165]","[209.73, 37]","[214.27, 60]","[215.83, 46]",212.8,308,2.93,0.31
07:41:36,"[209.35, 98]","[206.36, 28]","[213.94, 64]","[215.84, 49]",211.64,239,4.59,0.05
07:41:37,"[210.17, 54]","[208.04, 55]","[214.0, 45]","[216.0, 36]",212.08,190,3.83,0.15
07:41:38,"[211.89, 126]","[204.0, 39]","[214.0, 54]","[216.0, 54]",212.94,273,2.11,0.21
07:41:39,"[208.29, 34]","[201.36, 44]","[215.67, 36]","[216.87, 46]",211.98,160,7.37,-0.03
07:41:40,"[205.43, 28]","[201.63, 38]","[216.75, 24]","[217.53, 17]",211.09,107,11.32,0.23
07:41:41,"[207.31, 52]","[205.0, 26]","[217.0, 26]","[218.0, 13]",212.15,117,9.69,0.33
07:41:42,"[209.05, 42]","[207.82, 51]","[214.78, 54]","[217.3, 23]",211.91,170,5.73,0.09
07:41:43,"[213.52, 62]","[211.45, 40]","[216.37, 38]","[217.79, 19]",214.94,159,2.85,0.28
07:41:44,"[216.56, 18]","[215.33, 15]","[217.54, 13]","[218.82, 17]",217.05,63,0.98,0.05
07:41:45,"[216.4, 15]","[207.9, 30]","[219.52, 21]","[221.14, 42]",217.96,108,3.12,-0.17
07:41:46,"[212.3, 20]","[207.45, 33]","[221.68, 38]","[227.38, 52]",216.99,143,9.38,-0.26
07:41:47,"[212.39, 23]","[208.77, 39]","[223.8, 60]","[404.11, 56]",218.1,178,11.41,-0.3
07:41:48,"[214.21, 14]","[212.18, 33]","[221.0, 28]","[224.5, 56]",217.61,131,6.79,-0.28
07:41:49,"[216.33, 18]","[215.56, 32]","[221.0, 28]","[225.0, 56]",218.67,134,4.67,-0.25
07:41:50,"[219.98, 55]","[218.19, 32]","[222.9, 42]","[232.88, 59]",221.44,188,2.92,-0.07
07:41:51,"[221.37, 35]","[219.03, 35]","[225.0, 56]","[278.15, 39]",223.19,165,3.63,-0.15
07:41:52,"[223.0, 12]","[222.0, 12]","[224.21, 57]","[258.86, 42]",223.61,123,1.21,-0.61
07:41:53,"[222.44, 18]","[221.18, 28]","[224.8, 75]","[259.03, 69]",223.62,190,2.36,-0.52
07:41:54,"[221.0, 24]","[215.0, 9]","[227.0, 36]","[308.78, 45]",224.0,114,6.0,-0.42
07:41:55,"[222.87, 30]","[219.39, 38]","[226.67, 60]","[299.2, 66]",224.77,194,3.8,-0.3
07:41:56,"[222.0, 48]","[214.0, 23]","[224.77, 56]","[226.31, 52]",223.38,179,2.77,-0.21
07:41:57,"[222.0, 52]","[213.73, 15]","[223.41, 59]","[226.19, 48]",222.7,174,1.41,-0.23
07:41:58,"[221.18, 33]","[217.0, 18]","[227.15, 39]","[264.77, 39]",224.17,129,5.97,-0.21
07:41:59,"[214.74, 23]","[212.75, 12]","[229.77, 52]","[329.9, 40]",222.25,127,15.03,-0.45
07:42:00,"[215.15, 26]","[213.0, 26]","[219.0, 39]","[233.0, 65]",217.08,156,3.85,-0.33
07:42:01,"[216.0, 14]","[213.0, 14]","[219.0, 21]","[232.0, 35]",217.5,84,3.0,-0.33
07:42:02,"[216.91, 22]","[213.0, 22]","[218.36, 25]","[224.0, 39]",217.63,108,1.45,-0.19
07:42:03,"[215.0, 8]","[210.14, 14]","[219.33, 6]","[229.5, 12]",217.17,40,4.33,0.1
07:42:04,"[213.23, 13]","[209.77, 31]","[222.0, 8]","[231.0, 40]",217.62,92,8.77,-0.04
07:42:05,"[212.35, 23]","[211.07, 28]","[214.85, 52]","[216.46, 26]",213.6,129,2.5,-0.21
07:42:06,"[211.26, 38]","[209.53, 34]","[214.78, 36]","[219.33, 18]",213.02,126,3.51,0.14
07:42:07,"[211.5, 26]","[208.59, 27]","[216.0, 18]","[222.0, 9]",213.75,80,4.5,0.33
07:42:08,"[212.47, 45]","[207.12, 32]","[216.0, 30]","[224.0, 15]",214.23,122,3.53,0.26
07:42:09,"[213.0, 27]","[205.5, 32]","[216.0, 18]","[224.0, 9]",214.5,86,3.0,0.37
07:42:10,"[213.0, 39]","[207.0, 104]","[216.0, 26]","[221.16, 19]",214.5,188,3.0,0.52
07:42:11,"[213.67, 36]","[206.92, 96]","[216.0, 24]","[218.0, 36]",214.83,192,2.33,0.38
07:42:12,"[207.4, 86]","[205.41, 88]","[217.41, 34]","[221.69, 39]",212.4,247,10.02,0.41
07:42:13,"[205.0, 121]","[204.0, 36]","[218.85, 26]","[229.12, 25]",211.92,208,13.85,0.51
07:42:14,"[206.25, 269]","[204.9, 196]","[213.86, 102]","[228.76, 62]",210.06,629,7.61,0.48
07:42:15,"[208.29, 63]","[206.33, 72]","[221.0, 21]","[225.0, 14]",214.64,170,12.71,0.59
07:42:16,"[211.95, 160]","[210.88, 120]","[221.0, 51]","[225.0, 34]",216.47,365,9.05,0.53
07:42:17,"[216.78, 98]","[214.86, 100]","[220.78, 50]","[223.97, 35]",218.78,283,4.0,0.4
07:42:18,"[218.3, 120]","[217.82, 117]","[220.0, 38]","[221.0, 45]",219.15,320,1.7,0.48
07:42:19,"[218.21, 152]","[212.87, 134]","[220.79, 38]","[222.88, 32]",219.5,356,2.58,0.61
07:42:20,"[218.87, 186]","[208.72, 114]","[220.58, 52]","[222.13, 53]",219.72,405,1.71,0.48
07:42:21,"[219.0, 36]","[208.0, 30]","[222.0, 12]","[254.0, 18]",220.5,96,3.0,0.38
07:42:22,"[223.0, 170]","[219.0, 84]","[224.0, 28]","[291.29, 70]",223.5,352,1.0,0.44
07:42:23,"[223.08, 99]","[221.21, 94]","[226.81, 32]","[386.02, 45]",224.95,270,3.73,0.43
07:42:24,"[223.0, 104]","[219.0, 48]","[227.0, 24]","[355.0, 34]",225.0,210,4.0,0.45
07:42:25,"[223.0, 125]","[219.0, 60]","[226.56, 18]","[288.06, 36]",224.78,239,3.56,0.55
07:42:26,"[225.83, 140]","[222.76, 102]","[228.85, 39]","[435.55, 62]",227.34,343,3.02,0.41
07:42:27,"[226.0, 154]","[225.0, 14]","[233.0, 42]","[491.83, 66]",229.5,276,7.0,0.22
07:42:28,"[226.0, 132]","[225.0, 12]","[233.0, 36]","[445.51, 51]",229.5,231,7.0,0.25
07:42:29,"[226.0, 86]","[225.0, 11]","[231.93, 30]","[356.2, 35]",228.97,162,5.93,0.2
07:42:30,"[226.0, 28]","[225.0, 10]","[228.0, 20]","[231.0, 40]",227.0,98,2.0,-0.22
07:42:31,"[226.0, 20]","[225.0, 10]","[227.3, 20]","[233.13, 31]",226.65,81,1.3,-0.26
07:42:32,"[223.26, 43]","[222.23, 39]","[227.0, 18]","[234.0, 27]",225.13,127,3.74,0.29
07:42:33,"[224.2, 50]","[223.0, 70]","[226.78, 23]","[233.52, 29]",225.49,172,2.58,0.4
07:42:34,"[223.75, 101]","[222.45, 76]","[229.29, 68]","[275.95, 42]",226.52,287,5.54,0.23
07:42:35,"[223.0, 45]","[220.0, 10]","[229.0, 8]","[234.12, 25]",226.0,88,6.0,0.25
07:42:36,"[223.0, 72]","[220.0, 16]","[224.0, 8]","[233.37, 38]",223.5,134,1.0,0.31
07:42:37,"[223.0, 83]","[220.0, 20]","[224.0, 10]","[233.0, 40]",223.5,153,1.0,0.35
07:42:38,"[222.11, 27]","[219.47, 30]","[224.0, 11]","[233.0, 44]",223.06,112,1.89,0.02
07:42:39,"[219.57, 14]","[218.37, 19]","[224.0, 7]","[233.0, 28]",221.79,68,4.43,-0.03
07:42:40,"[219.0, 24]","[215.0, 12]","[224.0, 12]","[233.0, 48]",221.5,96,5.0,-0.25
07:42:41,"[217.4, 10]","[213.32, 19]","[232.64, 25]","[233.82, 22]",225.02,76,15.24,-0.24
07:42:42,"[216.0, 41]","[214.64, 11]","[233.0, 44]","[234.0, 33]",224.5,129,17.0,-0.19
07:42:43,"[219.37, 38]","[217.23, 26]","[233.0, 40]","[234.0, 30]",226.18,134,13.63,-0.04
07:42:44,"[220.0, 36]","[218.0, 27]","[233.0, 36]","[234.0, 27]",226.5,126,13.0,0.0
07:42:45,"[218.5, 48]","[215.71, 21]","[281.1, 52]","[373.61, 44]",249.8,165,62.6,-0.16
07:42:46,"[218.0, 33]","[214.0, 11]","[233.0, 33]","[270.67, 36]",225.5,113,15.0,-0.22
07:42:47,"[218.73, 30]","[218.37, 41]","[233.0, 42]","[291.0, 44]",225.87,157,14.27,-0.1
07:42:48,"[221.0, 8]","[220.0, 40]","[233.0, 24]","[234.0, 24]",227.0,96,12.0,0.0
07:42:49,"[223.21, 28]","[220.76, 34]","[233.0, 42]","[234.0, 42]",228.11,146,9.79,-0.15
07:42:50,"[223.91, 23]","[221.59, 17]","[233.0, 33]","[234.0, 33]",228.46,106,9.09,-0.25
07:42:51,"[221.06, 34]","[220.1, 30]","[233.0, 72]","[234.0, 39]",227.03,175,11.94,-0.27
07:42:52,"[221.0, 44]","[220.0, 11]","[230.82, 44]","[233.0, 60]",225.91,159,9.82,-0.31
07:42:53,"[221.0, 21]","[220.0, 6]","[230.0, 24]","[233.0, 18]",225.5,69,9.0,-0.22
07:42:54,"[221.0, 30]","[220.0, 11]","[228.23, 52]","[229.95, 44]",224.62,137,7.23,-0.4
07:42:55,"[215.23, 132]","[144.48, 119]","[217.7, 44]","[223.44, 45]",216.47,340,2.48,0.48
07:42:56,"[215.33, 90]","[114.39, 76]","[221.0, 57]","[262.69, 32]",218.17,255,5.67,0.3
07:42:57,"[215.94, 96]","[194.86, 63]","[228.82, 55]","[337.0, 33]",222.38,247,12.88,0.29
07:42:58,"[216.87, 150]","[214.8, 90]","[218.02, 57]","[222.0, 20]",217.44,317,1.15,0.51
07:42:59,"[217.81, 95]","[214.0, 108]","[224.45, 33]","[229.82, 99]",221.13,335,6.64,0.21
07:43:00,"[221.41, 37]","[217.08, 36]","[229.0, 54]","[254.38, 26]",225.2,153,7.59,-0.05
07:43:01,"[223.29, 70]","[221.93, 14]","[229.0, 84]","[450.32, 19]",226.14,187,5.71,-0.1
07:43:02,"[224.83, 60]","[222.89, 47]","[228.38, 48]","[253.54, 26]",226.6,181,3.54,0.18
07:43:03,"[227.92, 74]","[224.19, 59]","[230.92, 37]","[356.53, 19]",229.42,189,3.0,0.41
07:43:04,"[229.0, 72]","[225.0, 60]","[231.76, 34]","[381.58, 19]",230.38,185,2.76,0.43
07:43:05,"[229.0, 48]","[225.33, 24]","[230.0, 16]","[232.0, 24]",229.5,112,1.0,0.29
07:43:06,"[229.0, 66]","[227.0, 11]","[230.0, 22]","[231.46, 26]",229.5,125,1.0,0.23
07:43:07,"[229.0, 32]","[227.0, 12]","[230.0, 24]","[232.0, 36]",229.5,104,1.0,-0.15
07:43:08,"[229.0, 6]","[227.0, 6]","[230.0, 12]","[232.0, 18]",229.5,42,1.0,-0.43
07:43:09,"[226.43, 14]","[225.31, 26]","[228.3, 40]","[230.5, 24]",227.36,104,1.87,-0.23
07:43:10,"[225.0, 44]","[223.0, 66]","[228.0, 44]","[231.87, 31]",226.5,185,3.0,0.19
07:43:11,"[225.0, 18]","[223.0, 36]","[228.0, 26]","[232.0, 12]",226.5,92,3.0,0.17
07:43:12,"[225.0, 13]","[223.0, 78]","[227.85, 52]","[232.22, 27]",226.42,170,2.85,0.07
07:43:13,"[224.2, 15]","[222.13, 69]","[226.2, 40]","[234.0, 30]",225.2,154,2.0,0.09
07:43:14,"[223.12, 75]","[219.39, 183]","[225.45, 53]","[233.84, 31]",224.29,342,2.33,0.51
07:43:15,"[223.0, 69]","[219.0, 130]","[233.0, 12]","[234.0, 24]",228.0,235,10.0,0.69
07:43:16,"[223.0, 33]","[219.0, 99]","[231.82, 11]","[233.0, 11]",227.41,154,8.82,0.71
07:43:17,"[223.53, 45]","[219.9, 60]","[230.21, 14]","[233.0, 14]",226.87,133,6.68,0.58
07:43:18,"[223.0, 42]","[222.0, 14]","[229.93, 14]","[233.0, 14]",226.46,84,6.93,0.33
07:43:19,"[227.8, 74]","[222.98, 52]","[231.78, 18]","[235.88, 32]",229.79,176,3.98,0.43
07:43:20,"[222.91, 43]","[220.95, 20]","[232.0, 14]","[235.0, 28]",227.45,105,9.09,0.2
07:43:21,"[218.96, 28]","[217.86, 29]","[231.04, 28]","[232.55, 11]",225.0,96,12.07,0.19
07:43:22,"[218.0, 8]","[216.0, 16]","[230.71, 21]","[231.36, 14]",224.36,59,12.71,-0.19
07:43:23,"[218.0, 68]","[216.0, 24]","[229.42, 24]","[231.0, 42]",223.71,158,11.42,0.16
07:43:24,"[218.0, 62]","[216.0, 26]","[226.19, 32]","[229.33, 57]",222.09,177,8.19,-0.01
07:43:25,"[215.69, 35]","[214.52, 61]","[224.49, 41]","[225.81, 54]",220.09,191,8.8,0.01
07:43:26,"[223.29, 42]","[217.0, 58]","[226.2, 41]","[229.53, 30]",224.74,171,2.91,0.17
07:43:27,"[224.0, 48]","[214.5, 36]","[226.0, 36]","[231.0, 24]",225.0,144,2.0,0.17
07:43:28,"[224.0, 19]","[216.29, 14]","[226.59, 32]","[306.43, 28]",225.3,93,2.59,-0.29
07:43:29,"[218.46, 13]","[213.64, 44]","[223.28, 47]","[226.66, 53]",220.87,157,4.82,-0.27
07:43:30,"[218.0, 6]","[214.0, 90]","[221.71, 14]","[225.08, 26]",219.86,136,3.71,0.41
07:43:31,"[214.73, 127]","[213.28, 47]","[220.0, 13]","[222.0, 39]",217.37,226,5.27,0.54
07:43:32,"[213.0, 150]","[212.0, 20]","[216.8, 25]","[221.94, 32]",214.9,227,3.8,0.5
07:43:33,"[214.11, 83]","[213.63, 105]","[221.71, 28]","[226.88, 82]",217.91,298,7.61,0.26
07:43:34,"[217.9, 60]","[216.5, 36]","[223.17, 24]","[226.07, 75]",220.53,195,5.27,-0.02
07:43:35,"[220.0, 12]","[217.36, 22]","[224.54, 26]","[226.33, 27]",222.27,87,4.54,-0.22
07:43:36,"[222.88, 34]","[218.5, 16]","[225.0, 12]","[228.0, 36]",223.94,98,2.12,0.02
07:43:37,"[222.92, 13]","[215.33, 63]","[224.75, 8]","[227.84, 19]",223.84,103,1.83,0.48
07:43:38,"[215.11, 61]","[214.3, 23]","[224.0, 10]","[225.4, 5]",219.56,99,8.89,0.7
07:43:39,"[216.5, 24]","[214.31, 137]","[222.61, 28]","[224.22, 18]",219.55,207,6.11,0.56
07:43:40,"[218.0, 8]","[214.09, 66]","[220.57, 14]","[222.21, 19]",219.29,107,2.57,0.38
07:43:41,"[215.0, 22]","[214.0, 165]","[219.0, 22]","[228.74, 35]",217.0,244,4.0,0.53
07:43:42,"[215.86, 14]","[214.04, 156]","[217.4, 30]","[229.05, 38]",216.63,238,1.54,0.43
07:43:43,"[216.0, 8]","[214.0, 120]","[217.0, 18]","[230.57, 14]",216.5,160,1.0,0.6
07:43:44,"[212.01, 306]","[211.15, 170]","[228.81, 36]","[249.29, 31]",220.41,543,16.79,0.75
07:43:45,"[212.01, 381]","[211.33, 249]","[224.75, 63]","[225.86, 37]",218.38,730,12.74,0.73
07:43:46,"[214.0, 90]","[212.59, 46]","[221.47, 30]","[222.36, 44]",217.73,210,7.47,0.3
07:43:47,"[215.86, 7]","[213.57, 56]","[219.22, 9]","[220.44, 18]",217.54,90,3.37,0.4
07:43:48,"[213.06, 98]","[212.25, 64]","[216.0, 16]","[217.38, 26]",214.53,204,2.94,0.59
07:43:49,"[213.0, 80]","[212.0, 40]","[214.25, 16]","[215.57, 14]",213.62,150,1.25,0.6
07:43:50,"[213.0, 56]","[212.0, 28]","[214.0, 14]","[215.0, 7]",213.5,105,1.0,0.6
07:43:51,"[213.0, 96]","[212.0, 48]","[214.0, 24]","[215.67, 18]",213.5,186,1.0,0.55
07:43:52,"[213.0, 62]","[212.0, 56]","[214.0, 28]","[216.0, 28]",213.5,174,1.0,0.36
07:43:53,"[213.0, 24]","[212.0, 32]","[214.0, 16]","[216.0, 16]",213.5,88,1.0,0.27
07:43:54,"[213.0, 27]","[212.0, 36]","[214.57, 14]","[217.33, 30]",213.79,107,1.57,0.18
07:43:55,"[213.75, 53]","[212.27, 55]","[216.0, 54]","[218.0, 75]",214.88,237,2.25,-0.09
07:43:56,"[215.0, 52]","[211.21, 76]","[216.0, 52]","[218.0, 65]",215.5,245,1.0,0.04
07:43:57,"[215.57, 28]","[213.09, 44]","[217.7, 53]","[218.82, 55]",216.63,180,2.13,-0.2
07:43:58,"[215.91, 22]","[208.36, 94]","[218.0, 55]","[219.0, 55]",216.95,226,2.09,0.03
07:43:59,"[216.5, 12]","[207.0, 60]","[218.0, 30]","[219.0, 30]",217.25,132,1.5,0.09
07:44:00,"[208.33, 86]","[206.9, 82]","[218.0, 48]","[219.0, 70]",213.16,286,9.67,0.17
07:44:01,"[210.31, 128]","[208.22, 180]","[217.89, 54]","[218.97, 88]",214.1,450,7.58,0.37
07:44:02,"[211.92, 72]","[208.36, 78]","[219.07, 28]","[221.93, 41]",215.49,219,7.15,0.37
07:44:03,"[213.75, 72]","[210.43, 84]","[222.0, 30]","[227.0, 45]",217.88,231,8.25,0.35
07:44:04,"[214.0, 28]","[213.0, 40]","[222.5, 20]","[227.0, 30]",218.25,118,8.5,0.15
07:44:05,"[214.0, 12]","[213.0, 48]","[223.0, 24]","[227.0, 36]",218.5,120,9.0,0.0
07:44:06,"[213.0, 36]","[210.0, 36]","[221.22, 18]","[224.2, 20]",217.11,110,8.22,0.31
07:44:07,"[213.52, 25]","[211.31, 64]","[219.75, 32]","[223.0, 32]",216.63,153,6.23,0.16
07:44:08,"[214.0, 7]","[211.0, 28]","[218.14, 14]","[223.0, 14]",216.07,63,4.14,0.11
07:44:09,"[214.59, 17]","[211.0, 68]","[217.35, 34]","[219.76, 34]",215.97,153,2.76,0.11
07:44:10,"[215.0, 11]","[211.0, 44]","[216.42, 24]","[218.83, 24]",215.71,103,1.42,0.07
07:44:11,"[211.1, 41]","[208.22, 54]","[214.94, 16]","[218.15, 26]",213.02,137,3.84,0.39
07:44:12,"[211.0, 44]","[208.0, 56]","[215.9, 21]","[221.65, 34]",213.45,155,4.9,0.29
07:44:13,"[211.67, 36]","[210.18, 44]","[221.47, 45]","[223.89, 19]",216.57,144,9.8,0.11
07:44:14,"[212.0, 33]","[211.0, 44]","[221.7, 40]","[223.22, 23]",216.85,140,9.7,0.1
07:44:15,"[216.45, 66]","[213.09, 53]","[220.62, 47]","[221.65, 34]",218.54,200,4.16,0.19
07:44:16,"[219.0, 54]","[218.0, 27]","[221.0, 18]","[222.47, 17]",220.0,116,2.0,0.4
07:44:17,"[219.0, 72]","[218.0, 36]","[221.75, 32]","[222.8, 20]",220.38,160,2.75,0.35
07:44:18,"[219.0, 66]","[218.0, 33]","[221.45, 33]","[222.43, 23]",220.23,155,2.45,0.28
07:44:19,"[219.16, 50]","[218.7, 69]","[221.0, 45]","[222.93, 45]",220.08,209,1.84,0.14
07:44:20,"[219.09, 54]","[218.53, 57]","[221.0, 42]","[224.0, 42]",220.05,195,1.91,0.14
07:44:21,"[219.0, 11]","[218.0, 33]","[222.43, 21]","[225.33, 27]",220.71,92,3.43,-0.04
07:44:22,"[219.0, 8]","[218.0, 24]","[226.0, 8]","[227.93, 30]",222.5,70,7.0,-0.09
07:44:23,"[219.0, 10]","[218.0, 30]","[226.0, 10]","[228.0, 40]",222.5,90,7.0,-0.11
07:44:24,"[218.73, 11]","[216.25, 32]","[226.0, 9]","[228.0, 36]",222.36,88,7.27,-0.02
07:44:25,"[218.0, 36]","[211.0, 96]","[222.47, 17]","[227.96, 45]",220.24,194,4.47,0.36
07:44:26,"[218.0, 39]","[211.0, 104]","[221.14, 28]","[228.02, 49]",219.57,220,3.14,0.3
07:44:27,"[218.0, 45]","[211.0, 120]","[226.83, 18]","[229.5, 22]",222.42,205,8.83,0.61
07:44:28,"[218.0, 36]","[211.0, 68]","[225.08, 12]","[227.92, 12]",221.54,128,7.08,0.62
07:44:29,"[217.07, 45]","[210.34, 95]","[224.0, 16]","[225.12, 16]",220.53,172,6.93,0.63
07:44:30,"[211.0, 61]","[208.0, 91]","[223.36, 14]","[225.15, 13]",217.18,179,12.36,0.7
07:44:31,"[211.27, 67]","[208.64, 69]","[221.78, 18]","[308.38, 24]",216.52,178,10.51,0.53
07:44:32,"[216.08, 72]","[213.47, 68]","[223.0, 38]","[483.58, 48]",219.54,226,6.92,0.24
07:44:33,"[217.0, 33]","[212.0, 53]","[219.11, 18]","[299.33, 12]",218.06,116,2.11,0.48
07:44:34,"[216.69, 32]","[211.98, 98]","[224.38, 13]","[269.73, 22]",220.54,165,7.7,0.58
07:44:35,"[212.16, 88]","[210.91, 46]","[223.0, 14]","[225.0, 29]",217.58,177,10.84,0.51
07:44:36,"[212.57, 42]","[211.0, 70]","[223.5, 16]","[225.15, 26]",218.04,154,10.93,0.45
07:44:37,"[214.14, 42]","[211.57, 70]","[220.5, 28]","[224.65, 23]",217.32,163,6.36,0.37
07:44:38,"[216.0, 27]","[212.0, 45]","[217.35, 23]","[219.78, 18]",216.67,113,1.35,0.27
07:44:39,"[214.18, 33]","[210.67, 45]","[217.25, 24]","[219.33, 18]",215.72,120,3.07,0.3
07:44:40,"[212.48, 50]","[209.42, 60]","[217.33, 24]","[219.33, 24]",214.91,158,4.85,0.39
07:44:41,"[212.75, 40]","[208.5, 60]","[221.5, 16]","[343.05, 42]",217.12,158,8.75,0.27
07:44:42,"[209.0, 70]","[206.0, 70]","[217.45, 20]","[281.42, 36]",213.22,196,8.45,0.43
07:44:43,"[209.0, 45]","[206.0, 45]","[213.44, 9]","[215.62, 16]",211.22,115,4.44,0.57
07:44:44,"[209.0, 30]","[206.0, 30]","[214.83, 6]","[217.5, 14]",211.92,80,5.83,0.5
07:44:45,"[209.0, 65]","[206.84, 86]","[213.23, 13]","[215.0, 13]",211.12,177,4.23,0.71
07:44:46,"[209.0, 55]","[206.0, 55]","[213.0, 11]","[215.0, 11]",211.0,132,4.0,0.67
07:44:47,"[209.0, 60]","[206.0, 60]","[211.54, 13]","[214.2, 15]",210.27,148,2.54,0.62
07:44:48,"[209.0, 65]","[206.0, 65]","[214.29, 28]","[217.18, 22]",211.64,180,5.29,0.44
07:44:49,"[209.0, 50]","[206.0, 50]","[217.0, 30]","[219.0, 40]",213.0,170,8.0,0.18
07:44:50,"[209.02, 41]","[206.33, 45]","[217.0, 27]","[219.0, 36]",213.01,149,7.98,0.15
07:44:51,"[210.33, 48]","[207.78, 27]","[217.0, 27]","[219.0, 36]",213.67,138,6.67,0.09
07:44:52,"[212.53, 76]","[211.12, 41]","[217.0, 39]","[219.0, 52]",214.76,208,4.47,0.12
07:44:53,"[213.43, 28]","[212.98, 98]","[217.38, 16]","[219.31, 49]",215.4,191,3.95,0.32
07:44:54,"[214.33, 12]","[213.0, 96]","[219.0, 12]","[221.0, 72]",216.67,192,4.67,0.12
07:44:55,"[216.89, 72]","[213.33, 72]","[218.04, 68]","[220.16, 31]",217.47,243,1.16,0.19
07:44:56,"[217.0, 65]","[209.53, 17]","[218.0, 43]","[219.0, 9]",217.5,134,1.0,0.22
07:44:57,"[217.0, 49]","[205.0, 35]","[218.0, 28]","[219.0, 7]",217.5,119,1.0,0.41
07:44:58,"[210.48, 46]","[203.5, 30]","[217.09, 23]","[220.5, 8]",213.78,107,6.61,0.42
07:44:59,"[205.78, 58]","[204.36, 70]","[215.0, 64]","[219.0, 16]",210.39,208,9.22,0.23
07:45:00,"[207.26, 46]","[205.68, 62]","[215.0, 44]","[219.0, 20]",211.13,172,7.74,0.26
07:45:01,"[209.64, 14]","[207.09, 34]","[215.57, 14]","[217.4, 20]",212.61,82,5.93,0.17
07:45:02,"[211.28, 29]","[210.77, 31]","[215.5, 20]","[217.4, 25]",213.39,105,4.22,0.14
07:45:03,"[214.54, 56]","[213.75, 53]","[217.33, 24]","[219.55, 22]",215.93,155,2.8,0.41
07:45:04,"[216.93, 14]","[215.24, 54]","[220.0, 42]","[222.0, 14]",218.46,124,3.07,0.1
07:45:05,"[218.47, 17]","[215.39, 62]","[220.09, 23]","[245.19, 21]",219.28,123,1.62,0.28
07:45:06,"[219.25, 56]","[217.81, 63]","[263.62, 21]","[343.47, 47]",241.43,187,44.37,0.27
07:45:07,"[223.62, 16]","[222.0, 16]","[398.03, 65]","[418.45, 62]",310.83,159,174.41,-0.6
07:45:08,"[225.0, 8]","[222.0, 8]","[358.91, 54]","[382.64, 39]",291.95,109,133.91,-0.71
07:45:09,"[225.38, 16]","[222.27, 11]","[336.26, 47]","[341.64, 64]",280.82,138,110.88,-0.61
07:45:10,"[226.47, 90]","[225.0, 15]","[302.36, 64]","[315.41, 66]",264.41,235,75.89,-0.11
07:45:11,"[227.0, 66]","[225.0, 11]","[256.8, 41]","[257.58, 50]",241.9,168,29.8,-0.08
07:45:12,"[227.44, 86]","[222.72, 29]","[253.53, 51]","[255.43, 63]",240.49,229,26.09,0.0
07:45:13,"[229.0, 143]","[227.69, 26]","[252.41, 59]","[253.39, 46]",240.7,274,23.41,0.23
07:45:14,"[229.0, 134]","[228.0, 26]","[248.49, 51]","[249.47, 57]",238.75,268,19.49,0.19
07:45:15,"[229.0, 120]","[228.0, 24]","[245.46, 46]","[246.65, 43]",237.23,233,16.46,0.24
07:45:16,"[229.0, 70]","[228.0, 24]","[243.43, 53]","[244.64, 55]",236.22,202,14.43,-0.07
07:45:17,"[229.0, 60]","[228.0, 30]","[241.31, 65]","[242.85, 65]",235.15,220,12.31,-0.18
07:45:18,"[229.0, 52]","[228.0, 26]","[240.0, 39]","[241.0, 65]",234.5,182,11.0,-0.14
07:45:19,"[229.0, 48]","[228.0, 24]","[238.53, 40]","[239.48, 50]",233.76,162,9.53,-0.11
07:45:20,"[229.0, 55]","[228.0, 30]","[232.62, 29]","[236.16, 51]",230.81,165,3.62,0.03
07:45:21,"[227.53, 34]","[222.86, 51]","[230.33, 27]","[231.65, 60]",228.93,172,2.8,-0.01
07:45:22,"[223.0, 26]","[220.0, 284]","[227.7, 23]","[229.9, 20]",225.35,353,4.7,0.76
07:45:23,"[220.17, 162]","[219.87, 121]","[222.96, 23]","[225.06, 17]",221.56,323,2.79,0.75
07:45:24,"[220.0, 180]","[219.0, 20]","[225.54, 26]","[336.98, 49]",222.77,275,5.54,0.45
07:45:25,"[220.94, 291]","[219.99, 189]","[224.0, 17]","[347.22, 81]",222.47,578,3.06,0.66
07:45:26,"[221.0, 233]","[220.0, 91]","[224.0, 13]","[315.16, 63]",222.5,400,3.0,0.62
07:45:27,"[221.78, 173]","[220.72, 50]","[224.0, 11]","[385.64, 44]",222.89,278,2.22,0.6
07:45:28,"[222.0, 150]","[221.0, 40]","[224.0, 10]","[290.2, 40]",223.0,240,2.0,0.58
07:45:29,"[222.0, 150]","[221.0, 40]","[224.0, 10]","[369.31, 45]",223.0,245,2.0,0.55
07:45:30,"[222.91, 127]","[221.0, 48]","[224.0, 12]","[313.98, 51]",223.46,238,1.09,0.47
07:45:31,"[223.05, 74]","[222.18, 68]","[309.64, 44]","[338.73, 44]",266.35,230,86.58,0.23
07:45:32,"[223.0, 90]","[220.82, 39]","[325.33, 36]","[344.78, 36]",274.17,201,102.33,0.28
07:45:33,"[223.0, 165]","[220.0, 105]","[330.55, 58]","[412.92, 52]",276.78,380,107.55,0.42
07:45:34,"[223.0, 100]","[220.0, 84]","[416.83, 24]","[498.92, 48]",319.92,256,193.83,0.44
07:45:35,"[223.0, 35]","[220.0, 49]","[389.29, 14]","[491.86, 28]",306.14,126,166.29,0.33
07:45:36,"[223.0, 60]","[220.0, 84]","[472.8, 30]","[543.25, 48]",347.9,222,249.8,0.3
07:45:37,"[223.0, 30]","[220.0, 42]","[465.0, 24]","[529.83, 24]",344.0,120,242.0,0.2
07:45:38,"[223.0, 65]","[219.89, 87]","[242.0, 39]","[251.46, 52]",232.5,243,19.0,0.25
07:45:39,"[223.92, 65]","[219.62, 65]","[240.62, 39]","[265.0, 52]",232.27,221,16.69,0.18
07:45:40,"[229.0, 95]","[224.26, 95]","[238.59, 79]","[243.61, 70]",233.8,339,9.59,0.12
07:45:41,"[229.0, 40]","[226.0, 40]","[234.75, 24]","[236.47, 34]",231.88,138,5.75,0.16
07:45:42,"[229.0, 57]","[226.0, 60]","[230.97, 38]","[232.0, 50]",229.99,205,1.97,0.14
07:45:43,"[226.0, 18]","[223.0, 50]","[228.72, 32]","[249.87, 45]",227.36,145,2.72,-0.06
07:45:44,"[223.28, 53]","[220.91, 92]","[226.43, 40]","[240.79, 42]",224.85,227,3.14,0.28
07:45:45,"[221.93, 56]","[219.65, 69]","[246.79, 34]","[317.27, 41]",234.36,200,24.87,0.25
07:45:46,"[223.0, 24]","[220.0, 60]","[300.83, 18]","[350.75, 40]",261.92,142,77.83,0.18
07:45:47,"[223.0, 22]","[220.0, 75]","[255.87, 15]","[265.76, 41]",239.43,153,32.87,0.27
07:45:48,"[223.0, 20]","[220.0, 120]","[253.76, 38]","[254.05, 22]",238.38,200,30.76,0.4
07:45:49,"[222.31, 26]","[219.95, 118]","[248.38, 37]","[250.09, 47]",235.34,228,26.07,0.26
07:45:50,"[221.53, 34]","[220.0, 101]","[246.04, 53]","[248.25, 51]",233.78,239,24.51,0.13
07:45:51,"[224.0, 68]","[220.12, 67]","[241.23, 30]","[241.12, 26]",232.62,191,17.23,0.41
07:45:52,"[224.0, 60]","[220.0, 90]","[225.93, 28]","[233.41, 17]",224.96,195,1.93,0.54
07:45:53,"[224.0, 21]","[220.0, 65]","[229.0, 14]","[267.36, 25]",226.5,125,5.0,0.38
07:45:54,"[224.0, 24]","[220.0, 104]","[229.0, 16]","[250.06, 31]",226.5,175,5.0,0.46
07:45:55,"[221.04, 27]","[217.01, 70]","[229.0, 14]","[294.38, 16]",225.02,127,7.96,0.53
07:45:56,"[220.0, 76]","[162.79, 29]","[226.9, 30]","[230.33, 30]",223.45,165,6.9,0.27
07:45:57,"[220.0, 92]","[157.81, 59]","[225.06, 48]","[231.0, 48]",222.53,247,5.06,0.22
07:45:58,"[220.0, 50]","[170.0, 16]","[224.6, 30]","[231.0, 20]",222.3,116,4.6,0.14
07:45:59,"[220.0, 45]","[219.0, 9]","[226.43, 23]","[306.95, 22]",223.22,99,6.43,0.09
07:46:00,"[220.0, 55]","[219.0, 11]","[231.0, 22]","[325.0, 33]",225.5,121,11.0,0.09
07:46:01,"[220.62, 39]","[219.88, 40]","[231.0, 24]","[360.17, 36]",225.81,139,10.38,0.14
07:46:02,"[222.57, 28]","[220.0, 70]","[229.84, 31]","[451.56, 39]",226.21,168,7.27,0.17
07:46:03,"[221.41, 34]","[219.87, 46]","[225.07, 56]","[227.5, 40]",223.24,176,3.66,-0.09
07:46:04,"[220.98, 56]","[219.93, 42]","[224.07, 60]","[259.59, 34]",222.52,192,3.08,0.02
07:46:05,"[224.67, 12]","[222.14, 21]","[234.0, 14]","[350.57, 21]",229.33,68,9.33,-0.03
07:46:06,"[223.0, 19]","[220.18, 22]","[231.75, 16]","[233.0, 16]",227.38,73,8.75,0.12
07:46:07,"[205.55, 22]","[128.23, 43]","[230.44, 27]","[231.0, 18]",217.99,110,24.9,0.18
07:46:08,"[133.03, 35]","[72.92, 37]","[215.52, 23]","[218.07, 28]",174.28,123,82.49,0.17
07:46:09,"[139.71, 35]","[46.8, 15]","[211.0, 14]","[215.0, 28]",175.36,92,71.29,0.09
07:46:10,"[134.91, 47]","[32.61, 31]","[213.18, 22]","[214.84, 38]",174.05,138,78.27,0.13
07:46:11,"[86.0, 21]","[76.0, 35]","[212.0, 8]","[214.25, 16]",149.0,80,126.0,0.4
07:46:12,"[82.15, 40]","[59.12, 40]","[209.3, 10]","[213.09, 44]",145.73,134,127.15,0.19
07:46:13,"[107.14, 21]","[56.86, 21]","[209.0, 6]","[213.0, 30]",158.07,78,101.86,0.08
07:46:14,"[35.03, 29]","[5.34, 41]","[212.43, 28]","[213.38, 32]",123.73,130,177.39,0.08
07:46:15,"[47.09, 11]","[13.47, 19]","[213.0, 24]","[214.0, 12]",130.05,66,165.91,-0.09
07:46:16,"[198.23, 13]","[107.82, 17]","[211.38, 26]","[213.11, 54]",204.81,110,13.15,-0.45
07:46:17,"[201.95, 57]","[162.0, 12]","[210.0, 18]","[213.0, 72]",205.97,159,8.05,-0.13
07:46:18,"[202.39, 54]","[201.93, 58]","[210.0, 15]","[213.0, 80]",206.19,207,7.61,0.08
07:46:19,"[204.3, 30]","[202.09, 66]","[212.38, 26]","[213.16, 37]",208.34,159,8.08,0.21
07:46:20,"[207.55, 93]","[204.48, 79]","[211.25, 32]","[213.13, 60]",209.4,264,3.7,0.3
07:46:21,"[210.38, 24]","[186.12, 32]","[212.5, 32]","[215.0, 32]",211.44,120,2.12,-0.07
07:46:22,"[170.5, 16]","[41.05, 19]","[216.17, 12]","[217.78, 18]",193.33,65,45.67,0.08
07:46:23,"[86.26, 43]","[48.94, 49]","[218.78, 37]","[248.22, 27]",152.52,156,132.53,0.18
07:46:24,"[71.8, 70]","[49.18, 22]","[216.07, 30]","[246.33, 18]",143.93,140,144.27,0.31
07:46:25,"[151.92, 50]","[123.75, 79]","[210.0, 20]","[215.0, 101]",180.96,250,58.08,0.03
07:46:26,"[159.38, 52]","[132.76, 68]","[269.23, 26]","[280.59, 56]",214.31,202,109.85,0.19
07:46:27,"[202.65, 51]","[111.0, 68]","[406.93, 27]","[583.31, 26]",304.79,172,204.28,0.38
07:46:28,"[212.21, 94]","[134.13, 94]","[273.81, 26]","[300.3, 40]",243.01,254,61.59,0.48
07:46:29,"[223.0, 81]","[135.28, 58]","[272.56, 9]","[274.0, 27]",247.78,175,49.56,0.59
07:46:30,"[223.0, 55]","[158.18, 62]","[271.22, 9]","[393.23, 31]",247.11,157,48.22,0.49
07:46:31,"[222.33, 30]","[218.84, 56]","[269.4, 10]","[418.2, 40]",245.87,136,47.07,0.26
07:46:32,"[219.0, 43]","[131.9, 59]","[269.0, 9]","[401.7, 30]",244.0,141,50.0,0.45
07:46:33,"[219.0, 22]","[145.64, 90]","[269.0, 11]","[398.12, 34]",244.0,157,50.0,0.43
07:46:34,"[219.97, 60]","[205.95, 40]","[267.92, 12]","[378.29, 41]",243.94,153,47.95,0.31
07:46:35,"[220.43, 47]","[210.09, 68]","[265.25, 12]","[355.73, 22]",242.84,149,44.82,0.54
07:46:36,"[220.25, 32]","[218.22, 54]","[262.5, 12]","[264.0, 12]",241.38,110,42.25,0.56
07:46:37,"[220.0, 27]","[219.0, 36]","[259.89, 9]","[261.0, 9]",239.94,81,39.89,0.56
07:46:38,"[225.0, 93]","[219.43, 21]","[257.0, 6]","[258.33, 6]",241.0,126,32.0,0.81
07:46:39,"[225.0, 68]","[219.0, 16]","[255.75, 4]","[257.0, 4]",240.38,92,30.75,0.83
07:46:40,"[225.0, 170]","[219.0, 40]","[252.44, 18]","[253.73, 11]",238.72,239,27.44,0.76
07:46:41,"[225.0, 136]","[219.0, 32]","[250.3, 10]","[251.69, 13]",237.65,191,25.3,0.76
07:46:42,"[225.0, 213]","[209.62, 55]","[246.88, 17]","[247.55, 22]",235.94,307,21.88,0.75
07:46:43,"[225.0, 144]","[173.09, 23]","[242.82, 11]","[245.0, 16]",233.91,194,17.82,0.72
07:46:44,"[225.0, 176]","[222.56, 27]","[236.5, 16]","[240.44, 16]",230.75,235,11.5,0.73
07:46:45,"[225.0, 192]","[223.0, 36]","[236.06, 18]","[237.3, 20]",230.53,266,11.06,0.71
07:46:46,"[225.0, 160]","[223.0, 30]","[232.71, 14]","[233.5, 20]",228.86,224,7.71,0.7
07:46:47,"[225.0, 192]","[223.0, 36]","[229.05, 19]","[230.63, 19]",227.03,266,4.05,0.71
07:46:48,"[225.0, 172]","[223.0, 33]","[226.53, 15]","[227.36, 22]",225.77,242,1.53,0.69
07:46:49,"[225.0, 180]","[223.0, 44]","[226.25, 24]","[227.25, 24]",225.62,272,1.25,0.65
07:46:50,"[225.0, 108]","[223.0, 40]","[226.0, 16]","[227.0, 16]",225.5,180,1.0,0.64
07:46:51,"[225.0, 65]","[223.0, 38]","[226.0, 14]","[325.22, 18]",225.5,135,1.0,0.53
07:46:52,"[225.0, 50]","[223.0, 36]","[314.71, 14]","[443.12, 16]",269.86,116,89.71,0.48
07:46:53,"[224.08, 26]","[221.5, 24]","[433.0, 12]","[579.0, 8]",328.54,70,208.92,0.43
07:46:54,"[224.16, 56]","[222.73, 66]","[353.83, 24]","[546.5, 32]",289.0,178,129.67,0.37
07:46:55,"[225.0, 54]","[223.0, 36]","[288.33, 24]","[290.0, 12]",256.67,126,63.33,0.43
07:46:56,"[225.11, 37]","[223.2, 40]","[287.25, 32]","[290.0, 16]",256.18,125,62.14,0.23
07:46:57,"[229.0, 16]","[227.0, 8]","[284.75, 32]","[309.62, 16]",256.88,72,55.75,-0.33
07:46:58,"[229.0, 20]","[225.11, 19]","[282.7, 40]","[384.5, 24]",255.85,103,53.7,-0.24
07:46:59,"[228.86, 14]","[226.12, 16]","[280.0, 8]","[281.0, 32]",254.43,70,51.14,-0.14
07:47:00,"[224.54, 26]","[222.85, 53]","[278.53, 34]","[279.56, 18]",251.53,131,53.99,0.21
07:47:01,"[224.0, 21]","[223.0, 42]","[276.2, 10]","[277.09, 11]",250.1,84,52.2,0.5
07:47:02,"[224.0, 23]","[223.0, 78]","[272.0, 26]","[272.76, 33]",248.0,160,48.0,0.26
07:47:03,"[223.11, 19]","[220.86, 42]","[266.59, 22]","[267.68, 37]",244.85,120,43.49,0.02
07:47:04,"[220.62, 24]","[219.15, 74]","[263.88, 16]","[264.83, 23]",242.25,137,43.25,0.43
07:47:05,"[222.03, 37]","[216.11, 38]","[259.12, 43]","[261.74, 50]",240.57,168,37.09,-0.11
07:47:06,"[223.0, 6]","[219.0, 42]","[255.45, 22]","[256.46, 13]",239.23,83,32.45,0.16
07:47:07,"[219.19, 42]","[188.25, 32]","[253.26, 39]","[253.35, 40]",236.22,153,34.07,-0.03
07:47:08,"[224.78, 36]","[195.62, 26]","[248.92, 39]","[249.57, 21]",236.85,122,24.15,0.02
07:47:09,"[226.0, 40]","[219.0, 28]","[242.89, 36]","[245.0, 24]",234.44,128,16.89,0.06
07:47:10,"[226.0, 35]","[219.0, 27]","[235.67, 30]","[237.33, 15]",230.83,107,9.67,0.16
07:47:11,"[226.0, 18]","[219.0, 18]","[233.33, 18]","[234.67, 18]",229.67,72,7.33,0.0
07:47:12,"[226.0, 24]","[223.2, 10]","[232.4, 30]","[233.33, 18]",229.2,82,6.4,-0.17
07:47:13,"[226.0, 21]","[225.0, 7]","[228.84, 19]","[230.78, 23]",227.42,70,2.84,-0.2
07:47:14,"[220.18, 33]","[179.2, 30]","[225.95, 22]","[238.76, 29]",223.07,114,5.77,0.11
07:47:15,"[219.13, 31]","[183.27, 52]","[223.38, 16]","[225.41, 17]",221.25,116,4.25,0.43
07:47:16,"[220.92, 24]","[219.0, 28]","[224.0, 23]","[250.69, 16]",222.46,91,3.08,0.14
07:47:17,"[216.0, 22]","[182.0, 40]","[228.34, 41]","[279.73, 37]",222.17,140,12.34,-0.11
07:47:18,"[216.0, 26]","[166.21, 58]","[228.31, 65]","[269.84, 43]",222.15,192,12.31,-0.12
07:47:19,"[217.14, 14]","[213.27, 44]","[227.0, 35]","[391.6, 10]",222.07,103,9.86,0.13
07:47:20,"[220.82, 22]","[219.43, 28]","[226.25, 60]","[361.07, 43]",223.53,153,5.43,-0.35
07:47:21,"[220.6, 10]","[219.06, 34]","[224.3, 50]","[261.26, 47]",222.45,141,3.7,-0.38
07:47:22,"[221.36, 11]","[219.17, 29]","[223.18, 55]","[224.27, 55]",222.27,150,1.82,-0.47
07:47:23,"[208.09, 34]","[202.24, 58]","[219.49, 55]","[221.26, 53]",213.79,200,11.4,-0.08
07:47:24,"[201.06, 34]","[136.29, 28]","[216.89, 38]","[218.06, 35]",208.98,135,15.84,-0.08
07:47:25,"[191.23, 39]","[190.0, 26]","[214.19, 62]","[215.94, 35]",202.71,162,22.96,-0.2
07:47:26,"[194.0, 35]","[191.89, 28]","[209.79, 42]","[211.09, 34]",201.89,139,15.79,-0.09
07:47:27,"[201.55, 33]","[180.46, 26]","[209.25, 40]","[210.45, 33]",205.4,132,7.7,-0.11
07:47:28,"[202.0, 21]","[137.29, 14]","[213.3, 20]","[214.48, 23]",207.65,78,11.3,-0.1
07:47:29,"[203.31, 39]","[124.15, 26]","[324.87, 45]","[387.26, 38]",264.09,148,121.56,-0.12
07:47:30,"[208.07, 42]","[111.0, 54]","[262.14, 28]","[376.73, 37]",235.11,161,54.07,0.19
07:47:31,"[207.0, 27]","[119.83, 35]","[217.81, 27]","[218.67, 12]",212.41,101,10.81,0.23
07:47:32,"[207.0, 36]","[171.48, 42]","[215.0, 12]","[218.18, 34]",211.0,124,8.0,0.26
07:47:33,"[209.6, 30]","[178.0, 39]","[217.0, 9]","[219.0, 27]",213.3,105,7.4,0.31
07:47:34,"[212.0, 32]","[208.0, 24]","[217.5, 8]","[242.2, 20]",214.75,84,5.5,0.33
07:47:35,"[208.57, 28]","[157.57, 23]","[219.0, 9]","[337.39, 18]",213.79,78,10.43,0.31
07:47:36,"[209.13, 23]","[163.25, 40]","[219.0, 9]","[267.67, 12]",214.07,84,9.87,0.5
07:47:37,"[212.6, 30]","[210.36, 42]","[217.12, 80]","[220.62, 16]",214.86,168,4.53,-0.14
07:47:38,"[216.15, 39]","[214.71, 51]","[218.41, 29]","[328.71, 55]",217.28,174,2.26,0.03
07:47:39,"[219.31, 16]","[217.56, 25]","[304.21, 14]","[458.0, 49]",261.76,104,84.9,-0.21
07:47:40,"[219.53, 34]","[208.38, 16]","[471.5, 40]","[558.05, 43]",345.51,133,251.97,-0.25
07:47:41,"[221.63, 38]","[220.5, 16]","[316.54, 41]","[426.29, 42]",269.08,137,94.91,-0.21
07:47:42,"[225.0, 27]","[221.93, 15]","[321.0, 30]","[400.59, 37]",273.0,109,96.0,-0.23
07:47:43,"[224.26, 43]","[222.14, 37]","[322.81, 32]","[434.2, 56]",273.53,168,98.56,-0.05
07:47:44,"[223.9, 40]","[222.8, 40]","[439.36, 22]","[614.02, 41]",331.63,143,215.46,0.12
07:47:45,"[224.11, 35]","[222.0, 40]","[274.14, 35]","[389.86, 37]",249.13,147,50.03,0.02
07:47:46,"[225.31, 39]","[223.91, 99]","[366.57, 42]","[536.72, 53]",295.94,233,141.26,0.18
07:47:47,"[227.18, 22]","[225.0, 24]","[373.0, 32]","[517.75, 40]",300.09,118,145.82,-0.22
07:47:48,"[228.0, 21]","[225.0, 36]","[505.08, 48]","[617.36, 44]",366.54,149,277.08,-0.23
07:47:49,"[224.52, 31]","[224.13, 39]","[374.0, 28]","[616.56, 27]",299.26,125,149.48,0.12
07:47:50,"[226.0, 7]","[224.0, 91]","[349.54, 26]","[494.13, 23]",287.77,147,123.54,0.33
07:47:51,"[224.0, 78]","[223.0, 54]","[267.67, 18]","[345.09, 22]",245.83,172,43.67,0.53
07:47:52,"[224.0, 78]","[223.0, 54]","[266.0, 18]","[268.0, 18]",245.0,168,42.0,0.57
07:47:53,"[224.22, 83]","[223.63, 123]","[264.82, 33]","[368.94, 34]",244.52,273,40.6,0.51
07:47:54,"[225.0, 24]","[224.0, 104]","[255.41, 29]","[279.88, 24]",240.21,181,30.41,0.41
07:47:55,"[225.0, 30]","[224.0, 130]","[250.4, 30]","[322.5, 40]",237.7,230,25.4,0.39
07:47:56,"[225.0, 24]","[224.0, 104]","[246.2, 25]","[248.1, 31]",235.6,184,21.2,0.39
07:47:57,"[225.0, 24]","[224.0, 234]","[242.79, 56]","[245.09, 70]",233.89,384,17.79,0.34
07:47:58,"[225.0, 11]","[224.0, 143]","[240.0, 33]","[243.0, 44]",232.5,231,15.0,0.33
07:47:59,"[225.0, 12]","[224.0, 156]","[237.53, 45]","[239.26, 39]",231.27,252,12.53,0.33
07:48:00,"[225.0, 13]","[224.0, 169]","[234.82, 45]","[235.87, 46]",229.91,273,9.82,0.33
07:48:01,"[225.0, 10]","[224.0, 130]","[233.8, 40]","[235.0, 30]",229.4,210,8.8,0.33
07:48:02,"[225.0, 16]","[224.0, 208]","[231.16, 44]","[232.24, 46]",228.08,314,6.16,0.43
07:48:03,"[224.36, 28]","[223.84, 154]","[228.83, 12]","[229.95, 42]",226.6,236,4.48,0.54
07:48:04,"[224.19, 78]","[223.06, 102]","[455.95, 43]","[512.57, 42]",340.07,265,231.76,0.36
07:48:05,"[229.0, 36]","[224.0, 72]","[324.33, 58]","[339.88, 52]",276.66,218,95.33,-0.01
07:48:06,"[229.0, 15]","[224.0, 30]","[322.0, 25]","[324.0, 25]",275.5,95,93.0,-0.05
07:48:07,"[229.0, 39]","[224.0, 78]","[319.15, 65]","[320.15, 65]",274.08,247,90.15,-0.05
07:48:08,"[227.67, 36]","[224.14, 63]","[263.37, 54]","[314.47, 58]",245.52,211,35.7,-0.06
07:48:09,"[225.0, 39]","[224.0, 78]","[230.11, 61]","[231.92, 61]",227.56,239,5.11,-0.02
07:48:10,"[225.0, 30]","[224.0, 60]","[229.8, 50]","[230.8, 50]",227.4,190,4.8,-0.05
07:48:11,"[225.0, 18]","[224.0, 36]","[228.83, 30]","[230.0, 30]",226.92,114,3.83,-0.05
07:48:12,"[225.0, 34]","[223.13, 92]","[226.8, 50]","[228.1, 50]",225.9,226,1.8,0.12
07:48:13,"[223.71, 84]","[221.04, 45]","[225.64, 55]","[259.15, 27]",224.68,211,1.92,0.22
07:48:14,"[223.0, 78]","[219.0, 55]","[251.77, 47]","[347.74, 23]",237.38,203,28.77,0.31
07:48:15,"[222.76, 49]","[219.65, 43]","[255.0, 10]","[303.0, 40]",238.88,142,32.24,0.3
07:48:16,"[220.0, 40]","[219.0, 50]","[302.24, 37]","[465.0, 25]",261.12,152,82.24,0.18
07:48:17,"[219.66, 29]","[215.63, 38]","[491.42, 24]","[537.32, 28]",355.54,119,271.76,0.13
07:48:18,"[219.0, 35]","[206.5, 24]","[460.25, 16]","[491.5, 24]",339.62,99,241.25,0.19
07:48:19,"[219.0, 35]","[209.0, 28]","[340.96, 23]","[405.62, 21]",279.98,107,121.96,0.18
07:48:20,"[220.71, 68]","[217.42, 77]","[307.44, 32]","[427.69, 48]",264.07,225,86.73,0.29
07:48:21,"[226.69, 35]","[223.84, 50]","[290.23, 22]","[381.95, 38]",258.46,145,63.54,0.17
07:48:22,"[223.61, 33]","[220.06, 53]","[253.15, 13]","[255.0, 39]",238.38,138,29.55,0.25
07:48:23,"[223.0, 42]","[219.0, 77]","[250.08, 26]","[252.33, 18]",236.54,163,27.08,0.46
07:48:24,"[221.33, 24]","[209.59, 68]","[249.2, 20]","[251.0, 10]",235.27,122,27.87,0.51
07:48:25,"[219.73, 49]","[188.12, 114]","[245.54, 26]","[249.36, 22]",232.64,211,25.8,0.55
07:48:26,"[220.62, 60]","[203.0, 40]","[247.93, 30]","[251.0, 15]",234.28,145,27.32,0.38
07:48:27,"[221.0, 42]","[215.42, 52]","[246.43, 28]","[251.0, 14]",233.71,136,25.43,0.38
07:48:28,"[221.55, 20]","[219.0, 48]","[244.14, 14]","[245.4, 10]",232.85,92,22.59,0.48
07:48:29,"[221.0, 30]","[215.66, 58]","[242.91, 22]","[245.0, 11]",231.95,121,21.91,0.45
07:48:30,"[220.6, 20]","[217.71, 28]","[230.17, 6]","[234.14, 7]",225.38,61,9.57,0.57
07:48:31,"[223.0, 14]","[219.0, 42]","[229.27, 11]","[230.43, 7]",226.14,74,6.27,0.51
07:48:32,"[223.0, 18]","[219.0, 54]","[226.89, 18]","[230.0, 9]",224.94,99,3.89,0.45
07:48:33,"[221.46, 26]","[217.62, 26]","[224.43, 14]","[230.0, 7]",222.95,73,2.97,0.42
07:48:34,"[221.0, 65]","[220.0, 84]","[223.08, 26]","[230.15, 13]",222.04,188,2.08,0.59
07:48:35,"[221.0, 40]","[220.0, 64]","[224.15, 13]","[296.25, 8]",222.58,125,3.15,0.66
07:48:36,"[222.37, 49]","[221.65, 84]","[454.73, 11]","[615.68, 19]",338.55,163,232.36,0.63
07:48:37,"[226.0, 27]","[225.0, 72]","[505.0, 30]","[541.33, 18]",365.5,147,279.0,0.35
07:48:38,"[225.38, 80]","[224.46, 91]","[462.33, 36]","[577.9, 42]",343.85,249,236.96,0.37
07:48:39,"[226.17, 52]","[225.35, 40]","[378.0, 26]","[477.46, 26]",302.09,144,151.83,0.28
07:48:40,"[228.25, 24]","[226.56, 54]","[373.15, 40]","[390.97, 37]",300.7,155,144.9,0.01
07:48:41,"[228.0, 42]","[225.0, 28]","[349.53, 45]","[359.88, 50]",288.77,165,121.53,-0.15
07:48:42,"[225.0, 24]","[224.0, 84]","[342.23, 39]","[356.4, 45]",283.62,192,117.23,0.12
07:48:43,"[224.83, 24]","[223.92, 76]","[307.46, 39]","[329.37, 38]",266.15,177,82.63,0.13
07:48:44,"[224.0, 31]","[223.0, 54]","[234.27, 30]","[235.26, 35]",229.13,150,10.27,0.13
07:48:45,"[224.0, 21]","[223.0, 42]","[230.92, 26]","[231.63, 27]",227.46,116,6.92,0.09
07:48:46,"[224.0, 27]","[223.0, 63]","[229.18, 28]","[230.83, 35]",226.59,153,5.18,0.18
07:48:47,"[223.57, 42]","[222.88, 82]","[225.6, 40]","[226.68, 37]",224.59,201,2.03,0.23
07:48:48,"[223.0, 50]","[222.0, 65]","[224.14, 43]","[230.4, 30]",223.57,188,1.14,0.22
07:48:49,"[222.0, 60]","[221.0, 60]","[225.0, 24]","[242.83, 24]",223.5,168,3.0,0.43
07:48:50,"[222.29, 34]","[221.08, 38]","[229.25, 16]","[514.5, 16]",225.77,104,6.96,0.38
07:48:51,"[225.78, 36]","[223.25, 32]","[293.25, 16]","[406.88, 16]",259.51,100,67.47,0.36
07:48:52,"[228.0, 36]","[222.65, 31]","[367.33, 18]","[432.22, 18]",297.67,103,139.33,0.3
07:48:53,"[228.0, 26]","[222.0, 30]","[432.8, 44]","[439.48, 29]",330.4,129,204.8,-0.13
07:48:54,"[228.0, 16]","[222.0, 24]","[409.78, 23]","[427.17, 35]",318.89,98,181.78,-0.18
07:48:55,"[223.33, 27]","[220.29, 123]","[335.65, 23]","[369.93, 43]",279.49,216,112.32,0.39
07:48:56,"[220.75, 72]","[219.94, 144]","[333.08, 48]","[334.36, 28]",276.92,292,112.33,0.48
07:48:57,"[222.0, 15]","[220.0, 75]","[329.82, 22]","[333.41, 17]",275.91,129,107.82,0.4
07:48:58,"[222.0, 24]","[220.0, 120]","[307.86, 14]","[329.18, 34]",264.93,192,85.86,0.5
07:48:59,"[220.51, 83]","[219.9, 115]","[288.77, 22]","[327.2, 49]",254.64,269,68.27,0.47
07:49:00,"[221.0, 64]","[220.0, 112]","[302.33, 57]","[304.06, 70]",261.67,303,81.33,0.16
