Time,Bid1,Bid2,Ask1,Ask2,Mid-Price,Total_volume,Bid_ask_spread,Order_imbalance
07:30:00,"[0, 0]","[0, 0]","[339.0, 4]","[488.0, 2]",169.5,6,339.0,-1.0
07:30:02,"[105.13, 23]","[95.0, 9]","[190.0, 6]","[488.0, 6]",147.57,44,84.87,0.45
07:30:03,"[174.0, 20]","[138.0, 24]","[190.0, 8]","[554.5, 8]",182.0,60,16.0,0.47
07:30:04,"[174.0, 27]","[114.0, 42]","[190.0, 14]","[575.43, 14]",182.0,97,16.0,0.42
07:30:05,"[174.0, 4]","[128.8, 30]","[190.0, 8]","[364.0, 8]",182.0,50,16.0,0.36
07:30:06,"[174.0, 11]","[131.71, 84]","[189.0, 17]","[234.47, 19]",181.5,131,15.0,0.45
07:30:07,"[113.29, 41]","[93.0, 63]","[187.67, 12]","[188.33, 12]",150.48,128,74.37,0.62
07:30:08,"[159.79, 14]","[157.45, 49]","[182.0, 18]","[187.0, 9]",170.89,90,22.21,0.4
07:30:09,"[162.0, 8]","[161.0, 48]","[176.27, 15]","[236.69, 13]",169.13,84,14.27,0.33
07:30:10,"[162.5, 6]","[158.19, 32]","[170.0, 18]","[187.0, 6]",166.25,62,7.5,0.23
07:30:11,"[164.25, 8]","[116.0, 16]","[169.64, 14]","[172.83, 18]",166.95,56,5.39,-0.14
07:30:12,"[165.0, 8]","[152.75, 16]","[168.88, 8]","[170.0, 24]",166.94,56,3.88,-0.14
07:30:13,"[166.36, 11]","[158.62, 13]","[168.0, 7]","[169.0, 35]",167.18,66,1.64,-0.27
07:30:14,"[166.58, 26]","[158.96, 25]","[168.25, 52]","[169.25, 60]",167.41,163,1.67,-0.37
07:30:15,"[163.85, 39]","[128.73, 60]","[167.89, 72]","[169.18, 91]",165.87,262,4.04,-0.24
07:30:16,"[167.25, 40]","[163.36, 44]","[169.24, 50]","[171.26, 54]",168.25,188,1.99,-0.11
07:30:17,"[168.45, 22]","[167.36, 28]","[170.0, 24]","[172.0, 32]",169.23,106,1.55,-0.06
07:30:18,"[169.3, 20]","[167.0, 25]","[171.14, 35]","[178.67, 30]",170.22,110,1.84,-0.18
07:30:19,"[170.73, 22]","[160.14, 21]","[172.0, 40]","[192.0, 22]",171.36,105,1.27,-0.18
07:30:20,"[167.72, 61]","[158.06, 31]","[180.96, 25]","[212.36, 61]",174.34,178,13.24,0.03
07:30:21,"[169.5, 144]","[165.47, 19]","[197.93, 71]","[224.07, 59]",183.71,293,28.43,0.11
07:30:22,"[170.61, 62]","[166.29, 14]","[175.58, 26]","[180.07, 70]",173.09,172,4.96,-0.12
07:30:23,"[169.46, 26]","[165.21, 14]","[176.0, 60]","[195.0, 70]",172.73,170,6.54,-0.53
07:30:24,"[172.0, 40]","[166.0, 8]","[176.0, 32]","[194.38, 32]",174.0,112,4.0,-0.14
07:30:25,"[172.0, 25]","[166.4, 5]","[176.0, 20]","[190.56, 9]",174.0,59,4.0,0.02
07:30:26,"[172.0, 60]","[167.0, 12]","[175.73, 44]","[187.38, 47]",173.86,163,3.73,-0.12
07:30:27,"[173.0, 104]","[172.0, 65]","[174.46, 39]","[176.0, 52]",173.73,260,1.46,0.3
07:30:28,"[173.0, 48]","[172.0, 55]","[174.0, 33]","[176.0, 44]",173.5,180,1.0,0.14
07:30:29,"[173.85, 131]","[171.94, 81]","[175.72, 65]","[187.1, 82]",174.79,359,1.87,0.18
07:30:30,"[174.09, 79]","[173.31, 105]","[176.0, 55]","[189.0, 75]",175.04,314,1.91,0.17
07:30:31,"[174.0, 81]","[172.0, 45]","[176.0, 27]","[189.0, 45]",175.0,198,2.0,0.27
07:30:32,"[174.0, 48]","[172.0, 35]","[176.0, 21]","[189.0, 35]",175.0,139,2.0,0.19
07:30:33,"[174.0, 26]","[172.0, 50]","[176.0, 30]","[189.0, 50]",175.0,156,2.0,-0.03
07:30:34,"[174.0, 11]","[172.0, 55]","[182.34, 41]","[189.41, 39]",178.17,146,8.34,-0.1
07:30:35,"[174.0, 12]","[172.0, 60]","[187.1, 20]","[187.52, 52]",180.55,144,13.1,0.0
07:30:36,"[173.27, 11]","[170.09, 67]","[184.47, 19]","[186.91, 47]",178.87,144,11.2,0.08
07:30:37,"[172.0, 8]","[168.0, 64]","[184.0, 40]","[185.0, 8]",178.0,120,12.0,0.2
07:30:38,"[172.0, 12]","[168.0, 96]","[183.6, 45]","[183.82, 33]",177.8,186,11.6,0.16
07:30:39,"[172.09, 11]","[168.05, 81]","[180.94, 17]","[181.89, 38]",176.52,147,8.85,0.25
07:30:40,"[173.65, 20]","[172.0, 20]","[178.6, 78]","[180.0, 43]",176.13,161,4.95,-0.5
07:30:41,"[174.0, 15]","[172.0, 15]","[175.74, 47]","[177.3, 40]",174.87,117,1.74,-0.49
07:30:42,"[172.25, 16]","[169.61, 114]","[180.04, 24]","[195.29, 28]",176.15,182,7.79,0.43
07:30:43,"[172.22, 18]","[170.8, 40]","[181.0, 10]","[182.0, 45]",176.61,113,8.78,0.03
07:30:44,"[175.0, 13]","[173.0, 39]","[178.2, 44]","[180.33, 48]",176.6,144,3.2,-0.28
07:30:45,"[175.0, 9]","[173.28, 36]","[176.0, 36]","[177.0, 27]",175.5,108,1.0,-0.17
07:30:46,"[174.17, 24]","[172.78, 41]","[175.78, 36]","[177.24, 17]",174.97,118,1.61,0.1
07:30:47,"[172.5, 20]","[170.62, 58]","[178.17, 12]","[183.88, 40]",175.33,130,5.67,0.2
07:30:48,"[176.6, 10]","[171.18, 33]","[184.79, 38]","[315.03, 39]",180.69,120,8.19,-0.28
07:30:49,"[170.68, 57]","[168.11, 35]","[181.95, 21]","[185.65, 49]",176.32,162,11.27,0.14
07:30:50,"[169.0, 36]","[163.0, 16]","[179.0, 9]","[183.0, 18]",174.0,79,10.0,0.32
07:30:51,"[173.36, 11]","[169.52, 29]","[178.77, 13]","[182.81, 21]",176.07,74,5.41,0.08
07:30:52,"[171.91, 23]","[170.96, 71]","[175.64, 44]","[177.55, 49]",173.77,187,3.72,0.01
07:30:53,"[171.73, 110]","[170.51, 49]","[173.73, 37]","[174.9, 31]",172.73,227,2.0,0.4
07:30:54,"[173.0, 44]","[172.0, 130]","[175.96, 25]","[181.85, 41]",174.48,240,2.96,0.45
07:30:55,"[174.67, 24]","[172.0, 120]","[181.0, 12]","[182.0, 60]",177.83,216,6.33,0.33
07:30:56,"[172.37, 76]","[171.5, 80]","[180.62, 16]","[181.98, 66]",176.5,238,8.26,0.31
07:30:57,"[172.0, 67]","[171.0, 48]","[179.0, 36]","[181.0, 12]",175.5,163,7.0,0.41
07:30:58,"[172.53, 43]","[171.48, 31]","[179.0, 21]","[181.0, 7]",175.77,102,6.47,0.45
07:30:59,"[174.0, 72]","[172.0, 60]","[178.9, 30]","[180.0, 18]",176.45,180,4.9,0.47
07:31:00,"[174.0, 72]","[172.0, 60]","[176.58, 12]","[179.0, 36]",175.29,180,2.58,0.47
07:31:01,"[173.47, 85]","[171.82, 57]","[177.62, 16]","[180.78, 40]",175.55,198,4.15,0.43
07:31:02,"[175.0, 50]","[174.0, 10]","[181.0, 10]","[182.0, 30]",178.0,100,6.0,0.2
07:31:03,"[176.12, 86]","[175.64, 78]","[180.67, 18]","[181.95, 38]",178.39,220,4.55,0.49
07:31:04,"[177.48, 142]","[176.39, 94]","[180.0, 54]","[181.0, 63]",178.74,353,2.52,0.34
07:31:05,"[179.0, 90]","[177.0, 50]","[180.0, 30]","[181.0, 40]",179.5,210,1.0,0.33
07:31:06,"[179.7, 50]","[178.62, 52]","[180.91, 35]","[183.73, 44]",180.31,181,1.21,0.13
07:31:07,"[180.0, 50]","[179.0, 60]","[181.0, 40]","[184.0, 50]",180.5,200,1.0,0.1
07:31:08,"[180.0, 50]","[179.0, 60]","[181.0, 40]","[187.9, 10]",180.5,160,1.0,0.38
07:31:09,"[180.0, 46]","[179.0, 60]","[181.0, 40]","[184.0, 10]",180.5,156,1.0,0.36
07:31:10,"[179.52, 52]","[178.26, 34]","[181.0, 40]","[184.0, 10]",180.26,136,1.48,0.26
07:31:11,"[179.92, 79]","[176.5, 32]","[181.15, 20]","[254.4, 10]",180.54,141,1.23,0.57
07:31:12,"[175.2, 25]","[174.89, 28]","[184.0, 8]","[360.0, 32]",179.6,93,8.8,0.14
07:31:13,"[177.51, 83]","[175.52, 31]","[180.64, 25]","[214.23, 22]",179.07,161,3.13,0.42
07:31:14,"[178.35, 23]","[177.86, 43]","[181.0, 11]","[182.47, 19]",179.67,96,2.65,0.38
07:31:15,"[179.0, 10]","[178.0, 50]","[181.36, 14]","[182.03, 72]",180.18,146,2.36,-0.18
07:31:16,"[179.71, 21]","[178.09, 33]","[182.0, 45]","[183.0, 18]",180.86,117,2.29,-0.08
07:31:17,"[180.67, 42]","[178.0, 10]","[182.0, 50]","[183.0, 20]",181.33,122,1.33,-0.15
07:31:18,"[179.0, 10]","[174.0, 10]","[182.0, 50]","[183.0, 20]",180.5,90,3.0,-0.56
07:31:19,"[172.25, 84]","[170.11, 111]","[182.0, 60]","[183.0, 24]",177.12,279,9.75,0.4
07:31:20,"[172.91, 55]","[172.02, 87]","[182.0, 60]","[183.0, 24]",177.45,226,9.09,0.26
07:31:21,"[175.98, 45]","[174.29, 17]","[182.19, 42]","[196.57, 23]",179.08,127,6.21,-0.02
07:31:22,"[175.73, 33]","[172.1, 202]","[181.94, 64]","[182.79, 19]",178.83,318,6.21,0.48
07:31:23,"[177.07, 41]","[175.87, 31]","[180.4, 60]","[182.0, 60]",178.74,192,3.33,-0.25
07:31:24,"[174.0, 176]","[172.0, 112]","[178.88, 64]","[181.56, 64]",176.44,416,4.88,0.38
07:31:25,"[174.0, 154]","[172.0, 98]","[176.88, 17]","[178.21, 56]",175.44,325,2.88,0.55
07:31:26,"[172.43, 206]","[171.16, 172]","[175.85, 13]","[178.0, 52]",174.14,443,3.42,0.71
07:31:27,"[172.4, 30]","[171.93, 219]","[174.23, 31]","[177.47, 34]",173.31,314,1.83,0.59
07:31:28,"[172.31, 26]","[171.36, 141]","[174.0, 56]","[177.57, 14]",173.15,237,1.69,0.41
07:31:29,"[172.0, 24]","[171.0, 180]","[173.83, 48]","[180.75, 12]",172.92,264,1.83,0.55
07:31:30,"[171.0, 195]","[170.0, 195]","[179.15, 13]","[181.69, 52]",175.08,455,8.15,0.71
07:31:31,"[171.0, 195]","[170.0, 195]","[180.35, 43]","[181.6, 25]",175.67,458,9.35,0.7
07:31:32,"[171.97, 80]","[170.79, 120]","[178.44, 36]","[179.27, 30]",175.21,266,6.47,0.5
07:31:33,"[175.01, 144]","[171.81, 164]","[176.52, 42]","[177.62, 53]",175.77,403,1.51,0.53
07:31:34,"[175.25, 80]","[174.18, 131]","[177.47, 38]","[179.33, 54]",176.36,303,2.22,0.39
07:31:35,"[175.0, 120]","[174.0, 48]","[178.0, 36]","[182.0, 48]",176.5,252,3.0,0.33
07:31:36,"[175.33, 90]","[174.71, 84]","[178.0, 36]","[182.0, 48]",176.67,258,2.67,0.35
07:31:37,"[176.24, 84]","[174.95, 148]","[179.23, 52]","[182.08, 52]",177.73,336,2.99,0.38
07:31:38,"[175.48, 42]","[174.9, 40]","[182.0, 36]","[183.0, 9]",178.74,127,6.52,0.29
07:31:39,"[175.0, 60]","[174.0, 24]","[182.0, 24]","[189.67, 12]",178.5,120,7.0,0.4
07:31:40,"[175.0, 80]","[174.0, 32]","[182.0, 32]","[324.23, 35]",178.5,179,7.0,0.25
07:31:41,"[175.0, 152]","[174.0, 64]","[181.75, 64]","[261.32, 73]",178.38,353,6.75,0.22
07:31:42,"[175.0, 72]","[174.0, 48]","[181.0, 48]","[182.0, 48]",178.0,216,6.0,0.11
07:31:43,"[175.0, 42]","[174.0, 28]","[181.0, 28]","[182.0, 56]",178.0,154,6.0,-0.09
07:31:44,"[175.0, 42]","[174.0, 28]","[181.0, 28]","[182.0, 56]",178.0,154,6.0,-0.09
07:31:45,"[175.0, 60]","[174.0, 40]","[179.6, 40]","[181.67, 60]",177.3,200,4.6,0.0
07:31:46,"[176.2, 45]","[175.16, 67]","[178.93, 56]","[181.0, 62]",177.56,230,2.73,-0.03
07:31:47,"[175.25, 84]","[174.33, 72]","[180.86, 88]","[286.28, 72]",178.06,316,5.61,-0.01
07:31:48,"[175.19, 52]","[174.52, 58]","[178.66, 64]","[183.61, 76]",176.92,250,3.46,-0.12
07:31:49,"[175.0, 48]","[174.0, 32]","[178.0, 40]","[180.25, 28]",176.5,148,3.0,0.08
07:31:50,"[176.06, 36]","[174.9, 80]","[178.0, 70]","[180.0, 42]",177.03,228,1.94,0.02
07:31:51,"[175.46, 39]","[174.6, 50]","[178.0, 45]","[180.0, 30]",176.73,164,2.54,0.09
07:31:52,"[175.0, 30]","[173.2, 20]","[178.0, 20]","[180.0, 15]",176.5,85,3.0,0.18
07:31:53,"[175.15, 47]","[173.55, 58]","[178.0, 43]","[180.0, 36]",176.57,184,2.85,0.14
07:31:54,"[175.0, 78]","[172.89, 36]","[178.0, 39]","[180.0, 39]",176.5,192,3.0,0.19
07:31:55,"[175.0, 60]","[174.0, 20]","[176.22, 37]","[177.55, 22]",175.61,139,1.22,0.15
07:31:56,"[175.0, 54]","[174.0, 20]","[176.0, 38]","[178.17, 23]",175.5,135,1.0,0.1
07:31:57,"[174.06, 34]","[172.0, 52]","[176.0, 28]","[180.0, 42]",175.03,156,1.94,0.1
07:31:58,"[174.1, 10]","[171.91, 22]","[176.0, 16]","[180.0, 24]",175.05,72,1.9,-0.11
07:31:59,"[172.0, 30]","[169.0, 70]","[176.0, 20]","[180.0, 30]",174.0,150,4.0,0.33
07:32:00,"[172.0, 30]","[169.0, 77]","[173.67, 27]","[177.86, 28]",172.83,162,1.67,0.32
07:32:01,"[169.86, 49]","[168.83, 59]","[173.14, 42]","[178.12, 32]",171.5,182,3.29,0.19
07:32:02,"[169.0, 61]","[168.0, 30]","[172.75, 48]","[178.09, 46]",170.88,185,3.75,-0.02
07:32:03,"[169.29, 34]","[168.3, 23]","[176.32, 25]","[178.23, 39]",172.81,121,7.03,-0.06
07:32:04,"[168.38, 39]","[167.08, 39]","[172.0, 14]","[177.0, 42]",170.19,134,3.62,0.16
07:32:05,"[167.0, 56]","[112.23, 31]","[175.56, 34]","[179.58, 55]",171.28,176,8.56,-0.01
07:32:06,"[167.93, 54]","[82.0, 64]","[174.0, 28]","[177.0, 56]",170.96,202,6.07,0.17
07:32:07,"[167.31, 32]","[166.15, 26]","[172.09, 44]","[174.72, 47]",169.7,149,4.78,-0.22
07:32:08,"[166.87, 15]","[165.06, 17]","[169.27, 52]","[170.94, 47]",168.07,131,2.4,-0.51
07:32:09,"[167.0, 12]","[165.0, 12]","[168.0, 48]","[169.0, 24]",167.5,96,1.0,-0.5
07:32:10,"[167.0, 8]","[165.0, 8]","[168.0, 20]","[169.0, 16]",167.5,52,1.0,-0.38
07:32:11,"[167.0, 7]","[165.0, 7]","[168.0, 14]","[169.0, 14]",167.5,42,1.0,-0.33
07:32:12,"[167.0, 5]","[165.0, 5]","[168.0, 10]","[169.0, 10]",167.5,30,1.0,-0.33
07:32:13,"[167.0, 9]","[165.0, 9]","[168.0, 28]","[169.0, 18]",167.5,64,1.0,-0.44
07:32:14,"[167.0, 11]","[164.09, 11]","[168.0, 71]","[169.0, 22]",167.5,115,1.0,-0.62
07:32:15,"[167.0, 13]","[164.77, 13]","[168.0, 52]","[169.0, 26]",167.5,104,1.0,-0.5
07:32:16,"[166.43, 7]","[164.71, 7]","[168.0, 21]","[169.0, 14]",167.21,49,1.57,-0.43
07:32:17,"[165.0, 9]","[164.0, 9]","[166.96, 27]","[168.71, 14]",165.98,59,1.96,-0.39
07:32:18,"[165.9, 10]","[164.9, 10]","[169.0, 20]","[170.0, 10]",167.45,50,3.1,-0.2
07:32:19,"[166.75, 12]","[165.0, 12]","[169.0, 24]","[170.0, 12]",167.88,60,2.25,-0.2
07:32:20,"[166.19, 16]","[162.58, 36]","[169.0, 26]","[170.0, 16]",167.59,94,2.81,0.11
07:32:21,"[163.0, 10]","[162.0, 50]","[169.0, 10]","[170.0, 10]",166.0,80,6.0,0.5
07:32:22,"[162.52, 21]","[161.93, 57]","[169.0, 13]","[170.0, 13]",165.76,104,6.48,0.5
07:32:23,"[163.23, 43]","[162.79, 72]","[169.82, 11]","[171.59, 17]",166.53,143,6.59,0.61
07:32:24,"[163.81, 63]","[162.97, 62]","[172.0, 27]","[173.0, 81]",167.9,233,8.19,0.07
07:32:25,"[164.28, 29]","[163.49, 41]","[173.0, 63]","[174.0, 7]",168.64,140,8.72,0.0
07:32:26,"[165.2, 25]","[164.01, 139]","[172.67, 54]","[173.05, 85]",168.93,303,7.47,0.08
07:32:27,"[164.78, 162]","[163.98, 129]","[171.8, 59]","[172.96, 116]",168.29,466,7.02,0.25
07:32:28,"[167.77, 31]","[164.78, 167]","[171.91, 102]","[173.19, 113]",169.84,413,4.14,-0.04
07:32:29,"[170.86, 35]","[164.47, 43]","[173.44, 50]","[174.48, 83]",172.15,211,2.58,-0.26
07:32:30,"[163.87, 62]","[162.46, 112]","[173.78, 96]","[175.25, 96]",168.83,366,9.91,-0.05
07:32:31,"[166.0, 11]","[164.51, 47]","[174.0, 76]","[198.69, 49]",170.0,183,8.0,-0.37
07:32:32,"[167.3, 10]","[165.0, 40]","[174.0, 110]","[427.57, 14]",170.65,174,6.7,-0.43
07:32:33,"[168.75, 36]","[165.82, 57]","[173.04, 126]","[178.22, 81]",170.89,300,4.29,-0.38
07:32:34,"[168.65, 20]","[166.1, 84]","[170.5, 24]","[172.0, 72]",169.57,200,1.85,0.04
07:32:35,"[166.02, 131]","[164.57, 23]","[171.81, 73]","[172.81, 62]",168.92,289,5.79,0.07
07:32:36,"[166.0, 90]","[163.0, 9]","[170.0, 36]","[172.51, 39]",168.0,174,4.0,0.14
07:32:37,"[167.32, 68]","[165.77, 65]","[170.26, 19]","[173.05, 42]",168.79,194,2.94,0.37
07:32:38,"[171.0, 29]","[166.0, 110]","[172.0, 11]","[174.0, 66]",171.5,216,1.0,0.29
07:32:39,"[171.0, 12]","[166.08, 120]","[172.0, 12]","[174.0, 72]",171.5,216,1.0,0.22
07:32:40,"[171.0, 11]","[167.0, 110]","[172.0, 39]","[173.09, 22]",171.5,182,1.0,0.33
07:32:41,"[168.14, 14]","[166.9, 41]","[172.33, 18]","[359.92, 13]",170.24,86,4.19,0.28
07:32:42,"[167.0, 100]","[163.0, 10]","[173.0, 20]","[320.9, 21]",170.0,151,6.0,0.46
07:32:43,"[167.53, 106]","[166.73, 75]","[171.85, 27]","[245.08, 26]",169.69,234,4.32,0.55
07:32:44,"[167.0, 130]","[163.0, 13]","[169.33, 30]","[194.67, 21]",168.17,194,2.33,0.47
07:32:45,"[166.19, 67]","[162.28, 29]","[169.33, 27]","[172.71, 21]",167.76,144,3.14,0.33
07:32:46,"[165.3, 20]","[162.06, 70]","[174.14, 21]","[207.58, 24]",169.72,135,8.84,0.33
07:32:47,"[167.26, 27]","[165.8, 20]","[273.58, 31]","[505.67, 24]",220.42,102,106.32,-0.08
07:32:48,"[170.14, 44]","[168.22, 37]","[480.0, 24]","[532.03, 31]",325.07,136,309.86,0.19
07:32:49,"[172.75, 24]","[171.93, 56]","[479.1, 20]","[552.8, 20]",325.93,120,306.35,0.33
07:32:50,"[173.05, 21]","[171.78, 64]","[383.25, 24]","[416.25, 24]",278.15,133,210.2,0.28
07:32:51,"[175.0, 16]","[173.95, 19]","[431.03, 38]","[551.22, 32]",303.01,105,256.03,-0.33
07:32:52,"[181.76, 102]","[176.35, 20]","[415.24, 42]","[428.33, 36]",298.5,200,233.47,0.22
07:32:53,"[182.0, 27]","[181.0, 3]","[576.83, 12]","[625.22, 9]",379.42,51,394.83,0.18
07:32:54,"[182.0, 99]","[181.0, 11]","[262.36, 22]","[723.73, 55]",222.18,187,80.36,0.18
07:32:55,"[182.0, 72]","[181.0, 8]","[309.45, 22]","[631.45, 31]",245.73,133,127.45,0.2
07:32:56,"[182.0, 81]","[181.0, 9]","[325.62, 39]","[383.07, 27]",253.81,156,143.62,0.15
07:32:57,"[182.0, 108]","[181.0, 12]","[346.42, 48]","[416.31, 51]",264.21,219,164.42,0.1
07:32:58,"[182.0, 72]","[181.0, 8]","[277.64, 22]","[357.43, 35]",229.82,137,95.64,0.17
07:32:59,"[182.0, 63]","[181.0, 9]","[195.8, 20]","[308.67, 36]",188.9,128,13.8,0.12
07:33:00,"[182.0, 40]","[181.0, 8]","[193.62, 32]","[329.92, 37]",187.81,117,11.62,-0.18
07:33:01,"[178.22, 60]","[177.11, 56]","[192.19, 32]","[220.69, 52]",185.2,200,13.97,0.16
07:33:02,"[178.0, 90]","[175.0, 30]","[188.43, 35]","[189.22, 27]",183.21,182,10.43,0.32
07:33:03,"[178.56, 143]","[177.32, 93]","[184.24, 41]","[185.71, 34]",181.4,311,5.68,0.52
07:33:04,"[180.0, 10]","[179.0, 100]","[183.33, 36]","[184.31, 26]",181.67,172,3.33,0.28
07:33:05,"[179.04, 81]","[178.77, 39]","[180.95, 41]","[181.95, 43]",179.99,204,1.91,0.18
07:33:06,"[179.0, 85]","[178.0, 13]","[180.24, 51]","[197.73, 41]",179.62,190,1.24,0.03
07:33:07,"[179.0, 14]","[178.0, 14]","[181.86, 42]","[337.72, 18]",180.43,88,2.86,-0.36
07:33:08,"[178.92, 12]","[177.58, 19]","[181.32, 34]","[424.39, 18]",180.12,83,2.41,-0.25
07:33:09,"[178.17, 48]","[176.97, 116]","[219.33, 24]","[293.96, 25]",198.75,213,41.17,0.54
07:33:10,"[177.47, 76]","[176.6, 40]","[199.09, 22]","[225.43, 37]",188.28,175,21.62,0.33
07:33:11,"[177.0, 68]","[176.0, 18]","[198.22, 18]","[255.33, 18]",187.61,122,21.22,0.41
07:33:12,"[177.0, 41]","[176.0, 22]","[195.0, 31]","[196.89, 38]",186.0,132,18.0,-0.05
07:33:13,"[177.0, 15]","[176.0, 30]","[191.37, 60]","[192.78, 45]",184.18,150,14.37,-0.4
07:33:14,"[177.0, 12]","[176.0, 24]","[185.42, 43]","[187.34, 47]",181.21,126,8.42,-0.43
07:33:15,"[176.98, 99]","[175.97, 35]","[180.64, 78]","[182.22, 65]",178.81,277,3.66,-0.03
07:33:16,"[177.0, 22]","[176.0, 28]","[178.81, 68]","[181.41, 34]",177.9,152,1.81,-0.34
07:33:17,"[176.09, 35]","[175.27, 22]","[177.74, 95]","[375.49, 70]",176.91,222,1.65,-0.49
07:33:18,"[175.64, 14]","[174.33, 15]","[177.0, 50]","[341.6, 40]",176.32,119,1.36,-0.51
07:33:19,"[174.43, 14]","[172.1, 42]","[177.0, 50]","[271.0, 40]",175.71,146,2.57,-0.23
07:33:20,"[173.43, 14]","[171.94, 51]","[270.25, 48]","[414.45, 44]",221.84,157,96.82,-0.17
07:33:21,"[172.0, 32]","[169.0, 8]","[242.8, 30]","[412.5, 32]",207.4,102,70.8,-0.22
07:33:22,"[172.78, 54]","[171.71, 31]","[241.2, 30]","[527.1, 40]",206.99,155,68.42,0.1
07:33:23,"[173.0, 36]","[172.0, 24]","[238.5, 18]","[472.0, 24]",205.75,102,65.5,0.18
07:33:24,"[173.22, 54]","[172.0, 36]","[238.0, 27]","[440.0, 36]",205.61,153,64.78,0.18
07:33:25,"[174.49, 70]","[172.0, 48]","[236.93, 45]","[242.72, 39]",205.71,202,62.45,0.17
07:33:26,"[173.55, 33]","[170.62, 32]","[184.57, 42]","[420.0, 40]",179.06,147,11.03,-0.12
07:33:27,"[169.0, 22]","[168.0, 26]","[174.2, 40]","[333.71, 42]",171.6,130,5.2,-0.26
07:33:28,"[170.0, 10]","[168.11, 18]","[173.96, 23]","[221.36, 33]",171.98,84,3.96,-0.33
07:33:29,"[171.86, 7]","[168.4, 10]","[176.41, 17]","[309.15, 26]",174.13,60,4.55,-0.43
07:33:30,"[170.0, 31]","[168.38, 13]","[176.8, 25]","[333.8, 35]",173.4,104,6.8,-0.15
07:33:31,"[171.42, 24]","[169.6, 10]","[177.0, 27]","[383.78, 36]",174.21,97,5.58,-0.3
07:33:32,"[172.57, 14]","[169.71, 7]","[176.57, 14]","[268.0, 28]",174.57,63,4.0,-0.33
07:33:33,"[172.61, 23]","[168.75, 16]","[175.26, 38]","[262.86, 51]",173.94,128,2.65,-0.39
07:33:34,"[169.12, 16]","[153.94, 33]","[174.82, 22]","[333.0, 28]",171.97,99,5.69,-0.01
07:33:35,"[168.36, 22]","[166.27, 79]","[177.0, 12]","[541.0, 24]",172.68,137,8.64,0.47
07:33:36,"[175.0, 8]","[167.0, 176]","[177.0, 48]","[333.57, 28]",176.0,260,2.0,0.42
07:33:37,"[175.0, 7]","[167.0, 154]","[177.0, 42]","[355.78, 27]",176.0,230,2.0,0.4
07:33:38,"[167.94, 127]","[166.88, 96]","[176.67, 30]","[184.03, 39]",172.31,292,8.72,0.53
07:33:39,"[169.0, 128]","[167.61, 31]","[177.0, 16]","[178.0, 32]",173.0,207,8.0,0.54
07:33:40,"[169.41, 118]","[168.73, 131]","[177.92, 48]","[294.54, 48]",173.66,345,8.51,0.44
07:33:41,"[169.64, 132]","[168.0, 40]","[177.88, 32]","[365.95, 21]",173.76,225,8.24,0.53
07:33:42,"[171.11, 164]","[170.21, 39]","[177.0, 40]","[178.0, 40]",174.05,283,5.89,0.43
07:33:43,"[174.75, 122]","[173.53, 68]","[176.42, 38]","[177.08, 48]",175.59,276,1.67,0.38
07:33:44,"[175.43, 46]","[174.94, 134]","[177.92, 52]","[226.39, 31]",176.68,263,2.49,0.37
07:33:45,"[175.0, 236]","[174.0, 56]","[199.21, 56]","[281.21, 39]",187.11,387,24.21,0.51
07:33:46,"[175.44, 160]","[174.5, 40]","[271.79, 38]","[318.76, 17]",223.61,255,96.35,0.57
07:33:47,"[176.25, 146]","[174.64, 56]","[270.54, 39]","[394.58, 45]",223.39,286,94.29,0.41
07:33:48,"[177.81, 59]","[175.0, 30]","[481.36, 44]","[689.58, 24]",329.59,157,303.55,0.13
07:33:49,"[179.84, 76]","[178.82, 33]","[331.46, 52]","[547.38, 52]",255.65,213,151.62,0.02
07:33:50,"[180.0, 39]","[179.0, 27]","[414.44, 36]","[563.89, 36]",297.22,138,234.44,-0.04
07:33:51,"[179.0, 33]","[177.0, 11]","[450.67, 39]","[563.81, 42]",314.83,125,271.67,-0.3
07:33:52,"[179.22, 27]","[178.17, 46]","[267.4, 10]","[297.71, 14]",223.31,97,88.18,0.51
07:33:53,"[180.0, 16]","[179.0, 24]","[245.87, 15]","[267.08, 12]",212.93,67,65.87,0.19
07:33:54,"[180.0, 24]","[179.0, 36]","[188.3, 44]","[227.24, 46]",184.15,150,8.3,-0.2
07:33:55,"[180.82, 33]","[179.67, 27]","[186.08, 12]","[188.0, 60]",183.45,132,5.27,-0.09
07:33:56,"[181.0, 30]","[180.0, 20]","[184.29, 14]","[187.91, 46]",182.64,110,3.29,-0.09
07:33:57,"[180.78, 23]","[179.44, 27]","[182.54, 39]","[182.52, 27]",181.66,116,1.76,-0.14
07:33:58,"[179.7, 10]","[178.78, 27]","[181.42, 12]","[184.06, 36]",180.56,85,1.72,-0.13
07:33:59,"[179.0, 21]","[178.0, 42]","[182.0, 35]","[252.5, 20]",180.5,118,3.0,0.07
07:34:00,"[178.19, 62]","[177.73, 33]","[180.5, 34]","[188.54, 61]",179.35,190,2.31,0.0
07:34:01,"[178.0, 56]","[177.0, 15]","[180.27, 30]","[247.0, 42]",179.13,143,2.27,-0.01
07:34:02,"[175.82, 17]","[174.69, 26]","[312.88, 32]","[357.94, 17]",244.35,92,137.05,-0.07
07:34:03,"[174.45, 22]","[173.14, 14]","[332.0, 20]","[374.0, 5]",253.23,61,157.55,0.18
07:34:04,"[175.41, 39]","[175.08, 49]","[212.12, 32]","[352.12, 8]",193.77,128,36.71,0.38
07:34:05,"[176.2, 119]","[174.58, 43]","[275.05, 22]","[425.71, 28]",225.62,212,98.84,0.53
07:34:06,"[176.02, 122]","[173.48, 54]","[203.71, 17]","[311.93, 14]",189.86,207,27.69,0.7
07:34:07,"[175.85, 65]","[174.0, 40]","[177.08, 26]","[210.5, 10]",176.46,141,1.23,0.49
07:34:08,"[176.08, 49]","[174.0, 56]","[177.5, 28]","[223.0, 35]",176.79,168,1.42,0.25
07:34:09,"[174.07, 30]","[172.23, 44]","[179.0, 9]","[212.88, 33]",176.53,116,4.93,0.28
07:34:10,"[173.0, 36]","[170.33, 48]","[179.0, 11]","[241.36, 44]",176.0,139,6.0,0.21
07:34:11,"[175.67, 36]","[172.9, 30]","[178.23, 26]","[244.45, 11]",176.95,103,2.56,0.28
07:34:12,"[176.46, 132]","[172.92, 62]","[366.0, 22]","[289.73, 40]",271.23,256,189.54,0.52
07:34:13,"[172.16, 49]","[168.29, 49]","[374.64, 45]","[485.0, 25]",273.4,168,202.48,0.17
07:34:14,"[171.5, 30]","[167.67, 24]","[417.0, 24]","[702.33, 6]",294.25,84,245.5,0.29
07:34:15,"[173.75, 102]","[171.33, 60]","[351.83, 48]","[694.33, 12]",262.79,222,178.08,0.46
07:34:16,"[178.34, 64]","[174.54, 89]","[381.67, 36]","[760.56, 9]",280.01,198,203.32,0.55
07:34:17,"[179.12, 88]","[178.0, 48]","[543.75, 8]","[545.0, 32]",361.44,176,364.62,0.55
07:34:18,"[180.5, 154]","[178.0, 84]","[337.27, 41]","[434.48, 21]",258.88,300,156.77,0.59
07:34:19,"[181.0, 77]","[178.0, 42]","[246.62, 13]","[250.36, 22]",213.81,154,65.62,0.55
07:34:20,"[181.0, 187]","[178.0, 102]","[244.08, 49]","[246.49, 45]",212.54,383,63.08,0.51
07:34:21,"[181.13, 76]","[179.81, 91]","[214.28, 46]","[220.59, 46]",197.71,259,33.15,0.29
07:34:22,"[182.0, 12]","[181.0, 66]","[209.5, 30]","[246.0, 6]",195.75,114,27.5,0.37
07:34:23,"[182.0, 14]","[181.0, 88]","[209.0, 40]","[246.0, 8]",195.5,150,27.0,0.36
07:34:24,"[181.02, 83]","[180.13, 31]","[183.0, 55]","[209.0, 55]",182.01,224,1.98,0.02
07:34:25,"[181.0, 82]","[178.0, 13]","[208.54, 65]","[418.27, 55]",194.77,215,27.54,-0.12
07:34:26,"[181.0, 96]","[178.0, 16]","[201.07, 75]","[309.71, 69]",191.03,256,20.07,-0.12
07:34:27,"[181.0, 48]","[178.0, 8]","[206.71, 35]","[216.76, 37]",193.86,128,25.71,-0.12
07:34:28,"[181.0, 36]","[178.67, 6]","[205.0, 30]","[207.0, 24]",193.0,96,24.0,-0.12
07:34:29,"[181.0, 54]","[179.83, 24]","[204.05, 43]","[206.21, 38]",192.52,159,23.05,-0.02
07:34:30,"[181.0, 54]","[180.0, 36]","[203.0, 36]","[204.0, 45]",192.0,171,22.0,0.05
07:34:31,"[180.57, 56]","[179.73, 22]","[202.0, 50]","[203.0, 40]",191.29,168,21.43,-0.07
07:34:32,"[181.0, 80]","[180.0, 40]","[202.0, 50]","[203.0, 40]",191.5,210,21.0,0.14
07:34:33,"[181.0, 96]","[180.0, 48]","[197.68, 57]","[200.59, 51]",189.34,252,16.68,0.14
07:34:34,"[181.0, 40]","[180.0, 20]","[194.65, 23]","[197.73, 22]",187.83,105,13.65,0.14
07:34:35,"[181.0, 76]","[180.0, 48]","[193.15, 52]","[194.18, 56]",187.08,232,12.15,0.07
07:34:36,"[181.7, 80]","[180.82, 88]","[189.5, 64]","[190.62, 64]",185.6,296,7.8,0.14
07:34:37,"[181.0, 82]","[180.0, 64]","[185.75, 55]","[187.45, 62]",183.37,263,4.75,0.11
07:34:38,"[180.0, 32]","[179.09, 22]","[182.43, 42]","[183.37, 38]",181.21,134,2.43,-0.19
07:34:39,"[179.0, 14]","[178.0, 7]","[181.12, 17]","[182.2, 20]",180.06,58,2.12,-0.28
07:34:40,"[177.28, 36]","[176.95, 266]","[180.36, 11]","[181.89, 38]",178.82,351,3.09,0.72
07:34:41,"[177.0, 329]","[175.0, 83]","[178.31, 13]","[179.31, 13]",177.65,438,1.31,0.88
07:34:42,"[177.0, 280]","[175.0, 84]","[178.0, 14]","[246.36, 50]",177.5,428,1.0,0.7
07:34:43,"[177.0, 152]","[175.0, 48]","[234.0, 29]","[314.89, 27]",205.5,256,57.0,0.56
07:34:44,"[177.0, 209]","[175.0, 66]","[198.47, 38]","[220.23, 39]",187.74,352,21.47,0.56
07:34:45,"[178.84, 109]","[176.98, 203]","[196.87, 60]","[205.53, 45]",187.86,417,18.02,0.5
07:34:46,"[179.15, 54]","[177.52, 108]","[196.0, 40]","[248.0, 30]",187.57,232,16.85,0.4
07:34:47,"[177.0, 192]","[175.0, 72]","[195.67, 48]","[375.23, 40]",186.33,352,18.67,0.5
07:34:48,"[177.0, 128]","[175.0, 48]","[194.5, 32]","[466.88, 24]",185.75,232,17.5,0.52
07:34:49,"[177.0, 96]","[175.0, 36]","[193.0, 24]","[368.5, 18]",185.0,174,16.0,0.52
07:34:50,"[177.0, 192]","[175.0, 72]","[191.96, 46]","[280.55, 42]",184.48,352,14.96,0.5
07:34:51,"[176.16, 76]","[174.25, 96]","[189.4, 30]","[192.0, 40]",182.78,242,13.24,0.42
07:34:52,"[178.0, 36]","[175.0, 54]","[189.0, 27]","[192.0, 36]",183.5,153,11.0,0.18
07:34:53,"[178.19, 54]","[175.7, 86]","[185.68, 56]","[187.52, 56]",181.93,252,7.49,0.11
07:34:54,"[175.56, 62]","[174.14, 133]","[180.08, 52]","[181.47, 45]",177.82,292,4.51,0.34
07:34:55,"[175.0, 203]","[172.0, 210]","[178.1, 52]","[179.21, 48]",176.55,513,3.1,0.61
07:34:56,"[173.09, 88]","[170.72, 122]","[176.0, 27]","[178.5, 24]",174.55,261,2.91,0.61
07:34:57,"[172.0, 62]","[151.47, 77]","[174.8, 15]","[179.79, 19]",173.4,173,2.8,0.61
07:34:58,"[161.34, 59]","[147.02, 85]","[178.51, 61]","[241.42, 57]",169.92,262,17.17,0.1
07:34:59,"[174.81, 16]","[172.44, 25]","[179.0, 70]","[378.0, 40]",176.91,151,4.19,-0.46
07:35:00,"[174.54, 13]","[81.59, 37]","[178.58, 31]","[217.52, 62]",176.56,143,4.04,-0.3
07:35:01,"[172.17, 12]","[47.7, 70]","[204.77, 43]","[445.6, 30]",188.47,155,32.6,0.06
07:35:02,"[118.0, 8]","[46.59, 22]","[180.0, 40]","[396.75, 40]",149.0,110,62.0,-0.45
07:35:03,"[74.77, 26]","[67.72, 32]","[174.21, 28]","[227.5, 40]",124.49,126,99.45,-0.08
07:35:04,"[95.0, 6]","[80.12, 24]","[170.33, 18]","[174.33, 27]",132.67,75,75.33,-0.2
07:35:05,"[152.93, 43]","[48.76, 17]","[170.62, 40]","[179.0, 68]",161.78,168,17.69,-0.29
07:35:06,"[170.0, 12]","[60.67, 6]","[171.0, 12]","[173.0, 12]",170.5,42,1.0,-0.14
07:35:07,"[170.0, 10]","[94.0, 5]","[171.0, 8]","[173.0, 10]",170.5,33,1.0,-0.09
07:35:08,"[170.0, 10]","[82.0, 5]","[171.0, 5]","[173.0, 10]",170.5,30,1.0,0.0
07:35:09,"[170.0, 12]","[58.0, 7]","[171.0, 7]","[173.0, 14]",170.5,40,1.0,-0.05
07:35:10,"[170.0, 6]","[58.0, 6]","[172.56, 9]","[178.0, 24]",171.28,45,2.56,-0.47
07:35:11,"[170.0, 10]","[58.0, 10]","[172.4, 20]","[173.64, 11]",171.2,51,2.4,-0.22
07:35:12,"[170.0, 8]","[93.75, 8]","[173.0, 16]","[174.0, 8]",171.5,40,3.0,-0.2
07:35:13,"[170.0, 5]","[110.0, 5]","[173.67, 6]","[174.95, 21]",171.83,37,3.67,-0.46
07:35:14,"[170.0, 7]","[130.29, 14]","[174.0, 7]","[175.0, 35]",172.0,63,4.0,-0.33
07:35:15,"[170.0, 6]","[118.57, 7]","[174.0, 6]","[175.0, 30]",172.0,49,4.0,-0.47
07:35:16,"[172.95, 64]","[164.0, 10]","[175.0, 50]","[305.98, 48]",173.98,172,2.05,-0.14
07:35:17,"[173.0, 49]","[169.43, 7]","[175.0, 35]","[302.0, 35]",174.0,126,2.0,-0.11
07:35:18,"[173.04, 56]","[170.5, 16]","[174.85, 55]","[280.83, 60]",173.95,187,1.82,-0.23
07:35:19,"[173.07, 29]","[170.4, 30]","[192.63, 49]","[332.89, 53]",182.85,161,19.56,-0.27
07:35:20,"[171.16, 57]","[169.62, 26]","[185.64, 25]","[330.24, 50]",178.4,158,14.48,0.05
07:35:21,"[173.59, 111]","[171.3, 74]","[253.33, 54]","[398.66, 83]",213.46,322,79.75,0.15
07:35:22,"[177.48, 61]","[176.55, 116]","[292.13, 52]","[392.02, 55]",234.81,284,114.66,0.25
07:35:23,"[179.27, 22]","[177.02, 113]","[290.0, 45]","[341.67, 60]",234.64,240,110.73,0.12
07:35:24,"[180.5, 16]","[179.98, 65]","[266.67, 27]","[333.65, 34]",223.58,142,86.17,0.14
07:35:25,"[182.0, 12]","[181.0, 12]","[222.67, 43]","[301.9, 41]",202.34,108,40.67,-0.56
07:35:26,"[182.0, 11]","[181.0, 11]","[209.82, 33]","[352.69, 51]",195.91,106,27.82,-0.58
07:35:27,"[181.91, 11]","[180.83, 12]","[194.23, 39]","[244.8, 41]",188.07,103,12.32,-0.55
07:35:28,"[181.0, 11]","[180.0, 22]","[188.36, 33]","[194.4, 43]",184.68,109,7.36,-0.39
07:35:29,"[182.2, 10]","[180.2, 10]","[188.0, 18]","[253.0, 18]",185.1,56,5.8,-0.29
07:35:30,"[183.0, 36]","[181.0, 12]","[186.83, 36]","[270.38, 52]",184.92,136,3.83,-0.29
07:35:31,"[183.0, 18]","[181.0, 6]","[185.0, 6]","[186.0, 18]",184.0,48,2.0,0.0
07:35:32,"[179.3, 30]","[177.48, 23]","[183.33, 12]","[221.33, 15]",181.32,80,4.03,0.33
07:35:33,"[178.0, 96]","[176.0, 60]","[181.72, 36]","[183.11, 18]",179.86,210,3.72,0.49
07:35:34,"[178.0, 105]","[176.0, 65]","[179.34, 61]","[190.81, 21]",178.67,252,1.34,0.35
07:35:35,"[176.4, 50]","[174.03, 73]","[241.85, 65]","[412.92, 62]",209.12,250,65.45,-0.02
07:35:36,"[176.08, 39]","[173.81, 62]","[198.32, 53]","[428.14, 49]",187.2,203,22.24,-0.0
07:35:37,"[176.0, 7]","[174.0, 35]","[402.56, 27]","[431.12, 32]",289.28,101,226.56,-0.17
07:35:38,"[176.89, 9]","[174.89, 9]","[406.6, 25]","[435.38, 21]",291.74,64,229.71,-0.44
07:35:39,"[178.09, 22]","[176.0, 11]","[390.67, 46]","[430.42, 52]",284.38,131,212.58,-0.5
07:35:40,"[179.0, 16]","[176.0, 8]","[302.65, 34]","[377.84, 38]",240.82,96,123.65,-0.5
07:35:41,"[175.43, 28]","[173.43, 28]","[286.53, 34]","[391.84, 38]",230.98,128,111.1,-0.12
07:35:42,"[173.13, 76]","[172.27, 45]","[275.23, 52]","[342.54, 65]",224.18,238,102.1,0.02
07:35:43,"[173.07, 43]","[172.22, 27]","[273.25, 32]","[369.62, 40]",223.16,142,100.18,-0.01
07:35:44,"[177.13, 45]","[174.25, 48]","[271.42, 48]","[378.61, 56]",224.28,197,94.28,-0.06
07:35:45,"[179.0, 56]","[177.74, 46]","[251.57, 56]","[398.15, 62]",215.29,220,72.57,-0.07
07:35:46,"[179.83, 29]","[178.53, 30]","[248.12, 32]","[509.25, 40]",213.98,131,68.3,-0.1
07:35:47,"[181.5, 18]","[180.0, 12]","[247.0, 24]","[357.5, 30]",214.25,84,65.5,-0.29
07:35:48,"[182.0, 24]","[180.0, 16]","[247.0, 32]","[336.0, 40]",214.5,112,65.0,-0.29
07:35:49,"[182.0, 21]","[180.0, 14]","[247.0, 28]","[302.94, 34]",214.5,97,65.0,-0.28
07:35:50,"[182.0, 12]","[180.0, 16]","[247.0, 32]","[293.0, 40]",214.5,100,65.0,-0.44
07:35:51,"[182.0, 11]","[180.0, 22]","[244.67, 45]","[391.62, 48]",213.33,126,62.67,-0.48
07:35:52,"[181.6, 10]","[179.23, 26]","[240.14, 43]","[335.7, 47]",210.87,126,58.54,-0.43
07:35:53,"[176.85, 52]","[174.73, 22]","[242.7, 40]","[367.14, 44]",209.77,158,65.85,-0.06
07:35:54,"[175.0, 28]","[174.0, 28]","[210.82, 17]","[225.18, 17]",192.91,90,35.82,0.24
07:35:55,"[175.0, 21]","[174.0, 56]","[182.38, 32]","[183.46, 37]",178.69,146,7.38,0.05
07:35:56,"[175.0, 20]","[174.0, 70]","[180.0, 40]","[181.0, 40]",177.5,170,5.0,0.06
07:35:57,"[174.0, 44]","[173.0, 22]","[179.0, 34]","[180.0, 44]",176.5,144,5.0,-0.08
07:35:58,"[174.5, 32]","[173.67, 24]","[177.8, 15]","[178.43, 28]",176.15,99,3.3,0.13
07:35:59,"[173.1, 29]","[172.07, 40]","[176.0, 18]","[177.48, 33]",174.55,120,2.9,0.15
07:36:00,"[171.78, 18]","[166.56, 9]","[176.4, 20]","[199.54, 26]",174.09,73,4.62,-0.26
07:36:01,"[171.0, 11]","[157.91, 11]","[177.07, 29]","[184.59, 17]",174.03,68,6.07,-0.35
07:36:02,"[157.5, 10]","[131.2, 25]","[173.93, 14]","[175.33, 12]",165.71,61,16.43,0.15
07:36:03,"[145.5, 20]","[144.31, 13]","[167.58, 33]","[170.42, 31]",156.54,97,22.08,-0.32
07:36:04,"[151.96, 57]","[150.85, 26]","[164.0, 40]","[166.59, 41]",157.98,164,12.04,0.01
07:36:05,"[153.05, 38]","[152.2, 30]","[165.29, 14]","[167.29, 21]",159.17,103,12.23,0.32
07:36:06,"[155.04, 46]","[153.54, 26]","[166.0, 27]","[169.0, 27]",160.52,126,10.96,0.14
07:36:07,"[158.07, 30]","[156.84, 38]","[165.8, 15]","[167.71, 21]",161.93,104,7.73,0.31
07:36:08,"[159.09, 22]","[157.24, 34]","[165.0, 6]","[166.0, 18]",162.05,80,5.91,0.4
07:36:09,"[161.47, 30]","[159.29, 42]","[165.0, 12]","[166.0, 36]",163.23,120,3.53,0.2
07:36:10,"[163.92, 52]","[162.88, 34]","[165.6, 15]","[167.0, 27]",164.76,128,1.68,0.34
07:36:11,"[164.03, 31]","[163.23, 26]","[166.0, 13]","[169.0, 18]",165.02,88,1.97,0.3
07:36:12,"[164.0, 60]","[163.0, 40]","[167.46, 13]","[169.41, 29]",165.73,142,3.46,0.41
07:36:13,"[163.74, 38]","[159.67, 36]","[168.38, 13]","[169.91, 11]",166.06,98,4.65,0.51
07:36:14,"[164.2, 25]","[119.18, 34]","[169.0, 18]","[171.0, 6]",166.6,83,4.8,0.42
07:36:15,"[165.0, 35]","[164.0, 28]","[169.57, 7]","[172.09, 11]",167.29,81,4.57,0.56
07:36:16,"[166.0, 28]","[165.0, 35]","[225.55, 11]","[255.19, 21]",195.77,95,59.55,0.33
07:36:17,"[168.57, 58]","[167.1, 59]","[271.0, 39]","[424.18, 17]",219.78,173,102.43,0.35
07:36:18,"[182.0, 104]","[178.14, 29]","[271.0, 24]","[285.0, 8]",226.5,165,89.0,0.61
07:36:19,"[182.0, 143]","[181.0, 44]","[224.76, 17]","[256.71, 21]",203.38,225,42.76,0.66
07:36:20,"[182.0, 115]","[180.26, 47]","[218.0, 20]","[221.0, 10]",200.0,192,36.0,0.69
07:36:21,"[182.0, 122]","[180.33, 30]","[216.57, 28]","[256.83, 18]",199.29,198,34.57,0.54
07:36:22,"[182.0, 82]","[181.0, 11]","[251.79, 28]","[341.66, 35]",216.89,156,69.79,0.19
07:36:23,"[182.0, 60]","[181.0, 10]","[228.43, 14]","[230.5, 16]",205.21,100,46.43,0.4
07:36:24,"[182.0, 42]","[181.0, 7]","[226.57, 21]","[228.0, 14]",204.29,84,44.57,0.17
07:36:25,"[182.0, 74]","[181.0, 15]","[223.6, 30]","[225.25, 40]",202.8,159,41.6,0.12
07:36:26,"[182.0, 36]","[181.0, 9]","[219.78, 18]","[221.0, 18]",200.89,81,37.78,0.11
07:36:27,"[182.0, 28]","[181.0, 7]","[218.57, 14]","[219.57, 14]",200.29,63,36.57,0.11
07:36:28,"[182.0, 49]","[181.0, 16]","[215.06, 33]","[217.75, 32]",198.53,130,33.06,0.0
07:36:29,"[182.0, 36]","[181.0, 12]","[212.58, 36]","[214.0, 24]",197.29,108,30.58,-0.11
07:36:30,"[181.43, 28]","[179.0, 48]","[208.84, 25]","[210.31, 29]",195.13,130,27.41,0.17
07:36:31,"[181.45, 44]","[178.2, 60]","[205.33, 24]","[207.0, 24]",193.39,152,23.88,0.37
07:36:32,"[180.18, 44]","[177.18, 51]","[198.89, 45]","[200.75, 40]",189.54,180,18.71,0.06
07:36:33,"[175.0, 11]","[174.0, 11]","[193.84, 31]","[195.12, 24]",184.42,77,18.84,-0.43
07:36:34,"[176.54, 39]","[174.64, 11]","[189.07, 29]","[189.92, 26]",182.8,105,12.53,-0.05
07:36:35,"[178.61, 75]","[178.17, 111]","[187.32, 38]","[188.41, 44]",182.96,268,8.7,0.39
07:36:36,"[180.0, 20]","[179.0, 90]","[186.0, 30]","[187.0, 20]",183.0,160,6.0,0.38
07:36:37,"[180.0, 16]","[179.0, 108]","[183.62, 26]","[184.65, 34]",181.81,184,3.62,0.35
07:36:38,"[179.02, 81]","[178.29, 63]","[181.09, 22]","[183.11, 27]",180.06,193,2.07,0.49
07:36:39,"[179.0, 84]","[178.0, 60]","[181.5, 24]","[184.0, 36]",180.25,204,2.5,0.41
07:36:40,"[179.0, 65]","[178.0, 50]","[181.0, 20]","[184.0, 30]",180.0,165,2.0,0.39
07:36:41,"[179.38, 32]","[177.84, 90]","[180.86, 28]","[184.0, 42]",180.12,192,1.48,0.27
07:36:42,"[177.19, 196]","[176.71, 206]","[309.56, 32]","[474.5, 32]",243.38,466,132.37,0.73
07:36:43,"[177.0, 8]","[175.0, 184]","[440.0, 16]","[474.64, 22]",308.5,230,263.0,0.67
07:36:44,"[175.01, 254]","[174.51, 45]","[277.46, 24]","[372.24, 21]",226.23,344,102.45,0.74
07:36:45,"[175.0, 184]","[174.0, 16]","[233.88, 8]","[235.0, 24]",204.44,232,58.88,0.72
07:36:46,"[175.0, 210]","[174.0, 20]","[182.86, 28]","[233.5, 12]",178.93,270,7.86,0.7
07:36:47,"[175.0, 202]","[174.0, 26]","[180.04, 23]","[198.4, 30]",177.52,281,5.04,0.62
07:36:48,"[175.0, 91]","[174.0, 14]","[178.1, 10]","[287.62, 13]",176.55,128,3.1,0.64
07:36:49,"[174.78, 37]","[172.58, 62]","[178.0, 13]","[271.0, 39]",176.39,151,3.22,0.31
07:36:50,"[175.72, 50]","[174.3, 20]","[178.0, 10]","[279.1, 30]",176.86,110,2.28,0.27
07:36:51,"[176.38, 74]","[174.82, 22]","[448.17, 18]","[561.62, 24]",312.27,138,271.79,0.39
07:36:52,"[176.64, 77]","[174.64, 22]","[471.73, 33]","[589.0, 28]",324.18,160,295.09,0.24
07:36:53,"[177.57, 44]","[174.0, 16]","[367.88, 24]","[582.4, 20]",272.72,104,190.31,0.15
07:36:54,"[179.0, 45]","[174.0, 18]","[530.33, 27]","[614.25, 24]",354.67,114,351.33,0.11
07:36:55,"[179.0, 20]","[174.0, 8]","[458.14, 14]","[485.67, 9]",318.57,51,279.14,0.1
07:36:56,"[179.0, 28]","[174.0, 22]","[367.14, 36]","[395.15, 27]",273.07,113,188.14,-0.12
07:36:57,"[173.06, 53]","[172.46, 13]","[262.86, 28]","[314.37, 19]",217.96,113,89.8,0.17
07:36:58,"[172.44, 41]","[171.79, 47]","[259.73, 44]","[262.76, 34]",216.08,166,87.29,0.06
07:36:59,"[175.45, 20]","[172.11, 80]","[212.89, 53]","[238.31, 49]",194.17,202,37.44,-0.01
07:37:00,"[180.23, 53]","[175.46, 13]","[194.26, 35]","[203.0, 34]",187.24,135,14.03,-0.02
07:37:01,"[183.0, 208]","[177.4, 25]","[191.17, 29]","[193.06, 32]",187.09,294,8.17,0.59
07:37:02,"[183.0, 192]","[181.4, 15]","[187.4, 30]","[188.94, 32]",185.2,269,4.4,0.54
07:37:03,"[183.0, 144]","[182.0, 18]","[185.68, 31]","[186.78, 27]",184.34,220,2.68,0.47
07:37:04,"[183.0, 145]","[182.0, 20]","[184.42, 36]","[198.3, 44]",183.71,245,1.42,0.35
07:37:05,"[183.0, 48]","[182.0, 16]","[184.79, 38]","[274.59, 29]",183.89,131,1.79,-0.02
07:37:06,"[183.0, 8]","[182.0, 16]","[184.5, 40]","[484.12, 32]",183.75,96,1.5,-0.5
07:37:07,"[182.0, 20]","[181.0, 20]","[486.2, 40]","[509.11, 38]",334.1,118,304.2,-0.32
07:37:08,"[181.29, 28]","[178.86, 28]","[485.29, 56]","[539.29, 55]",333.29,167,304.0,-0.33
07:37:09,"[168.71, 28]","[157.06, 36]","[344.14, 28]","[418.0, 28]",256.43,120,175.43,0.07
07:37:10,"[167.18, 38]","[127.44, 36]","[221.27, 44]","[222.27, 44]",194.23,162,54.09,-0.09
07:37:11,"[175.9, 10]","[173.0, 40]","[183.26, 39]","[187.67, 39]",179.58,128,7.36,-0.22
07:37:12,"[175.27, 26]","[163.72, 64]","[180.42, 65]","[181.35, 68]",177.84,223,5.15,-0.19
07:37:13,"[174.23, 26]","[164.11, 38]","[176.61, 46]","[178.0, 45]",175.42,155,2.38,-0.17
07:37:14,"[163.57, 14]","[96.92, 13]","[174.22, 18]","[177.0, 28]",168.9,73,10.65,-0.26
07:37:15,"[141.0, 15]","[70.0, 30]","[168.06, 18]","[170.0, 17]",154.53,80,27.06,0.12
07:37:16,"[141.0, 6]","[83.14, 14]","[167.0, 6]","[350.0, 16]",154.0,42,26.0,-0.05
07:37:17,"[148.0, 16]","[141.0, 8]","[169.0, 8]","[496.5, 32]",158.5,64,21.0,-0.25
07:37:18,"[132.64, 33]","[103.48, 21]","[379.0, 18]","[512.57, 28]",255.82,100,246.36,0.08
07:37:19,"[125.86, 28]","[107.92, 26]","[175.41, 37]","[305.59, 17]",150.63,108,49.55,0.0
07:37:20,"[130.36, 44]","[81.07, 60]","[171.52, 33]","[188.51, 59]",150.94,196,41.15,0.06
07:37:21,"[128.45, 66]","[102.0, 44]","[170.0, 11]","[172.0, 55]",149.23,176,41.55,0.25
07:37:22,"[129.12, 48]","[120.11, 56]","[170.0, 13]","[172.0, 65]",149.56,182,40.88,0.14
07:37:23,"[146.03, 32]","[142.0, 57]","[171.95, 37]","[275.91, 22]",158.99,148,25.91,0.2
07:37:24,"[153.73, 66]","[120.62, 87]","[171.47, 51]","[223.21, 28]",162.6,232,17.74,0.32
07:37:25,"[151.36, 33]","[122.62, 52]","[168.6, 10]","[171.78, 36]",159.98,131,17.24,0.3
07:37:26,"[156.36, 33]","[152.0, 44]","[170.0, 11]","[172.0, 44]",163.18,132,13.64,0.17
07:37:27,"[158.38, 24]","[99.33, 36]","[170.0, 8]","[172.0, 32]",164.19,100,11.62,0.2
07:37:28,"[167.33, 54]","[103.36, 33]","[170.0, 8]","[172.0, 32]",168.67,127,2.67,0.37
07:37:29,"[169.0, 81]","[159.0, 27]","[171.07, 15]","[181.88, 32]",170.03,155,2.07,0.39
07:37:30,"[169.64, 33]","[167.82, 51]","[215.89, 18]","[341.0, 9]",192.76,111,46.25,0.51
07:37:31,"[169.41, 56]","[146.79, 84]","[176.09, 33]","[232.5, 24]",172.75,197,6.68,0.42
07:37:32,"[171.0, 14]","[170.0, 42]","[220.93, 15]","[283.21, 14]",195.97,85,49.93,0.32
07:37:33,"[172.65, 40]","[170.29, 82]","[248.29, 21]","[249.78, 23]",210.47,166,75.64,0.47
07:37:34,"[173.4, 30]","[172.0, 102]","[243.19, 31]","[247.62, 16]",208.3,179,69.79,0.47
07:37:35,"[175.97, 60]","[174.89, 18]","[189.54, 13]","[224.75, 16]",182.75,107,13.57,0.46
07:37:36,"[180.68, 77]","[177.0, 58]","[186.89, 28]","[199.89, 28]",183.78,191,6.22,0.41
07:37:37,"[182.49, 35]","[179.52, 31]","[184.24, 21]","[186.66, 29]",183.36,116,1.75,0.14
07:37:38,"[180.0, 20]","[179.0, 30]","[182.29, 28]","[184.14, 22]",181.14,100,2.29,0.0
07:37:39,"[179.25, 16]","[176.5, 36]","[180.43, 14]","[240.18, 11]",179.84,77,1.18,0.35
07:37:40,"[176.14, 44]","[175.12, 48]","[378.45, 11]","[461.53, 19]",277.3,122,202.32,0.51
07:37:41,"[177.91, 23]","[175.85, 78]","[429.83, 46]","[487.3, 43]",303.87,190,251.91,0.06
07:37:42,"[178.31, 16]","[176.05, 41]","[444.33, 49]","[504.96, 23]",311.32,129,266.01,-0.12
07:37:43,"[177.36, 66]","[176.0, 22]","[253.31, 32]","[290.62, 40]",215.34,160,75.95,0.1
07:37:44,"[178.62, 48]","[176.0, 16]","[245.0, 20]","[266.54, 28]",211.81,112,66.38,0.14
07:37:45,"[179.0, 42]","[176.0, 22]","[212.56, 39]","[258.32, 47]",195.78,150,33.56,-0.15
07:37:46,"[177.26, 19]","[175.0, 51]","[204.0, 55]","[205.0, 33]",190.63,158,26.74,-0.11
07:37:47,"[182.11, 54]","[175.77, 26]","[201.1, 30]","[203.0, 56]",191.61,166,18.99,-0.04
07:37:48,"[182.4, 47]","[177.45, 31]","[197.49, 47]","[198.29, 51]",189.95,176,15.09,-0.11
07:37:49,"[179.0, 11]","[177.0, 33]","[190.0, 11]","[192.23, 35]",184.5,90,11.0,-0.02
07:37:50,"[179.13, 15]","[175.93, 41]","[180.89, 19]","[189.68, 38]",180.01,113,1.76,-0.01
07:37:51,"[175.0, 32]","[173.0, 36]","[177.17, 42]","[254.64, 22]",176.08,132,2.17,0.03
07:37:52,"[173.0, 43]","[172.0, 33]","[176.0, 44]","[417.29, 28]",174.5,148,3.0,0.03
07:37:53,"[173.0, 23]","[172.0, 21]","[587.0, 28]","[718.85, 26]",380.0,98,414.0,-0.1
07:37:54,"[177.94, 51]","[175.39, 46]","[181.95, 58]","[493.84, 49]",179.94,204,4.01,-0.05
07:37:55,"[180.0, 18]","[175.86, 21]","[182.0, 30]","[466.0, 24]",181.0,93,2.0,-0.16
07:37:56,"[179.83, 23]","[177.52, 31]","[182.0, 40]","[435.75, 32]",180.91,126,2.17,-0.14
07:37:57,"[178.0, 18]","[173.0, 27]","[182.0, 45]","[403.11, 36]",180.0,126,4.0,-0.29
07:37:58,"[178.0, 20]","[175.39, 44]","[194.38, 48]","[319.43, 42]",186.19,154,16.38,-0.17
07:37:59,"[176.6, 10]","[173.41, 73]","[194.0, 36]","[315.37, 38]",185.3,157,17.4,0.06
07:38:00,"[176.0, 9]","[173.0, 81]","[193.83, 24]","[337.56, 36]",184.92,150,17.83,0.2
07:38:01,"[176.0, 10]","[173.0, 90]","[193.0, 10]","[194.0, 40]",184.5,150,17.0,0.33
07:38:02,"[176.0, 10]","[173.29, 42]","[190.63, 19]","[192.77, 31]",183.32,102,14.63,0.02
07:38:03,"[173.35, 51]","[149.88, 32]","[187.09, 35]","[189.2, 20]",180.22,138,13.73,0.2
07:38:04,"[173.0, 72]","[141.0, 16]","[186.09, 11]","[187.03, 29]",179.55,128,13.09,0.38
07:38:05,"[173.0, 90]","[139.36, 22]","[185.0, 10]","[187.0, 40]",179.0,162,12.0,0.38
07:38:06,"[173.0, 63]","[116.29, 28]","[183.04, 25]","[185.2, 10]",178.02,126,10.04,0.44
07:38:07,"[173.0, 45]","[120.0, 32]","[182.73, 11]","[183.14, 14]",177.86,102,9.73,0.51
07:38:08,"[173.0, 49]","[171.0, 90]","[182.0, 9]","[183.0, 36]",177.5,184,9.0,0.51
07:38:09,"[174.43, 53]","[172.5, 70]","[180.16, 19]","[181.04, 46]",177.3,188,5.72,0.31
07:38:10,"[175.46, 52]","[172.0, 65]","[180.73, 37]","[238.54, 52]",178.1,206,5.27,0.14
07:38:11,"[176.27, 44]","[172.0, 55]","[179.49, 53]","[193.07, 41]",177.88,193,3.22,0.03
07:38:12,"[176.52, 46]","[169.88, 75]","[301.58, 76]","[445.17, 46]",239.05,243,125.06,-0.0
07:38:13,"[171.83, 29]","[139.5, 28]","[426.85, 41]","[427.74, 38]",299.34,136,255.03,-0.16
07:38:14,"[157.3, 67]","[142.97, 80]","[283.47, 55]","[358.1, 48]",220.39,250,126.17,0.18
07:38:15,"[171.0, 12]","[141.4, 40]","[223.22, 32]","[230.22, 32]",197.11,116,52.22,-0.1
07:38:16,"[171.0, 12]","[133.0, 72]","[183.4, 15]","[206.0, 19]",177.2,118,12.4,0.42
07:38:17,"[133.14, 84]","[132.0, 140]","[185.91, 35]","[267.62, 24]",159.53,283,52.77,0.58
07:38:18,"[139.69, 26]","[128.58, 52]","[191.46, 41]","[364.87, 31]",165.58,150,51.77,0.04
07:38:19,"[145.0, 24]","[84.87, 30]","[244.93, 30]","[360.7, 33]",194.97,117,99.93,-0.08
07:38:20,"[114.14, 28]","[67.67, 54]","[184.82, 44]","[231.21, 53]",149.48,179,70.68,-0.08
07:38:21,"[174.96, 25]","[137.33, 18]","[388.97, 37]","[650.22, 36]",281.97,116,214.01,-0.26
07:38:22,"[175.4, 10]","[174.86, 14]","[724.0, 18]","[779.0, 24]",449.7,66,548.6,-0.27
07:38:23,"[182.46, 39]","[175.93, 28]","[690.67, 36]","[749.88, 34]",436.56,137,508.21,-0.02
07:38:24,"[177.18, 17]","[175.58, 19]","[696.33, 27]","[0, 0]",436.75,63,519.16,0.14
07:38:25,"[177.86, 14]","[175.67, 18]","[616.13, 23]","[640.0, 12]",396.99,67,438.27,-0.04
07:38:26,"[178.84, 38]","[176.0, 18]","[500.52, 44]","[555.61, 23]",339.68,123,321.68,-0.09
07:38:27,"[179.76, 29]","[178.38, 24]","[499.7, 50]","[623.0, 24]",339.73,127,319.94,-0.17
07:38:28,"[181.89, 18]","[179.0, 27]","[300.38, 34]","[393.5, 32]",241.14,111,118.49,-0.19
07:38:29,"[178.76, 38]","[174.09, 80]","[298.0, 65]","[383.61, 33]",238.38,216,119.24,0.09
07:38:30,"[174.5, 32]","[173.16, 76]","[254.44, 48]","[324.74, 39]",214.47,195,79.94,0.11
07:38:31,"[177.96, 109]","[175.78, 27]","[233.0, 65]","[322.29, 34]",205.48,235,55.04,0.16
07:38:32,"[178.0, 55]","[176.0, 22]","[229.73, 52]","[292.15, 33]",203.87,162,51.73,-0.05
07:38:33,"[178.0, 40]","[176.0, 16]","[226.74, 34]","[227.4, 25]",202.37,115,48.74,-0.03
07:38:34,"[178.0, 61]","[176.0, 26]","[222.61, 46]","[224.05, 43]",200.3,176,44.61,-0.01
07:38:35,"[178.5, 16]","[177.09, 22]","[201.2, 25]","[218.42, 24]",189.85,87,22.7,-0.13
07:38:36,"[176.0, 13]","[174.0, 39]","[216.7, 43]","[218.31, 49]",196.35,144,40.7,-0.28
07:38:37,"[176.0, 13]","[174.0, 39]","[211.69, 54]","[213.1, 39]",193.84,145,35.69,-0.28
07:38:38,"[176.85, 47]","[174.55, 29]","[206.4, 63]","[207.5, 48]",191.62,187,29.55,-0.19
07:38:39,"[177.79, 70]","[176.0, 14]","[199.92, 49]","[201.12, 43]",188.85,176,22.13,-0.05
07:38:40,"[178.3, 86]","[176.0, 18]","[184.43, 60]","[193.22, 76]",181.37,240,6.13,-0.13
07:38:41,"[177.6, 15]","[173.21, 113]","[179.69, 49]","[181.83, 71]",178.65,248,2.09,0.03
07:38:42,"[173.02, 164]","[142.16, 31]","[188.76, 21]","[191.04, 47]",180.89,263,15.74,0.48
07:38:43,"[173.15, 26]","[127.2, 20]","[254.47, 19]","[496.93, 14]",213.81,79,81.32,0.16
07:38:44,"[173.25, 16]","[124.34, 82]","[361.64, 25]","[474.35, 23]",267.44,146,188.39,0.34
07:38:45,"[173.71, 35]","[119.15, 75]","[246.14, 35]","[391.38, 26]",209.93,171,72.43,0.29
07:38:46,"[123.7, 27]","[115.62, 45]","[198.0, 32]","[607.58, 19]",160.85,123,74.3,0.17
07:38:47,"[140.92, 13]","[130.69, 13]","[249.83, 46]","[390.26, 38]",195.37,110,108.9,-0.53
07:38:48,"[95.0, 10]","[90.68, 19]","[217.7, 23]","[370.43, 35]",156.35,87,122.7,-0.33
07:38:49,"[94.43, 21]","[28.92, 26]","[283.0, 16]","[370.36, 22]",188.71,85,188.57,0.11
07:38:50,"[178.0, 36]","[172.34, 32]","[290.8, 35]","[355.45, 33]",234.4,136,112.8,0.0
07:38:51,"[183.0, 30]","[181.0, 70]","[291.6, 40]","[411.23, 39]",237.3,179,108.6,0.12
07:38:52,"[183.0, 15]","[181.0, 35]","[290.0, 20]","[389.1, 21]",236.5,91,107.0,0.1
07:38:53,"[183.0, 33]","[181.0, 77]","[281.0, 44]","[314.27, 44]",232.0,198,98.0,0.11
07:38:54,"[181.82, 17]","[180.85, 41]","[268.44, 27]","[278.71, 28]",225.13,113,86.62,0.03
07:38:55,"[180.68, 28]","[177.82, 44]","[199.47, 19]","[234.22, 27]",190.08,118,18.8,0.22
07:38:56,"[182.0, 24]","[180.0, 24]","[189.36, 22]","[197.5, 20]",185.68,90,7.36,0.07
07:38:57,"[180.63, 57]","[177.66, 82]","[183.96, 50]","[189.32, 38]",182.3,227,3.33,0.22
07:38:58,"[180.0, 60]","[177.0, 64]","[181.67, 24]","[187.7, 23]",180.83,171,1.67,0.45
07:38:59,"[180.0, 32]","[177.0, 64]","[181.0, 16]","[223.0, 24]",180.5,136,1.0,0.41
07:39:00,"[180.0, 16]","[177.0, 32]","[181.0, 8]","[315.0, 12]",180.5,68,1.0,0.41
07:39:01,"[180.0, 26]","[177.14, 43]","[181.0, 16]","[259.0, 40]",180.5,125,1.0,0.1
07:39:02,"[179.15, 13]","[177.02, 89]","[318.48, 42]","[393.61, 49]",248.82,193,139.32,0.06
07:39:03,"[179.0, 11]","[177.0, 88]","[355.24, 29]","[423.94, 52]",267.12,180,176.24,0.1
07:39:04,"[177.13, 30]","[176.44, 36]","[385.0, 25]","[506.44, 27]",281.07,118,207.87,0.12
07:39:05,"[177.0, 32]","[176.0, 30]","[450.0, 18]","[539.0, 30]",313.5,110,273.0,0.13
07:39:06,"[176.94, 129]","[175.68, 37]","[436.21, 33]","[666.38, 13]",306.58,212,259.27,0.57
07:39:07,"[177.0, 170]","[176.0, 40]","[742.62, 32]","[744.04, 46]",459.81,288,565.62,0.46
07:39:08,"[178.01, 129]","[176.89, 114]","[414.95, 40]","[628.48, 27]",296.48,310,236.94,0.57
07:39:09,"[179.14, 121]","[177.11, 247]","[218.36, 22]","[299.21, 38]",198.75,428,39.22,0.72
07:39:10,"[180.41, 189]","[179.0, 169]","[217.83, 29]","[581.76, 50]",199.12,437,37.41,0.64
07:39:11,"[181.0, 122]","[179.0, 156]","[215.77, 39]","[216.44, 45]",198.38,362,34.77,0.54
07:39:12,"[181.0, 52]","[179.0, 130]","[213.55, 38]","[215.62, 32]",197.28,252,32.55,0.44
07:39:13,"[181.0, 16]","[179.0, 208]","[206.59, 74]","[208.85, 65]",193.8,363,25.59,0.23
07:39:14,"[179.18, 79]","[177.9, 203]","[183.43, 63]","[186.44, 72]",181.3,417,4.25,0.35
07:39:15,"[179.0, 58]","[177.0, 98]","[180.57, 35]","[182.0, 14]",179.79,205,1.57,0.52
07:39:16,"[177.0, 130]","[176.0, 30]","[180.0, 50]","[182.0, 20]",178.5,230,3.0,0.39
07:39:17,"[177.0, 65]","[176.0, 15]","[178.6, 10]","[180.0, 25]",177.8,115,1.6,0.39
07:39:18,"[177.0, 81]","[176.0, 24]","[179.43, 28]","[415.11, 36]",178.21,169,2.43,0.24
07:39:19,"[177.86, 42]","[176.62, 39]","[556.86, 37]","[727.0, 12]",367.36,130,379.01,0.25
07:39:20,"[180.0, 30]","[177.0, 60]","[474.61, 33]","[508.7, 33]",327.3,156,294.61,0.15
07:39:21,"[181.62, 39]","[177.6, 45]","[403.0, 27]","[450.8, 30]",292.31,141,221.38,0.19
07:39:22,"[183.0, 84]","[180.08, 53]","[402.67, 36]","[469.2, 30]",292.83,203,219.67,0.35
07:39:23,"[183.0, 25]","[182.0, 5]","[401.8, 15]","[463.0, 20]",292.4,65,218.8,-0.08
07:39:24,"[181.5, 20]","[178.09, 23]","[400.04, 23]","[570.45, 31]",290.77,97,218.54,-0.11
07:39:25,"[180.0, 27]","[177.5, 24]","[397.15, 26]","[398.32, 22]",288.58,99,217.15,0.03
07:39:26,"[180.0, 26]","[179.0, 10]","[393.92, 26]","[394.97, 29]",286.96,91,213.92,-0.21
07:39:27,"[180.0, 30]","[179.0, 15]","[342.0, 43]","[343.42, 36]",261.0,124,162.0,-0.27
07:39:28,"[180.0, 20]","[179.0, 10]","[263.5, 28]","[264.45, 22]",221.75,80,83.5,-0.25
07:39:29,"[180.0, 24]","[179.0, 12]","[260.29, 34]","[261.77, 26]",220.15,96,80.29,-0.25
07:39:30,"[180.0, 22]","[179.0, 16]","[251.28, 43]","[260.41, 37]",215.64,118,71.28,-0.36
07:39:31,"[180.0, 12]","[179.0, 12]","[253.5, 34]","[255.23, 26]",216.75,84,73.5,-0.43
07:39:32,"[180.0, 15]","[179.0, 15]","[251.02, 43]","[252.94, 32]",215.51,105,71.02,-0.43
07:39:33,"[180.0, 12]","[179.0, 12]","[246.71, 31]","[248.28, 29]",213.35,84,66.71,-0.43
07:39:34,"[180.0, 11]","[179.0, 11]","[240.15, 26]","[242.3, 30]",210.08,78,60.15,-0.44
07:39:35,"[181.07, 28]","[179.82, 11]","[229.54, 26]","[230.72, 29]",205.3,94,48.47,-0.17
07:39:36,"[182.0, 20]","[179.7, 10]","[227.4, 25]","[228.73, 22]",204.7,77,45.4,-0.22
07:39:37,"[182.0, 28]","[179.0, 14]","[226.62, 32]","[227.71, 28]",204.31,102,44.62,-0.18
07:39:38,"[182.0, 34]","[179.99, 212]","[225.39, 49]","[226.5, 36]",203.69,331,43.39,0.49
07:39:39,"[182.0, 20]","[180.0, 140]","[221.4, 20]","[223.0, 24]",201.7,204,39.4,0.57
07:39:40,"[182.39, 72]","[180.18, 191]","[217.38, 48]","[218.18, 44]",199.88,355,34.99,0.48
07:39:41,"[181.8, 80]","[180.46, 156]","[215.2, 30]","[216.4, 50]",198.5,316,33.4,0.49
07:39:42,"[181.0, 56]","[180.0, 168]","[210.27, 30]","[211.67, 24]",195.63,278,29.27,0.61
07:39:43,"[180.74, 53]","[179.99, 194]","[208.7, 46]","[209.41, 34]",194.72,327,27.96,0.51
07:39:44,"[180.0, 160]","[179.0, 13]","[201.0, 40]","[201.94, 36]",190.5,249,21.0,0.39
07:39:45,"[180.0, 164]","[179.0, 16]","[193.89, 36]","[195.1, 40]",186.94,256,13.89,0.41
07:39:46,"[180.0, 90]","[179.0, 9]","[188.89, 18]","[190.22, 18]",184.44,135,8.89,0.47
07:39:47,"[180.0, 100]","[179.0, 10]","[187.14, 29]","[189.4, 20]",183.57,159,7.14,0.38
07:39:48,"[180.0, 110]","[179.0, 11]","[183.72, 29]","[184.81, 27]",181.86,177,3.72,0.37
07:39:49,"[179.71, 24]","[177.12, 52]","[180.9, 40]","[182.0, 20]",180.3,136,1.19,0.12
07:39:50,"[176.94, 84]","[176.09, 116]","[179.59, 29]","[215.47, 47]",178.26,276,2.65,0.45
07:39:51,"[176.18, 51]","[175.71, 51]","[247.38, 13]","[284.89, 27]",211.78,142,71.21,0.44
07:39:52,"[175.93, 44]","[174.14, 37]","[287.0, 8]","[288.0, 24]",231.47,113,111.07,0.43
07:39:53,"[176.66, 53]","[175.44, 16]","[287.23, 13]","[303.5, 30]",231.95,112,110.57,0.23
07:39:54,"[177.78, 23]","[176.98, 46]","[287.0, 20]","[433.2, 30]",232.39,119,109.22,0.16
07:39:55,"[178.82, 45]","[177.5, 56]","[278.0, 39]","[401.0, 36]",228.41,176,99.18,0.15
07:39:56,"[179.0, 30]","[176.0, 8]","[280.84, 19]","[327.32, 31]",229.92,88,101.84,-0.14
07:39:57,"[180.2, 20]","[176.0, 10]","[286.5, 20]","[365.0, 36]",233.35,86,106.3,-0.3
07:39:58,"[181.0, 16]","[178.31, 13]","[285.88, 16]","[326.67, 36]",233.44,81,104.88,-0.28
07:39:59,"[181.0, 20]","[179.67, 12]","[283.75, 24]","[305.95, 42]",232.38,98,102.75,-0.35
07:40:00,"[181.08, 26]","[180.14, 14]","[281.23, 26]","[283.0, 52]",231.15,118,100.15,-0.32
07:40:01,"[182.59, 54]","[181.35, 34]","[270.0, 60]","[279.7, 46]",226.3,194,87.41,-0.09
07:40:02,"[183.0, 32]","[182.0, 20]","[276.0, 40]","[277.0, 20]",229.5,112,93.0,-0.07
07:40:03,"[182.88, 16]","[181.8, 10]","[276.0, 20]","[277.0, 10]",229.44,56,93.12,-0.07
07:40:04,"[183.0, 75]","[182.0, 30]","[275.27, 60]","[277.0, 30]",229.13,195,92.27,0.08
07:40:05,"[182.67, 30]","[181.44, 18]","[273.33, 36]","[277.0, 18]",228.0,102,90.67,-0.06
07:40:06,"[181.85, 26]","[180.44, 50]","[271.33, 54]","[275.93, 30]",226.59,160,89.49,-0.05
07:40:07,"[181.77, 26]","[180.0, 98]","[272.57, 28]","[277.0, 14]",227.17,166,90.8,0.49
07:40:08,"[182.0, 60]","[180.61, 36]","[270.19, 42]","[272.6, 30]",226.1,168,88.19,0.14
07:40:09,"[180.46, 76]","[179.98, 116]","[249.95, 61]","[253.62, 65]",215.21,318,69.49,0.21
07:40:10,"[180.0, 47]","[179.0, 20]","[239.82, 22]","[241.53, 30]",209.91,119,59.82,0.13
07:40:11,"[180.0, 32]","[179.0, 32]","[236.76, 34]","[238.67, 36]",208.38,134,56.76,-0.04
07:40:12,"[180.0, 22]","[179.0, 22]","[231.96, 25]","[232.84, 25]",205.98,94,51.96,-0.06
07:40:13,"[180.0, 22]","[179.0, 22]","[228.65, 26]","[230.91, 22]",204.33,92,48.65,-0.04
07:40:14,"[180.0, 8]","[179.0, 8]","[224.5, 8]","[226.33, 9]",202.25,33,44.5,-0.03
07:40:15,"[179.88, 25]","[178.88, 25]","[222.08, 26]","[224.38, 26]",200.98,102,42.2,-0.02
07:40:16,"[177.0, 12]","[176.0, 30]","[217.96, 25]","[220.63, 27]",197.48,94,40.96,-0.11
07:40:17,"[177.0, 12]","[176.0, 36]","[214.75, 24]","[216.1, 31]",195.88,103,37.75,-0.07
07:40:18,"[173.18, 22]","[169.7, 10]","[211.53, 19]","[213.25, 16]",192.35,67,38.34,-0.04
07:40:19,"[173.0, 30]","[167.0, 10]","[206.3, 27]","[207.48, 23]",189.65,90,33.3,-0.11
07:40:20,"[173.0, 39]","[167.0, 13]","[200.26, 34]","[201.28, 29]",186.63,115,27.26,-0.1
07:40:21,"[175.77, 78]","[172.68, 38]","[195.47, 30]","[196.75, 40]",185.62,186,19.7,0.25
07:40:22,"[176.54, 91]","[175.3, 60]","[190.1, 39]","[192.41, 34]",183.32,224,13.56,0.35
07:40:23,"[179.63, 86]","[177.61, 54]","[188.4, 47]","[189.67, 36]",184.02,223,8.78,0.26
07:40:24,"[180.0, 84]","[178.5, 36]","[186.04, 25]","[187.71, 45]",183.02,190,6.04,0.26
07:40:25,"[180.0, 63]","[179.0, 27]","[182.11, 36]","[184.0, 18]",181.06,144,2.11,0.25
07:40:26,"[177.43, 56]","[177.4, 30]","[181.0, 44]","[193.72, 25]",179.21,155,3.57,0.11
07:40:27,"[175.92, 48]","[174.11, 36]","[180.08, 24]","[188.76, 29]",178.0,137,4.17,0.23
07:40:28,"[175.0, 12]","[174.0, 12]","[177.78, 18]","[178.48, 21]",176.39,63,2.78,-0.24
07:40:29,"[174.0, 32]","[173.22, 36]","[176.11, 38]","[185.93, 28]",175.05,134,2.11,0.01
07:40:30,"[175.32, 41]","[172.69, 125]","[189.87, 75]","[306.32, 73]",182.59,314,14.55,0.06
07:40:31,"[177.1, 91]","[175.94, 139]","[293.81, 53]","[428.8, 49]",235.46,332,116.71,0.39
07:40:32,"[180.5, 8]","[177.0, 136]","[238.0, 32]","[265.12, 40]",209.25,216,57.5,0.33
07:40:33,"[177.2, 89]","[175.64, 103]","[235.33, 36]","[383.0, 42]",206.27,270,58.13,0.42
07:40:34,"[177.0, 249]","[173.0, 119]","[233.26, 62]","[236.76, 50]",205.13,480,56.26,0.53
07:40:35,"[177.0, 104]","[173.0, 56]","[229.36, 36]","[230.43, 28]",203.18,224,52.36,0.43
07:40:36,"[177.0, 179]","[173.0, 105]","[226.4, 53]","[227.73, 59]",201.7,396,49.4,0.43
07:40:37,"[177.0, 154]","[173.46, 78]","[220.08, 37]","[221.26, 58]",198.54,327,43.08,0.42
07:40:38,"[177.29, 173]","[175.03, 142]","[199.16, 62]","[207.13, 63]",188.23,440,21.87,0.43
07:40:39,"[177.6, 72]","[176.34, 103]","[183.88, 81]","[184.94, 65]",180.74,321,6.28,0.09
07:40:40,"[179.0, 40]","[177.0, 143]","[181.12, 48]","[182.51, 47]",180.06,278,2.12,0.32
07:40:41,"[177.39, 41]","[175.38, 148]","[180.7, 23]","[181.73, 44]",179.04,256,3.31,0.48
07:40:42,"[177.0, 105]","[174.67, 90]","[178.89, 27]","[189.0, 34]",177.94,256,1.89,0.52
07:40:43,"[177.0, 12]","[176.0, 30]","[179.0, 6]","[251.92, 13]",178.0,61,2.0,0.38
07:40:44,"[176.08, 39]","[173.2, 229]","[178.0, 15]","[236.73, 37]",177.04,320,1.92,0.68
07:40:45,"[176.0, 30]","[172.97, 33]","[177.0, 15]","[304.08, 39]",176.5,117,1.0,0.08
07:40:46,"[176.0, 10]","[173.0, 24]","[458.14, 14]","[539.96, 23]",317.07,71,282.14,-0.04
07:40:47,"[176.0, 9]","[173.0, 27]","[261.0, 33]","[463.73, 22]",218.5,91,85.0,-0.21
07:40:48,"[176.86, 42]","[173.43, 21]","[235.22, 27]","[302.81, 27]",206.04,117,58.37,0.08
07:40:49,"[177.0, 132]","[176.0, 11]","[262.79, 19]","[301.4, 30]",219.89,192,85.79,0.49
07:40:50,"[178.0, 108]","[176.0, 9]","[261.0, 9]","[309.38, 26]",219.5,152,83.0,0.54
07:40:51,"[179.45, 132]","[176.0, 11]","[242.68, 19]","[318.12, 25]",211.07,187,63.23,0.53
07:40:52,"[180.36, 132]","[176.0, 11]","[218.57, 21]","[224.4, 45]",199.47,209,38.21,0.37
07:40:53,"[181.0, 146]","[176.0, 13]","[200.46, 26]","[247.03, 35]",190.73,220,19.46,0.45
07:40:54,"[181.17, 69]","[177.08, 38]","[196.88, 16]","[247.16, 31]",189.02,154,15.7,0.39
07:40:55,"[182.67, 15]","[181.36, 55]","[191.3, 27]","[193.39, 18]",186.98,115,8.63,0.22
07:40:56,"[181.64, 11]","[180.92, 53]","[189.62, 16]","[192.0, 8]",185.63,88,7.99,0.45
07:40:57,"[181.0, 38]","[180.0, 44]","[186.6, 15]","[188.56, 18]",183.8,115,5.6,0.43
07:40:58,"[180.8, 10]","[179.8, 40]","[185.25, 12]","[186.11, 18]",183.03,80,4.45,0.25
07:40:59,"[179.58, 19]","[178.44, 54]","[182.62, 16]","[198.91, 23]",181.1,112,3.05,0.3
07:41:00,"[178.33, 18]","[176.4, 25]","[217.85, 13]","[389.5, 20]",198.09,76,39.51,0.13
07:41:01,"[177.0, 30]","[176.0, 75]","[445.0, 35]","[490.17, 59]",311.0,199,268.0,0.06
07:41:02,"[177.92, 60]","[176.17, 48]","[333.05, 39]","[416.68, 31]",255.48,178,155.13,0.21
07:41:03,"[179.31, 112]","[177.0, 32]","[414.06, 32]","[419.05, 66]",296.69,242,234.75,0.19
07:41:04,"[181.0, 48]","[180.0, 56]","[329.27, 22]","[391.06, 34]",255.14,160,148.27,0.3
07:41:05,"[181.0, 54]","[180.0, 63]","[308.11, 18]","[426.54, 41]",244.56,176,127.11,0.33
07:41:06,"[181.0, 48]","[180.0, 70]","[306.9, 20]","[435.14, 14]",243.95,152,125.9,0.55
07:41:07,"[180.0, 64]","[177.0, 28]","[267.84, 37]","[376.91, 53]",223.92,182,87.84,0.01
07:41:08,"[180.0, 40]","[177.0, 20]","[243.5, 20]","[280.62, 26]",211.75,106,63.5,0.13
07:41:09,"[180.0, 46]","[177.0, 20]","[230.97, 29]","[260.53, 17]",205.48,112,50.97,0.18
07:41:10,"[180.0, 43]","[177.0, 26]","[239.75, 36]","[241.31, 29]",209.88,134,59.75,0.03
07:41:11,"[180.0, 24]","[177.0, 16]","[236.36, 22]","[240.47, 17]",208.18,79,56.36,0.01
07:41:12,"[180.0, 48]","[177.0, 32]","[187.54, 37]","[197.44, 39]",183.77,156,7.54,0.03
07:41:13,"[180.0, 21]","[177.0, 14]","[185.1, 20]","[186.2, 15]",182.55,70,5.1,0.0
07:41:14,"[179.65, 34]","[176.71, 28]","[181.9, 40]","[183.21, 28]",180.77,130,2.25,-0.05
07:41:15,"[176.46, 26]","[173.87, 85]","[181.34, 38]","[242.55, 44]",178.9,193,4.88,0.15
07:41:16,"[176.0, 16]","[175.0, 8]","[181.62, 16]","[259.79, 38]",178.81,78,5.62,-0.38
07:41:17,"[176.19, 27]","[175.15, 13]","[179.58, 24]","[234.55, 55]",177.88,119,3.4,-0.33
07:41:18,"[176.52, 62]","[175.21, 19]","[178.35, 23]","[217.87, 63]",177.43,167,1.83,-0.03
07:41:19,"[179.12, 200]","[177.67, 114]","[209.29, 70]","[362.56, 59]",194.21,443,30.16,0.42
07:41:20,"[180.84, 189]","[179.38, 104]","[225.17, 63]","[337.97, 58]",203.01,414,44.33,0.42
07:41:21,"[181.84, 90]","[180.0, 56]","[295.0, 30]","[330.82, 33]",238.42,209,113.16,0.4
07:41:22,"[182.0, 100]","[180.0, 80]","[263.84, 32]","[297.7, 37]",222.92,249,81.84,0.45
07:41:23,"[180.0, 80]","[177.0, 80]","[255.2, 20]","[368.67, 48]",217.6,228,75.2,0.4
07:41:24,"[180.0, 96]","[177.0, 96]","[252.75, 24]","[253.75, 24]",216.38,240,72.75,0.6
07:41:25,"[181.47, 68]","[179.77, 104]","[251.0, 26]","[252.54, 26]",216.24,224,69.53,0.54
07:41:26,"[182.0, 59]","[180.0, 104]","[237.55, 29]","[246.11, 27]",209.78,219,55.55,0.49
07:41:27,"[182.0, 24]","[180.0, 96]","[216.67, 24]","[229.72, 25]",199.33,169,34.67,0.42
07:41:28,"[182.0, 36]","[180.0, 144]","[209.81, 42]","[211.54, 39]",195.9,261,27.81,0.38
07:41:29,"[180.14, 58]","[177.55, 88]","[205.48, 31]","[206.13, 46]",192.81,223,25.35,0.31
07:41:30,"[180.0, 48]","[177.0, 64]","[205.0, 16]","[206.0, 40]",192.5,168,25.0,0.33
07:41:31,"[180.0, 68]","[177.0, 104]","[202.98, 47]","[203.98, 44]",191.49,263,22.98,0.31
07:41:32,"[180.38, 40]","[177.93, 81]","[199.17, 24]","[203.0, 60]",189.77,205,18.79,0.18
07:41:33,"[183.0, 14]","[179.37, 76]","[196.13, 46]","[200.31, 52]",189.57,188,13.13,-0.04
07:41:34,"[178.59, 96]","[177.55, 80]","[193.88, 58]","[194.93, 58]",186.24,292,15.29,0.21
07:41:35,"[180.0, 84]","[179.0, 48]","[191.17, 53]","[191.93, 29]",185.58,214,11.17,0.23
07:41:36,"[180.92, 91]","[179.85, 52]","[186.89, 56]","[188.69, 39]",183.91,238,5.97,0.2
07:41:37,"[181.0, 82]","[180.0, 48]","[183.31, 51]","[184.82, 33]",182.16,214,2.31,0.21
07:41:38,"[180.48, 31]","[179.13, 30]","[246.19, 42]","[398.22, 37]",213.34,140,65.71,-0.13
07:41:39,"[180.0, 38]","[179.0, 10]","[459.05, 37]","[564.22, 41]",319.53,126,279.05,-0.24
07:41:40,"[180.0, 18]","[179.0, 9]","[491.5, 24]","[552.44, 25]",335.75,76,311.5,-0.29
07:41:41,"[180.0, 34]","[179.0, 77]","[490.77, 39]","[531.39, 49]",335.38,199,310.77,0.12
07:41:42,"[178.37, 35]","[176.85, 41]","[264.35, 46]","[368.76, 34]",221.36,156,85.98,-0.03
07:41:43,"[176.2, 15]","[174.26, 23]","[233.24, 21]","[261.23, 43]",204.72,102,57.04,-0.25
07:41:44,"[175.0, 10]","[174.0, 30]","[231.7, 20]","[298.81, 26]",203.35,86,56.7,-0.07
07:41:45,"[175.0, 12]","[174.0, 36]","[229.08, 24]","[230.67, 24]",202.04,96,54.08,0.0
07:41:46,"[174.22, 23]","[173.17, 87]","[223.71, 58]","[225.79, 28]",198.96,196,49.49,0.12
07:41:47,"[174.0, 30]","[173.0, 120]","[221.65, 63]","[223.14, 42]",197.83,255,47.65,0.18
07:41:48,"[173.0, 43]","[87.1, 10]","[207.48, 23]","[215.86, 29]",190.24,105,34.48,0.01
07:41:49,"[173.59, 66]","[168.18, 17]","[192.15, 40]","[197.0, 52]",182.87,175,18.56,-0.05
07:41:50,"[174.76, 102]","[174.5, 36]","[187.58, 24]","[190.25, 24]",181.17,186,12.82,0.48
07:41:51,"[176.99, 82]","[175.54, 78]","[184.3, 23]","[186.1, 20]",180.65,203,7.32,0.58
07:41:52,"[177.85, 104]","[175.85, 81]","[181.06, 33]","[197.54, 37]",179.45,255,3.21,0.45
07:41:53,"[176.0, 102]","[173.0, 16]","[179.69, 32]","[247.5, 20]",177.84,170,3.69,0.39
07:41:54,"[176.6, 90]","[175.57, 42]","[179.07, 27]","[246.57, 14]",177.84,173,2.47,0.53
07:41:55,"[177.4, 50]","[176.36, 44]","[281.0, 7]","[478.0, 14]",229.2,115,103.6,0.63
07:41:56,"[181.0, 42]","[178.11, 108]","[339.53, 15]","[503.76, 41]",260.27,206,158.53,0.46
07:41:57,"[182.0, 64]","[181.0, 16]","[433.77, 22]","[482.7, 10]",307.89,112,251.77,0.43
07:41:58,"[182.59, 34]","[181.93, 86]","[405.1, 29]","[439.04, 26]",293.85,175,222.52,0.37
07:41:59,"[182.0, 66]","[181.0, 22]","[445.37, 35]","[524.16, 19]",313.69,142,263.37,0.24
07:42:00,"[182.0, 72]","[181.0, 24]","[261.06, 53]","[372.71, 34]",221.53,183,79.06,0.05
07:42:01,"[182.0, 42]","[181.0, 16]","[241.0, 40]","[509.73, 22]",211.5,120,59.0,-0.03
07:42:02,"[181.5, 36]","[180.15, 53]","[240.31, 65]","[492.0, 52]",210.9,206,58.81,-0.14
07:42:03,"[181.0, 20]","[180.0, 50]","[238.0, 50]","[276.59, 34]",209.5,154,57.0,-0.09
07:42:04,"[181.0, 30]","[179.98, 65]","[235.87, 75]","[317.26, 19]",208.43,189,54.87,0.01
07:42:05,"[181.0, 24]","[180.0, 36]","[220.16, 58]","[241.78, 36]",200.58,154,39.16,-0.22
07:42:06,"[180.91, 23]","[179.3, 40]","[217.0, 60]","[450.0, 24]",198.96,147,36.09,-0.14
07:42:07,"[179.0, 12]","[176.0, 84]","[216.0, 60]","[329.33, 36]",197.5,192,37.0,0.0
07:42:08,"[180.83, 23]","[175.92, 51]","[216.0, 55]","[298.25, 24]",198.41,153,35.17,-0.03
07:42:09,"[184.0, 21]","[177.43, 21]","[194.79, 34]","[207.75, 28]",189.4,104,10.79,-0.19
07:42:10,"[184.0, 21]","[181.0, 21]","[190.14, 35]","[192.0, 28]",187.07,105,6.14,-0.2
07:42:11,"[184.0, 24]","[181.0, 24]","[190.0, 40]","[344.88, 25]",187.0,113,6.0,-0.15
07:42:12,"[183.19, 27]","[179.9, 29]","[190.0, 50]","[399.0, 30]",186.59,136,6.81,-0.18
07:42:13,"[176.23, 35]","[175.12, 25]","[189.5, 60]","[399.0, 36]",182.86,156,13.27,-0.23
07:42:14,"[176.0, 18]","[175.0, 12]","[189.0, 30]","[217.0, 18]",182.5,78,13.0,-0.23
07:42:15,"[176.0, 33]","[175.0, 22]","[186.94, 31]","[201.45, 40]",181.47,126,10.94,-0.13
07:42:16,"[176.0, 20]","[175.0, 28]","[181.47, 38]","[187.62, 47]",178.74,133,5.47,-0.28
07:42:17,"[174.23, 69]","[173.69, 85]","[176.69, 26]","[181.15, 26]",175.46,206,2.46,0.5
07:42:18,"[174.0, 70]","[172.0, 24]","[179.0, 20]","[261.0, 22]",176.5,136,5.0,0.38
07:42:19,"[174.0, 51]","[172.0, 36]","[184.17, 48]","[291.58, 57]",179.08,192,10.17,-0.09
07:42:20,"[176.65, 23]","[173.85, 39]","[184.0, 52]","[529.43, 53]",180.33,167,7.35,-0.26
07:42:21,"[176.73, 11]","[174.57, 21]","[182.91, 44]","[613.0, 22]",179.82,98,6.18,-0.35
07:42:22,"[179.38, 16]","[177.0, 18]","[181.19, 63]","[265.58, 62]",180.28,159,1.82,-0.57
07:42:23,"[176.31, 35]","[157.11, 37]","[180.38, 39]","[254.32, 59]",178.35,170,4.07,-0.15
07:42:24,"[175.5, 24]","[154.04, 28]","[210.64, 22]","[313.79, 19]",193.07,93,35.14,0.12
07:42:25,"[171.0, 18]","[118.31, 26]","[338.21, 24]","[457.62, 21]",254.6,89,167.21,-0.01
07:42:26,"[171.75, 24]","[162.43, 21]","[288.48, 42]","[460.5, 24]",230.11,111,116.73,-0.19
07:42:27,"[172.86, 42]","[171.0, 7]","[363.78, 18]","[526.1, 29]",268.32,96,190.92,0.02
07:42:28,"[173.0, 30]","[171.0, 5]","[424.77, 22]","[585.23, 13]",298.89,70,251.77,0.0
07:42:29,"[173.68, 75]","[172.06, 17]","[264.19, 62]","[504.31, 29]",218.94,183,90.51,0.01
07:42:30,"[177.0, 5]","[176.0, 30]","[381.85, 13]","[593.45, 22]",279.42,70,204.85,0.0
07:42:31,"[179.32, 22]","[177.19, 31]","[726.0, 50]","[772.0, 20]",452.66,123,546.68,-0.14
07:42:32,"[181.0, 27]","[180.0, 18]","[438.12, 26]","[635.22, 18]",309.56,89,257.12,0.01
07:42:33,"[181.0, 12]","[180.0, 8]","[390.8, 5]","[510.43, 7]",285.9,32,209.8,0.25
07:42:34,"[181.85, 20]","[180.91, 23]","[480.14, 14]","[578.19, 16]",331.0,73,298.29,0.18
07:42:35,"[182.18, 11]","[181.04, 28]","[238.92, 25]","[260.75, 16]",210.55,80,56.74,-0.03
07:42:36,"[180.36, 11]","[179.8, 15]","[238.78, 23]","[254.71, 14]",209.57,63,58.42,-0.17
07:42:37,"[176.0, 48]","[172.83, 82]","[221.0, 18]","[238.08, 39]",198.5,187,45.0,0.39
07:42:38,"[173.9, 80]","[172.91, 94]","[223.24, 37]","[224.46, 13]",198.57,224,49.34,0.55
07:42:39,"[173.0, 168]","[166.0, 28]","[222.0, 30]","[223.0, 30]",197.5,256,49.0,0.53
07:42:40,"[173.0, 126]","[171.0, 27]","[218.22, 9]","[220.91, 33]",195.61,195,45.22,0.57
07:42:41,"[173.0, 126]","[171.0, 27]","[203.0, 11]","[213.78, 9]",188.0,173,30.0,0.77
07:42:42,"[173.16, 50]","[172.85, 123]","[184.87, 15]","[186.07, 29]",179.01,217,11.71,0.59
07:42:43,"[174.0, 14]","[173.0, 200]","[179.15, 27]","[179.93, 42]",176.57,283,5.15,0.51
07:42:44,"[173.02, 88]","[172.54, 52]","[174.41, 17]","[326.48, 23]",173.72,180,1.39,0.56
07:42:45,"[173.0, 42]","[172.0, 15]","[174.0, 10]","[531.25, 8]",173.5,75,1.0,0.52
07:42:46,"[173.0, 104]","[172.0, 39]","[174.0, 26]","[376.05, 38]",173.5,207,1.0,0.38
07:42:47,"[173.0, 44]","[172.0, 21]","[203.08, 13]","[317.11, 19]",188.04,97,30.08,0.34
07:42:48,"[173.1, 61]","[159.03, 34]","[258.8, 30]","[364.75, 24]",215.95,149,85.7,0.28
07:42:49,"[174.83, 72]","[173.0, 77]","[448.03, 29]","[589.47, 30]",311.43,208,273.2,0.43
07:42:50,"[175.36, 59]","[174.27, 41]","[367.0, 11]","[651.12, 32]",271.18,143,191.64,0.4
07:42:51,"[175.97, 29]","[173.62, 21]","[358.43, 7]","[458.14, 21]",267.2,78,182.46,0.28
07:42:52,"[184.0, 36]","[179.4, 20]","[275.95, 22]","[484.94, 32]",229.98,110,91.95,0.02
07:42:53,"[182.25, 32]","[179.5, 16]","[186.0, 36]","[465.69, 32]",184.12,116,3.75,-0.17
07:42:54,"[176.91, 22]","[175.8, 25]","[378.33, 15]","[476.33, 24]",277.62,86,201.42,0.09
07:42:55,"[176.0, 14]","[175.0, 35]","[268.0, 7]","[390.0, 14]",222.0,70,92.0,0.4
07:42:56,"[179.16, 57]","[175.25, 40]","[267.64, 11]","[334.78, 23]",223.4,131,88.48,0.48
07:42:57,"[180.0, 90]","[176.0, 20]","[265.3, 10]","[268.0, 10]",222.65,130,85.3,0.69
07:42:58,"[180.21, 68]","[179.27, 77]","[251.39, 28]","[266.12, 16]",215.8,189,71.19,0.53
07:42:59,"[180.0, 66]","[176.0, 22]","[256.21, 39]","[262.79, 34]",218.1,161,76.21,0.09
07:43:00,"[180.0, 60]","[176.0, 20]","[217.35, 31]","[237.75, 24]",198.68,135,37.35,0.19
07:43:01,"[180.0, 54]","[176.0, 18]","[203.48, 29]","[204.53, 34]",191.74,135,23.48,0.07
07:43:02,"[180.0, 78]","[177.0, 28]","[202.91, 43]","[203.95, 55]",191.45,204,22.91,0.04
07:43:03,"[180.0, 52]","[177.0, 26]","[198.93, 40]","[202.44, 27]",189.46,145,18.93,0.08
07:43:04,"[180.8, 15]","[179.84, 38]","[195.54, 39]","[197.0, 52]",188.17,144,14.74,-0.26
07:43:05,"[181.0, 12]","[180.0, 36]","[191.86, 29]","[193.16, 31]",186.43,108,10.86,-0.11
07:43:06,"[181.0, 9]","[180.0, 27]","[187.43, 28]","[188.0, 26]",184.21,90,6.43,-0.2
07:43:07,"[180.32, 28]","[179.36, 66]","[183.54, 46]","[184.45, 53]",181.93,193,3.22,-0.03
07:43:08,"[180.0, 20]","[179.0, 60]","[181.7, 20]","[183.0, 30]",180.85,130,1.7,0.23
07:43:09,"[179.04, 57]","[177.38, 32]","[181.05, 20]","[195.93, 42]",180.04,151,2.01,0.18
07:43:10,"[179.0, 19]","[176.18, 22]","[181.36, 11]","[253.82, 33]",180.18,85,2.36,-0.04
07:43:11,"[177.19, 21]","[175.86, 14]","[183.0, 11]","[276.0, 33]",180.1,79,5.81,-0.11
07:43:12,"[179.07, 28]","[177.55, 33]","[183.0, 14]","[265.08, 38]",181.04,113,3.93,0.08
07:43:13,"[179.74, 23]","[177.9, 20]","[311.41, 27]","[320.27, 33]",245.57,103,131.67,-0.17
07:43:14,"[180.33, 9]","[179.82, 11]","[348.2, 15]","[409.0, 10]",264.27,45,167.87,-0.11
07:43:15,"[179.73, 11]","[179.2, 25]","[296.0, 33]","[497.5, 24]",237.86,93,116.27,-0.23
07:43:16,"[176.0, 7]","[175.0, 7]","[337.88, 16]","[449.05, 19]",256.94,49,161.88,-0.43
07:43:17,"[176.0, 7]","[175.0, 7]","[333.0, 15]","[461.1, 20]",254.5,49,157.0,-0.43
07:43:18,"[175.2, 10]","[174.11, 18]","[213.0, 30]","[411.0, 20]",194.1,78,37.8,-0.28
07:43:19,"[180.0, 48]","[176.0, 6]","[230.5, 18]","[534.67, 12]",205.25,84,50.5,0.29
07:43:20,"[180.0, 33]","[176.0, 6]","[354.0, 13]","[627.41, 17]",267.0,69,174.0,0.13
07:43:21,"[180.0, 27]","[176.0, 11]","[238.0, 22]","[516.82, 33]",209.0,93,58.0,-0.18
07:43:22,"[180.0, 18]","[176.0, 9]","[238.0, 18]","[594.0, 27]",209.0,72,58.0,-0.25
07:43:23,"[174.73, 11]","[171.83, 58]","[308.33, 24]","[526.26, 31]",241.53,124,133.61,0.11
07:43:24,"[171.0, 140]","[122.88, 25]","[237.0, 20]","[419.8, 30]",204.0,215,66.0,0.53
07:43:25,"[171.0, 56]","[129.18, 11]","[476.5, 12]","[532.67, 9]",323.75,88,305.5,0.52
07:43:26,"[172.64, 75]","[166.5, 100]","[440.21, 28]","[595.4, 30]",306.43,233,267.57,0.5
07:43:27,"[180.0, 49]","[176.0, 14]","[631.14, 21]","[696.0, 21]",405.57,105,451.14,0.2
07:43:28,"[180.0, 56]","[176.0, 16]","[457.27, 22]","[599.12, 16]",318.64,110,277.27,0.31
07:43:29,"[180.0, 44]","[176.0, 18]","[403.26, 19]","[477.77, 13]",291.63,94,223.26,0.32
07:43:30,"[180.0, 116]","[176.0, 22]","[218.38, 13]","[260.44, 25]",199.19,176,38.38,0.57
07:43:31,"[180.18, 142]","[179.36, 100]","[202.75, 40]","[219.47, 17]",191.47,299,22.57,0.62
07:43:32,"[182.0, 26]","[180.3, 86]","[201.08, 26]","[392.62, 13]",191.54,151,19.08,0.48
07:43:33,"[183.0, 24]","[182.0, 24]","[197.83, 24]","[240.55, 22]",190.42,94,14.83,0.02
07:43:34,"[183.0, 22]","[182.0, 22]","[192.91, 22]","[194.55, 22]",187.95,88,9.91,0.0
07:43:35,"[183.0, 20]","[182.0, 20]","[190.5, 20]","[194.0, 20]",186.75,80,7.5,0.0
07:43:36,"[183.0, 24]","[182.0, 24]","[188.0, 24]","[190.0, 24]",185.5,96,5.0,0.0
07:43:37,"[183.46, 26]","[182.3, 20]","[187.0, 20]","[190.0, 20]",185.23,86,3.54,0.07
07:43:38,"[184.0, 38]","[183.0, 22]","[185.73, 22]","[207.52, 25]",184.86,107,1.73,0.12
07:43:39,"[183.23, 13]","[182.29, 14]","[184.57, 14]","[299.43, 21]",183.9,62,1.34,-0.13
07:43:40,"[181.44, 36]","[179.94, 159]","[343.85, 20]","[480.0, 36]",262.65,251,162.41,0.55
07:43:41,"[180.0, 60]","[177.0, 18]","[246.0, 6]","[487.17, 18]",213.0,102,66.0,0.53
07:43:42,"[180.09, 88]","[178.36, 44]","[205.58, 24]","[374.33, 24]",192.84,180,25.49,0.47
07:43:43,"[181.0, 28]","[180.0, 70]","[193.86, 28]","[210.72, 25]",187.43,151,12.86,0.3
07:43:44,"[181.0, 40]","[180.0, 100]","[192.5, 40]","[224.53, 19]",186.75,199,11.5,0.41
07:43:45,"[181.0, 40]","[180.0, 100]","[191.5, 40]","[234.0, 10]",186.25,190,10.5,0.47
07:43:46,"[181.0, 19]","[180.0, 100]","[189.22, 36]","[211.5, 16]",185.11,171,8.22,0.39
07:43:47,"[180.02, 82]","[178.8, 50]","[186.81, 32]","[188.6, 40]",183.42,204,6.79,0.29
07:43:48,"[180.0, 96]","[178.0, 36]","[184.82, 34]","[185.53, 38]",182.41,204,4.82,0.29
07:43:49,"[180.0, 65]","[178.0, 59]","[183.73, 30]","[237.22, 54]",181.87,208,3.73,0.19
07:43:50,"[180.69, 39]","[179.38, 39]","[257.55, 53]","[483.34, 62]",219.12,193,76.85,-0.19
07:43:51,"[180.0, 21]","[178.0, 21]","[266.4, 25]","[325.65, 31]",223.2,98,86.4,-0.14
07:43:52,"[180.0, 32]","[177.77, 39]","[265.38, 39]","[267.0, 65]",222.69,175,85.38,-0.19
07:43:53,"[180.0, 20]","[177.21, 34]","[264.7, 30]","[404.17, 35]",222.35,119,84.7,-0.09
07:43:54,"[180.0, 16]","[178.0, 56]","[263.75, 24]","[348.12, 24]",221.88,120,83.75,0.2
07:43:55,"[180.0, 12]","[178.0, 63]","[261.7, 30]","[296.1, 29]",220.85,134,81.7,0.12
07:43:56,"[180.0, 12]","[178.0, 84]","[259.82, 44]","[260.85, 40]",219.91,180,79.82,0.07
07:43:57,"[180.0, 15]","[178.0, 105]","[255.27, 45]","[259.0, 60]",217.63,225,75.27,0.07
07:43:58,"[180.0, 8]","[178.0, 56]","[186.75, 24]","[236.5, 24]",183.38,112,6.75,0.14
07:43:59,"[179.1, 29]","[177.95, 64]","[218.05, 41]","[229.0, 33]",198.58,167,38.95,0.11
07:44:00,"[179.22, 69]","[178.45, 66]","[207.08, 60]","[210.85, 62]",193.15,257,27.87,0.05
07:44:01,"[179.93, 80]","[178.0, 56]","[181.0, 70]","[199.13, 52]",180.46,258,1.07,0.05
07:44:02,"[178.75, 40]","[177.69, 49]","[181.0, 55]","[215.0, 33]",179.88,177,2.25,0.01
07:44:03,"[180.0, 43]","[177.84, 38]","[183.12, 48]","[222.27, 33]",181.56,162,3.12,0.0
07:44:04,"[178.44, 16]","[176.83, 47]","[248.07, 44]","[348.71, 58]",213.25,165,69.63,-0.24
07:44:05,"[178.0, 4]","[177.0, 12]","[384.88, 16]","[520.62, 16]",281.44,48,206.88,-0.33
07:44:06,"[178.77, 13]","[177.0, 39]","[413.34, 41]","[504.89, 45]",296.06,138,234.57,-0.25
07:44:07,"[176.04, 92]","[175.07, 42]","[220.42, 26]","[290.94, 62]",198.23,222,44.38,0.21
07:44:08,"[176.0, 70]","[174.0, 30]","[217.7, 10]","[252.89, 18]",196.85,128,41.7,0.56
07:44:09,"[176.0, 65]","[174.0, 30]","[195.66, 32]","[201.9, 20]",185.83,147,19.66,0.29
07:44:10,"[176.0, 24]","[174.0, 36]","[190.0, 12]","[191.0, 60]",183.0,132,14.0,-0.09
07:44:11,"[176.97, 147]","[175.57, 28]","[189.31, 13]","[190.69, 29]",183.14,217,12.33,0.61
07:44:12,"[179.5, 42]","[177.08, 149]","[187.64, 14]","[188.64, 14]",183.57,219,8.14,0.74
07:44:13,"[177.3, 113]","[175.86, 79]","[185.36, 11]","[188.0, 11]",181.33,214,8.06,0.79
07:44:14,"[178.35, 77]","[177.41, 154]","[184.75, 16]","[187.25, 16]",181.55,263,6.4,0.76
07:44:15,"[179.98, 153]","[178.86, 49]","[183.13, 15]","[184.27, 15]",181.56,232,3.15,0.74
07:44:16,"[180.34, 58]","[179.74, 70]","[183.31, 16]","[327.03, 37]",181.83,181,2.97,0.41
07:44:17,"[180.83, 23]","[178.2, 50]","[183.0, 9]","[344.67, 24]",181.91,106,2.17,0.38
07:44:18,"[178.0, 6]","[177.0, 78]","[179.19, 21]","[214.56, 9]",178.6,114,1.19,0.47
07:44:19,"[177.01, 131]","[176.25, 53]","[211.21, 38]","[497.29, 21]",194.11,243,34.2,0.51
07:44:20,"[177.0, 130]","[176.0, 40]","[353.83, 24]","[399.0, 26]",265.42,220,176.83,0.55
07:44:21,"[177.0, 180]","[176.0, 60]","[330.64, 47]","[392.69, 32]",253.82,319,153.64,0.5
07:44:22,"[180.79, 24]","[176.97, 147]","[332.77, 39]","[370.03, 38]",256.78,248,151.98,0.38
07:44:23,"[177.11, 64]","[176.16, 67]","[309.5, 24]","[311.47, 17]",243.3,172,132.39,0.52
07:44:24,"[177.0, 54]","[176.0, 48]","[305.71, 17]","[308.5, 18]",241.35,137,128.71,0.49
07:44:25,"[178.0, 9]","[177.0, 81]","[288.27, 26]","[295.25, 20]",233.13,136,110.27,0.32
07:44:26,"[177.18, 34]","[176.63, 86]","[287.0, 30]","[305.48, 27]",232.09,177,109.82,0.36
07:44:27,"[177.0, 49]","[176.0, 29]","[287.0, 21]","[303.33, 18]",232.0,117,110.0,0.33
07:44:28,"[178.82, 71]","[176.93, 75]","[276.48, 31]","[303.82, 33]",227.65,210,97.67,0.39
07:44:29,"[180.73, 55]","[177.0, 77]","[283.55, 33]","[308.0, 33]",232.14,198,102.82,0.33
07:44:30,"[181.0, 40]","[177.0, 56]","[281.75, 24]","[289.25, 24]",231.38,144,100.75,0.33
07:44:31,"[181.0, 55]","[177.0, 77]","[280.4, 30]","[281.73, 33]",230.7,195,99.4,0.35
07:44:32,"[181.0, 40]","[177.0, 56]","[277.04, 23]","[290.6, 20]",229.02,139,96.04,0.38
07:44:33,"[181.0, 35]","[177.0, 49]","[266.39, 18]","[273.59, 22]",223.69,124,85.39,0.35
07:44:34,"[180.92, 24]","[177.9, 40]","[264.81, 26]","[265.92, 38]",222.86,128,83.89,0.0
07:44:35,"[180.0, 10]","[177.0, 70]","[262.33, 48]","[264.71, 34]",221.17,162,82.33,-0.01
07:44:36,"[180.0, 12]","[177.0, 84]","[262.56, 54]","[299.54, 48]",221.28,198,82.56,-0.03
07:44:37,"[182.53, 19]","[177.23, 53]","[258.18, 39]","[261.12, 40]",220.35,151,75.65,-0.05
07:44:38,"[184.0, 33]","[181.93, 56]","[252.33, 39]","[258.57, 40]",218.17,168,68.33,0.06
07:44:39,"[182.0, 60]","[180.0, 14]","[253.77, 61]","[255.62, 37]",217.89,172,71.77,-0.14
07:44:40,"[178.02, 44]","[176.12, 101]","[252.38, 26]","[253.18, 44]",215.2,215,74.36,0.35
07:44:41,"[177.0, 65]","[176.0, 182]","[251.03, 62]","[252.17, 29]",214.02,338,74.03,0.46
07:44:42,"[177.62, 68]","[176.05, 147]","[248.27, 64]","[249.51, 67]",212.94,346,70.65,0.24
07:44:43,"[180.46, 117]","[178.16, 31]","[240.77, 56]","[241.44, 50]",210.61,254,60.31,0.17
07:44:44,"[184.0, 147]","[179.0, 84]","[234.56, 34]","[236.07, 40]",209.28,305,50.56,0.51
07:44:45,"[184.0, 54]","[181.33, 54]","[230.97, 30]","[231.48, 33]",207.48,171,46.97,0.26
07:44:46,"[184.0, 74]","[182.73, 90]","[227.2, 30]","[229.67, 45]",205.6,239,43.2,0.37
07:44:47,"[184.0, 32]","[183.0, 48]","[225.0, 19]","[226.09, 22]",204.5,121,41.0,0.32
07:44:48,"[183.21, 38]","[182.18, 66]","[218.79, 34]","[220.75, 28]",201.0,166,35.58,0.25
07:44:49,"[183.0, 30]","[182.0, 60]","[212.75, 32]","[214.42, 38]",197.88,160,29.75,0.12
07:44:50,"[183.0, 42]","[182.0, 84]","[209.02, 55]","[210.29, 58]",196.01,239,26.02,0.05
07:44:51,"[182.69, 39]","[181.82, 66]","[205.04, 52]","[206.52, 25]",193.87,182,22.35,0.15
07:44:52,"[182.03, 58]","[181.05, 88]","[200.23, 65]","[200.81, 77]",191.13,288,18.2,0.01
07:44:53,"[181.57, 35]","[178.94, 85]","[194.67, 63]","[196.25, 57]",188.12,240,13.1,0.0
07:44:54,"[181.0, 39]","[178.0, 169]","[189.02, 44]","[189.76, 41]",185.01,293,8.02,0.42
07:44:55,"[181.0, 39]","[178.0, 169]","[183.79, 29]","[185.15, 26]",182.4,263,2.79,0.58
07:44:56,"[181.0, 13]","[178.0, 117]","[182.3, 37]","[184.0, 18]",181.65,185,1.3,0.41
07:44:57,"[178.03, 114]","[177.59, 22]","[182.0, 20]","[183.0, 30]",180.01,186,3.97,0.46
07:44:58,"[177.96, 85]","[176.62, 8]","[182.0, 16]","[183.0, 24]",179.98,133,4.04,0.4
07:44:59,"[178.0, 317]","[177.0, 12]","[179.72, 29]","[181.75, 20]",178.86,378,1.72,0.74
07:45:00,"[178.0, 211]","[176.54, 13]","[179.21, 19]","[187.38, 13]",178.61,256,1.21,0.75
07:45:01,"[178.0, 162]","[177.0, 45]","[179.4, 15]","[183.2, 15]",178.7,237,1.4,0.75
07:45:02,"[178.0, 136]","[177.0, 40]","[199.0, 8]","[374.92, 13]",188.5,197,21.0,0.79
07:45:03,"[178.44, 151]","[177.8, 127]","[416.44, 36]","[549.08, 25]",297.44,339,238.01,0.64
07:45:04,"[182.01, 116]","[179.02, 173]","[377.37, 43]","[475.25, 48]",279.69,380,195.36,0.52
07:45:05,"[184.0, 34]","[180.0, 88]","[426.23, 22]","[476.2, 10]",305.11,154,242.23,0.58
07:45:06,"[184.0, 18]","[180.0, 99]","[325.12, 17]","[408.89, 19]",254.56,153,141.12,0.53
07:45:07,"[180.17, 92]","[178.37, 118]","[324.0, 30]","[448.3, 27]",252.09,267,143.83,0.57
07:45:08,"[180.0, 87]","[178.0, 96]","[323.0, 24]","[462.86, 14]",251.5,221,143.0,0.66
07:45:09,"[180.0, 72]","[178.0, 108]","[546.7, 27]","[575.65, 34]",363.35,241,366.7,0.49
07:45:10,"[180.0, 49]","[178.0, 84]","[564.31, 26]","[566.3, 23]",372.15,182,384.31,0.46
07:45:11,"[180.03, 79]","[178.19, 146]","[306.42, 48]","[386.92, 39]",243.22,312,126.39,0.44
07:45:12,"[181.0, 12]","[180.0, 84]","[226.25, 51]","[233.57, 42]",203.63,189,45.25,0.02
07:45:13,"[181.2, 15]","[179.14, 111]","[221.0, 65]","[235.0, 26]",201.1,217,39.8,0.16
07:45:14,"[180.0, 11]","[178.0, 132]","[220.02, 49]","[225.36, 28]",200.01,220,40.02,0.3
07:45:15,"[178.02, 82]","[177.57, 21]","[215.0, 29]","[217.49, 41]",196.51,173,36.98,0.19
07:45:16,"[178.0, 81]","[177.0, 9]","[211.07, 42]","[212.9, 21]",194.54,153,33.07,0.18
07:45:17,"[179.0, 36]","[178.0, 108]","[198.94, 32]","[208.0, 24]",188.97,200,19.94,0.44
07:45:18,"[178.08, 106]","[177.71, 38]","[179.84, 32]","[185.17, 46]",178.96,222,1.76,0.3
07:45:19,"[178.0, 64]","[177.0, 10]","[189.59, 34]","[198.24, 29]",183.79,137,11.59,0.08
07:45:20,"[178.0, 60]","[177.0, 10]","[188.4, 20]","[236.23, 26]",183.2,116,10.4,0.21
07:45:21,"[178.01, 67]","[177.35, 17]","[186.5, 24]","[303.0, 12]",182.26,120,8.49,0.4
07:45:22,"[178.26, 35]","[177.77, 39]","[186.0, 28]","[508.92, 50]",182.13,152,7.74,-0.03
07:45:23,"[176.5, 24]","[173.39, 62]","[185.48, 29]","[523.2, 41]",180.99,156,8.98,0.1
07:45:24,"[177.75, 48]","[173.66, 41]","[185.0, 50]","[186.0, 20]",181.38,159,7.25,0.12
07:45:25,"[175.0, 20]","[173.05, 63]","[184.11, 27]","[184.93, 15]",179.56,125,9.11,0.33
07:45:26,"[174.68, 47]","[173.04, 162]","[241.12, 48]","[532.3, 66]",207.9,323,66.44,0.29
07:45:27,"[174.27, 37]","[173.12, 123]","[198.44, 64]","[459.46, 37]",186.35,261,24.17,0.23
07:45:28,"[177.35, 85]","[177.05, 40]","[195.94, 85]","[265.75, 84]",186.65,294,18.59,-0.15
07:45:29,"[180.98, 112]","[180.52, 58]","[194.12, 80]","[195.48, 89]",187.55,339,13.14,0.0
07:45:30,"[181.0, 157]","[180.0, 24]","[191.58, 60]","[192.58, 60]",186.29,301,10.58,0.2
07:45:31,"[181.0, 137]","[180.0, 28]","[188.29, 52]","[189.71, 70]",184.64,287,7.29,0.15
07:45:32,"[181.0, 33]","[180.0, 22]","[185.57, 37]","[188.25, 51]",183.28,143,4.57,-0.23
07:45:33,"[180.77, 39]","[176.09, 92]","[182.34, 68]","[184.42, 72]",181.55,271,1.57,-0.03
07:45:34,"[176.6, 103]","[174.89, 83]","[181.0, 65]","[209.57, 35]",178.8,286,4.4,0.3
07:45:35,"[175.0, 74]","[174.0, 37]","[180.36, 55]","[334.62, 26]",177.68,192,5.36,0.16
07:45:36,"[175.0, 7]","[174.0, 18]","[178.0, 30]","[469.5, 18]",176.5,73,3.0,-0.32
07:45:37,"[175.95, 55]","[174.31, 13]","[177.14, 35]","[453.0, 18]",176.54,121,1.2,0.12
07:45:38,"[176.05, 82]","[175.81, 32]","[184.6, 20]","[366.2, 20]",180.32,154,8.55,0.48
07:45:39,"[176.24, 51]","[175.86, 84]","[266.0, 18]","[367.0, 27]",221.12,180,89.76,0.5
07:45:40,"[176.56, 18]","[175.97, 66]","[361.25, 16]","[387.0, 14]",268.9,114,184.69,0.47
07:45:41,"[176.03, 66]","[175.13, 23]","[363.59, 17]","[476.85, 13]",269.81,119,187.56,0.5
07:45:42,"[176.22, 147]","[175.41, 74]","[291.7, 44]","[399.0, 38]",233.96,303,115.49,0.46
07:45:43,"[184.0, 7]","[175.75, 48]","[444.0, 21]","[619.0, 15]",314.0,91,260.0,0.21
07:45:44,"[184.0, 8]","[176.0, 24]","[459.75, 24]","[619.0, 24]",321.88,80,275.75,-0.2
07:45:45,"[184.0, 10]","[176.0, 30]","[243.1, 30]","[333.6, 30]",213.55,100,59.1,-0.2
07:45:46,"[184.0, 6]","[176.0, 18]","[232.0, 30]","[305.33, 18]",208.0,72,48.0,-0.33
07:45:47,"[180.47, 34]","[175.2, 25]","[230.2, 50]","[338.0, 30]",205.34,139,49.73,-0.15
07:45:48,"[184.0, 89]","[176.0, 39]","[225.61, 62]","[228.0, 54]",204.81,244,41.61,0.05
07:45:49,"[184.0, 34]","[176.0, 33]","[226.73, 55]","[228.0, 44]",205.36,166,42.73,-0.19
07:45:50,"[180.31, 26]","[175.45, 29]","[224.64, 55]","[228.0, 44]",202.47,154,44.33,-0.29
07:45:51,"[175.8, 25]","[173.94, 18]","[221.76, 49]","[224.4, 50]",198.78,142,45.96,-0.39
07:45:52,"[175.38, 13]","[174.0, 13]","[216.77, 52]","[218.22, 54]",196.08,132,41.38,-0.61
07:45:53,"[177.86, 43]","[175.54, 13]","[212.78, 54]","[214.54, 52]",195.32,162,34.92,-0.31
07:45:54,"[179.0, 44]","[176.0, 11]","[208.63, 43]","[209.87, 46]",193.81,144,29.63,-0.24
07:45:55,"[177.9, 20]","[174.55, 11]","[204.09, 46]","[205.09, 53]",190.99,130,26.19,-0.52
07:45:56,"[177.62, 16]","[174.0, 16]","[200.15, 66]","[201.34, 71]",188.89,169,22.53,-0.62
07:45:57,"[146.65, 20]","[82.6, 40]","[197.0, 44]","[198.0, 44]",171.82,148,50.35,-0.19
07:45:58,"[141.68, 75]","[96.43, 65]","[186.05, 59]","[190.34, 70]",163.87,269,44.37,0.04
07:45:59,"[133.58, 57]","[92.11, 28]","[168.76, 25]","[169.98, 42]",151.17,152,35.18,0.12
07:46:00,"[133.82, 28]","[115.6, 25]","[170.2, 40]","[205.66, 70]",152.01,163,36.38,-0.35
07:46:01,"[162.0, 12]","[121.67, 9]","[171.0, 19]","[174.0, 18]",166.5,58,9.0,-0.28
07:46:02,"[163.0, 16]","[162.0, 16]","[171.0, 22]","[324.21, 14]",167.0,68,8.0,-0.06
07:46:03,"[163.0, 26]","[162.0, 26]","[171.0, 13]","[319.52, 25]",167.0,90,8.0,0.16
07:46:04,"[163.5, 28]","[162.29, 28]","[167.0, 49]","[171.09, 35]",165.25,140,3.5,-0.2
07:46:05,"[150.79, 19]","[84.43, 23]","[166.0, 28]","[168.0, 24]",158.39,94,15.21,-0.11
07:46:06,"[80.78, 9]","[63.86, 14]","[166.67, 12]","[167.33, 18]",123.72,53,85.89,-0.13
07:46:07,"[75.92, 38]","[68.53, 19]","[167.0, 32]","[168.0, 20]",121.46,109,91.08,0.05
07:46:08,"[105.86, 42]","[87.18, 38]","[167.0, 36]","[168.0, 24]",136.43,140,61.14,0.14
07:46:09,"[163.63, 86]","[150.3, 44]","[167.0, 29]","[170.4, 30]",165.31,189,3.37,0.38
07:46:10,"[164.58, 144]","[151.64, 56]","[167.33, 30]","[168.55, 58]",165.96,288,2.75,0.39
07:46:11,"[166.0, 108]","[106.91, 35]","[168.0, 41]","[170.0, 45]",167.0,229,2.0,0.25
07:46:12,"[166.15, 99]","[146.63, 95]","[169.43, 28]","[170.46, 52]",167.79,274,3.28,0.42
07:46:13,"[160.21, 113]","[120.81, 57]","[170.84, 57]","[172.45, 40]",165.53,267,10.63,0.27
07:46:14,"[157.53, 60]","[149.61, 67]","[172.0, 56]","[173.0, 42]",164.77,225,14.47,0.13
07:46:15,"[160.5, 48]","[159.64, 44]","[172.33, 30]","[216.41, 29]",166.42,151,11.83,0.22
07:46:16,"[162.83, 48]","[161.12, 52]","[174.0, 20]","[305.88, 32]",168.42,152,11.17,0.32
07:46:17,"[166.61, 46]","[165.27, 44]","[171.5, 20]","[227.4, 25]",169.05,135,4.89,0.33
07:46:18,"[169.08, 24]","[166.0, 32]","[174.0, 16]","[283.14, 21]",171.54,93,4.92,0.2
07:46:19,"[172.06, 32]","[166.78, 46]","[193.73, 30]","[237.26, 38]",182.9,146,21.67,0.07
07:46:20,"[176.93, 43]","[175.14, 56]","[383.33, 36]","[535.6, 20]",280.13,155,206.4,0.28
07:46:21,"[181.0, 12]","[180.0, 24]","[446.0, 12]","[583.0, 6]",313.5,54,265.0,0.33
07:46:22,"[182.3, 20]","[180.0, 40]","[255.95, 19]","[479.79, 19]",219.12,98,73.65,0.22
07:46:23,"[183.0, 22]","[180.0, 44]","[254.12, 32]","[255.53, 15]",218.56,113,71.12,0.17
07:46:24,"[181.5, 20]","[177.78, 45]","[252.86, 28]","[253.55, 22]",217.18,115,71.36,0.13
07:46:25,"[180.0, 16]","[176.0, 40]","[232.56, 18]","[245.09, 22]",206.28,96,52.56,0.17
07:46:26,"[180.0, 16]","[176.0, 40]","[215.12, 26]","[216.8, 10]",197.56,92,35.12,0.22
07:46:27,"[180.0, 16]","[176.0, 55]","[213.56, 32]","[214.13, 23]",196.78,126,33.56,0.13
07:46:28,"[180.0, 14]","[176.0, 70]","[209.83, 24]","[210.56, 18]",194.92,126,29.83,0.33
07:46:29,"[177.65, 17]","[175.9, 39]","[208.17, 12]","[209.88, 17]",192.91,85,30.52,0.32
07:46:30,"[180.0, 12]","[176.0, 60]","[205.35, 46]","[206.1, 20]",192.67,138,25.35,0.04
07:46:31,"[180.0, 15]","[176.0, 75]","[201.04, 24]","[202.33, 54]",190.52,168,21.04,0.07
07:46:32,"[176.17, 23]","[174.2, 49]","[196.48, 27]","[197.68, 28]",186.33,127,20.31,0.13
07:46:33,"[174.53, 30]","[173.27, 60]","[192.61, 56]","[193.71, 34]",183.57,180,18.07,0.0
07:46:34,"[180.54, 39]","[174.86, 72]","[190.0, 38]","[190.78, 36]",185.27,185,9.46,0.2
07:46:35,"[181.71, 70]","[179.67, 61]","[186.54, 46]","[187.44, 39]",184.13,216,4.83,0.21
07:46:36,"[181.17, 48]","[180.67, 48]","[184.6, 15]","[185.92, 39]",182.88,150,3.43,0.28
07:46:37,"[182.0, 59]","[180.0, 30]","[183.73, 30]","[185.27, 22]",182.87,141,1.73,0.26
07:46:38,"[180.07, 27]","[173.0, 64]","[182.8, 30]","[322.67, 57]",181.44,178,2.73,0.02
07:46:39,"[180.0, 22]","[178.0, 22]","[181.0, 33]","[183.0, 22]",180.5,99,1.0,-0.11
07:46:40,"[176.89, 27]","[160.93, 14]","[181.5, 20]","[264.33, 48]",179.19,109,4.61,-0.25
07:46:41,"[172.0, 45]","[110.35, 17]","[179.5, 10]","[201.24, 21]",175.75,93,7.5,0.33
07:46:42,"[175.27, 93]","[168.79, 61]","[180.0, 26]","[210.0, 45]",177.63,225,4.73,0.37
07:46:43,"[177.23, 83]","[176.31, 104]","[179.5, 24]","[266.0, 60]",178.36,271,2.27,0.38
07:46:44,"[177.0, 88]","[176.0, 99]","[265.45, 31]","[339.49, 49]",221.23,267,88.45,0.4
07:46:45,"[177.0, 88]","[176.0, 99]","[263.18, 11]","[265.0, 55]",220.09,253,86.18,0.48
07:46:46,"[177.0, 88]","[176.0, 117]","[261.85, 13]","[265.0, 65]",219.42,283,84.85,0.45
07:46:47,"[177.0, 44]","[176.0, 99]","[252.04, 23]","[252.66, 47]",214.52,213,75.04,0.34
07:46:48,"[177.0, 52]","[176.0, 117]","[245.65, 17]","[248.93, 61]",211.32,247,68.65,0.37
07:46:49,"[177.07, 43]","[176.03, 120]","[241.94, 80]","[242.94, 80]",209.5,323,64.87,0.01
07:46:50,"[176.4, 50]","[175.0, 15]","[209.59, 71]","[212.33, 75]",193.0,211,33.19,-0.38
07:46:51,"[176.0, 47]","[169.67, 9]","[193.56, 45]","[194.24, 37]",184.78,138,17.56,-0.19
07:46:52,"[175.43, 21]","[171.41, 17]","[189.82, 55]","[191.27, 55]",182.62,148,14.39,-0.49
07:46:53,"[179.82, 22]","[171.96, 25]","[187.97, 73]","[189.23, 65]",183.9,185,8.15,-0.49
07:46:54,"[181.25, 53]","[178.04, 26]","[183.78, 45]","[185.22, 45]",182.51,169,2.53,-0.07
07:46:55,"[180.54, 65]","[178.79, 33]","[182.58, 38]","[183.95, 39]",181.56,175,2.04,0.12
07:46:56,"[179.93, 41]","[177.89, 27]","[181.31, 13]","[202.35, 40]",180.62,121,1.38,0.12
07:46:57,"[176.54, 28]","[170.36, 44]","[348.06, 47]","[524.29, 68]",262.3,187,171.53,-0.23
07:46:58,"[176.0, 18]","[172.0, 9]","[301.33, 15]","[485.33, 36]",238.67,78,125.33,-0.31
07:46:59,"[170.0, 24]","[75.13, 15]","[235.2, 15]","[462.4, 15]",202.6,69,65.2,0.13
07:47:00,"[170.0, 32]","[48.91, 22]","[231.14, 14]","[471.3, 23]",200.57,91,61.14,0.19
07:47:01,"[160.29, 41]","[104.08, 26]","[219.64, 25]","[418.24, 34]",189.97,126,59.35,0.06
07:47:02,"[155.2, 20]","[97.1, 20]","[166.0, 30]","[176.43, 14]",160.6,84,10.8,-0.05
07:47:03,"[123.0, 10]","[62.12, 16]","[166.0, 18]","[169.0, 5]",144.5,49,43.0,0.06
07:47:04,"[69.0, 18]","[55.33, 45]","[202.06, 18]","[303.96, 24]",135.53,105,133.06,0.2
07:47:05,"[141.93, 30]","[74.12, 33]","[208.0, 14]","[261.67, 24]",174.97,101,66.07,0.25
07:47:06,"[166.42, 26]","[156.05, 20]","[193.22, 18]","[392.5, 24]",179.82,88,26.8,0.05
07:47:07,"[173.54, 37]","[170.21, 47]","[203.0, 24]","[549.42, 38]",188.27,146,29.46,0.15
07:47:08,"[176.94, 17]","[174.36, 22]","[201.57, 14]","[235.0, 18]",189.26,71,24.63,0.1
07:47:09,"[175.0, 40]","[87.3, 20]","[265.23, 31]","[282.06, 34]",220.11,125,90.23,-0.04
07:47:10,"[174.0, 78]","[48.17, 24]","[273.5, 36]","[482.68, 38]",223.75,176,99.5,0.16
07:47:11,"[174.0, 58]","[55.0, 18]","[268.05, 21]","[269.54, 24]",221.02,121,94.05,0.26
07:47:12,"[179.0, 11]","[174.0, 46]","[265.0, 22]","[267.0, 33]",222.0,112,86.0,0.02
07:47:13,"[179.0, 10]","[174.71, 34]","[256.0, 26]","[266.0, 24]",217.5,94,77.0,-0.06
07:47:14,"[179.0, 11]","[174.0, 44]","[214.25, 36]","[239.56, 27]",196.62,118,35.25,-0.07
07:47:15,"[174.0, 30]","[136.0, 20]","[208.56, 25]","[210.2, 25]",191.28,100,34.56,0.0
07:47:16,"[174.0, 27]","[166.0, 18]","[206.71, 21]","[207.92, 24]",190.36,90,32.71,0.0
07:47:17,"[174.0, 24]","[166.0, 16]","[205.0, 24]","[207.0, 16]",189.5,80,31.0,0.0
07:47:18,"[166.0, 30]","[144.0, 30]","[178.68, 38]","[181.71, 48]",172.34,146,12.68,-0.18
07:47:19,"[166.0, 12]","[74.5, 12]","[169.44, 18]","[170.12, 32]",167.72,74,3.44,-0.35
07:47:20,"[111.17, 24]","[54.83, 24]","[170.0, 54]","[174.0, 12]",140.58,114,58.83,-0.16
07:47:21,"[98.0, 12]","[0, 0]","[168.0, 6]","[248.0, 8]",133.0,26,70.0,-0.08
07:47:22,"[153.2, 10]","[136.67, 12]","[310.0, 14]","[462.14, 14]",231.6,50,156.8,-0.12
07:47:23,"[179.4, 5]","[177.0, 10]","[370.2, 10]","[627.0, 12]",274.8,37,190.8,-0.19
07:47:24,"[180.8, 5]","[178.5, 12]","[448.0, 10]","[611.0, 10]",314.4,37,267.2,-0.08
07:47:25,"[181.33, 12]","[179.74, 23]","[373.0, 24]","[489.68, 25]",277.17,84,191.67,-0.17
07:47:26,"[178.92, 51]","[153.82, 11]","[324.44, 18]","[377.89, 18]",251.68,98,145.52,0.27
07:47:27,"[179.0, 40]","[176.0, 5]","[323.0, 10]","[342.0, 10]",251.0,65,144.0,0.38
07:47:28,"[179.0, 28]","[176.0, 5]","[270.0, 10]","[323.0, 10]",224.5,53,91.0,0.25
07:47:29,"[179.3, 50]","[178.34, 32]","[251.0, 26]","[269.17, 24]",215.15,132,71.7,0.24
07:47:30,"[180.73, 33]","[179.0, 55]","[208.22, 23]","[216.67, 24]",194.47,135,27.49,0.3
07:47:31,"[182.89, 27]","[178.22, 45]","[188.89, 18]","[194.33, 18]",185.89,108,6.0,0.33
07:47:32,"[183.0, 24]","[178.0, 40]","[184.57, 23]","[186.12, 16]",183.78,103,1.57,0.24
07:47:33,"[183.0, 27]","[178.0, 45]","[184.0, 27]","[186.0, 18]",183.5,117,1.0,0.23
07:47:34,"[179.67, 54]","[177.5, 40]","[184.68, 38]","[186.19, 32]",182.18,164,5.02,0.15
07:47:35,"[174.09, 46]","[146.53, 19]","[183.5, 32]","[185.4, 20]",178.79,117,9.41,0.11
07:47:36,"[174.0, 35]","[140.0, 14]","[181.09, 22]","[182.6, 20]",177.55,91,7.09,0.08
07:47:37,"[174.28, 76]","[143.33, 51]","[208.33, 30]","[244.34, 41]",191.3,198,34.06,0.28
07:47:38,"[181.0, 28]","[174.46, 52]","[221.5, 36]","[256.19, 42]",201.25,158,40.5,0.01
07:47:39,"[179.18, 33]","[175.38, 65]","[208.92, 36]","[226.25, 36]",194.05,170,29.73,0.15
07:47:40,"[177.0, 35]","[174.0, 40]","[221.0, 24]","[549.5, 20]",199.0,119,44.0,0.26
07:47:41,"[183.0, 140]","[175.08, 59]","[219.27, 33]","[493.1, 40]",201.14,272,36.27,0.46
07:47:42,"[184.0, 180]","[182.0, 9]","[217.56, 27]","[536.0, 39]",200.78,255,33.56,0.48
07:47:43,"[184.0, 140]","[182.0, 7]","[378.64, 22]","[566.7, 23]",281.32,192,194.64,0.53
07:47:44,"[184.0, 97]","[182.0, 5]","[303.82, 11]","[540.67, 18]",243.91,131,119.82,0.56
07:47:45,"[184.0, 170]","[182.0, 10]","[303.0, 10]","[426.75, 24]",243.5,214,119.0,0.68
07:47:46,"[184.0, 102]","[182.0, 6]","[302.5, 6]","[648.67, 12]",243.25,126,118.5,0.71
07:47:47,"[184.0, 153]","[182.0, 9]","[291.87, 15]","[410.79, 28]",237.93,205,107.87,0.58
07:47:48,"[184.0, 179]","[182.0, 11]","[286.0, 17]","[367.74, 35]",235.0,242,102.0,0.57
07:47:49,"[184.0, 104]","[182.0, 8]","[274.9, 20]","[323.5, 12]",229.45,144,90.9,0.56
07:47:50,"[184.0, 143]","[182.0, 11]","[269.35, 17]","[296.21, 24]",226.68,195,85.35,0.58
07:47:51,"[184.0, 197]","[182.0, 19]","[232.22, 55]","[250.33, 58]",208.11,329,48.22,0.31
07:47:52,"[184.0, 48]","[182.0, 10]","[228.6, 10]","[230.0, 40]",206.3,108,44.6,0.07
07:47:53,"[182.71, 35]","[178.62, 26]","[226.63, 38]","[228.94, 17]",204.67,116,43.92,0.05
07:47:54,"[178.0, 32]","[176.9, 62]","[201.32, 31]","[213.46, 52]",189.66,177,23.32,0.06
07:47:55,"[179.91, 45]","[179.09, 57]","[198.63, 30]","[199.11, 45]",189.27,177,18.72,0.15
07:47:56,"[182.0, 24]","[180.0, 60]","[193.48, 33]","[196.38, 39]",187.74,156,11.48,0.08
07:47:57,"[182.4, 20]","[180.0, 50]","[188.95, 22]","[190.94, 31]",185.68,123,6.55,0.14
07:47:58,"[183.0, 20]","[180.0, 50]","[186.8, 40]","[187.74, 19]",184.9,129,3.8,0.09
07:47:59,"[180.14, 42]","[178.48, 21]","[186.19, 21]","[187.22, 27]",183.17,111,6.05,0.14
07:48:00,"[180.0, 53]","[178.0, 26]","[183.43, 35]","[183.81, 21]",181.71,135,3.43,0.17
07:48:01,"[177.89, 9]","[176.35, 23]","[181.67, 9]","[183.0, 18]",179.78,59,3.78,0.08
07:48:02,"[177.0, 8]","[176.0, 24]","[180.13, 23]","[182.09, 11]",178.57,66,3.13,-0.03
07:48:03,"[176.5, 14]","[174.67, 63]","[179.09, 47]","[180.39, 31]",177.79,155,2.59,-0.01
07:48:04,"[174.15, 26]","[159.0, 21]","[177.7, 50]","[182.17, 18]",175.93,115,3.55,-0.18
07:48:05,"[119.89, 28]","[49.09, 47]","[174.96, 51]","[179.41, 27]",147.43,153,55.07,-0.02
07:48:06,"[109.12, 48]","[108.54, 26]","[172.98, 44]","[174.33, 24]",141.05,142,63.85,0.04
07:48:07,"[153.05, 19]","[148.65, 34]","[171.09, 57]","[172.4, 50]",162.07,160,18.04,-0.34
07:48:08,"[147.71, 56]","[134.42, 19]","[166.0, 30]","[167.5, 48]",156.86,153,18.29,-0.02
07:48:09,"[62.17, 12]","[34.0, 6]","[166.0, 18]","[167.0, 30]",114.08,66,103.83,-0.45
07:48:10,"[123.78, 18]","[96.88, 16]","[166.17, 29]","[167.22, 54]",144.98,117,42.39,-0.42
07:48:11,"[112.71, 14]","[98.0, 19]","[167.0, 50]","[170.0, 40]",139.86,123,54.29,-0.46
07:48:12,"[116.54, 59]","[112.43, 14]","[167.0, 45]","[168.62, 26]",141.77,144,50.46,0.01
07:48:13,"[117.0, 35]","[115.0, 5]","[167.0, 20]","[168.0, 10]",142.0,70,50.0,0.14
07:48:14,"[117.13, 47]","[116.71, 41]","[167.0, 22]","[168.0, 22]",142.06,132,49.87,0.33
07:48:15,"[120.75, 44]","[117.6, 20]","[167.0, 13]","[168.0, 16]",143.88,93,46.25,0.38
07:48:16,"[123.53, 57]","[121.33, 15]","[165.18, 33]","[167.5, 12]",144.35,117,41.66,0.23
07:48:17,"[125.56, 9]","[124.04, 57]","[165.0, 45]","[167.0, 9]",145.28,120,39.44,0.1
07:48:18,"[136.44, 18]","[127.5, 12]","[165.89, 18]","[167.89, 18]",151.17,66,29.44,-0.09
07:48:19,"[137.6, 10]","[133.36, 11]","[167.0, 6]","[168.0, 12]",152.3,39,29.4,0.08
07:48:20,"[148.29, 17]","[146.0, 22]","[168.47, 19]","[169.44, 50]",158.38,108,20.18,-0.28
07:48:21,"[152.0, 14]","[150.54, 13]","[169.0, 22]","[170.0, 84]",160.5,133,17.0,-0.59
07:48:22,"[158.44, 18]","[157.4, 20]","[169.39, 18]","[170.03, 79]",163.92,135,10.94,-0.44
07:48:23,"[162.5, 16]","[161.4, 20]","[170.0, 40]","[171.0, 24]",166.25,100,7.5,-0.28
07:48:24,"[158.92, 12]","[156.92, 12]","[170.0, 16]","[171.0, 16]",164.46,56,11.08,-0.14
07:48:25,"[160.89, 9]","[160.0, 12]","[170.0, 10]","[171.0, 10]",165.44,41,9.11,0.02
07:48:26,"[167.44, 18]","[162.89, 9]","[170.0, 10]","[171.0, 10]",168.72,47,2.56,0.15
07:48:27,"[169.14, 42]","[167.47, 68]","[170.77, 26]","[171.83, 36]",169.96,172,1.63,0.28
07:48:28,"[169.0, 24]","[138.0, 32]","[171.08, 39]","[172.12, 24]",170.04,119,2.08,-0.06
07:48:29,"[169.72, 32]","[152.62, 64]","[172.0, 33]","[173.0, 33]",170.86,162,2.28,0.19
07:48:30,"[170.5, 8]","[144.0, 48]","[172.0, 12]","[173.0, 24]",171.25,92,1.5,0.22
07:48:31,"[80.35, 40]","[77.0, 38]","[170.92, 25]","[172.57, 21]",125.63,124,90.57,0.26
07:48:32,"[119.3, 10]","[55.0, 28]","[170.5, 8]","[172.5, 12]",144.9,58,51.2,0.31
07:48:33,"[153.44, 9]","[96.82, 34]","[171.0, 9]","[172.0, 9]",162.22,61,17.56,0.41
07:48:34,"[155.6, 10]","[91.0, 40]","[170.8, 10]","[172.0, 10]",163.2,70,15.2,0.43
07:48:35,"[157.73, 15]","[110.2, 45]","[168.48, 46]","[170.5, 20]",163.11,126,10.74,-0.05
07:48:36,"[159.57, 7]","[158.45, 11]","[170.0, 21]","[172.0, 6]",164.79,45,10.43,-0.2
07:48:37,"[162.43, 7]","[160.6, 5]","[222.0, 10]","[347.56, 9]",192.21,31,59.57,-0.23
07:48:38,"[164.62, 16]","[161.0, 8]","[293.62, 24]","[387.56, 27]",229.12,75,129.0,-0.36
07:48:39,"[166.93, 15]","[165.33, 12]","[233.0, 26]","[425.75, 32]",199.97,85,66.07,-0.36
07:48:40,"[170.43, 14]","[169.2, 10]","[172.71, 14]","[324.74, 19]",171.57,57,2.29,-0.16
07:48:41,"[171.0, 8]","[168.8, 5]","[172.75, 8]","[173.75, 8]",171.88,29,1.75,-0.1
07:48:42,"[179.0, 18]","[175.75, 12]","[316.06, 34]","[549.08, 40]",247.53,104,137.06,-0.42
07:48:43,"[181.0, 21]","[179.0, 7]","[368.87, 23]","[507.77, 22]",274.93,73,187.87,-0.23
07:48:44,"[147.32, 19]","[82.47, 15]","[332.09, 22]","[334.0, 33]",239.7,89,184.78,-0.24
07:48:45,"[146.8, 10]","[46.8, 10]","[327.43, 23]","[333.72, 29]",237.12,72,180.63,-0.44
07:48:46,"[92.0, 10]","[66.71, 14]","[251.08, 26]","[369.0, 24]",171.54,74,159.08,-0.35
07:48:47,"[115.0, 12]","[72.89, 18]","[201.44, 25]","[211.92, 26]",158.22,81,86.44,-0.26
07:48:48,"[173.72, 25]","[165.82, 17]","[199.82, 22]","[200.82, 22]",186.77,86,26.1,-0.02
07:48:49,"[173.0, 14]","[137.29, 14]","[197.36, 28]","[199.36, 28]",185.18,84,24.36,-0.33
07:48:50,"[126.2, 10]","[93.19, 32]","[180.5, 20]","[195.5, 20]",153.35,82,54.3,0.02
