Time,Bid1,Bid2,Ask1,Ask2,Mid-Price,Total_volume,Bid_ask_spread,Order_imbalance
07:30:00,"[153.0, 4]","[0, 0]","[0, 0]","[0, 0]",76.5,4,-153.0,1.0
07:30:01,"[153.0, 4]","[0, 0]","[800.0, 1]","[0, 0]",476.5,5,647.0,0.6
07:30:02,"[153.0, 6]","[0, 0]","[798.4, 5]","[799.0, 1]",475.7,12,645.4,0.0
07:30:03,"[153.0, 5]","[0, 0]","[390.71, 7]","[552.44, 9]",271.86,21,237.71,-0.52
07:30:04,"[153.0, 6]","[0, 0]","[155.91, 11]","[176.69, 16]",154.45,33,2.91,-0.64
07:30:05,"[153.0, 2]","[0, 0]","[154.0, 2]","[156.0, 8]",153.5,12,1.0,-0.67
07:30:06,"[1.0, 5]","[0, 0]","[156.0, 12]","[181.78, 9]",78.5,26,155.0,-0.62
07:30:07,"[41.1, 29]","[2.0, 15]","[155.5, 24]","[157.5, 16]",98.3,84,114.4,0.05
07:30:08,"[143.43, 21]","[110.52, 25]","[154.43, 21]","[156.71, 7]",148.93,74,11.0,0.24
07:30:09,"[146.0, 15]","[144.0, 25]","[149.5, 8]","[150.63, 19]",147.75,67,3.5,0.19
07:30:10,"[145.58, 24]","[142.97, 38]","[147.77, 13]","[149.8, 20]",146.68,95,2.19,0.31
07:30:11,"[143.7, 40]","[135.29, 55]","[147.25, 32]","[187.11, 35]",145.47,162,3.55,0.17
07:30:12,"[135.25, 56]","[131.73, 33]","[148.0, 34]","[240.3, 23]",141.62,146,12.75,0.22
07:30:13,"[133.4, 30]","[118.23, 13]","[138.0, 14]","[148.0, 28]",135.7,85,4.6,0.01
07:30:14,"[131.0, 33]","[119.05, 21]","[145.98, 45]","[368.93, 30]",138.49,129,14.98,-0.16
07:30:15,"[135.25, 24]","[123.67, 18]","[250.0, 25]","[440.42, 24]",192.62,91,114.75,-0.08
07:30:16,"[141.5, 18]","[130.47, 19]","[242.0, 16]","[469.82, 22]",191.75,75,100.5,-0.01
07:30:17,"[131.57, 28]","[126.6, 20]","[154.0, 40]","[375.09, 11]",142.79,99,22.43,-0.03
07:30:18,"[136.0, 24]","[133.67, 27]","[154.0, 40]","[410.0, 8]",145.0,99,18.0,0.03
07:30:19,"[138.35, 51]","[137.29, 51]","[154.0, 70]","[182.63, 38]",146.18,210,15.65,-0.03
07:30:20,"[143.34, 29]","[141.67, 36]","[153.59, 59]","[160.59, 51]",148.47,175,10.25,-0.26
07:30:21,"[146.16, 44]","[144.96, 50]","[153.0, 61]","[154.57, 68]",149.58,223,6.84,-0.16
07:30:22,"[147.47, 34]","[145.67, 36]","[153.0, 90]","[167.0, 30]",150.24,190,5.53,-0.26
07:30:23,"[147.53, 38]","[145.36, 33]","[153.0, 99]","[167.0, 33]",150.26,203,5.47,-0.3
07:30:24,"[147.41, 27]","[145.8, 45]","[152.31, 115]","[161.72, 53]",149.86,240,4.91,-0.4
07:30:25,"[145.13, 31]","[145.8, 30]","[149.54, 52]","[151.46, 61]",147.33,174,4.41,-0.3
07:30:26,"[144.0, 44]","[143.0, 19]","[146.77, 43]","[148.55, 44]",145.38,150,2.77,-0.16
07:30:27,"[124.29, 28]","[108.09, 23]","[142.51, 39]","[146.4, 57]",133.4,147,18.23,-0.31
07:30:28,"[127.83, 47]","[121.23, 30]","[136.39, 23]","[140.36, 39]",132.11,139,8.56,0.11
07:30:29,"[128.2, 55]","[125.0, 20]","[135.0, 36]","[139.58, 36]",131.6,147,6.8,0.02
07:30:30,"[130.0, 39]","[127.97, 61]","[135.0, 27]","[138.42, 45]",132.5,172,5.0,0.16
07:30:31,"[130.64, 33]","[126.0, 11]","[135.0, 22]","[137.0, 44]",132.82,110,4.36,-0.2
07:30:32,"[132.75, 40]","[112.12, 32]","[139.42, 38]","[140.07, 41]",136.09,151,6.67,-0.05
07:30:33,"[136.17, 36]","[134.39, 44]","[141.0, 12]","[143.0, 30]",138.58,122,4.83,0.31
07:30:34,"[138.27, 33]","[118.09, 55]","[143.0, 33]","[144.0, 11]",140.64,132,4.73,0.33
07:30:35,"[140.3, 30]","[121.34, 32]","[143.0, 30]","[144.0, 10]",141.65,102,2.7,0.22
07:30:36,"[141.4, 15]","[117.88, 24]","[143.0, 18]","[144.0, 6]",142.2,63,1.6,0.24
07:30:37,"[142.1, 20]","[141.0, 30]","[143.2, 20]","[257.6, 10]",142.65,80,1.1,0.25
07:30:38,"[143.07, 28]","[137.44, 43]","[229.33, 18]","[369.05, 19]",186.2,108,86.26,0.31
07:30:39,"[144.0, 24]","[143.0, 24]","[363.4, 35]","[389.32, 31]",253.7,114,219.4,-0.16
07:30:40,"[148.89, 36]","[146.5, 32]","[313.37, 27]","[388.02, 48]",231.13,143,164.48,-0.05
07:30:41,"[151.0, 60]","[148.83, 41]","[259.49, 63]","[321.0, 42]",205.25,206,108.49,-0.02
07:30:42,"[151.0, 23]","[150.0, 24]","[258.0, 40]","[318.27, 15]",204.5,102,107.0,-0.08
07:30:43,"[151.0, 35]","[150.0, 15]","[257.0, 25]","[311.2, 10]",204.0,85,106.0,0.18
07:30:44,"[151.0, 126]","[150.0, 36]","[244.22, 59]","[247.08, 51]",197.61,272,93.22,0.19
07:30:45,"[151.0, 247]","[150.0, 39]","[217.95, 63]","[229.9, 62]",184.48,411,66.95,0.39
07:30:46,"[151.0, 266]","[150.0, 42]","[171.06, 64]","[172.56, 63]",161.03,435,20.06,0.42
07:30:47,"[151.0, 203]","[150.0, 39]","[164.04, 57]","[166.08, 65]",157.52,364,13.04,0.33
07:30:48,"[151.0, 180]","[150.0, 36]","[153.5, 60]","[161.91, 44]",152.25,320,2.5,0.35
07:30:49,"[151.0, 70]","[150.0, 18]","[159.33, 30]","[164.33, 30]",155.17,148,8.33,0.19
07:30:50,"[151.0, 60]","[150.0, 18]","[163.0, 30]","[165.0, 30]",157.0,138,12.0,0.13
07:30:51,"[151.0, 118]","[150.0, 36]","[160.67, 60]","[162.0, 60]",155.83,274,9.67,0.12
07:30:52,"[151.0, 108]","[150.0, 36]","[158.67, 60]","[160.17, 60]",154.83,264,7.67,0.09
07:30:53,"[152.11, 81]","[150.87, 93]","[156.0, 65]","[157.0, 65]",154.06,304,3.89,0.14
07:30:54,"[151.63, 131]","[150.73, 111]","[154.06, 87]","[155.22, 90]",152.84,419,2.43,0.16
07:30:55,"[151.0, 72]","[150.0, 24]","[152.0, 40]","[154.0, 32]",151.5,168,1.0,0.14
07:30:56,"[150.81, 48]","[149.05, 63]","[152.0, 70]","[170.92, 50]",151.41,231,1.19,-0.04
07:30:57,"[148.43, 69]","[147.68, 74]","[151.67, 45]","[231.78, 37]",150.05,225,3.23,0.27
07:30:58,"[150.0, 135]","[148.0, 135]","[151.0, 45]","[191.87, 62]",150.5,377,1.0,0.43
07:30:59,"[150.0, 126]","[148.0, 126]","[151.0, 42]","[408.58, 31]",150.5,325,1.0,0.55
07:31:00,"[149.33, 134]","[147.35, 186]","[246.68, 25]","[333.65, 23]",198.0,368,97.35,0.74
07:31:01,"[148.0, 90]","[146.4, 40]","[278.37, 19]","[291.14, 14]",213.18,163,130.37,0.6
07:31:02,"[148.0, 117]","[147.0, 26]","[265.0, 65]","[308.06, 17]",206.5,225,117.0,0.27
07:31:03,"[148.0, 48]","[147.0, 14]","[264.43, 35]","[399.15, 33]",206.21,130,116.43,-0.05
07:31:04,"[148.0, 60]","[147.0, 20]","[264.0, 50]","[498.84, 31]",206.0,161,116.0,-0.01
07:31:05,"[148.0, 47]","[147.0, 16]","[246.36, 36]","[292.18, 34]",197.18,133,98.36,-0.05
07:31:06,"[148.0, 30]","[147.0, 12]","[227.0, 30]","[264.0, 30]",187.5,102,79.0,-0.18
07:31:07,"[151.0, 40]","[148.0, 50]","[225.08, 49]","[230.64, 42]",188.04,181,74.08,-0.01
07:31:08,"[149.12, 64]","[147.65, 46]","[222.87, 60]","[224.48, 66]",186.0,236,73.74,-0.07
07:31:09,"[147.59, 133]","[145.93, 146]","[220.71, 68]","[223.37, 76]",184.15,423,73.11,0.32
07:31:10,"[148.01, 95]","[145.86, 43]","[219.6, 58]","[220.64, 47]",183.81,243,71.59,0.14
07:31:11,"[150.24, 58]","[148.95, 82]","[211.42, 60]","[214.93, 74]",180.83,274,61.18,0.02
07:31:12,"[151.0, 39]","[150.0, 68]","[171.36, 59]","[176.05, 63]",161.18,229,20.36,-0.07
07:31:13,"[151.0, 12]","[150.0, 24]","[167.26, 27]","[168.56, 27]",159.13,90,16.26,-0.2
07:31:14,"[152.83, 69]","[150.79, 58]","[166.0, 60]","[168.0, 48]",159.41,235,13.17,0.08
07:31:15,"[153.0, 51]","[151.0, 48]","[165.62, 32]","[166.89, 36]",159.31,167,12.62,0.19
07:31:16,"[153.0, 68]","[151.0, 78]","[164.88, 41]","[165.95, 63]",158.94,250,11.88,0.17
07:31:17,"[153.0, 48]","[151.0, 72]","[161.06, 48]","[162.08, 36]",157.03,204,8.06,0.18
07:31:18,"[153.0, 68]","[151.0, 102]","[156.77, 60]","[159.33, 51]",154.88,281,3.77,0.21
07:31:19,"[151.11, 73]","[148.16, 110]","[153.08, 53]","[155.35, 17]",152.09,253,1.97,0.45
07:31:20,"[148.74, 53]","[147.83, 58]","[155.62, 39]","[209.96, 24]",152.18,174,6.88,0.28
07:31:21,"[148.0, 88]","[146.06, 53]","[159.83, 29]","[196.48, 25]",153.91,195,11.83,0.45
07:31:22,"[147.77, 93]","[146.44, 62]","[157.0, 38]","[158.62, 42]",152.39,235,9.23,0.32
07:31:23,"[147.0, 15]","[146.0, 35]","[154.29, 21]","[156.0, 14]",150.64,85,7.29,0.18
07:31:24,"[146.07, 59]","[145.1, 98]","[153.37, 35]","[154.8, 30]",149.72,222,7.3,0.41
07:31:25,"[146.0, 32]","[145.0, 80]","[152.0, 20]","[153.0, 30]",149.0,162,6.0,0.38
07:31:26,"[148.0, 128]","[146.0, 48]","[151.13, 45]","[152.26, 35]",149.57,256,3.13,0.38
07:31:27,"[147.93, 82]","[145.84, 50]","[149.18, 55]","[160.93, 30]",148.55,217,1.25,0.22
07:31:28,"[146.0, 36]","[145.0, 96]","[149.16, 19]","[220.17, 24]",147.58,175,3.16,0.51
07:31:29,"[145.16, 76]","[144.5, 96]","[147.41, 17]","[381.35, 20]",146.28,209,2.25,0.65
07:31:30,"[145.0, 108]","[144.0, 84]","[393.6, 15]","[577.8, 20]",269.3,227,248.6,0.69
07:31:31,"[146.53, 47]","[144.61, 69]","[338.0, 22]","[438.26, 19]",242.27,157,191.47,0.48
07:31:32,"[146.2, 30]","[144.47, 45]","[265.69, 16]","[320.55, 20]",205.94,111,119.49,0.35
07:31:33,"[146.14, 63]","[144.16, 62]","[260.17, 36]","[264.0, 36]",203.15,197,114.02,0.27
07:31:34,"[153.0, 15]","[146.0, 5]","[257.6, 15]","[264.0, 15]",205.3,50,104.6,-0.2
07:31:35,"[153.0, 30]","[146.0, 10]","[234.22, 27]","[261.6, 30]",193.61,97,81.22,-0.18
07:31:36,"[153.0, 13]","[146.0, 7]","[235.16, 19]","[261.71, 21]",194.08,60,82.16,-0.33
07:31:37,"[153.0, 6]","[146.0, 6]","[255.5, 18]","[264.0, 18]",204.25,48,102.5,-0.5
07:31:38,"[153.0, 13]","[150.76, 63]","[218.79, 38]","[251.11, 28]",185.89,142,65.79,0.07
07:31:39,"[153.0, 10]","[151.0, 60]","[200.9, 30]","[263.0, 12]",176.95,112,47.9,0.25
07:31:40,"[151.91, 22]","[150.6, 104]","[198.39, 23]","[206.8, 35]",175.15,184,46.48,0.37
07:31:41,"[151.0, 12]","[150.0, 228]","[194.36, 14]","[197.03, 34]",172.68,288,43.36,0.67
07:31:42,"[150.14, 59]","[149.92, 155]","[191.08, 25]","[194.21, 19]",170.61,258,40.94,0.66
07:31:43,"[150.0, 172]","[146.96, 84]","[187.33, 30]","[190.0, 18]",168.67,304,37.33,0.68
07:31:44,"[150.0, 121]","[146.0, 11]","[186.37, 41]","[187.3, 23]",168.18,196,36.37,0.35
07:31:45,"[150.0, 116]","[146.0, 13]","[184.6, 35]","[185.81, 53]",167.3,217,34.6,0.19
07:31:46,"[150.0, 96]","[146.0, 12]","[180.0, 36]","[181.75, 24]",165.0,168,30.0,0.29
07:31:47,"[150.46, 74]","[149.67, 61]","[176.25, 40]","[179.0, 36]",163.35,211,25.79,0.28
07:31:48,"[151.0, 96]","[150.0, 128]","[175.31, 64]","[178.42, 48]",163.16,336,24.31,0.33
07:31:49,"[151.0, 40]","[150.0, 80]","[173.85, 46]","[174.29, 14]",162.42,180,22.85,0.33
07:31:50,"[150.25, 56]","[149.65, 62]","[170.33, 45]","[171.06, 53]",160.29,216,20.08,0.09
07:31:51,"[150.0, 70]","[148.0, 10]","[167.0, 34]","[168.29, 31]",158.5,145,17.0,0.1
07:31:52,"[150.0, 105]","[148.0, 15]","[162.3, 20]","[163.61, 38]",156.15,178,12.3,0.35
07:31:53,"[150.0, 105]","[148.0, 15]","[157.31, 39]","[157.58, 36]",153.65,195,7.31,0.23
07:31:54,"[150.0, 56]","[148.0, 9]","[154.93, 29]","[155.6, 25]",152.47,119,4.93,0.09
07:31:55,"[150.0, 36]","[148.0, 14]","[152.3, 23]","[153.35, 23]",151.15,96,2.3,0.04
07:31:56,"[150.0, 12]","[148.0, 14]","[154.54, 57]","[318.14, 37]",152.27,120,4.54,-0.57
07:31:57,"[150.1, 10]","[148.2, 10]","[153.3, 50]","[412.73, 22]",151.7,92,3.2,-0.57
07:31:58,"[149.44, 27]","[147.52, 29]","[152.13, 75]","[248.33, 30]",150.79,161,2.69,-0.3
07:31:59,"[149.0, 17]","[148.0, 13]","[150.85, 65]","[365.31, 13]",149.92,108,1.85,-0.44
07:32:00,"[147.83, 18]","[147.09, 46]","[152.88, 51]","[362.71, 14]",150.36,129,5.05,-0.01
07:32:01,"[147.97, 77]","[146.95, 76]","[217.12, 34]","[320.03, 37]",182.55,224,69.14,0.37
07:32:02,"[152.24, 79]","[148.25, 64]","[194.29, 34]","[195.17, 41]",173.27,218,42.05,0.31
07:32:03,"[153.0, 96]","[149.0, 60]","[174.75, 32]","[177.52, 42]",163.88,230,21.75,0.36
07:32:04,"[153.0, 152]","[149.42, 95]","[167.04, 50]","[168.23, 70]",160.02,367,14.04,0.35
07:32:05,"[153.0, 72]","[150.0, 45]","[165.75, 24]","[166.73, 33]",159.38,174,12.75,0.34
07:32:06,"[153.0, 80]","[150.0, 50]","[163.71, 28]","[164.45, 31]",158.36,189,10.71,0.38
07:32:07,"[153.0, 29]","[150.0, 60]","[160.95, 42]","[162.8, 30]",156.98,161,7.95,0.11
07:32:08,"[153.0, 22]","[150.87, 119]","[157.39, 36]","[158.62, 39]",155.19,216,4.39,0.31
07:32:09,"[151.03, 131]","[150.19, 68]","[153.0, 40]","[154.0, 32]",152.02,271,1.97,0.47
07:32:10,"[151.0, 69]","[150.0, 45]","[153.0, 36]","[449.33, 36]",152.0,186,2.0,0.23
07:32:11,"[151.0, 66]","[150.0, 65]","[152.71, 28]","[272.25, 48]",151.86,207,1.71,0.27
07:32:12,"[151.0, 18]","[150.0, 45]","[152.0, 9]","[359.0, 18]",151.5,90,1.0,0.4
07:32:13,"[151.0, 20]","[150.0, 50]","[152.0, 10]","[272.54, 26]",151.5,106,1.0,0.32
07:32:14,"[151.0, 24]","[150.0, 60]","[152.0, 12]","[404.16, 19]",151.5,115,1.0,0.46
07:32:15,"[150.02, 56]","[148.17, 60]","[315.19, 16]","[503.33, 24]",232.6,156,165.17,0.49
07:32:16,"[150.0, 15]","[148.0, 15]","[234.4, 5]","[365.5, 4]",192.2,39,84.4,0.54
07:32:17,"[150.47, 17]","[149.14, 35]","[251.0, 14]","[544.0, 11]",200.74,77,100.53,0.35
07:32:18,"[148.0, 20]","[147.0, 32]","[239.75, 8]","[488.75, 8]",193.88,68,91.75,0.53
07:32:19,"[148.0, 34]","[147.0, 56]","[174.21, 28]","[193.53, 17]",161.11,135,26.21,0.33
07:32:20,"[148.0, 25]","[146.57, 14]","[152.64, 33]","[153.67, 15]",150.32,87,4.64,-0.1
07:32:21,"[147.95, 37]","[145.75, 16]","[149.7, 43]","[152.41, 46]",148.82,142,1.75,-0.25
07:32:22,"[146.0, 8]","[145.0, 32]","[149.12, 16]","[150.4, 15]",147.56,71,3.12,0.13
07:32:23,"[146.98, 65]","[145.75, 16]","[149.38, 26]","[258.6, 20]",148.18,127,2.4,0.28
07:32:24,"[146.17, 41]","[144.33, 67]","[430.83, 29]","[576.0, 19]",288.5,156,284.66,0.38
07:32:25,"[145.27, 11]","[144.32, 38]","[442.0, 13]","[443.73, 11]",293.64,73,296.73,0.34
07:32:26,"[153.0, 3]","[146.0, 3]","[441.14, 7]","[443.57, 7]",297.07,20,288.14,-0.4
07:32:27,"[153.0, 12]","[146.0, 12]","[311.5, 30]","[358.52, 23]",232.25,77,158.5,-0.38
07:32:28,"[153.0, 8]","[150.38, 32]","[176.53, 19]","[234.14, 21]",164.76,80,23.53,0.0
07:32:29,"[153.0, 10]","[151.0, 100]","[176.0, 30]","[184.0, 20]",164.5,160,23.0,0.38
07:32:30,"[152.07, 15]","[150.94, 81]","[175.44, 27]","[195.27, 11]",163.76,134,23.38,0.43
07:32:31,"[151.0, 108]","[146.0, 14]","[174.45, 47]","[357.88, 42]",162.72,211,23.45,0.16
07:32:32,"[151.0, 132]","[146.0, 12]","[173.11, 37]","[238.33, 18]",162.05,199,22.11,0.45
07:32:33,"[151.0, 72]","[146.89, 9]","[173.0, 24]","[324.88, 16]",162.0,121,22.0,0.34
07:32:34,"[151.0, 99]","[150.0, 22]","[172.18, 33]","[421.12, 32]",161.59,186,21.18,0.3
07:32:35,"[151.0, 63]","[150.0, 14]","[170.29, 21]","[227.35, 23]",160.64,121,19.29,0.27
07:32:36,"[151.0, 90]","[150.0, 20]","[168.2, 30]","[169.4, 30]",159.6,170,17.2,0.29
07:32:37,"[151.0, 54]","[150.0, 12]","[166.17, 18]","[167.67, 18]",158.58,102,15.17,0.29
07:32:38,"[151.0, 102]","[150.0, 28]","[162.79, 48]","[164.29, 42]",156.9,220,11.79,0.18
07:32:39,"[151.0, 42]","[150.0, 20]","[160.08, 36]","[161.71, 34]",155.54,132,9.08,-0.06
07:32:40,"[147.22, 73]","[147.0, 32]","[156.44, 50]","[157.73, 55]",151.83,210,9.22,0.0
07:32:41,"[147.67, 18]","[146.6, 10]","[156.47, 32]","[157.76, 37]",152.07,97,8.8,-0.42
07:32:42,"[148.55, 22]","[147.62, 13]","[154.52, 42]","[156.09, 33]",151.53,110,5.98,-0.36
07:32:43,"[148.86, 28]","[147.89, 18]","[151.0, 47]","[153.05, 43]",149.93,136,2.14,-0.32
07:32:44,"[144.25, 183]","[107.21, 24]","[148.22, 65]","[149.41, 61]",146.23,333,3.96,0.24
07:32:45,"[144.0, 209]","[54.69, 26]","[146.05, 38]","[170.6, 43]",145.03,316,2.05,0.49
07:32:46,"[143.79, 86]","[142.76, 259]","[146.0, 45]","[298.1, 67]",144.9,457,2.21,0.51
07:32:47,"[144.0, 130]","[143.0, 234]","[145.38, 24]","[257.12, 49]",144.69,437,1.38,0.67
07:32:48,"[144.0, 104]","[143.0, 198]","[320.15, 26]","[440.78, 45]",232.08,373,176.15,0.62
07:32:49,"[152.38, 64]","[145.78, 63]","[601.93, 30]","[608.22, 36]",377.15,193,449.56,0.32
07:32:50,"[153.0, 55]","[151.0, 28]","[209.57, 28]","[281.0, 19]",181.29,130,56.57,0.28
07:32:51,"[152.25, 32]","[146.8, 50]","[320.38, 32]","[481.96, 25]",236.31,139,168.12,0.18
07:32:52,"[151.0, 22]","[144.0, 90]","[370.84, 25]","[445.15, 20]",260.92,157,219.84,0.43
07:32:53,"[151.0, 10]","[144.0, 100]","[204.8, 10]","[518.11, 37]",177.9,157,53.8,0.4
07:32:54,"[151.0, 4]","[144.0, 40]","[203.75, 4]","[699.0, 16]",177.38,64,52.75,0.38
07:32:55,"[144.0, 70]","[143.0, 7]","[203.0, 7]","[381.83, 24]",173.5,108,59.0,0.43
07:32:56,"[144.0, 80]","[143.0, 8]","[201.21, 14]","[242.93, 14]",172.61,116,57.21,0.52
07:32:57,"[144.27, 88]","[143.62, 26]","[197.57, 14]","[199.35, 34]",170.92,162,53.3,0.41
07:32:58,"[148.0, 42]","[144.0, 64]","[193.92, 12]","[197.6, 20]",170.96,138,45.92,0.54
07:32:59,"[148.0, 27]","[144.0, 72]","[192.24, 25]","[193.18, 11]",170.12,135,44.24,0.47
07:33:00,"[148.0, 33]","[145.04, 67]","[189.47, 19]","[190.44, 25]",168.74,144,41.47,0.39
07:33:01,"[148.0, 39]","[146.57, 47]","[186.54, 13]","[188.52, 23]",167.27,122,38.54,0.41
07:33:02,"[148.0, 21]","[147.0, 21]","[184.0, 7]","[188.79, 19]",166.0,68,36.0,0.24
07:33:03,"[148.0, 11]","[147.0, 21]","[182.0, 13]","[183.0, 22]",165.0,67,34.0,-0.04
07:33:04,"[146.39, 31]","[144.93, 58]","[179.59, 29]","[180.44, 32]",162.99,150,33.2,0.19
07:33:05,"[146.25, 40]","[144.19, 53]","[176.14, 28]","[178.0, 28]",161.2,149,29.89,0.25
07:33:06,"[147.2, 150]","[146.0, 75]","[175.03, 33]","[175.93, 60]",161.12,318,27.83,0.42
07:33:07,"[148.58, 62]","[146.0, 60]","[170.86, 21]","[171.83, 24]",159.72,167,22.28,0.46
07:33:08,"[146.28, 32]","[144.23, 71]","[169.3, 10]","[171.0, 40]",157.79,153,23.02,0.35
07:33:09,"[146.0, 6]","[144.0, 42]","[167.42, 12]","[170.67, 18]",156.71,78,21.42,0.23
07:33:10,"[146.0, 13]","[144.0, 91]","[164.7, 40]","[166.13, 31]",155.35,175,18.7,0.19
07:33:11,"[144.3, 33]","[143.9, 39]","[161.4, 15]","[163.0, 30]",152.85,117,17.1,0.23
07:33:12,"[153.0, 18]","[145.05, 38]","[158.67, 36]","[159.55, 33]",155.83,125,5.67,-0.1
07:33:13,"[153.0, 16]","[148.0, 16]","[157.12, 32]","[159.0, 32]",155.06,96,4.12,-0.33
07:33:14,"[144.73, 67]","[143.38, 16]","[154.45, 20]","[156.77, 26]",149.59,129,9.72,0.29
07:33:15,"[151.0, 67]","[144.44, 75]","[154.08, 52]","[175.06, 64]",152.54,258,3.08,0.1
07:33:16,"[151.0, 7]","[144.0, 98]","[156.57, 28]","[185.43, 28]",153.79,161,5.57,0.3
07:33:17,"[144.73, 67]","[143.87, 113]","[154.74, 46]","[162.65, 34]",149.74,260,10.01,0.38
07:33:18,"[144.0, 156]","[143.0, 39]","[152.42, 48]","[153.67, 30]",148.21,273,8.42,0.43
07:33:19,"[144.0, 120]","[143.0, 30]","[150.0, 20]","[151.0, 40]",147.0,210,6.0,0.43
07:33:20,"[144.01, 144]","[143.23, 47]","[148.43, 28]","[149.68, 50]",146.22,269,4.42,0.42
07:33:21,"[146.0, 24]","[145.0, 12]","[148.09, 44]","[232.0, 24]",147.05,104,2.09,-0.31
07:33:22,"[144.34, 53]","[143.86, 49]","[198.76, 17]","[590.5, 24]",171.55,143,54.43,0.43
07:33:23,"[146.0, 11]","[142.0, 11]","[266.1, 20]","[515.94, 31]",206.05,73,120.1,-0.4
07:33:24,"[118.22, 23]","[113.26, 19]","[334.0, 7]","[469.0, 14]",226.11,63,215.78,0.33
07:33:25,"[145.12, 76]","[130.1, 31]","[226.88, 16]","[401.95, 22]",186.0,145,81.76,0.48
07:33:26,"[151.0, 108]","[143.21, 19]","[290.33, 9]","[343.0, 36]",220.67,172,139.33,0.48
07:33:27,"[151.0, 87]","[144.33, 15]","[328.86, 14]","[369.16, 32]",239.93,148,177.86,0.38
07:33:28,"[151.0, 8]","[144.94, 16]","[389.0, 8]","[546.0, 4]",270.0,36,238.0,0.33
07:33:29,"[151.0, 7]","[144.0, 7]","[370.71, 14]","[506.78, 9]",260.86,37,219.71,-0.24
07:33:30,"[144.0, 8]","[141.78, 36]","[411.88, 17]","[487.96, 23]",277.94,84,267.88,0.05
07:33:31,"[144.0, 17]","[142.0, 119]","[271.64, 36]","[371.86, 37]",207.82,209,127.64,0.3
07:33:32,"[144.0, 6]","[142.0, 42]","[414.27, 22]","[500.42, 26]",279.14,96,270.27,0.0
07:33:33,"[149.09, 23]","[143.96, 27]","[494.33, 45]","[536.59, 17]",321.71,112,345.25,-0.11
07:33:34,"[148.12, 24]","[143.25, 32]","[336.92, 13]","[428.12, 26]",242.52,95,188.8,0.18
07:33:35,"[144.0, 10]","[142.0, 70]","[328.06, 48]","[329.04, 28]",236.03,156,184.06,0.03
07:33:36,"[144.45, 33]","[142.44, 81]","[328.0, 60]","[329.0, 36]",236.23,210,183.55,0.09
07:33:37,"[146.38, 24]","[144.0, 44]","[326.44, 27]","[328.0, 45]",236.41,140,180.07,-0.03
07:33:38,"[150.79, 38]","[146.22, 23]","[323.15, 47]","[326.95, 57]",236.97,165,172.36,-0.26
07:33:39,"[144.94, 17]","[141.85, 27]","[310.24, 29]","[322.2, 25]",227.59,98,165.3,-0.1
07:33:40,"[148.0, 16]","[142.0, 32]","[241.54, 24]","[263.41, 37]",194.77,109,93.54,-0.12
07:33:41,"[147.74, 23]","[145.47, 34]","[239.25, 56]","[240.68, 66]",193.49,179,91.51,-0.36
07:33:42,"[142.0, 44]","[141.0, 22]","[225.11, 47]","[238.33, 51]",183.55,164,83.11,-0.2
07:33:43,"[141.57, 28]","[125.57, 23]","[143.0, 38]","[172.94, 48]",142.29,137,1.43,-0.26
07:33:44,"[135.0, 18]","[105.8, 25]","[142.0, 27]","[143.0, 72]",138.5,142,7.0,-0.39
07:33:45,"[105.38, 74]","[96.11, 35]","[141.24, 21]","[142.66, 44]",123.31,174,35.86,0.25
07:33:46,"[102.32, 44]","[98.46, 41]","[142.35, 23]","[144.75, 24]",122.33,132,40.03,0.29
07:33:47,"[116.68, 31]","[101.86, 35]","[138.0, 12]","[143.0, 12]",127.34,90,21.32,0.47
07:33:48,"[122.19, 59]","[105.51, 59]","[138.25, 24]","[143.78, 23]",130.22,165,16.06,0.43
07:33:49,"[126.57, 42]","[114.57, 42]","[137.31, 26]","[219.33, 12]",131.94,122,10.74,0.38
07:33:50,"[140.62, 52]","[139.32, 73]","[163.24, 25]","[614.67, 12]",151.93,162,22.62,0.54
07:33:51,"[143.75, 12]","[142.0, 108]","[200.29, 41]","[442.04, 26]",172.02,187,56.54,0.28
07:33:52,"[146.08, 13]","[144.04, 110]","[288.45, 49]","[355.88, 32]",217.26,204,142.37,0.21
07:33:53,"[147.0, 28]","[146.0, 8]","[393.08, 13]","[507.75, 16]",270.04,65,246.08,0.11
07:33:54,"[147.0, 45]","[146.0, 10]","[445.0, 20]","[703.74, 19]",296.0,94,298.0,0.17
07:33:55,"[147.0, 81]","[146.0, 18]","[302.97, 38]","[355.43, 30]",224.99,167,155.97,0.19
07:33:56,"[147.0, 90]","[146.0, 20]","[214.8, 50]","[216.0, 50]",180.9,210,67.8,0.05
07:33:57,"[147.0, 60]","[146.0, 18]","[213.44, 45]","[214.89, 45]",180.22,168,66.44,-0.07
07:33:58,"[147.0, 36]","[146.0, 12]","[211.67, 30]","[213.0, 30]",179.33,108,64.67,-0.11
07:33:59,"[147.0, 104]","[146.0, 36]","[208.72, 90]","[210.28, 90]",177.86,320,61.72,-0.12
07:34:00,"[147.0, 26]","[146.0, 26]","[205.85, 65]","[207.15, 65]",176.42,182,58.85,-0.43
07:34:01,"[144.5, 72]","[143.6, 60]","[203.08, 60]","[204.17, 60]",173.79,252,58.58,0.05
07:34:02,"[148.84, 136]","[143.95, 104]","[201.29, 70]","[203.93, 70]",175.06,380,52.45,0.26
07:34:03,"[151.0, 132]","[148.0, 12]","[198.52, 58]","[201.7, 50]",174.76,252,47.52,0.14
07:34:04,"[151.0, 135]","[148.0, 11]","[196.47, 49]","[197.23, 39]",173.73,234,45.47,0.25
07:34:05,"[151.0, 252]","[144.61, 59]","[191.21, 68]","[192.31, 68]",171.1,447,40.21,0.39
07:34:06,"[151.0, 112]","[144.0, 70]","[188.44, 27]","[189.69, 29]",169.72,238,37.44,0.53
07:34:07,"[151.0, 144]","[144.0, 90]","[183.27, 37]","[186.19, 37]",167.14,308,32.27,0.52
07:34:08,"[151.0, 224]","[145.5, 128]","[178.21, 66]","[179.04, 56]",164.61,474,27.21,0.49
07:34:09,"[151.0, 180]","[148.0, 96]","[171.9, 48]","[172.71, 55]",161.45,379,20.9,0.46
07:34:10,"[151.0, 96]","[148.0, 64]","[168.25, 32]","[170.25, 32]",159.62,224,17.25,0.43
07:34:11,"[151.0, 96]","[148.0, 64]","[165.75, 40]","[167.0, 40]",158.38,240,14.75,0.33
07:34:12,"[151.0, 80]","[148.0, 56]","[163.97, 31]","[165.73, 33]",157.48,200,12.97,0.36
07:34:13,"[151.0, 120]","[148.0, 96]","[162.55, 44]","[163.77, 52]",156.77,312,11.55,0.38
07:34:14,"[151.0, 172]","[148.0, 144]","[160.83, 66]","[161.72, 60]",155.92,442,9.83,0.43
07:34:15,"[151.0, 44]","[149.67, 48]","[159.0, 9]","[160.0, 27]",155.0,128,8.0,0.44
07:34:16,"[151.12, 66]","[150.12, 68]","[156.92, 36]","[157.19, 36]",154.02,206,5.8,0.3
07:34:17,"[150.66, 73]","[149.11, 90]","[152.16, 63]","[153.61, 31]",151.41,257,1.5,0.27
07:34:18,"[150.0, 20]","[148.0, 32]","[151.62, 8]","[152.12, 16]",150.81,76,1.62,0.37
07:34:19,"[150.0, 28]","[148.0, 72]","[151.22, 45]","[269.24, 42]",150.61,187,1.22,0.07
07:34:20,"[148.35, 51]","[146.69, 104]","[251.75, 59]","[399.6, 63]",200.05,277,103.39,0.12
07:34:21,"[148.0, 10]","[147.0, 30]","[344.0, 20]","[565.4, 25]",246.0,85,196.0,-0.06
07:34:22,"[148.0, 16]","[147.0, 48]","[431.67, 30]","[505.58, 38]",289.83,132,283.67,-0.03
07:34:23,"[146.57, 47]","[145.15, 111]","[443.0, 39]","[471.86, 56]",294.79,253,296.43,0.25
07:34:24,"[149.0, 64]","[146.0, 40]","[240.41, 34]","[382.17, 30]",194.71,168,91.41,0.24
07:34:25,"[149.0, 64]","[146.0, 40]","[220.0, 24]","[452.38, 40]",184.5,168,71.0,0.24
07:34:26,"[149.92, 104]","[146.97, 74]","[217.28, 25]","[289.09, 43]",183.6,246,67.36,0.45
07:34:27,"[150.0, 112]","[146.0, 70]","[210.94, 18]","[212.22, 46]",180.47,246,60.94,0.48
07:34:28,"[150.33, 119]","[147.3, 74]","[205.78, 45]","[209.24, 25]",178.05,263,55.45,0.47
07:34:29,"[151.0, 201]","[150.0, 136]","[201.03, 69]","[202.12, 60]",176.01,466,50.03,0.45
07:34:30,"[151.0, 155]","[148.86, 74]","[196.23, 48]","[197.88, 34]",173.61,311,45.23,0.47
07:34:31,"[151.0, 170]","[148.0, 60]","[192.83, 46]","[194.42, 38]",171.91,314,41.83,0.46
07:34:32,"[151.0, 255]","[148.0, 90]","[186.63, 51]","[188.06, 54]",168.81,450,35.63,0.53
07:34:33,"[151.0, 255]","[148.0, 90]","[182.3, 46]","[183.93, 55]",166.65,446,31.3,0.55
07:34:34,"[151.0, 176]","[148.0, 78]","[178.46, 54]","[179.27, 49]",164.73,357,27.46,0.42
07:34:35,"[151.0, 168]","[148.0, 84]","[174.28, 47]","[175.72, 57]",162.64,356,23.28,0.42
07:34:36,"[151.0, 144]","[148.0, 72]","[170.39, 36]","[171.38, 16]",160.69,268,19.39,0.61
07:34:37,"[151.0, 148]","[148.0, 84]","[154.72, 18]","[167.14, 70]",152.86,320,3.72,0.45
07:34:38,"[149.64, 75]","[147.32, 82]","[151.59, 37]","[172.31, 48]",150.62,242,1.95,0.3
07:34:39,"[148.0, 32]","[146.0, 56]","[204.76, 25]","[216.17, 36]",176.38,149,56.76,0.18
07:34:40,"[149.16, 86]","[145.74, 92]","[263.54, 39]","[301.8, 49]",206.35,266,114.38,0.34
07:34:41,"[153.0, 168]","[146.02, 132]","[187.22, 68]","[360.07, 41]",170.11,409,34.22,0.47
07:34:42,"[153.0, 120]","[147.0, 20]","[341.57, 40]","[612.7, 37]",247.29,217,188.57,0.29
07:34:43,"[153.0, 132]","[148.09, 22]","[429.04, 25]","[642.94, 47]",291.02,226,276.04,0.36
07:34:44,"[153.0, 120]","[151.0, 20]","[320.0, 18]","[427.4, 40]",236.5,198,167.0,0.41
07:34:45,"[153.0, 111]","[151.0, 22]","[280.0, 11]","[362.0, 24]",216.5,168,127.0,0.58
07:34:46,"[153.0, 57]","[151.0, 14]","[278.85, 13]","[504.84, 19]",215.92,103,125.85,0.38
07:34:47,"[153.0, 49]","[151.0, 16]","[228.73, 22]","[244.12, 25]",190.86,112,75.73,0.16
07:34:48,"[153.0, 45]","[151.0, 18]","[192.89, 19]","[209.82, 22]",172.95,104,39.89,0.21
07:34:49,"[152.57, 28]","[149.67, 18]","[203.0, 28]","[262.2, 15]",177.79,89,50.43,0.03
07:34:50,"[151.0, 22]","[147.0, 22]","[199.42, 38]","[204.77, 35]",175.21,117,48.42,-0.25
07:34:51,"[153.0, 30]","[151.0, 20]","[172.96, 28]","[201.9, 21]",162.98,99,19.96,0.01
07:34:52,"[153.0, 27]","[151.0, 23]","[171.0, 27]","[323.11, 9]",162.0,86,18.0,0.16
07:34:53,"[153.0, 21]","[151.0, 33]","[170.71, 21]","[221.71, 7]",161.86,82,17.71,0.32
07:34:54,"[153.0, 27]","[151.0, 54]","[170.0, 27]","[171.0, 18]",161.5,126,17.0,0.29
07:34:55,"[153.0, 27]","[151.0, 54]","[169.89, 27]","[251.54, 26]",161.44,134,16.89,0.21
07:34:56,"[153.0, 30]","[151.0, 60]","[162.91, 22]","[181.75, 32]",157.95,144,9.91,0.25
07:34:57,"[151.07, 83]","[150.04, 166]","[156.82, 51]","[162.59, 41]",153.95,341,5.75,0.46
07:34:58,"[151.0, 60]","[150.0, 112]","[154.8, 30]","[155.47, 34]",152.9,236,3.8,0.46
07:34:59,"[150.47, 43]","[149.18, 44]","[151.56, 16]","[154.62, 24]",151.01,127,1.1,0.37
07:35:00,"[148.84, 43]","[147.5, 36]","[150.53, 32]","[163.61, 18]",149.68,129,1.69,0.22
07:35:01,"[145.57, 23]","[144.03, 32]","[150.08, 38]","[223.2, 10]",147.82,103,4.51,0.07
07:35:02,"[146.32, 62]","[144.12, 48]","[149.65, 46]","[257.08, 26]",147.99,182,3.33,0.21
07:35:03,"[148.0, 35]","[146.0, 20]","[150.0, 25]","[491.0, 5]",149.0,85,2.0,0.29
07:35:04,"[148.0, 56]","[146.0, 32]","[149.83, 36]","[309.32, 25]",148.92,149,1.83,0.18
07:35:05,"[148.0, 44]","[146.0, 44]","[149.18, 55]","[292.0, 44]",148.59,187,1.18,-0.06
07:35:06,"[147.11, 27]","[145.38, 29]","[224.56, 32]","[460.93, 27]",185.84,115,77.45,-0.03
07:35:07,"[146.88, 34]","[145.86, 43]","[404.7, 30]","[452.81, 37]",275.79,144,257.82,0.07
07:35:08,"[146.3, 30]","[144.73, 33]","[250.78, 36]","[340.6, 30]",198.54,129,104.48,-0.02
07:35:09,"[145.64, 22]","[143.29, 28]","[152.52, 31]","[198.23, 22]",149.08,103,6.88,-0.03
07:35:10,"[145.67, 24]","[144.0, 24]","[173.74, 27]","[185.17, 35]",159.7,110,28.07,-0.13
07:35:11,"[146.05, 112]","[145.54, 70]","[175.64, 22]","[179.0, 33]",160.84,237,29.58,0.54
07:35:12,"[146.13, 78]","[145.88, 96]","[174.0, 18]","[471.35, 34]",160.06,226,27.87,0.54
07:35:13,"[146.0, 163]","[143.25, 67]","[172.91, 22]","[234.5, 24]",159.45,276,26.91,0.67
07:35:14,"[146.0, 98]","[144.0, 63]","[170.57, 14]","[173.0, 14]",158.29,189,24.57,0.7
07:35:15,"[146.88, 34]","[145.22, 46]","[168.75, 8]","[172.0, 8]",157.82,96,21.87,0.67
07:35:16,"[151.0, 24]","[146.0, 112]","[165.75, 16]","[166.88, 16]",158.38,168,14.75,0.62
07:35:17,"[151.36, 33]","[146.12, 129]","[161.4, 20]","[162.6, 20]",156.38,202,10.04,0.6
07:35:18,"[153.0, 66]","[151.0, 33]","[159.82, 22]","[160.82, 22]",156.41,143,6.82,0.38
07:35:19,"[153.0, 28]","[151.0, 24]","[157.25, 16]","[160.0, 16]",155.12,84,4.25,0.24
07:35:20,"[151.34, 29]","[146.92, 103]","[154.18, 22]","[155.27, 22]",152.76,176,2.84,0.5
07:35:21,"[151.0, 41]","[146.0, 196]","[152.21, 28]","[156.28, 25]",151.61,290,1.21,0.63
07:35:22,"[144.35, 95]","[126.44, 50]","[152.0, 26]","[190.35, 37]",148.17,208,7.65,0.39
07:35:23,"[144.65, 46]","[138.61, 89]","[150.75, 24]","[327.52, 50]",147.7,209,6.1,0.29
07:35:24,"[145.0, 27]","[144.0, 63]","[147.7, 33]","[216.67, 30]",146.35,153,2.7,0.18
07:35:25,"[144.67, 45]","[134.82, 85]","[147.0, 39]","[353.84, 56]",145.83,225,2.33,0.16
07:35:26,"[144.24, 37]","[113.82, 39]","[147.0, 27]","[217.0, 36]",145.62,139,2.76,0.09
07:35:27,"[141.85, 13]","[64.52, 46]","[145.83, 29]","[324.47, 34]",143.84,122,3.98,-0.03
07:35:28,"[142.0, 16]","[125.78, 9]","[144.82, 34]","[145.72, 29]",143.41,88,2.82,-0.43
07:35:29,"[141.87, 15]","[128.62, 8]","[143.2, 30]","[168.15, 27]",142.53,80,1.33,-0.42
07:35:30,"[139.4, 5]","[72.0, 14]","[143.0, 20]","[413.6, 20]",141.2,59,3.6,-0.36
07:35:31,"[129.67, 6]","[76.33, 33]","[142.8, 15]","[168.67, 18]",136.23,72,13.13,0.08
07:35:32,"[115.0, 4]","[89.0, 40]","[141.0, 4]","[143.0, 16]",128.0,64,26.0,0.38
07:35:33,"[119.86, 42]","[101.67, 24]","[140.4, 20]","[260.13, 23]",130.13,109,20.54,0.21
07:35:34,"[106.73, 15]","[71.58, 24]","[135.0, 12]","[137.0, 18]",120.87,69,28.27,0.13
07:35:35,"[104.2, 5]","[93.8, 5]","[135.0, 10]","[137.0, 15]",119.6,35,30.8,-0.43
07:35:36,"[126.22, 45]","[123.11, 36]","[135.0, 17]","[137.0, 27]",130.61,125,8.78,0.3
07:35:37,"[128.0, 8]","[122.47, 53]","[136.29, 14]","[138.5, 24]",132.14,99,8.29,0.23
07:35:38,"[128.58, 12]","[111.1, 102]","[142.42, 31]","[225.9, 20]",135.5,165,13.84,0.38
07:35:39,"[129.0, 6]","[43.65, 51]","[178.2, 10]","[301.0, 10]",153.6,77,49.2,0.48
07:35:40,"[131.0, 7]","[90.6, 25]","[371.33, 9]","[477.14, 14]",251.17,55,240.33,0.16
07:35:41,"[133.56, 16]","[121.6, 73]","[434.91, 34]","[435.32, 50]",284.24,173,301.35,0.03
07:35:42,"[118.2, 51]","[113.96, 104]","[201.87, 31]","[238.9, 42]",160.03,228,83.67,0.36
07:35:43,"[117.25, 28]","[78.0, 40]","[135.0, 12]","[142.0, 16]",126.12,96,17.75,0.42
07:35:44,"[118.71, 49]","[78.0, 70]","[135.0, 21]","[142.0, 28]",126.86,168,16.29,0.42
07:35:45,"[119.0, 35]","[86.8, 50]","[135.0, 15]","[142.0, 20]",127.0,120,16.0,0.42
07:35:46,"[119.17, 42]","[80.48, 46]","[135.0, 18]","[140.89, 9]",127.08,115,15.83,0.53
07:35:47,"[125.6, 70]","[100.54, 82]","[188.67, 27]","[379.26, 27]",157.13,206,63.07,0.48
07:35:48,"[128.25, 84]","[69.94, 80]","[162.24, 34]","[407.59, 39]",145.24,237,33.99,0.38
07:35:49,"[153.0, 88]","[148.7, 67]","[417.3, 44]","[521.15, 47]",285.15,246,264.3,0.26
07:35:50,"[153.0, 24]","[151.0, 20]","[252.5, 20]","[577.0, 8]",202.75,72,99.5,0.22
07:35:51,"[153.0, 60]","[151.0, 58]","[438.7, 50]","[527.77, 26]",295.85,194,285.7,0.22
07:35:52,"[153.0, 54]","[151.0, 117]","[393.26, 62]","[408.61, 44]",273.13,277,240.26,0.23
07:35:53,"[153.0, 28]","[151.0, 63]","[229.14, 35]","[233.57, 35]",191.07,161,76.14,0.13
07:35:54,"[153.0, 44]","[151.0, 99]","[216.59, 51]","[231.36, 55]",184.79,249,63.59,0.15
07:35:55,"[153.0, 40]","[151.0, 90]","[224.0, 50]","[232.77, 26]",188.5,206,71.0,0.26
07:35:56,"[153.0, 36]","[151.0, 81]","[233.0, 45]","[422.33, 9]",193.0,171,80.0,0.37
07:35:57,"[153.0, 39]","[151.0, 90]","[231.1, 50]","[351.0, 10]",192.05,189,78.1,0.37
07:35:58,"[153.0, 24]","[151.0, 72]","[229.41, 32]","[310.5, 16]",191.2,144,76.41,0.33
07:35:59,"[153.0, 27]","[151.0, 81]","[229.0, 45]","[452.05, 19]",191.0,172,76.0,0.26
07:36:00,"[153.0, 36]","[151.0, 108]","[227.8, 50]","[251.93, 56]",190.4,250,74.8,0.15
07:36:01,"[151.26, 93]","[150.32, 57]","[199.56, 57]","[228.0, 60]",175.41,267,48.3,0.12
07:36:02,"[151.0, 160]","[150.0, 20]","[178.0, 50]","[214.81, 42]",164.5,272,27.0,0.32
07:36:03,"[151.0, 309]","[150.0, 34]","[177.53, 76]","[197.95, 77]",164.26,496,26.53,0.38
07:36:04,"[151.0, 187]","[150.0, 30]","[174.25, 73]","[175.29, 62]",162.62,352,23.25,0.23
07:36:05,"[151.0, 112]","[150.0, 28]","[169.59, 49]","[172.22, 51]",160.3,240,18.59,0.17
07:36:06,"[151.0, 56]","[150.0, 24]","[154.86, 51]","[155.83, 35]",152.93,166,3.86,-0.04
07:36:07,"[149.7, 23]","[148.0, 27]","[153.35, 46]","[154.45, 44]",151.52,140,3.65,-0.29
07:36:08,"[148.0, 18]","[147.0, 27]","[150.32, 25]","[152.72, 29]",149.16,99,2.32,-0.09
07:36:09,"[146.3, 63]","[144.52, 158]","[148.38, 32]","[189.73, 22]",147.34,275,2.07,0.61
07:36:10,"[146.0, 46]","[144.0, 203]","[234.14, 35]","[298.0, 23]",190.07,307,88.14,0.62
07:36:11,"[146.86, 28]","[145.21, 53]","[260.54, 35]","[295.94, 31]",203.7,147,113.69,0.1
07:36:12,"[146.69, 26]","[144.45, 107]","[255.5, 16]","[257.32, 19]",201.1,168,108.81,0.58
07:36:13,"[146.0, 16]","[144.0, 160]","[248.6, 20]","[251.33, 12]",197.3,208,102.6,0.69
07:36:14,"[146.0, 24]","[144.0, 240]","[230.65, 23]","[248.04, 45]",188.33,332,84.65,0.59
07:36:15,"[146.0, 14]","[144.0, 140]","[245.5, 10]","[246.36, 25]",195.75,189,99.5,0.63
07:36:16,"[146.84, 25]","[144.52, 54]","[186.74, 31]","[195.62, 26]",166.79,136,39.9,0.16
07:36:17,"[147.72, 32]","[146.82, 33]","[160.22, 40]","[161.47, 15]",153.97,120,12.51,0.08
07:36:18,"[146.87, 45]","[144.38, 121]","[156.88, 49]","[158.71, 31]",151.87,246,10.01,0.35
07:36:19,"[146.1, 60]","[144.14, 174]","[153.59, 39]","[154.67, 36]",149.84,309,7.49,0.51
07:36:20,"[146.73, 44]","[145.33, 108]","[150.1, 30]","[151.68, 44]",148.41,226,3.37,0.35
07:36:21,"[146.0, 24]","[144.4, 60]","[149.0, 8]","[151.0, 32]",147.5,124,3.0,0.35
07:36:22,"[146.0, 26]","[145.0, 56]","[175.31, 16]","[245.9, 40]",160.66,138,29.31,0.19
07:36:23,"[145.57, 56]","[144.26, 106]","[246.69, 29]","[324.78, 46]",196.13,237,101.12,0.37
07:36:24,"[146.0, 42]","[145.0, 28]","[223.0, 14]","[224.14, 14]",184.5,98,77.0,0.43
07:36:25,"[144.36, 66]","[132.4, 40]","[221.6, 20]","[222.6, 20]",182.98,146,77.24,0.45
07:36:26,"[144.01, 200]","[128.46, 41]","[219.42, 24]","[222.6, 30]",181.71,295,75.41,0.63
07:36:27,"[145.0, 26]","[144.0, 234]","[159.93, 27]","[164.16, 31]",152.46,318,14.93,0.64
07:36:28,"[144.4, 60]","[143.53, 227]","[146.64, 22]","[149.64, 22]",145.52,331,2.24,0.73
07:36:29,"[144.0, 216]","[121.09, 35]","[146.92, 12]","[152.5, 20]",145.46,283,2.92,0.77
07:36:30,"[144.01, 131]","[136.27, 22]","[152.0, 9]","[162.12, 43]",148.0,205,7.99,0.49
07:36:31,"[146.82, 28]","[144.32, 50]","[262.29, 31]","[298.22, 49]",204.56,158,115.47,-0.01
07:36:32,"[150.2, 30]","[144.39, 79]","[219.0, 48]","[289.03, 58]",184.6,215,68.8,0.01
07:36:33,"[151.0, 40]","[144.0, 140]","[287.88, 33]","[486.37, 41]",219.44,254,136.88,0.42
07:36:34,"[145.06, 132]","[137.54, 100]","[404.0, 39]","[525.92, 48]",274.53,319,258.94,0.45
07:36:35,"[151.77, 52]","[144.28, 78]","[289.74, 53]","[331.75, 55]",220.75,238,137.97,0.09
07:36:36,"[153.0, 12]","[145.0, 6]","[205.6, 10]","[265.23, 13]",179.3,41,52.6,-0.12
07:36:37,"[153.0, 58]","[149.69, 32]","[216.0, 48]","[328.47, 76]",184.5,214,63.0,-0.16
07:36:38,"[153.0, 10]","[150.0, 10]","[218.0, 16]","[276.65, 20]",185.5,56,65.0,-0.29
07:36:39,"[153.0, 20]","[150.0, 20]","[224.0, 40]","[350.0, 30]",188.5,110,71.0,-0.27
07:36:40,"[153.0, 20]","[150.0, 20]","[257.68, 37]","[375.11, 27]",205.34,104,104.68,-0.23
07:36:41,"[147.91, 22]","[145.33, 36]","[427.6, 25]","[552.29, 34]",287.75,117,279.69,-0.01
07:36:42,"[145.29, 21]","[144.02, 49]","[208.43, 28]","[310.77, 26]",176.86,124,63.14,0.13
07:36:43,"[145.0, 9]","[144.0, 36]","[160.89, 36]","[204.18, 22]",152.94,103,15.89,-0.13
07:36:44,"[145.33, 12]","[144.11, 36]","[158.82, 44]","[209.21, 28]",152.08,120,13.48,-0.2
07:36:45,"[149.95, 44]","[146.11, 9]","[157.5, 24]","[202.33, 36]",153.73,113,7.55,-0.06
07:36:46,"[151.0, 93]","[147.0, 11]","[158.0, 44]","[263.76, 37]",154.5,185,7.0,0.12
07:36:47,"[151.0, 144]","[147.0, 16]","[158.0, 64]","[350.47, 60]",154.5,284,7.0,0.13
07:36:48,"[151.0, 90]","[147.0, 10]","[155.82, 34]","[294.09, 33]",153.41,167,4.82,0.2
07:36:49,"[151.0, 70]","[147.0, 8]","[152.62, 32]","[155.0, 8]",151.81,118,1.62,0.32
07:36:50,"[151.0, 25]","[147.0, 7]","[219.31, 16]","[424.82, 11]",185.16,59,68.31,0.08
07:36:51,"[151.0, 33]","[147.0, 11]","[240.18, 33]","[481.67, 21]",195.59,98,89.18,-0.1
07:36:52,"[151.0, 21]","[147.0, 7]","[239.14, 21]","[255.0, 7]",195.07,56,88.14,0.0
07:36:53,"[151.0, 36]","[147.0, 12]","[199.17, 36]","[314.74, 27]",175.08,111,48.17,-0.14
07:36:54,"[152.2, 10]","[150.27, 22]","[170.7, 30]","[509.46, 26]",161.45,88,18.5,-0.27
07:36:55,"[146.45, 33]","[144.19, 48]","[170.0, 27]","[345.6, 20]",158.23,128,23.55,0.27
07:36:56,"[146.0, 99]","[144.0, 87]","[170.0, 27]","[255.0, 18]",158.0,231,24.0,0.61
07:36:57,"[146.0, 69]","[144.0, 77]","[170.0, 21]","[250.54, 13]",158.0,180,24.0,0.62
07:36:58,"[146.0, 51]","[144.0, 99]","[169.33, 27]","[197.0, 9]",157.67,186,23.33,0.61
07:36:59,"[144.48, 83]","[143.98, 83]","[168.29, 42]","[197.0, 14]",156.38,222,23.8,0.5
07:37:00,"[144.04, 102]","[143.67, 30]","[168.0, 36]","[244.83, 18]",156.02,186,23.96,0.42
07:37:01,"[144.0, 98]","[143.0, 14]","[167.43, 42]","[299.65, 34]",155.71,188,23.43,0.19
07:37:02,"[144.7, 46]","[143.85, 33]","[164.92, 36]","[375.5, 12]",154.81,127,20.22,0.24
07:37:03,"[148.71, 14]","[144.0, 28]","[163.71, 21]","[384.86, 7]",156.21,70,15.0,0.2
07:37:04,"[149.62, 26]","[144.26, 38]","[162.7, 30]","[254.5, 12]",156.16,106,13.08,0.21
07:37:05,"[151.0, 80]","[149.64, 22]","[161.82, 33]","[225.04, 23]",156.41,158,10.82,0.29
07:37:06,"[151.0, 84]","[150.0, 24]","[161.0, 36]","[222.52, 27]",156.0,171,10.0,0.26
07:37:07,"[150.65, 17]","[145.71, 21]","[161.0, 18]","[446.67, 6]",155.82,62,10.35,0.23
07:37:08,"[146.0, 30]","[127.03, 33]","[161.0, 27]","[194.61, 31]",153.5,121,15.0,0.04
07:37:09,"[144.52, 23]","[100.0, 33]","[160.29, 21]","[261.0, 7]",152.4,84,15.76,0.33
07:37:10,"[144.0, 70]","[115.63, 38]","[157.42, 50]","[166.23, 39]",150.71,197,13.42,0.1
07:37:11,"[144.0, 35]","[131.12, 17]","[154.67, 27]","[168.89, 18]",149.33,97,10.67,0.07
07:37:12,"[146.46, 52]","[144.14, 72]","[151.74, 43]","[155.59, 39]",149.1,206,5.28,0.2
07:37:13,"[146.36, 88]","[145.06, 68]","[150.24, 42]","[224.7, 30]",148.3,228,3.87,0.37
07:37:14,"[146.0, 93]","[144.0, 44]","[148.65, 37]","[169.24, 34]",147.32,208,2.65,0.32
07:37:15,"[146.0, 66]","[143.95, 38]","[149.0, 33]","[226.48, 31]",147.5,168,3.0,0.24
07:37:16,"[146.13, 53]","[145.0, 20]","[149.0, 36]","[307.41, 39]",147.57,148,2.87,-0.01
07:37:17,"[147.13, 31]","[145.77, 26]","[148.87, 30]","[391.7, 40]",148.0,127,1.74,-0.1
07:37:18,"[145.96, 23]","[143.37, 19]","[338.23, 31]","[514.53, 19]",242.09,92,192.27,-0.09
07:37:19,"[148.0, 12]","[143.86, 14]","[315.0, 16]","[397.0, 12]",231.5,54,167.0,-0.04
07:37:20,"[149.0, 8]","[146.0, 4]","[315.0, 8]","[497.0, 6]",232.0,26,166.0,-0.08
07:37:21,"[149.55, 29]","[147.39, 31]","[315.0, 40]","[565.6, 30]",232.28,130,165.45,-0.08
07:37:22,"[144.91, 22]","[142.9, 39]","[563.32, 38]","[667.84, 37]",354.11,136,418.41,-0.1
07:37:23,"[143.0, 20]","[142.0, 10]","[290.07, 42]","[348.46, 26]",216.54,98,147.07,-0.39
07:37:24,"[143.0, 10]","[142.0, 5]","[347.8, 25]","[395.82, 11]",245.4,51,204.8,-0.41
07:37:25,"[124.35, 46]","[94.25, 51]","[346.0, 56]","[414.89, 63]",235.17,216,221.65,-0.1
07:37:26,"[129.77, 62]","[122.94, 88]","[241.81, 53]","[352.96, 53]",185.79,256,112.04,0.17
07:37:27,"[134.14, 37]","[91.77, 39]","[345.1, 50]","[494.0, 30]",239.62,156,210.96,-0.03
07:37:28,"[146.23, 26]","[145.43, 28]","[344.89, 45]","[551.66, 29]",245.56,128,198.66,-0.16
07:37:29,"[146.69, 29]","[144.2, 40]","[343.7, 50]","[703.0, 40]",245.19,159,197.01,-0.13
07:37:30,"[147.0, 23]","[144.0, 36]","[341.78, 45]","[703.0, 36]",244.39,140,194.78,-0.16
07:37:31,"[147.0, 16]","[144.0, 32]","[338.75, 40]","[705.55, 11]",242.88,99,191.75,-0.03
07:37:32,"[148.1, 21]","[145.09, 33]","[338.0, 45]","[657.67, 12]",243.05,111,189.9,-0.03
07:37:33,"[150.0, 19]","[148.0, 42]","[299.88, 59]","[351.92, 61]",224.94,181,149.88,-0.33
07:37:34,"[150.81, 31]","[148.43, 23]","[302.96, 47]","[339.3, 43]",226.88,144,152.15,-0.25
07:37:35,"[151.0, 68]","[150.0, 10]","[330.33, 42]","[391.57, 21]",240.67,141,179.33,0.11
07:37:36,"[151.0, 79]","[150.0, 13]","[307.15, 33]","[383.53, 53]",229.08,178,156.15,0.03
07:37:37,"[151.0, 37]","[150.0, 12]","[254.89, 45]","[357.66, 35]",202.94,129,103.89,-0.24
07:37:38,"[151.0, 66]","[150.0, 11]","[153.0, 55]","[298.89, 19]",152.0,151,2.0,0.02
07:37:39,"[151.0, 74]","[150.0, 13]","[152.96, 57]","[220.38, 32]",151.98,176,1.96,-0.01
07:37:40,"[152.53, 62]","[149.0, 18]","[184.14, 29]","[216.0, 14]",168.34,123,31.61,0.3
07:37:41,"[153.0, 105]","[150.0, 15]","[199.38, 26]","[311.81, 36]",176.19,182,46.38,0.32
07:37:42,"[153.0, 56]","[150.0, 8]","[181.92, 13]","[187.0, 9]",167.46,86,28.92,0.49
07:37:43,"[153.0, 63]","[150.0, 9]","[176.12, 17]","[180.64, 11]",164.56,100,23.12,0.44
07:37:44,"[153.0, 22]","[150.0, 11]","[164.0, 33]","[177.0, 11]",158.5,77,11.0,-0.14
07:37:45,"[153.0, 18]","[150.0, 9]","[171.29, 14]","[177.8, 15]",162.14,56,18.29,-0.04
07:37:46,"[153.0, 24]","[150.0, 12]","[175.75, 24]","[177.0, 12]",164.38,72,22.75,0.0
07:37:47,"[153.0, 22]","[150.98, 101]","[175.53, 30]","[418.26, 19]",164.27,172,22.53,0.43
07:37:48,"[153.0, 20]","[151.0, 110]","[165.38, 24]","[173.11, 35]",159.19,189,12.38,0.38
07:37:49,"[151.62, 39]","[150.96, 69]","[158.67, 12]","[174.52, 33]",155.14,153,7.05,0.41
07:37:50,"[151.0, 81]","[150.0, 9]","[157.97, 33]","[158.67, 12]",154.48,135,6.97,0.33
07:37:51,"[151.0, 131]","[150.0, 10]","[157.77, 31]","[266.05, 43]",154.39,215,6.77,0.31
07:37:52,"[151.0, 172]","[150.0, 12]","[155.0, 48]","[185.96, 50]",153.0,282,4.0,0.3
07:37:53,"[151.0, 143]","[149.14, 14]","[152.18, 44]","[155.0, 44]",151.59,245,1.18,0.28
07:37:54,"[151.0, 68]","[149.75, 16]","[152.0, 32]","[239.0, 35]",151.5,151,1.0,0.11
07:37:55,"[151.0, 46]","[150.0, 20]","[176.27, 41]","[353.53, 38]",163.63,145,25.27,-0.09
07:37:56,"[151.0, 8]","[150.0, 16]","[438.87, 15]","[580.43, 7]",294.93,46,287.87,0.04
07:37:57,"[148.92, 12]","[146.73, 33]","[447.91, 22]","[596.75, 8]",298.41,75,298.99,0.2
07:37:58,"[146.0, 4]","[144.0, 16]","[339.0, 8]","[625.0, 8]",242.5,36,193.0,0.11
07:37:59,"[152.67, 21]","[145.2, 10]","[339.0, 14]","[625.0, 10]",245.83,55,186.33,0.13
07:38:00,"[144.55, 33]","[143.3, 10]","[631.0, 18]","[668.0, 4]",387.77,65,486.45,0.32
07:38:01,"[143.0, 12]","[142.0, 4]","[667.0, 4]","[668.0, 8]",405.0,28,524.0,0.14
07:38:02,"[144.43, 51]","[143.23, 26]","[664.58, 12]","[666.0, 21]",404.51,110,520.15,0.4
07:38:03,"[145.92, 48]","[143.18, 51]","[431.62, 13]","[467.83, 23]",288.77,135,285.7,0.47
07:38:04,"[146.04, 24]","[143.0, 126]","[260.88, 16]","[285.86, 7]",203.46,173,114.83,0.73
07:38:05,"[147.0, 4]","[143.0, 56]","[284.0, 4]","[285.0, 8]",215.5,72,137.0,0.67
07:38:06,"[143.43, 37]","[142.86, 65]","[282.41, 17]","[384.89, 9]",212.92,128,138.98,0.59
07:38:07,"[148.07, 30]","[142.97, 102]","[282.0, 30]","[284.0, 10]",215.03,172,133.93,0.53
07:38:08,"[143.77, 43]","[142.79, 58]","[256.42, 26]","[260.33, 18]",200.1,145,112.66,0.39
07:38:09,"[146.0, 18]","[143.22, 55]","[250.28, 25]","[251.53, 17]",198.14,115,104.28,0.27
07:38:10,"[146.91, 22]","[145.74, 23]","[248.0, 33]","[249.36, 33]",197.45,111,101.09,-0.19
07:38:11,"[147.0, 16]","[146.0, 16]","[247.0, 24]","[249.0, 24]",197.0,80,100.0,-0.2
07:38:12,"[147.0, 18]","[146.0, 18]","[244.67, 27]","[245.89, 27]",195.83,90,97.67,-0.2
07:38:13,"[147.0, 22]","[146.0, 22]","[202.43, 30]","[226.93, 30]",174.72,104,55.43,-0.15
07:38:14,"[147.33, 24]","[146.33, 24]","[157.33, 36]","[162.0, 12]",152.33,96,10.0,0.0
07:38:15,"[148.0, 28]","[147.0, 28]","[153.0, 42]","[154.42, 38]",150.5,136,5.0,-0.18
07:38:16,"[148.07, 15]","[146.92, 24]","[151.09, 34]","[153.19, 26]",149.58,99,3.02,-0.21
07:38:17,"[147.0, 15]","[146.0, 18]","[148.42, 24]","[149.4, 15]",147.71,72,1.42,-0.08
07:38:18,"[146.08, 13]","[144.17, 23]","[147.62, 24]","[220.36, 11]",146.85,71,1.55,0.01
07:38:19,"[144.0, 39]","[143.0, 23]","[154.53, 38]","[314.25, 24]",149.26,124,10.53,0.0
07:38:20,"[143.25, 64]","[87.32, 28]","[305.0, 20]","[534.0, 9]",224.12,121,161.75,0.52
07:38:21,"[153.0, 70]","[147.87, 46]","[306.17, 23]","[402.11, 19]",229.59,158,153.17,0.47
07:38:22,"[151.89, 54]","[150.65, 43]","[315.68, 19]","[379.9, 30]",233.79,146,163.8,0.33
07:38:23,"[151.0, 54]","[150.0, 27]","[378.29, 17]","[562.62, 21]",264.65,119,227.29,0.36
07:38:24,"[151.0, 48]","[148.17, 72]","[376.38, 8]","[569.71, 34]",263.69,162,225.38,0.48
07:38:25,"[151.0, 69]","[148.49, 73]","[374.14, 14]","[539.44, 52]",262.57,208,223.14,0.37
07:38:26,"[151.0, 27]","[150.0, 18]","[325.54, 13]","[365.71, 41]",238.27,99,174.54,-0.09
07:38:27,"[152.6, 30]","[150.82, 22]","[235.84, 32]","[254.58, 12]",194.22,96,83.24,0.08
07:38:28,"[153.0, 44]","[151.0, 33]","[233.09, 11]","[252.73, 15]",193.05,103,80.09,0.5
07:38:29,"[153.0, 32]","[151.0, 24]","[232.0, 8]","[249.0, 8]",192.5,72,79.0,0.56
07:38:30,"[152.8, 40]","[150.87, 31]","[231.36, 11]","[249.0, 11]",192.08,93,78.56,0.53
07:38:31,"[151.0, 38]","[150.0, 20]","[230.0, 10]","[249.0, 10]",190.5,78,79.0,0.49
07:38:32,"[151.0, 44]","[150.0, 22]","[228.97, 35]","[299.14, 21]",189.99,122,77.97,0.08
07:38:33,"[149.5, 66]","[148.4, 50]","[228.0, 13]","[229.0, 52]",188.75,181,78.5,0.28
07:38:34,"[148.02, 122]","[147.2, 55]","[228.0, 12]","[229.0, 48]",188.01,237,79.98,0.49
07:38:35,"[148.0, 75]","[147.0, 28]","[227.16, 19]","[228.75, 16]",187.58,138,79.16,0.49
07:38:36,"[148.0, 99]","[147.0, 44]","[187.0, 33]","[181.86, 36]",167.5,212,39.0,0.35
07:38:37,"[147.78, 67]","[146.42, 77]","[195.24, 50]","[392.8, 45]",171.51,239,47.46,0.21
07:38:38,"[147.0, 30]","[146.0, 90]","[223.8, 20]","[226.0, 40]",185.4,180,76.8,0.33
07:38:39,"[147.0, 15]","[146.0, 63]","[215.67, 12]","[225.33, 24]",181.33,114,68.67,0.37
07:38:40,"[147.0, 12]","[146.0, 54]","[178.17, 12]","[180.0, 6]",162.58,84,31.17,0.57
07:38:41,"[147.0, 18]","[146.0, 81]","[176.2, 20]","[177.06, 34]",161.6,153,29.2,0.29
07:38:42,"[148.06, 34]","[146.14, 73]","[171.68, 37]","[173.03, 39]",159.87,183,23.62,0.17
07:38:43,"[147.29, 28]","[146.02, 119]","[169.33, 42]","[169.89, 36]",158.31,225,22.05,0.31
07:38:44,"[147.0, 24]","[146.0, 30]","[165.08, 26]","[166.3, 46]",156.04,126,18.08,-0.14
07:38:45,"[146.31, 13]","[144.05, 74]","[162.27, 22]","[166.0, 44]",154.29,153,15.97,0.14
07:38:46,"[144.29, 17]","[80.16, 25]","[159.67, 18]","[166.0, 36]",151.98,96,15.37,-0.12
07:38:47,"[143.0, 55]","[115.53, 36]","[159.0, 24]","[166.0, 48]",151.0,163,16.0,0.12
07:38:48,"[143.0, 60]","[109.29, 58]","[157.6, 30]","[159.4, 30]",150.3,178,14.6,0.33
07:38:49,"[143.44, 54]","[141.66, 62]","[154.54, 26]","[158.0, 52]",148.99,194,11.09,0.2
07:38:50,"[144.0, 48]","[143.0, 144]","[151.07, 27]","[152.58, 24]",147.54,243,7.07,0.58
07:38:51,"[143.43, 95]","[142.53, 141]","[145.62, 53]","[147.26, 27]",144.53,316,2.19,0.49
07:38:52,"[143.0, 82]","[132.0, 10]","[144.36, 33]","[145.18, 22]",143.68,147,1.36,0.25
07:38:53,"[143.18, 91]","[138.6, 30]","[146.28, 40]","[164.68, 37]",144.73,198,3.1,0.22
07:38:54,"[144.92, 37]","[142.45, 73]","[193.54, 39]","[282.19, 31]",169.23,180,48.62,0.22
07:38:55,"[144.6, 40]","[142.11, 54]","[363.5, 30]","[471.0, 20]",254.05,144,218.9,0.31
07:38:56,"[145.47, 19]","[142.97, 62]","[389.0, 36]","[471.0, 24]",267.24,141,243.53,0.15
07:38:57,"[149.57, 7]","[144.75, 16]","[260.43, 14]","[409.5, 16]",205.0,53,110.86,-0.13
07:38:58,"[151.0, 9]","[148.0, 18]","[346.91, 22]","[459.88, 25]",248.95,74,195.91,-0.27
07:38:59,"[151.0, 11]","[148.0, 22]","[372.83, 29]","[431.33, 27]",261.91,89,221.83,-0.26
07:39:00,"[151.0, 8]","[148.0, 16]","[172.5, 16]","[527.75, 24]",161.75,64,21.5,-0.25
07:39:01,"[151.0, 12]","[148.0, 42]","[325.42, 31]","[467.0, 36]",238.21,121,174.42,-0.11
07:39:02,"[151.0, 10]","[148.0, 40]","[383.13, 30]","[445.04, 23]",267.07,103,232.13,-0.03
07:39:03,"[152.82, 11]","[150.14, 14]","[204.54, 39]","[225.75, 32]",178.68,96,51.72,-0.48
07:39:04,"[149.74, 19]","[139.63, 65]","[170.05, 63]","[175.41, 49]",159.89,196,20.31,-0.14
07:39:05,"[151.0, 9]","[148.0, 36]","[169.67, 36]","[289.96, 25]",160.33,106,18.67,-0.15
07:39:06,"[149.36, 11]","[147.74, 23]","[168.0, 32]","[406.0, 18]",158.68,84,18.64,-0.19
07:39:07,"[149.73, 74]","[147.89, 19]","[168.0, 40]","[461.57, 21]",158.86,154,18.27,0.21
07:39:08,"[150.06, 34]","[149.33, 24]","[167.83, 24]","[475.0, 12]",158.95,94,17.77,0.23
07:39:09,"[150.0, 54]","[148.0, 18]","[166.09, 44]","[185.12, 34]",158.05,150,16.09,-0.04
07:39:10,"[150.0, 42]","[148.0, 16]","[165.71, 35]","[167.0, 28]",157.86,121,15.71,-0.04
07:39:11,"[150.0, 78]","[148.0, 30]","[163.76, 55]","[165.39, 62]",156.88,225,13.76,-0.04
07:39:12,"[149.27, 22]","[146.29, 56]","[159.98, 53]","[163.18, 55]",154.63,186,10.71,-0.16
07:39:13,"[148.0, 9]","[146.0, 54]","[158.38, 29]","[177.85, 40]",153.19,132,10.38,-0.05
07:39:14,"[148.0, 10]","[146.0, 60]","[154.25, 40]","[155.57, 35]",151.12,145,6.25,-0.03
07:39:15,"[148.0, 13]","[146.0, 78]","[153.35, 34]","[156.05, 21]",150.68,146,5.35,0.25
07:39:16,"[148.0, 11]","[146.0, 66]","[151.84, 19]","[265.9, 20]",149.92,116,3.84,0.33
07:39:17,"[146.67, 18]","[145.26, 57]","[152.0, 18]","[601.53, 19]",149.33,112,5.33,0.34
07:39:18,"[146.0, 23]","[144.0, 84]","[151.58, 24]","[593.62, 26]",148.79,157,5.58,0.36
07:39:19,"[144.05, 41]","[143.26, 27]","[151.0, 22]","[557.74, 19]",147.52,109,6.95,0.25
07:39:20,"[144.0, 42]","[143.0, 22]","[150.09, 22]","[261.19, 31]",147.05,117,6.09,0.09
07:39:21,"[144.0, 18]","[143.0, 18]","[148.33, 18]","[420.96, 27]",146.17,81,4.33,-0.11
07:39:22,"[145.06, 34]","[144.16, 19]","[154.5, 12]","[486.4, 15]",149.78,80,9.44,0.33
07:39:23,"[148.0, 18]","[145.0, 63]","[350.51, 37]","[404.48, 33]",249.26,151,202.51,0.07
07:39:24,"[145.0, 49]","[144.0, 14]","[247.43, 35]","[332.86, 35]",196.21,133,102.43,-0.05
07:39:25,"[146.08, 84]","[144.0, 24]","[244.77, 48]","[346.4, 52]",195.43,208,98.69,0.04
07:39:26,"[147.08, 49]","[146.0, 42]","[243.73, 55]","[248.0, 55]",195.4,201,96.65,-0.09
07:39:27,"[147.0, 27]","[144.0, 18]","[239.33, 30]","[310.0, 45]",193.17,120,92.33,-0.25
07:39:28,"[147.0, 27]","[144.0, 18]","[232.45, 42]","[416.86, 14]",189.73,101,85.45,-0.11
07:39:29,"[147.2, 20]","[145.14, 28]","[231.67, 60]","[381.26, 39]",189.43,147,84.47,-0.35
07:39:30,"[144.0, 14]","[143.0, 14]","[229.71, 14]","[231.0, 35]",186.86,77,85.71,-0.27
07:39:31,"[147.31, 26]","[106.25, 48]","[227.5, 24]","[231.0, 60]",187.4,158,80.19,-0.06
07:39:32,"[151.0, 18]","[145.74, 77]","[227.0, 18]","[231.0, 45]",189.0,158,76.0,0.2
07:39:33,"[151.0, 24]","[146.0, 168]","[225.5, 36]","[226.69, 48]",188.25,276,74.5,0.39
07:39:34,"[151.0, 24]","[146.0, 168]","[223.42, 24]","[225.54, 48]",187.21,264,72.42,0.45
07:39:35,"[146.06, 171]","[145.04, 27]","[220.07, 41]","[220.7, 46]",183.07,285,74.01,0.39
07:39:36,"[148.25, 182]","[145.99, 183]","[216.5, 36]","[217.74, 54]",182.37,455,68.25,0.6
07:39:37,"[150.0, 100]","[146.0, 139]","[212.72, 29]","[213.64, 22]",181.36,290,62.72,0.65
07:39:38,"[150.0, 136]","[146.29, 168]","[207.62, 77]","[208.67, 49]",178.81,430,57.62,0.41
07:39:39,"[150.0, 69]","[148.0, 27]","[202.58, 24]","[203.61, 33]",176.29,153,52.58,0.25
07:39:40,"[150.0, 65]","[148.0, 39]","[197.29, 28]","[198.89, 36]",173.64,168,47.29,0.24
07:39:41,"[150.56, 80]","[148.56, 54]","[189.84, 56]","[192.24, 55]",170.2,245,39.28,0.09
07:39:42,"[150.0, 65]","[148.0, 39]","[185.94, 34]","[189.02, 43]",167.97,181,35.94,0.15
07:39:43,"[150.0, 60]","[148.0, 36]","[181.75, 40]","[184.33, 43]",165.88,179,31.75,0.07
07:39:44,"[150.0, 70]","[148.0, 42]","[178.67, 42]","[179.8, 41]",164.33,195,28.67,0.15
07:39:45,"[150.0, 50]","[148.0, 30]","[174.2, 40]","[175.15, 26]",162.1,146,24.2,0.1
07:39:46,"[151.76, 38]","[146.56, 72]","[170.81, 69]","[171.95, 66]",161.29,245,19.05,-0.1
07:39:47,"[153.0, 6]","[148.0, 6]","[168.67, 18]","[169.56, 27]",160.83,57,15.67,-0.58
07:39:48,"[153.0, 14]","[148.0, 14]","[166.24, 34]","[168.64, 50]",159.62,112,13.24,-0.5
07:39:49,"[147.13, 45]","[146.01, 144]","[162.25, 60]","[164.0, 48]",154.69,297,15.12,0.27
07:39:50,"[147.0, 56]","[146.0, 182]","[158.85, 55]","[159.97, 58]",152.93,351,11.85,0.36
07:39:51,"[147.0, 42]","[146.0, 204]","[153.66, 47]","[154.91, 35]",150.33,328,6.66,0.5
07:39:52,"[146.06, 104]","[144.89, 115]","[151.85, 48]","[152.44, 34]",148.96,301,5.8,0.46
07:39:53,"[146.0, 96]","[144.0, 104]","[197.16, 43]","[225.64, 56]",171.58,299,51.16,0.34
07:39:54,"[146.0, 24]","[144.0, 64]","[197.28, 25]","[317.0, 32]",171.64,145,51.28,0.21
07:39:55,"[146.0, 24]","[144.0, 64]","[194.12, 16]","[271.0, 30]",170.06,134,48.12,0.31
07:39:56,"[148.27, 22]","[146.0, 51]","[157.82, 34]","[204.0, 24]",153.05,131,9.55,0.11
07:39:57,"[150.0, 27]","[146.0, 27]","[151.63, 19]","[217.7, 20]",150.82,93,1.63,0.16
07:39:58,"[146.27, 15]","[144.06, 108]","[566.5, 34]","[753.86, 28]",356.38,185,420.23,0.33
07:39:59,"[146.33, 15]","[144.24, 85]","[436.8, 40]","[545.84, 37]",291.57,177,290.47,0.13
07:40:00,"[148.2, 10]","[147.2, 10]","[253.34, 38]","[371.81, 48]",200.77,106,105.14,-0.62
07:40:01,"[149.0, 10]","[148.0, 10]","[252.0, 50]","[393.21, 48]",200.5,118,103.0,-0.66
07:40:02,"[144.27, 74]","[144.11, 18]","[239.42, 31]","[304.07, 45]",191.84,168,95.15,0.1
07:40:03,"[144.43, 69]","[143.5, 36]","[160.75, 60]","[267.26, 42]",152.59,207,16.32,0.01
07:40:04,"[144.0, 48]","[142.82, 17]","[160.0, 40]","[538.12, 26]",152.0,131,16.0,-0.01
07:40:05,"[144.0, 47]","[142.44, 27]","[159.75, 40]","[522.0, 27]",151.88,141,15.75,0.05
07:40:06,"[143.82, 22]","[139.09, 43]","[278.9, 50]","[573.95, 41]",211.36,156,135.08,-0.17
07:40:07,"[150.45, 116]","[136.28, 50]","[415.29, 49]","[441.73, 55]",282.87,270,264.84,0.23
07:40:08,"[151.0, 150]","[143.0, 44]","[203.4, 47]","[331.54, 35]",177.2,276,52.4,0.41
07:40:09,"[151.0, 210]","[143.0, 56]","[183.72, 58]","[298.42, 50]",167.36,374,32.72,0.42
07:40:10,"[151.0, 146]","[145.45, 22]","[176.89, 37]","[179.96, 27]",163.95,232,25.89,0.45
07:40:11,"[151.6, 40]","[150.93, 180]","[173.38, 64]","[174.82, 34]",162.49,318,21.78,0.38
07:40:12,"[153.0, 11]","[151.0, 154]","[167.24, 17]","[169.61, 31]",160.12,213,14.24,0.55
07:40:13,"[153.0, 12]","[151.0, 172]","[163.67, 48]","[164.64, 33]",158.33,265,10.67,0.39
07:40:14,"[153.0, 11]","[151.0, 176]","[159.32, 19]","[161.17, 47]",156.16,253,6.32,0.48
07:40:15,"[153.0, 7]","[151.0, 112]","[157.13, 23]","[158.79, 19]",155.07,161,4.13,0.48
07:40:16,"[151.19, 93]","[150.77, 186]","[155.17, 54]","[155.75, 24]",153.18,357,3.97,0.56
07:40:17,"[151.0, 56]","[150.0, 30]","[153.0, 10]","[154.0, 5]",152.0,101,2.0,0.7
07:40:18,"[151.0, 57]","[150.0, 84]","[152.47, 19]","[449.15, 40]",151.74,200,1.47,0.41
07:40:19,"[150.33, 27]","[149.35, 23]","[151.62, 8]","[477.0, 32]",150.98,90,1.29,0.11
07:40:20,"[150.0, 10]","[147.0, 4]","[469.4, 10]","[615.0, 14]",309.7,38,319.4,-0.26
07:40:21,"[150.76, 21]","[148.85, 13]","[629.58, 19]","[744.22, 23]",390.17,76,478.82,-0.11
07:40:22,"[150.0, 9]","[147.86, 21]","[296.43, 35]","[368.46, 26]",223.21,91,146.43,-0.34
07:40:23,"[148.18, 33]","[147.47, 19]","[284.79, 53]","[298.72, 39]",216.49,144,136.61,-0.28
07:40:24,"[147.5, 24]","[145.29, 14]","[272.0, 50]","[462.69, 13]",209.75,101,124.5,-0.25
07:40:25,"[146.6, 25]","[144.35, 23]","[270.33, 33]","[303.24, 46]",208.47,127,123.73,-0.24
07:40:26,"[147.0, 50]","[146.0, 10]","[266.38, 34]","[268.77, 26]",206.69,120,119.38,0.0
07:40:27,"[151.0, 21]","[147.0, 35]","[265.13, 31]","[266.64, 11]",208.06,98,114.13,0.14
07:40:28,"[151.0, 33]","[147.0, 55]","[263.09, 11]","[265.0, 55]",207.05,154,112.09,0.14
07:40:29,"[151.0, 27]","[147.0, 45]","[236.03, 33]","[246.23, 13]",193.52,118,85.03,0.22
07:40:30,"[150.8, 30]","[148.56, 48]","[234.02, 46]","[235.36, 14]",192.41,138,83.22,0.13
07:40:31,"[150.31, 32]","[147.88, 51]","[215.2, 46]","[225.12, 24]",182.75,153,64.88,0.08
07:40:32,"[149.27, 22]","[148.91, 33]","[205.59, 32]","[206.55, 42]",177.43,129,56.32,-0.15
07:40:33,"[148.08, 71]","[147.08, 65]","[203.19, 36]","[203.62, 64]",175.64,236,55.11,0.15
07:40:34,"[148.0, 36]","[147.0, 36]","[196.7, 23]","[200.08, 13]",172.35,108,48.7,0.33
07:40:35,"[147.81, 64]","[146.95, 55]","[186.88, 51]","[192.29, 42]",167.35,212,39.07,0.12
07:40:36,"[144.93, 15]","[143.41, 34]","[147.38, 13]","[148.19, 27]",146.16,89,2.45,0.1
07:40:37,"[143.2, 30]","[131.0, 33]","[147.14, 21]","[148.0, 15]",145.17,99,3.94,0.27
07:40:38,"[143.0, 24]","[112.88, 24]","[145.0, 19]","[188.65, 17]",144.0,84,2.0,0.14
07:40:39,"[139.04, 25]","[98.48, 23]","[144.4, 30]","[288.28, 18]",141.72,96,5.36,0.0
07:40:40,"[135.0, 27]","[79.0, 18]","[144.0, 18]","[179.56, 9]",139.5,72,9.0,0.25
07:40:41,"[109.5, 16]","[57.62, 21]","[144.0, 20]","[224.9, 10]",126.75,67,34.5,0.1
07:40:42,"[110.91, 22]","[71.0, 20]","[144.0, 22]","[422.76, 17]",127.45,81,33.09,0.04
07:40:43,"[142.37, 54]","[140.71, 35]","[348.86, 29]","[433.13, 23]",245.62,141,206.49,0.26
07:40:44,"[153.0, 26]","[151.0, 53]","[373.63, 38]","[387.22, 46]",263.32,163,220.63,-0.03
07:40:45,"[151.11, 38]","[147.47, 51]","[220.18, 22]","[301.44, 18]",185.64,129,69.08,0.38
07:40:46,"[151.0, 40]","[147.0, 50]","[162.79, 34]","[182.81, 16]",156.9,140,11.79,0.29
07:40:47,"[151.0, 67]","[147.0, 65]","[159.61, 57]","[160.53, 30]",155.31,219,8.61,0.21
07:40:48,"[151.0, 48]","[147.0, 60]","[156.62, 53]","[156.91, 23]",153.81,184,5.62,0.17
07:40:49,"[151.0, 44]","[147.0, 55]","[152.87, 23]","[154.4, 20]",151.93,142,1.87,0.39
07:40:50,"[149.5, 48]","[146.14, 63]","[151.91, 66]","[152.62, 39]",150.7,216,2.41,0.03
07:40:51,"[147.0, 39]","[144.0, 45]","[149.96, 47]","[151.36, 44]",148.48,175,2.96,-0.04
07:40:52,"[144.77, 47]","[143.59, 34]","[147.96, 52]","[148.8, 25]",146.36,158,3.2,0.03
07:40:53,"[143.65, 23]","[122.0, 16]","[145.5, 20]","[190.0, 13]",144.58,72,1.85,0.08
07:40:54,"[119.69, 26]","[95.89, 18]","[145.0, 18]","[241.33, 9]",132.35,71,25.31,0.24
07:40:55,"[122.98, 89]","[85.4, 30]","[138.57, 28]","[148.52, 25]",130.77,172,15.59,0.38
07:40:56,"[88.39, 28]","[82.77, 61]","[135.0, 30]","[142.0, 20]",111.7,139,46.61,0.28
07:40:57,"[108.38, 21]","[95.25, 52]","[135.0, 56]","[142.0, 41]",121.69,170,26.62,-0.14
07:40:58,"[108.87, 69]","[88.88, 43]","[135.0, 84]","[142.0, 84]",121.93,280,26.13,-0.2
07:40:59,"[114.0, 42]","[83.0, 11]","[135.0, 30]","[142.0, 42]",124.5,125,21.0,-0.15
07:41:00,"[108.44, 32]","[94.2, 10]","[141.47, 53]","[385.82, 28]",124.95,123,33.03,-0.32
07:41:01,"[105.27, 30]","[104.09, 11]","[141.44, 16]","[177.83, 54]",123.35,111,36.17,-0.26
07:41:02,"[115.7, 54]","[116.0, 42]","[140.23, 13]","[141.62, 79]",127.97,188,24.53,0.02
07:41:03,"[124.07, 27]","[122.73, 45]","[140.89, 36]","[141.74, 76]",132.48,184,16.81,-0.22
07:41:04,"[130.3, 30]","[127.9, 20]","[138.6, 40]","[141.6, 70]",134.45,160,8.3,-0.38
07:41:05,"[131.05, 19]","[128.38, 16]","[135.0, 24]","[137.62, 26]",133.03,85,3.95,-0.18
07:41:06,"[133.67, 15]","[132.81, 16]","[136.4, 25]","[139.03, 33]",135.03,89,2.73,-0.3
07:41:07,"[136.5, 10]","[134.6, 10]","[141.0, 40]","[142.0, 70]",138.75,130,4.5,-0.69
07:41:08,"[139.0, 11]","[137.73, 11]","[141.0, 44]","[142.0, 77]",140.0,143,2.0,-0.69
07:41:09,"[136.57, 14]","[114.79, 14]","[141.0, 36]","[142.0, 77]",138.79,141,4.43,-0.6
07:41:10,"[134.4, 10]","[84.0, 11]","[141.0, 21]","[142.0, 49]",137.7,91,6.6,-0.54
07:41:11,"[69.87, 31]","[50.17, 36]","[138.0, 42]","[141.0, 33]",103.94,142,68.13,-0.06
07:41:12,"[83.62, 16]","[53.0, 48]","[141.84, 51]","[228.5, 38]",112.73,153,58.22,-0.16
07:41:13,"[47.18, 22]","[42.0, 16]","[166.88, 24]","[270.41, 27]",107.03,89,119.69,-0.15
07:41:14,"[52.0, 32]","[25.0, 20]","[152.18, 28]","[278.79, 19]",102.09,99,100.18,0.05
07:41:15,"[108.5, 16]","[57.85, 26]","[140.0, 14]","[141.0, 21]",124.25,77,31.5,0.09
07:41:16,"[99.29, 28]","[61.86, 14]","[139.75, 16]","[140.9, 20]",119.52,78,40.46,0.08
07:41:17,"[105.75, 32]","[26.95, 19]","[139.0, 32]","[140.0, 16]",122.38,99,33.25,0.03
07:41:18,"[86.25, 32]","[61.15, 40]","[137.67, 36]","[140.0, 18]",111.96,126,51.42,0.14
07:41:19,"[127.87, 46]","[72.65, 34]","[136.56, 36]","[140.46, 26]",132.21,142,8.69,0.13
07:41:20,"[134.0, 30]","[105.14, 14]","[140.23, 13]","[141.25, 20]",137.12,77,6.23,0.14
07:41:21,"[91.47, 68]","[45.26, 31]","[141.0, 20]","[142.0, 35]",116.24,154,49.53,0.29
07:41:22,"[101.5, 112]","[96.12, 83]","[139.53, 38]","[141.68, 37]",120.51,270,38.03,0.44
07:41:23,"[126.64, 88]","[102.4, 50]","[139.22, 18]","[141.56, 18]",132.93,174,12.59,0.59
07:41:24,"[106.75, 80]","[92.0, 32]","[141.89, 28]","[142.62, 40]",124.32,180,35.14,0.24
07:41:25,"[109.38, 80]","[51.06, 71]","[141.83, 36]","[142.75, 40]",125.6,227,32.46,0.33
07:41:26,"[111.02, 51]","[50.81, 43]","[141.0, 18]","[142.0, 30]",126.01,142,29.98,0.32
07:41:27,"[120.95, 85]","[118.55, 128]","[138.63, 59]","[141.51, 61]",129.79,333,17.67,0.28
07:41:28,"[126.3, 10]","[124.0, 100]","[135.8, 20]","[137.67, 18]",131.05,148,9.5,0.49
07:41:29,"[127.0, 4]","[124.0, 40]","[135.0, 8]","[137.0, 4]",131.0,56,8.0,0.57
07:41:30,"[127.0, 6]","[124.0, 60]","[135.0, 12]","[137.0, 8]",131.0,86,8.0,0.53
07:41:31,"[127.75, 8]","[124.0, 80]","[135.0, 16]","[137.0, 8]",131.38,112,7.25,0.57
07:41:32,"[131.43, 23]","[131.34, 29]","[135.26, 23]","[137.47, 19]",133.35,94,3.83,0.11
07:41:33,"[135.0, 7]","[132.0, 21]","[137.0, 7]","[138.0, 21]",136.0,56,2.0,0.0
07:41:34,"[136.58, 26]","[133.0, 18]","[138.5, 12]","[140.13, 31]",137.54,87,1.92,0.01
07:41:35,"[138.82, 51]","[137.75, 24]","[140.0, 25]","[141.0, 36]",139.41,136,1.18,0.1
07:41:36,"[138.57, 49]","[130.54, 26]","[140.77, 35]","[141.81, 86]",139.67,196,2.2,-0.23
07:41:37,"[139.14, 50]","[132.5, 32]","[141.43, 23]","[142.04, 115]",140.29,220,2.29,-0.25
07:41:38,"[135.26, 31]","[128.19, 21]","[142.0, 66]","[143.0, 55]",138.63,173,6.74,-0.4
07:41:39,"[130.73, 22]","[129.0, 25]","[142.36, 33]","[176.88, 51]",136.55,131,11.64,-0.28
07:41:40,"[131.0, 32]","[106.5, 16]","[169.09, 33]","[218.53, 49]",150.05,130,38.09,-0.26
07:41:41,"[131.0, 22]","[76.27, 11]","[157.23, 26]","[185.09, 35]",144.12,94,26.23,-0.3
07:41:42,"[131.0, 20]","[74.79, 19]","[156.69, 26]","[213.17, 24]",143.85,89,25.69,-0.12
07:41:43,"[135.0, 76]","[133.0, 29]","[235.93, 28]","[298.0, 35]",185.46,168,100.93,0.25
07:41:44,"[133.52, 108]","[124.14, 42]","[256.02, 43]","[257.41, 39]",194.77,232,122.5,0.29
07:41:45,"[134.81, 128]","[88.83, 104]","[213.03, 61]","[236.0, 31]",173.92,324,78.22,0.43
07:41:46,"[135.25, 96]","[109.0, 40]","[199.98, 56]","[202.06, 16]",167.62,208,64.73,0.31
07:41:47,"[139.53, 68]","[135.27, 44]","[198.64, 14]","[199.98, 46]",169.09,172,59.11,0.3
07:41:48,"[148.0, 45]","[143.62, 104]","[197.74, 57]","[198.05, 21]",172.87,227,49.74,0.31
07:41:49,"[148.0, 27]","[147.0, 72]","[193.84, 32]","[194.8, 25]",170.92,156,45.84,0.27
07:41:50,"[147.49, 68]","[146.66, 87]","[190.63, 27]","[191.89, 44]",169.06,226,43.14,0.37
07:41:51,"[150.84, 77]","[147.87, 55]","[186.09, 35]","[187.26, 23]",168.46,190,35.24,0.39
07:41:52,"[151.0, 132]","[148.0, 64]","[165.65, 34]","[177.74, 58]",158.32,288,14.65,0.36
07:41:53,"[151.0, 173]","[148.0, 56]","[153.05, 20]","[174.36, 50]",152.03,299,2.05,0.53
07:41:54,"[151.0, 113]","[149.29, 56]","[175.71, 66]","[274.71, 70]",163.36,305,24.71,0.11
07:41:55,"[151.0, 77]","[150.0, 40]","[161.8, 50]","[229.5, 50]",156.4,217,10.8,0.08
07:41:56,"[151.0, 91]","[150.0, 52]","[161.0, 65]","[350.51, 53]",156.0,261,10.0,0.1
07:41:57,"[151.0, 70]","[150.0, 40]","[159.6, 50]","[294.0, 10]",155.3,170,8.6,0.29
07:41:58,"[151.0, 98]","[150.0, 56]","[157.07, 70]","[222.86, 14]",154.04,238,6.07,0.29
07:41:59,"[151.0, 16]","[150.0, 32]","[155.75, 40]","[488.5, 8]",153.38,96,4.75,0.0
07:42:00,"[150.8, 10]","[149.09, 23]","[155.0, 25]","[463.0, 5]",152.9,63,4.2,0.05
07:42:01,"[150.0, 22]","[147.0, 77]","[155.0, 55]","[254.03, 29]",152.5,183,5.0,0.08
07:42:02,"[146.95, 37]","[144.98, 41]","[155.0, 55]","[508.52, 21]",150.97,154,8.05,0.01
07:42:03,"[146.0, 32]","[144.0, 36]","[154.81, 48]","[250.62, 24]",150.41,140,8.81,-0.03
07:42:04,"[150.0, 28]","[146.85, 20]","[154.91, 55]","[223.91, 11]",152.45,114,4.91,-0.16
07:42:05,"[149.11, 18]","[145.47, 19]","[153.67, 45]","[220.0, 9]",151.39,91,4.56,-0.19
07:42:06,"[146.0, 24]","[144.0, 36]","[151.92, 60]","[199.0, 12]",148.96,132,5.92,-0.09
07:42:07,"[146.38, 21]","[144.1, 41]","[149.0, 50]","[179.15, 26]",147.69,138,2.62,-0.1
07:42:08,"[146.96, 50]","[145.5, 16]","[148.16, 62]","[171.57, 42]",147.56,170,1.2,-0.22
07:42:09,"[143.0, 35]","[142.0, 14]","[147.86, 7]","[175.0, 21]",145.43,77,4.86,0.27
07:42:10,"[143.0, 40]","[142.0, 16]","[145.62, 8]","[294.12, 24]",144.31,88,2.62,0.27
07:42:11,"[142.71, 35]","[126.25, 40]","[144.38, 13]","[167.79, 28]",143.55,116,1.67,0.29
07:42:12,"[142.0, 9]","[83.23, 13]","[144.0, 7]","[145.0, 21]",143.0,50,2.0,-0.12
07:42:13,"[144.18, 11]","[119.14, 7]","[309.0, 19]","[258.14, 21]",226.59,58,164.82,-0.38
07:42:14,"[146.8, 45]","[145.43, 21]","[323.73, 37]","[378.71, 35]",235.26,138,176.93,-0.04
07:42:15,"[148.89, 54]","[146.4, 30]","[306.44, 41]","[488.79, 19]",227.66,144,157.55,0.17
07:42:16,"[149.26, 53]","[147.0, 40]","[192.86, 14]","[214.62, 42]",171.06,149,43.59,0.25
07:42:17,"[151.92, 75]","[147.3, 40]","[180.0, 13]","[267.57, 28]",165.96,156,28.08,0.47
07:42:18,"[153.0, 143]","[150.78, 41]","[177.23, 13]","[181.0, 13]",165.12,210,24.23,0.75
07:42:19,"[153.0, 90]","[151.0, 80]","[174.5, 22]","[174.38, 34]",163.75,226,21.5,0.5
07:42:20,"[153.0, 90]","[151.0, 80]","[169.14, 14]","[170.42, 26]",161.07,210,16.14,0.62
07:42:21,"[153.0, 54]","[151.0, 48]","[166.83, 6]","[167.83, 6]",159.92,114,13.83,0.79
07:42:22,"[153.0, 81]","[151.0, 72]","[165.08, 13]","[166.78, 9]",159.04,175,12.08,0.75
07:42:23,"[153.0, 102]","[151.0, 104]","[162.15, 13]","[163.95, 61]",157.58,280,9.15,0.47
07:42:24,"[153.0, 54]","[151.0, 72]","[159.22, 9]","[160.22, 9]",156.11,144,6.22,0.75
07:42:25,"[153.0, 61]","[151.0, 88]","[157.09, 43]","[158.36, 11]",155.05,203,4.09,0.47
07:42:26,"[153.0, 7]","[151.0, 70]","[156.11, 27]","[156.67, 15]",154.56,119,3.11,0.29
07:42:27,"[153.0, 9]","[151.0, 90]","[155.52, 33]","[155.86, 21]",154.26,153,2.52,0.29
07:42:28,"[151.16, 61]","[150.38, 130]","[154.68, 37]","[172.0, 45]",152.92,273,3.51,0.4
07:42:29,"[150.76, 42]","[149.97, 61]","[152.74, 23]","[159.14, 29]",151.75,155,1.98,0.33
07:42:30,"[150.0, 55]","[148.0, 10]","[151.5, 30]","[261.0, 16]",150.75,111,1.5,0.17
07:42:31,"[150.0, 14]","[148.0, 7]","[151.0, 21]","[438.71, 7]",150.5,49,1.0,-0.14
07:42:32,"[149.33, 6]","[147.17, 12]","[239.5, 8]","[492.0, 4]",194.42,30,90.17,0.2
07:42:33,"[148.0, 7]","[147.0, 35]","[252.14, 7]","[565.29, 7]",200.07,56,104.14,0.5
07:42:34,"[147.09, 11]","[146.14, 35]","[149.09, 11]","[436.18, 11]",148.09,68,2.0,0.35
07:42:35,"[146.13, 15]","[145.17, 12]","[147.57, 7]","[540.57, 7]",146.85,41,1.44,0.32
07:42:36,"[146.0, 22]","[144.0, 11]","[235.18, 11]","[600.53, 17]",190.59,61,89.18,0.08
07:42:37,"[144.11, 19]","[116.0, 13]","[293.12, 8]","[410.12, 16]",218.62,56,149.02,0.14
07:42:38,"[142.0, 24]","[133.0, 20]","[231.75, 24]","[353.84, 32]",186.88,100,89.75,-0.12
07:42:39,"[147.08, 39]","[128.61, 18]","[228.48, 46]","[360.29, 28]",187.78,131,81.4,-0.13
07:42:40,"[153.0, 50]","[149.71, 21]","[184.77, 26]","[214.85, 40]",168.88,137,31.77,0.04
07:42:41,"[151.0, 20]","[148.0, 60]","[184.77, 26]","[234.4, 50]",167.88,156,33.77,0.03
07:42:42,"[151.0, 20]","[148.0, 60]","[264.08, 49]","[518.02, 46]",207.54,175,113.08,-0.09
07:42:43,"[151.0, 16]","[148.0, 48]","[153.77, 26]","[206.94, 17]",152.38,107,2.77,0.2
07:42:44,"[151.0, 16]","[148.0, 48]","[152.38, 16]","[199.48, 31]",151.69,111,1.38,0.15
07:42:45,"[150.29, 14]","[146.5, 40]","[152.0, 16]","[254.5, 40]",151.14,110,1.71,-0.02
07:42:46,"[146.0, 6]","[144.0, 42]","[152.0, 12]","[217.0, 30]",149.0,90,6.0,0.07
07:42:47,"[147.26, 19]","[144.15, 53]","[151.45, 22]","[319.52, 46]",149.36,140,4.19,0.03
07:42:48,"[145.43, 42]","[144.0, 15]","[151.0, 20]","[509.71, 38]",148.21,115,5.57,-0.01
07:42:49,"[144.0, 40]","[143.0, 16]","[149.75, 16]","[335.53, 17]",146.88,89,5.75,0.26
07:42:50,"[144.0, 43]","[143.0, 30]","[148.47, 30]","[356.51, 55]",146.23,158,4.47,-0.08
07:42:51,"[145.48, 61]","[143.3, 20]","[147.0, 26]","[290.84, 61]",146.24,168,1.52,-0.04
07:42:52,"[145.75, 55]","[143.6, 15]","[198.55, 33]","[341.0, 41]",172.15,144,52.8,-0.03
07:42:53,"[146.64, 33]","[144.0, 11]","[261.51, 37]","[493.39, 49]",204.07,130,114.88,-0.32
07:42:54,"[147.0, 70]","[144.0, 10]","[298.71, 42]","[443.77, 22]",222.86,144,151.71,0.11
07:42:55,"[148.7, 46]","[146.94, 53]","[241.98, 60]","[526.65, 26]",195.34,185,93.29,0.07
07:42:56,"[149.61, 31]","[145.46, 26]","[280.22, 23]","[288.83, 42]",214.92,122,130.6,-0.07
07:42:57,"[151.0, 36]","[144.0, 9]","[280.0, 18]","[463.0, 9]",215.5,72,129.0,0.25
07:42:58,"[150.33, 21]","[142.82, 17]","[280.0, 18]","[385.38, 37]",215.17,93,129.67,-0.18
07:42:59,"[148.18, 11]","[143.73, 15]","[278.57, 23]","[373.0, 12]",213.37,61,130.38,-0.15
07:43:00,"[145.3, 10]","[144.0, 10]","[273.5, 28]","[275.11, 27]",209.4,75,128.2,-0.47
07:43:01,"[152.89, 61]","[146.87, 15]","[269.64, 33]","[272.0, 33]",211.26,142,116.75,0.07
07:43:02,"[153.0, 30]","[151.0, 5]","[269.0, 15]","[272.0, 15]",211.0,65,116.0,0.08
07:43:03,"[153.0, 72]","[151.0, 12]","[266.28, 29]","[268.09, 33]",209.64,146,113.28,0.15
07:43:04,"[147.29, 31]","[136.56, 16]","[264.06, 33]","[264.92, 24]",205.68,104,116.77,-0.1
07:43:05,"[151.0, 72]","[142.0, 48]","[259.22, 32]","[260.51, 39]",205.11,191,108.22,0.26
07:43:06,"[151.0, 42]","[126.42, 19]","[254.55, 22]","[255.61, 18]",202.77,101,103.55,0.21
07:43:07,"[151.0, 111]","[141.13, 23]","[220.87, 30]","[242.09, 32]",185.93,196,69.87,0.37
07:43:08,"[151.0, 109]","[142.0, 30]","[176.12, 40]","[176.75, 40]",163.56,219,25.12,0.27
07:43:09,"[151.0, 140]","[143.6, 45]","[154.53, 40]","[168.11, 36]",152.76,261,3.53,0.42
07:43:10,"[151.0, 120]","[148.0, 28]","[152.0, 35]","[153.8, 15]",151.5,198,1.0,0.49
07:43:11,"[151.0, 138]","[148.0, 40]","[161.09, 44]","[232.9, 20]",156.05,242,10.09,0.47
07:43:12,"[151.0, 64]","[148.0, 32]","[251.5, 16]","[647.22, 36]",201.25,148,100.5,0.3
07:43:13,"[151.0, 64]","[148.0, 36]","[250.11, 18]","[377.0, 45]",200.56,163,99.11,0.23
07:43:14,"[151.0, 44]","[148.0, 44]","[205.26, 35]","[298.28, 39]",178.13,162,54.26,0.09
07:43:15,"[150.83, 36]","[147.95, 42]","[189.3, 33]","[190.67, 27]",170.07,138,38.47,0.13
07:43:16,"[148.0, 10]","[147.0, 10]","[188.6, 30]","[190.0, 20]",168.3,70,40.6,-0.43
07:43:17,"[148.0, 13]","[147.0, 13]","[187.08, 39]","[205.0, 20]",167.54,85,39.08,-0.39
07:43:18,"[151.68, 19]","[147.58, 12]","[185.69, 39]","[208.11, 18]",168.69,88,34.01,-0.3
07:43:19,"[148.53, 15]","[147.22, 9]","[183.55, 31]","[184.75, 32]",166.04,87,35.02,-0.45
07:43:20,"[149.6, 60]","[148.0, 15]","[179.6, 47]","[181.62, 58]",164.6,180,30.0,-0.17
07:43:21,"[150.0, 24]","[148.0, 6]","[176.33, 24]","[178.0, 18]",163.17,72,26.33,-0.17
07:43:22,"[150.0, 44]","[148.0, 11]","[174.24, 33]","[175.67, 36]",162.12,124,24.24,-0.11
07:43:23,"[152.88, 51]","[149.87, 15]","[172.4, 20]","[173.6, 20]",162.64,106,19.52,0.25
07:43:24,"[153.0, 98]","[150.62, 52]","[165.53, 43]","[169.39, 38]",159.27,231,12.53,0.3
07:43:25,"[153.0, 74]","[151.0, 112]","[158.6, 30]","[161.56, 45]",155.8,261,5.6,0.43
07:43:26,"[153.0, 37]","[151.0, 88]","[159.78, 23]","[169.23, 39]",156.39,187,6.78,0.34
07:43:27,"[153.0, 48]","[151.0, 128]","[157.0, 34]","[157.7, 30]",155.0,240,4.0,0.47
07:43:28,"[152.06, 51]","[150.92, 78]","[154.0, 12]","[156.0, 36]",153.03,177,1.94,0.46
07:43:29,"[151.0, 88]","[150.0, 22]","[152.97, 31]","[153.77, 13]",151.98,154,1.97,0.43
07:43:30,"[151.0, 64]","[148.83, 24]","[152.17, 36]","[154.0, 12]",151.58,136,1.17,0.29
07:43:31,"[151.0, 13]","[148.0, 16]","[152.0, 24]","[324.25, 20]",151.5,73,1.0,-0.21
07:43:32,"[148.6, 15]","[147.5, 12]","[151.67, 27]","[315.22, 45]",150.13,99,3.07,-0.45
07:43:33,"[148.75, 48]","[147.75, 24]","[261.15, 65]","[367.0, 75]",204.95,212,112.4,-0.32
07:43:34,"[149.0, 48]","[148.0, 24]","[278.75, 60]","[370.5, 60]",213.88,192,129.75,-0.25
07:43:35,"[149.89, 36]","[148.0, 18]","[234.78, 45]","[282.0, 45]",192.33,144,84.89,-0.25
07:43:36,"[148.75, 32]","[147.38, 16]","[250.77, 65]","[286.08, 65]",199.76,178,102.02,-0.46
07:43:37,"[146.8, 25]","[144.5, 30]","[249.89, 38]","[370.5, 50]",198.35,143,103.09,-0.23
07:43:38,"[146.24, 21]","[144.55, 55]","[191.43, 53]","[215.67, 45]",168.84,174,45.2,-0.13
07:43:39,"[146.03, 77]","[142.67, 60]","[185.56, 45]","[246.0, 9]",165.79,191,39.53,0.43
07:43:40,"[147.0, 221]","[144.0, 75]","[182.83, 35]","[185.25, 55]",164.91,386,35.83,0.53
07:43:41,"[147.0, 150]","[144.0, 50]","[178.73, 22]","[179.16, 38]",162.86,260,31.73,0.54
07:43:42,"[147.0, 87]","[144.0, 35]","[176.07, 27]","[178.33, 15]",161.54,164,29.07,0.49
07:43:43,"[147.5, 60]","[144.69, 39]","[176.0, 35]","[366.33, 15]",161.75,149,28.5,0.33
07:43:44,"[152.0, 54]","[147.08, 49]","[174.02, 41]","[175.38, 13]",163.01,157,22.02,0.31
07:43:45,"[152.0, 54]","[148.0, 9]","[171.73, 41]","[173.23, 13]",161.87,117,19.73,0.08
07:43:46,"[152.0, 48]","[148.0, 8]","[162.15, 20]","[164.18, 28]",157.07,104,10.15,0.08
07:43:47,"[152.0, 72]","[147.04, 84]","[159.67, 12]","[162.0, 60]",155.83,228,7.67,0.37
07:43:48,"[152.0, 51]","[147.0, 126]","[158.79, 14]","[166.57, 70]",155.39,261,6.79,0.36
07:43:49,"[149.0, 77]","[147.19, 53]","[157.1, 21]","[169.84, 81]",153.05,232,8.1,0.12
07:43:50,"[147.0, 87]","[145.0, 45]","[156.0, 60]","[157.0, 12]",151.5,204,9.0,0.29
07:43:51,"[147.0, 54]","[145.0, 24]","[154.93, 27]","[155.16, 19]",150.96,124,7.93,0.26
07:43:52,"[147.0, 90]","[145.0, 30]","[152.0, 15]","[153.0, 45]",149.5,180,5.0,0.33
07:43:53,"[145.79, 56]","[144.37, 38]","[151.14, 21]","[152.87, 31]",148.46,146,5.36,0.29
07:43:54,"[146.0, 102]","[145.0, 34]","[149.19, 47]","[208.0, 23]",147.6,206,3.19,0.32
07:43:55,"[147.11, 54]","[145.9, 60]","[151.92, 12]","[334.2, 49]",149.51,175,4.81,0.3
07:43:56,"[148.0, 24]","[145.0, 12]","[152.0, 6]","[347.71, 28]",150.0,70,4.0,0.03
07:43:57,"[147.95, 42]","[144.17, 92]","[152.0, 13]","[196.3, 60]",149.98,207,4.05,0.29
07:43:58,"[145.0, 22]","[144.0, 187]","[150.7, 20]","[151.54, 13]",147.85,242,5.7,0.73
07:43:59,"[146.36, 22]","[145.0, 52]","[149.0, 22]","[150.0, 11]",147.68,107,2.64,0.38
07:44:00,"[146.75, 24]","[143.87, 46]","[149.26, 19]","[439.94, 31]",148.01,120,2.51,0.17
07:44:01,"[145.0, 24]","[144.0, 48]","[440.0, 44]","[500.09, 44]",292.5,160,295.0,-0.1
07:44:02,"[144.88, 32]","[142.94, 72]","[266.47, 43]","[424.88, 50]",205.67,197,121.59,0.06
07:44:03,"[144.18, 34]","[142.11, 74]","[173.0, 24]","[303.12, 32]",158.59,164,28.82,0.32
07:44:04,"[145.66, 53]","[144.71, 42]","[173.0, 24]","[421.88, 32]",159.33,151,27.34,0.26
07:44:05,"[146.92, 84]","[145.32, 53]","[172.94, 32]","[320.5, 36]",159.93,205,26.02,0.34
07:44:06,"[147.0, 79]","[146.0, 39]","[171.54, 13]","[205.1, 40]",159.27,171,24.54,0.38
07:44:07,"[146.55, 29]","[144.95, 38]","[169.96, 23]","[238.75, 32]",158.25,122,23.4,0.1
07:44:08,"[145.26, 43]","[143.38, 52]","[148.82, 22]","[152.18, 34]",147.04,151,3.56,0.26
07:44:09,"[142.76, 29]","[109.86, 42]","[144.5, 8]","[152.0, 30]",143.63,109,1.74,0.3
07:44:10,"[142.0, 21]","[93.22, 54]","[143.0, 10]","[158.33, 24]",142.5,109,1.0,0.38
07:44:11,"[142.0, 20]","[122.67, 30]","[155.31, 13]","[196.0, 32]",148.65,95,13.31,0.05
07:44:12,"[150.72, 75]","[143.25, 16]","[348.98, 54]","[396.2, 41]",249.85,186,198.26,-0.02
07:44:13,"[151.0, 28]","[144.0, 7]","[282.14, 35]","[285.0, 28]",216.57,98,131.14,-0.29
07:44:14,"[151.0, 40]","[144.0, 10]","[278.63, 41]","[281.23, 31]",214.82,122,127.63,-0.18
07:44:15,"[151.0, 20]","[144.0, 5]","[278.0, 25]","[279.0, 10]",214.5,60,127.0,-0.17
07:44:16,"[149.09, 11]","[142.5, 8]","[277.2, 25]","[279.0, 10]",213.15,54,128.11,-0.3
07:44:17,"[146.57, 14]","[142.46, 13]","[276.0, 40]","[279.0, 16]",211.29,83,129.43,-0.35
07:44:18,"[147.13, 23]","[142.75, 16]","[230.1, 31]","[275.52, 46]",188.61,116,82.97,-0.33
07:44:19,"[144.0, 49]","[142.0, 26]","[186.58, 38]","[252.15, 54]",165.29,167,42.58,-0.1
07:44:20,"[134.47, 45]","[72.67, 42]","[181.0, 49]","[209.2, 40]",157.73,176,46.53,-0.01
07:44:21,"[137.87, 103]","[127.39, 79]","[168.75, 51]","[201.54, 65]",153.31,298,30.87,0.22
07:44:22,"[145.05, 39]","[142.21, 75]","[182.55, 55]","[244.73, 22]",163.8,191,37.49,0.19
07:44:23,"[153.0, 59]","[144.0, 60]","[180.83, 60]","[209.0, 24]",166.92,203,27.83,0.17
07:44:24,"[153.0, 48]","[145.25, 60]","[180.0, 60]","[232.42, 24]",166.5,192,27.0,0.12
07:44:25,"[153.0, 52]","[147.31, 29]","[178.23, 65]","[306.38, 26]",165.62,172,25.23,-0.06
07:44:26,"[149.92, 26]","[142.29, 85]","[177.5, 50]","[299.0, 20]",163.71,181,27.58,0.23
07:44:27,"[144.6, 10]","[142.29, 55]","[176.0, 50]","[305.4, 20]",160.3,135,31.4,-0.04
07:44:28,"[146.0, 13]","[145.0, 13]","[174.45, 56]","[229.34, 35]",160.22,117,28.45,-0.56
07:44:29,"[148.09, 44]","[147.73, 37]","[171.67, 42]","[173.29, 21]",159.88,144,23.58,0.12
07:44:30,"[148.36, 28]","[147.93, 83]","[168.74, 38]","[169.72, 53]",158.55,202,20.38,0.1
07:44:31,"[148.0, 58]","[142.03, 129]","[167.0, 18]","[169.0, 45]",157.5,250,19.0,0.5
07:44:32,"[148.0, 60]","[142.0, 192]","[166.08, 48]","[167.69, 36]",157.04,336,18.08,0.5
07:44:33,"[148.0, 40]","[142.0, 128]","[163.88, 16]","[166.0, 40]",155.94,224,15.88,0.5
07:44:34,"[151.0, 28]","[148.0, 70]","[162.57, 28]","[166.0, 70]",156.79,196,11.57,0.0
07:44:35,"[151.0, 38]","[148.0, 70]","[160.37, 52]","[161.35, 46]",155.68,206,9.37,0.05
07:44:36,"[151.0, 15]","[148.0, 75]","[156.22, 58]","[158.08, 48]",153.61,196,5.22,-0.08
07:44:37,"[148.24, 49]","[147.08, 59]","[151.0, 37]","[152.21, 28]",149.62,173,2.76,0.25
07:44:38,"[148.0, 34]","[147.0, 54]","[149.53, 15]","[150.07, 30]",148.77,133,1.53,0.32
07:44:39,"[147.4, 20]","[146.89, 54]","[149.8, 25]","[189.96, 27]",148.6,126,2.4,0.17
07:44:40,"[146.8, 45]","[145.67, 36]","[277.25, 32]","[560.45, 22]",212.03,135,130.45,0.2
07:44:41,"[148.0, 33]","[145.35, 43]","[176.57, 28]","[352.18, 34]",162.29,138,28.57,0.1
07:44:42,"[146.49, 59]","[141.25, 24]","[191.04, 23]","[427.26, 23]",168.77,129,44.55,0.29
07:44:43,"[148.86, 138]","[146.38, 58]","[301.15, 47]","[451.45, 38]",225.0,281,152.29,0.4
07:44:44,"[151.0, 181]","[147.86, 84]","[207.0, 30]","[297.1, 20]",179.0,315,56.0,0.68
07:44:45,"[151.0, 112]","[145.0, 36]","[227.8, 10]","[293.8, 10]",189.4,168,76.8,0.76
07:44:46,"[151.0, 189]","[145.0, 72]","[314.77, 22]","[374.19, 21]",232.89,304,163.77,0.72
07:44:47,"[151.0, 161]","[145.0, 63]","[212.0, 14]","[389.4, 20]",181.5,258,61.0,0.74
07:44:48,"[151.0, 176]","[145.0, 72]","[204.5, 16]","[408.0, 24]",177.75,288,53.5,0.72
07:44:49,"[151.0, 76]","[145.0, 36]","[200.0, 8]","[408.0, 12]",175.5,132,49.0,0.7
07:44:50,"[151.0, 131]","[145.0, 72]","[348.57, 21]","[433.79, 19]",249.79,243,197.57,0.67
07:44:51,"[151.0, 117]","[145.0, 81]","[236.52, 21]","[279.27, 22]",193.76,241,85.52,0.64
07:44:52,"[151.0, 54]","[145.0, 54]","[166.17, 12]","[167.17, 12]",158.58,132,15.17,0.64
07:44:53,"[152.49, 65]","[151.73, 132]","[163.5, 24]","[165.17, 24]",158.0,245,11.01,0.61
07:44:54,"[152.22, 54]","[151.5, 72]","[159.29, 14]","[160.43, 14]",155.75,154,7.06,0.64
07:44:55,"[152.0, 96]","[151.0, 72]","[157.0, 16]","[158.12, 16]",154.5,200,5.0,0.68
07:44:56,"[152.0, 60]","[151.0, 45]","[155.2, 10]","[156.4, 10]",153.6,125,3.2,0.68
07:44:57,"[152.0, 90]","[151.0, 72]","[153.75, 16]","[254.5, 16]",152.88,194,1.75,0.67
07:44:58,"[152.0, 51]","[151.0, 81]","[374.57, 21]","[477.9, 20]",263.29,173,222.57,0.53
07:44:59,"[152.0, 5]","[151.0, 45]","[639.0, 10]","[0, 0]",395.5,60,487.0,0.67
07:45:00,"[151.3, 23]","[150.86, 59]","[393.29, 42]","[639.0, 16]",272.3,140,241.98,0.17
07:45:01,"[151.0, 56]","[147.0, 7]","[345.92, 25]","[383.66, 32]",248.46,120,194.92,0.05
07:45:02,"[151.0, 112]","[147.0, 14]","[279.08, 48]","[300.96, 50]",215.04,224,128.08,0.12
07:45:03,"[151.0, 96]","[148.83, 12]","[277.58, 48]","[402.19, 54]",214.29,210,126.58,0.03
07:45:04,"[151.0, 13]","[149.0, 11]","[276.27, 44]","[494.02, 52]",213.64,120,125.27,-0.6
07:45:05,"[151.0, 7]","[149.0, 7]","[231.71, 28]","[288.71, 28]",191.36,70,80.71,-0.6
07:45:06,"[151.0, 11]","[149.0, 11]","[273.45, 47]","[278.42, 48]",212.22,117,122.45,-0.62
07:45:07,"[151.0, 7]","[149.0, 7]","[271.85, 26]","[273.76, 33]",211.42,73,120.85,-0.62
07:45:08,"[151.0, 10]","[149.0, 10]","[271.96, 25]","[273.08, 39]",211.48,84,120.96,-0.52
07:45:09,"[151.0, 15]","[149.0, 15]","[263.7, 70]","[268.59, 58]",207.35,158,112.7,-0.62
07:45:10,"[148.6, 15]","[145.29, 35]","[264.09, 55]","[266.0, 44]",206.35,149,115.49,-0.33
07:45:11,"[145.0, 30]","[144.0, 130]","[251.56, 25]","[261.54, 35]",198.28,220,106.56,0.45
07:45:12,"[145.0, 36]","[144.0, 156]","[230.21, 48]","[235.65, 37]",187.6,277,85.21,0.39
07:45:13,"[145.0, 33]","[144.0, 95]","[226.16, 45]","[227.38, 42]",185.58,215,81.16,0.19
07:45:14,"[145.0, 91]","[144.0, 13]","[223.16, 56]","[225.0, 47]",184.08,207,78.16,0.0
07:45:15,"[145.0, 79]","[144.0, 15]","[219.08, 36]","[220.29, 69]",182.04,199,74.08,-0.06
07:45:16,"[148.77, 26]","[145.43, 14]","[215.6, 20]","[218.0, 50]",182.18,110,66.83,-0.27
07:45:17,"[151.64, 28]","[150.53, 32]","[212.7, 46]","[216.61, 49]",182.17,155,61.05,-0.23
07:45:18,"[138.4, 25]","[127.64, 11]","[210.43, 23]","[212.04, 47]",174.42,106,72.03,-0.32
07:45:19,"[125.08, 39]","[88.56, 39]","[209.0, 18]","[212.0, 45]",167.04,141,83.92,0.11
07:45:20,"[152.0, 44]","[148.33, 24]","[208.18, 22]","[211.26, 43]",180.09,133,56.18,0.02
07:45:21,"[152.0, 30]","[149.0, 10]","[204.54, 13]","[205.25, 16]",178.27,69,52.54,0.16
07:45:22,"[152.0, 48]","[149.0, 16]","[177.03, 30]","[199.14, 14]",164.52,108,25.03,0.19
07:45:23,"[152.24, 34]","[150.0, 24]","[171.81, 27]","[174.19, 42]",162.03,127,19.58,-0.09
07:45:24,"[154.0, 12]","[152.0, 24]","[168.11, 27]","[169.0, 45]",161.06,108,14.11,-0.33
07:45:25,"[154.0, 11]","[152.0, 22]","[163.55, 40]","[164.42, 31]",158.78,104,9.55,-0.37
07:45:26,"[152.67, 15]","[151.4, 50]","[161.8, 20]","[163.0, 50]",157.23,135,9.13,-0.04
07:45:27,"[152.0, 10]","[149.0, 20]","[157.94, 33]","[158.65, 34]",154.97,97,5.94,-0.38
07:45:28,"[147.3, 30]","[145.3, 61]","[150.96, 28]","[153.51, 39]",149.13,158,3.66,0.15
07:45:29,"[147.0, 10]","[145.0, 49]","[148.31, 26]","[149.29, 34]",147.65,119,1.31,-0.01
07:45:30,"[144.83, 24]","[141.8, 10]","[146.43, 35]","[307.57, 28]",145.63,97,1.6,-0.3
07:45:31,"[141.8, 15]","[124.75, 8]","[619.3, 33]","[704.0, 4]",380.55,60,477.5,-0.23
07:45:32,"[143.0, 10]","[137.0, 5]","[772.12, 17]","[794.0, 12]",457.56,44,629.12,-0.32
07:45:33,"[143.0, 10]","[139.4, 5]","[648.0, 16]","[793.6, 15]",395.5,46,505.0,-0.35
07:45:34,"[141.0, 5]","[106.4, 5]","[713.65, 17]","[790.0, 3]",427.32,30,572.65,-0.33
07:45:35,"[98.38, 8]","[83.38, 8]","[150.17, 23]","[288.04, 28]",124.27,67,51.8,-0.52
07:45:36,"[130.0, 9]","[69.0, 9]","[141.17, 36]","[148.86, 21]",135.58,75,11.17,-0.52
07:45:37,"[119.55, 20]","[114.5, 10]","[141.0, 50]","[142.0, 20]",130.28,100,21.45,-0.4
07:45:38,"[125.0, 33]","[116.63, 19]","[140.8, 46]","[141.57, 28]",132.9,126,15.8,-0.17
07:45:39,"[139.71, 21]","[132.71, 21]","[143.2, 10]","[267.89, 27]",141.46,79,3.49,0.06
07:45:40,"[140.82, 33]","[94.29, 21]","[325.51, 43]","[596.73, 55]",233.16,152,184.69,-0.29
07:45:41,"[134.67, 18]","[98.12, 8]","[352.81, 32]","[582.88, 40]",243.74,98,218.15,-0.47
07:45:42,"[138.2, 15]","[117.85, 13]","[348.36, 25]","[423.14, 35]",243.28,88,210.16,-0.36
07:45:43,"[113.89, 139]","[111.1, 31]","[290.07, 30]","[311.65, 49]",201.98,249,176.17,0.37
07:45:44,"[120.82, 99]","[114.6, 55]","[141.0, 9]","[144.0, 36]",130.91,199,20.18,0.55
07:45:45,"[133.47, 108]","[117.83, 36]","[144.0, 32]","[369.75, 32]",138.74,208,10.53,0.38
07:45:46,"[134.71, 210]","[70.16, 19]","[180.7, 61]","[357.73, 63]",157.71,353,45.99,0.3
07:45:47,"[139.14, 42]","[134.85, 94]","[284.48, 33]","[348.33, 33]",211.81,202,145.34,0.35
07:45:48,"[149.38, 126]","[141.88, 33]","[307.18, 44]","[320.0, 44]",228.28,247,157.8,0.29
07:45:49,"[150.82, 154]","[147.0, 22]","[243.21, 47]","[289.27, 45]",197.02,268,92.39,0.31
07:45:50,"[151.8, 102]","[146.75, 16]","[165.0, 36]","[166.0, 36]",158.4,190,13.2,0.24
07:45:51,"[148.88, 67]","[146.75, 16]","[164.44, 36]","[166.0, 36]",156.66,155,15.56,0.07
07:45:52,"[149.8, 83]","[148.64, 77]","[164.0, 56]","[170.86, 56]",156.9,272,14.2,0.18
07:45:53,"[149.47, 34]","[148.76, 68]","[164.0, 56]","[377.46, 61]",156.74,219,14.53,-0.07
07:45:54,"[150.06, 17]","[148.88, 58]","[163.27, 44]","[255.0, 55]",156.67,174,13.21,-0.14
07:45:55,"[149.0, 32]","[148.0, 8]","[163.0, 32]","[271.62, 40]",156.0,112,14.0,-0.29
07:45:56,"[149.0, 32]","[148.0, 8]","[162.75, 32]","[330.75, 40]",155.88,112,13.75,-0.29
07:45:57,"[149.0, 46]","[148.0, 13]","[160.54, 52]","[230.18, 57]",154.77,168,11.54,-0.3
07:45:58,"[148.56, 16]","[147.12, 24]","[151.92, 49]","[156.39, 41]",150.24,130,3.36,-0.38
07:45:59,"[147.38, 16]","[146.2, 30]","[150.0, 40]","[151.12, 41]",148.69,127,2.62,-0.28
07:46:00,"[147.0, 16]","[145.0, 24]","[148.38, 32]","[151.0, 32]",147.69,104,1.38,-0.23
07:46:01,"[113.96, 69]","[79.58, 38]","[149.29, 42]","[151.35, 62]",131.62,211,35.33,0.01
07:46:02,"[98.08, 72]","[57.6, 48]","[144.04, 50]","[145.81, 32]",121.06,202,45.96,0.19
07:46:03,"[95.33, 45]","[83.74, 76]","[144.21, 43]","[209.62, 29]",119.77,193,48.88,0.25
07:46:04,"[136.61, 54]","[95.12, 48]","[263.3, 43]","[371.78, 36]",199.96,181,126.69,0.13
07:46:05,"[152.0, 28]","[140.33, 27]","[237.75, 8]","[283.27, 26]",194.88,89,85.75,0.24
07:46:06,"[151.38, 16]","[134.85, 39]","[228.5, 8]","[283.15, 26]",189.94,89,77.12,0.24
07:46:07,"[151.0, 20]","[93.4, 60]","[226.8, 10]","[317.9, 31]",188.9,121,75.8,0.32
07:46:08,"[69.24, 49]","[30.57, 14]","[164.64, 14]","[263.24, 21]",116.94,98,95.4,0.29
07:46:09,"[81.75, 24]","[63.0, 39]","[136.0, 18]","[143.0, 9]",108.88,90,54.25,0.4
07:46:10,"[129.0, 3]","[66.0, 18]","[136.0, 6]","[143.0, 3]",132.5,30,7.0,0.4
07:46:11,"[129.0, 6]","[66.0, 36]","[136.0, 12]","[143.0, 6]",132.5,60,7.0,0.4
07:46:12,"[139.43, 7]","[78.27, 22]","[151.64, 11]","[225.85, 26]",145.53,66,12.21,-0.12
07:46:13,"[133.52, 23]","[88.15, 26]","[217.04, 23]","[280.16, 38]",175.28,110,83.52,-0.11
07:46:14,"[136.03, 33]","[120.44, 18]","[186.86, 21]","[224.67, 24]",161.44,96,50.83,0.06
07:46:15,"[145.0, 63]","[68.56, 9]","[185.33, 36]","[313.33, 9]",165.17,117,40.33,0.23
07:46:16,"[145.12, 64]","[122.47, 15]","[183.33, 36]","[298.44, 9]",164.23,124,38.21,0.27
07:46:17,"[146.88, 120]","[145.0, 128]","[181.69, 64]","[284.76, 25]",164.29,337,34.8,0.47
07:46:18,"[148.74, 74]","[145.0, 112]","[175.93, 56]","[178.21, 56]",162.34,298,27.19,0.25
07:46:19,"[149.67, 45]","[145.0, 72]","[170.89, 36]","[172.0, 36]",160.28,189,21.22,0.24
07:46:20,"[152.0, 32]","[146.0, 50]","[168.0, 28]","[169.43, 28]",160.0,138,16.0,0.19
07:46:21,"[153.02, 49]","[149.4, 86]","[164.62, 52]","[167.0, 52]",158.82,239,11.59,0.13
07:46:22,"[152.67, 30]","[151.45, 44]","[164.0, 40]","[167.0, 40]",158.33,154,11.33,-0.04
07:46:23,"[148.0, 68]","[144.54, 70]","[163.81, 64]","[167.0, 64]",155.91,266,15.81,0.04
07:46:24,"[145.0, 64]","[117.31, 26]","[162.0, 32]","[166.38, 32]",153.5,154,17.0,0.17
07:46:25,"[145.0, 72]","[115.0, 63]","[158.14, 28]","[163.45, 31]",151.57,194,13.14,0.39
07:46:26,"[145.0, 104]","[72.23, 75]","[155.5, 28]","[212.48, 23]",150.25,230,10.5,0.56
07:46:27,"[147.68, 38]","[140.57, 69]","[270.88, 43]","[379.14, 35]",209.28,185,123.2,0.16
07:46:28,"[152.0, 20]","[147.2, 30]","[283.0, 50]","[302.18, 44]",217.5,144,131.0,-0.31
07:46:29,"[152.0, 16]","[148.0, 24]","[239.0, 30]","[308.0, 30]",195.5,100,87.0,-0.2
07:46:30,"[153.23, 26]","[150.06, 31]","[244.53, 58]","[232.15, 27]",198.88,142,91.3,-0.2
07:46:31,"[152.0, 51]","[148.0, 65]","[185.0, 69]","[207.59, 66]",168.5,251,33.0,-0.08
07:46:32,"[152.0, 58]","[148.0, 33]","[182.06, 49]","[183.12, 50]",167.03,190,30.06,-0.04
07:46:33,"[152.0, 68]","[148.0, 39]","[178.32, 62]","[179.29, 55]",165.16,224,26.32,-0.04
07:46:34,"[152.0, 38]","[148.0, 36]","[172.6, 52]","[175.32, 56]",162.3,182,20.6,-0.19
07:46:35,"[152.0, 24]","[148.0, 36]","[167.45, 58]","[168.56, 50]",159.72,168,15.45,-0.29
07:46:36,"[152.0, 18]","[148.0, 27]","[166.0, 45]","[168.0, 36]",159.0,126,14.0,-0.29
07:46:37,"[148.0, 10]","[147.0, 15]","[166.0, 25]","[168.0, 20]",157.0,70,18.0,-0.29
07:46:38,"[148.0, 10]","[147.0, 15]","[166.0, 25]","[168.0, 20]",157.0,70,18.0,-0.29
07:46:39,"[148.0, 22]","[147.0, 33]","[165.29, 51]","[166.67, 48]",156.65,154,17.29,-0.29
07:46:40,"[148.0, 28]","[147.0, 42]","[161.12, 69]","[164.47, 57]",154.56,196,13.12,-0.29
07:46:41,"[148.0, 28]","[147.0, 89]","[157.27, 75]","[158.36, 69]",152.63,261,9.27,-0.1
07:46:42,"[150.04, 25]","[148.4, 10]","[156.3, 50]","[158.0, 40]",153.17,125,6.26,-0.44
07:46:43,"[151.0, 15]","[149.0, 15]","[153.73, 75]","[156.11, 74]",152.37,179,2.73,-0.66
07:46:44,"[149.6, 10]","[148.3, 10]","[151.5, 40]","[155.1, 50]",150.55,110,1.9,-0.64
07:46:45,"[148.42, 12]","[147.12, 40]","[181.71, 45]","[253.57, 42]",165.06,139,33.29,-0.25
07:46:46,"[147.07, 42]","[145.09, 327]","[188.19, 52]","[244.17, 47]",167.63,468,41.12,0.58
07:46:47,"[147.0, 39]","[145.0, 312]","[184.2, 50]","[185.53, 30]",165.6,431,37.2,0.63
07:46:48,"[147.0, 24]","[145.0, 192]","[182.16, 25]","[183.13, 30]",164.58,271,35.16,0.59
07:46:49,"[147.25, 20]","[145.22, 135]","[180.03, 31]","[181.28, 39]",163.64,225,32.78,0.38
07:46:50,"[148.54, 13]","[147.0, 39]","[176.97, 36]","[179.05, 40]",162.76,128,28.43,-0.19
07:46:51,"[149.0, 16]","[147.0, 48]","[172.6, 43]","[173.67, 42]",160.8,149,23.6,-0.14
07:46:52,"[153.88, 25]","[148.73, 15]","[169.7, 40]","[170.91, 35]",161.79,115,15.82,-0.3
07:46:53,"[145.09, 140]","[145.5, 12]","[168.55, 22]","[169.31, 29]",156.82,203,23.46,0.5
07:46:54,"[145.21, 265]","[144.79, 53]","[165.82, 33]","[168.09, 44]",155.51,395,20.61,0.61
07:46:55,"[145.0, 242]","[144.0, 11]","[163.12, 17]","[164.91, 35]",154.06,305,18.12,0.66
07:46:56,"[145.12, 160]","[144.9, 71]","[160.21, 34]","[161.5, 24]",152.67,289,15.08,0.6
07:46:57,"[149.57, 75]","[147.29, 42]","[155.23, 35]","[157.56, 34]",152.4,186,5.66,0.26
07:46:58,"[148.0, 58]","[147.0, 30]","[151.58, 33]","[152.8, 41]",149.79,162,3.58,0.09
07:46:59,"[146.42, 24]","[141.1, 41]","[148.73, 22]","[149.14, 28]",147.57,115,2.31,0.13
07:47:00,"[145.45, 22]","[134.22, 32]","[147.0, 11]","[149.0, 44]",146.23,109,1.55,-0.01
07:47:01,"[144.15, 26]","[143.43, 14]","[148.44, 32]","[177.8, 40]",146.3,112,4.28,-0.29
07:47:02,"[143.89, 9]","[126.1, 52]","[147.5, 24]","[230.62, 32]",145.69,117,3.61,0.04
07:47:03,"[114.11, 18]","[84.81, 52]","[272.27, 40]","[558.48, 29]",193.19,139,158.16,0.01
07:47:04,"[129.67, 18]","[123.46, 13]","[298.82, 11]","[374.29, 14]",214.24,56,169.15,0.11
07:47:05,"[138.84, 19]","[138.96, 46]","[285.0, 9]","[333.12, 32]",211.92,106,146.16,0.23
07:47:06,"[149.38, 13]","[134.4, 25]","[360.8, 10]","[559.4, 20]",255.09,68,211.42,0.12
07:47:07,"[148.78, 18]","[142.56, 27]","[437.62, 29]","[582.57, 28]",293.2,102,288.84,-0.12
07:47:08,"[143.0, 13]","[123.67, 9]","[176.33, 9]","[442.0, 18]",159.67,49,33.33,-0.1
07:47:09,"[106.75, 28]","[71.14, 29]","[142.5, 12]","[274.53, 15]",124.62,84,35.75,0.36
07:47:10,"[103.25, 16]","[62.0, 19]","[136.0, 7]","[139.0, 7]",119.62,49,32.75,0.43
07:47:11,"[92.0, 12]","[37.85, 39]","[136.0, 6]","[139.0, 6]",114.0,63,44.0,0.62
07:47:12,"[105.85, 54]","[101.6, 50]","[249.25, 12]","[324.67, 18]",177.55,134,143.4,0.55
07:47:13,"[134.3, 20]","[109.08, 52]","[364.62, 16]","[658.88, 17]",249.46,105,230.32,0.37
07:47:14,"[106.38, 37]","[73.57, 28]","[416.76, 17]","[491.57, 28]",261.57,110,310.39,0.18
07:47:15,"[111.6, 20]","[90.53, 19]","[377.0, 25]","[571.33, 18]",244.3,82,265.4,-0.05
07:47:16,"[108.0, 14]","[88.12, 16]","[212.67, 33]","[454.83, 24]",160.33,87,104.67,-0.31
07:47:17,"[101.57, 37]","[85.03, 32]","[142.0, 40]","[487.59, 17]",121.78,126,40.43,0.1
07:47:18,"[119.21, 28]","[80.83, 35]","[142.96, 24]","[197.22, 23]",131.09,110,23.74,0.15
07:47:19,"[142.52, 83]","[137.91, 110]","[144.0, 33]","[404.52, 31]",143.26,257,1.48,0.5
07:47:20,"[143.0, 43]","[131.1, 100]","[144.0, 29]","[201.18, 44]",143.5,216,1.0,0.32
07:47:21,"[82.36, 53]","[73.54, 37]","[267.52, 21]","[228.42, 33]",174.94,144,185.17,0.25
07:47:22,"[144.07, 15]","[113.87, 113]","[583.86, 36]","[598.55, 53]",363.96,217,439.79,0.18
07:47:23,"[152.0, 17]","[147.0, 83]","[251.7, 27]","[518.89, 38]",201.85,165,99.7,0.21
07:47:24,"[148.5, 20]","[131.42, 86]","[221.21, 38]","[234.72, 29]",184.86,173,72.71,0.23
07:47:25,"[147.0, 10]","[70.63, 76]","[220.0, 48]","[240.31, 32]",183.5,166,73.0,0.04
07:47:26,"[105.57, 87]","[69.57, 140]","[161.16, 62]","[177.93, 73]",133.37,362,55.59,0.25
07:47:27,"[129.03, 80]","[79.6, 70]","[137.17, 18]","[153.92, 38]",133.1,206,8.14,0.46
07:47:28,"[131.58, 24]","[130.0, 114]","[142.44, 34]","[159.59, 54]",137.01,226,10.86,0.22
07:47:29,"[132.91, 22]","[130.0, 115]","[140.82, 33]","[149.92, 39]",136.86,209,7.91,0.31
07:47:30,"[136.77, 26]","[133.93, 43]","[140.0, 30]","[143.0, 36]",138.38,135,3.23,0.02
07:47:31,"[138.22, 18]","[133.0, 42]","[140.0, 9]","[143.0, 27]",139.11,96,1.78,0.25
07:47:32,"[139.75, 32]","[132.36, 33]","[143.0, 14]","[144.0, 35]",141.38,114,3.25,0.14
07:47:33,"[141.29, 56]","[139.0, 14]","[143.0, 14]","[144.0, 35]",142.14,119,1.71,0.18
07:47:34,"[139.47, 38]","[118.77, 83]","[143.96, 57]","[379.65, 52]",141.72,230,4.49,0.05
07:47:35,"[141.56, 50]","[129.55, 40]","[143.89, 37]","[220.42, 48]",142.73,175,2.33,0.03
07:47:36,"[143.16, 38]","[112.82, 33]","[243.97, 38]","[393.32, 38]",193.57,147,100.82,-0.03
07:47:37,"[146.96, 25]","[130.0, 24]","[388.68, 19]","[442.57, 28]",267.82,96,241.72,0.02
07:47:38,"[154.0, 26]","[152.0, 40]","[379.2, 40]","[576.4, 40]",266.6,146,225.2,-0.1
07:47:39,"[154.0, 8]","[152.0, 16]","[366.0, 16]","[610.0, 16]",260.0,56,212.0,-0.14
07:47:40,"[154.0, 14]","[152.0, 28]","[312.86, 28]","[491.71, 28]",233.43,98,158.86,-0.14
07:47:41,"[152.4, 30]","[151.52, 23]","[265.51, 47]","[352.42, 55]",208.96,155,113.11,-0.32
07:47:42,"[152.0, 27]","[151.0, 9]","[230.0, 9]","[265.0, 27]",191.0,72,78.0,0.0
07:47:43,"[151.55, 11]","[143.51, 45]","[229.67, 9]","[263.16, 19]",190.61,84,78.12,0.33
07:47:44,"[149.5, 8]","[144.16, 58]","[229.0, 24]","[465.64, 11]",189.25,101,79.5,0.31
07:47:45,"[147.0, 8]","[142.0, 40]","[190.0, 22]","[225.59, 22]",168.5,92,43.0,0.04
07:47:46,"[144.5, 16]","[141.11, 54]","[151.7, 30]","[217.08, 26]",148.1,126,7.2,0.11
07:47:47,"[142.33, 24]","[138.57, 28]","[150.08, 38]","[152.5, 22]",146.21,112,7.75,-0.07
07:47:48,"[144.0, 13]","[142.0, 44]","[149.42, 53]","[150.71, 35]",146.71,145,5.42,-0.21
07:47:49,"[144.12, 8]","[140.3, 20]","[148.0, 24]","[149.0, 40]",146.06,92,3.88,-0.39
07:47:50,"[57.43, 7]","[14.16, 19]","[146.71, 21]","[149.0, 35]",102.07,82,89.29,-0.37
07:47:51,"[137.18, 34]","[69.75, 24]","[145.58, 36]","[149.0, 60]",141.38,154,8.41,-0.25
07:47:52,"[141.1, 29]","[124.06, 17]","[144.32, 37]","[147.33, 42]",142.71,125,3.22,-0.26
07:47:53,"[126.2, 20]","[101.1, 21]","[142.38, 24]","[143.25, 24]",134.29,89,16.17,-0.08
07:47:54,"[115.67, 27]","[97.41, 22]","[141.06, 33]","[142.11, 27]",128.36,109,25.39,-0.1
07:47:55,"[113.0, 33]","[88.68, 19]","[143.0, 39]","[255.8, 25]",128.0,116,30.0,-0.1
07:47:56,"[132.0, 24]","[118.0, 8]","[143.0, 24]","[287.76, 29]",137.5,85,11.0,-0.25
07:47:57,"[119.18, 22]","[103.07, 14]","[143.0, 35]","[417.27, 30]",131.09,101,23.82,-0.29
07:47:58,"[115.5, 10]","[80.21, 14]","[168.27, 22]","[314.5, 24]",141.89,70,52.77,-0.31
07:47:59,"[93.7, 10]","[68.4, 20]","[305.21, 19]","[648.59, 17]",199.46,66,211.51,-0.09
07:48:00,"[145.16, 31]","[103.69, 13]","[167.0, 36]","[516.75, 12]",156.08,92,21.84,-0.04
07:48:01,"[147.04, 112]","[126.91, 81]","[166.48, 58]","[348.74, 38]",156.76,289,19.45,0.34
07:48:02,"[147.16, 86]","[131.2, 59]","[165.75, 40]","[182.62, 32]",156.46,217,18.59,0.34
07:48:03,"[153.6, 20]","[147.28, 89]","[158.67, 54]","[215.38, 32]",156.13,195,5.07,0.12
07:48:04,"[147.0, 190]","[136.24, 17]","[151.82, 72]","[240.96, 26]",149.41,305,4.82,0.36
07:48:05,"[146.95, 113]","[136.83, 30]","[148.53, 19]","[177.61, 31]",147.74,193,1.58,0.48
07:48:06,"[146.0, 54]","[111.0, 6]","[147.0, 18]","[568.12, 8]",146.5,86,1.0,0.4
07:48:07,"[146.0, 87]","[121.0, 10]","[174.47, 19]","[452.27, 15]",160.24,131,28.47,0.48
07:48:08,"[146.17, 29]","[136.73, 51]","[308.75, 8]","[587.62, 24]",227.46,112,162.58,0.43
07:48:09,"[146.0, 24]","[108.67, 54]","[296.6, 10]","[410.8, 10]",221.3,98,150.6,0.59
07:48:10,"[146.0, 36]","[78.33, 18]","[277.57, 14]","[343.32, 19]",211.79,87,131.57,0.24
07:48:11,"[146.0, 48]","[83.9, 42]","[178.8, 35]","[217.0, 26]",162.4,151,32.8,0.19
07:48:12,"[84.38, 37]","[70.24, 17]","[178.0, 24]","[357.0, 8]",131.19,86,93.62,0.26
07:48:13,"[114.42, 33]","[116.85, 60]","[176.32, 38]","[182.1, 39]",145.37,170,61.89,0.09
07:48:14,"[143.86, 29]","[123.75, 44]","[172.68, 34]","[173.83, 36]",158.27,143,28.81,0.02
07:48:15,"[145.38, 112]","[144.0, 24]","[169.85, 26]","[171.2, 30]",157.61,192,24.47,0.42
07:48:16,"[146.0, 147]","[144.0, 39]","[167.5, 42]","[170.27, 49]",156.75,277,21.5,0.34
07:48:17,"[146.12, 68]","[140.54, 26]","[164.59, 41]","[165.7, 43]",155.35,178,18.47,0.06
07:48:18,"[147.38, 32]","[118.78, 9]","[162.81, 32]","[163.74, 31]",155.09,104,15.44,-0.21
07:48:19,"[148.0, 18]","[103.0, 23]","[161.78, 27]","[163.0, 36]",154.89,104,13.78,-0.21
07:48:20,"[148.0, 22]","[101.03, 35]","[159.63, 41]","[161.67, 36]",153.82,134,11.63,-0.15
07:48:21,"[147.53, 30]","[144.1, 20]","[158.67, 48]","[161.0, 36]",153.1,134,11.13,-0.25
07:48:22,"[145.0, 131]","[122.6, 10]","[156.28, 39]","[157.52, 31]",150.64,211,11.28,0.34
07:48:23,"[145.0, 180]","[83.59, 17]","[150.63, 38]","[154.51, 39]",147.82,274,5.63,0.44
07:48:24,"[145.63, 79]","[139.0, 204]","[148.0, 52]","[157.77, 35]",146.82,370,2.37,0.53
07:48:25,"[145.0, 138]","[122.97, 61]","[146.2, 40]","[216.45, 22]",145.6,261,1.2,0.52
07:48:26,"[144.0, 154]","[110.36, 33]","[195.58, 19]","[220.85, 40]",169.79,246,51.58,0.52
07:48:27,"[144.62, 91]","[133.24, 131]","[165.19, 37]","[168.0, 28]",154.9,287,20.57,0.55
07:48:28,"[152.0, 38]","[144.0, 196]","[158.0, 14]","[164.0, 14]",155.0,262,6.0,0.79
07:48:29,"[145.58, 81]","[140.89, 61]","[160.0, 9]","[218.0, 15]",152.79,166,14.42,0.71
07:48:30,"[144.0, 130]","[106.4, 10]","[164.0, 10]","[230.15, 20]",154.0,170,20.0,0.65
07:48:31,"[144.0, 182]","[85.46, 28]","[160.36, 39]","[161.27, 26]",152.18,275,16.36,0.53
07:48:32,"[144.0, 150]","[127.52, 25]","[157.07, 57]","[158.31, 48]",150.54,280,13.07,0.25
07:48:33,"[149.0, 80]","[144.56, 96]","[153.8, 49]","[156.17, 64]",151.4,289,4.8,0.22
07:48:34,"[149.0, 44]","[145.03, 61]","[150.62, 39]","[152.76, 37]",149.81,181,1.62,0.16
07:48:35,"[145.67, 36]","[140.5, 28]","[150.0, 40]","[178.26, 34]",147.83,138,4.33,-0.07
07:48:36,"[145.0, 42]","[125.8, 15]","[148.86, 35]","[187.0, 35]",146.93,127,3.86,-0.1
07:48:37,"[145.88, 48]","[143.5, 44]","[147.33, 60]","[262.0, 60]",146.6,212,1.46,-0.13
07:48:38,"[144.83, 46]","[142.07, 60]","[225.37, 62]","[442.61, 46]",185.1,214,80.54,-0.01
07:48:39,"[144.0, 46]","[141.0, 34]","[254.0, 36]","[724.0, 60]",199.0,176,110.0,-0.09
07:48:40,"[140.65, 17]","[135.88, 24]","[391.6, 20]","[445.11, 27]",266.12,88,250.95,-0.07
07:48:41,"[143.79, 33]","[135.28, 36]","[425.54, 35]","[704.14, 77]",284.67,181,281.75,-0.24
07:48:42,"[152.0, 54]","[147.27, 55]","[451.0, 22]","[726.27, 55]",301.5,186,299.0,0.17
07:48:43,"[154.0, 83]","[152.0, 48]","[446.04, 27]","[736.51, 57]",300.02,215,292.04,0.22
07:48:44,"[154.0, 50]","[152.0, 40]","[432.38, 29]","[509.1, 41]",293.19,160,278.38,0.12
07:48:45,"[154.0, 35]","[152.0, 28]","[429.8, 10]","[465.2, 15]",291.9,88,275.8,0.43
07:48:46,"[154.0, 24]","[152.0, 36]","[371.63, 19]","[362.79, 14]",262.82,93,217.63,0.29
07:48:47,"[154.0, 15]","[152.0, 48]","[271.12, 25]","[272.5, 24]",212.56,112,117.12,0.12
07:48:48,"[154.0, 9]","[152.0, 36]","[268.8, 15]","[270.5, 24]",211.4,84,114.8,0.07
