Time,Bid1,Bid2,Ask1,Ask2,Mid-Price,Total_volume,Bid_ask_spread,Order_imbalance
07:30:00,"[0, 0]","[0, 0]","[0, 0]","[0, 0]",0.0,0,0.0,0.0
07:30:02,"[196.0, 21]","[0, 0]","[0, 0]","[0, 0]",98.0,21,-196.0,1.0
07:30:04,"[196.0, 21]","[0, 0]","[347.0, 3]","[0, 0]",271.5,24,151.0,0.75
07:30:05,"[196.09, 23]","[196.0, 21]","[347.0, 6]","[669.0, 4]",271.54,54,150.91,0.63
07:30:06,"[206.28, 29]","[205.79, 86]","[317.0, 21]","[446.08, 13]",261.64,149,110.72,0.54
07:30:07,"[207.0, 4]","[206.0, 42]","[297.57, 7]","[320.75, 8]",252.29,61,90.57,0.51
07:30:08,"[208.0, 10]","[206.0, 105]","[303.4, 25]","[323.8, 15]",255.7,155,95.4,0.48
07:30:09,"[220.14, 107]","[215.45, 31]","[297.0, 30]","[316.0, 18]",258.57,186,76.86,0.48
07:30:10,"[219.13, 23]","[218.5, 44]","[297.0, 15]","[306.0, 9]",258.07,91,77.87,0.47
07:30:11,"[229.1, 49]","[229.14, 57]","[281.81, 21]","[280.84, 61]",255.46,188,52.71,0.13
07:30:12,"[236.87, 15]","[235.92, 97]","[268.0, 9]","[271.0, 45]",252.43,166,31.13,0.35
07:30:13,"[241.88, 8]","[240.29, 94]","[268.0, 6]","[271.0, 30]",254.94,138,26.12,0.48
07:30:14,"[260.57, 14]","[248.62, 63]","[287.74, 34]","[292.0, 30]",274.15,141,27.16,0.09
07:30:15,"[284.0, 6]","[283.0, 12]","[285.41, 22]","[286.91, 22]",284.7,62,1.41,-0.42
07:30:16,"[283.11, 9]","[280.94, 34]","[285.19, 16]","[286.59, 17]",284.15,76,2.08,0.13
07:30:17,"[281.42, 38]","[280.94, 62]","[285.0, 18]","[286.0, 18]",283.21,136,3.58,0.47
07:30:18,"[281.0, 45]","[279.0, 3]","[285.75, 8]","[289.08, 13]",283.38,69,4.75,0.39
07:30:19,"[281.0, 144]","[279.0, 36]","[283.68, 19]","[285.35, 31]",282.34,230,2.68,0.57
07:30:20,"[281.0, 15]","[279.0, 33]","[282.0, 11]","[292.07, 55]",281.5,114,1.0,-0.16
07:30:21,"[279.8, 10]","[278.86, 14]","[289.86, 14]","[294.24, 34]",284.83,72,10.06,-0.33
07:30:22,"[279.0, 2]","[278.0, 2]","[293.0, 10]","[296.0, 14]",286.0,28,14.0,-0.71
07:30:23,"[281.67, 63]","[278.04, 51]","[293.0, 45]","[296.0, 63]",287.33,222,11.33,0.03
07:30:24,"[285.0, 118]","[279.0, 9]","[293.0, 45]","[296.0, 63]",289.0,235,8.0,0.08
07:30:25,"[285.0, 143]","[279.0, 14]","[292.54, 26]","[293.86, 72]",288.77,255,7.54,0.23
07:30:26,"[285.0, 105]","[279.0, 15]","[288.93, 15]","[290.27, 15]",286.97,150,3.93,0.6
07:30:27,"[285.0, 68]","[279.0, 11]","[287.64, 11]","[293.74, 47]",286.32,137,2.64,0.15
07:30:28,"[285.0, 30]","[279.0, 5]","[288.0, 5]","[294.0, 25]",286.5,65,3.0,0.08
07:30:29,"[285.0, 104]","[279.67, 36]","[286.72, 18]","[292.12, 42]",285.86,200,1.72,0.4
07:30:30,"[284.88, 48]","[280.45, 31]","[286.59, 17]","[295.29, 48]",285.73,144,1.71,0.1
07:30:31,"[280.31, 52]","[279.74, 43]","[284.63, 19]","[286.6, 20]",282.47,134,4.32,0.42
07:30:32,"[280.0, 48]","[279.0, 12]","[282.25, 12]","[283.83, 12]",281.12,84,2.25,0.43
07:30:33,"[280.0, 44]","[279.0, 11]","[281.0, 11]","[282.0, 11]",280.5,77,1.0,0.43
07:30:34,"[280.0, 42]","[279.0, 13]","[281.0, 13]","[290.7, 23]",280.5,91,1.0,0.21
07:30:35,"[280.0, 33]","[278.0, 70]","[281.0, 9]","[292.0, 18]",280.5,130,1.0,0.58
07:30:36,"[280.0, 45]","[278.0, 72]","[281.0, 9]","[292.0, 18]",280.5,144,1.0,0.62
07:30:37,"[280.0, 35]","[278.0, 56]","[281.0, 7]","[292.0, 14]",280.5,112,1.0,0.62
07:30:38,"[280.71, 34]","[278.25, 64]","[288.47, 34]","[293.25, 40]",284.59,172,7.76,0.14
07:30:39,"[284.0, 77]","[281.22, 27]","[292.0, 60]","[293.0, 39]",288.0,203,8.0,0.02
07:30:40,"[284.0, 27]","[283.0, 9]","[292.0, 36]","[293.0, 27]",288.0,99,8.0,-0.27
07:30:41,"[284.0, 24]","[283.0, 8]","[292.0, 32]","[293.0, 24]",288.0,88,8.0,-0.27
07:30:42,"[284.0, 21]","[283.0, 7]","[292.0, 28]","[293.0, 21]",288.0,77,8.0,-0.27
07:30:43,"[284.24, 34]","[283.55, 22]","[292.0, 56]","[293.0, 42]",288.12,154,7.76,-0.27
07:30:44,"[286.0, 12]","[283.9, 30]","[292.0, 48]","[293.0, 36]",289.0,126,6.0,-0.33
07:30:45,"[286.0, 12]","[283.0, 12]","[292.0, 48]","[293.0, 36]",289.0,108,6.0,-0.56
07:30:46,"[286.0, 6]","[283.0, 6]","[292.0, 24]","[293.0, 18]",289.0,54,6.0,-0.56
07:30:47,"[286.0, 13]","[283.89, 61]","[291.06, 36]","[292.32, 47]",288.53,157,5.06,-0.06
07:30:48,"[286.0, 14]","[284.0, 126]","[288.29, 28]","[293.93, 30]",287.14,198,2.29,0.41
07:30:49,"[284.0, 66]","[283.0, 11]","[287.27, 22]","[294.82, 34]",285.64,133,3.27,0.16
07:30:50,"[284.0, 30]","[283.0, 5]","[287.0, 10]","[289.0, 10]",285.5,55,3.0,0.27
07:30:51,"[284.0, 56]","[283.0, 10]","[285.96, 26]","[289.7, 20]",284.98,112,1.96,0.18
07:30:52,"[282.2, 83]","[281.54, 101]","[292.07, 28]","[296.0, 30]",287.14,242,9.87,0.52
07:30:53,"[282.0, 84]","[280.0, 28]","[293.57, 14]","[295.96, 28]",287.79,154,11.57,0.45
07:30:54,"[282.41, 79]","[280.33, 43]","[293.0, 20]","[295.0, 14]",287.7,156,10.59,0.56
07:30:55,"[282.0, 56]","[280.0, 32]","[293.0, 16]","[295.0, 16]",287.5,120,11.0,0.47
07:30:56,"[282.0, 87]","[280.0, 52]","[291.17, 46]","[293.46, 26]",286.59,211,9.17,0.32
07:30:57,"[281.27, 33]","[279.31, 91]","[289.46, 26]","[290.53, 34]",285.37,184,8.19,0.35
07:30:58,"[280.0, 60]","[279.0, 315]","[287.61, 56]","[288.88, 34]",283.8,465,7.61,0.61
07:30:59,"[280.0, 32]","[279.0, 168]","[286.0, 16]","[287.0, 32]",283.0,248,6.0,0.61
07:31:00,"[281.0, 72]","[280.0, 26]","[284.58, 52]","[285.43, 56]",282.79,206,3.58,-0.05
07:31:01,"[281.63, 54]","[280.0, 36]","[283.67, 54]","[287.0, 54]",282.65,198,2.04,-0.09
07:31:02,"[280.17, 24]","[279.01, 233]","[282.69, 26]","[291.0, 24]",281.43,307,2.53,0.67
07:31:03,"[280.0, 14]","[279.0, 147]","[282.0, 14]","[291.11, 18]",281.0,193,2.0,0.67
07:31:04,"[279.06, 157]","[278.79, 133]","[281.12, 51]","[288.37, 27]",280.09,368,2.05,0.58
07:31:05,"[279.0, 225]","[278.0, 44]","[280.27, 55]","[286.98, 47]",279.64,371,1.27,0.45
07:31:06,"[279.5, 192]","[278.58, 96]","[287.5, 72]","[291.17, 60]",283.5,420,8.0,0.37
07:31:07,"[282.0, 64]","[279.0, 112]","[290.0, 32]","[292.0, 48]",286.0,256,8.0,0.38
07:31:08,"[282.28, 65]","[279.59, 122]","[290.0, 40]","[292.0, 60]",286.14,287,7.72,0.3
07:31:09,"[284.0, 30]","[282.0, 80]","[290.0, 40]","[292.0, 68]",287.0,218,6.0,0.01
07:31:10,"[284.0, 18]","[282.0, 48]","[290.0, 24]","[292.0, 48]",287.0,138,6.0,-0.04
07:31:11,"[284.0, 16]","[282.0, 96]","[290.0, 48]","[292.0, 96]",287.0,256,6.0,-0.12
07:31:12,"[284.0, 9]","[282.0, 72]","[290.0, 36]","[292.0, 72]",287.0,189,6.0,-0.14
07:31:13,"[284.0, 5]","[282.0, 40]","[290.0, 20]","[292.0, 15]",287.0,80,6.0,0.12
07:31:14,"[284.0, 8]","[282.0, 64]","[290.0, 32]","[292.0, 30]",287.0,134,6.0,0.07
07:31:15,"[284.0, 10]","[282.0, 80]","[291.4, 40]","[312.07, 28]",287.7,158,7.4,0.14
07:31:16,"[282.5, 24]","[281.6, 60]","[292.0, 36]","[294.0, 18]",287.25,138,9.5,0.22
07:31:17,"[286.0, 85]","[282.0, 102]","[291.57, 56]","[296.52, 46]",288.79,289,5.57,0.29
07:31:18,"[286.0, 75]","[282.92, 76]","[289.85, 33]","[291.82, 22]",287.92,206,3.85,0.47
07:31:19,"[286.0, 67]","[283.0, 75]","[287.33, 75]","[290.4, 30]",286.67,247,1.33,0.15
07:31:20,"[283.09, 44]","[281.16, 145]","[286.76, 105]","[291.0, 56]",284.93,350,3.67,0.08
07:31:21,"[282.0, 11]","[280.0, 99]","[284.73, 55]","[291.0, 34]",283.36,199,2.73,0.11
07:31:22,"[280.03, 79]","[278.08, 217]","[283.39, 31]","[293.0, 28]",281.71,355,3.36,0.67
07:31:23,"[280.0, 32]","[278.0, 128]","[281.0, 16]","[293.0, 16]",280.5,192,1.0,0.67
07:31:24,"[280.0, 32]","[278.0, 128]","[291.5, 16]","[294.56, 9]",285.75,185,11.5,0.73
07:31:25,"[279.2, 66]","[277.66, 116]","[291.24, 50]","[293.08, 25]",285.22,257,12.04,0.42
07:31:26,"[278.0, 98]","[271.5, 24]","[291.0, 48]","[293.75, 24]",284.5,194,13.0,0.26
07:31:27,"[278.0, 99]","[273.0, 22]","[290.29, 42]","[293.08, 26]",284.14,189,12.29,0.28
07:31:28,"[278.0, 108]","[273.0, 24]","[289.25, 48]","[290.27, 44]",283.62,224,11.25,0.18
07:31:29,"[278.0, 95]","[273.0, 30]","[285.6, 60]","[286.93, 60]",281.8,245,7.6,0.02
07:31:30,"[278.0, 29]","[270.22, 18]","[285.0, 36]","[286.0, 36]",281.5,119,7.0,-0.21
07:31:31,"[278.0, 13]","[271.45, 69]","[283.38, 52]","[284.46, 52]",280.69,186,5.38,-0.12
07:31:32,"[273.05, 40]","[273.14, 14]","[281.4, 40]","[284.0, 40]",277.23,134,8.35,-0.19
07:31:33,"[272.0, 88]","[268.0, 16]","[277.75, 32]","[280.0, 32]",274.88,168,5.75,0.24
07:31:34,"[272.0, 154]","[268.0, 28]","[275.79, 56]","[278.08, 48]",273.89,286,3.79,0.27
07:31:35,"[272.0, 95]","[268.0, 18]","[273.78, 36]","[274.8, 30]",272.89,179,1.78,0.26
07:31:36,"[277.28, 50]","[271.62, 29]","[279.46, 26]","[285.96, 106]",278.37,211,2.18,-0.25
07:31:37,"[281.11, 35]","[275.0, 12]","[287.0, 10]","[288.0, 80]",284.06,137,5.89,-0.31
07:31:38,"[283.0, 20]","[281.0, 30]","[287.47, 17]","[288.06, 77]",285.24,144,4.47,-0.31
07:31:39,"[283.0, 28]","[281.0, 42]","[286.39, 67]","[288.24, 38]",284.69,175,3.39,-0.2
07:31:40,"[281.86, 14]","[280.06, 17]","[284.0, 33]","[286.0, 11]",282.93,75,2.14,-0.17
07:31:41,"[281.0, 8]","[274.92, 24]","[284.0, 24]","[286.0, 8]",282.5,64,3.0,0.0
07:31:42,"[281.0, 5]","[279.0, 15]","[284.0, 15]","[286.0, 5]",282.5,40,3.0,0.0
07:31:43,"[281.0, 9]","[279.0, 27]","[284.0, 27]","[286.0, 9]",282.5,72,3.0,0.0
07:31:44,"[282.23, 13]","[279.7, 23]","[284.0, 27]","[286.0, 13]",283.12,76,1.77,-0.05
07:31:45,"[281.0, 10]","[279.0, 30]","[284.0, 20]","[286.0, 10]",282.5,70,3.0,0.14
07:31:46,"[281.0, 3]","[279.0, 9]","[284.0, 6]","[286.0, 3]",282.5,21,3.0,0.14
07:31:47,"[281.0, 7]","[279.0, 21]","[284.0, 14]","[286.0, 7]",282.5,49,3.0,0.14
07:31:48,"[280.2, 10]","[274.62, 32]","[284.0, 16]","[286.0, 8]",282.1,66,3.8,0.27
07:31:49,"[273.51, 55]","[268.47, 95]","[283.33, 18]","[284.94, 32]",278.42,200,9.82,0.5
07:31:50,"[282.0, 18]","[268.45, 77]","[284.26, 19]","[285.16, 25]",283.13,139,2.26,0.37
07:31:51,"[282.0, 8]","[268.0, 56]","[285.0, 24]","[286.0, 8]",283.5,96,3.0,0.33
07:31:52,"[282.91, 34]","[273.09, 33]","[285.0, 45]","[286.87, 23]",283.96,135,2.09,-0.01
07:31:53,"[282.99, 87]","[277.72, 18]","[284.64, 42]","[287.5, 54]",283.82,201,1.65,0.04
07:31:54,"[283.0, 234]","[282.0, 13]","[284.0, 65]","[285.0, 39]",283.5,351,1.0,0.41
07:31:55,"[283.0, 108]","[282.0, 6]","[284.0, 30]","[285.4, 15]",283.5,159,1.0,0.43
07:31:56,"[283.0, 162]","[282.0, 9]","[284.0, 45]","[286.68, 25]",283.5,241,1.0,0.42
07:31:57,"[283.0, 216]","[282.0, 12]","[284.0, 60]","[287.0, 36]",283.5,324,1.0,0.41
07:31:58,"[283.0, 205]","[282.0, 15]","[284.86, 49]","[288.2, 55]",283.93,324,1.86,0.36
07:31:59,"[283.0, 85]","[282.0, 15]","[289.0, 45]","[290.0, 104]",286.0,249,6.0,-0.2
07:32:00,"[283.0, 60]","[282.0, 12]","[289.0, 36]","[290.0, 48]",286.0,156,6.0,-0.08
07:32:01,"[284.23, 65]","[282.76, 33]","[289.0, 39]","[290.0, 52]",286.62,189,4.77,0.04
07:32:02,"[285.0, 70]","[282.0, 14]","[288.43, 42]","[289.92, 72]",286.71,198,3.43,-0.15
07:32:03,"[283.43, 23]","[281.03, 33]","[288.0, 45]","[290.0, 90]",285.72,191,4.57,-0.41
07:32:04,"[283.0, 14]","[282.0, 12]","[287.33, 36]","[290.61, 51]",285.17,113,4.33,-0.54
07:32:05,"[283.0, 13]","[282.0, 13]","[286.23, 39]","[291.0, 65]",284.62,130,3.23,-0.6
07:32:06,"[283.0, 11]","[282.0, 11]","[285.0, 33]","[291.0, 50]",284.0,105,2.0,-0.58
07:32:07,"[283.0, 10]","[282.0, 10]","[284.0, 30]","[292.27, 33]",283.5,83,1.0,-0.52
07:32:08,"[282.54, 13]","[281.08, 13]","[287.78, 37]","[293.85, 47]",285.16,110,5.25,-0.53
07:32:09,"[279.88, 85]","[278.89, 112]","[291.73, 22]","[293.0, 33]",285.8,252,11.84,0.56
07:32:10,"[279.64, 84]","[278.75, 146]","[288.0, 32]","[292.63, 43]",283.82,305,8.36,0.51
07:32:11,"[281.58, 72]","[278.92, 142]","[289.12, 25]","[290.35, 17]",285.35,256,7.54,0.67
07:32:12,"[279.16, 116]","[278.19, 162]","[288.48, 23]","[288.95, 19]",283.82,320,9.32,0.74
07:32:13,"[279.0, 84]","[278.0, 108]","[287.0, 9]","[288.0, 18]",283.0,219,8.0,0.75
07:32:14,"[279.0, 136]","[278.0, 192]","[284.21, 19]","[286.1, 29]",281.61,376,5.21,0.74
07:32:15,"[279.0, 77]","[278.0, 132]","[282.64, 11]","[287.24, 21]",280.82,241,3.64,0.73
07:32:16,"[279.0, 63]","[278.0, 108]","[280.0, 9]","[287.56, 9]",279.5,189,1.0,0.81
07:32:17,"[279.0, 98]","[278.0, 168]","[284.0, 26]","[290.03, 35]",281.5,327,5.0,0.63
07:32:18,"[279.0, 84]","[278.0, 144]","[283.9, 42]","[284.48, 25]",281.45,295,4.9,0.55
07:32:19,"[279.0, 84]","[278.0, 144]","[281.62, 16]","[284.83, 24]",280.31,268,2.62,0.7
07:32:20,"[279.0, 77]","[278.0, 132]","[284.95, 19]","[290.4, 35]",281.97,263,5.95,0.59
07:32:21,"[279.0, 42]","[278.0, 72]","[286.0, 34]","[290.56, 18]",282.5,166,7.0,0.37
07:32:22,"[279.0, 119]","[278.0, 204]","[283.47, 87]","[288.57, 21]",281.24,431,4.47,0.5
07:32:23,"[278.86, 85]","[277.83, 178]","[281.0, 75]","[288.0, 15]",279.93,353,2.14,0.49
07:32:24,"[278.0, 169]","[275.0, 130]","[280.31, 65]","[288.0, 13]",279.15,377,2.31,0.59
07:32:25,"[278.0, 124]","[275.0, 100]","[280.0, 50]","[285.6, 10]",279.0,284,2.0,0.58
07:32:26,"[278.0, 106]","[275.0, 100]","[279.88, 34]","[285.48, 46]",278.94,286,1.88,0.44
07:32:27,"[278.0, 110]","[275.0, 110]","[289.23, 65]","[291.18, 49]",283.62,334,11.23,0.32
07:32:28,"[281.0, 22]","[278.0, 110]","[290.0, 66]","[292.0, 55]",285.5,253,9.0,0.04
07:32:29,"[278.25, 81]","[274.73, 52]","[290.0, 66]","[292.0, 55]",284.12,254,11.75,0.05
07:32:30,"[278.0, 117]","[273.0, 26]","[290.0, 78]","[292.0, 65]",284.0,286,12.0,0.0
07:32:31,"[278.0, 63]","[273.0, 14]","[290.0, 42]","[292.0, 35]",284.0,154,12.0,0.0
07:32:32,"[279.9, 126]","[275.86, 42]","[289.88, 68]","[291.56, 54]",284.89,290,9.98,0.16
07:32:33,"[283.0, 192]","[274.05, 19]","[288.75, 48]","[290.0, 72]",285.88,331,5.75,0.27
07:32:34,"[283.0, 272]","[277.0, 17]","[285.53, 68]","[290.59, 34]",284.26,391,2.53,0.48
07:32:35,"[283.0, 164]","[280.0, 99]","[284.69, 35]","[292.57, 42]",283.84,340,1.69,0.55
07:32:36,"[283.0, 72]","[280.0, 54]","[292.0, 6]","[294.0, 24]",287.5,156,9.0,0.62
07:32:37,"[283.0, 120]","[279.86, 66]","[292.0, 10]","[294.0, 40]",287.5,236,9.0,0.58
07:32:38,"[283.0, 168]","[278.07, 14]","[292.0, 14]","[294.0, 56]",287.5,252,9.0,0.44
07:32:39,"[283.0, 120]","[282.0, 10]","[290.91, 22]","[293.45, 22]",286.95,174,7.91,0.49
07:32:40,"[283.0, 180]","[282.0, 15]","[287.45, 51]","[288.08, 51]",285.23,297,4.45,0.31
07:32:41,"[283.0, 168]","[282.0, 14]","[285.07, 42]","[287.0, 56]",284.04,280,2.07,0.3
07:32:42,"[283.0, 132]","[282.0, 11]","[286.05, 38]","[288.76, 34]",284.53,215,3.05,0.33
07:32:43,"[283.0, 96]","[282.0, 8]","[287.0, 32]","[293.0, 16]",285.0,152,4.0,0.37
07:32:44,"[283.0, 144]","[282.0, 12]","[286.0, 48]","[293.0, 24]",284.5,228,3.0,0.37
07:32:45,"[283.0, 168]","[282.0, 14]","[289.67, 24]","[294.49, 74]",286.33,280,6.67,0.3
07:32:46,"[283.0, 136]","[282.0, 14]","[290.93, 58]","[294.5, 60]",286.97,268,7.93,0.12
07:32:47,"[283.0, 78]","[282.0, 13]","[287.13, 55]","[288.13, 45]",285.06,191,4.13,-0.05
07:32:48,"[282.97, 65]","[280.7, 23]","[285.62, 65]","[289.21, 63]",284.29,216,2.65,-0.19
07:32:49,"[280.2, 20]","[278.62, 64]","[293.0, 55]","[295.0, 22]",286.6,161,12.8,0.04
07:32:50,"[281.0, 23]","[279.0, 32]","[292.88, 34]","[294.09, 22]",286.94,111,11.88,-0.01
07:32:51,"[281.36, 11]","[279.25, 32]","[291.36, 22]","[293.16, 49]",286.36,114,10.0,-0.25
07:32:52,"[282.0, 14]","[281.0, 14]","[290.93, 28]","[293.2, 40]",286.46,96,8.93,-0.42
07:32:53,"[282.0, 12]","[281.0, 12]","[289.0, 24]","[293.0, 43]",285.5,91,7.0,-0.47
07:32:54,"[282.0, 6]","[281.0, 6]","[289.0, 12]","[293.0, 12]",285.5,36,7.0,-0.33
07:32:55,"[282.0, 11]","[281.0, 11]","[288.82, 22]","[293.93, 56]",285.41,100,6.82,-0.56
07:32:56,"[282.0, 18]","[281.0, 18]","[287.33, 36]","[292.85, 117]",284.67,189,5.33,-0.62
07:32:57,"[282.0, 8]","[281.0, 8]","[287.0, 16]","[291.0, 40]",284.5,72,5.0,-0.56
07:32:58,"[281.4, 15]","[279.0, 36]","[287.0, 30]","[290.94, 67]",284.2,148,5.6,-0.31
07:32:59,"[281.09, 23]","[278.03, 91]","[285.5, 40]","[289.97, 58]",283.29,212,4.41,0.08
07:33:00,"[283.0, 50]","[279.76, 46]","[284.0, 90]","[287.59, 69]",283.5,255,1.0,-0.25
07:33:01,"[280.83, 54]","[279.66, 38]","[288.0, 65]","[293.77, 35]",284.42,192,7.17,-0.04
07:33:02,"[279.0, 24]","[278.0, 96]","[285.8, 46]","[286.67, 48]",282.4,214,6.8,0.12
07:33:03,"[278.62, 42]","[277.93, 112]","[281.71, 62]","[282.82, 55]",280.16,271,3.09,0.14
07:33:04,"[278.5, 48]","[277.89, 108]","[280.28, 72]","[286.38, 61]",279.39,289,1.78,0.08
07:33:05,"[279.57, 28]","[278.0, 112]","[284.43, 67]","[286.72, 50]",282.0,257,4.86,0.09
07:33:06,"[280.42, 24]","[278.0, 100]","[282.45, 49]","[284.14, 59]",281.43,232,2.03,0.07
07:33:07,"[281.0, 58]","[278.0, 144]","[282.0, 66]","[284.0, 85]",281.5,353,1.0,0.14
07:33:08,"[277.61, 92]","[274.65, 46]","[278.8, 50]","[280.76, 38]",278.2,226,1.19,0.22
07:33:09,"[277.0, 32]","[271.0, 16]","[285.88, 25]","[286.52, 33]",281.44,106,8.88,-0.09
07:33:10,"[277.65, 17]","[276.64, 39]","[289.0, 65]","[292.0, 77]",283.32,198,11.35,-0.43
07:33:11,"[273.5, 48]","[269.87, 30]","[289.0, 30]","[292.0, 70]",281.25,178,15.5,-0.12
07:33:12,"[270.0, 90]","[268.0, 29]","[287.06, 34]","[289.64, 70]",278.53,223,17.06,0.07
07:33:13,"[271.76, 50]","[268.92, 26]","[286.0, 18]","[288.0, 36]",278.88,130,14.24,0.17
07:33:14,"[270.06, 68]","[268.29, 14]","[286.0, 28]","[288.0, 56]",278.03,166,15.94,-0.01
07:33:15,"[272.0, 12]","[270.67, 24]","[283.92, 24]","[288.0, 48]",277.96,108,11.92,-0.33
07:33:16,"[272.0, 5]","[271.0, 20]","[283.0, 10]","[288.0, 30]",277.5,65,11.0,-0.23
07:33:17,"[272.0, 7]","[271.0, 28]","[287.0, 30]","[288.4, 30]",279.5,95,15.0,-0.26
07:33:18,"[272.0, 13]","[271.0, 52]","[281.79, 39]","[287.1, 71]",276.9,175,9.79,-0.26
07:33:19,"[272.0, 11]","[271.0, 44]","[276.73, 55]","[282.91, 11]",274.36,121,4.73,-0.09
07:33:20,"[272.0, 12]","[271.0, 48]","[276.0, 60]","[286.33, 12]",274.0,132,4.0,-0.09
07:33:21,"[272.24, 49]","[270.94, 34]","[274.42, 50]","[275.56, 62]",273.33,195,2.18,-0.15
07:33:22,"[271.0, 32]","[269.0, 8]","[282.18, 33]","[280.79, 19]",276.59,92,11.18,-0.13
07:33:23,"[271.58, 48]","[270.14, 21]","[282.52, 46]","[285.08, 25]",277.05,140,10.94,-0.01
07:33:24,"[272.98, 90]","[271.88, 42]","[284.73, 33]","[285.5, 48]",278.85,213,11.75,0.24
07:33:25,"[276.0, 20]","[274.0, 70]","[284.0, 16]","[285.27, 30]",280.0,136,8.0,0.32
07:33:26,"[277.89, 55]","[275.2, 35]","[283.89, 18]","[303.64, 14]",280.89,122,6.0,0.48
07:33:27,"[279.5, 44]","[278.24, 42]","[283.0, 11]","[284.0, 11]",281.25,108,3.5,0.59
07:33:28,"[280.0, 32]","[279.0, 16]","[283.0, 8]","[284.0, 8]",281.5,64,3.0,0.5
07:33:29,"[280.0, 24]","[279.0, 12]","[281.33, 6]","[284.0, 6]",280.67,48,1.33,0.5
07:33:30,"[280.0, 34]","[279.0, 22]","[281.0, 11]","[288.0, 44]",280.5,111,1.0,0.01
07:33:31,"[280.0, 22]","[279.0, 20]","[287.59, 34]","[290.0, 24]",283.79,100,7.59,-0.16
07:33:32,"[283.67, 12]","[278.89, 27]","[288.0, 28]","[291.0, 14]",285.83,81,4.33,-0.04
07:33:33,"[281.5, 28]","[278.59, 51]","[288.0, 32]","[291.0, 17]",284.75,128,6.5,0.23
07:33:34,"[279.0, 102]","[278.0, 119]","[286.56, 50]","[289.31, 55]",282.78,326,7.56,0.36
07:33:35,"[279.0, 54]","[278.0, 63]","[284.0, 18]","[287.07, 43]",281.5,178,5.0,0.31
07:33:36,"[279.0, 48]","[278.0, 56]","[283.93, 15]","[286.84, 37]",281.47,156,4.93,0.33
07:33:37,"[279.0, 60]","[278.0, 84]","[282.69, 16]","[285.13, 46]",280.84,206,3.69,0.4
07:33:38,"[278.1, 93]","[274.17, 69]","[281.57, 21]","[285.76, 51]",279.83,234,3.47,0.38
07:33:39,"[278.0, 66]","[271.0, 72]","[280.71, 24]","[285.2, 30]",279.35,192,2.71,0.44
07:33:40,"[278.0, 44]","[271.0, 66]","[281.0, 11]","[286.73, 44]",279.5,165,3.0,0.33
07:33:41,"[278.09, 44]","[272.42, 79]","[282.74, 23]","[287.28, 65]",280.42,211,4.65,0.17
07:33:42,"[272.73, 104]","[270.69, 71]","[284.08, 52]","[285.39, 71]",278.4,298,11.35,0.17
07:33:43,"[281.0, 22]","[276.0, 28]","[283.33, 24]","[285.0, 44]",282.17,118,2.33,-0.15
07:33:44,"[280.23, 31]","[273.5, 56]","[284.5, 48]","[287.22, 36]",282.36,171,4.27,0.02
07:33:45,"[283.0, 39]","[280.55, 53]","[285.0, 52]","[290.68, 38]",284.0,182,2.0,0.01
07:33:46,"[283.0, 33]","[281.0, 55]","[284.36, 44]","[288.23, 52]",283.68,184,1.36,-0.04
07:33:47,"[281.0, 74]","[278.15, 26]","[286.84, 38]","[289.29, 56]",283.92,194,5.84,0.03
07:33:48,"[281.0, 40]","[280.0, 8]","[285.0, 8]","[288.64, 44]",283.0,100,4.0,-0.04
07:33:49,"[281.0, 55]","[280.0, 11]","[284.45, 11]","[290.0, 84]",282.73,161,3.45,-0.18
07:33:50,"[280.28, 18]","[278.03, 75]","[282.0, 14]","[289.5, 56]",281.14,163,1.72,0.14
07:33:51,"[279.08, 24]","[277.96, 117]","[282.0, 13]","[289.0, 52]",280.54,206,2.92,0.37
07:33:52,"[279.0, 42]","[278.0, 120]","[280.63, 51]","[288.1, 42]",279.81,255,1.63,0.27
07:33:53,"[278.0, 87]","[269.81, 37]","[282.15, 39]","[288.75, 48]",280.08,211,4.15,0.18
07:33:54,"[278.02, 66]","[270.48, 83]","[288.29, 56]","[291.8, 110]",283.15,315,10.27,-0.05
07:33:55,"[279.0, 14]","[278.0, 70]","[289.0, 56]","[291.0, 42]",284.0,182,10.0,-0.08
07:33:56,"[279.0, 4]","[278.0, 20]","[289.0, 16]","[291.0, 12]",284.0,52,10.0,-0.08
07:33:57,"[272.75, 24]","[270.49, 79]","[287.12, 48]","[290.0, 52]",279.94,203,14.38,0.01
07:33:58,"[270.0, 84]","[267.43, 126]","[271.0, 14]","[288.36, 56]",270.5,280,1.0,0.5
07:33:59,"[270.0, 66]","[268.0, 99]","[271.0, 11]","[288.0, 44]",270.5,220,1.0,0.5
07:34:00,"[270.0, 84]","[268.0, 126]","[271.0, 14]","[288.0, 56]",270.5,280,1.0,0.5
07:34:01,"[270.0, 66]","[266.97, 93]","[271.0, 11]","[277.62, 26]",270.5,196,1.0,0.62
07:34:02,"[273.73, 67]","[267.95, 86]","[287.89, 72]","[288.86, 56]",280.81,281,14.16,0.09
07:34:03,"[280.0, 60]","[268.64, 90]","[285.58, 24]","[288.0, 96]",282.79,270,5.58,0.11
07:34:04,"[280.0, 45]","[267.0, 126]","[284.11, 18]","[288.0, 72]",282.06,261,4.11,0.31
07:34:05,"[280.0, 51]","[268.06, 124]","[287.11, 38]","[291.02, 82]",283.55,295,7.11,0.19
07:34:06,"[280.0, 36]","[268.38, 128]","[288.0, 48]","[292.0, 84]",284.0,296,8.0,0.11
07:34:07,"[268.21, 161]","[265.22, 82]","[290.75, 48]","[292.0, 84]",279.48,375,22.54,0.3
07:34:08,"[282.0, 100]","[267.71, 202]","[291.57, 74]","[292.49, 74]",286.78,450,9.57,0.34
07:34:09,"[282.0, 55]","[270.8, 30]","[291.33, 21]","[292.52, 54]",286.67,160,9.33,0.06
07:34:10,"[282.0, 78]","[278.0, 13]","[290.0, 13]","[291.78, 37]",286.0,141,8.0,0.29
07:34:11,"[282.0, 54]","[278.0, 9]","[290.0, 9]","[291.0, 9]",286.0,81,8.0,0.56
07:34:12,"[282.0, 48]","[278.0, 8]","[290.0, 8]","[291.0, 8]",286.0,72,8.0,0.56
07:34:13,"[282.53, 76]","[281.24, 37]","[289.56, 18]","[290.83, 12]",286.04,143,7.03,0.58
07:34:14,"[282.0, 40]","[278.0, 10]","[288.2, 40]","[291.22, 18]",285.1,108,6.2,-0.07
07:34:15,"[282.0, 33]","[278.0, 11]","[287.36, 44]","[291.43, 42]",284.68,130,5.36,-0.32
07:34:16,"[282.83, 36]","[280.25, 16]","[287.0, 40]","[291.4, 15]",284.92,107,4.17,-0.03
07:34:17,"[284.0, 85]","[282.0, 51]","[285.62, 77]","[286.91, 44]",284.81,257,1.62,0.06
07:34:18,"[283.25, 64]","[281.5, 32]","[284.97, 74]","[286.14, 50]",284.11,220,1.72,-0.13
07:34:19,"[280.78, 23]","[278.19, 31]","[282.52, 56]","[286.9, 42]",281.65,152,1.74,-0.29
07:34:20,"[278.5, 16]","[270.29, 56]","[282.41, 17]","[288.09, 33]",280.46,122,3.91,0.18
07:34:21,"[278.0, 24]","[269.0, 96]","[288.04, 23]","[290.06, 17]",283.02,160,10.04,0.5
07:34:22,"[278.73, 22]","[273.67, 18]","[288.0, 14]","[289.0, 7]",283.36,61,9.27,0.31
07:34:23,"[280.24, 68]","[278.0, 23]","[287.18, 34]","[289.0, 17]",283.71,142,6.94,0.28
07:34:24,"[282.17, 72]","[279.28, 25]","[287.0, 36]","[289.22, 18]",284.58,151,4.83,0.28
07:34:25,"[283.0, 32]","[280.0, 8]","[287.0, 16]","[289.27, 11]",285.0,67,4.0,0.19
07:34:26,"[283.0, 36]","[280.0, 9]","[287.0, 18]","[288.0, 36]",285.0,99,4.0,-0.09
07:34:27,"[283.09, 35]","[280.9, 40]","[287.0, 22]","[288.0, 44]",285.04,141,3.91,0.06
07:34:28,"[284.0, 13]","[283.0, 52]","[287.94, 36]","[288.27, 37]",285.97,138,3.94,-0.06
07:34:29,"[284.0, 10]","[283.0, 40]","[288.67, 36]","[289.27, 22]",286.33,108,4.67,-0.07
07:34:30,"[284.0, 13]","[283.0, 52]","[287.08, 39]","[289.45, 22]",285.54,126,3.08,0.03
07:34:31,"[285.71, 7]","[283.6, 10]","[287.0, 21]","[290.0, 7]",286.36,45,1.29,-0.24
07:34:32,"[284.65, 20]","[281.69, 26]","[287.0, 42]","[290.07, 28]",285.82,116,2.35,-0.21
07:34:33,"[283.0, 18]","[280.75, 24]","[287.0, 18]","[290.0, 24]",285.0,84,4.0,0.0
07:34:34,"[283.0, 39]","[282.0, 39]","[286.88, 41]","[289.82, 51]",284.94,170,3.88,-0.08
07:34:35,"[283.0, 45]","[282.0, 45]","[284.49, 59]","[285.53, 51]",283.75,200,1.49,-0.1
07:34:36,"[282.2, 30]","[280.26, 46]","[283.5, 40]","[285.87, 46]",282.85,162,1.3,-0.06
07:34:37,"[280.41, 29]","[279.38, 26]","[284.75, 24]","[287.4, 50]",282.58,129,4.34,-0.15
07:34:38,"[280.0, 20]","[279.0, 20]","[282.5, 22]","[285.76, 38]",281.25,100,2.5,-0.2
07:34:39,"[279.62, 32]","[278.59, 34]","[280.65, 85]","[282.0, 85]",280.14,236,1.02,-0.44
07:34:40,"[278.71, 7]","[274.29, 17]","[280.33, 30]","[283.52, 29]",279.52,83,1.62,-0.42
07:34:41,"[278.0, 24]","[273.69, 64]","[281.86, 58]","[290.8, 50]",279.93,196,3.86,-0.1
07:34:42,"[275.11, 57]","[269.37, 82]","[279.26, 38]","[280.0, 50]",277.18,227,4.16,0.22
07:34:43,"[275.0, 65]","[269.28, 64]","[279.86, 57]","[289.15, 52]",277.43,238,4.86,0.08
07:34:44,"[277.84, 82]","[272.63, 107]","[290.98, 53]","[291.93, 56]",284.41,298,13.14,0.27
07:34:45,"[278.0, 96]","[273.0, 132]","[290.0, 40]","[291.62, 52]",284.0,320,12.0,0.42
07:34:46,"[278.25, 48]","[274.23, 73]","[290.0, 40]","[292.0, 40]",284.12,201,11.75,0.2
07:34:47,"[279.89, 36]","[278.0, 54]","[290.0, 45]","[292.0, 38]",284.94,173,10.11,0.04
07:34:48,"[280.0, 44]","[278.0, 66]","[287.27, 11]","[289.26, 23]",283.64,144,7.27,0.53
07:34:49,"[280.0, 60]","[278.17, 72]","[284.07, 14]","[285.5, 14]",282.04,160,4.07,0.65
07:34:50,"[280.0, 104]","[279.0, 39]","[282.38, 13]","[283.38, 13]",281.19,169,2.38,0.69
07:34:51,"[280.0, 56]","[279.0, 24]","[281.38, 8]","[289.0, 16]",280.69,104,1.38,0.54
07:34:52,"[280.0, 206]","[279.0, 39]","[283.13, 15]","[289.25, 24]",281.57,284,3.13,0.73
07:34:53,"[284.0, 124]","[280.38, 188]","[287.43, 28]","[292.0, 14]",285.71,354,3.43,0.76
07:34:54,"[284.0, 90]","[282.0, 90]","[286.81, 32]","[290.59, 17]",285.41,229,2.81,0.57
07:34:55,"[284.0, 96]","[282.0, 96]","[285.12, 48]","[287.0, 32]",284.56,272,1.12,0.41
07:34:56,"[284.0, 24]","[282.0, 42]","[286.6, 15]","[291.5, 8]",285.3,89,2.6,0.48
07:34:57,"[284.0, 33]","[282.0, 66]","[290.0, 22]","[293.0, 11]",287.0,132,6.0,0.5
07:34:58,"[284.0, 21]","[282.0, 42]","[289.5, 20]","[292.25, 8]",286.75,91,5.5,0.38
07:34:59,"[284.0, 36]","[282.0, 72]","[286.92, 48]","[289.0, 24]",285.46,180,2.92,0.2
07:35:00,"[282.46, 78]","[280.37, 196]","[286.82, 44]","[291.73, 22]",284.64,340,4.36,0.61
07:35:01,"[282.08, 37]","[280.28, 174]","[288.25, 16]","[289.46, 26]",285.17,253,6.17,0.67
07:35:02,"[282.0, 32]","[280.0, 256]","[286.38, 16]","[290.31, 32]",284.19,336,4.38,0.71
07:35:03,"[282.0, 28]","[280.0, 224]","[283.64, 14]","[291.0, 28]",282.82,294,1.64,0.71
07:35:04,"[282.0, 23]","[280.0, 240]","[288.09, 22]","[294.41, 37]",285.05,322,6.09,0.63
07:35:05,"[282.0, 8]","[280.0, 128]","[291.0, 16]","[296.0, 8]",286.5,160,9.0,0.7
07:35:06,"[282.0, 18]","[280.0, 288]","[289.56, 36]","[291.62, 32]",285.78,374,7.56,0.64
07:35:07,"[280.02, 110]","[279.47, 34]","[288.0, 20]","[291.7, 20]",284.01,184,7.98,0.57
07:35:08,"[281.45, 88]","[279.97, 136]","[288.0, 26]","[292.0, 26]",284.73,276,6.55,0.62
07:35:09,"[282.0, 14]","[280.0, 84]","[286.14, 14]","[292.0, 14]",284.07,126,4.14,0.56
07:35:10,"[282.0, 32]","[280.0, 93]","[284.12, 32]","[292.5, 32]",283.06,189,2.12,0.32
07:35:11,"[282.0, 20]","[280.0, 30]","[284.0, 20]","[293.0, 30]",283.0,100,2.0,0.0
07:35:12,"[281.67, 24]","[279.79, 38]","[283.21, 28]","[293.0, 56]",282.44,146,1.55,-0.15
07:35:13,"[280.0, 362]","[279.0, 34]","[282.54, 26]","[291.91, 45]",281.27,467,2.54,0.7
07:35:14,"[280.26, 194]","[279.94, 254]","[290.28, 29]","[292.71, 34]",285.27,511,10.02,0.75
07:35:15,"[280.63, 120]","[279.97, 272]","[292.0, 32]","[293.0, 32]",286.32,456,11.37,0.72
07:35:16,"[282.0, 60]","[280.0, 314]","[290.4, 30]","[293.0, 30]",286.2,434,8.4,0.72
07:35:17,"[283.0, 32]","[280.0, 218]","[290.0, 20]","[293.0, 20]",286.5,290,7.0,0.72
07:35:18,"[284.0, 14]","[283.0, 21]","[289.43, 14]","[291.29, 14]",286.71,63,5.43,0.11
07:35:19,"[284.0, 22]","[283.0, 33]","[287.82, 22]","[291.64, 22]",285.91,99,3.82,0.11
07:35:20,"[284.0, 38]","[283.0, 42]","[286.06, 64]","[287.71, 28]",285.03,172,2.06,-0.07
07:35:21,"[283.57, 35]","[280.31, 145]","[285.57, 35]","[290.57, 35]",284.57,250,2.0,0.44
07:35:22,"[283.0, 42]","[280.0, 364]","[285.71, 28]","[292.0, 65]",284.36,499,2.71,0.63
07:35:23,"[283.0, 28]","[280.0, 286]","[284.84, 19]","[290.89, 38]",283.92,371,1.84,0.69
07:35:24,"[283.0, 18]","[280.0, 114]","[284.16, 25]","[288.75, 24]",283.58,181,1.16,0.46
07:35:25,"[280.48, 50]","[279.63, 38]","[284.0, 33]","[291.22, 36]",282.24,157,3.52,0.12
07:35:26,"[280.65, 40]","[279.86, 57]","[283.46, 26]","[287.68, 37]",282.06,160,2.81,0.21
07:35:27,"[280.16, 61]","[279.69, 51]","[284.0, 21]","[292.0, 52]",282.08,185,3.84,0.21
07:35:28,"[280.0, 49]","[279.0, 14]","[283.29, 7]","[292.0, 32]",281.64,102,3.29,0.24
07:35:29,"[280.0, 63]","[278.44, 18]","[282.67, 9]","[292.0, 41]",281.33,131,2.67,0.24
07:35:30,"[280.0, 56]","[279.0, 8]","[281.5, 8]","[291.65, 46]",280.75,118,1.5,0.08
07:35:31,"[279.91, 33]","[278.25, 20]","[290.98, 43]","[292.08, 13]",285.44,109,11.07,-0.03
07:35:32,"[285.61, 171]","[280.02, 54]","[288.35, 51]","[290.74, 76]",286.98,352,2.74,0.28
07:35:33,"[286.0, 169]","[281.59, 34]","[287.12, 68]","[289.56, 18]",286.56,289,1.12,0.4
07:35:34,"[286.0, 83]","[283.0, 22]","[288.56, 36]","[294.59, 34]",287.28,175,2.56,0.2
07:35:35,"[286.0, 35]","[283.0, 14]","[294.0, 14]","[295.76, 33]",290.0,96,8.0,0.02
07:35:36,"[286.0, 39]","[283.0, 18]","[293.62, 13]","[295.33, 30]",289.81,100,7.62,0.14
07:35:37,"[282.0, 18]","[280.05, 59]","[293.0, 13]","[294.0, 26]",287.5,116,11.0,0.33
07:35:38,"[280.0, 14]","[279.0, 7]","[293.0, 7]","[294.0, 14]",286.5,42,13.0,0.0
07:35:39,"[280.0, 16]","[279.0, 8]","[292.9, 20]","[295.57, 28]",286.45,72,12.9,-0.33
07:35:40,"[280.0, 36]","[279.0, 18]","[291.56, 18]","[293.0, 36]",285.78,108,11.56,0.0
07:35:41,"[277.14, 28]","[270.65, 20]","[290.31, 29]","[292.7, 33]",283.73,110,13.17,-0.13
07:35:42,"[278.0, 30]","[270.0, 15]","[290.86, 35]","[292.33, 30]",284.43,110,12.86,-0.18
07:35:43,"[280.13, 30]","[274.46, 35]","[288.21, 19]","[290.21, 38]",284.17,122,8.08,0.07
07:35:44,"[286.0, 9]","[276.67, 15]","[287.0, 9]","[289.33, 18]",286.5,51,1.0,-0.06
07:35:45,"[286.0, 11]","[277.41, 17]","[287.0, 11]","[289.0, 22]",286.5,61,1.0,-0.08
07:35:46,"[280.0, 20]","[278.0, 20]","[286.91, 11]","[289.2, 20]",283.45,71,6.91,0.13
07:35:47,"[280.0, 18]","[278.0, 18]","[289.0, 32]","[293.62, 32]",284.5,100,9.0,-0.28
07:35:48,"[280.0, 32]","[278.0, 32]","[287.75, 76]","[291.55, 44]",283.88,184,7.75,-0.3
07:35:49,"[280.0, 22]","[278.0, 22]","[286.18, 55]","[291.8, 25]",283.09,124,6.18,-0.29
07:35:50,"[280.0, 20]","[278.0, 20]","[286.0, 50]","[287.0, 50]",283.0,140,6.0,-0.43
07:35:51,"[281.65, 254]","[279.85, 26]","[284.51, 63]","[286.54, 65]",283.08,408,2.85,0.37
07:35:52,"[282.0, 189]","[280.0, 26]","[283.56, 54]","[287.0, 65]",282.78,334,1.56,0.29
07:35:53,"[282.0, 140]","[280.0, 28]","[286.0, 70]","[293.0, 70]",284.0,308,4.0,0.09
07:35:54,"[282.11, 90]","[280.0, 18]","[286.0, 45]","[293.0, 45]",284.06,198,3.89,0.09
07:35:55,"[283.02, 116]","[280.71, 34]","[286.0, 70]","[293.0, 70]",284.51,290,2.98,0.03
07:35:56,"[284.0, 24]","[283.0, 96]","[285.83, 36]","[289.5, 60]",284.92,216,1.83,0.11
07:35:57,"[284.0, 12]","[283.0, 56]","[285.67, 15]","[286.44, 27]",284.83,110,1.67,0.24
07:35:58,"[283.3, 20]","[282.89, 54]","[286.0, 40]","[292.0, 8]",284.65,122,2.7,0.21
07:35:59,"[283.0, 57]","[282.0, 27]","[286.0, 45]","[292.92, 26]",284.5,155,3.0,0.08
07:36:00,"[283.0, 25]","[282.0, 15]","[286.0, 25]","[292.0, 25]",284.5,90,3.0,-0.11
07:36:01,"[282.93, 90]","[281.83, 46]","[290.5, 80]","[293.41, 68]",286.72,284,7.57,-0.04
07:36:02,"[283.0, 78]","[282.0, 39]","[292.0, 65]","[294.0, 52]",287.5,234,9.0,0.0
07:36:03,"[283.0, 48]","[282.0, 24]","[292.0, 40]","[294.0, 32]",287.5,144,9.0,0.0
07:36:04,"[283.89, 232]","[282.75, 60]","[291.12, 49]","[292.2, 64]",287.51,405,7.23,0.44
07:36:05,"[284.0, 355]","[283.0, 75]","[288.47, 30]","[291.0, 75]",286.23,535,4.47,0.61
07:36:06,"[284.0, 231]","[283.0, 60]","[285.83, 48]","[291.45, 58]",284.92,397,1.83,0.47
07:36:07,"[284.0, 179]","[283.0, 60]","[286.0, 60]","[290.64, 33]",285.0,332,2.0,0.44
07:36:08,"[284.0, 146]","[283.0, 65]","[285.14, 59]","[290.37, 38]",284.57,308,1.14,0.37
07:36:09,"[284.0, 49]","[283.0, 35]","[287.0, 14]","[295.0, 56]",285.5,154,3.0,0.09
07:36:10,"[284.0, 35]","[283.0, 25]","[287.0, 10]","[295.0, 40]",285.5,110,3.0,0.09
07:36:11,"[284.0, 41]","[283.0, 55]","[286.04, 50]","[293.19, 32]",285.02,178,2.04,0.08
07:36:12,"[283.64, 14]","[282.94, 48]","[285.62, 40]","[290.2, 25]",284.63,127,1.98,-0.02
07:36:13,"[283.0, 46]","[282.0, 42]","[285.5, 34]","[291.49, 53]",284.25,175,2.5,0.01
07:36:14,"[283.0, 18]","[282.0, 27]","[286.31, 26]","[291.15, 26]",284.65,97,3.31,-0.07
07:36:15,"[283.38, 16]","[282.09, 23]","[288.0, 16]","[293.0, 24]",285.69,79,4.62,-0.01
07:36:16,"[286.0, 26]","[283.0, 26]","[288.0, 26]","[293.0, 39]",287.0,117,2.0,-0.11
07:36:17,"[286.0, 16]","[283.0, 16]","[288.0, 16]","[293.0, 24]",287.0,72,2.0,-0.11
07:36:18,"[286.0, 16]","[283.0, 16]","[288.0, 16]","[293.0, 24]",287.0,72,2.0,-0.11
07:36:19,"[286.0, 22]","[283.0, 22]","[288.0, 22]","[293.0, 33]",287.0,99,2.0,-0.11
07:36:20,"[284.5, 20]","[282.4, 25]","[287.73, 22]","[292.29, 28]",286.11,95,3.23,-0.05
07:36:21,"[283.0, 30]","[281.46, 111]","[291.57, 28]","[294.08, 49]",287.29,218,8.57,0.29
07:36:22,"[283.07, 28]","[282.03, 121]","[288.9, 30]","[289.93, 43]",285.99,222,5.83,0.34
07:36:23,"[282.01, 146]","[280.08, 72]","[286.93, 15]","[289.87, 60]",284.47,293,4.92,0.49
07:36:24,"[282.0, 121]","[280.0, 55]","[289.74, 38]","[294.4, 55]",285.87,269,7.74,0.31
07:36:25,"[282.0, 40]","[280.0, 40]","[292.0, 48]","[294.29, 28]",287.0,156,10.0,0.03
07:36:26,"[282.0, 45]","[280.0, 39]","[293.0, 72]","[296.0, 27]",287.5,183,11.0,-0.08
07:36:27,"[282.0, 55]","[280.0, 44]","[293.0, 88]","[296.0, 33]",287.5,220,11.0,-0.1
07:36:28,"[282.0, 40]","[280.0, 40]","[293.0, 64]","[296.0, 24]",287.5,168,11.0,-0.05
07:36:29,"[282.0, 35]","[280.0, 35]","[293.0, 56]","[296.62, 29]",287.5,155,11.0,-0.1
07:36:30,"[282.0, 60]","[280.0, 60]","[293.0, 96]","[296.0, 60]",287.5,276,11.0,-0.13
07:36:31,"[282.0, 50]","[280.0, 50]","[292.73, 55]","[294.32, 57]",287.36,212,10.73,-0.06
07:36:32,"[282.72, 36]","[281.73, 75]","[291.73, 45]","[293.53, 53]",287.23,209,9.01,0.06
07:36:33,"[283.0, 36]","[282.0, 90]","[290.84, 50]","[292.33, 54]",286.92,230,7.84,0.1
07:36:34,"[283.0, 26]","[282.0, 65]","[290.24, 37]","[291.85, 39]",286.62,167,7.24,0.09
07:36:35,"[283.0, 32]","[282.0, 80]","[290.0, 48]","[293.5, 84]",286.5,244,7.0,-0.08
07:36:36,"[283.0, 30]","[282.0, 75]","[288.97, 31]","[292.14, 65]",285.98,201,5.97,0.04
07:36:37,"[283.0, 30]","[282.0, 75]","[286.0, 39]","[286.68, 25]",284.5,169,3.0,0.24
07:36:38,"[282.03, 72]","[281.03, 149]","[284.92, 49]","[285.71, 21]",283.47,291,2.89,0.52
07:36:39,"[282.52, 33]","[281.55, 80]","[284.32, 19]","[286.19, 47]",283.42,179,1.8,0.26
07:36:40,"[281.7, 47]","[280.17, 24]","[291.03, 34]","[293.64, 66]",286.37,171,9.33,-0.17
07:36:41,"[278.0, 13]","[277.0, 18]","[294.39, 46]","[295.44, 54]",286.2,131,16.39,-0.53
07:36:42,"[278.0, 12]","[277.0, 24]","[292.38, 37]","[293.54, 72]",285.19,145,14.38,-0.5
07:36:43,"[279.07, 15]","[277.08, 24]","[287.5, 32]","[288.39, 46]",283.28,117,8.43,-0.33
07:36:44,"[279.53, 72]","[277.13, 39]","[282.52, 66]","[283.97, 60]",281.02,237,2.99,-0.06
07:36:45,"[280.0, 103]","[278.0, 15]","[281.93, 30]","[285.91, 33]",280.97,181,1.93,0.3
07:36:46,"[280.0, 50]","[278.0, 10]","[284.3, 20]","[291.0, 50]",282.15,130,4.3,-0.08
07:36:47,"[280.0, 80]","[278.0, 16]","[283.0, 32]","[289.12, 80]",281.5,208,3.0,-0.08
07:36:48,"[280.23, 52]","[279.33, 30]","[282.25, 16]","[289.0, 60]",281.24,158,2.02,0.04
07:36:49,"[281.0, 39]","[280.0, 65]","[287.3, 33]","[290.53, 60]",284.15,197,6.3,0.06
07:36:50,"[283.58, 72]","[281.2, 50]","[288.07, 70]","[290.03, 69]",285.83,261,4.49,-0.07
07:36:51,"[284.0, 54]","[282.22, 27]","[288.0, 45]","[290.0, 45]",286.0,171,4.0,-0.05
07:36:52,"[284.0, 72]","[283.0, 36]","[287.67, 60]","[290.17, 60]",285.83,228,3.67,-0.05
07:36:53,"[284.0, 60]","[283.0, 30]","[286.2, 50]","[291.2, 50]",285.1,190,2.2,-0.05
07:36:54,"[284.0, 44]","[283.0, 42]","[289.71, 70]","[292.8, 41]",286.86,197,5.71,-0.13
07:36:55,"[283.47, 15]","[280.71, 89]","[293.0, 55]","[295.0, 22]",288.23,181,9.53,0.15
07:36:56,"[281.24, 58]","[280.04, 48]","[292.82, 68]","[294.68, 31]",287.03,205,11.58,0.03
07:36:57,"[280.0, 187]","[278.0, 22]","[290.74, 43]","[293.38, 40]",285.37,292,10.74,0.43
07:36:58,"[280.0, 176]","[278.0, 103]","[293.62, 26]","[295.0, 24]",286.81,329,13.62,0.7
07:36:59,"[280.0, 160]","[278.0, 110]","[288.05, 37]","[290.31, 13]",284.03,320,8.05,0.69
07:37:00,"[280.0, 208]","[278.0, 143]","[287.0, 52]","[290.0, 13]",283.5,416,7.0,0.69
07:37:01,"[280.46, 156]","[278.79, 163]","[287.27, 37]","[290.33, 15]",283.87,371,6.81,0.72
07:37:02,"[280.0, 112]","[278.0, 77]","[288.0, 7]","[289.0, 7]",284.0,203,8.0,0.86
07:37:03,"[280.0, 208]","[278.0, 62]","[287.54, 13]","[289.0, 13]",283.77,296,7.54,0.82
07:37:04,"[280.0, 217]","[279.0, 56]","[286.79, 14]","[288.57, 14]",283.39,301,6.79,0.81
07:37:05,"[280.0, 225]","[279.0, 60]","[284.33, 15]","[285.6, 15]",282.17,315,4.33,0.81
07:37:06,"[280.0, 180]","[279.0, 48]","[282.92, 12]","[283.92, 12]",281.46,252,2.92,0.81
07:37:07,"[280.0, 252]","[279.0, 68]","[281.18, 17]","[284.91, 22]",280.59,359,1.18,0.78
07:37:08,"[280.0, 182]","[279.0, 52]","[282.0, 13]","[289.09, 22]",281.0,269,2.0,0.74
07:37:09,"[280.0, 126]","[279.0, 36]","[281.89, 9]","[288.0, 9]",280.94,180,1.89,0.8
07:37:10,"[280.0, 150]","[279.0, 44]","[281.53, 15]","[283.11, 18]",280.77,227,1.53,0.71
07:37:11,"[280.0, 85]","[279.0, 40]","[283.25, 16]","[288.14, 14]",281.62,155,3.25,0.61
07:37:12,"[279.53, 43]","[278.85, 33]","[287.0, 12]","[289.0, 24]",283.27,112,7.47,0.36
07:37:13,"[280.0, 18]","[279.0, 36]","[287.0, 9]","[289.0, 18]",283.5,81,7.0,0.33
07:37:14,"[280.0, 18]","[279.0, 36]","[287.0, 9]","[289.0, 18]",283.5,81,7.0,0.33
07:37:15,"[280.0, 20]","[279.0, 40]","[286.23, 13]","[288.65, 17]",283.12,90,6.23,0.33
07:37:16,"[280.0, 32]","[279.0, 64]","[283.92, 74]","[285.71, 34]",281.96,204,3.92,-0.06
07:37:17,"[280.0, 34]","[279.0, 68]","[281.31, 58]","[282.74, 61]",280.66,221,1.31,-0.08
07:37:18,"[280.0, 24]","[279.0, 48]","[281.46, 26]","[289.2, 50]",280.73,148,1.46,-0.03
07:37:19,"[279.29, 28]","[278.76, 21]","[281.28, 18]","[288.0, 16]",280.28,83,1.99,0.18
07:37:20,"[279.6, 30]","[278.92, 39]","[282.0, 12]","[290.0, 24]",280.8,105,2.4,0.31
07:37:21,"[279.0, 54]","[278.0, 18]","[284.88, 26]","[290.12, 49]",281.94,147,5.88,-0.02
07:37:22,"[279.0, 36]","[278.0, 12]","[288.67, 18]","[291.9, 42]",283.83,108,9.67,-0.11
07:37:23,"[279.0, 36]","[278.0, 12]","[285.94, 33]","[287.78, 27]",282.47,108,6.94,-0.11
07:37:24,"[277.25, 28]","[275.91, 32]","[279.5, 10]","[287.68, 37]",278.38,107,2.25,0.12
07:37:25,"[276.0, 55]","[275.0, 33]","[278.91, 11]","[287.64, 44]",277.45,143,2.91,0.23
07:37:26,"[277.68, 37]","[276.1, 73]","[285.62, 64]","[287.26, 54]",281.65,228,7.95,-0.04
07:37:27,"[279.71, 17]","[274.04, 54]","[285.88, 72]","[286.92, 39]",282.79,182,6.17,-0.22
07:37:28,"[273.18, 110]","[266.94, 170]","[284.44, 48]","[286.42, 76]",278.81,404,11.26,0.39
07:37:29,"[273.58, 52]","[271.92, 50]","[285.0, 42]","[289.0, 70]",279.29,214,11.42,-0.05
07:37:30,"[275.18, 33]","[272.12, 34]","[286.0, 33]","[291.0, 66]",280.59,166,10.82,-0.19
07:37:31,"[277.64, 33]","[271.77, 35]","[286.0, 33]","[291.0, 66]",281.82,167,8.36,-0.19
07:37:32,"[280.05, 43]","[271.03, 124]","[286.0, 36]","[291.0, 78]",283.02,281,5.95,0.19
07:37:33,"[282.0, 51]","[278.29, 102]","[286.0, 36]","[291.0, 72]",284.0,261,4.0,0.17
07:37:34,"[282.0, 28]","[278.0, 63]","[286.0, 14]","[291.0, 30]",284.0,135,4.0,0.35
07:37:35,"[282.0, 48]","[278.0, 108]","[286.0, 24]","[291.0, 60]",284.0,240,4.0,0.3
07:37:36,"[282.0, 40]","[278.0, 90]","[286.0, 20]","[291.0, 50]",284.0,200,4.0,0.3
07:37:37,"[280.57, 84]","[279.65, 153]","[286.0, 18]","[291.0, 45]",283.29,300,5.43,0.58
07:37:38,"[280.0, 140]","[278.0, 91]","[286.0, 14]","[291.0, 35]",283.0,280,6.0,0.65
07:37:39,"[280.0, 240]","[278.56, 140]","[285.7, 20]","[289.95, 38]",282.85,438,5.7,0.74
07:37:40,"[280.0, 280]","[279.0, 182]","[283.55, 22]","[285.18, 22]",281.77,506,3.55,0.83
07:37:41,"[280.0, 200]","[279.0, 130]","[290.0, 20]","[291.0, 20]",285.0,370,10.0,0.78
07:37:42,"[281.0, 120]","[279.75, 212]","[290.0, 24]","[292.5, 24]",285.5,380,9.0,0.75
07:37:43,"[283.0, 45]","[280.0, 180]","[290.0, 18]","[292.48, 33]",286.5,276,7.0,0.63
07:37:44,"[283.0, 40]","[280.0, 160]","[290.0, 16]","[292.0, 40]",286.5,256,7.0,0.56
07:37:45,"[283.0, 29]","[280.0, 140]","[290.0, 14]","[292.0, 35]",286.5,218,7.0,0.55
07:37:46,"[283.0, 16]","[280.0, 113]","[290.0, 10]","[292.0, 25]",286.5,164,7.0,0.57
07:37:47,"[283.0, 30]","[279.94, 230]","[289.0, 50]","[290.77, 35]",286.0,345,6.0,0.51
07:37:48,"[283.0, 42]","[279.0, 248]","[289.0, 70]","[291.0, 98]",286.0,458,6.0,0.27
07:37:49,"[283.0, 24]","[279.0, 152]","[288.0, 40]","[291.0, 56]",285.5,272,5.0,0.29
07:37:50,"[283.0, 36]","[279.0, 228]","[287.0, 60]","[291.0, 74]",285.0,398,4.0,0.33
07:37:51,"[283.0, 24]","[279.0, 152]","[287.0, 40]","[291.0, 16]",285.0,232,4.0,0.52
07:37:52,"[283.0, 25]","[279.0, 228]","[287.0, 60]","[291.58, 24]",285.0,337,4.0,0.5
07:37:53,"[283.0, 28]","[279.0, 266]","[285.37, 54]","[292.0, 34]",284.19,382,2.37,0.54
07:37:54,"[283.39, 31]","[279.34, 187]","[289.42, 24]","[291.52, 21]",286.4,263,6.03,0.66
07:37:55,"[284.25, 8]","[279.32, 62]","[291.0, 16]","[293.0, 8]",287.62,94,6.75,0.49
07:37:56,"[279.83, 48]","[278.94, 195]","[291.0, 24]","[293.0, 12]",285.42,279,11.17,0.74
07:37:57,"[279.01, 143]","[277.18, 66]","[290.33, 36]","[291.69, 32]",284.67,277,11.33,0.51
07:37:58,"[280.46, 13]","[279.0, 78]","[289.82, 44]","[291.7, 53]",285.14,188,9.36,-0.03
07:37:59,"[279.44, 36]","[278.58, 83]","[289.0, 30]","[291.88, 69]",284.22,218,9.56,0.09
07:38:00,"[279.0, 40]","[278.0, 50]","[288.61, 23]","[290.83, 29]",283.8,142,9.61,0.27
07:38:01,"[279.0, 60]","[278.0, 75]","[286.82, 39]","[287.69, 45]",282.91,219,7.82,0.23
07:38:02,"[279.0, 28]","[278.0, 45]","[283.52, 21]","[286.35, 34]",281.26,128,4.52,0.14
07:38:03,"[278.48, 58]","[277.48, 104]","[280.71, 48]","[281.72, 58]",279.6,268,2.23,0.21
07:38:04,"[277.46, 50]","[276.33, 81]","[279.0, 20]","[284.3, 37]",278.23,188,1.54,0.39
07:38:05,"[277.0, 82]","[274.0, 60]","[278.3, 20]","[289.64, 56]",277.65,218,1.3,0.3
07:38:06,"[277.14, 29]","[274.16, 57]","[289.36, 25]","[290.53, 17]",283.25,128,12.22,0.34
07:38:07,"[280.69, 26]","[278.57, 28]","[285.08, 13]","[286.08, 13]",282.88,80,4.38,0.35
07:38:08,"[279.57, 28]","[278.13, 23]","[283.29, 14]","[284.29, 14]",281.43,79,3.71,0.29
07:38:09,"[273.79, 39]","[269.68, 62]","[283.42, 12]","[288.5, 12]",278.61,125,9.62,0.62
07:38:10,"[272.0, 60]","[268.94, 102]","[282.29, 28]","[289.22, 32]",277.14,222,10.29,0.46
07:38:11,"[272.0, 60]","[268.98, 100]","[286.2, 44]","[286.12, 41]",279.1,245,14.2,0.31
07:38:12,"[273.0, 33]","[269.65, 69]","[285.0, 48]","[286.0, 45]",279.0,195,12.0,0.05
07:38:13,"[267.33, 75]","[249.95, 21]","[285.0, 48]","[286.38, 16]",276.17,160,17.67,0.2
07:38:14,"[267.31, 29]","[264.42, 38]","[285.0, 36]","[286.0, 12]",276.16,115,17.69,0.17
07:38:15,"[268.0, 24]","[267.0, 108]","[280.5, 42]","[284.46, 41]",274.25,215,12.5,0.23
07:38:16,"[268.0, 78]","[267.0, 99]","[272.27, 33]","[275.0, 11]",270.14,221,4.27,0.6
07:38:17,"[268.0, 70]","[267.0, 63]","[270.6, 15]","[272.23, 13]",269.3,161,2.6,0.65
07:38:18,"[268.0, 100]","[267.0, 90]","[276.64, 22]","[272.57, 28]",272.32,240,8.64,0.58
07:38:19,"[268.83, 58]","[267.87, 69]","[281.0, 14]","[282.0, 49]",274.91,190,12.17,0.34
07:38:20,"[269.08, 52]","[268.25, 64]","[281.0, 16]","[282.0, 46]",275.04,178,11.92,0.3
07:38:21,"[270.33, 33]","[269.69, 75]","[281.0, 49]","[282.0, 55]",275.67,212,10.67,0.02
07:38:22,"[273.82, 39]","[273.0, 64]","[281.0, 55]","[282.0, 55]",277.41,213,7.18,-0.03
07:38:23,"[278.22, 36]","[277.5, 16]","[281.0, 87]","[282.0, 60]",279.61,199,2.78,-0.48
07:38:24,"[279.43, 7]","[277.86, 7]","[281.0, 28]","[282.0, 20]",280.21,62,1.57,-0.55
07:38:25,"[280.0, 10]","[278.0, 20]","[281.0, 54]","[282.0, 50]",280.5,134,1.0,-0.55
07:38:26,"[279.29, 17]","[277.82, 17]","[281.24, 34]","[282.2, 50]",280.26,118,1.94,-0.42
07:38:27,"[279.33, 6]","[277.8, 5]","[282.0, 12]","[283.0, 15]",280.67,38,2.67,-0.42
07:38:28,"[279.54, 26]","[277.95, 19]","[282.0, 43]","[283.0, 50]",280.77,138,2.46,-0.35
07:38:29,"[280.0, 12]","[278.0, 12]","[282.0, 30]","[283.0, 30]",281.0,84,2.0,-0.43
07:38:30,"[276.63, 38]","[272.86, 42]","[290.57, 30]","[371.64, 22]",283.6,132,13.94,0.21
07:38:31,"[277.38, 26]","[275.56, 81]","[282.33, 12]","[305.91, 22]",279.86,141,4.95,0.52
07:38:32,"[278.0, 18]","[276.0, 72]","[281.5, 10]","[295.16, 19]",279.75,119,3.5,0.51
07:38:33,"[278.0, 12]","[276.0, 48]","[282.0, 6]","[283.0, 12]",280.0,78,4.0,0.54
07:38:34,"[279.2, 25]","[276.67, 60]","[282.84, 19]","[325.47, 34]",281.02,138,3.64,0.23
07:38:35,"[276.0, 56]","[269.0, 14]","[285.0, 14]","[738.57, 28]",280.5,112,9.0,0.25
07:38:36,"[279.0, 16]","[276.17, 36]","[285.0, 18]","[626.33, 36]",282.0,106,6.0,-0.02
07:38:37,"[282.0, 7]","[278.0, 14]","[285.0, 14]","[286.0, 21]",283.5,56,3.0,-0.25
07:38:38,"[276.38, 32]","[270.86, 14]","[285.0, 14]","[286.0, 21]",280.69,81,8.62,0.14
07:38:39,"[276.0, 16]","[268.0, 16]","[283.75, 16]","[285.33, 18]",279.88,66,7.75,-0.03
07:38:40,"[268.0, 20]","[267.0, 50]","[283.0, 20]","[285.0, 20]",275.5,110,15.0,0.27
07:38:41,"[269.0, 14]","[268.0, 62]","[282.33, 36]","[284.88, 32]",275.67,144,13.33,0.06
07:38:42,"[275.82, 100]","[269.63, 62]","[281.0, 34]","[282.29, 34]",278.41,230,5.18,0.41
07:38:43,"[276.57, 173]","[268.56, 36]","[281.0, 24]","[282.0, 24]",278.78,257,4.43,0.63
07:38:44,"[278.0, 93]","[277.0, 140]","[281.0, 20]","[282.0, 20]",279.5,273,3.0,0.71
07:38:45,"[278.0, 132]","[277.0, 154]","[280.0, 22]","[282.0, 22]",279.0,330,2.0,0.73
07:38:46,"[278.0, 98]","[277.0, 140]","[280.5, 20]","[284.25, 40]",279.25,298,2.5,0.6
07:38:47,"[278.0, 66]","[277.0, 190]","[282.0, 22]","[285.0, 66]",280.0,344,4.0,0.49
07:38:48,"[278.0, 60]","[277.0, 168]","[282.84, 25]","[286.0, 57]",280.42,310,4.84,0.47
07:38:49,"[278.0, 30]","[277.0, 70]","[284.78, 27]","[329.24, 17]",281.39,144,6.78,0.39
07:38:50,"[279.2, 75]","[277.11, 158]","[285.0, 78]","[438.7, 47]",282.1,358,5.8,0.3
07:38:51,"[278.79, 76]","[277.07, 166]","[284.95, 63]","[342.42, 57]",281.87,362,6.16,0.34
07:38:52,"[278.0, 48]","[277.0, 112]","[284.0, 36]","[285.0, 48]",281.0,244,6.0,0.31
07:38:53,"[278.0, 92]","[275.51, 151]","[283.0, 14]","[284.0, 56]",280.5,313,5.0,0.55
07:38:54,"[278.0, 196]","[268.56, 64]","[283.0, 22]","[284.82, 44]",280.5,326,5.0,0.6
07:38:55,"[278.0, 170]","[277.0, 28]","[282.15, 20]","[283.58, 31]",280.07,249,4.15,0.59
07:38:56,"[278.0, 168]","[277.0, 28]","[280.79, 14]","[283.75, 32]",279.39,242,2.79,0.62
07:38:57,"[278.0, 120]","[277.0, 130]","[279.09, 35]","[286.87, 53]",278.54,338,1.09,0.48
07:38:58,"[278.0, 46]","[277.0, 154]","[282.78, 51]","[287.31, 26]",280.39,277,4.78,0.44
07:38:59,"[283.0, 45]","[278.0, 30]","[285.88, 127]","[287.29, 34]",284.44,236,2.88,-0.36
07:39:00,"[283.0, 48]","[279.62, 39]","[284.0, 80]","[287.2, 40]",283.5,207,1.0,-0.16
07:39:01,"[283.0, 12]","[278.0, 24]","[284.0, 60]","[286.71, 28]",283.5,124,1.0,-0.42
07:39:02,"[279.91, 44]","[277.78, 18]","[283.39, 64]","[288.0, 32]",281.65,158,3.48,-0.22
07:39:03,"[279.57, 61]","[277.85, 13]","[282.08, 36]","[283.29, 35]",280.83,145,2.51,0.02
07:39:04,"[281.0, 123]","[278.0, 12]","[289.29, 77]","[379.86, 50]",285.14,262,8.29,0.03
07:39:05,"[281.15, 53]","[280.63, 41]","[290.43, 14]","[298.15, 55]",285.79,163,9.28,0.15
07:39:06,"[282.0, 18]","[281.0, 81]","[290.0, 27]","[291.0, 46]",286.0,172,8.0,0.15
07:39:07,"[282.0, 14]","[281.0, 63]","[290.0, 21]","[291.0, 14]",286.0,112,8.0,0.38
07:39:08,"[283.94, 62]","[281.53, 19]","[290.0, 18]","[291.0, 30]",286.97,129,6.06,0.26
07:39:09,"[284.0, 60]","[282.0, 10]","[290.0, 15]","[291.0, 25]",287.0,110,6.0,0.27
07:39:10,"[284.0, 66]","[282.0, 14]","[290.0, 21]","[291.0, 35]",287.0,136,6.0,0.18
07:39:11,"[284.0, 54]","[282.0, 12]","[290.0, 18]","[291.0, 30]",287.0,114,6.0,0.16
07:39:12,"[284.0, 54]","[282.0, 12]","[290.0, 14]","[291.0, 30]",287.0,110,6.0,0.2
07:39:13,"[282.0, 12]","[281.0, 54]","[289.2, 15]","[290.83, 18]",285.6,99,7.2,0.33
07:39:14,"[281.02, 110]","[278.21, 129]","[289.0, 52]","[290.78, 54]",285.01,345,7.98,0.39
07:39:15,"[279.06, 54]","[277.62, 42]","[289.0, 32]","[290.0, 40]",284.03,168,9.94,0.14
07:39:16,"[280.67, 18]","[278.08, 74]","[289.0, 44]","[290.0, 55]",284.83,191,8.33,-0.04
07:39:17,"[281.0, 10]","[278.0, 72]","[289.0, 24]","[290.0, 30]",285.0,136,8.0,0.21
07:39:18,"[278.0, 60]","[277.0, 57]","[288.57, 28]","[289.71, 28]",283.29,173,10.57,0.35
07:39:19,"[278.0, 100]","[277.0, 120]","[287.6, 50]","[288.23, 52]",282.8,322,9.6,0.37
07:39:20,"[279.95, 74]","[277.6, 133]","[285.0, 13]","[287.0, 65]",282.47,285,5.05,0.45
07:39:21,"[278.0, 162]","[277.0, 101]","[281.44, 57]","[283.09, 45]",279.72,365,3.44,0.44
07:39:22,"[277.8, 44]","[276.96, 94]","[279.74, 19]","[281.35, 40]",278.77,197,1.94,0.4
07:39:23,"[277.0, 108]","[276.0, 48]","[278.25, 20]","[282.67, 12]",277.62,188,1.25,0.66
07:39:24,"[277.0, 95]","[276.0, 36]","[278.05, 20]","[280.64, 11]",277.52,162,1.05,0.62
07:39:25,"[278.5, 50]","[276.68, 31]","[288.83, 24]","[289.43, 28]",283.67,133,10.33,0.22
07:39:26,"[282.0, 55]","[277.93, 121]","[288.42, 48]","[289.27, 44]",285.21,268,6.42,0.31
07:39:27,"[282.0, 35]","[278.0, 98]","[288.0, 28]","[289.0, 28]",285.0,189,6.0,0.41
07:39:28,"[282.0, 26]","[278.0, 196]","[287.57, 56]","[289.36, 56]",284.79,334,5.57,0.33
07:39:29,"[282.0, 13]","[278.0, 182]","[285.35, 34]","[287.7, 40]",283.68,269,3.35,0.45
07:39:30,"[282.0, 17]","[278.47, 110]","[283.85, 47]","[284.26, 38]",282.93,212,1.85,0.2
07:39:31,"[280.1, 21]","[278.11, 74]","[282.33, 12]","[283.89, 18]",281.21,125,2.24,0.52
07:39:32,"[280.0, 36]","[278.0, 126]","[281.67, 36]","[283.0, 9]",280.83,207,1.67,0.57
07:39:33,"[278.65, 62]","[277.44, 99]","[281.26, 23]","[290.5, 20]",279.95,204,2.62,0.58
07:39:34,"[278.25, 154]","[276.56, 136]","[283.0, 9]","[291.35, 17]",280.63,316,4.75,0.84
07:39:35,"[280.64, 145]","[278.0, 266]","[284.0, 14]","[292.05, 42]",282.32,467,3.36,0.76
07:39:36,"[281.0, 112]","[278.0, 304]","[289.0, 16]","[292.56, 54]",285.0,486,8.0,0.71
07:39:37,"[281.0, 63]","[278.0, 171]","[289.0, 9]","[290.0, 9]",285.0,252,8.0,0.86
07:39:38,"[281.0, 70]","[278.0, 190]","[289.0, 10]","[290.0, 10]",285.0,280,8.0,0.86
07:39:39,"[281.0, 42]","[278.0, 114]","[289.0, 6]","[290.0, 6]",285.0,168,8.0,0.86
07:39:40,"[281.0, 63]","[278.0, 171]","[289.0, 9]","[290.0, 9]",285.0,252,8.0,0.86
07:39:41,"[281.0, 63]","[278.0, 171]","[289.0, 9]","[290.0, 9]",285.0,252,8.0,0.86
07:39:42,"[281.0, 52]","[278.0, 190]","[288.67, 12]","[289.8, 10]",284.83,264,7.67,0.83
07:39:43,"[281.0, 45]","[278.0, 285]","[287.53, 30]","[289.88, 26]",284.27,386,6.53,0.71
07:39:44,"[281.0, 15]","[278.0, 95]","[287.0, 10]","[289.4, 5]",284.0,125,6.0,0.76
07:39:45,"[281.0, 21]","[278.0, 98]","[286.29, 14]","[289.0, 7]",283.64,140,5.29,0.7
07:39:46,"[281.0, 36]","[278.0, 192]","[285.29, 42]","[287.67, 27]",283.14,297,4.29,0.54
07:39:47,"[281.0, 36]","[278.0, 224]","[283.97, 37]","[285.1, 61]",282.49,358,2.97,0.45
07:39:48,"[279.5, 38]","[277.96, 335]","[283.0, 40]","[285.0, 100]",281.25,513,3.5,0.45
07:39:49,"[278.86, 139]","[277.94, 235]","[280.51, 47]","[283.73, 44]",279.69,465,1.65,0.61
07:39:50,"[279.0, 50]","[278.0, 193]","[284.43, 23]","[290.16, 37]",281.72,303,5.43,0.6
07:39:51,"[278.67, 36]","[277.87, 111]","[290.0, 18]","[292.0, 31]",284.33,196,11.33,0.5
07:39:52,"[277.41, 54]","[274.09, 44]","[290.0, 16]","[292.0, 32]",283.7,146,12.59,0.34
07:39:53,"[276.0, 20]","[270.0, 10]","[290.0, 10]","[292.0, 20]",283.0,60,14.0,0.0
07:39:54,"[279.89, 54]","[274.0, 30]","[290.0, 22]","[292.0, 44]",284.94,150,10.11,0.12
07:39:55,"[278.71, 42]","[271.98, 49]","[290.0, 20]","[292.0, 40]",284.36,151,11.29,0.21
07:39:56,"[279.88, 32]","[276.38, 39]","[290.0, 16]","[292.0, 32]",284.94,119,10.12,0.19
07:39:57,"[282.57, 42]","[279.89, 76]","[290.0, 20]","[292.0, 60]",286.29,198,7.43,0.19
07:39:58,"[280.0, 57]","[278.0, 40]","[290.0, 20]","[292.0, 80]",285.0,197,10.0,-0.02
07:39:59,"[280.0, 27]","[278.0, 36]","[290.0, 18]","[292.0, 72]",285.0,153,10.0,-0.18
07:40:00,"[280.0, 24]","[278.0, 32]","[291.41, 34]","[315.82, 49]",285.71,139,11.41,-0.19
07:40:01,"[281.33, 30]","[279.78, 37]","[290.0, 15]","[291.64, 33]",285.67,115,8.67,0.17
07:40:02,"[282.0, 70]","[280.0, 42]","[288.43, 28]","[290.67, 30]",285.21,170,6.43,0.32
07:40:03,"[282.0, 45]","[280.0, 27]","[285.5, 24]","[290.71, 42]",283.75,138,3.5,0.04
07:40:04,"[282.0, 40]","[280.0, 36]","[285.0, 33]","[291.86, 58]",283.5,167,3.0,-0.09
07:40:05,"[282.0, 11]","[280.0, 33]","[284.0, 22]","[291.96, 94]",283.0,160,2.0,-0.45
07:40:06,"[282.0, 8]","[280.0, 24]","[284.0, 16]","[292.0, 72]",283.0,120,2.0,-0.47
07:40:07,"[282.0, 3]","[280.0, 9]","[284.0, 6]","[292.0, 27]",283.0,45,2.0,-0.47
07:40:08,"[278.8, 20]","[277.97, 30]","[284.0, 16]","[292.0, 72]",281.4,138,5.2,-0.28
07:40:09,"[278.0, 24]","[277.0, 24]","[283.67, 12]","[292.0, 54]",280.83,114,5.67,-0.16
07:40:10,"[278.0, 32]","[277.0, 32]","[283.0, 16]","[292.0, 72]",280.5,152,5.0,-0.16
07:40:11,"[278.0, 48]","[277.0, 48]","[282.25, 24]","[291.53, 68]",280.12,188,4.25,0.02
07:40:12,"[278.0, 52]","[277.0, 52]","[287.25, 40]","[291.44, 57]",282.62,201,9.25,0.03
07:40:13,"[278.0, 48]","[277.0, 48]","[290.13, 61]","[291.07, 73]",284.07,230,12.13,-0.17
07:40:14,"[278.0, 44]","[277.0, 44]","[289.91, 97]","[291.25, 64]",283.95,249,11.91,-0.29
07:40:15,"[278.0, 40]","[277.0, 40]","[288.0, 30]","[289.67, 60]",283.0,170,10.0,-0.06
07:40:16,"[278.0, 32]","[277.0, 32]","[286.88, 24]","[289.0, 32]",282.44,120,8.88,0.07
07:40:17,"[278.0, 29]","[277.0, 44]","[284.8, 30]","[286.85, 20]",281.4,123,6.8,0.19
07:40:18,"[278.0, 10]","[277.0, 40]","[281.71, 21]","[283.0, 29]",279.86,100,3.71,0.0
07:40:19,"[279.64, 33]","[277.23, 31]","[283.0, 24]","[289.48, 61]",281.32,149,3.36,-0.14
07:40:20,"[279.62, 26]","[277.02, 49]","[287.14, 37]","[290.28, 60]",283.38,172,7.52,-0.13
07:40:21,"[277.43, 21]","[276.9, 40]","[287.0, 52]","[289.0, 65]",282.21,178,9.57,-0.31
07:40:22,"[277.29, 17]","[276.79, 19]","[286.78, 36]","[289.0, 45]",282.04,117,9.48,-0.38
07:40:23,"[280.0, 88]","[278.0, 32]","[284.96, 56]","[287.78, 79]",282.48,255,4.96,-0.06
07:40:24,"[279.85, 27]","[277.84, 19]","[282.0, 22]","[284.72, 29]",280.93,97,2.15,-0.05
07:40:25,"[278.0, 22]","[277.0, 33]","[281.73, 22]","[287.08, 12]",279.86,89,3.73,0.24
07:40:26,"[277.5, 20]","[276.6, 25]","[279.93, 30]","[280.93, 30]",278.72,105,2.43,-0.14
07:40:27,"[276.86, 7]","[272.57, 14]","[278.71, 14]","[282.94, 17]",277.79,52,1.86,-0.19
07:40:28,"[276.17, 12]","[270.15, 82]","[279.26, 23]","[288.51, 43]",277.71,160,3.09,0.17
07:40:29,"[270.69, 35]","[269.62, 37]","[277.19, 21]","[281.73, 15]",273.94,108,6.5,0.33
07:40:30,"[278.8, 20]","[270.65, 62]","[285.0, 15]","[286.53, 15]",281.9,112,6.2,0.46
07:40:31,"[277.56, 16]","[275.8, 25]","[285.0, 12]","[286.0, 12]",281.28,65,7.44,0.26
07:40:32,"[274.88, 41]","[268.89, 19]","[285.0, 9]","[286.0, 9]",279.94,78,10.12,0.54
07:40:33,"[273.45, 44]","[267.24, 58]","[285.0, 10]","[286.0, 10]",279.23,122,11.55,0.67
07:40:34,"[278.63, 65]","[268.04, 50]","[286.0, 14]","[289.0, 98]",282.32,227,7.37,0.01
07:40:35,"[283.0, 105]","[276.0, 26]","[284.03, 61]","[287.11, 19]",283.52,211,1.03,0.24
07:40:36,"[283.0, 55]","[276.0, 18]","[284.0, 45]","[285.0, 9]",283.5,127,1.0,0.15
07:40:37,"[283.0, 22]","[276.0, 24]","[284.0, 60]","[285.0, 12]",283.5,118,1.0,-0.22
07:40:38,"[276.0, 14]","[269.0, 7]","[284.0, 35]","[285.0, 7]",280.0,63,8.0,-0.33
07:40:39,"[276.0, 4]","[269.89, 9]","[284.0, 10]","[285.0, 2]",280.0,25,8.0,0.04
07:40:40,"[276.0, 16]","[270.0, 64]","[283.5, 30]","[284.11, 28]",279.75,138,7.5,0.16
07:40:41,"[275.76, 21]","[271.67, 72]","[284.0, 45]","[285.0, 18]",279.88,156,8.24,0.19
07:40:42,"[275.0, 50]","[270.0, 80]","[284.0, 50]","[285.0, 20]",279.5,200,9.0,0.3
07:40:43,"[275.0, 40]","[270.0, 64]","[284.0, 40]","[285.0, 16]",279.5,160,9.0,0.3
07:40:44,"[276.12, 43]","[271.32, 76]","[284.0, 55]","[285.0, 22]",280.06,196,7.88,0.21
07:40:45,"[278.43, 14]","[272.33, 36]","[284.0, 30]","[285.0, 12]",281.21,92,5.57,0.09
07:40:46,"[275.0, 33]","[269.0, 88]","[284.0, 55]","[285.0, 22]",279.5,198,9.0,0.22
07:40:47,"[275.0, 18]","[269.0, 48]","[284.0, 30]","[285.0, 12]",279.5,108,9.0,0.22
07:40:48,"[272.29, 17]","[269.12, 42]","[284.0, 35]","[285.0, 14]",278.15,108,11.71,0.09
07:40:49,"[276.22, 90]","[269.73, 45]","[284.0, 75]","[285.38, 32]",280.11,242,7.78,0.12
07:40:50,"[278.1, 50]","[268.06, 51]","[283.72, 25]","[284.98, 49]",280.91,175,5.62,0.15
07:40:51,"[274.21, 29]","[268.84, 79]","[283.0, 12]","[284.0, 12]",278.6,132,8.79,0.64
07:40:52,"[274.0, 16]","[269.29, 17]","[283.0, 8]","[284.0, 8]",278.5,49,9.0,0.35
07:40:53,"[273.38, 16]","[270.0, 16]","[282.25, 16]","[284.0, 16]",277.81,64,8.88,0.0
07:40:54,"[270.38, 13]","[268.76, 46]","[279.54, 13]","[284.0, 43]",274.96,115,9.15,0.03
07:40:55,"[270.0, 7]","[269.0, 7]","[278.07, 27]","[282.53, 17]",274.04,58,8.07,-0.52
07:40:56,"[269.5, 6]","[268.2, 15]","[278.0, 30]","[279.0, 6]",273.75,57,8.5,-0.26
07:40:57,"[269.56, 16]","[268.1, 31]","[277.4, 50]","[279.0, 10]",273.48,107,7.84,-0.12
07:40:58,"[270.57, 42]","[268.38, 32]","[275.5, 70]","[279.0, 14]",273.04,158,4.93,-0.06
07:40:59,"[270.45, 29]","[268.1, 20]","[273.19, 31]","[279.06, 35]",271.82,115,2.75,-0.15
07:41:00,"[269.69, 26]","[268.7, 20]","[273.0, 8]","[281.25, 32]",271.35,86,3.31,0.07
07:41:01,"[270.39, 83]","[269.9, 120]","[280.0, 57]","[281.41, 44]",275.19,304,9.61,0.34
07:41:02,"[271.54, 200]","[268.82, 68]","[279.29, 68]","[281.35, 80]",275.42,416,7.75,0.29
07:41:03,"[272.92, 156]","[263.57, 21]","[281.49, 41]","[315.4, 30]",277.21,248,8.56,0.43
07:41:04,"[274.12, 66]","[272.53, 149]","[282.0, 62]","[283.12, 32]",278.06,309,7.88,0.39
07:41:05,"[274.27, 37]","[273.11, 94]","[282.0, 54]","[284.0, 36]",278.14,221,7.73,0.19
07:41:06,"[274.26, 136]","[273.45, 282]","[281.75, 96]","[283.09, 88]",278.0,602,7.49,0.39
07:41:07,"[276.63, 148]","[274.48, 189]","[280.86, 50]","[283.66, 58]",278.74,445,4.23,0.51
07:41:08,"[277.43, 168]","[276.0, 70]","[279.14, 42]","[284.0, 56]",278.29,336,1.71,0.42
07:41:09,"[276.0, 50]","[274.0, 180]","[284.18, 34]","[285.92, 26]",280.09,290,8.18,0.59
07:41:10,"[276.0, 54]","[274.0, 252]","[285.0, 28]","[287.0, 56]",280.5,390,9.0,0.57
07:41:11,"[277.3, 74]","[274.47, 47]","[285.0, 26]","[287.0, 52]",281.15,199,7.7,0.22
07:41:12,"[278.0, 66]","[276.0, 18]","[284.73, 22]","[286.68, 38]",281.36,144,6.73,0.17
07:41:13,"[278.5, 40]","[277.0, 24]","[284.12, 16]","[285.67, 18]",281.31,98,5.62,0.31
07:41:14,"[279.5, 72]","[276.0, 36]","[285.0, 24]","[288.0, 63]",282.25,195,5.5,0.11
07:41:15,"[280.0, 54]","[276.36, 22]","[285.11, 18]","[288.0, 46]",282.56,140,5.11,0.09
07:41:16,"[279.2, 40]","[276.67, 24]","[281.94, 31]","[287.18, 34]",280.57,129,2.74,-0.01
07:41:17,"[278.0, 18]","[276.0, 18]","[286.0, 18]","[287.0, 36]",282.0,90,8.0,-0.2
07:41:18,"[278.79, 66]","[276.73, 22]","[285.04, 52]","[287.0, 26]",281.91,166,6.25,0.06
07:41:19,"[279.0, 72]","[278.0, 16]","[283.62, 40]","[288.0, 36]",281.31,164,4.62,0.07
07:41:20,"[279.0, 81]","[278.0, 24]","[283.0, 60]","[288.0, 25]",281.0,190,4.0,0.11
07:41:21,"[279.0, 36]","[278.0, 12]","[283.0, 30]","[288.0, 16]",281.0,94,4.0,0.02
07:41:22,"[279.52, 46]","[278.83, 58]","[282.89, 56]","[286.12, 40]",281.21,200,3.37,0.04
07:41:23,"[278.82, 44]","[276.49, 74]","[280.73, 67]","[282.58, 52]",279.77,237,1.91,-0.0
07:41:24,"[276.1, 59]","[274.25, 165]","[279.73, 45]","[282.0, 22]",277.92,291,3.63,0.54
07:41:25,"[276.0, 76]","[274.0, 198]","[278.7, 30]","[281.82, 17]",277.35,321,2.7,0.71
07:41:26,"[276.0, 25]","[274.0, 198]","[277.29, 31]","[285.54, 13]",276.65,267,1.29,0.67
07:41:27,"[274.04, 110]","[272.4, 30]","[276.31, 13]","[282.14, 7]",275.17,160,2.27,0.75
07:41:28,"[274.0, 198]","[270.0, 22]","[275.97, 31]","[276.77, 13]",274.98,264,1.97,0.67
07:41:29,"[274.06, 89]","[273.53, 85]","[282.33, 12]","[282.0, 19]",278.19,205,8.28,0.7
07:41:30,"[276.95, 20]","[274.13, 171]","[285.0, 14]","[287.0, 14]",280.98,219,8.05,0.74
07:41:31,"[279.0, 11]","[278.0, 44]","[285.0, 11]","[287.0, 11]",282.0,77,6.0,0.43
07:41:32,"[279.0, 9]","[278.0, 36]","[285.0, 9]","[287.0, 9]",282.0,63,6.0,0.43
07:41:33,"[279.0, 8]","[278.0, 32]","[285.0, 8]","[287.0, 8]",282.0,56,6.0,0.43
07:41:34,"[276.0, 16]","[275.0, 64]","[284.23, 13]","[286.4, 10]",280.12,103,8.23,0.55
07:41:35,"[275.0, 8]","[274.0, 32]","[283.0, 8]","[285.0, 4]",279.0,52,8.0,0.54
07:41:36,"[275.0, 14]","[274.0, 56]","[282.0, 14]","[287.0, 14]",278.5,98,7.0,0.43
07:41:37,"[275.0, 20]","[274.0, 80]","[279.1, 20]","[286.89, 18]",277.05,138,4.1,0.45
07:41:38,"[275.0, 26]","[274.0, 104]","[278.0, 26]","[287.0, 26]",276.5,182,3.0,0.43
07:41:39,"[275.0, 26]","[274.0, 104]","[277.92, 26]","[287.08, 53]",276.46,209,2.92,0.24
07:41:40,"[275.0, 20]","[274.0, 80]","[277.0, 24]","[287.0, 50]",276.0,174,2.0,0.15
07:41:41,"[275.0, 18]","[274.0, 72]","[276.37, 19]","[287.0, 45]",275.68,154,1.37,0.17
07:41:42,"[274.47, 30]","[273.3, 80]","[276.0, 22]","[287.0, 55]",275.23,187,1.53,0.18
07:41:43,"[274.0, 90]","[268.88, 64]","[275.47, 17]","[285.66, 59]",274.74,230,1.47,0.34
07:41:44,"[274.0, 50]","[269.0, 50]","[286.0, 50]","[288.0, 10]",280.0,160,12.0,0.25
07:41:45,"[274.0, 55]","[269.0, 55]","[284.45, 55]","[286.49, 53]",279.23,218,10.45,0.01
07:41:46,"[274.0, 84]","[269.0, 90]","[282.72, 90]","[287.31, 101]",278.36,365,8.72,-0.05
07:41:47,"[274.0, 12]","[269.0, 30]","[281.83, 30]","[286.0, 30]",277.92,102,7.83,-0.18
07:41:48,"[269.36, 56]","[268.2, 49]","[280.73, 75]","[285.3, 67]",275.05,247,11.38,-0.15
07:41:49,"[269.56, 16]","[268.67, 36]","[279.6, 50]","[285.0, 50]",274.58,152,10.04,-0.32
07:41:50,"[271.0, 10]","[268.0, 40]","[279.0, 50]","[284.7, 47]",275.0,147,8.0,-0.32
07:41:51,"[271.0, 11]","[268.0, 11]","[277.64, 55]","[282.92, 65]",274.32,142,6.64,-0.69
07:41:52,"[271.64, 14]","[268.0, 14]","[276.07, 70]","[282.44, 71]",273.86,169,4.43,-0.67
07:41:53,"[272.5, 10]","[267.14, 28]","[275.0, 50]","[282.1, 50]",273.75,138,2.5,-0.45
07:41:54,"[267.98, 49]","[265.67, 48]","[274.0, 51]","[281.17, 60]",270.99,208,6.02,-0.07
07:41:55,"[268.26, 54]","[266.69, 64]","[272.93, 30]","[275.35, 46]",270.6,194,4.67,0.22
07:41:56,"[270.27, 30]","[267.84, 76]","[272.33, 18]","[273.67, 36]",271.3,160,2.07,0.33
07:41:57,"[268.03, 86]","[264.36, 56]","[273.0, 16]","[274.0, 64]",270.52,222,4.97,0.28
07:41:58,"[272.77, 48]","[268.47, 55]","[276.97, 58]","[279.41, 58]",274.87,219,4.19,-0.06
07:41:59,"[273.66, 41]","[272.99, 153]","[278.28, 90]","[280.94, 68]",275.97,352,4.62,0.1
07:42:00,"[276.45, 69]","[274.4, 20]","[278.44, 80]","[282.25, 48]",277.44,217,1.99,-0.18
07:42:01,"[274.91, 70]","[268.32, 38]","[279.0, 75]","[285.0, 30]",276.96,213,4.09,0.01
07:42:02,"[275.31, 54]","[274.76, 29]","[278.59, 68]","[282.2, 45]",276.95,196,3.27,-0.15
07:42:03,"[277.97, 29]","[275.8, 15]","[279.94, 32]","[285.39, 38]",278.95,114,1.97,-0.23
07:42:04,"[278.0, 24]","[276.0, 24]","[285.0, 12]","[286.0, 36]",281.5,96,7.0,0.0
07:42:05,"[278.0, 12]","[276.0, 12]","[285.0, 6]","[286.0, 18]",281.5,48,7.0,0.0
07:42:06,"[278.0, 8]","[276.0, 8]","[285.0, 4]","[286.0, 12]",281.5,32,7.0,0.0
07:42:07,"[278.0, 20]","[276.0, 20]","[285.0, 10]","[286.0, 30]",281.5,80,7.0,0.0
07:42:08,"[278.0, 36]","[276.0, 26]","[285.32, 28]","[286.75, 36]",281.66,126,7.32,-0.02
07:42:09,"[281.39, 31]","[276.75, 16]","[285.0, 16]","[287.0, 34]",283.19,97,3.61,-0.03
07:42:10,"[283.0, 54]","[278.0, 16]","[285.0, 16]","[287.0, 40]",284.0,126,2.0,0.11
07:42:11,"[283.0, 60]","[279.69, 32]","[285.0, 20]","[287.0, 50]",284.0,162,2.0,0.14
07:42:12,"[283.0, 42]","[281.0, 42]","[285.0, 14]","[287.0, 28]",284.0,126,2.0,0.33
07:42:13,"[283.0, 72]","[278.0, 24]","[285.0, 24]","[287.0, 84]",284.0,204,2.0,-0.06
07:42:14,"[283.0, 42]","[278.0, 14]","[285.0, 14]","[287.0, 49]",284.0,119,2.0,-0.06
07:42:15,"[283.0, 42]","[278.0, 14]","[285.0, 14]","[287.0, 49]",284.0,119,2.0,-0.06
07:42:16,"[283.0, 30]","[278.0, 10]","[285.0, 10]","[287.0, 35]",284.0,85,2.0,-0.06
07:42:17,"[283.0, 54]","[278.0, 18]","[285.0, 18]","[287.0, 63]",284.0,153,2.0,-0.06
07:42:18,"[283.0, 40]","[278.0, 20]","[285.0, 20]","[287.0, 70]",284.0,150,2.0,-0.2
07:42:19,"[279.24, 29]","[275.57, 69]","[284.23, 52]","[286.35, 62]",281.74,212,4.99,-0.08
07:42:20,"[277.0, 24]","[276.0, 24]","[283.92, 39]","[284.6, 30]",280.46,117,6.92,-0.18
07:42:21,"[272.32, 82]","[268.0, 42]","[281.62, 16]","[283.94, 49]",276.97,189,9.31,0.31
07:42:22,"[272.74, 106]","[271.51, 140]","[280.0, 52]","[281.0, 13]",276.37,311,7.26,0.58
07:42:23,"[274.66, 82]","[272.97, 240]","[277.64, 75]","[278.87, 63]",276.15,460,2.98,0.4
07:42:24,"[273.0, 214]","[269.0, 34]","[276.18, 28]","[285.44, 97]",274.59,373,3.18,0.33
07:42:25,"[270.0, 54]","[269.0, 18]","[278.0, 9]","[285.56, 27]",274.0,108,8.0,0.33
07:42:26,"[270.0, 42]","[269.0, 14]","[277.57, 7]","[286.0, 49]",273.79,112,7.57,0.0
07:42:27,"[270.0, 48]","[269.0, 16]","[284.88, 52]","[287.28, 47]",277.44,163,14.88,-0.21
07:42:28,"[270.34, 29]","[270.26, 38]","[282.64, 14]","[284.02, 61]",276.49,142,12.3,-0.06
07:42:29,"[271.01, 79]","[269.24, 50]","[278.88, 16]","[281.17, 41]",274.94,186,7.86,0.39
07:42:30,"[271.0, 78]","[268.05, 37]","[275.62, 16]","[278.61, 23]",273.31,154,4.62,0.49
07:42:31,"[271.0, 63]","[268.0, 39]","[273.9, 20]","[275.69, 13]",272.45,135,2.9,0.51
07:42:32,"[271.0, 8]","[268.0, 24]","[284.0, 72]","[286.0, 40]",277.5,144,13.0,-0.56
07:42:33,"[283.0, 11]","[271.05, 19]","[284.0, 99]","[286.0, 55]",283.5,184,1.0,-0.67
07:42:34,"[283.0, 11]","[272.0, 11]","[284.0, 99]","[286.0, 55]",283.5,176,1.0,-0.75
07:42:35,"[283.0, 8]","[272.0, 8]","[284.0, 72]","[286.0, 40]",283.5,128,1.0,-0.75
07:42:36,"[283.0, 11]","[276.46, 13]","[284.0, 99]","[286.0, 55]",283.5,178,1.0,-0.73
07:42:37,"[273.13, 15]","[271.5, 14]","[284.0, 117]","[286.0, 65]",278.57,211,10.87,-0.73
07:42:38,"[271.32, 19]","[270.07, 14]","[282.7, 80]","[284.52, 112]",277.01,225,11.38,-0.71
07:42:39,"[272.0, 81]","[271.0, 12]","[281.42, 48]","[285.0, 168]",276.71,309,9.42,-0.4
07:42:40,"[273.0, 54]","[272.0, 32]","[280.11, 36]","[284.96, 94]",276.56,216,7.11,-0.2
07:42:41,"[273.95, 126]","[272.99, 91]","[278.62, 64]","[283.81, 64]",276.29,345,4.67,0.26
07:42:42,"[275.0, 160]","[273.0, 190]","[279.41, 58]","[282.89, 72]",277.21,480,4.41,0.46
07:42:43,"[276.46, 133]","[274.41, 187]","[279.25, 97]","[280.61, 46]",277.85,463,2.79,0.38
07:42:44,"[277.0, 18]","[276.0, 144]","[282.52, 84]","[283.36, 83]",279.76,329,5.52,-0.02
07:42:45,"[277.0, 14]","[275.48, 97]","[281.81, 27]","[283.52, 46]",279.41,184,4.81,0.21
07:42:46,"[279.4, 15]","[274.0, 75]","[283.0, 15]","[284.2, 60]",281.2,165,3.6,0.09
07:42:47,"[280.0, 8]","[275.84, 64]","[283.0, 8]","[287.0, 32]",281.5,112,3.0,0.29
07:42:48,"[279.33, 9]","[276.19, 43]","[283.0, 9]","[287.0, 43]",281.17,104,3.67,0.0
07:42:49,"[277.0, 17]","[276.0, 34]","[281.29, 56]","[285.52, 33]",279.14,140,4.29,-0.27
07:42:50,"[277.0, 11]","[276.0, 22]","[280.0, 44]","[284.0, 11]",278.5,88,3.0,-0.25
07:42:51,"[276.56, 18]","[274.67, 30]","[279.1, 29]","[285.62, 26]",277.83,103,2.55,-0.07
07:42:52,"[274.31, 52]","[271.67, 51]","[285.0, 16]","[286.0, 64]",279.65,183,10.69,0.13
07:42:53,"[274.0, 70]","[270.36, 42]","[285.0, 14]","[286.0, 56]",279.5,182,11.0,0.23
07:42:54,"[275.0, 50]","[270.27, 45]","[285.0, 10]","[287.6, 40]",280.0,145,10.0,0.31
07:42:55,"[275.0, 55]","[270.0, 33]","[285.0, 11]","[288.0, 44]",280.0,143,10.0,0.23
07:42:56,"[275.0, 25]","[270.0, 15]","[285.0, 5]","[288.0, 20]",280.0,65,10.0,0.23
07:42:57,"[275.0, 55]","[270.0, 33]","[285.0, 11]","[287.98, 41]",280.0,140,10.0,0.26
07:42:58,"[275.0, 30]","[270.0, 18]","[285.0, 6]","[287.95, 21]",280.0,75,10.0,0.28
07:42:59,"[275.0, 20]","[270.0, 15]","[285.0, 11]","[288.0, 20]",280.0,66,10.0,0.06
07:43:00,"[275.0, 32]","[270.0, 24]","[285.0, 8]","[288.0, 32]",280.0,96,10.0,0.17
07:43:01,"[276.09, 88]","[273.33, 36]","[285.0, 10]","[288.0, 40]",280.55,174,8.91,0.43
07:43:02,"[278.08, 108]","[276.55, 58]","[285.0, 13]","[288.0, 52]",281.54,231,6.92,0.44
07:43:03,"[279.0, 81]","[278.0, 9]","[285.0, 9]","[288.2, 40]",282.0,139,6.0,0.29
07:43:04,"[279.69, 58]","[278.88, 40]","[285.0, 10]","[287.0, 40]",282.34,148,5.31,0.32
07:43:05,"[279.0, 70]","[278.0, 10]","[285.0, 10]","[287.0, 40]",282.0,130,6.0,0.23
07:43:06,"[279.0, 63]","[278.0, 9]","[283.12, 17]","[285.67, 12]",281.06,101,4.12,0.43
07:43:07,"[279.0, 49]","[278.0, 7]","[282.0, 14]","[286.0, 28]",280.5,98,3.0,0.14
07:43:08,"[279.0, 84]","[278.0, 12]","[285.05, 40]","[287.17, 47]",282.02,183,6.05,0.05
07:43:09,"[279.0, 36]","[278.0, 8]","[285.0, 32]","[288.0, 48]",282.0,124,6.0,-0.29
07:43:10,"[279.0, 12]","[278.0, 4]","[285.0, 16]","[287.95, 19]",282.0,51,6.0,-0.37
07:43:11,"[279.0, 6]","[278.0, 2]","[285.0, 8]","[287.0, 2]",282.0,18,6.0,-0.11
07:43:12,"[279.0, 30]","[278.0, 10]","[285.0, 40]","[287.0, 10]",282.0,90,6.0,-0.11
07:43:13,"[281.08, 25]","[278.43, 7]","[285.0, 20]","[287.77, 13]",283.04,65,3.92,-0.02
07:43:14,"[283.0, 91]","[279.0, 21]","[285.0, 28]","[287.13, 15]",284.0,155,2.0,0.45
07:43:15,"[283.0, 66]","[279.0, 18]","[285.0, 24]","[286.0, 30]",284.0,138,2.0,0.22
07:43:16,"[283.0, 92]","[278.92, 39]","[284.84, 62]","[285.89, 73]",283.92,266,1.84,-0.02
07:43:17,"[283.0, 12]","[278.8, 15]","[285.0, 24]","[286.0, 30]",284.0,81,2.0,-0.33
07:43:18,"[283.0, 20]","[279.0, 60]","[285.93, 58]","[286.86, 42]",284.47,180,2.93,-0.11
07:43:19,"[283.0, 15]","[279.0, 79]","[285.89, 46]","[287.0, 52]",284.45,192,2.89,-0.02
07:43:20,"[283.0, 11]","[279.0, 44]","[286.36, 11]","[289.0, 44]",284.68,110,3.36,0.0
07:43:21,"[279.0, 21]","[278.0, 49]","[288.0, 7]","[289.0, 32]",283.5,109,9.0,0.28
07:43:22,"[279.0, 21]","[278.0, 49]","[288.0, 7]","[289.0, 36]",283.5,113,9.0,0.24
07:43:23,"[279.0, 15]","[278.0, 35]","[288.0, 5]","[289.0, 20]",283.5,75,9.0,0.33
07:43:24,"[279.82, 94]","[277.79, 97]","[285.6, 20]","[288.98, 97]",282.71,308,5.78,0.24
07:43:25,"[281.0, 65]","[278.0, 91]","[288.73, 49]","[289.21, 57]",284.87,262,7.73,0.19
07:43:26,"[281.0, 35]","[278.0, 49]","[286.43, 7]","[288.0, 35]",283.71,126,5.43,0.33
07:43:27,"[281.0, 70]","[278.0, 98]","[286.0, 14]","[288.0, 70]",283.5,252,5.0,0.33
07:43:28,"[281.0, 60]","[278.0, 84]","[286.0, 12]","[288.0, 60]",283.5,216,5.0,0.33
07:43:29,"[281.0, 45]","[278.0, 63]","[286.0, 9]","[288.0, 45]",283.5,162,5.0,0.33
07:43:30,"[281.0, 50]","[278.0, 70]","[285.7, 10]","[288.0, 50]",283.35,180,4.7,0.33
07:43:31,"[281.0, 55]","[278.0, 77]","[284.4, 15]","[287.16, 51]",282.7,198,3.4,0.33
07:43:32,"[281.0, 50]","[277.32, 44]","[283.0, 10]","[284.0, 50]",282.0,154,2.0,0.22
07:43:33,"[281.0, 43]","[279.0, 27]","[282.14, 29]","[285.12, 33]",281.57,132,1.14,0.06
07:43:34,"[281.0, 56]","[279.0, 42]","[282.0, 70]","[288.0, 70]",281.5,238,1.0,-0.18
07:43:35,"[281.0, 36]","[279.0, 27]","[282.0, 45]","[287.45, 33]",281.5,141,1.0,-0.11
07:43:36,"[279.74, 38]","[277.26, 92]","[284.45, 44]","[287.45, 44]",282.1,218,4.72,0.19
07:43:37,"[279.0, 48]","[277.0, 160]","[284.2, 41]","[285.87, 55]",281.6,304,5.2,0.37
07:43:38,"[280.0, 13]","[279.0, 39]","[281.46, 26]","[283.0, 39]",280.73,117,1.46,-0.11
07:43:39,"[277.44, 48]","[277.9, 29]","[280.9, 20]","[286.75, 40]",279.17,137,3.46,0.12
07:43:40,"[277.0, 150]","[276.0, 15]","[279.4, 30]","[287.67, 75]",278.2,270,2.4,0.22
07:43:41,"[277.59, 122]","[276.85, 71]","[286.81, 64]","[289.32, 125]",282.2,382,9.22,0.01
07:43:42,"[283.0, 30]","[277.0, 159]","[288.0, 30]","[289.0, 145]",285.5,364,5.0,0.04
07:43:43,"[277.56, 85]","[276.86, 51]","[287.27, 22]","[289.0, 110]",282.42,268,9.71,0.01
07:43:44,"[277.0, 95]","[276.0, 13]","[286.0, 26]","[289.0, 115]",281.5,249,9.0,-0.13
07:43:45,"[279.32, 65]","[272.82, 22]","[286.0, 26]","[289.0, 65]",282.66,178,6.68,-0.02
07:43:46,"[281.0, 72]","[277.0, 9]","[286.0, 18]","[289.0, 45]",283.5,144,5.0,0.12
07:43:47,"[281.0, 104]","[277.0, 13]","[285.23, 26]","[290.08, 65]",283.12,208,4.23,0.12
07:43:48,"[281.0, 73]","[277.0, 14]","[285.0, 28]","[291.0, 70]",283.0,185,4.0,-0.06
07:43:49,"[281.0, 33]","[277.0, 11]","[283.73, 22]","[291.0, 55]",282.36,121,2.73,-0.27
07:43:50,"[280.38, 13]","[276.38, 29]","[290.72, 39]","[292.75, 40]",285.55,121,10.33,-0.31
07:43:51,"[277.0, 7]","[276.0, 63]","[291.71, 35]","[293.33, 30]",284.36,135,14.71,0.04
07:43:52,"[277.0, 6]","[276.0, 54]","[291.0, 50]","[292.31, 26]",284.0,136,14.0,-0.12
07:43:53,"[277.0, 5]","[276.0, 45]","[290.5, 30]","[292.0, 20]",283.75,100,13.5,0.0
07:43:54,"[283.0, 63]","[277.0, 9]","[289.33, 45]","[292.0, 36]",286.17,153,6.33,-0.06
07:43:55,"[283.0, 77]","[277.0, 27]","[289.0, 55]","[292.96, 94]",286.0,253,6.0,-0.18
07:43:56,"[283.0, 49]","[277.0, 21]","[289.0, 35]","[293.0, 67]",286.0,172,6.0,-0.19
07:43:57,"[283.0, 70]","[277.0, 30]","[287.3, 50]","[289.97, 66]",285.15,216,4.3,-0.07
07:43:58,"[283.0, 74]","[279.91, 102]","[285.5, 60]","[286.5, 60]",284.25,296,2.5,0.19
07:43:59,"[280.19, 96]","[279.23, 65]","[283.92, 65]","[289.62, 56]",282.06,282,3.74,0.14
07:44:00,"[280.0, 81]","[279.0, 36]","[282.22, 45]","[284.0, 45]",281.11,207,2.22,0.13
07:44:01,"[280.0, 60]","[279.0, 36]","[281.44, 45]","[284.52, 42]",280.72,183,1.44,0.05
07:44:02,"[280.0, 23]","[279.0, 32]","[286.29, 35]","[292.89, 36]",283.14,126,6.29,-0.13
07:44:03,"[280.0, 11]","[279.0, 44]","[289.0, 11]","[290.0, 44]",284.5,110,9.0,0.0
07:44:04,"[279.53, 17]","[278.5, 48]","[288.31, 13]","[290.0, 52]",283.92,130,8.78,0.0
07:44:05,"[279.0, 16]","[277.0, 24]","[286.62, 8]","[290.0, 32]",282.81,80,7.62,0.0
07:44:06,"[279.0, 11]","[277.0, 24]","[285.0, 8]","[289.88, 32]",282.0,75,6.0,-0.07
07:44:07,"[279.0, 11]","[277.0, 33]","[284.64, 11]","[289.0, 44]",281.82,99,5.64,-0.11
07:44:08,"[277.44, 27]","[276.72, 25]","[282.48, 23]","[288.19, 37]",279.96,112,5.03,-0.07
07:44:09,"[279.0, 32]","[277.0, 48]","[281.81, 16]","[289.0, 96]",280.41,192,2.81,-0.17
07:44:10,"[278.41, 17]","[276.77, 22]","[280.0, 11]","[289.0, 44]",279.21,94,1.59,-0.17
07:44:11,"[272.5, 16]","[270.06, 34]","[279.75, 12]","[288.83, 48]",276.12,110,7.25,-0.09
07:44:12,"[273.19, 26]","[270.05, 39]","[277.78, 18]","[287.73, 66]",275.49,149,4.59,-0.13
07:44:13,"[272.12, 64]","[270.0, 24]","[275.83, 36]","[276.36, 28]",273.98,152,3.71,0.16
07:44:14,"[272.2, 70]","[268.89, 90]","[274.9, 20]","[277.44, 50]",273.55,230,2.7,0.39
07:44:15,"[272.55, 49]","[268.64, 78]","[280.73, 59]","[285.34, 58]",276.64,244,8.18,0.04
07:44:16,"[281.0, 54]","[275.25, 28]","[285.0, 63]","[286.0, 36]",283.0,181,4.0,-0.09
07:44:17,"[281.0, 54]","[277.0, 27]","[284.58, 48]","[285.52, 31]",282.79,160,3.58,0.01
07:44:18,"[281.84, 93]","[279.29, 63]","[284.0, 60]","[286.69, 59]",282.92,275,2.16,0.13
07:44:19,"[283.0, 46]","[281.0, 60]","[284.0, 40]","[287.0, 50]",283.5,196,1.0,0.08
07:44:20,"[283.0, 22]","[281.0, 36]","[284.0, 24]","[287.0, 30]",283.5,112,1.0,0.04
07:44:21,"[283.0, 27]","[281.0, 54]","[285.83, 41]","[287.6, 25]",284.41,147,2.83,0.1
07:44:22,"[283.0, 33]","[281.0, 66]","[286.36, 55]","[287.31, 39]",284.68,193,3.36,0.03
07:44:23,"[282.64, 33]","[280.93, 58]","[284.2, 50]","[286.13, 46]",283.42,187,1.56,-0.03
07:44:24,"[281.0, 48]","[280.0, 44]","[284.0, 55]","[288.58, 38]",282.5,185,3.0,-0.01
07:44:25,"[281.0, 33]","[280.0, 52]","[284.0, 35]","[285.25, 59]",282.5,179,3.0,-0.05
07:44:26,"[281.0, 5]","[280.0, 20]","[286.0, 25]","[290.0, 23]",283.5,73,5.0,-0.32
07:44:27,"[281.0, 9]","[280.0, 36]","[286.0, 45]","[290.1, 41]",283.5,131,5.0,-0.31
07:44:28,"[280.26, 19]","[279.04, 53]","[286.0, 60]","[290.5, 48]",283.13,180,5.74,-0.2
07:44:29,"[280.0, 14]","[277.0, 21]","[286.0, 35]","[290.0, 28]",283.0,98,6.0,-0.29
07:44:30,"[280.0, 18]","[277.0, 27]","[285.5, 40]","[287.56, 41]",282.75,126,5.5,-0.29
07:44:31,"[280.0, 28]","[277.0, 42]","[284.0, 56]","[286.93, 70]",282.0,196,4.0,-0.29
07:44:32,"[280.0, 28]","[277.0, 42]","[282.6, 53]","[287.86, 70]",281.3,193,2.6,-0.27
07:44:33,"[278.78, 37]","[274.66, 50]","[283.36, 53]","[288.92, 93]",281.07,233,4.57,-0.25
07:44:34,"[277.0, 42]","[268.49, 41]","[285.74, 35]","[288.21, 67]",281.37,185,8.74,-0.1
07:44:35,"[277.0, 30]","[272.0, 10]","[282.45, 22]","[285.57, 28]",279.73,90,5.45,-0.11
07:44:36,"[277.17, 36]","[274.62, 24]","[280.57, 14]","[282.04, 25]",278.87,99,3.4,0.21
07:44:37,"[278.0, 16]","[277.0, 30]","[280.86, 14]","[284.8, 20]",279.43,80,2.86,0.15
07:44:38,"[278.0, 12]","[277.0, 36]","[281.33, 24]","[288.83, 24]",279.67,96,3.33,0.0
07:44:39,"[278.99, 136]","[277.83, 18]","[280.09, 47]","[287.44, 32]",279.54,233,1.09,0.32
07:44:40,"[279.18, 84]","[278.44, 16]","[281.4, 20]","[287.22, 18]",280.29,138,2.22,0.45
07:44:41,"[282.0, 49]","[279.01, 78]","[287.0, 24]","[289.0, 12]",284.5,163,5.0,0.56
07:44:42,"[281.56, 25]","[279.68, 22]","[286.4, 50]","[287.91, 22]",283.98,119,4.84,-0.21
07:44:43,"[281.0, 33]","[280.0, 11]","[285.49, 41]","[286.19, 43]",283.24,128,4.49,-0.31
07:44:44,"[281.0, 30]","[280.0, 10]","[283.3, 30]","[286.0, 50]",282.15,120,2.3,-0.33
07:44:45,"[281.0, 27]","[280.0, 9]","[282.23, 39]","[284.36, 33]",281.62,108,1.23,-0.33
07:44:46,"[279.15, 39]","[278.0, 84]","[281.43, 47]","[283.17, 54]",280.29,224,2.27,0.1
07:44:47,"[277.45, 62]","[276.39, 92]","[284.32, 62]","[289.13, 60]",280.89,276,6.87,0.12
07:44:48,"[277.0, 60]","[276.0, 91]","[288.0, 52]","[290.45, 33]",282.5,236,11.0,0.28
07:44:49,"[277.06, 51]","[276.24, 74]","[286.39, 46]","[287.7, 23]",281.73,194,9.33,0.29
07:44:50,"[278.25, 12]","[277.0, 72]","[286.0, 48]","[287.0, 12]",282.12,144,7.75,0.17
07:44:51,"[277.43, 35]","[276.14, 86]","[285.79, 56]","[286.4, 20]",281.61,197,8.36,0.23
07:44:52,"[281.45, 62]","[276.0, 48]","[284.0, 40]","[285.18, 34]",282.73,184,2.55,0.2
07:44:53,"[283.0, 32]","[277.0, 40]","[284.0, 40]","[288.0, 10]",283.5,122,1.0,0.18
07:44:54,"[277.32, 38]","[276.14, 28]","[287.0, 16]","[289.97, 61]",282.16,143,9.68,-0.08
07:44:55,"[277.0, 37]","[276.0, 34]","[287.1, 29]","[288.95, 37]",282.05,137,10.1,0.04
07:44:56,"[277.86, 21]","[276.77, 35]","[288.53, 57]","[289.15, 41]",283.19,154,10.67,-0.27
07:44:57,"[279.0, 15]","[277.0, 45]","[287.11, 47]","[288.05, 102]",283.05,209,8.11,-0.43
07:44:58,"[279.0, 13]","[277.0, 39]","[286.11, 46]","[287.81, 94]",282.55,192,7.11,-0.46
07:44:59,"[279.65, 31]","[277.26, 38]","[283.37, 54]","[284.24, 74]",281.51,197,3.73,-0.3
07:45:00,"[279.0, 14]","[277.0, 42]","[283.0, 42]","[284.0, 70]",281.0,168,4.0,-0.33
07:45:01,"[278.7, 20]","[276.74, 62]","[282.45, 74]","[283.64, 86]",280.57,242,3.75,-0.32
07:45:02,"[275.62, 21]","[274.6, 60]","[281.0, 15]","[282.0, 75]",278.31,171,5.38,-0.05
07:45:03,"[275.0, 72]","[271.17, 36]","[280.56, 18]","[282.0, 90]",277.78,216,5.56,0.0
07:45:04,"[275.45, 22]","[274.58, 43]","[277.44, 61]","[279.88, 17]",276.45,143,1.99,-0.09
07:45:05,"[275.35, 31]","[273.22, 59]","[277.55, 20]","[287.55, 42]",276.45,152,2.2,0.18
07:45:06,"[275.0, 50]","[268.0, 48]","[284.68, 41]","[286.09, 33]",279.84,172,9.68,0.14
07:45:07,"[275.0, 48]","[268.0, 48]","[281.98, 51]","[283.13, 61]",278.49,208,6.98,-0.08
07:45:08,"[275.0, 36]","[268.71, 28]","[279.31, 26]","[281.0, 48]",277.15,138,4.31,-0.07
07:45:09,"[275.0, 45]","[268.0, 45]","[277.14, 42]","[280.25, 48]",276.07,180,2.14,0.0
07:45:10,"[275.0, 27]","[268.0, 33]","[276.0, 44]","[278.0, 22]",275.5,126,1.0,-0.05
07:45:11,"[272.23, 60]","[264.92, 39]","[282.17, 77]","[284.39, 72]",277.2,248,9.94,-0.2
07:45:12,"[278.6, 100]","[276.19, 54]","[281.54, 52]","[283.52, 66]",280.07,272,2.94,0.13
07:45:13,"[279.0, 82]","[277.0, 65]","[280.0, 39]","[283.09, 55]",279.5,241,1.0,0.22
07:45:14,"[279.0, 33]","[277.0, 55]","[280.0, 23]","[286.0, 55]",279.5,166,1.0,0.06
07:45:15,"[278.14, 37]","[276.38, 39]","[280.0, 22]","[286.0, 55]",279.07,153,1.86,-0.01
07:45:16,"[277.0, 24]","[271.0, 6]","[285.0, 24]","[287.85, 26]",281.0,80,8.0,-0.25
07:45:17,"[277.0, 57]","[271.0, 14]","[280.0, 70]","[285.45, 38]",278.5,179,3.0,-0.21
07:45:18,"[277.0, 60]","[266.0, 28]","[280.0, 60]","[284.0, 12]",278.5,160,3.0,0.1
07:45:19,"[277.47, 19]","[276.29, 17]","[280.0, 25]","[284.0, 5]",278.74,66,2.53,0.09
07:45:20,"[278.0, 15]","[277.0, 25]","[280.0, 25]","[284.0, 5]",279.0,70,2.0,0.14
07:45:21,"[277.38, 24]","[276.17, 18]","[280.0, 30]","[284.0, 6]",278.69,78,2.62,0.08
07:45:22,"[277.0, 52]","[272.0, 11]","[280.0, 47]","[284.0, 11]",278.5,121,3.0,0.04
07:45:23,"[277.0, 28]","[274.84, 38]","[280.0, 42]","[284.0, 14]",278.5,122,3.0,0.08
07:45:24,"[277.0, 14]","[275.0, 21]","[279.57, 21]","[281.23, 13]",278.29,69,2.57,0.01
07:45:25,"[277.0, 35]","[273.8, 30]","[278.9, 40]","[282.58, 57]",277.95,162,1.9,-0.2
07:45:26,"[277.0, 14]","[274.12, 34]","[282.57, 47]","[284.52, 64]",279.79,159,5.57,-0.4
07:45:27,"[277.0, 10]","[275.0, 60]","[281.5, 40]","[283.0, 30]",279.25,140,4.5,0.0
07:45:28,"[277.0, 8]","[275.0, 48]","[281.0, 32]","[283.74, 34]",279.0,122,4.0,-0.08
07:45:29,"[277.43, 14]","[275.22, 54]","[279.71, 56]","[284.0, 70]",278.57,194,2.29,-0.3
07:45:30,"[275.9, 21]","[274.92, 51]","[278.3, 50]","[281.55, 49]",277.1,171,2.4,-0.16
07:45:31,"[274.81, 43]","[271.19, 16]","[278.45, 55]","[282.06, 47]",276.63,161,3.64,-0.27
07:45:32,"[267.75, 16]","[265.18, 11]","[284.0, 40]","[286.0, 40]",275.88,107,16.25,-0.5
07:45:33,"[268.0, 223]","[263.0, 20]","[282.44, 68]","[283.65, 108]",275.22,419,14.44,0.16
07:45:34,"[268.78, 82]","[267.97, 180]","[279.62, 94]","[281.84, 160]",274.2,516,10.84,0.02
07:45:35,"[269.0, 48]","[266.57, 88]","[278.13, 38]","[279.02, 116]",273.57,290,9.13,-0.06
07:45:36,"[269.75, 8]","[266.0, 72]","[279.75, 40]","[294.5, 16]",274.75,136,10.0,0.18
07:45:37,"[270.78, 9]","[265.33, 81]","[282.0, 45]","[344.77, 26]",276.39,161,11.22,0.12
07:45:38,"[279.64, 28]","[264.8, 40]","[296.11, 38]","[351.71, 28]",287.87,134,16.46,0.01
07:45:39,"[281.0, 36]","[272.0, 8]","[353.38, 26]","[539.09, 22]",317.19,92,72.38,-0.04
07:45:40,"[273.29, 34]","[269.0, 19]","[482.14, 21]","[700.0, 30]",377.72,104,208.85,0.02
07:45:41,"[271.0, 72]","[270.0, 18]","[273.0, 45]","[490.0, 20]",272.0,155,2.0,0.16
07:45:42,"[271.0, 56]","[270.0, 14]","[272.33, 30]","[273.69, 29]",271.67,129,1.33,0.09
07:45:43,"[271.79, 78]","[270.89, 36]","[273.0, 22]","[279.0, 12]",272.4,148,1.21,0.54
07:45:44,"[272.35, 155]","[271.31, 87]","[276.6, 20]","[279.86, 14]",274.48,276,4.25,0.75
07:45:45,"[273.0, 119]","[271.88, 86]","[278.83, 18]","[381.42, 19]",275.92,242,5.83,0.69
07:45:46,"[273.0, 120]","[270.0, 30]","[281.0, 6]","[422.26, 23]",277.0,179,8.0,0.68
07:45:47,"[273.12, 67]","[272.28, 58]","[281.0, 6]","[415.4, 20]",277.06,151,7.88,0.66
07:45:48,"[272.02, 49]","[268.88, 43]","[278.1, 31]","[313.78, 9]",275.06,132,6.08,0.39
07:45:49,"[271.36, 22]","[269.0, 99]","[277.52, 27]","[280.33, 39]",274.44,187,6.15,0.29
07:45:50,"[272.8, 20]","[269.0, 90]","[275.7, 10]","[280.36, 14]",274.25,134,2.9,0.64
07:45:51,"[273.0, 12]","[268.64, 22]","[275.0, 6]","[281.5, 40]",274.0,80,2.0,-0.15
07:45:52,"[272.58, 19]","[265.46, 35]","[280.53, 38]","[282.04, 83]",276.55,175,7.95,-0.38
07:45:53,"[267.0, 15]","[265.23, 47]","[282.0, 150]","[283.0, 15]",274.5,227,15.0,-0.45
07:45:54,"[268.75, 12]","[266.98, 56]","[282.0, 120]","[283.0, 12]",275.38,200,13.25,-0.32
07:45:55,"[271.0, 12]","[268.63, 27]","[281.57, 87]","[282.11, 47]",276.29,173,10.57,-0.55
07:45:56,"[272.5, 16]","[269.0, 32]","[279.78, 59]","[281.06, 111]",276.14,218,7.28,-0.56
07:45:57,"[276.63, 19]","[274.09, 45]","[280.31, 26]","[281.94, 53]",278.47,143,3.68,-0.1
07:45:58,"[276.61, 33]","[273.62, 53]","[281.0, 14]","[282.0, 45]",278.8,145,4.39,0.19
07:45:59,"[276.0, 84]","[269.0, 84]","[281.78, 32]","[282.42, 60]",278.89,260,5.78,0.29
07:46:00,"[276.22, 68]","[270.09, 47]","[281.59, 34]","[282.36, 55]",278.9,204,5.37,0.13
07:46:01,"[276.0, 38]","[270.0, 16]","[280.5, 16]","[281.71, 28]",278.25,98,4.5,0.1
07:46:02,"[276.0, 32]","[270.0, 16]","[278.88, 16]","[281.0, 16]",277.44,80,2.88,0.2
07:46:03,"[276.0, 48]","[270.0, 26]","[279.06, 36]","[281.43, 47]",277.53,157,3.06,-0.06
07:46:04,"[276.0, 20]","[273.91, 92]","[281.0, 70]","[282.7, 50]",278.5,232,5.0,-0.03
07:46:05,"[276.0, 18]","[274.0, 90]","[280.58, 48]","[281.44, 45]",278.29,201,4.58,0.07
07:46:06,"[274.18, 44]","[272.86, 28]","[282.0, 60]","[287.33, 30]",278.09,162,7.82,-0.11
07:46:07,"[274.0, 60]","[270.0, 12]","[282.0, 60]","[286.0, 30]",278.0,162,8.0,-0.11
07:46:08,"[274.0, 40]","[270.0, 8]","[282.0, 40]","[286.0, 20]",278.0,108,8.0,-0.11
07:46:09,"[274.0, 60]","[270.0, 12]","[282.0, 60]","[286.0, 30]",278.0,162,8.0,-0.11
07:46:10,"[274.0, 90]","[270.0, 18]","[282.0, 90]","[286.0, 45]",278.0,243,8.0,-0.11
07:46:11,"[274.0, 50]","[270.0, 10]","[282.0, 50]","[286.0, 25]",278.0,135,8.0,-0.11
07:46:12,"[274.88, 82]","[271.39, 46]","[282.0, 110]","[286.0, 55]",278.44,293,7.12,-0.13
07:46:13,"[280.0, 15]","[270.0, 20]","[282.0, 50]","[286.0, 25]",281.0,110,2.0,-0.36
07:46:14,"[272.0, 30]","[268.5, 32]","[281.36, 70]","[283.0, 80]",276.68,212,9.36,-0.42
07:46:15,"[271.11, 36]","[269.8, 40]","[278.57, 70]","[282.0, 140]",274.84,286,7.46,-0.47
07:46:16,"[273.9, 63]","[272.64, 70]","[276.34, 73]","[281.48, 135]",275.12,341,2.44,-0.22
07:46:17,"[271.18, 34]","[266.73, 59]","[276.0, 39]","[280.0, 65]",273.59,197,4.82,-0.06
07:46:18,"[267.9, 30]","[265.0, 70]","[272.0, 30]","[276.0, 30]",269.95,160,4.1,0.25
07:46:19,"[267.0, 39]","[265.0, 91]","[272.69, 26]","[276.81, 43]",269.85,199,5.69,0.31
07:46:20,"[269.16, 25]","[265.21, 86]","[273.18, 17]","[277.09, 46]",271.17,174,4.02,0.28
07:46:21,"[271.0, 10]","[264.68, 38]","[275.0, 20]","[279.0, 80]",273.0,148,4.0,-0.35
07:46:22,"[271.25, 12]","[265.0, 36]","[274.17, 24]","[277.0, 36]",272.71,108,2.92,-0.11
07:46:23,"[264.43, 58]","[261.39, 97]","[276.45, 44]","[278.6, 60]",270.44,259,12.02,0.2
07:46:24,"[262.62, 112]","[259.0, 96]","[272.0, 80]","[274.62, 48]",267.31,336,9.38,0.24
07:46:25,"[262.0, 70]","[259.0, 60]","[272.0, 20]","[273.0, 30]",267.0,180,10.0,0.44
07:46:26,"[262.0, 84]","[259.0, 72]","[275.0, 32]","[278.14, 84]",268.5,272,13.0,0.15
07:46:27,"[262.0, 56]","[261.0, 24]","[276.0, 24]","[279.0, 72]",269.0,176,14.0,-0.09
07:46:28,"[262.0, 63]","[260.33, 27]","[276.0, 27]","[279.0, 81]",269.0,198,14.0,-0.09
07:46:29,"[269.88, 64]","[261.8, 61]","[277.73, 45]","[279.16, 74]",273.8,244,7.86,0.02
07:46:30,"[276.0, 180]","[262.0, 70]","[277.0, 30]","[279.91, 97]",276.5,377,1.0,0.33
07:46:31,"[276.0, 107]","[261.43, 49]","[277.0, 21]","[280.0, 53]",276.5,230,1.0,0.36
07:46:32,"[276.0, 132]","[261.0, 84]","[279.3, 64]","[280.44, 63]",277.65,343,3.3,0.26
07:46:33,"[276.0, 99]","[260.65, 43]","[280.0, 63]","[281.0, 36]",278.0,241,4.0,0.18
07:46:34,"[276.0, 78]","[260.0, 24]","[280.0, 56]","[281.0, 32]",278.0,190,4.0,0.07
07:46:35,"[276.0, 54]","[260.4, 15]","[280.0, 63]","[281.0, 36]",278.0,168,4.0,-0.18
07:46:36,"[276.0, 78]","[261.0, 11]","[280.0, 89]","[281.0, 44]",278.0,222,4.0,-0.2
07:46:37,"[276.0, 66]","[268.47, 15]","[280.0, 99]","[281.0, 44]",278.0,224,4.0,-0.28
07:46:38,"[276.0, 60]","[275.0, 20]","[279.56, 48]","[280.19, 62]",277.78,190,3.56,-0.16
07:46:39,"[276.0, 50]","[275.0, 20]","[279.0, 30]","[280.0, 52]",277.5,152,3.0,-0.08
07:46:40,"[276.0, 60]","[275.0, 24]","[277.58, 36]","[280.54, 46]",276.79,166,1.58,0.01
07:46:41,"[276.0, 25]","[275.0, 10]","[277.0, 11]","[281.0, 25]",276.5,71,1.0,-0.01
07:46:42,"[276.0, 29]","[275.0, 12]","[279.0, 10]","[281.14, 29]",277.5,80,3.0,0.03
07:46:43,"[276.0, 42]","[274.55, 22]","[281.0, 55]","[282.0, 44]",278.5,163,5.0,-0.21
07:46:44,"[277.2, 20]","[275.6, 20]","[281.0, 50]","[282.0, 40]",279.1,130,3.8,-0.38
07:46:45,"[278.73, 22]","[275.0, 11]","[281.0, 55]","[282.0, 44]",279.86,132,2.27,-0.5
07:46:46,"[276.71, 42]","[274.42, 90]","[281.0, 55]","[282.0, 44]",278.86,231,4.29,0.14
07:46:47,"[276.85, 52]","[274.43, 92]","[281.0, 54]","[282.0, 48]",278.92,246,4.15,0.17
07:46:48,"[275.0, 40]","[274.0, 104]","[281.0, 24]","[282.0, 32]",278.0,200,6.0,0.44
07:46:49,"[275.0, 45]","[274.0, 117]","[281.0, 37]","[282.0, 36]",278.0,235,6.0,0.38
07:46:50,"[275.0, 45]","[274.0, 117]","[281.0, 45]","[282.0, 36]",278.0,243,6.0,0.33
07:46:51,"[275.0, 101]","[274.0, 182]","[281.0, 70]","[282.0, 56]",278.0,409,6.0,0.38
07:46:52,"[276.83, 118]","[274.9, 133]","[281.0, 65]","[282.0, 52]",278.92,368,4.17,0.36
07:46:53,"[277.0, 126]","[275.0, 140]","[281.0, 70]","[282.0, 56]",279.0,392,4.0,0.36
07:46:54,"[277.0, 54]","[275.0, 60]","[281.0, 30]","[282.0, 24]",279.0,168,4.0,0.36
07:46:55,"[277.17, 72]","[275.62, 116]","[280.88, 51]","[361.97, 32]",279.02,271,3.72,0.39
07:46:56,"[277.0, 80]","[275.0, 100]","[280.0, 20]","[281.0, 30]",278.5,230,3.0,0.57
07:46:57,"[277.0, 36]","[275.0, 70]","[281.67, 12]","[416.56, 27]",279.33,145,4.67,0.46
07:46:58,"[277.0, 36]","[275.0, 90]","[282.0, 9]","[435.09, 33]",279.5,168,5.0,0.5
07:46:59,"[277.0, 50]","[275.0, 130]","[281.0, 45]","[331.57, 23]",279.0,248,4.0,0.45
07:47:00,"[275.08, 73]","[274.1, 101]","[279.94, 32]","[280.75, 16]",277.51,222,4.86,0.57
07:47:01,"[275.0, 90]","[274.0, 117]","[277.08, 25]","[279.72, 29]",276.04,261,2.08,0.59
07:47:02,"[275.0, 83]","[274.0, 143]","[276.0, 55]","[279.82, 11]",275.5,292,1.0,0.55
07:47:03,"[276.34, 70]","[273.29, 112]","[279.0, 26]","[284.44, 18]",277.67,226,2.66,0.61
07:47:04,"[281.0, 29]","[274.0, 78]","[283.37, 19]","[284.41, 17]",282.18,143,2.37,0.5
07:47:05,"[281.0, 44]","[274.0, 143]","[282.0, 33]","[284.91, 32]",281.5,252,1.0,0.48
07:47:06,"[281.0, 17]","[274.0, 104]","[282.0, 24]","[286.45, 20]",281.5,165,1.0,0.47
07:47:07,"[281.0, 7]","[274.0, 133]","[282.0, 21]","[286.0, 21]",281.5,182,1.0,0.54
07:47:08,"[281.0, 7]","[278.0, 21]","[282.0, 21]","[286.0, 21]",281.5,70,1.0,-0.2
07:47:09,"[281.0, 4]","[278.0, 12]","[282.0, 12]","[286.0, 12]",281.5,40,1.0,-0.2
07:47:10,"[278.0, 9]","[275.0, 18]","[282.0, 27]","[286.0, 27]",280.0,81,4.0,-0.33
07:47:11,"[278.0, 9]","[275.0, 18]","[282.0, 27]","[286.0, 27]",280.0,81,4.0,-0.33
07:47:12,"[278.0, 8]","[275.0, 16]","[282.0, 24]","[286.0, 24]",280.0,72,4.0,-0.33
07:47:13,"[277.37, 19]","[274.09, 133]","[281.91, 23]","[285.5, 24]",279.64,199,4.54,0.53
07:47:14,"[277.1, 60]","[274.05, 246]","[280.97, 31]","[282.27, 45]",279.03,382,3.87,0.6
07:47:15,"[275.0, 55]","[274.0, 364]","[279.8, 30]","[282.87, 46]",277.4,495,4.8,0.69
07:47:16,"[275.0, 26]","[274.0, 338]","[279.15, 26]","[286.0, 78]",277.08,468,4.15,0.56
07:47:17,"[274.03, 267]","[270.46, 189]","[278.6, 30]","[285.56, 64]",276.31,550,4.57,0.66
07:47:18,"[274.02, 264]","[270.44, 234]","[276.21, 28]","[279.0, 14]",275.11,540,2.2,0.84
07:47:19,"[274.0, 364]","[268.0, 182]","[284.57, 42]","[287.56, 81]",279.29,669,10.57,0.63
07:47:20,"[274.0, 312]","[268.0, 156]","[286.0, 36]","[288.0, 72]",280.0,576,12.0,0.62
07:47:21,"[274.0, 182]","[268.0, 91]","[286.0, 21]","[288.0, 42]",280.0,336,12.0,0.62
07:47:22,"[274.01, 313]","[268.86, 182]","[286.6, 20]","[288.41, 73]",280.31,588,12.59,0.68
07:47:23,"[274.0, 277]","[270.77, 169]","[286.0, 13]","[288.0, 78]",280.0,537,12.0,0.66
07:47:24,"[274.0, 242]","[272.0, 156]","[285.33, 18]","[287.41, 51]",279.67,467,11.33,0.7
07:47:25,"[274.04, 210]","[272.42, 57]","[284.0, 28]","[286.0, 52]",279.02,347,9.96,0.54
07:47:26,"[278.0, 22]","[274.0, 176]","[283.0, 22]","[285.09, 33]",280.5,253,5.0,0.57
07:47:27,"[275.89, 28]","[273.98, 158]","[283.0, 24]","[285.0, 36]",279.45,246,7.11,0.51
07:47:28,"[279.87, 46]","[274.33, 73]","[283.0, 26]","[285.0, 39]",281.43,184,3.13,0.29
07:47:29,"[280.0, 32]","[274.22, 73]","[281.79, 33]","[284.5, 24]",280.89,162,1.79,0.3
07:47:30,"[278.0, 24]","[274.27, 90]","[282.5, 48]","[286.25, 48]",280.25,210,4.5,0.09
07:47:31,"[276.89, 54]","[274.58, 55]","[285.36, 22]","[288.39, 23]",281.13,154,8.47,0.42
07:47:32,"[278.44, 96]","[276.0, 32]","[283.5, 46]","[286.11, 36]",280.97,210,5.06,0.22
07:47:33,"[279.0, 72]","[277.0, 24]","[281.33, 36]","[285.0, 24]",280.17,156,2.33,0.23
07:47:34,"[279.0, 72]","[278.0, 24]","[280.42, 36]","[289.73, 51]",279.71,183,1.42,0.05
07:47:35,"[279.0, 84]","[276.93, 30]","[281.2, 45]","[289.55, 53]",280.1,212,2.2,0.08
07:47:36,"[279.0, 17]","[276.0, 14]","[289.0, 21]","[290.0, 14]",284.0,66,10.0,-0.06
07:47:37,"[279.0, 26]","[276.0, 26]","[289.0, 39]","[290.0, 26]",284.0,117,10.0,-0.11
07:47:38,"[280.33, 24]","[277.5, 16]","[288.62, 24]","[289.53, 19]",284.48,83,8.29,-0.04
07:47:39,"[280.74, 47]","[278.36, 28]","[283.97, 37]","[287.37, 35]",282.36,147,3.23,0.02
07:47:40,"[279.0, 20]","[276.0, 20]","[288.05, 42]","[290.06, 34]",283.52,116,9.05,-0.31
07:47:41,"[279.0, 24]","[276.0, 24]","[286.58, 60]","[288.25, 36]",282.79,144,7.58,-0.33
07:47:42,"[275.67, 24]","[274.24, 34]","[284.42, 60]","[287.75, 36]",280.04,154,8.75,-0.25
07:47:43,"[273.03, 145]","[267.72, 29]","[283.79, 70]","[288.07, 42]",278.41,286,10.76,0.22
07:47:44,"[273.0, 143]","[266.83, 18]","[280.77, 65]","[283.9, 49]",276.88,275,7.77,0.17
07:47:45,"[273.0, 90]","[267.0, 13]","[275.31, 65]","[276.92, 65]",274.15,233,2.31,-0.12
07:47:46,"[268.12, 49]","[240.23, 26]","[273.58, 60]","[275.75, 60]",270.85,195,5.46,-0.23
07:47:47,"[266.0, 55]","[261.0, 33]","[272.18, 55]","[276.0, 55]",269.09,198,6.18,-0.11
07:47:48,"[266.0, 45]","[261.0, 27]","[271.62, 32]","[273.78, 45]",268.81,149,5.62,-0.03
07:47:49,"[266.0, 65]","[264.6, 89]","[271.0, 26]","[272.0, 65]",268.5,245,5.0,0.26
07:47:50,"[266.0, 50]","[264.66, 70]","[271.62, 32]","[274.4, 50]",268.81,202,5.62,0.19
07:47:51,"[266.0, 45]","[261.0, 27]","[275.59, 39]","[279.17, 41]",270.79,152,9.59,-0.05
07:47:52,"[273.5, 60]","[268.37, 60]","[276.25, 24]","[278.0, 60]",274.88,204,2.75,0.18
07:47:53,"[275.0, 27]","[274.0, 54]","[278.0, 45]","[281.67, 30]",276.5,156,3.0,0.04
07:47:54,"[275.0, 45]","[274.0, 90]","[278.0, 75]","[281.0, 75]",276.5,285,3.0,-0.05
07:47:55,"[275.0, 33]","[274.0, 66]","[279.33, 48]","[280.06, 34]",277.17,181,4.33,0.09
07:47:56,"[275.38, 26]","[274.26, 57]","[281.0, 48]","[283.0, 24]",278.19,155,5.62,0.07
07:47:57,"[277.0, 9]","[275.0, 27]","[282.0, 36]","[283.0, 18]",279.5,90,5.0,-0.2
07:47:58,"[277.0, 8]","[275.0, 24]","[281.0, 24]","[282.0, 32]",279.0,88,4.0,-0.27
07:47:59,"[277.0, 9]","[275.0, 27]","[280.0, 27]","[282.0, 36]",278.5,99,3.0,-0.27
07:48:00,"[275.43, 23]","[273.34, 47]","[278.67, 36]","[282.87, 46]",277.05,152,3.23,-0.08
07:48:01,"[274.02, 80]","[264.77, 71]","[276.21, 42]","[280.32, 50]",275.12,243,2.19,0.24
07:48:02,"[274.0, 70]","[265.0, 60]","[275.17, 36]","[282.33, 48]",274.58,214,1.17,0.21
07:48:03,"[274.56, 32]","[268.06, 53]","[283.0, 64]","[284.0, 48]",278.78,197,8.44,-0.14
07:48:04,"[275.75, 24]","[274.0, 24]","[283.0, 48]","[284.0, 36]",279.38,132,7.25,-0.27
07:48:05,"[276.69, 32]","[274.0, 32]","[281.56, 64]","[283.69, 91]",279.12,219,4.88,-0.42
07:48:06,"[278.0, 26]","[276.08, 26]","[280.77, 52]","[284.0, 91]",279.38,195,2.77,-0.47
07:48:07,"[278.0, 20]","[277.0, 20]","[280.0, 40]","[283.0, 40]",279.0,120,2.0,-0.33
07:48:08,"[278.0, 18]","[277.0, 18]","[280.0, 36]","[283.0, 36]",279.0,108,2.0,-0.33
07:48:09,"[275.32, 19]","[274.17, 36]","[278.89, 72]","[283.0, 72]",277.1,199,3.57,-0.45
07:48:10,"[275.0, 7]","[274.0, 14]","[278.0, 28]","[283.0, 28]",276.5,77,3.0,-0.45
07:48:11,"[268.45, 11]","[264.43, 46]","[276.55, 44]","[283.0, 44]",272.5,145,8.09,-0.21
07:48:12,"[266.0, 14]","[263.0, 70]","[275.35, 46]","[280.65, 51]",270.67,181,9.35,-0.07
07:48:13,"[267.79, 109]","[263.61, 44]","[273.0, 63]","[279.9, 49]",270.39,265,5.21,0.15
07:48:14,"[269.0, 80]","[262.25, 16]","[273.0, 24]","[280.0, 32]",271.0,152,4.0,0.26
07:48:15,"[269.8, 100]","[261.95, 22]","[273.0, 30]","[280.0, 40]",271.4,192,3.2,0.27
07:48:16,"[270.82, 110]","[263.91, 11]","[273.0, 33]","[279.44, 45]",271.91,199,2.18,0.22
07:48:17,"[271.51, 136]","[270.5, 96]","[276.9, 77]","[279.39, 82]",274.21,391,5.38,0.19
07:48:18,"[274.07, 75]","[273.15, 132]","[276.53, 60]","[278.18, 68]",275.3,335,2.47,0.24
07:48:19,"[275.59, 34]","[274.03, 129]","[277.02, 57]","[278.23, 69]",276.3,289,1.43,0.13
07:48:20,"[274.6, 20]","[273.9, 97]","[278.0, 65]","[282.0, 65]",276.3,247,3.4,-0.05
07:48:21,"[274.04, 81]","[272.59, 37]","[278.0, 80]","[282.0, 80]",276.02,278,3.96,-0.15
07:48:22,"[274.0, 48]","[269.5, 8]","[278.0, 40]","[282.0, 40]",276.0,136,4.0,-0.18
07:48:23,"[274.0, 63]","[269.0, 14]","[276.76, 37]","[278.29, 66]",275.38,180,2.76,-0.14
07:48:24,"[274.62, 71]","[272.93, 42]","[276.0, 20]","[277.35, 100]",275.31,233,1.38,-0.03
07:48:25,"[275.0, 42]","[274.0, 36]","[277.67, 36]","[279.62, 48]",276.33,162,2.67,-0.04
07:48:26,"[275.0, 85]","[274.0, 45]","[276.82, 44]","[277.6, 60]",275.91,234,1.82,0.11
07:48:27,"[269.13, 15]","[265.27, 33]","[276.45, 44]","[281.0, 55]",272.79,147,7.32,-0.35
07:48:28,"[264.0, 11]","[260.55, 77]","[274.36, 45]","[279.62, 64]",269.18,197,10.36,-0.11
07:48:29,"[278.44, 32]","[262.81, 27]","[284.67, 60]","[305.04, 52]",281.55,171,6.23,-0.31
07:48:30,"[264.0, 9]","[262.0, 139]","[309.0, 45]","[427.76, 17]",286.5,210,45.0,0.41
07:48:31,"[268.17, 35]","[265.22, 18]","[297.21, 42]","[428.26, 23]",282.69,118,29.04,-0.1
07:48:32,"[277.0, 46]","[266.65, 17]","[279.0, 52]","[431.92, 37]",278.0,152,2.0,-0.17
07:48:33,"[277.0, 8]","[267.0, 8]","[279.0, 32]","[354.75, 20]",278.0,68,2.0,-0.53
07:48:34,"[269.0, 5]","[266.0, 8]","[279.0, 20]","[372.0, 25]",274.0,58,10.0,-0.55
07:48:35,"[267.83, 18]","[266.25, 8]","[279.0, 32]","[372.0, 40]",273.42,98,11.17,-0.47
07:48:36,"[268.27, 37]","[267.4, 15]","[279.0, 44]","[355.18, 33]",273.64,129,10.73,-0.19
07:48:37,"[269.77, 108]","[268.75, 60]","[277.57, 70]","[278.48, 66]",273.67,304,7.8,0.11
07:48:38,"[272.4, 81]","[271.43, 74]","[276.35, 69]","[277.87, 90]",274.37,314,3.95,-0.01
07:48:39,"[275.0, 50]","[273.61, 46]","[278.0, 40]","[279.0, 40]",276.5,176,3.0,0.09
07:48:40,"[275.0, 35]","[274.0, 49]","[278.0, 28]","[279.0, 28]",276.5,140,3.0,0.2
07:48:41,"[275.33, 30]","[274.15, 33]","[278.0, 20]","[279.0, 20]",276.67,103,2.67,0.22
07:48:42,"[275.75, 40]","[274.52, 29]","[276.8, 10]","[278.6, 20]",276.27,99,1.05,0.39
07:48:43,"[275.0, 65]","[274.0, 91]","[276.0, 26]","[281.08, 52]",275.5,234,1.0,0.33
07:48:44,"[275.0, 24]","[274.0, 42]","[280.0, 18]","[282.5, 24]",277.5,108,5.0,0.22
07:48:45,"[275.0, 32]","[274.0, 35]","[282.0, 20]","[283.0, 20]",278.5,107,7.0,0.25
07:48:46,"[281.0, 172]","[275.0, 104]","[282.0, 52]","[283.0, 52]",281.5,380,1.0,0.45
07:48:47,"[280.69, 78]","[274.9, 71]","[282.0, 44]","[283.0, 44]",281.35,237,1.31,0.26
07:48:48,"[275.0, 114]","[274.0, 77]","[282.0, 44]","[283.0, 44]",278.5,279,7.0,0.37
07:48:49,"[275.0, 77]","[274.0, 49]","[280.29, 28]","[282.29, 28]",277.64,182,5.29,0.38
07:48:50,"[276.0, 132]","[274.7, 141]","[278.93, 60]","[283.33, 60]",277.47,393,2.93,0.39
07:48:51,"[277.0, 70]","[275.0, 154]","[278.0, 56]","[283.0, 14]",277.5,294,1.0,0.52
07:48:52,"[277.73, 55]","[275.75, 53]","[281.0, 10]","[286.84, 25]",279.36,143,3.27,0.51
07:48:53,"[278.0, 100]","[277.0, 50]","[283.0, 10]","[287.0, 40]",280.5,200,5.0,0.5
07:48:54,"[278.16, 45]","[277.74, 95]","[283.0, 12]","[286.87, 46]",280.58,198,4.84,0.41
07:48:55,"[278.0, 49]","[277.0, 35]","[283.0, 7]","[286.0, 21]",280.5,112,5.0,0.5
07:48:56,"[278.0, 42]","[277.0, 30]","[283.0, 6]","[286.0, 18]",280.5,96,5.0,0.5
07:48:57,"[278.0, 14]","[277.0, 10]","[283.0, 2]","[286.0, 6]",280.5,32,5.0,0.5
07:48:58,"[278.0, 49]","[277.0, 35]","[283.0, 7]","[286.0, 21]",280.5,112,5.0,0.5
07:48:59,"[278.0, 56]","[277.0, 40]","[283.0, 8]","[286.0, 24]",280.5,128,5.0,0.5
07:49:00,"[278.0, 56]","[277.0, 40]","[283.0, 8]","[286.0, 24]",280.5,128,5.0,0.5
07:49:01,"[278.0, 56]","[277.0, 40]","[283.0, 8]","[285.5, 24]",280.5,128,5.0,0.5
07:49:02,"[278.0, 50]","[277.0, 50]","[283.0, 10]","[285.0, 30]",280.5,140,5.0,0.43
07:49:03,"[277.83, 60]","[276.52, 66]","[283.0, 12]","[285.0, 36]",280.42,174,5.17,0.45
07:49:04,"[277.0, 31]","[275.0, 88]","[282.23, 26]","[284.57, 23]",279.62,168,5.23,0.42
07:49:05,"[275.0, 63]","[273.0, 33]","[282.0, 36]","[283.0, 9]",278.5,141,7.0,0.36
07:49:06,"[275.0, 56]","[273.0, 56]","[282.0, 32]","[283.0, 8]",278.5,152,7.0,0.47
07:49:07,"[275.0, 56]","[273.0, 56]","[282.0, 32]","[283.0, 8]",278.5,152,7.0,0.47
