Time,Bid1,Bid2,Ask1,Ask2,Mid-Price,Total_volume,Bid_ask_spread,Order_imbalance
07:30:00,"[98.0, 7]","[0, 0]","[0, 0]","[0, 0]",49.0,7,-98.0,1.0
07:30:01,"[33.0, 14]","[0, 0]","[116.0, 1]","[0, 0]",74.5,15,83.0,0.87
07:30:03,"[51.41, 17]","[64.0, 7]","[116.0, 3]","[118.0, 3]",83.71,30,64.59,0.6
07:30:04,"[84.0, 18]","[60.97, 32]","[104.71, 17]","[116.75, 8]",94.35,75,20.71,0.33
07:30:05,"[95.6, 15]","[77.6, 15]","[100.0, 24]","[103.5, 6]",97.8,60,4.4,0.0
07:30:06,"[96.0, 15]","[95.0, 10]","[106.5, 12]","[110.4, 5]",101.25,42,10.5,0.19
07:30:07,"[96.0, 15]","[70.78, 9]","[109.67, 6]","[113.4, 5]",102.83,35,13.67,0.37
07:30:08,"[100.21, 19]","[94.7, 27]","[139.57, 14]","[174.5, 16]",119.89,76,39.36,0.21
07:30:09,"[102.09, 64]","[100.53, 36]","[123.89, 35]","[168.29, 14]",112.99,149,21.79,0.34
07:30:10,"[103.06, 52]","[101.4, 35]","[106.0, 40]","[168.0, 16]",104.53,143,2.94,0.22
07:30:11,"[103.36, 61]","[101.64, 47]","[105.67, 24]","[151.27, 22]",104.51,154,2.31,0.4
07:30:12,"[97.53, 34]","[92.76, 17]","[105.6, 10]","[379.33, 12]",101.56,73,8.07,0.4
07:30:13,"[95.5, 48]","[94.6, 20]","[106.0, 7]","[516.0, 12]",100.75,87,10.5,0.56
07:30:14,"[97.0, 10]","[96.0, 60]","[106.0, 5]","[448.8, 10]",101.5,85,9.0,0.65
07:30:15,"[99.12, 52]","[96.94, 62]","[106.0, 12]","[112.18, 34]",102.56,160,6.88,0.42
07:30:16,"[101.38, 16]","[100.36, 25]","[106.0, 7]","[109.0, 21]",103.69,69,4.62,0.19
07:30:17,"[104.37, 19]","[100.69, 35]","[107.59, 17]","[120.22, 27]",105.98,98,3.22,0.1
07:30:18,"[106.93, 15]","[100.2, 106]","[135.25, 32]","[374.17, 12]",121.09,165,28.32,0.47
07:30:19,"[114.5, 20]","[111.57, 14]","[244.58, 12]","[366.82, 11]",179.54,57,130.08,0.19
07:30:20,"[119.0, 10]","[114.0, 10]","[151.0, 16]","[299.5, 10]",135.0,46,32.0,-0.13
07:30:21,"[115.53, 59]","[113.23, 35]","[125.06, 32]","[173.11, 28]",120.29,154,9.54,0.22
07:30:22,"[116.0, 72]","[114.0, 42]","[122.74, 38]","[141.0, 35]",119.37,187,6.74,0.22
07:30:23,"[114.4, 20]","[112.82, 11]","[121.0, 7]","[123.0, 21]",117.7,59,6.6,0.05
07:30:24,"[113.81, 31]","[112.9, 30]","[122.3, 33]","[145.5, 24]",118.05,118,8.5,0.03
07:30:25,"[114.51, 65]","[112.89, 27]","[121.0, 77]","[213.0, 11]",117.75,180,6.49,0.02
07:30:26,"[115.0, 84]","[113.5, 36]","[120.33, 60]","[134.14, 28]",117.67,208,5.33,0.15
07:30:27,"[115.0, 21]","[114.0, 9]","[119.0, 12]","[121.0, 9]",117.0,51,4.0,0.18
07:30:28,"[115.88, 56]","[114.0, 32]","[118.0, 32]","[125.25, 16]",116.94,136,2.12,0.29
07:30:29,"[115.42, 55]","[113.75, 48]","[116.96, 46]","[121.51, 49]",116.19,198,1.54,0.04
07:30:30,"[114.5, 64]","[113.31, 52]","[119.35, 55]","[132.26, 31]",116.92,202,4.85,0.15
07:30:31,"[116.0, 27]","[114.0, 36]","[120.0, 27]","[121.0, 36]",118.0,126,4.0,0.0
07:30:32,"[116.0, 33]","[114.0, 44]","[118.55, 33]","[121.0, 44]",117.27,154,2.55,0.0
07:30:33,"[116.0, 21]","[114.0, 28]","[118.0, 21]","[121.0, 28]",117.0,98,2.0,0.0
07:30:34,"[116.0, 48]","[114.0, 64]","[117.0, 28]","[121.0, 64]",116.5,204,1.0,0.1
07:30:35,"[115.8, 40]","[113.94, 51]","[117.0, 13]","[121.0, 52]",116.4,156,1.2,0.17
07:30:36,"[114.0, 56]","[113.0, 42]","[116.71, 14]","[120.64, 44]",115.36,156,2.71,0.26
07:30:37,"[114.74, 47]","[113.12, 34]","[119.08, 26]","[184.27, 11]",116.91,118,4.33,0.37
07:30:38,"[119.0, 42]","[114.0, 24]","[120.0, 24]","[302.19, 21]",119.5,111,1.0,0.19
07:30:39,"[119.0, 49]","[114.0, 28]","[120.0, 28]","[227.33, 9]",119.5,114,1.0,0.35
07:30:40,"[117.64, 44]","[113.69, 29]","[120.0, 32]","[407.03, 29]",118.82,134,2.36,0.09
07:30:41,"[114.0, 28]","[113.0, 21]","[119.25, 16]","[129.28, 25]",116.62,90,5.25,0.09
07:30:42,"[114.0, 45]","[113.0, 42]","[119.88, 41]","[129.64, 56]",116.94,184,5.88,-0.05
07:30:43,"[114.0, 66]","[113.0, 45]","[117.73, 15]","[119.4, 60]",115.87,186,3.73,0.19
07:30:44,"[112.27, 56]","[111.95, 20]","[296.56, 39]","[393.49, 41]",204.42,156,184.3,-0.03
07:30:45,"[109.0, 56]","[107.0, 8]","[175.0, 12]","[428.8, 20]",142.0,96,66.0,0.33
07:30:46,"[109.0, 67]","[107.0, 10]","[332.76, 21]","[447.16, 25]",220.88,123,223.76,0.25
07:30:47,"[117.82, 34]","[111.71, 59]","[258.44, 18]","[344.0, 22]",188.13,133,140.62,0.4
07:30:48,"[119.0, 6]","[112.0, 12]","[183.0, 2]","[303.5, 4]",151.0,24,64.0,0.5
07:30:49,"[117.63, 41]","[111.68, 74]","[200.57, 28]","[300.12, 25]",159.1,168,82.94,0.37
07:30:50,"[112.95, 19]","[111.82, 34]","[238.82, 22]","[267.11, 18]",175.88,93,125.87,0.14
07:30:51,"[113.77, 26]","[112.45, 22]","[257.25, 32]","[259.0, 32]",185.51,112,143.48,-0.14
07:30:52,"[114.0, 56]","[113.0, 28]","[245.36, 44]","[257.5, 56]",179.68,184,131.36,-0.09
07:30:53,"[115.8, 40]","[113.96, 50]","[254.23, 52]","[255.69, 52]",185.02,194,138.43,-0.07
07:30:54,"[116.0, 168]","[114.0, 76]","[235.16, 76]","[240.95, 76]",175.58,396,119.16,0.23
07:30:55,"[116.0, 66]","[114.0, 44]","[202.82, 34]","[203.8, 40]",159.41,184,86.82,0.2
07:30:56,"[116.0, 48]","[114.0, 32]","[145.67, 24]","[186.67, 24]",130.83,128,29.67,0.25
07:30:57,"[116.0, 42]","[114.0, 28]","[117.86, 28]","[119.0, 14]",116.93,112,1.86,0.25
07:30:58,"[114.32, 62]","[113.43, 46]","[117.09, 46]","[133.28, 36]",115.7,190,2.76,0.14
07:30:59,"[114.0, 8]","[113.0, 4]","[118.0, 4]","[119.0, 4]",116.0,20,4.0,0.2
07:31:00,"[114.0, 32]","[113.0, 18]","[118.0, 18]","[119.0, 18]",116.0,86,4.0,0.16
07:31:01,"[114.0, 16]","[113.0, 20]","[116.5, 20]","[149.6, 20]",115.25,76,2.5,-0.05
07:31:02,"[112.0, 40]","[111.0, 46]","[116.0, 20]","[340.0, 29]",114.0,135,4.0,0.27
07:31:03,"[111.71, 51]","[110.43, 63]","[115.0, 30]","[201.31, 59]",113.35,203,3.29,0.12
07:31:04,"[107.31, 39]","[80.35, 46]","[112.58, 24]","[119.5, 60]",109.95,169,5.28,0.01
07:31:05,"[109.33, 30]","[94.6, 20]","[112.0, 12]","[118.0, 30]",110.67,92,2.67,0.09
07:31:06,"[110.0, 176]","[109.0, 31]","[113.54, 26]","[122.26, 42]",111.77,275,3.54,0.51
07:31:07,"[112.07, 42]","[109.67, 106]","[117.0, 70]","[391.85, 34]",114.54,252,4.93,0.17
07:31:08,"[112.86, 37]","[111.92, 39]","[117.0, 57]","[164.74, 27]",114.93,160,4.14,-0.05
07:31:09,"[112.16, 25]","[111.22, 27]","[117.0, 36]","[273.69, 26]",114.58,114,4.84,-0.09
07:31:10,"[113.0, 20]","[112.0, 30]","[117.0, 40]","[275.76, 25]",115.0,115,4.0,-0.13
07:31:11,"[112.61, 23]","[111.7, 30]","[113.83, 18]","[116.64, 28]",113.22,99,1.22,0.07
07:31:12,"[111.81, 16]","[109.62, 48]","[113.19, 21]","[114.5, 8]",112.5,93,1.38,0.38
07:31:13,"[111.36, 22]","[109.03, 156]","[113.06, 16]","[115.29, 28]",112.21,222,1.7,0.6
07:31:14,"[112.5, 40]","[111.0, 10]","[115.09, 11]","[128.35, 37]",113.8,98,2.59,0.02
07:31:15,"[113.59, 34]","[111.0, 9]","[131.59, 17]","[488.2, 15]",122.59,75,18.0,0.15
07:31:16,"[115.33, 6]","[111.0, 3]","[359.67, 9]","[514.33, 6]",237.5,24,244.33,-0.25
07:31:17,"[116.0, 10]","[111.0, 5]","[353.4, 20]","[381.0, 5]",234.7,40,237.4,-0.25
07:31:18,"[109.3, 47]","[108.02, 148]","[324.9, 40]","[372.4, 10]",217.1,245,215.6,0.59
07:31:19,"[109.0, 75]","[108.0, 108]","[295.24, 21]","[617.33, 12]",202.12,216,186.24,0.69
07:31:20,"[117.46, 26]","[110.87, 77]","[133.15, 40]","[169.78, 45]",125.31,188,15.69,0.1
07:31:21,"[114.0, 66]","[111.0, 135]","[129.93, 28]","[139.72, 47]",121.96,276,15.93,0.46
07:31:22,"[114.43, 56]","[111.18, 100]","[128.26, 19]","[129.59, 17]",121.35,192,13.83,0.62
07:31:23,"[114.0, 67]","[111.0, 90]","[124.8, 10]","[128.06, 17]",119.4,184,10.8,0.71
07:31:24,"[114.0, 30]","[111.0, 150]","[125.93, 27]","[127.56, 18]",119.96,225,11.93,0.6
07:31:25,"[117.64, 22]","[113.0, 30]","[124.0, 22]","[126.0, 11]",120.82,85,6.36,0.22
07:31:26,"[118.0, 24]","[114.18, 22]","[122.5, 20]","[124.19, 16]",120.25,82,4.5,0.12
07:31:27,"[118.0, 19]","[114.92, 13]","[119.46, 13]","[121.35, 17]",118.73,62,1.46,0.03
07:31:28,"[115.25, 12]","[114.04, 23]","[119.17, 24]","[181.33, 12]",117.21,71,3.92,-0.01
07:31:29,"[115.0, 11]","[114.0, 22]","[140.45, 31]","[233.75, 16]",127.73,80,25.45,-0.17
07:31:30,"[114.67, 12]","[113.4, 40]","[287.07, 14]","[397.3, 20]",200.87,86,172.4,0.21
07:31:31,"[114.0, 14]","[113.0, 84]","[223.71, 21]","[450.0, 7]",168.86,126,109.71,0.56
07:31:32,"[114.0, 18]","[113.0, 108]","[161.29, 35]","[249.13, 15]",137.64,176,47.29,0.43
07:31:33,"[113.12, 82]","[112.86, 84]","[115.0, 60]","[159.33, 12]",114.06,238,1.88,0.39
07:31:34,"[113.09, 57]","[112.89, 71]","[115.0, 28]","[128.0, 9]",114.04,165,1.91,0.55
07:31:35,"[113.0, 73]","[112.0, 12]","[115.0, 6]","[128.0, 6]",114.0,97,2.0,0.75
07:31:36,"[113.0, 63]","[112.0, 14]","[115.0, 7]","[245.29, 7]",114.0,91,2.0,0.69
07:31:37,"[113.0, 28]","[112.0, 20]","[115.0, 10]","[406.0, 10]",114.0,68,2.0,0.41
07:31:38,"[102.36, 14]","[75.0, 18]","[124.85, 13]","[356.0, 13]",113.6,58,22.49,0.1
07:31:39,"[116.0, 6]","[107.62, 8]","[493.67, 6]","[648.33, 6]",304.83,26,377.67,0.08
07:31:40,"[116.9, 10]","[110.24, 17]","[489.0, 10]","[612.4, 10]",302.95,47,372.1,0.15
07:31:41,"[93.0, 9]","[82.67, 15]","[169.0, 9]","[418.56, 9]",131.0,42,76.0,0.14
07:31:42,"[89.2, 10]","[35.0, 14]","[104.0, 10]","[217.3, 10]",96.6,44,14.8,0.09
07:31:43,"[89.0, 12]","[47.23, 44]","[378.21, 24]","[480.63, 30]",233.6,110,289.21,0.02
07:31:44,"[89.0, 5]","[67.0, 20]","[281.79, 14]","[378.09, 11]",185.39,50,192.79,0.0
07:31:45,"[89.0, 10]","[31.59, 22]","[334.26, 19]","[427.59, 22]",211.63,73,245.26,-0.12
07:31:46,"[106.32, 22]","[73.5, 16]","[223.57, 14]","[315.98, 41]",164.94,93,117.25,-0.18
07:31:47,"[116.0, 10]","[114.0, 30]","[127.0, 30]","[128.0, 10]",121.5,80,11.0,0.0
07:31:48,"[114.05, 43]","[109.21, 73]","[125.35, 34]","[126.22, 37]",119.7,187,11.31,0.24
07:31:49,"[116.86, 49]","[111.24, 87]","[123.56, 32]","[125.27, 33]",120.21,201,6.71,0.35
07:31:50,"[114.0, 51]","[112.5, 20]","[121.52, 25]","[122.8, 25]",117.76,121,7.52,0.17
07:31:51,"[114.0, 40]","[111.0, 8]","[119.1, 21]","[120.47, 19]",116.55,88,5.1,0.09
07:31:52,"[113.43, 21]","[109.49, 37]","[115.48, 25]","[118.79, 28]",114.45,111,2.05,0.05
07:31:53,"[109.93, 28]","[108.76, 55]","[112.45, 11]","[123.43, 14]",111.19,108,2.53,0.54
07:31:54,"[109.0, 42]","[84.0, 7]","[115.0, 7]","[158.14, 7]",112.0,63,6.0,0.56
07:31:55,"[109.57, 28]","[104.25, 32]","[262.6, 10]","[468.5, 10]",186.09,80,153.03,0.5
07:31:56,"[109.86, 28]","[93.94, 17]","[502.0, 9]","[599.0, 27]",305.93,81,392.14,0.11
07:31:57,"[95.5, 10]","[67.03, 30]","[502.0, 7]","[621.67, 9]",298.75,56,406.5,0.43
07:31:58,"[76.78, 18]","[63.35, 23]","[116.0, 8]","[502.0, 8]",96.39,57,39.22,0.44
07:31:59,"[90.1, 40]","[83.55, 44]","[502.0, 8]","[635.0, 32]",296.05,124,411.9,0.35
07:32:00,"[101.2, 20]","[89.71, 34]","[354.67, 27]","[565.39, 33]",227.93,114,253.47,-0.05
07:32:01,"[102.86, 28]","[101.0, 20]","[107.0, 46]","[455.38, 26]",104.93,120,4.14,-0.2
07:32:02,"[103.6, 20]","[90.23, 13]","[186.19, 21]","[415.27, 22]",144.9,76,82.59,-0.13
07:32:03,"[104.52, 23]","[80.15, 96]","[277.23, 39]","[384.81, 32]",190.88,190,172.71,0.25
07:32:04,"[116.0, 14]","[108.44, 72]","[210.08, 38]","[233.18, 40]",163.04,164,94.08,0.05
07:32:05,"[109.0, 104]","[72.21, 165]","[184.46, 39]","[211.15, 39]",146.73,347,75.46,0.55
07:32:06,"[109.0, 64]","[72.09, 11]","[184.0, 24]","[341.94, 34]",146.5,133,75.0,0.13
07:32:07,"[118.33, 54]","[109.83, 48]","[181.83, 35]","[239.04, 53]",150.08,190,63.5,0.07
07:32:08,"[119.0, 55]","[111.76, 34]","[179.55, 33]","[182.0, 55]",149.27,177,60.55,0.01
07:32:09,"[119.0, 40]","[113.25, 24]","[177.94, 32]","[178.64, 28]",148.47,124,58.94,0.03
07:32:10,"[119.0, 75]","[114.0, 45]","[174.47, 19]","[176.78, 41]",146.74,180,55.47,0.33
07:32:11,"[119.0, 45]","[114.0, 27]","[170.22, 18]","[170.71, 24]",144.61,114,51.22,0.26
07:32:12,"[115.86, 65]","[113.4, 53]","[165.64, 42]","[166.29, 21]",140.75,181,49.78,0.3
07:32:13,"[115.34, 44]","[114.0, 24]","[161.88, 40]","[163.0, 8]",138.61,116,46.53,0.17
07:32:14,"[115.86, 86]","[113.86, 56]","[158.26, 38]","[158.65, 60]",137.06,240,42.4,0.18
07:32:15,"[114.75, 12]","[113.24, 37]","[153.7, 20]","[156.0, 10]",134.22,79,38.95,0.24
07:32:16,"[114.0, 18]","[113.0, 56]","[148.27, 30]","[148.87, 38]",131.13,142,34.27,0.04
07:32:17,"[114.0, 24]","[113.0, 32]","[144.17, 24]","[144.48, 25]",129.08,105,30.17,0.07
07:32:18,"[114.0, 30]","[113.0, 36]","[141.56, 18]","[142.48, 33]",127.78,117,27.56,0.13
07:32:19,"[118.52, 93]","[113.64, 33]","[136.2, 20]","[136.24, 21]",127.36,167,17.68,0.51
07:32:20,"[119.0, 156]","[114.0, 39]","[129.48, 31]","[130.46, 41]",124.24,267,10.48,0.46
07:32:21,"[119.0, 109]","[114.0, 36]","[125.11, 18]","[128.57, 42]",122.06,205,6.11,0.41
07:32:22,"[119.0, 27]","[114.0, 21]","[120.79, 24]","[122.25, 12]",119.9,84,1.79,0.14
07:32:23,"[115.67, 21]","[113.17, 36]","[119.7, 50]","[344.62, 21]",117.68,128,4.03,-0.11
07:32:24,"[114.0, 12]","[113.0, 24]","[119.0, 30]","[344.4, 15]",116.5,81,5.0,-0.11
07:32:25,"[114.29, 14]","[113.29, 28]","[117.89, 45]","[176.0, 18]",116.09,105,3.6,-0.2
07:32:26,"[114.14, 7]","[113.04, 25]","[116.0, 29]","[383.86, 14]",115.07,75,1.86,-0.15
07:32:27,"[113.36, 22]","[112.16, 25]","[115.44, 36]","[351.0, 18]",114.4,101,2.08,-0.07
07:32:28,"[113.57, 14]","[112.31, 13]","[116.71, 14]","[403.94, 17]",115.14,58,3.14,-0.07
07:32:29,"[113.47, 19]","[112.08, 26]","[411.0, 24]","[556.07, 30]",262.24,99,297.53,-0.09
07:32:30,"[116.0, 13]","[113.0, 14]","[226.75, 32]","[420.45, 31]",171.38,90,110.75,-0.4
07:32:31,"[116.0, 9]","[113.0, 18]","[156.11, 18]","[158.0, 36]",136.06,81,40.11,-0.33
07:32:32,"[117.29, 7]","[113.82, 11]","[154.43, 14]","[158.0, 28]",135.86,60,37.14,-0.4
07:32:33,"[112.0, 30]","[111.0, 40]","[153.54, 26]","[185.29, 34]",132.77,130,41.54,0.08
07:32:34,"[112.0, 31]","[109.91, 110]","[153.0, 52]","[154.0, 26]",132.5,219,41.0,0.29
07:32:35,"[111.07, 60]","[109.35, 102]","[151.88, 32]","[152.91, 22]",131.47,216,40.81,0.5
07:32:36,"[116.0, 13]","[112.14, 37]","[150.44, 36]","[152.0, 18]",133.22,104,34.44,-0.04
07:32:37,"[113.0, 9]","[111.0, 72]","[148.58, 24]","[149.5, 20]",130.79,125,35.58,0.3
07:32:38,"[111.0, 42]","[109.0, 49]","[131.33, 18]","[145.0, 14]",121.17,123,20.33,0.48
07:32:39,"[111.0, 88]","[109.0, 105]","[141.73, 44]","[143.6, 30]",126.36,267,30.73,0.45
07:32:40,"[111.33, 27]","[109.92, 78]","[138.04, 46]","[138.67, 42]",124.69,193,26.71,0.09
07:32:41,"[113.78, 32]","[110.7, 23]","[132.94, 36]","[135.0, 36]",123.36,127,19.16,-0.13
07:32:42,"[111.83, 18]","[109.04, 93]","[129.47, 38]","[130.46, 50]",120.65,199,17.64,0.12
07:32:43,"[114.0, 56]","[111.0, 14]","[124.95, 39]","[125.92, 39]",119.47,148,10.95,-0.05
07:32:44,"[114.36, 44]","[112.5, 24]","[119.19, 37]","[121.44, 41]",116.78,146,4.83,-0.07
07:32:45,"[115.67, 27]","[112.2, 15]","[121.33, 36]","[156.16, 38]",118.5,116,5.67,-0.28
07:32:46,"[116.22, 54]","[112.89, 57]","[121.17, 53]","[123.38, 55]",118.7,219,4.95,0.01
07:32:47,"[114.0, 60]","[111.0, 50]","[116.8, 40]","[118.0, 40]",115.4,190,2.8,0.16
07:32:48,"[113.42, 52]","[110.76, 51]","[115.45, 44]","[123.94, 34]",114.44,181,2.03,0.14
07:32:49,"[111.0, 40]","[109.0, 24]","[113.5, 32]","[150.5, 16]",112.25,112,2.5,0.14
07:32:50,"[111.0, 26]","[109.0, 18]","[112.0, 19]","[381.4, 15]",111.5,78,1.0,0.13
07:32:51,"[111.0, 6]","[109.0, 9]","[225.33, 9]","[510.0, 7]",168.17,31,114.33,-0.03
07:32:52,"[109.33, 12]","[69.48, 31]","[217.11, 27]","[370.0, 18]",163.22,88,107.78,-0.02
07:32:53,"[109.0, 18]","[79.57, 46]","[208.89, 27]","[407.85, 27]",158.94,118,99.89,0.08
07:32:54,"[110.18, 22]","[104.88, 25]","[174.2, 15]","[242.62, 26]",142.19,88,64.02,0.07
07:32:55,"[116.0, 8]","[110.75, 20]","[196.39, 23]","[205.3, 10]",156.2,61,80.39,-0.08
07:32:56,"[111.27, 11]","[99.1, 21]","[198.95, 22]","[205.3, 10]",155.11,64,87.68,0.0
07:32:57,"[90.52, 29]","[44.33, 30]","[195.89, 9]","[199.0, 27]",143.2,95,105.37,0.24
07:32:58,"[87.37, 49]","[45.6, 45]","[114.14, 14]","[187.0, 34]",100.76,142,26.78,0.32
07:32:59,"[112.0, 27]","[96.79, 38]","[113.0, 9]","[414.71, 28]",112.5,102,1.0,0.27
07:33:00,"[112.0, 30]","[109.69, 32]","[443.64, 25]","[536.29, 34]",277.82,121,331.64,0.02
07:33:01,"[112.0, 12]","[110.0, 18]","[416.33, 24]","[584.05, 19]",264.17,73,304.33,-0.18
07:33:02,"[112.0, 26]","[110.0, 39]","[251.19, 31]","[314.56, 45]",181.6,141,139.19,-0.08
07:33:03,"[111.9, 29]","[105.06, 34]","[136.33, 36]","[248.58, 24]",124.11,123,24.44,0.02
07:33:04,"[117.09, 23]","[110.94, 31]","[171.62, 13]","[188.4, 15]",144.35,82,54.53,0.32
07:33:05,"[111.0, 12]","[109.0, 4]","[168.1, 10]","[169.25, 4]",139.55,30,57.1,0.07
07:33:06,"[111.0, 33]","[109.0, 11]","[168.0, 33]","[169.0, 11]",139.5,88,57.0,0.0
07:33:07,"[110.94, 34]","[109.76, 33]","[167.2, 35]","[168.29, 17]",139.07,119,56.26,0.13
07:33:08,"[113.0, 32]","[109.86, 28]","[163.61, 28]","[165.5, 36]",138.3,124,50.61,-0.03
07:33:09,"[111.94, 34]","[109.44, 18]","[159.24, 34]","[159.7, 40]",135.59,126,47.29,-0.17
07:33:10,"[115.26, 46]","[112.96, 23]","[155.8, 35]","[156.89, 18]",135.53,122,40.54,0.13
07:33:11,"[115.41, 17]","[111.5, 16]","[148.62, 13]","[154.47, 17]",132.01,63,33.2,0.05
07:33:12,"[114.0, 14]","[110.0, 28]","[131.14, 14]","[132.76, 34]",122.57,90,17.14,-0.07
07:33:13,"[111.33, 12]","[109.5, 16]","[126.32, 31]","[127.2, 20]",118.83,79,14.99,-0.29
07:33:14,"[110.0, 13]","[109.0, 13]","[122.56, 27]","[123.19, 21]",116.28,74,12.56,-0.3
07:33:15,"[112.0, 8]","[110.0, 4]","[117.86, 7]","[118.58, 12]",114.93,31,5.86,-0.23
07:33:16,"[112.0, 29]","[110.0, 15]","[114.33, 30]","[115.58, 26]",113.17,100,2.33,-0.12
07:33:17,"[112.0, 9]","[111.0, 9]","[113.43, 21]","[117.0, 9]",112.71,48,1.43,-0.25
07:33:18,"[111.09, 11]","[109.18, 11]","[287.0, 23]","[355.17, 36]",199.05,81,175.91,-0.46
07:33:19,"[118.64, 66]","[110.5, 12]","[293.79, 28]","[365.53, 45]",206.21,151,175.15,0.03
07:33:20,"[119.0, 115]","[114.93, 14]","[231.9, 48]","[313.67, 42]",175.45,219,112.9,0.18
07:33:21,"[119.0, 74]","[116.0, 9]","[258.0, 45]","[495.78, 18]",188.5,146,139.0,0.14
07:33:22,"[119.0, 32]","[116.0, 4]","[258.0, 20]","[316.0, 7]",188.5,63,139.0,0.14
07:33:23,"[119.0, 80]","[116.0, 10]","[269.9, 42]","[610.33, 12]",194.45,144,150.9,0.25
07:33:24,"[119.0, 96]","[116.0, 12]","[232.87, 23]","[593.08, 13]",175.93,144,113.87,0.5
07:33:25,"[119.0, 33]","[116.0, 6]","[343.33, 9]","[727.67, 12]",231.17,60,224.33,0.3
07:33:26,"[119.0, 73]","[116.0, 13]","[322.17, 29]","[511.31, 51]",220.59,166,203.17,0.04
07:33:27,"[119.0, 55]","[116.0, 11]","[275.36, 55]","[735.36, 22]",197.18,143,156.36,-0.08
07:33:28,"[119.0, 46]","[116.0, 12]","[192.48, 50]","[365.33, 27]",155.74,135,73.48,-0.14
07:33:29,"[119.0, 64]","[116.0, 17]","[130.3, 40]","[151.81, 62]",124.65,183,11.3,-0.11
07:33:30,"[114.2, 75]","[113.23, 13]","[128.77, 26]","[130.16, 38]",121.48,152,14.57,0.16
07:33:31,"[114.0, 54]","[113.0, 9]","[125.33, 18]","[126.56, 18]",119.67,99,11.33,0.27
07:33:32,"[114.48, 31]","[113.5, 10]","[123.4, 20]","[124.6, 20]",118.94,81,8.92,0.01
07:33:33,"[116.0, 30]","[114.0, 10]","[119.5, 20]","[121.0, 20]",117.75,80,3.5,0.0
07:33:34,"[116.0, 36]","[114.0, 11]","[118.32, 31]","[122.11, 37]",117.16,115,2.32,-0.18
07:33:35,"[112.38, 40]","[111.44, 45]","[115.56, 70]","[117.15, 40]",113.97,195,3.18,-0.13
07:33:36,"[112.0, 49]","[111.0, 52]","[113.61, 41]","[114.2, 50]",112.8,192,1.61,0.05
07:33:37,"[112.0, 14]","[111.0, 49]","[113.89, 62]","[357.4, 30]",112.94,155,1.89,-0.19
07:33:38,"[111.56, 16]","[110.83, 60]","[152.08, 13]","[230.87, 30]",131.82,119,40.51,0.28
07:33:39,"[111.0, 49]","[109.0, 35]","[200.0, 28]","[271.5, 24]",155.5,136,89.0,0.24
07:33:40,"[111.0, 47]","[93.98, 49]","[289.93, 30]","[429.14, 28]",200.47,154,178.93,0.25
07:33:41,"[110.74, 23]","[74.69, 26]","[357.86, 14]","[526.0, 14]",234.3,77,247.12,0.27
07:33:42,"[111.0, 45]","[109.0, 9]","[278.42, 24]","[391.0, 20]",194.71,98,167.42,0.1
07:33:43,"[111.0, 29]","[109.0, 7]","[327.0, 28]","[375.0, 14]",219.0,78,216.0,-0.08
07:33:44,"[111.0, 36]","[109.0, 13]","[387.89, 36]","[470.48, 42]",249.44,127,276.89,-0.23
07:33:45,"[111.0, 11]","[109.0, 11]","[267.57, 49]","[467.08, 26]",189.29,97,156.57,-0.55
07:33:46,"[111.0, 6]","[109.0, 6]","[239.0, 14]","[347.52, 21]",175.0,47,128.0,-0.49
07:33:47,"[112.08, 36]","[111.0, 12]","[278.27, 30]","[403.6, 47]",195.17,125,166.18,-0.23
07:33:48,"[118.4, 30]","[112.93, 28]","[190.0, 20]","[355.68, 38]",154.2,116,71.6,0.0
07:33:49,"[119.0, 30]","[115.4, 30]","[296.0, 20]","[363.0, 40]",207.5,120,177.0,0.0
07:33:50,"[119.0, 30]","[116.0, 30]","[167.19, 42]","[423.59, 34]",143.1,136,48.19,-0.12
07:33:51,"[119.0, 30]","[116.0, 30]","[188.0, 24]","[273.43, 42]",153.5,126,69.0,-0.05
07:33:52,"[116.31, 29]","[114.07, 81]","[240.38, 42]","[290.37, 54]",178.35,206,124.07,0.07
07:33:53,"[116.0, 4]","[114.0, 12]","[232.0, 6]","[234.0, 4]",174.0,26,116.0,0.23
07:33:54,"[116.0, 20]","[114.0, 60]","[219.62, 34]","[232.17, 36]",167.81,150,103.62,0.07
07:33:55,"[114.8, 30]","[113.57, 63]","[217.56, 25]","[323.98, 43]",166.18,161,102.76,0.16
07:33:56,"[114.0, 48]","[113.0, 72]","[161.25, 12]","[216.5, 16]",137.62,148,47.25,0.62
07:33:57,"[114.0, 52]","[113.0, 73]","[131.86, 21]","[132.9, 20]",122.93,166,17.86,0.51
07:33:58,"[115.1, 111]","[113.36, 125]","[127.56, 41]","[128.31, 55]",121.33,332,12.46,0.42
07:33:59,"[116.0, 84]","[114.0, 156]","[121.61, 18]","[124.1, 30]",118.81,288,5.61,0.67
07:34:00,"[116.0, 70]","[114.0, 130]","[118.54, 26]","[119.85, 26]",117.27,252,2.54,0.59
07:34:01,"[116.0, 29]","[114.0, 104]","[117.0, 24]","[118.0, 40]",116.5,197,1.0,0.35
07:34:02,"[114.05, 114]","[112.96, 48]","[116.7, 30]","[158.0, 16]",115.38,208,2.65,0.56
07:34:03,"[114.0, 110]","[112.45, 33]","[115.72, 29]","[188.42, 19]",114.86,191,1.72,0.5
07:34:04,"[114.0, 80]","[113.0, 24]","[115.75, 16]","[209.41, 17]",114.88,137,1.75,0.52
07:34:05,"[114.0, 80]","[113.0, 24]","[115.5, 16]","[151.55, 31]",114.75,151,1.5,0.38
07:34:06,"[114.0, 76]","[113.0, 30]","[115.0, 20]","[169.14, 35]",114.5,161,1.0,0.32
07:34:07,"[114.0, 77]","[113.0, 33]","[115.0, 22]","[118.0, 22]",114.5,154,1.0,0.43
07:34:08,"[114.0, 30]","[113.0, 18]","[208.67, 9]","[337.12, 8]",161.33,65,94.67,0.48
07:34:09,"[114.0, 55]","[113.0, 33]","[333.56, 18]","[443.38, 13]",223.78,119,219.56,0.48
07:34:10,"[114.0, 111]","[113.0, 45]","[366.11, 37]","[402.48, 23]",240.05,216,252.11,0.44
07:34:11,"[114.0, 36]","[113.0, 27]","[250.75, 24]","[284.31, 16]",182.38,103,136.75,0.22
07:34:12,"[113.69, 35]","[112.55, 33]","[233.0, 33]","[298.47, 17]",173.34,118,119.31,0.15
07:34:13,"[113.0, 18]","[112.0, 27]","[231.66, 29]","[322.06, 18]",172.33,92,118.66,-0.02
07:34:14,"[113.58, 38]","[112.14, 28]","[228.59, 32]","[230.06, 48]",171.09,146,115.01,-0.1
07:34:15,"[114.0, 132]","[113.0, 24]","[224.38, 42]","[225.57, 54]",169.19,252,110.38,0.24
07:34:16,"[114.0, 154]","[113.0, 28]","[195.78, 58]","[219.67, 48]",154.89,288,81.78,0.26
07:34:17,"[114.0, 154]","[113.0, 28]","[153.48, 48]","[175.42, 38]",133.74,268,39.48,0.36
07:34:18,"[114.0, 130]","[113.0, 28]","[149.57, 46]","[151.33, 36]",131.78,240,35.57,0.32
07:34:19,"[114.47, 64]","[113.91, 86]","[140.15, 47]","[145.94, 31]",127.31,228,25.68,0.32
07:34:20,"[115.13, 121]","[113.99, 404]","[122.75, 85]","[129.28, 50]",118.94,660,7.62,0.59
07:34:21,"[114.59, 371]","[113.87, 169]","[119.31, 80]","[120.44, 64]",116.95,684,4.72,0.58
07:34:22,"[116.0, 109]","[114.0, 210]","[117.62, 40]","[231.79, 39]",116.81,398,1.62,0.6
07:34:23,"[116.0, 54]","[114.0, 126]","[117.83, 30]","[333.0, 24]",116.92,234,1.83,0.54
07:34:24,"[116.0, 148]","[114.0, 252]","[117.0, 60]","[397.58, 48]",116.5,508,1.0,0.57
07:34:25,"[116.0, 86]","[114.0, 189]","[428.24, 37]","[606.64, 44]",272.12,356,312.24,0.54
07:34:26,"[116.0, 57]","[114.0, 168]","[133.0, 36]","[237.67, 36]",124.5,297,17.0,0.52
07:34:27,"[116.0, 26]","[114.0, 258]","[182.75, 56]","[229.4, 48]",149.38,388,66.75,0.46
07:34:28,"[114.52, 93]","[113.85, 298]","[137.98, 46]","[153.64, 50]",126.25,487,23.46,0.61
07:34:29,"[114.09, 188]","[113.41, 227]","[135.05, 63]","[137.27, 37]",124.57,515,20.96,0.61
07:34:30,"[114.0, 220]","[113.0, 165]","[133.45, 55]","[136.0, 33]",123.73,473,19.45,0.63
07:34:31,"[114.0, 150]","[113.0, 180]","[128.44, 32]","[130.28, 40]",121.22,402,14.44,0.64
07:34:32,"[114.0, 51]","[113.0, 150]","[124.67, 42]","[126.96, 24]",119.33,267,10.67,0.51
07:34:33,"[114.0, 66]","[113.0, 165]","[120.49, 35]","[120.94, 33]",117.24,299,6.49,0.55
07:34:34,"[114.0, 72]","[113.0, 225]","[116.33, 43]","[118.02, 45]",115.16,385,2.33,0.54
07:34:35,"[113.53, 60]","[112.99, 227]","[115.0, 85]","[130.82, 17]",114.27,389,1.47,0.48
07:34:36,"[113.0, 112]","[112.0, 8]","[114.49, 39]","[117.0, 20]",113.74,179,1.49,0.34
07:34:37,"[113.0, 90]","[112.0, 13]","[116.67, 33]","[252.31, 39]",114.83,175,3.67,0.18
07:34:38,"[113.5, 20]","[112.94, 32]","[125.0, 8]","[241.25, 24]",119.25,84,11.5,0.24
07:34:39,"[114.0, 6]","[113.0, 30]","[183.12, 8]","[364.5, 20]",148.56,64,69.12,0.12
07:34:40,"[119.0, 24]","[115.17, 12]","[227.16, 58]","[324.47, 38]",173.08,132,108.16,-0.45
07:34:41,"[113.92, 66]","[112.98, 51]","[177.0, 55]","[291.82, 33]",145.46,205,63.08,0.14
07:34:42,"[114.61, 98]","[113.2, 88]","[210.97, 71]","[360.85, 61]",162.79,318,96.36,0.17
07:34:43,"[114.11, 37]","[113.14, 35]","[408.0, 7]","[505.57, 35]",261.05,114,293.89,0.26
07:34:44,"[115.18, 44]","[114.0, 55]","[162.7, 44]","[181.82, 44]",138.94,187,47.52,0.06
07:34:45,"[116.0, 16]","[114.0, 20]","[128.0, 16]","[189.0, 20]",122.0,72,12.0,0.0
07:34:46,"[116.0, 20]","[114.0, 50]","[128.0, 40]","[191.4, 50]",122.0,160,12.0,-0.12
07:34:47,"[116.0, 12]","[114.0, 45]","[128.0, 36]","[293.9, 41]",122.0,134,12.0,-0.15
07:34:48,"[116.0, 10]","[114.0, 50]","[126.6, 40]","[375.0, 30]",121.3,130,10.6,-0.08
07:34:49,"[119.0, 12]","[117.6, 10]","[124.75, 16]","[320.83, 18]",121.88,56,5.75,-0.21
07:34:50,"[119.0, 38]","[117.73, 37]","[123.77, 52]","[274.0, 62]",121.38,189,4.77,-0.21
07:34:51,"[119.0, 16]","[116.0, 8]","[121.75, 32]","[124.0, 32]",120.38,88,2.75,-0.45
07:34:52,"[114.38, 26]","[113.1, 31]","[121.0, 28]","[124.0, 28]",117.69,113,6.62,0.01
07:34:53,"[114.0, 44]","[113.0, 55]","[120.18, 44]","[124.0, 44]",117.09,187,6.18,0.06
07:34:54,"[113.66, 35]","[112.91, 33]","[119.3, 40]","[124.0, 40]",116.48,148,5.64,-0.08
07:34:55,"[114.0, 36]","[112.89, 36]","[117.86, 51]","[120.18, 49]",115.93,172,3.86,-0.16
07:34:56,"[113.64, 33]","[112.9, 31]","[115.4, 40]","[116.74, 47]",114.52,151,1.76,-0.15
07:34:57,"[112.73, 22]","[111.05, 66]","[114.61, 33]","[181.11, 45]",113.67,166,1.88,0.06
07:34:58,"[111.04, 75]","[110.54, 35]","[114.34, 35]","[213.97, 35]",112.69,180,3.3,0.22
07:34:59,"[111.0, 90]","[109.0, 10]","[115.0, 30]","[256.0, 30]",113.0,160,4.0,0.25
07:35:00,"[111.0, 96]","[109.0, 13]","[113.68, 31]","[263.22, 37]",112.34,177,2.68,0.23
07:35:01,"[94.0, 38]","[69.12, 16]","[242.92, 13]","[550.14, 14]",168.46,81,148.92,0.33
07:35:02,"[114.0, 70]","[93.8, 40]","[307.73, 30]","[414.53, 47]",210.87,187,193.73,0.18
07:35:03,"[114.0, 18]","[111.0, 36]","[265.77, 26]","[299.19, 32]",189.88,112,151.77,-0.04
07:35:04,"[113.08, 26]","[107.91, 44]","[255.1, 20]","[303.73, 37]",184.09,127,142.02,0.1
07:35:05,"[111.0, 28]","[91.0, 14]","[216.0, 19]","[239.33, 21]",163.5,82,105.0,0.02
07:35:06,"[112.88, 64]","[102.43, 28]","[207.84, 38]","[256.16, 31]",160.36,161,94.97,0.14
07:35:07,"[114.0, 80]","[111.0, 32]","[206.69, 26]","[207.8, 30]",160.35,168,92.69,0.33
07:35:08,"[114.0, 55]","[111.0, 44]","[205.21, 19]","[206.13, 23]",159.61,141,91.21,0.4
07:35:09,"[114.0, 69]","[111.0, 81]","[202.0, 31]","[203.56, 32]",158.0,213,88.0,0.41
07:35:10,"[114.0, 105]","[111.0, 81]","[191.0, 32]","[200.0, 33]",152.5,251,77.0,0.48
07:35:11,"[114.0, 117]","[111.0, 99]","[194.43, 40]","[199.13, 38]",154.21,294,80.43,0.47
07:35:12,"[114.0, 84]","[111.0, 68]","[196.0, 48]","[198.0, 36]",155.0,236,82.0,0.29
07:35:13,"[114.0, 55]","[111.0, 55]","[178.54, 41]","[183.39, 38]",146.27,189,64.54,0.16
07:35:14,"[118.44, 71]","[112.42, 38]","[165.61, 46]","[166.47, 45]",142.02,200,47.17,0.09
07:35:15,"[119.0, 63]","[114.0, 18]","[164.83, 29]","[165.91, 35]",141.91,145,45.83,0.12
07:35:16,"[119.0, 77]","[114.0, 22]","[138.1, 40]","[153.0, 38]",128.55,177,19.1,0.12
07:35:17,"[119.0, 130]","[115.2, 30]","[137.0, 52]","[164.23, 52]",128.0,264,18.0,0.21
07:35:18,"[119.0, 96]","[116.0, 99]","[161.91, 55]","[162.82, 49]",140.45,299,42.91,0.3
07:35:19,"[119.0, 42]","[116.0, 63]","[158.57, 21]","[162.0, 35]",138.79,161,39.57,0.3
07:35:20,"[119.0, 60]","[116.0, 90]","[156.0, 30]","[162.0, 50]",137.5,230,37.0,0.3
07:35:21,"[119.0, 66]","[116.0, 99]","[152.08, 49]","[156.46, 39]",135.54,253,33.08,0.3
07:35:22,"[119.0, 78]","[116.0, 117]","[137.28, 53]","[140.54, 54]",128.14,302,18.28,0.29
07:35:23,"[119.0, 54]","[116.0, 98]","[132.38, 37]","[134.07, 43]",125.69,232,13.38,0.31
07:35:24,"[119.0, 27]","[116.0, 168]","[130.07, 40]","[131.55, 49]",124.54,284,11.07,0.37
07:35:25,"[116.29, 102]","[115.37, 70]","[127.58, 57]","[129.11, 79]",121.94,308,11.28,0.12
07:35:26,"[119.0, 22]","[116.0, 55]","[124.6, 50]","[125.42, 43]",121.8,170,5.6,-0.09
07:35:27,"[119.0, 37]","[116.0, 65]","[121.91, 58]","[122.91, 56]",120.46,216,2.91,-0.06
07:35:28,"[116.46, 59]","[114.86, 35]","[118.96, 56]","[120.29, 58]",117.71,208,2.51,-0.1
07:35:29,"[115.43, 28]","[113.67, 12]","[117.71, 34]","[242.0, 30]",116.57,104,2.28,-0.23
07:35:30,"[114.0, 22]","[113.0, 23]","[116.09, 44]","[211.89, 27]",115.05,116,2.09,-0.22
07:35:31,"[113.76, 21]","[112.91, 44]","[115.78, 36]","[144.49, 43]",114.77,144,2.02,-0.1
07:35:32,"[113.0, 19]","[112.0, 60]","[115.38, 42]","[131.4, 55]",114.19,176,2.38,-0.1
07:35:33,"[113.0, 9]","[112.0, 36]","[114.06, 32]","[137.86, 21]",113.53,98,1.06,-0.08
07:35:34,"[111.42, 73]","[110.81, 62]","[158.4, 30]","[338.29, 28]",134.91,193,46.98,0.4
07:35:35,"[111.36, 77]","[110.19, 47]","[326.8, 15]","[434.5, 22]",219.08,161,215.44,0.54
07:35:36,"[113.0, 42]","[111.0, 42]","[475.0, 24]","[597.45, 20]",294.0,128,362.0,0.31
07:35:37,"[113.0, 40]","[111.0, 56]","[308.93, 28]","[583.44, 36]",210.96,160,195.93,0.2
07:35:38,"[111.55, 44]","[110.33, 24]","[156.46, 56]","[380.78, 46]",134.0,170,44.92,-0.2
07:35:39,"[112.74, 76]","[110.94, 34]","[144.96, 51]","[156.58, 57]",128.85,218,32.22,0.01
07:35:40,"[114.0, 30]","[110.4, 30]","[118.02, 41]","[128.72, 43]",116.01,144,4.02,-0.17
07:35:41,"[114.26, 31]","[111.37, 35]","[183.15, 41]","[261.92, 39]",148.7,146,68.89,-0.1
07:35:42,"[113.32, 19]","[110.38, 24]","[446.79, 14]","[627.25, 32]",280.05,89,333.47,-0.03
07:35:43,"[114.0, 20]","[113.0, 10]","[281.65, 26]","[331.27, 26]",197.83,82,167.65,-0.27
07:35:44,"[114.92, 26]","[113.95, 19]","[168.84, 37]","[294.81, 48]",141.88,130,53.91,-0.31
07:35:45,"[114.65, 20]","[113.62, 13]","[277.0, 36]","[454.07, 29]",195.82,98,162.35,-0.33
07:35:46,"[116.0, 15]","[114.0, 10]","[286.35, 17]","[517.67, 9]",201.18,51,170.35,-0.02
07:35:47,"[115.26, 19]","[113.53, 15]","[349.07, 15]","[503.7, 37]",232.16,86,233.8,-0.21
07:35:48,"[112.95, 20]","[111.36, 11]","[349.0, 35]","[456.49, 35]",230.97,101,236.05,-0.39
07:35:49,"[110.39, 23]","[108.53, 17]","[208.8, 20]","[434.38, 32]",159.6,92,98.41,-0.13
07:35:50,"[109.43, 14]","[89.71, 34]","[267.21, 34]","[422.2, 30]",188.32,112,157.78,-0.14
07:35:51,"[109.0, 10]","[100.0, 40]","[234.52, 46]","[247.21, 38]",171.76,134,125.52,-0.25
07:35:52,"[114.68, 19]","[110.0, 20]","[225.4, 50]","[391.0, 30]",170.04,119,110.72,-0.34
07:35:53,"[113.5, 24]","[111.29, 14]","[222.33, 45]","[554.0, 27]",167.92,110,108.83,-0.31
07:35:54,"[114.0, 18]","[113.0, 27]","[220.11, 45]","[475.0, 27]",167.06,117,106.11,-0.23
07:35:55,"[114.0, 16]","[113.0, 24]","[219.25, 40]","[415.75, 40]",166.62,120,105.25,-0.33
07:35:56,"[114.0, 14]","[113.0, 21]","[218.71, 35]","[444.29, 35]",166.36,105,104.71,-0.33
07:35:57,"[114.0, 8]","[113.0, 12]","[217.75, 20]","[493.0, 20]",165.88,60,103.75,-0.33
07:35:58,"[113.93, 28]","[112.9, 41]","[217.0, 70]","[468.46, 26]",165.46,165,103.07,-0.16
07:35:59,"[115.91, 44]","[112.14, 28]","[215.21, 70]","[229.38, 50]",165.56,192,99.31,-0.25
07:36:00,"[116.75, 32]","[112.8, 20]","[169.68, 31]","[200.5, 32]",143.21,115,52.93,-0.1
07:36:01,"[115.0, 32]","[94.61, 66]","[146.35, 62]","[146.84, 50]",130.68,210,31.35,-0.07
07:36:02,"[119.0, 36]","[112.0, 9]","[144.44, 27]","[145.83, 36]",131.72,108,25.44,-0.17
07:36:03,"[114.15, 13]","[111.03, 37]","[141.75, 44]","[143.38, 26]",127.95,120,27.6,-0.17
07:36:04,"[112.0, 12]","[111.0, 48]","[138.07, 45]","[139.51, 39]",125.03,144,26.07,-0.17
07:36:05,"[112.0, 9]","[110.43, 28]","[135.33, 30]","[135.73, 33]",123.67,100,23.33,-0.26
07:36:06,"[109.69, 13]","[104.73, 41]","[118.0, 40]","[119.81, 37]",113.85,131,8.31,-0.18
07:36:07,"[109.35, 26]","[99.29, 45]","[115.44, 45]","[117.33, 45]",112.4,161,6.1,-0.12
07:36:08,"[110.68, 25]","[109.36, 25]","[114.06, 32]","[115.42, 53]",112.37,135,3.38,-0.26
07:36:09,"[93.24, 17]","[75.0, 18]","[110.91, 33]","[112.16, 38]",102.07,106,17.67,-0.34
07:36:10,"[76.53, 15]","[54.39, 51]","[107.94, 32]","[110.0, 36]",92.24,134,31.4,-0.01
07:36:11,"[63.14, 14]","[37.78, 36]","[106.09, 23]","[108.38, 13]",84.61,86,42.94,0.16
07:36:12,"[50.29, 48]","[46.08, 52]","[106.0, 27]","[107.0, 9]",78.15,136,55.71,0.47
07:36:13,"[64.53, 49]","[55.77, 64]","[105.9, 20]","[106.5, 12]",85.22,145,41.37,0.56
07:36:14,"[71.85, 67]","[67.48, 83]","[440.91, 35]","[415.34, 32]",256.38,217,369.06,0.38
07:36:15,"[85.05, 130]","[84.7, 79]","[504.93, 54]","[443.92, 64]",294.99,327,419.87,0.28
07:36:16,"[89.68, 31]","[88.55, 49]","[104.0, 5]","[108.0, 25]",96.84,110,14.32,0.45
07:36:17,"[91.89, 45]","[90.0, 99]","[107.45, 29]","[117.44, 45]",99.67,218,15.56,0.32
07:36:18,"[94.74, 65]","[92.52, 103]","[105.65, 46]","[111.09, 55]",100.2,269,10.91,0.25
07:36:19,"[96.35, 31]","[94.2, 49]","[105.0, 20]","[108.0, 25]",100.68,125,8.65,0.28
07:36:20,"[98.0, 66]","[96.0, 30]","[104.33, 21]","[107.32, 25]",101.17,142,6.33,0.35
07:36:21,"[99.01, 107]","[98.03, 99]","[104.93, 27]","[105.68, 56]",101.97,289,5.92,0.43
07:36:22,"[102.79, 89]","[101.72, 100]","[108.08, 51]","[118.46, 13]",105.43,253,5.29,0.49
07:36:23,"[106.33, 49]","[105.47, 66]","[112.0, 8]","[309.5, 8]",109.16,131,5.67,0.76
07:36:24,"[107.5, 80]","[0, 0]","[116.38, 8]","[330.5, 8]",111.94,96,8.88,0.67
07:36:25,"[109.12, 65]","[109.0, 50]","[117.44, 25]","[250.11, 18]",113.28,158,8.32,0.46
07:36:26,"[113.77, 52]","[112.85, 27]","[117.0, 18]","[119.0, 6]",115.38,103,3.23,0.53
07:36:27,"[114.0, 100]","[113.0, 70]","[116.6, 30]","[262.91, 11]",115.3,211,2.6,0.61
07:36:28,"[114.0, 39]","[113.0, 56]","[209.26, 23]","[463.3, 23]",161.63,141,95.26,0.35
07:36:29,"[114.0, 9]","[113.0, 28]","[413.0, 4]","[425.44, 18]",263.5,59,299.0,0.25
07:36:30,"[113.12, 34]","[111.97, 29]","[385.31, 13]","[429.44, 27]",249.21,103,272.19,0.22
07:36:31,"[113.08, 39]","[112.0, 36]","[427.56, 45]","[454.44, 9]",270.32,129,314.48,0.16
07:36:32,"[114.0, 8]","[113.0, 48]","[382.32, 38]","[408.75, 16]",248.16,110,268.32,0.02
07:36:33,"[113.38, 13]","[112.67, 36]","[331.35, 31]","[414.13, 23]",222.37,103,217.97,-0.05
07:36:34,"[113.0, 28]","[111.0, 21]","[334.67, 33]","[409.0, 30]",223.83,112,221.67,-0.12
07:36:35,"[113.0, 28]","[111.0, 21]","[315.71, 35]","[567.71, 35]",214.36,119,202.71,-0.18
07:36:36,"[113.12, 32]","[111.86, 37]","[309.73, 55]","[322.62, 52]",211.43,176,196.6,-0.22
07:36:37,"[113.36, 14]","[112.38, 29]","[230.38, 40]","[246.53, 34]",171.87,117,117.02,-0.26
07:36:38,"[113.0, 44]","[111.0, 33]","[197.53, 43]","[237.18, 55]",155.27,175,84.53,-0.12
07:36:39,"[113.0, 27]","[111.0, 61]","[192.29, 21]","[193.91, 33]",152.64,142,79.29,0.24
07:36:40,"[113.0, 42]","[111.0, 112]","[150.43, 30]","[153.98, 58]",131.72,242,37.43,0.27
07:36:41,"[111.52, 23]","[108.82, 11]","[147.91, 11]","[150.0, 55]",129.72,100,36.39,-0.32
07:36:42,"[112.98, 51]","[111.89, 36]","[144.28, 67]","[147.74, 23]",128.63,177,31.3,-0.02
07:36:43,"[111.5, 16]","[108.6, 10]","[142.0, 50]","[146.0, 10]",126.75,86,30.5,-0.4
07:36:44,"[111.0, 12]","[108.0, 12]","[141.29, 24]","[142.25, 48]",126.15,96,30.29,-0.5
07:36:45,"[91.97, 92]","[49.29, 69]","[137.42, 45]","[138.9, 48]",114.69,254,45.45,0.27
07:36:46,"[62.94, 51]","[35.47, 47]","[119.29, 24]","[124.62, 42]",91.12,164,56.35,0.2
07:36:47,"[66.0, 87]","[60.62, 40]","[113.92, 13]","[115.96, 46]",89.96,186,47.92,0.37
07:36:48,"[93.27, 44]","[68.23, 57]","[111.18, 44]","[112.15, 41]",102.23,186,17.91,0.09
07:36:49,"[65.51, 75]","[50.61, 49]","[108.36, 33]","[110.96, 27]",86.94,184,42.86,0.35
07:36:50,"[93.1, 127]","[59.05, 77]","[105.46, 39]","[108.0, 12]",99.28,255,12.36,0.6
07:36:51,"[94.62, 52]","[88.34, 97]","[103.84, 38]","[106.69, 29]",99.23,216,9.23,0.38
07:36:52,"[47.89, 47]","[30.13, 52]","[101.0, 32]","[102.0, 21]",74.45,152,53.11,0.3
07:36:53,"[73.0, 48]","[18.0, 88]","[101.0, 32]","[102.0, 24]",87.0,192,28.0,0.42
07:36:54,"[78.67, 36]","[18.0, 66]","[101.0, 24]","[102.0, 18]",89.83,144,22.33,0.42
07:36:55,"[78.0, 42]","[26.5, 22]","[105.29, 28]","[104.73, 11]",91.64,103,27.29,0.24
07:36:56,"[109.0, 18]","[59.17, 36]","[184.08, 26]","[285.18, 11]",146.54,91,75.08,0.19
07:36:57,"[113.0, 35]","[111.0, 14]","[226.75, 20]","[601.8, 10]",169.88,79,113.75,0.24
07:36:58,"[113.0, 40]","[111.0, 16]","[146.0, 40]","[292.07, 15]",129.5,111,33.0,0.01
07:36:59,"[112.96, 45]","[105.68, 25]","[155.07, 41]","[464.31, 13]",134.01,124,42.12,0.13
07:37:00,"[112.75, 40]","[99.12, 65]","[195.4, 30]","[547.77, 26]",154.07,161,82.65,0.3
07:37:01,"[119.0, 8]","[113.38, 16]","[379.43, 14]","[471.38, 16]",249.21,54,260.43,-0.11
07:37:02,"[115.1, 20]","[112.6, 15]","[239.0, 24]","[312.5, 24]",177.05,83,123.9,-0.16
07:37:03,"[116.0, 30]","[113.0, 12]","[167.78, 18]","[259.33, 12]",141.89,72,51.78,0.17
07:37:04,"[115.45, 33]","[112.61, 23]","[179.0, 20]","[180.0, 20]",147.23,96,63.55,0.17
07:37:05,"[49.62, 48]","[34.05, 82]","[178.43, 14]","[180.0, 14]",114.03,158,128.8,0.65
07:37:06,"[59.23, 73]","[39.97, 156]","[106.0, 41]","[178.0, 28]",82.62,298,46.77,0.54
07:37:07,"[104.25, 16]","[64.0, 31]","[106.0, 38]","[178.0, 16]",105.12,101,1.75,-0.07
07:37:08,"[56.45, 107]","[33.73, 175]","[106.0, 40]","[205.16, 37]",81.22,359,49.55,0.57
07:37:09,"[59.35, 69]","[35.55, 33]","[106.0, 14]","[153.67, 30]",82.67,146,46.65,0.4
07:37:10,"[38.86, 99]","[36.78, 134]","[159.18, 40]","[246.64, 55]",99.02,328,120.32,0.42
07:37:11,"[83.43, 42]","[58.43, 28]","[259.12, 42]","[455.43, 40]",171.27,152,175.69,-0.08
07:37:12,"[85.0, 30]","[50.71, 14]","[104.21, 14]","[105.25, 12]",94.61,70,19.21,0.26
07:37:13,"[86.45, 33]","[49.91, 11]","[102.0, 13]","[104.6, 15]",94.23,72,15.55,0.22
07:37:14,"[89.38, 39]","[86.31, 32]","[102.0, 20]","[107.0, 30]",95.69,121,12.62,0.17
07:37:15,"[91.44, 27]","[90.48, 31]","[105.75, 16]","[108.45, 22]",98.6,96,14.31,0.21
07:37:16,"[94.26, 39]","[92.85, 40]","[107.0, 33]","[109.0, 44]",100.63,156,12.74,0.01
07:37:17,"[97.71, 31]","[96.17, 36]","[107.0, 22]","[109.0, 36]",102.35,125,9.29,0.07
07:37:18,"[99.56, 27]","[98.31, 29]","[108.85, 26]","[268.12, 34]",104.2,116,9.29,-0.03
07:37:19,"[100.1, 39]","[99.19, 26]","[109.0, 32]","[195.75, 40]",104.55,137,8.9,-0.05
07:37:20,"[105.27, 48]","[103.08, 48]","[161.33, 60]","[181.0, 60]",133.3,216,56.06,-0.11
07:37:21,"[114.19, 27]","[112.65, 26]","[165.0, 40]","[181.0, 40]",139.59,133,50.81,-0.2
07:37:22,"[112.56, 27]","[107.56, 27]","[181.44, 45]","[251.56, 41]",147.0,140,68.89,-0.23
07:37:23,"[113.0, 18]","[112.0, 18]","[186.67, 30]","[462.0, 30]",149.83,96,73.67,-0.25
07:37:24,"[113.0, 10]","[112.0, 12]","[300.0, 20]","[411.0, 20]",206.5,62,187.0,-0.29
07:37:25,"[109.88, 8]","[112.0, 9]","[377.17, 12]","[381.25, 40]",243.52,69,267.29,-0.51
07:37:26,"[113.0, 40]","[108.0, 8]","[269.0, 8]","[468.79, 28]",191.0,84,156.0,0.14
07:37:27,"[114.05, 63]","[113.25, 40]","[181.11, 19]","[375.11, 19]",147.58,141,67.06,0.46
07:37:28,"[114.18, 68]","[113.53, 75]","[187.65, 49]","[201.78, 32]",150.91,224,73.48,0.28
07:37:29,"[114.0, 86]","[113.0, 45]","[197.22, 37]","[197.96, 24]",155.61,192,83.22,0.36
07:37:30,"[114.0, 60]","[113.0, 30]","[192.67, 30]","[194.0, 24]",153.33,144,78.67,0.25
07:37:31,"[114.46, 52]","[113.67, 60]","[190.75, 40]","[194.0, 32]",152.61,184,76.29,0.22
07:37:32,"[115.57, 42]","[113.96, 115]","[188.23, 26]","[189.57, 46]",151.9,229,72.66,0.37
07:37:33,"[114.0, 72]","[113.0, 40]","[178.45, 31]","[181.61, 23]",146.23,166,64.45,0.35
07:37:34,"[115.21, 66]","[113.52, 62]","[175.21, 48]","[176.19, 42]",145.21,218,60.0,0.17
07:37:35,"[119.0, 75]","[114.0, 80]","[171.35, 31]","[172.96, 23]",145.18,209,52.35,0.48
07:37:36,"[119.0, 45]","[114.0, 80]","[165.0, 36]","[169.92, 24]",142.0,185,46.0,0.35
07:37:37,"[119.0, 28]","[114.0, 56]","[165.43, 35]","[170.0, 7]",142.21,126,46.43,0.33
07:37:38,"[119.0, 35]","[114.0, 112]","[162.35, 23]","[163.43, 51]",140.67,221,43.35,0.33
07:37:39,"[119.0, 7]","[114.0, 56]","[158.29, 21]","[158.58, 24]",138.64,108,39.29,0.17
07:37:40,"[115.25, 16]","[113.76, 42]","[155.04, 26]","[156.89, 9]",135.14,93,39.79,0.25
07:37:41,"[114.0, 66]","[113.0, 55]","[153.25, 40]","[153.84, 44]",133.62,205,39.25,0.18
07:37:42,"[114.0, 42]","[113.0, 35]","[148.36, 11]","[149.05, 19]",131.18,107,34.36,0.44
07:37:43,"[114.0, 60]","[113.0, 50]","[144.64, 22]","[145.75, 16]",129.32,148,30.64,0.49
07:37:44,"[116.69, 52]","[113.81, 104]","[139.04, 76]","[139.2, 46]",127.87,278,22.35,0.12
07:37:45,"[114.0, 51]","[113.0, 241]","[133.82, 56]","[135.23, 62]",123.91,410,19.82,0.42
07:37:46,"[114.0, 30]","[113.0, 147]","[127.3, 27]","[128.87, 30]",120.65,234,13.3,0.51
07:37:47,"[114.0, 36]","[113.0, 144]","[123.45, 22]","[125.46, 37]",118.73,239,9.45,0.51
07:37:48,"[114.0, 33]","[113.0, 132]","[119.42, 38]","[119.95, 42]",116.71,245,5.42,0.35
07:37:49,"[113.02, 55]","[112.06, 141]","[115.67, 54]","[117.58, 48]",114.34,298,2.65,0.32
07:37:50,"[111.1, 105]","[110.41, 56]","[112.86, 42]","[114.07, 54]",111.98,257,1.76,0.25
07:37:51,"[111.0, 50]","[107.24, 37]","[112.57, 21]","[143.47, 19]",111.79,127,1.57,0.37
07:37:52,"[108.0, 20]","[101.0, 16]","[347.62, 8]","[614.0, 8]",227.81,52,239.62,0.38
07:37:53,"[111.44, 27]","[110.73, 33]","[170.0, 9]","[302.33, 9]",140.72,78,58.56,0.54
07:37:54,"[112.45, 11]","[111.0, 35]","[222.14, 7]","[290.0, 7]",167.3,60,109.69,0.53
07:37:55,"[112.11, 9]","[110.88, 26]","[141.83, 6]","[188.5, 6]",126.97,47,29.72,0.49
07:37:56,"[111.0, 32]","[108.0, 8]","[132.0, 8]","[134.0, 8]",121.5,56,21.0,0.43
07:37:57,"[112.06, 47]","[94.82, 22]","[243.2, 10]","[688.0, 10]",177.63,89,131.14,0.55
07:37:58,"[116.0, 10]","[75.57, 7]","[503.0, 2]","[688.0, 2]",309.5,21,387.0,0.62
07:37:59,"[116.0, 35]","[107.0, 7]","[361.57, 7]","[654.0, 5]",238.79,54,245.57,0.56
07:38:00,"[116.71, 34]","[114.22, 27]","[329.88, 17]","[443.38, 13]",223.29,91,213.18,0.34
07:38:01,"[119.0, 54]","[116.0, 21]","[186.62, 16]","[211.44, 25]",152.81,116,67.62,0.29
07:38:02,"[119.0, 42]","[116.0, 39]","[127.8, 10]","[178.73, 41]",123.4,132,8.8,0.23
07:38:03,"[116.26, 23]","[114.1, 59]","[126.88, 16]","[158.0, 8]",121.57,106,10.61,0.55
07:38:04,"[116.38, 64]","[114.25, 64]","[125.12, 16]","[191.88, 8]",120.75,152,8.75,0.68
07:38:05,"[119.0, 52]","[116.0, 96]","[124.0, 24]","[219.0, 26]",121.5,198,5.0,0.49
07:38:06,"[119.0, 28]","[116.0, 56]","[121.0, 14]","[234.0, 10]",120.0,108,2.0,0.56
07:38:07,"[117.17, 46]","[115.33, 60]","[189.0, 18]","[348.62, 13]",153.09,137,71.83,0.55
07:38:08,"[116.0, 36]","[113.89, 54]","[299.11, 18]","[555.56, 9]",207.56,117,183.11,0.54
07:38:09,"[114.8, 83]","[113.84, 73]","[265.76, 41]","[372.76, 38]",190.28,235,150.96,0.33
07:38:10,"[114.0, 72]","[113.0, 18]","[191.0, 34]","[331.33, 18]",152.5,142,77.0,0.27
07:38:11,"[114.0, 56]","[113.0, 14]","[133.0, 21]","[134.0, 35]",123.5,126,19.0,0.11
07:38:12,"[114.44, 72]","[113.7, 46]","[132.19, 27]","[133.63, 41]",123.31,186,17.74,0.27
07:38:13,"[114.92, 52]","[113.86, 56]","[129.75, 20]","[130.25, 20]",122.34,148,14.83,0.46
07:38:14,"[114.0, 56]","[113.0, 16]","[128.0, 24]","[129.0, 8]",121.0,104,14.0,0.38
07:38:15,"[114.0, 63]","[113.0, 18]","[127.91, 23]","[128.54, 13]",120.96,117,13.91,0.38
07:38:16,"[114.0, 53]","[113.0, 16]","[126.14, 14]","[127.5, 12]",120.07,95,12.14,0.45
07:38:17,"[114.0, 72]","[113.0, 32]","[123.55, 29]","[124.26, 27]",118.78,160,9.55,0.3
07:38:18,"[114.0, 48]","[113.0, 24]","[118.94, 16]","[119.82, 11]",116.47,99,4.94,0.45
07:38:19,"[114.0, 50]","[113.0, 27]","[115.85, 20]","[117.32, 25]",114.92,122,1.85,0.26
07:38:20,"[113.0, 10]","[112.0, 32]","[114.53, 19]","[116.43, 21]",113.76,82,1.53,0.02
07:38:21,"[114.64, 33]","[112.67, 36]","[268.86, 14]","[302.33, 12]",191.75,95,154.22,0.45
07:38:22,"[119.0, 15]","[113.0, 56]","[383.14, 28]","[389.71, 14]",251.07,113,264.14,0.26
07:38:23,"[119.0, 40]","[113.0, 91]","[381.5, 48]","[396.74, 19]",250.25,198,262.5,0.32
07:38:24,"[119.0, 24]","[113.0, 56]","[380.03, 31]","[383.18, 11]",249.52,122,261.03,0.31
07:38:25,"[119.0, 27]","[113.0, 99]","[378.64, 28]","[379.69, 35]",248.82,189,259.64,0.33
07:38:26,"[119.0, 42]","[113.59, 82]","[370.0, 45]","[376.09, 47]",244.5,216,251.0,0.15
07:38:27,"[119.0, 27]","[116.0, 18]","[371.34, 29]","[372.91, 34]",245.17,108,252.34,-0.17
07:38:28,"[119.0, 12]","[116.0, 8]","[233.62, 13]","[281.5, 14]",176.31,47,114.62,-0.15
07:38:29,"[119.0, 12]","[116.0, 8]","[189.64, 14]","[190.69, 13]",154.32,47,70.64,-0.15
07:38:30,"[119.0, 18]","[116.0, 12]","[186.67, 18]","[188.17, 18]",152.83,66,67.67,-0.09
07:38:31,"[119.0, 36]","[116.0, 24]","[183.85, 39]","[184.79, 42]",151.42,141,64.85,-0.15
07:38:32,"[119.0, 21]","[116.0, 14]","[133.86, 21]","[167.64, 22]",126.43,78,14.86,-0.1
07:38:33,"[119.0, 33]","[116.0, 22]","[122.45, 31]","[123.9, 30]",120.73,116,3.45,-0.05
07:38:34,"[119.0, 26]","[116.0, 20]","[120.47, 34]","[121.25, 32]",119.74,112,1.47,-0.18
07:38:35,"[119.0, 72]","[116.0, 26]","[121.5, 42]","[123.93, 42]",120.25,182,2.5,0.08
07:38:36,"[119.0, 39]","[116.0, 26]","[122.0, 28]","[123.81, 37]",120.5,130,3.0,0.0
07:38:37,"[116.0, 41]","[114.0, 264]","[119.36, 22]","[122.0, 33]",117.68,360,3.36,0.69
07:38:38,"[114.0, 240]","[113.0, 70]","[118.25, 24]","[121.08, 26]",116.12,360,4.25,0.72
07:38:39,"[114.0, 290]","[113.0, 112]","[116.29, 41]","[127.62, 39]",115.15,482,2.29,0.67
07:38:40,"[114.0, 149]","[113.0, 91]","[117.0, 26]","[135.0, 39]",115.5,305,3.0,0.57
07:38:41,"[114.0, 132]","[113.0, 84]","[115.92, 24]","[138.69, 42]",114.96,282,1.92,0.53
07:38:42,"[114.0, 104]","[113.0, 63]","[154.05, 42]","[268.66, 29]",134.02,238,40.05,0.4
07:38:43,"[114.16, 151]","[113.34, 61]","[226.18, 57]","[249.19, 52]",170.17,321,112.02,0.32
07:38:44,"[115.07, 60]","[113.82, 68]","[198.17, 29]","[234.9, 42]",156.62,199,83.11,0.29
07:38:45,"[114.0, 71]","[113.0, 84]","[163.38, 37]","[168.21, 33]",138.69,225,49.38,0.38
07:38:46,"[114.0, 25]","[113.0, 88]","[159.58, 24]","[160.5, 24]",136.79,161,45.58,0.4
07:38:47,"[114.31, 26]","[113.05, 76]","[155.0, 30]","[156.0, 36]",134.65,168,40.69,0.21
07:38:48,"[115.44, 25]","[113.31, 58]","[149.6, 50]","[151.09, 44]",132.52,177,34.16,-0.06
07:38:49,"[114.0, 11]","[113.0, 76]","[140.7, 30]","[142.45, 49]",127.35,166,26.7,0.05
07:38:50,"[112.96, 23]","[112.17, 53]","[135.88, 43]","[137.0, 42]",124.42,161,22.93,-0.06
07:38:51,"[112.0, 18]","[111.0, 54]","[125.04, 52]","[126.73, 62]",118.52,186,13.04,-0.23
07:38:52,"[112.91, 33]","[111.36, 14]","[116.75, 16]","[117.82, 22]",114.83,85,3.84,0.11
07:38:53,"[113.0, 38]","[112.0, 11]","[114.36, 22]","[124.12, 34]",113.68,105,1.36,-0.07
07:38:54,"[112.68, 19]","[111.25, 16]","[129.89, 38]","[243.82, 22]",121.29,95,17.21,-0.26
07:38:55,"[113.34, 59]","[112.7, 30]","[129.54, 37]","[176.43, 49]",121.44,175,16.2,0.02
07:38:56,"[115.0, 22]","[113.0, 33]","[127.12, 32]","[128.04, 23]",121.06,110,12.12,0.0
07:38:57,"[119.0, 12]","[115.0, 24]","[125.83, 48]","[127.0, 12]",122.42,96,6.83,-0.25
07:38:58,"[119.0, 12]","[115.0, 24]","[124.08, 48]","[127.0, 12]",121.54,96,5.08,-0.25
07:38:59,"[119.0, 9]","[115.89, 18]","[123.38, 21]","[124.33, 24]",121.19,72,4.38,-0.25
07:39:00,"[119.0, 13]","[116.0, 14]","[121.84, 19]","[122.25, 16]",120.42,62,2.84,-0.13
07:39:01,"[114.62, 37]","[112.97, 71]","[119.64, 14]","[122.0, 56]",117.13,178,5.02,0.21
07:39:02,"[113.6, 30]","[112.0, 60]","[118.2, 10]","[122.0, 40]",115.9,140,4.6,0.29
07:39:03,"[114.0, 43]","[112.0, 66]","[121.71, 34]","[202.8, 30]",117.85,173,7.71,0.26
07:39:04,"[115.24, 29]","[112.57, 42]","[119.92, 26]","[121.55, 22]",117.58,119,4.68,0.19
07:39:05,"[114.0, 40]","[112.0, 60]","[119.7, 20]","[120.41, 34]",116.85,154,5.7,0.3
07:39:06,"[114.0, 32]","[112.0, 48]","[119.33, 24]","[123.96, 23]",116.67,127,5.33,0.26
07:39:07,"[117.12, 24]","[112.91, 33]","[120.0, 32]","[205.0, 8]",118.56,97,2.88,0.18
07:39:08,"[115.79, 42]","[113.36, 56]","[131.09, 23]","[236.09, 11]",123.44,132,15.3,0.48
07:39:09,"[114.0, 63]","[112.0, 48]","[204.75, 8]","[328.65, 23]",159.38,142,90.75,0.56
07:39:10,"[114.0, 48]","[112.0, 48]","[160.88, 32]","[262.62, 8]",137.44,136,46.88,0.41
07:39:11,"[114.0, 72]","[111.88, 50]","[180.95, 20]","[211.15, 26]",147.47,168,66.95,0.45
07:39:12,"[115.0, 42]","[114.0, 78]","[198.22, 27]","[199.72, 25]",156.61,172,83.22,0.4
07:39:13,"[115.91, 22]","[114.0, 66]","[187.85, 39]","[194.79, 29]",151.88,156,71.94,0.13
07:39:14,"[118.94, 102]","[115.54, 26]","[187.0, 33]","[294.27, 11]",152.97,172,68.06,0.49
07:39:15,"[119.0, 110]","[116.0, 22]","[132.65, 23]","[153.54, 39]",125.83,194,13.65,0.36
07:39:16,"[119.0, 104]","[116.0, 24]","[121.17, 36]","[122.25, 40]",120.08,204,2.17,0.25
07:39:17,"[118.45, 66]","[115.72, 86]","[123.37, 43]","[147.23, 43]",120.91,238,4.92,0.28
07:39:18,"[116.0, 36]","[114.0, 36]","[120.0, 6]","[337.5, 6]",118.0,84,4.0,0.71
07:39:19,"[116.0, 48]","[114.0, 48]","[120.0, 8]","[435.0, 24]",118.0,128,4.0,0.5
07:39:20,"[116.0, 24]","[114.0, 24]","[120.0, 4]","[393.0, 20]",118.0,72,4.0,0.33
07:39:21,"[116.0, 51]","[114.0, 66]","[387.65, 51]","[438.62, 37]",251.82,205,271.65,0.14
07:39:22,"[116.0, 33]","[114.0, 66]","[383.3, 47]","[512.38, 45]",249.65,191,267.3,0.04
07:39:23,"[116.0, 5]","[114.0, 30]","[298.57, 21]","[375.0, 19]",207.29,75,182.57,-0.07
07:39:24,"[114.38, 24]","[113.89, 36]","[310.96, 54]","[531.19, 32]",212.67,146,196.59,-0.18
07:39:25,"[113.48, 75]","[112.93, 84]","[382.43, 21]","[472.76, 25]",247.95,205,268.95,0.55
07:39:26,"[114.0, 35]","[113.0, 91]","[299.1, 21]","[301.52, 21]",206.55,168,185.1,0.5
07:39:27,"[114.16, 38]","[113.14, 106]","[296.1, 40]","[298.0, 20]",205.13,204,181.94,0.41
07:39:28,"[116.0, 10]","[114.0, 50]","[183.17, 46]","[224.03, 35]",149.59,141,67.17,-0.15
07:39:29,"[116.57, 23]","[113.1, 133]","[120.95, 43]","[151.79, 61]",118.76,260,4.39,0.2
07:39:30,"[114.0, 12]","[113.0, 141]","[119.33, 48]","[245.6, 30]",116.67,231,5.33,0.32
07:39:31,"[114.0, 17]","[113.0, 108]","[116.67, 36]","[132.0, 27]",115.33,188,2.67,0.33
07:39:32,"[114.0, 28]","[113.0, 144]","[115.0, 48]","[216.06, 32]",114.5,252,1.0,0.37
07:39:33,"[113.06, 102]","[112.66, 91]","[136.31, 48]","[207.29, 42]",124.69,283,23.25,0.36
07:39:34,"[113.0, 60]","[112.0, 6]","[156.0, 18]","[158.0, 18]",134.5,102,43.0,0.29
07:39:35,"[113.19, 93]","[112.53, 19]","[155.0, 30]","[210.22, 36]",134.1,178,41.81,0.26
07:39:36,"[119.0, 18]","[113.0, 60]","[155.0, 18]","[182.67, 18]",137.0,114,36.0,0.37
07:39:37,"[119.0, 24]","[113.0, 80]","[154.75, 24]","[264.12, 24]",136.88,152,35.75,0.37
07:39:38,"[119.0, 33]","[113.0, 110]","[154.0, 33]","[288.4, 30]",136.5,206,35.0,0.39
07:39:39,"[113.78, 92]","[112.77, 52]","[153.75, 36]","[197.0, 36]",133.77,216,39.97,0.33
07:39:40,"[112.98, 61]","[111.37, 19]","[151.0, 24]","[189.12, 24]",131.99,128,38.02,0.25
07:39:41,"[113.57, 37]","[112.47, 19]","[145.62, 39]","[167.23, 39]",129.59,134,32.05,-0.16
07:39:42,"[114.91, 33]","[111.74, 58]","[135.51, 35]","[306.5, 34]",125.21,160,20.61,0.14
07:39:43,"[114.45, 22]","[111.54, 52]","[134.07, 29]","[205.88, 25]",124.26,128,19.61,0.16
07:39:44,"[113.98, 89]","[112.88, 16]","[134.4, 20]","[156.3, 20]",124.19,145,20.42,0.45
07:39:45,"[114.24, 137]","[113.27, 22]","[130.0, 21]","[130.17, 23]",122.12,203,15.76,0.57
07:39:46,"[115.0, 109]","[114.0, 28]","[125.6, 58]","[127.59, 22]",120.3,217,10.6,0.26
07:39:47,"[115.61, 46]","[114.0, 30]","[123.05, 41]","[124.43, 23]",119.33,140,7.44,0.09
07:39:48,"[116.0, 10]","[114.0, 10]","[123.0, 15]","[124.0, 5]",119.5,40,7.0,0.0
07:39:49,"[116.0, 12]","[114.0, 22]","[123.0, 33]","[124.0, 11]",119.5,78,7.0,-0.13
07:39:50,"[116.0, 12]","[114.0, 24]","[120.85, 34]","[122.21, 14]",118.43,84,4.85,-0.14
07:39:51,"[116.0, 16]","[114.0, 114]","[119.09, 23]","[120.29, 17]",117.54,170,3.09,0.53
07:39:52,"[114.0, 210]","[113.0, 30]","[115.37, 27]","[117.64, 33]",114.69,300,1.37,0.6
07:39:53,"[114.0, 146]","[113.0, 22]","[116.55, 33]","[149.77, 43]",115.27,244,2.55,0.38
07:39:54,"[114.0, 88]","[113.0, 22]","[124.36, 55]","[195.04, 49]",119.18,214,10.36,0.03
07:39:55,"[114.0, 80]","[113.0, 20]","[123.4, 50]","[124.4, 50]",118.7,200,9.4,0.0
07:39:56,"[114.0, 72]","[112.94, 34]","[122.0, 45]","[123.0, 45]",118.0,196,8.0,0.08
07:39:57,"[114.0, 96]","[113.0, 72]","[121.25, 60]","[122.25, 60]",117.62,288,7.25,0.17
07:39:58,"[114.0, 64]","[113.0, 60]","[119.5, 50]","[120.8, 50]",116.75,224,5.5,0.11
07:39:59,"[114.92, 52]","[113.4, 60]","[118.3, 50]","[119.3, 50]",116.61,212,3.38,0.06
07:40:00,"[114.0, 54]","[113.0, 54]","[118.22, 45]","[307.33, 9]",116.11,162,4.22,0.33
07:40:01,"[114.0, 54]","[113.0, 66]","[116.98, 41]","[141.38, 39]",115.49,200,2.98,0.2
07:40:02,"[114.0, 23]","[113.0, 36]","[117.67, 12]","[139.33, 6]",115.83,77,3.67,0.53
07:40:03,"[114.0, 39]","[113.0, 48]","[117.0, 16]","[122.0, 8]",115.5,111,3.0,0.57
07:40:04,"[114.0, 5]","[113.0, 30]","[117.0, 10]","[360.25, 8]",115.5,53,3.0,0.32
07:40:05,"[114.0, 8]","[113.0, 48]","[116.25, 16]","[285.38, 32]",115.12,104,2.25,0.08
07:40:06,"[113.62, 16]","[112.82, 51]","[160.44, 27]","[225.0, 18]",137.03,112,46.82,0.2
07:40:07,"[113.67, 36]","[112.67, 54]","[147.0, 40]","[226.0, 40]",130.33,170,33.33,0.06
07:40:08,"[113.0, 60]","[112.0, 62]","[146.0, 50]","[240.26, 31]",129.5,203,33.0,0.2
07:40:09,"[113.0, 66]","[112.0, 22]","[145.27, 55]","[260.8, 40]",129.14,183,32.27,-0.04
07:40:10,"[113.0, 60]","[112.0, 20]","[144.2, 50]","[311.0, 40]",128.6,170,31.2,-0.06
07:40:11,"[112.87, 62]","[111.33, 54]","[143.23, 65]","[378.23, 26]",128.05,207,30.36,0.12
07:40:12,"[111.34, 73]","[110.86, 87]","[139.13, 75]","[362.88, 34]",125.24,269,27.79,0.19
07:40:13,"[112.17, 40]","[111.84, 106]","[138.0, 50]","[317.0, 40]",125.09,236,25.83,0.24
07:40:14,"[112.0, 101]","[111.0, 56]","[136.62, 40]","[305.86, 28]",124.31,225,24.62,0.4
07:40:15,"[112.0, 68]","[111.0, 70]","[135.05, 42]","[234.27, 44]",123.52,224,23.05,0.23
07:40:16,"[112.4, 20]","[111.22, 27]","[133.0, 12]","[135.0, 20]",122.7,79,20.6,0.19
07:40:17,"[116.0, 20]","[112.0, 60]","[131.02, 42]","[132.03, 38]",123.51,160,15.02,0.0
07:40:18,"[116.0, 16]","[112.0, 48]","[125.77, 30]","[127.12, 34]",120.88,128,9.77,0.0
07:40:19,"[113.0, 16]","[111.38, 56]","[123.51, 41]","[125.49, 47]",118.26,160,10.51,-0.1
07:40:20,"[111.75, 56]","[110.67, 84]","[119.22, 46]","[120.38, 50]",115.48,236,7.47,0.19
07:40:21,"[111.26, 62]","[107.15, 106]","[115.5, 34]","[116.59, 46]",113.38,248,4.24,0.35
07:40:22,"[110.0, 144]","[107.5, 84]","[113.0, 27]","[120.78, 27]",111.5,282,3.0,0.62
07:40:23,"[110.15, 91]","[107.93, 71]","[205.45, 29]","[266.62, 32]",157.8,223,95.29,0.45
07:40:24,"[111.92, 91]","[110.0, 143]","[188.27, 37]","[219.18, 34]",150.1,305,76.35,0.53
07:40:25,"[113.19, 88]","[110.29, 146]","[154.61, 54]","[182.0, 37]",133.9,325,41.42,0.44
07:40:26,"[117.83, 36]","[115.81, 85]","[142.0, 65]","[147.0, 39]",129.92,225,24.17,0.08
07:40:27,"[116.0, 98]","[114.0, 56]","[139.97, 30]","[140.97, 36]",127.98,220,23.97,0.4
07:40:28,"[116.0, 49]","[114.0, 28]","[137.0, 7]","[139.0, 21]",126.5,105,21.0,0.47
07:40:29,"[116.7, 30]","[115.17, 48]","[134.83, 24]","[138.25, 24]",125.77,126,18.13,0.24
07:40:30,"[115.78, 27]","[113.71, 28]","[133.29, 21]","[136.0, 7]",124.53,83,17.51,0.33
07:40:31,"[115.0, 36]","[114.0, 27]","[132.86, 21]","[134.2, 15]",123.93,99,17.86,0.27
07:40:32,"[113.68, 25]","[111.58, 53]","[130.89, 9]","[133.0, 27]",122.28,114,17.21,0.37
07:40:33,"[119.0, 144]","[112.0, 24]","[129.4, 20]","[132.57, 28]",124.2,216,10.4,0.56
07:40:34,"[119.0, 132]","[112.36, 22]","[129.0, 33]","[130.0, 11]",124.0,198,10.0,0.56
07:40:35,"[119.0, 138]","[116.0, 24]","[126.5, 14]","[127.38, 34]",122.75,210,7.5,0.54
07:40:36,"[119.0, 95]","[116.0, 26]","[124.2, 15]","[125.35, 37]",121.6,173,5.2,0.4
07:40:37,"[119.0, 39]","[116.0, 16]","[120.92, 12]","[124.6, 20]",119.96,87,1.92,0.26
07:40:38,"[119.0, 46]","[116.0, 24]","[120.0, 36]","[219.17, 12]",119.5,118,1.0,0.19
07:40:39,"[116.33, 27]","[114.03, 158]","[482.65, 31]","[667.78, 45]",299.49,261,366.31,0.42
07:40:40,"[114.18, 66]","[113.87, 45]","[330.92, 13]","[522.78, 41]",222.55,165,216.74,0.35
07:40:41,"[114.0, 180]","[113.0, 8]","[186.12, 34]","[305.17, 24]",150.06,246,72.12,0.53
07:40:42,"[114.0, 255]","[113.0, 9]","[147.0, 18]","[156.33, 45]",130.5,327,33.0,0.61
07:40:43,"[114.0, 225]","[113.0, 9]","[145.89, 18]","[203.44, 45]",129.94,297,31.89,0.58
07:40:44,"[114.62, 65]","[114.0, 201]","[143.22, 18]","[167.0, 45]",128.92,329,28.61,0.62
07:40:45,"[114.0, 121]","[113.0, 5]","[142.75, 8]","[302.0, 7]",128.38,141,28.75,0.79
07:40:46,"[114.0, 208]","[113.0, 9]","[140.0, 14]","[142.23, 13]",127.0,244,26.0,0.78
07:40:47,"[114.0, 154]","[113.0, 7]","[138.0, 8]","[139.15, 13]",126.0,182,24.0,0.77
07:40:48,"[117.1, 58]","[113.99, 199]","[135.12, 16]","[137.71, 14]",126.11,287,18.02,0.79
07:40:49,"[119.0, 24]","[114.0, 132]","[132.71, 7]","[177.33, 9]",125.86,172,13.71,0.81
07:40:50,"[119.0, 28]","[114.07, 91]","[131.0, 7]","[328.0, 7]",125.0,133,12.0,0.79
07:40:51,"[119.0, 32]","[116.0, 8]","[130.12, 8]","[245.0, 8]",124.56,56,11.12,0.43
07:40:52,"[119.0, 56]","[116.0, 14]","[129.96, 49]","[230.21, 14]",124.48,133,10.96,0.05
07:40:53,"[119.0, 37]","[116.0, 12]","[130.0, 22]","[189.65, 52]",124.5,123,11.0,-0.2
07:40:54,"[115.52, 89]","[114.77, 13]","[128.24, 21]","[129.67, 12]",121.88,135,12.72,0.51
07:40:55,"[114.0, 310]","[112.94, 68]","[125.19, 21]","[126.54, 13]",119.6,412,11.19,0.83
07:40:56,"[114.04, 341]","[113.66, 256]","[122.38, 64]","[123.62, 32]",118.21,693,8.34,0.72
07:40:57,"[114.1, 164]","[113.78, 216]","[120.44, 18]","[121.18, 44]",117.27,442,6.35,0.72
07:40:58,"[114.0, 277]","[113.0, 117]","[119.14, 21]","[120.57, 21]",116.57,436,5.14,0.81
07:40:59,"[114.0, 211]","[113.0, 99]","[115.86, 29]","[118.8, 15]",114.93,354,1.86,0.75
07:41:00,"[114.0, 237]","[113.0, 154]","[119.49, 57]","[231.13, 30]",116.75,478,5.49,0.64
07:41:01,"[116.69, 26]","[113.21, 84]","[236.73, 30]","[730.19, 21]",176.71,161,120.04,0.37
07:41:02,"[114.0, 18]","[113.0, 66]","[364.11, 9]","[541.83, 6]",239.06,99,250.11,0.7
07:41:03,"[113.71, 34]","[112.98, 90]","[195.76, 21]","[365.11, 18]",154.73,163,82.06,0.52
07:41:04,"[115.29, 70]","[112.93, 86]","[136.8, 40]","[175.24, 17]",126.04,213,21.51,0.46
07:41:05,"[113.0, 117]","[112.0, 24]","[138.0, 48]","[227.42, 12]",125.5,201,25.0,0.4
07:41:06,"[113.0, 35]","[112.0, 10]","[138.0, 20]","[184.8, 5]",125.5,70,25.0,0.29
07:41:07,"[113.0, 62]","[112.0, 22]","[135.06, 34]","[164.68, 22]",124.03,140,22.06,0.2
07:41:08,"[113.05, 19]","[112.1, 20]","[135.33, 30]","[154.0, 24]",124.19,93,22.28,-0.16
07:41:09,"[114.0, 27]","[113.0, 22]","[133.25, 20]","[133.83, 35]",123.62,104,19.25,-0.06
07:41:10,"[114.91, 142]","[113.58, 85]","[128.03, 38]","[130.22, 45]",121.47,310,13.12,0.46
07:41:11,"[114.0, 126]","[112.96, 98]","[123.79, 33]","[125.07, 27]",118.89,284,9.79,0.58
07:41:12,"[114.0, 78]","[113.0, 97]","[119.02, 51]","[120.2, 20]",116.51,246,5.02,0.42
07:41:13,"[114.0, 72]","[113.0, 12]","[116.79, 43]","[118.77, 26]",115.4,153,2.79,0.1
07:41:14,"[114.0, 55]","[113.0, 45]","[116.8, 45]","[122.0, 15]",115.4,160,2.8,0.25
07:41:15,"[113.23, 26]","[112.44, 54]","[115.36, 33]","[202.0, 11]",114.3,124,2.13,0.29
07:41:16,"[114.43, 21]","[112.02, 61]","[173.79, 28]","[403.38, 16]",144.11,126,59.36,0.3
07:41:17,"[119.0, 55]","[113.0, 11]","[242.19, 16]","[329.67, 21]",180.59,103,123.19,0.28
07:41:18,"[119.0, 60]","[113.0, 12]","[205.2, 20]","[217.92, 12]",162.1,104,86.2,0.38
07:41:19,"[119.0, 65]","[113.0, 13]","[204.69, 26]","[248.0, 13]",161.85,117,85.69,0.33
07:41:20,"[119.0, 47]","[115.92, 37]","[172.62, 26]","[186.33, 24]",145.81,134,53.62,0.25
07:41:21,"[119.0, 10]","[116.0, 25]","[165.0, 10]","[248.0, 5]",142.0,50,46.0,0.4
07:41:22,"[119.0, 17]","[116.0, 112]","[164.07, 28]","[228.86, 14]",141.54,171,45.07,0.51
07:41:23,"[119.0, 7]","[116.0, 56]","[162.43, 14]","[284.42, 19]",140.71,96,43.43,0.31
07:41:24,"[116.16, 37]","[113.1, 58]","[161.11, 18]","[354.67, 45]",138.64,158,44.95,0.2
07:41:25,"[116.0, 36]","[112.0, 54]","[157.0, 18]","[402.33, 36]",136.5,144,41.0,0.25
07:41:26,"[116.93, 15]","[115.23, 35]","[155.56, 18]","[383.58, 24]",136.24,92,38.62,0.09
07:41:27,"[116.0, 28]","[113.0, 7]","[154.29, 14]","[271.14, 35]",135.14,84,38.29,-0.17
07:41:28,"[116.86, 7]","[115.73, 11]","[153.67, 6]","[308.0, 15]",135.26,39,36.81,-0.08
07:41:29,"[116.52, 29]","[115.39, 31]","[139.62, 26]","[248.94, 32]",128.07,118,23.1,0.02
07:41:30,"[113.71, 42]","[111.29, 62]","[123.8, 20]","[147.2, 20]",118.76,144,10.09,0.44
07:41:31,"[112.0, 60]","[111.0, 140]","[122.2, 20]","[161.17, 23]",117.1,243,10.2,0.65
07:41:32,"[112.05, 39]","[111.04, 160]","[119.88, 33]","[302.78, 51]",115.97,283,7.83,0.41
07:41:33,"[111.07, 150]","[110.56, 90]","[118.25, 72]","[370.52, 69]",114.66,381,7.18,0.26
07:41:34,"[111.0, 112]","[109.0, 16]","[114.48, 27]","[115.49, 39]",112.74,194,3.48,0.32
07:41:35,"[111.03, 116]","[109.93, 30]","[142.82, 28]","[168.61, 44]",126.93,218,31.79,0.34
07:41:36,"[112.0, 7]","[111.0, 98]","[263.43, 14]","[436.14, 35]",187.71,154,151.43,0.36
07:41:37,"[112.89, 36]","[111.13, 60]","[207.59, 27]","[325.96, 54]",160.24,177,94.7,0.08
07:41:38,"[113.23, 22]","[112.7, 10]","[295.95, 19]","[587.8, 20]",204.59,71,182.72,-0.1
07:41:39,"[116.0, 6]","[113.1, 21]","[155.0, 18]","[669.0, 12]",135.5,57,39.0,-0.05
07:41:40,"[117.0, 12]","[113.38, 32]","[336.69, 26]","[616.26, 39]",226.85,109,219.69,-0.19
07:41:41,"[114.5, 24]","[112.57, 42]","[161.9, 40]","[182.19, 42]",138.2,148,47.4,-0.11
07:41:42,"[112.26, 65]","[111.23, 84]","[129.0, 33]","[149.33, 45]",120.63,227,16.74,0.31
07:41:43,"[113.67, 36]","[112.0, 63]","[128.67, 27]","[223.71, 31]",121.17,157,15.0,0.26
07:41:44,"[116.1, 40]","[112.86, 37]","[128.0, 21]","[229.29, 21]",122.05,119,11.9,0.29
07:41:45,"[114.0, 41]","[112.0, 84]","[127.67, 36]","[288.15, 39]",120.83,200,13.67,0.25
07:41:46,"[114.0, 24]","[112.0, 56]","[126.25, 24]","[205.75, 24]",120.12,128,12.25,0.25
07:41:47,"[114.0, 33]","[112.0, 77]","[123.55, 33]","[244.76, 41]",118.77,184,9.55,0.2
07:41:48,"[114.0, 27]","[112.0, 63]","[121.56, 27]","[312.67, 36]",117.78,153,7.56,0.18
07:41:49,"[114.0, 9]","[112.0, 21]","[121.0, 9]","[265.0, 10]",117.5,49,7.0,0.22
07:41:50,"[117.75, 24]","[113.12, 32]","[120.0, 24]","[321.0, 24]",118.88,104,2.25,0.08
07:41:51,"[112.71, 59]","[111.32, 113]","[119.79, 42]","[321.0, 42]",116.25,256,7.07,0.34
07:41:52,"[112.12, 48]","[111.13, 114]","[117.75, 28]","[304.35, 43]",114.94,233,5.62,0.39
07:41:53,"[114.0, 11]","[112.0, 55]","[131.03, 34]","[285.89, 45]",122.51,145,17.03,-0.09
07:41:54,"[114.16, 31]","[111.59, 63]","[222.37, 59]","[320.79, 67]",168.27,220,108.21,-0.15
07:41:55,"[112.0, 25]","[111.0, 55]","[255.0, 15]","[274.0, 25]",183.5,120,143.0,0.33
07:41:56,"[112.37, 43]","[111.15, 96]","[263.42, 57]","[463.91, 54]",187.9,250,151.05,0.11
07:41:57,"[116.0, 20]","[112.4, 10]","[300.94, 32]","[468.18, 34]",208.47,96,184.94,-0.38
07:41:58,"[116.0, 24]","[113.81, 32]","[261.67, 12]","[300.97, 36]",188.83,104,145.67,0.08
07:41:59,"[116.0, 27]","[114.0, 90]","[167.69, 26]","[215.24, 25]",141.85,168,51.69,0.39
07:42:00,"[114.09, 132]","[113.18, 34]","[146.06, 34]","[207.89, 56]",130.07,256,31.97,0.3
07:42:01,"[114.0, 108]","[112.0, 12]","[205.0, 12]","[247.81, 59]",159.5,191,91.0,0.26
07:42:02,"[114.0, 138]","[112.15, 13]","[186.8, 46]","[232.59, 29]",150.4,226,72.8,0.34
07:42:03,"[114.15, 164]","[113.48, 50]","[168.52, 29]","[169.71, 31]",141.33,274,54.37,0.56
07:42:04,"[114.2, 181]","[113.64, 56]","[163.69, 39]","[167.0, 13]",138.95,289,49.49,0.64
07:42:05,"[114.0, 117]","[113.0, 24]","[162.33, 36]","[292.93, 46]",138.17,223,48.33,0.26
07:42:06,"[114.0, 87]","[113.0, 24]","[160.12, 26]","[223.11, 38]",137.06,175,46.12,0.27
07:42:07,"[114.0, 49]","[113.0, 14]","[158.38, 16]","[160.11, 19]",136.19,98,44.38,0.29
07:42:08,"[114.0, 56]","[113.0, 16]","[157.0, 16]","[158.0, 24]",135.5,112,43.0,0.29
07:42:09,"[114.0, 70]","[113.0, 20]","[154.3, 20]","[158.0, 30]",134.15,140,40.3,0.29
07:42:10,"[114.0, 92]","[113.0, 32]","[149.91, 46]","[150.82, 34]",131.96,204,35.91,0.22
07:42:11,"[114.35, 26]","[113.52, 29]","[146.84, 31]","[148.45, 29]",130.59,115,32.49,-0.04
07:42:12,"[116.0, 12]","[114.0, 36]","[144.0, 36]","[146.0, 24]",130.0,108,28.0,-0.11
07:42:13,"[116.0, 11]","[114.0, 33]","[142.2, 30]","[143.84, 25]",129.1,99,26.2,-0.11
07:42:14,"[118.5, 24]","[114.5, 16]","[139.09, 23]","[140.18, 17]",128.79,80,20.59,0.0
07:42:15,"[119.0, 50]","[116.67, 18]","[138.3, 30]","[140.0, 20]",128.65,118,19.3,0.15
07:42:16,"[119.0, 42]","[116.16, 38]","[138.0, 27]","[140.0, 18]",128.5,125,19.0,0.28
07:42:17,"[119.0, 42]","[116.0, 90]","[135.68, 41]","[139.25, 32]",127.34,205,16.68,0.29
07:42:18,"[119.0, 10]","[116.0, 42]","[135.0, 14]","[136.0, 21]",127.0,87,16.0,0.2
07:42:19,"[116.08, 39]","[114.2, 59]","[134.56, 18]","[136.0, 27]",125.32,143,18.48,0.37
07:42:20,"[118.14, 14]","[115.82, 22]","[134.0, 22]","[136.0, 33]",126.07,91,15.86,-0.21
07:42:21,"[119.0, 13]","[116.0, 52]","[132.33, 42]","[134.24, 34]",125.67,141,13.33,-0.08
07:42:22,"[118.4, 15]","[115.71, 56]","[128.59, 39]","[129.91, 44]",123.49,154,10.19,-0.08
07:42:23,"[116.0, 39]","[114.0, 104]","[125.4, 45]","[126.3, 40]",120.7,228,9.4,0.25
07:42:24,"[115.58, 38]","[113.97, 91]","[121.53, 15]","[122.68, 38]",118.56,182,5.95,0.42
07:42:25,"[114.07, 129]","[113.15, 53]","[118.08, 52]","[119.64, 55]",116.07,289,4.01,0.26
07:42:26,"[115.0, 92]","[114.0, 88]","[116.59, 29]","[118.05, 38]",115.79,247,1.59,0.46
07:42:27,"[114.42, 69]","[113.79, 71]","[116.97, 34]","[231.26, 46]",115.7,220,2.55,0.27
07:42:28,"[114.0, 80]","[113.0, 30]","[117.0, 30]","[330.92, 38]",115.5,178,3.0,0.24
07:42:29,"[114.0, 72]","[113.0, 27]","[115.89, 27]","[336.56, 45]",114.94,171,1.89,0.16
07:42:30,"[114.0, 63]","[113.0, 36]","[166.0, 60]","[405.08, 12]",140.0,171,52.0,0.16
07:42:31,"[114.0, 41]","[113.0, 18]","[299.88, 26]","[526.0, 10]",206.94,95,185.88,0.24
07:42:32,"[113.7, 23]","[111.83, 36]","[381.4, 10]","[421.64, 42]",247.55,111,267.7,0.06
07:42:33,"[113.0, 8]","[111.91, 66]","[328.5, 8]","[352.7, 20]",220.75,102,215.5,0.45
07:42:34,"[113.0, 6]","[112.0, 60]","[211.0, 6]","[270.67, 6]",162.0,78,98.0,0.69
07:42:35,"[115.1, 10]","[112.19, 37]","[169.61, 18]","[191.44, 18]",142.36,83,54.51,0.13
07:42:36,"[116.0, 10]","[113.0, 10]","[163.3, 10]","[209.82, 38]",139.65,68,47.3,-0.41
07:42:37,"[116.0, 11]","[113.0, 11]","[150.39, 18]","[274.91, 11]",133.19,51,34.39,-0.14
07:42:38,"[112.52, 46]","[111.86, 14]","[160.7, 40]","[162.0, 10]",136.61,110,48.18,0.09
07:42:39,"[112.0, 88]","[111.0, 46]","[157.74, 27]","[159.82, 33]",134.87,194,45.74,0.38
07:42:40,"[116.2, 30]","[112.12, 80]","[156.36, 44]","[158.0, 11]",136.28,165,40.16,0.33
07:42:41,"[119.0, 22]","[113.0, 72]","[152.87, 30]","[153.2, 30]",135.93,154,33.87,0.22
07:42:42,"[119.0, 13]","[113.0, 78]","[149.15, 13]","[152.0, 52]",134.08,156,30.15,0.17
07:42:43,"[114.78, 32]","[113.33, 54]","[125.0, 24]","[136.71, 14]",119.89,124,10.22,0.39
07:42:44,"[114.75, 53]","[113.38, 48]","[120.25, 8]","[123.15, 13]",117.5,122,5.5,0.66
07:42:45,"[119.0, 16]","[113.38, 117]","[120.0, 13]","[123.77, 26]",119.5,172,1.0,0.55
07:42:46,"[113.29, 143]","[112.94, 141]","[119.6, 15]","[141.6, 30]",116.45,329,6.31,0.73
07:42:47,"[113.41, 54]","[113.0, 157]","[118.0, 12]","[160.32, 19]",115.7,242,4.59,0.74
07:42:48,"[115.0, 18]","[114.0, 71]","[170.09, 11]","[352.18, 11]",142.55,111,55.09,0.6
07:42:49,"[114.06, 66]","[113.18, 98]","[262.0, 10]","[455.21, 14]",188.03,188,147.94,0.74
07:42:50,"[114.0, 56]","[113.0, 70]","[262.0, 7]","[438.0, 14]",188.0,147,148.0,0.71
07:42:51,"[114.0, 48]","[113.0, 70]","[162.32, 31]","[306.0, 8]",138.16,157,48.32,0.5
07:42:52,"[115.36, 44]","[113.21, 76]","[228.81, 16]","[430.29, 14]",172.09,150,113.45,0.6
07:42:53,"[114.0, 35]","[113.0, 90]","[257.94, 33]","[382.69, 16]",185.97,174,143.94,0.44
07:42:54,"[114.0, 41]","[113.0, 130]","[180.37, 41]","[213.31, 45]",147.18,257,66.37,0.33
07:42:55,"[114.0, 39]","[113.0, 130]","[154.97, 59]","[155.97, 58]",134.48,286,40.97,0.18
07:42:56,"[114.0, 13]","[113.0, 70]","[136.0, 35]","[153.0, 28]",125.0,146,22.0,0.14
07:42:57,"[114.0, 12]","[113.0, 120]","[134.52, 58]","[137.85, 55]",124.26,245,20.52,0.08
07:42:58,"[114.0, 13]","[113.0, 130]","[131.91, 56]","[133.02, 55]",122.96,254,17.91,0.13
07:42:59,"[114.0, 11]","[113.0, 80]","[126.33, 24]","[130.2, 30]",120.17,145,12.33,0.26
07:43:00,"[113.07, 108]","[112.67, 30]","[116.48, 21]","[122.69, 42]",114.78,201,3.4,0.37
07:43:01,"[111.93, 83]","[110.45, 31]","[114.0, 12]","[127.04, 27]",112.96,153,2.07,0.49
07:43:02,"[113.46, 52]","[113.5, 44]","[317.77, 39]","[363.0, 65]",215.62,200,204.31,-0.04
07:43:03,"[116.0, 48]","[113.59, 51]","[296.59, 22]","[368.09, 46]",206.3,167,180.59,0.19
07:43:04,"[116.0, 32]","[114.0, 32]","[295.0, 8]","[297.0, 24]",205.5,96,179.0,0.33
07:43:05,"[116.0, 35]","[114.0, 44]","[291.82, 17]","[295.3, 27]",203.91,123,175.82,0.28
07:43:06,"[118.86, 63]","[115.76, 34]","[233.11, 19]","[219.69, 13]",175.98,129,114.25,0.5
07:43:07,"[119.0, 60]","[116.0, 30]","[134.44, 16]","[236.15, 20]",126.72,126,15.44,0.43
07:43:08,"[119.0, 52]","[116.0, 30]","[132.77, 26]","[133.86, 14]",125.88,122,13.77,0.34
07:43:09,"[119.0, 11]","[116.0, 33]","[131.09, 33]","[133.0, 11]",125.05,88,12.09,0.0
07:43:10,"[116.55, 22]","[114.44, 54]","[129.62, 24]","[188.21, 19]",123.09,119,13.08,0.28
07:43:11,"[116.0, 33]","[114.0, 77]","[128.47, 38]","[217.36, 33]",122.24,181,12.47,0.22
07:43:12,"[116.0, 17]","[114.0, 77]","[126.46, 41]","[127.67, 36]",121.23,171,10.46,0.1
07:43:13,"[116.0, 9]","[114.0, 63]","[124.33, 36]","[126.0, 27]",120.17,135,8.33,0.07
07:43:14,"[116.0, 7]","[114.0, 49]","[124.0, 28]","[126.0, 21]",120.0,105,8.0,0.07
07:43:15,"[114.85, 47]","[113.5, 107]","[121.91, 55]","[123.72, 43]",118.38,252,7.06,0.22
07:43:16,"[115.38, 32]","[113.61, 69]","[119.44, 36]","[120.53, 34]",117.41,171,4.07,0.18
07:43:17,"[114.57, 42]","[113.44, 81]","[117.48, 31]","[118.53, 38]",116.03,192,2.91,0.28
07:43:18,"[114.0, 138]","[113.0, 72]","[116.13, 30]","[118.2, 20]",115.07,260,2.13,0.62
07:43:19,"[114.0, 181]","[113.0, 81]","[116.89, 27]","[120.0, 9]",115.44,298,2.89,0.76
07:43:20,"[114.0, 132]","[113.0, 99]","[115.09, 33]","[405.48, 27]",114.55,291,1.09,0.59
07:43:21,"[114.0, 78]","[113.0, 72]","[252.4, 20]","[464.0, 19]",183.2,189,138.4,0.59
07:43:22,"[114.0, 64]","[113.0, 63]","[185.29, 21]","[201.6, 15]",149.64,163,71.29,0.56
07:43:23,"[114.0, 88]","[112.84, 64]","[183.15, 39]","[186.9, 41]",148.58,232,69.15,0.31
07:43:24,"[114.14, 43]","[112.12, 66]","[178.62, 40]","[181.0, 24]",146.38,173,64.49,0.26
07:43:25,"[114.0, 48]","[112.38, 32]","[177.17, 60]","[181.0, 36]",145.58,176,63.17,-0.09
07:43:26,"[114.0, 43]","[113.0, 22]","[176.0, 55]","[181.0, 33]",145.0,153,62.0,-0.15
07:43:27,"[114.47, 45]","[113.36, 25]","[174.33, 43]","[175.58, 45]",144.4,158,59.86,-0.11
07:43:28,"[115.0, 37]","[114.0, 21]","[171.81, 31]","[172.6, 25]",143.4,114,56.81,0.02
07:43:29,"[114.55, 22]","[113.55, 22]","[169.26, 31]","[171.56, 41]",141.9,116,54.71,-0.24
07:43:30,"[114.0, 18]","[113.0, 18]","[166.15, 41]","[167.32, 31]",140.07,108,52.15,-0.33
07:43:31,"[114.0, 14]","[113.0, 14]","[164.6, 25]","[165.39, 31]",139.3,84,50.6,-0.33
07:43:32,"[114.0, 22]","[113.0, 22]","[158.7, 37]","[163.38, 45]",136.35,126,44.7,-0.3
07:43:33,"[117.09, 23]","[112.47, 15]","[151.1, 31]","[167.27, 33]",134.09,102,34.01,-0.25
07:43:34,"[119.0, 181]","[113.0, 11]","[163.0, 55]","[233.09, 33]",141.0,280,44.0,0.37
07:43:35,"[119.0, 190]","[113.0, 10]","[160.37, 41]","[173.27, 37]",139.68,278,41.37,0.44
07:43:36,"[119.0, 190]","[113.0, 10]","[154.92, 36]","[156.59, 32]",136.96,268,35.92,0.49
07:43:37,"[119.0, 228]","[113.0, 12]","[149.94, 35]","[150.81, 48]",134.47,323,30.94,0.49
07:43:38,"[119.0, 247]","[113.59, 29]","[142.82, 44]","[143.11, 55]",130.91,375,23.82,0.47
07:43:39,"[119.0, 209]","[114.0, 196]","[139.92, 24]","[140.97, 37]",129.46,466,20.92,0.74
07:43:40,"[119.0, 285]","[114.07, 242]","[134.13, 67]","[135.0, 51]",126.57,645,15.13,0.63
07:43:41,"[119.0, 246]","[116.0, 56]","[129.87, 30]","[130.86, 37]",124.43,369,10.87,0.64
07:43:42,"[119.0, 152]","[116.0, 56]","[126.23, 43]","[127.7, 20]",122.62,271,7.23,0.54
07:43:43,"[119.0, 20]","[116.0, 32]","[124.56, 25]","[124.55, 22]",121.78,99,5.56,0.05
07:43:44,"[116.67, 36]","[114.21, 161]","[119.33, 21]","[120.68, 28]",118.0,246,2.67,0.6
07:43:45,"[114.24, 143]","[113.95, 132]","[117.12, 25]","[118.03, 34]",115.68,334,2.88,0.65
07:43:46,"[114.03, 189]","[113.88, 72]","[116.67, 24]","[117.76, 33]",115.35,318,2.63,0.64
07:43:47,"[114.0, 132]","[112.07, 15]","[115.25, 16]","[283.05, 20]",114.62,183,1.25,0.61
07:43:48,"[114.0, 128]","[112.0, 16]","[230.0, 21]","[420.23, 22]",172.0,187,116.0,0.54
07:43:49,"[114.0, 202]","[113.0, 52]","[233.29, 34]","[267.59, 37]",173.65,325,119.29,0.56
07:43:50,"[114.0, 124]","[113.0, 48]","[120.88, 17]","[122.49, 35]",117.44,224,6.88,0.54
07:43:51,"[114.0, 57]","[113.0, 52]","[116.11, 18]","[120.27, 33]",115.06,160,2.11,0.36
07:43:52,"[113.3, 40]","[112.5, 32]","[115.0, 12]","[228.84, 49]",114.15,133,1.7,0.08
07:43:53,"[112.75, 16]","[111.8, 20]","[113.71, 14]","[338.76, 42]",113.23,92,0.96,-0.22
07:43:54,"[111.2, 10]","[110.11, 18]","[218.56, 18]","[311.57, 23]",164.88,69,107.36,-0.19
07:43:55,"[111.0, 6]","[110.0, 12]","[386.5, 24]","[474.0, 18]",248.75,60,275.5,-0.4
07:43:56,"[112.77, 43]","[111.94, 67]","[349.7, 43]","[448.68, 31]",231.23,184,236.93,0.2
07:43:57,"[113.0, 6]","[112.0, 18]","[278.0, 10]","[320.0, 8]",195.5,42,165.0,0.14
07:43:58,"[113.69, 39]","[112.29, 21]","[248.76, 21]","[580.08, 13]",181.23,94,135.07,0.28
07:43:59,"[114.95, 38]","[112.59, 17]","[120.0, 45]","[204.11, 9]",117.47,109,5.05,0.01
07:44:00,"[114.0, 21]","[111.0, 15]","[120.0, 35]","[251.36, 22]",117.0,93,6.0,-0.23
07:44:01,"[111.86, 42]","[108.76, 49]","[137.44, 48]","[355.81, 42]",124.65,181,25.58,0.01
07:44:02,"[112.0, 42]","[109.0, 42]","[457.24, 17]","[545.58, 26]",284.62,127,345.24,0.32
07:44:03,"[112.38, 16]","[111.25, 48]","[475.25, 16]","[535.0, 19]",293.81,99,362.88,0.29
07:44:04,"[112.26, 47]","[110.72, 64]","[256.8, 41]","[386.54, 56]",184.53,208,144.55,0.07
07:44:05,"[112.0, 30]","[111.0, 20]","[215.0, 30]","[548.0, 50]",163.5,130,103.0,-0.23
07:44:06,"[112.0, 21]","[111.0, 14]","[175.48, 31]","[364.26, 27]",143.74,93,63.48,-0.25
07:44:07,"[111.38, 8]","[109.12, 32]","[144.0, 30]","[682.25, 24]",127.69,94,32.62,-0.15
07:44:08,"[111.0, 8]","[109.0, 48]","[142.75, 40]","[306.5, 40]",126.88,136,31.75,-0.18
07:44:09,"[115.08, 59]","[109.58, 33]","[141.17, 53]","[455.91, 56]",128.13,201,26.09,-0.08
07:44:10,"[114.16, 25]","[113.26, 19]","[136.95, 19]","[139.87, 47]",125.55,110,22.79,-0.2
07:44:11,"[114.06, 16]","[112.12, 8]","[134.29, 14]","[135.91, 22]",124.17,60,20.22,-0.2
07:44:12,"[114.0, 36]","[111.0, 14]","[133.33, 60]","[135.0, 12]",123.67,122,19.33,-0.18
07:44:13,"[114.0, 28]","[111.29, 21]","[130.74, 39]","[131.74, 19]",122.37,107,16.74,-0.08
07:44:14,"[114.0, 28]","[112.0, 14]","[125.14, 14]","[126.71, 14]",119.57,70,11.14,0.2
07:44:15,"[114.0, 22]","[112.0, 11]","[119.82, 11]","[124.0, 11]",116.91,55,5.82,0.2
07:44:16,"[114.0, 20]","[112.0, 8]","[118.0, 32]","[119.0, 12]",116.0,72,4.0,-0.22
07:44:17,"[114.0, 40]","[112.0, 10]","[117.27, 22]","[158.03, 29]",115.64,101,3.27,-0.01
07:44:18,"[115.25, 32]","[113.14, 14]","[124.0, 8]","[348.62, 37]",119.62,91,8.75,0.01
07:44:19,"[119.0, 35]","[114.0, 45]","[123.56, 9]","[355.14, 21]",121.28,110,4.56,0.45
07:44:20,"[116.73, 44]","[113.87, 60]","[122.0, 12]","[212.03, 31]",119.36,147,5.27,0.41
07:44:21,"[115.28, 18]","[115.08, 38]","[122.0, 9]","[137.0, 45]",118.64,110,6.72,0.02
07:44:22,"[119.0, 7]","[116.0, 70]","[120.57, 7]","[140.9, 31]",119.79,115,1.57,0.34
07:44:23,"[116.28, 53]","[115.57, 56]","[120.0, 11]","[214.0, 15]",118.14,135,3.72,0.61
07:44:24,"[116.07, 60]","[113.87, 15]","[120.0, 9]","[228.0, 9]",118.03,93,3.93,0.61
07:44:25,"[116.0, 91]","[114.32, 31]","[119.08, 13]","[314.23, 31]",117.54,166,3.08,0.47
07:44:26,"[116.0, 56]","[112.97, 29]","[118.78, 9]","[177.65, 20]",117.39,114,2.78,0.49
07:44:27,"[114.75, 55]","[112.96, 82]","[118.0, 28]","[119.0, 14]",116.37,179,3.25,0.53
07:44:28,"[114.0, 36]","[113.0, 52]","[117.09, 22]","[117.93, 15]",115.55,125,3.09,0.41
07:44:29,"[114.0, 60]","[113.0, 14]","[115.0, 28]","[116.0, 28]",114.5,130,1.0,0.14
07:44:30,"[114.0, 66]","[113.0, 6]","[115.0, 12]","[161.37, 27]",114.5,111,1.0,0.3
07:44:31,"[114.0, 156]","[113.0, 13]","[164.86, 49]","[430.15, 65]",139.43,283,50.86,0.19
07:44:32,"[114.03, 88]","[113.33, 15]","[162.36, 11]","[189.43, 28]",138.2,142,48.33,0.45
07:44:33,"[118.89, 83]","[115.62, 26]","[160.62, 8]","[272.0, 28]",139.76,145,41.73,0.5
07:44:34,"[119.0, 59]","[116.0, 30]","[159.3, 10]","[275.6, 50]",139.15,149,40.3,0.19
07:44:35,"[119.0, 31]","[116.0, 33]","[159.0, 11]","[198.73, 55]",139.0,130,40.0,-0.02
07:44:36,"[116.73, 37]","[114.86, 49]","[158.57, 7]","[185.96, 23]",137.65,116,41.84,0.48
07:44:37,"[116.0, 79]","[114.0, 84]","[155.58, 12]","[157.5, 12]",135.79,187,39.58,0.74
07:44:38,"[116.0, 30]","[114.0, 105]","[154.93, 15]","[156.0, 15]",135.47,165,38.93,0.64
07:44:39,"[116.0, 18]","[114.0, 63]","[153.22, 9]","[154.44, 9]",134.61,99,37.22,0.64
07:44:40,"[116.0, 18]","[114.0, 63]","[153.0, 9]","[154.0, 9]",134.5,99,37.0,0.64
07:44:41,"[115.0, 36]","[113.95, 66]","[151.25, 12]","[152.33, 12]",133.12,126,36.25,0.62
07:44:42,"[114.0, 84]","[113.0, 14]","[122.81, 16]","[123.69, 32]",118.41,146,8.81,0.34
07:44:43,"[114.0, 66]","[113.0, 11]","[119.18, 11]","[120.36, 11]",116.59,99,5.18,0.56
07:44:44,"[113.54, 26]","[112.09, 11]","[116.86, 7]","[120.0, 7]",115.2,51,3.32,0.45
07:44:45,"[113.57, 23]","[112.1, 20]","[115.3, 10]","[120.0, 10]",114.43,63,1.73,0.37
07:44:46,"[114.0, 25]","[112.0, 20]","[117.1, 10]","[381.5, 10]",115.55,65,3.1,0.38
07:44:47,"[111.81, 21]","[109.63, 38]","[341.71, 17]","[580.24, 25]",226.76,101,229.9,0.17
07:44:48,"[111.0, 12]","[109.0, 24]","[253.87, 23]","[262.22, 9]",182.43,68,142.87,0.06
07:44:49,"[111.0, 18]","[100.21, 39]","[200.72, 29]","[249.59, 34]",155.86,120,89.72,-0.05
07:44:50,"[111.0, 12]","[84.44, 36]","[151.11, 9]","[200.13, 23]",131.06,80,40.11,0.2
07:44:51,"[109.0, 63]","[66.0, 16]","[196.69, 29]","[272.53, 17]",152.84,125,87.69,0.26
07:44:52,"[109.0, 70]","[67.31, 32]","[160.0, 28]","[177.14, 37]",134.5,167,51.0,0.22
07:44:53,"[109.0, 63]","[73.2, 70]","[157.0, 36]","[158.33, 36]",133.0,205,48.0,0.3
07:44:54,"[109.77, 62]","[103.44, 72]","[154.3, 40]","[155.6, 40]",132.04,214,44.53,0.25
07:44:55,"[113.51, 74]","[110.9, 69]","[152.55, 44]","[153.55, 44]",133.03,231,39.03,0.24
07:44:56,"[115.33, 54]","[109.0, 63]","[150.0, 36]","[151.11, 36]",132.67,189,34.67,0.24
07:44:57,"[116.0, 72]","[109.24, 82]","[145.0, 48]","[146.17, 48]",130.5,250,29.0,0.23
07:44:58,"[116.0, 72]","[111.82, 71]","[142.0, 52]","[143.0, 52]",129.0,247,26.0,0.16
07:44:59,"[116.0, 65]","[111.0, 32]","[140.85, 52]","[141.85, 52]",128.42,201,24.85,-0.03
07:45:00,"[113.48, 31]","[111.27, 15]","[138.43, 56]","[139.43, 56]",125.96,158,24.94,-0.42
07:45:01,"[109.25, 64]","[77.75, 118]","[135.33, 48]","[136.42, 48]",122.29,278,26.08,0.31
07:45:02,"[114.05, 43]","[111.06, 53]","[132.73, 44]","[134.0, 44]",123.39,184,18.68,0.04
07:45:03,"[118.41, 41]","[114.13, 181]","[131.54, 57]","[133.8, 60]",124.98,339,13.13,0.31
07:45:04,"[114.33, 54]","[113.41, 153]","[127.74, 39]","[128.78, 36]",121.04,282,13.41,0.47
07:45:05,"[114.0, 195]","[109.0, 88]","[123.53, 49]","[124.53, 34]",118.77,366,9.53,0.55
07:45:06,"[114.0, 139]","[109.0, 139]","[118.1, 50]","[119.7, 53]",116.05,381,4.1,0.46
07:45:07,"[112.12, 64]","[103.28, 92]","[115.62, 52]","[116.92, 48]",113.87,256,3.49,0.22
07:45:08,"[85.77, 39]","[48.44, 68]","[111.38, 37]","[115.11, 37]",98.57,181,25.61,0.18
07:45:09,"[49.32, 47]","[60.87, 62]","[223.48, 46]","[271.62, 37]",136.4,192,174.16,0.14
07:45:10,"[119.0, 18]","[112.48, 27]","[306.0, 30]","[441.0, 24]",212.5,99,187.0,-0.09
07:45:11,"[119.0, 33]","[116.0, 33]","[378.56, 41]","[453.32, 40]",248.78,147,259.56,-0.1
07:45:12,"[119.0, 30]","[116.0, 30]","[303.54, 35]","[343.17, 29]",211.27,124,184.54,-0.03
07:45:13,"[119.0, 30]","[116.0, 30]","[218.3, 40]","[248.06, 47]",168.65,147,99.3,-0.18
07:45:14,"[119.0, 18]","[116.0, 18]","[180.0, 24]","[254.33, 24]",149.5,84,61.0,-0.14
07:45:15,"[119.0, 15]","[116.0, 15]","[158.6, 20]","[218.0, 20]",138.8,70,39.6,-0.14
07:45:16,"[119.0, 18]","[116.62, 24]","[149.0, 44]","[218.0, 24]",134.0,110,30.0,-0.24
07:45:17,"[117.18, 33]","[116.22, 23]","[119.8, 15]","[138.56, 25]",118.49,96,2.62,0.17
07:45:18,"[116.76, 37]","[115.5, 24]","[301.67, 18]","[410.86, 22]",209.21,101,184.91,0.21
07:45:19,"[116.0, 27]","[114.0, 18]","[131.29, 28]","[292.92, 24]",123.64,97,15.29,-0.07
07:45:20,"[116.0, 24]","[114.0, 16]","[130.25, 32]","[243.72, 29]",123.12,101,14.25,-0.21
07:45:21,"[116.0, 18]","[114.0, 12]","[130.0, 24]","[206.36, 28]",123.0,82,14.0,-0.27
07:45:22,"[114.5, 44]","[112.33, 60]","[130.0, 40]","[175.4, 30]",122.25,174,15.5,0.2
07:45:23,"[116.14, 21]","[113.17, 105]","[129.96, 46]","[161.22, 37]",123.05,209,13.81,0.21
07:45:24,"[116.0, 14]","[113.02, 124]","[128.25, 32]","[129.31, 52]",122.12,222,12.25,0.24
07:45:25,"[114.5, 16]","[113.03, 136]","[117.84, 50]","[124.75, 40]",116.17,242,3.34,0.26
07:45:26,"[114.0, 71]","[113.0, 132]","[115.08, 48]","[117.0, 48]",114.54,299,1.08,0.36
07:45:27,"[114.0, 39]","[113.0, 121]","[116.45, 44]","[125.57, 28]",115.23,232,2.45,0.38
07:45:28,"[114.0, 30]","[113.0, 110]","[117.0, 40]","[339.95, 19]",115.5,199,3.0,0.41
07:45:29,"[114.15, 26]","[113.05, 116]","[201.42, 24]","[486.33, 18]",157.79,184,87.26,0.54
07:45:30,"[113.03, 111]","[111.44, 150]","[359.86, 14]","[506.73, 22]",236.44,297,246.83,0.76
07:45:31,"[113.0, 108]","[111.0, 117]","[233.74, 19]","[370.69, 13]",173.37,257,120.74,0.75
07:45:32,"[113.0, 57]","[111.0, 65]","[144.8, 15]","[160.62, 13]",128.9,150,31.8,0.63
07:45:33,"[112.08, 76]","[110.88, 97]","[122.0, 30]","[311.62, 24]",117.04,227,9.92,0.52
07:45:34,"[112.0, 42]","[111.0, 88]","[122.0, 24]","[407.45, 22]",117.0,176,10.0,0.48
07:45:35,"[112.0, 41]","[111.0, 99]","[122.0, 27]","[162.0, 18]",117.0,185,10.0,0.51
07:45:36,"[118.5, 50]","[112.21, 77]","[121.0, 11]","[122.0, 33]",119.75,171,2.5,0.49
07:45:37,"[119.0, 92]","[114.0, 270]","[121.64, 22]","[140.0, 36]",120.32,420,2.64,0.72
07:45:38,"[119.0, 48]","[114.14, 87]","[122.0, 18]","[166.74, 23]",120.5,176,3.0,0.53
07:45:39,"[119.0, 88]","[116.0, 22]","[121.09, 33]","[329.0, 30]",120.05,173,2.09,0.27
07:45:40,"[119.0, 88]","[116.0, 32]","[120.94, 48]","[207.21, 77]",119.97,245,1.94,-0.02
07:45:41,"[119.0, 24]","[116.0, 16]","[120.0, 24]","[328.33, 36]",119.5,100,1.0,-0.2
07:45:42,"[115.06, 68]","[114.15, 91]","[138.92, 37]","[310.21, 38]",126.99,234,23.86,0.36
07:45:43,"[114.0, 251]","[113.32, 41]","[156.38, 37]","[230.02, 47]",135.19,376,42.37,0.55
07:45:44,"[114.03, 141]","[113.46, 52]","[157.5, 20]","[213.77, 26]",135.76,239,43.47,0.62
07:45:45,"[116.0, 8]","[114.0, 152]","[149.71, 28]","[151.93, 30]",132.86,218,33.71,0.47
07:45:46,"[116.0, 10]","[114.0, 220]","[147.91, 23]","[148.89, 47]",131.96,300,31.91,0.53
07:45:47,"[114.0, 171]","[113.0, 36]","[147.0, 18]","[148.0, 45]",130.5,270,33.0,0.53
07:45:48,"[114.0, 190]","[113.0, 40]","[145.75, 44]","[147.38, 26]",129.88,300,31.75,0.53
07:45:49,"[114.0, 152]","[113.0, 32]","[143.26, 19]","[144.16, 37]",128.63,240,29.26,0.53
07:45:50,"[115.55, 62]","[113.9, 84]","[141.81, 21]","[143.71, 21]",128.68,188,26.26,0.55
07:45:51,"[114.45, 107]","[113.66, 58]","[140.14, 35]","[143.0, 14]",127.3,214,25.69,0.54
07:45:52,"[114.53, 85]","[113.46, 82]","[140.0, 65]","[143.0, 26]",127.26,258,25.47,0.29
07:45:53,"[119.0, 12]","[115.07, 58]","[139.0, 60]","[143.0, 24]",129.0,154,20.0,-0.09
07:45:54,"[119.0, 11]","[113.38, 39]","[135.44, 43]","[137.59, 34]",127.22,127,16.44,-0.21
07:45:55,"[115.4, 15]","[113.0, 36]","[133.0, 45]","[135.0, 18]",124.2,114,17.6,-0.11
07:45:56,"[112.32, 37]","[111.83, 29]","[132.11, 36]","[133.33, 27]",122.22,129,19.79,0.02
07:45:57,"[113.12, 17]","[111.77, 13]","[130.0, 26]","[147.37, 41]",121.56,97,16.88,-0.38
07:45:58,"[112.0, 9]","[111.0, 9]","[127.92, 26]","[141.17, 24]",119.96,68,15.92,-0.47
07:45:59,"[111.77, 13]","[110.77, 13]","[115.62, 29]","[118.82, 33]",113.69,88,3.85,-0.41
07:46:00,"[108.53, 40]","[99.03, 71]","[110.68, 34]","[113.62, 24]",109.6,169,2.15,0.31
07:46:01,"[105.84, 104]","[77.33, 36]","[109.18, 17]","[109.88, 26]",107.51,183,3.34,0.53
07:46:02,"[95.62, 45]","[48.4, 30]","[105.8, 10]","[107.57, 14]",100.71,99,10.18,0.52
07:46:03,"[94.88, 128]","[74.0, 16]","[106.38, 8]","[108.0, 16]",100.62,168,11.5,0.71
07:46:04,"[90.68, 126]","[83.07, 30]","[123.22, 9]","[175.67, 12]",106.95,177,32.54,0.76
07:46:05,"[80.43, 49]","[25.0, 105]","[326.14, 7]","[439.73, 11]",203.29,172,245.71,0.79
07:46:06,"[58.0, 49]","[24.56, 79]","[151.33, 12]","[408.29, 7]",104.67,147,93.33,0.74
07:46:07,"[67.5, 12]","[45.0, 42]","[101.0, 12]","[307.33, 6]",84.25,72,33.5,0.5
07:46:08,"[78.95, 43]","[24.07, 87]","[315.09, 11]","[486.62, 16]",197.02,157,236.14,0.66
07:46:09,"[50.63, 52]","[31.1, 31]","[193.91, 11]","[342.42, 12]",122.27,106,143.27,0.57
07:46:10,"[94.53, 19]","[41.84, 38]","[285.83, 12]","[426.33, 12]",190.18,81,191.31,0.41
07:46:11,"[112.0, 8]","[110.0, 32]","[336.56, 16]","[389.06, 16]",224.28,72,224.56,0.11
07:46:12,"[114.15, 27]","[110.92, 13]","[380.0, 21]","[600.0, 14]",247.07,75,265.85,0.07
07:46:13,"[115.27, 122]","[114.13, 89]","[279.6, 20]","[421.57, 23]",197.44,254,164.33,0.66
07:46:14,"[116.0, 62]","[114.48, 42]","[193.7, 20]","[197.33, 9]",154.85,133,77.7,0.56
07:46:15,"[116.0, 64]","[114.0, 88]","[149.12, 16]","[187.38, 16]",132.56,184,33.12,0.65
07:46:16,"[116.0, 48]","[114.0, 86]","[156.31, 13]","[199.0, 14]",136.15,161,40.31,0.66
07:46:17,"[116.0, 82]","[114.0, 165]","[135.16, 25]","[212.71, 14]",125.58,286,19.16,0.73
07:46:18,"[116.0, 48]","[114.0, 120]","[132.54, 28]","[178.58, 12]",124.27,208,16.54,0.62
07:46:19,"[116.0, 15]","[114.0, 150]","[128.0, 30]","[128.61, 38]",122.0,233,12.0,0.42
07:46:20,"[116.0, 30]","[114.0, 210]","[121.5, 46]","[122.9, 60]",118.75,346,5.5,0.39
07:46:21,"[114.15, 118]","[113.5, 90]","[116.88, 26]","[118.78, 37]",115.52,271,2.73,0.54
07:46:22,"[114.0, 67]","[113.0, 130]","[115.2, 10]","[119.08, 39]",114.6,246,1.2,0.6
07:46:23,"[114.0, 12]","[113.0, 156]","[115.0, 12]","[228.21, 14]",114.5,194,1.0,0.73
07:46:24,"[113.0, 111]","[111.64, 22]","[158.0, 9]","[307.24, 17]",135.5,159,45.0,0.67
07:46:25,"[114.13, 77]","[112.95, 152]","[154.5, 16]","[250.29, 45]",134.31,290,40.37,0.58
07:46:26,"[118.0, 45]","[114.0, 81]","[414.17, 29]","[599.59, 34]",266.09,189,296.17,0.33
07:46:27,"[119.0, 35]","[116.0, 35]","[369.23, 13]","[483.18, 17]",244.12,100,250.23,0.4
07:46:28,"[119.0, 30]","[116.0, 30]","[269.22, 9]","[586.62, 21]",194.11,90,150.22,0.33
07:46:29,"[119.0, 18]","[116.0, 50]","[205.46, 13]","[433.51, 35]",162.23,116,86.46,0.17
07:46:30,"[117.0, 9]","[113.65, 69]","[526.36, 22]","[751.0, 12]",321.68,112,409.36,0.39
07:46:31,"[116.0, 2]","[113.0, 18]","[359.0, 4]","[772.0, 3]",237.5,27,243.0,0.48
07:46:32,"[116.0, 14]","[113.0, 42]","[359.0, 28]","[713.57, 21]",237.5,105,243.0,0.07
07:46:33,"[113.3, 20]","[112.43, 14]","[332.86, 14]","[358.75, 16]",223.08,64,219.56,0.06
07:46:34,"[113.0, 36]","[112.0, 12]","[317.71, 14]","[437.23, 13]",215.36,75,204.71,0.28
07:46:35,"[114.0, 40]","[112.55, 22]","[329.57, 14]","[588.3, 20]",221.79,96,215.57,0.29
07:46:36,"[114.37, 51]","[112.61, 36]","[197.83, 24]","[225.17, 24]",156.1,135,83.46,0.29
07:46:37,"[114.0, 65]","[113.0, 26]","[194.4, 30]","[297.21, 38]",154.2,159,80.4,0.14
07:46:38,"[113.65, 17]","[112.4, 20]","[196.0, 20]","[326.29, 28]",154.82,85,82.35,-0.13
07:46:39,"[112.0, 8]","[111.0, 16]","[184.56, 18]","[253.11, 18]",148.28,60,72.56,-0.2
07:46:40,"[112.0, 7]","[111.0, 14]","[148.54, 26]","[157.36, 22]",130.27,69,36.54,-0.39
07:46:41,"[118.46, 26]","[111.67, 12]","[142.46, 26]","[143.59, 34]",130.46,98,24.0,-0.22
07:46:42,"[116.94, 31]","[111.38, 13]","[138.77, 26]","[142.0, 52]",127.85,122,21.83,-0.28
07:46:43,"[112.78, 18]","[111.0, 18]","[137.2, 15]","[143.13, 30]",124.99,81,24.42,-0.11
07:46:44,"[114.0, 18]","[111.0, 18]","[134.56, 18]","[135.14, 21]",124.28,75,20.56,-0.04
07:46:45,"[114.0, 16]","[111.0, 16]","[130.07, 29]","[130.78, 23]",122.03,84,16.07,-0.24
07:46:46,"[114.0, 22]","[111.0, 22]","[124.24, 29]","[125.65, 20]",119.12,93,10.24,-0.05
07:46:47,"[114.0, 22]","[111.0, 22]","[120.05, 20]","[121.94, 32]",117.03,96,6.05,-0.08
07:46:48,"[114.0, 18]","[111.0, 18]","[117.33, 9]","[118.33, 9]",115.67,54,3.33,0.33
07:46:49,"[114.0, 24]","[112.5, 24]","[115.67, 18]","[116.17, 36]",114.83,102,1.67,-0.06
07:46:50,"[114.89, 18]","[113.2, 20]","[116.74, 27]","[120.55, 33]",115.81,98,1.85,-0.22
07:46:51,"[116.0, 18]","[114.0, 67]","[117.0, 36]","[118.0, 9]",116.5,130,1.0,0.31
07:46:52,"[114.33, 43]","[113.91, 70]","[182.22, 36]","[331.1, 21]",148.27,170,67.9,0.33
07:46:53,"[114.0, 132]","[113.0, 22]","[209.04, 23]","[344.08, 26]",161.52,203,95.04,0.52
07:46:54,"[114.0, 123]","[113.0, 24]","[207.17, 36]","[415.53, 15]",160.58,198,93.17,0.48
07:46:55,"[114.8, 75]","[113.72, 50]","[204.55, 33]","[378.73, 41]",159.67,199,89.75,0.26
07:46:56,"[119.0, 27]","[114.0, 81]","[201.63, 19]","[263.78, 23]",160.32,150,82.63,0.44
07:46:57,"[115.67, 54]","[113.9, 120]","[199.21, 38]","[199.27, 26]",157.44,238,83.54,0.46
07:46:58,"[114.0, 82]","[113.0, 36]","[196.58, 12]","[198.0, 36]",155.29,166,82.58,0.42
07:46:59,"[114.0, 28]","[113.0, 21]","[194.0, 7]","[198.0, 21]",154.0,77,80.0,0.27
07:47:00,"[114.0, 44]","[113.0, 33]","[172.09, 11]","[180.77, 13]",143.05,101,58.09,0.52
07:47:01,"[114.0, 60]","[113.0, 45]","[166.15, 41]","[168.24, 17]",140.07,163,52.15,0.29
07:47:02,"[116.85, 34]","[113.37, 38]","[159.46, 41]","[161.14, 35]",138.16,148,42.61,-0.03
07:47:03,"[118.26, 43]","[109.61, 85]","[155.73, 37]","[156.66, 41]",136.99,206,37.47,0.24
07:47:04,"[114.67, 15]","[109.27, 83]","[151.32, 25]","[151.8, 35]",132.99,158,36.65,0.24
07:47:05,"[116.0, 11]","[109.29, 63]","[135.45, 31]","[149.57, 14]",125.73,119,19.45,0.24
07:47:06,"[109.37, 171]","[108.95, 249]","[118.87, 31]","[121.38, 42]",114.12,493,9.5,0.7
07:47:07,"[109.22, 91]","[108.96, 138]","[117.12, 16]","[120.0, 24]",113.17,269,7.91,0.7
07:47:08,"[109.34, 58]","[108.52, 225]","[116.64, 11]","[120.0, 33]",112.99,327,7.29,0.73
07:47:09,"[109.0, 112]","[108.0, 252]","[164.54, 24]","[184.14, 22]",136.77,410,55.54,0.78
07:47:10,"[109.14, 28]","[108.13, 62]","[250.0, 20]","[288.0, 16]",179.57,126,140.86,0.43
07:47:11,"[110.93, 28]","[109.0, 88]","[281.07, 43]","[336.4, 53]",196.0,212,170.14,0.09
07:47:12,"[114.0, 69]","[113.0, 26]","[266.49, 41]","[317.75, 59]",190.24,195,152.49,-0.03
07:47:13,"[113.94, 32]","[111.22, 36]","[263.06, 35]","[299.82, 34]",188.5,137,149.12,-0.01
07:47:14,"[113.0, 12]","[109.0, 96]","[165.59, 32]","[241.1, 40]",139.3,180,52.59,0.2
07:47:15,"[113.0, 35]","[109.0, 104]","[115.42, 33]","[117.12, 32]",114.21,204,2.42,0.36
07:47:16,"[113.0, 27]","[109.0, 40]","[115.0, 15]","[192.0, 12]",114.0,94,2.0,0.43
07:47:17,"[113.0, 50]","[109.0, 80]","[115.0, 30]","[251.44, 36]",114.0,196,2.0,0.33
07:47:18,"[113.0, 45]","[112.0, 99]","[114.15, 41]","[137.34, 29]",113.57,214,1.15,0.35
07:47:19,"[113.0, 45]","[112.0, 121]","[114.0, 44]","[115.0, 33]",113.5,243,1.0,0.37
07:47:20,"[112.04, 106]","[109.65, 102]","[114.89, 37]","[469.08, 25]",113.46,270,2.85,0.54
07:47:21,"[112.0, 58]","[109.0, 80]","[126.39, 28]","[301.64, 22]",119.2,188,14.39,0.47
07:47:22,"[112.0, 18]","[111.0, 30]","[319.69, 16]","[486.15, 20]",215.84,84,207.69,0.14
07:47:23,"[112.0, 18]","[111.0, 30]","[450.39, 28]","[639.5, 20]",281.2,96,338.39,0.0
07:47:24,"[112.66, 35]","[111.28, 25]","[524.71, 35]","[787.0, 21]",318.69,116,412.06,0.03
07:47:25,"[113.0, 56]","[112.0, 24]","[490.46, 39]","[647.86, 28]",301.73,147,377.46,0.09
07:47:26,"[113.0, 70]","[112.0, 30]","[203.61, 18]","[329.81, 32]",158.31,150,90.61,0.33
07:47:27,"[113.15, 66]","[112.37, 38]","[141.58, 26]","[367.25, 28]",127.36,158,28.43,0.32
07:47:28,"[114.88, 16]","[113.67, 42]","[145.0, 9]","[380.0, 45]",129.94,112,30.12,0.04
07:47:29,"[116.0, 8]","[114.0, 32]","[142.87, 15]","[222.53, 15]",129.43,70,26.87,0.14
07:47:30,"[116.0, 5]","[114.0, 20]","[140.6, 10]","[142.0, 10]",128.3,45,24.6,0.11
07:47:31,"[116.0, 9]","[114.0, 81]","[138.05, 22]","[139.1, 21]",127.02,133,22.05,0.35
07:47:32,"[116.0, 12]","[114.0, 108]","[135.11, 38]","[136.38, 58]",125.55,216,19.11,0.11
07:47:33,"[116.0, 10]","[114.0, 50]","[130.26, 27]","[131.36, 28]",123.13,115,14.26,0.04
07:47:34,"[114.5, 16]","[113.36, 44]","[126.38, 16]","[127.5, 16]",120.44,92,11.88,0.3
07:47:35,"[114.65, 31]","[113.09, 69]","[124.08, 49]","[125.18, 22]",119.36,171,9.44,0.17
07:47:36,"[116.58, 31]","[113.41, 59]","[121.24, 37]","[122.21, 47]",118.91,174,4.66,0.03
07:47:37,"[113.33, 55]","[112.66, 71]","[116.38, 55]","[139.81, 52]",114.85,233,3.05,0.08
07:47:38,"[112.0, 12]","[110.0, 4]","[116.0, 20]","[502.2, 10]",114.0,46,4.0,-0.3
07:47:39,"[112.0, 10]","[110.8, 15]","[115.0, 30]","[441.0, 6]",113.5,61,3.0,-0.18
07:47:40,"[111.43, 14]","[110.86, 14]","[259.33, 9]","[441.0, 1]",185.38,38,147.9,0.47
07:47:41,"[115.24, 82]","[112.93, 60]","[415.12, 52]","[646.0, 12]",265.18,206,299.87,0.38
07:47:42,"[119.0, 11]","[114.0, 42]","[410.96, 27]","[465.33, 15]",264.98,95,291.96,0.12
07:47:43,"[119.0, 12]","[114.0, 84]","[294.76, 34]","[396.57, 42]",206.88,172,175.76,0.12
07:47:44,"[114.38, 26]","[111.88, 34]","[214.0, 45]","[272.0, 34]",164.19,139,99.62,-0.14
07:47:45,"[114.0, 29]","[111.3, 46]","[232.47, 34]","[394.27, 26]",173.24,135,118.47,0.11
07:47:46,"[115.8, 25]","[112.19, 62]","[310.0, 11]","[418.95, 37]",212.9,135,194.2,0.29
07:47:47,"[119.0, 12]","[114.0, 8]","[281.0, 20]","[310.0, 4]",200.0,44,162.0,-0.09
07:47:48,"[119.0, 24]","[117.82, 44]","[228.12, 40]","[457.86, 21]",173.56,129,109.12,0.05
07:47:49,"[119.0, 24]","[117.0, 32]","[140.0, 40]","[346.88, 16]",129.5,112,21.0,0.0
07:47:50,"[116.14, 14]","[112.25, 32]","[174.67, 15]","[298.76, 17]",145.4,78,58.52,0.18
07:47:51,"[112.28, 58]","[111.41, 68]","[219.86, 22]","[352.09, 33]",166.07,181,107.59,0.39
07:47:52,"[116.0, 44]","[112.0, 55]","[208.69, 16]","[312.45, 11]",162.34,126,92.69,0.57
07:47:53,"[116.0, 56]","[112.28, 58]","[204.21, 28]","[274.29, 34]",160.11,176,88.21,0.3
07:47:54,"[116.0, 54]","[114.0, 26]","[203.76, 25]","[343.22, 36]",159.88,141,87.76,0.13
07:47:55,"[116.0, 65]","[114.0, 26]","[196.27, 22]","[199.0, 15]",156.14,128,80.27,0.42
07:47:56,"[116.61, 89]","[115.36, 44]","[184.61, 18]","[192.28, 18]",150.61,169,68.0,0.57
07:47:57,"[114.32, 31]","[112.06, 67]","[166.2, 30]","[168.6, 15]",140.26,143,51.88,0.37
07:47:58,"[114.0, 14]","[112.0, 35]","[164.44, 18]","[165.17, 24]",139.22,91,50.44,0.08
07:47:59,"[112.55, 33]","[111.37, 57]","[161.8, 25]","[162.85, 26]",137.17,141,49.25,0.28
07:48:00,"[112.14, 70]","[111.0, 28]","[155.81, 37]","[158.47, 43]",133.98,178,43.67,0.1
07:48:01,"[113.0, 60]","[111.0, 24]","[151.18, 17]","[152.55, 29]",132.09,130,38.18,0.29
07:48:02,"[113.0, 50]","[111.0, 20]","[148.24, 25]","[149.48, 27]",130.62,122,35.24,0.15
07:48:03,"[119.0, 48]","[113.38, 24]","[147.0, 48]","[148.0, 48]",133.0,168,28.0,-0.14
07:48:04,"[117.24, 51]","[112.8, 15]","[145.28, 36]","[146.18, 44]",131.26,146,28.04,-0.1
07:48:05,"[113.0, 45]","[111.0, 18]","[141.12, 34]","[141.44, 18]",127.06,115,28.12,0.1
07:48:06,"[113.0, 45]","[111.0, 18]","[137.91, 11]","[139.36, 22]",125.45,96,24.91,0.31
07:48:07,"[112.62, 26]","[110.47, 38]","[135.21, 33]","[136.39, 33]",123.91,130,22.6,-0.02
07:48:08,"[110.71, 14]","[109.91, 44]","[133.13, 23]","[134.38, 32]",121.92,113,22.42,0.03
07:48:09,"[111.0, 14]","[110.0, 56]","[119.86, 44]","[127.33, 54]",115.43,168,8.86,-0.17
07:48:10,"[111.0, 7]","[110.0, 28]","[115.58, 24]","[116.46, 26]",113.29,85,4.58,-0.18
07:48:11,"[110.1, 31]","[107.33, 36]","[114.34, 29]","[115.2, 45]",112.22,141,4.25,-0.05
07:48:12,"[109.0, 96]","[88.52, 42]","[111.71, 28]","[112.89, 27]",110.36,193,2.71,0.43
07:48:13,"[109.33, 36]","[106.12, 34]","[110.89, 18]","[192.71, 38]",110.11,126,1.56,0.11
07:48:14,"[110.8, 50]","[107.56, 100]","[144.45, 29]","[245.98, 57]",127.62,236,33.65,0.27
07:48:15,"[109.59, 34]","[107.09, 94]","[118.53, 19]","[313.36, 25]",114.06,172,8.94,0.49
07:48:16,"[109.0, 30]","[107.0, 90]","[114.3, 30]","[117.0, 10]",111.65,160,5.3,0.5
07:48:17,"[107.24, 49]","[91.3, 27]","[113.0, 21]","[117.0, 7]",110.12,104,5.76,0.46
07:48:18,"[107.75, 72]","[104.42, 69]","[111.26, 23]","[205.0, 18]",109.51,182,3.51,0.55
07:48:19,"[107.23, 52]","[101.97, 37]","[111.0, 9]","[149.55, 33]",109.12,131,3.77,0.36
07:48:20,"[107.25, 53]","[102.73, 60]","[126.0, 16]","[137.55, 47]",116.62,176,18.75,0.28
07:48:21,"[107.0, 7]","[106.0, 56]","[161.0, 21]","[374.14, 29]",134.0,113,54.0,0.12
07:48:22,"[112.47, 17]","[106.96, 46]","[201.67, 21]","[357.47, 49]",157.07,133,89.2,-0.05
07:48:23,"[118.79, 56]","[115.27, 22]","[206.0, 13]","[475.07, 41]",162.39,132,87.21,0.18
07:48:24,"[116.67, 27]","[114.8, 15]","[205.08, 12]","[250.83, 48]",160.88,102,88.42,-0.18
07:48:25,"[116.0, 42]","[114.0, 25]","[204.43, 14]","[254.36, 55]",160.21,136,88.43,-0.01
07:48:26,"[116.0, 27]","[114.0, 18]","[171.31, 13]","[239.21, 29]",143.65,87,55.31,0.03
07:48:27,"[116.0, 30]","[114.0, 20]","[185.17, 12]","[344.75, 16]",150.58,78,69.17,0.28
07:48:28,"[116.0, 39]","[114.0, 26]","[166.25, 56]","[231.84, 19]",141.12,140,50.25,-0.07
07:48:29,"[116.0, 17]","[114.0, 18]","[163.56, 36]","[165.0, 45]",139.78,116,47.56,-0.4
07:48:30,"[116.0, 7]","[114.0, 14]","[161.71, 28]","[174.27, 11]",138.86,60,45.71,-0.3
07:48:31,"[116.0, 11]","[114.0, 22]","[160.27, 44]","[182.0, 11]",138.14,88,44.27,-0.25
07:48:32,"[116.0, 6]","[114.29, 14]","[159.8, 15]","[164.4, 15]",137.9,50,43.8,-0.2
07:48:33,"[116.0, 7]","[114.0, 14]","[157.55, 22]","[159.62, 13]",136.77,56,41.55,-0.25
07:48:34,"[115.67, 30]","[112.64, 11]","[156.8, 25]","[157.4, 25]",136.23,91,41.13,-0.1
07:48:35,"[114.0, 17]","[111.0, 17]","[153.25, 28]","[153.15, 48]",133.62,110,39.25,-0.38
07:48:36,"[113.82, 33]","[109.67, 27]","[151.0, 11]","[152.0, 44]",132.41,115,37.18,0.04
07:48:37,"[111.0, 10]","[109.0, 90]","[149.62, 13]","[150.46, 37]",130.31,150,38.62,0.33
07:48:38,"[115.85, 26]","[109.08, 75]","[146.18, 22]","[147.09, 22]",131.01,145,30.34,0.39
07:48:39,"[111.07, 15]","[109.02, 127]","[142.13, 60]","[144.0, 30]",126.6,232,31.07,0.22
07:48:40,"[112.53, 17]","[110.03, 37]","[135.71, 41]","[137.62, 58]",124.12,153,23.18,-0.29
07:48:41,"[110.22, 64]","[108.63, 76]","[128.0, 48]","[129.0, 44]",119.11,232,17.78,0.21
07:48:42,"[117.08, 25]","[114.22, 85]","[123.97, 58]","[124.88, 64]",120.52,232,6.89,-0.05
07:48:43,"[116.33, 36]","[114.22, 72]","[121.14, 42]","[123.45, 33]",118.74,183,4.81,0.18
07:48:44,"[116.0, 44]","[114.0, 88]","[120.33, 24]","[120.81, 27]",118.17,183,4.33,0.44
07:48:45,"[114.89, 72]","[113.73, 74]","[117.1, 31]","[118.15, 26]",115.99,203,2.21,0.44
07:48:46,"[114.0, 114]","[112.0, 36]","[116.87, 60]","[310.37, 57]",115.43,267,2.87,0.12
07:48:47,"[114.0, 72]","[112.0, 24]","[116.25, 48]","[224.9, 42]",115.12,186,2.25,0.03
07:48:48,"[114.0, 140]","[112.0, 24]","[116.0, 48]","[191.33, 18]",115.0,230,2.0,0.43
07:48:49,"[114.0, 110]","[112.0, 22]","[116.0, 44]","[327.9, 20]",115.0,196,2.0,0.35
07:48:50,"[114.0, 67]","[113.0, 78]","[211.21, 38]","[516.45, 47]",162.61,230,97.21,0.26
07:48:51,"[114.0, 56]","[113.0, 12]","[331.22, 18]","[359.67, 18]",222.61,104,217.22,0.31
07:48:52,"[114.0, 121]","[113.0, 22]","[403.58, 38]","[496.0, 20]",258.79,201,289.58,0.42
07:48:53,"[114.65, 31]","[113.92, 24]","[495.0, 12]","[710.0, 3]",304.82,70,380.35,0.57
