Time,Bid1,Bid2,Ask1,Ask2,Mid-Price,Total_volume,Bid_ask_spread,Order_imbalance
07:30:00,"[202.0, 4]","[0, 0]","[0, 0]","[0, 0]",101.0,4,-202.0,1.0
07:30:01,"[202.0, 4]","[0, 0]","[354.0, 5]","[0, 0]",278.0,9,152.0,-0.11
07:30:02,"[202.0, 8]","[0, 0]","[333.0, 6]","[353.83, 6]",267.5,20,131.0,-0.2
07:30:04,"[207.53, 15]","[202.6, 10]","[295.0, 8]","[323.75, 20]",251.27,53,87.47,-0.06
07:30:05,"[216.41, 17]","[212.13, 23]","[293.91, 23]","[301.0, 23]",255.16,86,77.5,-0.07
07:30:06,"[242.43, 7]","[220.25, 8]","[289.27, 11]","[292.33, 15]",265.85,41,46.84,-0.27
07:30:07,"[248.05, 20]","[245.53, 15]","[287.0, 21]","[290.5, 20]",267.52,76,38.95,-0.08
07:30:08,"[252.6, 10]","[251.06, 17]","[287.0, 12]","[289.0, 8]",269.8,47,34.4,0.15
07:30:09,"[255.11, 19]","[253.22, 23]","[287.0, 24]","[289.0, 16]",271.05,82,31.89,0.02
07:30:10,"[257.0, 6]","[256.0, 26]","[287.0, 18]","[289.0, 12]",272.0,62,30.0,0.03
07:30:11,"[257.8, 10]","[256.05, 19]","[287.0, 9]","[289.0, 6]",272.4,44,29.2,0.32
07:30:12,"[260.78, 90]","[258.71, 28]","[290.78, 37]","[292.48, 46]",275.78,201,30.01,0.17
07:30:13,"[262.86, 28]","[261.8, 40]","[292.0, 12]","[293.0, 30]",277.43,110,29.14,0.24
07:30:14,"[267.35, 37]","[264.3, 63]","[290.0, 60]","[292.0, 24]",278.68,184,22.65,0.09
07:30:15,"[273.27, 51]","[271.42, 43]","[290.0, 66]","[292.0, 26]",281.64,186,16.73,0.01
07:30:16,"[277.54, 52]","[276.94, 53]","[290.0, 103]","[292.0, 36]",283.77,244,12.46,-0.14
07:30:17,"[284.49, 55]","[284.09, 55]","[295.42, 31]","[314.96, 46]",289.96,187,10.93,0.18
07:30:18,"[289.21, 34]","[288.79, 39]","[297.0, 33]","[324.64, 44]",293.1,150,7.79,-0.03
07:30:19,"[291.85, 54]","[291.43, 30]","[297.0, 51]","[325.0, 68]",294.43,203,5.15,-0.17
07:30:20,"[295.61, 36]","[292.27, 97]","[301.98, 45]","[326.89, 76]",298.79,254,6.37,0.05
07:30:21,"[298.0, 42]","[296.89, 65]","[314.2, 40]","[326.44, 50]",306.1,197,16.2,0.09
07:30:22,"[303.82, 34]","[302.71, 105]","[311.26, 61]","[317.47, 78]",307.54,278,7.44,0.0
07:30:23,"[304.16, 50]","[303.42, 57]","[308.82, 34]","[315.95, 115]",306.49,256,4.66,-0.16
07:30:24,"[304.0, 40]","[303.0, 30]","[308.0, 20]","[315.21, 34]",306.0,124,4.0,0.13
07:30:25,"[304.0, 52]","[302.47, 53]","[307.05, 38]","[309.98, 43]",305.53,186,3.05,0.13
07:30:26,"[304.0, 56]","[303.0, 56]","[305.0, 70]","[306.0, 28]",304.5,210,1.0,0.07
07:30:27,"[303.45, 58]","[301.73, 88]","[309.88, 64]","[316.27, 51]",306.66,261,6.43,0.12
07:30:28,"[303.0, 36]","[301.0, 63]","[317.67, 27]","[318.73, 33]",310.33,159,14.67,0.25
07:30:29,"[303.0, 16]","[301.0, 28]","[316.75, 12]","[318.0, 12]",309.88,68,13.75,0.29
07:30:30,"[303.0, 52]","[301.0, 91]","[315.23, 39]","[318.0, 39]",309.12,221,12.23,0.29
07:30:31,"[302.18, 68]","[300.84, 74]","[314.43, 42]","[318.0, 42]",308.3,226,12.25,0.26
07:30:32,"[301.0, 77]","[298.0, 11]","[313.0, 33]","[318.0, 33]",307.0,154,12.0,0.14
07:30:33,"[301.0, 63]","[298.0, 65]","[311.67, 27]","[318.0, 27]",306.33,182,10.67,0.41
07:30:34,"[301.0, 41]","[298.0, 45]","[310.0, 15]","[318.0, 15]",305.5,116,9.0,0.48
07:30:35,"[301.0, 133]","[298.0, 61]","[308.23, 26]","[310.0, 39]",304.62,259,7.23,0.5
07:30:36,"[301.0, 130]","[298.0, 15]","[305.6, 45]","[307.0, 30]",303.3,220,4.6,0.32
07:30:37,"[301.0, 42]","[298.0, 13]","[303.15, 26]","[305.0, 39]",302.08,120,2.15,-0.08
07:30:38,"[299.8, 25]","[297.69, 13]","[302.31, 26]","[308.96, 53]",301.05,117,2.51,-0.35
07:30:39,"[299.09, 33]","[297.47, 15]","[306.7, 23]","[311.16, 73]",302.89,144,7.6,-0.33
07:30:40,"[300.0, 95]","[298.0, 10]","[308.2, 10]","[309.8, 50]",304.1,165,8.2,0.27
07:30:41,"[300.0, 112]","[298.0, 14]","[307.14, 43]","[308.08, 75]",303.57,244,7.14,0.03
07:30:42,"[300.0, 96]","[298.0, 12]","[305.67, 12]","[308.83, 60]",302.83,180,5.67,0.2
07:30:43,"[300.95, 100]","[299.9, 94]","[304.15, 47]","[307.33, 45]",302.55,286,3.2,0.36
07:30:44,"[302.91, 43]","[300.38, 26]","[304.0, 48]","[312.18, 38]",303.45,155,1.09,-0.11
07:30:45,"[300.05, 57]","[299.45, 33]","[303.5, 48]","[311.56, 32]",301.78,170,3.45,0.06
07:30:46,"[300.0, 116]","[298.0, 20]","[302.14, 93]","[306.18, 76]",301.07,305,2.14,-0.11
07:30:47,"[298.0, 11]","[297.0, 11]","[301.0, 55]","[310.18, 55]",299.5,132,3.0,-0.67
07:30:48,"[298.86, 56]","[297.33, 12]","[300.31, 16]","[301.75, 60]",299.58,144,1.46,-0.06
07:30:49,"[299.0, 122]","[298.0, 12]","[300.98, 54]","[308.33, 30]",299.99,218,1.98,0.23
07:30:50,"[299.46, 56]","[298.0, 10]","[310.41, 41]","[312.12, 34]",304.94,141,10.95,-0.06
07:30:51,"[300.07, 70]","[298.0, 14]","[310.31, 48]","[311.1, 58]",305.19,190,10.24,-0.12
07:30:52,"[301.7, 50]","[298.0, 10]","[310.0, 30]","[311.0, 50]",305.85,140,8.3,-0.14
07:30:53,"[302.85, 65]","[300.08, 13]","[310.0, 39]","[311.0, 65]",306.42,182,7.15,-0.14
07:30:54,"[303.0, 45]","[301.0, 9]","[310.0, 27]","[311.0, 45]",306.5,126,7.0,-0.14
07:30:55,"[303.0, 85]","[301.0, 17]","[308.59, 51]","[311.35, 85]",305.79,238,5.59,-0.14
07:30:56,"[303.0, 60]","[301.0, 12]","[307.0, 36]","[311.29, 48]",305.0,156,4.0,-0.08
07:30:57,"[303.63, 102]","[302.56, 41]","[306.59, 51]","[311.34, 64]",305.11,258,2.96,0.11
07:30:58,"[304.0, 64]","[303.0, 32]","[305.0, 24]","[313.0, 40]",304.5,160,1.0,0.2
07:30:59,"[304.0, 96]","[303.0, 48]","[305.0, 36]","[312.5, 60]",304.5,240,1.0,0.2
07:31:00,"[304.0, 61]","[303.0, 32]","[305.0, 24]","[312.0, 40]",304.5,157,1.0,0.18
07:31:01,"[303.38, 40]","[302.09, 22]","[308.39, 49]","[312.67, 60]",305.88,171,5.01,-0.27
07:31:02,"[303.0, 15]","[301.0, 15]","[312.45, 71]","[314.17, 48]",307.73,149,9.45,-0.6
07:31:03,"[300.14, 79]","[298.75, 63]","[314.05, 41]","[369.0, 12]",307.09,195,13.91,0.46
07:31:04,"[300.0, 80]","[298.0, 50]","[315.25, 20]","[496.62, 16]",307.62,166,15.25,0.57
07:31:05,"[300.0, 56]","[298.0, 35]","[314.0, 41]","[316.14, 7]",307.0,139,14.0,0.31
07:31:06,"[300.0, 64]","[298.0, 40]","[312.88, 32]","[313.36, 22]",306.44,158,12.88,0.32
07:31:07,"[300.0, 56]","[298.0, 35]","[309.71, 21]","[310.86, 21]",304.86,133,9.71,0.37
07:31:08,"[300.0, 64]","[298.0, 50]","[307.9, 30]","[311.0, 30]",303.95,174,7.9,0.31
07:31:09,"[300.0, 78]","[298.0, 65]","[305.23, 39]","[312.17, 29]",302.62,211,5.23,0.36
07:31:10,"[300.02, 49]","[298.26, 46]","[303.84, 25]","[311.0, 27]",301.93,147,3.82,0.29
07:31:11,"[300.12, 68]","[298.98, 98]","[302.28, 36]","[304.0, 54]",301.2,256,2.16,0.3
07:31:12,"[300.0, 78]","[298.0, 65]","[301.92, 26]","[303.89, 38]",300.96,207,1.92,0.38
07:31:13,"[300.12, 68]","[298.42, 76]","[302.98, 41]","[307.83, 47]",301.55,232,2.86,0.24
07:31:14,"[301.0, 22]","[300.0, 44]","[303.18, 33]","[310.0, 44]",302.09,143,2.18,-0.08
07:31:15,"[301.0, 22]","[300.0, 44]","[302.18, 33]","[310.0, 44]",301.59,143,1.18,-0.08
07:31:16,"[301.0, 22]","[299.17, 48]","[302.0, 33]","[309.45, 44]",301.5,147,1.0,-0.05
07:31:17,"[300.81, 32]","[299.55, 67]","[302.0, 48]","[308.95, 63]",301.41,210,1.19,-0.06
07:31:18,"[300.0, 20]","[298.0, 50]","[301.7, 30]","[308.13, 31]",300.85,131,1.7,0.07
07:31:19,"[300.0, 20]","[298.0, 50]","[302.28, 25]","[309.31, 39]",301.14,134,2.28,0.04
07:31:20,"[299.75, 24]","[295.12, 25]","[309.0, 60]","[313.0, 45]",304.38,154,9.25,-0.36
07:31:21,"[301.0, 55]","[298.0, 15]","[309.0, 60]","[313.0, 45]",305.0,175,8.0,-0.2
07:31:22,"[301.0, 10]","[298.0, 10]","[309.0, 40]","[313.0, 30]",305.0,90,8.0,-0.56
07:31:23,"[299.0, 16]","[296.44, 36]","[309.0, 48]","[313.0, 36]",304.0,136,10.0,-0.24
07:31:24,"[297.0, 14]","[296.0, 49]","[309.0, 28]","[313.0, 21]",303.0,112,12.0,0.12
07:31:25,"[296.26, 38]","[293.33, 75]","[309.0, 36]","[313.0, 27]",302.63,176,12.74,0.28
07:31:26,"[296.0, 61]","[291.0, 150]","[307.44, 72]","[310.29, 65]",301.72,348,11.44,0.21
07:31:27,"[296.0, 18]","[291.0, 82]","[306.78, 36]","[313.0, 27]",301.39,163,10.78,0.23
07:31:28,"[301.76, 50]","[292.0, 68]","[306.0, 52]","[311.2, 30]",303.88,200,4.24,0.18
07:31:29,"[304.0, 64]","[297.0, 22]","[305.27, 44]","[310.0, 22]",304.64,152,1.27,0.13
07:31:30,"[304.0, 56]","[297.0, 28]","[305.0, 56]","[310.0, 28]",304.5,168,1.0,0.0
07:31:31,"[299.47, 34]","[292.45, 40]","[308.24, 34]","[313.6, 45]",303.85,153,8.76,-0.03
07:31:32,"[297.38, 16]","[292.35, 86]","[310.0, 16]","[316.0, 40]",303.69,158,12.62,0.29
07:31:33,"[296.8, 20]","[292.74, 152]","[310.0, 20]","[313.3, 50]",303.4,242,13.2,0.42
07:31:34,"[295.0, 14]","[294.0, 98]","[310.0, 14]","[313.0, 35]",302.5,161,15.0,0.39
07:31:35,"[295.0, 22]","[294.0, 154]","[296.93, 43]","[307.08, 25]",295.97,244,1.93,0.44
07:31:36,"[295.62, 13]","[294.05, 74]","[308.6, 20]","[310.31, 42]",302.11,149,12.98,0.17
07:31:37,"[297.38, 26]","[294.14, 65]","[307.71, 28]","[309.86, 59]",302.55,178,10.33,0.02
07:31:38,"[298.84, 38]","[294.05, 86]","[308.54, 26]","[310.0, 65]",303.69,215,9.7,0.15
07:31:39,"[300.55, 44]","[299.86, 79]","[308.77, 26]","[309.94, 101]",304.66,250,8.22,-0.02
07:31:40,"[302.0, 24]","[301.0, 12]","[308.0, 24]","[309.78, 64]",305.0,124,6.0,-0.42
07:31:41,"[300.29, 45]","[299.59, 54]","[307.38, 26]","[310.0, 130]",303.84,255,7.1,-0.22
07:31:42,"[300.0, 66]","[298.0, 22]","[307.0, 22]","[310.0, 110]",303.5,220,7.0,-0.2
07:31:43,"[300.0, 56]","[298.0, 20]","[304.83, 24]","[306.11, 36]",302.42,136,4.83,0.12
07:31:44,"[300.0, 48]","[298.0, 24]","[303.13, 15]","[304.56, 27]",301.57,114,3.13,0.26
07:31:45,"[300.0, 40]","[298.0, 22]","[301.71, 17]","[304.55, 22]",300.85,101,1.71,0.23
07:31:46,"[300.9, 20]","[299.0, 16]","[307.0, 60]","[312.0, 60]",303.95,156,6.1,-0.54
07:31:47,"[302.0, 24]","[300.0, 12]","[307.0, 60]","[312.0, 84]",304.5,180,5.0,-0.6
07:31:48,"[304.15, 26]","[303.07, 28]","[307.0, 60]","[312.0, 84]",305.58,198,2.85,-0.45
07:31:49,"[306.0, 28]","[304.0, 56]","[307.0, 70]","[312.0, 98]",306.5,252,1.0,-0.33
07:31:50,"[306.0, 10]","[304.0, 20]","[307.0, 25]","[312.0, 35]",306.5,90,1.0,-0.33
07:31:51,"[304.22, 36]","[302.5, 16]","[307.0, 50]","[312.0, 70]",305.61,172,2.78,-0.4
07:31:52,"[304.0, 40]","[302.0, 10]","[307.0, 50]","[312.0, 70]",305.5,170,3.0,-0.41
07:31:53,"[303.95, 38]","[302.64, 11]","[309.69, 65]","[312.38, 52]",306.82,166,5.74,-0.41
07:31:54,"[303.0, 7]","[301.0, 7]","[308.4, 25]","[311.83, 24]",305.7,63,5.4,-0.56
07:31:55,"[301.6, 10]","[300.3, 10]","[307.0, 30]","[311.0, 20]",304.3,70,5.4,-0.43
07:31:56,"[296.2, 10]","[294.0, 16]","[306.75, 32]","[309.91, 22]",301.48,80,10.55,-0.35
07:31:57,"[301.0, 12]","[293.0, 12]","[305.42, 48]","[306.92, 36]",303.21,108,4.42,-0.56
07:31:58,"[301.0, 13]","[298.69, 103]","[303.85, 52]","[306.0, 39]",302.42,207,2.85,0.12
07:31:59,"[300.04, 100]","[298.59, 68]","[302.5, 64]","[307.88, 48]",301.27,280,2.46,0.2
07:32:00,"[300.07, 55]","[297.25, 24]","[302.91, 44]","[311.2, 40]",301.49,163,2.84,-0.03
07:32:01,"[294.91, 22]","[294.29, 14]","[309.78, 36]","[320.0, 43]",302.34,115,14.87,-0.37
07:32:02,"[294.0, 26]","[292.0, 13]","[310.0, 48]","[315.93, 30]",302.0,117,16.0,-0.33
07:32:03,"[294.0, 14]","[292.0, 7]","[308.1, 29]","[310.25, 16]",301.05,66,14.1,-0.36
07:32:04,"[294.0, 26]","[292.0, 13]","[304.35, 62]","[305.84, 55]",299.18,156,10.35,-0.5
07:32:05,"[294.0, 20]","[292.0, 10]","[299.89, 36]","[300.58, 48]",296.94,114,5.89,-0.47
07:32:06,"[294.0, 26]","[292.0, 13]","[296.71, 59]","[297.54, 28]",295.36,126,2.71,-0.38
07:32:07,"[292.86, 21]","[291.04, 25]","[294.67, 75]","[296.27, 30]",293.76,151,1.81,-0.39
07:32:08,"[291.0, 30]","[289.0, 30]","[294.0, 73]","[295.0, 15]",292.5,148,3.0,-0.19
07:32:09,"[291.0, 13]","[289.0, 22]","[293.55, 29]","[295.76, 29]",292.28,93,2.55,-0.25
07:32:10,"[291.0, 11]","[289.0, 22]","[299.82, 22]","[303.55, 22]",295.41,77,8.82,-0.14
07:32:11,"[292.8, 25]","[288.57, 28]","[301.0, 30]","[306.25, 48]",296.9,131,8.2,-0.19
07:32:12,"[290.0, 9]","[287.0, 18]","[298.09, 11]","[306.02, 44]",294.05,82,8.09,-0.34
07:32:13,"[290.0, 9]","[287.0, 18]","[298.11, 28]","[303.6, 25]",294.05,80,8.11,-0.33
07:32:14,"[288.47, 59]","[286.41, 49]","[298.0, 60]","[304.0, 60]",293.24,228,9.53,-0.05
07:32:15,"[290.92, 26]","[288.86, 49]","[298.0, 55]","[304.0, 55]",294.46,185,7.08,-0.19
07:32:16,"[293.44, 61]","[289.6, 65]","[298.0, 22]","[304.0, 90]",295.72,238,4.56,0.06
07:32:17,"[294.09, 89]","[293.55, 44]","[298.0, 14]","[304.0, 70]",296.04,217,3.91,0.23
07:32:18,"[299.59, 85]","[296.07, 45]","[303.59, 59]","[307.67, 75]",301.59,264,4.0,-0.02
07:32:19,"[301.67, 72]","[300.84, 135]","[304.0, 52]","[309.0, 85]",302.83,344,2.33,0.2
07:32:20,"[302.4, 30]","[301.0, 100]","[304.0, 20]","[309.0, 50]",303.2,200,1.6,0.3
07:32:21,"[301.2, 122]","[299.37, 70]","[304.0, 30]","[309.0, 75]",302.6,297,2.8,0.29
07:32:22,"[301.05, 41]","[298.55, 22]","[304.0, 22]","[309.0, 55]",302.52,140,2.95,-0.1
07:32:23,"[301.86, 14]","[300.77, 26]","[303.62, 32]","[308.46, 56]",302.74,128,1.77,-0.38
07:32:24,"[301.0, 22]","[298.0, 22]","[302.18, 44]","[304.0, 22]",301.59,110,1.18,-0.2
07:32:25,"[298.3, 20]","[297.04, 47]","[301.7, 40]","[304.0, 20]",300.0,127,3.4,0.06
07:32:26,"[297.54, 26]","[294.82, 55]","[299.09, 44]","[304.0, 22]",298.31,147,1.55,0.1
07:32:27,"[297.0, 42]","[291.0, 70]","[298.52, 23]","[299.6, 50]",297.76,185,1.52,0.21
07:32:28,"[297.0, 21]","[291.0, 50]","[298.86, 37]","[307.53, 30]",297.93,138,1.86,0.03
07:32:29,"[294.6, 25]","[291.75, 40]","[298.0, 40]","[308.36, 22]",296.3,127,3.4,0.02
07:32:30,"[293.0, 27]","[291.0, 45]","[297.0, 36]","[308.0, 18]",295.0,126,4.0,0.14
07:32:31,"[293.0, 48]","[291.0, 65]","[297.0, 48]","[306.85, 26]",295.0,187,4.0,0.21
07:32:32,"[293.04, 23]","[291.03, 61]","[297.0, 39]","[305.0, 26]",295.02,149,3.96,0.13
07:32:33,"[291.09, 47]","[290.05, 19]","[297.0, 29]","[305.0, 22]",294.04,117,5.91,0.13
07:32:34,"[291.0, 25]","[289.0, 5]","[297.0, 10]","[305.0, 10]",294.0,50,6.0,0.2
07:32:35,"[291.13, 38]","[289.7, 23]","[301.0, 20]","[308.0, 20]",296.07,101,9.87,0.21
07:32:36,"[301.0, 7]","[290.0, 37]","[305.0, 14]","[311.0, 14]",303.0,72,4.0,0.22
07:32:37,"[301.05, 64]","[296.83, 29]","[303.82, 44]","[308.25, 32]",302.43,169,2.77,0.1
07:32:38,"[301.0, 32]","[289.17, 6]","[305.87, 23]","[309.57, 14]",303.43,75,4.87,0.01
07:32:39,"[301.0, 40]","[289.0, 8]","[304.45, 22]","[307.61, 31]",302.73,101,3.45,-0.05
07:32:40,"[301.0, 55]","[289.0, 11]","[306.62, 24]","[308.87, 39]",303.81,129,5.62,0.02
07:32:41,"[289.0, 10]","[285.46, 24]","[311.0, 20]","[312.0, 40]",300.0,94,22.0,-0.28
07:32:42,"[296.98, 42]","[287.48, 21]","[311.5, 36]","[314.45, 58]",304.24,157,14.52,-0.2
07:32:43,"[300.0, 72]","[290.2, 15]","[312.05, 19]","[327.06, 36]",306.03,142,12.05,0.23
07:32:44,"[300.77, 53]","[299.8, 92]","[313.0, 68]","[315.0, 34]",306.89,247,12.23,0.17
07:32:45,"[303.18, 11]","[300.31, 26]","[312.78, 41]","[314.47, 30]",307.98,108,9.6,-0.31
07:32:46,"[304.0, 17]","[301.0, 17]","[310.59, 51]","[315.0, 98]",307.29,183,6.59,-0.63
07:32:47,"[304.0, 17]","[302.06, 17]","[310.0, 51]","[312.89, 76]",307.0,161,6.0,-0.58
07:32:48,"[303.31, 13]","[301.62, 13]","[309.0, 39]","[311.0, 65]",306.15,130,5.69,-0.6
07:32:49,"[303.0, 13]","[301.0, 13]","[308.62, 32]","[310.31, 52]",305.81,110,5.62,-0.53
07:32:50,"[303.0, 9]","[301.0, 9]","[305.06, 17]","[306.38, 16]",304.03,51,2.06,-0.29
07:32:51,"[300.72, 29]","[299.91, 44]","[303.0, 18]","[304.75, 32]",301.86,123,2.28,0.19
07:32:52,"[300.0, 37]","[297.0, 10]","[301.0, 20]","[303.0, 10]",300.5,77,1.0,0.22
07:32:53,"[289.09, 44]","[289.0, 12]","[302.0, 16]","[304.17, 29]",295.55,101,12.91,0.11
07:32:54,"[288.0, 70]","[285.0, 14]","[299.36, 14]","[311.6, 57]",293.68,155,11.36,0.08
07:32:55,"[288.94, 80]","[287.88, 33]","[308.93, 29]","[311.75, 32]",298.93,174,19.99,0.3
07:32:56,"[290.06, 160]","[289.33, 90]","[311.0, 48]","[313.0, 24]",300.53,322,20.94,0.55
07:32:57,"[292.78, 90]","[290.0, 270]","[294.0, 90]","[303.07, 82]",293.39,532,1.22,0.35
07:32:58,"[294.08, 65]","[289.65, 85]","[297.38, 65]","[308.59, 54]",295.73,269,3.31,0.12
07:32:59,"[296.87, 62]","[294.38, 96]","[307.8, 69]","[311.29, 28]",302.33,255,10.93,0.24
07:33:00,"[298.0, 26]","[297.0, 130]","[310.63, 82]","[311.15, 53]",304.32,291,12.63,0.07
07:33:01,"[297.22, 46]","[296.26, 54]","[311.0, 83]","[323.38, 16]",304.11,199,13.78,0.01
07:33:02,"[297.0, 54]","[287.0, 6]","[311.0, 30]","[433.2, 15]",304.0,105,14.0,0.14
07:33:03,"[297.0, 45]","[287.0, 5]","[311.0, 25]","[312.0, 10]",304.0,85,14.0,0.18
07:33:04,"[297.0, 90]","[287.0, 10]","[311.0, 50]","[420.0, 20]",304.0,170,14.0,0.18
07:33:05,"[297.0, 105]","[287.0, 11]","[311.0, 55]","[569.36, 28]",304.0,199,14.0,0.17
07:33:06,"[297.0, 66]","[289.0, 30]","[309.0, 30]","[437.13, 15]",303.0,141,12.0,0.36
07:33:07,"[297.0, 88]","[289.0, 40]","[311.0, 40]","[457.38, 16]",304.0,184,14.0,0.39
07:33:08,"[298.54, 109]","[295.29, 150]","[309.26, 95]","[326.23, 83]",303.9,437,10.72,0.19
07:33:09,"[304.0, 28]","[299.81, 86]","[307.57, 70]","[311.0, 22]",305.79,206,3.57,0.11
07:33:10,"[304.0, 27]","[300.53, 45]","[306.0, 70]","[310.29, 14]",305.0,156,2.0,-0.08
07:33:11,"[304.92, 39]","[302.5, 18]","[306.0, 60]","[309.0, 12]",305.46,129,1.08,-0.12
07:33:12,"[304.55, 22]","[302.64, 25]","[305.92, 25]","[309.0, 13]",305.23,85,1.37,0.11
07:33:13,"[300.22, 90]","[298.71, 34]","[303.88, 16]","[309.21, 19]",302.05,159,3.65,0.56
07:33:14,"[300.0, 68]","[298.0, 10]","[306.12, 16]","[310.29, 34]",303.06,128,6.12,0.22
07:33:15,"[300.0, 52]","[298.0, 12]","[310.02, 56]","[312.47, 15]",305.01,135,10.02,-0.05
07:33:16,"[298.2, 70]","[294.9, 31]","[306.75, 52]","[308.44, 27]",302.48,180,8.55,0.12
07:33:17,"[297.0, 63]","[294.0, 36]","[303.59, 32]","[304.73, 22]",300.3,153,6.59,0.29
07:33:18,"[297.0, 84]","[294.0, 48]","[302.15, 39]","[302.6, 50]",299.58,221,5.15,0.19
07:33:19,"[297.0, 112]","[294.0, 64]","[299.05, 44]","[301.65, 68]",298.02,288,2.05,0.22
07:33:20,"[295.14, 99]","[292.76, 90]","[297.33, 90]","[298.15, 91]",296.24,370,2.19,0.02
07:33:21,"[294.0, 38]","[290.0, 56]","[295.26, 31]","[297.75, 24]",294.63,149,1.26,0.26
07:33:22,"[290.07, 61]","[288.19, 53]","[297.95, 20]","[300.89, 27]",294.01,161,7.88,0.42
07:33:23,"[289.88, 69]","[287.96, 54]","[299.44, 41]","[302.07, 14]",294.66,178,9.55,0.38
07:33:24,"[290.0, 45]","[288.0, 72]","[297.33, 36]","[301.44, 9]",293.67,162,7.33,0.44
07:33:25,"[291.25, 101]","[288.9, 108]","[296.92, 74]","[300.29, 63]",294.08,346,5.67,0.21
07:33:26,"[293.65, 68]","[288.62, 24]","[295.64, 42]","[297.0, 68]",294.64,202,2.0,-0.09
07:33:27,"[293.55, 22]","[289.07, 15]","[295.24, 34]","[297.57, 28]",294.39,99,1.69,-0.25
07:33:28,"[286.08, 50]","[285.27, 44]","[295.62, 26]","[297.73, 44]",290.85,164,9.54,0.15
07:33:29,"[286.0, 54]","[285.0, 36]","[295.0, 23]","[297.0, 54]",290.5,167,9.0,0.08
07:33:30,"[286.16, 88]","[285.37, 82]","[291.26, 43]","[295.14, 35]",288.71,248,5.1,0.37
07:33:31,"[285.8, 60]","[283.35, 51]","[290.0, 60]","[293.21, 19]",287.9,190,4.2,0.17
07:33:32,"[284.4, 30]","[283.04, 111]","[289.5, 60]","[290.26, 34]",286.95,235,5.1,0.2
07:33:33,"[283.5, 30]","[282.0, 35]","[290.0, 45]","[291.0, 9]",286.75,119,6.5,0.09
07:33:34,"[281.0, 54]","[280.0, 87]","[290.0, 45]","[291.0, 9]",285.5,195,9.0,0.45
07:33:35,"[281.0, 33]","[280.0, 28]","[290.0, 20]","[291.0, 4]",285.5,85,9.0,0.44
07:33:36,"[282.43, 47]","[281.19, 81]","[290.0, 66]","[291.0, 14]",286.21,208,7.57,0.23
07:33:37,"[283.85, 52]","[281.77, 47]","[290.0, 39]","[291.0, 13]",286.92,151,6.15,0.31
07:33:38,"[285.0, 56]","[281.0, 70]","[290.0, 42]","[291.0, 14]",287.5,182,5.0,0.38
07:33:39,"[287.61, 49]","[282.94, 71]","[290.0, 39]","[291.0, 13]",288.81,172,2.39,0.4
07:33:40,"[289.94, 54]","[282.23, 106]","[293.56, 50]","[295.17, 93]",291.75,303,3.62,0.06
07:33:41,"[289.2, 30]","[281.91, 53]","[293.29, 14]","[295.08, 52]",291.24,149,4.09,0.11
07:33:42,"[281.67, 45]","[277.88, 52]","[295.0, 48]","[296.0, 32]",288.33,177,13.33,0.1
07:33:43,"[291.06, 96]","[281.38, 84]","[294.96, 56]","[295.83, 48]",293.01,284,3.9,0.27
07:33:44,"[293.0, 132]","[288.78, 27]","[294.59, 17]","[295.42, 48]",293.79,224,1.59,0.42
07:33:45,"[291.0, 18]","[278.67, 45]","[295.0, 18]","[296.0, 36]",293.0,117,4.0,0.08
07:33:46,"[280.74, 38]","[276.71, 56]","[295.11, 18]","[296.11, 36]",287.92,148,14.37,0.27
07:33:47,"[278.0, 85]","[276.0, 102]","[296.0, 17]","[297.0, 34]",287.0,238,18.0,0.57
07:33:48,"[278.08, 49]","[276.17, 59]","[301.0, 20]","[302.0, 20]",289.54,148,22.92,0.46
07:33:49,"[280.08, 48]","[278.0, 60]","[293.69, 32]","[299.46, 48]",286.89,188,13.6,0.15
07:33:50,"[283.84, 91]","[282.1, 79]","[291.29, 34]","[298.31, 61]",287.56,265,7.46,0.28
07:33:51,"[285.31, 127]","[284.59, 107]","[292.22, 72]","[295.75, 48]",288.77,354,6.91,0.32
07:33:52,"[287.0, 76]","[285.0, 171]","[298.77, 60]","[300.24, 58]",292.88,365,11.77,0.35
07:33:53,"[290.03, 115]","[287.92, 145]","[298.0, 60]","[300.0, 40]",294.02,360,7.97,0.44
07:33:54,"[292.0, 144]","[291.0, 64]","[297.92, 107]","[302.29, 106]",294.96,421,5.92,-0.01
07:33:55,"[293.55, 44]","[291.0, 44]","[297.0, 32]","[298.0, 43]",295.27,163,3.45,0.08
07:33:56,"[296.15, 54]","[294.8, 50]","[297.38, 32]","[298.63, 38]",296.76,174,1.23,0.2
07:33:57,"[297.0, 31]","[296.0, 20]","[298.0, 30]","[301.0, 20]",297.5,101,1.0,0.01
07:33:58,"[297.0, 14]","[290.0, 16]","[298.0, 18]","[301.0, 28]",297.5,76,1.0,-0.21
07:33:59,"[284.0, 37]","[282.5, 32]","[300.77, 26]","[302.71, 28]",292.38,123,16.77,0.12
07:34:00,"[285.12, 33]","[282.32, 34]","[301.0, 28]","[303.0, 28]",293.06,123,15.88,0.09
07:34:01,"[284.0, 34]","[283.0, 51]","[303.35, 34]","[362.86, 44]",293.68,163,19.35,0.04
07:34:02,"[302.81, 85]","[293.33, 48]","[304.07, 61]","[313.29, 42]",303.44,236,1.25,0.13
07:34:03,"[289.0, 16]","[282.43, 7]","[304.0, 14]","[305.71, 14]",296.5,51,15.0,-0.1
07:34:04,"[283.0, 38]","[282.0, 11]","[301.35, 17]","[304.45, 22]",292.18,88,18.35,0.11
07:34:05,"[285.18, 11]","[281.0, 7]","[295.0, 6]","[297.0, 12]",290.09,36,9.82,0.0
07:34:06,"[282.0, 18]","[279.0, 18]","[296.23, 13]","[298.78, 18]",289.12,67,14.23,0.07
07:34:07,"[282.0, 18]","[279.0, 18]","[297.0, 18]","[301.0, 18]",289.5,72,15.0,0.0
07:34:08,"[282.0, 12]","[279.0, 12]","[297.0, 11]","[301.0, 12]",289.5,47,15.0,0.02
07:34:09,"[283.34, 73]","[281.04, 25]","[296.04, 23]","[297.62, 13]",289.69,134,12.7,0.46
07:34:10,"[284.0, 81]","[282.0, 18]","[295.71, 14]","[296.65, 23]",289.86,136,11.71,0.46
07:34:11,"[284.23, 105]","[282.29, 21]","[294.0, 12]","[296.0, 27]",289.11,165,9.77,0.53
07:34:12,"[285.0, 96]","[283.33, 12]","[294.0, 12]","[296.0, 36]",289.5,156,9.0,0.38
07:34:13,"[291.57, 42]","[286.11, 54]","[295.71, 35]","[296.67, 45]",293.64,176,4.14,0.09
07:34:14,"[294.0, 44]","[281.0, 8]","[297.0, 8]","[298.0, 24]",295.5,84,3.0,0.24
07:34:15,"[294.72, 58]","[292.14, 28]","[297.0, 10]","[298.0, 60]",295.86,156,2.28,0.1
07:34:16,"[296.67, 84]","[285.73, 22]","[297.96, 50]","[299.25, 32]",297.31,188,1.29,0.13
07:34:17,"[281.78, 9]","[278.62, 21]","[300.0, 50]","[301.0, 18]",290.89,98,18.22,-0.39
07:34:18,"[284.38, 16]","[281.36, 33]","[300.0, 54]","[301.0, 32]",292.19,135,15.62,-0.27
07:34:19,"[294.23, 91]","[283.25, 36]","[300.0, 42]","[301.0, 28]",297.12,197,5.77,0.29
07:34:20,"[291.51, 37]","[283.8, 20]","[300.0, 21]","[301.0, 14]",295.76,92,8.49,0.24
07:34:21,"[286.97, 37]","[285.86, 14]","[295.29, 51]","[300.44, 32]",291.13,134,8.32,-0.24
07:34:22,"[288.48, 27]","[286.09, 56]","[292.0, 76]","[300.0, 48]",290.24,207,3.52,-0.2
07:34:23,"[290.42, 38]","[286.16, 57]","[292.54, 52]","[299.52, 46]",291.48,193,2.12,-0.02
07:34:24,"[291.5, 14]","[285.0, 24]","[299.0, 20]","[300.0, 30]",295.25,88,7.5,-0.14
07:34:25,"[293.0, 12]","[291.0, 24]","[299.0, 24]","[300.0, 36]",296.0,96,6.0,-0.25
07:34:26,"[294.33, 36]","[293.0, 18]","[298.09, 64]","[299.43, 42]",296.21,160,3.76,-0.33
07:34:27,"[295.05, 21]","[293.33, 12]","[297.0, 33]","[300.0, 33]",296.02,99,1.95,-0.33
07:34:28,"[283.14, 51]","[282.21, 106]","[292.62, 39]","[297.18, 51]",287.88,247,9.48,0.27
07:34:29,"[284.0, 10]","[283.0, 80]","[290.0, 20]","[296.0, 30]",287.0,140,6.0,0.29
07:34:30,"[284.12, 8]","[283.0, 64]","[290.0, 16]","[296.0, 24]",287.06,112,5.88,0.29
07:34:31,"[285.64, 11]","[281.81, 53]","[296.0, 22]","[300.0, 55]",290.82,141,10.36,-0.09
07:34:32,"[287.12, 8]","[282.0, 38]","[296.0, 16]","[300.0, 40]",291.56,102,8.88,-0.1
07:34:33,"[288.0, 13]","[281.76, 50]","[294.46, 26]","[297.71, 35]",291.23,124,6.46,0.02
07:34:34,"[288.0, 13]","[280.51, 41]","[294.0, 26]","[296.0, 26]",291.0,106,6.0,0.02
07:34:35,"[288.0, 12]","[281.0, 24]","[295.5, 24]","[298.94, 34]",291.75,94,7.5,-0.23
07:34:36,"[289.0, 14]","[280.06, 68]","[296.0, 28]","[298.72, 47]",292.5,157,7.0,0.04
07:34:37,"[289.0, 11]","[280.0, 44]","[295.53, 19]","[299.2, 30]",292.26,104,6.53,0.06
07:34:38,"[289.83, 12]","[281.2, 30]","[293.0, 12]","[295.15, 13]",291.42,67,3.17,0.25
07:34:39,"[291.27, 11]","[281.91, 22]","[293.0, 11]","[295.0, 11]",292.14,55,1.73,0.2
07:34:40,"[281.48, 27]","[279.0, 30]","[294.88, 16]","[295.96, 27]",288.18,100,13.39,0.14
07:34:41,"[282.57, 28]","[281.47, 34]","[295.0, 53]","[296.0, 28]",288.79,143,12.43,-0.13
07:34:42,"[283.0, 36]","[282.0, 18]","[295.0, 36]","[296.0, 18]",289.0,108,12.0,0.0
07:34:43,"[284.41, 27]","[282.94, 35]","[295.0, 48]","[296.0, 24]",289.7,134,10.59,-0.07
07:34:44,"[285.0, 24]","[283.42, 36]","[295.0, 48]","[296.0, 24]",290.0,132,10.0,-0.09
07:34:45,"[285.0, 28]","[284.0, 42]","[292.41, 34]","[295.12, 50]",288.71,154,7.41,-0.09
07:34:46,"[286.36, 22]","[284.0, 33]","[291.0, 22]","[295.0, 44]",288.68,121,4.64,-0.09
07:34:47,"[287.0, 32]","[284.0, 48]","[291.0, 23]","[295.0, 64]",289.0,167,4.0,-0.04
07:34:48,"[286.93, 28]","[282.24, 34]","[292.68, 19]","[295.17, 35]",289.81,116,5.76,0.07
07:34:49,"[282.45, 22]","[279.92, 53]","[293.0, 32]","[295.0, 20]",287.73,127,10.55,0.18
07:34:50,"[286.42, 19]","[283.23, 35]","[298.4, 87]","[299.06, 50]",292.41,191,11.98,-0.43
07:34:51,"[290.0, 9]","[289.0, 54]","[297.0, 36]","[299.0, 72]",293.5,171,7.0,-0.26
07:34:52,"[290.0, 10]","[289.0, 60]","[297.0, 40]","[299.0, 74]",293.5,184,7.0,-0.24
07:34:53,"[291.0, 9]","[289.0, 54]","[296.56, 36]","[298.72, 57]",293.78,156,5.56,-0.19
07:34:54,"[292.83, 36]","[289.43, 42]","[295.0, 48]","[297.0, 48]",293.92,174,2.17,-0.1
07:34:55,"[293.52, 42]","[283.22, 41]","[296.0, 56]","[298.27, 77]",294.76,216,2.48,-0.23
07:34:56,"[295.22, 23]","[293.47, 15]","[297.0, 60]","[299.0, 99]",296.11,197,1.78,-0.61
07:34:57,"[296.0, 18]","[291.33, 6]","[297.0, 16]","[299.0, 44]",296.5,84,1.0,-0.43
07:34:58,"[296.0, 30]","[283.2, 10]","[297.0, 20]","[299.0, 80]",296.5,140,1.0,-0.43
07:34:59,"[296.11, 27]","[284.89, 19]","[298.87, 60]","[299.64, 44]",297.49,150,2.76,-0.39
07:35:00,"[297.0, 33]","[284.29, 21]","[299.0, 58]","[300.0, 68]",298.0,180,2.0,-0.4
07:35:01,"[285.5, 20]","[281.33, 12]","[295.18, 33]","[299.3, 81]",290.34,146,9.68,-0.56
07:35:02,"[285.13, 15]","[281.0, 15]","[295.21, 48]","[299.06, 140]",290.17,218,10.07,-0.72
07:35:03,"[286.0, 6]","[280.33, 6]","[299.0, 66]","[300.0, 24]",292.5,102,13.0,-0.76
07:35:04,"[286.0, 11]","[278.18, 11]","[298.84, 91]","[299.6, 53]",292.42,166,12.84,-0.73
07:35:05,"[286.0, 8]","[278.0, 8]","[298.0, 40]","[299.0, 56]",292.0,112,12.0,-0.71
07:35:06,"[286.0, 8]","[278.0, 8]","[298.0, 40]","[299.0, 44]",292.0,100,12.0,-0.68
07:35:07,"[286.0, 4]","[278.0, 4]","[298.0, 20]","[299.0, 28]",292.0,56,12.0,-0.71
07:35:08,"[286.0, 9]","[278.0, 9]","[298.0, 45]","[299.0, 65]",292.0,128,12.0,-0.72
07:35:09,"[286.29, 7]","[277.89, 19]","[298.0, 35]","[299.0, 56]",292.14,117,11.71,-0.56
07:35:10,"[287.93, 15]","[277.23, 73]","[298.0, 75]","[299.0, 120]",292.97,283,10.07,-0.38
07:35:11,"[290.06, 17]","[277.9, 80]","[298.0, 52]","[299.0, 104]",294.03,253,7.94,-0.23
07:35:12,"[291.27, 22]","[290.0, 11]","[298.0, 44]","[299.0, 88]",294.64,165,6.73,-0.6
07:35:13,"[293.54, 26]","[292.26, 19]","[298.0, 60]","[299.0, 120]",295.77,225,4.46,-0.6
07:35:14,"[289.54, 37]","[278.95, 87]","[298.0, 59]","[299.0, 124]",293.77,307,8.46,-0.19
07:35:15,"[279.66, 95]","[278.12, 96]","[298.0, 33]","[299.0, 99]",288.83,323,18.34,0.18
07:35:16,"[280.99, 219]","[280.71, 246]","[296.57, 69]","[298.31, 87]",288.78,621,15.58,0.5
07:35:17,"[284.85, 78]","[282.37, 258]","[295.8, 75]","[297.94, 96]",290.32,507,10.95,0.33
07:35:18,"[288.01, 73]","[286.15, 117]","[296.0, 30]","[297.0, 90]",292.01,310,7.99,0.23
07:35:19,"[291.45, 94]","[291.03, 119]","[296.0, 30]","[297.0, 138]",293.72,381,4.55,0.12
07:35:20,"[294.92, 252]","[291.64, 44]","[296.71, 56]","[297.4, 100]",295.82,452,1.8,0.31
07:35:21,"[291.67, 234]","[279.62, 138]","[297.55, 103]","[299.4, 81]",294.61,556,5.89,0.34
07:35:22,"[282.07, 90]","[281.75, 160]","[294.0, 69]","[299.0, 15]",288.03,334,11.93,0.5
07:35:23,"[283.08, 26]","[282.0, 182]","[295.87, 30]","[302.54, 13]",289.47,251,12.79,0.66
07:35:24,"[290.71, 107]","[285.18, 83]","[300.5, 44]","[305.26, 46]",295.61,280,9.79,0.36
07:35:25,"[292.92, 25]","[290.35, 71]","[298.24, 59]","[300.54, 78]",295.58,233,5.32,-0.18
07:35:26,"[289.11, 98]","[287.85, 27]","[294.0, 23]","[298.33, 36]",291.56,184,4.89,0.36
07:35:27,"[289.0, 50]","[286.0, 5]","[294.0, 10]","[295.0, 10]",291.5,75,5.0,0.47
07:35:28,"[289.0, 80]","[286.0, 8]","[294.0, 16]","[295.0, 48]",291.5,152,5.0,0.16
07:35:29,"[289.0, 90]","[286.0, 9]","[294.94, 34]","[296.45, 22]",291.97,155,5.94,0.28
07:35:30,"[289.49, 55]","[288.78, 54]","[295.0, 36]","[297.0, 18]",292.25,163,5.51,0.34
07:35:31,"[291.84, 25]","[290.26, 81]","[295.0, 52]","[297.0, 26]",293.42,184,3.16,0.15
07:35:32,"[294.4, 15]","[287.47, 74]","[296.5, 24]","[298.83, 69]",295.45,182,2.1,-0.02
07:35:33,"[294.0, 8]","[284.0, 10]","[297.0, 16]","[299.0, 56]",295.5,90,3.0,-0.6
07:35:34,"[294.86, 28]","[287.85, 13]","[297.0, 26]","[299.0, 91]",295.93,158,2.14,-0.48
07:35:35,"[296.0, 40]","[285.0, 10]","[297.0, 20]","[299.0, 70]",296.5,140,1.0,-0.29
07:35:36,"[295.15, 39]","[284.75, 12]","[298.11, 38]","[299.09, 66]",296.63,155,2.95,-0.34
07:35:37,"[285.93, 27]","[283.31, 13]","[295.8, 45]","[299.11, 27]",290.86,112,9.87,-0.29
07:35:38,"[287.67, 18]","[286.0, 6]","[293.0, 24]","[298.0, 6]",290.33,54,5.33,-0.11
07:35:39,"[288.67, 36]","[286.32, 19]","[293.0, 52]","[298.0, 13]",290.83,120,4.33,-0.08
07:35:40,"[287.67, 18]","[279.61, 23]","[293.0, 13]","[298.0, 13]",290.33,67,5.33,0.22
07:35:41,"[282.0, 7]","[278.0, 9]","[298.0, 17]","[299.0, 49]",290.0,82,16.0,-0.61
07:35:42,"[282.0, 7]","[279.0, 7]","[298.0, 42]","[299.0, 49]",290.0,105,16.0,-0.73
07:35:43,"[282.0, 11]","[279.0, 11]","[297.0, 55]","[298.0, 66]",289.5,143,15.0,-0.69
07:35:44,"[282.0, 10]","[279.0, 10]","[295.2, 50]","[297.55, 58]",288.6,128,13.2,-0.69
07:35:45,"[285.0, 36]","[283.8, 45]","[294.0, 90]","[295.0, 18]",289.5,189,9.0,-0.14
07:35:46,"[287.89, 47]","[287.47, 38]","[294.0, 101]","[295.0, 17]",290.95,203,6.11,-0.16
07:35:47,"[290.33, 33]","[289.13, 60]","[294.0, 135]","[295.0, 15]",292.17,243,3.67,-0.23
07:35:48,"[292.0, 57]","[291.0, 36]","[294.0, 81]","[295.0, 9]",293.0,183,2.0,0.02
07:35:49,"[292.69, 52]","[283.87, 45]","[294.0, 112]","[295.0, 13]",293.35,222,1.31,-0.13
07:35:50,"[293.0, 36]","[278.0, 45]","[294.0, 72]","[295.0, 9]",293.5,162,1.0,0.0
07:35:51,"[293.0, 36]","[283.33, 45]","[294.0, 65]","[295.0, 9]",293.5,155,1.0,0.05
07:35:52,"[285.03, 37]","[282.18, 28]","[294.62, 8]","[295.89, 28]",289.83,101,9.6,0.29
07:35:53,"[278.23, 52]","[277.71, 28]","[295.0, 12]","[296.0, 60]",286.62,152,16.77,0.05
07:35:54,"[280.18, 33]","[277.79, 57]","[295.17, 30]","[297.3, 76]",287.67,196,14.98,-0.08
07:35:55,"[282.62, 39]","[277.27, 74]","[296.0, 52]","[298.0, 130]",289.31,295,13.38,-0.23
07:35:56,"[285.17, 18]","[278.0, 30]","[294.18, 22]","[296.2, 25]",289.67,95,9.02,0.01
07:35:57,"[286.9, 60]","[278.22, 74]","[291.83, 46]","[296.69, 51]",289.36,231,4.93,0.16
07:35:58,"[287.82, 44]","[282.53, 94]","[290.0, 52]","[296.0, 26]",288.91,216,2.18,0.28
07:35:59,"[288.73, 55]","[283.47, 53]","[290.0, 46]","[296.0, 26]",289.36,180,1.27,0.2
07:36:00,"[289.1, 50]","[279.0, 50]","[298.5, 36]","[299.43, 28]",293.8,164,9.4,0.22
07:36:01,"[290.75, 60]","[279.33, 60]","[299.0, 48]","[300.0, 36]",294.88,204,8.25,0.18
07:36:02,"[291.93, 28]","[282.62, 40]","[299.0, 32]","[300.0, 24]",295.46,124,7.07,0.1
07:36:03,"[293.0, 10]","[282.69, 65]","[299.0, 40]","[300.0, 30]",296.0,145,6.0,0.03
07:36:04,"[294.89, 62]","[282.03, 68]","[299.0, 48]","[324.25, 36]",296.94,214,4.11,0.21
07:36:05,"[295.29, 78]","[294.72, 18]","[299.0, 32]","[301.0, 32]",297.15,160,3.71,0.2
07:36:06,"[297.54, 24]","[296.99, 144]","[299.08, 50]","[301.38, 52]",298.31,270,1.54,0.24
07:36:07,"[298.38, 16]","[297.03, 113]","[300.28, 25]","[304.5, 20]",299.33,174,1.9,0.48
07:36:08,"[299.0, 14]","[298.0, 7]","[300.0, 21]","[301.0, 7]",299.5,49,1.0,-0.14
07:36:09,"[298.42, 38]","[296.33, 78]","[300.0, 37]","[301.0, 15]",299.21,168,1.58,0.38
07:36:10,"[298.43, 88]","[289.76, 58]","[303.94, 17]","[352.45, 20]",301.19,183,5.51,0.6
07:36:11,"[304.0, 60]","[297.0, 100]","[306.0, 20]","[341.0, 50]",305.0,230,2.0,0.39
07:36:12,"[304.0, 52]","[297.0, 120]","[401.08, 24]","[447.37, 27]",352.54,223,97.08,0.54
07:36:13,"[297.06, 111]","[287.85, 61]","[418.5, 16]","[486.52, 21]",357.78,209,121.44,0.65
07:36:14,"[297.0, 99]","[285.0, 50]","[462.0, 28]","[520.37, 19]",379.5,196,165.0,0.52
07:36:15,"[297.0, 108]","[285.96, 56]","[298.8, 15]","[314.52, 21]",297.9,200,1.8,0.64
07:36:16,"[287.75, 80]","[285.18, 40]","[309.82, 34]","[358.12, 17]",298.79,171,22.07,0.4
07:36:17,"[306.24, 68]","[305.0, 30]","[350.87, 30]","[410.27, 30]",328.55,158,44.63,0.24
07:36:18,"[308.36, 44]","[305.0, 28]","[504.93, 28]","[647.29, 21]",406.65,121,196.56,0.19
07:36:19,"[309.0, 14]","[305.0, 14]","[577.71, 14]","[659.55, 11]",443.36,53,268.71,0.06
07:36:20,"[309.0, 22]","[308.0, 57]","[629.45, 22]","[718.14, 21]",469.23,122,320.45,0.3
07:36:21,"[308.36, 22]","[307.93, 92]","[488.0, 14]","[658.77, 13]",398.18,141,179.64,0.62
07:36:22,"[308.0, 98]","[305.0, 14]","[584.57, 14]","[792.0, 7]",446.29,133,276.57,0.68
07:36:23,"[308.0, 56]","[305.0, 8]","[674.4, 10]","[714.0, 6]",491.2,80,366.4,0.6
07:36:24,"[308.0, 14]","[305.0, 2]","[674.0, 3]","[675.0, 2]",491.0,21,366.0,0.52
07:36:25,"[308.0, 144]","[305.0, 22]","[552.5, 22]","[606.57, 21]",430.25,209,244.5,0.59
07:36:26,"[308.0, 132]","[305.0, 22]","[496.64, 14]","[607.78, 18]",402.32,186,188.64,0.66
07:36:27,"[308.0, 112]","[305.0, 22]","[510.7, 23]","[512.4, 15]",409.35,172,202.7,0.56
07:36:28,"[308.0, 58]","[305.0, 20]","[506.2, 30]","[509.7, 10]",407.1,118,198.2,0.32
07:36:29,"[308.0, 24]","[305.0, 16]","[505.22, 18]","[506.57, 14]",406.61,72,197.22,0.11
07:36:30,"[307.7, 10]","[304.86, 7]","[503.0, 12]","[504.0, 4]",405.35,33,195.3,0.03
07:36:31,"[305.0, 7]","[304.0, 7]","[502.29, 21]","[504.0, 7]",403.64,42,197.29,-0.33
07:36:32,"[305.0, 15]","[304.0, 15]","[498.11, 45]","[498.98, 43]",401.56,118,193.11,-0.49
07:36:33,"[305.0, 11]","[304.0, 11]","[492.27, 33]","[494.22, 18]",398.64,73,187.27,-0.4
07:36:34,"[305.0, 7]","[304.0, 7]","[488.81, 21]","[490.57, 14]",396.9,49,183.81,-0.43
07:36:35,"[305.0, 10]","[304.0, 10]","[487.09, 34]","[487.83, 24]",396.04,78,182.09,-0.49
07:36:36,"[301.5, 125]","[237.53, 92]","[484.37, 41]","[486.48, 46]",392.93,304,182.87,0.43
07:36:37,"[303.07, 30]","[302.02, 80]","[364.83, 24]","[378.73, 52]",333.95,186,61.77,0.18
07:36:38,"[305.88, 16]","[303.4, 20]","[362.0, 16]","[363.3, 33]",333.94,85,56.12,-0.15
07:36:39,"[303.43, 63]","[303.0, 18]","[357.58, 36]","[360.15, 46]",330.51,163,54.15,-0.01
07:36:40,"[303.87, 61]","[303.41, 76]","[353.93, 59]","[356.56, 18]",328.9,214,50.06,0.28
07:36:41,"[304.37, 76]","[302.8, 100]","[353.27, 52]","[354.76, 55]",328.82,283,48.9,0.24
07:36:42,"[305.61, 28]","[303.73, 37]","[350.0, 36]","[351.0, 9]",327.8,110,44.39,0.18
07:36:43,"[306.95, 60]","[305.85, 52]","[347.22, 37]","[348.49, 37]",327.08,186,40.27,0.2
07:36:44,"[307.0, 13]","[306.0, 39]","[343.35, 23]","[343.74, 23]",325.17,98,36.35,0.06
07:36:45,"[307.0, 9]","[306.0, 27]","[342.0, 9]","[343.0, 18]",324.5,63,35.0,0.14
07:36:46,"[307.0, 8]","[306.0, 24]","[340.88, 16]","[341.78, 9]",323.94,57,33.88,0.12
07:36:47,"[306.77, 13]","[305.78, 27]","[337.83, 24]","[338.92, 25]",322.3,89,31.06,-0.1
07:36:48,"[306.0, 9]","[304.0, 9]","[334.16, 19]","[335.2, 20]",320.08,57,28.16,-0.37
07:36:49,"[306.0, 13]","[304.0, 13]","[329.5, 20]","[331.61, 28]",317.75,74,23.5,-0.3
07:36:50,"[306.0, 11]","[304.0, 11]","[327.44, 25]","[328.34, 29]",316.72,76,21.44,-0.42
07:36:51,"[306.0, 8]","[304.0, 8]","[324.76, 17]","[325.78, 18]",315.38,51,18.76,-0.37
07:36:52,"[307.06, 78]","[305.42, 12]","[318.37, 19]","[319.93, 27]",312.72,136,11.3,0.32
07:36:53,"[308.07, 87]","[307.0, 31]","[313.92, 26]","[315.11, 27]",311.0,171,5.85,0.38
07:36:54,"[309.0, 85]","[307.0, 48]","[311.0, 28]","[312.0, 28]",310.0,189,2.0,0.41
07:36:55,"[308.23, 31]","[306.81, 31]","[309.95, 21]","[316.0, 14]",309.09,97,1.73,0.28
07:36:56,"[304.3, 20]","[303.11, 28]","[307.12, 16]","[308.71, 14]",305.71,78,2.82,0.23
07:36:57,"[303.65, 23]","[302.82, 22]","[326.78, 23]","[402.09, 23]",315.22,91,23.13,-0.01
07:36:58,"[303.0, 8]","[302.0, 8]","[352.0, 15]","[416.21, 29]",327.5,60,49.0,-0.47
07:36:59,"[303.0, 10]","[302.0, 10]","[423.41, 17]","[710.36, 28]",363.21,65,120.41,-0.38
07:37:00,"[303.91, 33]","[302.62, 8]","[375.41, 34]","[469.11, 9]",339.66,84,71.5,-0.02
07:37:01,"[304.0, 30]","[303.0, 5]","[431.0, 10]","[447.0, 5]",367.5,50,127.0,0.4
07:37:02,"[304.0, 48]","[303.0, 8]","[485.0, 15]","[555.57, 14]",394.5,85,181.0,0.32
07:37:03,"[304.0, 45]","[303.0, 8]","[468.0, 16]","[597.36, 25]",386.0,94,164.0,0.13
07:37:04,"[304.0, 30]","[303.0, 10]","[464.8, 20]","[529.36, 11]",384.4,71,160.8,0.13
07:37:05,"[305.54, 26]","[303.0, 26]","[418.4, 20]","[543.0, 10]",361.97,82,112.86,0.27
07:37:06,"[308.12, 17]","[303.78, 27]","[349.0, 40]","[470.0, 16]",328.56,100,40.88,-0.12
07:37:07,"[304.0, 13]","[303.0, 36]","[349.0, 30]","[633.18, 11]",326.5,90,45.0,0.09
07:37:08,"[303.9, 41]","[302.98, 43]","[348.95, 37]","[565.38, 24]",326.42,145,45.04,0.16
07:37:09,"[304.0, 43]","[303.0, 16]","[346.0, 4]","[348.0, 4]",325.0,67,42.0,0.76
07:37:10,"[304.0, 64]","[303.0, 32]","[347.5, 8]","[531.56, 9]",325.75,113,43.5,0.7
07:37:11,"[305.42, 12]","[303.87, 31]","[345.8, 10]","[643.1, 20]",325.61,73,40.38,0.18
07:37:12,"[306.5, 8]","[304.29, 14]","[344.33, 6]","[564.0, 12]",325.42,40,37.83,0.1
07:37:13,"[303.12, 33]","[302.44, 9]","[314.43, 14]","[422.91, 11]",308.77,67,11.31,0.25
07:37:14,"[303.0, 32]","[302.0, 10]","[340.4, 10]","[417.76, 17]",321.7,69,37.4,0.22
07:37:15,"[303.0, 24]","[302.0, 8]","[343.25, 8]","[412.75, 16]",323.12,56,40.25,0.14
07:37:16,"[303.0, 28]","[302.0, 14]","[341.29, 14]","[445.29, 28]",322.14,84,38.29,0.0
07:37:17,"[306.93, 114]","[302.94, 18]","[339.56, 9]","[478.24, 17]",323.24,158,32.63,0.67
07:37:18,"[307.0, 154]","[303.0, 33]","[338.73, 11]","[374.0, 11]",322.86,209,31.73,0.79
07:37:19,"[307.0, 154]","[303.0, 31]","[338.0, 11]","[374.0, 11]",322.5,207,31.0,0.79
07:37:20,"[307.0, 196]","[303.96, 54]","[337.0, 14]","[381.5, 14]",322.0,278,30.0,0.8
07:37:21,"[307.0, 192]","[304.05, 55]","[333.59, 37]","[336.75, 53]",320.3,337,26.59,0.47
07:37:22,"[307.0, 136]","[305.0, 12]","[329.73, 44]","[330.59, 34]",318.36,226,22.73,0.31
07:37:23,"[307.0, 121]","[304.05, 38]","[326.47, 36]","[327.52, 25]",316.74,220,19.47,0.45
07:37:24,"[307.0, 121]","[304.0, 127]","[319.25, 12]","[323.63, 19]",313.12,279,12.25,0.78
07:37:25,"[307.0, 80]","[304.0, 156]","[309.73, 44]","[364.79, 14]",308.36,294,2.73,0.61
07:37:26,"[307.0, 5]","[304.0, 60]","[318.4, 10]","[429.8, 5]",312.7,80,11.4,0.62
07:37:27,"[307.0, 6]","[304.0, 72]","[316.5, 12]","[372.5, 8]",311.75,98,9.5,0.59
07:37:28,"[307.92, 65]","[304.27, 66]","[313.09, 22]","[471.38, 37]",310.51,190,5.17,0.38
07:37:29,"[308.0, 91]","[307.0, 10]","[310.9, 20]","[327.0, 10]",309.45,131,2.9,0.54
07:37:30,"[305.1, 41]","[303.88, 64]","[333.89, 18]","[499.88, 50]",319.49,173,28.79,0.21
07:37:31,"[306.75, 16]","[304.0, 48]","[422.92, 26]","[496.94, 34]",364.84,124,116.17,0.03
07:37:32,"[308.17, 12]","[303.95, 42]","[399.8, 30]","[500.18, 22]",353.98,106,91.63,0.02
07:37:33,"[304.0, 18]","[303.0, 18]","[382.31, 13]","[474.5, 20]",343.15,69,78.31,0.04
07:37:34,"[304.0, 13]","[303.0, 24]","[416.93, 15]","[515.52, 29]",360.47,81,112.93,-0.09
07:37:35,"[301.69, 26]","[290.82, 44]","[349.88, 32]","[362.12, 33]",325.78,135,48.18,0.04
07:37:36,"[302.0, 18]","[301.0, 74]","[340.95, 37]","[341.5, 40]",321.47,169,38.95,0.09
07:37:37,"[305.95, 19]","[301.08, 61]","[338.28, 36]","[340.11, 27]",322.11,143,32.33,0.12
07:37:38,"[307.0, 27]","[302.0, 9]","[336.31, 36]","[337.7, 27]",321.65,99,29.31,-0.27
07:37:39,"[307.0, 25]","[302.0, 10]","[334.2, 50]","[337.0, 20]",320.6,105,27.2,-0.33
07:37:40,"[308.22, 74]","[306.19, 43]","[332.5, 44]","[334.02, 47]",320.36,208,24.28,0.12
07:37:41,"[310.0, 60]","[307.0, 72]","[329.12, 33]","[331.8, 45]",319.56,210,19.12,0.26
07:37:42,"[310.0, 60]","[308.0, 24]","[323.74, 39]","[324.87, 30]",316.87,153,13.74,0.1
07:37:43,"[310.0, 26]","[308.0, 28]","[318.9, 49]","[319.95, 40]",314.45,143,8.9,-0.24
07:37:44,"[310.0, 15]","[308.0, 30]","[313.56, 32]","[314.37, 49]",311.78,126,3.56,-0.29
07:37:45,"[308.13, 15]","[307.05, 44]","[311.0, 16]","[312.0, 8]",309.57,83,2.87,0.42
07:37:46,"[308.0, 28]","[307.0, 84]","[310.33, 30]","[313.05, 40]",309.17,182,2.33,0.23
07:37:47,"[307.71, 34]","[306.33, 54]","[310.31, 26]","[366.09, 22]",309.01,136,2.6,0.29
07:37:48,"[307.0, 54]","[304.0, 27]","[386.36, 11]","[492.29, 21]",346.68,113,79.36,0.43
07:37:49,"[307.0, 36]","[304.0, 18]","[386.0, 6]","[619.0, 16]",346.5,76,79.0,0.42
07:37:50,"[307.0, 72]","[304.0, 36]","[385.1, 30]","[470.0, 15]",346.05,153,78.1,0.41
07:37:51,"[307.04, 101]","[304.63, 57]","[348.45, 38]","[338.43, 35]",327.74,231,41.41,0.37
07:37:52,"[305.34, 29]","[302.56, 43]","[312.38, 13]","[316.0, 39]",308.86,124,7.04,0.16
07:37:53,"[304.0, 14]","[302.0, 40]","[308.94, 18]","[311.09, 22]",306.47,94,4.94,0.15
07:37:54,"[302.48, 21]","[301.38, 52]","[432.36, 11]","[504.65, 20]",367.42,104,129.89,0.4
07:37:55,"[302.0, 28]","[301.0, 56]","[482.0, 13]","[590.06, 17]",392.0,114,180.0,0.47
07:37:56,"[304.0, 14]","[302.0, 28]","[458.86, 7]","[579.28, 29]",381.43,78,154.86,0.08
07:37:57,"[304.33, 24]","[302.22, 36]","[427.11, 18]","[605.9, 20]",365.72,98,122.78,0.22
07:37:58,"[305.0, 24]","[304.0, 12]","[404.0, 10]","[701.17, 24]",354.5,70,99.0,0.03
07:37:59,"[305.0, 52]","[304.0, 26]","[311.08, 24]","[380.88, 17]",308.04,119,6.08,0.31
07:38:00,"[305.76, 34]","[305.06, 31]","[310.31, 32]","[461.3, 40]",308.04,137,4.55,-0.05
07:38:01,"[303.62, 34]","[302.95, 20]","[309.67, 24]","[449.73, 44]",306.64,122,6.05,-0.11
07:38:02,"[302.0, 39]","[301.0, 13]","[307.1, 20]","[414.35, 34]",304.55,106,5.1,-0.02
07:38:03,"[301.25, 12]","[294.26, 27]","[303.0, 10]","[486.0, 50]",302.12,99,1.75,-0.21
07:38:04,"[299.0, 18]","[290.8, 30]","[302.0, 18]","[448.94, 17]",300.5,83,3.0,0.16
07:38:05,"[298.0, 52]","[231.75, 24]","[426.71, 28]","[551.33, 57]",362.36,161,128.71,-0.06
07:38:06,"[298.0, 26]","[172.5, 40]","[342.93, 15]","[568.7, 37]",320.47,118,44.93,0.12
07:38:07,"[201.0, 43]","[154.83, 60]","[465.26, 27]","[571.27, 33]",333.13,163,264.26,0.26
07:38:08,"[309.94, 18]","[284.89, 55]","[410.91, 22]","[586.19, 32]",360.43,127,100.96,0.15
07:38:09,"[309.0, 20]","[119.86, 14]","[436.06, 32]","[543.33, 18]",372.53,84,127.06,-0.19
07:38:10,"[309.0, 16]","[129.11, 57]","[435.12, 40]","[573.05, 37]",372.06,150,126.12,-0.03
07:38:11,"[307.91, 22]","[196.48, 85]","[362.18, 38]","[451.85, 41]",335.05,186,54.28,0.15
07:38:12,"[305.0, 18]","[302.0, 64]","[314.38, 40]","[435.0, 40]",309.69,162,9.38,0.01
07:38:13,"[305.0, 12]","[302.0, 96]","[311.5, 50]","[349.17, 60]",308.25,218,6.5,-0.01
07:38:14,"[303.67, 18]","[300.91, 81]","[307.74, 47]","[309.19, 52]",305.71,198,4.08,0.0
07:38:15,"[302.0, 101]","[281.79, 85]","[305.66, 47]","[306.62, 52]",303.83,285,3.66,0.31
07:38:16,"[302.0, 110]","[275.31, 16]","[304.14, 50]","[308.93, 56]",303.07,232,2.14,0.09
07:38:17,"[309.96, 52]","[301.86, 37]","[343.0, 35]","[348.0, 7]",326.48,131,33.04,0.36
07:38:18,"[311.0, 15]","[302.0, 18]","[343.0, 15]","[348.0, 3]",327.0,51,32.0,0.29
07:38:19,"[311.0, 35]","[303.0, 14]","[341.67, 42]","[343.79, 19]",326.33,110,30.67,-0.11
07:38:20,"[311.0, 60]","[303.0, 24]","[341.79, 70]","[358.45, 20]",326.39,174,30.79,-0.03
07:38:21,"[308.16, 45]","[302.25, 48]","[341.0, 60]","[437.58, 53]",324.58,206,32.84,-0.1
07:38:22,"[308.0, 160]","[307.0, 96]","[340.17, 60]","[477.17, 60]",324.08,376,32.17,0.36
07:38:23,"[308.0, 130]","[307.0, 104]","[336.69, 65]","[427.0, 65]",322.35,364,28.69,0.29
07:38:24,"[308.0, 100]","[307.0, 80]","[322.8, 50]","[427.66, 47]",315.4,277,14.8,0.3
07:38:25,"[308.0, 55]","[307.0, 58]","[335.57, 35]","[505.57, 35]",321.79,183,27.57,0.23
07:38:26,"[309.29, 31]","[307.58, 72]","[335.0, 45]","[460.0, 24]",322.15,172,25.71,0.2
07:38:27,"[312.0, 10]","[308.0, 70]","[334.8, 50]","[431.64, 11]",323.4,141,22.8,0.13
07:38:28,"[312.0, 29]","[307.38, 112]","[333.62, 65]","[515.82, 33]",322.81,239,21.62,0.18
07:38:29,"[310.69, 48]","[308.29, 112]","[332.92, 60]","[465.4, 30]",321.8,250,22.23,0.28
07:38:30,"[309.0, 49]","[307.0, 70]","[331.71, 35]","[405.0, 17]",320.36,171,22.71,0.39
07:38:31,"[309.0, 70]","[307.0, 67]","[330.7, 50]","[354.38, 48]",319.85,235,21.7,0.17
07:38:32,"[309.0, 70]","[307.0, 50]","[329.9, 50]","[400.2, 50]",319.45,220,20.9,0.09
07:38:33,"[309.0, 35]","[307.0, 25]","[329.0, 25]","[393.8, 25]",319.0,110,20.0,0.09
07:38:34,"[309.0, 84]","[307.0, 60]","[327.92, 60]","[412.57, 58]",318.46,262,18.92,0.1
07:38:35,"[309.0, 56]","[307.0, 70]","[326.29, 66]","[461.06, 62]",317.64,254,17.29,-0.01
07:38:36,"[309.0, 44]","[307.0, 55]","[323.63, 19]","[324.87, 39]",316.32,157,14.63,0.26
07:38:37,"[309.0, 44]","[307.0, 55]","[321.64, 11]","[324.18, 11]",315.32,121,12.64,0.64
07:38:38,"[309.0, 48]","[307.0, 60]","[318.38, 24]","[319.83, 12]",313.69,144,9.38,0.5
07:38:39,"[309.0, 154]","[307.0, 80]","[314.21, 43]","[316.1, 31]",311.6,308,5.21,0.52
07:38:40,"[309.0, 154]","[307.0, 60]","[310.57, 21]","[311.39, 33]",309.79,268,1.57,0.6
07:38:41,"[309.05, 41]","[307.1, 42]","[314.67, 9]","[341.54, 37]",311.86,129,5.62,0.29
07:38:42,"[310.0, 28]","[309.0, 28]","[313.4, 30]","[349.26, 46]",311.7,132,3.4,-0.15
07:38:43,"[308.0, 30]","[307.0, 30]","[311.09, 46]","[312.64, 14]",309.54,120,3.09,0.0
07:38:44,"[306.28, 57]","[304.5, 64]","[374.14, 28]","[458.05, 64]",340.21,213,67.86,0.14
07:38:45,"[305.25, 48]","[303.36, 112]","[404.81, 16]","[408.0, 48]",355.03,224,99.56,0.43
07:38:46,"[303.05, 132]","[267.82, 125]","[349.93, 15]","[357.95, 37]",326.49,309,46.88,0.66
07:38:47,"[303.33, 82]","[291.16, 142]","[328.86, 14]","[331.0, 42]",316.09,280,25.53,0.6
07:38:48,"[303.33, 27]","[238.85, 53]","[328.0, 5]","[331.0, 15]",315.67,100,24.67,0.6
07:38:49,"[303.05, 76]","[205.69, 70]","[327.0, 10]","[353.14, 42]",315.03,198,23.95,0.47
07:38:50,"[305.21, 28]","[303.06, 86]","[324.5, 14]","[422.58, 50]",314.86,178,19.29,0.28
07:38:51,"[311.0, 32]","[310.44, 54]","[321.33, 12]","[323.08, 12]",316.17,110,10.33,0.56
07:38:52,"[311.2, 30]","[306.57, 42]","[320.64, 11]","[322.27, 11]",315.92,94,9.44,0.53
07:38:53,"[306.06, 47]","[280.84, 64]","[319.64, 14]","[321.0, 14]",312.85,139,13.58,0.6
07:38:54,"[303.0, 87]","[236.85, 141]","[318.4, 15]","[319.87, 15]",310.7,258,15.4,0.77
07:38:55,"[305.6, 55]","[283.77, 101]","[312.68, 25]","[313.96, 23]",309.14,204,7.08,0.53
07:38:56,"[308.0, 50]","[306.0, 39]","[310.15, 27]","[345.17, 42]",309.07,158,2.15,0.13
07:38:57,"[308.0, 24]","[306.0, 24]","[309.62, 8]","[396.6, 30]",308.81,86,1.62,0.12
07:38:58,"[308.0, 33]","[306.0, 33]","[309.0, 11]","[332.0, 44]",308.5,121,1.0,0.09
07:38:59,"[307.47, 15]","[304.5, 24]","[341.27, 22]","[400.0, 28]",324.37,89,33.81,-0.12
07:39:00,"[301.43, 42]","[284.35, 17]","[408.14, 21]","[535.0, 28]",354.79,108,106.71,0.09
07:39:01,"[300.91, 22]","[286.18, 11]","[357.77, 13]","[464.06, 17]",329.34,63,56.86,0.05
07:39:02,"[306.13, 46]","[296.21, 19]","[330.04, 52]","[357.25, 16]",318.08,133,23.91,-0.02
07:39:03,"[309.0, 29]","[306.96, 25]","[329.33, 45]","[331.0, 9]",319.17,108,20.33,0.0
07:39:04,"[263.41, 22]","[241.2, 51]","[328.62, 65]","[451.91, 23]",296.01,161,65.21,-0.09
07:39:05,"[310.0, 11]","[303.0, 11]","[325.91, 55]","[336.0, 33]",317.95,110,15.91,-0.6
07:39:06,"[310.0, 7]","[303.0, 12]","[324.43, 35]","[463.0, 24]",317.21,78,14.43,-0.51
07:39:07,"[310.0, 8]","[303.33, 12]","[323.12, 40]","[430.94, 31]",316.56,91,13.12,-0.56
07:39:08,"[310.0, 10]","[304.0, 10]","[459.77, 22]","[492.5, 18]",384.89,60,149.77,-0.33
07:39:09,"[220.75, 88]","[212.25, 32]","[423.72, 36]","[423.31, 55]",322.24,211,202.97,0.14
07:39:10,"[228.79, 39]","[213.09, 47]","[335.23, 13]","[341.85, 13]",282.01,112,106.44,0.54
07:39:11,"[307.0, 40]","[246.81, 53]","[424.83, 12]","[481.5, 8]",365.92,113,117.83,0.65
07:39:12,"[307.0, 47]","[253.91, 70]","[460.2, 10]","[473.4, 10]",383.6,137,153.2,0.71
07:39:13,"[307.1, 29]","[246.17, 132]","[380.58, 19]","[392.69, 29]",343.84,209,73.48,0.54
07:39:14,"[312.0, 42]","[308.0, 42]","[341.78, 46]","[342.6, 35]",326.89,165,29.78,0.02
07:39:15,"[312.0, 33]","[308.74, 47]","[339.73, 11]","[341.0, 55]",325.86,146,27.73,0.1
07:39:16,"[312.0, 51]","[309.0, 98]","[337.08, 25]","[339.0, 74]",324.54,248,25.08,0.2
07:39:17,"[312.0, 46]","[309.0, 78]","[334.11, 45]","[336.52, 33]",323.06,202,22.11,0.23
07:39:18,"[312.0, 68]","[309.0, 102]","[332.53, 85]","[335.0, 17]",322.26,272,20.53,0.25
07:39:19,"[312.0, 20]","[309.0, 66]","[331.7, 47]","[332.89, 19]",321.85,152,19.7,0.13
07:39:20,"[312.0, 16]","[309.0, 96]","[329.58, 24]","[330.97, 72]",320.79,208,17.58,0.08
07:39:21,"[312.0, 8]","[309.0, 48]","[328.44, 16]","[329.06, 32]",320.22,104,16.44,0.08
07:39:22,"[309.86, 29]","[308.68, 68]","[325.51, 75]","[326.39, 33]",317.68,205,15.64,-0.05
07:39:23,"[308.0, 11]","[307.0, 44]","[323.42, 43]","[324.67, 45]",315.71,143,15.42,-0.23
07:39:24,"[308.0, 14]","[307.0, 56]","[322.93, 54]","[323.6, 50]",315.46,174,14.93,-0.2
07:39:25,"[308.0, 16]","[307.0, 64]","[319.47, 60]","[322.39, 36]",313.73,176,11.47,-0.09
07:39:26,"[308.0, 14]","[307.0, 56]","[316.02, 58]","[317.17, 30]",312.01,158,8.02,-0.11
07:39:27,"[305.79, 47]","[304.4, 93]","[307.41, 32]","[341.75, 24]",306.6,196,1.62,0.43
07:39:28,"[306.29, 17]","[305.0, 8]","[373.0, 12]","[527.29, 14]",339.65,51,66.71,-0.02
07:39:29,"[307.0, 27]","[305.0, 9]","[439.0, 9]","[573.11, 19]",373.0,64,132.0,0.12
07:39:30,"[307.0, 12]","[305.0, 6]","[439.0, 6]","[533.67, 30]",373.0,54,132.0,-0.33
07:39:31,"[307.0, 10]","[305.0, 10]","[429.3, 10]","[633.26, 39]",368.15,69,122.3,-0.42
07:39:32,"[304.55, 22]","[244.71, 7]","[416.43, 7]","[537.43, 7]",360.49,43,111.88,0.35
07:39:33,"[304.0, 30]","[267.6, 5]","[449.8, 5]","[624.0, 5]",376.9,45,145.8,0.56
07:39:34,"[304.0, 50]","[262.0, 9]","[540.0, 13]","[587.62, 13]",422.0,85,236.0,0.39
07:39:35,"[310.87, 31]","[305.86, 29]","[387.95, 37]","[486.05, 41]",349.41,138,77.07,-0.13
07:39:36,"[311.0, 11]","[310.0, 9]","[330.89, 45]","[458.56, 9]",320.94,74,19.89,-0.46
07:39:37,"[312.68, 57]","[310.4, 15]","[329.73, 75]","[339.0, 15]",321.21,162,17.05,-0.11
07:39:38,"[313.0, 80]","[311.0, 10]","[328.7, 50]","[361.94, 34]",320.85,174,15.7,0.03
07:39:39,"[313.0, 56]","[311.0, 7]","[327.43, 35]","[365.0, 35]",320.21,133,14.43,-0.05
07:39:40,"[313.0, 78]","[311.0, 13]","[324.49, 53]","[333.24, 29]",318.75,173,11.49,0.05
07:39:41,"[313.0, 60]","[311.0, 12]","[322.63, 30]","[323.18, 33]",317.82,135,9.63,0.07
07:39:42,"[310.76, 25]","[308.04, 186]","[319.55, 11]","[321.0, 22]",315.15,244,8.79,0.73
07:39:43,"[311.58, 36]","[308.0, 302]","[317.71, 24]","[319.23, 30]",314.65,392,6.12,0.72
07:39:44,"[308.16, 300]","[306.6, 180]","[315.66, 53]","[316.13, 52]",311.91,585,7.5,0.64
07:39:45,"[308.02, 350]","[305.64, 162]","[312.56, 43]","[319.79, 48]",310.29,603,4.54,0.7
07:39:46,"[308.0, 159]","[304.0, 88]","[309.25, 8]","[331.14, 14]",308.62,269,1.25,0.84
07:39:47,"[308.0, 116]","[304.0, 84]","[309.75, 8]","[367.36, 11]",308.88,219,1.75,0.83
07:39:48,"[308.0, 114]","[304.0, 63]","[309.0, 7]","[410.0, 7]",308.5,191,1.0,0.85
07:39:49,"[308.0, 146]","[304.0, 81]","[527.22, 36]","[564.43, 23]",417.61,286,219.22,0.59
07:39:50,"[308.0, 52]","[304.0, 63]","[379.0, 35]","[403.14, 28]",343.5,178,71.0,0.29
07:39:51,"[308.62, 48]","[306.01, 98]","[365.0, 42]","[471.57, 42]",336.81,230,56.38,0.27
07:39:52,"[308.0, 42]","[304.36, 42]","[330.0, 12]","[379.0, 30]",319.0,126,22.0,0.33
07:39:53,"[308.0, 47]","[304.22, 23]","[410.86, 29]","[652.0, 20]",359.43,119,102.86,0.18
07:39:54,"[308.0, 35]","[305.0, 8]","[505.5, 16]","[694.0, 40]",406.75,99,197.5,-0.13
07:39:55,"[308.0, 40]","[305.0, 8]","[359.93, 30]","[431.26, 19]",333.97,97,51.93,-0.01
07:39:56,"[307.14, 28]","[304.04, 75]","[357.0, 44]","[401.0, 22]",332.07,169,49.86,0.22
07:39:57,"[304.54, 52]","[302.55, 44]","[395.21, 38]","[416.65, 23]",349.87,157,90.67,0.22
07:39:58,"[311.0, 20]","[304.0, 60]","[398.4, 40]","[401.0, 20]",354.7,140,87.4,0.14
07:39:59,"[311.64, 22]","[307.48, 42]","[398.0, 44]","[565.29, 14]",354.82,122,86.36,0.05
07:40:00,"[312.0, 16]","[311.0, 16]","[398.0, 32]","[516.0, 16]",355.0,80,86.0,-0.2
07:40:01,"[312.23, 13]","[310.53, 19]","[397.9, 31]","[471.56, 18]",355.07,81,85.67,-0.21
07:40:02,"[311.0, 8]","[310.0, 24]","[394.64, 22]","[395.29, 28]",352.82,82,83.64,-0.22
07:40:03,"[308.42, 36]","[307.89, 74]","[389.94, 52]","[391.33, 61]",349.18,223,81.53,-0.01
07:40:04,"[307.0, 53]","[304.0, 48]","[386.0, 24]","[386.86, 28]",346.5,153,79.0,0.32
07:40:05,"[307.0, 54]","[304.0, 54]","[384.33, 18]","[386.0, 36]",345.67,162,77.33,0.33
07:40:06,"[307.0, 65]","[304.0, 75]","[376.8, 40]","[382.33, 30]",341.9,210,69.8,0.33
07:40:07,"[307.0, 22]","[304.0, 22]","[378.94, 16]","[380.88, 17]",342.97,77,71.94,0.14
07:40:08,"[307.0, 10]","[304.0, 21]","[378.0, 21]","[379.0, 7]",342.5,59,71.0,0.05
07:40:09,"[307.91, 33]","[305.07, 14]","[377.25, 16]","[377.89, 18]",342.58,81,69.34,0.16
07:40:10,"[308.0, 77]","[307.0, 14]","[373.94, 16]","[374.88, 25]",340.97,132,65.94,0.38
07:40:11,"[308.0, 35]","[307.0, 7]","[371.79, 19]","[372.45, 11]",339.89,72,63.79,0.17
07:40:12,"[308.0, 63]","[307.0, 12]","[335.44, 18]","[349.03, 37]",321.72,130,27.44,0.15
07:40:13,"[309.12, 58]","[307.95, 55]","[332.36, 11]","[370.56, 27]",320.74,151,23.24,0.5
07:40:14,"[310.65, 85]","[308.15, 119]","[329.25, 65]","[332.27, 49]",319.95,318,18.6,0.28
07:40:15,"[311.93, 75]","[310.0, 30]","[326.06, 71]","[328.27, 49]",318.99,225,14.12,-0.07
07:40:16,"[312.0, 60]","[310.0, 24]","[321.56, 36]","[322.91, 22]",316.78,142,9.56,0.18
07:40:17,"[312.33, 45]","[310.0, 18]","[319.44, 9]","[322.14, 35]",315.89,107,7.11,0.18
07:40:18,"[313.0, 81]","[310.0, 26]","[314.55, 60]","[316.82, 40]",313.77,207,1.55,0.03
07:40:19,"[308.94, 34]","[307.99, 239]","[313.35, 34]","[319.34, 29]",311.15,336,4.41,0.62
07:40:20,"[308.0, 258]","[307.0, 78]","[310.77, 52]","[356.0, 13]",309.38,401,2.77,0.68
07:40:21,"[308.0, 145]","[307.0, 60]","[348.76, 34]","[426.92, 13]",328.38,252,40.76,0.63
07:40:22,"[308.0, 98]","[307.0, 42]","[478.0, 28]","[530.0, 16]",393.0,184,170.0,0.52
07:40:23,"[308.0, 190]","[307.0, 84]","[397.5, 32]","[434.57, 56]",352.75,362,89.5,0.51
07:40:24,"[308.0, 143]","[307.0, 66]","[408.56, 52]","[417.64, 44]",358.28,305,100.56,0.37
07:40:25,"[309.0, 12]","[308.0, 78]","[392.23, 26]","[407.86, 28]",350.62,144,83.23,0.25
07:40:26,"[309.0, 20]","[308.0, 100]","[361.73, 44]","[408.04, 46]",335.36,210,52.73,0.14
07:40:27,"[307.8, 30]","[307.71, 21]","[322.56, 45]","[324.0, 36]",315.18,132,14.76,-0.23
07:40:28,"[307.78, 54]","[306.95, 38]","[320.38, 40]","[324.0, 32]",314.08,164,12.6,0.12
07:40:29,"[308.0, 63]","[307.0, 60]","[320.0, 50]","[405.05, 37]",314.0,210,12.0,0.17
07:40:30,"[308.0, 54]","[307.0, 54]","[319.56, 45]","[483.33, 12]",313.78,165,11.56,0.31
07:40:31,"[309.91, 23]","[307.85, 78]","[318.31, 65]","[435.31, 13]",314.11,179,8.39,0.13
07:40:32,"[312.0, 10]","[308.0, 60]","[318.0, 50]","[560.95, 22]",315.0,142,6.0,-0.01
07:40:33,"[308.67, 18]","[307.38, 48]","[316.38, 40]","[331.62, 29]",312.52,135,7.71,-0.02
07:40:34,"[308.0, 32]","[307.0, 78]","[315.76, 33]","[324.67, 60]",311.88,203,7.76,0.08
07:40:35,"[308.0, 20]","[307.0, 60]","[313.5, 10]","[316.0, 50]",310.75,140,5.5,0.14
07:40:36,"[307.0, 40]","[305.09, 170]","[312.0, 10]","[316.0, 50]",309.5,270,5.0,0.56
07:40:37,"[307.0, 52]","[306.0, 65]","[310.51, 57]","[313.9, 21]",308.75,195,3.51,0.2
07:40:38,"[307.0, 40]","[306.0, 50]","[309.39, 18]","[312.0, 10]",308.19,118,2.39,0.53
07:40:39,"[306.22, 59]","[305.11, 229]","[442.11, 45]","[502.67, 36]",374.17,369,135.89,0.56
07:40:40,"[306.38, 34]","[305.13, 148]","[466.86, 28]","[717.18, 22]",386.62,232,160.47,0.57
07:40:41,"[305.58, 102]","[304.63, 225]","[545.37, 27]","[683.94, 17]",425.47,371,239.79,0.76
07:40:42,"[309.58, 12]","[306.39, 82]","[530.65, 17]","[569.89, 19]",420.12,130,221.06,0.45
07:40:43,"[305.19, 94]","[303.13, 137]","[477.5, 10]","[512.0, 12]",391.35,253,172.31,0.83
07:40:44,"[305.0, 145]","[219.0, 9]","[415.25, 12]","[466.0, 10]",360.12,176,110.25,0.75
07:40:45,"[308.18, 22]","[305.04, 137]","[355.6, 10]","[357.0, 10]",331.89,179,47.42,0.78
07:40:46,"[309.0, 36]","[308.0, 49]","[354.0, 9]","[357.0, 9]",331.5,103,45.0,0.65
07:40:47,"[313.13, 46]","[308.97, 66]","[352.73, 15]","[357.0, 15]",332.93,142,39.6,0.58
07:40:48,"[314.0, 20]","[310.0, 40]","[351.1, 10]","[357.0, 10]",332.55,80,37.1,0.5
07:40:49,"[314.0, 28]","[310.0, 56]","[348.06, 18]","[349.81, 32]",331.03,134,34.06,0.25
07:40:50,"[314.0, 28]","[310.0, 56]","[346.77, 64]","[373.54, 39]",330.38,187,32.77,-0.1
07:40:51,"[314.0, 14]","[310.0, 28]","[344.14, 29]","[345.89, 27]",329.07,98,30.14,-0.14
07:40:52,"[314.0, 24]","[310.0, 48]","[340.51, 59]","[342.62, 42]",327.25,173,26.51,-0.17
07:40:53,"[314.0, 19]","[310.0, 72]","[336.31, 64]","[338.0, 79]",325.16,234,22.31,-0.22
07:40:54,"[314.0, 12]","[310.0, 48]","[329.25, 44]","[331.36, 33]",321.62,137,15.25,-0.12
07:40:55,"[310.21, 19]","[308.1, 81]","[324.98, 55]","[325.67, 45]",317.6,200,14.77,0.0
07:40:56,"[308.05, 75]","[307.22, 41]","[321.15, 39]","[322.68, 53]",314.6,208,13.1,0.12
07:40:57,"[310.33, 39]","[308.19, 43]","[316.61, 51]","[317.9, 42]",313.47,175,6.27,-0.06
07:40:58,"[311.24, 34]","[308.15, 74]","[313.98, 51]","[314.84, 64]",312.61,223,2.75,-0.03
07:40:59,"[310.93, 14]","[309.32, 60]","[313.03, 58]","[321.06, 64]",311.98,196,2.11,-0.24
07:41:00,"[309.0, 7]","[308.0, 35]","[311.11, 18]","[349.0, 22]",310.06,82,2.11,0.02
07:41:01,"[308.11, 9]","[306.94, 16]","[310.0, 18]","[312.0, 36]",309.06,79,1.89,-0.37
07:41:02,"[305.93, 14]","[304.46, 26]","[309.5, 16]","[461.75, 8]",307.71,64,3.57,0.25
07:41:03,"[305.0, 27]","[303.0, 36]","[365.3, 10]","[509.44, 9]",335.15,82,60.3,0.54
07:41:04,"[308.5, 12]","[304.38, 26]","[507.17, 18]","[683.14, 14]",407.83,70,198.67,0.09
07:41:05,"[312.0, 8]","[305.0, 24]","[318.75, 24]","[391.94, 18]",315.38,74,6.75,-0.14
07:41:06,"[312.0, 15]","[309.12, 17]","[316.53, 45]","[556.56, 27]",314.27,104,4.53,-0.38
07:41:07,"[312.0, 11]","[310.0, 11]","[315.27, 33]","[477.91, 11]",313.64,66,3.27,-0.33
07:41:08,"[312.0, 7]","[310.0, 7]","[314.86, 21]","[393.6, 15]",313.43,50,2.86,-0.44
07:41:09,"[312.0, 7]","[310.0, 7]","[314.0, 21]","[401.59, 17]",313.0,52,2.0,-0.46
07:41:10,"[312.0, 3]","[310.0, 3]","[314.0, 9]","[407.0, 9]",313.0,24,2.0,-0.5
07:41:11,"[308.38, 13]","[305.0, 15]","[312.38, 32]","[359.58, 36]",310.38,96,3.99,-0.42
07:41:12,"[307.5, 48]","[305.53, 15]","[310.0, 24]","[327.83, 36]",308.75,123,2.5,0.02
07:41:13,"[306.0, 160]","[305.0, 10]","[309.69, 26]","[392.96, 28]",307.85,224,3.69,0.52
07:41:14,"[306.0, 174]","[305.0, 11]","[307.08, 13]","[308.23, 13]",306.54,211,1.08,0.75
07:41:15,"[306.0, 134]","[305.0, 10]","[307.67, 12]","[552.44, 16]",306.83,172,1.67,0.67
07:41:16,"[306.09, 91]","[305.62, 24]","[371.0, 17]","[424.0, 27]",338.54,159,64.91,0.45
07:41:17,"[305.67, 46]","[304.77, 13]","[331.0, 27]","[469.68, 25]",318.34,111,25.33,0.06
07:41:18,"[306.73, 33]","[305.0, 35]","[488.09, 33]","[586.09, 33]",397.41,134,181.36,0.01
07:41:19,"[307.0, 30]","[305.0, 12]","[409.29, 28]","[430.91, 33]",358.14,103,102.29,-0.18
07:41:20,"[311.07, 14]","[309.09, 11]","[412.8, 20]","[415.0, 30]",361.94,75,101.73,-0.33
07:41:21,"[314.11, 9]","[310.18, 11]","[411.33, 18]","[413.29, 21]",362.72,59,97.22,-0.32
07:41:22,"[269.4, 20]","[252.5, 30]","[357.05, 40]","[441.79, 34]",313.23,124,87.65,-0.19
07:41:23,"[224.92, 24]","[223.0, 36]","[301.26, 46]","[318.24, 51]",263.09,157,76.34,-0.24
07:41:24,"[236.9, 20]","[203.0, 28]","[298.0, 21]","[304.0, 70]",267.45,139,61.1,-0.31
07:41:25,"[228.56, 18]","[221.28, 25]","[298.0, 18]","[303.84, 57]",263.28,118,69.44,-0.27
07:41:26,"[229.0, 26]","[152.17, 35]","[298.0, 26]","[301.0, 39]",263.5,126,69.0,-0.03
07:41:27,"[248.38, 26]","[198.62, 32]","[298.0, 31]","[301.0, 27]",273.19,116,49.62,0.0
07:41:28,"[250.0, 24]","[169.49, 37]","[300.0, 27]","[303.0, 36]",275.0,124,50.0,-0.02
07:41:29,"[170.67, 24]","[53.2, 20]","[302.94, 32]","[303.97, 93]",236.8,169,132.27,-0.48
07:41:30,"[190.86, 14]","[150.43, 14]","[303.29, 21]","[309.91, 55]",247.07,104,112.43,-0.46
07:41:31,"[209.38, 16]","[134.38, 21]","[305.0, 24]","[629.0, 8]",257.19,69,95.62,0.07
07:41:32,"[210.67, 12]","[148.0, 18]","[301.0, 19]","[323.88, 16]",255.83,65,90.33,-0.08
07:41:33,"[211.8, 20]","[68.07, 43]","[295.0, 16]","[301.45, 22]",253.4,101,83.2,0.25
07:41:34,"[215.81, 42]","[120.09, 33]","[295.0, 6]","[299.0, 6]",255.4,87,79.19,0.72
07:41:35,"[234.81, 63]","[229.67, 69]","[295.44, 9]","[299.82, 11]",265.13,152,60.63,0.74
07:41:36,"[254.53, 57]","[253.82, 84]","[301.45, 22]","[332.57, 21]",277.99,184,46.93,0.53
07:41:37,"[260.92, 48]","[260.0, 42]","[298.0, 30]","[327.84, 19]",279.46,139,37.08,0.29
07:41:38,"[263.79, 48]","[261.67, 96]","[296.0, 60]","[302.0, 24]",279.9,228,32.21,0.26
07:41:39,"[269.57, 67]","[267.38, 48]","[296.0, 60]","[301.29, 21]",282.78,196,26.43,0.17
07:41:40,"[274.78, 27]","[273.61, 23]","[296.0, 50]","[297.0, 10]",285.39,110,21.22,-0.09
07:41:41,"[279.19, 74]","[277.68, 41]","[296.0, 55]","[297.0, 11]",287.59,181,16.81,0.27
07:41:42,"[283.96, 147]","[282.32, 90]","[296.04, 57]","[298.18, 17]",290.0,311,12.08,0.52
07:41:43,"[289.43, 116]","[288.61, 122]","[299.86, 28]","[301.73, 30]",294.64,296,10.43,0.61
07:41:44,"[294.71, 45]","[293.41, 68]","[300.4, 50]","[301.29, 34]",297.56,197,5.69,0.15
07:41:45,"[297.39, 69]","[288.84, 63]","[300.62, 26]","[301.95, 21]",299.0,179,3.22,0.47
07:41:46,"[298.0, 104]","[213.77, 62]","[301.0, 13]","[343.55, 38]",299.5,217,3.0,0.53
07:41:47,"[299.0, 33]","[207.94, 64]","[301.0, 11]","[305.0, 44]",300.0,152,2.0,0.28
07:41:48,"[174.98, 47]","[108.57, 94]","[303.1, 30]","[323.52, 25]",239.04,196,128.12,0.44
07:41:49,"[129.5, 90]","[119.3, 40]","[303.2, 25]","[322.95, 20]",216.35,175,173.7,0.49
07:41:50,"[177.84, 37]","[140.2, 50]","[301.25, 32]","[304.13, 45]",239.54,164,123.41,0.06
07:41:51,"[172.56, 43]","[172.54, 57]","[302.0, 33]","[306.0, 33]",237.28,166,129.44,0.2
07:41:52,"[188.61, 36]","[178.94, 17]","[302.0, 27]","[306.0, 27]",245.31,107,113.39,-0.01
07:41:53,"[260.31, 62]","[200.93, 30]","[302.0, 10]","[306.0, 24]",281.15,126,41.69,0.46
07:41:54,"[264.16, 70]","[252.25, 32]","[302.0, 12]","[306.0, 36]",283.08,150,37.84,0.36
07:41:55,"[272.38, 66]","[269.82, 62]","[302.0, 14]","[306.0, 42]",287.19,184,29.62,0.39
07:41:56,"[274.79, 29]","[273.91, 89]","[302.0, 13]","[306.0, 39]",288.4,170,27.21,0.39
07:41:57,"[278.41, 17]","[276.22, 9]","[304.82, 17]","[307.71, 35]",291.62,78,26.41,-0.33
07:41:58,"[280.53, 66]","[279.28, 18]","[306.0, 30]","[309.0, 50]",293.27,164,25.47,0.02
07:41:59,"[284.71, 98]","[281.0, 14]","[302.45, 31]","[306.94, 48]",293.58,191,17.74,0.17
07:42:00,"[295.05, 65]","[292.75, 59]","[309.38, 39]","[359.13, 67]",302.22,230,14.34,0.08
07:42:01,"[303.17, 59]","[301.91, 67]","[375.64, 22]","[507.19, 52]",339.4,200,72.47,0.26
07:42:02,"[308.74, 35]","[305.18, 80]","[434.0, 18]","[532.0, 45]",371.37,178,125.26,0.29
07:42:03,"[310.0, 27]","[305.0, 90]","[434.0, 18]","[607.33, 45]",372.0,180,124.0,0.3
07:42:04,"[305.22, 67]","[304.17, 58]","[413.39, 33]","[625.0, 30]",359.31,188,108.17,0.33
07:42:05,"[304.79, 58]","[303.83, 46]","[435.0, 30]","[561.44, 18]",369.9,152,130.21,0.37
07:42:06,"[304.0, 102]","[204.36, 33]","[406.91, 22]","[621.0, 22]",355.45,179,102.91,0.51
07:42:07,"[304.0, 60]","[274.17, 12]","[388.33, 12]","[534.67, 15]",346.17,99,84.33,0.45
07:42:08,"[305.38, 130]","[279.21, 84]","[423.08, 26]","[518.56, 32]",364.23,272,117.69,0.57
07:42:09,"[307.1, 78]","[305.61, 102]","[540.0, 45]","[635.56, 18]",423.55,243,232.9,0.48
07:42:10,"[308.75, 32]","[307.0, 80]","[540.0, 40]","[600.0, 16]",424.38,168,231.25,0.33
07:42:11,"[309.0, 32]","[307.0, 80]","[551.12, 24]","[575.86, 22]",430.06,158,242.12,0.42
07:42:12,"[310.88, 51]","[307.7, 92]","[370.25, 20]","[566.0, 45]",340.57,208,59.37,0.38
07:42:13,"[308.45, 29]","[306.84, 83]","[400.0, 8]","[561.81, 16]",354.22,136,91.55,0.65
07:42:14,"[308.5, 120]","[307.0, 64]","[400.0, 8]","[557.59, 22]",354.25,214,91.5,0.72
07:42:15,"[309.0, 150]","[307.0, 130]","[399.4, 10]","[413.4, 10]",354.2,300,90.4,0.87
07:42:16,"[309.0, 123]","[307.0, 117]","[367.55, 11]","[388.71, 21]",338.27,272,58.55,0.76
07:42:17,"[309.0, 104]","[307.0, 104]","[343.79, 19]","[349.93, 14]",326.39,241,34.79,0.73
07:42:18,"[309.85, 169]","[307.0, 169]","[345.14, 14]","[346.08, 25]",327.49,377,35.3,0.79
07:42:19,"[310.0, 182]","[307.0, 182]","[321.21, 29]","[331.36, 33]",315.6,426,11.21,0.71
07:42:20,"[307.94, 70]","[306.6, 129]","[311.83, 29]","[319.62, 26]",309.89,254,3.88,0.57
07:42:21,"[307.16, 57]","[306.3, 111]","[311.78, 36]","[411.09, 33]",309.47,237,4.62,0.42
07:42:22,"[307.15, 117]","[306.16, 170]","[309.61, 61]","[439.97, 68]",308.38,416,2.45,0.38
07:42:23,"[307.0, 48]","[306.0, 91]","[441.71, 35]","[490.07, 27]",374.36,201,134.71,0.38
07:42:24,"[307.77, 52]","[306.5, 131]","[454.09, 76]","[470.67, 30]",380.93,289,146.32,0.27
07:42:25,"[310.78, 18]","[307.0, 54]","[398.27, 33]","[437.0, 15]",354.53,120,87.49,0.2
07:42:26,"[312.0, 14]","[307.0, 12]","[401.0, 21]","[491.0, 7]",356.5,54,89.0,-0.04
07:42:27,"[312.0, 71]","[307.0, 13]","[401.0, 39]","[509.69, 61]",356.5,184,89.0,-0.09
07:42:28,"[312.0, 110]","[307.0, 20]","[522.28, 36]","[579.95, 40]",417.14,206,210.28,0.26
07:42:29,"[312.0, 263]","[308.56, 54]","[517.36, 53]","[603.33, 39]",414.68,409,205.36,0.55
07:42:30,"[312.0, 392]","[309.0, 98]","[516.23, 35]","[579.83, 46]",414.11,571,204.23,0.72
07:42:31,"[312.0, 336]","[309.0, 84]","[448.09, 35]","[513.46, 41]",380.04,496,136.09,0.69
07:42:32,"[312.0, 277]","[309.0, 70]","[321.87, 46]","[450.33, 27]",316.93,420,9.87,0.65
07:42:33,"[312.0, 243]","[309.44, 63]","[318.8, 15]","[367.43, 21]",315.4,342,6.8,0.79
07:42:34,"[312.0, 297]","[310.0, 77]","[319.72, 29]","[335.0, 24]",315.86,427,7.72,0.75
07:42:35,"[312.0, 243]","[310.0, 63]","[319.22, 27]","[472.56, 18]",315.61,351,7.22,0.74
07:42:36,"[312.0, 269]","[310.0, 77]","[318.36, 33]","[379.32, 19]",315.18,398,6.36,0.74
07:42:37,"[312.0, 208]","[310.0, 84]","[316.83, 36]","[375.0, 42]",314.42,370,4.83,0.58
07:42:38,"[312.0, 72]","[310.0, 35]","[316.0, 15]","[371.0, 25]",314.0,147,4.0,0.46
07:42:39,"[312.0, 192]","[310.0, 112]","[315.04, 46]","[366.1, 67]",313.52,417,3.04,0.46
07:42:40,"[312.0, 77]","[310.0, 63]","[406.51, 37]","[527.13, 30]",359.26,207,94.51,0.35
07:42:41,"[312.0, 33]","[310.0, 83]","[510.36, 39]","[563.38, 37]",411.18,192,198.36,0.21
07:42:42,"[312.0, 33]","[310.0, 117]","[452.06, 17]","[458.2, 61]",382.03,228,140.06,0.32
07:42:43,"[312.0, 8]","[310.0, 72]","[428.66, 29]","[439.91, 44]",370.33,153,116.66,0.05
07:42:44,"[310.12, 68]","[309.39, 92]","[422.03, 36]","[431.36, 61]",366.07,257,111.91,0.25
07:42:45,"[310.0, 121]","[309.0, 112]","[341.88, 40]","[356.86, 71]",325.94,344,31.88,0.35
07:42:46,"[310.0, 55]","[309.0, 70]","[337.3, 40]","[339.0, 10]",323.65,175,27.3,0.43
07:42:47,"[310.62, 29]","[309.08, 76]","[332.8, 49]","[335.25, 16]",321.71,170,22.18,0.24
07:42:48,"[312.0, 30]","[310.0, 11]","[330.65, 31]","[331.95, 19]",321.32,91,18.65,-0.1
07:42:49,"[311.83, 23]","[309.44, 18]","[329.0, 40]","[330.0, 10]",320.41,91,17.17,-0.1
07:42:50,"[309.7, 10]","[308.22, 46]","[327.86, 14]","[328.15, 26]",318.78,96,18.16,0.17
07:42:51,"[309.0, 42]","[306.0, 120]","[325.3, 10]","[328.0, 40]",317.15,212,16.3,0.53
07:42:52,"[309.0, 9]","[306.0, 36]","[323.33, 3]","[328.0, 12]",316.17,60,14.33,0.5
07:42:53,"[309.57, 28]","[306.6, 60]","[327.69, 29]","[376.03, 38]",318.63,155,18.12,0.14
07:42:54,"[310.0, 28]","[309.0, 21]","[326.43, 28]","[328.0, 28]",318.21,105,16.43,-0.07
07:42:55,"[310.0, 48]","[309.0, 36]","[325.17, 48]","[326.67, 48]",317.58,180,15.17,-0.07
07:42:56,"[310.0, 20]","[309.0, 15]","[323.0, 25]","[324.2, 20]",316.5,80,13.0,-0.12
07:42:57,"[310.19, 54]","[309.2, 41]","[318.6, 48]","[319.65, 48]",314.39,191,8.42,-0.01
07:42:58,"[311.43, 44]","[310.0, 48]","[314.0, 48]","[315.3, 47]",312.72,187,2.57,-0.02
07:42:59,"[310.22, 36]","[309.1, 40]","[312.73, 44]","[314.82, 44]",311.47,164,2.51,-0.07
07:43:00,"[308.04, 23]","[306.15, 41]","[310.57, 21]","[311.57, 21]",309.31,106,2.53,0.21
07:43:01,"[306.35, 43]","[305.74, 47]","[308.67, 27]","[310.0, 27]",307.51,144,2.32,0.25
07:43:02,"[305.98, 90]","[304.98, 46]","[307.5, 48]","[326.05, 40]",306.74,224,1.52,0.21
07:43:03,"[305.0, 26]","[304.0, 13]","[306.15, 39]","[404.52, 33]",305.58,111,1.15,-0.3
07:43:04,"[303.31, 67]","[302.78, 32]","[344.41, 22]","[438.69, 26]",323.86,147,41.1,0.35
07:43:05,"[304.0, 49]","[303.58, 77]","[320.1, 10]","[332.6, 10]",312.05,146,16.1,0.73
07:43:06,"[310.0, 9]","[304.0, 81]","[318.89, 9]","[418.43, 37]",314.44,136,8.89,0.32
07:43:07,"[310.0, 10]","[304.0, 90]","[316.1, 10]","[478.06, 34]",313.05,144,6.1,0.39
07:43:08,"[307.92, 37]","[277.49, 35]","[315.64, 11]","[423.91, 43]",311.78,126,7.72,0.14
07:43:09,"[304.0, 22]","[303.0, 55]","[310.8, 20]","[415.63, 19]",307.4,116,6.8,0.33
07:43:10,"[306.82, 34]","[303.76, 21]","[313.78, 9]","[370.56, 9]",310.3,73,6.95,0.51
07:43:11,"[307.0, 36]","[303.33, 30]","[311.6, 15]","[356.67, 9]",309.3,90,4.6,0.47
07:43:12,"[307.0, 23]","[303.0, 40]","[310.75, 24]","[312.0, 8]",308.88,95,3.75,0.33
07:43:13,"[303.97, 33]","[302.45, 55]","[308.54, 39]","[371.85, 33]",306.25,160,4.57,0.1
07:43:14,"[303.05, 37]","[301.38, 26]","[390.38, 40]","[416.96, 28]",346.71,131,87.32,-0.04
07:43:15,"[304.0, 8]","[303.0, 20]","[390.0, 20]","[465.5, 20]",347.0,68,86.0,-0.18
07:43:16,"[304.0, 12]","[303.0, 30]","[318.0, 6]","[390.0, 30]",311.0,78,14.0,0.08
07:43:17,"[305.82, 44]","[303.7, 23]","[370.06, 18]","[389.81, 42]",337.94,127,64.24,0.06
07:43:18,"[306.0, 16]","[305.0, 8]","[383.11, 36]","[410.54, 26]",344.56,86,77.11,-0.44
07:43:19,"[306.0, 14]","[305.0, 7]","[372.63, 27]","[381.19, 31]",339.31,79,66.63,-0.47
07:43:20,"[306.0, 16]","[305.0, 8]","[377.44, 34]","[379.5, 30]",341.72,88,71.44,-0.45
07:43:21,"[304.37, 19]","[303.1, 20]","[368.52, 40]","[376.0, 56]",336.45,135,64.16,-0.42
07:43:22,"[196.43, 46]","[171.29, 28]","[361.54, 46]","[373.15, 52]",278.99,172,165.11,-0.14
07:43:23,"[259.25, 8]","[182.26, 19]","[368.81, 27]","[369.9, 29]",314.03,83,109.56,-0.35
07:43:24,"[261.24, 25]","[260.62, 32]","[315.78, 49]","[358.93, 30]",288.51,136,54.54,-0.16
07:43:25,"[265.2, 20]","[261.0, 50]","[295.0, 41]","[299.18, 44]",280.1,155,29.8,-0.1
07:43:26,"[271.67, 55]","[266.26, 31]","[298.27, 44]","[299.95, 38]",284.97,168,26.6,0.02
07:43:27,"[279.8, 50]","[272.46, 13]","[299.0, 21]","[301.0, 20]",289.4,104,19.2,0.21
07:43:28,"[281.77, 44]","[280.18, 50]","[298.56, 18]","[301.97, 31]",290.16,143,16.78,0.31
07:43:29,"[285.56, 48]","[283.93, 29]","[297.0, 12]","[299.52, 46]",291.28,135,11.44,0.14
07:43:30,"[288.38, 50]","[286.85, 33]","[302.76, 34]","[350.17, 36]",295.57,153,14.38,0.08
07:43:31,"[291.52, 52]","[291.35, 52]","[297.0, 64]","[303.0, 48]",294.26,216,5.48,-0.04
07:43:32,"[295.33, 49]","[293.64, 28]","[297.0, 34]","[302.86, 29]",296.16,140,1.67,0.1
07:43:33,"[296.86, 28]","[277.72, 43]","[302.37, 19]","[316.87, 15]",299.61,105,5.51,0.35
07:43:34,"[298.43, 70]","[298.17, 53]","[303.0, 42]","[326.71, 14]",300.71,179,4.57,0.37
07:43:35,"[302.19, 74]","[296.54, 79]","[309.2, 30]","[345.06, 16]",305.69,199,7.01,0.54
07:43:36,"[302.6, 40]","[262.0, 40]","[348.33, 12]","[423.5, 14]",325.47,106,45.73,0.51
07:43:37,"[306.1, 20]","[303.91, 44]","[375.5, 8]","[449.0, 16]",340.8,88,69.4,0.45
07:43:38,"[307.0, 10]","[304.0, 30]","[460.17, 12]","[511.33, 9]",383.58,61,153.17,0.31
07:43:39,"[307.38, 16]","[304.35, 34]","[464.71, 14]","[466.0, 21]",386.04,85,157.34,0.18
07:43:40,"[306.13, 46]","[304.6, 30]","[394.89, 19]","[444.64, 25]",350.51,120,88.76,0.27
07:43:41,"[307.38, 53]","[306.52, 71]","[316.94, 32]","[361.45, 22]",312.16,178,9.56,0.39
07:43:42,"[307.89, 36]","[303.0, 18]","[316.88, 16]","[400.55, 11]",312.38,81,8.99,0.33
07:43:43,"[308.45, 44]","[306.81, 42]","[315.37, 46]","[332.0, 28]",311.91,160,6.92,0.07
07:43:44,"[309.0, 40]","[307.0, 40]","[313.6, 20]","[315.0, 50]",311.3,150,4.6,0.07
07:43:45,"[309.0, 32]","[306.67, 24]","[312.29, 28]","[314.43, 28]",310.64,112,3.29,0.0
07:43:46,"[307.9, 49]","[305.22, 36]","[310.58, 31]","[364.76, 58]",309.24,174,2.68,-0.02
07:43:47,"[293.56, 25]","[297.48, 27]","[308.2, 30]","[336.32, 28]",300.88,110,14.64,-0.05
07:43:48,"[182.29, 21]","[145.75, 8]","[301.78, 9]","[307.56, 9]",242.03,47,119.49,0.23
07:43:49,"[224.0, 63]","[178.6, 10]","[297.29, 7]","[303.78, 9]",260.64,89,73.29,0.64
07:43:50,"[241.49, 53]","[220.56, 18]","[306.94, 17]","[428.77, 26]",274.22,114,65.45,0.25
07:43:51,"[303.0, 90]","[237.18, 22]","[308.0, 22]","[462.49, 37]",305.5,171,5.0,0.31
07:43:52,"[303.48, 58]","[289.44, 54]","[370.73, 33]","[469.23, 26]",337.11,171,67.24,0.31
07:43:53,"[304.47, 19]","[297.7, 46]","[349.29, 28]","[392.79, 29]",326.88,122,44.81,0.07
07:43:54,"[303.17, 54]","[257.58, 108]","[322.53, 38]","[342.86, 35]",312.85,235,19.36,0.38
07:43:55,"[303.95, 22]","[276.52, 69]","[318.27, 22]","[319.24, 25]",311.11,138,14.32,0.32
07:43:56,"[303.0, 80]","[200.11, 88]","[314.61, 33]","[315.72, 36]",308.8,237,11.61,0.42
07:43:57,"[303.0, 60]","[95.41, 80]","[310.33, 24]","[311.33, 24]",306.67,188,7.33,0.49
07:43:58,"[304.07, 54]","[275.51, 74]","[307.36, 28]","[308.64, 28]",305.72,184,3.28,0.39
07:43:59,"[206.53, 34]","[141.29, 56]","[306.0, 8]","[308.0, 16]",256.26,114,99.47,0.58
07:44:00,"[98.08, 61]","[91.51, 73]","[411.37, 38]","[574.03, 39]",254.73,211,313.29,0.27
07:44:01,"[232.2, 15]","[181.56, 61]","[437.44, 27]","[472.94, 32]",334.82,135,205.24,0.13
07:44:02,"[281.67, 6]","[100.33, 45]","[295.0, 6]","[518.71, 14]",288.33,71,13.33,0.44
07:44:03,"[183.59, 17]","[133.15, 65]","[295.0, 10]","[467.39, 38]",239.29,130,111.41,0.26
07:44:04,"[182.57, 14]","[142.02, 81]","[295.0, 11]","[421.26, 46]",238.79,152,112.43,0.25
07:44:05,"[279.0, 36]","[186.38, 37]","[295.0, 13]","[313.91, 22]",287.0,108,16.0,0.35
07:44:06,"[222.95, 38]","[199.07, 30]","[295.0, 24]","[297.0, 40]",258.97,132,72.05,0.03
07:44:07,"[207.11, 27]","[201.8, 40]","[295.0, 27]","[297.0, 45]",251.06,139,87.89,-0.04
07:44:08,"[194.57, 23]","[192.78, 74]","[296.58, 57]","[339.23, 53]",245.57,207,102.01,-0.06
07:44:09,"[206.89, 19]","[166.28, 74]","[297.0, 75]","[302.33, 15]",251.95,183,90.11,0.02
07:44:10,"[210.43, 7]","[126.27, 15]","[296.69, 32]","[299.4, 10]",253.56,64,86.26,-0.31
07:44:11,"[213.55, 11]","[212.0, 11]","[295.0, 75]","[297.0, 44]",254.27,141,81.45,-0.69
07:44:12,"[216.2, 10]","[214.1, 10]","[295.0, 100]","[297.0, 40]",255.6,160,78.8,-0.75
07:44:13,"[219.22, 9]","[217.89, 9]","[295.0, 90]","[297.0, 36]",257.11,144,75.78,-0.75
07:44:14,"[221.43, 7]","[219.43, 7]","[295.0, 70]","[297.0, 28]",258.21,112,73.57,-0.75
07:44:15,"[245.53, 15]","[245.72, 18]","[295.0, 85]","[297.0, 48]",270.27,166,49.47,-0.6
07:44:16,"[281.09, 23]","[279.52, 23]","[295.0, 65]","[297.0, 52]",288.04,163,13.91,-0.44
07:44:17,"[286.93, 14]","[286.11, 9]","[295.0, 40]","[297.0, 32]",290.96,95,8.07,-0.52
07:44:18,"[292.21, 14]","[290.57, 14]","[295.0, 56]","[297.0, 56]",293.61,140,2.79,-0.6
07:44:19,"[220.21, 19]","[163.27, 22]","[295.0, 28]","[297.0, 40]",257.61,109,74.79,-0.25
07:44:20,"[182.22, 74]","[220.12, 89]","[502.02, 48]","[511.1, 52]",342.12,263,319.8,0.24
07:44:21,"[312.0, 5]","[307.0, 50]","[429.59, 22]","[546.39, 23]",370.8,100,117.59,0.1
07:44:22,"[312.0, 8]","[309.68, 94]","[337.62, 40]","[378.86, 35]",324.81,177,25.62,0.15
07:44:23,"[310.65, 71]","[309.02, 160]","[352.28, 29]","[463.63, 60]",331.46,320,41.63,0.44
07:44:24,"[312.0, 88]","[310.0, 132]","[379.0, 11]","[471.37, 38]",345.5,269,67.0,0.64
07:44:25,"[312.0, 58]","[310.0, 96]","[377.5, 8]","[494.56, 36]",344.75,198,65.5,0.56
07:44:26,"[312.0, 42]","[310.0, 72]","[363.74, 19]","[515.11, 18]",337.87,151,51.74,0.51
07:44:27,"[312.0, 70]","[310.0, 120]","[431.6, 50]","[456.43, 49]",371.8,289,119.6,0.31
07:44:28,"[312.0, 70]","[310.0, 120]","[394.6, 50]","[406.57, 49]",353.3,289,82.6,0.31
07:44:29,"[312.0, 28]","[310.0, 84]","[394.0, 35]","[485.21, 19]",353.0,166,82.0,0.35
07:44:30,"[312.0, 40]","[310.0, 120]","[392.34, 41]","[395.15, 46]",352.17,247,80.34,0.3
07:44:31,"[312.0, 44]","[310.0, 132]","[389.09, 46]","[391.51, 53]",350.54,275,77.09,0.28
07:44:32,"[312.0, 64]","[310.0, 192]","[384.55, 65]","[386.45, 73]",348.28,394,72.55,0.3
07:44:33,"[310.5, 64]","[308.44, 100]","[383.61, 33]","[384.64, 39]",347.05,236,73.11,0.39
07:44:34,"[310.0, 156]","[307.0, 169]","[370.51, 57]","[381.55, 58]",340.25,440,60.51,0.48
07:44:35,"[310.0, 108]","[307.0, 169]","[354.34, 41]","[375.22, 51]",332.17,369,44.34,0.5
07:44:36,"[310.0, 136]","[307.31, 77]","[320.79, 76]","[322.12, 64]",315.39,353,10.79,0.21
07:44:37,"[310.0, 109]","[309.0, 14]","[316.86, 58]","[318.22, 65]",313.43,246,6.86,0.0
07:44:38,"[310.0, 61]","[309.0, 13]","[312.97, 59]","[313.96, 54]",311.48,187,2.97,-0.21
07:44:39,"[308.46, 26]","[306.96, 113]","[311.71, 34]","[313.64, 44]",310.08,217,3.24,0.28
07:44:40,"[309.31, 26]","[307.31, 78]","[311.2, 40]","[318.26, 23]",310.25,167,1.89,0.25
07:44:41,"[307.6, 63]","[306.64, 121]","[310.18, 44]","[362.44, 18]",308.89,246,2.58,0.5
07:44:42,"[307.0, 50]","[306.0, 99]","[309.67, 36]","[341.5, 24]",308.33,209,2.67,0.43
07:44:43,"[307.0, 18]","[306.0, 99]","[308.56, 36]","[309.56, 36]",307.78,189,1.56,0.24
07:44:44,"[306.3, 47]","[305.57, 56]","[308.0, 28]","[320.3, 20]",307.15,151,1.7,0.36
07:44:45,"[306.0, 99]","[304.0, 36]","[307.44, 36]","[336.09, 11]",306.72,182,1.44,0.48
07:44:46,"[306.12, 40]","[305.27, 55]","[336.0, 20]","[414.75, 16]",321.06,131,29.88,0.45
07:44:47,"[308.24, 33]","[306.17, 47]","[403.6, 20]","[457.25, 16]",355.92,116,95.36,0.38
07:44:48,"[310.0, 11]","[309.0, 18]","[436.0, 18]","[538.69, 26]",373.0,73,126.0,-0.21
07:44:49,"[310.0, 6]","[309.0, 12]","[346.0, 30]","[422.86, 14]",328.0,62,36.0,-0.42
07:44:50,"[306.89, 18]","[304.95, 42]","[346.0, 30]","[390.0, 24]",326.44,114,39.11,0.05
07:44:51,"[306.0, 54]","[304.0, 153]","[403.29, 31]","[521.57, 35]",354.65,273,97.29,0.52
07:44:52,"[306.0, 56]","[304.0, 238]","[412.03, 37]","[481.57, 35]",359.01,366,106.03,0.61
07:44:53,"[306.0, 12]","[304.0, 102]","[351.0, 18]","[409.0, 12]",328.5,144,45.0,0.58
07:44:54,"[306.0, 10]","[304.0, 170]","[348.8, 30]","[425.4, 20]",327.4,230,42.8,0.57
07:44:55,"[306.0, 54]","[304.0, 170]","[347.0, 26]","[351.78, 18]",326.5,268,41.0,0.67
07:44:56,"[305.24, 42]","[303.93, 220]","[345.08, 39]","[347.0, 13]",325.16,314,39.84,0.67
07:44:57,"[304.48, 83]","[303.66, 226]","[343.0, 45]","[347.0, 15]",323.74,369,38.52,0.67
07:44:58,"[304.8, 80]","[303.36, 135]","[341.1, 30]","[347.0, 10]",322.95,255,36.3,0.69
07:44:59,"[312.0, 22]","[304.0, 132]","[339.82, 33]","[347.0, 11]",325.91,198,27.82,0.56
07:45:00,"[312.0, 22]","[304.0, 132]","[331.72, 29]","[337.62, 21]",321.86,204,19.72,0.51
07:45:01,"[312.0, 22]","[304.19, 104]","[322.27, 33]","[325.78, 23]",317.14,182,10.27,0.38
07:45:02,"[312.0, 30]","[305.33, 144]","[317.04, 47]","[318.13, 47]",314.52,268,5.04,0.3
07:45:03,"[311.08, 26]","[308.85, 78]","[313.8, 30]","[314.87, 46]",312.44,180,2.72,0.16
07:45:04,"[309.0, 56]","[307.0, 42]","[311.77, 13]","[313.06, 17]",310.38,128,2.77,0.53
07:45:05,"[309.0, 52]","[307.0, 48]","[310.5, 22]","[312.0, 14]",309.75,136,1.5,0.47
07:45:06,"[307.33, 48]","[306.6, 40]","[309.93, 28]","[311.0, 20]",308.63,136,2.6,0.29
07:45:07,"[307.0, 30]","[306.0, 26]","[308.87, 31]","[394.36, 33]",307.94,120,1.87,-0.07
07:45:08,"[304.56, 18]","[303.82, 88]","[583.75, 24]","[592.5, 16]",444.15,146,279.19,0.45
07:45:09,"[309.21, 81]","[303.15, 211]","[581.58, 60]","[585.6, 50]",445.4,402,272.37,0.45
07:45:10,"[310.0, 70]","[303.02, 164]","[433.42, 48]","[454.14, 44]",371.71,326,123.42,0.44
07:45:11,"[310.0, 91]","[305.15, 26]","[412.97, 59]","[414.07, 59]",361.48,235,102.97,-0.0
07:45:12,"[310.0, 112]","[309.0, 32]","[409.19, 80]","[411.25, 80]",359.59,304,99.19,-0.05
07:45:13,"[310.0, 56]","[309.0, 16]","[407.0, 40]","[409.0, 40]",358.5,152,97.0,-0.05
07:45:14,"[310.0, 147]","[309.0, 42]","[346.84, 90]","[383.82, 96]",328.42,375,36.84,0.01
07:45:15,"[309.93, 60]","[308.17, 24]","[311.87, 54]","[329.08, 60]",310.9,198,1.94,-0.15
07:45:16,"[304.54, 56]","[283.66, 44]","[310.1, 50]","[361.8, 10]",307.32,160,5.56,0.25
07:45:17,"[303.15, 164]","[189.3, 135]","[309.11, 44]","[344.65, 20]",306.13,363,5.97,0.65
07:45:18,"[303.04, 146]","[266.61, 98]","[308.56, 27]","[364.86, 21]",305.8,292,5.51,0.67
07:45:19,"[303.02, 163]","[258.63, 63]","[305.94, 16]","[310.96, 25]",304.48,267,2.92,0.69
07:45:20,"[303.6, 135]","[296.45, 55]","[456.2, 15]","[412.52, 21]",379.9,226,152.6,0.68
07:45:21,"[311.4, 45]","[305.0, 54]","[513.65, 20]","[587.57, 14]",412.52,133,202.25,0.49
07:45:22,"[312.33, 54]","[306.13, 46]","[445.77, 22]","[605.15, 20]",379.05,142,133.44,0.41
07:45:23,"[307.0, 18]","[303.0, 30]","[427.0, 6]","[630.3, 10]",367.0,64,120.0,0.5
07:45:24,"[304.57, 46]","[297.91, 44]","[362.24, 17]","[453.13, 31]",333.4,138,57.67,0.3
07:45:25,"[304.36, 22]","[299.0, 32]","[446.58, 12]","[512.04, 26]",375.47,92,142.22,0.17
07:45:26,"[306.71, 14]","[304.5, 32]","[511.56, 34]","[610.16, 32]",409.14,112,204.84,-0.18
07:45:27,"[305.0, 18]","[303.0, 24]","[468.17, 18]","[661.15, 20]",386.58,80,163.17,0.05
07:45:28,"[305.0, 18]","[303.0, 24]","[414.17, 18]","[585.48, 23]",359.58,83,109.17,0.01
07:45:29,"[305.0, 27]","[303.0, 36]","[315.0, 43]","[530.73, 33]",310.0,139,10.0,-0.09
07:45:30,"[311.11, 55]","[305.44, 36]","[315.0, 38]","[542.88, 51]",313.05,180,3.89,0.01
07:45:31,"[313.0, 99]","[308.0, 22]","[363.93, 29]","[493.28, 36]",338.47,186,50.93,0.3
07:45:32,"[311.33, 54]","[306.83, 46]","[330.4, 15]","[423.91, 47]",320.87,162,19.07,0.23
07:45:33,"[306.5, 12]","[304.38, 16]","[328.0, 4]","[443.0, 12]",317.25,44,21.5,0.27
07:45:34,"[305.0, 30]","[304.0, 50]","[327.5, 10]","[443.0, 30]",316.25,120,22.5,0.33
07:45:35,"[290.11, 46]","[220.36, 74]","[324.64, 14]","[436.04, 24]",307.38,158,34.53,0.52
07:45:36,"[287.38, 13]","[224.67, 49]","[320.56, 25]","[322.8, 25]",303.97,112,33.18,0.11
07:45:37,"[304.3, 27]","[269.71, 49]","[318.59, 27]","[319.56, 18]",311.44,121,14.3,0.26
07:45:38,"[306.36, 22]","[304.0, 77]","[316.79, 29]","[317.23, 26]",311.58,154,10.43,0.29
07:45:39,"[307.87, 30]","[304.0, 105]","[314.08, 37]","[316.43, 42]",310.97,214,6.21,0.26
07:45:40,"[308.67, 24]","[304.0, 84]","[311.88, 42]","[313.0, 46]",310.27,196,3.21,0.1
07:45:41,"[304.95, 80]","[301.77, 101]","[308.83, 18]","[311.15, 39]",306.89,238,3.88,0.52
07:45:42,"[304.67, 75]","[303.04, 47]","[381.48, 33]","[419.85, 26]",343.08,181,76.82,0.35
07:45:43,"[310.0, 54]","[308.57, 35]","[463.0, 32]","[526.7, 30]",386.5,151,153.0,0.18
07:45:44,"[310.0, 33]","[309.0, 24]","[439.27, 22]","[498.33, 24]",374.64,103,129.27,0.11
07:45:45,"[310.0, 33]","[309.0, 44]","[346.27, 41]","[390.03, 35]",328.13,153,36.27,0.01
07:45:46,"[309.0, 313]","[304.0, 33]","[345.86, 42]","[490.68, 34]",327.43,422,36.86,0.64
07:45:47,"[309.0, 298]","[304.0, 24]","[345.5, 32]","[555.91, 22]",327.25,376,36.5,0.71
07:45:48,"[309.0, 420]","[304.0, 36]","[643.23, 26]","[689.89, 38]",476.12,520,334.23,0.75
07:45:49,"[309.0, 295]","[306.0, 27]","[445.0, 18]","[446.0, 36]",377.0,376,136.0,0.71
07:45:50,"[309.1, 305]","[308.49, 159]","[443.92, 26]","[519.08, 52]",376.51,542,134.82,0.71
07:45:51,"[309.0, 264]","[306.0, 24]","[442.0, 16]","[520.75, 32]",375.5,336,133.0,0.71
07:45:52,"[309.0, 319]","[306.0, 33]","[441.18, 22]","[533.0, 44]",375.09,418,132.18,0.68
07:45:53,"[309.0, 174]","[306.0, 18]","[368.62, 16]","[473.0, 20]",338.81,228,59.62,0.68
07:45:54,"[309.0, 348]","[306.06, 32]","[325.0, 24]","[326.0, 48]",317.0,452,16.0,0.68
07:45:55,"[309.0, 290]","[307.0, 10]","[325.0, 20]","[459.2, 40]",317.0,360,16.0,0.67
07:45:56,"[309.0, 406]","[307.0, 14]","[321.95, 38]","[357.73, 51]",315.47,509,12.95,0.65
07:45:57,"[309.0, 433]","[307.0, 17]","[316.73, 49]","[317.63, 43]",312.87,542,7.73,0.66
07:45:58,"[309.33, 108]","[308.98, 291]","[311.53, 30]","[312.53, 30]",310.43,459,2.2,0.74
07:45:59,"[309.0, 212]","[307.0, 9]","[310.33, 18]","[313.33, 24]",309.67,263,1.33,0.68
07:46:00,"[309.0, 172]","[307.0, 9]","[315.38, 39]","[392.61, 23]",312.19,243,6.38,0.49
07:46:01,"[310.0, 144]","[308.91, 134]","[315.0, 70]","[438.23, 35]",312.5,383,5.0,0.45
07:46:02,"[309.84, 89]","[308.7, 94]","[360.0, 28]","[550.11, 19]",334.92,230,50.16,0.59
07:46:03,"[308.19, 89]","[306.77, 39]","[367.34, 29]","[400.17, 24]",337.77,181,59.15,0.41
07:46:04,"[308.5, 28]","[307.89, 55]","[408.8, 10]","[665.96, 25]",358.65,118,100.3,0.41
07:46:05,"[310.52, 46]","[308.46, 26]","[391.0, 20]","[517.8, 30]",350.76,122,80.48,0.18
07:46:06,"[311.55, 77]","[310.4, 40]","[403.0, 40]","[464.67, 24]",357.27,181,91.45,0.29
07:46:07,"[312.0, 150]","[309.0, 26]","[403.0, 52]","[420.36, 25]",357.5,253,91.0,0.39
07:46:08,"[312.0, 77]","[309.0, 22]","[395.86, 14]","[408.02, 41]",353.93,154,83.86,0.29
07:46:09,"[312.0, 37]","[309.0, 14]","[393.0, 7]","[535.43, 28]",352.5,86,81.0,0.19
07:46:10,"[312.0, 27]","[309.0, 18]","[384.48, 23]","[566.33, 18]",348.24,86,72.48,0.05
07:46:11,"[312.0, 30]","[309.0, 20]","[391.1, 20]","[565.55, 22]",351.55,92,79.1,0.09
07:46:12,"[310.29, 21]","[307.29, 42]","[390.0, 18]","[467.6, 30]",350.14,111,79.71,0.14
07:46:13,"[308.11, 18]","[306.83, 36]","[365.0, 8]","[401.75, 16]",336.56,78,56.89,0.38
07:46:14,"[307.4, 25]","[306.4, 35]","[355.27, 22]","[387.86, 14]",331.34,96,47.87,0.25
07:46:15,"[304.67, 15]","[303.91, 22]","[354.43, 14]","[553.0, 7]",329.55,58,49.76,0.28
07:46:16,"[304.0, 50]","[303.0, 10]","[352.5, 24]","[353.31, 26]",328.25,110,48.5,0.09
07:46:17,"[304.0, 40]","[303.0, 8]","[352.0, 16]","[353.0, 24]",328.0,88,48.0,0.09
07:46:18,"[305.86, 142]","[303.96, 57]","[340.29, 35]","[350.87, 30]",323.07,264,34.43,0.51
07:46:19,"[306.0, 132]","[304.0, 55]","[340.08, 24]","[345.78, 23]",323.04,234,34.08,0.6
07:46:20,"[307.0, 24]","[306.0, 144]","[319.11, 35]","[326.57, 35]",313.06,238,12.11,0.41
07:46:21,"[306.15, 52]","[305.41, 68]","[317.09, 23]","[318.18, 17]",311.62,160,10.93,0.5
07:46:22,"[306.0, 96]","[304.0, 70]","[313.89, 36]","[314.76, 34]",309.94,236,7.89,0.41
07:46:23,"[306.0, 40]","[304.0, 24]","[307.5, 16]","[311.25, 24]",306.75,104,1.5,0.23
07:46:24,"[305.14, 21]","[303.18, 22]","[306.95, 42]","[313.27, 30]",306.05,115,1.81,-0.25
07:46:25,"[305.0, 7]","[304.0, 7]","[306.0, 9]","[307.0, 14]",305.5,37,1.0,-0.24
07:46:26,"[304.12, 8]","[303.12, 8]","[305.88, 8]","[394.78, 18]",305.0,42,1.75,-0.24
07:46:27,"[303.5, 6]","[301.5, 6]","[304.67, 6]","[398.8, 15]",304.08,33,1.17,-0.27
07:46:28,"[303.0, 12]","[300.0, 12]","[481.33, 24]","[555.09, 33]",392.17,81,178.33,-0.41
07:46:29,"[300.27, 11]","[273.87, 31]","[486.86, 37]","[506.11, 37]",393.57,116,186.59,-0.28
07:46:30,"[289.88, 8]","[272.88, 16]","[430.1, 10]","[465.12, 16]",359.99,50,140.23,-0.04
07:46:31,"[272.2, 20]","[239.53, 94]","[294.3, 23]","[327.67, 24]",283.25,161,22.1,0.42
07:46:32,"[175.69, 26]","[169.8, 122]","[294.0, 26]","[297.0, 13]",234.85,187,118.31,0.58
07:46:33,"[126.08, 100]","[135.23, 86]","[294.0, 36]","[297.0, 10]",210.04,232,167.92,0.6
07:46:34,"[222.74, 31]","[182.56, 66]","[295.06, 32]","[300.05, 21]",258.9,150,72.32,0.29
07:46:35,"[281.37, 19]","[277.79, 33]","[294.55, 44]","[296.27, 22]",287.96,118,13.18,-0.12
07:46:36,"[286.0, 33]","[285.0, 11]","[294.0, 44]","[295.0, 22]",290.0,110,8.0,-0.2
07:46:37,"[287.26, 31]","[286.0, 13]","[294.0, 44]","[295.0, 22]",290.63,110,6.74,-0.2
07:46:38,"[291.22, 27]","[289.0, 9]","[295.27, 22]","[298.82, 11]",293.25,69,4.05,0.04
07:46:39,"[294.19, 27]","[293.2, 35]","[297.19, 21]","[301.65, 23]",295.69,106,3.01,0.17
07:46:40,"[299.72, 18]","[298.71, 38]","[301.62, 24]","[327.0, 52]",300.67,132,1.9,-0.15
07:46:41,"[193.5, 28]","[146.38, 37]","[354.0, 45]","[448.12, 16]",273.75,126,160.5,0.03
07:46:42,"[267.62, 26]","[263.0, 24]","[335.0, 31]","[388.53, 30]",301.31,111,67.38,-0.1
07:46:43,"[308.95, 126]","[283.91, 23]","[538.9, 40]","[585.62, 13]",423.93,202,229.95,0.48
07:46:44,"[311.0, 144]","[308.0, 24]","[540.84, 45]","[550.87, 15]",425.92,228,229.84,0.47
07:46:45,"[311.0, 156]","[308.0, 100]","[441.92, 61]","[445.33, 18]",376.46,335,130.92,0.53
07:46:46,"[311.0, 79]","[308.0, 160]","[401.0, 46]","[429.21, 38]",356.0,323,90.0,0.48
07:46:47,"[311.0, 49]","[308.0, 14]","[325.71, 28]","[390.29, 28]",318.36,119,14.71,0.06
07:46:48,"[311.0, 63]","[308.0, 18]","[325.0, 36]","[397.19, 32]",318.0,149,14.0,0.09
07:46:49,"[311.0, 51]","[308.0, 30]","[418.73, 40]","[573.75, 48]",364.86,169,107.73,-0.04
07:46:50,"[309.12, 16]","[306.89, 27]","[541.0, 33]","[586.21, 28]",425.06,104,231.88,-0.17
07:46:51,"[308.0, 13]","[306.0, 21]","[378.59, 17]","[474.73, 11]",343.29,62,70.59,0.1
07:46:52,"[311.0, 24]","[306.08, 25]","[377.11, 27]","[439.89, 9]",344.06,85,66.11,0.15
07:46:53,"[312.0, 42]","[306.0, 21]","[377.0, 21]","[610.09, 11]",344.5,95,65.0,0.33
07:46:54,"[312.0, 24]","[306.0, 12]","[376.0, 12]","[633.0, 20]",344.0,68,64.0,0.06
07:46:55,"[312.0, 60]","[308.4, 30]","[374.72, 46]","[413.5, 34]",343.36,170,62.72,0.06
07:46:56,"[312.0, 48]","[309.0, 24]","[373.0, 24]","[374.0, 40]",342.5,136,61.0,0.06
07:46:57,"[311.69, 29]","[308.25, 36]","[372.71, 38]","[373.78, 58]",342.2,161,61.02,-0.19
07:46:58,"[302.07, 55]","[298.36, 33]","[370.43, 21]","[372.0, 35]",336.25,144,68.36,0.22
07:46:59,"[305.86, 14]","[302.31, 78]","[370.0, 42]","[372.0, 70]",337.93,204,64.14,-0.1
07:47:00,"[303.1, 39]","[301.7, 67]","[328.84, 25]","[367.74, 39]",315.97,170,25.74,0.25
07:47:01,"[304.0, 23]","[302.0, 35]","[351.21, 29]","[401.89, 19]",327.6,106,47.21,0.09
07:47:02,"[306.55, 65]","[292.63, 60]","[370.77, 64]","[460.33, 24]",338.66,213,64.21,0.17
07:47:03,"[310.0, 40]","[304.44, 59]","[364.8, 10]","[366.2, 10]",337.4,119,54.8,0.66
07:47:04,"[310.0, 40]","[308.0, 80]","[362.2, 10]","[363.4, 10]",336.1,140,52.2,0.71
07:47:05,"[310.0, 36]","[308.0, 72]","[357.38, 29]","[359.24, 25]",333.69,162,47.38,0.33
07:47:06,"[310.0, 56]","[308.0, 112]","[347.5, 58]","[351.55, 22]",328.75,248,37.5,0.35
07:47:07,"[310.0, 40]","[308.0, 80]","[335.89, 44]","[336.7, 30]",322.94,194,25.89,0.24
07:47:08,"[310.0, 52]","[308.0, 104]","[333.04, 25]","[334.31, 35]",321.52,216,23.04,0.44
07:47:09,"[310.0, 28]","[308.0, 56]","[332.0, 7]","[333.0, 21]",321.0,112,22.0,0.5
07:47:10,"[310.0, 48]","[308.0, 96]","[329.67, 30]","[331.88, 34]",319.83,208,19.67,0.38
07:47:11,"[310.47, 30]","[308.93, 60]","[327.91, 23]","[329.09, 47]",319.19,160,17.45,0.12
07:47:12,"[308.65, 34]","[307.39, 118]","[324.83, 18]","[325.1, 42]",316.74,212,16.19,0.43
07:47:13,"[307.0, 205]","[306.0, 24]","[320.9, 42]","[323.92, 26]",313.95,297,13.9,0.54
07:47:14,"[307.0, 221]","[306.0, 26]","[317.43, 47]","[318.43, 21]",312.21,315,10.43,0.57
07:47:15,"[307.0, 153]","[306.0, 18]","[314.52, 21]","[315.23, 39]",310.76,231,7.52,0.48
07:47:16,"[307.0, 128]","[306.0, 16]","[311.86, 14]","[314.88, 32]",309.43,190,4.86,0.52
07:47:17,"[307.0, 208]","[306.0, 26]","[309.39, 33]","[311.84, 43]",308.2,310,2.39,0.51
07:47:18,"[307.0, 116]","[306.0, 26]","[320.48, 56]","[382.47, 19]",313.74,217,13.48,0.31
07:47:19,"[306.95, 21]","[305.6, 10]","[325.71, 21]","[498.75, 16]",316.33,68,18.76,-0.09
07:47:20,"[310.75, 36]","[306.96, 70]","[325.0, 36]","[491.09, 53]",317.88,195,14.25,0.09
07:47:21,"[312.0, 36]","[309.14, 56]","[323.73, 33]","[390.0, 41]",317.86,166,11.73,0.11
07:47:22,"[311.5, 32]","[309.36, 88]","[322.0, 36]","[323.0, 24]",316.75,180,10.5,0.33
07:47:23,"[309.0, 121]","[307.0, 104]","[320.52, 29]","[321.33, 36]",314.76,290,11.52,0.55
07:47:24,"[307.5, 32]","[306.91, 35]","[319.14, 14]","[321.0, 21]",313.32,102,11.64,0.31
07:47:25,"[307.0, 96]","[306.0, 12]","[315.67, 27]","[318.32, 41]",311.33,176,8.67,0.23
07:47:26,"[307.0, 72]","[306.0, 9]","[313.67, 18]","[488.78, 45]",310.33,144,6.67,0.12
07:47:27,"[307.0, 66]","[306.0, 11]","[324.2, 25]","[473.1, 50]",315.6,152,17.2,0.01
07:47:28,"[307.82, 68]","[306.96, 50]","[368.42, 36]","[369.0, 35]",338.12,189,60.59,0.25
07:47:29,"[308.26, 46]","[307.14, 56]","[367.71, 21]","[368.58, 43]",337.99,166,59.45,0.23
07:47:30,"[312.0, 7]","[310.0, 49]","[363.53, 19]","[367.2, 15]",337.76,90,51.53,0.24
07:47:31,"[310.12, 51]","[308.03, 64]","[362.21, 19]","[363.04, 47]",336.16,181,52.09,0.27
07:47:32,"[309.66, 29]","[307.09, 44]","[359.76, 21]","[362.33, 33]",334.71,127,50.11,0.15
07:47:33,"[308.0, 10]","[307.0, 80]","[358.46, 46]","[359.41, 34]",333.23,170,50.46,0.06
07:47:34,"[308.0, 12]","[307.0, 69]","[355.06, 32]","[356.36, 56]",331.53,169,47.06,-0.04
07:47:35,"[308.0, 12]","[307.0, 60]","[344.94, 32]","[346.43, 44]",326.47,148,36.94,-0.03
07:47:36,"[308.0, 7]","[307.0, 38]","[315.7, 23]","[317.67, 27]",311.85,95,7.7,-0.05
07:47:37,"[308.0, 12]","[307.0, 72]","[314.75, 36]","[319.44, 16]",311.38,136,6.75,0.24
07:47:38,"[308.0, 11]","[307.0, 66]","[311.64, 25]","[313.05, 21]",309.82,123,3.64,0.25
07:47:39,"[307.16, 62]","[306.8, 45]","[309.91, 55]","[310.97, 29]",308.54,191,2.75,0.12
07:47:40,"[307.0, 29]","[306.0, 10]","[308.08, 26]","[310.29, 14]",307.54,79,1.08,-0.01
07:47:41,"[307.0, 11]","[306.0, 11]","[308.0, 33]","[554.81, 42]",307.5,97,1.0,-0.55
07:47:42,"[305.91, 47]","[304.93, 27]","[530.59, 41]","[597.37, 49]",418.25,164,224.67,-0.1
07:47:43,"[310.0, 40]","[307.0, 99]","[411.24, 33]","[510.79, 33]",360.62,205,101.24,0.36
07:47:44,"[310.0, 56]","[307.0, 154]","[390.17, 35]","[436.86, 58]",350.09,303,80.17,0.39
07:47:45,"[310.0, 20]","[307.0, 110]","[355.73, 22]","[370.64, 22]",332.86,174,45.73,0.49
07:47:46,"[307.94, 32]","[306.93, 59]","[347.25, 8]","[351.08, 13]",327.59,112,39.31,0.62
07:47:47,"[307.0, 132]","[306.0, 24]","[345.0, 23]","[347.15, 13]",326.0,192,38.0,0.62
07:47:48,"[307.0, 99]","[306.0, 18]","[337.67, 21]","[338.6, 15]",322.33,153,30.67,0.53
07:47:49,"[306.9, 101]","[304.95, 38]","[328.27, 22]","[329.66, 41]",317.59,202,21.37,0.38
07:47:50,"[306.73, 30]","[305.0, 32]","[327.0, 48]","[328.0, 12]",316.87,122,20.27,0.02
07:47:51,"[307.27, 26]","[305.77, 47]","[326.21, 56]","[326.74, 35]",316.74,164,18.95,-0.11
07:47:52,"[306.62, 32]","[304.24, 67]","[324.74, 27]","[325.42, 48]",315.68,174,18.12,0.14
07:47:53,"[309.45, 51]","[305.81, 31]","[311.86, 51]","[319.0, 36]",310.66,169,2.41,-0.03
07:47:54,"[305.76, 25]","[303.92, 36]","[319.17, 35]","[327.22, 36]",312.47,132,13.41,-0.08
07:47:55,"[304.0, 12]","[303.0, 18]","[317.0, 6]","[325.0, 24]",310.5,60,13.0,0.0
07:47:56,"[309.09, 33]","[304.94, 31]","[322.63, 27]","[327.88, 33]",315.86,124,13.54,0.03
07:47:57,"[310.0, 36]","[309.0, 36]","[323.22, 36]","[385.33, 12]",316.61,120,13.22,0.2
07:47:58,"[310.0, 56]","[308.29, 56]","[321.79, 56]","[408.27, 30]",315.89,198,11.79,0.13
07:47:59,"[310.0, 22]","[307.0, 40]","[319.2, 40]","[397.0, 40]",314.6,142,9.2,-0.13
07:48:00,"[309.37, 19]","[306.97, 33]","[316.11, 36]","[376.87, 30]",312.74,118,6.74,-0.12
07:48:01,"[307.88, 34]","[306.36, 11]","[314.5, 32]","[676.38, 32]",311.19,109,6.62,-0.17
07:48:02,"[312.0, 48]","[307.0, 32]","[313.12, 32]","[621.86, 28]",312.56,140,1.12,0.14
07:48:03,"[312.0, 32]","[307.0, 32]","[450.5, 32]","[458.5, 16]",381.25,112,138.5,0.14
07:48:04,"[309.67, 12]","[306.33, 12]","[587.91, 22]","[588.0, 4]",448.79,50,278.24,-0.04
07:48:05,"[303.8, 15]","[302.67, 9]","[580.12, 16]","[587.6, 20]",441.96,60,276.32,-0.2
07:48:06,"[303.0, 18]","[302.0, 12]","[580.0, 16]","[620.2, 10]",441.5,56,277.0,0.07
07:48:07,"[303.0, 27]","[301.2, 20]","[522.67, 18]","[625.56, 18]",412.83,83,219.67,0.13
07:48:08,"[303.0, 15]","[302.0, 30]","[395.4, 10]","[397.0, 10]",349.2,65,92.4,0.38
07:48:09,"[306.39, 54]","[303.07, 29]","[395.0, 20]","[426.4, 20]",350.69,123,88.61,0.35
07:48:10,"[307.0, 36]","[305.0, 8]","[395.0, 8]","[452.5, 8]",351.0,60,88.0,0.47
07:48:11,"[306.43, 40]","[304.56, 16]","[395.0, 24]","[472.0, 2]",350.71,82,88.57,0.37
07:48:12,"[306.5, 4]","[305.0, 4]","[395.0, 8]","[0, 0]",350.75,16,88.5,0.0
07:48:13,"[307.44, 9]","[305.0, 9]","[394.09, 22]","[394.57, 14]",350.77,54,86.65,-0.33
07:48:14,"[304.28, 32]","[303.2, 20]","[393.0, 16]","[394.0, 24]",348.64,92,88.72,0.13
07:48:15,"[304.24, 50]","[303.09, 33]","[391.22, 18]","[391.92, 25]",347.73,126,86.98,0.32
07:48:16,"[307.0, 44]","[304.0, 33]","[386.54, 26]","[387.44, 27]",346.77,130,79.54,0.18
07:48:17,"[307.0, 24]","[304.0, 18]","[383.5, 8]","[384.86, 14]",345.25,64,76.5,0.31
07:48:18,"[307.0, 36]","[304.0, 27]","[381.2, 20]","[382.32, 19]",344.1,102,74.2,0.24
07:48:19,"[307.0, 36]","[305.68, 19]","[377.48, 23]","[378.13, 23]",342.24,101,70.48,0.09
07:48:20,"[307.0, 32]","[306.0, 20]","[371.25, 16]","[372.83, 18]",339.12,86,64.25,0.21
07:48:21,"[306.82, 33]","[305.33, 27]","[340.11, 46]","[364.47, 34]",323.46,140,33.29,-0.14
07:48:22,"[307.5, 28]","[308.09, 64]","[357.08, 36]","[358.5, 36]",332.29,164,49.58,0.12
07:48:23,"[311.86, 21]","[310.24, 59]","[342.28, 54]","[346.2, 56]",327.07,190,30.42,-0.16
07:48:24,"[312.0, 20]","[310.0, 90]","[317.22, 23]","[318.45, 29]",314.61,162,5.22,0.36
07:48:25,"[309.48, 62]","[307.97, 139]","[312.21, 29]","[314.74, 27]",310.85,257,2.72,0.56
07:48:26,"[309.08, 25]","[307.16, 76]","[312.43, 21]","[325.22, 23]",310.75,145,3.35,0.39
07:48:27,"[310.0, 9]","[309.0, 27]","[313.11, 27]","[315.33, 27]",311.56,90,3.11,-0.2
07:48:28,"[309.17, 18]","[307.58, 31]","[311.83, 18]","[312.62, 24]",310.5,91,2.67,0.08
07:48:29,"[309.0, 24]","[307.0, 40]","[310.05, 22]","[311.6, 10]",309.52,96,1.05,0.33
07:48:30,"[307.11, 37]","[305.83, 12]","[454.25, 16]","[636.41, 17]",380.68,82,147.14,0.2
07:48:31,"[306.25, 16]","[304.14, 14]","[485.38, 8]","[653.19, 16]",395.81,54,179.12,0.11
07:48:32,"[272.33, 15]","[226.15, 53]","[436.71, 24]","[478.29, 21]",354.52,113,164.38,0.2
07:48:33,"[309.98, 97]","[303.14, 49]","[425.56, 18]","[426.97, 69]",367.77,233,115.58,0.25
07:48:34,"[311.0, 68]","[309.0, 20]","[402.78, 23]","[421.75, 16]",356.89,127,91.78,0.39
07:48:35,"[312.0, 60]","[309.0, 20]","[417.31, 13]","[418.38, 13]",364.65,106,105.31,0.51
07:48:36,"[312.0, 60]","[309.0, 20]","[415.3, 10]","[416.8, 10]",363.65,100,103.3,0.6
07:48:37,"[312.0, 36]","[309.0, 12]","[337.93, 15]","[351.6, 15]",324.97,78,25.93,0.23
07:48:38,"[312.0, 62]","[309.0, 24]","[333.0, 12]","[334.73, 15]",322.5,113,21.0,0.52
07:48:39,"[312.0, 12]","[309.0, 24]","[331.17, 12]","[332.42, 12]",321.58,60,19.17,0.2
07:48:40,"[305.84, 25]","[305.0, 33]","[328.0, 8]","[329.0, 8]",316.92,74,22.16,0.57
07:48:41,"[304.0, 90]","[303.0, 100]","[325.22, 18]","[326.05, 42]",314.61,250,21.22,0.52
07:48:42,"[305.58, 19]","[303.82, 55]","[323.5, 6]","[326.0, 30]",314.54,110,17.92,0.35
07:48:43,"[304.06, 100]","[303.06, 149]","[320.42, 43]","[323.87, 55]",312.24,347,16.36,0.44
07:48:44,"[308.0, 100]","[304.0, 70]","[317.13, 38]","[318.41, 34]",312.57,242,9.13,0.4
07:48:45,"[308.0, 63]","[304.0, 53]","[313.86, 35]","[315.0, 35]",310.93,186,5.86,0.25
07:48:46,"[308.0, 53]","[304.0, 96]","[312.0, 60]","[315.0, 60]",310.0,269,4.0,0.11
07:48:47,"[308.0, 20]","[304.0, 40]","[310.0, 25]","[315.0, 25]",309.0,110,2.0,0.09
07:48:48,"[304.55, 73]","[279.91, 32]","[308.76, 17]","[312.36, 45]",306.66,167,4.22,0.26
07:48:49,"[304.0, 63]","[174.59, 17]","[306.56, 9]","[308.0, 27]",305.28,116,2.56,0.38
07:48:50,"[304.0, 51]","[199.33, 81]","[305.09, 23]","[310.86, 21]",304.54,176,1.09,0.5
07:48:51,"[301.26, 31]","[203.68, 28]","[307.52, 27]","[316.5, 58]",304.39,144,6.26,-0.18
07:48:52,"[272.92, 24]","[217.17, 12]","[303.27, 33]","[305.17, 42]",288.09,111,30.36,-0.35
