Time,Bid1,Bid2,Ask1,Ask2,Mid-Price,Total_volume,Bid_ask_spread,Order_imbalance
07:30:00,"[0, 0]","[0, 0]","[628.0, 1]","[0, 0]",314.0,1,628.0,-1.0
07:30:01,"[0, 0]","[0, 0]","[364.6, 5]","[616.0, 1]",182.3,6,364.6,-1.0
07:30:02,"[126.0, 24]","[0, 0]","[142.0, 18]","[147.47, 17]",134.0,59,16.0,-0.19
07:30:03,"[126.0, 24]","[0, 0]","[142.0, 12]","[143.0, 4]",134.0,40,16.0,0.2
07:30:04,"[49.0, 2]","[0, 0]","[147.0, 4]","[148.0, 12]",98.0,18,98.0,-0.78
07:30:05,"[137.86, 14]","[89.91, 11]","[145.4, 5]","[147.86, 14]",141.63,44,7.54,0.14
07:30:06,"[137.0, 12]","[108.0, 8]","[143.0, 4]","[147.0, 4]",140.0,28,6.0,0.43
07:30:07,"[138.0, 24]","[128.08, 13]","[143.0, 5]","[147.0, 5]",140.5,47,5.0,0.57
07:30:08,"[139.5, 36]","[135.0, 18]","[146.33, 6]","[147.95, 21]",142.92,81,6.83,0.33
07:30:09,"[140.57, 56]","[136.73, 33]","[147.0, 10]","[148.0, 40]",143.79,139,6.43,0.28
07:30:10,"[141.5, 36]","[136.0, 18]","[147.5, 8]","[149.33, 24]",144.5,86,6.0,0.26
07:30:11,"[142.5, 36]","[136.0, 18]","[148.0, 12]","[151.8, 25]",145.25,91,5.5,0.19
07:30:12,"[143.0, 42]","[136.0, 21]","[147.17, 18]","[150.0, 15]",145.08,96,4.17,0.31
07:30:13,"[145.4, 48]","[140.59, 22]","[147.1, 20]","[149.88, 16]",146.25,106,1.7,0.32
07:30:14,"[146.2, 49]","[145.43, 28]","[150.14, 21]","[151.23, 39]",148.17,137,3.94,0.12
07:30:15,"[150.16, 86]","[148.92, 26]","[151.42, 57]","[206.94, 34]",150.79,203,1.26,0.1
07:30:16,"[152.08, 49]","[150.6, 15]","[286.31, 16]","[699.76, 17]",219.2,97,134.23,0.32
07:30:17,"[153.47, 64]","[151.46, 13]","[433.29, 17]","[582.92, 13]",293.38,107,279.83,0.44
07:30:18,"[155.0, 18]","[153.0, 6]","[411.2, 5]","[518.33, 6]",283.1,35,256.2,0.37
07:30:19,"[155.71, 42]","[153.0, 14]","[164.0, 7]","[432.86, 14]",159.86,77,8.29,0.45
07:30:20,"[156.0, 48]","[153.0, 16]","[161.92, 36]","[290.86, 14]",158.96,114,5.92,0.12
07:30:21,"[156.9, 60]","[153.0, 20]","[160.7, 50]","[312.0, 20]",158.8,150,3.8,0.07
07:30:22,"[157.0, 60]","[153.0, 20]","[160.0, 50]","[275.6, 25]",158.5,155,3.0,0.03
07:30:23,"[156.27, 11]","[152.9, 20]","[158.5, 50]","[199.54, 13]",157.39,94,2.23,-0.34
07:30:24,"[152.89, 18]","[151.59, 27]","[217.79, 33]","[326.77, 26]",185.34,104,64.9,-0.13
07:30:25,"[152.0, 18]","[151.0, 126]","[237.77, 13]","[284.7, 20]",194.88,177,85.77,0.63
07:30:26,"[152.9, 70]","[151.03, 126]","[203.59, 34]","[225.0, 36]",178.24,266,50.69,0.47
07:30:27,"[151.12, 95]","[150.85, 82]","[157.28, 29]","[158.22, 18]",154.2,224,6.16,0.58
07:30:28,"[151.62, 53]","[151.0, 210]","[156.0, 47]","[157.05, 38]",153.81,348,4.38,0.51
07:30:29,"[151.0, 215]","[149.03, 69]","[153.03, 35]","[181.06, 34]",152.01,353,2.03,0.61
07:30:30,"[151.0, 77]","[149.0, 42]","[625.0, 14]","[752.43, 23]",388.0,156,474.0,0.53
07:30:31,"[151.0, 99]","[149.0, 54]","[432.58, 19]","[595.84, 31]",291.79,203,281.58,0.51
07:30:32,"[151.0, 88]","[149.0, 48]","[366.0, 32]","[483.25, 16]",258.5,184,215.0,0.48
07:30:33,"[151.0, 121]","[149.0, 66]","[344.1, 20]","[362.28, 36]",247.55,243,193.1,0.54
07:30:34,"[151.13, 115]","[149.31, 71]","[275.36, 22]","[364.62, 26]",213.25,234,124.23,0.59
07:30:35,"[154.0, 15]","[151.0, 33]","[364.0, 6]","[366.0, 12]",259.0,66,210.0,0.45
07:30:36,"[154.0, 20]","[151.0, 88]","[365.45, 22]","[428.08, 26]",259.73,156,211.45,0.38
07:30:37,"[154.0, 15]","[151.0, 165]","[294.2, 30]","[335.65, 40]",224.1,250,140.2,0.44
07:30:38,"[151.11, 80]","[149.88, 75]","[238.65, 17]","[257.7, 20]",194.88,192,87.53,0.61
07:30:39,"[151.0, 100]","[149.0, 60]","[152.33, 15]","[232.6, 15]",151.67,190,1.33,0.68
07:30:40,"[151.0, 68]","[149.0, 66]","[153.0, 41]","[331.67, 21]",152.0,196,2.0,0.37
07:30:41,"[151.0, 42]","[149.0, 54]","[152.65, 46]","[175.76, 29]",151.83,171,1.65,0.12
07:30:42,"[149.69, 51]","[148.76, 118]","[153.12, 76]","[204.43, 21]",151.4,266,3.43,0.27
07:30:43,"[152.0, 14]","[151.0, 70]","[153.9, 40]","[155.33, 18]",152.95,142,1.9,0.18
07:30:44,"[153.87, 71]","[150.82, 44]","[259.5, 24]","[402.82, 22]",206.69,161,105.63,0.43
07:30:45,"[155.0, 27]","[152.55, 31]","[290.0, 21]","[472.0, 7]",222.5,86,135.0,0.35
07:30:46,"[151.63, 30]","[152.46, 26]","[290.0, 30]","[419.2, 10]",220.82,96,138.37,0.17
07:30:47,"[151.35, 17]","[150.54, 13]","[290.0, 15]","[478.0, 5]",220.68,50,138.65,0.2
07:30:48,"[158.55, 11]","[153.0, 15]","[183.91, 23]","[253.97, 29]",171.23,78,25.37,-0.33
07:30:49,"[151.68, 31]","[150.71, 41]","[335.69, 16]","[489.53, 15]",243.68,103,184.01,0.4
07:30:50,"[151.0, 36]","[148.48, 58]","[225.22, 9]","[423.0, 18]",188.11,121,74.22,0.55
07:30:51,"[152.58, 24]","[151.0, 48]","[171.82, 17]","[341.63, 19]",162.2,108,19.24,0.33
07:30:52,"[153.0, 16]","[151.0, 32]","[164.0, 16]","[269.36, 11]",158.5,75,11.0,0.28
07:30:53,"[153.0, 16]","[151.0, 42]","[164.0, 16]","[203.86, 14]",158.5,88,11.0,0.32
07:30:54,"[151.71, 28]","[150.43, 63]","[164.0, 16]","[288.12, 16]",157.86,123,12.29,0.48
07:30:55,"[151.0, 24]","[149.0, 24]","[206.75, 8]","[395.5, 8]",178.88,64,55.75,0.5
07:30:56,"[151.0, 14]","[149.0, 30]","[324.29, 7]","[431.8, 10]",237.64,61,173.29,0.44
07:30:57,"[150.23, 26]","[148.23, 78]","[193.4, 30]","[279.24, 21]",171.82,155,43.17,0.34
07:30:58,"[149.0, 35]","[147.0, 105]","[158.0, 35]","[159.0, 7]",153.5,182,9.0,0.54
07:30:59,"[149.0, 60]","[147.0, 180]","[156.83, 60]","[202.21, 28]",152.92,328,7.83,0.46
07:31:00,"[147.62, 120]","[144.08, 128]","[154.67, 60]","[244.05, 42]",151.15,350,7.04,0.42
07:31:01,"[148.43, 98]","[147.41, 68]","[153.44, 45]","[315.44, 18]",150.94,229,5.02,0.45
07:31:02,"[151.43, 42]","[145.22, 97]","[153.0, 31]","[382.71, 14]",152.21,184,1.57,0.51
07:31:03,"[147.9, 87]","[142.85, 120]","[152.91, 11]","[428.06, 34]",150.4,252,5.01,0.64
07:31:04,"[145.28, 43]","[144.15, 136]","[149.2, 15]","[197.46, 39]",147.24,233,3.92,0.54
07:31:05,"[148.43, 23]","[144.06, 87]","[150.0, 33]","[548.67, 15]",149.22,158,1.57,0.39
07:31:06,"[148.91, 32]","[143.46, 54]","[150.0, 36]","[359.09, 22]",149.45,144,1.09,0.19
07:31:07,"[142.2, 35]","[141.0, 40]","[150.0, 10]","[152.0, 10]",146.1,95,7.8,0.58
07:31:08,"[142.0, 42]","[141.0, 48]","[149.0, 12]","[152.0, 17]",145.5,119,7.0,0.51
07:31:09,"[141.28, 100]","[112.21, 89]","[147.83, 47]","[150.64, 33]",144.55,269,6.55,0.41
07:31:10,"[142.0, 18]","[141.0, 80]","[147.0, 50]","[149.0, 48]",144.5,196,5.0,0.0
07:31:11,"[142.0, 36]","[106.53, 45]","[147.0, 30]","[148.0, 12]",144.5,123,5.0,0.32
07:31:12,"[142.34, 29]","[138.52, 93]","[146.18, 55]","[148.0, 22]",144.26,199,3.84,0.23
07:31:13,"[147.33, 15]","[142.02, 83]","[169.09, 23]","[215.95, 20]",158.21,141,21.75,0.39
07:31:14,"[154.06, 34]","[149.57, 35]","[334.77, 13]","[543.19, 16]",244.41,98,180.71,0.41
07:31:15,"[154.0, 8]","[149.0, 80]","[389.12, 8]","[458.25, 8]",271.56,104,235.12,0.69
07:31:16,"[152.5, 8]","[150.8, 15]","[252.0, 14]","[428.67, 6]",202.25,43,99.5,0.07
07:31:17,"[153.91, 45]","[151.13, 31]","[234.9, 30]","[394.09, 22]",194.41,128,80.99,0.19
07:31:18,"[158.02, 61]","[153.76, 37]","[191.0, 10]","[302.1, 30]",174.51,138,32.98,0.42
07:31:19,"[159.0, 57]","[154.0, 60]","[244.22, 27]","[322.73, 37]",201.61,181,85.22,0.29
07:31:20,"[157.42, 19]","[153.87, 60]","[221.95, 19]","[286.76, 17]",189.68,115,64.53,0.37
07:31:21,"[154.0, 33]","[153.0, 33]","[239.48, 29]","[253.09, 11]",196.74,106,85.48,0.25
07:31:22,"[154.0, 27]","[153.0, 27]","[245.0, 9]","[398.27, 11]",199.5,74,91.0,0.46
07:31:23,"[154.0, 27]","[153.0, 30]","[222.0, 22]","[236.91, 22]",188.0,101,68.0,0.13
07:31:24,"[154.0, 32]","[153.0, 48]","[215.46, 24]","[217.0, 28]",184.73,132,61.46,0.21
07:31:25,"[154.0, 16]","[153.0, 24]","[211.67, 12]","[212.8, 10]",182.83,62,57.67,0.29
07:31:26,"[154.0, 28]","[153.0, 42]","[198.0, 21]","[193.53, 34]",176.0,125,44.0,0.12
07:31:27,"[154.0, 32]","[153.0, 48]","[184.75, 16]","[195.33, 45]",169.38,141,30.75,0.13
07:31:28,"[152.33, 42]","[151.38, 68]","[183.14, 21]","[196.78, 18]",167.74,149,30.81,0.48
07:31:29,"[153.86, 84]","[152.4, 40]","[180.5, 14]","[182.0, 28]",167.18,166,26.64,0.49
07:31:30,"[157.0, 55]","[154.27, 95]","[179.0, 16]","[181.87, 31]",168.0,197,22.0,0.52
07:31:31,"[154.33, 36]","[152.72, 50]","[176.64, 11]","[177.55, 11]",165.48,108,22.3,0.59
07:31:32,"[154.0, 30]","[152.0, 40]","[172.43, 28]","[172.81, 21]",163.21,119,18.43,0.18
07:31:33,"[154.0, 30]","[152.0, 40]","[167.07, 15]","[168.59, 17]",160.53,102,13.07,0.37
07:31:34,"[152.08, 73]","[151.04, 92]","[163.75, 24]","[165.25, 24]",157.92,213,11.67,0.55
07:31:35,"[151.0, 216]","[150.0, 60]","[162.62, 21]","[166.5, 20]",156.81,317,11.62,0.74
07:31:36,"[151.0, 276]","[150.0, 72]","[158.32, 25]","[160.11, 27]",154.66,400,7.32,0.74
07:31:37,"[151.05, 257]","[150.58, 158]","[155.09, 32]","[155.89, 35]",153.07,482,4.05,0.72
07:31:38,"[151.38, 125]","[150.7, 242]","[154.42, 36]","[156.07, 29]",152.9,432,3.04,0.7
07:31:39,"[151.11, 148]","[150.49, 118]","[295.91, 33]","[465.91, 35]",223.51,334,144.8,0.59
07:31:40,"[153.2, 30]","[151.08, 144]","[349.49, 41]","[567.71, 41]",251.34,256,196.29,0.36
07:31:41,"[155.0, 42]","[153.33, 18]","[330.49, 67]","[462.21, 56]",242.75,183,175.49,-0.34
07:31:42,"[154.83, 18]","[151.21, 71]","[380.67, 24]","[491.33, 24]",267.75,137,225.83,0.3
07:31:43,"[155.29, 28]","[154.13, 15]","[392.4, 50]","[527.33, 48]",273.84,141,237.11,-0.39
07:31:44,"[155.92, 26]","[154.38, 16]","[323.21, 53]","[430.62, 64]",239.57,159,167.28,-0.47
07:31:45,"[155.0, 13]","[154.0, 11]","[317.86, 42]","[418.79, 29]",236.43,95,162.86,-0.49
07:31:46,"[155.0, 9]","[154.0, 9]","[208.78, 27]","[335.0, 36]",181.89,81,53.78,-0.56
07:31:47,"[153.0, 54]","[152.0, 36]","[424.6, 30]","[580.33, 24]",288.8,144,271.6,0.25
07:31:48,"[153.0, 68]","[152.0, 48]","[425.74, 38]","[489.25, 32]",289.37,186,272.74,0.25
07:31:49,"[152.57, 14]","[151.11, 148]","[185.94, 34]","[361.0, 20]",169.26,216,33.37,0.5
07:31:50,"[152.0, 5]","[151.0, 110]","[169.0, 20]","[369.0, 10]",160.5,145,17.0,0.59
07:31:51,"[151.05, 129]","[150.5, 140]","[225.77, 52]","[552.31, 26]",188.41,347,74.72,0.55
07:31:52,"[151.04, 155]","[149.64, 59]","[527.08, 26]","[656.07, 28]",339.06,268,376.04,0.6
07:31:53,"[151.97, 74]","[150.92, 238]","[284.4, 30]","[538.81, 42]",218.19,384,132.43,0.62
07:31:54,"[151.0, 190]","[149.0, 50]","[192.0, 20]","[439.0, 20]",171.5,280,41.0,0.71
07:31:55,"[151.0, 114]","[149.0, 30]","[188.93, 14]","[222.87, 15]",169.96,173,37.93,0.66
07:31:56,"[151.23, 123]","[150.5, 101]","[186.0, 18]","[189.0, 27]",168.61,269,34.77,0.67
07:31:57,"[152.0, 91]","[151.0, 174]","[184.41, 32]","[187.55, 33]",168.2,330,32.41,0.61
07:31:58,"[152.77, 90]","[151.0, 156]","[181.23, 35]","[182.67, 30]",167.0,311,28.46,0.58
07:31:59,"[153.88, 100]","[151.43, 63]","[176.31, 32]","[177.86, 28]",165.1,223,22.43,0.46
07:32:00,"[154.57, 94]","[153.5, 48]","[175.08, 37]","[176.67, 27]",164.83,206,20.51,0.38
07:32:01,"[154.19, 31]","[153.07, 45]","[155.62, 37]","[173.54, 37]",154.91,150,1.43,0.01
07:32:02,"[152.89, 27]","[151.12, 102]","[158.41, 37]","[169.21, 19]",155.65,185,5.52,0.39
07:32:03,"[152.0, 12]","[151.0, 180]","[158.46, 37]","[160.02, 45]",155.23,274,6.46,0.4
07:32:04,"[152.0, 10]","[151.0, 150]","[155.24, 38]","[157.0, 32]",153.62,230,3.24,0.39
07:32:05,"[151.01, 135]","[149.46, 65]","[153.3, 40]","[163.51, 35]",152.15,275,2.29,0.45
07:32:06,"[151.0, 99]","[149.0, 45]","[152.0, 36]","[224.08, 24]",151.5,204,1.0,0.41
07:32:07,"[151.0, 105]","[149.0, 60]","[175.55, 44]","[274.61, 44]",163.27,253,24.55,0.3
07:32:08,"[152.2, 30]","[151.3, 61]","[326.45, 38]","[458.6, 30]",239.32,159,174.25,0.14
07:32:09,"[153.06, 18]","[151.85, 40]","[278.62, 13]","[467.0, 26]",215.84,97,125.56,0.2
07:32:10,"[153.0, 21]","[152.0, 18]","[278.67, 9]","[440.0, 12]",215.83,60,125.67,0.3
07:32:11,"[153.53, 19]","[152.4, 15]","[323.0, 10]","[549.62, 13]",238.26,57,169.47,0.19
07:32:12,"[154.0, 40]","[153.0, 24]","[264.82, 22]","[453.97, 31]",209.41,117,110.82,0.09
07:32:13,"[153.58, 38]","[152.12, 102]","[342.71, 35]","[531.32, 38]",248.15,213,189.14,0.31
07:32:14,"[154.83, 12]","[152.02, 121]","[272.11, 28]","[265.43, 49]",213.47,210,117.27,0.27
07:32:15,"[159.0, 14]","[154.43, 7]","[201.35, 23]","[203.54, 26]",180.17,70,42.35,-0.4
07:32:16,"[159.0, 16]","[157.0, 8]","[200.12, 40]","[202.0, 16]",179.56,80,41.12,-0.4
07:32:17,"[159.0, 18]","[157.0, 9]","[198.0, 39]","[199.0, 24]",178.5,90,39.0,-0.4
07:32:18,"[152.95, 83]","[151.73, 86]","[193.91, 33]","[197.27, 55]",173.43,257,40.96,0.32
07:32:19,"[152.0, 126]","[151.0, 112]","[189.62, 55]","[190.9, 41]",170.81,334,37.62,0.43
07:32:20,"[152.54, 74]","[151.48, 93]","[188.58, 43]","[189.25, 40]",170.56,250,36.04,0.34
07:32:21,"[154.0, 38]","[152.0, 99]","[186.92, 26]","[188.09, 34]",170.46,197,32.92,0.39
07:32:22,"[154.0, 10]","[152.0, 90]","[178.36, 39]","[179.54, 35]",166.18,174,24.36,0.15
07:32:23,"[154.0, 10]","[152.0, 60]","[173.4, 35]","[174.59, 37]",163.7,142,19.4,-0.01
07:32:24,"[156.0, 15]","[152.36, 33]","[169.26, 42]","[170.92, 64]",162.63,154,13.26,-0.38
07:32:25,"[159.0, 14]","[154.79, 14]","[165.88, 32]","[167.08, 38]",162.44,98,6.88,-0.43
07:32:26,"[158.0, 10]","[153.2, 20]","[162.93, 29]","[163.86, 21]",160.47,80,4.93,-0.25
07:32:27,"[152.55, 22]","[151.4, 60]","[160.78, 23]","[161.76, 25]",156.66,130,8.24,0.26
07:32:28,"[152.0, 13]","[151.0, 117]","[158.19, 32]","[159.25, 59]",155.09,221,6.19,0.18
07:32:29,"[151.55, 20]","[150.92, 103]","[154.81, 27]","[156.33, 54]",153.18,204,3.26,0.21
07:32:30,"[151.0, 64]","[149.0, 60]","[209.24, 21]","[425.37, 38]",180.12,183,58.24,0.36
07:32:31,"[151.0, 11]","[149.0, 32]","[248.0, 16]","[482.18, 34]",199.5,93,97.0,-0.08
07:32:32,"[153.75, 48]","[149.81, 27]","[246.19, 16]","[317.55, 33]",199.97,124,92.44,0.21
07:32:33,"[154.47, 15]","[153.8, 30]","[244.0, 9]","[248.0, 18]",199.23,72,89.53,0.25
07:32:34,"[155.22, 9]","[154.0, 36]","[195.7, 10]","[205.35, 17]",175.46,72,40.48,0.25
07:32:35,"[156.5, 8]","[154.0, 32]","[174.12, 8]","[352.88, 40]",165.31,88,17.62,-0.09
07:32:36,"[154.82, 22]","[151.86, 84]","[172.0, 10]","[211.8, 50]",163.41,166,17.18,0.28
07:32:37,"[154.0, 50]","[151.0, 200]","[170.05, 20]","[228.14, 22]",162.03,292,16.05,0.71
07:32:38,"[154.0, 9]","[151.09, 104]","[168.73, 11]","[169.96, 25]",161.36,149,14.73,0.52
07:32:39,"[151.1, 87]","[149.69, 39]","[166.89, 27]","[168.2, 25]",159.0,178,15.79,0.42
07:32:40,"[151.35, 157]","[150.32, 93]","[165.24, 25]","[166.53, 55]",158.3,330,13.89,0.52
07:32:41,"[151.91, 66]","[150.84, 152]","[163.45, 29]","[163.7, 23]",157.68,270,11.54,0.61
07:32:42,"[151.11, 105]","[149.76, 58]","[159.26, 27]","[160.52, 31]",155.19,221,8.14,0.48
07:32:43,"[150.85, 80]","[148.95, 39]","[155.85, 13]","[159.0, 39]",153.35,171,5.0,0.39
07:32:44,"[149.96, 23]","[148.74, 19]","[152.04, 25]","[154.64, 11]",151.0,78,2.08,0.08
07:32:45,"[149.0, 21]","[147.0, 7]","[151.24, 17]","[154.58, 19]",150.12,64,2.24,-0.12
07:32:46,"[147.39, 46]","[120.54, 13]","[149.0, 31]","[151.18, 22]",148.2,112,1.61,0.05
07:32:47,"[147.0, 32]","[113.29, 14]","[148.13, 15]","[164.0, 16]",147.57,77,1.13,0.19
07:32:48,"[147.33, 3]","[128.6, 5]","[169.0, 12]","[421.67, 15]",158.17,35,21.67,-0.54
07:32:49,"[148.94, 34]","[147.67, 6]","[172.0, 24]","[650.17, 30]",160.47,94,23.06,-0.15
07:32:50,"[149.6, 40]","[148.96, 52]","[472.5, 32]","[606.0, 40]",311.05,164,322.9,0.12
07:32:51,"[150.0, 20]","[149.0, 45]","[546.0, 20]","[606.0, 25]",348.0,110,396.0,0.18
07:32:52,"[150.43, 28]","[149.0, 63]","[168.67, 30]","[540.67, 30]",159.55,151,18.24,0.21
07:32:53,"[149.88, 64]","[139.55, 73]","[165.91, 55]","[263.62, 48]",157.89,240,16.03,0.14
07:32:54,"[149.0, 104]","[99.33, 49]","[161.0, 65]","[162.08, 65]",155.0,283,12.0,0.08
07:32:55,"[149.0, 68]","[73.25, 24]","[157.33, 30]","[159.0, 30]",153.17,152,8.33,0.21
07:32:56,"[149.08, 39]","[130.35, 31]","[155.12, 40]","[158.0, 40]",152.1,150,6.05,-0.07
07:32:57,"[150.11, 18]","[146.12, 43]","[153.42, 48]","[154.33, 60]",151.76,169,3.31,-0.28
07:32:58,"[148.1, 30]","[105.09, 33]","[151.5, 48]","[152.57, 47]",149.8,158,3.4,-0.2
07:32:59,"[147.0, 15]","[108.6, 25]","[149.88, 25]","[151.17, 24]",148.44,89,2.88,-0.1
07:33:00,"[128.35, 40]","[97.0, 40]","[147.52, 23]","[149.28, 50]",137.94,153,19.17,0.05
07:33:01,"[102.91, 33]","[62.81, 53]","[145.08, 26]","[148.91, 23]",123.99,135,42.17,0.27
07:33:02,"[67.76, 25]","[30.47, 55]","[145.0, 26]","[149.5, 8]",106.38,114,77.24,0.4
07:33:03,"[96.48, 58]","[24.26, 38]","[145.0, 12]","[150.0, 24]",120.74,132,48.52,0.45
07:33:04,"[99.0, 21]","[23.73, 48]","[145.0, 12]","[150.0, 24]",122.0,105,46.0,0.31
07:33:05,"[132.38, 32]","[63.59, 44]","[145.0, 35]","[150.0, 32]",138.69,143,12.62,0.06
07:33:06,"[106.98, 41]","[80.06, 102]","[145.0, 88]","[150.0, 48]",125.99,279,38.02,0.03
07:33:07,"[83.42, 19]","[64.33, 30]","[145.0, 25]","[148.0, 8]",114.21,82,61.58,0.2
07:33:08,"[80.63, 125]","[58.27, 67]","[144.63, 81]","[145.35, 46]",112.63,319,64.0,0.2
07:33:09,"[127.62, 32]","[123.74, 86]","[145.0, 56]","[146.0, 16]",136.31,190,17.38,0.24
07:33:10,"[139.0, 38]","[138.18, 44]","[144.91, 35]","[146.04, 23]",141.96,140,5.91,0.17
07:33:11,"[142.88, 52]","[140.22, 65]","[147.18, 55]","[187.37, 38]",145.03,210,4.3,0.11
07:33:12,"[147.0, 18]","[146.0, 81]","[148.0, 54]","[352.59, 41]",147.5,194,1.0,0.02
07:33:13,"[146.06, 94]","[140.91, 99]","[258.26, 53]","[413.53, 72]",202.16,318,112.2,0.21
07:33:14,"[146.33, 12]","[133.11, 35]","[156.44, 27]","[533.63, 27]",151.39,101,10.11,-0.07
07:33:15,"[147.75, 16]","[146.5, 16]","[514.42, 26]","[570.85, 33]",331.09,91,366.67,-0.3
07:33:16,"[149.6, 10]","[147.0, 10]","[505.0, 15]","[538.0, 20]",327.3,55,355.4,-0.27
07:33:17,"[154.45, 51]","[150.08, 37]","[329.86, 65]","[438.19, 59]",242.16,212,175.41,-0.17
07:33:18,"[160.0, 28]","[158.0, 14]","[180.53, 34]","[239.24, 29]",170.26,105,20.53,-0.2
07:33:19,"[160.0, 28]","[158.0, 14]","[264.43, 28]","[394.0, 35]",212.21,105,104.43,-0.2
07:33:20,"[160.0, 19]","[158.0, 14]","[315.0, 28]","[437.52, 29]",237.5,90,155.0,-0.27
07:33:21,"[153.44, 32]","[151.31, 90]","[287.92, 48]","[361.0, 48]",220.68,218,134.48,0.12
07:33:22,"[151.32, 66]","[150.51, 53]","[375.26, 31]","[392.33, 27]",263.29,177,223.94,0.34
07:33:23,"[151.0, 140]","[147.0, 20]","[236.73, 22]","[349.29, 28]",193.86,210,85.73,0.52
07:33:24,"[151.0, 127]","[147.0, 26]","[185.0, 39]","[346.33, 45]",168.0,237,34.0,0.29
07:33:25,"[154.0, 13]","[151.0, 123]","[184.38, 39]","[189.0, 39]",169.19,214,30.38,0.27
07:33:26,"[154.0, 13]","[151.07, 107]","[182.54, 39]","[297.83, 46]",168.27,205,28.54,0.17
07:33:27,"[151.23, 52]","[149.67, 54]","[181.23, 39]","[371.33, 42]",166.23,187,30.0,0.13
07:33:28,"[151.0, 20]","[148.14, 14]","[181.0, 15]","[295.0, 20]",166.0,69,30.0,-0.01
07:33:29,"[150.65, 46]","[148.38, 52]","[180.18, 33]","[322.56, 36]",165.42,167,29.53,0.17
07:33:30,"[151.0, 60]","[147.86, 56]","[179.5, 30]","[269.0, 36]",165.25,182,28.5,0.27
07:33:31,"[151.0, 48]","[147.0, 28]","[179.0, 24]","[279.0, 24]",165.0,124,28.0,0.23
07:33:32,"[152.0, 16]","[150.87, 62]","[178.45, 33]","[269.8, 40]",165.23,151,26.45,0.03
07:33:33,"[154.19, 16]","[151.0, 160]","[176.17, 36]","[215.24, 34]",165.18,246,21.98,0.43
07:33:34,"[152.85, 26]","[150.98, 170]","[173.65, 17]","[175.89, 35]",163.25,248,20.8,0.58
07:33:35,"[151.36, 132]","[150.81, 124]","[171.36, 42]","[174.0, 14]",161.36,312,19.99,0.64
07:33:36,"[153.45, 66]","[151.53, 90]","[169.97, 35]","[172.85, 13]",161.71,204,16.52,0.53
07:33:37,"[154.3, 50]","[152.86, 77]","[167.21, 62]","[168.76, 41]",160.75,230,12.91,0.1
07:33:38,"[154.0, 62]","[153.0, 104]","[156.98, 44]","[159.91, 46]",155.49,256,2.98,0.3
07:33:39,"[153.36, 25]","[152.46, 52]","[156.35, 17]","[161.22, 23]",154.86,117,2.99,0.32
07:33:40,"[153.0, 88]","[152.0, 154]","[156.51, 51]","[161.6, 43]",154.75,336,3.51,0.44
07:33:41,"[153.0, 125]","[152.0, 128]","[154.75, 80]","[242.5, 64]",153.88,397,1.75,0.27
07:33:42,"[153.0, 49]","[152.0, 54]","[154.0, 45]","[243.22, 36]",153.5,184,1.0,0.12
07:33:43,"[152.7, 92]","[151.26, 94]","[272.39, 44]","[344.34, 58]",212.54,288,119.69,0.29
07:33:44,"[152.0, 54]","[151.0, 73]","[203.82, 28]","[269.26, 35]",177.91,190,51.82,0.34
07:33:45,"[152.0, 62]","[151.0, 99]","[195.0, 33]","[249.78, 32]",173.5,226,43.0,0.42
07:33:46,"[152.0, 22]","[151.0, 54]","[195.0, 18]","[249.83, 18]",173.5,112,43.0,0.36
07:33:47,"[152.0, 20]","[151.0, 90]","[192.08, 26]","[231.03, 37]",172.04,173,40.08,0.27
07:33:48,"[158.36, 44]","[151.84, 38]","[194.0, 36]","[204.07, 27]",176.18,145,35.64,0.13
07:33:49,"[159.0, 40]","[154.0, 20]","[190.2, 30]","[191.89, 28]",174.6,118,31.2,0.02
07:33:50,"[153.68, 50]","[152.89, 55]","[188.5, 30]","[190.4, 30]",171.09,165,34.82,0.27
07:33:51,"[153.0, 130]","[152.0, 30]","[185.93, 45]","[188.6, 45]",169.47,250,32.93,0.28
07:33:52,"[153.0, 64]","[152.0, 32]","[183.38, 48]","[185.12, 48]",168.19,192,30.38,0.0
07:33:53,"[153.0, 44]","[152.0, 22]","[180.73, 33]","[182.91, 33]",166.86,132,27.73,0.0
07:33:54,"[154.11, 27]","[153.22, 41]","[178.02, 41]","[179.64, 33]",166.07,142,23.91,-0.04
07:33:55,"[154.8, 15]","[153.4, 53]","[176.43, 70]","[177.98, 61]",165.61,199,21.63,-0.32
07:33:56,"[154.0, 14]","[153.0, 56]","[178.36, 42]","[209.03, 62]",166.18,174,24.36,-0.2
07:33:57,"[153.15, 33]","[152.24, 83]","[176.81, 31]","[204.3, 50]",164.98,197,23.65,0.18
07:33:58,"[153.0, 52]","[152.0, 117]","[171.75, 32]","[173.73, 33]",162.38,234,18.75,0.44
07:33:59,"[153.0, 48]","[152.0, 108]","[168.92, 36]","[169.97, 29]",160.96,221,15.92,0.41
07:34:00,"[152.0, 99]","[151.0, 55]","[166.91, 33]","[167.91, 33]",159.45,220,14.91,0.4
07:34:01,"[155.04, 138]","[151.8, 157]","[162.61, 46]","[163.63, 54]",158.83,395,7.57,0.49
07:34:02,"[157.0, 62]","[151.67, 85]","[158.04, 53]","[237.42, 59]",157.52,259,1.04,0.14
07:34:03,"[151.66, 59]","[149.46, 65]","[157.58, 36]","[223.5, 60]",154.62,220,5.92,0.13
07:34:04,"[152.0, 152]","[151.0, 63]","[157.0, 45]","[216.42, 69]",154.5,329,5.0,0.31
07:34:05,"[152.9, 67]","[151.06, 35]","[157.0, 36]","[192.52, 58]",154.95,196,4.1,0.04
07:34:06,"[151.15, 40]","[149.67, 24]","[156.45, 33]","[175.0, 55]",153.8,152,5.3,-0.16
07:34:07,"[151.0, 44]","[147.0, 33]","[153.83, 41]","[181.8, 41]",152.41,159,2.83,-0.03
07:34:08,"[148.27, 22]","[132.83, 41]","[151.68, 37]","[153.29, 35]",149.97,135,3.4,-0.07
07:34:09,"[147.76, 51]","[87.9, 93]","[149.69, 29]","[151.5, 44]",148.73,217,1.92,0.33
07:34:10,"[149.0, 18]","[147.0, 18]","[171.82, 22]","[350.33, 30]",160.41,88,22.82,-0.18
07:34:11,"[146.33, 27]","[91.17, 69]","[207.0, 36]","[442.33, 45]",176.67,177,60.67,0.08
07:34:12,"[145.0, 12]","[135.18, 51]","[295.82, 17]","[554.25, 20]",220.41,100,150.82,0.26
07:34:13,"[146.73, 26]","[136.25, 108]","[157.0, 29]","[346.38, 40]",151.87,203,10.27,0.32
07:34:14,"[154.0, 45]","[144.67, 27]","[183.0, 45]","[332.89, 36]",168.5,153,29.0,-0.06
07:34:15,"[154.0, 20]","[144.0, 24]","[199.5, 40]","[240.84, 38]",176.75,122,45.5,-0.28
07:34:16,"[154.0, 10]","[144.0, 15]","[198.4, 25]","[238.0, 25]",176.2,75,44.4,-0.33
07:34:17,"[154.0, 26]","[148.71, 113]","[276.34, 58]","[467.92, 51]",215.17,248,122.34,0.12
07:34:18,"[154.0, 20]","[151.0, 20]","[243.6, 40]","[451.11, 36]",198.8,116,89.6,-0.31
07:34:19,"[155.31, 65]","[151.9, 20]","[172.4, 40]","[231.64, 44]",163.85,169,17.09,0.01
07:34:20,"[156.6, 255]","[154.0, 30]","[170.47, 60]","[182.84, 61]",163.53,406,13.87,0.4
07:34:21,"[157.0, 221]","[154.0, 26]","[166.54, 46]","[167.48, 42]",161.77,335,9.54,0.47
07:34:22,"[157.0, 221]","[154.0, 98]","[165.0, 39]","[166.0, 39]",161.0,397,8.0,0.61
07:34:23,"[157.0, 199]","[154.0, 26]","[162.29, 42]","[163.2, 41]",159.64,308,5.29,0.46
07:34:24,"[157.0, 186]","[154.0, 26]","[159.31, 39]","[161.15, 40]",158.15,291,2.31,0.46
07:34:25,"[157.13, 91]","[155.47, 43]","[162.53, 53]","[393.33, 67]",159.83,254,5.4,0.06
07:34:26,"[157.5, 40]","[156.78, 45]","[160.77, 39]","[162.13, 31]",159.13,155,3.27,0.1
07:34:27,"[157.0, 60]","[156.0, 20]","[159.76, 37]","[161.27, 33]",158.38,150,2.76,0.07
07:34:28,"[156.81, 43]","[155.43, 28]","[158.57, 42]","[190.12, 57]",157.69,170,1.76,-0.16
07:34:29,"[154.55, 22]","[153.27, 22]","[156.74, 31]","[313.19, 27]",155.64,102,2.2,-0.14
07:34:30,"[153.83, 12]","[152.82, 17]","[336.0, 30]","[410.92, 25]",244.92,84,182.17,-0.31
07:34:31,"[154.0, 7]","[153.0, 10]","[528.6, 25]","[674.0, 10]",341.3,52,374.6,-0.35
07:34:32,"[154.0, 4]","[153.0, 8]","[492.75, 8]","[552.0, 14]",323.38,34,338.75,-0.29
07:34:33,"[154.0, 9]","[153.0, 18]","[414.75, 16]","[476.33, 18]",284.38,61,260.75,-0.11
07:34:34,"[152.4, 10]","[151.33, 24]","[154.71, 7]","[412.27, 11]",153.56,52,2.31,0.31
07:34:35,"[152.0, 18]","[151.0, 45]","[154.0, 18]","[155.0, 9]",153.0,90,2.0,0.4
07:34:36,"[152.0, 16]","[151.0, 36]","[154.0, 16]","[334.38, 8]",153.0,76,2.0,0.37
07:34:37,"[151.16, 25]","[149.26, 46]","[297.5, 8]","[720.4, 10]",224.33,89,146.34,0.6
07:34:38,"[151.0, 39]","[149.0, 80]","[634.47, 15]","[716.11, 9]",392.73,143,483.47,0.66
07:34:39,"[150.0, 48]","[147.48, 89]","[635.52, 23]","[657.47, 15]",392.76,175,485.52,0.57
07:34:40,"[151.64, 36]","[150.65, 100]","[493.94, 18]","[577.33, 30]",322.79,184,342.31,0.48
07:34:41,"[152.11, 19]","[149.25, 59]","[290.33, 9]","[392.73, 11]",221.22,98,138.23,0.59
07:34:42,"[152.79, 39]","[149.0, 143]","[258.0, 15]","[272.86, 28]",205.4,225,105.21,0.62
07:34:43,"[149.93, 59]","[116.3, 71]","[339.84, 19]","[419.95, 19]",244.89,168,189.91,0.55
07:34:44,"[149.0, 120]","[80.0, 135]","[198.73, 45]","[377.03, 29]",173.87,329,49.73,0.55
07:34:45,"[149.0, 67]","[78.29, 126]","[179.05, 22]","[238.2, 30]",164.02,245,30.05,0.58
07:34:46,"[139.06, 81]","[105.26, 76]","[161.68, 22]","[162.19, 26]",150.37,205,22.62,0.53
07:34:47,"[145.64, 53]","[144.7, 81]","[159.41, 58]","[192.11, 19]",152.53,211,13.77,0.27
07:34:48,"[150.45, 38]","[146.91, 23]","[158.0, 52]","[161.0, 13]",154.22,126,7.55,-0.03
07:34:49,"[151.5, 24]","[150.78, 81]","[155.0, 46]","[197.75, 16]",153.25,167,3.5,0.26
07:34:50,"[151.92, 72]","[150.71, 70]","[159.17, 12]","[283.5, 20]",155.54,174,7.25,0.63
07:34:51,"[153.0, 84]","[151.0, 84]","[156.36, 14]","[157.5, 14]",154.68,196,3.36,0.71
07:34:52,"[153.0, 60]","[151.0, 80]","[155.0, 10]","[157.4, 10]",154.0,160,2.0,0.75
07:34:53,"[153.0, 44]","[151.0, 99]","[154.0, 9]","[163.0, 10]",153.5,162,1.0,0.77
07:34:54,"[156.84, 25]","[151.05, 79]","[304.7, 20]","[559.75, 16]",230.77,140,147.86,0.49
07:34:55,"[159.0, 64]","[153.0, 8]","[371.25, 32]","[511.0, 16]",265.12,120,212.25,0.2
07:34:56,"[159.0, 64]","[153.0, 14]","[329.55, 22]","[448.69, 26]",244.27,126,170.55,0.24
07:34:57,"[159.0, 76]","[153.0, 11]","[331.11, 36]","[371.13, 30]",245.06,153,172.11,0.14
07:34:58,"[159.0, 70]","[153.77, 35]","[292.82, 34]","[490.88, 34]",225.91,173,133.82,0.21
07:34:59,"[157.33, 36]","[153.93, 43]","[240.53, 30]","[425.75, 32]",198.93,141,83.2,0.12
07:35:00,"[154.0, 32]","[153.0, 8]","[236.0, 28]","[269.17, 18]",195.0,86,82.0,-0.07
07:35:01,"[155.58, 24]","[153.96, 25]","[306.39, 23]","[379.94, 32]",230.99,104,150.81,-0.06
07:35:02,"[157.0, 10]","[154.0, 10]","[317.0, 9]","[485.5, 16]",237.0,45,160.0,-0.11
07:35:03,"[157.0, 10]","[154.0, 10]","[316.73, 11]","[347.75, 16]",236.86,47,159.73,-0.15
07:35:04,"[156.8, 15]","[153.93, 15]","[279.0, 14]","[316.71, 14]",217.9,58,122.2,0.03
07:35:05,"[154.0, 7]","[153.0, 7]","[252.0, 28]","[420.0, 16]",203.0,58,98.0,-0.52
07:35:06,"[153.85, 13]","[152.85, 13]","[417.0, 42]","[596.22, 46]",285.42,114,263.15,-0.54
07:35:07,"[153.53, 17]","[152.27, 11]","[439.69, 49]","[621.26, 46]",296.61,123,286.16,-0.54
07:35:08,"[153.6, 10]","[152.43, 14]","[214.0, 50]","[296.3, 40]",183.8,114,60.4,-0.58
07:35:09,"[153.0, 5]","[152.0, 10]","[214.0, 25]","[352.6, 20]",183.5,60,61.0,-0.5
07:35:10,"[153.0, 9]","[152.0, 18]","[354.53, 38]","[584.44, 36]",253.76,101,201.53,-0.47
07:35:11,"[154.0, 59]","[153.0, 9]","[311.28, 43]","[452.0, 36]",232.64,147,157.28,-0.07
07:35:12,"[154.0, 33]","[152.69, 13]","[278.36, 55]","[305.12, 51]",216.18,152,124.36,-0.39
07:35:13,"[154.0, 45]","[152.75, 40]","[205.08, 60]","[218.28, 68]",179.54,213,51.08,-0.2
07:35:14,"[153.75, 40]","[152.47, 53]","[201.12, 64]","[203.59, 34]",177.44,191,47.38,-0.03
07:35:15,"[153.46, 70]","[150.38, 81]","[199.89, 56]","[201.71, 35]",176.68,242,46.44,0.25
07:35:16,"[159.0, 35]","[151.0, 42]","[197.14, 14]","[200.0, 35]",178.07,126,38.14,0.22
07:35:17,"[159.0, 55]","[158.0, 44]","[195.71, 28]","[198.54, 35]",177.36,162,36.71,0.22
07:35:18,"[159.0, 85]","[158.0, 68]","[193.13, 46]","[194.23, 39]",176.07,238,34.13,0.29
07:35:19,"[159.0, 11]","[158.0, 44]","[188.57, 49]","[188.83, 29]",173.79,133,29.57,-0.17
07:35:20,"[159.0, 12]","[158.0, 48]","[171.38, 48]","[172.31, 36]",165.19,144,12.38,-0.17
07:35:21,"[158.0, 42]","[155.7, 80]","[165.79, 56]","[167.14, 57]",161.89,235,7.79,0.04
07:35:22,"[157.59, 34]","[155.81, 80]","[161.11, 54]","[162.32, 56]",159.35,224,3.52,0.02
07:35:23,"[156.0, 40]","[151.31, 13]","[157.48, 31]","[160.81, 31]",156.74,115,1.48,-0.08
07:35:24,"[158.41, 59]","[151.38, 24]","[162.31, 42]","[163.43, 49]",160.36,174,3.9,-0.05
07:35:25,"[159.0, 30]","[152.0, 25]","[161.43, 21]","[162.83, 36]",160.21,112,2.43,-0.02
07:35:26,"[159.0, 6]","[152.0, 30]","[161.67, 15]","[167.0, 6]",160.33,57,2.67,0.26
07:35:27,"[159.0, 20]","[152.0, 72]","[160.85, 41]","[163.9, 29]",159.93,162,1.85,0.14
07:35:28,"[152.07, 58]","[151.18, 33]","[161.0, 50]","[255.9, 20]",156.53,161,8.93,0.13
07:35:29,"[153.83, 24]","[152.0, 36]","[159.67, 30]","[287.0, 30]",156.75,120,5.83,0.0
07:35:30,"[154.3, 30]","[152.0, 60]","[158.4, 50]","[176.55, 44]",156.35,184,4.1,-0.02
07:35:31,"[155.0, 30]","[152.0, 60]","[157.6, 50]","[256.69, 26]",156.3,166,2.6,0.08
07:35:32,"[152.86, 56]","[151.64, 66]","[270.38, 48]","[365.53, 57]",211.62,227,117.52,0.07
07:35:33,"[152.0, 27]","[149.67, 45]","[356.12, 16]","[393.12, 40]",254.06,128,204.12,0.12
07:35:34,"[152.7, 23]","[150.2, 60]","[269.56, 18]","[364.5, 24]",211.13,125,116.86,0.33
07:35:35,"[154.0, 16]","[152.0, 24]","[196.95, 19]","[213.52, 25]",175.47,84,42.95,-0.05
07:35:36,"[154.0, 18]","[152.0, 27]","[178.11, 18]","[289.0, 18]",166.06,81,24.11,0.11
07:35:37,"[154.0, 12]","[152.0, 38]","[178.0, 12]","[297.5, 12]",166.0,74,24.0,0.35
07:35:38,"[154.0, 22]","[152.0, 45]","[177.18, 22]","[299.0, 22]",165.59,111,23.18,0.21
07:35:39,"[153.0, 16]","[151.25, 48]","[175.62, 16]","[263.75, 16]",164.31,96,22.62,0.33
07:35:40,"[152.0, 15]","[151.0, 107]","[191.0, 22]","[364.25, 28]",171.5,172,39.0,0.42
07:35:41,"[154.29, 41]","[152.8, 111]","[212.52, 27]","[331.63, 27]",183.41,206,58.23,0.48
07:35:42,"[156.0, 30]","[152.96, 115]","[196.44, 27]","[196.51, 65]",176.22,237,40.44,0.22
07:35:43,"[156.0, 32]","[152.38, 24]","[193.95, 20]","[195.58, 76]",174.97,152,37.95,-0.26
07:35:44,"[153.58, 52]","[152.78, 54]","[185.67, 15]","[192.89, 44]",169.62,165,32.09,0.28
07:35:45,"[153.0, 66]","[152.0, 11]","[166.5, 22]","[167.26, 34]",159.75,133,13.5,0.16
07:35:46,"[153.21, 68]","[152.82, 51]","[161.94, 16]","[165.15, 40]",157.57,175,8.73,0.36
07:35:47,"[154.0, 24]","[153.0, 72]","[159.42, 12]","[163.05, 20]",156.71,128,5.42,0.5
07:35:48,"[153.52, 31]","[152.94, 51]","[156.0, 11]","[158.18, 11]",154.76,104,2.48,0.58
07:35:49,"[152.95, 38]","[151.62, 16]","[159.7, 33]","[208.23, 35]",156.32,122,6.75,-0.11
07:35:50,"[152.0, 8]","[151.0, 24]","[215.0, 8]","[297.56, 18]",183.5,58,63.0,0.1
07:35:51,"[149.23, 39]","[149.29, 21]","[215.0, 7]","[251.76, 33]",182.12,100,65.77,0.2
07:35:52,"[153.71, 34]","[148.92, 78]","[175.8, 25]","[244.5, 30]",164.75,167,22.09,0.34
07:35:53,"[152.06, 32]","[148.95, 57]","[166.0, 32]","[219.73, 11]",159.03,132,13.94,0.35
07:35:54,"[151.11, 47]","[149.83, 72]","[166.41, 44]","[214.82, 55]",158.76,218,15.3,0.09
07:35:55,"[151.24, 37]","[149.52, 63]","[165.45, 22]","[184.36, 44]",158.35,166,14.21,0.2
07:35:56,"[149.0, 100]","[148.0, 51]","[163.67, 48]","[199.04, 55]",156.33,254,14.67,0.19
07:35:57,"[153.44, 71]","[148.82, 34]","[161.53, 34]","[162.15, 26]",157.48,165,8.09,0.27
07:35:58,"[154.0, 108]","[149.0, 72]","[157.17, 48]","[158.58, 48]",155.58,276,3.17,0.3
07:35:59,"[154.0, 54]","[149.0, 70]","[155.3, 40]","[158.25, 32]",154.65,196,1.3,0.27
07:36:00,"[149.85, 54]","[142.72, 74]","[160.69, 26]","[305.1, 40]",155.27,194,10.84,0.32
07:36:01,"[148.97, 65]","[140.88, 16]","[159.21, 28]","[316.5, 28]",154.09,137,10.25,0.18
07:36:02,"[148.17, 24]","[138.62, 42]","[157.22, 41]","[158.32, 31]",152.69,138,9.05,-0.04
07:36:03,"[147.74, 27]","[128.12, 25]","[154.92, 24]","[158.0, 45]",151.33,121,7.18,-0.14
07:36:04,"[149.0, 54]","[147.0, 14]","[151.69, 16]","[156.89, 36]",150.34,120,2.69,0.13
07:36:05,"[131.13, 15]","[97.26, 23]","[149.33, 12]","[160.87, 30]",140.23,80,18.2,-0.05
07:36:06,"[93.67, 24]","[82.08, 26]","[148.33, 18]","[309.67, 21]",121.0,89,54.67,0.12
07:36:07,"[142.0, 6]","[96.5, 24]","[171.17, 12]","[346.48, 21]",156.58,63,29.17,-0.05
07:36:08,"[102.38, 16]","[96.65, 34]","[149.2, 20]","[187.2, 20]",125.79,90,46.82,0.11
07:36:09,"[101.0, 8]","[98.9, 29]","[147.57, 37]","[155.42, 19]",124.28,93,46.57,-0.2
07:36:10,"[101.92, 13]","[85.45, 40]","[143.0, 53]","[145.0, 26]",122.46,132,41.08,-0.2
07:36:11,"[108.45, 11]","[88.45, 11]","[143.0, 44]","[145.0, 22]",125.73,88,34.55,-0.5
07:36:12,"[127.67, 24]","[97.42, 12]","[143.0, 36]","[145.0, 24]",135.33,96,15.33,-0.25
07:36:13,"[118.86, 14]","[111.09, 11]","[143.0, 22]","[145.0, 22]",130.93,69,24.14,-0.28
07:36:14,"[114.25, 8]","[112.5, 8]","[142.61, 31]","[143.65, 31]",128.43,78,28.36,-0.59
07:36:15,"[118.09, 11]","[116.83, 12]","[141.0, 22]","[143.0, 77]",129.55,122,22.91,-0.62
07:36:16,"[127.39, 18]","[125.83, 18]","[143.0, 57]","[145.0, 24]",135.19,117,15.61,-0.38
07:36:17,"[132.17, 12]","[131.08, 12]","[146.0, 48]","[146.8, 30]",139.08,102,13.83,-0.53
07:36:18,"[136.73, 11]","[135.45, 11]","[145.0, 11]","[147.0, 52]",140.86,85,8.27,-0.48
07:36:19,"[141.55, 51]","[141.64, 56]","[149.29, 34]","[160.82, 56]",145.42,197,7.75,0.09
07:36:20,"[150.0, 26]","[142.61, 41]","[191.75, 24]","[260.94, 35]",170.88,126,41.75,0.06
07:36:21,"[154.26, 69]","[152.6, 52]","[199.67, 27]","[252.09, 33]",176.96,181,45.41,0.34
07:36:22,"[157.0, 28]","[154.0, 55]","[333.77, 26]","[570.73, 30]",245.38,139,176.77,0.19
07:36:23,"[157.0, 7]","[154.0, 42]","[382.0, 14]","[549.0, 24]",269.5,87,225.0,0.13
07:36:24,"[157.0, 8]","[154.0, 48]","[320.17, 18]","[398.05, 19]",238.58,93,163.17,0.2
07:36:25,"[157.0, 12]","[154.0, 72]","[201.04, 46]","[204.17, 23]",179.02,153,44.04,0.1
07:36:26,"[157.0, 8]","[154.0, 48]","[199.33, 39]","[201.07, 30]",178.17,125,42.33,-0.1
07:36:27,"[154.08, 36]","[153.46, 13]","[193.81, 32]","[195.06, 32]",173.95,113,39.73,-0.13
07:36:28,"[153.42, 52]","[151.75, 24]","[190.4, 47]","[192.2, 35]",171.91,158,36.98,-0.04
07:36:29,"[152.0, 33]","[151.0, 33]","[186.29, 51]","[187.5, 32]",169.15,149,34.29,-0.11
07:36:30,"[155.83, 35]","[148.0, 22]","[182.38, 42]","[184.0, 53]",169.1,152,26.55,-0.25
07:36:31,"[159.0, 21]","[151.0, 12]","[170.77, 26]","[178.42, 24]",164.88,83,11.77,-0.2
07:36:32,"[159.0, 36]","[151.25, 24]","[176.79, 52]","[178.42, 38]",167.89,150,17.79,-0.2
07:36:33,"[159.0, 26]","[156.09, 11]","[172.59, 32]","[174.24, 42]",165.8,111,13.59,-0.33
07:36:34,"[159.0, 9]","[157.0, 9]","[168.8, 40]","[169.79, 34]",163.9,92,9.8,-0.61
07:36:35,"[154.5, 14]","[151.94, 32]","[165.5, 48]","[166.48, 62]",160.0,156,11.0,-0.41
07:36:36,"[151.61, 18]","[149.92, 24]","[163.51, 61]","[164.22, 65]",157.56,168,11.9,-0.5
07:36:37,"[151.71, 14]","[149.15, 13]","[157.58, 50]","[158.24, 51]",154.65,128,5.87,-0.58
07:36:38,"[151.0, 15]","[149.0, 15]","[155.15, 46]","[156.72, 60]",153.08,136,4.15,-0.56
07:36:39,"[148.2, 10]","[128.0, 12]","[149.76, 17]","[151.15, 13]",148.98,52,1.56,-0.15
07:36:40,"[115.21, 62]","[81.82, 22]","[145.08, 25]","[147.0, 14]",130.14,123,29.87,0.37
07:36:41,"[125.11, 38]","[76.71, 42]","[139.0, 46]","[143.0, 48]",132.05,174,13.89,-0.08
07:36:42,"[132.4, 10]","[45.61, 23]","[181.95, 39]","[265.87, 39]",157.17,111,49.55,-0.41
07:36:43,"[131.27, 11]","[91.64, 44]","[190.82, 55]","[336.36, 44]",161.05,154,59.55,-0.29
07:36:44,"[128.18, 11]","[97.25, 44]","[159.85, 39]","[206.17, 46]",144.01,140,31.66,-0.21
07:36:45,"[127.0, 7]","[125.0, 7]","[144.6, 15]","[179.58, 33]",135.8,62,17.6,-0.55
07:36:46,"[128.33, 9]","[126.11, 9]","[145.35, 37]","[181.4, 25]",136.84,80,17.02,-0.55
07:36:47,"[132.73, 15]","[131.87, 15]","[144.34, 53]","[145.13, 30]",138.54,113,11.61,-0.47
07:36:48,"[136.0, 9]","[134.49, 39]","[142.06, 35]","[143.24, 21]",139.03,104,6.06,-0.08
07:36:49,"[136.23, 13]","[130.0, 13]","[140.31, 16]","[141.88, 32]",138.27,74,4.08,-0.3
07:36:50,"[137.0, 4]","[130.0, 4]","[140.0, 4]","[142.33, 9]",138.5,21,3.0,-0.24
07:36:51,"[137.33, 9]","[101.53, 15]","[143.89, 9]","[206.23, 13]",140.61,46,6.56,0.04
07:36:52,"[137.8, 10]","[62.38, 50]","[145.2, 30]","[147.0, 10]",141.5,100,7.4,0.2
07:36:53,"[139.67, 6]","[21.0, 42]","[145.0, 18]","[147.0, 6]",142.33,72,5.33,0.33
07:36:54,"[116.97, 39]","[57.75, 56]","[145.0, 27]","[147.0, 9]",130.99,131,28.03,0.45
07:36:55,"[79.93, 54]","[44.91, 66]","[145.0, 27]","[147.0, 10]",112.46,157,65.07,0.53
07:36:56,"[53.0, 30]","[34.0, 42]","[142.35, 17]","[145.18, 11]",97.68,100,89.35,0.44
07:36:57,"[80.61, 59]","[52.46, 67]","[142.0, 33]","[145.0, 22]",111.31,181,61.39,0.39
07:36:58,"[107.38, 16]","[106.71, 17]","[143.3, 23]","[157.06, 17]",125.34,73,35.93,-0.1
07:36:59,"[110.33, 12]","[109.17, 12]","[153.62, 8]","[231.3, 10]",131.98,42,43.29,0.14
07:37:00,"[147.59, 51]","[129.2, 25]","[155.0, 9]","[218.0, 27]",151.29,112,7.41,0.36
07:37:01,"[149.43, 28]","[145.8, 46]","[244.47, 17]","[332.0, 33]",196.95,124,95.04,0.19
07:37:02,"[150.7, 20]","[149.0, 10]","[239.82, 17]","[514.08, 24]",195.26,71,89.12,-0.15
07:37:03,"[151.71, 14]","[150.67, 12]","[221.0, 14]","[411.0, 7]",186.36,47,69.29,0.11
07:37:04,"[152.08, 38]","[151.04, 50]","[228.6, 25]","[472.4, 15]",190.34,128,76.52,0.38
07:37:05,"[151.09, 23]","[150.38, 13]","[405.4, 5]","[718.0, 15]",278.24,56,254.31,0.29
07:37:06,"[151.0, 32]","[149.0, 8]","[305.27, 11]","[401.05, 19]",228.14,70,154.27,0.14
07:37:07,"[151.0, 28]","[149.0, 7]","[396.67, 15]","[502.92, 25]",273.83,75,245.67,-0.07
07:37:08,"[151.0, 24]","[149.0, 6]","[431.15, 20]","[556.68, 28]",291.07,78,280.15,-0.23
07:37:09,"[151.0, 31]","[149.0, 9]","[356.0, 45]","[468.29, 35]",253.5,120,205.0,-0.33
07:37:10,"[151.07, 30]","[149.62, 13]","[294.5, 40]","[392.55, 47]",222.78,130,143.43,-0.34
07:37:11,"[150.0, 24]","[148.76, 25]","[344.0, 30]","[526.33, 12]",247.0,91,194.0,0.08
07:37:12,"[150.36, 33]","[148.6, 30]","[277.0, 35]","[381.76, 17]",213.68,115,126.64,0.1
07:37:13,"[154.0, 35]","[149.0, 22]","[256.95, 41]","[268.47, 45]",205.48,143,102.95,-0.2
07:37:14,"[156.0, 114]","[154.0, 38]","[196.68, 53]","[211.69, 61]",176.34,266,40.68,0.14
07:37:15,"[156.0, 60]","[154.0, 24]","[161.96, 46]","[162.85, 26]",158.98,156,5.96,0.08
07:37:16,"[156.0, 50]","[154.0, 26]","[159.12, 32]","[161.87, 47]",157.56,155,3.12,-0.02
07:37:17,"[154.6, 20]","[151.31, 13]","[161.31, 32]","[325.08, 26]",157.96,91,6.71,-0.27
07:37:18,"[154.0, 36]","[149.0, 6]","[162.33, 12]","[164.0, 18]",158.17,72,8.33,0.17
07:37:19,"[154.0, 112]","[151.25, 8]","[161.62, 16]","[164.0, 24]",157.81,160,7.62,0.5
07:37:20,"[154.0, 168]","[152.0, 12]","[157.91, 32]","[159.3, 30]",155.95,242,3.91,0.49
07:37:21,"[154.0, 158]","[152.0, 12]","[156.94, 35]","[238.94, 34]",155.47,239,2.94,0.42
07:37:22,"[154.39, 102]","[153.91, 138]","[156.81, 48]","[323.08, 60]",155.6,348,2.42,0.38
07:37:23,"[154.0, 92]","[152.0, 7]","[155.14, 21]","[338.29, 35]",154.57,155,1.14,0.28
07:37:24,"[154.0, 99]","[152.0, 9]","[155.0, 27]","[328.33, 45]",154.5,180,1.0,0.2
07:37:25,"[154.0, 110]","[152.0, 10]","[155.0, 30]","[301.39, 41]",154.5,191,1.0,0.26
07:37:26,"[154.0, 98]","[152.0, 10]","[195.92, 38]","[268.6, 50]",174.96,196,41.92,0.1
07:37:27,"[154.0, 104]","[152.69, 29]","[227.77, 65]","[343.32, 50]",190.88,248,73.77,0.07
07:37:28,"[155.32, 82]","[152.84, 19]","[230.29, 35]","[290.84, 31]",192.8,167,74.97,0.21
07:37:29,"[160.0, 211]","[154.0, 96]","[211.0, 60]","[294.14, 29]",185.5,396,51.0,0.55
07:37:30,"[160.0, 100]","[154.0, 80]","[334.77, 44]","[465.4, 20]",247.39,244,174.77,0.48
07:37:31,"[160.0, 40]","[154.0, 40]","[461.2, 10]","[493.8, 10]",310.6,100,301.2,0.6
07:37:32,"[160.0, 64]","[154.0, 64]","[502.09, 22]","[567.41, 29]",331.05,179,342.09,0.43
07:37:33,"[160.0, 112]","[154.57, 56]","[296.0, 50]","[374.27, 52]",228.0,270,136.0,0.24
07:37:34,"[160.0, 52]","[158.0, 9]","[267.52, 29]","[268.52, 31]",213.76,121,107.52,0.01
07:37:35,"[160.0, 60]","[158.0, 15]","[264.84, 19]","[265.84, 43]",212.42,137,104.84,0.09
07:37:36,"[160.0, 49]","[158.0, 16]","[181.73, 48]","[192.25, 36]",170.86,149,21.73,-0.13
07:37:37,"[160.0, 11]","[158.0, 11]","[172.64, 55]","[174.0, 11]",166.32,88,12.64,-0.5
07:37:38,"[154.6, 50]","[154.09, 23]","[169.27, 22]","[170.09, 22]",161.94,117,14.67,0.25
07:37:39,"[154.0, 45]","[153.0, 38]","[164.89, 9]","[165.89, 9]",159.44,101,10.89,0.64
07:37:40,"[153.66, 61]","[152.82, 68]","[161.29, 17]","[162.29, 17]",157.47,163,7.64,0.58
07:37:41,"[153.0, 84]","[152.0, 68]","[157.47, 45]","[157.34, 53]",155.23,250,4.47,0.22
07:37:42,"[151.67, 36]","[151.11, 36]","[156.5, 50]","[157.53, 34]",154.08,156,4.83,-0.08
07:37:43,"[151.23, 44]","[149.97, 29]","[154.96, 26]","[244.78, 27]",153.09,126,3.73,0.16
07:37:44,"[151.7, 23]","[149.67, 15]","[154.82, 11]","[167.54, 28]",153.26,77,3.12,-0.01
07:37:45,"[152.25, 16]","[149.88, 17]","[287.38, 24]","[478.0, 16]",219.81,73,135.12,-0.1
07:37:46,"[150.92, 13]","[120.71, 51]","[457.97, 31]","[646.61, 23]",304.45,118,307.04,0.08
07:37:47,"[132.0, 38]","[104.6, 30]","[366.79, 14]","[530.81, 16]",249.39,98,234.79,0.39
07:37:48,"[87.0, 12]","[41.0, 8]","[306.0, 6]","[529.82, 11]",196.5,37,219.0,0.08
07:37:49,"[90.67, 33]","[65.33, 30]","[332.0, 20]","[425.28, 18]",211.33,101,241.33,0.25
07:37:50,"[152.0, 40]","[103.1, 20]","[200.25, 16]","[374.0, 16]",176.12,92,48.25,0.3
07:37:51,"[152.0, 21]","[117.8, 20]","[193.78, 9]","[343.3, 10]",172.89,60,41.78,0.37
07:37:52,"[153.0, 28]","[152.0, 12]","[181.0, 4]","[182.0, 4]",167.0,48,28.0,0.67
07:37:53,"[153.0, 42]","[152.0, 18]","[179.33, 6]","[243.67, 6]",166.17,72,26.33,0.67
07:37:54,"[153.59, 41]","[152.7, 60]","[179.0, 11]","[449.0, 16]",166.29,128,25.41,0.58
07:37:55,"[157.0, 10]","[153.0, 70]","[179.0, 10]","[521.77, 13]",168.0,103,22.0,0.55
07:37:56,"[157.0, 10]","[153.0, 70]","[177.0, 10]","[622.5, 16]",167.0,106,20.0,0.51
07:37:57,"[153.4, 40]","[152.34, 82]","[173.59, 17]","[190.26, 54]",163.49,193,20.19,0.26
07:37:58,"[152.07, 59]","[144.69, 29]","[171.2, 20]","[173.07, 28]",161.63,136,19.13,0.29
07:37:59,"[152.73, 33]","[151.18, 51]","[168.75, 24]","[169.25, 24]",160.74,132,16.02,0.27
07:38:00,"[152.22, 54]","[150.48, 42]","[165.93, 28]","[168.06, 18]",159.08,142,13.71,0.35
07:38:01,"[153.33, 54]","[150.5, 60]","[164.41, 34]","[166.36, 14]",158.87,162,11.08,0.41
07:38:02,"[153.6, 30]","[150.4, 50]","[160.3, 10]","[161.8, 10]",156.95,100,6.7,0.6
07:38:03,"[154.26, 61]","[151.35, 40]","[156.83, 18]","[157.65, 20]",155.55,139,2.57,0.45
07:38:04,"[152.0, 25]","[150.0, 18]","[153.56, 9]","[262.22, 9]",152.78,61,1.56,0.41
07:38:05,"[152.0, 13]","[150.0, 14]","[179.0, 7]","[511.0, 11]",165.5,45,27.0,0.2
07:38:06,"[152.55, 20]","[149.7, 23]","[209.15, 41]","[400.38, 13]",180.85,97,56.6,-0.11
07:38:07,"[153.0, 18]","[150.4, 10]","[204.5, 30]","[208.57, 14]",178.75,72,51.5,-0.22
07:38:08,"[151.64, 11]","[149.35, 17]","[203.0, 35]","[242.33, 15]",177.32,78,51.36,-0.28
07:38:09,"[66.91, 22]","[43.74, 38]","[198.94, 36]","[249.0, 40]",132.93,136,132.04,-0.12
07:38:10,"[89.4, 30]","[28.2, 40]","[145.18, 11]","[193.43, 35]",117.29,116,55.78,0.21
07:38:11,"[103.0, 16]","[31.0, 24]","[149.0, 20]","[345.75, 20]",126.0,80,46.0,0.0
07:38:12,"[118.0, 40]","[68.64, 33]","[170.5, 50]","[300.11, 47]",144.25,170,52.5,-0.14
07:38:13,"[135.26, 114]","[86.94, 33]","[364.54, 41]","[428.42, 24]",249.9,212,229.27,0.39
07:38:14,"[143.12, 81]","[138.98, 168]","[257.94, 31]","[438.56, 45]",200.53,325,114.81,0.53
07:38:15,"[142.0, 85]","[66.65, 17]","[311.17, 12]","[394.09, 22]",226.58,136,169.17,0.5
07:38:16,"[92.37, 19]","[60.18, 65]","[164.0, 6]","[270.0, 12]",128.18,102,71.63,0.65
07:38:17,"[158.85, 13]","[151.02, 61]","[163.09, 22]","[361.57, 46]",160.97,142,4.24,0.04
07:38:18,"[155.25, 24]","[154.06, 32]","[161.71, 14]","[246.33, 18]",158.48,88,6.46,0.27
07:38:19,"[155.0, 16]","[154.0, 33]","[158.73, 11]","[377.26, 47]",156.86,107,3.73,-0.08
07:38:20,"[154.33, 18]","[153.43, 42]","[156.5, 10]","[213.19, 26]",155.42,96,2.17,0.25
07:38:21,"[153.6, 60]","[147.91, 88]","[155.62, 16]","[223.0, 80]",154.61,244,2.03,0.21
07:38:22,"[153.0, 66]","[129.31, 29]","[154.0, 11]","[233.0, 55]",153.5,161,1.0,0.18
07:38:23,"[153.0, 36]","[150.0, 12]","[214.73, 48]","[278.83, 60]",183.86,156,61.73,-0.38
07:38:24,"[154.75, 24]","[152.86, 22]","[169.0, 40]","[235.12, 34]",161.88,120,14.25,-0.23
07:38:25,"[155.0, 36]","[153.0, 39]","[251.22, 45]","[506.31, 36]",203.11,156,96.22,-0.04
07:38:26,"[155.0, 21]","[153.93, 91]","[576.33, 18]","[605.4, 25]",365.67,155,421.33,0.45
07:38:27,"[155.0, 21]","[153.81, 63]","[481.33, 18]","[609.96, 23]",318.17,125,326.33,0.34
07:38:28,"[107.68, 50]","[128.18, 22]","[400.64, 28]","[603.89, 54]",254.16,154,292.96,-0.06
07:38:29,"[86.64, 75]","[75.5, 96]","[240.69, 32]","[361.16, 38]",163.66,241,154.05,0.42
07:38:30,"[88.0, 30]","[53.53, 53]","[145.62, 32]","[189.0, 35]",116.81,150,57.62,0.11
07:38:31,"[129.45, 55]","[80.34, 123]","[190.26, 27]","[293.24, 33]",159.86,238,60.8,0.5
07:38:32,"[117.42, 48]","[81.87, 68]","[199.64, 33]","[301.0, 20]",158.53,169,82.22,0.37
07:38:33,"[101.75, 32]","[64.12, 17]","[170.85, 20]","[324.5, 16]",136.3,85,69.1,0.15
07:38:34,"[112.0, 36]","[68.93, 30]","[141.68, 19]","[174.15, 39]",126.84,124,29.68,0.06
07:38:35,"[136.14, 42]","[118.89, 37]","[143.14, 35]","[247.0, 30]",139.64,144,7.0,0.1
07:38:36,"[139.93, 67]","[83.42, 72]","[142.51, 39]","[201.16, 50]",141.22,228,2.59,0.22
07:38:37,"[142.29, 70]","[140.81, 62]","[144.0, 24]","[268.41, 41]",143.14,197,1.71,0.34
07:38:38,"[143.0, 38]","[141.0, 45]","[144.0, 30]","[220.11, 36]",143.5,149,1.0,0.11
07:38:39,"[142.14, 35]","[129.0, 37]","[144.86, 35]","[146.39, 31]",143.5,138,2.71,0.04
07:38:40,"[142.93, 29]","[138.69, 64]","[146.0, 39]","[148.0, 26]",144.47,158,3.07,0.18
07:38:41,"[144.0, 14]","[141.0, 35]","[146.0, 21]","[148.0, 14]",145.0,84,2.0,0.17
07:38:42,"[144.0, 16]","[134.65, 37]","[145.95, 22]","[147.65, 17]",144.98,92,1.95,0.15
07:38:43,"[114.21, 28]","[99.32, 53]","[146.0, 33]","[148.0, 22]",130.11,136,31.79,0.19
07:38:44,"[77.14, 28]","[74.41, 37]","[146.0, 26]","[148.0, 20]",111.57,111,68.86,0.17
07:38:45,"[88.4, 20]","[87.0, 20]","[146.5, 8]","[148.2, 10]",117.45,58,58.1,0.38
07:38:46,"[100.67, 42]","[87.4, 40]","[148.7, 20]","[176.22, 27]",124.68,129,48.03,0.27
07:38:47,"[91.82, 44]","[85.22, 58]","[170.88, 33]","[256.62, 48]",131.35,183,79.06,0.11
07:38:48,"[111.03, 35]","[90.0, 29]","[201.38, 42]","[210.22, 41]",156.2,147,90.35,-0.13
07:38:49,"[135.95, 63]","[116.56, 39]","[150.08, 53]","[165.52, 50]",143.01,205,14.12,-0.0
07:38:50,"[137.4, 35]","[129.12, 25]","[141.0, 33]","[142.0, 33]",139.2,126,3.6,-0.05
07:38:51,"[139.0, 21]","[138.0, 7]","[142.0, 14]","[146.0, 28]",140.5,70,3.0,-0.2
07:38:52,"[140.81, 31]","[139.41, 17]","[144.46, 26]","[252.94, 33]",142.63,107,3.66,-0.1
07:38:53,"[141.06, 17]","[131.5, 12]","[146.0, 28]","[356.28, 25]",143.53,82,4.94,-0.29
07:38:54,"[138.0, 6]","[90.0, 4]","[146.0, 16]","[455.61, 18]",142.0,44,8.0,-0.55
07:38:55,"[139.33, 9]","[0, 0]","[143.86, 28]","[154.32, 19]",141.6,56,4.52,-0.68
07:38:56,"[141.0, 2]","[0, 0]","[143.0, 20]","[144.0, 15]",142.0,37,2.0,-0.89
07:38:57,"[0, 0]","[0, 0]","[143.0, 14]","[144.0, 12]",71.5,26,143.0,-1.0
07:38:58,"[45.0, 18]","[0, 0]","[174.89, 19]","[180.86, 28]",109.95,65,129.89,-0.45
07:38:59,"[119.67, 18]","[55.0, 15]","[404.11, 27]","[488.06, 17]",261.89,77,284.44,-0.14
07:39:00,"[158.6, 25]","[152.25, 20]","[384.94, 34]","[482.08, 24]",271.77,103,226.34,-0.13
07:39:01,"[160.0, 24]","[153.83, 18]","[533.0, 16]","[665.0, 14]",346.5,72,373.0,0.17
07:39:02,"[155.6, 15]","[153.87, 23]","[299.08, 26]","[652.5, 16]",227.34,80,143.48,-0.05
07:39:03,"[156.25, 12]","[153.9, 10]","[491.71, 17]","[562.2, 10]",323.98,49,335.46,-0.1
07:39:04,"[155.5, 18]","[153.75, 12]","[311.0, 12]","[491.0, 30]",233.25,72,155.5,-0.17
07:39:05,"[154.0, 3]","[153.0, 1]","[491.0, 5]","[492.0, 4]",322.5,13,337.0,-0.38
07:39:06,"[154.0, 9]","[153.0, 3]","[490.0, 15]","[492.0, 12]",322.0,39,336.0,-0.38
07:39:07,"[153.44, 9]","[152.21, 19]","[477.95, 38]","[491.22, 36]",315.7,102,324.5,-0.45
07:39:08,"[154.0, 6]","[153.0, 6]","[375.75, 28]","[420.4, 20]",264.88,60,221.75,-0.6
07:39:09,"[155.14, 7]","[153.57, 7]","[328.41, 17]","[397.21, 19]",241.78,50,173.27,-0.44
07:39:10,"[157.0, 9]","[154.0, 9]","[281.67, 24]","[294.0, 27]",219.33,69,124.67,-0.48
07:39:11,"[157.0, 12]","[154.0, 12]","[214.08, 51]","[264.75, 24]",185.54,99,57.08,-0.52
07:39:12,"[154.0, 9]","[153.0, 9]","[205.81, 21]","[235.73, 22]",179.9,61,51.81,-0.41
07:39:13,"[154.67, 21]","[153.5, 14]","[194.93, 27]","[197.32, 40]",174.8,102,40.26,-0.31
07:39:14,"[154.0, 11]","[153.0, 38]","[172.05, 41]","[174.0, 35]",163.02,125,18.05,-0.22
07:39:15,"[153.12, 26]","[152.13, 89]","[156.57, 46]","[158.65, 46]",154.84,207,3.45,0.11
07:39:16,"[152.01, 166]","[151.24, 142]","[153.47, 36]","[154.22, 58]",152.74,402,1.46,0.53
07:39:17,"[152.0, 85]","[151.0, 96]","[154.14, 28]","[208.45, 40]",153.07,249,2.14,0.45
07:39:18,"[152.0, 18]","[151.0, 54]","[175.0, 6]","[473.86, 14]",163.5,92,23.0,0.57
07:39:19,"[152.54, 57]","[150.37, 38]","[175.0, 8]","[511.88, 16]",163.77,119,22.46,0.6
07:39:20,"[157.82, 110]","[154.5, 119]","[175.0, 13]","[452.48, 42]",166.41,284,17.18,0.61
07:39:21,"[160.0, 48]","[158.0, 56]","[320.94, 17]","[406.44, 18]",240.47,139,160.94,0.5
07:39:22,"[160.0, 36]","[156.24, 34]","[284.0, 18]","[334.0, 24]",222.0,112,124.0,0.25
07:39:23,"[160.0, 20]","[155.1, 42]","[284.0, 30]","[348.73, 22]",222.0,114,124.0,0.09
07:39:24,"[160.0, 22]","[157.0, 11]","[363.4, 20]","[472.0, 29]",261.7,82,203.4,-0.2
07:39:25,"[155.71, 28]","[153.25, 8]","[265.0, 18]","[343.16, 19]",210.36,73,109.29,-0.01
07:39:26,"[155.0, 32]","[152.0, 8]","[347.35, 20]","[468.67, 24]",251.18,84,192.35,-0.05
07:39:27,"[155.0, 28]","[152.0, 7]","[224.33, 24]","[406.47, 15]",189.67,74,69.33,-0.05
07:39:28,"[155.0, 16]","[152.0, 4]","[196.0, 16]","[274.0, 8]",175.5,44,41.0,-0.09
07:39:29,"[155.0, 28]","[152.0, 7]","[196.0, 28]","[274.0, 14]",175.5,77,41.0,-0.09
07:39:30,"[154.92, 37]","[151.47, 19]","[218.67, 36]","[305.36, 22]",186.79,114,63.75,-0.02
07:39:31,"[153.68, 38]","[151.06, 64]","[305.36, 22]","[392.14, 28]",229.52,152,151.68,0.34
07:39:32,"[154.27, 55]","[152.31, 51]","[373.0, 27]","[411.0, 18]",263.64,151,218.73,0.4
07:39:33,"[154.0, 13]","[152.11, 36]","[378.27, 22]","[416.29, 14]",266.14,85,224.27,0.15
07:39:34,"[152.52, 25]","[151.73, 104]","[389.54, 26]","[528.35, 26]",271.03,181,237.02,0.43
07:39:35,"[152.8, 50]","[151.11, 112]","[303.0, 22]","[502.2, 25]",227.9,209,150.2,0.55
07:39:36,"[151.15, 59]","[150.67, 45]","[260.5, 8]","[383.0, 12]",205.83,124,109.35,0.68
07:39:37,"[151.0, 66]","[150.0, 27]","[200.31, 13]","[204.36, 22]",175.65,128,49.31,0.45
07:39:38,"[151.0, 84]","[150.0, 36]","[188.94, 16]","[225.5, 16]",169.97,152,37.94,0.58
07:39:39,"[151.0, 63]","[150.0, 27]","[161.23, 13]","[177.18, 11]",156.12,114,10.23,0.58
07:39:40,"[152.23, 52]","[150.91, 66]","[157.27, 33]","[158.92, 12]",154.75,163,5.04,0.45
07:39:41,"[153.84, 51]","[151.0, 84]","[155.74, 47]","[156.87, 23]",154.79,205,1.9,0.32
07:39:42,"[154.0, 24]","[151.8, 60]","[155.0, 40]","[158.4, 10]",154.5,134,1.0,0.25
07:39:43,"[153.07, 45]","[150.57, 63]","[226.3, 23]","[419.47, 15]",189.69,146,73.24,0.48
07:39:44,"[153.56, 124]","[151.2, 105]","[175.69, 59]","[185.57, 53]",164.63,341,22.13,0.34
07:39:45,"[154.0, 84]","[151.47, 30]","[157.0, 15]","[158.0, 30]",155.5,159,3.0,0.43
07:39:46,"[154.0, 161]","[152.0, 24]","[155.85, 39]","[163.6, 35]",154.92,259,1.85,0.43
07:39:47,"[152.33, 6]","[150.44, 18]","[155.0, 8]","[209.0, 8]",153.67,40,2.67,0.2
07:39:48,"[150.75, 20]","[150.5, 16]","[154.75, 16]","[209.0, 16]",152.75,68,4.0,0.06
07:39:49,"[153.77, 13]","[150.86, 21]","[182.33, 12]","[221.14, 7]",168.05,53,28.56,0.28
07:39:50,"[153.0, 32]","[150.0, 50]","[227.67, 12]","[475.78, 18]",190.33,112,74.67,0.46
07:39:51,"[151.15, 40]","[149.74, 46]","[311.38, 13]","[584.85, 26]",231.27,125,160.23,0.38
07:39:52,"[153.5, 42]","[148.67, 36]","[239.05, 19]","[479.68, 19]",196.28,116,85.55,0.34
07:39:53,"[155.2, 30]","[151.11, 36]","[308.0, 10]","[373.0, 20]",231.6,96,152.8,0.38
07:39:54,"[156.0, 24]","[155.0, 32]","[261.5, 8]","[366.27, 11]",208.75,75,105.5,0.49
07:39:55,"[156.38, 24]","[155.0, 32]","[383.75, 8]","[488.0, 8]",270.06,72,227.38,0.56
07:39:56,"[158.0, 33]","[155.0, 44]","[409.36, 11]","[421.09, 11]",283.68,99,251.36,0.56
07:39:57,"[158.0, 37]","[155.0, 52]","[263.62, 13]","[543.54, 13]",210.81,115,105.62,0.55
07:39:58,"[158.0, 22]","[155.0, 44]","[260.0, 11]","[482.0, 11]",209.0,88,102.0,0.5
07:39:59,"[158.0, 20]","[155.0, 40]","[512.08, 13]","[696.5, 12]",335.04,85,354.08,0.41
07:40:00,"[156.24, 34]","[153.45, 58]","[229.23, 22]","[284.18, 28]",192.73,142,72.99,0.3
07:40:01,"[155.31, 26]","[152.31, 65]","[215.17, 12]","[228.68, 22]",185.24,125,59.86,0.46
07:40:02,"[154.25, 8]","[151.26, 19]","[204.8, 15]","[207.0, 13]",179.53,55,50.55,-0.02
07:40:03,"[155.93, 29]","[153.29, 7]","[204.0, 5]","[205.0, 15]",179.97,56,48.07,0.29
07:40:04,"[156.0, 99]","[155.0, 14]","[193.5, 32]","[204.63, 19]",174.75,164,37.5,0.38
07:40:05,"[156.0, 114]","[155.0, 13]","[202.36, 33]","[204.47, 19]",179.18,179,46.36,0.42
07:40:06,"[156.03, 74]","[154.29, 17]","[201.9, 39]","[203.14, 21]",178.96,151,45.87,0.21
07:40:07,"[152.89, 70]","[150.73, 44]","[198.29, 14]","[201.88, 34]",175.59,162,45.4,0.41
07:40:08,"[154.0, 80]","[152.0, 20]","[197.0, 30]","[198.0, 10]",175.5,140,43.0,0.43
07:40:09,"[154.0, 96]","[152.0, 24]","[196.86, 14]","[262.8, 15]",175.43,149,42.86,0.61
07:40:10,"[157.7, 107]","[153.95, 74]","[194.0, 10]","[196.0, 10]",175.85,201,36.3,0.8
07:40:11,"[158.0, 172]","[154.09, 70]","[192.07, 14]","[193.21, 14]",175.04,270,34.07,0.79
07:40:12,"[158.0, 154]","[154.62, 21]","[188.69, 16]","[190.05, 20]",173.34,211,30.69,0.66
07:40:13,"[158.0, 156]","[154.0, 120]","[179.14, 29]","[182.48, 25]",168.57,330,21.14,0.67
07:40:14,"[158.0, 120]","[154.0, 96]","[172.75, 16]","[174.63, 30]",165.38,262,14.75,0.65
07:40:15,"[158.0, 130]","[154.0, 104]","[167.92, 13]","[168.92, 13]",162.96,260,9.92,0.8
07:40:16,"[158.0, 105]","[154.0, 112]","[164.53, 17]","[165.52, 23]",161.26,257,6.53,0.69
07:40:17,"[158.0, 75]","[154.0, 120]","[161.29, 31]","[162.68, 25]",159.65,251,3.29,0.55
07:40:18,"[156.47, 49]","[154.19, 108]","[159.0, 45]","[165.0, 29]",157.73,231,2.53,0.36
07:40:19,"[155.0, 35]","[154.0, 48]","[157.33, 18]","[167.0, 18]",156.17,119,2.33,0.39
07:40:20,"[155.0, 54]","[154.0, 88]","[164.09, 33]","[261.74, 34]",159.55,209,9.09,0.36
07:40:21,"[155.0, 12]","[154.0, 32]","[168.0, 12]","[181.5, 12]",161.5,68,13.0,0.29
07:40:22,"[155.0, 24]","[154.0, 64]","[168.0, 24]","[239.75, 24]",161.5,136,13.0,0.29
07:40:23,"[155.0, 18]","[154.0, 48]","[168.0, 18]","[339.67, 18]",161.5,102,13.0,0.29
07:40:24,"[155.0, 12]","[154.0, 48]","[213.0, 18]","[342.0, 18]",184.0,96,58.0,0.25
07:40:25,"[155.0, 22]","[154.0, 88]","[348.55, 33]","[533.49, 39]",251.77,182,193.55,0.21
07:40:26,"[155.0, 18]","[154.0, 72]","[344.86, 28]","[451.78, 27]",249.93,145,189.86,0.24
07:40:27,"[155.0, 22]","[154.0, 88]","[173.0, 44]","[377.45, 33]",164.0,187,18.0,0.18
07:40:28,"[155.0, 22]","[154.0, 88]","[171.8, 54]","[492.76, 34]",163.4,198,16.8,0.11
07:40:29,"[155.0, 26]","[154.0, 104]","[170.0, 65]","[394.21, 42]",162.5,237,15.0,0.1
07:40:30,"[154.62, 32]","[153.75, 106]","[166.58, 60]","[244.0, 48]",160.6,246,11.96,0.12
07:40:31,"[154.0, 42]","[153.0, 91]","[166.0, 35]","[244.0, 28]",160.0,196,12.0,0.36
07:40:32,"[154.89, 54]","[153.99, 141]","[164.01, 69]","[228.88, 59]",159.45,323,9.13,0.21
07:40:33,"[155.41, 37]","[154.62, 64]","[161.0, 27]","[163.54, 39]",158.2,167,5.59,0.21
07:40:34,"[155.0, 96]","[153.05, 96]","[160.17, 36]","[164.0, 60]",157.58,288,5.17,0.33
07:40:35,"[155.38, 84]","[154.82, 44]","[158.21, 42]","[160.56, 48]",156.8,218,2.83,0.17
07:40:36,"[155.26, 61]","[154.67, 27]","[157.54, 24]","[159.63, 30]",156.4,142,2.28,0.24
07:40:37,"[154.05, 20]","[152.18, 56]","[207.8, 20]","[269.96, 27]",180.93,123,53.75,0.24
07:40:38,"[153.0, 26]","[152.0, 156]","[363.07, 28]","[525.31, 26]",258.04,236,210.07,0.54
07:40:39,"[155.0, 24]","[153.0, 12]","[203.0, 12]","[512.23, 13]",179.0,61,48.0,0.18
07:40:40,"[155.0, 44]","[153.0, 22]","[202.91, 22]","[428.0, 17]",178.95,105,47.91,0.26
07:40:41,"[155.0, 17]","[152.36, 56]","[202.0, 28]","[203.0, 28]",178.5,129,47.0,0.13
07:40:42,"[153.0, 9]","[152.0, 67]","[202.0, 18]","[203.0, 18]",177.5,112,49.0,0.36
07:40:43,"[152.53, 15]","[151.54, 83]","[201.67, 18]","[205.0, 18]",177.1,134,49.13,0.46
07:40:44,"[152.0, 58]","[150.0, 171]","[200.2, 30]","[204.67, 18]",176.1,277,48.2,0.65
07:40:45,"[152.0, 66]","[150.0, 209]","[198.43, 28]","[199.63, 38]",175.21,341,46.43,0.61
07:40:46,"[152.0, 18]","[150.0, 57]","[196.0, 12]","[197.0, 6]",174.0,93,44.0,0.61
07:40:47,"[152.0, 54]","[150.0, 171]","[193.53, 19]","[194.94, 32]",172.76,276,41.53,0.63
07:40:48,"[152.0, 72]","[150.0, 209]","[187.89, 28]","[190.3, 20]",169.95,329,35.89,0.71
07:40:49,"[150.64, 147]","[149.65, 270]","[184.0, 45]","[185.71, 28]",167.32,490,33.36,0.7
07:40:50,"[150.0, 93]","[149.0, 95]","[182.0, 20]","[183.0, 10]",166.0,218,32.0,0.72
07:40:51,"[150.03, 134]","[149.03, 294]","[180.73, 22]","[182.07, 60]",165.38,510,30.7,0.68
07:40:52,"[150.82, 49]","[149.83, 109]","[166.63, 27]","[170.52, 33]",158.72,218,15.81,0.45
07:40:53,"[150.13, 77]","[149.06, 161]","[158.5, 28]","[160.86, 14]",154.31,280,8.37,0.7
07:40:54,"[151.64, 99]","[149.58, 90]","[154.95, 38]","[156.28, 32]",153.29,259,3.31,0.46
07:40:55,"[152.0, 64]","[150.0, 8]","[153.04, 23]","[173.12, 8]",152.52,103,1.04,0.4
07:40:56,"[152.0, 96]","[150.0, 12]","[154.0, 12]","[307.0, 12]",153.0,132,2.0,0.64
07:40:57,"[152.0, 133]","[150.0, 12]","[217.25, 12]","[407.47, 17]",184.62,174,65.25,0.67
07:40:58,"[152.08, 66]","[151.86, 70]","[368.0, 20]","[539.0, 4]",260.04,160,215.92,0.7
07:40:59,"[152.0, 84]","[150.0, 7]","[325.0, 18]","[398.2, 20]",238.5,129,173.0,0.41
07:41:00,"[159.19, 118]","[151.98, 85]","[241.0, 32]","[502.29, 14]",200.09,249,81.81,0.63
07:41:01,"[160.0, 154]","[152.27, 88]","[241.0, 44]","[395.0, 11]",200.5,297,81.0,0.63
07:41:02,"[160.0, 168]","[156.93, 30]","[256.56, 45]","[442.26, 19]",208.28,262,96.56,0.51
07:41:03,"[160.0, 120]","[158.0, 40]","[244.1, 40]","[546.43, 14]",202.05,214,84.1,0.5
07:41:04,"[160.0, 149]","[158.0, 52]","[243.86, 56]","[669.95, 21]",201.93,278,83.86,0.45
07:41:05,"[160.0, 138]","[158.0, 52]","[225.11, 38]","[229.44, 36]",192.55,264,65.11,0.44
07:41:06,"[160.0, 18]","[158.0, 36]","[210.38, 26]","[211.71, 28]",185.19,108,50.38,0.0
07:41:07,"[158.0, 15]","[155.0, 96]","[209.86, 42]","[210.6, 30]",183.93,183,51.86,0.21
07:41:08,"[158.0, 13]","[155.0, 124]","[195.17, 47]","[201.97, 37]",176.59,221,37.17,0.24
07:41:09,"[158.0, 6]","[155.0, 60]","[188.8, 20]","[201.86, 28]",173.4,114,30.8,0.16
07:41:10,"[158.0, 12]","[155.0, 120]","[185.42, 52]","[186.38, 42]",171.71,226,27.42,0.17
07:41:11,"[158.0, 12]","[155.0, 123]","[179.56, 45]","[180.68, 56]",168.78,236,21.56,0.14
07:41:12,"[158.0, 12]","[155.0, 120]","[177.06, 34]","[178.73, 41]",167.53,207,19.06,0.28
07:41:13,"[156.29, 28]","[154.97, 124]","[161.13, 52]","[163.38, 39]",158.71,243,4.85,0.25
07:41:14,"[155.0, 106]","[154.0, 32]","[156.52, 50]","[159.2, 70]",155.76,258,1.52,0.07
07:41:15,"[155.0, 45]","[154.0, 18]","[158.49, 37]","[160.14, 42]",156.74,142,3.49,-0.11
07:41:16,"[155.0, 57]","[154.0, 24]","[157.25, 48]","[160.0, 60]",156.12,189,2.25,-0.14
07:41:17,"[155.0, 24]","[154.0, 12]","[159.59, 29]","[278.67, 15]",157.29,80,4.59,-0.1
07:41:18,"[155.47, 30]","[154.55, 22]","[159.82, 55]","[217.64, 22]",157.64,129,4.35,-0.19
07:41:19,"[153.94, 32]","[152.88, 41]","[207.0, 32]","[379.2, 20]",180.47,125,53.06,0.17
07:41:20,"[153.0, 43]","[152.0, 35]","[187.0, 21]","[523.71, 14]",170.0,113,34.0,0.38
07:41:21,"[153.58, 48]","[152.64, 55]","[163.31, 32]","[313.7, 23]",158.45,158,9.73,0.3
07:41:22,"[154.0, 15]","[152.77, 52]","[157.0, 27]","[368.0, 18]",155.5,112,3.0,0.2
07:41:23,"[153.67, 18]","[152.65, 102]","[156.93, 42]","[305.14, 28]",155.3,190,3.26,0.26
07:41:24,"[152.17, 87]","[151.0, 120]","[235.78, 27]","[494.73, 22]",193.98,256,83.61,0.62
07:41:25,"[152.0, 96]","[150.0, 80]","[520.38, 16]","[646.0, 16]",336.19,208,368.38,0.69
07:41:26,"[152.0, 84]","[150.0, 70]","[399.31, 26]","[448.18, 22]",275.65,202,247.31,0.52
07:41:27,"[152.0, 132]","[150.0, 92]","[179.59, 34]","[279.8, 40]",165.79,298,27.59,0.5
07:41:28,"[152.0, 156]","[150.0, 104]","[168.69, 52]","[184.75, 32]",160.35,344,16.69,0.51
07:41:29,"[152.0, 82]","[150.0, 211]","[166.0, 65]","[221.64, 70]",159.0,428,14.0,0.37
07:41:30,"[153.2, 25]","[150.12, 160]","[162.46, 70]","[163.48, 65]",157.83,320,9.26,0.16
07:41:31,"[158.0, 8]","[152.0, 16]","[160.32, 37]","[161.43, 35]",159.16,96,2.32,-0.5
07:41:32,"[153.58, 19]","[150.3, 66]","[159.64, 53]","[162.71, 45]",156.61,183,6.06,-0.07
07:41:33,"[152.0, 22]","[150.0, 88]","[157.45, 44]","[160.0, 44]",154.73,198,5.45,0.11
07:41:34,"[154.0, 30]","[152.95, 84]","[155.0, 40]","[160.0, 40]",154.5,194,1.0,0.18
07:41:35,"[153.84, 50]","[152.98, 127]","[157.93, 56]","[308.56, 36]",155.88,269,4.09,0.32
07:41:36,"[152.33, 54]","[151.11, 18]","[157.9, 40]","[236.12, 34]",155.12,146,5.57,-0.01
07:41:37,"[152.0, 8]","[150.0, 16]","[156.25, 32]","[157.5, 32]",154.12,88,4.25,-0.45
07:41:38,"[149.42, 50]","[124.88, 42]","[155.5, 56]","[271.43, 56]",152.46,204,6.08,-0.1
07:41:39,"[149.0, 24]","[97.33, 12]","[155.52, 23]","[500.22, 18]",152.26,77,6.52,-0.06
07:41:40,"[149.0, 16]","[114.0, 12]","[254.5, 20]","[431.5, 22]",201.75,70,105.5,-0.2
07:41:41,"[155.0, 32]","[149.0, 18]","[620.67, 45]","[643.33, 18]",387.83,113,465.67,-0.12
07:41:42,"[160.0, 24]","[155.38, 16]","[376.77, 26]","[665.62, 16]",268.38,82,216.77,-0.02
07:41:43,"[159.29, 14]","[156.6, 10]","[209.0, 10]","[210.0, 20]",184.14,54,49.71,-0.11
07:41:44,"[155.0, 12]","[151.0, 12]","[209.0, 12]","[504.07, 15]",182.0,51,54.0,-0.06
07:41:45,"[155.0, 10]","[151.0, 10]","[208.0, 10]","[219.0, 5]",181.5,35,53.0,0.14
07:41:46,"[155.0, 24]","[151.0, 24]","[207.0, 24]","[444.58, 33]",181.0,105,52.0,-0.09
07:41:47,"[149.94, 17]","[134.0, 13]","[207.0, 14]","[516.12, 8]",178.47,52,57.06,0.15
07:41:48,"[141.26, 23]","[57.69, 13]","[205.56, 18]","[324.67, 18]",173.41,72,64.29,0.0
07:41:49,"[109.92, 12]","[72.4, 10]","[158.3, 20]","[190.45, 11]",134.11,53,48.38,-0.17
07:41:50,"[136.0, 21]","[115.0, 7]","[144.88, 40]","[145.8, 15]",140.44,83,8.88,-0.33
07:41:51,"[137.0, 10]","[130.55, 20]","[144.0, 50]","[145.0, 50]",140.5,130,7.0,-0.54
07:41:52,"[138.73, 33]","[122.92, 12]","[144.36, 44]","[145.33, 48]",141.55,137,5.64,-0.34
07:41:53,"[139.76, 84]","[135.19, 21]","[144.62, 48]","[146.6, 30]",142.19,183,4.86,0.15
07:41:54,"[141.0, 8]","[125.55, 11]","[145.67, 12]","[147.33, 12]",143.33,43,4.67,-0.12
07:41:55,"[141.0, 6]","[136.0, 12]","[143.0, 6]","[146.77, 13]",142.0,37,2.0,-0.03
07:41:56,"[141.6, 25]","[137.1, 21]","[144.59, 29]","[146.0, 23]",143.09,98,2.99,-0.06
07:41:57,"[144.33, 61]","[143.18, 17]","[148.33, 27]","[369.55, 20]",146.33,125,4.01,0.25
07:41:58,"[146.62, 8]","[145.0, 40]","[149.0, 21]","[342.56, 32]",147.81,101,2.38,-0.05
07:41:59,"[147.86, 7]","[110.45, 22]","[371.5, 24]","[424.33, 18]",259.68,71,223.64,-0.18
07:42:00,"[150.0, 19]","[149.31, 13]","[201.45, 44]","[417.88, 32]",175.73,108,51.45,-0.41
07:42:01,"[152.6, 5]","[150.36, 11]","[469.16, 19]","[570.0, 9]",310.88,44,316.56,-0.27
07:42:02,"[154.0, 11]","[152.0, 25]","[354.04, 27]","[538.46, 37]",254.02,100,200.04,-0.28
07:42:03,"[152.67, 9]","[150.67, 27]","[296.9, 21]","[408.33, 42]",224.79,99,144.24,-0.27
07:42:04,"[158.0, 65]","[152.0, 10]","[369.51, 39]","[513.48, 42]",263.76,156,211.51,-0.04
07:42:05,"[158.0, 36]","[152.0, 6]","[338.67, 15]","[471.69, 26]",248.33,83,180.67,0.01
07:42:06,"[158.0, 52]","[152.0, 14]","[438.63, 57]","[616.9, 69]",298.32,192,280.63,-0.31
07:42:07,"[158.0, 12]","[152.0, 6]","[409.0, 24]","[559.0, 30]",283.5,72,251.0,-0.5
07:42:08,"[156.09, 11]","[153.38, 13]","[294.03, 29]","[456.05, 38]",225.06,91,137.94,-0.47
07:42:09,"[150.0, 6]","[149.0, 24]","[271.33, 24]","[273.0, 18]",210.67,72,121.33,-0.17
07:42:10,"[150.93, 29]","[149.53, 17]","[266.89, 38]","[272.33, 36]",208.91,120,115.96,-0.23
07:42:11,"[151.21, 33]","[150.23, 22]","[269.02, 47]","[270.27, 44]",210.12,146,117.81,-0.25
07:42:12,"[152.0, 28]","[150.0, 14]","[264.13, 39]","[263.47, 49]",208.06,130,112.13,-0.35
07:42:13,"[152.0, 22]","[150.0, 11]","[251.09, 22]","[251.81, 32]",201.55,87,99.09,-0.24
07:42:14,"[152.0, 8]","[150.0, 4]","[248.69, 13]","[249.5, 6]",200.35,31,96.69,-0.23
07:42:15,"[153.6, 45]","[152.29, 21]","[241.95, 38]","[248.38, 32]",197.77,136,88.35,-0.03
07:42:16,"[154.77, 39]","[153.58, 38]","[228.46, 28]","[239.49, 35]",191.62,140,73.7,0.1
07:42:17,"[154.32, 19]","[152.15, 26]","[172.62, 24]","[175.0, 32]",163.47,101,18.31,-0.11
07:42:18,"[160.0, 11]","[154.0, 22]","[169.85, 13]","[171.47, 34]",164.92,80,9.85,-0.17
07:42:19,"[160.0, 13]","[154.0, 26]","[165.57, 42]","[166.06, 32]",162.79,113,5.57,-0.31
07:42:20,"[155.58, 19]","[152.53, 38]","[160.52, 27]","[161.87, 31]",158.05,115,4.94,-0.01
07:42:21,"[152.74, 38]","[151.83, 24]","[156.35, 40]","[157.69, 35]",154.54,137,3.61,-0.09
07:42:22,"[154.05, 38]","[152.13, 15]","[156.75, 32]","[349.67, 18]",155.4,103,2.7,0.03
07:42:23,"[156.0, 75]","[155.0, 28]","[161.19, 42]","[359.82, 17]",158.6,162,5.19,0.27
07:42:24,"[156.79, 29]","[154.57, 28]","[228.43, 14]","[463.93, 41]",192.61,112,71.64,0.02
07:42:25,"[158.0, 22]","[155.0, 44]","[398.45, 44]","[495.6, 40]",278.23,150,240.45,-0.12
07:42:26,"[158.0, 14]","[155.0, 28]","[414.0, 28]","[592.0, 28]",286.0,98,256.0,-0.14
07:42:27,"[155.33, 36]","[153.0, 24]","[374.76, 34]","[468.28, 25]",265.05,119,219.43,0.01
07:42:28,"[155.64, 42]","[153.98, 41]","[339.0, 40]","[414.0, 40]",247.32,163,183.36,0.02
07:42:29,"[158.0, 33]","[155.0, 99]","[338.08, 26]","[427.15, 26]",248.04,184,180.08,0.43
07:42:30,"[158.0, 36]","[155.0, 108]","[189.33, 12]","[299.92, 12]",173.67,168,31.33,0.71
07:42:31,"[158.0, 36]","[155.0, 138]","[172.57, 21]","[176.89, 53]",165.29,248,14.57,0.4
07:42:32,"[155.27, 66]","[154.31, 87]","[171.15, 13]","[172.48, 21]",163.21,187,15.88,0.64
07:42:33,"[155.29, 41]","[154.26, 57]","[167.42, 26]","[169.8, 10]",161.36,134,12.13,0.46
07:42:34,"[155.0, 34]","[154.0, 84]","[166.39, 54]","[166.67, 30]",160.69,202,11.39,0.17
07:42:35,"[154.74, 35]","[153.84, 93]","[162.92, 36]","[163.66, 56]",158.83,220,8.17,0.16
07:42:36,"[154.0, 30]","[153.0, 50]","[159.61, 18]","[161.08, 26]",156.81,124,5.61,0.29
07:42:37,"[154.0, 27]","[153.0, 45]","[157.22, 9]","[159.0, 9]",155.61,90,3.22,0.6
07:42:38,"[153.8, 25]","[152.8, 69]","[156.56, 16]","[164.08, 36]",155.18,146,2.76,0.29
07:42:39,"[153.0, 45]","[152.0, 158]","[159.22, 45]","[311.8, 15]",156.11,263,6.22,0.54
07:42:40,"[153.0, 12]","[152.0, 146]","[159.0, 38]","[335.96, 26]",156.0,222,6.0,0.42
07:42:41,"[152.06, 52]","[151.65, 40]","[157.7, 30]","[475.5, 30]",154.88,152,5.64,0.21
07:42:42,"[152.0, 89]","[149.04, 25]","[156.23, 39]","[486.56, 43]",154.12,196,4.23,0.16
07:42:43,"[152.0, 39]","[149.33, 21]","[194.21, 42]","[306.0, 30]",173.11,132,42.21,-0.09
07:42:44,"[150.73, 11]","[149.22, 18]","[313.33, 33]","[407.02, 41]",232.03,103,162.61,-0.44
07:42:45,"[152.86, 22]","[149.1, 29]","[172.2, 50]","[287.89, 36]",162.53,137,19.34,-0.26
07:42:46,"[150.0, 9]","[149.0, 18]","[172.14, 37]","[173.02, 41]",161.07,105,22.14,-0.49
07:42:47,"[151.92, 25]","[149.86, 14]","[170.72, 58]","[172.19, 59]",161.32,156,18.8,-0.5
07:42:48,"[155.0, 18]","[152.0, 18]","[169.0, 45]","[171.0, 36]",162.0,117,14.0,-0.38
07:42:49,"[157.0, 12]","[154.56, 27]","[167.73, 48]","[170.29, 42]",162.36,129,10.73,-0.4
07:42:50,"[155.03, 100]","[152.87, 31]","[159.69, 52]","[162.04, 50]",157.36,233,4.66,0.12
07:42:51,"[152.31, 61]","[145.45, 49]","[156.0, 75]","[234.18, 45]",154.16,230,3.69,-0.04
07:42:52,"[150.41, 37]","[146.47, 60]","[154.61, 41]","[233.9, 31]",152.51,169,4.2,0.15
07:42:53,"[151.0, 28]","[150.0, 140]","[152.81, 36]","[283.65, 17]",151.9,221,1.81,0.52
07:42:54,"[150.03, 58]","[132.18, 55]","[153.0, 10]","[321.89, 19]",151.52,142,2.97,0.59
07:42:55,"[150.0, 84]","[123.82, 34]","[151.78, 36]","[191.67, 12]",150.89,166,1.78,0.42
07:42:56,"[150.0, 52]","[96.3, 20]","[276.6, 10]","[445.18, 22]",213.3,104,126.6,0.38
07:42:57,"[155.3, 66]","[150.0, 70]","[494.25, 8]","[595.12, 32]",324.78,176,338.95,0.55
07:42:58,"[156.0, 20]","[155.0, 75]","[272.82, 11]","[641.0, 17]",214.41,123,116.82,0.54
07:42:59,"[156.25, 16]","[155.0, 60]","[165.0, 16]","[172.0, 16]",160.62,108,8.75,0.41
07:43:00,"[157.71, 28]","[155.0, 105]","[278.29, 28]","[553.0, 28]",218.0,189,120.57,0.41
07:43:01,"[158.0, 5]","[155.0, 75]","[391.0, 20]","[469.8, 20]",274.5,120,233.0,0.33
07:43:02,"[155.06, 99]","[153.08, 76]","[295.0, 36]","[362.67, 36]",225.03,247,139.94,0.42
07:43:03,"[155.0, 143]","[152.0, 136]","[220.56, 57]","[317.62, 52]",187.78,388,65.56,0.44
07:43:04,"[155.0, 182]","[152.05, 109]","[220.0, 85]","[560.44, 59]",187.5,435,65.0,0.34
07:43:05,"[155.0, 46]","[152.18, 51]","[219.78, 45]","[291.22, 36]",187.39,178,64.78,0.09
07:43:06,"[153.65, 49]","[152.13, 89]","[218.47, 75]","[341.75, 48]",186.06,261,64.81,0.06
07:43:07,"[154.33, 12]","[152.28, 36]","[216.12, 40]","[241.0, 8]",185.23,96,61.79,0.0
07:43:08,"[155.73, 22]","[152.03, 72]","[214.67, 60]","[294.17, 12]",185.2,166,58.94,0.13
07:43:09,"[158.0, 84]","[153.0, 14]","[210.64, 69]","[220.83, 42]",184.32,209,52.64,-0.06
07:43:10,"[158.0, 48]","[153.0, 8]","[209.0, 40]","[211.0, 32]",183.5,128,51.0,-0.12
07:43:11,"[158.0, 48]","[153.0, 8]","[208.07, 15]","[209.2, 35]",183.03,106,50.07,0.06
07:43:12,"[158.0, 77]","[153.4, 30]","[206.06, 34]","[206.45, 31]",182.03,172,48.06,0.24
07:43:13,"[158.0, 43]","[155.0, 18]","[203.67, 24]","[205.76, 21]",180.83,106,45.67,0.15
07:43:14,"[158.0, 36]","[155.0, 18]","[177.91, 33]","[187.0, 12]",167.95,99,19.91,0.09
07:43:15,"[158.0, 28]","[155.0, 14]","[169.08, 24]","[172.69, 13]",163.54,79,11.08,0.06
07:43:16,"[158.0, 36]","[155.0, 18]","[165.23, 26]","[166.2, 40]",161.62,120,7.23,-0.1
07:43:17,"[158.0, 28]","[155.0, 14]","[162.5, 22]","[163.11, 19]",160.25,83,4.5,0.01
07:43:18,"[157.53, 19]","[154.54, 13]","[159.95, 38]","[161.08, 26]",158.74,96,2.42,-0.33
07:43:19,"[154.0, 8]","[152.12, 32]","[157.55, 38]","[159.82, 22]",155.78,100,3.55,-0.2
07:43:20,"[152.12, 40]","[151.08, 65]","[154.7, 50]","[442.32, 19]",153.41,174,2.57,0.21
07:43:21,"[151.2, 60]","[149.6, 40]","[153.06, 32]","[329.35, 48]",152.13,180,1.86,0.11
07:43:22,"[150.0, 49]","[124.57, 14]","[151.56, 27]","[421.66, 35]",150.78,125,1.56,0.01
07:43:23,"[130.24, 17]","[119.89, 19]","[151.25, 24]","[582.59, 51]",140.74,111,21.01,-0.35
07:43:24,"[128.33, 12]","[117.73, 11]","[770.44, 45]","[771.0, 25]",449.39,93,642.11,-0.51
07:43:25,"[132.4, 10]","[109.1, 10]","[572.93, 41]","[728.0, 47]",352.66,108,440.53,-0.63
07:43:26,"[159.82, 100]","[123.33, 12]","[367.07, 30]","[467.73, 33]",263.44,175,207.25,0.28
07:43:27,"[160.0, 63]","[150.86, 7]","[350.57, 14]","[370.86, 29]",255.29,113,190.57,0.24
07:43:28,"[160.0, 81]","[150.78, 9]","[321.08, 24]","[369.47, 36]",240.54,150,161.08,0.2
07:43:29,"[160.0, 48]","[150.0, 12]","[199.83, 36]","[330.71, 45]",179.92,141,39.83,-0.15
07:43:30,"[160.0, 46]","[153.83, 46]","[197.08, 49]","[198.4, 50]",178.54,191,37.08,-0.04
07:43:31,"[160.0, 22]","[154.67, 36]","[193.52, 27]","[195.03, 31]",176.76,116,33.52,0.0
07:43:32,"[160.0, 24]","[155.0, 36]","[188.83, 18]","[190.57, 23]",174.42,101,28.83,0.19
07:43:33,"[155.0, 26]","[154.0, 40]","[184.67, 27]","[186.04, 24]",169.83,117,29.67,0.13
07:43:34,"[155.0, 34]","[154.0, 52]","[179.06, 35]","[180.54, 28]",167.03,149,24.06,0.15
07:43:35,"[157.0, 35]","[154.35, 43]","[172.64, 42]","[173.59, 41]",164.82,161,15.64,-0.03
07:43:36,"[160.0, 20]","[155.0, 20]","[167.06, 17]","[168.72, 18]",163.53,75,7.06,0.07
07:43:37,"[157.86, 28]","[154.58, 38]","[164.12, 40]","[165.59, 17]",160.99,123,6.27,0.07
07:43:38,"[155.0, 33]","[154.0, 44]","[160.86, 28]","[161.71, 34]",157.93,139,5.86,0.11
07:43:39,"[155.0, 22]","[154.0, 36]","[158.56, 9]","[160.0, 18]",156.78,85,3.56,0.36
07:43:40,"[154.65, 34]","[153.94, 47]","[156.56, 39]","[157.2, 51]",155.61,171,1.92,-0.05
07:43:41,"[153.16, 51]","[152.44, 32]","[156.91, 54]","[157.43, 21]",155.03,158,3.75,0.05
07:43:42,"[153.0, 37]","[152.0, 20]","[154.0, 49]","[155.0, 10]",153.5,116,1.0,-0.02
07:43:43,"[152.2, 15]","[150.5, 8]","[173.93, 14]","[195.11, 9]",163.06,46,21.73,0.0
07:43:44,"[152.82, 22]","[150.86, 14]","[224.52, 33]","[310.0, 35]",188.67,104,71.7,-0.31
07:43:45,"[152.0, 10]","[150.0, 5]","[260.0, 9]","[382.15, 13]",206.0,37,108.0,-0.19
07:43:46,"[152.0, 22]","[150.0, 11]","[269.64, 11]","[601.98, 41]",210.82,85,117.64,-0.22
07:43:47,"[131.33, 30]","[131.33, 9]","[254.33, 9]","[690.85, 20]",192.83,68,123.0,0.15
07:43:48,"[122.47, 57]","[110.75, 32]","[143.0, 6]","[268.0, 6]",132.74,101,20.53,0.76
07:43:49,"[123.03, 101]","[113.83, 42]","[143.0, 10]","[184.7, 10]",133.01,163,19.97,0.75
07:43:50,"[124.43, 14]","[111.98, 128]","[358.75, 24]","[411.11, 36]",241.59,202,234.32,0.41
07:43:51,"[129.22, 18]","[119.15, 52]","[259.0, 18]","[300.53, 62]",194.11,150,129.78,-0.07
07:43:52,"[153.0, 8]","[144.88, 8]","[262.69, 26]","[326.17, 24]",207.85,66,109.69,-0.52
07:43:53,"[153.0, 11]","[150.0, 71]","[261.0, 44]","[263.0, 33]",207.0,159,108.0,0.03
07:43:54,"[153.0, 10]","[150.0, 64]","[259.4, 25]","[260.67, 30]",206.2,129,106.4,0.15
07:43:55,"[147.91, 23]","[100.38, 26]","[256.64, 33]","[257.93, 42]",202.27,124,108.72,-0.21
07:43:56,"[124.0, 88]","[88.39, 87]","[253.68, 31]","[254.56, 32]",188.84,238,129.68,0.47
07:43:57,"[136.0, 160]","[117.53, 68]","[250.94, 32]","[251.56, 27]",193.47,287,114.94,0.59
07:43:58,"[154.43, 112]","[150.88, 111]","[244.89, 37]","[247.2, 40]",199.66,300,90.46,0.49
07:43:59,"[154.13, 110]","[153.9, 118]","[230.37, 38]","[236.34, 35]",192.25,301,76.24,0.51
07:44:00,"[155.0, 52]","[154.0, 176]","[182.21, 29]","[221.54, 39]",168.6,296,27.21,0.54
07:44:01,"[154.32, 111]","[153.86, 146]","[179.6, 40]","[180.72, 50]",166.96,347,25.28,0.48
07:44:02,"[154.0, 71]","[153.0, 32]","[176.86, 22]","[178.8, 20]",165.43,145,22.86,0.42
07:44:03,"[154.42, 38]","[153.2, 30]","[173.62, 21]","[176.11, 19]",164.02,108,19.2,0.26
07:44:04,"[158.0, 18]","[154.0, 27]","[170.73, 22]","[171.74, 23]",164.36,90,12.73,0.0
07:44:05,"[158.0, 16]","[154.0, 24]","[167.32, 31]","[169.09, 23]",162.66,94,9.32,-0.15
07:44:06,"[158.0, 22]","[154.0, 33]","[165.79, 38]","[167.67, 36]",161.89,129,7.79,-0.15
07:44:07,"[158.0, 18]","[154.0, 27]","[162.23, 31]","[253.21, 29]",160.11,105,4.23,-0.14
07:44:08,"[158.0, 32]","[154.0, 30]","[160.6, 40]","[196.4, 40]",159.3,142,2.6,-0.13
07:44:09,"[158.0, 46]","[154.73, 55]","[159.2, 40]","[179.06, 34]",158.6,175,1.2,0.15
07:44:10,"[155.03, 92]","[154.21, 38]","[158.73, 44]","[647.91, 11]",156.88,185,3.69,0.41
07:44:11,"[155.0, 32]","[154.0, 24]","[157.25, 32]","[447.75, 8]",156.12,96,2.25,0.17
07:44:12,"[154.0, 18]","[153.0, 24]","[329.11, 9]","[398.22, 9]",241.56,60,175.11,0.4
07:44:13,"[154.0, 20]","[153.0, 40]","[251.55, 31]","[347.11, 19]",202.77,110,97.55,0.09
07:44:14,"[153.2, 15]","[152.5, 12]","[324.0, 32]","[514.6, 10]",238.6,69,170.8,-0.22
07:44:15,"[151.33, 12]","[102.17, 48]","[224.5, 22]","[255.29, 21]",187.92,103,73.17,0.17
07:44:16,"[152.74, 23]","[126.17, 24]","[182.5, 12]","[194.78, 18]",167.62,77,29.76,0.22
07:44:17,"[153.0, 18]","[152.0, 12]","[154.5, 16]","[166.71, 14]",153.75,60,1.5,0.0
07:44:18,"[153.61, 33]","[152.12, 16]","[248.5, 16]","[359.86, 29]",201.05,94,94.89,0.04
07:44:19,"[156.07, 61]","[153.88, 34]","[286.7, 10]","[357.56, 25]",221.38,130,130.63,0.46
07:44:20,"[160.0, 42]","[153.0, 6]","[318.8, 15]","[346.13, 15]",239.4,78,158.8,0.23
07:44:21,"[160.0, 77]","[153.9, 20]","[317.54, 26]","[349.58, 26]",238.77,149,157.54,0.3
07:44:22,"[160.0, 39]","[154.0, 14]","[327.91, 22]","[428.77, 13]",243.95,88,167.91,0.2
07:44:23,"[160.0, 25]","[153.93, 15]","[226.62, 8]","[334.17, 29]",193.31,77,66.62,0.04
07:44:24,"[154.47, 17]","[151.23, 13]","[225.2, 10]","[573.2, 40]",189.84,80,70.73,-0.25
07:44:25,"[154.0, 18]","[152.0, 9]","[223.11, 9]","[405.53, 15]",188.56,51,69.11,0.06
07:44:26,"[154.0, 12]","[152.0, 6]","[222.67, 6]","[420.6, 15]",188.33,39,68.67,-0.08
07:44:27,"[154.0, 22]","[152.0, 11]","[221.55, 11]","[479.82, 11]",187.77,55,67.55,0.2
07:44:28,"[154.0, 24]","[152.0, 12]","[221.0, 12]","[353.15, 40]",187.5,88,67.0,-0.18
07:44:29,"[103.28, 25]","[83.54, 37]","[190.0, 19]","[232.1, 29]",146.64,110,86.72,0.13
07:44:30,"[144.91, 11]","[116.75, 16]","[221.0, 7]","[267.69, 29]",182.95,63,76.09,-0.14
07:44:31,"[138.58, 36]","[90.92, 24]","[207.67, 12]","[304.21, 43]",173.12,115,69.08,0.04
07:44:32,"[153.42, 59]","[122.56, 16]","[187.7, 23]","[234.62, 21]",170.56,119,34.27,0.26
07:44:33,"[155.08, 38]","[154.42, 26]","[171.0, 40]","[219.0, 8]",163.04,112,15.92,0.14
07:44:34,"[156.0, 14]","[155.0, 98]","[169.43, 28]","[205.67, 18]",162.71,158,13.43,0.42
07:44:35,"[156.0, 18]","[154.93, 82]","[167.53, 15]","[175.29, 21]",161.77,136,11.53,0.47
07:44:36,"[155.0, 29]","[152.0, 13]","[164.05, 21]","[166.25, 24]",159.52,87,9.05,-0.03
07:44:37,"[118.0, 15]","[110.29, 21]","[156.95, 21]","[163.8, 20]",137.48,77,38.95,-0.06
07:44:38,"[100.0, 9]","[64.0, 30]","[147.0, 18]","[149.0, 18]",123.5,75,47.0,0.04
07:44:39,"[93.86, 14]","[72.27, 22]","[146.89, 18]","[150.82, 17]",120.37,71,53.03,0.01
07:44:40,"[113.97, 33]","[99.37, 49]","[148.23, 13]","[238.67, 21]",131.1,116,34.26,0.41
07:44:41,"[152.14, 63]","[133.15, 89]","[296.57, 28]","[419.56, 18]",224.36,198,144.43,0.54
07:44:42,"[153.0, 60]","[150.0, 66]","[292.27, 15]","[482.33, 18]",222.63,159,139.27,0.58
07:44:43,"[153.0, 93]","[150.0, 110]","[453.08, 38]","[504.31, 13]",303.04,254,300.08,0.6
07:44:44,"[153.0, 42]","[150.0, 66]","[448.92, 26]","[503.54, 13]",300.96,147,295.92,0.47
07:44:45,"[153.0, 137]","[150.0, 121]","[305.91, 35]","[366.64, 28]",229.46,321,152.91,0.61
07:44:46,"[153.0, 170]","[150.0, 132]","[270.81, 36]","[295.42, 36]",211.9,374,117.81,0.61
07:44:47,"[153.0, 156]","[150.0, 143]","[276.68, 38]","[282.76, 51]",214.84,388,123.68,0.54
07:44:48,"[153.0, 68]","[150.0, 77]","[275.0, 35]","[276.0, 14]",214.0,194,122.0,0.49
07:44:49,"[153.0, 56]","[152.0, 70]","[271.24, 17]","[274.93, 29]",212.12,172,118.24,0.47
07:44:50,"[153.0, 120]","[152.0, 150]","[204.68, 47]","[243.55, 42]",178.84,359,51.68,0.5
07:44:51,"[153.0, 96]","[152.0, 120]","[185.17, 60]","[187.0, 24]",169.08,300,32.17,0.44
07:44:52,"[153.31, 68]","[152.33, 105]","[181.84, 37]","[182.57, 61]",167.57,271,28.53,0.28
07:44:53,"[153.93, 42]","[152.86, 76]","[178.45, 22]","[179.92, 24]",166.19,164,24.53,0.44
07:44:54,"[154.14, 49]","[152.21, 98]","[176.34, 32]","[177.03, 31]",165.24,210,22.2,0.4
07:44:55,"[155.0, 40]","[153.0, 30]","[174.48, 29]","[175.85, 41]",164.74,140,19.48,0.0
07:44:56,"[155.0, 48]","[153.0, 36]","[164.41, 41]","[163.41, 39]",159.71,164,9.41,0.02
07:44:57,"[155.0, 32]","[153.0, 27]","[156.14, 29]","[157.94, 17]",155.57,105,1.14,0.12
07:44:58,"[152.7, 43]","[151.78, 55]","[156.0, 55]","[197.35, 31]",154.35,184,3.3,0.07
07:44:59,"[152.04, 103]","[150.99, 89]","[155.82, 45]","[177.06, 53]",153.93,290,3.78,0.32
07:45:00,"[152.1, 73]","[151.19, 74]","[162.05, 42]","[216.47, 19]",157.07,208,9.95,0.41
07:45:01,"[152.92, 39]","[151.19, 37]","[214.27, 11]","[239.86, 14]",183.6,101,61.35,0.5
07:45:02,"[158.43, 28]","[154.91, 65]","[237.32, 25]","[300.4, 40]",197.87,158,78.89,0.18
07:45:03,"[158.0, 11]","[155.0, 55]","[307.08, 13]","[599.84, 45]",232.54,124,149.08,0.06
07:45:04,"[156.88, 16]","[153.81, 83]","[197.23, 39]","[225.73, 33]",177.05,171,40.36,0.16
07:45:05,"[155.0, 26]","[152.0, 143]","[190.54, 39]","[193.29, 49]",172.77,257,35.54,0.32
07:45:06,"[153.24, 34]","[151.83, 120]","[168.03, 34]","[247.3, 54]",160.63,242,14.79,0.27
07:45:07,"[152.11, 84]","[150.8, 75]","[167.83, 36]","[269.33, 36]",159.97,231,15.73,0.38
07:45:08,"[152.32, 25]","[151.3, 43]","[167.0, 21]","[249.38, 13]",159.66,102,14.68,0.33
07:45:09,"[152.0, 49]","[150.0, 35]","[179.27, 11]","[249.71, 21]",165.64,116,27.27,0.45
07:45:10,"[152.0, 70]","[150.0, 50]","[193.08, 38]","[239.38, 40]",172.54,198,41.08,0.21
07:45:11,"[152.76, 86]","[151.72, 106]","[192.06, 80]","[508.47, 66]",172.41,338,39.31,0.14
07:45:12,"[154.43, 14]","[153.0, 70]","[190.31, 58]","[278.67, 60]",172.37,202,35.88,-0.17
07:45:13,"[158.0, 69]","[153.24, 51]","[188.77, 47]","[189.82, 73]",173.38,240,30.77,0.0
07:45:14,"[158.0, 60]","[153.0, 60]","[186.67, 36]","[188.0, 60]",172.33,216,28.67,0.11
07:45:15,"[158.0, 45]","[153.0, 45]","[183.78, 41]","[185.97, 31]",170.89,162,25.78,0.11
07:45:16,"[158.0, 45]","[153.0, 45]","[183.0, 45]","[185.0, 27]",170.5,162,25.0,0.11
07:45:17,"[158.0, 41]","[153.2, 61]","[180.44, 48]","[183.0, 53]",169.22,203,22.44,0.0
07:45:18,"[156.71, 21]","[153.89, 27]","[173.86, 21]","[175.0, 28]",165.29,97,17.14,-0.01
07:45:19,"[155.0, 33]","[153.0, 55]","[170.83, 41]","[172.35, 34]",162.91,163,15.83,0.08
07:45:20,"[155.06, 32]","[153.06, 72]","[166.33, 49]","[167.23, 65]",160.69,218,11.26,-0.05
07:45:21,"[155.0, 18]","[153.0, 47]","[158.21, 29]","[160.08, 37]",156.6,131,3.21,-0.01
07:45:22,"[153.84, 77]","[152.72, 76]","[155.7, 37]","[157.29, 17]",154.77,207,1.86,0.48
07:45:23,"[152.23, 91]","[150.25, 118]","[154.82, 33]","[156.2, 15]",153.52,257,2.59,0.63
07:45:24,"[152.0, 127]","[150.0, 208]","[153.78, 32]","[155.27, 26]",152.89,393,1.78,0.7
07:45:25,"[152.0, 204]","[150.0, 54]","[440.13, 31]","[551.07, 45]",296.06,334,288.13,0.54
07:45:26,"[152.0, 256]","[150.0, 224]","[197.55, 69]","[267.71, 68]",174.78,617,45.55,0.56
07:45:27,"[152.53, 34]","[151.85, 190]","[162.52, 54]","[164.71, 42]",157.52,320,9.99,0.4
07:45:28,"[152.08, 122]","[150.83, 192]","[160.79, 57]","[162.72, 47]",156.44,418,8.71,0.5
07:45:29,"[152.0, 154]","[150.0, 154]","[158.32, 25]","[159.43, 49]",155.16,382,6.32,0.61
07:45:30,"[152.0, 182]","[150.0, 196]","[158.11, 38]","[294.4, 20]",155.05,436,6.11,0.73
07:45:31,"[152.82, 51]","[151.32, 117]","[158.0, 50]","[361.85, 27]",155.41,245,5.18,0.37
07:45:32,"[155.0, 20]","[152.0, 110]","[157.6, 50]","[297.49, 35]",156.3,215,2.6,0.21
07:45:33,"[153.55, 33]","[151.53, 144]","[156.25, 60]","[212.0, 36]",154.9,273,2.7,0.3
07:45:34,"[152.0, 48]","[150.0, 102]","[154.67, 30]","[181.67, 30]",153.33,210,2.67,0.43
07:45:35,"[152.0, 80]","[150.0, 221]","[153.38, 65]","[254.08, 65]",152.69,431,1.38,0.4
07:45:36,"[152.0, 30]","[150.22, 130]","[228.6, 50]","[547.2, 50]",190.3,260,76.6,0.23
07:45:37,"[152.0, 6]","[150.45, 62]","[374.5, 30]","[555.6, 20]",263.25,118,222.5,0.15
07:45:38,"[152.8, 55]","[147.31, 105]","[204.0, 65]","[508.56, 43]",178.4,268,51.2,0.19
07:45:39,"[150.0, 66]","[143.06, 32]","[166.58, 26]","[301.46, 24]",158.29,148,16.58,0.32
07:45:40,"[150.11, 70]","[148.78, 74]","[154.38, 42]","[168.92, 48]",152.25,234,4.27,0.23
07:45:41,"[150.0, 48]","[147.0, 30]","[153.0, 6]","[407.75, 20]",151.5,104,3.0,0.5
07:45:42,"[150.0, 64]","[89.75, 36]","[172.5, 12]","[205.33, 18]",161.25,130,22.5,0.54
07:45:43,"[150.06, 66]","[128.6, 43]","[201.9, 30]","[403.0, 36]",175.98,175,51.84,0.25
07:45:44,"[153.32, 34]","[150.67, 84]","[418.71, 41]","[638.11, 36]",286.02,195,265.38,0.21
07:45:45,"[158.0, 18]","[155.0, 54]","[611.37, 30]","[762.82, 33]",384.68,135,453.37,0.07
07:45:46,"[158.0, 12]","[155.0, 36]","[466.0, 18]","[666.0, 24]",312.0,90,308.0,0.07
07:45:47,"[158.0, 22]","[155.0, 66]","[524.46, 39]","[648.16, 38]",341.23,165,366.46,0.07
07:45:48,"[158.0, 12]","[155.0, 36]","[559.65, 17]","[593.35, 17]",358.82,82,401.65,0.17
07:45:49,"[152.99, 73]","[151.26, 85]","[392.97, 34]","[350.22, 54]",272.98,246,239.98,0.28
07:45:50,"[152.0, 40]","[150.38, 56]","[179.34, 35]","[180.92, 37]",165.67,168,27.34,0.14
07:45:51,"[152.54, 63]","[150.49, 69]","[174.64, 66]","[175.65, 40]",163.59,238,22.1,0.11
07:45:52,"[154.0, 51]","[153.0, 24]","[169.22, 32]","[170.88, 40]",161.61,147,15.22,0.02
07:45:53,"[154.85, 53]","[153.76, 42]","[167.4, 43]","[168.04, 23]",161.12,161,12.55,0.18
07:45:54,"[155.29, 35]","[154.0, 28]","[164.43, 7]","[167.0, 35]",159.86,105,9.14,0.2
07:45:55,"[156.6, 50]","[154.0, 40]","[164.0, 10]","[167.0, 50]",160.3,150,7.4,0.2
07:45:56,"[158.0, 50]","[154.33, 36]","[162.65, 23]","[165.56, 32]",160.33,141,4.65,0.22
07:45:57,"[157.8, 41]","[155.4, 30]","[159.25, 53]","[160.77, 44]",158.53,168,1.44,-0.15
07:45:58,"[154.38, 32]","[153.36, 22]","[157.45, 33]","[160.89, 45]",155.91,132,3.08,-0.18
07:45:59,"[154.0, 16]","[153.0, 16]","[157.0, 24]","[158.0, 40]",155.5,96,3.0,-0.33
07:46:00,"[154.0, 14]","[153.0, 14]","[157.0, 21]","[158.0, 35]",155.5,84,3.0,-0.33
07:46:01,"[153.88, 16]","[152.67, 21]","[155.38, 40]","[161.64, 25]",154.62,102,1.5,-0.27
07:46:02,"[152.18, 68]","[150.77, 65]","[154.86, 42]","[175.23, 52]",153.52,227,2.68,0.17
07:46:03,"[152.67, 36]","[151.8, 30]","[196.08, 24]","[244.27, 41]",174.38,131,43.42,0.01
07:46:04,"[150.21, 19]","[149.32, 31]","[263.62, 39]","[403.03, 39]",206.91,128,113.4,-0.22
07:46:05,"[105.43, 14]","[109.46, 26]","[252.38, 29]","[372.7, 27]",178.9,96,146.95,-0.17
07:46:06,"[133.71, 21]","[107.38, 26]","[187.67, 12]","[246.13, 31]",160.69,90,53.95,0.04
07:46:07,"[149.55, 22]","[146.83, 24]","[265.12, 40]","[450.72, 36]",207.34,122,115.58,-0.25
07:46:08,"[152.07, 15]","[150.25, 16]","[280.62, 8]","[282.0, 8]",216.35,47,128.56,0.32
07:46:09,"[153.0, 18]","[150.0, 16]","[279.25, 8]","[293.61, 23]",216.12,65,126.25,0.05
07:46:10,"[129.85, 33]","[106.73, 26]","[237.16, 49]","[378.39, 33]",183.51,141,107.31,-0.16
07:46:11,"[117.34, 38]","[75.39, 46]","[390.11, 45]","[441.89, 18]",253.73,147,272.77,0.14
07:46:12,"[145.29, 17]","[138.48, 31]","[222.61, 28]","[248.73, 37]",183.95,113,77.31,-0.15
07:46:13,"[155.71, 42]","[154.75, 32]","[220.08, 36]","[224.0, 48]",187.9,158,64.37,-0.06
07:46:14,"[155.0, 90]","[154.0, 15]","[218.8, 45]","[252.32, 50]",186.9,200,63.8,0.05
07:46:15,"[155.0, 54]","[154.0, 9]","[215.89, 27]","[217.33, 27]",185.44,117,60.89,0.08
07:46:16,"[155.0, 78]","[154.0, 13]","[212.23, 39]","[213.46, 39]",183.62,169,57.23,0.08
07:46:17,"[155.0, 51]","[154.0, 11]","[208.45, 33]","[209.55, 33]",181.73,128,53.45,-0.03
07:46:18,"[155.0, 12]","[154.0, 12]","[204.58, 36]","[208.33, 36]",179.79,96,49.58,-0.5
07:46:19,"[151.84, 19]","[149.43, 35]","[177.14, 42]","[187.0, 42]",164.49,138,25.3,-0.22
07:46:20,"[155.0, 13]","[153.0, 50]","[172.62, 39]","[177.54, 39]",163.81,141,17.62,-0.11
07:46:21,"[155.0, 14]","[152.91, 88]","[168.21, 42]","[170.07, 42]",161.61,186,13.21,0.1
07:46:22,"[152.45, 47]","[151.21, 76]","[165.29, 51]","[166.47, 51]",158.87,225,12.85,0.09
07:46:23,"[152.72, 50]","[143.33, 51]","[161.88, 48]","[164.0, 48]",157.3,197,9.16,0.03
07:46:24,"[151.23, 62]","[129.5, 36]","[159.05, 38]","[160.86, 42]",155.14,178,7.83,0.1
07:46:25,"[152.0, 62]","[149.0, 26]","[156.13, 15]","[157.46, 37]",154.07,140,4.13,0.26
07:46:26,"[152.0, 40]","[149.0, 24]","[155.24, 34]","[173.8, 30]",153.62,128,3.24,0.0
07:46:27,"[154.73, 11]","[152.55, 22]","[186.29, 21]","[257.92, 13]",170.51,67,31.56,-0.01
07:46:28,"[159.71, 21]","[155.71, 21]","[200.47, 38]","[268.62, 32]",180.09,112,40.76,-0.25
07:46:29,"[160.0, 14]","[158.0, 7]","[248.13, 23]","[280.73, 11]",204.07,55,88.13,-0.24
07:46:30,"[158.0, 8]","[154.0, 32]","[199.1, 20]","[257.61, 18]",178.55,78,41.1,0.03
07:46:31,"[158.0, 5]","[154.0, 20]","[182.0, 5]","[262.3, 23]",170.0,53,24.0,-0.06
07:46:32,"[158.0, 12]","[154.0, 48]","[305.11, 37]","[443.51, 39]",231.55,136,147.11,-0.12
07:46:33,"[158.0, 13]","[154.0, 52]","[332.73, 52]","[389.83, 41]",245.37,158,174.73,-0.18
07:46:34,"[154.28, 43]","[153.15, 82]","[211.13, 46]","[212.19, 59]",182.7,230,56.85,0.09
07:46:35,"[154.0, 36]","[153.0, 63]","[200.83, 29]","[207.0, 32]",177.41,160,46.83,0.24
07:46:36,"[154.0, 44]","[153.0, 77]","[184.71, 35]","[193.09, 33]",169.36,189,30.71,0.28
07:46:37,"[153.34, 82]","[152.44, 112]","[180.05, 59]","[188.59, 51]",166.7,304,26.71,0.28
07:46:38,"[153.0, 60]","[152.0, 73]","[160.65, 34]","[164.26, 39]",156.82,206,7.65,0.29
07:46:39,"[153.0, 54]","[152.0, 95]","[154.74, 34]","[156.05, 38]",153.87,221,1.74,0.35
07:46:40,"[152.8, 66]","[151.79, 78]","[169.18, 38]","[208.13, 23]",160.99,205,16.38,0.4
07:46:41,"[155.06, 80]","[152.0, 112]","[250.38, 55]","[469.22, 46]",202.72,293,95.32,0.31
07:46:42,"[154.17, 71]","[151.73, 75]","[283.72, 29]","[275.07, 61]",218.95,236,129.56,0.24
07:46:43,"[156.0, 45]","[153.62, 65]","[232.0, 33]","[410.9, 29]",194.0,172,76.0,0.28
07:46:44,"[155.0, 60]","[152.0, 60]","[233.44, 39]","[472.87, 45]",194.22,204,78.44,0.18
07:46:45,"[155.0, 55]","[152.0, 66]","[199.93, 29]","[596.0, 27]",177.47,177,44.93,0.37
07:46:46,"[155.0, 50]","[152.67, 36]","[225.2, 10]","[524.72, 18]",190.1,114,70.2,0.51
07:46:47,"[155.0, 30]","[152.35, 34]","[212.0, 6]","[618.8, 15]",183.5,85,57.0,0.51
07:46:48,"[155.0, 30]","[152.03, 91]","[197.52, 21]","[299.78, 9]",176.26,151,42.52,0.6
07:46:49,"[152.6, 50]","[151.66, 35]","[190.1, 29]","[194.27, 30]",171.35,144,37.5,0.18
07:46:50,"[152.38, 64]","[151.05, 38]","[189.0, 24]","[254.0, 10]",170.69,136,36.62,0.5
07:46:51,"[158.0, 24]","[152.0, 120]","[193.73, 33]","[284.62, 26]",175.86,203,35.73,0.42
07:46:52,"[158.0, 14]","[152.0, 70]","[197.0, 14]","[398.53, 19]",177.5,117,39.0,0.44
07:46:53,"[158.0, 14]","[152.0, 70]","[197.0, 14]","[521.0, 13]",177.5,111,39.0,0.51
07:46:54,"[158.0, 22]","[152.19, 96]","[196.09, 22]","[219.84, 19]",177.05,159,38.09,0.48
07:46:55,"[159.48, 27]","[153.64, 73]","[193.75, 32]","[202.17, 36]",176.62,168,34.27,0.19
07:46:56,"[158.0, 6]","[152.0, 54]","[192.0, 12]","[194.0, 12]",175.0,84,34.0,0.43
07:46:57,"[158.0, 9]","[152.0, 81]","[190.44, 18]","[194.0, 18]",174.22,126,32.44,0.43
07:46:58,"[157.4, 10]","[152.55, 66]","[189.0, 20]","[191.6, 20]",173.2,116,31.6,0.31
07:46:59,"[153.17, 24]","[151.87, 92]","[183.69, 45]","[185.44, 39]",168.43,200,30.52,0.16
07:47:00,"[153.92, 12]","[152.44, 54]","[181.74, 31]","[182.88, 32]",167.83,129,27.83,0.02
07:47:01,"[154.6, 20]","[153.16, 38]","[177.06, 34]","[177.74, 23]",165.83,115,22.46,0.01
07:47:02,"[155.51, 39]","[154.62, 24]","[173.83, 54]","[174.39, 28]",164.67,145,18.32,-0.13
07:47:03,"[153.28, 50]","[150.91, 66]","[168.61, 38]","[169.79, 34]",160.94,188,15.33,0.23
07:47:04,"[152.22, 45]","[150.11, 70]","[161.75, 28]","[164.31, 36]",156.99,179,9.53,0.28
07:47:05,"[153.0, 45]","[152.0, 18]","[158.46, 39]","[160.25, 16]",155.73,118,5.46,0.07
07:47:06,"[153.0, 15]","[152.0, 6]","[158.0, 15]","[160.0, 6]",155.5,42,5.0,0.0
07:47:07,"[152.17, 29]","[150.06, 62]","[156.09, 45]","[157.2, 35]",154.13,171,3.92,0.06
07:47:08,"[150.44, 45]","[149.78, 32]","[153.17, 12]","[155.0, 64]",151.81,153,2.72,0.01
07:47:09,"[149.98, 42]","[146.07, 15]","[152.67, 18]","[155.08, 66]",151.32,141,2.69,-0.19
07:47:10,"[149.5, 12]","[128.05, 21]","[154.18, 55]","[179.64, 11]",151.84,99,4.68,-0.33
07:47:11,"[156.2, 50]","[150.65, 34]","[210.88, 40]","[307.79, 14]",183.54,138,54.68,0.22
07:47:12,"[158.0, 45]","[153.83, 24]","[246.89, 27]","[259.55, 11]",202.44,107,88.89,0.29
07:47:13,"[158.0, 41]","[148.0, 44]","[229.53, 17]","[246.44, 27]",193.76,129,71.53,0.32
07:47:14,"[150.82, 17]","[121.11, 56]","[235.54, 26]","[245.17, 36]",193.18,135,84.71,0.08
07:47:15,"[156.0, 33]","[155.0, 58]","[196.22, 27]","[240.45, 33]",176.11,151,40.22,0.21
07:47:16,"[156.0, 15]","[155.0, 54]","[194.73, 45]","[198.77, 39]",175.37,153,38.73,-0.1
07:47:17,"[157.0, 10]","[155.0, 25]","[191.5, 30]","[193.5, 30]",174.25,95,34.5,-0.26
07:47:18,"[155.44, 32]","[154.83, 59]","[188.85, 34]","[190.83, 36]",172.15,161,33.42,0.13
07:47:19,"[155.0, 55]","[154.0, 22]","[180.37, 19]","[189.4, 25]",167.68,121,25.37,0.27
07:47:20,"[155.0, 45]","[154.0, 24]","[177.17, 36]","[190.0, 30]",166.08,135,22.17,0.02
07:47:21,"[154.69, 13]","[152.72, 50]","[174.0, 33]","[189.45, 33]",164.35,129,19.31,-0.02
07:47:22,"[157.33, 18]","[152.27, 74]","[169.61, 23]","[172.0, 15]",163.47,130,12.28,0.42
07:47:23,"[160.0, 26]","[154.0, 26]","[168.23, 39]","[169.09, 33]",164.12,124,8.23,-0.16
07:47:24,"[160.0, 22]","[157.56, 54]","[166.0, 33]","[167.36, 33]",163.0,142,6.0,0.07
07:47:25,"[160.0, 18]","[158.0, 54]","[163.33, 27]","[165.44, 27]",161.67,126,3.33,0.14
07:47:26,"[159.6, 30]","[157.9, 80]","[161.36, 42]","[191.3, 44]",160.48,196,1.76,0.12
07:47:27,"[158.0, 36]","[154.0, 12]","[159.88, 17]","[383.04, 24]",158.94,89,1.88,0.08
07:47:28,"[158.0, 50]","[154.0, 24]","[159.26, 35]","[306.23, 22]",158.63,131,1.26,0.13
07:47:29,"[158.0, 29]","[154.0, 16]","[230.15, 26]","[428.55, 29]",194.08,100,72.15,-0.1
07:47:30,"[158.0, 9]","[154.0, 18]","[193.0, 9]","[604.07, 30]",175.5,66,35.0,-0.18
07:47:31,"[159.09, 33]","[152.5, 88]","[168.85, 41]","[377.31, 51]",163.97,213,9.76,0.14
07:47:32,"[160.0, 117]","[158.0, 13]","[191.15, 65]","[192.05, 21]",175.58,216,31.15,0.2
07:47:33,"[160.0, 89]","[158.0, 11]","[189.0, 55]","[191.0, 55]",174.5,210,29.0,-0.05
07:47:34,"[160.0, 62]","[158.0, 14]","[187.86, 70]","[190.57, 70]",173.93,216,27.86,-0.3
07:47:35,"[156.0, 96]","[154.69, 78]","[185.39, 62]","[186.57, 70]",170.69,306,29.39,0.14
07:47:36,"[159.0, 36]","[155.0, 81]","[181.67, 45]","[182.55, 33]",170.33,195,22.67,0.2
07:47:37,"[155.67, 96]","[154.55, 66]","[178.93, 70]","[180.43, 70]",167.3,302,23.26,0.07
07:47:38,"[155.0, 88]","[154.0, 33]","[174.25, 51]","[177.36, 55]",164.63,227,19.25,0.07
07:47:39,"[155.0, 80]","[154.0, 30]","[169.55, 40]","[170.22, 40]",162.28,190,14.55,0.16
07:47:40,"[155.0, 48]","[154.0, 18]","[166.11, 28]","[167.5, 20]",160.55,114,11.11,0.16
07:47:41,"[155.0, 126]","[154.0, 48]","[162.73, 78]","[163.85, 74]",158.87,326,7.73,0.07
07:47:42,"[154.96, 106]","[153.73, 83]","[157.47, 68]","[158.42, 96]",156.22,353,2.51,0.07
07:47:43,"[153.27, 49]","[151.98, 123]","[155.18, 49]","[157.06, 33]",154.22,254,1.92,0.35
07:47:44,"[152.0, 117]","[150.24, 37]","[154.2, 55]","[155.66, 35]",153.1,244,2.2,0.26
07:47:45,"[152.0, 96]","[150.53, 104]","[154.32, 34]","[229.3, 30]",153.16,264,2.32,0.52
07:47:46,"[152.0, 29]","[151.0, 143]","[313.32, 31]","[357.1, 40]",232.66,243,161.32,0.42
07:47:47,"[152.43, 7]","[151.02, 45]","[360.0, 20]","[456.0, 10]",256.21,82,207.57,0.27
07:47:48,"[153.88, 16]","[152.0, 8]","[403.64, 22]","[456.62, 16]",278.76,62,249.76,-0.23
07:47:49,"[154.0, 22]","[152.0, 11]","[455.43, 14]","[456.27, 22]",304.71,69,301.43,-0.04
07:47:50,"[154.0, 30]","[152.0, 15]","[378.76, 17]","[468.77, 35]",266.38,97,224.76,-0.07
07:47:51,"[151.32, 53]","[150.82, 150]","[194.12, 16]","[396.34, 67]",172.72,286,42.8,0.42
07:47:52,"[152.19, 105]","[150.35, 86]","[194.0, 11]","[360.12, 34]",173.1,236,41.81,0.62
07:47:53,"[156.0, 88]","[151.0, 110]","[192.64, 11]","[439.45, 22]",174.32,231,36.64,0.71
07:47:54,"[156.0, 104]","[152.09, 22]","[190.15, 13]","[284.94, 16]",173.08,155,34.15,0.63
07:47:55,"[156.0, 72]","[153.0, 9]","[187.33, 9]","[189.11, 9]",171.67,99,31.33,0.64
07:47:56,"[156.29, 124]","[154.6, 30]","[184.39, 23]","[185.28, 25]",170.34,202,28.1,0.52
07:47:57,"[159.0, 82]","[156.0, 88]","[181.0, 17]","[184.25, 16]",170.0,203,22.0,0.67
07:47:58,"[159.0, 104]","[156.0, 104]","[177.0, 24]","[178.6, 15]",168.0,247,18.0,0.68
07:47:59,"[159.0, 152]","[156.0, 152]","[172.9, 20]","[175.15, 27]",165.95,351,13.9,0.73
07:48:00,"[159.0, 83]","[156.0, 104]","[169.07, 14]","[170.67, 21]",164.04,222,10.07,0.68
07:48:01,"[159.0, 85]","[156.0, 136]","[165.88, 24]","[167.42, 19]",162.44,264,6.88,0.67
07:48:02,"[159.0, 49]","[156.0, 96]","[161.25, 16]","[191.55, 22]",160.12,183,2.25,0.58
07:48:03,"[159.0, 30]","[156.0, 120]","[161.0, 15]","[265.46, 28]",160.0,193,2.0,0.55
07:48:04,"[159.0, 15]","[156.0, 88]","[199.08, 12]","[333.14, 28]",179.04,143,40.08,0.44
07:48:05,"[159.0, 15]","[156.0, 211]","[209.0, 15]","[370.87, 75]",184.0,316,50.0,0.43
07:48:06,"[159.0, 7]","[156.0, 105]","[184.83, 12]","[317.0, 15]",171.92,139,25.83,0.61
07:48:07,"[159.0, 11]","[156.42, 155]","[201.23, 48]","[302.0, 12]",180.11,226,42.23,0.47
07:48:08,"[159.0, 13]","[156.28, 187]","[221.98, 58]","[374.56, 25]",190.49,283,62.98,0.41
07:48:09,"[159.0, 9]","[156.0, 135]","[203.0, 9]","[344.0, 45]",181.0,198,44.0,0.45
07:48:10,"[156.35, 51]","[155.94, 96]","[199.64, 11]","[275.42, 24]",177.99,182,43.28,0.62
07:48:11,"[156.0, 90]","[155.0, 12]","[161.2, 10]","[203.5, 8]",158.6,120,5.2,0.7
07:48:12,"[156.0, 225]","[155.0, 30]","[159.2, 30]","[278.71, 17]",157.6,302,3.2,0.69
07:48:13,"[156.0, 105]","[155.0, 14]","[157.86, 14]","[217.0, 14]",156.93,147,1.86,0.62
07:48:14,"[156.8, 50]","[155.97, 124]","[299.77, 13]","[348.28, 29]",228.28,216,142.97,0.61
07:48:15,"[156.14, 71]","[155.86, 87]","[465.44, 27]","[556.87, 31]",310.79,216,309.3,0.46
07:48:16,"[156.0, 102]","[155.0, 20]","[383.33, 18]","[435.2, 20]",269.67,160,227.33,0.53
07:48:17,"[156.0, 66]","[155.0, 18]","[368.22, 18]","[500.88, 33]",262.11,135,212.22,0.24
07:48:18,"[157.33, 30]","[155.53, 30]","[297.98, 60]","[510.33, 36]",227.66,156,140.65,-0.23
07:48:19,"[153.6, 40]","[152.78, 92]","[165.76, 63]","[189.09, 64]",159.68,259,12.16,0.02
07:48:20,"[155.23, 26]","[153.08, 50]","[161.02, 49]","[162.57, 42]",158.13,167,5.79,-0.09
07:48:21,"[156.36, 22]","[153.59, 34]","[159.91, 44]","[162.0, 33]",158.14,133,3.55,-0.16
07:48:22,"[153.69, 64]","[152.91, 68]","[157.21, 56]","[158.32, 63]",155.45,251,3.53,0.05
07:48:23,"[152.9, 50]","[150.82, 17]","[154.76, 34]","[156.25, 40]",153.83,141,1.86,-0.05
07:48:24,"[152.89, 57]","[150.8, 20]","[153.88, 34]","[236.93, 41]",153.39,152,0.99,0.01
07:48:25,"[150.92, 39]","[113.47, 32]","[266.84, 56]","[346.38, 37]",208.88,164,115.92,-0.13
07:48:26,"[101.02, 41]","[89.37, 30]","[322.25, 24]","[381.96, 23]",211.64,118,221.23,0.2
07:48:27,"[97.88, 56]","[75.0, 8]","[308.82, 33]","[439.37, 27]",203.35,124,210.94,0.03
07:48:28,"[121.11, 28]","[94.92, 40]","[183.0, 40]","[331.0, 32]",152.05,140,61.89,-0.03
07:48:29,"[86.5, 30]","[40.0, 42]","[182.38, 26]","[225.29, 28]",134.44,126,95.88,0.14
07:48:30,"[113.08, 39]","[94.97, 29]","[181.73, 11]","[182.45, 22]",147.4,101,68.65,0.35
07:48:31,"[121.0, 63]","[100.29, 49]","[179.86, 7]","[182.0, 28]",150.43,147,58.86,0.52
07:48:32,"[114.91, 97]","[94.16, 103]","[177.96, 24]","[180.65, 51]",146.43,275,63.05,0.45
07:48:33,"[54.91, 70]","[39.21, 78]","[174.31, 16]","[175.18, 34]",114.61,198,119.4,0.49
07:48:34,"[154.94, 48]","[83.32, 19]","[171.71, 17]","[173.89, 38]",163.32,122,16.77,0.1
07:48:35,"[155.0, 12]","[152.0, 12]","[169.75, 48]","[172.0, 12]",162.38,84,14.75,-0.43
07:48:36,"[153.5, 10]","[97.1, 50]","[166.0, 25]","[167.28, 25]",159.75,110,12.5,0.09
07:48:37,"[154.25, 16]","[121.03, 60]","[163.04, 27]","[163.33, 33]",158.64,136,8.79,0.12
07:48:38,"[158.65, 31]","[154.67, 27]","[243.2, 40]","[395.14, 14]",200.92,112,84.55,0.04
07:48:39,"[158.0, 39]","[154.48, 29]","[280.8, 20]","[389.64, 25]",219.4,113,122.8,0.2
07:48:40,"[155.67, 30]","[154.77, 26]","[269.91, 22]","[271.29, 14]",212.79,92,114.24,0.22
07:48:41,"[153.0, 47]","[152.0, 11]","[267.08, 49]","[268.25, 24]",210.04,131,114.08,-0.11
07:48:42,"[153.0, 56]","[152.0, 38]","[243.53, 45]","[262.16, 56]",198.27,195,90.53,-0.04
07:48:43,"[153.0, 34]","[152.0, 99]","[200.18, 49]","[218.11, 37]",176.59,219,47.18,0.21
07:48:44,"[152.08, 78]","[151.27, 99]","[199.62, 48]","[200.38, 48]",175.85,273,47.55,0.3
07:48:45,"[153.54, 82]","[151.55, 88]","[190.28, 25]","[194.21, 39]",171.91,234,36.74,0.45
07:48:46,"[155.0, 119]","[152.0, 136]","[176.75, 59]","[178.27, 49]",165.87,363,21.75,0.4
07:48:47,"[152.82, 121]","[151.39, 144]","[170.79, 57]","[171.89, 44]",161.8,366,17.97,0.45
07:48:48,"[155.0, 19]","[152.0, 120]","[167.31, 49]","[168.02, 50]",161.15,238,12.31,0.17
